{"id":"gen9vgc2023regulatione-1994908991","p1":"Doodledestroyer2","p2":"brunikolas","format":"[Gen 9] VGC 2023 Regulation E","log":"|j|\u2606Doodledestroyer2\n|j|\u2606brunikolas\n|t:|1700503758\n|gametype|doubles\n|player|p1|Doodledestroyer2|169|1114\n|player|p2|brunikolas|169|1047\n|teamsize|p1|6\n|teamsize|p2|6\n|gen|9\n|tier|[Gen 9] VGC 2023 Regulation E\n|rated|\n|rule|Species Clause: Limit one of each Pok\u00e9mon\n|rule|Item Clause: Limit one of each item\n|clearpoke\n|poke|p1|Dipplin, L50, F|\n|poke|p1|Chien-Pao, L50|\n|poke|p1|Palafin, L50, M|\n|poke|p1|Okidogi, L50, M|\n|poke|p1|Flutter Mane, L50|\n|poke|p1|Shiftry, L50, F|\n|poke|p2|Slaking, L50, F|\n|poke|p2|Weezing-Galar, L50, M|\n|poke|p2|Zoroark-Hisui, L50, F|\n|poke|p2|Iron Hands, L50|\n|poke|p2|Flutter Mane, L50|\n|poke|p2|Roaring Moon, L50|\n|teampreview|4\n|\n|t:|1700503799\n|start\n|switch|p1a: Shiftry|Shiftry, L50, F|100\/100\n|switch|p1b: Chien-Pao|Chien-Pao, L50|100\/100\n|switch|p2a: Slaking|Slaking, L50, F|100\/100\n|switch|p2b: Weezing|Weezing-Galar, L50, M|100\/100\n|-ability|p2b: Weezing|Neutralizing Gas\n|turn|1\n|\n|t:|1700503828\n|move|p1a: Shiftry|Fake Out|p2a: Slaking\n|-damage|p2a: Slaking|90\/100\n|cant|p2a: Slaking|flinch\n|move|p1b: Chien-Pao|Icicle Crash|p2b: Weezing|[miss]\n|-miss|p1b: Chien-Pao|p2b: Weezing\n|move|p2b: Weezing|Dazzling Gleam|p1a: Shiftry|[spread] p1a,p1b\n|-supereffective|p1a: Shiftry\n|-supereffective|p1b: Chien-Pao\n|-damage|p1a: Shiftry|43\/100\n|-damage|p1b: Chien-Pao|43\/100\n|\n|upkeep\n|turn|2\n|\n|t:|1700503851\n|-terastallize|p1b: Chien-Pao|Fire\n|move|p2a: Slaking|Drain Punch|p1a: Shiftry\n|-supereffective|p1a: Shiftry\n|-damage|p1a: Shiftry|0 fnt\n|-heal|p2a: Slaking|100\/100|[from] drain|[of] p1a: Shiftry\n|faint|p1a: Shiftry\n|move|p1b: Chien-Pao|Tera Blast|p2b: Weezing|[anim] Tera Blast Fire\n|-damage|p2b: Weezing|61\/100\n|-damage|p1b: Chien-Pao|33\/100|[from] item: Life Orb\n|move|p2b: Weezing|Dazzling Gleam|p1b: Chien-Pao\n|-resisted|p1b: Chien-Pao\n|-damage|p1b: Chien-Pao|15\/100\n|\n|-heal|p2b: Weezing|67\/100|[from] item: Leftovers\n|upkeep\n|\n|t:|1700503856\n|switch|p1a: Dipplin|Dipplin, L50, F|100\/100\n|turn|3\n|\n|t:|1700503878\n|switch|p2a: Flutter Mane|Flutter Mane, L50|100\/100\n|move|p1b: Chien-Pao|Icicle Crash|p2b: Weezing\n|-crit|p2b: Weezing\n|-damage|p2b: Weezing|0 fnt\n|faint|p2b: Weezing\n|-end|p2b: Weezing|ability: Neutralizing Gas\n|-ability|p1b: Chien-Pao|Sword of Ruin\n|-ability|p1a: Dipplin|Supersweet Syrup\n|-ability|p1a: Dipplin|Supersweet Syrup|boost\n|-unboost|p2a: Flutter Mane|evasion|1\n|-damage|p1b: Chien-Pao|5\/100|[from] item: Life Orb\n|move|p1a: Dipplin|Syrup Bomb|p2a: Flutter Mane\n|-damage|p2a: Flutter Mane|79\/100\n|-start|p2a: Flutter Mane|Syrup Bomb\n|\n|-unboost|p2a: Flutter Mane|spe|1\n|upkeep\n|\n|t:|1700503895\n|switch|p2b: Iron Hands|Iron Hands, L50|100\/100\n|turn|4\n|\n|t:|1700503906\n|move|p1b: Chien-Pao|Protect|p1b: Chien-Pao\n|-singleturn|p1b: Chien-Pao|Protect\n|move|p2b: Iron Hands|Fake Out|p1b: Chien-Pao\n|-activate|p1b: Chien-Pao|move: Protect\n|move|p2a: Flutter Mane|Moonblast|p1a: Dipplin\n|-supereffective|p1a: Dipplin\n|-damage|p1a: Dipplin|6\/100\n|-damage|p2a: Flutter Mane|69\/100|[from] item: Life Orb\n|move|p1a: Dipplin|Syrup Bomb|p2b: Iron Hands\n|-damage|p2b: Iron Hands|89\/100\n|-start|p2b: Iron Hands|Syrup Bomb\n|\n|-unboost|p2a: Flutter Mane|spe|1\n|-unboost|p2b: Iron Hands|spe|1\n|upkeep\n|turn|5\n|\n|t:|1700503926\n|move|p1b: Chien-Pao|Icicle Crash|p2a: Flutter Mane\n|-crit|p2a: Flutter Mane\n|-damage|p2a: Flutter Mane|0 fnt\n|faint|p2a: Flutter Mane\n|-end|p2a: Flutter Mane|Protosynthesis|[silent]\n|-damage|p1b: Chien-Pao|0 fnt|[from] item: Life Orb\n|faint|p1b: Chien-Pao\n|move|p1a: Dipplin|Recover|p1a: Dipplin\n|-heal|p1a: Dipplin|56\/100\n|move|p2b: Iron Hands|Drain Punch|p1a: Dipplin\n|-damage|p1a: Dipplin|33\/100\n|-heal|p2b: Iron Hands|96\/100|[from] drain|[of] p1a: Dipplin\n|\n|-unboost|p2b: Iron Hands|spe|1\n|upkeep\n|\n|t:|1700503939\n|switch|p1b: Okidogi|Okidogi, L50, M|100\/100\n|switch|p2a: Slaking|Slaking, L50, F|100\/100\n|turn|6\n|\n|t:|1700503953\n|move|p2a: Slaking|Giga Impact|p1b: Okidogi\n|-damage|p1b: Okidogi|23\/100\n|-mustrecharge|p2a: Slaking\n|move|p1b: Okidogi|High Horsepower|p2b: Iron Hands\n|-supereffective|p2b: Iron Hands\n|-damage|p2b: Iron Hands|53\/100\n|move|p1a: Dipplin|Recover|p1a: Dipplin\n|-heal|p1a: Dipplin|83\/100\n|move|p2b: Iron Hands|Ice Punch|p1a: Dipplin\n|-supereffective|p1a: Dipplin\n|-damage|p1a: Dipplin|21\/100\n|\n|-unboost|p2b: Iron Hands|spe|1\n|upkeep\n|turn|7\n|\n|t:|1700503969\n|cant|p2a: Slaking|recharge\n|move|p1b: Okidogi|Drain Punch|p2a: Slaking\n|-supereffective|p2a: Slaking\n|-damage|p2a: Slaking|29\/100\n|-heal|p1b: Okidogi|68\/100|[from] drain|[of] p2a: Slaking\n|move|p1a: Dipplin|Pollen Puff|p1b: Okidogi\n|-heal|p1b: Okidogi|100\/100\n|move|p2b: Iron Hands|Ice Punch|p1a: Dipplin\n|-supereffective|p1a: Dipplin\n|-damage|p1a: Dipplin|0 fnt\n|faint|p1a: Dipplin\n|\n|-end|p2b: Iron Hands|Syrup Bomb|[silent]\n|upkeep\n|turn|8\n|\n|t:|1700503995\n|-terastallize|p2a: Slaking|Normal\n|move|p2a: Slaking|Giga Impact|p1b: Okidogi\n|-damage|p1b: Okidogi|0 fnt\n|-mustrecharge|p2a: Slaking\n|faint|p1b: Okidogi\n|\n|win|brunikolas\n|raw|Doodledestroyer2's rating: 1114 &rarr; <strong>1084<\/strong><br \/>(-30 for losing)\n|raw|brunikolas's rating: 1047 &rarr; <strong>1086<\/strong><br \/>(+39 for winning)\n|l|\u2606Doodledestroyer2\n","uploadtime":1700504010,"views":6,"p1id":"doodledestroyer2","p2id":"brunikolas","formatid":"gen9vgc2023regulatione","rating":1084,"private":0,"password":""}