{"id":"gen9vgc2023regulatione-1999322482","p1":"LasermanZ111","p2":"Kr3amer","format":"[Gen 9] VGC 2023 Regulation E","log":"|j|\u2606LasermanZ111\n|j|\u2606Kr3amer\n|t:|1701060178\n|gametype|doubles\n|player|p1|LasermanZ111|ash|1128\n|player|p2|Kr3amer|rosa|1059\n|teamsize|p1|6\n|teamsize|p2|6\n|gen|9\n|tier|[Gen 9] VGC 2023 Regulation E\n|rated|\n|rule|Species Clause: Limit one of each Pok\u00e9mon\n|rule|Item Clause: Limit one of each item\n|clearpoke\n|poke|p1|Empoleon, L50, M|\n|poke|p1|Zapdos, L50|\n|poke|p1|Rillaboom, L50, M|\n|poke|p1|Chi-Yu, L50|\n|poke|p1|Flutter Mane, L50|\n|poke|p1|Garchomp, L50, M|\n|poke|p2|Gastrodon, L50, F|\n|poke|p2|Articuno-Galar, L50|\n|poke|p2|Gothitelle, L50, F|\n|poke|p2|Torkoal, L50, M|\n|poke|p2|Garganacl, L50, F|\n|poke|p2|Brute Bonnet, L50|\n|teampreview|4\nLasermanZ111 has agreed to open team sheets.\nKr3amer rejected open team sheets.\n|c|\u2606LasermanZ111|wow\n|\n|t:|1701060299\n|start\n|switch|p1a: Chi-Yu|Chi-Yu, L50|100\/100\n|switch|p1b: Flutter Mane|Flutter Mane, L50, shiny|100\/100\n|switch|p2a: Gassy|Gastrodon, L50, F|100\/100\n|switch|p2b: Articuno|Articuno-Galar, L50|100\/100\n|-ability|p1a: Chi-Yu|Beads of Ruin\n|-enditem|p1b: Flutter Mane|Booster Energy\n|-activate|p1b: Flutter Mane|ability: Protosynthesis|[fromitem]\n|-start|p1b: Flutter Mane|protosynthesisspe\n|turn|1\n|\n|t:|1701060335\n|move|p1b: Flutter Mane|Shadow Ball|p2b: Articuno\n|-supereffective|p2b: Articuno\n|-damage|p2b: Articuno|29\/100\n|move|p1a: Chi-Yu|Dark Pulse|p2b: Articuno\n|-supereffective|p2b: Articuno\n|-damage|p2b: Articuno|0 fnt\n|faint|p2b: Articuno\n|move|p2a: Gassy|Muddy Water|p1b: Flutter Mane|[spread] p1a,p1b\n|-supereffective|p1a: Chi-Yu\n|-damage|p1a: Chi-Yu|53\/100\n|-damage|p1b: Flutter Mane|70\/100\n|\n|upkeep\n|\n|t:|1701060347\n|switch|p2b: Garganacl|Garganacl, L50, F|100\/100\n|turn|2\n|\n|t:|1701060379\n|switch|p1a: Rillaboom|Rillaboom, L50, M|100\/100\n|-fieldstart|move: Grassy Terrain|[from] ability: Grassy Surge|[of] p1a: Rillaboom\n|move|p1b: Flutter Mane|Protect|p1b: Flutter Mane\n|-singleturn|p1b: Flutter Mane|Protect\n|move|p2a: Gassy|Muddy Water|p1a: Rillaboom|[spread] p1a\n|-activate|p1b: Flutter Mane|move: Protect\n|-resisted|p1a: Rillaboom\n|-damage|p1a: Rillaboom|92\/100\n|-unboost|p1a: Rillaboom|accuracy|1\n|move|p2b: Garganacl|Salt Cure|p1b: Flutter Mane\n|-activate|p1b: Flutter Mane|move: Protect\n|\n|-heal|p1b: Flutter Mane|76\/100|[from] Grassy Terrain\n|-heal|p1a: Rillaboom|98\/100|[from] Grassy Terrain\n|upkeep\n|turn|3\n|\n|t:|1701060405\n|-terastallize|p2a: Gassy|Fire\n|move|p2b: Garganacl|Protect|p2b: Garganacl\n|-singleturn|p2b: Garganacl|Protect\n|move|p1a: Rillaboom|Grassy Glide|p2a: Gassy|[miss]\n|-miss|p1a: Rillaboom|p2a: Gassy\n|move|p1b: Flutter Mane|Moonblast|p2b: Garganacl\n|-activate|p2b: Garganacl|move: Protect\n|move|p2a: Gassy|Sludge Bomb|p1a: Rillaboom\n|-supereffective|p1a: Rillaboom\n|-damage|p1a: Rillaboom|69\/100\n|-status|p1a: Rillaboom|psn\n|\n|-heal|p1b: Flutter Mane|82\/100|[from] Grassy Terrain\n|-heal|p1a: Rillaboom|75\/100 psn|[from] Grassy Terrain\n|-damage|p1a: Rillaboom|63\/100 psn|[from] psn\n|upkeep\n|turn|4\n|\n|t:|1701060434\n|switch|p1a: Garchomp|Garchomp, L50, M|100\/100\n|move|p1b: Flutter Mane|Moonblast|p2b: Garganacl\n|-damage|p2b: Garganacl|57\/100\n|move|p2a: Gassy|Sludge Bomb|p1a: Garchomp\n|-resisted|p1a: Garchomp\n|-damage|p1a: Garchomp|89\/100\n|-status|p1a: Garchomp|psn\n|move|p2b: Garganacl|Ice Punch|p1a: Garchomp\n|-supereffective|p1a: Garchomp\n|-damage|p1a: Garchomp|0 fnt\n|-damage|p2b: Garganacl|44\/100|[from] ability: Rough Skin|[of] p1a: Garchomp\n|faint|p1a: Garchomp\n|-damage|p2b: Garganacl|35\/100|[from] item: Life Orb\n|\n|-heal|p1b: Flutter Mane|88\/100|[from] Grassy Terrain\n|-heal|p2b: Garganacl|41\/100|[from] Grassy Terrain\n|upkeep\n|\n|t:|1701060454\n|switch|p1a: Chi-Yu|Chi-Yu, L50|53\/100\n|-ability|p1a: Chi-Yu|Beads of Ruin\n|turn|5\n|\n|t:|1701060467\n|move|p2b: Garganacl|Protect|p2b: Garganacl\n|-singleturn|p2b: Garganacl|Protect\n|move|p1b: Flutter Mane|Shadow Ball|p2a: Gassy\n|-damage|p2a: Gassy|67\/100\n|move|p1a: Chi-Yu|Dark Pulse|p2a: Gassy\n|-damage|p2a: Gassy|28\/100\n|move|p2a: Gassy|Rock Slide|p1b: Flutter Mane|[spread] p1a,p1b\n|-supereffective|p1a: Chi-Yu\n|-damage|p1a: Chi-Yu|21\/100\n|-damage|p1b: Flutter Mane|72\/100\n|\n|-heal|p1b: Flutter Mane|78\/100|[from] Grassy Terrain\n|-heal|p1a: Chi-Yu|27\/100|[from] Grassy Terrain\n|-heal|p2a: Gassy|34\/100|[from] Grassy Terrain\n|-heal|p2b: Garganacl|46\/100|[from] Grassy Terrain\n|upkeep\n|turn|6\n|\n|t:|1701060487\n|move|p1b: Flutter Mane|Shadow Ball|p2a: Gassy\n|-damage|p2a: Gassy|1\/100\n|-unboost|p2a: Gassy|spd|1\n|move|p1a: Chi-Yu|Dark Pulse|p2a: Gassy\n|-damage|p2a: Gassy|0 fnt\n|faint|p2a: Gassy\n|move|p2b: Garganacl|Salt Cure|p1a: Chi-Yu\n|-supereffective|p1a: Chi-Yu\n|-damage|p1a: Chi-Yu|0 fnt\n|faint|p1a: Chi-Yu\n|-damage|p2b: Garganacl|37\/100|[from] item: Life Orb\n|\n|-heal|p1b: Flutter Mane|84\/100|[from] Grassy Terrain\n|-heal|p2b: Garganacl|43\/100|[from] Grassy Terrain\n|-fieldend|move: Grassy Terrain\n|upkeep\n|\n|t:|1701060504\n|switch|p1a: Rillaboom|Rillaboom, L50, M|63\/100 psn\n|switch|p2a: Torkoal|Torkoal, L50, M|100\/100\n|-fieldstart|move: Grassy Terrain|[from] ability: Grassy Surge|[of] p1a: Rillaboom\n|-weather|SunnyDay|[from] ability: Drought|[of] p2a: Torkoal\n|turn|7\n|\n|t:|1701060533\n|-terastallize|p1a: Rillaboom|Fire\n|move|p1a: Rillaboom|Grassy Glide|p2b: Garganacl\n|-supereffective|p2b: Garganacl\n|-damage|p2b: Garganacl|0 fnt\n|faint|p2b: Garganacl\n|move|p1b: Flutter Mane|Shadow Ball|p2a: Torkoal\n|-damage|p2a: Torkoal|44\/100\n|-unboost|p2a: Torkoal|spd|1\n|move|p2a: Torkoal|Eruption|p1b: Flutter Mane|[spread] p1a,p1b\n|-resisted|p1a: Rillaboom\n|-crit|p1a: Rillaboom\n|-damage|p1a: Rillaboom|38\/100 psn\n|-damage|p1b: Flutter Mane|39\/100\n|\n|-weather|SunnyDay|[upkeep]\n|-heal|p1b: Flutter Mane|45\/100|[from] Grassy Terrain\n|-heal|p1a: Rillaboom|44\/100 psn|[from] Grassy Terrain\n|-heal|p2a: Torkoal|50\/100|[from] Grassy Terrain\n|-damage|p1a: Rillaboom|32\/100 psn|[from] psn\n|upkeep\n|turn|8\n|\n|t:|1701060555\n|move|p1b: Flutter Mane|Shadow Ball|p2a: Torkoal\n|-damage|p2a: Torkoal|0 fnt\n|faint|p2a: Torkoal\n|\n|win|LasermanZ111\n|raw|LasermanZ111's rating: 1128 &rarr; <strong>1148<\/strong><br \/>(+20 for winning)\n|raw|Kr3amer's rating: 1059 &rarr; <strong>1044<\/strong><br \/>(-15 for losing)\n","uploadtime":1701060562,"views":6,"p1id":"lasermanz111","p2id":"kr3amer","formatid":"gen9vgc2023regulatione","rating":1044,"private":0,"password":""}