{"id":"gen9vgc2023regulatione-1993194940","p1":"big guy big guy","p2":"sammy324","format":"[Gen 9] VGC 2023 Regulation E","log":"|j|\u2606big guy big guy\n|j|\u2606sammy324\n|t:|1700276475\n|gametype|doubles\n|player|p1|big guy big guy|clay|1179\n|player|p2|sammy324|169|1108\n|teamsize|p1|6\n|teamsize|p2|6\n|gen|9\n|tier|[Gen 9] VGC 2023 Regulation E\n|rated|\n|rule|Species Clause: Limit one of each Pok\u00e9mon\n|rule|Item Clause: Limit one of each item\n|clearpoke\n|poke|p1|Sableye, L50, M|\n|poke|p1|Iron Valiant, L50|\n|poke|p1|Ursaluna, L50, M|\n|poke|p1|Gothitelle, L50, M|\n|poke|p1|Bronzong, L50|\n|poke|p1|Regieleki, L50|\n|poke|p2|Kingambit, L50, M|\n|poke|p2|Clefairy, L50, F|\n|poke|p2|Heatran, L50, F|\n|poke|p2|Rillaboom, L50, F|\n|poke|p2|Landorus-Therian, L50, M|\n|poke|p2|Tornadus, L50, M|\n|teampreview|4\n|inactive|Battle timer is ON: inactive players will automatically lose when time's up. (requested by big guy big guy)\nbig guy big guy has agreed to open team sheets.\n|inactive|sammy324 has 60 seconds left.\n|\n|t:|1700276521\n|start\n|switch|p1a: Sableye|Sableye, L50, M, shiny|100\/100\n|switch|p1b: Gothitelle|Gothitelle, L50, M|100\/100\n|switch|p2a: Landorus|Landorus-Therian, L50, M|100\/100\n|switch|p2b: Tornadus|Tornadus, L50, M|100\/100\n|-ability|p2a: Landorus|Intimidate|boost\n|-unboost|p1a: Sableye|atk|1\n|-unboost|p1b: Gothitelle|atk|1\n|turn|1\n|\n|t:|1700276532\n|move|p2b: Tornadus|Rain Dance|p2b: Tornadus\n|-weather|RainDance\n|move|p1a: Sableye|Will-O-Wisp|p2a: Landorus\n|-status|p2a: Landorus|brn\n|move|p2a: Landorus|Sandsear Storm|p1a: Sableye|[spread] p1a,p1b\n|-damage|p1a: Sableye|47\/100\n|-damage|p1b: Gothitelle|64\/100\n|move|p1b: Gothitelle|Trick Room|p1b: Gothitelle\n|-fieldstart|move: Trick Room|[of] p1b: Gothitelle\n|\n|-weather|RainDance|[upkeep]\n|-heal|p1b: Gothitelle|71\/100|[from] item: Leftovers\n|-damage|p2a: Landorus|94\/100 brn|[from] brn\n|upkeep\n|turn|2\n|\n|t:|1700276548\n|move|p1a: Sableye|Gravity|p1a: Sableye\n|-fieldstart|move: Gravity\n|move|p1b: Gothitelle|Hypnosis|p2b: Tornadus\n|-status|p2b: Tornadus|slp|[from] move: Hypnosis\n|move|p2a: Landorus|Sandsear Storm|p1b: Gothitelle|[spread] p1a,p1b\n|-damage|p1a: Sableye|0 fnt\n|-damage|p1b: Gothitelle|33\/100\n|faint|p1a: Sableye\n|cant|p2b: Tornadus|slp\n|\n|-weather|RainDance|[upkeep]\n|-heal|p1b: Gothitelle|39\/100|[from] item: Leftovers\n|-damage|p2a: Landorus|88\/100 brn|[from] brn\n|upkeep\n|c|\u2606sammy324|bro\n|c|\u2606sammy324|are you kidding me\n|c|\u2606sammy324|shit gravity shit\n|\n|t:|1700276569\n|switch|p1a: Ursaluna|Ursaluna, L50, M|100\/100\n|turn|3\n|\n|t:|1700276588\n|move|p1a: Ursaluna|Rock Slide|p2a: Landorus|[spread] p2a,p2b\n|-supereffective|p2b: Tornadus\n|-damage|p2a: Landorus|60\/100 brn\n|-damage|p2b: Tornadus|34\/100 slp\n|-enditem|p2b: Tornadus|Sitrus Berry|[eat]\n|-heal|p2b: Tornadus|59\/100 slp|[from] item: Sitrus Berry\n|move|p1b: Gothitelle|Psychic|p2a: Landorus\n|-damage|p2a: Landorus|17\/100 brn\n|cant|p2a: Landorus|flinch\n|cant|p2b: Tornadus|slp\n|\n|-weather|RainDance|[upkeep]\n|-heal|p1b: Gothitelle|46\/100|[from] item: Leftovers\n|-damage|p2a: Landorus|11\/100 brn|[from] brn\n|upkeep\n|turn|4\n|c|\u2606sammy324|BROTHER\n|c|\u2606sammy324|WHY\n|c|\u2606big guy big guy|bros using lando tornadus and mad about gravity????\n|inactive|sammy324 has 30 seconds left.\n|\n|t:|1700276613\n|move|p1a: Ursaluna|Rock Slide|p2a: Landorus|[spread] p2a,p2b\n|-supereffective|p2b: Tornadus\n|-damage|p2a: Landorus|0 fnt\n|-damage|p2b: Tornadus|0 fnt\n|faint|p2a: Landorus\n|faint|p2b: Tornadus\n|move|p1b: Gothitelle|Psychic|p2: Landorus|[notarget]\n|-fail|p1b: Gothitelle\n|\n|-weather|RainDance|[upkeep]\n|-heal|p1b: Gothitelle|52\/100|[from] item: Leftovers\n|upkeep\n|c|\u2606sammy324|yeah this sleep shit is cringe\n|c|\u2606sammy324|theres no denying that brother\n|\n|t:|1700276633\n|switch|p2a: Rillaboom|Rillaboom, L50, F|100\/100\n|switch|p2b: Clefairy|Clefairy, L50, F|100\/100\n|-fieldstart|move: Grassy Terrain|[from] ability: Grassy Surge|[of] p2a: Rillaboom\n|turn|5\n|c|\u2606big guy big guy|and tornadus prankster isnt???\n|c|\u2606big guy big guy|lol\n|c|\u2606sammy324|no no no\n|\n|t:|1700276657\n|-terastallize|p1a: Ursaluna|Grass\n|move|p2b: Clefairy|Protect|p2b: Clefairy\n|-singleturn|p2b: Clefairy|Protect\n|move|p1b: Gothitelle|Protect|p1b: Gothitelle\n|-singleturn|p1b: Gothitelle|Protect\n|move|p2a: Rillaboom|Fake Out|p1b: Gothitelle\n|-activate|p1b: Gothitelle|move: Protect\n|move|p1a: Ursaluna|Gunk Shot|p2a: Rillaboom\n|-supereffective|p2a: Rillaboom\n|-damage|p2a: Rillaboom|41\/100\n|-status|p2a: Rillaboom|psn\n|\n|-weather|none\n|-heal|p1b: Gothitelle|58\/100|[from] Grassy Terrain\n|-heal|p1b: Gothitelle|64\/100|[from] item: Leftovers\n|-heal|p2a: Rillaboom|47\/100 psn|[from] Grassy Terrain\n|-damage|p2a: Rillaboom|35\/100 psn|[from] psn\n|-fieldend|move: Trick Room\n|upkeep\n|turn|6\n|\n|t:|1700276680\n|-terastallize|p2a: Rillaboom|Fighting\n|move|p2b: Clefairy|Helping Hand|p2a: Rillaboom\n|-singleturn|p2a: Rillaboom|Helping Hand|[of] p2b: Clefairy\n|move|p1b: Gothitelle|Protect||[still]\n|-fail|p1b: Gothitelle\n|move|p2a: Rillaboom|Drain Punch|p1a: Ursaluna\n|-damage|p1a: Ursaluna|65\/100\n|-heal|p2a: Rillaboom|55\/100 psn|[from] drain|[of] p1a: Ursaluna\n|move|p1a: Ursaluna|Gunk Shot|p2b: Clefairy\n|-supereffective|p2b: Clefairy\n|-damage|p2b: Clefairy|21\/100\n|\n|-heal|p2a: Rillaboom|61\/100 psn|[from] Grassy Terrain\n|-heal|p1b: Gothitelle|71\/100|[from] Grassy Terrain\n|-heal|p1b: Gothitelle|77\/100|[from] item: Leftovers\n|-heal|p1a: Ursaluna|71\/100|[from] Grassy Terrain\n|-heal|p2b: Clefairy|27\/100|[from] Grassy Terrain\n|-damage|p2a: Rillaboom|49\/100 psn|[from] psn\n|-fieldend|move: Gravity\n|upkeep\n|turn|7\n|-message|sammy324 forfeited.\n|\n|win|big guy big guy\n|raw|big guy big guy's rating: 1179 &rarr; <strong>1199<\/strong><br \/>(+20 for winning)\n|raw|sammy324's rating: 1108 &rarr; <strong>1088<\/strong><br \/>(-20 for losing)\n","uploadtime":1700276564,"views":11,"p1id":"bigguybigguy","p2id":"sammy324","formatid":"gen9vgc2023regulatione","rating":1088,"private":0,"password":""}