{"id":"gen9vgc2023regulatione-1995921786","p1":"kavonpokebros","p2":"caydawgmgovern","format":"[Gen 9] VGC 2023 Regulation E","log":"|j|\u2606kavonpokebros\n|j|\u2606caydawgmgovern\n|t:|1700617695\n|gametype|doubles\n|player|p1|kavonpokebros|worker-gen4|1257\n|player|p2|caydawgmgovern|grimsley|1310\n|teamsize|p1|6\n|teamsize|p2|6\n|gen|9\n|tier|[Gen 9] VGC 2023 Regulation E\n|rated|\n|rule|Species Clause: Limit one of each Pok\u00e9mon\n|rule|Item Clause: Limit one of each item\n|clearpoke\n|poke|p1|Persian-Alola, L50, M|\n|poke|p1|Arcanine, L50, M|\n|poke|p1|Milotic, L50, F|\n|poke|p1|Mimikyu, L50, M|\n|poke|p1|Appletun, L50, M|\n|poke|p1|Sneasler, L50, M|\n|poke|p2|Brute Bonnet, L50|\n|poke|p2|Farigiraf, L50, M|\n|poke|p2|Torkoal, L50, M|\n|poke|p2|Ursaluna, L50, F|\n|poke|p2|Cresselia, L50, F|\n|poke|p2|Iron Hands, L50|\n|teampreview|4\n|\n|t:|1700617722\n|start\n|switch|p1a: Persian|Persian-Alola, L50, M|100\/100\n|switch|p1b: Sneasler|Sneasler, L50, M|100\/100\n|switch|p2a: Farigiraf|Farigiraf, L50, M|100\/100\n|switch|p2b: Brute Bonnet|Brute Bonnet, L50|100\/100\n|-enditem|p2b: Brute Bonnet|Booster Energy\n|-activate|p2b: Brute Bonnet|ability: Protosynthesis|[fromitem]\n|-start|p2b: Brute Bonnet|protosynthesisdef\n|turn|1\n|inactive|Battle timer is ON: inactive players will automatically lose when time's up. (requested by caydawgmgovern)\n|inactive|kavonpokebros has 60 seconds left.\n|inactive|kavonpokebros has 30 seconds left.\n|inactive|kavonpokebros has 20 seconds left.\n|inactive|kavonpokebros has 15 seconds left.\n|inactive|kavonpokebros has 10 seconds left.\n|inactive|kavonpokebros has 5 seconds left.\n|\n|t:|1700617816\n|move|p1a: Persian|Fake Out||[still]\n|cant|p2a: Farigiraf|ability: Armor Tail|Fake Out|[of] p1a: Persian\n|move|p2b: Brute Bonnet|Rage Powder|p2b: Brute Bonnet\n|-singleturn|p2b: Brute Bonnet|move: Rage Powder\n|move|p1b: Sneasler|Dire Claw|p2b: Brute Bonnet\n|-supereffective|p2b: Brute Bonnet\n|-damage|p2b: Brute Bonnet|37\/100\n|-status|p2b: Brute Bonnet|psn\n|move|p2a: Farigiraf|Trick Room|p2a: Farigiraf\n|-fieldstart|move: Trick Room|[of] p2a: Farigiraf\n|\n|-damage|p2b: Brute Bonnet|25\/100 psn|[from] psn\n|upkeep\n|turn|2\n|inactive|kavonpokebros has 30 seconds left.\n|\n|t:|1700617842\n|-terastallize|p1a: Persian|Dark\n|move|p2b: Brute Bonnet|Spore|p1b: Sneasler\n|-status|p1b: Sneasler|slp|[from] move: Spore\n|move|p2a: Farigiraf|Nasty Plot|p2a: Farigiraf\n|-boost|p2a: Farigiraf|spa|2\n|cant|p1b: Sneasler|slp\n|move|p1a: Persian|Snarl|p2a: Farigiraf|[spread] p2a,p2b\n|-supereffective|p2a: Farigiraf\n|-resisted|p2b: Brute Bonnet\n|-damage|p2a: Farigiraf|67\/100\n|-damage|p2b: Brute Bonnet|18\/100 psn\n|-unboost|p2a: Farigiraf|spa|1\n|-unboost|p2b: Brute Bonnet|spa|1\n|\n|-damage|p2b: Brute Bonnet|6\/100 psn|[from] psn\n|upkeep\n|turn|3\n|inactive|kavonpokebros has 30 seconds left.\n|\n|t:|1700617871\n|switch|p1b: Arcanine|Arcanine, L50, M|100\/100\n|-ability|p1b: Arcanine|Intimidate|boost\n|-unboost|p2a: Farigiraf|atk|1\n|-unboost|p2b: Brute Bonnet|atk|1\n|move|p2b: Brute Bonnet|Spore|p1a: Persian\n|-status|p1a: Persian|slp|[from] move: Spore\n|move|p2a: Farigiraf|Psychic|p1b: Arcanine\n|-damage|p1b: Arcanine|47\/100\n|cant|p1a: Persian|slp\n|\n|-damage|p2b: Brute Bonnet|0 fnt|[from] psn\n|faint|p2b: Brute Bonnet\n|-end|p2b: Brute Bonnet|Protosynthesis|[silent]\n|upkeep\n|\n|t:|1700617887\n|switch|p2b: Ursaluna|Ursaluna, L50, F|100\/100\n|turn|4\n|inactive|caydawgmgovern has 30 seconds left.\n|\n|t:|1700617915\n|move|p1b: Arcanine|Protect|p1b: Arcanine\n|-singleturn|p1b: Arcanine|Protect\n|move|p2b: Ursaluna|Earthquake|p1a: Persian|[spread] p2a,p1a\n|-activate|p1b: Arcanine|move: Protect\n|-damage|p2a: Farigiraf|28\/100\n|-damage|p1a: Persian|66\/100 slp\n|move|p2a: Farigiraf|Dazzling Gleam|p1b: Arcanine|[spread] p1a\n|-activate|p1b: Arcanine|move: Protect\n|-supereffective|p1a: Persian\n|-damage|p1a: Persian|0 fnt\n|faint|p1a: Persian\n|\n|-status|p2b: Ursaluna|brn|[from] item: Flame Orb\n|upkeep\n|\n|t:|1700617931\n|switch|p1a: Milotic|Milotic, L50, F|100\/100\n|turn|5\n|inactive|kavonpokebros has 30 seconds left.\n|\n|t:|1700617965\n|move|p1b: Arcanine|Protect|p1b: Arcanine\n|-singleturn|p1b: Arcanine|Protect\n|move|p2b: Ursaluna|Earthquake|p1a: Milotic|[spread] p2a,p1a\n|-activate|p1b: Arcanine|move: Protect\n|-damage|p2a: Farigiraf|0 fnt\n|-damage|p1a: Milotic|50\/100\n|faint|p2a: Farigiraf\n|move|p1a: Milotic|Scald|p2b: Ursaluna\n|-supereffective|p2b: Ursaluna\n|-damage|p2b: Ursaluna|21\/100 brn\n|\n|-damage|p2b: Ursaluna|15\/100 brn|[from] brn\n|-fieldend|move: Trick Room\n|upkeep\n|\n|t:|1700617967\n|switch|p2a: Torkoal|Torkoal, L50, M|100\/100\n|-weather|SunnyDay|[from] ability: Drought|[of] p2a: Torkoal\n|turn|6\n|-message|caydawgmgovern forfeited.\n|\n|win|kavonpokebros\n|raw|kavonpokebros's rating: 1257 &rarr; <strong>1286<\/strong><br \/>(+29 for winning)\n|raw|caydawgmgovern's rating: 1310 &rarr; <strong>1287<\/strong><br \/>(-23 for losing)\n|l|\u2606caydawgmgovern\n","uploadtime":1700617985,"views":8,"p1id":"kavonpokebros","p2id":"caydawgmgovern","formatid":"gen9vgc2023regulatione","rating":1286,"private":0,"password":""}