{"id":"gen9vgc2023regulatione-1993725962","p1":"thorgael","p2":"PunkRockObstagoon","format":"[Gen 9] VGC 2023 Regulation E","log":"|j|\u2606thorgael\n|j|\u2606PunkRockObstagoon\n|t:|1700349955\n|gametype|doubles\n|player|p1|thorgael|266|1437\n|player|p2|PunkRockObstagoon|bruno|1501\n|teamsize|p1|6\n|teamsize|p2|6\n|gen|9\n|tier|[Gen 9] VGC 2023 Regulation E\n|rated|\n|rule|Species Clause: Limit one of each Pok\u00e9mon\n|rule|Item Clause: Limit one of each item\n|clearpoke\n|poke|p1|Kommo-o, L50, F|\n|poke|p1|Tyranitar, L50, M|\n|poke|p1|Rillaboom, L50, F|\n|poke|p1|Flutter Mane, L50|\n|poke|p1|Arcanine-Hisui, L50, M|\n|poke|p1|Iron Bundle, L50|\n|poke|p2|Spinarak, L50, M|\n|poke|p2|Tatsugiri-Droopy, L50, M|\n|poke|p2|Heatran, L50, F|\n|poke|p2|Lurantis, L50, F|\n|poke|p2|Armarouge, L50, M|\n|poke|p2|Farigiraf, L50, F|\n|teampreview|4\n|inactive|Battle timer is ON: inactive players will automatically lose when time's up. (requested by PunkRockObstagoon)\n|c|\u2606thorgael|Spinarak\n|c|\u2606thorgael|Lol\n|c|\u2606thorgael|Awesome\n|inactive|thorgael has 60 seconds left.\n|inactive|PunkRockObstagoon has 60 seconds left.\n|c|\u2606thorgael|Hope you win\n|inactive|thorgael has 30 seconds left.\n|\n|t:|1700350024\n|start\n|switch|p1a: Rillaboom|Rillaboom, L50, F|100\/100\n|switch|p1b: Flutter Mane|Flutter Mane, L50|100\/100\n|switch|p2a: Armarouge|Armarouge, L50, M|100\/100\n|switch|p2b: Farigiraf|Farigiraf, L50, F|100\/100\n|-fieldstart|move: Grassy Terrain|[from] ability: Grassy Surge|[of] p1a: Rillaboom\n|turn|1\n|inactive|thorgael has 30 seconds left.\n|\n|t:|1700350055\n|switch|p2a: Heatran|Heatran, L50, F|100\/100\n|switch|p2b: Lurantis|Lurantis, L50, F|100\/100\n|move|p1b: Flutter Mane|Shadow Ball|p2a: Heatran\n|-damage|p2a: Heatran|33\/100\n|move|p1a: Rillaboom|Taunt|p2b: Lurantis\n|-start|p2b: Lurantis|move: Taunt\n|\n|-heal|p2a: Heatran|39\/100|[from] Grassy Terrain\n|upkeep\n|turn|2\n|\n|t:|1700350075\n|switch|p1a: Arcanine|Arcanine-Hisui, L50, M|100\/100\n|-ability|p1a: Arcanine|Intimidate|boost\n|-unboost|p2a: Heatran|atk|1\n|-boost|p2b: Lurantis|atk|1\n|move|p2a: Heatran|Heavy Slam|p1b: Flutter Mane\n|-supereffective|p1b: Flutter Mane\n|-damage|p1b: Flutter Mane|0 fnt\n|faint|p1b: Flutter Mane\n|-end|p1b: Flutter Mane|Protosynthesis|[silent]\n|move|p2b: Lurantis|Superpower|p1a: Arcanine\n|-supereffective|p1a: Arcanine\n|-damage|p1a: Arcanine|0 fnt\n|-boost|p2b: Lurantis|atk|1\n|-boost|p2b: Lurantis|def|1\n|faint|p1a: Arcanine\n|\n|-heal|p2a: Heatran|45\/100|[from] Grassy Terrain\n|upkeep\n|\n|t:|1700350090\n|switch|p1b: Rillaboom|Rillaboom, L50, F|100\/100\n|switch|p1a: Tyranitar|Tyranitar, L50, M|100\/100\n|-weather|Sandstorm|[from] ability: Sand Stream|[of] p1a: Tyranitar\n|turn|3\n|c|\u2606thorgael|Lol\n|c|\u2606thorgael|Scarf physical\n|c|\u2606PunkRockObstagoon|Mixed actually\n|inactive|thorgael has 30 seconds left.\n|\n|t:|1700350116\n|switch|p2a: Farigiraf|Farigiraf, L50, F|100\/100\n|move|p1b: Rillaboom|Fake Out||[still]\n|cant|p2a: Farigiraf|ability: Armor Tail|Fake Out|[of] p1b: Rillaboom\n|move|p1a: Tyranitar|Knock Off|p2b: Lurantis\n|-damage|p2b: Lurantis|59\/100\n|-enditem|p2b: Lurantis|Assault Vest|[from] move: Knock Off|[of] p1a: Tyranitar\n|move|p2b: Lurantis|Leaf Blade|p1a: Tyranitar\n|-supereffective|p1a: Tyranitar\n|-damage|p1a: Tyranitar|0 fnt\n|faint|p1a: Tyranitar\n|\n|-weather|Sandstorm|[upkeep]\n|-damage|p1b: Rillaboom|95\/100|[from] Sandstorm\n|-damage|p2a: Farigiraf|94\/100|[from] Sandstorm\n|-damage|p2b: Lurantis|53\/100|[from] Sandstorm\n|-heal|p1b: Rillaboom|100\/100|[from] Grassy Terrain\n|-heal|p2a: Farigiraf|100\/100|[from] Grassy Terrain\n|-heal|p2b: Lurantis|59\/100|[from] Grassy Terrain\n|-end|p2b: Lurantis|move: Taunt\n|upkeep\n|turn|4\n|\n|t:|1700350123\n|move|p1b: Rillaboom|Wood Hammer|p2b: Lurantis\n|-resisted|p2b: Lurantis\n|-damage|p2b: Lurantis|19\/100\n|-damage|p1b: Rillaboom|89\/100|[from] Recoil\n|move|p2b: Lurantis|Knock Off|p1b: Rillaboom\n|-damage|p1b: Rillaboom|28\/100\n|-enditem|p1b: Rillaboom|Miracle Seed|[from] move: Knock Off|[of] p2b: Lurantis\n|move|p2a: Farigiraf|Trick Room|p2a: Farigiraf\n|-fieldstart|move: Trick Room|[of] p2a: Farigiraf\n|\n|-weather|Sandstorm|[upkeep]\n|-damage|p2b: Lurantis|13\/100|[from] Sandstorm\n|-damage|p2a: Farigiraf|94\/100|[from] Sandstorm\n|-damage|p1b: Rillaboom|22\/100|[from] Sandstorm\n|-heal|p2b: Lurantis|19\/100|[from] Grassy Terrain\n|-heal|p2a: Farigiraf|100\/100|[from] Grassy Terrain\n|-heal|p1b: Rillaboom|28\/100|[from] Grassy Terrain\n|upkeep\n|turn|5\n|l|\u2606thorgael\n|inactive|thorgael disconnected and has a minute to reconnect!\n|player|p1|\n|inactive|thorgael has 30 seconds left.\n|inactive|thorgael has 20 seconds left.\n|j|\u2606thorgael\n|inactive|thorgael reconnected and has 20 seconds left.\n|player|p1|thorgael|266\n|inactive|thorgael has 15 seconds left.\n|inactive|thorgael has 10 seconds left.\n|c|\u2606thorgael|What is the spinarak set?\n|\n|t:|1700350173\n|move|p2b: Lurantis|Tera Blast|p1b: Rillaboom\n|-damage|p1b: Rillaboom|11\/100\n|move|p2a: Farigiraf|Low Kick|p1b: Rillaboom\n|-damage|p1b: Rillaboom|0 fnt\n|faint|p1b: Rillaboom\n|\n|win|PunkRockObstagoon\n|raw|thorgael's rating: 1437 &rarr; <strong>1421<\/strong><br \/>(-16 for losing)\n|raw|PunkRockObstagoon's rating: 1501 &rarr; <strong>1517<\/strong><br \/>(+16 for winning)\n|c|\u2606PunkRockObstagoon|!showset Spinarak\n|c| PunkRockObstagoon|\/raw <div class=\"infobox\">Spinarak (M) @ Eviolite  <br \/>Ability: Insomnia  <br \/>Level: 50  <br \/>Shiny: Yes  <br \/>Tera Type: Steel  <br \/>EVs: 252 HP &#x2f; 252 Def &#x2f; 4 SpD  <br \/>Relaxed Nature  <br \/>IVs: 0 Spe  <br \/>- Acid Spray  <br \/>- Lunge  <br \/>- Rage Powder  <br \/>- Disable  <br \/><br \/><\/div>\n|c|\u2606thorgael|Thanks\n|c|\u2606thorgael|GG\n|c|\u2606thorgael|Wp\n|c|\u2606PunkRockObstagoon|GG wp\n","uploadtime":1700350181,"views":13,"p1id":"thorgael","p2id":"punkrockobstagoon","formatid":"gen9vgc2023regulatione","rating":1421,"private":0,"password":""}