{"id":"gen9vgc2023regulatione-1996940643","p1":"tesl8","p2":"texastrill713","format":"[Gen 9] VGC 2023 Regulation E","log":"|j|\u2606tesl8\n|j|\u2606texastrill713\n|t:|1700747495\n|gametype|doubles\n|player|p1|tesl8|gentleman-gen4|1362\n|player|p2|texastrill713|lucas-gen4pt|1320\n|teamsize|p1|6\n|teamsize|p2|6\n|gen|9\n|tier|[Gen 9] VGC 2023 Regulation E\n|rated|\n|rule|Species Clause: Limit one of each Pok\u00e9mon\n|rule|Item Clause: Limit one of each item\n|clearpoke\n|poke|p1|Farigiraf, L50, F|\n|poke|p1|Landorus, L50, M|\n|poke|p1|Urshifu-*, L50, F|\n|poke|p1|Heatran, L50, M|\n|poke|p1|Iron Bundle, L50|\n|poke|p1|Rillaboom, L50, M|\n|poke|p2|Tyranitar, L50, F|\n|poke|p2|Houndstone, L50, F|\n|poke|p2|Corviknight, L50, M|\n|poke|p2|Rillaboom, L50, M|\n|poke|p2|Heatran, L50, F|\n|poke|p2|Flutter Mane, L50|\n|teampreview|4\n|inactive|Battle timer is ON: inactive players will automatically lose when time's up. (requested by tesl8)\n|inactive|tesl8 has 60 seconds left.\n|c|\u2606texastrill713|Hurry up\n|\n|t:|1700747541\n|start\n|switch|p1a: Heatran|Heatran, L50, M|100\/100\n|switch|p1b: Landorus|Landorus, L50, M|100\/100\n|switch|p2a: Tyranitar|Tyranitar, L50, F|100\/100\n|switch|p2b: Houndstone|Houndstone, L50, F|100\/100\n|-weather|Sandstorm|[from] ability: Sand Stream|[of] p2a: Tyranitar\n|turn|1\n|inactive|tesl8 has 30 seconds left.\n|inactive|texastrill713 has 30 seconds left.\n|\n|t:|1700747574\n|move|p2a: Tyranitar|Protect|p2a: Tyranitar\n|-singleturn|p2a: Tyranitar|Protect\n|move|p2b: Houndstone|Snarl|p1b: Landorus|[spread] p1a,p1b\n|-damage|p1a: Heatran|97\/100\n|-damage|p1b: Landorus|94\/100\n|-unboost|p1a: Heatran|spa|1\n|-unboost|p1b: Landorus|spa|1\n|move|p1b: Landorus|Sandsear Storm|p2a: Tyranitar|[spread] p2b\n|-activate|p2a: Tyranitar|move: Protect\n|-damage|p2b: Houndstone|62\/100\n|move|p1a: Heatran|Magma Storm|p2a: Tyranitar\n|-activate|p2a: Tyranitar|move: Protect\n|\n|-weather|Sandstorm|[upkeep]\n|upkeep\n|turn|2\n|inactive|tesl8 has 30 seconds left.\n|inactive|texastrill713 has 30 seconds left.\n|\n|t:|1700747606\n|switch|p1b: Rillaboom|Rillaboom, L50, M|100\/100\n|-fieldstart|move: Grassy Terrain|[from] ability: Grassy Surge|[of] p1b: Rillaboom\n|switch|p1a: Urshifu|Urshifu, L50, F|100\/100\n|-terastallize|p2a: Tyranitar|Fairy\n|move|p2b: Houndstone|Snarl|p1a: Urshifu|[spread] p1a,p1b\n|-resisted|p1a: Urshifu\n|-damage|p1a: Urshifu|99\/100\n|-damage|p1b: Rillaboom|93\/100\n|-unboost|p1a: Urshifu|spa|1\n|-unboost|p1b: Rillaboom|spa|1\n|move|p2a: Tyranitar|Tera Blast|p1b: Rillaboom|[anim] Tera Blast Fairy\n|-damage|p1b: Rillaboom|51\/100\n|\n|-weather|Sandstorm|[upkeep]\n|-damage|p1a: Urshifu|93\/100|[from] Sandstorm\n|-damage|p1b: Rillaboom|45\/100|[from] Sandstorm\n|-damage|p2a: Tyranitar|94\/100|[from] Sandstorm\n|-heal|p2b: Houndstone|68\/100|[from] Grassy Terrain\n|-heal|p1a: Urshifu|99\/100|[from] Grassy Terrain\n|-heal|p1b: Rillaboom|51\/100|[from] Grassy Terrain\n|-heal|p2a: Tyranitar|100\/100|[from] Grassy Terrain\n|upkeep\n|turn|3\n|inactive|tesl8 has 30 seconds left.\n|inactive|texastrill713 has 30 seconds left.\n|\n|t:|1700747636\n|switch|p2b: Rillaboom|Rillaboom, L50, M|100\/100\n|move|p1b: Rillaboom|Fake Out|p2a: Tyranitar\n|-damage|p2a: Tyranitar|87\/100\n|move|p1a: Urshifu|Wicked Blow|p2b: Rillaboom\n|-crit|p2b: Rillaboom\n|-damage|p2b: Rillaboom|43\/100\n|cant|p2a: Tyranitar|flinch\n|\n|-weather|Sandstorm|[upkeep]\n|-damage|p1a: Urshifu|93\/100|[from] Sandstorm\n|-damage|p1b: Rillaboom|45\/100|[from] Sandstorm\n|-damage|p2b: Rillaboom|37\/100|[from] Sandstorm\n|-damage|p2a: Tyranitar|81\/100|[from] Sandstorm\n|-heal|p1a: Urshifu|99\/100|[from] Grassy Terrain\n|-heal|p1b: Rillaboom|51\/100|[from] Grassy Terrain\n|-heal|p2b: Rillaboom|43\/100|[from] Grassy Terrain\n|-heal|p2a: Tyranitar|87\/100|[from] Grassy Terrain\n|upkeep\n|turn|4\n|inactive|tesl8 has 30 seconds left.\n|inactive|texastrill713 has 30 seconds left.\n|inactive|tesl8 has 20 seconds left.\n|inactive|tesl8 has 15 seconds left.\n|inactive|texastrill713 has 20 seconds left.\n|\n|t:|1700747680\n|switch|p1a: Heatran|Heatran, L50, M|97\/100\n|move|p1b: Rillaboom|Wood Hammer|p2a: Tyranitar\n|-damage|p2a: Tyranitar|0 fnt\n|faint|p2a: Tyranitar\n|-damage|p1b: Rillaboom|23\/100|[from] Recoil\n|move|p2b: Rillaboom|High Horsepower|p1a: Heatran\n|-supereffective|p1a: Heatran\n|-crit|p1a: Heatran\n|-damage|p1a: Heatran|0 fnt\n|faint|p1a: Heatran\n|\n|-weather|Sandstorm|[upkeep]\n|-damage|p1b: Rillaboom|17\/100|[from] Sandstorm\n|-damage|p2b: Rillaboom|37\/100|[from] Sandstorm\n|-heal|p1b: Rillaboom|23\/100|[from] Grassy Terrain\n|-heal|p2b: Rillaboom|43\/100|[from] Grassy Terrain\n|upkeep\n|\n|t:|1700747700\n|switch|p1a: Landorus|Landorus, L50, M|94\/100\n|switch|p2a: Houndstone|Houndstone, L50, F|68\/100\n|turn|5\n|\n|t:|1700747720\n|switch|p1b: Urshifu|Urshifu, L50, F|99\/100\n|switch|p2b: Corviknight|Corviknight, L50, M|100\/100\n|move|p2a: Houndstone|Howl|p2a: Houndstone|[spread] p2a,p2b\n|-boost|p2a: Houndstone|atk|1\n|-boost|p2b: Corviknight|atk|1\n|move|p1a: Landorus|Sludge Bomb|p2b: Corviknight\n|-immune|p2b: Corviknight\n|\n|-weather|none\n|-heal|p2a: Houndstone|75\/100|[from] Grassy Terrain\n|-heal|p1b: Urshifu|100\/100|[from] Grassy Terrain\n|upkeep\n|turn|6\n|inactive|tesl8 has 30 seconds left.\n|\n|t:|1700747752\n|switch|p2a: Rillaboom|Rillaboom, L50, M|43\/100\n|move|p1a: Landorus|Sandsear Storm|p2b: Corviknight|[spread] p2a\n|-immune|p2b: Corviknight\n|-resisted|p2a: Rillaboom\n|-damage|p2a: Rillaboom|22\/100\n|move|p1b: Urshifu|Wicked Blow|p2b: Corviknight\n|-crit|p2b: Corviknight\n|-damage|p2b: Corviknight|42\/100\n|-enditem|p2b: Corviknight|Sitrus Berry|[eat]\n|-heal|p2b: Corviknight|67\/100|[from] item: Sitrus Berry\n|move|p2b: Corviknight|Brave Bird|p1b: Urshifu\n|-supereffective|p1b: Urshifu\n|-enditem|p1b: Urshifu|Focus Sash\n|-damage|p1b: Urshifu|1\/100\n|-damage|p2b: Corviknight|36\/100|[from] Recoil\n|\n|-heal|p1b: Urshifu|7\/100|[from] Grassy Terrain\n|-heal|p2a: Rillaboom|28\/100|[from] Grassy Terrain\n|-fieldend|move: Grassy Terrain\n|upkeep\n|turn|7\n|inactive|texastrill713 has 30 seconds left.\n|inactive|texastrill713 has 20 seconds left.\n|inactive|texastrill713 has 15 seconds left.\n|\n|t:|1700747793\n|move|p1b: Urshifu|Detect|p1b: Urshifu\n|-singleturn|p1b: Urshifu|Protect\n|move|p2a: Rillaboom|Fake Out|p1b: Urshifu\n|-activate|p1b: Urshifu|move: Protect\n|move|p1a: Landorus|Sludge Bomb|p2a: Rillaboom\n|-supereffective|p2a: Rillaboom\n|-damage|p2a: Rillaboom|0 fnt\n|faint|p2a: Rillaboom\n|move|p2b: Corviknight|Brave Bird|p1a: Landorus\n|-damage|p1a: Landorus|16\/100\n|-damage|p2b: Corviknight|12\/100|[from] Recoil\n|\n|upkeep\n|\n|t:|1700747806\n|switch|p2a: Houndstone|Houndstone, L50, F|75\/100\n|turn|8\n|c|\u2606texastrill713|Fuk u\n|c|\u2606texastrill713|Play in traffic\n|\n|t:|1700747831\n|move|p1a: Landorus|Earth Power|p2a: Houndstone\n|-damage|p2a: Houndstone|6\/100\n|move|p1b: Urshifu|Wicked Blow|p2b: Corviknight\n|-crit|p2b: Corviknight\n|-damage|p2b: Corviknight|0 fnt\n|faint|p2b: Corviknight\n|move|p2a: Houndstone|Howl|p2a: Houndstone\n|-boost|p2a: Houndstone|atk|1\n|\n|upkeep\n|turn|9\n|\n|t:|1700747850\n|move|p1b: Urshifu|Sucker Punch|p2a: Houndstone\n|-supereffective|p2a: Houndstone\n|-damage|p2a: Houndstone|0 fnt\n|faint|p2a: Houndstone\n|\n|win|tesl8\n|raw|tesl8's rating: 1362 &rarr; <strong>1380<\/strong><br \/>(+18 for winning)\n|raw|texastrill713's rating: 1320 &rarr; <strong>1302<\/strong><br \/>(-18 for losing)\n","uploadtime":1700747827,"views":1,"p1id":"tesl8","p2id":"texastrill713","formatid":"gen9vgc2023regulatione","rating":1302,"private":0,"password":""}