{"id":"gen9vgc2023regulatione-1998064570","p1":"TarbiXZero","p2":"FoxDragon1","format":"[Gen 9] VGC 2023 Regulation E","log":"|j|\u2606TarbiXZero\n|j|\u2606FoxDragon1\n|t:|1700885804\n|gametype|doubles\n|player|p1|TarbiXZero|juggler|1133\n|player|p2|FoxDragon1|skierf|1194\n|teamsize|p1|6\n|teamsize|p2|6\n|gen|9\n|tier|[Gen 9] VGC 2023 Regulation E\n|rated|\n|rule|Species Clause: Limit one of each Pok\u00e9mon\n|rule|Item Clause: Limit one of each item\n|clearpoke\n|poke|p1|Milotic, L50, M|\n|poke|p1|Rillaboom, L50, F|\n|poke|p1|Arcanine-Hisui, L50, F|\n|poke|p1|Grimmsnarl, L50, M|\n|poke|p1|Iron Hands, L50|\n|poke|p1|Gholdengo, L50|\n|poke|p2|Roaring Moon, L50|\n|poke|p2|Urshifu-*, L50, F|\n|poke|p2|Ogerpon-Wellspring, L50, F|\n|poke|p2|Arcanine-Hisui, L50, M|\n|poke|p2|Flutter Mane, L50|\n|poke|p2|Tornadus, L50, M|\n|teampreview|4\n|inactive|Battle timer is ON: inactive players will automatically lose when time's up. (requested by TarbiXZero)\n|inactive|TarbiXZero has 60 seconds left.\n|inactive|FoxDragon1 has 60 seconds left.\n|\n|t:|1700885846\n|start\n|switch|p1a: Iron Hands|Iron Hands, L50|100\/100\n|switch|p1b: Milotic|Milotic, L50, M|100\/100\n|switch|p2a: Urshifu|Urshifu-Rapid-Strike, L50, F|100\/100\n|switch|p2b: Roaring Moon|Roaring Moon, L50|100\/100\n|-enditem|p2b: Roaring Moon|Booster Energy\n|-activate|p2b: Roaring Moon|ability: Protosynthesis|[fromitem]\n|-start|p2b: Roaring Moon|protosynthesisatk\n|turn|1\n|\n|t:|1700885867\n|move|p2a: Urshifu|Detect|p2a: Urshifu\n|-singleturn|p2a: Urshifu|Protect\n|move|p1a: Iron Hands|Fake Out|p2a: Urshifu\n|-activate|p2a: Urshifu|move: Protect\n|move|p2b: Roaring Moon|Knock Off|p1a: Iron Hands\n|-resisted|p1a: Iron Hands\n|-damage|p1a: Iron Hands|78\/100\n|-enditem|p1a: Iron Hands|Assault Vest|[from] move: Knock Off|[of] p2b: Roaring Moon\n|move|p1b: Milotic|Icy Wind|p2b: Roaring Moon|[spread] p2b\n|-activate|p2a: Urshifu|move: Protect\n|-supereffective|p2b: Roaring Moon\n|-damage|p2b: Roaring Moon|78\/100\n|-unboost|p2b: Roaring Moon|spe|1\n|\n|upkeep\n|turn|2\n|inactive|TarbiXZero has 30 seconds left.\n|inactive|FoxDragon1 has 30 seconds left.\n|inactive|TarbiXZero has 20 seconds left.\n|inactive|TarbiXZero has 15 seconds left.\n|\n|t:|1700885908\n|-terastallize|p2a: Urshifu|Water\n|move|p2a: Urshifu|Surging Strikes|p1a: Iron Hands\n|-crit|p1a: Iron Hands\n|-damage|p1a: Iron Hands|56\/100\n|-crit|p1a: Iron Hands\n|-damage|p1a: Iron Hands|34\/100\n|-crit|p1a: Iron Hands\n|-damage|p1a: Iron Hands|11\/100\n|-hitcount|p1a: Iron Hands|3\n|move|p2b: Roaring Moon|Acrobatics|p1a: Iron Hands\n|-damage|p1a: Iron Hands|0 fnt\n|faint|p1a: Iron Hands\n|-end|p1a: Iron Hands|Quark Drive|[silent]\n|move|p1b: Milotic|Scald|p2a: Urshifu\n|-resisted|p2a: Urshifu\n|-damage|p2a: Urshifu|75\/100\n|-status|p2a: Urshifu|brn\n|\n|-damage|p2a: Urshifu|69\/100 brn|[from] brn\n|upkeep\n|inactive|TarbiXZero has 30 seconds left.\n|\n|t:|1700885939\n|switch|p1a: Grimmsnarl|Grimmsnarl, L50, M|100\/100\n|turn|3\n|\n|t:|1700885956\n|move|p1a: Grimmsnarl|Reflect|p1a: Grimmsnarl\n|-sidestart|p1: TarbiXZero|Reflect\n|move|p2a: Urshifu|Surging Strikes|p1a: Grimmsnarl\n|-crit|p1a: Grimmsnarl\n|-damage|p1a: Grimmsnarl|84\/100\n|-crit|p1a: Grimmsnarl\n|-damage|p1a: Grimmsnarl|68\/100\n|-crit|p1a: Grimmsnarl\n|-damage|p1a: Grimmsnarl|53\/100\n|-hitcount|p1a: Grimmsnarl|3\n|move|p2b: Roaring Moon|Acrobatics|p1a: Grimmsnarl\n|-damage|p1a: Grimmsnarl|18\/100\n|move|p1b: Milotic|Icy Wind|p2a: Urshifu|[spread] p2a,p2b\n|-resisted|p2a: Urshifu\n|-supereffective|p2b: Roaring Moon\n|-damage|p2a: Urshifu|60\/100 brn\n|-damage|p2b: Roaring Moon|57\/100\n|-unboost|p2a: Urshifu|spe|1\n|-unboost|p2b: Roaring Moon|spe|1\n|\n|-damage|p2a: Urshifu|54\/100 brn|[from] brn\n|upkeep\n|turn|4\n|inactive|TarbiXZero has 30 seconds left.\n|\n|t:|1700885989\n|-end|p2b: Roaring Moon|Protosynthesis|[silent]\n|switch|p2b: Arcanine|Arcanine-Hisui, L50, M|100\/100\n|-ability|p2b: Arcanine|Intimidate|boost\n|-unboost|p1a: Grimmsnarl|atk|1\n|-unboost|p1b: Milotic|atk|1\n|-ability|p1b: Milotic|Competitive|boost\n|-boost|p1b: Milotic|spa|2\n|move|p1a: Grimmsnarl|Trick|p2a: Urshifu\n|-activate|p1a: Grimmsnarl|move: Trick|[of] p2a: Urshifu\n|-item|p2a: Urshifu|Lagging Tail|[from] move: Trick\n|-item|p1a: Grimmsnarl|Mystic Water|[from] move: Trick\n|move|p2a: Urshifu|Surging Strikes|p1a: Grimmsnarl\n|-crit|p1a: Grimmsnarl\n|-damage|p1a: Grimmsnarl|3\/100\n|-crit|p1a: Grimmsnarl\n|-damage|p1a: Grimmsnarl|0 fnt\n|faint|p1a: Grimmsnarl\n|-hitcount|p1: Grimmsnarl|2\n|move|p1b: Milotic|Scald|p2b: Arcanine\n|-supereffective|p2b: Arcanine\n|-damage|p2b: Arcanine|0 fnt\n|faint|p2b: Arcanine\n|\n|-damage|p2a: Urshifu|48\/100 brn|[from] brn\n|upkeep\n|inactive|TarbiXZero has 30 seconds left.\n|\n|t:|1700886015\n|switch|p2b: Ogerpon|Ogerpon-Wellspring, L50, F|100\/100\n|switch|p1a: Rillaboom|Rillaboom, L50, F|100\/100\n|-fieldstart|move: Grassy Terrain|[from] ability: Grassy Surge|[of] p1a: Rillaboom\n|-enditem|p1a: Rillaboom|Grassy Seed\n|-boost|p1a: Rillaboom|def|1|[from] item: Grassy Seed\n|turn|5\n|inactive|TarbiXZero has 30 seconds left.\n|\n|t:|1700886048\n|-terastallize|p1b: Milotic|Poison\n|move|p2b: Ogerpon|Spiky Shield|p2b: Ogerpon\n|-singleturn|p2b: Ogerpon|move: Protect\n|move|p1b: Milotic|Icy Wind|p2a: Urshifu|[spread] p2a\n|-activate|p2b: Ogerpon|move: Protect\n|-resisted|p2a: Urshifu\n|-damage|p2a: Urshifu|30\/100 brn\n|-unboost|p2a: Urshifu|spe|1\n|move|p1a: Rillaboom|Swords Dance|p1a: Rillaboom\n|-boost|p1a: Rillaboom|atk|2\n|move|p2a: Urshifu|Surging Strikes|p1b: Milotic\n|-crit|p1b: Milotic\n|-damage|p1b: Milotic|87\/100\n|-crit|p1b: Milotic\n|-damage|p1b: Milotic|75\/100\n|-crit|p1b: Milotic\n|-damage|p1b: Milotic|63\/100\n|-hitcount|p1b: Milotic|3\n|\n|-heal|p1b: Milotic|69\/100|[from] Grassy Terrain\n|-heal|p2a: Urshifu|36\/100 brn|[from] Grassy Terrain\n|-damage|p2a: Urshifu|30\/100 brn|[from] brn\n|upkeep\n|turn|6\n|inactive|TarbiXZero has 30 seconds left.\n|inactive|FoxDragon1 has 30 seconds left.\n|\n|t:|1700886078\n|move|p2b: Ogerpon|Ivy Cudgel|p1b: Milotic|[anim] Ivy Cudgel Water\n|-crit|p1b: Milotic\n|-damage|p1b: Milotic|0 fnt\n|faint|p1b: Milotic\n|move|p1a: Rillaboom|Swords Dance|p1a: Rillaboom\n|-boost|p1a: Rillaboom|atk|2\n|move|p2a: Urshifu|Surging Strikes|p1a: Rillaboom\n|-resisted|p1a: Rillaboom\n|-crit|p1a: Rillaboom\n|-damage|p1a: Rillaboom|94\/100\n|-resisted|p1a: Rillaboom\n|-crit|p1a: Rillaboom\n|-damage|p1a: Rillaboom|88\/100\n|-resisted|p1a: Rillaboom\n|-crit|p1a: Rillaboom\n|-damage|p1a: Rillaboom|81\/100\n|-hitcount|p1a: Rillaboom|3\n|\n|-heal|p1a: Rillaboom|87\/100|[from] Grassy Terrain\n|-heal|p2a: Urshifu|36\/100 brn|[from] Grassy Terrain\n|-damage|p2a: Urshifu|30\/100 brn|[from] brn\n|upkeep\n|turn|7\n|\n|t:|1700886101\n|move|p2b: Ogerpon|Spiky Shield|p2b: Ogerpon\n|-singleturn|p2b: Ogerpon|move: Protect\n|move|p1a: Rillaboom|Grassy Glide|p2b: Ogerpon\n|-activate|p2b: Ogerpon|move: Protect\n|-damage|p1a: Rillaboom|75\/100|[from] Spiky Shield|[of] p2b: Ogerpon\n|move|p2a: Urshifu|Ice Spinner|p1a: Rillaboom\n|-supereffective|p1a: Rillaboom\n|-damage|p1a: Rillaboom|63\/100\n|-fieldend|move: Grassy Terrain\n|\n|-damage|p2a: Urshifu|24\/100 brn|[from] brn\n|-sideend|p1: TarbiXZero|Reflect\n|upkeep\n|turn|8\n|inactive|TarbiXZero has 30 seconds left.\n|\n|t:|1700886129\n|move|p2b: Ogerpon|Spiky Shield|p2b: Ogerpon\n|-singleturn|p2b: Ogerpon|move: Protect\n|move|p1a: Rillaboom|Grassy Glide|p2b: Ogerpon\n|-activate|p2b: Ogerpon|move: Protect\n|-damage|p1a: Rillaboom|51\/100|[from] Spiky Shield|[of] p2b: Ogerpon\n|move|p2a: Urshifu|Ice Spinner|p1a: Rillaboom\n|-supereffective|p1a: Rillaboom\n|-crit|p1a: Rillaboom\n|-damage|p1a: Rillaboom|13\/100\n|\n|-damage|p2a: Urshifu|18\/100 brn|[from] brn\n|upkeep\n|turn|9\n|-message|TarbiXZero forfeited.\n|\n|win|FoxDragon1\n|raw|TarbiXZero's rating: 1133 &rarr; <strong>1112<\/strong><br \/>(-21 for losing)\n|raw|FoxDragon1's rating: 1194 &rarr; <strong>1215<\/strong><br \/>(+21 for winning)\n|l|\u2606FoxDragon1\n","uploadtime":1700886158,"views":20,"p1id":"tarbixzero","p2id":"foxdragon1","formatid":"gen9vgc2023regulatione","rating":1112,"private":0,"password":""}