{"id":"gen9vgc2023regulatione-1998353217","p1":"texastrill713","p2":"PBpancake","format":"[Gen 9] VGC 2023 Regulation E","log":"|j|\u2606texastrill713\n|j|\u2606PBpancake\n|t:|1700932842\n|gametype|doubles\n|player|p1|texastrill713|lucas-gen4pt|1256\n|player|p2|PBpancake|2|1319\n|teamsize|p1|6\n|teamsize|p2|6\n|gen|9\n|tier|[Gen 9] VGC 2023 Regulation E\n|rated|\n|rule|Species Clause: Limit one of each Pok\u00e9mon\n|rule|Item Clause: Limit one of each item\n|clearpoke\n|poke|p1|Tyranitar, L50, F|\n|poke|p1|Houndstone, L50, M|\n|poke|p1|Mandibuzz, L50, F|\n|poke|p1|Rillaboom, L50, M|\n|poke|p1|Scizor, L50, F|\n|poke|p1|Flutter Mane, L50|\n|poke|p2|Chi-Yu, L50|\n|poke|p2|Ogerpon-Wellspring, L50, F|\n|poke|p2|Landorus-Therian, L50, M|\n|poke|p2|Ninetales-Alola, L50, M|\n|poke|p2|Iron Hands, L50|\n|poke|p2|Flutter Mane, L50|\n|teampreview|4\n|inactive|Battle timer is ON: inactive players will automatically lose when time's up. (requested by PBpancake)\n|inactive|texastrill713 has 60 seconds left.\n|inactive|PBpancake has 60 seconds left.\n|\n|t:|1700932887\n|start\n|switch|p1a: Tyranitar|Tyranitar, L50, F|100\/100\n|switch|p1b: Houndstone|Houndstone, L50, M|100\/100\n|switch|p2a: Nick Foles|Landorus-Therian, L50, M|100\/100\n|switch|p2b: Iron Hands|Iron Hands, L50|100\/100\n|-ability|p2a: Nick Foles|Intimidate|boost\n|-fail|p1a: Tyranitar|unboost|[from] item: Clear Amulet|[of] p1a: Tyranitar\n|-unboost|p1b: Houndstone|atk|1\n|-weather|Sandstorm|[from] ability: Sand Stream|[of] p1a: Tyranitar\n|turn|1\n|inactive|PBpancake has 30 seconds left.\n|inactive|PBpancake has 20 seconds left.\n|\n|t:|1700932924\n|move|p1a: Tyranitar|Protect|p1a: Tyranitar\n|-singleturn|p1a: Tyranitar|Protect\n|move|p2b: Iron Hands|Fake Out|p1a: Tyranitar\n|-activate|p1a: Tyranitar|move: Protect\n|move|p1b: Houndstone|Will-O-Wisp|p2a: Nick Foles\n|-status|p2a: Nick Foles|brn\n|move|p2a: Nick Foles|Stomping Tantrum|p1b: Houndstone\n|-damage|p1b: Houndstone|80\/100\n|-damage|p2a: Nick Foles|84\/100 brn|[from] item: Rocky Helmet|[of] p1b: Houndstone\n|\n|-weather|Sandstorm|[upkeep]\n|-damage|p2b: Iron Hands|94\/100|[from] Sandstorm\n|-damage|p2a: Nick Foles|78\/100 brn|[from] brn\n|upkeep\n|turn|2\n|inactive|texastrill713 has 30 seconds left.\n|inactive|PBpancake has 30 seconds left.\n|inactive|PBpancake has 20 seconds left.\n|\n|t:|1700932962\n|-end|p2b: Iron Hands|Quark Drive|[silent]\n|switch|p2b: Ninetales|Ninetales-Alola, L50, M|100\/100\n|-weather|Snow|[from] ability: Snow Warning|[of] p2b: Ninetales\n|switch|p1a: Rillaboom|Rillaboom, L50, M|100\/100\n|-fieldstart|move: Grassy Terrain|[from] ability: Grassy Surge|[of] p1a: Rillaboom\n|move|p2a: Nick Foles|Stomping Tantrum|p1a: Rillaboom\n|-resisted|p1a: Rillaboom\n|-crit|p1a: Rillaboom\n|-damage|p1a: Rillaboom|84\/100\n|move|p1b: Houndstone|Will-O-Wisp|p2b: Ninetales|[miss]\n|-miss|p1b: Houndstone|p2b: Ninetales\n|\n|-weather|Snow|[upkeep]\n|-heal|p1b: Houndstone|86\/100|[from] Grassy Terrain\n|-heal|p1a: Rillaboom|90\/100|[from] Grassy Terrain\n|-damage|p2a: Nick Foles|72\/100 brn|[from] brn\n|upkeep\n|turn|3\n|inactive|PBpancake has 30 seconds left.\n|\n|t:|1700932990\n|switch|p2a: Iron Hands|Iron Hands, L50|94\/100\n|switch|p1b: Scizor|Scizor, L50, F|100\/100\n|-terastallize|p2b: Ninetales|Ghost\n|move|p1a: Rillaboom|Fake Out|p2b: Ninetales\n|-immune|p2b: Ninetales\n|move|p2b: Ninetales|Aurora Veil|p2b: Ninetales\n|-sidestart|p2: PBpancake|move: Aurora Veil\n|\n|-weather|Snow|[upkeep]\n|-heal|p1a: Rillaboom|96\/100|[from] Grassy Terrain\n|-heal|p2a: Iron Hands|100\/100|[from] Grassy Terrain\n|upkeep\n|turn|4\n|inactive|texastrill713 has 30 seconds left.\n|inactive|PBpancake has 30 seconds left.\n|inactive|texastrill713 has 20 seconds left.\n|inactive|texastrill713 has 15 seconds left.\n|inactive|texastrill713 has 10 seconds left.\n|\n|t:|1700933035\n|switch|p2b: Nick Foles|Landorus-Therian, L50, M|72\/100 brn\n|-ability|p2b: Nick Foles|Intimidate|boost\n|-unboost|p1a: Rillaboom|atk|1\n|-unboost|p1b: Scizor|atk|1\n|switch|p1a: Houndstone|Houndstone, L50, M|86\/100\n|move|p2a: Iron Hands|Fake Out|p1a: Houndstone\n|-immune|p1a: Houndstone\n|move|p1b: Scizor|Bullet Punch|p2b: Nick Foles\n|-damage|p2b: Nick Foles|55\/100 brn\n|\n|-weather|Snow|[upkeep]\n|-heal|p1a: Houndstone|92\/100|[from] Grassy Terrain\n|-damage|p2b: Nick Foles|49\/100 brn|[from] brn\n|upkeep\n|turn|5\n|inactive|texastrill713 has 30 seconds left.\n|inactive|PBpancake has 30 seconds left.\n|\n|t:|1700933070\n|switch|p1b: Rillaboom|Rillaboom, L50, M|96\/100\n|move|p2b: Nick Foles|U-turn|p1b: Rillaboom\n|-supereffective|p1b: Rillaboom\n|-damage|p1b: Rillaboom|72\/100\n|inactive|PBpancake has 30 seconds left.\n|\n|t:|1700933095\n|switch|p2b: Chad Henne|Chi-Yu, L50|100\/100|[from] U-turn\n|-ability|p2b: Chad Henne|Beads of Ruin\n|move|p1a: Houndstone|Will-O-Wisp|p2a: Iron Hands\n|-status|p2a: Iron Hands|brn\n|move|p2a: Iron Hands|Drain Punch|p1b: Rillaboom\n|-damage|p1b: Rillaboom|51\/100\n|\n|-weather|Snow|[upkeep]\n|-heal|p1a: Houndstone|98\/100|[from] Grassy Terrain\n|-heal|p1b: Rillaboom|57\/100|[from] Grassy Terrain\n|-damage|p2a: Iron Hands|94\/100 brn|[from] brn\n|upkeep\n|turn|6\n|inactive|texastrill713 has 30 seconds left.\n|inactive|PBpancake has 30 seconds left.\n|\n|t:|1700933128\n|switch|p2b: Nick Foles|Landorus-Therian, L50, M|49\/100 brn\n|-ability|p2b: Nick Foles|Intimidate|boost\n|-unboost|p1a: Houndstone|atk|1\n|-unboost|p1b: Rillaboom|atk|1\n|switch|p1b: Tyranitar|Tyranitar, L50, F|100\/100\n|-weather|Sandstorm|[from] ability: Sand Stream|[of] p1b: Tyranitar\n|move|p2a: Iron Hands|Drain Punch|p1b: Tyranitar\n|-supereffective|p1b: Tyranitar\n|-damage|p1b: Tyranitar|34\/100\n|-heal|p2a: Iron Hands|100\/100 brn|[from] drain|[of] p1b: Tyranitar\n|move|p1a: Houndstone|Roar|p2b: Nick Foles\n|drag|p2b: Ninetales|Ninetales-Alola, L50, M, tera:Ghost|100\/100\n|-weather|Snow|[from] ability: Snow Warning|[of] p2b: Ninetales\n|\n|-weather|Snow|[upkeep]\n|-heal|p1a: Houndstone|100\/100|[from] Grassy Terrain\n|-heal|p1b: Tyranitar|40\/100|[from] Grassy Terrain\n|-damage|p2a: Iron Hands|94\/100 brn|[from] brn\n|-fieldend|move: Grassy Terrain\n|upkeep\n|turn|7\n|inactive|texastrill713 has 30 seconds left.\n|inactive|PBpancake has 30 seconds left.\n|inactive|PBpancake has 20 seconds left.\n|inactive|texastrill713 has 20 seconds left.\n|inactive|PBpancake has 15 seconds left.\n|inactive|texastrill713 has 15 seconds left.\n|inactive|PBpancake has 10 seconds left.\n|inactive|texastrill713 has 10 seconds left.\n|inactive|PBpancake has 5 seconds left.\n|inactive|texastrill713 has 5 seconds left.\n|\n|t:|1700933185\n|move|p2b: Ninetales|Protect|p2b: Ninetales\n|-singleturn|p2b: Ninetales|Protect\n|move|p2a: Iron Hands|Drain Punch|p1b: Tyranitar\n|-supereffective|p1b: Tyranitar\n|-damage|p1b: Tyranitar|0 fnt\n|-heal|p2a: Iron Hands|100\/100 brn|[from] drain|[of] p1b: Tyranitar\n|faint|p1b: Tyranitar\n|move|p1a: Houndstone|Roar|p2a: Iron Hands\n|-end|p2a: Iron Hands|Quark Drive|[silent]\n|drag|p2a: Nick Foles|Landorus-Therian, L50, M|49\/100 brn\n|-ability|p2a: Nick Foles|Intimidate|boost\n|-unboost|p1a: Houndstone|atk|1\n|\n|-weather|Snow|[upkeep]\n|-damage|p2a: Nick Foles|43\/100 brn|[from] brn\n|upkeep\n|inactive|texastrill713 has 30 seconds left.\n|c|\u2606texastrill713|Hiw fast is that hands jeeZ\n|\n|t:|1700933216\n|switch|p1b: Rillaboom|Rillaboom, L50, M|57\/100\n|-fieldstart|move: Grassy Terrain|[from] ability: Grassy Surge|[of] p1b: Rillaboom\n|turn|8\n|\n|t:|1700933233\n|switch|p1a: Scizor|Scizor, L50, F|100\/100\n|-terastallize|p1b: Rillaboom|Fire\n|move|p2a: Nick Foles|Rock Slide|p1a: Scizor|[spread] p1a\n|-miss|p2a: Nick Foles|p1b: Rillaboom\n|-damage|p1a: Scizor|90\/100\n|move|p2b: Ninetales|Blizzard|p1b: Rillaboom|[spread] p1a,p1b\n|-resisted|p1a: Scizor\n|-resisted|p1b: Rillaboom\n|-damage|p1a: Scizor|72\/100\n|-damage|p1b: Rillaboom|45\/100\n|move|p1b: Rillaboom|Wood Hammer|p2a: Nick Foles\n|-damage|p2a: Nick Foles|0 fnt\n|faint|p2a: Nick Foles\n|-damage|p1b: Rillaboom|33\/100|[from] Recoil\n|\n|-weather|Snow|[upkeep]\n|-heal|p1b: Rillaboom|39\/100|[from] Grassy Terrain\n|-heal|p1a: Scizor|78\/100|[from] Grassy Terrain\n|upkeep\n|inactive|PBpancake has 30 seconds left.\n|\n|t:|1700933260\n|switch|p2a: Chad Henne|Chi-Yu, L50|100\/100\n|-ability|p2a: Chad Henne|Beads of Ruin\n|turn|9\n|inactive|texastrill713 has 30 seconds left.\n|\n|t:|1700933285\n|switch|p1b: Houndstone|Houndstone, L50, M|100\/100\n|move|p1a: Scizor|Bullet Punch|p2b: Ninetales\n|-damage|p2b: Ninetales|66\/100\n|move|p2b: Ninetales|Blizzard|p1a: Scizor|[spread] p1a,p1b\n|-resisted|p1a: Scizor\n|-damage|p1a: Scizor|51\/100\n|-damage|p1b: Houndstone|69\/100\n|move|p2a: Chad Henne|Heat Wave|p1a: Scizor|[spread] p1a,p1b\n|-supereffective|p1a: Scizor\n|-damage|p1a: Scizor|0 fnt\n|-damage|p1b: Houndstone|1\/100\n|faint|p1a: Scizor\n|\n|-weather|Snow|[upkeep]\n|-heal|p2b: Ninetales|72\/100|[from] Grassy Terrain\n|-heal|p1b: Houndstone|7\/100|[from] Grassy Terrain\n|upkeep\n|\n|t:|1700933303\n|switch|p1a: Rillaboom|Rillaboom, L50, M, tera:Fire|39\/100\n|turn|10\n|\n|t:|1700933317\n|switch|p2a: Iron Hands|Iron Hands, L50|100\/100 brn\n|move|p1a: Rillaboom|Fake Out|p2a: Iron Hands\n|-damage|p2a: Iron Hands|94\/100 brn\n|move|p2b: Ninetales|Blizzard|p1a: Rillaboom|[spread] p1a,p1b\n|-resisted|p1a: Rillaboom\n|-damage|p1a: Rillaboom|28\/100\n|-damage|p1b: Houndstone|0 fnt\n|faint|p1b: Houndstone\n|\n|-weather|none\n|-heal|p2b: Ninetales|79\/100|[from] Grassy Terrain\n|-heal|p1a: Rillaboom|34\/100|[from] Grassy Terrain\n|-heal|p2a: Iron Hands|99\/100 brn|[from] Grassy Terrain\n|-damage|p2a: Iron Hands|94\/100 brn|[from] brn\n|-sideend|p2: PBpancake|move: Aurora Veil\n|upkeep\n|turn|11\n|c|\u2606texastrill713|Fuk u\n|\n|t:|1700933338\n|move|p1a: Rillaboom|Grassy Glide|p2a: Iron Hands\n|-damage|p2a: Iron Hands|70\/100 brn\n|move|p2b: Ninetales|Moonblast|p1a: Rillaboom\n|-resisted|p1a: Rillaboom\n|-crit|p1a: Rillaboom\n|-damage|p1a: Rillaboom|17\/100\n|move|p2a: Iron Hands|Drain Punch|p1a: Rillaboom\n|-damage|p1a: Rillaboom|0 fnt\n|-heal|p2a: Iron Hands|77\/100 brn|[from] drain|[of] p1a: Rillaboom\n|faint|p1a: Rillaboom\n|\n|win|PBpancake\n|raw|texastrill713's rating: 1256 &rarr; <strong>1235<\/strong><br \/>(-21 for losing)\n|raw|PBpancake's rating: 1319 &rarr; <strong>1335<\/strong><br \/>(+16 for winning)\n","uploadtime":1700933328,"views":0,"p1id":"texastrill713","p2id":"pbpancake","formatid":"gen9vgc2023regulatione","rating":1235,"private":0,"password":""}