{"id":"gen9vgc2023regulatione-1990939307","p1":"RaimuBeat","p2":"j1m13o","format":"[Gen 9] VGC 2023 Regulation E","log":"|j|\u2606RaimuBeat\n|j|\u2606j1m13o\n|t:|1700017437\n|gametype|doubles\n|player|p1|RaimuBeat|caitlin|1223\n|player|p2|j1m13o|102|1197\n|teamsize|p1|6\n|teamsize|p2|6\n|gen|9\n|tier|[Gen 9] VGC 2023 Regulation E\n|rated|\n|rule|Species Clause: Limit one of each Pok\u00e9mon\n|rule|Item Clause: Limit one of each item\n|clearpoke\n|poke|p1|Ogerpon-Hearthflame, L50, F|\n|poke|p1|Fezandipiti, L50, M|\n|poke|p1|Sinistcha, L50|\n|poke|p1|Arcanine-Hisui, L50, M|\n|poke|p1|Ursaluna-Bloodmoon, L50, M|\n|poke|p1|Milotic, L50, F|\n|poke|p2|Ursaluna-Bloodmoon, L50, M|\n|poke|p2|Torkoal, L50, F|\n|poke|p2|Dusclops, L50, M|\n|poke|p2|Clefable, L50, F|\n|poke|p2|Golem-Alola, L50, M|\n|poke|p2|Lucario, L50, F|\n|teampreview|4\n|\n|t:|1700017450\n|start\n|switch|p1a: Chai|Sinistcha, L50|100\/100\n|switch|p1b: Nutmeg|Ursaluna-Bloodmoon, L50, M|100\/100\n|switch|p2a: Mr. Hands|Dusclops, L50, M|100\/100\n|switch|p2b: Clefable|Clefable, L50, F|100\/100\n|-item|p1a: Chai|Leftovers|[from] ability: Frisk|[of] p2a: Mr. Hands|[identify]\n|-item|p1b: Nutmeg|Silk Scarf|[from] ability: Frisk|[of] p2a: Mr. Hands|[identify]\n|turn|1\n|\n|t:|1700017484\n|move|p2b: Clefable|Follow Me|p2b: Clefable\n|-singleturn|p2b: Clefable|move: Follow Me\n|move|p1a: Chai|Matcha Gotcha|p2a: Mr. Hands|[spread] p2a,p2b\n|-damage|p2a: Mr. Hands|88\/100\n|-damage|p2b: Clefable|83\/100\n|-enditem|p2b: Clefable|Eject Button\n|\n|t:|1700017493\n|switch|p2b: Torkoal|Torkoal, L50, F|100\/100\n|-weather|SunnyDay|[from] ability: Drought|[of] p2b: Torkoal\n|move|p1b: Nutmeg|Calm Mind|p1b: Nutmeg\n|-boost|p1b: Nutmeg|spa|1\n|-boost|p1b: Nutmeg|spd|1\n|move|p2a: Mr. Hands|Trick Room|p2a: Mr. Hands\n|-fieldstart|move: Trick Room|[of] p2a: Mr. Hands\n|\n|-weather|SunnyDay|[upkeep]\n|upkeep\n|turn|2\n|\n|t:|1700017510\n|-terastallize|p1a: Chai|Water\n|move|p2a: Mr. Hands|Helping Hand|p2b: Torkoal\n|-singleturn|p2b: Torkoal|Helping Hand|[of] p2a: Mr. Hands\n|move|p2b: Torkoal|Eruption|p1a: Chai|[spread] p1a,p1b\n|-resisted|p1a: Chai\n|-crit|p1a: Chai\n|-damage|p1a: Chai|0 fnt\n|-damage|p1b: Nutmeg|8\/100\n|faint|p1a: Chai\n|move|p1b: Nutmeg|Earth Power|p2b: Torkoal\n|-supereffective|p2b: Torkoal\n|-damage|p2b: Torkoal|0 fnt\n|faint|p2b: Torkoal\n|\n|-weather|SunnyDay|[upkeep]\n|upkeep\n|\n|t:|1700017523\n|switch|p2b: Ursaluna|Ursaluna-Bloodmoon, L50, M|100\/100\n|switch|p1a: Mint|Milotic, L50, F, shiny|100\/100\n|turn|3\n|\n|t:|1700017534\n|-terastallize|p2b: Ursaluna|Normal\n|move|p2a: Mr. Hands|Helping Hand|p2b: Ursaluna\n|-singleturn|p2b: Ursaluna|Helping Hand|[of] p2a: Mr. Hands\n|move|p2b: Ursaluna|Hyper Voice|p1a: Mint|[spread] p1a,p1b\n|-enditem|p2b: Ursaluna|Normal Gem|[from] gem\n|-damage|p1a: Mint|30\/100\n|-damage|p1b: Nutmeg|0 fnt\n|faint|p1b: Nutmeg\n|move|p1a: Mint|Scald|p2b: Ursaluna\n|-damage|p2b: Ursaluna|77\/100\n|-status|p2b: Ursaluna|brn\n|\n|-weather|SunnyDay|[upkeep]\n|-damage|p2b: Ursaluna|71\/100 brn|[from] brn\n|upkeep\n|c|\u2606RaimuBeat|Damn slow ties, LOL\n|c|\u2606j1m13o|dont throw\n|\n|t:|1700017549\n|switch|p1b: Mustard|Arcanine-Hisui, L50, M, shiny|100\/100\n|turn|4\n|\n|t:|1700017562\n|move|p2a: Mr. Hands|Helping Hand|p2b: Ursaluna\n|-singleturn|p2b: Ursaluna|Helping Hand|[of] p2a: Mr. Hands\n|move|p1b: Mustard|Extreme Speed|p2b: Ursaluna\n|-damage|p2b: Ursaluna|49\/100 brn\n|-damage|p1b: Mustard|90\/100|[from] item: Life Orb\n|move|p2b: Ursaluna|Hyper Voice|p1a: Mint|[spread] p1a,p1b\n|-resisted|p1b: Mustard\n|-damage|p1a: Mint|0 fnt\n|-damage|p1b: Mustard|38\/100\n|faint|p1a: Mint\n|\n|-weather|SunnyDay|[upkeep]\n|-damage|p2b: Ursaluna|43\/100 brn|[from] brn\n|upkeep\n|turn|5\n|c|\u2606j1m13o|womp womp\n|\n|t:|1700017577\n|move|p2a: Mr. Hands|Helping Hand|p2b: Ursaluna\n|-singleturn|p2b: Ursaluna|Helping Hand|[of] p2a: Mr. Hands\n|move|p1b: Mustard|Protect|p1b: Mustard\n|-singleturn|p1b: Mustard|Protect\n|move|p2b: Ursaluna|Earth Power|p1b: Mustard\n|-activate|p1b: Mustard|move: Protect\n|\n|-weather|none\n|-damage|p2b: Ursaluna|37\/100 brn|[from] brn\n|-fieldend|move: Trick Room\n|upkeep\n|turn|6\n|c|\u2606RaimuBeat|The only reason I forfeit is if I have a really drawn out loss on my hands\n|\n|t:|1700017590\n|move|p2b: Ursaluna|Protect|p2b: Ursaluna\n|-singleturn|p2b: Ursaluna|Protect\n|move|p1b: Mustard|Flare Blitz|p2b: Ursaluna\n|-activate|p2b: Ursaluna|move: Protect\n|move|p2a: Mr. Hands|Trick Room|p2a: Mr. Hands\n|-fieldstart|move: Trick Room|[of] p2a: Mr. Hands\n|\n|-damage|p2b: Ursaluna|31\/100 brn|[from] brn\n|upkeep\n|turn|7\n|\n|t:|1700017600\n|move|p2a: Mr. Hands|Helping Hand|p2b: Ursaluna\n|-singleturn|p2b: Ursaluna|Helping Hand|[of] p2a: Mr. Hands\n|move|p1b: Mustard|Extreme Speed|p2b: Ursaluna\n|-damage|p2b: Ursaluna|7\/100 brn\n|-damage|p1b: Mustard|28\/100|[from] item: Life Orb\n|move|p2b: Ursaluna|Earth Power|p1b: Mustard\n|-supereffective|p1b: Mustard\n|-damage|p1b: Mustard|0 fnt\n|faint|p1b: Mustard\n|\n|win|j1m13o\n|raw|RaimuBeat's rating: 1223 &rarr; <strong>1196<\/strong><br \/>(-27 for losing)\n|raw|j1m13o's rating: 1197 &rarr; <strong>1224<\/strong><br \/>(+27 for winning)\n|c|\u2606j1m13o|lol\n|c|\u2606RaimuBeat|gg\n|c|\u2606j1m13o|gg\n","uploadtime":1700017610,"views":31,"p1id":"raimubeat","p2id":"j1m13o","formatid":"gen9vgc2023regulatione","rating":1196,"private":0,"password":""}