{"id":"gen9vgc2023regulatione-1992843659","p1":"Evasionx","p2":"nyanfish06","format":"[Gen 9] VGC 2023 Regulation E","log":"|j|\u2606Evasionx\n|j|\u2606nyanfish06\n|t:|1700240272\n|gametype|doubles\n|player|p1|Evasionx|266|1069\n|player|p2|nyanfish06|2|1117\n|teamsize|p1|6\n|teamsize|p2|6\n|gen|9\n|tier|[Gen 9] VGC 2023 Regulation E\n|rated|\n|rule|Species Clause: Limit one of each Pok\u00e9mon\n|rule|Item Clause: Limit one of each item\n|clearpoke\n|poke|p1|Rillaboom, L50, M|\n|poke|p1|Volcarona, L50, F|\n|poke|p1|Corviknight, L50, F|\n|poke|p1|Ninetales-Alola, L50, M|\n|poke|p1|Landorus-Therian, L50, M|\n|poke|p1|Ogerpon-Wellspring, L50, F|\n|poke|p2|Flutter Mane, L50|\n|poke|p2|Gholdengo, L50|\n|poke|p2|Iron Hands, L50|\n|poke|p2|Sinistcha, L50|\n|poke|p2|Heatran, L50, F|\n|poke|p2|Sableye, L50, M|\n|teampreview|4\n|inactive|Battle timer is ON: inactive players will automatically lose when time's up. (requested by nyanfish06)\n|inactive|Evasionx has 60 seconds left.\n|\n|t:|1700240315\n|start\n|switch|p1a: Rillaboom|Rillaboom, L50, M|100\/100\n|switch|p1b: Volcarona|Volcarona, L50, F|100\/100\n|switch|p2a: Heatran|Heatran, L50, F|100\/100\n|switch|p2b: Sableye|Sableye, L50, M|100\/100\n|-fieldstart|move: Grassy Terrain|[from] ability: Grassy Surge|[of] p1a: Rillaboom\n|turn|1\n|inactive|Evasionx has 30 seconds left.\n|inactive|Evasionx has 20 seconds left.\n|\n|t:|1700240353\n|-terastallize|p1b: Volcarona|Ground\n|move|p1a: Rillaboom|Fake Out|p2a: Heatran\n|-resisted|p2a: Heatran\n|-damage|p2a: Heatran|94\/100\n|move|p2b: Sableye|Fake Out|p1b: Volcarona\n|-damage|p1b: Volcarona|91\/100\n|cant|p1b: Volcarona|flinch\n|cant|p2a: Heatran|flinch\n|\n|-heal|p1b: Volcarona|97\/100|[from] Grassy Terrain\n|-heal|p1b: Volcarona|100\/100|[from] item: Leftovers\n|-heal|p2a: Heatran|99\/100|[from] Grassy Terrain\n|upkeep\n|turn|2\n|\n|t:|1700240370\n|switch|p2a: Sinistcha|Sinistcha, L50|100\/100\n|move|p2b: Sableye|Reflect|p2b: Sableye\n|-sidestart|p2: nyanfish06|Reflect\n|move|p1b: Volcarona|Quiver Dance|p1b: Volcarona\n|-boost|p1b: Volcarona|spa|1\n|-boost|p1b: Volcarona|spd|1\n|-boost|p1b: Volcarona|spe|1\n|move|p1a: Rillaboom|Wood Hammer|p2b: Sableye\n|-damage|p2b: Sableye|24\/100\n|-damage|p1a: Rillaboom|81\/100|[from] Recoil\n|\n|-heal|p1a: Rillaboom|87\/100|[from] Grassy Terrain\n|-heal|p2b: Sableye|30\/100|[from] Grassy Terrain\n|upkeep\n|turn|3\n|\n|t:|1700240387\n|move|p1b: Volcarona|Protect|p1b: Volcarona\n|-singleturn|p1b: Volcarona|Protect\n|move|p1a: Rillaboom|Wood Hammer|p2b: Sableye\n|-damage|p2b: Sableye|0 fnt\n|faint|p2b: Sableye\n|-damage|p1a: Rillaboom|79\/100|[from] Recoil\n|move|p2a: Sinistcha|Matcha Gotcha|p1a: Rillaboom|[spread] p1a\n|-activate|p1b: Volcarona|move: Protect\n|-resisted|p1a: Rillaboom\n|-damage|p1a: Rillaboom|67\/100\n|\n|-heal|p1a: Rillaboom|73\/100|[from] Grassy Terrain\n|upkeep\n|\n|t:|1700240402\n|switch|p2b: Iron Hands|Iron Hands, L50|100\/100\n|turn|4\n|inactive|Evasionx has 30 seconds left.\n|\n|t:|1700240428\n|switch|p1a: Ninetales|Ninetales-Alola, L50, M|100\/100\n|-weather|Snow|[from] ability: Snow Warning|[of] p1a: Ninetales\n|move|p2b: Iron Hands|Fake Out|p1b: Volcarona\n|-damage|p1b: Volcarona|81\/100\n|-status|p2b: Iron Hands|brn|[from] ability: Flame Body|[of] p1b: Volcarona\n|cant|p1b: Volcarona|flinch\n|move|p2a: Sinistcha|Matcha Gotcha|p1a: Ninetales|[spread] p1a,p1b\n|-supereffective|p1b: Volcarona\n|-damage|p1a: Ninetales|64\/100\n|-damage|p1b: Volcarona|43\/100\n|-status|p1a: Ninetales|brn\n|-status|p1b: Volcarona|brn\n|\n|-weather|Snow|[upkeep]\n|-heal|p1b: Volcarona|49\/100 brn|[from] Grassy Terrain\n|-heal|p1b: Volcarona|56\/100 brn|[from] item: Leftovers\n|-heal|p1a: Ninetales|70\/100 brn|[from] Grassy Terrain\n|-damage|p1b: Volcarona|49\/100 brn|[from] brn\n|-damage|p1a: Ninetales|64\/100 brn|[from] brn\n|-damage|p2b: Iron Hands|94\/100 brn|[from] brn\n|upkeep\n|turn|5\n|inactive|Evasionx has 30 seconds left.\n|inactive|nyanfish06 has 30 seconds left.\n|inactive|nyanfish06 has 20 seconds left.\n|inactive|nyanfish06 has 15 seconds left.\n|\n|t:|1700240469\n|switch|p2a: Heatran|Heatran, L50, F|99\/100\n|move|p1b: Volcarona|Protect|p1b: Volcarona\n|-singleturn|p1b: Volcarona|Protect\n|move|p1a: Ninetales|Aurora Veil|p1a: Ninetales\n|-sidestart|p1: Evasionx|move: Aurora Veil\n|move|p2b: Iron Hands|Drain Punch|p1a: Ninetales\n|-damage|p1a: Ninetales|49\/100 brn\n|-heal|p2b: Iron Hands|99\/100 brn|[from] drain|[of] p1a: Ninetales\n|\n|-weather|Snow|[upkeep]\n|-heal|p1b: Volcarona|56\/100 brn|[from] Grassy Terrain\n|-heal|p1b: Volcarona|62\/100 brn|[from] item: Leftovers\n|-heal|p1a: Ninetales|55\/100 brn|[from] Grassy Terrain\n|-heal|p2a: Heatran|100\/100|[from] Grassy Terrain\n|-heal|p2b: Iron Hands|100\/100 brn|[from] Grassy Terrain\n|-damage|p1b: Volcarona|56\/100 brn|[from] brn\n|-damage|p1a: Ninetales|49\/100 brn|[from] brn\n|-damage|p2b: Iron Hands|94\/100 brn|[from] brn\n|-fieldend|move: Grassy Terrain\n|upkeep\n|turn|6\n|inactive|Evasionx has 30 seconds left.\n|inactive|Evasionx has 20 seconds left.\n|inactive|Evasionx has 15 seconds left.\n|\n|t:|1700240511\n|move|p1b: Volcarona|Tera Blast|p2a: Heatran|[anim] Tera Blast Ground\n|-supereffective|p2a: Heatran\n|-crit|p2a: Heatran\n|-damage|p2a: Heatran|0 fnt\n|faint|p2a: Heatran\n|move|p1a: Ninetales|Dazzling Gleam|p2b: Iron Hands\n|-supereffective|p2b: Iron Hands\n|-damage|p2b: Iron Hands|59\/100 brn\n|move|p2b: Iron Hands|Heavy Slam|p1a: Ninetales\n|-supereffective|p1a: Ninetales\n|-damage|p1a: Ninetales|0 fnt\n|faint|p1a: Ninetales\n|\n|-weather|Snow|[upkeep]\n|-heal|p1b: Volcarona|62\/100 brn|[from] item: Leftovers\n|-damage|p1b: Volcarona|56\/100 brn|[from] brn\n|-damage|p2b: Iron Hands|53\/100 brn|[from] brn\n|upkeep\n|\n|t:|1700240528\n|switch|p1a: Rillaboom|Rillaboom, L50, M|73\/100\n|switch|p2a: Sinistcha|Sinistcha, L50|100\/100\n|-fieldstart|move: Grassy Terrain|[from] ability: Grassy Surge|[of] p1a: Rillaboom\n|-heal|p2b: Iron Hands|78\/100 brn|[from] ability: Hospitality|[of] p2a: Sinistcha\n|turn|7\n|\n|t:|1700240549\n|move|p1a: Rillaboom|Fake Out|p2a: Sinistcha\n|-immune|p2a: Sinistcha\n|move|p1b: Volcarona|Tera Blast|p2b: Iron Hands|[anim] Tera Blast Ground\n|-supereffective|p2b: Iron Hands\n|-crit|p2b: Iron Hands\n|-damage|p2b: Iron Hands|0 fnt\n|faint|p2b: Iron Hands\n|-end|p2b: Iron Hands|Quark Drive|[silent]\n|move|p2a: Sinistcha|Trick Room|p2a: Sinistcha\n|-fieldstart|move: Trick Room|[of] p2a: Sinistcha\n|\n|-weather|Snow|[upkeep]\n|-heal|p1a: Rillaboom|78\/100|[from] Grassy Terrain\n|-heal|p1b: Volcarona|62\/100 brn|[from] Grassy Terrain\n|-heal|p1b: Volcarona|68\/100 brn|[from] item: Leftovers\n|-damage|p1b: Volcarona|62\/100 brn|[from] brn\n|upkeep\n|turn|8\n|\n|t:|1700240565\n|move|p1b: Volcarona|Protect|p1b: Volcarona\n|-singleturn|p1b: Volcarona|Protect\n|move|p2a: Sinistcha|Matcha Gotcha|p1a: Rillaboom|[spread] p1a\n|-activate|p1b: Volcarona|move: Protect\n|-resisted|p1a: Rillaboom\n|-damage|p1a: Rillaboom|70\/100\n|-status|p1a: Rillaboom|brn\n|move|p1a: Rillaboom|U-turn|p2a: Sinistcha\n|-damage|p2a: Sinistcha|95\/100\n|-damage|p1a: Rillaboom|53\/100 brn|[from] item: Rocky Helmet|[of] p2a: Sinistcha\n|\n|t:|1700240577\n|switch|p1a: Corviknight|Corviknight, L50, F|100\/100|[from] U-turn\n|\n|-weather|none\n|-heal|p2a: Sinistcha|100\/100|[from] Grassy Terrain\n|-heal|p1b: Volcarona|68\/100 brn|[from] Grassy Terrain\n|-heal|p1b: Volcarona|74\/100 brn|[from] item: Leftovers\n|-damage|p1b: Volcarona|68\/100 brn|[from] brn\n|upkeep\n|turn|9\n|\n|t:|1700240598\n|-terastallize|p2a: Sinistcha|Steel\n|move|p2a: Sinistcha|Matcha Gotcha|p1b: Volcarona|[spread] p1a,p1b\n|-resisted|p1a: Corviknight\n|-supereffective|p1b: Volcarona\n|-crit|p1b: Volcarona\n|-damage|p1a: Corviknight|96\/100\n|-damage|p1b: Volcarona|0 fnt\n|faint|p1b: Volcarona\n|move|p1a: Corviknight|Brave Bird|p2a: Sinistcha\n|-resisted|p2a: Sinistcha\n|-damage|p2a: Sinistcha|92\/100\n|-damage|p1a: Corviknight|79\/100|[from] item: Rocky Helmet|[of] p2a: Sinistcha\n|-damage|p1a: Corviknight|77\/100|[from] Recoil\n|\n|-heal|p2a: Sinistcha|98\/100|[from] Grassy Terrain\n|-sideend|p2: nyanfish06|Reflect\n|-sideend|p1: Evasionx|move: Aurora Veil\n|upkeep\n|\n|t:|1700240612\n|switch|p1b: Rillaboom|Rillaboom, L50, M|53\/100 brn\n|turn|10\n|\n|t:|1700240623\n|move|p1b: Rillaboom|Fake Out|p2a: Sinistcha\n|-resisted|p2a: Sinistcha\n|-damage|p2a: Sinistcha|95\/100\n|-damage|p1b: Rillaboom|37\/100 brn|[from] item: Rocky Helmet|[of] p2a: Sinistcha\n|cant|p2a: Sinistcha|flinch\n|move|p1a: Corviknight|Body Press|p2a: Sinistcha\n|-supereffective|p2a: Sinistcha\n|-damage|p2a: Sinistcha|62\/100\n|-damage|p1a: Corviknight|60\/100|[from] item: Rocky Helmet|[of] p2a: Sinistcha\n|\n|-heal|p2a: Sinistcha|68\/100|[from] Grassy Terrain\n|-heal|p1b: Rillaboom|43\/100 brn|[from] Grassy Terrain\n|-damage|p1b: Rillaboom|37\/100 brn|[from] brn\n|upkeep\n|turn|11\n|\n|t:|1700240645\n|move|p2a: Sinistcha|Strength Sap|p1a: Corviknight\n|-ability|p1a: Corviknight|Mirror Armor\n|-unboost|p2a: Sinistcha|atk|1\n|-heal|p2a: Sinistcha|100\/100\n|move|p1a: Corviknight|Body Press|p2a: Sinistcha\n|-supereffective|p2a: Sinistcha\n|-damage|p2a: Sinistcha|67\/100\n|-damage|p1a: Corviknight|44\/100|[from] item: Rocky Helmet|[of] p2a: Sinistcha\n|-enditem|p1a: Corviknight|Sitrus Berry|[eat]\n|-heal|p1a: Corviknight|69\/100|[from] item: Sitrus Berry\n|move|p1b: Rillaboom|Wood Hammer|p2a: Sinistcha\n|-resisted|p2a: Sinistcha\n|-damage|p2a: Sinistcha|52\/100\n|-damage|p1b: Rillaboom|20\/100 brn|[from] item: Rocky Helmet|[of] p2a: Sinistcha\n|-damage|p1b: Rillaboom|16\/100 brn|[from] Recoil\n|\n|-heal|p2a: Sinistcha|58\/100|[from] Grassy Terrain\n|-heal|p1b: Rillaboom|22\/100 brn|[from] Grassy Terrain\n|-damage|p1b: Rillaboom|16\/100 brn|[from] brn\n|-fieldend|move: Trick Room\n|-fieldend|move: Grassy Terrain\n|upkeep\n|turn|12\n|inactive|Evasionx has 30 seconds left.\n|\n|t:|1700240671\n|move|p1b: Rillaboom|Wood Hammer|p2a: Sinistcha\n|-resisted|p2a: Sinistcha\n|-damage|p2a: Sinistcha|47\/100\n|-damage|p1b: Rillaboom|0 fnt|[from] item: Rocky Helmet|[of] p2a: Sinistcha\n|faint|p1b: Rillaboom\n|move|p1a: Corviknight|Body Press|p2a: Sinistcha\n|-supereffective|p2a: Sinistcha\n|-damage|p2a: Sinistcha|15\/100\n|-damage|p1a: Corviknight|52\/100|[from] item: Rocky Helmet|[of] p2a: Sinistcha\n|move|p2a: Sinistcha|Strength Sap|p1a: Corviknight\n|-ability|p1a: Corviknight|Mirror Armor\n|-unboost|p2a: Sinistcha|atk|1\n|-heal|p2a: Sinistcha|76\/100\n|\n|upkeep\n|turn|13\n|\n|t:|1700240691\n|move|p1a: Corviknight|Roost|p1a: Corviknight\n|-heal|p1a: Corviknight|100\/100\n|-singleturn|p1a: Corviknight|move: Roost\n|move|p2a: Sinistcha|Strength Sap|p1a: Corviknight\n|-ability|p1a: Corviknight|Mirror Armor\n|-unboost|p2a: Sinistcha|atk|1\n|-heal|p2a: Sinistcha|100\/100\n|\n|upkeep\n|turn|14\n|\n|t:|1700240708\n|move|p1a: Corviknight|Body Press|p2a: Sinistcha\n|-supereffective|p2a: Sinistcha\n|-damage|p2a: Sinistcha|67\/100\n|-damage|p1a: Corviknight|84\/100|[from] item: Rocky Helmet|[of] p2a: Sinistcha\n|move|p2a: Sinistcha|Matcha Gotcha|p1a: Corviknight\n|-resisted|p1a: Corviknight\n|-damage|p1a: Corviknight|76\/100\n|-heal|p2a: Sinistcha|71\/100|[from] drain|[of] p1a: Corviknight\n|\n|upkeep\n|turn|15\n|\n|t:|1700240727\n|move|p1a: Corviknight|Body Press|p2a: Sinistcha\n|-supereffective|p2a: Sinistcha\n|-damage|p2a: Sinistcha|36\/100\n|-damage|p1a: Corviknight|60\/100|[from] item: Rocky Helmet|[of] p2a: Sinistcha\n|move|p2a: Sinistcha|Matcha Gotcha|p1a: Corviknight\n|-resisted|p1a: Corviknight\n|-damage|p1a: Corviknight|52\/100\n|-heal|p2a: Sinistcha|41\/100|[from] drain|[of] p1a: Corviknight\n|\n|upkeep\n|turn|16\n|\n|t:|1700240751\n|move|p1a: Corviknight|Body Press|p2a: Sinistcha\n|-supereffective|p2a: Sinistcha\n|-damage|p2a: Sinistcha|8\/100\n|-damage|p1a: Corviknight|36\/100|[from] item: Rocky Helmet|[of] p2a: Sinistcha\n|move|p2a: Sinistcha|Strength Sap|p1a: Corviknight\n|-ability|p1a: Corviknight|Mirror Armor\n|-unboost|p2a: Sinistcha|atk|1\n|-heal|p2a: Sinistcha|69\/100\n|\n|upkeep\n|turn|17\n|\n|t:|1700240762\n|move|p1a: Corviknight|Roost|p1a: Corviknight\n|-heal|p1a: Corviknight|86\/100\n|-singleturn|p1a: Corviknight|move: Roost\n|move|p2a: Sinistcha|Strength Sap|p1a: Corviknight\n|-ability|p1a: Corviknight|Mirror Armor\n|-unboost|p2a: Sinistcha|atk|1\n|-heal|p2a: Sinistcha|100\/100\n|\n|upkeep\n|turn|18\n|\n|t:|1700240773\n|move|p1a: Corviknight|Body Press|p2a: Sinistcha\n|-supereffective|p2a: Sinistcha\n|-damage|p2a: Sinistcha|66\/100\n|-damage|p1a: Corviknight|69\/100|[from] item: Rocky Helmet|[of] p2a: Sinistcha\n|move|p2a: Sinistcha|Matcha Gotcha|p1a: Corviknight\n|-resisted|p1a: Corviknight\n|-damage|p1a: Corviknight|62\/100\n|-heal|p2a: Sinistcha|70\/100|[from] drain|[of] p1a: Corviknight\n|-status|p1a: Corviknight|brn\n|\n|-damage|p1a: Corviknight|56\/100 brn|[from] brn\n|upkeep\n|turn|19\n|\n|t:|1700240787\n|move|p1a: Corviknight|Body Press|p2a: Sinistcha\n|-supereffective|p2a: Sinistcha\n|-damage|p2a: Sinistcha|52\/100\n|-damage|p1a: Corviknight|40\/100 brn|[from] item: Rocky Helmet|[of] p2a: Sinistcha\n|move|p2a: Sinistcha|Trick Room|p2a: Sinistcha\n|-fieldstart|move: Trick Room|[of] p2a: Sinistcha\n|\n|-damage|p1a: Corviknight|34\/100 brn|[from] brn\n|upkeep\n|turn|20\n|\n|t:|1700240795\n|move|p2a: Sinistcha|Strength Sap|p1a: Corviknight\n|-ability|p1a: Corviknight|Mirror Armor\n|-unboost|p2a: Sinistcha|atk|1\n|-heal|p2a: Sinistcha|100\/100\n|move|p1a: Corviknight|Roost|p1a: Corviknight\n|-heal|p1a: Corviknight|84\/100 brn\n|-singleturn|p1a: Corviknight|move: Roost\n|\n|-damage|p1a: Corviknight|78\/100 brn|[from] brn\n|upkeep\n|turn|21\n|inactive|Evasionx has 30 seconds left.\n|inactive|Evasionx has 20 seconds left.\n|\n|t:|1700240813\n|move|p2a: Sinistcha|Matcha Gotcha|p1a: Corviknight\n|-resisted|p1a: Corviknight\n|-damage|p1a: Corviknight|71\/100 brn\n|move|p1a: Corviknight|Tailwind|p1a: Corviknight\n|-sidestart|p1: Evasionx|move: Tailwind\n|\n|-damage|p1a: Corviknight|65\/100 brn|[from] brn\n|upkeep\n|turn|22\n|inactive|Evasionx has 20 seconds left this turn.\n|inactive|Evasionx has 15 seconds left.\n|inactive|Evasionx has 10 seconds left.\n|\n|t:|1700240823\n|move|p2a: Sinistcha|Matcha Gotcha|p1a: Corviknight\n|-resisted|p1a: Corviknight\n|-damage|p1a: Corviknight|58\/100 brn\n|move|p1a: Corviknight|Body Press|p2a: Sinistcha\n|-supereffective|p2a: Sinistcha\n|-damage|p2a: Sinistcha|85\/100\n|-damage|p1a: Corviknight|42\/100 brn|[from] item: Rocky Helmet|[of] p2a: Sinistcha\n|\n|-damage|p1a: Corviknight|36\/100 brn|[from] brn\n|upkeep\n|turn|23\n|inactive|Evasionx has 10 seconds left this turn.\n|inactive|Evasionx has 5 seconds left.\n|\n|t:|1700240833\n|move|p2a: Sinistcha|Matcha Gotcha|p1a: Corviknight\n|-resisted|p1a: Corviknight\n|-crit|p1a: Corviknight\n|-damage|p1a: Corviknight|25\/100 brn\n|-heal|p2a: Sinistcha|91\/100|[from] drain|[of] p1a: Corviknight\n|move|p1a: Corviknight|Roost|p1a: Corviknight\n|-heal|p1a: Corviknight|75\/100 brn\n|-singleturn|p1a: Corviknight|move: Roost\n|\n|-damage|p1a: Corviknight|69\/100 brn|[from] brn\n|-fieldend|move: Trick Room\n|upkeep\n|turn|24\n|inactive|Evasionx has 5 seconds left this turn.\n|-message|Evasionx lost due to inactivity.\n|\n|win|nyanfish06\n|raw|Evasionx's rating: 1069 &rarr; <strong>1051<\/strong><br \/>(-18 for losing)\n|raw|nyanfish06's rating: 1117 &rarr; <strong>1139<\/strong><br \/>(+22 for winning)\n","uploadtime":1700240852,"views":22,"p1id":"evasionx","p2id":"nyanfish06","formatid":"gen9vgc2023regulatione","rating":1051,"private":0,"password":""}