{"id":"gen9vgc2023regulatione-1993541647","p1":"sammy324","p2":"pickgengar","format":"[Gen 9] VGC 2023 Regulation E","log":"|j|\u2606sammy324\n|j|\u2606pickgengar\n|t:|1700329779\n|gametype|doubles\n|player|p1|sammy324|170|1170\n|player|p2|pickgengar|rocketgruntf|1212\n|teamsize|p1|6\n|teamsize|p2|6\n|gen|9\n|tier|[Gen 9] VGC 2023 Regulation E\n|rated|\n|rule|Species Clause: Limit one of each Pok\u00e9mon\n|rule|Item Clause: Limit one of each item\n|clearpoke\n|poke|p1|Kingambit, L50, M|\n|poke|p1|Clefairy, L50, M|\n|poke|p1|Heatran, L50, M|\n|poke|p1|Rillaboom, L50, M|\n|poke|p1|Landorus-Therian, L50, M|\n|poke|p1|Pelipper, L50, F|\n|poke|p2|Brambleghast, L50, F|\n|poke|p2|Roaring Moon, L50|\n|poke|p2|Iron Hands, L50|\n|poke|p2|Landorus-Therian, L50, M|\n|poke|p2|Milotic, L50, F|\n|poke|p2|Flutter Mane, L50|\n|teampreview|4\npickgengar has agreed to open team sheets.\nsammy324 rejected open team sheets.\n|inactive|Battle timer is ON: inactive players will automatically lose when time's up. (requested by pickgengar)\n|\n|t:|1700329832\n|start\n|switch|p1a: Rillaboom|Rillaboom, L50, M|100\/100\n|switch|p1b: Kingambit|Kingambit, L50, M|100\/100\n|switch|p2a: Roaring Moon|Roaring Moon, L50|100\/100\n|switch|p2b: Milotic|Milotic, L50, F|100\/100\n|-fieldstart|move: Grassy Terrain|[from] ability: Grassy Surge|[of] p1a: Rillaboom\n|-enditem|p2a: Roaring Moon|Booster Energy\n|-activate|p2a: Roaring Moon|ability: Protosynthesis|[fromitem]\n|-start|p2a: Roaring Moon|protosynthesisspe\n|turn|1\n|\n|t:|1700329855\n|move|p1a: Rillaboom|Fake Out|p2a: Roaring Moon\n|-damage|p2a: Roaring Moon|89\/100\n|cant|p2a: Roaring Moon|flinch\n|move|p2b: Milotic|Icy Wind|p1b: Kingambit|[spread] p1a,p1b\n|-supereffective|p1a: Rillaboom\n|-resisted|p1b: Kingambit\n|-damage|p1a: Rillaboom|81\/100\n|-damage|p1b: Kingambit|94\/100\n|-unboost|p1a: Rillaboom|spe|1\n|-unboost|p1b: Kingambit|spe|1\n|-ability|p1b: Kingambit|Defiant|boost\n|-boost|p1b: Kingambit|atk|2\n|move|p1b: Kingambit|Swords Dance|p1b: Kingambit\n|-boost|p1b: Kingambit|atk|2\n|\n|-heal|p2a: Roaring Moon|95\/100|[from] Grassy Terrain\n|-heal|p1a: Rillaboom|87\/100|[from] Grassy Terrain\n|-heal|p1b: Kingambit|100\/100|[from] Grassy Terrain\n|upkeep\n|turn|2\n|c|\u2606sammy324|uhhh\n|c|\u2606sammy324|you messed up\n|inactive|sammy324 has 30 seconds left.\n|inactive|pickgengar has 30 seconds left.\n|\n|t:|1700329886\n|-terastallize|p2a: Roaring Moon|Fairy\n|move|p1b: Kingambit|Protect|p1b: Kingambit\n|-singleturn|p1b: Kingambit|Protect\n|move|p2a: Roaring Moon|Tailwind|p2a: Roaring Moon\n|-sidestart|p2: pickgengar|move: Tailwind\n|move|p2b: Milotic|Scald|p1b: Kingambit\n|-activate|p1b: Kingambit|move: Protect\n|move|p1a: Rillaboom|U-turn|p2a: Roaring Moon\n|-resisted|p2a: Roaring Moon\n|-damage|p2a: Roaring Moon|85\/100\n|c|\u2606pickgengar|i realised\n|\n|t:|1700329898\n|switch|p1a: Landorus|Landorus-Therian, L50, M|100\/100|[from] U-turn\n|-ability|p1a: Landorus|Intimidate|boost\n|-unboost|p2a: Roaring Moon|atk|1\n|-unboost|p2b: Milotic|atk|1\n|-ability|p2b: Milotic|Competitive|boost\n|-boost|p2b: Milotic|spa|2\n|\n|-heal|p2a: Roaring Moon|91\/100|[from] Grassy Terrain\n|upkeep\n|turn|3\n|inactive|sammy324 has 30 seconds left.\n|\n|t:|1700329923\n|switch|p1a: Clefairy|Clefairy, L50, M|100\/100\n|move|p2a: Roaring Moon|Protect|p2a: Roaring Moon\n|-singleturn|p2a: Roaring Moon|Protect\n|move|p1b: Kingambit|Sucker Punch||[still]\n|-fail|p1b: Kingambit\n|move|p2b: Milotic|Haze|p2b: Milotic\n|-clearallboost\n|\n|-heal|p2a: Roaring Moon|97\/100|[from] Grassy Terrain\n|upkeep\n|turn|4\n|c|\u2606sammy324|bro\n|c|\u2606pickgengar|LOL\n|c|\u2606sammy324|your the f slur\n|c|\u2606sammy324|no shot\n|c|\u2606pickgengar|HAHAHA\n|inactive|sammy324 has 30 seconds left.\n|\n|t:|1700329955\n|move|p2a: Roaring Moon|Crunch|p1a: Clefairy\n|-resisted|p1a: Clefairy\n|-damage|p1a: Clefairy|83\/100\n|move|p2b: Milotic|Scald|p1b: Kingambit\n|-damage|p1b: Kingambit|70\/100\n|-status|p1b: Kingambit|brn\n|move|p1b: Kingambit|Swords Dance|p1b: Kingambit\n|-boost|p1b: Kingambit|atk|2\n|move|p1a: Clefairy|Icy Wind|p2a: Roaring Moon|[spread] p2a,p2b\n|-resisted|p2b: Milotic\n|-damage|p2a: Roaring Moon|92\/100\n|-damage|p2b: Milotic|98\/100\n|-unboost|p2a: Roaring Moon|spe|1\n|-unboost|p2b: Milotic|spe|1\n|-ability|p2b: Milotic|Competitive|boost\n|-boost|p2b: Milotic|spa|2\n|\n|-heal|p2a: Roaring Moon|98\/100|[from] Grassy Terrain\n|-heal|p2b: Milotic|100\/100|[from] Grassy Terrain\n|-heal|p1b: Kingambit|77\/100 brn|[from] Grassy Terrain\n|-heal|p1a: Clefairy|89\/100|[from] Grassy Terrain\n|-damage|p1b: Kingambit|70\/100 brn|[from] brn\n|upkeep\n|turn|5\n|c|\u2606sammy324|oh nice burn too\n|c|\u2606sammy324|wow\n|inactive|pickgengar has 30 seconds left.\n|\n|t:|1700329985\n|move|p1a: Clefairy|Helping Hand|p1b: Kingambit\n|-singleturn|p1b: Kingambit|Helping Hand|[of] p1a: Clefairy\n|move|p2a: Roaring Moon|Protect|p2a: Roaring Moon\n|-singleturn|p2a: Roaring Moon|Protect\n|move|p2b: Milotic|Haze|p2b: Milotic\n|-clearallboost\n|move|p1b: Kingambit|Kowtow Cleave|p2b: Milotic\n|-damage|p2b: Milotic|53\/100\n|\n|-heal|p2a: Roaring Moon|100\/100|[from] Grassy Terrain\n|-heal|p2b: Milotic|59\/100|[from] Grassy Terrain\n|-heal|p2b: Milotic|65\/100|[from] item: Leftovers\n|-heal|p1b: Kingambit|77\/100 brn|[from] Grassy Terrain\n|-heal|p1a: Clefairy|95\/100|[from] Grassy Terrain\n|-damage|p1b: Kingambit|70\/100 brn|[from] brn\n|-sideend|p2: pickgengar|move: Tailwind\n|-fieldend|move: Grassy Terrain\n|upkeep\n|turn|6\n|\n|t:|1700330010\n|move|p1a: Clefairy|Follow Me|p1a: Clefairy\n|-singleturn|p1a: Clefairy|move: Follow Me\n|move|p2a: Roaring Moon|Tailwind|p2a: Roaring Moon\n|-sidestart|p2: pickgengar|move: Tailwind\n|move|p2b: Milotic|Scald|p1a: Clefairy\n|-damage|p1a: Clefairy|64\/100\n|-status|p1a: Clefairy|brn\n|move|p1b: Kingambit|Kowtow Cleave|p2b: Milotic\n|-damage|p2b: Milotic|36\/100\n|\n|-heal|p2b: Milotic|42\/100|[from] item: Leftovers\n|-damage|p1b: Kingambit|64\/100 brn|[from] brn\n|-damage|p1a: Clefairy|57\/100 brn|[from] brn\n|upkeep\n|turn|7\n|c|\u2606sammy324|ANOTHER BURN\n|c|\u2606sammy324|ARE YOU KIDDING ME\n|\n|t:|1700330032\n|-end|p2a: Roaring Moon|Protosynthesis|[silent]\n|switch|p2a: Iron Hands|Iron Hands, L50|100\/100\n|move|p1a: Clefairy|Helping Hand|p1b: Kingambit\n|-singleturn|p1b: Kingambit|Helping Hand|[of] p1a: Clefairy\n|move|p2b: Milotic|Protect|p2b: Milotic\n|-singleturn|p2b: Milotic|Protect\n|move|p1b: Kingambit|Kowtow Cleave|p2b: Milotic\n|-activate|p2b: Milotic|move: Protect\n|\n|-heal|p2b: Milotic|48\/100|[from] item: Leftovers\n|-damage|p1b: Kingambit|58\/100 brn|[from] brn\n|-damage|p1a: Clefairy|51\/100 brn|[from] brn\n|upkeep\n|turn|8\n|c|\u2606pickgengar|its scald bro calm down lmfao\n|c|\u2606sammy324|ITS FUCKING 30%\n|c|\u2606pickgengar|1\/3 is not bad\n|inactive|sammy324 has 30 seconds left.\n|inactive|pickgengar has 30 seconds left.\n|inactive|sammy324 has 20 seconds left.\n|\n|t:|1700330068\n|-terastallize|p1b: Kingambit|Water\n|move|p1a: Clefairy|Helping Hand|p1b: Kingambit\n|-singleturn|p1b: Kingambit|Helping Hand|[of] p1a: Clefairy\n|move|p2a: Iron Hands|Fake Out|p1b: Kingambit\n|-damage|p1b: Kingambit|49\/100 brn\n|move|p2b: Milotic|Scald|p1b: Kingambit\n|-resisted|p1b: Kingambit\n|-damage|p1b: Kingambit|33\/100 brn\n|cant|p1b: Kingambit|flinch\n|\n|-heal|p2b: Milotic|54\/100|[from] item: Leftovers\n|-damage|p1b: Kingambit|27\/100 brn|[from] brn\n|-damage|p1a: Clefairy|45\/100 brn|[from] brn\n|upkeep\n|turn|9\n|-message|sammy324 forfeited.\n|\n|win|pickgengar\n|raw|sammy324's rating: 1170 &rarr; <strong>1148<\/strong><br \/>(-22 for losing)\n|raw|pickgengar's rating: 1212 &rarr; <strong>1234<\/strong><br \/>(+22 for winning)\n|l|\u2606sammy324\n","uploadtime":1700330095,"views":14,"p1id":"sammy324","p2id":"pickgengar","formatid":"gen9vgc2023regulatione","rating":1148,"private":0,"password":""}