{"id":"gen9vgc2023regulatione-2000250221","p1":"magicalarcher57","p2":"clovehitch","format":"[Gen 9] VGC 2023 Regulation E","log":"|j|\u2606magicalarcher57\n|j|\u2606clovehitch\n|n|\u2606magicalarcher57|magicalarcher57\n|n|\u2606clovehitch|clovehitch\n|html|View the match progress at <a href=\"\/game-bestof3-gen9vgc2023regulatione-2000248062\">game-bestof3-gen9vgc2023regulatione-2000248062<\/a>\n|t:|1701177543\n|gametype|doubles\n|player|p1|magicalarcher57|cynthia-gen4|\n|player|p2|clovehitch|iris-gen5bw2|\n|teamsize|p1|6\n|teamsize|p2|6\n|gen|9\n|tier|[Gen 9] VGC 2023 Regulation E\n|rated|Tournament battle\n|rule|Species Clause: Limit one of each Pok\u00e9mon\n|rule|Item Clause: Limit one of each item\n|clearpoke\n|poke|p1|Tornadus, L50, M|\n|poke|p1|Sinistcha, L50|\n|poke|p1|Basculegion, L50, M|\n|poke|p1|Iron Hands, L50|\n|poke|p1|Arcanine-Hisui, L50, M|\n|poke|p1|Ninetales-Alola, L50, F|\n|poke|p2|Indeedee-F, L50, F|\n|poke|p2|Armarouge, L50, M|\n|poke|p2|Torkoal, L50, M|\n|poke|p2|Iron Hands, L50|\n|poke|p2|Gallade, L50, M|\n|poke|p2|Ogerpon-Cornerstone, L50, F|\n|teampreview|4\n|showteam|p1|Tornadus||MentalHerb|Prankster|BleakwindStorm,Tailwind,Taunt,ScaryFace|||M|||50|,,,,,Ghost]Sinistcha||SitrusBerry|Heatproof|MatchaGotcha,ShadowBall,NastyPlot,TrickRoom||||||50|,,,,,Dark]Basculegion||AssaultVest|Adaptability|WaveCrash,LastRespects,AquaJet,ZenHeadbutt|||M|||50|,,,,,Dragon]Iron Hands||BoosterEnergy|QuarkDrive|FakeOut,CloseCombat,WildCharge,IcePunch||||||50|,,,,,Grass]Arcanine-Hisui||ChoiceBand|Intimidate|FlareBlitz,RockSlide,ExtremeSpeed,TeraBlast|||M|||50|,,,,,Fairy]Ninetales-Alola||LightClay|SnowWarning|Blizzard,Moonblast,IcyWind,AuroraVeil|||F|||50|,,,,,Ice\n|showteam|p2|Indeedee-F||PsychicSeed|PsychicSurge|DazzlingGleam,HelpingHand,FollowMe,TrickRoom|||F|||50|,,,,,Fire]Armarouge||LifeOrb|FlashFire|ExpandingForce,ArmorCannon,TrickRoom,Protect|||M|||50|,,,,,Grass]Torkoal||Charcoal|Drought|Eruption,EarthPower,Yawn,Protect|||M|||50|,,,,,Fire]Iron Hands||BoosterEnergy|QuarkDrive|FakeOut,CloseCombat,WildCharge,IcePunch||||||50|,,,,,Grass]Gallade||ClearAmulet|Sharpness|SacredSword,PsychoCut,TrickRoom,Protect|||M|||50|,,,,,Fire]Ogerpon-Cornerstone||CornerstoneMask|Sturdy|WoodHammer,IvyCudgel,FollowMe,SpikyShield|||F|||50|,,,,,Rock\n|\n|t:|1701177557\n|start\n|switch|p1a: Scrapper|Iron Hands, L50, shiny|100\/100\n|switch|p1b: Cha-Cha-Cha|Sinistcha, L50|100\/100\n|switch|p2a: Ogerpon|Ogerpon-Cornerstone, L50, F|100\/100\n|switch|p2b: Celuredge|Gallade, L50, M|100\/100\n|-enditem|p1a: Scrapper|Booster Energy\n|-activate|p1a: Scrapper|ability: Quark Drive|[fromitem]\n|-start|p1a: Scrapper|quarkdriveatk\n|turn|1\n|\n|t:|1701177574\n|move|p2a: Ogerpon|Spiky Shield|p2a: Ogerpon\n|-singleturn|p2a: Ogerpon|move: Protect\n|move|p1b: Cha-Cha-Cha|Shadow Ball|p2b: Celuredge\n|-supereffective|p2b: Celuredge\n|-damage|p2b: Celuredge|27\/100\n|move|p2b: Celuredge|Psycho Cut|p1a: Scrapper\n|-supereffective|p1a: Scrapper\n|-damage|p1a: Scrapper|21\/100\n|move|p1a: Scrapper|Ice Punch|p2a: Ogerpon\n|-activate|p2a: Ogerpon|move: Protect\n|-damage|p1a: Scrapper|9\/100|[from] Spiky Shield|[of] p2a: Ogerpon\n|\n|upkeep\n|turn|2\n|j| bloodcurseuk\n|\n|t:|1701177596\n|move|p2a: Ogerpon|Ivy Cudgel|p1a: Scrapper|[anim] Ivy Cudgel Rock\n|-resisted|p1a: Scrapper\n|-damage|p1a: Scrapper|0 fnt\n|faint|p1a: Scrapper\n|-end|p1a: Scrapper|Quark Drive|[silent]\n|move|p1b: Cha-Cha-Cha|Shadow Ball|p2b: Celuredge\n|-supereffective|p2b: Celuredge\n|-damage|p2b: Celuredge|0 fnt\n|faint|p2b: Celuredge\n|\n|upkeep\n|\n|t:|1701177607\n|switch|p2b: Armarouge|Armarouge, L50, M|100\/100\n|switch|p1a: HarcOfTheCovenant|Arcanine-Hisui, L50, M|100\/100\n|-ability|p1a: HarcOfTheCovenant|Intimidate|boost\n|-unboost|p2a: Ogerpon|atk|1\n|-unboost|p2b: Armarouge|atk|1\n|turn|3\n|\n|t:|1701177640\n|-terastallize|p2a: Ogerpon|Rock\n|detailschange|p2a: Ogerpon|Ogerpon-Cornerstone-Tera, L50, F, tera:Rock\n|-ability|p2a: Ogerpon|Embody Aspect (Cornerstone)|boost\n|-boost|p2a: Ogerpon|def|1\n|-terastallize|p1b: Cha-Cha-Cha|Dark\n|move|p2a: Ogerpon|Follow Me|p2a: Ogerpon\n|-singleturn|p2a: Ogerpon|move: Follow Me\n|move|p1a: HarcOfTheCovenant|Extreme Speed|p2a: Ogerpon\n|-resisted|p2a: Ogerpon\n|-damage|p2a: Ogerpon|85\/100\n|move|p1b: Cha-Cha-Cha|Shadow Ball|p2a: Ogerpon\n|-damage|p2a: Ogerpon|35\/100\n|move|p2b: Armarouge|Trick Room|p2b: Armarouge\n|-fieldstart|move: Trick Room|[of] p2b: Armarouge\n|\n|upkeep\n|turn|4\n|\n|t:|1701177660\n|move|p1a: HarcOfTheCovenant|Extreme Speed|p2b: Armarouge\n|-crit|p2b: Armarouge\n|-damage|p2b: Armarouge|46\/100\n|move|p2a: Ogerpon|Follow Me|p2a: Ogerpon\n|-singleturn|p2a: Ogerpon|move: Follow Me\n|move|p2b: Armarouge|Armor Cannon|p1a: HarcOfTheCovenant\n|-resisted|p1a: HarcOfTheCovenant\n|-damage|p1a: HarcOfTheCovenant|73\/100\n|-unboost|p2b: Armarouge|def|1\n|-unboost|p2b: Armarouge|spd|1\n|-damage|p2b: Armarouge|36\/100|[from] item: Life Orb\n|move|p1b: Cha-Cha-Cha|Matcha Gotcha|p2a: Ogerpon|[spread] p2a,p2b\n|-supereffective|p2a: Ogerpon\n|-resisted|p2b: Armarouge\n|-damage|p2a: Ogerpon|0 fnt\n|-damage|p2b: Armarouge|12\/100\n|faint|p2a: Ogerpon\n|\n|upkeep\n|\n|t:|1701177662\n|switch|p2a: Iron Hands|Iron Hands, L50|100\/100\n|-enditem|p2a: Iron Hands|Booster Energy\n|-activate|p2a: Iron Hands|ability: Quark Drive|[fromitem]\n|-start|p2a: Iron Hands|quarkdriveatk\n|turn|5\n|\n|t:|1701177680\n|move|p2b: Armarouge|Protect|p2b: Armarouge\n|-singleturn|p2b: Armarouge|Protect\n|move|p1a: HarcOfTheCovenant|Extreme Speed|p2b: Armarouge\n|-activate|p2b: Armarouge|move: Protect\n|move|p2a: Iron Hands|Close Combat|p1b: Cha-Cha-Cha\n|-supereffective|p1b: Cha-Cha-Cha\n|-crit|p1b: Cha-Cha-Cha\n|-damage|p1b: Cha-Cha-Cha|0 fnt\n|-unboost|p2a: Iron Hands|def|1\n|-unboost|p2a: Iron Hands|spd|1\n|faint|p1b: Cha-Cha-Cha\n|\n|upkeep\n|\n|t:|1701177682\n|switch|p1b: Houndfish|Basculegion, L50, M|100\/100\n|turn|6\n|\n|t:|1701177705\n|move|p1a: HarcOfTheCovenant|Extreme Speed|p2b: Armarouge\n|-damage|p2b: Armarouge|0 fnt\n|faint|p2b: Armarouge\n|move|p2a: Iron Hands|Wild Charge|p1b: Houndfish\n|-supereffective|p1b: Houndfish\n|-crit|p1b: Houndfish\n|-damage|p1b: Houndfish|0 fnt\n|faint|p1b: Houndfish\n|-damage|p2a: Iron Hands|79\/100|[from] Recoil\n|\n|upkeep\n|turn|7\n|c|\u2606clovehitch|gg\n|c|\u2606magicalarcher57|gg\n|\n|t:|1701177739\n|move|p1a: HarcOfTheCovenant|Extreme Speed|p2a: Iron Hands\n|-damage|p2a: Iron Hands|35\/100\n|move|p2a: Iron Hands|Close Combat|p1a: HarcOfTheCovenant\n|-supereffective|p1a: HarcOfTheCovenant\n|-damage|p1a: HarcOfTheCovenant|0 fnt\n|-unboost|p2a: Iron Hands|def|1\n|-unboost|p2a: Iron Hands|spd|1\n|faint|p1a: HarcOfTheCovenant\n|\n|win|clovehitch\n|l|\u2606magicalarcher57\n","uploadtime":1701177747,"views":2,"p1id":"magicalarcher57","p2id":"clovehitch","formatid":"gen9vgc2023regulatione","rating":0,"private":0,"password":""}