{"id":"gen9vgc2023regulatione-1989241937","p1":"ArcixVGC","p2":"gerby vgc","format":"[Gen 9] VGC 2023 Regulation E","log":"|j|\u2606ArcixVGC\n|j|\u2606gerby vgc\n|n|\u2606ArcixVGC|arcixvgc\n|n|\u2606gerby vgc|gerbyvgc\n|html|View the match progress at <a href=\"\/game-bestof3-gen9vgc2023regulatione-1989241936\">game-bestof3-gen9vgc2023regulatione-1989241936<\/a>\n|t:|1699827128\n|gametype|doubles\n|player|p1|ArcixVGC|blackbelt|\n|player|p2|gerby vgc|266|\n|teamsize|p1|6\n|teamsize|p2|6\n|gen|9\n|tier|[Gen 9] VGC 2023 Regulation E\n|rule|Species Clause: Limit one of each Pok\u00e9mon\n|rule|Item Clause: Limit one of each item\n|clearpoke\n|poke|p1|Chien-Pao, L50|\n|poke|p1|Dragonite, L50, F|\n|poke|p1|Heatran, L50, M|\n|poke|p1|Farigiraf, L50, M|\n|poke|p1|Rillaboom, L50, F|\n|poke|p1|Urshifu-*, L50, M|\n|poke|p2|Tornadus, L50, M|\n|poke|p2|Urshifu-*, L50, M|\n|poke|p2|Arcanine-Hisui, L50, F|\n|poke|p2|Iron Hands, L50|\n|poke|p2|Amoonguss, L50, M|\n|poke|p2|Gholdengo, L50|\n|teampreview|4\n|c|\u2606ArcixVGC|gl\nArcixVGC has agreed to open team sheets.\n|c|\u2606gerby vgc|u2\ngerby vgc has agreed to open team sheets.\n|showteam|p1|Chien-Pao||FocusSash|SwordofRuin|IcicleCrash,LashOut,SuckerPunch,Protect||||||50|,,,,,Dark]Dragonite||ChoiceBand|InnerFocus|ExtremeSpeed,AerialAce,StompingTantrum,Outrage|||F|||50|,,,,,Normal]Heatran||AssaultVest|FlashFire|HeatWave,FlashCannon,EarthPower,TeraBlast|||M|||50|,,,,,Grass]Farigiraf||RockyHelmet|ArmorTail|Psychic,DazzlingGleam,TrickRoom,Imprison|||M|||50|,,,,,Fairy]Rillaboom||MiracleSeed|GrassySurge|WoodHammer,Protect,FakeOut,GrassyGlide|||F|||50|,,,,,Grass]Urshifu-Rapid-Strike||ChoiceScarf|UnseenFist|SurgingStrikes,CloseCombat,AquaJet,Uturn|||M|||50|,,,,,Water\n|showteam|p2|Tornadus||RockyHelmet|Prankster|BleakwindStorm,RainDance,Tailwind,Protect|||M|||50|,,,,,Steel]Urshifu-Rapid-Strike||MysticWater|UnseenFist|SurgingStrikes,CloseCombat,AquaJet,Protect|||M|||50|,,,,,Water]Arcanine-Hisui||ChoiceBand|Intimidate|FlareBlitz,RockSlide,ExtremeSpeed,TeraBlast|||F|||50|,,,,,Fairy]Iron Hands||AssaultVest|QuarkDrive|WildCharge,DrainPunch,VoltSwitch,FakeOut||||||50|,,,,,Water]Amoonguss||SitrusBerry|Regenerator|PollenPuff,Spore,RagePowder,Protect|||M|||50|,,,,,Fire]Gholdengo||Leftovers|GoodasGold|MakeItRain,ShadowBall,NastyPlot,Protect||||||50|,,,,,Dragon\n|j| glopp_97\n|\n|t:|1699827238\n|start\n|switch|p1a: Farigiraf|Farigiraf, L50, M|100\/100\n|switch|p1b: Dragonite|Dragonite, L50, F|100\/100\n|switch|p2a: Iron Hands|Iron Hands, L50|100\/100\n|switch|p2b: Amoonguss|Amoonguss, L50, M|100\/100\n|turn|1\n|j| PizzelVGC\n|\n|t:|1699827329\n|switch|p1b: Rillaboom|Rillaboom, L50, F|100\/100\n|-fieldstart|move: Grassy Terrain|[from] ability: Grassy Surge|[of] p1b: Rillaboom\n|-terastallize|p2b: Amoonguss|Fire\n|move|p1a: Farigiraf|Psychic|p2b: Amoonguss\n|-damage|p2b: Amoonguss|70\/100\n|move|p2a: Iron Hands|Volt Switch|p1a: Farigiraf\n|-damage|p1a: Farigiraf|86\/100\n|\n|t:|1699827340\n|-end|p2a: Iron Hands|Quark Drive|[silent]\n|switch|p2a: Arcanine|Arcanine-Hisui, L50, F|100\/100|[from] Volt Switch\n|-ability|p2a: Arcanine|Intimidate|boost\n|-unboost|p1a: Farigiraf|atk|1\n|-unboost|p1b: Rillaboom|atk|1\n|move|p2b: Amoonguss|Spore|p1b: Rillaboom\n|-immune|p1b: Rillaboom\n|\n|-heal|p1a: Farigiraf|92\/100|[from] Grassy Terrain\n|-heal|p2b: Amoonguss|76\/100|[from] Grassy Terrain\n|upkeep\n|turn|2\n|l| PizzelVGC\n|\n|t:|1699827384\n|move|p1b: Rillaboom|Fake Out|p2b: Amoonguss\n|-damage|p2b: Amoonguss|67\/100\n|move|p2a: Arcanine|Flare Blitz|p1b: Rillaboom\n|-supereffective|p1b: Rillaboom\n|-damage|p1b: Rillaboom|0 fnt\n|faint|p1b: Rillaboom\n|-damage|p2a: Arcanine|65\/100|[from] Recoil\n|move|p1a: Farigiraf|Psychic|p2b: Amoonguss\n|-damage|p2b: Amoonguss|35\/100\n|-enditem|p2b: Amoonguss|Sitrus Berry|[eat]\n|-heal|p2b: Amoonguss|60\/100|[from] item: Sitrus Berry\n|cant|p2b: Amoonguss|flinch\n|\n|-heal|p2a: Arcanine|71\/100|[from] Grassy Terrain\n|-heal|p1a: Farigiraf|98\/100|[from] Grassy Terrain\n|-heal|p2b: Amoonguss|65\/100|[from] Grassy Terrain\n|upkeep\n|\n|t:|1699827402\n|switch|p1b: Heatran|Heatran, L50, M|100\/100\n|turn|3\n|\n|t:|1699827433\n|switch|p2b: Iron Hands|Iron Hands, L50|100\/100\n|move|p2a: Arcanine|Flare Blitz|p1a: Farigiraf\n|-damage|p1a: Farigiraf|30\/100\n|-damage|p2a: Arcanine|55\/100|[from] item: Rocky Helmet|[of] p1a: Farigiraf\n|-damage|p2a: Arcanine|28\/100|[from] Recoil\n|move|p1b: Heatran|Earth Power|p2b: Iron Hands\n|-supereffective|p2b: Iron Hands\n|-damage|p2b: Iron Hands|64\/100\n|move|p1a: Farigiraf|Trick Room|p1a: Farigiraf\n|-fieldstart|move: Trick Room|[of] p1a: Farigiraf\n|\n|-heal|p2b: Iron Hands|70\/100|[from] Grassy Terrain\n|-heal|p1a: Farigiraf|37\/100|[from] Grassy Terrain\n|-heal|p2a: Arcanine|35\/100|[from] Grassy Terrain\n|upkeep\n|turn|4\n|j| PizzelVGC\n|l| PizzelVGC\n|\n|t:|1699827498\n|-terastallize|p1b: Heatran|Grass\n|move|p2b: Iron Hands|Wild Charge|p1a: Farigiraf\n|-damage|p1a: Farigiraf|0 fnt\n|-damage|p2b: Iron Hands|54\/100|[from] item: Rocky Helmet|[of] p1a: Farigiraf\n|faint|p1a: Farigiraf\n|-damage|p2b: Iron Hands|45\/100|[from] Recoil\n|move|p1b: Heatran|Earth Power|p2a: Arcanine\n|-supereffective|p2a: Arcanine\n|-damage|p2a: Arcanine|0 fnt\n|faint|p2a: Arcanine\n|\n|-heal|p2b: Iron Hands|51\/100|[from] Grassy Terrain\n|upkeep\n|\n|t:|1699827515\n|switch|p1a: Dragonite|Dragonite, L50, F|100\/100\n|switch|p2a: Amoonguss|Amoonguss, L50, M, tera:Fire|99\/100\n|turn|5\n|j| PizzelVGC\n|j| Faze gabii\n|\n|t:|1699827540\n|move|p1a: Dragonite|Extreme Speed|p2b: Iron Hands\n|-damage|p2b: Iron Hands|17\/100\n|move|p2a: Amoonguss|Spore|p1a: Dragonite\n|-status|p1a: Dragonite|slp|[from] move: Spore\n|move|p2b: Iron Hands|Drain Punch|p1b: Heatran\n|-damage|p1b: Heatran|65\/100\n|-heal|p2b: Iron Hands|31\/100|[from] drain|[of] p1b: Heatran\n|move|p1b: Heatran|Earth Power|p2b: Iron Hands\n|-supereffective|p2b: Iron Hands\n|-damage|p2b: Iron Hands|0 fnt\n|faint|p2b: Iron Hands\n|-end|p2b: Iron Hands|Quark Drive|[silent]\n|\n|-heal|p2a: Amoonguss|100\/100|[from] Grassy Terrain\n|-heal|p1b: Heatran|71\/100|[from] Grassy Terrain\n|-fieldend|move: Grassy Terrain\n|upkeep\n|\n|t:|1699827549\n|switch|p2b: Gholdengo|Gholdengo, L50|100\/100\n|turn|6\n|\n|t:|1699827585\n|move|p2b: Gholdengo|Protect|p2b: Gholdengo\n|-singleturn|p2b: Gholdengo|Protect\n|cant|p1a: Dragonite|slp\n|move|p2a: Amoonguss|Pollen Puff|p1b: Heatran\n|-supereffective|p1b: Heatran\n|-damage|p1b: Heatran|50\/100\n|move|p1b: Heatran|Heat Wave|p2b: Gholdengo|[spread] p2a\n|-activate|p2b: Gholdengo|move: Protect\n|-resisted|p2a: Amoonguss\n|-damage|p2a: Amoonguss|84\/100\n|\n|upkeep\n|turn|7\n|\n|t:|1699827616\n|cant|p1a: Dragonite|slp\n|move|p2a: Amoonguss|Pollen Puff|p1b: Heatran\n|-supereffective|p1b: Heatran\n|-damage|p1b: Heatran|28\/100\n|move|p1b: Heatran|Heat Wave|p2a: Amoonguss|[spread] p2a,p2b\n|-resisted|p2a: Amoonguss\n|-supereffective|p2b: Gholdengo\n|-damage|p2a: Amoonguss|66\/100\n|-damage|p2b: Gholdengo|24\/100\n|move|p2b: Gholdengo|Make It Rain|p1b: Heatran|[spread] p1a,p1b\n|-damage|p1a: Dragonite|58\/100 slp\n|-damage|p1b: Heatran|0 fnt\n|-unboost|p2b: Gholdengo|spa|1\n|faint|p1b: Heatran\n|\n|-heal|p2b: Gholdengo|31\/100|[from] item: Leftovers\n|-fieldend|move: Trick Room\n|upkeep\n|turn|8\n|-message|ArcixVGC forfeited.\n|\n|win|gerby vgc\n|c|&|\/uhtml prompt-arcixvgc,ArcixVGC is ready for game 2!\n|l| PizzelVGC\n|c|&|\/uhtml prompt-gerbyvgc,gerby vgc is ready for game 2!\nBoth players are ready! Starting next match!\n|j| PizzelVGC\n|l| PizzelVGC\n|j| PizzelVGC\n|j| crudo de fava\n|l| PizzelVGC\n|l| glopp_97\n|l|\u2606gerby vgc\n|j| PizzelVGC\n|l| PizzelVGC\n|l| crudo de fava\n|l| Faze gabii\n|j| PizzelVGC\n|l| PizzelVGC\n","uploadtime":1699828169,"views":46,"p1id":"arcixvgc","p2id":"gerbyvgc","formatid":"gen9vgc2023regulatione","rating":0,"private":0,"password":""}