{"id":"gen9vgc2023regulatione-1996731834","p1":"kavonpokebros","p2":"KimiTheWeeb","format":"[Gen 9] VGC 2023 Regulation E","log":"|j|\u2606kavonpokebros\n|j|\u2606KimiTheWeeb\n|t:|1700715960\n|gametype|doubles\n|player|p1|kavonpokebros|worker-gen4|1239\n|player|p2|KimiTheWeeb|maid|1179\n|teamsize|p1|6\n|teamsize|p2|6\n|gen|9\n|tier|[Gen 9] VGC 2023 Regulation E\n|rated|\n|rule|Species Clause: Limit one of each Pok\u00e9mon\n|rule|Item Clause: Limit one of each item\n|clearpoke\n|poke|p1|Persian-Alola, L50, F|\n|poke|p1|Arcanine, L50, F|\n|poke|p1|Milotic, L50, F|\n|poke|p1|Mimikyu, L50, M|\n|poke|p1|Appletun, L50, M|\n|poke|p1|Sneasler, L50, M|\n|poke|p2|Kommo-o, L50, M|\n|poke|p2|Clefairy, L50, F|\n|poke|p2|Arcanine-Hisui, L50, M|\n|poke|p2|Rillaboom, L50, M|\n|poke|p2|Milotic, L50, F|\n|poke|p2|Flutter Mane, L50|\n|teampreview|4\n|\n|t:|1700715987\n|start\n|switch|p1a: Persian|Persian-Alola, L50, F|100\/100\n|switch|p1b: Sneasler|Sneasler, L50, M|100\/100\n|switch|p2a: Rillaboom|Rillaboom, L50, M|100\/100\n|switch|p2b: Flutter Mane|Flutter Mane, L50|100\/100\n|-fieldstart|move: Grassy Terrain|[from] ability: Grassy Surge|[of] p2a: Rillaboom\n|-enditem|p2b: Flutter Mane|Booster Energy\n|-activate|p2b: Flutter Mane|ability: Protosynthesis|[fromitem]\n|-start|p2b: Flutter Mane|protosynthesisspe\n|turn|1\n|inactive|Battle timer is ON: inactive players will automatically lose when time's up. (requested by KimiTheWeeb)\n|\n|t:|1700716014\n|move|p1a: Persian|Fake Out|p2a: Rillaboom\n|-damage|p2a: Rillaboom|95\/100\n|move|p2b: Flutter Mane|Shadow Ball|p1b: Sneasler\n|-damage|p1b: Sneasler|51\/100\n|move|p1b: Sneasler|Dire Claw|p2b: Flutter Mane\n|-damage|p2b: Flutter Mane|0 fnt\n|faint|p2b: Flutter Mane\n|-end|p2b: Flutter Mane|Protosynthesis|[silent]\n|cant|p2a: Rillaboom|flinch\n|\n|-heal|p1b: Sneasler|57\/100|[from] Grassy Terrain\n|-heal|p2a: Rillaboom|100\/100|[from] Grassy Terrain\n|upkeep\n|\n|t:|1700716029\n|switch|p2b: Kommo-o|Kommo-o, L50, M|100\/100\n|turn|2\n|\n|t:|1700716040\n|-terastallize|p2b: Kommo-o|Steel\n|move|p1a: Persian|Parting Shot|p2b: Kommo-o\n|-unboost|p2b: Kommo-o|atk|1\n|-unboost|p2b: Kommo-o|spa|1\n|\n|t:|1700716048\n|switch|p1a: Appletun|Appletun, L50, M|100\/100|[from] Parting Shot\n|move|p1b: Sneasler|Dire Claw|p2a: Rillaboom\n|-supereffective|p2a: Rillaboom\n|-damage|p2a: Rillaboom|0 fnt\n|faint|p2a: Rillaboom\n|move|p2b: Kommo-o|Clangorous Soul|p2b: Kommo-o\n|-boost|p2b: Kommo-o|atk|1\n|-boost|p2b: Kommo-o|def|1\n|-boost|p2b: Kommo-o|spa|1\n|-boost|p2b: Kommo-o|spd|1\n|-boost|p2b: Kommo-o|spe|1\n|-damage|p2b: Kommo-o|68\/100\n|\n|-heal|p2b: Kommo-o|74\/100|[from] Grassy Terrain\n|-heal|p2b: Kommo-o|80\/100|[from] item: Leftovers\n|-heal|p1b: Sneasler|63\/100|[from] Grassy Terrain\n|upkeep\n|\n|t:|1700716065\n|switch|p2a: Clefairy|Clefairy, L50, F|100\/100\n|turn|3\n|\n|t:|1700716079\n|-terastallize|p1b: Sneasler|Poison\n|move|p2b: Kommo-o|Clangorous Soul|p2b: Kommo-o\n|-boost|p2b: Kommo-o|atk|1\n|-boost|p2b: Kommo-o|def|1\n|-boost|p2b: Kommo-o|spa|1\n|-boost|p2b: Kommo-o|spd|1\n|-boost|p2b: Kommo-o|spe|1\n|-damage|p2b: Kommo-o|47\/100\n|move|p1b: Sneasler|Dire Claw|p2a: Clefairy\n|-supereffective|p2a: Clefairy\n|-damage|p2a: Clefairy|0 fnt\n|faint|p2a: Clefairy\n|move|p1a: Appletun|Dragon Tail|p2b: Kommo-o\n|-resisted|p2b: Kommo-o\n|-damage|p2b: Kommo-o|43\/100\n|\n|-heal|p2b: Kommo-o|49\/100|[from] Grassy Terrain\n|-heal|p2b: Kommo-o|55\/100|[from] item: Leftovers\n|-heal|p1b: Sneasler|69\/100|[from] Grassy Terrain\n|upkeep\n|turn|4\n|inactive|kavonpokebros has 30 seconds left.\n|\n|t:|1700716105\n|switch|p1b: Arcanine|Arcanine, L50, F|100\/100\n|-ability|p1b: Arcanine|Intimidate|boost\n|-unboost|p2b: Kommo-o|atk|1\n|move|p2b: Kommo-o|Clanging Scales|p1b: Arcanine|[spread] p1a,p1b\n|-supereffective|p1a: Appletun\n|-damage|p1a: Appletun|0 fnt\n|-damage|p1b: Arcanine|37\/100\n|faint|p1a: Appletun\n|-unboost|p2b: Kommo-o|def|1\n|\n|-heal|p2b: Kommo-o|61\/100|[from] Grassy Terrain\n|-heal|p2b: Kommo-o|67\/100|[from] item: Leftovers\n|-heal|p1b: Arcanine|43\/100|[from] Grassy Terrain\n|upkeep\n|\n|t:|1700716120\n|switch|p1a: Persian|Persian-Alola, L50, F|100\/100\n|turn|5\n|\n|t:|1700716127\n|move|p2b: Kommo-o|Protect|p2b: Kommo-o\n|-singleturn|p2b: Kommo-o|Protect\n|move|p1a: Persian|Fake Out|p2b: Kommo-o\n|-activate|p2b: Kommo-o|move: Protect\n|move|p1b: Arcanine|Flare Blitz|p2b: Kommo-o\n|-activate|p2b: Kommo-o|move: Protect\n|\n|-heal|p2b: Kommo-o|73\/100|[from] Grassy Terrain\n|-heal|p2b: Kommo-o|79\/100|[from] item: Leftovers\n|-heal|p1b: Arcanine|49\/100|[from] Grassy Terrain\n|-fieldend|move: Grassy Terrain\n|upkeep\n|turn|6\n|\n|t:|1700716150\n|switch|p1a: Sneasler|Sneasler, L50, M, tera:Poison|69\/100\n|move|p2b: Kommo-o|Clanging Scales|p1a: Sneasler|[spread] p1a,p1b\n|-crit|p1b: Arcanine\n|-damage|p1a: Sneasler|0 fnt\n|-damage|p1b: Arcanine|0 fnt\n|faint|p1a: Sneasler\n|faint|p1b: Arcanine\n|-unboost|p2b: Kommo-o|def|1\n|\n|-heal|p2b: Kommo-o|85\/100|[from] item: Leftovers\n|upkeep\n|c|\u2606kavonpokebros|Cool\n|\n|t:|1700716170\n|switch|p1b: Persian|Persian-Alola, L50, F|100\/100\n|turn|7\n|\n|t:|1700716182\n|move|p2b: Kommo-o|Clanging Scales|p1b: Persian\n|-damage|p1b: Persian|0 fnt\n|faint|p1b: Persian\n|\n|win|KimiTheWeeb\n|raw|kavonpokebros's rating: 1239 &rarr; <strong>1210<\/strong><br \/>(-29 for losing)\n|raw|KimiTheWeeb's rating: 1179 &rarr; <strong>1208<\/strong><br \/>(+29 for winning)\n|c|\u2606KimiTheWeeb|Gg\n|c|\u2606kavonpokebros|Ya gg\n|c|\u2606KimiTheWeeb|Was that a banded sneasler?\n|c|\u2606kavonpokebros|Yeah wasnt fast enough for the super momo lol\n","uploadtime":1700716216,"views":20,"p1id":"kavonpokebros","p2id":"kimitheweeb","formatid":"gen9vgc2023regulatione","rating":1208,"private":0,"password":""}