{"id":"gen9vgc2023regulatione-1987882807","p1":"jjvvh0","p2":"Ibratheman","format":"[Gen 9] VGC 2023 Regulation E","log":"|j|\u2606jjvvh0\n|j|\u2606Ibratheman\n|t:|1699645612\n|gametype|doubles\n|player|p1|jjvvh0|lucas|1438\n|player|p2|Ibratheman|266|1379\n|teamsize|p1|6\n|teamsize|p2|6\n|gen|9\n|tier|[Gen 9] VGC 2023 Regulation E\n|rated|\n|rule|Species Clause: Limit one of each Pok\u00e9mon\n|rule|Item Clause: Limit one of each item\n|clearpoke\n|poke|p1|Flutter Mane, L50|\n|poke|p1|Iron Hands, L50|\n|poke|p1|Ting-Lu, L50|\n|poke|p1|Amoonguss, L50, F|\n|poke|p1|Arcanine-Hisui, L50, M|\n|poke|p1|Urshifu-*, L50, F|\n|poke|p2|Ogerpon-Wellspring, L50, F|\n|poke|p2|Iron Hands, L50|\n|poke|p2|Arcanine-Hisui, L50, F|\n|poke|p2|Ursaluna-Bloodmoon, L50, M|\n|poke|p2|Cresselia, L50, F|\n|poke|p2|Rillaboom, L50, F|\n|teampreview|4\n|\n|t:|1699645704\n|start\n|switch|p1a: Urshifu|Urshifu-Rapid-Strike, L50, F|100\/100\n|switch|p1b: Iron Hands|Iron Hands, L50|100\/100\n|switch|p2a: Arcanine|Arcanine-Hisui, L50, F|100\/100\n|switch|p2b: Iron Hands|Iron Hands, L50|100\/100\n|-ability|p2a: Arcanine|Intimidate|boost\n|-unboost|p1a: Urshifu|atk|1\n|-unboost|p1b: Iron Hands|atk|1\n|turn|1\n|\n|t:|1699645736\n|-end|p2b: Iron Hands|Quark Drive|[silent]\n|switch|p2b: Cresselia|Cresselia, L50, F|100\/100\n|-terastallize|p2a: Arcanine|Grass\n|move|p1a: Urshifu|Surging Strikes|p2a: Arcanine\n|-resisted|p2a: Arcanine\n|-crit|p2a: Arcanine\n|-damage|p2a: Arcanine|91\/100\n|-resisted|p2a: Arcanine\n|-crit|p2a: Arcanine\n|-damage|p2a: Arcanine|81\/100\n|-resisted|p2a: Arcanine\n|-crit|p2a: Arcanine\n|-damage|p2a: Arcanine|71\/100\n|-hitcount|p2a: Arcanine|3\n|move|p2a: Arcanine|Will-O-Wisp|p1a: Urshifu|[miss]\n|-miss|p2a: Arcanine|p1a: Urshifu\n|move|p1b: Iron Hands|Swords Dance|p1b: Iron Hands\n|-boost|p1b: Iron Hands|atk|2\n|\n|upkeep\n|turn|2\n|j| 88ufter4\n|\n|t:|1699645776\n|-terastallize|p1a: Urshifu|Water\n|move|p1b: Iron Hands|Detect|p1b: Iron Hands\n|-singleturn|p1b: Iron Hands|Protect\n|move|p1a: Urshifu|Surging Strikes|p2a: Arcanine\n|-resisted|p2a: Arcanine\n|-crit|p2a: Arcanine\n|-damage|p2a: Arcanine|56\/100\n|-resisted|p2a: Arcanine\n|-crit|p2a: Arcanine\n|-damage|p2a: Arcanine|43\/100\n|-resisted|p2a: Arcanine\n|-crit|p2a: Arcanine\n|-damage|p2a: Arcanine|30\/100\n|-hitcount|p2a: Arcanine|3\n|move|p2a: Arcanine|Will-O-Wisp|p1b: Iron Hands\n|-activate|p1b: Iron Hands|move: Protect\n|move|p2b: Cresselia|Lunar Blessing|p2b: Cresselia|[spread] p2a,p2b\n|-heal|p2a: Arcanine|54\/100\n|\n|upkeep\n|turn|3\n|\n|t:|1699645804\n|-end|p1b: Iron Hands|Quark Drive|[silent]\n|switch|p1b: Arcanine|Arcanine-Hisui, L50, M|100\/100\n|-ability|p1b: Arcanine|Intimidate|boost\n|-unboost|p2a: Arcanine|atk|1\n|-unboost|p2b: Cresselia|atk|1\n|move|p1a: Urshifu|Surging Strikes|p2b: Cresselia\n|-crit|p2b: Cresselia\n|-damage|p2b: Cresselia|84\/100\n|-crit|p2b: Cresselia\n|-damage|p2b: Cresselia|67\/100\n|-crit|p2b: Cresselia\n|-damage|p2b: Cresselia|49\/100\n|-hitcount|p2b: Cresselia|3\n|move|p2a: Arcanine|Will-O-Wisp|p1a: Urshifu\n|-status|p1a: Urshifu|brn\n|move|p2b: Cresselia|Lunar Blessing|p2b: Cresselia|[spread] p2a,p2b\n|-heal|p2a: Arcanine|79\/100\n|-heal|p2b: Cresselia|75\/100\n|\n|-damage|p1a: Urshifu|95\/100 brn|[from] brn\n|upkeep\n|turn|4\n|\n|t:|1699645828\n|switch|p2a: Iron Hands|Iron Hands, L50|100\/100\n|move|p1a: Urshifu|Surging Strikes|p2b: Cresselia\n|-crit|p2b: Cresselia\n|-damage|p2b: Cresselia|66\/100\n|-crit|p2b: Cresselia\n|-damage|p2b: Cresselia|57\/100\n|-crit|p2b: Cresselia\n|-damage|p2b: Cresselia|48\/100\n|-hitcount|p2b: Cresselia|3\n|move|p1b: Arcanine|Flare Blitz|p2a: Iron Hands\n|-damage|p2a: Iron Hands|59\/100\n|-damage|p1b: Arcanine|83\/100|[from] Recoil\n|move|p2b: Cresselia|Trick Room|p2b: Cresselia\n|-fieldstart|move: Trick Room|[of] p2b: Cresselia\n|\n|-damage|p1a: Urshifu|89\/100 brn|[from] brn\n|upkeep\n|turn|5\n|\n|t:|1699645852\n|switch|p1b: Flutter Mane|Flutter Mane, L50, shiny|100\/100\n|move|p2a: Iron Hands|Belly Drum|p2a: Iron Hands\n|-damage|p2a: Iron Hands|9\/100\n|-setboost|p2a: Iron Hands|atk|6|[from] move: Belly Drum\n|-enditem|p2a: Iron Hands|Sitrus Berry|[eat]\n|-heal|p2a: Iron Hands|34\/100|[from] item: Sitrus Berry\n|move|p2b: Cresselia|Lunar Blessing|p2b: Cresselia|[spread] p2a,p2b\n|-heal|p2a: Iron Hands|58\/100\n|-heal|p2b: Cresselia|73\/100\n|move|p1a: Urshifu|Surging Strikes|p2a: Iron Hands\n|-crit|p2a: Iron Hands\n|-damage|p2a: Iron Hands|49\/100\n|-crit|p2a: Iron Hands\n|-damage|p2a: Iron Hands|41\/100\n|-crit|p2a: Iron Hands\n|-damage|p2a: Iron Hands|33\/100\n|-hitcount|p2a: Iron Hands|3\n|\n|-damage|p1a: Urshifu|83\/100 brn|[from] brn\n|upkeep\n|turn|6\n|-message|jjvvh0 forfeited.\n|\n|win|Ibratheman\n|raw|jjvvh0's rating: 1438 &rarr; <strong>1415<\/strong><br \/>(-23 for losing)\n|raw|Ibratheman's rating: 1379 &rarr; <strong>1402<\/strong><br \/>(+23 for winning)\n|l|\u2606jjvvh0\n","uploadtime":1699645930,"views":13,"p1id":"jjvvh0","p2id":"ibratheman","formatid":"gen9vgc2023regulatione","rating":1402,"private":0,"password":""}