{"id":"gen9vgc2023regulatione-1991994966","p1":"DragonPiro","p2":"Steve04","format":"[Gen 9] VGC 2023 Regulation E","log":"|j|\u2606DragonPiro\n|j|\u2606Steve04\n|t:|1700146080\n|gametype|doubles\n|player|p1|DragonPiro|silver|1099\n|player|p2|Steve04|102|1151\n|teamsize|p1|6\n|teamsize|p2|6\n|gen|9\n|tier|[Gen 9] VGC 2023 Regulation E\n|rated|\n|rule|Species Clause: Limit one of each Pok\u00e9mon\n|rule|Item Clause: Limit one of each item\n|clearpoke\n|poke|p1|Urshifu-*, L50, M|\n|poke|p1|Landorus-Therian, L50, M|\n|poke|p1|Flutter Mane, L50|\n|poke|p1|Iron Hands, L50|\n|poke|p1|Ogerpon-Hearthflame, L50, F|\n|poke|p1|Fezandipiti, L50, M|\n|poke|p2|Kingambit, L50, M|\n|poke|p2|Ogerpon-Hearthflame, L50, F|\n|poke|p2|Tornadus, L50, M|\n|poke|p2|Landorus-Therian, L50, M|\n|poke|p2|Flutter Mane, L50|\n|poke|p2|Urshifu-*, L50, F|\n|teampreview|4\nDragonPiro has agreed to open team sheets.\n|\n|t:|1700146117\n|start\n|switch|p1a: Fezandipiti|Fezandipiti, L50, M|100\/100\n|switch|p1b: Ogerpon|Ogerpon-Hearthflame, L50, F|100\/100\n|switch|p2a: Tornadus|Tornadus, L50, M|100\/100\n|switch|p2b: Urshifu|Urshifu-Rapid-Strike, L50, F|100\/100\n|-ability|p1b: Ogerpon|Mold Breaker\n|turn|1\n|\n|t:|1700146149\n|move|p2b: Urshifu|Protect|p2b: Urshifu\n|-singleturn|p2b: Urshifu|Protect\n|move|p1b: Ogerpon|Wood Hammer|p2b: Urshifu\n|-activate|p2b: Urshifu|move: Protect\n|move|p2a: Tornadus|Bleakwind Storm|p1a: Fezandipiti|[spread] p1b\n|-miss|p2a: Tornadus|p1a: Fezandipiti\n|-supereffective|p1b: Ogerpon\n|-damage|p1b: Ogerpon|27\/100\n|-unboost|p1b: Ogerpon|spe|1\n|move|p1a: Fezandipiti|Dazzling Gleam|p2a: Tornadus|[spread] p2a\n|-activate|p2b: Urshifu|move: Protect\n|-damage|p2a: Tornadus|79\/100\n|\n|upkeep\n|turn|2\n|\n|t:|1700146178\n|-terastallize|p2b: Urshifu|Water\n|move|p2a: Tornadus|Bleakwind Storm|p1a: Fezandipiti|[spread] p1a,p1b\n|-supereffective|p1b: Ogerpon\n|-damage|p1a: Fezandipiti|76\/100\n|-damage|p1b: Ogerpon|0 fnt\n|-unboost|p1a: Fezandipiti|spe|1\n|faint|p1b: Ogerpon\n|move|p2b: Urshifu|Surging Strikes|p1a: Fezandipiti\n|-crit|p1a: Fezandipiti\n|-damage|p1a: Fezandipiti|44\/100\n|-crit|p1a: Fezandipiti\n|-damage|p1a: Fezandipiti|12\/100\n|-crit|p1a: Fezandipiti\n|-damage|p1a: Fezandipiti|0 fnt\n|faint|p1a: Fezandipiti\n|-hitcount|p1: Fezandipiti|3\n|\n|upkeep\n|\n|t:|1700146182\n|switch|p1b: Urshifu|Urshifu-Rapid-Strike, L50, M|100\/100\n|switch|p1a: Iron Hands|Iron Hands, L50|100\/100\n|turn|3\n|\n|t:|1700146208\n|-terastallize|p1b: Urshifu|Water\n|move|p2b: Urshifu|Protect|p2b: Urshifu\n|-singleturn|p2b: Urshifu|Protect\n|move|p2a: Tornadus|Tailwind|p2a: Tornadus\n|-sidestart|p2: Steve04|move: Tailwind\n|move|p1b: Urshifu|Surging Strikes|p2a: Tornadus\n|-crit|p2a: Tornadus\n|-damage|p2a: Tornadus|43\/100\n|-enditem|p2a: Tornadus|Sitrus Berry|[eat]\n|-heal|p2a: Tornadus|68\/100|[from] item: Sitrus Berry\n|-crit|p2a: Tornadus\n|-damage|p2a: Tornadus|36\/100\n|-crit|p2a: Tornadus\n|-damage|p2a: Tornadus|0 fnt\n|faint|p2a: Tornadus\n|-hitcount|p2: Tornadus|3\n|move|p1a: Iron Hands|Wild Charge|p2b: Urshifu\n|-activate|p2b: Urshifu|move: Protect\n|\n|upkeep\n|\n|t:|1700146225\n|switch|p2a: Landorus|Landorus-Therian, L50, M|100\/100\n|-ability|p2a: Landorus|Intimidate|boost\n|-unboost|p1a: Iron Hands|atk|1\n|-unboost|p1b: Urshifu|atk|1\n|turn|4\n|\n|t:|1700146263\n|move|p2a: Landorus|U-turn|p1b: Urshifu\n|-damage|p1b: Urshifu|72\/100\n|\n|t:|1700146267\n|switch|p2a: Kingambit|Kingambit, L50, M|100\/100|[from] U-turn\n|move|p2b: Urshifu|Close Combat|p1b: Urshifu\n|-damage|p1b: Urshifu|7\/100\n|-unboost|p2b: Urshifu|def|1\n|-unboost|p2b: Urshifu|spd|1\n|move|p1b: Urshifu|Surging Strikes|p2a: Kingambit\n|-crit|p2a: Kingambit\n|-damage|p2a: Kingambit|78\/100\n|-crit|p2a: Kingambit\n|-damage|p2a: Kingambit|53\/100\n|-crit|p2a: Kingambit\n|-damage|p2a: Kingambit|29\/100\n|-hitcount|p2a: Kingambit|3\n|move|p1a: Iron Hands|Wild Charge|p2b: Urshifu\n|-supereffective|p2b: Urshifu\n|-enditem|p2b: Urshifu|Focus Sash\n|-damage|p2b: Urshifu|1\/100\n|-damage|p1a: Iron Hands|83\/100|[from] Recoil\n|\n|upkeep\n|turn|5\n|\n|t:|1700146321\n|move|p1b: Urshifu|Aqua Jet|p2b: Urshifu\n|-resisted|p2b: Urshifu\n|-damage|p2b: Urshifu|0 fnt\n|faint|p2b: Urshifu\n|move|p2a: Kingambit|Sucker Punch||[still]\n|-fail|p2a: Kingambit\n|move|p1a: Iron Hands|Drain Punch|p2a: Kingambit\n|-supereffective|p2a: Kingambit\n|-damage|p2a: Kingambit|0 fnt\n|-heal|p1a: Iron Hands|95\/100|[from] drain|[of] p2a: Kingambit\n|faint|p2a: Kingambit\n|\n|upkeep\n|\n|t:|1700146327\n|switch|p2b: Landorus|Landorus-Therian, L50, M|100\/100\n|-ability|p2b: Landorus|Intimidate|boost\n|-unboost|p1a: Iron Hands|atk|1\n|-unboost|p1b: Urshifu|atk|1\n|turn|6\n|\n|t:|1700146339\n|move|p2b: Landorus|Rock Slide|p1b: Urshifu|[spread] p1a,p1b\n|-resisted|p1a: Iron Hands\n|-damage|p1a: Iron Hands|88\/100\n|-damage|p1b: Urshifu|0 fnt\n|faint|p1b: Urshifu\n|move|p1a: Iron Hands|Drain Punch|p2b: Landorus\n|-resisted|p2b: Landorus\n|-damage|p2b: Landorus|87\/100\n|-heal|p1a: Iron Hands|92\/100|[from] drain|[of] p2b: Landorus\n|\n|-sideend|p2: Steve04|move: Tailwind\n|upkeep\n|turn|7\n|\n|t:|1700146344\n|move|p2b: Landorus|Rock Slide|p1a: Iron Hands\n|-resisted|p1a: Iron Hands\n|-damage|p1a: Iron Hands|83\/100\n|move|p1a: Iron Hands|Drain Punch|p2b: Landorus\n|-resisted|p2b: Landorus\n|-damage|p2b: Landorus|75\/100\n|-heal|p1a: Iron Hands|88\/100|[from] drain|[of] p2b: Landorus\n|\n|upkeep\n|turn|8\n|\n|t:|1700146350\n|move|p2b: Landorus|Rock Slide|p1a: Iron Hands\n|-resisted|p1a: Iron Hands\n|-damage|p1a: Iron Hands|78\/100\n|cant|p1a: Iron Hands|flinch\n|\n|upkeep\n|turn|9\n|\n|t:|1700146355\n|move|p2b: Landorus|Rock Slide|p1a: Iron Hands\n|-resisted|p1a: Iron Hands\n|-damage|p1a: Iron Hands|69\/100\n|cant|p1a: Iron Hands|flinch\n|\n|upkeep\n|turn|10\n|\n|t:|1700146359\n|move|p2b: Landorus|Rock Slide|p1a: Iron Hands\n|-resisted|p1a: Iron Hands\n|-damage|p1a: Iron Hands|60\/100\n|cant|p1a: Iron Hands|flinch\n|\n|upkeep\n|turn|11\n|\n|t:|1700146362\n|move|p2b: Landorus|Rock Slide|p1a: Iron Hands\n|-resisted|p1a: Iron Hands\n|-damage|p1a: Iron Hands|49\/100\n|cant|p1a: Iron Hands|flinch\n|\n|upkeep\n|turn|12\n|\n|t:|1700146367\n|move|p2b: Landorus|Rock Slide|p1a: Iron Hands\n|-resisted|p1a: Iron Hands\n|-damage|p1a: Iron Hands|40\/100\n|cant|p1a: Iron Hands|flinch\n|\n|upkeep\n|turn|13\n|c|\u2606Steve04|lmao\n|c|\u2606DragonPiro|5 in a row\n|c|\u2606Steve04|lol\n|c|\u2606DragonPiro|i just cant\n|\n|t:|1700146381\n|move|p2b: Landorus|Rock Slide|p1a: Iron Hands|[miss]\n|-miss|p2b: Landorus|p1a: Iron Hands\n|move|p1a: Iron Hands|Drain Punch|p2b: Landorus\n|-resisted|p2b: Landorus\n|-damage|p2b: Landorus|62\/100\n|-heal|p1a: Iron Hands|45\/100|[from] drain|[of] p2b: Landorus\n|\n|upkeep\n|turn|14\n|c|\u2606Steve04|nooooo\n|\n|t:|1700146389\n|move|p2b: Landorus|Rock Slide|p1a: Iron Hands|[miss]\n|-miss|p2b: Landorus|p1a: Iron Hands\n|move|p1a: Iron Hands|Drain Punch|p2b: Landorus\n|-resisted|p2b: Landorus\n|-damage|p2b: Landorus|48\/100\n|-heal|p1a: Iron Hands|49\/100|[from] drain|[of] p2b: Landorus\n|\n|upkeep\n|turn|15\n|c|\u2606Steve04|karm{\n|c|\u2606Steve04|karma\n|\n|t:|1700146396\n|move|p2b: Landorus|Rock Slide|p1a: Iron Hands\n|-resisted|p1a: Iron Hands\n|-damage|p1a: Iron Hands|39\/100\n|cant|p1a: Iron Hands|flinch\n|\n|upkeep\n|turn|16\n|c|\u2606DragonPiro|thank god\n|c|\u2606DragonPiro|SUCK A DICK\n|\n|t:|1700146404\n|move|p2b: Landorus|Rock Slide|p1a: Iron Hands\n|-resisted|p1a: Iron Hands\n|-damage|p1a: Iron Hands|30\/100\n|move|p1a: Iron Hands|Drain Punch|p2b: Landorus\n|-resisted|p2b: Landorus\n|-damage|p2b: Landorus|37\/100\n|-heal|p1a: Iron Hands|35\/100|[from] drain|[of] p2b: Landorus\n|\n|upkeep\n|turn|17\n|\n|t:|1700146411\n|move|p2b: Landorus|Rock Slide|p1a: Iron Hands\n|-resisted|p1a: Iron Hands\n|-damage|p1a: Iron Hands|25\/100\n|move|p1a: Iron Hands|Drain Punch|p2b: Landorus\n|-resisted|p2b: Landorus\n|-damage|p2b: Landorus|24\/100\n|-heal|p1a: Iron Hands|30\/100|[from] drain|[of] p2b: Landorus\n|\n|upkeep\n|turn|18\n|\n|t:|1700146418\n|move|p2b: Landorus|Rock Slide|p1a: Iron Hands\n|-resisted|p1a: Iron Hands\n|-damage|p1a: Iron Hands|20\/100\n|move|p1a: Iron Hands|Drain Punch|p2b: Landorus\n|-resisted|p2b: Landorus\n|-damage|p2b: Landorus|12\/100\n|-heal|p1a: Iron Hands|24\/100|[from] drain|[of] p2b: Landorus\n|\n|upkeep\n|turn|19\n|\n|t:|1700146426\n|move|p2b: Landorus|Rock Slide|p1a: Iron Hands|[miss]\n|-miss|p2b: Landorus|p1a: Iron Hands\n|move|p1a: Iron Hands|Drain Punch|p2b: Landorus\n|-resisted|p2b: Landorus\n|-damage|p2b: Landorus|0 fnt\n|-heal|p1a: Iron Hands|28\/100|[from] drain|[of] p2b: Landorus\n|faint|p2b: Landorus\n|\n|win|DragonPiro\n|raw|DragonPiro's rating: 1099 &rarr; <strong>1128<\/strong><br \/>(+29 for winning)\n|raw|Steve04's rating: 1151 &rarr; <strong>1122<\/strong><br \/>(-29 for losing)\n|c|\u2606Steve04|gg\n|c|\u2606DragonPiro|gg\n|l|\u2606Steve04\n","uploadtime":1700146404,"views":21,"p1id":"dragonpiro","p2id":"steve04","formatid":"gen9vgc2023regulatione","rating":1122,"private":0,"password":""}