{"id":"gen9vgc2023regulatione-1990140569","p1":"project g1","p2":"Lynnnnnnnnn","format":"[Gen 9] VGC 2023 Regulation E","log":"|j|\u2606project g1\n|j|\u2606Lynnnnnnnnn\n|t:|1699928962\n|gametype|doubles\n|player|p1|project g1|102|1036\n|player|p2|Lynnnnnnnnn|red|1125\n|teamsize|p1|6\n|teamsize|p2|6\n|gen|9\n|tier|[Gen 9] VGC 2023 Regulation E\n|rated|\n|rule|Species Clause: Limit one of each Pok\u00e9mon\n|rule|Item Clause: Limit one of each item\n|clearpoke\n|poke|p1|Flutter Mane, L50|\n|poke|p1|Farigiraf, L50, M|\n|poke|p1|Torkoal, L50, M|\n|poke|p1|Sunflora, L50, F|\n|poke|p1|Ambipom, L50, M|\n|poke|p1|Arboliva, L50, F|\n|poke|p2|Iron Hands, L50|\n|poke|p2|Ogerpon-Wellspring, L50, F|\n|poke|p2|Arcanine-Hisui, L50, M|\n|poke|p2|Chien-Pao, L50|\n|poke|p2|Landorus-Therian, L50, M|\n|poke|p2|Rillaboom, L50, F|\n|teampreview|4\n|inactive|Battle timer is ON: inactive players will automatically lose when time's up. (requested by Lynnnnnnnnn)\n|inactive|project g1 has 60 seconds left.\n|inactive|Lynnnnnnnnn has 60 seconds left.\n|inactive|Lynnnnnnnnn has 30 seconds left.\n|inactive|Lynnnnnnnnn has 20 seconds left.\n|\n|t:|1699929035\n|start\n|switch|p1a: Ambipom|Ambipom, L50, M|100\/100\n|switch|p1b: Farigiraf|Farigiraf, L50, M|100\/100\n|switch|p2a: Arcanine|Arcanine-Hisui, L50, M|100\/100\n|switch|p2b: Chien-Pao|Chien-Pao, L50|100\/100\n|-ability|p2b: Chien-Pao|Sword of Ruin\n|-ability|p2a: Arcanine|Intimidate|boost\n|-unboost|p1a: Ambipom|atk|1\n|-unboost|p1b: Farigiraf|atk|1\n|turn|1\n|\n|t:|1699929056\n|-terastallize|p1b: Farigiraf|Fairy\n|move|p1a: Ambipom|Fake Out|p2a: Arcanine\n|-enditem|p1a: Ambipom|Normal Gem|[from] gem\n|-resisted|p2a: Arcanine\n|-damage|p2a: Arcanine|88\/100\n|move|p2b: Chien-Pao|Sucker Punch||[still]\n|cant|p1b: Farigiraf|ability: Armor Tail|Sucker Punch|[of] p2b: Chien-Pao\n|cant|p2a: Arcanine|flinch\n|move|p1b: Farigiraf|Trick Room|p1b: Farigiraf\n|-fieldstart|move: Trick Room|[of] p1b: Farigiraf\n|\n|upkeep\n|turn|2\n|\n|t:|1699929078\n|switch|p1b: Sunflora|Sunflora, L50, F|100\/100\n|switch|p1a: Torkoal|Torkoal, L50, M|100\/100\n|-weather|SunnyDay|[from] ability: Drought|[of] p1a: Torkoal\n|switch|p2b: Ogerpon|Ogerpon-Wellspring, L50, F|100\/100\n|move|p2a: Arcanine|Rock Slide|p1b: Sunflora|[spread] p1a,p1b\n|-supereffective|p1a: Torkoal\n|-damage|p1a: Torkoal|31\/100\n|-damage|p1b: Sunflora|43\/100\n|-damage|p2a: Arcanine|78\/100|[from] item: Life Orb\n|\n|-weather|SunnyDay|[upkeep]\n|-damage|p1b: Sunflora|31\/100|[from] ability: Solar Power|[of] p1b: Sunflora\n|upkeep\n|turn|3\n|inactive|Lynnnnnnnnn has 30 seconds left.\n|\n|t:|1699929109\n|move|p2b: Ogerpon|Spiky Shield|p2b: Ogerpon\n|-singleturn|p2b: Ogerpon|move: Protect\n|move|p2a: Arcanine|Extreme Speed|p1b: Sunflora\n|-damage|p1b: Sunflora|0 fnt\n|faint|p1b: Sunflora\n|-damage|p2a: Arcanine|68\/100|[from] item: Life Orb\n|move|p1a: Torkoal|Earth Power|p2a: Arcanine\n|-supereffective|p2a: Arcanine\n|-damage|p2a: Arcanine|0 fnt\n|faint|p2a: Arcanine\n|\n|-weather|SunnyDay|[upkeep]\n|upkeep\n|\n|t:|1699929129\n|switch|p1b: Ambipom|Ambipom, L50, M|100\/100\n|switch|p2a: Chien-Pao|Chien-Pao, L50|100\/100\n|-ability|p2a: Chien-Pao|Sword of Ruin\n|turn|4\n|\n|t:|1699929141\n|move|p2a: Chien-Pao|Protect|p2a: Chien-Pao\n|-singleturn|p2a: Chien-Pao|Protect\n|move|p1b: Ambipom|Fake Out|p2b: Ogerpon\n|-damage|p2b: Ogerpon|68\/100\n|move|p1a: Torkoal|Earth Power|p2a: Chien-Pao\n|-activate|p2a: Chien-Pao|move: Protect\n|cant|p2b: Ogerpon|flinch\n|\n|-weather|SunnyDay|[upkeep]\n|upkeep\n|turn|5\n|\n|t:|1699929158\n|switch|p1a: Farigiraf|Farigiraf, L50, M, tera:Fairy|100\/100\n|move|p2b: Ogerpon|Follow Me|p2b: Ogerpon\n|-singleturn|p2b: Ogerpon|move: Follow Me\n|move|p1b: Ambipom|Acrobatics|p2b: Ogerpon\n|-supereffective|p2b: Ogerpon\n|-damage|p2b: Ogerpon|0 fnt\n|faint|p2b: Ogerpon\n|move|p2a: Chien-Pao|Sacred Sword|p1b: Ambipom\n|-supereffective|p1b: Ambipom\n|-damage|p1b: Ambipom|0 fnt\n|faint|p1b: Ambipom\n|\n|-weather|SunnyDay|[upkeep]\n|-fieldend|move: Trick Room\n|upkeep\n|\n|t:|1699929170\n|switch|p1b: Torkoal|Torkoal, L50, M|31\/100\n|switch|p2b: Landorus|Landorus-Therian, L50, M|100\/100\n|-ability|p2b: Landorus|Intimidate|boost\n|-unboost|p1a: Farigiraf|atk|1\n|-unboost|p1b: Torkoal|atk|1\n|turn|6\n|\n|t:|1699929195\n|move|p2b: Landorus|Rock Slide|p1a: Farigiraf|[spread] p1a,p1b\n|-supereffective|p1b: Torkoal\n|-damage|p1a: Farigiraf|70\/100\n|-damage|p1b: Torkoal|0 fnt\n|faint|p1b: Torkoal\n|move|p2a: Chien-Pao|Icicle Crash|p1a: Farigiraf\n|-damage|p1a: Farigiraf|5\/100\n|cant|p1a: Farigiraf|flinch\n|\n|-weather|none\n|-heal|p1a: Farigiraf|12\/100|[from] item: Leftovers\n|upkeep\n|turn|7\n|n|!project g1|projectg1\n|-message|project g1 forfeited.\n|\n|win|Lynnnnnnnnn\n|raw|project g1's rating: 1036 &rarr; <strong>1024<\/strong><br \/>(-12 for losing)\n|raw|Lynnnnnnnnn's rating: 1125 &rarr; <strong>1144<\/strong><br \/>(+19 for winning)\n|l|!project g1\n","uploadtime":1699929205,"views":7,"p1id":"projectg1","p2id":"lynnnnnnnnn","formatid":"gen9vgc2023regulatione","rating":1024,"private":0,"password":""}