{"id":"gen9vgc2023regulatione-1999601344","p1":"lorylagg","p2":"Panda Man7567","format":"[Gen 9] VGC 2023 Regulation E","log":"|j|\u2606lorylagg\n|j|\u2606Panda Man7567\n|t:|1701100115\n|gametype|doubles\n|player|p1|lorylagg|unknownf|1542\n|player|p2|Panda Man7567|266|1543\n|teamsize|p1|6\n|teamsize|p2|6\n|gen|9\n|tier|[Gen 9] VGC 2023 Regulation E\n|rated|\n|rule|Species Clause: Limit one of each Pok\u00e9mon\n|rule|Item Clause: Limit one of each item\n|clearpoke\n|poke|p1|Urshifu-*, L50, F|\n|poke|p1|Arcanine-Hisui, L50, F|\n|poke|p1|Gholdengo, L50|\n|poke|p1|Tornadus, L50, M|\n|poke|p1|Rillaboom, L50, F|\n|poke|p1|Flutter Mane, L50|\n|poke|p2|Roaring Moon, L50|\n|poke|p2|Gholdengo, L50|\n|poke|p2|Arcanine-Hisui, L50, M|\n|poke|p2|Ogerpon, L50, F|\n|poke|p2|Thundurus-Therian, L50, M|\n|poke|p2|Urshifu-*, L50, M|\n|teampreview|4\n|inactive|Battle timer is ON: inactive players will automatically lose when time's up. (requested by Panda Man7567)\nPanda Man7567 has agreed to open team sheets.\nlorylagg has agreed to open team sheets.\n|j| ApostleMC\n|inactive|lorylagg has 30 seconds left.\n|inactive|Panda Man7567 has 30 seconds left.\n|inactive|lorylagg has 20 seconds left.\n|inactive|Panda Man7567 has 20 seconds left.\n|inactive|lorylagg has 15 seconds left.\n|inactive|Panda Man7567 has 15 seconds left.\n|inactive|Panda Man7567 has 10 seconds left.\n|inactive|Panda Man7567 has 5 seconds left.\n|\n|t:|1701100173\n|start\n|switch|p1a: Flutter Mane|Flutter Mane, L50|100\/100\n|switch|p1b: Tornadus|Tornadus, L50, M|100\/100\n|switch|p2a: Roaring Moon|Roaring Moon, L50|100\/100\n|switch|p2b: Ogerpon|Ogerpon, L50, F|100\/100\n|-enditem|p2a: Roaring Moon|Booster Energy\n|-activate|p2a: Roaring Moon|ability: Protosynthesis|[fromitem]\n|-start|p2a: Roaring Moon|protosynthesisspe\n|-enditem|p1a: Flutter Mane|Booster Energy\n|-activate|p1a: Flutter Mane|ability: Protosynthesis|[fromitem]\n|-start|p1a: Flutter Mane|protosynthesisspa\n|turn|1\n|inactive|Panda Man7567 has 30 seconds left.\n|inactive|Panda Man7567 has 20 seconds left.\n|\n|t:|1701100210\n|switch|p2b: Arcanine|Arcanine-Hisui, L50, M|100\/100\n|-ability|p2b: Arcanine|Intimidate|boost\n|-unboost|p1a: Flutter Mane|atk|1\n|-unboost|p1b: Tornadus|atk|1\n|-terastallize|p2a: Roaring Moon|Poison\n|-terastallize|p1a: Flutter Mane|Fairy\n|move|p1b: Tornadus|Tailwind|p1b: Tornadus\n|-sidestart|p1: lorylagg|move: Tailwind\n|move|p1a: Flutter Mane|Moonblast|p2b: Arcanine\n|-resisted|p2b: Arcanine\n|-damage|p2b: Arcanine|56\/100\n|-unboost|p2b: Arcanine|spa|1\n|move|p2a: Roaring Moon|Tailwind|p2a: Roaring Moon\n|-sidestart|p2: Panda Man7567|move: Tailwind\n|\n|upkeep\n|turn|2\n|inactive|Panda Man7567 has 30 seconds left.\n|inactive|Panda Man7567 has 20 seconds left.\n|inactive|Panda Man7567 has 15 seconds left.\n|inactive|Panda Man7567 has 10 seconds left.\n|\n|t:|1701100256\n|move|p1a: Flutter Mane|Protect|p1a: Flutter Mane\n|-singleturn|p1a: Flutter Mane|Protect\n|move|p1b: Tornadus|Rain Dance|p1b: Tornadus\n|-weather|RainDance\n|move|p2a: Roaring Moon|Knock Off|p1b: Tornadus\n|-damage|p1b: Tornadus|51\/100\n|-damage|p2a: Roaring Moon|84\/100|[from] item: Rocky Helmet|[of] p1b: Tornadus\n|-enditem|p1b: Tornadus|Rocky Helmet|[from] move: Knock Off|[of] p2a: Roaring Moon\n|move|p2b: Arcanine|Rock Slide|p1b: Tornadus|[spread] p1b\n|-activate|p1a: Flutter Mane|move: Protect\n|-supereffective|p1b: Tornadus\n|-damage|p1b: Tornadus|0 fnt\n|faint|p1b: Tornadus\n|\n|-weather|RainDance|[upkeep]\n|upkeep\n|j| Asacado\n|\n|t:|1701100272\n|switch|p1b: Arcanine|Arcanine-Hisui, L50, F|100\/100\n|-ability|p1b: Arcanine|Intimidate|boost\n|-unboost|p2a: Roaring Moon|atk|1\n|-unboost|p2b: Arcanine|atk|1\n|turn|3\n|\n|t:|1701100282\n|move|p2a: Roaring Moon|Breaking Swipe|p1b: Arcanine|[spread] p1b\n|-immune|p1a: Flutter Mane\n|-damage|p1b: Arcanine|87\/100\n|-unboost|p1b: Arcanine|atk|1\n|move|p1a: Flutter Mane|Shadow Ball|p2a: Roaring Moon\n|-damage|p2a: Roaring Moon|36\/100\n|move|p1b: Arcanine|Rock Slide|p2a: Roaring Moon|[spread] p2a,p2b\n|-supereffective|p2b: Arcanine\n|-damage|p2a: Roaring Moon|17\/100\n|-damage|p2b: Arcanine|20\/100\n|move|p2b: Arcanine|Rock Slide|p1a: Flutter Mane|[spread] p1a,p1b\n|-supereffective|p1b: Arcanine\n|-damage|p1a: Flutter Mane|59\/100\n|-damage|p1b: Arcanine|26\/100\n|-enditem|p1b: Arcanine|Sitrus Berry|[eat]\n|-heal|p1b: Arcanine|51\/100|[from] item: Sitrus Berry\n|\n|-weather|RainDance|[upkeep]\n|upkeep\n|turn|4\n|inactive|Panda Man7567 has 30 seconds left.\n|inactive|Panda Man7567 has 20 seconds left.\n|inactive|Panda Man7567 has 15 seconds left.\n|inactive|Panda Man7567 has 10 seconds left.\n|inactive|Panda Man7567 has 5 seconds left.\n|\n|t:|1701100335\n|move|p2a: Roaring Moon|Protect|p2a: Roaring Moon\n|-singleturn|p2a: Roaring Moon|Protect\n|move|p1b: Arcanine|Extreme Speed|p2a: Roaring Moon\n|-activate|p2a: Roaring Moon|move: Protect\n|move|p1a: Flutter Mane|Shadow Ball|p2b: Arcanine\n|-damage|p2b: Arcanine|0 fnt\n|faint|p2b: Arcanine\n|\n|-weather|RainDance|[upkeep]\n|-sideend|p2: Panda Man7567|move: Tailwind\n|-sideend|p1: lorylagg|move: Tailwind\n|upkeep\n|\n|t:|1701100350\n|switch|p2b: Thundurus|Thundurus-Therian, L50, M|100\/100\n|turn|5\n|\n|t:|1701100358\n|move|p1a: Flutter Mane|Protect|p1a: Flutter Mane\n|-singleturn|p1a: Flutter Mane|Protect\n|move|p1b: Arcanine|Extreme Speed|p2a: Roaring Moon\n|-damage|p2a: Roaring Moon|2\/100\n|move|p2a: Roaring Moon|Tailwind|p2a: Roaring Moon\n|-sidestart|p2: Panda Man7567|move: Tailwind\n|move|p2b: Thundurus|Wildbolt Storm|p1a: Flutter Mane|[spread] p1b\n|-activate|p1a: Flutter Mane|move: Protect\n|-damage|p1b: Arcanine|13\/100\n|\n|-weather|RainDance|[upkeep]\n|upkeep\n|turn|6\n|\n|t:|1701100381\n|move|p1b: Arcanine|Extreme Speed|p2b: Thundurus\n|-crit|p2b: Thundurus\n|-damage|p2b: Thundurus|67\/100\n|move|p2a: Roaring Moon|Knock Off|p1a: Flutter Mane\n|-resisted|p1a: Flutter Mane\n|-damage|p1a: Flutter Mane|42\/100\n|move|p2b: Thundurus|Wildbolt Storm|p1b: Arcanine|[spread] p1a,p1b\n|-damage|p1a: Flutter Mane|6\/100\n|-damage|p1b: Arcanine|0 fnt\n|faint|p1b: Arcanine\n|move|p1a: Flutter Mane|Moonblast|p2b: Thundurus\n|-damage|p2b: Thundurus|2\/100\n|\n|-weather|none\n|upkeep\n|\n|t:|1701100392\n|switch|p1b: Urs4lun4-Bloodmoon|Gholdengo, L50|100\/100\n|turn|7\n|inactive|lorylagg has 30 seconds left.\n|\n|t:|1701100419\n|move|p2a: Roaring Moon|Knock Off|p1b: Urs4lun4-Bloodmoon\n|-supereffective|p1b: Urs4lun4-Bloodmoon\n|-damage|p1b: Urs4lun4-Bloodmoon|37\/100\n|-enditem|p1b: Urs4lun4-Bloodmoon|Choice Specs|[from] move: Knock Off|[of] p2a: Roaring Moon\n|move|p2b: Thundurus|Thunderbolt|p1a: Flutter Mane\n|-damage|p1a: Flutter Mane|0 fnt\n|faint|p1a: Flutter Mane\n|-end|p1a: Flutter Mane|Protosynthesis|[silent]\n|move|p1b: Urs4lun4-Bloodmoon|Make It Rain|p2a: Roaring Moon|[spread] p2a,p2b\n|-resisted|p2b: Thundurus\n|-damage|p2a: Roaring Moon|0 fnt\n|-damage|p2b: Thundurus|0 fnt\n|-unboost|p1b: Urs4lun4-Bloodmoon|spa|1\n|faint|p2a: Roaring Moon\n|-end|p2a: Roaring Moon|Protosynthesis|[silent]\n|faint|p2b: Thundurus\n|\n|upkeep\n|-message|lorylagg forfeited.\n|\n|win|Panda Man7567\n|raw|lorylagg's rating: 1542 &rarr; <strong>1522<\/strong><br \/>(-20 for losing)\n|raw|Panda Man7567's rating: 1543 &rarr; <strong>1563<\/strong><br \/>(+20 for winning)\n","uploadtime":1701100433,"views":13,"p1id":"lorylagg","p2id":"pandaman7567","formatid":"gen9vgc2023regulatione","rating":1522,"private":0,"password":""}