{"id":"gen9vgc2023regulatione-2000025676","p1":"obbyslice","p2":"Dylan of Paldea","format":"[Gen 9] VGC 2023 Regulation E","log":"|j|\u2606obbyslice\n|j|\u2606Dylan of Paldea\n|t:|1701142759\n|gametype|doubles\n|player|p1|obbyslice|clay|1075\n|player|p2|Dylan of Paldea|1|1040\n|teamsize|p1|6\n|teamsize|p2|6\n|gen|9\n|tier|[Gen 9] VGC 2023 Regulation E\n|rated|\n|rule|Species Clause: Limit one of each Pok\u00e9mon\n|rule|Item Clause: Limit one of each item\n|clearpoke\n|poke|p1|Farigiraf, L50, F|\n|poke|p1|Ursaluna-Bloodmoon, L50, M|\n|poke|p1|Urshifu-*, L50, F|\n|poke|p1|Flutter Mane, L50|\n|poke|p1|Kingambit, L50, M|\n|poke|p1|Iron Hands, L50|\n|poke|p2|Flutter Mane, L50|\n|poke|p2|Ogerpon-Hearthflame, L50, F|\n|poke|p2|Rillaboom, L50, F|\n|poke|p2|Heatran, L50, M|\n|poke|p2|Landorus-Therian, L50, M|\n|poke|p2|Cresselia, L50, F|\n|teampreview|4\nDylan of Paldea has agreed to open team sheets.\nobbyslice rejected open team sheets.\n|inactive|Battle timer is ON: inactive players will automatically lose when time's up. (requested by Dylan of Paldea)\n|\n|t:|1701142822\n|start\n|switch|p1a: Farigiraf|Farigiraf, L50, F|100\/100\n|switch|p1b: Iron Hands|Iron Hands, L50|100\/100\n|switch|p2a: Flutter Mane|Flutter Mane, L50, shiny|100\/100\n|switch|p2b: Rillaboom|Rillaboom, L50, F|100\/100\n|-fieldstart|move: Grassy Terrain|[from] ability: Grassy Surge|[of] p2b: Rillaboom\n|turn|1\n|inactive|Dylan of Paldea has 30 seconds left.\n|\n|t:|1701142855\n|move|p2a: Flutter Mane|Moonblast|p1a: Farigiraf\n|-damage|p1a: Farigiraf|34\/100\n|move|p2b: Rillaboom|Knock Off|p1a: Farigiraf\n|-supereffective|p1a: Farigiraf\n|-damage|p1a: Farigiraf|0 fnt\n|-enditem|p1a: Farigiraf|Safety Goggles|[from] move: Knock Off|[of] p2b: Rillaboom\n|faint|p1a: Farigiraf\n|move|p1b: Iron Hands|Heavy Slam|p2a: Flutter Mane\n|-supereffective|p2a: Flutter Mane\n|-damage|p2a: Flutter Mane|0 fnt\n|faint|p2a: Flutter Mane\n|-end|p2a: Flutter Mane|Protosynthesis|[silent]\n|\n|upkeep\n|\n|t:|1701142877\n|switch|p2a: Ogerpon|Ogerpon-Hearthflame, L50, F|100\/100\n|switch|p1a: Kingambit|Kingambit, L50, M|100\/100\n|-ability|p2a: Ogerpon|Mold Breaker\n|turn|2\n|inactive|obbyslice has 30 seconds left.\n|inactive|Dylan of Paldea has 30 seconds left.\n|inactive|obbyslice has 20 seconds left.\n|inactive|obbyslice has 15 seconds left.\n|inactive|obbyslice has 10 seconds left.\n|\n|t:|1701142923\n|-terastallize|p2a: Ogerpon|Fire\n|detailschange|p2a: Ogerpon|Ogerpon-Hearthflame-Tera, L50, F, tera:Fire\n|-ability|p2a: Ogerpon|Embody Aspect (Hearthflame)|boost\n|-boost|p2a: Ogerpon|atk|1\n|-terastallize|p1a: Kingambit|Dark\n|move|p1a: Kingambit|Sucker Punch|p2a: Ogerpon\n|-damage|p2a: Ogerpon|17\/100\n|move|p2a: Ogerpon|Ivy Cudgel|p1a: Kingambit|[anim] Ivy Cudgel Fire\n|-damage|p1a: Kingambit|20\/100\n|move|p2b: Rillaboom|Knock Off|p1b: Iron Hands\n|-resisted|p1b: Iron Hands\n|-damage|p1b: Iron Hands|90\/100\n|-enditem|p1b: Iron Hands|Assault Vest|[from] move: Knock Off|[of] p2b: Rillaboom\n|move|p1b: Iron Hands|Drain Punch|p2b: Rillaboom\n|-damage|p2b: Rillaboom|63\/100\n|-heal|p1b: Iron Hands|100\/100|[from] drain|[of] p2b: Rillaboom\n|\n|-heal|p2a: Ogerpon|23\/100|[from] Grassy Terrain\n|-heal|p2b: Rillaboom|69\/100|[from] Grassy Terrain\n|-heal|p1a: Kingambit|26\/100|[from] Grassy Terrain\n|upkeep\n|turn|3\n|inactive|obbyslice has 30 seconds left.\n|inactive|obbyslice has 20 seconds left.\n|inactive|obbyslice has 15 seconds left.\n|\n|t:|1701142967\n|move|p2a: Ogerpon|Spiky Shield|p2a: Ogerpon\n|-singleturn|p2a: Ogerpon|move: Protect\n|move|p2b: Rillaboom|Grassy Glide|p1a: Kingambit\n|-damage|p1a: Kingambit|0 fnt\n|faint|p1a: Kingambit\n|move|p1b: Iron Hands|Drain Punch|p2b: Rillaboom\n|-crit|p2b: Rillaboom\n|-damage|p2b: Rillaboom|11\/100\n|\n|-heal|p2a: Ogerpon|29\/100|[from] Grassy Terrain\n|-heal|p2b: Rillaboom|17\/100|[from] Grassy Terrain\n|upkeep\n|\n|t:|1701142978\n|switch|p1a: Ursaluna|Ursaluna-Bloodmoon, L50, M|100\/100\n|turn|4\n|\n|t:|1701142999\n|move|p1a: Ursaluna|Protect|p1a: Ursaluna\n|-singleturn|p1a: Ursaluna|Protect\n|move|p2a: Ogerpon|Ivy Cudgel|p1b: Iron Hands|[anim] Ivy Cudgel Fire\n|-damage|p1b: Iron Hands|24\/100\n|move|p2b: Rillaboom|Wood Hammer|p1b: Iron Hands\n|-damage|p1b: Iron Hands|0 fnt\n|faint|p1b: Iron Hands\n|-end|p1b: Iron Hands|Quark Drive|[silent]\n|-damage|p2b: Rillaboom|8\/100|[from] Recoil\n|\n|-heal|p2a: Ogerpon|35\/100|[from] Grassy Terrain\n|-heal|p2b: Rillaboom|14\/100|[from] Grassy Terrain\n|upkeep\n|turn|5\n|\n|t:|1701143016\n|move|p2b: Rillaboom|Grassy Glide|p1a: Ursaluna\n|-supereffective|p1a: Ursaluna\n|-damage|p1a: Ursaluna|35\/100\n|move|p2a: Ogerpon|Ivy Cudgel|p1a: Ursaluna|[anim] Ivy Cudgel Fire\n|-damage|p1a: Ursaluna|0 fnt\n|faint|p1a: Ursaluna\n|\n|win|Dylan of Paldea\n|raw|obbyslice's rating: 1075 &rarr; <strong>1052<\/strong><br \/>(-23 for losing)\n|raw|Dylan of Paldea's rating: 1040 &rarr; <strong>1077<\/strong><br \/>(+37 for winning)\n|c|\u2606Dylan of Paldea|gg wp\n|l|\u2606obbyslice\n","uploadtime":1701143029,"views":1,"p1id":"obbyslice","p2id":"dylanofpaldea","formatid":"gen9vgc2023regulatione","rating":1052,"private":0,"password":""}