{"id":"gen9vgc2023regulatione-1991396010","p1":"SuzukiLA","p2":"LavenderAshes_25","format":"[Gen 9] VGC 2023 Regulation E","log":"|j|\u2606SuzukiLA\n|j|\u2606LavenderAshes_25\n|t:|1700073569\n|gametype|doubles\n|player|p1|SuzukiLA|colress|1166\n|player|p2|LavenderAshes_25|265|1214\n|teamsize|p1|6\n|teamsize|p2|6\n|gen|9\n|tier|[Gen 9] VGC 2023 Regulation E\n|rated|\n|rule|Species Clause: Limit one of each Pok\u00e9mon\n|rule|Item Clause: Limit one of each item\n|clearpoke\n|poke|p1|Rillaboom, L50, M|\n|poke|p1|Empoleon, L50, F|\n|poke|p1|Murkrow, L50, F|\n|poke|p1|Cyclizar, L50, M|\n|poke|p1|Thundurus-Therian, L50, M|\n|poke|p1|Ceruledge, L50, F|\n|poke|p2|Iron Hands, L50|\n|poke|p2|Kommo-o, L50, F|\n|poke|p2|Sinistcha, L50|\n|poke|p2|Ogerpon-Wellspring, L50, F|\n|poke|p2|Arcanine-Hisui, L50, M|\n|poke|p2|Corviknight, L50, F|\n|teampreview|4\nSuzukiLA rejected open team sheets.\n|inactive|Battle timer is ON: inactive players will automatically lose when time's up. (requested by SuzukiLA)\n|\n|t:|1700073643\n|start\n|switch|p1a: Empoleon|Empoleon, L50, F|100\/100\n|switch|p1b: Murkrow|Murkrow, L50, F|100\/100\n|switch|p2a: Iron Hands|Iron Hands, L50|100\/100\n|switch|p2b: Corviknight|Corviknight, L50, F|100\/100\n|turn|1\n|\n|t:|1700073665\n|switch|p1a: Ceruledge|Ceruledge, L50, F|100\/100\n|move|p1b: Murkrow|Protect|p1b: Murkrow\n|-singleturn|p1b: Murkrow|Protect\n|move|p2a: Iron Hands|Fake Out|p1b: Murkrow\n|-activate|p1b: Murkrow|move: Protect\n|move|p2b: Corviknight|Bulk Up|p2b: Corviknight\n|-boost|p2b: Corviknight|atk|1\n|-boost|p2b: Corviknight|def|1\n|\n|upkeep\n|turn|2\n|\n|t:|1700073685\n|-terastallize|p2b: Corviknight|Dragon\n|move|p1b: Murkrow|Tailwind|p1b: Murkrow\n|-sidestart|p1: SuzukiLA|move: Tailwind\n|move|p1a: Ceruledge|Swords Dance|p1a: Ceruledge\n|-boost|p1a: Ceruledge|atk|2\n|move|p2b: Corviknight|Tailwind|p2b: Corviknight\n|-sidestart|p2: LavenderAshes_25|move: Tailwind\n|move|p2a: Iron Hands|Ice Punch|p1b: Murkrow\n|-supereffective|p1b: Murkrow\n|-damage|p1b: Murkrow|38\/100\n|\n|upkeep\n|turn|3\n|\n|t:|1700073699\n|move|p1b: Murkrow|Foul Play|p2b: Corviknight\n|-damage|p2b: Corviknight|65\/100\n|move|p1a: Ceruledge|Swords Dance|p1a: Ceruledge\n|-boost|p1a: Ceruledge|atk|2\n|move|p2b: Corviknight|Bulk Up|p2b: Corviknight\n|-boost|p2b: Corviknight|atk|1\n|-boost|p2b: Corviknight|def|1\n|move|p2a: Iron Hands|Ice Punch|p1b: Murkrow\n|-supereffective|p1b: Murkrow\n|-damage|p1b: Murkrow|0 fnt\n|faint|p1b: Murkrow\n|\n|-heal|p2b: Corviknight|71\/100|[from] item: Leftovers\n|upkeep\n|\n|t:|1700073712\n|switch|p1b: Empoleon|Empoleon, L50, F|100\/100\n|turn|4\n|\n|t:|1700073725\n|-terastallize|p1b: Empoleon|Fairy\n|move|p1b: Empoleon|Tera Blast|p2b: Corviknight|[anim] Tera Blast Fairy\n|-supereffective|p2b: Corviknight\n|-damage|p2b: Corviknight|0 fnt\n|faint|p2b: Corviknight\n|-damage|p1b: Empoleon|91\/100|[from] item: Life Orb\n|move|p1a: Ceruledge|Bitter Blade|p2a: Iron Hands\n|-damage|p2a: Iron Hands|24\/100\n|move|p2a: Iron Hands|Wild Charge|p1a: Ceruledge\n|-damage|p1a: Ceruledge|47\/100\n|-ability|p1a: Ceruledge|Weak Armor|boost\n|-unboost|p1a: Ceruledge|def|1\n|-boost|p1a: Ceruledge|spe|2\n|-damage|p2a: Iron Hands|15\/100|[from] Recoil\n|\n|upkeep\n|\n|t:|1700073744\n|switch|p2b: Ogerpon|Ogerpon-Wellspring, L50, F|100\/100\n|turn|5\n|inactive|LavenderAshes_25 has 30 seconds left.\n|inactive|SuzukiLA has 30 seconds left.\n|\n|t:|1700073776\n|move|p1a: Ceruledge|Phantom Force||[still]\n|-prepare|p1a: Ceruledge|Phantom Force\n|move|p2b: Ogerpon|Ivy Cudgel|p1a: Ceruledge|[anim] Ivy Cudgel Water|[miss]\n|-miss|p2b: Ogerpon|p1a: Ceruledge\n|move|p1b: Empoleon|Tera Blast|p2a: Iron Hands|[anim] Tera Blast Fairy\n|-supereffective|p2a: Iron Hands\n|-damage|p2a: Iron Hands|0 fnt\n|faint|p2a: Iron Hands\n|-end|p2a: Iron Hands|Quark Drive|[silent]\n|-damage|p1b: Empoleon|81\/100|[from] item: Life Orb\n|\n|-sideend|p1: SuzukiLA|move: Tailwind\n|-sideend|p2: LavenderAshes_25|move: Tailwind\n|upkeep\n|\n|t:|1700073784\n|switch|p2a: Kommo-o|Kommo-o, L50, F|100\/100\n|turn|6\n|\n|t:|1700073793\n|move|p2a: Kommo-o|Protect|p2a: Kommo-o\n|-singleturn|p2a: Kommo-o|Protect\n|move|p1a: Ceruledge|Phantom Force|p2b: Ogerpon|[from]lockedmove\n|-crit|p2b: Ogerpon\n|-damage|p2b: Ogerpon|0 fnt\n|faint|p2b: Ogerpon\n|move|p1b: Empoleon|Tera Blast|p2a: Kommo-o|[anim] Tera Blast Fairy\n|-activate|p2a: Kommo-o|move: Protect\n|\n|upkeep\n|turn|7\n|\n|t:|1700073805\n|move|p1a: Ceruledge|Bitter Blade|p2a: Kommo-o\n|-resisted|p2a: Kommo-o\n|-damage|p2a: Kommo-o|51\/100\n|-heal|p1a: Ceruledge|73\/100|[from] drain|[of] p2a: Kommo-o\n|move|p2a: Kommo-o|Flash Cannon|p1b: Empoleon\n|-supereffective|p1b: Empoleon\n|-damage|p1b: Empoleon|31\/100\n|move|p1b: Empoleon|Tera Blast|p2a: Kommo-o|[anim] Tera Blast Fairy\n|-supereffective|p2a: Kommo-o\n|-damage|p2a: Kommo-o|0 fnt\n|faint|p2a: Kommo-o\n|-damage|p1b: Empoleon|22\/100|[from] item: Life Orb\n|\n|win|SuzukiLA\n|raw|SuzukiLA's rating: 1166 &rarr; <strong>1194<\/strong><br \/>(+28 for winning)\n|raw|LavenderAshes_25's rating: 1214 &rarr; <strong>1186<\/strong><br \/>(-28 for losing)\n","uploadtime":1700073846,"views":19,"p1id":"suzukila","p2id":"lavenderashes25","formatid":"gen9vgc2023regulatione","rating":1186,"private":0,"password":""}