{"id":"gen9vgc2023regulatione-1993953389","p1":"Wheeel","p2":"yokai19","format":"[Gen 9] VGC 2023 Regulation E","log":"|j|\u2606Wheeel\n|j|\u2606yokai19\n|t:|1700381868\n|gametype|doubles\n|player|p1|Wheeel|266|1411\n|player|p2|yokai19|169|1368\n|teamsize|p1|6\n|teamsize|p2|6\n|gen|9\n|tier|[Gen 9] VGC 2023 Regulation E\n|rated|\n|rule|Species Clause: Limit one of each Pok\u00e9mon\n|rule|Item Clause: Limit one of each item\n|clearpoke\n|poke|p1|Urshifu-*, L50, F|\n|poke|p1|Gholdengo, L50|\n|poke|p1|Tornadus, L50, M|\n|poke|p1|Rillaboom, L50, F|\n|poke|p1|Flutter Mane, L50|\n|poke|p1|Arcanine-Hisui, L50, M|\n|poke|p2|Dusclops, L50, M|\n|poke|p2|Ursaluna-Bloodmoon, L50, M|\n|poke|p2|Ogerpon-Wellspring, L50, F|\n|poke|p2|Heatran, L50, M|\n|poke|p2|Iron Hands, L50|\n|poke|p2|Landorus-Therian, L50, M|\n|teampreview|4\n|\n|t:|1700381946\n|start\n|switch|p1a: Gholdengo|Gholdengo, L50|100\/100\n|switch|p1b: Flutter Mane|Flutter Mane, L50|100\/100\n|switch|p2a: Iron Hands|Iron Hands, L50|100\/100\n|switch|p2b: Dusclops|Dusclops, L50, M|100\/100\n|-ability|p2b: Dusclops|Pressure\n|-enditem|p1b: Flutter Mane|Booster Energy\n|-activate|p1b: Flutter Mane|ability: Protosynthesis|[fromitem]\n|-start|p1b: Flutter Mane|protosynthesisspa\n|turn|1\n|\n|t:|1700382004\n|move|p1b: Flutter Mane|Moonblast|p2b: Dusclops\n|-damage|p2b: Dusclops|70\/100\n|-unboost|p2b: Dusclops|spa|1\n|move|p1a: Gholdengo|Shadow Ball|p2b: Dusclops\n|-supereffective|p2b: Dusclops\n|-damage|p2b: Dusclops|5\/100\n|-unboost|p2b: Dusclops|spd|1\n|move|p2a: Iron Hands|Volt Switch|p1a: Gholdengo\n|-damage|p1a: Gholdengo|87\/100\n|\n|t:|1700382015\n|-end|p2a: Iron Hands|Quark Drive|[silent]\n|switch|p2a: Ursaluna|Ursaluna-Bloodmoon, L50, M|100\/100|[from] Volt Switch\n|move|p2b: Dusclops|Trick Room|p2b: Dusclops\n|-fieldstart|move: Trick Room|[of] p2b: Dusclops\n|\n|upkeep\n|turn|2\n|\n|t:|1700382050\n|switch|p1a: Urshifu|Urshifu-Rapid-Strike, L50, F|100\/100\n|-terastallize|p2a: Ursaluna|Normal\n|move|p1b: Flutter Mane|Protect|p1b: Flutter Mane\n|-singleturn|p1b: Flutter Mane|Protect\n|move|p2b: Dusclops|Pain Split|p1a: Urshifu\n|-sethp|p1a: Urshifu|52\/100|[from] move: Pain Split|[silent]\n|-sethp|p2b: Dusclops|64\/100|[from] move: Pain Split\n|move|p2a: Ursaluna|Hyper Voice|p1a: Urshifu|[spread] p1a\n|-activate|p1b: Flutter Mane|move: Protect\n|-damage|p1a: Urshifu|0 fnt\n|faint|p1a: Urshifu\n|\n|upkeep\n|\n|t:|1700382064\n|switch|p1a: Gholdengo|Gholdengo, L50|87\/100\n|turn|3\n|\n|t:|1700382080\n|move|p2b: Dusclops|Brick Break|p2a: Ursaluna\n|-supereffective|p2a: Ursaluna\n|-damage|p2a: Ursaluna|80\/100\n|-enditem|p2a: Ursaluna|Weakness Policy\n|-boost|p2a: Ursaluna|atk|2|[from] item: Weakness Policy\n|-boost|p2a: Ursaluna|spa|2|[from] item: Weakness Policy\n|move|p2a: Ursaluna|Earth Power|p1a: Gholdengo\n|-supereffective|p1a: Gholdengo\n|-damage|p1a: Gholdengo|0 fnt\n|faint|p1a: Gholdengo\n|move|p1b: Flutter Mane|Dazzling Gleam|p2a: Ursaluna|[spread] p2a,p2b\n|-damage|p2a: Ursaluna|46\/100\n|-damage|p2b: Dusclops|33\/100\n|\n|upkeep\n|\n|t:|1700382086\n|switch|p1a: Arcanine|Arcanine-Hisui, L50, M|100\/100\n|-ability|p1a: Arcanine|Intimidate|boost\n|-unboost|p2a: Ursaluna|atk|1\n|-unboost|p2b: Dusclops|atk|1\n|turn|4\n|\n|t:|1700382131\n|-terastallize|p1a: Arcanine|Grass\n|move|p1a: Arcanine|Extreme Speed|p2a: Ursaluna\n|-damage|p2a: Ursaluna|28\/100\n|move|p2b: Dusclops|Pain Split|p1b: Flutter Mane\n|-sethp|p1b: Flutter Mane|66\/100|[from] move: Pain Split|[silent]\n|-sethp|p2b: Dusclops|68\/100|[from] move: Pain Split\n|move|p2a: Ursaluna|Earth Power|p1a: Arcanine\n|-resisted|p1a: Arcanine\n|-damage|p1a: Arcanine|46\/100\n|-enditem|p1a: Arcanine|Sitrus Berry|[eat]\n|-heal|p1a: Arcanine|71\/100|[from] item: Sitrus Berry\n|move|p1b: Flutter Mane|Dazzling Gleam|p2b: Dusclops|[spread] p2a,p2b\n|-damage|p2a: Ursaluna|0 fnt\n|-damage|p2b: Dusclops|37\/100\n|faint|p2a: Ursaluna\n|\n|upkeep\n|\n|t:|1700382159\n|switch|p2a: Iron Hands|Iron Hands, L50|100\/100\n|turn|5\n|\n|t:|1700382169\n|move|p1b: Flutter Mane|Protect|p1b: Flutter Mane\n|-singleturn|p1b: Flutter Mane|Protect\n|move|p2b: Dusclops|Will-O-Wisp|p1a: Arcanine\n|-status|p1a: Arcanine|brn\n|move|p2a: Iron Hands|Wild Charge|p1b: Flutter Mane\n|-activate|p1b: Flutter Mane|move: Protect\n|move|p1a: Arcanine|Will-O-Wisp|p2a: Iron Hands\n|-status|p2a: Iron Hands|brn\n|\n|-damage|p2a: Iron Hands|95\/100 brn|[from] brn\n|-damage|p1a: Arcanine|65\/100 brn|[from] brn\n|-fieldend|move: Trick Room\n|upkeep\n|turn|6\n|\n|t:|1700382199\n|move|p1b: Flutter Mane|Moonblast|p2a: Iron Hands\n|-supereffective|p2a: Iron Hands\n|-damage|p2a: Iron Hands|29\/100 brn\n|move|p1a: Arcanine|Flare Blitz|p2a: Iron Hands\n|-damage|p2a: Iron Hands|8\/100 brn\n|-damage|p1a: Arcanine|57\/100 brn|[from] Recoil\n|move|p2a: Iron Hands|Wild Charge|p1b: Flutter Mane\n|-damage|p1b: Flutter Mane|28\/100\n|-damage|p2a: Iron Hands|2\/100 brn|[from] Recoil\n|move|p2b: Dusclops|Trick Room|p2b: Dusclops\n|-fieldstart|move: Trick Room|[of] p2b: Dusclops\n|\n|-damage|p2a: Iron Hands|0 fnt|[from] brn\n|faint|p2a: Iron Hands\n|-end|p2a: Iron Hands|Quark Drive|[silent]\n|-damage|p1a: Arcanine|51\/100 brn|[from] brn\n|upkeep\n|\n|t:|1700382217\n|switch|p2a: Ogerpon|Ogerpon-Wellspring, L50, F|100\/100\n|turn|7\n|\n|t:|1700382255\n|move|p1b: Flutter Mane|Protect|p1b: Flutter Mane\n|-singleturn|p1b: Flutter Mane|Protect\n|move|p2b: Dusclops|Brick Break|p1a: Arcanine\n|-damage|p1a: Arcanine|43\/100 brn\n|move|p1a: Arcanine|Will-O-Wisp|p2a: Ogerpon\n|-status|p2a: Ogerpon|brn\n|move|p2a: Ogerpon|Ivy Cudgel|p1a: Arcanine|[anim] Ivy Cudgel Water\n|-resisted|p1a: Arcanine\n|-damage|p1a: Arcanine|30\/100 brn\n|\n|-damage|p1a: Arcanine|24\/100 brn|[from] brn\n|-damage|p2a: Ogerpon|95\/100 brn|[from] brn\n|upkeep\n|turn|8\n|\n|t:|1700382294\n|move|p2b: Dusclops|Brick Break|p1a: Arcanine\n|-damage|p1a: Arcanine|15\/100 brn\n|move|p1a: Arcanine|Will-O-Wisp|p2b: Dusclops\n|-status|p2b: Dusclops|brn\n|move|p2a: Ogerpon|Ivy Cudgel|p1b: Flutter Mane|[anim] Ivy Cudgel Water\n|-damage|p1b: Flutter Mane|0 fnt\n|faint|p1b: Flutter Mane\n|-end|p1b: Flutter Mane|Protosynthesis|[silent]\n|\n|-damage|p2b: Dusclops|31\/100 brn|[from] brn\n|-damage|p1a: Arcanine|9\/100 brn|[from] brn\n|-damage|p2a: Ogerpon|89\/100 brn|[from] brn\n|upkeep\n|turn|9\n|-message|Wheeel forfeited.\n|\n|win|yokai19\n|raw|Wheeel's rating: 1411 &rarr; <strong>1389<\/strong><br \/>(-22 for losing)\n|raw|yokai19's rating: 1368 &rarr; <strong>1390<\/strong><br \/>(+22 for winning)\n|l|\u2606Wheeel\n","uploadtime":1700382316,"views":25,"p1id":"wheeel","p2id":"yokai19","formatid":"gen9vgc2023regulatione","rating":1389,"private":0,"password":""}