{"id":"gen9vgc2023regulatione-1996331949","p1":"jelly jars test","p2":"Matthew700","format":"[Gen 9] VGC 2023 Regulation E","log":"|j|\u203djelly jars test\n|j|\u2606Matthew700\n|t:|1700671947\n|gametype|doubles\n|player|p1|jelly jars test|170|1132\n|player|p2|Matthew700|lucas|1060\n|teamsize|p1|6\n|teamsize|p2|6\n|gen|9\n|tier|[Gen 9] VGC 2023 Regulation E\n|rated|\n|rule|Species Clause: Limit one of each Pok\u00e9mon\n|rule|Item Clause: Limit one of each item\n|clearpoke\n|poke|p1|Dondozo, L50, F|\n|poke|p1|Tatsugiri, L50, M|\n|poke|p1|Scream Tail, L50|\n|poke|p1|Sinistcha, L50|\n|poke|p1|Ogerpon-Hearthflame, L50, F|\n|poke|p1|Cresselia, L50, F|\n|poke|p2|Tyranitar, L50, M|\n|poke|p2|Lucario, L50, M|\n|poke|p2|Charizard, L50, M|\n|poke|p2|Mamoswine, L50, M|\n|poke|p2|Iron Hands, L50|\n|poke|p2|Gyarados, L50, M|\n|teampreview|4\n|inactive|Battle timer is ON: inactive players will automatically lose when time's up. (requested by jelly jars test)\n|\n|t:|1700671976\n|start\n|switch|p1a: Tatsugiri|Tatsugiri, L50, M|100\/100\n|switch|p1b: Scream Tail|Scream Tail, L50|100\/100\n|switch|p2a: Iron Hands|Iron Hands, L50|100\/100\n|switch|p2b: Charizard|Charizard, L50, M|100\/100\n|turn|1\n|inactive|Matthew700 has 30 seconds left.\n|inactive|Matthew700 has 20 seconds left.\n|inactive|Matthew700 has 15 seconds left.\n|inactive|Matthew700 has 10 seconds left.\n|\n|t:|1700672023\n|move|p1b: Scream Tail|Perish Song|p1b: Scream Tail\n|-start|p1a: Tatsugiri|perish3|[silent]\n|-start|p1b: Scream Tail|perish3|[silent]\n|-start|p2a: Iron Hands|perish3|[silent]\n|-start|p2b: Charizard|perish3|[silent]\n|-fieldactivate|move: Perish Song\n|move|p2b: Charizard|Dragon Pulse|p1a: Tatsugiri\n|-supereffective|p1a: Tatsugiri\n|-damage|p1a: Tatsugiri|19\/100\n|move|p1a: Tatsugiri|Draco Meteor|p2b: Charizard\n|-damage|p2b: Charizard|4\/100\n|-unboost|p1a: Tatsugiri|spa|2\n|move|p2a: Iron Hands|Volt Switch|p1b: Scream Tail\n|-damage|p1b: Scream Tail|91\/100\n|\n|t:|1700672038\n|-end|p2a: Iron Hands|Quark Drive|[silent]\n|switch|p2a: Lucario|Lucario, L50, M|100\/100|[from] Volt Switch\n|\n|-start|p1b: Scream Tail|perish3\n|-start|p2b: Charizard|perish3\n|-start|p1a: Tatsugiri|perish3\n|upkeep\n|turn|2\n|\n|t:|1700672051\n|-end|p1b: Scream Tail|Protosynthesis|[silent]\n|switch|p1b: Dondozo|Dondozo, L50, F|100\/100\n|-activate|p1a: Tatsugiri|ability: Commander|[of] p1b: Dondozo\n|-boost|p1b: Dondozo|atk|2\n|-boost|p1b: Dondozo|spa|2\n|-boost|p1b: Dondozo|spe|2\n|-boost|p1b: Dondozo|def|2\n|-boost|p1b: Dondozo|spd|2\n|move|p2b: Charizard|Dragon Pulse|p1a: Tatsugiri|[miss]\n|-miss|p2b: Charizard|p1a: Tatsugiri\n|move|p2a: Lucario|Meteor Mash|p1b: Dondozo\n|-resisted|p1b: Dondozo\n|-damage|p1b: Dondozo|90\/100\n|\n|-heal|p1b: Dondozo|96\/100|[from] item: Leftovers\n|-start|p2b: Charizard|perish2\n|-start|p1a: Tatsugiri|perish2\n|upkeep\n|turn|3\n|\n|t:|1700672070\n|switch|p2b: Tyranitar|Tyranitar, L50, M|100\/100\n|-weather|Sandstorm|[from] ability: Sand Stream|[of] p2b: Tyranitar\n|switch|p2a: Iron Hands|Iron Hands, L50|100\/100\n|-terastallize|p1b: Dondozo|Ground\n|move|p1b: Dondozo|Earthquake|p2b: Tyranitar|[spread] p2a,p2b\n|-miss|p1b: Dondozo|p1a: Tatsugiri\n|-supereffective|p2a: Iron Hands\n|-supereffective|p2b: Tyranitar\n|-damage|p2a: Iron Hands|5\/100\n|-damage|p2b: Tyranitar|0 fnt\n|-enditem|p2a: Iron Hands|Sitrus Berry|[eat]\n|-heal|p2a: Iron Hands|30\/100|[from] item: Sitrus Berry\n|faint|p2b: Tyranitar\n|\n|-weather|Sandstorm|[upkeep]\n|-damage|p1a: Tatsugiri|14\/100|[from] Sandstorm\n|-damage|p2a: Iron Hands|24\/100|[from] Sandstorm\n|-heal|p1b: Dondozo|100\/100|[from] item: Leftovers\n|-start|p1a: Tatsugiri|perish1\n|upkeep\n|\n|t:|1700672090\n|switch|p2b: Charizard|Charizard, L50, M|4\/100\n|turn|4\n|inactive|Matthew700 has 30 seconds left.\n|inactive|Matthew700 has 20 seconds left.\n|\n|t:|1700672130\n|move|p2b: Charizard|Dragon Pulse|p1b: Dondozo\n|-damage|p1b: Dondozo|85\/100\n|move|p1b: Dondozo|Order Up|p2b: Charizard\n|-damage|p2b: Charizard|0 fnt\n|faint|p2b: Charizard\n|-boost|p1b: Dondozo|atk|1\n|move|p2a: Iron Hands|Drain Punch|p1b: Dondozo\n|-damage|p1b: Dondozo|72\/100\n|-heal|p2a: Iron Hands|31\/100|[from] drain|[of] p1b: Dondozo\n|\n|-weather|Sandstorm|[upkeep]\n|-damage|p1a: Tatsugiri|8\/100|[from] Sandstorm\n|-damage|p2a: Iron Hands|25\/100|[from] Sandstorm\n|-heal|p1b: Dondozo|79\/100|[from] item: Leftovers\n|-start|p1a: Tatsugiri|perish0\n|upkeep\n|faint|p1a: Tatsugiri\n|\n|t:|1700672145\n|switch|p2b: Lucario|Lucario, L50, M|100\/100\n|switch|p1a: Scream Tail|Scream Tail, L50|91\/100\n|turn|5\n|\n|t:|1700672165\n|-terastallize|p2b: Lucario|Fighting\n|move|p1a: Scream Tail|Thunder Wave|p2b: Lucario|[miss]\n|-miss|p1a: Scream Tail|p2b: Lucario\n|move|p2b: Lucario|High Jump Kick|p1b: Dondozo\n|-damage|p1b: Dondozo|39\/100\n|move|p1b: Dondozo|Earthquake|p2a: Iron Hands|[spread] p1a,p2a,p2b\n|-supereffective|p2a: Iron Hands\n|-damage|p1a: Scream Tail|20\/100\n|-damage|p2a: Iron Hands|0 fnt\n|-damage|p2b: Lucario|0 fnt\n|faint|p2a: Iron Hands\n|-end|p2a: Iron Hands|Quark Drive|[silent]\n|faint|p2b: Lucario\n|\n|win|jelly jars test\n|raw|jelly jars test's rating: 1132 &rarr; <strong>1152<\/strong><br \/>(+20 for winning)\n|raw|Matthew700's rating: 1060 &rarr; <strong>1045<\/strong><br \/>(-15 for losing)\n","uploadtime":1700672174,"views":1,"p1id":"jellyjarstest","p2id":"matthew700","formatid":"gen9vgc2023regulatione","rating":1045,"private":0,"password":""}