{"id":"gen9vgc2023regulatione-1997663596","p1":"SerSanDo","p2":"xingshen","format":"[Gen 9] VGC 2023 Regulation E","log":"|j|\u2606SerSanDo\n|j|\u2606xingshen\n|t:|1700839143\n|gametype|doubles\n|player|p1|SerSanDo|ninjaboy|1154\n|player|p2|xingshen|169|1107\n|teamsize|p1|6\n|teamsize|p2|6\n|gen|9\n|tier|[Gen 9] VGC 2023 Regulation E\n|rated|\n|rule|Species Clause: Limit one of each Pok\u00e9mon\n|rule|Item Clause: Limit one of each item\n|clearpoke\n|poke|p1|Tornadus, L50, M|\n|poke|p1|Ogerpon-Hearthflame, L50, F|\n|poke|p1|Landorus-Therian, L50, M|\n|poke|p1|Rillaboom, L50, F|\n|poke|p1|Urshifu-*, L50, M|\n|poke|p1|Flutter Mane, L50|\n|poke|p2|Roaring Moon, L50|\n|poke|p2|Chi-Yu, L50|\n|poke|p2|Ogerpon-Hearthflame, L50, F|\n|poke|p2|Tornadus, L50, M|\n|poke|p2|Flutter Mane, L50|\n|poke|p2|Scovillain, L50, M|\n|teampreview|4\n|\n|t:|1700839186\n|start\n|switch|p1a: Tornadus|Tornadus, L50, M|100\/100\n|switch|p1b: Urshifu|Urshifu-Rapid-Strike, L50, M|100\/100\n|switch|p2a: Scovillain|Scovillain, L50, M|100\/100\n|switch|p2b: Tornadus|Tornadus, L50, M|100\/100\n|turn|1\n|\n|t:|1700839214\n|move|p1b: Urshifu|Protect|p1b: Urshifu\n|-singleturn|p1b: Urshifu|Protect\n|move|p2b: Tornadus|Taunt|p1a: Tornadus\n|-start|p1a: Tornadus|move: Taunt\n|cant|p1a: Tornadus|move: Taunt|Tailwind\n|move|p2a: Scovillain|Will-O-Wisp|p1b: Urshifu\n|-activate|p1b: Urshifu|move: Protect\n|\n|upkeep\n|turn|2\n|\n|t:|1700839250\n|switch|p1b: Ogerpon|Ogerpon-Hearthflame, L50, F|100\/100\n|-ability|p1b: Ogerpon|Mold Breaker\n|move|p2b: Tornadus|Sunny Day|p2b: Tornadus\n|-weather|SunnyDay\n|move|p2a: Scovillain|Will-O-Wisp|p1b: Ogerpon\n|-immune|p1b: Ogerpon\n|move|p1a: Tornadus|Bleakwind Storm|p2b: Tornadus|[spread] p2a,p2b\n|-supereffective|p2a: Scovillain\n|-damage|p2a: Scovillain|9\/100\n|-damage|p2b: Tornadus|63\/100\n|-enditem|p2a: Scovillain|Aguav Berry|[eat]\n|-heal|p2a: Scovillain|42\/100|[from] item: Aguav Berry\n|\n|-weather|SunnyDay|[upkeep]\n|upkeep\n|turn|3\n|\n|t:|1700839296\n|move|p1b: Ogerpon|Spiky Shield|p1b: Ogerpon\n|-singleturn|p1b: Ogerpon|move: Protect\n|move|p2b: Tornadus|Tailwind|p2b: Tornadus\n|-sidestart|p2: xingshen|move: Tailwind\n|move|p2a: Scovillain|Super Fang|p1b: Ogerpon\n|-activate|p1b: Ogerpon|move: Protect\n|-damage|p2a: Scovillain|30\/100|[from] Spiky Shield|[of] p1b: Ogerpon\n|move|p1a: Tornadus|Bleakwind Storm|p2a: Scovillain|[spread] p2a,p2b\n|-supereffective|p2a: Scovillain\n|-crit|p2a: Scovillain\n|-damage|p2a: Scovillain|0 fnt\n|-damage|p2b: Tornadus|25\/100\n|faint|p2a: Scovillain\n|\n|-weather|SunnyDay|[upkeep]\n|-end|p1a: Tornadus|move: Taunt\n|upkeep\n|\n|t:|1700839320\n|switch|p2a: Roaring Moon|Roaring Moon, L50|100\/100\n|-activate|p2a: Roaring Moon|ability: Protosynthesis\n|-start|p2a: Roaring Moon|protosynthesisspe\n|turn|4\n|\n|t:|1700839348\n|-terastallize|p2a: Roaring Moon|Flying\n|-terastallize|p1b: Ogerpon|Fire\n|detailschange|p1b: Ogerpon|Ogerpon-Hearthflame-Tera, L50, F, tera:Fire\n|-ability|p1b: Ogerpon|Embody Aspect (Hearthflame)|boost\n|-boost|p1b: Ogerpon|atk|1\n|move|p2b: Tornadus|Taunt|p1a: Tornadus\n|-start|p1a: Tornadus|move: Taunt\n|cant|p1a: Tornadus|move: Taunt|Tailwind\n|move|p2a: Roaring Moon|Acrobatics|p1b: Ogerpon\n|-damage|p1b: Ogerpon|58\/100\n|move|p1b: Ogerpon|Ivy Cudgel|p2b: Tornadus|[anim] Ivy Cudgel Fire\n|-damage|p2b: Tornadus|0 fnt\n|faint|p2b: Tornadus\n|\n|-weather|SunnyDay|[upkeep]\n|upkeep\n|\n|t:|1700839367\n|switch|p2b: Chi-Yu|Chi-Yu, L50|100\/100\n|-ability|p2b: Chi-Yu|Beads of Ruin\n|turn|5\n|\n|t:|1700839380\n|switch|p1a: Landorus|Landorus-Therian, L50, M|100\/100\n|-ability|p1a: Landorus|Intimidate|boost\n|-unboost|p2a: Roaring Moon|atk|1\n|-unboost|p2b: Chi-Yu|atk|1\n|move|p2a: Roaring Moon|Rock Slide|p1a: Landorus|[spread] p1a,p1b\n|-supereffective|p1b: Ogerpon\n|-damage|p1a: Landorus|87\/100\n|-damage|p1b: Ogerpon|25\/100\n|move|p2b: Chi-Yu|Heat Wave|p1a: Landorus|[spread] p1a,p1b\n|-resisted|p1b: Ogerpon\n|-damage|p1a: Landorus|0 fnt\n|-damage|p1b: Ogerpon|0 fnt\n|faint|p1a: Landorus\n|faint|p1b: Ogerpon\n|\n|-weather|SunnyDay|[upkeep]\n|upkeep\n|\n|t:|1700839394\n|switch|p1b: Urshifu|Urshifu-Rapid-Strike, L50, M|100\/100\n|switch|p1a: Tornadus|Tornadus, L50, M|100\/100\n|turn|6\n|\n|t:|1700839414\n|move|p1a: Tornadus|Rain Dance|p1a: Tornadus\n|-weather|RainDance\n|-end|p2a: Roaring Moon|Protosynthesis\n|-enditem|p2a: Roaring Moon|Booster Energy\n|-activate|p2a: Roaring Moon|ability: Protosynthesis|[fromitem]\n|-start|p2a: Roaring Moon|protosynthesisspe\n|move|p1b: Urshifu|Aqua Jet|p2b: Chi-Yu\n|-supereffective|p2b: Chi-Yu\n|-enditem|p2b: Chi-Yu|Focus Sash\n|-damage|p2b: Chi-Yu|1\/100\n|move|p2a: Roaring Moon|Acrobatics|p1b: Urshifu\n|-supereffective|p1b: Urshifu\n|-crit|p1b: Urshifu\n|-damage|p1b: Urshifu|0 fnt\n|faint|p1b: Urshifu\n|move|p2b: Chi-Yu|Heat Wave|p1a: Tornadus\n|-damage|p1a: Tornadus|68\/100\n|\n|-weather|RainDance|[upkeep]\n|-sideend|p2: xingshen|move: Tailwind\n|upkeep\n|turn|7\n|\n|t:|1700839439\n|move|p2a: Roaring Moon|Knock Off|p1a: Tornadus\n|-damage|p1a: Tornadus|32\/100\n|-damage|p2a: Roaring Moon|84\/100|[from] item: Rocky Helmet|[of] p1a: Tornadus\n|-enditem|p1a: Tornadus|Rocky Helmet|[from] move: Knock Off|[of] p2a: Roaring Moon\n|move|p2b: Chi-Yu|Dark Pulse|p1a: Tornadus\n|-damage|p1a: Tornadus|0 fnt\n|faint|p1a: Tornadus\n|\n|win|xingshen\n|raw|SerSanDo's rating: 1154 &rarr; <strong>1126<\/strong><br \/>(-28 for losing)\n|raw|xingshen's rating: 1107 &rarr; <strong>1135<\/strong><br \/>(+28 for winning)\n|c|\u2606SerSanDo|gg\n","uploadtime":1700839451,"views":1,"p1id":"sersando","p2id":"xingshen","formatid":"gen9vgc2023regulatione","rating":1126,"private":0,"password":""}