{"id":"gen9vgc2023regulatione-2000653418","p1":"Steel_jugulis","p2":"Yassooooo","format":"[Gen 9] VGC 2023 Regulation E","log":"|j|\u2606Steel_jugulis\n|j|\u2606Yassooooo\n|t:|1701214918\n|gametype|doubles\n|player|p1|Steel_jugulis|101|1522\n|player|p2|Yassooooo|265|1719\n|teamsize|p1|6\n|teamsize|p2|6\n|gen|9\n|tier|[Gen 9] VGC 2023 Regulation E\n|rated|\n|rule|Species Clause: Limit one of each Pok\u00e9mon\n|rule|Item Clause: Limit one of each item\n|clearpoke\n|poke|p1|Ogerpon-Wellspring, L50, F|\n|poke|p1|Tornadus, L50, M|\n|poke|p1|Urshifu-*, L50, F|\n|poke|p1|Chi-Yu, L50|\n|poke|p1|Regieleki, L50|\n|poke|p1|Flutter Mane, L50|\n|poke|p2|Torkoal, L50, F|\n|poke|p2|Ursaluna, L50, M|\n|poke|p2|Sableye, L50, F|\n|poke|p2|Moltres-Galar, L50|\n|poke|p2|Flutter Mane, L50|\n|poke|p2|Lilligant-Hisui, L50, F|\n|teampreview|4\n|\n|t:|1701214999\n|start\n|switch|p1a: Ogerpon|Ogerpon-Wellspring, L50, F|100\/100\n|switch|p1b: Chi-Yu|Chi-Yu, L50|100\/100\n|switch|p2a: Sableye|Sableye, L50, F|100\/100\n|switch|p2b: Moltres|Moltres-Galar, L50|100\/100\n|-ability|p1b: Chi-Yu|Beads of Ruin\n|turn|1\n|j| Braindeadmeta\n|\n|t:|1701215038\n|move|p2a: Sableye|Skill Swap|p2b: Moltres\n|-activate|p2a: Sableye|move: Skill Swap|||[of] p2b: Moltres\n|move|p2b: Moltres|Substitute|p2b: Moltres\n|-start|p2b: Moltres|Substitute\n|-damage|p2b: Moltres|76\/100\n|move|p1b: Chi-Yu|Overheat|p2a: Sableye\n|-damage|p2a: Sableye|0 fnt\n|-unboost|p1b: Chi-Yu|spa|2\n|faint|p2a: Sableye\n|move|p1a: Ogerpon|Ivy Cudgel|p2b: Moltres|[anim] Ivy Cudgel Water\n|-crit|p2b: Moltres\n|-end|p2b: Moltres|Substitute\n|\n|upkeep\n|\n|t:|1701215074\n|switch|p2a: Ursaluna|Ursaluna, L50, M|100\/100\n|turn|2\n|\n|t:|1701215099\n|switch|p1b: Urshifu|Urshifu-Rapid-Strike, L50, F|100\/100\n|move|p2a: Ursaluna|Protect|p2a: Ursaluna\n|-singleturn|p2a: Ursaluna|Protect\n|move|p2b: Moltres|Substitute|p2b: Moltres\n|-start|p2b: Moltres|Substitute\n|-damage|p2b: Moltres|51\/100\n|move|p1a: Ogerpon|Ivy Cudgel|p2b: Moltres|[anim] Ivy Cudgel Water\n|-end|p2b: Moltres|Substitute\n|\n|-status|p2a: Ursaluna|brn|[from] item: Flame Orb\n|upkeep\n|turn|3\n|\n|t:|1701215129\n|-terastallize|p2a: Ursaluna|Ghost\n|move|p2b: Moltres|After You|p2a: Ursaluna\n|-activate|p2a: Ursaluna|move: After You\n|move|p2a: Ursaluna|Facade|p1b: Urshifu\n|-damage|p1b: Urshifu|0 fnt\n|faint|p1b: Urshifu\n|move|p1a: Ogerpon|Horn Leech|p2a: Ursaluna\n|-damage|p2a: Ursaluna|68\/100 brn\n|\n|-damage|p2a: Ursaluna|63\/100 brn|[from] brn\n|upkeep\n|\n|t:|1701215153\n|switch|p1b: Flutter Mane|Flutter Mane, L50|100\/100\n|turn|4\n|\n|t:|1701215176\n|move|p1b: Flutter Mane|Protect|p1b: Flutter Mane\n|-singleturn|p1b: Flutter Mane|Protect\n|move|p2b: Moltres|After You|p2a: Ursaluna\n|-activate|p2a: Ursaluna|move: After You\n|move|p2a: Ursaluna|Earthquake|p1b: Flutter Mane|[spread] p1a\n|-activate|p1b: Flutter Mane|move: Protect\n|-immune|p2b: Moltres\n|-resisted|p1a: Ogerpon\n|-damage|p1a: Ogerpon|63\/100\n|move|p1a: Ogerpon|Ivy Cudgel|p2b: Moltres|[anim] Ivy Cudgel Water\n|-damage|p2b: Moltres|0 fnt\n|faint|p2b: Moltres\n|\n|-damage|p2a: Ursaluna|57\/100 brn|[from] brn\n|upkeep\n|\n|t:|1701215179\n|switch|p2b: Flutter Mane|Flutter Mane, L50|100\/100\n|turn|5\n|\n|t:|1701215213\n|move|p2b: Flutter Mane|Protect|p2b: Flutter Mane\n|-singleturn|p2b: Flutter Mane|Protect\n|move|p1b: Flutter Mane|Icy Wind|p2b: Flutter Mane|[spread] p2a\n|-activate|p2b: Flutter Mane|move: Protect\n|-damage|p2a: Ursaluna|43\/100 brn\n|-unboost|p2a: Ursaluna|spe|1\n|move|p1a: Ogerpon|Ivy Cudgel|p2a: Ursaluna|[anim] Ivy Cudgel Water\n|-damage|p2a: Ursaluna|0 fnt\n|faint|p2a: Ursaluna\n|\n|upkeep\n|turn|6\n|-message|Yassooooo forfeited.\n|\n|win|Steel_jugulis\n|raw|Steel_jugulis's rating: 1522 &rarr; <strong>1552<\/strong><br \/>(+30 for winning)\n|raw|Yassooooo's rating: 1719 &rarr; <strong>1689<\/strong><br \/>(-30 for losing)\n|l|\u2606Yassooooo\n|l| Braindeadmeta\n","uploadtime":1701215229,"views":1,"p1id":"steeljugulis","p2id":"yassooooo","formatid":"gen9vgc2023regulatione","rating":1552,"private":0,"password":""}