{"id":"gen9vgc2023regulatione-1996008747","p1":"bkmboy","p2":"FIWBabble","format":"[Gen 9] VGC 2023 Regulation E","log":"|j|\u2606bkmboy\n|j|\u2606FIWBabble\n|t:|1700628692\n|gametype|doubles\n|player|p1|bkmboy|gambler|1333\n|player|p2|FIWBabble|1|1467\n|teamsize|p1|6\n|teamsize|p2|6\n|gen|9\n|tier|[Gen 9] VGC 2023 Regulation E\n|rated|\n|rule|Species Clause: Limit one of each Pok\u00e9mon\n|rule|Item Clause: Limit one of each item\n|clearpoke\n|poke|p1|Indeedee-F, L50, F|\n|poke|p1|Regidrago, L50|\n|poke|p1|Tornadus, L50, M|\n|poke|p1|Urshifu-*, L50, F|\n|poke|p1|Ogerpon-Hearthflame, L50, F|\n|poke|p1|Ting-Lu, L50|\n|poke|p2|Farigiraf, L50, M|\n|poke|p2|Clefairy, L50, F|\n|poke|p2|Heatran, L50, M|\n|poke|p2|Rillaboom, L50, F|\n|poke|p2|Urshifu-*, L50, F|\n|poke|p2|Iron Bundle, L50|\n|teampreview|4\n|\n|t:|1700628731\n|start\n|switch|p1a: Indeedee|Indeedee-F, L50, F, shiny|100\/100\n|switch|p1b: Tornadus|Tornadus, L50, M, shiny|100\/100\n|switch|p2a: Clefairy|Clefairy, L50, F|100\/100\n|switch|p2b: Farigiraf|Farigiraf, L50, M|100\/100\n|-fieldstart|move: Psychic Terrain|[from] ability: Psychic Surge|[of] p1a: Indeedee\n|turn|1\n|\n|t:|1700628765\n|switch|p2a: Rillaboom|Rillaboom, L50, F|100\/100\n|-fieldstart|move: Grassy Terrain|[from] ability: Grassy Surge|[of] p2a: Rillaboom\n|move|p1b: Tornadus|Tailwind|p1b: Tornadus\n|-sidestart|p1: bkmboy|move: Tailwind\n|move|p1a: Indeedee|Imprison|p1a: Indeedee\n|-start|p1a: Indeedee|move: Imprison\n|cant|p2b: Farigiraf|move: Imprison|Trick Room\n|\n|upkeep\n|turn|2\n|\n|t:|1700628793\n|-terastallize|p1b: Tornadus|Ghost\n|move|p2a: Rillaboom|Fake Out|p1b: Tornadus\n|-immune|p1b: Tornadus\n|move|p1b: Tornadus|Bleakwind Storm|p2b: Farigiraf|[spread] p2a,p2b\n|-supereffective|p2a: Rillaboom\n|-damage|p2a: Rillaboom|45\/100\n|-damage|p2b: Farigiraf|61\/100\n|move|p1a: Indeedee|Skill Swap|p2b: Farigiraf\n|-activate|p1a: Indeedee|move: Skill Swap|Armor Tail|Psychic Surge|[of] p2b: Farigiraf\n|-fieldstart|move: Psychic Terrain|[from] ability: Psychic Surge|[of] p2b: Farigiraf\n|move|p2b: Farigiraf|Calm Mind|p2b: Farigiraf\n|-boost|p2b: Farigiraf|spa|1\n|-boost|p2b: Farigiraf|spd|1\n|\n|upkeep\n|turn|3\n|\n|t:|1700628843\n|switch|p2a: Clefairy|Clefairy, L50, F|100\/100\n|move|p1a: Indeedee|Follow Me|p1a: Indeedee\n|-singleturn|p1a: Indeedee|move: Follow Me\n|move|p1b: Tornadus|Bleakwind Storm|p2b: Farigiraf|[spread] p2a,p2b\n|-damage|p2a: Clefairy|62\/100\n|-damage|p2b: Farigiraf|39\/100\n|-unboost|p2b: Farigiraf|spe|1\n|move|p2b: Farigiraf|Hyper Voice|p1a: Indeedee|[spread] p1a\n|-immune|p1b: Tornadus\n|-damage|p1a: Indeedee|51\/100\n|-enditem|p2b: Farigiraf|Throat Spray\n|-boost|p2b: Farigiraf|spa|1|[from] item: Throat Spray\n|\n|upkeep\n|turn|4\n|\n|t:|1700628879\n|switch|p1a: Ting-Lu|Ting-Lu, L50|100\/100\n|-ability|p1a: Ting-Lu|Vessel of Ruin\n|move|p2a: Clefairy|Helping Hand|p2b: Farigiraf\n|-singleturn|p2b: Farigiraf|Helping Hand|[of] p2a: Clefairy\n|move|p1b: Tornadus|Bleakwind Storm|p2b: Farigiraf|[spread] p2a,p2b\n|-damage|p2a: Clefairy|32\/100\n|-damage|p2b: Farigiraf|24\/100\n|-unboost|p2a: Clefairy|spe|1\n|move|p2b: Farigiraf|Psychic|p1b: Tornadus\n|-damage|p1b: Tornadus|0 fnt\n|faint|p1b: Tornadus\n|\n|-sideend|p1: bkmboy|move: Tailwind\n|upkeep\n|\n|t:|1700628905\n|switch|p1b: Regidrago|Regidrago, L50, shiny|100\/100\n|turn|5\n|\n|t:|1700628956\n|move|p2a: Clefairy|Protect|p2a: Clefairy\n|-singleturn|p2a: Clefairy|Protect\n|move|p1b: Regidrago|Dragon Energy|p2a: Clefairy|[spread] p2b\n|-activate|p2a: Clefairy|move: Protect\n|-damage|p2b: Farigiraf|0 fnt\n|faint|p2b: Farigiraf\n|move|p1a: Ting-Lu|Ruination|p2a: Clefairy\n|-activate|p2a: Clefairy|move: Protect\n|\n|upkeep\n|\n|t:|1700628967\n|switch|p2b: Heatran|Heatran, L50, M|100\/100\n|turn|6\n|\n|t:|1700628987\n|move|p2a: Clefairy|Helping Hand|p2b: Heatran\n|-singleturn|p2b: Heatran|Helping Hand|[of] p2a: Clefairy\n|move|p1b: Regidrago|Dragon Energy|p2b: Heatran|[spread] p2b\n|-immune|p2a: Clefairy\n|-resisted|p2b: Heatran\n|-damage|p2b: Heatran|83\/100\n|move|p2b: Heatran|Earth Power|p1b: Regidrago\n|-damage|p1b: Regidrago|60\/100\n|move|p1a: Ting-Lu|Stomping Tantrum|p2b: Heatran\n|-supereffective|p2b: Heatran\n|-damage|p2b: Heatran|0 fnt\n|faint|p2b: Heatran\n|\n|-fieldend|move: Psychic Terrain\n|upkeep\n|inactive|Battle timer is ON: inactive players will automatically lose when time's up. (requested by bkmboy)\n|\n|t:|1700629002\n|switch|p2b: Rillaboom|Rillaboom, L50, F|45\/100\n|-fieldstart|move: Grassy Terrain|[from] ability: Grassy Surge|[of] p2b: Rillaboom\n|turn|7\n|\n|t:|1700629016\n|switch|p1b: Indeedee|Indeedee-F, L50, F, shiny|51\/100\n|-fieldstart|move: Psychic Terrain|[from] ability: Psychic Surge|[of] p1b: Indeedee\n|move|p2b: Rillaboom|Fake Out|p1b: Indeedee\n|-activate|p1b: Indeedee|move: Psychic Terrain\n|move|p1a: Ting-Lu|Stomping Tantrum|p2a: Clefairy\n|-damage|p2a: Clefairy|3\/100\n|move|p2a: Clefairy|Heal Pulse|p2b: Rillaboom\n|-heal|p2b: Rillaboom|96\/100\n|\n|upkeep\n|turn|8\n|-message|FIWBabble forfeited.\n|\n|win|bkmboy\n|raw|bkmboy's rating: 1333 &rarr; <strong>1360<\/strong><br \/>(+27 for winning)\n|raw|FIWBabble's rating: 1467 &rarr; <strong>1440<\/strong><br \/>(-27 for losing)\n|l|\u2606FIWBabble\n","uploadtime":1700629046,"views":8,"p1id":"bkmboy","p2id":"fiwbabble","formatid":"gen9vgc2023regulatione","rating":1360,"private":0,"password":""}