{"id":"gen9vgc2023regulatione-1992049742","p1":"w0rkj0","p2":"takua1495","format":"[Gen 9] VGC 2023 Regulation E","log":"|j|\u2606w0rkj0\n|j|\u2606takua1495\n|t:|1700150859\n|gametype|doubles\n|player|p1|w0rkj0|acetrainer-gen4|1203\n|player|p2|takua1495|benga|1236\n|teamsize|p1|6\n|teamsize|p2|6\n|gen|9\n|tier|[Gen 9] VGC 2023 Regulation E\n|rated|\n|rule|Species Clause: Limit one of each Pok\u00e9mon\n|rule|Item Clause: Limit one of each item\n|clearpoke\n|poke|p1|Landorus, L50, M|\n|poke|p1|Clefairy, L50, M|\n|poke|p1|Arcanine-Hisui, L50, F|\n|poke|p1|Ogerpon-Wellspring, L50, F|\n|poke|p1|Roaring Moon, L50|\n|poke|p1|Iron Hands, L50|\n|poke|p2|Chandelure, L50, F|\n|poke|p2|Clefairy, L50, F|\n|poke|p2|Rillaboom, L50, M|\n|poke|p2|Ogerpon-Wellspring, L50, F|\n|poke|p2|Landorus-Therian, L50, M|\n|poke|p2|Empoleon, L50, M|\n|teampreview|4\n|c|\u2606takua1495|GL HF\ntakua1495 has agreed to open team sheets.\nw0rkj0 has agreed to open team sheets.\n|inactive|Battle timer is ON: inactive players will automatically lose when time's up. (requested by takua1495)\n|inactive|w0rkj0 has 60 seconds left.\n|inactive|w0rkj0 has 30 seconds left.\n|\n|t:|1700151030\n|start\n|switch|p1a: Clefairy|Clefairy, L50, M|100\/100\n|switch|p1b: Iron Hands|Iron Hands, L50|100\/100\n|switch|p2a: Empoleon|Empoleon, L50, M|100\/100\n|switch|p2b: Clefairy|Clefairy, L50, F|100\/100\n|turn|1\n|\n|t:|1700151054\n|move|p1a: Clefairy|Helping Hand|p1b: Iron Hands\n|-singleturn|p1b: Iron Hands|Helping Hand|[of] p1a: Clefairy\n|move|p2a: Empoleon|Protect|p2a: Empoleon\n|-singleturn|p2a: Empoleon|Protect\n|move|p2b: Clefairy|Protect|p2b: Clefairy\n|-singleturn|p2b: Clefairy|Protect\n|move|p1b: Iron Hands|Heavy Slam|p2b: Clefairy\n|-activate|p2b: Clefairy|move: Protect\n|\n|upkeep\n|turn|2\n|inactive|w0rkj0 has 30 seconds left.\n|inactive|w0rkj0 has 20 seconds left.\n|inactive|w0rkj0 has 15 seconds left.\n|inactive|w0rkj0 has 10 seconds left.\n|\n|t:|1700151103\n|switch|p2a: Rillaboom|Rillaboom, L50, M|100\/100\n|-fieldstart|move: Grassy Terrain|[from] ability: Grassy Surge|[of] p2a: Rillaboom\n|switch|p2b: Ogerpon|Ogerpon-Wellspring, L50, F|100\/100\n|move|p1a: Clefairy|Helping Hand|p1b: Iron Hands\n|-singleturn|p1b: Iron Hands|Helping Hand|[of] p1a: Clefairy\n|move|p1b: Iron Hands|Drain Punch|p2a: Rillaboom\n|-damage|p2a: Rillaboom|39\/100\n|\n|-heal|p2a: Rillaboom|45\/100|[from] Grassy Terrain\n|upkeep\n|turn|3\n|inactive|w0rkj0 has 30 seconds left.\n|\n|t:|1700151134\n|move|p1a: Clefairy|Helping Hand|p1b: Iron Hands\n|-singleturn|p1b: Iron Hands|Helping Hand|[of] p1a: Clefairy\n|move|p2a: Rillaboom|Fake Out|p1b: Iron Hands\n|-damage|p1b: Iron Hands|93\/100\n|move|p2b: Ogerpon|Ivy Cudgel|p1a: Clefairy|[anim] Ivy Cudgel Water\n|-crit|p1a: Clefairy\n|-damage|p1a: Clefairy|28\/100\n|cant|p1b: Iron Hands|flinch\n|\n|-heal|p2a: Rillaboom|50\/100|[from] Grassy Terrain\n|-heal|p1b: Iron Hands|99\/100|[from] Grassy Terrain\n|-heal|p1a: Clefairy|34\/100|[from] Grassy Terrain\n|upkeep\n|turn|4\n|inactive|w0rkj0 has 30 seconds left.\n|inactive|takua1495 has 30 seconds left.\n|inactive|w0rkj0 has 20 seconds left.\n|inactive|takua1495 has 20 seconds left.\n|inactive|w0rkj0 has 15 seconds left.\n|inactive|w0rkj0 has 10 seconds left.\n|inactive|w0rkj0 has 5 seconds left.\n|\n|t:|1700151186\n|switch|p1a: Roaring Moon|Roaring Moon, L50|100\/100\n|-enditem|p1a: Roaring Moon|Booster Energy\n|-activate|p1a: Roaring Moon|ability: Protosynthesis|[fromitem]\n|-start|p1a: Roaring Moon|protosynthesisspe\n|move|p2b: Ogerpon|Follow Me|p2b: Ogerpon\n|-singleturn|p2b: Ogerpon|move: Follow Me\n|move|p2a: Rillaboom|Grassy Glide|p1a: Roaring Moon\n|-resisted|p1a: Roaring Moon\n|-damage|p1a: Roaring Moon|71\/100\n|move|p1b: Iron Hands|Wild Charge|p2b: Ogerpon\n|-damage|p2b: Ogerpon|44\/100\n|-damage|p1b: Iron Hands|87\/100|[from] Recoil\n|\n|-heal|p1a: Roaring Moon|77\/100|[from] Grassy Terrain\n|-heal|p2b: Ogerpon|50\/100|[from] Grassy Terrain\n|-heal|p2a: Rillaboom|56\/100|[from] Grassy Terrain\n|-heal|p1b: Iron Hands|93\/100|[from] Grassy Terrain\n|upkeep\n|turn|5\n|inactive|w0rkj0 has 30 seconds left.\n|inactive|w0rkj0 has 20 seconds left.\n|inactive|w0rkj0 has 15 seconds left.\n|inactive|w0rkj0 has 10 seconds left.\n|inactive|w0rkj0 has 5 seconds left.\n|\n|t:|1700151236\n|-terastallize|p1a: Roaring Moon|Flying\n|move|p2b: Ogerpon|Spiky Shield|p2b: Ogerpon\n|-singleturn|p2b: Ogerpon|move: Protect\n|move|p2a: Rillaboom|Protect|p2a: Rillaboom\n|-singleturn|p2a: Rillaboom|Protect\n|move|p1a: Roaring Moon|Acrobatics|p2b: Ogerpon\n|-activate|p2b: Ogerpon|move: Protect\n|-damage|p1a: Roaring Moon|64\/100|[from] Spiky Shield|[of] p2b: Ogerpon\n|move|p1b: Iron Hands|Drain Punch|p2a: Rillaboom\n|-activate|p2a: Rillaboom|move: Protect\n|\n|-heal|p2b: Ogerpon|56\/100|[from] Grassy Terrain\n|-heal|p2a: Rillaboom|62\/100|[from] Grassy Terrain\n|-heal|p1b: Iron Hands|99\/100|[from] Grassy Terrain\n|upkeep\n|turn|6\n|\n|t:|1700151260\n|switch|p2b: Empoleon|Empoleon, L50, M|100\/100\n|switch|p2a: Clefairy|Clefairy, L50, F|100\/100\n|move|p1a: Roaring Moon|Acrobatics|p2b: Empoleon\n|-resisted|p2b: Empoleon\n|-damage|p2b: Empoleon|81\/100\n|move|p1b: Iron Hands|Drain Punch|p2a: Clefairy\n|-resisted|p2a: Clefairy\n|-damage|p2a: Clefairy|81\/100\n|-heal|p1b: Iron Hands|100\/100|[from] drain|[of] p2a: Clefairy\n|\n|-heal|p2b: Empoleon|87\/100|[from] Grassy Terrain\n|-heal|p2b: Empoleon|93\/100|[from] item: Leftovers\n|-heal|p2a: Clefairy|87\/100|[from] Grassy Terrain\n|-fieldend|move: Grassy Terrain\n|upkeep\n|turn|7\n|inactive|w0rkj0 has 30 seconds left.\n|inactive|takua1495 has 30 seconds left.\n|inactive|w0rkj0 has 20 seconds left.\n|inactive|takua1495 has 20 seconds left.\n|inactive|w0rkj0 has 15 seconds left.\n|inactive|w0rkj0 has 10 seconds left.\n|\n|t:|1700151309\n|-terastallize|p2a: Clefairy|Dragon\n|move|p1a: Roaring Moon|Protect|p1a: Roaring Moon\n|-singleturn|p1a: Roaring Moon|Protect\n|move|p2a: Clefairy|Follow Me|p2a: Clefairy\n|-singleturn|p2a: Clefairy|move: Follow Me\n|move|p1b: Iron Hands|Heavy Slam|p2a: Clefairy\n|-damage|p2a: Clefairy|47\/100\n|move|p2b: Empoleon|Ice Beam|p1a: Roaring Moon\n|-activate|p1a: Roaring Moon|move: Protect\n|\n|-heal|p2b: Empoleon|98\/100|[from] item: Leftovers\n|upkeep\n|turn|8\n|inactive|w0rkj0 has 30 seconds left.\n|inactive|w0rkj0 has 20 seconds left.\n|inactive|w0rkj0 has 15 seconds left.\n|\n|t:|1700151352\n|-end|p1a: Roaring Moon|Protosynthesis|[silent]\n|switch|p1a: Clefairy|Clefairy, L50, M|34\/100\n|move|p2a: Clefairy|Protect|p2a: Clefairy\n|-singleturn|p2a: Clefairy|Protect\n|move|p1b: Iron Hands|Drain Punch|p2a: Clefairy\n|-activate|p2a: Clefairy|move: Protect\n|move|p2b: Empoleon|Ice Beam|p1a: Clefairy\n|-damage|p1a: Clefairy|13\/100\n|\n|-heal|p2b: Empoleon|100\/100|[from] item: Leftovers\n|upkeep\n|turn|9\n|inactive|w0rkj0 has 30 seconds left.\n|inactive|takua1495 has 30 seconds left.\n|inactive|w0rkj0 has 20 seconds left.\n|inactive|w0rkj0 has 15 seconds left.\n|inactive|w0rkj0 has 10 seconds left.\n|\n|t:|1700151400\n|switch|p2a: Rillaboom|Rillaboom, L50, M|62\/100\n|-fieldstart|move: Grassy Terrain|[from] ability: Grassy Surge|[of] p2a: Rillaboom\n|move|p2b: Empoleon|Protect|p2b: Empoleon\n|-singleturn|p2b: Empoleon|Protect\n|move|p1a: Clefairy|Protect|p1a: Clefairy\n|-singleturn|p1a: Clefairy|Protect\n|move|p1b: Iron Hands|Drain Punch|p2b: Empoleon\n|-activate|p2b: Empoleon|move: Protect\n|\n|-heal|p2a: Rillaboom|68\/100|[from] Grassy Terrain\n|-heal|p1a: Clefairy|19\/100|[from] Grassy Terrain\n|upkeep\n|turn|10\n|inactive|w0rkj0 has 30 seconds left.\n|inactive|w0rkj0 has 20 seconds left.\n|inactive|w0rkj0 has 15 seconds left.\n|inactive|w0rkj0 has 10 seconds left.\n|inactive|w0rkj0 has 5 seconds left.\n|\n|t:|1700151455\n|move|p2a: Rillaboom|Fake Out|p1b: Iron Hands\n|-crit|p1b: Iron Hands\n|-damage|p1b: Iron Hands|88\/100\n|cant|p1b: Iron Hands|flinch\n|move|p1a: Clefairy|Follow Me|p1a: Clefairy\n|-singleturn|p1a: Clefairy|move: Follow Me\n|move|p2b: Empoleon|Flash Cannon|p1a: Clefairy\n|-supereffective|p1a: Clefairy\n|-damage|p1a: Clefairy|0 fnt\n|faint|p1a: Clefairy\n|\n|-heal|p2a: Rillaboom|74\/100|[from] Grassy Terrain\n|-heal|p1b: Iron Hands|94\/100|[from] Grassy Terrain\n|upkeep\n|inactive|w0rkj0 has 20 seconds left this turn.\n|inactive|w0rkj0 has 15 seconds left.\n|inactive|w0rkj0 has 10 seconds left.\n|\n|t:|1700151470\n|switch|p1a: Roaring Moon|Roaring Moon, L50, tera:Flying|64\/100\n|turn|11\n|inactive|w0rkj0 has 10 seconds left this turn.\n|inactive|w0rkj0 has 5 seconds left.\n|-message|w0rkj0 lost due to inactivity.\n|\n|win|takua1495\n|raw|w0rkj0's rating: 1203 &rarr; <strong>1180<\/strong><br \/>(-23 for losing)\n|raw|takua1495's rating: 1236 &rarr; <strong>1259<\/strong><br \/>(+23 for winning)\n","uploadtime":1700151494,"views":17,"p1id":"w0rkj0","p2id":"takua1495","formatid":"gen9vgc2023regulatione","rating":1180,"private":0,"password":""}