{"id":"gen9vgc2023regulatione-1996976819","p1":"WeRrsome","p2":"Zadom123","format":"[Gen 9] VGC 2023 Regulation E","log":"|j|\u2606WeRrsome\n|j|\u203dZadom123\n|t:|1700751727\n|gametype|doubles\n|player|p1|WeRrsome|102|1097\n|player|p2|Zadom123|benga|1077\n|teamsize|p1|6\n|teamsize|p2|6\n|gen|9\n|tier|[Gen 9] VGC 2023 Regulation E\n|rated|\n|rule|Species Clause: Limit one of each Pok\u00e9mon\n|rule|Item Clause: Limit one of each item\n|clearpoke\n|poke|p1|Scizor, L50, M|\n|poke|p1|Perrserker, L50, F|\n|poke|p1|Chien-Pao, L50|\n|poke|p1|Gholdengo, L50|\n|poke|p1|Heatran, L50, M|\n|poke|p1|Ogerpon-Wellspring, L50, F|\n|poke|p2|Wo-Chien, L50|\n|poke|p2|Flutter Mane, L50|\n|poke|p2|Gothitelle, L50, F|\n|poke|p2|Jigglypuff, L50, F|\n|poke|p2|Infernape, L50, M|\n|poke|p2|Dondozo, L50, M|\n|teampreview|4\n|inactive|Battle timer is ON: inactive players will automatically lose when time's up. (requested by Zadom123)\nZadom123 has agreed to open team sheets.\n|inactive|WeRrsome has 60 seconds left.\n|\n|t:|1700751762\n|start\n|switch|p1a: Chien-Pao|Chien-Pao, L50|100\/100\n|switch|p1b: Ogerpon|Ogerpon-Wellspring, L50, F|100\/100\n|switch|p2a: Jigglypuff|Jigglypuff, L50, F|100\/100\n|switch|p2b: Gothitelle|Gothitelle, L50, F|100\/100\n|-ability|p1a: Chien-Pao|Sword of Ruin\n|turn|1\n|\n|t:|1700751778\n|move|p2b: Gothitelle|Fake Out|p1b: Ogerpon\n|-damage|p1b: Ogerpon|95\/100\n|cant|p1b: Ogerpon|flinch\n|move|p1a: Chien-Pao|Throat Chop|p2b: Gothitelle\n|-supereffective|p2b: Gothitelle\n|-damage|p2b: Gothitelle|29\/100\n|-start|p2b: Gothitelle|Throat Chop|[silent]\n|-enditem|p2b: Gothitelle|Sitrus Berry|[eat]\n|-heal|p2b: Gothitelle|53\/100|[from] item: Sitrus Berry\n|move|p2a: Jigglypuff|Perish Song|p2a: Jigglypuff\n|-start|p1a: Chien-Pao|perish3|[silent]\n|-start|p1b: Ogerpon|perish3|[silent]\n|-start|p2a: Jigglypuff|perish3|[silent]\n|-start|p2b: Gothitelle|perish3|[silent]\n|-fieldactivate|move: Perish Song\n|\n|-start|p1a: Chien-Pao|perish3\n|-start|p1b: Ogerpon|perish3\n|-start|p2b: Gothitelle|perish3\n|-start|p2a: Jigglypuff|perish3\n|upkeep\n|turn|2\n|inactive|WeRrsome has 30 seconds left.\n|inactive|Zadom123 has 30 seconds left.\n|inactive|Zadom123 has 20 seconds left.\n|\n|t:|1700751818\n|move|p2b: Gothitelle|Protect|p2b: Gothitelle\n|-singleturn|p2b: Gothitelle|Protect\n|move|p2a: Jigglypuff|Protect|p2a: Jigglypuff\n|-singleturn|p2a: Jigglypuff|Protect\n|move|p1a: Chien-Pao|Throat Chop|p2b: Gothitelle\n|-activate|p2b: Gothitelle|move: Protect\n|move|p1b: Ogerpon|Ivy Cudgel|p2b: Gothitelle|[anim] Ivy Cudgel Water\n|-activate|p2b: Gothitelle|move: Protect\n|\n|-end|p2b: Gothitelle|Throat Chop|[silent]\n|-start|p1a: Chien-Pao|perish2\n|-start|p1b: Ogerpon|perish2\n|-start|p2b: Gothitelle|perish2\n|-start|p2a: Jigglypuff|perish2\n|upkeep\n|turn|3\n|\n|t:|1700751836\n|switch|p2b: Wo-Chien|Wo-Chien, L50|100\/100\n|-ability|p2b: Wo-Chien|Tablets of Ruin\n|move|p1a: Chien-Pao|Throat Chop|p2b: Wo-Chien\n|-resisted|p2b: Wo-Chien\n|-damage|p2b: Wo-Chien|89\/100\n|-start|p2b: Wo-Chien|Throat Chop|[silent]\n|move|p1b: Ogerpon|Ivy Cudgel|p2b: Wo-Chien|[anim] Ivy Cudgel Water\n|-resisted|p2b: Wo-Chien\n|-crit|p2b: Wo-Chien\n|-damage|p2b: Wo-Chien|68\/100\n|move|p2a: Jigglypuff|Baton Pass|p2a: Jigglypuff\n|\n|t:|1700751846\n|switch|p2a: Gothitelle|Gothitelle, L50, F|53\/100|[from] Baton Pass\n|\n|-heal|p2b: Wo-Chien|74\/100|[from] item: Leftovers\n|-start|p1a: Chien-Pao|perish1\n|-start|p1b: Ogerpon|perish1\n|-start|p2a: Gothitelle|perish1\n|upkeep\n|turn|4\n|inactive|Zadom123 has 30 seconds left.\n|\n|t:|1700751878\n|switch|p2a: Jigglypuff|Jigglypuff, L50, F|100\/100\n|move|p2b: Wo-Chien|Protect|p2b: Wo-Chien\n|-singleturn|p2b: Wo-Chien|Protect\n|move|p1a: Chien-Pao|Ice Spinner|p2b: Wo-Chien\n|-activate|p2b: Wo-Chien|move: Protect\n|move|p1b: Ogerpon|Ivy Cudgel|p2b: Wo-Chien|[anim] Ivy Cudgel Water\n|-activate|p2b: Wo-Chien|move: Protect\n|\n|-heal|p2b: Wo-Chien|80\/100|[from] item: Leftovers\n|-end|p2b: Wo-Chien|Throat Chop|[silent]\n|-start|p1a: Chien-Pao|perish0\n|-start|p1b: Ogerpon|perish0\n|faint|p1a: Chien-Pao\n|faint|p1b: Ogerpon\n|upkeep\n|\n|t:|1700751882\n|switch|p1a: Gholdengo|Gholdengo, L50|100\/100\n|switch|p1b: Perrserker|Perrserker, L50, F|100\/100\n|-item|p1a: Gholdengo|Air Balloon\n|turn|5\n|inactive|Zadom123 has 30 seconds left.\n|inactive|WeRrsome has 30 seconds left.\n|\n|t:|1700751919\n|-terastallize|p1a: Gholdengo|Dragon\n|move|p1b: Perrserker|Fake Out|p2a: Jigglypuff\n|-damage|p2a: Jigglypuff|93\/100\n|move|p1a: Gholdengo|Nasty Plot|p1a: Gholdengo\n|-boost|p1a: Gholdengo|spa|2\n|move|p2b: Wo-Chien|Pollen Puff|p2a: Jigglypuff\n|-heal|p2a: Jigglypuff|100\/100\n|cant|p2a: Jigglypuff|flinch\n|\n|-heal|p2b: Wo-Chien|86\/100|[from] item: Leftovers\n|upkeep\n|turn|6\n|inactive|WeRrsome has 30 seconds left.\n|\n|t:|1700751950\n|move|p1a: Gholdengo|Nasty Plot|p1a: Gholdengo\n|-boost|p1a: Gholdengo|spa|2\n|move|p2b: Wo-Chien|Pollen Puff|p2a: Jigglypuff\n|-immune|p2a: Jigglypuff\n|move|p1b: Perrserker|Iron Head|p2a: Jigglypuff\n|-supereffective|p2a: Jigglypuff\n|-damage|p2a: Jigglypuff|31\/100\n|cant|p2a: Jigglypuff|flinch\n|\n|-heal|p2b: Wo-Chien|92\/100|[from] item: Leftovers\n|upkeep\n|turn|7\n|\n|t:|1700751967\n|move|p1a: Gholdengo|Nasty Plot|p1a: Gholdengo\n|-boost|p1a: Gholdengo|spa|2\n|move|p2b: Wo-Chien|Pollen Puff|p2a: Jigglypuff\n|-heal|p2a: Jigglypuff|81\/100\n|move|p1b: Perrserker|Iron Head|p2a: Jigglypuff\n|-supereffective|p2a: Jigglypuff\n|-damage|p2a: Jigglypuff|9\/100\n|move|p2a: Jigglypuff|Perish Song|p2a: Jigglypuff\n|-immune|p1a: Gholdengo|[from] ability: Good as Gold\n|-start|p1b: Perrserker|perish3|[silent]\n|-start|p2a: Jigglypuff|perish3|[silent]\n|-start|p2b: Wo-Chien|perish3|[silent]\n|-fieldactivate|move: Perish Song\n|\n|-heal|p2b: Wo-Chien|99\/100|[from] item: Leftovers\n|-start|p2b: Wo-Chien|perish3\n|-start|p1b: Perrserker|perish3\n|-start|p2a: Jigglypuff|perish3\n|upkeep\n|turn|8\n|inactive|Zadom123 has 30 seconds left.\n|inactive|Zadom123 has 20 seconds left.\n|\n|t:|1700752007\n|move|p2a: Jigglypuff|Protect|p2a: Jigglypuff\n|-singleturn|p2a: Jigglypuff|Protect\n|move|p1a: Gholdengo|Shadow Ball|p2b: Wo-Chien\n|-resisted|p2b: Wo-Chien\n|-damage|p2b: Wo-Chien|54\/100\n|-unboost|p2b: Wo-Chien|spd|1\n|move|p2b: Wo-Chien|Foul Play|p1a: Gholdengo\n|-damage|p1a: Gholdengo|81\/100\n|-enditem|p1a: Gholdengo|Air Balloon\n|move|p1b: Perrserker|Iron Head|p2b: Wo-Chien\n|-damage|p2b: Wo-Chien|33\/100\n|\n|-heal|p2b: Wo-Chien|39\/100|[from] item: Leftovers\n|-start|p2b: Wo-Chien|perish2\n|-start|p1b: Perrserker|perish2\n|-start|p2a: Jigglypuff|perish2\n|upkeep\n|turn|9\n|\n|t:|1700752026\n|switch|p2a: Infernape|Infernape, L50, M|100\/100\n|move|p2b: Wo-Chien|Protect|p2b: Wo-Chien\n|-singleturn|p2b: Wo-Chien|Protect\n|move|p1a: Gholdengo|Shadow Ball|p2b: Wo-Chien\n|-activate|p2b: Wo-Chien|move: Protect\n|move|p1b: Perrserker|Iron Head|p2a: Infernape\n|-resisted|p2a: Infernape\n|-damage|p2a: Infernape|73\/100\n|\n|-heal|p2b: Wo-Chien|45\/100|[from] item: Leftovers\n|-start|p2b: Wo-Chien|perish1\n|-start|p1b: Perrserker|perish1\n|upkeep\n|turn|10\n|inactive|Zadom123 has 30 seconds left.\n|\n|t:|1700752052\n|switch|p2b: Gothitelle|Gothitelle, L50, F|53\/100\n|move|p2a: Infernape|Fake Out|p1a: Gholdengo\n|-damage|p1a: Gholdengo|65\/100\n|cant|p1a: Gholdengo|flinch\n|move|p1b: Perrserker|Iron Head|p2a: Infernape\n|-resisted|p2a: Infernape\n|-damage|p2a: Infernape|39\/100\n|\n|-start|p1b: Perrserker|perish0\n|upkeep\n|faint|p1b: Perrserker\n|turn|11\n|\n|t:|1700752067\n|move|p2b: Gothitelle|Fake Out|p1a: Gholdengo\n|-damage|p1a: Gholdengo|59\/100\n|move|p2a: Infernape|Close Combat|p1a: Gholdengo\n|-damage|p1a: Gholdengo|0 fnt\n|-unboost|p2a: Infernape|def|1\n|-unboost|p2a: Infernape|spd|1\n|faint|p1a: Gholdengo\n|\n|win|Zadom123\n|raw|WeRrsome's rating: 1097 &rarr; <strong>1071<\/strong><br \/>(-26 for losing)\n|raw|Zadom123's rating: 1077 &rarr; <strong>1107<\/strong><br \/>(+30 for winning)\n","uploadtime":1700752081,"views":1,"p1id":"werrsome","p2id":"zadom123","formatid":"gen9vgc2023regulatione","rating":1071,"private":0,"password":""}