{"id":"gen9vgc2023regulatione-1990441225","p1":"Bulb_his_saur","p2":"Jelly Jars","format":"[Gen 9] VGC 2023 Regulation E","log":"|j|\u2606Bulb_his_saur\n|j|\u203dJelly Jars\n|t:|1699971277\n|gametype|doubles\n|player|p1|Bulb_his_saur|backpacker|1121\n|player|p2|Jelly Jars|2|1170\n|teamsize|p1|6\n|teamsize|p2|6\n|gen|9\n|tier|[Gen 9] VGC 2023 Regulation E\n|rated|\n|rule|Species Clause: Limit one of each Pok\u00e9mon\n|rule|Item Clause: Limit one of each item\n|clearpoke\n|poke|p1|Rillaboom, L50, F|\n|poke|p1|Illumise, L50, F|\n|poke|p1|Lurantis, L50, F|\n|poke|p1|Ninetales-Alola, L50, M|\n|poke|p1|Brambleghast, L50, M|\n|poke|p1|Gogoat, L50, M|\n|poke|p2|Indeedee-F, L50, F|\n|poke|p2|Sinistcha, L50|\n|poke|p2|Rillaboom, L50, F|\n|poke|p2|Flutter Mane, L50|\n|poke|p2|Cresselia, L50, F|\n|poke|p2|Dragapult, L50, M|\n|teampreview|4\n|inactive|Battle timer is ON: inactive players will automatically lose when time's up. (requested by Bulb_his_saur)\n|c|\u2606Bulb_his_saur|Hfgl\n|inactive|Jelly Jars has 60 seconds left.\n|\n|t:|1699971316\n|start\n|switch|p1a: A friend <3|Illumise, L50, F|100\/100\n|switch|p1b: BUG|Lurantis, L50, F|100\/100\n|switch|p2a: Indeedee|Indeedee-F, L50, F|100\/100\n|switch|p2b: Dragapult|Dragapult, L50, M|100\/100\n|turn|1\n|inactive|Bulb_his_saur has 30 seconds left.\n|inactive|Bulb_his_saur has 20 seconds left.\n|inactive|Bulb_his_saur has 15 seconds left.\n|\n|t:|1699971356\n|move|p2a: Indeedee|Fake Out|p1a: A friend <3\n|-damage|p1a: A friend <3|88\/100\n|cant|p1a: A friend <3|flinch\n|move|p2b: Dragapult|Dragon Dance|p2b: Dragapult\n|-boost|p2b: Dragapult|atk|1\n|-boost|p2b: Dragapult|spe|1\n|move|p1b: BUG|Superpower|p2a: Indeedee\n|-damage|p2a: Indeedee|42\/100\n|-boost|p1b: BUG|atk|1\n|-boost|p1b: BUG|def|1\n|-damage|p1b: BUG|84\/100|[from] item: Rocky Helmet|[of] p2a: Indeedee\n|\n|upkeep\n|turn|2\n|\n|t:|1699971376\n|move|p2a: Indeedee|Follow Me|p2a: Indeedee\n|-singleturn|p2a: Indeedee|move: Follow Me\n|move|p1a: A friend <3|Thunder Wave|p2a: Indeedee\n|-status|p2a: Indeedee|par\n|-activate|p2a: Indeedee|ability: Synchronize\n|-status|p1a: A friend <3|par\n|move|p2b: Dragapult|Dragon Dance|p2b: Dragapult\n|-boost|p2b: Dragapult|atk|1\n|-boost|p2b: Dragapult|spe|1\n|move|p1b: BUG|Superpower|p2a: Indeedee\n|-damage|p2a: Indeedee|0 fnt\n|-boost|p1b: BUG|atk|1\n|-boost|p1b: BUG|def|1\n|-damage|p1b: BUG|68\/100|[from] item: Rocky Helmet|[of] p2a: Indeedee\n|faint|p2a: Indeedee\n|\n|upkeep\n|\n|t:|1699971389\n|switch|p2a: Cresselia|Cresselia, L50, F|100\/100\n|turn|3\n|\n|t:|1699971403\n|-terastallize|p2a: Cresselia|Ice\n|move|p1a: A friend <3|Thunder Wave|p2b: Dragapult\n|-status|p2b: Dragapult|par\n|move|p2b: Dragapult|Dragon Darts|p1a: A friend <3\n|-damage|p1a: A friend <3|16\/100 par\n|-anim|p2b: Dragapult|Dragon Darts|p1b: BUG\n|-damage|p1b: BUG|38\/100\n|move|p2a: Cresselia|Ice Beam|p1b: BUG\n|-supereffective|p1b: BUG\n|-damage|p1b: BUG|0 fnt\n|faint|p1b: BUG\n|\n|upkeep\n|\n|t:|1699971416\n|switch|p1b: Prenty|Ninetales-Alola, L50, M|100\/100\n|-weather|Snow|[from] ability: Snow Warning|[of] p1b: Prenty\n|turn|4\n|\n|t:|1699971431\n|move|p1a: A friend <3|Tailwind|p1a: A friend <3\n|-sidestart|p1: Bulb_his_saur|move: Tailwind\n|move|p1b: Prenty|Blizzard|p2a: Cresselia|[spread] p2a,p2b\n|-resisted|p2a: Cresselia\n|-supereffective|p2b: Dragapult\n|-damage|p2a: Cresselia|89\/100\n|-damage|p2b: Dragapult|8\/100 par\n|-enditem|p2b: Dragapult|Weakness Policy\n|-boost|p2b: Dragapult|atk|2|[from] item: Weakness Policy\n|-boost|p2b: Dragapult|spa|2|[from] item: Weakness Policy\n|move|p2b: Dragapult|Tera Blast|p1b: Prenty\n|-damage|p1b: Prenty|59\/100\n|move|p2a: Cresselia|Lunar Blessing|p2a: Cresselia|[spread] p2a,p2b\n|-heal|p2a: Cresselia|100\/100\n|-heal|p2b: Dragapult|34\/100 par\n|-curestatus|p2b: Dragapult|par|[msg]\n|\n|-weather|Snow|[upkeep]\n|upkeep\n|turn|5\n|\n|t:|1699971452\n|move|p2b: Dragapult|Sucker Punch|p1b: Prenty\n|-resisted|p1b: Prenty\n|-damage|p1b: Prenty|20\/100\n|move|p1a: A friend <3|Thunder Wave|p2b: Dragapult\n|-status|p2b: Dragapult|par\n|move|p1b: Prenty|Blizzard|p2a: Cresselia|[spread] p2a,p2b\n|-resisted|p2a: Cresselia\n|-supereffective|p2b: Dragapult\n|-damage|p2a: Cresselia|89\/100\n|-damage|p2b: Dragapult|0 fnt\n|faint|p2b: Dragapult\n|move|p2a: Cresselia|Moonblast|p1a: A friend <3\n|-damage|p1a: A friend <3|0 fnt\n|faint|p1a: A friend <3\n|\n|-weather|Snow|[upkeep]\n|upkeep\n|\n|t:|1699971466\n|switch|p2b: Flutter Mane|Flutter Mane, L50|100\/100\n|switch|p1a: RootinTootin|Brambleghast, L50, M|100\/100\n|-ability|p1a: RootinTootin|Wind Rider|boost\n|-boost|p1a: RootinTootin|atk|1\n|-enditem|p2b: Flutter Mane|Booster Energy\n|-activate|p2b: Flutter Mane|ability: Protosynthesis|[fromitem]\n|-start|p2b: Flutter Mane|protosynthesisspd\n|turn|6\n|\n|t:|1699971486\n|move|p2b: Flutter Mane|Protect|p2b: Flutter Mane\n|-singleturn|p2b: Flutter Mane|Protect\n|move|p1a: RootinTootin|Shadow Sneak|p2b: Flutter Mane\n|-activate|p2b: Flutter Mane|move: Protect\n|move|p1b: Prenty|Aurora Veil|p1b: Prenty\n|-sidestart|p1: Bulb_his_saur|move: Aurora Veil\n|move|p2a: Cresselia|Ice Beam|p1a: RootinTootin\n|-supereffective|p1a: RootinTootin\n|-damage|p1a: RootinTootin|25\/100\n|\n|-weather|Snow|[upkeep]\n|upkeep\n|turn|7\n|\n|t:|1699971500\n|move|p1a: RootinTootin|Shadow Sneak|p2b: Flutter Mane\n|-supereffective|p2b: Flutter Mane\n|-damage|p2b: Flutter Mane|3\/100\n|move|p1b: Prenty|Moonblast|p2a: Cresselia\n|-damage|p2a: Cresselia|62\/100\n|move|p2b: Flutter Mane|Dazzling Gleam|p1b: Prenty|[spread] p1a,p1b\n|-damage|p1a: RootinTootin|0 fnt\n|-damage|p1b: Prenty|0 fnt\n|faint|p1a: RootinTootin\n|faint|p1b: Prenty\n|\n|win|Jelly Jars\n|raw|Bulb_his_saur's rating: 1121 &rarr; <strong>1100<\/strong><br \/>(-21 for losing)\n|raw|Jelly Jars's rating: 1170 &rarr; <strong>1191<\/strong><br \/>(+21 for winning)\n","uploadtime":1699971505,"views":8,"p1id":"bulbhissaur","p2id":"jellyjars","formatid":"gen9vgc2023regulatione","rating":1100,"private":0,"password":""}