{"id":"gen9vgc2023regulatione-1991558600","p1":"Mr. NWI","p2":"Slaw Goodman","format":"[Gen 9] VGC 2023 Regulation E","log":"|j|\u2606Mr. NWI\n|j|\u2606Slaw Goodman\n|n|\u2606Mr. NWI|mrnwi\n|n|\u2606Slaw Goodman|slawgoodman\n|html|View the match progress at <a href=\"\/game-bestof3-gen9vgc2023regulatione-1991554875\">game-bestof3-gen9vgc2023regulatione-1991554875<\/a>\n|t:|1700088259\n|gametype|doubles\n|player|p1|Mr. NWI|burglar|\n|player|p2|Slaw Goodman|1|\n|teamsize|p1|6\n|teamsize|p2|6\n|gen|9\n|tier|[Gen 9] VGC 2023 Regulation E\n|rule|Species Clause: Limit one of each Pok\u00e9mon\n|rule|Item Clause: Limit one of each item\n|clearpoke\n|poke|p1|Pelipper, L50, M|\n|poke|p1|Basculegion, L50, M|\n|poke|p1|Amoonguss, L50, M|\n|poke|p1|Electrode-Hisui, L50|\n|poke|p1|Ludicolo, L50, M|\n|poke|p1|Rillaboom, L50, M|\n|poke|p2|Infernape, L50, F|\n|poke|p2|Garganacl, L50, F|\n|poke|p2|Yanmega, L50, F|\n|poke|p2|Sandslash-Alola, L50, M|\n|poke|p2|Abomasnow, L50, M|\n|poke|p2|Regieleki, L50|\n|teampreview|4\n|inactive|Battle timer is ON: inactive players will automatically lose when time's up. (requested by Mr. NWI)\n|c|\u2606Mr. NWI|glhf\nMr. NWI has agreed to open team sheets.\n|inactive|Mr. NWI has 60 seconds left.\n|\n|t:|1700088307\n|start\n|switch|p1a: peeko|Pelipper, L50, M, shiny|100\/100\n|switch|p1b: >:(|Electrode-Hisui, L50, shiny|100\/100\n|switch|p2a: 4 Leon|Regieleki, L50, shiny|100\/100\n|switch|p2b: Blue Bugatti|Yanmega, L50, F, shiny|100\/100\n|-weather|RainDance|[from] ability: Drizzle|[of] p1a: peeko\n|turn|1\n|inactive|Mr. NWI has 30 seconds left.\n|inactive|Slaw Goodman has 30 seconds left.\n|inactive|Mr. NWI has 20 seconds left.\n|inactive|Slaw Goodman has 20 seconds left.\n|inactive|Slaw Goodman has 15 seconds left.\n|inactive|Slaw Goodman has 10 seconds left.\n|\n|t:|1700088353\n|-terastallize|p1a: peeko|Ground\n|move|p2a: 4 Leon|Ancient Power|p1a: peeko\n|-resisted|p1a: peeko\n|-damage|p1a: peeko|88\/100\n|move|p1b: >:(|Thunder|p2b: Blue Bugatti\n|-supereffective|p2b: Blue Bugatti\n|-damage|p2b: Blue Bugatti|0 fnt\n|faint|p2b: Blue Bugatti\n|move|p1a: peeko|U-turn|p2a: 4 Leon\n|-damage|p2a: 4 Leon|82\/100\n|\n|t:|1700088363\n|switch|p1a: D.R.A.K.E.|Basculegion, L50, M, shiny|100\/100|[from] U-turn\n|\n|-weather|RainDance|[upkeep]\n|-heal|p2a: 4 Leon|88\/100|[from] item: Leftovers\n|upkeep\n|\n|t:|1700088367\n|switch|p2b: Garganacl|Garganacl, L50, F, shiny|100\/100\n|turn|2\n|\n|t:|1700088392\n|switch|p1a: imposter|Amoonguss, L50, M, shiny|100\/100\n|-terastallize|p2b: Garganacl|Ghost\n|move|p2a: 4 Leon|Thunderbolt|p1a: imposter\n|-resisted|p1a: imposter\n|-damage|p1a: imposter|74\/100\n|move|p1b: >:(|Chloroblast|p2a: 4 Leon\n|-damage|p2a: 4 Leon|0 fnt\n|faint|p2a: 4 Leon\n|-damage|p1b: >:(|50\/100|[from] Recoil\n|move|p2b: Garganacl|Salt Cure|p1b: >:(\n|-damage|p1b: >:(|23\/100\n|-start|p1b: >:(|Salt Cure\n|\n|-weather|RainDance|[upkeep]\n|-damage|p1b: >:(|11\/100|[from] Salt Cure\n|upkeep\n|\n|t:|1700088409\n|switch|p2a: Monkey (you)|Infernape, L50, F, shiny|100\/100\n|turn|3\n|inactive|Slaw Goodman has 30 seconds left.\n|\n|t:|1700088438\n|move|p2b: Garganacl|Wide Guard|p2b: Garganacl\n|-singleturn|p2b: Garganacl|Wide Guard\n|move|p1a: imposter|Rage Powder|p1a: imposter\n|-singleturn|p1a: imposter|move: Rage Powder\n|move|p1b: >:(|Chloroblast|p2b: Garganacl\n|-damage|p2b: Garganacl|47\/100\n|-damage|p1b: >:(|0 fnt|[from] Recoil\n|faint|p1b: >:(\n|move|p2a: Monkey (you)|Knock Off|p1a: imposter\n|-damage|p1a: imposter|43\/100\n|-damage|p2a: Monkey (you)|84\/100|[from] item: Rocky Helmet|[of] p1a: imposter\n|-enditem|p1a: imposter|Rocky Helmet|[from] move: Knock Off|[of] p2a: Monkey (you)\n|\n|-weather|RainDance|[upkeep]\n|upkeep\n|\n|t:|1700088452\n|switch|p1b: D.R.A.K.E.|Basculegion, L50, M, shiny|100\/100\n|turn|4\n|\n|t:|1700088463\n|move|p1a: imposter|Rage Powder|p1a: imposter\n|-singleturn|p1a: imposter|move: Rage Powder\n|move|p1b: D.R.A.K.E.|Last Respects|p2b: Garganacl\n|-supereffective|p2b: Garganacl\n|-damage|p2b: Garganacl|6\/100\n|move|p2a: Monkey (you)|Knock Off|p1a: imposter\n|-damage|p1a: imposter|20\/100\n|move|p2b: Garganacl|Recover|p2b: Garganacl\n|-heal|p2b: Garganacl|57\/100\n|\n|-weather|RainDance|[upkeep]\n|upkeep\n|turn|5\n|inactive|Slaw Goodman has 30 seconds left.\n|inactive|Slaw Goodman has 20 seconds left.\n|inactive|Slaw Goodman has 15 seconds left.\n|inactive|Slaw Goodman has 10 seconds left.\n|inactive|Slaw Goodman has 5 seconds left.\n|\n|t:|1700088518\n|move|p1a: imposter|Rage Powder|p1a: imposter\n|-singleturn|p1a: imposter|move: Rage Powder\n|move|p1b: D.R.A.K.E.|Last Respects|p2a: Monkey (you)\n|-damage|p2a: Monkey (you)|0 fnt\n|faint|p2a: Monkey (you)\n|move|p2b: Garganacl|Salt Cure|p1a: imposter\n|-crit|p1a: imposter\n|-damage|p1a: imposter|0 fnt\n|faint|p1a: imposter\n|\n|-weather|RainDance|[upkeep]\n|upkeep\n|\n|t:|1700088524\n|switch|p1a: peeko|Pelipper, L50, M, shiny, tera:Ground|88\/100\n|turn|6\n|c|\u2606Mr. NWI|ggs bucko\n|\n|t:|1700088537\n|move|p1b: D.R.A.K.E.|Last Respects|p2b: Garganacl\n|-supereffective|p2b: Garganacl\n|-damage|p2b: Garganacl|0 fnt\n|faint|p2b: Garganacl\n|\n|win|Mr. NWI\n|l|\u2606Slaw Goodman\n","uploadtime":1700088551,"views":17,"p1id":"mrnwi","p2id":"slawgoodman","formatid":"gen9vgc2023regulatione","rating":0,"private":0,"password":""}