{"id":"gen9vgc2023regulatione-1992771016","p1":"Finizenslayer","p2":"BelliBe","format":"[Gen 9] VGC 2023 Regulation E","log":"|j|\u2606Finizenslayer\n|j|\u2606BelliBe\n|t:|1700233984\n|gametype|doubles\n|player|p1|Finizenslayer|n|1128\n|player|p2|BelliBe|acetrainer|1107\n|teamsize|p1|6\n|teamsize|p2|6\n|gen|9\n|tier|[Gen 9] VGC 2023 Regulation E\n|rated|\n|rule|Species Clause: Limit one of each Pok\u00e9mon\n|rule|Item Clause: Limit one of each item\n|clearpoke\n|poke|p1|Ninetales-Alola, L50, F|\n|poke|p1|Iron Hands, L50|\n|poke|p1|Ogerpon-Wellspring, L50, F|\n|poke|p1|Iron Moth, L50|\n|poke|p1|Illumise, L50, F|\n|poke|p1|Spectrier, L50|\n|poke|p2|Gliscor, L50, F|\n|poke|p2|Ninetales-Alola, L50, M|\n|poke|p2|Dragonite, L50, F|\n|poke|p2|Amoonguss, L50, F|\n|poke|p2|Corviknight, L50, F|\n|poke|p2|Gholdengo, L50|\n|teampreview|4\n|\n|t:|1700234001\n|start\n|switch|p1a: Iron Moth|Iron Moth, L50|100\/100\n|switch|p1b: Illumise|Illumise, L50, F|100\/100\n|switch|p2a: Gliscor|Gliscor, L50, F|100\/100\n|switch|p2b: Ninetales|Ninetales-Alola, L50, M|100\/100\n|-weather|Snow|[from] ability: Snow Warning|[of] p2b: Ninetales\n|-enditem|p1a: Iron Moth|Booster Energy\n|-activate|p1a: Iron Moth|ability: Quark Drive|[fromitem]\n|-start|p1a: Iron Moth|quarkdrivespe\n|turn|1\n|inactive|Battle timer is ON: inactive players will automatically lose when time's up. (requested by Finizenslayer)\n|\n|t:|1700234019\n|move|p2a: Gliscor|Protect|p2a: Gliscor\n|-singleturn|p2a: Gliscor|Protect\n|move|p1b: Illumise|Fake Tears|p2a: Gliscor\n|-activate|p2a: Gliscor|move: Protect\n|move|p1a: Iron Moth|Flamethrower|p2a: Gliscor\n|-activate|p2a: Gliscor|move: Protect\n|move|p2b: Ninetales|Aurora Veil|p2b: Ninetales\n|-sidestart|p2: BelliBe|move: Aurora Veil\n|\n|-weather|Snow|[upkeep]\n|-status|p2a: Gliscor|tox|[from] item: Toxic Orb\n|upkeep\n|turn|2\n|\n|t:|1700234038\n|move|p1b: Illumise|Fake Tears|p2a: Gliscor\n|-unboost|p2a: Gliscor|spd|2\n|move|p1a: Iron Moth|Sludge Wave|p2b: Ninetales|[spread] p1b,p2a,p2b\n|-resisted|p2a: Gliscor\n|-supereffective|p2b: Ninetales\n|-damage|p1b: Illumise|48\/100\n|-damage|p2a: Gliscor|71\/100 tox\n|-damage|p2b: Ninetales|47\/100\n|-status|p1b: Illumise|psn\n|move|p2b: Ninetales|Calm Mind|p2b: Ninetales\n|-boost|p2b: Ninetales|spa|1\n|-boost|p2b: Ninetales|spd|1\n|move|p2a: Gliscor|Earthquake|p1b: Illumise|[spread] p2b,p1a,p1b\n|-supereffective|p1a: Iron Moth\n|-crit|p1a: Iron Moth\n|-resisted|p1b: Illumise\n|-damage|p2b: Ninetales|29\/100\n|-damage|p1a: Iron Moth|0 fnt\n|-damage|p1b: Illumise|26\/100 psn\n|faint|p1a: Iron Moth\n|-end|p1a: Iron Moth|Quark Drive|[silent]\n|\n|-weather|Snow|[upkeep]\n|-damage|p1b: Illumise|14\/100 psn|[from] psn\n|-heal|p2a: Gliscor|84\/100 tox|[from] ability: Poison Heal\n|upkeep\n|\n|t:|1700234052\n|switch|p1a: Ninetales|Ninetales-Alola, L50, F, shiny|100\/100\n|turn|3\n|\n|t:|1700234062\n|move|p1b: Illumise|Fake Tears|p2b: Ninetales\n|-unboost|p2b: Ninetales|spd|2\n|move|p1a: Ninetales|Blizzard|p2a: Gliscor|[spread] p2a,p2b\n|-supereffective|p2a: Gliscor\n|-resisted|p2b: Ninetales\n|-damage|p2a: Gliscor|0 fnt\n|-damage|p2b: Ninetales|16\/100\n|faint|p2a: Gliscor\n|move|p2b: Ninetales|Dazzling Gleam|p1b: Illumise|[spread] p1a,p1b\n|-damage|p1a: Ninetales|69\/100\n|-damage|p1b: Illumise|0 fnt\n|faint|p1b: Illumise\n|\n|-weather|Snow|[upkeep]\n|upkeep\n|\n|t:|1700234080\n|switch|p1b: Iron Hands|Iron Hands, L50|100\/100\n|switch|p2a: Amoonguss|Amoonguss, L50, F|100\/100\n|turn|4\n|\n|t:|1700234092\n|move|p2a: Amoonguss|Protect|p2a: Amoonguss\n|-singleturn|p2a: Amoonguss|Protect\n|move|p1b: Iron Hands|Fake Out|p2a: Amoonguss\n|-activate|p2a: Amoonguss|move: Protect\n|move|p1a: Ninetales|Blizzard|p2a: Amoonguss|[spread] p2b\n|-activate|p2a: Amoonguss|move: Protect\n|-resisted|p2b: Ninetales\n|-damage|p2b: Ninetales|5\/100\n|move|p2b: Ninetales|Dazzling Gleam|p1a: Ninetales|[spread] p1a,p1b\n|-supereffective|p1b: Iron Hands\n|-damage|p1a: Ninetales|39\/100\n|-damage|p1b: Iron Hands|69\/100\n|\n|-weather|Snow|[upkeep]\n|upkeep\n|turn|5\n|\n|t:|1700234115\n|-terastallize|p1b: Iron Hands|Fire\n|move|p1a: Ninetales|Blizzard|p2b: Ninetales|[spread] p2a,p2b\n|-supereffective|p2a: Amoonguss\n|-resisted|p2b: Ninetales\n|-damage|p2a: Amoonguss|68\/100\n|-damage|p2b: Ninetales|0 fnt\n|faint|p2b: Ninetales\n|move|p1b: Iron Hands|Heavy Slam|p2a: Amoonguss\n|-damage|p2a: Amoonguss|40\/100\n|move|p2a: Amoonguss|Spore|p1a: Ninetales\n|-status|p1a: Ninetales|slp|[from] move: Spore\n|\n|-weather|none\n|-heal|p2a: Amoonguss|46\/100|[from] item: Leftovers\n|upkeep\n|\n|t:|1700234127\n|switch|p2b: Gholdengo|Gholdengo, L50|100\/100\n|-item|p2b: Gholdengo|Air Balloon\n|turn|6\n|inactive|Finizenslayer has 30 seconds left.\n|inactive|Finizenslayer has 20 seconds left.\n|inactive|Finizenslayer has 15 seconds left.\n|\n|t:|1700234168\n|-terastallize|p2b: Gholdengo|Steel\n|cant|p1a: Ninetales|slp\n|move|p2a: Amoonguss|Protect|p2a: Amoonguss\n|-singleturn|p2a: Amoonguss|Protect\n|move|p2b: Gholdengo|Nasty Plot|p2b: Gholdengo\n|-boost|p2b: Gholdengo|spa|2\n|move|p1b: Iron Hands|Thunder Punch|p2b: Gholdengo\n|-damage|p2b: Gholdengo|72\/100\n|-enditem|p2b: Gholdengo|Air Balloon\n|\n|-heal|p2a: Amoonguss|52\/100|[from] item: Leftovers\n|upkeep\n|turn|7\n|\n|t:|1700234185\n|-curestatus|p1a: Ninetales|slp|[msg]\n|move|p1a: Ninetales|Helping Hand|p1b: Iron Hands\n|-singleturn|p1b: Iron Hands|Helping Hand|[of] p1a: Ninetales\n|move|p2a: Amoonguss|Rage Powder|p2a: Amoonguss\n|-singleturn|p2a: Amoonguss|move: Rage Powder\n|move|p2b: Gholdengo|Make It Rain|p1a: Ninetales|[spread] p1a,p1b\n|-supereffective|p1a: Ninetales\n|-resisted|p1b: Iron Hands\n|-damage|p1a: Ninetales|0 fnt\n|-damage|p1b: Iron Hands|38\/100\n|-unboost|p2b: Gholdengo|spa|1\n|faint|p1a: Ninetales\n|move|p1b: Iron Hands|Drain Punch|p2a: Amoonguss\n|-resisted|p2a: Amoonguss\n|-damage|p2a: Amoonguss|31\/100\n|-heal|p1b: Iron Hands|47\/100|[from] drain|[of] p2a: Amoonguss\n|\n|-heal|p2a: Amoonguss|37\/100|[from] item: Leftovers\n|upkeep\n|turn|8\n|inactive|Finizenslayer has 30 seconds left.\n|inactive|BelliBe has 30 seconds left.\n|inactive|Finizenslayer has 20 seconds left.\n|inactive|BelliBe has 20 seconds left.\n|inactive|Finizenslayer has 15 seconds left.\n|inactive|Finizenslayer has 10 seconds left.\n|inactive|Finizenslayer has 5 seconds left.\n|\n|t:|1700234239\n|move|p2b: Gholdengo|Shadow Ball|p1b: Iron Hands\n|-damage|p1b: Iron Hands|15\/100\n|move|p1b: Iron Hands|Drain Punch|p2b: Gholdengo\n|-supereffective|p2b: Gholdengo\n|-damage|p2b: Gholdengo|21\/100\n|-heal|p1b: Iron Hands|33\/100|[from] drain|[of] p2b: Gholdengo\n|move|p2a: Amoonguss|Spore|p1b: Iron Hands\n|-status|p1b: Iron Hands|slp|[from] move: Spore\n|\n|-heal|p2a: Amoonguss|43\/100|[from] item: Leftovers\n|-sideend|p2: BelliBe|move: Aurora Veil\n|upkeep\n|turn|9\n|-message|Finizenslayer forfeited.\n|\n|win|BelliBe\n|raw|Finizenslayer's rating: 1128 &rarr; <strong>1101<\/strong><br \/>(-27 for losing)\n|raw|BelliBe's rating: 1107 &rarr; <strong>1134<\/strong><br \/>(+27 for winning)\n|l|\u2606Finizenslayer\n","uploadtime":1700234262,"views":16,"p1id":"finizenslayer","p2id":"bellibe","formatid":"gen9vgc2023regulatione","rating":1101,"private":0,"password":""}