{"id":"gen9vgc2023regulatione-1988870212","p1":"SubatomicBunnyz","p2":"AStupidAsian","format":"[Gen 9] VGC 2023 Regulation E","log":"|j|\u2606SubatomicBunnyz\n|j|\u2606AStupidAsian\n|t:|1699777763\n|gametype|doubles\n|player|p1|SubatomicBunnyz|266|1056\n|player|p2|AStupidAsian|sordward|1018\n|teamsize|p1|6\n|teamsize|p2|6\n|gen|9\n|tier|[Gen 9] VGC 2023 Regulation E\n|rated|\n|rule|Species Clause: Limit one of each Pok\u00e9mon\n|rule|Item Clause: Limit one of each item\n|clearpoke\n|poke|p1|Arcanine, L50, M|\n|poke|p1|Maushold, L50|\n|poke|p1|Dudunsparce-*, L50, M|\n|poke|p1|Flamigo, L50, M|\n|poke|p1|Flutter Mane, L50|\n|poke|p1|Gallade, L50, M|\n|poke|p2|Golduck, L50, F|\n|poke|p2|Kommo-o, L50, F|\n|poke|p2|Sinistcha, L50|\n|poke|p2|Dondozo, L50, M|\n|poke|p2|Tatsugiri-Stretchy, L50, M|\n|poke|p2|Amoonguss, L50, M|\n|teampreview|4\nAStupidAsian rejected open team sheets.\n|\n|t:|1699777776\n|start\n|switch|p1a: Arcanine|Arcanine, L50, M|100\/100\n|switch|p1b: Maushold|Maushold, L50|100\/100\n|switch|p2a: Dondozo|Dondozo, L50, M|100\/100\n|switch|p2b: Golduck|Golduck, L50, F|100\/100\n|turn|1\n|\n|t:|1699777796\n|-terastallize|p1a: Arcanine|Normal\n|move|p1b: Maushold|Beat Up|p1a: Arcanine\n|-damage|p1a: Arcanine|98\/100\n|-ability|p1a: Arcanine|Justified|boost\n|-boost|p1a: Arcanine|atk|1\n|-damage|p1a: Arcanine|96\/100\n|-ability|p1a: Arcanine|Justified|boost\n|-boost|p1a: Arcanine|atk|1\n|-damage|p1a: Arcanine|94\/100\n|-ability|p1a: Arcanine|Justified|boost\n|-boost|p1a: Arcanine|atk|1\n|-damage|p1a: Arcanine|93\/100\n|-ability|p1a: Arcanine|Justified|boost\n|-boost|p1a: Arcanine|atk|1\n|-hitcount|p1a: Arcanine|4\n|move|p2b: Golduck|Simple Beam|p2a: Dondozo\n|-endability|p2a: Dondozo|Unaware|[from] move: Simple Beam\n|-ability|p2a: Dondozo|Simple|[from] move: Simple Beam\n|move|p1a: Arcanine|Flame Charge|p2a: Dondozo\n|-resisted|p2a: Dondozo\n|-crit|p2a: Dondozo\n|-damage|p2a: Dondozo|68\/100\n|-boost|p1a: Arcanine|spe|1\n|move|p2a: Dondozo|Wave Crash|p1a: Arcanine\n|-damage|p1a: Arcanine|47\/100\n|-damage|p2a: Dondozo|57\/100|[from] Recoil\n|\n|-heal|p2a: Dondozo|63\/100|[from] item: Leftovers\n|upkeep\n|turn|2\n|c|\u2606AStupidAsian|wanna see something funny\n|\n|t:|1699777838\n|switch|p2b: Tatsugiri|Tatsugiri-Stretchy, L50, M|100\/100\n|-activate|p2b: Tatsugiri|ability: Commander|[of] p2a: Dondozo\n|-boost|p2a: Dondozo|atk|4\n|-boost|p2a: Dondozo|spa|4\n|-boost|p2a: Dondozo|spe|4\n|-boost|p2a: Dondozo|def|4\n|-boost|p2a: Dondozo|spd|4\n|move|p1b: Maushold|Helping Hand|p1a: Arcanine\n|-singleturn|p1a: Arcanine|Helping Hand|[of] p1b: Maushold\n|move|p1a: Arcanine|Extreme Speed|p2a: Dondozo\n|-damage|p2a: Dondozo|30\/100\n|move|p2a: Dondozo|Earthquake|p1b: Maushold|[spread] p1a,p1b\n|-miss|p2a: Dondozo|p2b: Tatsugiri\n|-damage|p1a: Arcanine|0 fnt\n|-damage|p1b: Maushold|5\/100\n|faint|p1a: Arcanine\n|\n|-heal|p2a: Dondozo|36\/100|[from] item: Leftovers\n|upkeep\n|\n|t:|1699777857\n|switch|p1a: Flamigo|Flamigo, L50, M|100\/100\n|-copyboost|p1a: Flamigo|p1b: Maushold|[from] ability: Costar\n|turn|3\n|\n|t:|1699777874\n|move|p1b: Maushold|Helping Hand|p1a: Flamigo\n|-singleturn|p1a: Flamigo|Helping Hand|[of] p1b: Maushold\n|move|p2a: Dondozo|Order Up|p1a: Flamigo\n|-damage|p1a: Flamigo|16\/100\n|-boost|p2a: Dondozo|spe|2\n|move|p1a: Flamigo|Close Combat|p2a: Dondozo\n|-damage|p2a: Dondozo|20\/100\n|-unboost|p1a: Flamigo|def|1\n|-unboost|p1a: Flamigo|spd|1\n|\n|-heal|p2a: Dondozo|26\/100|[from] item: Leftovers\n|upkeep\n|turn|4\n|\n|t:|1699777896\n|move|p2a: Dondozo|Protect|p2a: Dondozo\n|-singleturn|p2a: Dondozo|Protect\n|move|p1b: Maushold|Follow Me|p1b: Maushold\n|-singleturn|p1b: Maushold|move: Follow Me\n|move|p1a: Flamigo|Brave Bird|p2a: Dondozo\n|-activate|p2a: Dondozo|move: Protect\n|\n|-heal|p2a: Dondozo|32\/100|[from] item: Leftovers\n|upkeep\n|turn|5\n|\n|t:|1699777910\n|move|p1b: Maushold|Follow Me|p1b: Maushold\n|-singleturn|p1b: Maushold|move: Follow Me\n|move|p2a: Dondozo|Earthquake|p1a: Flamigo|[spread] p1b\n|-miss|p2a: Dondozo|p2b: Tatsugiri\n|-immune|p1a: Flamigo\n|-damage|p1b: Maushold|0 fnt\n|faint|p1b: Maushold\n|move|p1a: Flamigo|Roost|p1a: Flamigo\n|-heal|p1a: Flamigo|66\/100\n|-singleturn|p1a: Flamigo|move: Roost\n|\n|-heal|p2a: Dondozo|38\/100|[from] item: Leftovers\n|upkeep\n|\n|t:|1699777921\n|switch|p1b: Flutter Mane|Flutter Mane, L50|100\/100\n|-enditem|p1b: Flutter Mane|Booster Energy\n|-activate|p1b: Flutter Mane|ability: Protosynthesis|[fromitem]\n|-start|p1b: Flutter Mane|protosynthesisspa\n|turn|6\n|l|\u2606AStupidAsian\n|player|p2|\n|-message|SubatomicBunnyz forfeited.\n|\n|win|AStupidAsian\n|raw|SubatomicBunnyz's rating: 1056 &rarr; <strong>1036<\/strong><br \/>(-20 for losing)\n|raw|AStupidAsian's rating: 1018 &rarr; <strong>1059<\/strong><br \/>(+41 for winning)\n|l|\u2606SubatomicBunnyz\n|j|\u2606AStupidAsian\n|player|p2|AStupidAsian|sordward\n","uploadtime":1699778058,"views":21,"p1id":"subatomicbunnyz","p2id":"astupidasian","formatid":"gen9vgc2023regulatione","rating":1036,"private":0,"password":""}