{"id":"gen9vgc2023regulatione-1999004806","p1":"Lycro","p2":"Ariesxvgc","format":"[Gen 9] VGC 2023 Regulation E","log":"|j|\u2606Lycro\n|j|\u2606Ariesxvgc\n|t:|1701022975\n|gametype|doubles\n|player|p1|Lycro|169|\n|player|p2|Ariesxvgc|hilbert-wonderlauncher|\n|teamsize|p1|6\n|teamsize|p2|6\n|gen|9\n|tier|[Gen 9] VGC 2023 Regulation E\n|rule|Species Clause: Limit one of each Pok\u00e9mon\n|rule|Item Clause: Limit one of each item\n|clearpoke\n|poke|p1|Flutter Mane, L50|\n|poke|p1|Arcanine-Hisui, L50, F|\n|poke|p1|Rillaboom, L50, M|\n|poke|p1|Milotic, L50, F|\n|poke|p1|Iron Hands, L50|\n|poke|p1|Cresselia, L50, F|\n|poke|p2|Gholdengo, L50|\n|poke|p2|Iron Hands, L50|\n|poke|p2|Urshifu-*, L50, F|\n|poke|p2|Rillaboom, L50, F|\n|poke|p2|Dragonite, L50, M|\n|poke|p2|Chien-Pao, L50|\n|teampreview|4\nAriesxvgc has agreed to open team sheets.\nLycro has agreed to open team sheets.\n|showteam|p1|Flutter Mane||FairyFeather|Protosynthesis|Moonblast,ShadowBall,DazzlingGleam,Protect||||||50|,,,,,Fairy]Arcanine-Hisui||SitrusBerry|Intimidate|FlareBlitz,RockSlide,ExtremeSpeed,Protect|||F|||50|,,,,,Normal]Rillaboom||MiracleSeed|GrassySurge|GrassyGlide,HighHorsepower,WoodHammer,FakeOut|||M|||50|,,,,,Fire]Milotic||Leftovers|Competitive|Scald,IceBeam,Haze,Protect|||F|||50|,,,,,Steel]Iron Hands||AssaultVest|QuarkDrive|WildCharge,DrainPunch,HeavySlam,FakeOut||||||50|,,,,,Water]Cresselia||MentalHerb|Levitate|Moonblast,IceBeam,LunarBlessing,TrickRoom|||F|||50|,,,,,Fairy\n|showteam|p2|Gholdengo||Leftovers|GoodasGold|Protect,MakeItRain,ShadowBall,NastyPlot||||||50|,,,,,Dragon]Iron Hands||AssaultVest|QuarkDrive|FakeOut,DrainPunch,HeavySlam,WildCharge||||||50|,,,,,Water]Urshifu-Rapid-Strike||MysticWater|UnseenFist|AquaJet,CloseCombat,Detect,SurgingStrikes|||F|||50|,,,,,Water]Rillaboom||MiracleSeed|GrassySurge|FakeOut,KnockOff,GrassyGlide,WoodHammer|||F|||50|,,,,,Water]Dragonite||ChoiceBand|InnerFocus|ExtremeSpeed,AerialAce,DragonClaw,StompingTantrum|||M|||50|,,,,,Normal]Chien-Pao||FocusSash|SwordofRuin|Protect,IcicleCrash,SuckerPunch,SacredSword||||||50|,,,,,Ghost\n|c|\u2606Lycro|Glhf\n|\n|t:|1701023045\n|start\n|switch|p1a: Arcanine|Arcanine-Hisui, L50, F|100\/100\n|switch|p1b: Iron Hands|Iron Hands, L50|100\/100\n|switch|p2a: Gholdengo|Gholdengo, L50|100\/100\n|switch|p2b: Rillaboom|Rillaboom, L50, F|100\/100\n|-ability|p1a: Arcanine|Intimidate|boost\n|-unboost|p2a: Gholdengo|atk|1\n|-unboost|p2b: Rillaboom|atk|1\n|-fieldstart|move: Grassy Terrain|[from] ability: Grassy Surge|[of] p2b: Rillaboom\n|turn|1\n|\n|t:|1701023079\n|move|p2b: Rillaboom|Fake Out|p1a: Arcanine\n|-resisted|p1a: Arcanine\n|-damage|p1a: Arcanine|96\/100\n|move|p2a: Gholdengo|Nasty Plot|p2a: Gholdengo\n|-boost|p2a: Gholdengo|spa|2\n|cant|p1a: Arcanine|flinch\n|move|p1b: Iron Hands|Drain Punch|p2b: Rillaboom\n|-damage|p2b: Rillaboom|58\/100\n|\n|-heal|p1a: Arcanine|100\/100|[from] Grassy Terrain\n|-heal|p2b: Rillaboom|64\/100|[from] Grassy Terrain\n|upkeep\n|turn|2\n|\n|t:|1701023125\n|-terastallize|p2a: Gholdengo|Dragon\n|move|p2a: Gholdengo|Shadow Ball|p1b: Iron Hands\n|-damage|p1b: Iron Hands|60\/100\n|move|p1a: Arcanine|Flare Blitz|p2a: Gholdengo\n|-resisted|p2a: Gholdengo\n|-damage|p2a: Gholdengo|69\/100\n|-damage|p1a: Arcanine|90\/100|[from] Recoil\n|move|p2b: Rillaboom|Wood Hammer|p1b: Iron Hands\n|-damage|p1b: Iron Hands|18\/100\n|-damage|p2b: Rillaboom|48\/100|[from] Recoil\n|move|p1b: Iron Hands|Drain Punch|p2b: Rillaboom\n|-damage|p2b: Rillaboom|10\/100\n|-heal|p1b: Iron Hands|33\/100|[from] drain|[of] p2b: Rillaboom\n|\n|-heal|p2a: Gholdengo|75\/100|[from] Grassy Terrain\n|-heal|p2a: Gholdengo|82\/100|[from] item: Leftovers\n|-heal|p1a: Arcanine|96\/100|[from] Grassy Terrain\n|-heal|p2b: Rillaboom|16\/100|[from] Grassy Terrain\n|-heal|p1b: Iron Hands|39\/100|[from] Grassy Terrain\n|upkeep\n|turn|3\n|\n|t:|1701023153\n|switch|p2b: Iron Hands|Iron Hands, L50|100\/100\n|move|p1a: Arcanine|Protect|p1a: Arcanine\n|-singleturn|p1a: Arcanine|Protect\n|move|p2a: Gholdengo|Make It Rain|p1a: Arcanine|[spread] p1b\n|-activate|p1a: Arcanine|move: Protect\n|-resisted|p1b: Iron Hands\n|-damage|p1b: Iron Hands|19\/100\n|-unboost|p2a: Gholdengo|spa|1\n|move|p1b: Iron Hands|Heavy Slam|p2a: Gholdengo\n|-damage|p2a: Gholdengo|42\/100\n|\n|-heal|p2a: Gholdengo|48\/100|[from] Grassy Terrain\n|-heal|p2a: Gholdengo|54\/100|[from] item: Leftovers\n|-heal|p1a: Arcanine|100\/100|[from] Grassy Terrain\n|-heal|p1b: Iron Hands|25\/100|[from] Grassy Terrain\n|upkeep\n|turn|4\n|\n|t:|1701023189\n|switch|p1a: Cresselia|Cresselia, L50, F|100\/100\n|move|p2b: Iron Hands|Fake Out|p1a: Cresselia\n|-damage|p1a: Cresselia|90\/100\n|move|p2a: Gholdengo|Make It Rain|p1b: Iron Hands|[spread] p1a,p1b\n|-crit|p1a: Cresselia\n|-resisted|p1b: Iron Hands\n|-damage|p1a: Cresselia|26\/100\n|-damage|p1b: Iron Hands|7\/100\n|-unboost|p2a: Gholdengo|spa|1\n|move|p1b: Iron Hands|Drain Punch|p2a: Gholdengo\n|-damage|p2a: Gholdengo|15\/100\n|-heal|p1b: Iron Hands|23\/100|[from] drain|[of] p2a: Gholdengo\n|\n|-heal|p2a: Gholdengo|21\/100|[from] Grassy Terrain\n|-heal|p2a: Gholdengo|28\/100|[from] item: Leftovers\n|-heal|p1b: Iron Hands|29\/100|[from] Grassy Terrain\n|upkeep\n|turn|5\n|\n|t:|1701023226\n|move|p2a: Gholdengo|Shadow Ball|p1a: Cresselia\n|-supereffective|p1a: Cresselia\n|-damage|p1a: Cresselia|0 fnt\n|faint|p1a: Cresselia\n|move|p1b: Iron Hands|Drain Punch|p2a: Gholdengo\n|-damage|p2a: Gholdengo|0 fnt\n|-heal|p1b: Iron Hands|40\/100|[from] drain|[of] p2a: Gholdengo\n|faint|p2a: Gholdengo\n|move|p2b: Iron Hands|Drain Punch|p1b: Iron Hands\n|-damage|p1b: Iron Hands|9\/100\n|\n|-heal|p1b: Iron Hands|15\/100|[from] Grassy Terrain\n|-fieldend|move: Grassy Terrain\n|upkeep\n|\n|t:|1701023241\n|switch|p2a: Rillaboom|Rillaboom, L50, F|16\/100\n|switch|p1a: Flutter Mane|Flutter Mane, L50|100\/100\n|-fieldstart|move: Grassy Terrain|[from] ability: Grassy Surge|[of] p2a: Rillaboom\n|turn|6\n|\n|t:|1701023274\n|-end|p1a: Flutter Mane|Protosynthesis|[silent]\n|switch|p1a: Arcanine|Arcanine-Hisui, L50, F|100\/100\n|-ability|p1a: Arcanine|Intimidate|boost\n|-unboost|p2a: Rillaboom|atk|1\n|-unboost|p2b: Iron Hands|atk|1\n|move|p2a: Rillaboom|Grassy Glide|p1a: Arcanine\n|-damage|p1a: Arcanine|65\/100\n|move|p1b: Iron Hands|Drain Punch|p2a: Rillaboom\n|-damage|p2a: Rillaboom|0 fnt\n|-heal|p1b: Iron Hands|22\/100|[from] drain|[of] p2a: Rillaboom\n|faint|p2a: Rillaboom\n|move|p2b: Iron Hands|Drain Punch|p1b: Iron Hands\n|-damage|p1b: Iron Hands|0 fnt\n|faint|p1b: Iron Hands\n|-end|p1b: Iron Hands|Quark Drive|[silent]\n|\n|-heal|p1a: Arcanine|71\/100|[from] Grassy Terrain\n|upkeep\n|\n|t:|1701023293\n|switch|p2a: Dragonite|Dragonite, L50, M|100\/100\n|switch|p1b: Flutter Mane|Flutter Mane, L50|100\/100\n|turn|7\n|\n|t:|1701023320\n|-terastallize|p1b: Flutter Mane|Fairy\n|move|p1a: Arcanine|Protect|p1a: Arcanine\n|-singleturn|p1a: Arcanine|Protect\n|move|p1b: Flutter Mane|Moonblast|p2a: Dragonite\n|-supereffective|p2a: Dragonite\n|-damage|p2a: Dragonite|0 fnt\n|faint|p2a: Dragonite\n|move|p2b: Iron Hands|Drain Punch|p1a: Arcanine\n|-activate|p1a: Arcanine|move: Protect\n|\n|-heal|p1a: Arcanine|77\/100|[from] Grassy Terrain\n|upkeep\n|turn|8\n|\n|t:|1701023337\n|move|p1b: Flutter Mane|Moonblast|p2b: Iron Hands\n|-supereffective|p2b: Iron Hands\n|-damage|p2b: Iron Hands|0 fnt\n|faint|p2b: Iron Hands\n|-end|p2b: Iron Hands|Quark Drive|[silent]\n|\n|win|Lycro\n","uploadtime":1701023348,"views":6,"p1id":"lycro","p2id":"ariesxvgc","formatid":"gen9vgc2023regulatione","rating":0,"private":0,"password":""}