{"id":"gen9vgc2023regulatione-1991797604","p1":"Nick2313","p2":"MV8","format":"[Gen 9] VGC 2023 Regulation E","log":"|j|\u2606Nick2313\n|j|\u2606MV8\n|t:|1700119226\n|gametype|doubles\n|player|p1|Nick2313|170|1284\n|player|p2|MV8|102|1213\n|teamsize|p1|6\n|teamsize|p2|6\n|gen|9\n|tier|[Gen 9] VGC 2023 Regulation E\n|rated|\n|rule|Species Clause: Limit one of each Pok\u00e9mon\n|rule|Item Clause: Limit one of each item\n|clearpoke\n|poke|p1|Ogerpon, L50, F|\n|poke|p1|Goodra-Hisui, L50, M|\n|poke|p1|Ursaluna-Bloodmoon, L50, M|\n|poke|p1|Chi-Yu, L50|\n|poke|p1|Dusclops, L50, F|\n|poke|p1|Landorus-Therian, L50, M|\n|poke|p2|Iron Hands, L50|\n|poke|p2|Rillaboom, L50, M|\n|poke|p2|Indeedee-F, L50, F|\n|poke|p2|Sinistcha, L50|\n|poke|p2|Grimmsnarl, L50, M|\n|poke|p2|Ogerpon-Hearthflame, L50, F|\n|teampreview|4\n|\n|t:|1700119289\n|start\n|switch|p1a: Dusclops|Dusclops, L50, F|100\/100\n|switch|p1b: Ursaluna|Ursaluna-Bloodmoon, L50, M|100\/100\n|switch|p2a: Grimmsnarl|Grimmsnarl, L50, M|100\/100\n|switch|p2b: Ogerpon|Ogerpon-Hearthflame, L50, F|100\/100\n|-ability|p2b: Ogerpon|Mold Breaker\n|-item|p2a: Grimmsnarl|Light Clay|[from] ability: Frisk|[of] p1a: Dusclops|[identify]\n|-item|p2b: Ogerpon|Hearthflame Mask|[from] ability: Frisk|[of] p1a: Dusclops|[identify]\n|turn|1\n|\n|t:|1700119316\n|move|p1b: Ursaluna|Protect|p1b: Ursaluna\n|-singleturn|p1b: Ursaluna|Protect\n|move|p2a: Grimmsnarl|Light Screen|p2a: Grimmsnarl\n|-sidestart|p2: MV8|move: Light Screen\n|move|p2b: Ogerpon|Ivy Cudgel|p1a: Dusclops|[anim] Ivy Cudgel Fire\n|-damage|p1a: Dusclops|62\/100\n|move|p1a: Dusclops|Trick Room|p1a: Dusclops\n|-fieldstart|move: Trick Room|[of] p1a: Dusclops\n|\n|upkeep\n|turn|2\n|l|\u2606Nick2313\n|player|p1|\n|j|\u2606Nick2313\n|player|p1|Nick2313|170\n|\n|t:|1700119346\n|move|p1a: Dusclops|Helping Hand|p1b: Ursaluna\n|-singleturn|p1b: Ursaluna|Helping Hand|[of] p1a: Dusclops\n|move|p2b: Ogerpon|Spiky Shield|p2b: Ogerpon\n|-singleturn|p2b: Ogerpon|move: Protect\n|move|p2a: Grimmsnarl|Parting Shot|p1b: Ursaluna\n|-unboost|p1b: Ursaluna|atk|1\n|-unboost|p1b: Ursaluna|spa|1\n|\n|t:|1700119355\n|switch|p2a: Rillaboom|Rillaboom, L50, M|100\/100|[from] Parting Shot\n|-fieldstart|move: Grassy Terrain|[from] ability: Grassy Surge|[of] p2a: Rillaboom\n|move|p1b: Ursaluna|Hyper Voice|p2a: Rillaboom|[spread] p2a\n|-activate|p2b: Ogerpon|move: Protect\n|-damage|p2a: Rillaboom|79\/100\n|-enditem|p1b: Ursaluna|Throat Spray\n|-boost|p1b: Ursaluna|spa|1|[from] item: Throat Spray\n|\n|-heal|p1a: Dusclops|68\/100|[from] Grassy Terrain\n|-heal|p2a: Rillaboom|84\/100|[from] Grassy Terrain\n|upkeep\n|turn|3\n|\n|t:|1700119409\n|switch|p2b: Grimmsnarl|Grimmsnarl, L50, M|100\/100\n|move|p1a: Dusclops|Will-O-Wisp|p2a: Rillaboom\n|-status|p2a: Rillaboom|brn\n|move|p1b: Ursaluna|Blood Moon|p2b: Grimmsnarl\n|-damage|p2b: Grimmsnarl|59\/100\n|move|p2a: Rillaboom|Wood Hammer|p1b: Ursaluna\n|-supereffective|p1b: Ursaluna\n|-damage|p1b: Ursaluna|45\/100\n|-damage|p2a: Rillaboom|62\/100 brn|[from] Recoil\n|\n|-heal|p1a: Dusclops|74\/100|[from] Grassy Terrain\n|-heal|p1b: Ursaluna|51\/100|[from] Grassy Terrain\n|-heal|p2b: Grimmsnarl|65\/100|[from] Grassy Terrain\n|-heal|p2a: Rillaboom|67\/100 brn|[from] Grassy Terrain\n|-damage|p2a: Rillaboom|62\/100 brn|[from] brn\n|upkeep\n|turn|4\n|\n|t:|1700119436\n|move|p1a: Dusclops|Helping Hand|p1b: Ursaluna\n|-singleturn|p1b: Ursaluna|Helping Hand|[of] p1a: Dusclops\n|move|p2b: Grimmsnarl|Parting Shot|p1b: Ursaluna\n|-unboost|p1b: Ursaluna|atk|1\n|-unboost|p1b: Ursaluna|spa|1\n|\n|t:|1700119442\n|switch|p2b: Ogerpon|Ogerpon-Hearthflame, L50, F|100\/100|[from] Parting Shot\n|-ability|p2b: Ogerpon|Mold Breaker\n|move|p1b: Ursaluna|Hyper Voice|p2b: Ogerpon|[spread] p2a,p2b\n|-damage|p2a: Rillaboom|40\/100 brn\n|-damage|p2b: Ogerpon|70\/100\n|move|p2a: Rillaboom|U-turn|p1b: Ursaluna\n|-damage|p1b: Ursaluna|43\/100\n|\n|t:|1700119453\n|switch|p2a: Grimmsnarl|Grimmsnarl, L50, M|65\/100|[from] U-turn\n|\n|-heal|p1a: Dusclops|80\/100|[from] Grassy Terrain\n|-heal|p1b: Ursaluna|49\/100|[from] Grassy Terrain\n|-heal|p2a: Grimmsnarl|71\/100|[from] Grassy Terrain\n|-heal|p2b: Ogerpon|76\/100|[from] Grassy Terrain\n|upkeep\n|turn|5\n|\n|t:|1700119486\n|switch|p1b: Landorus|Landorus-Therian, L50, M|100\/100\n|-ability|p1b: Landorus|Intimidate|boost\n|-unboost|p2a: Grimmsnarl|atk|1\n|-unboost|p2b: Ogerpon|atk|1\n|-terastallize|p2b: Ogerpon|Fire\n|detailschange|p2b: Ogerpon|Ogerpon-Hearthflame-Tera, L50, F, tera:Fire\n|-ability|p2b: Ogerpon|Embody Aspect (Hearthflame)|boost\n|-boost|p2b: Ogerpon|atk|1\n|move|p1a: Dusclops|Icy Wind|p2a: Grimmsnarl|[spread] p2a,p2b\n|-resisted|p2b: Ogerpon\n|-damage|p2a: Grimmsnarl|68\/100\n|-damage|p2b: Ogerpon|73\/100\n|-unboost|p2a: Grimmsnarl|spe|1\n|-unboost|p2b: Ogerpon|spe|1\n|move|p2a: Grimmsnarl|Spirit Break|p1a: Dusclops\n|-damage|p1a: Dusclops|66\/100\n|-unboost|p1a: Dusclops|spa|1\n|move|p2b: Ogerpon|Ivy Cudgel|p1a: Dusclops|[anim] Ivy Cudgel Fire\n|-damage|p1a: Dusclops|17\/100\n|\n|-heal|p1a: Dusclops|23\/100|[from] Grassy Terrain\n|-heal|p2a: Grimmsnarl|74\/100|[from] Grassy Terrain\n|-heal|p2b: Ogerpon|79\/100|[from] Grassy Terrain\n|-fieldend|move: Trick Room\n|upkeep\n|turn|6\n|\n|t:|1700119534\n|-terastallize|p1b: Landorus|Flying\n|move|p1a: Dusclops|Helping Hand|p1b: Landorus\n|-singleturn|p1b: Landorus|Helping Hand|[of] p1a: Dusclops\n|move|p2a: Grimmsnarl|Reflect|p2a: Grimmsnarl\n|-sidestart|p2: MV8|Reflect\n|move|p1b: Landorus|Tera Blast|p2b: Ogerpon|[anim] Tera Blast Flying\n|-damage|p2b: Ogerpon|0 fnt\n|faint|p2b: Ogerpon\n|\n|-heal|p2a: Grimmsnarl|80\/100|[from] Grassy Terrain\n|-heal|p1a: Dusclops|29\/100|[from] Grassy Terrain\n|-fieldend|move: Grassy Terrain\n|upkeep\n|\n|t:|1700119573\n|switch|p2b: Rillaboom|Rillaboom, L50, M|40\/100 brn\n|-fieldstart|move: Grassy Terrain|[from] ability: Grassy Surge|[of] p2b: Rillaboom\n|turn|7\n|\n|t:|1700119591\n|move|p1b: Landorus|Tera Blast|p2b: Rillaboom|[anim] Tera Blast Flying\n|-supereffective|p2b: Rillaboom\n|-damage|p2b: Rillaboom|0 fnt\n|faint|p2b: Rillaboom\n|move|p2a: Grimmsnarl|Spirit Break|p1a: Dusclops\n|-damage|p1a: Dusclops|14\/100\n|-unboost|p1a: Dusclops|spa|1\n|move|p1a: Dusclops|Will-O-Wisp|p2a: Grimmsnarl|[miss]\n|-miss|p1a: Dusclops|p2a: Grimmsnarl\n|\n|-heal|p2a: Grimmsnarl|86\/100|[from] Grassy Terrain\n|-heal|p1a: Dusclops|20\/100|[from] Grassy Terrain\n|upkeep\n|\n|t:|1700119606\n|switch|p2b: Iron Hands|Iron Hands, L50|100\/100\n|turn|8\n|\n|t:|1700119623\n|switch|p1b: Ursaluna|Ursaluna-Bloodmoon, L50, M|49\/100\n|move|p2b: Iron Hands|Protect|p2b: Iron Hands\n|-singleturn|p2b: Iron Hands|Protect\n|move|p2a: Grimmsnarl|Parting Shot|p1b: Ursaluna\n|-unboost|p1b: Ursaluna|atk|1\n|-unboost|p1b: Ursaluna|spa|1\n|move|p1a: Dusclops|Icy Wind|p2a: Grimmsnarl|[spread] p2a\n|-activate|p2b: Iron Hands|move: Protect\n|-damage|p2a: Grimmsnarl|85\/100\n|-unboost|p2a: Grimmsnarl|spe|1\n|\n|-heal|p1b: Ursaluna|55\/100|[from] Grassy Terrain\n|-heal|p2a: Grimmsnarl|91\/100|[from] Grassy Terrain\n|-heal|p1a: Dusclops|26\/100|[from] Grassy Terrain\n|-sideend|p2: MV8|move: Light Screen\n|upkeep\n|turn|9\n|\n|t:|1700119652\n|move|p1a: Dusclops|Helping Hand|p1b: Ursaluna\n|-singleturn|p1b: Ursaluna|Helping Hand|[of] p1a: Dusclops\n|move|p2a: Grimmsnarl|Light Screen|p2a: Grimmsnarl\n|-sidestart|p2: MV8|move: Light Screen\n|move|p1b: Ursaluna|Blood Moon|p2a: Grimmsnarl\n|-damage|p2a: Grimmsnarl|48\/100\n|move|p2b: Iron Hands|Belly Drum|p2b: Iron Hands\n|-damage|p2b: Iron Hands|50\/100\n|-setboost|p2b: Iron Hands|atk|6|[from] move: Belly Drum\n|-enditem|p2b: Iron Hands|Sitrus Berry|[eat]\n|-heal|p2b: Iron Hands|75\/100|[from] item: Sitrus Berry\n|\n|-heal|p1b: Ursaluna|61\/100|[from] Grassy Terrain\n|-heal|p2b: Iron Hands|82\/100|[from] Grassy Terrain\n|-heal|p1a: Dusclops|32\/100|[from] Grassy Terrain\n|-heal|p2a: Grimmsnarl|54\/100|[from] Grassy Terrain\n|upkeep\n|turn|10\n|\n|t:|1700119681\n|move|p1b: Ursaluna|Protect|p1b: Ursaluna\n|-singleturn|p1b: Ursaluna|Protect\n|move|p2a: Grimmsnarl|Parting Shot|p1b: Ursaluna\n|-activate|p1b: Ursaluna|move: Protect\n|move|p2b: Iron Hands|Thunder Punch|p1a: Dusclops\n|-damage|p1a: Dusclops|0 fnt\n|faint|p1a: Dusclops\n|\n|-heal|p1b: Ursaluna|67\/100|[from] Grassy Terrain\n|-heal|p2b: Iron Hands|88\/100|[from] Grassy Terrain\n|-heal|p2a: Grimmsnarl|60\/100|[from] Grassy Terrain\n|upkeep\n|\n|t:|1700119699\n|switch|p1a: Chi-Yu|Chi-Yu, L50|100\/100\n|-ability|p1a: Chi-Yu|Beads of Ruin\n|turn|11\n|\n|t:|1700119713\n|move|p1a: Chi-Yu|Heat Wave|p2b: Iron Hands|[spread] p2a,p2b\n|-damage|p2a: Grimmsnarl|33\/100\n|-damage|p2b: Iron Hands|59\/100\n|move|p1b: Ursaluna|Blood Moon|p2b: Iron Hands\n|-damage|p2b: Iron Hands|25\/100\n|move|p2b: Iron Hands|Drain Punch|p1b: Ursaluna\n|-supereffective|p1b: Ursaluna\n|-crit|p1b: Ursaluna\n|-damage|p1b: Ursaluna|0 fnt\n|-heal|p2b: Iron Hands|54\/100|[from] drain|[of] p1b: Ursaluna\n|faint|p1b: Ursaluna\n|move|p2a: Grimmsnarl|Spirit Break|p1a: Chi-Yu\n|-damage|p1a: Chi-Yu|65\/100\n|-unboost|p1a: Chi-Yu|spa|1\n|\n|-heal|p1a: Chi-Yu|71\/100|[from] Grassy Terrain\n|-heal|p2b: Iron Hands|60\/100|[from] Grassy Terrain\n|-heal|p2a: Grimmsnarl|39\/100|[from] Grassy Terrain\n|-fieldend|move: Grassy Terrain\n|upkeep\n|\n|t:|1700119734\n|switch|p1b: Landorus|Landorus-Therian, L50, M, tera:Flying|100\/100\n|-ability|p1b: Landorus|Intimidate|boost\n|-unboost|p2a: Grimmsnarl|atk|1\n|-unboost|p2b: Iron Hands|atk|1\n|turn|12\n|\n|t:|1700119756\n|move|p2b: Iron Hands|Protect|p2b: Iron Hands\n|-singleturn|p2b: Iron Hands|Protect\n|move|p2a: Grimmsnarl|Parting Shot|p1b: Landorus\n|-unboost|p1b: Landorus|atk|1\n|-unboost|p1b: Landorus|spa|1\n|move|p1b: Landorus|Stomping Tantrum|p2b: Iron Hands\n|-activate|p2b: Iron Hands|move: Protect\n|move|p1a: Chi-Yu|Heat Wave|p2a: Grimmsnarl|[spread] p2a\n|-activate|p2b: Iron Hands|move: Protect\n|-damage|p2a: Grimmsnarl|21\/100\n|\n|upkeep\n|turn|13\n|\n|t:|1700119773\n|move|p2a: Grimmsnarl|Parting Shot|p1b: Landorus\n|-unboost|p1b: Landorus|atk|1\n|-unboost|p1b: Landorus|spa|1\n|move|p1b: Landorus|Stomping Tantrum|p2b: Iron Hands\n|-supereffective|p2b: Iron Hands\n|-damage|p2b: Iron Hands|43\/100\n|move|p1a: Chi-Yu|Heat Wave|p2b: Iron Hands|[spread] p2a,p2b\n|-damage|p2a: Grimmsnarl|3\/100\n|-damage|p2b: Iron Hands|23\/100\n|move|p2b: Iron Hands|Drain Punch|p1a: Chi-Yu\n|-supereffective|p1a: Chi-Yu\n|-damage|p1a: Chi-Yu|0 fnt\n|-heal|p2b: Iron Hands|41\/100|[from] drain|[of] p1a: Chi-Yu\n|faint|p1a: Chi-Yu\n|\n|-sideend|p2: MV8|Reflect\n|upkeep\n|turn|14\n|\n|t:|1700119798\n|move|p2a: Grimmsnarl|Parting Shot|p1b: Landorus\n|-unboost|p1b: Landorus|atk|1\n|-unboost|p1b: Landorus|spa|1\n|move|p1b: Landorus|Stomping Tantrum|p2b: Iron Hands\n|-supereffective|p2b: Iron Hands\n|-damage|p2b: Iron Hands|22\/100\n|move|p2b: Iron Hands|Thunder Punch|p1b: Landorus\n|-supereffective|p1b: Landorus\n|-damage|p1b: Landorus|0 fnt\n|faint|p1b: Landorus\n|\n|win|MV8\n|raw|Nick2313's rating: 1284 &rarr; <strong>1254<\/strong><br \/>(-30 for losing)\n|raw|MV8's rating: 1213 &rarr; <strong>1243<\/strong><br \/>(+30 for winning)\n|l|\u2606Nick2313\n","uploadtime":1700119823,"views":14,"p1id":"nick2313","p2id":"mv8","formatid":"gen9vgc2023regulatione","rating":1243,"private":0,"password":""}