{"id":"gen9vgc2023regulatione-2000542511","p1":"lerry27","p2":"Salsakazam","format":"[Gen 9] VGC 2023 Regulation E","log":"|j|\u2606lerry27\n|j|\u2606Salsakazam\n|n|\u2606lerry27|lerry27\n|n|\u2606Salsakazam|salsakazam\n|html|View the match progress at <a href=\"\/game-bestof3-gen9vgc2023regulatione-2000538041\">game-bestof3-gen9vgc2023regulatione-2000538041<\/a>\n|t:|1701203778\n|gametype|doubles\n|player|p1|lerry27|cyrus|\n|player|p2|Salsakazam|cyclist|\n|teamsize|p1|6\n|teamsize|p2|6\n|gen|9\n|tier|[Gen 9] VGC 2023 Regulation E\n|rule|Species Clause: Limit one of each Pok\u00e9mon\n|rule|Item Clause: Limit one of each item\n|clearpoke\n|poke|p1|Flutter Mane, L50|\n|poke|p1|Tornadus, L50, M|\n|poke|p1|Chi-Yu, L50|\n|poke|p1|Landorus-Therian, L50, M|\n|poke|p1|Iron Hands, L50|\n|poke|p1|Ogerpon-Wellspring, L50, F|\n|poke|p2|Dusclops, L50, M|\n|poke|p2|Ursaluna-Bloodmoon, L50, M|\n|poke|p2|Iron Hands, L50|\n|poke|p2|Heatran, L50, M|\n|poke|p2|Landorus-Therian, L50, M|\n|poke|p2|Ogerpon-Wellspring, L50, F|\n|teampreview|4\n|\n|t:|1701204045\n|start\n|switch|p1a: Iron Hands|Iron Hands, L50|100\/100\n|switch|p1b: Chi-Yu|Chi-Yu, L50|100\/100\n|switch|p2a: Landorus|Landorus-Therian, L50, M|100\/100\n|switch|p2b: Ogerpon|Ogerpon-Wellspring, L50, F|100\/100\n|-ability|p2a: Landorus|Intimidate|boost\n|-unboost|p1a: Iron Hands|atk|1\n|-unboost|p1b: Chi-Yu|atk|1\n|-ability|p1b: Chi-Yu|Beads of Ruin\n|turn|1\n|\n|t:|1701204084\n|-terastallize|p1b: Chi-Yu|Ghost\n|move|p1a: Iron Hands|Fake Out|p2a: Landorus\n|-damage|p2a: Landorus|88\/100\n|cant|p2a: Landorus|flinch\n|move|p1b: Chi-Yu|Heat Wave|p2a: Landorus|[spread] p2a,p2b\n|-damage|p2a: Landorus|15\/100\n|-damage|p2b: Ogerpon|40\/100\n|-damage|p1b: Chi-Yu|91\/100|[from] item: Life Orb\n|move|p2b: Ogerpon|Ivy Cudgel|p1b: Chi-Yu|[anim] Ivy Cudgel Water\n|-damage|p1b: Chi-Yu|23\/100\n|\n|upkeep\n|turn|2\n|\n|t:|1701204106\n|switch|p2b: Dusclops|Dusclops, L50, M|100\/100\n|-ability|p2b: Dusclops|Pressure\n|move|p1b: Chi-Yu|Protect|p1b: Chi-Yu\n|-singleturn|p1b: Chi-Yu|Protect\n|move|p2a: Landorus|Stomping Tantrum|p1b: Chi-Yu\n|-activate|p1b: Chi-Yu|move: Protect\n|move|p1a: Iron Hands|Drain Punch|p2a: Landorus\n|-resisted|p2a: Landorus\n|-damage|p2a: Landorus|0 fnt\n|faint|p2a: Landorus\n|\n|upkeep\n|\n|t:|1701204120\n|switch|p2a: Ursaluna|Ursaluna-Bloodmoon, L50, M|100\/100\n|turn|3\n|\n|t:|1701204145\n|-terastallize|p2b: Dusclops|Dark\n|move|p2a: Ursaluna|Protect|p2a: Ursaluna\n|-singleturn|p2a: Ursaluna|Protect\n|move|p1b: Chi-Yu|Taunt|p2b: Dusclops\n|-start|p2b: Dusclops|move: Taunt\n|move|p1a: Iron Hands|Drain Punch|p2a: Ursaluna\n|-activate|p2a: Ursaluna|move: Protect\n|cant|p2b: Dusclops|move: Taunt|Trick Room\n|\n|upkeep\n|turn|4\n|\n|t:|1701204196\n|switch|p2b: Ogerpon|Ogerpon-Wellspring, L50, F|40\/100\n|move|p1b: Chi-Yu|Heat Wave|p2b: Ogerpon|[spread] p2a,p2b\n|-damage|p2a: Ursaluna|37\/100\n|-damage|p2b: Ogerpon|0 fnt\n|faint|p2b: Ogerpon\n|-damage|p1b: Chi-Yu|13\/100|[from] item: Life Orb\n|move|p1a: Iron Hands|Drain Punch|p2a: Ursaluna\n|-supereffective|p2a: Ursaluna\n|-damage|p2a: Ursaluna|0 fnt\n|faint|p2a: Ursaluna\n|\n|upkeep\n|\n|t:|1701204210\n|switch|p2b: Dusclops|Dusclops, L50, M, tera:Dark|100\/100\n|-ability|p2b: Dusclops|Pressure\n|turn|5\n|-message|Salsakazam forfeited.\n|\n|win|lerry27\n|l|\u2606Salsakazam\n","uploadtime":1701204261,"views":1,"p1id":"lerry27","p2id":"salsakazam","formatid":"gen9vgc2023regulatione","rating":0,"private":0,"password":""}