{"id":"gen9vgc2023regulatione-1996399725","p1":"vguekdk","p2":"wu1fan","format":"[Gen 9] VGC 2023 Regulation E","log":"|j|\u2606vguekdk\n|j|\u2606wu1fan\n|t:|1700678366\n|gametype|doubles\n|player|p1|vguekdk|169|1190\n|player|p2|wu1fan|102|1142\n|teamsize|p1|6\n|teamsize|p2|6\n|gen|9\n|tier|[Gen 9] VGC 2023 Regulation E\n|rated|\n|rule|Species Clause: Limit one of each Pok\u00e9mon\n|rule|Item Clause: Limit one of each item\n|clearpoke\n|poke|p1|Tornadus, L50, M|\n|poke|p1|Flutter Mane, L50|\n|poke|p1|Regidrago, L50|\n|poke|p1|Heatran, L50, M|\n|poke|p1|Urshifu-*, L50, F|\n|poke|p1|Farigiraf, L50, M|\n|poke|p2|Arcanine-Hisui, L50, F|\n|poke|p2|Baxcalibur, L50, M|\n|poke|p2|Ninetales-Alola, L50, F|\n|poke|p2|Ogerpon-Wellspring, L50, F|\n|poke|p2|Iron Hands, L50|\n|poke|p2|Flutter Mane, L50|\n|teampreview|4\n|inactive|Battle timer is ON: inactive players will automatically lose when time's up. (requested by vguekdk)\n|inactive|wu1fan has 60 seconds left.\n|\n|t:|1700678406\n|start\n|switch|p1a: Tornadus|Tornadus, L50, M|100\/100\n|switch|p1b: Regidrago|Regidrago, L50|100\/100\n|switch|p2a: Iron Hands|Iron Hands, L50|100\/100\n|switch|p2b: Ninetales|Ninetales-Alola, L50, F|100\/100\n|-weather|Snow|[from] ability: Snow Warning|[of] p2b: Ninetales\n|turn|1\n|\n|t:|1700678426\n|-terastallize|p1a: Tornadus|Ghost\n|move|p1b: Regidrago|Protect|p1b: Regidrago\n|-singleturn|p1b: Regidrago|Protect\n|move|p2a: Iron Hands|Fake Out|p1b: Regidrago\n|-activate|p1b: Regidrago|move: Protect\n|move|p1a: Tornadus|Sunny Day|p1a: Tornadus\n|-weather|SunnyDay\n|move|p2b: Ninetales|Aurora Veil||[still]\n|-fail|p2b: Ninetales\n|\n|-weather|SunnyDay|[upkeep]\n|upkeep\n|turn|2\n|inactive|wu1fan has 30 seconds left.\n|inactive|wu1fan has 20 seconds left.\n|\n|t:|1700678463\n|move|p1a: Tornadus|Tailwind|p1a: Tornadus\n|-sidestart|p1: vguekdk|move: Tailwind\n|move|p1b: Regidrago|Dragon Energy|p2b: Ninetales|[spread] p2a\n|-immune|p2b: Ninetales\n|-damage|p2a: Iron Hands|46\/100\n|move|p2b: Ninetales|Icy Wind|p1b: Regidrago|[spread] p1a,p1b\n|-supereffective|p1b: Regidrago\n|-damage|p1a: Tornadus|83\/100\n|-damage|p1b: Regidrago|74\/100\n|-unboost|p1a: Tornadus|spe|1\n|-unboost|p1b: Regidrago|spe|1\n|move|p2a: Iron Hands|Drain Punch|p1b: Regidrago\n|-damage|p1b: Regidrago|25\/100\n|-heal|p2a: Iron Hands|72\/100|[from] drain|[of] p1b: Regidrago\n|\n|-weather|SunnyDay|[upkeep]\n|upkeep\n|turn|3\n|inactive|vguekdk has 30 seconds left.\n|inactive|wu1fan has 30 seconds left.\n|\n|t:|1700678494\n|switch|p1a: Heatran|Heatran, L50, M|100\/100\n|switch|p2b: Flutter Mane|Flutter Mane, L50|100\/100\n|-activate|p2b: Flutter Mane|ability: Protosynthesis\n|-start|p2b: Flutter Mane|protosynthesisspe\n|move|p1b: Regidrago|Earth Power|p2a: Iron Hands\n|-supereffective|p2a: Iron Hands\n|-damage|p2a: Iron Hands|36\/100\n|move|p2a: Iron Hands|Drain Punch|p1b: Regidrago\n|-damage|p1b: Regidrago|0 fnt\n|-heal|p2a: Iron Hands|50\/100|[from] drain|[of] p1b: Regidrago\n|faint|p1b: Regidrago\n|\n|-weather|SunnyDay|[upkeep]\n|upkeep\n|\n|t:|1700678512\n|switch|p1b: Tornadus|Tornadus, L50, M, tera:Ghost|83\/100\n|turn|4\n|\n|t:|1700678525\n|-terastallize|p2a: Iron Hands|Water\n|move|p1b: Tornadus|Protect|p1b: Tornadus\n|-singleturn|p1b: Tornadus|Protect\n|move|p2b: Flutter Mane|Protect|p2b: Flutter Mane\n|-singleturn|p2b: Flutter Mane|Protect\n|move|p1a: Heatran|Earth Power|p2a: Iron Hands\n|-damage|p2a: Iron Hands|24\/100\n|-damage|p1a: Heatran|91\/100|[from] item: Life Orb\n|move|p2a: Iron Hands|Drain Punch|p1a: Heatran\n|-supereffective|p1a: Heatran\n|-damage|p1a: Heatran|0 fnt\n|-heal|p2a: Iron Hands|54\/100|[from] drain|[of] p1a: Heatran\n|faint|p1a: Heatran\n|\n|-weather|SunnyDay|[upkeep]\n|upkeep\n|\n|t:|1700678542\n|switch|p1a: Farigiraf|Farigiraf, L50, M|100\/100\n|turn|5\n|inactive|wu1fan has 30 seconds left.\n|\n|t:|1700678574\n|move|p1b: Tornadus|Bleakwind Storm|p2b: Flutter Mane|[spread] p2b\n|-miss|p1b: Tornadus|p2a: Iron Hands\n|-damage|p2b: Flutter Mane|61\/100\n|-unboost|p2b: Flutter Mane|spe|1\n|move|p1a: Farigiraf|Psychic|p2a: Iron Hands\n|-damage|p2a: Iron Hands|34\/100\n|move|p2b: Flutter Mane|Moonblast|p1a: Farigiraf\n|-damage|p1a: Farigiraf|49\/100\n|move|p2a: Iron Hands|Drain Punch|p1a: Farigiraf\n|-damage|p1a: Farigiraf|10\/100\n|-heal|p2a: Iron Hands|51\/100|[from] drain|[of] p1a: Farigiraf\n|-damage|p2a: Iron Hands|35\/100|[from] item: Rocky Helmet|[of] p1a: Farigiraf\n|\n|-weather|none\n|-end|p2b: Flutter Mane|Protosynthesis\n|-sideend|p1: vguekdk|move: Tailwind\n|upkeep\n|-enditem|p2b: Flutter Mane|Booster Energy\n|-activate|p2b: Flutter Mane|ability: Protosynthesis|[fromitem]\n|-start|p2b: Flutter Mane|protosynthesisspa\n|turn|6\n|-message|vguekdk forfeited.\n|\n|win|wu1fan\n|raw|vguekdk's rating: 1190 &rarr; <strong>1162<\/strong><br \/>(-28 for losing)\n|raw|wu1fan's rating: 1142 &rarr; <strong>1170<\/strong><br \/>(+28 for winning)\n|l|\u2606vguekdk\n","uploadtime":1700678601,"views":9,"p1id":"vguekdk","p2id":"wu1fan","formatid":"gen9vgc2023regulatione","rating":1162,"private":0,"password":""}