{"id":"gen9vgc2023regulatione-1996942543","p1":"Legend kayo4711","p2":"noname2110lqmL","format":"[Gen 9] VGC 2023 Regulation E","log":"|j|\u2606Legend kayo4711\n|j|\u2606noname2110lqmL\n|t:|1700747731\n|gametype|doubles\n|player|p1|Legend kayo4711|blue|1102\n|player|p2|noname2110lqmL|falkner|1000\n|teamsize|p1|6\n|teamsize|p2|6\n|gen|9\n|tier|[Gen 9] VGC 2023 Regulation E\n|rated|\n|rule|Species Clause: Limit one of each Pok\u00e9mon\n|rule|Item Clause: Limit one of each item\n|clearpoke\n|poke|p1|Lucario, L50, M|\n|poke|p1|Amoonguss, L50, M|\n|poke|p1|Dragapult, L50, F|\n|poke|p1|Flutter Mane, L50|\n|poke|p1|Chien-Pao, L50|\n|poke|p1|Urshifu-*, L50, M|\n|poke|p2|Regieleki, L50|\n|poke|p2|Flutter Mane, L50|\n|poke|p2|Enamorus, L50, F|\n|poke|p2|Persian-Alola, L50, F|\n|poke|p2|Grimmsnarl, L50, M|\n|poke|p2|Krookodile, L50, M|\n|teampreview|4\n|\n|t:|1700747780\n|start\n|switch|p1a: Amoonguss|Amoonguss, L50, M|100\/100\n|switch|p1b: Chien-Pao|Chien-Pao, L50|100\/100\n|switch|p2a: Grimmsnarl|Grimmsnarl, L50, M|100\/100\n|switch|p2b: Persian|Persian-Alola, L50, F|100\/100\n|-ability|p1b: Chien-Pao|Sword of Ruin\n|turn|1\n|j| Kal0sunleashed\n|\n|t:|1700747802\n|move|p1b: Chien-Pao|Protect|p1b: Chien-Pao\n|-singleturn|p1b: Chien-Pao|Protect\n|move|p2b: Persian|Fake Out|p1a: Amoonguss\n|-damage|p1a: Amoonguss|92\/100\n|move|p2a: Grimmsnarl|Fake Out|p1b: Chien-Pao\n|-activate|p1b: Chien-Pao|move: Protect\n|cant|p1a: Amoonguss|flinch\n|\n|-heal|p1a: Amoonguss|98\/100|[from] item: Leftovers\n|upkeep\n|turn|2\n|\n|t:|1700747833\n|switch|p1b: Lucario|Lucario, L50, M|100\/100\n|move|p2a: Grimmsnarl|Reflect|p2a: Grimmsnarl\n|-sidestart|p2: noname2110lqmL|Reflect\n|move|p2b: Persian|Parting Shot|p1b: Lucario\n|-unboost|p1b: Lucario|atk|1\n|-unboost|p1b: Lucario|spa|1\n|\n|t:|1700747841\n|switch|p2b: Krookodile|Krookodile, L50, M|100\/100|[from] Parting Shot\n|-ability|p2b: Krookodile|Intimidate|boost\n|-unboost|p1a: Amoonguss|atk|1\n|-fail|p1b: Lucario|unboost|Attack|[from] ability: Inner Focus|[of] p1b: Lucario\n|move|p1a: Amoonguss|Spore|p2a: Grimmsnarl\n|-status|p2a: Grimmsnarl|slp|[from] move: Spore\n|\n|-heal|p1a: Amoonguss|100\/100|[from] item: Leftovers\n|upkeep\n|turn|3\n|\n|t:|1700747870\n|-terastallize|p1b: Lucario|Normal\n|move|p2b: Krookodile|Protect|p2b: Krookodile\n|-singleturn|p2b: Krookodile|Protect\n|cant|p2a: Grimmsnarl|slp\n|move|p1b: Lucario|Swords Dance|p1b: Lucario\n|-boost|p1b: Lucario|atk|2\n|move|p1a: Amoonguss|Spore|p2b: Krookodile\n|-activate|p2b: Krookodile|move: Protect\n|\n|upkeep\n|turn|4\n|\n|t:|1700747892\n|-terastallize|p2b: Krookodile|Fighting\n|-curestatus|p2a: Grimmsnarl|slp|[msg]\n|move|p2a: Grimmsnarl|Parting Shot|p1b: Lucario\n|-unboost|p1b: Lucario|atk|1\n|-unboost|p1b: Lucario|spa|1\n|\n|t:|1700747900\n|switch|p2a: Persian|Persian-Alola, L50, F|100\/100|[from] Parting Shot\n|move|p2b: Krookodile|Close Combat|p1b: Lucario\n|-supereffective|p1b: Lucario\n|-crit|p1b: Lucario\n|-damage|p1b: Lucario|0 fnt\n|-unboost|p2b: Krookodile|def|1\n|-unboost|p2b: Krookodile|spd|1\n|faint|p1b: Lucario\n|move|p1a: Amoonguss|Spore|p2b: Krookodile\n|-status|p2b: Krookodile|slp|[from] move: Spore\n|\n|upkeep\n|\n|t:|1700747916\n|switch|p1b: Urshifu|Urshifu-Rapid-Strike, L50, M|100\/100\n|turn|5\n|inactive|Battle timer is ON: inactive players will automatically lose when time's up. (requested by Legend kayo4711)\n|\n|t:|1700747951\n|switch|p2b: Grimmsnarl|Grimmsnarl, L50, M|100\/100\n|move|p1b: Urshifu|Detect|p1b: Urshifu\n|-singleturn|p1b: Urshifu|Protect\n|move|p1a: Amoonguss|Protect|p1a: Amoonguss\n|-singleturn|p1a: Amoonguss|Protect\n|move|p2a: Persian|Fake Out|p1a: Amoonguss\n|-activate|p1a: Amoonguss|move: Protect\n|\n|upkeep\n|turn|6\n|inactive|noname2110lqmL has 30 seconds left.\n|\n|t:|1700747976\n|move|p2b: Grimmsnarl|Fake Out|p1a: Amoonguss\n|-damage|p1a: Amoonguss|91\/100\n|move|p1b: Urshifu|Close Combat|p2a: Persian\n|-supereffective|p2a: Persian\n|-damage|p2a: Persian|42\/100\n|-unboost|p1b: Urshifu|def|1\n|-unboost|p1b: Urshifu|spd|1\n|-enditem|p2a: Persian|Sitrus Berry|[eat]\n|-heal|p2a: Persian|67\/100|[from] item: Sitrus Berry\n|move|p2a: Persian|Foul Play|p1b: Urshifu\n|-resisted|p1b: Urshifu\n|-damage|p1b: Urshifu|62\/100\n|cant|p1a: Amoonguss|flinch\n|\n|-heal|p1a: Amoonguss|97\/100|[from] item: Leftovers\n|upkeep\n|turn|7\n|inactive|Legend kayo4711 has 30 seconds left.\n|inactive|noname2110lqmL has 30 seconds left.\n|inactive|Legend kayo4711 has 20 seconds left.\n|\n|t:|1700748013\n|switch|p1a: Chien-Pao|Chien-Pao, L50|100\/100\n|-ability|p1a: Chien-Pao|Sword of Ruin\n|move|p2b: Grimmsnarl|Parting Shot|p1b: Urshifu\n|-unboost|p1b: Urshifu|atk|1\n|-unboost|p1b: Urshifu|spa|1\n|\n|t:|1700748021\n|switch|p2b: Krookodile|Krookodile, L50, M, tera:Fighting|100\/100 slp|[from] Parting Shot\n|-ability|p2b: Krookodile|Intimidate|boost\n|-unboost|p1a: Chien-Pao|atk|1\n|-unboost|p1b: Urshifu|atk|1\n|move|p1b: Urshifu|Close Combat|p2a: Persian\n|-supereffective|p2a: Persian\n|-damage|p2a: Persian|30\/100\n|-unboost|p1b: Urshifu|def|1\n|-unboost|p1b: Urshifu|spd|1\n|move|p2a: Persian|Parting Shot|p1b: Urshifu\n|-unboost|p1b: Urshifu|atk|1\n|-unboost|p1b: Urshifu|spa|1\n|\n|t:|1700748035\n|switch|p2a: Grimmsnarl|Grimmsnarl, L50, M|100\/100|[from] Parting Shot\n|\n|upkeep\n|turn|8\n|\n|t:|1700748056\n|switch|p1b: Amoonguss|Amoonguss, L50, M|97\/100\n|move|p1a: Chien-Pao|Protect|p1a: Chien-Pao\n|-singleturn|p1a: Chien-Pao|Protect\n|move|p2a: Grimmsnarl|Fake Out|p1a: Chien-Pao\n|-activate|p1a: Chien-Pao|move: Protect\n|cant|p2b: Krookodile|slp\n|\n|-heal|p1b: Amoonguss|100\/100|[from] item: Leftovers\n|upkeep\n|turn|9\n|inactive|Legend kayo4711 has 30 seconds left.\n|inactive|Legend kayo4711 has 20 seconds left.\n|inactive|noname2110lqmL has 30 seconds left.\n|\n|t:|1700748096\n|switch|p2b: Persian|Persian-Alola, L50, F|30\/100\n|move|p1b: Amoonguss|Rage Powder|p1b: Amoonguss\n|-singleturn|p1b: Amoonguss|move: Rage Powder\n|move|p2a: Grimmsnarl|Parting Shot|p1b: Amoonguss\n|-unboost|p1b: Amoonguss|atk|1\n|-unboost|p1b: Amoonguss|spa|1\n|\n|t:|1700748105\n|switch|p2a: Krookodile|Krookodile, L50, M, tera:Fighting|100\/100 slp|[from] Parting Shot\n|-ability|p2a: Krookodile|Intimidate|boost\n|-unboost|p1a: Chien-Pao|atk|1\n|-unboost|p1b: Amoonguss|atk|1\n|move|p1a: Chien-Pao|Ice Spinner|p2a: Krookodile\n|-damage|p2a: Krookodile|78\/100 slp\n|\n|-heal|p2a: Krookodile|84\/100 slp|[from] item: Leftovers\n|-sideend|p2: noname2110lqmL|Reflect\n|upkeep\n|turn|10\n|\n|t:|1700748128\n|move|p1a: Chien-Pao|Protect|p1a: Chien-Pao\n|-singleturn|p1a: Chien-Pao|Protect\n|cant|p2a: Krookodile|slp\n|move|p2b: Persian|Fake Out|p1b: Amoonguss\n|-damage|p1b: Amoonguss|93\/100\n|-status|p2b: Persian|slp|[from] ability: Effect Spore|[of] p1b: Amoonguss\n|cant|p1b: Amoonguss|flinch\n|\n|-heal|p2a: Krookodile|89\/100 slp|[from] item: Leftovers\n|-heal|p1b: Amoonguss|99\/100|[from] item: Leftovers\n|upkeep\n|turn|11\n|\n|t:|1700748150\n|switch|p1b: Urshifu|Urshifu-Rapid-Strike, L50, M|62\/100\n|move|p1a: Chien-Pao|Haze|p1a: Chien-Pao\n|-clearallboost\n|cant|p2a: Krookodile|slp\n|cant|p2b: Persian|slp\n|\n|-heal|p2a: Krookodile|95\/100 slp|[from] item: Leftovers\n|upkeep\n|turn|12\n|\n|t:|1700748170\n|move|p1a: Chien-Pao|Ice Spinner|p2b: Persian\n|-damage|p2b: Persian|0 fnt\n|faint|p2b: Persian\n|move|p1b: Urshifu|Surging Strikes|p2a: Krookodile\n|-crit|p2a: Krookodile\n|-damage|p2a: Krookodile|56\/100 slp\n|-crit|p2a: Krookodile\n|-damage|p2a: Krookodile|17\/100 slp\n|-crit|p2a: Krookodile\n|-damage|p2a: Krookodile|0 fnt\n|faint|p2a: Krookodile\n|-hitcount|p2: Krookodile|3\n|\n|upkeep\n|\n|t:|1700748182\n|switch|p2a: Enamorus|Enamorus, L50, F|100\/100\n|switch|p2b: Grimmsnarl|Grimmsnarl, L50, M|100\/100\n|turn|13\n|inactive|noname2110lqmL has 30 seconds left.\n|\n|t:|1700748217\n|switch|p1a: Amoonguss|Amoonguss, L50, M|99\/100\n|move|p1b: Urshifu|Detect|p1b: Urshifu\n|-singleturn|p1b: Urshifu|Protect\n|move|p2b: Grimmsnarl|Reflect|p2b: Grimmsnarl\n|-sidestart|p2: noname2110lqmL|Reflect\n|move|p2a: Enamorus|Superpower|p1b: Urshifu\n|-activate|p1b: Urshifu|move: Protect\n|\n|-heal|p1a: Amoonguss|100\/100|[from] item: Leftovers\n|upkeep\n|turn|14\n|inactive|Legend kayo4711 has 30 seconds left.\n|\n|t:|1700748249\n|move|p1a: Amoonguss|Protect|p1a: Amoonguss\n|-singleturn|p1a: Amoonguss|Protect\n|move|p2b: Grimmsnarl|Parting Shot|p1b: Urshifu\n|-unboost|p1b: Urshifu|atk|1\n|-unboost|p1b: Urshifu|spa|1\n|move|p1b: Urshifu|Surging Strikes|p2b: Grimmsnarl\n|-crit|p2b: Grimmsnarl\n|-damage|p2b: Grimmsnarl|77\/100\n|-crit|p2b: Grimmsnarl\n|-damage|p2b: Grimmsnarl|52\/100\n|-crit|p2b: Grimmsnarl\n|-damage|p2b: Grimmsnarl|30\/100\n|-hitcount|p2b: Grimmsnarl|3\n|move|p2a: Enamorus|Superpower|p1a: Amoonguss\n|-activate|p1a: Amoonguss|move: Protect\n|\n|upkeep\n|turn|15\n|\n|t:|1700748272\n|move|p1b: Urshifu|Detect|p1b: Urshifu\n|-singleturn|p1b: Urshifu|Protect\n|move|p2b: Grimmsnarl|Parting Shot|p1b: Urshifu\n|-activate|p1b: Urshifu|move: Protect\n|move|p2a: Enamorus|Superpower|p1a: Amoonguss\n|-resisted|p1a: Amoonguss\n|-damage|p1a: Amoonguss|85\/100\n|-boost|p2a: Enamorus|atk|1\n|-boost|p2a: Enamorus|def|1\n|-status|p2a: Enamorus|par|[from] ability: Effect Spore|[of] p1a: Amoonguss\n|move|p1a: Amoonguss|Spore||[still]\n|-fail|p1a: Amoonguss\n|\n|-heal|p1a: Amoonguss|91\/100|[from] item: Leftovers\n|upkeep\n|turn|16\n|\n|t:|1700748296\n|move|p1a: Amoonguss|Rage Powder|p1a: Amoonguss\n|-singleturn|p1a: Amoonguss|move: Rage Powder\n|move|p2b: Grimmsnarl|Parting Shot|p1a: Amoonguss\n|-unboost|p1a: Amoonguss|atk|1\n|-unboost|p1a: Amoonguss|spa|1\n|move|p1b: Urshifu|Surging Strikes|p2b: Grimmsnarl\n|-crit|p2b: Grimmsnarl\n|-damage|p2b: Grimmsnarl|8\/100\n|-crit|p2b: Grimmsnarl\n|-damage|p2b: Grimmsnarl|0 fnt\n|faint|p2b: Grimmsnarl\n|-hitcount|p2: Grimmsnarl|2\n|cant|p2a: Enamorus|par\n|\n|-heal|p1a: Amoonguss|96\/100|[from] item: Leftovers\n|upkeep\n|turn|17\n|-message|noname2110lqmL forfeited.\n|\n|win|Legend kayo4711\n|raw|Legend kayo4711's rating: 1102 &rarr; <strong>1120<\/strong><br \/>(+18 for winning)\n|raw|noname2110lqmL's rating: 1000 &rarr; <strong>1000<\/strong><br \/>(+0 for losing)\n|l|\u2606noname2110lqmL\n","uploadtime":1700748319,"views":17,"p1id":"legendkayo4711","p2id":"noname2110lqml","formatid":"gen9vgc2023regulatione","rating":1000,"private":0,"password":""}