{"id":"gen9vgc2023regulatione-1993900045","p1":"Dannyzzin","p2":"KimiTheWeeb","format":"[Gen 9] VGC 2023 Regulation E","log":"|j|\u2606Dannyzzin\n|j|\u2606KimiTheWeeb\n|t:|1700372268\n|gametype|doubles\n|player|p1|Dannyzzin|265|1324\n|player|p2|KimiTheWeeb|maid|1412\n|teamsize|p1|6\n|teamsize|p2|6\n|gen|9\n|tier|[Gen 9] VGC 2023 Regulation E\n|rated|\n|rule|Species Clause: Limit one of each Pok\u00e9mon\n|rule|Item Clause: Limit one of each item\n|clearpoke\n|poke|p1|Torkoal, L50, M|\n|poke|p1|Flutter Mane, L50|\n|poke|p1|Indeedee-F, L50, F|\n|poke|p1|Chi-Yu, L50|\n|poke|p1|Urshifu-*, L50, M|\n|poke|p1|Dragapult, L50, F|\n|poke|p2|Landorus-Therian, L50, M|\n|poke|p2|Ogerpon, L50, F|\n|poke|p2|Iron Hands, L50|\n|poke|p2|Fezandipiti, L50, M|\n|poke|p2|Clefairy, L50, M|\n|poke|p2|Heatran, L50, M|\n|teampreview|4\n|inactive|Battle timer is ON: inactive players will automatically lose when time's up. (requested by Dannyzzin)\n|\n|t:|1700372285\n|start\n|switch|p1a: Flutter Mane|Flutter Mane, L50, shiny|100\/100\n|switch|p1b: Torkoal|Torkoal, L50, M, shiny|100\/100\n|switch|p2a: Fezandipiti|Fezandipiti, L50, M|100\/100\n|switch|p2b: Heatran|Heatran, L50, M|100\/100\n|-weather|SunnyDay|[from] ability: Drought|[of] p1b: Torkoal\n|-activate|p1a: Flutter Mane|ability: Protosynthesis\n|-start|p1a: Flutter Mane|protosynthesisspa\n|turn|1\n|inactive|Dannyzzin has 30 seconds left.\n|inactive|Dannyzzin has 20 seconds left.\n|inactive|Dannyzzin has 15 seconds left.\n|inactive|Dannyzzin has 10 seconds left.\n|inactive|Dannyzzin has 5 seconds left.\n|\n|t:|1700372339\n|-terastallize|p1a: Flutter Mane|Fairy\n|move|p1b: Torkoal|Helping Hand|p1a: Flutter Mane\n|-singleturn|p1a: Flutter Mane|Helping Hand|[of] p1b: Torkoal\n|move|p1a: Flutter Mane|Dazzling Gleam|p2a: Fezandipiti|[spread] p2a,p2b\n|-resisted|p2a: Fezandipiti\n|-resisted|p2b: Heatran\n|-damage|p2a: Fezandipiti|64\/100\n|-damage|p2b: Heatran|82\/100\n|move|p2a: Fezandipiti|Dazzling Gleam|p1b: Torkoal|[spread] p1a,p1b\n|-resisted|p1b: Torkoal\n|-damage|p1a: Flutter Mane|77\/100\n|-damage|p1b: Torkoal|90\/100\n|move|p2b: Heatran|Earth Power|p1b: Torkoal\n|-supereffective|p1b: Torkoal\n|-damage|p1b: Torkoal|24\/100\n|\n|-weather|SunnyDay|[upkeep]\n|-heal|p2b: Heatran|88\/100|[from] item: Leftovers\n|upkeep\n|turn|2\n|\n|t:|1700372362\n|move|p1a: Flutter Mane|Shadow Ball|p2b: Heatran\n|-damage|p2b: Heatran|33\/100\n|move|p2a: Fezandipiti|Icy Wind|p1a: Flutter Mane|[spread] p1a\n|-miss|p2a: Fezandipiti|p1b: Torkoal\n|-damage|p1a: Flutter Mane|66\/100\n|-unboost|p1a: Flutter Mane|spe|1\n|-status|p1a: Flutter Mane|tox|[from] ability: Toxic Chain|[of] p2a: Fezandipiti\n|move|p2b: Heatran|Flash Cannon|p1a: Flutter Mane\n|-supereffective|p1a: Flutter Mane\n|-damage|p1a: Flutter Mane|0 fnt\n|faint|p1a: Flutter Mane\n|-end|p1a: Flutter Mane|Protosynthesis|[silent]\n|move|p1b: Torkoal|Overheat|p2a: Fezandipiti\n|-damage|p2a: Fezandipiti|10\/100\n|-unboost|p1b: Torkoal|spa|2\n|-enditem|p1b: Torkoal|Eject Pack\n|\n|t:|1700372379\n|switch|p1b: Indeedee|Indeedee-F, L50, F|100\/100\n|-fieldstart|move: Psychic Terrain|[from] ability: Psychic Surge|[of] p1b: Indeedee\n|-enditem|p1b: Indeedee|Psychic Seed\n|-boost|p1b: Indeedee|spd|1|[from] item: Psychic Seed\n|\n|-weather|SunnyDay|[upkeep]\n|-heal|p2b: Heatran|39\/100|[from] item: Leftovers\n|upkeep\n|\n|t:|1700372387\n|switch|p1a: Chi-Yu|Chi-Yu, L50|100\/100\n|-ability|p1a: Chi-Yu|Beads of Ruin\n|turn|3\n|\n|t:|1700372400\n|move|p1b: Indeedee|Helping Hand|p1a: Chi-Yu\n|-singleturn|p1a: Chi-Yu|Helping Hand|[of] p1b: Indeedee\n|move|p1a: Chi-Yu|Snarl|p2a: Fezandipiti|[spread] p2a,p2b\n|-resisted|p2a: Fezandipiti\n|-damage|p2a: Fezandipiti|0 fnt\n|-damage|p2b: Heatran|0 fnt\n|faint|p2a: Fezandipiti\n|faint|p2b: Heatran\n|\n|-weather|SunnyDay|[upkeep]\n|upkeep\n|\n|t:|1700372410\n|switch|p2a: Ogerpon|Ogerpon, L50, F|100\/100\n|switch|p2b: Landorus|Landorus-Therian, L50, M|100\/100\n|-ability|p2b: Landorus|Intimidate|boost\n|-unboost|p1a: Chi-Yu|atk|1\n|-unboost|p1b: Indeedee|atk|1\n|turn|4\n|\n|t:|1700372423\n|move|p1b: Indeedee|Helping Hand|p1a: Chi-Yu\n|-singleturn|p1a: Chi-Yu|Helping Hand|[of] p1b: Indeedee\n|move|p2a: Ogerpon|Spiky Shield|p2a: Ogerpon\n|-singleturn|p2a: Ogerpon|move: Protect\n|move|p2b: Landorus|Rock Slide|p1b: Indeedee|[spread] p1a,p1b\n|-supereffective|p1a: Chi-Yu\n|-damage|p1a: Chi-Yu|25\/100\n|-damage|p1b: Indeedee|79\/100\n|move|p1a: Chi-Yu|Snarl|p2a: Ogerpon|[spread] p2b\n|-activate|p2a: Ogerpon|move: Protect\n|-damage|p2b: Landorus|28\/100\n|-unboost|p2b: Landorus|spa|1\n|\n|-weather|SunnyDay|[upkeep]\n|upkeep\n|turn|5\n|\n|t:|1700372445\n|switch|p1a: Torkoal|Torkoal, L50, M, shiny|24\/100\n|move|p2b: Landorus|Rock Slide|p1b: Indeedee|[spread] p1a,p1b\n|-supereffective|p1a: Torkoal\n|-damage|p1a: Torkoal|0 fnt\n|-damage|p1b: Indeedee|58\/100\n|faint|p1a: Torkoal\n|move|p2a: Ogerpon|Ivy Cudgel|p1b: Indeedee\n|-crit|p1b: Indeedee\n|-damage|p1b: Indeedee|0 fnt\n|faint|p1b: Indeedee\n|\n|-weather|none\n|upkeep\n|\n|t:|1700372458\n|switch|p1b: Chi-Yu|Chi-Yu, L50|25\/100\n|-ability|p1b: Chi-Yu|Beads of Ruin\n|turn|6\n|\n|t:|1700372468\n|-terastallize|p2a: Ogerpon|Grass\n|detailschange|p2a: Ogerpon|Ogerpon-Teal-Tera, L50, F, tera:Grass\n|-ability|p2a: Ogerpon|Embody Aspect (Teal)|boost\n|-boost|p2a: Ogerpon|spe|1\n|move|p2a: Ogerpon|Ivy Cudgel|p1b: Chi-Yu\n|-resisted|p1b: Chi-Yu\n|-damage|p1b: Chi-Yu|0 fnt\n|faint|p1b: Chi-Yu\n|\n|win|KimiTheWeeb\n|raw|Dannyzzin's rating: 1324 &rarr; <strong>1309<\/strong><br \/>(-15 for losing)\n|raw|KimiTheWeeb's rating: 1412 &rarr; <strong>1427<\/strong><br \/>(+15 for winning)\n|l|\u2606Dannyzzin\n","uploadtime":1700372490,"views":30,"p1id":"dannyzzin","p2id":"kimitheweeb","formatid":"gen9vgc2023regulatione","rating":1309,"private":0,"password":""}