{"id":"gen9vgc2023regulatione-1996448959","p1":"Chien-Meow","p2":"Rising-Damion","format":"[Gen 9] VGC 2023 Regulation E","log":"|j|\u2606Chien-Meow\n|j|\u2606Rising-Damion\n|t:|1700683046\n|gametype|doubles\n|player|p1|Chien-Meow|benga|\n|player|p2|Rising-Damion|169|\n|teamsize|p1|6\n|teamsize|p2|6\n|gen|9\n|tier|[Gen 9] VGC 2023 Regulation E\n|rule|Species Clause: Limit one of each Pok\u00e9mon\n|rule|Item Clause: Limit one of each item\n|clearpoke\n|poke|p1|Dragapult, L50, M|\n|poke|p1|Garganacl, L50, M|\n|poke|p1|Clefable, L50, F|\n|poke|p1|Palafin, L50, F|\n|poke|p1|Samurott-Hisui, L50, M|\n|poke|p1|Kingambit, L50, M|\n|poke|p2|Abomasnow, L50, F|\n|poke|p2|Cramorant, L50, M|\n|poke|p2|Coalossal, L50, F|\n|poke|p2|Golem-Alola, L50, M|\n|poke|p2|Froslass, L50, F|\n|poke|p2|Torterra, L50, M|\n|teampreview|4\n|c|\u2606Rising-Damion|Jetzt\n|c|\u2606Rising-Damion|GL HF\n|c|\u2606Chien-Meow|Have fun\nRising-Damion rejected open team sheets.\n|\n|t:|1700683169\n|start\n|switch|p1a: Hazardshuan|Samurott-Hisui, L50, M, shiny|100\/100\n|switch|p1b: Cancer.exe|Clefable, L50, F, shiny|100\/100\n|switch|p2a: Cramorant|Cramorant, L50, M|100\/100\n|switch|p2b: Coalossal|Coalossal, L50, F|100\/100\n|turn|1\n|\n|t:|1700683204\n|-terastallize|p2b: Coalossal|Water\n|move|p1b: Cancer.exe|Follow Me|p1b: Cancer.exe\n|-singleturn|p1b: Cancer.exe|move: Follow Me\n|move|p1a: Hazardshuan|Ceaseless Edge|p2b: Coalossal\n|-damage|p2b: Coalossal|71\/100\n|-sidestart|p2: Rising-Damion|Spikes\n|move|p2a: Cramorant|Surf|p1b: Cancer.exe|[spread] p2b,p1a,p1b\n|-formechange|p2a: Cramorant|Cramorant-Gulping|\n|-resisted|p2b: Coalossal\n|-resisted|p1a: Hazardshuan\n|-damage|p2b: Coalossal|59\/100\n|-damage|p1a: Hazardshuan|80\/100\n|-damage|p1b: Cancer.exe|80\/100\n|-ability|p2b: Coalossal|Steam Engine|boost\n|-boost|p2b: Coalossal|spe|6\n|-enditem|p2b: Coalossal|Absorb Bulb\n|-boost|p2b: Coalossal|spa|1|[from] item: Absorb Bulb\n|move|p2b: Coalossal|Scald|p1b: Cancer.exe\n|-damage|p1b: Cancer.exe|53\/100\n|\n|upkeep\n|turn|2\n|\n|t:|1700683236\n|move|p1b: Cancer.exe|Follow Me|p1b: Cancer.exe\n|-singleturn|p1b: Cancer.exe|move: Follow Me\n|move|p1a: Hazardshuan|Ceaseless Edge|p2b: Coalossal|[miss]\n|-miss|p1a: Hazardshuan|p2b: Coalossal\n|move|p2b: Coalossal|Earth Power|p1b: Cancer.exe\n|-damage|p1b: Cancer.exe|32\/100\n|move|p2a: Cramorant|Tailwind|p2a: Cramorant\n|-sidestart|p2: Rising-Damion|move: Tailwind\n|\n|upkeep\n|turn|3\n|\n|t:|1700683253\n|move|p1b: Cancer.exe|Follow Me|p1b: Cancer.exe\n|-singleturn|p1b: Cancer.exe|move: Follow Me\n|move|p2b: Coalossal|Scald|p1b: Cancer.exe\n|-damage|p1b: Cancer.exe|3\/100\n|move|p2a: Cramorant|Ice Beam|p1b: Cancer.exe\n|-damage|p1b: Cancer.exe|0 fnt\n|faint|p1b: Cancer.exe\n|move|p1a: Hazardshuan|Ceaseless Edge|p2b: Coalossal\n|-damage|p2b: Coalossal|29\/100\n|-sidestart|p2: Rising-Damion|Spikes\n|\n|upkeep\n|\n|t:|1700683268\n|switch|p1b: Bitte ein Bit|Kingambit, L50, M, shiny|100\/100\n|turn|4\n|\n|t:|1700683283\n|move|p1b: Bitte ein Bit|Sucker Punch|p2b: Coalossal\n|-damage|p2b: Coalossal|0 fnt\n|faint|p2b: Coalossal\n|move|p2a: Cramorant|Ice Beam|p1a: Hazardshuan\n|-resisted|p1a: Hazardshuan\n|-damage|p1a: Hazardshuan|62\/100\n|move|p1a: Hazardshuan|Ceaseless Edge|p2a: Cramorant\n|-damage|p2a: Cramorant|19\/100\n|-damage|p1a: Hazardshuan|38\/100|[from] ability: Gulp Missile|[of] p2a: Cramorant\n|-unboost|p1a: Hazardshuan|def|1\n|-formechange|p2a: Cramorant|Cramorant|\n|-sidestart|p2: Rising-Damion|Spikes\n|\n|upkeep\n|\n|t:|1700683296\n|switch|p2b: Abomasnow|Abomasnow, L50, F|100\/100\n|-damage|p2b: Abomasnow|76\/100|[from] Spikes\n|-weather|Snow|[from] ability: Snow Warning|[of] p2b: Abomasnow\n|turn|5\n|\n|t:|1700683308\n|move|p1b: Bitte ein Bit|Sucker Punch|p2a: Cramorant\n|-damage|p2a: Cramorant|0 fnt\n|faint|p2a: Cramorant\n|move|p1a: Hazardshuan|Ceaseless Edge|p2b: Abomasnow\n|-damage|p2b: Abomasnow|38\/100\n|-damage|p1a: Hazardshuan|21\/100|[from] item: Rocky Helmet|[of] p2b: Abomasnow\n|move|p2b: Abomasnow|Aurora Veil|p2b: Abomasnow\n|-sidestart|p2: Rising-Damion|move: Aurora Veil\n|\n|-weather|Snow|[upkeep]\n|-sideend|p2: Rising-Damion|move: Tailwind\n|upkeep\n|\n|t:|1700683311\n|switch|p2a: Froslass|Froslass, L50, F|100\/100\n|-damage|p2a: Froslass|76\/100|[from] Spikes\n|turn|6\n|\n|t:|1700683333\n|move|p1b: Bitte ein Bit|Sucker Punch||[still]\n|-fail|p1b: Bitte ein Bit\n|move|p1a: Hazardshuan|Ceaseless Edge|p2b: Abomasnow\n|-damage|p2b: Abomasnow|12\/100\n|-damage|p1a: Hazardshuan|5\/100|[from] item: Rocky Helmet|[of] p2b: Abomasnow\n|move|p2a: Froslass|Trick|p1b: Bitte ein Bit\n|-activate|p2a: Froslass|move: Trick|[of] p1b: Bitte ein Bit\n|-item|p1b: Bitte ein Bit|Choice Specs|[from] move: Trick\n|-item|p2a: Froslass|Black Glasses|[from] move: Trick\n|move|p2b: Abomasnow|Blizzard|p1a: Hazardshuan|[spread] p1a,p1b\n|-resisted|p1a: Hazardshuan\n|-resisted|p1b: Bitte ein Bit\n|-damage|p1a: Hazardshuan|0 fnt\n|-damage|p1b: Bitte ein Bit|80\/100\n|faint|p1a: Hazardshuan\n|\n|-weather|Snow|[upkeep]\n|upkeep\n|\n|t:|1700683343\n|switch|p1a: W\u00fcrgdieG\u00fcrk|Dragapult, L50, M|100\/100\n|turn|7\n|c|\u2606Rising-Damion|Gg\n|\n|t:|1700683372\n|move|p1b: Bitte ein Bit|Sucker Punch|p2a: Froslass\n|-supereffective|p2a: Froslass\n|-damage|p2a: Froslass|12\/100\n|move|p1a: W\u00fcrgdieG\u00fcrk|Dragon Darts|p2b: Abomasnow\n|-damage|p2b: Abomasnow|0 fnt\n|-anim|p1a: W\u00fcrgdieG\u00fcrk|Dragon Darts|p2a: Froslass\n|-damage|p2a: Froslass|0 fnt\n|faint|p2b: Abomasnow\n|faint|p2a: Froslass\n|-damage|p1a: W\u00fcrgdieG\u00fcrk|91\/100|[from] item: Life Orb\n|\n|win|Chien-Meow\n|c|\u2606Chien-Meow|ggs\n","uploadtime":1700683384,"views":0,"p1id":"chienmeow","p2id":"risingdamion","formatid":"gen9vgc2023regulatione","rating":0,"private":0,"password":""}