{"id":"gen9vgc2023regulatione-1990982993","p1":"DeAndreRicketts","p2":"theejake","format":"[Gen 9] VGC 2023 Regulation E","log":"|j|\u2606DeAndreRicketts\n|j|\u2606theejake\n|t:|1700023153\n|gametype|doubles\n|player|p1|DeAndreRicketts|101|1085\n|player|p2|theejake|266|1141\n|teamsize|p1|6\n|teamsize|p2|6\n|gen|9\n|tier|[Gen 9] VGC 2023 Regulation E\n|rated|\n|rule|Species Clause: Limit one of each Pok\u00e9mon\n|rule|Item Clause: Limit one of each item\n|clearpoke\n|poke|p1|Weezing, L50, F|\n|poke|p1|Roaring Moon, L50|\n|poke|p1|Ursaluna-Bloodmoon, L50, M|\n|poke|p1|Dusclops, L50, M|\n|poke|p1|Dondozo, L50, M|\n|poke|p1|Tatsugiri, L50, F|\n|poke|p2|Ogerpon-Wellspring, L50, F|\n|poke|p2|Iron Hands, L50|\n|poke|p2|Flutter Mane, L50|\n|poke|p2|Tornadus, L50, M|\n|poke|p2|Weezing, L50, M|\n|poke|p2|Landorus-Therian, L50, M|\n|teampreview|4\n|\n|t:|1700023185\n|start\n|switch|p1a: Dusclops|Dusclops, L50, M|100\/100\n|switch|p1b: Ursaluna|Ursaluna-Bloodmoon, L50, M|100\/100\n|switch|p2a: Ogerpon|Ogerpon-Wellspring, L50, F|100\/100\n|switch|p2b: Iron Hands|Iron Hands, L50|100\/100\n|-ability|p1a: Dusclops|Pressure\n|turn|1\n|\n|t:|1700023207\n|-terastallize|p2a: Ogerpon|Water\n|detailschange|p2a: Ogerpon|Ogerpon-Wellspring-Tera, L50, F, tera:Water\n|-ability|p2a: Ogerpon|Embody Aspect (Wellspring)|boost\n|-boost|p2a: Ogerpon|spd|1\n|move|p1b: Ursaluna|Protect|p1b: Ursaluna\n|-singleturn|p1b: Ursaluna|Protect\n|move|p2b: Iron Hands|Fake Out|p1b: Ursaluna\n|-activate|p1b: Ursaluna|move: Protect\n|move|p2a: Ogerpon|Ivy Cudgel|p1b: Ursaluna|[anim] Ivy Cudgel Water\n|-activate|p1b: Ursaluna|move: Protect\n|move|p1a: Dusclops|Trick Room|p1a: Dusclops\n|-fieldstart|move: Trick Room|[of] p1a: Dusclops\n|\n|upkeep\n|turn|2\n|\n|t:|1700023256\n|-end|p2b: Iron Hands|Quark Drive|[silent]\n|switch|p2b: Landorus|Landorus-Therian, L50, M|100\/100\n|-ability|p2b: Landorus|Intimidate|boost\n|-unboost|p1a: Dusclops|atk|1\n|-unboost|p1b: Ursaluna|atk|1\n|-terastallize|p1b: Ursaluna|Normal\n|move|p1a: Dusclops|Brick Break|p1b: Ursaluna\n|-supereffective|p1b: Ursaluna\n|-damage|p1b: Ursaluna|87\/100\n|-enditem|p1b: Ursaluna|Weakness Policy\n|-boost|p1b: Ursaluna|atk|2|[from] item: Weakness Policy\n|-boost|p1b: Ursaluna|spa|2|[from] item: Weakness Policy\n|move|p1b: Ursaluna|Hyper Voice|p2b: Landorus|[spread] p2a,p2b\n|-damage|p2a: Ogerpon|22\/100\n|-damage|p2b: Landorus|0 fnt\n|faint|p2b: Landorus\n|move|p2a: Ogerpon|Ivy Cudgel|p1b: Ursaluna|[anim] Ivy Cudgel Water\n|-damage|p1b: Ursaluna|21\/100\n|\n|upkeep\n|\n|t:|1700023274\n|switch|p2b: Iron Hands|Iron Hands, L50|100\/100\n|turn|3\n|\n|t:|1700023282\n|move|p1b: Ursaluna|Protect|p1b: Ursaluna\n|-singleturn|p1b: Ursaluna|Protect\n|move|p2a: Ogerpon|Spiky Shield|p2a: Ogerpon\n|-singleturn|p2a: Ogerpon|move: Protect\n|move|p2b: Iron Hands|Fake Out|p1b: Ursaluna\n|-activate|p1b: Ursaluna|move: Protect\n|move|p1a: Dusclops|Will-O-Wisp|p2b: Iron Hands\n|-status|p2b: Iron Hands|brn\n|\n|-damage|p2b: Iron Hands|94\/100 brn|[from] brn\n|upkeep\n|turn|4\n|\n|t:|1700023301\n|switch|p2a: Weezing|Weezing, L50, M|100\/100\n|-ability|p2a: Weezing|Neutralizing Gas\n|move|p1a: Dusclops|Will-O-Wisp|p2a: Weezing|[miss]\n|-miss|p1a: Dusclops|p2a: Weezing\n|move|p1b: Ursaluna|Hyper Voice|p2b: Iron Hands|[spread] p2a,p2b\n|-damage|p2a: Weezing|0 fnt\n|-damage|p2b: Iron Hands|39\/100 brn\n|faint|p2a: Weezing\n|-end|p2a: Weezing|ability: Neutralizing Gas\n|-ability|p1a: Dusclops|Pressure\n|move|p2b: Iron Hands|Drain Punch|p1b: Ursaluna\n|-supereffective|p1b: Ursaluna\n|-damage|p1b: Ursaluna|0 fnt\n|-heal|p2b: Iron Hands|49\/100 brn|[from] drain|[of] p1b: Ursaluna\n|faint|p1b: Ursaluna\n|\n|-damage|p2b: Iron Hands|42\/100 brn|[from] brn\n|upkeep\n|\n|t:|1700023320\n|switch|p1b: Dondozo|Dondozo, L50, M|100\/100\n|switch|p2a: Ogerpon|Ogerpon-Wellspring-Tera, L50, F, tera:Water|22\/100\n|-ability|p2a: Ogerpon|Embody Aspect (Wellspring)|boost\n|-boost|p2a: Ogerpon|spd|1\n|turn|5\n|\n|t:|1700023342\n|switch|p1a: Tatsugiri|Tatsugiri, L50, F|100\/100\n|-activate|p1a: Tatsugiri|ability: Commander|[of] p1b: Dondozo\n|-boost|p1b: Dondozo|atk|2\n|-boost|p1b: Dondozo|spa|2\n|-boost|p1b: Dondozo|spe|2\n|-boost|p1b: Dondozo|def|2\n|-boost|p1b: Dondozo|spd|2\n|move|p1b: Dondozo|Protect|p1b: Dondozo\n|-singleturn|p1b: Dondozo|Protect\n|move|p2a: Ogerpon|Spiky Shield|p2a: Ogerpon\n|-singleturn|p2a: Ogerpon|move: Protect\n|move|p2b: Iron Hands|Wild Charge|p1b: Dondozo\n|-activate|p1b: Dondozo|move: Protect\n|\n|-damage|p2b: Iron Hands|36\/100 brn|[from] brn\n|-fieldend|move: Trick Room\n|upkeep\n|turn|6\n|\n|t:|1700023358\n|move|p2a: Ogerpon|Horn Leech|p1b: Dondozo\n|-supereffective|p1b: Dondozo\n|-damage|p1b: Dondozo|67\/100\n|-heal|p2a: Ogerpon|49\/100|[from] drain|[of] p1b: Dondozo\n|move|p1b: Dondozo|Earthquake|p2b: Iron Hands|[spread] p2a,p2b\n|-miss|p1b: Dondozo|p1a: Tatsugiri\n|-supereffective|p2b: Iron Hands\n|-damage|p2a: Ogerpon|0 fnt\n|-damage|p2b: Iron Hands|0 fnt\n|faint|p2a: Ogerpon\n|faint|p2b: Iron Hands\n|-end|p2b: Iron Hands|Quark Drive|[silent]\n|\n|win|DeAndreRicketts\n|raw|DeAndreRicketts's rating: 1085 &rarr; <strong>1117<\/strong><br \/>(+32 for winning)\n|raw|theejake's rating: 1141 &rarr; <strong>1112<\/strong><br \/>(-29 for losing)\n","uploadtime":1700023373,"views":8,"p1id":"deandrericketts","p2id":"theejake","formatid":"gen9vgc2023regulatione","rating":1112,"private":0,"password":""}