{"id":"gen9vgc2023regulatione-1999832896","p1":"Kzjkzkzj","p2":"ShadowCSecret1","format":"[Gen 9] VGC 2023 Regulation E","log":"|j|\u2606Kzjkzkzj\n|j|\u2606ShadowCSecret1\n|t:|1701120952\n|gametype|doubles\n|player|p1|Kzjkzkzj|lance|1090\n|player|p2|ShadowCSecret1|2|1046\n|teamsize|p1|6\n|teamsize|p2|6\n|gen|9\n|tier|[Gen 9] VGC 2023 Regulation E\n|rated|\n|rule|Species Clause: Limit one of each Pok\u00e9mon\n|rule|Item Clause: Limit one of each item\n|clearpoke\n|poke|p1|Flutter Mane, L50|\n|poke|p1|Tornadus, L50, M|\n|poke|p1|Rillaboom, L50, M|\n|poke|p1|Garganacl, L50, F|\n|poke|p1|Arcanine-Hisui, L50, M|\n|poke|p1|Chien-Pao, L50|\n|poke|p2|Arcanine, L50, M|\n|poke|p2|Gholdengo, L50|\n|poke|p2|Meowscarada, L50, F|\n|poke|p2|Iron Bundle, L50|\n|poke|p2|Palafin, L50, M|\n|poke|p2|Conkeldurr, L50, F|\n|teampreview|4\n|inactive|Battle timer is ON: inactive players will automatically lose when time's up. (requested by Kzjkzkzj)\n|\n|t:|1701120980\n|start\n|switch|p1a: Tornadus|Tornadus, L50, M|100\/100\n|switch|p1b: Garganacl|Garganacl, L50, F|100\/100\n|switch|p2a: Palafin|Palafin, L50, M|100\/100\n|switch|p2b: Conkeldurr|Conkeldurr, L50, F|100\/100\n|turn|1\n|\n|t:|1701120997\n|-terastallize|p1b: Garganacl|Ghost\n|move|p2a: Palafin|Liquidation|p1b: Garganacl\n|-damage|p1b: Garganacl|77\/100\n|-unboost|p1b: Garganacl|def|1\n|move|p1a: Tornadus|Bleakwind Storm|p2a: Palafin|[spread] p2a,p2b\n|-supereffective|p2b: Conkeldurr\n|-damage|p2a: Palafin|59\/100\n|-damage|p2b: Conkeldurr|45\/100\n|-unboost|p2b: Conkeldurr|spe|1\n|-enditem|p2a: Palafin|Eject Button\n|\n|t:|1701121010\n|detailschange|p2a: Palafin|Palafin-Hero, L50, M\n|switch|p2a: Iron Bundle|Iron Bundle, L50|100\/100\n|move|p1b: Garganacl|Salt Cure|p2a: Iron Bundle\n|-supereffective|p2a: Iron Bundle\n|-damage|p2a: Iron Bundle|71\/100\n|-start|p2a: Iron Bundle|Salt Cure\n|move|p2b: Conkeldurr|Close Combat|p1b: Garganacl\n|-immune|p1b: Garganacl\n|\n|-damage|p2a: Iron Bundle|46\/100|[from] Salt Cure\n|upkeep\n|turn|2\n|\n|t:|1701121030\n|move|p2b: Conkeldurr|Detect|p2b: Conkeldurr\n|-singleturn|p2b: Conkeldurr|Protect\n|move|p1a: Tornadus|Tailwind|p1a: Tornadus\n|-sidestart|p1: Kzjkzkzj|move: Tailwind\n|move|p2a: Iron Bundle|Freeze-Dry|p1a: Tornadus\n|-supereffective|p1a: Tornadus\n|-damage|p1a: Tornadus|41\/100\n|move|p1b: Garganacl|Iron Defense|p1b: Garganacl\n|-boost|p1b: Garganacl|def|2\n|\n|-damage|p2a: Iron Bundle|21\/100|[from] Salt Cure\n|upkeep\n|turn|3\n|\n|t:|1701121048\n|move|p1a: Tornadus|Bleakwind Storm|p2a: Iron Bundle|[spread] p2a\n|-miss|p1a: Tornadus|p2b: Conkeldurr\n|-damage|p2a: Iron Bundle|0 fnt\n|faint|p2a: Iron Bundle\n|-end|p2a: Iron Bundle|Quark Drive|[silent]\n|move|p1b: Garganacl|Salt Cure|p2b: Conkeldurr\n|-resisted|p2b: Conkeldurr\n|-damage|p2b: Conkeldurr|39\/100\n|-start|p2b: Conkeldurr|Salt Cure\n|move|p2b: Conkeldurr|High Horsepower|p1b: Garganacl\n|-damage|p1b: Garganacl|62\/100\n|\n|-damage|p2b: Conkeldurr|26\/100|[from] Salt Cure\n|upkeep\n|\n|t:|1701121072\n|switch|p2a: Arcanine|Arcanine, L50, M|100\/100\n|-ability|p2a: Arcanine|Intimidate|boost\n|-unboost|p1a: Tornadus|atk|1\n|-unboost|p1b: Garganacl|atk|1\n|turn|4\n|inactive|ShadowCSecret1 has 30 seconds left.\n|\n|t:|1701121099\n|switch|p1a: Arcanine|Arcanine-Hisui, L50, M|100\/100\n|-ability|p1a: Arcanine|Intimidate|boost\n|-unboost|p2a: Arcanine|atk|1\n|-unboost|p2b: Conkeldurr|atk|1\n|-terastallize|p2a: Arcanine|Dark\n|move|p2a: Arcanine|Flare Blitz|p1b: Garganacl\n|-damage|p1b: Garganacl|44\/100\n|-enditem|p1b: Garganacl|Sitrus Berry|[eat]\n|-heal|p1b: Garganacl|69\/100|[from] item: Sitrus Berry\n|-damage|p2a: Arcanine|94\/100|[from] Recoil\n|move|p1b: Garganacl|Iron Defense|p1b: Garganacl\n|-boost|p1b: Garganacl|def|2\n|move|p2b: Conkeldurr|Fire Punch|p1b: Garganacl\n|-damage|p1b: Garganacl|63\/100\n|\n|-damage|p2b: Conkeldurr|14\/100|[from] Salt Cure\n|upkeep\n|turn|5\n|-message|ShadowCSecret1 forfeited.\n|\n|win|Kzjkzkzj\n|raw|Kzjkzkzj's rating: 1090 &rarr; <strong>1113<\/strong><br \/>(+23 for winning)\n|raw|ShadowCSecret1's rating: 1046 &rarr; <strong>1031<\/strong><br \/>(-15 for losing)\n|l|\u2606ShadowCSecret1\n","uploadtime":1701121120,"views":1,"p1id":"kzjkzkzj","p2id":"shadowcsecret1","formatid":"gen9vgc2023regulatione","rating":1031,"private":0,"password":""}