{"id":"gen9vgc2023regulatione-1995884356","p1":"titaniumjew","p2":"Krazyk7","format":"[Gen 9] VGC 2023 Regulation E","log":"|j|\u2606titaniumjew\n|j|\u2606Krazyk7\n|t:|1700613394\n|gametype|doubles\n|player|p1|titaniumjew|2|1281\n|player|p2|Krazyk7|dancer|1247\n|teamsize|p1|6\n|teamsize|p2|6\n|gen|9\n|tier|[Gen 9] VGC 2023 Regulation E\n|rated|\n|rule|Species Clause: Limit one of each Pok\u00e9mon\n|rule|Item Clause: Limit one of each item\n|clearpoke\n|poke|p1|Staraptor, L50, F|\n|poke|p1|Urshifu-*, L50, F|\n|poke|p1|Farigiraf, L50, M|\n|poke|p1|Ursaluna, L50, F|\n|poke|p1|Scream Tail, L50|\n|poke|p1|Torkoal, L50, M|\n|poke|p2|Politoed, L50, F|\n|poke|p2|Ogerpon-Hearthflame, L50, F|\n|poke|p2|Urshifu-*, L50, M|\n|poke|p2|Landorus-Therian, L50, M|\n|poke|p2|Tornadus, L50, M|\n|poke|p2|Iron Bundle, L50|\n|teampreview|4\n|inactive|Battle timer is ON: inactive players will automatically lose when time's up. (requested by titaniumjew)\nKrazyk7 has agreed to open team sheets.\n|c|\u2606Krazyk7|Glhf\n|inactive|Krazyk7 has 60 seconds left.\n|\n|t:|1700613433\n|start\n|switch|p1a: Farigiraf|Farigiraf, L50, M|100\/100\n|switch|p1b: Scream Tail|Scream Tail, L50|100\/100\n|switch|p2a: Landorus|Landorus-Therian, L50, M|100\/100\n|switch|p2b: Iron Bundle|Iron Bundle, L50|100\/100\n|-ability|p2a: Landorus|Intimidate|boost\n|-unboost|p1a: Farigiraf|atk|1\n|-unboost|p1b: Scream Tail|atk|1\n|-enditem|p2b: Iron Bundle|Booster Energy\n|-activate|p2b: Iron Bundle|ability: Quark Drive|[fromitem]\n|-start|p2b: Iron Bundle|quarkdrivespe\n|turn|1\n|inactive|Krazyk7 has 30 seconds left.\n|inactive|Krazyk7 has 20 seconds left.\n|inactive|Krazyk7 has 15 seconds left.\n|inactive|Krazyk7 has 10 seconds left.\n|\n|t:|1700613482\n|move|p2b: Iron Bundle|Hydro Pump|p1b: Scream Tail\n|-damage|p1b: Scream Tail|66\/100\n|move|p2a: Landorus|Taunt|p1a: Farigiraf\n|-start|p1a: Farigiraf|move: Taunt\n|cant|p1a: Farigiraf|move: Taunt|Nasty Plot\n|move|p1b: Scream Tail|Trick Room|p1b: Scream Tail\n|-fieldstart|move: Trick Room|[of] p1b: Scream Tail\n|\n|upkeep\n|turn|2\n|inactive|titaniumjew has 30 seconds left.\n|inactive|Krazyk7 has 30 seconds left.\n|inactive|Krazyk7 has 20 seconds left.\n|\n|t:|1700613519\n|switch|p1a: Torkoal|Torkoal, L50, M|100\/100\n|-weather|SunnyDay|[from] ability: Drought|[of] p1a: Torkoal\n|-activate|p1b: Scream Tail|ability: Protosynthesis\n|-start|p1b: Scream Tail|protosynthesisspd\n|move|p1b: Scream Tail|Encore|p2a: Landorus\n|-start|p2a: Landorus|Encore\n|move|p2a: Landorus|Taunt|p1b: Scream Tail\n|-start|p1b: Scream Tail|move: Taunt\n|move|p2b: Iron Bundle|Hydro Pump|p1b: Scream Tail\n|-damage|p1b: Scream Tail|55\/100\n|\n|-weather|SunnyDay|[upkeep]\n|upkeep\n|turn|3\n|inactive|Krazyk7 has 30 seconds left.\n|\n|t:|1700613549\n|-end|p1b: Scream Tail|Protosynthesis|[silent]\n|switch|p1b: Farigiraf|Farigiraf, L50, M|100\/100\n|switch|p2a: Politoed|Politoed, L50, F|100\/100\n|-weather|RainDance|[from] ability: Drizzle|[of] p2a: Politoed\n|-terastallize|p1a: Torkoal|Fire\n|move|p2b: Iron Bundle|Protect|p2b: Iron Bundle\n|-singleturn|p2b: Iron Bundle|Protect\n|move|p1a: Torkoal|Eruption|p2b: Iron Bundle|[spread] p2a\n|-activate|p2b: Iron Bundle|move: Protect\n|-resisted|p2a: Politoed\n|-damage|p2a: Politoed|89\/100\n|\n|-weather|RainDance|[upkeep]\n|upkeep\n|turn|4\n|inactive|Krazyk7 has 30 seconds left.\n|inactive|Krazyk7 has 20 seconds left.\n|\n|t:|1700613587\n|switch|p1a: Scream Tail|Scream Tail, L50|55\/100\n|-end|p2b: Iron Bundle|Quark Drive|[silent]\n|switch|p2b: Landorus|Landorus-Therian, L50, M|100\/100\n|-ability|p2b: Landorus|Intimidate|boost\n|-unboost|p1a: Scream Tail|atk|1\n|-unboost|p1b: Farigiraf|atk|1\n|move|p1b: Farigiraf|Nasty Plot|p1b: Farigiraf\n|-boost|p1b: Farigiraf|spa|2\n|move|p2a: Politoed|Muddy Water|p1b: Farigiraf|[spread] p1b\n|-miss|p2a: Politoed|p1a: Scream Tail\n|-damage|p1b: Farigiraf|72\/100\n|-unboost|p1b: Farigiraf|accuracy|1\n|\n|-weather|RainDance|[upkeep]\n|upkeep\n|turn|5\n|inactive|titaniumjew has 30 seconds left.\n|inactive|Krazyk7 has 30 seconds left.\n|inactive|titaniumjew has 20 seconds left.\n|inactive|Krazyk7 has 20 seconds left.\n|inactive|titaniumjew has 15 seconds left.\n|\n|t:|1700613632\n|move|p1a: Scream Tail|Helping Hand|p1b: Farigiraf\n|-singleturn|p1b: Farigiraf|Helping Hand|[of] p1a: Scream Tail\n|move|p1b: Farigiraf|Psychic|p2a: Politoed\n|-damage|p2a: Politoed|19\/100\n|-enditem|p2a: Politoed|Sitrus Berry|[eat]\n|-heal|p2a: Politoed|44\/100|[from] item: Sitrus Berry\n|move|p2a: Politoed|Muddy Water|p1b: Farigiraf|[spread] p1a,p1b\n|-damage|p1a: Scream Tail|35\/100\n|-damage|p1b: Farigiraf|46\/100\n|move|p2b: Landorus|Taunt|p1a: Scream Tail\n|-start|p1a: Scream Tail|move: Taunt\n|\n|-weather|RainDance|[upkeep]\n|-fieldend|move: Trick Room\n|upkeep\n|turn|6\n|\n|t:|1700613656\n|move|p2a: Politoed|Helping Hand|p2b: Landorus\n|-singleturn|p2b: Landorus|Helping Hand|[of] p2a: Politoed\n|move|p2b: Landorus|U-turn|p1b: Farigiraf\n|-supereffective|p1b: Farigiraf\n|-damage|p1b: Farigiraf|0 fnt\n|faint|p1b: Farigiraf\n|-damage|p2b: Landorus|91\/100|[from] item: Life Orb\n|\n|t:|1700613664\n|switch|p2b: Iron Bundle|Iron Bundle, L50|100\/100|[from] U-turn\n|move|p1a: Scream Tail|Dazzling Gleam|p2b: Iron Bundle|[spread] p2a,p2b\n|-damage|p2a: Politoed|34\/100\n|-damage|p2b: Iron Bundle|71\/100\n|\n|-weather|RainDance|[upkeep]\n|upkeep\n|\n|t:|1700613687\n|switch|p1b: Torkoal|Torkoal, L50, M, tera:Fire|100\/100\n|-weather|SunnyDay|[from] ability: Drought|[of] p1b: Torkoal\n|-activate|p1a: Scream Tail|ability: Protosynthesis\n|-start|p1a: Scream Tail|protosynthesisspd\n|turn|7\n|\n|t:|1700613703\n|move|p2a: Politoed|Helping Hand|p2b: Iron Bundle\n|-singleturn|p2b: Iron Bundle|Helping Hand|[of] p2a: Politoed\n|move|p2b: Iron Bundle|Hydro Pump|p1b: Torkoal\n|-supereffective|p1b: Torkoal\n|-damage|p1b: Torkoal|0 fnt\n|faint|p1b: Torkoal\n|move|p1a: Scream Tail|Dazzling Gleam|p2b: Iron Bundle|[spread] p2a,p2b\n|-damage|p2a: Politoed|24\/100\n|-damage|p2b: Iron Bundle|42\/100\n|\n|-weather|SunnyDay|[upkeep]\n|upkeep\n|-message|titaniumjew forfeited.\n|\n|win|Krazyk7\n|raw|titaniumjew's rating: 1281 &rarr; <strong>1254<\/strong><br \/>(-27 for losing)\n|raw|Krazyk7's rating: 1247 &rarr; <strong>1274<\/strong><br \/>(+27 for winning)\n|l|\u2606titaniumjew\n","uploadtime":1700613720,"views":5,"p1id":"titaniumjew","p2id":"krazyk7","formatid":"gen9vgc2023regulatione","rating":1254,"private":0,"password":""}