{"id":"gen9vgc2023regulatione-1996779697","p1":"Felip_Obi","p2":"Capito14","format":"[Gen 9] VGC 2023 Regulation E","log":"|j|\u2606Felip_Obi\n|j|\u2606Capito14\n|t:|1700724005\n|gametype|doubles\n|player|p1|Felip_Obi|hilbert|1385\n|player|p2|Capito14|170|1371\n|teamsize|p1|6\n|teamsize|p2|6\n|gen|9\n|tier|[Gen 9] VGC 2023 Regulation E\n|rated|\n|rule|Species Clause: Limit one of each Pok\u00e9mon\n|rule|Item Clause: Limit one of each item\n|clearpoke\n|poke|p1|Clefable, L50, F|\n|poke|p1|Murkrow, L50, F|\n|poke|p1|Quaquaval, L50, M|\n|poke|p1|Gholdengo, L50|\n|poke|p1|Dragonite, L50, M|\n|poke|p1|Regidrago, L50|\n|poke|p2|Tornadus, L50, M|\n|poke|p2|Arcanine-Hisui, L50, M|\n|poke|p2|Iron Hands, L50|\n|poke|p2|Gholdengo, L50|\n|poke|p2|Urshifu-*, L50, M|\n|poke|p2|Ogerpon-Wellspring, L50, F|\n|teampreview|4\n|l|\u2606Capito14\n|player|p2|\n|j|\u2606Capito14\n|player|p2|Capito14|170\n|inactive|Battle timer is ON: inactive players will automatically lose when time's up. (requested by Felip_Obi)\n|\n|t:|1700724056\n|start\n|switch|p1a: Murkrow|Murkrow, L50, F|100\/100\n|switch|p1b: Regidrago|Regidrago, L50|100\/100\n|switch|p2a: Tornadus|Tornadus, L50, M|100\/100\n|switch|p2b: Arcanine|Arcanine-Hisui, L50, M|100\/100\n|-ability|p2b: Arcanine|Intimidate|boost\n|-unboost|p1a: Murkrow|atk|1\n|-unboost|p1b: Regidrago|atk|1\n|turn|1\n|inactive|Felip_Obi has 30 seconds left.\n|\n|t:|1700724086\n|switch|p1b: Clefable|Clefable, L50, F|100\/100\n|-terastallize|p2b: Arcanine|Fairy\n|move|p1a: Murkrow|Taunt|p2a: Tornadus\n|-start|p2a: Tornadus|move: Taunt\n|cant|p2a: Tornadus|move: Taunt|Tailwind\n|move|p2b: Arcanine|Rock Slide|p1a: Murkrow|[spread] p1a,p1b\n|-supereffective|p1a: Murkrow\n|-damage|p1a: Murkrow|0 fnt\n|-damage|p1b: Clefable|66\/100\n|faint|p1a: Murkrow\n|\n|upkeep\n|\n|t:|1700724102\n|switch|p1a: Gholdengo|Gholdengo, L50|100\/100\n|turn|2\n|\n|t:|1700724115\n|switch|p2b: Iron Hands|Iron Hands, L50|100\/100\n|move|p1b: Clefable|Follow Me|p1b: Clefable\n|-singleturn|p1b: Clefable|move: Follow Me\n|move|p2a: Tornadus|Bleakwind Storm|p1b: Clefable|[spread] p1a,p1b\n|-resisted|p1a: Gholdengo\n|-damage|p1a: Gholdengo|86\/100\n|-damage|p1b: Clefable|38\/100\n|move|p1a: Gholdengo|Make It Rain|p2a: Tornadus|[spread] p2a,p2b\n|-resisted|p2b: Iron Hands\n|-damage|p2a: Tornadus|58\/100\n|-damage|p2b: Iron Hands|88\/100\n|-unboost|p1a: Gholdengo|spa|1\n|\n|-heal|p1a: Gholdengo|92\/100|[from] item: Leftovers\n|upkeep\n|turn|3\n|\n|t:|1700724134\n|switch|p2a: Gholdengo|Gholdengo, L50|100\/100\n|move|p1b: Clefable|Protect|p1b: Clefable\n|-singleturn|p1b: Clefable|Protect\n|move|p1a: Gholdengo|Nasty Plot|p1a: Gholdengo\n|-boost|p1a: Gholdengo|spa|2\n|move|p2b: Iron Hands|Heavy Slam|p1b: Clefable\n|-activate|p1b: Clefable|move: Protect\n|\n|-heal|p1a: Gholdengo|98\/100|[from] item: Leftovers\n|upkeep\n|turn|4\n|\n|t:|1700724157\n|move|p2a: Gholdengo|Protect|p2a: Gholdengo\n|-singleturn|p2a: Gholdengo|Protect\n|move|p1b: Clefable|Follow Me|p1b: Clefable\n|-singleturn|p1b: Clefable|move: Follow Me\n|move|p1a: Gholdengo|Shadow Ball|p2a: Gholdengo\n|-activate|p2a: Gholdengo|move: Protect\n|move|p2b: Iron Hands|Wild Charge|p1b: Clefable\n|-damage|p1b: Clefable|0 fnt\n|faint|p1b: Clefable\n|-damage|p2b: Iron Hands|81\/100|[from] Recoil\n|\n|-heal|p1a: Gholdengo|100\/100|[from] item: Leftovers\n|upkeep\n|\n|t:|1700724172\n|switch|p1b: Regidrago|Regidrago, L50|100\/100\n|turn|5\n|\n|t:|1700724185\n|move|p1a: Gholdengo|Shadow Ball|p2a: Gholdengo\n|-supereffective|p2a: Gholdengo\n|-damage|p2a: Gholdengo|0 fnt\n|faint|p2a: Gholdengo\n|move|p1b: Regidrago|Dragon Energy|p2b: Iron Hands\n|-damage|p2b: Iron Hands|3\/100\n|move|p2b: Iron Hands|Drain Punch|p1b: Regidrago\n|-damage|p1b: Regidrago|60\/100\n|-heal|p2b: Iron Hands|29\/100|[from] drain|[of] p1b: Regidrago\n|\n|upkeep\n|\n|t:|1700724189\n|switch|p2a: Tornadus|Tornadus, L50, M|58\/100\n|turn|6\n|\n|t:|1700724205\n|move|p2a: Tornadus|Tailwind|p2a: Tornadus\n|-sidestart|p2: Capito14|move: Tailwind\n|move|p2b: Iron Hands|Wild Charge|p1a: Gholdengo\n|-damage|p1a: Gholdengo|53\/100\n|-damage|p2b: Iron Hands|19\/100|[from] Recoil\n|move|p1a: Gholdengo|Make It Rain|p2b: Iron Hands|[spread] p2a,p2b\n|-resisted|p2b: Iron Hands\n|-damage|p2a: Tornadus|0 fnt\n|-damage|p2b: Iron Hands|0 fnt\n|-unboost|p1a: Gholdengo|spa|1\n|faint|p2a: Tornadus\n|faint|p2b: Iron Hands\n|-end|p2b: Iron Hands|Quark Drive|[silent]\n|move|p1b: Regidrago|Dragon Energy|p2: Tornadus|[notarget]\n|-fail|p1b: Regidrago\n|\n|-heal|p1a: Gholdengo|59\/100|[from] item: Leftovers\n|upkeep\n|\n|t:|1700724213\n|switch|p2b: Arcanine|Arcanine-Hisui, L50, M, tera:Fairy|100\/100\n|-ability|p2b: Arcanine|Intimidate|boost\n|-unboost|p1a: Gholdengo|atk|1\n|-unboost|p1b: Regidrago|atk|1\n|turn|7\n|\n|t:|1700724235\n|-terastallize|p1a: Gholdengo|Dragon\n|move|p2b: Arcanine|Flare Blitz|p1a: Gholdengo\n|-resisted|p1a: Gholdengo\n|-damage|p1a: Gholdengo|14\/100\n|-status|p1a: Gholdengo|brn\n|-damage|p2b: Arcanine|85\/100|[from] Recoil\n|move|p1a: Gholdengo|Make It Rain|p2b: Arcanine\n|-supereffective|p2b: Arcanine\n|-damage|p2b: Arcanine|0 fnt\n|-unboost|p1a: Gholdengo|spa|1\n|faint|p2b: Arcanine\n|\n|win|Felip_Obi\n|raw|Felip_Obi's rating: 1385 &rarr; <strong>1404<\/strong><br \/>(+19 for winning)\n|raw|Capito14's rating: 1371 &rarr; <strong>1352<\/strong><br \/>(-19 for losing)\n|l|\u2606Capito14\n","uploadtime":1700724252,"views":10,"p1id":"felipobi","p2id":"capito14","formatid":"gen9vgc2023regulatione","rating":1352,"private":0,"password":""}