{"id":"gen9vgc2023regulatione-1991629987","p1":"Spearstorms","p2":"xatudrip","format":"[Gen 9] VGC 2023 Regulation E","log":"|j|\u2606Spearstorms\n|j|\u2606xatudrip\n|n|\u2606Spearstorms|spearstorms\n|n|\u2606xatudrip|xatudrip\n|html|View the match progress at <a href=\"\/game-bestof3-gen9vgc2023regulatione-1991629986\">game-bestof3-gen9vgc2023regulatione-1991629986<\/a>\n|t:|1700096146\n|gametype|doubles\n|player|p1|Spearstorms|102|\n|player|p2|xatudrip|clair|\n|teamsize|p1|6\n|teamsize|p2|6\n|gen|9\n|tier|[Gen 9] VGC 2023 Regulation E\n|rule|Species Clause: Limit one of each Pok\u00e9mon\n|rule|Item Clause: Limit one of each item\n|clearpoke\n|poke|p1|Rillaboom, L50, M|\n|poke|p1|Urshifu-*, L50, M|\n|poke|p1|Ninetales-Alola, L50, F|\n|poke|p1|Articuno, L50|\n|poke|p1|Arcanine, L50, M|\n|poke|p1|Ogerpon-Cornerstone, L50, F|\n|poke|p2|Tornadus, L50, M|\n|poke|p2|Sinistcha-Masterpiece, L50|\n|poke|p2|Baxcalibur, L50, F|\n|poke|p2|Abomasnow, L50, M|\n|poke|p2|Mienshao, L50, M|\n|poke|p2|Ribombee, L50, F|\n|teampreview|4\nSpearstorms has agreed to open team sheets.\n|\n|t:|1700096194\n|start\n|switch|p1a: Ninetales|Ninetales-Alola, L50, F|100\/100\n|switch|p1b: Articuno|Articuno, L50|100\/100\n|switch|p2a: Mienshao|Mienshao, L50, M|100\/100\n|switch|p2b: Tornadus|Tornadus, L50, M|100\/100\n|-weather|Snow|[from] ability: Snow Warning|[of] p1a: Ninetales\n|turn|1\n|\n|t:|1700096222\n|move|p2a: Mienshao|Fake Out|p1b: Articuno\n|-damage|p1b: Articuno|92\/100\n|move|p2b: Tornadus|Taunt|p1a: Ninetales\n|-start|p1a: Ninetales|move: Taunt\n|cant|p1a: Ninetales|move: Taunt|Aurora Veil\n|cant|p1b: Articuno|flinch\n|\n|-weather|Snow|[upkeep]\n|upkeep\n|turn|2\n|\n|t:|1700096244\n|move|p2b: Tornadus|Protect|p2b: Tornadus\n|-singleturn|p2b: Tornadus|Protect\n|move|p1a: Ninetales|Moonblast|p2a: Mienshao\n|-supereffective|p2a: Mienshao\n|-damage|p2a: Mienshao|0 fnt\n|faint|p2a: Mienshao\n|move|p1b: Articuno|Blizzard|p2b: Tornadus\n|-activate|p2b: Tornadus|move: Protect\n|\n|-weather|Snow|[upkeep]\n|upkeep\n|\n|t:|1700096259\n|switch|p2a: Abomasnow|Abomasnow, L50, M|100\/100\n|turn|3\n|\n|t:|1700096267\n|move|p1a: Ninetales|Moonblast|p2a: Abomasnow\n|-damage|p2a: Abomasnow|73\/100\n|move|p2b: Tornadus|Bleakwind Storm|p1a: Ninetales|[spread] p1a,p1b\n|-damage|p1a: Ninetales|62\/100\n|-damage|p1b: Articuno|69\/100\n|-unboost|p1a: Ninetales|spe|1\n|-unboost|p1b: Articuno|spe|1\n|move|p2a: Abomasnow|Aurora Veil|p2a: Abomasnow\n|-sidestart|p2: xatudrip|move: Aurora Veil\n|move|p1b: Articuno|Blizzard|p2a: Abomasnow|[spread] p2a,p2b\n|-supereffective|p2b: Tornadus\n|-damage|p2a: Abomasnow|57\/100\n|-damage|p2b: Tornadus|68\/100\n|\n|-weather|Snow|[upkeep]\n|-end|p1a: Ninetales|move: Taunt\n|upkeep\n|turn|4\n|\n|t:|1700096285\n|move|p1a: Ninetales|Helping Hand|p1b: Articuno\n|-singleturn|p1b: Articuno|Helping Hand|[of] p1a: Ninetales\n|move|p2b: Tornadus|Taunt|p1a: Ninetales\n|-start|p1a: Ninetales|move: Taunt\n|move|p2a: Abomasnow|Blizzard|p1a: Ninetales|[spread] p1a,p1b\n|-resisted|p1a: Ninetales\n|-damage|p1a: Ninetales|45\/100\n|-damage|p1b: Articuno|49\/100\n|move|p1b: Articuno|Blizzard|p2a: Abomasnow|[spread] p2a,p2b\n|-supereffective|p2b: Tornadus\n|-damage|p2a: Abomasnow|33\/100\n|-damage|p2b: Tornadus|14\/100\n|-enditem|p2a: Abomasnow|Sitrus Berry|[eat]\n|-heal|p2a: Abomasnow|58\/100|[from] item: Sitrus Berry\n|\n|-weather|Snow|[upkeep]\n|upkeep\n|turn|5\n|\n|t:|1700096305\n|move|p2b: Tornadus|Bleakwind Storm|p1a: Ninetales|[spread] p1a\n|-miss|p2b: Tornadus|p1b: Articuno\n|-crit|p1a: Ninetales\n|-damage|p1a: Ninetales|0 fnt\n|faint|p1a: Ninetales\n|move|p2a: Abomasnow|Blizzard|p1b: Articuno\n|-damage|p1b: Articuno|25\/100\n|move|p1b: Articuno|Roost|p1b: Articuno\n|-heal|p1b: Articuno|75\/100\n|-singleturn|p1b: Articuno|move: Roost\n|\n|-weather|none\n|upkeep\n|\n|t:|1700096318\n|switch|p1a: Ogerpon|Ogerpon-Cornerstone, L50, F|100\/100\n|turn|6\n|\n|t:|1700096342\n|switch|p2a: Baxcalibur|Baxcalibur, L50, F|100\/100\n|-terastallize|p1a: Ogerpon|Rock\n|detailschange|p1a: Ogerpon|Ogerpon-Cornerstone-Tera, L50, F, tera:Rock\n|-ability|p1a: Ogerpon|Embody Aspect (Cornerstone)|boost\n|-boost|p1a: Ogerpon|def|1\n|move|p2b: Tornadus|Protect|p2b: Tornadus\n|-singleturn|p2b: Tornadus|Protect\n|move|p1a: Ogerpon|Ivy Cudgel|p2a: Baxcalibur|[anim] Ivy Cudgel Rock\n|-supereffective|p2a: Baxcalibur\n|-damage|p2a: Baxcalibur|0 fnt\n|faint|p2a: Baxcalibur\n|move|p1b: Articuno|Freeze-Dry|p2b: Tornadus\n|-activate|p2b: Tornadus|move: Protect\n|\n|upkeep\n|\n|t:|1700096354\n|switch|p2a: Abomasnow|Abomasnow, L50, M|58\/100\n|-weather|Snow|[from] ability: Snow Warning|[of] p2a: Abomasnow\n|turn|7\n|\n|t:|1700096365\n|move|p2b: Tornadus|Tailwind|p2b: Tornadus\n|-sidestart|p2: xatudrip|move: Tailwind\n|move|p1a: Ogerpon|Ivy Cudgel|p2a: Abomasnow|[anim] Ivy Cudgel Rock\n|-supereffective|p2a: Abomasnow\n|-damage|p2a: Abomasnow|0 fnt\n|faint|p2a: Abomasnow\n|move|p1b: Articuno|Blizzard|p2b: Tornadus\n|-supereffective|p2b: Tornadus\n|-damage|p2b: Tornadus|0 fnt\n|faint|p2b: Tornadus\n|\n|win|Spearstorms\n|c|&|\/uhtml prompt-xatudrip,xatudrip is ready for game 2!\n|inactive|Spearstorms has 50 seconds to confirm battle start!\n","uploadtime":1700096371,"views":21,"p1id":"spearstorms","p2id":"xatudrip","formatid":"gen9vgc2023regulatione","rating":0,"private":0,"password":""}