{"id":"gen9vgc2023regulatione-1996923281","p1":"SopuDes","p2":"xingshen","format":"[Gen 9] VGC 2023 Regulation E","log":"|j|\u2606SopuDes\n|j|\u2606xingshen\n|t:|1700745345\n|gametype|doubles\n|player|p1|SopuDes|backersf|1208\n|player|p2|xingshen|265|1198\n|teamsize|p1|6\n|teamsize|p2|6\n|gen|9\n|tier|[Gen 9] VGC 2023 Regulation E\n|rated|\n|rule|Species Clause: Limit one of each Pok\u00e9mon\n|rule|Item Clause: Limit one of each item\n|clearpoke\n|poke|p1|Farigiraf, L50, F|\n|poke|p1|Tyranitar, L50, F|\n|poke|p1|Sylveon, L50, F|\n|poke|p1|Torkoal, L50, M|\n|poke|p1|Lilligant-Hisui, L50, F|\n|poke|p1|Rillaboom, L50, F|\n|poke|p2|Iron Hands, L50|\n|poke|p2|Sableye, L50, M|\n|poke|p2|Milotic, L50, F|\n|poke|p2|Landorus, L50, M|\n|poke|p2|Bronzong, L50|\n|poke|p2|Zapdos, L50|\n|teampreview|4\n|inactive|Battle timer is ON: inactive players will automatically lose when time's up. (requested by SopuDes)\n|inactive|SopuDes has 60 seconds left.\n|\n|t:|1700745383\n|start\n|switch|p1a: Torkoal|Torkoal, L50, M|100\/100\n|switch|p1b: Lilligant|Lilligant-Hisui, L50, F|100\/100\n|switch|p2a: Sableye|Sableye, L50, M|100\/100\n|switch|p2b: Milotic|Milotic, L50, F|100\/100\n|-weather|SunnyDay|[from] ability: Drought|[of] p1a: Torkoal\n|turn|1\n|inactive|SopuDes has 30 seconds left.\n|inactive|xingshen has 30 seconds left.\n|inactive|xingshen has 20 seconds left.\n|\n|t:|1700745422\n|move|p2a: Sableye|Gravity|p2a: Sableye\n|-fieldstart|move: Gravity\n|move|p1b: Lilligant|Sleep Powder|p2b: Milotic\n|-status|p2b: Milotic|slp|[from] move: Sleep Powder\n|cant|p2b: Milotic|slp\n|move|p1a: Torkoal|Heat Wave|p2a: Sableye|[spread] p2a,p2b\n|-resisted|p2b: Milotic\n|-damage|p2a: Sableye|30\/100\n|-damage|p2b: Milotic|83\/100 slp\n|-enditem|p2a: Sableye|Eject Button\n|\n|t:|1700745438\n|switch|p2a: Iron Hands|Iron Hands, L50|100\/100\n|\n|-weather|SunnyDay|[upkeep]\n|upkeep\n|turn|2\n|\n|t:|1700745459\n|-terastallize|p2a: Iron Hands|Fire\n|move|p1b: Lilligant|Leaf Blade|p2b: Milotic\n|-supereffective|p2b: Milotic\n|-damage|p2b: Milotic|37\/100 slp\n|-damage|p1b: Lilligant|84\/100|[from] item: Rocky Helmet|[of] p2b: Milotic\n|-curestatus|p2b: Milotic|slp|[msg]\n|move|p2b: Milotic|Hypnosis|p1a: Torkoal\n|-status|p1a: Torkoal|slp|[from] move: Hypnosis\n|move|p2a: Iron Hands|Drain Punch|p1a: Torkoal\n|-damage|p1a: Torkoal|67\/100 slp\n|cant|p1a: Torkoal|slp\n|\n|-weather|SunnyDay|[upkeep]\n|upkeep\n|turn|3\n|inactive|SopuDes has 30 seconds left.\n|inactive|xingshen has 30 seconds left.\n|inactive|xingshen has 20 seconds left.\n|inactive|xingshen has 15 seconds left.\n|inactive|xingshen has 10 seconds left.\n|\n|t:|1700745508\n|switch|p1a: Rillaboom|Rillaboom, L50, F|100\/100\n|-fieldstart|move: Grassy Terrain|[from] ability: Grassy Surge|[of] p1a: Rillaboom\n|move|p1b: Lilligant|Sleep Powder|p2a: Iron Hands\n|-status|p2a: Iron Hands|slp|[from] move: Sleep Powder\n|move|p2b: Milotic|Hypnosis|p1b: Lilligant\n|-status|p1b: Lilligant|slp|[from] move: Hypnosis\n|cant|p2a: Iron Hands|slp\n|\n|-weather|SunnyDay|[upkeep]\n|-heal|p1b: Lilligant|90\/100 slp|[from] Grassy Terrain\n|-heal|p2b: Milotic|43\/100|[from] Grassy Terrain\n|upkeep\n|turn|4\n|inactive|xingshen has 30 seconds left.\n|\n|t:|1700745540\n|switch|p1b: Torkoal|Torkoal, L50, M|67\/100 slp\n|move|p2b: Milotic|Icy Wind|p1a: Rillaboom|[spread] p1a,p1b\n|-supereffective|p1a: Rillaboom\n|-resisted|p1b: Torkoal\n|-damage|p1a: Rillaboom|86\/100\n|-damage|p1b: Torkoal|60\/100 slp\n|-unboost|p1a: Rillaboom|spe|1\n|-unboost|p1b: Torkoal|spe|1\n|move|p1a: Rillaboom|Wood Hammer|p2b: Milotic\n|-supereffective|p2b: Milotic\n|-damage|p2b: Milotic|0 fnt\n|-damage|p1a: Rillaboom|70\/100|[from] item: Rocky Helmet|[of] p2b: Milotic\n|faint|p2b: Milotic\n|-damage|p1a: Rillaboom|55\/100|[from] Recoil\n|cant|p2a: Iron Hands|slp\n|\n|-weather|SunnyDay|[upkeep]\n|-heal|p1a: Rillaboom|61\/100|[from] Grassy Terrain\n|-heal|p1b: Torkoal|66\/100 slp|[from] Grassy Terrain\n|upkeep\n|\n|t:|1700745562\n|switch|p2b: Landorus|Landorus, L50, M|100\/100\n|turn|5\n|\n|t:|1700745574\n|switch|p1a: Sylveon|Sylveon, L50, F|100\/100\n|move|p2b: Landorus|Sludge Bomb|p1a: Sylveon\n|-supereffective|p1a: Sylveon\n|-damage|p1a: Sylveon|23\/100\n|-curestatus|p2a: Iron Hands|slp|[msg]\n|move|p2a: Iron Hands|Drain Punch|p1b: Torkoal\n|-damage|p1b: Torkoal|35\/100 slp\n|-curestatus|p1b: Torkoal|slp|[msg]\n|move|p1b: Torkoal|Earth Power|p2a: Iron Hands\n|-supereffective|p2a: Iron Hands\n|-damage|p2a: Iron Hands|63\/100\n|-unboost|p2a: Iron Hands|spd|1\n|\n|-weather|none\n|-heal|p1a: Sylveon|29\/100|[from] Grassy Terrain\n|-heal|p2a: Iron Hands|69\/100|[from] Grassy Terrain\n|-heal|p1b: Torkoal|40\/100|[from] Grassy Terrain\n|-fieldend|move: Gravity\n|upkeep\n|turn|6\n|inactive|xingshen has 30 seconds left.\n|inactive|xingshen has 20 seconds left.\n|\n|t:|1700745609\n|switch|p1b: Rillaboom|Rillaboom, L50, F|61\/100\n|move|p1a: Sylveon|Protect|p1a: Sylveon\n|-singleturn|p1a: Sylveon|Protect\n|move|p2b: Landorus|Sludge Bomb|p1a: Sylveon\n|-activate|p1a: Sylveon|move: Protect\n|move|p2a: Iron Hands|Drain Punch|p1b: Rillaboom\n|-damage|p1b: Rillaboom|15\/100\n|-heal|p2a: Iron Hands|87\/100|[from] drain|[of] p1b: Rillaboom\n|\n|-heal|p1b: Rillaboom|21\/100|[from] Grassy Terrain\n|-heal|p1a: Sylveon|35\/100|[from] Grassy Terrain\n|-heal|p2a: Iron Hands|93\/100|[from] Grassy Terrain\n|upkeep\n|turn|7\n|inactive|xingshen has 30 seconds left.\n|\n|t:|1700745639\n|-end|p2a: Iron Hands|Quark Drive|[silent]\n|switch|p2a: Sableye|Sableye, L50, M|30\/100\n|move|p2b: Landorus|Protect|p2b: Landorus\n|-singleturn|p2b: Landorus|Protect\n|move|p1b: Rillaboom|Fake Out|p2b: Landorus\n|-activate|p2b: Landorus|move: Protect\n|move|p1a: Sylveon|Hyper Voice|p2a: Sableye|[spread] p2a\n|-activate|p2b: Landorus|move: Protect\n|-supereffective|p2a: Sableye\n|-damage|p2a: Sableye|0 fnt\n|faint|p2a: Sableye\n|-enditem|p1a: Sylveon|Throat Spray\n|-boost|p1a: Sylveon|spa|1|[from] item: Throat Spray\n|\n|-heal|p1b: Rillaboom|27\/100|[from] Grassy Terrain\n|-heal|p1a: Sylveon|41\/100|[from] Grassy Terrain\n|-fieldend|move: Grassy Terrain\n|upkeep\n|\n|t:|1700745657\n|switch|p2a: Iron Hands|Iron Hands, L50, tera:Fire|93\/100\n|turn|8\n|inactive|SopuDes has 30 seconds left.\n|\n|t:|1700745691\n|switch|p1b: Torkoal|Torkoal, L50, M|40\/100\n|-weather|SunnyDay|[from] ability: Drought|[of] p1b: Torkoal\n|move|p1a: Sylveon|Protect|p1a: Sylveon\n|-singleturn|p1a: Sylveon|Protect\n|move|p2b: Landorus|Sludge Bomb|p1a: Sylveon\n|-activate|p1a: Sylveon|move: Protect\n|move|p2a: Iron Hands|Drain Punch|p1b: Torkoal\n|-damage|p1b: Torkoal|8\/100\n|-heal|p2a: Iron Hands|100\/100|[from] drain|[of] p1b: Torkoal\n|\n|-weather|SunnyDay|[upkeep]\n|upkeep\n|turn|9\n|\n|t:|1700745714\n|move|p2b: Landorus|Sludge Bomb|p1a: Sylveon\n|-supereffective|p1a: Sylveon\n|-damage|p1a: Sylveon|0 fnt\n|faint|p1a: Sylveon\n|move|p2a: Iron Hands|Drain Punch|p1b: Torkoal\n|-damage|p1b: Torkoal|0 fnt\n|faint|p1b: Torkoal\n|\n|-weather|SunnyDay|[upkeep]\n|upkeep\n|\n|t:|1700745718\n|switch|p1a: Rillaboom|Rillaboom, L50, F|27\/100\n|switch|p1b: Lilligant|Lilligant-Hisui, L50, F|90\/100 slp\n|-fieldstart|move: Grassy Terrain|[from] ability: Grassy Surge|[of] p1a: Rillaboom\n|turn|10\n|\n|t:|1700745740\n|move|p2b: Landorus|Protect|p2b: Landorus\n|-singleturn|p2b: Landorus|Protect\n|move|p1a: Rillaboom|Fake Out|p2b: Landorus\n|-activate|p2b: Landorus|move: Protect\n|cant|p1b: Lilligant|slp\n|move|p2a: Iron Hands|Drain Punch|p1a: Rillaboom\n|-damage|p1a: Rillaboom|0 fnt\n|faint|p1a: Rillaboom\n|\n|-weather|SunnyDay|[upkeep]\n|-heal|p1b: Lilligant|96\/100 slp|[from] Grassy Terrain\n|upkeep\n|turn|11\n|-message|SopuDes forfeited.\n|\n|win|xingshen\n|raw|SopuDes's rating: 1208 &rarr; <strong>1182<\/strong><br \/>(-26 for losing)\n|raw|xingshen's rating: 1198 &rarr; <strong>1224<\/strong><br \/>(+26 for winning)\n|l|\u2606SopuDes\n","uploadtime":1700745763,"views":8,"p1id":"sopudes","p2id":"xingshen","formatid":"gen9vgc2023regulatione","rating":1182,"private":0,"password":""}