{"id":"gen9vgc2023regulatione-1996099841","p1":"oteriito","p2":"tan19","format":"[Gen 9] VGC 2023 Regulation E","log":"|j|\u2606oteriito\n|j|\u2606tan19\n|t:|1700644039\n|gametype|doubles\n|player|p1|oteriito|169|1152\n|player|p2|tan19|169|1052\n|teamsize|p1|6\n|teamsize|p2|6\n|gen|9\n|tier|[Gen 9] VGC 2023 Regulation E\n|rated|\n|rule|Species Clause: Limit one of each Pok\u00e9mon\n|rule|Item Clause: Limit one of each item\n|clearpoke\n|poke|p1|Rillaboom, L50, M|\n|poke|p1|Arcanine-Hisui, L50, M|\n|poke|p1|Iron Hands, L50|\n|poke|p1|Gholdengo, L50|\n|poke|p1|Urshifu-*, L50, M|\n|poke|p1|Salamence, L50, M|\n|poke|p2|Tatsugiri, L50, F|\n|poke|p2|Dondozo, L50, F|\n|poke|p2|Flamigo, L50, M|\n|poke|p2|Annihilape, L50, M|\n|poke|p2|Maushold, L50|\n|poke|p2|Cetitan, L50, F|\n|teampreview|4\n|inactive|Battle timer is ON: inactive players will automatically lose when time's up. (requested by oteriito)\n|inactive|oteriito has 60 seconds left.\n|\n|t:|1700644077\n|start\n|switch|p1a: FURBO|Rillaboom, L50, M|100\/100\n|switch|p1b: ElNinio|Gholdengo, L50|100\/100\n|switch|p2a: Tatsugiri|Tatsugiri, L50, F|100\/100\n|switch|p2b: Annihilape|Annihilape, L50, M|100\/100\n|-fieldstart|move: Grassy Terrain|[from] ability: Grassy Surge|[of] p1a: FURBO\n|turn|1\n|\n|t:|1700644095\n|move|p2a: Tatsugiri|Endure|p2a: Tatsugiri\n|-singleturn|p2a: Tatsugiri|move: Endure\n|move|p1b: ElNinio|Protect|p1b: ElNinio\n|-singleturn|p1b: ElNinio|Protect\n|move|p1a: FURBO|Grassy Glide|p2a: Tatsugiri\n|-damage|p2a: Tatsugiri|6\/100\n|move|p2b: Annihilape|Final Gambit|p2a: Tatsugiri\n|-activate|p2a: Tatsugiri|move: Endure\n|-damage|p2a: Tatsugiri|1\/100\n|faint|p2b: Annihilape\n|\n|-heal|p2a: Tatsugiri|7\/100|[from] Grassy Terrain\n|-status|p2a: Tatsugiri|tox|[from] item: Toxic Orb\n|upkeep\n|\n|t:|1700644108\n|switch|p2b: Dondozo|Dondozo, L50, F|100\/100\n|-activate|p2a: Tatsugiri|ability: Commander|[of] p2b: Dondozo\n|-boost|p2b: Dondozo|atk|2\n|-boost|p2b: Dondozo|spa|2\n|-boost|p2b: Dondozo|spe|2\n|-boost|p2b: Dondozo|def|2\n|-boost|p2b: Dondozo|spd|2\n|turn|2\n|\n|t:|1700644128\n|switch|p1b: ElFavoritodeMama|Iron Hands, L50|100\/100\n|move|p1a: FURBO|Grassy Glide|p2b: Dondozo\n|-supereffective|p2b: Dondozo\n|-damage|p2b: Dondozo|66\/100\n|move|p2b: Dondozo|Substitute|p2b: Dondozo\n|-start|p2b: Dondozo|Substitute\n|-damage|p2b: Dondozo|41\/100\n|\n|-heal|p2b: Dondozo|47\/100|[from] Grassy Terrain\n|-heal|p2b: Dondozo|53\/100|[from] item: Leftovers\n|-heal|p2a: Tatsugiri|14\/100 tox|[from] Grassy Terrain\n|-damage|p2a: Tatsugiri|7\/100 tox|[from] psn\n|upkeep\n|turn|3\n|inactive|oteriito has 30 seconds left.\n|inactive|oteriito has 20 seconds left.\n|\n|t:|1700644164\n|-terastallize|p1b: ElFavoritodeMama|Grass\n|move|p1b: ElFavoritodeMama|Fake Out|p2a: Tatsugiri|[miss]\n|-miss|p1b: ElFavoritodeMama|p2a: Tatsugiri\n|move|p1a: FURBO|Grassy Glide|p2b: Dondozo\n|-supereffective|p2b: Dondozo\n|-end|p2b: Dondozo|Substitute\n|move|p2b: Dondozo|Wave Crash|p1a: FURBO\n|-resisted|p1a: FURBO\n|-damage|p1a: FURBO|45\/100\n|-damage|p2b: Dondozo|37\/100|[from] Recoil\n|\n|-heal|p2b: Dondozo|43\/100|[from] Grassy Terrain\n|-heal|p2b: Dondozo|49\/100|[from] item: Leftovers\n|-heal|p2a: Tatsugiri|14\/100 tox|[from] Grassy Terrain\n|-heal|p1a: FURBO|51\/100|[from] Grassy Terrain\n|-damage|p2a: Tatsugiri|1\/100 tox|[from] psn\n|upkeep\n|turn|4\n|\n|t:|1700644189\n|move|p2b: Dondozo|Protect|p2b: Dondozo\n|-singleturn|p2b: Dondozo|Protect\n|move|p1a: FURBO|Grassy Glide|p2b: Dondozo\n|-activate|p2b: Dondozo|move: Protect\n|move|p1b: ElFavoritodeMama|Wild Charge|p2b: Dondozo\n|-activate|p2b: Dondozo|move: Protect\n|\n|-heal|p2b: Dondozo|56\/100|[from] Grassy Terrain\n|-heal|p2b: Dondozo|62\/100|[from] item: Leftovers\n|-heal|p2a: Tatsugiri|7\/100 tox|[from] Grassy Terrain\n|-heal|p1a: FURBO|57\/100|[from] Grassy Terrain\n|-damage|p2a: Tatsugiri|0 fnt|[from] psn\n|faint|p2a: Tatsugiri\n|upkeep\n|\n|t:|1700644203\n|switch|p2a: Flamigo|Flamigo, L50, M|100\/100\n|-copyboost|p2a: Flamigo|p2b: Dondozo|[from] ability: Costar\n|turn|5\n|\n|t:|1700644216\n|-terastallize|p2b: Dondozo|Dragon\n|move|p1a: FURBO|Grassy Glide|p2b: Dondozo\n|-resisted|p2b: Dondozo\n|-damage|p2b: Dondozo|53\/100\n|move|p2a: Flamigo|Brave Bird|p1b: ElFavoritodeMama\n|-supereffective|p1b: ElFavoritodeMama\n|-damage|p1b: ElFavoritodeMama|0 fnt\n|faint|p1b: ElFavoritodeMama\n|-end|p1b: ElFavoritodeMama|Quark Drive|[silent]\n|-damage|p2a: Flamigo|49\/100|[from] Recoil\n|move|p2b: Dondozo|Order Up|p1a: FURBO\n|-damage|p1a: FURBO|0 fnt\n|faint|p1a: FURBO\n|-boost|p2b: Dondozo|atk|1\n|\n|-heal|p2b: Dondozo|60\/100|[from] Grassy Terrain\n|-heal|p2b: Dondozo|66\/100|[from] item: Leftovers\n|-fieldend|move: Grassy Terrain\n|upkeep\n|\n|t:|1700644233\n|switch|p1a: ElNinio|Gholdengo, L50|100\/100\n|switch|p1b: Dise GUAU GUAU|Arcanine-Hisui, L50, M|100\/100\n|-ability|p1b: Dise GUAU GUAU|Intimidate|boost\n|-unboost|p2a: Flamigo|atk|1\n|-unboost|p2b: Dondozo|atk|1\n|turn|6\n|\n|t:|1700644254\n|move|p2a: Flamigo|Brave Bird|p1a: ElNinio\n|-resisted|p1a: ElNinio\n|-damage|p1a: ElNinio|66\/100\n|-damage|p2a: Flamigo|35\/100|[from] Recoil\n|move|p2b: Dondozo|Wave Crash|p1b: Dise GUAU GUAU\n|-supereffective|p1b: Dise GUAU GUAU\n|-damage|p1b: Dise GUAU GUAU|0 fnt\n|faint|p1b: Dise GUAU GUAU\n|-damage|p2b: Dondozo|36\/100|[from] Recoil\n|move|p1a: ElNinio|Nasty Plot|p1a: ElNinio\n|-boost|p1a: ElNinio|spa|2\n|\n|-heal|p2b: Dondozo|43\/100|[from] item: Leftovers\n|-heal|p1a: ElNinio|72\/100|[from] item: Leftovers\n|upkeep\n|turn|7\n|\n|t:|1700644271\n|move|p1a: ElNinio|Protect|p1a: ElNinio\n|-singleturn|p1a: ElNinio|Protect\n|move|p2a: Flamigo|Brave Bird|p1a: ElNinio\n|-activate|p1a: ElNinio|move: Protect\n|move|p2b: Dondozo|Wave Crash|p1a: ElNinio\n|-activate|p1a: ElNinio|move: Protect\n|\n|-heal|p2b: Dondozo|49\/100|[from] item: Leftovers\n|-heal|p1a: ElNinio|78\/100|[from] item: Leftovers\n|upkeep\n|turn|8\n|\n|t:|1700644284\n|move|p2a: Flamigo|Brave Bird|p1a: ElNinio\n|-resisted|p1a: ElNinio\n|-damage|p1a: ElNinio|42\/100\n|-damage|p2a: Flamigo|21\/100|[from] Recoil\n|move|p2b: Dondozo|Wave Crash|p1a: ElNinio\n|-damage|p1a: ElNinio|0 fnt\n|faint|p1a: ElNinio\n|-damage|p2b: Dondozo|37\/100|[from] Recoil\n|\n|win|tan19\n|raw|oteriito's rating: 1152 &rarr; <strong>1120<\/strong><br \/>(-32 for losing)\n|raw|tan19's rating: 1052 &rarr; <strong>1093<\/strong><br \/>(+41 for winning)\n|l|\u2606oteriito\n","uploadtime":1700644300,"views":3,"p1id":"oteriito","p2id":"tan19","formatid":"gen9vgc2023regulatione","rating":1093,"private":0,"password":""}