{"id":"gen9vgc2023regulatione-1994939794","p1":"Dunsnom","p2":"Gamer gutt1","format":"[Gen 9] VGC 2023 Regulation E","log":"|j|\u2606Dunsnom\n|j|\u2606Gamer gutt1\n|t:|1700506485\n|gametype|doubles\n|player|p1|Dunsnom|supernerd|1052\n|player|p2|Gamer gutt1|steven|1080\n|teamsize|p1|6\n|teamsize|p2|6\n|gen|9\n|tier|[Gen 9] VGC 2023 Regulation E\n|rated|\n|rule|Species Clause: Limit one of each Pok\u00e9mon\n|rule|Item Clause: Limit one of each item\n|clearpoke\n|poke|p1|Zorua-Hisui, L50, M|\n|poke|p1|Ogerpon-Wellspring, L50, F|\n|poke|p1|Ninetales-Alola, L50, F|\n|poke|p1|Iron Hands, L50|\n|poke|p1|Torterra, L50, M|\n|poke|p1|Volcarona, L50, M|\n|poke|p2|Arcanine-Hisui, L50, F|\n|poke|p2|Torkoal, L50, F|\n|poke|p2|Chandelure, L50, M|\n|poke|p2|Charizard, L50, M|\n|poke|p2|Iron Hands, L50|\n|poke|p2|Scovillain, L50, F|\n|teampreview|4\n|\n|t:|1700506512\n|start\n|switch|p1a: Torterra|Torterra, L50, M, shiny|100\/100\n|switch|p1b: Iron Hands|Iron Hands, L50|100\/100\n|switch|p2a: Torkoal|Torkoal, L50, F|100\/100\n|switch|p2b: Scovillain|Scovillain, L50, F|100\/100\n|-weather|SunnyDay|[from] ability: Drought|[of] p2a: Torkoal\n|turn|1\n|inactive|Battle timer is ON: inactive players will automatically lose when time's up. (requested by Gamer gutt1)\n|inactive|Dunsnom has 60 seconds left.\n|\n|t:|1700506548\n|switch|p1b: Ninetales|Ninetales-Alola, L50, F|100\/100\n|-weather|Snow|[from] ability: Snow Warning|[of] p1b: Ninetales\n|switch|p2a: Arcanine|Arcanine-Hisui, L50, F|100\/100\n|-ability|p2a: Arcanine|Intimidate|boost\n|-unboost|p1a: Torterra|atk|1\n|-unboost|p1b: Ninetales|atk|1\n|-enditem|p1a: Torterra|White Herb\n|-clearnegativeboost|p1a: Torterra|[silent]\n|-terastallize|p1a: Torterra|Rock\n|move|p2b: Scovillain|Spicy Extract|p1a: Torterra\n|-boost|p1a: Torterra|atk|2\n|-unboost|p1a: Torterra|def|2\n|-enditem|p2a: Arcanine|Mirror Herb\n|-boost|p2a: Arcanine|atk|2|[from] item: Mirror Herb\n|move|p1a: Torterra|Shell Smash|p1a: Torterra\n|-unboost|p1a: Torterra|def|1\n|-unboost|p1a: Torterra|spd|1\n|-boost|p1a: Torterra|atk|2\n|-boost|p1a: Torterra|spa|2\n|-boost|p1a: Torterra|spe|2\n|\n|-weather|Snow|[upkeep]\n|upkeep\n|turn|2\n|inactive|Dunsnom has 30 seconds left.\n|inactive|Gamer gutt1 has 30 seconds left.\n|inactive|Gamer gutt1 has 20 seconds left.\n|\n|t:|1700506586\n|move|p2b: Scovillain|Rage Powder|p2b: Scovillain\n|-singleturn|p2b: Scovillain|move: Rage Powder\n|move|p1a: Torterra|Rock Slide|p2b: Scovillain|[spread] p2a,p2b\n|-supereffective|p2a: Arcanine\n|-supereffective|p2b: Scovillain\n|-damage|p2a: Arcanine|0 fnt\n|-enditem|p2b: Scovillain|Focus Sash\n|-damage|p2b: Scovillain|1\/100\n|faint|p2a: Arcanine\n|move|p1b: Ninetales|Aurora Veil|p1b: Ninetales\n|-sidestart|p1: Dunsnom|move: Aurora Veil\n|\n|-weather|Snow|[upkeep]\n|upkeep\n|\n|t:|1700506601\n|switch|p2a: Iron Hands|Iron Hands, L50|100\/100\n|turn|3\n|\n|t:|1700506609\n|-terastallize|p2a: Iron Hands|Fire\n|move|p1a: Torterra|Rock Slide|p2b: Scovillain|[spread] p2b\n|-miss|p1a: Torterra|p2a: Iron Hands\n|-supereffective|p2b: Scovillain\n|-damage|p2b: Scovillain|0 fnt\n|faint|p2b: Scovillain\n|move|p1b: Ninetales|Icy Wind|p2a: Iron Hands\n|-resisted|p2a: Iron Hands\n|-damage|p2a: Iron Hands|94\/100\n|move|p2a: Iron Hands|Swords Dance|p2a: Iron Hands\n|-boost|p2a: Iron Hands|atk|2\n|\n|-weather|Snow|[upkeep]\n|upkeep\n|\n|t:|1700506624\n|switch|p2b: Torkoal|Torkoal, L50, F|100\/100\n|-weather|SunnyDay|[from] ability: Drought|[of] p2b: Torkoal\n|turn|4\n|c|\u2606Dunsnom|fire tera against my tera rock torterra, very brave of you\n|j| fregverg\n|\n|t:|1700506647\n|switch|p1b: Iron Hands|Iron Hands, L50|100\/100\n|move|p1a: Torterra|Rock Slide|p2b: Torkoal|[spread] p2a,p2b\n|-supereffective|p2a: Iron Hands\n|-supereffective|p2b: Torkoal\n|-damage|p2a: Iron Hands|3\/100\n|-damage|p2b: Torkoal|0 fnt\n|faint|p2b: Torkoal\n|move|p2a: Iron Hands|Drain Punch|p1a: Torterra\n|-supereffective|p1a: Torterra\n|-damage|p1a: Torterra|0 fnt\n|-heal|p2a: Iron Hands|36\/100|[from] drain|[of] p1a: Torterra\n|faint|p1a: Torterra\n|\n|-weather|SunnyDay|[upkeep]\n|upkeep\n|\n|t:|1700506660\n|switch|p1a: Ninetales|Ninetales-Alola, L50, F|100\/100\n|-weather|Snow|[from] ability: Snow Warning|[of] p1a: Ninetales\n|turn|5\n|\n|t:|1700506675\n|move|p1b: Iron Hands|Fake Out|p2a: Iron Hands\n|-damage|p2a: Iron Hands|27\/100\n|move|p1a: Ninetales|Moonblast|p2a: Iron Hands\n|-resisted|p2a: Iron Hands\n|-damage|p2a: Iron Hands|16\/100\n|cant|p2a: Iron Hands|flinch\n|\n|-weather|Snow|[upkeep]\n|upkeep\n|turn|6\n|\n|t:|1700506690\n|switch|p1a: Ninetales|Ninetales-Alola, L50, F|100\/100\n|move|p1b: Iron Hands|Wild Charge|p2a: Iron Hands\n|-damage|p2a: Iron Hands|0 fnt\n|faint|p2a: Iron Hands\n|-end|p2a: Iron Hands|Quark Drive|[silent]\n|-damage|p1b: Iron Hands|96\/100|[from] Recoil\n|\n|win|Dunsnom\n|raw|Dunsnom's rating: 1052 &rarr; <strong>1087<\/strong><br \/>(+35 for winning)\n|raw|Gamer gutt1's rating: 1080 &rarr; <strong>1056<\/strong><br \/>(-24 for losing)\n","uploadtime":1700506700,"views":18,"p1id":"dunsnom","p2id":"gamergutt1","formatid":"gen9vgc2023regulatione","rating":1056,"private":0,"password":""}