{"id":"gen9vgc2023regulatione-1997943091","p1":"Noraz_x","p2":"Iciclebutagainn","format":"[Gen 9] VGC 2023 Regulation E","log":"|j|\u2606Noraz_x\n|j|\u2606Iciclebutagainn\n|t:|1700870289\n|gametype|doubles\n|player|p1|Noraz_x|lucas|1235\n|player|p2|Iciclebutagainn|clown|1189\n|teamsize|p1|6\n|teamsize|p2|6\n|gen|9\n|tier|[Gen 9] VGC 2023 Regulation E\n|rated|\n|rule|Species Clause: Limit one of each Pok\u00e9mon\n|rule|Item Clause: Limit one of each item\n|clearpoke\n|poke|p1|Flutter Mane, L50|\n|poke|p1|Gothitelle, L50, F|\n|poke|p1|Rillaboom, L50, F|\n|poke|p1|Fezandipiti, L50, M|\n|poke|p1|Landorus-Therian, L50, M|\n|poke|p1|Heatran, L50, F|\n|poke|p2|Iron Hands, L50|\n|poke|p2|Arcanine-Hisui, L50, F|\n|poke|p2|Urshifu-*, L50, F|\n|poke|p2|Tornadus, L50, M|\n|poke|p2|Gholdengo, L50|\n|poke|p2|Rillaboom, L50, M|\n|teampreview|4\n|inactive|Battle timer is ON: inactive players will automatically lose when time's up. (requested by Iciclebutagainn)\nIciclebutagainn has agreed to open team sheets.\n|inactive|Noraz_x has 60 seconds left.\n|\n|t:|1700870326\n|start\n|switch|p1a: Gothitelle|Gothitelle, L50, F|100\/100\n|switch|p1b: Heatran|Heatran, L50, F|100\/100\n|switch|p2a: Tornadus|Tornadus, L50, M|100\/100\n|switch|p2b: Urshifu|Urshifu-Rapid-Strike, L50, F|100\/100\n|turn|1\n|inactive|Iciclebutagainn has 30 seconds left.\n|\n|t:|1700870354\n|move|p1a: Gothitelle|Fake Out|p2b: Urshifu\n|-damage|p2b: Urshifu|95\/100\n|move|p2a: Tornadus|Taunt|p1a: Gothitelle\n|-start|p1a: Gothitelle|move: Taunt\n|cant|p2b: Urshifu|flinch\n|move|p1b: Heatran|Flash Cannon|p2a: Tornadus\n|-damage|p2a: Tornadus|55\/100\n|\n|upkeep\n|turn|2\n|\n|t:|1700870371\n|switch|p1b: Rillaboom|Rillaboom, L50, F|100\/100\n|-fieldstart|move: Grassy Terrain|[from] ability: Grassy Surge|[of] p1b: Rillaboom\n|move|p2a: Tornadus|Tailwind|p2a: Tornadus\n|-sidestart|p2: Iciclebutagainn|move: Tailwind\n|move|p2b: Urshifu|Surging Strikes|p1b: Rillaboom\n|-resisted|p1b: Rillaboom\n|-crit|p1b: Rillaboom\n|-damage|p1b: Rillaboom|91\/100\n|-resisted|p1b: Rillaboom\n|-crit|p1b: Rillaboom\n|-damage|p1b: Rillaboom|80\/100\n|-resisted|p1b: Rillaboom\n|-crit|p1b: Rillaboom\n|-damage|p1b: Rillaboom|70\/100\n|-hitcount|p1b: Rillaboom|3\n|move|p1a: Gothitelle|Psychic|p2a: Tornadus\n|-damage|p2a: Tornadus|24\/100\n|-unboost|p2a: Tornadus|spd|1\n|-enditem|p2a: Tornadus|Sitrus Berry|[eat]\n|-heal|p2a: Tornadus|48\/100|[from] item: Sitrus Berry\n|\n|-heal|p2b: Urshifu|100\/100|[from] Grassy Terrain\n|-heal|p1b: Rillaboom|76\/100|[from] Grassy Terrain\n|upkeep\n|turn|3\n|inactive|Noraz_x has 30 seconds left.\n|\n|t:|1700870398\n|switch|p1b: Heatran|Heatran, L50, F|100\/100\n|move|p2b: Urshifu|Surging Strikes|p1a: Gothitelle\n|-crit|p1a: Gothitelle\n|-damage|p1a: Gothitelle|80\/100\n|-crit|p1a: Gothitelle\n|-damage|p1a: Gothitelle|62\/100\n|-crit|p1a: Gothitelle\n|-damage|p1a: Gothitelle|41\/100\n|-hitcount|p1a: Gothitelle|3\n|move|p2a: Tornadus|Bleakwind Storm|p1a: Gothitelle|[spread] p1a,p1b\n|-resisted|p1b: Heatran\n|-damage|p1a: Gothitelle|17\/100\n|-damage|p1b: Heatran|86\/100\n|-enditem|p1a: Gothitelle|Aguav Berry|[eat]\n|-heal|p1a: Gothitelle|50\/100|[from] item: Aguav Berry\n|move|p1a: Gothitelle|Psychic|p2a: Tornadus\n|-damage|p2a: Tornadus|6\/100\n|-unboost|p2a: Tornadus|spd|1\n|\n|-heal|p1b: Heatran|92\/100|[from] Grassy Terrain\n|-heal|p1a: Gothitelle|56\/100|[from] Grassy Terrain\n|upkeep\n|turn|4\n|inactive|Noraz_x has 30 seconds left.\n|\n|t:|1700870426\n|switch|p1b: Rillaboom|Rillaboom, L50, F|76\/100\n|move|p2a: Tornadus|Protect|p2a: Tornadus\n|-singleturn|p2a: Tornadus|Protect\n|move|p2b: Urshifu|Surging Strikes|p1a: Gothitelle\n|-crit|p1a: Gothitelle\n|-damage|p1a: Gothitelle|36\/100\n|-crit|p1a: Gothitelle\n|-damage|p1a: Gothitelle|17\/100\n|-crit|p1a: Gothitelle\n|-damage|p1a: Gothitelle|0 fnt\n|faint|p1a: Gothitelle\n|-hitcount|p1: Gothitelle|3\n|\n|-heal|p1b: Rillaboom|82\/100|[from] Grassy Terrain\n|upkeep\n|\n|t:|1700870443\n|switch|p1a: Heatran|Heatran, L50, F|92\/100\n|turn|5\n|\n|t:|1700870448\n|move|p1b: Rillaboom|Grassy Glide|p2b: Urshifu\n|-supereffective|p2b: Urshifu\n|-damage|p2b: Urshifu|26\/100\n|move|p2b: Urshifu|Surging Strikes|p1a: Heatran\n|-supereffective|p1a: Heatran\n|-crit|p1a: Heatran\n|-damage|p1a: Heatran|58\/100\n|-supereffective|p1a: Heatran\n|-crit|p1a: Heatran\n|-damage|p1a: Heatran|24\/100\n|-supereffective|p1a: Heatran\n|-crit|p1a: Heatran\n|-damage|p1a: Heatran|0 fnt\n|faint|p1a: Heatran\n|-hitcount|p1: Heatran|3\n|move|p2a: Tornadus|Bleakwind Storm|p1b: Rillaboom\n|-supereffective|p1b: Rillaboom\n|-damage|p1b: Rillaboom|26\/100\n|-unboost|p1b: Rillaboom|spe|1\n|\n|-heal|p2b: Urshifu|33\/100|[from] Grassy Terrain\n|-heal|p1b: Rillaboom|33\/100|[from] Grassy Terrain\n|-sideend|p2: Iciclebutagainn|move: Tailwind\n|upkeep\n|\n|t:|1700870463\n|switch|p1a: Landorus|Landorus-Therian, L50, M|100\/100\n|-ability|p1a: Landorus|Intimidate|boost\n|-unboost|p2a: Tornadus|atk|1\n|-unboost|p2b: Urshifu|atk|1\n|turn|6\n|\n|t:|1700870473\n|switch|p2b: Gholdengo|Gholdengo, L50|100\/100\n|move|p2a: Tornadus|Tailwind|p2a: Tornadus\n|-sidestart|p2: Iciclebutagainn|move: Tailwind\n|move|p1b: Rillaboom|Grassy Glide|p2b: Gholdengo\n|-resisted|p2b: Gholdengo\n|-damage|p2b: Gholdengo|82\/100\n|move|p1a: Landorus|Rock Slide|p2b: Gholdengo|[spread] p2a,p2b\n|-supereffective|p2a: Tornadus\n|-resisted|p2b: Gholdengo\n|-damage|p2a: Tornadus|0 fnt\n|-damage|p2b: Gholdengo|71\/100\n|faint|p2a: Tornadus\n|\n|-heal|p2b: Gholdengo|77\/100|[from] Grassy Terrain\n|-heal|p2b: Gholdengo|83\/100|[from] item: Leftovers\n|-heal|p1b: Rillaboom|39\/100|[from] Grassy Terrain\n|-fieldend|move: Grassy Terrain\n|upkeep\n|\n|t:|1700870491\n|switch|p2a: Urshifu|Urshifu-Rapid-Strike, L50, F|33\/100\n|turn|7\n|\n|t:|1700870498\n|move|p2a: Urshifu|Surging Strikes|p1a: Landorus\n|-supereffective|p1a: Landorus\n|-crit|p1a: Landorus\n|-damage|p1a: Landorus|59\/100\n|-supereffective|p1a: Landorus\n|-crit|p1a: Landorus\n|-damage|p1a: Landorus|13\/100\n|-supereffective|p1a: Landorus\n|-crit|p1a: Landorus\n|-damage|p1a: Landorus|0 fnt\n|faint|p1a: Landorus\n|-hitcount|p1: Landorus|3\n|move|p2b: Gholdengo|Nasty Plot|p2b: Gholdengo\n|-boost|p2b: Gholdengo|spa|2\n|move|p1b: Rillaboom|Grassy Glide|p2a: Urshifu\n|-supereffective|p2a: Urshifu\n|-damage|p2a: Urshifu|0 fnt\n|faint|p2a: Urshifu\n|\n|-heal|p2b: Gholdengo|90\/100|[from] item: Leftovers\n|upkeep\n|-message|Noraz_x forfeited.\n|\n|win|Iciclebutagainn\n|raw|Noraz_x's rating: 1235 &rarr; <strong>1207<\/strong><br \/>(-28 for losing)\n|raw|Iciclebutagainn's rating: 1189 &rarr; <strong>1217<\/strong><br \/>(+28 for winning)\n|l|\u2606Noraz_x\n","uploadtime":1700870514,"views":11,"p1id":"norazx","p2id":"iciclebutagainn","formatid":"gen9vgc2023regulatione","rating":1207,"private":0,"password":""}