{"id":"gen9vgc2023regulatione-1997489676","p1":"ivoryplat","p2":"snaobei","format":"[Gen 9] VGC 2023 Regulation E","log":"|j|\u2606ivoryplat\n|j|\u2606snaobei\n|t:|1700814343\n|gametype|doubles\n|player|p1|ivoryplat|169|1186\n|player|p2|snaobei|102|1191\n|teamsize|p1|6\n|teamsize|p2|6\n|gen|9\n|tier|[Gen 9] VGC 2023 Regulation E\n|rated|\n|rule|Species Clause: Limit one of each Pok\u00e9mon\n|rule|Item Clause: Limit one of each item\n|clearpoke\n|poke|p1|Ogerpon-Wellspring, L50, F|\n|poke|p1|Arcanine-Hisui, L50, M|\n|poke|p1|Gholdengo, L50|\n|poke|p1|Roaring Moon, L50|\n|poke|p1|Zapdos, L50|\n|poke|p1|Enamorus, L50, F|\n|poke|p2|Iron Hands, L50|\n|poke|p2|Pincurchin, L50, F|\n|poke|p2|Iron Moth, L50|\n|poke|p2|Jolteon, L50, M|\n|poke|p2|Iron Treads, L50|\n|poke|p2|Ogerpon-Wellspring, L50, F|\n|teampreview|4\n|inactive|Battle timer is ON: inactive players will automatically lose when time's up. (requested by ivoryplat)\n|\n|t:|1700814460\n|start\n|switch|p1a: Zapdos|Zapdos, L50|100\/100\n|switch|p1b: Roaring Moon|Roaring Moon, L50, shiny|100\/100\n|switch|p2a: Jolteon|Jolteon, L50, M|100\/100\n|switch|p2b: Pincurchin|Pincurchin, L50, F|100\/100\n|-fieldstart|move: Electric Terrain|[from] ability: Electric Surge|[of] p2b: Pincurchin\n|-enditem|p1b: Roaring Moon|Booster Energy\n|-activate|p1b: Roaring Moon|ability: Protosynthesis|[fromitem]\n|-start|p1b: Roaring Moon|protosynthesisspe\n|turn|1\n|inactive|ivoryplat has 30 seconds left.\n|\n|t:|1700814490\n|-end|p1b: Roaring Moon|Protosynthesis|[silent]\n|switch|p1b: Gholdengo|Gholdengo, L50|100\/100\n|move|p2a: Jolteon|Detect|p2a: Jolteon\n|-singleturn|p2a: Jolteon|Protect\n|move|p1a: Zapdos|Tailwind|p1a: Zapdos\n|-sidestart|p1: ivoryplat|move: Tailwind\n|move|p2b: Pincurchin|Discharge|p1b: Gholdengo|[spread] p1a,p1b\n|-activate|p2a: Jolteon|move: Protect\n|-damage|p1a: Zapdos|77\/100\n|-damage|p1b: Gholdengo|79\/100\n|\n|-heal|p1b: Gholdengo|85\/100|[from] item: Leftovers\n|upkeep\n|turn|2\n|inactive|snaobei has 30 seconds left.\n|inactive|snaobei has 20 seconds left.\n|inactive|ivoryplat has 30 seconds left.\n|\n|t:|1700814539\n|move|p1a: Zapdos|Heat Wave|p2b: Pincurchin|[spread] p2a,p2b\n|-damage|p2a: Jolteon|73\/100\n|-damage|p2b: Pincurchin|76\/100\n|move|p1b: Gholdengo|Nasty Plot|p1b: Gholdengo\n|-boost|p1b: Gholdengo|spa|2\n|move|p2a: Jolteon|Thunder|p1b: Gholdengo\n|-damage|p1b: Gholdengo|21\/100\n|move|p2b: Pincurchin|Discharge|p1b: Gholdengo|[spread] p1a,p1b\n|-heal|p2a: Jolteon|98\/100|[from] ability: Volt Absorb|[of] p2b: Pincurchin\n|-damage|p1a: Zapdos|51\/100\n|-damage|p1b: Gholdengo|0 fnt\n|faint|p1b: Gholdengo\n|\n|upkeep\n|\n|t:|1700814549\n|switch|p1b: Roaring Moon|Roaring Moon, L50, shiny|100\/100\n|turn|3\n|\n|t:|1700814568\n|move|p2a: Jolteon|Detect|p2a: Jolteon\n|-singleturn|p2a: Jolteon|Protect\n|move|p1b: Roaring Moon|Earthquake|p2b: Pincurchin|[spread] p2b\n|-activate|p2a: Jolteon|move: Protect\n|-immune|p1a: Zapdos\n|-supereffective|p2b: Pincurchin\n|-damage|p2b: Pincurchin|30\/100\n|move|p1a: Zapdos|Heat Wave|p2b: Pincurchin|[spread] p2b\n|-activate|p2a: Jolteon|move: Protect\n|-damage|p2b: Pincurchin|1\/100\n|move|p2b: Pincurchin|Discharge|p1b: Roaring Moon|[spread] p1a,p1b\n|-activate|p2a: Jolteon|move: Protect\n|-resisted|p1b: Roaring Moon\n|-damage|p1a: Zapdos|25\/100\n|-damage|p1b: Roaring Moon|89\/100\n|\n|upkeep\n|turn|4\n|\n|t:|1700814590\n|switch|p2a: Iron Hands|Iron Hands, L50|100\/100\n|-activate|p2a: Iron Hands|ability: Quark Drive\n|-start|p2a: Iron Hands|quarkdriveatk\n|move|p2b: Pincurchin|Protect|p2b: Pincurchin\n|-singleturn|p2b: Pincurchin|Protect\n|move|p1b: Roaring Moon|Earthquake|p2a: Iron Hands|[spread] p2a\n|-activate|p2b: Pincurchin|move: Protect\n|-immune|p1a: Zapdos\n|-supereffective|p2a: Iron Hands\n|-damage|p2a: Iron Hands|64\/100\n|move|p1a: Zapdos|Heat Wave|p2a: Iron Hands|[spread] p2a\n|-activate|p2b: Pincurchin|move: Protect\n|-damage|p2a: Iron Hands|54\/100\n|\n|-sideend|p1: ivoryplat|move: Tailwind\n|upkeep\n|turn|5\n|inactive|snaobei has 30 seconds left.\n|inactive|snaobei has 20 seconds left.\n|\n|t:|1700814625\n|move|p2a: Iron Hands|Fake Out|p1a: Zapdos\n|-damage|p1a: Zapdos|5\/100\n|-damage|p2a: Iron Hands|37\/100|[from] item: Rocky Helmet|[of] p1a: Zapdos\n|move|p1b: Roaring Moon|Earthquake|p2a: Iron Hands|[spread] p2a,p2b\n|-immune|p1a: Zapdos\n|-supereffective|p2a: Iron Hands\n|-supereffective|p2b: Pincurchin\n|-damage|p2a: Iron Hands|0 fnt\n|-damage|p2b: Pincurchin|0 fnt\n|faint|p2a: Iron Hands\n|-end|p2a: Iron Hands|Quark Drive|[silent]\n|faint|p2b: Pincurchin\n|cant|p1a: Zapdos|flinch\n|\n|-fieldend|move: Electric Terrain\n|upkeep\n|\n|t:|1700814638\n|switch|p2a: Iron Moth|Iron Moth, L50|100\/100\n|switch|p2b: Jolteon|Jolteon, L50, M|98\/100\n|turn|6\n|\n|t:|1700814657\n|-terastallize|p2b: Jolteon|Ice\n|-terastallize|p1b: Roaring Moon|Poison\n|move|p2a: Iron Moth|Discharge|p1a: Zapdos|[spread] p1a,p1b\n|-heal|p2b: Jolteon|100\/100|[from] ability: Volt Absorb|[of] p2a: Iron Moth\n|-damage|p1a: Zapdos|0 fnt\n|-damage|p1b: Roaring Moon|67\/100\n|faint|p1a: Zapdos\n|move|p2b: Jolteon|Tera Blast|p1b: Roaring Moon|[anim] Tera Blast Ice\n|-damage|p1b: Roaring Moon|29\/100\n|move|p1b: Roaring Moon|Earthquake|p2b: Jolteon|[spread] p2a,p2b\n|-supereffective|p2a: Iron Moth\n|-damage|p2a: Iron Moth|0 fnt\n|-damage|p2b: Jolteon|53\/100\n|faint|p2a: Iron Moth\n|-end|p2a: Iron Moth|Quark Drive|[silent]\n|\n|upkeep\n|\n|t:|1700814666\n|switch|p1a: Enamorus|Enamorus, L50, F|100\/100\n|turn|7\n|\n|t:|1700814681\n|move|p2b: Jolteon|Tera Blast|p1b: Roaring Moon|[anim] Tera Blast Ice\n|-damage|p1b: Roaring Moon|0 fnt\n|faint|p1b: Roaring Moon\n|-end|p1b: Roaring Moon|Protosynthesis|[silent]\n|move|p1a: Enamorus|Iron Head|p2b: Jolteon\n|-supereffective|p2b: Jolteon\n|-damage|p2b: Jolteon|0 fnt\n|faint|p2b: Jolteon\n|-damage|p1a: Enamorus|91\/100|[from] item: Life Orb\n|\n|win|ivoryplat\n|raw|ivoryplat's rating: 1186 &rarr; <strong>1211<\/strong><br \/>(+25 for winning)\n|raw|snaobei's rating: 1191 &rarr; <strong>1166<\/strong><br \/>(-25 for losing)\n","uploadtime":1700814695,"views":23,"p1id":"ivoryplat","p2id":"snaobei","formatid":"gen9vgc2023regulatione","rating":1166,"private":0,"password":""}