{"id":"gen9vgc2023regulatione-1995079223","p1":"snakevnm","p2":"itsE","format":"[Gen 9] VGC 2023 Regulation E","log":"|j|\u2606snakevnm\n|j|\u2606itsE\n|n|\u2606snakevnm|snakevnm\n|n|\u2606itsE|itse\n|html|View the match progress at <a href=\"\/game-bestof3-gen9vgc2023regulatione-1995075525\">game-bestof3-gen9vgc2023regulatione-1995075525<\/a>\n|t:|1700520263\n|gametype|doubles\n|player|p1|snakevnm|dawn-gen4pt|\n|player|p2|itsE|thorton|\n|teamsize|p1|6\n|teamsize|p2|6\n|gen|9\n|tier|[Gen 9] VGC 2023 Regulation E\n|rule|Species Clause: Limit one of each Pok\u00e9mon\n|rule|Item Clause: Limit one of each item\n|clearpoke\n|poke|p1|Armarouge, L50, M|\n|poke|p1|Indeedee-F, L50, F|\n|poke|p1|Ursaluna, L50, M|\n|poke|p1|Quaquaval, L50, F|\n|poke|p1|Dragapult, L50, F|\n|poke|p1|Maushold-Four, L50|\n|poke|p2|Kommo-o, L50, F|\n|poke|p2|Garganacl, L50, F|\n|poke|p2|Gholdengo, L50|\n|poke|p2|Meowscarada, L50, F|\n|poke|p2|Fezandipiti, L50, M|\n|poke|p2|Okidogi, L50, M|\n|teampreview|4\nsnakevnm has agreed to open team sheets.\n|j| Llama_Llord\nitsE has agreed to open team sheets.\n|showteam|p1|Armarouge||ChestoBerry|FlashFire|ExpandingForce,ArmorCannon,Protect,Rest|||M|||50|,,,,,Psychic]Indeedee-F||SitrusBerry|PsychicSurge|TrickRoom,FollowMe,Psychic,Protect|||F|||50|,,,,,Normal]Ursaluna||FlameOrb|Guts|HeadlongRush,Facade,Protect,CloseCombat|||M|||50|,,,,,Poison]Quaquaval||MysticWater|Moxie|AquaStep,CloseCombat,Protect,IceSpinner|||F|||50|,,,,,Fairy]Dragapult||PowerHerb|ClearBody|DragonDarts,PhantomForce,Protect,Uturn|||F|||50|,,,,,Electric]Maushold-Four||WideLens|Technician|PopulationBomb,TidyUp,Substitute,Protect||||||50|,,,,,Ghost\n|showteam|p2|Kommo-o||ThroatSpray|Soundproof|ClangorousSoul,Boomburst,ClangingScales,Flamethrower|||F|||50|,,,,,Steel]Garganacl||Leftovers|PurifyingSalt|SaltCure,Recover,WideGuard,Protect|||F|||50|,,,,,Dragon]Gholdengo||ChoiceSpecs|GoodasGold|MakeItRain,ShadowBall,PowerGem,FocusBlast||||||50|,,,,,Fairy]Meowscarada||FocusSash|Overgrow|FlowerTrick,KnockOff,SuckerPunch,Protect|||F|||50|,,,,,Dark]Fezandipiti||KingsRock|ToxicChain|BeatUp,Protect,DazzlingGleam,Tailwind|||M|||50|,,,,,Poison]Okidogi||AssaultVest|ToxicChain|Snarl,KnockOff,DrainPunch,PoisonJab|||M|||50|,,,,,Dark\n|\n|t:|1700520292\n|start\n|switch|p1a: i fingerpaint|Armarouge, L50, M, shiny|100\/100\n|switch|p1b: paint|Indeedee-F, L50, F, shiny|100\/100\n|switch|p2a: Meowscarada|Meowscarada, L50, F|100\/100\n|switch|p2b: Gholdengo|Gholdengo, L50|100\/100\n|-fieldstart|move: Psychic Terrain|[from] ability: Psychic Surge|[of] p1b: paint\n|turn|1\n|\n|t:|1700520318\n|-terastallize|p1b: paint|Normal\n|move|p1a: i fingerpaint|Protect|p1a: i fingerpaint\n|-singleturn|p1a: i fingerpaint|Protect\n|move|p2a: Meowscarada|Knock Off|p1b: paint\n|-damage|p1b: paint|39\/100\n|-enditem|p1b: paint|Sitrus Berry|[from] move: Knock Off|[of] p2a: Meowscarada\n|move|p2b: Gholdengo|Shadow Ball|p1a: i fingerpaint\n|-activate|p1a: i fingerpaint|move: Protect\n|move|p1b: paint|Trick Room|p1b: paint\n|-fieldstart|move: Trick Room|[of] p1b: paint\n|\n|upkeep\n|turn|2\n|\n|t:|1700520351\n|move|p2a: Meowscarada|Protect|p2a: Meowscarada\n|-singleturn|p2a: Meowscarada|Protect\n|move|p1b: paint|Follow Me|p1b: paint\n|-singleturn|p1b: paint|move: Follow Me\n|move|p1a: i fingerpaint|Armor Cannon|p2a: Meowscarada\n|-activate|p2a: Meowscarada|move: Protect\n|move|p2b: Gholdengo|Shadow Ball|p1b: paint\n|-immune|p1b: paint\n|\n|upkeep\n|turn|3\n|\n|t:|1700520365\n|switch|p2a: Garganacl|Garganacl, L50, F|100\/100\n|move|p1b: paint|Follow Me|p1b: paint\n|-singleturn|p1b: paint|move: Follow Me\n|move|p1a: i fingerpaint|Armor Cannon|p2a: Garganacl\n|-resisted|p2a: Garganacl\n|-damage|p2a: Garganacl|73\/100\n|-unboost|p1a: i fingerpaint|def|1\n|-unboost|p1a: i fingerpaint|spd|1\n|move|p2b: Gholdengo|Shadow Ball|p1b: paint\n|-immune|p1b: paint\n|\n|-heal|p2a: Garganacl|79\/100|[from] item: Leftovers\n|upkeep\n|turn|4\n|\n|t:|1700520407\n|switch|p2b: Meowscarada|Meowscarada, L50, F|100\/100\n|move|p1b: paint|Follow Me|p1b: paint\n|-singleturn|p1b: paint|move: Follow Me\n|move|p2a: Garganacl|Salt Cure|p1b: paint\n|-damage|p1b: paint|24\/100\n|-start|p1b: paint|Salt Cure\n|move|p1a: i fingerpaint|Expanding Force|p2b: Meowscarada|[spread] p2a\n|-immune|p2b: Meowscarada\n|-damage|p2a: Garganacl|24\/100\n|\n|-heal|p2a: Garganacl|29\/100|[from] item: Leftovers\n|-damage|p1b: paint|11\/100|[from] Salt Cure\n|upkeep\n|turn|5\n|\n|t:|1700520469\n|move|p2a: Garganacl|Protect|p2a: Garganacl\n|-singleturn|p2a: Garganacl|Protect\n|move|p2b: Meowscarada|Protect|p2b: Meowscarada\n|-singleturn|p2b: Meowscarada|Protect\n|move|p1a: i fingerpaint|Armor Cannon|p2b: Meowscarada\n|-activate|p2b: Meowscarada|move: Protect\n|move|p1b: paint|Psychic|p2a: Garganacl\n|-activate|p2a: Garganacl|move: Protect\n|\n|-heal|p2a: Garganacl|35\/100|[from] item: Leftovers\n|-damage|p1b: paint|0 fnt|[from] Salt Cure\n|faint|p1b: paint\n|-fieldend|move: Trick Room\n|-fieldend|move: Psychic Terrain\n|upkeep\n|\n|t:|1700520487\n|switch|p1b: ooh im a ghost|Dragapult, L50, F, shiny|100\/100\n|turn|6\n|\n|t:|1700520510\n|move|p2b: Meowscarada|Sucker Punch|p1b: ooh im a ghost\n|-supereffective|p1b: ooh im a ghost\n|-damage|p1b: ooh im a ghost|8\/100\n|move|p1b: ooh im a ghost|Dragon Darts|p2a: Garganacl\n|-damage|p2a: Garganacl|19\/100\n|-anim|p1b: ooh im a ghost|Dragon Darts|p2b: Meowscarada\n|-damage|p2b: Meowscarada|55\/100\n|move|p1a: i fingerpaint|Armor Cannon|p2b: Meowscarada\n|-supereffective|p2b: Meowscarada\n|-damage|p2b: Meowscarada|0 fnt\n|-unboost|p1a: i fingerpaint|def|1\n|-unboost|p1a: i fingerpaint|spd|1\n|faint|p2b: Meowscarada\n|move|p2a: Garganacl|Salt Cure|p1a: i fingerpaint\n|-supereffective|p1a: i fingerpaint\n|-damage|p1a: i fingerpaint|47\/100\n|-start|p1a: i fingerpaint|Salt Cure\n|\n|-heal|p2a: Garganacl|25\/100|[from] item: Leftovers\n|-damage|p1a: i fingerpaint|35\/100|[from] Salt Cure\n|upkeep\n|\n|t:|1700520523\n|switch|p2b: Kommo-o|Kommo-o, L50, F|100\/100\n|turn|7\n|\n|t:|1700520604\n|move|p2a: Garganacl|Wide Guard|p2a: Garganacl\n|-singleturn|p2a: Garganacl|Wide Guard\n|move|p1b: ooh im a ghost|Dragon Darts|p2b: Kommo-o\n|-supereffective|p2b: Kommo-o\n|-damage|p2b: Kommo-o|56\/100\n|-anim|p1b: ooh im a ghost|Dragon Darts|p2a: Garganacl\n|-damage|p2a: Garganacl|10\/100\n|move|p2b: Kommo-o|Clanging Scales|p1a: i fingerpaint|[spread] p1a,p1b\n|-supereffective|p1b: ooh im a ghost\n|-damage|p1a: i fingerpaint|0 fnt\n|-damage|p1b: ooh im a ghost|0 fnt\n|faint|p1a: i fingerpaint\n|faint|p1b: ooh im a ghost\n|-unboost|p2b: Kommo-o|def|1\n|-enditem|p2b: Kommo-o|Throat Spray\n|-boost|p2b: Kommo-o|spa|1|[from] item: Throat Spray\n|\n|-heal|p2a: Garganacl|16\/100|[from] item: Leftovers\n|upkeep\n|\n|t:|1700520622\n|switch|p1b: emadrews|Ursaluna, L50, M, shiny|100\/100\n|turn|8\n|c|\u2606snakevnm|gg\n|\n|t:|1700520640\n|move|p1b: emadrews|Protect|p1b: emadrews\n|-singleturn|p1b: emadrews|Protect\n|move|p2b: Kommo-o|Clanging Scales|p1b: emadrews\n|-activate|p1b: emadrews|move: Protect\n|move|p2a: Garganacl|Salt Cure|p1b: emadrews\n|-activate|p1b: emadrews|move: Protect\n|\n|-heal|p2a: Garganacl|22\/100|[from] item: Leftovers\n|-status|p1b: emadrews|brn|[from] item: Flame Orb\n|upkeep\n|turn|9\n|\n|t:|1700520659\n|move|p2b: Kommo-o|Clanging Scales|p1b: emadrews\n|-damage|p1b: emadrews|25\/100 brn\n|-unboost|p2b: Kommo-o|def|1\n|move|p1b: emadrews|Facade|p2b: Kommo-o\n|-damage|p2b: Kommo-o|0 fnt\n|faint|p2b: Kommo-o\n|move|p2a: Garganacl|Salt Cure|p1b: emadrews\n|-resisted|p1b: emadrews\n|-damage|p1b: emadrews|20\/100 brn\n|-start|p1b: emadrews|Salt Cure\n|\n|-heal|p2a: Garganacl|28\/100|[from] item: Leftovers\n|-damage|p1b: emadrews|14\/100 brn|[from] brn\n|-damage|p1b: emadrews|2\/100 brn|[from] Salt Cure\n|upkeep\n|\n|t:|1700520662\n|switch|p2b: Gholdengo|Gholdengo, L50|100\/100\n|turn|10\n|c|\u2606itsE|ggs\n|\n|t:|1700520687\n|-terastallize|p2a: Garganacl|Dragon\n|move|p2b: Gholdengo|Make It Rain|p1b: emadrews\n|-damage|p1b: emadrews|0 fnt\n|-unboost|p2b: Gholdengo|spa|1\n|faint|p1b: emadrews\n|\n|win|itsE\n","uploadtime":1700520696,"views":9,"p1id":"snakevnm","p2id":"itse","formatid":"gen9vgc2023regulatione","rating":0,"private":0,"password":""}