{"id":"gen9vgc2023regulatione-1994684090","p1":"Shaquille O Nell","p2":"Tilzy","format":"[Gen 9] VGC 2023 Regulation E","log":"|j|\u2606Shaquille O Nell\n|j|\u2606Tilzy\n|t:|1700480616\n|gametype|doubles\n|player|p1|Shaquille O Nell|hilbert|\n|player|p2|Tilzy|101|\n|teamsize|p1|6\n|teamsize|p2|6\n|gen|9\n|tier|[Gen 9] VGC 2023 Regulation E\n|rated|Tournament battle\n|rule|Species Clause: Limit one of each Pok\u00e9mon\n|rule|Item Clause: Limit one of each item\n|clearpoke\n|poke|p1|Roaring Moon, L50|\n|poke|p1|Gholdengo, L50|\n|poke|p1|Arcanine-Hisui, L50, F|\n|poke|p1|Ogerpon, L50, F|\n|poke|p1|Urshifu-*, L50, M|\n|poke|p1|Iron Hands, L50|\n|poke|p2|Dondozo, L50, M|\n|poke|p2|Tatsugiri, L50, M|\n|poke|p2|Indeedee-F, L50, F|\n|poke|p2|Armarouge, L50, M|\n|poke|p2|Lilligant-Hisui, L50, F|\n|poke|p2|Torkoal, L50, F|\n|teampreview|4\n|\n|t:|1700480655\n|start\n|switch|p1a: Roaring Moon|Roaring Moon, L50|100\/100\n|switch|p1b: Iron Hands|Iron Hands, L50|100\/100\n|switch|p2a: Indeedee|Indeedee-F, L50, F|100\/100\n|switch|p2b: Armarouge|Armarouge, L50, M|100\/100\n|-fieldstart|move: Psychic Terrain|[from] ability: Psychic Surge|[of] p2a: Indeedee\n|-enditem|p2a: Indeedee|Psychic Seed\n|-boost|p2a: Indeedee|spd|1|[from] item: Psychic Seed\n|-enditem|p1a: Roaring Moon|Booster Energy\n|-activate|p1a: Roaring Moon|ability: Protosynthesis|[fromitem]\n|-start|p1a: Roaring Moon|protosynthesisspe\n|turn|1\n|\n|t:|1700480673\n|move|p2a: Indeedee|Follow Me|p2a: Indeedee\n|-singleturn|p2a: Indeedee|move: Follow Me\n|move|p1a: Roaring Moon|Knock Off|p2a: Indeedee\n|-supereffective|p2a: Indeedee\n|-damage|p2a: Indeedee|45\/100\n|move|p1b: Iron Hands|Drain Punch|p2a: Indeedee\n|-damage|p2a: Indeedee|8\/100\n|move|p2b: Armarouge|Trick Room|p2b: Armarouge\n|-fieldstart|move: Trick Room|[of] p2b: Armarouge\n|\n|upkeep\n|turn|2\n|\n|t:|1700480693\n|move|p2b: Armarouge|Focus Blast|p1a: Roaring Moon|[miss]\n|-miss|p2b: Armarouge|p1a: Roaring Moon\n|move|p2a: Indeedee|Dazzling Gleam|p1b: Iron Hands|[spread] p1a,p1b\n|-supereffective|p1a: Roaring Moon\n|-supereffective|p1b: Iron Hands\n|-damage|p1a: Roaring Moon|52\/100\n|-damage|p1b: Iron Hands|85\/100\n|move|p1b: Iron Hands|Drain Punch|p2a: Indeedee\n|-damage|p2a: Indeedee|0 fnt\n|-heal|p1b: Iron Hands|88\/100|[from] drain|[of] p2a: Indeedee\n|faint|p2a: Indeedee\n|move|p1a: Roaring Moon|Knock Off|p2b: Armarouge\n|-supereffective|p2b: Armarouge\n|-damage|p2b: Armarouge|8\/100\n|-enditem|p2b: Armarouge|Life Orb|[from] move: Knock Off|[of] p1a: Roaring Moon\n|\n|upkeep\n|\n|t:|1700480702\n|switch|p2a: Torkoal|Torkoal, L50, F|100\/100\n|-weather|SunnyDay|[from] ability: Drought|[of] p2a: Torkoal\n|turn|3\n|\n|t:|1700480723\n|-terastallize|p1b: Iron Hands|Water\n|move|p1a: Roaring Moon|Protect|p1a: Roaring Moon\n|-singleturn|p1a: Roaring Moon|Protect\n|move|p2a: Torkoal|Eruption|p1b: Iron Hands|[spread] p1b\n|-activate|p1a: Roaring Moon|move: Protect\n|-resisted|p1b: Iron Hands\n|-damage|p1b: Iron Hands|61\/100\n|move|p2b: Armarouge|Heat Wave|p1a: Roaring Moon|[spread] p1b\n|-activate|p1a: Roaring Moon|move: Protect\n|-resisted|p1b: Iron Hands\n|-damage|p1b: Iron Hands|46\/100\n|move|p1b: Iron Hands|Volt Switch|p2b: Armarouge\n|-damage|p2b: Armarouge|0 fnt\n|faint|p2b: Armarouge\n|\n|t:|1700480737\n|-end|p1b: Iron Hands|Quark Drive|[silent]\n|switch|p1b: Urshifu|Urshifu-Rapid-Strike, L50, M|100\/100|[from] Volt Switch\n|\n|-weather|SunnyDay|[upkeep]\n|upkeep\n|\n|t:|1700480741\n|switch|p2b: Dondozo|Dondozo, L50, M|100\/100\n|turn|4\n|\n|t:|1700480755\n|-terastallize|p2a: Torkoal|Fire\n|move|p2a: Torkoal|Eruption|p1a: Roaring Moon|[spread] p1a,p1b\n|-resisted|p1a: Roaring Moon\n|-resisted|p1b: Urshifu\n|-damage|p1a: Roaring Moon|0 fnt\n|-damage|p1b: Urshifu|10\/100\n|faint|p1a: Roaring Moon\n|-end|p1a: Roaring Moon|Protosynthesis|[silent]\n|move|p2b: Dondozo|Order Up|p1b: Urshifu\n|-damage|p1b: Urshifu|0 fnt\n|faint|p1b: Urshifu\n|\n|-weather|SunnyDay|[upkeep]\n|upkeep\n|\n|t:|1700480764\n|switch|p1b: Iron Hands|Iron Hands, L50, tera:Water|46\/100\n|switch|p1a: Arcanine|Arcanine-Hisui, L50, F|100\/100\n|-ability|p1a: Arcanine|Intimidate|boost\n|-unboost|p2a: Torkoal|atk|1\n|-unboost|p2b: Dondozo|atk|1\n|turn|5\n|\n|t:|1700480773\n|move|p2a: Torkoal|Eruption|p1b: Iron Hands|[spread] p1a,p1b\n|-resisted|p1a: Arcanine\n|-resisted|p1b: Iron Hands\n|-damage|p1a: Arcanine|61\/100\n|-damage|p1b: Iron Hands|5\/100\n|move|p2b: Dondozo|Earthquake|p1a: Arcanine|[spread] p2a,p1a,p1b\n|-supereffective|p2a: Torkoal\n|-supereffective|p1a: Arcanine\n|-damage|p2a: Torkoal|75\/100\n|-damage|p1a: Arcanine|0 fnt\n|-damage|p1b: Iron Hands|0 fnt\n|faint|p1a: Arcanine\n|faint|p1b: Iron Hands\n|-end|p1b: Iron Hands|Quark Drive|[silent]\n|\n|win|Tilzy\n|n|\u2606Shaquille O Nell|shaquilleonell\n|n|\u2606Tilzy|tilzy\n","uploadtime":1700480775,"views":4,"p1id":"shaquilleonell","p2id":"tilzy","formatid":"gen9vgc2023regulatione","rating":0,"private":0,"password":""}