{"id":"gen9vgc2023regulatione-1995688560","p1":"Dice Player","p2":"DigioVGC","format":"[Gen 9] VGC 2023 Regulation E","log":"|j|\u2606Dice Player\n|j|\u2606DigioVGC\n|n|\u2606Dice Player|diceplayer\n|n|\u2606DigioVGC|digiovgc\n|html|View the match progress at <a href=\"\/game-bestof3-gen9vgc2023regulatione-1995688559\">game-bestof3-gen9vgc2023regulatione-1995688559<\/a>\n|t:|1700594096\n|gametype|doubles\n|player|p1|Dice Player|265|\n|player|p2|DigioVGC|steven|\n|teamsize|p1|6\n|teamsize|p2|6\n|gen|9\n|tier|[Gen 9] VGC 2023 Regulation E\n|rule|Species Clause: Limit one of each Pok\u00e9mon\n|rule|Item Clause: Limit one of each item\n|clearpoke\n|poke|p1|Gastrodon, L50, F|\n|poke|p1|Landorus-Therian, L50, M|\n|poke|p1|Heatran, L50, F|\n|poke|p1|Flutter Mane, L50|\n|poke|p1|Rillaboom, L50, F|\n|poke|p1|Kingambit, L50, M|\n|poke|p2|Landorus-Therian, L50, M|\n|poke|p2|Weezing, L50, M|\n|poke|p2|Roaring Moon, L50|\n|poke|p2|Ogerpon-Hearthflame, L50, F|\n|poke|p2|Iron Hands, L50|\n|poke|p2|Flutter Mane, L50|\n|teampreview|4\nDigioVGC has agreed to open team sheets.\n|c|\u2606DigioVGC|glh\n|c|\u2606DigioVGC|f\nDice Player has agreed to open team sheets.\n|showteam|p1|Gastrodon||SitrusBerry|StormDrain|EarthPower,IcyWind,Yawn,Protect|||F|||50|,,,,,Poison]Landorus-Therian||ChoiceScarf|Intimidate|StompingTantrum,TeraBlast,Uturn,RockSlide|||M|||50|,,,,,Flying]Heatran||Leftovers|FlashFire|MagmaStorm,EarthPower,Substitute,Protect|||F|||50|,,,,,Fairy]Flutter Mane||ChoiceSpecs|Protosynthesis|Moonblast,DazzlingGleam,ShadowBall,PerishSong||||||50|,,,,,Fairy]Rillaboom||MeadowPlate|GrassySurge|FakeOut,GrassyGlide,Protect,WoodHammer|||F|||50|,,,,,Fire]Kingambit||AssaultVest|Defiant|KowtowCleave,SuckerPunch,IronHead,TeraBlast|||M|||50|,,,,,Fairy\n|showteam|p2|Landorus-Therian||AbilityShield|Intimidate|StompingTantrum,Uturn,TeraBlast,Protect|||M|||50|,,,,,Flying]Weezing||SitrusBerry|NeutralizingGas|SludgeBomb,WillOWisp,Taunt,Protect|||M|||50|,,,,,Ghost]Roaring Moon||BoosterEnergy|Protosynthesis|BreakingSwipe,KnockOff,Tailwind,Protect||||||50|,,,,,Fairy]Ogerpon-Hearthflame||HearthflameMask|MoldBreaker|IvyCudgel,HornLeech,SwordsDance,SpikyShield|||F|||50|,,,,,Fire]Iron Hands||AssaultVest|QuarkDrive|WildCharge,DrainPunch,HeavySlam,FakeOut||||||50|,,,,,Water]Flutter Mane||ChoiceSpecs|Protosynthesis|Moonblast,ShadowBall,DazzlingGleam,Thunderbolt||||||50|,,,,,Fairy\n|\n|t:|1700594161\n|start\n|switch|p1a: Heatran|Heatran, L50, F|100\/100\n|switch|p1b: Rillaboom|Rillaboom, L50, F|100\/100\n|switch|p2a: Weezing|Weezing, L50, M|100\/100\n|switch|p2b: Landorus|Landorus-Therian, L50, M|100\/100\n|-ability|p2a: Weezing|Neutralizing Gas\n|-block|p2b: Landorus|item: Ability Shield\n|-ability|p2b: Landorus|Intimidate|boost\n|-unboost|p1a: Heatran|atk|1\n|-unboost|p1b: Rillaboom|atk|1\n|turn|1\n|j| DOUUS Octoto\n|c| DOUUS Octoto|grazie mille\n|l| DOUUS Octoto\n|j| DOUUS Octoto\n|c|\u2606DigioVGC|no problem\n|\n|t:|1700594206\n|move|p2b: Landorus|Protect|p2b: Landorus\n|-singleturn|p2b: Landorus|Protect\n|move|p2a: Weezing|Protect|p2a: Weezing\n|-singleturn|p2a: Weezing|Protect\n|move|p1b: Rillaboom|Fake Out|p2b: Landorus\n|-activate|p2b: Landorus|move: Protect\n|move|p1a: Heatran|Substitute|p1a: Heatran\n|-start|p1a: Heatran|Substitute\n|-damage|p1a: Heatran|75\/100\n|\n|-heal|p1a: Heatran|82\/100|[from] item: Leftovers\n|upkeep\n|turn|2\n|\n|t:|1700594246\n|-end|p2a: Weezing|ability: Neutralizing Gas\n|-fieldstart|move: Grassy Terrain|[from] ability: Grassy Surge|[of] p1b: Rillaboom\n|switch|p2a: Ogerpon|Ogerpon-Hearthflame, L50, F|100\/100\n|-ability|p2a: Ogerpon|Mold Breaker\n|-terastallize|p2b: Landorus|Flying\n|-terastallize|p1a: Heatran|Fairy\n|move|p1b: Rillaboom|Protect|p1b: Rillaboom\n|-singleturn|p1b: Rillaboom|Protect\n|move|p2b: Landorus|Tera Blast|p1b: Rillaboom|[anim] Tera Blast Flying\n|-activate|p1b: Rillaboom|move: Protect\n|move|p1a: Heatran|Earth Power|p2a: Ogerpon\n|-damage|p2a: Ogerpon|70\/100\n|\n|-heal|p2a: Ogerpon|76\/100|[from] Grassy Terrain\n|-heal|p1a: Heatran|88\/100|[from] Grassy Terrain\n|-heal|p1a: Heatran|94\/100|[from] item: Leftovers\n|upkeep\n|turn|3\n|\n|t:|1700594267\n|switch|p1b: Landorus|Landorus-Therian, L50, M|100\/100\n|-ability|p1b: Landorus|Intimidate|boost\n|-unboost|p2a: Ogerpon|atk|1\n|-unboost|p2b: Landorus|atk|1\n|move|p2a: Ogerpon|Swords Dance|p2a: Ogerpon\n|-boost|p2a: Ogerpon|atk|2\n|move|p2b: Landorus|Tera Blast|p1a: Heatran|[anim] Tera Blast Flying\n|-end|p1a: Heatran|Substitute\n|move|p1a: Heatran|Magma Storm|p2a: Ogerpon\n|-damage|p2a: Ogerpon|21\/100\n|-activate|p2a: Ogerpon|move: Magma Storm|[of] p1a: Heatran\n|\n|-heal|p2a: Ogerpon|27\/100|[from] Grassy Terrain\n|-heal|p1a: Heatran|100\/100|[from] Grassy Terrain\n|-damage|p2a: Ogerpon|15\/100|[from] move: Magma Storm|[partiallytrapped]\n|upkeep\n|turn|4\n|\n|t:|1700594296\n|move|p1b: Landorus|Rock Slide|p2b: Landorus|[spread] p2a,p2b\n|-supereffective|p2a: Ogerpon\n|-supereffective|p2b: Landorus\n|-damage|p2a: Ogerpon|0 fnt\n|-damage|p2b: Landorus|60\/100\n|faint|p2a: Ogerpon\n|move|p2b: Landorus|Tera Blast|p1b: Landorus|[anim] Tera Blast Flying\n|-damage|p1b: Landorus|60\/100\n|move|p1a: Heatran|Magma Storm|p2b: Landorus\n|-damage|p2b: Landorus|14\/100\n|-activate|p2b: Landorus|move: Magma Storm|[of] p1a: Heatran\n|\n|-damage|p2b: Landorus|2\/100|[from] move: Magma Storm|[partiallytrapped]\n|upkeep\n|\n|t:|1700594303\n|switch|p2a: Iron Hands|Iron Hands, L50|100\/100\n|turn|5\n|\n|t:|1700594320\n|switch|p1b: Rillaboom|Rillaboom, L50, F|100\/100\n|move|p1a: Heatran|Protect|p1a: Heatran\n|-singleturn|p1a: Heatran|Protect\n|move|p2b: Landorus|Stomping Tantrum|p1a: Heatran\n|-activate|p1a: Heatran|move: Protect\n|move|p2a: Iron Hands|Heavy Slam|p1a: Heatran\n|-activate|p1a: Heatran|move: Protect\n|\n|-damage|p2b: Landorus|0 fnt|[from] move: Magma Storm|[partiallytrapped]\n|faint|p2b: Landorus\n|upkeep\n|\n|t:|1700594327\n|switch|p2b: Weezing|Weezing, L50, M|100\/100\n|-ability|p2b: Weezing|Neutralizing Gas\n|turn|6\n|-message|DigioVGC forfeited.\n|\n|win|Dice Player\n|c|&|\/uhtml prompt-digiovgc,DigioVGC is ready for game 2!\n|c|&|\/uhtml prompt-diceplayer,Dice Player is ready for game 2!\nBoth players are ready! Starting next match!\n|l|\u2606DigioVGC\n|l| DOUUS Octoto\n|l|\u2606Dice Player\n|j|\u2606Dice Player\n|player|p1|Dice Player|265\n","uploadtime":1700594698,"views":10,"p1id":"diceplayer","p2id":"digiovgc","formatid":"gen9vgc2023regulatione","rating":0,"private":0,"password":""}