{"id":"gen9vgc2023regulatione-1990798128","p1":"FrozenNillaWafers","p2":"diegodm2694","format":"[Gen 9] VGC 2023 Regulation E","log":"|j|\u2606FrozenNillaWafers\n|j|\u2606diegodm2694\n|t:|1700001892\n|gametype|doubles\n|player|p1|FrozenNillaWafers|bede|1414\n|player|p2|diegodm2694|170|1507\n|teamsize|p1|6\n|teamsize|p2|6\n|gen|9\n|tier|[Gen 9] VGC 2023 Regulation E\n|rated|\n|rule|Species Clause: Limit one of each Pok\u00e9mon\n|rule|Item Clause: Limit one of each item\n|clearpoke\n|poke|p1|Iron Bundle, L50|\n|poke|p1|Kommo-o, L50, F|\n|poke|p1|Ogerpon-Wellspring, L50, F|\n|poke|p1|Tornadus, L50, M|\n|poke|p1|Arcanine-Hisui, L50, F|\n|poke|p1|Gholdengo, L50|\n|poke|p2|Clefairy, L50, F|\n|poke|p2|Roaring Moon, L50|\n|poke|p2|Flutter Mane, L50|\n|poke|p2|Heatran, L50, M|\n|poke|p2|Ogerpon-Hearthflame, L50, F|\n|poke|p2|Urshifu-*, L50, F|\n|teampreview|4\n|\n|t:|1700001928\n|start\n|switch|p1a: Tornadus|Tornadus, L50, M|100\/100\n|switch|p1b: Arcanine|Arcanine-Hisui, L50, F|100\/100\n|switch|p2a: Roaring Moon|Roaring Moon, L50|100\/100\n|switch|p2b: Urshifu|Urshifu-Rapid-Strike, L50, F|100\/100\n|-ability|p1b: Arcanine|Intimidate|boost\n|-unboost|p2a: Roaring Moon|atk|1\n|-unboost|p2b: Urshifu|atk|1\n|-enditem|p2a: Roaring Moon|Booster Energy\n|-activate|p2a: Roaring Moon|ability: Protosynthesis|[fromitem]\n|-start|p2a: Roaring Moon|protosynthesisspe\n|turn|1\n|inactive|Battle timer is ON: inactive players will automatically lose when time's up. (requested by diegodm2694)\n|\n|t:|1700001951\n|-terastallize|p1b: Arcanine|Fairy\n|move|p1a: Tornadus|Tailwind|p1a: Tornadus\n|-sidestart|p1: FrozenNillaWafers|move: Tailwind\n|move|p2a: Roaring Moon|Tailwind|p2a: Roaring Moon\n|-sidestart|p2: diegodm2694|move: Tailwind\n|move|p2b: Urshifu|Surging Strikes|p1b: Arcanine\n|-crit|p1b: Arcanine\n|-damage|p1b: Arcanine|76\/100\n|-crit|p1b: Arcanine\n|-damage|p1b: Arcanine|52\/100\n|-crit|p1b: Arcanine\n|-damage|p1b: Arcanine|29\/100\n|-hitcount|p1b: Arcanine|3\n|move|p1b: Arcanine|Tera Blast|p2b: Urshifu|[anim] Tera Blast Fairy\n|-supereffective|p2b: Urshifu\n|-damage|p2b: Urshifu|14\/100\n|\n|upkeep\n|turn|2\n|\n|t:|1700001971\n|move|p1b: Arcanine|Extreme Speed|p2b: Urshifu\n|-damage|p2b: Urshifu|0 fnt\n|faint|p2b: Urshifu\n|move|p2a: Roaring Moon|Knock Off|p1a: Tornadus\n|-damage|p1a: Tornadus|62\/100\n|-enditem|p1a: Tornadus|Mental Herb|[from] move: Knock Off|[of] p2a: Roaring Moon\n|move|p1a: Tornadus|Bleakwind Storm|p2a: Roaring Moon\n|-damage|p2a: Roaring Moon|56\/100\n|\n|upkeep\n|j| baaaaat_\n|\n|t:|1700001986\n|switch|p2b: Flutter Mane|Flutter Mane, L50|100\/100\n|turn|3\n|\n|t:|1700001998\n|switch|p1b: Gholdengo|Gholdengo, L50|100\/100\n|move|p2a: Roaring Moon|Acrobatics|p1a: Tornadus\n|-damage|p1a: Tornadus|31\/100\n|move|p2b: Flutter Mane|Dazzling Gleam|p1a: Tornadus|[spread] p1a,p1b\n|-resisted|p1b: Gholdengo\n|-crit|p1b: Gholdengo\n|-damage|p1a: Tornadus|0 fnt\n|-damage|p1b: Gholdengo|68\/100\n|faint|p1a: Tornadus\n|\n|-heal|p1b: Gholdengo|74\/100|[from] item: Leftovers\n|upkeep\n|\n|t:|1700002016\n|switch|p1a: Arcanine|Arcanine-Hisui, L50, F, tera:Fairy|29\/100\n|-ability|p1a: Arcanine|Intimidate|boost\n|-unboost|p2a: Roaring Moon|atk|1\n|-unboost|p2b: Flutter Mane|atk|1\n|turn|4\n|\n|t:|1700002033\n|move|p1b: Gholdengo|Protect|p1b: Gholdengo\n|-singleturn|p1b: Gholdengo|Protect\n|move|p2a: Roaring Moon|Knock Off|p1b: Gholdengo\n|-activate|p1b: Gholdengo|move: Protect\n|move|p2b: Flutter Mane|Dazzling Gleam|p1a: Arcanine|[spread] p1a\n|-activate|p1b: Gholdengo|move: Protect\n|-damage|p1a: Arcanine|0 fnt\n|faint|p1a: Arcanine\n|\n|-heal|p1b: Gholdengo|80\/100|[from] item: Leftovers\n|-sideend|p1: FrozenNillaWafers|move: Tailwind\n|-sideend|p2: diegodm2694|move: Tailwind\n|upkeep\n|\n|t:|1700002044\n|switch|p1a: Ogerpon|Ogerpon-Wellspring, L50, F|100\/100\n|turn|5\n|\n|t:|1700002061\n|move|p2a: Roaring Moon|Protect|p2a: Roaring Moon\n|-singleturn|p2a: Roaring Moon|Protect\n|move|p1a: Ogerpon|Spiky Shield|p1a: Ogerpon\n|-singleturn|p1a: Ogerpon|move: Protect\n|move|p2b: Flutter Mane|Dazzling Gleam|p1a: Ogerpon|[spread] p1b\n|-activate|p1a: Ogerpon|move: Protect\n|-resisted|p1b: Gholdengo\n|-damage|p1b: Gholdengo|59\/100\n|move|p1b: Gholdengo|Make It Rain|p2a: Roaring Moon|[spread] p2b\n|-activate|p2a: Roaring Moon|move: Protect\n|-supereffective|p2b: Flutter Mane\n|-damage|p2b: Flutter Mane|9\/100\n|-unboost|p1b: Gholdengo|spa|1\n|\n|-heal|p1b: Gholdengo|65\/100|[from] item: Leftovers\n|upkeep\n|turn|6\n|l| baaaaat_\n|\n|t:|1700002085\n|move|p1a: Ogerpon|Spiky Shield||[still]\n|-fail|p1a: Ogerpon\n|move|p2a: Roaring Moon|Acrobatics|p1a: Ogerpon\n|-supereffective|p1a: Ogerpon\n|-damage|p1a: Ogerpon|59\/100\n|move|p2b: Flutter Mane|Dazzling Gleam|p1b: Gholdengo|[spread] p1a,p1b\n|-resisted|p1b: Gholdengo\n|-damage|p1a: Ogerpon|6\/100\n|-damage|p1b: Gholdengo|43\/100\n|move|p1b: Gholdengo|Make It Rain|p2a: Roaring Moon|[spread] p2a,p2b\n|-supereffective|p2b: Flutter Mane\n|-damage|p2a: Roaring Moon|29\/100\n|-damage|p2b: Flutter Mane|0 fnt\n|-unboost|p1b: Gholdengo|spa|1\n|faint|p2b: Flutter Mane\n|-end|p2b: Flutter Mane|Protosynthesis|[silent]\n|\n|-heal|p1b: Gholdengo|49\/100|[from] item: Leftovers\n|upkeep\n|\n|t:|1700002100\n|switch|p2b: Ogerpon|Ogerpon-Hearthflame, L50, F|100\/100\n|-ability|p2b: Ogerpon|Mold Breaker\n|turn|7\n|c|\u2606diegodm2694|gg\n|\n|t:|1700002116\n|-terastallize|p2b: Ogerpon|Fire\n|detailschange|p2b: Ogerpon|Ogerpon-Hearthflame-Tera, L50, F, tera:Fire\n|-ability|p2b: Ogerpon|Embody Aspect (Hearthflame)|boost\n|-boost|p2b: Ogerpon|atk|1\n|move|p1b: Gholdengo|Protect|p1b: Gholdengo\n|-singleturn|p1b: Gholdengo|Protect\n|move|p2a: Roaring Moon|Acrobatics|p1a: Ogerpon\n|-supereffective|p1a: Ogerpon\n|-damage|p1a: Ogerpon|0 fnt\n|faint|p1a: Ogerpon\n|move|p2b: Ogerpon|Ivy Cudgel|p1b: Gholdengo|[anim] Ivy Cudgel Fire\n|-activate|p1b: Gholdengo|move: Protect\n|\n|-heal|p1b: Gholdengo|56\/100|[from] item: Leftovers\n|upkeep\n|turn|8\n|\n|t:|1700002131\n|move|p2a: Roaring Moon|Knock Off|p1b: Gholdengo\n|-supereffective|p1b: Gholdengo\n|-damage|p1b: Gholdengo|9\/100\n|-enditem|p1b: Gholdengo|Leftovers|[from] move: Knock Off|[of] p2a: Roaring Moon\n|move|p2b: Ogerpon|Ivy Cudgel|p1b: Gholdengo|[anim] Ivy Cudgel Fire\n|-supereffective|p1b: Gholdengo\n|-damage|p1b: Gholdengo|0 fnt\n|faint|p1b: Gholdengo\n|\n|win|diegodm2694\n|raw|FrozenNillaWafers's rating: 1414 &rarr; <strong>1399<\/strong><br \/>(-15 for losing)\n|raw|diegodm2694's rating: 1507 &rarr; <strong>1522<\/strong><br \/>(+15 for winning)\n|l|\u2606FrozenNillaWafers\n","uploadtime":1700002145,"views":12,"p1id":"frozennillawafers","p2id":"diegodm2694","formatid":"gen9vgc2023regulatione","rating":1399,"private":0,"password":""}