{"id":"gen9vgc2023regulatione-1989295487","p1":"adpg.alt","p2":"pancit canton","format":"[Gen 9] VGC 2023 Regulation E","log":"|j|\u2606adpg.alt\n|j|\u2606pancit canton\n|t:|1699833086\n|gametype|doubles\n|player|p1|adpg.alt|hilbert-wonderlauncher|1108\n|player|p2|pancit canton|266|1061\n|teamsize|p1|6\n|teamsize|p2|6\n|gen|9\n|tier|[Gen 9] VGC 2023 Regulation E\n|rated|\n|rule|Species Clause: Limit one of each Pok\u00e9mon\n|rule|Item Clause: Limit one of each item\n|clearpoke\n|poke|p1|Arcanine-Hisui, L50, M|\n|poke|p1|Ogerpon-Wellspring, L50, F|\n|poke|p1|Landorus-Therian, L50, M|\n|poke|p1|Flutter Mane, L50|\n|poke|p1|Sneasler, L50, F|\n|poke|p1|Rillaboom, L50, M|\n|poke|p2|Baxcalibur, L50, M|\n|poke|p2|Ninetales-Alola, L50, F|\n|poke|p2|Heatran, L50, F|\n|poke|p2|Ogerpon-Wellspring, L50, F|\n|poke|p2|Landorus-Therian, L50, M|\n|poke|p2|Iron Hands, L50|\n|teampreview|4\npancit canton has agreed to open team sheets.\n|inactive|Battle timer is ON: inactive players will automatically lose when time's up. (requested by pancit canton)\n|\n|t:|1699833105\n|start\n|switch|p1a: Rillaboom|Rillaboom, L50, M|100\/100\n|switch|p1b: Sneasler|Sneasler, L50, F|100\/100\n|switch|p2a: Landorus|Landorus-Therian, L50, M|100\/100\n|switch|p2b: Iron Hands|Iron Hands, L50|100\/100\n|-ability|p2a: Landorus|Intimidate|boost\n|-unboost|p1a: Rillaboom|atk|1\n|-unboost|p1b: Sneasler|atk|1\n|-fieldstart|move: Grassy Terrain|[from] ability: Grassy Surge|[of] p1a: Rillaboom\n|-enditem|p1b: Sneasler|Grassy Seed\n|-boost|p1b: Sneasler|def|1|[from] item: Grassy Seed\n|turn|1\n|\n|t:|1699833128\n|move|p1b: Sneasler|Protect|p1b: Sneasler\n|-singleturn|p1b: Sneasler|Protect\n|move|p1a: Rillaboom|Fake Out|p2a: Landorus\n|-damage|p2a: Landorus|89\/100\n|move|p2b: Iron Hands|Fake Out|p1a: Rillaboom\n|-damage|p1a: Rillaboom|85\/100\n|cant|p2a: Landorus|flinch\n|\n|-heal|p1a: Rillaboom|91\/100|[from] Grassy Terrain\n|upkeep\n|turn|2\n|\n|t:|1699833149\n|switch|p1a: Landorus|Landorus-Therian, L50, M|100\/100\n|-ability|p1a: Landorus|Intimidate|boost\n|-unboost|p2a: Landorus|atk|1\n|-unboost|p2b: Iron Hands|atk|1\n|move|p1b: Sneasler|Swords Dance|p1b: Sneasler\n|-boost|p1b: Sneasler|atk|2\n|move|p2a: Landorus|Stomping Tantrum|p1b: Sneasler\n|-supereffective|p1b: Sneasler\n|-damage|p1b: Sneasler|0 fnt\n|faint|p1b: Sneasler\n|move|p2b: Iron Hands|Drain Punch|p1a: Landorus\n|-resisted|p1a: Landorus\n|-damage|p1a: Landorus|84\/100\n|\n|upkeep\n|\n|t:|1699833164\n|switch|p1b: Rillaboom|Rillaboom, L50, M|91\/100\n|turn|3\n|\n|t:|1699833180\n|switch|p2a: Ninetales|Ninetales-Alola, L50, F|100\/100\n|-weather|Snow|[from] ability: Snow Warning|[of] p2a: Ninetales\n|move|p1a: Landorus|Stomping Tantrum|p2b: Iron Hands\n|-supereffective|p2b: Iron Hands\n|-damage|p2b: Iron Hands|45\/100\n|move|p1b: Rillaboom|Wood Hammer|p2a: Ninetales\n|-damage|p2a: Ninetales|35\/100\n|-damage|p1b: Rillaboom|72\/100|[from] Recoil\n|move|p2b: Iron Hands|Heavy Slam|p1a: Landorus\n|-damage|p1a: Landorus|48\/100\n|\n|-weather|Snow|[upkeep]\n|-heal|p2a: Ninetales|42\/100|[from] Grassy Terrain\n|-heal|p1b: Rillaboom|78\/100|[from] Grassy Terrain\n|-heal|p2b: Iron Hands|51\/100|[from] Grassy Terrain\n|upkeep\n|turn|4\n|inactive|adpg.alt has 30 seconds left.\n|\n|t:|1699833209\n|-end|p2b: Iron Hands|Quark Drive|[silent]\n|switch|p2b: Landorus|Landorus-Therian, L50, M|89\/100\n|-ability|p2b: Landorus|Intimidate|boost\n|-unboost|p1a: Landorus|atk|1\n|-unboost|p1b: Rillaboom|atk|1\n|move|p1b: Rillaboom|Grassy Glide|p2a: Ninetales\n|-damage|p2a: Ninetales|20\/100\n|move|p1a: Landorus|Stomping Tantrum|p2a: Ninetales\n|-damage|p2a: Ninetales|0 fnt\n|faint|p2a: Ninetales\n|\n|-weather|Snow|[upkeep]\n|-heal|p1b: Rillaboom|84\/100|[from] Grassy Terrain\n|upkeep\n|\n|t:|1699833222\n|switch|p2a: Iron Hands|Iron Hands, L50|51\/100\n|turn|5\n|\n|t:|1699833234\n|-terastallize|p2b: Landorus|Flying\n|move|p2a: Iron Hands|Fake Out|p1a: Landorus\n|-damage|p1a: Landorus|30\/100\n|cant|p1a: Landorus|flinch\n|move|p2b: Landorus|Tera Blast|p1b: Rillaboom|[anim] Tera Blast Flying\n|-supereffective|p1b: Rillaboom\n|-damage|p1b: Rillaboom|0 fnt\n|faint|p1b: Rillaboom\n|\n|-weather|Snow|[upkeep]\n|-heal|p2a: Iron Hands|57\/100|[from] Grassy Terrain\n|-fieldend|move: Grassy Terrain\n|upkeep\n|-message|adpg.alt forfeited.\n|\n|win|pancit canton\n|raw|adpg.alt's rating: 1108 &rarr; <strong>1080<\/strong><br \/>(-28 for losing)\n|raw|pancit canton's rating: 1061 &rarr; <strong>1096<\/strong><br \/>(+35 for winning)\n|l|\u2606adpg.alt\n","uploadtime":1699833250,"views":34,"p1id":"adpgalt","p2id":"pancitcanton","formatid":"gen9vgc2023regulatione","rating":1080,"private":0,"password":""}