{"id":"gen9vgc2023regulatione-1999858758","p1":"yueku","p2":"LanternComic","format":"[Gen 9] VGC 2023 Regulation E","log":"|j|\u2606yueku\n|j|\u2606LanternComic\n|n|\u2606yueku|yueku\n|n|\u2606LanternComic|lanterncomic\n|html|View the match progress at <a href=\"\/game-bestof3-gen9vgc2023regulatione-1999854331\">game-bestof3-gen9vgc2023regulatione-1999854331<\/a>\n|t:|1701123500\n|gametype|doubles\n|player|p1|yueku|shauntal|\n|player|p2|LanternComic|silver-masters|\n|teamsize|p1|6\n|teamsize|p2|6\n|gen|9\n|tier|[Gen 9] VGC 2023 Regulation E\n|rule|Species Clause: Limit one of each Pok\u00e9mon\n|rule|Item Clause: Limit one of each item\n|clearpoke\n|poke|p1|Mamoswine, L50, M|\n|poke|p1|Milotic, L50, F|\n|poke|p1|Persian-Alola, L50, F|\n|poke|p1|Zapdos, L50|\n|poke|p1|Rillaboom, L50, M|\n|poke|p1|Arcanine, L50, M|\n|poke|p2|Ting-Lu, L50|\n|poke|p2|Scovillain, L50, F|\n|poke|p2|Wyrdeer, L50, M|\n|poke|p2|Chien-Pao, L50|\n|poke|p2|Dragapult, L50, F|\n|poke|p2|Ogerpon-Wellspring, L50, F|\n|teampreview|4\n|inactive|Battle timer is ON: inactive players will automatically lose when time's up. (requested by LanternComic)\n|\n|t:|1701123572\n|start\n|switch|p1a: Mamoswine|Mamoswine, L50, M|100\/100\n|switch|p1b: Persian|Persian-Alola, L50, F|100\/100\n|switch|p2a: Dragapult|Dragapult, L50, F|100\/100\n|switch|p2b: Jalape\u00f1o|Scovillain, L50, F|100\/100\n|turn|1\n|inactive|yueku has 30 seconds left.\n|\n|t:|1701123597\n|-terastallize|p2a: Dragapult|Fighting\n|move|p1a: Mamoswine|Protect|p1a: Mamoswine\n|-singleturn|p1a: Mamoswine|Protect\n|move|p2b: Jalape\u00f1o|Rage Powder|p2b: Jalape\u00f1o\n|-singleturn|p2b: Jalape\u00f1o|move: Rage Powder\n|move|p2a: Dragapult|Tera Blast|p1b: Persian|[anim] Tera Blast Fighting\n|-supereffective|p1b: Persian\n|-crit|p1b: Persian\n|-enditem|p1b: Persian|Focus Sash\n|-damage|p1b: Persian|1\/100\n|move|p1b: Persian|Snarl|p2a: Dragapult|[spread] p2a,p2b\n|-resisted|p2a: Dragapult\n|-damage|p2a: Dragapult|87\/100\n|-damage|p2b: Jalape\u00f1o|63\/100\n|-unboost|p2b: Jalape\u00f1o|spa|1\n|\n|upkeep\n|turn|2\n|inactive|yueku has 30 seconds left.\n|\n|t:|1701123625\n|-terastallize|p1a: Mamoswine|Fairy\n|move|p2b: Jalape\u00f1o|Rage Powder|p2b: Jalape\u00f1o\n|-singleturn|p2b: Jalape\u00f1o|move: Rage Powder\n|move|p2a: Dragapult|Tera Blast|p1a: Mamoswine|[anim] Tera Blast Fighting\n|-resisted|p1a: Mamoswine\n|-damage|p1a: Mamoswine|63\/100\n|move|p1b: Persian|Parting Shot|p2b: Jalape\u00f1o\n|-unboost|p2b: Jalape\u00f1o|atk|1\n|-unboost|p2b: Jalape\u00f1o|spa|1\n|\n|t:|1701123636\n|switch|p1b: Milotic|Milotic, L50, F|100\/100|[from] Parting Shot\n|move|p1a: Mamoswine|Earthquake|p2b: Jalape\u00f1o|[spread] p1b,p2a,p2b\n|-damage|p1b: Milotic|57\/100\n|-damage|p2a: Dragapult|19\/100\n|-damage|p2b: Jalape\u00f1o|6\/100\n|-damage|p1a: Mamoswine|54\/100|[from] item: Life Orb\n|\n|-heal|p1b: Milotic|64\/100|[from] item: Leftovers\n|upkeep\n|turn|3\n|\n|t:|1701123659\n|switch|p2a: Ogerpon|Ogerpon-Wellspring, L50, F|100\/100\n|move|p1b: Milotic|Protect|p1b: Milotic\n|-singleturn|p1b: Milotic|Protect\n|move|p1a: Mamoswine|Ice Shard|p2a: Ogerpon\n|-damage|p2a: Ogerpon|68\/100\n|-damage|p1a: Mamoswine|44\/100|[from] item: Life Orb\n|move|p2b: Jalape\u00f1o|Energy Ball|p1b: Milotic\n|-activate|p1b: Milotic|move: Protect\n|\n|-heal|p1b: Milotic|70\/100|[from] item: Leftovers\n|upkeep\n|turn|4\n|\n|t:|1701123682\n|move|p1a: Mamoswine|Protect|p1a: Mamoswine\n|-singleturn|p1a: Mamoswine|Protect\n|move|p2a: Ogerpon|Ivy Cudgel|p1a: Mamoswine|[anim] Ivy Cudgel Water\n|-activate|p1a: Mamoswine|move: Protect\n|move|p1b: Milotic|Icy Wind|p2b: Jalape\u00f1o|[spread] p2a,p2b\n|-damage|p2a: Ogerpon|59\/100\n|-damage|p2b: Jalape\u00f1o|0 fnt\n|-unboost|p2a: Ogerpon|spe|1\n|faint|p2b: Jalape\u00f1o\n|\n|-heal|p1b: Milotic|76\/100|[from] item: Leftovers\n|upkeep\n|\n|t:|1701123693\n|switch|p2b: Chien-Pao|Chien-Pao, L50|100\/100\n|-ability|p2b: Chien-Pao|Sword of Ruin\n|turn|5\n|\n|t:|1701123701\n|move|p2b: Chien-Pao|Crunch|p1b: Milotic\n|-damage|p1b: Milotic|31\/100\n|-unboost|p1b: Milotic|def|1\n|-ability|p1b: Milotic|Competitive|boost\n|-boost|p1b: Milotic|spa|2\n|move|p2a: Ogerpon|Ivy Cudgel|p1a: Mamoswine|[anim] Ivy Cudgel Water\n|-damage|p1a: Mamoswine|0 fnt\n|faint|p1a: Mamoswine\n|move|p1b: Milotic|Icy Wind|p2b: Chien-Pao|[spread] p2a\n|-miss|p1b: Milotic|p2b: Chien-Pao\n|-damage|p2a: Ogerpon|41\/100\n|-unboost|p2a: Ogerpon|spe|1\n|\n|-heal|p1b: Milotic|37\/100|[from] item: Leftovers\n|upkeep\n|\n|t:|1701123713\n|switch|p1a: Persian|Persian-Alola, L50, F|1\/100\n|turn|6\n|\n|t:|1701123725\n|move|p1a: Persian|Fake Out|p2b: Chien-Pao\n|-damage|p2b: Chien-Pao|89\/100\n|cant|p2b: Chien-Pao|flinch\n|move|p1b: Milotic|Icy Wind|p2a: Ogerpon|[spread] p2a,p2b\n|-resisted|p2b: Chien-Pao\n|-damage|p2a: Ogerpon|20\/100\n|-damage|p2b: Chien-Pao|73\/100\n|-unboost|p2a: Ogerpon|spe|1\n|-unboost|p2b: Chien-Pao|spe|1\n|move|p2a: Ogerpon|Horn Leech|p1b: Milotic\n|-supereffective|p1b: Milotic\n|-damage|p1b: Milotic|0 fnt\n|-heal|p2a: Ogerpon|39\/100|[from] drain|[of] p1b: Milotic\n|faint|p1b: Milotic\n|\n|upkeep\n|\n|t:|1701123736\n|switch|p1b: Rillaboom|Rillaboom, L50, M|100\/100\n|-fieldstart|move: Grassy Terrain|[from] ability: Grassy Surge|[of] p1b: Rillaboom\n|-enditem|p1b: Rillaboom|Grassy Seed\n|-boost|p1b: Rillaboom|def|1|[from] item: Grassy Seed\n|turn|7\n|\n|t:|1701123759\n|move|p2b: Chien-Pao|Protect|p2b: Chien-Pao\n|-singleturn|p2b: Chien-Pao|Protect\n|move|p1a: Persian|Snarl|p2a: Ogerpon|[spread] p2a\n|-activate|p2b: Chien-Pao|move: Protect\n|-damage|p2a: Ogerpon|16\/100\n|-unboost|p2a: Ogerpon|spa|1\n|move|p1b: Rillaboom|Drain Punch|p2b: Chien-Pao\n|-activate|p2b: Chien-Pao|move: Protect\n|move|p2a: Ogerpon|Ivy Cudgel|p1a: Persian|[anim] Ivy Cudgel Water\n|-damage|p1a: Persian|0 fnt\n|faint|p1a: Persian\n|\n|-heal|p2b: Chien-Pao|79\/100|[from] Grassy Terrain\n|-heal|p2a: Ogerpon|22\/100|[from] Grassy Terrain\n|upkeep\n|turn|8\n|\n|t:|1701123773\n|switch|p2b: Dragapult|Dragapult, L50, F, tera:Fighting|19\/100\n|move|p1b: Rillaboom|Drain Punch|p2b: Dragapult\n|-damage|p2b: Dragapult|0 fnt\n|faint|p2b: Dragapult\n|move|p2a: Ogerpon|Swords Dance|p2a: Ogerpon\n|-boost|p2a: Ogerpon|atk|2\n|\n|-heal|p2a: Ogerpon|28\/100|[from] Grassy Terrain\n|upkeep\n|\n|t:|1701123776\n|switch|p2b: Chien-Pao|Chien-Pao, L50|79\/100\n|-ability|p2b: Chien-Pao|Sword of Ruin\n|turn|9\n|\n|t:|1701123782\n|move|p2b: Chien-Pao|Icicle Crash|p1b: Rillaboom\n|-supereffective|p1b: Rillaboom\n|-damage|p1b: Rillaboom|16\/100\n|move|p1b: Rillaboom|Drain Punch|p2b: Chien-Pao\n|-supereffective|p2b: Chien-Pao\n|-damage|p2b: Chien-Pao|0 fnt\n|-heal|p1b: Rillaboom|49\/100|[from] drain|[of] p2b: Chien-Pao\n|faint|p2b: Chien-Pao\n|move|p2a: Ogerpon|Ivy Cudgel|p1b: Rillaboom|[anim] Ivy Cudgel Water\n|-resisted|p1b: Rillaboom\n|-crit|p1b: Rillaboom\n|-damage|p1b: Rillaboom|0 fnt\n|faint|p1b: Rillaboom\n|\n|win|LanternComic\n|c|\u2606yueku|ggs\n|c|\u2606LanternComic|Gg\n|l|\u2606LanternComic\n|c|\u2606yueku|oof that crit ;lp;\n|c|\u2606yueku|lol\n","uploadtime":1701123838,"views":8,"p1id":"yueku","p2id":"lanterncomic","formatid":"gen9vgc2023regulatione","rating":0,"private":0,"password":""}