{"id":"gen9vgc2023regulatione-1996195967","p1":"nomis1","p2":"chin8","format":"[Gen 9] VGC 2023 Regulation E","log":"|j|\u2606nomis1\n|j|\u2606chin8\n|t:|1700657811\n|gametype|doubles\n|player|p1|nomis1|nate|1420\n|player|p2|chin8|gentleman-gen4dp|1517\n|teamsize|p1|6\n|teamsize|p2|6\n|gen|9\n|tier|[Gen 9] VGC 2023 Regulation E\n|rated|\n|rule|Species Clause: Limit one of each Pok\u00e9mon\n|rule|Item Clause: Limit one of each item\n|clearpoke\n|poke|p1|Dondozo, L50, F|\n|poke|p1|Tatsugiri, L50, M|\n|poke|p1|Glimmora, L50, M|\n|poke|p1|Ogerpon-Hearthflame, L50, F|\n|poke|p1|Roaring Moon, L50|\n|poke|p1|Ninetales-Alola, L50, M|\n|poke|p2|Flutter Mane, L50|\n|poke|p2|Arcanine, L50, F|\n|poke|p2|Tinkaton, L50, F|\n|poke|p2|Okidogi, L50, M|\n|poke|p2|Gastrodon, L50, F|\n|poke|p2|Tornadus, L50, M|\n|teampreview|4\nnomis1 has agreed to open team sheets.\n|inactive|Battle timer is ON: inactive players will automatically lose when time's up. (requested by nomis1)\n|\n|t:|1700657870\n|start\n|switch|p1a: Ogerpon|Ogerpon-Hearthflame, L50, F|100\/100\n|switch|p1b: Ninetales|Ninetales-Alola, L50, M|100\/100\n|switch|p2a: Tinkaton|Tinkaton, L50, F|100\/100\n|switch|p2b: Tornadus|Tornadus, L50, M|100\/100\n|-ability|p1a: Ogerpon|Mold Breaker\n|-weather|Snow|[from] ability: Snow Warning|[of] p1b: Ninetales\n|turn|1\n|inactive|nomis1 has 30 seconds left.\n|inactive|nomis1 has 20 seconds left.\n|inactive|nomis1 has 15 seconds left.\n|inactive|nomis1 has 10 seconds left.\n|inactive|nomis1 has 5 seconds left.\n|\n|t:|1700657923\n|move|p1a: Ogerpon|Spiky Shield|p1a: Ogerpon\n|-singleturn|p1a: Ogerpon|move: Protect\n|move|p1b: Ninetales|Protect|p1b: Ninetales\n|-singleturn|p1b: Ninetales|Protect\n|move|p2a: Tinkaton|Fake Out|p1a: Ogerpon\n|-activate|p1a: Ogerpon|move: Protect\n|-damage|p2a: Tinkaton|88\/100|[from] Spiky Shield|[of] p1a: Ogerpon\n|move|p2b: Tornadus|Bleakwind Storm|p1a: Ogerpon|[spread] \n|-activate|p1a: Ogerpon|move: Protect\n|-activate|p1b: Ninetales|move: Protect\n|\n|-weather|Snow|[upkeep]\n|upkeep\n|turn|2\n|\n|t:|1700657940\n|move|p2b: Tornadus|Tailwind|p2b: Tornadus\n|-sidestart|p2: chin8|move: Tailwind\n|move|p2a: Tinkaton|Gigaton Hammer|p1b: Ninetales\n|-supereffective|p1b: Ninetales\n|-damage|p1b: Ninetales|0 fnt\n|faint|p1b: Ninetales\n|move|p1a: Ogerpon|Ivy Cudgel|p2a: Tinkaton|[anim] Ivy Cudgel Fire\n|-supereffective|p2a: Tinkaton\n|-crit|p2a: Tinkaton\n|-damage|p2a: Tinkaton|0 fnt\n|faint|p2a: Tinkaton\n|\n|-weather|Snow|[upkeep]\n|upkeep\n|\n|t:|1700657955\n|switch|p1b: Dondozo|Dondozo, L50, F|100\/100\n|switch|p2a: Okidogi|Okidogi, L50, M|100\/100\n|turn|3\n|\n|t:|1700657971\n|-terastallize|p1a: Ogerpon|Fire\n|detailschange|p1a: Ogerpon|Ogerpon-Hearthflame-Tera, L50, F, tera:Fire\n|-ability|p1a: Ogerpon|Embody Aspect (Hearthflame)|boost\n|-boost|p1a: Ogerpon|atk|1\n|move|p2b: Tornadus|Bleakwind Storm|p1b: Dondozo|[spread] p1b\n|-miss|p2b: Tornadus|p1a: Ogerpon\n|-damage|p1b: Dondozo|67\/100\n|move|p2a: Okidogi|Knock Off|p1b: Dondozo\n|-damage|p1b: Dondozo|46\/100\n|-enditem|p1b: Dondozo|Leftovers|[from] move: Knock Off|[of] p2a: Okidogi\n|move|p1a: Ogerpon|Ivy Cudgel|p2a: Okidogi|[anim] Ivy Cudgel Fire\n|-damage|p2a: Okidogi|12\/100\n|move|p1b: Dondozo|Substitute|p1b: Dondozo\n|-start|p1b: Dondozo|Substitute\n|-damage|p1b: Dondozo|21\/100\n|\n|-weather|Snow|[upkeep]\n|-heal|p2a: Okidogi|18\/100|[from] item: Leftovers\n|upkeep\n|turn|4\n|inactive|nomis1 has 30 seconds left.\n|inactive|nomis1 has 20 seconds left.\n|inactive|nomis1 has 15 seconds left.\n|inactive|nomis1 has 10 seconds left.\n|\n|t:|1700658020\n|switch|p1a: Tatsugiri|Tatsugiri, L50, M|100\/100\n|-activate|p1a: Tatsugiri|ability: Commander|[of] p1b: Dondozo\n|-boost|p1b: Dondozo|atk|2\n|-boost|p1b: Dondozo|spa|2\n|-boost|p1b: Dondozo|spe|2\n|-boost|p1b: Dondozo|def|2\n|-boost|p1b: Dondozo|spd|2\n|move|p2b: Tornadus|Bleakwind Storm|p1b: Dondozo|[spread] p1b\n|-miss|p2b: Tornadus|p1a: Tatsugiri\n|-activate|p1b: Dondozo|move: Substitute|[damage]\n|move|p2a: Okidogi|Drain Punch|p1b: Dondozo\n|-end|p1b: Dondozo|Substitute\n|-heal|p2a: Okidogi|22\/100|[from] drain|[of] p1b: Dondozo\n|move|p1b: Dondozo|Order Up|p2a: Okidogi\n|-damage|p2a: Okidogi|0 fnt\n|faint|p2a: Okidogi\n|-boost|p1b: Dondozo|atk|1\n|\n|-weather|Snow|[upkeep]\n|upkeep\n|\n|t:|1700658023\n|switch|p2a: Flutter Mane|Flutter Mane, L50|100\/100\n|turn|5\n|inactive|nomis1 has 30 seconds left.\n|inactive|chin8 has 30 seconds left.\n|\n|t:|1700658059\n|move|p1b: Dondozo|Protect|p1b: Dondozo\n|-singleturn|p1b: Dondozo|Protect\n|move|p2a: Flutter Mane|Shadow Ball|p1b: Dondozo\n|-activate|p1b: Dondozo|move: Protect\n|move|p2b: Tornadus|Bleakwind Storm|p1a: Tatsugiri|[spread] \n|-miss|p2b: Tornadus|p1a: Tatsugiri\n|-activate|p1b: Dondozo|move: Protect\n|\n|-weather|none\n|-sideend|p2: chin8|move: Tailwind\n|upkeep\n|turn|6\n|\n|t:|1700658076\n|-terastallize|p2a: Flutter Mane|Dragon\n|move|p2b: Tornadus|Tailwind|p2b: Tornadus\n|-sidestart|p2: chin8|move: Tailwind\n|move|p2a: Flutter Mane|Shadow Ball|p1b: Dondozo\n|-damage|p1b: Dondozo|2\/100\n|move|p1b: Dondozo|Wave Crash|p2a: Flutter Mane\n|-resisted|p2a: Flutter Mane\n|-damage|p2a: Flutter Mane|6\/100\n|-enditem|p2a: Flutter Mane|Mago Berry|[eat]\n|-heal|p2a: Flutter Mane|39\/100|[from] item: Mago Berry\n|-damage|p1b: Dondozo|0 fnt|[from] Recoil\n|faint|p1b: Dondozo\n|\n|upkeep\n|\n|t:|1700658089\n|switch|p1b: Ogerpon|Ogerpon-Hearthflame-Tera, L50, F, tera:Fire|100\/100\n|-ability|p1b: Ogerpon|Embody Aspect (Hearthflame)|boost\n|-boost|p1b: Ogerpon|atk|1\n|turn|7\n|inactive|nomis1 has 30 seconds left.\n|\n|t:|1700658117\n|move|p2a: Flutter Mane|Draining Kiss|p1a: Tatsugiri\n|-supereffective|p1a: Tatsugiri\n|-damage|p1a: Tatsugiri|38\/100\n|-heal|p2a: Flutter Mane|81\/100|[from] drain|[of] p1a: Tatsugiri\n|move|p2b: Tornadus|Bleakwind Storm|p1a: Tatsugiri|[spread] p1a,p1b\n|-damage|p1a: Tatsugiri|0 fnt\n|-damage|p1b: Ogerpon|61\/100\n|faint|p1a: Tatsugiri\n|move|p1b: Ogerpon|Ivy Cudgel|p2b: Tornadus|[anim] Ivy Cudgel Fire\n|-damage|p2b: Tornadus|0 fnt\n|faint|p2b: Tornadus\n|\n|upkeep\n|turn|8\n|\n|t:|1700658133\n|move|p1b: Ogerpon|Spiky Shield|p1b: Ogerpon\n|-singleturn|p1b: Ogerpon|move: Protect\n|move|p2a: Flutter Mane|Shadow Ball|p1b: Ogerpon\n|-activate|p1b: Ogerpon|move: Protect\n|\n|upkeep\n|turn|9\n|\n|t:|1700658153\n|move|p2a: Flutter Mane|Shadow Ball|p1b: Ogerpon\n|-damage|p1b: Ogerpon|16\/100\n|move|p1b: Ogerpon|Ivy Cudgel|p2a: Flutter Mane|[anim] Ivy Cudgel Fire\n|-resisted|p2a: Flutter Mane\n|-damage|p2a: Flutter Mane|6\/100\n|\n|-sideend|p2: chin8|move: Tailwind\n|upkeep\n|turn|10\n|inactive|nomis1 has 30 seconds left.\n|\n|t:|1700658184\n|move|p1b: Ogerpon|Ivy Cudgel|p2a: Flutter Mane|[anim] Ivy Cudgel Fire\n|-resisted|p2a: Flutter Mane\n|-damage|p2a: Flutter Mane|0 fnt\n|faint|p2a: Flutter Mane\n|-end|p2a: Flutter Mane|Protosynthesis|[silent]\n|\n|win|nomis1\n|raw|nomis1's rating: 1420 &rarr; <strong>1445<\/strong><br \/>(+25 for winning)\n|raw|chin8's rating: 1517 &rarr; <strong>1492<\/strong><br \/>(-25 for losing)\n|c|\u2606nomis1|gg\n","uploadtime":1700658191,"views":1,"p1id":"nomis1","p2id":"chin8","formatid":"gen9vgc2023regulatione","rating":1445,"private":0,"password":""}