{"id":"gen9vgc2023regulatione-1994338045","p1":"cell_phon","p2":"PunkRockObstagoon","format":"[Gen 9] VGC 2023 Regulation E","log":"|j|\u2606cell_phon\n|j|\u2606PunkRockObstagoon\n|t:|1700432647\n|gametype|doubles\n|player|p1|cell_phon|whitney|1403\n|player|p2|PunkRockObstagoon|hilbert|1423\n|teamsize|p1|6\n|teamsize|p2|6\n|gen|9\n|tier|[Gen 9] VGC 2023 Regulation E\n|rated|\n|rule|Species Clause: Limit one of each Pok\u00e9mon\n|rule|Item Clause: Limit one of each item\n|clearpoke\n|poke|p1|Zapdos-Galar, L50|\n|poke|p1|Chien-Pao, L50|\n|poke|p1|Flutter Mane, L50|\n|poke|p1|Arcanine-Hisui, L50, F|\n|poke|p1|Rillaboom, L50, F|\n|poke|p1|Dondozo, L50, F|\n|poke|p2|Spinarak, L50, M|\n|poke|p2|Tatsugiri-Droopy, L50, M|\n|poke|p2|Lurantis, L50, F|\n|poke|p2|Gholdengo, L50|\n|poke|p2|Farigiraf, L50, F|\n|poke|p2|Roaring Moon, L50|\n|teampreview|4\n|inactive|Battle timer is ON: inactive players will automatically lose when time's up. (requested by PunkRockObstagoon)\n|inactive|cell_phon has 60 seconds left.\n|inactive|PunkRockObstagoon has 60 seconds left.\n|\n|t:|1700432684\n|start\n|switch|p1a: Zapdos|Zapdos-Galar, L50|100\/100\n|switch|p1b: Uzulatan|Chien-Pao, L50|100\/100\n|switch|p2a: Roaring Moon|Roaring Moon, L50|100\/100\n|switch|p2b: Farigiraf|Farigiraf, L50, F|100\/100\n|-ability|p1b: Uzulatan|Sword of Ruin\n|-enditem|p2a: Roaring Moon|Booster Energy\n|-activate|p2a: Roaring Moon|ability: Protosynthesis|[fromitem]\n|-start|p2a: Roaring Moon|protosynthesisspe\n|turn|1\n|\n|t:|1700432703\n|move|p2b: Farigiraf|Protect|p2b: Farigiraf\n|-singleturn|p2b: Farigiraf|Protect\n|move|p2a: Roaring Moon|Iron Head|p1b: Uzulatan\n|-supereffective|p1b: Uzulatan\n|-damage|p1b: Uzulatan|29\/100\n|move|p1a: Zapdos|U-turn|p2b: Farigiraf\n|-activate|p2b: Farigiraf|move: Protect\n|move|p1b: Uzulatan|Crunch|p2b: Farigiraf\n|-activate|p2b: Farigiraf|move: Protect\n|\n|upkeep\n|turn|2\n|\n|t:|1700432723\n|switch|p2b: Gholdengo|Gholdengo, L50|100\/100\n|move|p1b: Uzulatan|Protect|p1b: Uzulatan\n|-singleturn|p1b: Uzulatan|Protect\n|move|p2a: Roaring Moon|Knock Off|p1a: Zapdos\n|-resisted|p1a: Zapdos\n|-damage|p1a: Zapdos|60\/100\n|-enditem|p1a: Zapdos|Choice Scarf|[from] move: Knock Off|[of] p2a: Roaring Moon\n|move|p1a: Zapdos|U-turn|p2a: Roaring Moon\n|-supereffective|p2a: Roaring Moon\n|-damage|p2a: Roaring Moon|25\/100\n|\n|t:|1700432737\n|switch|p1a: Flutter Mane|Flutter Mane, L50|100\/100|[from] U-turn\n|\n|upkeep\n|turn|3\n|\n|t:|1700432755\n|move|p1b: Uzulatan|Ice Shard|p2a: Roaring Moon\n|-supereffective|p2a: Roaring Moon\n|-damage|p2a: Roaring Moon|0 fnt\n|faint|p2a: Roaring Moon\n|-end|p2a: Roaring Moon|Protosynthesis|[silent]\n|move|p1a: Flutter Mane|Shadow Ball|p2b: Gholdengo\n|-supereffective|p2b: Gholdengo\n|-damage|p2b: Gholdengo|0 fnt\n|faint|p2b: Gholdengo\n|\n|upkeep\n|\n|t:|1700432758\n|switch|p2a: Lurantis|Lurantis, L50, F|100\/100\n|switch|p2b: Farigiraf|Farigiraf, L50, F|100\/100\n|turn|4\n|\n|t:|1700432779\n|-end|p1a: Flutter Mane|Protosynthesis|[silent]\n|switch|p1a: Jorjito|Rillaboom, L50, F|100\/100\n|-fieldstart|move: Grassy Terrain|[from] ability: Grassy Surge|[of] p1a: Jorjito\n|-terastallize|p2b: Farigiraf|Fairy\n|move|p1b: Uzulatan|Protect|p1b: Uzulatan\n|-singleturn|p1b: Uzulatan|Protect\n|move|p2a: Lurantis|Leaf Blade|p1a: Jorjito\n|-resisted|p1a: Jorjito\n|-damage|p1a: Jorjito|69\/100\n|move|p2b: Farigiraf|Trick Room|p2b: Farigiraf\n|-fieldstart|move: Trick Room|[of] p2b: Farigiraf\n|\n|-heal|p1a: Jorjito|75\/100|[from] Grassy Terrain\n|-heal|p1b: Uzulatan|34\/100|[from] Grassy Terrain\n|upkeep\n|turn|5\n|\n|t:|1700432801\n|move|p2a: Lurantis|Superpower|p1a: Jorjito\n|-damage|p1a: Jorjito|27\/100\n|-boost|p2a: Lurantis|atk|1\n|-boost|p2a: Lurantis|def|1\n|move|p2b: Farigiraf|Hyper Voice|p1b: Uzulatan|[spread] p1a,p1b\n|-damage|p1a: Jorjito|0 fnt\n|-damage|p1b: Uzulatan|0 fnt\n|faint|p1a: Jorjito\n|faint|p1b: Uzulatan\n|\n|upkeep\n|\n|t:|1700432811\n|switch|p1a: Flutter Mane|Flutter Mane, L50|100\/100\n|switch|p1b: Zapdos|Zapdos-Galar, L50|60\/100\n|turn|6\n|\n|t:|1700432823\n|-terastallize|p1a: Flutter Mane|Fairy\n|move|p2a: Lurantis|Leaf Blade|p1a: Flutter Mane\n|-damage|p1a: Flutter Mane|0 fnt\n|faint|p1a: Flutter Mane\n|-end|p1a: Flutter Mane|Protosynthesis|[silent]\n|move|p2b: Farigiraf|Psychic|p1b: Zapdos\n|-supereffective|p1b: Zapdos\n|-damage|p1b: Zapdos|0 fnt\n|faint|p1b: Zapdos\n|\n|win|PunkRockObstagoon\n|raw|cell_phon's rating: 1403 &rarr; <strong>1384<\/strong><br \/>(-19 for losing)\n|raw|PunkRockObstagoon's rating: 1423 &rarr; <strong>1442<\/strong><br \/>(+19 for winning)\n","uploadtime":1700432828,"views":4,"p1id":"cellphon","p2id":"punkrockobstagoon","formatid":"gen9vgc2023regulatione","rating":1384,"private":0,"password":""}