{"id":"gen9vgc2023regulatione-1990891264","p1":"Mini tisca","p2":"warriorcatforum","format":"[Gen 9] VGC 2023 Regulation E","log":"|j|\u2606Mini tisca\n|j|\u2606warriorcatforum\n|t:|1700011990\n|gametype|doubles\n|player|p1|Mini tisca|janitor|1046\n|player|p2|warriorcatforum|zinzolin|1079\n|teamsize|p1|6\n|teamsize|p2|6\n|gen|9\n|tier|[Gen 9] VGC 2023 Regulation E\n|rated|\n|rule|Species Clause: Limit one of each Pok\u00e9mon\n|rule|Item Clause: Limit one of each item\n|clearpoke\n|poke|p1|Grumpig, L50, M|\n|poke|p1|Dondozo, L50, F|\n|poke|p1|Tatsugiri, L50, M|\n|poke|p1|Sylveon, L50, F|\n|poke|p1|Flamigo, L50, M|\n|poke|p1|Amoonguss, L50, F|\n|poke|p2|Probopass, L50, M|\n|poke|p2|Iron Hands, L50|\n|poke|p2|Chi-Yu, L50|\n|poke|p2|Amoonguss, L50, F|\n|poke|p2|Urshifu-*, L50, M|\n|poke|p2|Farigiraf, L50, M|\n|teampreview|4\n|inactive|Battle timer is ON: inactive players will automatically lose when time's up. (requested by warriorcatforum)\n|\n|t:|1700012032\n|start\n|switch|p1a: Tatsugiri|Tatsugiri, L50, M|100\/100\n|switch|p1b: Grumpig|Grumpig, L50, M|100\/100\n|switch|p2a: Farigiraf|Farigiraf, L50, M|100\/100\n|switch|p2b: Iron Hands|Iron Hands, L50|100\/100\n|turn|1\n|\n|t:|1700012050\n|move|p1a: Tatsugiri|Endure|p1a: Tatsugiri\n|-singleturn|p1a: Tatsugiri|move: Endure\n|move|p1b: Grumpig|Protect|p1b: Grumpig\n|-singleturn|p1b: Grumpig|Protect\n|move|p2a: Farigiraf|Psychic|p1b: Grumpig\n|-activate|p1b: Grumpig|move: Protect\n|move|p2b: Iron Hands|Wild Charge|p1b: Grumpig\n|-activate|p1b: Grumpig|move: Protect\n|\n|-status|p1a: Tatsugiri|tox|[from] item: Toxic Orb\n|upkeep\n|turn|2\n|\n|t:|1700012066\n|switch|p1a: Dondozo|Dondozo, L50, F|100\/100\n|move|p1b: Grumpig|Simple Beam|p1a: Dondozo\n|-endability|p1a: Dondozo|Oblivious|[from] move: Simple Beam\n|-ability|p1a: Dondozo|Simple|[from] move: Simple Beam\n|move|p2a: Farigiraf|Psychic|p1b: Grumpig\n|-resisted|p1b: Grumpig\n|-damage|p1b: Grumpig|75\/100\n|-damage|p2a: Farigiraf|91\/100|[from] item: Life Orb\n|move|p2b: Iron Hands|Wild Charge|p1b: Grumpig\n|-crit|p1b: Grumpig\n|-damage|p1b: Grumpig|5\/100\n|-damage|p2b: Iron Hands|86\/100|[from] Recoil\n|\n|upkeep\n|turn|3\n|\n|t:|1700012083\n|move|p1a: Dondozo|Protect|p1a: Dondozo\n|-singleturn|p1a: Dondozo|Protect\n|move|p1b: Grumpig|Reflect|p1b: Grumpig\n|-sidestart|p1: Mini tisca|Reflect\n|move|p2b: Iron Hands|Wild Charge|p1a: Dondozo\n|-activate|p1a: Dondozo|move: Protect\n|move|p2a: Farigiraf|Trick Room|p2a: Farigiraf\n|-fieldstart|move: Trick Room|[of] p2a: Farigiraf\n|\n|upkeep\n|turn|4\n|inactive|Mini tisca has 30 seconds left.\n|\n|t:|1700012117\n|switch|p1b: Tatsugiri|Tatsugiri, L50, M|100\/100 tox\n|-activate|p1b: Tatsugiri|ability: Commander|[of] p1a: Dondozo\n|-boost|p1a: Dondozo|atk|4\n|-boost|p1a: Dondozo|spa|4\n|-boost|p1a: Dondozo|spe|4\n|-boost|p1a: Dondozo|def|4\n|-boost|p1a: Dondozo|spd|4\n|-terastallize|p2a: Farigiraf|Fairy\n|move|p2b: Iron Hands|Wild Charge|p1a: Dondozo\n|-supereffective|p1a: Dondozo\n|-damage|p1a: Dondozo|86\/100\n|-damage|p2b: Iron Hands|82\/100|[from] Recoil\n|move|p2a: Farigiraf|Dazzling Gleam|p1a: Dondozo|[spread] p1a\n|-miss|p2a: Farigiraf|p1b: Tatsugiri\n|-damage|p1a: Dondozo|72\/100\n|-damage|p2a: Farigiraf|81\/100|[from] item: Life Orb\n|move|p1a: Dondozo|Order Up|p2b: Iron Hands\n|-damage|p2b: Iron Hands|25\/100\n|-boost|p1a: Dondozo|atk|2\n|\n|-heal|p1a: Dondozo|78\/100|[from] item: Leftovers\n|-damage|p1b: Tatsugiri|95\/100 tox|[from] psn\n|upkeep\n|turn|5\n|\n|t:|1700012138\n|-end|p2b: Iron Hands|Quark Drive|[silent]\n|switch|p2b: Amoonguss|Amoonguss, L50, F|100\/100\n|move|p1a: Dondozo|Protect|p1a: Dondozo\n|-singleturn|p1a: Dondozo|Protect\n|move|p2a: Farigiraf|Dazzling Gleam|p1a: Dondozo|[spread] \n|-miss|p2a: Farigiraf|p1b: Tatsugiri\n|-activate|p1a: Dondozo|move: Protect\n|\n|-heal|p1a: Dondozo|84\/100|[from] item: Leftovers\n|-damage|p1b: Tatsugiri|84\/100 tox|[from] psn\n|upkeep\n|turn|6\n|\n|t:|1700012162\n|move|p2b: Amoonguss|Spore|p1a: Dondozo\n|-status|p1a: Dondozo|slp|[from] move: Spore\n|move|p2a: Farigiraf|Psychic|p1a: Dondozo\n|-damage|p1a: Dondozo|63\/100 slp\n|-damage|p2a: Farigiraf|71\/100|[from] item: Life Orb\n|cant|p1a: Dondozo|slp\n|\n|-heal|p1a: Dondozo|69\/100 slp|[from] item: Leftovers\n|-damage|p1b: Tatsugiri|67\/100 tox|[from] psn\n|upkeep\n|turn|7\n|\n|t:|1700012170\n|cant|p1a: Dondozo|slp\n|move|p2b: Amoonguss|Pollen Puff|p2a: Farigiraf\n|-heal|p2a: Farigiraf|100\/100\n|move|p2a: Farigiraf|Psychic|p1a: Dondozo\n|-damage|p1a: Dondozo|47\/100 slp\n|-damage|p2a: Farigiraf|91\/100|[from] item: Life Orb\n|\n|-heal|p1a: Dondozo|53\/100 slp|[from] item: Leftovers\n|-damage|p1b: Tatsugiri|45\/100 tox|[from] psn\n|-sideend|p1: Mini tisca|Reflect\n|-fieldend|move: Trick Room\n|upkeep\n|turn|8\n|\n|t:|1700012178\n|cant|p1a: Dondozo|slp\n|move|p2b: Amoonguss|Spore|p1a: Dondozo\n|-fail|p1a: Dondozo|slp\n|move|p2a: Farigiraf|Trick Room|p2a: Farigiraf\n|-fieldstart|move: Trick Room|[of] p2a: Farigiraf\n|\n|-heal|p1a: Dondozo|59\/100 slp|[from] item: Leftovers\n|-damage|p1b: Tatsugiri|17\/100 tox|[from] psn\n|upkeep\n|turn|9\n|\n|t:|1700012192\n|-curestatus|p1a: Dondozo|slp|[msg]\n|move|p1a: Dondozo|Protect|p1a: Dondozo\n|-singleturn|p1a: Dondozo|Protect\n|move|p2b: Amoonguss|Rage Powder|p2b: Amoonguss\n|-singleturn|p2b: Amoonguss|move: Rage Powder\n|move|p2a: Farigiraf|Psychic|p1a: Dondozo\n|-activate|p1a: Dondozo|move: Protect\n|\n|-heal|p1a: Dondozo|65\/100|[from] item: Leftovers\n|-damage|p1b: Tatsugiri|0 fnt|[from] psn\n|faint|p1b: Tatsugiri\n|upkeep\n|\n|t:|1700012205\n|switch|p1b: Flamigo|Flamigo, L50, M|100\/100\n|-copyboost|p1b: Flamigo|p1a: Dondozo|[from] ability: Costar\n|turn|10\n|inactive|Mini tisca has 30 seconds left.\n|\n|t:|1700012239\n|move|p2b: Amoonguss|Spore|p1a: Dondozo\n|-status|p1a: Dondozo|slp|[from] move: Spore\n|move|p2a: Farigiraf|Psychic|p1b: Flamigo\n|-supereffective|p1b: Flamigo\n|-damage|p1b: Flamigo|39\/100\n|-damage|p2a: Farigiraf|81\/100|[from] item: Life Orb\n|cant|p1a: Dondozo|slp\n|move|p1b: Flamigo|Brave Bird|p2b: Amoonguss\n|-supereffective|p2b: Amoonguss\n|-damage|p2b: Amoonguss|0 fnt\n|-damage|p1b: Flamigo|23\/100|[from] item: Rocky Helmet|[of] p2b: Amoonguss\n|faint|p2b: Amoonguss\n|-damage|p1b: Flamigo|0 fnt|[from] Recoil\n|faint|p1b: Flamigo\n|\n|-heal|p1a: Dondozo|71\/100 slp|[from] item: Leftovers\n|upkeep\n|\n|t:|1700012261\n|switch|p2b: Chi-Yu|Chi-Yu, L50|100\/100\n|switch|p1b: Grumpig|Grumpig, L50, M|5\/100\n|-ability|p2b: Chi-Yu|Beads of Ruin\n|turn|11\n|\n|t:|1700012279\n|move|p2a: Farigiraf|Dazzling Gleam|p1a: Dondozo|[spread] p1a,p1b\n|-damage|p1a: Dondozo|54\/100 slp\n|-damage|p1b: Grumpig|0 fnt\n|faint|p1b: Grumpig\n|-damage|p2a: Farigiraf|71\/100|[from] item: Life Orb\n|move|p2b: Chi-Yu|Dark Pulse|p1a: Dondozo\n|-damage|p1a: Dondozo|21\/100 slp\n|cant|p1a: Dondozo|slp\n|\n|-heal|p1a: Dondozo|27\/100 slp|[from] item: Leftovers\n|upkeep\n|turn|12\n|\n|t:|1700012291\n|move|p2a: Farigiraf|Dazzling Gleam|p1a: Dondozo\n|-damage|p1a: Dondozo|5\/100 slp\n|-damage|p2a: Farigiraf|62\/100|[from] item: Life Orb\n|move|p2b: Chi-Yu|Dark Pulse|p1a: Dondozo\n|-damage|p1a: Dondozo|0 fnt\n|faint|p1a: Dondozo\n|\n|win|warriorcatforum\n|raw|Mini tisca's rating: 1046 &rarr; <strong>1031<\/strong><br \/>(-15 for losing)\n|raw|warriorcatforum's rating: 1079 &rarr; <strong>1104<\/strong><br \/>(+25 for winning)\n|l|\u2606Mini tisca\n|player|p2|warriorcatforum|zinzolin\n","uploadtime":1700012384,"views":6,"p1id":"minitisca","p2id":"warriorcatforum","formatid":"gen9vgc2023regulatione","rating":1031,"private":0,"password":""}