{"id":"gen9vgc2023regulatione-1998856712","p1":"Ptachu","p2":"SaTsunnn","format":"[Gen 9] VGC 2023 Regulation E","log":"|j|\u2606Ptachu\n|j|\u2606SaTsunnn\n|t:|1701004031\n|gametype|doubles\n|player|p1|Ptachu|palmer|1098\n|player|p2|SaTsunnn|101|1073\n|teamsize|p1|6\n|teamsize|p2|6\n|gen|9\n|tier|[Gen 9] VGC 2023 Regulation E\n|rated|\n|rule|Species Clause: Limit one of each Pok\u00e9mon\n|rule|Item Clause: Limit one of each item\n|clearpoke\n|poke|p1|Ting-Lu, L50|\n|poke|p1|Urshifu-*, L50, M|\n|poke|p1|Gliscor, L50, F|\n|poke|p1|Gastrodon, L50, M|\n|poke|p1|Ambipom, L50, M|\n|poke|p1|Dusclops, L50, M|\n|poke|p2|Kommo-o, L50, M|\n|poke|p2|Regieleki, L50|\n|poke|p2|Flutter Mane, L50|\n|poke|p2|Rillaboom, L50, M|\n|poke|p2|Arcanine-Hisui, L50, F|\n|poke|p2|Gastrodon, L50, F|\n|teampreview|4\n|\n|t:|1701004053\n|start\n|switch|p1a: Ting-Lu|Ting-Lu, L50|100\/100\n|switch|p1b: Urshifu|Urshifu-Rapid-Strike, L50, M|100\/100\n|switch|p2a: Regieleki|Regieleki, L50|100\/100\n|switch|p2b: Kommo-o|Kommo-o, L50, M|100\/100\n|-ability|p1a: Ting-Lu|Vessel of Ruin\n|turn|1\n|\n|t:|1701004083\n|-terastallize|p2a: Regieleki|Water\n|-terastallize|p1b: Urshifu|Fighting\n|move|p2a: Regieleki|Tera Blast|p1a: Ting-Lu|[anim] Tera Blast Water\n|-supereffective|p1a: Ting-Lu\n|-damage|p1a: Ting-Lu|82\/100\n|move|p1b: Urshifu|Surging Strikes|p2a: Regieleki\n|-resisted|p2a: Regieleki\n|-crit|p2a: Regieleki\n|-damage|p2a: Regieleki|78\/100\n|-resisted|p2a: Regieleki\n|-crit|p2a: Regieleki\n|-damage|p2a: Regieleki|57\/100\n|-resisted|p2a: Regieleki\n|-crit|p2a: Regieleki\n|-damage|p2a: Regieleki|36\/100\n|-hitcount|p2a: Regieleki|3\n|move|p2b: Kommo-o|Iron Defense|p2b: Kommo-o\n|-boost|p2b: Kommo-o|def|2\n|move|p1a: Ting-Lu|Fissure|p2b: Kommo-o|[miss]\n|-miss|p1a: Ting-Lu|p2b: Kommo-o\n|\n|upkeep\n|turn|2\n|\n|t:|1701004111\n|move|p2a: Regieleki|Tera Blast|p1a: Ting-Lu|[anim] Tera Blast Water\n|-supereffective|p1a: Ting-Lu\n|-damage|p1a: Ting-Lu|62\/100\n|move|p1b: Urshifu|Surging Strikes|p2a: Regieleki\n|-resisted|p2a: Regieleki\n|-crit|p2a: Regieleki\n|-damage|p2a: Regieleki|14\/100\n|-resisted|p2a: Regieleki\n|-crit|p2a: Regieleki\n|-damage|p2a: Regieleki|0 fnt\n|faint|p2a: Regieleki\n|-hitcount|p2: Regieleki|2\n|move|p2b: Kommo-o|Body Press|p1b: Urshifu\n|-damage|p1b: Urshifu|16\/100\n|move|p1a: Ting-Lu|Fissure|p2b: Kommo-o\n|-damage|p2b: Kommo-o|0 fnt\n|faint|p2b: Kommo-o\n|-ohko\n|\n|upkeep\n|\n|t:|1701004126\n|switch|p2a: Rillaboom|Rillaboom, L50, M|100\/100\n|switch|p2b: Flutter Mane|Flutter Mane, L50|100\/100\n|-fieldstart|move: Grassy Terrain|[from] ability: Grassy Surge|[of] p2a: Rillaboom\n|-enditem|p2b: Flutter Mane|Booster Energy\n|-activate|p2b: Flutter Mane|ability: Protosynthesis|[fromitem]\n|-start|p2b: Flutter Mane|protosynthesisspa\n|turn|3\n|\n|t:|1701004141\n|move|p2a: Rillaboom|Grassy Glide|p1b: Urshifu\n|-damage|p1b: Urshifu|0 fnt\n|faint|p1b: Urshifu\n|move|p2b: Flutter Mane|Dazzling Gleam|p1a: Ting-Lu\n|-supereffective|p1a: Ting-Lu\n|-damage|p1a: Ting-Lu|30\/100\n|move|p1a: Ting-Lu|Heavy Slam|p2b: Flutter Mane\n|-supereffective|p2b: Flutter Mane\n|-damage|p2b: Flutter Mane|0 fnt\n|faint|p2b: Flutter Mane\n|-end|p2b: Flutter Mane|Protosynthesis|[silent]\n|\n|-heal|p1a: Ting-Lu|36\/100|[from] Grassy Terrain\n|upkeep\n|\n|t:|1701004156\n|switch|p1b: Dusclops|Dusclops, L50, M|100\/100\n|-item|p2a: Rillaboom|Sitrus Berry|[from] ability: Frisk|[of] p1b: Dusclops|[identify]\n|turn|4\n|\n|t:|1701004165\n|move|p2a: Rillaboom|Knock Off|p1b: Dusclops\n|-supereffective|p1b: Dusclops\n|-damage|p1b: Dusclops|54\/100\n|-enditem|p1b: Dusclops|Eviolite|[from] move: Knock Off|[of] p2a: Rillaboom\n|move|p1a: Ting-Lu|Fissure|p2a: Rillaboom|[miss]\n|-miss|p1a: Ting-Lu|p2a: Rillaboom\n|move|p1b: Dusclops|Will-O-Wisp|p2a: Rillaboom\n|-status|p2a: Rillaboom|brn\n|\n|-heal|p1a: Ting-Lu|42\/100|[from] Grassy Terrain\n|-heal|p1b: Dusclops|60\/100|[from] Grassy Terrain\n|-damage|p2a: Rillaboom|94\/100 brn|[from] brn\n|upkeep\n|turn|5\n|\n|t:|1701004181\n|move|p2a: Rillaboom|Knock Off|p1b: Dusclops\n|-supereffective|p1b: Dusclops\n|-damage|p1b: Dusclops|37\/100\n|move|p1a: Ting-Lu|Fissure|p2a: Rillaboom\n|-damage|p2a: Rillaboom|0 fnt\n|faint|p2a: Rillaboom\n|-ohko\n|\n|win|Ptachu\n|raw|Ptachu's rating: 1098 &rarr; <strong>1121<\/strong><br \/>(+23 for winning)\n|raw|SaTsunnn's rating: 1073 &rarr; <strong>1054<\/strong><br \/>(-19 for losing)\n|l|\u2606SaTsunnn\n","uploadtime":1701004196,"views":5,"p1id":"ptachu","p2id":"satsunnn","formatid":"gen9vgc2023regulatione","rating":1054,"private":0,"password":""}