{"id":"gen9vgc2023regulatione-1997404736","p1":"ioioio1","p2":"TeraDedenee","format":"[Gen 9] VGC 2023 Regulation E","log":"|j|\u2606ioioio1\n|j|\u2606TeraDedenee\n|t:|1700799964\n|gametype|doubles\n|player|p1|ioioio1|102|1181\n|player|p2|TeraDedenee|266|1175\n|teamsize|p1|6\n|teamsize|p2|6\n|gen|9\n|tier|[Gen 9] VGC 2023 Regulation E\n|rated|\n|rule|Species Clause: Limit one of each Pok\u00e9mon\n|rule|Item Clause: Limit one of each item\n|clearpoke\n|poke|p1|Iron Hands, L50|\n|poke|p1|Arcanine-Hisui, L50, F|\n|poke|p1|Amoonguss, L50, M|\n|poke|p1|Garchomp, L50, F|\n|poke|p1|Gholdengo, L50|\n|poke|p1|Grimmsnarl, L50, M|\n|poke|p2|Typhlosion-Hisui, L50, F|\n|poke|p2|Urshifu-*, L50, F|\n|poke|p2|Flutter Mane, L50|\n|poke|p2|Tornadus, L50, M|\n|poke|p2|Indeedee-F, L50, F|\n|poke|p2|Ogerpon-Wellspring, L50, F|\n|teampreview|4\n|inactive|Battle timer is ON: inactive players will automatically lose when time's up. (requested by ioioio1)\n|inactive|TeraDedenee has 60 seconds left.\n|inactive|TeraDedenee has 30 seconds left.\n|inactive|TeraDedenee has 20 seconds left.\n|inactive|TeraDedenee has 15 seconds left.\n|inactive|TeraDedenee has 10 seconds left.\n|inactive|TeraDedenee has 5 seconds left.\n|\n|t:|1700800054\n|start\n|switch|p1a: Iron Hands|Iron Hands, L50|100\/100\n|switch|p1b: Arcanine|Arcanine-Hisui, L50, F|100\/100\n|switch|p2a: Flutter Mane|Flutter Mane, L50|100\/100\n|switch|p2b: Typhlosion|Typhlosion-Hisui, L50, F|100\/100\n|-item|p1a: Iron Hands|Aguav Berry|[from] ability: Frisk|[of] p2b: Typhlosion|[identify]\n|-item|p1b: Arcanine|Choice Band|[from] ability: Frisk|[of] p2b: Typhlosion|[identify]\n|-ability|p1b: Arcanine|Intimidate|boost\n|-unboost|p2a: Flutter Mane|atk|1\n|-unboost|p2b: Typhlosion|atk|1\n|turn|1\n|inactive|ioioio1 has 30 seconds left.\n|\n|t:|1700800086\n|-terastallize|p2b: Typhlosion|Water\n|move|p1a: Iron Hands|Protect|p1a: Iron Hands\n|-singleturn|p1a: Iron Hands|Protect\n|move|p2a: Flutter Mane|Moonblast|p1a: Iron Hands\n|-activate|p1a: Iron Hands|move: Protect\n|move|p2b: Typhlosion|Tera Blast|p1b: Arcanine|[anim] Tera Blast Water\n|-supereffective|p1b: Arcanine\n|-damage|p1b: Arcanine|0 fnt\n|faint|p1b: Arcanine\n|\n|upkeep\n|\n|t:|1700800100\n|switch|p1b: Amoonguss|Amoonguss, L50, M|100\/100\n|turn|2\n|\n|t:|1700800118\n|switch|p2b: Ogerpon|Ogerpon-Wellspring, L50, F|100\/100\n|-terastallize|p1a: Iron Hands|Grass\n|move|p2a: Flutter Mane|Protect|p2a: Flutter Mane\n|-singleturn|p2a: Flutter Mane|Protect\n|move|p1a: Iron Hands|Wild Charge|p2b: Ogerpon\n|-damage|p2b: Ogerpon|42\/100\n|-damage|p1a: Iron Hands|91\/100|[from] Recoil\n|move|p1b: Amoonguss|Spore|p2a: Flutter Mane\n|-activate|p2a: Flutter Mane|move: Protect\n|\n|upkeep\n|turn|3\n|inactive|TeraDedenee has 30 seconds left.\n|\n|t:|1700800152\n|move|p2b: Ogerpon|Follow Me|p2b: Ogerpon\n|-singleturn|p2b: Ogerpon|move: Follow Me\n|move|p2a: Flutter Mane|Shadow Ball|p1b: Amoonguss\n|-damage|p1b: Amoonguss|53\/100\n|move|p1a: Iron Hands|Wild Charge|p2b: Ogerpon\n|-crit|p2b: Ogerpon\n|-damage|p2b: Ogerpon|0 fnt\n|faint|p2b: Ogerpon\n|-damage|p1a: Iron Hands|83\/100|[from] Recoil\n|move|p1b: Amoonguss|Pollen Puff|p2a: Flutter Mane\n|-resisted|p2a: Flutter Mane\n|-crit|p2a: Flutter Mane\n|-damage|p2a: Flutter Mane|94\/100\n|\n|upkeep\n|\n|t:|1700800163\n|switch|p2b: Typhlosion|Typhlosion-Hisui, L50, F, tera:Water|100\/100\n|-item|p1a: Iron Hands|Aguav Berry|[from] ability: Frisk|[of] p2b: Typhlosion|[identify]\n|-item|p1b: Amoonguss|Rocky Helmet|[from] ability: Frisk|[of] p2b: Typhlosion|[identify]\n|turn|4\n|\n|t:|1700800186\n|move|p2a: Flutter Mane|Icy Wind|p1b: Amoonguss|[spread] p1a,p1b\n|-supereffective|p1a: Iron Hands\n|-supereffective|p1b: Amoonguss\n|-crit|p1b: Amoonguss\n|-damage|p1a: Iron Hands|53\/100\n|-damage|p1b: Amoonguss|11\/100\n|-unboost|p1a: Iron Hands|spe|1\n|-unboost|p1b: Amoonguss|spe|1\n|move|p2b: Typhlosion|Eruption|p1a: Iron Hands|[spread] p1a,p1b\n|-supereffective|p1a: Iron Hands\n|-supereffective|p1b: Amoonguss\n|-damage|p1a: Iron Hands|0 fnt\n|-damage|p1b: Amoonguss|0 fnt\n|faint|p1a: Iron Hands\n|-end|p1a: Iron Hands|Quark Drive|[silent]\n|faint|p1b: Amoonguss\n|\n|upkeep\n|\n|t:|1700800196\n|switch|p1b: Gholdengo|Gholdengo, L50|100\/100\n|turn|5\n|-message|ioioio1 forfeited.\n|\n|win|TeraDedenee\n|raw|ioioio1's rating: 1181 &rarr; <strong>1156<\/strong><br \/>(-25 for losing)\n|raw|TeraDedenee's rating: 1175 &rarr; <strong>1200<\/strong><br \/>(+25 for winning)\n|l|\u2606ioioio1\n","uploadtime":1700800205,"views":20,"p1id":"ioioio1","p2id":"teradedenee","formatid":"gen9vgc2023regulatione","rating":1156,"private":0,"password":""}