{"id":"gen9vgc2023regulatione-1996602878","p1":"TheTaxCat","p2":"brntly","format":"[Gen 9] VGC 2023 Regulation E","log":"|j|\u2606TheTaxCat\n|j|\u2606brntly\n|t:|1700699406\n|gametype|doubles\n|player|p1|TheTaxCat|acetrainersnowf|1350\n|player|p2|brntly|scientistf|1388\n|teamsize|p1|6\n|teamsize|p2|6\n|gen|9\n|tier|[Gen 9] VGC 2023 Regulation E\n|rated|\n|rule|Species Clause: Limit one of each Pok\u00e9mon\n|rule|Item Clause: Limit one of each item\n|clearpoke\n|poke|p1|Meowscarada, L50, M|\n|poke|p1|Rillaboom, L50, M|\n|poke|p1|Cinderace, L50, F|\n|poke|p1|Sneasler, L50, F|\n|poke|p1|Heatran, L50, M|\n|poke|p1|Arcanine-Hisui, L50, M|\n|poke|p2|Espeon, L50, F|\n|poke|p2|Iron Hands, L50|\n|poke|p2|Iron Jugulis, L50|\n|poke|p2|Chi-Yu, L50|\n|poke|p2|Urshifu-*, L50, M|\n|poke|p2|Gyarados, L50, M|\n|teampreview|4\nbrntly has agreed to open team sheets.\n|inactive|Battle timer is ON: inactive players will automatically lose when time's up. (requested by brntly)\n|inactive|TheTaxCat has 60 seconds left.\n|inactive|brntly has 60 seconds left.\nTheTaxCat has agreed to open team sheets.\n|\n|t:|1700699476\n|start\n|switch|p1a: Rillaboom|Rillaboom, L50, M|100\/100\n|switch|p1b: Arcanine|Arcanine-Hisui, L50, M|100\/100\n|switch|p2a: Iron Jugulis|Iron Jugulis, L50|100\/100\n|switch|p2b: Chi-Yu|Chi-Yu, L50|100\/100\n|-ability|p2b: Chi-Yu|Beads of Ruin\n|-ability|p1b: Arcanine|Intimidate|boost\n|-unboost|p2a: Iron Jugulis|atk|1\n|-unboost|p2b: Chi-Yu|atk|1\n|-fieldstart|move: Grassy Terrain|[from] ability: Grassy Surge|[of] p1a: Rillaboom\n|turn|1\n|inactive|TheTaxCat has 30 seconds left.\n|\n|t:|1700699505\n|-terastallize|p2a: Iron Jugulis|Poison\n|move|p2b: Chi-Yu|Protect|p2b: Chi-Yu\n|-singleturn|p2b: Chi-Yu|Protect\n|move|p1a: Rillaboom|Fake Out|p2b: Chi-Yu\n|-activate|p2b: Chi-Yu|move: Protect\n|move|p2a: Iron Jugulis|Tailwind|p2a: Iron Jugulis\n|-sidestart|p2: brntly|move: Tailwind\n|move|p1b: Arcanine|Rock Slide|p2b: Chi-Yu|[spread] p2a\n|-activate|p2b: Chi-Yu|move: Protect\n|-damage|p2a: Iron Jugulis|75\/100\n|\n|-heal|p2a: Iron Jugulis|81\/100|[from] Grassy Terrain\n|upkeep\n|turn|2\n|\n|t:|1700699516\n|move|p2a: Iron Jugulis|Earth Power|p1b: Arcanine\n|-supereffective|p1b: Arcanine\n|-damage|p1b: Arcanine|0 fnt\n|faint|p1b: Arcanine\n|move|p2b: Chi-Yu|Heat Wave|p1a: Rillaboom\n|-supereffective|p1a: Rillaboom\n|-damage|p1a: Rillaboom|0 fnt\n|faint|p1a: Rillaboom\n|-damage|p2b: Chi-Yu|91\/100|[from] item: Life Orb\n|\n|-heal|p2a: Iron Jugulis|87\/100|[from] Grassy Terrain\n|-heal|p2b: Chi-Yu|97\/100|[from] Grassy Terrain\n|upkeep\n|\n|t:|1700699522\n|switch|p1b: Sneasler|Sneasler, L50, F|100\/100\n|switch|p1a: Meowscarada|Meowscarada, L50, M|100\/100\n|-enditem|p1b: Sneasler|Grassy Seed\n|-boost|p1b: Sneasler|def|1|[from] item: Grassy Seed\n|turn|3\n|\n|t:|1700699542\n|switch|p2b: Gyarados|Gyarados, L50, M|100\/100\n|-ability|p2b: Gyarados|Intimidate|boost\n|-unboost|p1a: Meowscarada|atk|1\n|-unboost|p1b: Sneasler|atk|1\n|-terastallize|p1b: Sneasler|Flying\n|move|p1b: Sneasler|Close Combat|p2b: Gyarados\n|-resisted|p2b: Gyarados\n|-damage|p2b: Gyarados|78\/100\n|-unboost|p1b: Sneasler|def|1\n|-unboost|p1b: Sneasler|spd|1\n|move|p2a: Iron Jugulis|Earth Power|p1b: Sneasler\n|-immune|p1b: Sneasler\n|move|p1a: Meowscarada|Knock Off|p2a: Iron Jugulis\n|-damage|p2a: Iron Jugulis|57\/100\n|-enditem|p2a: Iron Jugulis|Covert Cloak|[from] move: Knock Off|[of] p1a: Meowscarada\n|\n|-heal|p2a: Iron Jugulis|63\/100|[from] Grassy Terrain\n|upkeep\n|turn|4\n|\n|t:|1700699566\n|move|p1b: Sneasler|Protect|p1b: Sneasler\n|-singleturn|p1b: Sneasler|Protect\n|move|p1a: Meowscarada|Protect|p1a: Meowscarada\n|-singleturn|p1a: Meowscarada|Protect\n|move|p2a: Iron Jugulis|Dark Pulse|p1b: Sneasler\n|-activate|p1b: Sneasler|move: Protect\n|move|p2b: Gyarados|Thunder Wave|p1b: Sneasler\n|-activate|p1b: Sneasler|move: Protect\n|\n|-heal|p2a: Iron Jugulis|69\/100|[from] Grassy Terrain\n|-sideend|p2: brntly|move: Tailwind\n|upkeep\n|turn|5\n|\n|t:|1700699588\n|switch|p2b: Iron Hands|Iron Hands, L50|100\/100\n|move|p1b: Sneasler|Acrobatics|p2a: Iron Jugulis\n|-damage|p2a: Iron Jugulis|33\/100\n|move|p1a: Meowscarada|Flower Trick|p2a: Iron Jugulis\n|-resisted|p2a: Iron Jugulis\n|-crit|p2a: Iron Jugulis\n|-damage|p2a: Iron Jugulis|0 fnt\n|faint|p2a: Iron Jugulis\n|-end|p2a: Iron Jugulis|Quark Drive|[silent]\n|\n|-fieldend|move: Grassy Terrain\n|upkeep\n|\n|t:|1700699595\n|switch|p2a: Gyarados|Gyarados, L50, M|78\/100\n|-ability|p2a: Gyarados|Intimidate|boost\n|-unboost|p1a: Meowscarada|atk|1\n|-unboost|p1b: Sneasler|atk|1\n|turn|6\n|\n|t:|1700699603\n|move|p2b: Iron Hands|Fake Out|p1a: Meowscarada\n|-damage|p1a: Meowscarada|75\/100\n|move|p1b: Sneasler|Swords Dance|p1b: Sneasler\n|-boost|p1b: Sneasler|atk|2\n|cant|p1a: Meowscarada|flinch\n|move|p2a: Gyarados|Thunder Wave|p1b: Sneasler\n|-status|p1b: Sneasler|par\n|\n|upkeep\n|turn|7\n|\n|t:|1700699624\n|move|p1a: Meowscarada|Protect|p1a: Meowscarada\n|-singleturn|p1a: Meowscarada|Protect\n|move|p1b: Sneasler|Acrobatics|p2b: Iron Hands\n|-damage|p2b: Iron Hands|64\/100\n|move|p2a: Gyarados|Thunder Wave|p1a: Meowscarada\n|-activate|p1a: Meowscarada|move: Protect\n|move|p2b: Iron Hands|Drain Punch|p1a: Meowscarada\n|-activate|p1a: Meowscarada|move: Protect\n|\n|upkeep\n|turn|8\n|\n|t:|1700699641\n|move|p1a: Meowscarada|Flower Trick|p2b: Iron Hands\n|-crit|p2b: Iron Hands\n|-damage|p2b: Iron Hands|33\/100\n|move|p1b: Sneasler|Acrobatics|p2b: Iron Hands\n|-damage|p2b: Iron Hands|0 fnt\n|faint|p2b: Iron Hands\n|-end|p2b: Iron Hands|Quark Drive|[silent]\n|move|p2a: Gyarados|Thunder Wave|p1a: Meowscarada\n|-status|p1a: Meowscarada|par\n|\n|upkeep\n|\n|t:|1700699647\n|switch|p2b: Chi-Yu|Chi-Yu, L50|97\/100\n|-ability|p2b: Chi-Yu|Beads of Ruin\n|turn|9\n|\n|t:|1700699664\n|move|p2b: Chi-Yu|Protect|p2b: Chi-Yu\n|-singleturn|p2b: Chi-Yu|Protect\n|move|p1b: Sneasler|Close Combat|p2b: Chi-Yu\n|-activate|p2b: Chi-Yu|move: Protect\n|move|p2a: Gyarados|Ice Fang|p1a: Meowscarada\n|-supereffective|p1a: Meowscarada\n|-damage|p1a: Meowscarada|12\/100 par\n|move|p1a: Meowscarada|Flower Trick|p2a: Gyarados\n|-crit|p2a: Gyarados\n|-damage|p2a: Gyarados|0 fnt\n|faint|p2a: Gyarados\n|\n|upkeep\n|turn|10\n|-message|brntly forfeited.\n|\n|win|TheTaxCat\n|raw|TheTaxCat's rating: 1350 &rarr; <strong>1372<\/strong><br \/>(+22 for winning)\n|raw|brntly's rating: 1388 &rarr; <strong>1366<\/strong><br \/>(-22 for losing)\n|l|\u2606brntly\n|c|\u2606TheTaxCat|GG\n","uploadtime":1700699682,"views":10,"p1id":"thetaxcat","p2id":"brntly","formatid":"gen9vgc2023regulatione","rating":1366,"private":0,"password":""}