{"id":"gen9vgc2023regulatione-1993920160","p1":"569n","p2":"BonleyVGC","format":"[Gen 9] VGC 2023 Regulation E","log":"|j|\u2606569n\n|j|\u2606BonleyVGC\n|t:|1700375587\n|gametype|doubles\n|player|p1|569n|rosa|1049\n|player|p2|BonleyVGC|dancer|1151\n|teamsize|p1|6\n|teamsize|p2|6\n|gen|9\n|tier|[Gen 9] VGC 2023 Regulation E\n|rated|\n|rule|Species Clause: Limit one of each Pok\u00e9mon\n|rule|Item Clause: Limit one of each item\n|clearpoke\n|poke|p1|Landorus-Therian, L50, M|\n|poke|p1|Amoonguss, L50, M|\n|poke|p1|Cresselia, L50, F|\n|poke|p1|Kommo-o, L50, M|\n|poke|p1|Flutter Mane, L50|\n|poke|p1|Rillaboom, L50, F|\n|poke|p2|Volbeat, L50, M|\n|poke|p2|Landorus-Therian, L50, M|\n|poke|p2|Fezandipiti, L50, M|\n|poke|p2|Chi-Yu, L50|\n|poke|p2|Rillaboom, L50, M|\n|poke|p2|Iron Bundle, L50|\n|teampreview|4\n|\n|t:|1700375615\n|start\n|switch|p1a: \u8001\u724c\u6d1b\u6749\u77f6\u6210\u54582|Landorus-Therian, L50, M|100\/100\n|switch|p1b: \u559c\u6b22\u6211\u9752\u8349\u6ed1\u6ed1\u68af\u5417|Rillaboom, L50, F|100\/100\n|switch|p2a: Landorus|Landorus-Therian, L50, M|100\/100\n|switch|p2b: Chi-Yu|Chi-Yu, L50|100\/100\n|-ability|p1a: \u8001\u724c\u6d1b\u6749\u77f6\u6210\u54582|Intimidate|boost\n|-unboost|p2a: Landorus|atk|1\n|-unboost|p2b: Chi-Yu|atk|1\n|-ability|p2a: Landorus|Intimidate|boost\n|-unboost|p1a: \u8001\u724c\u6d1b\u6749\u77f6\u6210\u54582|atk|1\n|-unboost|p1b: \u559c\u6b22\u6211\u9752\u8349\u6ed1\u6ed1\u68af\u5417|atk|1\n|-ability|p2b: Chi-Yu|Beads of Ruin\n|-fieldstart|move: Grassy Terrain|[from] ability: Grassy Surge|[of] p1b: \u559c\u6b22\u6211\u9752\u8349\u6ed1\u6ed1\u68af\u5417\n|-enditem|p1b: \u559c\u6b22\u6211\u9752\u8349\u6ed1\u6ed1\u68af\u5417|Grassy Seed\n|-boost|p1b: \u559c\u6b22\u6211\u9752\u8349\u6ed1\u6ed1\u68af\u5417|def|1|[from] item: Grassy Seed\n|turn|1\n|\n|t:|1700375661\n|switch|p2b: Rillaboom|Rillaboom, L50, M|100\/100\n|move|p1b: \u559c\u6b22\u6211\u9752\u8349\u6ed1\u6ed1\u68af\u5417|Fake Out|p2a: Landorus\n|-damage|p2a: Landorus|88\/100\n|move|p1a: \u8001\u724c\u6d1b\u6749\u77f6\u6210\u54582|Rock Slide|p2a: Landorus|[spread] p2a,p2b\n|-damage|p2a: Landorus|72\/100\n|-damage|p2b: Rillaboom|87\/100\n|cant|p2a: Landorus|flinch\n|\n|-heal|p2b: Rillaboom|93\/100|[from] Grassy Terrain\n|upkeep\n|turn|2\n|\n|t:|1700375696\n|switch|p1a: Kommo-o|Kommo-o, L50, M|100\/100\n|move|p2b: Rillaboom|Fake Out|p1a: Kommo-o\n|-damage|p1a: Kommo-o|89\/100\n|move|p1b: \u559c\u6b22\u6211\u9752\u8349\u6ed1\u6ed1\u68af\u5417|Grassy Glide|p2a: Landorus\n|-damage|p2a: Landorus|37\/100\n|move|p2a: Landorus|U-turn|p1b: \u559c\u6b22\u6211\u9752\u8349\u6ed1\u6ed1\u68af\u5417\n|-supereffective|p1b: \u559c\u6b22\u6211\u9752\u8349\u6ed1\u6ed1\u68af\u5417\n|-damage|p1b: \u559c\u6b22\u6211\u9752\u8349\u6ed1\u6ed1\u68af\u5417|76\/100\n|\n|t:|1700375708\n|switch|p2a: Iron Bundle|Iron Bundle, L50|100\/100|[from] U-turn\n|-enditem|p2a: Iron Bundle|Booster Energy\n|-activate|p2a: Iron Bundle|ability: Quark Drive|[fromitem]\n|-start|p2a: Iron Bundle|quarkdrivespa\n|\n|-heal|p2b: Rillaboom|99\/100|[from] Grassy Terrain\n|-heal|p1b: \u559c\u6b22\u6211\u9752\u8349\u6ed1\u6ed1\u68af\u5417|82\/100|[from] Grassy Terrain\n|-heal|p1a: Kommo-o|95\/100|[from] Grassy Terrain\n|-heal|p1a: Kommo-o|100\/100|[from] item: Leftovers\n|upkeep\n|turn|3\n|\n|t:|1700375748\n|switch|p1b: \u8001\u724c\u6d1b\u6749\u77f6\u6210\u54582|Landorus-Therian, L50, M|100\/100\n|-ability|p1b: \u8001\u724c\u6d1b\u6749\u77f6\u6210\u54582|Intimidate|boost\n|-unboost|p2a: Iron Bundle|atk|1\n|-unboost|p2b: Rillaboom|atk|1\n|-terastallize|p2a: Iron Bundle|Ghost\n|move|p2a: Iron Bundle|Icy Wind|p1a: Kommo-o|[spread] p1a,p1b\n|-supereffective|p1a: Kommo-o\n|-supereffective|p1b: \u8001\u724c\u6d1b\u6749\u77f6\u6210\u54582\n|-damage|p1a: Kommo-o|48\/100\n|-damage|p1b: \u8001\u724c\u6d1b\u6749\u77f6\u6210\u54582|0 fnt\n|-unboost|p1a: Kommo-o|spe|1\n|faint|p1b: \u8001\u724c\u6d1b\u6749\u77f6\u6210\u54582\n|move|p2b: Rillaboom|Taunt|p1a: Kommo-o\n|-start|p1a: Kommo-o|move: Taunt\n|cant|p1a: Kommo-o|move: Taunt|Iron Defense\n|\n|-heal|p2b: Rillaboom|100\/100|[from] Grassy Terrain\n|-heal|p1a: Kommo-o|53\/100|[from] Grassy Terrain\n|-heal|p1a: Kommo-o|59\/100|[from] item: Leftovers\n|upkeep\n|\n|t:|1700375768\n|switch|p1b: \u300a\u80cc\u5f71\u300b|Amoonguss, L50, M|100\/100\n|turn|4\n|\n|t:|1700375785\n|move|p1b: \u300a\u80cc\u5f71\u300b|Rage Powder|p1b: \u300a\u80cc\u5f71\u300b\n|-singleturn|p1b: \u300a\u80cc\u5f71\u300b|move: Rage Powder\n|move|p2b: Rillaboom|Grassy Glide|p1a: Kommo-o\n|-resisted|p1a: Kommo-o\n|-damage|p1a: Kommo-o|48\/100\n|move|p2a: Iron Bundle|Freeze-Dry|p1b: \u300a\u80cc\u5f71\u300b\n|-supereffective|p1b: \u300a\u80cc\u5f71\u300b\n|-damage|p1b: \u300a\u80cc\u5f71\u300b|24\/100\n|move|p1a: Kommo-o|Body Press|p2a: Iron Bundle\n|-immune|p2a: Iron Bundle\n|\n|-heal|p1a: Kommo-o|54\/100|[from] Grassy Terrain\n|-heal|p1a: Kommo-o|60\/100|[from] item: Leftovers\n|-heal|p1b: \u300a\u80cc\u5f71\u300b|29\/100|[from] Grassy Terrain\n|upkeep\n|turn|5\n|\n|t:|1700375806\n|switch|p2b: Landorus|Landorus-Therian, L50, M|37\/100\n|-ability|p2b: Landorus|Intimidate|boost\n|-unboost|p1a: Kommo-o|atk|1\n|-unboost|p1b: \u300a\u80cc\u5f71\u300b|atk|1\n|switch|p1a: \u559c\u6b22\u6211\u9752\u8349\u6ed1\u6ed1\u68af\u5417|Rillaboom, L50, F|82\/100\n|move|p2a: Iron Bundle|Icy Wind|p1b: \u300a\u80cc\u5f71\u300b|[spread] p1a,p1b\n|-supereffective|p1a: \u559c\u6b22\u6211\u9752\u8349\u6ed1\u6ed1\u68af\u5417\n|-supereffective|p1b: \u300a\u80cc\u5f71\u300b\n|-damage|p1a: \u559c\u6b22\u6211\u9752\u8349\u6ed1\u6ed1\u68af\u5417|10\/100\n|-damage|p1b: \u300a\u80cc\u5f71\u300b|0 fnt\n|-unboost|p1a: \u559c\u6b22\u6211\u9752\u8349\u6ed1\u6ed1\u68af\u5417|spe|1\n|faint|p1b: \u300a\u80cc\u5f71\u300b\n|\n|-heal|p1a: \u559c\u6b22\u6211\u9752\u8349\u6ed1\u6ed1\u68af\u5417|15\/100|[from] Grassy Terrain\n|-fieldend|move: Grassy Terrain\n|upkeep\n|-message|569n forfeited.\n|\n|win|BonleyVGC\n|raw|569n's rating: 1049 &rarr; <strong>1037<\/strong><br \/>(-12 for losing)\n|raw|BonleyVGC's rating: 1151 &rarr; <strong>1169<\/strong><br \/>(+18 for winning)\n|l|\u2606569n\n","uploadtime":1700375847,"views":14,"p1id":"569n","p2id":"bonleyvgc","formatid":"gen9vgc2023regulatione","rating":1037,"private":0,"password":""}