{"id":"gen9vgc2023regulatione-1995427582","p1":"Silverskar","p2":"sleepcooling","format":"[Gen 9] VGC 2023 Regulation E","log":"|j|\u2606Silverskar\n|j|\u2606sleepcooling\n|t:|1700569442\n|gametype|doubles\n|player|p1|Silverskar|265|1017\n|player|p2|sleepcooling|bianca|1068\n|teamsize|p1|6\n|teamsize|p2|6\n|gen|9\n|tier|[Gen 9] VGC 2023 Regulation E\n|rated|\n|rule|Species Clause: Limit one of each Pok\u00e9mon\n|rule|Item Clause: Limit one of each item\n|clearpoke\n|poke|p1|Charizard, L50, M|\n|poke|p1|Lilligant-Hisui, L50, F|\n|poke|p1|Tornadus, L50, M|\n|poke|p1|Urshifu-*, L50, F|\n|poke|p1|Flutter Mane, L50|\n|poke|p1|Dragonite, L50, F|\n|poke|p2|Ogerpon-Wellspring, L50, F|\n|poke|p2|Ludicolo, L50, F|\n|poke|p2|Pelipper, L50, F|\n|poke|p2|Golduck, L50, M|\n|poke|p2|Kommo-o, L50, F|\n|poke|p2|Sinistcha, L50|\n|teampreview|4\n|inactive|Battle timer is ON: inactive players will automatically lose when time's up. (requested by Silverskar)\n|\n|t:|1700569462\n|start\n|switch|p1a: Lilligant|Lilligant-Hisui, L50, F|100\/100\n|switch|p1b: Flutter Mane|Flutter Mane, L50|100\/100\n|switch|p2a: Pelipper|Pelipper, L50, F|100\/100\n|switch|p2b: Ludicolo|Ludicolo, L50, F|100\/100\n|-weather|RainDance|[from] ability: Drizzle|[of] p2a: Pelipper\n|-enditem|p1b: Flutter Mane|Booster Energy\n|-activate|p1b: Flutter Mane|ability: Protosynthesis|[fromitem]\n|-start|p1b: Flutter Mane|protosynthesisspe\n|turn|1\n|\n|t:|1700569476\n|move|p2b: Ludicolo|Fake Out|p1a: Lilligant\n|-damage|p1a: Lilligant|93\/100\n|move|p1b: Flutter Mane|Sunny Day|p1b: Flutter Mane\n|-weather|SunnyDay\n|cant|p1a: Lilligant|flinch\n|move|p2a: Pelipper|Hurricane|p1a: Lilligant|[miss]\n|-miss|p2a: Pelipper|p1a: Lilligant\n|\n|-weather|SunnyDay|[upkeep]\n|upkeep\n|turn|2\n|\n|t:|1700569490\n|-end|p1b: Flutter Mane|Protosynthesis|[silent]\n|switch|p1b: Charizard|Charizard, L50, M|100\/100\n|switch|p2b: Sinistcha|Sinistcha, L50|100\/100\n|move|p1a: Lilligant|Sleep Powder|p2a: Pelipper\n|-status|p2a: Pelipper|slp|[from] move: Sleep Powder\n|cant|p2a: Pelipper|slp\n|\n|-weather|SunnyDay|[upkeep]\n|upkeep\n|turn|3\n|\n|t:|1700569513\n|-terastallize|p1b: Charizard|Fire\n|move|p2b: Sinistcha|Protect|p2b: Sinistcha\n|-singleturn|p2b: Sinistcha|Protect\n|move|p1a: Lilligant|Acrobatics|p2b: Sinistcha\n|-activate|p2b: Sinistcha|move: Protect\n|move|p1b: Charizard|Heat Wave|p2a: Pelipper|[spread] p2a\n|-activate|p2b: Sinistcha|move: Protect\n|-resisted|p2a: Pelipper\n|-damage|p2a: Pelipper|48\/100 slp\n|cant|p2a: Pelipper|slp\n|\n|-weather|SunnyDay|[upkeep]\n|upkeep\n|turn|4\n|inactive|sleepcooling has 30 seconds left.\n|\n|t:|1700569542\n|switch|p2b: Ludicolo|Ludicolo, L50, F|100\/100\n|switch|p2a: Ogerpon|Ogerpon-Wellspring, L50, F|100\/100\n|move|p1a: Lilligant|Acrobatics|p2b: Ludicolo\n|-supereffective|p2b: Ludicolo\n|-damage|p2b: Ludicolo|64\/100\n|-enditem|p2b: Ludicolo|Weakness Policy\n|-boost|p2b: Ludicolo|atk|2|[from] item: Weakness Policy\n|-boost|p2b: Ludicolo|spa|2|[from] item: Weakness Policy\n|move|p1b: Charizard|Heat Wave|p2b: Ludicolo|[spread] p2a,p2b\n|-damage|p2a: Ogerpon|3\/100\n|-damage|p2b: Ludicolo|0 fnt\n|faint|p2b: Ludicolo\n|\n|-weather|SunnyDay|[upkeep]\n|upkeep\n|\n|t:|1700569561\n|switch|p2b: Pelipper|Pelipper, L50, F|48\/100 slp\n|-weather|RainDance|[from] ability: Drizzle|[of] p2b: Pelipper\n|turn|5\n|\n|t:|1700569574\n|switch|p1b: Flutter Mane|Flutter Mane, L50|100\/100\n|move|p1a: Lilligant|Protect|p1a: Lilligant\n|-singleturn|p1a: Lilligant|Protect\n|move|p2a: Ogerpon|Ivy Cudgel|p1b: Flutter Mane|[anim] Ivy Cudgel Water\n|-damage|p1b: Flutter Mane|0 fnt\n|faint|p1b: Flutter Mane\n|-end|p1b: Flutter Mane|Protosynthesis|[silent]\n|-curestatus|p2b: Pelipper|slp|[msg]\n|move|p2b: Pelipper|Hurricane|p1a: Lilligant\n|-activate|p1a: Lilligant|move: Protect\n|\n|-weather|RainDance|[upkeep]\n|upkeep\n|\n|t:|1700569578\n|switch|p1b: Dragonite|Dragonite, L50, F|100\/100\n|turn|6\n|\n|t:|1700569592\n|move|p2a: Ogerpon|Spiky Shield|p2a: Ogerpon\n|-singleturn|p2a: Ogerpon|move: Protect\n|move|p1b: Dragonite|Extreme Speed|p2a: Ogerpon\n|-activate|p2a: Ogerpon|move: Protect\n|-damage|p1b: Dragonite|88\/100|[from] Spiky Shield|[of] p2a: Ogerpon\n|move|p1a: Lilligant|Sleep Powder|p2b: Pelipper\n|-status|p2b: Pelipper|slp|[from] move: Sleep Powder\n|cant|p2b: Pelipper|slp\n|\n|-weather|RainDance|[upkeep]\n|upkeep\n|turn|7\n|inactive|Silverskar has 30 seconds left.\n|inactive|Silverskar has 20 seconds left.\n|inactive|Silverskar has 15 seconds left.\n|inactive|Silverskar has 10 seconds left.\n|inactive|Silverskar has 5 seconds left.\n|\n|t:|1700569647\n|switch|p2a: Sinistcha|Sinistcha, L50|100\/100\n|-heal|p2b: Pelipper|73\/100 slp|[from] ability: Hospitality|[of] p2a: Sinistcha\n|move|p1b: Dragonite|Extreme Speed|p2b: Pelipper\n|-damage|p2b: Pelipper|40\/100 slp\n|move|p1a: Lilligant|After You|p2b: Pelipper\n|-activate|p2b: Pelipper|move: After You\n|-curestatus|p2b: Pelipper|slp|[msg]\n|move|p2b: Pelipper|Hurricane|p1a: Lilligant\n|-supereffective|p1a: Lilligant\n|-damage|p1a: Lilligant|0 fnt\n|faint|p1a: Lilligant\n|\n|-weather|RainDance|[upkeep]\n|upkeep\n|\n|t:|1700569651\n|switch|p1a: Charizard|Charizard, L50, M, tera:Fire|100\/100\n|turn|8\n|\n|t:|1700569668\n|move|p1b: Dragonite|Extreme Speed|p2b: Pelipper\n|-damage|p2b: Pelipper|7\/100\n|move|p2a: Sinistcha|Rage Powder|p2a: Sinistcha\n|-singleturn|p2a: Sinistcha|move: Rage Powder\n|move|p1a: Charizard|Hurricane|p2a: Sinistcha\n|-supereffective|p2a: Sinistcha\n|-damage|p2a: Sinistcha|0 fnt\n|faint|p2a: Sinistcha\n|move|p2b: Pelipper|Weather Ball|p1a: Charizard\n|-supereffective|p1a: Charizard\n|-damage|p1a: Charizard|0 fnt\n|faint|p1a: Charizard\n|\n|-weather|RainDance|[upkeep]\n|upkeep\n|\n|t:|1700569680\n|switch|p2a: Ogerpon|Ogerpon-Wellspring, L50, F|3\/100\n|turn|9\n|\n|t:|1700569702\n|-terastallize|p2a: Ogerpon|Water\n|detailschange|p2a: Ogerpon|Ogerpon-Wellspring-Tera, L50, F, tera:Water\n|-ability|p2a: Ogerpon|Embody Aspect (Wellspring)|boost\n|-boost|p2a: Ogerpon|spd|1\n|move|p1b: Dragonite|Extreme Speed|p2b: Pelipper\n|-damage|p2b: Pelipper|0 fnt\n|faint|p2b: Pelipper\n|move|p2a: Ogerpon|Ivy Cudgel|p1b: Dragonite|[anim] Ivy Cudgel Water\n|-resisted|p1b: Dragonite\n|-damage|p1b: Dragonite|32\/100\n|\n|-weather|RainDance|[upkeep]\n|upkeep\n|turn|10\n|\n|t:|1700569714\n|move|p2a: Ogerpon|Spiky Shield|p2a: Ogerpon\n|-singleturn|p2a: Ogerpon|move: Protect\n|move|p1b: Dragonite|Extreme Speed|p2a: Ogerpon\n|-activate|p2a: Ogerpon|move: Protect\n|-damage|p1b: Dragonite|20\/100|[from] Spiky Shield|[of] p2a: Ogerpon\n|\n|-weather|RainDance|[upkeep]\n|upkeep\n|turn|11\n|\n|t:|1700569725\n|move|p2a: Ogerpon|Spiky Shield|p2a: Ogerpon\n|-singleturn|p2a: Ogerpon|move: Protect\n|move|p1b: Dragonite|Extreme Speed|p2a: Ogerpon\n|-activate|p2a: Ogerpon|move: Protect\n|-damage|p1b: Dragonite|8\/100|[from] Spiky Shield|[of] p2a: Ogerpon\n|\n|-weather|RainDance|[upkeep]\n|upkeep\n|turn|12\n|\n|t:|1700569733\n|move|p2a: Ogerpon|Spiky Shield|p2a: Ogerpon\n|-singleturn|p2a: Ogerpon|move: Protect\n|move|p1b: Dragonite|Extreme Speed|p2a: Ogerpon\n|-activate|p2a: Ogerpon|move: Protect\n|-damage|p1b: Dragonite|0 fnt|[from] Spiky Shield|[of] p2a: Ogerpon\n|faint|p1b: Dragonite\n|\n|win|sleepcooling\n|raw|Silverskar's rating: 1017 &rarr; <strong>1006<\/strong><br \/>(-11 for losing)\n|raw|sleepcooling's rating: 1068 &rarr; <strong>1093<\/strong><br \/>(+25 for winning)\n|c|\u2606Silverskar|How the fuck ?\n|l|\u2606Silverskar\n","uploadtime":1700569906,"views":8,"p1id":"silverskar","p2id":"sleepcooling","formatid":"gen9vgc2023regulatione","rating":1006,"private":0,"password":""}