{"id":"gen9vgc2023regulatione-1990237472","p1":"Startledgoblin","p2":"okkbjhv","format":"[Gen 9] VGC 2023 Regulation E","log":"|j|\u2606Startledgoblin\n|j|\u2606okkbjhv\n|t:|1699942281\n|gametype|doubles\n|player|p1|Startledgoblin|101|1000\n|player|p2|okkbjhv|lucas-gen4pt|1000\n|teamsize|p1|6\n|teamsize|p2|6\n|gen|9\n|tier|[Gen 9] VGC 2023 Regulation E\n|rated|\n|rule|Species Clause: Limit one of each Pok\u00e9mon\n|rule|Item Clause: Limit one of each item\n|clearpoke\n|poke|p1|Maushold-Four, L50|\n|poke|p1|Palafin, L50, M|\n|poke|p1|Cinderace, L50, M|\n|poke|p1|Dondozo, L50, M|\n|poke|p1|Tatsugiri, L50, F|\n|poke|p1|Gholdengo, L50|\n|poke|p2|Bruxish, L50, F|\n|poke|p2|Coalossal, L50, M|\n|poke|p2|Tornadus, L50, M|\n|poke|p2|Urshifu-*, L50, F|\n|poke|p2|Chien-Pao, L50|\n|poke|p2|Amoonguss, L50, F|\n|teampreview|4\n|\n|t:|1699942332\n|start\n|switch|p1a: Dondozo|Dondozo, L50, M|100\/100\n|switch|p1b: Tatsugiri|Tatsugiri, L50, F|100\/100\n|switch|p2a: Bruxish|Bruxish, L50, F|100\/100\n|switch|p2b: Coalossal|Coalossal, L50, M|100\/100\n|-activate|p1b: Tatsugiri|ability: Commander|[of] p1a: Dondozo\n|-boost|p1a: Dondozo|atk|2\n|-boost|p1a: Dondozo|spa|2\n|-boost|p1a: Dondozo|spe|2\n|-boost|p1a: Dondozo|def|2\n|-boost|p1a: Dondozo|spd|2\n|turn|1\n|\n|t:|1699942347\n|switch|p2b: Amoonguss|Amoonguss, L50, F|100\/100\n|move|p1a: Dondozo|Surf|p2a: Bruxish|[spread] p2a,p2b\n|-miss|p1a: Dondozo|p1b: Tatsugiri\n|-resisted|p2a: Bruxish\n|-resisted|p2b: Amoonguss\n|-damage|p2a: Bruxish|78\/100\n|-damage|p2b: Amoonguss|84\/100\n|move|p2a: Bruxish|Taunt|p1a: Dondozo\n|-start|p1a: Dondozo|move: Taunt\n|\n|upkeep\n|turn|2\n|\n|t:|1699942363\n|move|p2a: Bruxish|Protect|p2a: Bruxish\n|-singleturn|p2a: Bruxish|Protect\n|move|p2b: Amoonguss|Spore|p1a: Dondozo\n|-status|p1a: Dondozo|slp|[from] move: Spore\n|cant|p1a: Dondozo|slp\n|\n|upkeep\n|turn|3\n|\n|t:|1699942376\n|cant|p1a: Dondozo|slp\n|move|p2a: Bruxish|Psychic Fangs|p1a: Dondozo\n|-damage|p1a: Dondozo|89\/100 slp\n|move|p2b: Amoonguss|Leaf Storm|p1a: Dondozo\n|-supereffective|p1a: Dondozo\n|-damage|p1a: Dondozo|54\/100 slp\n|-unboost|p2b: Amoonguss|spa|2\n|\n|upkeep\n|turn|4\n|\n|t:|1699942388\n|move|p2a: Bruxish|Psychic Fangs|p1a: Dondozo\n|-damage|p1a: Dondozo|43\/100 slp\n|move|p2b: Amoonguss|Leaf Storm|p1a: Dondozo\n|-supereffective|p1a: Dondozo\n|-damage|p1a: Dondozo|10\/100 slp\n|-unboost|p2b: Amoonguss|spa|2\n|cant|p1a: Dondozo|slp\n|\n|-end|p1a: Dondozo|move: Taunt\n|upkeep\n|turn|5\n|\n|t:|1699942409\n|move|p2a: Bruxish|Psychic Fangs|p1a: Dondozo\n|-damage|p1a: Dondozo|0 fnt\n|faint|p1a: Dondozo\n|move|p2b: Amoonguss|Spore|p1b: Tatsugiri\n|-status|p1b: Tatsugiri|slp|[from] move: Spore\n|\n|upkeep\n|\n|t:|1699942427\n|switch|p1a: Palafin|Palafin, L50, M|100\/100\n|turn|6\n|\n|t:|1699942448\n|detailschange|p1a: Palafin|Palafin-Hero, L50, M\n|switch|p1a: Gholdengo|Gholdengo, L50|100\/100\n|switch|p2b: Coalossal|Coalossal, L50, M|100\/100\n|move|p2a: Bruxish|Aqua Jet|p2b: Coalossal\n|-supereffective|p2b: Coalossal\n|-damage|p2b: Coalossal|50\/100\n|-ability|p2b: Coalossal|Steam Engine|boost\n|-boost|p2b: Coalossal|spe|6\n|-enditem|p2b: Coalossal|Weakness Policy\n|-boost|p2b: Coalossal|atk|2|[from] item: Weakness Policy\n|-boost|p2b: Coalossal|spa|2|[from] item: Weakness Policy\n|cant|p1b: Tatsugiri|slp\n|\n|upkeep\n|turn|7\n|\n|t:|1699942471\n|move|p2a: Bruxish|Protect|p2a: Bruxish\n|-singleturn|p2a: Bruxish|Protect\n|move|p2b: Coalossal|Earthquake|p1a: Gholdengo|[spread] p1a,p1b\n|-activate|p2a: Bruxish|move: Protect\n|-supereffective|p1a: Gholdengo\n|-damage|p1a: Gholdengo|0 fnt\n|-damage|p1b: Tatsugiri|30\/100 slp\n|faint|p1a: Gholdengo\n|-curestatus|p1b: Tatsugiri|slp|[msg]\n|move|p1b: Tatsugiri|Taunt|p2b: Coalossal\n|-start|p2b: Coalossal|move: Taunt\n|\n|upkeep\n|\n|t:|1699942483\n|switch|p1a: Palafin|Palafin-Hero, L50, M|100\/100\n|-activate|p1a: Palafin|ability: Zero to Hero\n|turn|8\n|\n|t:|1699942501\n|move|p2a: Bruxish|Aqua Jet|p1a: Palafin\n|-resisted|p1a: Palafin\n|-damage|p1a: Palafin|94\/100\n|move|p2b: Coalossal|Earthquake|p1b: Tatsugiri|[spread] p2a,p1a,p1b\n|-damage|p2a: Bruxish|24\/100\n|-damage|p1a: Palafin|55\/100\n|-damage|p1b: Tatsugiri|0 fnt\n|-enditem|p2a: Bruxish|Sitrus Berry|[eat]\n|-heal|p2a: Bruxish|49\/100|[from] item: Sitrus Berry\n|faint|p1b: Tatsugiri\n|move|p1a: Palafin|Waterfall|p2b: Coalossal\n|-supereffective|p2b: Coalossal\n|-crit|p2b: Coalossal\n|-damage|p2b: Coalossal|0 fnt\n|faint|p2b: Coalossal\n|\n|upkeep\n|\n|t:|1699942515\n|switch|p2b: Amoonguss|Amoonguss, L50, F|100\/100\n|turn|9\n|\n|t:|1699942526\n|move|p2a: Bruxish|Taunt|p1a: Palafin\n|-start|p1a: Palafin|move: Taunt\n|move|p1a: Palafin|Blizzard|p2b: Amoonguss|[spread] p2a\n|-miss|p1a: Palafin|p2b: Amoonguss\n|-resisted|p2a: Bruxish\n|-damage|p2a: Bruxish|35\/100\n|move|p2b: Amoonguss|Spore|p1a: Palafin\n|-status|p1a: Palafin|slp|[from] move: Spore\n|\n|upkeep\n|turn|10\n|inactive|Battle timer is ON: inactive players will automatically lose when time's up. (requested by okkbjhv)\n|\n|t:|1699942544\n|move|p2a: Bruxish|Psychic Fangs|p1a: Palafin\n|-damage|p1a: Palafin|25\/100 slp\n|cant|p1a: Palafin|slp\n|move|p2b: Amoonguss|Leaf Storm|p1a: Palafin\n|-supereffective|p1a: Palafin\n|-damage|p1a: Palafin|0 fnt\n|-unboost|p2b: Amoonguss|spa|2\n|faint|p1a: Palafin\n|\n|win|okkbjhv\n|raw|Startledgoblin's rating: 1000 &rarr; <strong>1000<\/strong><br \/>(+0 for losing)\n|raw|okkbjhv's rating: 1000 &rarr; <strong>1040<\/strong><br \/>(+40 for winning)\n|l|\u2606Startledgoblin\n","uploadtime":1699942820,"views":15,"p1id":"startledgoblin","p2id":"okkbjhv","formatid":"gen9vgc2023regulatione","rating":1000,"private":0,"password":""}