{"id":"gen9vgc2023regulatione-1993003206","p1":"xdr4k300","p2":"MilkyWayGirl","format":"[Gen 9] VGC 2023 Regulation E","log":"|j|\u2606xdr4k300\n|j|\u2606MilkyWayGirl\n|t:|1700254502\n|gametype|doubles\n|player|p1|xdr4k300|roughneck-gen4|1224\n|player|p2|MilkyWayGirl|carmine-festival|1216\n|teamsize|p1|6\n|teamsize|p2|6\n|gen|9\n|tier|[Gen 9] VGC 2023 Regulation E\n|rated|\n|rule|Species Clause: Limit one of each Pok\u00e9mon\n|rule|Item Clause: Limit one of each item\n|clearpoke\n|poke|p1|Chi-Yu, L50|\n|poke|p1|Flutter Mane, L50|\n|poke|p1|Landorus-Therian, L50, M|\n|poke|p1|Ninetales, L50, M|\n|poke|p1|Tornadus, L50, M|\n|poke|p1|Ogerpon, L50, F|\n|poke|p2|Ursaluna-Bloodmoon, L50, M|\n|poke|p2|Sinistcha-Masterpiece, L50|\n|poke|p2|Iron Hands, L50|\n|poke|p2|Chien-Pao, L50|\n|poke|p2|Flutter Mane, L50|\n|poke|p2|Ogerpon-Hearthflame, L50, F|\n|teampreview|4\n|inactive|Battle timer is ON: inactive players will automatically lose when time's up. (requested by xdr4k300)\nMilkyWayGirl rejected open team sheets.\n|\n|t:|1700254533\n|start\n|switch|p1a: Tornadus|Tornadus, L50, M|100\/100\n|switch|p1b: Landorus|Landorus-Therian, L50, M|100\/100\n|switch|p2a: Salamander|Ogerpon-Hearthflame, L50, F|100\/100\n|switch|p2b: Power|Chien-Pao, L50|100\/100\n|-ability|p2b: Power|Sword of Ruin\n|-ability|p2a: Salamander|Mold Breaker\n|-ability|p1b: Landorus|Intimidate|boost\n|-unboost|p2a: Salamander|atk|1\n|-unboost|p2b: Power|atk|1\n|turn|1\n|inactive|xdr4k300 has 30 seconds left.\n|inactive|MilkyWayGirl has 30 seconds left.\n|\n|t:|1700254571\n|-terastallize|p2a: Salamander|Fire\n|detailschange|p2a: Salamander|Ogerpon-Hearthflame-Tera, L50, F, tera:Fire\n|-ability|p2a: Salamander|Embody Aspect (Hearthflame)|boost\n|-boost|p2a: Salamander|atk|1\n|move|p1a: Tornadus|Tailwind|p1a: Tornadus\n|-sidestart|p1: xdr4k300|move: Tailwind\n|move|p1b: Landorus|Rock Slide|p2b: Power|[spread] p2a,p2b\n|-supereffective|p2a: Salamander\n|-supereffective|p2b: Power\n|-damage|p2a: Salamander|21\/100\n|-damage|p2b: Power|42\/100\n|move|p2b: Power|Ice Spinner|p1b: Landorus\n|-supereffective|p1b: Landorus\n|-damage|p1b: Landorus|0 fnt\n|faint|p1b: Landorus\n|move|p2a: Salamander|Ivy Cudgel|p1a: Tornadus|[anim] Ivy Cudgel Fire\n|-damage|p1a: Tornadus|0 fnt\n|faint|p1a: Tornadus\n|\n|upkeep\n|\n|t:|1700254592\n|switch|p1b: Flutter Mane|Flutter Mane, L50|100\/100\n|switch|p1a: Chi-Yu|Chi-Yu, L50|100\/100\n|-ability|p1a: Chi-Yu|Beads of Ruin\n|turn|2\n|\n|t:|1700254604\n|-terastallize|p1b: Flutter Mane|Grass\n|move|p2a: Salamander|Spiky Shield|p2a: Salamander\n|-singleturn|p2a: Salamander|move: Protect\n|move|p2b: Power|Sucker Punch|p1b: Flutter Mane\n|-damage|p1b: Flutter Mane|53\/100\n|move|p1b: Flutter Mane|Dazzling Gleam|p2a: Salamander|[spread] p2b\n|-activate|p2a: Salamander|move: Protect\n|-supereffective|p2b: Power\n|-damage|p2b: Power|0 fnt\n|faint|p2b: Power\n|-damage|p1b: Flutter Mane|43\/100|[from] item: Life Orb\n|move|p1a: Chi-Yu|Snarl|p2a: Salamander\n|-activate|p2a: Salamander|move: Protect\n|\n|upkeep\n|\n|t:|1700254620\n|switch|p2b: Twinkie|Iron Hands, L50|100\/100\n|-enditem|p2b: Twinkie|Booster Energy\n|-activate|p2b: Twinkie|ability: Quark Drive|[fromitem]\n|-start|p2b: Twinkie|quarkdriveatk\n|turn|3\n|\n|t:|1700254630\n|move|p1b: Flutter Mane|Protect|p1b: Flutter Mane\n|-singleturn|p1b: Flutter Mane|Protect\n|move|p2b: Twinkie|Fake Out|p1a: Chi-Yu\n|-damage|p1a: Chi-Yu|68\/100\n|cant|p1a: Chi-Yu|flinch\n|move|p2a: Salamander|Ivy Cudgel|p1b: Flutter Mane|[anim] Ivy Cudgel Fire\n|-activate|p1b: Flutter Mane|move: Protect\n|\n|upkeep\n|turn|4\n|\n|t:|1700254651\n|move|p2a: Salamander|Spiky Shield|p2a: Salamander\n|-singleturn|p2a: Salamander|move: Protect\n|move|p1b: Flutter Mane|Dazzling Gleam|p2a: Salamander|[spread] p2b\n|-activate|p2a: Salamander|move: Protect\n|-supereffective|p2b: Twinkie\n|-damage|p2b: Twinkie|29\/100\n|-damage|p1b: Flutter Mane|33\/100|[from] item: Life Orb\n|move|p1a: Chi-Yu|Snarl|p2a: Salamander|[spread] p2b\n|-activate|p2a: Salamander|move: Protect\n|-resisted|p2b: Twinkie\n|-damage|p2b: Twinkie|12\/100\n|-unboost|p2b: Twinkie|spa|1\n|move|p2b: Twinkie|Drain Punch|p1b: Flutter Mane\n|-damage|p1b: Flutter Mane|0 fnt\n|-heal|p2b: Twinkie|22\/100|[from] drain|[of] p1b: Flutter Mane\n|faint|p1b: Flutter Mane\n|-end|p1b: Flutter Mane|Protosynthesis|[silent]\n|\n|-sideend|p1: xdr4k300|move: Tailwind\n|upkeep\n|turn|5\n|\n|t:|1700254672\n|move|p2a: Salamander|Brick Break|p1a: Chi-Yu\n|-supereffective|p1a: Chi-Yu\n|-damage|p1a: Chi-Yu|0 fnt\n|faint|p1a: Chi-Yu\n|\n|win|MilkyWayGirl\n|raw|xdr4k300's rating: 1224 &rarr; <strong>1198<\/strong><br \/>(-26 for losing)\n|raw|MilkyWayGirl's rating: 1216 &rarr; <strong>1242<\/strong><br \/>(+26 for winning)\n","uploadtime":1700254675,"views":9,"p1id":"xdr4k300","p2id":"milkywaygirl","formatid":"gen9vgc2023regulatione","rating":1198,"private":0,"password":""}