{"id":"gen9vgc2023regulatione-1990454499","p1":"JuicyQB","p2":"EdwinVGC","format":"[Gen 9] VGC 2023 Regulation E","log":"|j|\u2606JuicyQB\n|j|\u2606EdwinVGC\n|t:|1699972526\n|gametype|doubles\n|player|p1|JuicyQB|oak-gen2|1053\n|player|p2|EdwinVGC|265|1108\n|teamsize|p1|6\n|teamsize|p2|6\n|gen|9\n|tier|[Gen 9] VGC 2023 Regulation E\n|rated|\n|rule|Species Clause: Limit one of each Pok\u00e9mon\n|rule|Item Clause: Limit one of each item\n|clearpoke\n|poke|p1|Tornadus, L50, M|\n|poke|p1|Landorus-Therian, L50, M|\n|poke|p1|Urshifu-*, L50, F|\n|poke|p1|Rillaboom, L50, M|\n|poke|p1|Chien-Pao, L50|\n|poke|p1|Flutter Mane, L50|\n|poke|p2|Pelipper, L50, M|\n|poke|p2|Urshifu-*, L50, M|\n|poke|p2|Amoonguss, L50, F|\n|poke|p2|Iron Hands, L50|\n|poke|p2|Farigiraf, L50, F|\n|poke|p2|Chien-Pao, L50|\n|teampreview|4\nEdwinVGC has agreed to open team sheets.\nJuicyQB has agreed to open team sheets.\n|\n|t:|1699972589\n|start\n|switch|p1a: Tornadus|Tornadus, L50, M|100\/100\n|switch|p1b: Landorus|Landorus-Therian, L50, M|100\/100\n|switch|p2a: Farigiraf|Farigiraf, L50, F|100\/100\n|switch|p2b: Chien-Pao|Chien-Pao, L50|100\/100\n|-ability|p1b: Landorus|Intimidate|boost\n|-unboost|p2a: Farigiraf|atk|1\n|-unboost|p2b: Chien-Pao|atk|1\n|-ability|p2b: Chien-Pao|Sword of Ruin\n|turn|1\n|\n|t:|1699972624\n|move|p2a: Farigiraf|Helping Hand|p2b: Chien-Pao\n|-singleturn|p2b: Chien-Pao|Helping Hand|[of] p2a: Farigiraf\n|move|p1a: Tornadus|Tailwind|p1a: Tornadus\n|-sidestart|p1: JuicyQB|move: Tailwind\n|move|p1b: Landorus|U-turn|p2a: Farigiraf\n|-supereffective|p2a: Farigiraf\n|-damage|p2a: Farigiraf|37\/100\n|-enditem|p2a: Farigiraf|Sitrus Berry|[eat]\n|-heal|p2a: Farigiraf|62\/100|[from] item: Sitrus Berry\n|\n|t:|1699972635\n|switch|p1b: Urshifu|Urshifu-Rapid-Strike, L50, F|100\/100|[from] U-turn\n|move|p2b: Chien-Pao|Ice Spinner|p1a: Tornadus\n|-supereffective|p1a: Tornadus\n|-damage|p1a: Tornadus|0 fnt\n|faint|p1a: Tornadus\n|\n|upkeep\n|\n|t:|1699972649\n|switch|p1a: Rillaboom|Rillaboom, L50, M|100\/100\n|-fieldstart|move: Grassy Terrain|[from] ability: Grassy Surge|[of] p1a: Rillaboom\n|turn|2\n|\n|t:|1699972695\n|-terastallize|p1b: Urshifu|Water\n|move|p2b: Chien-Pao|Sucker Punch|p1a: Rillaboom\n|-damage|p1a: Rillaboom|66\/100\n|move|p1b: Urshifu|Surging Strikes|p2b: Chien-Pao\n|-crit|p2b: Chien-Pao\n|-damage|p2b: Chien-Pao|53\/100\n|-crit|p2b: Chien-Pao\n|-damage|p2b: Chien-Pao|6\/100\n|-crit|p2b: Chien-Pao\n|-damage|p2b: Chien-Pao|0 fnt\n|faint|p2b: Chien-Pao\n|-hitcount|p2: Chien-Pao|3\n|move|p1a: Rillaboom|U-turn|p2a: Farigiraf\n|-supereffective|p2a: Farigiraf\n|-damage|p2a: Farigiraf|13\/100\n|\n|t:|1699972709\n|switch|p1a: Landorus|Landorus-Therian, L50, M|100\/100|[from] U-turn\n|-ability|p1a: Landorus|Intimidate|boost\n|-unboost|p2a: Farigiraf|atk|1\n|move|p2a: Farigiraf|Thunder Wave|p1b: Urshifu\n|-status|p1b: Urshifu|par\n|\n|-heal|p2a: Farigiraf|19\/100|[from] Grassy Terrain\n|upkeep\n|\n|t:|1699972719\n|switch|p2b: Pelipper|Pelipper, L50, M|100\/100\n|-weather|RainDance|[from] ability: Drizzle|[of] p2b: Pelipper\n|turn|3\n|\n|t:|1699972760\n|move|p1a: Landorus|Rock Slide|p2a: Farigiraf|[spread] p2a,p2b\n|-supereffective|p2b: Pelipper\n|-damage|p2a: Farigiraf|0 fnt\n|-damage|p2b: Pelipper|43\/100\n|faint|p2a: Farigiraf\n|cant|p1b: Urshifu|par\n|move|p2b: Pelipper|Hurricane|p1b: Urshifu\n|-damage|p1b: Urshifu|38\/100 par\n|\n|-weather|RainDance|[upkeep]\n|-heal|p1b: Urshifu|44\/100 par|[from] Grassy Terrain\n|upkeep\n|\n|t:|1699972770\n|switch|p2a: Urshifu|Urshifu-Rapid-Strike, L50, M|100\/100\n|turn|4\n|\n|t:|1699972794\n|move|p2b: Pelipper|Wide Guard|p2b: Pelipper\n|-singleturn|p2b: Pelipper|Wide Guard\n|move|p1a: Landorus|Rock Slide|p2a: Urshifu|[spread] \n|-activate|p2a: Urshifu|move: Wide Guard\n|-activate|p2b: Pelipper|move: Wide Guard\n|move|p2a: Urshifu|Close Combat|p1b: Urshifu\n|-crit|p1b: Urshifu\n|-damage|p1b: Urshifu|0 fnt\n|-unboost|p2a: Urshifu|def|1\n|-unboost|p2a: Urshifu|spd|1\n|faint|p1b: Urshifu\n|\n|-weather|RainDance|[upkeep]\n|-sideend|p1: JuicyQB|move: Tailwind\n|upkeep\n|\n|t:|1699972805\n|switch|p1b: Rillaboom|Rillaboom, L50, M|66\/100\n|turn|5\n|\n|t:|1699972821\n|-terastallize|p2a: Urshifu|Poison\n|move|p2b: Pelipper|Wide Guard|p2b: Pelipper\n|-singleturn|p2b: Pelipper|Wide Guard\n|move|p1b: Rillaboom|Grassy Glide|p2a: Urshifu\n|-resisted|p2a: Urshifu\n|-damage|p2a: Urshifu|71\/100\n|move|p1a: Landorus|Rock Slide|p2b: Pelipper|[spread] \n|-activate|p2a: Urshifu|move: Wide Guard\n|-activate|p2b: Pelipper|move: Wide Guard\n|move|p2a: Urshifu|Close Combat|p1b: Rillaboom\n|-damage|p1b: Rillaboom|1\/100\n|-unboost|p2a: Urshifu|def|1\n|-unboost|p2a: Urshifu|spd|1\n|\n|-weather|RainDance|[upkeep]\n|-heal|p2a: Urshifu|77\/100|[from] Grassy Terrain\n|-heal|p1b: Rillaboom|7\/100|[from] Grassy Terrain\n|upkeep\n|turn|6\n|\n|t:|1699972860\n|move|p2b: Pelipper|Wide Guard|p2b: Pelipper\n|-singleturn|p2b: Pelipper|Wide Guard\n|move|p2a: Urshifu|Aqua Jet|p1b: Rillaboom\n|-resisted|p1b: Rillaboom\n|-damage|p1b: Rillaboom|0 fnt\n|faint|p1b: Rillaboom\n|move|p1a: Landorus|Rock Slide|p2b: Pelipper|[spread] \n|-activate|p2a: Urshifu|move: Wide Guard\n|-activate|p2b: Pelipper|move: Wide Guard\n|\n|-weather|RainDance|[upkeep]\n|-heal|p2a: Urshifu|83\/100|[from] Grassy Terrain\n|-fieldend|move: Grassy Terrain\n|upkeep\n|turn|7\n|-message|JuicyQB forfeited.\n|\n|win|EdwinVGC\n|raw|JuicyQB's rating: 1053 &rarr; <strong>1038<\/strong><br \/>(-15 for losing)\n|raw|EdwinVGC's rating: 1108 &rarr; <strong>1129<\/strong><br \/>(+21 for winning)\n|l|\u2606JuicyQB\n|c|\u2606EdwinVGC|ggs\n","uploadtime":1699972902,"views":9,"p1id":"juicyqb","p2id":"edwinvgc","formatid":"gen9vgc2023regulatione","rating":1038,"private":0,"password":""}