{"id":"gen9vgc2023regulatione-1990329150","p1":"pub reject","p2":"kwelpsy","format":"[Gen 9] VGC 2023 Regulation E","log":"|j|\u2606pub reject\n|j|\u2606kwelpsy\n|t:|1699957593\n|gametype|doubles\n|player|p1|pub reject|101|1126\n|player|p2|kwelpsy|1|1152\n|teamsize|p1|6\n|teamsize|p2|6\n|gen|9\n|tier|[Gen 9] VGC 2023 Regulation E\n|rated|\n|rule|Species Clause: Limit one of each Pok\u00e9mon\n|rule|Item Clause: Limit one of each item\n|clearpoke\n|poke|p1|Gholdengo, L50|\n|poke|p1|Murkrow, L50, M|\n|poke|p1|Regidrago, L50|\n|poke|p1|Ogerpon-Wellspring, L50, F|\n|poke|p1|Maushold-Four, L50|\n|poke|p1|Riolu, L50, M|\n|poke|p2|Chi-Yu, L50|\n|poke|p2|Pelipper, L50, M|\n|poke|p2|Dragonite, L50, F|\n|poke|p2|Goodra-Hisui, L50, M|\n|poke|p2|Sableye, L50, F|\n|poke|p2|Jolteon, L50, M|\n|teampreview|4\nkwelpsy rejected open team sheets.\n|inactive|Battle timer is ON: inactive players will automatically lose when time's up. (requested by pub reject)\n|\n|t:|1699957623\n|start\n|switch|p1a: Gholdengo|Gholdengo, L50|100\/100\n|switch|p1b: Murkrow|Murkrow, L50, M|100\/100\n|switch|p2a: Pelipper|Pelipper, L50, M|100\/100\n|switch|p2b: Sableye|Sableye, L50, F|100\/100\n|-weather|RainDance|[from] ability: Drizzle|[of] p2a: Pelipper\n|turn|1\n|inactive|pub reject has 30 seconds left.\n|\n|t:|1699957648\n|move|p1a: Gholdengo|Protect|p1a: Gholdengo\n|-singleturn|p1a: Gholdengo|Protect\n|move|p2a: Pelipper|Wide Guard|p2a: Pelipper\n|-singleturn|p2a: Pelipper|Wide Guard\n|move|p1b: Murkrow|Tailwind|p1b: Murkrow\n|-sidestart|p1: pub reject|move: Tailwind\n|move|p2b: Sableye|Taunt|p1a: Gholdengo\n|-activate|p1a: Gholdengo|move: Protect\n|\n|-weather|RainDance|[upkeep]\n|upkeep\n|turn|2\n|\n|t:|1699957668\n|switch|p2a: Jolteon|Jolteon, L50, M|100\/100\n|move|p1b: Murkrow|Sucker Punch|p1a: Gholdengo\n|-supereffective|p1a: Gholdengo\n|-damage|p1a: Gholdengo|51\/100\n|-enditem|p1a: Gholdengo|Weakness Policy\n|-boost|p1a: Gholdengo|atk|2|[from] item: Weakness Policy\n|-boost|p1a: Gholdengo|spa|2|[from] item: Weakness Policy\n|move|p2b: Sableye|Encore|p1a: Gholdengo\n|-immune|p1a: Gholdengo|[from] ability: Good as Gold\n|move|p1a: Gholdengo|Shadow Ball|p2b: Sableye\n|-damage|p2b: Sableye|4\/100\n|\n|-weather|RainDance|[upkeep]\n|-status|p2a: Jolteon|brn|[from] item: Flame Orb\n|upkeep\n|turn|3\n|inactive|pub reject has 30 seconds left.\n|inactive|kwelpsy has 30 seconds left.\n|\n|t:|1699957696\n|switch|p2b: Pelipper|Pelipper, L50, M|100\/100\n|move|p1b: Murkrow|Sucker Punch|p2a: Jolteon\n|-damage|p2a: Jolteon|61\/100 brn\n|move|p2a: Jolteon|Thunderbolt|p1a: Gholdengo\n|-damage|p1a: Gholdengo|5\/100\n|move|p1a: Gholdengo|Dazzling Gleam|p2b: Pelipper|[spread] p2a,p2b\n|-damage|p2a: Jolteon|5\/100 brn\n|-damage|p2b: Pelipper|46\/100\n|\n|-weather|RainDance|[upkeep]\n|-damage|p2a: Jolteon|0 fnt|[from] brn\n|faint|p2a: Jolteon\n|upkeep\n|\n|t:|1699957706\n|switch|p2a: Chi-Yu|Chi-Yu, L50|100\/100\n|-ability|p2a: Chi-Yu|Beads of Ruin\n|turn|4\n|\n|t:|1699957723\n|move|p2b: Pelipper|Wide Guard|p2b: Pelipper\n|-singleturn|p2b: Pelipper|Wide Guard\n|move|p1b: Murkrow|Taunt|p2b: Pelipper\n|-start|p2b: Pelipper|move: Taunt\n|move|p1a: Gholdengo|Dazzling Gleam|p2a: Chi-Yu|[spread] \n|-activate|p2a: Chi-Yu|move: Wide Guard\n|-activate|p2b: Pelipper|move: Wide Guard\n|move|p2a: Chi-Yu|Heat Wave|p1a: Gholdengo|[spread] p1a,p1b\n|-supereffective|p1a: Gholdengo\n|-damage|p1a: Gholdengo|0 fnt\n|-damage|p1b: Murkrow|53\/100\n|faint|p1a: Gholdengo\n|\n|-weather|RainDance|[upkeep]\n|-sideend|p1: pub reject|move: Tailwind\n|upkeep\n|\n|t:|1699957748\n|switch|p1a: Ogerpon|Ogerpon-Wellspring, L50, F|100\/100\n|turn|5\n|\n|t:|1699957757\n|move|p1a: Ogerpon|Spiky Shield|p1a: Ogerpon\n|-singleturn|p1a: Ogerpon|move: Protect\n|move|p1b: Murkrow|Tailwind|p1b: Murkrow\n|-sidestart|p1: pub reject|move: Tailwind\n|move|p2a: Chi-Yu|Heat Wave|p1a: Ogerpon|[spread] p1b\n|-activate|p1a: Ogerpon|move: Protect\n|-damage|p1b: Murkrow|5\/100\n|move|p2b: Pelipper|Hurricane|p1a: Ogerpon\n|-activate|p1a: Ogerpon|move: Protect\n|\n|-weather|RainDance|[upkeep]\n|upkeep\n|turn|6\n|\n|t:|1699957781\n|move|p1b: Murkrow|Sucker Punch|p2a: Chi-Yu\n|-resisted|p2a: Chi-Yu\n|-damage|p2a: Chi-Yu|84\/100\n|move|p1a: Ogerpon|Ivy Cudgel|p2a: Chi-Yu|[anim] Ivy Cudgel Water\n|-supereffective|p2a: Chi-Yu\n|-damage|p2a: Chi-Yu|0 fnt\n|faint|p2a: Chi-Yu\n|move|p2b: Pelipper|Hurricane|p1a: Ogerpon\n|-supereffective|p1a: Ogerpon\n|-damage|p1a: Ogerpon|15\/100\n|-start|p1a: Ogerpon|confusion\n|\n|-weather|RainDance|[upkeep]\n|upkeep\n|\n|t:|1699957791\n|switch|p2a: Sableye|Sableye, L50, F|4\/100\n|turn|7\n|\n|t:|1699957801\n|-activate|p1a: Ogerpon|confusion\n|move|p1a: Ogerpon|Spiky Shield|p1a: Ogerpon\n|-singleturn|p1a: Ogerpon|move: Protect\n|move|p1b: Murkrow|Taunt|p2a: Sableye\n|-hint|Since gen 7, Dark is immune to Prankster moves.\n|-immune|p2a: Sableye\n|move|p2a: Sableye|Quash|p1a: Ogerpon\n|-activate|p1a: Ogerpon|move: Protect\n|move|p2b: Pelipper|Icy Wind|p1a: Ogerpon|[spread] p1b\n|-activate|p1a: Ogerpon|move: Protect\n|-supereffective|p1b: Murkrow\n|-damage|p1b: Murkrow|0 fnt\n|faint|p1b: Murkrow\n|\n|-weather|RainDance|[upkeep]\n|-end|p2b: Pelipper|move: Taunt\n|upkeep\n|\n|t:|1699957818\n|switch|p1b: Regidrago|Regidrago, L50|100\/100\n|turn|8\n|\n|t:|1699957840\n|move|p2b: Pelipper|Wide Guard|p2b: Pelipper\n|-singleturn|p2b: Pelipper|Wide Guard\n|move|p2a: Sableye|Encore|p1a: Ogerpon\n|-start|p1a: Ogerpon|Encore\n|-activate|p1a: Ogerpon|confusion\n|move|p1a: Ogerpon|Spiky Shield|p1a: Ogerpon\n|-singleturn|p1a: Ogerpon|move: Protect\n|move|p1b: Regidrago|Earth Power|p2a: Sableye\n|-damage|p2a: Sableye|0 fnt\n|faint|p2a: Sableye\n|\n|-weather|none\n|-sideend|p1: pub reject|move: Tailwind\n|upkeep\n|turn|9\n|\n|t:|1699957856\n|-activate|p1a: Ogerpon|confusion\n|-damage|p1a: Ogerpon|0 fnt|[from] confusion\n|faint|p1a: Ogerpon\n|move|p1b: Regidrago|Draco Meteor|p2b: Pelipper\n|-damage|p2b: Pelipper|0 fnt\n|-unboost|p1b: Regidrago|spa|2\n|faint|p2b: Pelipper\n|\n|win|pub reject\n|raw|pub reject's rating: 1126 &rarr; <strong>1153<\/strong><br \/>(+27 for winning)\n|raw|kwelpsy's rating: 1152 &rarr; <strong>1125<\/strong><br \/>(-27 for losing)\n|l|\u2606kwelpsy\n","uploadtime":1699957868,"views":5,"p1id":"pubreject","p2id":"kwelpsy","formatid":"gen9vgc2023regulatione","rating":1125,"private":0,"password":""}