{"id":"gen9vgc2023regulatione-1998233885","p1":"newusernovice","p2":"KingA3","format":"[Gen 9] VGC 2023 Regulation E","log":"|j|\u2606newusernovice\n|j|\u2606KingA3\n|t:|1700917243\n|gametype|doubles\n|player|p1|newusernovice|brawly|1422\n|player|p2|KingA3|169|1326\n|teamsize|p1|6\n|teamsize|p2|6\n|gen|9\n|tier|[Gen 9] VGC 2023 Regulation E\n|rated|\n|rule|Species Clause: Limit one of each Pok\u00e9mon\n|rule|Item Clause: Limit one of each item\n|clearpoke\n|poke|p1|Arcanine-Hisui, L50, M|\n|poke|p1|Tornadus, L50, M|\n|poke|p1|Urshifu-*, L50, M|\n|poke|p1|Flutter Mane, L50|\n|poke|p1|Rillaboom, L50, F|\n|poke|p1|Ogerpon-Wellspring, L50, F|\n|poke|p2|Indeedee-F, L50, F|\n|poke|p2|Armarouge, L50, F|\n|poke|p2|Hatterene, L50, F|\n|poke|p2|Ursaluna, L50, M|\n|poke|p2|Urshifu-*, L50, M|\n|poke|p2|Torkoal, L50, F|\n|teampreview|4\n|inactive|Battle timer is ON: inactive players will automatically lose when time's up. (requested by newusernovice)\n|inactive|newusernovice has 60 seconds left.\n|\n|t:|1700917285\n|start\n|switch|p1a: Arcanine|Arcanine-Hisui, L50, M, shiny|100\/100\n|switch|p1b: Tornadus|Tornadus, L50, M|100\/100\n|switch|p2a: Armarouge|Armarouge, L50, F|100\/100\n|switch|p2b: Hatterene|Hatterene, L50, F|100\/100\n|-ability|p1a: Arcanine|Intimidate|boost\n|-unboost|p2a: Armarouge|atk|1\n|-unboost|p2b: Hatterene|atk|1\n|turn|1\n|inactive|KingA3 has 30 seconds left.\n|\n|t:|1700917314\n|move|p2a: Armarouge|Wide Guard|p2a: Armarouge\n|-singleturn|p2a: Armarouge|Wide Guard\n|move|p1b: Tornadus|Bleakwind Storm|p2a: Armarouge|[spread] \n|-activate|p2a: Armarouge|move: Wide Guard\n|-activate|p2b: Hatterene|move: Wide Guard\n|move|p1a: Arcanine|Rock Slide|p2b: Hatterene|[spread] \n|-activate|p2a: Armarouge|move: Wide Guard\n|-activate|p2b: Hatterene|move: Wide Guard\n|move|p2b: Hatterene|Trick Room|p2b: Hatterene\n|-fieldstart|move: Trick Room|[of] p2b: Hatterene\n|\n|upkeep\n|turn|2\n|inactive|KingA3 has 30 seconds left.\n|\n|t:|1700917344\n|move|p1b: Tornadus|Protect|p1b: Tornadus\n|-singleturn|p1b: Tornadus|Protect\n|move|p2b: Hatterene|Psychic|p1a: Arcanine\n|-damage|p1a: Arcanine|17\/100\n|-damage|p2b: Hatterene|91\/100|[from] item: Life Orb\n|move|p2a: Armarouge|Expanding Force|p1b: Tornadus\n|-activate|p1b: Tornadus|move: Protect\n|move|p1a: Arcanine|Rock Slide|p2a: Armarouge|[spread] p2a,p2b\n|-supereffective|p2a: Armarouge\n|-damage|p2a: Armarouge|23\/100\n|-damage|p2b: Hatterene|48\/100\n|-damage|p1a: Arcanine|8\/100|[from] item: Life Orb\n|\n|upkeep\n|turn|3\n|inactive|newusernovice has 30 seconds left.\n|inactive|newusernovice has 20 seconds left.\n|inactive|newusernovice has 15 seconds left.\n|\n|t:|1700917386\n|switch|p2b: Indeedee|Indeedee-F, L50, F|100\/100\n|-fieldstart|move: Psychic Terrain|[from] ability: Psychic Surge|[of] p2b: Indeedee\n|-enditem|p2b: Indeedee|Psychic Seed\n|-boost|p2b: Indeedee|spd|1|[from] item: Psychic Seed\n|switch|p1b: Rillaboom|Rillaboom, L50, F|100\/100\n|-fieldstart|move: Grassy Terrain|[from] ability: Grassy Surge|[of] p1b: Rillaboom\n|move|p1a: Arcanine|Extreme Speed|p2a: Armarouge\n|-damage|p2a: Armarouge|0 fnt\n|faint|p2a: Armarouge\n|-damage|p1a: Arcanine|0 fnt|[from] item: Life Orb\n|faint|p1a: Arcanine\n|\n|upkeep\n|\n|t:|1700917405\n|switch|p2a: Ursaluna|Ursaluna, L50, M|100\/100\n|switch|p1a: Urshifu|Urshifu-Rapid-Strike, L50, M|100\/100\n|turn|4\n|inactive|newusernovice has 30 seconds left.\n|inactive|KingA3 has 30 seconds left.\n|\n|t:|1700917440\n|switch|p2b: Hatterene|Hatterene, L50, F|48\/100\n|-terastallize|p2a: Ursaluna|Ghost\n|-terastallize|p1a: Urshifu|Water\n|move|p1b: Rillaboom|Fake Out|p2a: Ursaluna\n|-immune|p2a: Ursaluna\n|move|p2a: Ursaluna|Facade|p1a: Urshifu\n|-damage|p1a: Urshifu|57\/100\n|move|p1a: Urshifu|Surging Strikes|p2b: Hatterene\n|-crit|p2b: Hatterene\n|-damage|p2b: Hatterene|18\/100\n|-crit|p2b: Hatterene\n|-damage|p2b: Hatterene|0 fnt\n|faint|p2b: Hatterene\n|-hitcount|p2: Hatterene|2\n|\n|-heal|p1a: Urshifu|63\/100|[from] Grassy Terrain\n|-status|p2a: Ursaluna|brn|[from] item: Flame Orb\n|upkeep\n|\n|t:|1700917465\n|switch|p2b: Indeedee|Indeedee-F, L50, F|100\/100\n|-fieldstart|move: Psychic Terrain|[from] ability: Psychic Surge|[of] p2b: Indeedee\n|turn|5\n|\n|t:|1700917475\n|switch|p1b: Tornadus|Tornadus, L50, M|100\/100\n|move|p1a: Urshifu|Protect|p1a: Urshifu\n|-singleturn|p1a: Urshifu|Protect\n|move|p2a: Ursaluna|Facade|p1a: Urshifu\n|-activate|p1a: Urshifu|move: Protect\n|move|p2b: Indeedee|Dazzling Gleam|p1b: Tornadus|[spread] p1b\n|-activate|p1a: Urshifu|move: Protect\n|-damage|p1b: Tornadus|83\/100\n|\n|-damage|p2a: Ursaluna|95\/100 brn|[from] brn\n|-fieldend|move: Trick Room\n|upkeep\n|turn|6\n|\n|t:|1700917498\n|move|p1b: Tornadus|Rain Dance|p1b: Tornadus\n|-weather|RainDance\n|move|p1a: Urshifu|Surging Strikes|p2a: Ursaluna\n|-crit|p2a: Ursaluna\n|-damage|p2a: Ursaluna|62\/100 brn\n|-crit|p2a: Ursaluna\n|-damage|p2a: Ursaluna|30\/100 brn\n|-crit|p2a: Ursaluna\n|-damage|p2a: Ursaluna|0 fnt\n|faint|p2a: Ursaluna\n|-hitcount|p2: Ursaluna|3\n|move|p2b: Indeedee|Trick Room|p2b: Indeedee\n|-fieldstart|move: Trick Room|[of] p2b: Indeedee\n|\n|-weather|RainDance|[upkeep]\n|upkeep\n|turn|7\n|\n|t:|1700917511\n|move|p2b: Indeedee|Dazzling Gleam|p1b: Tornadus|[spread] p1a,p1b\n|-damage|p1a: Urshifu|44\/100\n|-damage|p1b: Tornadus|68\/100\n|move|p1a: Urshifu|Surging Strikes|p2b: Indeedee\n|-crit|p2b: Indeedee\n|-damage|p2b: Indeedee|61\/100\n|-crit|p2b: Indeedee\n|-damage|p2b: Indeedee|21\/100\n|-crit|p2b: Indeedee\n|-damage|p2b: Indeedee|0 fnt\n|faint|p2b: Indeedee\n|-hitcount|p2: Indeedee|3\n|\n|win|newusernovice\n|raw|newusernovice's rating: 1422 &rarr; <strong>1437<\/strong><br \/>(+15 for winning)\n|raw|KingA3's rating: 1326 &rarr; <strong>1311<\/strong><br \/>(-15 for losing)\n|l|\u2606KingA3\n","uploadtime":1700917560,"views":5,"p1id":"newusernovice","p2id":"kinga3","formatid":"gen9vgc2023regulatione","rating":1311,"private":0,"password":""}