{"id":"gen9vgc2023regulatione-1995827848","p1":"StonerSomeone","p2":"WickedCheeseTouch","format":"[Gen 9] VGC 2023 Regulation E","log":"|j|\u2606StonerSomeone\n|j|\u2606WickedCheeseTouch\n|n|\u2606StonerSomeone|stonersomeone\n|n|\u2606WickedCheeseTouch|wickedcheesetouch\n|html|View the match progress at <a href=\"\/game-bestof3-gen9vgc2023regulatione-1995822961\">game-bestof3-gen9vgc2023regulatione-1995822961<\/a>\n|t:|1700607127\n|gametype|doubles\n|player|p1|StonerSomeone|anabel|\n|player|p2|WickedCheeseTouch|lucas|\n|teamsize|p1|6\n|teamsize|p2|6\n|gen|9\n|tier|[Gen 9] VGC 2023 Regulation E\n|rated|Tournament battle\n|rule|Species Clause: Limit one of each Pok\u00e9mon\n|rule|Item Clause: Limit one of each item\n|clearpoke\n|poke|p1|Moltres, L50|\n|poke|p1|Iron Hands, L50|\n|poke|p1|Urshifu-*, L50, F|\n|poke|p1|Flutter Mane, L50|\n|poke|p1|Landorus-Therian, L50, M|\n|poke|p1|Milotic, L50, F|\n|poke|p2|Roaring Moon, L50|\n|poke|p2|Rillaboom, L50, M|\n|poke|p2|Clefairy, L50, F|\n|poke|p2|Arcanine-Hisui, L50, M|\n|poke|p2|Urshifu-*, L50, M|\n|poke|p2|Gholdengo, L50|\n|teampreview|4\n|showteam|p1|Moltres||RockyHelmet|FlameBody|HeatWave,AirSlash,Tailwind,Roost||||||50|,,,,,Dragon]Iron Hands||AssaultVest|QuarkDrive|DrainPunch,WildCharge,HeavySlam,FakeOut||||||50|,,,,,Fire]Urshifu||BlackGlasses|UnseenFist|Protect,WickedBlow,SuckerPunch,CloseCombat|||F|||50|,,,,,Poison]Flutter Mane||ChoiceSpecs|Protosynthesis|PowerGem,DazzlingGleam,Moonblast,ShadowBall||||||50|,,,,,Fairy]Landorus-Therian||ChoiceScarf|Intimidate|TeraBlast,StompingTantrum,Uturn,RockSlide|||M|||50|,,,,,Flying]Milotic||SitrusBerry|Competitive|Scald,IcyWind,Recover,Protect|||F|||50|,,,,,Grass\n|showteam|p2|Roaring Moon||BoosterEnergy|Protosynthesis|BreakingSwipe,Tailwind,KnockOff,Protect||||||50|,,,,,Poison]Rillaboom||AssaultVest|GrassySurge|FakeOut,WoodHammer,GrassyGlide,HighHorsepower|||M|||50|,,,,,Fire]Clefairy||Eviolite|FriendGuard|FollowMe,HealPulse,Encore,Protect|||F|||50|,,,,,Grass]Arcanine-Hisui||ChoiceBand|Intimidate|FlareBlitz,RockSlide,HeadSmash,ExtremeSpeed|||M|||50|,,,,,Fairy]Urshifu-Rapid-Strike||ChoiceScarf|UnseenFist|SurgingStrikes,CloseCombat,AquaJet,Uturn|||M|||50|,,,,,Water]Gholdengo||Leftovers|GoodasGold|MakeItRain,ShadowBall,NastyPlot,Protect||||||50|,,,,,Dragon\n|inactive|Battle timer is ON: inactive players will automatically lose when time's up. (requested by StonerSomeone)\n|j| ppyyy\n|j| Lawrence_lmao\n|j| Red Fang X\n|j| KingFlavoris\n|\n|t:|1700607143\n|start\n|switch|p1a: Iron Hands|Iron Hands, L50|100\/100\n|switch|p1b: Moltres|Moltres, L50|100\/100\n|switch|p2a: Gholdengo|Gholdengo, L50, shiny|100\/100\n|switch|p2b: Rillaboom|Rillaboom, L50, M|100\/100\n|-fieldstart|move: Grassy Terrain|[from] ability: Grassy Surge|[of] p2b: Rillaboom\n|turn|1\n|\n|t:|1700607163\n|-end|p1a: Iron Hands|Quark Drive|[silent]\n|switch|p1a: Landorus|Landorus-Therian, L50, M|100\/100\n|-ability|p1a: Landorus|Intimidate|boost\n|-unboost|p2a: Gholdengo|atk|1\n|-unboost|p2b: Rillaboom|atk|1\n|move|p2b: Rillaboom|Fake Out|p1b: Moltres\n|-damage|p1b: Moltres|93\/100\n|-damage|p2b: Rillaboom|84\/100|[from] item: Rocky Helmet|[of] p1b: Moltres\n|-status|p2b: Rillaboom|brn|[from] ability: Flame Body|[of] p1b: Moltres\n|move|p2a: Gholdengo|Nasty Plot|p2a: Gholdengo\n|-boost|p2a: Gholdengo|spa|2\n|cant|p1b: Moltres|flinch\n|\n|-heal|p2b: Rillaboom|90\/100 brn|[from] Grassy Terrain\n|-damage|p2b: Rillaboom|84\/100 brn|[from] brn\n|upkeep\n|turn|2\n|\n|t:|1700607183\n|switch|p2b: Clefairy|Clefairy, L50, F, shiny|100\/100\n|move|p1a: Landorus|U-turn|p2b: Clefairy\n|-resisted|p2b: Clefairy\n|-damage|p2b: Clefairy|89\/100\n|\n|t:|1700607191\n|switch|p1a: Iron Hands|Iron Hands, L50|100\/100|[from] U-turn\n|move|p2a: Gholdengo|Nasty Plot|p2a: Gholdengo\n|-boost|p2a: Gholdengo|spa|2\n|move|p1b: Moltres|Heat Wave|p2b: Clefairy|[spread] p2a,p2b\n|-supereffective|p2a: Gholdengo\n|-damage|p2a: Gholdengo|49\/100\n|-damage|p2b: Clefairy|58\/100\n|\n|-heal|p2a: Gholdengo|55\/100|[from] Grassy Terrain\n|-heal|p2a: Gholdengo|60\/100|[from] item: Leftovers\n|-heal|p2b: Clefairy|64\/100|[from] Grassy Terrain\n|upkeep\n|turn|3\n|j| Bradgga\n|l| Bradgga\n|\n|t:|1700607204\n|move|p2b: Clefairy|Follow Me|p2b: Clefairy\n|-singleturn|p2b: Clefairy|move: Follow Me\n|move|p2a: Gholdengo|Shadow Ball|p1b: Moltres\n|-damage|p1b: Moltres|0 fnt\n|faint|p1b: Moltres\n|move|p1a: Iron Hands|Heavy Slam|p2b: Clefairy\n|-supereffective|p2b: Clefairy\n|-damage|p2b: Clefairy|0 fnt\n|faint|p2b: Clefairy\n|\n|-heal|p2a: Gholdengo|66\/100|[from] Grassy Terrain\n|-heal|p2a: Gholdengo|72\/100|[from] item: Leftovers\n|upkeep\n|\n|t:|1700607213\n|switch|p1b: Landorus|Landorus-Therian, L50, M|100\/100\n|switch|p2b: Rillaboom|Rillaboom, L50, M|84\/100 brn\n|-ability|p1b: Landorus|Intimidate|boost\n|-unboost|p2a: Gholdengo|atk|1\n|-unboost|p2b: Rillaboom|atk|1\n|turn|4\n|\n|t:|1700607226\n|move|p2b: Rillaboom|Fake Out|p1b: Landorus\n|-damage|p1b: Landorus|96\/100\n|cant|p1b: Landorus|flinch\n|move|p2a: Gholdengo|Make It Rain|p1b: Landorus|[spread] p1a,p1b\n|-resisted|p1a: Iron Hands\n|-damage|p1a: Iron Hands|64\/100\n|-damage|p1b: Landorus|0 fnt\n|-unboost|p2a: Gholdengo|spa|1\n|faint|p1b: Landorus\n|move|p1a: Iron Hands|Wild Charge|p2a: Gholdengo\n|-damage|p2a: Gholdengo|24\/100\n|-damage|p1a: Iron Hands|54\/100|[from] Recoil\n|\n|-heal|p2a: Gholdengo|30\/100|[from] Grassy Terrain\n|-heal|p2a: Gholdengo|36\/100|[from] item: Leftovers\n|-heal|p2b: Rillaboom|90\/100 brn|[from] Grassy Terrain\n|-heal|p1a: Iron Hands|60\/100|[from] Grassy Terrain\n|-damage|p2b: Rillaboom|84\/100 brn|[from] brn\n|upkeep\n|\n|t:|1700607230\n|switch|p1b: Milotic|Milotic, L50, F|100\/100\n|turn|5\n|inactive|StonerSomeone has 30 seconds left.\n|\n|t:|1700607256\n|-terastallize|p2a: Gholdengo|Dragon\n|move|p2a: Gholdengo|Shadow Ball|p1a: Iron Hands\n|-damage|p1a: Iron Hands|10\/100\n|move|p2b: Rillaboom|Wood Hammer|p1a: Iron Hands\n|-damage|p1a: Iron Hands|0 fnt\n|faint|p1a: Iron Hands\n|-end|p1a: Iron Hands|Quark Drive|[silent]\n|-damage|p2b: Rillaboom|80\/100 brn|[from] Recoil\n|move|p1b: Milotic|Scald|p2a: Gholdengo\n|-resisted|p2a: Gholdengo\n|-damage|p2a: Gholdengo|19\/100\n|\n|-heal|p2a: Gholdengo|25\/100|[from] Grassy Terrain\n|-heal|p2a: Gholdengo|31\/100|[from] item: Leftovers\n|-heal|p2b: Rillaboom|86\/100 brn|[from] Grassy Terrain\n|-damage|p2b: Rillaboom|80\/100 brn|[from] brn\n|-fieldend|move: Grassy Terrain\n|upkeep\n|turn|6\n|c|\u2606StonerSomeone|gg\n|c|\u2606WickedCheeseTouch|gg\n|\n|t:|1700607270\n|switch|p2b: Roaring Moon|Roaring Moon, L50|100\/100\n|-enditem|p2b: Roaring Moon|Booster Energy\n|-activate|p2b: Roaring Moon|ability: Protosynthesis|[fromitem]\n|-start|p2b: Roaring Moon|protosynthesisspe\n|-terastallize|p1b: Milotic|Grass\n|move|p2a: Gholdengo|Protect|p2a: Gholdengo\n|-singleturn|p2a: Gholdengo|Protect\n|move|p1b: Milotic|Icy Wind|p2a: Gholdengo|[spread] p2b\n|-activate|p2a: Gholdengo|move: Protect\n|-supereffective|p2b: Roaring Moon\n|-damage|p2b: Roaring Moon|82\/100\n|-unboost|p2b: Roaring Moon|spe|1\n|\n|-heal|p2a: Gholdengo|37\/100|[from] item: Leftovers\n|upkeep\n|turn|7\n|\n|t:|1700607278\n|move|p2b: Roaring Moon|Knock Off|p1b: Milotic\n|-damage|p1b: Milotic|63\/100\n|-enditem|p1b: Milotic|Sitrus Berry|[from] move: Knock Off|[of] p2b: Roaring Moon\n|move|p2a: Gholdengo|Make It Rain|p1b: Milotic\n|-damage|p1b: Milotic|0 fnt\n|-unboost|p2a: Gholdengo|spa|1\n|faint|p1b: Milotic\n|\n|win|WickedCheeseTouch\n|l| ppyyy\n","uploadtime":1700607283,"views":6,"p1id":"stonersomeone","p2id":"wickedcheesetouch","formatid":"gen9vgc2023regulatione","rating":0,"private":0,"password":""}