{"id":"gen9vgc2023regulatione-1998519706","p1":"gurupatak","p2":"Mambae2","format":"[Gen 9] VGC 2023 Regulation E","log":"|j|\u2606gurupatak\n|j|\u2606Mambae2\n|t:|1700951591\n|gametype|doubles\n|player|p1|gurupatak|1|\n|player|p2|Mambae2|169|\n|teamsize|p1|6\n|teamsize|p2|6\n|gen|9\n|tier|[Gen 9] VGC 2023 Regulation E\n|rated|Tournament battle\n|rule|Species Clause: Limit one of each Pok\u00e9mon\n|rule|Item Clause: Limit one of each item\n|clearpoke\n|poke|p1|Indeedee-F, L50, F|\n|poke|p1|Armarouge, L50, F|\n|poke|p1|Ursaluna, L50, F|\n|poke|p1|Enamorus-Therian, L50, F|\n|poke|p1|Torkoal, L50, F|\n|poke|p1|Lilligant-Hisui, L50, F|\n|poke|p2|Grimmsnarl, L50, M|\n|poke|p2|Goodra-Hisui, L50, F|\n|poke|p2|Landorus-Therian, L50, M|\n|poke|p2|Rillaboom, L50, M|\n|poke|p2|Urshifu-*, L50, F|\n|poke|p2|Tornadus, L50, M|\n|teampreview|4\n|showteam|p1|Indeedee-F||PsychicSeed|PsychicSurge|FollowMe,HelpingHand,TrickRoom,DazzlingGleam|||F|||50|,,,,,Fairy]Armarouge||LifeOrb|FlashFire|ExpandingForce,ArmorCannon,Protect,TrickRoom|||F|||50|,,,,,Grass]Ursaluna||FlameOrb|Guts|Facade,HeadlongRush,Earthquake,Protect|||F|||50|,,,,,Ghost]Enamorus-Therian||PixiePlate|Overcoat|DazzlingGleam,Moonblast,EarthPower,Protect|||F|||50|,,,,,Fairy]Torkoal||Charcoal|Drought|Eruption,HeatWave,EarthPower,Protect|||F|||50|,,,,,Fire]Lilligant-Hisui||FocusSash|Chlorophyll|SleepPowder,CloseCombat,SolarBlade,AfterYou|||F|||50|,,,,,Ghost\n|showteam|p2|Grimmsnarl||LightClay|Prankster|ThunderWave,LightScreen,Reflect,SpiritBreak|||M|||50|,,,,,Ghost]Goodra-Hisui||Leftovers|ShellArmor|BodyPress,Shelter,HeavySlam,Protect|||F|||50|,,,,,Poison]Landorus-Therian||ChoiceScarf|Intimidate|StompingTantrum,TeraBlast,RockSlide,Uturn|||M|||50|,,,,,Flying]Rillaboom||AssaultVest|GrassySurge|GrassyGlide,WoodHammer,FakeOut,HighHorsepower|||M|||50|,,,,,Fire]Urshifu-Rapid-Strike||MysticWater|UnseenFist|SurgingStrikes,CloseCombat,AquaJet,Detect|||F|||50|,,,,,Water]Tornadus||RockyHelmet|Prankster|BleakwindStorm,RainDance,Tailwind,Protect|||M|||50|,,,,,Steel\n|j| ppyyy\n|j|%Radio Free C-Side\n|j| Gewthiiigfgh\n|inactive|Battle timer is ON: inactive players will automatically lose when time's up. (requested by gurupatak)\n|j| Red Fang X\n|j| Hazey\n|c|\u2606gurupatak|glhf :0\n|c|\u2606Mambae2|glhf\n|j| Satoshi Tatsugiri\n|l| Satoshi Tatsugiri\n|j| EmceeMikey\n|inactive|Mambae2 has 60 seconds left.\n|c|\u2606gurupatak|been a while sice Ive been here without dozo lol\n|inactive|Mambae2 has 30 seconds left.\n|inactive|Mambae2 has 20 seconds left.\n|inactive|Mambae2 has 15 seconds left.\n|\n|t:|1700951675\n|start\n|switch|p1a: Indeedee|Indeedee-F, L50, F|100\/100\n|switch|p1b: Armarouge|Armarouge, L50, F|100\/100\n|switch|p2a: Landorus|Landorus-Therian, L50, M|100\/100\n|switch|p2b: Tornadus|Tornadus, L50, M|100\/100\n|-ability|p2a: Landorus|Intimidate|boost\n|-unboost|p1a: Indeedee|atk|1\n|-unboost|p1b: Armarouge|atk|1\n|-fieldstart|move: Psychic Terrain|[from] ability: Psychic Surge|[of] p1a: Indeedee\n|-enditem|p1a: Indeedee|Psychic Seed\n|-boost|p1a: Indeedee|spd|1|[from] item: Psychic Seed\n|turn|1\n|inactive|Mambae2 has 30 seconds left.\n|inactive|Mambae2 has 20 seconds left.\n|inactive|Mambae2 has 15 seconds left.\n|inactive|Mambae2 has 10 seconds left.\n|\n|t:|1700951720\n|move|p2b: Tornadus|Rain Dance|p2b: Tornadus\n|-weather|RainDance\n|move|p2a: Landorus|U-turn|p1a: Indeedee\n|-supereffective|p1a: Indeedee\n|-damage|p1a: Indeedee|47\/100\n|\n|t:|1700951727\n|switch|p2a: Rillaboom|Rillaboom, L50, M|100\/100|[from] U-turn\n|-fieldstart|move: Grassy Terrain|[from] ability: Grassy Surge|[of] p2a: Rillaboom\n|move|p1b: Armarouge|Armor Cannon|p2a: Rillaboom\n|-supereffective|p2a: Rillaboom\n|-damage|p2a: Rillaboom|40\/100\n|-unboost|p1b: Armarouge|def|1\n|-unboost|p1b: Armarouge|spd|1\n|-damage|p1b: Armarouge|91\/100|[from] item: Life Orb\n|move|p1a: Indeedee|Trick Room|p1a: Indeedee\n|-fieldstart|move: Trick Room|[of] p1a: Indeedee\n|\n|-weather|RainDance|[upkeep]\n|-heal|p1b: Armarouge|97\/100|[from] Grassy Terrain\n|-heal|p1a: Indeedee|54\/100|[from] Grassy Terrain\n|-heal|p2a: Rillaboom|46\/100|[from] Grassy Terrain\n|upkeep\n|turn|2\n|inactive|Mambae2 has 30 seconds left.\n|inactive|Mambae2 has 20 seconds left.\n|j| FrostKartana\n|inactive|Mambae2 has 15 seconds left.\n|\n|t:|1700951770\n|switch|p1a: Enamorus|Enamorus-Therian, L50, F|100\/100\n|-terastallize|p2a: Rillaboom|Fire\n|move|p1b: Armarouge|Protect|p1b: Armarouge\n|-singleturn|p1b: Armarouge|Protect\n|move|p2a: Rillaboom|High Horsepower|p1a: Enamorus\n|-immune|p1a: Enamorus\n|move|p2b: Tornadus|Bleakwind Storm|p1b: Armarouge|[spread] p1a\n|-activate|p1b: Armarouge|move: Protect\n|-damage|p1a: Enamorus|71\/100\n|\n|-weather|RainDance|[upkeep]\n|-heal|p1b: Armarouge|100\/100|[from] Grassy Terrain\n|-heal|p2a: Rillaboom|51\/100|[from] Grassy Terrain\n|upkeep\n|turn|3\n|inactive|Mambae2 has 30 seconds left.\n|inactive|gurupatak has 30 seconds left.\n|l| FrostKartana\n|\n|t:|1700951810\n|switch|p2a: Landorus|Landorus-Therian, L50, M|100\/100\n|-ability|p2a: Landorus|Intimidate|boost\n|-unboost|p1a: Enamorus|atk|1\n|-unboost|p1b: Armarouge|atk|1\n|-terastallize|p1a: Enamorus|Fairy\n|move|p1a: Enamorus|Dazzling Gleam|p2b: Tornadus|[spread] p2a,p2b\n|-damage|p2a: Landorus|36\/100\n|-damage|p2b: Tornadus|31\/100\n|move|p1b: Armarouge|Expanding Force|p2a: Landorus\n|-crit|p2a: Landorus\n|-damage|p2a: Landorus|0 fnt\n|faint|p2a: Landorus\n|-damage|p1b: Armarouge|91\/100|[from] item: Life Orb\n|move|p2b: Tornadus|Bleakwind Storm|p1a: Enamorus|[spread] p1a,p1b\n|-damage|p1a: Enamorus|42\/100\n|-damage|p1b: Armarouge|39\/100\n|-unboost|p1b: Armarouge|spe|1\n|\n|-weather|RainDance|[upkeep]\n|-heal|p1a: Enamorus|48\/100|[from] Grassy Terrain\n|-heal|p1b: Armarouge|44\/100|[from] Grassy Terrain\n|upkeep\n|\n|t:|1700951826\n|switch|p2a: Urshifu|Urshifu-Rapid-Strike, L50, F|100\/100\n|turn|4\n|\n|t:|1700951849\n|move|p2b: Tornadus|Protect|p2b: Tornadus\n|-singleturn|p2b: Tornadus|Protect\n|move|p2a: Urshifu|Detect|p2a: Urshifu\n|-singleturn|p2a: Urshifu|Protect\n|move|p1a: Enamorus|Dazzling Gleam|p2a: Urshifu|[spread] \n|-activate|p2a: Urshifu|move: Protect\n|-activate|p2b: Tornadus|move: Protect\n|move|p1b: Armarouge|Expanding Force|p2a: Urshifu\n|-activate|p2a: Urshifu|move: Protect\n|\n|-weather|RainDance|[upkeep]\n|-heal|p1a: Enamorus|54\/100|[from] Grassy Terrain\n|-heal|p1b: Armarouge|50\/100|[from] Grassy Terrain\n|upkeep\n|turn|5\n|j| FrostKartana\n|inactive|Mambae2 has 30 seconds left.\n|\n|t:|1700951884\n|switch|p2b: Rillaboom|Rillaboom, L50, M, tera:Fire|51\/100\n|move|p2a: Urshifu|Aqua Jet|p1b: Armarouge\n|-supereffective|p1b: Armarouge\n|-damage|p1b: Armarouge|0 fnt\n|faint|p1b: Armarouge\n|move|p1a: Enamorus|Dazzling Gleam|p2b: Rillaboom|[spread] p2a,p2b\n|-supereffective|p2a: Urshifu\n|-resisted|p2b: Rillaboom\n|-damage|p2a: Urshifu|0 fnt\n|-damage|p2b: Rillaboom|29\/100\n|faint|p2a: Urshifu\n|\n|-weather|none\n|-heal|p1a: Enamorus|60\/100|[from] Grassy Terrain\n|-heal|p2b: Rillaboom|35\/100|[from] Grassy Terrain\n|-fieldend|move: Trick Room\n|-fieldend|move: Grassy Terrain\n|upkeep\n|\n|t:|1700951892\n|switch|p2a: Tornadus|Tornadus, L50, M|31\/100\n|switch|p1b: Indeedee|Indeedee-F, L50, F|54\/100\n|-fieldstart|move: Psychic Terrain|[from] ability: Psychic Surge|[of] p1b: Indeedee\n|turn|6\n|\n|t:|1700951910\n|move|p1b: Indeedee|Follow Me|p1b: Indeedee\n|-singleturn|p1b: Indeedee|move: Follow Me\n|move|p2a: Tornadus|Bleakwind Storm|p1a: Enamorus|[spread] p1a,p1b\n|-damage|p1a: Enamorus|30\/100\n|-damage|p1b: Indeedee|21\/100\n|move|p2b: Rillaboom|Wood Hammer|p1b: Indeedee\n|-damage|p1b: Indeedee|0 fnt\n|faint|p1b: Indeedee\n|-damage|p2b: Rillaboom|29\/100|[from] Recoil\n|move|p1a: Enamorus|Earth Power|p2b: Rillaboom\n|-supereffective|p2b: Rillaboom\n|-damage|p2b: Rillaboom|0 fnt\n|faint|p2b: Rillaboom\n|\n|upkeep\n|\n|t:|1700951914\n|switch|p1b: Torkoal|Torkoal, L50, F|100\/100\n|-weather|SunnyDay|[from] ability: Drought|[of] p1b: Torkoal\n|turn|7\n|\n|t:|1700951923\n|move|p2a: Tornadus|Bleakwind Storm|p1a: Enamorus|[spread] p1b\n|-miss|p2a: Tornadus|p1a: Enamorus\n|-damage|p1b: Torkoal|56\/100\n|move|p1a: Enamorus|Moonblast|p2a: Tornadus\n|-crit|p2a: Tornadus\n|-damage|p2a: Tornadus|0 fnt\n|faint|p2a: Tornadus\n|\n|win|gurupatak\n|n|\u2606gurupatak|gurupatak\n|n|\u2606Mambae2|mambae2\n|n| ppyyy|ppyyy\n|n| Radio Free C-Side|radiofreecside\n|n| Gewthiiigfgh|gewthiiigfgh\n|n| Red Fang X|redfangx\n|n| Hazey|hazey\n|n| EmceeMikey|emceemikey\n|n| FrostKartana|frostkartana\n","uploadtime":1700951924,"views":3,"p1id":"gurupatak","p2id":"mambae2","formatid":"gen9vgc2023regulatione","rating":0,"private":0,"password":""}