{"id":"gen9vgc2023regulatione-1994176394","p1":"super75","p2":"watergamer8955","format":"[Gen 9] VGC 2023 Regulation E","log":"|j|\u2606super75\n|j|\u2606watergamer8955\n|t:|1700415613\n|gametype|doubles\n|player|p1|super75|101|1042\n|player|p2|watergamer8955|266|1130\n|teamsize|p1|6\n|teamsize|p2|6\n|gen|9\n|tier|[Gen 9] VGC 2023 Regulation E\n|rated|\n|rule|Species Clause: Limit one of each Pok\u00e9mon\n|rule|Item Clause: Limit one of each item\n|clearpoke\n|poke|p1|Grimmsnarl, L50, M|\n|poke|p1|Ting-Lu, L50|\n|poke|p1|Arcanine-Hisui, L50, F|\n|poke|p1|Goodra-Hisui, L50, F|\n|poke|p1|Tornadus, L50, M|\n|poke|p1|Sinistcha, L50|\n|poke|p2|Iron Hands, L50|\n|poke|p2|Dondozo, L50, F|\n|poke|p2|Tatsugiri, L50, F|\n|poke|p2|Ogerpon-Hearthflame, L50, F|\n|poke|p2|Ninetales-Alola, L50, F|\n|poke|p2|Glimmora, L50, F|\n|teampreview|4\nwatergamer8955 has agreed to open team sheets.\n|inactive|Battle timer is ON: inactive players will automatically lose when time's up. (requested by watergamer8955)\nsuper75 has agreed to open team sheets.\n|inactive|super75 has 30 seconds left.\n|inactive|super75 has 20 seconds left.\n|\n|t:|1700415667\n|start\n|switch|p1a: Grimmsnarl|Grimmsnarl, L50, M|100\/100\n|switch|p1b: Arcanine|Arcanine-Hisui, L50, F|100\/100\n|switch|p2a: Ninetales|Ninetales-Alola, L50, F, shiny|100\/100\n|switch|p2b: Glimmora|Glimmora, L50, F, shiny|100\/100\n|-weather|Snow|[from] ability: Snow Warning|[of] p2a: Ninetales\n|-ability|p1b: Arcanine|Intimidate|boost\n|-unboost|p2a: Ninetales|atk|1\n|-unboost|p2b: Glimmora|atk|1\n|turn|1\n|\n|t:|1700415688\n|move|p1a: Grimmsnarl|Fake Out|p2b: Glimmora\n|-resisted|p2b: Glimmora\n|-damage|p2b: Glimmora|96\/100\n|-activate|p2b: Glimmora|ability: Toxic Debris\n|-sidestart|p1: super75|move: Toxic Spikes\n|move|p2a: Ninetales|Aurora Veil|p2a: Ninetales\n|-sidestart|p2: watergamer8955|move: Aurora Veil\n|move|p1b: Arcanine|Flare Blitz|p2a: Ninetales\n|-supereffective|p2a: Ninetales\n|-damage|p2a: Ninetales|40\/100\n|-damage|p1b: Arcanine|79\/100|[from] Recoil\n|-heal|p1b: Arcanine|87\/100|[from] item: Shell Bell|[of] p2a: Ninetales\n|cant|p2b: Glimmora|flinch\n|\n|-weather|Snow|[upkeep]\n|upkeep\n|turn|2\n|\n|t:|1700415706\n|move|p2a: Ninetales|Protect|p2a: Ninetales\n|-singleturn|p2a: Ninetales|Protect\n|move|p1a: Grimmsnarl|Light Screen|p1a: Grimmsnarl\n|-sidestart|p1: super75|move: Light Screen\n|move|p1b: Arcanine|Flare Blitz|p2a: Ninetales\n|-activate|p2a: Ninetales|move: Protect\n|move|p2b: Glimmora|Mortal Spin|p1b: Arcanine|[spread] p1a,p1b\n|-supereffective|p1a: Grimmsnarl\n|-resisted|p1b: Arcanine\n|-damage|p1a: Grimmsnarl|95\/100\n|-damage|p1b: Arcanine|85\/100\n|-status|p1a: Grimmsnarl|psn\n|-status|p1b: Arcanine|psn\n|\n|-weather|Snow|[upkeep]\n|-damage|p1b: Arcanine|73\/100 psn|[from] psn\n|-damage|p1a: Grimmsnarl|82\/100 psn|[from] psn\n|upkeep\n|turn|3\n|inactive|watergamer8955 has 30 seconds left.\n|\n|t:|1700415736\n|switch|p2a: Tatsugiri|Tatsugiri, L50, F, shiny|100\/100\n|switch|p2b: Dondozo|Dondozo, L50, F, shiny|100\/100\n|-activate|p2a: Tatsugiri|ability: Commander|[of] p2b: Dondozo\n|-boost|p2b: Dondozo|atk|2\n|-boost|p2b: Dondozo|spa|2\n|-boost|p2b: Dondozo|spe|2\n|-boost|p2b: Dondozo|def|2\n|-boost|p2b: Dondozo|spd|2\n|move|p1a: Grimmsnarl|Reflect|p1a: Grimmsnarl\n|-sidestart|p1: super75|Reflect\n|move|p1b: Arcanine|Flare Blitz|p2a: Tatsugiri|[miss]\n|-miss|p1b: Arcanine|p2a: Tatsugiri\n|\n|-weather|Snow|[upkeep]\n|-damage|p1b: Arcanine|60\/100 psn|[from] psn\n|-damage|p1a: Grimmsnarl|70\/100 psn|[from] psn\n|upkeep\n|turn|4\n|\n|t:|1700415761\n|move|p1a: Grimmsnarl|Parting Shot|p2b: Dondozo\n|-unboost|p2b: Dondozo|atk|1\n|-unboost|p2b: Dondozo|spa|1\n|\n|t:|1700415766\n|switch|p1a: Sinistcha|Sinistcha, L50|100\/100|[from] Parting Shot\n|-status|p1a: Sinistcha|psn\n|-heal|p1b: Arcanine|85\/100 psn|[from] ability: Hospitality|[of] p1a: Sinistcha\n|move|p2b: Dondozo|Order Up|p1b: Arcanine\n|-crit|p1b: Arcanine\n|-damage|p1b: Arcanine|25\/100 psn\n|-boost|p2b: Dondozo|atk|1\n|move|p1b: Arcanine|Will-O-Wisp|p2b: Dondozo|[miss]\n|-miss|p1b: Arcanine|p2b: Dondozo\n|\n|-weather|Snow|[upkeep]\n|-damage|p1b: Arcanine|12\/100 psn|[from] psn\n|-damage|p1a: Sinistcha|88\/100 psn|[from] psn\n|upkeep\n|turn|5\n|\n|t:|1700415785\n|move|p2b: Dondozo|Protect|p2b: Dondozo\n|-singleturn|p2b: Dondozo|Protect\n|move|p1b: Arcanine|Will-O-Wisp|p2b: Dondozo\n|-activate|p2b: Dondozo|move: Protect\n|move|p1a: Sinistcha|Matcha Gotcha|p2a: Tatsugiri|[spread] \n|-miss|p1a: Sinistcha|p2a: Tatsugiri\n|-activate|p2b: Dondozo|move: Protect\n|\n|-weather|none\n|-damage|p1b: Arcanine|0 fnt|[from] psn\n|faint|p1b: Arcanine\n|-damage|p1a: Sinistcha|76\/100 psn|[from] psn\n|upkeep\n|\n|t:|1700415799\n|switch|p1b: Goodra|Goodra-Hisui, L50, F|100\/100\n|turn|6\n|\n|t:|1700415815\n|move|p2b: Dondozo|Order Up|p1b: Goodra\n|-damage|p1b: Goodra|80\/100\n|-boost|p2b: Dondozo|atk|1\n|move|p1a: Sinistcha|Matcha Gotcha|p2a: Tatsugiri|[spread] p2b\n|-miss|p1a: Sinistcha|p2a: Tatsugiri\n|-supereffective|p2b: Dondozo\n|-damage|p2b: Dondozo|86\/100\n|-heal|p1a: Sinistcha|85\/100 psn|[from] drain|[of] p2b: Dondozo\n|move|p1b: Goodra|Life Dew|p1b: Goodra|[spread] p1a,p1b\n|-heal|p1a: Sinistcha|100\/100 psn\n|-heal|p1b: Goodra|100\/100\n|\n|-heal|p2b: Dondozo|92\/100|[from] item: Leftovers\n|-damage|p1a: Sinistcha|88\/100 psn|[from] psn\n|upkeep\n|turn|7\n|\n|t:|1700415837\n|move|p2b: Dondozo|Earthquake|p1a: Sinistcha|[spread] p1a,p1b\n|-miss|p2b: Dondozo|p2a: Tatsugiri\n|-resisted|p1a: Sinistcha\n|-supereffective|p1b: Goodra\n|-damage|p1a: Sinistcha|77\/100 psn\n|-damage|p1b: Goodra|55\/100\n|move|p1a: Sinistcha|Strength Sap|p2b: Dondozo\n|-unboost|p2b: Dondozo|atk|1\n|-heal|p1a: Sinistcha|100\/100 psn\n|move|p1b: Goodra|Dragon Pulse|p2b: Dondozo\n|-damage|p2b: Dondozo|83\/100\n|\n|-heal|p2b: Dondozo|89\/100|[from] item: Leftovers\n|-heal|p1b: Goodra|61\/100|[from] item: Leftovers\n|-damage|p1a: Sinistcha|88\/100 psn|[from] psn\n|upkeep\n|turn|8\n|\n|t:|1700415854\n|move|p2b: Dondozo|Protect|p2b: Dondozo\n|-singleturn|p2b: Dondozo|Protect\n|move|p1b: Goodra|Protect|p1b: Goodra\n|-singleturn|p1b: Goodra|Protect\n|move|p1a: Sinistcha|Matcha Gotcha|p2a: Tatsugiri|[spread] \n|-miss|p1a: Sinistcha|p2a: Tatsugiri\n|-activate|p2b: Dondozo|move: Protect\n|\n|-heal|p2b: Dondozo|96\/100|[from] item: Leftovers\n|-heal|p1b: Goodra|67\/100|[from] item: Leftovers\n|-damage|p1a: Sinistcha|76\/100 psn|[from] psn\n|-sideend|p2: watergamer8955|move: Aurora Veil\n|upkeep\n|turn|9\n|\n|t:|1700415877\n|move|p1a: Sinistcha|Protect|p1a: Sinistcha\n|-singleturn|p1a: Sinistcha|Protect\n|move|p2b: Dondozo|Order Up|p1a: Sinistcha\n|-activate|p1a: Sinistcha|move: Protect\n|move|p1b: Goodra|Life Dew|p1b: Goodra|[spread] p1a,p1b\n|-heal|p1a: Sinistcha|100\/100 psn\n|-heal|p1b: Goodra|92\/100\n|\n|-heal|p2b: Dondozo|100\/100|[from] item: Leftovers\n|-heal|p1b: Goodra|98\/100|[from] item: Leftovers\n|-damage|p1a: Sinistcha|88\/100 psn|[from] psn\n|-sideend|p1: super75|move: Light Screen\n|upkeep\n|turn|10\n|\n|t:|1700415895\n|move|p2b: Dondozo|Protect|p2b: Dondozo\n|-singleturn|p2b: Dondozo|Protect\n|move|p1b: Goodra|Protect|p1b: Goodra\n|-singleturn|p1b: Goodra|Protect\n|move|p1a: Sinistcha|Matcha Gotcha|p2a: Tatsugiri|[spread] \n|-miss|p1a: Sinistcha|p2a: Tatsugiri\n|-activate|p2b: Dondozo|move: Protect\n|\n|-heal|p1b: Goodra|100\/100|[from] item: Leftovers\n|-damage|p1a: Sinistcha|76\/100 psn|[from] psn\n|-sideend|p1: super75|Reflect\n|upkeep\n|turn|11\n|\n|t:|1700415911\n|move|p2b: Dondozo|Order Up|p1b: Goodra\n|-damage|p1b: Goodra|71\/100\n|-boost|p2b: Dondozo|atk|1\n|move|p1a: Sinistcha|Strength Sap|p2b: Dondozo\n|-unboost|p2b: Dondozo|atk|1\n|-heal|p1a: Sinistcha|100\/100 psn\n|move|p1b: Goodra|Life Dew||[still]|[spread] p1a,p1b\n|-fail|p1a: Sinistcha|heal\n|-heal|p1b: Goodra|96\/100\n|\n|-heal|p1b: Goodra|100\/100|[from] item: Leftovers\n|-damage|p1a: Sinistcha|88\/100 psn|[from] psn\n|upkeep\n|turn|12\n|\n|t:|1700415934\n|-terastallize|p1a: Sinistcha|Grass\n|move|p2b: Dondozo|Protect|p2b: Dondozo\n|-singleturn|p2b: Dondozo|Protect\n|move|p1a: Sinistcha|Matcha Gotcha|p2b: Dondozo|[spread] \n|-miss|p1a: Sinistcha|p2a: Tatsugiri\n|-activate|p2b: Dondozo|move: Protect\n|move|p1b: Goodra|Dragon Pulse|p2b: Dondozo\n|-activate|p2b: Dondozo|move: Protect\n|\n|-damage|p1a: Sinistcha|76\/100 psn|[from] psn\n|upkeep\n|turn|13\n|\n|t:|1700415949\n|-terastallize|p2b: Dondozo|Fairy\n|move|p2b: Dondozo|Order Up|p1a: Sinistcha\n|-damage|p1a: Sinistcha|46\/100 psn\n|-boost|p2b: Dondozo|atk|1\n|move|p1a: Sinistcha|Matcha Gotcha|p2b: Dondozo|[spread] \n|-miss|p1a: Sinistcha|p2a: Tatsugiri\n|-miss|p1a: Sinistcha|p2b: Dondozo\n|move|p1b: Goodra|Life Dew||[still]|[spread] p1a,p1b\n|-heal|p1a: Sinistcha|71\/100 psn\n|-fail|p1b: Goodra|heal\n|\n|-damage|p1a: Sinistcha|59\/100 psn|[from] psn\n|upkeep\n|turn|14\n|\n|t:|1700415971\n|move|p2b: Dondozo|Protect|p2b: Dondozo\n|-singleturn|p2b: Dondozo|Protect\n|move|p1a: Sinistcha|Shadow Ball|p2b: Dondozo\n|-activate|p2b: Dondozo|move: Protect\n|move|p1b: Goodra|Flash Cannon|p2b: Dondozo\n|-activate|p2b: Dondozo|move: Protect\n|\n|-damage|p1a: Sinistcha|47\/100 psn|[from] psn\n|upkeep\n|turn|15\n|inactive|super75 has 30 seconds left.\n|\n|t:|1700416003\n|move|p2b: Dondozo|Earthquake|p1b: Goodra|[spread] p1a,p1b\n|-miss|p2b: Dondozo|p2a: Tatsugiri\n|-resisted|p1a: Sinistcha\n|-supereffective|p1b: Goodra\n|-damage|p1a: Sinistcha|32\/100 psn\n|-damage|p1b: Goodra|23\/100\n|move|p1a: Sinistcha|Matcha Gotcha|p2a: Tatsugiri|[spread] p2b\n|-miss|p1a: Sinistcha|p2a: Tatsugiri\n|-damage|p2b: Dondozo|85\/100\n|-heal|p1a: Sinistcha|42\/100 psn|[from] drain|[of] p2b: Dondozo\n|move|p1b: Goodra|Flash Cannon|p2b: Dondozo\n|-supereffective|p2b: Dondozo\n|-damage|p2b: Dondozo|58\/100\n|\n|-heal|p2b: Dondozo|64\/100|[from] item: Leftovers\n|-heal|p1b: Goodra|29\/100|[from] item: Leftovers\n|-damage|p1a: Sinistcha|30\/100 psn|[from] psn\n|upkeep\n|turn|16\n|\n|t:|1700416022\n|move|p1a: Sinistcha|Protect|p1a: Sinistcha\n|-singleturn|p1a: Sinistcha|Protect\n|move|p1b: Goodra|Protect|p1b: Goodra\n|-singleturn|p1b: Goodra|Protect\n|move|p2b: Dondozo|Earthquake|p1a: Sinistcha|[spread] \n|-miss|p2b: Dondozo|p2a: Tatsugiri\n|-activate|p1a: Sinistcha|move: Protect\n|-activate|p1b: Goodra|move: Protect\n|\n|-heal|p2b: Dondozo|70\/100|[from] item: Leftovers\n|-heal|p1b: Goodra|35\/100|[from] item: Leftovers\n|-damage|p1a: Sinistcha|17\/100 psn|[from] psn\n|upkeep\n|turn|17\n|-message|super75 forfeited.\n|\n|win|watergamer8955\n|raw|super75's rating: 1042 &rarr; <strong>1030<\/strong><br \/>(-12 for losing)\n|raw|watergamer8955's rating: 1130 &rarr; <strong>1149<\/strong><br \/>(+19 for winning)\n|l|\u2606super75\n","uploadtime":1700416041,"views":6,"p1id":"super75","p2id":"watergamer8955","formatid":"gen9vgc2023regulatione","rating":1030,"private":0,"password":""}