{"id":"gen9vgc2023regulatione-2000228360","p1":"texastrill713","p2":"sederty","format":"[Gen 9] VGC 2023 Regulation E","log":"|j|\u2606texastrill713\n|j|\u2606sederty\n|t:|1701174920\n|gametype|doubles\n|player|p1|texastrill713|lucas-gen4pt|1285\n|player|p2|sederty|169|1256\n|teamsize|p1|6\n|teamsize|p2|6\n|gen|9\n|tier|[Gen 9] VGC 2023 Regulation E\n|rated|\n|rule|Species Clause: Limit one of each Pok\u00e9mon\n|rule|Item Clause: Limit one of each item\n|clearpoke\n|poke|p1|Tornadus, L50, M|\n|poke|p1|Arcanine-Hisui, L50, F|\n|poke|p1|Ogerpon-Wellspring, L50, F|\n|poke|p1|Flutter Mane, L50|\n|poke|p1|Kingambit, L50, M|\n|poke|p1|Iron Hands, L50|\n|poke|p2|Ninetales-Alola, L50, M|\n|poke|p2|Empoleon, L50, M|\n|poke|p2|Landorus-Therian, L50, M|\n|poke|p2|Ogerpon-Hearthflame, L50, F|\n|poke|p2|Dragonite, L50, M|\n|poke|p2|Regieleki, L50|\n|teampreview|4\nsederty rejected open team sheets.\n|inactive|Battle timer is ON: inactive players will automatically lose when time's up. (requested by sederty)\n|inactive|texastrill713 has 60 seconds left.\n|\n|t:|1701174962\n|start\n|switch|p1a: Kingambit|Kingambit, L50, M|100\/100\n|switch|p1b: Iron Hands|Iron Hands, L50|100\/100\n|switch|p2a: Ninetales|Ninetales-Alola, L50, M|100\/100\n|switch|p2b: Regieleki|Regieleki, L50|100\/100\n|-weather|Snow|[from] ability: Snow Warning|[of] p2a: Ninetales\n|turn|1\n|inactive|texastrill713 has 30 seconds left.\n|inactive|sederty has 30 seconds left.\n|\n|t:|1701174995\n|move|p1b: Iron Hands|Fake Out|p2a: Ninetales\n|-damage|p2a: Ninetales|88\/100\n|move|p2b: Regieleki|Thunderbolt|p1a: Kingambit\n|-damage|p1a: Kingambit|57\/100\n|cant|p2a: Ninetales|flinch\n|move|p1a: Kingambit|Swords Dance|p1a: Kingambit\n|-boost|p1a: Kingambit|atk|2\n|\n|-weather|Snow|[upkeep]\n|upkeep\n|turn|2\n|\n|t:|1701175013\n|move|p1a: Kingambit|Protect|p1a: Kingambit\n|-singleturn|p1a: Kingambit|Protect\n|move|p2b: Regieleki|Thunder Wave|p1a: Kingambit\n|-activate|p1a: Kingambit|move: Protect\n|move|p2a: Ninetales|Aurora Veil|p2a: Ninetales\n|-sidestart|p2: sederty|move: Aurora Veil\n|move|p1b: Iron Hands|Heavy Slam|p2a: Ninetales\n|-supereffective|p2a: Ninetales\n|-damage|p2a: Ninetales|0 fnt\n|faint|p2a: Ninetales\n|\n|-weather|Snow|[upkeep]\n|upkeep\n|\n|t:|1701175017\n|switch|p2a: Ogerpon|Ogerpon-Hearthflame, L50, F|100\/100\n|-ability|p2a: Ogerpon|Mold Breaker\n|turn|3\n|inactive|texastrill713 has 30 seconds left.\n|inactive|texastrill713 has 20 seconds left.\n|inactive|texastrill713 has 15 seconds left.\n|inactive|texastrill713 has 10 seconds left.\n|\n|t:|1701175063\n|-terastallize|p1a: Kingambit|Dark\n|move|p1a: Kingambit|Sucker Punch||[still]\n|-fail|p1a: Kingambit\n|move|p2b: Regieleki|Thunder Wave|p1a: Kingambit\n|-status|p1a: Kingambit|par\n|move|p2a: Ogerpon|Ivy Cudgel|p1a: Kingambit|[anim] Ivy Cudgel Fire\n|-crit|p1a: Kingambit\n|-damage|p1a: Kingambit|0 fnt\n|faint|p1a: Kingambit\n|move|p1b: Iron Hands|Drain Punch|p2b: Regieleki\n|-damage|p2b: Regieleki|70\/100\n|\n|-weather|Snow|[upkeep]\n|upkeep\n|\n|t:|1701175082\n|switch|p1a: Ogerpon|Ogerpon-Wellspring, L50, F|100\/100\n|turn|4\n|\n|t:|1701175092\n|move|p2b: Regieleki|Protect|p2b: Regieleki\n|-singleturn|p2b: Regieleki|Protect\n|move|p1a: Ogerpon|Spiky Shield|p1a: Ogerpon\n|-singleturn|p1a: Ogerpon|move: Protect\n|move|p2a: Ogerpon|Swords Dance|p2a: Ogerpon\n|-boost|p2a: Ogerpon|atk|2\n|move|p1b: Iron Hands|Drain Punch|p2a: Ogerpon\n|-damage|p2a: Ogerpon|70\/100\n|\n|-weather|Snow|[upkeep]\n|upkeep\n|turn|5\n|inactive|texastrill713 has 30 seconds left.\n|\n|t:|1701175120\n|move|p2b: Regieleki|Electroweb|p1a: Ogerpon|[spread] p1a,p1b\n|-resisted|p1b: Iron Hands\n|-damage|p1a: Ogerpon|78\/100\n|-damage|p1b: Iron Hands|95\/100\n|-unboost|p1a: Ogerpon|spe|1\n|-unboost|p1b: Iron Hands|spe|1\n|move|p2a: Ogerpon|Horn Leech|p1a: Ogerpon\n|-damage|p1a: Ogerpon|0 fnt\n|-heal|p2a: Ogerpon|100\/100|[from] drain|[of] p1a: Ogerpon\n|faint|p1a: Ogerpon\n|move|p1b: Iron Hands|Drain Punch|p2a: Ogerpon\n|-damage|p2a: Ogerpon|69\/100\n|-heal|p1b: Iron Hands|100\/100|[from] drain|[of] p2a: Ogerpon\n|\n|-weather|none\n|upkeep\n|\n|t:|1701175140\n|switch|p1a: Flutter Mane|Flutter Mane, L50|100\/100\n|-enditem|p1a: Flutter Mane|Booster Energy\n|-activate|p1a: Flutter Mane|ability: Protosynthesis|[fromitem]\n|-start|p1a: Flutter Mane|protosynthesisspa\n|turn|6\n|c|\u2606texastrill713|Fuk u\n|\n|t:|1701175161\n|move|p1a: Flutter Mane|Protect|p1a: Flutter Mane\n|-singleturn|p1a: Flutter Mane|Protect\n|move|p2b: Regieleki|Electroweb|p1b: Iron Hands|[spread] \n|-activate|p1a: Flutter Mane|move: Protect\n|-miss|p2b: Regieleki|p1b: Iron Hands\n|move|p2a: Ogerpon|Ivy Cudgel|p1a: Flutter Mane|[anim] Ivy Cudgel Fire\n|-activate|p1a: Flutter Mane|move: Protect\n|move|p1b: Iron Hands|Wild Charge|p2a: Ogerpon\n|-resisted|p2a: Ogerpon\n|-damage|p2a: Ogerpon|52\/100\n|-damage|p1b: Iron Hands|97\/100|[from] Recoil\n|\n|upkeep\n|turn|7\n|\n|t:|1701175180\n|move|p1a: Flutter Mane|Protect|p1a: Flutter Mane\n|-singleturn|p1a: Flutter Mane|Protect\n|move|p2b: Regieleki|Electroweb|p1a: Flutter Mane|[spread] p1b\n|-activate|p1a: Flutter Mane|move: Protect\n|-resisted|p1b: Iron Hands\n|-damage|p1b: Iron Hands|91\/100\n|-unboost|p1b: Iron Hands|spe|1\n|move|p2a: Ogerpon|Ivy Cudgel|p1a: Flutter Mane|[anim] Ivy Cudgel Fire\n|-activate|p1a: Flutter Mane|move: Protect\n|move|p1b: Iron Hands|Drain Punch|p2b: Regieleki\n|-damage|p2b: Regieleki|38\/100\n|-heal|p1b: Iron Hands|100\/100|[from] drain|[of] p2b: Regieleki\n|\n|upkeep\n|turn|8\n|inactive|texastrill713 has 30 seconds left.\n|inactive|texastrill713 has 20 seconds left.\n|inactive|texastrill713 has 15 seconds left.\n|\n|t:|1701175221\n|move|p2b: Regieleki|Protect|p2b: Regieleki\n|-singleturn|p2b: Regieleki|Protect\n|move|p1a: Flutter Mane|Shadow Ball|p2a: Ogerpon\n|-damage|p2a: Ogerpon|13\/100\n|move|p2a: Ogerpon|Horn Leech|p1b: Iron Hands\n|-damage|p1b: Iron Hands|49\/100\n|-heal|p2a: Ogerpon|47\/100|[from] drain|[of] p1b: Iron Hands\n|move|p1b: Iron Hands|Drain Punch|p2b: Regieleki\n|-activate|p2b: Regieleki|move: Protect\n|\n|upkeep\n|turn|9\n|inactive|texastrill713 has 30 seconds left.\n|inactive|sederty has 30 seconds left.\n|\n|t:|1701175251\n|move|p1a: Flutter Mane|Protect|p1a: Flutter Mane\n|-singleturn|p1a: Flutter Mane|Protect\n|move|p2b: Regieleki|Electroweb|p1a: Flutter Mane|[spread] p1b\n|-activate|p1a: Flutter Mane|move: Protect\n|-resisted|p1b: Iron Hands\n|-damage|p1b: Iron Hands|43\/100\n|-unboost|p1b: Iron Hands|spe|1\n|move|p2a: Ogerpon|Horn Leech|p1a: Flutter Mane\n|-activate|p1a: Flutter Mane|move: Protect\n|move|p1b: Iron Hands|Drain Punch|p2b: Regieleki\n|-damage|p2b: Regieleki|2\/100\n|-heal|p1b: Iron Hands|56\/100|[from] drain|[of] p2b: Regieleki\n|-enditem|p2b: Regieleki|Aguav Berry|[eat]\n|-heal|p2b: Regieleki|35\/100|[from] item: Aguav Berry\n|\n|-sideend|p2: sederty|move: Aurora Veil\n|upkeep\n|turn|10\n|\n|t:|1701175275\n|move|p2b: Regieleki|Electroweb|p1a: Flutter Mane|[spread] p1a,p1b\n|-resisted|p1b: Iron Hands\n|-damage|p1a: Flutter Mane|80\/100\n|-damage|p1b: Iron Hands|50\/100\n|-unboost|p1a: Flutter Mane|spe|1\n|-unboost|p1b: Iron Hands|spe|1\n|move|p2a: Ogerpon|Horn Leech|p1b: Iron Hands\n|-damage|p1b: Iron Hands|0 fnt\n|-heal|p2a: Ogerpon|81\/100|[from] drain|[of] p1b: Iron Hands\n|faint|p1b: Iron Hands\n|-end|p1b: Iron Hands|Quark Drive|[silent]\n|move|p1a: Flutter Mane|Shadow Ball|p2a: Ogerpon\n|-damage|p2a: Ogerpon|22\/100\n|-unboost|p2a: Ogerpon|spd|1\n|\n|upkeep\n|turn|11\n|\n|t:|1701175299\n|move|p2b: Regieleki|Thunderbolt|p1a: Flutter Mane\n|-damage|p1a: Flutter Mane|32\/100\n|move|p2a: Ogerpon|Horn Leech|p1a: Flutter Mane\n|-damage|p1a: Flutter Mane|0 fnt\n|-heal|p2a: Ogerpon|34\/100|[from] drain|[of] p1a: Flutter Mane\n|faint|p1a: Flutter Mane\n|-end|p1a: Flutter Mane|Protosynthesis|[silent]\n|\n|win|sederty\n|raw|texastrill713's rating: 1285 &rarr; <strong>1258<\/strong><br \/>(-27 for losing)\n|raw|sederty's rating: 1256 &rarr; <strong>1283<\/strong><br \/>(+27 for winning)\n","uploadtime":1701175153,"views":3,"p1id":"texastrill713","p2id":"sederty","formatid":"gen9vgc2023regulatione","rating":1258,"private":0,"password":""}