{"id":"gen9vgc2023regulatione-1988496795","p1":"eyemasked","p2":"Vengeful potato","format":"[Gen 9] VGC 2023 Regulation E","log":"|j|\u2606eyemasked\n|j|\u2606Vengeful potato\n|t:|1699729227\n|gametype|doubles\n|player|p1|eyemasked|beauty-gen5bw2|1278\n|player|p2|Vengeful potato|swimmer|1355\n|teamsize|p1|6\n|teamsize|p2|4\n|gen|9\n|tier|[Gen 9] VGC 2023 Regulation E\n|rated|\n|rule|Species Clause: Limit one of each Pok\u00e9mon\n|rule|Item Clause: Limit one of each item\n|clearpoke\n|poke|p1|Tornadus, L50, M|\n|poke|p1|Ogerpon-Hearthflame, L50, F|\n|poke|p1|Landorus-Therian, L50, M|\n|poke|p1|Rillaboom, L50, M|\n|poke|p1|Urshifu-*, L50, M|\n|poke|p1|Flutter Mane, L50|\n|poke|p2|Articuno-Galar, L50|\n|poke|p2|Maushold, L50|\n|poke|p2|Decidueye-Hisui, L50, M|\n|poke|p2|Stonjourner, L50, F|\n|teampreview|4\neyemasked has agreed to open team sheets.\nVengeful potato has agreed to open team sheets.\n|\n|t:|1699729303\n|start\n|switch|p1a: Tornadus|Tornadus, L50, M|100\/100\n|switch|p1b: Urshifu|Urshifu-Rapid-Strike, L50, M|100\/100\n|switch|p2a: The Rizzler\ud83d\ude0e|Articuno-Galar, L50, shiny|100\/100\n|switch|p2b: Despereaux|Maushold, L50, shiny|100\/100\n|turn|1\n|\n|t:|1699729316\n|-terastallize|p1b: Urshifu|Water\n|move|p2b: Despereaux|Follow Me|p2b: Despereaux\n|-singleturn|p2b: Despereaux|move: Follow Me\n|move|p1a: Tornadus|Tailwind|p1a: Tornadus\n|-sidestart|p1: eyemasked|move: Tailwind\n|move|p1b: Urshifu|Surging Strikes|p2b: Despereaux\n|-crit|p2b: Despereaux\n|-damage|p2b: Despereaux|65\/100\n|-damage|p1b: Urshifu|84\/100|[from] item: Rocky Helmet|[of] p2b: Despereaux\n|-crit|p2b: Despereaux\n|-damage|p2b: Despereaux|32\/100\n|-damage|p1b: Urshifu|67\/100|[from] item: Rocky Helmet|[of] p2b: Despereaux\n|-crit|p2b: Despereaux\n|-damage|p2b: Despereaux|0 fnt\n|-damage|p1b: Urshifu|51\/100|[from] item: Rocky Helmet|[of] p2b: Despereaux\n|faint|p2b: Despereaux\n|-hitcount|p2: Despereaux|3\n|move|p2a: The Rizzler\ud83d\ude0e|Trick Room|p2a: The Rizzler\ud83d\ude0e\n|-fieldstart|move: Trick Room|[of] p2a: The Rizzler\ud83d\ude0e\n|\n|upkeep\n|\n|t:|1699729323\n|switch|p2b: Best Rock|Stonjourner, L50, F, shiny|100\/100\n|turn|2\n|\n|t:|1699729337\n|move|p1b: Urshifu|Aqua Jet|p2b: Best Rock\n|-supereffective|p2b: Best Rock\n|-damage|p2b: Best Rock|49\/100\n|move|p1a: Tornadus|Rain Dance|p1a: Tornadus\n|-weather|RainDance\n|move|p2b: Best Rock|Rock Slide|p1b: Urshifu|[spread] p1a,p1b\n|-supereffective|p1a: Tornadus\n|-damage|p1a: Tornadus|41\/100\n|-damage|p1b: Urshifu|23\/100\n|move|p2a: The Rizzler\ud83d\ude0e|Freezing Glare|p1b: Urshifu\n|-damage|p1b: Urshifu|0 fnt\n|faint|p1b: Urshifu\n|\n|-weather|RainDance|[upkeep]\n|upkeep\n|\n|t:|1699729343\n|switch|p1b: Rillaboom|Rillaboom, L50, M|100\/100\n|-fieldstart|move: Grassy Terrain|[from] ability: Grassy Surge|[of] p1b: Rillaboom\n|turn|3\n|\n|t:|1699729357\n|switch|p2b: Robin DaBank|Decidueye-Hisui, L50, M, shiny|100\/100\n|move|p1b: Rillaboom|Grassy Glide|p2b: Robin DaBank\n|-resisted|p2b: Robin DaBank\n|-damage|p2b: Robin DaBank|82\/100\n|move|p2a: The Rizzler\ud83d\ude0e|Air Slash|p1b: Rillaboom\n|-supereffective|p1b: Rillaboom\n|-damage|p1b: Rillaboom|56\/100\n|move|p1a: Tornadus|Bleakwind Storm|p2b: Robin DaBank|[spread] p2a,p2b\n|-supereffective|p2b: Robin DaBank\n|-damage|p2a: The Rizzler\ud83d\ude0e|75\/100\n|-damage|p2b: Robin DaBank|0 fnt\n|faint|p2b: Robin DaBank\n|\n|-weather|RainDance|[upkeep]\n|-heal|p1b: Rillaboom|62\/100|[from] Grassy Terrain\n|upkeep\n|\n|t:|1699729360\n|switch|p2b: Best Rock|Stonjourner, L50, F, shiny|49\/100\n|turn|4\n|\n|t:|1699729372\n|-terastallize|p2b: Best Rock|Grass\n|move|p1b: Rillaboom|Grassy Glide|p2b: Best Rock\n|-resisted|p2b: Best Rock\n|-damage|p2b: Best Rock|37\/100\n|move|p2b: Best Rock|Rock Slide|p1b: Rillaboom|[spread] p1a,p1b\n|-supereffective|p1a: Tornadus\n|-damage|p1a: Tornadus|0 fnt\n|-damage|p1b: Rillaboom|30\/100\n|faint|p1a: Tornadus\n|move|p2a: The Rizzler\ud83d\ude0e|Air Slash|p1b: Rillaboom\n|-supereffective|p1b: Rillaboom\n|-damage|p1b: Rillaboom|0 fnt\n|faint|p1b: Rillaboom\n|\n|-weather|RainDance|[upkeep]\n|-heal|p2b: Best Rock|43\/100|[from] Grassy Terrain\n|-sideend|p1: eyemasked|move: Tailwind\n|upkeep\n|\n|t:|1699729377\n|switch|p1b: Ogerpon|Ogerpon-Hearthflame, L50, F|100\/100\n|-ability|p1b: Ogerpon|Mold Breaker\n|turn|5\n|\n|t:|1699729384\n|move|p2b: Best Rock|Rock Slide|p1b: Ogerpon\n|-supereffective|p1b: Ogerpon\n|-damage|p1b: Ogerpon|0 fnt\n|faint|p1b: Ogerpon\n|\n|win|Vengeful potato\n|raw|eyemasked's rating: 1278 &rarr; <strong>1258<\/strong><br \/>(-20 for losing)\n|raw|Vengeful potato's rating: 1355 &rarr; <strong>1371<\/strong><br \/>(+16 for winning)\n|c|\u2606Vengeful potato|Gg\n|c|\u2606eyemasked|gg wp\n|l|\u2606eyemasked\n","uploadtime":1699729402,"views":11,"p1id":"eyemasked","p2id":"vengefulpotato","formatid":"gen9vgc2023regulatione","rating":1258,"private":0,"password":""}