{"id":"gen9vgc2023regulatione-1991188594","p1":"pH77","p2":"Mr.Shibatku","format":"[Gen 9] VGC 2023 Regulation E","log":"|j|\u2606pH77\n|j|\u2606Mr.Shibatku\n|t:|1700055172\n|gametype|doubles\n|player|p1|pH77|266|1405\n|player|p2|Mr.Shibatku|byron|1313\n|teamsize|p1|6\n|teamsize|p2|6\n|gen|9\n|tier|[Gen 9] VGC 2023 Regulation E\n|rated|\n|rule|Species Clause: Limit one of each Pok\u00e9mon\n|rule|Item Clause: Limit one of each item\n|clearpoke\n|poke|p1|Tornadus, L50, M|\n|poke|p1|Landorus-Therian, L50, M|\n|poke|p1|Flutter Mane, L50|\n|poke|p1|Ogerpon-Wellspring, L50, F|\n|poke|p1|Iron Hands, L50|\n|poke|p1|Chien-Pao, L50|\n|poke|p2|Chien-Pao, L50|\n|poke|p2|Tornadus, L50, M|\n|poke|p2|Flutter Mane, L50|\n|poke|p2|Rillaboom, L50, M|\n|poke|p2|Arcanine-Hisui, L50, F|\n|poke|p2|Urshifu-*, L50, M|\n|teampreview|4\n|inactive|Battle timer is ON: inactive players will automatically lose when time's up. (requested by pH77)\n|\n|t:|1700055195\n|start\n|switch|p1a: Tornadus|Tornadus, L50, M|100\/100\n|switch|p1b: Landorus|Landorus-Therian, L50, M|100\/100\n|switch|p2a: Kinda Dicey|Urshifu-Rapid-Strike, L50, M|100\/100\n|switch|p2b: Kinda Sketch|Tornadus, L50, M|100\/100\n|-ability|p1b: Landorus|Intimidate|boost\n|-unboost|p2a: Kinda Dicey|atk|1\n|-unboost|p2b: Kinda Sketch|atk|1\n|turn|1\n|inactive|pH77 has 30 seconds left.\n|inactive|Mr.Shibatku has 30 seconds left.\n|\n|t:|1700055227\n|-terastallize|p1b: Landorus|Flying\n|-terastallize|p2a: Kinda Dicey|Water\n|move|p1a: Tornadus|Tailwind|p1a: Tornadus\n|-sidestart|p1: pH77|move: Tailwind\n|move|p2b: Kinda Sketch|Tailwind|p2b: Kinda Sketch\n|-sidestart|p2: Mr.Shibatku|move: Tailwind\n|move|p1b: Landorus|Tera Blast|p2a: Kinda Dicey|[anim] Tera Blast Flying\n|-damage|p2a: Kinda Dicey|46\/100\n|move|p2a: Kinda Dicey|Surging Strikes|p1b: Landorus\n|-crit|p1b: Landorus\n|-damage|p1b: Landorus|63\/100\n|-crit|p1b: Landorus\n|-damage|p1b: Landorus|26\/100\n|-crit|p1b: Landorus\n|-damage|p1b: Landorus|0 fnt\n|faint|p1b: Landorus\n|-hitcount|p1: Landorus|3\n|\n|upkeep\n|\n|t:|1700055245\n|switch|p1b: Iron Hands|Iron Hands, L50|100\/100\n|turn|2\n|inactive|Mr.Shibatku has 30 seconds left.\n|\n|t:|1700055278\n|switch|p2a: Goobed|Arcanine-Hisui, L50, F|100\/100\n|-ability|p2a: Goobed|Intimidate|boost\n|-unboost|p1a: Tornadus|atk|1\n|-unboost|p1b: Iron Hands|atk|1\n|move|p1a: Tornadus|Icy Wind|p2a: Goobed|[spread] p2a,p2b\n|-resisted|p2a: Goobed\n|-supereffective|p2b: Kinda Sketch\n|-crit|p2b: Kinda Sketch\n|-damage|p2a: Goobed|93\/100\n|-damage|p2b: Kinda Sketch|62\/100\n|-unboost|p2a: Goobed|spe|1\n|move|p2b: Kinda Sketch|Bleakwind Storm|p1b: Iron Hands|[spread] p1a,p1b\n|-damage|p1a: Tornadus|71\/100\n|-damage|p1b: Iron Hands|83\/100\n|move|p1b: Iron Hands|Wild Charge|p2b: Kinda Sketch\n|-supereffective|p2b: Kinda Sketch\n|-damage|p2b: Kinda Sketch|0 fnt\n|faint|p2b: Kinda Sketch\n|-damage|p1b: Iron Hands|72\/100|[from] Recoil\n|\n|upkeep\n|inactive|Mr.Shibatku has 30 seconds left.\n|\n|t:|1700055312\n|switch|p2b: Kinda Dicey|Urshifu-Rapid-Strike, L50, M, tera:Water|46\/100\n|turn|3\n|inactive|Mr.Shibatku has 30 seconds left.\n|inactive|pH77 has 30 seconds left.\n|\n|t:|1700055348\n|move|p1a: Tornadus|Icy Wind|p2a: Goobed|[spread] p2a,p2b\n|-resisted|p2a: Goobed\n|-resisted|p2b: Kinda Dicey\n|-damage|p2a: Goobed|85\/100\n|-damage|p2b: Kinda Dicey|40\/100\n|-unboost|p2a: Goobed|spe|1\n|-unboost|p2b: Kinda Dicey|spe|1\n|move|p2b: Kinda Dicey|Surging Strikes|p1b: Iron Hands\n|-crit|p1b: Iron Hands\n|-damage|p1b: Iron Hands|49\/100\n|-crit|p1b: Iron Hands\n|-damage|p1b: Iron Hands|26\/100\n|-crit|p1b: Iron Hands\n|-damage|p1b: Iron Hands|4\/100\n|-hitcount|p1b: Iron Hands|3\n|move|p1b: Iron Hands|Drain Punch|p2a: Goobed\n|-supereffective|p2a: Goobed\n|-damage|p2a: Goobed|15\/100\n|-heal|p1b: Iron Hands|28\/100|[from] drain|[of] p2a: Goobed\n|move|p2a: Goobed|Rock Slide|p1b: Iron Hands|[spread] p1a,p1b\n|-supereffective|p1a: Tornadus\n|-resisted|p1b: Iron Hands\n|-damage|p1a: Tornadus|0 fnt\n|-damage|p1b: Iron Hands|13\/100\n|faint|p1a: Tornadus\n|\n|upkeep\n|\n|t:|1700055357\n|switch|p1a: Flutter Mane|Flutter Mane, L50|100\/100\n|-enditem|p1a: Flutter Mane|Booster Energy\n|-activate|p1a: Flutter Mane|ability: Protosynthesis|[fromitem]\n|-start|p1a: Flutter Mane|protosynthesisspa\n|turn|4\n|inactive|Mr.Shibatku has 30 seconds left.\n|\n|t:|1700055389\n|switch|p2a: SonicBoom|Rillaboom, L50, M, shiny|100\/100\n|-fieldstart|move: Grassy Terrain|[from] ability: Grassy Surge|[of] p2a: SonicBoom\n|move|p2b: Kinda Dicey|Detect|p2b: Kinda Dicey\n|-singleturn|p2b: Kinda Dicey|Protect\n|move|p1a: Flutter Mane|Dazzling Gleam|p2a: SonicBoom|[spread] p2a\n|-activate|p2b: Kinda Dicey|move: Protect\n|-damage|p2a: SonicBoom|70\/100\n|move|p1b: Iron Hands|Wild Charge|p2b: Kinda Dicey\n|-activate|p2b: Kinda Dicey|move: Protect\n|\n|-heal|p2a: SonicBoom|77\/100|[from] Grassy Terrain\n|-heal|p2b: Kinda Dicey|46\/100|[from] Grassy Terrain\n|-heal|p1b: Iron Hands|20\/100|[from] Grassy Terrain\n|-sideend|p1: pH77|move: Tailwind\n|-sideend|p2: Mr.Shibatku|move: Tailwind\n|upkeep\n|turn|5\n|inactive|pH77 has 30 seconds left.\n|inactive|Mr.Shibatku has 30 seconds left.\n|inactive|pH77 has 20 seconds left.\n|inactive|Mr.Shibatku has 20 seconds left.\n|\n|t:|1700055426\n|move|p2a: SonicBoom|Fake Out|p1b: Iron Hands\n|-damage|p1b: Iron Hands|10\/100\n|move|p1a: Flutter Mane|Moonblast|p2a: SonicBoom\n|-damage|p2a: SonicBoom|28\/100\n|-unboost|p2a: SonicBoom|spa|1\n|move|p2b: Kinda Dicey|Surging Strikes|p1a: Flutter Mane\n|-crit|p1a: Flutter Mane\n|-damage|p1a: Flutter Mane|51\/100\n|-crit|p1a: Flutter Mane\n|-damage|p1a: Flutter Mane|0 fnt\n|faint|p1a: Flutter Mane\n|-end|p1a: Flutter Mane|Protosynthesis|[silent]\n|-hitcount|p1: Flutter Mane|2\n|cant|p1b: Iron Hands|flinch\n|\n|-heal|p2a: SonicBoom|34\/100|[from] Grassy Terrain\n|-heal|p2b: Kinda Dicey|52\/100|[from] Grassy Terrain\n|-heal|p1b: Iron Hands|16\/100|[from] Grassy Terrain\n|upkeep\n|turn|6\n|-message|pH77 forfeited.\n|\n|win|Mr.Shibatku\n|raw|pH77's rating: 1405 &rarr; <strong>1380<\/strong><br \/>(-25 for losing)\n|raw|Mr.Shibatku's rating: 1313 &rarr; <strong>1338<\/strong><br \/>(+25 for winning)\n|l|\u2606pH77\n","uploadtime":1700055456,"views":13,"p1id":"ph77","p2id":"mrshibatku","formatid":"gen9vgc2023regulatione","rating":1338,"private":0,"password":""}