{"id":"gen9vgc2023regulatione-1998016931","p1":"Eleisson4","p2":"Natrox1998","format":"[Gen 9] VGC 2023 Regulation E","log":"|j|\u2606Eleisson4\n|j|\u2606Natrox1998\n|n|\u2606Eleisson4|eleisson4\n|n|\u2606Natrox1998|natrox1998\n|html|View the match progress at <a href=\"\/game-bestof3-gen9vgc2023regulatione-1998009907\">game-bestof3-gen9vgc2023regulatione-1998009907<\/a>\n|t:|1700879429\n|gametype|doubles\n|player|p1|Eleisson4|101|\n|player|p2|Natrox1998|170|\n|teamsize|p1|6\n|teamsize|p2|6\n|gen|9\n|tier|[Gen 9] VGC 2023 Regulation E\n|rule|Species Clause: Limit one of each Pok\u00e9mon\n|rule|Item Clause: Limit one of each item\n|clearpoke\n|poke|p1|Iron Hands, L50|\n|poke|p1|Flutter Mane, L50|\n|poke|p1|Heatran, L50, F|\n|poke|p1|Chien-Pao, L50|\n|poke|p1|Ogerpon-Wellspring, L50, F|\n|poke|p1|Amoonguss, L50, F|\n|poke|p2|Urshifu-*, L50, M|\n|poke|p2|Gholdengo, L50|\n|poke|p2|Rillaboom, L50, F|\n|poke|p2|Tornadus, L50, M|\n|poke|p2|Arcanine-Hisui, L50, F|\n|poke|p2|Flutter Mane, L50|\n|teampreview|4\nEleisson4 has agreed to open team sheets.\nNatrox1998 has agreed to open team sheets.\n|showteam|p1|Iron Hands||BoosterEnergy|QuarkDrive|SwordsDance,IcePunch,WildCharge,DrainPunch||||||50|,,,,,Ground]Flutter Mane||ChoiceSpecs|Protosynthesis|MysticalFire,ShadowBall,DazzlingGleam,PowerGem||||||50|,,,,,Fairy]Heatran||SitrusBerry|FlashFire|HeatWave,FlashCannon,EarthPower,Protect|||F|||50|,,,,,Grass]Chien-Pao||FocusSash|SwordofRuin|IceSpinner,SuckerPunch,PsychicFangs,Protect||||||50|,,,,,Ghost]Ogerpon-Wellspring||WellspringMask|WaterAbsorb|IvyCudgel,HornLeech,Taunt,SpikyShield|||F|||50|,,,,,Water]Amoonguss||AguavBerry|Regenerator|Spore,RagePowder,PollenPuff,ClearSmog|||F|||50|,,,,,Water\n|showteam|p2|Urshifu-Rapid-Strike||MysticWater|UnseenFist|SurgingStrikes,CloseCombat,AquaJet,Protect|||M|||50|,,,,,Water]Gholdengo||Leftovers|GoodasGold|MakeItRain,ShadowBall,NastyPlot,Protect||||||50|,,,,,Dragon]Rillaboom||AssaultVest|GrassySurge|FakeOut,GrassyGlide,WoodHammer,Uturn|||F|||50|,,,,,Fire]Tornadus||CovertCloak|Prankster|Tailwind,RainDance,Taunt,BleakwindStorm|||M|||50|,,,,,Ghost]Arcanine-Hisui||ChoiceBand|Intimidate|RockSlide,FlareBlitz,TeraBlast,ExtremeSpeed|||F|||50|,,,,,Fairy]Flutter Mane||ChoiceSpecs|Protosynthesis|DazzlingGleam,Moonblast,ShadowBall,TeraBlast||||||50|,,,,,Fairy\n|\n|t:|1700879507\n|start\n|switch|p1a: Iron Hands|Iron Hands, L50, shiny|100\/100\n|switch|p1b: Ogerpon|Ogerpon-Wellspring, L50, F|100\/100\n|switch|p2a: Gouken|Urshifu-Rapid-Strike, L50, M|100\/100\n|switch|p2b: Lakitus|Tornadus, L50, M|100\/100\n|-enditem|p1a: Iron Hands|Booster Energy\n|-activate|p1a: Iron Hands|ability: Quark Drive|[fromitem]\n|-start|p1a: Iron Hands|quarkdriveatk\n|turn|1\n|inactive|Battle timer is ON: inactive players will automatically lose when time's up. (requested by Natrox1998)\n|\n|t:|1700879585\n|move|p2a: Gouken|Protect|p2a: Gouken\n|-singleturn|p2a: Gouken|Protect\n|move|p1b: Ogerpon|Ivy Cudgel|p2a: Gouken|[anim] Ivy Cudgel Water\n|-activate|p2a: Gouken|move: Protect\n|move|p2b: Lakitus|Bleakwind Storm|p1a: Iron Hands|[spread] p1a,p1b\n|-supereffective|p1b: Ogerpon\n|-damage|p1a: Iron Hands|76\/100\n|-damage|p1b: Ogerpon|19\/100\n|move|p1a: Iron Hands|Swords Dance|p1a: Iron Hands\n|-boost|p1a: Iron Hands|atk|2\n|\n|upkeep\n|turn|2\n|inactive|Eleisson4 has 30 seconds left.\n|inactive|Natrox1998 has 30 seconds left.\n|inactive|Natrox1998 has 20 seconds left.\n|inactive|Natrox1998 has 15 seconds left.\n|inactive|Natrox1998 has 10 seconds left.\n|inactive|Natrox1998 has 5 seconds left.\n|\n|t:|1700879636\n|move|p1b: Ogerpon|Horn Leech|p2a: Gouken\n|-supereffective|p2a: Gouken\n|-damage|p2a: Gouken|11\/100\n|-heal|p1b: Ogerpon|70\/100|[from] drain|[of] p2a: Gouken\n|move|p2b: Lakitus|Bleakwind Storm|p1b: Ogerpon|[spread] p1b\n|-miss|p2b: Lakitus|p1a: Iron Hands\n|-supereffective|p1b: Ogerpon\n|-damage|p1b: Ogerpon|0 fnt\n|faint|p1b: Ogerpon\n|move|p2a: Gouken|Close Combat|p1a: Iron Hands\n|-damage|p1a: Iron Hands|33\/100\n|-unboost|p2a: Gouken|def|1\n|-unboost|p2a: Gouken|spd|1\n|move|p1a: Iron Hands|Wild Charge|p2b: Lakitus\n|-supereffective|p2b: Lakitus\n|-damage|p2b: Lakitus|0 fnt\n|faint|p2b: Lakitus\n|-damage|p1a: Iron Hands|13\/100|[from] Recoil\n|\n|upkeep\n|inactive|Natrox1998 has 30 seconds left.\n|inactive|Natrox1998 has 20 seconds left.\n|inactive|Natrox1998 has 15 seconds left.\n|\n|t:|1700879677\n|switch|p1b: Amoonguss|Amoonguss, L50, F, shiny|100\/100\n|switch|p2b: Telameneo|Flutter Mane, L50|100\/100\n|turn|3\n|inactive|Eleisson4 has 30 seconds left.\n|inactive|Natrox1998 has 30 seconds left.\n|inactive|Eleisson4 has 20 seconds left.\n|inactive|Natrox1998 has 20 seconds left.\n|inactive|Eleisson4 has 15 seconds left.\n|inactive|Eleisson4 has 10 seconds left.\n|inactive|Natrox1998 has 15 seconds left.\n|inactive|Natrox1998 has 10 seconds left.\n|inactive|Natrox1998 has 5 seconds left.\n|\n|t:|1700879732\n|switch|p2a: Funky Kong|Rillaboom, L50, F|100\/100\n|-fieldstart|move: Grassy Terrain|[from] ability: Grassy Surge|[of] p2a: Funky Kong\n|-end|p1a: Iron Hands|Quark Drive|[silent]\n|switch|p1a: Heatran|Heatran, L50, F, shiny|100\/100\n|move|p1b: Amoonguss|Rage Powder|p1b: Amoonguss\n|-singleturn|p1b: Amoonguss|move: Rage Powder\n|move|p2b: Telameneo|Dazzling Gleam|p1a: Heatran|[spread] p1a,p1b\n|-resisted|p1a: Heatran\n|-resisted|p1b: Amoonguss\n|-damage|p1a: Heatran|89\/100\n|-damage|p1b: Amoonguss|79\/100\n|\n|-heal|p1a: Heatran|95\/100|[from] Grassy Terrain\n|-heal|p1b: Amoonguss|85\/100|[from] Grassy Terrain\n|upkeep\n|turn|4\n|inactive|Eleisson4 has 30 seconds left.\n|inactive|Natrox1998 has 30 seconds left.\n|inactive|Eleisson4 has 20 seconds left.\n|inactive|Natrox1998 has 20 seconds left.\n|inactive|Natrox1998 has 15 seconds left.\n|inactive|Natrox1998 has 10 seconds left.\n|inactive|Natrox1998 has 5 seconds left.\n|\n|t:|1700879783\n|move|p2a: Funky Kong|Fake Out|p1a: Heatran\n|-resisted|p1a: Heatran\n|-damage|p1a: Heatran|89\/100\n|move|p2b: Telameneo|Dazzling Gleam|p1a: Heatran|[spread] p1a,p1b\n|-resisted|p1a: Heatran\n|-resisted|p1b: Amoonguss\n|-damage|p1a: Heatran|76\/100\n|-damage|p1b: Amoonguss|66\/100\n|cant|p1a: Heatran|flinch\n|move|p1b: Amoonguss|Spore|p2b: Telameneo\n|-status|p2b: Telameneo|slp|[from] move: Spore\n|\n|-heal|p1a: Heatran|82\/100|[from] Grassy Terrain\n|-heal|p1b: Amoonguss|72\/100|[from] Grassy Terrain\n|upkeep\n|turn|5\n|inactive|Natrox1998 has 30 seconds left.\n|\n|t:|1700879818\n|cant|p2b: Telameneo|slp\n|move|p1a: Heatran|Heat Wave|p2b: Telameneo|[spread] p2a,p2b\n|-supereffective|p2a: Funky Kong\n|-damage|p2a: Funky Kong|51\/100\n|-damage|p2b: Telameneo|60\/100 slp\n|move|p2a: Funky Kong|Wood Hammer|p1b: Amoonguss\n|-resisted|p1b: Amoonguss\n|-damage|p1b: Amoonguss|54\/100\n|-damage|p2a: Funky Kong|46\/100|[from] Recoil\n|move|p1b: Amoonguss|Pollen Puff|p1a: Heatran\n|-heal|p1a: Heatran|100\/100\n|\n|-heal|p2b: Telameneo|67\/100 slp|[from] Grassy Terrain\n|-heal|p2a: Funky Kong|51\/100|[from] Grassy Terrain\n|-heal|p1b: Amoonguss|60\/100|[from] Grassy Terrain\n|upkeep\n|turn|6\n|inactive|Eleisson4 has 30 seconds left.\n|inactive|Natrox1998 has 30 seconds left.\n|inactive|Natrox1998 has 20 seconds left.\n|inactive|Natrox1998 has 15 seconds left.\n|\n|t:|1700879859\n|cant|p2b: Telameneo|slp\n|move|p1a: Heatran|Heat Wave|p2b: Telameneo|[spread] p2a,p2b\n|-supereffective|p2a: Funky Kong\n|-damage|p2a: Funky Kong|0 fnt\n|-damage|p2b: Telameneo|27\/100 slp\n|faint|p2a: Funky Kong\n|move|p1b: Amoonguss|Clear Smog|p2b: Telameneo\n|-crit|p2b: Telameneo\n|-damage|p2b: Telameneo|1\/100 slp\n|-clearboost|p2b: Telameneo\n|\n|-heal|p2b: Telameneo|7\/100 slp|[from] Grassy Terrain\n|-heal|p1b: Amoonguss|66\/100|[from] Grassy Terrain\n|upkeep\n|\n|t:|1700879872\n|switch|p2a: Gouken|Urshifu-Rapid-Strike, L50, M|11\/100\n|turn|7\n|\n|t:|1700879881\n|-terastallize|p1a: Heatran|Grass\n|move|p2a: Gouken|Protect|p2a: Gouken\n|-singleturn|p2a: Gouken|Protect\n|cant|p2b: Telameneo|slp\n|move|p1a: Heatran|Heat Wave|p2a: Gouken|[spread] p2b\n|-activate|p2a: Gouken|move: Protect\n|-damage|p2b: Telameneo|0 fnt\n|faint|p2b: Telameneo\n|-end|p2b: Telameneo|Protosynthesis|[silent]\n|move|p1b: Amoonguss|Spore|p2a: Gouken\n|-activate|p2a: Gouken|move: Protect\n|\n|-heal|p2a: Gouken|17\/100|[from] Grassy Terrain\n|-heal|p1b: Amoonguss|72\/100|[from] Grassy Terrain\n|-fieldend|move: Grassy Terrain\n|upkeep\n|turn|8\n|inactive|Natrox1998 has 30 seconds left.\n|\n|t:|1700879907\n|move|p2a: Gouken|Close Combat|p1b: Amoonguss\n|-resisted|p1b: Amoonguss\n|-damage|p1b: Amoonguss|42\/100\n|-unboost|p2a: Gouken|def|1\n|-unboost|p2a: Gouken|spd|1\n|move|p1a: Heatran|Earth Power|p2a: Gouken\n|-crit|p2a: Gouken\n|-damage|p2a: Gouken|0 fnt\n|faint|p2a: Gouken\n|\n|win|Eleisson4\n|c|\u2606Eleisson4|gg\n|l|\u2606Natrox1998\n","uploadtime":1700879960,"views":1,"p1id":"eleisson4","p2id":"natrox1998","formatid":"gen9vgc2023regulatione","rating":0,"private":0,"password":""}