{"id":"gen9vgc2023regulatione-1990860389","p1":"Steve9999","p2":"AlbertoWar","format":"[Gen 9] VGC 2023 Regulation E","log":"|j|\u2606Steve9999\n|j|\u2606AlbertoWar\n|t:|1700008563\n|gametype|doubles\n|player|p1|Steve9999|266|1303\n|player|p2|AlbertoWar|pokemaniac|1245\n|teamsize|p1|6\n|teamsize|p2|6\n|gen|9\n|tier|[Gen 9] VGC 2023 Regulation E\n|rated|\n|rule|Species Clause: Limit one of each Pok\u00e9mon\n|rule|Item Clause: Limit one of each item\n|clearpoke\n|poke|p1|Urshifu-*, L50, F|\n|poke|p1|Iron Hands, L50|\n|poke|p1|Chien-Pao, L50|\n|poke|p1|Tornadus, L50, M|\n|poke|p1|Gholdengo, L50|\n|poke|p1|Arcanine-Hisui, L50, F|\n|poke|p2|Tornadus, L50, M|\n|poke|p2|Thundurus-Therian, L50, M|\n|poke|p2|Urshifu-*, L50, M|\n|poke|p2|Sandslash-Alola, L50, F|\n|poke|p2|Amoonguss, L50, F|\n|poke|p2|Ogerpon-Hearthflame, L50, F|\n|teampreview|4\n|inactive|Battle timer is ON: inactive players will automatically lose when time's up. (requested by Steve9999)\n|\n|t:|1700008613\n|start\n|switch|p1a: Tornadus|Tornadus, L50, M|100\/100\n|switch|p1b: Iron Hands|Iron Hands, L50, shiny|100\/100\n|switch|p2a: Tornadus|Tornadus, L50, M|100\/100\n|switch|p2b: Urshifu|Urshifu-Rapid-Strike, L50, M|100\/100\n|turn|1\n|inactive|AlbertoWar has 30 seconds left.\n|\n|t:|1700008639\n|switch|p2b: Thundurus|Thundurus-Therian, L50, M|100\/100\n|-terastallize|p1b: Iron Hands|Grass\n|move|p2a: Tornadus|Snowscape|p2a: Tornadus\n|-weather|Snow\n|move|p1a: Tornadus|Tailwind|p1a: Tornadus\n|-sidestart|p1: Steve9999|move: Tailwind\n|move|p1b: Iron Hands|Wild Charge|p2b: Thundurus\n|-immune|p2b: Thundurus|[from] ability: Volt Absorb\n|\n|-weather|Snow|[upkeep]\n|upkeep\n|turn|2\n|inactive|Steve9999 has 30 seconds left.\n|\n|t:|1700008666\n|-end|p1b: Iron Hands|Quark Drive|[silent]\n|switch|p1b: Gholdengo|Gholdengo, L50|100\/100\n|move|p1a: Tornadus|Rain Dance|p1a: Tornadus\n|-weather|RainDance\n|move|p2b: Thundurus|Weather Ball|p1b: Gholdengo\n|-damage|p1b: Gholdengo|42\/100\n|move|p2a: Tornadus|Bleakwind Storm|p1b: Gholdengo|[spread] p1a,p1b\n|-resisted|p1b: Gholdengo\n|-damage|p1a: Tornadus|63\/100\n|-damage|p1b: Gholdengo|26\/100\n|\n|-weather|RainDance|[upkeep]\n|upkeep\n|turn|3\n|\n|t:|1700008684\n|move|p2a: Tornadus|Snowscape|p2a: Tornadus\n|-weather|Snow\n|move|p1a: Tornadus|Bleakwind Storm|p2a: Tornadus|[spread] p2a,p2b\n|-resisted|p2b: Thundurus\n|-damage|p2a: Tornadus|63\/100\n|-damage|p2b: Thundurus|76\/100\n|move|p1b: Gholdengo|Make It Rain|p2a: Tornadus|[spread] p2a,p2b\n|-resisted|p2b: Thundurus\n|-damage|p2a: Tornadus|0 fnt\n|-damage|p2b: Thundurus|37\/100\n|-unboost|p1b: Gholdengo|spa|1\n|faint|p2a: Tornadus\n|-damage|p1b: Gholdengo|16\/100|[from] item: Life Orb\n|move|p2b: Thundurus|Weather Ball|p1a: Tornadus\n|-supereffective|p1a: Tornadus\n|-damage|p1a: Tornadus|0 fnt\n|faint|p1a: Tornadus\n|\n|-weather|Snow|[upkeep]\n|upkeep\n|\n|t:|1700008709\n|switch|p2a: Urshifu|Urshifu-Rapid-Strike, L50, M|100\/100\n|switch|p1a: Iron Hands|Iron Hands, L50, shiny, tera:Grass|100\/100\n|turn|4\n|\n|t:|1700008723\n|move|p1a: Iron Hands|Fake Out|p2a: Urshifu\n|-damage|p2a: Urshifu|85\/100\n|cant|p2a: Urshifu|flinch\n|move|p1b: Gholdengo|Shadow Ball|p2b: Thundurus\n|-damage|p2b: Thundurus|0 fnt\n|faint|p2b: Thundurus\n|-damage|p1b: Gholdengo|7\/100|[from] item: Life Orb\n|\n|-weather|Snow|[upkeep]\n|-sideend|p1: Steve9999|move: Tailwind\n|upkeep\n|\n|t:|1700008733\n|switch|p2b: Ogerpon|Ogerpon-Hearthflame, L50, F|100\/100\n|-ability|p2b: Ogerpon|Mold Breaker\n|turn|5\n|\n|t:|1700008751\n|switch|p1b: Arcanine|Arcanine-Hisui, L50, F, shiny|100\/100\n|-ability|p1b: Arcanine|Intimidate|boost\n|-unboost|p2a: Urshifu|atk|1\n|-unboost|p2b: Ogerpon|atk|1\n|-terastallize|p2b: Ogerpon|Fire\n|detailschange|p2b: Ogerpon|Ogerpon-Hearthflame-Tera, L50, F, tera:Fire\n|-ability|p2b: Ogerpon|Embody Aspect (Hearthflame)|boost\n|-boost|p2b: Ogerpon|atk|1\n|move|p2a: Urshifu|Aqua Jet|p1b: Arcanine\n|-supereffective|p1b: Arcanine\n|-damage|p1b: Arcanine|38\/100\n|move|p2b: Ogerpon|Ivy Cudgel|p1a: Iron Hands|[anim] Ivy Cudgel Fire\n|-supereffective|p1a: Iron Hands\n|-damage|p1a: Iron Hands|3\/100\n|move|p1a: Iron Hands|Wild Charge|p2a: Urshifu\n|-supereffective|p2a: Urshifu\n|-damage|p2a: Urshifu|0 fnt\n|faint|p2a: Urshifu\n|-damage|p1a: Iron Hands|0 fnt|[from] Recoil\n|faint|p1a: Iron Hands\n|-end|p1a: Iron Hands|Quark Drive|[silent]\n|\n|-weather|Snow|[upkeep]\n|upkeep\n|\n|t:|1700008770\n|switch|p1a: Gholdengo|Gholdengo, L50|7\/100\n|turn|6\n|\n|t:|1700008781\n|move|p2b: Ogerpon|Spiky Shield|p2b: Ogerpon\n|-singleturn|p2b: Ogerpon|move: Protect\n|move|p1b: Arcanine|Rock Slide|p2b: Ogerpon\n|-activate|p2b: Ogerpon|move: Protect\n|move|p1a: Gholdengo|Shadow Ball|p2b: Ogerpon\n|-activate|p2b: Ogerpon|move: Protect\n|\n|-weather|Snow|[upkeep]\n|upkeep\n|turn|7\n|inactive|AlbertoWar has 30 seconds left.\n|\n|t:|1700008806\n|move|p2b: Ogerpon|Ivy Cudgel|p1b: Arcanine|[anim] Ivy Cudgel Fire\n|-resisted|p1b: Arcanine\n|-damage|p1b: Arcanine|16\/100\n|move|p1b: Arcanine|Rock Slide|p2b: Ogerpon\n|-supereffective|p2b: Ogerpon\n|-damage|p2b: Ogerpon|0 fnt\n|faint|p2b: Ogerpon\n|\n|win|Steve9999\n|raw|Steve9999's rating: 1303 &rarr; <strong>1320<\/strong><br \/>(+17 for winning)\n|raw|AlbertoWar's rating: 1245 &rarr; <strong>1224<\/strong><br \/>(-21 for losing)\n|l|\u2606AlbertoWar\n","uploadtime":1700008816,"views":13,"p1id":"steve9999","p2id":"albertowar","formatid":"gen9vgc2023regulatione","rating":1224,"private":0,"password":""}