{"id":"gen9vgc2023regulatione-1999128321","p1":"The Greech","p2":"Dids85","format":"[Gen 9] VGC 2023 Regulation E","log":"|j|\u2606The Greech\n|j|\u2606Dids85\n|t:|1701036187\n|gametype|doubles\n|player|p1|The Greech|infielder|1381\n|player|p2|Dids85|1|1347\n|teamsize|p1|6\n|teamsize|p2|6\n|gen|9\n|tier|[Gen 9] VGC 2023 Regulation E\n|rated|\n|rule|Species Clause: Limit one of each Pok\u00e9mon\n|rule|Item Clause: Limit one of each item\n|clearpoke\n|poke|p1|Salamence, L50, M|\n|poke|p1|Kingambit, L50, M|\n|poke|p1|Urshifu-*, L50, F|\n|poke|p1|Tornadus, L50, M|\n|poke|p1|Ogerpon-Wellspring, L50, F|\n|poke|p1|Farigiraf, L50, F|\n|poke|p2|Sableye, L50, M|\n|poke|p2|Roaring Moon, L50|\n|poke|p2|Gyarados, L50, F|\n|poke|p2|Moltres-Galar, L50|\n|poke|p2|Dudunsparce-*, L50, F|\n|poke|p2|Tsareena, L50, F|\n|teampreview|4\nThe Greech has agreed to open team sheets.\n|j| randomuser0000\n|inactive|Battle timer is ON: inactive players will automatically lose when time's up. (requested by Dids85)\nDids85 rejected open team sheets.\n|inactive|The Greech has 60 seconds left.\n|\n|t:|1701036361\n|start\n|switch|p1a: Kingambit|Kingambit, L50, M|100\/100\n|switch|p1b: Ogerpon|Ogerpon-Wellspring, L50, F|100\/100\n|switch|p2a: Sableye|Sableye, L50, M|100\/100\n|switch|p2b: Moltres|Moltres-Galar, L50|100\/100\n|turn|1\n|\n|t:|1701036385\n|switch|p1b: Farigiraf|Farigiraf, L50, F|100\/100\n|-terastallize|p1a: Kingambit|Fairy\n|move|p2a: Sableye|Fake Out||[still]\n|cant|p1b: Farigiraf|ability: Armor Tail|Fake Out|[of] p2a: Sableye\n|move|p2b: Moltres|Nasty Plot|p2b: Moltres\n|-boost|p2b: Moltres|spa|2\n|move|p1a: Kingambit|Tera Blast|p2a: Sableye|[anim] Tera Blast Fairy\n|-supereffective|p2a: Sableye\n|-enditem|p2a: Sableye|Roseli Berry|[eat]\n|-enditem|p2a: Sableye|Roseli Berry|[weaken]\n|-damage|p2a: Sableye|37\/100\n|\n|upkeep\n|turn|2\n|\n|t:|1701036410\n|switch|p2a: Dudunsparce|Dudunsparce, L50, F|100\/100\n|move|p2b: Moltres|Fiery Wrath|p1b: Farigiraf|[spread] p1a,p1b\n|-resisted|p1a: Kingambit\n|-supereffective|p1b: Farigiraf\n|-crit|p1b: Farigiraf\n|-damage|p1a: Kingambit|84\/100\n|-damage|p1b: Farigiraf|0 fnt\n|faint|p1b: Farigiraf\n|move|p1a: Kingambit|Tera Blast|p2b: Moltres|[anim] Tera Blast Fairy\n|-supereffective|p2b: Moltres\n|-damage|p2b: Moltres|28\/100\n|-ability|p2b: Moltres|Berserk|boost\n|-boost|p2b: Moltres|spa|1\n|-enditem|p2b: Moltres|Sitrus Berry|[eat]\n|-heal|p2b: Moltres|53\/100|[from] item: Sitrus Berry\n|\n|upkeep\n|\n|t:|1701036423\n|switch|p1b: Salamence|Salamence, L50, M|100\/100\n|-ability|p1b: Salamence|Intimidate|boost\n|-unboost|p2a: Dudunsparce|atk|1\n|-unboost|p2b: Moltres|atk|1\n|turn|3\n|inactive|The Greech has 30 seconds left.\n|\n|t:|1701036450\n|-terastallize|p2b: Moltres|Poison\n|move|p1b: Salamence|Rock Slide|p2b: Moltres|[spread] p2a,p2b\n|-damage|p2a: Dudunsparce|80\/100\n|-damage|p2b: Moltres|36\/100\n|-ability|p2b: Moltres|Berserk|boost\n|-boost|p2b: Moltres|spa|1\n|move|p2b: Moltres|Fiery Wrath|p1a: Kingambit|[spread] p1a,p1b\n|-resisted|p1a: Kingambit\n|-damage|p1a: Kingambit|58\/100\n|-damage|p1b: Salamence|3\/100\n|cant|p2a: Dudunsparce|flinch\n|move|p1a: Kingambit|Tera Blast|p2b: Moltres|[anim] Tera Blast Fairy\n|-resisted|p2b: Moltres\n|-damage|p2b: Moltres|14\/100\n|\n|-heal|p2a: Dudunsparce|86\/100|[from] item: Leftovers\n|upkeep\n|turn|4\n|\n|t:|1701036470\n|move|p2b: Moltres|Protect|p2b: Moltres\n|-singleturn|p2b: Moltres|Protect\n|move|p1a: Kingambit|Sucker Punch||[still]\n|-fail|p1a: Kingambit\n|move|p1b: Salamence|Rock Slide|p2a: Dudunsparce|[spread] p2a\n|-activate|p2b: Moltres|move: Protect\n|-damage|p2a: Dudunsparce|66\/100\n|move|p2a: Dudunsparce|Rock Slide|p1a: Kingambit|[spread] p1a,p1b\n|-supereffective|p1b: Salamence\n|-damage|p1a: Kingambit|49\/100\n|-damage|p1b: Salamence|0 fnt\n|faint|p1b: Salamence\n|\n|-heal|p2a: Dudunsparce|72\/100|[from] item: Leftovers\n|upkeep\n|\n|t:|1701036480\n|switch|p1b: Ogerpon|Ogerpon-Wellspring, L50, F|100\/100\n|turn|5\n|inactive|Dids85 has 30 seconds left.\n|\n|t:|1701036511\n|move|p1a: Kingambit|Sucker Punch|p2b: Moltres\n|-damage|p2b: Moltres|0 fnt\n|faint|p2b: Moltres\n|move|p1b: Ogerpon|Ivy Cudgel|p2a: Dudunsparce|[anim] Ivy Cudgel Water\n|-crit|p2a: Dudunsparce\n|-damage|p2a: Dudunsparce|0 fnt\n|faint|p2a: Dudunsparce\n|\n|upkeep\n|\n|t:|1701036521\n|switch|p2b: Sableye|Sableye, L50, M|37\/100\n|switch|p2a: Tsareena|Tsareena, L50, F|100\/100\n|turn|6\n|inactive|The Greech has 30 seconds left.\n|inactive|Dids85 has 30 seconds left.\n|inactive|The Greech has 20 seconds left.\n|\n|t:|1701036561\n|move|p2b: Sableye|Fake Out|p1a: Kingambit\n|-damage|p1a: Kingambit|44\/100\n|move|p1b: Ogerpon|Follow Me|p1b: Ogerpon\n|-singleturn|p1b: Ogerpon|move: Follow Me\n|move|p2a: Tsareena|Trop Kick|p1b: Ogerpon\n|-damage|p1b: Ogerpon|64\/100\n|-unboost|p1b: Ogerpon|atk|1\n|cant|p1a: Kingambit|flinch\n|\n|upkeep\n|turn|7\n|inactive|The Greech has 30 seconds left.\n|\n|t:|1701036590\n|move|p1b: Ogerpon|Follow Me|p1b: Ogerpon\n|-singleturn|p1b: Ogerpon|move: Follow Me\n|move|p2b: Sableye|Thunder Wave|p1b: Ogerpon\n|-status|p1b: Ogerpon|par\n|move|p2a: Tsareena|Trop Kick|p1b: Ogerpon\n|-damage|p1b: Ogerpon|28\/100 par\n|-unboost|p1b: Ogerpon|atk|1\n|move|p1a: Kingambit|Iron Head|p2b: Sableye\n|-damage|p2b: Sableye|0 fnt\n|faint|p2b: Sableye\n|\n|upkeep\n|turn|8\n|\n|t:|1701036607\n|move|p1b: Ogerpon|Spiky Shield|p1b: Ogerpon\n|-singleturn|p1b: Ogerpon|move: Protect\n|move|p1a: Kingambit|Sucker Punch||[still]\n|cant|p2a: Tsareena|ability: Queenly Majesty|Sucker Punch|[of] p1a: Kingambit\n|move|p2a: Tsareena|Trop Kick|p1a: Kingambit\n|-damage|p1a: Kingambit|17\/100\n|-unboost|p1a: Kingambit|atk|1\n|-ability|p1a: Kingambit|Defiant|boost\n|-boost|p1a: Kingambit|atk|2\n|\n|upkeep\n|turn|9\n|\n|t:|1701036618\n|move|p1b: Ogerpon|Follow Me|p1b: Ogerpon\n|-singleturn|p1b: Ogerpon|move: Follow Me\n|move|p2a: Tsareena|Trop Kick|p1b: Ogerpon\n|-damage|p1b: Ogerpon|0 fnt\n|faint|p1b: Ogerpon\n|move|p1a: Kingambit|Kowtow Cleave|p2a: Tsareena\n|-damage|p2a: Tsareena|24\/100\n|\n|upkeep\n|turn|10\n|\n|t:|1701036628\n|move|p2a: Tsareena|Trop Kick|p1a: Kingambit\n|-damage|p1a: Kingambit|0 fnt\n|faint|p1a: Kingambit\n|\n|win|Dids85\n|raw|The Greech's rating: 1381 &rarr; <strong>1359<\/strong><br \/>(-22 for losing)\n|raw|Dids85's rating: 1347 &rarr; <strong>1369<\/strong><br \/>(+22 for winning)\n","uploadtime":1701036632,"views":5,"p1id":"thegreech","p2id":"dids85","formatid":"gen9vgc2023regulatione","rating":1359,"private":0,"password":""}