{"id":"gen9vgc2023regulatione-1991148167","p1":"CasualPizza","p2":"Ants at a picnic","format":"[Gen 9] VGC 2023 Regulation E","log":"|j|\u2606CasualPizza\n|j|\u2606Ants at a picnic\n|n|\u2606CasualPizza|casualpizza\n|n|\u2606Ants at a picnic|antsatapicnic\n|html|View the match progress at <a href=\"\/game-bestof3-gen9vgc2023regulatione-1991144783\">game-bestof3-gen9vgc2023regulatione-1991144783<\/a>\n|t:|1700050177\n|gametype|doubles\n|player|p1|CasualPizza|elesa-masters|\n|player|p2|Ants at a picnic|2|\n|teamsize|p1|6\n|teamsize|p2|6\n|gen|9\n|tier|[Gen 9] VGC 2023 Regulation E\n|rule|Species Clause: Limit one of each Pok\u00e9mon\n|rule|Item Clause: Limit one of each item\n|clearpoke\n|poke|p1|Iron Hands, L50|\n|poke|p1|Ogerpon-Wellspring, L50, F|\n|poke|p1|Typhlosion-Hisui, L50, F|\n|poke|p1|Morgrem, L50, M|\n|poke|p1|Jumpluff, L50, M|\n|poke|p1|Arcanine, L50, M|\n|poke|p2|Bruxish, L50, F|\n|poke|p2|Dragapult, L50, M|\n|poke|p2|Zapdos, L50|\n|poke|p2|Chi-Yu, L50|\n|poke|p2|Clodsire, L50, M|\n|poke|p2|Clefable, L50, M|\n|teampreview|4\nAnts at a picnic rejected open team sheets.\n|j| JabsGR\n|\n|t:|1700050239\n|start\n|switch|p1a: splash!!!|Ogerpon-Wellspring, L50, F|100\/100\n|switch|p1b: :trollface:|Morgrem, L50, M, shiny|100\/100\n|switch|p2a: Clefable|Clefable, L50, M|100\/100\n|switch|p2b: Dragapult|Dragapult, L50, M|100\/100\n|turn|1\n|\n|t:|1700050288\n|move|p2a: Clefable|Protect|p2a: Clefable\n|-singleturn|p2a: Clefable|Protect\n|move|p1b: :trollface:|Taunt|p2b: Dragapult\n|-start|p2b: Dragapult|move: Taunt\n|move|p2b: Dragapult|Phantom Force||[still]\n|-prepare|p2b: Dragapult|Phantom Force\n|move|p1a: splash!!!|Ivy Cudgel|p2a: Clefable|[anim] Ivy Cudgel Water\n|-activate|p2a: Clefable|move: Protect\n|\n|upkeep\n|turn|2\n|j| dragonboy2100\n|\n|t:|1700050303\n|move|p2a: Clefable|Follow Me|p2a: Clefable\n|-singleturn|p2a: Clefable|move: Follow Me\n|move|p1b: :trollface:|Reflect|p1b: :trollface:\n|-sidestart|p1: CasualPizza|Reflect\n|move|p2b: Dragapult|Phantom Force|p1a: splash!!!|[from]lockedmove\n|-damage|p1a: splash!!!|58\/100\n|move|p1a: splash!!!|Ivy Cudgel|p2a: Clefable|[anim] Ivy Cudgel Water\n|-damage|p2a: Clefable|45\/100\n|-enditem|p2a: Clefable|Sitrus Berry|[eat]\n|-heal|p2a: Clefable|70\/100|[from] item: Sitrus Berry\n|\n|upkeep\n|turn|3\n|\n|t:|1700050328\n|switch|p2a: Clodsire|Clodsire, L50, M|100\/100\n|-item|p2a: Clodsire|Air Balloon\n|move|p1b: :trollface:|Parting Shot|p2b: Dragapult\n|-fail|p2b: Dragapult|unboost|[from] ability: Clear Body|[of] p2b: Dragapult\n|move|p2b: Dragapult|Phantom Force||[still]\n|-prepare|p2b: Dragapult|Phantom Force\n|move|p1a: splash!!!|Ivy Cudgel|p2a: Clodsire|[anim] Ivy Cudgel Water\n|-immune|p2a: Clodsire|[from] ability: Water Absorb\n|\n|-end|p2b: Dragapult|move: Taunt\n|upkeep\n|turn|4\n|c| dragonboy2100|oop\n|\n|t:|1700050378\n|move|p2a: Clodsire|Helping Hand|p2b: Dragapult\n|-singleturn|p2b: Dragapult|Helping Hand|[of] p2a: Clodsire\n|move|p1b: :trollface:|Parting Shot|p2a: Clodsire\n|-unboost|p2a: Clodsire|atk|1\n|-unboost|p2a: Clodsire|spa|1\n|\n|t:|1700050390\n|switch|p1b: clap!!!|Iron Hands, L50|100\/100|[from] Parting Shot\n|move|p2b: Dragapult|Phantom Force|p1a: splash!!!|[from]lockedmove\n|-damage|p1a: splash!!!|0 fnt\n|faint|p1a: splash!!!\n|\n|upkeep\n|\n|t:|1700050402\n|switch|p1a: doge!!!|Arcanine, L50, M, shiny|100\/100\n|turn|5\n|\n|t:|1700050438\n|switch|p2b: Clefable|Clefable, L50, M|70\/100\n|switch|p2a: Zapdos|Zapdos, L50|100\/100\n|move|p1b: clap!!!|Fake Out|p2a: Zapdos\n|-damage|p2a: Zapdos|84\/100\n|move|p1a: doge!!!|Flare Blitz|p2a: Zapdos\n|-damage|p2a: Zapdos|25\/100\n|-status|p1a: doge!!!|par|[from] ability: Static|[of] p2a: Zapdos\n|-damage|p1a: doge!!!|81\/100 par|[from] Recoil\n|\n|upkeep\n|turn|6\n|c| dragonboy2100|wait helping hand works with phantom force?\n|c| dragonboy2100|that's so sick, I figured it'd just miss.\n|c|\u2606CasualPizza|apparently yes\n|c|\u2606CasualPizza|same i thought it'd miss\n|\n|t:|1700050496\n|move|p2a: Zapdos|Tailwind|p2a: Zapdos\n|-sidestart|p2: Ants at a picnic|move: Tailwind\n|move|p2b: Clefable|Chilling Water|p1b: clap!!!\n|-damage|p1b: clap!!!|94\/100\n|-unboost|p1b: clap!!!|atk|1\n|move|p1b: clap!!!|Wild Charge|p2b: Clefable\n|-damage|p2b: Clefable|13\/100\n|-damage|p1b: clap!!!|82\/100|[from] Recoil\n|move|p1a: doge!!!|Flare Blitz|p2a: Zapdos\n|-damage|p2a: Zapdos|0 fnt\n|faint|p2a: Zapdos\n|-damage|p1a: doge!!!|73\/100 par|[from] Recoil\n|\n|upkeep\n|\n|t:|1700050518\n|switch|p2a: Dragapult|Dragapult, L50, M|100\/100\n|turn|7\n|c|\u2606CasualPizza|scarf draga tho\n|\n|t:|1700050545\n|move|p2b: Clefable|Protect|p2b: Clefable\n|-singleturn|p2b: Clefable|Protect\n|move|p2a: Dragapult|Phantom Force||[still]\n|-prepare|p2a: Dragapult|Phantom Force\n|move|p1b: clap!!!|Heavy Slam|p2b: Clefable\n|-activate|p2b: Clefable|move: Protect\n|cant|p1a: doge!!!|par\n|\n|upkeep\n|turn|8\n|c| dragonboy2100|scarfed draga is a move ngl\n|\n|t:|1700050568\n|move|p2a: Dragapult|Phantom Force|p1b: clap!!!|[from]lockedmove\n|-damage|p1b: clap!!!|59\/100\n|move|p2b: Clefable|Dazzling Gleam|p1a: doge!!!|[spread] p1a,p1b\n|-resisted|p1a: doge!!!\n|-supereffective|p1b: clap!!!\n|-damage|p1a: doge!!!|61\/100 par\n|-damage|p1b: clap!!!|31\/100\n|move|p1b: clap!!!|Heavy Slam|p2b: Clefable\n|-supereffective|p2b: Clefable\n|-damage|p2b: Clefable|0 fnt\n|faint|p2b: Clefable\n|move|p1a: doge!!!|Crunch|p2a: Dragapult\n|-supereffective|p2a: Dragapult\n|-damage|p2a: Dragapult|39\/100\n|\n|upkeep\n|\n|t:|1700050581\n|switch|p2b: Clodsire|Clodsire, L50, M|100\/100\n|-item|p2b: Clodsire|Air Balloon\n|turn|9\n|\n|t:|1700050621\n|-end|p1b: clap!!!|Quark Drive|[silent]\n|switch|p1b: :trollface:|Morgrem, L50, M, shiny|100\/100\n|-terastallize|p2b: Clodsire|Ground\n|move|p1a: doge!!!|Protect|p1a: doge!!!\n|-singleturn|p1a: doge!!!|Protect\n|move|p2a: Dragapult|Phantom Force||[still]\n|-prepare|p2a: Dragapult|Phantom Force\n|move|p2b: Clodsire|Earth Power|p1b: :trollface:\n|-damage|p1b: :trollface:|62\/100\n|\n|-sideend|p1: CasualPizza|Reflect\n|-sideend|p2: Ants at a picnic|move: Tailwind\n|upkeep\n|turn|10\n|\n|t:|1700050637\n|move|p1b: :trollface:|Light Screen|p1b: :trollface:\n|-sidestart|p1: CasualPizza|move: Light Screen\n|move|p2a: Dragapult|Phantom Force|p1a: doge!!!|[from]lockedmove\n|-damage|p1a: doge!!!|10\/100 par\n|-enditem|p1a: doge!!!|Sitrus Berry|[eat]\n|-heal|p1a: doge!!!|35\/100 par|[from] item: Sitrus Berry\n|cant|p1a: doge!!!|par\n|move|p2b: Clodsire|Sludge Bomb|p1b: :trollface:\n|-supereffective|p1b: :trollface:\n|-damage|p1b: :trollface:|27\/100\n|\n|upkeep\n|turn|11\n|\n|t:|1700050656\n|move|p1b: :trollface:|Reflect|p1b: :trollface:\n|-sidestart|p1: CasualPizza|Reflect\n|move|p2a: Dragapult|Phantom Force||[still]\n|-prepare|p2a: Dragapult|Phantom Force\n|move|p1a: doge!!!|Flare Blitz|p2b: Clodsire\n|-damage|p2b: Clodsire|53\/100\n|-enditem|p2b: Clodsire|Air Balloon\n|-damage|p1a: doge!!!|18\/100 par|[from] Recoil\n|move|p2b: Clodsire|Sludge Bomb|p1b: :trollface:\n|-supereffective|p1b: :trollface:\n|-damage|p1b: :trollface:|0 fnt\n|faint|p1b: :trollface:\n|\n|upkeep\n|c|\u2606CasualPizza|bruh\n|\n|t:|1700050665\n|switch|p1b: clap!!!|Iron Hands, L50|31\/100\n|turn|12\n|\n|t:|1700050678\n|move|p2a: Dragapult|Phantom Force|p1a: doge!!!|[from]lockedmove\n|-damage|p1a: doge!!!|0 fnt\n|faint|p1a: doge!!!\n|move|p1b: clap!!!|Drain Punch|p2b: Clodsire\n|-damage|p2b: Clodsire|14\/100\n|-heal|p1b: clap!!!|48\/100|[from] drain|[of] p2b: Clodsire\n|move|p2b: Clodsire|Earth Power|p1b: clap!!!\n|-supereffective|p1b: clap!!!\n|-damage|p1b: clap!!!|20\/100\n|\n|upkeep\n|turn|13\n|\n|t:|1700050691\n|move|p2a: Dragapult|Phantom Force||[still]\n|-prepare|p2a: Dragapult|Phantom Force\n|move|p1b: clap!!!|Drain Punch|p2b: Clodsire\n|-damage|p2b: Clodsire|0 fnt\n|-heal|p1b: clap!!!|26\/100|[from] drain|[of] p2b: Clodsire\n|faint|p2b: Clodsire\n|\n|upkeep\n|turn|14\n|\n|t:|1700050697\n|move|p2a: Dragapult|Phantom Force|p1b: clap!!!|[from]lockedmove\n|-damage|p1b: clap!!!|4\/100\n|move|p1b: clap!!!|Heavy Slam|p2a: Dragapult\n|-damage|p2a: Dragapult|0 fnt\n|faint|p2a: Dragapult\n|\n|win|CasualPizza\n|c|\u2606CasualPizza|gg\n|c| dragonboy2100|gg\n|c|\u2606Ants at a picnic|gg\n|l| dragonboy2100\n|l| JabsGR\n|c|\u2606Ants at a picnic|damn it, I could've helping handed again there\n|c|\u2606Ants at a picnic|to KO\n|c|\u2606Ants at a picnic|oh well\n|l|\u2606Ants at a picnic\n","uploadtime":1700050704,"views":17,"p1id":"casualpizza","p2id":"antsatapicnic","formatid":"gen9vgc2023regulatione","rating":0,"private":0,"password":""}