{"id":"gen9vgc2023regulatione-1994905468","p1":"Toc6","p2":"acebaltasar25","format":"[Gen 9] VGC 2023 Regulation E","log":"|j|\u2606Toc6\n|j|\u2606acebaltasar25\n|t:|1700503441\n|gametype|doubles\n|player|p1|Toc6|steven-masters|\n|player|p2|acebaltasar25|2|\n|teamsize|p1|6\n|teamsize|p2|6\n|gen|9\n|tier|[Gen 9] VGC 2023 Regulation E\n|rated|Tournament battle\n|rule|Species Clause: Limit one of each Pok\u00e9mon\n|rule|Item Clause: Limit one of each item\n|clearpoke\n|poke|p1|Gholdengo, L50|\n|poke|p1|Ogerpon-Wellspring, L50, F|\n|poke|p1|Landorus-Therian, L50, M|\n|poke|p1|Rillaboom, L50, F|\n|poke|p1|Tornadus, L50, M|\n|poke|p1|Heatran, L50, F|\n|poke|p2|Arcanine-Hisui, L50, M|\n|poke|p2|Iron Hands, L50|\n|poke|p2|Urshifu-*, L50, F|\n|poke|p2|Tornadus, L50, M|\n|poke|p2|Flutter Mane, L50|\n|poke|p2|Amoonguss, L50, F|\n|teampreview|4\n|showteam|p1|Gholdengo||SitrusBerry|GoodasGold|MakeItRain,ShadowBall,NastyPlot,Protect||||||50|,,,,,Dragon]Ogerpon-Wellspring||WellspringMask|WaterAbsorb|SpikyShield,IvyCudgel,GrassyGlide,FollowMe|||F|||50|,,,,,Water]Landorus-Therian||ChoiceScarf|Intimidate|Uturn,TeraBlast,StompingTantrum,RockSlide|||M|||50|,,,,,Flying]Rillaboom||AssaultVest|GrassySurge|FakeOut,WoodHammer,Uturn,KnockOff|||F|||50|,,,,,Fire]Tornadus||CovertCloak|Prankster|BleakwindStorm,Taunt,RainDance,Tailwind|||M|||50|,,,,,Dark]Heatran||LifeOrb|FlashFire|MagmaStorm,FlashCannon,EarthPower,Protect|||F|||50|,,,,,Fairy\n|showteam|p2|Arcanine-Hisui||SitrusBerry|Intimidate|FlareBlitz,WillOWisp,Snarl,RockSlide|||M|||50|,,,,,Grass]Iron Hands||AssaultVest|QuarkDrive|FakeOut,WildCharge,DrainPunch,StompingTantrum||||||50|,,,,,Grass]Urshifu-Rapid-Strike||MysticWater|UnseenFist|AquaJet,SurgingStrikes,CloseCombat,Detect|||F|||50|,,,,,Water]Tornadus||CovertCloak|Prankster|BleakwindStorm,Taunt,RainDance,Tailwind|||M|||50|,,,,,Dark]Flutter Mane||ChoiceSpecs|Protosynthesis|Moonblast,ShadowBall,Thunderbolt,DazzlingGleam||||||50|,,,,,Fairy]Amoonguss||MentalHerb|EffectSpore|Spore,Protect,RagePowder,PollenPuff|||F|||50|,,,,,Grass\n|inactive|Battle timer is ON: inactive players will automatically lose when time's up. (requested by Toc6)\n|inactive|Toc6 has 60 seconds left.\n|inactive|acebaltasar25 has 60 seconds left.\n|\n|t:|1700503498\n|start\n|switch|p1a: Tornadus|Tornadus, L50, M|100\/100\n|switch|p1b: Rillaboom|Rillaboom, L50, F, shiny|100\/100\n|switch|p2a: Urshifu|Urshifu-Rapid-Strike, L50, F|100\/100\n|switch|p2b: Iron Hands|Iron Hands, L50|100\/100\n|-fieldstart|move: Grassy Terrain|[from] ability: Grassy Surge|[of] p1b: Rillaboom\n|turn|1\n|inactive|Toc6 has 30 seconds left.\n|\n|t:|1700503524\n|move|p2a: Urshifu|Detect|p2a: Urshifu\n|-singleturn|p2a: Urshifu|Protect\n|move|p1b: Rillaboom|Fake Out|p2a: Urshifu\n|-activate|p2a: Urshifu|move: Protect\n|move|p1a: Tornadus|Bleakwind Storm|p2a: Urshifu|[spread] p2b\n|-activate|p2a: Urshifu|move: Protect\n|-damage|p2b: Iron Hands|79\/100\n|move|p2b: Iron Hands|Drain Punch|p1b: Rillaboom\n|-damage|p1b: Rillaboom|64\/100\n|-heal|p2b: Iron Hands|93\/100|[from] drain|[of] p1b: Rillaboom\n|\n|-heal|p1b: Rillaboom|70\/100|[from] Grassy Terrain\n|-heal|p2b: Iron Hands|99\/100|[from] Grassy Terrain\n|upkeep\n|turn|2\n|\n|t:|1700503548\n|switch|p2a: Amoonguss|Amoonguss, L50, F|100\/100\n|move|p1a: Tornadus|Bleakwind Storm|p2a: Amoonguss|[spread] p2b\n|-miss|p1a: Tornadus|p2a: Amoonguss\n|-damage|p2b: Iron Hands|79\/100\n|-unboost|p2b: Iron Hands|spe|1\n|move|p1b: Rillaboom|Knock Off|p2b: Iron Hands\n|-resisted|p2b: Iron Hands\n|-damage|p2b: Iron Hands|69\/100\n|-enditem|p2b: Iron Hands|Assault Vest|[from] move: Knock Off|[of] p1b: Rillaboom\n|move|p2b: Iron Hands|Wild Charge|p1a: Tornadus\n|-supereffective|p1a: Tornadus\n|-damage|p1a: Tornadus|0 fnt\n|faint|p1a: Tornadus\n|-damage|p2b: Iron Hands|51\/100|[from] Recoil\n|\n|-heal|p1b: Rillaboom|75\/100|[from] Grassy Terrain\n|-heal|p2b: Iron Hands|58\/100|[from] Grassy Terrain\n|upkeep\n|\n|t:|1700503562\n|switch|p1a: Gholdengo|Gholdengo, L50|100\/100\n|turn|3\n|\n|t:|1700503574\n|move|p2a: Amoonguss|Rage Powder|p2a: Amoonguss\n|-singleturn|p2a: Amoonguss|move: Rage Powder\n|move|p1b: Rillaboom|Knock Off|p2a: Amoonguss\n|-damage|p2a: Amoonguss|63\/100\n|-enditem|p2a: Amoonguss|Mental Herb|[from] move: Knock Off|[of] p1b: Rillaboom\n|move|p1a: Gholdengo|Nasty Plot|p1a: Gholdengo\n|-boost|p1a: Gholdengo|spa|2\n|move|p2b: Iron Hands|Stomping Tantrum|p1a: Gholdengo\n|-supereffective|p1a: Gholdengo\n|-damage|p1a: Gholdengo|56\/100\n|\n|-heal|p1b: Rillaboom|81\/100|[from] Grassy Terrain\n|-heal|p1a: Gholdengo|62\/100|[from] Grassy Terrain\n|-heal|p2a: Amoonguss|69\/100|[from] Grassy Terrain\n|-heal|p2b: Iron Hands|64\/100|[from] Grassy Terrain\n|upkeep\n|turn|4\n|j| Mr.CCCC\n|\n|t:|1700503599\n|move|p2a: Amoonguss|Protect|p2a: Amoonguss\n|-singleturn|p2a: Amoonguss|Protect\n|move|p1b: Rillaboom|Wood Hammer|p2b: Iron Hands\n|-damage|p2b: Iron Hands|9\/100\n|-damage|p1b: Rillaboom|58\/100|[from] Recoil\n|move|p1a: Gholdengo|Shadow Ball|p2b: Iron Hands\n|-damage|p2b: Iron Hands|0 fnt\n|faint|p2b: Iron Hands\n|-end|p2b: Iron Hands|Quark Drive|[silent]\n|\n|-heal|p1b: Rillaboom|64\/100|[from] Grassy Terrain\n|-heal|p1a: Gholdengo|69\/100|[from] Grassy Terrain\n|-heal|p2a: Amoonguss|75\/100|[from] Grassy Terrain\n|upkeep\n|\n|t:|1700503608\n|switch|p2b: Urshifu|Urshifu-Rapid-Strike, L50, F|100\/100\n|turn|5\n|inactive|Toc6 has 30 seconds left.\n|\n|t:|1700503640\n|switch|p2b: Arcanine|Arcanine-Hisui, L50, M|100\/100\n|-ability|p2b: Arcanine|Intimidate|boost\n|-unboost|p1a: Gholdengo|atk|1\n|-unboost|p1b: Rillaboom|atk|1\n|move|p1b: Rillaboom|Wood Hammer|p2b: Arcanine\n|-damage|p2b: Arcanine|48\/100\n|-enditem|p2b: Arcanine|Sitrus Berry|[eat]\n|-heal|p2b: Arcanine|73\/100|[from] item: Sitrus Berry\n|-damage|p1b: Rillaboom|47\/100|[from] Recoil\n|move|p1a: Gholdengo|Shadow Ball|p2a: Amoonguss\n|-damage|p2a: Amoonguss|24\/100\n|move|p2a: Amoonguss|Pollen Puff|p1b: Rillaboom\n|-supereffective|p1b: Rillaboom\n|-damage|p1b: Rillaboom|20\/100\n|\n|-heal|p2b: Arcanine|79\/100|[from] Grassy Terrain\n|-heal|p1b: Rillaboom|26\/100|[from] Grassy Terrain\n|-heal|p1a: Gholdengo|75\/100|[from] Grassy Terrain\n|-heal|p2a: Amoonguss|30\/100|[from] Grassy Terrain\n|-fieldend|move: Grassy Terrain\n|upkeep\n|turn|6\n|inactive|Toc6 has 30 seconds left.\n|inactive|acebaltasar25 has 30 seconds left.\n|\n|t:|1700503667\n|-terastallize|p1a: Gholdengo|Dragon\n|move|p2b: Arcanine|Snarl|p1b: Rillaboom|[spread] p1a,p1b\n|-damage|p1a: Gholdengo|66\/100\n|-damage|p1b: Rillaboom|19\/100\n|-unboost|p1a: Gholdengo|spa|1\n|-unboost|p1b: Rillaboom|spa|1\n|move|p1b: Rillaboom|Wood Hammer|p2b: Arcanine\n|-damage|p2b: Arcanine|37\/100\n|-damage|p1b: Rillaboom|5\/100|[from] Recoil\n|move|p1a: Gholdengo|Make It Rain|p2b: Arcanine|[spread] p2a,p2b\n|-damage|p2a: Amoonguss|0 fnt\n|-damage|p2b: Arcanine|0 fnt\n|-unboost|p1a: Gholdengo|spa|1\n|faint|p2a: Amoonguss\n|faint|p2b: Arcanine\n|\n|upkeep\n|\n|t:|1700503679\n|switch|p2b: Urshifu|Urshifu-Rapid-Strike, L50, F|100\/100\n|turn|7\n|\n|t:|1700503689\n|switch|p1b: Ogerpon|Ogerpon-Wellspring, L50, F|100\/100\n|-terastallize|p2b: Urshifu|Water\n|move|p2b: Urshifu|Aqua Jet|p1b: Ogerpon\n|-immune|p1b: Ogerpon|[from] ability: Water Absorb\n|move|p1a: Gholdengo|Shadow Ball|p2b: Urshifu\n|-damage|p2b: Urshifu|60\/100\n|\n|upkeep\n|turn|8\n|-message|acebaltasar25 forfeited.\n|\n|win|Toc6\n|n|\u2606Toc6|toc6\n|n|\u2606acebaltasar25|acebaltasar25\n|n| Mr.CCCC|mrcccc\n|l|\u2606acebaltasar25\n","uploadtime":1700503701,"views":3,"p1id":"toc6","p2id":"acebaltasar25","formatid":"gen9vgc2023regulatione","rating":0,"private":0,"password":""}