{"id":"gen9vgc2023regulatione-2000501358","p1":"Zaharri","p2":"13dobe","format":"[Gen 9] VGC 2023 Regulation E","log":"|j|\u2606Zaharri\n|j|\u260613dobe\n|t:|1701200106\n|gametype|doubles\n|player|p1|Zaharri|drayden|1327\n|player|p2|13dobe|169|1344\n|teamsize|p1|6\n|teamsize|p2|6\n|gen|9\n|tier|[Gen 9] VGC 2023 Regulation E\n|rated|\n|rule|Species Clause: Limit one of each Pok\u00e9mon\n|rule|Item Clause: Limit one of each item\n|clearpoke\n|poke|p1|Arcanine-Hisui, L50, M|\n|poke|p1|Dondozo, L50, M|\n|poke|p1|Tatsugiri, L50, M|\n|poke|p1|Rillaboom, L50, M|\n|poke|p1|Hydreigon, L50, M|\n|poke|p1|Zapdos-Galar, L50|\n|poke|p2|Armarouge, L50, F|\n|poke|p2|Indeedee-F, L50, F|\n|poke|p2|Iron Bundle, L50|\n|poke|p2|Iron Valiant, L50|\n|poke|p2|Arcanine-Hisui, L50, M|\n|poke|p2|Ursaluna-Bloodmoon, L50, M|\n|teampreview|4\n|inactive|Battle timer is ON: inactive players will automatically lose when time's up. (requested by 13dobe)\n|\n|t:|1701200149\n|start\n|switch|p1a: Arcanine|Arcanine-Hisui, L50, M|100\/100\n|switch|p1b: Hydreigon|Hydreigon, L50, M, shiny|100\/100\n|switch|p2a: Ursaluna|Ursaluna-Bloodmoon, L50, M|100\/100\n|switch|p2b: Iron Valiant|Iron Valiant, L50|100\/100\n|-ability|p1a: Arcanine|Intimidate|boost\n|-unboost|p2a: Ursaluna|atk|1\n|-unboost|p2b: Iron Valiant|atk|1\n|turn|1\n|inactive|Zaharri has 30 seconds left.\n|inactive|Zaharri has 20 seconds left.\n|inactive|Zaharri has 15 seconds left.\n|inactive|Zaharri has 10 seconds left.\n|inactive|Zaharri has 5 seconds left.\n|\n|t:|1701200200\n|move|p2b: Iron Valiant|Spirit Break|p1b: Hydreigon\n|-supereffective|p1b: Hydreigon\n|-damage|p1b: Hydreigon|0 fnt\n|faint|p1b: Hydreigon\n|move|p1a: Arcanine|Rock Slide|p2b: Iron Valiant|[spread] p2a,p2b\n|-resisted|p2a: Ursaluna\n|-resisted|p2b: Iron Valiant\n|-damage|p2a: Ursaluna|90\/100\n|-damage|p2b: Iron Valiant|84\/100\n|cant|p2a: Ursaluna|flinch\n|\n|upkeep\n|\n|t:|1701200212\n|switch|p1b: Zapdos|Zapdos-Galar, L50|100\/100\n|turn|2\n|inactive|13dobe has 30 seconds left.\n|\n|t:|1701200244\n|-terastallize|p1a: Arcanine|Fairy\n|-terastallize|p2a: Ursaluna|Normal\n|move|p1b: Zapdos|Brave Bird|p2b: Iron Valiant\n|-supereffective|p2b: Iron Valiant\n|-damage|p2b: Iron Valiant|0 fnt\n|faint|p2b: Iron Valiant\n|-end|p2b: Iron Valiant|Quark Drive|[silent]\n|-damage|p1b: Zapdos|76\/100|[from] Recoil\n|move|p1a: Arcanine|Snarl|p2a: Ursaluna\n|-damage|p2a: Ursaluna|78\/100\n|-unboost|p2a: Ursaluna|spa|1\n|move|p2a: Ursaluna|Blood Moon|p1b: Zapdos\n|-damage|p1b: Zapdos|0 fnt\n|faint|p1b: Zapdos\n|\n|upkeep\n|\n|t:|1701200263\n|switch|p2b: Iron Bundle|Iron Bundle, L50|100\/100\n|switch|p1b: Rillaboom|Rillaboom, L50, M|100\/100\n|-fieldstart|move: Grassy Terrain|[from] ability: Grassy Surge|[of] p1b: Rillaboom\n|-enditem|p2b: Iron Bundle|Booster Energy\n|-activate|p2b: Iron Bundle|ability: Quark Drive|[fromitem]\n|-start|p2b: Iron Bundle|quarkdrivespe\n|turn|3\n|inactive|Zaharri has 30 seconds left.\n|\n|t:|1701200288\n|switch|p2a: Armarouge|Armarouge, L50, F|100\/100\n|move|p2b: Iron Bundle|Protect|p2b: Iron Bundle\n|-singleturn|p2b: Iron Bundle|Protect\n|move|p1b: Rillaboom|Fake Out|p2b: Iron Bundle\n|-activate|p2b: Iron Bundle|move: Protect\n|move|p1a: Arcanine|Snarl|p2a: Armarouge|[spread] p2a\n|-activate|p2b: Iron Bundle|move: Protect\n|-supereffective|p2a: Armarouge\n|-damage|p2a: Armarouge|77\/100\n|-unboost|p2a: Armarouge|spa|1\n|\n|-heal|p2a: Armarouge|83\/100|[from] Grassy Terrain\n|upkeep\n|turn|4\n|\n|t:|1701200305\n|move|p2b: Iron Bundle|Icy Wind|p1a: Arcanine|[spread] p1a,p1b\n|-supereffective|p1b: Rillaboom\n|-damage|p1a: Arcanine|79\/100\n|-damage|p1b: Rillaboom|71\/100\n|-unboost|p1a: Arcanine|spe|1\n|-unboost|p1b: Rillaboom|spe|1\n|move|p2a: Armarouge|Armor Cannon|p1b: Rillaboom\n|-supereffective|p1b: Rillaboom\n|-damage|p1b: Rillaboom|12\/100\n|-unboost|p2a: Armarouge|def|1\n|-unboost|p2a: Armarouge|spd|1\n|move|p1b: Rillaboom|Knock Off|p2a: Armarouge\n|-supereffective|p2a: Armarouge\n|-damage|p2a: Armarouge|0 fnt\n|-enditem|p2a: Armarouge|Choice Scarf|[from] move: Knock Off|[of] p1b: Rillaboom\n|faint|p2a: Armarouge\n|move|p1a: Arcanine|Snarl|p2b: Iron Bundle\n|-damage|p2b: Iron Bundle|77\/100\n|-unboost|p2b: Iron Bundle|spa|1\n|\n|-heal|p2b: Iron Bundle|83\/100|[from] Grassy Terrain\n|-heal|p1b: Rillaboom|18\/100|[from] Grassy Terrain\n|-heal|p1a: Arcanine|85\/100|[from] Grassy Terrain\n|upkeep\n|\n|t:|1701200309\n|switch|p2a: Ursaluna|Ursaluna-Bloodmoon, L50, M, tera:Normal|78\/100\n|turn|5\n|c|\u260613dobe|gg\n|inactive|Zaharri has 30 seconds left.\n|-activate|p2a: Ursaluna|item: Quick Claw\n|\n|t:|1701200335\n|move|p1b: Rillaboom|Grassy Glide|p2b: Iron Bundle\n|-supereffective|p2b: Iron Bundle\n|-damage|p2b: Iron Bundle|0 fnt\n|faint|p2b: Iron Bundle\n|-end|p2b: Iron Bundle|Quark Drive|[silent]\n|move|p2a: Ursaluna|Blood Moon|p1a: Arcanine\n|-damage|p1a: Arcanine|0 fnt\n|faint|p1a: Arcanine\n|\n|-heal|p1b: Rillaboom|24\/100|[from] Grassy Terrain\n|-heal|p2a: Ursaluna|84\/100|[from] Grassy Terrain\n|upkeep\n|turn|6\n|\n|t:|1701200356\n|move|p1b: Rillaboom|Grassy Glide|p2a: Ursaluna\n|-damage|p2a: Ursaluna|55\/100\n|move|p2a: Ursaluna|Hyper Voice|p1b: Rillaboom\n|-damage|p1b: Rillaboom|0 fnt\n|faint|p1b: Rillaboom\n|\n|win|13dobe\n|raw|Zaharri's rating: 1327 &rarr; <strong>1308<\/strong><br \/>(-19 for losing)\n|raw|13dobe's rating: 1344 &rarr; <strong>1363<\/strong><br \/>(+19 for winning)\n|l|\u260613dobe\n","uploadtime":1701200628,"views":0,"p1id":"zaharri","p2id":"13dobe","formatid":"gen9vgc2023regulatione","rating":1308,"private":0,"password":""}