{"id":"gen9vgc2023regulatione-2000047570","p1":"ImPhen","p2":"slimejrlegit","format":"[Gen 9] VGC 2023 Regulation E","log":"|j|\u2606ImPhen\n|j|\u2606slimejrlegit\n|t:|1701145806\n|gametype|doubles\n|player|p1|ImPhen|101|1384\n|player|p2|slimejrlegit|169|1453\n|teamsize|p1|6\n|teamsize|p2|6\n|gen|9\n|tier|[Gen 9] VGC 2023 Regulation E\n|rated|\n|rule|Species Clause: Limit one of each Pok\u00e9mon\n|rule|Item Clause: Limit one of each item\n|clearpoke\n|poke|p1|Flutter Mane, L50|\n|poke|p1|Chi-Yu, L50|\n|poke|p1|Iron Hands, L50|\n|poke|p1|Landorus-Therian, L50, M|\n|poke|p1|Sinistcha, L50|\n|poke|p1|Empoleon, L50, F|\n|poke|p2|Armarouge, L50, M|\n|poke|p2|Roaring Moon, L50|\n|poke|p2|Regieleki, L50|\n|poke|p2|Enamorus, L50, F|\n|poke|p2|Sneasler, L50, M|\n|poke|p2|Indeedee-F, L50, F|\n|teampreview|4\n|j| slainey\n|l| slainey\n|inactive|Battle timer is ON: inactive players will automatically lose when time's up. (requested by slimejrlegit)\n|\n|t:|1701145871\n|start\n|switch|p1a: Flutter Mane|Flutter Mane, L50|100\/100\n|switch|p1b: Landorus|Landorus-Therian, L50, M|100\/100\n|switch|p2a: Regieleki|Regieleki, L50|100\/100\n|switch|p2b: Doja Cat|Enamorus, L50, F|100\/100\n|-ability|p1b: Landorus|Intimidate|boost\n|-unboost|p2a: Regieleki|atk|1\n|-boost|p2b: Doja Cat|atk|1\n|-enditem|p1a: Flutter Mane|Booster Energy\n|-activate|p1a: Flutter Mane|ability: Protosynthesis|[fromitem]\n|-start|p1a: Flutter Mane|protosynthesisspe\n|turn|1\n|inactive|ImPhen has 30 seconds left.\n|\n|t:|1701145899\n|-terastallize|p2b: Doja Cat|Fairy\n|move|p1a: Flutter Mane|Icy Wind|p2a: Regieleki|[spread] p2a,p2b\n|-damage|p2a: Regieleki|76\/100\n|-damage|p2b: Doja Cat|80\/100\n|-unboost|p2a: Regieleki|spe|1\n|-boost|p2b: Doja Cat|spe|1\n|move|p2b: Doja Cat|Dazzling Gleam|p1b: Landorus|[spread] p1a,p1b\n|-damage|p1a: Flutter Mane|38\/100\n|-damage|p1b: Landorus|16\/100\n|move|p1b: Landorus|Rock Slide|p2a: Regieleki|[spread] p2a,p2b\n|-damage|p2a: Regieleki|40\/100\n|-damage|p2b: Doja Cat|46\/100\n|move|p2a: Regieleki|Eerie Impulse|p2b: Doja Cat\n|-boost|p2b: Doja Cat|spa|2\n|\n|upkeep\n|turn|2\n|inactive|slimejrlegit has 30 seconds left.\n|\n|t:|1701145926\n|move|p1a: Flutter Mane|Moonblast|p2b: Doja Cat\n|-damage|p2b: Doja Cat|0 fnt\n|faint|p2b: Doja Cat\n|move|p1b: Landorus|Rock Slide|p2a: Regieleki\n|-damage|p2a: Regieleki|0 fnt\n|faint|p2a: Regieleki\n|\n|upkeep\n|\n|t:|1701145929\n|switch|p2a: Indeedee|Indeedee-F, L50, F|100\/100\n|switch|p2b: Agent Sneeze|Sneasler, L50, M, shiny|100\/100\n|-fieldstart|move: Psychic Terrain|[from] ability: Psychic Surge|[of] p2a: Indeedee\n|-enditem|p2b: Agent Sneeze|Psychic Seed\n|-boost|p2b: Agent Sneeze|spd|1|[from] item: Psychic Seed\n|turn|3\n|\n|t:|1701145945\n|switch|p1b: Sinistcha|Sinistcha, L50|100\/100\n|-heal|p1a: Flutter Mane|63\/100|[from] ability: Hospitality|[of] p1b: Sinistcha\n|move|p1a: Flutter Mane|Protect|p1a: Flutter Mane\n|-singleturn|p1a: Flutter Mane|Protect\n|move|p2a: Indeedee|Follow Me|p2a: Indeedee\n|-singleturn|p2a: Indeedee|move: Follow Me\n|move|p2b: Agent Sneeze|Swords Dance|p2b: Agent Sneeze\n|-boost|p2b: Agent Sneeze|atk|2\n|\n|upkeep\n|turn|4\n|\n|t:|1701145968\n|-end|p1a: Flutter Mane|Protosynthesis|[silent]\n|switch|p1a: Landorus|Landorus-Therian, L50, M|16\/100\n|-ability|p1a: Landorus|Intimidate|boost\n|-unboost|p2a: Indeedee|atk|1\n|-unboost|p2b: Agent Sneeze|atk|1\n|move|p2a: Indeedee|Follow Me|p2a: Indeedee\n|-singleturn|p2a: Indeedee|move: Follow Me\n|move|p2b: Agent Sneeze|Acrobatics|p1a: Landorus\n|-damage|p1a: Landorus|0 fnt\n|faint|p1a: Landorus\n|move|p1b: Sinistcha|Trick Room|p1b: Sinistcha\n|-fieldstart|move: Trick Room|[of] p1b: Sinistcha\n|\n|upkeep\n|\n|t:|1701145981\n|switch|p1a: Chi-Yu|Chi-Yu, L50|100\/100\n|-ability|p1a: Chi-Yu|Beads of Ruin\n|turn|5\n|inactive|ImPhen has 30 seconds left.\n|inactive|ImPhen has 20 seconds left.\n|inactive|ImPhen has 15 seconds left.\n|\n|t:|1701146022\n|move|p1b: Sinistcha|Matcha Gotcha|p2a: Indeedee|[spread] p2a,p2b\n|-resisted|p2b: Agent Sneeze\n|-damage|p2a: Indeedee|75\/100\n|-damage|p2b: Agent Sneeze|83\/100\n|move|p1a: Chi-Yu|Heat Wave|p2a: Indeedee|[spread] p2a,p2b\n|-damage|p2a: Indeedee|25\/100\n|-damage|p2b: Agent Sneeze|19\/100\n|-status|p2a: Indeedee|brn\n|move|p2b: Agent Sneeze|Acrobatics|p1a: Chi-Yu\n|-damage|p1a: Chi-Yu|30\/100\n|move|p2a: Indeedee|Trick Room|p2a: Indeedee\n|-fieldend|move: Trick Room\n|\n|-damage|p2a: Indeedee|19\/100 brn|[from] brn\n|upkeep\n|turn|6\n|inactive|slimejrlegit has 30 seconds left.\n|\n|t:|1701146051\n|move|p2b: Agent Sneeze|Dire Claw|p1a: Chi-Yu\n|-damage|p1a: Chi-Yu|0 fnt\n|faint|p1a: Chi-Yu\n|move|p2a: Indeedee|Trick Room|p2a: Indeedee\n|-fieldstart|move: Trick Room|[of] p2a: Indeedee\n|move|p1b: Sinistcha|Trick Room|p1b: Sinistcha\n|-fieldend|move: Trick Room\n|\n|-damage|p2a: Indeedee|12\/100 brn|[from] brn\n|upkeep\n|\n|t:|1701146059\n|switch|p1a: Flutter Mane|Flutter Mane, L50|63\/100\n|turn|7\n|\n|t:|1701146065\n|move|p1a: Flutter Mane|Protect|p1a: Flutter Mane\n|-singleturn|p1a: Flutter Mane|Protect\n|move|p1b: Sinistcha|Protect|p1b: Sinistcha\n|-singleturn|p1b: Sinistcha|Protect\n|move|p2a: Indeedee|Follow Me|p2a: Indeedee\n|-singleturn|p2a: Indeedee|move: Follow Me\n|move|p2b: Agent Sneeze|Dire Claw|p1a: Flutter Mane\n|-activate|p1a: Flutter Mane|move: Protect\n|\n|-damage|p2a: Indeedee|6\/100 brn|[from] brn\n|-fieldend|move: Psychic Terrain\n|upkeep\n|turn|8\n|\n|t:|1701146083\n|-terastallize|p1a: Flutter Mane|Fairy\n|move|p2a: Indeedee|Follow Me|p2a: Indeedee\n|-singleturn|p2a: Indeedee|move: Follow Me\n|move|p2b: Agent Sneeze|Dire Claw|p1a: Flutter Mane\n|-supereffective|p1a: Flutter Mane\n|-damage|p1a: Flutter Mane|0 fnt\n|faint|p1a: Flutter Mane\n|-end|p1a: Flutter Mane|Protosynthesis|[silent]\n|move|p1b: Sinistcha|Matcha Gotcha|p2a: Indeedee|[spread] p2a,p2b\n|-resisted|p2b: Agent Sneeze\n|-damage|p2a: Indeedee|0 fnt\n|-damage|p2b: Agent Sneeze|8\/100\n|faint|p2a: Indeedee\n|\n|upkeep\n|turn|9\n|c|\u2606slimejrlegit|Gg\n|\n|t:|1701146100\n|move|p1b: Sinistcha|Protect|p1b: Sinistcha\n|-singleturn|p1b: Sinistcha|Protect\n|move|p2b: Agent Sneeze|Acrobatics|p1b: Sinistcha\n|-activate|p1b: Sinistcha|move: Protect\n|\n|upkeep\n|turn|10\n|\n|t:|1701146108\n|move|p2b: Agent Sneeze|Acrobatics|p1b: Sinistcha\n|-supereffective|p1b: Sinistcha\n|-damage|p1b: Sinistcha|0 fnt\n|faint|p1b: Sinistcha\n|\n|win|slimejrlegit\n|raw|ImPhen's rating: 1384 &rarr; <strong>1368<\/strong><br \/>(-16 for losing)\n|raw|slimejrlegit's rating: 1453 &rarr; <strong>1469<\/strong><br \/>(+16 for winning)\n|l|\u2606ImPhen\n|l|\u2606slimejrlegit\n|j|\u2606slimejrlegit\n|player|p2|slimejrlegit|169\n","uploadtime":1701146294,"views":2,"p1id":"imphen","p2id":"slimejrlegit","formatid":"gen9vgc2023regulatione","rating":1368,"private":0,"password":""}