{"id":"gen9vgc2023regulatione-1993711634","p1":"youngaren","p2":"ICYoyo","format":"[Gen 9] VGC 2023 Regulation E","log":"|j|\u2606youngaren\n|j|\u2606ICYoyo\n|t:|1700348314\n|gametype|doubles\n|player|p1|youngaren|1|\n|player|p2|ICYoyo|266|\n|teamsize|p1|6\n|teamsize|p2|6\n|gen|9\n|tier|[Gen 9] VGC 2023 Regulation E\n|rule|Species Clause: Limit one of each Pok\u00e9mon\n|rule|Item Clause: Limit one of each item\n|clearpoke\n|poke|p1|Iron Hands, L50|\n|poke|p1|Tyranitar, L50, M|\n|poke|p1|Articuno-Galar, L50|\n|poke|p1|Palossand, L50, F|\n|poke|p1|Ursaluna, L50, F|\n|poke|p1|Ogerpon-Cornerstone, L50, F|\n|poke|p2|Gholdengo, L50|\n|poke|p2|Urshifu-*, L50, M|\n|poke|p2|Pelipper, L50, F|\n|poke|p2|Zapdos, L50|\n|poke|p2|Scizor, L50, M|\n|poke|p2|Ludicolo, L50, M|\n|teampreview|4\n|j| PTP_VGC\nICYoyo rejected open team sheets.\n|\n|t:|1700348374\n|start\n|switch|p1a: Iron Hands|Iron Hands, L50|100\/100\n|switch|p1b: Articuno|Articuno-Galar, L50|100\/100\n|switch|p2a: Gholdengo|Gholdengo, L50|100\/100\n|switch|p2b: Urshifu|Urshifu-Rapid-Strike, L50, M|100\/100\n|turn|1\n|inactive|Battle timer is ON: inactive players will automatically lose when time's up. (requested by ICYoyo)\n|\n|t:|1700348404\n|move|p2b: Urshifu|Detect|p2b: Urshifu\n|-singleturn|p2b: Urshifu|Protect\n|move|p1a: Iron Hands|Fake Out|p2b: Urshifu\n|-activate|p2b: Urshifu|move: Protect\n|move|p2a: Gholdengo|Shadow Ball|p1b: Articuno\n|-supereffective|p1b: Articuno\n|-damage|p1b: Articuno|12\/100\n|-unboost|p1b: Articuno|spd|1\n|-ability|p1b: Articuno|Competitive|boost\n|-boost|p1b: Articuno|spa|2\n|move|p1b: Articuno|Trick Room|p1b: Articuno\n|-fieldstart|move: Trick Room|[of] p1b: Articuno\n|\n|upkeep\n|turn|2\n|inactive|youngaren has 30 seconds left.\n|inactive|ICYoyo has 30 seconds left.\n|\n|t:|1700348434\n|switch|p2b: Ludicolo|Ludicolo, L50, M|100\/100\n|move|p1a: Iron Hands|Wild Charge|p2b: Ludicolo\n|-damage|p2b: Ludicolo|27\/100\n|-damage|p1a: Iron Hands|87\/100|[from] Recoil\n|move|p2a: Gholdengo|Shadow Ball|p1a: Iron Hands\n|-damage|p1a: Iron Hands|48\/100\n|-enditem|p1a: Iron Hands|Sitrus Berry|[eat]\n|-heal|p1a: Iron Hands|73\/100|[from] item: Sitrus Berry\n|move|p1b: Articuno|Freezing Glare|p2b: Ludicolo\n|-damage|p2b: Ludicolo|0 fnt\n|faint|p2b: Ludicolo\n|\n|upkeep\n|\n|t:|1700348452\n|switch|p2b: Pelipper|Pelipper, L50, F|100\/100\n|-weather|RainDance|[from] ability: Drizzle|[of] p2b: Pelipper\n|turn|3\n|inactive|youngaren has 30 seconds left.\n|\n|t:|1700348487\n|move|p2b: Pelipper|Protect|p2b: Pelipper\n|-singleturn|p2b: Pelipper|Protect\n|move|p1a: Iron Hands|Wild Charge|p2b: Pelipper\n|-activate|p2b: Pelipper|move: Protect\n|move|p2a: Gholdengo|Nasty Plot|p2a: Gholdengo\n|-boost|p2a: Gholdengo|spa|2\n|move|p1b: Articuno|Freezing Glare|p2b: Pelipper\n|-activate|p2b: Pelipper|move: Protect\n|\n|-weather|RainDance|[upkeep]\n|upkeep\n|turn|4\n|inactive|youngaren has 30 seconds left.\n|inactive|ICYoyo has 30 seconds left.\n|inactive|youngaren has 20 seconds left.\n|\n|t:|1700348523\n|-terastallize|p2b: Pelipper|Ground\n|move|p1a: Iron Hands|Wild Charge|p2b: Pelipper\n|-immune|p2b: Pelipper\n|move|p2b: Pelipper|Hurricane|p1a: Iron Hands\n|-damage|p1a: Iron Hands|33\/100\n|move|p2a: Gholdengo|Make It Rain|p1a: Iron Hands|[spread] p1a,p1b\n|-resisted|p1a: Iron Hands\n|-damage|p1a: Iron Hands|0 fnt\n|-damage|p1b: Articuno|0 fnt\n|-unboost|p2a: Gholdengo|spa|1\n|faint|p1a: Iron Hands\n|-end|p1a: Iron Hands|Quark Drive|[silent]\n|faint|p1b: Articuno\n|\n|-weather|RainDance|[upkeep]\n|upkeep\n|\n|t:|1700348538\n|switch|p1a: Tyranitar|Tyranitar, L50, M|100\/100\n|switch|p1b: Ogerpon|Ogerpon-Cornerstone, L50, F|100\/100\n|-weather|Sandstorm|[from] ability: Sand Stream|[of] p1a: Tyranitar\n|turn|5\n|inactive|youngaren has 30 seconds left.\n|inactive|ICYoyo has 30 seconds left.\n|inactive|youngaren has 20 seconds left.\n|inactive|youngaren has 15 seconds left.\n|\n|t:|1700348581\n|switch|p2b: Urshifu|Urshifu-Rapid-Strike, L50, M|100\/100\n|-terastallize|p1a: Tyranitar|Dragon\n|move|p2a: Gholdengo|Protect|p2a: Gholdengo\n|-singleturn|p2a: Gholdengo|Protect\n|move|p1a: Tyranitar|Knock Off|p2a: Gholdengo\n|-activate|p2a: Gholdengo|move: Protect\n|move|p1b: Ogerpon|Horn Leech|p2b: Urshifu\n|-supereffective|p2b: Urshifu\n|-damage|p2b: Urshifu|24\/100\n|\n|-weather|Sandstorm|[upkeep]\n|-damage|p1a: Tyranitar|95\/100|[from] Sandstorm\n|-damage|p2b: Urshifu|18\/100|[from] Sandstorm\n|-fieldend|move: Trick Room\n|upkeep\n|turn|6\n|inactive|ICYoyo has 30 seconds left.\n|inactive|youngaren has 30 seconds left.\n|\n|t:|1700348617\n|move|p1b: Ogerpon|Spiky Shield|p1b: Ogerpon\n|-singleturn|p1b: Ogerpon|move: Protect\n|move|p2b: Urshifu|Surging Strikes|p1a: Tyranitar\n|-resisted|p1a: Tyranitar\n|-crit|p1a: Tyranitar\n|-damage|p1a: Tyranitar|86\/100\n|-resisted|p1a: Tyranitar\n|-crit|p1a: Tyranitar\n|-damage|p1a: Tyranitar|76\/100\n|-resisted|p1a: Tyranitar\n|-crit|p1a: Tyranitar\n|-damage|p1a: Tyranitar|67\/100\n|-hitcount|p1a: Tyranitar|3\n|move|p2a: Gholdengo|Make It Rain|p1a: Tyranitar|[spread] p1a\n|-activate|p1b: Ogerpon|move: Protect\n|-damage|p1a: Tyranitar|28\/100\n|-unboost|p2a: Gholdengo|spa|1\n|move|p1a: Tyranitar|Rock Slide|p2a: Gholdengo|[spread] p2a,p2b\n|-resisted|p2a: Gholdengo\n|-resisted|p2b: Urshifu\n|-damage|p2a: Gholdengo|85\/100\n|-damage|p2b: Urshifu|3\/100\n|\n|-weather|Sandstorm|[upkeep]\n|-damage|p2b: Urshifu|0 fnt|[from] Sandstorm\n|-damage|p1a: Tyranitar|22\/100|[from] Sandstorm\n|faint|p2b: Urshifu\n|-heal|p2a: Gholdengo|91\/100|[from] item: Leftovers\n|upkeep\n|\n|t:|1700348639\n|switch|p2b: Pelipper|Pelipper, L50, F, tera:Ground|100\/100\n|-weather|RainDance|[from] ability: Drizzle|[of] p2b: Pelipper\n|turn|7\n|\n|t:|1700348659\n|move|p1b: Ogerpon|Horn Leech|p2b: Pelipper\n|-supereffective|p2b: Pelipper\n|-damage|p2b: Pelipper|0 fnt\n|faint|p2b: Pelipper\n|move|p2a: Gholdengo|Make It Rain|p1b: Ogerpon|[spread] p1a,p1b\n|-supereffective|p1b: Ogerpon\n|-damage|p1a: Tyranitar|0 fnt\n|-damage|p1b: Ogerpon|4\/100\n|-unboost|p2a: Gholdengo|spa|1\n|faint|p1a: Tyranitar\n|\n|-weather|RainDance|[upkeep]\n|-heal|p2a: Gholdengo|97\/100|[from] item: Leftovers\n|upkeep\n|turn|8\n|inactive|youngaren has 30 seconds left.\n|inactive|youngaren has 20 seconds left.\n|inactive|youngaren has 15 seconds left.\n|\n|t:|1700348703\n|move|p1b: Ogerpon|Spiky Shield|p1b: Ogerpon\n|-singleturn|p1b: Ogerpon|move: Protect\n|move|p2a: Gholdengo|Shadow Ball|p1b: Ogerpon\n|-activate|p1b: Ogerpon|move: Protect\n|\n|-weather|RainDance|[upkeep]\n|-heal|p2a: Gholdengo|100\/100|[from] item: Leftovers\n|upkeep\n|turn|9\n|\n|t:|1700348715\n|move|p1b: Ogerpon|Horn Leech|p2a: Gholdengo\n|-resisted|p2a: Gholdengo\n|-damage|p2a: Gholdengo|75\/100\n|-heal|p1b: Ogerpon|20\/100|[from] drain|[of] p2a: Gholdengo\n|move|p2a: Gholdengo|Shadow Ball|p1b: Ogerpon\n|-crit|p1b: Ogerpon\n|-damage|p1b: Ogerpon|0 fnt\n|faint|p1b: Ogerpon\n|\n|win|ICYoyo\n|c|\u2606youngaren|ggs\n|c|\u2606ICYoyo|ggs\n|l| PTP_VGC\n|l|\u2606ICYoyo\n","uploadtime":1700348727,"views":28,"p1id":"youngaren","p2id":"icyoyo","formatid":"gen9vgc2023regulatione","rating":0,"private":0,"password":""}