{"id":"gen9vgc2023regulatione-1988772679","p1":"Robo Zaki","p2":"py123456","format":"[Gen 9] VGC 2023 Regulation E","log":"|j|\u2606Robo Zaki\n|j|\u2606py123456\n|t:|1699761187\n|gametype|doubles\n|player|p1|Robo Zaki|n|1101\n|player|p2|py123456|steven|1114\n|teamsize|p1|6\n|teamsize|p2|6\n|gen|9\n|tier|[Gen 9] VGC 2023 Regulation E\n|rated|\n|rule|Species Clause: Limit one of each Pok\u00e9mon\n|rule|Item Clause: Limit one of each item\n|clearpoke\n|poke|p1|Kommo-o, L50, F|\n|poke|p1|Oricorio, L50, F|\n|poke|p1|Grimmsnarl, L50, M|\n|poke|p1|Volcarona, L50, F|\n|poke|p1|Quaquaval, L50, F|\n|poke|p1|Kingambit, L50, M|\n|poke|p2|Flutter Mane, L50|\n|poke|p2|Ogerpon-Wellspring, L50, F|\n|poke|p2|Iron Hands, L50|\n|poke|p2|Sableye, L50, F|\n|poke|p2|Espathra, L50, F|\n|poke|p2|Chi-Yu, L50|\n|teampreview|4\n|l|\u2606py123456\n|player|p2|\n|inactive|Battle timer is ON: inactive players will automatically lose when time's up. (requested by Robo Zaki)\n|j|\u2606py123456\n|inactive|py123456 reconnected and has 90 seconds left.\n|player|p2|py123456|steven\n|inactive|py123456 has 60 seconds left.\n|\n|t:|1699761242\n|start\n|switch|p1a: Kommo-o|Kommo-o, L50, F, shiny|100\/100\n|switch|p1b: Grimmsnarl|Grimmsnarl, L50, M, shiny|100\/100\n|switch|p2a: Sableye|Sableye, L50, F, shiny|100\/100\n|switch|p2b: Espathra|Espathra, L50, F|100\/100\n|turn|1\n|\n|t:|1699761260\n|-terastallize|p1a: Kommo-o|Steel\n|move|p2a: Sableye|Gravity|p2a: Sableye\n|-fieldstart|move: Gravity\n|move|p2b: Espathra|Hypnosis|p1a: Kommo-o\n|-status|p1a: Kommo-o|slp|[from] move: Hypnosis\n|cant|p1a: Kommo-o|slp\n|move|p1b: Grimmsnarl|Spirit Break|p2a: Sableye\n|-supereffective|p2a: Sableye\n|-damage|p2a: Sableye|0 fnt\n|faint|p2a: Sableye\n|\n|-ability|p2b: Espathra|Speed Boost|boost\n|-boost|p2b: Espathra|spe|1\n|upkeep\n|\n|t:|1699761277\n|switch|p2a: Iron Hands|Iron Hands, L50|100\/100\n|turn|2\n|\n|t:|1699761293\n|-terastallize|p2a: Iron Hands|Fire\n|move|p2b: Espathra|Protect|p2b: Espathra\n|-singleturn|p2b: Espathra|Protect\n|move|p1b: Grimmsnarl|Taunt|p2b: Espathra\n|-activate|p2b: Espathra|move: Protect\n|-curestatus|p1a: Kommo-o|slp|[msg]\n|move|p1a: Kommo-o|Clangorous Soul|p1a: Kommo-o\n|-boost|p1a: Kommo-o|atk|1\n|-boost|p1a: Kommo-o|def|1\n|-boost|p1a: Kommo-o|spa|1\n|-boost|p1a: Kommo-o|spd|1\n|-boost|p1a: Kommo-o|spe|1\n|-damage|p1a: Kommo-o|68\/100\n|-enditem|p1a: Kommo-o|Throat Spray\n|-boost|p1a: Kommo-o|spa|1|[from] item: Throat Spray\n|move|p2a: Iron Hands|Belly Drum|p2a: Iron Hands\n|-damage|p2a: Iron Hands|50\/100\n|-setboost|p2a: Iron Hands|atk|6|[from] move: Belly Drum\n|-enditem|p2a: Iron Hands|Sitrus Berry|[eat]\n|-heal|p2a: Iron Hands|75\/100|[from] item: Sitrus Berry\n|\n|-ability|p2b: Espathra|Speed Boost|boost\n|-boost|p2b: Espathra|spe|1\n|upkeep\n|turn|3\n|inactive|py123456 has 30 seconds left.\n|\n|t:|1699761324\n|move|p1b: Grimmsnarl|Thunder Wave|p2a: Iron Hands\n|-status|p2a: Iron Hands|par\n|move|p2b: Espathra|Hypnosis|p1a: Kommo-o\n|-status|p1a: Kommo-o|slp|[from] move: Hypnosis\n|cant|p1a: Kommo-o|slp\n|move|p2a: Iron Hands|Drain Punch|p1a: Kommo-o\n|-supereffective|p1a: Kommo-o\n|-damage|p1a: Kommo-o|0 fnt\n|-heal|p2a: Iron Hands|97\/100 par|[from] drain|[of] p1a: Kommo-o\n|faint|p1a: Kommo-o\n|\n|-ability|p2b: Espathra|Speed Boost|boost\n|-boost|p2b: Espathra|spe|1\n|upkeep\n|\n|t:|1699761337\n|switch|p1a: Kingambit|Kingambit, L50, M|100\/100\n|turn|4\n|\n|t:|1699761353\n|move|p2b: Espathra|Protect|p2b: Espathra\n|-singleturn|p2b: Espathra|Protect\n|move|p1b: Grimmsnarl|Sucker Punch|p2a: Iron Hands\n|-damage|p2a: Iron Hands|72\/100 par\n|move|p1a: Kingambit|Sucker Punch||[still]\n|-fail|p1a: Kingambit\n|move|p2a: Iron Hands|Drain Punch|p1b: Grimmsnarl\n|-damage|p1b: Grimmsnarl|0 fnt\n|-heal|p2a: Iron Hands|100\/100 par|[from] drain|[of] p1b: Grimmsnarl\n|faint|p1b: Grimmsnarl\n|\n|-ability|p2b: Espathra|Speed Boost|boost\n|-boost|p2b: Espathra|spe|1\n|upkeep\n|\n|t:|1699761356\n|switch|p1b: Quaquaval|Quaquaval, L50, F, shiny|100\/100\n|turn|5\n|\n|t:|1699761379\n|move|p2a: Iron Hands|Detect|p2a: Iron Hands\n|-singleturn|p2a: Iron Hands|Protect\n|move|p1a: Kingambit|Sucker Punch||[still]\n|-fail|p1a: Kingambit\n|move|p2b: Espathra|Hypnosis|p1b: Quaquaval\n|-status|p1b: Quaquaval|slp|[from] move: Hypnosis\n|cant|p1b: Quaquaval|slp\n|\n|-fieldend|move: Gravity\n|-ability|p2b: Espathra|Speed Boost|boost\n|-boost|p2b: Espathra|spe|1\n|upkeep\n|turn|6\n|\n|t:|1699761395\n|move|p2b: Espathra|Lumina Crash|p1b: Quaquaval\n|-supereffective|p1b: Quaquaval\n|-damage|p1b: Quaquaval|25\/100 slp\n|-unboost|p1b: Quaquaval|spd|2\n|cant|p1b: Quaquaval|slp\n|move|p1a: Kingambit|Kowtow Cleave|p2b: Espathra\n|-supereffective|p2b: Espathra\n|-damage|p2b: Espathra|0 fnt\n|faint|p2b: Espathra\n|move|p2a: Iron Hands|Drain Punch|p1a: Kingambit\n|-supereffective|p1a: Kingambit\n|-damage|p1a: Kingambit|0 fnt\n|faint|p1a: Kingambit\n|\n|upkeep\n|c|\u2606Robo Zaki|gg\n|\n|t:|1699761412\n|switch|p2b: Ogerpon|Ogerpon-Wellspring, L50, F|100\/100\n|turn|7\n|-message|Robo Zaki forfeited.\n|\n|win|py123456\n|raw|Robo Zaki's rating: 1101 &rarr; <strong>1077<\/strong><br \/>(-24 for losing)\n|raw|py123456's rating: 1114 &rarr; <strong>1138<\/strong><br \/>(+24 for winning)\n|l|\u2606Robo Zaki\n","uploadtime":1699761431,"views":9,"p1id":"robozaki","p2id":"py123456","formatid":"gen9vgc2023regulatione","rating":1077,"private":0,"password":""}