{"id":"gen9vgc2023regulatione-1989129620","p1":"christianfinity","p2":"Kemils","format":"[Gen 9] VGC 2023 Regulation E","log":"|j|\u2606christianfinity\n|j|\u2606Kemils\n|n|\u2606christianfinity|christianfinity\n|n|\u2606Kemils|kemils\n|html|View the match progress at <a href=\"\/game-bestof3-gen9vgc2023regulatione-1989129619\">game-bestof3-gen9vgc2023regulatione-1989129619<\/a>\n|t:|1699815400\n|gametype|doubles\n|player|p1|christianfinity|youngathlete|\n|player|p2|Kemils|roxie|\n|teamsize|p1|6\n|teamsize|p2|6\n|gen|9\n|tier|[Gen 9] VGC 2023 Regulation E\n|rated|Tournament battle\n|rule|Species Clause: Limit one of each Pok\u00e9mon\n|rule|Item Clause: Limit one of each item\n|clearpoke\n|poke|p1|Ninetales-Alola, L50, F|\n|poke|p1|Baxcalibur, L50, M|\n|poke|p1|Arcanine-Hisui, L50, M|\n|poke|p1|Gholdengo, L50|\n|poke|p1|Rillaboom, L50, M|\n|poke|p1|Ogerpon-Wellspring, L50, F|\n|poke|p2|Goodra-Hisui, L50, M|\n|poke|p2|Flutter Mane, L50|\n|poke|p2|Ogerpon-Hearthflame, L50, F|\n|poke|p2|Rillaboom, L50, M|\n|poke|p2|Urshifu-*, L50, M|\n|poke|p2|Grimmsnarl, L50, M|\n|teampreview|4\nKemils has agreed to open team sheets.\n|j| ale cog\n|c|\u2606christianfinity|How many more games of this\n|c|\u2606christianfinity|tournament\n|j| TheRealMyan\n|c| ale cog|this is finals\n|c|\u2606Kemils|this is finals\n|c|\u2606christianfinity|Oh cool\nchristianfinity has agreed to open team sheets.\n|showteam|p1|Ninetales-Alola||LightClay|SnowWarning|AuroraVeil,IcyWind,Moonblast,Encore|||F|||50|,,,,,Ghost]Baxcalibur||ClearAmulet|IceBody|DragonDance,IcicleCrash,HighHorsepower,Protect|||M|||50|,,,,,Poison]Arcanine-Hisui||ChoiceBand|Intimidate|FlareBlitz,RockSlide,ExtremeSpeed,TeraBlast|||M|||50|,,,,,Fairy]Gholdengo||Leftovers|GoodasGold|NastyPlot,MakeItRain,ShadowBall,Protect||||||50|,,,,,Fairy]Rillaboom||AssaultVest|GrassySurge|FakeOut,GrassyGlide,DrumBeating,HighHorsepower|||M|||50|,,,,,Fire]Ogerpon-Wellspring||WellspringMask|WaterAbsorb|SwordsDance,IvyCudgel,HornLeech,SpikyShield|||F|||50|,,,,,Water\n|showteam|p2|Goodra-Hisui||Leftovers|ShellArmor|BodyPress,HeavySlam,Shelter,Protect|||M|||50|,,,,,Fairy]Flutter Mane||BoosterEnergy|Protosynthesis|Moonblast,IcyWind,ShadowBall,Protect||||||50|,,,,,Fairy]Ogerpon-Hearthflame||HearthflameMask|MoldBreaker|IvyCudgel,GrassyGlide,SwordsDance,SpikyShield|||F|||50|,,,,,Fire]Rillaboom||AssaultVest|GrassySurge|WoodHammer,GrassyGlide,HighHorsepower,FakeOut|||M|||50|,,,,,Fire]Urshifu-Rapid-Strike||ChoiceScarf|UnseenFist|SurgingStrikes,AquaJet,Uturn,CloseCombat|||M|||50|,,,,,Water]Grimmsnarl||LightClay|Prankster|SpiritBreak,ThunderWave,Reflect,LightScreen|||M|||50|,,,,,Ghost\n|j| Izzywooperstan\n|\n|t:|1699815463\n|start\n|switch|p1a: Serendipity|Ninetales-Alola, L50, F, shiny|100\/100\n|switch|p1b: Kodiak Arcanine|Arcanine-Hisui, L50, M, shiny|100\/100\n|switch|p2a: Goodra|Goodra-Hisui, L50, M|100\/100\n|switch|p2b: Grimmsnarl|Grimmsnarl, L50, M|100\/100\n|-weather|Snow|[from] ability: Snow Warning|[of] p1a: Serendipity\n|-ability|p1b: Kodiak Arcanine|Intimidate|boost\n|-unboost|p2a: Goodra|atk|1\n|-unboost|p2b: Grimmsnarl|atk|1\n|turn|1\n|j| bolokya\n|\n|t:|1699815496\n|switch|p1a: 50 Cent|Gholdengo, L50, shiny|100\/100\n|switch|p2b: Urshifu|Urshifu-Rapid-Strike, L50, M|100\/100\n|move|p1b: Kodiak Arcanine|Flare Blitz|p2b: Urshifu\n|-resisted|p2b: Urshifu\n|-damage|p2b: Urshifu|62\/100\n|-damage|p1b: Kodiak Arcanine|90\/100|[from] Recoil\n|move|p2a: Goodra|Shelter|p2a: Goodra\n|-boost|p2a: Goodra|def|2\n|\n|-weather|Snow|[upkeep]\n|upkeep\n|turn|2\n|c|\u2606Kemils|they dont know about the kodiak arcanine\n|c|\u2606christianfinity|They don\u2019t\n|\n|t:|1699815541\n|switch|p1a: Vacuole|Ogerpon-Wellspring, L50, F|100\/100\n|switch|p1b: Serendipity|Ninetales-Alola, L50, F, shiny|100\/100\n|-terastallize|p2b: Urshifu|Water\n|move|p2b: Urshifu|Surging Strikes|p1a: Vacuole\n|-immune|p1a: Vacuole|[from] ability: Water Absorb\n|move|p2a: Goodra|Shelter|p2a: Goodra\n|-boost|p2a: Goodra|def|2\n|\n|-weather|Snow|[upkeep]\n|upkeep\n|turn|3\n|\n|t:|1699815569\n|move|p2b: Urshifu|Surging Strikes|p1b: Serendipity\n|-crit|p1b: Serendipity\n|-damage|p1b: Serendipity|77\/100\n|-crit|p1b: Serendipity\n|-damage|p1b: Serendipity|53\/100\n|-crit|p1b: Serendipity\n|-damage|p1b: Serendipity|30\/100\n|-hitcount|p1b: Serendipity|3\n|move|p1b: Serendipity|Encore|p2a: Goodra\n|-start|p2a: Goodra|Encore\n|move|p1a: Vacuole|Horn Leech|p2b: Urshifu\n|-supereffective|p2b: Urshifu\n|-damage|p2b: Urshifu|0 fnt\n|faint|p2b: Urshifu\n|move|p2a: Goodra|Shelter|p2a: Goodra\n|-boost|p2a: Goodra|def|2\n|\n|-weather|Snow|[upkeep]\n|upkeep\n|\n|t:|1699815585\n|switch|p2b: Grimmsnarl|Grimmsnarl, L50, M|100\/100\n|turn|4\n|\n|t:|1699815605\n|move|p2b: Grimmsnarl|Light Screen|p2b: Grimmsnarl\n|-sidestart|p2: Kemils|move: Light Screen\n|move|p1b: Serendipity|Moonblast|p2b: Grimmsnarl\n|-supereffective|p2b: Grimmsnarl\n|-damage|p2b: Grimmsnarl|65\/100\n|move|p1a: Vacuole|Ivy Cudgel|p2b: Grimmsnarl\n|-damage|p2b: Grimmsnarl|16\/100\n|move|p2a: Goodra|Shelter|p2a: Goodra\n|-boost|p2a: Goodra|def|0\n|\n|-weather|Snow|[upkeep]\n|upkeep\n|turn|5\n|\n|t:|1699815624\n|move|p2b: Grimmsnarl|Thunder Wave|p1a: Vacuole\n|-status|p1a: Vacuole|par\n|move|p1b: Serendipity|Aurora Veil|p1b: Serendipity\n|-sidestart|p1: christianfinity|move: Aurora Veil\n|move|p1a: Vacuole|Ivy Cudgel|p2b: Grimmsnarl\n|-damage|p2b: Grimmsnarl|0 fnt\n|faint|p2b: Grimmsnarl\n|move|p2a: Goodra|Shelter|p2a: Goodra\n|-boost|p2a: Goodra|def|0\n|\n|-weather|none\n|-end|p2a: Goodra|Encore\n|upkeep\n|\n|t:|1699815635\n|switch|p2b: Flutter Mane|Flutter Mane, L50|100\/100\n|-enditem|p2b: Flutter Mane|Booster Energy\n|-activate|p2b: Flutter Mane|ability: Protosynthesis|[fromitem]\n|-start|p2b: Flutter Mane|protosynthesisspe\n|turn|6\n|\n|t:|1699815651\n|-terastallize|p1a: Vacuole|Water\n|detailschange|p1a: Vacuole|Ogerpon-Wellspring-Tera, L50, F, tera:Water\n|-ability|p1a: Vacuole|Embody Aspect (Wellspring)|boost\n|-boost|p1a: Vacuole|spd|1\n|move|p2b: Flutter Mane|Moonblast|p1b: Serendipity\n|-damage|p1b: Serendipity|0 fnt\n|faint|p1b: Serendipity\n|cant|p1a: Vacuole|par\n|move|p2a: Goodra|Body Press|p1a: Vacuole\n|-damage|p1a: Vacuole|26\/100 par\n|\n|upkeep\n|\n|t:|1699815666\n|switch|p1b: Kodiak Arcanine|Arcanine-Hisui, L50, M, shiny|90\/100\n|-ability|p1b: Kodiak Arcanine|Intimidate|boost\n|-unboost|p2a: Goodra|atk|1\n|-unboost|p2b: Flutter Mane|atk|1\n|turn|7\n|\n|t:|1699815683\n|move|p2b: Flutter Mane|Protect|p2b: Flutter Mane\n|-singleturn|p2b: Flutter Mane|Protect\n|move|p1a: Vacuole|Spiky Shield|p1a: Vacuole\n|-singleturn|p1a: Vacuole|move: Protect\n|move|p1b: Kodiak Arcanine|Flare Blitz|p2b: Flutter Mane\n|-activate|p2b: Flutter Mane|move: Protect\n|move|p2a: Goodra|Body Press|p1a: Vacuole\n|-activate|p1a: Vacuole|move: Protect\n|-damage|p2a: Goodra|88\/100|[from] Spiky Shield|[of] p1a: Vacuole\n|\n|-heal|p2a: Goodra|94\/100|[from] item: Leftovers\n|upkeep\n|turn|8\n|\n|t:|1699815705\n|move|p2b: Flutter Mane|Icy Wind|p1a: Vacuole|[spread] p1a,p1b\n|-resisted|p1a: Vacuole\n|-resisted|p1b: Kodiak Arcanine\n|-damage|p1a: Vacuole|23\/100 par\n|-damage|p1b: Kodiak Arcanine|85\/100\n|-unboost|p1a: Vacuole|spe|1\n|-unboost|p1b: Kodiak Arcanine|spe|1\n|move|p1b: Kodiak Arcanine|Flare Blitz|p2b: Flutter Mane\n|-damage|p2b: Flutter Mane|0 fnt\n|faint|p2b: Flutter Mane\n|-end|p2b: Flutter Mane|Protosynthesis|[silent]\n|-damage|p1b: Kodiak Arcanine|62\/100|[from] Recoil\n|move|p2a: Goodra|Body Press|p1b: Kodiak Arcanine\n|-supereffective|p1b: Kodiak Arcanine\n|-damage|p1b: Kodiak Arcanine|0 fnt\n|faint|p1b: Kodiak Arcanine\n|cant|p1a: Vacuole|par\n|\n|-heal|p2a: Goodra|99\/100|[from] item: Leftovers\n|upkeep\n|\n|t:|1699815713\n|switch|p1b: 50 Cent|Gholdengo, L50, shiny|100\/100\n|turn|9\n|\n|t:|1699815723\n|move|p1a: Vacuole|Spiky Shield|p1a: Vacuole\n|-singleturn|p1a: Vacuole|move: Protect\n|move|p1b: 50 Cent|Nasty Plot|p1b: 50 Cent\n|-boost|p1b: 50 Cent|spa|2\n|move|p2a: Goodra|Heavy Slam|p1b: 50 Cent\n|-resisted|p1b: 50 Cent\n|-damage|p1b: 50 Cent|94\/100\n|\n|-heal|p1b: 50 Cent|99\/100|[from] item: Leftovers\n|-heal|p2a: Goodra|100\/100|[from] item: Leftovers\n|upkeep\n|turn|10\n|\n|t:|1699815734\n|move|p1b: 50 Cent|Nasty Plot|p1b: 50 Cent\n|-boost|p1b: 50 Cent|spa|2\n|move|p2a: Goodra|Heavy Slam|p1b: 50 Cent\n|-resisted|p1b: 50 Cent\n|-damage|p1b: 50 Cent|94\/100\n|move|p1a: Vacuole|Horn Leech|p2a: Goodra\n|-resisted|p2a: Goodra\n|-damage|p2a: Goodra|99\/100\n|-heal|p1a: Vacuole|24\/100 par|[from] drain|[of] p2a: Goodra\n|\n|-heal|p1b: 50 Cent|99\/100|[from] item: Leftovers\n|-heal|p2a: Goodra|100\/100|[from] item: Leftovers\n|upkeep\n|turn|11\n|c|\u2606Kemils|lets go goodra i believe\n|\n|t:|1699815747\n|move|p1b: 50 Cent|Nasty Plot|p1b: 50 Cent\n|-boost|p1b: 50 Cent|spa|2\n|move|p2a: Goodra|Heavy Slam|p1b: 50 Cent\n|-resisted|p1b: 50 Cent\n|-damage|p1b: 50 Cent|94\/100\n|cant|p1a: Vacuole|par\n|\n|-heal|p1b: 50 Cent|100\/100|[from] item: Leftovers\n|-sideend|p2: Kemils|move: Light Screen\n|upkeep\n|turn|12\n|\n|t:|1699815757\n|move|p1b: 50 Cent|Make It Rain|p2a: Goodra\n|-resisted|p2a: Goodra\n|-damage|p2a: Goodra|28\/100\n|-unboost|p1b: 50 Cent|spa|1\n|move|p2a: Goodra|Heavy Slam|p1b: 50 Cent\n|-resisted|p1b: 50 Cent\n|-damage|p1b: 50 Cent|94\/100\n|move|p1a: Vacuole|Horn Leech|p2a: Goodra\n|-resisted|p2a: Goodra\n|-damage|p2a: Goodra|27\/100\n|-heal|p1a: Vacuole|25\/100 par|[from] drain|[of] p2a: Goodra\n|\n|-heal|p1b: 50 Cent|99\/100|[from] item: Leftovers\n|-heal|p2a: Goodra|33\/100|[from] item: Leftovers\n|-sideend|p1: christianfinity|move: Aurora Veil\n|upkeep\n|turn|13\n|\n|t:|1699815774\n|move|p1b: 50 Cent|Shadow Ball|p2a: Goodra\n|-damage|p2a: Goodra|0 fnt\n|faint|p2a: Goodra\n|\n|win|christianfinity\n|c|&|\/uhtml prompt-christianfinity,christianfinity is ready for game 2!\n|c|&|\/uhtml prompt-kemils,Kemils is ready for game 2!\nBoth players are ready! Starting next match!\n|l| TheRealMyan\n|l| Izzywooperstan\n|j| AJD55\n|l| AJD55\n|l|\u2606Kemils\n|l| ale cog\n|l| bolokya\n|player|p1|christianfinity|youngathlete\n","uploadtime":1699817350,"views":10,"p1id":"christianfinity","p2id":"kemils","formatid":"gen9vgc2023regulatione","rating":0,"private":0,"password":""}