{"id":"gen9vgc2023regulatione-1997891084","p1":"Mohrius","p2":"xingshen","format":"[Gen 9] VGC 2023 Regulation E","log":"|j|\u2606Mohrius\n|j|\u2606xingshen\n|t:|1700864254\n|gametype|doubles\n|player|p1|Mohrius|2|1141\n|player|p2|xingshen|102|1201\n|teamsize|p1|6\n|teamsize|p2|6\n|gen|9\n|tier|[Gen 9] VGC 2023 Regulation E\n|rated|\n|rule|Species Clause: Limit one of each Pok\u00e9mon\n|rule|Item Clause: Limit one of each item\n|clearpoke\n|poke|p1|Ogerpon-Wellspring, L50, F|\n|poke|p1|Flutter Mane, L50|\n|poke|p1|Torkoal, L50, F|\n|poke|p1|Indeedee-F, L50, F|\n|poke|p1|Iron Hands, L50|\n|poke|p1|Roaring Moon, L50|\n|poke|p2|Dondozo, L50, F|\n|poke|p2|Dragapult, L50, F|\n|poke|p2|Urshifu-*, L50, M|\n|poke|p2|Amoonguss, L50, M|\n|poke|p2|Tatsugiri, L50, F|\n|poke|p2|Ogerpon-Cornerstone, L50, F|\n|teampreview|4\n|inactive|Battle timer is ON: inactive players will automatically lose when time's up. (requested by Mohrius)\n|inactive|xingshen has 60 seconds left.\n|\n|t:|1700864296\n|start\n|switch|p1a: Flutter Mane|Flutter Mane, L50|100\/100\n|switch|p1b: Roaring Moon|Roaring Moon, L50|100\/100\n|switch|p2a: Dondozo|Dondozo, L50, F|100\/100\n|switch|p2b: Ogerpon|Ogerpon-Cornerstone, L50, F|100\/100\n|-enditem|p1b: Roaring Moon|Booster Energy\n|-activate|p1b: Roaring Moon|ability: Protosynthesis|[fromitem]\n|-start|p1b: Roaring Moon|protosynthesisatk\n|turn|1\n|inactive|Mohrius has 30 seconds left.\n|\n|t:|1700864324\n|-terastallize|p1a: Flutter Mane|Fairy\n|move|p2b: Ogerpon|Spiky Shield|p2b: Ogerpon\n|-singleturn|p2b: Ogerpon|move: Protect\n|move|p2a: Dondozo|Protect|p2a: Dondozo\n|-singleturn|p2a: Dondozo|Protect\n|move|p1a: Flutter Mane|Moonblast|p2a: Dondozo\n|-activate|p2a: Dondozo|move: Protect\n|move|p1b: Roaring Moon|Tailwind|p1b: Roaring Moon\n|-sidestart|p1: Mohrius|move: Tailwind\n|\n|upkeep\n|turn|2\n|inactive|xingshen has 30 seconds left.\n|\n|t:|1700864352\n|switch|p2b: Tatsugiri|Tatsugiri, L50, F|100\/100\n|-activate|p2b: Tatsugiri|ability: Commander|[of] p2a: Dondozo\n|-boost|p2a: Dondozo|atk|2\n|-boost|p2a: Dondozo|spa|2\n|-boost|p2a: Dondozo|spe|2\n|-boost|p2a: Dondozo|def|2\n|-boost|p2a: Dondozo|spd|2\n|-terastallize|p2a: Dondozo|Fire\n|move|p1a: Flutter Mane|Moonblast|p2a: Dondozo\n|-resisted|p2a: Dondozo\n|-damage|p2a: Dondozo|74\/100\n|move|p1b: Roaring Moon|Knock Off|p2a: Dondozo\n|-damage|p2a: Dondozo|50\/100\n|-enditem|p2a: Dondozo|Weakness Policy|[from] move: Knock Off|[of] p1b: Roaring Moon\n|move|p2a: Dondozo|Wave Crash|p1a: Flutter Mane\n|-damage|p1a: Flutter Mane|0 fnt\n|faint|p1a: Flutter Mane\n|-end|p1a: Flutter Mane|Protosynthesis|[silent]\n|-damage|p2a: Dondozo|33\/100|[from] Recoil\n|\n|upkeep\n|\n|t:|1700864371\n|switch|p1a: Ogerpon|Ogerpon-Wellspring, L50, F|100\/100\n|turn|3\n|\n|t:|1700864383\n|move|p2a: Dondozo|Protect|p2a: Dondozo\n|-singleturn|p2a: Dondozo|Protect\n|move|p1b: Roaring Moon|Knock Off|p2a: Dondozo\n|-activate|p2a: Dondozo|move: Protect\n|move|p1a: Ogerpon|Horn Leech|p2a: Dondozo\n|-activate|p2a: Dondozo|move: Protect\n|\n|upkeep\n|turn|4\n|\n|t:|1700864400\n|move|p1b: Roaring Moon|Knock Off|p2a: Dondozo\n|-damage|p2a: Dondozo|16\/100\n|move|p1a: Ogerpon|Horn Leech|p2a: Dondozo\n|-resisted|p2a: Dondozo\n|-damage|p2a: Dondozo|11\/100\n|move|p2a: Dondozo|Earthquake|p1b: Roaring Moon|[spread] p1a,p1b\n|-miss|p2a: Dondozo|p2b: Tatsugiri\n|-resisted|p1a: Ogerpon\n|-damage|p1a: Ogerpon|83\/100\n|-damage|p1b: Roaring Moon|58\/100\n|\n|-sideend|p1: Mohrius|move: Tailwind\n|upkeep\n|turn|5\n|\n|t:|1700864417\n|move|p2a: Dondozo|Earthquake|p1a: Ogerpon|[spread] p1a,p1b\n|-miss|p2a: Dondozo|p2b: Tatsugiri\n|-resisted|p1a: Ogerpon\n|-damage|p1a: Ogerpon|66\/100\n|-damage|p1b: Roaring Moon|14\/100\n|move|p1b: Roaring Moon|Knock Off|p2a: Dondozo\n|-damage|p2a: Dondozo|0 fnt\n|faint|p2a: Dondozo\n|move|p1a: Ogerpon|Ivy Cudgel|p2b: Tatsugiri|[anim] Ivy Cudgel Water\n|-resisted|p2b: Tatsugiri\n|-damage|p2b: Tatsugiri|80\/100\n|\n|upkeep\n|\n|t:|1700864436\n|switch|p2a: Dragapult|Dragapult, L50, F|100\/100\n|turn|6\n|\n|t:|1700864455\n|move|p2a: Dragapult|Draco Meteor|p1a: Ogerpon\n|-damage|p1a: Ogerpon|11\/100\n|-unboost|p2a: Dragapult|spa|2\n|move|p2b: Tatsugiri|Icy Wind|p1a: Ogerpon|[spread] p1a,p1b\n|-supereffective|p1b: Roaring Moon\n|-damage|p1a: Ogerpon|0 fnt\n|-damage|p1b: Roaring Moon|0 fnt\n|faint|p1a: Ogerpon\n|faint|p1b: Roaring Moon\n|-end|p1b: Roaring Moon|Protosynthesis|[silent]\n|\n|upkeep\n|-message|Mohrius forfeited.\n|\n|win|xingshen\n|raw|Mohrius's rating: 1141 &rarr; <strong>1120<\/strong><br \/>(-21 for losing)\n|raw|xingshen's rating: 1201 &rarr; <strong>1222<\/strong><br \/>(+21 for winning)\n|l|\u2606Mohrius\n","uploadtime":1700864475,"views":4,"p1id":"mohrius","p2id":"xingshen","formatid":"gen9vgc2023regulatione","rating":1120,"private":0,"password":""}