{"id":"gen9vgc2023regulatione-1999172887","p1":"itsamoongus","p2":"HeffNastyy","format":"[Gen 9] VGC 2023 Regulation E","log":"|j|\u2606itsamoongus\n|j|\u2606HeffNastyy\n|t:|1701041279\n|gametype|doubles\n|player|p1|itsamoongus|170|1317\n|player|p2|HeffNastyy|lance|1400\n|teamsize|p1|6\n|teamsize|p2|6\n|gen|9\n|tier|[Gen 9] VGC 2023 Regulation E\n|rated|\n|rule|Species Clause: Limit one of each Pok\u00e9mon\n|rule|Item Clause: Limit one of each item\n|clearpoke\n|poke|p1|Dragonite, L50, F|\n|poke|p1|Chien-Pao, L50|\n|poke|p1|Flutter Mane, L50|\n|poke|p1|Tornadus, L50, M|\n|poke|p1|Sinistcha-Masterpiece, L50|\n|poke|p1|Landorus, L50, M|\n|poke|p2|Roaring Moon, L50|\n|poke|p2|Arcanine-Hisui, L50, M|\n|poke|p2|Gholdengo, L50|\n|poke|p2|Tornadus, L50, M|\n|poke|p2|Urshifu-*, L50, F|\n|poke|p2|Rillaboom, L50, F|\n|teampreview|4\n|inactive|Battle timer is ON: inactive players will automatically lose when time's up. (requested by itsamoongus)\nitsamoongus rejected open team sheets.\n|inactive|HeffNastyy has 60 seconds left.\n|\n|t:|1701041332\n|start\n|switch|p1a: Tornadus|Tornadus, L50, M|100\/100\n|switch|p1b: Landorus|Landorus, L50, M|100\/100\n|switch|p2a: Tornadus|Tornadus, L50, M|100\/100\n|switch|p2b: Urshifu|Urshifu-Rapid-Strike, L50, F|100\/100\n|turn|1\n|j| negator13\n|l| negator13\n|\n|t:|1701041356\n|-terastallize|p2b: Urshifu|Water\n|-terastallize|p1b: Landorus|Flying\n|move|p1a: Tornadus|Sunny Day|p1a: Tornadus\n|-weather|SunnyDay\n|move|p2a: Tornadus|Tailwind|p2a: Tornadus\n|-sidestart|p2: HeffNastyy|move: Tailwind\n|move|p2b: Urshifu|Surging Strikes|p1a: Tornadus\n|-crit|p1a: Tornadus\n|-damage|p1a: Tornadus|77\/100\n|-crit|p1a: Tornadus\n|-damage|p1a: Tornadus|54\/100\n|-crit|p1a: Tornadus\n|-damage|p1a: Tornadus|33\/100\n|-hitcount|p1a: Tornadus|3\n|move|p1b: Landorus|Tera Blast|p2b: Urshifu|[anim] Tera Blast Flying\n|-damage|p2b: Urshifu|7\/100\n|-damage|p1b: Landorus|91\/100|[from] item: Life Orb\n|\n|-weather|SunnyDay|[upkeep]\n|upkeep\n|turn|2\n|\n|t:|1701041374\n|move|p2a: Tornadus|Rain Dance|p2a: Tornadus\n|-weather|RainDance\n|move|p1a: Tornadus|Tailwind|p1a: Tornadus\n|-sidestart|p1: itsamoongus|move: Tailwind\n|move|p2b: Urshifu|Surging Strikes|p1b: Landorus\n|-crit|p1b: Landorus\n|-damage|p1b: Landorus|39\/100\n|-crit|p1b: Landorus\n|-damage|p1b: Landorus|0 fnt\n|faint|p1b: Landorus\n|-hitcount|p1: Landorus|2\n|\n|-weather|RainDance|[upkeep]\n|upkeep\n|\n|t:|1701041380\n|switch|p1b: Dragonite|Dragonite, L50, F|100\/100\n|turn|3\n|\n|t:|1701041400\n|switch|p2b: Arcanine|Arcanine-Hisui, L50, M|100\/100\n|-ability|p2b: Arcanine|Intimidate|boost\n|-unboost|p1a: Tornadus|atk|1\n|-fail|p1b: Dragonite|unboost|Attack|[from] ability: Inner Focus|[of] p1b: Dragonite\n|move|p1b: Dragonite|Extreme Speed|p2a: Tornadus\n|-damage|p2a: Tornadus|56\/100\n|move|p1a: Tornadus|Bleakwind Storm|p2a: Tornadus|[spread] p2a,p2b\n|-resisted|p2b: Arcanine\n|-damage|p2a: Tornadus|13\/100\n|-damage|p2b: Arcanine|79\/100\n|-unboost|p2b: Arcanine|spe|1\n|move|p2a: Tornadus|Bleakwind Storm|p1a: Tornadus|[spread] p1a,p1b\n|-damage|p1a: Tornadus|0 fnt\n|-damage|p1b: Dragonite|71\/100\n|faint|p1a: Tornadus\n|\n|-weather|RainDance|[upkeep]\n|upkeep\n|\n|t:|1701041413\n|switch|p1a: Chien-Pao|Chien-Pao, L50|100\/100\n|-ability|p1a: Chien-Pao|Sword of Ruin\n|turn|4\n|\n|t:|1701041436\n|move|p1b: Dragonite|Extreme Speed|p2b: Arcanine\n|-resisted|p2b: Arcanine\n|-damage|p2b: Arcanine|41\/100\n|move|p2b: Arcanine|Extreme Speed|p1a: Chien-Pao\n|-damage|p1a: Chien-Pao|49\/100\n|move|p1a: Chien-Pao|Sacred Sword|p2b: Arcanine\n|-supereffective|p2b: Arcanine\n|-damage|p2b: Arcanine|0 fnt\n|faint|p2b: Arcanine\n|move|p2a: Tornadus|Bleakwind Storm|p1b: Dragonite|[spread] p1a,p1b\n|-damage|p1a: Chien-Pao|0 fnt\n|-damage|p1b: Dragonite|44\/100\n|faint|p1a: Chien-Pao\n|\n|-weather|RainDance|[upkeep]\n|-sideend|p2: HeffNastyy|move: Tailwind\n|upkeep\n|\n|t:|1701041451\n|switch|p2b: Urshifu|Urshifu-Rapid-Strike, L50, F, tera:Water|7\/100\n|turn|5\n|\n|t:|1701041469\n|move|p1b: Dragonite|Extreme Speed|p2b: Urshifu\n|-damage|p2b: Urshifu|0 fnt\n|faint|p2b: Urshifu\n|move|p2a: Tornadus|Bleakwind Storm|p1b: Dragonite\n|-damage|p1b: Dragonite|6\/100\n|\n|-weather|RainDance|[upkeep]\n|-sideend|p1: itsamoongus|move: Tailwind\n|upkeep\n|\n|t:|1701041476\n|switch|p2b: Roaring Moon|Roaring Moon, L50|100\/100\n|-enditem|p2b: Roaring Moon|Booster Energy\n|-activate|p2b: Roaring Moon|ability: Protosynthesis|[fromitem]\n|-start|p2b: Roaring Moon|protosynthesisatk\n|turn|6\n|\n|t:|1701041483\n|move|p1b: Dragonite|Extreme Speed|p2b: Roaring Moon\n|-damage|p2b: Roaring Moon|54\/100\n|move|p2b: Roaring Moon|Acrobatics|p1b: Dragonite\n|-damage|p1b: Dragonite|0 fnt\n|faint|p1b: Dragonite\n|\n|win|HeffNastyy\n|raw|itsamoongus's rating: 1336 &rarr; <strong>1320<\/strong><br \/>(-16 for losing)\n|raw|HeffNastyy's rating: 1400 &rarr; <strong>1416<\/strong><br \/>(+16 for winning)\n|l|\u2606itsamoongus\n|l|\u2606HeffNastyy\n","uploadtime":1701041508,"views":8,"p1id":"itsamoongus","p2id":"heffnastyy","formatid":"gen9vgc2023regulatione","rating":1320,"private":0,"password":""}