{"id":"gen9vgc2023regulatione-1988434819","p1":"yohjek","p2":"TizioBoh","format":"[Gen 9] VGC 2023 Regulation E","log":"|j|\u2606yohjek\n|j|\u2606TizioBoh\n|t:|1699722597\n|gametype|doubles\n|player|p1|yohjek|guitarist-gen4|1171\n|player|p2|TizioBoh|2|1195\n|teamsize|p1|6\n|teamsize|p2|6\n|gen|9\n|tier|[Gen 9] VGC 2023 Regulation E\n|rated|\n|rule|Species Clause: Limit one of each Pok\u00e9mon\n|rule|Item Clause: Limit one of each item\n|clearpoke\n|poke|p1|Ninetales-Alola, L50, M|\n|poke|p1|Baxcalibur, L50, M|\n|poke|p1|Rotom-Wash, L50|\n|poke|p1|Iron Hands, L50|\n|poke|p1|Landorus-Therian, L50, M|\n|poke|p1|Volcarona, L50, F|\n|poke|p2|Ursaluna, L50, F|\n|poke|p2|Cresselia, L50, F|\n|poke|p2|Iron Hands, L50|\n|poke|p2|Dragonite, L50, F|\n|poke|p2|Flutter Mane, L50|\n|poke|p2|Urshifu-*, L50, M|\n|teampreview|4\nTizioBoh has agreed to open team sheets.\n|\n|t:|1699722656\n|start\n|switch|p1a: Baxcalibur|Baxcalibur, L50, M|100\/100\n|switch|p1b: Iron Hands|Iron Hands, L50|100\/100\n|switch|p2a: Dragonite|Dragonite, L50, F|100\/100\n|switch|p2b: Iron Hands|Iron Hands, L50|100\/100\n|turn|1\n|inactive|Battle timer is ON: inactive players will automatically lose when time's up. (requested by yohjek)\n|inactive|TizioBoh has 60 seconds left.\n|\n|t:|1699722717\n|-terastallize|p2a: Dragonite|Flying\n|move|p1a: Baxcalibur|Protect|p1a: Baxcalibur\n|-singleturn|p1a: Baxcalibur|Protect\n|move|p1b: Iron Hands|Fake Out|p2b: Iron Hands\n|-damage|p2b: Iron Hands|92\/100\n|cant|p2b: Iron Hands|flinch\n|move|p2a: Dragonite|Ice Spinner|p1a: Baxcalibur\n|-activate|p1a: Baxcalibur|move: Protect\n|\n|upkeep\n|turn|2\n|inactive|yohjek has 30 seconds left.\n|inactive|TizioBoh has 30 seconds left.\n|\n|t:|1699722749\n|switch|p2a: Flutter Mane|Flutter Mane, L50|100\/100\n|-enditem|p2a: Flutter Mane|Booster Energy\n|-activate|p2a: Flutter Mane|ability: Protosynthesis|[fromitem]\n|-start|p2a: Flutter Mane|protosynthesisspe\n|-terastallize|p1a: Baxcalibur|Water\n|move|p1a: Baxcalibur|Swords Dance|p1a: Baxcalibur\n|-boost|p1a: Baxcalibur|atk|2\n|move|p1b: Iron Hands|Wild Charge|p2a: Flutter Mane\n|-damage|p2a: Flutter Mane|21\/100\n|-damage|p1b: Iron Hands|88\/100|[from] Recoil\n|move|p2b: Iron Hands|Drain Punch|p1a: Baxcalibur\n|-damage|p1a: Baxcalibur|63\/100\n|-heal|p2b: Iron Hands|100\/100|[from] drain|[of] p1a: Baxcalibur\n|\n|upkeep\n|turn|3\n|inactive|TizioBoh has 30 seconds left.\n|inactive|TizioBoh has 20 seconds left.\n|\n|t:|1699722786\n|-end|p1b: Iron Hands|Quark Drive|[silent]\n|switch|p1b: Rotom|Rotom-Wash, L50|100\/100\n|move|p1a: Baxcalibur|Protect|p1a: Baxcalibur\n|-singleturn|p1a: Baxcalibur|Protect\n|move|p2a: Flutter Mane|Moonblast|p1b: Rotom\n|-crit|p1b: Rotom\n|-damage|p1b: Rotom|4\/100\n|move|p2b: Iron Hands|Wild Charge|p1a: Baxcalibur\n|-activate|p1a: Baxcalibur|move: Protect\n|\n|-heal|p1b: Rotom|10\/100|[from] item: Leftovers\n|upkeep\n|turn|4\n|\n|t:|1699722807\n|move|p1a: Baxcalibur|Ice Shard|p2a: Flutter Mane\n|-damage|p2a: Flutter Mane|0 fnt\n|faint|p2a: Flutter Mane\n|-end|p2a: Flutter Mane|Protosynthesis|[silent]\n|-damage|p1a: Baxcalibur|54\/100|[from] item: Life Orb\n|move|p1b: Rotom|Will-O-Wisp|p2b: Iron Hands\n|-status|p2b: Iron Hands|brn\n|move|p2b: Iron Hands|Wild Charge|p1a: Baxcalibur\n|-supereffective|p1a: Baxcalibur\n|-damage|p1a: Baxcalibur|6\/100\n|-damage|p2b: Iron Hands|91\/100 brn|[from] Recoil\n|\n|-heal|p1b: Rotom|16\/100|[from] item: Leftovers\n|-damage|p2b: Iron Hands|85\/100 brn|[from] brn\n|upkeep\n|\n|t:|1699722823\n|switch|p2a: Urshifu|Urshifu, L50, M|100\/100\n|turn|5\n|\n|t:|1699722842\n|move|p1a: Baxcalibur|Ice Shard|p2a: Urshifu\n|-damage|p2a: Urshifu|38\/100\n|-damage|p1a: Baxcalibur|0 fnt|[from] item: Life Orb\n|faint|p1a: Baxcalibur\n|move|p2a: Urshifu|Wicked Blow|p1b: Rotom\n|-crit|p1b: Rotom\n|-damage|p1b: Rotom|0 fnt\n|faint|p1b: Rotom\n|move|p2b: Iron Hands|Wild Charge|p1: Baxcalibur|[notarget]\n|-fail|p2b: Iron Hands\n|\n|-damage|p2b: Iron Hands|79\/100 brn|[from] brn\n|upkeep\n|\n|t:|1699722850\n|switch|p1b: Ninetales|Ninetales-Alola, L50, M, shiny|100\/100\n|switch|p1a: Iron Hands|Iron Hands, L50|88\/100\n|-weather|Snow|[from] ability: Snow Warning|[of] p1b: Ninetales\n|turn|6\n|inactive|TizioBoh has 30 seconds left.\n|\n|t:|1699722878\n|move|p2a: Urshifu|Protect|p2a: Urshifu\n|-singleturn|p2a: Urshifu|Protect\n|move|p1a: Iron Hands|Fake Out|p2b: Iron Hands\n|-damage|p2b: Iron Hands|68\/100 brn\n|move|p1b: Ninetales|Aurora Veil|p1b: Ninetales\n|-sidestart|p1: yohjek|move: Aurora Veil\n|cant|p2b: Iron Hands|flinch\n|\n|-weather|Snow|[upkeep]\n|-damage|p2b: Iron Hands|62\/100 brn|[from] brn\n|upkeep\n|turn|7\n|\n|t:|1699722901\n|move|p1b: Ninetales|Moonblast|p2b: Iron Hands\n|-supereffective|p2b: Iron Hands\n|-damage|p2b: Iron Hands|25\/100 brn\n|-unboost|p2b: Iron Hands|spa|1\n|move|p2a: Urshifu|Wicked Blow|p1b: Ninetales\n|-resisted|p1b: Ninetales\n|-crit|p1b: Ninetales\n|-damage|p1b: Ninetales|68\/100\n|move|p1a: Iron Hands|Drain Punch|p2b: Iron Hands\n|-crit|p2b: Iron Hands\n|-damage|p2b: Iron Hands|0 fnt\n|-heal|p1a: Iron Hands|100\/100|[from] drain|[of] p2b: Iron Hands\n|faint|p2b: Iron Hands\n|-end|p2b: Iron Hands|Quark Drive|[silent]\n|\n|-weather|Snow|[upkeep]\n|upkeep\n|\n|t:|1699722910\n|switch|p2b: Dragonite|Dragonite, L50, F, tera:Flying|100\/100\n|turn|8\n|\n|t:|1699722932\n|move|p2a: Urshifu|Sucker Punch|p1b: Ninetales\n|-resisted|p1b: Ninetales\n|-damage|p1b: Ninetales|53\/100\n|move|p1b: Ninetales|Icy Wind|p2a: Urshifu|[spread] p2a,p2b\n|-supereffective|p2b: Dragonite\n|-damage|p2a: Urshifu|12\/100\n|-damage|p2b: Dragonite|68\/100\n|-unboost|p2a: Urshifu|spe|1\n|-unboost|p2b: Dragonite|spe|1\n|move|p2b: Dragonite|Tera Blast|p1b: Ninetales|[anim] Tera Blast Flying\n|-damage|p1b: Ninetales|0 fnt\n|faint|p1b: Ninetales\n|move|p1a: Iron Hands|Drain Punch|p2a: Urshifu\n|-supereffective|p2a: Urshifu\n|-damage|p2a: Urshifu|0 fnt\n|faint|p2a: Urshifu\n|\n|-weather|Snow|[upkeep]\n|upkeep\n|turn|9\n|\n|t:|1699722948\n|move|p2b: Dragonite|Tera Blast|p1a: Iron Hands|[anim] Tera Blast Flying\n|-damage|p1a: Iron Hands|62\/100\n|move|p1a: Iron Hands|Wild Charge|p2b: Dragonite\n|-supereffective|p2b: Dragonite\n|-damage|p2b: Dragonite|0 fnt\n|faint|p2b: Dragonite\n|-damage|p1a: Iron Hands|50\/100|[from] Recoil\n|\n|win|yohjek\n|raw|yohjek's rating: 1171 &rarr; <strong>1198<\/strong><br \/>(+27 for winning)\n|raw|TizioBoh's rating: 1195 &rarr; <strong>1168<\/strong><br \/>(-27 for losing)\n|c|\u2606TizioBoh|gg\n|l|\u2606yohjek\n","uploadtime":1699722965,"views":13,"p1id":"yohjek","p2id":"tizioboh","formatid":"gen9vgc2023regulatione","rating":1168,"private":0,"password":""}