{"id":"gen9vgc2023regulatione-1996092393","p1":"not rilla","p2":"jungle211","format":"[Gen 9] VGC 2023 Regulation E","log":"|j|\u2606not rilla\n|j|\u2606jungle211\n|t:|1700642832\n|gametype|doubles\n|player|p1|not rilla|blue|1146\n|player|p2|jungle211|koga|1248\n|teamsize|p1|6\n|teamsize|p2|6\n|gen|9\n|tier|[Gen 9] VGC 2023 Regulation E\n|rated|\n|rule|Species Clause: Limit one of each Pok\u00e9mon\n|rule|Item Clause: Limit one of each item\n|clearpoke\n|poke|p1|Chien-Pao, L50|\n|poke|p1|Arcanine-Hisui, L50, M|\n|poke|p1|Rillaboom, L50, F|\n|poke|p1|Urshifu-*, L50, M|\n|poke|p1|Tornadus, L50, M|\n|poke|p1|Milotic, L50, F|\n|poke|p2|Chi-Yu, L50|\n|poke|p2|Ogerpon-Wellspring, L50, F|\n|poke|p2|Orthworm, L50, M|\n|poke|p2|Ursaluna, L50, F|\n|poke|p2|Indeedee-F, L50, F|\n|poke|p2|Zapdos, L50|\n|teampreview|4\n|\n|t:|1700642875\n|start\n|switch|p1a: Chien-Pao|Chien-Pao, L50|100\/100\n|switch|p1b: Arcanine|Arcanine-Hisui, L50, M|100\/100\n|switch|p2a: Ogerpon|Ogerpon-Wellspring, L50, F|100\/100\n|switch|p2b: Indeedee|Indeedee-F, L50, F|100\/100\n|-ability|p1a: Chien-Pao|Sword of Ruin\n|-ability|p1b: Arcanine|Intimidate|boost\n|-unboost|p2a: Ogerpon|atk|1\n|-unboost|p2b: Indeedee|atk|1\n|-fieldstart|move: Psychic Terrain|[from] ability: Psychic Surge|[of] p2b: Indeedee\n|turn|1\n|\n|t:|1700642891\n|move|p2a: Ogerpon|Follow Me|p2a: Ogerpon\n|-singleturn|p2a: Ogerpon|move: Follow Me\n|move|p1a: Chien-Pao|Taunt|p2a: Ogerpon\n|-start|p2a: Ogerpon|move: Taunt\n|move|p1b: Arcanine|Rock Slide|p2b: Indeedee|[spread] p2a,p2b\n|-damage|p2a: Ogerpon|34\/100\n|-damage|p2b: Indeedee|28\/100\n|cant|p2b: Indeedee|flinch\n|\n|upkeep\n|turn|2\n|\n|t:|1700642911\n|switch|p2a: Ursaluna|Ursaluna, L50, F, shiny|100\/100\n|-terastallize|p1b: Arcanine|Psychic\n|move|p2b: Indeedee|Follow Me|p2b: Indeedee\n|-singleturn|p2b: Indeedee|move: Follow Me\n|move|p1a: Chien-Pao|Taunt|p2b: Indeedee\n|-start|p2b: Indeedee|move: Taunt\n|move|p1b: Arcanine|Rock Slide|p2b: Indeedee|[spread] p2a\n|-miss|p1b: Arcanine|p2b: Indeedee\n|-resisted|p2a: Ursaluna\n|-damage|p2a: Ursaluna|77\/100\n|\n|-status|p2a: Ursaluna|brn|[from] item: Flame Orb\n|upkeep\n|turn|3\n|\n|t:|1700642927\n|switch|p2b: Orthworm|Orthworm, L50, M|100\/100\n|move|p1a: Chien-Pao|Icicle Crash|p2a: Ursaluna|[miss]\n|-miss|p1a: Chien-Pao|p2a: Ursaluna\n|move|p1b: Arcanine|Rock Slide|p2b: Orthworm|[spread] p2a,p2b\n|-resisted|p2a: Ursaluna\n|-resisted|p2b: Orthworm\n|-damage|p2a: Ursaluna|53\/100 brn\n|-damage|p2b: Orthworm|80\/100\n|move|p2a: Ursaluna|Earthquake|p1a: Chien-Pao|[spread] p1a,p1b\n|-heal|p2b: Orthworm|100\/100|[from] ability: Earth Eater|[of] p2a: Ursaluna\n|-damage|p1a: Chien-Pao|10\/100\n|-damage|p1b: Arcanine|0 fnt\n|faint|p1b: Arcanine\n|\n|-damage|p2a: Ursaluna|47\/100 brn|[from] brn\n|upkeep\n|\n|t:|1700642944\n|switch|p1b: Rillaboom|Rillaboom, L50, F|100\/100\n|-fieldstart|move: Grassy Terrain|[from] ability: Grassy Surge|[of] p1b: Rillaboom\n|turn|4\n|\n|t:|1700642961\n|-terastallize|p2b: Orthworm|Fire\n|move|p1b: Rillaboom|Fake Out|p2b: Orthworm\n|-damage|p2b: Orthworm|87\/100\n|move|p1a: Chien-Pao|Icicle Crash|p2a: Ursaluna\n|-supereffective|p2a: Ursaluna\n|-damage|p2a: Ursaluna|0 fnt\n|faint|p2a: Ursaluna\n|cant|p2b: Orthworm|flinch\n|\n|-heal|p1a: Chien-Pao|16\/100|[from] Grassy Terrain\n|-heal|p2b: Orthworm|93\/100|[from] Grassy Terrain\n|-heal|p2b: Orthworm|99\/100|[from] item: Leftovers\n|upkeep\n|\n|t:|1700642975\n|switch|p2a: Indeedee|Indeedee-F, L50, F|28\/100\n|-fieldstart|move: Psychic Terrain|[from] ability: Psychic Surge|[of] p2a: Indeedee\n|turn|5\n|\n|t:|1700642999\n|move|p2a: Indeedee|Follow Me|p2a: Indeedee\n|-singleturn|p2a: Indeedee|move: Follow Me\n|move|p1a: Chien-Pao|Taunt|p2a: Indeedee\n|-start|p2a: Indeedee|move: Taunt\n|move|p1b: Rillaboom|Wood Hammer|p2a: Indeedee\n|-crit|p2a: Indeedee\n|-damage|p2a: Indeedee|0 fnt\n|-damage|p1b: Rillaboom|84\/100|[from] item: Rocky Helmet|[of] p2a: Indeedee\n|faint|p2a: Indeedee\n|-damage|p1b: Rillaboom|76\/100|[from] Recoil\n|move|p2b: Orthworm|Iron Defense|p2b: Orthworm\n|-boost|p2b: Orthworm|def|2\n|\n|-heal|p2b: Orthworm|100\/100|[from] item: Leftovers\n|upkeep\n|\n|t:|1700643002\n|switch|p2a: Ogerpon|Ogerpon-Wellspring, L50, F|34\/100\n|turn|6\n|\n|t:|1700643020\n|move|p1a: Chien-Pao|Protect|p1a: Chien-Pao\n|-singleturn|p1a: Chien-Pao|Protect\n|move|p2a: Ogerpon|Follow Me|p2a: Ogerpon\n|-singleturn|p2a: Ogerpon|move: Follow Me\n|move|p1b: Rillaboom|Wood Hammer|p2a: Ogerpon\n|-damage|p2a: Ogerpon|0 fnt\n|faint|p2a: Ogerpon\n|-damage|p1b: Rillaboom|66\/100|[from] Recoil\n|move|p2b: Orthworm|Iron Defense|p2b: Orthworm\n|-boost|p2b: Orthworm|def|2\n|\n|upkeep\n|turn|7\n|\n|t:|1700643042\n|switch|p1b: Urshifu|Urshifu-Rapid-Strike, L50, M|100\/100\n|move|p1a: Chien-Pao|Icicle Crash|p2b: Orthworm|[miss]\n|-miss|p1a: Chien-Pao|p2b: Orthworm\n|move|p2b: Orthworm|Body Press|p1b: Urshifu\n|-damage|p1b: Urshifu|0 fnt\n|faint|p1b: Urshifu\n|\n|upkeep\n|\n|t:|1700643051\n|switch|p1b: Rillaboom|Rillaboom, L50, F|66\/100\n|-fieldstart|move: Grassy Terrain|[from] ability: Grassy Surge|[of] p1b: Rillaboom\n|turn|8\n|-message|not rilla forfeited.\n|\n|win|jungle211\n|raw|not rilla's rating: 1146 &rarr; <strong>1128<\/strong><br \/>(-18 for losing)\n|raw|jungle211's rating: 1248 &rarr; <strong>1266<\/strong><br \/>(+18 for winning)\n|l|\u2606not rilla\n","uploadtime":1700643062,"views":11,"p1id":"notrilla","p2id":"jungle211","formatid":"gen9vgc2023regulatione","rating":1128,"private":0,"password":""}