{"id":"gen9vgc2023regulatione-2000557086","p1":"meesterkrebs","p2":"ceriii","format":"[Gen 9] VGC 2023 Regulation E","log":"|j|\u2606meesterkrebs\n|j|\u2606ceriii\n|t:|1701205079\n|gametype|doubles\n|player|p1|meesterkrebs|steven|1243\n|player|p2|ceriii|mars|1326\n|teamsize|p1|6\n|teamsize|p2|6\n|gen|9\n|tier|[Gen 9] VGC 2023 Regulation E\n|rated|\n|rule|Species Clause: Limit one of each Pok\u00e9mon\n|rule|Item Clause: Limit one of each item\n|clearpoke\n|poke|p1|Urshifu-*, L50, F|\n|poke|p1|Gholdengo, L50|\n|poke|p1|Arcanine, L50, F|\n|poke|p1|Rillaboom, L50, F|\n|poke|p1|Sableye, L50, F|\n|poke|p1|Iron Bundle, L50|\n|poke|p2|Kommo-o, L50, F|\n|poke|p2|Clefairy, L50, M|\n|poke|p2|Sinistcha, L50|\n|poke|p2|Moltres-Galar, L50|\n|poke|p2|Arcanine-Hisui, L50, M|\n|poke|p2|Ogerpon-Wellspring, L50, F|\n|teampreview|4\n|inactive|Battle timer is ON: inactive players will automatically lose when time's up. (requested by ceriii)\n|\n|t:|1701205133\n|start\n|switch|p1a: Sableye|Sableye, L50, F|100\/100\n|switch|p1b: Gholdengo|Gholdengo, L50|100\/100\n|switch|p2a: Kommo-o|Kommo-o, L50, F|100\/100\n|switch|p2b: Sinistcha|Sinistcha, L50|100\/100\n|turn|1\n|inactive|meesterkrebs has 30 seconds left.\n|inactive|ceriii has 30 seconds left.\n|inactive|ceriii has 20 seconds left.\n|inactive|meesterkrebs has 20 seconds left.\n|\n|t:|1701205176\n|move|p2a: Kommo-o|Protect|p2a: Kommo-o\n|-singleturn|p2a: Kommo-o|Protect\n|move|p1a: Sableye|Will-O-Wisp|p2b: Sinistcha\n|-status|p2b: Sinistcha|brn\n|move|p1b: Gholdengo|Dazzling Gleam|p2b: Sinistcha|[spread] p2b\n|-activate|p2a: Kommo-o|move: Protect\n|-crit|p2b: Sinistcha\n|-damage|p2b: Sinistcha|74\/100 brn\n|move|p2b: Sinistcha|Matcha Gotcha|p1a: Sableye|[spread] p1a,p1b\n|-resisted|p1b: Gholdengo\n|-damage|p1a: Sableye|73\/100\n|-heal|p2b: Sinistcha|90\/100 brn|[from] drain|[of] p1a: Sableye\n|-damage|p1b: Gholdengo|89\/100\n|-heal|p2b: Sinistcha|99\/100 brn|[from] drain|[of] p1b: Gholdengo\n|-status|p1b: Gholdengo|brn\n|\n|-heal|p1b: Gholdengo|95\/100 brn|[from] item: Leftovers\n|-damage|p1b: Gholdengo|89\/100 brn|[from] brn\n|-damage|p2b: Sinistcha|93\/100 brn|[from] brn\n|upkeep\n|turn|2\n|inactive|meesterkrebs has 30 seconds left.\n|inactive|ceriii has 30 seconds left.\n|inactive|ceriii has 20 seconds left.\n|\n|t:|1701205214\n|switch|p2a: Arcanine|Arcanine-Hisui, L50, M|100\/100\n|-ability|p2a: Arcanine|Intimidate|boost\n|-unboost|p1a: Sableye|atk|1\n|-unboost|p1b: Gholdengo|atk|1\n|move|p1a: Sableye|Encore||[still]\n|-fail|p1a: Sableye\n|move|p1b: Gholdengo|Nasty Plot|p1b: Gholdengo\n|-boost|p1b: Gholdengo|spa|2\n|move|p2b: Sinistcha|Matcha Gotcha|p1b: Gholdengo|[spread] p1b\n|-miss|p2b: Sinistcha|p1a: Sableye\n|-resisted|p1b: Gholdengo\n|-damage|p1b: Gholdengo|78\/100 brn\n|-heal|p2b: Sinistcha|100\/100 brn|[from] drain|[of] p1b: Gholdengo\n|\n|-heal|p1b: Gholdengo|84\/100 brn|[from] item: Leftovers\n|-damage|p1b: Gholdengo|78\/100 brn|[from] brn\n|-damage|p2b: Sinistcha|94\/100 brn|[from] brn\n|upkeep\n|turn|3\n|inactive|meesterkrebs has 30 seconds left.\n|inactive|meesterkrebs has 20 seconds left.\n|\n|t:|1701205254\n|move|p1b: Gholdengo|Protect|p1b: Gholdengo\n|-singleturn|p1b: Gholdengo|Protect\n|move|p2b: Sinistcha|Rage Powder|p2b: Sinistcha\n|-singleturn|p2b: Sinistcha|move: Rage Powder\n|move|p1a: Sableye|Skill Swap|p2b: Sinistcha\n|-activate|p1a: Sableye|move: Skill Swap|Hospitality|Prankster|[of] p2b: Sinistcha\n|-heal|p1b: Gholdengo|100\/100 brn|[from] ability: Hospitality|[of] p1a: Sableye\n|move|p2a: Arcanine|Flare Blitz|p1b: Gholdengo\n|-activate|p1b: Gholdengo|move: Protect\n|\n|-damage|p1b: Gholdengo|94\/100 brn|[from] brn\n|-damage|p2b: Sinistcha|88\/100 brn|[from] brn\n|upkeep\n|turn|4\n|inactive|meesterkrebs has 30 seconds left.\n|inactive|ceriii has 30 seconds left.\n|\n|t:|1701205288\n|switch|p1a: Rillaboom|Rillaboom, L50, F|100\/100\n|-fieldstart|move: Grassy Terrain|[from] ability: Grassy Surge|[of] p1a: Rillaboom\n|-terastallize|p1b: Gholdengo|Fairy\n|move|p2a: Arcanine|Flare Blitz|p1b: Gholdengo\n|-damage|p1b: Gholdengo|49\/100 brn\n|-damage|p2a: Arcanine|86\/100|[from] Recoil\n|move|p1b: Gholdengo|Make It Rain|p2b: Sinistcha|[spread] p2a,p2b\n|-damage|p2a: Arcanine|0 fnt\n|-damage|p2b: Sinistcha|14\/100 brn\n|-unboost|p1b: Gholdengo|spa|1\n|faint|p2a: Arcanine\n|move|p2b: Sinistcha|Matcha Gotcha|p1a: Rillaboom|[spread] p1a,p1b\n|-resisted|p1a: Rillaboom\n|-damage|p1a: Rillaboom|89\/100\n|-heal|p2b: Sinistcha|23\/100 brn|[from] drain|[of] p1a: Rillaboom\n|-damage|p1b: Gholdengo|18\/100 brn\n|-heal|p2b: Sinistcha|45\/100 brn|[from] drain|[of] p1b: Gholdengo\n|\n|-heal|p1b: Gholdengo|24\/100 brn|[from] Grassy Terrain\n|-heal|p1b: Gholdengo|31\/100 brn|[from] item: Leftovers\n|-heal|p1a: Rillaboom|95\/100|[from] Grassy Terrain\n|-heal|p2b: Sinistcha|51\/100 brn|[from] Grassy Terrain\n|-damage|p1b: Gholdengo|24\/100 brn|[from] brn\n|-damage|p2b: Sinistcha|45\/100 brn|[from] brn\n|upkeep\n|l|\u2606meesterkrebs\n|inactive|meesterkrebs disconnected and has a minute to reconnect!\n|player|p1|\n|\n|t:|1701205313\n|switch|p2a: Kommo-o|Kommo-o, L50, F|100\/100\n|turn|5\n|inactive|meesterkrebs has 30 seconds left.\n|j|\u2606meesterkrebs\n|inactive|meesterkrebs reconnected and has 30 seconds left.\n|player|p1|meesterkrebs|steven\n|inactive|meesterkrebs has 20 seconds left.\n|inactive|meesterkrebs has 15 seconds left.\n|inactive|meesterkrebs has 10 seconds left.\n|\n|t:|1701205359\n|-terastallize|p2a: Kommo-o|Poison\n|move|p1a: Rillaboom|Fake Out|p2a: Kommo-o\n|-damage|p2a: Kommo-o|88\/100\n|move|p2b: Sinistcha|Strength Sap|p1a: Rillaboom\n|-unboost|p1a: Rillaboom|atk|1\n|-heal|p2b: Sinistcha|100\/100 brn\n|cant|p2a: Kommo-o|flinch\n|move|p1b: Gholdengo|Make It Rain|p2b: Sinistcha|[spread] p2a,p2b\n|-damage|p2a: Kommo-o|32\/100\n|-damage|p2b: Sinistcha|41\/100 brn\n|-unboost|p1b: Gholdengo|spa|1\n|\n|-heal|p2a: Kommo-o|38\/100|[from] Grassy Terrain\n|-heal|p1b: Gholdengo|31\/100 brn|[from] Grassy Terrain\n|-heal|p1b: Gholdengo|37\/100 brn|[from] item: Leftovers\n|-heal|p1a: Rillaboom|100\/100|[from] Grassy Terrain\n|-heal|p2b: Sinistcha|47\/100 brn|[from] Grassy Terrain\n|-damage|p1b: Gholdengo|31\/100 brn|[from] brn\n|-damage|p2b: Sinistcha|41\/100 brn|[from] brn\n|upkeep\n|turn|6\n|inactive|meesterkrebs has 30 seconds left.\n|\n|t:|1701205394\n|move|p1b: Gholdengo|Protect|p1b: Gholdengo\n|-singleturn|p1b: Gholdengo|Protect\n|move|p2b: Sinistcha|Strength Sap|p1a: Rillaboom\n|-unboost|p1a: Rillaboom|atk|1\n|-heal|p2b: Sinistcha|100\/100 brn\n|move|p2a: Kommo-o|Poison Jab|p1b: Gholdengo\n|-activate|p1b: Gholdengo|move: Protect\n|move|p1a: Rillaboom|High Horsepower|p2a: Kommo-o\n|-supereffective|p2a: Kommo-o\n|-damage|p2a: Kommo-o|10\/100\n|\n|-heal|p2a: Kommo-o|16\/100|[from] Grassy Terrain\n|-heal|p1b: Gholdengo|37\/100 brn|[from] Grassy Terrain\n|-heal|p1b: Gholdengo|43\/100 brn|[from] item: Leftovers\n|-damage|p1b: Gholdengo|37\/100 brn|[from] brn\n|-damage|p2b: Sinistcha|94\/100 brn|[from] brn\n|upkeep\n|turn|7\n|inactive|meesterkrebs has 30 seconds left.\n|inactive|ceriii has 30 seconds left.\n|\n|t:|1701205423\n|switch|p2a: Ogerpon|Ogerpon-Wellspring, L50, F|100\/100\n|switch|p1b: Iron Bundle|Iron Bundle, L50|100\/100\n|-enditem|p1b: Iron Bundle|Booster Energy\n|-activate|p1b: Iron Bundle|ability: Quark Drive|[fromitem]\n|-start|p1b: Iron Bundle|quarkdrivespe\n|switch|p1a: Sableye|Sableye, L50, F|73\/100\n|move|p2b: Sinistcha|Matcha Gotcha|p1a: Sableye|[spread] p1a\n|-miss|p2b: Sinistcha|p1b: Iron Bundle\n|-damage|p1a: Sableye|38\/100\n|-heal|p2b: Sinistcha|100\/100 brn|[from] drain|[of] p1a: Sableye\n|\n|-heal|p1a: Sableye|44\/100|[from] Grassy Terrain\n|-damage|p2b: Sinistcha|94\/100 brn|[from] brn\n|upkeep\n|turn|8\n|inactive|ceriii has 30 seconds left.\n|\n|t:|1701205456\n|move|p2a: Ogerpon|Spiky Shield|p2a: Ogerpon\n|-singleturn|p2a: Ogerpon|move: Protect\n|move|p1a: Sableye|Disable|p2b: Sinistcha\n|-start|p2b: Sinistcha|Disable|Matcha Gotcha\n|move|p1b: Iron Bundle|Freeze-Dry|p2a: Ogerpon\n|-activate|p2a: Ogerpon|move: Protect\n|cant|p2b: Sinistcha|Disable|Matcha Gotcha\n|\n|-heal|p2b: Sinistcha|100\/100 brn|[from] Grassy Terrain\n|-heal|p1a: Sableye|50\/100|[from] Grassy Terrain\n|-damage|p2b: Sinistcha|94\/100 brn|[from] brn\n|-fieldend|move: Grassy Terrain\n|upkeep\n|turn|9\n|inactive|ceriii has 30 seconds left.\n|inactive|ceriii has 20 seconds left.\n|\n|t:|1701205495\n|move|p1a: Sableye|Encore|p2b: Sinistcha\n|-start|p2b: Sinistcha|Encore\n|move|p1b: Iron Bundle|Freeze-Dry|p2a: Ogerpon\n|-supereffective|p2a: Ogerpon\n|-damage|p2a: Ogerpon|0 fnt\n|faint|p2a: Ogerpon\n|cant|p2b: Sinistcha|Disable|Matcha Gotcha\n|\n|-damage|p2b: Sinistcha|88\/100 brn|[from] brn\n|upkeep\n|\n|t:|1701205499\n|switch|p2a: Kommo-o|Kommo-o, L50, F, tera:Poison|16\/100\n|turn|10\n|c|\u2606meesterkrebs|gg\n|\n|t:|1701205516\n|move|p1a: Sableye|Will-O-Wisp|p2a: Kommo-o\n|-status|p2a: Kommo-o|brn\n|move|p1b: Iron Bundle|Icy Wind|p2a: Kommo-o|[spread] p2a\n|-miss|p1b: Iron Bundle|p2b: Sinistcha\n|-damage|p2a: Kommo-o|0 fnt\n|faint|p2a: Kommo-o\n|-activate|p2b: Sinistcha|move: Struggle\n|move|p2b: Sinistcha|Struggle|p1a: Sableye\n|-damage|p1a: Sableye|46\/100\n|-damage|p2b: Sinistcha|63\/100 brn|[from] recoil\n|\n|-damage|p2b: Sinistcha|57\/100 brn|[from] brn\n|upkeep\n|turn|11\n|inactive|meesterkrebs has 30 seconds left.\n|\n|t:|1701205544\n|switch|p1a: Gholdengo|Gholdengo, L50, tera:Fairy|37\/100 brn\n|move|p1b: Iron Bundle|Freeze-Dry|p2b: Sinistcha\n|-supereffective|p2b: Sinistcha\n|-damage|p2b: Sinistcha|0 fnt\n|faint|p2b: Sinistcha\n|\n|win|meesterkrebs\n|raw|meesterkrebs's rating: 1243 &rarr; <strong>1274<\/strong><br \/>(+31 for winning)\n|raw|ceriii's rating: 1326 &rarr; <strong>1301<\/strong><br \/>(-25 for losing)\n|c|\u2606ceriii|gg\n|l|\u2606ceriii\n","uploadtime":1701205555,"views":1,"p1id":"meesterkrebs","p2id":"ceriii","formatid":"gen9vgc2023regulatione","rating":1274,"private":0,"password":""}