{"id":"gen9vgc2023regulatione-1991824978","p1":"5343l","p2":"Blackflashzzzzz","format":"[Gen 9] VGC 2023 Regulation E","log":"|j|\u26065343l\n|j|\u2606Blackflashzzzzz\n|t:|1700124011\n|gametype|doubles\n|player|p1|5343l|cynthia|1246\n|player|p2|Blackflashzzzzz|1|1241\n|teamsize|p1|6\n|teamsize|p2|6\n|gen|9\n|tier|[Gen 9] VGC 2023 Regulation E\n|rated|\n|rule|Species Clause: Limit one of each Pok\u00e9mon\n|rule|Item Clause: Limit one of each item\n|clearpoke\n|poke|p1|Ogerpon-Wellspring, L50, F|\n|poke|p1|Landorus-Therian, L50, M|\n|poke|p1|Heatran, L50, F|\n|poke|p1|Amoonguss, L50, M|\n|poke|p1|Iron Hands, L50|\n|poke|p1|Flutter Mane, L50|\n|poke|p2|Iron Bundle, L50|\n|poke|p2|Ninetales-Alola, L50, F|\n|poke|p2|Baxcalibur, L50, F|\n|poke|p2|Urshifu-*, L50, F|\n|poke|p2|Amoonguss, L50, M|\n|poke|p2|Lokix, L50, F|\n|teampreview|4\n|j| Sending you love\n|l| Sending you love\n|\n|t:|1700124061\n|start\n|switch|p1a: Landorus|Landorus-Therian, L50, M|100\/100\n|switch|p1b: Iron Hands|Iron Hands, L50, shiny|100\/100\n|switch|p2a: Urshifu|Urshifu-Rapid-Strike, L50, F|100\/100\n|switch|p2b: Amoonguss|Amoonguss, L50, M|100\/100\n|-ability|p1a: Landorus|Intimidate|boost\n|-unboost|p2a: Urshifu|atk|1\n|-unboost|p2b: Amoonguss|atk|1\n|turn|1\n|\n|t:|1700124079\n|move|p1b: Iron Hands|Fake Out|p2a: Urshifu\n|-damage|p2a: Urshifu|87\/100\n|move|p2b: Amoonguss|Rage Powder|p2b: Amoonguss\n|-singleturn|p2b: Amoonguss|move: Rage Powder\n|cant|p2a: Urshifu|flinch\n|move|p1a: Landorus|U-turn|p2b: Amoonguss\n|-damage|p2b: Amoonguss|77\/100\n|-status|p1a: Landorus|slp|[from] ability: Effect Spore|[of] p2b: Amoonguss\n|\n|t:|1700124092\n|switch|p1a: Ogerpon|Ogerpon-Wellspring, L50, F|100\/100|[from] U-turn\n|\n|-heal|p2b: Amoonguss|83\/100|[from] item: Leftovers\n|upkeep\n|turn|2\n|c|\u2606Blackflashzzzzz|...oops\n|\n|t:|1700124114\n|move|p2a: Urshifu|U-turn|p1a: Ogerpon\n|-supereffective|p1a: Ogerpon\n|-damage|p1a: Ogerpon|65\/100\n|\n|t:|1700124118\n|switch|p2a: Lokix|Lokix, L50, F|100\/100|[from] U-turn\n|move|p1a: Ogerpon|Horn Leech|p2a: Lokix\n|-resisted|p2a: Lokix\n|-crit|p2a: Lokix\n|-damage|p2a: Lokix|51\/100\n|-heal|p1a: Ogerpon|85\/100|[from] drain|[of] p2a: Lokix\n|move|p1b: Iron Hands|Wild Charge|p2a: Lokix\n|-crit|p2a: Lokix\n|-damage|p2a: Lokix|0 fnt\n|faint|p2a: Lokix\n|-damage|p1b: Iron Hands|93\/100|[from] Recoil\n|move|p2b: Amoonguss|Spore|p1b: Iron Hands\n|-status|p1b: Iron Hands|slp|[from] move: Spore\n|\n|-heal|p2b: Amoonguss|89\/100|[from] item: Leftovers\n|upkeep\n|\n|t:|1700124130\n|switch|p2a: Baxcalibur|Baxcalibur, L50, F|100\/100\n|turn|3\n|\n|t:|1700124150\n|move|p2a: Baxcalibur|Dragon Dance|p2a: Baxcalibur\n|-boost|p2a: Baxcalibur|atk|1\n|-boost|p2a: Baxcalibur|spe|1\n|move|p1a: Ogerpon|Ivy Cudgel|p2a: Baxcalibur|[anim] Ivy Cudgel Water\n|-resisted|p2a: Baxcalibur\n|-damage|p2a: Baxcalibur|74\/100\n|cant|p1b: Iron Hands|slp\n|move|p2b: Amoonguss|Pollen Puff|p2a: Baxcalibur\n|-heal|p2a: Baxcalibur|100\/100\n|\n|-heal|p2b: Amoonguss|95\/100|[from] item: Leftovers\n|upkeep\n|turn|4\n|\n|t:|1700124167\n|move|p2b: Amoonguss|Rage Powder|p2b: Amoonguss\n|-singleturn|p2b: Amoonguss|move: Rage Powder\n|move|p2a: Baxcalibur|Dragon Dance|p2a: Baxcalibur\n|-boost|p2a: Baxcalibur|atk|1\n|-boost|p2a: Baxcalibur|spe|1\n|move|p1a: Ogerpon|Ivy Cudgel|p2a: Baxcalibur|[anim] Ivy Cudgel Water\n|-resisted|p2a: Baxcalibur\n|-damage|p2a: Baxcalibur|74\/100\n|cant|p1b: Iron Hands|slp\n|\n|-heal|p2b: Amoonguss|100\/100|[from] item: Leftovers\n|upkeep\n|turn|5\n|\n|t:|1700124194\n|-terastallize|p2a: Baxcalibur|Ground\n|move|p2a: Baxcalibur|Icicle Spear|p1a: Ogerpon\n|-damage|p1a: Ogerpon|57\/100\n|-damage|p1a: Ogerpon|29\/100\n|-damage|p1a: Ogerpon|0 fnt\n|faint|p1a: Ogerpon\n|-hitcount|p1: Ogerpon|3\n|-curestatus|p1b: Iron Hands|slp|[msg]\n|move|p1b: Iron Hands|Drain Punch|p2a: Baxcalibur\n|-damage|p2a: Baxcalibur|33\/100\n|-heal|p1b: Iron Hands|100\/100|[from] drain|[of] p2a: Baxcalibur\n|move|p2b: Amoonguss|Pollen Puff|p2a: Baxcalibur\n|-heal|p2a: Baxcalibur|83\/100\n|\n|upkeep\n|\n|t:|1700124212\n|switch|p1a: Landorus|Landorus-Therian, L50, M|100\/100 slp\n|-ability|p1a: Landorus|Intimidate|boost\n|-unboost|p2a: Baxcalibur|atk|1\n|-unboost|p2b: Amoonguss|atk|1\n|turn|6\n|\n|t:|1700124222\n|move|p2b: Amoonguss|Rage Powder|p2b: Amoonguss\n|-singleturn|p2b: Amoonguss|move: Rage Powder\n|move|p2a: Baxcalibur|High Horsepower|p1b: Iron Hands\n|-supereffective|p1b: Iron Hands\n|-damage|p1b: Iron Hands|0 fnt\n|faint|p1b: Iron Hands\n|-end|p1b: Iron Hands|Quark Drive|[silent]\n|cant|p1a: Landorus|slp\n|\n|upkeep\n|\n|t:|1700124230\n|switch|p1b: Heatran|Heatran, L50, F|100\/100\n|turn|7\n|\n|t:|1700124241\n|-terastallize|p1b: Heatran|Grass\n|move|p2b: Amoonguss|Rage Powder|p2b: Amoonguss\n|-singleturn|p2b: Amoonguss|move: Rage Powder\n|move|p2a: Baxcalibur|Icicle Spear|p1a: Landorus\n|-supereffective|p1a: Landorus\n|-damage|p1a: Landorus|0 fnt\n|faint|p1a: Landorus\n|-hitcount|p1: Landorus|1\n|move|p1b: Heatran|Heat Wave|p2b: Amoonguss|[spread] \n|-miss|p1b: Heatran|p2a: Baxcalibur\n|-miss|p1b: Heatran|p2b: Amoonguss\n|\n|upkeep\n|turn|8\n|-message|5343l forfeited.\n|\n|win|Blackflashzzzzz\n|raw|5343l's rating: 1246 &rarr; <strong>1221<\/strong><br \/>(-25 for losing)\n|raw|Blackflashzzzzz's rating: 1241 &rarr; <strong>1266<\/strong><br \/>(+25 for winning)\n|l|\u26065343l\n","uploadtime":1700124261,"views":28,"p1id":"5343l","p2id":"blackflashzzzzz","formatid":"gen9vgc2023regulatione","rating":1221,"private":0,"password":""}