{"id":"gen9vgc2023regulatione-1990233569","p1":"pelipperislandxoo","p2":"ChrolloLucilfer24","format":"[Gen 9] VGC 2023 Regulation E","log":"|j|\u2606pelipperislandxoo\n|j|\u2606ChrolloLucilfer24\n|t:|1699941617\n|gametype|doubles\n|player|p1|pelipperislandxoo|170|1053\n|player|p2|ChrolloLucilfer24|burglar|1157\n|teamsize|p1|6\n|teamsize|p2|6\n|gen|9\n|tier|[Gen 9] VGC 2023 Regulation E\n|rated|\n|rule|Species Clause: Limit one of each Pok\u00e9mon\n|rule|Item Clause: Limit one of each item\n|clearpoke\n|poke|p1|Urshifu-*, L50, M|\n|poke|p1|Thundurus, L50, M|\n|poke|p1|Rillaboom, L50, M|\n|poke|p1|Wyrdeer, L50, M|\n|poke|p1|Maushold-Four, L50|\n|poke|p1|Dragonite, L50, M|\n|poke|p2|Roaring Moon, L50|\n|poke|p2|Weezing, L50, F|\n|poke|p2|Arcanine-Hisui, L50, F|\n|poke|p2|Iron Hands, L50|\n|poke|p2|Volcarona, L50, F|\n|poke|p2|Sinistcha-Masterpiece, L50|\n|teampreview|4\n|inactive|Battle timer is ON: inactive players will automatically lose when time's up. (requested by pelipperislandxoo)\n|\n|t:|1699941650\n|start\n|switch|p1a: Thundurus|Thundurus, L50, M, shiny|100\/100\n|switch|p1b: Wyrdeer|Wyrdeer, L50, M|100\/100\n|switch|p2a: Roaring Moon|Roaring Moon, L50|100\/100\n|switch|p2b: Weezing|Weezing, L50, F|100\/100\n|-ability|p2b: Weezing|Neutralizing Gas\n|-enditem|p2a: Roaring Moon|Booster Energy\n|-activate|p2a: Roaring Moon|ability: Protosynthesis|[fromitem]\n|-start|p2a: Roaring Moon|protosynthesisatk\n|turn|1\n|inactive|pelipperislandxoo has 30 seconds left.\n|inactive|pelipperislandxoo has 20 seconds left.\n|inactive|pelipperislandxoo has 15 seconds left.\n|\n|t:|1699941692\n|move|p1a: Thundurus|Brick Break|p2a: Roaring Moon\n|-supereffective|p2a: Roaring Moon\n|-damage|p2a: Roaring Moon|31\/100\n|-damage|p1a: Thundurus|91\/100|[from] item: Life Orb\n|move|p2a: Roaring Moon|Knock Off|p1a: Thundurus\n|-damage|p1a: Thundurus|0 fnt\n|-enditem|p1a: Thundurus|Life Orb|[from] move: Knock Off|[of] p2a: Roaring Moon\n|faint|p1a: Thundurus\n|move|p2b: Weezing|Sludge Bomb|p1b: Wyrdeer\n|-damage|p1b: Wyrdeer|68\/100\n|move|p1b: Wyrdeer|Skill Swap||[still]\n|-fail|p1b: Wyrdeer\n|\n|upkeep\n|\n|t:|1699941706\n|switch|p1a: Urshifu|Urshifu, L50, M|100\/100\n|turn|2\n|\n|t:|1699941718\n|-terastallize|p2a: Roaring Moon|Flying\n|move|p2b: Weezing|Protect|p2b: Weezing\n|-singleturn|p2b: Weezing|Protect\n|move|p1a: Urshifu|Detect|p1a: Urshifu\n|-singleturn|p1a: Urshifu|Protect\n|move|p2a: Roaring Moon|Acrobatics|p1a: Urshifu\n|-activate|p1a: Urshifu|move: Protect\n|move|p1b: Wyrdeer|Trick Room|p1b: Wyrdeer\n|-fieldstart|move: Trick Room|[of] p1b: Wyrdeer\n|\n|upkeep\n|turn|3\n|\n|t:|1699941737\n|move|p1a: Urshifu|Wicked Blow|p2a: Roaring Moon\n|-crit|p2a: Roaring Moon\n|-damage|p2a: Roaring Moon|0 fnt\n|faint|p2a: Roaring Moon\n|-end|p2a: Roaring Moon|Protosynthesis|[silent]\n|move|p1b: Wyrdeer|Earth Power|p2b: Weezing\n|-supereffective|p2b: Weezing\n|-damage|p2b: Weezing|37\/100\n|move|p2b: Weezing|Will-O-Wisp|p1a: Urshifu\n|-status|p1a: Urshifu|brn\n|\n|-damage|p1a: Urshifu|95\/100 brn|[from] brn\n|upkeep\n|\n|t:|1699941744\n|switch|p2a: Arcanine|Arcanine-Hisui, L50, F|100\/100\n|turn|4\n|\n|t:|1699941767\n|move|p2b: Weezing|Protect|p2b: Weezing\n|-singleturn|p2b: Weezing|Protect\n|move|p1a: Urshifu|Wicked Blow|p2b: Weezing\n|-activate|p2b: Weezing|move: Protect\n|move|p1b: Wyrdeer|Earth Power|p2a: Arcanine\n|-supereffective|p2a: Arcanine\n|-damage|p2a: Arcanine|0 fnt\n|faint|p2a: Arcanine\n|\n|-damage|p1a: Urshifu|89\/100 brn|[from] brn\n|upkeep\n|\n|t:|1699941791\n|switch|p2a: Iron Hands|Iron Hands, L50|100\/100\n|turn|5\n|inactive|pelipperislandxoo has 30 seconds left.\n|\n|t:|1699941821\n|move|p1a: Urshifu|Wicked Blow|p2a: Iron Hands\n|-resisted|p2a: Iron Hands\n|-crit|p2a: Iron Hands\n|-damage|p2a: Iron Hands|92\/100\n|move|p2a: Iron Hands|Body Press|p1a: Urshifu\n|-supereffective|p1a: Urshifu\n|-damage|p1a: Urshifu|31\/100 brn\n|move|p1b: Wyrdeer|Earth Power|p2a: Iron Hands\n|-supereffective|p2a: Iron Hands\n|-damage|p2a: Iron Hands|59\/100\n|move|p2b: Weezing|Will-O-Wisp|p1b: Wyrdeer\n|-status|p1b: Wyrdeer|brn\n|\n|-damage|p1a: Urshifu|25\/100 brn|[from] brn\n|-damage|p1b: Wyrdeer|62\/100 brn|[from] brn\n|upkeep\n|turn|6\n|inactive|pelipperislandxoo has 30 seconds left.\n|inactive|ChrolloLucilfer24 has 30 seconds left.\n|inactive|ChrolloLucilfer24 has 20 seconds left.\n|\n|t:|1699941857\n|move|p2b: Weezing|Protect|p2b: Weezing\n|-singleturn|p2b: Weezing|Protect\n|move|p1a: Urshifu|Wicked Blow|p2b: Weezing\n|-activate|p2b: Weezing|move: Protect\n|move|p1b: Wyrdeer|Earth Power|p2a: Iron Hands\n|-supereffective|p2a: Iron Hands\n|-damage|p2a: Iron Hands|30\/100\n|move|p2a: Iron Hands|Body Press|p1a: Urshifu\n|-supereffective|p1a: Urshifu\n|-damage|p1a: Urshifu|0 fnt\n|faint|p1a: Urshifu\n|\n|-damage|p1b: Wyrdeer|56\/100 brn|[from] brn\n|-fieldend|move: Trick Room\n|upkeep\n|\n|t:|1699941870\n|switch|p1a: Dragonite|Dragonite, L50, M|100\/100\n|turn|7\n|\n|t:|1699941889\n|move|p1a: Dragonite|Stomping Tantrum|p2a: Iron Hands\n|-supereffective|p2a: Iron Hands\n|-damage|p2a: Iron Hands|0 fnt\n|faint|p2a: Iron Hands\n|-end|p2a: Iron Hands|Quark Drive|[silent]\n|move|p2b: Weezing|Sludge Bomb|p1a: Dragonite\n|-damage|p1a: Dragonite|66\/100\n|move|p1b: Wyrdeer|Earth Power|p2b: Weezing\n|-supereffective|p2b: Weezing\n|-damage|p2b: Weezing|0 fnt\n|faint|p2b: Weezing\n|-end|p2b: Weezing|ability: Neutralizing Gas\n|\n|win|pelipperislandxoo\n|raw|pelipperislandxoo's rating: 1053 &rarr; <strong>1094<\/strong><br \/>(+41 for winning)\n|raw|ChrolloLucilfer24's rating: 1157 &rarr; <strong>1125<\/strong><br \/>(-32 for losing)\n","uploadtime":1699941900,"views":6,"p1id":"pelipperislandxoo","p2id":"chrollolucilfer24","formatid":"gen9vgc2023regulatione","rating":1094,"private":0,"password":""}