{"id":"gen9vgc2023regulatione-1989255853","p1":"WilfredVGC","p2":"5wamp","format":"[Gen 9] VGC 2023 Regulation E","log":"|j|\u2606WilfredVGC\n|j|\u26065wamp\n|n|\u2606WilfredVGC|wilfredvgc\n|n|\u26065wamp|5wamp\n|html|View the match progress at <a href=\"\/game-bestof3-gen9vgc2023regulatione-1989252161\">game-bestof3-gen9vgc2023regulatione-1989252161<\/a>\n|t:|1699828621\n|gametype|doubles\n|player|p1|WilfredVGC|roxanne|\n|player|p2|5wamp|carmine-festival|\n|teamsize|p1|6\n|teamsize|p2|6\n|gen|9\n|tier|[Gen 9] VGC 2023 Regulation E\n|rule|Species Clause: Limit one of each Pok\u00e9mon\n|rule|Item Clause: Limit one of each item\n|clearpoke\n|poke|p1|Bronzong, L50|\n|poke|p1|Ursaluna, L50, F|\n|poke|p1|Regidrago, L50|\n|poke|p1|Iron Hands, L50|\n|poke|p1|Ogerpon-Cornerstone, L50, F|\n|poke|p1|Gastrodon, L50, M|\n|poke|p2|Dondozo, L50, M|\n|poke|p2|Tatsugiri, L50, F|\n|poke|p2|Rillaboom, L50, F|\n|poke|p2|Volcarona, L50, M|\n|poke|p2|Kingambit, L50, F|\n|poke|p2|Clefairy, L50, M|\n|teampreview|4\nWilfredVGC has agreed to open team sheets.\n5wamp has agreed to open team sheets.\n|showteam|p1|Bronzong||MentalHerb|Levitate|Safeguard,TrickRoom,GyroBall,Protect||||||50|,,,,,Fire]Ursaluna||FlameOrb|Guts|HeadlongRush,Facade,SwordsDance,Protect|||F|||50|,,,,,Ghost]Regidrago||DragonFang|DragonsMaw|DragonEnergy,DracoMeteor,EarthPower,Protect||||||50|,,,,,Steel]Iron Hands||SitrusBerry|QuarkDrive|DrainPunch,WildCharge,FakeOut,Whirlwind||||||50|,,,,,Water]Ogerpon-Cornerstone||CornerstoneMask|Sturdy|IvyCudgel,WoodHammer,FollowMe,Uturn|||F|||50|,,,,,Rock]Gastrodon||Leftovers|StormDrain|Yawn,IceBeam,HelpingHand,Protect|||M|||50|,,,,,Fire\n|showteam|p2|Dondozo||Leftovers|Unaware|OrderUp,Earthquake,WaveCrash,Protect|||M|||50|,,,,,Grass]Tatsugiri||ChoiceScarf|Commander|DracoMeteor,MuddyWater,IcyWind,TeraBlast|||F|||50|,,,,,Steel]Rillaboom||AssaultVest|GrassySurge|WoodHammer,GrassyGlide,Uturn,FakeOut|||F|||50|,,,,,Fire]Volcarona||SitrusBerry|FlameBody|Protect,HeatWave,TeraBlast,QuiverDance|||M|||50|,,,,,Ground]Kingambit||BlackGlasses|Defiant|Protect,KowtowCleave,SuckerPunch,SwordsDance|||F|||50|,,,,,Dark]Clefairy||Eviolite|FriendGuard|Protect,HelpingHand,FollowMe,HealPulse|||M|||50|,,,,,Grass\n|j| Renjuu\n|c| Renjuu|0_0\n|j| MattC (Banned)\n|j| Natnat_24\n|c|\u2606WilfredVGC|glhf\n|c|\u26065wamp|glhf\n|c| MattC (Banned)|bro kinda cookin with this matchup\n|\n|t:|1699828663\n|start\n|switch|p1a: Bronzong|Bronzong, L50|100\/100\n|switch|p1b: Iron Hands|Iron Hands, L50|100\/100\n|switch|p2a: Kingambit|Kingambit, L50, F|100\/100\n|switch|p2b: Clefairy|Clefairy, L50, M|100\/100\n|turn|1\n|c| MattC (Banned)|bronzing vs volc\n|\n|t:|1699828682\n|switch|p2a: Volcarona|Volcarona, L50, M|100\/100\n|switch|p1a: Ursaluna|Ursaluna, L50, F|100\/100\n|move|p2b: Clefairy|Protect|p2b: Clefairy\n|-singleturn|p2b: Clefairy|Protect\n|move|p1b: Iron Hands|Whirlwind|p2b: Clefairy\n|drag|p2b: Kingambit|Kingambit, L50, F|100\/100\n|\n|-status|p1a: Ursaluna|brn|[from] item: Flame Orb\n|upkeep\n|turn|2\n|c| MattC (Banned)|omg whirlwind hands what\n|\n|t:|1699828707\n|-terastallize|p2b: Kingambit|Dark\n|move|p2a: Volcarona|Protect|p2a: Volcarona\n|-singleturn|p2a: Volcarona|Protect\n|move|p2b: Kingambit|Kowtow Cleave|p1a: Ursaluna\n|-damage|p1a: Ursaluna|41\/100 brn\n|move|p1b: Iron Hands|Drain Punch|p2b: Kingambit\n|-supereffective|p2b: Kingambit\n|-damage|p2b: Kingambit|33\/100\n|move|p1a: Ursaluna|Facade|p2a: Volcarona\n|-activate|p2a: Volcarona|move: Protect\n|\n|-damage|p1a: Ursaluna|36\/100 brn|[from] brn\n|upkeep\n|turn|3\n|c| Natnat_24|whirlwind is INSANE\n|\n|t:|1699828732\n|move|p1a: Ursaluna|Protect|p1a: Ursaluna\n|-singleturn|p1a: Ursaluna|Protect\n|move|p2a: Volcarona|Quiver Dance|p2a: Volcarona\n|-boost|p2a: Volcarona|spa|1\n|-boost|p2a: Volcarona|spd|1\n|-boost|p2a: Volcarona|spe|1\n|move|p2b: Kingambit|Kowtow Cleave|p1a: Ursaluna\n|-activate|p1a: Ursaluna|move: Protect\n|move|p1b: Iron Hands|Whirlwind|p2b: Kingambit\n|drag|p2b: Rillaboom|Rillaboom, L50, F|100\/100\n|-fieldstart|move: Grassy Terrain|[from] ability: Grassy Surge|[of] p2b: Rillaboom\n|\n|-heal|p1a: Ursaluna|41\/100 brn|[from] Grassy Terrain\n|-damage|p1a: Ursaluna|36\/100 brn|[from] brn\n|upkeep\n|turn|4\n|c|\u26065wamp|why is bro whirlwinding\n|c| Natnat_24|WHY WHIRLWIND\n|c| MattC (Banned)|so is wilfred's team\n|\n|t:|1699828751\n|-terastallize|p1a: Ursaluna|Ghost\n|move|p2b: Rillaboom|Fake Out|p1a: Ursaluna\n|-immune|p1a: Ursaluna\n|move|p2a: Volcarona|Quiver Dance|p2a: Volcarona\n|-boost|p2a: Volcarona|spa|1\n|-boost|p2a: Volcarona|spd|1\n|-boost|p2a: Volcarona|spe|1\n|move|p1a: Ursaluna|Facade|p2a: Volcarona\n|-damage|p2a: Volcarona|0 fnt\n|faint|p2a: Volcarona\n|move|p1b: Iron Hands|Whirlwind|p2b: Rillaboom\n|drag|p2b: Clefairy|Clefairy, L50, M|100\/100\n|\n|-heal|p1a: Ursaluna|41\/100 brn|[from] Grassy Terrain\n|-damage|p1a: Ursaluna|36\/100 brn|[from] brn\n|upkeep\n|c| MattC (Banned)|tbf\n|c| Natnat_24|YOU COULD HAVE JSUT KILLED IT\n|\n|t:|1699828756\n|switch|p2a: Kingambit|Kingambit, L50, F, tera:Dark|33\/100\n|turn|5\n|c| MattC (Banned)|oooh\n|c| Natnat_24|bro stop\n|c| MattC (Banned)|its a flecx\n|c| MattC (Banned)|clearly he's gonna win\n|c| Natnat_24|ah ic\n|\n|t:|1699828785\n|move|p1a: Ursaluna|Protect|p1a: Ursaluna\n|-singleturn|p1a: Ursaluna|Protect\n|move|p2a: Kingambit|Swords Dance|p2a: Kingambit\n|-boost|p2a: Kingambit|atk|2\n|move|p2b: Clefairy|Heal Pulse|p2a: Kingambit\n|-heal|p2a: Kingambit|83\/100\n|move|p1b: Iron Hands|Whirlwind|p2b: Clefairy\n|drag|p2b: Rillaboom|Rillaboom, L50, F|100\/100\n|\n|-heal|p2a: Kingambit|89\/100|[from] Grassy Terrain\n|-heal|p1a: Ursaluna|41\/100 brn|[from] Grassy Terrain\n|-damage|p1a: Ursaluna|36\/100 brn|[from] brn\n|upkeep\n|turn|6\n|c|\u2606WilfredVGC|I wasnt sure if facade killed or swamp would attack that turn\n|c| Natnat_24|uh oh\n|c| MattC (Banned)|wait\n|c| MattC (Banned)|is whirlwind random?\n|c|\u2606WilfredVGC|No\n|c| MattC (Banned)|th\n|\n|t:|1699828806\n|switch|p1a: Bronzong|Bronzong, L50|100\/100\n|move|p2b: Rillaboom|Fake Out|p1b: Iron Hands\n|-damage|p1b: Iron Hands|91\/100\n|move|p2a: Kingambit|Kowtow Cleave|p1a: Bronzong\n|-supereffective|p1a: Bronzong\n|-damage|p1a: Bronzong|0 fnt\n|faint|p1a: Bronzong\n|cant|p1b: Iron Hands|flinch\n|\n|-heal|p2a: Kingambit|95\/100|[from] Grassy Terrain\n|-heal|p1b: Iron Hands|97\/100|[from] Grassy Terrain\n|upkeep\n|c| MattC (Banned)|wh\n|c| MattC (Banned)|why\n|\n|t:|1699828814\n|switch|p1a: Ogerpon|Ogerpon-Cornerstone, L50, F|100\/100\n|turn|7\n|c| Natnat_24|bro is really thinking\n|c| Renjuu|WHIRLWIND\n|\n|t:|1699828825\n|move|p2a: Kingambit|Protect|p2a: Kingambit\n|-singleturn|p2a: Kingambit|Protect\n|move|p1a: Ogerpon|U-turn|p2a: Kingambit\n|-activate|p2a: Kingambit|move: Protect\n|move|p2b: Rillaboom|U-turn|p1a: Ogerpon\n|-supereffective|p1a: Ogerpon\n|-damage|p1a: Ogerpon|36\/100\n|c| Renjuu|WTF\n|\n|t:|1699828832\n|switch|p2b: Clefairy|Clefairy, L50, M|100\/100|[from] U-turn\n|move|p1b: Iron Hands|Drain Punch|p2a: Kingambit\n|-activate|p2a: Kingambit|move: Protect\n|\n|-heal|p1a: Ogerpon|42\/100|[from] Grassy Terrain\n|-heal|p2a: Kingambit|100\/100|[from] Grassy Terrain\n|-heal|p1b: Iron Hands|100\/100|[from] Grassy Terrain\n|-fieldend|move: Grassy Terrain\n|upkeep\n|turn|8\n|c| Natnat_24|YOU SHOULDVE WHIRLWINDED\n|c| MattC (Banned)|fumbled the bag\n|c| MattC (Banned)|hard\n|c| Natnat_24|this is so sad\n|\n|t:|1699828847\n|move|p1a: Ogerpon|Follow Me|p1a: Ogerpon\n|-singleturn|p1a: Ogerpon|move: Follow Me\n|move|p2b: Clefairy|Follow Me|p2b: Clefairy\n|-singleturn|p2b: Clefairy|move: Follow Me\n|move|p2a: Kingambit|Kowtow Cleave|p1a: Ogerpon\n|-damage|p1a: Ogerpon|0 fnt\n|faint|p1a: Ogerpon\n|move|p1b: Iron Hands|Whirlwind|p2b: Clefairy\n|drag|p2b: Rillaboom|Rillaboom, L50, F|100\/100\n|-fieldstart|move: Grassy Terrain|[from] ability: Grassy Surge|[of] p2b: Rillaboom\n|\n|upkeep\n|\n|t:|1699828852\n|switch|p1a: Ursaluna|Ursaluna, L50, F, tera:Ghost|36\/100 brn\n|turn|9\n|\n|t:|1699828861\n|move|p2b: Rillaboom|Fake Out|p1b: Iron Hands\n|-damage|p1b: Iron Hands|90\/100\n|move|p2a: Kingambit|Kowtow Cleave|p1a: Ursaluna\n|-supereffective|p1a: Ursaluna\n|-damage|p1a: Ursaluna|0 fnt\n|faint|p1a: Ursaluna\n|cant|p1b: Iron Hands|flinch\n|\n|-heal|p1b: Iron Hands|95\/100|[from] Grassy Terrain\n|upkeep\n|turn|10\n|c| Natnat_24|this is so sad\n|c| Natnat_24|he threw\n|\n|t:|1699828877\n|move|p2b: Rillaboom|Wood Hammer|p1b: Iron Hands\n|-damage|p1b: Iron Hands|37\/100\n|-enditem|p1b: Iron Hands|Sitrus Berry|[eat]\n|-heal|p1b: Iron Hands|62\/100|[from] item: Sitrus Berry\n|-damage|p2b: Rillaboom|78\/100|[from] Recoil\n|move|p2a: Kingambit|Kowtow Cleave|p1b: Iron Hands\n|-resisted|p1b: Iron Hands\n|-damage|p1b: Iron Hands|10\/100\n|move|p1b: Iron Hands|Drain Punch|p2a: Kingambit\n|-supereffective|p2a: Kingambit\n|-damage|p2a: Kingambit|33\/100\n|-heal|p1b: Iron Hands|39\/100|[from] drain|[of] p2a: Kingambit\n|\n|-heal|p2b: Rillaboom|84\/100|[from] Grassy Terrain\n|-heal|p2a: Kingambit|39\/100|[from] Grassy Terrain\n|-heal|p1b: Iron Hands|45\/100|[from] Grassy Terrain\n|upkeep\n|turn|11\n|c|\u2606WilfredVGC|Why is whirlwind good in this mu\n|\n|t:|1699828893\n|move|p2b: Rillaboom|Wood Hammer|p1b: Iron Hands\n|-damage|p1b: Iron Hands|0 fnt\n|faint|p1b: Iron Hands\n|-end|p1b: Iron Hands|Quark Drive|[silent]\n|-damage|p2b: Rillaboom|67\/100|[from] Recoil\n|\n|win|5wamp\n|c|\u2606WilfredVGC|I just threw\n|c|\u26065wamp|gg\n|c| Natnat_24|bc boosts\n|c| MattC (Banned)|wait\n|c|&|\/uhtml prompt-5wamp,5wamp is ready for game 3!\n|c|\u2606WilfredVGC|gg\n","uploadtime":1699828901,"views":18,"p1id":"wilfredvgc","p2id":"5wamp","formatid":"gen9vgc2023regulatione","rating":0,"private":0,"password":""}