{"id":"gen9vgc2023regulatione-1989168369","p1":"Kirishima68","p2":"TrainerDylan24","format":"[Gen 9] VGC 2023 Regulation E","log":"|j|\u2606Kirishima68\n|j|\u2606TrainerDylan24\n|t:|1699819448\n|gametype|doubles\n|player|p1|Kirishima68|brock|1042\n|player|p2|TrainerDylan24|swimmerf|1000\n|teamsize|p1|6\n|teamsize|p2|6\n|gen|9\n|tier|[Gen 9] VGC 2023 Regulation E\n|rated|\n|rule|Species Clause: Limit one of each Pok\u00e9mon\n|rule|Item Clause: Limit one of each item\n|clearpoke\n|poke|p1|Iron Hands, L50|\n|poke|p1|Ogerpon-Hearthflame, L50, F|\n|poke|p1|Murkrow, L50, F|\n|poke|p1|Sinistcha-Masterpiece, L50|\n|poke|p1|Chien-Pao, L50|\n|poke|p1|Weezing-Galar, L50, M|\n|poke|p2|Maushold-Four, L50|\n|poke|p2|Politoed, L50, M|\n|poke|p2|Kilowattrel, L50, M|\n|poke|p2|Scizor, L50, M|\n|poke|p2|Cetitan, L50, F|\n|poke|p2|Rillaboom, L50, M|\n|teampreview|4\n|\n|t:|1699819495\n|start\n|switch|p1a: Murkrow|Murkrow, L50, F|100\/100\n|switch|p1b: Ogerpon|Ogerpon-Hearthflame, L50, F|100\/100\n|switch|p2a: Politoed|Politoed, L50, M|100\/100\n|switch|p2b: Kilowattrel|Kilowattrel, L50, M|100\/100\n|-ability|p1b: Ogerpon|Mold Breaker\n|-weather|RainDance|[from] ability: Drizzle|[of] p2a: Politoed\n|turn|1\n|\n|t:|1699819513\n|move|p1a: Murkrow|Tailwind|p1a: Murkrow\n|-sidestart|p1: Kirishima68|move: Tailwind\n|move|p1b: Ogerpon|Swords Dance|p1b: Ogerpon\n|-boost|p1b: Ogerpon|atk|2\n|move|p2b: Kilowattrel|Thunder|p1a: Murkrow\n|-supereffective|p1a: Murkrow\n|-damage|p1a: Murkrow|0 fnt\n|faint|p1a: Murkrow\n|move|p2a: Politoed|Muddy Water|p1b: Ogerpon\n|-damage|p1b: Ogerpon|29\/100\n|-unboost|p1b: Ogerpon|accuracy|1\n|\n|-weather|RainDance|[upkeep]\n|upkeep\n|\n|t:|1699819526\n|switch|p1a: Iron Hands|Iron Hands, L50, shiny|100\/100\n|turn|2\n|\n|t:|1699819534\n|move|p2b: Kilowattrel|Protect|p2b: Kilowattrel\n|-singleturn|p2b: Kilowattrel|Protect\n|move|p2a: Politoed|Protect|p2a: Politoed\n|-singleturn|p2a: Politoed|Protect\n|move|p1a: Iron Hands|Fake Out|p2b: Kilowattrel\n|-activate|p2b: Kilowattrel|move: Protect\n|move|p1b: Ogerpon|Horn Leech|p2a: Politoed\n|-activate|p2a: Politoed|move: Protect\n|\n|-weather|RainDance|[upkeep]\n|upkeep\n|turn|3\n|\n|t:|1699819552\n|switch|p2a: Scizor|Scizor, L50, M|100\/100\n|move|p1b: Ogerpon|Horn Leech|p2a: Scizor\n|-resisted|p2a: Scizor\n|-damage|p2a: Scizor|73\/100\n|-heal|p1b: Ogerpon|43\/100|[from] drain|[of] p2a: Scizor\n|move|p2b: Kilowattrel|Hurricane|p1b: Ogerpon\n|-supereffective|p1b: Ogerpon\n|-damage|p1b: Ogerpon|0 fnt\n|faint|p1b: Ogerpon\n|move|p1a: Iron Hands|Thunder Punch|p2a: Scizor\n|-damage|p2a: Scizor|21\/100\n|\n|-weather|RainDance|[upkeep]\n|upkeep\n|\n|t:|1699819564\n|switch|p1b: Chien-Pao|Chien-Pao, L50|100\/100\n|-ability|p1b: Chien-Pao|Sword of Ruin\n|turn|4\n|\n|t:|1699819573\n|move|p2a: Scizor|Bullet Punch|p1b: Chien-Pao\n|-supereffective|p1b: Chien-Pao\n|-enditem|p1b: Chien-Pao|Focus Sash\n|-damage|p1b: Chien-Pao|1\/100\n|-damage|p2a: Scizor|11\/100|[from] item: Life Orb\n|move|p1b: Chien-Pao|Ice Spinner|p2b: Kilowattrel\n|-supereffective|p2b: Kilowattrel\n|-damage|p2b: Kilowattrel|0 fnt\n|faint|p2b: Kilowattrel\n|move|p1a: Iron Hands|Drain Punch|p2a: Scizor\n|-damage|p2a: Scizor|0 fnt\n|faint|p2a: Scizor\n|\n|-weather|RainDance|[upkeep]\n|-sideend|p1: Kirishima68|move: Tailwind\n|upkeep\n|\n|t:|1699819582\n|switch|p2b: Maushold|Maushold-Four, L50|100\/100\n|switch|p2a: Politoed|Politoed, L50, M|100\/100\n|turn|5\n|\n|t:|1699819600\n|-terastallize|p2a: Politoed|Water\n|move|p2b: Maushold|Follow Me|p2b: Maushold\n|-singleturn|p2b: Maushold|move: Follow Me\n|move|p1b: Chien-Pao|Ice Spinner|p2b: Maushold\n|-damage|p2b: Maushold|20\/100\n|move|p2a: Politoed|Muddy Water|p1b: Chien-Pao|[spread] p1a,p1b\n|-damage|p1a: Iron Hands|64\/100\n|-damage|p1b: Chien-Pao|0 fnt\n|-unboost|p1a: Iron Hands|accuracy|1\n|faint|p1b: Chien-Pao\n|move|p1a: Iron Hands|Thunder Punch|p2b: Maushold\n|-damage|p2b: Maushold|0 fnt\n|faint|p2b: Maushold\n|\n|-weather|none\n|upkeep\n|turn|6\n|\n|t:|1699819625\n|-terastallize|p1a: Iron Hands|Steel\n|move|p2a: Politoed|Earth Power|p1a: Iron Hands\n|-supereffective|p1a: Iron Hands\n|-damage|p1a: Iron Hands|32\/100\n|move|p1a: Iron Hands|Thunder Punch|p2a: Politoed|[miss]\n|-miss|p1a: Iron Hands|p2a: Politoed\n|\n|upkeep\n|turn|7\n|\n|t:|1699819634\n|move|p2a: Politoed|Earth Power|p1a: Iron Hands\n|-supereffective|p1a: Iron Hands\n|-damage|p1a: Iron Hands|0 fnt\n|faint|p1a: Iron Hands\n|-end|p1a: Iron Hands|Quark Drive|[silent]\n|\n|win|TrainerDylan24\n|raw|Kirishima68's rating: 1042 &rarr; <strong>1024<\/strong><br \/>(-18 for losing)\n|raw|TrainerDylan24's rating: 1000 &rarr; <strong>1045<\/strong><br \/>(+45 for winning)\n|l|\u2606Kirishima68\n","uploadtime":1699819640,"views":9,"p1id":"kirishima68","p2id":"trainerdylan24","formatid":"gen9vgc2023regulatione","rating":1024,"private":0,"password":""}