{"id":"gen9vgc2023regulatione-1993364788","p1":"AlakaAbra22","p2":"Alakadabra22","format":"[Gen 9] VGC 2023 Regulation E","log":"|j|\u2606AlakaAbra22\n|j|\u2606Alakadabra22\n|n|\u2606AlakaAbra22|alakaabra22\n|n|\u2606Alakadabra22|alakadabra22\n|html|View the match progress at <a href=\"\/game-bestof3-gen9vgc2023regulatione-1993361150\">game-bestof3-gen9vgc2023regulatione-1993361150<\/a>\n|t:|1700306601\n|gametype|doubles\n|player|p1|AlakaAbra22|biker|\n|player|p2|Alakadabra22|ingo|\n|teamsize|p1|6\n|teamsize|p2|6\n|gen|9\n|tier|[Gen 9] VGC 2023 Regulation E\n|rule|Species Clause: Limit one of each Pok\u00e9mon\n|rule|Item Clause: Limit one of each item\n|clearpoke\n|poke|p1|Tornadus, L50, M|\n|poke|p1|Arcanine-Hisui, L50, F|\n|poke|p1|Iron Hands, L50|\n|poke|p1|Amoonguss, L50, M|\n|poke|p1|Gholdengo, L50|\n|poke|p1|Urshifu-*, L50, M|\n|poke|p2|Urshifu-*, L50, M|\n|poke|p2|Arcanine-Hisui, L50, M|\n|poke|p2|Tornadus, L50, M|\n|poke|p2|Iron Hands, L50|\n|poke|p2|Sinistcha, L50|\n|poke|p2|Chien-Pao, L50|\n|teampreview|4\nAlakadabra22 has agreed to open team sheets.\n|j| Crudo de fava\nAlakaAbra22 has agreed to open team sheets.\n|showteam|p1|Tornadus||RockyHelmet|Prankster|BleakwindStorm,RainDance,Tailwind,Protect|||M|||50|,,,,,Steel]Arcanine-Hisui||ChoiceBand|Intimidate|RockSlide,FlareBlitz,ExtremeSpeed,TeraBlast|||F|||50|,,,,,Fairy]Iron Hands||AssaultVest|QuarkDrive|DrainPunch,WildCharge,FakeOut,VoltSwitch||||||50|,,,,,Water]Amoonguss||SitrusBerry|Regenerator|Spore,RagePowder,PollenPuff,Protect|||M|||50|,,,,,Fire]Gholdengo||Leftovers|GoodasGold|MakeItRain,ShadowBall,NastyPlot,Protect||||||50|,,,,,Dragon]Urshifu-Rapid-Strike||MysticWater|UnseenFist|SurgingStrikes,CloseCombat,AquaJet,Detect|||M|||50|,,,,,Water\n|showteam|p2|Urshifu-Rapid-Strike||ChoiceScarf|UnseenFist|SurgingStrikes,CloseCombat,AquaJet,Uturn|||M|||50|,,,,,Water]Arcanine-Hisui||ChoiceBand|Intimidate|ExtremeSpeed,FlareBlitz,RockSlide,TeraBlast|||M|||50|,,,,,Fairy]Tornadus||CovertCloak|Prankster|BleakwindStorm,Leer,Tailwind,Taunt|||M|||50|,,,,,Ghost]Iron Hands||AssaultVest|QuarkDrive|WildCharge,DrainPunch,HeavySlam,FakeOut||||||50|,,,,,Water]Sinistcha||SitrusBerry|Hospitality|MatchaGotcha,ShadowBall,NastyPlot,RagePowder||||||50|,,,,,Steel]Chien-Pao||FocusSash|SwordofRuin|Protect,LashOut,IceSpinner,SuckerPunch||||||50|,,,,,Ghost\n|c|\u2606Alakadabra22|scusa un secondo che sono arrivati parenti a casa\n|c|\u2606Alakadabra22|perdonami arrivo subito\n|c|\u2606AlakaAbra22|Tranquillo\n|c|\u2606Alakadabra22|purtroppo sono terrone\n|c|\u2606AlakaAbra22|Tempo di una parmigiana e torni?\n|j| higashi no gab\n|j| seguace del culto\n|c| Crudo de fava|che schifo i terroni(ne faccio parte)\n|l| seguace del culto\n|l| higashi no gab\n|l| Crudo de fava\n|j| Crudo de fava\n|c|\u2606Alakadabra22|eccomi\n|c|\u2606AlakaAbra22|Gl hf\n|c|\u2606Alakadabra22|u2\n|j| seguace del culto\n|\n|t:|1700306962\n|start\n|switch|p1a: Amoonguss|Amoonguss, L50, M|100\/100\n|switch|p1b: Iron Hands|Iron Hands, L50|100\/100\n|switch|p2a: Tornadus|Tornadus, L50, M|100\/100\n|switch|p2b: Iron Hands|Iron Hands, L50|100\/100\n|turn|1\n|l| Crudo de fava\n|j| Crudo de fava\n|l| seguace del culto\n|\n|t:|1700307018\n|switch|p1a: Arcanine|Arcanine-Hisui, L50, F|100\/100\n|-ability|p1a: Arcanine|Intimidate|boost\n|-unboost|p2a: Tornadus|atk|1\n|-unboost|p2b: Iron Hands|atk|1\n|move|p2b: Iron Hands|Fake Out|p1b: Iron Hands\n|-damage|p1b: Iron Hands|93\/100\n|move|p2a: Tornadus|Taunt|p1a: Arcanine\n|-start|p1a: Arcanine|move: Taunt\n|cant|p1b: Iron Hands|flinch\n|\n|upkeep\n|turn|2\n|j| higashi no gab\n|j| seguace del culto\n|\n|t:|1700307054\n|-end|p2b: Iron Hands|Quark Drive|[silent]\n|switch|p2b: Arcanine|Arcanine-Hisui, L50, M|100\/100\n|-ability|p2b: Arcanine|Intimidate|boost\n|-unboost|p1a: Arcanine|atk|1\n|-unboost|p1b: Iron Hands|atk|1\n|-terastallize|p1a: Arcanine|Fairy\n|move|p2a: Tornadus|Tailwind|p2a: Tornadus\n|-sidestart|p2: Alakadabra22|move: Tailwind\n|move|p1a: Arcanine|Tera Blast|p2b: Arcanine|[anim] Tera Blast Fairy\n|-resisted|p2b: Arcanine\n|-damage|p2b: Arcanine|76\/100\n|move|p1b: Iron Hands|Wild Charge|p2a: Tornadus\n|-supereffective|p2a: Tornadus\n|-damage|p2a: Tornadus|38\/100\n|-damage|p1b: Iron Hands|81\/100|[from] Recoil\n|\n|upkeep\n|turn|3\n|\n|t:|1700307076\n|switch|p1a: Urshifu|Urshifu-Rapid-Strike, L50, M|100\/100\n|move|p2a: Tornadus|Leer|p1b: Iron Hands|[spread] p1a,p1b\n|-unboost|p1a: Urshifu|def|1\n|-unboost|p1b: Iron Hands|def|1\n|move|p2b: Arcanine|Flare Blitz|p1a: Urshifu\n|-resisted|p1a: Urshifu\n|-damage|p1a: Urshifu|37\/100\n|-damage|p2b: Arcanine|54\/100|[from] Recoil\n|move|p1b: Iron Hands|Volt Switch|p2a: Tornadus\n|-supereffective|p2a: Tornadus\n|-damage|p2a: Tornadus|6\/100\n|\n|t:|1700307091\n|-end|p1b: Iron Hands|Quark Drive|[silent]\n|switch|p1b: Arcanine|Arcanine-Hisui, L50, F, tera:Fairy|100\/100|[from] Volt Switch\n|-ability|p1b: Arcanine|Intimidate|boost\n|-unboost|p2a: Tornadus|atk|1\n|-unboost|p2b: Arcanine|atk|1\n|\n|upkeep\n|turn|4\n|l| seguace del culto\n|j| seguace del culto\n|\n|t:|1700307169\n|-terastallize|p2b: Arcanine|Fairy\n|move|p1b: Arcanine|Extreme Speed|p2a: Tornadus\n|-damage|p2a: Tornadus|0 fnt\n|faint|p2a: Tornadus\n|move|p2b: Arcanine|Flare Blitz|p1b: Arcanine\n|-damage|p1b: Arcanine|24\/100\n|-damage|p2b: Arcanine|30\/100|[from] Recoil\n|move|p1a: Urshifu|Surging Strikes|p2b: Arcanine\n|-crit|p2b: Arcanine\n|-damage|p2b: Arcanine|2\/100\n|-crit|p2b: Arcanine\n|-damage|p2b: Arcanine|0 fnt\n|faint|p2b: Arcanine\n|-hitcount|p2: Arcanine|2\n|\n|upkeep\n|\n|t:|1700307179\n|switch|p2b: Iron Hands|Iron Hands, L50|100\/100\n|switch|p2a: Chien-Pao|Chien-Pao, L50|100\/100\n|-ability|p2a: Chien-Pao|Sword of Ruin\n|turn|5\n|\n|t:|1700307234\n|switch|p1a: Iron Hands|Iron Hands, L50|81\/100\n|switch|p1b: Amoonguss|Amoonguss, L50, M|100\/100\n|move|p2b: Iron Hands|Fake Out|p1a: Iron Hands\n|-damage|p1a: Iron Hands|66\/100\n|move|p2a: Chien-Pao|Ice Spinner|p1b: Amoonguss\n|-supereffective|p1b: Amoonguss\n|-damage|p1b: Amoonguss|12\/100\n|-enditem|p1b: Amoonguss|Sitrus Berry|[eat]\n|-heal|p1b: Amoonguss|37\/100|[from] item: Sitrus Berry\n|\n|-sideend|p2: Alakadabra22|move: Tailwind\n|upkeep\n|turn|6\n|l| seguace del culto\n|j| seguace del culto\n|\n|t:|1700307283\n|move|p2a: Chien-Pao|Ice Spinner|p1b: Amoonguss\n|-supereffective|p1b: Amoonguss\n|-damage|p1b: Amoonguss|0 fnt\n|faint|p1b: Amoonguss\n|move|p2b: Iron Hands|Heavy Slam|p1a: Iron Hands\n|-resisted|p1a: Iron Hands\n|-damage|p1a: Iron Hands|60\/100\n|move|p1a: Iron Hands|Wild Charge|p2a: Chien-Pao\n|-damage|p2a: Chien-Pao|29\/100\n|-damage|p1a: Iron Hands|48\/100|[from] Recoil\n|\n|upkeep\n|l| seguace del culto\n|\n|t:|1700307311\n|switch|p1b: Urshifu|Urshifu-Rapid-Strike, L50, M|37\/100\n|turn|7\n|j| seguace del culto\n|\n|t:|1700307384\n|move|p1b: Urshifu|Aqua Jet|p2a: Chien-Pao\n|-damage|p2a: Chien-Pao|0 fnt\n|faint|p2a: Chien-Pao\n|move|p2b: Iron Hands|Drain Punch|p1b: Urshifu\n|-damage|p1b: Urshifu|0 fnt\n|faint|p1b: Urshifu\n|move|p1a: Iron Hands|Drain Punch|p2b: Iron Hands\n|-damage|p2b: Iron Hands|72\/100\n|-heal|p1a: Iron Hands|62\/100|[from] drain|[of] p2b: Iron Hands\n|\n|upkeep\n|\n|t:|1700307395\n|switch|p1b: Arcanine|Arcanine-Hisui, L50, F, tera:Fairy|24\/100\n|-ability|p1b: Arcanine|Intimidate|boost\n|-unboost|p2b: Iron Hands|atk|1\n|turn|8\n|\n|t:|1700307401\n|move|p1b: Arcanine|Tera Blast|p2b: Iron Hands|[anim] Tera Blast Fairy\n|-supereffective|p2b: Iron Hands\n|-damage|p2b: Iron Hands|0 fnt\n|faint|p2b: Iron Hands\n|-end|p2b: Iron Hands|Quark Drive|[silent]\n|\n|win|AlakaAbra22\n|c|&|\/uhtml prompt-alakadabra22,Alakadabra22 is ready for game 3!\n|c|&|\/uhtml prompt-alakaabra22,AlakaAbra22 is ready for game 3!\nBoth players are ready! Starting next match!\n|l| Crudo de fava\n|l| higashi no gab\n|l|\u2606AlakaAbra22\n|l| seguace del culto\n|j| higashi no gab\n|l| higashi no gab\n","uploadtime":1700307405,"views":17,"p1id":"alakaabra22","p2id":"alakadabra22","formatid":"gen9vgc2023regulatione","rating":0,"private":0,"password":""}