{"id":"gen9vgc2023regulatione-1993217882","p1":"Dskee614","p2":"RedLantern2063","format":"[Gen 9] VGC 2023 Regulation E","log":"|j|\u2606Dskee614\n|j|\u2606RedLantern2063\n|t:|1700279502\n|gametype|doubles\n|player|p1|Dskee614|lance|1115\n|player|p2|RedLantern2063|rocketgrunt|1000\n|teamsize|p1|6\n|teamsize|p2|6\n|gen|9\n|tier|[Gen 9] VGC 2023 Regulation E\n|rated|\n|rule|Species Clause: Limit one of each Pok\u00e9mon\n|rule|Item Clause: Limit one of each item\n|clearpoke\n|poke|p1|Gliscor, L50, M|\n|poke|p1|Annihilape, L50, M|\n|poke|p1|Arcanine-Hisui, L50, M|\n|poke|p1|Wo-Chien, L50|\n|poke|p1|Flutter Mane, L50|\n|poke|p1|Munkidori, L50, M|\n|poke|p2|Talonflame, L50, M|\n|poke|p2|Rillaboom, L50, M|\n|poke|p2|Empoleon, L50, F|\n|poke|p2|Ninetales-Alola, L50, F|\n|poke|p2|Roaring Moon, L50|\n|poke|p2|Landorus-Therian, L50, M|\n|teampreview|4\n|inactive|Battle timer is ON: inactive players will automatically lose when time's up. (requested by Dskee614)\n|inactive|RedLantern2063 has 60 seconds left.\n|\n|t:|1700279559\n|start\n|switch|p1a: Wo-Chien|Wo-Chien, L50|100\/100\n|switch|p1b: Munkidori|Munkidori, L50, M|100\/100\n|switch|p2a: Roaring Moon|Roaring Moon, L50|100\/100\n|switch|p2b: Landorus|Landorus-Therian, L50, M|100\/100\n|-ability|p2b: Landorus|Intimidate|boost\n|-unboost|p1a: Wo-Chien|atk|1\n|-unboost|p1b: Munkidori|atk|1\n|-ability|p1a: Wo-Chien|Tablets of Ruin\n|-enditem|p2a: Roaring Moon|Booster Energy\n|-activate|p2a: Roaring Moon|ability: Protosynthesis|[fromitem]\n|-start|p2a: Roaring Moon|protosynthesisspe\n|turn|1\n|\n|t:|1700279580\n|move|p1b: Munkidori|Fake Out|p2b: Landorus\n|-damage|p2b: Landorus|96\/100\n|move|p2a: Roaring Moon|Knock Off|p1b: Munkidori\n|-supereffective|p1b: Munkidori\n|-enditem|p1b: Munkidori|Focus Sash\n|-damage|p1b: Munkidori|1\/100\n|cant|p2b: Landorus|flinch\n|move|p1a: Wo-Chien|Leech Seed|p2a: Roaring Moon\n|-start|p2a: Roaring Moon|move: Leech Seed\n|\n|-damage|p2a: Roaring Moon|88\/100|[from] Leech Seed|[of] p1a: Wo-Chien\n|upkeep\n|turn|2\n|\n|t:|1700279605\n|move|p2a: Roaring Moon|Knock Off|p1a: Wo-Chien\n|-resisted|p1a: Wo-Chien\n|-damage|p1a: Wo-Chien|82\/100\n|-enditem|p1a: Wo-Chien|Leftovers|[from] move: Knock Off|[of] p2a: Roaring Moon\n|move|p2b: Landorus|U-turn|p1b: Munkidori\n|-damage|p1b: Munkidori|0 fnt\n|faint|p1b: Munkidori\n|\n|t:|1700279619\n|switch|p2b: Ninetales|Ninetales-Alola, L50, F|100\/100|[from] U-turn\n|-weather|Snow|[from] ability: Snow Warning|[of] p2b: Ninetales\n|move|p1a: Wo-Chien|Pollen Puff|p2a: Roaring Moon\n|-supereffective|p2a: Roaring Moon\n|-damage|p2a: Roaring Moon|45\/100\n|\n|-weather|Snow|[upkeep]\n|-damage|p2a: Roaring Moon|33\/100|[from] Leech Seed|[of] p1a: Wo-Chien\n|-heal|p1a: Wo-Chien|94\/100|[silent]\n|upkeep\n|\n|t:|1700279624\n|switch|p1b: Annihilape|Annihilape, L50, M, shiny|100\/100\n|turn|3\n|inactive|Dskee614 has 30 seconds left.\n|inactive|Dskee614 has 20 seconds left.\n|\n|t:|1700279662\n|move|p1b: Annihilape|Protect|p1b: Annihilape\n|-singleturn|p1b: Annihilape|Protect\n|move|p2a: Roaring Moon|Taunt|p1b: Annihilape\n|-activate|p1b: Annihilape|move: Protect\n|move|p2b: Ninetales|Dazzling Gleam|p1a: Wo-Chien|[spread] p1a\n|-activate|p1b: Annihilape|move: Protect\n|-supereffective|p1a: Wo-Chien\n|-damage|p1a: Wo-Chien|71\/100\n|move|p1a: Wo-Chien|Leech Seed|p2b: Ninetales\n|-start|p2b: Ninetales|move: Leech Seed\n|\n|-weather|Snow|[upkeep]\n|-damage|p2a: Roaring Moon|21\/100|[from] Leech Seed|[of] p1a: Wo-Chien\n|-heal|p1a: Wo-Chien|82\/100|[silent]\n|-damage|p2b: Ninetales|88\/100|[from] Leech Seed|[of] p1a: Wo-Chien\n|-heal|p1a: Wo-Chien|92\/100|[silent]\n|upkeep\n|turn|4\n|inactive|Dskee614 has 30 seconds left.\n|inactive|Dskee614 has 20 seconds left.\n|inactive|Dskee614 has 15 seconds left.\n|inactive|Dskee614 has 10 seconds left.\n|inactive|Dskee614 has 5 seconds left.\n|\n|t:|1700279715\n|move|p2a: Roaring Moon|Knock Off|p1b: Annihilape\n|-damage|p1b: Annihilape|63\/100\n|-enditem|p1b: Annihilape|Sitrus Berry|[from] move: Knock Off|[of] p2a: Roaring Moon\n|move|p2b: Ninetales|Dazzling Gleam|p1b: Annihilape|[spread] p1a,p1b\n|-supereffective|p1a: Wo-Chien\n|-supereffective|p1b: Annihilape\n|-damage|p1a: Wo-Chien|66\/100\n|-damage|p1b: Annihilape|21\/100\n|move|p1b: Annihilape|Drain Punch|p2a: Roaring Moon\n|-supereffective|p2a: Roaring Moon\n|-damage|p2a: Roaring Moon|0 fnt\n|-heal|p1b: Annihilape|30\/100|[from] drain|[of] p2a: Roaring Moon\n|faint|p2a: Roaring Moon\n|-end|p2a: Roaring Moon|Protosynthesis|[silent]\n|move|p1a: Wo-Chien|Pollen Puff|p1b: Annihilape\n|-heal|p1b: Annihilape|80\/100\n|\n|-weather|Snow|[upkeep]\n|-damage|p2b: Ninetales|76\/100|[from] Leech Seed|[of] p1a: Wo-Chien\n|-heal|p1a: Wo-Chien|75\/100|[silent]\n|upkeep\n|inactive|RedLantern2063 has 30 seconds left.\n|\n|t:|1700279747\n|switch|p2a: Landorus|Landorus-Therian, L50, M|96\/100\n|-ability|p2a: Landorus|Intimidate|boost\n|-unboost|p1a: Wo-Chien|atk|1\n|-unboost|p1b: Annihilape|atk|1\n|-ability|p1b: Annihilape|Defiant|boost\n|-boost|p1b: Annihilape|atk|2\n|turn|5\n|inactive|Dskee614 has 30 seconds left.\n|\n|t:|1700279773\n|-terastallize|p2a: Landorus|Flying\n|move|p1b: Annihilape|Protect|p1b: Annihilape\n|-singleturn|p1b: Annihilape|Protect\n|move|p2a: Landorus|Tera Blast|p1b: Annihilape|[anim] Tera Blast Flying\n|-activate|p1b: Annihilape|move: Protect\n|move|p2b: Ninetales|Blizzard|p1a: Wo-Chien|[spread] p1a\n|-activate|p1b: Annihilape|move: Protect\n|-supereffective|p1a: Wo-Chien\n|-damage|p1a: Wo-Chien|40\/100\n|move|p1a: Wo-Chien|Leech Seed|p2a: Landorus|[miss]\n|-miss|p1a: Wo-Chien|p2a: Landorus\n|\n|-weather|Snow|[upkeep]\n|-damage|p2b: Ninetales|64\/100|[from] Leech Seed|[of] p1a: Wo-Chien\n|-heal|p1a: Wo-Chien|49\/100|[silent]\n|upkeep\n|turn|6\n|inactive|Dskee614 has 30 seconds left.\n|inactive|RedLantern2063 has 30 seconds left.\n|inactive|Dskee614 has 20 seconds left.\n|inactive|Dskee614 has 15 seconds left.\n|inactive|Dskee614 has 10 seconds left.\n|\n|t:|1700279818\n|-terastallize|p1b: Annihilape|Fairy\n|move|p1a: Wo-Chien|Protect|p1a: Wo-Chien\n|-singleturn|p1a: Wo-Chien|Protect\n|move|p2a: Landorus|Tera Blast|p1b: Annihilape|[anim] Tera Blast Flying\n|-damage|p1b: Annihilape|29\/100\n|move|p2b: Ninetales|Blizzard|p1a: Wo-Chien|[spread] p1b\n|-activate|p1a: Wo-Chien|move: Protect\n|-damage|p1b: Annihilape|0 fnt\n|faint|p1b: Annihilape\n|\n|-weather|none\n|-damage|p2b: Ninetales|52\/100|[from] Leech Seed|[of] p1a: Wo-Chien\n|-heal|p1a: Wo-Chien|58\/100|[silent]\n|upkeep\n|\n|t:|1700279830\n|switch|p1b: Flutter Mane|Flutter Mane, L50, shiny|100\/100\n|-enditem|p1b: Flutter Mane|Booster Energy\n|-activate|p1b: Flutter Mane|ability: Protosynthesis|[fromitem]\n|-start|p1b: Flutter Mane|protosynthesisspe\n|turn|7\n|\n|t:|1700279848\n|switch|p2b: Empoleon|Empoleon, L50, F|100\/100\n|move|p1b: Flutter Mane|Thunderbolt|p2a: Landorus\n|-supereffective|p2a: Landorus\n|-damage|p2a: Landorus|11\/100\n|move|p2a: Landorus|Tera Blast|p1b: Flutter Mane|[anim] Tera Blast Flying\n|-crit|p1b: Flutter Mane\n|-damage|p1b: Flutter Mane|0 fnt\n|faint|p1b: Flutter Mane\n|-end|p1b: Flutter Mane|Protosynthesis|[silent]\n|move|p1a: Wo-Chien|Leech Seed|p2a: Landorus\n|-start|p2a: Landorus|move: Leech Seed\n|\n|-damage|p2a: Landorus|0 fnt|[from] Leech Seed|[of] p1a: Wo-Chien\n|-heal|p1a: Wo-Chien|68\/100|[silent]\n|faint|p2a: Landorus\n|upkeep\n|\n|t:|1700279862\n|switch|p2a: Ninetales|Ninetales-Alola, L50, F|52\/100\n|-weather|Snow|[from] ability: Snow Warning|[of] p2a: Ninetales\n|turn|8\n|\n|t:|1700279871\n|move|p2a: Ninetales|Blizzard|p1a: Wo-Chien\n|-supereffective|p1a: Wo-Chien\n|-damage|p1a: Wo-Chien|20\/100\n|move|p1a: Wo-Chien|Giga Drain|p2b: Empoleon\n|-damage|p2b: Empoleon|85\/100\n|-heal|p1a: Wo-Chien|27\/100|[from] drain|[of] p2b: Empoleon\n|move|p2b: Empoleon|Air Slash|p1a: Wo-Chien\n|-supereffective|p1a: Wo-Chien\n|-damage|p1a: Wo-Chien|0 fnt\n|faint|p1a: Wo-Chien\n|\n|win|RedLantern2063\n|raw|Dskee614's rating: 1115 &rarr; <strong>1082<\/strong><br \/>(-33 for losing)\n|raw|RedLantern2063's rating: 1000 &rarr; <strong>1053<\/strong><br \/>(+53 for winning)\n|l|\u2606Dskee614\n","uploadtime":1700279886,"views":32,"p1id":"dskee614","p2id":"redlantern2063","formatid":"gen9vgc2023regulatione","rating":1053,"private":0,"password":""}