{"id":"gen9vgc2023regulatione-1993678653","p1":"RygarVGC","p2":"Rei V2","format":"[Gen 9] VGC 2023 Regulation E","log":"|j|\u2606RygarVGC\n|j|\u2606Rei V2\n|t:|1700344655\n|gametype|doubles\n|player|p1|RygarVGC|darach-caitlin|1465\n|player|p2|Rei V2|ethan|1545\n|teamsize|p1|6\n|teamsize|p2|6\n|gen|9\n|tier|[Gen 9] VGC 2023 Regulation E\n|rated|\n|rule|Species Clause: Limit one of each Pok\u00e9mon\n|rule|Item Clause: Limit one of each item\n|clearpoke\n|poke|p1|Indeedee-F, L50, F|\n|poke|p1|Armarouge, L50, F|\n|poke|p1|Torkoal, L50, M|\n|poke|p1|Roaring Moon, L50|\n|poke|p1|Sneasler, L50, M|\n|poke|p1|Iron Hands, L50|\n|poke|p2|Gholdengo, L50|\n|poke|p2|Tornadus, L50, M|\n|poke|p2|Urshifu-*, L50, M|\n|poke|p2|Chien-Pao, L50|\n|poke|p2|Flutter Mane, L50|\n|poke|p2|Farigiraf, L50, F|\n|teampreview|4\n|inactive|Battle timer is ON: inactive players will automatically lose when time's up. (requested by Rei V2)\n|inactive|Rei V2 has 60 seconds left.\nRygarVGC has agreed to open team sheets.\n|inactive|Rei V2 has 30 seconds left.\n|inactive|Rei V2 has 20 seconds left.\n|\n|t:|1700344736\n|start\n|switch|p1a: Sneasler|Sneasler, L50, M|100\/100\n|switch|p1b: Armarouge|Armarouge, L50, F|100\/100\n|switch|p2a: Tornadus|Tornadus, L50, M, shiny|100\/100\n|switch|p2b: Gholdengo|Gholdengo, L50|100\/100\n|turn|1\n|inactive|RygarVGC has 30 seconds left.\n|inactive|Rei V2 has 30 seconds left.\n|inactive|Rei V2 has 20 seconds left.\n|\n|t:|1700344778\n|-terastallize|p2b: Gholdengo|Dragon\n|move|p1b: Armarouge|Wide Guard|p1b: Armarouge\n|-singleturn|p1b: Armarouge|Wide Guard\n|move|p2a: Tornadus|Tailwind|p2a: Tornadus\n|-sidestart|p2: Rei V2|move: Tailwind\n|move|p2b: Gholdengo|Make It Rain|p1a: Sneasler|[spread] \n|-activate|p1a: Sneasler|move: Wide Guard\n|-activate|p1b: Armarouge|move: Wide Guard\n|move|p1a: Sneasler|Swords Dance|p1a: Sneasler\n|-boost|p1a: Sneasler|atk|2\n|\n|upkeep\n|turn|2\n|inactive|Rei V2 has 30 seconds left.\n|\n|t:|1700344811\n|switch|p2b: Urshifu|Urshifu-Rapid-Strike, L50, M|100\/100\n|switch|p1b: Indeedee|Indeedee-F, L50, F|100\/100\n|-fieldstart|move: Psychic Terrain|[from] ability: Psychic Surge|[of] p1b: Indeedee\n|-enditem|p1a: Sneasler|Psychic Seed\n|-boost|p1a: Sneasler|spd|1|[from] item: Psychic Seed\n|-terastallize|p1a: Sneasler|Flying\n|move|p1a: Sneasler|Acrobatics|p2b: Urshifu\n|-supereffective|p2b: Urshifu\n|-damage|p2b: Urshifu|0 fnt\n|faint|p2b: Urshifu\n|move|p2a: Tornadus|Bleakwind Storm|p1a: Sneasler|[spread] p1a,p1b\n|-damage|p1a: Sneasler|66\/100\n|-damage|p1b: Indeedee|76\/100\n|\n|upkeep\n|\n|t:|1700344828\n|switch|p2b: Gholdengo|Gholdengo, L50, tera:Dragon|100\/100\n|turn|3\n|\n|t:|1700344840\n|move|p2a: Tornadus|Scary Face|p1a: Sneasler\n|-unboost|p1a: Sneasler|spe|2\n|move|p2b: Gholdengo|Make It Rain|p1b: Indeedee|[spread] p1a,p1b\n|-damage|p1a: Sneasler|0 fnt\n|-damage|p1b: Indeedee|16\/100\n|-unboost|p2b: Gholdengo|spa|1\n|faint|p1a: Sneasler\n|move|p1b: Indeedee|Dazzling Gleam|p2a: Tornadus|[spread] p2a,p2b\n|-supereffective|p2b: Gholdengo\n|-damage|p2a: Tornadus|84\/100\n|-damage|p2b: Gholdengo|73\/100\n|\n|upkeep\n|\n|t:|1700344853\n|switch|p1a: Armarouge|Armarouge, L50, F|100\/100\n|turn|4\n|\n|t:|1700344864\n|switch|p2b: Flutter Mane|Flutter Mane, L50|100\/100\n|-enditem|p2b: Flutter Mane|Booster Energy\n|-activate|p2b: Flutter Mane|ability: Protosynthesis|[fromitem]\n|-start|p2b: Flutter Mane|protosynthesisspa\n|move|p1b: Indeedee|Follow Me|p1b: Indeedee\n|-singleturn|p1b: Indeedee|move: Follow Me\n|move|p2a: Tornadus|Bleakwind Storm|p1a: Armarouge|[spread] \n|-miss|p2a: Tornadus|p1a: Armarouge\n|-miss|p2a: Tornadus|p1b: Indeedee\n|move|p1a: Armarouge|Trick Room|p1a: Armarouge\n|-fieldstart|move: Trick Room|[of] p1a: Armarouge\n|\n|-sideend|p2: Rei V2|move: Tailwind\n|upkeep\n|turn|5\n|\n|t:|1700344888\n|move|p1b: Indeedee|Helping Hand|p1a: Armarouge\n|-singleturn|p1a: Armarouge|Helping Hand|[of] p1b: Indeedee\n|move|p2a: Tornadus|Scary Face|p2b: Flutter Mane\n|-unboost|p2b: Flutter Mane|spe|2\n|move|p1a: Armarouge|Expanding Force|p2b: Flutter Mane|[spread] p2a,p2b\n|-damage|p2a: Tornadus|0 fnt\n|-damage|p2b: Flutter Mane|0 fnt\n|faint|p2a: Tornadus\n|faint|p2b: Flutter Mane\n|-end|p2b: Flutter Mane|Protosynthesis|[silent]\n|-damage|p1a: Armarouge|91\/100|[from] item: Life Orb\n|\n|upkeep\n|-message|Rei V2 forfeited.\n|\n|win|RygarVGC\n|raw|RygarVGC's rating: 1465 &rarr; <strong>1490<\/strong><br \/>(+25 for winning)\n|raw|Rei V2's rating: 1545 &rarr; <strong>1520<\/strong><br \/>(-25 for losing)\n|l|\u2606Rei V2\n","uploadtime":1700344907,"views":28,"p1id":"rygarvgc","p2id":"reiv2","formatid":"gen9vgc2023regulatione","rating":1490,"private":0,"password":""}