{"id":"gen9vgc2023regulatione-1994936623","p1":"tyl8","p2":"Nesnero","format":"[Gen 9] VGC 2023 Regulation E","log":"|j|\u2606tyl8\n|j|\u2606Nesnero\n|t:|1700506206\n|gametype|doubles\n|player|p1|tyl8|mallow-masters|1418\n|player|p2|Nesnero|sage|1401\n|teamsize|p1|6\n|teamsize|p2|6\n|gen|9\n|tier|[Gen 9] VGC 2023 Regulation E\n|rated|\n|rule|Species Clause: Limit one of each Pok\u00e9mon\n|rule|Item Clause: Limit one of each item\n|clearpoke\n|poke|p1|Gholdengo, L50|\n|poke|p1|Ogerpon-Wellspring, L50, F|\n|poke|p1|Roaring Moon, L50|\n|poke|p1|Iron Hands, L50|\n|poke|p1|Tornadus, L50, M|\n|poke|p1|Arcanine-Hisui, L50, M|\n|poke|p2|Amoonguss, L50, F|\n|poke|p2|Tornadus, L50, M|\n|poke|p2|Urshifu-*, L50, M|\n|poke|p2|Gholdengo, L50|\n|poke|p2|Iron Hands, L50|\n|poke|p2|Spectrier, L50|\n|teampreview|4\n|inactive|Battle timer is ON: inactive players will automatically lose when time's up. (requested by tyl8)\n|inactive|tyl8 has 60 seconds left.\n|inactive|Nesnero has 60 seconds left.\n|inactive|tyl8 has 30 seconds left.\n|inactive|Nesnero has 30 seconds left.\n|inactive|Nesnero has 20 seconds left.\n|inactive|Nesnero has 15 seconds left.\n|inactive|Nesnero has 10 seconds left.\n|inactive|Nesnero has 5 seconds left.\n|\n|t:|1700506296\n|start\n|switch|p1a: Gholdengo|Gholdengo, L50|100\/100\n|switch|p1b: Ogerpon|Ogerpon-Wellspring, L50, F|100\/100\n|switch|p2a: Amoonguss|Amoonguss, L50, F|100\/100\n|switch|p2b: Tornadus|Tornadus, L50, M|100\/100\n|turn|1\n|c|\u2606Nesnero|oh shit sorry\n|\n|t:|1700506316\n|switch|p2a: Gholdengo|Gholdengo, L50|100\/100\n|move|p2b: Tornadus|Tailwind|p2b: Tornadus\n|-sidestart|p2: Nesnero|move: Tailwind\n|move|p1b: Ogerpon|Ivy Cudgel|p2b: Tornadus|[anim] Ivy Cudgel Water\n|-damage|p2b: Tornadus|13\/100\n|move|p1a: Gholdengo|Nasty Plot|p1a: Gholdengo\n|-boost|p1a: Gholdengo|spa|2\n|\n|upkeep\n|turn|2\n|\n|t:|1700506337\n|-terastallize|p2a: Gholdengo|Dragon\n|-terastallize|p1b: Ogerpon|Water\n|detailschange|p1b: Ogerpon|Ogerpon-Wellspring-Tera, L50, F, tera:Water\n|-ability|p1b: Ogerpon|Embody Aspect (Wellspring)|boost\n|-boost|p1b: Ogerpon|spd|1\n|move|p1b: Ogerpon|Follow Me|p1b: Ogerpon\n|-singleturn|p1b: Ogerpon|move: Follow Me\n|move|p2b: Tornadus|Taunt|p1b: Ogerpon\n|-start|p1b: Ogerpon|move: Taunt\n|move|p2a: Gholdengo|Nasty Plot|p2a: Gholdengo\n|-boost|p2a: Gholdengo|spa|2\n|move|p1a: Gholdengo|Shadow Ball|p2a: Gholdengo\n|-damage|p2a: Gholdengo|30\/100\n|-unboost|p2a: Gholdengo|spd|1\n|\n|-heal|p2a: Gholdengo|36\/100|[from] item: Leftovers\n|upkeep\n|turn|3\n|inactive|tyl8 has 30 seconds left.\n|inactive|Nesnero has 30 seconds left.\n|inactive|tyl8 has 20 seconds left.\n|\n|t:|1700506375\n|move|p2a: Gholdengo|Protect|p2a: Gholdengo\n|-singleturn|p2a: Gholdengo|Protect\n|move|p1a: Gholdengo|Protect|p1a: Gholdengo\n|-singleturn|p1a: Gholdengo|Protect\n|move|p2b: Tornadus|Rain Dance|p2b: Tornadus\n|-weather|RainDance\n|move|p1b: Ogerpon|Ivy Cudgel|p2a: Gholdengo|[anim] Ivy Cudgel Water\n|-activate|p2a: Gholdengo|move: Protect\n|\n|-weather|RainDance|[upkeep]\n|-heal|p2a: Gholdengo|42\/100|[from] item: Leftovers\n|upkeep\n|turn|4\n|\n|t:|1700506387\n|move|p1a: Gholdengo|Protect|p1a: Gholdengo\n|-singleturn|p1a: Gholdengo|Protect\n|move|p2b: Tornadus|Bleakwind Storm|p1b: Ogerpon|[spread] p1b\n|-activate|p1a: Gholdengo|move: Protect\n|-damage|p1b: Ogerpon|78\/100\n|-unboost|p1b: Ogerpon|spe|1\n|move|p2a: Gholdengo|Make It Rain|p1b: Ogerpon|[spread] p1b\n|-activate|p1a: Gholdengo|move: Protect\n|-resisted|p1b: Ogerpon\n|-damage|p1b: Ogerpon|54\/100\n|-unboost|p2a: Gholdengo|spa|1\n|move|p1b: Ogerpon|Ivy Cudgel|p2a: Gholdengo|[anim] Ivy Cudgel Water\n|-resisted|p2a: Gholdengo\n|-damage|p2a: Gholdengo|0 fnt\n|faint|p2a: Gholdengo\n|\n|-weather|RainDance|[upkeep]\n|-sideend|p2: Nesnero|move: Tailwind\n|upkeep\n|\n|t:|1700506405\n|switch|p2a: Urshifu|Urshifu-Rapid-Strike, L50, M|100\/100\n|turn|5\n|\n|t:|1700506414\n|switch|p1b: Tornadus|Tornadus, L50, M|100\/100\n|move|p2b: Tornadus|Tailwind|p2b: Tornadus\n|-sidestart|p2: Nesnero|move: Tailwind\n|move|p2a: Urshifu|Surging Strikes|p1a: Gholdengo\n|-crit|p1a: Gholdengo\n|-damage|p1a: Gholdengo|71\/100\n|-crit|p1a: Gholdengo\n|-damage|p1a: Gholdengo|43\/100\n|-crit|p1a: Gholdengo\n|-damage|p1a: Gholdengo|12\/100\n|-hitcount|p1a: Gholdengo|3\n|move|p1a: Gholdengo|Make It Rain|p2a: Urshifu|[spread] p2a,p2b\n|-resisted|p2a: Urshifu\n|-damage|p2a: Urshifu|30\/100\n|-damage|p2b: Tornadus|0 fnt\n|-unboost|p1a: Gholdengo|spa|1\n|faint|p2b: Tornadus\n|\n|-weather|RainDance|[upkeep]\n|-heal|p1a: Gholdengo|19\/100|[from] item: Leftovers\n|upkeep\n|\n|t:|1700506437\n|switch|p2b: Amoonguss|Amoonguss, L50, F|100\/100\n|turn|6\n|\n|t:|1700506453\n|move|p2a: Urshifu|Surging Strikes|p1a: Gholdengo\n|-crit|p1a: Gholdengo\n|-damage|p1a: Gholdengo|0 fnt\n|faint|p1a: Gholdengo\n|-hitcount|p1: Gholdengo|1\n|move|p1b: Tornadus|Bleakwind Storm|p2b: Amoonguss|[spread] p2a,p2b\n|-supereffective|p2a: Urshifu\n|-supereffective|p2b: Amoonguss\n|-damage|p2a: Urshifu|0 fnt\n|-damage|p2b: Amoonguss|43\/100\n|faint|p2a: Urshifu\n|move|p2b: Amoonguss|Spore|p1b: Tornadus\n|-status|p1b: Tornadus|slp|[from] move: Spore\n|\n|-weather|RainDance|[upkeep]\n|upkeep\n|\n|t:|1700506457\n|switch|p1a: Roaring Moon|Roaring Moon, L50, shiny|100\/100\n|-enditem|p1a: Roaring Moon|Booster Energy\n|-activate|p1a: Roaring Moon|ability: Protosynthesis|[fromitem]\n|-start|p1a: Roaring Moon|protosynthesisatk\n|turn|7\n|c|\u2606tyl8|Gg\n|\n|t:|1700506469\n|move|p1a: Roaring Moon|Acrobatics|p2b: Amoonguss\n|-supereffective|p2b: Amoonguss\n|-damage|p2b: Amoonguss|0 fnt\n|-damage|p1a: Roaring Moon|84\/100|[from] item: Rocky Helmet|[of] p2b: Amoonguss\n|faint|p2b: Amoonguss\n|\n|win|tyl8\n|raw|tyl8's rating: 1418 &rarr; <strong>1437<\/strong><br \/>(+19 for winning)\n|raw|Nesnero's rating: 1401 &rarr; <strong>1382<\/strong><br \/>(-19 for losing)\n|l|\u2606Nesnero\n","uploadtime":1700506480,"views":2,"p1id":"tyl8","p2id":"nesnero","formatid":"gen9vgc2023regulatione","rating":1382,"private":0,"password":""}