{"id":"gen9vgc2023regulatione-1991828688","p1":"k1tfox","p2":"Utfvnji","format":"[Gen 9] VGC 2023 Regulation E","log":"|j|\u2606k1tfox\n|j|\u2606Utfvnji\n|t:|1700124614\n|gametype|doubles\n|player|p1|k1tfox|harlequin|1110\n|player|p2|Utfvnji|102|1051\n|teamsize|p1|6\n|teamsize|p2|6\n|gen|9\n|tier|[Gen 9] VGC 2023 Regulation E\n|rated|\n|rule|Species Clause: Limit one of each Pok\u00e9mon\n|rule|Item Clause: Limit one of each item\n|clearpoke\n|poke|p1|Garganacl, L50, M|\n|poke|p1|Muk-Alola, L50, M|\n|poke|p1|Cresselia, L50, F|\n|poke|p1|Clefairy, L50, F|\n|poke|p1|Heatran, L50, F|\n|poke|p1|Gastrodon, L50, F|\n|poke|p2|Typhlosion-Hisui, L50, F|\n|poke|p2|Dachsbun, L50, F|\n|poke|p2|Murkrow, L50, M|\n|poke|p2|Chien-Pao, L50|\n|poke|p2|Dragonite, L50, F|\n|poke|p2|Rillaboom, L50, M|\n|teampreview|4\n|inactive|Battle timer is ON: inactive players will automatically lose when time's up. (requested by Utfvnji)\n|c|\u2606k1tfox|you dare challenge\n|c|\u2606k1tfox|DA BLOB\n|\n|t:|1700124631\n|start\n|switch|p1a: Roman Concrete|Garganacl, L50, M|100\/100\n|switch|p1b: DA BLOB|Muk-Alola, L50, M|100\/100\n|switch|p2a: Typhlosion|Typhlosion-Hisui, L50, F|100\/100\n|switch|p2b: Rillaboom|Rillaboom, L50, M|100\/100\n|-fieldstart|move: Grassy Terrain|[from] ability: Grassy Surge|[of] p2b: Rillaboom\n|turn|1\n|\n|t:|1700124646\n|switch|p2b: Dachsbun|Dachsbun, L50, F|100\/100\n|-terastallize|p1a: Roman Concrete|Ghost\n|move|p2a: Typhlosion|Lava Plume|p1a: Roman Concrete|[spread] p1a,p1b\n|-ability|p2b: Dachsbun|Well-Baked Body|boost\n|-boost|p2b: Dachsbun|def|2\n|-damage|p1a: Roman Concrete|74\/100\n|-damage|p1b: DA BLOB|84\/100\n|-status|p1b: DA BLOB|brn\n|move|p1b: DA BLOB|Stockpile|p1b: DA BLOB\n|-start|p1b: DA BLOB|stockpile1\n|-boost|p1b: DA BLOB|def|1\n|-boost|p1b: DA BLOB|spd|1\n|move|p1a: Roman Concrete|Curse|p2a: Typhlosion\n|-start|p2a: Typhlosion|Curse|[of] p1a: Roman Concrete\n|-damage|p1a: Roman Concrete|25\/100\n|\n|-heal|p1b: DA BLOB|90\/100 brn|[from] Grassy Terrain\n|-heal|p1a: Roman Concrete|30\/100|[from] Grassy Terrain\n|-heal|p1a: Roman Concrete|36\/100|[from] item: Leftovers\n|-damage|p1b: DA BLOB|84\/100 brn|[from] brn\n|-damage|p2a: Typhlosion|76\/100|[from] Curse\n|upkeep\n|turn|2\n|inactive|Utfvnji has 30 seconds left.\n|inactive|Utfvnji has 20 seconds left.\n|\n|t:|1700124685\n|move|p1a: Roman Concrete|Protect|p1a: Roman Concrete\n|-singleturn|p1a: Roman Concrete|Protect\n|move|p2a: Typhlosion|Lava Plume|p1a: Roman Concrete|[spread] p1b\n|-activate|p1a: Roman Concrete|move: Protect\n|-ability|p2b: Dachsbun|Well-Baked Body|boost\n|-boost|p2b: Dachsbun|def|2\n|-damage|p1b: DA BLOB|71\/100 brn\n|move|p2b: Dachsbun|Body Press|p1b: DA BLOB\n|-damage|p1b: DA BLOB|23\/100 brn\n|-enditem|p1b: DA BLOB|Aguav Berry|[eat]\n|-heal|p1b: DA BLOB|56\/100 brn|[from] item: Aguav Berry\n|move|p1b: DA BLOB|Acid Armor|p1b: DA BLOB\n|-boost|p1b: DA BLOB|def|2\n|\n|-heal|p2a: Typhlosion|82\/100|[from] Grassy Terrain\n|-heal|p1b: DA BLOB|62\/100 brn|[from] Grassy Terrain\n|-heal|p1a: Roman Concrete|42\/100|[from] Grassy Terrain\n|-heal|p1a: Roman Concrete|48\/100|[from] item: Leftovers\n|-damage|p1b: DA BLOB|56\/100 brn|[from] brn\n|-damage|p2a: Typhlosion|57\/100|[from] Curse\n|upkeep\n|turn|3\n|inactive|Utfvnji has 30 seconds left.\n|\n|t:|1700124713\n|switch|p2a: Rillaboom|Rillaboom, L50, M|100\/100\n|move|p2b: Dachsbun|Body Press|p1b: DA BLOB\n|-damage|p1b: DA BLOB|25\/100 brn\n|move|p1b: DA BLOB|Recycle|p1b: DA BLOB\n|-item|p1b: DA BLOB|Aguav Berry|[from] move: Recycle\n|-enditem|p1b: DA BLOB|Aguav Berry|[eat]\n|-heal|p1b: DA BLOB|58\/100 brn|[from] item: Aguav Berry\n|move|p1a: Roman Concrete|Recover|p1a: Roman Concrete\n|-heal|p1a: Roman Concrete|98\/100\n|\n|-heal|p1b: DA BLOB|64\/100 brn|[from] Grassy Terrain\n|-heal|p1a: Roman Concrete|100\/100|[from] Grassy Terrain\n|-damage|p1b: DA BLOB|58\/100 brn|[from] brn\n|upkeep\n|turn|4\n|\n|t:|1700124736\n|move|p2b: Dachsbun|Helping Hand|p2a: Rillaboom\n|-singleturn|p2a: Rillaboom|Helping Hand|[of] p2b: Dachsbun\n|move|p2a: Rillaboom|Knock Off|p1a: Roman Concrete\n|-supereffective|p1a: Roman Concrete\n|-damage|p1a: Roman Concrete|52\/100\n|-enditem|p1a: Roman Concrete|Leftovers|[from] move: Knock Off|[of] p2a: Rillaboom\n|move|p1b: DA BLOB|Toxic|p2b: Dachsbun\n|-status|p2b: Dachsbun|tox\n|move|p1a: Roman Concrete|Salt Cure|p2b: Dachsbun\n|-damage|p2b: Dachsbun|96\/100 tox\n|-start|p2b: Dachsbun|Salt Cure\n|\n|-heal|p2b: Dachsbun|100\/100 tox|[from] Grassy Terrain\n|-heal|p1b: DA BLOB|64\/100 brn|[from] Grassy Terrain\n|-heal|p1a: Roman Concrete|58\/100|[from] Grassy Terrain\n|-damage|p2b: Dachsbun|94\/100 tox|[from] psn\n|-damage|p1b: DA BLOB|58\/100 brn|[from] brn\n|-damage|p2b: Dachsbun|82\/100 tox|[from] Salt Cure\n|upkeep\n|turn|5\n|\n|t:|1700124760\n|move|p1a: Roman Concrete|Protect|p1a: Roman Concrete\n|-singleturn|p1a: Roman Concrete|Protect\n|move|p2b: Dachsbun|Body Press|p1b: DA BLOB\n|-damage|p1b: DA BLOB|28\/100 brn\n|move|p2a: Rillaboom|Stomping Tantrum|p1b: DA BLOB\n|-supereffective|p1b: DA BLOB\n|-damage|p1b: DA BLOB|5\/100 brn\n|move|p1b: DA BLOB|Toxic|p2a: Rillaboom\n|-status|p2a: Rillaboom|tox\n|\n|-heal|p2b: Dachsbun|88\/100 tox|[from] Grassy Terrain\n|-heal|p2b: Dachsbun|94\/100 tox|[from] item: Leftovers\n|-heal|p1b: DA BLOB|11\/100 brn|[from] Grassy Terrain\n|-heal|p1a: Roman Concrete|64\/100|[from] Grassy Terrain\n|-damage|p2b: Dachsbun|82\/100 tox|[from] psn\n|-damage|p2a: Rillaboom|94\/100 tox|[from] psn\n|-damage|p1b: DA BLOB|5\/100 brn|[from] brn\n|-damage|p2b: Dachsbun|70\/100 tox|[from] Salt Cure\n|-fieldend|move: Grassy Terrain\n|upkeep\n|turn|6\n|inactive|k1tfox has 30 seconds left.\n|\n|t:|1700124786\n|switch|p2b: Dragonite|Dragonite, L50, F|100\/100\n|switch|p1b: Bannana Duck|Cresselia, L50, F|100\/100\n|move|p2a: Rillaboom|Stomping Tantrum|p1b: Bannana Duck\n|-immune|p1b: Bannana Duck|[from] ability: Levitate\n|move|p1a: Roman Concrete|Recover|p1a: Roman Concrete\n|-heal|p1a: Roman Concrete|100\/100\n|\n|-damage|p2a: Rillaboom|82\/100 tox|[from] psn\n|upkeep\n|turn|7\n|\n|t:|1700124802\n|move|p2b: Dragonite|Outrage|p1b: Bannana Duck\n|-damage|p1b: Bannana Duck|20\/100\n|-enditem|p1b: Bannana Duck|Iapapa Berry|[eat]\n|-heal|p1b: Bannana Duck|53\/100|[from] item: Iapapa Berry\n|move|p2a: Rillaboom|Knock Off|p1b: Bannana Duck\n|-supereffective|p1b: Bannana Duck\n|-damage|p1b: Bannana Duck|20\/100\n|move|p1a: Roman Concrete|Salt Cure|p2b: Dragonite\n|-supereffective|p2b: Dragonite\n|-damage|p2b: Dragonite|68\/100\n|-start|p2b: Dragonite|Salt Cure\n|move|p1b: Bannana Duck|Trick Room|p1b: Bannana Duck\n|-fieldstart|move: Trick Room|[of] p1b: Bannana Duck\n|\n|-damage|p2a: Rillaboom|63\/100 tox|[from] psn\n|-damage|p2b: Dragonite|56\/100|[from] Salt Cure\n|upkeep\n|turn|8\n|\n|t:|1700124822\n|move|p1a: Roman Concrete|Salt Cure|p2a: Rillaboom\n|-damage|p2a: Rillaboom|50\/100 tox\n|-start|p2a: Rillaboom|Salt Cure\n|move|p1b: Bannana Duck|Lunar Blessing|p1b: Bannana Duck|[spread] p1a,p1b\n|-heal|p1b: Bannana Duck|45\/100\n|move|p2a: Rillaboom|Knock Off|p1b: Bannana Duck\n|-supereffective|p1b: Bannana Duck\n|-damage|p1b: Bannana Duck|14\/100\n|move|p2b: Dragonite|Outrage|p1b: Bannana Duck|[from]lockedmove\n|-damage|p1b: Bannana Duck|0 fnt\n|faint|p1b: Bannana Duck\n|-start|p2b: Dragonite|confusion|[fatigue]\n|\n|-damage|p2a: Rillaboom|25\/100 tox|[from] psn\n|-damage|p2a: Rillaboom|13\/100 tox|[from] Salt Cure\n|-damage|p2b: Dragonite|44\/100|[from] Salt Cure\n|upkeep\n|\n|t:|1700124839\n|switch|p1b: DA BLOB|Muk-Alola, L50, M|5\/100 brn\n|turn|9\n|\n|t:|1700124852\n|switch|p2b: Typhlosion|Typhlosion-Hisui, L50, F|57\/100\n|move|p1a: Roman Concrete|Protect|p1a: Roman Concrete\n|-singleturn|p1a: Roman Concrete|Protect\n|move|p1b: DA BLOB|Toxic|p2b: Typhlosion\n|-status|p2b: Typhlosion|tox\n|move|p2a: Rillaboom|Stomping Tantrum|p1b: DA BLOB\n|-supereffective|p1b: DA BLOB\n|-damage|p1b: DA BLOB|0 fnt\n|faint|p1b: DA BLOB\n|\n|-damage|p2a: Rillaboom|0 fnt|[from] psn\n|faint|p2a: Rillaboom\n|-damage|p2b: Typhlosion|51\/100 tox|[from] psn\n|upkeep\n|\n|t:|1700124864\n|switch|p1b: Sponge|Gastrodon, L50, F|100\/100\n|switch|p2a: Dachsbun|Dachsbun, L50, F|70\/100 tox\n|turn|10\n|\n|t:|1700124880\n|move|p1a: Roman Concrete|Salt Cure|p2b: Typhlosion\n|-supereffective|p2b: Typhlosion\n|-damage|p2b: Typhlosion|9\/100 tox\n|-start|p2b: Typhlosion|Salt Cure\n|move|p1b: Sponge|Muddy Water|p2a: Dachsbun|[spread] p2b\n|-miss|p1b: Sponge|p2a: Dachsbun\n|-supereffective|p2b: Typhlosion\n|-damage|p2b: Typhlosion|0 fnt\n|faint|p2b: Typhlosion\n|move|p2a: Dachsbun|Body Press|p1b: Sponge\n|-damage|p1b: Sponge|74\/100\n|-damage|p2a: Dachsbun|54\/100 tox|[from] item: Rocky Helmet|[of] p1b: Sponge\n|\n|-heal|p2a: Dachsbun|60\/100 tox|[from] item: Leftovers\n|-damage|p2a: Dachsbun|54\/100 tox|[from] psn\n|upkeep\n|\n|t:|1700124891\n|switch|p2b: Dragonite|Dragonite, L50, F|44\/100\n|turn|11\n|\n|t:|1700124909\n|move|p2a: Dachsbun|Helping Hand|p2b: Dragonite\n|-singleturn|p2b: Dragonite|Helping Hand|[of] p2a: Dachsbun\n|move|p1a: Roman Concrete|Salt Cure|p2b: Dragonite\n|-supereffective|p2b: Dragonite\n|-damage|p2b: Dragonite|14\/100\n|-start|p2b: Dragonite|Salt Cure\n|move|p1b: Sponge|Yawn|p2b: Dragonite\n|-start|p2b: Dragonite|move: Yawn|[of] p1b: Sponge\n|move|p2b: Dragonite|Outrage|p1b: Sponge\n|-damage|p1b: Sponge|0 fnt\n|-damage|p2b: Dragonite|0 fnt|[from] item: Rocky Helmet|[of] p1b: Sponge\n|faint|p1b: Sponge\n|faint|p2b: Dragonite\n|\n|-heal|p2a: Dachsbun|60\/100 tox|[from] item: Leftovers\n|-damage|p2a: Dachsbun|47\/100 tox|[from] psn\n|-fieldend|move: Trick Room\n|upkeep\n|turn|12\n|\n|t:|1700124926\n|move|p2a: Dachsbun|Play Rough|p1a: Roman Concrete\n|-damage|p1a: Roman Concrete|86\/100\n|move|p1a: Roman Concrete|Salt Cure|p2a: Dachsbun\n|-damage|p2a: Dachsbun|36\/100 tox\n|-start|p2a: Dachsbun|Salt Cure\n|\n|-heal|p2a: Dachsbun|42\/100 tox|[from] item: Leftovers\n|-damage|p2a: Dachsbun|24\/100 tox|[from] psn\n|-damage|p2a: Dachsbun|11\/100 tox|[from] Salt Cure\n|upkeep\n|turn|13\n|-message|Utfvnji forfeited.\n|\n|win|k1tfox\n|raw|k1tfox's rating: 1110 &rarr; <strong>1131<\/strong><br \/>(+21 for winning)\n|raw|Utfvnji's rating: 1051 &rarr; <strong>1036<\/strong><br \/>(-15 for losing)\n|l|\u2606Utfvnji\n|c|\u2606k1tfox|gg\n","uploadtime":1700124940,"views":15,"p1id":"k1tfox","p2id":"utfvnji","formatid":"gen9vgc2023regulatione","rating":1036,"private":0,"password":""}