{"id":"gen9vgc2023regulatione-1990602820","p1":"Urus_28","p2":"Casper614","format":"[Gen 9] VGC 2023 Regulation E","log":"|j|\u2606Urus_28\n|j|\u2606Casper614\n|t:|1699984921\n|gametype|doubles\n|player|p1|Urus_28|swimmer|1080\n|player|p2|Casper614|101|1156\n|teamsize|p1|6\n|teamsize|p2|6\n|gen|9\n|tier|[Gen 9] VGC 2023 Regulation E\n|rated|\n|rule|Species Clause: Limit one of each Pok\u00e9mon\n|rule|Item Clause: Limit one of each item\n|clearpoke\n|poke|p1|Urshifu-*, L50, M|\n|poke|p1|Tornadus, L50, M|\n|poke|p1|Ogerpon-Wellspring, L50, F|\n|poke|p1|Landorus-Therian, L50, M|\n|poke|p1|Grimmsnarl, L50, M|\n|poke|p1|Arcanine-Hisui, L50, M|\n|poke|p2|Dusclops, L50, F|\n|poke|p2|Bellibolt, L50, F|\n|poke|p2|Ting-Lu, L50|\n|poke|p2|Landorus-Therian, L50, M|\n|poke|p2|Dragalge, L50, F|\n|poke|p2|Sinistcha-Masterpiece, L50|\n|teampreview|4\n|\n|t:|1699984954\n|start\n|switch|p1a: Tornadus|Tornadus, L50, M|100\/100\n|switch|p1b: Arcanine|Arcanine-Hisui, L50, M|100\/100\n|switch|p2a: Dusclops|Dusclops, L50, F|100\/100\n|switch|p2b: Landorus|Landorus-Therian, L50, M|100\/100\n|-ability|p2b: Landorus|Intimidate|boost\n|-unboost|p1a: Tornadus|atk|1\n|-unboost|p1b: Arcanine|atk|1\n|-ability|p1b: Arcanine|Intimidate|boost\n|-unboost|p2a: Dusclops|atk|1\n|-unboost|p2b: Landorus|atk|1\n|-ability|p2a: Dusclops|Pressure\n|turn|1\n|inactive|Battle timer is ON: inactive players will automatically lose when time's up. (requested by Urus_28)\n|inactive|Urus_28 has 60 seconds left.\n|\n|t:|1699984994\n|move|p1a: Tornadus|Taunt|p2a: Dusclops\n|-start|p2a: Dusclops|move: Taunt\n|move|p2b: Landorus|Rock Slide|p1b: Arcanine|[spread] p1a,p1b\n|-supereffective|p1a: Tornadus\n|-supereffective|p1b: Arcanine\n|-damage|p1a: Tornadus|70\/100\n|-damage|p1b: Arcanine|64\/100\n|move|p1b: Arcanine|Flare Blitz|p2b: Landorus\n|-damage|p2b: Landorus|57\/100\n|-damage|p1b: Arcanine|50\/100|[from] Recoil\n|cant|p2a: Dusclops|move: Taunt|Trick Room\n|\n|-heal|p1b: Arcanine|56\/100|[from] item: Leftovers\n|upkeep\n|turn|2\n|\n|t:|1699985018\n|switch|p2a: Bellibolt|Bellibolt, L50, F|100\/100\n|move|p1a: Tornadus|Tailwind|p1a: Tornadus\n|-sidestart|p1: Urus_28|move: Tailwind\n|move|p1b: Arcanine|Crunch|p2a: Bellibolt\n|-damage|p2a: Bellibolt|86\/100\n|-start|p2a: Bellibolt|Charge|Crunch|[from] ability: Electromorphosis\n|move|p2b: Landorus|Rock Slide|p1b: Arcanine|[spread] p1a,p1b\n|-supereffective|p1a: Tornadus\n|-supereffective|p1b: Arcanine\n|-damage|p1a: Tornadus|38\/100\n|-damage|p1b: Arcanine|20\/100\n|\n|-heal|p1b: Arcanine|26\/100|[from] item: Leftovers\n|upkeep\n|turn|3\n|inactive|Urus_28 has 30 seconds left.\n|\n|t:|1699985050\n|switch|p1a: Landorus|Landorus-Therian, L50, M|100\/100\n|-ability|p1a: Landorus|Intimidate|boost\n|-unboost|p2a: Bellibolt|atk|1\n|-unboost|p2b: Landorus|atk|1\n|switch|p2a: Dusclops|Dusclops, L50, F|100\/100\n|-ability|p2a: Dusclops|Pressure\n|move|p1b: Arcanine|Flare Blitz|p2b: Landorus\n|-damage|p2b: Landorus|13\/100\n|-status|p2b: Landorus|brn\n|-damage|p1b: Arcanine|12\/100|[from] Recoil\n|move|p2b: Landorus|Rock Slide|p1a: Landorus|[spread] p1a,p1b\n|-supereffective|p1b: Arcanine\n|-damage|p1a: Landorus|94\/100\n|-damage|p1b: Arcanine|0 fnt\n|faint|p1b: Arcanine\n|\n|-damage|p2b: Landorus|7\/100 brn|[from] brn\n|upkeep\n|\n|t:|1699985071\n|switch|p1b: Tornadus|Tornadus, L50, M|38\/100\n|turn|4\n|\n|t:|1699985085\n|-terastallize|p2a: Dusclops|Dark\n|move|p1b: Tornadus|Taunt|p2a: Dusclops\n|-hint|Since gen 7, Dark is immune to Prankster moves.\n|-immune|p2a: Dusclops\n|move|p1a: Landorus|Stomping Tantrum|p2a: Dusclops\n|-crit|p2a: Dusclops\n|-damage|p2a: Dusclops|54\/100\n|move|p2b: Landorus|Rock Slide|p1b: Tornadus|[spread] p1a,p1b\n|-supereffective|p1b: Tornadus\n|-damage|p1a: Landorus|88\/100\n|-damage|p1b: Tornadus|27\/100\n|move|p2a: Dusclops|Trick Room|p2a: Dusclops\n|-fieldstart|move: Trick Room|[of] p2a: Dusclops\n|\n|-damage|p2b: Landorus|1\/100 brn|[from] brn\n|upkeep\n|turn|5\n|\n|t:|1699985109\n|switch|p2b: Dragalge|Dragalge, L50, F|100\/100\n|move|p2a: Dusclops|Pain Split|p1a: Landorus\n|-sethp|p1a: Landorus|63\/100|[from] move: Pain Split|[silent]\n|-sethp|p2a: Dusclops|88\/100|[from] move: Pain Split\n|move|p1b: Tornadus|Bleakwind Storm|p2b: Dragalge|[spread] p2b\n|-miss|p1b: Tornadus|p2a: Dusclops\n|-damage|p2b: Dragalge|68\/100\n|move|p1a: Landorus|Stomping Tantrum|p2a: Dusclops\n|-damage|p2a: Dusclops|60\/100\n|\n|-sideend|p1: Urus_28|move: Tailwind\n|upkeep\n|turn|6\n|inactive|Urus_28 has 30 seconds left.\n|\n|t:|1699985135\n|move|p2a: Dusclops|Will-O-Wisp|p1a: Landorus\n|-status|p1a: Landorus|brn\n|move|p2b: Dragalge|Draco Meteor|p1a: Landorus\n|-damage|p1a: Landorus|0 fnt\n|-unboost|p2b: Dragalge|spa|2\n|faint|p1a: Landorus\n|move|p1b: Tornadus|Bleakwind Storm|p2a: Dusclops|[spread] p2a\n|-miss|p1b: Tornadus|p2b: Dragalge\n|-crit|p2a: Dusclops\n|-damage|p2a: Dusclops|26\/100\n|\n|upkeep\n|\n|t:|1699985148\n|switch|p1a: Ogerpon|Ogerpon-Wellspring, L50, F|100\/100\n|turn|7\n|\n|t:|1699985165\n|move|p1b: Tornadus|Tailwind|p1b: Tornadus\n|-sidestart|p1: Urus_28|move: Tailwind\n|move|p2a: Dusclops|Pain Split|p1a: Ogerpon\n|-sethp|p1a: Ogerpon|58\/100|[from] move: Pain Split|[silent]\n|-sethp|p2a: Dusclops|94\/100|[from] move: Pain Split\n|move|p2b: Dragalge|Sludge Bomb|p1a: Ogerpon\n|-supereffective|p1a: Ogerpon\n|-damage|p1a: Ogerpon|0 fnt\n|faint|p1a: Ogerpon\n|\n|upkeep\n|turn|8\n|-message|Urus_28 forfeited.\n|\n|win|Casper614\n|raw|Urus_28's rating: 1080 &rarr; <strong>1063<\/strong><br \/>(-17 for losing)\n|raw|Casper614's rating: 1156 &rarr; <strong>1176<\/strong><br \/>(+20 for winning)\n|l|\u2606Urus_28\n","uploadtime":1699985180,"views":7,"p1id":"urus28","p2id":"casper614","formatid":"gen9vgc2023regulatione","rating":1063,"private":0,"password":""}