{"id":"gen9vgc2023regulatione-1998692870","p1":"SetsunaF2620","p2":"HeffNastyy","format":"[Gen 9] VGC 2023 Regulation E","log":"|j|\u2606SetsunaF2620\n|j|\u2606HeffNastyy\n|t:|1700973398\n|gametype|doubles\n|player|p1|SetsunaF2620|266|1429\n|player|p2|HeffNastyy|lance|1433\n|teamsize|p1|6\n|teamsize|p2|6\n|gen|9\n|tier|[Gen 9] VGC 2023 Regulation E\n|rated|\n|rule|Species Clause: Limit one of each Pok\u00e9mon\n|rule|Item Clause: Limit one of each item\n|clearpoke\n|poke|p1|Regidrago, L50|\n|poke|p1|Chi-Yu, L50|\n|poke|p1|Tornadus, L50, M|\n|poke|p1|Flutter Mane, L50|\n|poke|p1|Articuno-Galar, L50|\n|poke|p1|Gholdengo, L50|\n|poke|p2|Mimikyu, L50, F|\n|poke|p2|Ursaluna-Bloodmoon, L50, M|\n|poke|p2|Ogerpon-Wellspring, L50, F|\n|poke|p2|Chi-Yu, L50|\n|poke|p2|Iron Hands, L50|\n|poke|p2|Landorus-Therian, L50, M|\n|teampreview|4\n|inactive|Battle timer is ON: inactive players will automatically lose when time's up. (requested by SetsunaF2620)\nHeffNastyy has agreed to open team sheets.\n|inactive|SetsunaF2620 has 60 seconds left.\n|inactive|HeffNastyy has 60 seconds left.\n|inactive|HeffNastyy has 30 seconds left.\n|\n|t:|1700973466\n|start\n|switch|p1a: Articuno|Articuno-Galar, L50|100\/100\n|switch|p1b: Gholdengo|Gholdengo, L50|100\/100\n|switch|p2a: Mimikyu|Mimikyu, L50, F|100\/100\n|switch|p2b: Ogerpon|Ogerpon-Wellspring, L50, F|100\/100\n|turn|1\n|inactive|HeffNastyy has 30 seconds left.\n|inactive|HeffNastyy has 20 seconds left.\n|inactive|HeffNastyy has 15 seconds left.\n|inactive|HeffNastyy has 10 seconds left.\n|\n|t:|1700973515\n|-terastallize|p2a: Mimikyu|Fire\n|move|p1b: Gholdengo|Make It Rain|p2a: Mimikyu|[spread] p2a,p2b\n|-resisted|p2b: Ogerpon\n|-activate|p2a: Mimikyu|ability: Disguise\n|-damage|p2a: Mimikyu|100\/100\n|-damage|p2b: Ogerpon|70\/100\n|-unboost|p1b: Gholdengo|spa|1\n|detailschange|p2a: Mimikyu|Mimikyu-Busted, L50, F, tera:Fire\n|-damage|p2a: Mimikyu|88\/100|[from] pokemon: Mimikyu-Busted\n|-damage|p1b: Gholdengo|91\/100|[from] item: Life Orb\n|move|p2b: Ogerpon|Ivy Cudgel|p1b: Gholdengo|[anim] Ivy Cudgel Water\n|-damage|p1b: Gholdengo|24\/100\n|move|p1a: Articuno|Imprison|p1a: Articuno\n|-start|p1a: Articuno|move: Imprison\n|cant|p2a: Mimikyu|move: Imprison|Trick Room\n|\n|upkeep\n|turn|2\n|inactive|SetsunaF2620 has 30 seconds left.\n|inactive|HeffNastyy has 30 seconds left.\n|inactive|HeffNastyy has 20 seconds left.\n|inactive|HeffNastyy has 15 seconds left.\n|inactive|HeffNastyy has 10 seconds left.\n|\n|t:|1700973565\n|move|p1b: Gholdengo|Shadow Ball|p2b: Ogerpon\n|-damage|p2b: Ogerpon|37\/100\n|-damage|p1b: Gholdengo|14\/100|[from] item: Life Orb\n|move|p2b: Ogerpon|Ivy Cudgel|p1b: Gholdengo|[anim] Ivy Cudgel Water\n|-damage|p1b: Gholdengo|0 fnt\n|faint|p1b: Gholdengo\n|move|p1a: Articuno|Tailwind|p1a: Articuno\n|-sidestart|p1: SetsunaF2620|move: Tailwind\n|move|p2a: Mimikyu|Taunt|p1a: Articuno\n|-start|p1a: Articuno|move: Taunt\n|-enditem|p1a: Articuno|Mental Herb\n|-end|p1a: Articuno|move: Taunt\n|\n|upkeep\n|\n|t:|1700973581\n|switch|p1b: Regidrago|Regidrago, L50|100\/100\n|turn|3\n|\n|t:|1700973590\n|move|p2b: Ogerpon|Spiky Shield|p2b: Ogerpon\n|-singleturn|p2b: Ogerpon|move: Protect\n|move|p1b: Regidrago|Dragon Energy|p2a: Mimikyu|[spread] p2a\n|-activate|p2b: Ogerpon|move: Protect\n|-damage|p2a: Mimikyu|17\/100\n|move|p1a: Articuno|Freezing Glare|p2a: Mimikyu\n|-damage|p2a: Mimikyu|0 fnt\n|faint|p2a: Mimikyu\n|\n|upkeep\n|\n|t:|1700973605\n|switch|p2a: Ursaluna|Ursaluna-Bloodmoon, L50, M|100\/100\n|turn|4\n|\n|t:|1700973612\n|move|p2b: Ogerpon|Follow Me|p2b: Ogerpon\n|-singleturn|p2b: Ogerpon|move: Follow Me\n|move|p1b: Regidrago|Dragon Energy|p2a: Ursaluna|[spread] p2a,p2b\n|-damage|p2a: Ursaluna|10\/100\n|-damage|p2b: Ogerpon|0 fnt\n|faint|p2b: Ogerpon\n|move|p1a: Articuno|Freezing Glare|p2a: Ursaluna\n|-damage|p2a: Ursaluna|0 fnt\n|faint|p2a: Ursaluna\n|\n|upkeep\n|\n|t:|1700973622\n|switch|p2b: Chi-Yu|Chi-Yu, L50|100\/100\n|-ability|p2b: Chi-Yu|Beads of Ruin\n|turn|5\n|c|\u2606SetsunaF2620|Honestly g articuno has so mucb utility\n|c|\u2606SetsunaF2620|I love this mon\n|inactive|HeffNastyy has 30 seconds left.\n|c|\u2606HeffNastyy|this is the downside to my team is that it gets imprisoned so easily\n|c|\u2606SetsunaF2620|Such a sleeper pick\n|inactive|HeffNastyy has 20 seconds left.\n|\n|t:|1700973659\n|move|p1b: Regidrago|Dragon Energy|p2b: Chi-Yu\n|-damage|p2b: Chi-Yu|3\/100\n|move|p1a: Articuno|Freezing Glare|p2b: Chi-Yu\n|-immune|p2b: Chi-Yu\n|move|p2b: Chi-Yu|Dark Pulse|p1a: Articuno\n|-supereffective|p1a: Articuno\n|-damage|p1a: Articuno|0 fnt\n|faint|p1a: Articuno\n|\n|-sideend|p1: SetsunaF2620|move: Tailwind\n|upkeep\n|c|\u2606SetsunaF2620|Also yea i mean you need another taunt user\n|\n|t:|1700973672\n|switch|p1a: Flutter Mane|Flutter Mane, L50|100\/100\n|-enditem|p1a: Flutter Mane|Booster Energy\n|-activate|p1a: Flutter Mane|ability: Protosynthesis|[fromitem]\n|-start|p1a: Flutter Mane|protosynthesisspa\n|turn|6\n|c|\u2606HeffNastyy|no room for it lol\n|\n|t:|1700973691\n|-terastallize|p1a: Flutter Mane|Fairy\n|move|p1b: Regidrago|Dragon Energy|p2b: Chi-Yu\n|-damage|p2b: Chi-Yu|0 fnt\n|faint|p2b: Chi-Yu\n|\n|win|SetsunaF2620\n|raw|SetsunaF2620's rating: 1429 &rarr; <strong>1449<\/strong><br \/>(+20 for winning)\n|raw|HeffNastyy's rating: 1433 &rarr; <strong>1413<\/strong><br \/>(-20 for losing)\n|c|\u2606SetsunaF2620|Does ogrepon get access to it?\n|c|\u2606HeffNastyy|yeah but it needs its 4 other moves\n","uploadtime":1700973713,"views":3,"p1id":"setsunaf2620","p2id":"heffnastyy","formatid":"gen9vgc2023regulatione","rating":1413,"private":0,"password":""}