{"id":"gen9vgc2023regulatione-1993878259","p1":"Jungle211","p2":"A01562026","format":"[Gen 9] VGC 2023 Regulation E","log":"|j|\u2606Jungle211\n|j|\u2606A01562026\n|t:|1700368988\n|gametype|doubles\n|player|p1|Jungle211|burglar|1277\n|player|p2|A01562026|170|1342\n|teamsize|p1|6\n|teamsize|p2|6\n|gen|9\n|tier|[Gen 9] VGC 2023 Regulation E\n|rated|\n|rule|Species Clause: Limit one of each Pok\u00e9mon\n|rule|Item Clause: Limit one of each item\n|clearpoke\n|poke|p1|Amoonguss, L50, F|\n|poke|p1|Gholdengo, L50|\n|poke|p1|Flutter Mane, L50|\n|poke|p1|Urshifu-*, L50, M|\n|poke|p1|Tornadus, L50, M|\n|poke|p1|Chi-Yu, L50|\n|poke|p2|Grimmsnarl, L50, M|\n|poke|p2|Moltres-Galar, L50|\n|poke|p2|Sinistcha-Masterpiece, L50|\n|poke|p2|Gyarados, L50, M|\n|poke|p2|Annihilape, L50, F|\n|poke|p2|Munkidori, L50, M|\n|teampreview|4\n|\n|t:|1700369029\n|start\n|switch|p1a: Gholdengo|Gholdengo, L50|100\/100\n|switch|p1b: Urshifu|Urshifu-Rapid-Strike, L50, M|100\/100\n|switch|p2a: Grimmsnarl|Grimmsnarl, L50, M|100\/100\n|switch|p2b: Munkidori|Munkidori, L50, M|100\/100\n|turn|1\n|\n|t:|1700369047\n|move|p2b: Munkidori|Fake Out|p1b: Urshifu\n|-damage|p1b: Urshifu|91\/100\n|move|p2a: Grimmsnarl|Light Screen|p2a: Grimmsnarl\n|-sidestart|p2: A01562026|move: Light Screen\n|cant|p1b: Urshifu|flinch\n|move|p1a: Gholdengo|Nasty Plot|p1a: Gholdengo\n|-boost|p1a: Gholdengo|spa|2\n|\n|upkeep\n|turn|2\n|\n|t:|1700369064\n|move|p2a: Grimmsnarl|Reflect|p2a: Grimmsnarl\n|-sidestart|p2: A01562026|Reflect\n|move|p1b: Urshifu|Surging Strikes|p2b: Munkidori\n|-crit|p2b: Munkidori\n|-damage|p2b: Munkidori|65\/100\n|-crit|p2b: Munkidori\n|-damage|p2b: Munkidori|31\/100\n|-crit|p2b: Munkidori\n|-damage|p2b: Munkidori|0 fnt\n|faint|p2b: Munkidori\n|-hitcount|p2: Munkidori|3\n|move|p1a: Gholdengo|Make It Rain|p2a: Grimmsnarl\n|-supereffective|p2a: Grimmsnarl\n|-damage|p2a: Grimmsnarl|0 fnt\n|-unboost|p1a: Gholdengo|spa|1\n|faint|p2a: Grimmsnarl\n|\n|upkeep\n|\n|t:|1700369079\n|switch|p2b: Moltres|Moltres-Galar, L50|100\/100\n|switch|p2a: Sinistcha|Sinistcha-Masterpiece, L50|100\/100\n|turn|3\n|\n|t:|1700369094\n|-terastallize|p1a: Gholdengo|Dragon\n|move|p1b: Urshifu|Surging Strikes|p2b: Moltres\n|-crit|p2b: Moltres\n|-damage|p2b: Moltres|82\/100\n|-crit|p2b: Moltres\n|-damage|p2b: Moltres|62\/100\n|-crit|p2b: Moltres\n|-damage|p2b: Moltres|42\/100\n|-enditem|p2b: Moltres|Sitrus Berry|[eat]\n|-heal|p2b: Moltres|66\/100|[from] item: Sitrus Berry\n|-hitcount|p2b: Moltres|3\n|move|p1a: Gholdengo|Nasty Plot|p1a: Gholdengo\n|-boost|p1a: Gholdengo|spa|2\n|move|p2b: Moltres|Nasty Plot|p2b: Moltres\n|-boost|p2b: Moltres|spa|2\n|move|p2a: Sinistcha|Trick Room|p2a: Sinistcha\n|-fieldstart|move: Trick Room|[of] p2a: Sinistcha\n|\n|upkeep\n|turn|4\n|\n|t:|1700369114\n|move|p2a: Sinistcha|Matcha Gotcha|p1b: Urshifu|[spread] p1a\n|-miss|p2a: Sinistcha|p1b: Urshifu\n|-resisted|p1a: Gholdengo\n|-damage|p1a: Gholdengo|88\/100\n|move|p2b: Moltres|Fiery Wrath|p1a: Gholdengo|[spread] p1a,p1b\n|-resisted|p1b: Urshifu\n|-damage|p1a: Gholdengo|16\/100\n|-damage|p1b: Urshifu|42\/100\n|move|p1a: Gholdengo|Make It Rain|p2b: Moltres|[spread] p2a,p2b\n|-damage|p2a: Sinistcha|28\/100\n|-damage|p2b: Moltres|9\/100\n|-unboost|p1a: Gholdengo|spa|1\n|-ability|p2b: Moltres|Berserk|boost\n|-boost|p2b: Moltres|spa|1\n|move|p1b: Urshifu|Surging Strikes|p2b: Moltres\n|-crit|p2b: Moltres\n|-damage|p2b: Moltres|0 fnt\n|faint|p2b: Moltres\n|-hitcount|p2: Moltres|1\n|\n|-heal|p1a: Gholdengo|22\/100|[from] item: Leftovers\n|upkeep\n|turn|5\n|\n|t:|1700369132\n|move|p2a: Sinistcha|Matcha Gotcha|p1b: Urshifu|[spread] \n|-miss|p2a: Sinistcha|p1a: Gholdengo\n|-miss|p2a: Sinistcha|p1b: Urshifu\n|move|p1a: Gholdengo|Shadow Ball|p2a: Sinistcha\n|-supereffective|p2a: Sinistcha\n|-damage|p2a: Sinistcha|0 fnt\n|faint|p2a: Sinistcha\n|\n|win|Jungle211\n|raw|Jungle211's rating: 1277 &rarr; <strong>1307<\/strong><br \/>(+30 for winning)\n|raw|A01562026's rating: 1342 &rarr; <strong>1318<\/strong><br \/>(-24 for losing)\n|l|\u2606A01562026\n","uploadtime":1700369149,"views":9,"p1id":"jungle211","p2id":"a01562026","formatid":"gen9vgc2023regulatione","rating":1307,"private":0,"password":""}