{"id":"gen9vgc2023regulatione-1987896430","p1":"newdun","p2":"JOSTAROO","format":"[Gen 9] VGC 2023 Regulation E","log":"|j|\u2606newdun\n|j|\u2606JOSTAROO\n|t:|1699646924\n|gametype|doubles\n|player|p1|newdun|1|\n|player|p2|JOSTAROO|265|\n|teamsize|p1|6\n|teamsize|p2|6\n|gen|9\n|tier|[Gen 9] VGC 2023 Regulation E\n|rule|Species Clause: Limit one of each Pok\u00e9mon\n|rule|Item Clause: Limit one of each item\n|clearpoke\n|poke|p1|Grimmsnarl, L50, M|\n|poke|p1|Okidogi, L50, M|\n|poke|p1|Urshifu-*, L50, M|\n|poke|p1|Ogerpon-Hearthflame, L50, F|\n|poke|p1|Arcanine-Hisui, L50, M|\n|poke|p1|Iron Bundle, L50|\n|poke|p2|Ribombee, L50, F|\n|poke|p2|Cinderace, L50, M|\n|poke|p2|Breloom, L50, F|\n|poke|p2|Jigglypuff, L50, M|\n|poke|p2|Scizor, L50, M|\n|poke|p2|Dudunsparce-*, L50, F|\n|teampreview|4\nnewdun has agreed to open team sheets.\n|\n|t:|1699646962\n|start\n|switch|p1a: Grimmsnarl|Grimmsnarl, L50, M, shiny|100\/100\n|switch|p1b: Urshifu|Urshifu-Rapid-Strike, L50, M|100\/100\n|switch|p2a: Cinderace|Cinderace, L50, M, shiny|100\/100\n|switch|p2b: Dudunsparce|Dudunsparce, L50, F, shiny|100\/100\n|turn|1\n|\n|t:|1699646984\n|move|p2a: Cinderace|Sucker Punch|p1b: Urshifu\n|-start|p2a: Cinderace|typechange|Dark|[from] ability: Libero\n|-resisted|p1b: Urshifu\n|-damage|p1b: Urshifu|78\/100\n|-damage|p2a: Cinderace|91\/100|[from] item: Life Orb\n|move|p1a: Grimmsnarl|Reflect|p1a: Grimmsnarl\n|-sidestart|p1: newdun|Reflect\n|move|p1b: Urshifu|U-turn|p2a: Cinderace\n|-supereffective|p2a: Cinderace\n|-damage|p2a: Cinderace|6\/100\n|\n|t:|1699646994\n|switch|p1b: Arcanine|Arcanine-Hisui, L50, M, shiny|100\/100|[from] U-turn\n|-ability|p1b: Arcanine|Intimidate|boost\n|-unboost|p2a: Cinderace|atk|1\n|-unboost|p2b: Dudunsparce|atk|1\n|move|p2b: Dudunsparce|Yawn|p1a: Grimmsnarl\n|-start|p1a: Grimmsnarl|move: Yawn|[of] p2b: Dudunsparce\n|\n|upkeep\n|turn|2\n|\n|t:|1699647027\n|move|p1a: Grimmsnarl|Parting Shot|p2b: Dudunsparce\n|-unboost|p2b: Dudunsparce|atk|1\n|-unboost|p2b: Dudunsparce|spa|1\n|\n|t:|1699647033\n|switch|p1a: Okidogi|Okidogi, L50, M|100\/100|[from] Parting Shot\n|move|p2a: Cinderace|Pyro Ball|p1a: Okidogi\n|-damage|p1a: Okidogi|82\/100\n|-damage|p2a: Cinderace|0 fnt|[from] item: Life Orb\n|faint|p2a: Cinderace\n|move|p1b: Arcanine|Rock Slide|p2b: Dudunsparce\n|-damage|p2b: Dudunsparce|68\/100\n|cant|p2b: Dudunsparce|flinch\n|\n|-heal|p1a: Okidogi|88\/100|[from] item: Leftovers\n|-heal|p2b: Dudunsparce|74\/100|[from] item: Leftovers\n|upkeep\n|\n|t:|1699647050\n|switch|p2a: Scizor|Scizor, L50, M|100\/100\n|turn|3\n|\n|t:|1699647066\n|-terastallize|p1a: Okidogi|Flying\n|-terastallize|p2b: Dudunsparce|Steel\n|move|p1b: Arcanine|Rock Slide|p2a: Scizor|[spread] p2a\n|-miss|p1b: Arcanine|p2b: Dudunsparce\n|-damage|p2a: Scizor|71\/100\n|move|p1a: Okidogi|Bulk Up|p1a: Okidogi\n|-boost|p1a: Okidogi|atk|1\n|-boost|p1a: Okidogi|def|1\n|move|p2a: Scizor|Brick Break|p1a: Okidogi\n|-sideend|p1: newdun|Reflect\n|-resisted|p1a: Okidogi\n|-damage|p1a: Okidogi|77\/100\n|move|p2b: Dudunsparce|Gyro Ball|p1b: Arcanine\n|-damage|p1b: Arcanine|82\/100\n|\n|-heal|p1a: Okidogi|83\/100|[from] item: Leftovers\n|-heal|p2b: Dudunsparce|80\/100|[from] item: Leftovers\n|upkeep\n|turn|4\n|\n|t:|1699647095\n|move|p1b: Arcanine|Rock Slide|p2b: Dudunsparce|[spread] p2a,p2b\n|-resisted|p2b: Dudunsparce\n|-damage|p2a: Scizor|45\/100\n|-damage|p2b: Dudunsparce|66\/100\n|move|p1a: Okidogi|Bulk Up|p1a: Okidogi\n|-boost|p1a: Okidogi|atk|1\n|-boost|p1a: Okidogi|def|1\n|move|p2a: Scizor|Brick Break|p1b: Arcanine\n|-supereffective|p1b: Arcanine\n|-damage|p1b: Arcanine|0 fnt\n|faint|p1b: Arcanine\n|move|p2b: Dudunsparce|Dragon Tail|p1a: Okidogi\n|-damage|p1a: Okidogi|79\/100\n|-activate|p1a: Okidogi|ability: Guard Dog\n|\n|-heal|p1a: Okidogi|85\/100|[from] item: Leftovers\n|-heal|p2b: Dudunsparce|72\/100|[from] item: Leftovers\n|upkeep\n|\n|t:|1699647107\n|switch|p1b: Urshifu|Urshifu-Rapid-Strike, L50, M|78\/100\n|turn|5\n|\n|t:|1699647123\n|move|p1b: Urshifu|Surging Strikes|p2a: Scizor\n|-crit|p2a: Scizor\n|-damage|p2a: Scizor|21\/100\n|-crit|p2a: Scizor\n|-damage|p2a: Scizor|0 fnt\n|faint|p2a: Scizor\n|-hitcount|p2: Scizor|2\n|move|p1a: Okidogi|Bulk Up|p1a: Okidogi\n|-boost|p1a: Okidogi|atk|1\n|-boost|p1a: Okidogi|def|1\n|move|p2b: Dudunsparce|Yawn|p1a: Okidogi\n|-start|p1a: Okidogi|move: Yawn|[of] p2b: Dudunsparce\n|\n|-heal|p1a: Okidogi|91\/100|[from] item: Leftovers\n|-heal|p2b: Dudunsparce|78\/100|[from] item: Leftovers\n|upkeep\n|\n|t:|1699647140\n|switch|p2a: Breloom|Breloom, L50, F, shiny|100\/100\n|turn|6\n|\n|t:|1699647156\n|move|p2a: Breloom|Mach Punch|p1b: Urshifu\n|-damage|p1b: Urshifu|44\/100\n|move|p1b: Urshifu|Surging Strikes|p2a: Breloom\n|-resisted|p2a: Breloom\n|-crit|p2a: Breloom\n|-damage|p2a: Breloom|85\/100\n|-resisted|p2a: Breloom\n|-crit|p2a: Breloom\n|-damage|p2a: Breloom|71\/100\n|-resisted|p2a: Breloom\n|-crit|p2a: Breloom\n|-damage|p2a: Breloom|57\/100\n|-hitcount|p2a: Breloom|3\n|move|p1a: Okidogi|Drain Punch|p2b: Dudunsparce\n|-supereffective|p2b: Dudunsparce\n|-crit|p2b: Dudunsparce\n|-damage|p2b: Dudunsparce|0 fnt\n|-heal|p1a: Okidogi|100\/100|[from] drain|[of] p2b: Dudunsparce\n|faint|p2b: Dudunsparce\n|\n|-end|p1a: Okidogi|move: Yawn|[silent]\n|-status|p1a: Okidogi|slp\n|upkeep\n|turn|7\n|\n|t:|1699647183\n|switch|p1b: Grimmsnarl|Grimmsnarl, L50, M, shiny|100\/100\n|cant|p1a: Okidogi|slp\n|move|p2a: Breloom|Spore|p1b: Grimmsnarl\n|-status|p1b: Grimmsnarl|slp|[from] move: Spore\n|\n|upkeep\n|turn|8\n|\n|t:|1699647204\n|switch|p1b: Urshifu|Urshifu-Rapid-Strike, L50, M|44\/100\n|cant|p1a: Okidogi|slp\n|move|p2a: Breloom|Bullet Seed|p1a: Okidogi\n|-resisted|p1a: Okidogi\n|-damage|p1a: Okidogi|97\/100 slp\n|-resisted|p1a: Okidogi\n|-damage|p1a: Okidogi|94\/100 slp\n|-resisted|p1a: Okidogi\n|-damage|p1a: Okidogi|91\/100 slp\n|-hitcount|p1a: Okidogi|3\n|\n|-heal|p1a: Okidogi|97\/100 slp|[from] item: Leftovers\n|upkeep\n|turn|9\n|\n|t:|1699647223\n|switch|p1b: Grimmsnarl|Grimmsnarl, L50, M, shiny|100\/100 slp\n|move|p2a: Breloom|Mach Punch|p1b: Grimmsnarl\n|-damage|p1b: Grimmsnarl|72\/100 slp\n|-curestatus|p1a: Okidogi|slp|[msg]\n|move|p1a: Okidogi|Drain Punch|p2a: Breloom\n|-damage|p2a: Breloom|0 fnt\n|-heal|p1a: Okidogi|100\/100|[from] drain|[of] p2a: Breloom\n|faint|p2a: Breloom\n|\n|win|newdun\n","uploadtime":1699647280,"views":14,"p1id":"newdun","p2id":"jostaroo","formatid":"gen9vgc2023regulatione","rating":0,"private":0,"password":""}