{"id":"gen9vgc2023regulatione-1999766379","p1":"draxolotl","p2":"Sir Aaron07","format":"[Gen 9] VGC 2023 Regulation E","log":"|j|\u2606draxolotl\n|j|\u2606Sir Aaron07\n|n|\u2606draxolotl|draxolotl\n|n|\u2606Sir Aaron07|siraaron07\n|html|View the match progress at <a href=\"\/game-bestof3-gen9vgc2023regulatione-1999764275\">game-bestof3-gen9vgc2023regulatione-1999764275<\/a>\n|t:|1701114773\n|gametype|doubles\n|player|p1|draxolotl|2|\n|player|p2|Sir Aaron07|n-masters|\n|teamsize|p1|6\n|teamsize|p2|6\n|gen|9\n|tier|[Gen 9] VGC 2023 Regulation E\n|rated|Tournament battle\n|rule|Species Clause: Limit one of each Pok\u00e9mon\n|rule|Item Clause: Limit one of each item\n|clearpoke\n|poke|p1|Scream Tail, L50|\n|poke|p1|Farigiraf, L50, F|\n|poke|p1|Chien-Pao, L50|\n|poke|p1|Ogerpon-Hearthflame, L50, F|\n|poke|p1|Iron Hands, L50|\n|poke|p1|Landorus-Therian, L50, M|\n|poke|p2|Urshifu-*, L50, M|\n|poke|p2|Gholdengo, L50|\n|poke|p2|Ogerpon-Wellspring, L50, F|\n|poke|p2|Iron Hands, L50|\n|poke|p2|Farigiraf, L50, M|\n|poke|p2|Tornadus, L50, M|\n|teampreview|4\n|showteam|p1|Scream Tail||BoosterEnergy|Protosynthesis|DazzlingGleam,Encore,Disable,Protect||||||50|,,,,,Grass]Farigiraf||SafetyGoggles|ArmorTail|Psychic,DazzlingGleam,TrickRoom,Imprison|||F|||50|,,,,,Fire]Chien-Pao||FocusSash|SwordofRuin|IcicleCrash,Crunch,SuckerPunch,Protect||||||50|,,,,,Ghost]Ogerpon-Hearthflame||HearthflameMask|MoldBreaker|IvyCudgel,PowerWhip,FollowMe,SpikyShield|||F|||50|,,,,,Fire]Iron Hands||AssaultVest|QuarkDrive|DrainPunch,WildCharge,FakeOut,HeavySlam||||||50|,,,,,Fire]Landorus-Therian||ChoiceScarf|Intimidate|StompingTantrum,TeraBlast,Uturn,RockSlide|||M|||50|,,,,,Flying\n|showteam|p2|Urshifu||BlackGlasses|UnseenFist|WickedBlow,SuckerPunch,SwordsDance,Detect|||M|||50|,,,,,Poison]Gholdengo||ChoiceSpecs|GoodasGold|MakeItRain,ShadowBall,Thunderbolt,PowerGem||||||50|,,,,,Steel]Ogerpon-Wellspring||WellspringMask|WaterAbsorb|IvyCudgel,HornLeech,FollowMe,SpikyShield|||F|||50|,,,,,Water]Iron Hands||BoosterEnergy|QuarkDrive|FakeOut,CloseCombat,WildCharge,IcePunch||||||50|,,,,,Grass]Farigiraf||SafetyGoggles|ArmorTail|Psychic,DazzlingGleam,NastyPlot,TrickRoom|||M|||50|,,,,,Fairy]Tornadus||SkyPlate|Prankster|BleakwindStorm,Tailwind,Taunt,ScaryFace|||M|||50|,,,,,Flying\n|inactive|Battle timer is ON: inactive players will automatically lose when time's up. (requested by draxolotl)\n|\n|t:|1701114795\n|start\n|switch|p1a: :o|Chien-Pao, L50|100\/100\n|switch|p1b: Slandorus|Landorus-Therian, L50, M|100\/100\n|switch|p2a: Gholden Joe|Gholdengo, L50, shiny|100\/100\n|switch|p2b: Maestro|Tornadus, L50, M|100\/100\n|-ability|p1b: Slandorus|Intimidate|boost\n|-unboost|p2a: Gholden Joe|atk|1\n|-unboost|p2b: Maestro|atk|1\n|-ability|p1a: :o|Sword of Ruin\n|turn|1\n|\n|t:|1701114808\n|switch|p1b: Ham|Iron Hands, L50|100\/100\n|-terastallize|p2a: Gholden Joe|Steel\n|move|p2b: Maestro|Tailwind|p2b: Maestro\n|-sidestart|p2: Sir Aaron07|move: Tailwind\n|move|p2a: Gholden Joe|Make It Rain|p1b: Ham|[spread] p1a,p1b\n|-supereffective|p1a: :o\n|-resisted|p1b: Ham\n|-enditem|p1a: :o|Focus Sash\n|-damage|p1a: :o|1\/100\n|-damage|p1b: Ham|73\/100\n|-unboost|p2a: Gholden Joe|spa|1\n|move|p1a: :o|Icicle Crash|p2b: Maestro\n|-supereffective|p2b: Maestro\n|-damage|p2b: Maestro|0 fnt\n|faint|p2b: Maestro\n|\n|upkeep\n|\n|t:|1701114824\n|switch|p2b: Scrapper the Great|Iron Hands, L50, shiny|100\/100\n|-enditem|p2b: Scrapper the Great|Booster Energy\n|-activate|p2b: Scrapper the Great|ability: Quark Drive|[fromitem]\n|-start|p2b: Scrapper the Great|quarkdriveatk\n|turn|2\n|\n|t:|1701114843\n|move|p1a: :o|Protect|p1a: :o\n|-singleturn|p1a: :o|Protect\n|move|p2b: Scrapper the Great|Fake Out|p1b: Ham\n|-damage|p1b: Ham|54\/100\n|move|p2a: Gholden Joe|Make It Rain|p1a: :o|[spread] p1b\n|-activate|p1a: :o|move: Protect\n|-resisted|p1b: Ham\n|-damage|p1b: Ham|38\/100\n|-unboost|p2a: Gholden Joe|spa|1\n|cant|p1b: Ham|flinch\n|\n|upkeep\n|turn|3\n|inactive|draxolotl has 30 seconds left.\n|\n|t:|1701114871\n|switch|p1a: Little BONK|Ogerpon-Hearthflame, L50, F|100\/100\n|-ability|p1a: Little BONK|Mold Breaker\n|move|p2a: Gholden Joe|Make It Rain|p1b: Ham|[spread] p1a,p1b\n|-resisted|p1a: Little BONK\n|-resisted|p1b: Ham\n|-damage|p1a: Little BONK|76\/100\n|-damage|p1b: Ham|24\/100\n|-unboost|p2a: Gholden Joe|spa|1\n|move|p2b: Scrapper the Great|Close Combat|p1b: Ham\n|-damage|p1b: Ham|0 fnt\n|-unboost|p2b: Scrapper the Great|def|1\n|-unboost|p2b: Scrapper the Great|spd|1\n|faint|p1b: Ham\n|-end|p1b: Ham|Quark Drive|[silent]\n|\n|upkeep\n|j| fakexanax\n|\n|t:|1701114878\n|switch|p1b: :o|Chien-Pao, L50|1\/100\n|-ability|p1b: :o|Sword of Ruin\n|turn|4\n|\n|t:|1701114889\n|switch|p2a: Wicked Shades|Urshifu, L50, M|100\/100\n|move|p1b: :o|Protect|p1b: :o\n|-singleturn|p1b: :o|Protect\n|move|p1a: Little BONK|Spiky Shield|p1a: Little BONK\n|-singleturn|p1a: Little BONK|move: Protect\n|move|p2b: Scrapper the Great|Close Combat|p1a: Little BONK\n|-activate|p1a: Little BONK|move: Protect\n|-damage|p2b: Scrapper the Great|88\/100|[from] Spiky Shield|[of] p1a: Little BONK\n|\n|-sideend|p2: Sir Aaron07|move: Tailwind\n|upkeep\n|turn|5\n|l| fakexanax\n|inactive|draxolotl has 30 seconds left.\n|\n|t:|1701114916\n|-terastallize|p1a: Little BONK|Fire\n|detailschange|p1a: Little BONK|Ogerpon-Hearthflame-Tera, L50, F, tera:Fire\n|-ability|p1a: Little BONK|Embody Aspect (Hearthflame)|boost\n|-boost|p1a: Little BONK|atk|1\n|move|p2a: Wicked Shades|Sucker Punch|p1b: :o\n|-resisted|p1b: :o\n|-damage|p1b: :o|0 fnt\n|faint|p1b: :o\n|move|p1a: Little BONK|Ivy Cudgel|p2a: Wicked Shades|[anim] Ivy Cudgel Fire\n|-damage|p2a: Wicked Shades|0 fnt\n|faint|p2a: Wicked Shades\n|move|p2b: Scrapper the Great|Close Combat|p1a: Little BONK\n|-damage|p1a: Little BONK|0 fnt\n|-unboost|p2b: Scrapper the Great|def|1\n|-unboost|p2b: Scrapper the Great|spd|1\n|faint|p1a: Little BONK\n|\n|upkeep\n|\n|t:|1701114927\n|switch|p1a: Slandorus|Landorus-Therian, L50, M|100\/100\n|switch|p2a: Gholden Joe|Gholdengo, L50, shiny, tera:Steel|100\/100\n|-ability|p1a: Slandorus|Intimidate|boost\n|-unboost|p2a: Gholden Joe|atk|1\n|-unboost|p2b: Scrapper the Great|atk|1\n|turn|6\n|\n|t:|1701114936\n|move|p1a: Slandorus|Stomping Tantrum|p2b: Scrapper the Great\n|-supereffective|p2b: Scrapper the Great\n|-damage|p2b: Scrapper the Great|0 fnt\n|faint|p2b: Scrapper the Great\n|-end|p2b: Scrapper the Great|Quark Drive|[silent]\n|move|p2a: Gholden Joe|Make It Rain|p1a: Slandorus\n|-damage|p1a: Slandorus|0 fnt\n|-unboost|p2a: Gholden Joe|spa|1\n|faint|p1a: Slandorus\n|\n|win|Sir Aaron07\n|c|\u2606draxolotl|gg\n|c|\u2606Sir Aaron07|gg\n|l|\u2606draxolotl\n","uploadtime":1701114956,"views":39,"p1id":"draxolotl","p2id":"siraaron07","formatid":"gen9vgc2023regulatione","rating":0,"private":0,"password":""}