{"id":"gen9vgc2023regulatione-1988517050","p1":"agazilliondollars","p2":"Steve9999","format":"[Gen 9] VGC 2023 Regulation E","log":"|j|\u2606agazilliondollars\n|j|\u2606Steve9999\n|t:|1699731386\n|gametype|doubles\n|player|p1|agazilliondollars|youngathlete|1193\n|player|p2|Steve9999|265|1185\n|teamsize|p1|6\n|teamsize|p2|6\n|gen|9\n|tier|[Gen 9] VGC 2023 Regulation E\n|rated|\n|rule|Species Clause: Limit one of each Pok\u00e9mon\n|rule|Item Clause: Limit one of each item\n|clearpoke\n|poke|p1|Flutter Mane, L50|\n|poke|p1|Iron Hands, L50|\n|poke|p1|Heatran, L50, M|\n|poke|p1|Ogerpon-Wellspring, L50, F|\n|poke|p1|Amoonguss, L50, F|\n|poke|p1|Roaring Moon, L50|\n|poke|p2|Chi-Yu, L50|\n|poke|p2|Flutter Mane, L50|\n|poke|p2|Iron Hands, L50|\n|poke|p2|Tornadus, L50, M|\n|poke|p2|Landorus-Therian, L50, M|\n|poke|p2|Ogerpon-Wellspring, L50, F|\n|teampreview|4\n|\n|t:|1699731437\n|start\n|switch|p1a: POWER|Iron Hands, L50|100\/100\n|switch|p1b: DevilInANewDress|Roaring Moon, L50|100\/100\n|switch|p2a: Tornadus|Tornadus, L50, M|100\/100\n|switch|p2b: Flutter Mane|Flutter Mane, L50, shiny|100\/100\n|-enditem|p1b: DevilInANewDress|Booster Energy\n|-activate|p1b: DevilInANewDress|ability: Protosynthesis|[fromitem]\n|-start|p1b: DevilInANewDress|protosynthesisspe\n|turn|1\n|inactive|Battle timer is ON: inactive players will automatically lose when time's up. (requested by Steve9999)\n|inactive|Steve9999 has 60 seconds left.\n|\n|t:|1699731477\n|-terastallize|p1b: DevilInANewDress|Flying\n|-terastallize|p2a: Tornadus|Ghost\n|move|p1b: DevilInANewDress|Acrobatics|p2b: Flutter Mane\n|-damage|p2b: Flutter Mane|0 fnt\n|faint|p2b: Flutter Mane\n|-end|p2b: Flutter Mane|Protosynthesis|[silent]\n|move|p2a: Tornadus|Bleakwind Storm|p1b: DevilInANewDress|[spread] p1b\n|-miss|p2a: Tornadus|p1a: POWER\n|-damage|p1b: DevilInANewDress|74\/100\n|move|p1a: POWER|Wild Charge|p2a: Tornadus\n|-damage|p2a: Tornadus|36\/100\n|-enditem|p2a: Tornadus|Sitrus Berry|[eat]\n|-heal|p2a: Tornadus|61\/100|[from] item: Sitrus Berry\n|-damage|p1a: POWER|88\/100|[from] Recoil\n|\n|upkeep\n|\n|t:|1699731493\n|switch|p2b: Iron Hands|Iron Hands, L50, shiny|100\/100\n|turn|2\n|\n|t:|1699731518\n|move|p2a: Tornadus|Tailwind|p2a: Tornadus\n|-sidestart|p2: Steve9999|move: Tailwind\n|move|p1b: DevilInANewDress|Tailwind|p1b: DevilInANewDress\n|-sidestart|p1: agazilliondollars|move: Tailwind\n|move|p1a: POWER|Volt Switch|p2a: Tornadus\n|-damage|p2a: Tornadus|49\/100\n|\n|t:|1699731524\n|-end|p1a: POWER|Quark Drive|[silent]\n|switch|p1a: Dark Fantasy|Flutter Mane, L50|100\/100|[from] Volt Switch\n|move|p2b: Iron Hands|Wild Charge|p1b: DevilInANewDress\n|-supereffective|p1b: DevilInANewDress\n|-damage|p1b: DevilInANewDress|0 fnt\n|faint|p1b: DevilInANewDress\n|-end|p1b: DevilInANewDress|Protosynthesis|[silent]\n|-damage|p2b: Iron Hands|87\/100|[from] Recoil\n|\n|upkeep\n|\n|t:|1699731533\n|switch|p1b: POWER|Iron Hands, L50|88\/100\n|turn|3\n|\n|t:|1699731548\n|switch|p2a: Landorus|Landorus-Therian, L50, M|100\/100\n|-ability|p2a: Landorus|Intimidate|boost\n|-unboost|p1a: Dark Fantasy|atk|1\n|-unboost|p1b: POWER|atk|1\n|move|p1b: POWER|Fake Out|p2b: Iron Hands\n|-damage|p2b: Iron Hands|81\/100\n|move|p1a: Dark Fantasy|Moonblast|p2a: Landorus\n|-damage|p2a: Landorus|5\/100\n|cant|p2b: Iron Hands|flinch\n|\n|upkeep\n|turn|4\n|\n|t:|1699731568\n|move|p2a: Landorus|Stomping Tantrum|p1b: POWER\n|-supereffective|p1b: POWER\n|-damage|p1b: POWER|34\/100\n|move|p1a: Dark Fantasy|Moonblast|p2b: Iron Hands\n|-supereffective|p2b: Iron Hands\n|-damage|p2b: Iron Hands|0 fnt\n|faint|p2b: Iron Hands\n|-end|p2b: Iron Hands|Quark Drive|[silent]\n|move|p1b: POWER|Drain Punch|p2a: Landorus\n|-resisted|p2a: Landorus\n|-damage|p2a: Landorus|0 fnt\n|-heal|p1b: POWER|36\/100|[from] drain|[of] p2a: Landorus\n|faint|p2a: Landorus\n|\n|upkeep\n|\n|t:|1699731580\n|switch|p2b: Tornadus|Tornadus, L50, M, tera:Ghost|49\/100\n|turn|5\n|\n|t:|1699731584\n|move|p1a: Dark Fantasy|Moonblast|p2b: Tornadus\n|-damage|p2b: Tornadus|0 fnt\n|faint|p2b: Tornadus\n|\n|win|agazilliondollars\n|raw|agazilliondollars's rating: 1193 &rarr; <strong>1217<\/strong><br \/>(+24 for winning)\n|raw|Steve9999's rating: 1185 &rarr; <strong>1161<\/strong><br \/>(-24 for losing)\n","uploadtime":1699731589,"views":17,"p1id":"agazilliondollars","p2id":"steve9999","formatid":"gen9vgc2023regulatione","rating":1161,"private":0,"password":""}