{"id":"gen9vgc2023regulatione-1998310493","p1":"Bugcatcherbilly75","p2":"Kzjrhzkz","format":"[Gen 9] VGC 2023 Regulation E","log":"|j|\u2606Bugcatcherbilly75\n|j|\u2606Kzjrhzkz\n|t:|1700927869\n|gametype|doubles\n|player|p1|Bugcatcherbilly75|bugcatcher-gen4dp|1133\n|player|p2|Kzjrhzkz|lance|1043\n|teamsize|p1|6\n|teamsize|p2|6\n|gen|9\n|tier|[Gen 9] VGC 2023 Regulation E\n|rated|\n|rule|Species Clause: Limit one of each Pok\u00e9mon\n|rule|Item Clause: Limit one of each item\n|clearpoke\n|poke|p1|Ursaluna-Bloodmoon, L50, M|\n|poke|p1|Sinistcha-Masterpiece, L50|\n|poke|p1|Farigiraf, L50, M|\n|poke|p1|Iron Hands, L50|\n|poke|p1|Kingambit, L50, F|\n|poke|p1|Annihilape, L50, F|\n|poke|p2|Flutter Mane, L50|\n|poke|p2|Tornadus, L50, M|\n|poke|p2|Rillaboom, L50, F|\n|poke|p2|Garganacl, L50, F|\n|poke|p2|Arcanine-Hisui, L50, M|\n|poke|p2|Chien-Pao, L50|\n|teampreview|4\n|inactive|Battle timer is ON: inactive players will automatically lose when time's up. (requested by Kzjrhzkz)\n|inactive|Bugcatcherbilly75 has 60 seconds left.\n|\n|t:|1700927959\n|start\n|switch|p1a: Iron Hands|Iron Hands, L50|100\/100\n|switch|p1b: Farigiraf|Farigiraf, L50, M|100\/100\n|switch|p2a: Garganacl|Garganacl, L50, F|100\/100\n|switch|p2b: Tornadus|Tornadus, L50, M|100\/100\n|turn|1\n|\n|t:|1700927980\n|switch|p2b: Flutter Mane|Flutter Mane, L50|100\/100\n|-enditem|p2b: Flutter Mane|Booster Energy\n|-activate|p2b: Flutter Mane|ability: Protosynthesis|[fromitem]\n|-start|p2b: Flutter Mane|protosynthesisspe\n|-terastallize|p2a: Garganacl|Ghost\n|move|p1a: Iron Hands|Fake Out|p2b: Flutter Mane\n|-immune|p2b: Flutter Mane\n|move|p2a: Garganacl|Iron Defense|p2a: Garganacl\n|-boost|p2a: Garganacl|def|2\n|move|p1b: Farigiraf|Trick Room|p1b: Farigiraf\n|-fieldstart|move: Trick Room|[of] p1b: Farigiraf\n|\n|upkeep\n|turn|2\n|\n|t:|1700927998\n|move|p2b: Flutter Mane|Protect|p2b: Flutter Mane\n|-singleturn|p2b: Flutter Mane|Protect\n|move|p1a: Iron Hands|Iron Head|p2b: Flutter Mane\n|-activate|p2b: Flutter Mane|move: Protect\n|move|p2a: Garganacl|Salt Cure|p1b: Farigiraf\n|-damage|p1b: Farigiraf|86\/100\n|-start|p1b: Farigiraf|Salt Cure\n|move|p1b: Farigiraf|Dazzling Gleam|p2b: Flutter Mane|[spread] p2a\n|-activate|p2b: Flutter Mane|move: Protect\n|-damage|p2a: Garganacl|90\/100\n|\n|-damage|p1b: Farigiraf|73\/100|[from] Salt Cure\n|upkeep\n|turn|3\n|\n|t:|1700928018\n|switch|p1b: Ursaluna|Ursaluna-Bloodmoon, L50, M|100\/100\n|-end|p2b: Flutter Mane|Protosynthesis|[silent]\n|switch|p2b: Tornadus|Tornadus, L50, M|100\/100\n|move|p1a: Iron Hands|Iron Head|p2b: Tornadus\n|-damage|p2b: Tornadus|60\/100\n|-damage|p1a: Iron Hands|84\/100|[from] item: Rocky Helmet|[of] p2b: Tornadus\n|move|p2a: Garganacl|Salt Cure|p1a: Iron Hands\n|-resisted|p1a: Iron Hands\n|-damage|p1a: Iron Hands|79\/100\n|-start|p1a: Iron Hands|Salt Cure\n|\n|-damage|p1a: Iron Hands|67\/100|[from] Salt Cure\n|upkeep\n|turn|4\n|\n|t:|1700928037\n|move|p2a: Garganacl|Protect|p2a: Garganacl\n|-singleturn|p2a: Garganacl|Protect\n|move|p2b: Tornadus|Taunt|p1b: Ursaluna\n|-start|p1b: Ursaluna|move: Taunt\n|move|p1a: Iron Hands|Wild Charge|p2b: Tornadus\n|-supereffective|p2b: Tornadus\n|-damage|p2b: Tornadus|0 fnt\n|-damage|p1a: Iron Hands|50\/100|[from] item: Rocky Helmet|[of] p2b: Tornadus\n|faint|p2b: Tornadus\n|-damage|p1a: Iron Hands|40\/100|[from] Recoil\n|move|p1b: Ursaluna|Blood Moon|p2a: Garganacl\n|-activate|p2a: Garganacl|move: Protect\n|\n|-damage|p1a: Iron Hands|27\/100|[from] Salt Cure\n|upkeep\n|\n|t:|1700928049\n|switch|p2b: Rillaboom|Rillaboom, L50, F|100\/100\n|-fieldstart|move: Grassy Terrain|[from] ability: Grassy Surge|[of] p2b: Rillaboom\n|turn|5\n|\n|t:|1700928067\n|-end|p1a: Iron Hands|Quark Drive|[silent]\n|switch|p1a: Farigiraf|Farigiraf, L50, M|73\/100\n|move|p1b: Ursaluna|Hyper Voice|p2a: Garganacl|[spread] p2a,p2b\n|-damage|p2a: Garganacl|58\/100\n|-damage|p2b: Rillaboom|62\/100\n|move|p2a: Garganacl|Salt Cure|p1a: Farigiraf\n|-damage|p1a: Farigiraf|59\/100\n|-start|p1a: Farigiraf|Salt Cure\n|move|p2b: Rillaboom|Wood Hammer|p1b: Ursaluna\n|-supereffective|p1b: Ursaluna\n|-damage|p1b: Ursaluna|0 fnt\n|faint|p1b: Ursaluna\n|-damage|p2b: Rillaboom|32\/100|[from] Recoil\n|\n|-heal|p2a: Garganacl|64\/100|[from] Grassy Terrain\n|-heal|p1a: Farigiraf|65\/100|[from] Grassy Terrain\n|-heal|p2b: Rillaboom|38\/100|[from] Grassy Terrain\n|-damage|p1a: Farigiraf|52\/100|[from] Salt Cure\n|-fieldend|move: Trick Room\n|upkeep\n|inactive|Bugcatcherbilly75 has 30 seconds left.\n|\n|t:|1700928101\n|switch|p1b: Iron Hands|Iron Hands, L50|27\/100\n|turn|6\n|\n|t:|1700928118\n|move|p2a: Garganacl|Protect|p2a: Garganacl\n|-singleturn|p2a: Garganacl|Protect\n|move|p1b: Iron Hands|Fake Out|p2b: Rillaboom\n|-crit|p2b: Rillaboom\n|-damage|p2b: Rillaboom|14\/100\n|cant|p2b: Rillaboom|flinch\n|move|p1a: Farigiraf|Trick Room|p1a: Farigiraf\n|-fieldstart|move: Trick Room|[of] p1a: Farigiraf\n|\n|-heal|p1b: Iron Hands|34\/100|[from] Grassy Terrain\n|-heal|p2a: Garganacl|70\/100|[from] Grassy Terrain\n|-heal|p1a: Farigiraf|59\/100|[from] Grassy Terrain\n|-heal|p2b: Rillaboom|19\/100|[from] Grassy Terrain\n|-damage|p1a: Farigiraf|46\/100|[from] Salt Cure\n|upkeep\n|turn|7\n|\n|t:|1700928132\n|move|p1b: Iron Hands|Wild Charge|p2a: Garganacl\n|-damage|p2a: Garganacl|50\/100\n|-enditem|p2a: Garganacl|Sitrus Berry|[eat]\n|-heal|p2a: Garganacl|74\/100|[from] item: Sitrus Berry\n|-damage|p1b: Iron Hands|29\/100|[from] Recoil\n|move|p2a: Garganacl|Salt Cure|p1b: Iron Hands\n|-resisted|p1b: Iron Hands\n|-damage|p1b: Iron Hands|25\/100\n|-start|p1b: Iron Hands|Salt Cure\n|move|p1a: Farigiraf|Dazzling Gleam|p2a: Garganacl|[spread] p2a,p2b\n|-damage|p2a: Garganacl|65\/100\n|-damage|p2b: Rillaboom|8\/100\n|move|p2b: Rillaboom|Drain Punch|p1a: Farigiraf\n|-damage|p1a: Farigiraf|18\/100\n|-heal|p2b: Rillaboom|24\/100|[from] drain|[of] p1a: Farigiraf\n|-damage|p2b: Rillaboom|7\/100|[from] item: Rocky Helmet|[of] p1a: Farigiraf\n|\n|-heal|p1b: Iron Hands|31\/100|[from] Grassy Terrain\n|-heal|p2a: Garganacl|71\/100|[from] Grassy Terrain\n|-heal|p1a: Farigiraf|24\/100|[from] Grassy Terrain\n|-heal|p2b: Rillaboom|13\/100|[from] Grassy Terrain\n|-damage|p1b: Iron Hands|19\/100|[from] Salt Cure\n|-damage|p1a: Farigiraf|12\/100|[from] Salt Cure\n|upkeep\n|turn|8\n|inactive|Bugcatcherbilly75 has 30 seconds left.\n|\n|t:|1700928159\n|move|p1b: Iron Hands|Wild Charge|p2a: Garganacl\n|-damage|p2a: Garganacl|52\/100\n|-damage|p1b: Iron Hands|15\/100|[from] Recoil\n|move|p2a: Garganacl|Iron Defense|p2a: Garganacl\n|-boost|p2a: Garganacl|def|2\n|move|p1a: Farigiraf|Dazzling Gleam|p2a: Garganacl|[spread] p2a,p2b\n|-damage|p2a: Garganacl|42\/100\n|-damage|p2b: Rillaboom|1\/100\n|move|p2b: Rillaboom|Drain Punch|p1b: Iron Hands\n|-damage|p1b: Iron Hands|0 fnt\n|-heal|p2b: Rillaboom|11\/100|[from] drain|[of] p1b: Iron Hands\n|faint|p1b: Iron Hands\n|-end|p1b: Iron Hands|Quark Drive|[silent]\n|\n|-heal|p2a: Garganacl|47\/100|[from] Grassy Terrain\n|-heal|p1a: Farigiraf|18\/100|[from] Grassy Terrain\n|-heal|p2b: Rillaboom|16\/100|[from] Grassy Terrain\n|-damage|p1a: Farigiraf|6\/100|[from] Salt Cure\n|upkeep\n|\n|t:|1700928163\n|switch|p1b: Annihilape|Annihilape, L50, F|100\/100\n|turn|9\n|\n|t:|1700928186\n|move|p2a: Garganacl|Recover|p2a: Garganacl\n|-heal|p2a: Garganacl|98\/100\n|move|p1a: Farigiraf|Dazzling Gleam|p2a: Garganacl|[spread] p2a,p2b\n|-damage|p2a: Garganacl|86\/100\n|-damage|p2b: Rillaboom|6\/100\n|move|p1b: Annihilape|Drain Punch|p2b: Rillaboom\n|-damage|p2b: Rillaboom|0 fnt\n|faint|p2b: Rillaboom\n|\n|-heal|p2a: Garganacl|92\/100|[from] Grassy Terrain\n|-heal|p1a: Farigiraf|12\/100|[from] Grassy Terrain\n|-damage|p1a: Farigiraf|0 fnt|[from] Salt Cure\n|faint|p1a: Farigiraf\n|-fieldend|move: Grassy Terrain\n|upkeep\n|\n|t:|1700928194\n|switch|p2b: Flutter Mane|Flutter Mane, L50|100\/100\n|turn|10\n|\n|t:|1700928218\n|-terastallize|p1b: Annihilape|Fighting\n|move|p2b: Flutter Mane|Protect|p2b: Flutter Mane\n|-singleturn|p2b: Flutter Mane|Protect\n|move|p2a: Garganacl|Salt Cure|p1b: Annihilape\n|-resisted|p1b: Annihilape\n|-damage|p1b: Annihilape|95\/100\n|-start|p1b: Annihilape|Salt Cure\n|move|p1b: Annihilape|Rage Fist|p2a: Garganacl\n|-supereffective|p2a: Garganacl\n|-damage|p2a: Garganacl|84\/100\n|\n|-damage|p1b: Annihilape|83\/100|[from] Salt Cure\n|-fieldend|move: Trick Room\n|upkeep\n|turn|11\n|\n|t:|1700928238\n|move|p2b: Flutter Mane|Substitute|p2b: Flutter Mane\n|-start|p2b: Flutter Mane|Substitute\n|-damage|p2b: Flutter Mane|76\/100\n|move|p1b: Annihilape|Rage Fist|p2b: Flutter Mane\n|-supereffective|p2b: Flutter Mane\n|-end|p2b: Flutter Mane|Substitute\n|move|p2a: Garganacl|Iron Defense|p2a: Garganacl\n|-boost|p2a: Garganacl|def|2\n|\n|-damage|p1b: Annihilape|70\/100|[from] Salt Cure\n|upkeep\n|turn|12\n|\n|t:|1700928250\n|move|p2a: Garganacl|Protect|p2a: Garganacl\n|-singleturn|p2a: Garganacl|Protect\n|move|p2b: Flutter Mane|Substitute|p2b: Flutter Mane\n|-start|p2b: Flutter Mane|Substitute\n|-damage|p2b: Flutter Mane|51\/100\n|move|p1b: Annihilape|Rage Fist|p2b: Flutter Mane\n|-supereffective|p2b: Flutter Mane\n|-end|p2b: Flutter Mane|Substitute\n|\n|-damage|p1b: Annihilape|58\/100|[from] Salt Cure\n|upkeep\n|turn|13\n|\n|t:|1700928257\n|move|p2b: Flutter Mane|Protect|p2b: Flutter Mane\n|-singleturn|p2b: Flutter Mane|Protect\n|move|p1b: Annihilape|Rage Fist|p2b: Flutter Mane\n|-activate|p2b: Flutter Mane|move: Protect\n|move|p2a: Garganacl|Recover|p2a: Garganacl\n|-heal|p2a: Garganacl|100\/100\n|\n|-damage|p1b: Annihilape|45\/100|[from] Salt Cure\n|upkeep\n|turn|14\n|\n|t:|1700928268\n|move|p2b: Flutter Mane|Substitute|p2b: Flutter Mane\n|-start|p2b: Flutter Mane|Substitute\n|-damage|p2b: Flutter Mane|27\/100\n|move|p1b: Annihilape|Rage Fist|p2a: Garganacl\n|-supereffective|p2a: Garganacl\n|-damage|p2a: Garganacl|94\/100\n|move|p2a: Garganacl|Iron Defense|p2a: Garganacl\n|-boost|p2a: Garganacl|def|0\n|\n|-damage|p1b: Annihilape|33\/100|[from] Salt Cure\n|upkeep\n|turn|15\n|\n|t:|1700928277\n|move|p2b: Flutter Mane|Moonblast|p1b: Annihilape\n|-supereffective|p1b: Annihilape\n|-damage|p1b: Annihilape|0 fnt\n|faint|p1b: Annihilape\n|\n|win|Kzjrhzkz\n|raw|Bugcatcherbilly75's rating: 1133 &rarr; <strong>1102<\/strong><br \/>(-31 for losing)\n|raw|Kzjrhzkz's rating: 1043 &rarr; <strong>1085<\/strong><br \/>(+42 for winning)\n|l|\u2606Bugcatcherbilly75\n","uploadtime":1700928283,"views":4,"p1id":"bugcatcherbilly75","p2id":"kzjrhzkz","formatid":"gen9vgc2023regulatione","rating":1085,"private":0,"password":""}