{"id":"gen9vgc2023regulatione-1996213778","p1":"Yahar","p2":"wth00","format":"[Gen 9] VGC 2023 Regulation E","log":"|j|\u2606Yahar\n|j|\u2606wth00\n|t:|1700659945\n|gametype|doubles\n|player|p1|Yahar|shauntal|1309\n|player|p2|wth00|170|1361\n|teamsize|p1|6\n|teamsize|p2|6\n|gen|9\n|tier|[Gen 9] VGC 2023 Regulation E\n|rated|\n|rule|Species Clause: Limit one of each Pok\u00e9mon\n|rule|Item Clause: Limit one of each item\n|clearpoke\n|poke|p1|Zapdos, L50|\n|poke|p1|Iron Bundle, L50|\n|poke|p1|Heatran, L50, F|\n|poke|p1|Ogerpon-Wellspring, L50, F|\n|poke|p1|Rillaboom, L50, M|\n|poke|p1|Urshifu-*, L50, F|\n|poke|p2|Arcanine-Hisui, L50, M|\n|poke|p2|Urshifu-*, L50, M|\n|poke|p2|Tornadus, L50, M|\n|poke|p2|Amoonguss, L50, M|\n|poke|p2|Iron Hands, L50|\n|poke|p2|Gholdengo, L50|\n|teampreview|4\n|inactive|Battle timer is ON: inactive players will automatically lose when time's up. (requested by Yahar)\nYahar has agreed to open team sheets.\n|inactive|Yahar has 60 seconds left.\n|\n|t:|1700659988\n|start\n|switch|p1a: Zapdos|Zapdos, L50|100\/100\n|switch|p1b: Rillaboom|Rillaboom, L50, M|100\/100\n|switch|p2a: Iron Hands|Iron Hands, L50|100\/100\n|switch|p2b: Arcanine|Arcanine-Hisui, L50, M|100\/100\n|-fieldstart|move: Grassy Terrain|[from] ability: Grassy Surge|[of] p1b: Rillaboom\n|-ability|p2b: Arcanine|Intimidate|boost\n|-unboost|p1a: Zapdos|atk|1\n|-unboost|p1b: Rillaboom|atk|1\n|turn|1\n|\n|t:|1700660002\n|move|p1b: Rillaboom|Fake Out|p2a: Iron Hands\n|-damage|p2a: Iron Hands|94\/100\n|move|p2b: Arcanine|Rock Slide|p1a: Zapdos|[spread] p1a,p1b\n|-supereffective|p1a: Zapdos\n|-damage|p1a: Zapdos|35\/100\n|-damage|p1b: Rillaboom|56\/100\n|cant|p1a: Zapdos|flinch\n|cant|p2a: Iron Hands|flinch\n|\n|-heal|p1b: Rillaboom|62\/100|[from] Grassy Terrain\n|-heal|p2a: Iron Hands|99\/100|[from] Grassy Terrain\n|upkeep\n|turn|2\n|inactive|Yahar has 30 seconds left.\n|inactive|Yahar has 20 seconds left.\n|\n|t:|1700660040\n|switch|p1a: Heatran|Heatran, L50, F, shiny|100\/100\n|-terastallize|p1b: Rillaboom|Water\n|move|p1b: Rillaboom|Tera Blast|p2b: Arcanine|[anim] Tera Blast Water\n|-supereffective|p2b: Arcanine\n|-damage|p2b: Arcanine|0 fnt\n|faint|p2b: Arcanine\n|move|p2a: Iron Hands|Drain Punch|p1b: Rillaboom\n|-damage|p1b: Rillaboom|19\/100\n|-heal|p2a: Iron Hands|100\/100|[from] drain|[of] p1b: Rillaboom\n|\n|-heal|p1b: Rillaboom|25\/100|[from] Grassy Terrain\n|upkeep\n|\n|t:|1700660055\n|switch|p2b: Urshifu|Urshifu-Rapid-Strike, L50, M|100\/100\n|turn|3\n|\n|t:|1700660063\n|switch|p1a: Ogerpon|Ogerpon-Wellspring, L50, F|100\/100\n|-terastallize|p2b: Urshifu|Water\n|move|p1b: Rillaboom|Grassy Glide|p2b: Urshifu\n|-supereffective|p2b: Urshifu\n|-damage|p2b: Urshifu|41\/100\n|move|p2b: Urshifu|Surging Strikes|p1a: Ogerpon\n|-immune|p1a: Ogerpon|[from] ability: Water Absorb\n|move|p2a: Iron Hands|Wild Charge|p1b: Rillaboom\n|-supereffective|p1b: Rillaboom\n|-damage|p1b: Rillaboom|0 fnt\n|faint|p1b: Rillaboom\n|-damage|p2a: Iron Hands|96\/100|[from] Recoil\n|\n|-heal|p2b: Urshifu|47\/100|[from] Grassy Terrain\n|-heal|p2a: Iron Hands|100\/100|[from] Grassy Terrain\n|upkeep\n|\n|t:|1700660077\n|switch|p1b: Zapdos|Zapdos, L50|35\/100\n|turn|4\n|\n|t:|1700660087\n|switch|p2b: Tornadus|Tornadus, L50, M|100\/100\n|move|p1a: Ogerpon|Grassy Glide|p2b: Tornadus\n|-resisted|p2b: Tornadus\n|-damage|p2b: Tornadus|78\/100\n|-damage|p1a: Ogerpon|84\/100|[from] item: Rocky Helmet|[of] p2b: Tornadus\n|move|p1b: Zapdos|Hurricane|p2a: Iron Hands\n|-damage|p2a: Iron Hands|78\/100\n|-start|p2a: Iron Hands|confusion\n|-activate|p2a: Iron Hands|confusion\n|-damage|p2a: Iron Hands|69\/100|[from] confusion\n|\n|-heal|p1a: Ogerpon|90\/100|[from] Grassy Terrain\n|-heal|p2a: Iron Hands|75\/100|[from] Grassy Terrain\n|upkeep\n|turn|5\n|inactive|wth00 has 30 seconds left.\n|\n|t:|1700660115\n|move|p1a: Ogerpon|Protect|p1a: Ogerpon\n|-singleturn|p1a: Ogerpon|Protect\n|move|p2b: Tornadus|Tailwind|p2b: Tornadus\n|-sidestart|p2: wth00|move: Tailwind\n|-activate|p2a: Iron Hands|confusion\n|-damage|p2a: Iron Hands|64\/100|[from] confusion\n|move|p1b: Zapdos|Tailwind|p1b: Zapdos\n|-sidestart|p1: Yahar|move: Tailwind\n|\n|-heal|p1a: Ogerpon|96\/100|[from] Grassy Terrain\n|-heal|p2a: Iron Hands|71\/100|[from] Grassy Terrain\n|-fieldend|move: Grassy Terrain\n|upkeep\n|turn|6\n|\n|t:|1700660129\n|switch|p1a: Heatran|Heatran, L50, F, shiny|100\/100\n|move|p2b: Tornadus|Bleakwind Storm|p1b: Zapdos|[spread] p1a,p1b\n|-resisted|p1a: Heatran\n|-resisted|p1b: Zapdos\n|-damage|p1a: Heatran|92\/100\n|-damage|p1b: Zapdos|21\/100\n|move|p1b: Zapdos|Thunderbolt|p2b: Tornadus\n|-supereffective|p2b: Tornadus\n|-damage|p2b: Tornadus|0 fnt\n|faint|p2b: Tornadus\n|-activate|p2a: Iron Hands|confusion\n|move|p2a: Iron Hands|Wild Charge|p1b: Zapdos\n|-damage|p1b: Zapdos|0 fnt\n|-damage|p2a: Iron Hands|54\/100|[from] item: Rocky Helmet|[of] p1b: Zapdos\n|faint|p1b: Zapdos\n|-damage|p2a: Iron Hands|50\/100|[from] Recoil\n|\n|upkeep\n|\n|t:|1700660146\n|switch|p2b: Urshifu|Urshifu-Rapid-Strike, L50, M, tera:Water|47\/100\n|switch|p1b: Ogerpon|Ogerpon-Wellspring, L50, F|96\/100\n|turn|7\n|\n|t:|1700660160\n|move|p2b: Urshifu|Detect|p2b: Urshifu\n|-singleturn|p2b: Urshifu|Protect\n|move|p1b: Ogerpon|Horn Leech|p2b: Urshifu\n|-activate|p2b: Urshifu|move: Protect\n|move|p1a: Heatran|Earth Power|p2a: Iron Hands\n|-supereffective|p2a: Iron Hands\n|-damage|p2a: Iron Hands|19\/100\n|-activate|p2a: Iron Hands|confusion\n|move|p2a: Iron Hands|Wild Charge|p1b: Ogerpon\n|-damage|p1b: Ogerpon|30\/100\n|-damage|p2a: Iron Hands|8\/100|[from] Recoil\n|\n|upkeep\n|turn|8\n|\n|t:|1700660178\n|move|p1b: Ogerpon|Horn Leech|p2b: Urshifu\n|-supereffective|p2b: Urshifu\n|-crit|p2b: Urshifu\n|-damage|p2b: Urshifu|0 fnt\n|-heal|p1b: Ogerpon|57\/100|[from] drain|[of] p2b: Urshifu\n|faint|p2b: Urshifu\n|move|p1a: Heatran|Earth Power|p2a: Iron Hands\n|-supereffective|p2a: Iron Hands\n|-crit|p2a: Iron Hands\n|-damage|p2a: Iron Hands|0 fnt\n|faint|p2a: Iron Hands\n|-end|p2a: Iron Hands|Quark Drive|[silent]\n|\n|win|Yahar\n|raw|Yahar's rating: 1309 &rarr; <strong>1332<\/strong><br \/>(+23 for winning)\n|raw|wth00's rating: 1361 &rarr; <strong>1338<\/strong><br \/>(-23 for losing)\n|l|\u2606wth00\n","uploadtime":1700660194,"views":9,"p1id":"yahar","p2id":"wth00","formatid":"gen9vgc2023regulatione","rating":1332,"private":0,"password":""}