{"id":"gen9vgc2023regulatione-1995146196","p1":"Willipino","p2":"Honesttt","format":"[Gen 9] VGC 2023 Regulation E","log":"|j|\u2606Willipino\n|j|\u2606Honesttt\n|t:|1700527726\n|gametype|doubles\n|player|p1|Willipino|169|1349\n|player|p2|Honesttt|veteran|1327\n|teamsize|p1|6\n|teamsize|p2|6\n|gen|9\n|tier|[Gen 9] VGC 2023 Regulation E\n|rated|\n|rule|Species Clause: Limit one of each Pok\u00e9mon\n|rule|Item Clause: Limit one of each item\n|clearpoke\n|poke|p1|Urshifu-*, L50, F|\n|poke|p1|Tornadus, L50, M|\n|poke|p1|Flutter Mane, L50|\n|poke|p1|Heatran, L50, M|\n|poke|p1|Farigiraf, L50, M|\n|poke|p1|Rillaboom, L50, F|\n|poke|p2|Cresselia, L50, F|\n|poke|p2|Iron Hands, L50|\n|poke|p2|Ursaluna-Bloodmoon, L50, M|\n|poke|p2|Farigiraf, L50, M|\n|poke|p2|Muk-Alola, L50, F|\n|poke|p2|Heatran, L50, M|\n|teampreview|4\n|\n|t:|1700527755\n|start\n|switch|p1a: Farigiraf|Farigiraf, L50, M|100\/100\n|switch|p1b: Urshifu|Urshifu, L50, F|100\/100\n|switch|p2a: Farigiraf|Farigiraf, L50, M|100\/100\n|switch|p2b: Muk|Muk-Alola, L50, F|100\/100\n|turn|1\n|\n|t:|1700527782\n|switch|p2a: Cresselia|Cresselia, L50, F|100\/100\n|-terastallize|p1b: Urshifu|Poison\n|move|p1b: Urshifu|Wicked Blow|p2a: Cresselia\n|-supereffective|p2a: Cresselia\n|-crit|p2a: Cresselia\n|-damage|p2a: Cresselia|26\/100\n|-damage|p1b: Urshifu|84\/100|[from] item: Rocky Helmet|[of] p2a: Cresselia\n|move|p1a: Farigiraf|Imprison|p1a: Farigiraf\n|-start|p1a: Farigiraf|move: Imprison\n|move|p2b: Muk|Knock Off|p1a: Farigiraf\n|-supereffective|p1a: Farigiraf\n|-damage|p1a: Farigiraf|50\/100\n|-damage|p2b: Muk|84\/100|[from] item: Rocky Helmet|[of] p1a: Farigiraf\n|-enditem|p1a: Farigiraf|Rocky Helmet|[from] move: Knock Off|[of] p2b: Muk\n|\n|-heal|p2b: Muk|90\/100|[from] item: Leftovers\n|upkeep\n|turn|2\n|\n|t:|1700527821\n|switch|p1a: Heatran|Heatran, L50, M|100\/100\n|move|p1b: Urshifu|Wicked Blow|p2a: Cresselia\n|-supereffective|p2a: Cresselia\n|-crit|p2a: Cresselia\n|-damage|p2a: Cresselia|0 fnt\n|-damage|p1b: Urshifu|67\/100|[from] item: Rocky Helmet|[of] p2a: Cresselia\n|faint|p2a: Cresselia\n|move|p2b: Muk|Knock Off|p1b: Urshifu\n|-damage|p1b: Urshifu|31\/100\n|-enditem|p1b: Urshifu|Choice Scarf|[from] move: Knock Off|[of] p2b: Muk\n|\n|-heal|p2b: Muk|96\/100|[from] item: Leftovers\n|upkeep\n|\n|t:|1700527835\n|switch|p2a: Iron Hands|Iron Hands, L50|100\/100\n|turn|3\n|\n|t:|1700527846\n|-terastallize|p2b: Muk|Flying\n|move|p2a: Iron Hands|Fake Out|p1b: Urshifu\n|-damage|p1b: Urshifu|16\/100\n|cant|p1b: Urshifu|flinch\n|move|p1a: Heatran|Earth Power|p2b: Muk\n|-immune|p2b: Muk\n|move|p2b: Muk|Knock Off|p1a: Heatran\n|-damage|p1a: Heatran|68\/100\n|-enditem|p1a: Heatran|Life Orb|[from] move: Knock Off|[of] p2b: Muk\n|\n|-heal|p2b: Muk|100\/100|[from] item: Leftovers\n|upkeep\n|turn|4\n|\n|t:|1700527871\n|move|p1b: Urshifu|Wicked Blow|p2b: Muk\n|-crit|p2b: Muk\n|-damage|p2b: Muk|47\/100\n|move|p1a: Heatran|Heat Wave|p2a: Iron Hands|[spread] p2a,p2b\n|-damage|p2a: Iron Hands|75\/100\n|-damage|p2b: Muk|18\/100\n|move|p2b: Muk|Poison Jab|p1b: Urshifu\n|-resisted|p1b: Urshifu\n|-damage|p1b: Urshifu|2\/100\n|move|p2a: Iron Hands|Drain Punch|p1a: Heatran\n|-supereffective|p1a: Heatran\n|-damage|p1a: Heatran|0 fnt\n|-heal|p2a: Iron Hands|97\/100|[from] drain|[of] p1a: Heatran\n|faint|p1a: Heatran\n|\n|-heal|p2b: Muk|25\/100|[from] item: Leftovers\n|upkeep\n|\n|t:|1700527882\n|switch|p1a: Rillaboom|Rillaboom, L50, F|100\/100\n|-fieldstart|move: Grassy Terrain|[from] ability: Grassy Surge|[of] p1a: Rillaboom\n|turn|5\n|\n|t:|1700527900\n|move|p1a: Rillaboom|Fake Out|p2a: Iron Hands\n|-damage|p2a: Iron Hands|89\/100\n|move|p1b: Urshifu|Wicked Blow|p2b: Muk\n|-crit|p2b: Muk\n|-damage|p2b: Muk|0 fnt\n|faint|p2b: Muk\n|cant|p2a: Iron Hands|flinch\n|\n|-heal|p1b: Urshifu|7\/100|[from] Grassy Terrain\n|-heal|p2a: Iron Hands|95\/100|[from] Grassy Terrain\n|upkeep\n|\n|t:|1700527911\n|switch|p2b: Farigiraf|Farigiraf, L50, M|100\/100\n|turn|6\n|\n|t:|1700527925\n|move|p1b: Urshifu|Wicked Blow|p2b: Farigiraf\n|-supereffective|p2b: Farigiraf\n|-crit|p2b: Farigiraf\n|-damage|p2b: Farigiraf|0 fnt\n|faint|p2b: Farigiraf\n|move|p1a: Rillaboom|High Horsepower|p2a: Iron Hands\n|-supereffective|p2a: Iron Hands\n|-damage|p2a: Iron Hands|50\/100\n|move|p2a: Iron Hands|Drain Punch|p1b: Urshifu\n|-resisted|p1b: Urshifu\n|-damage|p1b: Urshifu|0 fnt\n|-heal|p2a: Iron Hands|52\/100|[from] drain|[of] p1b: Urshifu\n|faint|p1b: Urshifu\n|\n|-heal|p2a: Iron Hands|58\/100|[from] Grassy Terrain\n|upkeep\n|\n|t:|1700527934\n|switch|p1b: Farigiraf|Farigiraf, L50, M|50\/100\n|turn|7\n|\n|t:|1700527943\n|move|p1a: Rillaboom|High Horsepower|p2a: Iron Hands\n|-supereffective|p2a: Iron Hands\n|-damage|p2a: Iron Hands|15\/100\n|move|p1b: Farigiraf|Psychic|p2a: Iron Hands\n|-supereffective|p2a: Iron Hands\n|-damage|p2a: Iron Hands|0 fnt\n|faint|p2a: Iron Hands\n|-end|p2a: Iron Hands|Quark Drive|[silent]\n|\n|win|Willipino\n|raw|Willipino's rating: 1349 &rarr; <strong>1368<\/strong><br \/>(+19 for winning)\n|raw|Honesttt's rating: 1327 &rarr; <strong>1308<\/strong><br \/>(-19 for losing)\n|l|\u2606Honesttt\n","uploadtime":1700527963,"views":8,"p1id":"willipino","p2id":"honesttt","formatid":"gen9vgc2023regulatione","rating":1308,"private":0,"password":""}