{"id":"gen9vgc2023regulatione-1999339997","p1":"newbucket","p2":"Gr1lled_m0rmons","format":"[Gen 9] VGC 2023 Regulation E","log":"|j|\u2606newbucket\n|j|\u203dGr1lled_m0rmons\n|t:|1701062973\n|gametype|doubles\n|player|p1|newbucket|li|1423\n|player|p2|Gr1lled_m0rmons|101|1317\n|teamsize|p1|6\n|teamsize|p2|6\n|gen|9\n|tier|[Gen 9] VGC 2023 Regulation E\n|rated|\n|rule|Species Clause: Limit one of each Pok\u00e9mon\n|rule|Item Clause: Limit one of each item\n|clearpoke\n|poke|p1|Ogerpon, L50, F|\n|poke|p1|Gholdengo, L50|\n|poke|p1|Roaring Moon, L50|\n|poke|p1|Flutter Mane, L50|\n|poke|p1|Iron Hands, L50|\n|poke|p1|Rotom-Wash, L50|\n|poke|p2|Tornadus, L50, M|\n|poke|p2|Basculegion, L50, M|\n|poke|p2|Sinistcha-Masterpiece, L50|\n|poke|p2|Heatran, L50, M|\n|poke|p2|Iron Hands, L50|\n|poke|p2|Urshifu-*, L50, F|\n|teampreview|4\n|inactive|Battle timer is ON: inactive players will automatically lose when time's up. (requested by newbucket)\n|inactive|newbucket has 60 seconds left.\n|inactive|newbucket has 30 seconds left.\n|inactive|newbucket has 20 seconds left.\n|inactive|newbucket has 15 seconds left.\n|\n|t:|1701063052\n|start\n|switch|p1a: Rotom|Rotom-Wash, L50|100\/100\n|switch|p1b: Iron Hands|Iron Hands, L50|100\/100\n|switch|p2a: Tornadus|Tornadus, L50, M|100\/100\n|switch|p2b: Urshifu|Urshifu, L50, F|100\/100\n|turn|1\n|inactive|newbucket has 30 seconds left.\n|\n|t:|1701063080\n|move|p2b: Urshifu|Detect|p2b: Urshifu\n|-singleturn|p2b: Urshifu|Protect\n|move|p2a: Tornadus|Tailwind|p2a: Tornadus\n|-sidestart|p2: Gr1lled_m0rmons|move: Tailwind\n|move|p1a: Rotom|Will-O-Wisp|p2b: Urshifu\n|-activate|p2b: Urshifu|move: Protect\n|move|p1b: Iron Hands|Wild Charge|p2a: Tornadus\n|-supereffective|p2a: Tornadus\n|-damage|p2a: Tornadus|0 fnt\n|faint|p2a: Tornadus\n|-damage|p1b: Iron Hands|81\/100|[from] Recoil\n|\n|upkeep\n|\n|t:|1701063094\n|switch|p2a: Heatran|Heatran, L50, M|100\/100\n|turn|2\n|\n|t:|1701063109\n|move|p2b: Urshifu|Wicked Blow|p1b: Iron Hands\n|-resisted|p1b: Iron Hands\n|-crit|p1b: Iron Hands\n|-damage|p1b: Iron Hands|59\/100\n|move|p2a: Heatran|Earth Power|p1b: Iron Hands\n|-supereffective|p1b: Iron Hands\n|-damage|p1b: Iron Hands|26\/100\n|move|p1a: Rotom|Will-O-Wisp|p2b: Urshifu\n|-status|p2b: Urshifu|brn\n|move|p1b: Iron Hands|Drain Punch|p2a: Heatran\n|-supereffective|p2a: Heatran\n|-crit|p2a: Heatran\n|-damage|p2a: Heatran|0 fnt\n|-heal|p1b: Iron Hands|63\/100|[from] drain|[of] p2a: Heatran\n|faint|p2a: Heatran\n|\n|-damage|p2b: Urshifu|94\/100 brn|[from] brn\n|upkeep\n|inactive|Gr1lled_m0rmons has 30 seconds left.\n|\n|t:|1701063136\n|switch|p2a: Basculegion|Basculegion, L50, M|100\/100\n|turn|3\n|\n|t:|1701063156\n|move|p2a: Basculegion|Protect|p2a: Basculegion\n|-singleturn|p2a: Basculegion|Protect\n|move|p2b: Urshifu|Close Combat|p1b: Iron Hands\n|-damage|p1b: Iron Hands|42\/100\n|-unboost|p2b: Urshifu|def|1\n|-unboost|p2b: Urshifu|spd|1\n|move|p1a: Rotom|Thunderbolt|p2a: Basculegion\n|-activate|p2a: Basculegion|move: Protect\n|move|p1b: Iron Hands|Volt Switch|p2a: Basculegion\n|-activate|p2a: Basculegion|move: Protect\n|\n|-damage|p2b: Urshifu|88\/100 brn|[from] brn\n|upkeep\n|turn|4\n|inactive|Gr1lled_m0rmons has 30 seconds left.\n|\n|t:|1701063181\n|move|p2b: Urshifu|Close Combat|p1b: Iron Hands\n|-damage|p1b: Iron Hands|20\/100\n|-unboost|p2b: Urshifu|def|1\n|-unboost|p2b: Urshifu|spd|1\n|move|p2a: Basculegion|Last Respects|p1b: Iron Hands\n|-damage|p1b: Iron Hands|0 fnt\n|faint|p1b: Iron Hands\n|-end|p1b: Iron Hands|Quark Drive|[silent]\n|-damage|p2a: Basculegion|91\/100|[from] item: Life Orb\n|move|p1a: Rotom|Will-O-Wisp|p2a: Basculegion\n|-status|p2a: Basculegion|brn\n|\n|-damage|p2b: Urshifu|82\/100 brn|[from] brn\n|-damage|p2a: Basculegion|85\/100 brn|[from] brn\n|-sideend|p2: Gr1lled_m0rmons|move: Tailwind\n|upkeep\n|\n|t:|1701063194\n|switch|p1b: Flutter Mane|Flutter Mane, L50|100\/100\n|turn|5\n|\n|t:|1701063216\n|move|p2b: Urshifu|Sucker Punch|p1b: Flutter Mane\n|-damage|p1b: Flutter Mane|55\/100\n|move|p2a: Basculegion|Aqua Jet|p1b: Flutter Mane\n|-damage|p1b: Flutter Mane|26\/100\n|-damage|p2a: Basculegion|75\/100 brn|[from] item: Life Orb\n|move|p1b: Flutter Mane|Dazzling Gleam|p2b: Urshifu|[spread] p2a,p2b\n|-supereffective|p2b: Urshifu\n|-damage|p2a: Basculegion|42\/100 brn\n|-damage|p2b: Urshifu|0 fnt\n|faint|p2b: Urshifu\n|move|p1a: Rotom|Thunderbolt|p2a: Basculegion\n|-supereffective|p2a: Basculegion\n|-damage|p2a: Basculegion|0 fnt\n|faint|p2a: Basculegion\n|\n|win|newbucket\n|raw|newbucket's rating: 1423 &rarr; <strong>1437<\/strong><br \/>(+14 for winning)\n|raw|Gr1lled_m0rmons's rating: 1317 &rarr; <strong>1303<\/strong><br \/>(-14 for losing)\n|l|\u203dGr1lled_m0rmons\n","uploadtime":1701063237,"views":15,"p1id":"newbucket","p2id":"gr1lledm0rmons","formatid":"gen9vgc2023regulatione","rating":1303,"private":0,"password":""}