{"id":"gen9vgc2023regulatione-1991516131","p1":"secretstudent","p2":"Ckoqee","format":"[Gen 9] VGC 2023 Regulation E","log":"|j|\u2606secretstudent\n|j|\u2606Ckoqee\n|t:|1700084101\n|gametype|doubles\n|player|p1|secretstudent|beauty|1052\n|player|p2|Ckoqee|266|1152\n|teamsize|p1|6\n|teamsize|p2|6\n|gen|9\n|tier|[Gen 9] VGC 2023 Regulation E\n|rated|\n|rule|Species Clause: Limit one of each Pok\u00e9mon\n|rule|Item Clause: Limit one of each item\n|clearpoke\n|poke|p1|Chien-Pao, L50|\n|poke|p1|Amoonguss, L50, M|\n|poke|p1|Hatterene, L50, F|\n|poke|p1|Gyarados, L50, M|\n|poke|p1|Volcarona, L50, M|\n|poke|p1|Ogerpon, L50, F|\n|poke|p2|Urshifu-*, L50, F|\n|poke|p2|Sinistcha, L50|\n|poke|p2|Arcanine-Hisui, L50, F|\n|poke|p2|Iron Hands, L50|\n|poke|p2|Chien-Pao, L50|\n|poke|p2|Tornadus, L50, M|\n|teampreview|4\nCkoqee rejected open team sheets.\n|\n|t:|1700084163\n|start\n|switch|p1a: Hatterene|Hatterene, L50, F|100\/100\n|switch|p1b: Ogerpon|Ogerpon, L50, F|100\/100\n|switch|p2a: Iron Hands|Iron Hands, L50|100\/100\n|switch|p2b: Tornadus|Tornadus, L50, M|100\/100\n|turn|1\n|inactive|Battle timer is ON: inactive players will automatically lose when time's up. (requested by Ckoqee)\n|\n|t:|1700084179\n|move|p2a: Iron Hands|Fake Out|p1a: Hatterene\n|-damage|p1a: Hatterene|82\/100\n|move|p1b: Ogerpon|Follow Me|p1b: Ogerpon\n|-singleturn|p1b: Ogerpon|move: Follow Me\n|move|p2b: Tornadus|Bleakwind Storm|p1a: Hatterene|[spread] p1a,p1b\n|-supereffective|p1b: Ogerpon\n|-damage|p1a: Hatterene|34\/100\n|-damage|p1b: Ogerpon|6\/100\n|move|p1a: Hatterene|Trick Room|p1a: Hatterene\n|-fieldstart|move: Trick Room|[of] p1a: Hatterene\n|\n|upkeep\n|turn|2\n|inactive|secretstudent has 30 seconds left.\n|inactive|Ckoqee has 30 seconds left.\n|\n|t:|1700084207\n|move|p1b: Ogerpon|Follow Me|p1b: Ogerpon\n|-singleturn|p1b: Ogerpon|move: Follow Me\n|move|p2b: Tornadus|Leer|p1b: Ogerpon\n|move|p1a: Hatterene|Leer|p2b: Tornadus|[from]ability: Magic Bounce|[spread] p2a,p2b|[spread] p1b\n|-fail|p2a: Iron Hands|unboost|[from] item: Clear Amulet|[of] p2a: Iron Hands\n|-unboost|p2b: Tornadus|def|1\n|-unboost|p1b: Ogerpon|def|1\n|-ability|p1b: Ogerpon|Defiant|boost\n|-boost|p1b: Ogerpon|atk|2\n|move|p1a: Hatterene|Psychic|p2a: Iron Hands\n|-supereffective|p2a: Iron Hands\n|-damage|p2a: Iron Hands|21\/100\n|move|p2a: Iron Hands|Ice Punch|p1b: Ogerpon\n|-supereffective|p1b: Ogerpon\n|-damage|p1b: Ogerpon|0 fnt\n|faint|p1b: Ogerpon\n|\n|upkeep\n|inactive|secretstudent has 30 seconds left.\n|\n|t:|1700084232\n|switch|p1b: Amoonguss|Amoonguss, L50, M|100\/100\n|turn|3\n|inactive|Ckoqee has 30 seconds left.\n|\n|t:|1700084257\n|-terastallize|p1a: Hatterene|Fairy\n|move|p1a: Hatterene|Dazzling Gleam|p2b: Tornadus|[spread] p2a,p2b\n|-supereffective|p2a: Iron Hands\n|-damage|p2a: Iron Hands|0 fnt\n|-damage|p2b: Tornadus|46\/100\n|faint|p2a: Iron Hands\n|-end|p2a: Iron Hands|Quark Drive|[silent]\n|move|p1b: Amoonguss|Pollen Puff|p1a: Hatterene\n|-heal|p1a: Hatterene|84\/100\n|move|p2b: Tornadus|Bleakwind Storm|p1b: Amoonguss|[spread] p1b\n|-miss|p2b: Tornadus|p1a: Hatterene\n|-supereffective|p1b: Amoonguss\n|-damage|p1b: Amoonguss|18\/100\n|-unboost|p1b: Amoonguss|spe|1\n|-enditem|p1b: Amoonguss|Iapapa Berry|[eat]\n|-heal|p1b: Amoonguss|51\/100|[from] item: Iapapa Berry\n|\n|upkeep\n|\n|t:|1700084273\n|switch|p2a: Sinistcha|Sinistcha, L50|100\/100\n|turn|4\n|inactive|secretstudent has 30 seconds left.\n|\n|t:|1700084298\n|move|p1a: Hatterene|Psychic|p2a: Sinistcha\n|-damage|p2a: Sinistcha|45\/100\n|-enditem|p2a: Sinistcha|Sitrus Berry|[eat]\n|-heal|p2a: Sinistcha|70\/100|[from] item: Sitrus Berry\n|move|p1b: Amoonguss|Spore|p2b: Tornadus\n|-status|p2b: Tornadus|slp|[from] move: Spore\n|move|p2a: Sinistcha|Matcha Gotcha|p1a: Hatterene|[spread] p1a,p1b\n|-resisted|p1b: Amoonguss\n|-damage|p1a: Hatterene|55\/100\n|-heal|p2a: Sinistcha|83\/100|[from] drain|[of] p1a: Hatterene\n|-damage|p1b: Amoonguss|45\/100\n|-heal|p2a: Sinistcha|87\/100|[from] drain|[of] p1b: Amoonguss\n|-status|p1b: Amoonguss|brn\n|cant|p2b: Tornadus|slp\n|\n|-damage|p1b: Amoonguss|39\/100 brn|[from] brn\n|upkeep\n|turn|5\n|inactive|secretstudent has 30 seconds left.\n|inactive|Ckoqee has 30 seconds left.\n|inactive|Ckoqee has 20 seconds left.\n|\n|t:|1700084333\n|-curestatus|p2b: Tornadus|slp|[msg]\n|move|p2b: Tornadus|Taunt|p1a: Hatterene\n|move|p1a: Hatterene|Taunt|p2b: Tornadus|[from]ability: Magic Bounce\n|-start|p2b: Tornadus|move: Taunt\n|move|p1a: Hatterene|Dazzling Gleam|p2a: Sinistcha|[spread] p2a,p2b\n|-damage|p2a: Sinistcha|34\/100\n|-damage|p2b: Tornadus|0 fnt\n|faint|p2b: Tornadus\n|move|p1b: Amoonguss|Pollen Puff|p1a: Hatterene\n|-heal|p1a: Hatterene|100\/100\n|move|p2a: Sinistcha|Matcha Gotcha|p1b: Amoonguss|[spread] p1a,p1b\n|-resisted|p1b: Amoonguss\n|-damage|p1a: Hatterene|69\/100\n|-heal|p2a: Sinistcha|49\/100|[from] drain|[of] p1a: Hatterene\n|-damage|p1b: Amoonguss|33\/100 brn\n|-heal|p2a: Sinistcha|53\/100|[from] drain|[of] p1b: Amoonguss\n|\n|-damage|p1b: Amoonguss|27\/100 brn|[from] brn\n|-fieldend|move: Trick Room\n|upkeep\n|\n|t:|1700084354\n|switch|p2b: Arcanine|Arcanine-Hisui, L50, F|100\/100\n|-ability|p2b: Arcanine|Intimidate|boost\n|-unboost|p1a: Hatterene|atk|1\n|-unboost|p1b: Amoonguss|atk|1\n|turn|6\n|inactive|secretstudent has 30 seconds left.\n|inactive|secretstudent has 20 seconds left.\n|inactive|secretstudent has 15 seconds left.\n|\n|t:|1700084399\n|move|p1b: Amoonguss|Rage Powder|p1b: Amoonguss\n|-singleturn|p1b: Amoonguss|move: Rage Powder\n|move|p2b: Arcanine|Rock Slide|p1b: Amoonguss|[spread] p1a,p1b\n|-damage|p1a: Hatterene|22\/100\n|-damage|p1b: Amoonguss|0 fnt\n|faint|p1b: Amoonguss\n|move|p2a: Sinistcha|Nasty Plot|p2a: Sinistcha\n|-boost|p2a: Sinistcha|spa|2\n|move|p1a: Hatterene|Psychic|p2a: Sinistcha\n|-damage|p2a: Sinistcha|0 fnt\n|faint|p2a: Sinistcha\n|\n|upkeep\n|\n|t:|1700084407\n|switch|p1b: Volcarona|Volcarona, L50, M|100\/100\n|turn|7\n|inactive|Ckoqee has 30 seconds left.\n|inactive|Ckoqee has 20 seconds left.\n|inactive|Ckoqee has 15 seconds left.\n|inactive|Ckoqee has 10 seconds left.\n|\n|t:|1700084453\n|move|p2b: Arcanine|Rock Slide|p1b: Volcarona|[spread] p1a,p1b\n|-supereffective|p1b: Volcarona\n|-damage|p1a: Hatterene|0 fnt\n|-damage|p1b: Volcarona|0 fnt\n|faint|p1a: Hatterene\n|faint|p1b: Volcarona\n|\n|win|Ckoqee\n|raw|secretstudent's rating: 1052 &rarr; <strong>1039<\/strong><br \/>(-13 for losing)\n|raw|Ckoqee's rating: 1152 &rarr; <strong>1170<\/strong><br \/>(+18 for winning)\n|c|\u2606secretstudent|gg wp\n|l|\u2606Ckoqee\n","uploadtime":1700084463,"views":7,"p1id":"secretstudent","p2id":"ckoqee","formatid":"gen9vgc2023regulatione","rating":1039,"private":0,"password":""}