{"id":"gen9vgc2023regulatione-1996706063","p1":"L10n Escanor","p2":"Sunshine&Solrocks","format":"[Gen 9] VGC 2023 Regulation E","log":"|j|\u2606L10n Escanor\n|j|\u2606Sunshine&Solrocks\n|t:|1700712258\n|gametype|doubles\n|player|p1|L10n Escanor|steven|1176\n|player|p2|Sunshine&Solrocks|ethan|1243\n|teamsize|p1|6\n|teamsize|p2|6\n|gen|9\n|tier|[Gen 9] VGC 2023 Regulation E\n|rated|\n|rule|Species Clause: Limit one of each Pok\u00e9mon\n|rule|Item Clause: Limit one of each item\n|clearpoke\n|poke|p1|Flutter Mane, L50|\n|poke|p1|Iron Hands, L50|\n|poke|p1|Ogerpon-Hearthflame, L50, F|\n|poke|p1|Urshifu-*, L50, M|\n|poke|p1|Amoonguss, L50, M|\n|poke|p1|Tornadus, L50, M|\n|poke|p2|Ninetales-Alola, L50, F|\n|poke|p2|Baxcalibur, L50, M|\n|poke|p2|Arcanine-Hisui, L50, M|\n|poke|p2|Rillaboom, L50, F|\n|poke|p2|Ting-Lu, L50|\n|poke|p2|Iron Bundle, L50|\n|teampreview|4\nL10n Escanor has agreed to open team sheets.\nSunshine&Solrocks has agreed to open team sheets.\n|\n|t:|1700712319\n|start\n|switch|p1a: Tornadus|Tornadus, L50, M|100\/100\n|switch|p1b: Flutter Mane|Flutter Mane, L50|100\/100\n|switch|p2a: Sum Ting Wong|Ting-Lu, L50|100\/100\n|switch|p2b: Lil Frosty|Iron Bundle, L50|100\/100\n|-ability|p2a: Sum Ting Wong|Vessel of Ruin\n|-enditem|p1b: Flutter Mane|Booster Energy\n|-activate|p1b: Flutter Mane|ability: Protosynthesis|[fromitem]\n|-start|p1b: Flutter Mane|protosynthesisspa\n|turn|1\n|\n|t:|1700712356\n|move|p1a: Tornadus|Tailwind|p1a: Tornadus\n|-sidestart|p1: L10n Escanor|move: Tailwind\n|move|p1b: Flutter Mane|Moonblast|p2b: Lil Frosty\n|-damage|p2b: Lil Frosty|3\/100\n|move|p2b: Lil Frosty|Freeze-Dry|p1a: Tornadus\n|-supereffective|p1a: Tornadus\n|-damage|p1a: Tornadus|32\/100\n|move|p2a: Sum Ting Wong|Throat Chop|p1b: Flutter Mane\n|-damage|p1b: Flutter Mane|34\/100\n|-start|p1b: Flutter Mane|Throat Chop|[silent]\n|\n|upkeep\n|turn|2\n|\n|t:|1700712391\n|-end|p2b: Lil Frosty|Quark Drive|[silent]\n|switch|p2b: Bluey|Arcanine-Hisui, L50, M|100\/100\n|-ability|p2b: Bluey|Intimidate|boost\n|-unboost|p1a: Tornadus|atk|1\n|-unboost|p1b: Flutter Mane|atk|1\n|move|p1a: Tornadus|Rain Dance|p1a: Tornadus\n|-weather|RainDance\n|move|p1b: Flutter Mane|Dazzling Gleam|p2a: Sum Ting Wong|[spread] p2a,p2b\n|-supereffective|p2a: Sum Ting Wong\n|-resisted|p2b: Bluey\n|-damage|p2a: Sum Ting Wong|53\/100\n|-damage|p2b: Bluey|82\/100\n|-enditem|p2a: Sum Ting Wong|Weakness Policy\n|-boost|p2a: Sum Ting Wong|atk|2|[from] item: Weakness Policy\n|-boost|p2a: Sum Ting Wong|spa|2|[from] item: Weakness Policy\n|move|p2a: Sum Ting Wong|Throat Chop|p1b: Flutter Mane\n|-damage|p1b: Flutter Mane|0 fnt\n|faint|p1b: Flutter Mane\n|-end|p1b: Flutter Mane|Protosynthesis|[silent]\n|\n|-weather|RainDance|[upkeep]\n|upkeep\n|\n|t:|1700712409\n|switch|p1b: Urshifu|Urshifu-Rapid-Strike, L50, M|100\/100\n|turn|3\n|\n|t:|1700712435\n|switch|p2a: Meat!|Rillaboom, L50, F|100\/100\n|-fieldstart|move: Grassy Terrain|[from] ability: Grassy Surge|[of] p2a: Meat!\n|-terastallize|p1b: Urshifu|Water\n|move|p2b: Bluey|Extreme Speed|p1b: Urshifu\n|-damage|p1b: Urshifu|63\/100\n|move|p1a: Tornadus|Bleakwind Storm|p2b: Bluey|[spread] p2a,p2b\n|-supereffective|p2a: Meat!\n|-resisted|p2b: Bluey\n|-damage|p2a: Meat!|57\/100\n|-damage|p2b: Bluey|64\/100\n|move|p1b: Urshifu|Surging Strikes|p2b: Bluey\n|-supereffective|p2b: Bluey\n|-crit|p2b: Bluey\n|-damage|p2b: Bluey|0 fnt\n|faint|p2b: Bluey\n|-hitcount|p2: Bluey|1\n|\n|-weather|RainDance|[upkeep]\n|-heal|p1b: Urshifu|69\/100|[from] Grassy Terrain\n|-heal|p2a: Meat!|64\/100|[from] Grassy Terrain\n|upkeep\n|\n|t:|1700712461\n|switch|p2b: Sum Ting Wong|Ting-Lu, L50|53\/100\n|-ability|p2b: Sum Ting Wong|Vessel of Ruin\n|turn|4\n|\n|t:|1700712492\n|move|p1b: Urshifu|Protect|p1b: Urshifu\n|-singleturn|p1b: Urshifu|Protect\n|move|p2a: Meat!|Fake Out|p1b: Urshifu\n|-activate|p1b: Urshifu|move: Protect\n|move|p1a: Tornadus|Bleakwind Storm|p2b: Sum Ting Wong|[spread] p2a,p2b\n|-supereffective|p2a: Meat!\n|-damage|p2a: Meat!|29\/100\n|-damage|p2b: Sum Ting Wong|36\/100\n|move|p2b: Sum Ting Wong|Throat Chop|p1a: Tornadus\n|-damage|p1a: Tornadus|0 fnt\n|faint|p1a: Tornadus\n|\n|-weather|RainDance|[upkeep]\n|-heal|p1b: Urshifu|75\/100|[from] Grassy Terrain\n|-heal|p2a: Meat!|35\/100|[from] Grassy Terrain\n|-heal|p2b: Sum Ting Wong|42\/100|[from] Grassy Terrain\n|-sideend|p1: L10n Escanor|move: Tailwind\n|upkeep\n|\n|t:|1700712507\n|switch|p1a: Ogerpon|Ogerpon-Hearthflame, L50, F|100\/100\n|-ability|p1a: Ogerpon|Mold Breaker\n|turn|5\n|\n|t:|1700712551\n|move|p1a: Ogerpon|Horn Leech|p2b: Sum Ting Wong\n|-supereffective|p2b: Sum Ting Wong\n|-damage|p2b: Sum Ting Wong|0 fnt\n|faint|p2b: Sum Ting Wong\n|move|p1b: Urshifu|Close Combat|p2a: Meat!\n|-damage|p2a: Meat!|0 fnt\n|-unboost|p1b: Urshifu|def|1\n|-unboost|p1b: Urshifu|spd|1\n|faint|p2a: Meat!\n|\n|-weather|RainDance|[upkeep]\n|-heal|p1b: Urshifu|81\/100|[from] Grassy Terrain\n|upkeep\n|\n|t:|1700712564\n|switch|p2b: Lil Frosty|Iron Bundle, L50|3\/100\n|turn|6\n|\n|t:|1700712581\n|move|p1a: Ogerpon|Grassy Glide|p2b: Lil Frosty\n|-supereffective|p2b: Lil Frosty\n|-damage|p2b: Lil Frosty|0 fnt\n|faint|p2b: Lil Frosty\n|-end|p2b: Lil Frosty|Quark Drive|[silent]\n|\n|win|L10n Escanor\n|raw|L10n Escanor's rating: 1176 &rarr; <strong>1206<\/strong><br \/>(+30 for winning)\n|raw|Sunshine&amp;Solrocks's rating: 1243 &rarr; <strong>1213<\/strong><br \/>(-30 for losing)\n|l|\u2606Sunshine&Solrocks\n","uploadtime":1700712588,"views":3,"p1id":"l10nescanor","p2id":"sunshinesolrocks","formatid":"gen9vgc2023regulatione","rating":1206,"private":0,"password":""}