{"id":"gen9vgc2023regulatione-1993826559","p1":"BowDog!","p2":"ryanodacool","format":"[Gen 9] VGC 2023 Regulation E","log":"|j|\u2606BowDog!\n|j|\u2606ryanodacool\n|t:|1700362095\n|gametype|doubles\n|player|p1|BowDog!|winona|1103\n|player|p2|ryanodacool|2|1017\n|teamsize|p1|6\n|teamsize|p2|6\n|gen|9\n|tier|[Gen 9] VGC 2023 Regulation E\n|rated|\n|rule|Species Clause: Limit one of each Pok\u00e9mon\n|rule|Item Clause: Limit one of each item\n|clearpoke\n|poke|p1|Landorus-Therian, L50, M|\n|poke|p1|Tornadus, L50, M|\n|poke|p1|Iron Bundle, L50|\n|poke|p1|Sylveon, L50, F|\n|poke|p1|Ogerpon-Hearthflame, L50, F|\n|poke|p1|Urshifu-*, L50, F|\n|poke|p2|Ursaluna-Bloodmoon, L50, M|\n|poke|p2|Gliscor, L50, M|\n|poke|p2|Skeledirge, L50, M|\n|poke|p2|Iron Hands, L50|\n|poke|p2|Landorus-Therian, L50, M|\n|poke|p2|Typhlosion-Hisui, L50, F|\n|teampreview|4\nBowDog! has agreed to open team sheets.\nryanodacool has agreed to open team sheets.\n|inactive|Battle timer is ON: inactive players will automatically lose when time's up. (requested by BowDog!)\n|\n|t:|1700362121\n|start\n|switch|p1a: Landorus|Landorus-Therian, L50, M|100\/100\n|switch|p1b: BowDog!|Sylveon, L50, F|100\/100\n|switch|p2a: Typhlosion|Typhlosion-Hisui, L50, F|100\/100\n|switch|p2b: Iron Hands|Iron Hands, L50|100\/100\n|-ability|p1a: Landorus|Intimidate|boost\n|-unboost|p2a: Typhlosion|atk|1\n|-unboost|p2b: Iron Hands|atk|1\n|turn|1\n|inactive|BowDog! has 30 seconds left.\n|inactive|BowDog! has 20 seconds left.\n|inactive|BowDog! has 15 seconds left.\n|\n|t:|1700362161\n|move|p2b: Iron Hands|Fake Out|p1b: BowDog!\n|-damage|p1b: BowDog!|87\/100\n|move|p1a: Landorus|Rock Slide|p2b: Iron Hands|[spread] p2a,p2b\n|-supereffective|p2a: Typhlosion\n|-resisted|p2b: Iron Hands\n|-damage|p2a: Typhlosion|33\/100\n|-damage|p2b: Iron Hands|93\/100\n|cant|p2a: Typhlosion|flinch\n|cant|p1b: BowDog!|flinch\n|\n|-heal|p2a: Typhlosion|39\/100|[from] item: Leftovers\n|upkeep\n|turn|2\n|\n|t:|1700362183\n|switch|p2a: Gliscor|Gliscor, L50, M|100\/100\n|move|p1a: Landorus|Rock Slide|p2a: Gliscor|[spread] \n|-miss|p1a: Landorus|p2a: Gliscor\n|-miss|p1a: Landorus|p2b: Iron Hands\n|move|p1b: BowDog!|Hyper Voice|p2b: Iron Hands|[spread] p2a,p2b\n|-supereffective|p2b: Iron Hands\n|-damage|p2a: Gliscor|49\/100\n|-damage|p2b: Iron Hands|46\/100\n|-enditem|p1b: BowDog!|Throat Spray\n|-boost|p1b: BowDog!|spa|1|[from] item: Throat Spray\n|move|p2b: Iron Hands|Heavy Slam|p1b: BowDog!\n|-supereffective|p1b: BowDog!\n|-damage|p1b: BowDog!|6\/100\n|\n|-status|p2a: Gliscor|tox|[from] item: Toxic Orb\n|upkeep\n|turn|3\n|inactive|ryanodacool has 30 seconds left.\n|\n|t:|1700362213\n|-end|p2b: Iron Hands|Quark Drive|[silent]\n|switch|p2b: Ursaluna|Ursaluna-Bloodmoon, L50, M|100\/100\n|move|p1a: Landorus|Rock Slide|p2a: Gliscor|[spread] p2a,p2b\n|-resisted|p2b: Ursaluna\n|-damage|p2a: Gliscor|34\/100 tox\n|-damage|p2b: Ursaluna|93\/100\n|move|p2a: Gliscor|Knock Off|p1b: BowDog!\n|-resisted|p1b: BowDog!\n|-damage|p1b: BowDog!|0 fnt\n|faint|p1b: BowDog!\n|\n|-heal|p2a: Gliscor|46\/100 tox|[from] ability: Poison Heal\n|upkeep\n|\n|t:|1700362226\n|switch|p1b: Urshifu|Urshifu, L50, F|100\/100\n|turn|4\n|inactive|BowDog! has 30 seconds left.\n|\n|t:|1700362261\n|-terastallize|p2b: Ursaluna|Normal\n|move|p1a: Landorus|Rock Slide|p2b: Ursaluna|[spread] p2a,p2b\n|-damage|p2a: Gliscor|32\/100 tox\n|-damage|p2b: Ursaluna|78\/100\n|move|p1b: Urshifu|Close Combat|p2b: Ursaluna\n|-supereffective|p2b: Ursaluna\n|-damage|p2b: Ursaluna|0 fnt\n|-unboost|p1b: Urshifu|def|1\n|-unboost|p1b: Urshifu|spd|1\n|faint|p2b: Ursaluna\n|cant|p2a: Gliscor|flinch\n|\n|-heal|p2a: Gliscor|44\/100 tox|[from] ability: Poison Heal\n|upkeep\n|\n|t:|1700362274\n|switch|p2b: Typhlosion|Typhlosion-Hisui, L50, F|39\/100\n|turn|5\n|inactive|BowDog! has 30 seconds left.\n|\n|t:|1700362304\n|move|p1b: Urshifu|Sucker Punch||[still]\n|-fail|p1b: Urshifu\n|move|p1a: Landorus|Rock Slide|p2a: Gliscor|[spread] p2b\n|-miss|p1a: Landorus|p2a: Gliscor\n|-supereffective|p2b: Typhlosion\n|-damage|p2b: Typhlosion|0 fnt\n|faint|p2b: Typhlosion\n|move|p2a: Gliscor|Toxic|p1b: Urshifu\n|-status|p1b: Urshifu|tox\n|\n|-damage|p1b: Urshifu|95\/100 tox|[from] psn\n|-heal|p2a: Gliscor|56\/100 tox|[from] ability: Poison Heal\n|upkeep\n|\n|t:|1700362314\n|switch|p2b: Iron Hands|Iron Hands, L50|46\/100\n|turn|6\n|inactive|BowDog! has 30 seconds left.\n|\n|t:|1700362340\n|switch|p1a: Ogerpon|Ogerpon-Hearthflame, L50, F|100\/100\n|-ability|p1a: Ogerpon|Mold Breaker\n|move|p1b: Urshifu|Protect|p1b: Urshifu\n|-singleturn|p1b: Urshifu|Protect\n|move|p2a: Gliscor|Knock Off|p1a: Ogerpon\n|-damage|p1a: Ogerpon|82\/100\n|move|p2b: Iron Hands|Drain Punch|p1b: Urshifu\n|-activate|p1b: Urshifu|move: Protect\n|\n|-damage|p1b: Urshifu|83\/100 tox|[from] psn\n|-heal|p2a: Gliscor|68\/100 tox|[from] ability: Poison Heal\n|upkeep\n|turn|7\n|inactive|BowDog! has 30 seconds left.\n|\n|t:|1700362365\n|move|p1a: Ogerpon|Spiky Shield|p1a: Ogerpon\n|-singleturn|p1a: Ogerpon|move: Protect\n|move|p2a: Gliscor|Protect|p2a: Gliscor\n|-singleturn|p2a: Gliscor|Protect\n|move|p1b: Urshifu|Wicked Blow|p2b: Iron Hands\n|-resisted|p2b: Iron Hands\n|-crit|p2b: Iron Hands\n|-damage|p2b: Iron Hands|26\/100\n|move|p2b: Iron Hands|Drain Punch|p1b: Urshifu\n|-supereffective|p1b: Urshifu\n|-damage|p1b: Urshifu|0 fnt\n|-heal|p2b: Iron Hands|54\/100|[from] drain|[of] p1b: Urshifu\n|faint|p1b: Urshifu\n|\n|-heal|p2a: Gliscor|80\/100 tox|[from] ability: Poison Heal\n|upkeep\n|\n|t:|1700362379\n|switch|p1b: Landorus|Landorus-Therian, L50, M|100\/100\n|-ability|p1b: Landorus|Intimidate|boost\n|-unboost|p2a: Gliscor|atk|1\n|-unboost|p2b: Iron Hands|atk|1\n|turn|8\n|inactive|BowDog! has 30 seconds left.\n|inactive|ryanodacool has 30 seconds left.\n|inactive|ryanodacool has 20 seconds left.\n|\n|t:|1700362417\n|-terastallize|p1b: Landorus|Flying\n|move|p1b: Landorus|Tera Blast|p2b: Iron Hands|[anim] Tera Blast Flying\n|-damage|p2b: Iron Hands|9\/100\n|move|p1a: Ogerpon|Ivy Cudgel|p2a: Gliscor|[anim] Ivy Cudgel Fire\n|-crit|p2a: Gliscor\n|-damage|p2a: Gliscor|24\/100 tox\n|move|p2a: Gliscor|Knock Off|p1b: Landorus\n|-damage|p1b: Landorus|85\/100\n|-enditem|p1b: Landorus|Choice Scarf|[from] move: Knock Off|[of] p2a: Gliscor\n|move|p2b: Iron Hands|Wild Charge|p1a: Ogerpon\n|-resisted|p1a: Ogerpon\n|-damage|p1a: Ogerpon|62\/100\n|-damage|p2b: Iron Hands|6\/100|[from] Recoil\n|\n|-heal|p2a: Gliscor|36\/100 tox|[from] ability: Poison Heal\n|upkeep\n|turn|9\n|\n|t:|1700362442\n|move|p1a: Ogerpon|Ivy Cudgel|p2a: Gliscor|[anim] Ivy Cudgel Fire\n|-damage|p2a: Gliscor|0 fnt\n|faint|p2a: Gliscor\n|move|p1b: Landorus|Stomping Tantrum|p2b: Iron Hands\n|-supereffective|p2b: Iron Hands\n|-damage|p2b: Iron Hands|0 fnt\n|faint|p2b: Iron Hands\n|-end|p2b: Iron Hands|Quark Drive|[silent]\n|\n|win|BowDog!\n|raw|BowDog!'s rating: 1103 &rarr; <strong>1122<\/strong><br \/>(+19 for winning)\n|raw|ryanodacool's rating: 1017 &rarr; <strong>1007<\/strong><br \/>(-10 for losing)\n|l|\u2606ryanodacool\n","uploadtime":1700362451,"views":7,"p1id":"bowdog","p2id":"ryanodacool","formatid":"gen9vgc2023regulatione","rating":1007,"private":0,"password":""}