{"id":"gen9vgc2023regulatione-1991752547","p1":"Iamnewmetalol","p2":"BigMode_JimBob","format":"[Gen 9] VGC 2023 Regulation E","log":"|j|\u2606Iamnewmetalol\n|j|\u2606BigMode_JimBob\n|t:|1700111228\n|gametype|doubles\n|player|p1|Iamnewmetalol|fisherman|1073\n|player|p2|BigMode_JimBob|265|1042\n|teamsize|p1|6\n|teamsize|p2|6\n|gen|9\n|tier|[Gen 9] VGC 2023 Regulation E\n|rated|\n|rule|Species Clause: Limit one of each Pok\u00e9mon\n|rule|Item Clause: Limit one of each item\n|clearpoke\n|poke|p1|Greedent, L50, F|\n|poke|p1|Grafaiai, L50, M|\n|poke|p1|Arboliva, L50, F|\n|poke|p1|Ninetales, L50, M|\n|poke|p1|Muk-Alola, L50, F|\n|poke|p1|Mismagius, L50, F|\n|poke|p2|Dondozo, L50, M|\n|poke|p2|Arcanine-Hisui, L50, M|\n|poke|p2|Rillaboom, L50, F|\n|poke|p2|Roaring Moon, L50|\n|poke|p2|Ogerpon-Wellspring, L50, F|\n|poke|p2|Indeedee-F, L50, F|\n|teampreview|4\n|inactive|Battle timer is ON: inactive players will automatically lose when time's up. (requested by Iamnewmetalol)\n|\n|t:|1700111261\n|start\n|switch|p1a: Ninetales|Ninetales, L50, M|100\/100\n|switch|p1b: Grafaiai|Grafaiai, L50, M|100\/100\n|switch|p2a: Dondozo|Dondozo, L50, M|100\/100\n|switch|p2b: Ogerpon|Ogerpon-Wellspring, L50, F|100\/100\n|-weather|SunnyDay|[from] ability: Drought|[of] p1a: Ninetales\n|turn|1\n|inactive|Iamnewmetalol has 30 seconds left.\n|inactive|BigMode_JimBob has 30 seconds left.\n|inactive|BigMode_JimBob has 20 seconds left.\n|inactive|BigMode_JimBob has 15 seconds left.\n|inactive|BigMode_JimBob has 10 seconds left.\n|\n|t:|1700111307\n|move|p1a: Ninetales|Snarl|p2b: Ogerpon|[spread] p2a,p2b\n|-damage|p2a: Dondozo|91\/100\n|-damage|p2b: Ogerpon|88\/100\n|-unboost|p2a: Dondozo|spa|1\n|-unboost|p2b: Ogerpon|spa|1\n|move|p2b: Ogerpon|Swords Dance|p2b: Ogerpon\n|-boost|p2b: Ogerpon|atk|2\n|move|p1b: Grafaiai|Super Fang|p2a: Dondozo\n|-damage|p2a: Dondozo|46\/100\n|move|p2a: Dondozo|Yawn|p1b: Grafaiai\n|-start|p1b: Grafaiai|move: Yawn|[of] p2a: Dondozo\n|\n|-weather|SunnyDay|[upkeep]\n|-heal|p2a: Dondozo|52\/100|[from] item: Leftovers\n|upkeep\n|turn|2\n|inactive|Iamnewmetalol has 30 seconds left.\n|inactive|BigMode_JimBob has 30 seconds left.\n|inactive|Iamnewmetalol has 20 seconds left.\n|inactive|BigMode_JimBob has 20 seconds left.\n|\n|t:|1700111351\n|switch|p1a: Arboliva|Arboliva, L50, F|100\/100\n|move|p1b: Grafaiai|Encore|p2b: Ogerpon\n|-start|p2b: Ogerpon|Encore\n|move|p2b: Ogerpon|Swords Dance|p2b: Ogerpon\n|-boost|p2b: Ogerpon|atk|2\n|move|p2a: Dondozo|Surf|p1b: Grafaiai|[spread] p1a,p1b\n|-heal|p2b: Ogerpon|100\/100|[from] ability: Water Absorb|[of] p2a: Dondozo\n|-resisted|p1a: Arboliva\n|-damage|p1a: Arboliva|99\/100\n|-damage|p1b: Grafaiai|95\/100\n|\n|-weather|SunnyDay|[upkeep]\n|-heal|p2a: Dondozo|58\/100|[from] item: Leftovers\n|-end|p1b: Grafaiai|move: Yawn|[silent]\n|-status|p1b: Grafaiai|slp\n|upkeep\n|turn|3\n|inactive|Iamnewmetalol has 30 seconds left.\n|inactive|Iamnewmetalol has 20 seconds left.\n|inactive|Iamnewmetalol has 15 seconds left.\n|inactive|BigMode_JimBob has 30 seconds left.\n|\n|t:|1700111397\n|switch|p1b: bh_pk\u30c3|Greedent, L50, F|100\/100\n|move|p2b: Ogerpon|Swords Dance|p2b: Ogerpon\n|-boost|p2b: Ogerpon|atk|2\n|move|p1a: Arboliva|Pollen Puff|p2b: Ogerpon\n|-supereffective|p2b: Ogerpon\n|-damage|p2b: Ogerpon|36\/100\n|move|p2a: Dondozo|Yawn|p1a: Arboliva\n|-start|p1a: Arboliva|move: Yawn|[of] p2a: Dondozo\n|\n|-weather|SunnyDay|[upkeep]\n|-heal|p2a: Dondozo|65\/100|[from] item: Leftovers\n|upkeep\n|turn|4\n|inactive|Iamnewmetalol has 30 seconds left.\n|inactive|Iamnewmetalol has 20 seconds left.\n|\n|t:|1700111437\n|-terastallize|p2b: Ogerpon|Water\n|detailschange|p2b: Ogerpon|Ogerpon-Wellspring-Tera, L50, F, tera:Water\n|-ability|p2b: Ogerpon|Embody Aspect (Wellspring)|boost\n|-boost|p2b: Ogerpon|spd|1\n|-terastallize|p1b: bh_pk\u30c3|Fighting\n|move|p2b: Ogerpon|Swords Dance|p2b: Ogerpon\n|-boost|p2b: Ogerpon|atk|0\n|move|p1a: Arboliva|Safeguard|p1a: Arboliva\n|-sidestart|p1: Iamnewmetalol|Safeguard\n|move|p2a: Dondozo|Surf|p1a: Arboliva|[spread] p2b,p1a,p1b\n|-resisted|p2b: Ogerpon\n|-resisted|p1a: Arboliva\n|-damage|p2b: Ogerpon|34\/100\n|-damage|p1a: Arboliva|97\/100\n|-damage|p1b: bh_pk\u30c3|96\/100\n|move|p1b: bh_pk\u30c3|Body Press|p2b: Ogerpon\n|-damage|p2b: Ogerpon|0 fnt\n|faint|p2b: Ogerpon\n|\n|-weather|SunnyDay|[upkeep]\n|-heal|p2a: Dondozo|71\/100|[from] item: Leftovers\n|-end|p1a: Arboliva|move: Yawn|[silent]\n|-status|p1a: Arboliva|slp\n|upkeep\n|\n|t:|1700111460\n|switch|p2b: Rillaboom|Rillaboom, L50, F|100\/100\n|-fieldstart|move: Grassy Terrain|[from] ability: Grassy Surge|[of] p2b: Rillaboom\n|-enditem|p2b: Rillaboom|Grassy Seed\n|-boost|p2b: Rillaboom|def|1|[from] item: Grassy Seed\n|turn|5\n|c|\u2606Iamnewmetalol|Huh\n|inactive|Iamnewmetalol has 30 seconds left.\n|inactive|Iamnewmetalol has 20 seconds left.\n|\n|t:|1700111500\n|switch|p1a: Ninetales|Ninetales, L50, M|100\/100\n|move|p2b: Rillaboom|Fake Out|p1b: bh_pk\u30c3\n|-damage|p1b: bh_pk\u30c3|88\/100\n|move|p2a: Dondozo|Body Press|p1a: Ninetales\n|-damage|p1a: Ninetales|56\/100\n|cant|p1b: bh_pk\u30c3|flinch\n|\n|-weather|SunnyDay|[upkeep]\n|-heal|p1a: Ninetales|62\/100|[from] Grassy Terrain\n|-heal|p2a: Dondozo|77\/100|[from] Grassy Terrain\n|-heal|p2a: Dondozo|83\/100|[from] item: Leftovers\n|-heal|p1b: bh_pk\u30c3|94\/100|[from] Grassy Terrain\n|upkeep\n|turn|6\n|inactive|BigMode_JimBob has 30 seconds left.\n|\n|t:|1700111533\n|move|p2b: Rillaboom|Grassy Glide|p1b: bh_pk\u30c3\n|-damage|p1b: bh_pk\u30c3|70\/100\n|move|p1a: Ninetales|Burning Jealousy|p2b: Rillaboom|[spread] p2a,p2b\n|-resisted|p2a: Dondozo\n|-supereffective|p2b: Rillaboom\n|-damage|p2a: Dondozo|70\/100\n|-damage|p2b: Rillaboom|20\/100\n|move|p2a: Dondozo|Body Press|p1a: Ninetales\n|-damage|p1a: Ninetales|22\/100\n|move|p1b: bh_pk\u30c3|Stockpile|p1b: bh_pk\u30c3\n|-start|p1b: bh_pk\u30c3|stockpile1\n|-boost|p1b: bh_pk\u30c3|def|1\n|-boost|p1b: bh_pk\u30c3|spd|1\n|\n|-weather|SunnyDay|[upkeep]\n|-heal|p1a: Ninetales|28\/100|[from] Grassy Terrain\n|-heal|p2b: Rillaboom|26\/100|[from] Grassy Terrain\n|-heal|p2a: Dondozo|76\/100|[from] Grassy Terrain\n|-heal|p2a: Dondozo|82\/100|[from] item: Leftovers\n|-heal|p1b: bh_pk\u30c3|76\/100|[from] Grassy Terrain\n|upkeep\n|turn|7\n|inactive|Iamnewmetalol has 30 seconds left.\n|inactive|BigMode_JimBob has 30 seconds left.\n|inactive|Iamnewmetalol has 20 seconds left.\n|\n|t:|1700111570\n|switch|p1a: Arboliva|Arboliva, L50, F|97\/100 slp\n|move|p2b: Rillaboom|Grassy Glide|p1a: Arboliva\n|-resisted|p1a: Arboliva\n|-damage|p1a: Arboliva|77\/100 slp\n|move|p2a: Dondozo|Yawn|p1b: bh_pk\u30c3\n|-activate|p1b: bh_pk\u30c3|move: Safeguard\n|move|p1b: bh_pk\u30c3|Stockpile|p1b: bh_pk\u30c3\n|-start|p1b: bh_pk\u30c3|stockpile2\n|-boost|p1b: bh_pk\u30c3|def|1\n|-boost|p1b: bh_pk\u30c3|spd|1\n|\n|-weather|SunnyDay|[upkeep]\n|-heal|p2b: Rillaboom|32\/100|[from] Grassy Terrain\n|-heal|p1a: Arboliva|83\/100 slp|[from] Grassy Terrain\n|-heal|p2a: Dondozo|88\/100|[from] Grassy Terrain\n|-heal|p2a: Dondozo|95\/100|[from] item: Leftovers\n|-heal|p1b: bh_pk\u30c3|82\/100|[from] Grassy Terrain\n|upkeep\n|turn|8\n|inactive|Iamnewmetalol has 30 seconds left.\n|inactive|BigMode_JimBob has 30 seconds left.\n|inactive|Iamnewmetalol has 20 seconds left.\n|\n|t:|1700111609\n|switch|p2a: Roaring Moon|Roaring Moon, L50|100\/100\n|-activate|p2a: Roaring Moon|ability: Protosynthesis\n|-start|p2a: Roaring Moon|protosynthesisspe\n|move|p2b: Rillaboom|Knock Off|p1b: bh_pk\u30c3\n|-resisted|p1b: bh_pk\u30c3\n|-damage|p1b: bh_pk\u30c3|77\/100\n|-enditem|p1b: bh_pk\u30c3|Iapapa Berry|[from] move: Knock Off|[of] p2b: Rillaboom\n|cant|p1a: Arboliva|slp\n|move|p1b: bh_pk\u30c3|Body Press|p2a: Roaring Moon\n|-supereffective|p2a: Roaring Moon\n|-damage|p2a: Roaring Moon|0 fnt\n|faint|p2a: Roaring Moon\n|-end|p2a: Roaring Moon|Protosynthesis|[silent]\n|\n|-weather|none\n|-heal|p2b: Rillaboom|38\/100|[from] Grassy Terrain\n|-heal|p1a: Arboliva|89\/100 slp|[from] Grassy Terrain\n|-heal|p1b: bh_pk\u30c3|83\/100|[from] Grassy Terrain\n|-sideend|p1: Iamnewmetalol|Safeguard\n|upkeep\n|\n|t:|1700111624\n|switch|p2a: Dondozo|Dondozo, L50, M|95\/100\n|turn|9\n|\n|t:|1700111640\n|move|p2b: Rillaboom|Fake Out||[still]\n|-hint|Fake Out only works on your first turn out.\n|-fail|p2b: Rillaboom\n|cant|p1a: Arboliva|slp\n|move|p2a: Dondozo|Body Press|p1a: Arboliva\n|-supereffective|p1a: Arboliva\n|-damage|p1a: Arboliva|33\/100 slp\n|move|p1b: bh_pk\u30c3|Stockpile|p1b: bh_pk\u30c3\n|-start|p1b: bh_pk\u30c3|stockpile3\n|-boost|p1b: bh_pk\u30c3|def|1\n|-boost|p1b: bh_pk\u30c3|spd|1\n|\n|-heal|p2b: Rillaboom|43\/100|[from] Grassy Terrain\n|-heal|p1a: Arboliva|39\/100 slp|[from] Grassy Terrain\n|-heal|p2a: Dondozo|100\/100|[from] Grassy Terrain\n|-heal|p1b: bh_pk\u30c3|89\/100|[from] Grassy Terrain\n|-fieldend|move: Grassy Terrain\n|upkeep\n|turn|10\n|inactive|Iamnewmetalol has 30 seconds left.\n|\n|t:|1700111668\n|move|p2b: Rillaboom|Taunt|p1b: bh_pk\u30c3\n|-start|p1b: bh_pk\u30c3|move: Taunt\n|cant|p1a: Arboliva|slp\n|move|p2a: Dondozo|Body Press|p1a: Arboliva\n|-supereffective|p1a: Arboliva\n|-damage|p1a: Arboliva|0 fnt\n|faint|p1a: Arboliva\n|move|p1b: bh_pk\u30c3|Body Press|p2a: Dondozo\n|-damage|p2a: Dondozo|57\/100\n|\n|-heal|p2a: Dondozo|63\/100|[from] item: Leftovers\n|upkeep\n|\n|t:|1700111691\n|switch|p1a: Ninetales|Ninetales, L50, M|28\/100\n|-weather|SunnyDay|[from] ability: Drought|[of] p1a: Ninetales\n|turn|11\n|-message|BigMode_JimBob forfeited.\n|\n|win|Iamnewmetalol\n|raw|Iamnewmetalol's rating: 1073 &rarr; <strong>1099<\/strong><br \/>(+26 for winning)\n|raw|BigMode_JimBob's rating: 1042 &rarr; <strong>1027<\/strong><br \/>(-15 for losing)\n|l|\u2606BigMode_JimBob\n","uploadtime":1700111772,"views":16,"p1id":"iamnewmetalol","p2id":"bigmodejimbob","formatid":"gen9vgc2023regulatione","rating":1027,"private":0,"password":""}