{"id":"gen9vgc2023regulatione-1988345567","p1":"KiiDMarVeL","p2":"Jesulini023","format":"[Gen 9] VGC 2023 Regulation E","log":"|j|\u2606KiiDMarVeL\n|j|\u2606Jesulini023\n|t:|1699711763\n|gametype|doubles\n|player|p1|KiiDMarVeL|morty|1159\n|player|p2|Jesulini023|candice|1088\n|teamsize|p1|6\n|teamsize|p2|6\n|gen|9\n|tier|[Gen 9] VGC 2023 Regulation E\n|rated|\n|rule|Species Clause: Limit one of each Pok\u00e9mon\n|rule|Item Clause: Limit one of each item\n|clearpoke\n|poke|p1|Weezing, L50, F|\n|poke|p1|Slaking, L50, M|\n|poke|p1|Dragonite, L50, F|\n|poke|p1|Chien-Pao, L50|\n|poke|p1|Palafin, L50, F|\n|poke|p1|Flutter Mane, L50|\n|poke|p2|Dragonite, L50, M|\n|poke|p2|Tornadus, L50, M|\n|poke|p2|Flutter Mane, L50|\n|poke|p2|Ogerpon-Wellspring, L50, F|\n|poke|p2|Chien-Pao, L50|\n|poke|p2|Arcanine-Hisui, L50, M|\n|teampreview|4\n|\n|t:|1699711788\n|start\n|switch|p1a: Weezing|Weezing, L50, F|100\/100\n|switch|p1b: Slaking|Slaking, L50, M|100\/100\n|switch|p2a: Dragonite|Dragonite, L50, M|100\/100\n|switch|p2b: Tornadus|Tornadus, L50, M|100\/100\n|-ability|p1a: Weezing|Neutralizing Gas\n|turn|1\n|\n|t:|1699711814\n|move|p1b: Slaking|Bulk Up|p1b: Slaking\n|-boost|p1b: Slaking|atk|1\n|-boost|p1b: Slaking|def|1\n|move|p2b: Tornadus|Tailwind|p2b: Tornadus\n|-sidestart|p2: Jesulini023|move: Tailwind\n|move|p2a: Dragonite|Stomping Tantrum|p1a: Weezing\n|-supereffective|p1a: Weezing\n|-damage|p1a: Weezing|42\/100\n|-enditem|p1a: Weezing|Sitrus Berry|[eat]\n|-heal|p1a: Weezing|67\/100|[from] item: Sitrus Berry\n|-damage|p2a: Dragonite|91\/100|[from] item: Life Orb\n|move|p1a: Weezing|Will-O-Wisp|p2a: Dragonite|[miss]\n|-miss|p1a: Weezing|p2a: Dragonite\n|\n|upkeep\n|turn|2\n|\n|t:|1699711842\n|move|p2b: Tornadus|Bleakwind Storm|p1a: Weezing|[spread] p1a,p1b\n|-damage|p1a: Weezing|28\/100\n|-damage|p1b: Slaking|70\/100\n|move|p2a: Dragonite|Outrage|p1a: Weezing\n|-damage|p1a: Weezing|0 fnt\n|faint|p1a: Weezing\n|-end|p1a: Weezing|ability: Neutralizing Gas\n|-damage|p2a: Dragonite|81\/100|[from] item: Life Orb\n|move|p1b: Slaking|Body Slam|p2a: Dragonite\n|-damage|p2a: Dragonite|13\/100\n|\n|upkeep\n|\n|t:|1699711856\n|switch|p1a: Chien-Pao|Chien-Pao, L50|100\/100\n|-ability|p1a: Chien-Pao|Sword of Ruin\n|turn|3\n|\n|t:|1699711866\n|move|p1a: Chien-Pao|Protect|p1a: Chien-Pao\n|-singleturn|p1a: Chien-Pao|Protect\n|move|p2b: Tornadus|Rain Dance|p2b: Tornadus\n|-weather|RainDance\n|move|p2a: Dragonite|Outrage|p1b: Slaking|[from]lockedmove\n|-damage|p1b: Slaking|2\/100\n|-damage|p2a: Dragonite|4\/100|[from] item: Life Orb\n|-start|p2a: Dragonite|confusion|[fatigue]\n|cant|p1b: Slaking|ability: Truant\n|\n|-weather|RainDance|[upkeep]\n|upkeep\n|turn|4\n|\n|t:|1699711888\n|-activate|p2a: Dragonite|confusion\n|move|p2a: Dragonite|Extreme Speed|p1a: Chien-Pao\n|-damage|p1a: Chien-Pao|48\/100\n|-damage|p2a: Dragonite|0 fnt|[from] item: Life Orb\n|faint|p2a: Dragonite\n|move|p1a: Chien-Pao|Sucker Punch|p2b: Tornadus\n|-damage|p2b: Tornadus|42\/100\n|move|p2b: Tornadus|Bleakwind Storm|p1b: Slaking|[spread] p1a,p1b\n|-damage|p1a: Chien-Pao|0 fnt\n|-damage|p1b: Slaking|0 fnt\n|faint|p1a: Chien-Pao\n|faint|p1b: Slaking\n|\n|-weather|RainDance|[upkeep]\n|-sideend|p2: Jesulini023|move: Tailwind\n|upkeep\n|\n|t:|1699711902\n|switch|p1a: Dragonite|Dragonite, L50, F|100\/100\n|switch|p2a: Ogerpon|Ogerpon-Wellspring, L50, F|100\/100\n|turn|5\n|\n|t:|1699711933\n|move|p2a: Ogerpon|Spiky Shield|p2a: Ogerpon\n|-singleturn|p2a: Ogerpon|move: Protect\n|move|p2b: Tornadus|Tailwind|p2b: Tornadus\n|-sidestart|p2: Jesulini023|move: Tailwind\n|move|p1a: Dragonite|Outrage|p2b: Tornadus\n|-damage|p2b: Tornadus|0 fnt\n|faint|p2b: Tornadus\n|\n|-weather|RainDance|[upkeep]\n|upkeep\n|\n|t:|1699711941\n|switch|p2b: Chien-Pao|Chien-Pao, L50|100\/100\n|-ability|p2b: Chien-Pao|Sword of Ruin\n|turn|6\n|inactive|Battle timer is ON: inactive players will automatically lose when time's up. (requested by KiiDMarVeL)\n|\n|t:|1699711958\n|-terastallize|p2a: Ogerpon|Water\n|detailschange|p2a: Ogerpon|Ogerpon-Wellspring-Tera, L50, F, tera:Water\n|-ability|p2a: Ogerpon|Embody Aspect (Wellspring)|boost\n|-boost|p2a: Ogerpon|spd|1\n|move|p2b: Chien-Pao|Ice Spinner|p1a: Dragonite\n|-supereffective|p1a: Dragonite\n|-damage|p1a: Dragonite|0 fnt\n|faint|p1a: Dragonite\n|\n|win|Jesulini023\n|raw|KiiDMarVeL's rating: 1159 &rarr; <strong>1129<\/strong><br \/>(-30 for losing)\n|raw|Jesulini023's rating: 1088 &rarr; <strong>1120<\/strong><br \/>(+32 for winning)\n|c|\u2606KiiDMarVeL|gg\n|c|\u2606KiiDMarVeL|gg\n","uploadtime":1699711979,"views":15,"p1id":"kiidmarvel","p2id":"jesulini023","formatid":"gen9vgc2023regulatione","rating":1120,"private":0,"password":""}