{"id":"gen9vgc2023regulatione-1998329207","p1":"Pixelated_Toast","p2":"Squirly","format":"[Gen 9] VGC 2023 Regulation E","log":"|j|\u2606Pixelated_Toast\n|j|\u2606Squirly\n|n|\u2606Pixelated_Toast|pixelatedtoast\n|n|\u2606Squirly|squirly\n|html|View the match progress at <a href=\"\/game-bestof3-gen9vgc2023regulatione-1998329206\">game-bestof3-gen9vgc2023regulatione-1998329206<\/a>\n|t:|1700930106\n|gametype|doubles\n|player|p1|Pixelated_Toast|265|\n|player|p2|Squirly|psychic-gen4|\n|teamsize|p1|6\n|teamsize|p2|6\n|gen|9\n|tier|[Gen 9] VGC 2023 Regulation E\n|rule|Species Clause: Limit one of each Pok\u00e9mon\n|rule|Item Clause: Limit one of each item\n|clearpoke\n|poke|p1|Overqwil, L50, F|\n|poke|p1|Dusclops, L50, M|\n|poke|p1|Basculin-Blue-Striped, L50, M|\n|poke|p1|Breloom, L50, F|\n|poke|p1|Gumshoos, L50, F|\n|poke|p1|Goodra-Hisui, L50, M|\n|poke|p2|Dragapult, L50, F|\n|poke|p2|Espeon, L50, M|\n|poke|p2|Landorus-Therian, L50, M|\n|poke|p2|Moltres-Galar, L50|\n|poke|p2|Morgrem, L50, M|\n|poke|p2|Pyroar, L50, M|\n|teampreview|4\nSquirly rejected open team sheets.\n|c|\u2606Pixelated_Toast|https:\/\/pokepast.es\/67c206893036e908\n|c|\u2606Squirly|tera sheet https:\/\/pokepast.es\/21f9be2defabb7e6\n|c|\u2606Pixelated_Toast|GL HF\n|c|\u2606Squirly|glhf\n|c|\u2606Squirly|u ok with me recording?\n|j| jadon A.\n|c| jadon A.|Hello it's me yoshi\n|c|\u2606Pixelated_Toast|Yep you can record\n|\n|t:|1700930241\n|start\n|switch|p1a: Sherlock|Gumshoos, L50, F, shiny|100\/100\n|switch|p1b: Fish|Basculin-Blue-Striped, L50, M, shiny|100\/100\n|switch|p2a: Morgrem|Morgrem, L50, M|100\/100\n|switch|p2b: Landorus|Landorus-Therian, L50, M|100\/100\n|-ability|p2b: Landorus|Intimidate|boost\n|-unboost|p1a: Sherlock|atk|1\n|-unboost|p1b: Fish|atk|1\n|turn|1\n|\n|t:|1700930287\n|switch|p2b: Moltres|Moltres-Galar, L50|100\/100\n|move|p1a: Sherlock|Protect|p1a: Sherlock\n|-singleturn|p1a: Sherlock|Protect\n|move|p2a: Morgrem|Reflect|p2a: Morgrem\n|-sidestart|p2: Squirly|Reflect\n|move|p1b: Fish|Wave Crash|p2b: Moltres\n|-damage|p2b: Moltres|67\/100\n|\n|upkeep\n|turn|2\n|l| jadon A.\n|\n|t:|1700930323\n|switch|p2a: Landorus|Landorus-Therian, L50, M|100\/100\n|-ability|p2a: Landorus|Intimidate|boost\n|-unboost|p1a: Sherlock|atk|1\n|-unboost|p1b: Fish|atk|1\n|switch|p1a: Toadette|Breloom, L50, F, shiny|100\/100\n|move|p1b: Fish|Wave Crash|p2a: Landorus\n|-supereffective|p2a: Landorus\n|-damage|p2a: Landorus|43\/100\n|move|p2b: Moltres|Nasty Plot|p2b: Moltres\n|-boost|p2b: Moltres|spa|2\n|\n|upkeep\n|turn|3\n|j| jadon A.\n|\n|t:|1700930384\n|switch|p2a: Morgrem|Morgrem, L50, M|100\/100\n|move|p1b: Fish|Wave Crash|p2a: Morgrem\n|-damage|p2a: Morgrem|79\/100\n|move|p2b: Moltres|Air Slash|p1a: Toadette\n|-supereffective|p1a: Toadette\n|-damage|p1a: Toadette|0 fnt\n|faint|p1a: Toadette\n|\n|upkeep\n|\n|t:|1700930395\n|switch|p1a: Ghost|Dusclops, L50, M, shiny|100\/100\n|-item|p2a: Morgrem|Eviolite|[from] ability: Frisk|[of] p1a: Ghost|[identify]\n|-item|p2b: Moltres|Sitrus Berry|[from] ability: Frisk|[of] p1a: Ghost|[identify]\n|turn|4\n|\n|t:|1700930438\n|move|p2a: Morgrem|Taunt|p1a: Ghost\n|-start|p1a: Ghost|move: Taunt\n|move|p1b: Fish|Wave Crash|p2b: Moltres\n|-damage|p2b: Moltres|38\/100\n|-ability|p2b: Moltres|Berserk|boost\n|-boost|p2b: Moltres|spa|1\n|-enditem|p2b: Moltres|Sitrus Berry|[eat]\n|-heal|p2b: Moltres|63\/100|[from] item: Sitrus Berry\n|move|p2b: Moltres|Fiery Wrath|p1a: Ghost|[spread] p1a,p1b\n|-supereffective|p1a: Ghost\n|-damage|p1a: Ghost|15\/100\n|-damage|p1b: Fish|0 fnt\n|faint|p1b: Fish\n|move|p1a: Ghost|Leech Life|p2b: Moltres\n|-damage|p2b: Moltres|52\/100\n|-heal|p1a: Ghost|22\/100|[from] drain|[of] p2b: Moltres\n|\n|upkeep\n|l| jadon A.\n|\n|t:|1700930454\n|switch|p1b: Sherlock|Gumshoos, L50, F, shiny|100\/100\n|turn|5\n|j| jadon A.\n|\n|t:|1700930470\n|move|p2a: Morgrem|Taunt|p1b: Sherlock\n|-start|p1b: Sherlock|move: Taunt\n|move|p1a: Ghost|Shadow Sneak|p2b: Moltres\n|-resisted|p2b: Moltres\n|-damage|p2b: Moltres|48\/100\n|-ability|p2b: Moltres|Berserk|boost\n|-boost|p2b: Moltres|spa|1\n|move|p2b: Moltres|Fiery Wrath|p1a: Ghost|[spread] p1a,p1b\n|-supereffective|p1a: Ghost\n|-damage|p1a: Ghost|0 fnt\n|-damage|p1b: Sherlock|0 fnt\n|faint|p1a: Ghost\n|faint|p1b: Sherlock\n|\n|win|Squirly\n|inactive|Pixelated_Toast has 50 seconds to confirm battle start!\n|inactive|Squirly has 50 seconds to confirm battle start!\n|c|&|\/uhtml prompt-squirly,Squirly is ready for game 2!\n|c|&|\/uhtml prompt-pixelatedtoast,Pixelated_Toast is ready for game 2!\nBoth players are ready! Starting next match!\n|l| jadon A.\n|l|\u2606Pixelated_Toast\n","uploadtime":1700930836,"views":5,"p1id":"pixelatedtoast","p2id":"squirly","formatid":"gen9vgc2023regulatione","rating":0,"private":0,"password":""}