{"id":"gen9vgc2023regulatione-1992130559","p1":"leolc0926","p2":"ItoshiSae95","format":"[Gen 9] VGC 2023 Regulation E","log":"|j|\u2606leolc0926\n|j|\u2606ItoshiSae95\n|t:|1700157569\n|gametype|doubles\n|player|p1|leolc0926|steven|1470\n|player|p2|ItoshiSae95|169|1585\n|teamsize|p1|6\n|teamsize|p2|6\n|gen|9\n|tier|[Gen 9] VGC 2023 Regulation E\n|rated|\n|rule|Species Clause: Limit one of each Pok\u00e9mon\n|rule|Item Clause: Limit one of each item\n|clearpoke\n|poke|p1|Indeedee-F, L50, F|\n|poke|p1|Armarouge, L50, M|\n|poke|p1|Torkoal, L50, M|\n|poke|p1|Kingambit, L50, F|\n|poke|p1|Enamorus-Therian, L50, F|\n|poke|p1|Lilligant-Hisui, L50, F|\n|poke|p2|Iron Hands, L50|\n|poke|p2|Tornadus, L50, M|\n|poke|p2|Urshifu-*, L50, F|\n|poke|p2|Flutter Mane, L50|\n|poke|p2|Chien-Pao, L50|\n|poke|p2|Kingambit, L50, F|\n|teampreview|4\n|inactive|Battle timer is ON: inactive players will automatically lose when time's up. (requested by ItoshiSae95)\nleolc0926 has agreed to open team sheets.\n|\n|t:|1700157592\n|start\n|switch|p1a: \u7ba1\u4e8b\u4fa0|Indeedee-F, L50, F|100\/100\n|switch|p1b: \u30b0\u30ec\u30f3\u30a2\u30eb\u30de|Armarouge, L50, M|100\/100\n|switch|p2a: Chien-Pao|Chien-Pao, L50|100\/100\n|switch|p2b: Urshifu|Urshifu-Rapid-Strike, L50, F|100\/100\n|-ability|p2a: Chien-Pao|Sword of Ruin\n|-fieldstart|move: Psychic Terrain|[from] ability: Psychic Surge|[of] p1a: \u7ba1\u4e8b\u4fa0\n|-enditem|p1a: \u7ba1\u4e8b\u4fa0|Psychic Seed\n|-boost|p1a: \u7ba1\u4e8b\u4fa0|spd|1|[from] item: Psychic Seed\n|turn|1\n|\n|t:|1700157609\n|move|p1a: \u7ba1\u4e8b\u4fa0|Follow Me|p1a: \u7ba1\u4e8b\u4fa0\n|-singleturn|p1a: \u7ba1\u4e8b\u4fa0|move: Follow Me\n|move|p2b: Urshifu|U-turn|p1a: \u7ba1\u4e8b\u4fa0\n|-supereffective|p1a: \u7ba1\u4e8b\u4fa0\n|-damage|p1a: \u7ba1\u4e8b\u4fa0|36\/100\n|\n|t:|1700157613\n|switch|p2b: Tornadus|Tornadus, L50, M|100\/100|[from] U-turn\n|move|p2a: Chien-Pao|Ice Spinner|p1a: \u7ba1\u4e8b\u4fa0\n|-damage|p1a: \u7ba1\u4e8b\u4fa0|0 fnt\n|-fieldend|move: Psychic Terrain\n|faint|p1a: \u7ba1\u4e8b\u4fa0\n|move|p1b: \u30b0\u30ec\u30f3\u30a2\u30eb\u30de|Trick Room|p1b: \u30b0\u30ec\u30f3\u30a2\u30eb\u30de\n|-fieldstart|move: Trick Room|[of] p1b: \u30b0\u30ec\u30f3\u30a2\u30eb\u30de\n|\n|upkeep\n|\n|t:|1700157621\n|switch|p1a: \u7737\u604b\u4fa0|Enamorus-Therian, L50, F|100\/100\n|turn|2\n|\n|t:|1700157642\n|move|p2b: Tornadus|Rain Dance|p2b: Tornadus\n|-weather|RainDance\n|move|p2a: Chien-Pao|Sucker Punch|p1b: \u30b0\u30ec\u30f3\u30a2\u30eb\u30de\n|-supereffective|p1b: \u30b0\u30ec\u30f3\u30a2\u30eb\u30de\n|-damage|p1b: \u30b0\u30ec\u30f3\u30a2\u30eb\u30de|14\/100\n|move|p1a: \u7737\u604b\u4fa0|Dazzling Gleam|p2b: Tornadus|[spread] p2a,p2b\n|-supereffective|p2a: Chien-Pao\n|-enditem|p2a: Chien-Pao|Focus Sash\n|-damage|p2a: Chien-Pao|1\/100\n|-damage|p2b: Tornadus|56\/100\n|move|p1b: \u30b0\u30ec\u30f3\u30a2\u30eb\u30de|Expanding Force|p2b: Tornadus\n|-damage|p2b: Tornadus|0 fnt\n|faint|p2b: Tornadus\n|-damage|p1b: \u30b0\u30ec\u30f3\u30a2\u30eb\u30de|4\/100|[from] item: Life Orb\n|\n|-weather|RainDance|[upkeep]\n|upkeep\n|\n|t:|1700157657\n|switch|p2b: Iron Hands|Iron Hands, L50|100\/100\n|turn|3\n|\n|t:|1700157681\n|-terastallize|p2b: Iron Hands|Fire\n|move|p1a: \u7737\u604b\u4fa0|Protect|p1a: \u7737\u604b\u4fa0\n|-singleturn|p1a: \u7737\u604b\u4fa0|Protect\n|move|p2a: Chien-Pao|Protect|p2a: Chien-Pao\n|-singleturn|p2a: Chien-Pao|Protect\n|move|p2b: Iron Hands|Wild Charge|p1a: \u7737\u604b\u4fa0\n|-activate|p1a: \u7737\u604b\u4fa0|move: Protect\n|move|p1b: \u30b0\u30ec\u30f3\u30a2\u30eb\u30de|Expanding Force|p2b: Iron Hands\n|-damage|p2b: Iron Hands|72\/100\n|-damage|p1b: \u30b0\u30ec\u30f3\u30a2\u30eb\u30de|0 fnt|[from] item: Life Orb\n|faint|p1b: \u30b0\u30ec\u30f3\u30a2\u30eb\u30de\n|\n|-weather|RainDance|[upkeep]\n|upkeep\n|\n|t:|1700157693\n|switch|p1b: \u55b7\u706b\u4fa0|Torkoal, L50, M|100\/100\n|-weather|SunnyDay|[from] ability: Drought|[of] p1b: \u55b7\u706b\u4fa0\n|turn|4\n|inactive|ItoshiSae95 has 30 seconds left.\n|\n|t:|1700157722\n|-terastallize|p1b: \u55b7\u706b\u4fa0|Fire\n|move|p2a: Chien-Pao|Sucker Punch|p1b: \u55b7\u706b\u4fa0\n|-damage|p1b: \u55b7\u706b\u4fa0|65\/100\n|move|p1b: \u55b7\u706b\u4fa0|Eruption|p2a: Chien-Pao|[spread] p2a,p2b\n|-supereffective|p2a: Chien-Pao\n|-resisted|p2b: Iron Hands\n|-damage|p2a: Chien-Pao|0 fnt\n|-damage|p2b: Iron Hands|52\/100\n|faint|p2a: Chien-Pao\n|move|p1a: \u7737\u604b\u4fa0|Earth Power|p2b: Iron Hands\n|-supereffective|p2b: Iron Hands\n|-damage|p2b: Iron Hands|15\/100\n|move|p2b: Iron Hands|Drain Punch|p1b: \u55b7\u706b\u4fa0\n|-damage|p1b: \u55b7\u706b\u4fa0|29\/100\n|-heal|p2b: Iron Hands|29\/100|[from] drain|[of] p1b: \u55b7\u706b\u4fa0\n|\n|-weather|SunnyDay|[upkeep]\n|upkeep\n|\n|t:|1700157737\n|switch|p2a: Urshifu|Urshifu-Rapid-Strike, L50, F|100\/100\n|turn|5\n|\n|t:|1700157745\n|move|p1b: \u55b7\u706b\u4fa0|Earth Power|p2b: Iron Hands\n|-supereffective|p2b: Iron Hands\n|-damage|p2b: Iron Hands|3\/100\n|move|p1a: \u7737\u604b\u4fa0|Moonblast|p2a: Urshifu\n|-supereffective|p2a: Urshifu\n|-damage|p2a: Urshifu|0 fnt\n|faint|p2a: Urshifu\n|move|p2b: Iron Hands|Heavy Slam|p1a: \u7737\u604b\u4fa0\n|-supereffective|p1a: \u7737\u604b\u4fa0\n|-damage|p1a: \u7737\u604b\u4fa0|9\/100\n|\n|-weather|SunnyDay|[upkeep]\n|-fieldend|move: Trick Room\n|upkeep\n|turn|6\n|\n|t:|1700157762\n|move|p2b: Iron Hands|Drain Punch|p1b: \u55b7\u706b\u4fa0\n|-damage|p1b: \u55b7\u706b\u4fa0|0 fnt\n|-heal|p2b: Iron Hands|14\/100|[from] drain|[of] p1b: \u55b7\u706b\u4fa0\n|faint|p1b: \u55b7\u706b\u4fa0\n|move|p1a: \u7737\u604b\u4fa0|Earth Power|p2b: Iron Hands\n|-supereffective|p2b: Iron Hands\n|-damage|p2b: Iron Hands|0 fnt\n|faint|p2b: Iron Hands\n|-end|p2b: Iron Hands|Quark Drive|[silent]\n|\n|win|leolc0926\n|raw|leolc0926's rating: 1470 &rarr; <strong>1496<\/strong><br \/>(+26 for winning)\n|raw|ItoshiSae95's rating: 1585 &rarr; <strong>1559<\/strong><br \/>(-26 for losing)\n|c|\u2606leolc0926|gg\n|l|\u2606ItoshiSae95\n","uploadtime":1700157776,"views":8,"p1id":"leolc0926","p2id":"itoshisae95","formatid":"gen9vgc2023regulatione","rating":1496,"private":0,"password":""}