{"id":"gen9vgc2023regulatione-1990480046","p1":"moggyoh","p2":"vengeancedamonk","format":"[Gen 9] VGC 2023 Regulation E","log":"|j|\u2606moggyoh\n|j|\u2606vengeancedamonk\n|t:|1699974818\n|gametype|doubles\n|player|p1|moggyoh|1|1314\n|player|p2|vengeancedamonk|ethan|1296\n|teamsize|p1|6\n|teamsize|p2|6\n|gen|9\n|tier|[Gen 9] VGC 2023 Regulation E\n|rated|\n|rule|Species Clause: Limit one of each Pok\u00e9mon\n|rule|Item Clause: Limit one of each item\n|clearpoke\n|poke|p1|Zapdos-Galar, L50|\n|poke|p1|Chien-Pao, L50|\n|poke|p1|Farigiraf, L50, M|\n|poke|p1|Heatran, L50, M|\n|poke|p1|Rillaboom, L50, M|\n|poke|p1|Dragapult, L50, M|\n|poke|p2|Gastrodon, L50, M|\n|poke|p2|Arcanine-Hisui, L50, F|\n|poke|p2|Urshifu-*, L50, M|\n|poke|p2|Zapdos, L50|\n|poke|p2|Landorus-Therian, L50, M|\n|poke|p2|Sylveon, L50, F|\n|teampreview|4\n|inactive|Battle timer is ON: inactive players will automatically lose when time's up. (requested by vengeancedamonk)\n|\n|t:|1699974848\n|start\n|switch|p1a: Zapdos|Zapdos-Galar, L50|100\/100\n|switch|p1b: Farigiraf|Farigiraf, L50, M|100\/100\n|switch|p2a: Landorus|Landorus-Therian, L50, M|100\/100\n|switch|p2b: Sylveon|Sylveon, L50, F|100\/100\n|-ability|p2a: Landorus|Intimidate|boost\n|-unboost|p1a: Zapdos|atk|1\n|-ability|p1a: Zapdos|Defiant|boost\n|-boost|p1a: Zapdos|atk|2\n|-unboost|p1b: Farigiraf|atk|1\n|turn|1\n|inactive|moggyoh has 30 seconds left.\n|inactive|vengeancedamonk has 30 seconds left.\n|inactive|moggyoh has 20 seconds left.\n|inactive|vengeancedamonk has 20 seconds left.\n|inactive|moggyoh has 15 seconds left.\n|inactive|moggyoh has 10 seconds left.\n|\n|t:|1699974893\n|-terastallize|p1a: Zapdos|Fire\n|-terastallize|p2a: Landorus|Water\n|move|p1b: Farigiraf|Helping Hand|p1a: Zapdos\n|-singleturn|p1a: Zapdos|Helping Hand|[of] p1b: Farigiraf\n|move|p1a: Zapdos|Brave Bird|p2a: Landorus\n|-damage|p2a: Landorus|0 fnt\n|faint|p2a: Landorus\n|-damage|p1a: Zapdos|69\/100|[from] Recoil\n|move|p2b: Sylveon|Hyper Voice|p1b: Farigiraf|[spread] p1a,p1b\n|-resisted|p1a: Zapdos\n|-damage|p1a: Zapdos|32\/100\n|-damage|p1b: Farigiraf|38\/100\n|\n|upkeep\n|\n|t:|1699974910\n|switch|p2a: Arcanine|Arcanine-Hisui, L50, F|100\/100\n|-ability|p2a: Arcanine|Intimidate|boost\n|-unboost|p1a: Zapdos|atk|1\n|-ability|p1a: Zapdos|Defiant|boost\n|-boost|p1a: Zapdos|atk|2\n|-unboost|p1b: Farigiraf|atk|1\n|turn|2\n|inactive|moggyoh has 30 seconds left.\n|\n|t:|1699974939\n|switch|p1a: Heatran|Heatran, L50, M|100\/100\n|move|p2a: Arcanine|Rock Slide|p1b: Farigiraf|[spread] p1a,p1b\n|-damage|p1a: Heatran|68\/100\n|-damage|p1b: Farigiraf|8\/100\n|cant|p1b: Farigiraf|flinch\n|move|p2b: Sylveon|Hyper Voice|p1a: Heatran|[spread] p1a,p1b\n|-resisted|p1a: Heatran\n|-damage|p1a: Heatran|61\/100\n|-damage|p1b: Farigiraf|0 fnt\n|faint|p1b: Farigiraf\n|\n|upkeep\n|\n|t:|1699974958\n|switch|p1b: Zapdos|Zapdos-Galar, L50, tera:Fire|32\/100\n|turn|3\n|\n|t:|1699974968\n|switch|p2b: Urshifu|Urshifu, L50, M|100\/100\n|move|p1b: Zapdos|Thunderous Kick|p2a: Arcanine\n|-supereffective|p2a: Arcanine\n|-damage|p2a: Arcanine|0 fnt\n|faint|p2a: Arcanine\n|move|p1a: Heatran|Flash Cannon|p2b: Urshifu\n|-damage|p2b: Urshifu|34\/100\n|-unboost|p2b: Urshifu|spd|1\n|\n|upkeep\n|\n|t:|1699974979\n|switch|p2a: Sylveon|Sylveon, L50, F|100\/100\n|turn|4\n|\n|t:|1699974986\n|move|p1b: Zapdos|Thunderous Kick|p2b: Urshifu\n|-supereffective|p2b: Urshifu\n|-damage|p2b: Urshifu|0 fnt\n|faint|p2b: Urshifu\n|move|p1a: Heatran|Flash Cannon|p2a: Sylveon\n|-supereffective|p2a: Sylveon\n|-damage|p2a: Sylveon|38\/100\n|-unboost|p2a: Sylveon|spd|1\n|move|p2a: Sylveon|Hyper Voice|p1b: Zapdos|[spread] p1a,p1b\n|-resisted|p1a: Heatran\n|-resisted|p1b: Zapdos\n|-damage|p1a: Heatran|52\/100\n|-damage|p1b: Zapdos|1\/100\n|\n|upkeep\n|turn|5\n|\n|t:|1699975002\n|move|p1b: Zapdos|Thunderous Kick|p2a: Sylveon\n|-resisted|p2a: Sylveon\n|-damage|p2a: Sylveon|7\/100\n|-unboost|p2a: Sylveon|def|1\n|move|p1a: Heatran|Flash Cannon|p2a: Sylveon\n|-supereffective|p2a: Sylveon\n|-damage|p2a: Sylveon|0 fnt\n|faint|p2a: Sylveon\n|\n|win|moggyoh\n|raw|moggyoh's rating: 1314 &rarr; <strong>1333<\/strong><br \/>(+19 for winning)\n|raw|vengeancedamonk's rating: 1296 &rarr; <strong>1272<\/strong><br \/>(-24 for losing)\n|l|\u2606vengeancedamonk\n","uploadtime":1699975018,"views":7,"p1id":"moggyoh","p2id":"vengeancedamonk","formatid":"gen9vgc2023regulatione","rating":1272,"private":0,"password":""}