{"id":"gen9vgc2023regulatione-1994028835","p1":"papasmurfette","p2":"Eduardo22","format":"[Gen 9] VGC 2023 Regulation E","log":"|j|\u2606papasmurfette\n|j|\u2606Eduardo22\n|t:|1700396360\n|gametype|doubles\n|player|p1|papasmurfette|jogger|1528\n|player|p2|Eduardo22|li|1461\n|teamsize|p1|6\n|teamsize|p2|6\n|gen|9\n|tier|[Gen 9] VGC 2023 Regulation E\n|rated|\n|rule|Species Clause: Limit one of each Pok\u00e9mon\n|rule|Item Clause: Limit one of each item\n|clearpoke\n|poke|p1|Tornadus, L50, M|\n|poke|p1|Urshifu-*, L50, M|\n|poke|p1|Rillaboom, L50, M|\n|poke|p1|Landorus-Therian, L50, M|\n|poke|p1|Heatran, L50, M|\n|poke|p1|Gholdengo, L50|\n|poke|p2|Hatterene, L50, F|\n|poke|p2|Ursaluna-Bloodmoon, L50, M|\n|poke|p2|Torkoal, L50, F|\n|poke|p2|Lilligant-Hisui, L50, F|\n|poke|p2|Rillaboom, L50, F|\n|poke|p2|Farigiraf, L50, F|\n|teampreview|4\nEduardo22 rejected open team sheets.\n|\n|t:|1700396395\n|start\n|switch|p1a: Tornadus|Tornadus, L50, M|100\/100\n|switch|p1b: Landorus|Landorus-Therian, L50, M|100\/100\n|switch|p2a: Torkoal|Torkoal, L50, F|100\/100\n|switch|p2b: Lilligant|Lilligant-Hisui, L50, F|100\/100\n|-ability|p1b: Landorus|Intimidate|boost\n|-unboost|p2a: Torkoal|atk|1\n|-unboost|p2b: Lilligant|atk|1\n|-weather|SunnyDay|[from] ability: Drought|[of] p2a: Torkoal\n|turn|1\n|\n|t:|1700396409\n|-terastallize|p1b: Landorus|Flying\n|move|p2a: Torkoal|Protect|p2a: Torkoal\n|-singleturn|p2a: Torkoal|Protect\n|move|p1a: Tornadus|Rain Dance|p1a: Tornadus\n|-weather|RainDance\n|move|p1b: Landorus|Tera Blast|p2b: Lilligant|[anim] Tera Blast Flying\n|-supereffective|p2b: Lilligant\n|-enditem|p2b: Lilligant|Focus Sash\n|-damage|p2b: Lilligant|1\/100\n|move|p2b: Lilligant|Sleep Powder|p1a: Tornadus\n|-status|p1a: Tornadus|slp|[from] move: Sleep Powder\n|\n|-weather|RainDance|[upkeep]\n|upkeep\n|turn|2\n|\n|t:|1700396434\n|switch|p1b: Gholdengo|Gholdengo, L50|100\/100\n|switch|p2a: Hatterene|Hatterene, L50, F|100\/100\n|move|p2b: Lilligant|Protect|p2b: Lilligant\n|-singleturn|p2b: Lilligant|Protect\n|cant|p1a: Tornadus|slp\n|\n|-weather|RainDance|[upkeep]\n|upkeep\n|turn|3\n|\n|t:|1700396449\n|switch|p1a: Heatran|Heatran, L50, M|100\/100\n|-terastallize|p2a: Hatterene|Fire\n|move|p2b: Lilligant|Leaf Blade|p1b: Gholdengo\n|-resisted|p1b: Gholdengo\n|-damage|p1b: Gholdengo|88\/100\n|move|p1b: Gholdengo|Nasty Plot|p1b: Gholdengo\n|-boost|p1b: Gholdengo|spa|2\n|move|p2a: Hatterene|Trick Room|p2a: Hatterene\n|-fieldstart|move: Trick Room|[of] p2a: Hatterene\n|\n|-weather|RainDance|[upkeep]\n|upkeep\n|turn|4\n|\n|t:|1700396470\n|move|p2a: Hatterene|Protect|p2a: Hatterene\n|-singleturn|p2a: Hatterene|Protect\n|move|p1a: Heatran|Heat Wave|p2b: Lilligant|[spread] p2b\n|-activate|p2a: Hatterene|move: Protect\n|-supereffective|p2b: Lilligant\n|-damage|p2b: Lilligant|0 fnt\n|faint|p2b: Lilligant\n|-damage|p1a: Heatran|91\/100|[from] item: Life Orb\n|move|p1b: Gholdengo|Shadow Ball|p2a: Hatterene\n|-activate|p2a: Hatterene|move: Protect\n|\n|-weather|RainDance|[upkeep]\n|upkeep\n|\n|t:|1700396481\n|switch|p2b: Ursaluna|Ursaluna-Bloodmoon, L50, M|100\/100\n|turn|5\n|\n|t:|1700396494\n|move|p1a: Heatran|Protect|p1a: Heatran\n|-singleturn|p1a: Heatran|Protect\n|move|p2a: Hatterene|Dazzling Gleam|p1b: Gholdengo|[spread] p1b\n|-activate|p1a: Heatran|move: Protect\n|-resisted|p1b: Gholdengo\n|-damage|p1b: Gholdengo|72\/100\n|move|p2b: Ursaluna|Earth Power|p1a: Heatran\n|-activate|p1a: Heatran|move: Protect\n|move|p1b: Gholdengo|Make It Rain|p2a: Hatterene|[spread] p2a,p2b\n|-resisted|p2a: Hatterene\n|-damage|p2a: Hatterene|36\/100\n|-damage|p2b: Ursaluna|0 fnt\n|-unboost|p1b: Gholdengo|spa|1\n|faint|p2b: Ursaluna\n|\n|-weather|none\n|upkeep\n|\n|t:|1700396507\n|switch|p2b: Torkoal|Torkoal, L50, F|100\/100\n|-weather|SunnyDay|[from] ability: Drought|[of] p2b: Torkoal\n|turn|6\n|\n|t:|1700396513\n|move|p1b: Gholdengo|Protect|p1b: Gholdengo\n|-singleturn|p1b: Gholdengo|Protect\n|move|p2b: Torkoal|Eruption|p1b: Gholdengo|[spread] \n|-activate|p1b: Gholdengo|move: Protect\n|-start|p1a: Heatran|ability: Flash Fire\n|move|p2a: Hatterene|Dazzling Gleam|p1a: Heatran|[spread] p1a\n|-activate|p1b: Gholdengo|move: Protect\n|-resisted|p1a: Heatran\n|-damage|p1a: Heatran|83\/100\n|move|p1a: Heatran|Heat Wave|p2a: Hatterene|[spread] p2a,p2b\n|-resisted|p2a: Hatterene\n|-crit|p2a: Hatterene\n|-resisted|p2b: Torkoal\n|-damage|p2a: Hatterene|0 fnt\n|-damage|p2b: Torkoal|28\/100\n|faint|p2a: Hatterene\n|-damage|p1a: Heatran|74\/100|[from] item: Life Orb\n|\n|-weather|SunnyDay|[upkeep]\n|upkeep\n|turn|7\n|-message|Eduardo22 forfeited.\n|\n|win|papasmurfette\n|raw|papasmurfette's rating: 1528 &rarr; <strong>1544<\/strong><br \/>(+16 for winning)\n|raw|Eduardo22's rating: 1461 &rarr; <strong>1445<\/strong><br \/>(-16 for losing)\n|l|\u2606Eduardo22\n","uploadtime":1700396540,"views":14,"p1id":"papasmurfette","p2id":"eduardo22","formatid":"gen9vgc2023regulatione","rating":1445,"private":0,"password":""}