{"id":"gen9vgc2023regulatione-1989610124","p1":"Nae Scooby","p2":"Garcia-Senpai","format":"[Gen 9] VGC 2023 Regulation E","log":"|j|\u2606Nae Scooby\n|j|\u2606Garcia-Senpai\n|t:|1699878494\n|gametype|doubles\n|player|p1|Nae Scooby|2|1209\n|player|p2|Garcia-Senpai|eusine|1299\n|teamsize|p1|6\n|teamsize|p2|6\n|gen|9\n|tier|[Gen 9] VGC 2023 Regulation E\n|rated|\n|rule|Species Clause: Limit one of each Pok\u00e9mon\n|rule|Item Clause: Limit one of each item\n|clearpoke\n|poke|p1|Dusclops, L50, M|\n|poke|p1|Ursaluna-Bloodmoon, L50, M|\n|poke|p1|Torkoal, L50, M|\n|poke|p1|Vivillon-Monsoon, L50, F|\n|poke|p1|Hatterene, L50, F|\n|poke|p1|Indeedee-F, L50, F|\n|poke|p2|Indeedee-F, L50, F|\n|poke|p2|Armarouge, L50, M|\n|poke|p2|Arcanine-Hisui, L50, M|\n|poke|p2|Urshifu-*, L50, F|\n|poke|p2|Amoonguss, L50, F|\n|poke|p2|Muk-Alola, L50, F|\n|teampreview|4\n|inactive|Battle timer is ON: inactive players will automatically lose when time's up. (requested by Nae Scooby)\n|\n|t:|1699878508\n|start\n|switch|p1a: Dusclops|Dusclops, L50, M|100\/100\n|switch|p1b: Ursaluna|Ursaluna-Bloodmoon, L50, M|100\/100\n|switch|p2a: Indeedee|Indeedee-F, L50, F|100\/100\n|switch|p2b: Armarouge|Armarouge, L50, M, shiny|100\/100\n|-fieldstart|move: Psychic Terrain|[from] ability: Psychic Surge|[of] p2a: Indeedee\n|-enditem|p2a: Indeedee|Psychic Seed\n|-boost|p2a: Indeedee|spd|1|[from] item: Psychic Seed\n|-item|p2b: Armarouge|Life Orb|[from] ability: Frisk|[of] p1a: Dusclops|[identify]\n|turn|1\n|\n|t:|1699878517\n|-terastallize|p2b: Armarouge|Psychic\n|-terastallize|p1a: Dusclops|Dark\n|move|p1b: Ursaluna|Protect|p1b: Ursaluna\n|-singleturn|p1b: Ursaluna|Protect\n|move|p2b: Armarouge|Expanding Force|p1a: Dusclops|[spread] \n|-activate|p1b: Ursaluna|move: Protect\n|-immune|p1a: Dusclops\n|move|p2a: Indeedee|Trick Room|p2a: Indeedee\n|-fieldstart|move: Trick Room|[of] p2a: Indeedee\n|move|p1a: Dusclops|Trick Room|p1a: Dusclops\n|-fieldend|move: Trick Room\n|\n|upkeep\n|turn|2\n|\n|t:|1699878539\n|switch|p1b: Torkoal|Torkoal, L50, M|100\/100\n|-weather|SunnyDay|[from] ability: Drought|[of] p1b: Torkoal\n|move|p2a: Indeedee|Follow Me|p2a: Indeedee\n|-singleturn|p2a: Indeedee|move: Follow Me\n|move|p2b: Armarouge|Expanding Force|p1a: Dusclops|[spread] p1b\n|-immune|p1a: Dusclops\n|-damage|p1b: Torkoal|0 fnt\n|faint|p1b: Torkoal\n|-damage|p2b: Armarouge|91\/100|[from] item: Life Orb\n|move|p1a: Dusclops|Trick Room|p1a: Dusclops\n|-fieldstart|move: Trick Room|[of] p1a: Dusclops\n|\n|-weather|SunnyDay|[upkeep]\n|upkeep\n|\n|t:|1699878554\n|switch|p1b: Ursaluna|Ursaluna-Bloodmoon, L50, M|100\/100\n|turn|3\n|\n|t:|1699878566\n|move|p2b: Armarouge|Protect|p2b: Armarouge\n|-singleturn|p2b: Armarouge|Protect\n|move|p1a: Dusclops|Brick Break|p1b: Ursaluna\n|-supereffective|p1b: Ursaluna\n|-damage|p1b: Ursaluna|80\/100\n|-enditem|p1b: Ursaluna|Weakness Policy\n|-boost|p1b: Ursaluna|atk|2|[from] item: Weakness Policy\n|-boost|p1b: Ursaluna|spa|2|[from] item: Weakness Policy\n|move|p1b: Ursaluna|Blood Moon|p2b: Armarouge\n|-activate|p2b: Armarouge|move: Protect\n|move|p2a: Indeedee|Trick Room|p2a: Indeedee\n|-fieldend|move: Trick Room\n|\n|-weather|SunnyDay|[upkeep]\n|upkeep\n|turn|4\n|\n|t:|1699878582\n|move|p1b: Ursaluna|Protect|p1b: Ursaluna\n|-singleturn|p1b: Ursaluna|Protect\n|move|p2b: Armarouge|Expanding Force|p1b: Ursaluna|[spread] \n|-activate|p1b: Ursaluna|move: Protect\n|-immune|p1a: Dusclops\n|move|p1a: Dusclops|Will-O-Wisp|p2a: Indeedee|[miss]\n|-miss|p1a: Dusclops|p2a: Indeedee\n|move|p2a: Indeedee|Trick Room|p2a: Indeedee\n|-fieldstart|move: Trick Room|[of] p2a: Indeedee\n|\n|-weather|SunnyDay|[upkeep]\n|upkeep\n|turn|5\n|\n|t:|1699878603\n|move|p2a: Indeedee|Follow Me|p2a: Indeedee\n|-singleturn|p2a: Indeedee|move: Follow Me\n|move|p1a: Dusclops|Will-O-Wisp|p2a: Indeedee\n|-status|p2a: Indeedee|brn\n|move|p1b: Ursaluna|Blood Moon|p2a: Indeedee\n|-damage|p2a: Indeedee|0 fnt\n|faint|p2a: Indeedee\n|move|p2b: Armarouge|Expanding Force|p1a: Dusclops|[spread] p1b\n|-immune|p1a: Dusclops\n|-damage|p1b: Ursaluna|0 fnt\n|faint|p1b: Ursaluna\n|-damage|p2b: Armarouge|81\/100|[from] item: Life Orb\n|\n|-weather|SunnyDay|[upkeep]\n|-fieldend|move: Psychic Terrain\n|upkeep\n|\n|t:|1699878614\n|switch|p1b: Hatterene|Hatterene, L50, F|100\/100\n|switch|p2a: Arcanine|Arcanine-Hisui, L50, M|100\/100\n|-ability|p2a: Arcanine|Intimidate|boost\n|-unboost|p1a: Dusclops|atk|1\n|-unboost|p1b: Hatterene|atk|1\n|turn|6\n|\n|t:|1699878631\n|move|p1a: Dusclops|Brick Break|p2a: Arcanine\n|-supereffective|p2a: Arcanine\n|-damage|p2a: Arcanine|77\/100\n|move|p1b: Hatterene|Psychic|p2a: Arcanine\n|-damage|p2a: Arcanine|0 fnt\n|faint|p2a: Arcanine\n|-damage|p1b: Hatterene|91\/100|[from] item: Life Orb\n|move|p2b: Armarouge|Aura Sphere|p1a: Dusclops\n|-supereffective|p1a: Dusclops\n|-damage|p1a: Dusclops|53\/100\n|-damage|p2b: Armarouge|72\/100|[from] item: Life Orb\n|\n|-weather|none\n|upkeep\n|\n|t:|1699878641\n|switch|p2a: Lagoom|Urshifu-Rapid-Strike, L50, F|100\/100\n|turn|7\n|\n|t:|1699878649\n|move|p2a: Lagoom|Protect|p2a: Lagoom\n|-singleturn|p2a: Lagoom|Protect\n|move|p1a: Dusclops|Pain Split|p2a: Lagoom\n|-activate|p2a: Lagoom|move: Protect\n|move|p1b: Hatterene|Dazzling Gleam|p2b: Armarouge|[spread] p2b\n|-activate|p2a: Lagoom|move: Protect\n|-damage|p2b: Armarouge|15\/100\n|-damage|p1b: Hatterene|82\/100|[from] item: Life Orb\n|move|p2b: Armarouge|Heat Wave|p1b: Hatterene|[spread] p1a,p1b\n|-damage|p1a: Dusclops|20\/100\n|-damage|p1b: Hatterene|28\/100\n|-status|p1b: Hatterene|brn\n|-damage|p2b: Armarouge|5\/100|[from] item: Life Orb\n|\n|-damage|p1b: Hatterene|22\/100 brn|[from] brn\n|upkeep\n|turn|8\n|\n|t:|1699878672\n|move|p2b: Armarouge|Protect|p2b: Armarouge\n|-singleturn|p2b: Armarouge|Protect\n|move|p2a: Lagoom|Aqua Jet|p1b: Hatterene\n|-damage|p1b: Hatterene|0 fnt\n|faint|p1b: Hatterene\n|move|p1a: Dusclops|Pain Split|p2a: Lagoom\n|-sethp|p2a: Lagoom|58\/100|[from] move: Pain Split|[silent]\n|-sethp|p1a: Dusclops|75\/100|[from] move: Pain Split\n|\n|-fieldend|move: Trick Room\n|upkeep\n|turn|9\n|\n|t:|1699878685\n|move|p2a: Lagoom|Close Combat|p1a: Dusclops\n|-supereffective|p1a: Dusclops\n|-damage|p1a: Dusclops|6\/100\n|-unboost|p2a: Lagoom|def|1\n|-unboost|p2a: Lagoom|spd|1\n|move|p2b: Armarouge|Aura Sphere|p1a: Dusclops\n|-supereffective|p1a: Dusclops\n|-damage|p1a: Dusclops|0 fnt\n|faint|p1a: Dusclops\n|-damage|p2b: Armarouge|0 fnt|[from] item: Life Orb\n|faint|p2b: Armarouge\n|\n|win|Garcia-Senpai\n|raw|Nae Scooby's rating: 1209 &rarr; <strong>1190<\/strong><br \/>(-19 for losing)\n|raw|Garcia-Senpai's rating: 1299 &rarr; <strong>1318<\/strong><br \/>(+19 for winning)\n","uploadtime":1699878697,"views":29,"p1id":"naescooby","p2id":"garciasenpai","formatid":"gen9vgc2023regulatione","rating":1190,"private":0,"password":""}