{"id":"gen9vgc2023regulatione-1992768958","p1":"Jiak","p2":"KimiTheWeeb","format":"[Gen 9] VGC 2023 Regulation E","log":"|j|\u2606Jiak\n|j|\u2606KimiTheWeeb\n|t:|1700233798\n|gametype|doubles\n|player|p1|Jiak|blue|1287\n|player|p2|KimiTheWeeb|maid|1333\n|teamsize|p1|6\n|teamsize|p2|6\n|gen|9\n|tier|[Gen 9] VGC 2023 Regulation E\n|rated|\n|rule|Species Clause: Limit one of each Pok\u00e9mon\n|rule|Item Clause: Limit one of each item\n|clearpoke\n|poke|p1|Thundurus-Therian, L50, M|\n|poke|p1|Murkrow, L50, M|\n|poke|p1|Empoleon, L50, F|\n|poke|p1|Farigiraf, L50, M|\n|poke|p1|Landorus-Therian, L50, M|\n|poke|p1|Iron Bundle, L50|\n|poke|p2|Kommo-o, L50, M|\n|poke|p2|Clefairy, L50, M|\n|poke|p2|Arcanine-Hisui, L50, F|\n|poke|p2|Rillaboom, L50, M|\n|poke|p2|Milotic, L50, M|\n|poke|p2|Flutter Mane, L50|\n|teampreview|4\n|inactive|Battle timer is ON: inactive players will automatically lose when time's up. (requested by KimiTheWeeb)\n|inactive|Jiak has 60 seconds left.\n|\n|t:|1700233867\n|start\n|switch|p1a: Landorus|Landorus-Therian, L50, M|100\/100\n|switch|p1b: Thundurus|Thundurus-Therian, L50, M|100\/100\n|switch|p2a: Flutter Mane|Flutter Mane, L50|100\/100\n|switch|p2b: Rillaboom|Rillaboom, L50, M|100\/100\n|-ability|p1a: Landorus|Intimidate|boost\n|-unboost|p2a: Flutter Mane|atk|1\n|-unboost|p2b: Rillaboom|atk|1\n|-fieldstart|move: Grassy Terrain|[from] ability: Grassy Surge|[of] p2b: Rillaboom\n|-enditem|p2a: Flutter Mane|Booster Energy\n|-activate|p2a: Flutter Mane|ability: Protosynthesis|[fromitem]\n|-start|p2a: Flutter Mane|protosynthesisspe\n|turn|1\n|inactive|Jiak has 30 seconds left.\n|\n|t:|1700233895\n|switch|p1a: Farigiraf|Farigiraf, L50, M|100\/100\n|move|p2b: Rillaboom|Fake Out||[still]\n|cant|p1a: Farigiraf|ability: Armor Tail|Fake Out|[of] p2b: Rillaboom\n|move|p2a: Flutter Mane|Icy Wind|p1a: Farigiraf|[spread] p1a,p1b\n|-supereffective|p1b: Thundurus\n|-damage|p1a: Farigiraf|88\/100\n|-damage|p1b: Thundurus|76\/100\n|-unboost|p1a: Farigiraf|spe|1\n|-unboost|p1b: Thundurus|spe|1\n|move|p1b: Thundurus|Sludge Bomb|p2b: Rillaboom\n|-supereffective|p2b: Rillaboom\n|-damage|p2b: Rillaboom|53\/100\n|\n|-heal|p2b: Rillaboom|59\/100|[from] Grassy Terrain\n|-heal|p1a: Farigiraf|94\/100|[from] Grassy Terrain\n|upkeep\n|turn|2\n|\n|t:|1700233917\n|switch|p1b: Empoleon|Empoleon, L50, F, shiny|100\/100\n|move|p2a: Flutter Mane|Icy Wind|p1a: Farigiraf|[spread] p1a,p1b\n|-resisted|p1b: Empoleon\n|-damage|p1a: Farigiraf|82\/100\n|-damage|p1b: Empoleon|97\/100\n|-unboost|p1a: Farigiraf|spe|1\n|-unboost|p1b: Empoleon|spe|1\n|-ability|p1b: Empoleon|Competitive|boost\n|-boost|p1b: Empoleon|spa|2\n|move|p2b: Rillaboom|Knock Off|p1b: Empoleon\n|-damage|p1b: Empoleon|76\/100\n|-enditem|p1b: Empoleon|Sitrus Berry|[from] move: Knock Off|[of] p2b: Rillaboom\n|move|p1a: Farigiraf|Trick Room|p1a: Farigiraf\n|-fieldstart|move: Trick Room|[of] p1a: Farigiraf\n|\n|-heal|p1a: Farigiraf|88\/100|[from] Grassy Terrain\n|-heal|p1b: Empoleon|82\/100|[from] Grassy Terrain\n|-heal|p2b: Rillaboom|65\/100|[from] Grassy Terrain\n|upkeep\n|turn|3\n|\n|t:|1700233941\n|-terastallize|p2a: Flutter Mane|Water\n|move|p1a: Farigiraf|Dazzling Gleam|p2a: Flutter Mane|[spread] p2a,p2b\n|-damage|p2a: Flutter Mane|85\/100\n|-damage|p2b: Rillaboom|53\/100\n|move|p1b: Empoleon|Flash Cannon|p2a: Flutter Mane\n|-resisted|p2a: Flutter Mane\n|-damage|p2a: Flutter Mane|51\/100\n|move|p2b: Rillaboom|Wood Hammer|p1b: Empoleon\n|-damage|p1b: Empoleon|33\/100\n|-damage|p2b: Rillaboom|38\/100|[from] Recoil\n|move|p2a: Flutter Mane|Shadow Ball|p1b: Empoleon\n|-crit|p1b: Empoleon\n|-damage|p1b: Empoleon|0 fnt\n|faint|p1b: Empoleon\n|\n|-heal|p1a: Farigiraf|94\/100|[from] Grassy Terrain\n|-heal|p2b: Rillaboom|44\/100|[from] Grassy Terrain\n|-heal|p2a: Flutter Mane|57\/100|[from] Grassy Terrain\n|upkeep\n|\n|t:|1700233959\n|switch|p1b: Thundurus|Thundurus-Therian, L50, M|76\/100\n|turn|4\n|\n|t:|1700233974\n|switch|p1a: Landorus|Landorus-Therian, L50, M|100\/100\n|-ability|p1a: Landorus|Intimidate|boost\n|-unboost|p2a: Flutter Mane|atk|1\n|-unboost|p2b: Rillaboom|atk|1\n|switch|p2b: Kommo-o|Kommo-o, L50, M|100\/100\n|move|p2a: Flutter Mane|Protect|p2a: Flutter Mane\n|-singleturn|p2a: Flutter Mane|Protect\n|move|p1b: Thundurus|Wildbolt Storm|p2a: Flutter Mane|[spread] \n|-activate|p2a: Flutter Mane|move: Protect\n|-miss|p1b: Thundurus|p2b: Kommo-o\n|\n|-heal|p2a: Flutter Mane|63\/100|[from] Grassy Terrain\n|upkeep\n|turn|5\n|inactive|KimiTheWeeb has 30 seconds left.\n|\n|t:|1700234000\n|move|p2b: Kommo-o|Clangorous Soul|p2b: Kommo-o\n|-boost|p2b: Kommo-o|atk|1\n|-boost|p2b: Kommo-o|def|1\n|-boost|p2b: Kommo-o|spa|1\n|-boost|p2b: Kommo-o|spd|1\n|-boost|p2b: Kommo-o|spe|1\n|-damage|p2b: Kommo-o|68\/100\n|move|p1b: Thundurus|Wildbolt Storm|p2b: Kommo-o|[spread] p2b\n|-miss|p1b: Thundurus|p2a: Flutter Mane\n|-resisted|p2b: Kommo-o\n|-damage|p2b: Kommo-o|51\/100\n|move|p1a: Landorus|Earthquake|p2b: Kommo-o|[spread] p2a,p2b\n|-immune|p1b: Thundurus\n|-damage|p2a: Flutter Mane|25\/100\n|-damage|p2b: Kommo-o|38\/100\n|move|p2a: Flutter Mane|Icy Wind|p1b: Thundurus|[spread] p1a\n|-miss|p2a: Flutter Mane|p1b: Thundurus\n|-supereffective|p1a: Landorus\n|-damage|p1a: Landorus|33\/100\n|-unboost|p1a: Landorus|spe|1\n|\n|-heal|p2b: Kommo-o|44\/100|[from] Grassy Terrain\n|-heal|p2b: Kommo-o|50\/100|[from] item: Leftovers\n|-heal|p2a: Flutter Mane|31\/100|[from] Grassy Terrain\n|-fieldend|move: Grassy Terrain\n|upkeep\n|turn|6\n|-message|Jiak forfeited.\n|\n|win|KimiTheWeeb\n|raw|Jiak's rating: 1287 &rarr; <strong>1265<\/strong><br \/>(-22 for losing)\n|raw|KimiTheWeeb's rating: 1333 &rarr; <strong>1350<\/strong><br \/>(+17 for winning)\n|l|\u2606Jiak\n","uploadtime":1700234036,"views":31,"p1id":"jiak","p2id":"kimitheweeb","formatid":"gen9vgc2023regulatione","rating":1265,"private":0,"password":""}