{"id":"gen9vgc2023regulatione-1995997330","p1":"RamenOuO","p2":"asumatoki","format":"[Gen 9] VGC 2023 Regulation E","log":"|j|\u2606RamenOuO\n|j|\u2606asumatoki\n|t:|1700627076\n|gametype|doubles\n|player|p1|RamenOuO|cynthia-gen4|1397\n|player|p2|asumatoki|caitlin|1332\n|teamsize|p1|6\n|teamsize|p2|6\n|gen|9\n|tier|[Gen 9] VGC 2023 Regulation E\n|rated|\n|rule|Species Clause: Limit one of each Pok\u00e9mon\n|rule|Item Clause: Limit one of each item\n|clearpoke\n|poke|p1|Garchomp, L50, F|\n|poke|p1|Chien-Pao, L50|\n|poke|p1|Tornadus, L50, M|\n|poke|p1|Gholdengo, L50|\n|poke|p1|Flutter Mane, L50|\n|poke|p1|Chi-Yu, L50|\n|poke|p2|Tornadus, L50, M|\n|poke|p2|Ogerpon-Cornerstone, L50, F|\n|poke|p2|Urshifu-*, L50, M|\n|poke|p2|Chien-Pao, L50|\n|poke|p2|Dragonite, L50, F|\n|poke|p2|Flutter Mane, L50|\n|teampreview|4\n|inactive|Battle timer is ON: inactive players will automatically lose when time's up. (requested by RamenOuO)\n|\n|t:|1700627103\n|start\n|switch|p1a: Flutter Mane|Flutter Mane, L50|100\/100\n|switch|p1b: Chi-Yu|Chi-Yu, L50|100\/100\n|switch|p2a: Urshifu|Urshifu-Rapid-Strike, L50, M|100\/100\n|switch|p2b: Tornadus|Tornadus, L50, M|100\/100\n|-ability|p1b: Chi-Yu|Beads of Ruin\n|turn|1\n|inactive|RamenOuO has 30 seconds left.\n|inactive|asumatoki has 30 seconds left.\n|inactive|RamenOuO has 20 seconds left.\n|\n|t:|1700627139\n|-terastallize|p1a: Flutter Mane|Water\n|-terastallize|p2a: Urshifu|Water\n|move|p2b: Tornadus|Tailwind|p2b: Tornadus\n|-sidestart|p2: asumatoki|move: Tailwind\n|move|p2a: Urshifu|Surging Strikes|p1a: Flutter Mane\n|-resisted|p1a: Flutter Mane\n|-crit|p1a: Flutter Mane\n|-damage|p1a: Flutter Mane|74\/100\n|-resisted|p1a: Flutter Mane\n|-crit|p1a: Flutter Mane\n|-damage|p1a: Flutter Mane|47\/100\n|-resisted|p1a: Flutter Mane\n|-crit|p1a: Flutter Mane\n|-damage|p1a: Flutter Mane|20\/100\n|-hitcount|p1a: Flutter Mane|3\n|move|p1b: Chi-Yu|Heat Wave|p2b: Tornadus|[spread] p2a,p2b\n|-resisted|p2a: Urshifu\n|-damage|p2a: Urshifu|60\/100\n|-damage|p2b: Tornadus|27\/100\n|-damage|p1b: Chi-Yu|91\/100|[from] item: Life Orb\n|move|p1a: Flutter Mane|Trick Room|p1a: Flutter Mane\n|-fieldstart|move: Trick Room|[of] p1a: Flutter Mane\n|\n|upkeep\n|turn|2\n|inactive|RamenOuO has 30 seconds left.\n|\n|t:|1700627165\n|move|p2a: Urshifu|Detect|p2a: Urshifu\n|-singleturn|p2a: Urshifu|Protect\n|move|p2b: Tornadus|Rain Dance|p2b: Tornadus\n|-weather|RainDance\n|move|p1b: Chi-Yu|Heat Wave|p2a: Urshifu|[spread] p2b\n|-activate|p2a: Urshifu|move: Protect\n|-damage|p2b: Tornadus|0 fnt\n|faint|p2b: Tornadus\n|-damage|p1b: Chi-Yu|82\/100|[from] item: Life Orb\n|move|p1a: Flutter Mane|Dazzling Gleam|p2a: Urshifu\n|-activate|p2a: Urshifu|move: Protect\n|\n|-weather|RainDance|[upkeep]\n|upkeep\n|\n|t:|1700627181\n|switch|p2b: Chien-Pao|Chien-Pao, L50|100\/100\n|-ability|p2b: Chien-Pao|Sword of Ruin\n|turn|3\n|\n|t:|1700627187\n|move|p2a: Urshifu|Aqua Jet|p1b: Chi-Yu\n|-supereffective|p1b: Chi-Yu\n|-damage|p1b: Chi-Yu|0 fnt\n|faint|p1b: Chi-Yu\n|move|p2b: Chien-Pao|Sucker Punch|p1a: Flutter Mane\n|-damage|p1a: Flutter Mane|0 fnt\n|faint|p1a: Flutter Mane\n|-end|p1a: Flutter Mane|Protosynthesis|[silent]\n|\n|-weather|RainDance|[upkeep]\n|upkeep\n|\n|t:|1700627193\n|switch|p1b: Chien-Pao|Chien-Pao, L50|100\/100\n|switch|p1a: Garchomp|Garchomp, L50, F|100\/100\n|-ability|p1b: Chien-Pao|Sword of Ruin\n|turn|4\n|\n|t:|1700627206\n|move|p2a: Urshifu|Detect|p2a: Urshifu\n|-singleturn|p2a: Urshifu|Protect\n|move|p2b: Chien-Pao|Protect|p2b: Chien-Pao\n|-singleturn|p2b: Chien-Pao|Protect\n|move|p1a: Garchomp|Rock Slide|p2b: Chien-Pao|[spread] \n|-activate|p2a: Urshifu|move: Protect\n|-activate|p2b: Chien-Pao|move: Protect\n|move|p1b: Chien-Pao|Brick Break|p2a: Urshifu\n|-activate|p2a: Urshifu|move: Protect\n|\n|-weather|RainDance|[upkeep]\n|-sideend|p2: asumatoki|move: Tailwind\n|upkeep\n|turn|5\n|\n|t:|1700627222\n|move|p1a: Garchomp|Rock Slide|p2b: Chien-Pao|[spread] p2a,p2b\n|-supereffective|p2b: Chien-Pao\n|-damage|p2a: Urshifu|30\/100\n|-damage|p2b: Chien-Pao|41\/100\n|move|p2a: Urshifu|Surging Strikes|p1b: Chien-Pao\n|-crit|p1b: Chien-Pao\n|-damage|p1b: Chien-Pao|29\/100\n|-crit|p1b: Chien-Pao\n|-damage|p1b: Chien-Pao|0 fnt\n|faint|p1b: Chien-Pao\n|-hitcount|p1: Chien-Pao|2\n|move|p2b: Chien-Pao|Ice Spinner|p1a: Garchomp\n|-supereffective|p1a: Garchomp\n|-damage|p1a: Garchomp|0 fnt\n|-damage|p2b: Chien-Pao|29\/100|[from] ability: Rough Skin|[of] p1a: Garchomp\n|faint|p1a: Garchomp\n|\n|win|asumatoki\n|raw|RamenOuO's rating: 1397 &rarr; <strong>1373<\/strong><br \/>(-24 for losing)\n|raw|asumatoki's rating: 1332 &rarr; <strong>1356<\/strong><br \/>(+24 for winning)\n","uploadtime":1700627305,"views":5,"p1id":"ramenouo","p2id":"asumatoki","formatid":"gen9vgc2023regulatione","rating":1356,"private":0,"password":""}