{"id":"gen9vgc2023regulatione-1990889401","p1":"5Sscreen","p2":"MegaPlayer445","format":"[Gen 9] VGC 2023 Regulation E","log":"|j|\u26065Sscreen\n|j|\u2606MegaPlayer445\n|t:|1700011779\n|gametype|doubles\n|player|p1|5Sscreen|pokekid|1071\n|player|p2|MegaPlayer445|lucas|1032\n|teamsize|p1|6\n|teamsize|p2|6\n|gen|9\n|tier|[Gen 9] VGC 2023 Regulation E\n|rated|\n|rule|Species Clause: Limit one of each Pok\u00e9mon\n|rule|Item Clause: Limit one of each item\n|clearpoke\n|poke|p1|Annihilape, L50, F|\n|poke|p1|Sinistcha, L50|\n|poke|p1|Grimmsnarl, L50, M|\n|poke|p1|Landorus-Therian, L50, M|\n|poke|p1|Bellibolt, L50, M|\n|poke|p1|Corviknight, L50, M|\n|poke|p2|Snorlax, L50, F|\n|poke|p2|Kommo-o, L50, F|\n|poke|p2|Sinistcha, L50|\n|poke|p2|Iron Hands, L50|\n|poke|p2|Landorus-Therian, L50, M|\n|poke|p2|Indeedee-F, L50, F|\n|teampreview|4\n|inactive|Battle timer is ON: inactive players will automatically lose when time's up. (requested by MegaPlayer445)\n|\n|t:|1700011799\n|start\n|switch|p1a: Grimmsnarl|Grimmsnarl, L50, M, shiny|100\/100\n|switch|p1b: Annihilape|Annihilape, L50, F|100\/100\n|switch|p2a: Snorlax|Snorlax, L50, F, shiny|100\/100\n|switch|p2b: Indeedee|Indeedee-F, L50, F|100\/100\n|turn|1\n|\n|t:|1700011819\n|move|p2b: Indeedee|Follow Me|p2b: Indeedee\n|-singleturn|p2b: Indeedee|move: Follow Me\n|move|p1a: Grimmsnarl|Reflect|p1a: Grimmsnarl\n|-sidestart|p1: 5Sscreen|Reflect\n|move|p1b: Annihilape|Bulk Up|p1b: Annihilape\n|-boost|p1b: Annihilape|atk|1\n|-boost|p1b: Annihilape|def|1\n|move|p2a: Snorlax|Belly Drum|p2a: Snorlax\n|-damage|p2a: Snorlax|51\/100\n|-setboost|p2a: Snorlax|atk|6|[from] move: Belly Drum\n|\n|upkeep\n|turn|2\n|inactive|5Sscreen has 30 seconds left.\n|\n|t:|1700011852\n|-terastallize|p2a: Snorlax|Ground\n|move|p1b: Annihilape|Protect|p1b: Annihilape\n|-singleturn|p1b: Annihilape|Protect\n|move|p2b: Indeedee|Follow Me|p2b: Indeedee\n|-singleturn|p2b: Indeedee|move: Follow Me\n|move|p1a: Grimmsnarl|Parting Shot|p2b: Indeedee\n|-unboost|p2b: Indeedee|atk|1\n|-unboost|p2b: Indeedee|spa|1\n|\n|t:|1700011860\n|switch|p1a: Landorus|Landorus-Therian, L50, M|100\/100|[from] Parting Shot\n|-ability|p1a: Landorus|Intimidate|boost\n|-unboost|p2a: Snorlax|atk|1\n|-fail|p2b: Indeedee|unboost|Attack|[from] ability: Own Tempo|[of] p2b: Indeedee\n|move|p2a: Snorlax|High Horsepower|p1b: Annihilape\n|-activate|p1b: Annihilape|move: Protect\n|\n|upkeep\n|turn|3\n|inactive|5Sscreen has 30 seconds left.\n|\n|t:|1700011891\n|move|p2b: Indeedee|Follow Me|p2b: Indeedee\n|-singleturn|p2b: Indeedee|move: Follow Me\n|move|p1a: Landorus|U-turn|p2b: Indeedee\n|-supereffective|p2b: Indeedee\n|-damage|p2b: Indeedee|32\/100\n|\n|t:|1700011898\n|switch|p1a: Grimmsnarl|Grimmsnarl, L50, M, shiny|100\/100|[from] U-turn\n|move|p1b: Annihilape|Drain Punch|p2b: Indeedee\n|-damage|p2b: Indeedee|0 fnt\n|faint|p2b: Indeedee\n|move|p2a: Snorlax|High Horsepower|p1b: Annihilape\n|-damage|p1b: Annihilape|39\/100\n|\n|-heal|p1b: Annihilape|46\/100|[from] item: Leftovers\n|upkeep\n|\n|t:|1700011910\n|switch|p2b: Landorus|Landorus-Therian, L50, M|100\/100\n|-ability|p2b: Landorus|Intimidate|boost\n|-unboost|p1a: Grimmsnarl|atk|1\n|-unboost|p1b: Annihilape|atk|1\n|-ability|p1b: Annihilape|Defiant|boost\n|-boost|p1b: Annihilape|atk|2\n|turn|4\n|\n|t:|1700011935\n|move|p1a: Grimmsnarl|Parting Shot|p2b: Landorus\n|-unboost|p2b: Landorus|atk|1\n|-unboost|p2b: Landorus|spa|1\n|\n|t:|1700011938\n|switch|p1a: Sinistcha|Sinistcha, L50|100\/100|[from] Parting Shot\n|-heal|p1b: Annihilape|71\/100|[from] ability: Hospitality|[of] p1a: Sinistcha\n|move|p2b: Landorus|Rock Slide|p1a: Sinistcha|[spread] p1a,p1b\n|-resisted|p1b: Annihilape\n|-damage|p1a: Sinistcha|90\/100\n|-damage|p1b: Annihilape|66\/100\n|-damage|p2b: Landorus|91\/100|[from] item: Life Orb\n|move|p1b: Annihilape|Drain Punch|p2a: Snorlax\n|-damage|p2a: Snorlax|0 fnt\n|-heal|p1b: Annihilape|95\/100|[from] drain|[of] p2a: Snorlax\n|faint|p2a: Snorlax\n|\n|-heal|p1b: Annihilape|100\/100|[from] item: Leftovers\n|upkeep\n|\n|t:|1700011953\n|switch|p2a: Iron Hands|Iron Hands, L50|100\/100\n|-enditem|p2a: Iron Hands|Booster Energy\n|-activate|p2a: Iron Hands|ability: Quark Drive|[fromitem]\n|-start|p2a: Iron Hands|quarkdriveatk\n|turn|5\n|\n|t:|1700011966\n|move|p1b: Annihilape|Protect|p1b: Annihilape\n|-singleturn|p1b: Annihilape|Protect\n|move|p2b: Landorus|Rock Slide|p1b: Annihilape|[spread] p1a\n|-activate|p1b: Annihilape|move: Protect\n|-damage|p1a: Sinistcha|81\/100\n|-damage|p2b: Landorus|81\/100|[from] item: Life Orb\n|move|p1a: Sinistcha|Matcha Gotcha|p2b: Landorus|[spread] p2a,p2b\n|-damage|p2a: Iron Hands|82\/100\n|-heal|p1a: Sinistcha|94\/100|[from] drain|[of] p2a: Iron Hands\n|-damage|p2b: Landorus|50\/100\n|-heal|p1a: Sinistcha|100\/100|[from] drain|[of] p2b: Landorus\n|move|p2a: Iron Hands|Thunder Punch|p1b: Annihilape\n|-activate|p1b: Annihilape|move: Protect\n|\n|upkeep\n|turn|6\n|\n|t:|1700011987\n|move|p1a: Sinistcha|Rage Powder|p1a: Sinistcha\n|-singleturn|p1a: Sinistcha|move: Rage Powder\n|move|p2b: Landorus|Rock Slide|p1b: Annihilape|[spread] p1a,p1b\n|-resisted|p1b: Annihilape\n|-damage|p1a: Sinistcha|91\/100\n|-damage|p1b: Annihilape|97\/100\n|-damage|p2b: Landorus|40\/100|[from] item: Life Orb\n|move|p1b: Annihilape|Drain Punch|p2b: Landorus\n|-resisted|p2b: Landorus\n|-damage|p2b: Landorus|0 fnt\n|-heal|p1b: Annihilape|100\/100|[from] drain|[of] p2b: Landorus\n|faint|p2b: Landorus\n|move|p2a: Iron Hands|Thunder Punch|p1a: Sinistcha\n|-resisted|p1a: Sinistcha\n|-damage|p1a: Sinistcha|79\/100\n|\n|upkeep\n|turn|7\n|-message|MegaPlayer445 forfeited.\n|\n|win|5Sscreen\n|raw|5Sscreen's rating: 1071 &rarr; <strong>1097<\/strong><br \/>(+26 for winning)\n|raw|MegaPlayer445's rating: 1032 &rarr; <strong>1019<\/strong><br \/>(-13 for losing)\n|l|\u2606MegaPlayer445\n","uploadtime":1700012003,"views":19,"p1id":"5sscreen","p2id":"megaplayer445","formatid":"gen9vgc2023regulatione","rating":1019,"private":0,"password":""}