{"id":"gen9vgc2023regulatione-1999627536","p1":"Qsdq","p2":"Suffixussy","format":"[Gen 9] VGC 2023 Regulation E","log":"|j|\u2606Qsdq\n|j|\u2606Suffixussy\n|t:|1701102528\n|gametype|doubles\n|player|p1|Qsdq|lance|1457\n|player|p2|Suffixussy|101|1491\n|teamsize|p1|6\n|teamsize|p2|6\n|gen|9\n|tier|[Gen 9] VGC 2023 Regulation E\n|rated|\n|rule|Species Clause: Limit one of each Pok\u00e9mon\n|rule|Item Clause: Limit one of each item\n|clearpoke\n|poke|p1|Sneasler, L50, M|\n|poke|p1|Indeedee-F, L50, F|\n|poke|p1|Armarouge, L50, F|\n|poke|p1|Urshifu-*, L50, M|\n|poke|p1|Chien-Pao, L50|\n|poke|p1|Tornadus, L50, M|\n|poke|p2|Tornadus, L50, M|\n|poke|p2|Ogerpon, L50, F|\n|poke|p2|Arcanine-Hisui, L50, F|\n|poke|p2|Urshifu-*, L50, M|\n|poke|p2|Chien-Pao, L50|\n|poke|p2|Gholdengo, L50|\n|teampreview|4\n|inactive|Battle timer is ON: inactive players will automatically lose when time's up. (requested by Qsdq)\n|inactive|Suffixussy has 60 seconds left.\n|\n|t:|1701102581\n|start\n|switch|p1a: Armarouge|Armarouge, L50, F|100\/100\n|switch|p1b: Urshifu|Urshifu-Rapid-Strike, L50, M|100\/100\n|switch|p2a: Arcanine|Arcanine-Hisui, L50, F|100\/100\n|switch|p2b: Urshifu|Urshifu-Rapid-Strike, L50, M|100\/100\n|-ability|p2a: Arcanine|Intimidate|boost\n|-unboost|p1a: Armarouge|atk|1\n|-unboost|p1b: Urshifu|atk|1\n|turn|1\n|inactive|Suffixussy has 30 seconds left.\n|\n|t:|1701102610\n|switch|p1b: Indeedee|Indeedee-F, L50, F|100\/100\n|-fieldstart|move: Psychic Terrain|[from] ability: Psychic Surge|[of] p1b: Indeedee\n|-terastallize|p1a: Armarouge|Grass\n|-terastallize|p2a: Arcanine|Fairy\n|move|p2b: Urshifu|Surging Strikes|p1a: Armarouge\n|-resisted|p1a: Armarouge\n|-crit|p1a: Armarouge\n|-damage|p1a: Armarouge|87\/100\n|-ability|p1a: Armarouge|Weak Armor|boost\n|-unboost|p1a: Armarouge|def|1\n|-boost|p1a: Armarouge|spe|2\n|-resisted|p1a: Armarouge\n|-crit|p1a: Armarouge\n|-damage|p1a: Armarouge|68\/100\n|-ability|p1a: Armarouge|Weak Armor|boost\n|-unboost|p1a: Armarouge|def|1\n|-boost|p1a: Armarouge|spe|2\n|-resisted|p1a: Armarouge\n|-crit|p1a: Armarouge\n|-damage|p1a: Armarouge|40\/100\n|-ability|p1a: Armarouge|Weak Armor|boost\n|-unboost|p1a: Armarouge|def|1\n|-boost|p1a: Armarouge|spe|2\n|-hitcount|p1a: Armarouge|3\n|move|p1a: Armarouge|Expanding Force|p2a: Arcanine|[spread] p2a,p2b\n|-supereffective|p2b: Urshifu\n|-damage|p2a: Arcanine|32\/100\n|-damage|p2b: Urshifu|0 fnt\n|faint|p2b: Urshifu\n|move|p2a: Arcanine|Rock Slide|p1b: Indeedee|[spread] p1a,p1b\n|-damage|p1a: Armarouge|0 fnt\n|-damage|p1b: Indeedee|52\/100\n|faint|p1a: Armarouge\n|\n|upkeep\n|inactive|Suffixussy has 30 seconds left.\n|inactive|Suffixussy has 20 seconds left.\n|\n|t:|1701102647\n|switch|p2b: Tornadus|Tornadus, L50, M|100\/100\n|switch|p1a: Urshifu|Urshifu-Rapid-Strike, L50, M|100\/100\n|turn|2\n|inactive|Suffixussy has 30 seconds left.\n|\n|t:|1701102676\n|move|p2b: Tornadus|Tailwind|p2b: Tornadus\n|-sidestart|p2: Suffixussy|move: Tailwind\n|move|p2a: Arcanine|Rock Slide|p1a: Urshifu|[spread] p1b\n|-miss|p2a: Arcanine|p1a: Urshifu\n|-damage|p1b: Indeedee|0 fnt\n|faint|p1b: Indeedee\n|move|p1a: Urshifu|Surging Strikes|p2a: Arcanine\n|-crit|p2a: Arcanine\n|-damage|p2a: Arcanine|8\/100\n|-crit|p2a: Arcanine\n|-damage|p2a: Arcanine|0 fnt\n|faint|p2a: Arcanine\n|-hitcount|p2: Arcanine|2\n|\n|upkeep\n|\n|t:|1701102687\n|switch|p2a: Gholdengo|Gholdengo, L50|100\/100\n|switch|p1b: Chien-Pao|Chien-Pao, L50|100\/100\n|-ability|p1b: Chien-Pao|Sword of Ruin\n|turn|3\n|inactive|Suffixussy has 30 seconds left.\n|\n|t:|1701102714\n|move|p1b: Chien-Pao|Protect|p1b: Chien-Pao\n|-singleturn|p1b: Chien-Pao|Protect\n|move|p2b: Tornadus|Bleakwind Storm|p1a: Urshifu|[spread] \n|-activate|p1b: Chien-Pao|move: Protect\n|-miss|p2b: Tornadus|p1a: Urshifu\n|move|p1a: Urshifu|Surging Strikes|p2b: Tornadus\n|-crit|p2b: Tornadus\n|-damage|p2b: Tornadus|74\/100\n|-crit|p2b: Tornadus\n|-damage|p2b: Tornadus|46\/100\n|-crit|p2b: Tornadus\n|-damage|p2b: Tornadus|18\/100\n|-hitcount|p2b: Tornadus|3\n|move|p2a: Gholdengo|Make It Rain|p1a: Urshifu|[spread] p1a\n|-activate|p1b: Chien-Pao|move: Protect\n|-resisted|p1a: Urshifu\n|-damage|p1a: Urshifu|69\/100\n|-unboost|p2a: Gholdengo|spa|1\n|\n|upkeep\n|turn|4\n|inactive|Qsdq has 30 seconds left.\n|\n|t:|1701102740\n|move|p2b: Tornadus|Bleakwind Storm|p1b: Chien-Pao|[spread] p1b\n|-miss|p2b: Tornadus|p1a: Urshifu\n|-damage|p1b: Chien-Pao|47\/100\n|move|p1a: Urshifu|Surging Strikes|p2a: Gholdengo\n|-crit|p2a: Gholdengo\n|-damage|p2a: Gholdengo|71\/100\n|-crit|p2a: Gholdengo\n|-damage|p2a: Gholdengo|44\/100\n|-crit|p2a: Gholdengo\n|-damage|p2a: Gholdengo|16\/100\n|-hitcount|p2a: Gholdengo|3\n|move|p2a: Gholdengo|Make It Rain|p1a: Urshifu|[spread] p1a,p1b\n|-resisted|p1a: Urshifu\n|-crit|p1a: Urshifu\n|-supereffective|p1b: Chien-Pao\n|-damage|p1a: Urshifu|23\/100\n|-damage|p1b: Chien-Pao|0 fnt\n|-unboost|p2a: Gholdengo|spa|1\n|faint|p1b: Chien-Pao\n|\n|-heal|p2a: Gholdengo|22\/100|[from] item: Leftovers\n|upkeep\n|turn|5\n|inactive|Suffixussy has 30 seconds left.\n|\n|t:|1701102766\n|move|p2b: Tornadus|Bleakwind Storm|p1a: Urshifu\n|-supereffective|p1a: Urshifu\n|-damage|p1a: Urshifu|0 fnt\n|faint|p1a: Urshifu\n|\n|win|Suffixussy\n|raw|Qsdq's rating: 1457 &rarr; <strong>1439<\/strong><br \/>(-18 for losing)\n|raw|Suffixussy's rating: 1491 &rarr; <strong>1509<\/strong><br \/>(+18 for winning)\n|l|\u2606Qsdq\n|c|\u2606Suffixussy|gg\n","uploadtime":1701102790,"views":2,"p1id":"qsdq","p2id":"suffixussy","formatid":"gen9vgc2023regulatione","rating":1439,"private":0,"password":""}