{"id":"gen9vgc2023regulatione-1989127607","p1":"SnoaeCone","p2":"finsonic","format":"[Gen 9] VGC 2023 Regulation E","log":"|j|\u2606SnoaeCone\n|j|\u2606finsonic\n|n|\u2606SnoaeCone|snoaecone\n|n|\u2606finsonic|finsonic\n|html|View the match progress at <a href=\"\/game-bestof3-gen9vgc2023regulatione-1989120337\">game-bestof3-gen9vgc2023regulatione-1989120337<\/a>\n|t:|1699815185\n|gametype|doubles\n|player|p1|SnoaeCone|caitlin|\n|player|p2|finsonic|2|\n|teamsize|p1|6\n|teamsize|p2|6\n|gen|9\n|tier|[Gen 9] VGC 2023 Regulation E\n|rule|Species Clause: Limit one of each Pok\u00e9mon\n|rule|Item Clause: Limit one of each item\n|clearpoke\n|poke|p1|Ninetales-Alola, L50, F|\n|poke|p1|Sinistcha-Masterpiece, L50|\n|poke|p1|Armarouge, L50, M|\n|poke|p1|Indeedee-F, L50, F|\n|poke|p1|Baxcalibur, L50, M|\n|poke|p1|Fezandipiti, L50, M|\n|poke|p2|Hydreigon, L50, F|\n|poke|p2|Gengar, L50, F|\n|poke|p2|Infernape, L50, M|\n|poke|p2|Scizor, L50, F|\n|poke|p2|Froslass, L50, F|\n|poke|p2|Sylveon, L50, F|\n|teampreview|4\nSnoaeCone has agreed to open team sheets.\nfinsonic has agreed to open team sheets.\n|showteam|p1|Ninetales-Alola||LightClay|SnowWarning|AuroraVeil,Blizzard,Encore,Moonblast|||F|||50|,,,,,Water]Sinistcha-Masterpiece||Leftovers|Hospitality|MatchaGotcha,RagePowder,TrickRoom,StrengthSap||||||50|,,,,,Steel]Armarouge||LifeOrb|FlashFire|ExpandingForce,ArmorCannon,TrickRoom,Protect|||M|||50|,,,,,Grass]Indeedee-F||PsychicSeed|PsychicSurge|FollowMe,HelpingHand,TrickRoom,DazzlingGleam|||F|||50|,,,,,Fairy]Baxcalibur||LoadedDice|ThermalExchange|IcicleSpear,ScaleShot,SwordsDance,Protect|||M|||50|,,,,,Fairy]Fezandipiti||CovertCloak|ToxicChain|IcyWind,DazzlingGleam,Venoshock,Tailwind|||M|||50|,,,,,Flying\n|showteam|p2|Hydreigon||ChoiceScarf|Levitate|DracoMeteor,DarkPulse,Uturn,FireBlast|||F|||50|,,,,,Fairy]Gengar||AssaultVest|CursedBody|ShadowBall,Substitute,SludgeBomb,FocusBlast|||F|||50|,,,,,Steel]Infernape||ChoiceBand|IronFist|FlareBlitz,Uturn,CloseCombat,MachPunch|||M|||50|,,,,,Water]Scizor||LifeOrb|Technician|BulletPunch,SwordsDance,KnockOff,BugBite|||F|||50|,,,,,Psychic]Froslass||FocusSash|CursedBody|DestinyBond,WillOWisp,Taunt,IcyWind|||F|||50|,,,,,Fairy]Sylveon||Leftovers|Pixilate|Wish,HyperVoice,Protect,DrainingKiss|||F|||50|,,,,,Dark\n|\n|t:|1699815230\n|start\n|switch|p1a: Armarouge|Armarouge, L50, M|100\/100\n|switch|p1b: Baxcalibur|Baxcalibur, L50, M|100\/100\n|switch|p2a: Infernape|Infernape, L50, M|100\/100\n|switch|p2b: Sylveon|Sylveon, L50, F, shiny|100\/100\n|turn|1\n|\n|t:|1699815280\n|move|p2a: Infernape|Mach Punch|p1b: Baxcalibur\n|-supereffective|p1b: Baxcalibur\n|-damage|p1b: Baxcalibur|31\/100\n|move|p1b: Baxcalibur|Scale Shot|p2b: Sylveon\n|-immune|p2b: Sylveon\n|move|p2b: Sylveon|Wish|p2b: Sylveon\n|move|p1a: Armarouge|Expanding Force|p2a: Infernape\n|-supereffective|p2a: Infernape\n|-damage|p2a: Infernape|0 fnt\n|faint|p2a: Infernape\n|-damage|p1a: Armarouge|91\/100|[from] item: Life Orb\n|\n|upkeep\n|\n|t:|1699815294\n|switch|p2a: Gengar|Gengar, L50, F|100\/100\n|turn|2\n|\n|t:|1699815315\n|-terastallize|p1b: Baxcalibur|Fairy\n|move|p2a: Gengar|Sludge Bomb|p1a: Armarouge\n|-damage|p1a: Armarouge|40\/100\n|move|p1b: Baxcalibur|Swords Dance|p1b: Baxcalibur\n|-boost|p1b: Baxcalibur|atk|2\n|move|p2b: Sylveon|Hyper Voice|p1a: Armarouge|[spread] p1a,p1b\n|-resisted|p1a: Armarouge\n|-damage|p1a: Armarouge|23\/100\n|-damage|p1b: Baxcalibur|0 fnt\n|faint|p1b: Baxcalibur\n|move|p1a: Armarouge|Armor Cannon|p2a: Gengar\n|-damage|p2a: Gengar|10\/100\n|-unboost|p1a: Armarouge|def|1\n|-unboost|p1a: Armarouge|spd|1\n|-damage|p1a: Armarouge|13\/100|[from] item: Life Orb\n|\n|upkeep\n|\n|t:|1699815336\n|switch|p1b: Cuppa|Sinistcha-Masterpiece, L50|100\/100\n|-heal|p1a: Armarouge|38\/100|[from] ability: Hospitality|[of] p1b: Cuppa\n|turn|3\n|\n|t:|1699815357\n|-terastallize|p2b: Sylveon|Dark\n|move|p2a: Gengar|Sludge Bomb|p1a: Armarouge\n|-damage|p1a: Armarouge|0 fnt\n|faint|p1a: Armarouge\n|move|p2b: Sylveon|Hyper Voice|p1b: Cuppa\n|-damage|p1b: Cuppa|51\/100\n|move|p1b: Cuppa|Strength Sap|p2a: Gengar\n|-unboost|p2a: Gengar|atk|1\n|-heal|p1b: Cuppa|91\/100\n|\n|-heal|p1b: Cuppa|97\/100|[from] item: Leftovers\n|upkeep\n|\n|t:|1699815369\n|switch|p1a: Fezandipiti|Fezandipiti, L50, M|100\/100\n|turn|4\n|\n|t:|1699815393\n|move|p1a: Fezandipiti|Dazzling Gleam|p2b: Sylveon|[spread] p2a,p2b\n|-resisted|p2a: Gengar\n|-crit|p2a: Gengar\n|-supereffective|p2b: Sylveon\n|-crit|p2b: Sylveon\n|-damage|p2a: Gengar|0 fnt\n|-damage|p2b: Sylveon|55\/100\n|faint|p2a: Gengar\n|move|p2b: Sylveon|Wish|p2b: Sylveon\n|move|p1b: Cuppa|Matcha Gotcha|p2b: Sylveon\n|-damage|p2b: Sylveon|33\/100\n|-heal|p1b: Cuppa|100\/100|[from] drain|[of] p2b: Sylveon\n|\n|-heal|p2b: Sylveon|39\/100|[from] item: Leftovers\n|upkeep\n|\n|t:|1699815404\n|switch|p2a: Scizor|Scizor, L50, F|100\/100\n|turn|5\n|\n|t:|1699815423\n|move|p2b: Sylveon|Protect|p2b: Sylveon\n|-singleturn|p2b: Sylveon|Protect\n|move|p2a: Scizor|Bullet Punch|p1a: Fezandipiti\n|-supereffective|p1a: Fezandipiti\n|-damage|p1a: Fezandipiti|0 fnt\n|faint|p1a: Fezandipiti\n|-damage|p2a: Scizor|91\/100|[from] item: Life Orb\n|move|p1b: Cuppa|Strength Sap|p2a: Scizor\n|-unboost|p2a: Scizor|atk|1\n|\n|-heal|p2b: Sylveon|89\/100|[from] move: Wish|[wisher] Sylveon\n|-heal|p2b: Sylveon|95\/100|[from] item: Leftovers\n|upkeep\n|turn|6\n|\n|t:|1699815448\n|move|p2a: Scizor|Swords Dance|p2a: Scizor\n|-boost|p2a: Scizor|atk|2\n|move|p2b: Sylveon|Draining Kiss|p1b: Cuppa\n|-damage|p1b: Cuppa|78\/100\n|-heal|p2b: Sylveon|100\/100|[from] drain|[of] p1b: Cuppa\n|move|p1b: Cuppa|Strength Sap|p2b: Sylveon\n|-unboost|p2b: Sylveon|atk|1\n|-heal|p1b: Cuppa|100\/100\n|\n|upkeep\n|turn|7\n|\n|t:|1699815466\n|move|p2a: Scizor|Swords Dance|p2a: Scizor\n|-boost|p2a: Scizor|atk|2\n|move|p2b: Sylveon|Hyper Voice|p1b: Cuppa\n|-damage|p1b: Cuppa|48\/100\n|move|p1b: Cuppa|Trick Room|p1b: Cuppa\n|-fieldstart|move: Trick Room|[of] p1b: Cuppa\n|\n|-heal|p1b: Cuppa|54\/100|[from] item: Leftovers\n|upkeep\n|turn|8\n|\n|t:|1699815483\n|move|p1b: Cuppa|Strength Sap|p2b: Sylveon\n|-unboost|p2b: Sylveon|atk|1\n|-heal|p1b: Cuppa|78\/100\n|move|p2b: Sylveon|Draining Kiss|p1b: Cuppa\n|-crit|p1b: Cuppa\n|-damage|p1b: Cuppa|45\/100\n|move|p2a: Scizor|Bug Bite|p1b: Cuppa\n|-damage|p1b: Cuppa|0 fnt\n|faint|p1b: Cuppa\n|-damage|p2a: Scizor|81\/100|[from] item: Life Orb\n|\n|win|finsonic\n","uploadtime":1699815492,"views":36,"p1id":"snoaecone","p2id":"finsonic","formatid":"gen9vgc2023regulatione","rating":0,"private":0,"password":""}