{"id":"gen9vgc2023regulatione-1992683494","p1":"MythAst","p2":"vgbnomkjhugvbhnjk","format":"[Gen 9] VGC 2023 Regulation E","log":"|j|\u2606MythAst\n|j|\u2606vgbnomkjhugvbhnjk\n|t:|1700224850\n|gametype|doubles\n|player|p1|MythAst|266|1113\n|player|p2|vgbnomkjhugvbhnjk|101|1094\n|teamsize|p1|6\n|teamsize|p2|6\n|gen|9\n|tier|[Gen 9] VGC 2023 Regulation E\n|rated|\n|rule|Species Clause: Limit one of each Pok\u00e9mon\n|rule|Item Clause: Limit one of each item\n|clearpoke\n|poke|p1|Landorus-Therian, L50, M|\n|poke|p1|Ogerpon-Wellspring, L50, F|\n|poke|p1|Iron Hands, L50|\n|poke|p1|Flutter Mane, L50|\n|poke|p1|Rillaboom, L50, M|\n|poke|p1|Sneasler, L50, M|\n|poke|p2|Arcanine, L50, F|\n|poke|p2|Roaring Moon, L50|\n|poke|p2|Iron Hands, L50|\n|poke|p2|Ogerpon-Cornerstone, L50, F|\n|poke|p2|Gastrodon-East, L50, M|\n|poke|p2|Spectrier, L50|\n|teampreview|4\n|inactive|Battle timer is ON: inactive players will automatically lose when time's up. (requested by MythAst)\n|inactive|vgbnomkjhugvbhnjk has 60 seconds left.\n|\n|t:|1700224905\n|start\n|switch|p1a: Iron Hands|Iron Hands, L50|100\/100\n|switch|p1b: Landorus|Landorus-Therian, L50, M, shiny|100\/100\n|switch|p2a: Arcanine|Arcanine, L50, F|100\/100\n|switch|p2b: Roaring Moon|Roaring Moon, L50, shiny|100\/100\n|-ability|p1b: Landorus|Intimidate|boost\n|-unboost|p2a: Arcanine|atk|1\n|-unboost|p2b: Roaring Moon|atk|1\n|-ability|p2a: Arcanine|Intimidate|boost\n|-unboost|p1a: Iron Hands|atk|1\n|-unboost|p1b: Landorus|atk|1\n|-enditem|p2b: Roaring Moon|Booster Energy\n|-activate|p2b: Roaring Moon|ability: Protosynthesis|[fromitem]\n|-start|p2b: Roaring Moon|protosynthesisspe\n|turn|1\n|inactive|vgbnomkjhugvbhnjk has 30 seconds left.\n|\n|t:|1700224936\n|move|p2b: Roaring Moon|Breaking Swipe|p1a: Iron Hands|[spread] p1a,p1b\n|-damage|p1a: Iron Hands|89\/100\n|-damage|p1b: Landorus|82\/100\n|-unboost|p1a: Iron Hands|atk|1\n|-unboost|p1b: Landorus|atk|1\n|move|p1b: Landorus|Stomping Tantrum|p2a: Arcanine\n|-supereffective|p2a: Arcanine\n|-damage|p2a: Arcanine|52\/100\n|move|p2a: Arcanine|Will-O-Wisp|p1b: Landorus\n|-status|p1b: Landorus|brn\n|move|p1a: Iron Hands|Drain Punch|p2b: Roaring Moon\n|-supereffective|p2b: Roaring Moon\n|-damage|p2b: Roaring Moon|47\/100\n|-heal|p1a: Iron Hands|100\/100|[from] drain|[of] p2b: Roaring Moon\n|\n|-damage|p1b: Landorus|76\/100 brn|[from] brn\n|upkeep\n|turn|2\n|inactive|MythAst has 30 seconds left.\n|inactive|vgbnomkjhugvbhnjk has 30 seconds left.\n|inactive|MythAst has 20 seconds left.\n|inactive|MythAst has 15 seconds left.\n|inactive|MythAst has 10 seconds left.\n|inactive|MythAst has 5 seconds left.\n|\n|t:|1700224991\n|-end|p2b: Roaring Moon|Protosynthesis|[silent]\n|switch|p2b: Spectrier|Spectrier, L50|100\/100\n|move|p1b: Landorus|Stomping Tantrum|p2b: Spectrier\n|-damage|p2b: Spectrier|84\/100\n|move|p2a: Arcanine|Will-O-Wisp|p1a: Iron Hands\n|-status|p1a: Iron Hands|brn\n|move|p1a: Iron Hands|Drain Punch|p2b: Spectrier\n|-immune|p2b: Spectrier\n|\n|-damage|p1b: Landorus|70\/100 brn|[from] brn\n|-damage|p1a: Iron Hands|95\/100 brn|[from] brn\n|upkeep\n|turn|3\n|inactive|MythAst has 30 seconds left.\n|inactive|vgbnomkjhugvbhnjk has 30 seconds left.\n|inactive|MythAst has 20 seconds left.\n|inactive|vgbnomkjhugvbhnjk has 20 seconds left.\n|inactive|MythAst has 15 seconds left.\n|inactive|MythAst has 10 seconds left.\n|inactive|MythAst has 5 seconds left.\n|\n|t:|1700225046\n|switch|p2a: Gastrodon|Gastrodon-East, L50, M|100\/100\n|move|p1b: Landorus|Stomping Tantrum|p2b: Spectrier\n|-damage|p2b: Spectrier|67\/100\n|move|p2b: Spectrier|Hex|p1b: Landorus\n|-damage|p1b: Landorus|0 fnt\n|faint|p1b: Landorus\n|-ability|p2b: Spectrier|Grim Neigh|boost\n|-boost|p2b: Spectrier|spa|1\n|move|p1a: Iron Hands|Drain Punch|p2a: Gastrodon\n|-damage|p2a: Gastrodon|88\/100\n|-heal|p1a: Iron Hands|99\/100 brn|[from] drain|[of] p2a: Gastrodon\n|\n|-damage|p1a: Iron Hands|94\/100 brn|[from] brn\n|upkeep\n|\n|t:|1700225051\n|switch|p1b: Flutter Mane|Flutter Mane, L50|100\/100\n|turn|4\n|\n|t:|1700225067\n|-terastallize|p1b: Flutter Mane|Fairy\n|move|p2b: Spectrier|Protect|p2b: Spectrier\n|-singleturn|p2b: Spectrier|Protect\n|move|p1b: Flutter Mane|Moonblast|p2a: Gastrodon\n|-damage|p2a: Gastrodon|9\/100\n|-unboost|p2a: Gastrodon|spa|1\n|-enditem|p2a: Gastrodon|Sitrus Berry|[eat]\n|-heal|p2a: Gastrodon|34\/100|[from] item: Sitrus Berry\n|move|p1a: Iron Hands|Heavy Slam|p2b: Spectrier\n|-activate|p2b: Spectrier|move: Protect\n|move|p2a: Gastrodon|Icy Wind|p1a: Iron Hands|[spread] p1a,p1b\n|-damage|p1a: Iron Hands|90\/100 brn\n|-damage|p1b: Flutter Mane|94\/100\n|-unboost|p1a: Iron Hands|spe|1\n|-unboost|p1b: Flutter Mane|spe|1\n|\n|-damage|p1a: Iron Hands|84\/100 brn|[from] brn\n|upkeep\n|turn|5\n|inactive|vgbnomkjhugvbhnjk has 30 seconds left.\n|inactive|vgbnomkjhugvbhnjk has 20 seconds left.\n|inactive|vgbnomkjhugvbhnjk has 15 seconds left.\n|\n|t:|1700225110\n|move|p2a: Gastrodon|Protect|p2a: Gastrodon\n|-singleturn|p2a: Gastrodon|Protect\n|move|p2b: Spectrier|Hex|p1a: Iron Hands\n|-damage|p1a: Iron Hands|29\/100 brn\n|move|p1b: Flutter Mane|Moonblast|p2a: Gastrodon\n|-activate|p2a: Gastrodon|move: Protect\n|move|p1a: Iron Hands|Heavy Slam|p2b: Spectrier\n|-damage|p2b: Spectrier|50\/100\n|\n|-damage|p1a: Iron Hands|23\/100 brn|[from] brn\n|upkeep\n|turn|6\n|inactive|vgbnomkjhugvbhnjk has 30 seconds left.\n|inactive|vgbnomkjhugvbhnjk has 20 seconds left.\n|inactive|vgbnomkjhugvbhnjk has 15 seconds left.\n|inactive|vgbnomkjhugvbhnjk has 10 seconds left.\n|inactive|vgbnomkjhugvbhnjk has 5 seconds left.\n|\n|t:|1700225161\n|switch|p2a: Arcanine|Arcanine, L50, F|52\/100\n|-ability|p2a: Arcanine|Intimidate|boost\n|-unboost|p1a: Iron Hands|atk|1\n|-unboost|p1b: Flutter Mane|atk|1\n|move|p2b: Spectrier|Hex|p1b: Flutter Mane\n|-damage|p1b: Flutter Mane|31\/100\n|move|p1b: Flutter Mane|Moonblast|p2a: Arcanine\n|-resisted|p2a: Arcanine\n|-damage|p2a: Arcanine|0 fnt\n|faint|p2a: Arcanine\n|move|p1a: Iron Hands|Heavy Slam|p2b: Spectrier\n|-damage|p2b: Spectrier|35\/100\n|\n|-damage|p1a: Iron Hands|17\/100 brn|[from] brn\n|upkeep\n|inactive|vgbnomkjhugvbhnjk has 30 seconds left.\n|\n|t:|1700225192\n|switch|p2a: Roaring Moon|Roaring Moon, L50, shiny|47\/100\n|turn|7\n|\n|t:|1700225211\n|-end|p1a: Iron Hands|Quark Drive|[silent]\n|switch|p1a: Ogerpon|Ogerpon-Wellspring, L50, F|100\/100\n|move|p2b: Spectrier|Hex|p1b: Flutter Mane\n|-damage|p1b: Flutter Mane|0 fnt\n|faint|p1b: Flutter Mane\n|-end|p1b: Flutter Mane|Protosynthesis|[silent]\n|-ability|p2b: Spectrier|Grim Neigh|boost\n|-boost|p2b: Spectrier|spa|1\n|move|p2a: Roaring Moon|Acrobatics|p1a: Ogerpon\n|-supereffective|p1a: Ogerpon\n|-damage|p1a: Ogerpon|0 fnt\n|faint|p1a: Ogerpon\n|\n|upkeep\n|\n|t:|1700225232\n|switch|p1b: Iron Hands|Iron Hands, L50|17\/100 brn\n|turn|8\n|l|\u2606MythAst\n|inactive|MythAst disconnected and has a minute to reconnect!\n|player|p1|\n|inactive|MythAst has 30 seconds left.\n|inactive|MythAst has 20 seconds left.\n|inactive|MythAst has 15 seconds left.\n|inactive|MythAst has 10 seconds left.\n|inactive|MythAst has 5 seconds left.\n|-message|MythAst lost due to inactivity.\n|\n|win|vgbnomkjhugvbhnjk\n|raw|MythAst's rating: 1113 &rarr; <strong>1087<\/strong><br \/>(-26 for losing)\n|raw|vgbnomkjhugvbhnjk's rating: 1094 &rarr; <strong>1121<\/strong><br \/>(+27 for winning)\n","uploadtime":1700225296,"views":34,"p1id":"mythast","p2id":"vgbnomkjhugvbhnjk","formatid":"gen9vgc2023regulatione","rating":1087,"private":0,"password":""}