{"id":"gen9vgc2023regulatione-1995047989","p1":"jamahcs","p2":"MrRexx1511","format":"[Gen 9] VGC 2023 Regulation E","log":"|j|\u2606jamahcs\n|j|\u2606MrRexx1511\n|n|\u2606jamahcs|jamahcs\n|n|\u2606MrRexx1511|mrrexx1511\n|html|View the match progress at <a href=\"\/game-bestof5-gen9vgc2023regulatione-1995044759\">game-bestof5-gen9vgc2023regulatione-1995044759<\/a>\n|t:|1700516950\n|gametype|doubles\n|player|p1|jamahcs|cynthia-masters3|\n|player|p2|MrRexx1511|pokemonrangerf-gen4|\n|teamsize|p1|6\n|teamsize|p2|6\n|gen|9\n|tier|[Gen 9] VGC 2023 Regulation E\n|rule|Species Clause: Limit one of each Pok\u00e9mon\n|rule|Item Clause: Limit one of each item\n|clearpoke\n|poke|p1|Tornadus, L50, M|\n|poke|p1|Urshifu-*, L50, M|\n|poke|p1|Arcanine-Hisui, L50, M|\n|poke|p1|Iron Hands, L50|\n|poke|p1|Amoonguss, L50, F|\n|poke|p1|Flutter Mane, L50|\n|poke|p2|Urshifu-*, L50, F|\n|poke|p2|Regieleki, L50|\n|poke|p2|Indeedee-F, L50, F|\n|poke|p2|Tornadus, L50, M|\n|poke|p2|Arcanine-Hisui, L50, M|\n|poke|p2|Flutter Mane, L50|\n|teampreview|4\n|inactive|Battle timer is ON: inactive players will automatically lose when time's up. (requested by jamahcs)\njamahcs has agreed to open team sheets.\nMrRexx1511 has agreed to open team sheets.\n|showteam|p1|Tornadus||SitrusBerry|Prankster|Tailwind,Protect,BleakwindStorm,Leer|||M|||50|,,,,,Ghost]Urshifu-Rapid-Strike||MysticWater|UnseenFist|SurgingStrikes,CloseCombat,Detect,AquaJet|||M|||50|,,,,,Water]Arcanine-Hisui||SafetyGoggles|Intimidate|FlareBlitz,RockSlide,ExtremeSpeed,WillOWisp|||M|||50|,,,,,Fairy]Iron Hands||AssaultVest|QuarkDrive|FakeOut,WildCharge,DrainPunch,HeavySlam||||||50|,,,,,Water]Amoonguss||RockyHelmet|Regenerator|RagePowder,PollenPuff,Protect,Spore|||F|||50|,,,,,Water]Flutter Mane||BoosterEnergy|Protosynthesis|Moonblast,DazzlingGleam,ShadowBall,Protect||||||50|,,,,,Fairy\n|showteam|p2|Urshifu-Rapid-Strike||MysticWater|UnseenFist|SurgingStrikes,CloseCombat,Detect,AquaJet|||F|||50|,,,,,Water]Regieleki||Magnet|Transistor|Thunderbolt,Electroweb,TeraBlast,Protect||||||50|,,,,,Ice]Indeedee-F||PsychicSeed|PsychicSurge|Psychic,FollowMe,HelpingHand,HealPulse|||F|||50|,,,,,Dragon]Tornadus||MentalHerb|Prankster|BleakwindStorm,Tailwind,ScaryFace,Taunt|||M|||50|,,,,,Steel]Arcanine-Hisui||ChoiceBand|Intimidate|RockSlide,FlareBlitz,ExtremeSpeed,TeraBlast|||M|||50|,,,,,Flying]Flutter Mane||ChoiceSpecs|Protosynthesis|Moonblast,ShadowBall,DazzlingGleam,Psyshock||||||50|,,,,,Fairy\n|\n|t:|1700516993\n|start\n|switch|p1a: Amoonguss|Amoonguss, L50, F|100\/100\n|switch|p1b: Iron Hands|Iron Hands, L50|100\/100\n|switch|p2a: Regieleki|Regieleki, L50|100\/100\n|switch|p2b: Indeedee|Indeedee-F, L50, F|100\/100\n|-fieldstart|move: Psychic Terrain|[from] ability: Psychic Surge|[of] p2b: Indeedee\n|-enditem|p2b: Indeedee|Psychic Seed\n|-boost|p2b: Indeedee|spd|1|[from] item: Psychic Seed\n|turn|1\n|inactive|MrRexx1511 has 30 seconds left.\n|inactive|jamahcs has 30 seconds left.\n|inactive|MrRexx1511 has 20 seconds left.\n|\n|t:|1700517031\n|move|p2a: Regieleki|Electroweb|p1b: Iron Hands|[spread] p1a,p1b\n|-resisted|p1a: Amoonguss\n|-resisted|p1b: Iron Hands\n|-damage|p1a: Amoonguss|87\/100\n|-damage|p1b: Iron Hands|93\/100\n|-unboost|p1a: Amoonguss|spe|1\n|-unboost|p1b: Iron Hands|spe|1\n|move|p2b: Indeedee|Psychic|p1b: Iron Hands\n|-supereffective|p1b: Iron Hands\n|-damage|p1b: Iron Hands|48\/100\n|move|p1b: Iron Hands|Heavy Slam|p2a: Regieleki\n|-resisted|p2a: Regieleki\n|-damage|p2a: Regieleki|79\/100\n|move|p1a: Amoonguss|Spore|p2b: Indeedee\n|-status|p2b: Indeedee|slp|[from] move: Spore\n|\n|upkeep\n|turn|2\n|inactive|jamahcs has 30 seconds left.\n|inactive|MrRexx1511 has 30 seconds left.\n|\n|t:|1700517067\n|move|p2a: Regieleki|Protect|p2a: Regieleki\n|-singleturn|p2a: Regieleki|Protect\n|cant|p2b: Indeedee|slp\n|move|p1b: Iron Hands|Drain Punch|p2b: Indeedee\n|-damage|p2b: Indeedee|56\/100 slp\n|-heal|p1b: Iron Hands|66\/100|[from] drain|[of] p2b: Indeedee\n|move|p1a: Amoonguss|Spore|p2a: Regieleki\n|-activate|p2a: Regieleki|move: Protect\n|\n|upkeep\n|turn|3\n|inactive|MrRexx1511 has 30 seconds left.\n|inactive|MrRexx1511 has 20 seconds left.\n|\n|t:|1700517108\n|-terastallize|p2a: Regieleki|Ice\n|-terastallize|p1a: Amoonguss|Water\n|move|p2a: Regieleki|Tera Blast|p1a: Amoonguss|[anim] Tera Blast Ice\n|-resisted|p1a: Amoonguss\n|-damage|p1a: Amoonguss|69\/100\n|-curestatus|p2b: Indeedee|slp|[msg]\n|move|p2b: Indeedee|Psychic|p1b: Iron Hands\n|-supereffective|p1b: Iron Hands\n|-damage|p1b: Iron Hands|20\/100\n|move|p1b: Iron Hands|Drain Punch|p2b: Indeedee\n|-damage|p2b: Indeedee|8\/100\n|-heal|p1b: Iron Hands|39\/100|[from] drain|[of] p2b: Indeedee\n|move|p1a: Amoonguss|Spore|p2a: Regieleki\n|-status|p2a: Regieleki|slp|[from] move: Spore\n|\n|upkeep\n|turn|4\n|inactive|jamahcs has 30 seconds left.\n|\n|t:|1700517136\n|-end|p1b: Iron Hands|Quark Drive|[silent]\n|switch|p1b: Tornadus|Tornadus, L50, M|100\/100\n|cant|p2a: Regieleki|slp\n|move|p2b: Indeedee|Psychic|p1b: Tornadus\n|-damage|p1b: Tornadus|59\/100\n|move|p1a: Amoonguss|Pollen Puff|p2b: Indeedee\n|-supereffective|p2b: Indeedee\n|-damage|p2b: Indeedee|0 fnt\n|faint|p2b: Indeedee\n|\n|upkeep\n|\n|t:|1700517155\n|switch|p2b: Flutter Mane|Flutter Mane, L50|100\/100\n|turn|5\n|\n|t:|1700517176\n|move|p1a: Amoonguss|Protect|p1a: Amoonguss\n|-singleturn|p1a: Amoonguss|Protect\n|move|p1b: Tornadus|Tailwind|p1b: Tornadus\n|-sidestart|p1: jamahcs|move: Tailwind\n|cant|p2a: Regieleki|slp\n|move|p2b: Flutter Mane|Psyshock|p1b: Tornadus\n|-damage|p1b: Tornadus|2\/100\n|-enditem|p1b: Tornadus|Sitrus Berry|[eat]\n|-heal|p1b: Tornadus|27\/100|[from] item: Sitrus Berry\n|\n|-fieldend|move: Psychic Terrain\n|upkeep\n|turn|6\n|\n|t:|1700517200\n|-end|p2b: Flutter Mane|Protosynthesis|[silent]\n|switch|p2b: Arcanine|Arcanine-Hisui, L50, M|100\/100\n|-ability|p2b: Arcanine|Intimidate|boost\n|-unboost|p1a: Amoonguss|atk|1\n|-unboost|p1b: Tornadus|atk|1\n|switch|p1a: Iron Hands|Iron Hands, L50|39\/100\n|move|p1b: Tornadus|Protect|p1b: Tornadus\n|-singleturn|p1b: Tornadus|Protect\n|cant|p2a: Regieleki|slp\n|\n|upkeep\n|turn|7\n|inactive|jamahcs has 30 seconds left.\n|\n|t:|1700517229\n|switch|p1b: Amoonguss|Amoonguss, L50, F, tera:Water|100\/100\n|-curestatus|p2a: Regieleki|slp|[msg]\n|move|p2a: Regieleki|Thunderbolt|p1b: Amoonguss\n|-supereffective|p1b: Amoonguss\n|-damage|p1b: Amoonguss|0 fnt\n|faint|p1b: Amoonguss\n|move|p1a: Iron Hands|Drain Punch|p2a: Regieleki\n|-supereffective|p2a: Regieleki\n|-damage|p2a: Regieleki|0 fnt\n|-heal|p1a: Iron Hands|66\/100|[from] drain|[of] p2a: Regieleki\n|faint|p2a: Regieleki\n|move|p2b: Arcanine|Rock Slide|p1a: Iron Hands\n|-resisted|p1a: Iron Hands\n|-damage|p1a: Iron Hands|45\/100\n|\n|upkeep\n|\n|t:|1700517245\n|switch|p2a: Flutter Mane|Flutter Mane, L50|100\/100\n|switch|p1b: Tornadus|Tornadus, L50, M|27\/100\n|turn|8\n|\n|t:|1700517256\n|move|p1b: Tornadus|Protect|p1b: Tornadus\n|-singleturn|p1b: Tornadus|Protect\n|move|p2a: Flutter Mane|Dazzling Gleam|p1b: Tornadus|[spread] p1a\n|-activate|p1b: Tornadus|move: Protect\n|-supereffective|p1a: Iron Hands\n|-damage|p1a: Iron Hands|0 fnt\n|faint|p1a: Iron Hands\n|-end|p1a: Iron Hands|Quark Drive|[silent]\n|move|p2b: Arcanine|Rock Slide|p1b: Tornadus\n|-activate|p1b: Tornadus|move: Protect\n|\n|-sideend|p1: jamahcs|move: Tailwind\n|upkeep\n|\n|t:|1700517266\n|switch|p1a: Urshifu|Urshifu-Rapid-Strike, L50, M|100\/100\n|turn|9\n|\n|t:|1700517273\n|move|p1b: Tornadus|Tailwind|p1b: Tornadus\n|-sidestart|p1: jamahcs|move: Tailwind\n|move|p1a: Urshifu|Surging Strikes|p2a: Flutter Mane\n|-crit|p2a: Flutter Mane\n|-damage|p2a: Flutter Mane|61\/100\n|-crit|p2a: Flutter Mane\n|-damage|p2a: Flutter Mane|23\/100\n|-crit|p2a: Flutter Mane\n|-damage|p2a: Flutter Mane|0 fnt\n|faint|p2a: Flutter Mane\n|-end|p2a: Flutter Mane|Protosynthesis|[silent]\n|-hitcount|p2: Flutter Mane|3\n|move|p2b: Arcanine|Rock Slide|p1b: Tornadus|[spread] p1b\n|-miss|p2b: Arcanine|p1a: Urshifu\n|-supereffective|p1b: Tornadus\n|-damage|p1b: Tornadus|0 fnt\n|faint|p1b: Tornadus\n|\n|upkeep\n|turn|10\n|\n|t:|1700517292\n|move|p1a: Urshifu|Close Combat|p2b: Arcanine\n|-supereffective|p2b: Arcanine\n|-damage|p2b: Arcanine|0 fnt\n|-unboost|p1a: Urshifu|def|1\n|-unboost|p1a: Urshifu|spd|1\n|faint|p2b: Arcanine\n|\n|win|jamahcs\n|c|&|\/uhtml prompt-jamahcs,jamahcs is ready for game 3!\n|c|&|\/uhtml prompt-mrrexx1511,MrRexx1511 is ready for game 3!\nBoth players are ready! Starting next match!\n|l|\u2606MrRexx1511\n","uploadtime":1700518007,"views":7,"p1id":"jamahcs","p2id":"mrrexx1511","formatid":"gen9vgc2023regulatione","rating":0,"private":0,"password":""}