{"id":"gen9vgc2023regulatione-1987941563","p1":"humbleman478","p2":"Beauty Nova","format":"[Gen 9] VGC 2023 Regulation E","log":"|j|\u2606humbleman478\n|j|\u2606Beauty Nova\n|t:|1699651411\n|gametype|doubles\n|player|p1|humbleman478|2|1105\n|player|p2|Beauty Nova|beauty-gen6xy|1044\n|teamsize|p1|6\n|teamsize|p2|6\n|gen|9\n|tier|[Gen 9] VGC 2023 Regulation E\n|rated|\n|rule|Species Clause: Limit one of each Pok\u00e9mon\n|rule|Item Clause: Limit one of each item\n|clearpoke\n|poke|p1|Indeedee-F, L50, F|\n|poke|p1|Armarouge, L50, M|\n|poke|p1|Sinistcha, L50|\n|poke|p1|Iron Hands, L50|\n|poke|p1|Ninetales-Alola, L50, M|\n|poke|p1|Roaring Moon, L50|\n|poke|p2|Oricorio-Sensu, L50, F|\n|poke|p2|Flamigo, L50, M|\n|poke|p2|Volcarona, L50, F|\n|poke|p2|Vivillon-Fancy, L50, M|\n|poke|p2|Lilligant, L50, F|\n|poke|p2|Torkoal, L50, F|\n|teampreview|4\n|\n|t:|1699651433\n|start\n|switch|p1a: Roaring Moon|Roaring Moon, L50|100\/100\n|switch|p1b: Iron Hands|Iron Hands, L50|100\/100\n|switch|p2a: Lilligant|Lilligant, L50, F|100\/100\n|switch|p2b: Torkoal|Torkoal, L50, F|100\/100\n|-weather|SunnyDay|[from] ability: Drought|[of] p2b: Torkoal\n|-activate|p1a: Roaring Moon|ability: Protosynthesis\n|-start|p1a: Roaring Moon|protosynthesisspe\n|turn|1\n|\n|t:|1699651445\n|-end|p1b: Iron Hands|Quark Drive|[silent]\n|switch|p1b: Ninetales|Ninetales-Alola, L50, M|100\/100\n|-weather|Snow|[from] ability: Snow Warning|[of] p1b: Ninetales\n|-end|p1a: Roaring Moon|Protosynthesis\n|-enditem|p1a: Roaring Moon|Booster Energy\n|-activate|p1a: Roaring Moon|ability: Protosynthesis|[fromitem]\n|-start|p1a: Roaring Moon|protosynthesisspe\n|switch|p2b: Oricorio|Oricorio-Sensu, L50, F|100\/100\n|move|p1a: Roaring Moon|Tailwind|p1a: Roaring Moon\n|-sidestart|p1: humbleman478|move: Tailwind\n|move|p2a: Lilligant|Quiver Dance|p2a: Lilligant\n|-boost|p2a: Lilligant|spa|1\n|-boost|p2a: Lilligant|spd|1\n|-boost|p2a: Lilligant|spe|1\n|-activate|p2b: Oricorio|ability: Dancer\n|move|p2b: Oricorio|Quiver Dance|p2b: Oricorio|[from]ability: Dancer\n|-boost|p2b: Oricorio|spa|1\n|-boost|p2b: Oricorio|spd|1\n|-boost|p2b: Oricorio|spe|1\n|\n|-weather|Snow|[upkeep]\n|upkeep\n|turn|2\n|\n|t:|1699651467\n|move|p2b: Oricorio|Protect|p2b: Oricorio\n|-singleturn|p2b: Oricorio|Protect\n|move|p1a: Roaring Moon|Acrobatics|p2a: Lilligant\n|-supereffective|p2a: Lilligant\n|-crit|p2a: Lilligant\n|-damage|p2a: Lilligant|0 fnt\n|faint|p2a: Lilligant\n|move|p1b: Ninetales|Icy Wind|p2b: Oricorio\n|-activate|p2b: Oricorio|move: Protect\n|\n|-weather|Snow|[upkeep]\n|upkeep\n|\n|t:|1699651472\n|switch|p2a: Torkoal|Torkoal, L50, F|100\/100\n|-weather|SunnyDay|[from] ability: Drought|[of] p2a: Torkoal\n|turn|3\n|\n|t:|1699651487\n|switch|p1b: Armarouge|Armarouge, L50, M|100\/100\n|switch|p2a: Flamigo|Flamigo, L50, M|100\/100\n|-copyboost|p2a: Flamigo|p2b: Oricorio|[from] ability: Costar\n|move|p1a: Roaring Moon|Protect|p1a: Roaring Moon\n|-singleturn|p1a: Roaring Moon|Protect\n|move|p2b: Oricorio|Substitute|p2b: Oricorio\n|-start|p2b: Oricorio|Substitute\n|-damage|p2b: Oricorio|75\/100\n|\n|-weather|SunnyDay|[upkeep]\n|-heal|p2b: Oricorio|81\/100|[from] item: Leftovers\n|upkeep\n|turn|4\n|\n|t:|1699651511\n|move|p1a: Roaring Moon|Knock Off|p2a: Flamigo\n|-resisted|p2a: Flamigo\n|-damage|p2a: Flamigo|63\/100\n|-enditem|p2a: Flamigo|Sharp Beak|[from] move: Knock Off|[of] p1a: Roaring Moon\n|move|p2b: Oricorio|Revelation Dance|p1b: Armarouge\n|-supereffective|p1b: Armarouge\n|-damage|p1b: Armarouge|0 fnt\n|faint|p1b: Armarouge\n|move|p2a: Flamigo|Copycat|p2a: Flamigo\n|move|p2a: Flamigo|Revelation Dance|p1a: Roaring Moon|[from]move: Copycat\n|-damage|p1a: Roaring Moon|53\/100\n|-activate|p2b: Oricorio|ability: Dancer\n|move|p2b: Oricorio|Revelation Dance|p1a: Roaring Moon|[from]ability: Dancer\n|-resisted|p1a: Roaring Moon\n|-damage|p1a: Roaring Moon|22\/100\n|\n|-weather|SunnyDay|[upkeep]\n|-heal|p2b: Oricorio|87\/100|[from] item: Leftovers\n|-sideend|p1: humbleman478|move: Tailwind\n|upkeep\n|\n|t:|1699651522\n|switch|p1b: Ninetales|Ninetales-Alola, L50, M|100\/100\n|-weather|Snow|[from] ability: Snow Warning|[of] p1b: Ninetales\n|turn|5\n|\n|t:|1699651542\n|move|p2a: Flamigo|Wide Guard|p2a: Flamigo\n|-singleturn|p2a: Flamigo|Wide Guard\n|move|p1a: Roaring Moon|Knock Off|p2b: Oricorio\n|-supereffective|p2b: Oricorio\n|-end|p2b: Oricorio|Substitute\n|move|p2b: Oricorio|Revelation Dance|p1a: Roaring Moon\n|-resisted|p1a: Roaring Moon\n|-damage|p1a: Roaring Moon|0 fnt\n|faint|p1a: Roaring Moon\n|-end|p1a: Roaring Moon|Protosynthesis|[silent]\n|move|p1b: Ninetales|Moonblast|p2b: Oricorio\n|-damage|p2b: Oricorio|59\/100\n|\n|-weather|Snow|[upkeep]\n|-heal|p2b: Oricorio|65\/100|[from] item: Leftovers\n|upkeep\n|\n|t:|1699651553\n|switch|p1a: Iron Hands|Iron Hands, L50|100\/100\n|turn|6\n|\n|t:|1699651562\n|-terastallize|p2b: Oricorio|Fire\n|move|p2a: Flamigo|Quick Guard|p2a: Flamigo\n|-singleturn|p2a: Flamigo|Quick Guard\n|move|p1a: Iron Hands|Fake Out|p2b: Oricorio\n|-activate|p2b: Oricorio|move: Quick Guard\n|move|p2b: Oricorio|Revelation Dance|p1b: Ninetales\n|-supereffective|p1b: Ninetales\n|-damage|p1b: Ninetales|0 fnt\n|faint|p1b: Ninetales\n|\n|-weather|Snow|[upkeep]\n|-heal|p2b: Oricorio|71\/100|[from] item: Leftovers\n|upkeep\n|turn|7\n|\n|t:|1699651576\n|move|p2b: Oricorio|Revelation Dance|p1a: Iron Hands\n|-damage|p1a: Iron Hands|64\/100\n|move|p2a: Flamigo|Copycat|p2a: Flamigo\n|move|p2a: Flamigo|Revelation Dance|p1a: Iron Hands|[from]move: Copycat\n|-damage|p1a: Iron Hands|32\/100\n|-activate|p2b: Oricorio|ability: Dancer\n|move|p2b: Oricorio|Revelation Dance|p1a: Iron Hands|[from]ability: Dancer\n|-damage|p1a: Iron Hands|0 fnt\n|faint|p1a: Iron Hands\n|-end|p1a: Iron Hands|Quark Drive|[silent]\n|\n|win|Beauty Nova\n|raw|humbleman478's rating: 1105 &rarr; <strong>1076<\/strong><br \/>(-29 for losing)\n|raw|Beauty Nova's rating: 1044 &rarr; <strong>1083<\/strong><br \/>(+39 for winning)\n|l|\u2606humbleman478\n","uploadtime":1699651591,"views":15,"p1id":"humbleman478","p2id":"beautynova","formatid":"gen9vgc2023regulatione","rating":1076,"private":0,"password":""}