{"id":"gen9vgc2023regulatione-1993212100","p1":"N4N0vgc","p2":"RotovicVGC","format":"[Gen 9] VGC 2023 Regulation E","log":"|j|\u2606N4N0vgc\n|j|\u2606RotovicVGC\n|n|\u2606N4N0vgc|n4n0vgc\n|n|\u2606RotovicVGC|rotovicvgc\n|html|View the match progress at <a href=\"\/game-bestof3-gen9vgc2023regulatione-1993209338\">game-bestof3-gen9vgc2023regulatione-1993209338<\/a>\n|t:|1700278722\n|gametype|doubles\n|player|p1|N4N0vgc|guzma|\n|player|p2|RotovicVGC|170|\n|teamsize|p1|6\n|teamsize|p2|6\n|gen|9\n|tier|[Gen 9] VGC 2023 Regulation E\n|rule|Species Clause: Limit one of each Pok\u00e9mon\n|rule|Item Clause: Limit one of each item\n|clearpoke\n|poke|p1|Tornadus, L50, M|\n|poke|p1|Arcanine-Hisui, L50, M|\n|poke|p1|Rillaboom, L50, M|\n|poke|p1|Flutter Mane, L50|\n|poke|p1|Urshifu-*, L50, M|\n|poke|p1|Chien-Pao, L50|\n|poke|p2|Tornadus, L50, M|\n|poke|p2|Urshifu-*, L50, F|\n|poke|p2|Chien-Pao, L50|\n|poke|p2|Arcanine-Hisui, L50, M|\n|poke|p2|Rillaboom, L50, F|\n|poke|p2|Flutter Mane, L50|\n|teampreview|4\n|j| Fancy Cucudrula\n|j| Tampico11\nRotovicVGC has agreed to open team sheets.\nN4N0vgc has agreed to open team sheets.\n|showteam|p1|Tornadus||RockyHelmet|Prankster|BleakwindStorm,Taunt,Tailwind,RainDance|||M|||50|,,,,,Ghost]Arcanine-Hisui||ChoiceBand|Intimidate|ExtremeSpeed,FlareBlitz,RockSlide,TeraBlast|||M|||50|,,,,,Fairy]Rillaboom||AssaultVest|GrassySurge|FakeOut,WoodHammer,GrassyGlide,Uturn|||M|||50|,,,,,Fire]Flutter Mane||BoosterEnergy|Protosynthesis|Moonblast,DazzlingGleam,ShadowBall,Protect||||||50|,,,,,Fairy]Urshifu-Rapid-Strike||MysticWater|UnseenFist|Detect,SurgingStrikes,CloseCombat,AquaJet|||M|||50|,,,,,Water]Chien-Pao||FocusSash|SwordofRuin|SuckerPunch,IcicleCrash,SacredSword,Protect||||||50|,,,,,Ghost\n|showteam|p2|Tornadus||RockyHelmet|Prankster|BleakwindStorm,Tailwind,Taunt,RainDance|||M|||50|,,,,,Ghost]Urshifu-Rapid-Strike||ChoiceScarf|UnseenFist|SurgingStrikes,CloseCombat,Uturn,AquaJet|||F|||50|,,,,,Water]Chien-Pao||FocusSash|SwordofRuin|SuckerPunch,IcicleCrash,Protect,SacredSword||||||50|,,,,,Ghost]Arcanine-Hisui||ChoiceBand|Intimidate|ExtremeSpeed,FlareBlitz,RockSlide,TeraBlast|||M|||50|,,,,,Fairy]Rillaboom||AssaultVest|GrassySurge|FakeOut,GrassyGlide,Uturn,WoodHammer|||F|||50|,,,,,Poison]Flutter Mane||BoosterEnergy|Protosynthesis|DazzlingGleam,ShadowBall,Moonblast,Protect||||||50|,,,,,Fairy\n|inactive|Battle timer is ON: inactive players will automatically lose when time's up. (requested by N4N0vgc)\n|j| porygon peo\n|\n|t:|1700278764\n|start\n|switch|p1a: Lakitu|Tornadus, L50, M, shiny|100\/100\n|switch|p1b: Cari\u00f1OSO|Urshifu-Rapid-Strike, L50, M|100\/100\n|switch|p2a: Tornadus|Tornadus, L50, M|100\/100\n|switch|p2b: Urshifu|Urshifu-Rapid-Strike, L50, F|100\/100\n|turn|1\n|j| Ganjux\n|j| Tenken11\n|inactive|N4N0vgc has 30 seconds left.\n|inactive|RotovicVGC has 30 seconds left.\n|inactive|N4N0vgc has 20 seconds left.\n|inactive|RotovicVGC has 20 seconds left.\n|j| LMagician\n|inactive|RotovicVGC has 15 seconds left.\n|inactive|RotovicVGC has 10 seconds left.\n|\n|t:|1700278813\n|-terastallize|p2b: Urshifu|Water\n|-terastallize|p1b: Cari\u00f1OSO|Water\n|move|p2b: Urshifu|Surging Strikes|p1b: Cari\u00f1OSO\n|-resisted|p1b: Cari\u00f1OSO\n|-crit|p1b: Cari\u00f1OSO\n|-damage|p1b: Cari\u00f1OSO|87\/100\n|-resisted|p1b: Cari\u00f1OSO\n|-crit|p1b: Cari\u00f1OSO\n|-damage|p1b: Cari\u00f1OSO|73\/100\n|-resisted|p1b: Cari\u00f1OSO\n|-crit|p1b: Cari\u00f1OSO\n|-damage|p1b: Cari\u00f1OSO|59\/100\n|-hitcount|p1b: Cari\u00f1OSO|3\n|move|p1b: Cari\u00f1OSO|Surging Strikes|p2a: Tornadus\n|-crit|p2a: Tornadus\n|-damage|p2a: Tornadus|69\/100\n|-damage|p1b: Cari\u00f1OSO|42\/100|[from] item: Rocky Helmet|[of] p2a: Tornadus\n|-crit|p2a: Tornadus\n|-damage|p2a: Tornadus|36\/100\n|-damage|p1b: Cari\u00f1OSO|26\/100|[from] item: Rocky Helmet|[of] p2a: Tornadus\n|-crit|p2a: Tornadus\n|-damage|p2a: Tornadus|3\/100\n|-damage|p1b: Cari\u00f1OSO|10\/100|[from] item: Rocky Helmet|[of] p2a: Tornadus\n|-hitcount|p2a: Tornadus|3\n|move|p1a: Lakitu|Bleakwind Storm|p2a: Tornadus|[spread] p2b\n|-miss|p1a: Lakitu|p2a: Tornadus\n|-damage|p2b: Urshifu|60\/100\n|move|p2a: Tornadus|Bleakwind Storm|p1b: Cari\u00f1OSO|[spread] p1b\n|-miss|p2a: Tornadus|p1a: Lakitu\n|-damage|p1b: Cari\u00f1OSO|0 fnt\n|faint|p1b: Cari\u00f1OSO\n|\n|upkeep\n|\n|t:|1700278837\n|switch|p1b: Funky Kong|Rillaboom, L50, M|100\/100\n|-fieldstart|move: Grassy Terrain|[from] ability: Grassy Surge|[of] p1b: Funky Kong\n|turn|2\n|inactive|N4N0vgc has 30 seconds left.\n|inactive|RotovicVGC has 30 seconds left.\n|inactive|RotovicVGC has 20 seconds left.\n|inactive|RotovicVGC has 15 seconds left.\n|inactive|RotovicVGC has 10 seconds left.\n|\n|t:|1700278883\n|switch|p2b: Rillaboom|Rillaboom, L50, F|100\/100\n|move|p1a: Lakitu|Taunt|p2a: Tornadus\n|-start|p2a: Tornadus|move: Taunt\n|move|p1b: Funky Kong|Grassy Glide|p2b: Rillaboom\n|-resisted|p2b: Rillaboom\n|-damage|p2b: Rillaboom|84\/100\n|move|p2a: Tornadus|Bleakwind Storm|p1b: Funky Kong|[spread] p1b\n|-miss|p2a: Tornadus|p1a: Lakitu\n|-supereffective|p1b: Funky Kong\n|-damage|p1b: Funky Kong|54\/100\n|\n|-heal|p2b: Rillaboom|90\/100|[from] Grassy Terrain\n|-heal|p1b: Funky Kong|60\/100|[from] Grassy Terrain\n|upkeep\n|turn|3\n|inactive|RotovicVGC has 30 seconds left.\n|inactive|RotovicVGC has 20 seconds left.\n|inactive|RotovicVGC has 15 seconds left.\n|inactive|RotovicVGC has 10 seconds left.\n|inactive|RotovicVGC has 5 seconds left.\n|\n|t:|1700278937\n|move|p2b: Rillaboom|Fake Out|p1a: Lakitu\n|-damage|p1a: Lakitu|84\/100\n|-damage|p2b: Rillaboom|74\/100|[from] item: Rocky Helmet|[of] p1a: Lakitu\n|cant|p1a: Lakitu|flinch\n|move|p2a: Tornadus|Bleakwind Storm|p1b: Funky Kong|[spread] p1a,p1b\n|-supereffective|p1b: Funky Kong\n|-damage|p1a: Lakitu|58\/100\n|-damage|p1b: Funky Kong|16\/100\n|-unboost|p1b: Funky Kong|spe|1\n|move|p1b: Funky Kong|U-turn|p2b: Rillaboom\n|-supereffective|p2b: Rillaboom\n|-damage|p2b: Rillaboom|26\/100\n|\n|t:|1700278945\n|switch|p1b: Michi|Chien-Pao, L50|100\/100|[from] U-turn\n|-ability|p1b: Michi|Sword of Ruin\n|\n|-heal|p2b: Rillaboom|32\/100|[from] Grassy Terrain\n|upkeep\n|turn|4\n|inactive|RotovicVGC has 30 seconds left.\n|inactive|RotovicVGC has 20 seconds left.\n|inactive|RotovicVGC has 15 seconds left.\n|inactive|RotovicVGC has 10 seconds left.\n|inactive|N4N0vgc has 30 seconds left.\n|inactive|RotovicVGC has 5 seconds left.\n|\n|t:|1700279002\n|switch|p2b: Urshifu|Urshifu-Rapid-Strike, L50, F, tera:Water|60\/100\n|move|p1b: Michi|Sucker Punch||[still]\n|-fail|p1b: Michi\n|move|p1a: Lakitu|Bleakwind Storm|p2a: Tornadus|[spread] p2a,p2b\n|-damage|p2a: Tornadus|0 fnt\n|-damage|p2b: Urshifu|20\/100\n|faint|p2a: Tornadus\n|\n|-heal|p2b: Urshifu|26\/100|[from] Grassy Terrain\n|upkeep\n|\n|t:|1700279021\n|switch|p2a: Rillaboom|Rillaboom, L50, F|32\/100\n|turn|5\n|\n|t:|1700279040\n|move|p2a: Rillaboom|Fake Out|p1b: Michi\n|-damage|p1b: Michi|82\/100\n|cant|p1b: Michi|flinch\n|move|p2b: Urshifu|Surging Strikes|p1b: Michi\n|-crit|p1b: Michi\n|-damage|p1b: Michi|41\/100\n|-crit|p1b: Michi\n|-damage|p1b: Michi|1\/100\n|-crit|p1b: Michi\n|-damage|p1b: Michi|0 fnt\n|faint|p1b: Michi\n|-hitcount|p1: Michi|3\n|move|p1a: Lakitu|Bleakwind Storm|p2b: Urshifu|[spread] p2a,p2b\n|-supereffective|p2a: Rillaboom\n|-damage|p2a: Rillaboom|0 fnt\n|-damage|p2b: Urshifu|0 fnt\n|faint|p2a: Rillaboom\n|faint|p2b: Urshifu\n|\n|upkeep\n|\n|t:|1700279056\n|switch|p1b: Funky Kong|Rillaboom, L50, M|16\/100\n|switch|p2b: Chien-Pao|Chien-Pao, L50|100\/100\n|-ability|p2b: Chien-Pao|Sword of Ruin\n|turn|6\n|\n|t:|1700279064\n|move|p2b: Chien-Pao|Protect|p2b: Chien-Pao\n|-singleturn|p2b: Chien-Pao|Protect\n|move|p1b: Funky Kong|Fake Out|p2b: Chien-Pao\n|-activate|p2b: Chien-Pao|move: Protect\n|move|p1a: Lakitu|Tailwind|p1a: Lakitu\n|-sidestart|p1: N4N0vgc|move: Tailwind\n|\n|-heal|p1b: Funky Kong|22\/100|[from] Grassy Terrain\n|-fieldend|move: Grassy Terrain\n|upkeep\n|turn|7\n|inactive|RotovicVGC has 30 seconds left.\n|inactive|RotovicVGC has 20 seconds left.\n|inactive|N4N0vgc has 30 seconds left.\n|inactive|RotovicVGC has 15 seconds left.\n|\n|t:|1700279105\n|move|p2b: Chien-Pao|Sucker Punch|p1a: Lakitu\n|-damage|p1a: Lakitu|0 fnt\n|-damage|p2b: Chien-Pao|84\/100|[from] item: Rocky Helmet|[of] p1a: Lakitu\n|faint|p1a: Lakitu\n|move|p1b: Funky Kong|Wood Hammer|p2b: Chien-Pao\n|-damage|p2b: Chien-Pao|3\/100\n|-damage|p1b: Funky Kong|1\/100|[from] Recoil\n|\n|upkeep\n|turn|8\n|\n|t:|1700279119\n|move|p1b: Funky Kong|Fake Out||[still]\n|-hint|Fake Out only works on your first turn out.\n|-fail|p1b: Funky Kong\n|move|p2b: Chien-Pao|Sucker Punch||[still]\n|-fail|p2b: Chien-Pao\n|\n|upkeep\n|turn|9\n|\n|t:|1700279133\n|move|p2b: Chien-Pao|Sucker Punch|p1b: Funky Kong\n|-crit|p1b: Funky Kong\n|-damage|p1b: Funky Kong|0 fnt\n|faint|p1b: Funky Kong\n|\n|win|RotovicVGC\n|c|&|\/uhtml prompt-n4n0vgc,N4N0vgc is ready for game 3!\n","uploadtime":1700279141,"views":10,"p1id":"n4n0vgc","p2id":"rotovicvgc","formatid":"gen9vgc2023regulatione","rating":0,"private":0,"password":""}