{"id":"gen9vgc2023regulatione-1999139168","p1":"Azula Hotstuf","p2":"ArceusGaming1","format":"[Gen 9] VGC 2023 Regulation E","log":"|j|\u2606Azula Hotstuf\n|j|\u2606ArceusGaming1\n|t:|1701037409\n|gametype|doubles\n|player|p1|Azula Hotstuf|pokemonrangerf|1045\n|player|p2|ArceusGaming1|2|1046\n|teamsize|p1|6\n|teamsize|p2|6\n|gen|9\n|tier|[Gen 9] VGC 2023 Regulation E\n|rated|\n|rule|Species Clause: Limit one of each Pok\u00e9mon\n|rule|Item Clause: Limit one of each item\n|clearpoke\n|poke|p1|Ninetales, L50, F|\n|poke|p1|Flutter Mane, L50|\n|poke|p1|Sandy Shocks, L50|\n|poke|p1|Landorus-Therian, L50, M|\n|poke|p1|Empoleon, L50, F|\n|poke|p1|Tornadus, L50, M|\n|poke|p2|Gholdengo, L50|\n|poke|p2|Amoonguss, L50, F|\n|poke|p2|Urshifu-*, L50, F|\n|poke|p2|Farigiraf, L50, M|\n|poke|p2|Pelipper, L50, M|\n|poke|p2|Sandy Shocks, L50|\n|teampreview|4\n|inactive|Battle timer is ON: inactive players will automatically lose when time's up. (requested by Azula Hotstuf)\nAzula Hotstuf rejected open team sheets.\n|\n|t:|1701037480\n|start\n|switch|p1a: Landorus|Landorus-Therian, L50, M|100\/100\n|switch|p1b: Sandy Shocks|Sandy Shocks, L50|100\/100\n|switch|p2a: Gholdengo|Gholdengo, L50|100\/100\n|switch|p2b: Amoonguss|Amoonguss, L50, F|100\/100\n|-ability|p1a: Landorus|Intimidate|boost\n|-unboost|p2a: Gholdengo|atk|1\n|-unboost|p2b: Amoonguss|atk|1\n|turn|1\n|inactive|Azula Hotstuf has 30 seconds left.\n|\n|t:|1701037505\n|-terastallize|p1a: Landorus|Flying\n|move|p2a: Gholdengo|Protect|p2a: Gholdengo\n|-singleturn|p2a: Gholdengo|Protect\n|move|p1a: Landorus|Tera Blast|p2b: Amoonguss|[anim] Tera Blast Flying\n|-supereffective|p2b: Amoonguss\n|-damage|p2b: Amoonguss|3\/100\n|-enditem|p2b: Amoonguss|Sitrus Berry|[eat]\n|-heal|p2b: Amoonguss|28\/100|[from] item: Sitrus Berry\n|move|p1b: Sandy Shocks|Earth Power|p2b: Amoonguss\n|-damage|p2b: Amoonguss|0 fnt\n|faint|p2b: Amoonguss\n|-damage|p1b: Sandy Shocks|91\/100|[from] item: Life Orb\n|\n|upkeep\n|\n|t:|1701037521\n|switch|p2b: Urshifu|Urshifu-Rapid-Strike, L50, F|100\/100\n|turn|2\n|\n|t:|1701037534\n|switch|p1a: Ninetales|Ninetales, L50, F|100\/100\n|-weather|SunnyDay|[from] ability: Drought|[of] p1a: Ninetales\n|-activate|p1b: Sandy Shocks|ability: Protosynthesis\n|-start|p1b: Sandy Shocks|protosynthesisspe\n|-terastallize|p2a: Gholdengo|Dragon\n|move|p1b: Sandy Shocks|Thunderbolt|p2b: Urshifu\n|-supereffective|p2b: Urshifu\n|-damage|p2b: Urshifu|0 fnt\n|faint|p2b: Urshifu\n|-damage|p1b: Sandy Shocks|81\/100|[from] item: Life Orb\n|move|p2a: Gholdengo|Nasty Plot|p2a: Gholdengo\n|-boost|p2a: Gholdengo|spa|2\n|\n|-weather|SunnyDay|[upkeep]\n|upkeep\n|\n|t:|1701037551\n|switch|p2b: Pelipper|Pelipper, L50, M|100\/100\n|-weather|RainDance|[from] ability: Drizzle|[of] p2b: Pelipper\n|-end|p1b: Sandy Shocks|Protosynthesis\n|turn|3\n|inactive|Azula Hotstuf has 30 seconds left.\n|\n|t:|1701037585\n|move|p1b: Sandy Shocks|Thunderbolt|p2b: Pelipper\n|-supereffective|p2b: Pelipper\n|-enditem|p2b: Pelipper|Focus Sash\n|-damage|p2b: Pelipper|1\/100\n|-damage|p1b: Sandy Shocks|72\/100|[from] item: Life Orb\n|move|p1a: Ninetales|Heat Wave|p2a: Gholdengo|[spread] p2a,p2b\n|-resisted|p2a: Gholdengo\n|-resisted|p2b: Pelipper\n|-damage|p2a: Gholdengo|94\/100\n|-damage|p2b: Pelipper|0 fnt\n|faint|p2b: Pelipper\n|move|p2a: Gholdengo|Nasty Plot|p2a: Gholdengo\n|-boost|p2a: Gholdengo|spa|2\n|\n|-weather|RainDance|[upkeep]\n|-heal|p2a: Gholdengo|100\/100|[from] item: Leftovers\n|upkeep\n|turn|4\n|\n|t:|1701037609\n|move|p1b: Sandy Shocks|Earth Power|p2a: Gholdengo\n|-damage|p2a: Gholdengo|44\/100\n|-damage|p1b: Sandy Shocks|62\/100|[from] item: Life Orb\n|move|p1a: Ninetales|Heat Wave|p2a: Gholdengo\n|-resisted|p2a: Gholdengo\n|-damage|p2a: Gholdengo|35\/100\n|move|p2a: Gholdengo|Shadow Ball|p1a: Ninetales\n|-damage|p1a: Ninetales|0 fnt\n|faint|p1a: Ninetales\n|\n|-weather|RainDance|[upkeep]\n|-heal|p2a: Gholdengo|41\/100|[from] item: Leftovers\n|upkeep\n|\n|t:|1701037612\n|switch|p1a: Flutter Mane|Flutter Mane, L50|100\/100\n|turn|5\n|c|\u2606Azula Hotstuf|gg!\n|\n|t:|1701037626\n|move|p1a: Flutter Mane|Moonblast|p2a: Gholdengo\n|-supereffective|p2a: Gholdengo\n|-damage|p2a: Gholdengo|0 fnt\n|faint|p2a: Gholdengo\n|\n|win|Azula Hotstuf\n|raw|Azula Hotstuf's rating: 1045 &rarr; <strong>1078<\/strong><br \/>(+33 for winning)\n|raw|ArceusGaming1's rating: 1046 &rarr; <strong>1029<\/strong><br \/>(-17 for losing)\n|l|\u2606ArceusGaming1\n","uploadtime":1701037635,"views":1,"p1id":"azulahotstuf","p2id":"arceusgaming1","formatid":"gen9vgc2023regulatione","rating":1029,"private":0,"password":""}