{"id":"gen9vgc2023regulatione-1998827159","p1":"Hoffenzeffer","p2":"newusernovice","format":"[Gen 9] VGC 2023 Regulation E","log":"|j|\u2606Hoffenzeffer\n|j|\u2606newusernovice\n|t:|1700998799\n|gametype|doubles\n|player|p1|Hoffenzeffer|drayden|1452\n|player|p2|newusernovice|brawly|1381\n|teamsize|p1|6\n|teamsize|p2|6\n|gen|9\n|tier|[Gen 9] VGC 2023 Regulation E\n|rated|\n|rule|Species Clause: Limit one of each Pok\u00e9mon\n|rule|Item Clause: Limit one of each item\n|clearpoke\n|poke|p1|Roaring Moon, L50|\n|poke|p1|Landorus-Therian, L50, M|\n|poke|p1|Torkoal, L50, M|\n|poke|p1|Sinistcha, L50|\n|poke|p1|Iron Hands, L50|\n|poke|p1|Gholdengo, L50|\n|poke|p2|Pelipper, L50, M|\n|poke|p2|Amoonguss, L50, M|\n|poke|p2|Salamence, L50, M|\n|poke|p2|Urshifu-*, L50, M|\n|poke|p2|Iron Hands, L50|\n|poke|p2|Rillaboom, L50, M|\n|teampreview|4\n|inactive|Battle timer is ON: inactive players will automatically lose when time's up. (requested by newusernovice)\n|inactive|Hoffenzeffer has 60 seconds left.\n|inactive|newusernovice has 60 seconds left.\n|inactive|newusernovice has 30 seconds left.\n|\n|t:|1700998863\n|start\n|switch|p1a: Gholdengo|Gholdengo, L50|100\/100\n|switch|p1b: Bustard|Roaring Moon, L50|100\/100\n|switch|p2a: Iron Hands|Iron Hands, L50, shiny|100\/100\n|switch|p2b: Salamence|Salamence, L50, M|100\/100\n|-ability|p2b: Salamence|Intimidate|boost\n|-unboost|p1a: Gholdengo|atk|1\n|-unboost|p1b: Bustard|atk|1\n|-enditem|p1b: Bustard|Booster Energy\n|-activate|p1b: Bustard|ability: Protosynthesis|[fromitem]\n|-start|p1b: Bustard|protosynthesisspe\n|turn|1\n|inactive|Hoffenzeffer has 30 seconds left.\n|inactive|newusernovice has 30 seconds left.\n|inactive|newusernovice has 20 seconds left.\n|inactive|newusernovice has 15 seconds left.\n|inactive|newusernovice has 10 seconds left.\n|inactive|newusernovice has 5 seconds left.\n|\n|t:|1700998915\n|-end|p1b: Bustard|Protosynthesis|[silent]\n|switch|p1b: Landorus|Landorus-Therian, L50, M|100\/100\n|-ability|p1b: Landorus|Intimidate|boost\n|-unboost|p2a: Iron Hands|atk|1\n|-unboost|p2b: Salamence|atk|1\n|move|p2b: Salamence|Dragon Pulse|p1b: Landorus\n|-damage|p1b: Landorus|47\/100\n|move|p1a: Gholdengo|Dazzling Gleam|p2a: Iron Hands|[spread] p2a,p2b\n|-supereffective|p2a: Iron Hands\n|-supereffective|p2b: Salamence\n|-damage|p2a: Iron Hands|64\/100\n|-damage|p2b: Salamence|15\/100\n|move|p2a: Iron Hands|Thunder Punch|p1a: Gholdengo\n|-damage|p1a: Gholdengo|68\/100\n|\n|upkeep\n|turn|2\n|inactive|Hoffenzeffer has 30 seconds left.\n|inactive|newusernovice has 30 seconds left.\n|inactive|Hoffenzeffer has 20 seconds left.\n|inactive|Hoffenzeffer has 15 seconds left.\n|inactive|Hoffenzeffer has 10 seconds left.\n|\n|t:|1700998964\n|move|p1b: Landorus|Rock Slide|p2a: Iron Hands|[spread] p2a,p2b\n|-resisted|p2a: Iron Hands\n|-supereffective|p2b: Salamence\n|-damage|p2a: Iron Hands|58\/100\n|-damage|p2b: Salamence|0 fnt\n|faint|p2b: Salamence\n|move|p1a: Gholdengo|Dazzling Gleam|p2a: Iron Hands\n|-supereffective|p2a: Iron Hands\n|-damage|p2a: Iron Hands|1\/100\n|move|p2a: Iron Hands|Thunder Punch|p1a: Gholdengo\n|-damage|p1a: Gholdengo|36\/100\n|\n|upkeep\n|inactive|newusernovice has 30 seconds left.\n|inactive|newusernovice has 20 seconds left.\n|\n|t:|1700998999\n|switch|p2b: Rillaboom|Rillaboom, L50, M|100\/100\n|-fieldstart|move: Grassy Terrain|[from] ability: Grassy Surge|[of] p2b: Rillaboom\n|turn|3\n|inactive|newusernovice has 30 seconds left.\n|inactive|newusernovice has 20 seconds left.\n|inactive|newusernovice has 15 seconds left.\n|inactive|newusernovice has 10 seconds left.\n|\n|t:|1700999048\n|switch|p1b: Iron Hands|Iron Hands, L50, shiny|100\/100\n|-terastallize|p2b: Rillaboom|Grass\n|move|p1a: Gholdengo|Dazzling Gleam|p2a: Iron Hands|[spread] p2a,p2b\n|-supereffective|p2a: Iron Hands\n|-crit|p2a: Iron Hands\n|-damage|p2a: Iron Hands|0 fnt\n|-damage|p2b: Rillaboom|59\/100\n|faint|p2a: Iron Hands\n|-end|p2a: Iron Hands|Quark Drive|[silent]\n|move|p2b: Rillaboom|Wood Hammer|p1b: Iron Hands\n|-damage|p1b: Iron Hands|2\/100\n|-damage|p2b: Rillaboom|18\/100|[from] Recoil\n|\n|-heal|p1a: Gholdengo|42\/100|[from] Grassy Terrain\n|-heal|p2b: Rillaboom|24\/100|[from] Grassy Terrain\n|-heal|p1b: Iron Hands|8\/100|[from] Grassy Terrain\n|upkeep\n|\n|t:|1700999067\n|switch|p2a: Pelipper|Pelipper, L50, M|100\/100\n|-weather|RainDance|[from] ability: Drizzle|[of] p2a: Pelipper\n|turn|4\n|inactive|newusernovice has 30 seconds left.\n|inactive|newusernovice has 20 seconds left.\n|inactive|newusernovice has 15 seconds left.\n|inactive|newusernovice has 10 seconds left.\n|inactive|newusernovice has 5 seconds left.\n|\n|t:|1700999117\n|move|p1b: Iron Hands|Fake Out|p2a: Pelipper\n|-damage|p2a: Pelipper|79\/100\n|move|p2b: Rillaboom|Grassy Glide|p1a: Gholdengo\n|-resisted|p1a: Gholdengo\n|-damage|p1a: Gholdengo|9\/100\n|move|p1a: Gholdengo|Dazzling Gleam|p2a: Pelipper|[spread] p2a,p2b\n|-damage|p2a: Pelipper|26\/100\n|-damage|p2b: Rillaboom|0 fnt\n|faint|p2b: Rillaboom\n|cant|p2a: Pelipper|flinch\n|\n|-weather|RainDance|[upkeep]\n|-heal|p1a: Gholdengo|15\/100|[from] Grassy Terrain\n|-heal|p1b: Iron Hands|14\/100|[from] Grassy Terrain\n|upkeep\n|turn|5\n|-message|newusernovice forfeited.\n|\n|win|Hoffenzeffer\n|raw|Hoffenzeffer's rating: 1452 &rarr; <strong>1468<\/strong><br \/>(+16 for winning)\n|raw|newusernovice's rating: 1381 &rarr; <strong>1365<\/strong><br \/>(-16 for losing)\n|l|\u2606newusernovice\n","uploadtime":1700999148,"views":25,"p1id":"hoffenzeffer","p2id":"newusernovice","formatid":"gen9vgc2023regulatione","rating":1365,"private":0,"password":""}