{"id":"gen9vgc2023regulatione-1989636434","p1":"jwtw","p2":"syiha","format":"[Gen 9] VGC 2023 Regulation E","log":"|j|\u2606jwtw\n|j|\u2606syiha\n|t:|1699881678\n|gametype|doubles\n|player|p1|jwtw|n|1255\n|player|p2|syiha|102|1211\n|teamsize|p1|6\n|teamsize|p2|6\n|gen|9\n|tier|[Gen 9] VGC 2023 Regulation E\n|rated|\n|rule|Species Clause: Limit one of each Pok\u00e9mon\n|rule|Item Clause: Limit one of each item\n|clearpoke\n|poke|p1|Ogerpon-Wellspring, L50, F|\n|poke|p1|Chi-Yu, L50|\n|poke|p1|Tornadus, L50, M|\n|poke|p1|Flutter Mane, L50|\n|poke|p1|Gholdengo, L50|\n|poke|p1|Landorus-Therian, L50, M|\n|poke|p2|Dipplin, L50, F|\n|poke|p2|Electrode-Hisui, L50|\n|poke|p2|Iron Bundle, L50|\n|poke|p2|Landorus-Therian, L50, M|\n|poke|p2|Chi-Yu, L50|\n|poke|p2|Farigiraf, L50, F|\n|teampreview|4\n|inactive|Battle timer is ON: inactive players will automatically lose when time's up. (requested by jwtw)\n|inactive|jwtw has 60 seconds left.\n|\n|t:|1699881755\n|start\n|switch|p1a: Chi-Yu|Chi-Yu, L50|100\/100\n|switch|p1b: Gholdengo|Gholdengo, L50|100\/100\n|switch|p2a: Landorus|Landorus-Therian, L50, M|100\/100\n|switch|p2b: Iron Bundle|Iron Bundle, L50|100\/100\n|-ability|p2a: Landorus|Intimidate|boost\n|-unboost|p1a: Chi-Yu|atk|1\n|-unboost|p1b: Gholdengo|atk|1\n|-ability|p1a: Chi-Yu|Beads of Ruin\n|-enditem|p2b: Iron Bundle|Booster Energy\n|-activate|p2b: Iron Bundle|ability: Quark Drive|[fromitem]\n|-start|p2b: Iron Bundle|quarkdrivespe\n|turn|1\n|\n|t:|1699881776\n|move|p2b: Iron Bundle|Protect|p2b: Iron Bundle\n|-singleturn|p2b: Iron Bundle|Protect\n|move|p1b: Gholdengo|Protect|p1b: Gholdengo\n|-singleturn|p1b: Gholdengo|Protect\n|move|p2a: Landorus|Rock Slide|p1a: Chi-Yu|[spread] p1a\n|-activate|p1b: Gholdengo|move: Protect\n|-supereffective|p1a: Chi-Yu\n|-damage|p1a: Chi-Yu|34\/100\n|move|p1a: Chi-Yu|Will-O-Wisp|p2a: Landorus\n|-status|p2a: Landorus|brn\n|\n|-damage|p2a: Landorus|94\/100 brn|[from] brn\n|upkeep\n|turn|2\n|\n|t:|1699881801\n|move|p1a: Chi-Yu|Protect|p1a: Chi-Yu\n|-singleturn|p1a: Chi-Yu|Protect\n|move|p2b: Iron Bundle|Freeze-Dry|p1a: Chi-Yu\n|-activate|p1a: Chi-Yu|move: Protect\n|move|p2a: Landorus|Rock Slide|p1a: Chi-Yu|[spread] p1b\n|-activate|p1a: Chi-Yu|move: Protect\n|-resisted|p1b: Gholdengo\n|-damage|p1b: Gholdengo|96\/100\n|move|p1b: Gholdengo|Nasty Plot|p1b: Gholdengo\n|-boost|p1b: Gholdengo|spa|2\n|\n|-heal|p1b: Gholdengo|100\/100|[from] item: Leftovers\n|-damage|p2a: Landorus|88\/100 brn|[from] brn\n|upkeep\n|turn|3\n|inactive|jwtw has 30 seconds left.\n|\n|t:|1699881827\n|switch|p2a: Dipplin|Dipplin, L50, F|100\/100\n|-ability|p2a: Dipplin|Supersweet Syrup\n|-ability|p2a: Dipplin|Supersweet Syrup|boost\n|-unboost|p1a: Chi-Yu|evasion|1\n|-unboost|p1b: Gholdengo|evasion|1\n|move|p2b: Iron Bundle|Hydro Pump|p1a: Chi-Yu\n|-supereffective|p1a: Chi-Yu\n|-damage|p1a: Chi-Yu|0 fnt\n|faint|p1a: Chi-Yu\n|move|p1b: Gholdengo|Make It Rain|p2a: Dipplin|[spread] p2a,p2b\n|-damage|p2a: Dipplin|45\/100\n|-damage|p2b: Iron Bundle|0 fnt\n|-unboost|p1b: Gholdengo|spa|1\n|faint|p2b: Iron Bundle\n|-end|p2b: Iron Bundle|Quark Drive|[silent]\n|\n|upkeep\n|\n|t:|1699881845\n|switch|p2b: Chi-Yu|Chi-Yu, L50|100\/100\n|switch|p1a: Tornadus|Tornadus, L50, M|100\/100\n|-ability|p2b: Chi-Yu|Beads of Ruin\n|turn|4\n|\n|t:|1699881860\n|-terastallize|p1b: Gholdengo|Dragon\n|move|p1a: Tornadus|Tailwind|p1a: Tornadus\n|-sidestart|p1: jwtw|move: Tailwind\n|move|p1b: Gholdengo|Make It Rain|p2b: Chi-Yu|[spread] p2a,p2b\n|-resisted|p2b: Chi-Yu\n|-damage|p2a: Dipplin|0 fnt\n|-damage|p2b: Chi-Yu|63\/100\n|-unboost|p1b: Gholdengo|spa|1\n|faint|p2a: Dipplin\n|move|p2b: Chi-Yu|Heat Wave|p1b: Gholdengo|[spread] p1a,p1b\n|-resisted|p1b: Gholdengo\n|-damage|p1a: Tornadus|44\/100\n|-damage|p1b: Gholdengo|79\/100\n|\n|-heal|p1b: Gholdengo|85\/100|[from] item: Leftovers\n|upkeep\n|\n|t:|1699881877\n|switch|p2a: Landorus|Landorus-Therian, L50, M|88\/100 brn\n|-ability|p2a: Landorus|Intimidate|boost\n|-unboost|p1a: Tornadus|atk|1\n|-unboost|p1b: Gholdengo|atk|1\n|turn|5\n|-message|syiha forfeited.\n|\n|win|jwtw\n|raw|jwtw's rating: 1255 &rarr; <strong>1277<\/strong><br \/>(+22 for winning)\n|raw|syiha's rating: 1211 &rarr; <strong>1189<\/strong><br \/>(-22 for losing)\n|l|\u2606syiha\n","uploadtime":1699881957,"views":26,"p1id":"jwtw","p2id":"syiha","formatid":"gen9vgc2023regulatione","rating":1189,"private":0,"password":""}