{"id":"gen9vgc2023regulatione-1995402449","p1":"Refanner","p2":"jamirolol","format":"[Gen 9] VGC 2023 Regulation E","log":"|j|\u2606Refanner\n|j|\u2606jamirolol\n|t:|1700566076\n|gametype|doubles\n|player|p1|Refanner|265|1368\n|player|p2|jamirolol|2|1285\n|teamsize|p1|6\n|teamsize|p2|6\n|gen|9\n|tier|[Gen 9] VGC 2023 Regulation E\n|rated|\n|rule|Species Clause: Limit one of each Pok\u00e9mon\n|rule|Item Clause: Limit one of each item\n|clearpoke\n|poke|p1|Glimmora, L50, F|\n|poke|p1|Urshifu-*, L50, F|\n|poke|p1|Tornadus, L50, M|\n|poke|p1|Mamoswine, L50, F|\n|poke|p1|Indeedee-F, L50, F|\n|poke|p1|Regieleki, L50|\n|poke|p2|Farigiraf, L50, M|\n|poke|p2|Landorus, L50, M|\n|poke|p2|Urshifu-*, L50, M|\n|poke|p2|Heatran, L50, M|\n|poke|p2|Iron Bundle, L50|\n|poke|p2|Rillaboom, L50, M|\n|teampreview|4\n|inactive|Battle timer is ON: inactive players will automatically lose when time's up. (requested by jamirolol)\n|\n|t:|1700566171\n|start\n|switch|p1a: Regieleki|Regieleki, L50|100\/100\n|switch|p1b: Urshifu|Urshifu, L50, F|100\/100\n|switch|p2a: Iron Bundle|Iron Bundle, L50|100\/100\n|switch|p2b: Urshifu|Urshifu, L50, M|100\/100\n|-enditem|p2a: Iron Bundle|Booster Energy\n|-activate|p2a: Iron Bundle|ability: Quark Drive|[fromitem]\n|-start|p2a: Iron Bundle|quarkdrivespe\n|turn|1\n|inactive|Refanner has 30 seconds left.\n|inactive|jamirolol has 30 seconds left.\n|inactive|Refanner has 20 seconds left.\n|inactive|jamirolol has 20 seconds left.\n|inactive|Refanner has 15 seconds left.\n|inactive|jamirolol has 15 seconds left.\n|inactive|Refanner has 10 seconds left.\n|inactive|Refanner has 5 seconds left.\n|inactive|jamirolol has 10 seconds left.\n|\n|t:|1700566228\n|move|p1a: Regieleki|Electroweb|p2b: Urshifu|[spread] p2a,p2b\n|-supereffective|p2a: Iron Bundle\n|-damage|p2a: Iron Bundle|34\/100\n|-damage|p2b: Urshifu|69\/100\n|-unboost|p2a: Iron Bundle|spe|1\n|-unboost|p2b: Urshifu|spe|1\n|move|p2a: Iron Bundle|Icy Wind|p1a: Regieleki|[spread] p1a,p1b\n|-damage|p1a: Regieleki|74\/100\n|-damage|p1b: Urshifu|78\/100\n|-unboost|p1a: Regieleki|spe|1\n|-unboost|p1b: Urshifu|spe|1\n|move|p1b: Urshifu|Substitute|p1b: Urshifu\n|-start|p1b: Urshifu|Substitute\n|-damage|p1b: Urshifu|54\/100\n|move|p2b: Urshifu|Close Combat|p1b: Urshifu\n|-supereffective|p1b: Urshifu\n|-end|p1b: Urshifu|Substitute\n|-unboost|p2b: Urshifu|def|1\n|-unboost|p2b: Urshifu|spd|1\n|\n|upkeep\n|turn|2\n|inactive|Refanner has 30 seconds left.\n|inactive|jamirolol has 30 seconds left.\n|\n|t:|1700566260\n|move|p2a: Iron Bundle|Protect|p2a: Iron Bundle\n|-singleturn|p2a: Iron Bundle|Protect\n|move|p2b: Urshifu|Sucker Punch|p1a: Regieleki\n|-damage|p1a: Regieleki|6\/100\n|move|p1a: Regieleki|Electroweb|p2a: Iron Bundle|[spread] p2b\n|-activate|p2a: Iron Bundle|move: Protect\n|-damage|p2b: Urshifu|16\/100\n|-unboost|p2b: Urshifu|spe|1\n|move|p1b: Urshifu|Close Combat|p2b: Urshifu\n|-supereffective|p2b: Urshifu\n|-crit|p2b: Urshifu\n|-damage|p2b: Urshifu|0 fnt\n|-unboost|p1b: Urshifu|def|1\n|-unboost|p1b: Urshifu|spd|1\n|faint|p2b: Urshifu\n|\n|upkeep\n|\n|t:|1700566266\n|switch|p2b: Rillaboom|Rillaboom, L50, M|100\/100\n|-fieldstart|move: Grassy Terrain|[from] ability: Grassy Surge|[of] p2b: Rillaboom\n|turn|3\n|\n|t:|1700566282\n|switch|p1b: Indeedee|Indeedee-F, L50, F|100\/100\n|-fieldstart|move: Psychic Terrain|[from] ability: Psychic Surge|[of] p1b: Indeedee\n|-enditem|p1b: Indeedee|Psychic Seed\n|-boost|p1b: Indeedee|spd|1|[from] item: Psychic Seed\n|move|p1a: Regieleki|Electroweb|p2b: Rillaboom|[spread] p2a,p2b\n|-supereffective|p2a: Iron Bundle\n|-resisted|p2b: Rillaboom\n|-damage|p2a: Iron Bundle|0 fnt\n|-damage|p2b: Rillaboom|86\/100\n|-unboost|p2b: Rillaboom|spe|1\n|faint|p2a: Iron Bundle\n|-end|p2a: Iron Bundle|Quark Drive|[silent]\n|move|p2b: Rillaboom|Grassy Glide|p1a: Regieleki\n|-damage|p1a: Regieleki|0 fnt\n|faint|p1a: Regieleki\n|\n|upkeep\n|\n|t:|1700566304\n|switch|p1a: Mamoswine|Mamoswine, L50, F|100\/100\n|switch|p2a: Landorus|Landorus, L50, M|100\/100\n|turn|4\n|\n|t:|1700566325\n|-terastallize|p2a: Landorus|Poison\n|move|p1a: Mamoswine|Protect|p1a: Mamoswine\n|-singleturn|p1a: Mamoswine|Protect\n|move|p1b: Indeedee|Protect|p1b: Indeedee\n|-singleturn|p1b: Indeedee|Protect\n|move|p2a: Landorus|Sandsear Storm|p1a: Mamoswine|[spread] \n|-activate|p1a: Mamoswine|move: Protect\n|-activate|p1b: Indeedee|move: Protect\n|move|p2b: Rillaboom|Wood Hammer|p1a: Mamoswine\n|-activate|p1a: Mamoswine|move: Protect\n|\n|upkeep\n|turn|5\n|\n|t:|1700566340\n|move|p1b: Indeedee|Follow Me|p1b: Indeedee\n|-singleturn|p1b: Indeedee|move: Follow Me\n|move|p2a: Landorus|Sandsear Storm|p1a: Mamoswine|[spread] p1a,p1b\n|-damage|p1a: Mamoswine|22\/100\n|-damage|p1b: Indeedee|59\/100\n|move|p1a: Mamoswine|High Horsepower|p2a: Landorus\n|-supereffective|p2a: Landorus\n|-damage|p2a: Landorus|0 fnt\n|faint|p2a: Landorus\n|-damage|p1a: Mamoswine|12\/100|[from] item: Life Orb\n|move|p2b: Rillaboom|Wood Hammer|p1b: Indeedee\n|-damage|p1b: Indeedee|0 fnt\n|faint|p1b: Indeedee\n|-damage|p2b: Rillaboom|69\/100|[from] Recoil\n|\n|upkeep\n|\n|t:|1700566354\n|switch|p1b: Urshifu|Urshifu, L50, F|54\/100\n|turn|6\n|\n|t:|1700566362\n|move|p1b: Urshifu|Wicked Blow|p2b: Rillaboom\n|-crit|p2b: Rillaboom\n|-damage|p2b: Rillaboom|7\/100\n|move|p1a: Mamoswine|Icicle Crash|p2b: Rillaboom\n|-supereffective|p2b: Rillaboom\n|-damage|p2b: Rillaboom|0 fnt\n|faint|p2b: Rillaboom\n|-damage|p1a: Mamoswine|2\/100|[from] item: Life Orb\n|\n|win|Refanner\n|raw|Refanner's rating: 1368 &rarr; <strong>1383<\/strong><br \/>(+15 for winning)\n|raw|jamirolol's rating: 1285 &rarr; <strong>1266<\/strong><br \/>(-19 for losing)\n|l|\u2606jamirolol\n","uploadtime":1700566372,"views":10,"p1id":"refanner","p2id":"jamirolol","formatid":"gen9vgc2023regulatione","rating":1266,"private":0,"password":""}