{"id":"gen9vgc2023regulatione-1988472651","p1":"AWOLxSick","p2":"BlindMagneton","format":"[Gen 9] VGC 2023 Regulation E","log":"|j|\u2606AWOLxSick\n|j|\u2606BlindMagneton\n|t:|1699726627\n|gametype|doubles\n|player|p1|AWOLxSick|darach-caitlin|1437\n|player|p2|BlindMagneton|wattson|1397\n|teamsize|p1|6\n|teamsize|p2|6\n|gen|9\n|tier|[Gen 9] VGC 2023 Regulation E\n|rated|\n|rule|Species Clause: Limit one of each Pok\u00e9mon\n|rule|Item Clause: Limit one of each item\n|clearpoke\n|poke|p1|Sinistcha, L50|\n|poke|p1|Moltres-Galar, L50|\n|poke|p1|Arcanine-Hisui, L50, F|\n|poke|p1|Milotic, L50, F|\n|poke|p1|Munkidori, L50, M|\n|poke|p1|Iron Hands, L50|\n|poke|p2|Zoroark-Hisui, L50, M|\n|poke|p2|Grimmsnarl, L50, M|\n|poke|p2|Magnezone, L50|\n|poke|p2|Sinistcha, L50|\n|poke|p2|Farigiraf, L50, M|\n|poke|p2|Pelipper, L50, F|\n|teampreview|4\n|\n|t:|1699726711\n|start\n|switch|p1a: Moltres|Moltres-Galar, L50|100\/100\n|switch|p1b: Munkidori|Munkidori, L50, M|100\/100\n|switch|p2a: Grimmsnarl|Grimmsnarl, L50, M|100\/100\n|switch|p2b: Magnezone|Magnezone, L50|100\/100\n|-item|p2a: Grimmsnarl|Covert Cloak|[from] ability: Frisk|[of] p1b: Munkidori|[identify]\n|-item|p2b: Magnezone|Choice Specs|[from] ability: Frisk|[of] p1b: Munkidori|[identify]\n|turn|1\n|\n|t:|1699726750\n|move|p1b: Munkidori|Fake Out|p2b: Magnezone\n|-immune|p2b: Magnezone\n|move|p2a: Grimmsnarl|Fake Out|p1b: Munkidori\n|-damage|p1b: Munkidori|83\/100\n|move|p2b: Magnezone|Trick|p1a: Moltres\n|-activate|p2b: Magnezone|move: Trick|[of] p1a: Moltres\n|-item|p1a: Moltres|Choice Specs|[from] move: Trick\n|-item|p2b: Magnezone|Sitrus Berry|[from] move: Trick\n|move|p1a: Moltres|Nasty Plot|p1a: Moltres\n|-boost|p1a: Moltres|spa|2\n|\n|upkeep\n|turn|2\n|\n|t:|1699726779\n|switch|p1a: Arcanine|Arcanine-Hisui, L50, F|100\/100\n|-ability|p1a: Arcanine|Intimidate|boost\n|-unboost|p2a: Grimmsnarl|atk|1\n|-unboost|p2b: Magnezone|atk|1\n|move|p2a: Grimmsnarl|Parting Shot|p1a: Arcanine\n|-unboost|p1a: Arcanine|atk|1\n|-unboost|p1a: Arcanine|spa|1\n|\n|t:|1699726787\n|switch|p2a: Magnezone|Magnezone, L50|100\/100|[from] Parting Shot\n|move|p2b: Magnezone|Bitter Malice|p1b: Munkidori\n|-supereffective|p1b: Munkidori\n|-damage|p1b: Munkidori|0 fnt\n|faint|p1b: Munkidori\n|\n|upkeep\n|\n|t:|1699726799\n|switch|p1b: Moltres|Moltres-Galar, L50|100\/100\n|turn|3\n|\n|t:|1699726827\n|switch|p2b: Grimmsnarl|Grimmsnarl, L50, M|100\/100\n|-terastallize|p1b: Moltres|Poison\n|move|p2a: Magnezone|Protect|p2a: Magnezone\n|-singleturn|p2a: Magnezone|Protect\n|move|p1a: Arcanine|Flare Blitz|p2a: Magnezone\n|-activate|p2a: Magnezone|move: Protect\n|move|p1b: Moltres|Fiery Wrath|p2a: Magnezone|[spread] p2b\n|-activate|p2a: Magnezone|move: Protect\n|-resisted|p2b: Grimmsnarl\n|-damage|p2b: Grimmsnarl|89\/100\n|\n|upkeep\n|turn|4\n|inactive|Battle timer is ON: inactive players will automatically lose when time's up. (requested by AWOLxSick)\n|inactive|AWOLxSick has 60 seconds left.\n|\n|t:|1699726859\n|-terastallize|p2a: Magnezone|Dragon\n|move|p2b: Grimmsnarl|Fake Out|p1b: Moltres\n|-damage|p1b: Moltres|90\/100\n|move|p1a: Arcanine|Flare Blitz|p2a: Magnezone\n|-resisted|p2a: Magnezone\n|-damage|p2a: Magnezone|76\/100\n|-damage|p1a: Arcanine|93\/100|[from] Recoil\n|cant|p1b: Moltres|flinch\n|move|p2a: Magnezone|Iron Defense|p2a: Magnezone\n|-boost|p2a: Magnezone|def|2\n|\n|-heal|p2a: Magnezone|82\/100|[from] item: Leftovers\n|upkeep\n|turn|5\n|inactive|BlindMagneton has 30 seconds left.\n|inactive|BlindMagneton has 20 seconds left.\n|inactive|BlindMagneton has 15 seconds left.\n|\n|t:|1699726899\n|switch|p1a: Iron Hands|Iron Hands, L50|100\/100\n|move|p2a: Magnezone|Protect|p2a: Magnezone\n|-singleturn|p2a: Magnezone|Protect\n|move|p2b: Grimmsnarl|Parting Shot|p1b: Moltres\n|-unboost|p1b: Moltres|atk|1\n|-unboost|p1b: Moltres|spa|1\n|inactive|BlindMagneton has 30 seconds left.\n|\n|t:|1699726934\n|switch|p2b: Sinistcha|Sinistcha, L50|100\/100|[from] Parting Shot\n|-heal|p2a: Magnezone|100\/100|[from] ability: Hospitality|[of] p2b: Sinistcha\n|move|p1b: Moltres|Fiery Wrath|p2b: Sinistcha|[spread] p2b\n|-activate|p2a: Magnezone|move: Protect\n|-supereffective|p2b: Sinistcha\n|-damage|p2b: Sinistcha|43\/100\n|\n|upkeep\n|turn|6\n|inactive|AWOLxSick has 30 seconds left.\n|inactive|BlindMagneton has 30 seconds left.\n|inactive|BlindMagneton has 20 seconds left.\n|\n|t:|1699726971\n|switch|p2b: Grimmsnarl|Grimmsnarl, L50, M|89\/100\n|move|p1b: Moltres|Fiery Wrath|p2a: Magnezone|[spread] p2a,p2b\n|-resisted|p2b: Grimmsnarl\n|-damage|p2a: Magnezone|70\/100\n|-damage|p2b: Grimmsnarl|82\/100\n|move|p2a: Magnezone|Iron Defense|p2a: Magnezone\n|-boost|p2a: Magnezone|def|2\n|move|p1a: Iron Hands|Volt Switch|p2a: Magnezone\n|-resisted|p2a: Magnezone\n|-damage|p2a: Magnezone|63\/100\n|\n|t:|1699726984\n|-end|p1a: Iron Hands|Quark Drive|[silent]\n|switch|p1a: Arcanine|Arcanine-Hisui, L50, F|93\/100|[from] Volt Switch\n|-ability|p1a: Arcanine|Intimidate|boost\n|-unboost|p2a: Magnezone|atk|1\n|-unboost|p2b: Grimmsnarl|atk|1\n|\n|-heal|p2a: Magnezone|69\/100|[from] item: Leftovers\n|upkeep\n|turn|7\n|\n|t:|1699727001\n|switch|p1b: Iron Hands|Iron Hands, L50|100\/100\n|move|p2b: Grimmsnarl|Fake Out|p1b: Iron Hands\n|-damage|p1b: Iron Hands|95\/100\n|move|p1a: Arcanine|Rock Slide|p2a: Magnezone|[spread] p2a\n|-miss|p1a: Arcanine|p2b: Grimmsnarl\n|-damage|p2a: Magnezone|59\/100\n|cant|p2a: Magnezone|flinch\n|\n|-heal|p2a: Magnezone|65\/100|[from] item: Leftovers\n|upkeep\n|turn|8\n|inactive|AWOLxSick has 30 seconds left.\n|\n|t:|1699727035\n|move|p2b: Grimmsnarl|Thunder Wave|p1a: Arcanine\n|-status|p1a: Arcanine|par\n|move|p2a: Magnezone|Body Press|p1b: Iron Hands\n|-damage|p1b: Iron Hands|43\/100\n|move|p1b: Iron Hands|Wild Charge|p2b: Grimmsnarl\n|-damage|p2b: Grimmsnarl|34\/100\n|-damage|p1b: Iron Hands|33\/100|[from] Recoil\n|cant|p1a: Arcanine|par\n|\n|-heal|p2a: Magnezone|71\/100|[from] item: Leftovers\n|upkeep\n|turn|9\n|inactive|AWOLxSick has 30 seconds left.\n|\n|t:|1699727060\n|move|p2b: Grimmsnarl|Parting Shot|p1b: Iron Hands\n|-unboost|p1b: Iron Hands|atk|1\n|-unboost|p1b: Iron Hands|spa|1\n|\n|t:|1699727075\n|switch|p2b: Sinistcha|Sinistcha, L50|43\/100|[from] Parting Shot\n|-heal|p2a: Magnezone|96\/100|[from] ability: Hospitality|[of] p2b: Sinistcha\n|move|p2a: Magnezone|Body Press|p1a: Arcanine\n|-supereffective|p1a: Arcanine\n|-damage|p1a: Arcanine|0 fnt\n|faint|p1a: Arcanine\n|move|p1b: Iron Hands|Drain Punch|p2a: Magnezone\n|-damage|p2a: Magnezone|89\/100\n|-heal|p1b: Iron Hands|36\/100|[from] drain|[of] p2a: Magnezone\n|\n|-heal|p2a: Magnezone|95\/100|[from] item: Leftovers\n|upkeep\n|\n|t:|1699727085\n|switch|p1a: Moltres|Moltres-Galar, L50, tera:Poison|90\/100\n|turn|10\n|inactive|BlindMagneton has 30 seconds left.\n|\n|t:|1699727114\n|switch|p2b: Sinistcha|Sinistcha, L50|100\/100\n|move|p2a: Magnezone|Protect|p2a: Magnezone\n|-singleturn|p2a: Magnezone|Protect\n|move|p1a: Moltres|Nasty Plot|p1a: Moltres\n|-boost|p1a: Moltres|spa|2\n|move|p1b: Iron Hands|Drain Punch|p2a: Magnezone\n|-activate|p2a: Magnezone|move: Protect\n|\n|-heal|p2a: Magnezone|100\/100|[from] item: Leftovers\n|upkeep\n|turn|11\n|-message|AWOLxSick forfeited.\n|\n|win|BlindMagneton\n|raw|AWOLxSick's rating: 1437 &rarr; <strong>1415<\/strong><br \/>(-22 for losing)\n|raw|BlindMagneton's rating: 1397 &rarr; <strong>1419<\/strong><br \/>(+22 for winning)\n|l|\u2606AWOLxSick\n","uploadtime":1699727135,"views":13,"p1id":"awolxsick","p2id":"blindmagneton","formatid":"gen9vgc2023regulatione","rating":1415,"private":0,"password":""}