{"id":"gen9vgc2023regulatione-1989415945","p1":"GingerPhysics","p2":"previouslynamed","format":"[Gen 9] VGC 2023 Regulation E","log":"|j|\u2606GingerPhysics\n|j|\u2606previouslynamed\n|t:|1699847388\n|gametype|doubles\n|player|p1|GingerPhysics|bellelba|1418\n|player|p2|previouslynamed|ryuki|1491\n|teamsize|p1|6\n|teamsize|p2|6\n|gen|9\n|tier|[Gen 9] VGC 2023 Regulation E\n|rated|\n|rule|Species Clause: Limit one of each Pok\u00e9mon\n|rule|Item Clause: Limit one of each item\n|clearpoke\n|poke|p1|Cresselia, L50, F|\n|poke|p1|Ursaluna, L50, F|\n|poke|p1|Torkoal, L50, M|\n|poke|p1|Flutter Mane, L50|\n|poke|p1|Gyarados, L50, F|\n|poke|p1|Lilligant, L50, F|\n|poke|p2|Indeedee-F, L50, F|\n|poke|p2|Armarouge, L50, F|\n|poke|p2|Ogerpon-Cornerstone, L50, F|\n|poke|p2|Oranguru, L50, M|\n|poke|p2|Enamorus-Therian, L50, F|\n|poke|p2|Ursaluna, L50, F|\n|teampreview|4\n|inactive|Battle timer is ON: inactive players will automatically lose when time's up. (requested by GingerPhysics)\n|inactive|previouslynamed also wants the timer to be on.\n|j| huhinthiseconomy\n|inactive|GingerPhysics has 60 seconds left.\n|\n|t:|1699847438\n|start\n|switch|p1a: Ursaluna|Ursaluna, L50, F|100\/100\n|switch|p1b: Cresselia|Cresselia, L50, F|100\/100\n|switch|p2a: Ogerpon|Ogerpon-Cornerstone, L50, F|100\/100\n|switch|p2b: Oranguru|Oranguru, L50, M, shiny|100\/100\n|turn|1\n|\n|t:|1699847460\n|switch|p2b: Enamorus|Enamorus-Therian, L50, F|100\/100\n|move|p2a: Ogerpon|Taunt|p1b: Cresselia\n|-start|p1b: Cresselia|move: Taunt\n|-enditem|p1b: Cresselia|Mental Herb\n|-end|p1b: Cresselia|move: Taunt\n|move|p1b: Cresselia|Ice Beam|p2a: Ogerpon\n|-supereffective|p2a: Ogerpon\n|-damage|p2a: Ogerpon|58\/100\n|move|p1a: Ursaluna|Swords Dance|p1a: Ursaluna\n|-boost|p1a: Ursaluna|atk|2\n|\n|-status|p1a: Ursaluna|brn|[from] item: Flame Orb\n|upkeep\n|turn|2\n|inactive|GingerPhysics has 30 seconds left.\n|\n|t:|1699847488\n|-terastallize|p2b: Enamorus|Fairy\n|move|p2a: Ogerpon|Follow Me|p2a: Ogerpon\n|-singleturn|p2a: Ogerpon|move: Follow Me\n|move|p1a: Ursaluna|Facade|p2a: Ogerpon\n|-resisted|p2a: Ogerpon\n|-damage|p2a: Ogerpon|0 fnt\n|faint|p2a: Ogerpon\n|move|p2b: Enamorus|Dazzling Gleam|p1a: Ursaluna|[spread] p1a,p1b\n|-damage|p1a: Ursaluna|38\/100 brn\n|-damage|p1b: Cresselia|56\/100\n|move|p1b: Cresselia|Trick Room|p1b: Cresselia\n|-fieldstart|move: Trick Room|[of] p1b: Cresselia\n|\n|-damage|p1a: Ursaluna|32\/100 brn|[from] brn\n|upkeep\n|\n|t:|1699847502\n|switch|p2a: Oranguru|Oranguru, L50, M, shiny|100\/100\n|turn|3\n|\n|t:|1699847512\n|switch|p1b: Torkoal|Torkoal, L50, M|100\/100\n|-weather|SunnyDay|[from] ability: Drought|[of] p1b: Torkoal\n|move|p1a: Ursaluna|Protect|p1a: Ursaluna\n|-singleturn|p1a: Ursaluna|Protect\n|move|p2b: Enamorus|Dazzling Gleam|p1b: Torkoal|[spread] p1b\n|-activate|p1a: Ursaluna|move: Protect\n|-resisted|p1b: Torkoal\n|-damage|p1b: Torkoal|69\/100\n|move|p2a: Oranguru|Instruct|p2b: Enamorus\n|-singleturn|p2b: Enamorus|move: Instruct|[of] p2a: Oranguru\n|move|p2b: Enamorus|Dazzling Gleam|p1b: Torkoal|[spread] p1b\n|-activate|p1a: Ursaluna|move: Protect\n|-resisted|p1b: Torkoal\n|-damage|p1b: Torkoal|37\/100\n|\n|-weather|SunnyDay|[upkeep]\n|-damage|p1a: Ursaluna|26\/100 brn|[from] brn\n|upkeep\n|turn|4\n|inactive|GingerPhysics has 30 seconds left.\n|\n|t:|1699847541\n|-terastallize|p1b: Torkoal|Fire\n|move|p1b: Torkoal|Heat Wave|p2b: Enamorus|[spread] p2a,p2b\n|-damage|p2a: Oranguru|53\/100\n|-damage|p2b: Enamorus|41\/100\n|move|p2b: Enamorus|Dazzling Gleam|p1a: Ursaluna|[spread] p1a,p1b\n|-resisted|p1b: Torkoal\n|-crit|p1b: Torkoal\n|-damage|p1a: Ursaluna|0 fnt\n|-damage|p1b: Torkoal|0 fnt\n|faint|p1a: Ursaluna\n|faint|p1b: Torkoal\n|move|p2a: Oranguru|Instruct|p2b: Enamorus\n|-singleturn|p2b: Enamorus|move: Instruct|[of] p2a: Oranguru\n|move|p2b: Enamorus|Dazzling Gleam|p1: Ursaluna|[notarget]\n|-fail|p2b: Enamorus\n|\n|-weather|SunnyDay|[upkeep]\n|upkeep\n|\n|t:|1699847557\n|switch|p1b: Flutter Mane|Flutter Mane, L50|100\/100\n|switch|p1a: Cresselia|Cresselia, L50, F|56\/100\n|-activate|p1b: Flutter Mane|ability: Protosynthesis\n|-start|p1b: Flutter Mane|protosynthesisspe\n|turn|5\n|\n|t:|1699847578\n|move|p2b: Enamorus|Dazzling Gleam|p1a: Cresselia|[spread] p1a,p1b\n|-crit|p1a: Cresselia\n|-damage|p1a: Cresselia|0 fnt\n|-damage|p1b: Flutter Mane|23\/100\n|faint|p1a: Cresselia\n|move|p2a: Oranguru|Instruct|p2b: Enamorus\n|-singleturn|p2b: Enamorus|move: Instruct|[of] p2a: Oranguru\n|move|p2b: Enamorus|Dazzling Gleam|p1b: Flutter Mane\n|-crit|p1b: Flutter Mane\n|-damage|p1b: Flutter Mane|0 fnt\n|faint|p1b: Flutter Mane\n|-end|p1b: Flutter Mane|Protosynthesis|[silent]\n|\n|win|previouslynamed\n|raw|GingerPhysics's rating: 1418 &rarr; <strong>1402<\/strong><br \/>(-16 for losing)\n|raw|previouslynamed's rating: 1491 &rarr; <strong>1507<\/strong><br \/>(+16 for winning)\n|l|\u2606GingerPhysics\n","uploadtime":1699847589,"views":8,"p1id":"gingerphysics","p2id":"previouslynamed","formatid":"gen9vgc2023regulatione","rating":1402,"private":0,"password":""}