{"id":"gen9vgc2023regulatione-1992725155","p1":"Shibatku","p2":"thicc slowpoke","format":"[Gen 9] VGC 2023 Regulation E","log":"|j|\u2606Shibatku\n|j|\u2606thicc slowpoke\n|t:|1700229467\n|gametype|doubles\n|player|p1|Shibatku|byron|1177\n|player|p2|thicc slowpoke|1|1170\n|teamsize|p1|6\n|teamsize|p2|6\n|gen|9\n|tier|[Gen 9] VGC 2023 Regulation E\n|rated|\n|rule|Species Clause: Limit one of each Pok\u00e9mon\n|rule|Item Clause: Limit one of each item\n|clearpoke\n|poke|p1|Indeedee-F, L50, F|\n|poke|p1|Urshifu-*, L50, M|\n|poke|p1|Ursaluna-Bloodmoon, L50, M|\n|poke|p1|Tornadus, L50, M|\n|poke|p1|Armarouge, L50, F|\n|poke|p1|Flutter Mane, L50|\n|poke|p2|Chien-Pao, L50|\n|poke|p2|Flutter Mane, L50|\n|poke|p2|Maushold-Four, L50|\n|poke|p2|Urshifu-*, L50, F|\n|poke|p2|Thundurus-Therian, L50, M|\n|poke|p2|Rillaboom, L50, F|\n|teampreview|4\n|inactive|Battle timer is ON: inactive players will automatically lose when time's up. (requested by Shibatku)\n|\n|t:|1700229531\n|start\n|switch|p1a: Tornadus|Tornadus, L50, M|100\/100\n|switch|p1b: Urshifu|Urshifu-Rapid-Strike, L50, M|100\/100\n|switch|p2a: Rillaboom|Rillaboom, L50, F|100\/100\n|switch|p2b: Maushold|Maushold-Four, L50|100\/100\n|-fieldstart|move: Grassy Terrain|[from] ability: Grassy Surge|[of] p2a: Rillaboom\n|turn|1\n|inactive|Shibatku has 30 seconds left.\n|inactive|thicc slowpoke has 30 seconds left.\n|\n|t:|1700229566\n|move|p1b: Urshifu|Protect|p1b: Urshifu\n|-singleturn|p1b: Urshifu|Protect\n|move|p2a: Rillaboom|Fake Out|p1b: Urshifu\n|-activate|p1b: Urshifu|move: Protect\n|move|p2b: Maushold|Population Bomb|p1b: Urshifu\n|-activate|p1b: Urshifu|move: Protect\n|move|p1a: Tornadus|Bleakwind Storm|p2b: Maushold|[spread] p2a,p2b\n|-supereffective|p2a: Rillaboom\n|-damage|p2a: Rillaboom|17\/100\n|-damage|p2b: Maushold|52\/100\n|\n|-heal|p2b: Maushold|58\/100|[from] Grassy Terrain\n|-heal|p2a: Rillaboom|23\/100|[from] Grassy Terrain\n|upkeep\n|turn|2\n|inactive|Shibatku has 30 seconds left.\n|inactive|Shibatku has 20 seconds left.\n|\n|t:|1700229603\n|-terastallize|p1b: Urshifu|Poison\n|move|p1a: Tornadus|Tailwind|p1a: Tornadus\n|-sidestart|p1: Shibatku|move: Tailwind\n|move|p2a: Rillaboom|Grassy Glide|p1b: Urshifu\n|-resisted|p1b: Urshifu\n|-damage|p1b: Urshifu|75\/100\n|move|p1b: Urshifu|Surging Strikes|p2b: Maushold\n|-crit|p2b: Maushold\n|-damage|p2b: Maushold|12\/100\n|-crit|p2b: Maushold\n|-damage|p2b: Maushold|0 fnt\n|faint|p2b: Maushold\n|-hitcount|p2: Maushold|2\n|\n|-heal|p1b: Urshifu|81\/100|[from] Grassy Terrain\n|-heal|p2a: Rillaboom|29\/100|[from] Grassy Terrain\n|upkeep\n|\n|t:|1700229618\n|switch|p2b: Urshifu|Urshifu-Rapid-Strike, L50, F|100\/100\n|turn|3\n|inactive|Shibatku has 30 seconds left.\n|\n|t:|1700229647\n|switch|p2a: Thundurus|Thundurus-Therian, L50, M|100\/100\n|-terastallize|p2b: Urshifu|Water\n|move|p1a: Tornadus|Grass Knot|p2b: Urshifu\n|-supereffective|p2b: Urshifu\n|-crit|p2b: Urshifu\n|-damage|p2b: Urshifu|4\/100\n|move|p1b: Urshifu|Surging Strikes|p2a: Thundurus\n|-crit|p2a: Thundurus\n|-damage|p2a: Thundurus|73\/100\n|-crit|p2a: Thundurus\n|-damage|p2a: Thundurus|48\/100\n|-crit|p2a: Thundurus\n|-damage|p2a: Thundurus|19\/100\n|-hitcount|p2a: Thundurus|3\n|move|p2b: Urshifu|Surging Strikes|p1b: Urshifu\n|-crit|p1b: Urshifu\n|-damage|p1b: Urshifu|52\/100\n|-crit|p1b: Urshifu\n|-damage|p1b: Urshifu|19\/100\n|-crit|p1b: Urshifu\n|-damage|p1b: Urshifu|0 fnt\n|faint|p1b: Urshifu\n|-hitcount|p1: Urshifu|3\n|\n|-heal|p2b: Urshifu|10\/100|[from] Grassy Terrain\n|upkeep\n|inactive|Shibatku has 30 seconds left.\n|\n|t:|1700229674\n|switch|p1b: Ursaluna|Ursaluna-Bloodmoon, L50, M|100\/100\n|turn|4\n|\n|t:|1700229689\n|move|p2b: Urshifu|Detect|p2b: Urshifu\n|-singleturn|p2b: Urshifu|Protect\n|move|p1a: Tornadus|Bleakwind Storm|p2a: Thundurus|[spread] p2a\n|-activate|p2b: Urshifu|move: Protect\n|-resisted|p2a: Thundurus\n|-damage|p2a: Thundurus|6\/100\n|-unboost|p2a: Thundurus|spe|1\n|move|p1b: Ursaluna|Hyper Voice|p2a: Thundurus|[spread] p2a\n|-activate|p2b: Urshifu|move: Protect\n|-damage|p2a: Thundurus|0 fnt\n|faint|p2a: Thundurus\n|-enditem|p1b: Ursaluna|Throat Spray\n|-boost|p1b: Ursaluna|spa|1|[from] item: Throat Spray\n|\n|-heal|p2b: Urshifu|16\/100|[from] Grassy Terrain\n|upkeep\n|\n|t:|1700229703\n|switch|p2a: Rillaboom|Rillaboom, L50, F|29\/100\n|turn|5\n|inactive|Shibatku has 30 seconds left.\n|\n|t:|1700229729\n|move|p2a: Rillaboom|Fake Out|p1a: Tornadus\n|-damage|p1a: Tornadus|85\/100\n|move|p1a: Tornadus|Bleakwind Storm|p2a: Rillaboom|[spread] p2a\n|-miss|p1a: Tornadus|p2b: Urshifu\n|-supereffective|p2a: Rillaboom\n|-damage|p2a: Rillaboom|0 fnt\n|faint|p2a: Rillaboom\n|move|p1b: Ursaluna|Hyper Voice|p2b: Urshifu\n|-crit|p2b: Urshifu\n|-damage|p2b: Urshifu|0 fnt\n|faint|p2b: Urshifu\n|\n|win|Shibatku\n|raw|Shibatku's rating: 1177 &rarr; <strong>1201<\/strong><br \/>(+24 for winning)\n|raw|thicc slowpoke's rating: 1170 &rarr; <strong>1146<\/strong><br \/>(-24 for losing)\n|l|\u2606thicc slowpoke\n|l|\u2606Shibatku\n|j|\u2606Shibatku\n|player|p1|Shibatku|byron\n","uploadtime":1700229850,"views":13,"p1id":"shibatku","p2id":"thiccslowpoke","formatid":"gen9vgc2023regulatione","rating":1146,"private":0,"password":""}