{"id":"gen9vgc2023regulatione-1999121268","p1":"Solomon88","p2":"AyanoVGC","format":"[Gen 9] VGC 2023 Regulation E","log":"|j|\u2606Solomon88\n|j|\u2606AyanoVGC\n|t:|1701035407\n|gametype|doubles\n|player|p1|Solomon88|1|1138\n|player|p2|AyanoVGC|iris-gen5bw2|1168\n|teamsize|p1|6\n|teamsize|p2|6\n|gen|9\n|tier|[Gen 9] VGC 2023 Regulation E\n|rated|\n|rule|Species Clause: Limit one of each Pok\u00e9mon\n|rule|Item Clause: Limit one of each item\n|clearpoke\n|poke|p1|Dondozo, L50, F|\n|poke|p1|Ting-Lu, L50|\n|poke|p1|Tatsugiri, L50, F|\n|poke|p1|Ogerpon-Wellspring, L50, F|\n|poke|p1|Sableye, L50, F|\n|poke|p1|Iron Hands, L50|\n|poke|p2|Iron Hands, L50|\n|poke|p2|Weezing, L50, F|\n|poke|p2|Milotic, L50, M|\n|poke|p2|Flutter Mane, L50|\n|poke|p2|Amoonguss, L50, F|\n|poke|p2|Arcanine-Hisui, L50, M|\n|teampreview|4\n|inactive|Battle timer is ON: inactive players will automatically lose when time's up. (requested by Solomon88)\n|inactive|Solomon88 has 60 seconds left.\n|\n|t:|1701035455\n|start\n|switch|p1a: Ting-Lu|Ting-Lu, L50|100\/100\n|switch|p1b: Dondozo|Dondozo, L50, F|100\/100\n|switch|p2a: Weezing|Weezing, L50, F, shiny|100\/100\n|switch|p2b: Aubrey|Flutter Mane, L50|100\/100\n|-ability|p2a: Weezing|Neutralizing Gas\n|turn|1\n|inactive|AyanoVGC has 30 seconds left.\n|\n|t:|1701035490\n|-terastallize|p1a: Ting-Lu|Poison\n|move|p2b: Aubrey|Moonblast|p1b: Dondozo\n|-damage|p1b: Dondozo|56\/100\n|-unboost|p1b: Dondozo|spa|1\n|move|p2a: Weezing|Will-O-Wisp|p1b: Dondozo\n|-status|p1b: Dondozo|brn\n|move|p1a: Ting-Lu|Stealth Rock|p2b: Aubrey\n|-sidestart|p2: AyanoVGC|move: Stealth Rock\n|move|p1b: Dondozo|Yawn|p2a: Weezing\n|-start|p2a: Weezing|move: Yawn|[of] p1b: Dondozo\n|\n|-heal|p1b: Dondozo|62\/100 brn|[from] item: Leftovers\n|-damage|p1b: Dondozo|56\/100 brn|[from] brn\n|upkeep\n|turn|2\n|inactive|Solomon88 has 30 seconds left.\n|inactive|AyanoVGC has 30 seconds left.\n|inactive|Solomon88 has 20 seconds left.\n|inactive|AyanoVGC has 20 seconds left.\n|inactive|Solomon88 has 15 seconds left.\n|inactive|AyanoVGC has 15 seconds left.\n|\n|t:|1701035535\n|-end|p2b: Aubrey|Protosynthesis|[silent]\n|switch|p2b: Amoonguss|Amoonguss, L50, F, shiny|100\/100\n|-damage|p2b: Amoonguss|88\/100|[from] Stealth Rock\n|move|p2a: Weezing|Will-O-Wisp|p1a: Ting-Lu|[miss]\n|-miss|p2a: Weezing|p1a: Ting-Lu\n|move|p1a: Ting-Lu|Earthquake|p2a: Weezing|[spread] p1b,p2a,p2b\n|-supereffective|p2a: Weezing\n|-crit|p2b: Amoonguss\n|-damage|p1b: Dondozo|40\/100 brn\n|-damage|p2a: Weezing|52\/100\n|-damage|p2b: Amoonguss|54\/100\n|move|p1b: Dondozo|Wave Crash|p2a: Weezing\n|-damage|p2a: Weezing|34\/100\n|-enditem|p2a: Weezing|Sitrus Berry|[eat]\n|-heal|p2a: Weezing|59\/100|[from] item: Sitrus Berry\n|-damage|p1b: Dondozo|35\/100 brn|[from] Recoil\n|\n|-heal|p1b: Dondozo|42\/100 brn|[from] item: Leftovers\n|-damage|p1b: Dondozo|35\/100 brn|[from] brn\n|-end|p2a: Weezing|move: Yawn|[silent]\n|-status|p2a: Weezing|slp\n|upkeep\n|turn|3\n|n|!AyanoVGC|ayanovgc\n|inactive|Solomon88 has 30 seconds left.\n|inactive|AyanoVGC has 30 seconds left.\n|\n|t:|1701035568\n|cant|p2a: Weezing|slp\n|move|p1b: Dondozo|Protect|p1b: Dondozo\n|-singleturn|p1b: Dondozo|Protect\n|move|p1a: Ting-Lu|Earthquake|p2a: Weezing|[spread] p2a,p2b\n|-activate|p1b: Dondozo|move: Protect\n|-supereffective|p2a: Weezing\n|-damage|p2a: Weezing|10\/100 slp\n|-damage|p2b: Amoonguss|31\/100\n|move|p2b: Amoonguss|Spore|p1a: Ting-Lu\n|-status|p1a: Ting-Lu|slp|[from] move: Spore\n|\n|-heal|p1b: Dondozo|42\/100 brn|[from] item: Leftovers\n|-damage|p1b: Dondozo|35\/100 brn|[from] brn\n|upkeep\n|turn|4\n|\n|t:|1701035593\n|cant|p2a: Weezing|slp\n|cant|p1a: Ting-Lu|slp\n|move|p1b: Dondozo|Wave Crash|p2a: Weezing\n|-damage|p2a: Weezing|0 fnt\n|faint|p2a: Weezing\n|-end|p2a: Weezing|ability: Neutralizing Gas\n|-ability|p1a: Ting-Lu|Vessel of Ruin\n|-damage|p1b: Dondozo|33\/100 brn|[from] Recoil\n|move|p2b: Amoonguss|Pollen Puff|p2: Weezing|[notarget]\n|-fail|p2b: Amoonguss\n|\n|-heal|p1b: Dondozo|39\/100 brn|[from] item: Leftovers\n|-damage|p1b: Dondozo|33\/100 brn|[from] brn\n|upkeep\n|\n|t:|1701035607\n|switch|p2a: Arcanine|Arcanine-Hisui, L50, M|100\/100\n|-damage|p2a: Arcanine|76\/100|[from] Stealth Rock\n|-ability|p2a: Arcanine|Intimidate|boost\n|-unboost|p1a: Ting-Lu|atk|1\n|-unboost|p1b: Dondozo|atk|1\n|turn|5\n|\n|t:|1701035631\n|switch|p1a: Tatsugiri|Tatsugiri, L50, F|100\/100\n|-activate|p1a: Tatsugiri|ability: Commander|[of] p1b: Dondozo\n|-boost|p1b: Dondozo|atk|2\n|-boost|p1b: Dondozo|spa|2\n|-boost|p1b: Dondozo|spe|2\n|-boost|p1b: Dondozo|def|2\n|-boost|p1b: Dondozo|spd|2\n|-terastallize|p2a: Arcanine|Fairy\n|move|p2a: Arcanine|Rock Slide|p1a: Tatsugiri|[spread] p1b\n|-miss|p2a: Arcanine|p1a: Tatsugiri\n|-crit|p1b: Dondozo\n|-damage|p1b: Dondozo|0 fnt\n|faint|p1b: Dondozo\n|move|p2b: Amoonguss|Pollen Puff|p2a: Arcanine\n|-heal|p2a: Arcanine|100\/100\n|\n|-status|p1a: Tatsugiri|tox|[from] item: Toxic Orb\n|upkeep\n|\n|t:|1701035654\n|switch|p1b: Ting-Lu|Ting-Lu, L50, tera:Poison|100\/100 slp\n|-ability|p1b: Ting-Lu|Vessel of Ruin\n|turn|6\n|\n|t:|1701035672\n|move|p2a: Arcanine|Rock Slide|p1b: Ting-Lu|[spread] p1a,p1b\n|-damage|p1a: Tatsugiri|25\/100 tox\n|-damage|p1b: Ting-Lu|79\/100 slp\n|move|p1a: Tatsugiri|Draco Meteor|p2b: Amoonguss\n|-damage|p2b: Amoonguss|0 fnt\n|-unboost|p1a: Tatsugiri|spa|2\n|faint|p2b: Amoonguss\n|cant|p1b: Ting-Lu|slp\n|\n|-damage|p1a: Tatsugiri|19\/100 tox|[from] psn\n|upkeep\n|\n|t:|1701035683\n|switch|p2b: Aubrey|Flutter Mane, L50|100\/100\n|-damage|p2b: Aubrey|88\/100|[from] Stealth Rock\n|turn|7\n|\n|t:|1701035696\n|move|p2b: Aubrey|Shadow Ball|p1b: Ting-Lu\n|-damage|p1b: Ting-Lu|54\/100 slp\n|move|p2a: Arcanine|Rock Slide|p1a: Tatsugiri|[spread] p1a\n|-miss|p2a: Arcanine|p1b: Ting-Lu\n|-damage|p1a: Tatsugiri|0 fnt\n|faint|p1a: Tatsugiri\n|-curestatus|p1b: Ting-Lu|slp|[msg]\n|move|p1b: Ting-Lu|Tera Blast|p2b: Aubrey|[anim] Tera Blast Poison\n|-damage|p2b: Aubrey|39\/100\n|\n|upkeep\n|\n|t:|1701035708\n|switch|p1a: Ogerpon|Ogerpon-Wellspring, L50, F|100\/100\n|turn|8\n|inactive|Solomon88 has 30 seconds left.\n|\n|t:|1701035739\n|move|p1a: Ogerpon|Spiky Shield|p1a: Ogerpon\n|-singleturn|p1a: Ogerpon|move: Protect\n|move|p2b: Aubrey|Shadow Ball|p1a: Ogerpon\n|-activate|p1a: Ogerpon|move: Protect\n|move|p2a: Arcanine|Rock Slide|p1a: Ogerpon|[spread] p1b\n|-activate|p1a: Ogerpon|move: Protect\n|-damage|p1b: Ting-Lu|31\/100\n|move|p1b: Ting-Lu|Earthquake|p2b: Aubrey|[spread] p2a,p2b\n|-activate|p1a: Ogerpon|move: Protect\n|-damage|p2a: Arcanine|68\/100\n|-damage|p2b: Aubrey|0 fnt\n|faint|p2b: Aubrey\n|-end|p2b: Aubrey|Protosynthesis|[silent]\n|\n|upkeep\n|turn|9\n|\n|t:|1701035761\n|move|p2a: Arcanine|Rock Slide|p1b: Ting-Lu|[spread] p1a\n|-miss|p2a: Arcanine|p1b: Ting-Lu\n|-damage|p1a: Ogerpon|65\/100\n|move|p1a: Ogerpon|Ivy Cudgel|p2a: Arcanine|[anim] Ivy Cudgel Water\n|-damage|p2a: Arcanine|3\/100\n|move|p1b: Ting-Lu|Tera Blast|p2a: Arcanine|[anim] Tera Blast Poison\n|-supereffective|p2a: Arcanine\n|-crit|p2a: Arcanine\n|-damage|p2a: Arcanine|0 fnt\n|faint|p2a: Arcanine\n|\n|win|Solomon88\n|raw|Solomon88's rating: 1138 &rarr; <strong>1165<\/strong><br \/>(+27 for winning)\n|raw|AyanoVGC's rating: 1168 &rarr; <strong>1141<\/strong><br \/>(-27 for losing)\n","uploadtime":1701035546,"views":2,"p1id":"solomon88","p2id":"ayanovgc","formatid":"gen9vgc2023regulatione","rating":1141,"private":0,"password":""}