{"id":"gen9vgc2023regulatione-1998677970","p1":"That_Leek","p2":"juacox300","format":"[Gen 9] VGC 2023 Regulation E","log":"|j|\u2606That_Leek\n|j|\u2606juacox300\n|t:|1700971271\n|gametype|doubles\n|player|p1|That_Leek|blue-masters|1523\n|player|p2|juacox300|unknown|1682\n|teamsize|p1|6\n|teamsize|p2|6\n|gen|9\n|tier|[Gen 9] VGC 2023 Regulation E\n|rated|\n|rule|Species Clause: Limit one of each Pok\u00e9mon\n|rule|Item Clause: Limit one of each item\n|clearpoke\n|poke|p1|Gholdengo, L50|\n|poke|p1|Ogerpon-Wellspring, L50, F|\n|poke|p1|Arcanine-Hisui, L50, M|\n|poke|p1|Chien-Pao, L50|\n|poke|p1|Scream Tail, L50|\n|poke|p1|Dragonite, L50, F|\n|poke|p2|Milotic, L50, F|\n|poke|p2|Vikavolt, L50, F|\n|poke|p2|Iron Hands, L50|\n|poke|p2|Ursaluna, L50, M|\n|poke|p2|Ogerpon-Hearthflame, L50, F|\n|poke|p2|Urshifu-*, L50, M|\n|teampreview|4\nThat_Leek has agreed to open team sheets.\n|\n|t:|1700971309\n|start\n|switch|p1a: Ogerpon|Ogerpon-Wellspring, L50, F|100\/100\n|switch|p1b: Scream Tail|Scream Tail, L50|100\/100\n|switch|p2a: Ogerpon|Ogerpon-Hearthflame, L50, F|100\/100\n|switch|p2b: Milotic|Milotic, L50, F, shiny|100\/100\n|-ability|p2a: Ogerpon|Mold Breaker\n|-enditem|p1b: Scream Tail|Booster Energy\n|-activate|p1b: Scream Tail|ability: Protosynthesis|[fromitem]\n|-start|p1b: Scream Tail|protosynthesisspe\n|turn|1\n|\n|t:|1700971338\n|switch|p2b: Iron Hands|Iron Hands, L50|100\/100\n|move|p1b: Scream Tail|Thunder Wave|p2a: Ogerpon\n|-status|p2a: Ogerpon|par\n|move|p1a: Ogerpon|Horn Leech|p2b: Iron Hands\n|-damage|p2b: Iron Hands|72\/100\n|move|p2a: Ogerpon|Ivy Cudgel|p1a: Ogerpon|[anim] Ivy Cudgel Fire\n|-damage|p1a: Ogerpon|43\/100\n|\n|upkeep\n|turn|2\n|\n|t:|1700971350\n|move|p1a: Ogerpon|Spiky Shield|p1a: Ogerpon\n|-singleturn|p1a: Ogerpon|move: Protect\n|move|p1b: Scream Tail|Howl|p1b: Scream Tail|[spread] p1a,p1b\n|-boost|p1a: Ogerpon|atk|1\n|-boost|p1b: Scream Tail|atk|1\n|move|p2a: Ogerpon|Ivy Cudgel|p1a: Ogerpon|[anim] Ivy Cudgel Fire\n|-activate|p1a: Ogerpon|move: Protect\n|move|p2b: Iron Hands|Heavy Slam|p1b: Scream Tail\n|-supereffective|p1b: Scream Tail\n|-damage|p1b: Scream Tail|34\/100\n|\n|upkeep\n|turn|3\n|\n|t:|1700971396\n|-terastallize|p1a: Ogerpon|Water\n|detailschange|p1a: Ogerpon|Ogerpon-Wellspring-Tera, L50, F, tera:Water\n|-ability|p1a: Ogerpon|Embody Aspect (Wellspring)|boost\n|-boost|p1a: Ogerpon|spd|1\n|move|p1b: Scream Tail|Disable|p2a: Ogerpon\n|-start|p2a: Ogerpon|Disable|Ivy Cudgel\n|move|p1a: Ogerpon|Ivy Cudgel|p2b: Iron Hands|[anim] Ivy Cudgel Water\n|-damage|p2b: Iron Hands|0 fnt\n|faint|p2b: Iron Hands\n|-end|p2b: Iron Hands|Quark Drive|[silent]\n|cant|p2a: Ogerpon|Disable|Ivy Cudgel\n|\n|upkeep\n|\n|t:|1700971413\n|switch|p2b: Milotic|Milotic, L50, F, shiny|100\/100\n|turn|4\n|\n|t:|1700971447\n|-terastallize|p2b: Milotic|Dragon\n|move|p1a: Ogerpon|Spiky Shield|p1a: Ogerpon\n|-singleturn|p1a: Ogerpon|move: Protect\n|move|p1b: Scream Tail|Thunder Wave|p2b: Milotic\n|-status|p2b: Milotic|par\n|move|p2a: Ogerpon|Horn Leech|p1a: Ogerpon\n|-activate|p1a: Ogerpon|move: Protect\n|-damage|p2a: Ogerpon|88\/100 par|[from] Spiky Shield|[of] p1a: Ogerpon\n|move|p2b: Milotic|Scald|p1b: Scream Tail\n|-damage|p1b: Scream Tail|12\/100\n|-status|p1b: Scream Tail|brn\n|\n|-damage|p1b: Scream Tail|6\/100 brn|[from] brn\n|upkeep\n|turn|5\n|\n|t:|1700971462\n|move|p1b: Scream Tail|Disable|p2b: Milotic\n|-start|p2b: Milotic|Disable|Scald\n|move|p1a: Ogerpon|Ivy Cudgel|p2a: Ogerpon|[anim] Ivy Cudgel Water\n|-damage|p2a: Ogerpon|0 fnt\n|faint|p2a: Ogerpon\n|cant|p2b: Milotic|Disable|Scald\n|\n|-damage|p1b: Scream Tail|0 fnt|[from] brn\n|faint|p1b: Scream Tail\n|-end|p1b: Scream Tail|Protosynthesis|[silent]\n|upkeep\n|\n|t:|1700971470\n|switch|p2a: Urshifu|Urshifu-Rapid-Strike, L50, M|100\/100\n|switch|p1b: Dragonite|Dragonite, L50, F|100\/100\n|turn|6\n|\n|t:|1700971482\n|move|p2a: Urshifu|Ice Spinner|p1b: Dragonite\n|-supereffective|p1b: Dragonite\n|-crit|p1b: Dragonite\n|-damage|p1b: Dragonite|0 fnt\n|faint|p1b: Dragonite\n|move|p1a: Ogerpon|Horn Leech|p2a: Urshifu\n|-supereffective|p2a: Urshifu\n|-damage|p2a: Urshifu|0 fnt\n|-heal|p1a: Ogerpon|90\/100|[from] drain|[of] p2a: Urshifu\n|faint|p2a: Urshifu\n|cant|p2b: Milotic|par\n|\n|upkeep\n|\n|t:|1700971485\n|switch|p1b: Arcanine|Arcanine-Hisui, L50, M|100\/100\n|-ability|p1b: Arcanine|Intimidate|boost\n|-unboost|p2b: Milotic|atk|1\n|-ability|p2b: Milotic|Competitive|boost\n|-boost|p2b: Milotic|spa|2\n|turn|7\n|\n|t:|1700971492\n|move|p2b: Milotic|Protect|p2b: Milotic\n|-singleturn|p2b: Milotic|Protect\n|move|p1b: Arcanine|Rock Slide|p2b: Milotic\n|-activate|p2b: Milotic|move: Protect\n|move|p1a: Ogerpon|Ivy Cudgel|p2b: Milotic|[anim] Ivy Cudgel Water\n|-activate|p2b: Milotic|move: Protect\n|\n|upkeep\n|turn|8\n|\n|t:|1700971501\n|move|p1b: Arcanine|Rock Slide|p2b: Milotic\n|-damage|p2b: Milotic|54\/100 par\n|move|p1a: Ogerpon|Ivy Cudgel|p2b: Milotic|[anim] Ivy Cudgel Water\n|-resisted|p2b: Milotic\n|-damage|p2b: Milotic|8\/100 par\n|move|p2b: Milotic|Ice Beam|p1a: Ogerpon\n|-resisted|p1a: Ogerpon\n|-damage|p1a: Ogerpon|76\/100\n|\n|-heal|p2b: Milotic|14\/100 par|[from] item: Leftovers\n|-end|p2b: Milotic|Disable\n|upkeep\n|turn|9\n|\n|t:|1700971511\n|move|p1b: Arcanine|Rock Slide|p2b: Milotic\n|-crit|p2b: Milotic\n|-damage|p2b: Milotic|0 fnt\n|faint|p2b: Milotic\n|\n|win|That_Leek\n|raw|That_Leek's rating: 1542 &rarr; <strong>1570<\/strong><br \/>(+28 for winning)\n|raw|juacox300's rating: 1682 &rarr; <strong>1654<\/strong><br \/>(-28 for losing)\n|l|\u2606juacox300\n","uploadtime":1700971532,"views":2,"p1id":"thatleek","p2id":"juacox300","formatid":"gen9vgc2023regulatione","rating":1570,"private":0,"password":""}