{"id":"gen9vgc2023regulatione-1992773248","p1":"casper6_14","p2":"bankai25","format":"[Gen 9] VGC 2023 Regulation E","log":"|j|\u2606casper6_14\n|j|\u2606bankai25\n|t:|1700234185\n|gametype|doubles\n|player|p1|casper6_14|102|1162\n|player|p2|bankai25|169|1155\n|teamsize|p1|6\n|teamsize|p2|6\n|gen|9\n|tier|[Gen 9] VGC 2023 Regulation E\n|rated|\n|rule|Species Clause: Limit one of each Pok\u00e9mon\n|rule|Item Clause: Limit one of each item\n|clearpoke\n|poke|p1|Fezandipiti, L50, M|\n|poke|p1|Haxorus, L50, F|\n|poke|p1|Kingambit, L50, M|\n|poke|p1|Arcanine-Hisui, L50, F|\n|poke|p1|Heatran, L50, F|\n|poke|p1|Gholdengo, L50|\n|poke|p2|Skeledirge, L50, F|\n|poke|p2|Quaquaval, L50, M|\n|poke|p2|Oranguru, L50, F|\n|poke|p2|Espathra, L50, M|\n|poke|p2|Farigiraf, L50, M|\n|poke|p2|Clefairy, L50, F|\n|teampreview|4\n|\n|t:|1700234210\n|start\n|switch|p1a: Fezandipiti|Fezandipiti, L50, M|100\/100\n|switch|p1b: Arcanine|Arcanine-Hisui, L50, F|100\/100\n|switch|p2a: Quaquaval|Quaquaval, L50, M|100\/100\n|switch|p2b: Oranguru|Oranguru, L50, F|100\/100\n|turn|1\n|inactive|Battle timer is ON: inactive players will automatically lose when time's up. (requested by bankai25)\n|\n|t:|1700234225\n|move|p1a: Fezandipiti|Icy Wind|p2b: Oranguru|[spread] p2a,p2b\n|-resisted|p2a: Quaquaval\n|-damage|p2a: Quaquaval|95\/100\n|-damage|p2b: Oranguru|96\/100\n|-unboost|p2a: Quaquaval|spe|1\n|-unboost|p2b: Oranguru|spe|1\n|-status|p2a: Quaquaval|tox|[from] ability: Toxic Chain|[of] p1a: Fezandipiti\n|-status|p2b: Oranguru|tox|[from] ability: Toxic Chain|[of] p1a: Fezandipiti\n|move|p1b: Arcanine|Rock Slide|p2a: Quaquaval|[spread] p2a,p2b\n|-resisted|p2a: Quaquaval\n|-damage|p2a: Quaquaval|76\/100 tox\n|-damage|p2b: Oranguru|66\/100 tox\n|cant|p2a: Quaquaval|flinch\n|move|p2b: Oranguru|Instruct||[still]\n|-fail|p2b: Oranguru\n|\n|-damage|p2a: Quaquaval|70\/100 tox|[from] psn\n|-damage|p2b: Oranguru|60\/100 tox|[from] psn\n|upkeep\n|turn|2\n|\n|t:|1700234248\n|move|p1a: Fezandipiti|Icy Wind|p2b: Oranguru|[spread] p2a,p2b\n|-resisted|p2a: Quaquaval\n|-damage|p2a: Quaquaval|65\/100 tox\n|-damage|p2b: Oranguru|55\/100 tox\n|-unboost|p2a: Quaquaval|spe|1\n|-unboost|p2b: Oranguru|spe|1\n|move|p1b: Arcanine|Rock Slide|p2b: Oranguru|[spread] p2a,p2b\n|-resisted|p2a: Quaquaval\n|-damage|p2a: Quaquaval|47\/100 tox\n|-damage|p2b: Oranguru|27\/100 tox\n|cant|p2a: Quaquaval|flinch\n|move|p2b: Oranguru|Instruct||[still]\n|-fail|p2b: Oranguru\n|\n|-damage|p2a: Quaquaval|34\/100 tox|[from] psn\n|-damage|p2b: Oranguru|15\/100 tox|[from] psn\n|upkeep\n|-enditem|p2b: Oranguru|Iapapa Berry|[eat]\n|-heal|p2b: Oranguru|48\/100 tox|[from] item: Iapapa Berry\n|turn|3\n|\n|t:|1700234270\n|move|p1a: Fezandipiti|Icy Wind|p2a: Quaquaval|[spread] p2a,p2b\n|-resisted|p2a: Quaquaval\n|-damage|p2a: Quaquaval|29\/100 tox\n|-damage|p2b: Oranguru|43\/100 tox\n|-unboost|p2a: Quaquaval|spe|1\n|-unboost|p2b: Oranguru|spe|1\n|move|p1b: Arcanine|Rock Slide|p2a: Quaquaval|[spread] p2a,p2b\n|-resisted|p2a: Quaquaval\n|-damage|p2a: Quaquaval|11\/100 tox\n|-damage|p2b: Oranguru|10\/100 tox\n|cant|p2a: Quaquaval|flinch\n|move|p2b: Oranguru|Instruct||[still]\n|-fail|p2b: Oranguru\n|\n|-damage|p2a: Quaquaval|0 fnt|[from] psn\n|faint|p2a: Quaquaval\n|-damage|p2b: Oranguru|0 fnt|[from] psn\n|faint|p2b: Oranguru\n|upkeep\n|c|\u2606casper6_14|IM SO SORRY\ud83d\ude2d\n|\n|t:|1700234294\n|switch|p2a: Skeledirge|Skeledirge, L50, F|100\/100\n|switch|p2b: Clefairy|Clefairy, L50, F|100\/100\n|turn|4\n|\n|t:|1700234309\n|move|p1a: Fezandipiti|Icy Wind|p2a: Skeledirge|[spread] p2a,p2b\n|-resisted|p2a: Skeledirge\n|-damage|p2a: Skeledirge|98\/100\n|-damage|p2b: Clefairy|96\/100\n|-unboost|p2a: Skeledirge|spe|1\n|-unboost|p2b: Clefairy|spe|1\n|-status|p2b: Clefairy|tox|[from] ability: Toxic Chain|[of] p1a: Fezandipiti\n|move|p1b: Arcanine|Rock Slide|p2a: Skeledirge|[spread] p2a,p2b\n|-supereffective|p2a: Skeledirge\n|-damage|p2a: Skeledirge|63\/100\n|-damage|p2b: Clefairy|65\/100 tox\n|move|p2a: Skeledirge|Torch Song|p1a: Fezandipiti\n|-damage|p1a: Fezandipiti|70\/100\n|-boost|p2a: Skeledirge|spa|1\n|-enditem|p2a: Skeledirge|Throat Spray\n|-boost|p2a: Skeledirge|spa|1|[from] item: Throat Spray\n|move|p2b: Clefairy|Life Dew|p2b: Clefairy|[spread] p2a,p2b\n|-heal|p2a: Skeledirge|89\/100\n|-heal|p2b: Clefairy|90\/100 tox\n|\n|-damage|p2b: Clefairy|84\/100 tox|[from] psn\n|upkeep\n|turn|5\n|\n|t:|1700234334\n|move|p2b: Clefairy|Protect|p2b: Clefairy\n|-singleturn|p2b: Clefairy|Protect\n|move|p1a: Fezandipiti|Icy Wind|p2b: Clefairy|[spread] p2a\n|-activate|p2b: Clefairy|move: Protect\n|-resisted|p2a: Skeledirge\n|-damage|p2a: Skeledirge|86\/100\n|-unboost|p2a: Skeledirge|spe|1\n|move|p1b: Arcanine|Rock Slide|p2b: Clefairy|[spread] p2a\n|-activate|p2b: Clefairy|move: Protect\n|-supereffective|p2a: Skeledirge\n|-damage|p2a: Skeledirge|47\/100\n|cant|p2a: Skeledirge|flinch\n|\n|-damage|p2b: Clefairy|72\/100 tox|[from] psn\n|upkeep\n|turn|6\n|-message|bankai25 forfeited.\n|\n|win|casper6_14\n|raw|casper6_14's rating: 1162 &rarr; <strong>1186<\/strong><br \/>(+24 for winning)\n|raw|bankai25's rating: 1155 &rarr; <strong>1131<\/strong><br \/>(-24 for losing)\n|l|\u2606bankai25\n","uploadtime":1700234353,"views":15,"p1id":"casper614","p2id":"bankai25","formatid":"gen9vgc2023regulatione","rating":1131,"private":0,"password":""}