{"id":"gen9vgc2023regulatione-1988699547","p1":"MidnightV2","p2":"Sliy","format":"[Gen 9] VGC 2023 Regulation E","log":"|j|\u2606MidnightV2\n|j|\u2606Sliy\n|n|\u2606MidnightV2|midnightv2\n|n|\u2606Sliy|sliy\n|html|View the match progress at <a href=\"\/game-bestof3-gen9vgc2023regulatione-1988694093\">game-bestof3-gen9vgc2023regulatione-1988694093<\/a>\n|t:|1699752193\n|gametype|doubles\n|player|p1|MidnightV2|steven|\n|player|p2|Sliy|2|\n|teamsize|p1|6\n|teamsize|p2|6\n|gen|9\n|tier|[Gen 9] VGC 2023 Regulation E\n|rule|Species Clause: Limit one of each Pok\u00e9mon\n|rule|Item Clause: Limit one of each item\n|clearpoke\n|poke|p1|Flutter Mane, L50|\n|poke|p1|Chi-Yu, L50|\n|poke|p1|Goodra-Hisui, L50, F|\n|poke|p1|Ursaluna-Bloodmoon, L50, M|\n|poke|p1|Vikavolt, L50, F|\n|poke|p1|Gyarados, L50, M|\n|poke|p2|Mimikyu, L50, M|\n|poke|p2|Meowscarada, L50, F|\n|poke|p2|Corviknight, L50, M|\n|poke|p2|Ogerpon-Wellspring, L50, F|\n|poke|p2|Zoroark-Hisui, L50, M|\n|poke|p2|Great Tusk, L50|\n|teampreview|4\n|\n|t:|1699752212\n|start\n|switch|p1a: Chi-Yu|Chi-Yu, L50|100\/100\n|switch|p1b: Vikavolt|Vikavolt, L50, F, shiny|100\/100\n|switch|p2a: CRY|Ogerpon-Wellspring, L50, F|100\/100\n|switch|p2b: SPD|Meowscarada, L50, F|100\/100\n|-ability|p1a: Chi-Yu|Beads of Ruin\n|turn|1\n|\n|t:|1699752268\n|-terastallize|p2a: CRY|Water\n|detailschange|p2a: CRY|Ogerpon-Wellspring-Tera, L50, F, tera:Water\n|-ability|p2a: CRY|Embody Aspect (Wellspring)|boost\n|-boost|p2a: CRY|spd|1\n|move|p1a: Chi-Yu|Heat Wave|p2a: CRY|[spread] p2a,p2b\n|-resisted|p2a: CRY\n|-damage|p2a: CRY|82\/100\n|-damage|p2b: SPD|0 fnt\n|replace|p2b: ICY|Zoroark-Hisui, L50, M, shiny\n|-end|p2b: ICY|Illusion\n|faint|p2b: ICY\n|move|p2a: CRY|Ivy Cudgel|p1a: Chi-Yu\n|-supereffective|p1a: Chi-Yu\n|-crit|p1a: Chi-Yu\n|-damage|p1a: Chi-Yu|0 fnt\n|faint|p1a: Chi-Yu\n|move|p1b: Vikavolt|Bug Buzz|p2a: CRY\n|-damage|p2a: CRY|23\/100\n|-damage|p1b: Vikavolt|91\/100|[from] item: Life Orb\n|\n|upkeep\n|\n|t:|1699752290\n|switch|p2b: SPD|Meowscarada, L50, F|100\/100\n|switch|p1a: Flutter Mane|Flutter Mane, L50|100\/100\n|-enditem|p1a: Flutter Mane|Booster Energy\n|-activate|p1a: Flutter Mane|ability: Protosynthesis|[fromitem]\n|-start|p1a: Flutter Mane|protosynthesisspa\n|turn|2\n|\n|t:|1699752327\n|move|p1a: Flutter Mane|Protect|p1a: Flutter Mane\n|-singleturn|p1a: Flutter Mane|Protect\n|move|p2a: CRY|Spiky Shield|p2a: CRY\n|-singleturn|p2a: CRY|move: Protect\n|move|p2b: SPD|U-turn|p1b: Vikavolt\n|-start|p2b: SPD|typechange|Bug|[from] ability: Protean\n|-damage|p1b: Vikavolt|55\/100\n|\n|t:|1699752335\n|switch|p2b: BIG|Great Tusk, L50|100\/100|[from] U-turn\n|-enditem|p2b: BIG|Booster Energy\n|-activate|p2b: BIG|ability: Protosynthesis|[fromitem]\n|-start|p2b: BIG|protosynthesisatk\n|move|p1b: Vikavolt|Bug Buzz|p2b: BIG\n|-resisted|p2b: BIG\n|-damage|p2b: BIG|57\/100\n|-damage|p1b: Vikavolt|45\/100|[from] item: Life Orb\n|\n|upkeep\n|turn|3\n|\n|t:|1699752367\n|move|p1a: Flutter Mane|Shadow Ball|p2b: BIG\n|-damage|p2b: BIG|0 fnt\n|faint|p2b: BIG\n|-end|p2b: BIG|Protosynthesis|[silent]\n|move|p2a: CRY|Horn Leech|p1a: Flutter Mane\n|-damage|p1a: Flutter Mane|4\/100\n|-heal|p2a: CRY|64\/100|[from] drain|[of] p1a: Flutter Mane\n|move|p1b: Vikavolt|Bug Buzz|p2a: CRY\n|-damage|p2a: CRY|11\/100\n|-damage|p1b: Vikavolt|36\/100|[from] item: Life Orb\n|\n|upkeep\n|\n|t:|1699752376\n|switch|p2b: SPD|Meowscarada, L50, F|100\/100\n|turn|4\n|\n|t:|1699752434\n|move|p1a: Flutter Mane|Protect|p1a: Flutter Mane\n|-singleturn|p1a: Flutter Mane|Protect\n|move|p2b: SPD|Flower Trick|p1a: Flutter Mane\n|-start|p2b: SPD|typechange|Grass|[from] ability: Protean\n|-activate|p1a: Flutter Mane|move: Protect\n|move|p2a: CRY|Ivy Cudgel|p1b: Vikavolt\n|-damage|p1b: Vikavolt|0 fnt\n|faint|p1b: Vikavolt\n|\n|upkeep\n|\n|t:|1699752444\n|switch|p1b: Ursaluna|Ursaluna-Bloodmoon, L50, M|100\/100\n|turn|5\n|\n|t:|1699752484\n|move|p2a: CRY|Spiky Shield|p2a: CRY\n|-singleturn|p2a: CRY|move: Protect\n|move|p2b: SPD|Flower Trick|p1a: Flutter Mane\n|-crit|p1a: Flutter Mane\n|-damage|p1a: Flutter Mane|0 fnt\n|faint|p1a: Flutter Mane\n|-end|p1a: Flutter Mane|Protosynthesis|[silent]\n|move|p1b: Ursaluna|Blood Moon|p2b: SPD\n|-damage|p2b: SPD|0 fnt\n|faint|p2b: SPD\n|\n|upkeep\n|turn|6\n|\n|t:|1699752512\n|move|p1b: Ursaluna|Protect|p1b: Ursaluna\n|-singleturn|p1b: Ursaluna|Protect\n|move|p2a: CRY|Ivy Cudgel|p1b: Ursaluna\n|-activate|p1b: Ursaluna|move: Protect\n|\n|upkeep\n|turn|7\n|\n|t:|1699752531\n|move|p1b: Ursaluna|Vacuum Wave|p2a: CRY\n|-damage|p2a: CRY|0 fnt\n|faint|p2a: CRY\n|\n|win|MidnightV2\n","uploadtime":1699752780,"views":13,"p1id":"midnightv2","p2id":"sliy","formatid":"gen9vgc2023regulatione","rating":0,"private":0,"password":""}