{"id":"gen9vgc2023regulatione-1996528647","p1":"CHAMPNIZER","p2":"slimejrlegit","format":"[Gen 9] VGC 2023 Regulation E","log":"|j|\u2606CHAMPNIZER\n|j|\u2606slimejrlegit\n|t:|1700690956\n|gametype|doubles\n|player|p1|CHAMPNIZER|swimmer|1266\n|player|p2|slimejrlegit|170|1297\n|teamsize|p1|6\n|teamsize|p2|6\n|gen|9\n|tier|[Gen 9] VGC 2023 Regulation E\n|rated|\n|rule|Species Clause: Limit one of each Pok\u00e9mon\n|rule|Item Clause: Limit one of each item\n|clearpoke\n|poke|p1|Ogerpon, L50, F|\n|poke|p1|Rillaboom, L50, F|\n|poke|p1|Landorus-Therian, L50, M|\n|poke|p1|Iron Bundle, L50|\n|poke|p1|Volcarona, L50, F|\n|poke|p1|Annihilape, L50, M|\n|poke|p2|Baxcalibur, L50, M|\n|poke|p2|Brute Bonnet, L50|\n|poke|p2|Ceruledge, L50, M|\n|poke|p2|Enamorus, L50, F|\n|poke|p2|Tatsugiri, L50, F|\n|poke|p2|Regieleki, L50|\n|teampreview|4\n|inactive|Battle timer is ON: inactive players will automatically lose when time's up. (requested by slimejrlegit)\n|inactive|CHAMPNIZER has 60 seconds left.\n|inactive|CHAMPNIZER has 30 seconds left.\n|inactive|CHAMPNIZER has 20 seconds left.\n|inactive|CHAMPNIZER has 15 seconds left.\n|\n|t:|1700691051\n|start\n|switch|p1a: Rillaboom|Rillaboom, L50, F|100\/100\n|switch|p1b: Ogerpon|Ogerpon, L50, F|100\/100\n|switch|p2a: Baxcalibur|Baxcalibur, L50, M|100\/100\n|switch|p2b: Brute Bonnet|Brute Bonnet, L50|100\/100\n|-fieldstart|move: Grassy Terrain|[from] ability: Grassy Surge|[of] p1a: Rillaboom\n|-enditem|p2b: Brute Bonnet|Booster Energy\n|-activate|p2b: Brute Bonnet|ability: Protosynthesis|[fromitem]\n|-start|p2b: Brute Bonnet|protosynthesisspd\n|turn|1\n|\n|t:|1700691066\n|move|p2a: Baxcalibur|Protect|p2a: Baxcalibur\n|-singleturn|p2a: Baxcalibur|Protect\n|move|p1a: Rillaboom|Fake Out|p2a: Baxcalibur\n|-activate|p2a: Baxcalibur|move: Protect\n|move|p1b: Ogerpon|U-turn|p2b: Brute Bonnet\n|-supereffective|p2b: Brute Bonnet\n|-damage|p2b: Brute Bonnet|0 fnt\n|faint|p2b: Brute Bonnet\n|-end|p2b: Brute Bonnet|Protosynthesis|[silent]\n|\n|t:|1700691075\n|switch|p1b: Volcarona|Volcarona, L50, F|100\/100|[from] U-turn\n|\n|upkeep\n|\n|t:|1700691077\n|switch|p2b: Ceruledge|Ceruledge, L50, M|100\/100\n|turn|2\n|inactive|slimejrlegit has 30 seconds left.\n|\n|t:|1700691108\n|move|p1b: Volcarona|Rage Powder|p1b: Volcarona\n|-singleturn|p1b: Volcarona|move: Rage Powder\n|move|p2a: Baxcalibur|Swords Dance|p2a: Baxcalibur\n|-boost|p2a: Baxcalibur|atk|2\n|move|p1a: Rillaboom|Wood Hammer|p2a: Baxcalibur\n|-resisted|p2a: Baxcalibur\n|-damage|p2a: Baxcalibur|68\/100\n|-damage|p1a: Rillaboom|89\/100|[from] Recoil\n|move|p2b: Ceruledge|Poltergeist|p1b: Volcarona\n|-activate|p1b: Volcarona|move: Poltergeist|Sitrus Berry\n|-damage|p1b: Volcarona|44\/100\n|-enditem|p1b: Volcarona|Sitrus Berry|[eat]\n|-heal|p1b: Volcarona|69\/100|[from] item: Sitrus Berry\n|\n|-heal|p1b: Volcarona|75\/100|[from] Grassy Terrain\n|-heal|p1a: Rillaboom|95\/100|[from] Grassy Terrain\n|-heal|p2a: Baxcalibur|73\/100|[from] Grassy Terrain\n|upkeep\n|turn|3\n|inactive|CHAMPNIZER has 30 seconds left.\n|inactive|slimejrlegit has 30 seconds left.\n|inactive|CHAMPNIZER has 20 seconds left.\n|inactive|CHAMPNIZER has 15 seconds left.\n|inactive|CHAMPNIZER has 10 seconds left.\n|inactive|CHAMPNIZER has 5 seconds left.\n|\n|t:|1700691163\n|move|p2a: Baxcalibur|Protect|p2a: Baxcalibur\n|-singleturn|p2a: Baxcalibur|Protect\n|move|p1b: Volcarona|Heat Wave|p2b: Ceruledge|[spread] \n|-activate|p2a: Baxcalibur|move: Protect\n|-start|p2b: Ceruledge|ability: Flash Fire\n|move|p1a: Rillaboom|Wood Hammer|p2b: Ceruledge\n|-resisted|p2b: Ceruledge\n|-damage|p2b: Ceruledge|57\/100\n|-damage|p1a: Rillaboom|82\/100|[from] Recoil\n|move|p2b: Ceruledge|Bitter Blade|p1a: Rillaboom\n|-supereffective|p1a: Rillaboom\n|-damage|p1a: Rillaboom|0 fnt\n|-heal|p2b: Ceruledge|100\/100|[from] drain|[of] p1a: Rillaboom\n|faint|p1a: Rillaboom\n|\n|-heal|p1b: Volcarona|81\/100|[from] Grassy Terrain\n|-heal|p2a: Baxcalibur|79\/100|[from] Grassy Terrain\n|upkeep\n|\n|t:|1700691171\n|switch|p1a: Ogerpon|Ogerpon, L50, F|100\/100\n|turn|4\n|inactive|slimejrlegit has 30 seconds left.\n|\n|t:|1700691205\n|move|p2a: Baxcalibur|Protect||[still]\n|-fail|p2a: Baxcalibur\n|move|p1b: Volcarona|Rage Powder|p1b: Volcarona\n|-singleturn|p1b: Volcarona|move: Rage Powder\n|move|p1a: Ogerpon|Stomping Tantrum|p2b: Ceruledge\n|-supereffective|p2b: Ceruledge\n|-damage|p2b: Ceruledge|8\/100\n|move|p2b: Ceruledge|Bitter Blade|p1b: Volcarona\n|-damage|p1b: Volcarona|8\/100\n|-heal|p2b: Ceruledge|47\/100|[from] drain|[of] p1b: Volcarona\n|\n|-heal|p1b: Volcarona|14\/100|[from] Grassy Terrain\n|-heal|p2a: Baxcalibur|85\/100|[from] Grassy Terrain\n|-heal|p2b: Ceruledge|53\/100|[from] Grassy Terrain\n|upkeep\n|turn|5\n|\n|t:|1700691229\n|move|p1b: Volcarona|Rage Powder|p1b: Volcarona\n|-singleturn|p1b: Volcarona|move: Rage Powder\n|move|p2b: Ceruledge|Shadow Sneak|p1b: Volcarona\n|-damage|p1b: Volcarona|0 fnt\n|faint|p1b: Volcarona\n|move|p1a: Ogerpon|Stomping Tantrum|p2b: Ceruledge\n|-supereffective|p2b: Ceruledge\n|-damage|p2b: Ceruledge|0 fnt\n|faint|p2b: Ceruledge\n|move|p2a: Baxcalibur|Swords Dance|p2a: Baxcalibur\n|-boost|p2a: Baxcalibur|atk|2\n|\n|-heal|p2a: Baxcalibur|91\/100|[from] Grassy Terrain\n|-fieldend|move: Grassy Terrain\n|upkeep\n|\n|t:|1700691240\n|switch|p1b: Iron Bundle|Iron Bundle, L50|100\/100\n|switch|p2b: Tatsugiri|Tatsugiri, L50, F|100\/100\n|-enditem|p1b: Iron Bundle|Booster Energy\n|-activate|p1b: Iron Bundle|ability: Quark Drive|[fromitem]\n|-start|p1b: Iron Bundle|quarkdrivespe\n|turn|6\n|inactive|slimejrlegit has 30 seconds left.\n|\n|t:|1700691267\n|-terastallize|p2b: Tatsugiri|Dragon\n|move|p1b: Iron Bundle|Freeze-Dry|p2b: Tatsugiri\n|-supereffective|p2b: Tatsugiri\n|-damage|p2b: Tatsugiri|5\/100\n|move|p2b: Tatsugiri|Draco Meteor|p1b: Iron Bundle\n|-damage|p1b: Iron Bundle|0 fnt\n|-unboost|p2b: Tatsugiri|spa|2\n|faint|p1b: Iron Bundle\n|-end|p1b: Iron Bundle|Quark Drive|[silent]\n|move|p1a: Ogerpon|Stomping Tantrum|p2a: Baxcalibur\n|-damage|p2a: Baxcalibur|53\/100\n|move|p2a: Baxcalibur|Glaive Rush|p1a: Ogerpon\n|-damage|p1a: Ogerpon|0 fnt\n|-singlemove|p2a: Baxcalibur|Glaive Rush|[silent]\n|faint|p1a: Ogerpon\n|\n|win|slimejrlegit\n|raw|CHAMPNIZER's rating: 1266 &rarr; <strong>1243<\/strong><br \/>(-23 for losing)\n|raw|slimejrlegit's rating: 1297 &rarr; <strong>1320<\/strong><br \/>(+23 for winning)\n","uploadtime":1700691297,"views":13,"p1id":"champnizer","p2id":"slimejrlegit","formatid":"gen9vgc2023regulatione","rating":1243,"private":0,"password":""}