{"id":"gen9vgc2023regulatione-1995732841","p1":"secretstudent","p2":"MangosCarlsen","format":"[Gen 9] VGC 2023 Regulation E","log":"|j|\u2606secretstudent\n|j|\u2606MangosCarlsen\n|t:|1700598048\n|gametype|doubles\n|player|p1|secretstudent|beauty|1084\n|player|p2|MangosCarlsen|170|1122\n|teamsize|p1|6\n|teamsize|p2|6\n|gen|9\n|tier|[Gen 9] VGC 2023 Regulation E\n|rated|\n|rule|Species Clause: Limit one of each Pok\u00e9mon\n|rule|Item Clause: Limit one of each item\n|clearpoke\n|poke|p1|Chien-Pao, L50|\n|poke|p1|Amoonguss, L50, M|\n|poke|p1|Hatterene, L50, F|\n|poke|p1|Gyarados, L50, F|\n|poke|p1|Volcarona, L50, F|\n|poke|p1|Ogerpon, L50, F|\n|poke|p2|Ninetales-Alola, L50, F|\n|poke|p2|Tornadus, L50, M|\n|poke|p2|Ogerpon-Wellspring, L50, F|\n|poke|p2|Landorus-Therian, L50, M|\n|poke|p2|Heatran, L50, M|\n|poke|p2|Pawmot, L50, F|\n|teampreview|4\nsecretstudent rejected open team sheets.\n|\n|t:|1700598107\n|start\n|switch|p1a: Ogerpon|Ogerpon, L50, F|100\/100\n|switch|p1b: Hatterene|Hatterene, L50, F|100\/100\n|switch|p2a: Ninetales|Ninetales-Alola, L50, F|100\/100\n|switch|p2b: Heatran|Heatran, L50, M|100\/100\n|-weather|Snow|[from] ability: Snow Warning|[of] p2a: Ninetales\n|turn|1\n|\n|t:|1700598144\n|-terastallize|p2b: Heatran|Fairy\n|move|p1a: Ogerpon|Stomping Tantrum|p2b: Heatran\n|-damage|p2b: Heatran|70\/100\n|-damage|p1a: Ogerpon|91\/100|[from] item: Life Orb\n|move|p2a: Ninetales|Aurora Veil|p2a: Ninetales\n|-sidestart|p2: MangosCarlsen|move: Aurora Veil\n|move|p2b: Heatran|Heat Wave|p1b: Hatterene|[spread] p1a,p1b\n|-supereffective|p1a: Ogerpon\n|-damage|p1a: Ogerpon|0 fnt\n|-damage|p1b: Hatterene|54\/100\n|faint|p1a: Ogerpon\n|move|p1b: Hatterene|Trick Room|p1b: Hatterene\n|-fieldstart|move: Trick Room|[of] p1b: Hatterene\n|\n|-weather|Snow|[upkeep]\n|-heal|p2b: Heatran|76\/100|[from] item: Leftovers\n|upkeep\n|\n|t:|1700598156\n|switch|p1a: Amoonguss|Amoonguss, L50, M|100\/100\n|turn|2\n|\n|t:|1700598174\n|move|p2b: Heatran|Protect|p2b: Heatran\n|-singleturn|p2b: Heatran|Protect\n|move|p1b: Hatterene|Dazzling Gleam|p2a: Ninetales|[spread] p2a\n|-activate|p2b: Heatran|move: Protect\n|-damage|p2a: Ninetales|78\/100\n|move|p1a: Amoonguss|Spore|p2b: Heatran\n|-activate|p2b: Heatran|move: Protect\n|move|p2a: Ninetales|Encore|p1b: Hatterene\n|move|p1b: Hatterene|Encore||[from]ability: Magic Bounce|[still]\n|-fail|p1b: Hatterene\n|\n|-weather|Snow|[upkeep]\n|-heal|p2b: Heatran|82\/100|[from] item: Leftovers\n|upkeep\n|turn|3\n|\n|t:|1700598198\n|switch|p2b: Ogerpon|Ogerpon-Wellspring, L50, F|100\/100\n|move|p1b: Hatterene|Dazzling Gleam|p2a: Ninetales|[spread] p2a,p2b\n|-damage|p2a: Ninetales|56\/100\n|-damage|p2b: Ogerpon|73\/100\n|move|p1a: Amoonguss|Spore|p2b: Ogerpon\n|-immune|p2b: Ogerpon\n|move|p2a: Ninetales|Moonblast|p1b: Hatterene\n|-damage|p1b: Hatterene|25\/100\n|\n|-weather|Snow|[upkeep]\n|upkeep\n|turn|4\n|\n|t:|1700598263\n|move|p2b: Ogerpon|Spiky Shield|p2b: Ogerpon\n|-singleturn|p2b: Ogerpon|move: Protect\n|move|p1b: Hatterene|Dazzling Gleam|p2b: Ogerpon|[spread] p2a\n|-activate|p2b: Ogerpon|move: Protect\n|-damage|p2a: Ninetales|34\/100\n|move|p1a: Amoonguss|Pollen Puff|p1b: Hatterene\n|-heal|p1b: Hatterene|75\/100\n|move|p2a: Ninetales|Moonblast|p1b: Hatterene\n|-damage|p1b: Hatterene|45\/100\n|\n|-weather|Snow|[upkeep]\n|upkeep\n|turn|5\n|\n|t:|1700598288\n|move|p1b: Hatterene|Dazzling Gleam|p2b: Ogerpon|[spread] p2a,p2b\n|-damage|p2a: Ninetales|12\/100\n|-damage|p2b: Ogerpon|46\/100\n|move|p1a: Amoonguss|Spore|p2a: Ninetales\n|-status|p2a: Ninetales|slp|[from] move: Spore\n|cant|p2a: Ninetales|slp\n|move|p2b: Ogerpon|Ivy Cudgel|p1b: Hatterene|[anim] Ivy Cudgel Water\n|-damage|p1b: Hatterene|0 fnt\n|faint|p1b: Hatterene\n|\n|-weather|none\n|-fieldend|move: Trick Room\n|upkeep\n|\n|t:|1700598299\n|switch|p1b: Chien-Pao|Chien-Pao, L50|100\/100\n|-ability|p1b: Chien-Pao|Sword of Ruin\n|turn|6\n|\n|t:|1700598336\n|move|p1a: Amoonguss|Protect|p1a: Amoonguss\n|-singleturn|p1a: Amoonguss|Protect\n|move|p1b: Chien-Pao|Sacred Sword|p2b: Ogerpon\n|-damage|p2b: Ogerpon|7\/100\n|move|p2b: Ogerpon|Ivy Cudgel|p1b: Chien-Pao|[anim] Ivy Cudgel Water\n|-damage|p1b: Chien-Pao|25\/100\n|cant|p2a: Ninetales|slp\n|\n|upkeep\n|turn|7\n|\n|t:|1700598361\n|move|p1b: Chien-Pao|Sucker Punch|p2b: Ogerpon\n|-damage|p2b: Ogerpon|0 fnt\n|faint|p2b: Ogerpon\n|-curestatus|p2a: Ninetales|slp|[msg]\n|move|p2a: Ninetales|Moonblast|p1b: Chien-Pao\n|-supereffective|p1b: Chien-Pao\n|-damage|p1b: Chien-Pao|0 fnt\n|faint|p1b: Chien-Pao\n|move|p1a: Amoonguss|Pollen Puff|p1: Chien-Pao|[notarget]\n|-fail|p1a: Amoonguss\n|\n|upkeep\n|\n|t:|1700598372\n|switch|p2b: Heatran|Heatran, L50, M, tera:Fairy|82\/100\n|turn|8\n|c|\u2606secretstudent|gg wp\n|-message|secretstudent forfeited.\n|\n|win|MangosCarlsen\n|raw|secretstudent's rating: 1084 &rarr; <strong>1064<\/strong><br \/>(-20 for losing)\n|raw|MangosCarlsen's rating: 1122 &rarr; <strong>1144<\/strong><br \/>(+22 for winning)\n","uploadtime":1700598387,"views":0,"p1id":"secretstudent","p2id":"mangoscarlsen","formatid":"gen9vgc2023regulatione","rating":1064,"private":0,"password":""}