{"id":"gen9vgc2023regulatione-1995117784","p1":"Kzkrzvkzl","p2":"eye34erherh","format":"[Gen 9] VGC 2023 Regulation E","log":"|j|\u2606Kzkrzvkzl\n|j|\u2606eye34erherh\n|t:|1700524512\n|gametype|doubles\n|player|p1|Kzkrzvkzl|lance|1043\n|player|p2|eye34erherh|2|1000\n|teamsize|p1|6\n|teamsize|p2|6\n|gen|9\n|tier|[Gen 9] VGC 2023 Regulation E\n|rated|\n|rule|Species Clause: Limit one of each Pok\u00e9mon\n|rule|Item Clause: Limit one of each item\n|clearpoke\n|poke|p1|Flutter Mane, L50|\n|poke|p1|Tornadus, L50, M|\n|poke|p1|Rillaboom, L50, F|\n|poke|p1|Garganacl, L50, M|\n|poke|p1|Arcanine-Hisui, L50, F|\n|poke|p1|Chien-Pao, L50|\n|poke|p2|Ogerpon-Wellspring, L50, F|\n|poke|p2|Arcanine-Hisui, L50, F|\n|poke|p2|Slither Wing, L50|\n|poke|p2|Rillaboom, L50, M|\n|poke|p2|Thundurus, L50, M|\n|poke|p2|Ting-Lu, L50|\n|teampreview|4\n|inactive|Battle timer is ON: inactive players will automatically lose when time's up. (requested by eye34erherh)\n|\n|t:|1700524527\n|start\n|switch|p1a: Tornadus|Tornadus, L50, M|100\/100\n|switch|p1b: Garganacl|Garganacl, L50, M|100\/100\n|switch|p2a: Slither Wing|Slither Wing, L50|100\/100\n|switch|p2b: Arcanine|Arcanine-Hisui, L50, F|100\/100\n|-ability|p2b: Arcanine|Intimidate|boost\n|-unboost|p1a: Tornadus|atk|1\n|-unboost|p1b: Garganacl|atk|1\n|turn|1\n|\n|t:|1700524537\n|switch|p1a: Arcanine|Arcanine-Hisui, L50, F|100\/100\n|-ability|p1a: Arcanine|Intimidate|boost\n|-unboost|p2a: Slither Wing|atk|1\n|-unboost|p2b: Arcanine|atk|1\n|-terastallize|p1b: Garganacl|Ghost\n|move|p2b: Arcanine|Flare Blitz|p1a: Arcanine\n|-resisted|p1a: Arcanine\n|-damage|p1a: Arcanine|83\/100\n|-damage|p2b: Arcanine|95\/100|[from] Recoil\n|move|p2a: Slither Wing|Close Combat|p1b: Garganacl\n|-immune|p1b: Garganacl\n|move|p1b: Garganacl|Iron Defense|p1b: Garganacl\n|-boost|p1b: Garganacl|def|2\n|\n|upkeep\n|turn|2\n|\n|t:|1700524545\n|switch|p1a: Tornadus|Tornadus, L50, M|100\/100\n|switch|p2b: Thundurus|Thundurus, L50, M|100\/100\n|move|p2a: Slither Wing|U-turn|p1b: Garganacl\n|-resisted|p1b: Garganacl\n|-damage|p1b: Garganacl|95\/100\n|-damage|p2a: Slither Wing|91\/100|[from] item: Life Orb\n|\n|t:|1700524548\n|-end|p2a: Slither Wing|Protosynthesis|[silent]\n|switch|p2a: Arcanine|Arcanine-Hisui, L50, F|95\/100|[from] U-turn\n|-ability|p2a: Arcanine|Intimidate|boost\n|-unboost|p1a: Tornadus|atk|1\n|-unboost|p1b: Garganacl|atk|1\n|move|p1b: Garganacl|Salt Cure|p2a: Arcanine\n|-supereffective|p2a: Arcanine\n|-damage|p2a: Arcanine|78\/100\n|-start|p2a: Arcanine|Salt Cure\n|\n|-damage|p2a: Arcanine|65\/100|[from] Salt Cure\n|upkeep\n|turn|3\n|\n|t:|1700524557\n|switch|p2a: Slither Wing|Slither Wing, L50|91\/100\n|move|p2b: Thundurus|Rain Dance|p2b: Thundurus\n|-weather|RainDance\n|move|p1a: Tornadus|Tailwind|p1a: Tornadus\n|-sidestart|p1: Kzkrzvkzl|move: Tailwind\n|move|p1b: Garganacl|Salt Cure|p2b: Thundurus\n|-supereffective|p2b: Thundurus\n|-damage|p2b: Thundurus|84\/100\n|-start|p2b: Thundurus|Salt Cure\n|\n|-weather|RainDance|[upkeep]\n|-damage|p2b: Thundurus|72\/100|[from] Salt Cure\n|upkeep\n|turn|4\n|\n|t:|1700524569\n|move|p1b: Garganacl|Protect|p1b: Garganacl\n|-singleturn|p1b: Garganacl|Protect\n|move|p2a: Slither Wing|First Impression|p1b: Garganacl\n|-activate|p1b: Garganacl|move: Protect\n|move|p1a: Tornadus|Bleakwind Storm|p2b: Thundurus|[spread] p2a,p2b\n|-supereffective|p2a: Slither Wing\n|-resisted|p2b: Thundurus\n|-damage|p2a: Slither Wing|0 fnt\n|-damage|p2b: Thundurus|54\/100\n|-unboost|p2b: Thundurus|spe|1\n|faint|p2a: Slither Wing\n|-end|p2a: Slither Wing|Protosynthesis|[silent]\n|move|p2b: Thundurus|Wildbolt Storm|p1a: Tornadus|[spread] p1a\n|-activate|p1b: Garganacl|move: Protect\n|-supereffective|p1a: Tornadus\n|-damage|p1a: Tornadus|54\/100\n|-status|p1a: Tornadus|par\n|\n|-weather|RainDance|[upkeep]\n|-damage|p2b: Thundurus|42\/100|[from] Salt Cure\n|upkeep\n|-enditem|p2b: Thundurus|Sitrus Berry|[eat]\n|-heal|p2b: Thundurus|67\/100|[from] item: Sitrus Berry\n|\n|t:|1700524573\n|switch|p2a: Ogerpon|Ogerpon-Wellspring, L50, F|100\/100\n|turn|5\n|\n|t:|1700524579\n|-terastallize|p2a: Ogerpon|Water\n|detailschange|p2a: Ogerpon|Ogerpon-Wellspring-Tera, L50, F, tera:Water\n|-ability|p2a: Ogerpon|Embody Aspect (Wellspring)|boost\n|-boost|p2a: Ogerpon|spd|1\n|move|p1a: Tornadus|Sunny Day|p1a: Tornadus\n|-weather|SunnyDay\n|move|p2a: Ogerpon|Ivy Cudgel|p1b: Garganacl|[anim] Ivy Cudgel Water\n|-damage|p1b: Garganacl|81\/100\n|move|p1b: Garganacl|Salt Cure|p2a: Ogerpon\n|-damage|p2a: Ogerpon|91\/100\n|-start|p2a: Ogerpon|Salt Cure\n|move|p2b: Thundurus|Wildbolt Storm|p1b: Garganacl|[spread] p1a\n|-miss|p2b: Thundurus|p1b: Garganacl\n|-supereffective|p1a: Tornadus\n|-damage|p1a: Tornadus|2\/100 par\n|\n|-weather|SunnyDay|[upkeep]\n|-damage|p2a: Ogerpon|66\/100|[from] Salt Cure\n|-damage|p2b: Thundurus|54\/100|[from] Salt Cure\n|upkeep\n|turn|6\n|inactive|eye34erherh has 30 seconds left.\n|\n|t:|1700524612\n|switch|p1a: Rillaboom|Rillaboom, L50, F|100\/100\n|-fieldstart|move: Grassy Terrain|[from] ability: Grassy Surge|[of] p1a: Rillaboom\n|move|p2a: Ogerpon|Power Whip|p1b: Garganacl\n|-damage|p1b: Garganacl|51\/100\n|move|p1b: Garganacl|Iron Defense|p1b: Garganacl\n|-boost|p1b: Garganacl|def|2\n|move|p2b: Thundurus|Wildbolt Storm|p1a: Rillaboom|[spread] p1a,p1b\n|-resisted|p1a: Rillaboom\n|-crit|p1a: Rillaboom\n|-damage|p1a: Rillaboom|83\/100\n|-damage|p1b: Garganacl|29\/100\n|-enditem|p1b: Garganacl|Sitrus Berry|[eat]\n|-heal|p1b: Garganacl|54\/100|[from] item: Sitrus Berry\n|\n|-weather|SunnyDay|[upkeep]\n|-heal|p1a: Rillaboom|88\/100|[from] Grassy Terrain\n|-heal|p2a: Ogerpon|72\/100|[from] Grassy Terrain\n|-heal|p1b: Garganacl|59\/100|[from] Grassy Terrain\n|-damage|p2a: Ogerpon|48\/100|[from] Salt Cure\n|-damage|p2b: Thundurus|42\/100|[from] Salt Cure\n|-sideend|p1: Kzkrzvkzl|move: Tailwind\n|upkeep\n|turn|7\n|inactive|eye34erherh has 30 seconds left.\n|inactive|eye34erherh has 20 seconds left.\n|inactive|eye34erherh has 15 seconds left.\n|\n|t:|1700524656\n|move|p1a: Rillaboom|Fake Out|p2b: Thundurus\n|-damage|p2b: Thundurus|27\/100\n|move|p2a: Ogerpon|Power Whip|p1b: Garganacl\n|-damage|p1b: Garganacl|38\/100\n|cant|p2b: Thundurus|flinch\n|move|p1b: Garganacl|Recover|p1b: Garganacl\n|-heal|p1b: Garganacl|88\/100\n|\n|-weather|SunnyDay|[upkeep]\n|-heal|p2a: Ogerpon|53\/100|[from] Grassy Terrain\n|-heal|p1a: Rillaboom|94\/100|[from] Grassy Terrain\n|-heal|p1b: Garganacl|94\/100|[from] Grassy Terrain\n|-damage|p2a: Ogerpon|29\/100|[from] Salt Cure\n|-damage|p2b: Thundurus|14\/100|[from] Salt Cure\n|upkeep\n|turn|8\n|-message|eye34erherh forfeited.\n|\n|win|Kzkrzvkzl\n|raw|Kzkrzvkzl's rating: 1043 &rarr; <strong>1072<\/strong><br \/>(+29 for winning)\n|raw|eye34erherh's rating: 1000 &rarr; <strong>1000<\/strong><br \/>(+0 for losing)\n|l|\u2606eye34erherh\n","uploadtime":1700524672,"views":2,"p1id":"kzkrzvkzl","p2id":"eye34erherh","formatid":"gen9vgc2023regulatione","rating":1000,"private":0,"password":""}