{"id":"gen9vgc2023regulatione-1992517547","p1":"avogadrotoast","p2":"eebgm","format":"[Gen 9] VGC 2023 Regulation E","log":"|j|\u2606avogadrotoast\n|j|\u2606eebgm\n|t:|1700198268\n|gametype|doubles\n|player|p1|avogadrotoast|266|1571\n|player|p2|eebgm|lady|1539\n|teamsize|p1|6\n|teamsize|p2|6\n|gen|9\n|tier|[Gen 9] VGC 2023 Regulation E\n|rated|\n|rule|Species Clause: Limit one of each Pok\u00e9mon\n|rule|Item Clause: Limit one of each item\n|clearpoke\n|poke|p1|Dusclops, L50, M|\n|poke|p1|Ursaluna-Bloodmoon, L50, M|\n|poke|p1|Sylveon, L50, M|\n|poke|p1|Indeedee-F, L50, F|\n|poke|p1|Dondozo, L50, F|\n|poke|p1|Tatsugiri, L50, F|\n|poke|p2|Ogerpon-Wellspring, L50, F|\n|poke|p2|Roaring Moon, L50|\n|poke|p2|Farigiraf, L50, M|\n|poke|p2|Ursaluna-Bloodmoon, L50, M|\n|poke|p2|Indeedee-F, L50, F|\n|poke|p2|Armarouge, L50, F|\n|teampreview|4\n|inactive|Battle timer is ON: inactive players will automatically lose when time's up. (requested by eebgm)\n|inactive|avogadrotoast has 60 seconds left.\n|\n|t:|1700198299\n|start\n|switch|p1a: Tatsugiri|Tatsugiri, L50, F|100\/100\n|switch|p1b: nicki minaj|Dusclops, L50, M, shiny|100\/100\n|switch|p2a: Roaring Moon|Roaring Moon, L50|100\/100\n|switch|p2b: Armarouge|Armarouge, L50, F|100\/100\n|-item|p2a: Roaring Moon|Booster Energy|[from] ability: Frisk|[of] p1b: nicki minaj|[identify]\n|-item|p2b: Armarouge|Weakness Policy|[from] ability: Frisk|[of] p1b: nicki minaj|[identify]\n|-enditem|p2a: Roaring Moon|Booster Energy\n|-activate|p2a: Roaring Moon|ability: Protosynthesis|[fromitem]\n|-start|p2a: Roaring Moon|protosynthesisspe\n|turn|1\n|j| kcheb4\n|\n|t:|1700198321\n|switch|p1b: Sylveon|Sylveon, L50, M|100\/100\n|-terastallize|p2b: Armarouge|Psychic\n|move|p2a: Roaring Moon|U-turn|p2b: Armarouge\n|-supereffective|p2b: Armarouge\n|-damage|p2b: Armarouge|50\/100\n|-ability|p2b: Armarouge|Weak Armor|boost\n|-unboost|p2b: Armarouge|def|1\n|-boost|p2b: Armarouge|spe|2\n|-enditem|p2b: Armarouge|Weakness Policy\n|-boost|p2b: Armarouge|atk|2|[from] item: Weakness Policy\n|-boost|p2b: Armarouge|spa|2|[from] item: Weakness Policy\n|\n|t:|1700198323\n|-end|p2a: Roaring Moon|Protosynthesis|[silent]\n|switch|p2a: Indeedee|Indeedee-F, L50, F|100\/100|[from] U-turn\n|-fieldstart|move: Psychic Terrain|[from] ability: Psychic Surge|[of] p2a: Indeedee\n|move|p2b: Armarouge|Expanding Force|p1a: Tatsugiri|[spread] p1a,p1b\n|-enditem|p1a: Tatsugiri|Focus Sash\n|-damage|p1a: Tatsugiri|1\/100\n|-damage|p1b: Sylveon|0 fnt\n|faint|p1b: Sylveon\n|move|p1a: Tatsugiri|Mirror Coat|p2b: Armarouge\n|-damage|p2b: Armarouge|0 fnt\n|faint|p2b: Armarouge\n|\n|upkeep\n|j| DigimonUniverse\n|\n|t:|1700198345\n|switch|p2b: Roaring Moon|Roaring Moon, L50|100\/100\n|switch|p1b: Dondozo|Dondozo, L50, F|100\/100\n|-activate|p1a: Tatsugiri|ability: Commander|[of] p1b: Dondozo\n|-boost|p1b: Dondozo|atk|2\n|-boost|p1b: Dondozo|spa|2\n|-boost|p1b: Dondozo|spe|2\n|-boost|p1b: Dondozo|def|2\n|-boost|p1b: Dondozo|spd|2\n|turn|2\n|\n|t:|1700198358\n|move|p2a: Indeedee|Follow Me|p2a: Indeedee\n|-singleturn|p2a: Indeedee|move: Follow Me\n|move|p2b: Roaring Moon|Knock Off|p1b: Dondozo\n|-damage|p1b: Dondozo|83\/100\n|-enditem|p1b: Dondozo|Leftovers|[from] move: Knock Off|[of] p2b: Roaring Moon\n|move|p1b: Dondozo|Order Up|p2a: Indeedee\n|-damage|p2a: Indeedee|48\/100\n|-boost|p1b: Dondozo|atk|1\n|\n|upkeep\n|turn|3\n|j| Uva247\n|\n|t:|1700198381\n|move|p2a: Indeedee|Helping Hand|p2b: Roaring Moon\n|-singleturn|p2b: Roaring Moon|Helping Hand|[of] p2a: Indeedee\n|move|p2b: Roaring Moon|U-turn|p1b: Dondozo\n|-damage|p1b: Dondozo|72\/100\n|\n|t:|1700198385\n|-end|p2b: Roaring Moon|Protosynthesis|[silent]\n|switch|p2b: Ogerpon|Ogerpon-Wellspring, L50, F|100\/100|[from] U-turn\n|move|p1b: Dondozo|Earthquake|p2b: Ogerpon|[spread] p2a,p2b\n|-miss|p1b: Dondozo|p1a: Tatsugiri\n|-resisted|p2b: Ogerpon\n|-damage|p2a: Indeedee|0 fnt\n|-damage|p2b: Ogerpon|73\/100\n|faint|p2a: Indeedee\n|\n|upkeep\n|\n|t:|1700198389\n|switch|p2a: Roaring Moon|Roaring Moon, L50|100\/100\n|turn|4\n|\n|t:|1700198407\n|-terastallize|p1b: Dondozo|Dragon\n|move|p2a: Roaring Moon|Acrobatics|p1b: Dondozo\n|-damage|p1b: Dondozo|59\/100\n|move|p1b: Dondozo|Order Up|p2a: Roaring Moon\n|-supereffective|p2a: Roaring Moon\n|-damage|p2a: Roaring Moon|0 fnt\n|faint|p2a: Roaring Moon\n|-end|p2a: Roaring Moon|Protosynthesis|[silent]\n|-boost|p1b: Dondozo|atk|1\n|move|p2b: Ogerpon|Swords Dance|p2b: Ogerpon\n|-boost|p2b: Ogerpon|atk|2\n|\n|upkeep\n|turn|5\n|\n|t:|1700198416\n|move|p2b: Ogerpon|Spiky Shield|p2b: Ogerpon\n|-singleturn|p2b: Ogerpon|move: Protect\n|move|p1b: Dondozo|Order Up|p2b: Ogerpon\n|-activate|p2b: Ogerpon|move: Protect\n|\n|-fieldend|move: Psychic Terrain\n|upkeep\n|turn|6\n|j| andy8105\n|\n|t:|1700198425\n|move|p1b: Dondozo|Order Up|p2b: Ogerpon\n|-damage|p2b: Ogerpon|0 fnt\n|faint|p2b: Ogerpon\n|\n|win|avogadrotoast\n|raw|avogadrotoast's rating: 1571 &rarr; <strong>1589<\/strong><br \/>(+18 for winning)\n|raw|eebgm's rating: 1539 &rarr; <strong>1521<\/strong><br \/>(-18 for losing)\n|c|\u2606avogadrotoast|ggs nt\n|l|\u2606eebgm\n|l| DigimonUniverse\n","uploadtime":1700198432,"views":21,"p1id":"avogadrotoast","p2id":"eebgm","formatid":"gen9vgc2023regulatione","rating":1521,"private":0,"password":""}