{"id":"gen9vgc2023regulatione-1994996554","p1":"taco_bowl_mx","p2":"febobobo","format":"[Gen 9] VGC 2023 Regulation E","log":"|j|\u2606taco_bowl_mx\n|j|\u2606febobobo\n|t:|1700511720\n|gametype|doubles\n|player|p1|taco_bowl_mx|dawn-gen4pt|1374\n|player|p2|febobobo|backpacker|1500\n|teamsize|p1|6\n|teamsize|p2|6\n|gen|9\n|tier|[Gen 9] VGC 2023 Regulation E\n|rated|\n|rule|Species Clause: Limit one of each Pok\u00e9mon\n|rule|Item Clause: Limit one of each item\n|clearpoke\n|poke|p1|Flutter Mane, L50|\n|poke|p1|Chien-Pao, L50|\n|poke|p1|Iron Hands, L50|\n|poke|p1|Heatran, L50, M|\n|poke|p1|Ogerpon-Wellspring, L50, F|\n|poke|p1|Landorus-Therian, L50, M|\n|poke|p2|Tornadus, L50, M|\n|poke|p2|Rillaboom, L50, M|\n|poke|p2|Regidrago, L50|\n|poke|p2|Gholdengo, L50|\n|poke|p2|Arcanine-Hisui, L50, F|\n|poke|p2|Urshifu-*, L50, M|\n|teampreview|4\ntaco_bowl_mx has agreed to open team sheets.\n|inactive|Battle timer is ON: inactive players will automatically lose when time's up. (requested by taco_bowl_mx)\nfebobobo has agreed to open team sheets.\n|inactive|taco_bowl_mx has 30 seconds left.\n|inactive|febobobo has 30 seconds left.\n|inactive|febobobo has 20 seconds left.\n|\n|t:|1700511777\n|start\n|switch|p1a: Iron Hands|Iron Hands, L50, shiny|100\/100\n|switch|p1b: Chien-Pao|Chien-Pao, L50|100\/100\n|switch|p2a: Rillaboom|Rillaboom, L50, M|100\/100\n|switch|p2b: Regidrago|Regidrago, L50|100\/100\n|-ability|p1b: Chien-Pao|Sword of Ruin\n|-fieldstart|move: Grassy Terrain|[from] ability: Grassy Surge|[of] p2a: Rillaboom\n|turn|1\n|inactive|taco_bowl_mx has 30 seconds left.\n|inactive|taco_bowl_mx has 20 seconds left.\n|\n|t:|1700511819\n|switch|p2a: Urshifu|Urshifu-Rapid-Strike, L50, M|100\/100\n|move|p2b: Regidrago|Protect|p2b: Regidrago\n|-singleturn|p2b: Regidrago|Protect\n|move|p1a: Iron Hands|Fake Out|p2b: Regidrago\n|-activate|p2b: Regidrago|move: Protect\n|move|p1b: Chien-Pao|Ice Spinner|p2a: Urshifu\n|-resisted|p2a: Urshifu\n|-damage|p2a: Urshifu|73\/100\n|-fieldend|move: Grassy Terrain\n|\n|upkeep\n|turn|2\n|inactive|taco_bowl_mx has 30 seconds left.\n|inactive|febobobo has 30 seconds left.\n|inactive|febobobo has 20 seconds left.\n|inactive|taco_bowl_mx has 20 seconds left.\n|inactive|febobobo has 15 seconds left.\n|inactive|taco_bowl_mx has 15 seconds left.\n|inactive|febobobo has 10 seconds left.\n|inactive|taco_bowl_mx has 10 seconds left.\n|\n|t:|1700511872\n|move|p2a: Urshifu|U-turn|p1b: Chien-Pao\n|-supereffective|p1b: Chien-Pao\n|-damage|p1b: Chien-Pao|32\/100\n|\n|t:|1700511876\n|switch|p2a: Rillaboom|Rillaboom, L50, M|100\/100|[from] U-turn\n|-fieldstart|move: Grassy Terrain|[from] ability: Grassy Surge|[of] p2a: Rillaboom\n|move|p1b: Chien-Pao|Ice Spinner|p2b: Regidrago\n|-supereffective|p2b: Regidrago\n|-damage|p2b: Regidrago|2\/100\n|-fieldend|move: Grassy Terrain\n|move|p2b: Regidrago|Dragon Energy|p1b: Chien-Pao|[spread] p1a,p1b\n|-damage|p1a: Iron Hands|99\/100\n|-damage|p1b: Chien-Pao|31\/100\n|move|p1a: Iron Hands|Drain Punch|p2b: Regidrago\n|-damage|p2b: Regidrago|0 fnt\n|-heal|p1a: Iron Hands|100\/100|[from] drain|[of] p2b: Regidrago\n|faint|p2b: Regidrago\n|\n|upkeep\n|\n|t:|1700511888\n|switch|p2b: Urshifu|Urshifu-Rapid-Strike, L50, M|73\/100\n|turn|3\n|\n|t:|1700511908\n|switch|p1b: Ogerpon|Ogerpon-Wellspring, L50, F|100\/100\n|-end|p1a: Iron Hands|Quark Drive|[silent]\n|switch|p1a: Flutter Mane|Flutter Mane, L50|100\/100\n|move|p2a: Rillaboom|Fake Out|p1a: Flutter Mane\n|-immune|p1a: Flutter Mane\n|move|p2b: Urshifu|Surging Strikes|p1b: Ogerpon\n|-immune|p1b: Ogerpon|[from] ability: Water Absorb\n|\n|upkeep\n|turn|4\n|\n|t:|1700511928\n|switch|p2b: Tornadus|Tornadus, L50, M|100\/100\n|-terastallize|p2a: Rillaboom|Poison\n|move|p1b: Ogerpon|Follow Me|p1b: Ogerpon\n|-singleturn|p1b: Ogerpon|move: Follow Me\n|move|p1a: Flutter Mane|Dazzling Gleam|p2b: Tornadus|[spread] p2a,p2b\n|-resisted|p2a: Rillaboom\n|-damage|p2a: Rillaboom|84\/100\n|-damage|p2b: Tornadus|60\/100\n|move|p2a: Rillaboom|Wood Hammer|p1b: Ogerpon\n|-damage|p1b: Ogerpon|44\/100\n|-damage|p2a: Rillaboom|66\/100|[from] Recoil\n|\n|upkeep\n|turn|5\n|\n|t:|1700511952\n|move|p1b: Ogerpon|Spiky Shield|p1b: Ogerpon\n|-singleturn|p1b: Ogerpon|move: Protect\n|move|p2b: Tornadus|Tailwind|p2b: Tornadus\n|-sidestart|p2: febobobo|move: Tailwind\n|move|p2a: Rillaboom|Wood Hammer|p1a: Flutter Mane\n|-damage|p1a: Flutter Mane|7\/100\n|-damage|p2a: Rillaboom|43\/100|[from] Recoil\n|move|p1a: Flutter Mane|Dazzling Gleam|p2a: Rillaboom|[spread] p2a,p2b\n|-resisted|p2a: Rillaboom\n|-damage|p2a: Rillaboom|27\/100\n|-damage|p2b: Tornadus|21\/100\n|\n|upkeep\n|turn|6\n|inactive|taco_bowl_mx has 30 seconds left.\n|inactive|taco_bowl_mx has 20 seconds left.\n|inactive|taco_bowl_mx has 15 seconds left.\n|\n|t:|1700511998\n|switch|p2a: Urshifu|Urshifu-Rapid-Strike, L50, M|73\/100\n|move|p1b: Ogerpon|Spiky Shield|p1b: Ogerpon\n|-singleturn|p1b: Ogerpon|move: Protect\n|move|p2b: Tornadus|Bleakwind Storm|p1a: Flutter Mane|[spread] p1a\n|-activate|p1b: Ogerpon|move: Protect\n|-damage|p1a: Flutter Mane|0 fnt\n|faint|p1a: Flutter Mane\n|-end|p1a: Flutter Mane|Protosynthesis|[silent]\n|\n|upkeep\n|\n|t:|1700512008\n|switch|p1a: Iron Hands|Iron Hands, L50, shiny|100\/100\n|turn|7\n|inactive|taco_bowl_mx has 30 seconds left.\n|\n|t:|1700512037\n|switch|p2a: Rillaboom|Rillaboom, L50, M, tera:Poison|27\/100\n|-fieldstart|move: Grassy Terrain|[from] ability: Grassy Surge|[of] p2a: Rillaboom\n|move|p1a: Iron Hands|Fake Out|p2b: Tornadus\n|-damage|p2b: Tornadus|4\/100\n|cant|p2b: Tornadus|flinch\n|move|p1b: Ogerpon|Horn Leech|p2a: Rillaboom\n|-resisted|p2a: Rillaboom\n|-damage|p2a: Rillaboom|2\/100\n|-heal|p1b: Ogerpon|57\/100|[from] drain|[of] p2a: Rillaboom\n|\n|-heal|p2a: Rillaboom|8\/100|[from] Grassy Terrain\n|-heal|p1b: Ogerpon|63\/100|[from] Grassy Terrain\n|upkeep\n|turn|8\n|inactive|taco_bowl_mx has 30 seconds left.\n|inactive|febobobo has 30 seconds left.\n|\n|t:|1700512072\n|move|p1b: Ogerpon|Spiky Shield|p1b: Ogerpon\n|-singleturn|p1b: Ogerpon|move: Protect\n|move|p2a: Rillaboom|Fake Out|p1a: Iron Hands\n|-damage|p1a: Iron Hands|91\/100\n|move|p2b: Tornadus|Bleakwind Storm|p1a: Iron Hands|[spread] p1a\n|-activate|p1b: Ogerpon|move: Protect\n|-damage|p1a: Iron Hands|73\/100\n|cant|p1a: Iron Hands|flinch\n|\n|-heal|p2a: Rillaboom|14\/100|[from] Grassy Terrain\n|-heal|p1b: Ogerpon|69\/100|[from] Grassy Terrain\n|-heal|p1a: Iron Hands|79\/100|[from] Grassy Terrain\n|-sideend|p2: febobobo|move: Tailwind\n|upkeep\n|turn|9\n|inactive|taco_bowl_mx has 30 seconds left.\n|inactive|taco_bowl_mx has 20 seconds left.\n|\n|t:|1700512107\n|move|p1b: Ogerpon|Follow Me|p1b: Ogerpon\n|-singleturn|p1b: Ogerpon|move: Follow Me\n|move|p2b: Tornadus|Tailwind|p2b: Tornadus\n|-sidestart|p2: febobobo|move: Tailwind\n|move|p2a: Rillaboom|Wood Hammer|p1b: Ogerpon\n|-damage|p1b: Ogerpon|0 fnt\n|faint|p1b: Ogerpon\n|-damage|p2a: Rillaboom|0 fnt|[from] Recoil\n|faint|p2a: Rillaboom\n|move|p1a: Iron Hands|Drain Punch|p2b: Tornadus\n|-resisted|p2b: Tornadus\n|-damage|p2b: Tornadus|0 fnt\n|-heal|p1a: Iron Hands|80\/100|[from] drain|[of] p2b: Tornadus\n|faint|p2b: Tornadus\n|\n|-heal|p1a: Iron Hands|86\/100|[from] Grassy Terrain\n|upkeep\n|\n|t:|1700512124\n|switch|p1b: Chien-Pao|Chien-Pao, L50|31\/100\n|switch|p2b: Urshifu|Urshifu-Rapid-Strike, L50, M|73\/100\n|-ability|p1b: Chien-Pao|Sword of Ruin\n|turn|10\n|\n|t:|1700512137\n|-terastallize|p1a: Iron Hands|Water\n|move|p1b: Chien-Pao|Sucker Punch|p2b: Urshifu\n|-resisted|p2b: Urshifu\n|-damage|p2b: Urshifu|50\/100\n|move|p2b: Urshifu|Surging Strikes|p1b: Chien-Pao\n|-crit|p1b: Chien-Pao\n|-damage|p1b: Chien-Pao|4\/100\n|-crit|p1b: Chien-Pao\n|-damage|p1b: Chien-Pao|0 fnt\n|faint|p1b: Chien-Pao\n|-hitcount|p1: Chien-Pao|2\n|move|p1a: Iron Hands|Wild Charge|p2b: Urshifu\n|-supereffective|p2b: Urshifu\n|-damage|p2b: Urshifu|0 fnt\n|faint|p2b: Urshifu\n|-damage|p1a: Iron Hands|77\/100|[from] Recoil\n|\n|win|taco_bowl_mx\n|raw|taco_bowl_mx's rating: 1374 &rarr; <strong>1401<\/strong><br \/>(+27 for winning)\n|raw|febobobo's rating: 1500 &rarr; <strong>1473<\/strong><br \/>(-27 for losing)\n|l|\u2606febobobo\n","uploadtime":1700512153,"views":7,"p1id":"tacobowlmx","p2id":"febobobo","formatid":"gen9vgc2023regulatione","rating":1401,"private":0,"password":""}