{"id":"gen9vgc2023regulatione-1990200466","p1":"Kzrkrzov","p2":"Mischievouz","format":"[Gen 9] VGC 2023 Regulation E","log":"|j|\u2606Kzrkrzov\n|j|\u2606Mischievouz\n|t:|1699936434\n|gametype|doubles\n|player|p1|Kzrkrzov|lance|1288\n|player|p2|Mischievouz|cynthia|1242\n|teamsize|p1|6\n|teamsize|p2|6\n|gen|9\n|tier|[Gen 9] VGC 2023 Regulation E\n|rated|\n|rule|Species Clause: Limit one of each Pok\u00e9mon\n|rule|Item Clause: Limit one of each item\n|clearpoke\n|poke|p1|Flutter Mane, L50|\n|poke|p1|Tornadus, L50, M|\n|poke|p1|Rillaboom, L50, F|\n|poke|p1|Garganacl, L50, M|\n|poke|p1|Arcanine-Hisui, L50, F|\n|poke|p1|Chien-Pao, L50|\n|poke|p2|Weezing, L50, M|\n|poke|p2|Iron Hands, L50|\n|poke|p2|Landorus-Therian, L50, M|\n|poke|p2|Flutter Mane, L50|\n|poke|p2|Ogerpon-Wellspring, L50, F|\n|poke|p2|Roaring Moon, L50|\n|teampreview|4\n|\n|t:|1699936458\n|start\n|switch|p1a: Tornadus|Tornadus, L50, M|100\/100\n|switch|p1b: Garganacl|Garganacl, L50, M|100\/100\n|switch|p2a: Weezing|Weezing, L50, M, shiny|100\/100\n|switch|p2b: Iron Hands|Iron Hands, L50, shiny|100\/100\n|-ability|p2a: Weezing|Neutralizing Gas\n|turn|1\n|inactive|Battle timer is ON: inactive players will automatically lose when time's up. (requested by Mischievouz)\n|inactive|Kzrkrzov has 60 seconds left.\n|\n|t:|1699936491\n|-terastallize|p1b: Garganacl|Ghost\n|move|p1a: Tornadus|Tailwind|p1a: Tornadus\n|-sidestart|p1: Kzrkrzov|move: Tailwind\n|move|p1b: Garganacl|Iron Defense|p1b: Garganacl\n|-boost|p1b: Garganacl|def|2\n|move|p2a: Weezing|Will-O-Wisp|p1b: Garganacl\n|-status|p1b: Garganacl|brn\n|move|p2b: Iron Hands|Wild Charge|p1a: Tornadus\n|-supereffective|p1a: Tornadus\n|-damage|p1a: Tornadus|0 fnt\n|-damage|p2b: Iron Hands|84\/100|[from] item: Rocky Helmet|[of] p1a: Tornadus\n|faint|p1a: Tornadus\n|-damage|p2b: Iron Hands|64\/100|[from] Recoil\n|\n|-damage|p1b: Garganacl|95\/100 brn|[from] brn\n|upkeep\n|\n|t:|1699936496\n|switch|p1a: Arcanine|Arcanine-Hisui, L50, F|100\/100\n|turn|2\n|\n|t:|1699936512\n|move|p1a: Arcanine|Flare Blitz|p2b: Iron Hands\n|-damage|p2b: Iron Hands|0 fnt\n|faint|p2b: Iron Hands\n|-end|p2b: Iron Hands|Quark Drive|[silent]\n|-damage|p1a: Arcanine|72\/100|[from] Recoil\n|move|p1b: Garganacl|Salt Cure|p2a: Weezing\n|-damage|p2a: Weezing|95\/100\n|-start|p2a: Weezing|Salt Cure\n|move|p2a: Weezing|Sludge Bomb|p1b: Garganacl\n|-resisted|p1b: Garganacl\n|-damage|p1b: Garganacl|86\/100 brn\n|\n|-damage|p1b: Garganacl|80\/100 brn|[from] brn\n|-damage|p2a: Weezing|83\/100|[from] Salt Cure\n|upkeep\n|\n|t:|1699936524\n|switch|p2b: Flutter Mane|Flutter Mane, L50|100\/100\n|turn|3\n|\n|t:|1699936546\n|move|p2a: Weezing|Protect|p2a: Weezing\n|-singleturn|p2a: Weezing|Protect\n|move|p1a: Arcanine|Flare Blitz|p2b: Flutter Mane\n|-damage|p2b: Flutter Mane|0 fnt\n|faint|p2b: Flutter Mane\n|-end|p2b: Flutter Mane|Protosynthesis|[silent]\n|-damage|p1a: Arcanine|47\/100|[from] Recoil\n|move|p1b: Garganacl|Salt Cure|p2a: Weezing\n|-activate|p2a: Weezing|move: Protect\n|\n|-damage|p1b: Garganacl|74\/100 brn|[from] brn\n|-damage|p2a: Weezing|71\/100|[from] Salt Cure\n|upkeep\n|\n|t:|1699936552\n|switch|p2b: Landorus|Landorus-Therian, L50, M, shiny|100\/100\n|turn|4\n|\n|t:|1699936572\n|move|p1a: Arcanine|Flare Blitz|p2b: Landorus\n|-damage|p2b: Landorus|0 fnt\n|faint|p2b: Landorus\n|-damage|p1a: Arcanine|15\/100|[from] Recoil\n|move|p1b: Garganacl|Iron Defense|p1b: Garganacl\n|-boost|p1b: Garganacl|def|2\n|move|p2a: Weezing|Sludge Bomb|p1b: Garganacl\n|-resisted|p1b: Garganacl\n|-damage|p1b: Garganacl|66\/100 brn\n|\n|-damage|p1b: Garganacl|60\/100 brn|[from] brn\n|-damage|p2a: Weezing|59\/100|[from] Salt Cure\n|-sideend|p1: Kzrkrzov|move: Tailwind\n|upkeep\n|turn|5\n|-message|Mischievouz forfeited.\n|\n|win|Kzrkrzov\n|raw|Kzrkrzov's rating: 1260 &rarr; <strong>1284<\/strong><br \/>(+24 for winning)\n|raw|Mischievouz's rating: 1242 &rarr; <strong>1218<\/strong><br \/>(-24 for losing)\n|l|\u2606Mischievouz\n","uploadtime":1699936599,"views":7,"p1id":"kzrkrzov","p2id":"mischievouz","formatid":"gen9vgc2023regulatione","rating":1218,"private":0,"password":""}