{"id":"gen9vgc2023regulatione-1996829168","p1":"Bulba9933","p2":"yufish111","format":"[Gen 9] VGC 2023 Regulation E","log":"|j|\u2606Bulba9933\n|j|\u2606yufish111\n|t:|1700732007\n|gametype|doubles\n|player|p1|Bulba9933|erika|1170\n|player|p2|yufish111|102|1113\n|teamsize|p1|6\n|teamsize|p2|6\n|gen|9\n|tier|[Gen 9] VGC 2023 Regulation E\n|rated|\n|rule|Species Clause: Limit one of each Pok\u00e9mon\n|rule|Item Clause: Limit one of each item\n|clearpoke\n|poke|p1|Politoed, L50, M|\n|poke|p1|Gothitelle, L50, M|\n|poke|p1|Flutter Mane, L50|\n|poke|p1|Amoonguss, L50, M|\n|poke|p1|Kingambit, L50, F|\n|poke|p1|Salamence, L50, M|\n|poke|p2|Tornadus, L50, M|\n|poke|p2|Urshifu-*, L50, M|\n|poke|p2|Chien-Pao, L50|\n|poke|p2|Iron Hands, L50|\n|poke|p2|Dragonite, L50, F|\n|poke|p2|Flutter Mane, L50|\n|teampreview|4\n|inactive|Battle timer is ON: inactive players will automatically lose when time's up. (requested by yufish111)\n|\n|t:|1700732023\n|start\n|switch|p1a: Politoed|Politoed, L50, M, shiny|100\/100\n|switch|p1b: Kingambit|Kingambit, L50, F, shiny|100\/100\n|switch|p2a: Tornadus|Tornadus, L50, M, shiny|100\/100\n|switch|p2b: Urshifu|Urshifu-Rapid-Strike, L50, M|100\/100\n|-weather|RainDance|[from] ability: Drizzle|[of] p1a: Politoed\n|turn|1\n|inactive|Bulba9933 has 30 seconds left.\n|\n|t:|1700732056\n|-terastallize|p2b: Urshifu|Water\n|move|p2b: Urshifu|Surging Strikes|p1b: Kingambit\n|-crit|p1b: Kingambit\n|-damage|p1b: Kingambit|71\/100\n|-crit|p1b: Kingambit\n|-damage|p1b: Kingambit|42\/100\n|-crit|p1b: Kingambit\n|-damage|p1b: Kingambit|15\/100\n|-hitcount|p1b: Kingambit|3\n|move|p2a: Tornadus|Bleakwind Storm|p1b: Kingambit|[spread] p1a,p1b\n|-resisted|p1b: Kingambit\n|-damage|p1a: Politoed|67\/100\n|-damage|p1b: Kingambit|0 fnt\n|faint|p1b: Kingambit\n|move|p1a: Politoed|Perish Song|p1a: Politoed\n|-start|p1a: Politoed|perish3|[silent]\n|-start|p2a: Tornadus|perish3|[silent]\n|-start|p2b: Urshifu|perish3|[silent]\n|-fieldactivate|move: Perish Song\n|\n|-weather|RainDance|[upkeep]\n|-heal|p1a: Politoed|73\/100|[from] item: Leftovers\n|-start|p2b: Urshifu|perish3\n|-start|p2a: Tornadus|perish3\n|-start|p1a: Politoed|perish3\n|upkeep\n|\n|t:|1700732074\n|switch|p1b: Gothitelle|Gothitelle, L50, M, shiny|100\/100\n|turn|2\n|\n|t:|1700732082\n|switch|p1a: Amoonguss|Amoonguss, L50, M, shiny|100\/100\n|move|p1b: Gothitelle|Fake Out|p2b: Urshifu\n|-damage|p2b: Urshifu|96\/100\n|cant|p2b: Urshifu|flinch\n|move|p2a: Tornadus|Bleakwind Storm|p1a: Amoonguss|[spread] p1a,p1b\n|-supereffective|p1a: Amoonguss\n|-damage|p1a: Amoonguss|47\/100\n|-damage|p1b: Gothitelle|73\/100\n|-unboost|p1b: Gothitelle|spe|1\n|\n|-weather|RainDance|[upkeep]\n|-start|p2b: Urshifu|perish2\n|-start|p2a: Tornadus|perish2\n|upkeep\n|turn|3\n|inactive|Bulba9933 has 30 seconds left.\n|inactive|Bulba9933 has 20 seconds left.\n|inactive|Bulba9933 has 15 seconds left.\n|\n|t:|1700732125\n|move|p1a: Amoonguss|Rage Powder|p1a: Amoonguss\n|-singleturn|p1a: Amoonguss|move: Rage Powder\n|move|p2b: Urshifu|Surging Strikes|p1a: Amoonguss\n|-resisted|p1a: Amoonguss\n|-crit|p1a: Amoonguss\n|-damage|p1a: Amoonguss|28\/100\n|-resisted|p1a: Amoonguss\n|-crit|p1a: Amoonguss\n|-damage|p1a: Amoonguss|11\/100\n|-resisted|p1a: Amoonguss\n|-crit|p1a: Amoonguss\n|-damage|p1a: Amoonguss|0 fnt\n|faint|p1a: Amoonguss\n|-hitcount|p1: Amoonguss|3\n|move|p2a: Tornadus|Bleakwind Storm|p1b: Gothitelle\n|-damage|p1b: Gothitelle|36\/100\n|-enditem|p1b: Gothitelle|Sitrus Berry|[eat]\n|-heal|p1b: Gothitelle|60\/100|[from] item: Sitrus Berry\n|move|p1b: Gothitelle|Trick Room|p1b: Gothitelle\n|-fieldstart|move: Trick Room|[of] p1b: Gothitelle\n|\n|-weather|RainDance|[upkeep]\n|-start|p2a: Tornadus|perish1\n|-start|p2b: Urshifu|perish1\n|upkeep\n|\n|t:|1700732142\n|switch|p1a: Politoed|Politoed, L50, M, shiny|73\/100\n|turn|4\n|\n|t:|1700732165\n|-terastallize|p1b: Gothitelle|Dragon\n|move|p1b: Gothitelle|Protect|p1b: Gothitelle\n|-singleturn|p1b: Gothitelle|Protect\n|move|p1a: Politoed|Protect|p1a: Politoed\n|-singleturn|p1a: Politoed|Protect\n|move|p2a: Tornadus|Bleakwind Storm|p1b: Gothitelle|[spread] \n|-activate|p1a: Politoed|move: Protect\n|-activate|p1b: Gothitelle|move: Protect\n|move|p2b: Urshifu|Surging Strikes|p1b: Gothitelle\n|-resisted|p1b: Gothitelle\n|-crit|p1b: Gothitelle\n|-damage|p1b: Gothitelle|42\/100\n|-resisted|p1b: Gothitelle\n|-crit|p1b: Gothitelle\n|-damage|p1b: Gothitelle|21\/100\n|-resisted|p1b: Gothitelle\n|-crit|p1b: Gothitelle\n|-damage|p1b: Gothitelle|2\/100\n|-hitcount|p1b: Gothitelle|3\n|\n|-weather|RainDance|[upkeep]\n|-heal|p1a: Politoed|79\/100|[from] item: Leftovers\n|-start|p2a: Tornadus|perish0\n|-start|p2b: Urshifu|perish0\n|faint|p2a: Tornadus\n|faint|p2b: Urshifu\n|upkeep\n|\n|t:|1700732187\n|switch|p2b: Dragonite|Dragonite, L50, F, shiny|100\/100\n|switch|p2a: Chien-Pao|Chien-Pao, L50|100\/100\n|-ability|p2a: Chien-Pao|Sword of Ruin\n|turn|5\n|\n|t:|1700732204\n|move|p1b: Gothitelle|Protect||[still]\n|-fail|p1b: Gothitelle\n|move|p2b: Dragonite|Extreme Speed|p1b: Gothitelle\n|-damage|p1b: Gothitelle|0 fnt\n|faint|p1b: Gothitelle\n|move|p2a: Chien-Pao|Sucker Punch||[still]\n|-fail|p2a: Chien-Pao\n|move|p1a: Politoed|Perish Song|p1a: Politoed\n|-start|p1a: Politoed|perish3|[silent]\n|-start|p2a: Chien-Pao|perish3|[silent]\n|-start|p2b: Dragonite|perish3|[silent]\n|-fieldactivate|move: Perish Song\n|\n|-weather|none\n|-heal|p1a: Politoed|85\/100|[from] item: Leftovers\n|-start|p1a: Politoed|perish3\n|-start|p2b: Dragonite|perish3\n|-start|p2a: Chien-Pao|perish3\n|upkeep\n|turn|6\n|\n|t:|1700732223\n|move|p1a: Politoed|Protect|p1a: Politoed\n|-singleturn|p1a: Politoed|Protect\n|move|p2b: Dragonite|Extreme Speed|p1a: Politoed\n|-activate|p1a: Politoed|move: Protect\n|move|p2a: Chien-Pao|Sacred Sword|p1a: Politoed\n|-activate|p1a: Politoed|move: Protect\n|\n|-heal|p1a: Politoed|91\/100|[from] item: Leftovers\n|-start|p1a: Politoed|perish2\n|-start|p2b: Dragonite|perish2\n|-start|p2a: Chien-Pao|perish2\n|upkeep\n|turn|7\n|\n|t:|1700732238\n|move|p1a: Politoed|Protect||[still]\n|-fail|p1a: Politoed\n|move|p2b: Dragonite|Extreme Speed|p1a: Politoed\n|-damage|p1a: Politoed|40\/100\n|move|p2a: Chien-Pao|Sacred Sword|p1a: Politoed\n|-crit|p1a: Politoed\n|-damage|p1a: Politoed|0 fnt\n|faint|p1a: Politoed\n|\n|win|yufish111\n|raw|Bulba9933's rating: 1170 &rarr; <strong>1141<\/strong><br \/>(-29 for losing)\n|raw|yufish111's rating: 1113 &rarr; <strong>1142<\/strong><br \/>(+29 for winning)\n|l|\u2606yufish111\n","uploadtime":1700732250,"views":7,"p1id":"bulba9933","p2id":"yufish111","formatid":"gen9vgc2023regulatione","rating":1141,"private":0,"password":""}