{"id":"gen9vgc2023regulatione-1987926831","p1":"Ibratheman","p2":"H2obama","format":"[Gen 9] VGC 2023 Regulation E","log":"|j|\u2606Ibratheman\n|j|\u2606H2obama\n|t:|1699649905\n|gametype|doubles\n|player|p1|Ibratheman|266|1358\n|player|p2|H2obama|170|1339\n|teamsize|p1|6\n|teamsize|p2|6\n|gen|9\n|tier|[Gen 9] VGC 2023 Regulation E\n|rated|\n|rule|Species Clause: Limit one of each Pok\u00e9mon\n|rule|Item Clause: Limit one of each item\n|clearpoke\n|poke|p1|Rillaboom, L50, F|\n|poke|p1|Sneasler, L50, M|\n|poke|p1|Tornadus, L50, M|\n|poke|p1|Chien-Pao, L50|\n|poke|p1|Farigiraf, L50, M|\n|poke|p1|Ursaluna-Bloodmoon, L50, M|\n|poke|p2|Weezing, L50, M|\n|poke|p2|Roaring Moon, L50|\n|poke|p2|Arcanine-Hisui, L50, M|\n|poke|p2|Cresselia, L50, F|\n|poke|p2|Ogerpon-Wellspring, L50, F|\n|poke|p2|Corviknight, L50, F|\n|teampreview|4\n|inactive|Battle timer is ON: inactive players will automatically lose when time's up. (requested by Ibratheman)\n|\n|t:|1699649938\n|start\n|switch|p1a: Ursaluna|Ursaluna-Bloodmoon, L50, M|100\/100\n|switch|p1b: Farigiraf|Farigiraf, L50, M|100\/100\n|switch|p2a: Weezing|Weezing, L50, M|100\/100\n|switch|p2b: Roaring Moon|Roaring Moon, L50|100\/100\n|-ability|p2a: Weezing|Neutralizing Gas\n|-enditem|p2b: Roaring Moon|Booster Energy\n|-activate|p2b: Roaring Moon|ability: Protosynthesis|[fromitem]\n|-start|p2b: Roaring Moon|protosynthesisspe\n|turn|1\n|\n|t:|1699649958\n|move|p2b: Roaring Moon|Knock Off|p1a: Ursaluna\n|-damage|p1a: Ursaluna|62\/100\n|-enditem|p1a: Ursaluna|Assault Vest|[from] move: Knock Off|[of] p2b: Roaring Moon\n|move|p2a: Weezing|Taunt|p1b: Farigiraf\n|-start|p1b: Farigiraf|move: Taunt\n|move|p1b: Farigiraf|Hyper Voice|p2b: Roaring Moon|[spread] p2a,p2b\n|-damage|p2a: Weezing|69\/100\n|-damage|p2b: Roaring Moon|73\/100\n|-enditem|p1b: Farigiraf|Throat Spray\n|-boost|p1b: Farigiraf|spa|1|[from] item: Throat Spray\n|move|p1a: Ursaluna|Moonblast|p2b: Roaring Moon\n|-supereffective|p2b: Roaring Moon\n|-damage|p2b: Roaring Moon|0 fnt\n|faint|p2b: Roaring Moon\n|-end|p2b: Roaring Moon|Protosynthesis|[silent]\n|\n|upkeep\n|\n|t:|1699649969\n|switch|p2b: Arcanine|Arcanine-Hisui, L50, M|100\/100\n|turn|2\n|\n|t:|1699649987\n|-terastallize|p2b: Arcanine|Fairy\n|move|p2b: Arcanine|Close Combat|p1a: Ursaluna\n|-supereffective|p1a: Ursaluna\n|-damage|p1a: Ursaluna|0 fnt\n|-unboost|p2b: Arcanine|def|1\n|-unboost|p2b: Arcanine|spd|1\n|faint|p1a: Ursaluna\n|move|p2a: Weezing|Gunk Shot|p1b: Farigiraf\n|-damage|p1b: Farigiraf|68\/100\n|move|p1b: Farigiraf|Hyper Voice|p2a: Weezing|[spread] p2a,p2b\n|-damage|p2a: Weezing|23\/100\n|-damage|p2b: Arcanine|18\/100\n|-enditem|p2a: Weezing|Sitrus Berry|[eat]\n|-heal|p2a: Weezing|48\/100|[from] item: Sitrus Berry\n|\n|upkeep\n|\n|t:|1699650004\n|switch|p1a: Chien-Pao|Chien-Pao, L50|100\/100\n|turn|3\n|\n|t:|1699650011\n|switch|p2b: Corviknight|Corviknight, L50, F|100\/100\n|move|p1a: Chien-Pao|Protect|p1a: Chien-Pao\n|-singleturn|p1a: Chien-Pao|Protect\n|move|p2a: Weezing|Protect|p2a: Weezing\n|-singleturn|p2a: Weezing|Protect\n|move|p1b: Farigiraf|Hyper Voice|p2a: Weezing|[spread] p2b\n|-activate|p2a: Weezing|move: Protect\n|-resisted|p2b: Corviknight\n|-damage|p2b: Corviknight|80\/100\n|\n|-end|p1b: Farigiraf|move: Taunt\n|upkeep\n|turn|4\n|inactive|Ibratheman has 30 seconds left.\n|inactive|H2obama has 30 seconds left.\n|inactive|Ibratheman has 20 seconds left.\n|\n|t:|1699650047\n|move|p1a: Chien-Pao|Icicle Crash|p2b: Corviknight|[miss]\n|-miss|p1a: Chien-Pao|p2b: Corviknight\n|move|p2b: Corviknight|Iron Head|p1a: Chien-Pao\n|-supereffective|p1a: Chien-Pao\n|-damage|p1a: Chien-Pao|22\/100\n|move|p2a: Weezing|Gunk Shot|p1b: Farigiraf\n|-damage|p1b: Farigiraf|30\/100\n|move|p1b: Farigiraf|Hyper Voice|p2b: Corviknight|[spread] p2a,p2b\n|-resisted|p2b: Corviknight\n|-damage|p2a: Weezing|2\/100\n|-damage|p2b: Corviknight|58\/100\n|\n|upkeep\n|turn|5\n|inactive|Ibratheman has 30 seconds left.\n|\n|t:|1699650079\n|move|p1a: Chien-Pao|Protect|p1a: Chien-Pao\n|-singleturn|p1a: Chien-Pao|Protect\n|move|p2a: Weezing|Protect|p2a: Weezing\n|-singleturn|p2a: Weezing|Protect\n|move|p2b: Corviknight|Roost|p2b: Corviknight\n|-heal|p2b: Corviknight|100\/100\n|-singleturn|p2b: Corviknight|move: Roost\n|move|p1b: Farigiraf|Hyper Voice|p2a: Weezing|[spread] p2b\n|-activate|p2a: Weezing|move: Protect\n|-resisted|p2b: Corviknight\n|-damage|p2b: Corviknight|80\/100\n|\n|upkeep\n|turn|6\n|\n|t:|1699650096\n|switch|p1a: Rillaboom|Rillaboom, L50, F|100\/100\n|move|p2b: Corviknight|Iron Head|p1b: Farigiraf\n|-damage|p1b: Farigiraf|0 fnt\n|faint|p1b: Farigiraf\n|move|p2a: Weezing|Gunk Shot|p1a: Rillaboom\n|-supereffective|p1a: Rillaboom\n|-damage|p1a: Rillaboom|25\/100\n|-status|p1a: Rillaboom|psn\n|\n|-damage|p1a: Rillaboom|13\/100 psn|[from] psn\n|upkeep\n|\n|t:|1699650108\n|switch|p1b: Chien-Pao|Chien-Pao, L50|22\/100\n|turn|7\n|\n|t:|1699650126\n|-terastallize|p1a: Rillaboom|Grass\n|move|p2b: Corviknight|Protect|p2b: Corviknight\n|-singleturn|p2b: Corviknight|Protect\n|move|p2a: Weezing|Protect|p2a: Weezing\n|-singleturn|p2a: Weezing|Protect\n|move|p1b: Chien-Pao|Icicle Crash|p2b: Corviknight\n|-activate|p2b: Corviknight|move: Protect\n|move|p1a: Rillaboom|Grassy Glide|p2b: Corviknight\n|-activate|p2b: Corviknight|move: Protect\n|\n|-damage|p1a: Rillaboom|1\/100 psn|[from] psn\n|upkeep\n|turn|8\n|-message|Ibratheman forfeited.\n|\n|win|H2obama\n|raw|Ibratheman's rating: 1358 &rarr; <strong>1337<\/strong><br \/>(-21 for losing)\n|raw|H2obama's rating: 1339 &rarr; <strong>1360<\/strong><br \/>(+21 for winning)\n|l|\u2606Ibratheman\n","uploadtime":1699650146,"views":18,"p1id":"ibratheman","p2id":"h2obama","formatid":"gen9vgc2023regulatione","rating":1337,"private":0,"password":""}