{"id":"gen9vgc2023regulatione-1996303665","p1":"Thehoppa117","p2":"Andreu.RR","format":"[Gen 9] VGC 2023 Regulation E","log":"|j|\u2606Thehoppa117\n|j|\u2606Andreu.RR\n|t:|1700669284\n|gametype|doubles\n|player|p1|Thehoppa117|benga|1167\n|player|p2|Andreu.RR|infielder|1072\n|teamsize|p1|6\n|teamsize|p2|6\n|gen|9\n|tier|[Gen 9] VGC 2023 Regulation E\n|rated|\n|rule|Species Clause: Limit one of each Pok\u00e9mon\n|rule|Item Clause: Limit one of each item\n|clearpoke\n|poke|p1|Iron Jugulis, L50|\n|poke|p1|Iron Hands, L50|\n|poke|p1|Iron Moth, L50|\n|poke|p1|Ogerpon-Hearthflame, L50, F|\n|poke|p1|Flutter Mane, L50|\n|poke|p1|Sinistcha, L50|\n|poke|p2|Clefairy, L50, F|\n|poke|p2|Flutter Mane, L50|\n|poke|p2|Regieleki, L50|\n|poke|p2|Okidogi, L50, M|\n|poke|p2|Ogerpon-Wellspring, L50, F|\n|poke|p2|Heatran, L50, F|\n|teampreview|4\n|inactive|Battle timer is ON: inactive players will automatically lose when time's up. (requested by Thehoppa117)\n|\n|t:|1700669315\n|start\n|switch|p1a: Iron Jugulis|Iron Jugulis, L50|100\/100\n|switch|p1b: Iron Hands|Iron Hands, L50|100\/100\n|switch|p2a: Clefairy|Clefairy, L50, F|100\/100\n|switch|p2b: Heatran|Heatran, L50, F|100\/100\n|-enditem|p1a: Iron Jugulis|Booster Energy\n|-activate|p1a: Iron Jugulis|ability: Quark Drive|[fromitem]\n|-start|p1a: Iron Jugulis|quarkdrivespe\n|turn|1\n|inactive|Thehoppa117 has 30 seconds left.\n|\n|t:|1700669345\n|-terastallize|p2b: Heatran|Fairy\n|move|p1a: Iron Jugulis|Electric Terrain|p1a: Iron Jugulis\n|-fieldstart|move: Electric Terrain\n|-activate|p1b: Iron Hands|ability: Quark Drive\n|-start|p1b: Iron Hands|quarkdriveatk\n|move|p2b: Heatran|Earth Power|p1b: Iron Hands\n|-supereffective|p1b: Iron Hands\n|-damage|p1b: Iron Hands|52\/100\n|-damage|p2b: Heatran|91\/100|[from] item: Life Orb\n|move|p1b: Iron Hands|Thunder Punch|p2b: Heatran\n|-damage|p2b: Heatran|27\/100\n|move|p2a: Clefairy|Charm|p1b: Iron Hands\n|-unboost|p1b: Iron Hands|atk|2\n|\n|upkeep\n|turn|2\n|inactive|Thehoppa117 has 30 seconds left.\n|inactive|Andreu.RR has 30 seconds left.\n|\n|t:|1700669377\n|-terastallize|p1b: Iron Hands|Ground\n|move|p2b: Heatran|Protect|p2b: Heatran\n|-singleturn|p2b: Heatran|Protect\n|move|p1a: Iron Jugulis|Air Slash|p2b: Heatran\n|-activate|p2b: Heatran|move: Protect\n|move|p1b: Iron Hands|Earthquake|p2a: Clefairy|[spread] p2a\n|-activate|p2b: Heatran|move: Protect\n|-immune|p1a: Iron Jugulis\n|-damage|p2a: Clefairy|72\/100\n|move|p2a: Clefairy|Charm|p1b: Iron Hands\n|-unboost|p1b: Iron Hands|atk|2\n|\n|upkeep\n|turn|3\n|inactive|Andreu.RR has 30 seconds left.\n|\n|t:|1700669404\n|-end|p1b: Iron Hands|Quark Drive|[silent]\n|switch|p1b: Iron Moth|Iron Moth, L50|100\/100\n|-activate|p1b: Iron Moth|ability: Quark Drive\n|-start|p1b: Iron Moth|quarkdrivespa\n|move|p1a: Iron Jugulis|Air Slash|p2b: Heatran\n|-damage|p2b: Heatran|2\/100\n|cant|p2b: Heatran|flinch\n|move|p2a: Clefairy|Life Dew|p2a: Clefairy|[spread] p2a,p2b\n|-heal|p2a: Clefairy|97\/100\n|-heal|p2b: Heatran|26\/100\n|\n|upkeep\n|turn|4\n|inactive|Andreu.RR has 30 seconds left.\n|inactive|Andreu.RR has 20 seconds left.\n|inactive|Andreu.RR has 15 seconds left.\n|inactive|Andreu.RR has 10 seconds left.\n|\n|t:|1700669454\n|move|p2b: Heatran|Protect|p2b: Heatran\n|-singleturn|p2b: Heatran|Protect\n|move|p1a: Iron Jugulis|Tailwind|p1a: Iron Jugulis\n|-sidestart|p1: Thehoppa117|move: Tailwind\n|move|p1b: Iron Moth|Sludge Wave|p2b: Heatran|[spread] p1a,p2a\n|-activate|p2b: Heatran|move: Protect\n|-supereffective|p2a: Clefairy\n|-damage|p1a: Iron Jugulis|36\/100\n|-damage|p2a: Clefairy|21\/100\n|move|p2a: Clefairy|Life Dew|p2a: Clefairy|[spread] p2a,p2b\n|-heal|p2a: Clefairy|46\/100\n|-heal|p2b: Heatran|51\/100\n|\n|upkeep\n|turn|5\n|inactive|Andreu.RR has 30 seconds left.\n|\n|t:|1700669488\n|move|p2a: Clefairy|Helping Hand|p2b: Heatran\n|-singleturn|p2b: Heatran|Helping Hand|[of] p2a: Clefairy\n|move|p1a: Iron Jugulis|Sunny Day|p1a: Iron Jugulis\n|-weather|SunnyDay\n|move|p1b: Iron Moth|Sludge Wave|p2b: Heatran|[spread] p1a,p2a,p2b\n|-supereffective|p2a: Clefairy\n|-supereffective|p2b: Heatran\n|-damage|p1a: Iron Jugulis|0 fnt\n|-damage|p2a: Clefairy|0 fnt\n|-damage|p2b: Heatran|0 fnt\n|faint|p1a: Iron Jugulis\n|-end|p1a: Iron Jugulis|Quark Drive|[silent]\n|faint|p2a: Clefairy\n|faint|p2b: Heatran\n|\n|-weather|SunnyDay|[upkeep]\n|-fieldend|move: Electric Terrain\n|-end|p1b: Iron Moth|Quark Drive\n|upkeep\n|\n|t:|1700669507\n|switch|p1a: Ogerpon|Ogerpon-Hearthflame, L50, F|100\/100\n|switch|p2b: Flutter Mane|Flutter Mane, L50|100\/100\n|switch|p2a: Okidogi|Okidogi, L50, M|100\/100\n|-ability|p1a: Ogerpon|Mold Breaker\n|-activate|p2b: Flutter Mane|ability: Protosynthesis\n|-start|p2b: Flutter Mane|protosynthesisspa\n|turn|6\n|inactive|Thehoppa117 has 30 seconds left.\n|\n|t:|1700669533\n|move|p1a: Ogerpon|Spiky Shield|p1a: Ogerpon\n|-singleturn|p1a: Ogerpon|move: Protect\n|move|p1b: Iron Moth|Sludge Wave|p2a: Okidogi|[spread] p2a,p2b\n|-activate|p1a: Ogerpon|move: Protect\n|-resisted|p2a: Okidogi\n|-damage|p2a: Okidogi|86\/100\n|-damage|p2b: Flutter Mane|57\/100\n|move|p2b: Flutter Mane|Dazzling Gleam|p1a: Ogerpon|[spread] p1b\n|-activate|p1a: Ogerpon|move: Protect\n|-resisted|p1b: Iron Moth\n|-damage|p1b: Iron Moth|83\/100\n|move|p2a: Okidogi|Poison Jab|p1a: Ogerpon\n|-activate|p1a: Ogerpon|move: Protect\n|-damage|p2a: Okidogi|73\/100|[from] Spiky Shield|[of] p1a: Ogerpon\n|\n|-weather|SunnyDay|[upkeep]\n|upkeep\n|turn|7\n|inactive|Thehoppa117 has 30 seconds left.\n|\n|t:|1700669561\n|-end|p1b: Iron Moth|Quark Drive|[silent]\n|switch|p1b: Iron Hands|Iron Hands, L50, tera:Ground|52\/100\n|move|p1a: Ogerpon|Ivy Cudgel|p2a: Okidogi|[anim] Ivy Cudgel Fire\n|-damage|p2a: Okidogi|0 fnt\n|faint|p2a: Okidogi\n|move|p2b: Flutter Mane|Dazzling Gleam|p1a: Ogerpon|[spread] p1a,p1b\n|-resisted|p1a: Ogerpon\n|-damage|p1a: Ogerpon|64\/100\n|-damage|p1b: Iron Hands|12\/100\n|\n|-weather|SunnyDay|[upkeep]\n|-sideend|p1: Thehoppa117|move: Tailwind\n|upkeep\n|turn|8\n|\n|t:|1700669576\n|move|p1a: Ogerpon|Ivy Cudgel|p2b: Flutter Mane|[anim] Ivy Cudgel Fire\n|-damage|p2b: Flutter Mane|0 fnt\n|faint|p2b: Flutter Mane\n|-end|p2b: Flutter Mane|Protosynthesis|[silent]\n|\n|win|Thehoppa117\n|raw|Thehoppa117's rating: 1167 &rarr; <strong>1185<\/strong><br \/>(+18 for winning)\n|raw|Andreu.RR's rating: 1072 &rarr; <strong>1057<\/strong><br \/>(-15 for losing)\n|l|\u2606Andreu.RR\n","uploadtime":1700669582,"views":7,"p1id":"thehoppa117","p2id":"andreurr","formatid":"gen9vgc2023regulatione","rating":1057,"private":0,"password":""}