{"id":"gen9vgc2023regulatione-1990283575","p1":"Adenhere","p2":"qz231114","format":"[Gen 9] VGC 2023 Regulation E","log":"|j|\u2606Adenhere\n|j|\u2606qz231114\n|t:|1699950440\n|gametype|doubles\n|player|p1|Adenhere|turo-ai|1330\n|player|p2|qz231114|102|1215\n|teamsize|p1|6\n|teamsize|p2|6\n|gen|9\n|tier|[Gen 9] VGC 2023 Regulation E\n|rated|\n|rule|Species Clause: Limit one of each Pok\u00e9mon\n|rule|Item Clause: Limit one of each item\n|clearpoke\n|poke|p1|Dondozo, L50, M|\n|poke|p1|Kingambit, L50, M|\n|poke|p1|Ogerpon-Hearthflame, L50, F|\n|poke|p1|Flutter Mane, L50|\n|poke|p1|Chi-Yu, L50|\n|poke|p1|Tatsugiri, L50, F|\n|poke|p2|Tornadus, L50, M|\n|poke|p2|Volcarona, L50, F|\n|poke|p2|Basculegion, L50, M|\n|poke|p2|Ludicolo, L50, F|\n|poke|p2|Scizor, L50, M|\n|poke|p2|Flutter Mane, L50|\n|teampreview|4\n|inactive|Battle timer is ON: inactive players will automatically lose when time's up. (requested by Adenhere)\nqz231114 rejected open team sheets.\n|\n|t:|1699950460\n|start\n|switch|p1a: Calamity|Kingambit, L50, M, shiny|100\/100\n|switch|p1b: Geisha|Ogerpon-Hearthflame, L50, F|100\/100\n|switch|p2a: Tornadus|Tornadus, L50, M|100\/100\n|switch|p2b: Basculegion|Basculegion, L50, M|100\/100\n|-ability|p1b: Geisha|Mold Breaker\n|turn|1\n|\n|t:|1699950479\n|move|p1b: Geisha|Spiky Shield|p1b: Geisha\n|-singleturn|p1b: Geisha|move: Protect\n|move|p2a: Tornadus|Rain Dance|p2a: Tornadus\n|-weather|RainDance\n|move|p1a: Calamity|Sucker Punch|p2b: Basculegion\n|-supereffective|p2b: Basculegion\n|-damage|p2b: Basculegion|0 fnt\n|faint|p2b: Basculegion\n|\n|-weather|RainDance|[upkeep]\n|upkeep\n|\n|t:|1699950485\n|switch|p2b: Volcarona|Volcarona, L50, F|100\/100\n|turn|2\n|\n|t:|1699950499\n|move|p2a: Tornadus|Bleakwind Storm|p1a: Calamity|[spread] p1a,p1b\n|-resisted|p1a: Calamity\n|-supereffective|p1b: Geisha\n|-damage|p1a: Calamity|82\/100\n|-damage|p1b: Geisha|22\/100\n|move|p1b: Geisha|Ivy Cudgel|p2b: Volcarona\n|-damage|p2b: Volcarona|77\/100\n|move|p2b: Volcarona|Quiver Dance|p2b: Volcarona\n|-boost|p2b: Volcarona|spa|1\n|-boost|p2b: Volcarona|spd|1\n|-boost|p2b: Volcarona|spe|1\n|move|p1a: Calamity|Kowtow Cleave|p2b: Volcarona\n|-damage|p2b: Volcarona|29\/100\n|-damage|p1a: Calamity|65\/100|[from] item: Rocky Helmet|[of] p2b: Volcarona\n|\n|-weather|RainDance|[upkeep]\n|upkeep\n|turn|3\n|\n|t:|1699950522\n|switch|p1b: Torafugu|Dondozo, L50, M|100\/100\n|-terastallize|p2b: Volcarona|Water\n|move|p1a: Calamity|Protect|p1a: Calamity\n|-singleturn|p1a: Calamity|Protect\n|move|p2b: Volcarona|Tera Blast|p1a: Calamity|[anim] Tera Blast Water\n|-activate|p1a: Calamity|move: Protect\n|move|p2a: Tornadus|Bleakwind Storm|p1b: Torafugu|[spread] p1b\n|-activate|p1a: Calamity|move: Protect\n|-damage|p1b: Torafugu|65\/100\n|\n|-weather|RainDance|[upkeep]\n|-heal|p1b: Torafugu|72\/100|[from] item: Leftovers\n|upkeep\n|turn|4\n|\n|t:|1699950543\n|switch|p1a: Sashimi|Tatsugiri, L50, F|100\/100\n|-activate|p1a: Sashimi|ability: Commander|[of] p1b: Torafugu\n|-boost|p1b: Torafugu|atk|2\n|-boost|p1b: Torafugu|spa|2\n|-boost|p1b: Torafugu|spe|2\n|-boost|p1b: Torafugu|def|2\n|-boost|p1b: Torafugu|spd|2\n|move|p2b: Volcarona|Giga Drain|p1b: Torafugu\n|-supereffective|p1b: Torafugu\n|-damage|p1b: Torafugu|49\/100\n|-heal|p2b: Volcarona|42\/100|[from] drain|[of] p1b: Torafugu\n|move|p2a: Tornadus|Bleakwind Storm|p1b: Torafugu|[spread] p1b\n|-miss|p2a: Tornadus|p1a: Sashimi\n|-damage|p1b: Torafugu|32\/100\n|move|p1b: Torafugu|Order Up|p2b: Volcarona\n|-damage|p2b: Volcarona|4\/100\n|-boost|p1b: Torafugu|atk|1\n|\n|-weather|RainDance|[upkeep]\n|-heal|p1b: Torafugu|38\/100|[from] item: Leftovers\n|upkeep\n|turn|5\n|inactive|qz231114 has 30 seconds left.\n|\n|t:|1699950570\n|switch|p2b: Flutter Mane|Flutter Mane, L50|100\/100\n|move|p1b: Torafugu|Protect|p1b: Torafugu\n|-singleturn|p1b: Torafugu|Protect\n|move|p2a: Tornadus|Tailwind|p2a: Tornadus\n|-sidestart|p2: qz231114|move: Tailwind\n|\n|-weather|RainDance|[upkeep]\n|-heal|p1b: Torafugu|44\/100|[from] item: Leftovers\n|upkeep\n|turn|6\n|\n|t:|1699950580\n|move|p2b: Flutter Mane|Thunder|p1b: Torafugu\n|-supereffective|p1b: Torafugu\n|-damage|p1b: Torafugu|0 fnt\n|faint|p1b: Torafugu\n|move|p2a: Tornadus|Bleakwind Storm|p1a: Sashimi\n|-damage|p1a: Sashimi|28\/100\n|-unboost|p1a: Sashimi|spe|1\n|\n|-weather|RainDance|[upkeep]\n|upkeep\n|\n|t:|1699950587\n|switch|p1b: Calamity|Kingambit, L50, M, shiny|65\/100\n|turn|7\n|\n|t:|1699950596\n|-terastallize|p1b: Calamity|Ghost\n|move|p2b: Flutter Mane|Thunder|p1b: Calamity\n|-damage|p1b: Calamity|4\/100\n|move|p2a: Tornadus|Bleakwind Storm|p1b: Calamity|[spread] p1a,p1b\n|-damage|p1a: Sashimi|0 fnt\n|-damage|p1b: Calamity|0 fnt\n|faint|p1a: Sashimi\n|faint|p1b: Calamity\n|\n|-weather|RainDance|[upkeep]\n|upkeep\n|-message|Adenhere forfeited.\n|\n|win|qz231114\n|raw|Adenhere's rating: 1330 &rarr; <strong>1304<\/strong><br \/>(-26 for losing)\n|raw|qz231114's rating: 1215 &rarr; <strong>1248<\/strong><br \/>(+33 for winning)\n|l|\u2606Adenhere\n","uploadtime":1699950608,"views":14,"p1id":"adenhere","p2id":"qz231114","formatid":"gen9vgc2023regulatione","rating":1248,"private":0,"password":""}