{"id":"gen9vgc2023regulatione-1988826426","p1":"BowDog!","p2":"headonbody","format":"[Gen 9] VGC 2023 Regulation E","log":"|j|\u2606BowDog!\n|j|\u2606headonbody\n|t:|1699769057\n|gametype|doubles\n|player|p1|BowDog!|winona|1177\n|player|p2|headonbody|scientist-gen4dp|1136\n|teamsize|p1|6\n|teamsize|p2|6\n|gen|9\n|tier|[Gen 9] VGC 2023 Regulation E\n|rated|\n|rule|Species Clause: Limit one of each Pok\u00e9mon\n|rule|Item Clause: Limit one of each item\n|clearpoke\n|poke|p1|Flutter Mane, L50|\n|poke|p1|Urshifu-*, L50, F|\n|poke|p1|Ogerpon-Wellspring, L50, F|\n|poke|p1|Iron Hands, L50|\n|poke|p1|Landorus, L50, M|\n|poke|p1|Arcanine-Hisui, L50, M|\n|poke|p2|Sableye, L50, F|\n|poke|p2|Ursaluna, L50, M|\n|poke|p2|Flutter Mane, L50|\n|poke|p2|Kingambit, L50, M|\n|poke|p2|Farigiraf, L50, M|\n|poke|p2|Sneasler, L50, F|\n|teampreview|4\n|inactive|Battle timer is ON: inactive players will automatically lose when time's up. (requested by headonbody)\nheadonbody has agreed to open team sheets.\nBowDog! has agreed to open team sheets.\n|inactive|BowDog! has 30 seconds left.\n|inactive|BowDog! has 20 seconds left.\n|inactive|BowDog! has 15 seconds left.\n|\n|t:|1699769142\n|start\n|switch|p1a: Bow!|Flutter Mane, L50|100\/100\n|switch|p1b: Josh|Iron Hands, L50|100\/100\n|switch|p2a: Sableye|Sableye, L50, F|100\/100\n|switch|p2b: Farigiraf|Farigiraf, L50, M|100\/100\n|-enditem|p1a: Bow!|Booster Energy\n|-activate|p1a: Bow!|ability: Protosynthesis|[fromitem]\n|-start|p1a: Bow!|protosynthesisspe\n|turn|1\n|inactive|BowDog! has 30 seconds left.\n|inactive|headonbody has 30 seconds left.\n|inactive|BowDog! has 20 seconds left.\n|\n|t:|1699769182\n|move|p1b: Josh|Fake Out||[still]\n|cant|p2b: Farigiraf|ability: Armor Tail|Fake Out|[of] p1b: Josh\n|move|p1a: Bow!|Shadow Ball|p2b: Farigiraf\n|-immune|p2b: Farigiraf\n|move|p2a: Sableye|Knock Off|p1b: Josh\n|-resisted|p1b: Josh\n|-damage|p1b: Josh|91\/100\n|-enditem|p1b: Josh|Assault Vest|[from] move: Knock Off|[of] p2a: Sableye\n|move|p2b: Farigiraf|Trick Room|p2b: Farigiraf\n|-fieldstart|move: Trick Room|[of] p2b: Farigiraf\n|\n|upkeep\n|turn|2\n|inactive|BowDog! has 30 seconds left.\n|inactive|BowDog! has 20 seconds left.\n|inactive|headonbody has 30 seconds left.\n|\n|t:|1699769228\n|switch|p2b: Ursaluna|Ursaluna, L50, M|100\/100\n|-terastallize|p1a: Bow!|Fairy\n|move|p2a: Sableye|Encore|p1b: Josh\n|-start|p1b: Josh|Encore\n|move|p1b: Josh|Fake Out||[still]\n|-hint|Fake Out only works on your first turn out.\n|-fail|p1b: Josh\n|move|p1a: Bow!|Moonblast|p2b: Ursaluna\n|-damage|p2b: Ursaluna|45\/100\n|\n|-status|p2b: Ursaluna|brn|[from] item: Flame Orb\n|upkeep\n|turn|3\n|inactive|BowDog! has 30 seconds left.\n|inactive|headonbody has 30 seconds left.\n|\n|t:|1699769263\n|-end|p1b: Josh|Quark Drive|[silent]\n|switch|p1b: Ruger!|Arcanine-Hisui, L50, M|100\/100\n|-ability|p1b: Ruger!|Intimidate|boost\n|-unboost|p2a: Sableye|atk|1\n|-unboost|p2b: Ursaluna|atk|1\n|move|p2a: Sableye|Disable|p1a: Bow!\n|-start|p1a: Bow!|Disable|Moonblast\n|move|p2b: Ursaluna|Facade|p1a: Bow!\n|-damage|p1a: Bow!|0 fnt\n|faint|p1a: Bow!\n|-end|p1a: Bow!|Protosynthesis|[silent]\n|\n|-damage|p2b: Ursaluna|39\/100 brn|[from] brn\n|upkeep\n|\n|t:|1699769276\n|switch|p1a: Josh|Iron Hands, L50|91\/100\n|turn|4\n|\n|t:|1699769301\n|move|p2b: Ursaluna|Protect|p2b: Ursaluna\n|-singleturn|p2b: Ursaluna|Protect\n|move|p2a: Sableye|Knock Off|p1b: Ruger!\n|-damage|p1b: Ruger!|83\/100\n|-enditem|p1b: Ruger!|Choice Band|[from] move: Knock Off|[of] p2a: Sableye\n|move|p1a: Josh|Drain Punch|p2b: Ursaluna\n|-activate|p2b: Ursaluna|move: Protect\n|move|p1b: Ruger!|Flare Blitz|p2a: Sableye\n|-damage|p2a: Sableye|46\/100\n|-damage|p1b: Ruger!|68\/100|[from] Recoil\n|\n|-damage|p2b: Ursaluna|33\/100 brn|[from] brn\n|upkeep\n|turn|5\n|\n|t:|1699769325\n|move|p2a: Sableye|Disable|p1a: Josh\n|-start|p1a: Josh|Disable|Drain Punch\n|move|p2b: Ursaluna|Headlong Rush|p1a: Josh\n|-supereffective|p1a: Josh\n|-damage|p1a: Josh|0 fnt\n|-unboost|p2b: Ursaluna|def|1\n|-unboost|p2b: Ursaluna|spd|1\n|faint|p1a: Josh\n|-end|p1a: Josh|Quark Drive|[silent]\n|move|p1b: Ruger!|Flare Blitz|p2a: Sableye\n|-damage|p2a: Sableye|0 fnt\n|faint|p2a: Sableye\n|-damage|p1b: Ruger!|56\/100|[from] Recoil\n|\n|-damage|p2b: Ursaluna|27\/100 brn|[from] brn\n|-fieldend|move: Trick Room\n|upkeep\n|\n|t:|1699769343\n|switch|p1a: Mochi|Urshifu, L50, F|100\/100\n|switch|p2a: Kingambit|Kingambit, L50, M|100\/100\n|turn|6\n|\n|t:|1699769366\n|move|p2a: Kingambit|Protect|p2a: Kingambit\n|-singleturn|p2a: Kingambit|Protect\n|move|p1a: Mochi|Close Combat|p2b: Ursaluna\n|-supereffective|p2b: Ursaluna\n|-damage|p2b: Ursaluna|0 fnt\n|-unboost|p1a: Mochi|def|1\n|-unboost|p1a: Mochi|spd|1\n|faint|p2b: Ursaluna\n|move|p1b: Ruger!|Flare Blitz|p2a: Kingambit\n|-activate|p2a: Kingambit|move: Protect\n|\n|upkeep\n|\n|t:|1699769378\n|switch|p2b: Farigiraf|Farigiraf, L50, M|100\/100\n|turn|7\n|\n|t:|1699769402\n|-terastallize|p2a: Kingambit|Dark\n|move|p1a: Mochi|Wicked Blow|p2b: Farigiraf\n|-supereffective|p2b: Farigiraf\n|-crit|p2b: Farigiraf\n|-damage|p2b: Farigiraf|0 fnt\n|faint|p2b: Farigiraf\n|move|p1b: Ruger!|Flare Blitz|p2a: Kingambit\n|-damage|p2a: Kingambit|64\/100\n|-damage|p1b: Ruger!|43\/100|[from] Recoil\n|move|p2a: Kingambit|Brick Break|p1a: Mochi\n|-supereffective|p1a: Mochi\n|-enditem|p1a: Mochi|Focus Sash\n|-damage|p1a: Mochi|1\/100\n|-damage|p2a: Kingambit|54\/100|[from] item: Life Orb\n|\n|upkeep\n|turn|8\n|-message|headonbody forfeited.\n|\n|win|BowDog!\n|raw|BowDog!'s rating: 1177 &rarr; <strong>1199<\/strong><br \/>(+22 for winning)\n|raw|headonbody's rating: 1136 &rarr; <strong>1114<\/strong><br \/>(-22 for losing)\n|l|\u2606headonbody\n|l|\u2606BowDog!\n|j|\u2606BowDog!\n|player|p1|BowDog!|winona\n","uploadtime":1699769490,"views":10,"p1id":"bowdog","p2id":"headonbody","formatid":"gen9vgc2023regulatione","rating":1114,"private":0,"password":""}