{"id":"gen9vgc2023regulatione-1994870420","p1":"AnUndeadMyth","p2":"ncsb","format":"[Gen 9] VGC 2023 Regulation E","log":"|j|\u203dAnUndeadMyth\n|j|\u2606ncsb\n|t:|1700500328\n|gametype|doubles\n|player|p1|AnUndeadMyth|102|1058\n|player|p2|ncsb|170|1142\n|teamsize|p1|6\n|teamsize|p2|6\n|gen|9\n|tier|[Gen 9] VGC 2023 Regulation E\n|rated|\n|rule|Species Clause: Limit one of each Pok\u00e9mon\n|rule|Item Clause: Limit one of each item\n|clearpoke\n|poke|p1|Grafaiai, L50, F|\n|poke|p1|Slaking, L50, M|\n|poke|p1|Toedscruel, L50, M|\n|poke|p1|Landorus-Therian, L50, M|\n|poke|p1|Sinistcha, L50|\n|poke|p1|Medicham, L50, F|\n|poke|p2|Tornadus, L50, M|\n|poke|p2|Flutter Mane, L50|\n|poke|p2|Rillaboom, L50, M|\n|poke|p2|Ogerpon-Hearthflame, L50, F|\n|poke|p2|Chien-Pao, L50|\n|poke|p2|Dragonite, L50, F|\n|teampreview|4\n|j| rocrazen\n|inactive|Battle timer is ON: inactive players will automatically lose when time's up. (requested by ncsb)\n|inactive|AnUndeadMyth has 60 seconds left.\n|inactive|ncsb has 60 seconds left.\n|\n|t:|1700500369\n|start\n|switch|p1a: Medicham|Medicham, L50, F|100\/100\n|switch|p1b: Landorus|Landorus-Therian, L50, M|100\/100\n|switch|p2a: Ventisca|Tornadus, L50, M|100\/100\n|switch|p2b: Chien-Pao|Chien-Pao, L50|100\/100\n|-ability|p1b: Landorus|Intimidate|boost\n|-unboost|p2a: Ventisca|atk|1\n|-unboost|p2b: Chien-Pao|atk|1\n|-ability|p2b: Chien-Pao|Sword of Ruin\n|turn|1\n|inactive|ncsb has 30 seconds left.\n|\n|t:|1700500394\n|-terastallize|p1a: Medicham|Steel\n|move|p2a: Ventisca|Tailwind|p2a: Ventisca\n|-sidestart|p2: ncsb|move: Tailwind\n|move|p1a: Medicham|Bullet Punch|p2b: Chien-Pao\n|-supereffective|p2b: Chien-Pao\n|-damage|p2b: Chien-Pao|15\/100\n|move|p2b: Chien-Pao|Crunch|p1a: Medicham\n|-damage|p1a: Medicham|32\/100\n|move|p1b: Landorus|U-turn|p2b: Chien-Pao\n|-supereffective|p2b: Chien-Pao\n|-damage|p2b: Chien-Pao|0 fnt\n|faint|p2b: Chien-Pao\n|\n|t:|1700500407\n|switch|p1b: Grafaiai|Grafaiai, L50, F|100\/100|[from] U-turn\n|\n|upkeep\n|\n|t:|1700500414\n|switch|p2b: Ogerpon|Ogerpon-Hearthflame, L50, F|100\/100\n|-ability|p2b: Ogerpon|Mold Breaker\n|turn|2\n|\n|t:|1700500428\n|switch|p1a: Landorus|Landorus-Therian, L50, M|100\/100\n|-ability|p1a: Landorus|Intimidate|boost\n|-unboost|p2a: Ventisca|atk|1\n|-unboost|p2b: Ogerpon|atk|1\n|move|p2a: Ventisca|Sunny Day|p2a: Ventisca\n|-weather|SunnyDay\n|move|p1b: Grafaiai|Encore|p2a: Ventisca\n|-start|p2a: Ventisca|Encore\n|move|p2b: Ogerpon|Ivy Cudgel|p1a: Landorus|[anim] Ivy Cudgel Fire\n|-damage|p1a: Landorus|27\/100\n|\n|-weather|SunnyDay|[upkeep]\n|upkeep\n|turn|3\n|\n|t:|1700500448\n|switch|p2a: Rillaboom|Rillaboom, L50, M|100\/100\n|-fieldstart|move: Grassy Terrain|[from] ability: Grassy Surge|[of] p2a: Rillaboom\n|move|p2b: Ogerpon|Spiky Shield|p2b: Ogerpon\n|-singleturn|p2b: Ogerpon|move: Protect\n|move|p1a: Landorus|Rock Slide|p2a: Rillaboom|[spread] p2a\n|-activate|p2b: Ogerpon|move: Protect\n|-damage|p2a: Rillaboom|79\/100\n|move|p1b: Grafaiai|Gunk Shot|p2b: Ogerpon\n|-activate|p2b: Ogerpon|move: Protect\n|\n|-weather|SunnyDay|[upkeep]\n|-heal|p2a: Rillaboom|85\/100|[from] Grassy Terrain\n|upkeep\n|turn|4\n|\n|t:|1700500468\n|-terastallize|p2b: Ogerpon|Fire\n|detailschange|p2b: Ogerpon|Ogerpon-Hearthflame-Tera, L50, F, tera:Fire\n|-ability|p2b: Ogerpon|Embody Aspect (Hearthflame)|boost\n|-boost|p2b: Ogerpon|atk|1\n|move|p2a: Rillaboom|Grassy Glide|p1a: Landorus\n|-damage|p1a: Landorus|0 fnt\n|faint|p1a: Landorus\n|move|p1b: Grafaiai|Encore|p2b: Ogerpon\n|-start|p2b: Ogerpon|Encore\n|move|p2b: Ogerpon|Spiky Shield|p2b: Ogerpon\n|-singleturn|p2b: Ogerpon|move: Protect\n|\n|-weather|SunnyDay|[upkeep]\n|-heal|p2a: Rillaboom|90\/100|[from] Grassy Terrain\n|-sideend|p2: ncsb|move: Tailwind\n|upkeep\n|\n|t:|1700500477\n|switch|p1a: Toedscruel|Toedscruel, L50, M|100\/100\n|turn|5\n|\n|t:|1700500500\n|switch|p2b: Ventisca|Tornadus, L50, M|100\/100\n|move|p1a: Toedscruel|Protect|p1a: Toedscruel\n|-singleturn|p1a: Toedscruel|Protect\n|move|p1b: Grafaiai|Doodle|p2b: Ventisca\n|-endability|p1a: Toedscruel|Mycelium Might|[from] move: Doodle\n|-ability|p1a: Toedscruel|Prankster|[from] move: Doodle\n|move|p2a: Rillaboom|Grassy Glide|p1b: Grafaiai\n|-resisted|p1b: Grafaiai\n|-damage|p1b: Grafaiai|66\/100\n|\n|-weather|SunnyDay|[upkeep]\n|-heal|p1b: Grafaiai|72\/100|[from] Grassy Terrain\n|-heal|p2a: Rillaboom|96\/100|[from] Grassy Terrain\n|upkeep\n|turn|6\n|inactive|ncsb has 30 seconds left.\n|\n|t:|1700500528\n|move|p1a: Toedscruel|Spore|p2b: Ventisca\n|-status|p2b: Ventisca|slp|[from] move: Spore\n|cant|p2b: Ventisca|slp\n|move|p2a: Rillaboom|Grassy Glide|p1a: Toedscruel\n|-damage|p1a: Toedscruel|55\/100\n|move|p1b: Grafaiai|Gunk Shot|p2a: Rillaboom\n|-supereffective|p2a: Rillaboom\n|-damage|p2a: Rillaboom|3\/100\n|-status|p2a: Rillaboom|psn\n|\n|-weather|none\n|-heal|p1a: Toedscruel|61\/100|[from] Grassy Terrain\n|-heal|p1b: Grafaiai|77\/100|[from] Grassy Terrain\n|-heal|p2a: Rillaboom|9\/100 psn|[from] Grassy Terrain\n|-damage|p2a: Rillaboom|0 fnt|[from] psn\n|faint|p2a: Rillaboom\n|upkeep\n|\n|t:|1700500546\n|switch|p2a: Ogerpon|Ogerpon-Hearthflame-Tera, L50, F, tera:Fire|100\/100\n|-ability|p2a: Ogerpon|Embody Aspect (Hearthflame)|boost\n|-boost|p2a: Ogerpon|atk|1\n|turn|7\n|\n|t:|1700500560\n|move|p1a: Toedscruel|Spore|p2a: Ogerpon\n|-status|p2a: Ogerpon|slp|[from] move: Spore\n|move|p1b: Grafaiai|Parting Shot|p2a: Ogerpon\n|-unboost|p2a: Ogerpon|atk|1\n|-unboost|p2a: Ogerpon|spa|1\n|\n|t:|1700500565\n|switch|p1b: Medicham|Medicham, L50, F, tera:Steel|32\/100|[from] Parting Shot\n|cant|p2a: Ogerpon|slp\n|cant|p2b: Ventisca|slp\n|\n|-heal|p1a: Toedscruel|67\/100|[from] Grassy Terrain\n|-heal|p1b: Medicham|38\/100|[from] Grassy Terrain\n|-fieldend|move: Grassy Terrain\n|upkeep\n|turn|8\n|\n|t:|1700500581\n|move|p1a: Toedscruel|Energy Ball|p2a: Ogerpon\n|-resisted|p2a: Ogerpon\n|-damage|p2a: Ogerpon|86\/100 slp\n|cant|p2a: Ogerpon|slp\n|cant|p2b: Ventisca|slp\n|move|p1b: Medicham|Close Combat|p2a: Ogerpon\n|-damage|p2a: Ogerpon|0 fnt\n|-unboost|p1b: Medicham|def|1\n|-unboost|p1b: Medicham|spd|1\n|faint|p2a: Ogerpon\n|\n|upkeep\n|turn|9\n|\n|t:|1700500603\n|move|p1a: Toedscruel|Protect|p1a: Toedscruel\n|-singleturn|p1a: Toedscruel|Protect\n|-curestatus|p2b: Ventisca|slp|[msg]\n|move|p2b: Ventisca|Bleakwind Storm|p1a: Toedscruel|[spread] \n|-activate|p1a: Toedscruel|move: Protect\n|-miss|p2b: Ventisca|p1b: Medicham\n|move|p1b: Medicham|Close Combat|p2b: Ventisca\n|-resisted|p2b: Ventisca\n|-damage|p2b: Ventisca|63\/100\n|-unboost|p1b: Medicham|def|1\n|-unboost|p1b: Medicham|spd|1\n|\n|upkeep\n|turn|10\n|\n|t:|1700500616\n|move|p1a: Toedscruel|Spore|p2b: Ventisca\n|-status|p2b: Ventisca|slp|[from] move: Spore\n|cant|p2b: Ventisca|slp\n|move|p1b: Medicham|Close Combat|p2b: Ventisca\n|-resisted|p2b: Ventisca\n|-damage|p2b: Ventisca|25\/100 slp\n|-unboost|p1b: Medicham|def|1\n|-unboost|p1b: Medicham|spd|1\n|\n|upkeep\n|turn|11\n|\n|t:|1700500626\n|move|p1a: Toedscruel|Energy Ball|p2b: Ventisca\n|-resisted|p2b: Ventisca\n|-damage|p2b: Ventisca|11\/100 slp\n|cant|p2b: Ventisca|slp\n|move|p1b: Medicham|Close Combat|p2b: Ventisca\n|-resisted|p2b: Ventisca\n|-damage|p2b: Ventisca|0 fnt\n|-unboost|p1b: Medicham|def|1\n|-unboost|p1b: Medicham|spd|1\n|faint|p2b: Ventisca\n|\n|win|AnUndeadMyth\n|raw|AnUndeadMyth's rating: 1058 &rarr; <strong>1097<\/strong><br \/>(+39 for winning)\n|raw|ncsb's rating: 1142 &rarr; <strong>1111<\/strong><br \/>(-31 for losing)\n|l|\u2606ncsb\n","uploadtime":1700500640,"views":8,"p1id":"anundeadmyth","p2id":"ncsb","formatid":"gen9vgc2023regulatione","rating":1097,"private":0,"password":""}