{"id":"gen9vgc2023regulatione-1988130458","p1":"IAmAnissue","p2":"DonFuron","format":"[Gen 9] VGC 2023 Regulation E","log":"|j|\u2606IAmAnissue\n|j|\u2606DonFuron\n|n|\u2606IAmAnissue|iamanissue\n|n|\u2606DonFuron|donfuron\n|html|View the match progress at <a href=\"\/game-bestof3-gen9vgc2023regulatione-1988128305\">game-bestof3-gen9vgc2023regulatione-1988128305<\/a>\n|t:|1699673353\n|gametype|doubles\n|player|p1|IAmAnissue|101|\n|player|p2|DonFuron|101|\n|teamsize|p1|6\n|teamsize|p2|6\n|gen|9\n|tier|[Gen 9] VGC 2023 Regulation E\n|rule|Species Clause: Limit one of each Pok\u00e9mon\n|rule|Item Clause: Limit one of each item\n|clearpoke\n|poke|p1|Lokix, L50, F|\n|poke|p1|Farigiraf, L50, F|\n|poke|p1|Iron Hands, L50|\n|poke|p1|Flutter Mane, L50|\n|poke|p1|Rillaboom, L50, M|\n|poke|p1|Talonflame, L50, M|\n|poke|p2|Enamorus-Therian, L50, F|\n|poke|p2|Snorlax, L50, M|\n|poke|p2|Ursaluna-Bloodmoon, L50, M|\n|poke|p2|Armarouge, L50, M|\n|poke|p2|Indeedee-F, L50, F|\n|poke|p2|Oranguru, L50, F|\n|teampreview|4\n|inactive|Battle timer is ON: inactive players will automatically lose when time's up. (requested by IAmAnissue)\nIAmAnissue has agreed to open team sheets.\nDonFuron has agreed to open team sheets.\n|showteam|p1|Lokix||LifeOrb|TintedLens|FirstImpression,SuckerPunch,Uturn,Detect|||F|||50|,,,,,Bug]Farigiraf||SitrusBerry|ArmorTail|Psychic,HyperVoice,HelpingHand,TrickRoom|||F|||50|,,,,,Fairy]Iron Hands||AssaultVest|QuarkDrive|FakeOut,WildCharge,DrainPunch,HeavySlam||||||50|,,,,,Grass]Flutter Mane||ChoiceSpecs|Protosynthesis|Moonblast,DazzlingGleam,ShadowBall,Thunderbolt||||||50|,,,,,Fairy]Rillaboom||MiracleSeed|GrassySurge|FakeOut,WoodHammer,KnockOff,Uturn|||M|||50|,,,,,Fire]Talonflame||CovertCloak|GaleWings|BraveBird,Tailwind,WillOWisp,Taunt|||M|||50|,,,,,Ghost\n|showteam|p2|Enamorus-Therian||CovertCloak|Overcoat|Moonblast,DazzlingGleam,EarthPower,CalmMind|||F|||50|,,,,,Water]Snorlax||CustapBerry|Gluttony|Facade,Earthquake,BellyDrum,Protect|||M|||50|,,,,,Ground]Ursaluna-Bloodmoon||ThroatSpray|MindsEye|HyperVoice,EarthPower,BloodMoon,Protect|||M|||50|,,,,,Normal]Armarouge||TwistedSpoon|FlashFire|ExpandingForce,ArmorCannon,ClearSmog,WideGuard|||M|||50|,,,,,Psychic]Indeedee-F||SafetyGoggles|PsychicSurge|FollowMe,HelpingHand,TrickRoom,DazzlingGleam|||F|||50|,,,,,Flying]Oranguru||PsychicSeed|Telepathy|Instruct,TrickRoom,FoulPlay,PsychicTerrain|||F|||50|,,,,,Water\n|inactiveoff|Battle timer is now OFF.\n|\n|t:|1699673415\n|start\n|switch|p1a: Birb|Talonflame, L50, M, shiny|100\/100\n|switch|p1b: Spiderman|Lokix, L50, F, shiny|100\/100\n|switch|p2a: Indeedee|Indeedee-F, L50, F|100\/100\n|switch|p2b: Snorlax|Snorlax, L50, M|100\/100\n|-fieldstart|move: Psychic Terrain|[from] ability: Psychic Surge|[of] p2a: Indeedee\n|turn|1\n|\n|t:|1699673429\n|switch|p1a: Out of Names|Rillaboom, L50, M|100\/100\n|-fieldstart|move: Grassy Terrain|[from] ability: Grassy Surge|[of] p1a: Out of Names\n|-terastallize|p1b: Spiderman|Bug\n|move|p1b: Spiderman|First Impression|p2b: Snorlax\n|-damage|p2b: Snorlax|25\/100\n|-damage|p1b: Spiderman|91\/100|[from] item: Life Orb\n|move|p2b: Snorlax|Belly Drum||[still]\n|-fail|p2b: Snorlax\n|move|p2a: Indeedee|Trick Room|p2a: Indeedee\n|-fieldstart|move: Trick Room|[of] p2a: Indeedee\n|\n|-heal|p2b: Snorlax|31\/100|[from] Grassy Terrain\n|-heal|p1b: Spiderman|97\/100|[from] Grassy Terrain\n|upkeep\n|turn|2\n|-enditem|p2b: Snorlax|Custap Berry|[eat]\n|-activate|p2b: Snorlax|item: Custap Berry|[consumed]\n|\n|t:|1699673453\n|switch|p2a: Oranguru|Oranguru, L50, F|100\/100\n|move|p2b: Snorlax|Facade|p1b: Spiderman\n|-damage|p1b: Spiderman|49\/100\n|move|p1a: Out of Names|Wood Hammer|p2a: Oranguru\n|-damage|p2a: Oranguru|35\/100\n|-damage|p1a: Out of Names|78\/100|[from] Recoil\n|move|p1b: Spiderman|U-turn|p2a: Oranguru\n|-supereffective|p2a: Oranguru\n|-damage|p2a: Oranguru|0 fnt\n|faint|p2a: Oranguru\n|-damage|p1b: Spiderman|40\/100|[from] item: Life Orb\n|\n|t:|1699673463\n|switch|p1b: Birb|Talonflame, L50, M, shiny|100\/100|[from] U-turn\n|\n|-heal|p2b: Snorlax|37\/100|[from] Grassy Terrain\n|-heal|p1a: Out of Names|85\/100|[from] Grassy Terrain\n|upkeep\n|\n|t:|1699673469\n|switch|p2a: Indeedee|Indeedee-F, L50, F|100\/100\n|-fieldstart|move: Psychic Terrain|[from] ability: Psychic Surge|[of] p2a: Indeedee\n|turn|3\n|\n|t:|1699673486\n|move|p2a: Indeedee|Helping Hand|p2b: Snorlax\n|-singleturn|p2b: Snorlax|Helping Hand|[of] p2a: Indeedee\n|move|p2b: Snorlax|Facade|p1b: Birb\n|-damage|p1b: Birb|37\/100\n|move|p1a: Out of Names|Knock Off|p2a: Indeedee\n|-supereffective|p2a: Indeedee\n|-damage|p2a: Indeedee|41\/100\n|-enditem|p2a: Indeedee|Safety Goggles|[from] move: Knock Off|[of] p1a: Out of Names\n|move|p1b: Birb|Taunt|p2a: Indeedee\n|-start|p2a: Indeedee|move: Taunt\n|\n|upkeep\n|turn|4\n|\n|t:|1699673512\n|switch|p2a: Enamorus|Enamorus-Therian, L50, F|100\/100\n|move|p2b: Snorlax|Facade|p1b: Birb\n|-damage|p1b: Birb|0 fnt\n|faint|p1b: Birb\n|move|p1a: Out of Names|U-turn|p2a: Enamorus\n|-resisted|p2a: Enamorus\n|-damage|p2a: Enamorus|96\/100\n|\n|t:|1699673519\n|switch|p1a: Spiderman|Lokix, L50, F, shiny, tera:Bug|40\/100|[from] U-turn\n|\n|upkeep\n|\n|t:|1699673521\n|switch|p1b: Out of Names|Rillaboom, L50, M|85\/100\n|-fieldstart|move: Grassy Terrain|[from] ability: Grassy Surge|[of] p1b: Out of Names\n|turn|5\n|\n|t:|1699673549\n|move|p1b: Out of Names|Fake Out|p2a: Enamorus\n|-damage|p2a: Enamorus|86\/100\n|move|p1a: Spiderman|First Impression|p2b: Snorlax\n|-damage|p2b: Snorlax|0 fnt\n|faint|p2b: Snorlax\n|-damage|p1a: Spiderman|30\/100|[from] item: Life Orb\n|move|p2a: Enamorus|Calm Mind|p2a: Enamorus\n|-boost|p2a: Enamorus|spa|1\n|-boost|p2a: Enamorus|spd|1\n|\n|-heal|p1b: Out of Names|91\/100|[from] Grassy Terrain\n|-heal|p1a: Spiderman|36\/100|[from] Grassy Terrain\n|-fieldend|move: Trick Room\n|upkeep\n|\n|t:|1699673554\n|switch|p2b: Indeedee|Indeedee-F, L50, F|41\/100\n|-fieldstart|move: Psychic Terrain|[from] ability: Psychic Surge|[of] p2b: Indeedee\n|turn|6\n|c|\u2606IAmAnissue|I may have forgot\n|\n|t:|1699673590\n|move|p2b: Indeedee|Helping Hand|p2a: Enamorus\n|-singleturn|p2a: Enamorus|Helping Hand|[of] p2b: Indeedee\n|move|p1a: Spiderman|Sucker Punch|p2a: Enamorus\n|-hint|Psychic Terrain doesn't affect Pok\u00e9mon immune to Ground.\n|-resisted|p2a: Enamorus\n|-damage|p2a: Enamorus|48\/100\n|-damage|p1a: Spiderman|27\/100|[from] item: Life Orb\n|move|p1b: Out of Names|U-turn|p2b: Indeedee\n|-supereffective|p2b: Indeedee\n|-damage|p2b: Indeedee|0 fnt\n|faint|p2b: Indeedee\n|\n|t:|1699673598\n|switch|p1b: Ms. Dreavus|Flutter Mane, L50|100\/100|[from] U-turn\n|move|p2a: Enamorus|Dazzling Gleam|p1b: Ms. Dreavus|[spread] p1a,p1b\n|-damage|p1a: Spiderman|0 fnt\n|-damage|p1b: Ms. Dreavus|36\/100\n|faint|p1a: Spiderman\n|\n|upkeep\n|\n|t:|1699673600\n|switch|p1a: Out of Names|Rillaboom, L50, M|91\/100\n|-fieldstart|move: Grassy Terrain|[from] ability: Grassy Surge|[of] p1a: Out of Names\n|turn|7\n|c|\u2606DonFuron|yeah covert cloak is a hell of an item\n|c|\u2606DonFuron|I also forgot u got another mon +\n|c|\u2606DonFuron|LOL\n|\n|t:|1699673620\n|move|p1a: Out of Names|Fake Out|p2a: Enamorus\n|-damage|p2a: Enamorus|38\/100\n|move|p1b: Ms. Dreavus|Moonblast|p2a: Enamorus\n|-damage|p2a: Enamorus|0 fnt\n|faint|p2a: Enamorus\n|\n|win|IAmAnissue\n|c|&|\/uhtml prompt-iamanissue,IAmAnissue is ready for game 3!\n|c|&|\/uhtml prompt-donfuron,DonFuron is ready for game 3!\nBoth players are ready! Starting next match!\n","uploadtime":1699673870,"views":19,"p1id":"iamanissue","p2id":"donfuron","formatid":"gen9vgc2023regulatione","rating":0,"private":0,"password":""}