{"id":"gen9vgc2023regulatione-1993673979","p1":"Jungle211","p2":"anthony7245","format":"[Gen 9] VGC 2023 Regulation E","log":"|j|\u2606Jungle211\n|j|\u2606anthony7245\n|t:|1700344142\n|gametype|doubles\n|player|p1|Jungle211|burglar|1207\n|player|p2|anthony7245|1|1154\n|teamsize|p1|6\n|teamsize|p2|6\n|gen|9\n|tier|[Gen 9] VGC 2023 Regulation E\n|rated|\n|rule|Species Clause: Limit one of each Pok\u00e9mon\n|rule|Item Clause: Limit one of each item\n|clearpoke\n|poke|p1|Amoonguss, L50, F|\n|poke|p1|Gholdengo, L50|\n|poke|p1|Flutter Mane, L50|\n|poke|p1|Urshifu-*, L50, M|\n|poke|p1|Tornadus, L50, M|\n|poke|p1|Chi-Yu, L50|\n|poke|p2|Chien-Pao, L50|\n|poke|p2|Tornadus, L50, M|\n|poke|p2|Landorus-Therian, L50, M|\n|poke|p2|Iron Hands, L50|\n|poke|p2|Flutter Mane, L50|\n|poke|p2|Urshifu-*, L50, M|\n|teampreview|4\n|\n|t:|1700344195\n|start\n|switch|p1a: Tornadus|Tornadus, L50, M|100\/100\n|switch|p1b: Amoonguss|Amoonguss, L50, F, shiny|100\/100\n|switch|p2a: Tornadus|Tornadus, L50, M|100\/100\n|switch|p2b: Urshifu|Urshifu, L50, M|100\/100\n|turn|1\n|\n|t:|1700344230\n|move|p1a: Tornadus|Tailwind|p1a: Tornadus\n|-sidestart|p1: Jungle211|move: Tailwind\n|move|p2b: Urshifu|Wicked Blow|p1b: Amoonguss\n|-crit|p1b: Amoonguss\n|-damage|p1b: Amoonguss|21\/100\n|move|p2a: Tornadus|Bleakwind Storm|p1b: Amoonguss|[spread] p1a,p1b\n|-supereffective|p1b: Amoonguss\n|-damage|p1a: Tornadus|56\/100\n|-damage|p1b: Amoonguss|0 fnt\n|faint|p1b: Amoonguss\n|\n|upkeep\n|\n|t:|1700344241\n|switch|p1b: Chi-Yu|Chi-Yu, L50|100\/100\n|-ability|p1b: Chi-Yu|Beads of Ruin\n|turn|2\n|\n|t:|1700344260\n|switch|p2b: Iron Hands|Iron Hands, L50|100\/100\n|-terastallize|p1b: Chi-Yu|Fire\n|move|p1a: Tornadus|Taunt|p2a: Tornadus\n|-start|p2a: Tornadus|move: Taunt\n|cant|p2a: Tornadus|move: Taunt|Tailwind\n|move|p1b: Chi-Yu|Heat Wave|p2a: Tornadus|[spread] p2a,p2b\n|-crit|p2b: Iron Hands\n|-damage|p2a: Tornadus|29\/100\n|-damage|p2b: Iron Hands|23\/100\n|-damage|p1b: Chi-Yu|90\/100|[from] item: Life Orb\n|\n|-heal|p2a: Tornadus|35\/100|[from] item: Leftovers\n|upkeep\n|turn|3\n|\n|t:|1700344300\n|switch|p1b: Flutter Mane|Flutter Mane, L50|100\/100\n|-enditem|p1b: Flutter Mane|Booster Energy\n|-activate|p1b: Flutter Mane|ability: Protosynthesis|[fromitem]\n|-start|p1b: Flutter Mane|protosynthesisspe\n|switch|p2a: Landorus|Landorus-Therian, L50, M|100\/100\n|-ability|p2a: Landorus|Intimidate|boost\n|-unboost|p1a: Tornadus|atk|1\n|-unboost|p1b: Flutter Mane|atk|1\n|move|p2b: Iron Hands|Fake Out|p1b: Flutter Mane\n|-immune|p1b: Flutter Mane\n|move|p1a: Tornadus|Bleakwind Storm|p2b: Iron Hands|[spread] p2a,p2b\n|-damage|p2a: Landorus|55\/100\n|-damage|p2b: Iron Hands|2\/100\n|\n|upkeep\n|turn|4\n|\n|t:|1700344327\n|move|p1b: Flutter Mane|Icy Wind|p2a: Landorus|[spread] p2a,p2b\n|-supereffective|p2a: Landorus\n|-damage|p2a: Landorus|0 fnt\n|-damage|p2b: Iron Hands|0 fnt\n|faint|p2a: Landorus\n|faint|p2b: Iron Hands\n|-end|p2b: Iron Hands|Quark Drive|[silent]\n|move|p1a: Tornadus|Icy Wind|p2: Landorus|[notarget]\n|-fail|p1a: Tornadus\n|\n|-sideend|p1: Jungle211|move: Tailwind\n|upkeep\n|\n|t:|1700344332\n|switch|p2a: Urshifu|Urshifu, L50, M|100\/100\n|switch|p2b: Tornadus|Tornadus, L50, M|35\/100\n|turn|5\n|\n|t:|1700344346\n|move|p1a: Tornadus|Tailwind|p1a: Tornadus\n|-sidestart|p1: Jungle211|move: Tailwind\n|move|p2b: Tornadus|Tailwind|p2b: Tornadus\n|-sidestart|p2: anthony7245|move: Tailwind\n|move|p1b: Flutter Mane|Moonblast|p2a: Urshifu\n|-supereffective|p2a: Urshifu\n|-damage|p2a: Urshifu|0 fnt\n|faint|p2a: Urshifu\n|\n|-heal|p2b: Tornadus|41\/100|[from] item: Leftovers\n|upkeep\n|turn|6\n|-message|anthony7245 forfeited.\n|\n|win|Jungle211\n|raw|Jungle211's rating: 1207 &rarr; <strong>1228<\/strong><br \/>(+21 for winning)\n|raw|anthony7245's rating: 1154 &rarr; <strong>1133<\/strong><br \/>(-21 for losing)\n|l|\u2606anthony7245\n","uploadtime":1700344371,"views":16,"p1id":"jungle211","p2id":"anthony7245","formatid":"gen9vgc2023regulatione","rating":1133,"private":0,"password":""}