{"id":"gen9vgc2023regulatione-1988432161","p1":"tomcheung22","p2":"Winnie1906","format":"[Gen 9] VGC 2023 Regulation E","log":"|j|\u2606tomcheung22\n|j|\u2606Winnie1906\n|t:|1699722314\n|gametype|doubles\n|player|p1|tomcheung22|lady-gen4|\n|player|p2|Winnie1906|zinnia|\n|teamsize|p1|6\n|teamsize|p2|6\n|gen|9\n|tier|[Gen 9] VGC 2023 Regulation E\n|rated|Tournament battle\n|rule|Species Clause: Limit one of each Pok\u00e9mon\n|rule|Item Clause: Limit one of each item\n|clearpoke\n|poke|p1|Armarouge, L50, M|\n|poke|p1|Indeedee-F, L50, F|\n|poke|p1|Scream Tail, L50|\n|poke|p1|Dondozo, L50, M|\n|poke|p1|Tatsugiri, L50, M|\n|poke|p1|Iron Hands, L50|\n|poke|p2|Ursaluna-Bloodmoon, L50, M|\n|poke|p2|Sinistcha, L50|\n|poke|p2|Iron Hands, L50|\n|poke|p2|Kingambit, L50, M|\n|poke|p2|Arcanine-Hisui, L50, F|\n|poke|p2|Thundurus, L50, M|\n|teampreview|4\n|showteam|p1|Armarouge||MindPlate|FlashFire|ArmorCannon,ExpandingForce,WideGuard,TrickRoom|||M|||50|,,,,,Psychic]Indeedee-F||PsychicSeed|PsychicSurge|DazzlingGleam,FollowMe,HelpingHand,TrickRoom|||F|||50|,,,,,Grass]Scream Tail||RoomService|Protosynthesis|PsychicFangs,DrainPunch,Howl,TrickRoom||||||50|,,,,,Water]Dondozo||SafetyGoggles|Oblivious|WaveCrash,TeraBlast,Earthquake,Protect|||M|||50|,,,,,Flying]Tatsugiri||AbilityShield|Commander|MuddyWater,DracoMeteor,Taunt,Protect|||M|||50|,,,,,Steel]Iron Hands||ClearAmulet|QuarkDrive|ThunderPunch,DrainPunch,IcePunch,FakeOut||||||50|,,,,,Grass\n|showteam|p2|Ursaluna-Bloodmoon||ThroatSpray|MindsEye|HyperVoice,BloodMoon,EarthPower,Protect|||M|||50|,,,,,Normal]Sinistcha||MentalHerb|Hospitality|MatchaGotcha,StrengthSap,RagePowder,TrickRoom||||||50|,,,,,Fire]Iron Hands||AssaultVest|QuarkDrive|DrainPunch,WildCharge,HeavySlam,FakeOut||||||50|,,,,,Fire]Kingambit||BlackGlasses|Defiant|KowtowCleave,SuckerPunch,SwordsDance,Protect|||M|||50|,,,,,Dark]Arcanine-Hisui||ChoiceScarf|Intimidate|FlareBlitz,RockSlide,HeadSmash,PsychicFangs|||F|||50|,,,,,Psychic]Thundurus||SitrusBerry|Prankster|Acrobatics,WildCharge,ThunderWave,EerieImpulse|||M|||50|,,,,,Steel\n|j| Kiwigal\n|j| christianfinity2\n|c|\u2606Winnie1906|room service scream tail\n|c|\u2606Winnie1906|that is new to me for sure\n|c| Kiwigal|it's tom\n|c|\u2606tomcheung22|and?\n|c|\u2606tomcheung22|what about me\n|c| Kiwigal|y'know\n|c|\u2606tomcheung22|a psyspam addict?\n|c| Kiwigal|nah, just liking to use wierd stuff\n|\n|t:|1699722459\n|start\n|switch|p1a: Scream Tail|Scream Tail, L50|100\/100\n|switch|p1b: Dondozo|Dondozo, L50, M|100\/100\n|switch|p2a: Ursaluna|Ursaluna-Bloodmoon, L50, M|100\/100\n|switch|p2b: Arcanine|Arcanine-Hisui, L50, F|100\/100\n|-ability|p2b: Arcanine|Intimidate|boost\n|-unboost|p1a: Scream Tail|atk|1\n|-fail|p1b: Dondozo|unboost|Attack|[from] ability: Oblivious|[of] p1b: Dondozo\n|turn|1\n|j| Noah boi1234\n|inactive|Battle timer is ON: inactive players will automatically lose when time's up. (requested by tomcheung22)\n|\n|t:|1699722489\n|-terastallize|p2a: Ursaluna|Normal\n|move|p1b: Dondozo|Protect|p1b: Dondozo\n|-singleturn|p1b: Dondozo|Protect\n|move|p2b: Arcanine|Rock Slide|p1a: Scream Tail|[spread] p1a\n|-activate|p1b: Dondozo|move: Protect\n|-damage|p1a: Scream Tail|82\/100\n|cant|p1a: Scream Tail|flinch\n|move|p2a: Ursaluna|Hyper Voice|p1a: Scream Tail|[spread] p1a\n|-activate|p1b: Dondozo|move: Protect\n|-damage|p1a: Scream Tail|47\/100\n|-enditem|p2a: Ursaluna|Throat Spray\n|-boost|p2a: Ursaluna|spa|1|[from] item: Throat Spray\n|\n|upkeep\n|turn|2\n|inactive|tomcheung22 has 30 seconds left.\n|inactive|Winnie1906 has 30 seconds left.\n|inactive|Winnie1906 has 20 seconds left.\n|\n|t:|1699722525\n|-end|p1a: Scream Tail|Protosynthesis|[silent]\n|switch|p1a: Tatsugiri|Tatsugiri, L50, M|100\/100\n|-activate|p1a: Tatsugiri|ability: Commander|[of] p1b: Dondozo\n|-boost|p1b: Dondozo|atk|2\n|-boost|p1b: Dondozo|spa|2\n|-boost|p1b: Dondozo|spe|2\n|-boost|p1b: Dondozo|def|2\n|-boost|p1b: Dondozo|spd|2\n|move|p2b: Arcanine|Rock Slide|p1a: Tatsugiri|[spread] p1b\n|-miss|p2b: Arcanine|p1a: Tatsugiri\n|-damage|p1b: Dondozo|89\/100\n|move|p1b: Dondozo|Earthquake|p2b: Arcanine|[spread] p2a,p2b\n|-miss|p1b: Dondozo|p1a: Tatsugiri\n|-supereffective|p2b: Arcanine\n|-damage|p2a: Ursaluna|72\/100\n|-damage|p2b: Arcanine|0 fnt\n|faint|p2b: Arcanine\n|move|p2a: Ursaluna|Blood Moon|p1b: Dondozo\n|-damage|p1b: Dondozo|12\/100\n|\n|upkeep\n|c|\u2606tomcheung22|I would like that howl\n|\n|t:|1699722544\n|switch|p2b: Sinistcha|Sinistcha, L50|100\/100\n|-heal|p2a: Ursaluna|97\/100|[from] ability: Hospitality|[of] p2b: Sinistcha\n|turn|3\n|l| Noah boi1234\n|inactive|tomcheung22 has 30 seconds left.\n|\n|t:|1699722572\n|-terastallize|p1b: Dondozo|Flying\n|move|p1b: Dondozo|Tera Blast|p2b: Sinistcha|[anim] Tera Blast Flying\n|-supereffective|p2b: Sinistcha\n|-damage|p2b: Sinistcha|0 fnt\n|faint|p2b: Sinistcha\n|move|p2a: Ursaluna|Hyper Voice|p1a: Tatsugiri|[spread] p1b\n|-miss|p2a: Ursaluna|p1a: Tatsugiri\n|-damage|p1b: Dondozo|0 fnt\n|faint|p1b: Dondozo\n|\n|upkeep\n|\n|t:|1699722580\n|switch|p2b: Thundurus|Thundurus, L50, M|100\/100\n|switch|p1b: Iron Hands|Iron Hands, L50|100\/100\n|turn|4\n|inactive|tomcheung22 has 30 seconds left.\n|inactive|Winnie1906 has 30 seconds left.\n|\n|t:|1699722611\n|move|p2a: Ursaluna|Protect|p2a: Ursaluna\n|-singleturn|p2a: Ursaluna|Protect\n|move|p1b: Iron Hands|Fake Out|p2b: Thundurus\n|-damage|p2b: Thundurus|81\/100\n|cant|p2b: Thundurus|flinch\n|move|p1a: Tatsugiri|Muddy Water|p2a: Ursaluna|[spread] p2b\n|-activate|p2a: Ursaluna|move: Protect\n|-crit|p2b: Thundurus\n|-damage|p2b: Thundurus|31\/100\n|-enditem|p2b: Thundurus|Sitrus Berry|[eat]\n|-heal|p2b: Thundurus|55\/100|[from] item: Sitrus Berry\n|\n|upkeep\n|turn|5\n|inactive|Winnie1906 has 30 seconds left.\n|j| TargetDummies\n|\n|t:|1699722644\n|move|p2b: Thundurus|Eerie Impulse|p1a: Tatsugiri\n|-unboost|p1a: Tatsugiri|spa|2\n|move|p1a: Tatsugiri|Muddy Water|p2b: Thundurus|[spread] p2a,p2b\n|-damage|p2a: Ursaluna|78\/100\n|-damage|p2b: Thundurus|39\/100\n|move|p1b: Iron Hands|Drain Punch|p2a: Ursaluna\n|-supereffective|p2a: Ursaluna\n|-damage|p2a: Ursaluna|19\/100\n|move|p2a: Ursaluna|Earth Power|p1b: Iron Hands\n|-supereffective|p1b: Iron Hands\n|-damage|p1b: Iron Hands|0 fnt\n|faint|p1b: Iron Hands\n|-end|p1b: Iron Hands|Quark Drive|[silent]\n|\n|upkeep\n|\n|t:|1699722658\n|switch|p1b: Scream Tail|Scream Tail, L50|47\/100\n|turn|6\n|l| christianfinity2\n|\n|t:|1699722682\n|move|p2a: Ursaluna|Protect|p2a: Ursaluna\n|-singleturn|p2a: Ursaluna|Protect\n|move|p2b: Thundurus|Acrobatics|p1b: Scream Tail\n|-damage|p1b: Scream Tail|14\/100\n|move|p1a: Tatsugiri|Draco Meteor|p2a: Ursaluna\n|-activate|p2a: Ursaluna|move: Protect\n|move|p1b: Scream Tail|Drain Punch|p2a: Ursaluna\n|-activate|p2a: Ursaluna|move: Protect\n|\n|upkeep\n|turn|7\n|\n|t:|1699722697\n|move|p2b: Thundurus|Acrobatics|p1b: Scream Tail\n|-damage|p1b: Scream Tail|0 fnt\n|faint|p1b: Scream Tail\n|-end|p1b: Scream Tail|Protosynthesis|[silent]\n|move|p1a: Tatsugiri|Draco Meteor|p2a: Ursaluna\n|-damage|p2a: Ursaluna|0 fnt\n|-unboost|p1a: Tatsugiri|spa|2\n|faint|p2a: Ursaluna\n|\n|upkeep\n|turn|8\n|\n|t:|1699722709\n|move|p1a: Tatsugiri|Protect|p1a: Tatsugiri\n|-singleturn|p1a: Tatsugiri|Protect\n|move|p2b: Thundurus|Acrobatics|p1a: Tatsugiri\n|-activate|p1a: Tatsugiri|move: Protect\n|\n|upkeep\n|turn|9\n|\n|t:|1699722714\n|move|p2b: Thundurus|Acrobatics|p1a: Tatsugiri\n|-damage|p1a: Tatsugiri|38\/100\n|move|p1a: Tatsugiri|Draco Meteor|p2b: Thundurus\n|-damage|p2b: Thundurus|14\/100\n|-unboost|p1a: Tatsugiri|spa|2\n|\n|upkeep\n|turn|10\n|\n|t:|1699722722\n|move|p2b: Thundurus|Acrobatics|p1a: Tatsugiri\n|-crit|p1a: Tatsugiri\n|-damage|p1a: Tatsugiri|0 fnt\n|faint|p1a: Tatsugiri\n|\n|win|Winnie1906\n|n|\u2606tomcheung22|tomcheung22\n|n|\u2606Winnie1906|winnie1906\n|n| Kiwigal|kiwigal\n|n| TargetDummies|targetdummies\n","uploadtime":1699722724,"views":16,"p1id":"tomcheung22","p2id":"winnie1906","formatid":"gen9vgc2023regulatione","rating":0,"private":0,"password":""}