{"id":"gen9vgc2023regulatione-1989429156","p1":"Trains go BRRR","p2":"Escatross","format":"[Gen 9] VGC 2023 Regulation E","log":"|j|\u2606Trains go BRRR\n|j|\u2606Escatross\n|t:|1699849172\n|gametype|doubles\n|player|p1|Trains go BRRR|102|1449\n|player|p2|Escatross|266|1494\n|teamsize|p1|6\n|teamsize|p2|6\n|gen|9\n|tier|[Gen 9] VGC 2023 Regulation E\n|rated|\n|rule|Species Clause: Limit one of each Pok\u00e9mon\n|rule|Item Clause: Limit one of each item\n|clearpoke\n|poke|p1|Milotic, L50, F|\n|poke|p1|Rillaboom, L50, F|\n|poke|p1|Heatran, L50, F|\n|poke|p1|Landorus-Therian, L50, M|\n|poke|p1|Dragonite, L50, F|\n|poke|p1|Chien-Pao, L50|\n|poke|p2|Sneasler, L50, M|\n|poke|p2|Regieleki, L50|\n|poke|p2|Farigiraf, L50, M|\n|poke|p2|Rillaboom, L50, M|\n|poke|p2|Iron Valiant, L50|\n|poke|p2|Urshifu-*, L50, F|\n|teampreview|4\n|inactive|Battle timer is ON: inactive players will automatically lose when time's up. (requested by Escatross)\n|j| DarkRinoRex\n|inactive|Escatross has 60 seconds left.\n|\n|t:|1699849204\n|start\n|switch|p1a: Landorus|Landorus-Therian, L50, M|100\/100\n|switch|p1b: Chien-Pao|Chien-Pao, L50|100\/100\n|switch|p2a: Sneasler|Sneasler, L50, M|100\/100\n|switch|p2b: Regieleki|Regieleki, L50|100\/100\n|-ability|p1a: Landorus|Intimidate|boost\n|-unboost|p2a: Sneasler|atk|1\n|-unboost|p2b: Regieleki|atk|1\n|-ability|p1b: Chien-Pao|Sword of Ruin\n|turn|1\n|inactive|Trains go BRRR has 30 seconds left.\n|inactive|Escatross has 30 seconds left.\n|inactive|Trains go BRRR has 20 seconds left.\n|inactive|Escatross has 20 seconds left.\n|\n|t:|1699849241\n|-terastallize|p1b: Chien-Pao|Ghost\n|move|p2b: Regieleki|Protect|p2b: Regieleki\n|-singleturn|p2b: Regieleki|Protect\n|move|p2a: Sneasler|Protect|p2a: Sneasler\n|-singleturn|p2a: Sneasler|Protect\n|move|p1a: Landorus|Stomping Tantrum|p2a: Sneasler\n|-activate|p2a: Sneasler|move: Protect\n|move|p1b: Chien-Pao|Sacred Sword|p2a: Sneasler\n|-activate|p2a: Sneasler|move: Protect\n|\n|upkeep\n|turn|2\n|\n|t:|1699849259\n|switch|p2a: Farigiraf|Farigiraf, L50, M|100\/100\n|-terastallize|p2b: Regieleki|Ice\n|move|p1b: Chien-Pao|Protect|p1b: Chien-Pao\n|-singleturn|p1b: Chien-Pao|Protect\n|move|p2b: Regieleki|Tera Blast|p1a: Landorus|[anim] Tera Blast Ice\n|-supereffective|p1a: Landorus\n|-damage|p1a: Landorus|0 fnt\n|faint|p1a: Landorus\n|-damage|p2b: Regieleki|91\/100|[from] item: Life Orb\n|\n|upkeep\n|\n|t:|1699849270\n|switch|p1a: Heatran|Heatran, L50, F|100\/100\n|turn|3\n|\n|t:|1699849285\n|move|p2b: Regieleki|Volt Switch|p1b: Chien-Pao\n|-damage|p1b: Chien-Pao|6\/100\n|-damage|p2b: Regieleki|81\/100|[from] item: Life Orb\n|\n|t:|1699849295\n|switch|p2b: Urshifu|Urshifu-Rapid-Strike, L50, F|100\/100|[from] Volt Switch\n|move|p1b: Chien-Pao|Icicle Crash|p2a: Farigiraf\n|-damage|p2a: Farigiraf|48\/100\n|move|p1a: Heatran|Magma Storm|p2b: Urshifu\n|-resisted|p2b: Urshifu\n|-damage|p2b: Urshifu|48\/100\n|-activate|p2b: Urshifu|move: Magma Storm|[of] p1a: Heatran\n|-damage|p1a: Heatran|91\/100|[from] item: Life Orb\n|cant|p2a: Farigiraf|flinch\n|\n|-damage|p2b: Urshifu|36\/100|[from] move: Magma Storm|[partiallytrapped]\n|upkeep\n|turn|4\n|\n|t:|1699849317\n|switch|p1a: Rillaboom|Rillaboom, L50, F|100\/100\n|-fieldstart|move: Grassy Terrain|[from] ability: Grassy Surge|[of] p1a: Rillaboom\n|move|p2b: Urshifu|Surging Strikes|p1a: Rillaboom\n|-resisted|p1a: Rillaboom\n|-crit|p1a: Rillaboom\n|-damage|p1a: Rillaboom|88\/100\n|-resisted|p1a: Rillaboom\n|-crit|p1a: Rillaboom\n|-damage|p1a: Rillaboom|74\/100\n|-resisted|p1a: Rillaboom\n|-crit|p1a: Rillaboom\n|-damage|p1a: Rillaboom|61\/100\n|-hitcount|p1a: Rillaboom|3\n|move|p1b: Chien-Pao|Sacred Sword|p2b: Urshifu\n|-damage|p2b: Urshifu|0 fnt\n|faint|p2b: Urshifu\n|move|p2a: Farigiraf|Dazzling Gleam|p1a: Rillaboom|[spread] p1a,p1b\n|-damage|p1a: Rillaboom|46\/100\n|-damage|p1b: Chien-Pao|0 fnt\n|faint|p1b: Chien-Pao\n|\n|-heal|p1a: Rillaboom|53\/100|[from] Grassy Terrain\n|-heal|p2a: Farigiraf|54\/100|[from] Grassy Terrain\n|upkeep\n|inactive|Escatross has 30 seconds left.\n|\n|t:|1699849345\n|switch|p1b: Heatran|Heatran, L50, F|91\/100\n|switch|p2b: Regieleki|Regieleki, L50, tera:Ice|81\/100\n|turn|5\n|\n|t:|1699849358\n|move|p2b: Regieleki|Tera Blast|p1a: Rillaboom|[anim] Tera Blast Ice\n|-supereffective|p1a: Rillaboom\n|-damage|p1a: Rillaboom|0 fnt\n|faint|p1a: Rillaboom\n|-damage|p2b: Regieleki|72\/100|[from] item: Life Orb\n|move|p1b: Heatran|Earth Power|p2b: Regieleki\n|-damage|p2b: Regieleki|0 fnt\n|faint|p2b: Regieleki\n|-damage|p1b: Heatran|81\/100|[from] item: Life Orb\n|move|p2a: Farigiraf|Psychic|p1b: Heatran\n|-resisted|p1b: Heatran\n|-damage|p1b: Heatran|65\/100\n|\n|-heal|p1b: Heatran|71\/100|[from] Grassy Terrain\n|-heal|p2a: Farigiraf|60\/100|[from] Grassy Terrain\n|upkeep\n|\n|t:|1699849375\n|switch|p2b: Sneasler|Sneasler, L50, M|100\/100\n|-enditem|p2b: Sneasler|Grassy Seed\n|-boost|p2b: Sneasler|def|1|[from] item: Grassy Seed\n|turn|6\n|\n|t:|1699849383\n|move|p1b: Heatran|Protect|p1b: Heatran\n|-singleturn|p1b: Heatran|Protect\n|move|p2b: Sneasler|Close Combat|p1b: Heatran\n|-activate|p1b: Heatran|move: Protect\n|move|p2a: Farigiraf|Psychic|p1b: Heatran\n|-activate|p1b: Heatran|move: Protect\n|\n|-heal|p1b: Heatran|77\/100|[from] Grassy Terrain\n|-heal|p2a: Farigiraf|66\/100|[from] Grassy Terrain\n|upkeep\n|turn|7\n|\n|t:|1699849398\n|move|p2b: Sneasler|Close Combat|p1b: Heatran\n|-supereffective|p1b: Heatran\n|-damage|p1b: Heatran|0 fnt\n|-unboost|p2b: Sneasler|def|1\n|-unboost|p2b: Sneasler|spd|1\n|faint|p1b: Heatran\n|\n|win|Escatross\n|raw|Trains go BRRR's rating: 1449 &rarr; <strong>1432<\/strong><br \/>(-17 for losing)\n|raw|Escatross's rating: 1494 &rarr; <strong>1511<\/strong><br \/>(+17 for winning)\n","uploadtime":1699849406,"views":12,"p1id":"trainsgobrrr","p2id":"escatross","formatid":"gen9vgc2023regulatione","rating":1432,"private":0,"password":""}