{"id":"gen9vgc2023regulatione-1994436910","p1":"kidturtle","p2":"casper6_14","format":"[Gen 9] VGC 2023 Regulation E","log":"|j|\u2606kidturtle\n|j|\u2606casper6_14\n|t:|1700443805\n|gametype|doubles\n|player|p1|kidturtle|hoopster|\n|player|p2|casper6_14|170|\n|teamsize|p1|6\n|teamsize|p2|6\n|gen|9\n|tier|[Gen 9] VGC 2023 Regulation E\n|rated|Tournament battle\n|rule|Species Clause: Limit one of each Pok\u00e9mon\n|rule|Item Clause: Limit one of each item\n|clearpoke\n|poke|p1|Iron Hands, L50|\n|poke|p1|Ursaluna, L50, M|\n|poke|p1|Urshifu-*, L50, M|\n|poke|p1|Ogerpon-Hearthflame, L50, F|\n|poke|p1|Cresselia, L50, F|\n|poke|p1|Flutter Mane, L50|\n|poke|p2|Gholdengo, L50|\n|poke|p2|Perrserker, L50, M|\n|poke|p2|Dondozo, L50, F|\n|poke|p2|Tatsugiri, L50, F|\n|poke|p2|Dragonite, L50, M|\n|poke|p2|Chien-Pao, L50|\n|teampreview|4\n|showteam|p1|Iron Hands||AssaultVest|QuarkDrive|HeavySlam,DrainPunch,WildCharge,FakeOut||||||50|,,,,,Fire]Ursaluna||FlameOrb|Guts|Protect,Facade,Earthquake,SwordsDance|||M|||50|,,,,,Ghost]Urshifu||FocusSash|UnseenFist|WickedBlow,SuckerPunch,CloseCombat,Protect|||M|||50|,,,,,Dark]Ogerpon-Hearthflame||HearthflameMask|MoldBreaker|SpikyShield,IvyCudgel,WoodHammer,StompingTantrum|||F|||50|,,,,,Fire]Cresselia||SafetyGoggles|Levitate|TrickRoom,LunarBlessing,IceBeam,AllySwitch|||F|||50|,,,,,Dark]Flutter Mane||BoosterEnergy|Protosynthesis|IcyWind,Moonblast,EnergyBall,Protect||||||50|,,,,,Grass\n|showteam|p2|Gholdengo||IronPlate|GoodasGold|MakeItRain,ShadowBall,Protect,PowerGem||||||50|,,,,,Steel]Perrserker||AssaultVest|SteelySpirit|FakeOut,IronHead,CloseCombat,KnockOff|||M|||50|,,,,,Ghost]Dondozo||Leftovers|Unaware|Protect,Substitute,OrderUp,Earthquake|||F|||50|,,,,,Dragon]Tatsugiri||ChoiceScarf|Commander|Surf,DracoMeteor,ChillingWater,IcyWind|||F|||50|,,,,,Steel]Dragonite||ChoiceBand|InnerFocus|ExtremeSpeed,StompingTantrum,Outrage,BrickBreak|||M|||50|,,,,,Normal]Chien-Pao||FocusSash|SwordofRuin|IceSpinner,SuckerPunch,Protect,SacredSword||||||50|,,,,,Poison\n|inactive|Battle timer is ON: inactive players will automatically lose when time's up. (requested by kidturtle)\n|c|\u2606casper6_14|glhf\n|j| christianfinity\n|inactive|kidturtle has 60 seconds left.\n|inactive|casper6_14 has 60 seconds left.\n|\n|t:|1700443848\n|start\n|switch|p1a: Iron Hands|Iron Hands, L50|100\/100\n|switch|p1b: Urshifu|Urshifu, L50, M|100\/100\n|switch|p2a: CheeseString|Gholdengo, L50|100\/100\n|switch|p2b: Keanu Reeves|Perrserker, L50, M|100\/100\n|turn|1\n|\n|t:|1700443865\n|-terastallize|p1b: Urshifu|Dark\n|-terastallize|p2a: CheeseString|Steel\n|move|p1a: Iron Hands|Fake Out|p2b: Keanu Reeves\n|-resisted|p2b: Keanu Reeves\n|-damage|p2b: Keanu Reeves|93\/100\n|cant|p2b: Keanu Reeves|flinch\n|move|p1b: Urshifu|Wicked Blow|p2a: CheeseString\n|-crit|p2a: CheeseString\n|-damage|p2a: CheeseString|12\/100\n|move|p2a: CheeseString|Make It Rain|p1b: Urshifu|[spread] p1a,p1b\n|-resisted|p1a: Iron Hands\n|-damage|p1a: Iron Hands|65\/100\n|-enditem|p1b: Urshifu|Focus Sash\n|-damage|p1b: Urshifu|1\/100\n|-unboost|p2a: CheeseString|spa|1\n|\n|upkeep\n|turn|2\n|\n|t:|1700443889\n|move|p2a: CheeseString|Protect|p2a: CheeseString\n|-singleturn|p2a: CheeseString|Protect\n|move|p1b: Urshifu|Wicked Blow|p2a: CheeseString\n|-crit|p2a: CheeseString\n|-damage|p2a: CheeseString|0 fnt\n|faint|p2a: CheeseString\n|move|p1a: Iron Hands|Drain Punch|p2b: Keanu Reeves\n|-supereffective|p2b: Keanu Reeves\n|-damage|p2b: Keanu Reeves|0 fnt\n|-heal|p1a: Iron Hands|100\/100|[from] drain|[of] p2b: Keanu Reeves\n|faint|p2b: Keanu Reeves\n|\n|upkeep\n|c|\u2606casper6_14|i always forget urshi does that\ud83d\ude10\n|\n|t:|1700443910\n|switch|p2a: Fat|Dondozo, L50, F|100\/100\n|switch|p2b: MobiltyScooter|Tatsugiri, L50, F|100\/100\n|-activate|p2b: MobiltyScooter|ability: Commander|[of] p2a: Fat\n|-boost|p2a: Fat|atk|2\n|-boost|p2a: Fat|spa|2\n|-boost|p2a: Fat|spe|2\n|-boost|p2a: Fat|def|2\n|-boost|p2a: Fat|spd|2\n|turn|3\n|c|\u2606kidturtle|how is that possible\n|c|\u2606casper6_14|just slips my mind\n|\n|t:|1700443932\n|-end|p1a: Iron Hands|Quark Drive|[silent]\n|switch|p1a: Cresselia|Cresselia, L50, F|100\/100\n|move|p1b: Urshifu|Protect|p1b: Urshifu\n|-singleturn|p1b: Urshifu|Protect\n|move|p2a: Fat|Substitute|p2a: Fat\n|-start|p2a: Fat|Substitute\n|-damage|p2a: Fat|76\/100\n|\n|-heal|p2a: Fat|82\/100|[from] item: Leftovers\n|upkeep\n|turn|4\n|\n|t:|1700443949\n|move|p1b: Urshifu|Wicked Blow|p2a: Fat\n|-crit|p2a: Fat\n|-end|p2a: Fat|Substitute\n|move|p2a: Fat|Order Up|p1b: Urshifu\n|-damage|p1b: Urshifu|0 fnt\n|faint|p1b: Urshifu\n|-boost|p2a: Fat|atk|1\n|move|p1a: Cresselia|Trick Room|p1a: Cresselia\n|-fieldstart|move: Trick Room|[of] p1a: Cresselia\n|\n|-heal|p2a: Fat|88\/100|[from] item: Leftovers\n|upkeep\n|\n|t:|1700443953\n|switch|p1b: Ursaluna|Ursaluna, L50, M|100\/100\n|turn|5\n|\n|t:|1700443970\n|switch|p1a: Iron Hands|Iron Hands, L50|100\/100\n|move|p1b: Ursaluna|Protect|p1b: Ursaluna\n|-singleturn|p1b: Ursaluna|Protect\n|move|p2a: Fat|Order Up|p1b: Ursaluna\n|-activate|p1b: Ursaluna|move: Protect\n|\n|-heal|p2a: Fat|94\/100|[from] item: Leftovers\n|-status|p1b: Ursaluna|brn|[from] item: Flame Orb\n|upkeep\n|turn|6\n|\n|t:|1700443979\n|move|p2a: Fat|Protect|p2a: Fat\n|-singleturn|p2a: Fat|Protect\n|move|p1b: Ursaluna|Facade|p2a: Fat\n|-activate|p2a: Fat|move: Protect\n|move|p1a: Iron Hands|Wild Charge|p2a: Fat\n|-activate|p2a: Fat|move: Protect\n|\n|-heal|p2a: Fat|99\/100|[from] item: Leftovers\n|-damage|p1b: Ursaluna|95\/100 brn|[from] brn\n|upkeep\n|turn|7\n|\n|t:|1700443985\n|move|p1b: Ursaluna|Facade|p2a: Fat\n|-damage|p2a: Fat|57\/100\n|move|p1a: Iron Hands|Wild Charge|p2a: Fat\n|-supereffective|p2a: Fat\n|-damage|p2a: Fat|19\/100\n|-damage|p1a: Iron Hands|90\/100|[from] Recoil\n|move|p2a: Fat|Earthquake|p1a: Iron Hands|[spread] p1a,p1b\n|-miss|p2a: Fat|p2b: MobiltyScooter\n|-supereffective|p1a: Iron Hands\n|-damage|p1a: Iron Hands|8\/100\n|-damage|p1b: Ursaluna|55\/100 brn\n|\n|-heal|p2a: Fat|25\/100|[from] item: Leftovers\n|-damage|p1b: Ursaluna|49\/100 brn|[from] brn\n|upkeep\n|turn|8\n|\n|t:|1700444003\n|-end|p1a: Iron Hands|Quark Drive|[silent]\n|switch|p1a: Cresselia|Cresselia, L50, F|100\/100\n|move|p1b: Ursaluna|Facade|p2a: Fat\n|-damage|p2a: Fat|0 fnt\n|faint|p2a: Fat\n|\n|-damage|p1b: Ursaluna|43\/100 brn|[from] brn\n|-fieldend|move: Trick Room\n|upkeep\n|turn|9\n|\n|t:|1700444012\n|move|p1b: Ursaluna|Protect|p1b: Ursaluna\n|-singleturn|p1b: Ursaluna|Protect\n|move|p2b: MobiltyScooter|Surf|p1b: Ursaluna|[spread] p1a\n|-activate|p1b: Ursaluna|move: Protect\n|-damage|p1a: Cresselia|79\/100\n|move|p1a: Cresselia|Trick Room|p1a: Cresselia\n|-fieldstart|move: Trick Room|[of] p1a: Cresselia\n|\n|-damage|p1b: Ursaluna|37\/100 brn|[from] brn\n|upkeep\n|turn|10\n|c|\u2606casper6_14|gg\n|-message|casper6_14 forfeited.\n|\n|win|kidturtle\n|n|\u2606kidturtle|kidturtle\n|n|\u2606casper6_14|casper614\n|n| christianfinity|christianfinity\n|c|\u2606kidturtle|gg\n|l|\u2606casper6_14\n","uploadtime":1700444032,"views":5,"p1id":"kidturtle","p2id":"casper614","formatid":"gen9vgc2023regulatione","rating":0,"private":0,"password":""}