{"id":"gen9vgc2023regulatione-1997527465","p1":"woobat supremacy","p2":"chaddyfootball","format":"[Gen 9] VGC 2023 Regulation E","log":"|j|\u2606woobat supremacy\n|j|\u203dchaddyfootball\n|t:|1700820512\n|gametype|doubles\n|player|p1|woobat supremacy|kimonogirl|1156\n|player|p2|chaddyfootball|1|1190\n|teamsize|p1|6\n|teamsize|p2|6\n|gen|9\n|tier|[Gen 9] VGC 2023 Regulation E\n|rated|\n|rule|Species Clause: Limit one of each Pok\u00e9mon\n|rule|Item Clause: Limit one of each item\n|clearpoke\n|poke|p1|Iron Hands, L50|\n|poke|p1|Landorus-Therian, L50, M|\n|poke|p1|Ursaluna-Bloodmoon, L50, M|\n|poke|p1|Dusclops, L50, F|\n|poke|p1|Ogerpon-Cornerstone, L50, F|\n|poke|p1|Urshifu-*, L50, F|\n|poke|p2|Arcanine, L50, F|\n|poke|p2|Gholdengo, L50|\n|poke|p2|Volbeat, L50, M|\n|poke|p2|Clefairy, L50, M|\n|poke|p2|Urshifu-*, L50, M|\n|poke|p2|Flutter Mane, L50|\n|teampreview|4\n|inactive|Battle timer is ON: inactive players will automatically lose when time's up. (requested by woobat supremacy)\n|inactive|woobat supremacy has 60 seconds left.\n|inactive|chaddyfootball has 60 seconds left.\n|inactive|chaddyfootball has 30 seconds left.\n|inactive|chaddyfootball has 20 seconds left.\n|\n|t:|1700820588\n|start\n|switch|p1a: Dusclops|Dusclops, L50, F|100\/100\n|switch|p1b: Ursaluna|Ursaluna-Bloodmoon, L50, M|100\/100\n|switch|p2a: Volbeat|Volbeat, L50, M|100\/100\n|switch|p2b: Urshifu|Urshifu-Rapid-Strike, L50, M|100\/100\n|-item|p2a: Volbeat|Mental Herb|[from] ability: Frisk|[of] p1a: Dusclops|[identify]\n|-item|p2b: Urshifu|Choice Scarf|[from] ability: Frisk|[of] p1a: Dusclops|[identify]\n|turn|1\n|inactive|chaddyfootball has 30 seconds left.\n|\n|t:|1700820620\n|switch|p1b: Ogerpon|Ogerpon-Cornerstone, L50, F|100\/100\n|move|p2a: Volbeat|Encore||[still]\n|-fail|p2a: Volbeat\n|move|p2b: Urshifu|Close Combat|p1b: Ogerpon\n|-supereffective|p1b: Ogerpon\n|-ability|p1b: Ogerpon|Sturdy\n|-damage|p1b: Ogerpon|1\/100\n|-unboost|p2b: Urshifu|def|1\n|-unboost|p2b: Urshifu|spd|1\n|move|p1a: Dusclops|Trick Room|p1a: Dusclops\n|-fieldstart|move: Trick Room|[of] p1a: Dusclops\n|\n|upkeep\n|turn|2\n|inactive|chaddyfootball has 30 seconds left.\n|inactive|chaddyfootball has 20 seconds left.\n|\n|t:|1700820657\n|switch|p1a: Ursaluna|Ursaluna-Bloodmoon, L50, M|100\/100\n|switch|p2b: Clefairy|Clefairy, L50, M|100\/100\n|move|p1b: Ogerpon|Follow Me|p1b: Ogerpon\n|-singleturn|p1b: Ogerpon|move: Follow Me\n|move|p2a: Volbeat|Encore|p1b: Ogerpon\n|-start|p1b: Ogerpon|Encore\n|\n|upkeep\n|turn|3\n|inactive|woobat supremacy has 30 seconds left.\n|inactive|chaddyfootball has 30 seconds left.\n|inactive|chaddyfootball has 20 seconds left.\n|inactive|chaddyfootball has 15 seconds left.\n|inactive|chaddyfootball has 10 seconds left.\n|inactive|chaddyfootball has 5 seconds left.\n|\n|t:|1700820711\n|-terastallize|p1a: Ursaluna|Normal\n|move|p1b: Ogerpon|Follow Me|p1b: Ogerpon\n|-singleturn|p1b: Ogerpon|move: Follow Me\n|move|p2a: Volbeat|Encore||[still]\n|-fail|p2a: Volbeat\n|move|p1a: Ursaluna|Blood Moon|p2b: Clefairy\n|-damage|p2b: Clefairy|3\/100\n|move|p2b: Clefairy|Sing|p1b: Ogerpon\n|-status|p1b: Ogerpon|slp|[from] move: Sing\n|\n|upkeep\n|turn|4\n|inactive|chaddyfootball has 30 seconds left.\n|\n|t:|1700820746\n|switch|p1b: Dusclops|Dusclops, L50, F|100\/100\n|-item|p2a: Volbeat|Mental Herb|[from] ability: Frisk|[of] p1b: Dusclops|[identify]\n|-item|p2b: Clefairy|Eviolite|[from] ability: Frisk|[of] p1b: Dusclops|[identify]\n|move|p2a: Volbeat|Thunder Wave|p2b: Clefairy\n|-status|p2b: Clefairy|par\n|move|p2b: Clefairy|Sing|p1a: Ursaluna\n|-status|p1a: Ursaluna|slp|[from] move: Sing\n|cant|p1a: Ursaluna|slp\n|\n|upkeep\n|turn|5\n|inactive|chaddyfootball has 30 seconds left.\n|inactive|woobat supremacy has 30 seconds left.\n|inactive|chaddyfootball has 20 seconds left.\n|\n|t:|1700820789\n|switch|p2b: Urshifu|Urshifu-Rapid-Strike, L50, M|100\/100\n|switch|p1b: Ogerpon|Ogerpon-Cornerstone, L50, F|1\/100 slp\n|move|p2a: Volbeat|Tailwind|p2a: Volbeat\n|-sidestart|p2: chaddyfootball|move: Tailwind\n|-curestatus|p1a: Ursaluna|slp|[msg]\n|move|p1a: Ursaluna|Hyper Voice|p2b: Urshifu|[spread] p2a,p2b\n|-damage|p2a: Volbeat|39\/100\n|-damage|p2b: Urshifu|24\/100\n|\n|-fieldend|move: Trick Room\n|upkeep\n|turn|6\n|inactive|woobat supremacy has 30 seconds left.\n|inactive|chaddyfootball has 30 seconds left.\n|\n|t:|1700820817\n|switch|p1a: Dusclops|Dusclops, L50, F|100\/100\n|-item|p2a: Volbeat|Mental Herb|[from] ability: Frisk|[of] p1a: Dusclops|[identify]\n|-item|p2b: Urshifu|Choice Scarf|[from] ability: Frisk|[of] p1a: Dusclops|[identify]\n|move|p2a: Volbeat|Helping Hand|p2b: Urshifu\n|-singleturn|p2b: Urshifu|Helping Hand|[of] p2a: Volbeat\n|cant|p1b: Ogerpon|slp\n|move|p2b: Urshifu|Surging Strikes|p1a: Dusclops\n|-crit|p1a: Dusclops\n|-damage|p1a: Dusclops|81\/100\n|-crit|p1a: Dusclops\n|-damage|p1a: Dusclops|65\/100\n|-crit|p1a: Dusclops\n|-damage|p1a: Dusclops|49\/100\n|-hitcount|p1a: Dusclops|3\n|\n|upkeep\n|turn|7\n|inactive|chaddyfootball has 30 seconds left.\n|\n|t:|1700820848\n|cant|p1b: Ogerpon|slp\n|move|p2a: Volbeat|Thunder Wave|p1a: Dusclops\n|-status|p1a: Dusclops|par\n|move|p2b: Urshifu|Surging Strikes|p1b: Ogerpon\n|-crit|p1b: Ogerpon\n|-damage|p1b: Ogerpon|0 fnt\n|faint|p1b: Ogerpon\n|-hitcount|p1: Ogerpon|1\n|move|p1a: Dusclops|Trick Room|p1a: Dusclops\n|-fieldstart|move: Trick Room|[of] p1a: Dusclops\n|\n|upkeep\n|\n|t:|1700820854\n|switch|p1b: Ursaluna|Ursaluna-Bloodmoon, L50, M, tera:Normal|100\/100\n|turn|8\n|inactive|chaddyfootball has 30 seconds left.\n|inactive|chaddyfootball has 20 seconds left.\n|inactive|chaddyfootball has 15 seconds left.\n|\n|t:|1700820899\n|move|p2a: Volbeat|Thunder Wave|p2b: Urshifu\n|-status|p2b: Urshifu|par\n|move|p1a: Dusclops|Brick Break|p1b: Ursaluna\n|-supereffective|p1b: Ursaluna\n|-damage|p1b: Ursaluna|84\/100\n|-enditem|p1b: Ursaluna|Weakness Policy\n|-boost|p1b: Ursaluna|atk|2|[from] item: Weakness Policy\n|-boost|p1b: Ursaluna|spa|2|[from] item: Weakness Policy\n|move|p1b: Ursaluna|Hyper Voice|p2b: Urshifu|[spread] p2a,p2b\n|-damage|p2a: Volbeat|0 fnt\n|-damage|p2b: Urshifu|0 fnt\n|faint|p2a: Volbeat\n|faint|p2b: Urshifu\n|\n|-sideend|p2: chaddyfootball|move: Tailwind\n|upkeep\n|\n|t:|1700820914\n|switch|p2a: Clefairy|Clefairy, L50, M|3\/100 par\n|switch|p2b: Arcanine|Arcanine, L50, F|100\/100\n|-ability|p2b: Arcanine|Intimidate|boost\n|-unboost|p1a: Dusclops|atk|1\n|-unboost|p1b: Ursaluna|atk|1\n|turn|9\n|c|\u2606woobat supremacy|you had tailwind that turn\n|\n|t:|1700820925\n|move|p2b: Arcanine|Protect|p2b: Arcanine\n|-singleturn|p2b: Arcanine|Protect\n|cant|p1a: Dusclops|par\n|move|p2a: Clefairy|Sing|p1b: Ursaluna|[miss]\n|-miss|p2a: Clefairy|p1b: Ursaluna\n|move|p1b: Ursaluna|Hyper Voice|p2b: Arcanine|[spread] p2a\n|-activate|p2b: Arcanine|move: Protect\n|-damage|p2a: Clefairy|0 fnt\n|faint|p2a: Clefairy\n|\n|upkeep\n|turn|10\n|-message|chaddyfootball forfeited.\n|\n|win|woobat supremacy\n|raw|woobat supremacy's rating: 1156 &rarr; <strong>1183<\/strong><br \/>(+27 for winning)\n|raw|chaddyfootball's rating: 1190 &rarr; <strong>1163<\/strong><br \/>(-27 for losing)\n|l|\u203dchaddyfootball\n","uploadtime":1700820996,"views":3,"p1id":"woobatsupremacy","p2id":"chaddyfootball","formatid":"gen9vgc2023regulatione","rating":1163,"private":0,"password":""}