{"id":"gen9vgc2023regulatione-2000082303","p1":"belac121","p2":"Okaywut","format":"[Gen 9] VGC 2023 Regulation E","log":"|j|\u2606belac121\n|j|\u2606Okaywut\n|t:|1701151441\n|gametype|doubles\n|player|p1|belac121|clemont|\n|player|p2|Okaywut|266|\n|teamsize|p1|6\n|teamsize|p2|6\n|gen|9\n|tier|[Gen 9] VGC 2023 Regulation E\n|rated|Tournament battle\n|rule|Species Clause: Limit one of each Pok\u00e9mon\n|rule|Item Clause: Limit one of each item\n|clearpoke\n|poke|p1|Dragalge, L50, F|\n|poke|p1|Farigiraf, L50, M|\n|poke|p1|Iron Hands, L50|\n|poke|p1|Ogerpon-Wellspring, L50, F|\n|poke|p1|Landorus-Therian, L50, M|\n|poke|p1|Kingambit, L50, M|\n|poke|p2|Rillaboom, L50, F|\n|poke|p2|Urshifu-*, L50, M|\n|poke|p2|Tornadus, L50, M|\n|poke|p2|Landorus-Therian, L50, M|\n|poke|p2|Zapdos, L50|\n|poke|p2|Arcanine-Hisui, L50, M|\n|teampreview|4\n|showteam|p1|Dragalge||LifeOrb|Adaptability|DracoMeteor,SludgeBomb,Scald,Protect|||F|||50|,,,,,Water]Farigiraf||SafetyGoggles|ArmorTail|TrickRoom,Psychic,DazzlingGleam,Protect|||M|||50|,,,,,Fairy]Iron Hands||AssaultVest|QuarkDrive|FakeOut,DrainPunch,WildCharge,HeavySlam||||||50|,,,,,Grass]Ogerpon-Wellspring||WellspringMask|WaterAbsorb|FollowMe,IvyCudgel,HornLeech,SpikyShield|||F|||50|,,,,,Water]Landorus-Therian||ClearAmulet|Intimidate|RockSlide,StompingTantrum,TeraBlast,Protect|||M|||50|,,,,,Flying]Kingambit||BlackGlasses|Defiant|KowtowCleave,SuckerPunch,SwordsDance,Protect|||M|||50|,,,,,Dark\n|showteam|p2|Rillaboom||AssaultVest|GrassySurge|WoodHammer,Uturn,GrassyGlide,FakeOut|||F|||50|,,,,,Poison]Urshifu-Rapid-Strike||MysticWater|UnseenFist|SurgingStrikes,AquaJet,CloseCombat,Detect|||M|||50|,,,,,Water]Tornadus||CovertCloak|Prankster|BleakwindStorm,Taunt,RainDance,Tailwind|||M|||50|,,,,,Steel]Landorus-Therian||ChoiceScarf|Intimidate|StompingTantrum,TeraBlast,RockSlide,Uturn|||M|||50|,,,,,Flying]Zapdos||RockyHelmet|Static|Thunderbolt,Hurricane,Roost,Detect||||||50|,,,,,Electric]Arcanine-Hisui||SitrusBerry|Intimidate|FlareBlitz,RockSlide,ExtremeSpeed,Protect|||M|||50|,,,,,Fairy\n|\n|t:|1701151492\n|start\n|switch|p1a: Iron Hands|Iron Hands, L50|100\/100\n|switch|p1b: Farigiraf|Farigiraf, L50, M|100\/100\n|switch|p2a: Rillaboom|Rillaboom, L50, F|100\/100\n|switch|p2b: Urshifu|Urshifu-Rapid-Strike, L50, M|100\/100\n|-fieldstart|move: Grassy Terrain|[from] ability: Grassy Surge|[of] p2a: Rillaboom\n|turn|1\n|j| Frostyvap\n|\n|t:|1701151544\n|move|p1a: Iron Hands|Fake Out|p2b: Urshifu\n|-damage|p2b: Urshifu|89\/100\n|cant|p2b: Urshifu|flinch\n|move|p2a: Rillaboom|Wood Hammer|p1b: Farigiraf\n|-damage|p1b: Farigiraf|29\/100\n|-damage|p2a: Rillaboom|74\/100|[from] Recoil\n|move|p1b: Farigiraf|Trick Room|p1b: Farigiraf\n|-fieldstart|move: Trick Room|[of] p1b: Farigiraf\n|\n|-heal|p1b: Farigiraf|35\/100|[from] Grassy Terrain\n|-heal|p2a: Rillaboom|81\/100|[from] Grassy Terrain\n|-heal|p2b: Urshifu|95\/100|[from] Grassy Terrain\n|upkeep\n|turn|2\n|\n|t:|1701151564\n|-end|p1a: Iron Hands|Quark Drive|[silent]\n|switch|p1a: Dragalge|Dragalge, L50, F|100\/100\n|move|p2b: Urshifu|Detect|p2b: Urshifu\n|-singleturn|p2b: Urshifu|Protect\n|move|p1b: Farigiraf|Psychic|p2b: Urshifu\n|-activate|p2b: Urshifu|move: Protect\n|move|p2a: Rillaboom|U-turn|p1b: Farigiraf\n|-supereffective|p1b: Farigiraf\n|-damage|p1b: Farigiraf|0 fnt\n|faint|p1b: Farigiraf\n|\n|t:|1701151578\n|switch|p2a: Zapdos|Zapdos, L50|100\/100|[from] U-turn\n|\n|-heal|p2b: Urshifu|100\/100|[from] Grassy Terrain\n|upkeep\n|\n|t:|1701151582\n|switch|p1b: Iron Hands|Iron Hands, L50|100\/100\n|turn|3\n|\n|t:|1701151595\n|switch|p2b: Tornadus|Tornadus, L50, M|100\/100\n|move|p2a: Zapdos|Detect|p2a: Zapdos\n|-singleturn|p2a: Zapdos|Protect\n|move|p1a: Dragalge|Sludge Bomb|p2a: Zapdos\n|-activate|p2a: Zapdos|move: Protect\n|move|p1b: Iron Hands|Wild Charge|p2b: Tornadus\n|-supereffective|p2b: Tornadus\n|-damage|p2b: Tornadus|0 fnt\n|faint|p2b: Tornadus\n|-damage|p1b: Iron Hands|82\/100|[from] Recoil\n|\n|-heal|p1b: Iron Hands|88\/100|[from] Grassy Terrain\n|upkeep\n|\n|t:|1701151608\n|switch|p2b: Rillaboom|Rillaboom, L50, F|81\/100\n|turn|4\n|\n|t:|1701151632\n|-end|p1b: Iron Hands|Quark Drive|[silent]\n|switch|p1b: Landorus|Landorus-Therian, L50, M|100\/100\n|-ability|p1b: Landorus|Intimidate|boost\n|-unboost|p2a: Zapdos|atk|1\n|-unboost|p2b: Rillaboom|atk|1\n|-terastallize|p2a: Zapdos|Electric\n|move|p2b: Rillaboom|Fake Out|p1a: Dragalge\n|-damage|p1a: Dragalge|91\/100\n|cant|p1a: Dragalge|flinch\n|move|p2a: Zapdos|Thunderbolt|p1a: Dragalge\n|-resisted|p1a: Dragalge\n|-damage|p1a: Dragalge|70\/100\n|\n|-heal|p1a: Dragalge|76\/100|[from] Grassy Terrain\n|-heal|p2b: Rillaboom|87\/100|[from] Grassy Terrain\n|upkeep\n|turn|5\n|\n|t:|1701151663\n|move|p1a: Dragalge|Sludge Bomb|p2b: Rillaboom\n|-supereffective|p2b: Rillaboom\n|-damage|p2b: Rillaboom|0 fnt\n|faint|p2b: Rillaboom\n|-damage|p1a: Dragalge|66\/100|[from] item: Life Orb\n|move|p2a: Zapdos|Hurricane|p1b: Landorus\n|-damage|p1b: Landorus|36\/100\n|move|p1b: Landorus|Stomping Tantrum|p2a: Zapdos\n|-supereffective|p2a: Zapdos\n|-damage|p2a: Zapdos|28\/100\n|-damage|p1b: Landorus|20\/100|[from] item: Rocky Helmet|[of] p2a: Zapdos\n|-status|p1b: Landorus|par|[from] ability: Static|[of] p2a: Zapdos\n|\n|-heal|p1a: Dragalge|72\/100|[from] Grassy Terrain\n|-heal|p2a: Zapdos|34\/100|[from] Grassy Terrain\n|-fieldend|move: Trick Room\n|-fieldend|move: Grassy Terrain\n|upkeep\n|\n|t:|1701151677\n|switch|p2b: Urshifu|Urshifu-Rapid-Strike, L50, M|100\/100\n|turn|6\n|\n|t:|1701151732\n|move|p2b: Urshifu|Close Combat|p1a: Dragalge\n|-resisted|p1a: Dragalge\n|-damage|p1a: Dragalge|41\/100\n|-unboost|p2b: Urshifu|def|1\n|-unboost|p2b: Urshifu|spd|1\n|move|p2a: Zapdos|Thunderbolt|p1b: Landorus\n|-immune|p1b: Landorus\n|move|p1b: Landorus|Stomping Tantrum|p2a: Zapdos\n|-supereffective|p2a: Zapdos\n|-damage|p2a: Zapdos|0 fnt\n|-damage|p1b: Landorus|4\/100 par|[from] item: Rocky Helmet|[of] p2a: Zapdos\n|faint|p2a: Zapdos\n|move|p1a: Dragalge|Sludge Bomb|p2b: Urshifu\n|-crit|p2b: Urshifu\n|-damage|p2b: Urshifu|0 fnt\n|faint|p2b: Urshifu\n|-damage|p1a: Dragalge|31\/100|[from] item: Life Orb\n|\n|win|belac121\n|n|\u2606belac121|belac121\n|n|\u2606Okaywut|okaywut\n|n| Frostyvap|frostyvap\n|c|\u2606Okaywut|gg\n|c|\u2606belac121|gg\n|l|\u2606belac121\n|l| Frostyvap\n","uploadtime":1701151850,"views":7,"p1id":"belac121","p2id":"okaywut","formatid":"gen9vgc2023regulatione","rating":0,"private":0,"password":""}