{"id":"gen9vgc2023regulatione-1993178955","p1":"Hjojijah","p2":"Iura","format":"[Gen 9] VGC 2023 Regulation E","log":"|j|\u2606Hjojijah\n|j|\u2606Iura\n|t:|1700274454\n|gametype|doubles\n|player|p1|Hjojijah|2|\n|player|p2|Iura|psychic-lgpe|\n|teamsize|p1|6\n|teamsize|p2|6\n|gen|9\n|tier|[Gen 9] VGC 2023 Regulation E\n|rated|Tournament battle\n|rule|Species Clause: Limit one of each Pok\u00e9mon\n|rule|Item Clause: Limit one of each item\n|clearpoke\n|poke|p1|Iron Hands, L50|\n|poke|p1|Flutter Mane, L50|\n|poke|p1|Urshifu-*, L50, F|\n|poke|p1|Amoonguss, L50, F|\n|poke|p1|Chien-Pao, L50|\n|poke|p1|Tornadus, L50, M|\n|poke|p2|Flutter Mane, L50|\n|poke|p2|Glimmora, L50, F|\n|poke|p2|Dondozo, L50, F|\n|poke|p2|Tatsugiri, L50, F|\n|poke|p2|Tornadus, L50, M|\n|poke|p2|Urshifu-*, L50, F|\n|teampreview|4\n|showteam|p1|Iron Hands||AssaultVest|QuarkDrive|FakeOut,DrainPunch,WildCharge,HeavySlam||||||50|,,,,,Steel]Flutter Mane||ChoiceSpecs|Protosynthesis|DazzlingGleam,Moonblast,ShadowBall,Psyshock||||||50|,,,,,Fairy]Urshifu-Rapid-Strike||MuscleBand|UnseenFist|SurgingStrikes,CloseCombat,AquaJet,Protect|||F|||50|,,,,,Water]Amoonguss||RockyHelmet|Regenerator|Protect,Spore,RagePowder,PollenPuff|||F|||50|,,,,,Fire]Chien-Pao||FocusSash|SwordofRuin|SuckerPunch,IceSpinner,Crunch,Protect||||||50|,,,,,Dark]Tornadus||MentalHerb|Prankster|Tailwind,Taunt,BleakwindStorm,Protect|||M|||50|,,,,,Steel\n|showteam|p2|Flutter Mane||BoosterEnergy|Protosynthesis|Moonblast,ShadowBall,DazzlingGleam,Protect||||||50|,,,,,Fairy]Glimmora||FocusSash|ToxicDebris|MortalSpin,EarthPower,SludgeBomb,SpikyShield|||F|||50|,,,,,Grass]Dondozo||Leftovers|Oblivious|OrderUp,Earthquake,Protect,Substitute|||F|||50|,,,,,Dragon]Tatsugiri||ChoiceScarf|Commander|MuddyWater,IcyWind,DracoMeteor,DragonPulse|||F|||50|,,,,,Steel]Tornadus||CovertCloak|Prankster|BleakwindStorm,Tailwind,IcyWind,Taunt|||M|||50|,,,,,Flying]Urshifu||LifeOrb|UnseenFist|WickedBlow,CloseCombat,SuckerPunch,Detect|||F|||50|,,,,,Poison\n|inactive|Battle timer is ON: inactive players will automatically lose when time's up. (requested by Iura)\n|c|\u2606Hjojijah|Omg dondozo\n|j| christianfinity\n|\n|t:|1700274481\n|start\n|switch|p1a: Tornadus|Tornadus, L50, M|100\/100\n|switch|p1b: Iron Hands|Iron Hands, L50|100\/100\n|switch|p2a: Flutter Mane|Flutter Mane, L50, shiny|100\/100\n|switch|p2b: Glimmora|Glimmora, L50, F|100\/100\n|-enditem|p2a: Flutter Mane|Booster Energy\n|-activate|p2a: Flutter Mane|ability: Protosynthesis|[fromitem]\n|-start|p2a: Flutter Mane|protosynthesisspa\n|turn|1\n|\n|t:|1700274497\n|move|p2a: Flutter Mane|Protect|p2a: Flutter Mane\n|-singleturn|p2a: Flutter Mane|Protect\n|move|p1a: Tornadus|Tailwind|p1a: Tornadus\n|-sidestart|p1: Hjojijah|move: Tailwind\n|move|p2b: Glimmora|Earth Power|p1b: Iron Hands\n|-supereffective|p1b: Iron Hands\n|-damage|p1b: Iron Hands|63\/100\n|move|p1b: Iron Hands|Heavy Slam|p2a: Flutter Mane\n|-activate|p2a: Flutter Mane|move: Protect\n|\n|upkeep\n|turn|2\n|j|%Radio Free C-Side\n|\n|t:|1700274521\n|move|p1a: Tornadus|Bleakwind Storm|p2a: Flutter Mane|[spread] p2b\n|-miss|p1a: Tornadus|p2a: Flutter Mane\n|-resisted|p2b: Glimmora\n|-damage|p2b: Glimmora|75\/100\n|move|p2a: Flutter Mane|Moonblast|p1b: Iron Hands\n|-supereffective|p1b: Iron Hands\n|-damage|p1b: Iron Hands|0 fnt\n|faint|p1b: Iron Hands\n|-end|p1b: Iron Hands|Quark Drive|[silent]\n|move|p2b: Glimmora|Earth Power|p1a: Tornadus\n|-immune|p1a: Tornadus\n|\n|upkeep\n|\n|t:|1700274539\n|switch|p1b: Urshifu|Urshifu-Rapid-Strike, L50, F|100\/100\n|turn|3\n|\n|t:|1700274547\n|-end|p2a: Flutter Mane|Protosynthesis|[silent]\n|switch|p2a: Dondozo|Dondozo, L50, F|100\/100\n|-terastallize|p1b: Urshifu|Water\n|move|p1a: Tornadus|Bleakwind Storm|p2b: Glimmora|[spread] p2b\n|-miss|p1a: Tornadus|p2a: Dondozo\n|-resisted|p2b: Glimmora\n|-damage|p2b: Glimmora|51\/100\n|move|p1b: Urshifu|Surging Strikes|p2a: Dondozo\n|-resisted|p2a: Dondozo\n|-crit|p2a: Dondozo\n|-damage|p2a: Dondozo|91\/100\n|-resisted|p2a: Dondozo\n|-crit|p2a: Dondozo\n|-damage|p2a: Dondozo|82\/100\n|-resisted|p2a: Dondozo\n|-crit|p2a: Dondozo\n|-damage|p2a: Dondozo|73\/100\n|-hitcount|p2a: Dondozo|3\n|move|p2b: Glimmora|Mortal Spin|p1a: Tornadus|[spread] p1a,p1b\n|-damage|p1a: Tornadus|95\/100\n|-damage|p1b: Urshifu|95\/100\n|-status|p1a: Tornadus|psn\n|-status|p1b: Urshifu|psn\n|\n|-heal|p2a: Dondozo|79\/100|[from] item: Leftovers\n|-damage|p1a: Tornadus|82\/100 psn|[from] psn\n|-damage|p1b: Urshifu|83\/100 psn|[from] psn\n|upkeep\n|turn|4\n|inactive|Hjojijah has 30 seconds left.\n|\n|t:|1700274580\n|switch|p1a: Flutter Mane|Flutter Mane, L50|100\/100\n|switch|p2b: Tatsugiri|Tatsugiri, L50, F|100\/100\n|-activate|p2b: Tatsugiri|ability: Commander|[of] p2a: Dondozo\n|-boost|p2a: Dondozo|atk|2\n|-boost|p2a: Dondozo|spa|2\n|-boost|p2a: Dondozo|spe|2\n|-boost|p2a: Dondozo|def|2\n|-boost|p2a: Dondozo|spd|2\n|-terastallize|p2a: Dondozo|Dragon\n|move|p1b: Urshifu|Surging Strikes|p2b: Tatsugiri|[miss]\n|-miss|p1b: Urshifu|p2b: Tatsugiri\n|move|p2a: Dondozo|Order Up|p1b: Urshifu\n|-damage|p1b: Urshifu|24\/100 psn\n|-boost|p2a: Dondozo|atk|1\n|\n|-heal|p2a: Dondozo|86\/100|[from] item: Leftovers\n|-damage|p1b: Urshifu|12\/100 psn|[from] psn\n|-sideend|p1: Hjojijah|move: Tailwind\n|upkeep\n|turn|5\n|inactive|Hjojijah has 30 seconds left.\n|inactive|Iura has 30 seconds left.\n|inactive|Iura has 20 seconds left.\n|\n|t:|1700274619\n|move|p1a: Flutter Mane|Moonblast|p2a: Dondozo\n|-supereffective|p2a: Dondozo\n|-damage|p2a: Dondozo|16\/100\n|move|p2a: Dondozo|Earthquake|p1a: Flutter Mane|[spread] p1a,p1b\n|-miss|p2a: Dondozo|p2b: Tatsugiri\n|-damage|p1a: Flutter Mane|10\/100\n|-damage|p1b: Urshifu|0 fnt\n|faint|p1b: Urshifu\n|\n|-heal|p2a: Dondozo|22\/100|[from] item: Leftovers\n|upkeep\n|c|\u2606Hjojijah|That glimmora really caught me\n|\n|t:|1700274629\n|switch|p1b: Tornadus|Tornadus, L50, M|82\/100 psn\n|turn|6\n|j| flutterfan\n|c|\u2606Iura|:)\n|c| christianfinity|are dondozo and urshifu speed tied?\n|\n|t:|1700274647\n|move|p1b: Tornadus|Tailwind|p1b: Tornadus\n|-sidestart|p1: Hjojijah|move: Tailwind\n|move|p1a: Flutter Mane|Moonblast|p2a: Dondozo\n|-supereffective|p2a: Dondozo\n|-damage|p2a: Dondozo|0 fnt\n|faint|p2a: Dondozo\n|\n|-damage|p1b: Tornadus|70\/100 psn|[from] psn\n|upkeep\n|\n|t:|1700274654\n|switch|p2a: Glimmora|Glimmora, L50, F|51\/100\n|turn|7\n|c|\u2606Hjojijah|Ig\n|c|\u2606Iura|why do you ask christian\n|c| christianfinity|idk if im just bugging\n|inactive|Iura has 30 seconds left.\n|c|\u2606Iura|There was a tailwind earlier\n|c| christianfinity|oh yeah\n|c|\u2606Iura|if that's what you're bugging on\n|inactive|Iura has 20 seconds left.\n|\n|t:|1700274690\n|move|p1a: Flutter Mane|Moonblast|p2b: Tatsugiri\n|-supereffective|p2b: Tatsugiri\n|-damage|p2b: Tatsugiri|0 fnt\n|faint|p2b: Tatsugiri\n|move|p1b: Tornadus|Bleakwind Storm|p2a: Glimmora\n|-resisted|p2a: Glimmora\n|-damage|p2a: Glimmora|23\/100\n|move|p2a: Glimmora|Sludge Bomb|p1a: Flutter Mane\n|-damage|p1a: Flutter Mane|0 fnt\n|faint|p1a: Flutter Mane\n|-end|p1a: Flutter Mane|Protosynthesis|[silent]\n|\n|-damage|p1b: Tornadus|58\/100 psn|[from] psn\n|upkeep\n|c| christianfinity|it was lol\n|\n|t:|1700274693\n|switch|p2b: Flutter Mane|Flutter Mane, L50, shiny|100\/100\n|turn|8\n|c| flutterfan|is it just me or did moonblast get a new animation\n|c| christianfinity|it did\n|c|\u2606Iura|ye\n|l| christianfinity\n|c|\u2606Iura|Blood Moon did too\n|c|\u2606Iura|and ivy\n|\n|t:|1700274708\n|move|p2b: Flutter Mane|Protect|p2b: Flutter Mane\n|-singleturn|p2b: Flutter Mane|Protect\n|move|p2a: Glimmora|Spiky Shield|p2a: Glimmora\n|-singleturn|p2a: Glimmora|move: Protect\n|move|p1b: Tornadus|Bleakwind Storm|p2a: Glimmora|[spread] \n|-activate|p2a: Glimmora|move: Protect\n|-activate|p2b: Flutter Mane|move: Protect\n|\n|-damage|p1b: Tornadus|45\/100 psn|[from] psn\n|upkeep\n|turn|9\n|c|\u2606Iura|etc\n|\n|t:|1700274719\n|move|p1b: Tornadus|Bleakwind Storm|p2b: Flutter Mane|[spread] p2a,p2b\n|-resisted|p2a: Glimmora\n|-damage|p2a: Glimmora|0 fnt\n|-damage|p2b: Flutter Mane|62\/100\n|faint|p2a: Glimmora\n|move|p2b: Flutter Mane|Moonblast|p1b: Tornadus\n|-damage|p1b: Tornadus|0 fnt\n|faint|p1b: Tornadus\n|\n|win|Iura\n|n|\u2606Hjojijah|hjojijah\n|n|\u2606Iura|iura\n|n| Radio Free C-Side|radiofreecside\n|n| flutterfan|flutterfan\n","uploadtime":1700274720,"views":13,"p1id":"hjojijah","p2id":"iura","formatid":"gen9vgc2023regulatione","rating":0,"private":0,"password":""}