{"id":"gen9vgc2023regulatione-1991257078","p1":"Aphro Ray Koga","p2":"huntaaahr","format":"[Gen 9] VGC 2023 Regulation E","log":"|j|\u2606Aphro Ray Koga\n|j|\u2606huntaaahr\n|t:|1700061869\n|gametype|doubles\n|player|p1|Aphro Ray Koga|marlon|1157\n|player|p2|huntaaahr|170|1166\n|teamsize|p1|6\n|teamsize|p2|6\n|gen|9\n|tier|[Gen 9] VGC 2023 Regulation E\n|rated|\n|rule|Species Clause: Limit one of each Pok\u00e9mon\n|rule|Item Clause: Limit one of each item\n|clearpoke\n|poke|p1|Charizard, L50, F|\n|poke|p1|Pelipper, L50, M|\n|poke|p1|Tornadus, L50, M|\n|poke|p1|Thundurus-Therian, L50, M|\n|poke|p1|Zapdos, L50|\n|poke|p1|Landorus-Therian, L50, M|\n|poke|p2|Sinistcha-Masterpiece, L50|\n|poke|p2|Iron Hands, L50|\n|poke|p2|Volcarona, L50, F|\n|poke|p2|Ogerpon-Wellspring, L50, F|\n|poke|p2|Ursaluna-Bloodmoon, L50, M|\n|poke|p2|Grimmsnarl, L50, M|\n|teampreview|4\n|inactive|Battle timer is ON: inactive players will automatically lose when time's up. (requested by Aphro Ray Koga)\n|j| BaoEnder\n|l| BaoEnder\n|inactive|huntaaahr has 60 seconds left.\n|\n|t:|1700061909\n|start\n|switch|p1a: Pelipper|Pelipper, L50, M|100\/100\n|switch|p1b: Tornadus|Tornadus, L50, M|100\/100\n|switch|p2a: Grimmsnarl|Grimmsnarl, L50, M|100\/100\n|switch|p2b: Volcarona|Volcarona, L50, F|100\/100\n|-weather|RainDance|[from] ability: Drizzle|[of] p1a: Pelipper\n|turn|1\n|\n|t:|1700061923\n|-terastallize|p2b: Volcarona|Water\n|move|p2a: Grimmsnarl|Light Screen|p2a: Grimmsnarl\n|-sidestart|p2: huntaaahr|move: Light Screen\n|move|p1b: Tornadus|Bleakwind Storm|p2a: Grimmsnarl|[spread] p2a,p2b\n|-damage|p2a: Grimmsnarl|75\/100\n|-damage|p2b: Volcarona|76\/100\n|move|p2b: Volcarona|Quiver Dance|p2b: Volcarona\n|-boost|p2b: Volcarona|spa|1\n|-boost|p2b: Volcarona|spd|1\n|-boost|p2b: Volcarona|spe|1\n|move|p1a: Pelipper|Surf|p2b: Volcarona|[spread] p1b,p2a,p2b\n|-resisted|p2b: Volcarona\n|-damage|p1b: Tornadus|40\/100\n|-damage|p2a: Grimmsnarl|46\/100\n|-damage|p2b: Volcarona|67\/100\n|\n|-weather|RainDance|[upkeep]\n|upkeep\n|turn|2\n|inactive|huntaaahr has 30 seconds left.\n|\n|t:|1700061957\n|move|p1b: Tornadus|Tailwind|p1b: Tornadus\n|-sidestart|p1: Aphro Ray Koga|move: Tailwind\n|move|p2a: Grimmsnarl|Parting Shot|p1a: Pelipper\n|-unboost|p1a: Pelipper|atk|1\n|-unboost|p1a: Pelipper|spa|1\n|\n|t:|1700061962\n|switch|p2a: Sinistcha|Sinistcha-Masterpiece, L50|100\/100|[from] Parting Shot\n|-heal|p2b: Volcarona|92\/100|[from] ability: Hospitality|[of] p2a: Sinistcha\n|move|p2b: Volcarona|Quiver Dance|p2b: Volcarona\n|-boost|p2b: Volcarona|spa|1\n|-boost|p2b: Volcarona|spd|1\n|-boost|p2b: Volcarona|spe|1\n|move|p1a: Pelipper|Hurricane|p2b: Volcarona\n|-damage|p2b: Volcarona|81\/100\n|\n|-weather|RainDance|[upkeep]\n|upkeep\n|turn|3\n|inactive|huntaaahr has 30 seconds left.\n|inactive|huntaaahr has 20 seconds left.\n|\n|t:|1700061999\n|switch|p1a: Thundurus|Thundurus-Therian, L50, M|100\/100\n|switch|p2a: Iron Hands|Iron Hands, L50|100\/100\n|move|p1b: Tornadus|Bleakwind Storm|p2b: Volcarona|[spread] p2a,p2b\n|-damage|p2a: Iron Hands|83\/100\n|-damage|p2b: Volcarona|68\/100\n|-unboost|p2a: Iron Hands|spe|1\n|move|p2b: Volcarona|Quiver Dance|p2b: Volcarona\n|-boost|p2b: Volcarona|spa|1\n|-boost|p2b: Volcarona|spd|1\n|-boost|p2b: Volcarona|spe|1\n|\n|-weather|RainDance|[upkeep]\n|upkeep\n|turn|4\n|\n|t:|1700062021\n|move|p2a: Iron Hands|Fake Out|p1a: Thundurus\n|-damage|p1a: Thundurus|77\/100\n|move|p2b: Volcarona|Heat Wave|p1b: Tornadus|[spread] p1a,p1b\n|-damage|p1a: Thundurus|39\/100\n|-damage|p1b: Tornadus|0 fnt\n|faint|p1b: Tornadus\n|cant|p1a: Thundurus|flinch\n|\n|-weather|RainDance|[upkeep]\n|upkeep\n|\n|t:|1700062023\n|switch|p1b: Zapdos|Zapdos, L50|100\/100\n|turn|5\n|\n|t:|1700062042\n|-end|p2a: Iron Hands|Quark Drive|[silent]\n|switch|p2a: Sinistcha|Sinistcha-Masterpiece, L50|100\/100\n|-heal|p2b: Volcarona|93\/100|[from] ability: Hospitality|[of] p2a: Sinistcha\n|move|p2b: Volcarona|Quiver Dance|p2b: Volcarona\n|-boost|p2b: Volcarona|spa|1\n|-boost|p2b: Volcarona|spd|1\n|-boost|p2b: Volcarona|spe|1\n|move|p1a: Thundurus|Wildbolt Storm|p2a: Sinistcha|[spread] p2a,p2b\n|-resisted|p2a: Sinistcha\n|-supereffective|p2b: Volcarona\n|-damage|p2a: Sinistcha|88\/100\n|-damage|p2b: Volcarona|76\/100\n|move|p1b: Zapdos|Thunder|p2b: Volcarona\n|-supereffective|p2b: Volcarona\n|-damage|p2b: Volcarona|56\/100\n|-status|p2b: Volcarona|par\n|\n|-weather|none\n|-sideend|p1: Aphro Ray Koga|move: Tailwind\n|upkeep\n|turn|6\n|\n|t:|1700062065\n|move|p2a: Sinistcha|Rage Powder|p2a: Sinistcha\n|-singleturn|p2a: Sinistcha|move: Rage Powder\n|move|p2b: Volcarona|Heat Wave|p1b: Zapdos|[spread] p1a,p1b\n|-damage|p1a: Thundurus|0 fnt\n|-damage|p1b: Zapdos|8\/100\n|-status|p1b: Zapdos|brn\n|faint|p1a: Thundurus\n|move|p1b: Zapdos|Thunder|p2a: Sinistcha\n|-resisted|p2a: Sinistcha\n|-damage|p2a: Sinistcha|73\/100\n|\n|-damage|p1b: Zapdos|2\/100 brn|[from] brn\n|upkeep\n|\n|t:|1700062067\n|switch|p1a: Pelipper|Pelipper, L50, M|100\/100\n|-weather|RainDance|[from] ability: Drizzle|[of] p1a: Pelipper\n|turn|7\n|\n|t:|1700062080\n|move|p2b: Volcarona|Bug Buzz|p1a: Pelipper\n|-resisted|p1a: Pelipper\n|-damage|p1a: Pelipper|14\/100\n|move|p1b: Zapdos|Roost|p1b: Zapdos\n|-heal|p1b: Zapdos|52\/100 brn\n|-singleturn|p1b: Zapdos|move: Roost\n|move|p1a: Pelipper|Hurricane|p2a: Sinistcha\n|-supereffective|p2a: Sinistcha\n|-damage|p2a: Sinistcha|7\/100\n|-start|p2a: Sinistcha|confusion\n|-enditem|p2a: Sinistcha|Sitrus Berry|[eat]\n|-heal|p2a: Sinistcha|32\/100|[from] item: Sitrus Berry\n|-activate|p2a: Sinistcha|confusion\n|-damage|p2a: Sinistcha|27\/100|[from] confusion\n|\n|-weather|RainDance|[upkeep]\n|-damage|p1b: Zapdos|46\/100 brn|[from] brn\n|upkeep\n|turn|8\n|\n|t:|1700062103\n|switch|p2a: Grimmsnarl|Grimmsnarl, L50, M|46\/100\n|move|p2b: Volcarona|Heat Wave|p1b: Zapdos|[spread] p1a\n|-miss|p2b: Volcarona|p1b: Zapdos\n|-resisted|p1a: Pelipper\n|-damage|p1a: Pelipper|0 fnt\n|faint|p1a: Pelipper\n|move|p1b: Zapdos|Thunder|p2b: Volcarona\n|-supereffective|p2b: Volcarona\n|-damage|p2b: Volcarona|36\/100 par\n|\n|-weather|RainDance|[upkeep]\n|-damage|p1b: Zapdos|40\/100 brn|[from] brn\n|-sideend|p2: huntaaahr|move: Light Screen\n|upkeep\n|turn|9\n|\n|t:|1700062122\n|move|p2a: Grimmsnarl|Light Screen|p2a: Grimmsnarl\n|-sidestart|p2: huntaaahr|move: Light Screen\n|move|p2b: Volcarona|Bug Buzz|p1b: Zapdos\n|-resisted|p1b: Zapdos\n|-damage|p1b: Zapdos|0 fnt\n|faint|p1b: Zapdos\n|\n|win|huntaaahr\n|raw|Aphro Ray Koga's rating: 1157 &rarr; <strong>1133<\/strong><br \/>(-24 for losing)\n|raw|huntaaahr's rating: 1166 &rarr; <strong>1190<\/strong><br \/>(+24 for winning)\n","uploadtime":1700062132,"views":10,"p1id":"aphroraykoga","p2id":"huntaaahr","formatid":"gen9vgc2023regulatione","rating":1133,"private":0,"password":""}