{"id":"gen9vgc2023regulatione-1998121162","p1":"Magikarp2002","p2":"gabomedinaz","format":"[Gen 9] VGC 2023 Regulation E","log":"|j|\u2606Magikarp2002\n|j|\u2606gabomedinaz\n|t:|1700895129\n|gametype|doubles\n|player|p1|Magikarp2002|102|1443\n|player|p2|gabomedinaz|ethan|1404\n|teamsize|p1|6\n|teamsize|p2|6\n|gen|9\n|tier|[Gen 9] VGC 2023 Regulation E\n|rated|\n|rule|Species Clause: Limit one of each Pok\u00e9mon\n|rule|Item Clause: Limit one of each item\n|clearpoke\n|poke|p1|Tornadus, L50, M|\n|poke|p1|Heatran, L50, F|\n|poke|p1|Amoonguss, L50, M|\n|poke|p1|Urshifu-*, L50, F|\n|poke|p1|Flutter Mane, L50|\n|poke|p1|Gholdengo, L50|\n|poke|p2|Urshifu-*, L50, M|\n|poke|p2|Tornadus, L50, M|\n|poke|p2|Rillaboom, L50, F|\n|poke|p2|Flutter Mane, L50|\n|poke|p2|Landorus-Therian, L50, M|\n|poke|p2|Heatran, L50, M|\n|teampreview|4\ngabomedinaz has agreed to open team sheets.\n|inactive|Battle timer is ON: inactive players will automatically lose when time's up. (requested by Magikarp2002)\n|\n|t:|1700895196\n|start\n|switch|p1a: Tornadus|Tornadus, L50, M, shiny|100\/100\n|switch|p1b: Gholdengo|Gholdengo, L50|100\/100\n|switch|p2a: Tornadus|Tornadus, L50, M|100\/100\n|switch|p2b: Landorus|Landorus-Therian, L50, M|100\/100\n|-ability|p2b: Landorus|Intimidate|boost\n|-unboost|p1a: Tornadus|atk|1\n|-unboost|p1b: Gholdengo|atk|1\n|turn|1\n|inactive|Magikarp2002 has 30 seconds left.\n|inactive|gabomedinaz has 30 seconds left.\n|\n|t:|1700895223\n|switch|p1b: Heatran|Heatran, L50, F|100\/100\n|-item|p1b: Heatran|Air Balloon\n|move|p2a: Tornadus|Taunt|p1a: Tornadus\n|-start|p1a: Tornadus|move: Taunt\n|move|p2b: Landorus|Rock Slide|p1b: Heatran|[spread] p1a,p1b\n|-supereffective|p1a: Tornadus\n|-damage|p1a: Tornadus|43\/100\n|-damage|p1b: Heatran|83\/100\n|-enditem|p1b: Heatran|Air Balloon\n|-enditem|p1a: Tornadus|Sitrus Berry|[eat]\n|-heal|p1a: Tornadus|67\/100|[from] item: Sitrus Berry\n|move|p1a: Tornadus|Bleakwind Storm|p2a: Tornadus|[spread] p2a,p2b\n|-damage|p2a: Tornadus|56\/100\n|-damage|p2b: Landorus|63\/100\n|\n|upkeep\n|turn|2\n|inactive|gabomedinaz has 30 seconds left.\n|\n|t:|1700895250\n|-terastallize|p1b: Heatran|Grass\n|move|p2b: Landorus|Rock Slide|p1b: Heatran|[spread] p1a,p1b\n|-supereffective|p1a: Tornadus\n|-damage|p1a: Tornadus|17\/100\n|-damage|p1b: Heatran|64\/100\n|cant|p1a: Tornadus|flinch\n|move|p2a: Tornadus|Bleakwind Storm|p1b: Heatran|[spread] p1a\n|-miss|p2a: Tornadus|p1b: Heatran\n|-damage|p1a: Tornadus|0 fnt\n|faint|p1a: Tornadus\n|cant|p1b: Heatran|flinch\n|\n|upkeep\n|\n|t:|1700895263\n|switch|p1a: Urshifu|Urshifu-Rapid-Strike, L50, F|100\/100\n|turn|3\n|\n|t:|1700895274\n|switch|p2b: Rillaboom|Rillaboom, L50, F|100\/100\n|-fieldstart|move: Grassy Terrain|[from] ability: Grassy Surge|[of] p2b: Rillaboom\n|move|p1b: Heatran|Protect|p1b: Heatran\n|-singleturn|p1b: Heatran|Protect\n|move|p2a: Tornadus|Tailwind|p2a: Tornadus\n|-sidestart|p2: gabomedinaz|move: Tailwind\n|move|p1a: Urshifu|Surging Strikes|p2a: Tornadus\n|-crit|p2a: Tornadus\n|-damage|p2a: Tornadus|36\/100\n|-crit|p2a: Tornadus\n|-damage|p2a: Tornadus|18\/100\n|-crit|p2a: Tornadus\n|-damage|p2a: Tornadus|0 fnt\n|faint|p2a: Tornadus\n|-hitcount|p2: Tornadus|3\n|\n|-heal|p1b: Heatran|70\/100|[from] Grassy Terrain\n|upkeep\n|\n|t:|1700895293\n|switch|p2a: Landorus|Landorus-Therian, L50, M|63\/100\n|-ability|p2a: Landorus|Intimidate|boost\n|-unboost|p1a: Urshifu|atk|1\n|-unboost|p1b: Heatran|atk|1\n|turn|4\n|\n|t:|1700895316\n|-terastallize|p2a: Landorus|Flying\n|move|p2a: Landorus|Tera Blast|p1b: Heatran|[anim] Tera Blast Flying\n|-supereffective|p1b: Heatran\n|-damage|p1b: Heatran|0 fnt\n|faint|p1b: Heatran\n|move|p2b: Rillaboom|Wood Hammer|p1a: Urshifu\n|-supereffective|p1a: Urshifu\n|-enditem|p1a: Urshifu|Focus Sash\n|-damage|p1a: Urshifu|1\/100\n|-damage|p2b: Rillaboom|72\/100|[from] Recoil\n|move|p1a: Urshifu|Surging Strikes|p2a: Landorus\n|-crit|p2a: Landorus\n|-damage|p2a: Landorus|43\/100\n|-crit|p2a: Landorus\n|-damage|p2a: Landorus|21\/100\n|-crit|p2a: Landorus\n|-damage|p2a: Landorus|0 fnt\n|faint|p2a: Landorus\n|-hitcount|p2: Landorus|3\n|\n|-heal|p2b: Rillaboom|78\/100|[from] Grassy Terrain\n|-heal|p1a: Urshifu|7\/100|[from] Grassy Terrain\n|upkeep\n|\n|t:|1700895335\n|switch|p2a: Heatran|Heatran, L50, M|100\/100\n|switch|p1b: Gholdengo|Gholdengo, L50|100\/100\n|turn|5\n|\n|t:|1700895346\n|move|p1a: Urshifu|Protect|p1a: Urshifu\n|-singleturn|p1a: Urshifu|Protect\n|move|p1b: Gholdengo|Protect|p1b: Gholdengo\n|-singleturn|p1b: Gholdengo|Protect\n|move|p2b: Rillaboom|Grassy Glide|p1a: Urshifu\n|-activate|p1a: Urshifu|move: Protect\n|move|p2a: Heatran|Heat Wave|p1a: Urshifu|[spread] \n|-activate|p1a: Urshifu|move: Protect\n|-activate|p1b: Gholdengo|move: Protect\n|\n|-heal|p2b: Rillaboom|84\/100|[from] Grassy Terrain\n|-heal|p1a: Urshifu|12\/100|[from] Grassy Terrain\n|upkeep\n|turn|6\n|\n|t:|1700895362\n|move|p1a: Urshifu|Protect||[still]\n|-fail|p1a: Urshifu\n|move|p1b: Gholdengo|Protect||[still]\n|-fail|p1b: Gholdengo\n|move|p2b: Rillaboom|Grassy Glide|p1a: Urshifu\n|-supereffective|p1a: Urshifu\n|-damage|p1a: Urshifu|0 fnt\n|faint|p1a: Urshifu\n|move|p2a: Heatran|Heat Wave|p1b: Gholdengo\n|-supereffective|p1b: Gholdengo\n|-damage|p1b: Gholdengo|1\/100\n|\n|-heal|p2b: Rillaboom|90\/100|[from] Grassy Terrain\n|-heal|p1b: Gholdengo|7\/100|[from] Grassy Terrain\n|-heal|p1b: Gholdengo|13\/100|[from] item: Leftovers\n|-sideend|p2: gabomedinaz|move: Tailwind\n|upkeep\n|turn|7\n|-message|Magikarp2002 forfeited.\n|\n|win|gabomedinaz\n|raw|Magikarp2002's rating: 1443 &rarr; <strong>1421<\/strong><br \/>(-22 for losing)\n|raw|gabomedinaz's rating: 1404 &rarr; <strong>1426<\/strong><br \/>(+22 for winning)\n|l|\u2606Magikarp2002\n|c|\u2606gabomedinaz|gg\n","uploadtime":1700895404,"views":8,"p1id":"magikarp2002","p2id":"gabomedinaz","formatid":"gen9vgc2023regulatione","rating":1421,"private":0,"password":""}