{"id":"gen9vgc2023regulatione-1991880901","p1":"FoxyTheG","p2":"Cbutty","format":"[Gen 9] VGC 2023 Regulation E","log":"|j|\u2606FoxyTheG\n|j|\u2606Cbutty\n|t:|1700132914\n|gametype|doubles\n|player|p1|FoxyTheG|mars|1190\n|player|p2|Cbutty|acetrainer|1123\n|teamsize|p1|6\n|teamsize|p2|6\n|gen|9\n|tier|[Gen 9] VGC 2023 Regulation E\n|rated|\n|rule|Species Clause: Limit one of each Pok\u00e9mon\n|rule|Item Clause: Limit one of each item\n|clearpoke\n|poke|p1|Zoroark-Hisui, L50, M|\n|poke|p1|Chi-Yu, L50|\n|poke|p1|Kingambit, L50, F|\n|poke|p1|Landorus-Therian, L50, M|\n|poke|p1|Ogerpon-Wellspring, L50, F|\n|poke|p1|Maushold, L50|\n|poke|p2|Iron Valiant, L50|\n|poke|p2|Gholdengo, L50|\n|poke|p2|Ogerpon-Wellspring, L50, F|\n|poke|p2|Rillaboom, L50, M|\n|poke|p2|Heatran, L50, M|\n|poke|p2|Ninetales-Alola, L50, F|\n|teampreview|4\n|inactive|Battle timer is ON: inactive players will automatically lose when time's up. (requested by Cbutty)\n|inactive|FoxyTheG also wants the timer to be on.\nCbutty has agreed to open team sheets.\n|\n|t:|1700132940\n|start\n|switch|p1a: Kingambit|Kingambit, L50, F|100\/100\n|switch|p1b: Chi-Yu|Chi-Yu, L50|100\/100\n|switch|p2a: Heatran|Heatran, L50, M|100\/100\n|switch|p2b: Ninetales|Ninetales-Alola, L50, F|100\/100\n|-ability|p1b: Chi-Yu|Beads of Ruin\n|-weather|Snow|[from] ability: Snow Warning|[of] p2b: Ninetales\n|turn|1\n|\n|t:|1700132965\n|move|p1a: Kingambit|Protect|p1a: Kingambit\n|-singleturn|p1a: Kingambit|Protect\n|move|p1b: Chi-Yu|Overheat|p2b: Ninetales\n|-supereffective|p2b: Ninetales\n|-damage|p2b: Ninetales|0 fnt\n|-unboost|p1b: Chi-Yu|spa|2\n|faint|p2b: Ninetales\n|move|p2a: Heatran|Earth Power|p1b: Chi-Yu\n|-supereffective|p1b: Chi-Yu\n|-damage|p1b: Chi-Yu|5\/100\n|-damage|p2a: Heatran|91\/100|[from] item: Life Orb\n|\n|-weather|Snow|[upkeep]\n|upkeep\n|\n|t:|1700132971\n|switch|p2b: Iron Valiant|Iron Valiant, L50|100\/100\n|-enditem|p2b: Iron Valiant|Booster Energy\n|-activate|p2b: Iron Valiant|ability: Quark Drive|[fromitem]\n|-start|p2b: Iron Valiant|quarkdrivespe\n|turn|2\n|\n|t:|1700132982\n|switch|p1b: Landorus|Landorus-Therian, L50, M|100\/100\n|-ability|p1b: Landorus|Intimidate|boost\n|-unboost|p2a: Heatran|atk|1\n|-unboost|p2b: Iron Valiant|atk|1\n|move|p2b: Iron Valiant|Encore|p1a: Kingambit\n|-start|p1a: Kingambit|Encore\n|move|p2a: Heatran|Heat Wave|p1b: Landorus|[spread] p1a\n|-miss|p2a: Heatran|p1b: Landorus\n|-supereffective|p1a: Kingambit\n|-damage|p1a: Kingambit|10\/100\n|-status|p1a: Kingambit|brn\n|-damage|p2a: Heatran|81\/100|[from] item: Life Orb\n|move|p1a: Kingambit|Protect||[still]\n|-fail|p1a: Kingambit\n|\n|-weather|Snow|[upkeep]\n|-damage|p1a: Kingambit|4\/100 brn|[from] brn\n|upkeep\n|turn|3\n|inactive|Cbutty has 30 seconds left.\n|\n|t:|1700133016\n|-end|p2b: Iron Valiant|Quark Drive|[silent]\n|switch|p2b: Rillaboom|Rillaboom, L50, M|100\/100\n|-fieldstart|move: Grassy Terrain|[from] ability: Grassy Surge|[of] p2b: Rillaboom\n|switch|p1a: Chi-Yu|Chi-Yu, L50|5\/100\n|-ability|p1a: Chi-Yu|Beads of Ruin\n|move|p2a: Heatran|Protect|p2a: Heatran\n|-singleturn|p2a: Heatran|Protect\n|move|p1b: Landorus|U-turn|p2a: Heatran\n|-activate|p2a: Heatran|move: Protect\n|\n|-weather|Snow|[upkeep]\n|-heal|p1a: Chi-Yu|11\/100|[from] Grassy Terrain\n|-heal|p2a: Heatran|87\/100|[from] Grassy Terrain\n|upkeep\n|turn|4\n|\n|t:|1700133034\n|move|p1a: Chi-Yu|Protect|p1a: Chi-Yu\n|-singleturn|p1a: Chi-Yu|Protect\n|move|p2b: Rillaboom|Grassy Glide|p1a: Chi-Yu\n|-activate|p1a: Chi-Yu|move: Protect\n|move|p1b: Landorus|U-turn|p2b: Rillaboom\n|-supereffective|p2b: Rillaboom\n|-damage|p2b: Rillaboom|58\/100\n|\n|t:|1700133042\n|switch|p1b: Kingambit|Kingambit, L50, F|4\/100 brn|[from] U-turn\n|move|p2a: Heatran|Heat Wave|p1b: Kingambit|[spread] p1b\n|-activate|p1a: Chi-Yu|move: Protect\n|-supereffective|p1b: Kingambit\n|-damage|p1b: Kingambit|0 fnt\n|faint|p1b: Kingambit\n|-damage|p2a: Heatran|78\/100|[from] item: Life Orb\n|\n|-weather|Snow|[upkeep]\n|-heal|p1a: Chi-Yu|17\/100|[from] Grassy Terrain\n|-heal|p2b: Rillaboom|64\/100|[from] Grassy Terrain\n|-heal|p2a: Heatran|83\/100|[from] Grassy Terrain\n|upkeep\n|\n|t:|1700133048\n|switch|p1b: Landorus|Landorus-Therian, L50, M|100\/100\n|-ability|p1b: Landorus|Intimidate|boost\n|-unboost|p2a: Heatran|atk|1\n|-unboost|p2b: Rillaboom|atk|1\n|turn|5\n|\n|t:|1700133057\n|switch|p1a: Chi-Yu|Chi-Yu, L50|100\/100\n|-terastallize|p2a: Heatran|Fairy\n|move|p2b: Rillaboom|Grassy Glide|p1a: Chi-Yu\n|-damage|p1a: Chi-Yu|51\/100\n|replace|p1a: Zoroark|Zoroark-Hisui, L50, M, shiny\n|-end|p1a: Zoroark|Illusion\n|move|p1b: Landorus|Stomping Tantrum|p2a: Heatran\n|-damage|p2a: Heatran|56\/100\n|move|p2a: Heatran|Heat Wave|p1a: Zoroark|[spread] p1a,p1b\n|-damage|p1a: Zoroark|0 fnt\n|-damage|p1b: Landorus|50\/100\n|faint|p1a: Zoroark\n|-damage|p2a: Heatran|47\/100|[from] item: Life Orb\n|\n|-weather|none\n|-heal|p2b: Rillaboom|70\/100|[from] Grassy Terrain\n|-heal|p2a: Heatran|53\/100|[from] Grassy Terrain\n|upkeep\n|\n|t:|1700133068\n|switch|p1a: Chi-Yu|Chi-Yu, L50|17\/100\n|-ability|p1a: Chi-Yu|Beads of Ruin\n|turn|6\n|\n|t:|1700133083\n|move|p1a: Chi-Yu|Protect|p1a: Chi-Yu\n|-singleturn|p1a: Chi-Yu|Protect\n|move|p2b: Rillaboom|Grassy Glide|p1a: Chi-Yu\n|-activate|p1a: Chi-Yu|move: Protect\n|move|p1b: Landorus|Stomping Tantrum|p2a: Heatran\n|-damage|p2a: Heatran|22\/100\n|move|p2a: Heatran|Heat Wave|p1a: Chi-Yu|[spread] p1b\n|-activate|p1a: Chi-Yu|move: Protect\n|-damage|p1b: Landorus|0 fnt\n|faint|p1b: Landorus\n|-damage|p2a: Heatran|13\/100|[from] item: Life Orb\n|\n|-heal|p1a: Chi-Yu|23\/100|[from] Grassy Terrain\n|-heal|p2b: Rillaboom|76\/100|[from] Grassy Terrain\n|-heal|p2a: Heatran|19\/100|[from] Grassy Terrain\n|upkeep\n|turn|7\n|inactive|FoxyTheG has 30 seconds left.\n|\n|t:|1700133116\n|switch|p2b: Iron Valiant|Iron Valiant, L50|100\/100\n|move|p1a: Chi-Yu|Dark Pulse|p2a: Heatran\n|-resisted|p2a: Heatran\n|-damage|p2a: Heatran|0 fnt\n|faint|p2a: Heatran\n|\n|-heal|p1a: Chi-Yu|30\/100|[from] Grassy Terrain\n|-fieldend|move: Grassy Terrain\n|upkeep\n|\n|t:|1700133121\n|switch|p2a: Rillaboom|Rillaboom, L50, M|76\/100\n|-fieldstart|move: Grassy Terrain|[from] ability: Grassy Surge|[of] p2a: Rillaboom\n|turn|8\n|\n|t:|1700133128\n|move|p1a: Chi-Yu|Protect|p1a: Chi-Yu\n|-singleturn|p1a: Chi-Yu|Protect\n|move|p2a: Rillaboom|Fake Out|p1a: Chi-Yu\n|-activate|p1a: Chi-Yu|move: Protect\n|move|p2b: Iron Valiant|Close Combat|p1a: Chi-Yu\n|-activate|p1a: Chi-Yu|move: Protect\n|\n|-heal|p1a: Chi-Yu|36\/100|[from] Grassy Terrain\n|-heal|p2a: Rillaboom|82\/100|[from] Grassy Terrain\n|upkeep\n|turn|9\n|\n|t:|1700133141\n|-terastallize|p1a: Chi-Yu|Ghost\n|move|p2b: Iron Valiant|Encore|p1a: Chi-Yu\n|-start|p1a: Chi-Yu|Encore\n|move|p1a: Chi-Yu|Protect||[still]\n|-fail|p1a: Chi-Yu\n|move|p2a: Rillaboom|Wood Hammer|p1a: Chi-Yu\n|-damage|p1a: Chi-Yu|0 fnt\n|faint|p1a: Chi-Yu\n|-damage|p2a: Rillaboom|74\/100|[from] Recoil\n|\n|win|Cbutty\n|raw|FoxyTheG's rating: 1190 &rarr; <strong>1160<\/strong><br \/>(-30 for losing)\n|raw|Cbutty's rating: 1123 &rarr; <strong>1153<\/strong><br \/>(+30 for winning)\n|l|\u2606FoxyTheG\n","uploadtime":1700133155,"views":29,"p1id":"foxytheg","p2id":"cbutty","formatid":"gen9vgc2023regulatione","rating":1153,"private":0,"password":""}