{"id":"gen9vgc2023regulatione-1988057242","p1":"zbsch","p2":"Vengeful potato","format":"[Gen 9] VGC 2023 Regulation E","log":"|j|\u2606zbsch\n|j|\u2606Vengeful potato\n|t:|1699664300\n|gametype|doubles\n|player|p1|zbsch|harlequin|1171\n|player|p2|Vengeful potato|swimmer|1214\n|teamsize|p1|6\n|teamsize|p2|5\n|gen|9\n|tier|[Gen 9] VGC 2023 Regulation E\n|rated|\n|rule|Species Clause: Limit one of each Pok\u00e9mon\n|rule|Item Clause: Limit one of each item\n|clearpoke\n|poke|p1|Ninetales-Alola, L50, F|\n|poke|p1|Kommo-o, L50, M|\n|poke|p1|Farigiraf, L50, F|\n|poke|p1|Sinistcha, L50|\n|poke|p1|Ursaluna, L50, M|\n|poke|p1|Heatran, L50, M|\n|poke|p2|Dudunsparce-*, L50, M|\n|poke|p2|Weezing, L50, M|\n|poke|p2|Sinistcha-Masterpiece, L50|\n|poke|p2|Kleavor, L50, F|\n|poke|p2|Maushold-Four, L50|\n|teampreview|4\n|inactive|Battle timer is ON: inactive players will automatically lose when time's up. (requested by zbsch)\n|inactive|zbsch has 60 seconds left.\n|\n|t:|1699664342\n|start\n|switch|p1a: Sinistcha|Sinistcha, L50|100\/100\n|switch|p1b: Kommo-o|Kommo-o, L50, M|100\/100\n|switch|p2a: Dudunsparce|Dudunsparce, L50, M, shiny|100\/100\n|switch|p2b: Weezing|Weezing, L50, M, shiny|100\/100\n|-ability|p2b: Weezing|Neutralizing Gas\n|turn|1\n|\n|t:|1699664356\n|move|p1a: Sinistcha|Rage Powder|p1a: Sinistcha\n|-singleturn|p1a: Sinistcha|move: Rage Powder\n|move|p1b: Kommo-o|Clangorous Soul|p1b: Kommo-o\n|-boost|p1b: Kommo-o|atk|1\n|-boost|p1b: Kommo-o|def|1\n|-boost|p1b: Kommo-o|spa|1\n|-boost|p1b: Kommo-o|spd|1\n|-boost|p1b: Kommo-o|spe|1\n|-damage|p1b: Kommo-o|68\/100\n|-enditem|p1b: Kommo-o|Throat Spray\n|-boost|p1b: Kommo-o|spa|1|[from] item: Throat Spray\n|move|p2a: Dudunsparce|Glare|p1a: Sinistcha\n|-status|p1a: Sinistcha|par\n|move|p2b: Weezing|Taunt|p1a: Sinistcha\n|-start|p1a: Sinistcha|move: Taunt\n|\n|upkeep\n|turn|2\n|\n|t:|1699664379\n|move|p1b: Kommo-o|Protect|p1b: Kommo-o\n|-singleturn|p1b: Kommo-o|Protect\n|move|p2a: Dudunsparce|Glare|p1b: Kommo-o\n|-activate|p1b: Kommo-o|move: Protect\n|move|p2b: Weezing|Haze|p2b: Weezing\n|-clearallboost\n|move|p1a: Sinistcha|Matcha Gotcha|p2b: Weezing|[spread] p2a\n|-miss|p1a: Sinistcha|p2b: Weezing\n|-damage|p2a: Dudunsparce|78\/100\n|\n|upkeep\n|turn|3\n|\n|t:|1699664399\n|switch|p1b: Heatran|Heatran, L50, M|100\/100\n|move|p2a: Dudunsparce|Glare|p1b: Heatran\n|-status|p1b: Heatran|par\n|move|p2b: Weezing|Gunk Shot|p1a: Sinistcha\n|-damage|p1a: Sinistcha|70\/100 par\n|cant|p1a: Sinistcha|par\n|\n|-heal|p1a: Sinistcha|76\/100 par|[from] item: Leftovers\n|upkeep\n|turn|4\n|\n|t:|1699664421\n|-end|p2b: Weezing|ability: Neutralizing Gas\n|switch|p2b: Sinistcha|Sinistcha-Masterpiece, L50, shiny|100\/100\n|-heal|p2a: Dudunsparce|100\/100|[from] ability: Hospitality|[of] p2b: Sinistcha\n|move|p2a: Dudunsparce|Rock Slide|p1b: Heatran|[spread] p1a,p1b\n|-crit|p1a: Sinistcha\n|-damage|p1a: Sinistcha|56\/100 par\n|-damage|p1b: Heatran|88\/100 par\n|cant|p1b: Heatran|flinch\n|cant|p1a: Sinistcha|flinch\n|\n|-heal|p1a: Sinistcha|62\/100 par|[from] item: Leftovers\n|-end|p1a: Sinistcha|move: Taunt\n|upkeep\n|turn|5\n|\n|t:|1699664445\n|move|p2a: Dudunsparce|Rock Slide|p1b: Heatran|[spread] p1a,p1b\n|-damage|p1a: Sinistcha|49\/100 par\n|-damage|p1b: Heatran|76\/100 par\n|move|p2b: Sinistcha|Hex|p1a: Sinistcha\n|-supereffective|p1a: Sinistcha\n|-crit|p1a: Sinistcha\n|-damage|p1a: Sinistcha|0 fnt\n|faint|p1a: Sinistcha\n|cant|p1b: Heatran|par\n|\n|upkeep\n|\n|t:|1699664454\n|switch|p1a: Farigiraf|Farigiraf, L50, F|100\/100\n|turn|6\n|\n|t:|1699664470\n|move|p2a: Dudunsparce|Rock Slide|p1a: Farigiraf|[spread] p1a,p1b\n|-damage|p1a: Farigiraf|84\/100\n|-damage|p1b: Heatran|65\/100 par\n|move|p2b: Sinistcha|Hex|p1b: Heatran\n|-damage|p1b: Heatran|5\/100 par\n|move|p1a: Farigiraf|Thunderbolt|p2a: Dudunsparce\n|-damage|p2a: Dudunsparce|70\/100\n|-status|p2a: Dudunsparce|par\n|cant|p1b: Heatran|flinch\n|\n|upkeep\n|turn|7\n|\n|t:|1699664484\n|move|p2b: Sinistcha|Matcha Gotcha|p1b: Heatran|[spread] p1a,p1b\n|-resisted|p1b: Heatran\n|-damage|p1a: Farigiraf|54\/100\n|-damage|p1b: Heatran|0 fnt\n|faint|p1b: Heatran\n|move|p1a: Farigiraf|Thunderbolt|p2b: Sinistcha\n|-resisted|p2b: Sinistcha\n|-damage|p2b: Sinistcha|82\/100\n|move|p2a: Dudunsparce|Rock Slide|p1a: Farigiraf\n|-damage|p1a: Farigiraf|34\/100\n|-enditem|p1a: Farigiraf|Sitrus Berry|[eat]\n|-heal|p1a: Farigiraf|58\/100|[from] item: Sitrus Berry\n|\n|upkeep\n|\n|t:|1699664489\n|switch|p1b: Kommo-o|Kommo-o, L50, M|68\/100\n|turn|8\n|\n|t:|1699664510\n|move|p1b: Kommo-o|Clangorous Soul|p1b: Kommo-o\n|-boost|p1b: Kommo-o|atk|1\n|-boost|p1b: Kommo-o|def|1\n|-boost|p1b: Kommo-o|spa|1\n|-boost|p1b: Kommo-o|spd|1\n|-boost|p1b: Kommo-o|spe|1\n|-damage|p1b: Kommo-o|35\/100\n|move|p2b: Sinistcha|Life Dew|p2b: Sinistcha|[spread] p2a,p2b\n|-heal|p2a: Dudunsparce|95\/100 par\n|-heal|p2b: Sinistcha|100\/100\n|move|p1a: Farigiraf|Thunderbolt|p2b: Sinistcha\n|-resisted|p2b: Sinistcha\n|-damage|p2b: Sinistcha|83\/100\n|move|p2a: Dudunsparce|Glare|p1b: Kommo-o\n|-status|p1b: Kommo-o|par\n|\n|upkeep\n|turn|9\n|inactive|zbsch has 30 seconds left.\n|\n|t:|1699664540\n|move|p1b: Kommo-o|Clanging Scales|p2a: Dudunsparce|[spread] p2a,p2b\n|-damage|p2a: Dudunsparce|45\/100 par\n|-damage|p2b: Sinistcha|13\/100\n|-unboost|p1b: Kommo-o|def|1\n|move|p2b: Sinistcha|Hex|p1b: Kommo-o\n|-damage|p1b: Kommo-o|0 fnt\n|faint|p1b: Kommo-o\n|move|p1a: Farigiraf|Thunderbolt|p2b: Sinistcha\n|-resisted|p2b: Sinistcha\n|-damage|p2b: Sinistcha|0 fnt\n|faint|p2b: Sinistcha\n|move|p2a: Dudunsparce|Glare|p1a: Farigiraf\n|-status|p1a: Farigiraf|par\n|\n|upkeep\n|c|\u2606zbsch|gg\n|-message|zbsch forfeited.\n|\n|win|Vengeful potato\n|raw|zbsch's rating: 1171 &rarr; <strong>1149<\/strong><br \/>(-22 for losing)\n|raw|Vengeful potato's rating: 1214 &rarr; <strong>1236<\/strong><br \/>(+22 for winning)\n|l|\u2606zbsch\n|c|\u2606Vengeful potato|Gg\n","uploadtime":1699664562,"views":12,"p1id":"zbsch","p2id":"vengefulpotato","formatid":"gen9vgc2023regulatione","rating":1149,"private":0,"password":""}