{"id":"gen9vgc2023regulatione-1993815339","p1":"BlueJayX2","p2":"spyr0technic","format":"[Gen 9] VGC 2023 Regulation E","log":"|j|\u2606BlueJayX2\n|j|\u203dspyr0technic\n|t:|1700360704\n|gametype|doubles\n|player|p1|BlueJayX2|marley|1225\n|player|p2|spyr0technic|plasmagrunt|1274\n|teamsize|p1|6\n|teamsize|p2|6\n|gen|9\n|tier|[Gen 9] VGC 2023 Regulation E\n|rated|\n|rule|Species Clause: Limit one of each Pok\u00e9mon\n|rule|Item Clause: Limit one of each item\n|clearpoke\n|poke|p1|Lucario, L50, M|\n|poke|p1|Arcanine-Hisui, L50, M|\n|poke|p1|Dragonite, L50, M|\n|poke|p1|Regieleki, L50|\n|poke|p1|Illumise, L50, F|\n|poke|p1|Sylveon, L50, M|\n|poke|p2|Glimmora, L50, F|\n|poke|p2|Tatsugiri, L50, M|\n|poke|p2|Dondozo, L50, F|\n|poke|p2|Flutter Mane, L50|\n|poke|p2|Arcanine-Hisui, L50, M|\n|poke|p2|Chien-Pao, L50|\n|teampreview|4\n|inactive|Battle timer is ON: inactive players will automatically lose when time's up. (requested by BlueJayX2)\n|inactive|spyr0technic also wants the timer to be on.\n|\n|t:|1700360733\n|start\n|switch|p1a: Illumise|Illumise, L50, F, shiny|100\/100\n|switch|p1b: Sylveon|Sylveon, L50, M|100\/100\n|switch|p2a: Glimmora|Glimmora, L50, F|100\/100\n|switch|p2b: Chien-Pao|Chien-Pao, L50|100\/100\n|-ability|p2b: Chien-Pao|Sword of Ruin\n|turn|1\n|\n|t:|1700360747\n|move|p1a: Illumise|Tailwind|p1a: Illumise\n|-sidestart|p1: BlueJayX2|move: Tailwind\n|move|p1b: Sylveon|Hyper Voice|p2a: Glimmora|[spread] p2a,p2b\n|-resisted|p2a: Glimmora\n|-supereffective|p2b: Chien-Pao\n|-damage|p2a: Glimmora|83\/100\n|-damage|p2b: Chien-Pao|0 fnt\n|faint|p2b: Chien-Pao\n|-enditem|p1b: Sylveon|Throat Spray\n|-boost|p1b: Sylveon|spa|1|[from] item: Throat Spray\n|move|p2a: Glimmora|Stealth Rock|p1b: Sylveon\n|-sidestart|p1: BlueJayX2|move: Stealth Rock\n|\n|upkeep\n|\n|t:|1700360753\n|switch|p2b: Dondozo|Dondozo, L50, F|100\/100\n|turn|2\n|\n|t:|1700360772\n|move|p1a: Illumise|Thunder Wave|p2b: Dondozo\n|-status|p2b: Dondozo|par\n|move|p1b: Sylveon|Hyper Voice|p2a: Glimmora|[spread] p2a,p2b\n|-resisted|p2a: Glimmora\n|-damage|p2a: Glimmora|56\/100\n|-damage|p2b: Dondozo|60\/100 par\n|move|p2a: Glimmora|Sludge Bomb|p1b: Sylveon\n|-supereffective|p1b: Sylveon\n|-damage|p1b: Sylveon|30\/100\n|cant|p2b: Dondozo|par\n|\n|-heal|p2b: Dondozo|67\/100 par|[from] item: Leftovers\n|upkeep\n|turn|3\n|\n|t:|1700360795\n|move|p1a: Illumise|Helping Hand|p1b: Sylveon\n|-singleturn|p1b: Sylveon|Helping Hand|[of] p1a: Illumise\n|move|p1b: Sylveon|Hyper Beam|p2b: Dondozo\n|-damage|p2b: Dondozo|0 fnt\n|-mustrecharge|p1b: Sylveon\n|faint|p2b: Dondozo\n|move|p2a: Glimmora|Sludge Bomb|p1b: Sylveon\n|-supereffective|p1b: Sylveon\n|-damage|p1b: Sylveon|0 fnt\n|faint|p1b: Sylveon\n|\n|upkeep\n|\n|t:|1700360808\n|switch|p1b: Lucario|Lucario, L50, M, shiny|100\/100\n|switch|p2b: Tatsugiri|Tatsugiri, L50, M|100\/100\n|-damage|p1b: Lucario|98\/100|[from] Stealth Rock\n|turn|4\n|\n|t:|1700360825\n|move|p1a: Illumise|Thunder Wave|p2a: Glimmora\n|-status|p2a: Glimmora|par\n|move|p1b: Lucario|Meteor Mash|p2a: Glimmora|[miss]\n|-miss|p1b: Lucario|p2a: Glimmora\n|-enditem|p1b: Lucario|Blunder Policy\n|-boost|p1b: Lucario|spe|2\n|move|p2b: Tatsugiri|Draco Meteor|p1b: Lucario|[miss]\n|-miss|p2b: Tatsugiri|p1b: Lucario\n|move|p2a: Glimmora|Sludge Bomb|p1a: Illumise\n|-damage|p1a: Illumise|71\/100\n|-status|p1a: Illumise|psn\n|\n|-damage|p1a: Illumise|58\/100 psn|[from] psn\n|-sideend|p1: BlueJayX2|move: Tailwind\n|upkeep\n|turn|5\n|\n|t:|1700360849\n|move|p1b: Lucario|Extreme Speed|p2b: Tatsugiri\n|-damage|p2b: Tatsugiri|52\/100\n|move|p1a: Illumise|Tailwind|p1a: Illumise\n|-sidestart|p1: BlueJayX2|move: Tailwind\n|move|p2b: Tatsugiri|Draco Meteor|p1b: Lucario\n|-resisted|p1b: Lucario\n|-damage|p1b: Lucario|25\/100\n|-unboost|p2b: Tatsugiri|spa|2\n|-damage|p2b: Tatsugiri|42\/100|[from] item: Life Orb\n|cant|p2a: Glimmora|par\n|\n|-damage|p1a: Illumise|46\/100 psn|[from] psn\n|upkeep\n|turn|6\n|\n|t:|1700360870\n|move|p1a: Illumise|Thunder Wave|p2b: Tatsugiri\n|-status|p2b: Tatsugiri|par\n|move|p1b: Lucario|Meteor Mash|p2a: Glimmora\n|-supereffective|p2a: Glimmora\n|-damage|p2a: Glimmora|0 fnt\n|-activate|p2a: Glimmora|ability: Toxic Debris\n|-sidestart|p1: BlueJayX2|move: Toxic Spikes\n|faint|p2a: Glimmora\n|move|p2b: Tatsugiri|Muddy Water|p1a: Illumise|[spread] p1a,p1b\n|-damage|p1a: Illumise|29\/100 psn\n|-damage|p1b: Lucario|0 fnt\n|faint|p1b: Lucario\n|-damage|p2b: Tatsugiri|32\/100 par|[from] item: Life Orb\n|\n|-damage|p1a: Illumise|17\/100 psn|[from] psn\n|upkeep\n|\n|t:|1700360887\n|switch|p1b: Regieleki|Regieleki, L50, shiny|100\/100\n|-damage|p1b: Regieleki|88\/100|[from] Stealth Rock\n|-status|p1b: Regieleki|psn\n|turn|7\n|-message|spyr0technic forfeited.\n|\n|win|BlueJayX2\n|raw|BlueJayX2's rating: 1225 &rarr; <strong>1254<\/strong><br \/>(+29 for winning)\n|raw|spyr0technic's rating: 1274 &rarr; <strong>1245<\/strong><br \/>(-29 for losing)\n|l|\u203dspyr0technic\n","uploadtime":1700360916,"views":38,"p1id":"bluejayx2","p2id":"spyr0technic","formatid":"gen9vgc2023regulatione","rating":1245,"private":0,"password":""}