{"id":"gen9vgc2023regulatione-1991428805","p1":"AA1780","p2":"w0rkj0","format":"[Gen 9] VGC 2023 Regulation E","log":"|j|\u2606AA1780\n|j|\u2606w0rkj0\n|t:|1700076334\n|gametype|doubles\n|player|p1|AA1780|dragontamer|1049\n|player|p2|w0rkj0|acetrainer-gen4|1162\n|teamsize|p1|6\n|teamsize|p2|6\n|gen|9\n|tier|[Gen 9] VGC 2023 Regulation E\n|rated|\n|rule|Species Clause: Limit one of each Pok\u00e9mon\n|rule|Item Clause: Limit one of each item\n|clearpoke\n|poke|p1|Dragapult, L50, F|\n|poke|p1|Urshifu-*, L50, F|\n|poke|p1|Arcanine-Hisui, L50, F|\n|poke|p1|Sableye, L50, F|\n|poke|p1|Shiftry, L50, F|\n|poke|p1|Farigiraf, L50, M|\n|poke|p2|Landorus, L50, M|\n|poke|p2|Clefairy, L50, F|\n|poke|p2|Arcanine-Hisui, L50, F|\n|poke|p2|Ogerpon-Wellspring, L50, F|\n|poke|p2|Roaring Moon, L50|\n|poke|p2|Iron Hands, L50|\n|teampreview|4\n|inactive|Battle timer is ON: inactive players will automatically lose when time's up. (requested by AA1780)\n|inactive|w0rkj0 has 60 seconds left.\n|\n|t:|1700076379\n|start\n|switch|p1a: Urshifu|Urshifu-Rapid-Strike, L50, F|100\/100\n|switch|p1b: Dragapult|Dragapult, L50, F|100\/100\n|switch|p2a: Clefairy|Clefairy, L50, F|100\/100\n|switch|p2b: Arcanine|Arcanine-Hisui, L50, F|100\/100\n|-ability|p2b: Arcanine|Intimidate|boost\n|-unboost|p1a: Urshifu|atk|1\n|-fail|p1b: Dragapult|unboost|[from] ability: Clear Body|[of] p1b: Dragapult\n|turn|1\n|inactive|w0rkj0 has 30 seconds left.\n|inactive|w0rkj0 has 20 seconds left.\n|\n|t:|1700076421\n|-terastallize|p2b: Arcanine|Fairy\n|move|p2a: Clefairy|Helping Hand|p2b: Arcanine\n|-singleturn|p2b: Arcanine|Helping Hand|[of] p2a: Clefairy\n|move|p1b: Dragapult|Phantom Force||[still]\n|-prepare|p1b: Dragapult|Phantom Force\n|move|p1a: Urshifu|Swords Dance|p1a: Urshifu\n|-boost|p1a: Urshifu|atk|2\n|move|p2b: Arcanine|Tera Blast|p1a: Urshifu|[anim] Tera Blast Fairy\n|-supereffective|p1a: Urshifu\n|-damage|p1a: Urshifu|0 fnt\n|faint|p1a: Urshifu\n|\n|upkeep\n|\n|t:|1700076444\n|switch|p1a: Farigiraf|Farigiraf, L50, M|100\/100\n|turn|2\n|\n|t:|1700076461\n|move|p2a: Clefairy|Follow Me|p2a: Clefairy\n|-singleturn|p2a: Clefairy|move: Follow Me\n|move|p1b: Dragapult|Phantom Force|p2a: Clefairy|[from]lockedmove\n|-damage|p2a: Clefairy|50\/100\n|-damage|p1b: Dragapult|91\/100|[from] item: Life Orb\n|move|p2b: Arcanine|Tera Blast|p1a: Farigiraf|[anim] Tera Blast Fairy\n|-damage|p1a: Farigiraf|37\/100\n|move|p1a: Farigiraf|Hyper Voice|p2b: Arcanine|[spread] p2a,p2b\n|-damage|p2a: Clefairy|22\/100\n|-damage|p2b: Arcanine|71\/100\n|\n|-heal|p1a: Farigiraf|43\/100|[from] item: Leftovers\n|upkeep\n|turn|3\n|inactive|w0rkj0 has 30 seconds left.\n|inactive|w0rkj0 has 20 seconds left.\n|\n|t:|1700076497\n|switch|p2a: Iron Hands|Iron Hands, L50|100\/100\n|move|p1b: Dragapult|Body Slam|p2a: Iron Hands\n|-damage|p2a: Iron Hands|75\/100\n|-damage|p1b: Dragapult|81\/100|[from] item: Life Orb\n|move|p2b: Arcanine|Tera Blast|p1a: Farigiraf|[anim] Tera Blast Fairy\n|-damage|p1a: Farigiraf|0 fnt\n|faint|p1a: Farigiraf\n|\n|upkeep\n|\n|t:|1700076513\n|switch|p1a: Shiftry|Shiftry, L50, F|100\/100\n|turn|4\n|inactive|w0rkj0 has 30 seconds left.\n|\n|t:|1700076544\n|switch|p2b: Clefairy|Clefairy, L50, F|22\/100\n|-terastallize|p1a: Shiftry|Steel\n|move|p1b: Dragapult|Body Slam|p2a: Iron Hands\n|-crit|p2a: Iron Hands\n|-damage|p2a: Iron Hands|44\/100\n|-damage|p1b: Dragapult|71\/100|[from] item: Life Orb\n|move|p1a: Shiftry|Extrasensory|p2a: Iron Hands\n|-supereffective|p2a: Iron Hands\n|-crit|p2a: Iron Hands\n|-damage|p2a: Iron Hands|17\/100\n|move|p2a: Iron Hands|Drain Punch|p1a: Shiftry\n|-supereffective|p1a: Shiftry\n|-enditem|p1a: Shiftry|Focus Sash\n|-damage|p1a: Shiftry|1\/100\n|-heal|p2a: Iron Hands|53\/100|[from] drain|[of] p1a: Shiftry\n|\n|upkeep\n|turn|5\n|inactive|w0rkj0 has 30 seconds left.\n|inactive|w0rkj0 has 20 seconds left.\n|inactive|w0rkj0 has 15 seconds left.\n|inactive|w0rkj0 has 10 seconds left.\n|inactive|w0rkj0 has 5 seconds left.\n|\n|t:|1700076595\n|move|p1b: Dragapult|Body Slam|p2a: Iron Hands\n|-damage|p2a: Iron Hands|34\/100\n|-damage|p1b: Dragapult|61\/100|[from] item: Life Orb\n|move|p1a: Shiftry|Extrasensory|p2a: Iron Hands\n|-supereffective|p2a: Iron Hands\n|-damage|p2a: Iron Hands|18\/100\n|move|p2a: Iron Hands|Drain Punch|p1a: Shiftry\n|-supereffective|p1a: Shiftry\n|-damage|p1a: Shiftry|0 fnt\n|-heal|p2a: Iron Hands|19\/100|[from] drain|[of] p1a: Shiftry\n|faint|p1a: Shiftry\n|move|p2b: Clefairy|Heal Pulse|p2a: Iron Hands\n|-heal|p2a: Iron Hands|69\/100\n|\n|upkeep\n|turn|6\n|l|\u2606AA1780\n|inactive|AA1780 disconnected and has a minute to reconnect!\n|player|p1|\n|inactive|AA1780 has 30 seconds left.\n|inactive|AA1780 has 20 seconds left.\n|inactive|AA1780 has 15 seconds left.\n|inactive|AA1780 has 10 seconds left.\n|inactive|AA1780 has 5 seconds left.\n|-message|AA1780 lost due to inactivity.\n|\n|win|w0rkj0\n|raw|AA1780's rating: 1049 &rarr; <strong>1037<\/strong><br \/>(-12 for losing)\n|raw|w0rkj0's rating: 1162 &rarr; <strong>1179<\/strong><br \/>(+17 for winning)\n","uploadtime":1700076656,"views":20,"p1id":"aa1780","p2id":"w0rkj0","formatid":"gen9vgc2023regulatione","rating":1037,"private":0,"password":""}