{"id":"gen9vgc2023regulatione-1995040973","p1":"superseriousboi","p2":"seehang","format":"[Gen 9] VGC 2023 Regulation E","log":"|j|\u2606superseriousboi\n|j|\u2606seehang\n|t:|1700516213\n|gametype|doubles\n|player|p1|superseriousboi|drayden|1367\n|player|p2|seehang|169|1287\n|teamsize|p1|6\n|teamsize|p2|6\n|gen|9\n|tier|[Gen 9] VGC 2023 Regulation E\n|rated|\n|rule|Species Clause: Limit one of each Pok\u00e9mon\n|rule|Item Clause: Limit one of each item\n|clearpoke\n|poke|p1|Ogerpon-Wellspring, L50, F|\n|poke|p1|Landorus-Therian, L50, M|\n|poke|p1|Heatran, L50, F|\n|poke|p1|Iron Hands, L50|\n|poke|p1|Kingambit, L50, M|\n|poke|p1|Flutter Mane, L50|\n|poke|p2|Gholdengo, L50|\n|poke|p2|Iron Hands, L50|\n|poke|p2|Amoonguss, L50, F|\n|poke|p2|Iron Bundle, L50|\n|poke|p2|Pelipper, L50, F|\n|poke|p2|Salamence, L50, F|\n|teampreview|4\n|inactive|Battle timer is ON: inactive players will automatically lose when time's up. (requested by seehang)\n|inactive|superseriousboi has 60 seconds left.\n|\n|t:|1700516274\n|start\n|switch|p1a: Landorus|Landorus-Therian, L50, M|100\/100\n|switch|p1b: Iron Hands|Iron Hands, L50|100\/100\n|switch|p2a: Iron Bundle|Iron Bundle, L50|100\/100\n|switch|p2b: Gholdengo|Gholdengo, L50|100\/100\n|-ability|p1a: Landorus|Intimidate|boost\n|-unboost|p2a: Iron Bundle|atk|1\n|-unboost|p2b: Gholdengo|atk|1\n|-enditem|p2a: Iron Bundle|Booster Energy\n|-activate|p2a: Iron Bundle|ability: Quark Drive|[fromitem]\n|-start|p2a: Iron Bundle|quarkdrivespe\n|turn|1\n|inactive|superseriousboi has 30 seconds left.\n|inactive|seehang has 30 seconds left.\n|\n|t:|1700516308\n|move|p2a: Iron Bundle|Protect|p2a: Iron Bundle\n|-singleturn|p2a: Iron Bundle|Protect\n|move|p2b: Gholdengo|Protect|p2b: Gholdengo\n|-singleturn|p2b: Gholdengo|Protect\n|move|p1b: Iron Hands|Fake Out|p2a: Iron Bundle\n|-activate|p2a: Iron Bundle|move: Protect\n|move|p1a: Landorus|Stomping Tantrum|p2b: Gholdengo\n|-activate|p2b: Gholdengo|move: Protect\n|\n|upkeep\n|turn|2\n|\n|t:|1700516328\n|switch|p1a: Heatran|Heatran, L50, F|100\/100\n|move|p2a: Iron Bundle|Freeze-Dry|p1a: Heatran\n|-resisted|p1a: Heatran\n|-crit|p1a: Heatran\n|-damage|p1a: Heatran|91\/100\n|move|p2b: Gholdengo|Nasty Plot|p2b: Gholdengo\n|-boost|p2b: Gholdengo|spa|2\n|move|p1b: Iron Hands|Drain Punch|p2a: Iron Bundle\n|-supereffective|p2a: Iron Bundle\n|-damage|p2a: Iron Bundle|29\/100\n|\n|upkeep\n|turn|3\n|inactive|superseriousboi has 30 seconds left.\n|inactive|seehang has 30 seconds left.\n|inactive|seehang has 20 seconds left.\n|inactive|seehang has 15 seconds left.\n|\n|t:|1700516370\n|move|p2a: Iron Bundle|Icy Wind|p1b: Iron Hands|[spread] p1a,p1b\n|-resisted|p1a: Heatran\n|-damage|p1a: Heatran|88\/100\n|-damage|p1b: Iron Hands|91\/100\n|-unboost|p1a: Heatran|spe|1\n|-unboost|p1b: Iron Hands|spe|1\n|move|p2b: Gholdengo|Shadow Ball|p1a: Heatran\n|-damage|p1a: Heatran|15\/100\n|move|p1a: Heatran|Heat Wave|p2a: Iron Bundle|[spread] p2a,p2b\n|-supereffective|p2b: Gholdengo\n|-damage|p2a: Iron Bundle|0 fnt\n|-damage|p2b: Gholdengo|0 fnt\n|faint|p2a: Iron Bundle\n|-end|p2a: Iron Bundle|Quark Drive|[silent]\n|faint|p2b: Gholdengo\n|-damage|p1a: Heatran|6\/100|[from] item: Life Orb\n|move|p1b: Iron Hands|Wild Charge|p2: Iron Bundle|[notarget]\n|-fail|p1b: Iron Hands\n|\n|upkeep\n|\n|t:|1700516380\n|switch|p2a: Iron Hands|Iron Hands, L50|100\/100\n|switch|p2b: Amoonguss|Amoonguss, L50, F|100\/100\n|turn|4\n|\n|t:|1700516403\n|-end|p1b: Iron Hands|Quark Drive|[silent]\n|switch|p1b: Landorus|Landorus-Therian, L50, M|100\/100\n|-ability|p1b: Landorus|Intimidate|boost\n|-unboost|p2a: Iron Hands|atk|1\n|-unboost|p2b: Amoonguss|atk|1\n|move|p1a: Heatran|Protect|p1a: Heatran\n|-singleturn|p1a: Heatran|Protect\n|move|p2a: Iron Hands|Drain Punch|p1a: Heatran\n|-activate|p1a: Heatran|move: Protect\n|move|p2b: Amoonguss|Spore|p1b: Landorus\n|-status|p1b: Landorus|slp|[from] move: Spore\n|\n|upkeep\n|turn|5\n|inactive|superseriousboi has 30 seconds left.\n|\n|t:|1700516431\n|cant|p1b: Landorus|slp\n|move|p2a: Iron Hands|Drain Punch|p1a: Heatran\n|-supereffective|p1a: Heatran\n|-damage|p1a: Heatran|0 fnt\n|faint|p1a: Heatran\n|move|p2b: Amoonguss|Spore|p1b: Landorus\n|-fail|p1b: Landorus|slp\n|\n|upkeep\n|\n|t:|1700516444\n|switch|p1a: Iron Hands|Iron Hands, L50|91\/100\n|turn|6\n|\n|t:|1700516460\n|move|p1a: Iron Hands|Fake Out|p2b: Amoonguss\n|-damage|p2b: Amoonguss|90\/100\n|cant|p1b: Landorus|slp\n|move|p2a: Iron Hands|Drain Punch|p1a: Iron Hands\n|-crit|p1a: Iron Hands\n|-damage|p1a: Iron Hands|58\/100\n|cant|p2b: Amoonguss|flinch\n|\n|upkeep\n|turn|7\n|inactive|superseriousboi has 30 seconds left.\n|inactive|superseriousboi has 20 seconds left.\n|inactive|superseriousboi has 15 seconds left.\n|\n|t:|1700516505\n|-terastallize|p2a: Iron Hands|Water\n|-terastallize|p1a: Iron Hands|Grass\n|cant|p1b: Landorus|slp\n|move|p2a: Iron Hands|Drain Punch|p1a: Iron Hands\n|-damage|p1a: Iron Hands|40\/100\n|move|p1a: Iron Hands|Heavy Slam|p2b: Amoonguss\n|-damage|p2b: Amoonguss|60\/100\n|move|p2b: Amoonguss|Spore|p1a: Iron Hands\n|-immune|p1a: Iron Hands\n|\n|upkeep\n|turn|8\n|inactive|seehang has 30 seconds left.\n|\n|t:|1700516534\n|move|p2b: Amoonguss|Rage Powder|p2b: Amoonguss\n|-singleturn|p2b: Amoonguss|move: Rage Powder\n|-curestatus|p1b: Landorus|slp|[msg]\n|move|p1b: Landorus|U-turn|p2b: Amoonguss\n|-damage|p2b: Amoonguss|42\/100\n|-enditem|p2b: Amoonguss|Sitrus Berry|[eat]\n|-heal|p2b: Amoonguss|67\/100|[from] item: Sitrus Berry\n|\n|t:|1700516542\n|switch|p1b: Flutter Mane|Flutter Mane, L50|100\/100|[from] U-turn\n|move|p2a: Iron Hands|Drain Punch|p1a: Iron Hands\n|-damage|p1a: Iron Hands|24\/100\n|move|p1a: Iron Hands|Wild Charge|p2a: Iron Hands\n|-supereffective|p2a: Iron Hands\n|-damage|p2a: Iron Hands|35\/100\n|-damage|p1a: Iron Hands|9\/100|[from] Recoil\n|\n|upkeep\n|turn|9\n|\n|t:|1700516567\n|-end|p1a: Iron Hands|Quark Drive|[silent]\n|switch|p1a: Landorus|Landorus-Therian, L50, M|100\/100\n|-ability|p1a: Landorus|Intimidate|boost\n|-unboost|p2a: Iron Hands|atk|1\n|-unboost|p2b: Amoonguss|atk|1\n|move|p1b: Flutter Mane|Shadow Ball|p2b: Amoonguss\n|-damage|p2b: Amoonguss|25\/100\n|move|p2a: Iron Hands|Heavy Slam|p1b: Flutter Mane\n|-supereffective|p1b: Flutter Mane\n|-enditem|p1b: Flutter Mane|Focus Sash\n|-damage|p1b: Flutter Mane|1\/100\n|move|p2b: Amoonguss|Pollen Puff|p1a: Landorus\n|-resisted|p1a: Landorus\n|-damage|p1a: Landorus|90\/100\n|\n|upkeep\n|turn|10\n|inactive|superseriousboi has 30 seconds left.\n|\n|t:|1700516594\n|move|p1a: Landorus|U-turn|p2b: Amoonguss\n|-damage|p2b: Amoonguss|4\/100\n|\n|t:|1700516604\n|switch|p1a: Iron Hands|Iron Hands, L50, tera:Grass|9\/100|[from] U-turn\n|move|p1b: Flutter Mane|Shadow Ball|p2b: Amoonguss\n|-damage|p2b: Amoonguss|0 fnt\n|faint|p2b: Amoonguss\n|move|p2a: Iron Hands|Heavy Slam|p1b: Flutter Mane\n|-supereffective|p1b: Flutter Mane\n|-damage|p1b: Flutter Mane|0 fnt\n|faint|p1b: Flutter Mane\n|-end|p1b: Flutter Mane|Protosynthesis|[silent]\n|\n|upkeep\n|\n|t:|1700516616\n|switch|p1b: Landorus|Landorus-Therian, L50, M|90\/100\n|-ability|p1b: Landorus|Intimidate|boost\n|-unboost|p2a: Iron Hands|atk|1\n|turn|11\n|\n|t:|1700516628\n|move|p1a: Iron Hands|Fake Out|p2a: Iron Hands\n|-damage|p2a: Iron Hands|27\/100\n|move|p1b: Landorus|Stomping Tantrum|p2a: Iron Hands\n|-damage|p2a: Iron Hands|0 fnt\n|faint|p2a: Iron Hands\n|-end|p2a: Iron Hands|Quark Drive|[silent]\n|\n|win|superseriousboi\n|raw|superseriousboi's rating: 1367 &rarr; <strong>1382<\/strong><br \/>(+15 for winning)\n|raw|seehang's rating: 1287 &rarr; <strong>1268<\/strong><br \/>(-19 for losing)\n","uploadtime":1700516644,"views":1,"p1id":"superseriousboi","p2id":"seehang","formatid":"gen9vgc2023regulatione","rating":1268,"private":0,"password":""}