{"id":"gen9vgc2023regulatione-1991282494","p1":"Jammin2","p2":"Aries83199","format":"[Gen 9] VGC 2023 Regulation E","log":"|j|\u2606Jammin2\n|j|\u2606Aries83199\n|t:|1700064069\n|gametype|doubles\n|player|p1|Jammin2|blackbelt|\n|player|p2|Aries83199|dawn-gen4pt|\n|teamsize|p1|6\n|teamsize|p2|6\n|gen|9\n|tier|[Gen 9] VGC 2023 Regulation E\n|rated|Tournament battle\n|rule|Species Clause: Limit one of each Pok\u00e9mon\n|rule|Item Clause: Limit one of each item\n|clearpoke\n|poke|p1|Urshifu-*, L50, M|\n|poke|p1|Farigiraf, L50, M|\n|poke|p1|Clefairy, L50, F|\n|poke|p1|Ogerpon-Hearthflame, L50, F|\n|poke|p1|Ursaluna-Bloodmoon, L50, M|\n|poke|p1|Okidogi, L50, M|\n|poke|p2|Milotic, L50, M|\n|poke|p2|Ogerpon-Hearthflame, L50, F|\n|poke|p2|Flutter Mane, L50|\n|poke|p2|Iron Hands, L50|\n|poke|p2|Landorus-Therian, L50, M|\n|poke|p2|Roaring Moon, L50|\n|teampreview|4\n|showteam|p1|Urshifu||FocusSash|UnseenFist|WickedBlow,SuckerPunch,Uturn,CloseCombat|||M|||50|,,,,,Dark]Farigiraf||SitrusBerry|ArmorTail|Psychic,DazzlingGleam,NastyPlot,TrickRoom|||M|||50|,,,,,Fire]Clefairy||Eviolite|FriendGuard|Protect,HelpingHand,FollowMe,HealPulse|||F|||50|,,,,,Grass]Ogerpon-Hearthflame||HearthflameMask|MoldBreaker|IvyCudgel,HornLeech,SpikyShield,SwordsDance|||F|||50|,,,,,Fire]Ursaluna-Bloodmoon||LifeOrb|MindsEye|HyperVoice,BloodMoon,EarthPower,Protect|||M|||50|,,,,,Grass]Okidogi||AssaultVest|GuardDog|PoisonJab,BrickBreak,Snarl,IcePunch|||M|||50|,,,,,Water\n|showteam|p2|Milotic||Leftovers|Competitive|Scald,IcyWind,Haze,Protect|||M|||50|,,,,,Poison]Ogerpon-Hearthflame||HearthflameMask|MoldBreaker|IvyCudgel,HornLeech,SwordsDance,SpikyShield|||F|||50|,,,,,Fire]Flutter Mane||ChoiceSpecs|Protosynthesis|Moonblast,DazzlingGleam,ShadowBall,Thunderbolt||||||50|,,,,,Fairy]Iron Hands||AssaultVest|QuarkDrive|DrainPunch,WildCharge,HeavySlam,FakeOut||||||50|,,,,,Grass]Landorus-Therian||ChoiceScarf|Intimidate|StompingTantrum,TeraBlast,Uturn,RockSlide|||M|||50|,,,,,Flying]Roaring Moon||BoosterEnergy|Protosynthesis|KnockOff,Acrobatics,DragonDance,Protect||||||50|,,,,,Flying\n|inactive|Battle timer is ON: inactive players will automatically lose when time's up. (requested by Jammin2)\n|inactive|Jammin2 has 60 seconds left.\n|inactive|Aries83199 has 60 seconds left.\n|inactive|Aries83199 has 30 seconds left.\n|\n|t:|1700064135\n|start\n|switch|p1a: Farigiraf|Farigiraf, L50, M|100\/100\n|switch|p1b: Clefairy|Clefairy, L50, F|100\/100\n|switch|p2a: Flutter Mane|Flutter Mane, L50|100\/100\n|switch|p2b: Roaring Moon|Roaring Moon, L50, shiny|100\/100\n|-enditem|p2b: Roaring Moon|Booster Energy\n|-activate|p2b: Roaring Moon|ability: Protosynthesis|[fromitem]\n|-start|p2b: Roaring Moon|protosynthesisatk\n|turn|1\n|inactive|Jammin2 has 30 seconds left.\n|\n|t:|1700064170\n|move|p1b: Clefairy|Follow Me|p1b: Clefairy\n|-singleturn|p1b: Clefairy|move: Follow Me\n|move|p2a: Flutter Mane|Moonblast|p1b: Clefairy\n|-damage|p1b: Clefairy|29\/100\n|move|p2b: Roaring Moon|Knock Off|p1b: Clefairy\n|-resisted|p1b: Clefairy\n|-damage|p1b: Clefairy|3\/100\n|-enditem|p1b: Clefairy|Eviolite|[from] move: Knock Off|[of] p2b: Roaring Moon\n|move|p1a: Farigiraf|Trick Room|p1a: Farigiraf\n|-fieldstart|move: Trick Room|[of] p1a: Farigiraf\n|\n|upkeep\n|turn|2\n|inactive|Jammin2 has 30 seconds left.\n|inactive|Aries83199 has 30 seconds left.\n|inactive|Aries83199 has 20 seconds left.\n|inactive|Jammin2 has 20 seconds left.\n|inactive|Aries83199 has 15 seconds left.\n|inactive|Jammin2 has 15 seconds left.\n|\n|t:|1700064217\n|-end|p2a: Flutter Mane|Protosynthesis|[silent]\n|switch|p2a: Iron Hands|Iron Hands, L50, shiny|100\/100\n|-terastallize|p1a: Farigiraf|Fire\n|move|p1b: Clefairy|Follow Me|p1b: Clefairy\n|-singleturn|p1b: Clefairy|move: Follow Me\n|move|p1a: Farigiraf|Nasty Plot|p1a: Farigiraf\n|-boost|p1a: Farigiraf|spa|2\n|move|p2b: Roaring Moon|Knock Off|p1b: Clefairy\n|-resisted|p1b: Clefairy\n|-damage|p1b: Clefairy|0 fnt\n|faint|p1b: Clefairy\n|\n|upkeep\n|\n|t:|1700064219\n|switch|p1b: Ursaluna|Ursaluna-Bloodmoon, L50, M|100\/100\n|turn|3\n|inactive|Aries83199 has 30 seconds left.\n|\n|t:|1700064249\n|-terastallize|p2a: Iron Hands|Grass\n|move|p2b: Roaring Moon|Protect|p2b: Roaring Moon\n|-singleturn|p2b: Roaring Moon|Protect\n|move|p1b: Ursaluna|Hyper Voice|p2a: Iron Hands|[spread] p2a\n|-activate|p2b: Roaring Moon|move: Protect\n|-damage|p2a: Iron Hands|75\/100\n|-damage|p1b: Ursaluna|91\/100|[from] item: Life Orb\n|move|p1a: Farigiraf|Dazzling Gleam|p2b: Roaring Moon|[spread] p2a\n|-activate|p2b: Roaring Moon|move: Protect\n|-damage|p2a: Iron Hands|58\/100\n|move|p2a: Iron Hands|Drain Punch|p1b: Ursaluna\n|-supereffective|p1b: Ursaluna\n|-damage|p1b: Ursaluna|28\/100\n|-heal|p2a: Iron Hands|88\/100|[from] drain|[of] p1b: Ursaluna\n|\n|upkeep\n|turn|4\n|inactive|Jammin2 has 30 seconds left.\n|inactive|Aries83199 has 30 seconds left.\n|inactive|Jammin2 has 20 seconds left.\n|\n|t:|1700064285\n|-end|p2b: Roaring Moon|Protosynthesis|[silent]\n|switch|p2b: Flutter Mane|Flutter Mane, L50|100\/100\n|move|p1b: Ursaluna|Blood Moon|p2a: Iron Hands\n|-damage|p2a: Iron Hands|28\/100\n|-damage|p1b: Ursaluna|18\/100|[from] item: Life Orb\n|move|p2a: Iron Hands|Drain Punch|p1a: Farigiraf\n|-damage|p1a: Farigiraf|62\/100\n|-heal|p2a: Iron Hands|46\/100|[from] drain|[of] p1a: Farigiraf\n|move|p1a: Farigiraf|Dazzling Gleam|p2a: Iron Hands|[spread] p2a,p2b\n|-damage|p2a: Iron Hands|26\/100\n|-damage|p2b: Flutter Mane|67\/100\n|\n|upkeep\n|turn|5\n|inactive|Jammin2 has 30 seconds left.\n|inactive|Aries83199 has 30 seconds left.\n|inactive|Aries83199 has 20 seconds left.\n|\n|t:|1700064325\n|move|p1b: Ursaluna|Hyper Voice|p2a: Iron Hands|[spread] p2a,p2b\n|-damage|p2a: Iron Hands|0 fnt\n|-damage|p2b: Flutter Mane|24\/100\n|faint|p2a: Iron Hands\n|-end|p2a: Iron Hands|Quark Drive|[silent]\n|-damage|p1b: Ursaluna|9\/100|[from] item: Life Orb\n|move|p1a: Farigiraf|Dazzling Gleam|p2b: Flutter Mane\n|-damage|p2b: Flutter Mane|0 fnt\n|faint|p2b: Flutter Mane\n|-end|p2b: Flutter Mane|Protosynthesis|[silent]\n|\n|-fieldend|move: Trick Room\n|upkeep\n|\n|t:|1700064336\n|switch|p2b: Roaring Moon|Roaring Moon, L50, shiny|100\/100\n|switch|p2a: Landorus|Landorus-Therian, L50, M|100\/100\n|-ability|p2a: Landorus|Intimidate|boost\n|-unboost|p1a: Farigiraf|atk|1\n|-unboost|p1b: Ursaluna|atk|1\n|turn|6\n|inactive|Jammin2 has 30 seconds left.\n|\n|t:|1700064365\n|move|p1b: Ursaluna|Protect|p1b: Ursaluna\n|-singleturn|p1b: Ursaluna|Protect\n|move|p2a: Landorus|Stomping Tantrum|p1a: Farigiraf\n|-supereffective|p1a: Farigiraf\n|-damage|p1a: Farigiraf|0 fnt\n|faint|p1a: Farigiraf\n|move|p2b: Roaring Moon|Knock Off|p1b: Ursaluna\n|-activate|p1b: Ursaluna|move: Protect\n|\n|upkeep\n|\n|t:|1700064367\n|switch|p1a: Okidogi|Okidogi, L50, M|100\/100\n|turn|7\n|inactive|Aries83199 has 30 seconds left.\n|\n|t:|1700064392\n|move|p1b: Ursaluna|Protect||[still]\n|-fail|p1b: Ursaluna\n|move|p2a: Landorus|Stomping Tantrum|p1a: Okidogi\n|-supereffective|p1a: Okidogi\n|-damage|p1a: Okidogi|35\/100\n|move|p2b: Roaring Moon|Knock Off|p1b: Ursaluna\n|-damage|p1b: Ursaluna|0 fnt\n|-enditem|p1b: Ursaluna|Life Orb|[from] move: Knock Off|[of] p2b: Roaring Moon\n|faint|p1b: Ursaluna\n|move|p1a: Okidogi|Ice Punch|p2a: Landorus\n|-supereffective|p2a: Landorus\n|-damage|p2a: Landorus|0 fnt\n|faint|p2a: Landorus\n|\n|upkeep\n|turn|8\n|\n|t:|1700064412\n|move|p2b: Roaring Moon|Acrobatics|p1a: Okidogi\n|-supereffective|p1a: Okidogi\n|-damage|p1a: Okidogi|0 fnt\n|faint|p1a: Okidogi\n|\n|win|Aries83199\n|n|\u2606Jammin2|jammin2\n|n|\u2606Aries83199|aries83199\n|c|\u2606Jammin2|gg\n|l|\u2606Jammin2\n|j| BenedettoVGC\n","uploadtime":1700064456,"views":8,"p1id":"jammin2","p2id":"aries83199","formatid":"gen9vgc2023regulatione","rating":0,"private":0,"password":""}