{"id":"gen9vgc2023regulatione-1994537647","p1":"ZiriuX","p2":"Mentalsyndrome","format":"[Gen 9] VGC 2023 Regulation E","log":"|j|\u2606ZiriuX\n|j|\u2606Mentalsyndrome\n|t:|1700456329\n|gametype|doubles\n|player|p1|ZiriuX|benga|1209\n|player|p2|Mentalsyndrome|byron|1144\n|teamsize|p1|6\n|teamsize|p2|6\n|gen|9\n|tier|[Gen 9] VGC 2023 Regulation E\n|rated|\n|rule|Species Clause: Limit one of each Pok\u00e9mon\n|rule|Item Clause: Limit one of each item\n|clearpoke\n|poke|p1|Baxcalibur, L50, F|\n|poke|p1|Heatran, L50, M|\n|poke|p1|Farigiraf, L50, F|\n|poke|p1|Ogerpon-Wellspring, L50, F|\n|poke|p1|Rillaboom, L50, M|\n|poke|p1|Landorus-Therian, L50, M|\n|poke|p2|Tornadus, L50, M|\n|poke|p2|Zapdos, L50|\n|poke|p2|Tinkaton, L50, F|\n|poke|p2|Arbok, L50, M|\n|poke|p2|Breloom, L50, F|\n|poke|p2|Ninetales-Alola, L50, F|\n|teampreview|4\nZiriuX rejected open team sheets.\n|\n|t:|1700456355\n|start\n|switch|p1a: Farigiraf|Farigiraf, L50, F|100\/100\n|switch|p1b: Rillaboom|Rillaboom, L50, M|100\/100\n|switch|p2a: Still Tornadus|Tornadus, L50, M|100\/100\n|switch|p2b: Why no BONK?|Tinkaton, L50, F|100\/100\n|-ability|p2b: Why no BONK?|Mold Breaker\n|-fieldstart|move: Grassy Terrain|[from] ability: Grassy Surge|[of] p1b: Rillaboom\n|turn|1\n|\n|t:|1700456368\n|move|p2b: Why no BONK?|Fake Out|p1a: Farigiraf\n|-damage|p1a: Farigiraf|95\/100\n|-damage|p2b: Why no BONK?|84\/100|[from] item: Rocky Helmet|[of] p1a: Farigiraf\n|move|p1b: Rillaboom|Fake Out|p2b: Why no BONK?\n|-resisted|p2b: Why no BONK?\n|-damage|p2b: Why no BONK?|78\/100\n|move|p2a: Still Tornadus|Rain Dance|p2a: Still Tornadus\n|-weather|RainDance\n|cant|p1a: Farigiraf|flinch\n|\n|-weather|RainDance|[upkeep]\n|-heal|p2b: Why no BONK?|84\/100|[from] Grassy Terrain\n|-heal|p1a: Farigiraf|100\/100|[from] Grassy Terrain\n|upkeep\n|turn|2\n|\n|t:|1700456395\n|switch|p2b: Regibird|Zapdos, L50|100\/100\n|switch|p1b: Heatran|Heatran, L50, M|100\/100\n|move|p2a: Still Tornadus|Bleakwind Storm|p1a: Farigiraf|[spread] p1a,p1b\n|-resisted|p1b: Heatran\n|-damage|p1a: Farigiraf|73\/100\n|-damage|p1b: Heatran|86\/100\n|-unboost|p1a: Farigiraf|spe|1\n|move|p1a: Farigiraf|Trick Room|p1a: Farigiraf\n|-fieldstart|move: Trick Room|[of] p1a: Farigiraf\n|\n|-weather|RainDance|[upkeep]\n|-heal|p1a: Farigiraf|79\/100|[from] Grassy Terrain\n|-heal|p1b: Heatran|92\/100|[from] Grassy Terrain\n|upkeep\n|turn|3\n|\n|t:|1700456423\n|move|p1a: Farigiraf|Helping Hand|p1b: Heatran\n|-singleturn|p1b: Heatran|Helping Hand|[of] p1a: Farigiraf\n|move|p2a: Still Tornadus|Protect|p2a: Still Tornadus\n|-singleturn|p2a: Still Tornadus|Protect\n|move|p1b: Heatran|Magma Storm|p2a: Still Tornadus\n|-activate|p2a: Still Tornadus|move: Protect\n|move|p2b: Regibird|Weather Ball|p1b: Heatran\n|-supereffective|p1b: Heatran\n|-damage|p1b: Heatran|0 fnt\n|faint|p1b: Heatran\n|\n|-weather|RainDance|[upkeep]\n|-heal|p1a: Farigiraf|85\/100|[from] Grassy Terrain\n|upkeep\n|\n|t:|1700456438\n|switch|p1b: Ogerpon|Ogerpon-Wellspring, L50, F|100\/100\n|turn|4\n|\n|t:|1700456450\n|switch|p2b: Why no BONK?|Tinkaton, L50, F|84\/100\n|-ability|p2b: Why no BONK?|Mold Breaker\n|-terastallize|p1b: Ogerpon|Water\n|detailschange|p1b: Ogerpon|Ogerpon-Wellspring-Tera, L50, F, tera:Water\n|-ability|p1b: Ogerpon|Embody Aspect (Wellspring)|boost\n|-boost|p1b: Ogerpon|spd|1\n|move|p1a: Farigiraf|Helping Hand|p1b: Ogerpon\n|-singleturn|p1b: Ogerpon|Helping Hand|[of] p1a: Farigiraf\n|move|p1b: Ogerpon|Ivy Cudgel|p2b: Why no BONK?|[anim] Ivy Cudgel Water\n|-damage|p2b: Why no BONK?|0 fnt\n|faint|p2b: Why no BONK?\n|move|p2a: Still Tornadus|Bleakwind Storm|p1b: Ogerpon|[spread] p1a,p1b\n|-damage|p1a: Farigiraf|57\/100\n|-damage|p1b: Ogerpon|79\/100\n|\n|-weather|RainDance|[upkeep]\n|-heal|p1a: Farigiraf|63\/100|[from] Grassy Terrain\n|-heal|p1b: Ogerpon|85\/100|[from] Grassy Terrain\n|upkeep\n|\n|t:|1700456470\n|switch|p2b: Wear A Mask|Breloom, L50, F|100\/100\n|turn|5\n|\n|t:|1700456477\n|move|p2a: Still Tornadus|Protect|p2a: Still Tornadus\n|-singleturn|p2a: Still Tornadus|Protect\n|move|p1b: Ogerpon|Spiky Shield|p1b: Ogerpon\n|-singleturn|p1b: Ogerpon|move: Protect\n|move|p1a: Farigiraf|Psychic|p2b: Wear A Mask\n|-supereffective|p2b: Wear A Mask\n|-enditem|p2b: Wear A Mask|Focus Sash\n|-damage|p2b: Wear A Mask|1\/100\n|move|p2b: Wear A Mask|Spore|p1b: Ogerpon\n|-activate|p1b: Ogerpon|move: Protect\n|\n|-weather|none\n|-heal|p1a: Farigiraf|70\/100|[from] Grassy Terrain\n|-heal|p2b: Wear A Mask|7\/100|[from] Grassy Terrain\n|-heal|p1b: Ogerpon|91\/100|[from] Grassy Terrain\n|-fieldend|move: Grassy Terrain\n|upkeep\n|turn|6\n|\n|t:|1700456495\n|move|p2b: Wear A Mask|Mach Punch||[still]\n|cant|p1a: Farigiraf|ability: Armor Tail|Mach Punch|[of] p2b: Wear A Mask\n|move|p2a: Still Tornadus|Tailwind|p2a: Still Tornadus\n|-sidestart|p2: Mentalsyndrome|move: Tailwind\n|move|p1a: Farigiraf|Psychic|p2b: Wear A Mask\n|-supereffective|p2b: Wear A Mask\n|-damage|p2b: Wear A Mask|0 fnt\n|faint|p2b: Wear A Mask\n|move|p1b: Ogerpon|Ivy Cudgel|p2a: Still Tornadus|[anim] Ivy Cudgel Water\n|-damage|p2a: Still Tornadus|13\/100\n|\n|-fieldend|move: Trick Room\n|upkeep\n|\n|t:|1700456498\n|switch|p2b: Regibird|Zapdos, L50|100\/100\n|turn|7\n|\n|t:|1700456510\n|switch|p1b: Rillaboom|Rillaboom, L50, M|100\/100\n|-fieldstart|move: Grassy Terrain|[from] ability: Grassy Surge|[of] p1b: Rillaboom\n|move|p2a: Still Tornadus|Rain Dance|p2a: Still Tornadus\n|-weather|RainDance\n|move|p2b: Regibird|Thunder|p1a: Farigiraf\n|-damage|p1a: Farigiraf|16\/100\n|move|p1a: Farigiraf|Dazzling Gleam|p2b: Regibird|[spread] p2a,p2b\n|-crit|p2b: Regibird\n|-damage|p2a: Still Tornadus|0 fnt\n|-damage|p2b: Regibird|87\/100\n|faint|p2a: Still Tornadus\n|\n|-weather|RainDance|[upkeep]\n|-heal|p1a: Farigiraf|23\/100|[from] Grassy Terrain\n|upkeep\n|turn|8\n|\n|t:|1700456526\n|move|p1b: Rillaboom|Fake Out|p2b: Regibird\n|-damage|p2b: Regibird|74\/100\n|cant|p2b: Regibird|flinch\n|move|p1a: Farigiraf|Trick Room|p1a: Farigiraf\n|-fieldstart|move: Trick Room|[of] p1a: Farigiraf\n|\n|-weather|RainDance|[upkeep]\n|-heal|p1a: Farigiraf|29\/100|[from] Grassy Terrain\n|upkeep\n|turn|9\n|\n|t:|1700456540\n|-terastallize|p2b: Regibird|Steel\n|move|p1a: Farigiraf|Psychic|p2b: Regibird\n|-resisted|p2b: Regibird\n|-damage|p2b: Regibird|62\/100\n|move|p1b: Rillaboom|Wood Hammer|p2b: Regibird\n|-resisted|p2b: Regibird\n|-crit|p2b: Regibird\n|-damage|p2b: Regibird|6\/100\n|-status|p1b: Rillaboom|par|[from] ability: Static|[of] p2b: Regibird\n|-damage|p1b: Rillaboom|83\/100 par|[from] Recoil\n|move|p2b: Regibird|Hurricane|p1b: Rillaboom\n|-supereffective|p1b: Rillaboom\n|-damage|p1b: Rillaboom|0 fnt\n|faint|p1b: Rillaboom\n|\n|-weather|RainDance|[upkeep]\n|-heal|p1a: Farigiraf|35\/100|[from] Grassy Terrain\n|-heal|p2b: Regibird|12\/100|[from] Grassy Terrain\n|-sideend|p2: Mentalsyndrome|move: Tailwind\n|upkeep\n|\n|t:|1700456557\n|switch|p1b: Ogerpon|Ogerpon-Wellspring-Tera, L50, F, tera:Water|91\/100\n|-ability|p1b: Ogerpon|Embody Aspect (Wellspring)|boost\n|-boost|p1b: Ogerpon|spd|1\n|turn|10\n|\n|t:|1700456562\n|move|p1a: Farigiraf|Helping Hand|p1b: Ogerpon\n|-singleturn|p1b: Ogerpon|Helping Hand|[of] p1a: Farigiraf\n|move|p2b: Regibird|Thunder|p1b: Ogerpon\n|-supereffective|p1b: Ogerpon\n|-crit|p1b: Ogerpon\n|-damage|p1b: Ogerpon|0 fnt\n|faint|p1b: Ogerpon\n|\n|-weather|RainDance|[upkeep]\n|-heal|p1a: Farigiraf|41\/100|[from] Grassy Terrain\n|-heal|p2b: Regibird|18\/100|[from] Grassy Terrain\n|upkeep\n|turn|11\n|\n|t:|1700456575\n|move|p1a: Farigiraf|Psychic|p2b: Regibird\n|-resisted|p2b: Regibird\n|-damage|p2b: Regibird|8\/100\n|move|p2b: Regibird|Thunder|p1a: Farigiraf\n|-damage|p1a: Farigiraf|0 fnt\n|faint|p1a: Farigiraf\n|\n|win|Mentalsyndrome\n|raw|ZiriuX's rating: 1209 &rarr; <strong>1179<\/strong><br \/>(-30 for losing)\n|raw|Mentalsyndrome's rating: 1144 &rarr; <strong>1174<\/strong><br \/>(+30 for winning)\n|c|\u2606Mentalsyndrome|Gg\n|l|\u2606ZiriuX\n","uploadtime":1700456589,"views":5,"p1id":"ziriux","p2id":"mentalsyndrome","formatid":"gen9vgc2023regulatione","rating":1174,"private":0,"password":""}