{"id":"gen9vgc2023regulatione-1993101283","p1":"Keltch","p2":"Jop 32 in a row","format":"[Gen 9] VGC 2023 Regulation E","log":"|j|\u2606Keltch\n|j|\u2606Jop 32 in a row\n|t:|1700264876\n|gametype|doubles\n|player|p1|Keltch|266|1080\n|player|p2|Jop 32 in a row|lillie|1000\n|teamsize|p1|6\n|teamsize|p2|6\n|gen|9\n|tier|[Gen 9] VGC 2023 Regulation E\n|rated|\n|rule|Species Clause: Limit one of each Pok\u00e9mon\n|rule|Item Clause: Limit one of each item\n|clearpoke\n|poke|p1|Roaring Moon, L50|\n|poke|p1|Clefairy, L50, F|\n|poke|p1|Baxcalibur, L50, M|\n|poke|p1|Ninetales-Alola, L50, M|\n|poke|p1|Flutter Mane, L50|\n|poke|p1|Iron Moth, L50|\n|poke|p2|Brute Bonnet, L50|\n|poke|p2|Chi-Yu, L50|\n|poke|p2|Ogerpon-Cornerstone, L50, F|\n|poke|p2|Flutter Mane, L50|\n|poke|p2|Torkoal, L50, M|\n|poke|p2|Chien-Pao, L50|\n|teampreview|4\n|inactive|Battle timer is ON: inactive players will automatically lose when time's up. (requested by Keltch)\n|inactive|Keltch has 60 seconds left.\n|inactive|Jop 32 in a row has 60 seconds left.\n|\n|t:|1700264919\n|start\n|switch|p1a: Baxcalibur|Baxcalibur, L50, M|100\/100\n|switch|p1b: Ninetales|Ninetales-Alola, L50, M|100\/100\n|switch|p2a: Flutter Mane|Flutter Mane, L50|100\/100\n|switch|p2b: Chi-Yu|Chi-Yu, L50|100\/100\n|-weather|Snow|[from] ability: Snow Warning|[of] p1b: Ninetales\n|-ability|p2b: Chi-Yu|Beads of Ruin\n|turn|1\n|\n|t:|1700264934\n|switch|p2b: Torkoal|Torkoal, L50, M|100\/100\n|-weather|SunnyDay|[from] ability: Drought|[of] p2b: Torkoal\n|-activate|p2a: Flutter Mane|ability: Protosynthesis\n|-start|p2a: Flutter Mane|protosynthesisspe\n|-terastallize|p1a: Baxcalibur|Steel\n|move|p2a: Flutter Mane|Dazzling Gleam|p1a: Baxcalibur|[spread] p1a,p1b\n|-resisted|p1a: Baxcalibur\n|-damage|p1a: Baxcalibur|85\/100\n|-damage|p1b: Ninetales|69\/100\n|move|p1b: Ninetales|Icy Wind|p2b: Torkoal|[spread] p2a,p2b\n|-resisted|p2b: Torkoal\n|-damage|p2a: Flutter Mane|88\/100\n|-damage|p2b: Torkoal|92\/100\n|-unboost|p2a: Flutter Mane|spe|1\n|-unboost|p2b: Torkoal|spe|1\n|move|p1a: Baxcalibur|Stomping Tantrum|p2b: Torkoal\n|-supereffective|p2b: Torkoal\n|-damage|p2b: Torkoal|46\/100\n|-damage|p1a: Baxcalibur|69\/100|[from] item: Rocky Helmet|[of] p2b: Torkoal\n|\n|-weather|SunnyDay|[upkeep]\n|upkeep\n|turn|2\n|inactive|Jop 32 in a row has 30 seconds left.\n|\n|t:|1700264961\n|move|p2a: Flutter Mane|Icy Wind|p1a: Baxcalibur|[spread] p1a,p1b\n|-resisted|p1a: Baxcalibur\n|-resisted|p1b: Ninetales\n|-damage|p1a: Baxcalibur|61\/100\n|-damage|p1b: Ninetales|61\/100\n|-unboost|p1b: Ninetales|spe|1\n|move|p1b: Ninetales|Icy Wind|p2b: Torkoal|[spread] p2a,p2b\n|-crit|p2a: Flutter Mane\n|-resisted|p2b: Torkoal\n|-damage|p2a: Flutter Mane|68\/100\n|-damage|p2b: Torkoal|38\/100\n|-unboost|p2a: Flutter Mane|spe|1\n|-unboost|p2b: Torkoal|spe|1\n|move|p1a: Baxcalibur|Stomping Tantrum|p2b: Torkoal\n|-supereffective|p2b: Torkoal\n|-damage|p2b: Torkoal|0 fnt\n|-damage|p1a: Baxcalibur|45\/100|[from] item: Rocky Helmet|[of] p2b: Torkoal\n|faint|p2b: Torkoal\n|\n|-weather|SunnyDay|[upkeep]\n|upkeep\n|\n|t:|1700264973\n|switch|p2b: Chi-Yu|Chi-Yu, L50|100\/100\n|-ability|p2b: Chi-Yu|Beads of Ruin\n|turn|3\n|\n|t:|1700264996\n|-end|p2a: Flutter Mane|Protosynthesis|[silent]\n|switch|p2a: Ogerpon|Ogerpon-Cornerstone, L50, F|100\/100\n|move|p1a: Baxcalibur|Protect|p1a: Baxcalibur\n|-singleturn|p1a: Baxcalibur|Protect\n|move|p2b: Chi-Yu|Heat Wave|p1b: Ninetales|[spread] p1b\n|-activate|p1a: Baxcalibur|move: Protect\n|-supereffective|p1b: Ninetales\n|-damage|p1b: Ninetales|0 fnt\n|faint|p1b: Ninetales\n|-damage|p2b: Chi-Yu|91\/100|[from] item: Life Orb\n|\n|-weather|SunnyDay|[upkeep]\n|upkeep\n|inactive|Keltch has 30 seconds left.\n|\n|t:|1700265027\n|switch|p1b: Iron Moth|Iron Moth, L50|100\/100\n|-enditem|p1b: Iron Moth|Booster Energy\n|-activate|p1b: Iron Moth|ability: Quark Drive|[fromitem]\n|-start|p1b: Iron Moth|quarkdrivespa\n|turn|4\n|\n|t:|1700265044\n|-terastallize|p2a: Ogerpon|Rock\n|detailschange|p2a: Ogerpon|Ogerpon-Cornerstone-Tera, L50, F, tera:Rock\n|-ability|p2a: Ogerpon|Embody Aspect (Cornerstone)|boost\n|-boost|p2a: Ogerpon|def|1\n|move|p2b: Chi-Yu|Protect|p2b: Chi-Yu\n|-singleturn|p2b: Chi-Yu|Protect\n|move|p1b: Iron Moth|Protect|p1b: Iron Moth\n|-singleturn|p1b: Iron Moth|Protect\n|move|p2a: Ogerpon|Ivy Cudgel|p1b: Iron Moth|[anim] Ivy Cudgel Rock\n|-activate|p1b: Iron Moth|move: Protect\n|move|p1a: Baxcalibur|Stomping Tantrum|p2b: Chi-Yu\n|-activate|p2b: Chi-Yu|move: Protect\n|\n|-weather|SunnyDay|[upkeep]\n|upkeep\n|turn|5\n|inactive|Keltch has 30 seconds left.\n|\n|t:|1700265070\n|move|p2a: Ogerpon|Ivy Cudgel|p1b: Iron Moth|[anim] Ivy Cudgel Rock\n|-supereffective|p1b: Iron Moth\n|-damage|p1b: Iron Moth|0 fnt\n|faint|p1b: Iron Moth\n|-end|p1b: Iron Moth|Quark Drive|[silent]\n|move|p2b: Chi-Yu|Heat Wave|p1a: Baxcalibur\n|-supereffective|p1a: Baxcalibur\n|-damage|p1a: Baxcalibur|0 fnt\n|faint|p1a: Baxcalibur\n|-damage|p2b: Chi-Yu|81\/100|[from] item: Life Orb\n|\n|-weather|none\n|upkeep\n|-message|Keltch forfeited.\n|\n|win|Jop 32 in a row\n|raw|Keltch's rating: 1080 &rarr; <strong>1053<\/strong><br \/>(-27 for losing)\n|raw|Jop 32 in a row's rating: 1000 &rarr; <strong>1049<\/strong><br \/>(+49 for winning)\n|l|\u2606Keltch\n","uploadtime":1700265082,"views":10,"p1id":"keltch","p2id":"jop32inarow","formatid":"gen9vgc2023regulatione","rating":1049,"private":0,"password":""}