{"id":"gen9vgc2023regulatione-1994657800","p1":"Xeko03","p2":"gamer3DRider","format":"[Gen 9] VGC 2023 Regulation E","log":"|j|\u2606Xeko03\n|j|\u2606gamer3DRider\n|t:|1700476692\n|gametype|doubles\n|player|p1|Xeko03|266|1186\n|player|p2|gamer3DRider|steven|1195\n|teamsize|p1|6\n|teamsize|p2|6\n|gen|9\n|tier|[Gen 9] VGC 2023 Regulation E\n|rated|\n|rule|Species Clause: Limit one of each Pok\u00e9mon\n|rule|Item Clause: Limit one of each item\n|clearpoke\n|poke|p1|Ogerpon, L50, F|\n|poke|p1|Rillaboom, L50, F|\n|poke|p1|Tornadus, L50, M|\n|poke|p1|Urshifu-*, L50, M|\n|poke|p1|Pelipper, L50, F|\n|poke|p1|Flutter Mane, L50|\n|poke|p2|Tornadus, L50, M|\n|poke|p2|Roaring Moon, L50|\n|poke|p2|Clefairy, L50, F|\n|poke|p2|Torkoal, L50, M|\n|poke|p2|Iron Hands, L50|\n|poke|p2|Flutter Mane, L50|\n|teampreview|4\n|inactive|Battle timer is ON: inactive players will automatically lose when time's up. (requested by Xeko03)\n|inactive|Xeko03 has 60 seconds left.\ngamer3DRider has agreed to open team sheets.\n|\n|t:|1700476732\n|start\n|switch|p1a: Ogerpon|Ogerpon, L50, F|100\/100\n|switch|p1b: Tornadus|Tornadus, L50, M|100\/100\n|switch|p2a: Tornadus|Tornadus, L50, M|100\/100\n|switch|p2b: Torkoal|Torkoal, L50, M|100\/100\n|-weather|SunnyDay|[from] ability: Drought|[of] p2b: Torkoal\n|turn|1\n|inactive|Xeko03 has 30 seconds left.\n|\n|t:|1700476758\n|switch|p1a: Pelipper|Pelipper, L50, F|100\/100\n|-weather|RainDance|[from] ability: Drizzle|[of] p1a: Pelipper\n|move|p2a: Tornadus|Tailwind|p2a: Tornadus\n|-sidestart|p2: gamer3DRider|move: Tailwind\n|move|p1b: Tornadus|Tailwind|p1b: Tornadus\n|-sidestart|p1: Xeko03|move: Tailwind\n|move|p2b: Torkoal|Will-O-Wisp|p1a: Pelipper\n|-status|p1a: Pelipper|brn\n|\n|-weather|RainDance|[upkeep]\n|-damage|p1a: Pelipper|95\/100 brn|[from] brn\n|upkeep\n|turn|2\n|inactive|Xeko03 has 30 seconds left.\n|\n|t:|1700476786\n|switch|p2b: Roaring Moon|Roaring Moon, L50|100\/100\n|move|p2a: Tornadus|Swagger|p2b: Roaring Moon\n|-boost|p2b: Roaring Moon|atk|2\n|-start|p2b: Roaring Moon|confusion\n|-enditem|p2b: Roaring Moon|Lum Berry|[eat]\n|-end|p2b: Roaring Moon|confusion\n|move|p1b: Tornadus|Bleakwind Storm|p2a: Tornadus|[spread] p2a,p2b\n|-crit|p2b: Roaring Moon\n|-damage|p2a: Tornadus|53\/100\n|-damage|p2b: Roaring Moon|48\/100\n|move|p1a: Pelipper|Hurricane|p2a: Tornadus\n|-damage|p2a: Tornadus|0 fnt\n|faint|p2a: Tornadus\n|\n|-weather|RainDance|[upkeep]\n|-damage|p1a: Pelipper|89\/100 brn|[from] brn\n|upkeep\n|\n|t:|1700476798\n|switch|p2a: Clefairy|Clefairy, L50, F|100\/100\n|turn|3\n|inactive|Xeko03 has 30 seconds left.\n|inactive|Xeko03 has 20 seconds left.\n|inactive|Xeko03 has 15 seconds left.\n|inactive|Xeko03 has 10 seconds left.\n|\n|t:|1700476845\n|switch|p1a: Ogerpon|Ogerpon, L50, F|100\/100\n|-terastallize|p2b: Roaring Moon|Flying\n|move|p2b: Roaring Moon|Acrobatics|p1b: Tornadus\n|-crit|p1b: Tornadus\n|-damage|p1b: Tornadus|0 fnt\n|-damage|p2b: Roaring Moon|31\/100|[from] item: Rocky Helmet|[of] p1b: Tornadus\n|faint|p1b: Tornadus\n|move|p2a: Clefairy|Heal Pulse|p2b: Roaring Moon\n|-heal|p2b: Roaring Moon|81\/100\n|\n|-weather|RainDance|[upkeep]\n|upkeep\n|inactive|Xeko03 has 30 seconds left.\n|\n|t:|1700476873\n|switch|p1b: Pelipper|Pelipper, L50, F|89\/100 brn\n|turn|4\n|\n|t:|1700476893\n|move|p1a: Ogerpon|Spiky Shield|p1a: Ogerpon\n|-singleturn|p1a: Ogerpon|move: Protect\n|move|p2a: Clefairy|Follow Me|p2a: Clefairy\n|-singleturn|p2a: Clefairy|move: Follow Me\n|move|p2b: Roaring Moon|Acrobatics|p1a: Ogerpon\n|-activate|p1a: Ogerpon|move: Protect\n|-damage|p2b: Roaring Moon|69\/100|[from] Spiky Shield|[of] p1a: Ogerpon\n|move|p1b: Pelipper|Hurricane|p2a: Clefairy\n|-damage|p2a: Clefairy|68\/100\n|\n|-weather|RainDance|[upkeep]\n|-damage|p1b: Pelipper|83\/100 brn|[from] brn\n|-sideend|p2: gamer3DRider|move: Tailwind\n|-sideend|p1: Xeko03|move: Tailwind\n|upkeep\n|turn|5\n|inactive|Xeko03 has 30 seconds left.\n|inactive|gamer3DRider has 30 seconds left.\n|inactive|Xeko03 has 20 seconds left.\n|inactive|Xeko03 has 15 seconds left.\n|inactive|Xeko03 has 10 seconds left.\n|\n|t:|1700476939\n|move|p1a: Ogerpon|Spiky Shield||[still]\n|-fail|p1a: Ogerpon\n|move|p2a: Clefairy|Follow Me|p2a: Clefairy\n|-singleturn|p2a: Clefairy|move: Follow Me\n|move|p2b: Roaring Moon|Acrobatics|p1a: Ogerpon\n|-supereffective|p1a: Ogerpon\n|-damage|p1a: Ogerpon|0 fnt\n|faint|p1a: Ogerpon\n|move|p1b: Pelipper|Tailwind|p1b: Pelipper\n|-sidestart|p1: Xeko03|move: Tailwind\n|\n|-weather|none\n|-damage|p1b: Pelipper|77\/100 brn|[from] brn\n|upkeep\n|\n|t:|1700476952\n|switch|p1a: Rillaboom|Rillaboom, L50, F|100\/100\n|-fieldstart|move: Grassy Terrain|[from] ability: Grassy Surge|[of] p1a: Rillaboom\n|turn|6\n|inactive|Xeko03 has 30 seconds left.\n|\n|t:|1700476979\n|move|p1a: Rillaboom|Fake Out|p2a: Clefairy\n|-damage|p2a: Clefairy|50\/100\n|move|p1b: Pelipper|Hurricane|p2b: Roaring Moon\n|-damage|p2b: Roaring Moon|34\/100\n|move|p2b: Roaring Moon|Roost|p2b: Roaring Moon\n|-heal|p2b: Roaring Moon|84\/100\n|-hint|If a Flying Terastallized Pokemon uses Roost, it remains Flying-type.\n|cant|p2a: Clefairy|flinch\n|\n|-heal|p2a: Clefairy|56\/100|[from] Grassy Terrain\n|-damage|p1b: Pelipper|71\/100 brn|[from] brn\n|upkeep\n|turn|7\n|\n|t:|1700477001\n|switch|p2a: Torkoal|Torkoal, L50, M|100\/100\n|-weather|SunnyDay|[from] ability: Drought|[of] p2a: Torkoal\n|-activate|p2b: Roaring Moon|ability: Protosynthesis\n|-start|p2b: Roaring Moon|protosynthesisatk\n|move|p1a: Rillaboom|Grassy Glide|p2b: Roaring Moon\n|-resisted|p2b: Roaring Moon\n|-damage|p2b: Roaring Moon|63\/100\n|move|p1b: Pelipper|Hurricane|p2b: Roaring Moon|[miss]\n|-miss|p1b: Pelipper|p2b: Roaring Moon\n|move|p2b: Roaring Moon|Acrobatics|p1a: Rillaboom\n|-supereffective|p1a: Rillaboom\n|-damage|p1a: Rillaboom|0 fnt\n|faint|p1a: Rillaboom\n|\n|-weather|SunnyDay|[upkeep]\n|-damage|p1b: Pelipper|65\/100 brn|[from] brn\n|upkeep\n|turn|8\n|inactive|gamer3DRider has 30 seconds left.\n|inactive|gamer3DRider has 20 seconds left.\n|inactive|gamer3DRider has 15 seconds left.\n|inactive|gamer3DRider has 10 seconds left.\n|inactive|gamer3DRider has 5 seconds left.\n|\n|t:|1700477056\n|move|p1b: Pelipper|Hurricane|p2b: Roaring Moon\n|-damage|p2b: Roaring Moon|22\/100\n|move|p2b: Roaring Moon|Acrobatics|p1b: Pelipper\n|-crit|p1b: Pelipper\n|-damage|p1b: Pelipper|0 fnt\n|faint|p1b: Pelipper\n|\n|win|gamer3DRider\n|raw|Xeko03's rating: 1186 &rarr; <strong>1162<\/strong><br \/>(-24 for losing)\n|raw|gamer3DRider's rating: 1195 &rarr; <strong>1219<\/strong><br \/>(+24 for winning)\n","uploadtime":1700477124,"views":6,"p1id":"xeko03","p2id":"gamer3drider","formatid":"gen9vgc2023regulatione","rating":1162,"private":0,"password":""}