{"id":"gen9vgc2023regulatione-1994119853","p1":"Blanc&GibleVGC","p2":"RakeVGC","format":"[Gen 9] VGC 2023 Regulation E","log":"|j|\u2606Blanc&GibleVGC\n|j|\u2606RakeVGC\n|t:|1700409221\n|gametype|doubles\n|player|p1|Blanc&GibleVGC|psychic-gen4|1322\n|player|p2|RakeVGC|cynthia-gen4|1323\n|teamsize|p1|6\n|teamsize|p2|6\n|gen|9\n|tier|[Gen 9] VGC 2023 Regulation E\n|rated|\n|rule|Species Clause: Limit one of each Pok\u00e9mon\n|rule|Item Clause: Limit one of each item\n|clearpoke\n|poke|p1|Kleavor, L50, F|\n|poke|p1|Arcanine, L50, M|\n|poke|p1|Ogerpon-Hearthflame, L50, F|\n|poke|p1|Iron Hands, L50|\n|poke|p1|Iron Bundle, L50|\n|poke|p1|Flutter Mane, L50|\n|poke|p2|Arcanine-Hisui, L50, M|\n|poke|p2|Urshifu-*, L50, M|\n|poke|p2|Indeedee-F, L50, F|\n|poke|p2|Rillaboom, L50, F|\n|poke|p2|Flutter Mane, L50|\n|poke|p2|Iron Bundle, L50|\n|teampreview|4\n|inactive|Battle timer is ON: inactive players will automatically lose when time's up. (requested by Blanc&GibleVGC)\n|inactive|RakeVGC has 60 seconds left.\n|inactive|RakeVGC has 30 seconds left.\n|inactive|RakeVGC has 20 seconds left.\n|\n|t:|1700409301\n|start\n|switch|p1a: Kleavor|Kleavor, L50, F, shiny|100\/100\n|switch|p1b: Ogerpon|Ogerpon-Hearthflame, L50, F|100\/100\n|switch|p2a: Urshifu|Urshifu-Rapid-Strike, L50, M|100\/100\n|switch|p2b: Rillaboom|Rillaboom, L50, F|100\/100\n|-ability|p1b: Ogerpon|Mold Breaker\n|-fieldstart|move: Grassy Terrain|[from] ability: Grassy Surge|[of] p2b: Rillaboom\n|turn|1\n|inactive|Blanc&GibleVGC has 30 seconds left.\n|inactive|RakeVGC has 30 seconds left.\n|\n|t:|1700409335\n|-terastallize|p2b: Rillaboom|Grass\n|move|p1b: Ogerpon|Spiky Shield|p1b: Ogerpon\n|-singleturn|p1b: Ogerpon|move: Protect\n|move|p2b: Rillaboom|Grassy Glide|p1a: Kleavor\n|-damage|p1a: Kleavor|25\/100\n|move|p2a: Urshifu|Surging Strikes|p1b: Ogerpon\n|-crit|p1b: Ogerpon\n|-damage|p1b: Ogerpon|77\/100\n|-crit|p1b: Ogerpon\n|-damage|p1b: Ogerpon|50\/100\n|-crit|p1b: Ogerpon\n|-damage|p1b: Ogerpon|27\/100\n|-hitcount|p1b: Ogerpon|3\n|move|p1a: Kleavor|Rock Slide|p2a: Urshifu|[spread] p2a,p2b\n|-resisted|p2a: Urshifu\n|-damage|p2a: Urshifu|66\/100\n|-damage|p2b: Rillaboom|37\/100\n|\n|-heal|p2a: Urshifu|72\/100|[from] Grassy Terrain\n|-heal|p1b: Ogerpon|33\/100|[from] Grassy Terrain\n|-heal|p1a: Kleavor|31\/100|[from] Grassy Terrain\n|-heal|p2b: Rillaboom|43\/100|[from] Grassy Terrain\n|upkeep\n|turn|2\n|j| 88ufter4\n|\n|t:|1700409357\n|move|p2b: Rillaboom|Grassy Glide|p1a: Kleavor\n|-crit|p1a: Kleavor\n|-damage|p1a: Kleavor|0 fnt\n|faint|p1a: Kleavor\n|move|p2a: Urshifu|Surging Strikes|p1b: Ogerpon\n|-crit|p1b: Ogerpon\n|-damage|p1b: Ogerpon|9\/100\n|-crit|p1b: Ogerpon\n|-damage|p1b: Ogerpon|0 fnt\n|faint|p1b: Ogerpon\n|-hitcount|p1: Ogerpon|2\n|\n|-heal|p2a: Urshifu|78\/100|[from] Grassy Terrain\n|-heal|p2b: Rillaboom|49\/100|[from] Grassy Terrain\n|upkeep\n|\n|t:|1700409368\n|switch|p1b: Flutter Mane|Flutter Mane, L50|100\/100\n|switch|p1a: Iron Hands|Iron Hands, L50|100\/100\n|turn|3\n|\n|t:|1700409384\n|switch|p2a: Indeedee|Indeedee-F, L50, F|100\/100\n|-fieldstart|move: Psychic Terrain|[from] ability: Psychic Surge|[of] p2a: Indeedee\n|switch|p2b: Arcanine|Arcanine-Hisui, L50, M|100\/100\n|-ability|p2b: Arcanine|Intimidate|boost\n|-unboost|p1a: Iron Hands|atk|1\n|-unboost|p1b: Flutter Mane|atk|1\n|-terastallize|p1b: Flutter Mane|Fairy\n|move|p1a: Iron Hands|Fake Out|p2b: Arcanine\n|-activate|p2b: Arcanine|move: Psychic Terrain\n|move|p1b: Flutter Mane|Dazzling Gleam|p2b: Arcanine|[spread] p2a,p2b\n|-resisted|p2b: Arcanine\n|-damage|p2a: Indeedee|44\/100\n|-damage|p2b: Arcanine|63\/100\n|\n|-heal|p2b: Arcanine|69\/100|[from] item: Leftovers\n|upkeep\n|turn|4\n|inactive|Blanc&GibleVGC has 30 seconds left.\n|inactive|RakeVGC has 30 seconds left.\n|\n|t:|1700409418\n|move|p1b: Flutter Mane|Dazzling Gleam|p2a: Indeedee|[spread] p2a,p2b\n|-resisted|p2b: Arcanine\n|-damage|p2a: Indeedee|0 fnt\n|-damage|p2b: Arcanine|30\/100\n|faint|p2a: Indeedee\n|move|p2b: Arcanine|Will-O-Wisp|p1a: Iron Hands\n|-status|p1a: Iron Hands|brn\n|move|p1a: Iron Hands|Drain Punch|p2b: Arcanine\n|-supereffective|p2b: Arcanine\n|-damage|p2b: Arcanine|0 fnt\n|faint|p2b: Arcanine\n|\n|-damage|p1a: Iron Hands|95\/100 brn|[from] brn\n|upkeep\n|\n|t:|1700409433\n|switch|p2b: Rillaboom|Rillaboom, L50, F, tera:Grass|49\/100\n|switch|p2a: Urshifu|Urshifu-Rapid-Strike, L50, M|78\/100\n|-fieldstart|move: Grassy Terrain|[from] ability: Grassy Surge|[of] p2b: Rillaboom\n|turn|5\n|\n|t:|1700409454\n|move|p2b: Rillaboom|Fake Out|p1a: Iron Hands\n|-damage|p1a: Iron Hands|84\/100 brn\n|move|p2a: Urshifu|Surging Strikes|p1b: Flutter Mane\n|-crit|p1b: Flutter Mane\n|-damage|p1b: Flutter Mane|69\/100\n|-crit|p1b: Flutter Mane\n|-damage|p1b: Flutter Mane|38\/100\n|-crit|p1b: Flutter Mane\n|-damage|p1b: Flutter Mane|6\/100\n|-hitcount|p1b: Flutter Mane|3\n|move|p1b: Flutter Mane|Dazzling Gleam|p2a: Urshifu|[spread] p2a,p2b\n|-supereffective|p2a: Urshifu\n|-damage|p2a: Urshifu|0 fnt\n|-damage|p2b: Rillaboom|0 fnt\n|faint|p2a: Urshifu\n|faint|p2b: Rillaboom\n|\n|win|Blanc&GibleVGC\n|raw|Blanc&amp;GibleVGC's rating: 1322 &rarr; <strong>1342<\/strong><br \/>(+20 for winning)\n|raw|RakeVGC's rating: 1323 &rarr; <strong>1303<\/strong><br \/>(-20 for losing)\n|c|\u2606RakeVGC|ahahahhahahaha\n|c|\u2606RakeVGC|ahahahahhahaha\n|l|\u2606RakeVGC\n|c|\u2606Blanc&GibleVGC|why didn't you grassy glide\n","uploadtime":1700409491,"views":8,"p1id":"blancgiblevgc","p2id":"rakevgc","formatid":"gen9vgc2023regulatione","rating":1303,"private":0,"password":""}