{"id":"gen9vgc2023regulatione-1998682141","p1":"sdfghjnhgh","p2":"crud monkey","format":"[Gen 9] VGC 2023 Regulation E","log":"|j|\u2606sdfghjnhgh\n|j|\u2606crud monkey\n|t:|1700971862\n|gametype|doubles\n|player|p1|sdfghjnhgh|schoolkid-gen4|1144\n|player|p2|crud monkey|nate|1193\n|teamsize|p1|6\n|teamsize|p2|6\n|gen|9\n|tier|[Gen 9] VGC 2023 Regulation E\n|rated|\n|rule|Species Clause: Limit one of each Pok\u00e9mon\n|rule|Item Clause: Limit one of each item\n|clearpoke\n|poke|p1|Arcanine-Hisui, L50, M|\n|poke|p1|Rillaboom, L50, M|\n|poke|p1|Tornadus, L50, M|\n|poke|p1|Palafin, L50, M|\n|poke|p1|Flutter Mane, L50|\n|poke|p1|Chien-Pao, L50|\n|poke|p2|Roaring Moon, L50|\n|poke|p2|Rillaboom, L50, F|\n|poke|p2|Urshifu-*, L50, F|\n|poke|p2|Weezing, L50, M|\n|poke|p2|Flutter Mane, L50|\n|poke|p2|Ogerpon-Hearthflame, L50, F|\n|teampreview|4\n|\n|t:|1700971904\n|start\n|switch|p1a: Palafin|Palafin, L50, M|100\/100\n|switch|p1b: Flutter Mane|Flutter Mane, L50|100\/100\n|switch|p2a: Roaring Moon|Roaring Moon, L50|100\/100\n|switch|p2b: abilitygon|Weezing, L50, M|100\/100\n|-ability|p2b: abilitygon|Neutralizing Gas\n|-enditem|p1b: Flutter Mane|Booster Energy\n|-activate|p1b: Flutter Mane|ability: Protosynthesis|[fromitem]\n|-start|p1b: Flutter Mane|protosynthesisspe\n|-enditem|p2a: Roaring Moon|Booster Energy\n|-activate|p2a: Roaring Moon|ability: Protosynthesis|[fromitem]\n|-start|p2a: Roaring Moon|protosynthesisspe\n|turn|1\n|\n|t:|1700971917\n|detailschange|p1a: Palafin|Palafin-Hero, L50, M\n|switch|p1a: Arcanine|Arcanine-Hisui, L50, M, shiny|100\/100\n|-terastallize|p2a: Roaring Moon|Poison\n|move|p1b: Flutter Mane|Dazzling Gleam|p2a: Roaring Moon|[spread] p2a,p2b\n|-resisted|p2a: Roaring Moon\n|-resisted|p2b: abilitygon\n|-damage|p2a: Roaring Moon|89\/100\n|-damage|p2b: abilitygon|87\/100\n|move|p2a: Roaring Moon|Tailwind|p2a: Roaring Moon\n|-sidestart|p2: crud monkey|move: Tailwind\n|move|p2b: abilitygon|Gunk Shot|p1b: Flutter Mane\n|-damage|p1b: Flutter Mane|42\/100\n|\n|upkeep\n|turn|2\n|\n|t:|1700971940\n|-end|p2b: abilitygon|ability: Neutralizing Gas\n|-ability|p1a: Arcanine|Intimidate|boost\n|-unboost|p2a: Roaring Moon|atk|1\n|-unboost|p2b: abilitygon|atk|1\n|switch|p2b: Urshifu|Urshifu-Rapid-Strike, L50, F|100\/100\n|move|p1b: Flutter Mane|Protect|p1b: Flutter Mane\n|-singleturn|p1b: Flutter Mane|Protect\n|move|p2a: Roaring Moon|Knock Off|p1b: Flutter Mane\n|-activate|p1b: Flutter Mane|move: Protect\n|move|p1a: Arcanine|Rock Slide|p2a: Roaring Moon|[spread] p2a,p2b\n|-resisted|p2b: Urshifu\n|-damage|p2a: Roaring Moon|45\/100\n|-damage|p2b: Urshifu|77\/100\n|\n|upkeep\n|turn|3\n|\n|t:|1700971958\n|-end|p1b: Flutter Mane|Protosynthesis|[silent]\n|switch|p1b: Rillaboom|Rillaboom, L50, M|100\/100\n|-fieldstart|move: Grassy Terrain|[from] ability: Grassy Surge|[of] p1b: Rillaboom\n|-terastallize|p1a: Arcanine|Fairy\n|move|p2a: Roaring Moon|Knock Off|p1b: Rillaboom\n|-damage|p1b: Rillaboom|73\/100\n|-enditem|p1b: Rillaboom|Assault Vest|[from] move: Knock Off|[of] p2a: Roaring Moon\n|move|p2b: Urshifu|Surging Strikes|p1a: Arcanine\n|-crit|p1a: Arcanine\n|-damage|p1a: Arcanine|76\/100\n|-crit|p1a: Arcanine\n|-damage|p1a: Arcanine|50\/100\n|-crit|p1a: Arcanine\n|-damage|p1a: Arcanine|23\/100\n|-hitcount|p1a: Arcanine|3\n|move|p1a: Arcanine|Rock Slide|p2b: Urshifu|[spread] p2a,p2b\n|-resisted|p2b: Urshifu\n|-damage|p2a: Roaring Moon|0 fnt\n|-damage|p2b: Urshifu|55\/100\n|faint|p2a: Roaring Moon\n|-end|p2a: Roaring Moon|Protosynthesis|[silent]\n|\n|-heal|p2b: Urshifu|61\/100|[from] Grassy Terrain\n|-heal|p1a: Arcanine|29\/100|[from] Grassy Terrain\n|-heal|p1b: Rillaboom|79\/100|[from] Grassy Terrain\n|upkeep\n|\n|t:|1700971971\n|switch|p2a: abilitygon|Weezing, L50, M|87\/100\n|-ability|p2a: abilitygon|Neutralizing Gas\n|turn|4\n|\n|t:|1700971986\n|move|p1b: Rillaboom|Grassy Glide|p2b: Urshifu\n|-supereffective|p2b: Urshifu\n|-damage|p2b: Urshifu|0 fnt\n|faint|p2b: Urshifu\n|move|p2a: abilitygon|Gunk Shot|p1b: Rillaboom|[miss]\n|-miss|p2a: abilitygon|p1b: Rillaboom\n|move|p1a: Arcanine|Rock Slide|p2a: abilitygon|[miss]\n|-miss|p1a: Arcanine|p2a: abilitygon\n|\n|-heal|p2a: abilitygon|92\/100|[from] Grassy Terrain\n|-heal|p1a: Arcanine|35\/100|[from] Grassy Terrain\n|-heal|p1b: Rillaboom|84\/100|[from] Grassy Terrain\n|-sideend|p2: crud monkey|move: Tailwind\n|upkeep\n|\n|t:|1700972007\n|switch|p2b: Rillaboom|Rillaboom, L50, F|100\/100\n|turn|5\n|\n|t:|1700972015\n|move|p2b: Rillaboom|Grassy Glide|p1a: Arcanine\n|-damage|p1a: Arcanine|0 fnt\n|faint|p1a: Arcanine\n|move|p1b: Rillaboom|U-turn|p2b: Rillaboom\n|-supereffective|p2b: Rillaboom\n|-damage|p2b: Rillaboom|53\/100\n|\n|t:|1700972022\n|switch|p1b: Palafin|Palafin-Hero, L50, M|100\/100|[from] U-turn\n|-activate|p1b: Palafin|ability: Zero to Hero\n|move|p2a: abilitygon|Gunk Shot|p1b: Palafin\n|-damage|p1b: Palafin|67\/100\n|\n|-heal|p1b: Palafin|73\/100|[from] Grassy Terrain\n|-heal|p2b: Rillaboom|59\/100|[from] Grassy Terrain\n|-heal|p2a: abilitygon|98\/100|[from] Grassy Terrain\n|upkeep\n|\n|t:|1700972030\n|switch|p1a: Rillaboom|Rillaboom, L50, M|84\/100\n|turn|6\n|\n|t:|1700972040\n|move|p1a: Rillaboom|Fake Out|p2b: Rillaboom\n|-damage|p2b: Rillaboom|45\/100\n|cant|p2b: Rillaboom|flinch\n|move|p1b: Palafin|Acrobatics|p2b: Rillaboom\n|-supereffective|p2b: Rillaboom\n|-damage|p2b: Rillaboom|0 fnt\n|faint|p2b: Rillaboom\n|move|p2a: abilitygon|Gunk Shot|p1a: Rillaboom\n|-supereffective|p1a: Rillaboom\n|-damage|p1a: Rillaboom|19\/100\n|\n|-heal|p1b: Palafin|79\/100|[from] Grassy Terrain\n|-heal|p1a: Rillaboom|25\/100|[from] Grassy Terrain\n|-heal|p2a: abilitygon|100\/100|[from] Grassy Terrain\n|upkeep\n|turn|7\n|-message|crud monkey forfeited.\n|\n|win|sdfghjnhgh\n|raw|sdfghjnhgh's rating: 1144 &rarr; <strong>1173<\/strong><br \/>(+29 for winning)\n|raw|crud monkey's rating: 1193 &rarr; <strong>1164<\/strong><br \/>(-29 for losing)\n|l|\u2606crud monkey\n","uploadtime":1700972058,"views":3,"p1id":"sdfghjnhgh","p2id":"crudmonkey","formatid":"gen9vgc2023regulatione","rating":1164,"private":0,"password":""}