{"id":"gen9vgc2023regulatione-2000231010","p1":"magicalarcher57","p2":"Tempest brute","format":"[Gen 9] VGC 2023 Regulation E","log":"|j|\u2606magicalarcher57\n|j|\u2606Tempest brute\n|t:|1701175248\n|gametype|doubles\n|player|p1|magicalarcher57|cynthia-gen4|\n|player|p2|Tempest brute|veteran|\n|teamsize|p1|6\n|teamsize|p2|6\n|gen|9\n|tier|[Gen 9] VGC 2023 Regulation E\n|rated|Tournament battle\n|clearpoke\n|poke|p1|Regidrago, L50|\n|poke|p1|Gliscor, L50, F|\n|poke|p1|Goodra-Hisui, L50, F|\n|poke|p1|Crabominable, L50, M|\n|poke|p1|Clawitzer, L50, F|\n|poke|p1|Crawdaunt, L50, M|\n|poke|p2|Gliscor, L50, M|\n|poke|p2|Regidrago, L50|\n|poke|p2|Regidrago, L50|\n|poke|p2|Crawdaunt, L50, M|\n|poke|p2|Regidrago, L50|\n|poke|p2|Regidrago, L50|\n|teampreview|4\n|j| 4KuserVGC\n|j| pokeveteran04\n|c|\u2606Tempest brute|all hail king crawdaunt\n|c| 4KuserVGC|all hail king crawdaunt\n|c|\u2606magicalarcher57|what\n|j| godlyreal\n|c|\u2606magicalarcher57|u can use\n|j| bossman90\n|c|\u2606magicalarcher57|multipleeee\n|c| bossman90|Tempest tempes\n|\n|t:|1701175273\n|start\n|switch|p1a: Regidrago|Regidrago, L50|100\/100\n|switch|p1b: Goodra|Goodra-Hisui, L50, F|100\/100\n|switch|p2a: Gliscor|Gliscor, L50, M|100\/100\n|switch|p2b: Regidrago|Regidrago, L50|100\/100\n|turn|1\n|c|\u2606Tempest brute|king crawduant onlly uses the best\n|c| bossman90|Bruh\n|\n|t:|1701175290\n|-terastallize|p1a: Regidrago|Steel\n|move|p1a: Regidrago|Dragon Energy|p2a: Gliscor|[spread] p2a,p2b\n|-supereffective|p2b: Regidrago\n|-enditem|p2b: Regidrago|Haban Berry|[eat]\n|-enditem|p2b: Regidrago|Haban Berry|[weaken]\n|-damage|p2a: Gliscor|21\/100\n|-damage|p2b: Regidrago|54\/100\n|move|p2a: Gliscor|Tailwind|p2a: Gliscor\n|-sidestart|p2: Tempest brute|move: Tailwind\n|move|p2b: Regidrago|Draco Meteor|p1a: Regidrago\n|-resisted|p1a: Regidrago\n|-damage|p1a: Regidrago|64\/100\n|-unboost|p2b: Regidrago|spa|2\n|move|p1b: Goodra|Acid Armor|p1b: Goodra\n|-boost|p1b: Goodra|def|2\n|\n|-status|p2a: Gliscor|tox|[from] item: Toxic Orb\n|upkeep\n|turn|2\n|c| bossman90|Its clawitzer or kingler\n|\n|t:|1701175300\n|move|p2a: Gliscor|Protect|p2a: Gliscor\n|-singleturn|p2a: Gliscor|Protect\n|move|p1a: Regidrago|Dragon Energy|p2a: Gliscor|[spread] p2b\n|-activate|p2a: Gliscor|move: Protect\n|-supereffective|p2b: Regidrago\n|-damage|p2b: Regidrago|0 fnt\n|faint|p2b: Regidrago\n|move|p1b: Goodra|Acid Armor|p1b: Goodra\n|-boost|p1b: Goodra|def|2\n|\n|-heal|p2a: Gliscor|33\/100 tox|[from] ability: Poison Heal\n|upkeep\n|c|\u2606magicalarcher57|SCARFF\n|\n|t:|1701175306\n|switch|p2b: Regidrago|Regidrago, L50|100\/100\n|turn|3\n|j| FanumRizzGyatSigma\n|c| bossman90|Also crayfish arent crabys\n|c| pokeveteran04|goodra is craber than a real crab\n|c| FanumRizzGyatSigma|SKIBIDI\n|c| bossman90|Also lobster\n|\n|t:|1701175322\n|-terastallize|p2b: Regidrago|Dragon\n|move|p2b: Regidrago|Dragon Energy|p1a: Regidrago|[spread] p1a,p1b\n|-resisted|p1a: Regidrago\n|-damage|p1a: Regidrago|12\/100\n|-damage|p1b: Goodra|47\/100\n|move|p2a: Gliscor|High Horsepower|p1a: Regidrago\n|-supereffective|p1a: Regidrago\n|-damage|p1a: Regidrago|0 fnt\n|faint|p1a: Regidrago\n|move|p1b: Goodra|Acid Armor|p1b: Goodra\n|-boost|p1b: Goodra|def|2\n|\n|-heal|p1b: Goodra|53\/100|[from] item: Leftovers\n|-heal|p2a: Gliscor|46\/100 tox|[from] ability: Poison Heal\n|upkeep\n|l| FanumRizzGyatSigma\n|c| bossman90|Magicalarcher has cynthia skin\n|\n|t:|1701175344\n|switch|p1a: Crawdaunt|Crawdaunt, L50, M|100\/100\n|turn|4\n|c|\u2606magicalarcher57|so?\n|c| bossman90|So you know what that means\n|c|\u2606magicalarcher57|no\n|c| pokeveteran04|what?\n|j| qwertyslopmcflop\n|c| bossman90|The theme song\n|c|\u2606magicalarcher57|oo\n|c|\u2606magicalarcher57|i play on mute\n|c|\u2606Tempest brute|me with the theme song of\n|\n|t:|1701175374\n|move|p2b: Regidrago|Dragon Energy|p1a: Crawdaunt|[spread] p1a,p1b\n|-crit|p1a: Crawdaunt\n|-enditem|p1a: Crawdaunt|Focus Sash\n|-damage|p1a: Crawdaunt|1\/100\n|-damage|p1b: Goodra|6\/100\n|move|p2a: Gliscor|High Horsepower|p1b: Goodra\n|-supereffective|p1b: Goodra\n|-damage|p1b: Goodra|0 fnt\n|faint|p1b: Goodra\n|move|p1a: Crawdaunt|Crabhammer|p2b: Regidrago\n|-resisted|p2b: Regidrago\n|-damage|p2b: Regidrago|63\/100\n|\n|-heal|p2a: Gliscor|58\/100 tox|[from] ability: Poison Heal\n|-sideend|p2: Tempest brute|move: Tailwind\n|upkeep\n|c|\u2606Tempest brute|autophobia\n|c| bossman90|What\n|\n|t:|1701175384\n|switch|p1b: Clawitzer|Clawitzer, L50, F|100\/100\n|turn|5\n|c|\u2606Tempest brute|you wont get it\n|\n|t:|1701175394\n|move|p2b: Regidrago|Dragon Energy|p1a: Crawdaunt|[spread] p1a,p1b\n|-damage|p1a: Crawdaunt|0 fnt\n|-damage|p1b: Clawitzer|33\/100\n|faint|p1a: Crawdaunt\n|move|p2a: Gliscor|High Horsepower|p1b: Clawitzer\n|-damage|p1b: Clawitzer|0 fnt\n|faint|p1b: Clawitzer\n|\n|win|Tempest brute\n|n|\u2606magicalarcher57|magicalarcher57\n|n|\u2606Tempest brute|tempestbrute\n|n| 4KuserVGC|4kuservgc\n|n| pokeveteran04|pokeveteran04\n|n| godlyreal|godlyreal\n|n| bossman90|bossman90\n|n| qwertyslopmcflop|qwertyslopmcflop\n","uploadtime":1701175395,"views":3,"p1id":"magicalarcher57","p2id":"tempestbrute","formatid":"gen9vgc2023regulatione","rating":0,"private":0,"password":""}