{"id":"gen9vgc2023regulatione-1996723186","p1":"radizen9","p2":"Lynnae","format":"[Gen 9] VGC 2023 Regulation E","log":"|j|\u2606radizen9\n|j|\u2606Lynnae\n|t:|1700714658\n|gametype|doubles\n|player|p1|radizen9|elesa|1203\n|player|p2|Lynnae|lady|1124\n|teamsize|p1|6\n|teamsize|p2|6\n|gen|9\n|tier|[Gen 9] VGC 2023 Regulation E\n|rated|\n|rule|Species Clause: Limit one of each Pok\u00e9mon\n|rule|Item Clause: Limit one of each item\n|clearpoke\n|poke|p1|Morpeko, L50, F|\n|poke|p1|Indeedee-F, L50, F|\n|poke|p1|Hatterene, L50, F|\n|poke|p1|Ursaluna-Bloodmoon, L50, M|\n|poke|p1|Ogerpon-Wellspring, L50, F|\n|poke|p1|Arcanine-Hisui, L50, F|\n|poke|p2|Murkrow, L50, M|\n|poke|p2|Abomasnow, L50, F|\n|poke|p2|Dachsbun, L50, M|\n|poke|p2|Toxtricity, L50, F|\n|poke|p2|Amoonguss, L50, F|\n|poke|p2|Chi-Yu, L50|\n|teampreview|4\n|\n|t:|1700714694\n|start\n|switch|p1a: Indeedee|Indeedee-F, L50, F|100\/100\n|switch|p1b: Morpeko|Morpeko, L50, F|100\/100\n|switch|p2a: Murkrow|Murkrow, L50, M|100\/100\n|switch|p2b: Abomasnow|Abomasnow, L50, F|100\/100\n|-fieldstart|move: Psychic Terrain|[from] ability: Psychic Surge|[of] p1a: Indeedee\n|-weather|Snow|[from] ability: Snow Warning|[of] p2b: Abomasnow\n|turn|1\n|\n|t:|1700714717\n|switch|p2a: Amoonguss|Amoonguss, L50, F|100\/100\n|-terastallize|p1b: Morpeko|Electric\n|move|p1a: Indeedee|Helping Hand|p1b: Morpeko\n|-singleturn|p1b: Morpeko|Helping Hand|[of] p1a: Indeedee\n|move|p1b: Morpeko|Aura Wheel|p2b: Abomasnow\n|-resisted|p2b: Abomasnow\n|-damage|p2b: Abomasnow|58\/100\n|-boost|p1b: Morpeko|spe|1\n|move|p2b: Abomasnow|Aurora Veil|p2b: Abomasnow\n|-sidestart|p2: Lynnae|move: Aurora Veil\n|\n|-weather|Snow|[upkeep]\n|upkeep\n|turn|2\n|\n|t:|1700714743\n|switch|p1b: Arcanine|Arcanine-Hisui, L50, F|100\/100\n|-ability|p1b: Arcanine|Intimidate|boost\n|-unboost|p2a: Amoonguss|atk|1\n|-unboost|p2b: Abomasnow|atk|1\n|move|p1a: Indeedee|Psychic|p2a: Amoonguss\n|-supereffective|p2a: Amoonguss\n|-crit|p2a: Amoonguss\n|-damage|p2a: Amoonguss|0 fnt\n|faint|p2a: Amoonguss\n|move|p2b: Abomasnow|Blizzard|p1a: Indeedee|[spread] p1a,p1b\n|-resisted|p1b: Arcanine\n|-damage|p1a: Indeedee|66\/100\n|-damage|p1b: Arcanine|78\/100\n|-status|p1a: Indeedee|frz\n|\n|-weather|Snow|[upkeep]\n|upkeep\n|\n|t:|1700714758\n|switch|p2a: Dachsbun|Dachsbun, L50, M|100\/100\n|turn|3\n|\n|t:|1700714789\n|move|p2b: Abomasnow|Protect|p2b: Abomasnow\n|-singleturn|p2b: Abomasnow|Protect\n|cant|p1a: Indeedee|frz\n|move|p1b: Arcanine|Rock Slide|p2a: Dachsbun|[spread] p2a\n|-activate|p2b: Abomasnow|move: Protect\n|-damage|p2a: Dachsbun|82\/100\n|cant|p2a: Dachsbun|flinch\n|\n|-weather|Snow|[upkeep]\n|upkeep\n|turn|4\n|inactive|Battle timer is ON: inactive players will automatically lose when time's up. (requested by radizen9)\n|\n|t:|1700714823\n|-terastallize|p2b: Abomasnow|Water\n|move|p1b: Arcanine|Rock Slide|p2a: Dachsbun|[spread] p2a,p2b\n|-damage|p2a: Dachsbun|61\/100\n|-damage|p2b: Abomasnow|26\/100\n|move|p2a: Dachsbun|Stomping Tantrum|p1b: Arcanine\n|-supereffective|p1b: Arcanine\n|-damage|p1b: Arcanine|0 fnt\n|faint|p1b: Arcanine\n|cant|p1a: Indeedee|frz\n|cant|p2b: Abomasnow|flinch\n|\n|-weather|Snow|[upkeep]\n|upkeep\n|\n|t:|1700714835\n|switch|p1b: Morpeko|Morpeko, L50, F, tera:Electric|100\/100\n|turn|5\n|\n|t:|1700714845\n|cant|p1a: Indeedee|frz\n|move|p2b: Abomasnow|Protect|p2b: Abomasnow\n|-singleturn|p2b: Abomasnow|Protect\n|move|p1b: Morpeko|Aura Wheel|p2a: Dachsbun\n|-damage|p2a: Dachsbun|24\/100\n|-boost|p1b: Morpeko|spe|1\n|move|p2a: Dachsbun|Stomping Tantrum|p1b: Morpeko\n|-supereffective|p1b: Morpeko\n|-damage|p1b: Morpeko|38\/100\n|\n|-weather|none\n|-sideend|p2: Lynnae|move: Aurora Veil\n|-fieldend|move: Psychic Terrain\n|upkeep\n|turn|6\n|\n|t:|1700714867\n|cant|p1a: Indeedee|frz\n|move|p1b: Morpeko|Aura Wheel|p2b: Abomasnow\n|-supereffective|p2b: Abomasnow\n|-damage|p2b: Abomasnow|0 fnt\n|-boost|p1b: Morpeko|spe|1\n|faint|p2b: Abomasnow\n|move|p2a: Dachsbun|Stomping Tantrum|p1b: Morpeko\n|-supereffective|p1b: Morpeko\n|-damage|p1b: Morpeko|0 fnt\n|faint|p1b: Morpeko\n|\n|upkeep\n|\n|t:|1700714879\n|switch|p1b: Ogerpon|Ogerpon-Wellspring, L50, F|100\/100\n|switch|p2b: Murkrow|Murkrow, L50, M|100\/100\n|turn|7\n|\n|t:|1700714895\n|move|p1b: Ogerpon|Ivy Cudgel|p2b: Murkrow|[anim] Ivy Cudgel Water\n|-damage|p2b: Murkrow|47\/100\n|move|p2a: Dachsbun|Snarl|p1a: Indeedee|[spread] p1b\n|-miss|p2a: Dachsbun|p1a: Indeedee\n|-damage|p1b: Ogerpon|95\/100\n|-unboost|p1b: Ogerpon|spa|1\n|move|p2b: Murkrow|Brave Bird|p1b: Ogerpon\n|-supereffective|p1b: Ogerpon\n|-damage|p1b: Ogerpon|22\/100\n|-damage|p2b: Murkrow|20\/100|[from] Recoil\n|cant|p1a: Indeedee|frz\n|\n|upkeep\n|turn|8\n|\n|t:|1700714919\n|move|p1b: Ogerpon|Protect|p1b: Ogerpon\n|-singleturn|p1b: Ogerpon|Protect\n|move|p2b: Murkrow|Tailwind|p2b: Murkrow\n|-sidestart|p2: Lynnae|move: Tailwind\n|move|p2a: Dachsbun|Snarl|p1a: Indeedee|[spread] p1a\n|-activate|p1b: Ogerpon|move: Protect\n|-supereffective|p1a: Indeedee\n|-damage|p1a: Indeedee|56\/100 frz\n|-unboost|p1a: Indeedee|spa|1\n|cant|p1a: Indeedee|frz\n|\n|upkeep\n|turn|9\n|inactive|Lynnae has 30 seconds left.\n|\n|t:|1700714947\n|move|p2a: Dachsbun|Body Press|p1a: Indeedee\n|-damage|p1a: Indeedee|33\/100 frz\n|-damage|p2a: Dachsbun|7\/100|[from] item: Rocky Helmet|[of] p1a: Indeedee\n|move|p2b: Murkrow|Brave Bird|p1b: Ogerpon\n|-supereffective|p1b: Ogerpon\n|-damage|p1b: Ogerpon|0 fnt\n|faint|p1b: Ogerpon\n|-damage|p2b: Murkrow|12\/100|[from] Recoil\n|cant|p1a: Indeedee|frz\n|\n|upkeep\n|turn|10\n|\n|t:|1700714963\n|move|p2a: Dachsbun|Snarl|p1a: Indeedee\n|-supereffective|p1a: Indeedee\n|-damage|p1a: Indeedee|19\/100 frz\n|-unboost|p1a: Indeedee|spa|1\n|move|p2b: Murkrow|Brave Bird|p1a: Indeedee\n|-damage|p1a: Indeedee|0 fnt\n|-damage|p2b: Murkrow|0 fnt|[from] item: Rocky Helmet|[of] p1a: Indeedee\n|faint|p1a: Indeedee\n|faint|p2b: Murkrow\n|\n|win|Lynnae\n|raw|radizen9's rating: 1203 &rarr; <strong>1172<\/strong><br \/>(-31 for losing)\n|raw|Lynnae's rating: 1124 &rarr; <strong>1155<\/strong><br \/>(+31 for winning)\n|l|\u2606Lynnae\n","uploadtime":1700714977,"views":7,"p1id":"radizen9","p2id":"lynnae","formatid":"gen9vgc2023regulatione","rating":1155,"private":0,"password":""}