{"id":"gen9vgc2023regulatione-1994341191","p1":"AC Wesley","p2":"rainlover78","format":"[Gen 9] VGC 2023 Regulation E","log":"|j|\u2606AC Wesley\n|j|\u2606rainlover78\n|n|\u2606AC Wesley|acwesley\n|n|\u2606rainlover78|rainlover78\n|html|View the match progress at <a href=\"\/game-bestof3-gen9vgc2023regulatione-1994337799\">game-bestof3-gen9vgc2023regulatione-1994337799<\/a>\n|t:|1700432984\n|gametype|doubles\n|player|p1|AC Wesley|thorton|\n|player|p2|rainlover78|n|\n|teamsize|p1|6\n|teamsize|p2|6\n|gen|9\n|tier|[Gen 9] VGC 2023 Regulation E\n|rule|Species Clause: Limit one of each Pok\u00e9mon\n|rule|Item Clause: Limit one of each item\n|clearpoke\n|poke|p1|Iron Hands, L50|\n|poke|p1|Farigiraf, L50, F|\n|poke|p1|Ursaluna-Bloodmoon, L50, M|\n|poke|p1|Flutter Mane, L50|\n|poke|p1|Heatran, L50, M|\n|poke|p1|Ogerpon-Wellspring, L50, F|\n|poke|p2|Flutter Mane, L50|\n|poke|p2|Roaring Moon, L50|\n|poke|p2|Weezing, L50, F|\n|poke|p2|Landorus-Therian, L50, M|\n|poke|p2|Iron Hands, L50|\n|poke|p2|Ogerpon-Wellspring, L50, F|\n|teampreview|4\n|inactive|Battle timer is ON: inactive players will automatically lose when time's up. (requested by AC Wesley)\nAC Wesley has agreed to open team sheets.\nrainlover78 has agreed to open team sheets.\n|showteam|p1|Iron Hands||AssaultVest|QuarkDrive|WildCharge,DrainPunch,HeavySlam,FakeOut||||||50|,,,,,Water]Farigiraf||MentalHerb|ArmorTail|TrickRoom,Imprison,DazzlingGleam,Protect|||F|||50|,,,,,Fairy]Ursaluna-Bloodmoon||LifeOrb|MindsEye|VacuumWave,BloodMoon,EarthPower,Protect|||M|||50|,,,,,Poison]Flutter Mane||BoosterEnergy|Protosynthesis|ShadowBall,DazzlingGleam,IcyWind,Taunt||||||50|,,,,,Fairy]Heatran||Leftovers|FlashFire|MagmaStorm,FlashCannon,EarthPower,Protect|||M|||50|,,,,,Grass]Ogerpon-Wellspring||WellspringMask|WaterAbsorb|IvyCudgel,HornLeech,SpikyShield,FollowMe|||F|||50|,,,,,Water\n|showteam|p2|Flutter Mane||ChoiceSpecs|Protosynthesis|ShadowBall,DazzlingGleam,Moonblast,PowerGem||||||50|,,,,,Grass]Roaring Moon||BoosterEnergy|Protosynthesis|Acrobatics,DragonDance,KnockOff,Protect||||||50|,,,,,Flying]Weezing||ShucaBerry|NeutralizingGas|SludgeBomb,Taunt,Protect,WillOWisp|||F|||50|,,,,,Fire]Landorus-Therian||ChoiceScarf|Intimidate|RockSlide,TeraBlast,Uturn,StompingTantrum|||M|||50|,,,,,Flying]Iron Hands||AssaultVest|QuarkDrive|DrainPunch,WildCharge,FakeOut,VoltSwitch||||||50|,,,,,Grass]Ogerpon-Wellspring||WellspringMask|WaterAbsorb|IvyCudgel,FollowMe,SpikyShield,HornLeech|||F|||50|,,,,,Water\n|j| Van. Volcanucks\n|inactive|AC Wesley has 30 seconds left.\n|inactive|rainlover78 has 30 seconds left.\n|inactive|AC Wesley has 20 seconds left.\n|inactive|rainlover78 has 20 seconds left.\n|inactive|AC Wesley has 15 seconds left.\n|inactive|rainlover78 has 15 seconds left.\n|inactive|AC Wesley has 10 seconds left.\n|inactive|rainlover78 has 10 seconds left.\n|inactive|AC Wesley has 5 seconds left.\n|inactive|rainlover78 has 5 seconds left.\n|\n|t:|1700433048\n|start\n|switch|p1a: Heatran|Heatran, L50, M|100\/100\n|switch|p1b: Flutter Mane|Flutter Mane, L50|100\/100\n|switch|p2a: Iron Hands|Iron Hands, L50|100\/100\n|switch|p2b: Roaring Moon|Roaring Moon, L50|100\/100\n|-enditem|p1b: Flutter Mane|Booster Energy\n|-activate|p1b: Flutter Mane|ability: Protosynthesis|[fromitem]\n|-start|p1b: Flutter Mane|protosynthesisspe\n|-enditem|p2b: Roaring Moon|Booster Energy\n|-activate|p2b: Roaring Moon|ability: Protosynthesis|[fromitem]\n|-start|p2b: Roaring Moon|protosynthesisatk\n|turn|1\n|inactive|AC Wesley has 30 seconds left.\n|inactive|rainlover78 has 30 seconds left.\n|inactive|AC Wesley has 20 seconds left.\n|inactive|AC Wesley has 15 seconds left.\n|inactive|AC Wesley has 10 seconds left.\n|inactive|AC Wesley has 5 seconds left.\n|\n|t:|1700433099\n|-terastallize|p2b: Roaring Moon|Flying\n|move|p1a: Heatran|Protect|p1a: Heatran\n|-singleturn|p1a: Heatran|Protect\n|move|p2a: Iron Hands|Fake Out|p1a: Heatran\n|-activate|p1a: Heatran|move: Protect\n|move|p1b: Flutter Mane|Dazzling Gleam|p2a: Iron Hands|[spread] p2a,p2b\n|-supereffective|p2a: Iron Hands\n|-damage|p2a: Iron Hands|70\/100\n|-damage|p2b: Roaring Moon|73\/100\n|move|p2b: Roaring Moon|Acrobatics|p1b: Flutter Mane\n|-damage|p1b: Flutter Mane|0 fnt\n|faint|p1b: Flutter Mane\n|-end|p1b: Flutter Mane|Protosynthesis|[silent]\n|\n|upkeep\n|inactive|AC Wesley has 30 seconds left.\n|inactive|AC Wesley has 20 seconds left.\n|inactive|AC Wesley has 15 seconds left.\n|inactive|AC Wesley has 10 seconds left.\n|\n|t:|1700433145\n|switch|p1b: Iron Hands|Iron Hands, L50|100\/100\n|turn|2\n|\n|t:|1700433159\n|move|p2b: Roaring Moon|Protect|p2b: Roaring Moon\n|-singleturn|p2b: Roaring Moon|Protect\n|move|p1b: Iron Hands|Fake Out|p2a: Iron Hands\n|-damage|p2a: Iron Hands|58\/100\n|move|p1a: Heatran|Magma Storm|p2a: Iron Hands\n|-damage|p2a: Iron Hands|27\/100\n|-activate|p2a: Iron Hands|move: Magma Storm|[of] p1a: Heatran\n|cant|p2a: Iron Hands|flinch\n|\n|-damage|p2a: Iron Hands|15\/100|[from] move: Magma Storm|[partiallytrapped]\n|upkeep\n|turn|3\n|\n|t:|1700433177\n|move|p2b: Roaring Moon|Knock Off|p1b: Iron Hands\n|-resisted|p1b: Iron Hands\n|-damage|p1b: Iron Hands|79\/100\n|-enditem|p1b: Iron Hands|Assault Vest|[from] move: Knock Off|[of] p2b: Roaring Moon\n|move|p1a: Heatran|Earth Power|p2a: Iron Hands\n|-supereffective|p2a: Iron Hands\n|-damage|p2a: Iron Hands|0 fnt\n|faint|p2a: Iron Hands\n|-end|p2a: Iron Hands|Quark Drive|[silent]\n|move|p1b: Iron Hands|Wild Charge|p2b: Roaring Moon\n|-supereffective|p2b: Roaring Moon\n|-damage|p2b: Roaring Moon|0 fnt\n|faint|p2b: Roaring Moon\n|-end|p2b: Roaring Moon|Protosynthesis|[silent]\n|-damage|p1b: Iron Hands|66\/100|[from] Recoil\n|\n|upkeep\n|\n|t:|1700433197\n|switch|p2b: Ogerpon|Ogerpon-Wellspring, L50, F|100\/100\n|switch|p2a: Flutter Mane|Flutter Mane, L50|100\/100\n|turn|4\n|inactive|AC Wesley has 30 seconds left.\n|inactive|AC Wesley has 20 seconds left.\n|inactive|rainlover78 has 30 seconds left.\n|inactive|AC Wesley has 15 seconds left.\n|inactive|AC Wesley has 10 seconds left.\n|inactive|AC Wesley has 5 seconds left.\n|\n|t:|1700433251\n|-terastallize|p1a: Heatran|Grass\n|move|p2b: Ogerpon|Follow Me|p2b: Ogerpon\n|-singleturn|p2b: Ogerpon|move: Follow Me\n|move|p2a: Flutter Mane|Moonblast|p1b: Iron Hands\n|-supereffective|p1b: Iron Hands\n|-damage|p1b: Iron Hands|0 fnt\n|faint|p1b: Iron Hands\n|-end|p1b: Iron Hands|Quark Drive|[silent]\n|move|p1a: Heatran|Magma Storm|p2b: Ogerpon\n|-damage|p2b: Ogerpon|39\/100\n|-activate|p2b: Ogerpon|move: Magma Storm|[of] p1a: Heatran\n|\n|-damage|p2b: Ogerpon|27\/100|[from] move: Magma Storm|[partiallytrapped]\n|upkeep\n|\n|t:|1700433263\n|switch|p1b: Ursaluna|Ursaluna-Bloodmoon, L50, M|100\/100\n|turn|5\n|inactive|rainlover78 has 30 seconds left.\n|\n|t:|1700433291\n|move|p1a: Heatran|Protect|p1a: Heatran\n|-singleturn|p1a: Heatran|Protect\n|move|p1b: Ursaluna|Protect|p1b: Ursaluna\n|-singleturn|p1b: Ursaluna|Protect\n|move|p2a: Flutter Mane|Moonblast|p1b: Ursaluna\n|-activate|p1b: Ursaluna|move: Protect\n|move|p2b: Ogerpon|Ivy Cudgel|p1b: Ursaluna|[anim] Ivy Cudgel Water\n|-activate|p1b: Ursaluna|move: Protect\n|\n|-damage|p2b: Ogerpon|14\/100|[from] move: Magma Storm|[partiallytrapped]\n|upkeep\n|turn|6\n|\n|t:|1700433309\n|move|p1b: Ursaluna|Vacuum Wave|p2b: Ogerpon\n|-damage|p2b: Ogerpon|0 fnt\n|faint|p2b: Ogerpon\n|-damage|p1b: Ursaluna|90\/100|[from] item: Life Orb\n|move|p2a: Flutter Mane|Moonblast|p1b: Ursaluna\n|-damage|p1b: Ursaluna|4\/100\n|-unboost|p1b: Ursaluna|spa|1\n|move|p1a: Heatran|Flash Cannon|p2a: Flutter Mane\n|-supereffective|p2a: Flutter Mane\n|-damage|p2a: Flutter Mane|14\/100\n|\n|upkeep\n|turn|7\n|\n|t:|1700433324\n|move|p1b: Ursaluna|Vacuum Wave|p2a: Flutter Mane\n|-resisted|p2a: Flutter Mane\n|-damage|p2a: Flutter Mane|7\/100\n|-damage|p1b: Ursaluna|0 fnt|[from] item: Life Orb\n|faint|p1b: Ursaluna\n|move|p2a: Flutter Mane|Moonblast|p1a: Heatran\n|-damage|p1a: Heatran|38\/100\n|-unboost|p1a: Heatran|spa|1\n|move|p1a: Heatran|Flash Cannon|p2a: Flutter Mane\n|-supereffective|p2a: Flutter Mane\n|-damage|p2a: Flutter Mane|0 fnt\n|faint|p2a: Flutter Mane\n|-end|p2a: Flutter Mane|Protosynthesis|[silent]\n|\n|win|AC Wesley\n|c|\u2606AC Wesley|gg\n|c|\u2606rainlover78|gg\n|l| Van. Volcanucks\n","uploadtime":1700433355,"views":6,"p1id":"acwesley","p2id":"rainlover78","formatid":"gen9vgc2023regulatione","rating":0,"private":0,"password":""}