{"id":"gen9vgc2023regulatione-1993675978","p1":"Knzhzkz","p2":"Bhaktapus","format":"[Gen 9] VGC 2023 Regulation E","log":"|j|\u2606Knzhzkz\n|j|\u2606Bhaktapus\n|t:|1700344364\n|gametype|doubles\n|player|p1|Knzhzkz|lance|1118\n|player|p2|Bhaktapus|bugcatcher-gen4dp|1063\n|teamsize|p1|6\n|teamsize|p2|6\n|gen|9\n|tier|[Gen 9] VGC 2023 Regulation E\n|rated|\n|rule|Species Clause: Limit one of each Pok\u00e9mon\n|rule|Item Clause: Limit one of each item\n|clearpoke\n|poke|p1|Flutter Mane, L50|\n|poke|p1|Tornadus, L50, M|\n|poke|p1|Rillaboom, L50, F|\n|poke|p1|Garganacl, L50, M|\n|poke|p1|Arcanine-Hisui, L50, M|\n|poke|p1|Chien-Pao, L50|\n|poke|p2|Ninetales-Alola, L50, F|\n|poke|p2|Slowking-Galar, L50, M|\n|poke|p2|Heatran, L50, M|\n|poke|p2|Palafin, L50, M|\n|poke|p2|Cetitan, L50, M|\n|poke|p2|Sinistcha-Masterpiece, L50|\n|teampreview|4\n|inactive|Battle timer is ON: inactive players will automatically lose when time's up. (requested by Bhaktapus)\n|\n|t:|1700344392\n|start\n|switch|p1a: Tornadus|Tornadus, L50, M|100\/100\n|switch|p1b: Garganacl|Garganacl, L50, M|100\/100\n|switch|p2a: Slowking|Slowking-Galar, L50, M|100\/100\n|switch|p2b: Palafin|Palafin, L50, M|100\/100\n|turn|1\n|\n|t:|1700344402\n|-terastallize|p1b: Garganacl|Ghost\n|move|p1a: Tornadus|Taunt|p2a: Slowking\n|-start|p2a: Slowking|move: Taunt\n|move|p2b: Palafin|Wave Crash|p1b: Garganacl\n|-damage|p1b: Garganacl|61\/100\n|-damage|p2b: Palafin|85\/100|[from] Recoil\n|move|p1b: Garganacl|Salt Cure|p2b: Palafin\n|-damage|p2b: Palafin|65\/100\n|-start|p2b: Palafin|Salt Cure\n|cant|p2a: Slowking|move: Taunt|Chilly Reception\n|\n|-damage|p2b: Palafin|40\/100|[from] Salt Cure\n|upkeep\n|turn|2\n|\n|t:|1700344420\n|move|p2b: Palafin|Flip Turn|p1b: Garganacl\n|-damage|p1b: Garganacl|42\/100\n|-enditem|p1b: Garganacl|Sitrus Berry|[eat]\n|-heal|p1b: Garganacl|66\/100|[from] item: Sitrus Berry\n|\n|t:|1700344430\n|detailschange|p2b: Palafin|Palafin-Hero, L50, M\n|switch|p2b: Heatran|Heatran, L50, M|100\/100|[from] Flip Turn\n|move|p1a: Tornadus|Bleakwind Storm|p2b: Heatran|[spread] p2a,p2b\n|-resisted|p2b: Heatran\n|-damage|p2a: Slowking|74\/100\n|-damage|p2b: Heatran|91\/100\n|move|p1b: Garganacl|Iron Defense|p1b: Garganacl\n|-boost|p1b: Garganacl|def|2\n|move|p2a: Slowking|Psychic|p1b: Garganacl\n|-damage|p1b: Garganacl|44\/100\n|\n|-heal|p2a: Slowking|80\/100|[from] item: Leftovers\n|upkeep\n|turn|3\n|\n|t:|1700344450\n|move|p1a: Tornadus|Tailwind|p1a: Tornadus\n|-sidestart|p1: Knzhzkz|move: Tailwind\n|move|p1b: Garganacl|Recover|p1b: Garganacl\n|-heal|p1b: Garganacl|94\/100\n|move|p2b: Heatran|Heat Wave|p1a: Tornadus|[spread] p1a,p1b\n|-damage|p1a: Tornadus|68\/100\n|-damage|p1b: Garganacl|66\/100\n|move|p2a: Slowking|Sludge Bomb|p1a: Tornadus\n|-damage|p1a: Tornadus|44\/100\n|\n|-heal|p2a: Slowking|86\/100|[from] item: Leftovers\n|-end|p2a: Slowking|move: Taunt\n|upkeep\n|turn|4\n|\n|t:|1700344464\n|move|p1a: Tornadus|Taunt|p2a: Slowking\n|-start|p2a: Slowking|move: Taunt\n|move|p1b: Garganacl|Salt Cure|p2b: Heatran\n|-crit|p2b: Heatran\n|-damage|p2b: Heatran|74\/100\n|-start|p2b: Heatran|Salt Cure\n|move|p2b: Heatran|Heat Wave|p1b: Garganacl|[spread] p1b\n|-miss|p2b: Heatran|p1a: Tornadus\n|-damage|p1b: Garganacl|41\/100\n|move|p2a: Slowking|Sludge Bomb|p1a: Tornadus\n|-damage|p1a: Tornadus|18\/100\n|\n|-heal|p2a: Slowking|92\/100|[from] item: Leftovers\n|-damage|p2b: Heatran|49\/100|[from] Salt Cure\n|upkeep\n|turn|5\n|\n|t:|1700344480\n|switch|p2b: Sinistcha|Sinistcha-Masterpiece, L50|100\/100\n|-heal|p2a: Slowking|100\/100|[from] ability: Hospitality|[of] p2b: Sinistcha\n|move|p1a: Tornadus|Bleakwind Storm|p2b: Sinistcha|[spread] p2b\n|-miss|p1a: Tornadus|p2a: Slowking\n|-supereffective|p2b: Sinistcha\n|-damage|p2b: Sinistcha|25\/100\n|move|p1b: Garganacl|Recover|p1b: Garganacl\n|-heal|p1b: Garganacl|91\/100\n|move|p2a: Slowking|Sludge Bomb|p1a: Tornadus\n|-damage|p1a: Tornadus|0 fnt\n|faint|p1a: Tornadus\n|\n|upkeep\n|\n|t:|1700344496\n|switch|p1a: Flutter Mane|Flutter Mane, L50|100\/100\n|-enditem|p1a: Flutter Mane|Booster Energy\n|-activate|p1a: Flutter Mane|ability: Protosynthesis|[fromitem]\n|-start|p1a: Flutter Mane|protosynthesisspe\n|turn|6\n|\n|t:|1700344509\n|switch|p2b: Heatran|Heatran, L50, M|49\/100\n|move|p1a: Flutter Mane|Substitute|p1a: Flutter Mane\n|-start|p1a: Flutter Mane|Substitute\n|-damage|p1a: Flutter Mane|76\/100\n|move|p1b: Garganacl|Salt Cure|p2b: Heatran\n|-damage|p2b: Heatran|37\/100\n|-start|p2b: Heatran|Salt Cure\n|move|p2a: Slowking|Sludge Bomb|p1a: Flutter Mane\n|-crit|p1a: Flutter Mane\n|-end|p1a: Flutter Mane|Substitute\n|\n|-damage|p2b: Heatran|13\/100|[from] Salt Cure\n|-end|p2a: Slowking|move: Taunt\n|-sideend|p1: Knzhzkz|move: Tailwind\n|upkeep\n|turn|7\n|\n|t:|1700344532\n|move|p1a: Flutter Mane|Protect|p1a: Flutter Mane\n|-singleturn|p1a: Flutter Mane|Protect\n|move|p2b: Heatran|Heat Wave|p1b: Garganacl|[spread] p1b\n|-activate|p1a: Flutter Mane|move: Protect\n|-damage|p1b: Garganacl|67\/100\n|move|p1b: Garganacl|Salt Cure|p2a: Slowking\n|-damage|p2a: Slowking|90\/100\n|-start|p2a: Slowking|Salt Cure\n|move|p2a: Slowking|Heal Pulse|p2b: Heatran\n|-heal|p2b: Heatran|63\/100\n|\n|-heal|p2a: Slowking|96\/100|[from] item: Leftovers\n|-damage|p2b: Heatran|38\/100|[from] Salt Cure\n|-damage|p2a: Slowking|83\/100|[from] Salt Cure\n|upkeep\n|turn|8\n|\n|t:|1700344553\n|switch|p2a: Sinistcha|Sinistcha-Masterpiece, L50|25\/100\n|-heal|p2b: Heatran|63\/100|[from] ability: Hospitality|[of] p2a: Sinistcha\n|move|p1a: Flutter Mane|Shadow Ball|p2a: Sinistcha\n|-supereffective|p2a: Sinistcha\n|-damage|p2a: Sinistcha|0 fnt\n|faint|p2a: Sinistcha\n|move|p2b: Heatran|Flash Cannon|p1a: Flutter Mane\n|-supereffective|p1a: Flutter Mane\n|-damage|p1a: Flutter Mane|0 fnt\n|faint|p1a: Flutter Mane\n|-end|p1a: Flutter Mane|Protosynthesis|[silent]\n|move|p1b: Garganacl|Recover|p1b: Garganacl\n|-heal|p1b: Garganacl|100\/100\n|\n|-damage|p2b: Heatran|38\/100|[from] Salt Cure\n|upkeep\n|\n|t:|1700344574\n|switch|p1a: Rillaboom|Rillaboom, L50, F|100\/100\n|switch|p2a: Slowking|Slowking-Galar, L50, M|100\/100\n|-fieldstart|move: Grassy Terrain|[from] ability: Grassy Surge|[of] p1a: Rillaboom\n|turn|9\n|\n|t:|1700344585\n|switch|p2b: Palafin|Palafin-Hero, L50, M|40\/100\n|-activate|p2b: Palafin|ability: Zero to Hero\n|move|p1a: Rillaboom|Drain Punch|p2b: Palafin\n|-damage|p2b: Palafin|9\/100\n|move|p1b: Garganacl|Salt Cure|p2a: Slowking\n|-damage|p2a: Slowking|90\/100\n|-start|p2a: Slowking|Salt Cure\n|move|p2a: Slowking|Heal Pulse|p2b: Palafin\n|-heal|p2b: Palafin|59\/100\n|\n|-heal|p2b: Palafin|65\/100|[from] Grassy Terrain\n|-heal|p2a: Slowking|96\/100|[from] Grassy Terrain\n|-heal|p2a: Slowking|100\/100|[from] item: Leftovers\n|-damage|p2a: Slowking|88\/100|[from] Salt Cure\n|upkeep\n|turn|10\n|\n|t:|1700344601\n|move|p2b: Palafin|Protect|p2b: Palafin\n|-singleturn|p2b: Palafin|Protect\n|move|p1a: Rillaboom|Grassy Glide|p2b: Palafin\n|-activate|p2b: Palafin|move: Protect\n|move|p1b: Garganacl|Salt Cure|p2b: Palafin\n|-activate|p2b: Palafin|move: Protect\n|move|p2a: Slowking|Sludge Bomb|p1a: Rillaboom\n|-supereffective|p1a: Rillaboom\n|-damage|p1a: Rillaboom|44\/100\n|\n|-heal|p2b: Palafin|72\/100|[from] Grassy Terrain\n|-heal|p1a: Rillaboom|50\/100|[from] Grassy Terrain\n|-heal|p2a: Slowking|94\/100|[from] Grassy Terrain\n|-heal|p2a: Slowking|99\/100|[from] item: Leftovers\n|-damage|p2a: Slowking|88\/100|[from] Salt Cure\n|upkeep\n|turn|11\n|\n|t:|1700344617\n|switch|p2b: Heatran|Heatran, L50, M|38\/100\n|move|p1a: Rillaboom|Drain Punch|p2b: Heatran\n|-supereffective|p2b: Heatran\n|-damage|p2b: Heatran|0 fnt\n|-heal|p1a: Rillaboom|68\/100|[from] drain|[of] p2b: Heatran\n|faint|p2b: Heatran\n|move|p1b: Garganacl|Salt Cure|p2a: Slowking\n|-damage|p2a: Slowking|77\/100\n|move|p2a: Slowking|Sludge Bomb|p1a: Rillaboom\n|-supereffective|p1a: Rillaboom\n|-damage|p1a: Rillaboom|19\/100\n|-status|p1a: Rillaboom|psn\n|\n|-heal|p1a: Rillaboom|25\/100 psn|[from] Grassy Terrain\n|-heal|p2a: Slowking|83\/100|[from] Grassy Terrain\n|-heal|p2a: Slowking|89\/100|[from] item: Leftovers\n|-damage|p1a: Rillaboom|13\/100 psn|[from] psn\n|-damage|p2a: Slowking|77\/100|[from] Salt Cure\n|upkeep\n|\n|t:|1700344628\n|switch|p2b: Palafin|Palafin-Hero, L50, M|72\/100\n|turn|12\n|inactive|Bhaktapus has 30 seconds left.\n|\n|t:|1700344654\n|move|p2b: Palafin|Protect|p2b: Palafin\n|-singleturn|p2b: Palafin|Protect\n|move|p1a: Rillaboom|Wood Hammer|p2a: Slowking\n|-resisted|p2a: Slowking\n|-damage|p2a: Slowking|43\/100\n|-damage|p1a: Rillaboom|2\/100 psn|[from] Recoil\n|move|p1b: Garganacl|Iron Defense|p1b: Garganacl\n|-boost|p1b: Garganacl|def|2\n|move|p2a: Slowking|Sludge Bomb|p1a: Rillaboom\n|-supereffective|p1a: Rillaboom\n|-damage|p1a: Rillaboom|0 fnt\n|faint|p1a: Rillaboom\n|\n|-heal|p2b: Palafin|78\/100|[from] Grassy Terrain\n|-heal|p2a: Slowking|49\/100|[from] Grassy Terrain\n|-heal|p2a: Slowking|55\/100|[from] item: Leftovers\n|-damage|p2a: Slowking|43\/100|[from] Salt Cure\n|upkeep\n|turn|13\n|\n|t:|1700344667\n|-terastallize|p2b: Palafin|Water\n|move|p1b: Garganacl|Protect|p1b: Garganacl\n|-singleturn|p1b: Garganacl|Protect\n|move|p2b: Palafin|Wave Crash|p1b: Garganacl\n|-activate|p1b: Garganacl|move: Protect\n|move|p2a: Slowking|Heal Pulse|p2b: Palafin\n|-heal|p2b: Palafin|100\/100\n|\n|-heal|p2a: Slowking|49\/100|[from] Grassy Terrain\n|-heal|p2a: Slowking|54\/100|[from] item: Leftovers\n|-damage|p2a: Slowking|42\/100|[from] Salt Cure\n|-fieldend|move: Grassy Terrain\n|upkeep\n|turn|14\n|\n|t:|1700344678\n|move|p2b: Palafin|Wave Crash|p1b: Garganacl\n|-damage|p1b: Garganacl|71\/100\n|-damage|p2b: Palafin|89\/100|[from] Recoil\n|move|p1b: Garganacl|Iron Defense|p1b: Garganacl\n|-boost|p1b: Garganacl|def|2\n|move|p2a: Slowking|Psychic|p1b: Garganacl\n|-damage|p1b: Garganacl|48\/100\n|\n|-heal|p2a: Slowking|48\/100|[from] item: Leftovers\n|-damage|p2a: Slowking|36\/100|[from] Salt Cure\n|upkeep\n|turn|15\n|\n|t:|1700344690\n|move|p1b: Garganacl|Protect|p1b: Garganacl\n|-singleturn|p1b: Garganacl|Protect\n|move|p2b: Palafin|Wave Crash|p1b: Garganacl\n|-activate|p1b: Garganacl|move: Protect\n|move|p2a: Slowking|Psychic|p1b: Garganacl\n|-activate|p1b: Garganacl|move: Protect\n|\n|-heal|p2a: Slowking|42\/100|[from] item: Leftovers\n|-damage|p2a: Slowking|29\/100|[from] Salt Cure\n|upkeep\n|turn|16\n|\n|t:|1700344695\n|move|p2b: Palafin|Wave Crash|p1b: Garganacl\n|-damage|p1b: Garganacl|26\/100\n|-damage|p2b: Palafin|81\/100|[from] Recoil\n|move|p1b: Garganacl|Recover|p1b: Garganacl\n|-heal|p1b: Garganacl|76\/100\n|move|p2a: Slowking|Psychic|p1b: Garganacl\n|-damage|p1b: Garganacl|52\/100\n|\n|-heal|p2a: Slowking|35\/100|[from] item: Leftovers\n|-damage|p2a: Slowking|23\/100|[from] Salt Cure\n|upkeep\n|turn|17\n|\n|t:|1700344714\n|move|p1b: Garganacl|Protect|p1b: Garganacl\n|-singleturn|p1b: Garganacl|Protect\n|move|p2b: Palafin|Wave Crash|p1b: Garganacl\n|-activate|p1b: Garganacl|move: Protect\n|move|p2a: Slowking|Heal Pulse|p2b: Palafin\n|-heal|p2b: Palafin|100\/100\n|\n|-heal|p2a: Slowking|29\/100|[from] item: Leftovers\n|-damage|p2a: Slowking|16\/100|[from] Salt Cure\n|upkeep\n|turn|18\n|\n|t:|1700344723\n|move|p2b: Palafin|Wave Crash|p1b: Garganacl\n|-damage|p1b: Garganacl|30\/100\n|-damage|p2b: Palafin|92\/100|[from] Recoil\n|move|p1b: Garganacl|Recover|p1b: Garganacl\n|-heal|p1b: Garganacl|81\/100\n|move|p2a: Slowking|Psychic|p1b: Garganacl\n|-damage|p1b: Garganacl|59\/100\n|\n|-heal|p2a: Slowking|22\/100|[from] item: Leftovers\n|-damage|p2a: Slowking|10\/100|[from] Salt Cure\n|upkeep\n|turn|19\n|inactive|Bhaktapus has 30 seconds left.\n|\n|t:|1700344751\n|move|p1b: Garganacl|Protect|p1b: Garganacl\n|-singleturn|p1b: Garganacl|Protect\n|move|p2b: Palafin|Wave Crash|p1b: Garganacl\n|-activate|p1b: Garganacl|move: Protect\n|move|p2a: Slowking|Sludge Bomb|p1b: Garganacl\n|-activate|p1b: Garganacl|move: Protect\n|\n|-heal|p2a: Slowking|16\/100|[from] item: Leftovers\n|-damage|p2a: Slowking|3\/100|[from] Salt Cure\n|upkeep\n|turn|20\n|\n|t:|1700344756\n|move|p2b: Palafin|Wave Crash|p1b: Garganacl\n|-damage|p1b: Garganacl|37\/100\n|-damage|p2b: Palafin|83\/100|[from] Recoil\n|move|p1b: Garganacl|Recover|p1b: Garganacl\n|-heal|p1b: Garganacl|87\/100\n|move|p2a: Slowking|Sludge Bomb|p1b: Garganacl\n|-resisted|p1b: Garganacl\n|-damage|p1b: Garganacl|76\/100\n|\n|-heal|p2a: Slowking|9\/100|[from] item: Leftovers\n|-damage|p2a: Slowking|0 fnt|[from] Salt Cure\n|faint|p2a: Slowking\n|upkeep\n|turn|21\n|\n|t:|1700344774\n|move|p1b: Garganacl|Protect|p1b: Garganacl\n|-singleturn|p1b: Garganacl|Protect\n|move|p2b: Palafin|Flip Turn|p1b: Garganacl\n|-activate|p1b: Garganacl|move: Protect\n|\n|upkeep\n|turn|22\n|\n|t:|1700344781\n|move|p2b: Palafin|Flip Turn|p1b: Garganacl\n|-damage|p1b: Garganacl|64\/100\n|move|p1b: Garganacl|Salt Cure|p2b: Palafin\n|-damage|p2b: Palafin|68\/100\n|-start|p2b: Palafin|Salt Cure\n|\n|-damage|p2b: Palafin|43\/100|[from] Salt Cure\n|upkeep\n|turn|23\n|\n|t:|1700344788\n|move|p1b: Garganacl|Protect|p1b: Garganacl\n|-singleturn|p1b: Garganacl|Protect\n|move|p2b: Palafin|Wave Crash|p1b: Garganacl\n|-activate|p1b: Garganacl|move: Protect\n|\n|-damage|p2b: Palafin|18\/100|[from] Salt Cure\n|upkeep\n|turn|24\n|\n|t:|1700344791\n|move|p2b: Palafin|Wave Crash|p1b: Garganacl\n|-damage|p1b: Garganacl|40\/100\n|-damage|p2b: Palafin|8\/100|[from] Recoil\n|move|p1b: Garganacl|Recover|p1b: Garganacl\n|-heal|p1b: Garganacl|90\/100\n|\n|-damage|p2b: Palafin|0 fnt|[from] Salt Cure\n|faint|p2b: Palafin\n|\n|win|Knzhzkz\n|upkeep\n|raw|Knzhzkz's rating: 1118 &rarr; <strong>1139<\/strong><br \/>(+21 for winning)\n|raw|Bhaktapus's rating: 1063 &rarr; <strong>1047<\/strong><br \/>(-16 for losing)\n|l|\u2606Bhaktapus\n","uploadtime":1700344798,"views":7,"p1id":"knzhzkz","p2id":"bhaktapus","formatid":"gen9vgc2023regulatione","rating":1047,"private":0,"password":""}