{"id":"gen9vgc2023regulatione-1994053275","p1":"orangezesty VGC","p2":"Papa lays","format":"[Gen 9] VGC 2023 Regulation E","log":"|j|\u2606orangezesty VGC\n|j|\u2606Papa lays\n|t:|1700400405\n|gametype|doubles\n|player|p1|orangezesty VGC|elesa|1314\n|player|p2|Papa lays|2|1393\n|teamsize|p1|6\n|teamsize|p2|6\n|gen|9\n|tier|[Gen 9] VGC 2023 Regulation E\n|rated|\n|rule|Species Clause: Limit one of each Pok\u00e9mon\n|rule|Item Clause: Limit one of each item\n|clearpoke\n|poke|p1|Tornadus, L50, M|\n|poke|p1|Chien-Pao, L50|\n|poke|p1|Sneasler, L50, M|\n|poke|p1|Armarouge, L50, F|\n|poke|p1|Urshifu-*, L50, F|\n|poke|p1|Indeedee-F, L50, F|\n|poke|p2|Fezandipiti, L50, M|\n|poke|p2|Sinistcha-Masterpiece, L50|\n|poke|p2|Politoed, L50, F|\n|poke|p2|Mudsdale, L50, M|\n|poke|p2|Ogerpon-Wellspring, L50, F|\n|poke|p2|Regieleki, L50|\n|teampreview|4\n|inactive|Battle timer is ON: inactive players will automatically lose when time's up. (requested by Papa lays)\n|inactive|orangezesty VGC also wants the timer to be on.\n|inactive|orangezesty VGC has 60 seconds left.\n|inactive|Papa lays has 60 seconds left.\n|inactive|Papa lays has 30 seconds left.\n|\n|t:|1700400473\n|start\n|switch|p1a: Snowleo|Chien-Pao, L50|100\/100\n|switch|p1b: Kuma|Urshifu-Rapid-Strike, L50, F|100\/100\n|switch|p2a: Fezandipiti|Fezandipiti, L50, M|100\/100\n|switch|p2b: Mudsdale|Mudsdale, L50, M|100\/100\n|-ability|p1a: Snowleo|Sword of Ruin\n|turn|1\n|\n|t:|1700400495\n|switch|p2b: Sinistcha|Sinistcha-Masterpiece, L50|100\/100\n|-terastallize|p1b: Kuma|Water\n|move|p1a: Snowleo|Protect|p1a: Snowleo\n|-singleturn|p1a: Snowleo|Protect\n|move|p1b: Kuma|Surging Strikes|p2b: Sinistcha\n|-resisted|p2b: Sinistcha\n|-crit|p2b: Sinistcha\n|-damage|p2b: Sinistcha|85\/100\n|-damage|p1b: Kuma|84\/100|[from] item: Rocky Helmet|[of] p2b: Sinistcha\n|-resisted|p2b: Sinistcha\n|-crit|p2b: Sinistcha\n|-damage|p2b: Sinistcha|68\/100\n|-damage|p1b: Kuma|68\/100|[from] item: Rocky Helmet|[of] p2b: Sinistcha\n|-resisted|p2b: Sinistcha\n|-crit|p2b: Sinistcha\n|-damage|p2b: Sinistcha|50\/100\n|-damage|p1b: Kuma|51\/100|[from] item: Rocky Helmet|[of] p2b: Sinistcha\n|-hitcount|p2b: Sinistcha|3\n|move|p2a: Fezandipiti|Dazzling Gleam|p1a: Snowleo|[spread] p1b\n|-activate|p1a: Snowleo|move: Protect\n|-damage|p1b: Kuma|29\/100\n|\n|upkeep\n|turn|2\n|inactive|Papa lays has 30 seconds left.\n|inactive|Papa lays has 20 seconds left.\n|inactive|Papa lays has 15 seconds left.\n|\n|t:|1700400540\n|move|p2b: Sinistcha|Rage Powder|p2b: Sinistcha\n|-singleturn|p2b: Sinistcha|move: Rage Powder\n|move|p1b: Kuma|Surging Strikes|p2b: Sinistcha\n|-resisted|p2b: Sinistcha\n|-crit|p2b: Sinistcha\n|-damage|p2b: Sinistcha|32\/100\n|-damage|p1b: Kuma|13\/100|[from] item: Rocky Helmet|[of] p2b: Sinistcha\n|-resisted|p2b: Sinistcha\n|-crit|p2b: Sinistcha\n|-damage|p2b: Sinistcha|16\/100\n|-damage|p1b: Kuma|0 fnt|[from] item: Rocky Helmet|[of] p2b: Sinistcha\n|faint|p1b: Kuma\n|-hitcount|p2b: Sinistcha|2\n|move|p1a: Snowleo|Icicle Crash|p2b: Sinistcha\n|-supereffective|p2b: Sinistcha\n|-damage|p2b: Sinistcha|0 fnt\n|faint|p2b: Sinistcha\n|-damage|p1a: Snowleo|91\/100|[from] item: Life Orb\n|move|p2a: Fezandipiti|Dazzling Gleam|p1a: Snowleo\n|-supereffective|p1a: Snowleo\n|-damage|p1a: Snowleo|25\/100\n|\n|upkeep\n|\n|t:|1700400559\n|switch|p1b: Yuko|Sneasler, L50, M|100\/100\n|switch|p2b: Mudsdale|Mudsdale, L50, M|100\/100\n|turn|3\n|inactive|Papa lays has 30 seconds left.\n|inactive|Papa lays has 20 seconds left.\n|inactive|Papa lays has 15 seconds left.\n|\n|t:|1700400601\n|-terastallize|p2b: Mudsdale|Steel\n|move|p1a: Snowleo|Icicle Crash|p2b: Mudsdale\n|-resisted|p2b: Mudsdale\n|-damage|p2b: Mudsdale|71\/100\n|-ability|p2b: Mudsdale|Stamina|boost\n|-boost|p2b: Mudsdale|def|1\n|-damage|p1a: Snowleo|16\/100|[from] item: Life Orb\n|move|p1b: Yuko|Dire Claw|p2a: Fezandipiti\n|-damage|p2a: Fezandipiti|58\/100\n|move|p2a: Fezandipiti|Beat Up|p2b: Mudsdale\n|-damage|p2b: Mudsdale|68\/100\n|-ability|p2b: Mudsdale|Stamina|boost\n|-boost|p2b: Mudsdale|def|1\n|-damage|p2b: Mudsdale|66\/100\n|-ability|p2b: Mudsdale|Stamina|boost\n|-boost|p2b: Mudsdale|def|1\n|-damage|p2b: Mudsdale|64\/100\n|-ability|p2b: Mudsdale|Stamina|boost\n|-boost|p2b: Mudsdale|def|1\n|-hitcount|p2b: Mudsdale|3\n|move|p2b: Mudsdale|Heavy Slam|p1b: Yuko\n|-damage|p1b: Yuko|8\/100\n|\n|upkeep\n|turn|4\n|inactive|Papa lays has 30 seconds left.\n|\n|t:|1700400630\n|move|p1a: Snowleo|Icicle Crash|p2a: Fezandipiti\n|-damage|p2a: Fezandipiti|7\/100\n|-enditem|p2a: Fezandipiti|Sitrus Berry|[eat]\n|-heal|p2a: Fezandipiti|31\/100|[from] item: Sitrus Berry\n|-damage|p1a: Snowleo|6\/100|[from] item: Life Orb\n|move|p1b: Yuko|Close Combat|p2b: Mudsdale\n|-supereffective|p2b: Mudsdale\n|-damage|p2b: Mudsdale|12\/100\n|-unboost|p1b: Yuko|def|1\n|-unboost|p1b: Yuko|spd|1\n|-ability|p2b: Mudsdale|Stamina|boost\n|-boost|p2b: Mudsdale|def|1\n|cant|p2a: Fezandipiti|flinch\n|move|p2b: Mudsdale|Rock Slide|p1b: Yuko|[spread] p1a,p1b\n|-supereffective|p1a: Snowleo\n|-resisted|p1b: Yuko\n|-damage|p1a: Snowleo|0 fnt\n|-damage|p1b: Yuko|0 fnt\n|faint|p1a: Snowleo\n|faint|p1b: Yuko\n|\n|upkeep\n|inactive|orangezesty VGC has 30 seconds left.\n|inactive|orangezesty VGC has 20 seconds left.\n|inactive|orangezesty VGC has 15 seconds left.\n|inactive|orangezesty VGC has 10 seconds left.\n|inactive|orangezesty VGC has 5 seconds left.\n|\n|t:|1700400685\n|switch|p1a: Rem|Indeedee-F, L50, F|100\/100\n|-fieldstart|move: Psychic Terrain|[from] ability: Psychic Surge|[of] p1a: Rem\n|turn|5\n|\n|t:|1700400698\n|move|p1a: Rem|Protect|p1a: Rem\n|-singleturn|p1a: Rem|Protect\n|move|p2a: Fezandipiti|Roost|p2a: Fezandipiti\n|-heal|p2a: Fezandipiti|82\/100\n|-singleturn|p2a: Fezandipiti|move: Roost\n|move|p2b: Mudsdale|Body Press|p1a: Rem\n|-activate|p1a: Rem|move: Protect\n|\n|upkeep\n|turn|6\n|inactive|orangezesty VGC has 30 seconds left.\n|\n|t:|1700400726\n|move|p2a: Fezandipiti|Dazzling Gleam|p1a: Rem\n|-damage|p1a: Rem|79\/100\n|move|p1a: Rem|Psyshock|p2b: Mudsdale\n|-resisted|p2b: Mudsdale\n|-damage|p2b: Mudsdale|7\/100\n|-ability|p2b: Mudsdale|Stamina|boost\n|-boost|p2b: Mudsdale|def|1\n|move|p2b: Mudsdale|Body Press|p1a: Rem\n|-damage|p1a: Rem|0 fnt\n|-damage|p2b: Mudsdale|0 fnt|[from] item: Rocky Helmet|[of] p1a: Rem\n|faint|p1a: Rem\n|faint|p2b: Mudsdale\n|\n|win|Papa lays\n|raw|orangezesty VGC's rating: 1314 &rarr; <strong>1298<\/strong><br \/>(-16 for losing)\n|raw|Papa lays's rating: 1393 &rarr; <strong>1409<\/strong><br \/>(+16 for winning)\n|c|\u2606Papa lays|gg\n|c|\u2606orangezesty VGC|Bro my rating \ud83d\ude2d\n|l|\u2606orangezesty VGC\n","uploadtime":1700400894,"views":6,"p1id":"orangezestyvgc","p2id":"papalays","formatid":"gen9vgc2023regulatione","rating":1298,"private":0,"password":""}