{"id":"gen9vgc2023regulatione-2000128592","p1":"It4li4n St4llion","p2":"pap869","format":"[Gen 9] VGC 2023 Regulation E","log":"|j|\u2606It4li4n St4llion\n|j|\u2606pap869\n|t:|1701159944\n|gametype|doubles\n|player|p1|It4li4n St4llion|clemont|1104\n|player|p2|pap869|265|1080\n|teamsize|p1|6\n|teamsize|p2|6\n|gen|9\n|tier|[Gen 9] VGC 2023 Regulation E\n|rated|\n|rule|Species Clause: Limit one of each Pok\u00e9mon\n|rule|Item Clause: Limit one of each item\n|clearpoke\n|poke|p1|Rillaboom, L50, M|\n|poke|p1|Chien-Pao, L50|\n|poke|p1|Heatran, L50, M|\n|poke|p1|Enamorus, L50, F|\n|poke|p1|Farigiraf, L50, F|\n|poke|p1|Clodsire, L50, M|\n|poke|p2|Iron Hands, L50|\n|poke|p2|Tornadus, L50, M|\n|poke|p2|Arcanine-Hisui, L50, F|\n|poke|p2|Chien-Pao, L50|\n|poke|p2|Rillaboom, L50, M|\n|poke|p2|Amoonguss, L50, M|\n|teampreview|4\nIt4li4n St4llion has agreed to open team sheets.\n|inactive|Battle timer is ON: inactive players will automatically lose when time's up. (requested by It4li4n St4llion)\n|\n|t:|1701159970\n|start\n|switch|p1a: Rillaboom|Rillaboom, L50, M|100\/100\n|switch|p1b: Enamorus|Enamorus, L50, F|100\/100\n|switch|p2a: Tornadus|Tornadus, L50, M|100\/100\n|switch|p2b: Arcanine|Arcanine-Hisui, L50, F|100\/100\n|-ability|p2b: Arcanine|Intimidate|boost\n|-unboost|p1a: Rillaboom|atk|1\n|-boost|p1b: Enamorus|atk|1\n|-fieldstart|move: Grassy Terrain|[from] ability: Grassy Surge|[of] p1a: Rillaboom\n|turn|1\n|inactive|It4li4n St4llion has 30 seconds left.\n|inactive|pap869 has 30 seconds left.\n|\n|t:|1701160002\n|move|p1a: Rillaboom|Fake Out|p2b: Arcanine\n|-resisted|p2b: Arcanine\n|-damage|p2b: Arcanine|95\/100\n|move|p2a: Tornadus|Tailwind|p2a: Tornadus\n|-sidestart|p2: pap869|move: Tailwind\n|cant|p2b: Arcanine|flinch\n|move|p1b: Enamorus|Superpower|p2b: Arcanine\n|-supereffective|p2b: Arcanine\n|-damage|p2b: Arcanine|0 fnt\n|-boost|p1b: Enamorus|atk|1\n|-boost|p1b: Enamorus|def|1\n|faint|p2b: Arcanine\n|\n|upkeep\n|\n|t:|1701160020\n|switch|p2b: Amoonguss|Amoonguss, L50, M|100\/100\n|turn|2\n|inactive|It4li4n St4llion has 30 seconds left.\n|\n|t:|1701160051\n|move|p1a: Rillaboom|Grassy Glide|p2a: Tornadus\n|-resisted|p2a: Tornadus\n|-damage|p2a: Tornadus|81\/100\n|move|p2a: Tornadus|Bleakwind Storm|p1b: Enamorus|[spread] p1a,p1b\n|-supereffective|p1a: Rillaboom\n|-damage|p1a: Rillaboom|23\/100\n|-damage|p1b: Enamorus|66\/100\n|-unboost|p1a: Rillaboom|spe|1\n|move|p1b: Enamorus|Dazzling Gleam|p2a: Tornadus|[spread] p2a,p2b\n|-resisted|p2b: Amoonguss\n|-damage|p2a: Tornadus|60\/100\n|-damage|p2b: Amoonguss|90\/100\n|move|p2b: Amoonguss|Spore|p1b: Enamorus\n|-status|p1b: Enamorus|slp|[from] move: Spore\n|\n|-heal|p2b: Amoonguss|96\/100|[from] Grassy Terrain\n|-heal|p1a: Rillaboom|29\/100|[from] Grassy Terrain\n|upkeep\n|turn|3\n|inactive|It4li4n St4llion has 30 seconds left.\n|\n|t:|1701160078\n|move|p1a: Rillaboom|Grassy Glide|p2a: Tornadus\n|-resisted|p2a: Tornadus\n|-damage|p2a: Tornadus|40\/100\n|move|p2a: Tornadus|Bleakwind Storm|p1a: Rillaboom|[spread] p1a,p1b\n|-supereffective|p1a: Rillaboom\n|-damage|p1a: Rillaboom|0 fnt\n|-damage|p1b: Enamorus|29\/100 slp\n|-enditem|p1b: Enamorus|Sitrus Berry|[eat]\n|-heal|p1b: Enamorus|54\/100 slp|[from] item: Sitrus Berry\n|faint|p1a: Rillaboom\n|cant|p1b: Enamorus|slp\n|move|p2b: Amoonguss|Pollen Puff|p2a: Tornadus\n|-heal|p2a: Tornadus|90\/100\n|\n|-heal|p2b: Amoonguss|100\/100|[from] Grassy Terrain\n|upkeep\n|inactive|It4li4n St4llion has 30 seconds left.\n|\n|t:|1701160103\n|switch|p1a: Chien-Pao|Chien-Pao, L50|100\/100\n|-ability|p1a: Chien-Pao|Sword of Ruin\n|turn|4\n|\n|t:|1701160121\n|move|p2a: Tornadus|Protect|p2a: Tornadus\n|-singleturn|p2a: Tornadus|Protect\n|move|p1a: Chien-Pao|Protect|p1a: Chien-Pao\n|-singleturn|p1a: Chien-Pao|Protect\n|-curestatus|p1b: Enamorus|slp|[msg]\n|move|p1b: Enamorus|Superpower|p2b: Amoonguss\n|-resisted|p2b: Amoonguss\n|-damage|p2b: Amoonguss|62\/100\n|-boost|p1b: Enamorus|atk|1\n|-boost|p1b: Enamorus|def|1\n|-damage|p1b: Enamorus|38\/100|[from] item: Rocky Helmet|[of] p2b: Amoonguss\n|move|p2b: Amoonguss|Spore|p1a: Chien-Pao\n|-activate|p1a: Chien-Pao|move: Protect\n|\n|-heal|p2b: Amoonguss|68\/100|[from] Grassy Terrain\n|-sideend|p2: pap869|move: Tailwind\n|upkeep\n|turn|5\n|\n|t:|1701160143\n|move|p2a: Tornadus|Tailwind|p2a: Tornadus\n|-sidestart|p2: pap869|move: Tailwind\n|move|p1a: Chien-Pao|Icicle Crash|p2b: Amoonguss\n|-supereffective|p2b: Amoonguss\n|-damage|p2b: Amoonguss|0 fnt\n|faint|p2b: Amoonguss\n|move|p1b: Enamorus|Superpower|p2a: Tornadus\n|-resisted|p2a: Tornadus\n|-damage|p2a: Tornadus|27\/100\n|-boost|p1b: Enamorus|atk|1\n|-boost|p1b: Enamorus|def|1\n|\n|-fieldend|move: Grassy Terrain\n|upkeep\n|\n|t:|1701160154\n|switch|p2b: Rillaboom|Rillaboom, L50, M|100\/100\n|-fieldstart|move: Grassy Terrain|[from] ability: Grassy Surge|[of] p2b: Rillaboom\n|turn|6\n|inactive|It4li4n St4llion has 30 seconds left.\n|\n|t:|1701160184\n|move|p1a: Chien-Pao|Protect|p1a: Chien-Pao\n|-singleturn|p1a: Chien-Pao|Protect\n|move|p2b: Rillaboom|Fake Out|p1a: Chien-Pao\n|-activate|p1a: Chien-Pao|move: Protect\n|move|p2a: Tornadus|Bleakwind Storm|p1a: Chien-Pao|[spread] p1b\n|-activate|p1a: Chien-Pao|move: Protect\n|-damage|p1b: Enamorus|0 fnt\n|faint|p1b: Enamorus\n|\n|upkeep\n|\n|t:|1701160193\n|switch|p1b: Heatran|Heatran, L50, M|100\/100\n|turn|7\n|inactive|It4li4n St4llion has 30 seconds left.\n|inactive|pap869 has 30 seconds left.\n|inactive|pap869 has 20 seconds left.\n|\n|t:|1701160229\n|-terastallize|p2b: Rillaboom|Fire\n|move|p2a: Tornadus|Bleakwind Storm|p1b: Heatran|[spread] \n|-miss|p2a: Tornadus|p1a: Chien-Pao\n|-miss|p2a: Tornadus|p1b: Heatran\n|move|p2b: Rillaboom|High Horsepower|p1b: Heatran\n|-supereffective|p1b: Heatran\n|-damage|p1b: Heatran|0 fnt\n|faint|p1b: Heatran\n|move|p1a: Chien-Pao|Icicle Crash|p2b: Rillaboom\n|-resisted|p2b: Rillaboom\n|-damage|p2b: Rillaboom|71\/100\n|\n|-heal|p2b: Rillaboom|77\/100|[from] Grassy Terrain\n|upkeep\n|turn|8\n|\n|t:|1701160246\n|move|p1a: Chien-Pao|Protect|p1a: Chien-Pao\n|-singleturn|p1a: Chien-Pao|Protect\n|move|p2a: Tornadus|Bleakwind Storm|p1a: Chien-Pao\n|-activate|p1a: Chien-Pao|move: Protect\n|move|p2b: Rillaboom|High Horsepower|p1a: Chien-Pao\n|-activate|p1a: Chien-Pao|move: Protect\n|\n|-heal|p2b: Rillaboom|82\/100|[from] Grassy Terrain\n|-sideend|p2: pap869|move: Tailwind\n|upkeep\n|turn|9\n|\n|t:|1701160259\n|move|p1a: Chien-Pao|Icicle Crash|p2a: Tornadus\n|-supereffective|p2a: Tornadus\n|-damage|p2a: Tornadus|0 fnt\n|faint|p2a: Tornadus\n|move|p2b: Rillaboom|High Horsepower|p1a: Chien-Pao\n|-damage|p1a: Chien-Pao|50\/100\n|\n|-heal|p1a: Chien-Pao|56\/100|[from] Grassy Terrain\n|-heal|p2b: Rillaboom|88\/100|[from] Grassy Terrain\n|upkeep\n|turn|10\n|inactive|It4li4n St4llion has 30 seconds left.\n|\n|t:|1701160284\n|move|p1a: Chien-Pao|Sacred Sword|p2b: Rillaboom\n|-damage|p2b: Rillaboom|46\/100\n|move|p2b: Rillaboom|High Horsepower|p1a: Chien-Pao\n|-damage|p1a: Chien-Pao|9\/100\n|\n|-heal|p1a: Chien-Pao|15\/100|[from] Grassy Terrain\n|-heal|p2b: Rillaboom|52\/100|[from] Grassy Terrain\n|-fieldend|move: Grassy Terrain\n|upkeep\n|turn|11\n|\n|t:|1701160298\n|move|p1a: Chien-Pao|Icicle Crash|p2b: Rillaboom\n|-resisted|p2b: Rillaboom\n|-damage|p2b: Rillaboom|22\/100\n|move|p2b: Rillaboom|High Horsepower|p1a: Chien-Pao\n|-damage|p1a: Chien-Pao|0 fnt\n|faint|p1a: Chien-Pao\n|\n|win|pap869\n|raw|It4li4n St4llion's rating: 1104 &rarr; <strong>1077<\/strong><br \/>(-27 for losing)\n|raw|pap869's rating: 1080 &rarr; <strong>1110<\/strong><br \/>(+30 for winning)\n","uploadtime":1701160305,"views":10,"p1id":"it4li4nst4llion","p2id":"pap869","formatid":"gen9vgc2023regulatione","rating":1077,"private":0,"password":""}