{"id":"gen9vgc2023regulatione-1999282755","p1":"Valiant 3.0","p2":"int cry","format":"[Gen 9] VGC 2023 Regulation E","log":"|j|\u2606Valiant 3.0\n|j|\u2606int cry\n|n|\u2606Valiant 3.0|valiant30\n|n|\u2606int cry|intcry\n|html|View the match progress at <a href=\"\/game-bestof3-gen9vgc2023regulatione-1999282754\">game-bestof3-gen9vgc2023regulatione-1999282754<\/a>\n|t:|1701054762\n|gametype|doubles\n|player|p1|Valiant 3.0|roxanne|\n|player|p2|int cry|ghetsis-gen5bw|\n|teamsize|p1|6\n|teamsize|p2|6\n|gen|9\n|tier|[Gen 9] VGC 2023 Regulation E\n|rule|Species Clause: Limit one of each Pok\u00e9mon\n|rule|Item Clause: Limit one of each item\n|clearpoke\n|poke|p1|Ogerpon, L50, F|\n|poke|p1|Politoed, L50, M|\n|poke|p1|Thundurus-Therian, L50, M|\n|poke|p1|Chien-Pao, L50|\n|poke|p1|Tinkaton, L50, F|\n|poke|p1|Golem, L50, F|\n|poke|p2|Arcanine-Hisui, L50, M|\n|poke|p2|Urshifu-*, L50, M|\n|poke|p2|Illumise, L50, F|\n|poke|p2|Gholdengo, L50|\n|poke|p2|Goodra, L50, M|\n|poke|p2|Kilowattrel, L50, F|\n|teampreview|4\n|j| wendall555\nint cry rejected open team sheets.\n|c|\u2606int cry|https:\/\/pokepast.es\/2749df3edac27afe\n|c|\u2606int cry|tera sheet?\n|c|\u2606Valiant 3.0|https:\/\/pokepast.es\/6ad5e40c40e0ef71\n|c|\u2606Valiant 3.0|sorry had to make it real quick\n|c|\u2606Valiant 3.0|GLHF\n|c|\u2606int cry|glhf\n|\n|t:|1701054962\n|start\n|switch|p1a: Thundurus|Thundurus-Therian, L50, M|100\/100\n|switch|p1b: Tinkaton|Tinkaton, L50, F|100\/100\n|switch|p2a: Dogbert|Arcanine-Hisui, L50, M, shiny|100\/100\n|switch|p2b: Wally|Illumise, L50, F, shiny|100\/100\n|-ability|p2a: Dogbert|Intimidate|boost\n|-unboost|p1a: Thundurus|atk|1\n|-unboost|p1b: Tinkaton|atk|1\n|-ability|p1b: Tinkaton|Mold Breaker\n|turn|1\n|j| xX_DondozoHater_Xx\n|j| Frieren Enjoyer\n|\n|t:|1701055026\n|-terastallize|p2a: Dogbert|Ghost\n|move|p2b: Wally|Helping Hand|p2a: Dogbert\n|-singleturn|p2a: Dogbert|Helping Hand|[of] p2b: Wally\n|move|p1b: Tinkaton|Fake Out|p2b: Wally\n|-damage|p2b: Wally|91\/100\n|move|p2a: Dogbert|Rock Slide|p1a: Thundurus|[spread] p1a,p1b\n|-supereffective|p1a: Thundurus\n|-resisted|p1b: Tinkaton\n|-damage|p1a: Thundurus|0 fnt\n|-damage|p1b: Tinkaton|69\/100\n|faint|p1a: Thundurus\n|\n|upkeep\n|\n|t:|1701055038\n|switch|p1a: Golem|Golem, L50, F|100\/100\n|turn|2\n|\n|t:|1701055080\n|switch|p2b: Dilbert|Gholdengo, L50|100\/100\n|move|p2a: Dogbert|Rock Slide|p1b: Tinkaton|[spread] p1a,p1b\n|-resisted|p1a: Golem\n|-resisted|p1b: Tinkaton\n|-damage|p1a: Golem|88\/100\n|-damage|p1b: Tinkaton|49\/100\n|move|p1b: Tinkaton|Knock Off|p2a: Dogbert\n|-supereffective|p2a: Dogbert\n|-damage|p2a: Dogbert|62\/100\n|-enditem|p2a: Dogbert|Choice Scarf|[from] move: Knock Off|[of] p1b: Tinkaton\n|move|p1a: Golem|Rock Slide|p2b: Dilbert|[spread] p2a\n|-miss|p1a: Golem|p2b: Dilbert\n|-damage|p2a: Dogbert|20\/100\n|\n|upkeep\n|turn|3\n|\n|t:|1701055132\n|move|p1a: Golem|Wide Guard|p1a: Golem\n|-singleturn|p1a: Golem|Wide Guard\n|move|p2a: Dogbert|Extreme Speed|p1b: Tinkaton\n|-resisted|p1b: Tinkaton\n|-damage|p1b: Tinkaton|30\/100\n|move|p1b: Tinkaton|Knock Off|p2b: Dilbert\n|-supereffective|p2b: Dilbert\n|-crit|p2b: Dilbert\n|-damage|p2b: Dilbert|25\/100\n|-enditem|p2b: Dilbert|Choice Specs|[from] move: Knock Off|[of] p1b: Tinkaton\n|move|p2b: Dilbert|Make It Rain|p1b: Tinkaton|[spread] \n|-activate|p1a: Golem|move: Wide Guard\n|-activate|p1b: Tinkaton|move: Wide Guard\n|\n|upkeep\n|turn|4\n|\n|t:|1701055165\n|move|p1b: Tinkaton|Knock Off|p2b: Dilbert\n|-supereffective|p2b: Dilbert\n|-damage|p2b: Dilbert|6\/100\n|move|p2a: Dogbert|Flare Blitz|p1b: Tinkaton\n|-supereffective|p1b: Tinkaton\n|-damage|p1b: Tinkaton|0 fnt\n|faint|p1b: Tinkaton\n|-damage|p2a: Dogbert|11\/100|[from] Recoil\n|move|p2b: Dilbert|Shadow Ball|p1a: Golem\n|-damage|p1a: Golem|26\/100\n|move|p1a: Golem|High Horsepower|p2a: Dogbert\n|-damage|p2a: Dogbert|0 fnt\n|faint|p2a: Dogbert\n|\n|upkeep\n|\n|t:|1701055193\n|switch|p1b: Ogerpon|Ogerpon, L50, F|100\/100\n|switch|p2a: Wally|Illumise, L50, F, shiny|91\/100\n|turn|5\n|\n|t:|1701055207\n|-terastallize|p1b: Ogerpon|Grass\n|detailschange|p1b: Ogerpon|Ogerpon-Teal-Tera, L50, F, tera:Grass\n|-ability|p1b: Ogerpon|Embody Aspect (Teal)|boost\n|-boost|p1b: Ogerpon|spe|1\n|move|p2a: Wally|Tailwind|p2a: Wally\n|-sidestart|p2: int cry|move: Tailwind\n|move|p1b: Ogerpon|Ivy Cudgel|p2a: Wally\n|-resisted|p2a: Wally\n|-crit|p2a: Wally\n|-damage|p2a: Wally|27\/100\n|move|p2b: Dilbert|Shadow Ball|p1b: Ogerpon\n|-damage|p1b: Ogerpon|44\/100\n|move|p1a: Golem|Rock Slide|p2b: Dilbert|[spread] p2b\n|-miss|p1a: Golem|p2a: Wally\n|-resisted|p2b: Dilbert\n|-damage|p2b: Dilbert|0 fnt\n|faint|p2b: Dilbert\n|\n|upkeep\n|\n|t:|1701055225\n|switch|p2b: Garbage Man|Urshifu-Rapid-Strike, L50, M|100\/100\n|turn|6\n|\n|t:|1701055259\n|move|p2a: Wally|Helping Hand|p2b: Garbage Man\n|-singleturn|p2b: Garbage Man|Helping Hand|[of] p2a: Wally\n|move|p2b: Garbage Man|Close Combat|p1b: Ogerpon\n|-damage|p1b: Ogerpon|0 fnt\n|-unboost|p2b: Garbage Man|def|1\n|-unboost|p2b: Garbage Man|spd|1\n|faint|p1b: Ogerpon\n|move|p1a: Golem|Rock Slide|p2b: Garbage Man|[spread] p2a,p2b\n|-supereffective|p2a: Wally\n|-resisted|p2b: Garbage Man\n|-damage|p2a: Wally|0 fnt\n|-damage|p2b: Garbage Man|80\/100\n|faint|p2a: Wally\n|\n|upkeep\n|turn|7\n|c|\u2606Valiant 3.0|gg\n|\n|t:|1701055277\n|move|p2b: Garbage Man|Close Combat|p1a: Golem\n|-supereffective|p1a: Golem\n|-damage|p1a: Golem|0 fnt\n|-unboost|p2b: Garbage Man|def|1\n|-unboost|p2b: Garbage Man|spd|1\n|faint|p1a: Golem\n|\n|win|int cry\n|c|&|\/uhtml prompt-valiant30,Valiant 3.0 is ready for game 2!\n","uploadtime":1701055286,"views":3,"p1id":"valiant30","p2id":"intcry","formatid":"gen9vgc2023regulatione","rating":0,"private":0,"password":""}