{"id":"gen9vgc2023regulatione-1997999398","p1":"kjgjgdfgdg","p2":"Yankee love youuu","format":"[Gen 9] VGC 2023 Regulation E","log":"|j|\u2606kjgjgdfgdg\n|j|\u2606Yankee love youuu\n|t:|1700877211\n|gametype|doubles\n|player|p1|kjgjgdfgdg|102|1465\n|player|p2|Yankee love youuu|lady-gen4|1562\n|teamsize|p1|6\n|teamsize|p2|6\n|gen|9\n|tier|[Gen 9] VGC 2023 Regulation E\n|rated|\n|rule|Species Clause: Limit one of each Pok\u00e9mon\n|rule|Item Clause: Limit one of each item\n|clearpoke\n|poke|p1|Spectrier, L50|\n|poke|p1|Heatran, L50, M|\n|poke|p1|Landorus-Therian, L50, M|\n|poke|p1|Rillaboom, L50, F|\n|poke|p1|Ogerpon-Wellspring, L50, F|\n|poke|p1|Grimmsnarl, L50, M|\n|poke|p2|Iron Hands, L50|\n|poke|p2|Kingambit, L50, M|\n|poke|p2|Gyarados, L50, F|\n|poke|p2|Sinistcha-Masterpiece, L50|\n|poke|p2|Grimmsnarl, L50, M|\n|poke|p2|Chi-Yu, L50|\n|teampreview|4\n|inactive|Battle timer is ON: inactive players will automatically lose when time's up. (requested by kjgjgdfgdg)\n|inactive|kjgjgdfgdg has 60 seconds left.\n|inactive|kjgjgdfgdg has 30 seconds left.\n|inactive|kjgjgdfgdg has 20 seconds left.\n|\n|t:|1700877285\n|start\n|switch|p1a: Spectrier|Spectrier, L50|100\/100\n|switch|p1b: Grimmsnarl|Grimmsnarl, L50, M|100\/100\n|switch|p2a: Grimmsnarl|Grimmsnarl, L50, M|100\/100\n|switch|p2b: Kingambit|Kingambit, L50, M|100\/100\n|turn|1\n|\n|t:|1700877296\n|-terastallize|p1a: Spectrier|Fairy\n|-terastallize|p2b: Kingambit|Fire\n|move|p1b: Grimmsnarl|Reflect|p1b: Grimmsnarl\n|-sidestart|p1: kjgjgdfgdg|Reflect\n|move|p2a: Grimmsnarl|Thunder Wave|p1a: Spectrier\n|-status|p1a: Spectrier|par\n|cant|p1a: Spectrier|par\n|move|p2b: Kingambit|Swords Dance|p2b: Kingambit\n|-boost|p2b: Kingambit|atk|2\n|\n|upkeep\n|turn|2\n|\n|t:|1700877311\n|move|p2a: Grimmsnarl|Reflect|p2a: Grimmsnarl\n|-sidestart|p2: Yankee love youuu|Reflect\n|move|p1a: Spectrier|Shadow Ball|p2b: Kingambit\n|-crit|p2b: Kingambit\n|-damage|p2b: Kingambit|40\/100\n|move|p2b: Kingambit|Swords Dance|p2b: Kingambit\n|-boost|p2b: Kingambit|atk|2\n|move|p1b: Grimmsnarl|Spirit Break|p2a: Grimmsnarl\n|-supereffective|p2a: Grimmsnarl\n|-damage|p2a: Grimmsnarl|62\/100\n|-unboost|p2a: Grimmsnarl|spa|1\n|\n|upkeep\n|turn|3\n|\n|t:|1700877329\n|switch|p2a: Sinistcha|Sinistcha-Masterpiece, L50|100\/100\n|-heal|p2b: Kingambit|65\/100|[from] ability: Hospitality|[of] p2a: Sinistcha\n|move|p2b: Kingambit|Protect|p2b: Kingambit\n|-singleturn|p2b: Kingambit|Protect\n|move|p1a: Spectrier|Shadow Ball|p2b: Kingambit\n|-activate|p2b: Kingambit|move: Protect\n|move|p1b: Grimmsnarl|Spirit Break|p2b: Kingambit\n|-activate|p2b: Kingambit|move: Protect\n|\n|upkeep\n|turn|4\n|\n|t:|1700877344\n|switch|p2a: Grimmsnarl|Grimmsnarl, L50, M|62\/100\n|move|p1a: Spectrier|Shadow Ball|p2b: Kingambit\n|-damage|p2b: Kingambit|26\/100\n|move|p1b: Grimmsnarl|Spirit Break|p2b: Kingambit\n|-resisted|p2b: Kingambit\n|-damage|p2b: Kingambit|18\/100\n|-unboost|p2b: Kingambit|spa|1\n|-ability|p2b: Kingambit|Defiant|boost\n|-boost|p2b: Kingambit|atk|2\n|move|p2b: Kingambit|Kowtow Cleave|p1a: Spectrier\n|-resisted|p1a: Spectrier\n|-crit|p1a: Spectrier\n|-damage|p1a: Spectrier|0 fnt\n|faint|p1a: Spectrier\n|\n|upkeep\n|\n|t:|1700877354\n|switch|p1a: Heatran|Heatran, L50, M|100\/100\n|turn|5\n|\n|t:|1700877360\n|switch|p2a: Sinistcha|Sinistcha-Masterpiece, L50|100\/100\n|-heal|p2b: Kingambit|43\/100|[from] ability: Hospitality|[of] p2a: Sinistcha\n|move|p2b: Kingambit|Protect|p2b: Kingambit\n|-singleturn|p2b: Kingambit|Protect\n|move|p1a: Heatran|Heat Wave|p2b: Kingambit|[spread] \n|-activate|p2b: Kingambit|move: Protect\n|-miss|p1a: Heatran|p2a: Sinistcha\n|move|p1b: Grimmsnarl|Spirit Break|p2a: Sinistcha\n|-damage|p2a: Sinistcha|85\/100\n|-unboost|p2a: Sinistcha|spa|1\n|\n|upkeep\n|turn|6\n|\n|t:|1700877381\n|switch|p2a: Iron Hands|Iron Hands, L50|100\/100\n|move|p2b: Kingambit|Sucker Punch|p1a: Heatran\n|-damage|p1a: Heatran|13\/100\n|move|p1a: Heatran|Earth Power|p2b: Kingambit\n|-supereffective|p2b: Kingambit\n|-damage|p2b: Kingambit|0 fnt\n|faint|p2b: Kingambit\n|-damage|p1a: Heatran|3\/100|[from] item: Life Orb\n|move|p1b: Grimmsnarl|Spirit Break|p2a: Iron Hands\n|-supereffective|p2a: Iron Hands\n|-damage|p2a: Iron Hands|72\/100\n|-unboost|p2a: Iron Hands|spa|1\n|\n|upkeep\n|\n|t:|1700877395\n|switch|p2b: Sinistcha|Sinistcha-Masterpiece, L50|85\/100\n|-heal|p2a: Iron Hands|97\/100|[from] ability: Hospitality|[of] p2b: Sinistcha\n|turn|7\n|\n|t:|1700877402\n|move|p1a: Heatran|Protect|p1a: Heatran\n|-singleturn|p1a: Heatran|Protect\n|move|p2a: Iron Hands|Fake Out|p1a: Heatran\n|-activate|p1a: Heatran|move: Protect\n|move|p1b: Grimmsnarl|Parting Shot|p2a: Iron Hands\n|-unboost|p2a: Iron Hands|atk|1\n|-unboost|p2a: Iron Hands|spa|1\n|\n|t:|1700877409\n|switch|p1b: Ogerpon|Ogerpon-Wellspring, L50, F|100\/100|[from] Parting Shot\n|move|p2b: Sinistcha|Trick Room|p2b: Sinistcha\n|-fieldstart|move: Trick Room|[of] p2b: Sinistcha\n|\n|upkeep\n|turn|8\n|\n|t:|1700877415\n|-end|p2a: Iron Hands|Quark Drive|[silent]\n|switch|p2a: Grimmsnarl|Grimmsnarl, L50, M|62\/100\n|switch|p1a: Grimmsnarl|Grimmsnarl, L50, M|100\/100\n|move|p2b: Sinistcha|Matcha Gotcha|p1b: Ogerpon|[spread] p1a,p1b\n|-damage|p1a: Grimmsnarl|81\/100\n|-heal|p2b: Sinistcha|97\/100|[from] drain|[of] p1a: Grimmsnarl\n|-damage|p1b: Ogerpon|76\/100\n|-heal|p2b: Sinistcha|100\/100|[from] drain|[of] p1b: Ogerpon\n|-status|p1b: Ogerpon|brn\n|move|p1b: Ogerpon|Swords Dance|p1b: Ogerpon\n|-boost|p1b: Ogerpon|atk|2\n|\n|-damage|p1b: Ogerpon|71\/100 brn|[from] brn\n|-sideend|p1: kjgjgdfgdg|Reflect\n|upkeep\n|turn|9\n|\n|t:|1700877437\n|move|p1a: Grimmsnarl|Light Screen|p1a: Grimmsnarl\n|-sidestart|p1: kjgjgdfgdg|move: Light Screen\n|move|p2a: Grimmsnarl|Spirit Break|p1a: Grimmsnarl\n|-supereffective|p1a: Grimmsnarl\n|-damage|p1a: Grimmsnarl|17\/100\n|-unboost|p1a: Grimmsnarl|spa|1\n|move|p2b: Sinistcha|Matcha Gotcha|p1b: Ogerpon|[spread] p1a,p1b\n|-damage|p1a: Grimmsnarl|3\/100\n|-damage|p1b: Ogerpon|57\/100 brn\n|move|p1b: Ogerpon|Swords Dance|p1b: Ogerpon\n|-boost|p1b: Ogerpon|atk|2\n|\n|-damage|p1b: Ogerpon|51\/100 brn|[from] brn\n|-sideend|p2: Yankee love youuu|Reflect\n|upkeep\n|turn|10\n|\n|t:|1700877452\n|move|p2a: Grimmsnarl|Reflect|p2a: Grimmsnarl\n|-sidestart|p2: Yankee love youuu|Reflect\n|move|p1a: Grimmsnarl|Spirit Break|p2a: Grimmsnarl\n|-supereffective|p2a: Grimmsnarl\n|-damage|p2a: Grimmsnarl|22\/100\n|-unboost|p2a: Grimmsnarl|spa|1\n|move|p2b: Sinistcha|Matcha Gotcha|p1b: Ogerpon|[spread] p1a\n|-miss|p2b: Sinistcha|p1b: Ogerpon\n|-damage|p1a: Grimmsnarl|0 fnt\n|faint|p1a: Grimmsnarl\n|move|p1b: Ogerpon|Horn Leech|p2a: Grimmsnarl\n|-damage|p2a: Grimmsnarl|0 fnt\n|-heal|p1b: Ogerpon|63\/100 brn|[from] drain|[of] p2a: Grimmsnarl\n|faint|p2a: Grimmsnarl\n|\n|-damage|p1b: Ogerpon|57\/100 brn|[from] brn\n|upkeep\n|\n|t:|1700877466\n|switch|p2a: Iron Hands|Iron Hands, L50|97\/100\n|switch|p1a: Heatran|Heatran, L50, M|3\/100\n|turn|11\n|\n|t:|1700877475\n|move|p1a: Heatran|Protect|p1a: Heatran\n|-singleturn|p1a: Heatran|Protect\n|move|p1b: Ogerpon|Spiky Shield|p1b: Ogerpon\n|-singleturn|p1b: Ogerpon|move: Protect\n|move|p2a: Iron Hands|Drain Punch|p1a: Heatran\n|-activate|p1a: Heatran|move: Protect\n|move|p2b: Sinistcha|Matcha Gotcha|p1a: Heatran|[spread] \n|-activate|p1a: Heatran|move: Protect\n|-activate|p1b: Ogerpon|move: Protect\n|\n|-damage|p1b: Ogerpon|51\/100 brn|[from] brn\n|-fieldend|move: Trick Room\n|upkeep\n|turn|12\n|\n|t:|1700877498\n|move|p2b: Sinistcha|Rage Powder|p2b: Sinistcha\n|-singleturn|p2b: Sinistcha|move: Rage Powder\n|move|p1b: Ogerpon|Ivy Cudgel|p2a: Iron Hands|[anim] Ivy Cudgel Water\n|-crit|p2a: Iron Hands\n|-damage|p2a: Iron Hands|16\/100\n|move|p1a: Heatran|Heat Wave|p2b: Sinistcha|[spread] p2b\n|-miss|p1a: Heatran|p2a: Iron Hands\n|-supereffective|p2b: Sinistcha\n|-damage|p2b: Sinistcha|0 fnt\n|faint|p2b: Sinistcha\n|-damage|p1a: Heatran|0 fnt|[from] item: Life Orb\n|faint|p1a: Heatran\n|move|p2a: Iron Hands|Drain Punch|p1b: Ogerpon\n|-damage|p1b: Ogerpon|6\/100 brn\n|-heal|p2a: Iron Hands|33\/100|[from] drain|[of] p1b: Ogerpon\n|\n|-damage|p1b: Ogerpon|0 fnt|[from] brn\n|faint|p1b: Ogerpon\n|\n|win|Yankee love youuu\n|upkeep\n|raw|kjgjgdfgdg's rating: 1465 &rarr; <strong>1450<\/strong><br \/>(-15 for losing)\n|raw|Yankee love youuu's rating: 1562 &rarr; <strong>1577<\/strong><br \/>(+15 for winning)\n|l|\u2606Yankee love youuu\n|l|\u2606kjgjgdfgdg\n|j|\u2606Yankee love youuu\n|player|p2|Yankee love youuu|lady-gen4\n","uploadtime":1700877518,"views":3,"p1id":"kjgjgdfgdg","p2id":"yankeeloveyouuu","formatid":"gen9vgc2023regulatione","rating":1450,"private":0,"password":""}