{"id":"gen9vgc2023regulatione-1999986700","p1":"Shadow Ballers","p2":"oPKPo","format":"[Gen 9] VGC 2023 Regulation E","log":"|j|\u2606Shadow Ballers\n|j|\u2606oPKPo\n|t:|1701137944\n|gametype|doubles\n|player|p1|Shadow Ballers|roughneck|1343\n|player|p2|oPKPo|266|1303\n|teamsize|p1|6\n|teamsize|p2|6\n|gen|9\n|tier|[Gen 9] VGC 2023 Regulation E\n|rated|\n|rule|Species Clause: Limit one of each Pok\u00e9mon\n|rule|Item Clause: Limit one of each item\n|clearpoke\n|poke|p1|Rillaboom, L50, M|\n|poke|p1|Iron Bundle, L50|\n|poke|p1|Flutter Mane, L50|\n|poke|p1|Weezing, L50, F|\n|poke|p1|Heatran, L50, M|\n|poke|p1|Iron Valiant, L50|\n|poke|p2|Iron Hands, L50|\n|poke|p2|Landorus, L50, M|\n|poke|p2|Espathra, L50, F|\n|poke|p2|Iron Bundle, L50|\n|poke|p2|Sableye, L50, M|\n|poke|p2|Flutter Mane, L50|\n|teampreview|4\n|inactive|Battle timer is ON: inactive players will automatically lose when time's up. (requested by Shadow Ballers)\nShadow Ballers rejected open team sheets.\n|\n|t:|1701137976\n|start\n|switch|p1a: Flutter Mane|Flutter Mane, L50, shiny|100\/100\n|switch|p1b: Weezing|Weezing, L50, F, shiny|100\/100\n|switch|p2a: Iron Bundle|Iron Bundle, L50|100\/100\n|switch|p2b: Landorus|Landorus, L50, M|100\/100\n|-ability|p1b: Weezing|Neutralizing Gas\n|-enditem|p2a: Iron Bundle|Booster Energy\n|-activate|p2a: Iron Bundle|ability: Quark Drive|[fromitem]\n|-start|p2a: Iron Bundle|quarkdrivespe\n|turn|1\n|\n|t:|1701137997\n|-end|p1b: Weezing|ability: Neutralizing Gas\n|switch|p1b: Rillaboom|Rillaboom, L50, M, shiny|100\/100\n|-fieldstart|move: Grassy Terrain|[from] ability: Grassy Surge|[of] p1b: Rillaboom\n|move|p1a: Flutter Mane|Protect|p1a: Flutter Mane\n|-singleturn|p1a: Flutter Mane|Protect\n|move|p2a: Iron Bundle|Icy Wind|p1b: Rillaboom|[spread] p1b\n|-activate|p1a: Flutter Mane|move: Protect\n|-supereffective|p1b: Rillaboom\n|-damage|p1b: Rillaboom|67\/100\n|-unboost|p1b: Rillaboom|spe|1\n|move|p2b: Landorus|Sludge Bomb|p1a: Flutter Mane\n|-activate|p1a: Flutter Mane|move: Protect\n|\n|-heal|p1b: Rillaboom|73\/100|[from] Grassy Terrain\n|upkeep\n|turn|2\n|\n|t:|1701138010\n|-end|p1a: Flutter Mane|Protosynthesis|[silent]\n|switch|p1a: Weezing|Weezing, L50, F, shiny|100\/100\n|-ability|p1a: Weezing|Neutralizing Gas\n|move|p2a: Iron Bundle|Protect|p2a: Iron Bundle\n|-singleturn|p2a: Iron Bundle|Protect\n|move|p2b: Landorus|Protect|p2b: Landorus\n|-singleturn|p2b: Landorus|Protect\n|move|p1b: Rillaboom|Grassy Glide|p2a: Iron Bundle\n|-activate|p2a: Iron Bundle|move: Protect\n|\n|-heal|p1b: Rillaboom|79\/100|[from] Grassy Terrain\n|upkeep\n|turn|3\n|inactive|oPKPo has 30 seconds left.\n|inactive|oPKPo has 20 seconds left.\n|\n|t:|1701138049\n|-terastallize|p1a: Weezing|Water\n|move|p1b: Rillaboom|Grassy Glide|p2a: Iron Bundle\n|-supereffective|p2a: Iron Bundle\n|-damage|p2a: Iron Bundle|14\/100\n|move|p2a: Iron Bundle|Freeze-Dry|p1b: Rillaboom\n|-supereffective|p1b: Rillaboom\n|-damage|p1b: Rillaboom|24\/100\n|-status|p1b: Rillaboom|frz\n|move|p2b: Landorus|Sludge Bomb|p1b: Rillaboom\n|-supereffective|p1b: Rillaboom\n|-damage|p1b: Rillaboom|0 fnt\n|faint|p1b: Rillaboom\n|move|p1a: Weezing|Tera Blast|p2b: Landorus|[anim] Tera Blast Water\n|-supereffective|p2b: Landorus\n|-crit|p2b: Landorus\n|-damage|p2b: Landorus|0 fnt\n|faint|p2b: Landorus\n|\n|-heal|p2a: Iron Bundle|19\/100|[from] Grassy Terrain\n|upkeep\n|\n|t:|1701138069\n|switch|p2b: Sableye|Sableye, L50, M|100\/100\n|switch|p1b: Iron Bundle|Iron Bundle, L50, shiny|100\/100\n|-enditem|p1b: Iron Bundle|Booster Energy\n|-activate|p1b: Iron Bundle|ability: Quark Drive|[fromitem]\n|-start|p1b: Iron Bundle|quarkdrivespe\n|turn|4\n|\n|t:|1701138091\n|move|p1b: Iron Bundle|Freeze-Dry|p2a: Iron Bundle\n|-damage|p2a: Iron Bundle|0 fnt\n|faint|p2a: Iron Bundle\n|-end|p2a: Iron Bundle|Quark Drive|[silent]\n|move|p2b: Sableye|Thunder Wave|p1b: Iron Bundle|[miss]\n|-miss|p2b: Sableye|p1b: Iron Bundle\n|move|p1a: Weezing|Tera Blast|p2b: Sableye|[anim] Tera Blast Water\n|-damage|p2b: Sableye|53\/100\n|\n|-heal|p2b: Sableye|58\/100|[from] Grassy Terrain\n|upkeep\n|\n|t:|1701138100\n|switch|p2a: Iron Hands|Iron Hands, L50|100\/100\n|turn|5\n|inactive|oPKPo has 30 seconds left.\n|\n|t:|1701138127\n|move|p1b: Iron Bundle|Icy Wind|p2a: Iron Hands|[spread] p2a,p2b\n|-damage|p2a: Iron Hands|89\/100\n|-damage|p2b: Sableye|36\/100\n|-unboost|p2a: Iron Hands|spe|1\n|-unboost|p2b: Sableye|spe|1\n|move|p1a: Weezing|Will-O-Wisp|p2a: Iron Hands\n|-status|p2a: Iron Hands|brn\n|move|p2a: Iron Hands|Wild Charge|p1a: Weezing\n|-supereffective|p1a: Weezing\n|-damage|p1a: Weezing|48\/100\n|-damage|p2a: Iron Hands|80\/100 brn|[from] Recoil\n|move|p2b: Sableye|Disable|p1b: Iron Bundle\n|-start|p1b: Iron Bundle|Disable|Icy Wind\n|\n|-heal|p1a: Weezing|53\/100|[from] Grassy Terrain\n|-heal|p2a: Iron Hands|86\/100 brn|[from] Grassy Terrain\n|-heal|p2b: Sableye|41\/100|[from] Grassy Terrain\n|-damage|p2a: Iron Hands|80\/100 brn|[from] brn\n|-fieldend|move: Grassy Terrain\n|upkeep\n|turn|6\n|-message|oPKPo forfeited.\n|\n|win|Shadow Ballers\n|raw|Shadow Ballers's rating: 1343 &rarr; <strong>1361<\/strong><br \/>(+18 for winning)\n|raw|oPKPo's rating: 1303 &rarr; <strong>1285<\/strong><br \/>(-18 for losing)\n|l|\u2606oPKPo\n|l|\u2606Shadow Ballers\n","uploadtime":1701138428,"views":15,"p1id":"shadowballers","p2id":"opkpo","formatid":"gen9vgc2023regulatione","rating":1285,"private":0,"password":""}