{"id":"gen9vgc2023regulatione-1994365057","p1":"probablysupernova","p2":"DarkFlame2013","format":"[Gen 9] VGC 2023 Regulation E","log":"|j|\u2606probablysupernova\n|j|\u2606DarkFlame2013\n|t:|1700435588\n|gametype|doubles\n|player|p1|probablysupernova|2|\n|player|p2|DarkFlame2013|cynthia|\n|teamsize|p1|6\n|teamsize|p2|4\n|gen|9\n|tier|[Gen 9] VGC 2023 Regulation E\n|rule|Species Clause: Limit one of each Pok\u00e9mon\n|rule|Item Clause: Limit one of each item\n|clearpoke\n|poke|p1|Dondozo, L50, F|\n|poke|p1|Tatsugiri, L50, M|\n|poke|p1|Annihilape, L50, M|\n|poke|p1|Arcanine-Hisui, L50, M|\n|poke|p1|Chien-Pao, L50|\n|poke|p1|Landorus, L50, M|\n|poke|p2|Lechonk, L50, M|\n|poke|p2|Magikarp, L50, F|\n|poke|p2|Oinkologne, L50, M|\n|poke|p2|Clefable, L50, F|\n|teampreview|4\n|inactive|Battle timer is ON: inactive players will automatically lose when time's up. (requested by DarkFlame2013)\n|c|\u2606probablysupernova|tf is this team i aint losing to gimmick\n|inactive|probablysupernova has 60 seconds left.\n|\n|t:|1700435620\n|start\n|switch|p1a: Tatsugiri|Tatsugiri, L50, M|100\/100\n|switch|p1b: Dondozo|Dondozo, L50, F|100\/100\n|switch|p2a: Lechonk|Lechonk, L50, M, shiny|100\/100\n|switch|p2b: Magikarp|Magikarp, L50, F|100\/100\n|-activate|p1a: Tatsugiri|ability: Commander|[of] p1b: Dondozo\n|-boost|p1b: Dondozo|atk|2\n|-boost|p1b: Dondozo|spa|2\n|-boost|p1b: Dondozo|spe|2\n|-boost|p1b: Dondozo|def|2\n|-boost|p1b: Dondozo|spd|2\n|turn|1\n|\n|t:|1700435627\n|move|p2b: Magikarp|Splash|p2b: Magikarp\n|-nothing\n|move|p1b: Dondozo|Wave Crash|p2a: Lechonk\n|-enditem|p2a: Lechonk|Focus Sash\n|-damage|p2a: Lechonk|1\/100\n|-damage|p1b: Dondozo|80\/100|[from] Recoil\n|move|p2a: Lechonk|Endeavor|p1b: Dondozo\n|-damage|p1b: Dondozo|1\/100\n|-enditem|p1b: Dondozo|Sitrus Berry|[eat]\n|-heal|p1b: Dondozo|26\/100|[from] item: Sitrus Berry\n|\n|upkeep\n|turn|2\n|inactive|DarkFlame2013 has 30 seconds left.\n|c|\u2606probablysupernova|WHAT HOW is lechonk really god????\n|\n|t:|1700435658\n|move|p2b: Magikarp|Splash|p2b: Magikarp\n|-nothing\n|move|p1b: Dondozo|Rest|p1b: Dondozo\n|-status|p1b: Dondozo|slp|[from] move: Rest\n|-heal|p1b: Dondozo|100\/100 slp|[silent]\n|move|p2a: Lechonk|Endeavor|p1b: Dondozo\n|-damage|p1b: Dondozo|1\/100 slp\n|\n|upkeep\n|turn|3\n|c|\u2606probablysupernova|WHAT\n|inactive|probablysupernova has 30 seconds left.\n|inactive|DarkFlame2013 has 30 seconds left.\n|c|\u2606probablysupernova|99.9% of my health??? hacker rreported\n|\n|t:|1700435690\n|move|p2b: Magikarp|Splash|p2b: Magikarp\n|-nothing\n|cant|p1b: Dondozo|slp\n|move|p2a: Lechonk|Zen Headbutt|p1b: Dondozo\n|-damage|p1b: Dondozo|0 fnt\n|faint|p1b: Dondozo\n|\n|upkeep\n|\n|t:|1700435694\n|switch|p1b: Landorus|Landorus, L50, M|100\/100\n|turn|4\n|c|\u2606DarkFlame2013|Does bro not have animations\n|\n|t:|1700435704\n|move|p2a: Lechonk|Protect|p2a: Lechonk\n|-singleturn|p2a: Lechonk|Protect\n|move|p1b: Landorus|Nasty Plot|p1b: Landorus\n|-boost|p1b: Landorus|spa|2\n|move|p1a: Tatsugiri|Surf|p2a: Lechonk|[spread] p1b,p2b\n|-activate|p2a: Lechonk|move: Protect\n|-supereffective|p1b: Landorus\n|-resisted|p2b: Magikarp\n|-damage|p1b: Landorus|0 fnt\n|-damage|p2b: Magikarp|0 fnt\n|faint|p1b: Landorus\n|faint|p2b: Magikarp\n|\n|upkeep\n|c|\u2606probablysupernova|NOOOOOO\n|c|\u2606probablysupernova|WHAT\n|c|\u2606probablysupernova|ejfjnfkkguudhejd\n|inactive|probablysupernova has 30 seconds left.\n|\n|t:|1700435729\n|switch|p1b: Arcanine|Arcanine-Hisui, L50, M|100\/100\n|switch|p2b: Oinkologne|Oinkologne, L50, M, shiny|100\/100\n|-ability|p1b: Arcanine|Intimidate|boost\n|-unboost|p2a: Lechonk|atk|1\n|-unboost|p2b: Oinkologne|atk|1\n|turn|5\n|\n|t:|1700435740\n|switch|p2a: Clefable|Clefable, L50, F|100\/100\n|move|p1a: Tatsugiri|Surf|p2b: Oinkologne|[spread] p1b,p2a,p2b\n|-supereffective|p1b: Arcanine\n|-crit|p1b: Arcanine\n|-damage|p1b: Arcanine|0 fnt\n|-damage|p2a: Clefable|44\/100\n|-damage|p2b: Oinkologne|40\/100\n|faint|p1b: Arcanine\n|move|p2b: Oinkologne|Double-Edge|p1a: Tatsugiri\n|-damage|p1a: Tatsugiri|40\/100\n|-damage|p2b: Oinkologne|24\/100|[from] Recoil\n|\n|upkeep\n|turn|6\n|\n|t:|1700435765\n|move|p2a: Clefable|Helping Hand|p2b: Oinkologne\n|-singleturn|p2b: Oinkologne|Helping Hand|[of] p2a: Clefable\n|move|p1a: Tatsugiri|Surf|p2a: Clefable|[spread] p2a,p2b\n|-damage|p2a: Clefable|0 fnt\n|-damage|p2b: Oinkologne|0 fnt\n|faint|p2a: Clefable\n|faint|p2b: Oinkologne\n|\n|upkeep\n|\n|t:|1700435774\n|switch|p2b: Lechonk|Lechonk, L50, M, shiny|1\/100\n|turn|7\n|c|\u2606probablysupernova|nope i aint letting my poor tatsu take 99% of its health bye\n|inactive|probablysupernova has 30 seconds left.\n|inactive|DarkFlame2013 has 30 seconds left.\n|-message|probablysupernova forfeited.\n|\n|win|DarkFlame2013\n|l|\u2606probablysupernova\n","uploadtime":1700435841,"views":24,"p1id":"probablysupernova","p2id":"darkflame2013","formatid":"gen9vgc2023regulatione","rating":0,"private":0,"password":""}