{"id":"gen9vgc2023regulatione-1993110148","p1":"whatshamidt","p2":"Hammyman513","format":"[Gen 9] VGC 2023 Regulation E","log":"|j|\u2606whatshamidt\n|j|\u2606Hammyman513\n|n|\u2606whatshamidt|whatshamidt\n|n|\u2606Hammyman513|hammyman513\n|html|View the match progress at <a href=\"\/game-bestof3-gen9vgc2023regulatione-1993110147\">game-bestof3-gen9vgc2023regulatione-1993110147<\/a>\n|t:|1700265934\n|gametype|doubles\n|player|p1|whatshamidt|266|\n|player|p2|Hammyman513|pokekid|\n|teamsize|p1|6\n|teamsize|p2|6\n|gen|9\n|tier|[Gen 9] VGC 2023 Regulation E\n|rule|Species Clause: Limit one of each Pok\u00e9mon\n|rule|Item Clause: Limit one of each item\n|clearpoke\n|poke|p1|Landorus-Therian, L50, M|\n|poke|p1|Volcarona, L50, F|\n|poke|p1|Kingambit, L50, M|\n|poke|p1|Zapdos-Galar, L50|\n|poke|p1|Orthworm, L50, M|\n|poke|p1|Dipplin, L50, F|\n|poke|p2|Ogerpon-Hearthflame, L50, F|\n|poke|p2|Urshifu-*, L50, M|\n|poke|p2|Clefairy, L50, F|\n|poke|p2|Zapdos, L50|\n|poke|p2|Grafaiai, L50, F|\n|poke|p2|Azelf, L50|\n|teampreview|4\nHammyman513 rejected open team sheets.\n|j| Raikia\n|c|\u2606whatshamidt|https:\/\/pokepast.es\/747c10d49752e0e0\n|j| LookItUpVGC\n|c|\u2606whatshamidt|here's my open tera sheet\n|c|\u2606Hammyman513|Ogerpon tera type fire urshifu ghost clafairy is fairy zapdos is fighting grafaiai is ghost azelf is psychic\n|c|\u2606Hammyman513|i just sent the copy paste\n|c|\u2606whatshamidt|that works\n|c|\u2606whatshamidt|glhf!\n|c|\u2606Hammyman513|good luck\n|j| Lkynmbr24\n|\n|t:|1700266080\n|start\n|switch|p1a: Dripplin|Dipplin, L50, F, shiny|100\/100\n|switch|p1b: Air Jordan|Landorus-Therian, L50, M|100\/100\n|switch|p2a: Ogerpon|Ogerpon-Hearthflame, L50, F|100\/100\n|switch|p2b: Zapdos|Zapdos, L50|100\/100\n|-ability|p1b: Air Jordan|Intimidate|boost\n|-unboost|p2a: Ogerpon|atk|1\n|-unboost|p2b: Zapdos|atk|1\n|-ability|p2a: Ogerpon|Mold Breaker\n|-ability|p1a: Dripplin|Supersweet Syrup\n|-ability|p1a: Dripplin|Supersweet Syrup|boost\n|-unboost|p2a: Ogerpon|evasion|1\n|-unboost|p2b: Zapdos|evasion|1\n|turn|1\n|\n|t:|1700266116\n|move|p2a: Ogerpon|Spiky Shield|p2a: Ogerpon\n|-singleturn|p2a: Ogerpon|move: Protect\n|move|p1b: Air Jordan|Rock Slide|p2a: Ogerpon|[spread] p2b\n|-activate|p2a: Ogerpon|move: Protect\n|-supereffective|p2b: Zapdos\n|-crit|p2b: Zapdos\n|-damage|p2b: Zapdos|37\/100\n|move|p2b: Zapdos|Tailwind|p2b: Zapdos\n|-sidestart|p2: Hammyman513|move: Tailwind\n|move|p1a: Dripplin|Syrup Bomb|p2a: Ogerpon\n|-activate|p2a: Ogerpon|move: Protect\n|\n|upkeep\n|turn|2\n|l|\u2606Hammyman513\n|player|p2|\n|j|\u2606Hammyman513\n|player|p2|Hammyman513|pokekid\n|\n|t:|1700266177\n|move|p2a: Ogerpon|Play Rough|p1a: Dripplin\n|-supereffective|p1a: Dripplin\n|-damage|p1a: Dripplin|75\/100\n|move|p2b: Zapdos|Volt Switch|p1a: Dripplin\n|-resisted|p1a: Dripplin\n|-crit|p1a: Dripplin\n|-damage|p1a: Dripplin|68\/100\n|\n|t:|1700266184\n|switch|p2b: Clefairy|Clefairy, L50, F, shiny|100\/100|[from] Volt Switch\n|move|p1b: Air Jordan|Rock Slide|p2a: Ogerpon|[spread] p2a,p2b\n|-supereffective|p2a: Ogerpon\n|-damage|p2a: Ogerpon|51\/100\n|-damage|p2b: Clefairy|80\/100\n|move|p1a: Dripplin|Syrup Bomb|p2a: Ogerpon\n|-resisted|p2a: Ogerpon\n|-damage|p2a: Ogerpon|47\/100\n|-start|p2a: Ogerpon|Syrup Bomb\n|\n|-unboost|p2a: Ogerpon|spe|1\n|upkeep\n|turn|3\n|\n|t:|1700266219\n|move|p2b: Clefairy|Protect|p2b: Clefairy\n|-singleturn|p2b: Clefairy|Protect\n|move|p2a: Ogerpon|Horn Leech|p1b: Air Jordan\n|-damage|p1b: Air Jordan|65\/100\n|-heal|p2a: Ogerpon|66\/100|[from] drain|[of] p1b: Air Jordan\n|move|p1b: Air Jordan|Rock Slide|p2a: Ogerpon|[spread] p2a\n|-activate|p2b: Clefairy|move: Protect\n|-supereffective|p2a: Ogerpon\n|-damage|p2a: Ogerpon|18\/100\n|move|p1a: Dripplin|Pollen Puff|p1b: Air Jordan\n|-heal|p1b: Air Jordan|100\/100\n|\n|-unboost|p2a: Ogerpon|spe|1\n|upkeep\n|turn|4\n|\n|t:|1700266243\n|move|p2b: Clefairy|Helping Hand|p2a: Ogerpon\n|-singleturn|p2a: Ogerpon|Helping Hand|[of] p2b: Clefairy\n|move|p1b: Air Jordan|Rock Slide|p2b: Clefairy|[spread] p2a,p2b\n|-supereffective|p2a: Ogerpon\n|-damage|p2a: Ogerpon|0 fnt\n|-damage|p2b: Clefairy|60\/100\n|faint|p2a: Ogerpon\n|move|p1a: Dripplin|Recover|p1a: Dripplin\n|-heal|p1a: Dripplin|100\/100\n|\n|-sideend|p2: Hammyman513|move: Tailwind\n|upkeep\n|\n|t:|1700266255\n|switch|p2a: Zapdos|Zapdos, L50|37\/100\n|turn|5\n|c| Raikia|why is dipplin 3d with b\/w sprites on\n|c|\u2606whatshamidt|:o\n|\n|t:|1700266277\n|switch|p1a: CoolGuy64|Kingambit, L50, M, shiny|100\/100\n|move|p2b: Clefairy|Protect|p2b: Clefairy\n|-singleturn|p2b: Clefairy|Protect\n|move|p1b: Air Jordan|Rock Slide|p2b: Clefairy|[spread] \n|-activate|p2b: Clefairy|move: Protect\n|-miss|p1b: Air Jordan|p2a: Zapdos\n|move|p2a: Zapdos|Volt Switch|p1a: CoolGuy64\n|-damage|p1a: CoolGuy64|82\/100\n|c|\u2606whatshamidt|he broke showdown\n|c| Lkynmbr24|Probably no 2d sprite yet, lol\n|\n|t:|1700266290\n|switch|p2a: Grafaiai|Grafaiai, L50, F|100\/100|[from] Volt Switch\n|\n|upkeep\n|turn|6\n|\n|t:|1700266305\n|switch|p1b: Dripplin|Dipplin, L50, F, shiny|100\/100\n|move|p2b: Clefairy|Follow Me|p2b: Clefairy\n|-singleturn|p2b: Clefairy|move: Follow Me\n|move|p2a: Grafaiai|Leer|p1a: CoolGuy64|[spread] p1b\n|-hint|Since gen 7, Dark is immune to Prankster moves.\n|-immune|p1a: CoolGuy64\n|-unboost|p1b: Dripplin|def|1\n|move|p1a: CoolGuy64|Iron Head|p2b: Clefairy\n|-supereffective|p2b: Clefairy\n|-damage|p2b: Clefairy|0 fnt\n|faint|p2b: Clefairy\n|\n|upkeep\n|c| LookItUpVGC|Definitely just no 2d sprite\n|c| Raikia|stuff like kingambit have the flat art from the games but dipplin is an image of the 3d sprite\n|\n|t:|1700266317\n|switch|p2b: Zapdos|Zapdos, L50|37\/100\n|turn|7\n|c|\u2606whatshamidt|yeah it is\n|c|\u2606whatshamidt|thats why it can be shiny, the kingambit sprite cant be\n|c|\u2606whatshamidt|i tried\n|c|\u2606whatshamidt|;-;\n|c| Raikia|odd\n|\n|t:|1700266340\n|move|p2a: Grafaiai|Leer|p1b: Dripplin|[spread] p1b\n|-hint|Since gen 7, Dark is immune to Prankster moves.\n|-immune|p1a: CoolGuy64\n|-unboost|p1b: Dripplin|def|1\n|move|p1a: CoolGuy64|Sucker Punch|p2b: Zapdos\n|-damage|p2b: Zapdos|0 fnt\n|-damage|p1a: CoolGuy64|66\/100|[from] item: Rocky Helmet|[of] p2b: Zapdos\n|faint|p2b: Zapdos\n|move|p1b: Dripplin|Syrup Bomb|p2a: Grafaiai|[miss]\n|-miss|p1b: Dripplin|p2a: Grafaiai\n|\n|upkeep\n|turn|8\n|c|\u2606Hammyman513|i just noticed that to lol\n|\n|t:|1700266367\n|move|p2a: Grafaiai|Parting Shot|p1a: CoolGuy64\n|-hint|Since gen 7, Dark is immune to Prankster moves.\n|-immune|p1a: CoolGuy64\n|move|p1a: CoolGuy64|Kowtow Cleave|p2a: Grafaiai\n|-damage|p2a: Grafaiai|39\/100\n|-enditem|p2a: Grafaiai|Sitrus Berry|[eat]\n|-heal|p2a: Grafaiai|64\/100|[from] item: Sitrus Berry\n|move|p1b: Dripplin|Syrup Bomb|p2a: Grafaiai\n|-resisted|p2a: Grafaiai\n|-damage|p2a: Grafaiai|51\/100\n|-start|p2a: Grafaiai|Syrup Bomb\n|\n|-unboost|p2a: Grafaiai|spe|1\n|upkeep\n|turn|9\n|\n|t:|1700266393\n|move|p2a: Grafaiai|Parting Shot|p1a: CoolGuy64\n|-hint|Since gen 7, Dark is immune to Prankster moves.\n|-immune|p1a: CoolGuy64\n|move|p1a: CoolGuy64|Kowtow Cleave|p2a: Grafaiai\n|-damage|p2a: Grafaiai|0 fnt\n|faint|p2a: Grafaiai\n|\n|win|whatshamidt\n|c|\u2606whatshamidt|GG\n|c|&|\/uhtml prompt-whatshamidt,whatshamidt is ready for game 2!\n|inactive|Hammyman513 has 50 seconds to confirm battle start!\n|l|\u2606Hammyman513\n|inactive|Hammyman513 has 40 seconds to confirm battle start!\n|inactive|Hammyman513 has 30 seconds to confirm battle start!\n|c| Raikia|uh\n|inactive|Hammyman513 has 20 seconds to confirm battle start!\n|inactive|Hammyman513 has 10 seconds to confirm battle start!\n|c|\u2606whatshamidt|they sent me a new challenge\n|c| Raikia|i see\n|c|\u2606whatshamidt|must not be used to the bo3 format, nw\nBoth players are ready! Starting next match!\n|c| Lkynmbr24|Breh lol\n|l| Lkynmbr24\n|l| Raikia\n","uploadtime":1700266769,"views":13,"p1id":"whatshamidt","p2id":"hammyman513","formatid":"gen9vgc2023regulatione","rating":0,"private":0,"password":""}