{"id":"gen9vgc2023regulatione-1996385047","p1":"AngleOfIncidence","p2":"KingMooshroom17","format":"[Gen 9] VGC 2023 Regulation E","log":"|j|\u2606AngleOfIncidence\n|j|\u2606KingMooshroom17\n|t:|1700676985\n|gametype|doubles\n|player|p1|AngleOfIncidence|tate|1260\n|player|p2|KingMooshroom17|hilbert|1268\n|teamsize|p1|6\n|teamsize|p2|6\n|gen|9\n|tier|[Gen 9] VGC 2023 Regulation E\n|rated|\n|rule|Species Clause: Limit one of each Pok\u00e9mon\n|rule|Item Clause: Limit one of each item\n|clearpoke\n|poke|p1|Golem-Alola, L50, M|\n|poke|p1|Rabsca, L50, F|\n|poke|p1|Mimikyu, L50, M|\n|poke|p1|Chien-Pao, L50|\n|poke|p1|Basculegion, L50, M|\n|poke|p1|Volcarona, L50, M|\n|poke|p2|Iron Hands, L50|\n|poke|p2|Sinistcha-Masterpiece, L50|\n|poke|p2|Arcanine, L50, M|\n|poke|p2|Golem, L50, F|\n|poke|p2|Iron Bundle, L50|\n|poke|p2|Ursaluna-Bloodmoon, L50, M|\n|teampreview|4\nKingMooshroom17 rejected open team sheets.\n|inactive|Battle timer is ON: inactive players will automatically lose when time's up. (requested by KingMooshroom17)\n|\n|t:|1700677017\n|start\n|switch|p1a: Golem|Golem-Alola, L50, M|100\/100\n|switch|p1b: Rabsca|Rabsca, L50, F|100\/100\n|switch|p2a: Punchy Rock|Golem, L50, F|100\/100\n|switch|p2b: Sinistcha|Sinistcha-Masterpiece, L50|100\/100\n|turn|1\n|inactive|KingMooshroom17 has 30 seconds left.\n|\n|t:|1700677047\n|-terastallize|p2a: Punchy Rock|Normal\n|move|p2b: Sinistcha|Matcha Gotcha|p1a: Golem|[spread] p1a,p1b\n|-supereffective|p1a: Golem\n|-resisted|p1b: Rabsca\n|-damage|p1a: Golem|32\/100\n|-damage|p1b: Rabsca|91\/100\n|-status|p1a: Golem|brn\n|move|p1b: Rabsca|Psychic|p2b: Sinistcha\n|-damage|p2b: Sinistcha|64\/100\n|move|p2a: Punchy Rock|Earthquake|p1b: Rabsca|[spread] p2b,p1a,p1b\n|-resisted|p2b: Sinistcha\n|-supereffective|p1a: Golem\n|-resisted|p1b: Rabsca\n|-damage|p2b: Sinistcha|47\/100\n|-damage|p1a: Golem|0 fnt\n|-damage|p1b: Rabsca|70\/100\n|faint|p1a: Golem\n|\n|upkeep\n|\n|t:|1700677056\n|switch|p1a: Chien-Pao|Chien-Pao, L50|100\/100\n|-ability|p1a: Chien-Pao|Sword of Ruin\n|turn|2\n|inactive|KingMooshroom17 has 30 seconds left.\n|\n|t:|1700677084\n|switch|p2b: Iron Hands|Iron Hands, L50|100\/100\n|move|p1a: Chien-Pao|Ice Spinner|p2a: Punchy Rock\n|-damage|p2a: Punchy Rock|63\/100\n|move|p1b: Rabsca|Revival Blessing|p1b: Rabsca\n|-enditem|p1b: Rabsca|Leppa Berry|[eat]\n|-activate|p1b: Rabsca|item: Leppa Berry|Revival Blessing|[consumed]\n|\n|t:|1700677092\n|-heal|p1: Golem|50\/100|[from] move: Revival Blessing\n|move|p2a: Punchy Rock|Rock Slide|p1a: Chien-Pao|[spread] p1a,p1b\n|-supereffective|p1a: Chien-Pao\n|-supereffective|p1b: Rabsca\n|-damage|p1a: Chien-Pao|19\/100\n|-damage|p1b: Rabsca|0 fnt\n|faint|p1b: Rabsca\n|\n|upkeep\n|\n|t:|1700677105\n|switch|p1b: Golem|Golem-Alola, L50, M|50\/100\n|turn|3\n|\n|t:|1700677129\n|-terastallize|p1b: Golem|Normal\n|move|p1a: Chien-Pao|Protect|p1a: Chien-Pao\n|-singleturn|p1a: Chien-Pao|Protect\n|move|p2b: Iron Hands|Fake Out|p1a: Chien-Pao\n|-activate|p1a: Chien-Pao|move: Protect\n|move|p2a: Punchy Rock|Earthquake|p1b: Golem|[spread] p2b,p1b\n|-activate|p1a: Chien-Pao|move: Protect\n|-supereffective|p2b: Iron Hands\n|-damage|p2b: Iron Hands|35\/100\n|-damage|p1b: Golem|8\/100\n|move|p1b: Golem|Explosion|p2a: Punchy Rock|[spread] p2a,p2b\n|-activate|p1a: Chien-Pao|move: Protect\n|-damage|p2a: Punchy Rock|0 fnt\n|-damage|p2b: Iron Hands|0 fnt\n|faint|p1b: Golem\n|faint|p2a: Punchy Rock\n|faint|p2b: Iron Hands\n|-end|p2b: Iron Hands|Quark Drive|[silent]\n|\n|upkeep\n|\n|t:|1700677134\n|switch|p2b: Ursaluna|Ursaluna-Bloodmoon, L50, M|100\/100\n|switch|p2a: Sinistcha|Sinistcha-Masterpiece, L50|47\/100\n|switch|p1b: Basculegion|Basculegion, L50, M|100\/100\n|turn|4\n|\n|t:|1700677152\n|move|p2a: Sinistcha|Rage Powder|p2a: Sinistcha\n|-singleturn|p2a: Sinistcha|move: Rage Powder\n|move|p1b: Basculegion|Last Respects|p2a: Sinistcha\n|-supereffective|p2a: Sinistcha\n|-damage|p2a: Sinistcha|0 fnt\n|faint|p2a: Sinistcha\n|move|p1a: Chien-Pao|Sacred Sword|p2b: Ursaluna\n|-supereffective|p2b: Ursaluna\n|-damage|p2b: Ursaluna|41\/100\n|move|p2b: Ursaluna|Hyper Voice|p1a: Chien-Pao|[spread] p1a,p1b\n|-damage|p1a: Chien-Pao|0 fnt\n|-damage|p1b: Basculegion|57\/100\n|faint|p1a: Chien-Pao\n|-enditem|p2b: Ursaluna|Throat Spray\n|-boost|p2b: Ursaluna|spa|1|[from] item: Throat Spray\n|\n|upkeep\n|turn|5\n|\n|t:|1700677163\n|move|p1b: Basculegion|Last Respects|p2b: Ursaluna\n|-immune|p2b: Ursaluna\n|move|p2b: Ursaluna|Blood Moon|p1b: Basculegion\n|-damage|p1b: Basculegion|0 fnt\n|faint|p1b: Basculegion\n|\n|win|KingMooshroom17\n|raw|AngleOfIncidence's rating: 1260 &rarr; <strong>1236<\/strong><br \/>(-24 for losing)\n|raw|KingMooshroom17's rating: 1268 &rarr; <strong>1292<\/strong><br \/>(+24 for winning)\n|l|\u2606AngleOfIncidence\n","uploadtime":1700677168,"views":8,"p1id":"angleofincidence","p2id":"kingmooshroom17","formatid":"gen9vgc2023regulatione","rating":1236,"private":0,"password":""}