{"id":"gen9vgc2023regulatione-1988809831","p1":"Sakunah","p2":"KingKRool213","format":"[Gen 9] VGC 2023 Regulation E","log":"|j|\u2606Sakunah\n|j|\u2606KingKRool213\n|t:|1699766396\n|gametype|doubles\n|player|p1|Sakunah|170|1108\n|player|p2|KingKRool213|roark|1144\n|teamsize|p1|6\n|teamsize|p2|6\n|gen|9\n|tier|[Gen 9] VGC 2023 Regulation E\n|rated|\n|rule|Species Clause: Limit one of each Pok\u00e9mon\n|rule|Item Clause: Limit one of each item\n|clearpoke\n|poke|p1|Zoroark-Hisui, L50, F|\n|poke|p1|Maushold, L50|\n|poke|p1|Kingambit, L50, F|\n|poke|p1|Flutter Mane, L50|\n|poke|p1|Chien-Pao, L50|\n|poke|p1|Kommo-o, L50, M|\n|poke|p2|Gliscor, L50, M|\n|poke|p2|Ting-Lu, L50|\n|poke|p2|Wo-Chien, L50|\n|poke|p2|Cresselia, L50, F|\n|poke|p2|Glimmora, L50, M|\n|poke|p2|Clefable, L50, M|\n|teampreview|4\n|\n|t:|1699766447\n|start\n|switch|p1a: Chien-Pao|Chien-Pao, L50|100\/100\n|switch|p1b: Kommo-o|Kommo-o, L50, M|100\/100\n|switch|p2a: Gliscor|Gliscor, L50, M, shiny|100\/100\n|switch|p2b: Glimmora|Glimmora, L50, M|100\/100\n|-ability|p1a: Chien-Pao|Sword of Ruin\n|turn|1\n|\n|t:|1699766473\n|move|p2a: Gliscor|Protect|p2a: Gliscor\n|-singleturn|p2a: Gliscor|Protect\n|move|p1a: Chien-Pao|Sacred Sword|p2b: Glimmora\n|-damage|p2b: Glimmora|49\/100\n|-activate|p2b: Glimmora|ability: Toxic Debris\n|-sidestart|p1: Sakunah|move: Toxic Spikes\n|move|p2b: Glimmora|Mortal Spin|p1b: Kommo-o|[spread] p1a,p1b\n|-damage|p1a: Chien-Pao|95\/100\n|-damage|p1b: Kommo-o|96\/100\n|-status|p1a: Chien-Pao|psn\n|-status|p1b: Kommo-o|psn\n|move|p1b: Kommo-o|Iron Defense|p1b: Kommo-o\n|-boost|p1b: Kommo-o|def|2\n|\n|-heal|p1b: Kommo-o|100\/100 psn|[from] item: Leftovers\n|-damage|p1a: Chien-Pao|82\/100 psn|[from] psn\n|-damage|p1b: Kommo-o|88\/100 psn|[from] psn\n|-status|p2a: Gliscor|tox|[from] item: Toxic Orb\n|upkeep\n|turn|2\n|\n|t:|1699766536\n|switch|p2a: Cresselia|Cresselia, L50, F, shiny|100\/100\n|move|p1a: Chien-Pao|Sucker Punch||[still]\n|-fail|p1a: Chien-Pao\n|move|p2b: Glimmora|Spikes|p1b: Kommo-o\n|-sidestart|p1: Sakunah|Spikes\n|move|p1b: Kommo-o|Iron Defense|p1b: Kommo-o\n|-boost|p1b: Kommo-o|def|2\n|\n|-heal|p1b: Kommo-o|94\/100 psn|[from] item: Leftovers\n|-damage|p1a: Chien-Pao|70\/100 psn|[from] psn\n|-damage|p1b: Kommo-o|82\/100 psn|[from] psn\n|upkeep\n|turn|3\n|\n|t:|1699766556\n|move|p1b: Kommo-o|Protect|p1b: Kommo-o\n|-singleturn|p1b: Kommo-o|Protect\n|move|p1a: Chien-Pao|Sacred Sword|p2b: Glimmora\n|-damage|p2b: Glimmora|4\/100\n|-activate|p2b: Glimmora|ability: Toxic Debris\n|-sidestart|p1: Sakunah|move: Toxic Spikes\n|move|p2b: Glimmora|Earth Power|p1b: Kommo-o\n|-activate|p1b: Kommo-o|move: Protect\n|move|p2a: Cresselia|Dazzling Gleam|p1b: Kommo-o|[spread] p1a\n|-activate|p1b: Kommo-o|move: Protect\n|-supereffective|p1a: Chien-Pao\n|-damage|p1a: Chien-Pao|38\/100 psn\n|\n|-heal|p1b: Kommo-o|88\/100 psn|[from] item: Leftovers\n|-damage|p1a: Chien-Pao|26\/100 psn|[from] psn\n|-damage|p1b: Kommo-o|76\/100 psn|[from] psn\n|upkeep\n|turn|4\n|\n|t:|1699766585\n|-terastallize|p1b: Kommo-o|Rock\n|move|p1a: Chien-Pao|Sacred Sword|p2b: Glimmora\n|-damage|p2b: Glimmora|0 fnt\n|faint|p2b: Glimmora\n|move|p1b: Kommo-o|Iron Head|p2a: Cresselia\n|-damage|p2a: Cresselia|80\/100\n|-damage|p1b: Kommo-o|60\/100 psn|[from] item: Rocky Helmet|[of] p2a: Cresselia\n|move|p2a: Cresselia|Dazzling Gleam|p1a: Chien-Pao|[spread] p1a,p1b\n|-supereffective|p1a: Chien-Pao\n|-damage|p1a: Chien-Pao|0 fnt\n|-damage|p1b: Kommo-o|49\/100 psn\n|faint|p1a: Chien-Pao\n|\n|-heal|p1b: Kommo-o|55\/100 psn|[from] item: Leftovers\n|-damage|p1b: Kommo-o|43\/100 psn|[from] psn\n|upkeep\n|\n|t:|1699766602\n|switch|p1a: Kingambit|Kingambit, L50, F|100\/100\n|switch|p2b: Gliscor|Gliscor, L50, M, shiny|100\/100 tox\n|-damage|p1a: Kingambit|88\/100|[from] Spikes\n|turn|5\n|\n|t:|1699766617\n|move|p1b: Kommo-o|Protect|p1b: Kommo-o\n|-singleturn|p1b: Kommo-o|Protect\n|move|p2a: Cresselia|Protect|p2a: Cresselia\n|-singleturn|p2a: Cresselia|Protect\n|move|p2b: Gliscor|Earthquake|p1b: Kommo-o|[spread] p1a\n|-activate|p2a: Cresselia|move: Protect\n|-activate|p1b: Kommo-o|move: Protect\n|-supereffective|p1a: Kingambit\n|-damage|p1a: Kingambit|54\/100\n|move|p1a: Kingambit|Kowtow Cleave|p2a: Cresselia\n|-activate|p2a: Cresselia|move: Protect\n|\n|-heal|p1b: Kommo-o|49\/100 psn|[from] item: Leftovers\n|-damage|p1b: Kommo-o|37\/100 psn|[from] psn\n|upkeep\n|turn|6\n|\n|t:|1699766655\n|-terastallize|p2a: Cresselia|Fairy\n|move|p2b: Gliscor|Earthquake|p1a: Kingambit|[spread] p1a,p1b\n|-immune|p2a: Cresselia|[from] ability: Levitate\n|-supereffective|p1a: Kingambit\n|-supereffective|p1b: Kommo-o\n|-damage|p1a: Kingambit|19\/100\n|-damage|p1b: Kommo-o|23\/100 psn\n|move|p1b: Kommo-o|Body Press|p2b: Gliscor\n|-resisted|p2b: Gliscor\n|-damage|p2b: Gliscor|66\/100 tox\n|move|p2a: Cresselia|Dazzling Gleam|p1b: Kommo-o|[spread] p1a,p1b\n|-damage|p1a: Kingambit|3\/100\n|-damage|p1b: Kommo-o|8\/100 psn\n|move|p1a: Kingambit|Kowtow Cleave|p2a: Cresselia\n|-resisted|p2a: Cresselia\n|-damage|p2a: Cresselia|64\/100\n|-damage|p1a: Kingambit|0 fnt|[from] item: Rocky Helmet|[of] p2a: Cresselia\n|faint|p1a: Kingambit\n|\n|-heal|p1b: Kommo-o|14\/100 psn|[from] item: Leftovers\n|-heal|p2b: Gliscor|78\/100 tox|[from] ability: Poison Heal\n|-damage|p1b: Kommo-o|2\/100 psn|[from] psn\n|upkeep\n|\n|t:|1699766680\n|switch|p1a: Flutter Mane|Flutter Mane, L50|100\/100\n|-status|p1a: Flutter Mane|tox\n|-damage|p1a: Flutter Mane|88\/100 tox|[from] Spikes\n|turn|7\n|\n|t:|1699766697\n|move|p1b: Kommo-o|Protect|p1b: Kommo-o\n|-singleturn|p1b: Kommo-o|Protect\n|move|p1a: Flutter Mane|Shadow Ball|p2b: Gliscor\n|-damage|p2b: Gliscor|18\/100 tox\n|-unboost|p2b: Gliscor|spd|1\n|move|p2b: Gliscor|Earthquake|p1a: Flutter Mane|[spread] p1a\n|-activate|p1b: Kommo-o|move: Protect\n|-immune|p2a: Cresselia|[from] ability: Levitate\n|-damage|p1a: Flutter Mane|47\/100 tox\n|move|p2a: Cresselia|Lunar Blessing|p2a: Cresselia|[spread] p2a,p2b\n|-heal|p2a: Cresselia|89\/100\n|-heal|p2b: Gliscor|43\/100 tox\n|-curestatus|p2b: Gliscor|tox|[msg]\n|\n|-heal|p1b: Kommo-o|8\/100 psn|[from] item: Leftovers\n|-damage|p1a: Flutter Mane|41\/100 tox|[from] psn\n|-damage|p1b: Kommo-o|0 fnt|[from] psn\n|faint|p1b: Kommo-o\n|-status|p2b: Gliscor|tox|[from] item: Toxic Orb\n|upkeep\n|turn|8\n|\n|t:|1699766719\n|move|p2b: Gliscor|Protect|p2b: Gliscor\n|-singleturn|p2b: Gliscor|Protect\n|move|p1a: Flutter Mane|Shadow Ball|p2b: Gliscor\n|-activate|p2b: Gliscor|move: Protect\n|move|p2a: Cresselia|Dazzling Gleam|p1a: Flutter Mane\n|-damage|p1a: Flutter Mane|23\/100 tox\n|\n|-damage|p1a: Flutter Mane|11\/100 tox|[from] psn\n|-heal|p2b: Gliscor|55\/100 tox|[from] ability: Poison Heal\n|upkeep\n|turn|9\n|\n|t:|1699766745\n|move|p2a: Cresselia|Ally Switch|p2a: Cresselia\n|swap|p2a: Cresselia|1|[from] move: Ally Switch\n|move|p1a: Flutter Mane|Shadow Ball|p2b: Cresselia\n|-damage|p2b: Cresselia|51\/100\n|-unboost|p2b: Cresselia|spd|1\n|move|p2a: Gliscor|Earthquake|p1a: Flutter Mane|[spread] p1a\n|-immune|p2b: Cresselia|[from] ability: Levitate\n|-damage|p1a: Flutter Mane|0 fnt\n|faint|p1a: Flutter Mane\n|-end|p1a: Flutter Mane|Protosynthesis|[silent]\n|\n|win|KingKRool213\n|raw|Sakunah's rating: 1108 &rarr; <strong>1086<\/strong><br \/>(-22 for losing)\n|raw|KingKRool213's rating: 1144 &rarr; <strong>1166<\/strong><br \/>(+22 for winning)\n|l|\u2606Sakunah\n","uploadtime":1699766767,"views":25,"p1id":"sakunah","p2id":"kingkrool213","formatid":"gen9vgc2023regulatione","rating":1086,"private":0,"password":""}