{"id":"gen9vgc2023regulatione-1990587079","p1":"MIti090909","p2":"Dannyzzin","format":"[Gen 9] VGC 2023 Regulation E","log":"|j|\u2606MIti090909\n|j|\u2606Dannyzzin\n|t:|1699983645\n|gametype|doubles\n|player|p1|MIti090909|266|1273\n|player|p2|Dannyzzin|169|1197\n|teamsize|p1|6\n|teamsize|p2|6\n|gen|9\n|tier|[Gen 9] VGC 2023 Regulation E\n|rated|\n|rule|Species Clause: Limit one of each Pok\u00e9mon\n|rule|Item Clause: Limit one of each item\n|clearpoke\n|poke|p1|Tornadus, L50, M|\n|poke|p1|Flutter Mane, L50|\n|poke|p1|Rillaboom, L50, M|\n|poke|p1|Ogerpon-Hearthflame, L50, F|\n|poke|p1|Chien-Pao, L50|\n|poke|p1|Dragonite, L50, M|\n|poke|p2|Urshifu-*, L50, F|\n|poke|p2|Flutter Mane, L50|\n|poke|p2|Cresselia, L50, F|\n|poke|p2|Iron Hands, L50|\n|poke|p2|Arcanine-Hisui, L50, F|\n|poke|p2|Golem-Alola, L50, M|\n|teampreview|4\n|inactive|Battle timer is ON: inactive players will automatically lose when time's up. (requested by Dannyzzin)\n|\n|t:|1699983702\n|start\n|switch|p1a: Cloudy<3|Tornadus, L50, M, shiny|100\/100\n|switch|p1b: Flutter<3|Flutter Mane, L50|100\/100\n|switch|p2a: Urshifu|Urshifu, L50, F|100\/100\n|switch|p2b: Golem|Golem-Alola, L50, M, shiny|100\/100\n|turn|1\n|\n|t:|1699983722\n|-terastallize|p1b: Flutter<3|Fairy\n|-terastallize|p2b: Golem|Electric\n|move|p2a: Urshifu|Protect|p2a: Urshifu\n|-singleturn|p2a: Urshifu|Protect\n|move|p1a: Cloudy<3|Sunny Day|p1a: Cloudy<3\n|-weather|SunnyDay\n|-activate|p1b: Flutter<3|ability: Protosynthesis\n|-start|p1b: Flutter<3|protosynthesisspa\n|move|p1b: Flutter<3|Dazzling Gleam|p2a: Urshifu|[spread] p2b\n|-activate|p2a: Urshifu|move: Protect\n|-damage|p2b: Golem|15\/100\n|move|p2b: Golem|Explosion|p1b: Flutter<3|[spread] p1a,p1b\n|-activate|p2a: Urshifu|move: Protect\n|-supereffective|p1a: Cloudy<3\n|-damage|p1a: Cloudy<3|0 fnt\n|-damage|p1b: Flutter<3|0 fnt\n|faint|p2b: Golem\n|faint|p1a: Cloudy<3\n|faint|p1b: Flutter<3\n|-end|p1b: Flutter<3|Protosynthesis|[silent]\n|\n|-weather|SunnyDay|[upkeep]\n|upkeep\n|\n|t:|1699983745\n|switch|p1b: RillaDOOM!|Rillaboom, L50, M, shiny|100\/100\n|switch|p1a: Blom<3|Ogerpon-Hearthflame, L50, F|100\/100\n|switch|p2b: Iron Hands|Iron Hands, L50|100\/100\n|-ability|p1a: Blom<3|Mold Breaker\n|-fieldstart|move: Grassy Terrain|[from] ability: Grassy Surge|[of] p1b: RillaDOOM!\n|turn|2\n|\n|t:|1699983767\n|move|p1b: RillaDOOM!|Fake Out|p2a: Urshifu\n|-damage|p2a: Urshifu|86\/100\n|move|p2b: Iron Hands|Fake Out|p1a: Blom<3\n|-damage|p1a: Blom<3|82\/100\n|cant|p1a: Blom<3|flinch\n|cant|p2a: Urshifu|flinch\n|\n|-weather|SunnyDay|[upkeep]\n|-heal|p1a: Blom<3|88\/100|[from] Grassy Terrain\n|-heal|p2a: Urshifu|92\/100|[from] Grassy Terrain\n|upkeep\n|turn|3\n|\n|t:|1699983792\n|move|p2a: Urshifu|Protect|p2a: Urshifu\n|-singleturn|p2a: Urshifu|Protect\n|move|p1a: Blom<3|Ivy Cudgel|p2a: Urshifu|[anim] Ivy Cudgel Fire\n|-activate|p2a: Urshifu|move: Protect\n|move|p1b: RillaDOOM!|Stomping Tantrum|p2b: Iron Hands\n|-supereffective|p2b: Iron Hands\n|-damage|p2b: Iron Hands|67\/100\n|move|p2b: Iron Hands|Drain Punch|p1a: Blom<3\n|-damage|p1a: Blom<3|32\/100\n|-heal|p2b: Iron Hands|86\/100|[from] drain|[of] p1a: Blom<3\n|\n|-weather|SunnyDay|[upkeep]\n|-heal|p1a: Blom<3|38\/100|[from] Grassy Terrain\n|-heal|p2a: Urshifu|98\/100|[from] Grassy Terrain\n|-heal|p2b: Iron Hands|92\/100|[from] Grassy Terrain\n|upkeep\n|turn|4\n|inactive|Dannyzzin has 30 seconds left.\n|\n|t:|1699983826\n|move|p1a: Blom<3|Ivy Cudgel|p2a: Urshifu|[anim] Ivy Cudgel Fire\n|-damage|p2a: Urshifu|6\/100\n|move|p2a: Urshifu|Wicked Blow|p1a: Blom<3\n|-crit|p1a: Blom<3\n|-damage|p1a: Blom<3|0 fnt\n|faint|p1a: Blom<3\n|move|p1b: RillaDOOM!|Wood Hammer|p2a: Urshifu\n|-damage|p2a: Urshifu|0 fnt\n|faint|p2a: Urshifu\n|-damage|p1b: RillaDOOM!|99\/100|[from] Recoil\n|move|p2b: Iron Hands|Drain Punch|p1b: RillaDOOM!\n|-damage|p1b: RillaDOOM!|57\/100\n|-heal|p2b: Iron Hands|100\/100|[from] drain|[of] p1b: RillaDOOM!\n|\n|-weather|SunnyDay|[upkeep]\n|-heal|p1b: RillaDOOM!|63\/100|[from] Grassy Terrain\n|upkeep\n|\n|t:|1699983843\n|switch|p2a: Flutter Mane|Flutter Mane, L50|100\/100\n|-activate|p2a: Flutter Mane|ability: Protosynthesis\n|-start|p2a: Flutter Mane|protosynthesisspa\n|turn|5\n|\n|t:|1699983856\n|move|p2a: Flutter Mane|Protect|p2a: Flutter Mane\n|-singleturn|p2a: Flutter Mane|Protect\n|move|p1b: RillaDOOM!|Wood Hammer|p2a: Flutter Mane\n|-activate|p2a: Flutter Mane|move: Protect\n|move|p2b: Iron Hands|Drain Punch|p1b: RillaDOOM!\n|-damage|p1b: RillaDOOM!|22\/100\n|\n|-weather|none\n|-end|p2a: Flutter Mane|Protosynthesis\n|-heal|p1b: RillaDOOM!|28\/100|[from] Grassy Terrain\n|upkeep\n|-enditem|p2a: Flutter Mane|Booster Energy\n|-activate|p2a: Flutter Mane|ability: Protosynthesis|[fromitem]\n|-start|p2a: Flutter Mane|protosynthesisspa\n|turn|6\n|\n|t:|1699983872\n|move|p2a: Flutter Mane|Icy Wind|p1b: RillaDOOM!\n|-supereffective|p1b: RillaDOOM!\n|-damage|p1b: RillaDOOM!|0 fnt\n|faint|p1b: RillaDOOM!\n|\n|win|Dannyzzin\n|raw|MIti090909's rating: 1273 &rarr; <strong>1243<\/strong><br \/>(-30 for losing)\n|raw|Dannyzzin's rating: 1197 &rarr; <strong>1227<\/strong><br \/>(+30 for winning)\n|l|\u2606MIti090909\n","uploadtime":1699983886,"views":7,"p1id":"miti090909","p2id":"dannyzzin","formatid":"gen9vgc2023regulatione","rating":1227,"private":0,"password":""}