{"id":"gen9vgc2023regulatione-1989402414","p1":"JeanRyuPR","p2":"Lab Gamer","format":"[Gen 9] VGC 2023 Regulation E","log":"|j|\u2606JeanRyuPR\n|j|\u2606Lab Gamer\n|n|\u2606JeanRyuPR|jeanryupr\n|n|\u2606Lab Gamer|labgamer\n|html|View the match progress at <a href=\"\/game-bestof3-gen9vgc2023regulatione-1989398218\">game-bestof3-gen9vgc2023regulatione-1989398218<\/a>\n|t:|1699845680\n|gametype|doubles\n|player|p1|JeanRyuPR|lance|\n|player|p2|Lab Gamer|roark|\n|teamsize|p1|6\n|teamsize|p2|6\n|gen|9\n|tier|[Gen 9] VGC 2023 Regulation E\n|rule|Species Clause: Limit one of each Pok\u00e9mon\n|rule|Item Clause: Limit one of each item\n|clearpoke\n|poke|p1|Ogerpon-Wellspring, L50, F|\n|poke|p1|Farigiraf, L50, F|\n|poke|p1|Roaring Moon, L50|\n|poke|p1|Landorus-Therian, L50, M|\n|poke|p1|Rillaboom, L50, F|\n|poke|p1|Heatran, L50, M|\n|poke|p2|Ogerpon-Wellspring, L50, F|\n|poke|p2|Rillaboom, L50, F|\n|poke|p2|Heatran, L50, M|\n|poke|p2|Kommo-o, L50, M|\n|poke|p2|Farigiraf, L50, F|\n|poke|p2|Landorus-Therian, L50, M|\n|teampreview|4\nLab Gamer has agreed to open team sheets.\nJeanRyuPR has agreed to open team sheets.\n|showteam|p1|Ogerpon-Wellspring||WellspringMask|WaterAbsorb|IvyCudgel,SpikyShield,HornLeech,SwordsDance|||F|||50|,,,,,Water]Farigiraf||SitrusBerry|ArmorTail|NastyPlot,HyperVoice,Imprison,TrickRoom|||F|||50|,,,,,Normal]Roaring Moon||BoosterEnergy|Protosynthesis|KnockOff,Tailwind,Protect,BreakingSwipe||||||50|,,,,,Poison]Landorus-Therian||ChoiceScarf|Intimidate|Uturn,RockSlide,TeraBlast,StompingTantrum|||M|||50|,,,,,Flying]Rillaboom||AssaultVest|GrassySurge|WoodHammer,FakeOut,Uturn,KnockOff|||F|||50|,,,,,Fire]Heatran||LifeOrb|FlashFire|HeatWave,FlashCannon,WillOWisp,Protect|||M|||50|,,,,,Fairy\n|showteam|p2|Ogerpon-Wellspring||WellspringMask|WaterAbsorb|IvyCudgel,HornLeech,FollowMe,SpikyShield|||F|||50|,,,,,Water]Rillaboom||AssaultVest|GrassySurge|GrassyGlide,Uturn,HighHorsepower,FakeOut|||F|||50|,,,,,Fire]Heatran||Leftovers|FlashFire|MagmaStorm,EarthPower,WillOWisp,Protect|||M|||50|,,,,,Fairy]Kommo-o||GrassySeed|Bulletproof|IronHead,BodyPress,IronDefense,Protect|||M|||50|,,,,,Steel]Farigiraf||SitrusBerry|ArmorTail|DazzlingGleam,Psychic,NastyPlot,TrickRoom|||F|||50|,,,,,Fairy]Landorus-Therian||ChoiceScarf|Intimidate|StompingTantrum,TeraBlast,RockSlide,Uturn|||M|||50|,,,,,Flying\n|\n|t:|1699845929\n|start\n|switch|p1a: Heatran|Heatran, L50, M|100\/100\n|switch|p1b: Landorus|Landorus-Therian, L50, M|100\/100\n|switch|p2a: Farigiraf|Farigiraf, L50, F|100\/100\n|switch|p2b: Kommo-o|Kommo-o, L50, M|100\/100\n|-ability|p1b: Landorus|Intimidate|boost\n|-unboost|p2a: Farigiraf|atk|1\n|-unboost|p2b: Kommo-o|atk|1\n|turn|1\n|\n|t:|1699845957\n|-terastallize|p2a: Farigiraf|Fairy\n|move|p2b: Kommo-o|Protect|p2b: Kommo-o\n|-singleturn|p2b: Kommo-o|Protect\n|move|p1b: Landorus|U-turn|p2a: Farigiraf\n|-resisted|p2a: Farigiraf\n|-damage|p2a: Farigiraf|88\/100\n|\n|t:|1699845965\n|switch|p1b: Farigiraf|Farigiraf, L50, F|100\/100|[from] U-turn\n|move|p1a: Heatran|Heat Wave|p2b: Kommo-o|[spread] p2a\n|-activate|p2b: Kommo-o|move: Protect\n|-damage|p2a: Farigiraf|54\/100\n|-damage|p1a: Heatran|91\/100|[from] item: Life Orb\n|move|p2a: Farigiraf|Trick Room|p2a: Farigiraf\n|-fieldstart|move: Trick Room|[of] p2a: Farigiraf\n|\n|upkeep\n|turn|2\n|\n|t:|1699845987\n|move|p1b: Farigiraf|Nasty Plot|p1b: Farigiraf\n|-boost|p1b: Farigiraf|spa|2\n|move|p2a: Farigiraf|Nasty Plot|p2a: Farigiraf\n|-boost|p2a: Farigiraf|spa|2\n|move|p2b: Kommo-o|Iron Defense|p2b: Kommo-o\n|-boost|p2b: Kommo-o|def|2\n|move|p1a: Heatran|Flash Cannon|p2a: Farigiraf\n|-supereffective|p2a: Farigiraf\n|-damage|p2a: Farigiraf|0 fnt\n|faint|p2a: Farigiraf\n|-damage|p1a: Heatran|81\/100|[from] item: Life Orb\n|\n|upkeep\n|\n|t:|1699846006\n|switch|p2a: Rillaboom|Rillaboom, L50, F|100\/100\n|-fieldstart|move: Grassy Terrain|[from] ability: Grassy Surge|[of] p2a: Rillaboom\n|-enditem|p2b: Kommo-o|Grassy Seed\n|-boost|p2b: Kommo-o|def|1|[from] item: Grassy Seed\n|turn|3\n|\n|t:|1699846041\n|move|p1b: Farigiraf|Hyper Voice|p2a: Rillaboom|[spread] p2a,p2b\n|-damage|p2a: Rillaboom|46\/100\n|-damage|p2b: Kommo-o|39\/100\n|move|p2b: Kommo-o|Body Press|p1b: Farigiraf\n|-damage|p1b: Farigiraf|0 fnt\n|faint|p1b: Farigiraf\n|move|p1a: Heatran|Heat Wave|p2a: Rillaboom|[spread] p2a,p2b\n|-supereffective|p2a: Rillaboom\n|-resisted|p2b: Kommo-o\n|-damage|p2a: Rillaboom|0 fnt\n|-damage|p2b: Kommo-o|19\/100\n|faint|p2a: Rillaboom\n|-damage|p1a: Heatran|71\/100|[from] item: Life Orb\n|\n|-heal|p2b: Kommo-o|25\/100|[from] Grassy Terrain\n|-heal|p1a: Heatran|77\/100|[from] Grassy Terrain\n|upkeep\n|\n|t:|1699846058\n|switch|p1b: Roaring Moon|Roaring Moon, L50|100\/100\n|switch|p2a: Landorus|Landorus-Therian, L50, M|100\/100\n|-ability|p2a: Landorus|Intimidate|boost\n|-unboost|p1a: Heatran|atk|1\n|-unboost|p1b: Roaring Moon|atk|1\n|-enditem|p1b: Roaring Moon|Booster Energy\n|-activate|p1b: Roaring Moon|ability: Protosynthesis|[fromitem]\n|-start|p1b: Roaring Moon|protosynthesisspe\n|turn|4\n|\n|t:|1699846090\n|move|p2b: Kommo-o|Body Press|p1b: Roaring Moon\n|-supereffective|p1b: Roaring Moon\n|-damage|p1b: Roaring Moon|0 fnt\n|faint|p1b: Roaring Moon\n|-end|p1b: Roaring Moon|Protosynthesis|[silent]\n|move|p1a: Heatran|Heat Wave|p2a: Landorus|[spread] p2a,p2b\n|-resisted|p2b: Kommo-o\n|-damage|p2a: Landorus|55\/100\n|-damage|p2b: Kommo-o|6\/100\n|-damage|p1a: Heatran|67\/100|[from] item: Life Orb\n|move|p2a: Landorus|Stomping Tantrum|p1a: Heatran\n|-supereffective|p1a: Heatran\n|-damage|p1a: Heatran|0 fnt\n|faint|p1a: Heatran\n|\n|-heal|p2b: Kommo-o|12\/100|[from] Grassy Terrain\n|upkeep\n|\n|t:|1699846106\n|switch|p1b: Landorus|Landorus-Therian, L50, M|100\/100\n|-ability|p1b: Landorus|Intimidate|boost\n|-unboost|p2a: Landorus|atk|1\n|-unboost|p2b: Kommo-o|atk|1\n|turn|5\n|\n|t:|1699846124\n|move|p2b: Kommo-o|Body Press|p1b: Landorus\n|-resisted|p1b: Landorus\n|-damage|p1b: Landorus|38\/100\n|move|p1b: Landorus|Rock Slide|p2b: Kommo-o|[spread] p2a,p2b\n|-resisted|p2b: Kommo-o\n|-damage|p2a: Landorus|26\/100\n|-damage|p2b: Kommo-o|9\/100\n|move|p2a: Landorus|Stomping Tantrum|p1b: Landorus\n|-immune|p1b: Landorus\n|\n|-heal|p2b: Kommo-o|15\/100|[from] Grassy Terrain\n|-fieldend|move: Trick Room\n|upkeep\n|turn|6\n|\n|t:|1699846145\n|move|p2a: Landorus|Stomping Tantrum|p1b: Landorus\n|-immune|p1b: Landorus\n|move|p1b: Landorus|Rock Slide|p2a: Landorus|[spread] p2a,p2b\n|-resisted|p2b: Kommo-o\n|-damage|p2a: Landorus|0 fnt\n|-damage|p2b: Kommo-o|12\/100\n|faint|p2a: Landorus\n|move|p2b: Kommo-o|Body Press|p1b: Landorus\n|-resisted|p1b: Landorus\n|-damage|p1b: Landorus|0 fnt\n|faint|p1b: Landorus\n|\n|win|Lab Gamer\n","uploadtime":1699846265,"views":12,"p1id":"jeanryupr","p2id":"labgamer","formatid":"gen9vgc2023regulatione","rating":0,"private":0,"password":""}