{"id":"gen9vgc2023regulatione-1994494716","p1":"furretusedpunch","p2":"Leek_Alt","format":"[Gen 9] VGC 2023 Regulation E","log":"|j|\u2606furretusedpunch\n|j|\u2606Leek_Alt\n|t:|1700450564\n|gametype|doubles\n|player|p1|furretusedpunch|169|\n|player|p2|Leek_Alt|blue|\n|teamsize|p1|6\n|teamsize|p2|6\n|gen|9\n|tier|[Gen 9] VGC 2023 Regulation E\n|rated|Tournament battle\n|rule|Species Clause: Limit one of each Pok\u00e9mon\n|rule|Item Clause: Limit one of each item\n|clearpoke\n|poke|p1|Iron Hands, L50|\n|poke|p1|Landorus-Therian, L50, M|\n|poke|p1|Heatran, L50, M|\n|poke|p1|Flutter Mane, L50|\n|poke|p1|Ogerpon-Wellspring, L50, F|\n|poke|p1|Urshifu-*, L50, F|\n|poke|p2|Gholdengo, L50|\n|poke|p2|Ogerpon-Wellspring, L50, F|\n|poke|p2|Arcanine-Hisui, L50, F|\n|poke|p2|Chien-Pao, L50|\n|poke|p2|Scream Tail, L50|\n|poke|p2|Dragonite, L50, M|\n|teampreview|4\n|showteam|p1|Iron Hands||AssaultVest|QuarkDrive|FakeOut,DrainPunch,WildCharge,HeavySlam||||||50|,,,,,Grass]Landorus-Therian||ChoiceScarf|Intimidate|TeraBlast,Uturn,RockSlide,StompingTantrum|||M|||50|,,,,,Flying]Heatran||Leftovers|FlashFire|Protect,HeatWave,EarthPower,Substitute|||M|||50|,,,,,Grass]Flutter Mane||ChoiceSpecs|Protosynthesis|Moonblast,DazzlingGleam,ShadowBall,TrickRoom||||||50|,,,,,Fairy]Ogerpon-Wellspring||WellspringMask|WaterAbsorb|SpikyShield,FollowMe,IvyCudgel,HornLeech|||F|||50|,,,,,Water]Urshifu||FocusSash|UnseenFist|Detect,WickedBlow,CloseCombat,SuckerPunch|||F|||50|,,,,,Dark\n|showteam|p2|Gholdengo||SitrusBerry|GoodasGold|MakeItRain,ShadowBall,NastyPlot,Protect||||||50|,,,,,Water]Ogerpon-Wellspring||WellspringMask|WaterAbsorb|IvyCudgel,SpikyShield,FollowMe,HornLeech|||F|||50|,,,,,Water]Arcanine-Hisui||ChoiceBand|Intimidate|RockSlide,ExtremeSpeed,FlareBlitz,TeraBlast|||F|||50|,,,,,Fairy]Chien-Pao||FocusSash|SwordofRuin|SuckerPunch,IceSpinner,Protect,SacredSword||||||50|,,,,,Ghost]Scream Tail||BoosterEnergy|Protosynthesis|Howl,ThunderWave,Disable,PlayRough||||||50|,,,,,Steel]Dragonite||AssaultVest|InnerFocus|ExtremeSpeed,AerialAce,DragonClaw,StompingTantrum|||M|||50|,,,,,Poison\n|j|%Radio Free C-Side\n|\n|t:|1700450631\n|start\n|switch|p1a: Flutter Mane|Flutter Mane, L50|100\/100\n|switch|p1b: Heatran|Heatran, L50, M|100\/100\n|switch|p2a: Scream Tail|Scream Tail, L50|100\/100\n|switch|p2b: Dragonite|Dragonite, L50, M|100\/100\n|-enditem|p2a: Scream Tail|Booster Energy\n|-activate|p2a: Scream Tail|ability: Protosynthesis|[fromitem]\n|-start|p2a: Scream Tail|protosynthesisspe\n|turn|1\n|\n|t:|1700450689\n|move|p1b: Heatran|Protect|p1b: Heatran\n|-singleturn|p1b: Heatran|Protect\n|move|p2a: Scream Tail|Thunder Wave|p1a: Flutter Mane\n|-status|p1a: Flutter Mane|par\n|move|p2b: Dragonite|Stomping Tantrum|p1b: Heatran\n|-activate|p1b: Heatran|move: Protect\n|move|p1a: Flutter Mane|Dazzling Gleam|p2a: Scream Tail|[spread] p2a,p2b\n|-supereffective|p2b: Dragonite\n|-damage|p2a: Scream Tail|68\/100\n|-damage|p2b: Dragonite|46\/100\n|\n|upkeep\n|turn|2\n|\n|t:|1700450712\n|switch|p1b: Landorus|Landorus-Therian, L50, M|100\/100\n|-ability|p1b: Landorus|Intimidate|boost\n|-unboost|p2a: Scream Tail|atk|1\n|-fail|p2b: Dragonite|unboost|Attack|[from] ability: Inner Focus|[of] p2b: Dragonite\n|move|p2a: Scream Tail|Howl|p2a: Scream Tail|[spread] p2a,p2b\n|-boost|p2a: Scream Tail|atk|1\n|-boost|p2b: Dragonite|atk|1\n|move|p2b: Dragonite|Aerial Ace|p1a: Flutter Mane\n|-damage|p1a: Flutter Mane|5\/100 par\n|move|p1a: Flutter Mane|Dazzling Gleam|p2a: Scream Tail|[spread] p2a,p2b\n|-supereffective|p2b: Dragonite\n|-damage|p2a: Scream Tail|37\/100\n|-damage|p2b: Dragonite|0 fnt\n|faint|p2b: Dragonite\n|\n|upkeep\n|\n|t:|1700450718\n|switch|p2b: Ogerpon|Ogerpon-Wellspring, L50, F|100\/100\n|turn|3\n|\n|t:|1700450747\n|-terastallize|p1b: Landorus|Flying\n|move|p2b: Ogerpon|Spiky Shield|p2b: Ogerpon\n|-singleturn|p2b: Ogerpon|move: Protect\n|move|p2a: Scream Tail|Play Rough|p1a: Flutter Mane\n|-damage|p1a: Flutter Mane|0 fnt\n|faint|p1a: Flutter Mane\n|-end|p1a: Flutter Mane|Protosynthesis|[silent]\n|move|p1b: Landorus|Tera Blast|p2b: Ogerpon|[anim] Tera Blast Flying\n|-activate|p2b: Ogerpon|move: Protect\n|\n|upkeep\n|\n|t:|1700450762\n|switch|p1a: Heatran|Heatran, L50, M|100\/100\n|turn|4\n|\n|t:|1700450781\n|switch|p1b: Urshifu|Urshifu, L50, F|100\/100\n|-terastallize|p2b: Ogerpon|Water\n|detailschange|p2b: Ogerpon|Ogerpon-Wellspring-Tera, L50, F, tera:Water\n|-ability|p2b: Ogerpon|Embody Aspect (Wellspring)|boost\n|-boost|p2b: Ogerpon|spd|1\n|move|p1a: Heatran|Protect|p1a: Heatran\n|-singleturn|p1a: Heatran|Protect\n|move|p2a: Scream Tail|Disable||[still]\n|-fail|p2a: Scream Tail\n|move|p2b: Ogerpon|Ivy Cudgel|p1a: Heatran|[anim] Ivy Cudgel Water\n|-activate|p1a: Heatran|move: Protect\n|\n|upkeep\n|turn|5\n|\n|t:|1700450810\n|move|p2a: Scream Tail|Thunder Wave|p1b: Urshifu\n|-status|p1b: Urshifu|par\n|move|p2b: Ogerpon|Ivy Cudgel|p1a: Heatran|[anim] Ivy Cudgel Water\n|-supereffective|p1a: Heatran\n|-damage|p1a: Heatran|0 fnt\n|faint|p1a: Heatran\n|move|p1b: Urshifu|Wicked Blow|p2b: Ogerpon\n|-crit|p2b: Ogerpon\n|-damage|p2b: Ogerpon|35\/100\n|\n|upkeep\n|\n|t:|1700450813\n|switch|p1a: Landorus|Landorus-Therian, L50, M, tera:Flying|100\/100\n|-ability|p1a: Landorus|Intimidate|boost\n|-unboost|p2a: Scream Tail|atk|1\n|-unboost|p2b: Ogerpon|atk|1\n|turn|6\n|\n|t:|1700450845\n|move|p2a: Scream Tail|Thunder Wave|p1a: Landorus\n|-status|p1a: Landorus|par\n|move|p2b: Ogerpon|Horn Leech|p1b: Urshifu\n|-damage|p1b: Urshifu|72\/100 par\n|-heal|p2b: Ogerpon|48\/100|[from] drain|[of] p1b: Urshifu\n|move|p1a: Landorus|Stomping Tantrum|p2b: Ogerpon\n|-damage|p2b: Ogerpon|8\/100\n|move|p1b: Urshifu|Wicked Blow|p2a: Scream Tail\n|-crit|p2a: Scream Tail\n|-damage|p2a: Scream Tail|0 fnt\n|faint|p2a: Scream Tail\n|-end|p2a: Scream Tail|Protosynthesis|[silent]\n|\n|upkeep\n|\n|t:|1700450851\n|switch|p2a: Chien-Pao|Chien-Pao, L50|100\/100\n|-ability|p2a: Chien-Pao|Sword of Ruin\n|turn|7\n|\n|t:|1700450861\n|move|p2a: Chien-Pao|Sacred Sword|p1b: Urshifu\n|-supereffective|p1b: Urshifu\n|-damage|p1b: Urshifu|0 fnt\n|faint|p1b: Urshifu\n|move|p2b: Ogerpon|Ivy Cudgel|p1a: Landorus|[anim] Ivy Cudgel Water\n|-damage|p1a: Landorus|27\/100 par\n|move|p1a: Landorus|Stomping Tantrum|p2b: Ogerpon\n|-damage|p2b: Ogerpon|0 fnt\n|faint|p2b: Ogerpon\n|\n|upkeep\n|turn|8\n|\n|t:|1700450870\n|move|p2a: Chien-Pao|Ice Spinner|p1a: Landorus\n|-supereffective|p1a: Landorus\n|-damage|p1a: Landorus|0 fnt\n|faint|p1a: Landorus\n|\n|win|Leek_Alt\n|n|\u2606furretusedpunch|furretusedpunch\n|n|\u2606Leek_Alt|leekalt\n|n| Radio Free C-Side|radiofreecside\n|c|\u2606Leek_Alt|gg\n|c|\u2606furretusedpunch|gg\n|l|\u2606furretusedpunch\n|l| Radio Free C-Side\n","uploadtime":1700450875,"views":7,"p1id":"furretusedpunch","p2id":"leekalt","formatid":"gen9vgc2023regulatione","rating":0,"private":0,"password":""}