{"id":"gen9vgc2023regulatione-1990196700","p1":"Rillaboomer002","p2":"Kzrkrzov","format":"[Gen 9] VGC 2023 Regulation E","log":"|j|\u2606Rillaboomer002\n|j|\u2606Kzrkrzov\n|t:|1699935886\n|gametype|doubles\n|player|p1|Rillaboomer002|hooligans|1173\n|player|p2|Kzrkrzov|lance|1270\n|teamsize|p1|6\n|teamsize|p2|6\n|gen|9\n|tier|[Gen 9] VGC 2023 Regulation E\n|rated|\n|rule|Species Clause: Limit one of each Pok\u00e9mon\n|rule|Item Clause: Limit one of each item\n|clearpoke\n|poke|p1|Moltres-Galar, L50|\n|poke|p1|Sinistcha-Masterpiece, L50|\n|poke|p1|Landorus-Therian, L50, M|\n|poke|p1|Iron Hands, L50|\n|poke|p1|Heatran, L50, M|\n|poke|p1|Grimmsnarl, L50, M|\n|poke|p2|Flutter Mane, L50|\n|poke|p2|Tornadus, L50, M|\n|poke|p2|Rillaboom, L50, M|\n|poke|p2|Garganacl, L50, M|\n|poke|p2|Arcanine-Hisui, L50, F|\n|poke|p2|Chien-Pao, L50|\n|teampreview|4\n|\n|t:|1699935910\n|start\n|switch|p1a: Grimmsnarl|Grimmsnarl, L50, M|100\/100\n|switch|p1b: Iron Hands|Iron Hands, L50|100\/100\n|switch|p2a: Tornadus|Tornadus, L50, M|100\/100\n|switch|p2b: Garganacl|Garganacl, L50, M|100\/100\n|turn|1\n|\n|t:|1699935924\n|-terastallize|p2b: Garganacl|Ghost\n|move|p2a: Tornadus|Tailwind|p2a: Tornadus\n|-sidestart|p2: Kzrkrzov|move: Tailwind\n|move|p1a: Grimmsnarl|Light Screen|p1a: Grimmsnarl\n|-sidestart|p1: Rillaboomer002|move: Light Screen\n|move|p2b: Garganacl|Iron Defense|p2b: Garganacl\n|-boost|p2b: Garganacl|def|2\n|move|p1b: Iron Hands|Drain Punch|p2b: Garganacl\n|-immune|p2b: Garganacl\n|\n|upkeep\n|turn|2\n|\n|t:|1699935956\n|switch|p2a: Arcanine|Arcanine-Hisui, L50, F|100\/100\n|-ability|p2a: Arcanine|Intimidate|boost\n|-unboost|p1a: Grimmsnarl|atk|1\n|-unboost|p1b: Iron Hands|atk|1\n|move|p1a: Grimmsnarl|Parting Shot|p2a: Arcanine\n|-unboost|p2a: Arcanine|atk|1\n|-unboost|p2a: Arcanine|spa|1\n|\n|t:|1699935965\n|switch|p1a: Moltres|Moltres-Galar, L50|100\/100|[from] Parting Shot\n|move|p2b: Garganacl|Salt Cure|p1a: Moltres\n|-supereffective|p1a: Moltres\n|-damage|p1a: Moltres|78\/100\n|-start|p1a: Moltres|Salt Cure\n|move|p1b: Iron Hands|Wild Charge|p2b: Garganacl\n|-damage|p2b: Garganacl|88\/100\n|-damage|p1b: Iron Hands|98\/100|[from] Recoil\n|\n|-damage|p1a: Moltres|65\/100|[from] Salt Cure\n|upkeep\n|turn|3\n|\n|t:|1699935982\n|-end|p1b: Iron Hands|Quark Drive|[silent]\n|switch|p1b: Grimmsnarl|Grimmsnarl, L50, M|100\/100\n|-terastallize|p1a: Moltres|Poison\n|move|p2b: Garganacl|Protect|p2b: Garganacl\n|-singleturn|p2b: Garganacl|Protect\n|move|p2a: Arcanine|Rock Slide|p1b: Grimmsnarl|[spread] p1a,p1b\n|-damage|p1a: Moltres|42\/100\n|-damage|p1b: Grimmsnarl|77\/100\n|-ability|p1a: Moltres|Berserk|boost\n|-boost|p1a: Moltres|spa|1\n|-enditem|p1a: Moltres|Sitrus Berry|[eat]\n|-heal|p1a: Moltres|67\/100|[from] item: Sitrus Berry\n|move|p1a: Moltres|Nasty Plot|p1a: Moltres\n|-boost|p1a: Moltres|spa|2\n|\n|-damage|p1a: Moltres|54\/100|[from] Salt Cure\n|upkeep\n|turn|4\n|\n|t:|1699936002\n|switch|p2b: Tornadus|Tornadus, L50, M|100\/100\n|move|p1b: Grimmsnarl|Parting Shot|p2a: Arcanine\n|-unboost|p2a: Arcanine|atk|1\n|-unboost|p2a: Arcanine|spa|1\n|\n|t:|1699936008\n|switch|p1b: Sinistcha|Sinistcha-Masterpiece, L50|100\/100|[from] Parting Shot\n|-heal|p1a: Moltres|79\/100|[from] ability: Hospitality|[of] p1b: Sinistcha\n|move|p2a: Arcanine|Rock Slide|p1b: Sinistcha|[spread] p1a,p1b\n|-damage|p1a: Moltres|61\/100\n|-damage|p1b: Sinistcha|80\/100\n|cant|p1a: Moltres|flinch\n|\n|-damage|p1a: Moltres|49\/100|[from] Salt Cure\n|-sideend|p2: Kzrkrzov|move: Tailwind\n|upkeep\n|turn|5\n|\n|t:|1699936024\n|switch|p1b: Grimmsnarl|Grimmsnarl, L50, M|77\/100\n|move|p2b: Tornadus|Tailwind|p2b: Tornadus\n|-sidestart|p2: Kzrkrzov|move: Tailwind\n|move|p2a: Arcanine|Rock Slide|p1a: Moltres|[spread] p1a,p1b\n|-damage|p1a: Moltres|30\/100\n|-damage|p1b: Grimmsnarl|57\/100\n|move|p1a: Moltres|Fiery Wrath|p2b: Tornadus|[spread] p2a,p2b\n|-damage|p2a: Arcanine|10\/100\n|-damage|p2b: Tornadus|50\/100\n|\n|-damage|p1a: Moltres|18\/100|[from] Salt Cure\n|upkeep\n|turn|6\n|\n|t:|1699936047\n|move|p1a: Moltres|Protect|p1a: Moltres\n|-singleturn|p1a: Moltres|Protect\n|move|p1b: Grimmsnarl|Parting Shot|p2a: Arcanine\n|-unboost|p2a: Arcanine|atk|1\n|-unboost|p2a: Arcanine|spa|1\n|\n|t:|1699936053\n|switch|p1b: Sinistcha|Sinistcha-Masterpiece, L50|80\/100|[from] Parting Shot\n|-heal|p1a: Moltres|43\/100|[from] ability: Hospitality|[of] p1b: Sinistcha\n|move|p2a: Arcanine|Rock Slide|p1a: Moltres|[spread] p1b\n|-activate|p1a: Moltres|move: Protect\n|-damage|p1b: Sinistcha|64\/100\n|move|p2b: Tornadus|Bleakwind Storm|p1b: Sinistcha|[spread] \n|-activate|p1a: Moltres|move: Protect\n|-miss|p2b: Tornadus|p1b: Sinistcha\n|\n|-damage|p1a: Moltres|30\/100|[from] Salt Cure\n|upkeep\n|turn|7\n|\n|t:|1699936068\n|move|p2a: Arcanine|Rock Slide|p1a: Moltres|[spread] p1a\n|-miss|p2a: Arcanine|p1b: Sinistcha\n|-damage|p1a: Moltres|16\/100\n|move|p2b: Tornadus|Bleakwind Storm|p1b: Sinistcha|[spread] p1a,p1b\n|-supereffective|p1b: Sinistcha\n|-damage|p1a: Moltres|0 fnt\n|-damage|p1b: Sinistcha|23\/100\n|faint|p1a: Moltres\n|move|p1b: Sinistcha|Life Dew|p1b: Sinistcha\n|-heal|p1b: Sinistcha|48\/100\n|\n|upkeep\n|\n|t:|1699936079\n|switch|p1a: Iron Hands|Iron Hands, L50|98\/100\n|turn|8\n|\n|t:|1699936096\n|switch|p2a: Garganacl|Garganacl, L50, M, tera:Ghost|88\/100\n|switch|p1b: Grimmsnarl|Grimmsnarl, L50, M|57\/100\n|move|p2b: Tornadus|Bleakwind Storm|p1a: Iron Hands|[spread] \n|-miss|p2b: Tornadus|p1a: Iron Hands\n|-miss|p2b: Tornadus|p1b: Grimmsnarl\n|move|p1a: Iron Hands|Wild Charge|p2b: Tornadus\n|-supereffective|p2b: Tornadus\n|-damage|p2b: Tornadus|0 fnt\n|-damage|p1a: Iron Hands|82\/100|[from] item: Rocky Helmet|[of] p2b: Tornadus\n|faint|p2b: Tornadus\n|-damage|p1a: Iron Hands|72\/100|[from] Recoil\n|\n|-sideend|p1: Rillaboomer002|move: Light Screen\n|-sideend|p2: Kzrkrzov|move: Tailwind\n|upkeep\n|\n|t:|1699936132\n|switch|p2b: Arcanine|Arcanine-Hisui, L50, F|10\/100\n|-ability|p2b: Arcanine|Intimidate|boost\n|-unboost|p1a: Iron Hands|atk|1\n|-unboost|p1b: Grimmsnarl|atk|1\n|turn|9\n|\n|t:|1699936147\n|move|p1b: Grimmsnarl|Reflect|p1b: Grimmsnarl\n|-sidestart|p1: Rillaboomer002|Reflect\n|move|p2b: Arcanine|Flare Blitz|p1a: Iron Hands\n|-damage|p1a: Iron Hands|31\/100\n|-damage|p2b: Arcanine|0 fnt|[from] Recoil\n|faint|p2b: Arcanine\n|move|p1a: Iron Hands|Drain Punch|p2a: Garganacl\n|-immune|p2a: Garganacl\n|move|p2a: Garganacl|Salt Cure|p1b: Grimmsnarl\n|-damage|p1b: Grimmsnarl|48\/100\n|-start|p1b: Grimmsnarl|Salt Cure\n|\n|-damage|p1b: Grimmsnarl|36\/100|[from] Salt Cure\n|upkeep\n|\n|t:|1699936151\n|switch|p2b: Flutter Mane|Flutter Mane, L50|100\/100\n|-enditem|p2b: Flutter Mane|Booster Energy\n|-activate|p2b: Flutter Mane|ability: Protosynthesis|[fromitem]\n|-start|p2b: Flutter Mane|protosynthesisspe\n|turn|10\n|\n|t:|1699936168\n|move|p2b: Flutter Mane|Protect|p2b: Flutter Mane\n|-singleturn|p2b: Flutter Mane|Protect\n|move|p1b: Grimmsnarl|Parting Shot|p2b: Flutter Mane\n|-activate|p2b: Flutter Mane|move: Protect\n|move|p1a: Iron Hands|Heavy Slam|p2b: Flutter Mane\n|-activate|p2b: Flutter Mane|move: Protect\n|move|p2a: Garganacl|Salt Cure|p1a: Iron Hands\n|-resisted|p1a: Iron Hands\n|-damage|p1a: Iron Hands|27\/100\n|-start|p1a: Iron Hands|Salt Cure\n|\n|-damage|p1b: Grimmsnarl|23\/100|[from] Salt Cure\n|-damage|p1a: Iron Hands|15\/100|[from] Salt Cure\n|upkeep\n|turn|11\n|\n|t:|1699936190\n|-end|p1a: Iron Hands|Quark Drive|[silent]\n|switch|p1a: Sinistcha|Sinistcha-Masterpiece, L50|48\/100\n|-heal|p1b: Grimmsnarl|48\/100|[from] ability: Hospitality|[of] p1a: Sinistcha\n|move|p1b: Grimmsnarl|Parting Shot|p2b: Flutter Mane\n|-unboost|p2b: Flutter Mane|atk|1\n|-unboost|p2b: Flutter Mane|spa|1\n|\n|t:|1699936197\n|switch|p1b: Iron Hands|Iron Hands, L50|15\/100|[from] Parting Shot\n|move|p2b: Flutter Mane|Moonblast|p1a: Sinistcha\n|-damage|p1a: Sinistcha|11\/100\n|move|p2a: Garganacl|Iron Defense|p2a: Garganacl\n|-boost|p2a: Garganacl|def|2\n|\n|upkeep\n|turn|12\n|\n|t:|1699936211\n|move|p2b: Flutter Mane|Protect|p2b: Flutter Mane\n|-singleturn|p2b: Flutter Mane|Protect\n|move|p1a: Sinistcha|Matcha Gotcha|p2b: Flutter Mane|[spread] p2a\n|-activate|p2b: Flutter Mane|move: Protect\n|-crit|p2a: Garganacl\n|-damage|p2a: Garganacl|60\/100\n|-heal|p1a: Sinistcha|27\/100|[from] drain|[of] p2a: Garganacl\n|move|p1b: Iron Hands|Heavy Slam|p2b: Flutter Mane\n|-activate|p2b: Flutter Mane|move: Protect\n|move|p2a: Garganacl|Salt Cure|p1a: Sinistcha\n|-damage|p1a: Sinistcha|17\/100\n|-start|p1a: Sinistcha|Salt Cure\n|\n|-damage|p1a: Sinistcha|5\/100|[from] Salt Cure\n|upkeep\n|turn|13\n|\n|t:|1699936229\n|move|p1a: Sinistcha|Rage Powder|p1a: Sinistcha\n|-singleturn|p1a: Sinistcha|move: Rage Powder\n|move|p2b: Flutter Mane|Substitute|p2b: Flutter Mane\n|-start|p2b: Flutter Mane|Substitute\n|-damage|p2b: Flutter Mane|76\/100\n|move|p1b: Iron Hands|Heavy Slam|p2b: Flutter Mane\n|-supereffective|p2b: Flutter Mane\n|-end|p2b: Flutter Mane|Substitute\n|move|p2a: Garganacl|Salt Cure|p1a: Sinistcha\n|-damage|p1a: Sinistcha|0 fnt\n|faint|p1a: Sinistcha\n|\n|upkeep\n|-message|Rillaboomer002 forfeited.\n|\n|win|Kzrkrzov\n|raw|Rillaboomer002's rating: 1173 &rarr; <strong>1155<\/strong><br \/>(-18 for losing)\n|raw|Kzrkrzov's rating: 1270 &rarr; <strong>1288<\/strong><br \/>(+18 for winning)\n","uploadtime":1699936243,"views":7,"p1id":"rillaboomer002","p2id":"kzrkrzov","formatid":"gen9vgc2023regulatione","rating":1155,"private":0,"password":""}