{"id":"gen9vgc2023regulatione-1998586366","p1":"Kzjrhzk","p2":"Porxild","format":"[Gen 9] VGC 2023 Regulation E","log":"|j|\u2606Kzjrhzk\n|j|\u2606Porxild\n|t:|1700959656\n|gametype|doubles\n|player|p1|Kzjrhzk|lance|1208\n|player|p2|Porxild|101|1251\n|teamsize|p1|6\n|teamsize|p2|6\n|gen|9\n|tier|[Gen 9] VGC 2023 Regulation E\n|rated|\n|rule|Species Clause: Limit one of each Pok\u00e9mon\n|rule|Item Clause: Limit one of each item\n|clearpoke\n|poke|p1|Flutter Mane, L50|\n|poke|p1|Tornadus, L50, M|\n|poke|p1|Rillaboom, L50, F|\n|poke|p1|Garganacl, L50, F|\n|poke|p1|Arcanine-Hisui, L50, F|\n|poke|p1|Chien-Pao, L50|\n|poke|p2|Ursaluna, L50, F|\n|poke|p2|Roaring Moon, L50|\n|poke|p2|Armarouge, L50, F|\n|poke|p2|Torkoal, L50, F|\n|poke|p2|Indeedee-F, L50, F|\n|poke|p2|Bronzong, L50|\n|teampreview|4\n|inactive|Battle timer is ON: inactive players will automatically lose when time's up. (requested by Kzjrhzk)\n|\n|t:|1700959721\n|start\n|switch|p1a: Tornadus|Tornadus, L50, M|100\/100\n|switch|p1b: Arcanine|Arcanine-Hisui, L50, F|100\/100\n|switch|p2a: Torkoal|Torkoal, L50, F|100\/100\n|switch|p2b: Bronzong|Bronzong, L50|100\/100\n|-ability|p1b: Arcanine|Intimidate|boost\n|-unboost|p2a: Torkoal|atk|1\n|-unboost|p2b: Bronzong|atk|1\n|-weather|SunnyDay|[from] ability: Drought|[of] p2a: Torkoal\n|turn|1\n|inactive|Porxild has 30 seconds left.\n|\n|t:|1700959752\n|-terastallize|p2b: Bronzong|Fire\n|move|p1a: Tornadus|Taunt|p2b: Bronzong\n|-start|p2b: Bronzong|move: Taunt\n|move|p1b: Arcanine|Rock Slide|p2a: Torkoal|[spread] p2a,p2b\n|-supereffective|p2a: Torkoal\n|-supereffective|p2b: Bronzong\n|-damage|p2a: Torkoal|43\/100\n|-damage|p2b: Bronzong|48\/100\n|move|p2a: Torkoal|Heat Wave|p1b: Arcanine|[spread] p1a,p1b\n|-resisted|p1b: Arcanine\n|-damage|p1a: Tornadus|50\/100\n|-damage|p1b: Arcanine|80\/100\n|cant|p2b: Bronzong|move: Taunt|Trick Room\n|\n|-weather|SunnyDay|[upkeep]\n|upkeep\n|turn|2\n|\n|t:|1700959769\n|move|p1b: Arcanine|Rock Slide|p2b: Bronzong|[spread] p2a,p2b\n|-supereffective|p2a: Torkoal\n|-supereffective|p2b: Bronzong\n|-damage|p2a: Torkoal|0 fnt\n|-damage|p2b: Bronzong|0 fnt\n|faint|p2a: Torkoal\n|faint|p2b: Bronzong\n|move|p1a: Tornadus|Bleakwind Storm|p2: Torkoal|[notarget]\n|-fail|p1a: Tornadus\n|\n|-weather|SunnyDay|[upkeep]\n|upkeep\n|\n|t:|1700959779\n|switch|p2b: Ursaluna|Ursaluna, L50, F|100\/100\n|switch|p2a: Armarouge|Armarouge, L50, F|100\/100\n|turn|3\n|\n|t:|1700959789\n|switch|p1b: Rillaboom|Rillaboom, L50, F|100\/100\n|-fieldstart|move: Grassy Terrain|[from] ability: Grassy Surge|[of] p1b: Rillaboom\n|move|p2a: Armarouge|Endure|p2a: Armarouge\n|-singleturn|p2a: Armarouge|move: Endure\n|move|p1a: Tornadus|Taunt|p2a: Armarouge\n|-start|p2a: Armarouge|move: Taunt\n|move|p2b: Ursaluna|Earthquake|p1a: Tornadus|[spread] p2a,p1b\n|-immune|p1a: Tornadus\n|-supereffective|p2a: Armarouge\n|-resisted|p1b: Rillaboom\n|-damage|p2a: Armarouge|51\/100\n|-damage|p1b: Rillaboom|91\/100\n|-ability|p2a: Armarouge|Weak Armor|boost\n|-unboost|p2a: Armarouge|def|1\n|-boost|p2a: Armarouge|spe|2\n|-enditem|p2a: Armarouge|Weakness Policy\n|-boost|p2a: Armarouge|atk|2|[from] item: Weakness Policy\n|-boost|p2a: Armarouge|spa|2|[from] item: Weakness Policy\n|\n|-weather|SunnyDay|[upkeep]\n|-heal|p2a: Armarouge|57\/100|[from] Grassy Terrain\n|-heal|p1b: Rillaboom|97\/100|[from] Grassy Terrain\n|-status|p2b: Ursaluna|brn|[from] item: Flame Orb\n|upkeep\n|turn|4\n|inactive|Kzjrhzk has 30 seconds left.\n|inactive|Porxild has 30 seconds left.\n|\n|t:|1700959819\n|move|p1b: Rillaboom|Fake Out|p2a: Armarouge\n|-damage|p2a: Armarouge|32\/100\n|-ability|p2a: Armarouge|Weak Armor|boost\n|-unboost|p2a: Armarouge|def|1\n|-boost|p2a: Armarouge|spe|2\n|move|p1a: Tornadus|Tailwind|p1a: Tornadus\n|-sidestart|p1: Kzjrhzk|move: Tailwind\n|cant|p2a: Armarouge|flinch\n|move|p2b: Ursaluna|Facade|p1b: Rillaboom\n|-damage|p1b: Rillaboom|0 fnt\n|faint|p1b: Rillaboom\n|\n|-weather|SunnyDay|[upkeep]\n|-heal|p2a: Armarouge|38\/100|[from] Grassy Terrain\n|-damage|p2b: Ursaluna|95\/100 brn|[from] brn\n|upkeep\n|\n|t:|1700959826\n|switch|p1b: Arcanine|Arcanine-Hisui, L50, F|80\/100\n|-ability|p1b: Arcanine|Intimidate|boost\n|-unboost|p2a: Armarouge|atk|1\n|-unboost|p2b: Ursaluna|atk|1\n|turn|5\n|\n|t:|1700959851\n|move|p1b: Arcanine|Extreme Speed|p2a: Armarouge\n|-damage|p2a: Armarouge|0 fnt\n|faint|p2a: Armarouge\n|move|p1a: Tornadus|Bleakwind Storm|p2b: Ursaluna\n|-damage|p2b: Ursaluna|59\/100 brn\n|-unboost|p2b: Ursaluna|spe|1\n|move|p2b: Ursaluna|Facade|p1b: Arcanine\n|-resisted|p1b: Arcanine\n|-damage|p1b: Arcanine|32\/100\n|\n|-weather|none\n|-heal|p1b: Arcanine|38\/100|[from] Grassy Terrain\n|-heal|p2b: Ursaluna|65\/100 brn|[from] Grassy Terrain\n|-damage|p2b: Ursaluna|59\/100 brn|[from] brn\n|upkeep\n|turn|6\n|-message|Porxild forfeited.\n|\n|win|Kzjrhzk\n|raw|Kzjrhzk's rating: 1208 &rarr; <strong>1236<\/strong><br \/>(+28 for winning)\n|raw|Porxild's rating: 1251 &rarr; <strong>1223<\/strong><br \/>(-28 for losing)\n|l|\u2606Porxild\n","uploadtime":1700959874,"views":4,"p1id":"kzjrhzk","p2id":"porxild","formatid":"gen9vgc2023regulatione","rating":1223,"private":0,"password":""}