{"id":"gen9vgc2023regulatione-1999258428","p1":"MikeTitan","p2":"JakeStewart400","format":"[Gen 9] VGC 2023 Regulation E","log":"|j|\u2606MikeTitan\n|j|\u2606JakeStewart400\n|n|\u2606MikeTitan|miketitan\n|n|\u2606JakeStewart400|jakestewart400\n|html|View the match progress at <a href=\"\/game-bestof3-gen9vgc2023regulatione-1999252859\">game-bestof3-gen9vgc2023regulatione-1999252859<\/a>\n|t:|1701051726\n|gametype|doubles\n|player|p1|MikeTitan|roughneck|\n|player|p2|JakeStewart400|169|\n|teamsize|p1|6\n|teamsize|p2|6\n|gen|9\n|tier|[Gen 9] VGC 2023 Regulation E\n|rule|Species Clause: Limit one of each Pok\u00e9mon\n|rule|Item Clause: Limit one of each item\n|clearpoke\n|poke|p1|Ogerpon-Cornerstone, L50, F|\n|poke|p1|Florges-Blue, L50, F|\n|poke|p1|Lucario, L50, F|\n|poke|p1|Pachirisu, L50, M|\n|poke|p1|Sandy Shocks, L50|\n|poke|p1|Sableye, L50, F|\n|poke|p2|Ogerpon-Hearthflame, L50, F|\n|poke|p2|Landorus-Therian, L50, M|\n|poke|p2|Fezandipiti, L50, M|\n|poke|p2|Toxapex, L50, M|\n|poke|p2|Goodra, L50, M|\n|poke|p2|Magnezone, L50|\n|teampreview|4\n|j| OmegaAlpha01\nJakeStewart400 rejected open team sheets.\n|j| downfall18\n|j| pokemon_and_beer\n|c|\u2606JakeStewart400|glhf!\n|j| Cmholde2\n|c| pokemon_and_beer|glhf\n|c|\u2606MikeTitan|There we go. Gaming\n|c|\u2606MikeTitan|Glhf!\n|c| downfall18|for some reason i assumed it would forfeit if you didnt confirm\n|c| Cmholde2|Good luck gamers\n|c| downfall18|auto confirm is smart\n|c| downfall18|GLHF!\n|j| amlodude\n|c| amlodude|Gl hf\n|c| OmegaAlpha01|glhf bois\n|\n|t:|1701051772\n|start\n|switch|p1a: Road Work Ahead?|Ogerpon-Cornerstone, L50, F|100\/100\n|switch|p1b: TheyWereRoommates|Florges-Blue, L50, F, shiny|100\/100\n|switch|p2a: Magnezone|Magnezone, L50|100\/100\n|switch|p2b: Goodra|Goodra, L50, M|100\/100\n|turn|1\n|c| amlodude|Hey Jake\n|l| Cmholde2\n|c| pokemon_and_beer|hey\n|j| Cmholde2\n|c| amlodude|I have the perfect strat to make sure Mike loses\n|\n|t:|1701051814\n|-terastallize|p2a: Magnezone|Fairy\n|move|p1a: Road Work Ahead?|Ivy Cudgel|p2a: Magnezone|[anim] Ivy Cudgel Rock\n|-damage|p2a: Magnezone|49\/100\n|move|p2b: Goodra|Scald|p1b: TheyWereRoommates\n|-damage|p1b: TheyWereRoommates|82\/100\n|move|p1b: TheyWereRoommates|Moonblast|p2a: Magnezone\n|-damage|p2a: Magnezone|15\/100\n|-damage|p1b: TheyWereRoommates|72\/100|[from] item: Life Orb\n|move|p2a: Magnezone|Flash Cannon|p1b: TheyWereRoommates\n|-supereffective|p1b: TheyWereRoommates\n|-damage|p1b: TheyWereRoommates|0 fnt\n|faint|p1b: TheyWereRoommates\n|\n|upkeep\n|c| amlodude|Guaranteed loss\n|c| amlodude|All you have to do is win\n|\n|t:|1701051840\n|switch|p1b: Hurricane Tortilla|Sandy Shocks, L50|100\/100\n|-enditem|p1b: Hurricane Tortilla|Booster Energy\n|-activate|p1b: Hurricane Tortilla|ability: Protosynthesis|[fromitem]\n|-start|p1b: Hurricane Tortilla|protosynthesisspe\n|turn|2\n|c|\u2606JakeStewart400|top tier strat\n|c| OmegaAlpha01|Brilliant\n|c| downfall18|i might try that myself tn tbh\n|\n|t:|1701051879\n|switch|p2a: Landorus|Landorus-Therian, L50, M|100\/100\n|-ability|p2a: Landorus|Intimidate|boost\n|-unboost|p1a: Road Work Ahead?|atk|1\n|-unboost|p1b: Hurricane Tortilla|atk|1\n|-terastallize|p1b: Hurricane Tortilla|Ice\n|move|p1b: Hurricane Tortilla|Tera Blast|p2b: Goodra|[anim] Tera Blast Ice\n|-supereffective|p2b: Goodra\n|-damage|p2b: Goodra|51\/100\n|move|p1a: Road Work Ahead?|Ivy Cudgel|p2a: Landorus|[anim] Ivy Cudgel Rock\n|-damage|p2a: Landorus|62\/100\n|move|p2b: Goodra|Muddy Water|p1b: Hurricane Tortilla|[spread] p1b\n|-miss|p2b: Goodra|p1a: Road Work Ahead?\n|-damage|p1b: Hurricane Tortilla|72\/100\n|\n|upkeep\n|turn|3\n|\n|t:|1701051948\n|move|p2a: Landorus|Protect|p2a: Landorus\n|-singleturn|p2a: Landorus|Protect\n|move|p1b: Hurricane Tortilla|Tera Blast|p2a: Landorus|[anim] Tera Blast Ice\n|-activate|p2a: Landorus|move: Protect\n|move|p1a: Road Work Ahead?|Ivy Cudgel|p2a: Landorus|[anim] Ivy Cudgel Rock\n|-activate|p2a: Landorus|move: Protect\n|move|p2b: Goodra|Muddy Water|p1b: Hurricane Tortilla|[spread] p1a,p1b\n|-damage|p1a: Road Work Ahead?|75\/100\n|-damage|p1b: Hurricane Tortilla|45\/100\n|-unboost|p1a: Road Work Ahead?|accuracy|1\n|-unboost|p1b: Hurricane Tortilla|accuracy|1\n|\n|upkeep\n|turn|4\n|c| OmegaAlpha01|Double drop is bad\n|c| pokemon_and_beer|double acc drop\n|\n|t:|1701051975\n|switch|p1a: I Smell Like Beef|Lucario, L50, F|100\/100\n|move|p1b: Hurricane Tortilla|Tera Blast|p2a: Landorus|[anim] Tera Blast Ice\n|-supereffective|p2a: Landorus\n|-damage|p2a: Landorus|0 fnt\n|faint|p2a: Landorus\n|move|p2b: Goodra|Muddy Water|p1a: I Smell Like Beef|[spread] p1a,p1b\n|-damage|p1a: I Smell Like Beef|64\/100\n|-damage|p1b: Hurricane Tortilla|17\/100\n|\n|upkeep\n|c| downfall18|double drop \ud83e\udd74\n|\n|t:|1701051985\n|switch|p2a: Ogerpon|Ogerpon-Hearthflame, L50, F|100\/100\n|-ability|p2a: Ogerpon|Mold Breaker\n|turn|5\n|c| downfall18|shocks didnt cafe\n|c| downfall18|care\n|c|\u2606MikeTitan|That mf dont miss\n|\n|t:|1701052060\n|move|p1b: Hurricane Tortilla|Tera Blast|p2b: Goodra|[anim] Tera Blast Ice|[miss]\n|-miss|p1b: Hurricane Tortilla|p2b: Goodra\n|move|p2a: Ogerpon|Ivy Cudgel|p1a: I Smell Like Beef|[anim] Ivy Cudgel Fire\n|-supereffective|p1a: I Smell Like Beef\n|-damage|p1a: I Smell Like Beef|0 fnt\n|faint|p1a: I Smell Like Beef\n|move|p2b: Goodra|Rest|p2b: Goodra\n|-status|p2b: Goodra|slp|[from] move: Rest\n|-heal|p2b: Goodra|100\/100 slp|[silent]\n|-enditem|p2b: Goodra|Chesto Berry|[eat]\n|-curestatus|p2b: Goodra|slp|[msg]\n|\n|upkeep\n|c| Cmholde2|Well\n|\n|t:|1701052070\n|switch|p1a: Road Work Ahead?|Ogerpon-Cornerstone, L50, F|75\/100\n|turn|6\n|c| downfall18|FUCKING HEAT\n|c|\u2606MikeTitan|Interesting\n|c|\u2606MikeTitan|i like the resto chesto\n|c| downfall18|i would never in my wildest dreams have thought of that\n|c| OmegaAlpha01|Thats one way to play goodra\n|c| OmegaAlpha01|but i agree with downfall\n|\n|t:|1701052106\n|move|p1a: Road Work Ahead?|Spiky Shield|p1a: Road Work Ahead?\n|-singleturn|p1a: Road Work Ahead?|move: Protect\n|move|p2a: Ogerpon|Follow Me|p2a: Ogerpon\n|-singleturn|p2a: Ogerpon|move: Follow Me\n|move|p1b: Hurricane Tortilla|Tera Blast|p2a: Ogerpon|[anim] Tera Blast Ice\n|-damage|p2a: Ogerpon|57\/100\n|move|p2b: Goodra|Muddy Water|p1b: Hurricane Tortilla|[spread] p1b\n|-activate|p1a: Road Work Ahead?|move: Protect\n|-damage|p1b: Hurricane Tortilla|0 fnt\n|faint|p1b: Hurricane Tortilla\n|-end|p1b: Hurricane Tortilla|Protosynthesis|[silent]\n|\n|upkeep\n|turn|7\n|c| OmegaAlpha01|never would\u2019ve thought of that\n|\n|t:|1701052123\n|move|p2a: Ogerpon|Spiky Shield|p2a: Ogerpon\n|-singleturn|p2a: Ogerpon|move: Protect\n|move|p1a: Road Work Ahead?|Ivy Cudgel|p2b: Goodra|[anim] Ivy Cudgel Rock\n|-damage|p2b: Goodra|24\/100\n|move|p2b: Goodra|Scald|p1a: Road Work Ahead?\n|-damage|p1a: Road Work Ahead?|42\/100\n|\n|upkeep\n|turn|8\n|\n|t:|1701052143\n|move|p2a: Ogerpon|Follow Me|p2a: Ogerpon\n|-singleturn|p2a: Ogerpon|move: Follow Me\n|move|p1a: Road Work Ahead?|Ivy Cudgel|p2a: Ogerpon|[anim] Ivy Cudgel Rock\n|-supereffective|p2a: Ogerpon\n|-crit|p2a: Ogerpon\n|-damage|p2a: Ogerpon|0 fnt\n|faint|p2a: Ogerpon\n|move|p2b: Goodra|Rest|p2b: Goodra\n|-status|p2b: Goodra|slp|[from] move: Rest\n|-heal|p2b: Goodra|100\/100 slp|[silent]\n|\n|upkeep\n|\n|t:|1701052152\n|switch|p2a: Magnezone|Magnezone, L50, tera:Fairy|15\/100\n|turn|9\n|c| pokemon_and_beer|this could be interesting\n|c| OmegaAlpha01|That makes this ineresting\n|c| Cmholde2|Ok yea\n|c| downfall18|yeah this gets rlly tight\n|\n|t:|1701052178\n|move|p1a: Road Work Ahead?|Ivy Cudgel|p2b: Goodra|[anim] Ivy Cudgel Rock\n|-damage|p2b: Goodra|35\/100 slp\n|cant|p2b: Goodra|slp\n|move|p2b: Goodra|Sleep Talk|p2b: Goodra\n|move|p2b: Goodra|Scald|p1a: Road Work Ahead?|[from]move: Sleep Talk\n|-damage|p1a: Road Work Ahead?|6\/100\n|move|p2a: Magnezone|Flash Cannon|p1a: Road Work Ahead?\n|-supereffective|p1a: Road Work Ahead?\n|-damage|p1a: Road Work Ahead?|0 fnt\n|faint|p1a: Road Work Ahead?\n|\n|win|JakeStewart400\n|inactive|MikeTitan has 50 seconds to confirm battle start!\n|inactive|JakeStewart400 has 50 seconds to confirm battle start!\n|c|\u2606MikeTitan|Oh gg\n|c| downfall18|wow\n|c| pokemon_and_beer|ggs\n|c|\u2606JakeStewart400|ggs!\n|c| OmegaAlpha01|That makes more sense\n|c| downfall18|holy shit\n|c|\u2606MikeTitan|I assumed you\u2019d stall the sleep turn\n|inactive|MikeTitan has 40 seconds to confirm battle start!\n|inactive|JakeStewart400 has 40 seconds to confirm battle start!\n|c| Cmholde2|The sleepy talk\n","uploadtime":1701052200,"views":17,"p1id":"miketitan","p2id":"jakestewart400","formatid":"gen9vgc2023regulatione","rating":0,"private":0,"password":""}