{"id":"gen9vgc2023regulatione-1990678007","p1":"KyogreBoii","p2":"InRaeganWeTrust","format":"[Gen 9] VGC 2023 Regulation E","log":"|j|\u2606KyogreBoii\n|j|\u2606InRaeganWeTrust\n|t:|1699991026\n|gametype|doubles\n|player|p1|KyogreBoii|crasherwake|1335\n|player|p2|InRaeganWeTrust|unknown|1356\n|teamsize|p1|6\n|teamsize|p2|6\n|gen|9\n|tier|[Gen 9] VGC 2023 Regulation E\n|rated|\n|rule|Species Clause: Limit one of each Pok\u00e9mon\n|rule|Item Clause: Limit one of each item\n|clearpoke\n|poke|p1|Garchomp, L50, M|\n|poke|p1|Iron Hands, L50|\n|poke|p1|Sinistcha, L50|\n|poke|p1|Farigiraf, L50, F|\n|poke|p1|Tornadus, L50, M|\n|poke|p1|Milotic, L50, F|\n|poke|p2|Skeledirge, L50, F|\n|poke|p2|Oranguru, L50, M|\n|poke|p2|Rillaboom, L50, M|\n|poke|p2|Urshifu-*, L50, F|\n|poke|p2|Ursaluna, L50, F|\n|poke|p2|Flutter Mane, L50|\n|teampreview|4\n|\n|t:|1699991071\n|start\n|switch|p1a: Iron Hands|Iron Hands, L50|100\/100\n|switch|p1b: Farigiraf|Farigiraf, L50, F|100\/100\n|switch|p2a: Rillaboom|Rillaboom, L50, M|100\/100\n|switch|p2b: Oranguru|Oranguru, L50, M|100\/100\n|-fieldstart|move: Grassy Terrain|[from] ability: Grassy Surge|[of] p2a: Rillaboom\n|turn|1\n|inactive|Battle timer is ON: inactive players will automatically lose when time's up. (requested by KyogreBoii)\n|\n|t:|1699991090\n|switch|p2a: Skeledirge|Skeledirge, L50, F|100\/100\n|move|p1a: Iron Hands|Fake Out|p2a: Skeledirge\n|-immune|p2a: Skeledirge\n|move|p1b: Farigiraf|Imprison|p1b: Farigiraf\n|-start|p1b: Farigiraf|move: Imprison\n|cant|p2b: Oranguru|move: Imprison|Trick Room\n|\n|upkeep\n|turn|2\n|\n|t:|1699991104\n|move|p1b: Farigiraf|Hyper Voice|p2b: Oranguru|[spread] p2b\n|-immune|p2a: Skeledirge\n|-damage|p2b: Oranguru|76\/100\n|move|p1a: Iron Hands|Wild Charge|p2a: Skeledirge\n|-damage|p2a: Skeledirge|52\/100\n|-damage|p1a: Iron Hands|91\/100|[from] Recoil\n|move|p2a: Skeledirge|Torch Song|p1b: Farigiraf\n|-damage|p1b: Farigiraf|65\/100\n|-boost|p2a: Skeledirge|spa|1\n|-enditem|p2a: Skeledirge|Throat Spray\n|-boost|p2a: Skeledirge|spa|1|[from] item: Throat Spray\n|move|p2b: Oranguru|Instruct|p1b: Farigiraf\n|-singleturn|p1b: Farigiraf|move: Instruct|[of] p2b: Oranguru\n|move|p1b: Farigiraf|Hyper Voice|p2b: Oranguru|[spread] p2b\n|-immune|p2a: Skeledirge\n|-damage|p2b: Oranguru|53\/100\n|\n|-heal|p1b: Farigiraf|71\/100|[from] Grassy Terrain\n|-heal|p1a: Iron Hands|97\/100|[from] Grassy Terrain\n|-heal|p2a: Skeledirge|58\/100|[from] Grassy Terrain\n|-heal|p2b: Oranguru|59\/100|[from] Grassy Terrain\n|upkeep\n|turn|3\n|c|\u2606InRaeganWeTrust|wait no I missclicked XD\n|inactive|InRaeganWeTrust has 30 seconds left.\n|inactive|InRaeganWeTrust has 20 seconds left.\n|c|\u2606KyogreBoii|oh wait I see that now LOL\n|inactive|InRaeganWeTrust has 15 seconds left.\n|inactive|InRaeganWeTrust has 10 seconds left.\n|inactive|InRaeganWeTrust has 5 seconds left.\n|\n|t:|1699991155\n|-terastallize|p2a: Skeledirge|Grass\n|move|p1b: Farigiraf|Dazzling Gleam|p2a: Skeledirge|[spread] p2a,p2b\n|-damage|p2a: Skeledirge|40\/100\n|-damage|p2b: Oranguru|45\/100\n|move|p1a: Iron Hands|Wild Charge|p2b: Oranguru\n|-damage|p2b: Oranguru|0 fnt\n|faint|p2b: Oranguru\n|-damage|p1a: Iron Hands|88\/100|[from] Recoil\n|move|p2a: Skeledirge|Torch Song|p1b: Farigiraf\n|-damage|p1b: Farigiraf|0 fnt\n|-boost|p2a: Skeledirge|spa|1\n|faint|p1b: Farigiraf\n|\n|-heal|p1a: Iron Hands|94\/100|[from] Grassy Terrain\n|-heal|p2a: Skeledirge|46\/100|[from] Grassy Terrain\n|upkeep\n|\n|t:|1699991172\n|switch|p1b: Sinistcha|Sinistcha, L50|100\/100\n|switch|p2b: Rillaboom|Rillaboom, L50, M|100\/100\n|-heal|p1a: Iron Hands|100\/100|[from] ability: Hospitality|[of] p1b: Sinistcha\n|turn|4\n|\n|t:|1699991192\n|move|p2b: Rillaboom|Fake Out|p1a: Iron Hands\n|-damage|p1a: Iron Hands|91\/100\n|move|p1b: Sinistcha|Shadow Ball|p2a: Skeledirge\n|-damage|p2a: Skeledirge|11\/100\n|cant|p1a: Iron Hands|flinch\n|move|p2a: Skeledirge|Torch Song|p1b: Sinistcha\n|-supereffective|p1b: Sinistcha\n|-damage|p1b: Sinistcha|0 fnt\n|-boost|p2a: Skeledirge|spa|1\n|faint|p1b: Sinistcha\n|\n|-heal|p1a: Iron Hands|97\/100|[from] Grassy Terrain\n|-heal|p2a: Skeledirge|17\/100|[from] Grassy Terrain\n|upkeep\n|\n|t:|1699991197\n|switch|p1b: Garchomp|Garchomp, L50, M|100\/100\n|turn|5\n|\n|t:|1699991212\n|-terastallize|p1b: Garchomp|Fire\n|move|p2a: Skeledirge|Protect|p2a: Skeledirge\n|-singleturn|p2a: Skeledirge|Protect\n|move|p1b: Garchomp|Swords Dance|p1b: Garchomp\n|-boost|p1b: Garchomp|atk|2\n|move|p2b: Rillaboom|Wood Hammer|p1b: Garchomp\n|-resisted|p1b: Garchomp\n|-damage|p1b: Garchomp|58\/100\n|-damage|p2b: Rillaboom|88\/100|[from] ability: Rough Skin|[of] p1b: Garchomp\n|-damage|p2b: Rillaboom|74\/100|[from] Recoil\n|move|p1a: Iron Hands|Drain Punch|p2a: Skeledirge\n|-activate|p2a: Skeledirge|move: Protect\n|\n|-heal|p1b: Garchomp|64\/100|[from] Grassy Terrain\n|-heal|p2b: Rillaboom|80\/100|[from] Grassy Terrain\n|-heal|p1a: Iron Hands|100\/100|[from] Grassy Terrain\n|-heal|p2a: Skeledirge|23\/100|[from] Grassy Terrain\n|-fieldend|move: Grassy Terrain\n|upkeep\n|turn|6\n|\n|t:|1699991234\n|switch|p2b: Ursaluna|Ursaluna, L50, F|100\/100\n|move|p1b: Garchomp|Scale Shot|p2b: Ursaluna|[miss]\n|-miss|p1b: Garchomp|p2b: Ursaluna\n|move|p1a: Iron Hands|Drain Punch|p2a: Skeledirge\n|-damage|p2a: Skeledirge|0 fnt\n|faint|p2a: Skeledirge\n|\n|-status|p2b: Ursaluna|brn|[from] item: Flame Orb\n|upkeep\n|\n|t:|1699991243\n|switch|p2a: Rillaboom|Rillaboom, L50, M|80\/100\n|-fieldstart|move: Grassy Terrain|[from] ability: Grassy Surge|[of] p2a: Rillaboom\n|turn|7\n|inactive|InRaeganWeTrust has 30 seconds left.\n|\n|t:|1699991276\n|move|p2a: Rillaboom|Fake Out|p1a: Iron Hands\n|-damage|p1a: Iron Hands|92\/100\n|move|p1b: Garchomp|Scale Shot|p2a: Rillaboom\n|-damage|p2a: Rillaboom|57\/100\n|-damage|p2a: Rillaboom|35\/100\n|-damage|p2a: Rillaboom|12\/100\n|-damage|p2a: Rillaboom|0 fnt\n|faint|p2a: Rillaboom\n|-hitcount|p2: Rillaboom|4\n|-unboost|p1b: Garchomp|def|1\n|-boost|p1b: Garchomp|spe|1\n|cant|p1a: Iron Hands|flinch\n|move|p2b: Ursaluna|Bulk Up|p2b: Ursaluna\n|-boost|p2b: Ursaluna|atk|1\n|-boost|p2b: Ursaluna|def|1\n|\n|-heal|p1b: Garchomp|70\/100|[from] Grassy Terrain\n|-heal|p1a: Iron Hands|98\/100|[from] Grassy Terrain\n|-damage|p2b: Ursaluna|95\/100 brn|[from] brn\n|upkeep\n|turn|8\n|c|\u2606InRaeganWeTrust|bro what about fake out and headlong\n|inactive|InRaeganWeTrust has 30 seconds left.\n|c|\u2606KyogreBoii|we ball\n|inactive|InRaeganWeTrust has 20 seconds left.\n|\n|t:|1699991314\n|move|p1b: Garchomp|Scale Shot|p2b: Ursaluna\n|-damage|p2b: Ursaluna|81\/100 brn\n|-damage|p2b: Ursaluna|66\/100 brn\n|-damage|p2b: Ursaluna|52\/100 brn\n|-damage|p2b: Ursaluna|39\/100 brn\n|-damage|p2b: Ursaluna|25\/100 brn\n|-hitcount|p2b: Ursaluna|5\n|-unboost|p1b: Garchomp|def|1\n|-boost|p1b: Garchomp|spe|1\n|move|p1a: Iron Hands|Drain Punch|p2b: Ursaluna\n|-supereffective|p2b: Ursaluna\n|-damage|p2b: Ursaluna|0 fnt\n|-heal|p1a: Iron Hands|100\/100|[from] drain|[of] p2b: Ursaluna\n|faint|p2b: Ursaluna\n|\n|win|KyogreBoii\n|raw|KyogreBoii's rating: 1335 &rarr; <strong>1356<\/strong><br \/>(+21 for winning)\n|raw|InRaeganWeTrust's rating: 1356 &rarr; <strong>1335<\/strong><br \/>(-21 for losing)\n|c|\u2606InRaeganWeTrust|why didn't you protect man XD\n|c|\u2606KyogreBoii|I dont got protect\n|c|\u2606KyogreBoii|LOL\n|c|\u2606KyogreBoii|sd scale shot eq rock slide\n|c|\u2606InRaeganWeTrust|like come on fake out then headlong would have killed garchomp ez\n|c|\u2606KyogreBoii|ofc ofc\n|c|\u2606InRaeganWeTrust|and then two v one\n|l|\u2606InRaeganWeTrust\n|c|\u2606KyogreBoii|we ball\n","uploadtime":1699991368,"views":12,"p1id":"kyogreboii","p2id":"inraeganwetrust","formatid":"gen9vgc2023regulatione","rating":1335,"private":0,"password":""}