{"id":"gen9vgc2023regulatione-1998578654","p1":"Tannerk64","p2":"KingA3","format":"[Gen 9] VGC 2023 Regulation E","log":"|j|\u2606Tannerk64\n|j|\u2606KingA3\n|t:|1700958688\n|gametype|doubles\n|player|p1|Tannerk64|byron|1124\n|player|p2|KingA3|266|1251\n|teamsize|p1|6\n|teamsize|p2|6\n|gen|9\n|tier|[Gen 9] VGC 2023 Regulation E\n|rated|\n|rule|Species Clause: Limit one of each Pok\u00e9mon\n|rule|Item Clause: Limit one of each item\n|clearpoke\n|poke|p1|Baxcalibur, L50, M|\n|poke|p1|Arcanine-Hisui, L50, F|\n|poke|p1|Chien-Pao, L50|\n|poke|p1|Farigiraf, L50, F|\n|poke|p1|Amoonguss, L50, M|\n|poke|p1|Milotic, L50, F|\n|poke|p2|Indeedee-F, L50, F|\n|poke|p2|Armarouge, L50, M|\n|poke|p2|Ursaluna, L50, F|\n|poke|p2|Urshifu-*, L50, M|\n|poke|p2|Torkoal, L50, F|\n|poke|p2|Iron Hands, L50|\n|teampreview|4\n|\n|t:|1700958705\n|start\n|switch|p1a: Farigiraf|Farigiraf, L50, F|100\/100\n|switch|p1b: Baxcalibur|Baxcalibur, L50, M|100\/100\n|switch|p2a: Indeedee|Indeedee-F, L50, F|100\/100\n|switch|p2b: Armarouge|Armarouge, L50, M|100\/100\n|-fieldstart|move: Psychic Terrain|[from] ability: Psychic Surge|[of] p2a: Indeedee\n|-enditem|p2a: Indeedee|Psychic Seed\n|-boost|p2a: Indeedee|spd|1|[from] item: Psychic Seed\n|turn|1\n|\n|t:|1700958718\n|move|p2a: Indeedee|Follow Me|p2a: Indeedee\n|-singleturn|p2a: Indeedee|move: Follow Me\n|move|p1b: Baxcalibur|High Horsepower|p2a: Indeedee\n|-damage|p2a: Indeedee|47\/100\n|move|p1a: Farigiraf|Trick Room|p1a: Farigiraf\n|-fieldstart|move: Trick Room|[of] p1a: Farigiraf\n|move|p2b: Armarouge|Trick Room|p2b: Armarouge\n|-fieldend|move: Trick Room\n|\n|upkeep\n|turn|2\n|\n|t:|1700958732\n|move|p2a: Indeedee|Follow Me|p2a: Indeedee\n|-singleturn|p2a: Indeedee|move: Follow Me\n|move|p1b: Baxcalibur|High Horsepower|p2a: Indeedee\n|-damage|p2a: Indeedee|0 fnt\n|faint|p2a: Indeedee\n|move|p1a: Farigiraf|Hyper Voice|p2b: Armarouge\n|-damage|p2b: Armarouge|55\/100\n|-enditem|p1a: Farigiraf|Throat Spray\n|-boost|p1a: Farigiraf|spa|1|[from] item: Throat Spray\n|move|p2b: Armarouge|Expanding Force|p1b: Baxcalibur|[spread] p1a,p1b\n|-resisted|p1a: Farigiraf\n|-damage|p1a: Farigiraf|61\/100\n|-damage|p1b: Baxcalibur|20\/100\n|\n|upkeep\n|\n|t:|1700958747\n|switch|p2a: Torkoal|Torkoal, L50, F|100\/100\n|-weather|SunnyDay|[from] ability: Drought|[of] p2a: Torkoal\n|turn|3\n|\n|t:|1700958756\n|switch|p1b: Arcanine|Arcanine-Hisui, L50, F|100\/100\n|-ability|p1b: Arcanine|Intimidate|boost\n|-unboost|p2a: Torkoal|atk|1\n|-unboost|p2b: Armarouge|atk|1\n|-terastallize|p2b: Armarouge|Grass\n|move|p1a: Farigiraf|Hyper Voice|p2b: Armarouge|[spread] p2a,p2b\n|-damage|p2a: Torkoal|41\/100\n|-damage|p2b: Armarouge|5\/100\n|move|p2a: Torkoal|Heat Wave|p1a: Farigiraf|[spread] p1a,p1b\n|-resisted|p1b: Arcanine\n|-damage|p1a: Farigiraf|1\/100\n|-damage|p1b: Arcanine|85\/100\n|move|p2b: Armarouge|Trick Room|p2b: Armarouge\n|-fieldstart|move: Trick Room|[of] p2b: Armarouge\n|\n|-weather|SunnyDay|[upkeep]\n|upkeep\n|turn|4\n|\n|t:|1700958778\n|move|p1a: Farigiraf|Protect|p1a: Farigiraf\n|-singleturn|p1a: Farigiraf|Protect\n|move|p2a: Torkoal|Heat Wave|p1a: Farigiraf|[spread] p1b\n|-activate|p1a: Farigiraf|move: Protect\n|-resisted|p1b: Arcanine\n|-crit|p1b: Arcanine\n|-damage|p1b: Arcanine|60\/100\n|move|p2b: Armarouge|Expanding Force|p1a: Farigiraf|[spread] p1b\n|-activate|p1a: Farigiraf|move: Protect\n|-damage|p1b: Arcanine|0 fnt\n|faint|p1b: Arcanine\n|\n|-weather|SunnyDay|[upkeep]\n|upkeep\n|\n|t:|1700958795\n|switch|p1b: Milotic|Milotic, L50, F|100\/100\n|turn|5\n|\n|t:|1700958805\n|move|p2a: Torkoal|Heat Wave|p1b: Milotic|[spread] p1a,p1b\n|-resisted|p1b: Milotic\n|-damage|p1a: Farigiraf|0 fnt\n|-damage|p1b: Milotic|83\/100\n|faint|p1a: Farigiraf\n|move|p2b: Armarouge|Expanding Force|p1b: Milotic\n|-damage|p1b: Milotic|20\/100\n|move|p1b: Milotic|Coil|p1b: Milotic\n|-boost|p1b: Milotic|atk|1\n|-boost|p1b: Milotic|def|1\n|-boost|p1b: Milotic|accuracy|1\n|\n|-weather|SunnyDay|[upkeep]\n|-heal|p1b: Milotic|26\/100|[from] item: Leftovers\n|-fieldend|move: Psychic Terrain\n|upkeep\n|\n|t:|1700958808\n|switch|p1a: Baxcalibur|Baxcalibur, L50, M|20\/100\n|turn|6\n|inactive|Battle timer is ON: inactive players will automatically lose when time's up. (requested by Tannerk64)\n|\n|t:|1700958838\n|-terastallize|p1a: Baxcalibur|Dragon\n|move|p1a: Baxcalibur|Ice Shard|p2b: Armarouge\n|-supereffective|p2b: Armarouge\n|-damage|p2b: Armarouge|0 fnt\n|faint|p2b: Armarouge\n|move|p2a: Torkoal|Earth Power|p1a: Baxcalibur\n|-damage|p1a: Baxcalibur|0 fnt\n|faint|p1a: Baxcalibur\n|move|p1b: Milotic|Scald|p2a: Torkoal\n|-supereffective|p2a: Torkoal\n|-damage|p2a: Torkoal|4\/100\n|\n|-weather|SunnyDay|[upkeep]\n|-heal|p1b: Milotic|32\/100|[from] item: Leftovers\n|upkeep\n|\n|t:|1700958853\n|switch|p2b: Ursaluna|Ursaluna, L50, F|100\/100\n|turn|7\n|\n|t:|1700958860\n|move|p2a: Torkoal|Heat Wave|p1b: Milotic\n|-resisted|p1b: Milotic\n|-damage|p1b: Milotic|10\/100\n|move|p2b: Ursaluna|Facade|p1b: Milotic\n|-damage|p1b: Milotic|0 fnt\n|faint|p1b: Milotic\n|\n|win|KingA3\n|raw|Tannerk64's rating: 1124 &rarr; <strong>1108<\/strong><br \/>(-16 for losing)\n|raw|KingA3's rating: 1251 &rarr; <strong>1267<\/strong><br \/>(+16 for winning)\n|l|\u2606Tannerk64\n","uploadtime":1700958870,"views":6,"p1id":"tannerk64","p2id":"kinga3","formatid":"gen9vgc2023regulatione","rating":1108,"private":0,"password":""}