{"id":"gen9vgc2023regulatione-1996439008","p1":"pedrotic","p2":"Thehoppa117","format":"[Gen 9] VGC 2023 Regulation E","log":"|j|\u2606pedrotic\n|j|\u2606Thehoppa117\n|t:|1700682094\n|gametype|doubles\n|player|p1|pedrotic|wallace|1123\n|player|p2|Thehoppa117|benga|1136\n|teamsize|p1|6\n|teamsize|p2|6\n|gen|9\n|tier|[Gen 9] VGC 2023 Regulation E\n|rated|\n|rule|Species Clause: Limit one of each Pok\u00e9mon\n|rule|Item Clause: Limit one of each item\n|clearpoke\n|poke|p1|Palafin, L50, M|\n|poke|p1|Cresselia, L50, F|\n|poke|p1|Oricorio-Pom-Pom, L50, F|\n|poke|p1|Sinistcha-Masterpiece, L50|\n|poke|p1|Volcarona, L50, M|\n|poke|p1|Sylveon, L50, M|\n|poke|p2|Iron Jugulis, L50|\n|poke|p2|Iron Hands, L50|\n|poke|p2|Iron Moth, L50|\n|poke|p2|Ogerpon-Hearthflame, L50, F|\n|poke|p2|Flutter Mane, L50|\n|poke|p2|Sinistcha, L50|\n|teampreview|4\n|inactive|Battle timer is ON: inactive players will automatically lose when time's up. (requested by Thehoppa117)\n|inactive|Thehoppa117 has 60 seconds left.\n|\n|t:|1700682129\n|start\n|switch|p1a: Palafin|Palafin, L50, M, shiny|100\/100\n|switch|p1b: Volcarona|Volcarona, L50, M|100\/100\n|switch|p2a: Iron Jugulis|Iron Jugulis, L50|100\/100\n|switch|p2b: Iron Moth|Iron Moth, L50|100\/100\n|-enditem|p2a: Iron Jugulis|Booster Energy\n|-activate|p2a: Iron Jugulis|ability: Quark Drive|[fromitem]\n|-start|p2a: Iron Jugulis|quarkdrivespe\n|turn|1\n|inactive|pedrotic has 30 seconds left.\n|inactive|Thehoppa117 has 30 seconds left.\n|\n|t:|1700682161\n|detailschange|p1a: Palafin|Palafin-Hero, L50, M, shiny\n|switch|p1a: Oricorio|Oricorio-Pom-Pom, L50, F|100\/100\n|move|p2a: Iron Jugulis|Tailwind|p2a: Iron Jugulis\n|-sidestart|p2: Thehoppa117|move: Tailwind\n|move|p2b: Iron Moth|Discharge|p1b: Volcarona|[spread] p2a,p1a,p1b\n|-supereffective|p2a: Iron Jugulis\n|-crit|p1b: Volcarona\n|-damage|p2a: Iron Jugulis|46\/100\n|-damage|p1a: Oricorio|68\/100\n|-damage|p1b: Volcarona|69\/100\n|-status|p1b: Volcarona|par\n|move|p1b: Volcarona|Quiver Dance|p1b: Volcarona\n|-boost|p1b: Volcarona|spa|1\n|-boost|p1b: Volcarona|spd|1\n|-boost|p1b: Volcarona|spe|1\n|-activate|p1a: Oricorio|ability: Dancer\n|move|p1a: Oricorio|Quiver Dance|p1a: Oricorio|[from]ability: Dancer\n|-boost|p1a: Oricorio|spa|1\n|-boost|p1a: Oricorio|spd|1\n|-boost|p1a: Oricorio|spe|1\n|\n|-heal|p1a: Oricorio|74\/100|[from] item: Leftovers\n|upkeep\n|turn|2\n|inactive|pedrotic has 30 seconds left.\n|inactive|pedrotic has 20 seconds left.\n|\n|t:|1700682196\n|move|p2a: Iron Jugulis|Electric Terrain|p2a: Iron Jugulis\n|-fieldstart|move: Electric Terrain\n|-activate|p2b: Iron Moth|ability: Quark Drive\n|-start|p2b: Iron Moth|quarkdrivespa\n|move|p2b: Iron Moth|Discharge|p1b: Volcarona|[spread] p2a,p1a,p1b\n|-supereffective|p2a: Iron Jugulis\n|-damage|p2a: Iron Jugulis|0 fnt\n|-damage|p1a: Oricorio|41\/100\n|-damage|p1b: Volcarona|43\/100 par\n|faint|p2a: Iron Jugulis\n|-end|p2a: Iron Jugulis|Quark Drive|[silent]\n|move|p1a: Oricorio|Baton Pass|p1a: Oricorio\n|\n|t:|1700682206\n|switch|p1a: Sylveon|Sylveon, L50, M, shiny|100\/100|[from] Baton Pass\n|move|p1b: Volcarona|Bug Buzz|p2b: Iron Moth\n|-resisted|p2b: Iron Moth\n|-damage|p2b: Iron Moth|83\/100\n|\n|upkeep\n|\n|t:|1700682230\n|switch|p2a: Ogerpon|Ogerpon-Hearthflame, L50, F|100\/100\n|-ability|p2a: Ogerpon|Mold Breaker\n|turn|3\n|\n|t:|1700682250\n|-terastallize|p2a: Ogerpon|Fire\n|detailschange|p2a: Ogerpon|Ogerpon-Hearthflame-Tera, L50, F, tera:Fire\n|-ability|p2a: Ogerpon|Embody Aspect (Hearthflame)|boost\n|-boost|p2a: Ogerpon|atk|1\n|-terastallize|p1a: Sylveon|Fire\n|move|p2b: Iron Moth|Discharge|p1a: Sylveon|[spread] p2a,p1a,p1b\n|-damage|p2a: Ogerpon|48\/100\n|-damage|p1a: Sylveon|81\/100\n|-damage|p1b: Volcarona|18\/100 par\n|-status|p1a: Sylveon|par\n|-enditem|p1b: Volcarona|Aguav Berry|[eat]\n|-heal|p1b: Volcarona|52\/100 par|[from] item: Aguav Berry\n|move|p2a: Ogerpon|Ivy Cudgel|p1a: Sylveon|[anim] Ivy Cudgel Fire\n|-resisted|p1a: Sylveon\n|-crit|p1a: Sylveon\n|-damage|p1a: Sylveon|0 fnt\n|faint|p1a: Sylveon\n|move|p1b: Volcarona|Bug Buzz|p2a: Ogerpon\n|-resisted|p2a: Ogerpon\n|-damage|p2a: Ogerpon|4\/100\n|\n|upkeep\n|\n|t:|1700682274\n|switch|p1a: Palafin|Palafin-Hero, L50, M, shiny|100\/100\n|-activate|p1a: Palafin|ability: Zero to Hero\n|turn|4\n|\n|t:|1700682291\n|move|p2a: Ogerpon|Spiky Shield|p2a: Ogerpon\n|-singleturn|p2a: Ogerpon|move: Protect\n|cant|p1b: Volcarona|par\n|move|p1a: Palafin|Jet Punch|p2b: Iron Moth\n|-supereffective|p2b: Iron Moth\n|-damage|p2b: Iron Moth|0 fnt\n|faint|p2b: Iron Moth\n|-end|p2b: Iron Moth|Quark Drive|[silent]\n|\n|-sideend|p2: Thehoppa117|move: Tailwind\n|upkeep\n|\n|t:|1700682298\n|switch|p2b: Iron Hands|Iron Hands, L50|100\/100\n|-activate|p2b: Iron Hands|ability: Quark Drive\n|-start|p2b: Iron Hands|quarkdriveatk\n|turn|5\n|\n|t:|1700682311\n|move|p1a: Palafin|Jet Punch|p2a: Ogerpon\n|-supereffective|p2a: Ogerpon\n|-damage|p2a: Ogerpon|0 fnt\n|faint|p2a: Ogerpon\n|move|p1b: Volcarona|Bug Buzz|p2b: Iron Hands\n|-resisted|p2b: Iron Hands\n|-damage|p2b: Iron Hands|78\/100\n|move|p2b: Iron Hands|Thunder Punch|p1a: Palafin\n|-supereffective|p1a: Palafin\n|-damage|p1a: Palafin|0 fnt\n|faint|p1a: Palafin\n|\n|upkeep\n|\n|t:|1700682323\n|switch|p1a: Oricorio|Oricorio-Pom-Pom, L50, F|41\/100\n|turn|6\n|inactive|Thehoppa117 has 30 seconds left.\n|\n|t:|1700682349\n|move|p1a: Oricorio|Revelation Dance|p2b: Iron Hands\n|-resisted|p2b: Iron Hands\n|-damage|p2b: Iron Hands|69\/100\n|move|p1b: Volcarona|Fiery Dance|p2b: Iron Hands\n|-damage|p2b: Iron Hands|30\/100\n|-boost|p1b: Volcarona|spa|1\n|-activate|p1a: Oricorio|ability: Dancer\n|move|p1a: Oricorio|Fiery Dance|p2b: Iron Hands|[from]ability: Dancer\n|-damage|p2b: Iron Hands|18\/100\n|move|p2b: Iron Hands|Thunder Punch|p1a: Oricorio\n|-damage|p1a: Oricorio|0 fnt\n|faint|p1a: Oricorio\n|\n|-fieldend|move: Electric Terrain\n|-end|p2b: Iron Hands|Quark Drive\n|upkeep\n|turn|7\n|\n|t:|1700682371\n|move|p1b: Volcarona|Fiery Dance|p2b: Iron Hands\n|-damage|p2b: Iron Hands|0 fnt\n|faint|p2b: Iron Hands\n|-end|p2b: Iron Hands|Quark Drive|[silent]\n|\n|win|pedrotic\n|raw|pedrotic's rating: 1123 &rarr; <strong>1149<\/strong><br \/>(+26 for winning)\n|raw|Thehoppa117's rating: 1136 &rarr; <strong>1110<\/strong><br \/>(-26 for losing)\n|l|\u2606pedrotic\n","uploadtime":1700682423,"views":1,"p1id":"pedrotic","p2id":"thehoppa117","formatid":"gen9vgc2023regulatione","rating":1110,"private":0,"password":""}