{"id":"gen9vgc2023regulatione-1990001686","p1":"snakevnm","p2":"Cycrum","format":"[Gen 9] VGC 2023 Regulation E","log":"|j|\u2606snakevnm\n|j|\u2606Cycrum\n|n|\u2606snakevnm|snakevnm\n|n|\u2606Cycrum|cycrum\n|html|View the match progress at <a href=\"\/game-bestof3-gen9vgc2023regulatione-1989999127\">game-bestof3-gen9vgc2023regulatione-1989999127<\/a>\n|t:|1699914225\n|gametype|doubles\n|player|p1|snakevnm|169|\n|player|p2|Cycrum|hilbert|\n|teamsize|p1|6\n|teamsize|p2|6\n|gen|9\n|tier|[Gen 9] VGC 2023 Regulation E\n|rule|Species Clause: Limit one of each Pok\u00e9mon\n|rule|Item Clause: Limit one of each item\n|clearpoke\n|poke|p1|Armarouge, L50, F|\n|poke|p1|Indeedee-F, L50, F|\n|poke|p1|Ursaluna, L50, F|\n|poke|p1|Quaquaval, L50, M|\n|poke|p1|Dragapult, L50, M|\n|poke|p1|Maushold-Four, L50|\n|poke|p2|Ninetales-Alola, L50, M|\n|poke|p2|Gholdengo, L50|\n|poke|p2|Annihilape, L50, F|\n|poke|p2|Baxcalibur, L50, M|\n|poke|p2|Murkrow, L50, F|\n|poke|p2|Empoleon, L50, M|\n|teampreview|4\nCycrum has agreed to open team sheets.\nsnakevnm has agreed to open team sheets.\n|showteam|p1|Armarouge||ChestoBerry|FlashFire|ExpandingForce,ArmorCannon,Protect,Rest|||F|||50|,,,,,Psychic]Indeedee-F||SitrusBerry|PsychicSurge|TrickRoom,FollowMe,Psychic,Protect|||F|||50|,,,,,Normal]Ursaluna||FlameOrb|Guts|HeadlongRush,Facade,Protect,CloseCombat|||F|||50|,,,,,Poison]Quaquaval||MysticWater|Moxie|AquaStep,CloseCombat,Protect,IceSpinner|||M|||50|,,,,,Fairy]Dragapult||PowerHerb|ClearBody|DragonDarts,PhantomForce,Protect,Uturn|||M|||50|,,,,,Electric]Maushold-Four||WideLens|Technician|PopulationBomb,TidyUp,Substitute,Protect||||||50|,,,,,Ghost\n|showteam|p2|Ninetales-Alola||LightClay|SnowWarning|Blizzard,Moonblast,AuroraVeil,Protect|||M|||50|,,,,,Water]Gholdengo||ChoiceSpecs|GoodasGold|MakeItRain,ShadowBall,Thunderbolt,Trick||||||50|,,,,,Steel]Annihilape||Leftovers|Defiant|DrainPunch,RageFist,BulkUp,TeraBlast|||F|||50|,,,,,Fire]Baxcalibur||LoadedDice|ThermalExchange|IcicleSpear,ScaleShot,SwordsDance,Protect|||M|||50|,,,,,Poison]Murkrow||Eviolite|Prankster|FoulPlay,Tailwind,Haze,Taunt|||F|||50|,,,,,Ghost]Empoleon||AssaultVest|Competitive|FlashCannon,FlipTurn,IcyWind,HydroPump|||M|||50|,,,,,Grass\n|\n|t:|1699914328\n|start\n|switch|p1a: emadrews|Ursaluna, L50, F, shiny|100\/100\n|switch|p1b: ooh im a ghost|Dragapult, L50, M, shiny|100\/100\n|switch|p2a: Murkrow|Murkrow, L50, F|100\/100\n|switch|p2b: Empoleon|Empoleon, L50, M|100\/100\n|turn|1\n|\n|t:|1699914355\n|-terastallize|p2b: Empoleon|Grass\n|move|p2a: Murkrow|Tailwind|p2a: Murkrow\n|-sidestart|p2: Cycrum|move: Tailwind\n|move|p1b: ooh im a ghost|Dragon Darts|p2a: Murkrow\n|-damage|p2a: Murkrow|64\/100\n|-anim|p1b: ooh im a ghost|Dragon Darts|p2b: Empoleon\n|-damage|p2b: Empoleon|72\/100\n|move|p2b: Empoleon|Icy Wind|p1b: ooh im a ghost|[spread] p1a,p1b\n|-supereffective|p1a: emadrews\n|-supereffective|p1b: ooh im a ghost\n|-damage|p1a: emadrews|77\/100\n|-damage|p1b: ooh im a ghost|58\/100\n|-unboost|p1a: emadrews|spe|1\n|move|p1a: emadrews|Headlong Rush|p2b: Empoleon\n|-resisted|p2b: Empoleon\n|-damage|p2b: Empoleon|34\/100\n|-unboost|p1a: emadrews|def|1\n|-unboost|p1a: emadrews|spd|1\n|\n|-status|p1a: emadrews|brn|[from] item: Flame Orb\n|upkeep\n|turn|2\n|\n|t:|1699914388\n|move|p1a: emadrews|Protect|p1a: emadrews\n|-singleturn|p1a: emadrews|Protect\n|move|p2a: Murkrow|Foul Play|p1a: emadrews\n|-activate|p1a: emadrews|move: Protect\n|move|p1b: ooh im a ghost|Phantom Force||[still]\n|-prepare|p1b: ooh im a ghost|Phantom Force\n|-enditem|p1b: ooh im a ghost|Power Herb\n|-anim|p1b: ooh im a ghost|Phantom Force|p2b: Empoleon\n|-damage|p2b: Empoleon|0 fnt\n|faint|p2b: Empoleon\n|\n|-damage|p1a: emadrews|71\/100 brn|[from] brn\n|upkeep\n|\n|t:|1699914392\n|switch|p2b: Ninetales|Ninetales-Alola, L50, M|100\/100\n|-weather|Snow|[from] ability: Snow Warning|[of] p2b: Ninetales\n|turn|3\n|\n|t:|1699914501\n|-terastallize|p1a: emadrews|Poison\n|move|p2b: Ninetales|Protect|p2b: Ninetales\n|-singleturn|p2b: Ninetales|Protect\n|move|p1b: ooh im a ghost|Protect|p1b: ooh im a ghost\n|-singleturn|p1b: ooh im a ghost|Protect\n|move|p2a: Murkrow|Foul Play|p1a: emadrews\n|-damage|p1a: emadrews|6\/100 brn\n|move|p1a: emadrews|Facade|p2a: Murkrow\n|-damage|p2a: Murkrow|0 fnt\n|faint|p2a: Murkrow\n|\n|-weather|Snow|[upkeep]\n|-damage|p1a: emadrews|0 fnt|[from] brn\n|faint|p1a: emadrews\n|upkeep\n|\n|t:|1699914523\n|switch|p2a: Annihilape|Annihilape, L50, F|100\/100\n|switch|p1a: paint|Indeedee-F, L50, F, shiny|100\/100\n|-fieldstart|move: Psychic Terrain|[from] ability: Psychic Surge|[of] p1a: paint\n|turn|4\n|\n|t:|1699914568\n|move|p2b: Ninetales|Aurora Veil|p2b: Ninetales\n|-sidestart|p2: Cycrum|move: Aurora Veil\n|move|p2a: Annihilape|Bulk Up|p2a: Annihilape\n|-boost|p2a: Annihilape|atk|1\n|-boost|p2a: Annihilape|def|1\n|move|p1b: ooh im a ghost|Phantom Force||[still]\n|-prepare|p1b: ooh im a ghost|Phantom Force\n|move|p1a: paint|Trick Room|p1a: paint\n|-fieldstart|move: Trick Room|[of] p1a: paint\n|\n|-weather|Snow|[upkeep]\n|-sideend|p2: Cycrum|move: Tailwind\n|upkeep\n|turn|5\n|\n|t:|1699914582\n|move|p1a: paint|Psychic|p2a: Annihilape\n|-supereffective|p2a: Annihilape\n|-damage|p2a: Annihilape|53\/100\n|move|p2a: Annihilape|Rage Fist|p1b: ooh im a ghost|[miss]\n|-miss|p2a: Annihilape|p1b: ooh im a ghost\n|move|p2b: Ninetales|Blizzard|p1b: ooh im a ghost|[spread] p1a\n|-miss|p2b: Ninetales|p1b: ooh im a ghost\n|-damage|p1a: paint|69\/100\n|move|p1b: ooh im a ghost|Phantom Force|p2a: Annihilape|[from]lockedmove\n|-supereffective|p2a: Annihilape\n|-damage|p2a: Annihilape|12\/100\n|\n|-weather|Snow|[upkeep]\n|-heal|p2a: Annihilape|18\/100|[from] item: Leftovers\n|upkeep\n|turn|6\n|\n|t:|1699914604\n|move|p1b: ooh im a ghost|Protect|p1b: ooh im a ghost\n|-singleturn|p1b: ooh im a ghost|Protect\n|move|p1a: paint|Psychic|p2a: Annihilape\n|-supereffective|p2a: Annihilape\n|-damage|p2a: Annihilape|0 fnt\n|faint|p2a: Annihilape\n|move|p2b: Ninetales|Blizzard|p1a: paint|[spread] p1a\n|-activate|p1b: ooh im a ghost|move: Protect\n|-damage|p1a: paint|40\/100\n|-enditem|p1a: paint|Sitrus Berry|[eat]\n|-heal|p1a: paint|65\/100|[from] item: Sitrus Berry\n|\n|-weather|Snow|[upkeep]\n|upkeep\n|turn|7\n|\n|t:|1699914627\n|move|p1a: paint|Psychic|p2b: Ninetales\n|-damage|p2b: Ninetales|71\/100\n|move|p2b: Ninetales|Blizzard|p1a: paint|[spread] p1a,p1b\n|-supereffective|p1b: ooh im a ghost\n|-crit|p1b: ooh im a ghost\n|-damage|p1a: paint|35\/100\n|-damage|p1b: ooh im a ghost|0 fnt\n|faint|p1b: ooh im a ghost\n|\n|-weather|none\n|upkeep\n|\n|t:|1699914634\n|switch|p1b: i fingerpaint|Armarouge, L50, F, shiny|100\/100\n|turn|8\n|\n|t:|1699914663\n|move|p2b: Ninetales|Protect|p2b: Ninetales\n|-singleturn|p2b: Ninetales|Protect\n|move|p1b: i fingerpaint|Armor Cannon|p2b: Ninetales\n|-activate|p2b: Ninetales|move: Protect\n|move|p1a: paint|Psychic|p2b: Ninetales\n|-activate|p2b: Ninetales|move: Protect\n|\n|-fieldend|move: Trick Room\n|-fieldend|move: Psychic Terrain\n|upkeep\n|turn|9\n|\n|t:|1699914701\n|move|p2b: Ninetales|Moonblast|p1a: paint\n|-damage|p1a: paint|4\/100\n|move|p1a: paint|Psychic|p2b: Ninetales\n|-damage|p2b: Ninetales|46\/100\n|move|p1b: i fingerpaint|Armor Cannon|p2b: Ninetales\n|-supereffective|p2b: Ninetales\n|-damage|p2b: Ninetales|0 fnt\n|-unboost|p1b: i fingerpaint|def|1\n|-unboost|p1b: i fingerpaint|spd|1\n|faint|p2b: Ninetales\n|\n|win|snakevnm\n|c|\u2606Cycrum|gg\n|c|\u2606snakevnm|gg\n","uploadtime":1699914708,"views":20,"p1id":"snakevnm","p2id":"cycrum","formatid":"gen9vgc2023regulatione","rating":0,"private":0,"password":""}