{"id":"gen9vgc2023regulatione-1991037924","p1":"fyfyyalt1","p2":"hai zai zui ying","format":"[Gen 9] VGC 2023 Regulation E","log":"|j|\u2606fyfyyalt1\n|j|\u2606hai zai zui ying\n|t:|1700032449\n|gametype|doubles\n|player|p1|fyfyyalt1|1|1588\n|player|p2|hai zai zui ying|diantha-masters|1559\n|teamsize|p1|6\n|teamsize|p2|6\n|gen|9\n|tier|[Gen 9] VGC 2023 Regulation E\n|rated|\n|rule|Species Clause: Limit one of each Pok\u00e9mon\n|rule|Item Clause: Limit one of each item\n|clearpoke\n|poke|p1|Tornadus, L50, M|\n|poke|p1|Iron Hands, L50|\n|poke|p1|Gholdengo, L50|\n|poke|p1|Urshifu-*, L50, M|\n|poke|p1|Ogerpon-Wellspring, L50, F|\n|poke|p1|Chien-Pao, L50|\n|poke|p2|Ninetales, L50, F|\n|poke|p2|Roaring Moon, L50|\n|poke|p2|Flutter Mane, L50|\n|poke|p2|Bellibolt, L50, M|\n|poke|p2|Gastrodon, L50, F|\n|poke|p2|Ogerpon-Hearthflame, L50, F|\n|teampreview|4\n|j| 5Sscreen\n|\n|t:|1700032528\n|start\n|switch|p1a: Tornadus|Tornadus, L50, M|100\/100\n|switch|p1b: Ogerpon|Ogerpon-Wellspring, L50, F|100\/100\n|switch|p2a: Ninetales|Ninetales, L50, F|100\/100\n|switch|p2b: Roaring Moon|Roaring Moon, L50|100\/100\n|-weather|SunnyDay|[from] ability: Drought|[of] p2a: Ninetales\n|-activate|p2b: Roaring Moon|ability: Protosynthesis\n|-start|p2b: Roaring Moon|protosynthesisatk\n|turn|1\n|\n|t:|1700032553\n|-terastallize|p1b: Ogerpon|Water\n|detailschange|p1b: Ogerpon|Ogerpon-Wellspring-Tera, L50, F, tera:Water\n|-ability|p1b: Ogerpon|Embody Aspect (Wellspring)|boost\n|-boost|p1b: Ogerpon|spd|1\n|move|p1a: Tornadus|Rain Dance|p1a: Tornadus\n|-weather|RainDance\n|-end|p2b: Roaring Moon|Protosynthesis\n|move|p2a: Ninetales|Encore|p1a: Tornadus\n|-start|p1a: Tornadus|Encore\n|move|p2b: Roaring Moon|Dragon Dance|p2b: Roaring Moon\n|-boost|p2b: Roaring Moon|atk|1\n|-boost|p2b: Roaring Moon|spe|1\n|move|p1b: Ogerpon|Ivy Cudgel|p2a: Ninetales|[anim] Ivy Cudgel Water\n|-supereffective|p2a: Ninetales\n|-enditem|p2a: Ninetales|Focus Sash\n|-damage|p2a: Ninetales|1\/100\n|\n|-weather|RainDance|[upkeep]\n|upkeep\n|turn|2\n|\n|t:|1700032580\n|switch|p1a: Chien-Pao|Chien-Pao, L50|100\/100\n|-ability|p1a: Chien-Pao|Sword of Ruin\n|move|p2b: Roaring Moon|Knock Off|p1a: Chien-Pao\n|-resisted|p1a: Chien-Pao\n|-damage|p1a: Chien-Pao|44\/100\n|-enditem|p1a: Chien-Pao|Focus Sash|[from] move: Knock Off|[of] p2b: Roaring Moon\n|move|p2a: Ninetales|Disable|p1b: Ogerpon\n|-start|p1b: Ogerpon|Disable|Ivy Cudgel\n|cant|p1b: Ogerpon|Disable|Ivy Cudgel\n|\n|-weather|RainDance|[upkeep]\n|upkeep\n|turn|3\n|\n|t:|1700032614\n|move|p1b: Ogerpon|Follow Me|p1b: Ogerpon\n|-singleturn|p1b: Ogerpon|move: Follow Me\n|move|p2b: Roaring Moon|Dragon Dance|p2b: Roaring Moon\n|-boost|p2b: Roaring Moon|atk|1\n|-boost|p2b: Roaring Moon|spe|1\n|move|p1a: Chien-Pao|Ice Spinner|p2b: Roaring Moon\n|-supereffective|p2b: Roaring Moon\n|-damage|p2b: Roaring Moon|0 fnt\n|faint|p2b: Roaring Moon\n|-end|p2b: Roaring Moon|Protosynthesis|[silent]\n|move|p2a: Ninetales|Overheat|p1b: Ogerpon\n|-resisted|p1b: Ogerpon\n|-damage|p1b: Ogerpon|93\/100\n|-unboost|p2a: Ninetales|spa|2\n|\n|-weather|RainDance|[upkeep]\n|upkeep\n|\n|t:|1700032623\n|switch|p2b: Bellibolt|Bellibolt, L50, M|100\/100\n|turn|4\n|j| nistaka\n|\n|t:|1700032674\n|move|p2a: Ninetales|Helping Hand|p2b: Bellibolt\n|-singleturn|p2b: Bellibolt|Helping Hand|[of] p2a: Ninetales\n|move|p1b: Ogerpon|Spiky Shield|p1b: Ogerpon\n|-singleturn|p1b: Ogerpon|move: Protect\n|move|p1a: Chien-Pao|Ice Spinner|p2a: Ninetales\n|-resisted|p2a: Ninetales\n|-damage|p2a: Ninetales|0 fnt\n|faint|p2a: Ninetales\n|move|p2b: Bellibolt|Thunderbolt|p1b: Ogerpon\n|-activate|p1b: Ogerpon|move: Protect\n|\n|-weather|RainDance|[upkeep]\n|upkeep\n|\n|t:|1700032681\n|switch|p2a: Gastrodon|Gastrodon, L50, F|100\/100\n|turn|5\n|\n|t:|1700032695\n|switch|p1a: Tornadus|Tornadus, L50, M|100\/100\n|move|p2a: Gastrodon|Protect|p2a: Gastrodon\n|-singleturn|p2a: Gastrodon|Protect\n|move|p1b: Ogerpon|Power Whip|p2a: Gastrodon\n|-activate|p2a: Gastrodon|move: Protect\n|move|p2b: Bellibolt|Thunderbolt|p1b: Ogerpon\n|-supereffective|p1b: Ogerpon\n|-damage|p1b: Ogerpon|44\/100\n|\n|-weather|none\n|-end|p1b: Ogerpon|Disable\n|upkeep\n|turn|6\n|\n|t:|1700032718\n|-terastallize|p2a: Gastrodon|Fairy\n|move|p1a: Tornadus|Tailwind|p1a: Tornadus\n|-sidestart|p1: fyfyyalt1|move: Tailwind\n|move|p1b: Ogerpon|Power Whip|p2a: Gastrodon\n|-damage|p2a: Gastrodon|38\/100\n|move|p2b: Bellibolt|Thunderbolt|p1b: Ogerpon\n|-supereffective|p1b: Ogerpon\n|-crit|p1b: Ogerpon\n|-damage|p1b: Ogerpon|0 fnt\n|faint|p1b: Ogerpon\n|move|p2a: Gastrodon|Yawn|p1a: Tornadus\n|-start|p1a: Tornadus|move: Yawn|[of] p2a: Gastrodon\n|\n|-heal|p2a: Gastrodon|45\/100|[from] item: Leftovers\n|upkeep\n|\n|t:|1700032727\n|switch|p1b: Gholdengo|Gholdengo, L50|100\/100\n|turn|7\n|\n|t:|1700032751\n|switch|p1a: Chien-Pao|Chien-Pao, L50|44\/100\n|-ability|p1a: Chien-Pao|Sword of Ruin\n|move|p2a: Gastrodon|Protect|p2a: Gastrodon\n|-singleturn|p2a: Gastrodon|Protect\n|move|p1b: Gholdengo|Nasty Plot|p1b: Gholdengo\n|-boost|p1b: Gholdengo|spa|2\n|move|p2b: Bellibolt|Thunderbolt|p1a: Chien-Pao\n|-damage|p1a: Chien-Pao|0 fnt\n|faint|p1a: Chien-Pao\n|\n|-heal|p2a: Gastrodon|51\/100|[from] item: Leftovers\n|upkeep\n|\n|t:|1700032761\n|switch|p1a: Tornadus|Tornadus, L50, M|100\/100\n|turn|8\n|\n|t:|1700032769\n|move|p1a: Tornadus|Bleakwind Storm|p2a: Gastrodon|[spread] p2a,p2b\n|-resisted|p2b: Bellibolt\n|-damage|p2a: Gastrodon|22\/100\n|-damage|p2b: Bellibolt|89\/100\n|-unboost|p2b: Bellibolt|spe|1\n|-start|p2b: Bellibolt|Charge|Bleakwind Storm|[from] ability: Electromorphosis\n|move|p1b: Gholdengo|Make It Rain|p2b: Bellibolt|[spread] p2a,p2b\n|-supereffective|p2a: Gastrodon\n|-resisted|p2b: Bellibolt\n|-damage|p2a: Gastrodon|0 fnt\n|-damage|p2b: Bellibolt|61\/100\n|-unboost|p1b: Gholdengo|spa|1\n|-start|p2b: Bellibolt|Charge|Make It Rain|[from] ability: Electromorphosis\n|faint|p2a: Gastrodon\n|move|p2b: Bellibolt|Parabolic Charge|p1a: Tornadus|[spread] p1a,p1b\n|-supereffective|p1a: Tornadus\n|-damage|p1a: Tornadus|16\/100\n|-heal|p2b: Bellibolt|99\/100|[from] drain|[of] p1a: Tornadus\n|-damage|p1b: Gholdengo|63\/100\n|-heal|p2b: Bellibolt|100\/100|[from] drain|[of] p1b: Gholdengo\n|-end|p2b: Bellibolt|Charge|[silent]\n|\n|-heal|p1b: Gholdengo|69\/100|[from] item: Leftovers\n|upkeep\n|turn|9\n|\n|t:|1700032794\n|move|p1a: Tornadus|Taunt|p2b: Bellibolt\n|-start|p2b: Bellibolt|move: Taunt\n|move|p1b: Gholdengo|Nasty Plot|p1b: Gholdengo\n|-boost|p1b: Gholdengo|spa|2\n|move|p2b: Bellibolt|Parabolic Charge|p1a: Tornadus|[spread] p1a,p1b\n|-supereffective|p1a: Tornadus\n|-damage|p1a: Tornadus|0 fnt\n|-damage|p1b: Gholdengo|49\/100\n|faint|p1a: Tornadus\n|\n|-heal|p1b: Gholdengo|55\/100|[from] item: Leftovers\n|-sideend|p1: fyfyyalt1|move: Tailwind\n|upkeep\n|turn|10\n|\n|t:|1700032806\n|move|p1b: Gholdengo|Shadow Ball|p2b: Bellibolt\n|-damage|p2b: Bellibolt|40\/100\n|-start|p2b: Bellibolt|Charge|Shadow Ball|[from] ability: Electromorphosis\n|move|p2b: Bellibolt|Thunderbolt|p1b: Gholdengo\n|-damage|p1b: Gholdengo|0 fnt\n|faint|p1b: Gholdengo\n|-end|p2b: Bellibolt|Charge|[silent]\n|\n|win|hai zai zui ying\n|raw|fyfyyalt1's rating: 1607 &rarr; <strong>1584<\/strong><br \/>(-23 for losing)\n|raw|hai zai zui ying's rating: 1559 &rarr; <strong>1582<\/strong><br \/>(+23 for winning)\n|l|\u2606fyfyyalt1\n|l|\u2606hai zai zui ying\n","uploadtime":1700033139,"views":7,"p1id":"fyfyyalt1","p2id":"haizaizuiying","formatid":"gen9vgc2023regulatione","rating":1582,"private":0,"password":""}