{"id":"gen9vgc2023regulatione-1999187918","p1":"slimejrlegit","p2":"XL Twin Mattress","format":"[Gen 9] VGC 2023 Regulation E","log":"|j|\u2606slimejrlegit\n|j|\u2606XL Twin Mattress\n|t:|1701043093\n|gametype|doubles\n|player|p1|slimejrlegit|265|1327\n|player|p2|XL Twin Mattress|erika-gen2|1336\n|teamsize|p1|6\n|teamsize|p2|6\n|gen|9\n|tier|[Gen 9] VGC 2023 Regulation E\n|rated|\n|rule|Species Clause: Limit one of each Pok\u00e9mon\n|rule|Item Clause: Limit one of each item\n|clearpoke\n|poke|p1|Armarouge, L50, M|\n|poke|p1|Milotic, L50, M|\n|poke|p1|Regieleki, L50|\n|poke|p1|Enamorus, L50, F|\n|poke|p1|Sneasler, L50, F|\n|poke|p1|Indeedee-F, L50, F|\n|poke|p2|Sinistcha, L50|\n|poke|p2|Annihilape, L50, F|\n|poke|p2|Maushold, L50|\n|poke|p2|Heatran, L50, F|\n|poke|p2|Ninetales-Alola, L50, F|\n|poke|p2|Milotic, L50, M|\n|teampreview|4\n|j| buckmatic\n|inactive|Battle timer is ON: inactive players will automatically lose when time's up. (requested by slimejrlegit)\n|\n|t:|1701043189\n|start\n|switch|p1a: Indeedee|Indeedee-F, L50, F|100\/100\n|switch|p1b: Armarouge|Armarouge, L50, M|100\/100\n|switch|p2a: Milotic|Milotic, L50, M|100\/100\n|switch|p2b: Sinistcha|Sinistcha, L50|100\/100\n|-fieldstart|move: Psychic Terrain|[from] ability: Psychic Surge|[of] p1a: Indeedee\n|turn|1\n|inactive|XL Twin Mattress has 30 seconds left.\n|\n|t:|1701043217\n|-terastallize|p1b: Armarouge|Psychic\n|move|p1a: Indeedee|Helping Hand|p1b: Armarouge\n|-singleturn|p1b: Armarouge|Helping Hand|[of] p1a: Indeedee\n|move|p2a: Milotic|Hydro Pump|p1b: Armarouge\n|-damage|p1b: Armarouge|19\/100\n|move|p1b: Armarouge|Expanding Force|p2b: Sinistcha|[spread] p2a,p2b\n|-damage|p2a: Milotic|0 fnt\n|-damage|p2b: Sinistcha|0 fnt\n|faint|p2a: Milotic\n|faint|p2b: Sinistcha\n|-damage|p1b: Armarouge|9\/100|[from] item: Life Orb\n|\n|upkeep\n|\n|t:|1701043226\n|switch|p2a: Heatran|Heatran, L50, F|100\/100\n|switch|p2b: Ninetales|Ninetales-Alola, L50, F|100\/100\n|-weather|Snow|[from] ability: Snow Warning|[of] p2b: Ninetales\n|turn|2\n|\n|t:|1701043244\n|move|p1a: Indeedee|Follow Me|p1a: Indeedee\n|-singleturn|p1a: Indeedee|move: Follow Me\n|move|p2b: Ninetales|Blizzard|p1b: Armarouge|[spread] p1a,p1b\n|-damage|p1a: Indeedee|77\/100\n|-damage|p1b: Armarouge|0 fnt\n|faint|p1b: Armarouge\n|move|p2a: Heatran|Magma Storm|p1a: Indeedee\n|-damage|p1a: Indeedee|32\/100\n|-activate|p1a: Indeedee|move: Magma Storm|[of] p2a: Heatran\n|\n|-weather|Snow|[upkeep]\n|-damage|p1a: Indeedee|20\/100|[from] move: Magma Storm|[partiallytrapped]\n|upkeep\n|\n|t:|1701043249\n|switch|p1b: Regieleki|Regieleki, L50|100\/100\n|turn|3\n|\n|t:|1701043266\n|move|p1a: Indeedee|Follow Me|p1a: Indeedee\n|-singleturn|p1a: Indeedee|move: Follow Me\n|move|p1b: Regieleki|Electroweb|p2b: Ninetales|[spread] p2a,p2b\n|-damage|p2a: Heatran|76\/100\n|-damage|p2b: Ninetales|66\/100\n|-unboost|p2a: Heatran|spe|1\n|-unboost|p2b: Ninetales|spe|1\n|move|p2b: Ninetales|Aurora Veil|p2b: Ninetales\n|-sidestart|p2: XL Twin Mattress|move: Aurora Veil\n|move|p2a: Heatran|Earth Power|p1a: Indeedee\n|-damage|p1a: Indeedee|0 fnt\n|faint|p1a: Indeedee\n|\n|-weather|Snow|[upkeep]\n|upkeep\n|\n|t:|1701043268\n|switch|p1a: Doja Cat|Enamorus, L50, F|100\/100\n|turn|4\n|\n|t:|1701043286\n|move|p1b: Regieleki|Eerie Impulse|p2b: Ninetales\n|-unboost|p2b: Ninetales|spa|2\n|move|p1a: Doja Cat|Earth Power|p2a: Heatran\n|-supereffective|p2a: Heatran\n|-damage|p2a: Heatran|0 fnt\n|faint|p2a: Heatran\n|move|p2b: Ninetales|Blizzard|p1b: Regieleki|[spread] p1a,p1b\n|-supereffective|p1a: Doja Cat\n|-damage|p1a: Doja Cat|55\/100\n|-damage|p1b: Regieleki|71\/100\n|\n|-weather|Snow|[upkeep]\n|upkeep\n|turn|5\n|\n|t:|1701043297\n|-terastallize|p2b: Ninetales|Ice\n|move|p1b: Regieleki|Eerie Impulse|p1a: Doja Cat\n|-boost|p1a: Doja Cat|spa|2\n|move|p1a: Doja Cat|Earth Power|p2b: Ninetales\n|-damage|p2b: Ninetales|0 fnt\n|faint|p2b: Ninetales\n|\n|win|slimejrlegit\n|raw|slimejrlegit's rating: 1327 &rarr; <strong>1348<\/strong><br \/>(+21 for winning)\n|raw|XL Twin Mattress's rating: 1336 &rarr; <strong>1315<\/strong><br \/>(-21 for losing)\n|l| buckmatic\n","uploadtime":1701043313,"views":14,"p1id":"slimejrlegit","p2id":"xltwinmattress","formatid":"gen9vgc2023regulatione","rating":1315,"private":0,"password":""}