{"id":"gen9vgc2023regulatione-1993617765","p1":"tastethekoalabear","p2":"OmegaAlpha01","format":"[Gen 9] VGC 2023 Regulation E","log":"|j|\u2606tastethekoalabear\n|j|\u2606OmegaAlpha01\n|n|\u2606tastethekoalabear|tastethekoalabear\n|n|\u2606OmegaAlpha01|omegaalpha01\n|html|View the match progress at <a href=\"\/game-bestof3-gen9vgc2023regulatione-1993615391\">game-bestof3-gen9vgc2023regulatione-1993615391<\/a>\n|t:|1700338033\n|gametype|doubles\n|player|p1|tastethekoalabear|266|\n|player|p2|OmegaAlpha01|caitlin|\n|teamsize|p1|6\n|teamsize|p2|6\n|gen|9\n|tier|[Gen 9] VGC 2023 Regulation E\n|rule|Species Clause: Limit one of each Pok\u00e9mon\n|rule|Item Clause: Limit one of each item\n|clearpoke\n|poke|p1|Volbeat, L50, M|\n|poke|p1|Magnezone, L50|\n|poke|p1|Ogerpon-Hearthflame, L50, F|\n|poke|p1|Brambleghast, L50, M|\n|poke|p1|Tauros-Paldea-Aqua, L50, M|\n|poke|p1|Chi-Yu, L50|\n|poke|p2|Ninetales-Alola, L50, F|\n|poke|p2|Baxcalibur, L50, F|\n|poke|p2|Hydreigon, L50, F|\n|poke|p2|Skiploom, L50, M|\n|poke|p2|Delphox, L50, F|\n|poke|p2|Revavroom, L50, F|\n|teampreview|4\n|\n|t:|1700338051\n|start\n|switch|p1a: fuck out the way|Tauros-Paldea-Aqua, L50, M|100\/100\n|switch|p1b: gas gas gas|Volbeat, L50, M|100\/100\n|switch|p2a: Return of the King|Hydreigon, L50, F|100\/100\n|switch|p2b: IM BACK SUCKAS|Skiploom, L50, M|100\/100\n|-ability|p1a: fuck out the way|Intimidate|boost\n|-unboost|p2a: Return of the King|atk|1\n|-unboost|p2b: IM BACK SUCKAS|atk|1\n|turn|1\n|\n|t:|1700338075\n|-terastallize|p2a: Return of the King|Dragon\n|move|p2b: IM BACK SUCKAS|Helping Hand|p2a: Return of the King\n|-singleturn|p2a: Return of the King|Helping Hand|[of] p2b: IM BACK SUCKAS\n|move|p1b: gas gas gas|Tailwind|p1b: gas gas gas\n|-sidestart|p1: tastethekoalabear|move: Tailwind\n|move|p1a: fuck out the way|Close Combat|p2a: Return of the King\n|-damage|p2a: Return of the King|54\/100\n|-unboost|p1a: fuck out the way|def|1\n|-unboost|p1a: fuck out the way|spd|1\n|move|p2a: Return of the King|Draco Meteor|p1a: fuck out the way\n|-damage|p1a: fuck out the way|0 fnt\n|-unboost|p2a: Return of the King|spa|2\n|faint|p1a: fuck out the way\n|\n|upkeep\n|\n|t:|1700338093\n|switch|p1a: 252+ spatk|Chi-Yu, L50|100\/100\n|-ability|p1a: 252+ spatk|Beads of Ruin\n|turn|2\n|\n|t:|1700338109\n|move|p1b: gas gas gas|Encore|p2a: Return of the King\n|-start|p2a: Return of the King|Encore\n|move|p1a: 252+ spatk|Heat Wave|p2a: Return of the King|[spread] p2a,p2b\n|-resisted|p2a: Return of the King\n|-supereffective|p2b: IM BACK SUCKAS\n|-damage|p2a: Return of the King|19\/100\n|-damage|p2b: IM BACK SUCKAS|0 fnt\n|faint|p2b: IM BACK SUCKAS\n|move|p2a: Return of the King|Draco Meteor|p1a: 252+ spatk\n|-damage|p1a: 252+ spatk|47\/100\n|-unboost|p2a: Return of the King|spa|2\n|\n|upkeep\n|\n|t:|1700338127\n|switch|p2b: Gun|Baxcalibur, L50, F|100\/100\n|turn|3\n|\n|t:|1700338139\n|move|p1b: gas gas gas|Helping Hand|p1a: 252+ spatk\n|-singleturn|p1a: 252+ spatk|Helping Hand|[of] p1b: gas gas gas\n|move|p1a: 252+ spatk|Heat Wave|p2b: Gun|[spread] p2a,p2b\n|-resisted|p2a: Return of the King\n|-damage|p2a: Return of the King|0 fnt\n|-damage|p2b: Gun|5\/100\n|-ability|p2b: Gun|Thermal Exchange|boost\n|-boost|p2b: Gun|atk|1\n|faint|p2a: Return of the King\n|move|p2b: Gun|High Horsepower|p1a: 252+ spatk\n|-supereffective|p1a: 252+ spatk\n|-damage|p1a: 252+ spatk|0 fnt\n|faint|p1a: 252+ spatk\n|\n|upkeep\n|\n|t:|1700338148\n|switch|p1a: then die|Ogerpon-Hearthflame, L50, F|100\/100\n|switch|p2a: Approach Seeker|Delphox, L50, F|100\/100\n|-ability|p1a: then die|Mold Breaker\n|turn|4\n|\n|t:|1700338177\n|move|p1b: gas gas gas|Protect|p1b: gas gas gas\n|-singleturn|p1b: gas gas gas|Protect\n|move|p1a: then die|Spiky Shield|p1a: then die\n|-singleturn|p1a: then die|move: Protect\n|move|p2a: Approach Seeker|Flamethrower|p1b: gas gas gas\n|-activate|p1b: gas gas gas|move: Protect\n|move|p2b: Gun|Scale Shot|p1a: then die\n|-activate|p1a: then die|move: Protect\n|\n|-sideend|p1: tastethekoalabear|move: Tailwind\n|upkeep\n|turn|5\n|\n|t:|1700338199\n|move|p1b: gas gas gas|Encore|p2a: Approach Seeker\n|-start|p2a: Approach Seeker|Encore\n|move|p1a: then die|Knock Off|p2b: Gun\n|-damage|p2b: Gun|0 fnt\n|-enditem|p2b: Gun|Loaded Dice|[from] move: Knock Off|[of] p1a: then die\n|faint|p2b: Gun\n|move|p2a: Approach Seeker|Flamethrower|p1a: then die\n|-damage|p1a: then die|48\/100\n|\n|upkeep\n|turn|6\n|\n|t:|1700338220\n|-terastallize|p1a: then die|Fire\n|detailschange|p1a: then die|Ogerpon-Hearthflame-Tera, L50, F, tera:Fire\n|-ability|p1a: then die|Embody Aspect (Hearthflame)|boost\n|-boost|p1a: then die|atk|1\n|move|p1b: gas gas gas|Tailwind|p1b: gas gas gas\n|-sidestart|p1: tastethekoalabear|move: Tailwind\n|move|p1a: then die|Knock Off|p2a: Approach Seeker\n|-supereffective|p2a: Approach Seeker\n|-enditem|p2a: Approach Seeker|Focus Sash\n|-damage|p2a: Approach Seeker|1\/100\n|move|p2a: Approach Seeker|Flamethrower|p1a: then die\n|-resisted|p1a: then die\n|-damage|p1a: then die|21\/100\n|\n|upkeep\n|turn|7\n|\n|t:|1700338232\n|move|p1b: gas gas gas|Helping Hand|p1a: then die\n|-singleturn|p1a: then die|Helping Hand|[of] p1b: gas gas gas\n|move|p1a: then die|Ivy Cudgel|p2a: Approach Seeker|[anim] Ivy Cudgel Fire\n|-resisted|p2a: Approach Seeker\n|-damage|p2a: Approach Seeker|0 fnt\n|faint|p2a: Approach Seeker\n|\n|win|tastethekoalabear\n|c|&|\/uhtml prompt-omegaalpha01,OmegaAlpha01 is ready for game 3!\n|c|&|\/uhtml prompt-tastethekoalabear,tastethekoalabear is ready for game 3!\nBoth players are ready! Starting next match!\n|l|\u2606tastethekoalabear\n","uploadtime":1700338566,"views":18,"p1id":"tastethekoalabear","p2id":"omegaalpha01","formatid":"gen9vgc2023regulatione","rating":0,"private":0,"password":""}