{"id":"gen9vgc2023regulatione-1990121779","p1":"ScaryQwQ","p2":"Oshawott","format":"[Gen 9] VGC 2023 Regulation E","log":"|j|\u2606ScaryQwQ\n|j|\u2606Oshawott\n|t:|1699926874\n|gametype|doubles\n|player|p1|ScaryQwQ|veteran|\n|player|p2|Oshawott|giovanni|\n|teamsize|p1|6\n|teamsize|p2|6\n|gen|9\n|tier|[Gen 9] VGC 2023 Regulation E\n|rated|Tournament battle\n|rule|Species Clause: Limit one of each Pok\u00e9mon\n|rule|Item Clause: Limit one of each item\n|clearpoke\n|poke|p1|Roaring Moon, L50|\n|poke|p1|Ogerpon-Hearthflame, L50, F|\n|poke|p1|Rillaboom, L50, M|\n|poke|p1|Urshifu-*, L50, M|\n|poke|p1|Arcanine-Hisui, L50, M|\n|poke|p1|Gholdengo, L50|\n|poke|p2|Roaring Moon, L50|\n|poke|p2|Iron Hands, L50|\n|poke|p2|Arcanine-Hisui, L50, M|\n|poke|p2|Gholdengo, L50|\n|poke|p2|Thundurus, L50, M|\n|poke|p2|Rillaboom, L50, M|\n|teampreview|4\n|showteam|p1|Roaring Moon||BoosterEnergy|Protosynthesis|KnockOff,BreakingSwipe,Tailwind,Protect||||||50|,,,,,Poison]Ogerpon-Hearthflame||HearthflameMask|MoldBreaker|IvyCudgel,GrassyGlide,SwordsDance,SpikyShield|||F|||50|,,,,,Fire]Rillaboom||AssaultVest|GrassySurge|WoodHammer,GrassyGlide,Uturn,FakeOut|||M|||50|,,,,,Grass]Urshifu-Rapid-Strike||MysticWater|UnseenFist|SurgingStrikes,CloseCombat,Substitute,Protect|||M|||50|,,,,,Water]Arcanine-Hisui||ChoiceBand|Intimidate|FlareBlitz,RockSlide,ExtremeSpeed,TeraBlast|||M|||50|,,,,,Fairy]Gholdengo||LifeOrb|GoodasGold|MakeItRain,ShadowBall,NastyPlot,Protect||||||50|,,,,,Steel\n|showteam|p2|Roaring Moon||BoosterEnergy|Protosynthesis|KnockOff,Acrobatics,Tailwind,Protect||||||50|,,,,,Flying]Iron Hands||AssaultVest|QuarkDrive|DrainPunch,WildCharge,HeavySlam,FakeOut||||||50|,,,,,Fire]Arcanine-Hisui||ChoiceBand|Intimidate|FlareBlitz,RockSlide,TeraBlast,ExtremeSpeed|||M|||50|,,,,,Fairy]Gholdengo||Leftovers|GoodasGold|MakeItRain,ShadowBall,NastyPlot,Protect||||||50|,,,,,Dragon]Thundurus||GrassySeed|Defiant|WildCharge,Acrobatics,BulkUp,Protect|||M|||50|,,,,,Water]Rillaboom||MiracleSeed|GrassySurge|GrassyGlide,FakeOut,HighHorsepower,WoodHammer|||M|||50|,,,,,Fire\n|inactive|Battle timer is ON: inactive players will automatically lose when time's up. (requested by Oshawott)\n|j| moonybunny\n|inactive|ScaryQwQ has 60 seconds left.\n|\n|t:|1699926924\n|start\n|switch|p1a: Roaring Moon|Roaring Moon, L50|100\/100\n|switch|p1b: Gholdengo|Gholdengo, L50|100\/100\n|switch|p2a: Thundurus|Thundurus, L50, M|100\/100\n|switch|p2b: Roaring Moon|Roaring Moon, L50, shiny|100\/100\n|-enditem|p2b: Roaring Moon|Booster Energy\n|-activate|p2b: Roaring Moon|ability: Protosynthesis|[fromitem]\n|-start|p2b: Roaring Moon|protosynthesisspe\n|-enditem|p1a: Roaring Moon|Booster Energy\n|-activate|p1a: Roaring Moon|ability: Protosynthesis|[fromitem]\n|-start|p1a: Roaring Moon|protosynthesisspe\n|turn|1\n|inactive|ScaryQwQ has 30 seconds left.\n|\n|t:|1699926949\n|move|p1a: Roaring Moon|Tailwind|p1a: Roaring Moon\n|-sidestart|p1: ScaryQwQ|move: Tailwind\n|move|p1b: Gholdengo|Shadow Ball|p2a: Thundurus\n|-damage|p2a: Thundurus|38\/100\n|-damage|p1b: Gholdengo|91\/100|[from] item: Life Orb\n|move|p2b: Roaring Moon|Tailwind|p2b: Roaring Moon\n|-sidestart|p2: Oshawott|move: Tailwind\n|move|p2a: Thundurus|Bulk Up|p2a: Thundurus\n|-boost|p2a: Thundurus|atk|1\n|-boost|p2a: Thundurus|def|1\n|\n|upkeep\n|turn|2\n|inactive|Oshawott has 30 seconds left.\n|\n|t:|1699926982\n|move|p1b: Gholdengo|Protect|p1b: Gholdengo\n|-singleturn|p1b: Gholdengo|Protect\n|move|p2b: Roaring Moon|Knock Off|p1b: Gholdengo\n|-activate|p1b: Gholdengo|move: Protect\n|move|p1a: Roaring Moon|Knock Off|p2a: Thundurus\n|-damage|p2a: Thundurus|0 fnt\n|-enditem|p2a: Thundurus|Grassy Seed|[from] move: Knock Off|[of] p1a: Roaring Moon\n|faint|p2a: Thundurus\n|\n|upkeep\n|\n|t:|1699926989\n|switch|p2a: Arcanine|Arcanine-Hisui, L50, M, shiny|100\/100\n|-ability|p2a: Arcanine|Intimidate|boost\n|-unboost|p1a: Roaring Moon|atk|1\n|-unboost|p1b: Gholdengo|atk|1\n|turn|3\n|inactive|ScaryQwQ has 30 seconds left.\n|inactive|Oshawott has 30 seconds left.\n|\n|t:|1699927019\n|-terastallize|p1b: Gholdengo|Steel\n|move|p2b: Roaring Moon|Acrobatics|p1b: Gholdengo\n|-resisted|p1b: Gholdengo\n|-damage|p1b: Gholdengo|67\/100\n|move|p1a: Roaring Moon|Breaking Swipe|p2a: Arcanine|[spread] p2a,p2b\n|-supereffective|p2b: Roaring Moon\n|-damage|p2a: Arcanine|81\/100\n|-damage|p2b: Roaring Moon|56\/100\n|-unboost|p2a: Arcanine|atk|1\n|-unboost|p2b: Roaring Moon|atk|1\n|move|p1b: Gholdengo|Make It Rain|p2a: Arcanine|[spread] p2a,p2b\n|-damage|p2a: Arcanine|0 fnt\n|-damage|p2b: Roaring Moon|0 fnt\n|-unboost|p1b: Gholdengo|spa|1\n|faint|p2a: Arcanine\n|faint|p2b: Roaring Moon\n|-end|p2b: Roaring Moon|Protosynthesis|[silent]\n|-damage|p1b: Gholdengo|57\/100|[from] item: Life Orb\n|\n|upkeep\n|j| suffyrin\n|\n|t:|1699927032\n|switch|p2b: Rillaboom|Rillaboom, L50, M|100\/100\n|-fieldstart|move: Grassy Terrain|[from] ability: Grassy Surge|[of] p2b: Rillaboom\n|turn|4\n|l| suffyrin\n|\n|t:|1699927040\n|-terastallize|p2b: Rillaboom|Fire\n|move|p1a: Roaring Moon|Protect|p1a: Roaring Moon\n|-singleturn|p1a: Roaring Moon|Protect\n|move|p1b: Gholdengo|Protect|p1b: Gholdengo\n|-singleturn|p1b: Gholdengo|Protect\n|move|p2b: Rillaboom|High Horsepower|p1b: Gholdengo\n|-activate|p1b: Gholdengo|move: Protect\n|\n|-heal|p1b: Gholdengo|63\/100|[from] Grassy Terrain\n|-sideend|p1: ScaryQwQ|move: Tailwind\n|-sideend|p2: Oshawott|move: Tailwind\n|upkeep\n|turn|5\n|\n|t:|1699927054\n|move|p1a: Roaring Moon|Knock Off|p2b: Rillaboom\n|-damage|p2b: Rillaboom|67\/100\n|-enditem|p2b: Rillaboom|Miracle Seed|[from] move: Knock Off|[of] p1a: Roaring Moon\n|move|p1b: Gholdengo|Shadow Ball|p2b: Rillaboom\n|-damage|p2b: Rillaboom|22\/100\n|-damage|p1b: Gholdengo|54\/100|[from] item: Life Orb\n|move|p2b: Rillaboom|High Horsepower|p1b: Gholdengo\n|-supereffective|p1b: Gholdengo\n|-damage|p1b: Gholdengo|0 fnt\n|faint|p1b: Gholdengo\n|\n|-heal|p2b: Rillaboom|28\/100|[from] Grassy Terrain\n|upkeep\n|\n|t:|1699927057\n|switch|p1b: Urshifu|Urshifu-Rapid-Strike, L50, M|100\/100\n|turn|6\n|\n|t:|1699927067\n|move|p1b: Urshifu|Protect|p1b: Urshifu\n|-singleturn|p1b: Urshifu|Protect\n|move|p2b: Rillaboom|Grassy Glide|p1b: Urshifu\n|-activate|p1b: Urshifu|move: Protect\n|move|p1a: Roaring Moon|Breaking Swipe|p2b: Rillaboom\n|-damage|p2b: Rillaboom|7\/100\n|-unboost|p2b: Rillaboom|atk|1\n|\n|-heal|p2b: Rillaboom|13\/100|[from] Grassy Terrain\n|upkeep\n|turn|7\n|\n|t:|1699927073\n|move|p2b: Rillaboom|Grassy Glide|p1b: Urshifu\n|-supereffective|p1b: Urshifu\n|-damage|p1b: Urshifu|42\/100\n|move|p1a: Roaring Moon|Breaking Swipe|p2b: Rillaboom\n|-damage|p2b: Rillaboom|0 fnt\n|faint|p2b: Rillaboom\n|\n|win|ScaryQwQ\n|n|\u2606ScaryQwQ|scaryqwq\n|n|\u2606Oshawott|oshawott\n|n| moonybunny|moonybunny\n","uploadtime":1699927077,"views":13,"p1id":"scaryqwq","p2id":"oshawott","formatid":"gen9vgc2023regulatione","rating":0,"private":0,"password":""}