{"id":"gen9vgc2023regulatione-1995211930","p1":"paranguaricutiri","p2":"carkol32","format":"[Gen 9] VGC 2023 Regulation E","log":"|j|\u2606paranguaricutiri\n|j|\u2606carkol32\n|n|\u2606paranguaricutiri|paranguaricutiri\n|n|\u2606carkol32|carkol32\n|html|View the match progress at <a href=\"\/game-bestof3-gen9vgc2023regulatione-1995189302\">game-bestof3-gen9vgc2023regulatione-1995189302<\/a>\n|t:|1700535192\n|gametype|doubles\n|player|p1|paranguaricutiri|169|\n|player|p2|carkol32|2|\n|teamsize|p1|6\n|teamsize|p2|6\n|gen|9\n|tier|[Gen 9] VGC 2023 Regulation E\n|rule|Species Clause: Limit one of each Pok\u00e9mon\n|rule|Item Clause: Limit one of each item\n|clearpoke\n|poke|p1|Annihilape, L50, M|\n|poke|p1|Braviary-Hisui, L50, M|\n|poke|p1|Sandy Shocks, L50|\n|poke|p1|Empoleon, L50, F|\n|poke|p1|Thwackey, L50, F|\n|poke|p1|Ceruledge, L50, M|\n|poke|p2|Mimikyu, L50, M|\n|poke|p2|Vikavolt, L50, F|\n|poke|p2|Tornadus, L50, M|\n|poke|p2|Decidueye-Hisui, L50, M|\n|poke|p2|Tatsugiri, L50, F|\n|poke|p2|Dondozo, L50, F|\n|teampreview|4\nparanguaricutiri rejected open team sheets.\n|c|\u2606paranguaricutiri|hey jacob can u upload the games after?\n|c|\u2606paranguaricutiri|i gotta go after\n|c|\u2606carkol32|yes\n|c|\u2606paranguaricutiri|thx\n|c|\u2606paranguaricutiri|love u <3\n|\n|t:|1700535291\n|start\n|switch|p1a: Monke 1|Annihilape, L50, M|100\/100\n|switch|p1b: Monke 2|Thwackey, L50, F|100\/100\n|switch|p2a: John|Tornadus, L50, M|100\/100\n|switch|p2b: Bird Battle|Decidueye-Hisui, L50, M|100\/100\n|-fieldstart|move: Grassy Terrain|[from] ability: Grassy Surge|[of] p1b: Monke 2\n|turn|1\n|\n|t:|1700535393\n|-terastallize|p2b: Bird Battle|Flying\n|move|p1b: Monke 2|Fake Out|p2a: John\n|-damage|p2a: John|85\/100\n|move|p1a: Monke 1|Poison Jab|p2b: Bird Battle\n|-damage|p2b: Bird Battle|74\/100\n|cant|p2a: John|flinch\n|move|p2b: Bird Battle|Brave Bird|p1b: Monke 2\n|-supereffective|p1b: Monke 2\n|-damage|p1b: Monke 2|0 fnt\n|faint|p1b: Monke 2\n|-damage|p2b: Bird Battle|49\/100|[from] Recoil\n|\n|upkeep\n|\n|t:|1700535409\n|switch|p1b: Sandy Cheeks|Sandy Shocks, L50|100\/100\n|turn|2\n|c|\u2606paranguaricutiri|rip monke 2\n|\n|t:|1700535449\n|switch|p1a: Edgelord|Ceruledge, L50, M|100\/100\n|switch|p2a: JaaCob|Tatsugiri, L50, F|100\/100\n|-terastallize|p1b: Sandy Cheeks|Flying\n|move|p2b: Bird Battle|Protect|p2b: Bird Battle\n|-singleturn|p2b: Bird Battle|Protect\n|move|p1b: Sandy Cheeks|Thunderbolt|p2b: Bird Battle\n|-activate|p2b: Bird Battle|move: Protect\n|\n|upkeep\n|turn|3\n|\n|t:|1700535566\n|move|p1b: Sandy Cheeks|Thunderbolt|p2b: Bird Battle\n|-supereffective|p2b: Bird Battle\n|-damage|p2b: Bird Battle|0 fnt\n|faint|p2b: Bird Battle\n|move|p1a: Edgelord|Swords Dance|p1a: Edgelord\n|-boost|p1a: Edgelord|atk|2\n|move|p2a: JaaCob|Hydro Pump|p1b: Sandy Cheeks\n|-damage|p1b: Sandy Cheeks|49\/100\n|\n|upkeep\n|c|\u2606paranguaricutiri|plz no dondozo\n|c|\u2606carkol32|ok\n|\n|t:|1700535593\n|switch|p2b: John|Tornadus, L50, M|85\/100\n|turn|4\n|c|\u2606paranguaricutiri|yay\n|c|\u2606paranguaricutiri|plz no tailwind\n|\n|t:|1700535652\n|move|p2b: John|Bleakwind Storm|p1a: Edgelord|[spread] p1a,p1b\n|-damage|p1a: Edgelord|57\/100\n|-damage|p1b: Sandy Cheeks|2\/100\n|move|p1b: Sandy Cheeks|Thunderbolt|p2b: John\n|-supereffective|p2b: John\n|-damage|p2b: John|0 fnt\n|faint|p2b: John\n|move|p1a: Edgelord|Poltergeist|p2a: JaaCob\n|-activate|p2a: JaaCob|move: Poltergeist|Focus Sash\n|-enditem|p2a: JaaCob|Focus Sash\n|-damage|p2a: JaaCob|1\/100\n|move|p2a: JaaCob|Hydro Pump|p1a: Edgelord\n|-supereffective|p1a: Edgelord\n|-damage|p1a: Edgelord|0 fnt\n|faint|p1a: Edgelord\n|\n|-heal|p2a: JaaCob|7\/100|[from] Grassy Terrain\n|upkeep\n|c|\u2606paranguaricutiri|yipee\n|\n|t:|1700535668\n|switch|p2b: CArl|Dondozo, L50, F|100\/100\n|switch|p1a: Monke 1|Annihilape, L50, M|100\/100\n|-activate|p2a: JaaCob|ability: Commander|[of] p2b: CArl\n|-boost|p2b: CArl|atk|2\n|-boost|p2b: CArl|spa|2\n|-boost|p2b: CArl|spe|2\n|-boost|p2b: CArl|def|2\n|-boost|p2b: CArl|spd|2\n|turn|5\n|\n|t:|1700535695\n|move|p1a: Monke 1|Final Gambit|p2b: CArl\n|-damage|p2b: CArl|28\/100\n|faint|p1a: Monke 1\n|move|p1b: Sandy Cheeks|Thunderbolt|p2a: JaaCob|[miss]\n|-miss|p1b: Sandy Cheeks|p2a: JaaCob\n|move|p2b: CArl|Order Up|p1b: Sandy Cheeks\n|-damage|p1b: Sandy Cheeks|0 fnt\n|faint|p1b: Sandy Cheeks\n|-end|p1b: Sandy Cheeks|Protosynthesis|[silent]\n|\n|win|carkol32\n|c|\u2606paranguaricutiri|NOOOO\n|c|\u2606paranguaricutiri|NOOOO\n|c|\u2606paranguaricutiri|NIOOIO\n|c|\u2606paranguaricutiri|i thought i would hit\n|c|\u2606paranguaricutiri|NBIOOo\n|c|\u2606paranguaricutiri|NOOOOOOO\n|c|\u2606paranguaricutiri|oh fuck\n|l|\u2606paranguaricutiri\n|c|\u2606carkol32|tatsugiri was chilling in dozo's mouth\n|c|\u2606carkol32|what item was shocks\n","uploadtime":1700535808,"views":9,"p1id":"paranguaricutiri","p2id":"carkol32","formatid":"gen9vgc2023regulatione","rating":0,"private":0,"password":""}