{"id":"gen9vgc2023regulatione-1991491012","p1":"Tariya","p2":"WarlogFV","format":"[Gen 9] VGC 2023 Regulation E","log":"|j|\u2606Tariya\n|j|\u2606WarlogFV\n|n|\u2606Tariya|tariya\n|n|\u2606WarlogFV|warlogfv\n|html|View the match progress at <a href=\"\/game-bestof3-gen9vgc2023regulatione-1991491011\">game-bestof3-gen9vgc2023regulatione-1991491011<\/a>\n|t:|1700081771\n|gametype|doubles\n|player|p1|Tariya|iono|\n|player|p2|WarlogFV|erika|\n|teamsize|p1|6\n|teamsize|p2|6\n|gen|9\n|tier|[Gen 9] VGC 2023 Regulation E\n|rule|Species Clause: Limit one of each Pok\u00e9mon\n|rule|Item Clause: Limit one of each item\n|clearpoke\n|poke|p1|Ogerpon, L50, F|\n|poke|p1|Flutter Mane, L50|\n|poke|p1|Thundurus, L50, M|\n|poke|p1|Chi-Yu, L50|\n|poke|p1|Rillaboom, L50, F|\n|poke|p1|Pelipper, L50, F|\n|poke|p2|Goodra-Hisui, L50, F|\n|poke|p2|Urshifu-*, L50, M|\n|poke|p2|Tornadus, L50, M|\n|poke|p2|Rillaboom, L50, F|\n|poke|p2|Landorus-Therian, L50, M|\n|poke|p2|Grimmsnarl, L50, M|\n|teampreview|4\n|j| Xforex0\nWarlogFV has agreed to open team sheets.\nTariya has agreed to open team sheets.\n|showteam|p1|Ogerpon||ChoiceScarf|Defiant|LashOut,Uturn,IvyCudgel,StompingTantrum|||F|||50|,,,,,Grass]Flutter Mane||ChoiceSpecs|Protosynthesis|ShadowBall,Moonblast,DazzlingGleam,PowerGem||||||50|,,,,,Fairy]Thundurus||CovertCloak|Prankster|EerieImpulse,TeraBlast,Taunt,WildboltStorm|||M|||50|,,,,,Ice]Chi-Yu||LifeOrb|BeadsofRuin|Overheat,DarkPulse,WillOWisp,Protect||||||50|,,,,,Grass]Rillaboom||AssaultVest|GrassySurge|FakeOut,GrassyGlide,StompingTantrum,Uturn|||F|||50|,,,,,Dragon]Pelipper||FocusSash|Drizzle|Tailwind,Hurricane,WeatherBall,WideGuard|||F|||50|,,,,,Ghost\n|showteam|p2|Goodra-Hisui||Leftovers|SapSipper|BodyPress,HeavySlam,AcidArmor,Protect|||F|||50|,,,,,Water]Urshifu-Rapid-Strike||MysticWater|UnseenFist|SurgingStrikes,AquaJet,CloseCombat,Detect|||M|||50|,,,,,Water]Tornadus||CovertCloak|Prankster|Tailwind,RainDance,Taunt,BleakwindStorm|||M|||50|,,,,,Steel]Rillaboom||AssaultVest|GrassySurge|FakeOut,GrassyGlide,WoodHammer,HighHorsepower|||F|||50|,,,,,Grass]Landorus-Therian||ChoiceScarf|Intimidate|RockSlide,StompingTantrum,TeraBlast,Uturn|||M|||50|,,,,,Flying]Grimmsnarl||LightClay|Prankster|LightScreen,Reflect,PartingShot,SpiritBreak|||M|||50|,,,,,Poison\n|inactive|Battle timer is ON: inactive players will automatically lose when time's up. (requested by WarlogFV)\n|l| Xforex0\n|inactive|Tariya has 60 seconds left.\n|inactive|WarlogFV has 60 seconds left.\n|inactive|WarlogFV has 30 seconds left.\n|\n|t:|1700081838\n|start\n|switch|p1a: Ogerpon|Ogerpon, L50, F|100\/100\n|switch|p1b: Thundurus|Thundurus, L50, M|100\/100\n|switch|p2a: Urshifu|Urshifu-Rapid-Strike, L50, M|100\/100\n|switch|p2b: Tornadus|Tornadus, L50, M|100\/100\n|turn|1\n|inactive|Tariya has 30 seconds left.\n|\n|t:|1700081868\n|move|p2a: Urshifu|Detect|p2a: Urshifu\n|-singleturn|p2a: Urshifu|Protect\n|move|p1b: Thundurus|Eerie Impulse|p1a: Ogerpon\n|-unboost|p1a: Ogerpon|spa|2\n|move|p2b: Tornadus|Tailwind|p2b: Tornadus\n|-sidestart|p2: WarlogFV|move: Tailwind\n|move|p1a: Ogerpon|Lash Out|p2b: Tornadus\n|-damage|p2b: Tornadus|34\/100\n|\n|upkeep\n|turn|2\n|c|\u2606WarlogFV|Lmao\n|c|\u2606WarlogFV|smh\n|c|\u2606Tariya|XD\n|inactive|Tariya has 30 seconds left.\n|\n|t:|1700081898\n|switch|p1a: Rillaboom|Rillaboom, L50, F|100\/100\n|-fieldstart|move: Grassy Terrain|[from] ability: Grassy Surge|[of] p1a: Rillaboom\n|move|p2a: Urshifu|Close Combat|p1a: Rillaboom\n|-damage|p1a: Rillaboom|40\/100\n|-unboost|p2a: Urshifu|def|1\n|-unboost|p2a: Urshifu|spd|1\n|move|p2b: Tornadus|Bleakwind Storm|p1b: Thundurus|[spread] p1a,p1b\n|-supereffective|p1a: Rillaboom\n|-resisted|p1b: Thundurus\n|-damage|p1a: Rillaboom|0 fnt\n|-damage|p1b: Thundurus|77\/100\n|faint|p1a: Rillaboom\n|move|p1b: Thundurus|Wildbolt Storm|p2a: Urshifu|[spread] p2a\n|-miss|p1b: Thundurus|p2b: Tornadus\n|-supereffective|p2a: Urshifu\n|-damage|p2a: Urshifu|0 fnt\n|faint|p2a: Urshifu\n|\n|upkeep\n|\n|t:|1700081919\n|switch|p2a: Goodra|Goodra-Hisui, L50, F|100\/100\n|switch|p1a: Flutter Mane|Flutter Mane, L50|100\/100\n|turn|3\n|\n|t:|1700081942\n|-terastallize|p1a: Flutter Mane|Fairy\n|move|p1b: Thundurus|Taunt|p2a: Goodra\n|-start|p2a: Goodra|move: Taunt\n|move|p2b: Tornadus|Bleakwind Storm|p1a: Flutter Mane|[spread] p1a\n|-miss|p2b: Tornadus|p1b: Thundurus\n|-damage|p1a: Flutter Mane|68\/100\n|move|p1a: Flutter Mane|Moonblast|p2a: Goodra\n|-damage|p2a: Goodra|21\/100\n|move|p2a: Goodra|Heavy Slam|p1a: Flutter Mane\n|-supereffective|p1a: Flutter Mane\n|-damage|p1a: Flutter Mane|0 fnt\n|faint|p1a: Flutter Mane\n|-end|p1a: Flutter Mane|Protosynthesis|[silent]\n|\n|-heal|p2a: Goodra|27\/100|[from] Grassy Terrain\n|-heal|p2a: Goodra|33\/100|[from] item: Leftovers\n|upkeep\n|\n|t:|1700081958\n|switch|p1a: Ogerpon|Ogerpon, L50, F|100\/100\n|turn|4\n|\n|t:|1700081979\n|switch|p2a: Rillaboom|Rillaboom, L50, F|100\/100\n|move|p2b: Tornadus|Bleakwind Storm|p1b: Thundurus|[spread] p1a,p1b\n|-supereffective|p1a: Ogerpon\n|-resisted|p1b: Thundurus\n|-damage|p1a: Ogerpon|33\/100\n|-damage|p1b: Thundurus|57\/100\n|-unboost|p1a: Ogerpon|spe|1\n|-ability|p1a: Ogerpon|Defiant|boost\n|-boost|p1a: Ogerpon|atk|2\n|move|p1b: Thundurus|Wildbolt Storm|p2b: Tornadus|[spread] p2a,p2b\n|-resisted|p2a: Rillaboom\n|-supereffective|p2b: Tornadus\n|-damage|p2a: Rillaboom|83\/100\n|-damage|p2b: Tornadus|0 fnt\n|faint|p2b: Tornadus\n|move|p1a: Ogerpon|Ivy Cudgel|p2a: Rillaboom\n|-resisted|p2a: Rillaboom\n|-damage|p2a: Rillaboom|2\/100\n|\n|-heal|p2a: Rillaboom|7\/100|[from] Grassy Terrain\n|-heal|p1a: Ogerpon|38\/100|[from] Grassy Terrain\n|-sideend|p2: WarlogFV|move: Tailwind\n|upkeep\n|\n|t:|1700081990\n|switch|p2b: Goodra|Goodra-Hisui, L50, F|33\/100\n|turn|5\n|\n|t:|1700082011\n|move|p2a: Rillaboom|Fake Out|p1a: Ogerpon\n|-damage|p1a: Ogerpon|19\/100\n|move|p1b: Thundurus|Wildbolt Storm|p2b: Goodra|[spread] p2b\n|-miss|p1b: Thundurus|p2a: Rillaboom\n|-resisted|p2b: Goodra\n|-damage|p2b: Goodra|21\/100\n|cant|p1a: Ogerpon|flinch\n|move|p2b: Goodra|Heavy Slam|p1a: Ogerpon\n|-damage|p1a: Ogerpon|0 fnt\n|faint|p1a: Ogerpon\n|\n|-heal|p2a: Rillaboom|13\/100|[from] Grassy Terrain\n|-heal|p2b: Goodra|27\/100|[from] Grassy Terrain\n|-heal|p2b: Goodra|33\/100|[from] item: Leftovers\n|upkeep\n|turn|6\n|\n|t:|1700082031\n|-terastallize|p2a: Rillaboom|Grass\n|move|p2b: Goodra|Protect|p2b: Goodra\n|-singleturn|p2b: Goodra|Protect\n|move|p2a: Rillaboom|Grassy Glide|p1b: Thundurus\n|-resisted|p1b: Thundurus\n|-damage|p1b: Thundurus|12\/100\n|move|p1b: Thundurus|Wildbolt Storm|p2a: Rillaboom|[spread] p2a\n|-activate|p2b: Goodra|move: Protect\n|-resisted|p2a: Rillaboom\n|-damage|p2a: Rillaboom|0 fnt\n|faint|p2a: Rillaboom\n|\n|-heal|p2b: Goodra|38\/100|[from] Grassy Terrain\n|-heal|p2b: Goodra|44\/100|[from] item: Leftovers\n|-fieldend|move: Grassy Terrain\n|upkeep\n|turn|7\n|\n|t:|1700082043\n|move|p1b: Thundurus|Wildbolt Storm|p2b: Goodra\n|-resisted|p2b: Goodra\n|-damage|p2b: Goodra|27\/100\n|move|p2b: Goodra|Heavy Slam|p1b: Thundurus\n|-resisted|p1b: Thundurus\n|-damage|p1b: Thundurus|0 fnt\n|faint|p1b: Thundurus\n|\n|win|WarlogFV\n|c|&|\/uhtml prompt-tariya,Tariya is ready for game 2!\n|c|&|\/uhtml prompt-warlogfv,WarlogFV is ready for game 2!\nBoth players are ready! Starting next match!\n|l|\u2606WarlogFV\n","uploadtime":1700082590,"views":22,"p1id":"tariya","p2id":"warlogfv","formatid":"gen9vgc2023regulatione","rating":0,"private":0,"password":""}