{"id":"gen9vgc2023regulatione-1991380316","p1":"wiidoo","p2":"huntaaahr","format":"[Gen 9] VGC 2023 Regulation E","log":"|j|\u2606wiidoo\n|j|\u2606huntaaahr\n|t:|1700072299\n|gametype|doubles\n|player|p1|wiidoo|102|1305\n|player|p2|huntaaahr|2|1254\n|teamsize|p1|6\n|teamsize|p2|6\n|gen|9\n|tier|[Gen 9] VGC 2023 Regulation E\n|rated|\n|rule|Species Clause: Limit one of each Pok\u00e9mon\n|rule|Item Clause: Limit one of each item\n|clearpoke\n|poke|p1|Roaring Moon, L50|\n|poke|p1|Gholdengo, L50|\n|poke|p1|Ogerpon-Wellspring, L50, F|\n|poke|p1|Weezing, L50, F|\n|poke|p1|Landorus-Therian, L50, M|\n|poke|p1|Chien-Pao, L50|\n|poke|p2|Sinistcha, L50|\n|poke|p2|Grimmsnarl, L50, M|\n|poke|p2|Volcarona, L50, M|\n|poke|p2|Kommo-o, L50, M|\n|poke|p2|Dragonite, L50, M|\n|poke|p2|Clefairy, L50, F|\n|teampreview|4\n|inactive|Battle timer is ON: inactive players will automatically lose when time's up. (requested by wiidoo)\n|inactive|wiidoo has 60 seconds left.\n|inactive|huntaaahr has 60 seconds left.\n|\n|t:|1700072359\n|start\n|switch|p1a: Gholdengo|Gholdengo, L50|100\/100\n|switch|p1b: Roaring Moon|Roaring Moon, L50|100\/100\n|switch|p2a: Grimmsnarl|Grimmsnarl, L50, M|100\/100\n|switch|p2b: Volcarona|Volcarona, L50, M|100\/100\n|-enditem|p1b: Roaring Moon|Booster Energy\n|-activate|p1b: Roaring Moon|ability: Protosynthesis|[fromitem]\n|-start|p1b: Roaring Moon|protosynthesisspe\n|turn|1\n|inactive|huntaaahr has 30 seconds left.\n|\n|t:|1700072390\n|move|p1b: Roaring Moon|Protect|p1b: Roaring Moon\n|-singleturn|p1b: Roaring Moon|Protect\n|move|p2a: Grimmsnarl|Reflect|p2a: Grimmsnarl\n|-sidestart|p2: huntaaahr|Reflect\n|move|p2b: Volcarona|Quiver Dance|p2b: Volcarona\n|-boost|p2b: Volcarona|spa|1\n|-boost|p2b: Volcarona|spd|1\n|-boost|p2b: Volcarona|spe|1\n|move|p1a: Gholdengo|Nasty Plot|p1a: Gholdengo\n|-boost|p1a: Gholdengo|spa|2\n|\n|upkeep\n|turn|2\n|\n|t:|1700072409\n|move|p1a: Gholdengo|Protect|p1a: Gholdengo\n|-singleturn|p1a: Gholdengo|Protect\n|move|p2a: Grimmsnarl|Light Screen|p2a: Grimmsnarl\n|-sidestart|p2: huntaaahr|move: Light Screen\n|move|p1b: Roaring Moon|Tailwind|p1b: Roaring Moon\n|-sidestart|p1: wiidoo|move: Tailwind\n|move|p2b: Volcarona|Quiver Dance|p2b: Volcarona\n|-boost|p2b: Volcarona|spa|1\n|-boost|p2b: Volcarona|spd|1\n|-boost|p2b: Volcarona|spe|1\n|\n|upkeep\n|turn|3\n|inactive|huntaaahr has 30 seconds left.\n|\n|t:|1700072434\n|-terastallize|p1a: Gholdengo|Dragon\n|move|p2a: Grimmsnarl|Parting Shot|p1b: Roaring Moon\n|-hint|Since gen 7, Dark is immune to Prankster moves.\n|-immune|p1b: Roaring Moon\n|move|p1b: Roaring Moon|Acrobatics|p2a: Grimmsnarl\n|-damage|p2a: Grimmsnarl|75\/100\n|move|p2b: Volcarona|Quiver Dance|p2b: Volcarona\n|-boost|p2b: Volcarona|spa|1\n|-boost|p2b: Volcarona|spd|1\n|-boost|p2b: Volcarona|spe|1\n|move|p1a: Gholdengo|Make It Rain|p2b: Volcarona|[spread] p2a,p2b\n|-supereffective|p2a: Grimmsnarl\n|-crit|p2a: Grimmsnarl\n|-resisted|p2b: Volcarona\n|-damage|p2a: Grimmsnarl|0 fnt\n|-damage|p2b: Volcarona|89\/100\n|-unboost|p1a: Gholdengo|spa|1\n|faint|p2a: Grimmsnarl\n|\n|upkeep\n|\n|t:|1700072444\n|switch|p2a: Sinistcha|Sinistcha, L50|100\/100\n|-heal|p2b: Volcarona|100\/100|[from] ability: Hospitality|[of] p2a: Sinistcha\n|turn|4\n|c|\u2606huntaaahr|Im dumb\n|c|\u2606huntaaahr|Forgot about dark types and prankster\n|inactive|huntaaahr has 30 seconds left.\n|inactive|huntaaahr has 20 seconds left.\n|inactive|huntaaahr has 15 seconds left.\n|\n|t:|1700072486\n|move|p1b: Roaring Moon|Acrobatics|p2b: Volcarona\n|-supereffective|p2b: Volcarona\n|-damage|p2b: Volcarona|45\/100\n|move|p2b: Volcarona|Bug Buzz|p1a: Gholdengo\n|-crit|p1a: Gholdengo\n|-damage|p1a: Gholdengo|0 fnt\n|faint|p1a: Gholdengo\n|move|p2a: Sinistcha|Shadow Ball|p1b: Roaring Moon\n|-resisted|p1b: Roaring Moon\n|-damage|p1b: Roaring Moon|81\/100\n|\n|upkeep\n|\n|t:|1700072498\n|switch|p1a: Chien-Pao|Chien-Pao, L50|100\/100\n|-ability|p1a: Chien-Pao|Sword of Ruin\n|turn|5\n|\n|t:|1700072507\n|move|p2a: Sinistcha|Rage Powder|p2a: Sinistcha\n|-singleturn|p2a: Sinistcha|move: Rage Powder\n|move|p1b: Roaring Moon|Acrobatics|p2a: Sinistcha\n|-supereffective|p2a: Sinistcha\n|-damage|p2a: Sinistcha|30\/100\n|-enditem|p2a: Sinistcha|Sitrus Berry|[eat]\n|-heal|p2a: Sinistcha|55\/100|[from] item: Sitrus Berry\n|move|p1a: Chien-Pao|Ice Spinner|p2a: Sinistcha\n|-supereffective|p2a: Sinistcha\n|-damage|p2a: Sinistcha|0 fnt\n|faint|p2a: Sinistcha\n|move|p2b: Volcarona|Heat Wave|p1b: Roaring Moon|[spread] p1b\n|-miss|p2b: Volcarona|p1a: Chien-Pao\n|-resisted|p1b: Roaring Moon\n|-damage|p1b: Roaring Moon|40\/100\n|-status|p1b: Roaring Moon|brn\n|\n|-damage|p1b: Roaring Moon|34\/100 brn|[from] brn\n|-sideend|p1: wiidoo|move: Tailwind\n|upkeep\n|\n|t:|1700072516\n|switch|p2a: Clefairy|Clefairy, L50, F|100\/100\n|turn|6\n|\n|t:|1700072538\n|move|p2a: Clefairy|Follow Me|p2a: Clefairy\n|-singleturn|p2a: Clefairy|move: Follow Me\n|move|p2b: Volcarona|Heat Wave|p1b: Roaring Moon|[spread] p1a,p1b\n|-supereffective|p1a: Chien-Pao\n|-resisted|p1b: Roaring Moon\n|-enditem|p1a: Chien-Pao|Focus Sash\n|-damage|p1a: Chien-Pao|1\/100\n|-damage|p1b: Roaring Moon|0 fnt\n|faint|p1b: Roaring Moon\n|-end|p1b: Roaring Moon|Protosynthesis|[silent]\n|move|p1a: Chien-Pao|Crunch|p2a: Clefairy\n|-resisted|p2a: Clefairy\n|-damage|p2a: Clefairy|86\/100\n|-unboost|p2a: Clefairy|def|1\n|\n|upkeep\n|\n|t:|1700072549\n|switch|p1b: Weezing|Weezing, L50, F|100\/100\n|-ability|p1b: Weezing|Neutralizing Gas\n|turn|7\n|\n|t:|1700072569\n|-terastallize|p2a: Clefairy|Steel\n|move|p1a: Chien-Pao|Protect|p1a: Chien-Pao\n|-singleturn|p1a: Chien-Pao|Protect\n|move|p2a: Clefairy|Follow Me|p2a: Clefairy\n|-singleturn|p2a: Clefairy|move: Follow Me\n|move|p2b: Volcarona|Bug Buzz|p1a: Chien-Pao\n|-activate|p1a: Chien-Pao|move: Protect\n|move|p1b: Weezing|Sludge Bomb|p2a: Clefairy\n|-immune|p2a: Clefairy\n|\n|upkeep\n|turn|8\n|\n|t:|1700072584\n|move|p2a: Clefairy|Follow Me|p2a: Clefairy\n|-singleturn|p2a: Clefairy|move: Follow Me\n|move|p2b: Volcarona|Bug Buzz|p1a: Chien-Pao\n|-supereffective|p1a: Chien-Pao\n|-damage|p1a: Chien-Pao|0 fnt\n|faint|p1a: Chien-Pao\n|move|p1b: Weezing|Taunt|p2a: Clefairy\n|-start|p2a: Clefairy|move: Taunt\n|\n|-sideend|p2: huntaaahr|Reflect\n|upkeep\n|turn|9\n|-message|wiidoo forfeited.\n|\n|win|huntaaahr\n|raw|wiidoo's rating: 1305 &rarr; <strong>1282<\/strong><br \/>(-23 for losing)\n|raw|huntaaahr's rating: 1254 &rarr; <strong>1283<\/strong><br \/>(+29 for winning)\n|l|\u2606wiidoo\n","uploadtime":1700072604,"views":10,"p1id":"wiidoo","p2id":"huntaaahr","formatid":"gen9vgc2023regulatione","rating":1282,"private":0,"password":""}