{"id":"gen9vgc2023regulatione-1998832997","p1":"whyismynamejeff","p2":"Quade Cooper?","format":"[Gen 9] VGC 2023 Regulation E","log":"|j|\u2606whyismynamejeff\n|j|\u2606Quade Cooper?\n|t:|1700999901\n|gametype|doubles\n|player|p1|whyismynamejeff|colress|\n|player|p2|Quade Cooper?|unknown|\n|teamsize|p1|6\n|teamsize|p2|6\n|gen|9\n|tier|[Gen 9] VGC 2023 Regulation E\n|rated|Tournament battle\n|rule|Species Clause: Limit one of each Pok\u00e9mon\n|rule|Item Clause: Limit one of each item\n|clearpoke\n|poke|p1|Ogerpon-Wellspring, L50, F|\n|poke|p1|Regieleki, L50|\n|poke|p1|Indeedee-F, L50, F|\n|poke|p1|Tornadus, L50, M|\n|poke|p1|Chi-Yu, L50|\n|poke|p1|Flutter Mane, L50|\n|poke|p2|Iron Hands, L50|\n|poke|p2|Flutter Mane, L50|\n|poke|p2|Roaring Moon, L50|\n|poke|p2|Ogerpon-Wellspring, L50, F|\n|poke|p2|Weezing, L50, F|\n|poke|p2|Landorus-Therian, L50, M|\n|teampreview|4\n|j| 4KuserVGC\n|j| NeuroMagnet\n|\n|t:|1700999951\n|start\n|switch|p1a: Tornadus|Tornadus, L50, M|100\/100\n|switch|p1b: Flutter Mane|Flutter Mane, L50|100\/100\n|switch|p2a: Weezing|Weezing, L50, F|100\/100\n|switch|p2b: Iron Hands|Iron Hands, L50|100\/100\n|-ability|p2a: Weezing|Neutralizing Gas\n|turn|1\n|\n|t:|1700999986\n|-terastallize|p2b: Iron Hands|Fire\n|move|p1a: Tornadus|Protect|p1a: Tornadus\n|-singleturn|p1a: Tornadus|Protect\n|move|p1b: Flutter Mane|Moonblast|p2b: Iron Hands\n|-resisted|p2b: Iron Hands\n|-damage|p2b: Iron Hands|86\/100\n|-unboost|p2b: Iron Hands|spa|1\n|move|p2a: Weezing|Gunk Shot|p1a: Tornadus\n|-activate|p1a: Tornadus|move: Protect\n|move|p2b: Iron Hands|Heavy Slam|p1b: Flutter Mane\n|-supereffective|p1b: Flutter Mane\n|-enditem|p1b: Flutter Mane|Focus Sash\n|-damage|p1b: Flutter Mane|1\/100\n|\n|upkeep\n|turn|2\n|j| randomuser0000\n|\n|t:|1701000007\n|move|p1b: Flutter Mane|Shadow Ball|p2b: Iron Hands\n|-damage|p2b: Iron Hands|63\/100\n|-unboost|p2b: Iron Hands|spd|1\n|move|p1a: Tornadus|Tailwind|p1a: Tornadus\n|-sidestart|p1: whyismynamejeff|move: Tailwind\n|move|p2a: Weezing|Gunk Shot|p1b: Flutter Mane\n|-damage|p1b: Flutter Mane|0 fnt\n|faint|p1b: Flutter Mane\n|-end|p1b: Flutter Mane|Protosynthesis|[silent]\n|move|p2b: Iron Hands|Wild Charge|p1a: Tornadus\n|-supereffective|p1a: Tornadus\n|-damage|p1a: Tornadus|9\/100\n|-damage|p2b: Iron Hands|44\/100|[from] Recoil\n|\n|upkeep\n|\n|t:|1701000022\n|switch|p1b: Ogerpon|Ogerpon-Wellspring, L50, F|100\/100\n|turn|3\n|\n|t:|1701000032\n|-terastallize|p1b: Ogerpon|Water\n|detailschange|p1b: Ogerpon|Ogerpon-Wellspring-Tera, L50, F, tera:Water\n|move|p1a: Tornadus|Protect|p1a: Tornadus\n|-singleturn|p1a: Tornadus|Protect\n|move|p1b: Ogerpon|Ivy Cudgel|p2a: Weezing|[anim] Ivy Cudgel Water\n|-damage|p2a: Weezing|44\/100\n|-enditem|p2a: Weezing|Sitrus Berry|[eat]\n|-heal|p2a: Weezing|69\/100|[from] item: Sitrus Berry\n|move|p2a: Weezing|Will-O-Wisp|p1b: Ogerpon|[miss]\n|-miss|p2a: Weezing|p1b: Ogerpon\n|move|p2b: Iron Hands|Drain Punch|p1b: Ogerpon\n|-damage|p1b: Ogerpon|51\/100\n|-heal|p2b: Iron Hands|63\/100|[from] drain|[of] p1b: Ogerpon\n|\n|upkeep\n|turn|4\n|c|\u2606whyismynamejeff|chosen the wrong mon\n|\n|t:|1701000060\n|move|p1b: Ogerpon|Ivy Cudgel|p2b: Iron Hands|[anim] Ivy Cudgel Water\n|-supereffective|p2b: Iron Hands\n|-damage|p2b: Iron Hands|0 fnt\n|faint|p2b: Iron Hands\n|-end|p2b: Iron Hands|Quark Drive|[silent]\n|move|p1a: Tornadus|Rain Dance|p1a: Tornadus\n|-weather|RainDance\n|move|p2a: Weezing|Will-O-Wisp|p1b: Ogerpon|[miss]\n|-miss|p2a: Weezing|p1b: Ogerpon\n|\n|-weather|RainDance|[upkeep]\n|upkeep\n|j| Insertable194\n|\n|t:|1701000065\n|switch|p2b: Roaring Moon|Roaring Moon, L50|100\/100\n|-enditem|p2b: Roaring Moon|Booster Energy\n|-activate|p2b: Roaring Moon|ability: Protosynthesis|[fromitem]\n|-start|p2b: Roaring Moon|protosynthesisspe\n|turn|5\n|\n|t:|1701000090\n|move|p2a: Weezing|Protect|p2a: Weezing\n|-singleturn|p2a: Weezing|Protect\n|move|p1b: Ogerpon|Horn Leech|p2b: Roaring Moon\n|-resisted|p2b: Roaring Moon\n|-damage|p2b: Roaring Moon|74\/100\n|-heal|p1b: Ogerpon|65\/100|[from] drain|[of] p2b: Roaring Moon\n|move|p2b: Roaring Moon|Acrobatics|p1b: Ogerpon\n|-damage|p1b: Ogerpon|16\/100\n|move|p1a: Tornadus|Bleakwind Storm|p2b: Roaring Moon|[spread] p2b\n|-activate|p2a: Weezing|move: Protect\n|-damage|p2b: Roaring Moon|42\/100\n|\n|-weather|RainDance|[upkeep]\n|-sideend|p1: whyismynamejeff|move: Tailwind\n|upkeep\n|turn|6\n|c|\u2606whyismynamejeff|why are four ppl watching\n|j| Satoshi Tatsugiri\n|\n|t:|1701000110\n|move|p1b: Ogerpon|Spiky Shield|p1b: Ogerpon\n|-singleturn|p1b: Ogerpon|move: Protect\n|move|p2b: Roaring Moon|Knock Off|p1a: Tornadus\n|-damage|p1a: Tornadus|0 fnt\n|-enditem|p1a: Tornadus|Safety Goggles|[from] move: Knock Off|[of] p2b: Roaring Moon\n|faint|p1a: Tornadus\n|move|p2a: Weezing|Gunk Shot|p1b: Ogerpon\n|-activate|p1b: Ogerpon|move: Protect\n|\n|-weather|RainDance|[upkeep]\n|upkeep\n|l| Satoshi Tatsugiri\n|c|\u2606whyismynamejeff|5 now\n|\n|t:|1701000123\n|switch|p1a: Chi-Yu|Chi-Yu, L50|100\/100\n|turn|7\n|\n|t:|1701000135\n|move|p1a: Chi-Yu|Protect|p1a: Chi-Yu\n|-singleturn|p1a: Chi-Yu|Protect\n|move|p2b: Roaring Moon|Knock Off|p1b: Ogerpon\n|-damage|p1b: Ogerpon|0 fnt\n|faint|p1b: Ogerpon\n|move|p2a: Weezing|Gunk Shot|p1a: Chi-Yu\n|-activate|p1a: Chi-Yu|move: Protect\n|\n|-weather|RainDance|[upkeep]\n|upkeep\n|turn|8\n|\n|t:|1701000146\n|move|p2b: Roaring Moon|Knock Off|p1a: Chi-Yu\n|-resisted|p1a: Chi-Yu\n|-crit|p1a: Chi-Yu\n|-damage|p1a: Chi-Yu|38\/100\n|-enditem|p1a: Chi-Yu|Life Orb|[from] move: Knock Off|[of] p2b: Roaring Moon\n|move|p1a: Chi-Yu|Heat Wave|p2b: Roaring Moon|[spread] p2b\n|-miss|p1a: Chi-Yu|p2a: Weezing\n|-resisted|p2b: Roaring Moon\n|-damage|p2b: Roaring Moon|33\/100\n|move|p2a: Weezing|Gunk Shot|p1a: Chi-Yu\n|-damage|p1a: Chi-Yu|0 fnt\n|faint|p1a: Chi-Yu\n|\n|win|Quade Cooper?\n|n|\u2606whyismynamejeff|whyismynamejeff\n|n|\u2606Quade Cooper?|quadecooper\n|n| 4KuserVGC|4kuservgc\n|n| NeuroMagnet|neuromagnet\n|n| randomuser0000|randomuser0000\n|n| Insertable194|insertable194\n","uploadtime":1701000161,"views":9,"p1id":"whyismynamejeff","p2id":"quadecooper","formatid":"gen9vgc2023regulatione","rating":0,"private":0,"password":""}