{"id":"gen9vgc2023regulatione-1991471182","p1":"rennui-","p2":"bobw_1213","format":"[Gen 9] VGC 2023 Regulation E","log":"|j|\u2606rennui-\n|j|\u2606bobw_1213\n|t:|1700079993\n|gametype|doubles\n|player|p1|rennui-|erika|1611\n|player|p2|bobw_1213|170|1589\n|teamsize|p1|6\n|teamsize|p2|6\n|gen|9\n|tier|[Gen 9] VGC 2023 Regulation E\n|rated|\n|rule|Species Clause: Limit one of each Pok\u00e9mon\n|rule|Item Clause: Limit one of each item\n|clearpoke\n|poke|p1|Flutter Mane, L50|\n|poke|p1|Chi-Yu, L50|\n|poke|p1|Torkoal, L50, M|\n|poke|p1|Ogerpon-Wellspring, L50, F|\n|poke|p1|Farigiraf, L50, F|\n|poke|p1|Iron Hands, L50|\n|poke|p2|Sableye, L50, M|\n|poke|p2|Rillaboom, L50, M|\n|poke|p2|Urshifu-*, L50, M|\n|poke|p2|Ogerpon-Hearthflame, L50, F|\n|poke|p2|Scream Tail, L50|\n|poke|p2|Kingambit, L50, F|\n|teampreview|4\nrennui- has agreed to open team sheets.\nbobw_1213 has agreed to open team sheets.\n|inactive|Battle timer is ON: inactive players will automatically lose when time's up. (requested by bobw_1213)\n|\n|t:|1700080034\n|start\n|switch|p1a: Flutter Mane|Flutter Mane, L50|100\/100\n|switch|p1b: Torkoal|Torkoal, L50, M, shiny|100\/100\n|switch|p2a: Sableye|Sableye, L50, M|100\/100\n|switch|p2b: Scream Tail|Scream Tail, L50|100\/100\n|-weather|SunnyDay|[from] ability: Drought|[of] p1b: Torkoal\n|-activate|p1a: Flutter Mane|ability: Protosynthesis\n|-start|p1a: Flutter Mane|protosynthesisspa\n|-activate|p2b: Scream Tail|ability: Protosynthesis\n|-start|p2b: Scream Tail|protosynthesisspe\n|turn|1\n|inactive|rennui- has 30 seconds left.\n|\n|t:|1700080060\n|-terastallize|p1a: Flutter Mane|Fairy\n|move|p1b: Torkoal|Helping Hand|p1a: Flutter Mane\n|-singleturn|p1a: Flutter Mane|Helping Hand|[of] p1b: Torkoal\n|move|p2a: Sableye|Gravity|p2a: Sableye\n|-fieldstart|move: Gravity\n|move|p2b: Scream Tail|Sing|p1a: Flutter Mane\n|-status|p1a: Flutter Mane|slp|[from] move: Sing\n|cant|p1a: Flutter Mane|slp\n|\n|-weather|SunnyDay|[upkeep]\n|upkeep\n|turn|2\n|\n|t:|1700080084\n|switch|p2a: Ogerpon|Ogerpon-Hearthflame, L50, F|100\/100\n|-ability|p2a: Ogerpon|Mold Breaker\n|switch|p1b: Farigiraf|Farigiraf, L50, F, shiny|100\/100\n|move|p2b: Scream Tail|Sing|p1b: Farigiraf\n|-status|p1b: Farigiraf|slp|[from] move: Sing\n|-curestatus|p1a: Flutter Mane|slp|[msg]\n|move|p1a: Flutter Mane|Dazzling Gleam|p2b: Scream Tail|[spread] p2a,p2b\n|-resisted|p2a: Ogerpon\n|-damage|p2a: Ogerpon|50\/100\n|-damage|p2b: Scream Tail|42\/100\n|\n|-weather|SunnyDay|[upkeep]\n|upkeep\n|turn|3\n|\n|t:|1700080105\n|-end|p1a: Flutter Mane|Protosynthesis|[silent]\n|switch|p1a: Torkoal|Torkoal, L50, M, shiny|100\/100\n|move|p2b: Scream Tail|Sing|p1a: Torkoal\n|-status|p1a: Torkoal|slp|[from] move: Sing\n|move|p2a: Ogerpon|Ivy Cudgel|p1b: Farigiraf|[anim] Ivy Cudgel Fire\n|-damage|p1b: Farigiraf|25\/100 slp\n|-enditem|p1b: Farigiraf|Sitrus Berry|[eat]\n|-heal|p1b: Farigiraf|49\/100 slp|[from] item: Sitrus Berry\n|cant|p1b: Farigiraf|slp\n|\n|-weather|SunnyDay|[upkeep]\n|upkeep\n|turn|4\n|\n|t:|1700080117\n|move|p2b: Scream Tail|Howl|p2b: Scream Tail|[spread] p2a,p2b\n|-boost|p2a: Ogerpon|atk|1\n|-boost|p2b: Scream Tail|atk|1\n|move|p2a: Ogerpon|Ivy Cudgel|p1b: Farigiraf|[anim] Ivy Cudgel Fire\n|-damage|p1b: Farigiraf|0 fnt\n|faint|p1b: Farigiraf\n|cant|p1a: Torkoal|slp\n|\n|-weather|SunnyDay|[upkeep]\n|upkeep\n|\n|t:|1700080123\n|switch|p1b: Chi-Yu|Chi-Yu, L50|100\/100\n|-ability|p1b: Chi-Yu|Beads of Ruin\n|turn|5\n|\n|t:|1700080139\n|move|p1b: Chi-Yu|Protect|p1b: Chi-Yu\n|-singleturn|p1b: Chi-Yu|Protect\n|-curestatus|p1a: Torkoal|slp|[msg]\n|move|p1a: Torkoal|Protect|p1a: Torkoal\n|-singleturn|p1a: Torkoal|Protect\n|move|p2b: Scream Tail|Sing|p1b: Chi-Yu\n|-activate|p1b: Chi-Yu|move: Protect\n|move|p2a: Ogerpon|Ivy Cudgel|p1a: Torkoal|[anim] Ivy Cudgel Fire\n|-activate|p1a: Torkoal|move: Protect\n|\n|-weather|none\n|-end|p2b: Scream Tail|Protosynthesis\n|-fieldend|move: Gravity\n|upkeep\n|-enditem|p2b: Scream Tail|Booster Energy\n|-activate|p2b: Scream Tail|ability: Protosynthesis|[fromitem]\n|-start|p2b: Scream Tail|protosynthesisspe\n|turn|6\n|inactive|bobw_1213 has 30 seconds left.\n|inactive|bobw_1213 has 20 seconds left.\n|inactive|bobw_1213 has 15 seconds left.\n|\n|t:|1700080181\n|move|p2b: Scream Tail|Protect|p2b: Scream Tail\n|-singleturn|p2b: Scream Tail|Protect\n|move|p2a: Ogerpon|Ivy Cudgel|p1b: Chi-Yu|[anim] Ivy Cudgel Fire\n|-resisted|p1b: Chi-Yu\n|-damage|p1b: Chi-Yu|42\/100\n|move|p1b: Chi-Yu|Heat Wave|p2b: Scream Tail|[spread] p2a\n|-activate|p2b: Scream Tail|move: Protect\n|-damage|p2a: Ogerpon|0 fnt\n|faint|p2a: Ogerpon\n|-damage|p1b: Chi-Yu|32\/100|[from] item: Life Orb\n|move|p1a: Torkoal|Eruption|p2b: Scream Tail\n|-activate|p2b: Scream Tail|move: Protect\n|\n|upkeep\n|\n|t:|1700080188\n|switch|p2a: Sableye|Sableye, L50, M|100\/100\n|turn|7\n|\n|t:|1700080195\n|move|p2a: Sableye|Gravity|p2a: Sableye\n|-fieldstart|move: Gravity\n|move|p2b: Scream Tail|Sing|p1a: Torkoal\n|-status|p1a: Torkoal|slp|[from] move: Sing\n|move|p1b: Chi-Yu|Heat Wave|p2a: Sableye|[spread] p2a,p2b\n|-damage|p2a: Sableye|18\/100\n|-damage|p2b: Scream Tail|0 fnt\n|-status|p2a: Sableye|brn\n|faint|p2b: Scream Tail\n|-end|p2b: Scream Tail|Protosynthesis|[silent]\n|-enditem|p2a: Sableye|Eject Button\n|-damage|p1b: Chi-Yu|23\/100|[from] item: Life Orb\n|\n|t:|1700080200\n|switch|p2a: Rillaboom|Rillaboom, L50, M|100\/100\n|-fieldstart|move: Grassy Terrain|[from] ability: Grassy Surge|[of] p2a: Rillaboom\n|cant|p1a: Torkoal|slp\n|\n|-heal|p1b: Chi-Yu|28\/100|[from] Grassy Terrain\n|upkeep\n|\n|t:|1700080202\n|switch|p2b: Sableye|Sableye, L50, M|18\/100 brn\n|turn|8\n|\n|t:|1700080217\n|-terastallize|p2a: Rillaboom|Fire\n|move|p1b: Chi-Yu|Protect|p1b: Chi-Yu\n|-singleturn|p1b: Chi-Yu|Protect\n|move|p2a: Rillaboom|Grassy Glide|p1b: Chi-Yu\n|-activate|p1b: Chi-Yu|move: Protect\n|move|p2b: Sableye|Foul Play|p1a: Torkoal\n|-damage|p1a: Torkoal|91\/100 slp\n|-curestatus|p1a: Torkoal|slp|[msg]\n|move|p1a: Torkoal|Eruption|p2b: Sableye|[spread] p2a,p2b\n|-resisted|p2a: Rillaboom\n|-damage|p2a: Rillaboom|74\/100\n|-damage|p2b: Sableye|0 fnt\n|faint|p2b: Sableye\n|\n|-heal|p1b: Chi-Yu|34\/100|[from] Grassy Terrain\n|-heal|p2a: Rillaboom|80\/100|[from] Grassy Terrain\n|-heal|p1a: Torkoal|97\/100|[from] Grassy Terrain\n|upkeep\n|turn|9\n|-message|bobw_1213 forfeited.\n|\n|win|rennui-\n|raw|rennui-'s rating: 1611 &rarr; <strong>1630<\/strong><br \/>(+19 for winning)\n|raw|bobw_1213's rating: 1589 &rarr; <strong>1570<\/strong><br \/>(-19 for losing)\n|l|\u2606bobw_1213\n","uploadtime":1700080230,"views":22,"p1id":"rennui","p2id":"bobw1213","formatid":"gen9vgc2023regulatione","rating":1570,"private":0,"password":""}