{"id":"gen9vgc2023regulatione-1994403302","p1":"J_Couz","p2":"D0xie","format":"[Gen 9] VGC 2023 Regulation E","log":"|j|\u2606J_Couz\n|j|\u2606D0xie\n|t:|1700439966\n|gametype|doubles\n|player|p1|J_Couz|pokemonbreeder-gen4|1211\n|player|p2|D0xie|flannery|1142\n|teamsize|p1|6\n|teamsize|p2|6\n|gen|9\n|tier|[Gen 9] VGC 2023 Regulation E\n|rated|\n|rule|Species Clause: Limit one of each Pok\u00e9mon\n|rule|Item Clause: Limit one of each item\n|clearpoke\n|poke|p1|Iron Hands, L50|\n|poke|p1|Tornadus, L50, M|\n|poke|p1|Ogerpon-Hearthflame, L50, F|\n|poke|p1|Landorus-Therian, L50, M|\n|poke|p1|Flutter Mane, L50|\n|poke|p1|Milotic, L50, F|\n|poke|p2|Toedscruel, L50, F|\n|poke|p2|Arcanine-Hisui, L50, F|\n|poke|p2|Sableye, L50, F|\n|poke|p2|Flutter Mane, L50|\n|poke|p2|Ogerpon-Wellspring, L50, F|\n|poke|p2|Dragapult, L50, M|\n|teampreview|4\n|inactive|Battle timer is ON: inactive players will automatically lose when time's up. (requested by D0xie)\n|inactive|J_Couz also wants the timer to be on.\n|\n|t:|1700439981\n|start\n|switch|p1a: Tornadus|Tornadus, L50, M|100\/100\n|switch|p1b: Landorus|Landorus-Therian, L50, M|100\/100\n|switch|p2a: Sableye|Sableye, L50, F|100\/100\n|switch|p2b: Toedscruel|Toedscruel, L50, F|100\/100\n|-ability|p1b: Landorus|Intimidate|boost\n|-unboost|p2a: Sableye|atk|1\n|-unboost|p2b: Toedscruel|atk|1\n|turn|1\n|\n|t:|1700440002\n|move|p2b: Toedscruel|Protect|p2b: Toedscruel\n|-singleturn|p2b: Toedscruel|Protect\n|move|p1a: Tornadus|Tailwind|p1a: Tornadus\n|-sidestart|p1: J_Couz|move: Tailwind\n|move|p2a: Sableye|Will-O-Wisp|p1b: Landorus\n|-status|p1b: Landorus|brn\n|move|p1b: Landorus|U-turn|p2b: Toedscruel\n|-activate|p2b: Toedscruel|move: Protect\n|\n|-damage|p1b: Landorus|94\/100 brn|[from] brn\n|upkeep\n|turn|2\n|\n|t:|1700440015\n|move|p2a: Sableye|Skill Swap|p2b: Toedscruel\n|-activate|p2a: Sableye|move: Skill Swap|||[of] p2b: Toedscruel\n|move|p2b: Toedscruel|Spore|p1a: Tornadus\n|-status|p1a: Tornadus|slp|[from] move: Spore\n|cant|p1a: Tornadus|slp\n|move|p1b: Landorus|U-turn|p2b: Toedscruel\n|-supereffective|p2b: Toedscruel\n|-damage|p2b: Toedscruel|63\/100\n|\n|t:|1700440025\n|switch|p1b: Ogerpon|Ogerpon-Hearthflame, L50, F|100\/100|[from] U-turn\n|-ability|p1b: Ogerpon|Mold Breaker\n|\n|upkeep\n|turn|3\n|\n|t:|1700440037\n|switch|p2a: Arcanine|Arcanine-Hisui, L50, F|100\/100\n|-ability|p2a: Arcanine|Intimidate|boost\n|-unboost|p1a: Tornadus|atk|1\n|-unboost|p1b: Ogerpon|atk|1\n|-terastallize|p1b: Ogerpon|Fire\n|detailschange|p1b: Ogerpon|Ogerpon-Hearthflame-Tera, L50, F, tera:Fire\n|-ability|p1b: Ogerpon|Embody Aspect (Hearthflame)|boost\n|-boost|p1b: Ogerpon|atk|1\n|move|p2b: Toedscruel|Tickle|p1b: Ogerpon\n|-unboost|p1b: Ogerpon|atk|1\n|-unboost|p1b: Ogerpon|def|1\n|cant|p1a: Tornadus|slp\n|move|p1b: Ogerpon|Ivy Cudgel|p2a: Arcanine|[anim] Ivy Cudgel Fire\n|-resisted|p2a: Arcanine\n|-damage|p2a: Arcanine|85\/100\n|\n|upkeep\n|turn|4\n|\n|t:|1700440061\n|switch|p1b: Landorus|Landorus-Therian, L50, M|94\/100 brn\n|-ability|p1b: Landorus|Intimidate|boost\n|-fail|p2a: Arcanine|unboost|[from] item: Clear Amulet|[of] p2a: Arcanine\n|-unboost|p2b: Toedscruel|atk|1\n|move|p2b: Toedscruel|Tickle|p1b: Landorus\n|-unboost|p1b: Landorus|atk|1\n|-unboost|p1b: Landorus|def|1\n|-curestatus|p1a: Tornadus|slp|[msg]\n|move|p1a: Tornadus|Bleakwind Storm|p2a: Arcanine|[spread] \n|-miss|p1a: Tornadus|p2a: Arcanine\n|-miss|p1a: Tornadus|p2b: Toedscruel\n|move|p2a: Arcanine|Rock Slide|p1a: Tornadus|[spread] p1a\n|-miss|p2a: Arcanine|p1b: Landorus\n|-supereffective|p1a: Tornadus\n|-damage|p1a: Tornadus|26\/100\n|\n|-damage|p1b: Landorus|88\/100 brn|[from] brn\n|-sideend|p1: J_Couz|move: Tailwind\n|upkeep\n|turn|5\n|inactive|D0xie has 30 seconds left.\n|inactive|D0xie has 20 seconds left.\n|\n|t:|1700440099\n|-terastallize|p2a: Arcanine|Normal\n|move|p2a: Arcanine|Extreme Speed|p1a: Tornadus\n|-damage|p1a: Tornadus|0 fnt\n|faint|p1a: Tornadus\n|move|p2b: Toedscruel|Tickle|p1b: Landorus\n|-unboost|p1b: Landorus|atk|1\n|-unboost|p1b: Landorus|def|1\n|move|p1b: Landorus|U-turn|p2b: Toedscruel\n|-supereffective|p2b: Toedscruel\n|-damage|p2b: Toedscruel|45\/100\n|\n|t:|1700440112\n|switch|p1b: Ogerpon|Ogerpon-Hearthflame-Tera, L50, F, tera:Fire|100\/100|[from] U-turn\n|-ability|p1b: Ogerpon|Embody Aspect (Hearthflame)|boost\n|-boost|p1b: Ogerpon|atk|1\n|\n|upkeep\n|\n|t:|1700440119\n|switch|p1a: Iron Hands|Iron Hands, L50|100\/100\n|turn|6\n|\n|t:|1700440125\n|switch|p2a: Sableye|Sableye, L50, F|100\/100\n|move|p1a: Iron Hands|Fake Out|p2a: Sableye\n|-immune|p2a: Sableye\n|move|p2b: Toedscruel|Spore|p1b: Ogerpon\n|-status|p1b: Ogerpon|slp|[from] move: Spore\n|cant|p1b: Ogerpon|slp\n|\n|upkeep\n|turn|7\n|inactive|J_Couz has 30 seconds left.\n|\n|t:|1700440154\n|move|p2a: Sableye|Will-O-Wisp|p1a: Iron Hands\n|-status|p1a: Iron Hands|brn\n|cant|p1b: Ogerpon|slp\n|move|p2b: Toedscruel|Earth Power|p1b: Ogerpon\n|-supereffective|p1b: Ogerpon\n|-damage|p1b: Ogerpon|37\/100 slp\n|move|p1a: Iron Hands|Wild Charge|p2a: Sableye\n|-damage|p2a: Sableye|63\/100\n|-damage|p1a: Iron Hands|94\/100 brn|[from] Recoil\n|-enditem|p2a: Sableye|Eject Button\n|-message|J_Couz forfeited.\n|\n|win|D0xie\n|raw|J_Couz's rating: 1211 &rarr; <strong>1181<\/strong><br \/>(-30 for losing)\n|raw|D0xie's rating: 1142 &rarr; <strong>1172<\/strong><br \/>(+30 for winning)\n|l|\u2606J_Couz\n","uploadtime":1700440172,"views":15,"p1id":"jcouz","p2id":"d0xie","formatid":"gen9vgc2023regulatione","rating":1172,"private":0,"password":""}