{"id":"gen9vgc2023regulatione-1997981676","p1":"kn17","p2":"Kedrigz","format":"[Gen 9] VGC 2023 Regulation E","log":"|j|\u2606kn17\n|j|\u2606Kedrigz\n|n|\u2606kn17|kn17\n|n|\u2606Kedrigz|kedrigz\n|html|View the match progress at <a href=\"\/game-bestof3-gen9vgc2023regulatione-1997976811\">game-bestof3-gen9vgc2023regulatione-1997976811<\/a>\n|t:|1700875035\n|gametype|doubles\n|player|p1|kn17|worker|\n|player|p2|Kedrigz|steven|\n|teamsize|p1|6\n|teamsize|p2|6\n|gen|9\n|tier|[Gen 9] VGC 2023 Regulation E\n|rule|Species Clause: Limit one of each Pok\u00e9mon\n|rule|Item Clause: Limit one of each item\n|clearpoke\n|poke|p1|Roaring Moon, L50|\n|poke|p1|Amoonguss, L50, F|\n|poke|p1|Landorus-Therian, L50, M|\n|poke|p1|Heatran, L50, F|\n|poke|p1|Iron Hands, L50|\n|poke|p1|Gholdengo, L50|\n|poke|p2|Kommo-o, L50, M|\n|poke|p2|Tyranitar, L50, F|\n|poke|p2|Rillaboom, L50, M|\n|poke|p2|Iron Bundle, L50|\n|poke|p2|Flutter Mane, L50|\n|poke|p2|Arcanine-Hisui, L50, F|\n|teampreview|4\nKedrigz has agreed to open team sheets.\n|j| pexyawww\n|l| pexyawww\n|\n|t:|1700875108\n|start\n|switch|p1a: Amoonguss|Amoonguss, L50, F|100\/100\n|switch|p1b: Iron Hands|Iron Hands, L50|100\/100\n|switch|p2a: Flutter Mane|Flutter Mane, L50|100\/100\n|switch|p2b: Rillaboom|Rillaboom, L50, M|100\/100\n|-fieldstart|move: Grassy Terrain|[from] ability: Grassy Surge|[of] p2b: Rillaboom\n|turn|1\n|\n|t:|1700875135\n|-end|p1b: Iron Hands|Quark Drive|[silent]\n|switch|p1b: Landorus|Landorus-Therian, L50, M, shiny|100\/100\n|-ability|p1b: Landorus|Intimidate|boost\n|-unboost|p2a: Flutter Mane|atk|1\n|-unboost|p2b: Rillaboom|atk|1\n|move|p2a: Flutter Mane|Psyshock|p1a: Amoonguss\n|-supereffective|p1a: Amoonguss\n|-damage|p1a: Amoonguss|54\/100\n|move|p2b: Rillaboom|Taunt|p1a: Amoonguss\n|-start|p1a: Amoonguss|move: Taunt\n|cant|p1a: Amoonguss|move: Taunt|Spore\n|\n|-heal|p1a: Amoonguss|60\/100|[from] Grassy Terrain\n|upkeep\n|turn|2\n|\n|t:|1700875175\n|switch|p2b: Arcanine|Arcanine-Hisui, L50, F|100\/100\n|-ability|p2b: Arcanine|Intimidate|boost\n|-unboost|p1a: Amoonguss|atk|1\n|-unboost|p1b: Landorus|atk|1\n|switch|p1a: Iron Hands|Iron Hands, L50|100\/100\n|move|p1b: Landorus|U-turn|p2b: Arcanine\n|-resisted|p2b: Arcanine\n|-damage|p2b: Arcanine|91\/100\n|\n|t:|1700875183\n|switch|p1b: Amoonguss|Amoonguss, L50, F|93\/100|[from] U-turn\n|move|p2a: Flutter Mane|Moonblast|p1b: Amoonguss\n|-resisted|p1b: Amoonguss\n|-damage|p1b: Amoonguss|72\/100\n|\n|-heal|p2b: Arcanine|97\/100|[from] Grassy Terrain\n|-heal|p1b: Amoonguss|78\/100|[from] Grassy Terrain\n|upkeep\n|turn|3\n|\n|t:|1700875236\n|move|p1a: Iron Hands|Fake Out|p2b: Arcanine\n|-resisted|p2b: Arcanine\n|-damage|p2b: Arcanine|89\/100\n|move|p2a: Flutter Mane|Psyshock|p1b: Amoonguss\n|-supereffective|p1b: Amoonguss\n|-damage|p1b: Amoonguss|31\/100\n|cant|p2b: Arcanine|flinch\n|move|p1b: Amoonguss|Spore|p2b: Arcanine\n|-status|p2b: Arcanine|slp|[from] move: Spore\n|\n|-heal|p2b: Arcanine|95\/100 slp|[from] Grassy Terrain\n|-heal|p1b: Amoonguss|37\/100|[from] Grassy Terrain\n|upkeep\n|turn|4\n|\n|t:|1700875258\n|switch|p1b: Gholdengo|Gholdengo, L50|100\/100\n|move|p2a: Flutter Mane|Psyshock|p1b: Gholdengo\n|-resisted|p1b: Gholdengo\n|-damage|p1b: Gholdengo|88\/100\n|cant|p2b: Arcanine|slp\n|move|p1a: Iron Hands|Heavy Slam|p2a: Flutter Mane\n|-supereffective|p2a: Flutter Mane\n|-enditem|p2a: Flutter Mane|Focus Sash\n|-damage|p2a: Flutter Mane|1\/100\n|\n|-heal|p2a: Flutter Mane|7\/100|[from] Grassy Terrain\n|-heal|p2b: Arcanine|100\/100 slp|[from] Grassy Terrain\n|-heal|p1b: Gholdengo|94\/100|[from] Grassy Terrain\n|-heal|p1b: Gholdengo|99\/100|[from] item: Leftovers\n|upkeep\n|turn|5\n|\n|t:|1700875301\n|move|p1b: Gholdengo|Protect|p1b: Gholdengo\n|-singleturn|p1b: Gholdengo|Protect\n|move|p2a: Flutter Mane|Shadow Ball|p1b: Gholdengo\n|-activate|p1b: Gholdengo|move: Protect\n|cant|p2b: Arcanine|slp\n|move|p1a: Iron Hands|Heavy Slam|p2a: Flutter Mane\n|-supereffective|p2a: Flutter Mane\n|-damage|p2a: Flutter Mane|0 fnt\n|faint|p2a: Flutter Mane\n|-end|p2a: Flutter Mane|Protosynthesis|[silent]\n|\n|-heal|p1b: Gholdengo|100\/100|[from] Grassy Terrain\n|-fieldend|move: Grassy Terrain\n|upkeep\n|\n|t:|1700875316\n|switch|p2a: Tyranitar|Tyranitar, L50, F|100\/100\n|-weather|Sandstorm|[from] ability: Sand Stream|[of] p2a: Tyranitar\n|turn|6\n|\n|t:|1700875327\n|switch|p1b: Landorus|Landorus-Therian, L50, M, shiny|100\/100\n|-ability|p1b: Landorus|Intimidate|boost\n|-unboost|p2a: Tyranitar|atk|1\n|-unboost|p2b: Arcanine|atk|1\n|-curestatus|p2b: Arcanine|slp|[msg]\n|move|p2b: Arcanine|Flare Blitz|p1b: Landorus\n|-damage|p1b: Landorus|62\/100\n|-damage|p2b: Arcanine|89\/100|[from] Recoil\n|move|p1a: Iron Hands|Drain Punch|p2a: Tyranitar\n|-supereffective|p2a: Tyranitar\n|-damage|p2a: Tyranitar|0 fnt\n|faint|p2a: Tyranitar\n|\n|-weather|Sandstorm|[upkeep]\n|-damage|p1a: Iron Hands|94\/100|[from] Sandstorm\n|upkeep\n|\n|t:|1700875341\n|switch|p2a: Rillaboom|Rillaboom, L50, M|100\/100\n|-fieldstart|move: Grassy Terrain|[from] ability: Grassy Surge|[of] p2a: Rillaboom\n|turn|7\n|\n|t:|1700875377\n|move|p2a: Rillaboom|Fake Out|p1a: Iron Hands\n|-damage|p1a: Iron Hands|84\/100\n|move|p1b: Landorus|Stomping Tantrum|p2b: Arcanine\n|-supereffective|p2b: Arcanine\n|-damage|p2b: Arcanine|0 fnt\n|faint|p2b: Arcanine\n|cant|p1a: Iron Hands|flinch\n|\n|-weather|Sandstorm|[upkeep]\n|-damage|p2a: Rillaboom|95\/100|[from] Sandstorm\n|-damage|p1a: Iron Hands|78\/100|[from] Sandstorm\n|-heal|p2a: Rillaboom|100\/100|[from] Grassy Terrain\n|-heal|p1a: Iron Hands|84\/100|[from] Grassy Terrain\n|upkeep\n|turn|8\n|\n|t:|1700875393\n|switch|p1b: Amoonguss|Amoonguss, L50, F|70\/100\n|move|p2a: Rillaboom|Wood Hammer|p1b: Amoonguss\n|-resisted|p1b: Amoonguss\n|-damage|p1b: Amoonguss|49\/100\n|-damage|p2a: Rillaboom|84\/100|[from] item: Rocky Helmet|[of] p1b: Amoonguss\n|-damage|p2a: Rillaboom|76\/100|[from] Recoil\n|move|p1a: Iron Hands|Drain Punch|p2a: Rillaboom\n|-damage|p2a: Rillaboom|36\/100\n|-heal|p1a: Iron Hands|100\/100|[from] drain|[of] p2a: Rillaboom\n|\n|-weather|Sandstorm|[upkeep]\n|-damage|p2a: Rillaboom|30\/100|[from] Sandstorm\n|-damage|p1a: Iron Hands|94\/100|[from] Sandstorm\n|-damage|p1b: Amoonguss|43\/100|[from] Sandstorm\n|-heal|p2a: Rillaboom|36\/100|[from] Grassy Terrain\n|-heal|p1a: Iron Hands|100\/100|[from] Grassy Terrain\n|-heal|p1b: Amoonguss|49\/100|[from] Grassy Terrain\n|upkeep\n|turn|9\n|\n|t:|1700875416\n|move|p2a: Rillaboom|Grassy Glide|p1b: Amoonguss\n|-resisted|p1b: Amoonguss\n|-damage|p1b: Amoonguss|39\/100\n|-damage|p2a: Rillaboom|20\/100|[from] item: Rocky Helmet|[of] p1b: Amoonguss\n|move|p1a: Iron Hands|Drain Punch|p2a: Rillaboom\n|-damage|p2a: Rillaboom|0 fnt\n|faint|p2a: Rillaboom\n|\n|win|kn17\n|c|&|\/uhtml prompt-kedrigz,Kedrigz is ready for game 3!\n|c|&|\/uhtml prompt-kn17,kn17 is ready for game 3!\nBoth players are ready! Starting next match!\n|j| Tampico11\n|l| Tampico11\n|l|\u2606Kedrigz\n","uploadtime":1700876784,"views":2,"p1id":"kn17","p2id":"kedrigz","formatid":"gen9vgc2023regulatione","rating":0,"private":0,"password":""}