{"id":"gen9vgc2023regulatione-1995904857","p1":"cjl78","p2":"AGSilver935","format":"[Gen 9] VGC 2023 Regulation E","log":"|j|\u2606cjl78\n|j|\u2606AGSilver935\n|n|\u2606cjl78|cjl78\n|n|\u2606AGSilver935|agsilver935\n|html|View the match progress at <a href=\"\/game-bestof3-gen9vgc2023regulatione-1995904856\">game-bestof3-gen9vgc2023regulatione-1995904856<\/a>\n|t:|1700615776\n|gametype|doubles\n|player|p1|cjl78|170|\n|player|p2|AGSilver935|ghetsis|\n|teamsize|p1|6\n|teamsize|p2|6\n|gen|9\n|tier|[Gen 9] VGC 2023 Regulation E\n|rule|Species Clause: Limit one of each Pok\u00e9mon\n|rule|Item Clause: Limit one of each item\n|clearpoke\n|poke|p1|Amoonguss, L50, F|\n|poke|p1|Iron Hands, L50|\n|poke|p1|Arcanine-Hisui, L50, F|\n|poke|p1|Roaring Moon, L50|\n|poke|p1|Urshifu-*, L50, F|\n|poke|p1|Gholdengo, L50|\n|poke|p2|Tornadus, L50, M|\n|poke|p2|Urshifu-*, L50, M|\n|poke|p2|Regidrago, L50|\n|poke|p2|Gholdengo, L50|\n|poke|p2|Rillaboom, L50, M|\n|poke|p2|Arcanine-Hisui, L50, M|\n|teampreview|4\nAGSilver935 has agreed to open team sheets.\ncjl78 has agreed to open team sheets.\n|showteam|p1|Amoonguss||SitrusBerry|Regenerator|Spore,RagePowder,PollenPuff,Protect|||F|||50|,,,,,Water]Iron Hands||AssaultVest|QuarkDrive|FakeOut,WildCharge,DrainPunch,HeavySlam||||||50|,,,,,Water]Arcanine-Hisui||ChoiceBand|Intimidate|FlareBlitz,RockSlide,ExtremeSpeed,TeraBlast|||F|||50|,,,,,Fairy]Roaring Moon||BoosterEnergy|Protosynthesis|Acrobatics,KnockOff,Tailwind,Protect||||||50|,,,,,Flying]Urshifu-Rapid-Strike||MysticWater|UnseenFist|SurgingStrikes,AquaJet,Protect,CloseCombat|||F|||50|,,,,,Water]Gholdengo||Leftovers|GoodasGold|MakeItRain,ShadowBall,NastyPlot,Protect||||||50|,,,,,Dragon\n|showteam|p2|Tornadus||RockyHelmet|Prankster|BleakwindStorm,RainDance,Protect,Tailwind|||M|||50|,,,,,Steel]Urshifu-Rapid-Strike||ChoiceScarf|UnseenFist|SurgingStrikes,AquaJet,Uturn,CloseCombat|||M|||50|,,,,,Water]Regidrago||DragonFang|DragonsMaw|DragonEnergy,DracoMeteor,Protect,EarthPower||||||50|,,,,,Steel]Gholdengo||MetalCoat|GoodasGold|MakeItRain,ShadowBall,Protect,NastyPlot||||||50|,,,,,Dragon]Rillaboom||AssaultVest|GrassySurge|WoodHammer,Uturn,GrassyGlide,FakeOut|||M|||50|,,,,,Grass]Arcanine-Hisui||SitrusBerry|Intimidate|RockSlide,ExtremeSpeed,WillOWisp,FlareBlitz|||M|||50|,,,,,Water\n|c|\u2606AGSilver935|Good luck!\n|j| muzikal\n|c|\u2606cjl78|You too!\n|\n|t:|1700615881\n|start\n|switch|p1a: Roaring Moon|Roaring Moon, L50|100\/100\n|switch|p1b: Arcanine|Arcanine-Hisui, L50, F|100\/100\n|switch|p2a: Arcanine|Arcanine-Hisui, L50, M|100\/100\n|switch|p2b: Rillaboom|Rillaboom, L50, M|100\/100\n|-ability|p1b: Arcanine|Intimidate|boost\n|-unboost|p2a: Arcanine|atk|1\n|-unboost|p2b: Rillaboom|atk|1\n|-ability|p2a: Arcanine|Intimidate|boost\n|-unboost|p1a: Roaring Moon|atk|1\n|-unboost|p1b: Arcanine|atk|1\n|-fieldstart|move: Grassy Terrain|[from] ability: Grassy Surge|[of] p2b: Rillaboom\n|-enditem|p1a: Roaring Moon|Booster Energy\n|-activate|p1a: Roaring Moon|ability: Protosynthesis|[fromitem]\n|-start|p1a: Roaring Moon|protosynthesisspe\n|turn|1\n|j| Bauerdad\n|\n|t:|1700615904\n|switch|p1b: Iron Hands|Iron Hands, L50|100\/100\n|move|p1a: Roaring Moon|Protect|p1a: Roaring Moon\n|-singleturn|p1a: Roaring Moon|Protect\n|move|p2b: Rillaboom|Fake Out|p1b: Iron Hands\n|-damage|p1b: Iron Hands|94\/100\n|move|p2a: Arcanine|Will-O-Wisp|p1a: Roaring Moon\n|-activate|p1a: Roaring Moon|move: Protect\n|\n|-heal|p1b: Iron Hands|99\/100|[from] Grassy Terrain\n|upkeep\n|turn|2\n|\n|t:|1700615931\n|switch|p2b: Tornadus|Tornadus, L50, M|100\/100\n|move|p1b: Iron Hands|Fake Out|p2a: Arcanine\n|-resisted|p2a: Arcanine\n|-damage|p2a: Arcanine|92\/100\n|move|p1a: Roaring Moon|Tailwind|p1a: Roaring Moon\n|-sidestart|p1: cjl78|move: Tailwind\n|cant|p2a: Arcanine|flinch\n|\n|-heal|p1b: Iron Hands|100\/100|[from] Grassy Terrain\n|-heal|p2a: Arcanine|98\/100|[from] Grassy Terrain\n|upkeep\n|turn|3\n|\n|t:|1700615949\n|move|p2b: Tornadus|Tailwind|p2b: Tornadus\n|-sidestart|p2: AGSilver935|move: Tailwind\n|move|p1a: Roaring Moon|Knock Off|p2a: Arcanine\n|-damage|p2a: Arcanine|59\/100\n|-enditem|p2a: Arcanine|Sitrus Berry|[from] move: Knock Off|[of] p1a: Roaring Moon\n|move|p2a: Arcanine|Will-O-Wisp|p1b: Iron Hands|[miss]\n|-miss|p2a: Arcanine|p1b: Iron Hands\n|move|p1b: Iron Hands|Drain Punch|p2a: Arcanine\n|-supereffective|p2a: Arcanine\n|-damage|p2a: Arcanine|0 fnt\n|faint|p2a: Arcanine\n|\n|upkeep\n|\n|t:|1700615969\n|switch|p2a: Rillaboom|Rillaboom, L50, M|100\/100\n|turn|4\n|\n|t:|1700615986\n|move|p1a: Roaring Moon|Acrobatics|p2a: Rillaboom\n|-supereffective|p2a: Rillaboom\n|-damage|p2a: Rillaboom|50\/100\n|move|p2b: Tornadus|Bleakwind Storm|p1b: Iron Hands|[spread] p1b\n|-miss|p2b: Tornadus|p1a: Roaring Moon\n|-damage|p1b: Iron Hands|82\/100\n|-unboost|p1b: Iron Hands|spe|1\n|move|p2a: Rillaboom|U-turn|p1a: Roaring Moon\n|-supereffective|p1a: Roaring Moon\n|-damage|p1a: Roaring Moon|36\/100\n|\n|t:|1700615996\n|switch|p2a: Regidrago|Regidrago, L50|100\/100|[from] U-turn\n|move|p1b: Iron Hands|Wild Charge|p2b: Tornadus\n|-supereffective|p2b: Tornadus\n|-damage|p2b: Tornadus|0 fnt\n|-damage|p1b: Iron Hands|65\/100|[from] item: Rocky Helmet|[of] p2b: Tornadus\n|faint|p2b: Tornadus\n|-damage|p1b: Iron Hands|45\/100|[from] Recoil\n|\n|-heal|p1a: Roaring Moon|42\/100|[from] Grassy Terrain\n|-heal|p1b: Iron Hands|52\/100|[from] Grassy Terrain\n|upkeep\n|\n|t:|1700616007\n|switch|p2b: Rillaboom|Rillaboom, L50, M|50\/100\n|turn|5\n|\n|t:|1700616027\n|-end|p1a: Roaring Moon|Protosynthesis|[silent]\n|switch|p1a: Gholdengo|Gholdengo, L50|100\/100\n|move|p2b: Rillaboom|Fake Out|p1a: Gholdengo\n|-immune|p1a: Gholdengo\n|move|p2a: Regidrago|Dragon Energy|p1b: Iron Hands|[spread] p1a,p1b\n|-resisted|p1a: Gholdengo\n|-damage|p1a: Gholdengo|52\/100\n|-damage|p1b: Iron Hands|0 fnt\n|faint|p1b: Iron Hands\n|-end|p1b: Iron Hands|Quark Drive|[silent]\n|\n|-heal|p1a: Gholdengo|58\/100|[from] Grassy Terrain\n|-heal|p1a: Gholdengo|64\/100|[from] item: Leftovers\n|-heal|p2b: Rillaboom|56\/100|[from] Grassy Terrain\n|-sideend|p1: cjl78|move: Tailwind\n|-fieldend|move: Grassy Terrain\n|upkeep\n|\n|t:|1700616036\n|switch|p1b: Roaring Moon|Roaring Moon, L50|42\/100\n|turn|6\n|\n|t:|1700616055\n|-terastallize|p2b: Rillaboom|Grass\n|move|p1b: Roaring Moon|Protect|p1b: Roaring Moon\n|-singleturn|p1b: Roaring Moon|Protect\n|move|p1a: Gholdengo|Protect|p1a: Gholdengo\n|-singleturn|p1a: Gholdengo|Protect\n|move|p2a: Regidrago|Dragon Energy|p1b: Roaring Moon|[spread] \n|-activate|p1a: Gholdengo|move: Protect\n|-activate|p1b: Roaring Moon|move: Protect\n|move|p2b: Rillaboom|Wood Hammer|p1a: Gholdengo\n|-activate|p1a: Gholdengo|move: Protect\n|\n|-heal|p1a: Gholdengo|70\/100|[from] item: Leftovers\n|-sideend|p2: AGSilver935|move: Tailwind\n|upkeep\n|turn|7\n|\n|t:|1700616076\n|move|p1b: Roaring Moon|Acrobatics|p2b: Rillaboom\n|-supereffective|p2b: Rillaboom\n|-damage|p2b: Rillaboom|0 fnt\n|faint|p2b: Rillaboom\n|move|p2a: Regidrago|Draco Meteor|p1a: Gholdengo\n|-resisted|p1a: Gholdengo\n|-damage|p1a: Gholdengo|20\/100\n|-unboost|p2a: Regidrago|spa|2\n|move|p1a: Gholdengo|Shadow Ball|p2a: Regidrago\n|-damage|p2a: Regidrago|52\/100\n|\n|-heal|p1a: Gholdengo|27\/100|[from] item: Leftovers\n|upkeep\n|turn|8\n|\n|t:|1700616089\n|move|p1b: Roaring Moon|Knock Off|p2a: Regidrago\n|-damage|p2a: Regidrago|0 fnt\n|-enditem|p2a: Regidrago|Dragon Fang|[from] move: Knock Off|[of] p1b: Roaring Moon\n|faint|p2a: Regidrago\n|\n|win|cjl78\n","uploadtime":1700616095,"views":7,"p1id":"cjl78","p2id":"agsilver935","formatid":"gen9vgc2023regulatione","rating":0,"private":0,"password":""}