{"id":"gen9vgc2023regulatione-1994534902","p1":"iStockphoto","p2":"Aussie732","format":"[Gen 9] VGC 2023 Regulation E","log":"|j|\u2606iStockphoto\n|j|\u2606Aussie732\n|t:|1700455922\n|gametype|doubles\n|player|p1|iStockphoto|169|1138\n|player|p2|Aussie732|102|1049\n|teamsize|p1|6\n|teamsize|p2|6\n|gen|9\n|tier|[Gen 9] VGC 2023 Regulation E\n|rated|\n|rule|Species Clause: Limit one of each Pok\u00e9mon\n|rule|Item Clause: Limit one of each item\n|clearpoke\n|poke|p1|Roaring Moon, L50|\n|poke|p1|Chien-Pao, L50|\n|poke|p1|Rillaboom, L50, F|\n|poke|p1|Meowscarada, L50, M|\n|poke|p1|Heatran, L50, M|\n|poke|p1|Flutter Mane, L50|\n|poke|p2|Rabsca, L50, M|\n|poke|p2|Sinistcha, L50|\n|poke|p2|Golem-Alola, L50, M|\n|poke|p2|Dondozo, L50, M|\n|poke|p2|Iron Hands, L50|\n|poke|p2|Weavile, L50, M|\n|teampreview|4\niStockphoto has agreed to open team sheets.\n|inactive|Battle timer is ON: inactive players will automatically lose when time's up. (requested by iStockphoto)\n|\n|t:|1700455963\n|start\n|switch|p1a: Heatran|Heatran, L50, M|100\/100\n|switch|p1b: Rillaboom|Rillaboom, L50, F|100\/100\n|switch|p2a: Iron Hands|Iron Hands, L50|100\/100\n|switch|p2b: Dondozo|Dondozo, L50, M|100\/100\n|-fieldstart|move: Grassy Terrain|[from] ability: Grassy Surge|[of] p1b: Rillaboom\n|turn|1\n|inactive|Aussie732 has 30 seconds left.\n|\n|t:|1700455998\n|move|p1a: Heatran|Protect|p1a: Heatran\n|-singleturn|p1a: Heatran|Protect\n|move|p1b: Rillaboom|Fake Out|p2a: Iron Hands\n|-damage|p2a: Iron Hands|92\/100\n|cant|p2a: Iron Hands|flinch\n|move|p2b: Dondozo|Wave Crash|p1a: Heatran\n|-activate|p1a: Heatran|move: Protect\n|\n|-heal|p2a: Iron Hands|98\/100|[from] Grassy Terrain\n|upkeep\n|turn|2\n|inactive|iStockphoto has 30 seconds left.\n|inactive|iStockphoto has 20 seconds left.\n|inactive|Aussie732 has 30 seconds left.\n|\n|t:|1700456033\n|move|p1b: Rillaboom|Wood Hammer|p2b: Dondozo\n|-supereffective|p2b: Dondozo\n|-damage|p2b: Dondozo|18\/100\n|-damage|p1b: Rillaboom|60\/100|[from] Recoil\n|move|p1a: Heatran|Earth Power|p2a: Iron Hands\n|-supereffective|p2a: Iron Hands\n|-damage|p2a: Iron Hands|35\/100\n|move|p2a: Iron Hands|Electric Terrain|p2a: Iron Hands\n|-fieldstart|move: Electric Terrain\n|-activate|p2a: Iron Hands|ability: Quark Drive\n|-start|p2a: Iron Hands|quarkdriveatk\n|move|p2b: Dondozo|Wave Crash|p1a: Heatran\n|-supereffective|p1a: Heatran\n|-damage|p1a: Heatran|33\/100\n|-damage|p2b: Dondozo|1\/100|[from] Recoil\n|\n|-heal|p2b: Dondozo|7\/100|[from] item: Leftovers\n|upkeep\n|turn|3\n|inactive|iStockphoto has 30 seconds left.\n|inactive|Aussie732 has 30 seconds left.\n|\n|t:|1700456066\n|move|p1a: Heatran|Protect|p1a: Heatran\n|-singleturn|p1a: Heatran|Protect\n|move|p1b: Rillaboom|U-turn|p2b: Dondozo\n|-damage|p2b: Dondozo|0 fnt\n|faint|p2b: Dondozo\n|\n|t:|1700456072\n|switch|p1b: Flutter Mane|Flutter Mane, L50|100\/100|[from] U-turn\n|move|p2a: Iron Hands|Drain Punch|p1a: Heatran\n|-activate|p1a: Heatran|move: Protect\n|\n|upkeep\n|\n|t:|1700456080\n|switch|p2b: Golem|Golem-Alola, L50, M|100\/100\n|turn|4\n|\n|t:|1700456096\n|move|p1b: Flutter Mane|Dazzling Gleam|p2a: Iron Hands|[spread] p2a,p2b\n|-supereffective|p2a: Iron Hands\n|-damage|p2a: Iron Hands|0 fnt\n|-damage|p2b: Golem|32\/100\n|faint|p2a: Iron Hands\n|-end|p2a: Iron Hands|Quark Drive|[silent]\n|move|p1a: Heatran|Earth Power|p2b: Golem\n|-supereffective|p2b: Golem\n|-damage|p2b: Golem|0 fnt\n|faint|p2b: Golem\n|\n|upkeep\n|\n|t:|1700456105\n|switch|p2b: Rabsca|Rabsca, L50, M, shiny|100\/100\n|turn|5\n|\n|t:|1700456123\n|move|p1b: Flutter Mane|Dazzling Gleam|p2b: Rabsca\n|-damage|p2b: Rabsca|44\/100\n|move|p1a: Heatran|Magma Storm|p2b: Rabsca\n|-supereffective|p2b: Rabsca\n|-damage|p2b: Rabsca|0 fnt\n|faint|p2b: Rabsca\n|\n|win|iStockphoto\n|raw|iStockphoto's rating: 1138 &rarr; <strong>1157<\/strong><br \/>(+19 for winning)\n|raw|Aussie732's rating: 1049 &rarr; <strong>1036<\/strong><br \/>(-13 for losing)\n|l|\u2606Aussie732\n|c|\u2606iStockphoto|gg!\n","uploadtime":1700456134,"views":6,"p1id":"istockphoto","p2id":"aussie732","formatid":"gen9vgc2023regulatione","rating":1036,"private":0,"password":""}