{"id":"gen9vgc2023regulatione-1997463659","p1":"eebgm","p2":"PLSWIGIS","format":"[Gen 9] VGC 2023 Regulation E","log":"|j|\u2606eebgm\n|j|\u2606PLSWIGIS\n|n|\u2606eebgm|eebgm\n|n|\u2606PLSWIGIS|plswigis\n|html|View the match progress at <a href=\"\/game-bestof3-gen9vgc2023regulatione-1997461968\">game-bestof3-gen9vgc2023regulatione-1997461968<\/a>\n|t:|1700809806\n|gametype|doubles\n|player|p1|eebgm|lady|\n|player|p2|PLSWIGIS|2|\n|teamsize|p1|6\n|teamsize|p2|6\n|gen|9\n|tier|[Gen 9] VGC 2023 Regulation E\n|rated|Tournament battle\n|rule|Species Clause: Limit one of each Pok\u00e9mon\n|rule|Item Clause: Limit one of each item\n|clearpoke\n|poke|p1|Armarouge, L50, F|\n|poke|p1|Indeedee-F, L50, F|\n|poke|p1|Sneasler, L50, F|\n|poke|p1|Landorus-Therian, L50, M|\n|poke|p1|Torkoal, L50, M|\n|poke|p1|Gallade, L50, M|\n|poke|p2|Roaring Moon, L50|\n|poke|p2|Glimmora, L50, M|\n|poke|p2|Dondozo, L50, M|\n|poke|p2|Tatsugiri, L50, M|\n|poke|p2|Arcanine-Hisui, L50, M|\n|poke|p2|Flutter Mane, L50|\n|teampreview|4\n|showteam|p1|Armarouge||WeaknessPolicy|WeakArmor|ExpandingForce,HeatWave,Endure,WideGuard|||F|||50|,,,,,Psychic]Indeedee-F||RockyHelmet|PsychicSurge|FollowMe,DazzlingGleam,TrickRoom,HelpingHand|||F|||50|,,,,,Fairy]Sneasler||PsychicSeed|Unburden|DireClaw,CloseCombat,RockSlide,SwordsDance|||F|||50|,,,,,Rock]Landorus-Therian||ChoiceScarf|Intimidate|Earthquake,Uturn,RockSlide,StompingTantrum|||M|||50|,,,,,Water]Torkoal||ChoiceSpecs|Drought|Eruption,HeatWave,Flamethrower,EarthPower|||M|||50|,,,,,Fire]Gallade||FocusSash|Sharpness|SacredSword,PsychoCut,ShadowSneak,TrickRoom|||M|||50|,,,,,Ghost\n|showteam|p2|Roaring Moon||BoosterEnergy|Protosynthesis|Protect,Tailwind,BreakingSwipe,KnockOff||||||50|,,,,,Poison]Glimmora||ChoiceSpecs|ToxicDebris|PowerGem,EnergyBall,EarthPower,SludgeBomb|||M|||50|,,,,,Grass]Dondozo||Leftovers|Unaware|OrderUp,Earthquake,Protect,WaveCrash|||M|||50|,,,,,Dragon]Tatsugiri||ChoiceScarf|Commander|DracoMeteor,MuddyWater,HydroPump,TeraBlast|||M|||50|,,,,,Steel]Arcanine-Hisui||SitrusBerry|Intimidate|ExtremeSpeed,RockSlide,WillOWisp,FlareBlitz|||M|||50|,,,,,Grass]Flutter Mane||FocusSash|Protosynthesis|Protect,Moonblast,ShadowBall,TrickRoom||||||50|,,,,,Fairy\n|inactive|Battle timer is ON: inactive players will automatically lose when time's up. (requested by eebgm)\n|c|\u2606PLSWIGIS|lets hope you dont win by pure dumb luck again\n|j| EthernetSac\n|inactive|eebgm has 60 seconds left.\n|inactive|PLSWIGIS has 60 seconds left.\n|\n|t:|1700809839\n|start\n|switch|p1a: Armarouge|Armarouge, L50, F|100\/100\n|switch|p1b: Landorus|Landorus-Therian, L50, M|100\/100\n|switch|p2a: Lumanox|Roaring Moon, L50|100\/100\n|switch|p2b: Misgrievus|Flutter Mane, L50|100\/100\n|-ability|p1b: Landorus|Intimidate|boost\n|-unboost|p2a: Lumanox|atk|1\n|-unboost|p2b: Misgrievus|atk|1\n|-enditem|p2a: Lumanox|Booster Energy\n|-activate|p2a: Lumanox|ability: Protosynthesis|[fromitem]\n|-start|p2a: Lumanox|protosynthesisspe\n|turn|1\n|inactive|eebgm has 30 seconds left.\n|\n|t:|1700809867\n|move|p1a: Armarouge|Endure|p1a: Armarouge\n|-singleturn|p1a: Armarouge|move: Endure\n|move|p2a: Lumanox|Tailwind|p2a: Lumanox\n|-sidestart|p2: PLSWIGIS|move: Tailwind\n|move|p2b: Misgrievus|Shadow Ball|p1a: Armarouge\n|-supereffective|p1a: Armarouge\n|-activate|p1a: Armarouge|move: Endure\n|-damage|p1a: Armarouge|1\/100\n|-enditem|p1a: Armarouge|Weakness Policy\n|-boost|p1a: Armarouge|atk|2|[from] item: Weakness Policy\n|-boost|p1a: Armarouge|spa|2|[from] item: Weakness Policy\n|move|p1b: Landorus|Earthquake|p2b: Misgrievus|[spread] p1a,p2a,p2b\n|-supereffective|p1a: Armarouge\n|-activate|p1a: Armarouge|move: Endure\n|-damage|p1a: Armarouge|1\/100\n|-damage|p2a: Lumanox|53\/100\n|-damage|p2b: Misgrievus|21\/100\n|-ability|p1a: Armarouge|Weak Armor|boost\n|-unboost|p1a: Armarouge|def|1\n|-boost|p1a: Armarouge|spe|2\n|\n|upkeep\n|turn|2\n|\n|t:|1700809888\n|move|p2b: Misgrievus|Protect|p2b: Misgrievus\n|-singleturn|p2b: Misgrievus|Protect\n|move|p1a: Armarouge|Wide Guard|p1a: Armarouge\n|-singleturn|p1a: Armarouge|Wide Guard\n|move|p2a: Lumanox|Breaking Swipe|p1a: Armarouge|[spread] \n|-activate|p1a: Armarouge|move: Wide Guard\n|-activate|p1b: Landorus|move: Wide Guard\n|move|p1b: Landorus|Earthquake|p2a: Lumanox|[spread] p2a\n|-activate|p1a: Armarouge|move: Wide Guard\n|-activate|p2b: Misgrievus|move: Protect\n|-damage|p2a: Lumanox|4\/100\n|\n|upkeep\n|turn|3\n|\n|t:|1700809900\n|move|p2a: Lumanox|Protect|p2a: Lumanox\n|-singleturn|p2a: Lumanox|Protect\n|move|p1a: Armarouge|Wide Guard|p1a: Armarouge\n|-singleturn|p1a: Armarouge|Wide Guard\n|move|p2b: Misgrievus|Moonblast|p1b: Landorus\n|-damage|p1b: Landorus|44\/100\n|move|p1b: Landorus|Earthquake|p2a: Lumanox|[spread] p2b\n|-activate|p1a: Armarouge|move: Wide Guard\n|-activate|p2a: Lumanox|move: Protect\n|-damage|p2b: Misgrievus|0 fnt\n|faint|p2b: Misgrievus\n|-end|p2b: Misgrievus|Protosynthesis|[silent]\n|\n|upkeep\n|\n|t:|1700809902\n|switch|p2b: Dondozo|Dondozo, L50, M|100\/100\n|turn|4\n|\n|t:|1700809916\n|-end|p2a: Lumanox|Protosynthesis|[silent]\n|switch|p2a: Tatsugiri|Tatsugiri, L50, M|100\/100\n|-activate|p2a: Tatsugiri|ability: Commander|[of] p2b: Dondozo\n|-boost|p2b: Dondozo|atk|2\n|-boost|p2b: Dondozo|spa|2\n|-boost|p2b: Dondozo|spe|2\n|-boost|p2b: Dondozo|def|2\n|-boost|p2b: Dondozo|spd|2\n|switch|p1b: Indeedee|Indeedee-F, L50, F|100\/100\n|-fieldstart|move: Psychic Terrain|[from] ability: Psychic Surge|[of] p1b: Indeedee\n|move|p2b: Dondozo|Earthquake|p1b: Indeedee|[spread] p1a,p1b\n|-miss|p2b: Dondozo|p2a: Tatsugiri\n|-supereffective|p1a: Armarouge\n|-damage|p1a: Armarouge|0 fnt\n|-damage|p1b: Indeedee|54\/100\n|faint|p1a: Armarouge\n|\n|-sideend|p2: PLSWIGIS|move: Tailwind\n|upkeep\n|\n|t:|1700809920\n|switch|p1a: Landorus|Landorus-Therian, L50, M|44\/100\n|-ability|p1a: Landorus|Intimidate|boost\n|-unboost|p2a: Tatsugiri|atk|1\n|-unboost|p2b: Dondozo|atk|1\n|turn|5\n|\n|t:|1700809936\n|switch|p1a: Sneasler|Sneasler, L50, F|100\/100\n|-enditem|p1a: Sneasler|Psychic Seed\n|-boost|p1a: Sneasler|spd|1|[from] item: Psychic Seed\n|-terastallize|p1b: Indeedee|Fairy\n|move|p1b: Indeedee|Follow Me|p1b: Indeedee\n|-singleturn|p1b: Indeedee|move: Follow Me\n|move|p2b: Dondozo|Order Up|p1b: Indeedee\n|-immune|p1b: Indeedee\n|\n|upkeep\n|turn|6\n|\n|t:|1700809944\n|switch|p1a: Landorus|Landorus-Therian, L50, M|44\/100\n|-ability|p1a: Landorus|Intimidate|boost\n|-unboost|p2a: Tatsugiri|atk|1\n|-unboost|p2b: Dondozo|atk|1\n|move|p2b: Dondozo|Earthquake|p1b: Indeedee|[spread] p1b\n|-miss|p2b: Dondozo|p2a: Tatsugiri\n|-immune|p1a: Landorus\n|-damage|p1b: Indeedee|29\/100\n|move|p1b: Indeedee|Dazzling Gleam|p2a: Tatsugiri|[spread] p2b\n|-miss|p1b: Indeedee|p2a: Tatsugiri\n|-damage|p2b: Dondozo|89\/100\n|\n|-heal|p2b: Dondozo|95\/100|[from] item: Leftovers\n|upkeep\n|turn|7\n|\n|t:|1700809950\n|switch|p1a: Sneasler|Sneasler, L50, F|100\/100\n|move|p1b: Indeedee|Follow Me|p1b: Indeedee\n|-singleturn|p1b: Indeedee|move: Follow Me\n|move|p2b: Dondozo|Wave Crash|p1b: Indeedee\n|-damage|p1b: Indeedee|0 fnt\n|-damage|p2b: Dondozo|78\/100|[from] item: Rocky Helmet|[of] p1b: Indeedee\n|faint|p1b: Indeedee\n|-damage|p2b: Dondozo|71\/100|[from] Recoil\n|\n|-heal|p2b: Dondozo|77\/100|[from] item: Leftovers\n|upkeep\n|\n|t:|1700809956\n|switch|p1b: Landorus|Landorus-Therian, L50, M|44\/100\n|-ability|p1b: Landorus|Intimidate|boost\n|-unboost|p2a: Tatsugiri|atk|1\n|-unboost|p2b: Dondozo|atk|1\n|turn|8\n|inactive|eebgm has 30 seconds left.\n|\n|t:|1700809986\n|move|p1b: Landorus|Rock Slide|p2a: Tatsugiri|[spread] p2b\n|-miss|p1b: Landorus|p2a: Tatsugiri\n|-damage|p2b: Dondozo|71\/100\n|move|p2b: Dondozo|Order Up|p1b: Landorus\n|-damage|p1b: Landorus|27\/100\n|-boost|p2b: Dondozo|atk|1\n|move|p1a: Sneasler|Dire Claw|p2b: Dondozo\n|-damage|p2b: Dondozo|55\/100\n|-status|p2b: Dondozo|par\n|\n|-heal|p2b: Dondozo|61\/100 par|[from] item: Leftovers\n|-fieldend|move: Psychic Terrain\n|upkeep\n|turn|9\n|c|\u2606PLSWIGIS|checks out\n|\n|t:|1700810004\n|move|p1b: Landorus|Rock Slide|p2a: Tatsugiri|[spread] p2b\n|-miss|p1b: Landorus|p2a: Tatsugiri\n|-crit|p2b: Dondozo\n|-damage|p2b: Dondozo|40\/100 par\n|move|p1a: Sneasler|Close Combat|p2b: Dondozo\n|-damage|p2b: Dondozo|17\/100 par\n|-unboost|p1a: Sneasler|def|1\n|-unboost|p1a: Sneasler|spd|1\n|move|p2b: Dondozo|Order Up|p1b: Landorus\n|-damage|p1b: Landorus|0 fnt\n|faint|p1b: Landorus\n|-boost|p2b: Dondozo|atk|1\n|\n|-heal|p2b: Dondozo|24\/100 par|[from] item: Leftovers\n|upkeep\n|turn|10\n|c|\u2606PLSWIGIS|yep theres the crit\n|inactive|eebgm has 30 seconds left.\n|inactive|PLSWIGIS has 30 seconds left.\n|\n|t:|1700810044\n|move|p1a: Sneasler|Rock Slide|p2a: Tatsugiri|[spread] p2b\n|-miss|p1a: Sneasler|p2a: Tatsugiri\n|-damage|p2b: Dondozo|16\/100 par\n|cant|p2b: Dondozo|flinch\n|\n|-heal|p2b: Dondozo|22\/100 par|[from] item: Leftovers\n|upkeep\n|turn|11\n|c|\u2606PLSWIGIS|yep\n|inactive|PLSWIGIS has 30 seconds left.\n|\n|t:|1700810069\n|move|p1a: Sneasler|Close Combat|p2b: Dondozo\n|-damage|p2b: Dondozo|0 fnt\n|-unboost|p1a: Sneasler|def|1\n|-unboost|p1a: Sneasler|spd|1\n|faint|p2b: Dondozo\n|\n|upkeep\n|\n|t:|1700810071\n|switch|p2b: Lumanox|Roaring Moon, L50|4\/100\n|turn|12\n|\n|t:|1700810085\n|move|p2a: Tatsugiri|Hydro Pump|p1a: Sneasler|[miss]\n|-miss|p2a: Tatsugiri|p1a: Sneasler\n|move|p2b: Lumanox|Tailwind|p2b: Lumanox\n|-sidestart|p2: PLSWIGIS|move: Tailwind\n|move|p1a: Sneasler|Rock Slide|p2b: Lumanox|[spread] p2a,p2b\n|-damage|p2a: Tatsugiri|63\/100\n|-damage|p2b: Lumanox|0 fnt\n|faint|p2b: Lumanox\n|-end|p2b: Lumanox|Protosynthesis|[silent]\n|\n|upkeep\n|turn|13\n|c|\u2606PLSWIGIS|jesus christ\n|\n|t:|1700810101\n|move|p2a: Tatsugiri|Hydro Pump|p1a: Sneasler|[miss]\n|-miss|p2a: Tatsugiri|p1a: Sneasler\n|move|p1a: Sneasler|Close Combat|p2a: Tatsugiri\n|-damage|p2a: Tatsugiri|0 fnt\n|-unboost|p1a: Sneasler|def|1\n|-unboost|p1a: Sneasler|spd|1\n|faint|p2a: Tatsugiri\n|\n|win|eebgm\n|c|\u2606PLSWIGIS|for fucks sake\n|l|\u2606eebgm\n|c|\u2606PLSWIGIS|total bs\n|l| EthernetSac\n","uploadtime":1700810173,"views":6,"p1id":"eebgm","p2id":"plswigis","formatid":"gen9vgc2023regulatione","rating":0,"private":0,"password":""}