{"id":"gen9vgc2023regulatione-1999354392","p1":"Cross12000","p2":"colostomy","format":"[Gen 9] VGC 2023 Regulation E","log":"|j|\u2606Cross12000\n|j|\u2606colostomy\n|n|\u2606Cross12000|cross12000\n|n|\u2606colostomy|colostomy\n|html|View the match progress at <a href=\"\/game-bestof3-gen9vgc2023regulatione-1999352966\">game-bestof3-gen9vgc2023regulatione-1999352966<\/a>\n|t:|1701065504\n|gametype|doubles\n|player|p1|Cross12000|roxie|\n|player|p2|colostomy|steven|\n|teamsize|p1|6\n|teamsize|p2|6\n|gen|9\n|tier|[Gen 9] VGC 2023 Regulation E\n|rule|Species Clause: Limit one of each Pok\u00e9mon\n|rule|Item Clause: Limit one of each item\n|clearpoke\n|poke|p1|Lurantis, L50, M|\n|poke|p1|Zoroark-Hisui, L50, M|\n|poke|p1|Orthworm, L50, F|\n|poke|p1|Ursaluna-Bloodmoon, L50, M|\n|poke|p1|Beartic, L50, F|\n|poke|p1|Furret, L50, F|\n|poke|p2|Flutter Mane, L50|\n|poke|p2|Oranguru, L50, M|\n|poke|p2|Basculegion, L50, M|\n|poke|p2|Kingambit, L50, M|\n|poke|p2|Gothitelle, L50, F|\n|poke|p2|Annihilape, L50, F|\n|teampreview|4\ncolostomy has agreed to open team sheets.\n|\n|t:|1701065535\n|start\n|switch|p1a: Hero|Lurantis, L50, M|100\/100\n|switch|p1b: Denouement|Ursaluna-Bloodmoon, L50, M|100\/100\n|switch|p2a: flying lionnhair|Flutter Mane, L50|100\/100\n|switch|p2b: human goth|Gothitelle, L50, F|100\/100\n|-enditem|p2a: flying lionnhair|Booster Energy\n|-activate|p2a: flying lionnhair|ability: Protosynthesis|[fromitem]\n|-start|p2a: flying lionnhair|protosynthesisspe\n|turn|1\n|\n|t:|1701065557\n|-terastallize|p2b: human goth|Steel\n|move|p2b: human goth|Fake Out|p1a: Hero\n|-damage|p1a: Hero|93\/100\n|move|p2a: flying lionnhair|Perish Song|p2a: flying lionnhair\n|-start|p1a: Hero|perish3|[silent]\n|-start|p1b: Denouement|perish3|[silent]\n|-start|p2a: flying lionnhair|perish3|[silent]\n|-start|p2b: human goth|perish3|[silent]\n|-fieldactivate|move: Perish Song\n|move|p1b: Denouement|Shadow Ball|p2a: flying lionnhair\n|-supereffective|p2a: flying lionnhair\n|-damage|p2a: flying lionnhair|0 fnt\n|faint|p2a: flying lionnhair\n|-end|p2a: flying lionnhair|Protosynthesis|[silent]\n|cant|p1a: Hero|flinch\n|\n|-start|p1b: Denouement|perish3\n|-start|p1a: Hero|perish3\n|-start|p2b: human goth|perish3\n|upkeep\n|\n|t:|1701065575\n|switch|p2a: monkey with fan|Oranguru, L50, M|100\/100\n|turn|2\n|\n|t:|1701065605\n|move|p1b: Denouement|Shadow Ball|p2b: human goth\n|-damage|p2b: human goth|56\/100\n|move|p1a: Hero|Superpower|p2b: human goth\n|-supereffective|p2b: human goth\n|-damage|p2b: human goth|0 fnt\n|-boost|p1a: Hero|atk|1\n|-boost|p1a: Hero|def|1\n|faint|p2b: human goth\n|move|p2a: monkey with fan|Foul Play|p1b: Denouement\n|-supereffective|p1b: Denouement\n|-damage|p1b: Denouement|14\/100\n|replace|p1b: Plot twist|Zoroark-Hisui, L50, M\n|-end|p1b: Plot twist|Illusion\n|\n|-start|p1b: Plot twist|perish2\n|-start|p1a: Hero|perish2\n|upkeep\n|\n|t:|1701065620\n|switch|p2b: kings gambit|Kingambit, L50, M|100\/100\n|-activate|p2b: kings gambit|ability: Supreme Overlord\n|-start|p2b: kings gambit|fallen2|[silent]\n|turn|3\n|\n|t:|1701065641\n|switch|p1a: Obstacles|Orthworm, L50, F|100\/100\n|move|p2b: kings gambit|Protect|p2b: kings gambit\n|-singleturn|p2b: kings gambit|Protect\n|move|p1b: Plot twist|Shadow Ball|p2a: monkey with fan\n|-immune|p2a: monkey with fan\n|move|p2a: monkey with fan|Trick Room|p2a: monkey with fan\n|-fieldstart|move: Trick Room|[of] p2a: monkey with fan\n|\n|-start|p1b: Plot twist|perish1\n|upkeep\n|turn|4\n|\n|t:|1701065662\n|switch|p1b: Hero|Lurantis, L50, M|93\/100\n|move|p2b: kings gambit|Kowtow Cleave|p1b: Hero\n|-damage|p1b: Hero|8\/100\n|move|p2a: monkey with fan|Instruct|p2b: kings gambit\n|-singleturn|p2b: kings gambit|move: Instruct|[of] p2a: monkey with fan\n|move|p2b: kings gambit|Kowtow Cleave|p1b: Hero\n|-damage|p1b: Hero|0 fnt\n|faint|p1b: Hero\n|move|p1a: Obstacles|Shed Tail|p1a: Obstacles\n|-start|p1a: Obstacles|Substitute|[from] move: Shed Tail\n|-damage|p1a: Obstacles|50\/100\n|\n|t:|1701065669\n|switch|p1a: Denouement|Ursaluna-Bloodmoon, L50, M|100\/100|[from] Shed Tail\n|\n|upkeep\n|\n|t:|1701065675\n|switch|p1b: Obstacles|Orthworm, L50, F|50\/100\n|turn|5\n|\n|t:|1701065692\n|move|p2b: kings gambit|Kowtow Cleave|p1a: Denouement\n|-end|p1a: Denouement|Substitute\n|move|p1a: Denouement|Earth Power|p1b: Obstacles\n|-heal|p1b: Obstacles|75\/100|[from] ability: Earth Eater|[of] p1a: Denouement\n|move|p2a: monkey with fan|Instruct|p2b: kings gambit\n|-singleturn|p2b: kings gambit|move: Instruct|[of] p2a: monkey with fan\n|move|p2b: kings gambit|Kowtow Cleave|p1a: Denouement\n|-damage|p1a: Denouement|48\/100\n|-enditem|p1a: Denouement|Sitrus Berry|[eat]\n|-heal|p1a: Denouement|73\/100|[from] item: Sitrus Berry\n|move|p1b: Obstacles|Substitute|p1b: Obstacles\n|-start|p1b: Obstacles|Substitute\n|-damage|p1b: Obstacles|50\/100\n|\n|-heal|p1b: Obstacles|57\/100|[from] item: Leftovers\n|upkeep\n|turn|6\n|\n|t:|1701065720\n|switch|p1a: Denouement|Ursaluna-Bloodmoon, L50, M|14\/100\n|move|p2b: kings gambit|Kowtow Cleave|p1b: Obstacles\n|-end|p1b: Obstacles|Substitute\n|move|p2a: monkey with fan|Yawn|p1a: Denouement\n|-start|p1a: Denouement|move: Yawn|[of] p2a: monkey with fan\n|move|p1b: Obstacles|Earthquake|p2a: monkey with fan|[spread] p1a,p2a,p2b\n|-supereffective|p2b: kings gambit\n|-damage|p1a: Denouement|0 fnt\n|-damage|p2a: monkey with fan|88\/100\n|-damage|p2b: kings gambit|77\/100\n|replace|p1a: Plot twist|Zoroark-Hisui, L50, M\n|-end|p1a: Plot twist|Illusion\n|faint|p1a: Plot twist\n|\n|-heal|p1b: Obstacles|63\/100|[from] item: Leftovers\n|upkeep\n|\n|t:|1701065732\n|switch|p1a: Denouement|Ursaluna-Bloodmoon, L50, M|73\/100\n|turn|7\n|\n|t:|1701065744\n|move|p2b: kings gambit|Kowtow Cleave|p1a: Denouement\n|-damage|p1a: Denouement|21\/100\n|move|p1a: Denouement|Blood Moon|p2b: kings gambit\n|-resisted|p2b: kings gambit\n|-damage|p2b: kings gambit|39\/100\n|move|p2a: monkey with fan|Instruct|p2b: kings gambit\n|-singleturn|p2b: kings gambit|move: Instruct|[of] p2a: monkey with fan\n|move|p2b: kings gambit|Kowtow Cleave|p1a: Denouement\n|-damage|p1a: Denouement|0 fnt\n|faint|p1a: Denouement\n|move|p1b: Obstacles|Earthquake|p2a: monkey with fan|[spread] p2a,p2b\n|-supereffective|p2b: kings gambit\n|-damage|p2a: monkey with fan|75\/100\n|-damage|p2b: kings gambit|15\/100\n|\n|-heal|p1b: Obstacles|69\/100|[from] item: Leftovers\n|-fieldend|move: Trick Room\n|upkeep\n|turn|8\n|\n|t:|1701065765\n|move|p2b: kings gambit|Protect|p2b: kings gambit\n|-singleturn|p2b: kings gambit|Protect\n|move|p1b: Obstacles|Earthquake|p2a: monkey with fan|[spread] p2a\n|-activate|p2b: kings gambit|move: Protect\n|-damage|p2a: monkey with fan|64\/100\n|move|p2a: monkey with fan|Trick Room|p2a: monkey with fan\n|-fieldstart|move: Trick Room|[of] p2a: monkey with fan\n|\n|-heal|p1b: Obstacles|75\/100|[from] item: Leftovers\n|upkeep\n|turn|9\n|\n|t:|1701065777\n|move|p2b: kings gambit|Kowtow Cleave|p1b: Obstacles\n|-crit|p1b: Obstacles\n|-damage|p1b: Obstacles|16\/100\n|move|p2a: monkey with fan|Instruct|p2b: kings gambit\n|-singleturn|p2b: kings gambit|move: Instruct|[of] p2a: monkey with fan\n|move|p2b: kings gambit|Kowtow Cleave|p1b: Obstacles\n|-damage|p1b: Obstacles|0 fnt\n|faint|p1b: Obstacles\n|\n|win|colostomy\n|l|\u2606colostomy\n|j|\u2606colostomy\n|player|p2|colostomy|steven\n","uploadtime":1701065999,"views":6,"p1id":"cross12000","p2id":"colostomy","formatid":"gen9vgc2023regulatione","rating":0,"private":0,"password":""}