{"id":"gen9vgc2023regulatione-1989635906","p1":"Zaypher","p2":"Charazardx","format":"[Gen 9] VGC 2023 Regulation E","log":"|j|\u2606Zaypher\n|j|\u2606Charazardx\n|t:|1699881620\n|gametype|doubles\n|player|p1|Zaypher|waiter-gen4|\n|player|p2|Charazardx|red|\n|teamsize|p1|6\n|teamsize|p2|6\n|gen|9\n|tier|[Gen 9] VGC 2023 Regulation E\n|rule|Species Clause: Limit one of each Pok\u00e9mon\n|rule|Item Clause: Limit one of each item\n|clearpoke\n|poke|p1|Ducklett, L50, F|\n|poke|p1|Talonflame, L50, F|\n|poke|p1|Maushold-Four, L50|\n|poke|p1|Ursaluna-Bloodmoon, L50, M|\n|poke|p1|Urshifu-*, L50, M|\n|poke|p1|Decidueye, L50, M|\n|poke|p2|Scream Tail, L50|\n|poke|p2|Gothitelle, L50, M|\n|poke|p2|Sinistcha, L50|\n|poke|p2|Politoed, L50, M|\n|poke|p2|Grafaiai, L50, M|\n|poke|p2|Slaking, L50, M|\n|teampreview|4\n|inactive|Battle timer is ON: inactive players will automatically lose when time's up. (requested by Charazardx)\n|j| JabsGR\n|\n|t:|1699881645\n|start\n|switch|p1a: Never Really Over|Urshifu, L50, M|100\/100\n|switch|p1b: Tucked|Talonflame, L50, F, shiny|100\/100\n|switch|p2a: Scream Tail|Scream Tail, L50, shiny|100\/100\n|switch|p2b: Sinistcha|Sinistcha, L50|100\/100\n|-enditem|p2a: Scream Tail|Booster Energy\n|-activate|p2a: Scream Tail|ability: Protosynthesis|[fromitem]\n|-start|p2a: Scream Tail|protosynthesisspd\n|turn|1\n|c| JabsGR|I just noticed the Ducklett.... -_-\n|c|\u2606Zaypher|quack\n|\n|t:|1699881669\n|-terastallize|p1a: Never Really Over|Ghost\n|move|p2b: Sinistcha|Rage Powder|p2b: Sinistcha\n|-singleturn|p2b: Sinistcha|move: Rage Powder\n|move|p1b: Tucked|Tailwind|p1b: Tucked\n|-sidestart|p1: Zaypher|move: Tailwind\n|move|p1a: Never Really Over|Wicked Blow|p2b: Sinistcha\n|-supereffective|p2b: Sinistcha\n|-crit|p2b: Sinistcha\n|-damage|p2b: Sinistcha|7\/100\n|-enditem|p2b: Sinistcha|Iapapa Berry|[eat]\n|-heal|p2b: Sinistcha|40\/100|[from] item: Iapapa Berry\n|move|p2a: Scream Tail|Play Rough|p1a: Never Really Over\n|-damage|p1a: Never Really Over|75\/100\n|\n|upkeep\n|turn|2\n|\n|t:|1699881690\n|switch|p2b: Gothitelle|Gothitelle, L50, M, shiny|100\/100\n|-terastallize|p2a: Scream Tail|Steel\n|move|p1b: Tucked|Brave Bird|p2b: Gothitelle\n|-damage|p2b: Gothitelle|54\/100\n|-damage|p1b: Tucked|86\/100|[from] Recoil\n|move|p1a: Never Really Over|Tera Blast|p2a: Scream Tail|[anim] Tera Blast Ghost\n|-damage|p2a: Scream Tail|66\/100\n|move|p2a: Scream Tail|Perish Song|p2a: Scream Tail\n|-start|p1a: Never Really Over|perish3|[silent]\n|-start|p1b: Tucked|perish3|[silent]\n|-start|p2a: Scream Tail|perish3|[silent]\n|-start|p2b: Gothitelle|perish3|[silent]\n|-fieldactivate|move: Perish Song\n|\n|-start|p1b: Tucked|perish3\n|-start|p1a: Never Really Over|perish3\n|-start|p2a: Scream Tail|perish3\n|-start|p2b: Gothitelle|perish3\n|upkeep\n|turn|3\n|inactive|Charazardx has 30 seconds left.\n|\n|t:|1699881717\n|switch|p2b: Sinistcha|Sinistcha, L50|40\/100\n|-heal|p2a: Scream Tail|91\/100|[from] ability: Hospitality|[of] p2b: Sinistcha\n|move|p1b: Tucked|U-turn|p2a: Scream Tail\n|-resisted|p2a: Scream Tail\n|-damage|p2a: Scream Tail|85\/100\n|\n|t:|1699881724\n|switch|p1b: Daisies|Decidueye, L50, M, shiny|100\/100|[from] U-turn\n|move|p1a: Never Really Over|Close Combat|p2a: Scream Tail\n|-supereffective|p2a: Scream Tail\n|-damage|p2a: Scream Tail|0 fnt\n|-unboost|p1a: Never Really Over|def|1\n|-unboost|p1a: Never Really Over|spd|1\n|faint|p2a: Scream Tail\n|-end|p2a: Scream Tail|Protosynthesis|[silent]\n|\n|-start|p1a: Never Really Over|perish2\n|upkeep\n|\n|t:|1699881731\n|switch|p2a: Gothitelle|Gothitelle, L50, M, shiny|54\/100\n|turn|4\n|\n|t:|1699881741\n|switch|p1a: Only Love|Maushold-Four, L50|100\/100\n|move|p1b: Daisies|Spirit Shackle|p2b: Sinistcha\n|-supereffective|p2b: Sinistcha\n|-damage|p2b: Sinistcha|0 fnt\n|faint|p2b: Sinistcha\n|-damage|p1b: Daisies|91\/100|[from] item: Life Orb\n|move|p2a: Gothitelle|Heal Pulse|p2: Sinistcha|[notarget]\n|-fail|p2a: Gothitelle\n|\n|-sideend|p1: Zaypher|move: Tailwind\n|upkeep\n|c|\u2606Charazardx|gg\n|\n|t:|1699881756\n|switch|p2b: Grafaiai|Grafaiai, L50, M, shiny|100\/100\n|turn|5\n|\n|t:|1699881768\n|move|p1a: Only Love|Population Bomb|p2a: Gothitelle\n|-damage|p2a: Gothitelle|41\/100\n|-crit|p2a: Gothitelle\n|-damage|p2a: Gothitelle|21\/100\n|-enditem|p2a: Gothitelle|Aguav Berry|[eat]\n|-heal|p2a: Gothitelle|55\/100|[from] item: Aguav Berry\n|-damage|p2a: Gothitelle|43\/100\n|-damage|p2a: Gothitelle|31\/100\n|-damage|p2a: Gothitelle|20\/100\n|-damage|p2a: Gothitelle|9\/100\n|-damage|p2a: Gothitelle|0 fnt\n|faint|p2a: Gothitelle\n|-hitcount|p2: Gothitelle|7\n|move|p2b: Grafaiai|Foul Play|p1b: Daisies\n|-supereffective|p1b: Daisies\n|-damage|p1b: Daisies|7\/100\n|move|p1b: Daisies|Swords Dance|p1b: Daisies\n|-boost|p1b: Daisies|atk|2\n|\n|upkeep\n|turn|6\n|c|\u2606Zaypher|theres still a chance maybe\n|inactive|Charazardx has 30 seconds left.\n|c|\u2606Zaypher|ok i think thats gg\n|inactive|Charazardx has 20 seconds left.\n|c|\u2606Charazardx|nah my only move is foul play and it cant take out 4 mons cause it doesnt have much hp or speed\n|inactive|Charazardx has 15 seconds left.\n|inactive|Charazardx has 10 seconds left.\n|\n|t:|1699881817\n|move|p1a: Only Love|Population Bomb|p2b: Grafaiai\n|-damage|p2b: Grafaiai|81\/100\n|-damage|p2b: Grafaiai|62\/100\n|-damage|p2b: Grafaiai|45\/100\n|-damage|p2b: Grafaiai|27\/100\n|-damage|p2b: Grafaiai|8\/100\n|-damage|p2b: Grafaiai|0 fnt\n|faint|p2b: Grafaiai\n|-hitcount|p2: Grafaiai|6\n|\n|win|Zaypher\n|c|\u2606Zaypher|ggs ty for the game :)\n|c|\u2606Charazardx|ggs\n|c| JabsGR|gg guys\n|l| JabsGR\n|l|\u2606Charazardx\n|c|\u2606Zaypher|ill go report the matches\n","uploadtime":1699881830,"views":55,"p1id":"zaypher","p2id":"charazardx","formatid":"gen9vgc2023regulatione","rating":0,"private":0,"password":""}