{"id":"gen9vgc2023regulatione-1990758897","p1":"BlindMagneton","p2":"RNG can't stop me","format":"[Gen 9] VGC 2023 Regulation E","log":"|j|\u2606BlindMagneton\n|j|\u2606RNG can't stop me\n|t:|1699998122\n|gametype|doubles\n|player|p1|BlindMagneton|wattson|1366\n|player|p2|RNG can't stop me|n|1468\n|teamsize|p1|6\n|teamsize|p2|6\n|gen|9\n|tier|[Gen 9] VGC 2023 Regulation E\n|rated|\n|rule|Species Clause: Limit one of each Pok\u00e9mon\n|rule|Item Clause: Limit one of each item\n|clearpoke\n|poke|p1|Kingambit, L50, F|\n|poke|p1|Magnezone, L50|\n|poke|p1|Gothitelle, L50, F|\n|poke|p1|Pelipper, L50, M|\n|poke|p1|Iron Bundle, L50|\n|poke|p1|Wo-Chien, L50|\n|poke|p2|Tornadus, L50, M|\n|poke|p2|Urshifu-*, L50, M|\n|poke|p2|Ogerpon-Wellspring, L50, F|\n|poke|p2|Farigiraf, L50, F|\n|poke|p2|Heatran, L50, M|\n|poke|p2|Landorus, L50, M|\n|teampreview|4\n|inactive|Battle timer is ON: inactive players will automatically lose when time's up. (requested by RNG can't stop me)\nRNG can't stop me has agreed to open team sheets.\n|c|\u2606RNG can't stop me|gl hf\n|inactive|BlindMagneton has 60 seconds left.\n|inactive|BlindMagneton has 30 seconds left.\n|inactive|BlindMagneton has 20 seconds left.\n|inactive|BlindMagneton has 15 seconds left.\n|inactive|BlindMagneton has 10 seconds left.\n|inactive|BlindMagneton has 5 seconds left.\n|\n|t:|1699998212\n|start\n|switch|p1a: Magnezone|Magnezone, L50|100\/100\n|switch|p1b: Wo-Chien|Wo-Chien, L50|100\/100\n|switch|p2a: Ramirez|Tornadus, L50, M|100\/100\n|switch|p2b: Jackie chan|Urshifu-Rapid-Strike, L50, M|100\/100\n|-ability|p1b: Wo-Chien|Tablets of Ruin\n|turn|1\n|inactive|BlindMagneton has 30 seconds left.\n|inactive|BlindMagneton has 20 seconds left.\n|\n|t:|1699998252\n|switch|p2a: MMMMM 4(Beep)|Heatran, L50, M|100\/100\n|switch|p1a: Gothitelle|Gothitelle, L50, F|100\/100\n|move|p2b: Jackie chan|Detect|p2b: Jackie chan\n|-singleturn|p2b: Jackie chan|Protect\n|move|p1b: Wo-Chien|Leech Seed|p2a: MMMMM 4(Beep)\n|-start|p2a: MMMMM 4(Beep)|move: Leech Seed\n|\n|-damage|p2a: MMMMM 4(Beep)|88\/100|[from] Leech Seed|[of] p1b: Wo-Chien\n|upkeep\n|turn|2\n|inactive|BlindMagneton has 30 seconds left.\n|inactive|RNG can't stop me has 30 seconds left.\n|inactive|BlindMagneton has 20 seconds left.\n|inactive|BlindMagneton has 15 seconds left.\n|\n|t:|1699998294\n|-terastallize|p2b: Jackie chan|Poison\n|-terastallize|p1b: Wo-Chien|Poison\n|move|p1a: Gothitelle|Fake Out|p2a: MMMMM 4(Beep)\n|-resisted|p2a: MMMMM 4(Beep)\n|-damage|p2a: MMMMM 4(Beep)|87\/100\n|move|p2b: Jackie chan|Surging Strikes|p1a: Gothitelle\n|-crit|p1a: Gothitelle\n|-damage|p1a: Gothitelle|87\/100\n|-crit|p1a: Gothitelle\n|-damage|p1a: Gothitelle|73\/100\n|-crit|p1a: Gothitelle\n|-damage|p1a: Gothitelle|60\/100\n|-hitcount|p1a: Gothitelle|3\n|cant|p2a: MMMMM 4(Beep)|flinch\n|move|p1b: Wo-Chien|Leech Seed|p2b: Jackie chan\n|-start|p2b: Jackie chan|move: Leech Seed\n|\n|-damage|p2b: Jackie chan|88\/100|[from] Leech Seed|[of] p1b: Wo-Chien\n|-damage|p2a: MMMMM 4(Beep)|74\/100|[from] Leech Seed|[of] p1b: Wo-Chien\n|upkeep\n|turn|3\n|inactive|BlindMagneton has 30 seconds left.\n|inactive|RNG can't stop me has 30 seconds left.\n|inactive|RNG can't stop me has 20 seconds left.\n|inactive|RNG can't stop me has 15 seconds left.\n|inactive|RNG can't stop me has 10 seconds left.\n|inactive|RNG can't stop me has 5 seconds left.\n|\n|t:|1699998344\n|move|p2b: Jackie chan|Surging Strikes|p1b: Wo-Chien\n|-crit|p1b: Wo-Chien\n|-damage|p1b: Wo-Chien|88\/100\n|-crit|p1b: Wo-Chien\n|-damage|p1b: Wo-Chien|75\/100\n|-crit|p1b: Wo-Chien\n|-damage|p1b: Wo-Chien|61\/100\n|-hitcount|p1b: Wo-Chien|3\n|move|p2a: MMMMM 4(Beep)|Earth Power|p1b: Wo-Chien\n|-supereffective|p1b: Wo-Chien\n|-damage|p1b: Wo-Chien|21\/100\n|move|p1b: Wo-Chien|Reflect|p1b: Wo-Chien\n|-sidestart|p1: BlindMagneton|Reflect\n|move|p1a: Gothitelle|Trick Room|p1a: Gothitelle\n|-fieldstart|move: Trick Room|[of] p1a: Gothitelle\n|\n|-damage|p2a: MMMMM 4(Beep)|62\/100|[from] Leech Seed|[of] p1b: Wo-Chien\n|-heal|p1b: Wo-Chien|37\/100|[silent]\n|-damage|p2b: Jackie chan|76\/100|[from] Leech Seed|[of] p1b: Wo-Chien\n|-heal|p1b: Wo-Chien|52\/100|[silent]\n|upkeep\n|turn|4\n|\n|t:|1699998368\n|move|p1a: Gothitelle|Light Screen|p1a: Gothitelle\n|-sidestart|p1: BlindMagneton|move: Light Screen\n|move|p1b: Wo-Chien|Foul Play|p2b: Jackie chan\n|-damage|p2b: Jackie chan|21\/100\n|move|p2a: MMMMM 4(Beep)|Heat Wave|p1a: Gothitelle|[spread] p1a,p1b\n|-damage|p1a: Gothitelle|41\/100\n|-damage|p1b: Wo-Chien|36\/100\n|-enditem|p1a: Gothitelle|Sitrus Berry|[eat]\n|-heal|p1a: Gothitelle|66\/100|[from] item: Sitrus Berry\n|move|p2b: Jackie chan|Surging Strikes|p1b: Wo-Chien\n|-crit|p1b: Wo-Chien\n|-damage|p1b: Wo-Chien|23\/100\n|-crit|p1b: Wo-Chien\n|-damage|p1b: Wo-Chien|11\/100\n|-crit|p1b: Wo-Chien\n|-damage|p1b: Wo-Chien|0 fnt\n|faint|p1b: Wo-Chien\n|-hitcount|p1: Wo-Chien|3\n|\n|upkeep\n|\n|t:|1699998391\n|switch|p1b: Magnezone|Magnezone, L50|100\/100\n|turn|5\n|inactive|RNG can't stop me has 30 seconds left.\n|\n|t:|1699998416\n|move|p1b: Magnezone|Body Press|p2a: MMMMM 4(Beep)\n|-supereffective|p2a: MMMMM 4(Beep)\n|-damage|p2a: MMMMM 4(Beep)|21\/100\n|move|p1a: Gothitelle|Psychic|p2b: Jackie chan\n|-supereffective|p2b: Jackie chan\n|-damage|p2b: Jackie chan|0 fnt\n|faint|p2b: Jackie chan\n|move|p2a: MMMMM 4(Beep)|Earth Power|p1b: Magnezone\n|-supereffective|p1b: Magnezone\n|-damage|p1b: Magnezone|21\/100\n|\n|-heal|p1b: Magnezone|27\/100|[from] item: Leftovers\n|-damage|p2a: MMMMM 4(Beep)|9\/100|[from] Leech Seed|[of] p1b: Magnezone\n|-heal|p1b: Magnezone|41\/100|[silent]\n|upkeep\n|\n|t:|1699998433\n|switch|p2b: Ramirez|Tornadus, L50, M|100\/100\n|turn|6\n|inactive|BlindMagneton has 30 seconds left.\n|\n|t:|1699998463\n|move|p1b: Magnezone|Protect|p1b: Magnezone\n|-singleturn|p1b: Magnezone|Protect\n|move|p1a: Gothitelle|Psychic|p2b: Ramirez\n|-damage|p2b: Ramirez|70\/100\n|move|p2a: MMMMM 4(Beep)|Heat Wave|p1a: Gothitelle|[spread] p1a\n|-activate|p1b: Magnezone|move: Protect\n|-damage|p1a: Gothitelle|47\/100\n|move|p2b: Ramirez|Bleakwind Storm|p1a: Gothitelle|[spread] p1a\n|-activate|p1b: Magnezone|move: Protect\n|-damage|p1a: Gothitelle|29\/100\n|\n|-heal|p1b: Magnezone|47\/100|[from] item: Leftovers\n|-damage|p2a: MMMMM 4(Beep)|0 fnt|[from] Leech Seed|[of] p1b: Magnezone\n|-heal|p1b: Magnezone|56\/100|[silent]\n|faint|p2a: MMMMM 4(Beep)\n|upkeep\n|\n|t:|1699998471\n|switch|p2a: palindrome|Farigiraf, L50, F|100\/100\n|turn|7\n|c|\u2606RNG can't stop me|gg\n|-message|RNG can't stop me forfeited.\n|\n|win|BlindMagneton\n|raw|BlindMagneton's rating: 1366 &rarr; <strong>1392<\/strong><br \/>(+26 for winning)\n|raw|RNG can&apos;t stop me's rating: 1468 &rarr; <strong>1442<\/strong><br \/>(-26 for losing)\n|l|\u2606RNG can't stop me\n","uploadtime":1699998488,"views":9,"p1id":"blindmagneton","p2id":"rngcantstopme","formatid":"gen9vgc2023regulatione","rating":1392,"private":0,"password":""}