{"id":"gen9vgc2023regulatione-1999769385","p1":"Conchoboar4","p2":"Pipo44","format":"[Gen 9] VGC 2023 Regulation E","log":"|j|\u2606Conchoboar4\n|j|\u2606Pipo44\n|t:|1701115034\n|gametype|doubles\n|player|p1|Conchoboar4|169|1426\n|player|p2|Pipo44|swimmer|1373\n|teamsize|p1|6\n|teamsize|p2|6\n|gen|9\n|tier|[Gen 9] VGC 2023 Regulation E\n|rated|\n|rule|Species Clause: Limit one of each Pok\u00e9mon\n|rule|Item Clause: Limit one of each item\n|clearpoke\n|poke|p1|Mamoswine, L50, M|\n|poke|p1|Iron Hands, L50|\n|poke|p1|Grimmsnarl, L50, M|\n|poke|p1|Heatran, L50, F|\n|poke|p1|Sinistcha, L50|\n|poke|p1|Urshifu-*, L50, F|\n|poke|p2|Scizor, L50, M|\n|poke|p2|Ogerpon-Hearthflame, L50, F|\n|poke|p2|Landorus-Therian, L50, M|\n|poke|p2|Sinistcha, L50|\n|poke|p2|Iron Hands, L50|\n|poke|p2|Empoleon, L50, M|\n|teampreview|4\n|inactive|Battle timer is ON: inactive players will automatically lose when time's up. (requested by Conchoboar4)\n|\n|t:|1701115071\n|start\n|switch|p1a: Mamoswine|Mamoswine, L50, M|100\/100\n|switch|p1b: Grimmsnarl|Grimmsnarl, L50, M|100\/100\n|switch|p2a: Ogerpon|Ogerpon-Hearthflame, L50, F|100\/100\n|switch|p2b: Landorus|Landorus-Therian, L50, M|100\/100\n|-ability|p2a: Ogerpon|Mold Breaker\n|-ability|p2b: Landorus|Intimidate|boost\n|-fail|p1a: Mamoswine|unboost|Attack|[from] ability: Oblivious|[of] p1a: Mamoswine\n|-unboost|p1b: Grimmsnarl|atk|1\n|turn|1\n|inactive|Pipo44 has 30 seconds left.\n|inactive|Pipo44 has 20 seconds left.\n|\n|t:|1701115110\n|-terastallize|p1a: Mamoswine|Dragon\n|move|p1a: Mamoswine|Ice Shard|p2b: Landorus\n|-supereffective|p2b: Landorus\n|-damage|p2b: Landorus|0 fnt\n|faint|p2b: Landorus\n|move|p1b: Grimmsnarl|Parting Shot|p2a: Ogerpon\n|-unboost|p2a: Ogerpon|atk|1\n|-unboost|p2a: Ogerpon|spa|1\n|\n|t:|1701115118\n|switch|p1b: Heatran|Heatran, L50, F|100\/100|[from] Parting Shot\n|move|p2a: Ogerpon|Ivy Cudgel|p1a: Mamoswine|[anim] Ivy Cudgel Fire\n|-resisted|p1a: Mamoswine\n|-damage|p1a: Mamoswine|81\/100\n|\n|upkeep\n|\n|t:|1701115126\n|switch|p2b: Iron Hands|Iron Hands, L50|100\/100\n|turn|2\n|inactive|Pipo44 has 30 seconds left.\n|\n|t:|1701115160\n|move|p2b: Iron Hands|Fake Out|p1b: Heatran\n|-resisted|p1b: Heatran\n|-damage|p1b: Heatran|94\/100\n|move|p2a: Ogerpon|Ivy Cudgel|p1b: Heatran|[anim] Ivy Cudgel Fire\n|-start|p1b: Heatran|ability: Flash Fire\n|move|p1a: Mamoswine|High Horsepower|p2b: Iron Hands\n|-supereffective|p2b: Iron Hands\n|-damage|p2b: Iron Hands|19\/100\n|-enditem|p2b: Iron Hands|Wiki Berry|[eat]\n|-heal|p2b: Iron Hands|52\/100|[from] item: Wiki Berry\n|-start|p2b: Iron Hands|confusion\n|cant|p1b: Heatran|flinch\n|\n|upkeep\n|turn|3\n|\n|t:|1701115180\n|-terastallize|p2a: Ogerpon|Fire\n|detailschange|p2a: Ogerpon|Ogerpon-Hearthflame-Tera, L50, F, tera:Fire\n|-ability|p2a: Ogerpon|Embody Aspect (Hearthflame)|boost\n|-boost|p2a: Ogerpon|atk|1\n|move|p2a: Ogerpon|Ivy Cudgel|p1a: Mamoswine|[anim] Ivy Cudgel Fire\n|-resisted|p1a: Mamoswine\n|-damage|p1a: Mamoswine|37\/100\n|move|p1a: Mamoswine|High Horsepower|p2b: Iron Hands\n|-supereffective|p2b: Iron Hands\n|-damage|p2b: Iron Hands|0 fnt\n|faint|p2b: Iron Hands\n|-end|p2b: Iron Hands|Quark Drive|[silent]\n|move|p1b: Heatran|Heat Wave|p2a: Ogerpon\n|-resisted|p2a: Ogerpon\n|-damage|p2a: Ogerpon|55\/100\n|\n|upkeep\n|\n|t:|1701115193\n|switch|p2b: Sinistcha|Sinistcha, L50|100\/100\n|-heal|p2a: Ogerpon|79\/100|[from] ability: Hospitality|[of] p2b: Sinistcha\n|turn|4\n|\n|t:|1701115206\n|move|p1a: Mamoswine|Ice Shard|p2b: Sinistcha\n|-supereffective|p2b: Sinistcha\n|-damage|p2b: Sinistcha|49\/100\n|move|p2a: Ogerpon|Ivy Cudgel|p1a: Mamoswine|[anim] Ivy Cudgel Fire\n|-resisted|p1a: Mamoswine\n|-damage|p1a: Mamoswine|0 fnt\n|faint|p1a: Mamoswine\n|move|p1b: Heatran|Heat Wave|p2a: Ogerpon|[spread] p2a,p2b\n|-resisted|p2a: Ogerpon\n|-supereffective|p2b: Sinistcha\n|-damage|p2a: Ogerpon|40\/100\n|-damage|p2b: Sinistcha|0 fnt\n|faint|p2b: Sinistcha\n|\n|upkeep\n|\n|t:|1701115210\n|switch|p1a: Urshifu|Urshifu-Rapid-Strike, L50, F|100\/100\n|turn|5\n|inactive|Pipo44 has 30 seconds left.\n|c|\u2606Pipo44|gg\n|inactive|Pipo44 has 20 seconds left.\n|-message|Pipo44 forfeited.\n|\n|win|Conchoboar4\n|raw|Conchoboar4's rating: 1426 &rarr; <strong>1443<\/strong><br \/>(+17 for winning)\n|raw|Pipo44's rating: 1373 &rarr; <strong>1356<\/strong><br \/>(-17 for losing)\n|l|\u2606Pipo44\n","uploadtime":1701115253,"views":5,"p1id":"conchoboar4","p2id":"pipo44","formatid":"gen9vgc2023regulatione","rating":1356,"private":0,"password":""}