{"id":"gen9vgc2023regulatione-1995705377","p1":"TyL8","p2":"Kv0th3","format":"[Gen 9] VGC 2023 Regulation E","log":"|j|\u2606TyL8\n|j|\u2606Kv0th3\n|t:|1700595567\n|gametype|doubles\n|player|p1|TyL8|dawn|1481\n|player|p2|Kv0th3|giovanni|1528\n|teamsize|p1|6\n|teamsize|p2|6\n|gen|9\n|tier|[Gen 9] VGC 2023 Regulation E\n|rated|\n|rule|Species Clause: Limit one of each Pok\u00e9mon\n|rule|Item Clause: Limit one of each item\n|clearpoke\n|poke|p1|Ninetales-Alola, L50, F|\n|poke|p1|Glastrier, L50|\n|poke|p1|Farigiraf, L50, M|\n|poke|p1|Rillaboom, L50, M|\n|poke|p1|Ting-Lu, L50|\n|poke|p1|Arcanine-Hisui, L50, M|\n|poke|p2|Iron Hands, L50|\n|poke|p2|Ursaluna-Bloodmoon, L50, M|\n|poke|p2|Ogerpon-Hearthflame, L50, F|\n|poke|p2|Tornadus, L50, M|\n|poke|p2|Urshifu-*, L50, F|\n|poke|p2|Amoonguss, L50, F|\n|teampreview|4\n|inactive|Battle timer is ON: inactive players will automatically lose when time's up. (requested by TyL8)\n|inactive|TyL8 has 60 seconds left.\n|inactive|Kv0th3 has 60 seconds left.\n|\n|t:|1700595618\n|start\n|switch|p1a: Ninetales|Ninetales-Alola, L50, F, shiny|100\/100\n|switch|p1b: Glastrier|Glastrier, L50|100\/100\n|switch|p2a: Tornadus|Tornadus, L50, M|100\/100\n|switch|p2b: Amoonguss|Amoonguss, L50, F|100\/100\n|-weather|Snow|[from] ability: Snow Warning|[of] p1a: Ninetales\n|turn|1\n|\n|t:|1700595641\n|-terastallize|p2b: Amoonguss|Water\n|move|p1b: Glastrier|Protect|p1b: Glastrier\n|-singleturn|p1b: Glastrier|Protect\n|move|p2a: Tornadus|Sunny Day|p2a: Tornadus\n|-weather|SunnyDay\n|move|p1a: Ninetales|Blizzard|p2a: Tornadus|[spread] p2a,p2b\n|-supereffective|p2a: Tornadus\n|-resisted|p2b: Amoonguss\n|-damage|p2a: Tornadus|39\/100\n|-damage|p2b: Amoonguss|89\/100\n|move|p2b: Amoonguss|Spore|p1b: Glastrier\n|-activate|p1b: Glastrier|move: Protect\n|\n|-weather|SunnyDay|[upkeep]\n|-heal|p2b: Amoonguss|95\/100|[from] item: Leftovers\n|upkeep\n|turn|2\n|inactive|TyL8 has 30 seconds left.\n|\n|t:|1700595668\n|switch|p1b: Rillaboom|Rillaboom, L50, M, shiny|100\/100\n|-fieldstart|move: Grassy Terrain|[from] ability: Grassy Surge|[of] p1b: Rillaboom\n|move|p2a: Tornadus|Taunt|p1b: Rillaboom\n|-start|p1b: Rillaboom|move: Taunt\n|move|p1a: Ninetales|Blizzard|p2b: Amoonguss|[spread] p2a,p2b\n|-supereffective|p2a: Tornadus\n|-resisted|p2b: Amoonguss\n|-damage|p2a: Tornadus|0 fnt\n|-damage|p2b: Amoonguss|84\/100\n|faint|p2a: Tornadus\n|move|p2b: Amoonguss|Spore|p1a: Ninetales\n|-status|p1a: Ninetales|slp|[from] move: Spore\n|\n|-weather|SunnyDay|[upkeep]\n|-heal|p2b: Amoonguss|90\/100|[from] Grassy Terrain\n|-heal|p2b: Amoonguss|96\/100|[from] item: Leftovers\n|upkeep\n|\n|t:|1700595682\n|switch|p2a: Urshifu|Urshifu, L50, F|100\/100\n|turn|3\n|\n|t:|1700595700\n|move|p1b: Rillaboom|Fake Out|p2a: Urshifu\n|-damage|p2a: Urshifu|88\/100\n|cant|p2a: Urshifu|flinch\n|cant|p1a: Ninetales|slp\n|move|p2b: Amoonguss|Clear Smog|p1a: Ninetales\n|-supereffective|p1a: Ninetales\n|-damage|p1a: Ninetales|74\/100 slp\n|-clearboost|p1a: Ninetales\n|\n|-weather|SunnyDay|[upkeep]\n|-heal|p2a: Urshifu|94\/100|[from] Grassy Terrain\n|-heal|p1a: Ninetales|80\/100 slp|[from] Grassy Terrain\n|-heal|p2b: Amoonguss|100\/100|[from] Grassy Terrain\n|upkeep\n|turn|4\n|inactive|TyL8 has 30 seconds left.\n|\n|t:|1700595727\n|move|p2a: Urshifu|Wicked Blow|p1b: Rillaboom\n|-crit|p1b: Rillaboom\n|-damage|p1b: Rillaboom|34\/100\n|cant|p1a: Ninetales|slp\n|move|p1b: Rillaboom|Wood Hammer|p2b: Amoonguss\n|-supereffective|p2b: Amoonguss\n|-damage|p2b: Amoonguss|0 fnt\n|faint|p2b: Amoonguss\n|-damage|p1b: Rillaboom|0 fnt|[from] Recoil\n|faint|p1b: Rillaboom\n|\n|-weather|SunnyDay|[upkeep]\n|-heal|p2a: Urshifu|100\/100|[from] Grassy Terrain\n|-heal|p1a: Ninetales|87\/100 slp|[from] Grassy Terrain\n|upkeep\n|\n|t:|1700595740\n|switch|p1b: Arcanine|Arcanine-Hisui, L50, M|100\/100\n|switch|p2b: Ursaluna|Ursaluna-Bloodmoon, L50, M|100\/100\n|-ability|p1b: Arcanine|Intimidate|boost\n|-unboost|p2a: Urshifu|atk|1\n|-unboost|p2b: Ursaluna|atk|1\n|turn|5\n|\n|t:|1700595756\n|switch|p1a: Glastrier|Glastrier, L50|100\/100\n|move|p2a: Urshifu|Wicked Blow|p1b: Arcanine\n|-crit|p1b: Arcanine\n|-damage|p1b: Arcanine|20\/100\n|move|p1b: Arcanine|Flare Blitz|p2a: Urshifu\n|-damage|p2a: Urshifu|0 fnt\n|faint|p2a: Urshifu\n|-damage|p1b: Arcanine|0 fnt|[from] Recoil\n|faint|p1b: Arcanine\n|move|p2b: Ursaluna|Hyper Voice|p1a: Glastrier\n|-damage|p1a: Glastrier|63\/100\n|-enditem|p2b: Ursaluna|Throat Spray\n|-boost|p2b: Ursaluna|spa|1|[from] item: Throat Spray\n|\n|-weather|none\n|-heal|p1a: Glastrier|69\/100|[from] Grassy Terrain\n|-heal|p1a: Glastrier|75\/100|[from] item: Leftovers\n|upkeep\n|\n|t:|1700595768\n|switch|p1b: Ninetales|Ninetales-Alola, L50, F, shiny|87\/100 slp\n|-weather|Snow|[from] ability: Snow Warning|[of] p1b: Ninetales\n|turn|6\n|\n|t:|1700595783\n|-curestatus|p1b: Ninetales|slp|[msg]\n|move|p1b: Ninetales|Blizzard|p2b: Ursaluna\n|-supereffective|p2b: Ursaluna\n|-damage|p2b: Ursaluna|16\/100\n|-status|p2b: Ursaluna|frz\n|-curestatus|p2b: Ursaluna|frz|[msg]\n|move|p2b: Ursaluna|Hyper Voice|p1b: Ninetales|[spread] p1a,p1b\n|-damage|p1a: Glastrier|37\/100\n|-damage|p1b: Ninetales|34\/100\n|move|p1a: Glastrier|Body Press|p2b: Ursaluna\n|-supereffective|p2b: Ursaluna\n|-damage|p2b: Ursaluna|0 fnt\n|faint|p2b: Ursaluna\n|\n|win|TyL8\n|raw|TyL8's rating: 1481 &rarr; <strong>1504<\/strong><br \/>(+23 for winning)\n|raw|Kv0th3's rating: 1528 &rarr; <strong>1505<\/strong><br \/>(-23 for losing)\n|c|\u2606TyL8|gg\n|l|\u2606Kv0th3\n","uploadtime":1700595803,"views":0,"p1id":"tyl8","p2id":"kv0th3","formatid":"gen9vgc2023regulatione","rating":1504,"private":0,"password":""}