{"id":"gen9vgc2023regulatione-1989679673","p1":"Ayresbrun","p2":"Mushtoast","format":"[Gen 9] VGC 2023 Regulation E","log":"|j|\u2606Ayresbrun\n|j|\u2606Mushtoast\n|t:|1699886187\n|gametype|doubles\n|player|p1|Ayresbrun|266|1224\n|player|p2|Mushtoast|tate|1281\n|teamsize|p1|6\n|teamsize|p2|6\n|gen|9\n|tier|[Gen 9] VGC 2023 Regulation E\n|rated|\n|rule|Species Clause: Limit one of each Pok\u00e9mon\n|rule|Item Clause: Limit one of each item\n|clearpoke\n|poke|p1|Flutter Mane, L50|\n|poke|p1|Tornadus, L50, M|\n|poke|p1|Heatran, L50, F|\n|poke|p1|Rillaboom, L50, M|\n|poke|p1|Arcanine, L50, M|\n|poke|p1|Hydreigon, L50, F|\n|poke|p2|Grimmsnarl, L50, M|\n|poke|p2|Flutter Mane, L50|\n|poke|p2|Thundurus, L50, M|\n|poke|p2|Urshifu-*, L50, M|\n|poke|p2|Iron Hands, L50|\n|poke|p2|Chien-Pao, L50|\n|teampreview|4\nAyresbrun has agreed to open team sheets.\n|inactive|Battle timer is ON: inactive players will automatically lose when time's up. (requested by Ayresbrun)\n|j| MichealJackson894\n|inactive|Ayresbrun has 60 seconds left.\n|inactive|Mushtoast has 60 seconds left.\nMushtoast has agreed to open team sheets.\n|inactive|Ayresbrun has 30 seconds left.\n|inactive|Ayresbrun has 20 seconds left.\n|inactive|Ayresbrun has 15 seconds left.\n|\n|t:|1699886279\n|start\n|switch|p1a: Rillaboom|Rillaboom, L50, M|100\/100\n|switch|p1b: Arcanine|Arcanine, L50, M|100\/100\n|switch|p2a: Grimmsnarl|Grimmsnarl, L50, M|100\/100\n|switch|p2b: Iron Hands|Iron Hands, L50|100\/100\n|-ability|p1b: Arcanine|Intimidate|boost\n|-unboost|p2a: Grimmsnarl|atk|1\n|-unboost|p2b: Iron Hands|atk|1\n|-fieldstart|move: Grassy Terrain|[from] ability: Grassy Surge|[of] p1a: Rillaboom\n|turn|1\n|inactive|Ayresbrun has 30 seconds left.\n|\n|t:|1699886308\n|move|p1a: Rillaboom|Fake Out|p2a: Grimmsnarl\n|-damage|p2a: Grimmsnarl|81\/100\n|cant|p2a: Grimmsnarl|flinch\n|move|p1b: Arcanine|Will-O-Wisp|p2b: Iron Hands\n|-status|p2b: Iron Hands|brn\n|move|p2b: Iron Hands|Ice Punch|p1a: Rillaboom\n|-supereffective|p1a: Rillaboom\n|-damage|p1a: Rillaboom|83\/100\n|\n|-heal|p1a: Rillaboom|89\/100|[from] Grassy Terrain\n|-heal|p2a: Grimmsnarl|87\/100|[from] Grassy Terrain\n|-damage|p2b: Iron Hands|95\/100 brn|[from] brn\n|upkeep\n|turn|2\n|\n|t:|1699886324\n|move|p2a: Grimmsnarl|Reflect|p2a: Grimmsnarl\n|-sidestart|p2: Mushtoast|Reflect\n|move|p1b: Arcanine|Flare Blitz|p2a: Grimmsnarl\n|-crit|p2a: Grimmsnarl\n|-damage|p2a: Grimmsnarl|0 fnt\n|faint|p2a: Grimmsnarl\n|-damage|p1b: Arcanine|71\/100|[from] Recoil\n|move|p1a: Rillaboom|Wood Hammer|p2b: Iron Hands\n|-damage|p2b: Iron Hands|61\/100 brn\n|-damage|p1a: Rillaboom|75\/100|[from] Recoil\n|move|p2b: Iron Hands|Ice Punch|p1a: Rillaboom\n|-supereffective|p1a: Rillaboom\n|-damage|p1a: Rillaboom|59\/100\n|\n|-heal|p1b: Arcanine|77\/100|[from] Grassy Terrain\n|-heal|p1a: Rillaboom|65\/100|[from] Grassy Terrain\n|-heal|p2b: Iron Hands|67\/100 brn|[from] Grassy Terrain\n|-damage|p2b: Iron Hands|61\/100 brn|[from] brn\n|upkeep\n|\n|t:|1699886339\n|switch|p2a: Chien-Pao|Chien-Pao, L50|100\/100\n|-ability|p2a: Chien-Pao|Sword of Ruin\n|turn|3\n|inactive|Ayresbrun has 30 seconds left.\n|inactive|Ayresbrun has 20 seconds left.\n|inactive|Ayresbrun has 15 seconds left.\n|\n|t:|1699886381\n|-end|p2b: Iron Hands|Quark Drive|[silent]\n|switch|p2b: Urshifu|Urshifu-Rapid-Strike, L50, M|100\/100\n|-terastallize|p1a: Rillaboom|Fire\n|move|p1b: Arcanine|Extreme Speed|p2a: Chien-Pao\n|-damage|p2a: Chien-Pao|79\/100\n|move|p2a: Chien-Pao|Ice Spinner|p1a: Rillaboom\n|-resisted|p1a: Rillaboom\n|-damage|p1a: Rillaboom|33\/100\n|-fieldend|move: Grassy Terrain\n|-damage|p2a: Chien-Pao|69\/100|[from] item: Life Orb\n|move|p1a: Rillaboom|High Horsepower|p2b: Urshifu\n|-damage|p2b: Urshifu|73\/100\n|\n|upkeep\n|turn|4\n|inactive|Ayresbrun has 30 seconds left.\n|inactive|Ayresbrun has 20 seconds left.\n|inactive|Ayresbrun has 15 seconds left.\n|inactive|Ayresbrun has 10 seconds left.\n|inactive|Ayresbrun has 5 seconds left.\n|\n|t:|1699886431\n|switch|p1b: Heatran|Heatran, L50, F|100\/100\n|switch|p1a: Tornadus|Tornadus, L50, M|100\/100\n|move|p2a: Chien-Pao|Throat Chop|p1a: Tornadus\n|-damage|p1a: Tornadus|35\/100\n|-damage|p2a: Chien-Pao|59\/100|[from] item: Life Orb\n|move|p2b: Urshifu|Surging Strikes|p1b: Heatran\n|-supereffective|p1b: Heatran\n|-crit|p1b: Heatran\n|-damage|p1b: Heatran|46\/100\n|-supereffective|p1b: Heatran\n|-crit|p1b: Heatran\n|-damage|p1b: Heatran|0 fnt\n|faint|p1b: Heatran\n|-hitcount|p1: Heatran|2\n|\n|upkeep\n|\n|t:|1699886449\n|switch|p1b: Arcanine|Arcanine, L50, M|77\/100\n|-ability|p1b: Arcanine|Intimidate|boost\n|-unboost|p2a: Chien-Pao|atk|1\n|-unboost|p2b: Urshifu|atk|1\n|turn|5\n|inactive|Ayresbrun has 30 seconds left.\n|inactive|Ayresbrun has 20 seconds left.\n|inactive|Ayresbrun has 15 seconds left.\n|\n|t:|1699886490\n|switch|p2b: Iron Hands|Iron Hands, L50|61\/100 brn\n|move|p1b: Arcanine|Extreme Speed|p2b: Iron Hands\n|-damage|p2b: Iron Hands|48\/100 brn\n|move|p1a: Tornadus|Tailwind|p1a: Tornadus\n|-sidestart|p1: Ayresbrun|move: Tailwind\n|move|p2a: Chien-Pao|Ice Spinner|p1a: Tornadus\n|-supereffective|p1a: Tornadus\n|-damage|p1a: Tornadus|0 fnt\n|faint|p1a: Tornadus\n|-damage|p2a: Chien-Pao|50\/100|[from] item: Life Orb\n|\n|-damage|p2b: Iron Hands|42\/100 brn|[from] brn\n|upkeep\n|\n|t:|1699886502\n|switch|p1a: Rillaboom|Rillaboom, L50, M, tera:Fire|33\/100\n|-fieldstart|move: Grassy Terrain|[from] ability: Grassy Surge|[of] p1a: Rillaboom\n|turn|6\n|\n|t:|1699886526\n|move|p1a: Rillaboom|Fake Out|p2b: Iron Hands\n|-damage|p2b: Iron Hands|32\/100 brn\n|cant|p2b: Iron Hands|flinch\n|move|p2a: Chien-Pao|Sucker Punch||[still]\n|-fail|p2a: Chien-Pao\n|move|p1b: Arcanine|Flare Blitz|p2a: Chien-Pao\n|-supereffective|p2a: Chien-Pao\n|-damage|p2a: Chien-Pao|0 fnt\n|faint|p2a: Chien-Pao\n|-damage|p1b: Arcanine|64\/100|[from] Recoil\n|\n|-heal|p1b: Arcanine|71\/100|[from] Grassy Terrain\n|-heal|p1a: Rillaboom|39\/100|[from] Grassy Terrain\n|-heal|p2b: Iron Hands|38\/100 brn|[from] Grassy Terrain\n|-damage|p2b: Iron Hands|32\/100 brn|[from] brn\n|upkeep\n|\n|t:|1699886532\n|switch|p2a: Urshifu|Urshifu-Rapid-Strike, L50, M|73\/100\n|turn|7\n|l| MichealJackson894\n|\n|t:|1699886555\n|move|p1a: Rillaboom|Grassy Glide|p2a: Urshifu\n|-supereffective|p2a: Urshifu\n|-damage|p2a: Urshifu|26\/100\n|move|p1b: Arcanine|Flare Blitz|p2b: Iron Hands\n|-damage|p2b: Iron Hands|7\/100 brn\n|-damage|p1b: Arcanine|60\/100|[from] Recoil\n|move|p2a: Urshifu|Surging Strikes|p1b: Arcanine\n|-supereffective|p1b: Arcanine\n|-crit|p1b: Arcanine\n|-damage|p1b: Arcanine|8\/100\n|-enditem|p1b: Arcanine|Sitrus Berry|[eat]\n|-heal|p1b: Arcanine|33\/100|[from] item: Sitrus Berry\n|-supereffective|p1b: Arcanine\n|-crit|p1b: Arcanine\n|-damage|p1b: Arcanine|0 fnt\n|faint|p1b: Arcanine\n|-hitcount|p1: Arcanine|2\n|move|p2b: Iron Hands|Drain Punch|p1a: Rillaboom\n|-damage|p1a: Rillaboom|19\/100\n|-heal|p2b: Iron Hands|15\/100 brn|[from] drain|[of] p1a: Rillaboom\n|\n|-heal|p1a: Rillaboom|25\/100|[from] Grassy Terrain\n|-heal|p2a: Urshifu|32\/100|[from] Grassy Terrain\n|-heal|p2b: Iron Hands|21\/100 brn|[from] Grassy Terrain\n|-damage|p2b: Iron Hands|15\/100 brn|[from] brn\n|upkeep\n|turn|8\n|inactive|Ayresbrun has 30 seconds left.\n|inactive|Ayresbrun has 20 seconds left.\n|\n|t:|1699886595\n|move|p1a: Rillaboom|Grassy Glide|p2b: Iron Hands\n|-damage|p2b: Iron Hands|0 fnt\n|faint|p2b: Iron Hands\n|-end|p2b: Iron Hands|Quark Drive|[silent]\n|move|p2a: Urshifu|Aqua Jet|p1a: Rillaboom\n|-supereffective|p1a: Rillaboom\n|-damage|p1a: Rillaboom|0 fnt\n|faint|p1a: Rillaboom\n|\n|win|Mushtoast\n|raw|Ayresbrun's rating: 1224 &rarr; <strong>1203<\/strong><br \/>(-21 for losing)\n|raw|Mushtoast's rating: 1281 &rarr; <strong>1302<\/strong><br \/>(+21 for winning)\n|l|\u2606Mushtoast\n","uploadtime":1699886605,"views":24,"p1id":"ayresbrun","p2id":"mushtoast","formatid":"gen9vgc2023regulatione","rating":1203,"private":0,"password":""}