{"id":"gen9vgc2023regulatione-1996468234","p1":"WexfordWarri0r","p2":"sike038","format":"[Gen 9] VGC 2023 Regulation E","log":"|j|\u2606WexfordWarri0r\n|j|\u2606sike038\n|n|\u2606WexfordWarri0r|wexfordwarri0r\n|n|\u2606sike038|sike038\n|html|View the match progress at <a href=\"\/game-bestof3-gen9vgc2023regulatione-1996465240\">game-bestof3-gen9vgc2023regulatione-1996465240<\/a>\n|t:|1700684934\n|gametype|doubles\n|player|p1|WexfordWarri0r|blue|\n|player|p2|sike038|gardenia|\n|teamsize|p1|6\n|teamsize|p2|6\n|gen|9\n|tier|[Gen 9] VGC 2023 Regulation E\n|rule|Species Clause: Limit one of each Pok\u00e9mon\n|rule|Item Clause: Limit one of each item\n|clearpoke\n|poke|p1|Landorus-Therian, L50, M|\n|poke|p1|Flutter Mane, L50|\n|poke|p1|Heatran, L50, F|\n|poke|p1|Iron Hands, L50|\n|poke|p1|Amoonguss, L50, F|\n|poke|p1|Roaring Moon, L50|\n|poke|p2|Regidrago, L50|\n|poke|p2|Tornadus, L50, M|\n|poke|p2|Indeedee-F, L50, F|\n|poke|p2|Amoonguss, L50, M|\n|poke|p2|Arcanine-Hisui, L50, F|\n|poke|p2|Ursaluna-Bloodmoon, L50, M|\n|teampreview|4\nWexfordWarri0r has agreed to open team sheets.\nsike038 has agreed to open team sheets.\n|showteam|p1|Landorus-Therian||ChoiceScarf|Intimidate|StompingTantrum,TeraBlast,Uturn,RockSlide|||M|||50|,,,,,Flying]Flutter Mane||ChoiceSpecs|Protosynthesis|Moonblast,DazzlingGleam,ShadowBall,PerishSong||||||50|,,,,,Fairy]Heatran||LifeOrb|FlashFire|HeatWave,EarthPower,FlashCannon,Protect|||F|||50|,,,,,Fairy]Iron Hands||AssaultVest|QuarkDrive|FakeOut,DrainPunch,WildCharge,HeavySlam||||||50|,,,,,Grass]Amoonguss||RockyHelmet|Regenerator|Spore,RagePowder,PollenPuff,Protect|||F|||50|,,,,,Water]Roaring Moon||BoosterEnergy|Protosynthesis|Acrobatics,KnockOff,DragonDance,Protect||||||50|,,,,,Flying\n|showteam|p2|Regidrago||DragonFang|DragonsMaw|DragonEnergy,DracoMeteor,EarthPower,Protect||||||50|,,,,,Steel]Tornadus||CovertCloak|Prankster|Tailwind,Taunt,BleakwindStorm,RainDance|||M|||50|,,,,,Dark]Indeedee-F||PsychicSeed|PsychicSurge|FollowMe,HelpingHand,DazzlingGleam,TrickRoom|||F|||50|,,,,,Fairy]Amoonguss||RockyHelmet|Regenerator|RagePowder,PollenPuff,Spore,GrassKnot|||M|||50|,,,,,Water]Arcanine-Hisui||ChoiceBand|Intimidate|RockSlide,FlareBlitz,ExtremeSpeed,TeraBlast|||F|||50|,,,,,Fairy]Ursaluna-Bloodmoon||ThroatSpray|MindsEye|HyperVoice,BloodMoon,EarthPower,Protect|||M|||50|,,,,,Normal\n|c|\u2606WexfordWarri0r|glhf\n|c|\u2606sike038|glhf\n|\n|t:|1700684959\n|start\n|switch|p1a: Iron Hands|Iron Hands, L50|100\/100\n|switch|p1b: Roaring Moon|Roaring Moon, L50|100\/100\n|switch|p2a: Indeedee|Indeedee-F, L50, F|100\/100\n|switch|p2b: Ursaluna|Ursaluna-Bloodmoon, L50, M|100\/100\n|-fieldstart|move: Psychic Terrain|[from] ability: Psychic Surge|[of] p2a: Indeedee\n|-enditem|p2a: Indeedee|Psychic Seed\n|-boost|p2a: Indeedee|spd|1|[from] item: Psychic Seed\n|-enditem|p1b: Roaring Moon|Booster Energy\n|-activate|p1b: Roaring Moon|ability: Protosynthesis|[fromitem]\n|-start|p1b: Roaring Moon|protosynthesisatk\n|turn|1\n|\n|t:|1700684988\n|-terastallize|p2a: Indeedee|Fairy\n|move|p2b: Ursaluna|Protect|p2b: Ursaluna\n|-singleturn|p2b: Ursaluna|Protect\n|move|p1b: Roaring Moon|Knock Off|p2a: Indeedee\n|-resisted|p2a: Indeedee\n|-damage|p2a: Indeedee|76\/100\n|move|p1a: Iron Hands|Heavy Slam|p2a: Indeedee\n|-supereffective|p2a: Indeedee\n|-damage|p2a: Indeedee|0 fnt\n|faint|p2a: Indeedee\n|\n|upkeep\n|\n|t:|1700684998\n|switch|p2a: Amoonguss|Amoonguss, L50, M|100\/100\n|turn|2\n|\n|t:|1700685017\n|-terastallize|p1a: Iron Hands|Grass\n|move|p2a: Amoonguss|Rage Powder|p2a: Amoonguss\n|-singleturn|p2a: Amoonguss|move: Rage Powder\n|move|p1b: Roaring Moon|Acrobatics|p2a: Amoonguss\n|-supereffective|p2a: Amoonguss\n|-damage|p2a: Amoonguss|22\/100\n|-damage|p1b: Roaring Moon|84\/100|[from] item: Rocky Helmet|[of] p2a: Amoonguss\n|move|p1a: Iron Hands|Heavy Slam|p2a: Amoonguss\n|-damage|p2a: Amoonguss|0 fnt\n|-damage|p1a: Iron Hands|84\/100|[from] item: Rocky Helmet|[of] p2a: Amoonguss\n|faint|p2a: Amoonguss\n|move|p2b: Ursaluna|Hyper Voice|p1b: Roaring Moon|[spread] p1a,p1b\n|-crit|p1a: Iron Hands\n|-crit|p1b: Roaring Moon\n|-damage|p1a: Iron Hands|52\/100\n|-damage|p1b: Roaring Moon|30\/100\n|-enditem|p2b: Ursaluna|Throat Spray\n|-boost|p2b: Ursaluna|spa|1|[from] item: Throat Spray\n|\n|upkeep\n|\n|t:|1700685035\n|switch|p2a: Arcanine|Arcanine-Hisui, L50, F|100\/100\n|-ability|p2a: Arcanine|Intimidate|boost\n|-unboost|p1a: Iron Hands|atk|1\n|-unboost|p1b: Roaring Moon|atk|1\n|turn|3\n|\n|t:|1700685073\n|-end|p1a: Iron Hands|Quark Drive|[silent]\n|switch|p1a: Heatran|Heatran, L50, F|100\/100\n|move|p1b: Roaring Moon|Acrobatics|p2b: Ursaluna\n|-damage|p2b: Ursaluna|78\/100\n|move|p2a: Arcanine|Rock Slide|p1a: Heatran|[spread] p1a,p1b\n|-damage|p1a: Heatran|64\/100\n|-damage|p1b: Roaring Moon|0 fnt\n|faint|p1b: Roaring Moon\n|-end|p1b: Roaring Moon|Protosynthesis|[silent]\n|move|p2b: Ursaluna|Blood Moon|p1a: Heatran\n|-resisted|p1a: Heatran\n|-damage|p1a: Heatran|9\/100\n|\n|upkeep\n|\n|t:|1700685075\n|switch|p1b: Iron Hands|Iron Hands, L50, tera:Grass|52\/100\n|turn|4\n|\n|t:|1700685094\n|move|p1b: Iron Hands|Fake Out|p2a: Arcanine\n|-activate|p2a: Arcanine|move: Psychic Terrain\n|move|p2a: Arcanine|Rock Slide|p1a: Heatran|[spread] p1a,p1b\n|-damage|p1a: Heatran|0 fnt\n|-damage|p1b: Iron Hands|26\/100\n|faint|p1a: Heatran\n|move|p2b: Ursaluna|Hyper Voice|p1b: Iron Hands\n|-damage|p1b: Iron Hands|0 fnt\n|faint|p1b: Iron Hands\n|-end|p1b: Iron Hands|Quark Drive|[silent]\n|\n|upkeep\n|\n|t:|1700685101\n|switch|p1b: Flutter Mane|Flutter Mane, L50|100\/100\n|turn|5\n|\n|t:|1700685117\n|move|p1b: Flutter Mane|Moonblast|p2a: Arcanine\n|-resisted|p2a: Arcanine\n|-damage|p2a: Arcanine|55\/100\n|move|p2a: Arcanine|Rock Slide|p1b: Flutter Mane\n|-damage|p1b: Flutter Mane|6\/100\n|move|p2b: Ursaluna|Blood Moon|p1b: Flutter Mane\n|-damage|p1b: Flutter Mane|0 fnt\n|faint|p1b: Flutter Mane\n|-end|p1b: Flutter Mane|Protosynthesis|[silent]\n|\n|win|sike038\n|c|&|\/uhtml prompt-wexfordwarri0r,WexfordWarri0r is ready for game 3!\n|inactive|sike038 has 50 seconds to confirm battle start!\n","uploadtime":1700685132,"views":0,"p1id":"wexfordwarri0r","p2id":"sike038","formatid":"gen9vgc2023regulatione","rating":0,"private":0,"password":""}