{"id":"gen9vgc2023regulatione-1991910648","p1":"khanhdz123","p2":"Treeman480","format":"[Gen 9] VGC 2023 Regulation E","log":"|j|\u2606khanhdz123\n|j|\u2606Treeman480\n|t:|1700137053\n|gametype|doubles\n|player|p1|khanhdz123|iris-gen5bw2|1167\n|player|p2|Treeman480|n|1064\n|teamsize|p1|6\n|teamsize|p2|6\n|gen|9\n|tier|[Gen 9] VGC 2023 Regulation E\n|rated|\n|rule|Species Clause: Limit one of each Pok\u00e9mon\n|rule|Item Clause: Limit one of each item\n|clearpoke\n|poke|p1|Mudsdale, L50, M|\n|poke|p1|Jumpluff, L50, F|\n|poke|p1|Annihilape, L50, M|\n|poke|p1|Ninetales, L50, F|\n|poke|p1|Roaring Moon, L50|\n|poke|p1|Gardevoir, L50, F|\n|poke|p2|Iron Hands, L50|\n|poke|p2|Urshifu-*, L50, F|\n|poke|p2|Heatran, L50, F|\n|poke|p2|Chien-Pao, L50|\n|poke|p2|Cresselia, L50, F|\n|poke|p2|Amoonguss, L50, M|\n|teampreview|4\n|\n|t:|1700137082\n|start\n|switch|p1a: Mudsdale|Mudsdale, L50, M|100\/100\n|switch|p1b: Jumpluff|Jumpluff, L50, F|100\/100\n|switch|p2a: Heatrun|Heatran, L50, F|100\/100\n|switch|p2b: Ursharing|Urshifu-Rapid-Strike, L50, F|100\/100\n|turn|1\n|\n|t:|1700137112\n|-terastallize|p2a: Heatrun|Grass\n|-terastallize|p1a: Mudsdale|Fighting\n|move|p2b: Ursharing|U-turn|p1b: Jumpluff\n|-damage|p1b: Jumpluff|63\/100\n|\n|t:|1700137117\n|switch|p2b: Amongus|Amoonguss, L50, M|100\/100|[from] U-turn\n|move|p1b: Jumpluff|Bullet Seed|p1a: Mudsdale\n|-damage|p1a: Mudsdale|97\/100\n|-ability|p1a: Mudsdale|Stamina|boost\n|-boost|p1a: Mudsdale|def|1\n|-damage|p1a: Mudsdale|95\/100\n|-ability|p1a: Mudsdale|Stamina|boost\n|-boost|p1a: Mudsdale|def|1\n|-damage|p1a: Mudsdale|93\/100\n|-ability|p1a: Mudsdale|Stamina|boost\n|-boost|p1a: Mudsdale|def|1\n|-damage|p1a: Mudsdale|92\/100\n|-ability|p1a: Mudsdale|Stamina|boost\n|-boost|p1a: Mudsdale|def|1\n|-hitcount|p1a: Mudsdale|4\n|move|p2a: Heatrun|Tera Blast|p1a: Mudsdale|[anim] Tera Blast Grass\n|-damage|p1a: Mudsdale|50\/100\n|-ability|p1a: Mudsdale|Stamina|boost\n|-boost|p1a: Mudsdale|def|1\n|-damage|p2a: Heatrun|91\/100|[from] item: Life Orb\n|move|p1a: Mudsdale|Body Press|p2b: Amongus\n|-resisted|p2b: Amongus\n|-damage|p2b: Amongus|54\/100\n|\n|upkeep\n|turn|2\n|c|\u2606Treeman480|uhoh\n|c|\u2606Treeman480|!dt stamina\n|raw|<ul class=\"utilichart\"><li class=\"result\"><span class=\"col namecol\"><a href=\"https:\/\/dex.pokemonshowdown.com\/abilities\/stamina\">Stamina<\/a><\/span> <span class=\"col abilitydesccol\">This Pokemon's Defense is raised by 1 stage after it is damaged by a move.<\/span> <\/li><li style=\"clear:both\"><\/li><\/ul>\n|raw|<font size=\"1\"><font color=\"#686868\">Gen:<\/font> 7<\/font>\n\n|\n|t:|1700137164\n|move|p2b: Amongus|Rage Powder|p2b: Amongus\n|-singleturn|p2b: Amongus|move: Rage Powder\n|move|p1b: Jumpluff|Bullet Seed|p2b: Amongus\n|-resisted|p2b: Amongus\n|-damage|p2b: Amongus|53\/100\n|-resisted|p2b: Amongus\n|-damage|p2b: Amongus|53\/100\n|-resisted|p2b: Amongus\n|-damage|p2b: Amongus|52\/100\n|-resisted|p2b: Amongus\n|-damage|p2b: Amongus|51\/100\n|-hitcount|p2b: Amongus|4\n|move|p2a: Heatrun|Flamethrower|p1b: Jumpluff\n|-supereffective|p1b: Jumpluff\n|-damage|p1b: Jumpluff|0 fnt\n|faint|p1b: Jumpluff\n|-damage|p2a: Heatrun|81\/100|[from] item: Life Orb\n|move|p1a: Mudsdale|Body Press|p2b: Amongus\n|-resisted|p2b: Amongus\n|-damage|p2b: Amongus|0 fnt\n|faint|p2b: Amongus\n|\n|upkeep\n|c|\u2606Treeman480|loaded dice jumpluff?\n|\n|t:|1700137187\n|switch|p1b: Annihilape|Annihilape, L50, M|100\/100\n|switch|p2b: Ursharing|Urshifu-Rapid-Strike, L50, F|100\/100\n|turn|3\n|\n|t:|1700137201\n|move|p2a: Heatrun|Protect|p2a: Heatrun\n|-singleturn|p2a: Heatrun|Protect\n|move|p2b: Ursharing|Surging Strikes|p1b: Annihilape\n|-crit|p1b: Annihilape\n|-damage|p1b: Annihilape|73\/100\n|-crit|p1b: Annihilape\n|-damage|p1b: Annihilape|47\/100\n|-crit|p1b: Annihilape\n|-damage|p1b: Annihilape|21\/100\n|-hitcount|p1b: Annihilape|3\n|move|p1b: Annihilape|Final Gambit|p2b: Ursharing\n|-damage|p2b: Ursharing|79\/100\n|faint|p1b: Annihilape\n|move|p1a: Mudsdale|Body Press|p2a: Heatrun\n|-activate|p2a: Heatrun|move: Protect\n|\n|upkeep\n|\n|t:|1700137209\n|switch|p1b: Gardevoir|Gardevoir, L50, F|100\/100\n|turn|4\n|\n|t:|1700137222\n|switch|p2a: Chien-Pow|Chien-Pao, L50|100\/100\n|-ability|p2a: Chien-Pow|Sword of Ruin\n|move|p2b: Ursharing|Surging Strikes|p1a: Mudsdale\n|-crit|p1a: Mudsdale\n|-damage|p1a: Mudsdale|32\/100\n|-ability|p1a: Mudsdale|Stamina|boost\n|-boost|p1a: Mudsdale|def|1\n|-crit|p1a: Mudsdale\n|-damage|p1a: Mudsdale|13\/100\n|-crit|p1a: Mudsdale\n|-damage|p1a: Mudsdale|0 fnt\n|faint|p1a: Mudsdale\n|-hitcount|p1: Mudsdale|3\n|move|p1b: Gardevoir|Dazzling Gleam|p2b: Ursharing|[spread] p2a,p2b\n|-supereffective|p2a: Chien-Pow\n|-crit|p2a: Chien-Pow\n|-supereffective|p2b: Ursharing\n|-enditem|p2a: Chien-Pow|Focus Sash\n|-damage|p2a: Chien-Pow|1\/100\n|-damage|p2b: Ursharing|0 fnt\n|faint|p2b: Ursharing\n|\n|upkeep\n|\n|t:|1700137239\n|switch|p2b: Heatrun|Heatran, L50, F, tera:Grass|81\/100\n|turn|5\n|inactive|Battle timer is ON: inactive players will automatically lose when time's up. (requested by khanhdz123)\n|\n|t:|1700137245\n|move|p2a: Chien-Pow|Sucker Punch|p1b: Gardevoir\n|-damage|p1b: Gardevoir|14\/100\n|move|p1b: Gardevoir|Dazzling Gleam|p2a: Chien-Pow|[spread] p2a,p2b\n|-supereffective|p2a: Chien-Pow\n|-damage|p2a: Chien-Pow|0 fnt\n|-damage|p2b: Heatrun|53\/100\n|faint|p2a: Chien-Pow\n|move|p2b: Heatrun|Flamethrower|p1b: Gardevoir\n|-damage|p1b: Gardevoir|0 fnt\n|faint|p1b: Gardevoir\n|-damage|p2b: Heatrun|43\/100|[from] item: Life Orb\n|\n|win|Treeman480\n|raw|khanhdz123's rating: 1167 &rarr; <strong>1135<\/strong><br \/>(-32 for losing)\n|raw|Treeman480's rating: 1064 &rarr; <strong>1103<\/strong><br \/>(+39 for winning)\n|c|\u2606Treeman480|Gg\n|l|\u2606khanhdz123\n|c|\u2606Treeman480|Wp\n|c|\u2606Treeman480|Love the team\n","uploadtime":1700137258,"views":29,"p1id":"khanhdz123","p2id":"treeman480","formatid":"gen9vgc2023regulatione","rating":1103,"private":0,"password":""}