{"id":"gen9vgc2023regulatione-2000676021","p1":"cataciyzmic","p2":"NightlyNinja27","format":"[Gen 9] VGC 2023 Regulation E","log":"|j|\u2606cataciyzmic\n|j|\u2606NightlyNinja27\n|n|\u2606cataciyzmic|cataciyzmic\n|n|\u2606NightlyNinja27|nightlyninja27\n|html|View the match progress at <a href=\"\/game-bestof3-gen9vgc2023regulatione-2000671128\">game-bestof3-gen9vgc2023regulatione-2000671128<\/a>\n|t:|1701217542\n|gametype|doubles\n|player|p1|cataciyzmic|cyrus|\n|player|p2|NightlyNinja27|veteran|\n|teamsize|p1|6\n|teamsize|p2|6\n|gen|9\n|tier|[Gen 9] VGC 2023 Regulation E\n|rule|Species Clause: Limit one of each Pok\u00e9mon\n|rule|Item Clause: Limit one of each item\n|clearpoke\n|poke|p1|Illumise, L50, F|\n|poke|p1|Iron Hands, L50|\n|poke|p1|Chien-Pao, L50|\n|poke|p1|Frosmoth, L50, F|\n|poke|p1|Poltchageist, L50|\n|poke|p1|Slither Wing, L50|\n|poke|p2|Iron Bundle, L50|\n|poke|p2|Gholdengo, L50|\n|poke|p2|Volcarona, L50, M|\n|poke|p2|Umbreon, L50, M|\n|poke|p2|Hawlucha, L50, F|\n|poke|p2|Golem-Alola, L50, M|\n|teampreview|4\ncataciyzmic rejected open team sheets.\n|\n|t:|1701217595\n|start\n|switch|p1a: Illumise|Illumise, L50, F|100\/100\n|switch|p1b: Frosmoth|Frosmoth, L50, F|100\/100\n|switch|p2a: Hawlucha|Hawlucha, L50, F|100\/100\n|switch|p2b: Umbreon|Umbreon, L50, M|100\/100\n|turn|1\n|\n|t:|1701217668\n|move|p1a: Illumise|Charm|p2a: Hawlucha\n|-unboost|p2a: Hawlucha|atk|2\n|-enditem|p2a: Hawlucha|White Herb\n|-clearnegativeboost|p2a: Hawlucha|[silent]\n|move|p2a: Hawlucha|Encore|p1a: Illumise\n|-start|p1a: Illumise|Encore\n|move|p1b: Frosmoth|Ice Beam|p2a: Hawlucha\n|-supereffective|p2a: Hawlucha\n|-damage|p2a: Hawlucha|0 fnt\n|faint|p2a: Hawlucha\n|move|p2b: Umbreon|Yawn|p1a: Illumise\n|-start|p1a: Illumise|move: Yawn|[of] p2b: Umbreon\n|\n|upkeep\n|\n|t:|1701217684\n|switch|p2a: Volcarona|Volcarona, L50, M|100\/100\n|turn|2\n|\n|t:|1701217702\n|switch|p1a: Chien-Pao|Chien-Pao, L50|100\/100\n|-ability|p1a: Chien-Pao|Sword of Ruin\n|-terastallize|p1b: Frosmoth|Water\n|move|p2a: Volcarona|Quiver Dance|p2a: Volcarona\n|-boost|p2a: Volcarona|spa|1\n|-boost|p2a: Volcarona|spd|1\n|-boost|p2a: Volcarona|spe|1\n|move|p1b: Frosmoth|Struggle Bug|p2b: Umbreon|[spread] p2a,p2b\n|-resisted|p2a: Volcarona\n|-supereffective|p2b: Umbreon\n|-damage|p2a: Volcarona|95\/100\n|-damage|p2b: Umbreon|82\/100\n|-unboost|p2a: Volcarona|spa|1\n|-unboost|p2b: Umbreon|spa|1\n|move|p2b: Umbreon|Wish|p2b: Umbreon\n|\n|-heal|p2b: Umbreon|88\/100|[from] item: Leftovers\n|upkeep\n|turn|3\n|\n|t:|1701217734\n|move|p2b: Umbreon|Protect|p2b: Umbreon\n|-singleturn|p2b: Umbreon|Protect\n|move|p2a: Volcarona|Will-O-Wisp|p1a: Chien-Pao\n|-status|p1a: Chien-Pao|brn\n|move|p1a: Chien-Pao|Crunch|p2a: Volcarona\n|-damage|p2a: Volcarona|65\/100\n|move|p1b: Frosmoth|Quiver Dance|p1b: Frosmoth\n|-boost|p1b: Frosmoth|spa|1\n|-boost|p1b: Frosmoth|spd|1\n|-boost|p1b: Frosmoth|spe|1\n|\n|-heal|p2b: Umbreon|100\/100|[from] move: Wish|[wisher] Umbreon\n|-damage|p1a: Chien-Pao|95\/100 brn|[from] brn\n|upkeep\n|turn|4\n|\n|t:|1701217784\n|move|p2a: Volcarona|Quiver Dance|p2a: Volcarona\n|-boost|p2a: Volcarona|spa|1\n|-boost|p2a: Volcarona|spd|1\n|-boost|p2a: Volcarona|spe|1\n|move|p1a: Chien-Pao|Crunch|p2a: Volcarona\n|-damage|p2a: Volcarona|31\/100\n|move|p1b: Frosmoth|Struggle Bug|p2b: Umbreon|[spread] p2a,p2b\n|-resisted|p2a: Volcarona\n|-supereffective|p2b: Umbreon\n|-damage|p2a: Volcarona|25\/100\n|-damage|p2b: Umbreon|71\/100\n|-unboost|p2a: Volcarona|spa|1\n|-unboost|p2b: Umbreon|spa|1\n|move|p2b: Umbreon|Yawn|p1b: Frosmoth\n|-start|p1b: Frosmoth|move: Yawn|[of] p2b: Umbreon\n|\n|-heal|p2b: Umbreon|77\/100|[from] item: Leftovers\n|-damage|p1a: Chien-Pao|89\/100 brn|[from] brn\n|upkeep\n|turn|5\n|\n|t:|1701217815\n|move|p2b: Umbreon|Protect|p2b: Umbreon\n|-singleturn|p2b: Umbreon|Protect\n|move|p2a: Volcarona|Morning Sun|p2a: Volcarona\n|-heal|p2a: Volcarona|75\/100\n|move|p1a: Chien-Pao|Crunch|p2a: Volcarona\n|-damage|p2a: Volcarona|46\/100\n|move|p1b: Frosmoth|Quiver Dance|p1b: Frosmoth\n|-boost|p1b: Frosmoth|spa|1\n|-boost|p1b: Frosmoth|spd|1\n|-boost|p1b: Frosmoth|spe|1\n|\n|-heal|p2b: Umbreon|83\/100|[from] item: Leftovers\n|-damage|p1a: Chien-Pao|83\/100 brn|[from] brn\n|-end|p1b: Frosmoth|move: Yawn|[silent]\n|-status|p1b: Frosmoth|slp\n|upkeep\n|turn|6\n|\n|t:|1701217869\n|move|p1a: Chien-Pao|Protect|p1a: Chien-Pao\n|-singleturn|p1a: Chien-Pao|Protect\n|move|p2a: Volcarona|Quiver Dance|p2a: Volcarona\n|-boost|p2a: Volcarona|spa|1\n|-boost|p2a: Volcarona|spd|1\n|-boost|p2a: Volcarona|spe|1\n|cant|p1b: Frosmoth|slp\n|move|p2b: Umbreon|Foul Play|p1a: Chien-Pao\n|-activate|p1a: Chien-Pao|move: Protect\n|\n|-heal|p2b: Umbreon|89\/100|[from] item: Leftovers\n|-damage|p1a: Chien-Pao|77\/100 brn|[from] brn\n|upkeep\n|turn|7\n|\n|t:|1701217899\n|move|p2a: Volcarona|Flamethrower|p1a: Chien-Pao\n|-supereffective|p1a: Chien-Pao\n|-crit|p1a: Chien-Pao\n|-damage|p1a: Chien-Pao|0 fnt\n|faint|p1a: Chien-Pao\n|cant|p1b: Frosmoth|slp\n|move|p2b: Umbreon|Foul Play|p1b: Frosmoth\n|-damage|p1b: Frosmoth|80\/100 slp\n|\n|-heal|p1b: Frosmoth|86\/100 slp|[from] item: Leftovers\n|-heal|p2b: Umbreon|95\/100|[from] item: Leftovers\n|upkeep\n|\n|t:|1701217918\n|switch|p1a: Iron Hands|Iron Hands, L50|100\/100\n|turn|8\n|\n|t:|1701217942\n|switch|p2b: Gholdengo|Gholdengo, L50|100\/100\n|move|p2a: Volcarona|Morning Sun|p2a: Volcarona\n|-heal|p2a: Volcarona|96\/100\n|cant|p1b: Frosmoth|slp\n|move|p1a: Iron Hands|Drain Punch|p2b: Gholdengo\n|-immune|p2b: Gholdengo\n|\n|-heal|p1b: Frosmoth|92\/100 slp|[from] item: Leftovers\n|upkeep\n|turn|9\n|\n|t:|1701217962\n|move|p2a: Volcarona|Will-O-Wisp|p1a: Iron Hands\n|-status|p1a: Iron Hands|brn\n|-curestatus|p1b: Frosmoth|slp|[msg]\n|move|p1b: Frosmoth|Struggle Bug|p2a: Volcarona|[spread] p2a,p2b\n|-resisted|p2a: Volcarona\n|-resisted|p2b: Gholdengo\n|-crit|p2b: Gholdengo\n|-damage|p2a: Volcarona|89\/100\n|-damage|p2b: Gholdengo|85\/100\n|-unboost|p2a: Volcarona|spa|1\n|move|p2b: Gholdengo|Nasty Plot|p2b: Gholdengo\n|-boost|p2b: Gholdengo|spa|2\n|move|p1a: Iron Hands|Wild Charge|p2a: Volcarona\n|-damage|p2a: Volcarona|58\/100\n|-damage|p1a: Iron Hands|95\/100 brn|[from] Recoil\n|\n|-heal|p1b: Frosmoth|99\/100|[from] item: Leftovers\n|-damage|p1a: Iron Hands|89\/100 brn|[from] brn\n|upkeep\n|turn|10\n|\n|t:|1701218033\n|move|p2a: Volcarona|Quiver Dance|p2a: Volcarona\n|-boost|p2a: Volcarona|spa|1\n|-boost|p2a: Volcarona|spd|1\n|-boost|p2a: Volcarona|spe|1\n|move|p1b: Frosmoth|Quiver Dance|p1b: Frosmoth\n|-boost|p1b: Frosmoth|spa|1\n|-boost|p1b: Frosmoth|spd|1\n|-boost|p1b: Frosmoth|spe|1\n|move|p2b: Gholdengo|Nasty Plot|p2b: Gholdengo\n|-boost|p2b: Gholdengo|spa|2\n|move|p1a: Iron Hands|Wild Charge|p2a: Volcarona\n|-damage|p2a: Volcarona|29\/100\n|-damage|p1a: Iron Hands|84\/100 brn|[from] Recoil\n|\n|-heal|p1b: Frosmoth|100\/100|[from] item: Leftovers\n|-damage|p1a: Iron Hands|78\/100 brn|[from] brn\n|upkeep\n|turn|11\n|\n|t:|1701218054\n|move|p2a: Volcarona|Morning Sun|p2a: Volcarona\n|-heal|p2a: Volcarona|79\/100\n|move|p1b: Frosmoth|Ice Beam|p2b: Gholdengo\n|-resisted|p2b: Gholdengo\n|-damage|p2b: Gholdengo|28\/100\n|move|p2b: Gholdengo|Shadow Ball|p1b: Frosmoth\n|-damage|p1b: Frosmoth|72\/100\n|move|p1a: Iron Hands|Wild Charge|p2b: Gholdengo\n|-damage|p2b: Gholdengo|0 fnt\n|faint|p2b: Gholdengo\n|-damage|p1a: Iron Hands|73\/100 brn|[from] Recoil\n|\n|-heal|p1b: Frosmoth|79\/100|[from] item: Leftovers\n|-damage|p1a: Iron Hands|67\/100 brn|[from] brn\n|upkeep\n|\n|t:|1701218069\n|switch|p2b: Umbreon|Umbreon, L50, M|95\/100\n|turn|12\n|\n|t:|1701218081\n|move|p2b: Umbreon|Protect|p2b: Umbreon\n|-singleturn|p2b: Umbreon|Protect\n|move|p2a: Volcarona|Flamethrower|p1a: Iron Hands\n|-damage|p1a: Iron Hands|34\/100 brn\n|move|p1b: Frosmoth|Struggle Bug|p2b: Umbreon|[spread] p2a\n|-activate|p2b: Umbreon|move: Protect\n|-resisted|p2a: Volcarona\n|-damage|p2a: Volcarona|71\/100\n|-unboost|p2a: Volcarona|spa|1\n|move|p1a: Iron Hands|Drain Punch|p2b: Umbreon\n|-activate|p2b: Umbreon|move: Protect\n|\n|-heal|p1b: Frosmoth|85\/100|[from] item: Leftovers\n|-heal|p2b: Umbreon|100\/100|[from] item: Leftovers\n|-damage|p1a: Iron Hands|28\/100 brn|[from] brn\n|upkeep\n|turn|13\n|\n|t:|1701218117\n|-terastallize|p2b: Umbreon|Fairy\n|move|p2a: Volcarona|Flamethrower|p1a: Iron Hands\n|-damage|p1a: Iron Hands|4\/100 brn\n|move|p1b: Frosmoth|Struggle Bug|p2b: Umbreon|[spread] p2a,p2b\n|-resisted|p2a: Volcarona\n|-resisted|p2b: Umbreon\n|-damage|p2a: Volcarona|63\/100\n|-damage|p2b: Umbreon|90\/100\n|-unboost|p2a: Volcarona|spa|1\n|-unboost|p2b: Umbreon|spa|1\n|move|p2b: Umbreon|Yawn|p1b: Frosmoth\n|-start|p1b: Frosmoth|move: Yawn|[of] p2b: Umbreon\n|move|p1a: Iron Hands|Drain Punch|p2b: Umbreon\n|-resisted|p2b: Umbreon\n|-damage|p2b: Umbreon|81\/100\n|-heal|p1a: Iron Hands|7\/100 brn|[from] drain|[of] p2b: Umbreon\n|\n|-heal|p1b: Frosmoth|91\/100|[from] item: Leftovers\n|-heal|p2b: Umbreon|87\/100|[from] item: Leftovers\n|-damage|p1a: Iron Hands|1\/100 brn|[from] brn\n|upkeep\n|turn|14\n|\n|t:|1701218179\n|move|p2a: Volcarona|Flamethrower|p1a: Iron Hands\n|-damage|p1a: Iron Hands|0 fnt\n|faint|p1a: Iron Hands\n|-end|p1a: Iron Hands|Quark Drive|[silent]\n|move|p1b: Frosmoth|Ice Beam|p2a: Volcarona\n|-resisted|p2a: Volcarona\n|-damage|p2a: Volcarona|45\/100\n|move|p2b: Umbreon|Wish|p2b: Umbreon\n|\n|-heal|p1b: Frosmoth|97\/100|[from] item: Leftovers\n|-heal|p2b: Umbreon|93\/100|[from] item: Leftovers\n|-end|p1b: Frosmoth|move: Yawn|[silent]\n|-status|p1b: Frosmoth|slp\n|upkeep\n|\n|t:|1701218189\n|switch|p1a: Illumise|Illumise, L50, F|100\/100\n|turn|15\n|\n|t:|1701218223\n|move|p1a: Illumise|Tailwind|p1a: Illumise\n|-sidestart|p1: cataciyzmic|move: Tailwind\n|move|p2a: Volcarona|Quiver Dance|p2a: Volcarona\n|-boost|p2a: Volcarona|spa|1\n|-boost|p2a: Volcarona|spd|1\n|-boost|p2a: Volcarona|spe|1\n|cant|p1b: Frosmoth|slp\n|move|p2b: Umbreon|Yawn|p1a: Illumise\n|-start|p1a: Illumise|move: Yawn|[of] p2b: Umbreon\n|\n|-heal|p2b: Umbreon|100\/100|[from] move: Wish|[wisher] Umbreon\n|-heal|p1b: Frosmoth|100\/100 slp|[from] item: Leftovers\n|upkeep\n|turn|16\n|\n|t:|1701218251\n|move|p1a: Illumise|Encore|p2a: Volcarona\n|-start|p2a: Volcarona|Encore\n|move|p2a: Volcarona|Quiver Dance|p2a: Volcarona\n|-boost|p2a: Volcarona|spa|1\n|-boost|p2a: Volcarona|spd|1\n|-boost|p2a: Volcarona|spe|1\n|-curestatus|p1b: Frosmoth|slp|[msg]\n|move|p1b: Frosmoth|Ice Beam|p2a: Volcarona\n|-resisted|p2a: Volcarona\n|-damage|p2a: Volcarona|31\/100\n|move|p2b: Umbreon|Foul Play|p1b: Frosmoth\n|-damage|p1b: Frosmoth|81\/100\n|\n|-heal|p1b: Frosmoth|87\/100|[from] item: Leftovers\n|-end|p1a: Illumise|move: Yawn|[silent]\n|-status|p1a: Illumise|slp\n|upkeep\n|turn|17\n|\n|t:|1701218272\n|move|p2a: Volcarona|Quiver Dance|p2a: Volcarona\n|-boost|p2a: Volcarona|spa|1\n|-boost|p2a: Volcarona|spd|0\n|-boost|p2a: Volcarona|spe|0\n|move|p1b: Frosmoth|Ice Beam|p2a: Volcarona\n|-resisted|p2a: Volcarona\n|-damage|p2a: Volcarona|17\/100\n|cant|p1a: Illumise|slp\n|move|p2b: Umbreon|Yawn|p1b: Frosmoth\n|-start|p1b: Frosmoth|move: Yawn|[of] p2b: Umbreon\n|\n|-heal|p1b: Frosmoth|94\/100|[from] item: Leftovers\n|upkeep\n|turn|18\n|\n|t:|1701218290\n|cant|p1a: Illumise|slp\n|move|p2a: Volcarona|Quiver Dance|p2a: Volcarona\n|-boost|p2a: Volcarona|spa|1\n|-boost|p2a: Volcarona|spd|0\n|-boost|p2a: Volcarona|spe|0\n|move|p1b: Frosmoth|Ice Beam|p2a: Volcarona\n|-resisted|p2a: Volcarona\n|-damage|p2a: Volcarona|4\/100\n|move|p2b: Umbreon|Foul Play|p1a: Illumise\n|-damage|p1a: Illumise|86\/100 slp\n|\n|-heal|p1b: Frosmoth|99\/100|[from] item: Leftovers\n|-end|p2a: Volcarona|Encore\n|-end|p1b: Frosmoth|move: Yawn|[silent]\n|-status|p1b: Frosmoth|slp\n|-sideend|p1: cataciyzmic|move: Tailwind\n|upkeep\n|turn|19\n|\n|t:|1701218314\n|cant|p1a: Illumise|slp\n|move|p2a: Volcarona|Flamethrower|p1a: Illumise\n|-supereffective|p1a: Illumise\n|-damage|p1a: Illumise|0 fnt\n|faint|p1a: Illumise\n|cant|p1b: Frosmoth|slp\n|move|p2b: Umbreon|Foul Play|p1b: Frosmoth\n|-damage|p1b: Frosmoth|79\/100 slp\n|\n|-heal|p1b: Frosmoth|85\/100 slp|[from] item: Leftovers\n|upkeep\n|turn|20\n|\n|t:|1701218330\n|move|p2a: Volcarona|Morning Sun|p2a: Volcarona\n|-heal|p2a: Volcarona|54\/100\n|-curestatus|p1b: Frosmoth|slp|[msg]\n|move|p1b: Frosmoth|Quiver Dance|p1b: Frosmoth\n|-boost|p1b: Frosmoth|spa|1\n|-boost|p1b: Frosmoth|spd|1\n|-boost|p1b: Frosmoth|spe|1\n|move|p2b: Umbreon|Foul Play|p1b: Frosmoth\n|-damage|p1b: Frosmoth|67\/100\n|\n|-heal|p1b: Frosmoth|73\/100|[from] item: Leftovers\n|upkeep\n|turn|21\n|\n|t:|1701218344\n|move|p2a: Volcarona|Morning Sun|p2a: Volcarona\n|-heal|p2a: Volcarona|100\/100\n|move|p1b: Frosmoth|Struggle Bug|p2a: Volcarona|[spread] p2a,p2b\n|-resisted|p2a: Volcarona\n|-resisted|p2b: Umbreon\n|-damage|p2a: Volcarona|94\/100\n|-damage|p2b: Umbreon|87\/100\n|-unboost|p2a: Volcarona|spa|1\n|-unboost|p2b: Umbreon|spa|1\n|move|p2b: Umbreon|Yawn|p1b: Frosmoth\n|-start|p1b: Frosmoth|move: Yawn|[of] p2b: Umbreon\n|\n|-heal|p1b: Frosmoth|79\/100|[from] item: Leftovers\n|-heal|p2b: Umbreon|93\/100|[from] item: Leftovers\n|upkeep\n|turn|22\n|\n|t:|1701218364\n|move|p2a: Volcarona|Quiver Dance|p2a: Volcarona\n|-boost|p2a: Volcarona|spa|1\n|-boost|p2a: Volcarona|spd|0\n|-boost|p2a: Volcarona|spe|0\n|move|p1b: Frosmoth|Quiver Dance|p1b: Frosmoth\n|-boost|p1b: Frosmoth|spa|1\n|-boost|p1b: Frosmoth|spd|1\n|-boost|p1b: Frosmoth|spe|1\n|move|p2b: Umbreon|Foul Play|p1b: Frosmoth\n|-damage|p1b: Frosmoth|60\/100\n|\n|-heal|p1b: Frosmoth|66\/100|[from] item: Leftovers\n|-heal|p2b: Umbreon|99\/100|[from] item: Leftovers\n|-end|p1b: Frosmoth|move: Yawn|[silent]\n|-status|p1b: Frosmoth|slp\n|upkeep\n|turn|23\n|\n|t:|1701218378\n|move|p2a: Volcarona|Quiver Dance|p2a: Volcarona\n|-boost|p2a: Volcarona|spa|1\n|-boost|p2a: Volcarona|spd|0\n|-boost|p2a: Volcarona|spe|0\n|cant|p1b: Frosmoth|slp\n|move|p2b: Umbreon|Foul Play|p1b: Frosmoth\n|-damage|p1b: Frosmoth|45\/100 slp\n|\n|-heal|p1b: Frosmoth|52\/100 slp|[from] item: Leftovers\n|-heal|p2b: Umbreon|100\/100|[from] item: Leftovers\n|upkeep\n|turn|24\n|\n|t:|1701218391\n|move|p2a: Volcarona|Flamethrower|p1b: Frosmoth\n|-resisted|p1b: Frosmoth\n|-damage|p1b: Frosmoth|41\/100 slp\n|-curestatus|p1b: Frosmoth|slp|[msg]\n|move|p1b: Frosmoth|Struggle Bug|p2a: Volcarona|[spread] p2a,p2b\n|-resisted|p2a: Volcarona\n|-resisted|p2b: Umbreon\n|-damage|p2a: Volcarona|86\/100\n|-damage|p2b: Umbreon|84\/100\n|-unboost|p2a: Volcarona|spa|1\n|-unboost|p2b: Umbreon|spa|1\n|move|p2b: Umbreon|Foul Play|p1b: Frosmoth\n|-damage|p1b: Frosmoth|22\/100\n|\n|-heal|p1b: Frosmoth|29\/100|[from] item: Leftovers\n|-heal|p2b: Umbreon|90\/100|[from] item: Leftovers\n|upkeep\n|turn|25\n|\n|t:|1701218410\n|move|p2a: Volcarona|Will-O-Wisp|p1b: Frosmoth\n|-status|p1b: Frosmoth|brn\n|move|p1b: Frosmoth|Ice Beam|p2b: Umbreon\n|-damage|p2b: Umbreon|9\/100\n|move|p2b: Umbreon|Foul Play|p1b: Frosmoth\n|-damage|p1b: Frosmoth|11\/100 brn\n|\n|-heal|p1b: Frosmoth|17\/100 brn|[from] item: Leftovers\n|-heal|p2b: Umbreon|15\/100|[from] item: Leftovers\n|-damage|p1b: Frosmoth|11\/100 brn|[from] brn\n|upkeep\n|turn|26\n|\n|t:|1701218426\n|move|p2b: Umbreon|Protect|p2b: Umbreon\n|-singleturn|p2b: Umbreon|Protect\n|move|p2a: Volcarona|Flamethrower|p1b: Frosmoth\n|-resisted|p1b: Frosmoth\n|-damage|p1b: Frosmoth|3\/100 brn\n|move|p1b: Frosmoth|Struggle Bug|p2b: Umbreon|[spread] p2a\n|-activate|p2b: Umbreon|move: Protect\n|-resisted|p2a: Volcarona\n|-damage|p2a: Volcarona|78\/100\n|-unboost|p2a: Volcarona|spa|1\n|\n|-heal|p1b: Frosmoth|9\/100 brn|[from] item: Leftovers\n|-heal|p2b: Umbreon|21\/100|[from] item: Leftovers\n|-damage|p1b: Frosmoth|3\/100 brn|[from] brn\n|upkeep\n|turn|27\n|\n|t:|1701218442\n|move|p2a: Volcarona|Flamethrower|p1b: Frosmoth\n|-resisted|p1b: Frosmoth\n|-damage|p1b: Frosmoth|0 fnt\n|faint|p1b: Frosmoth\n|\n|win|NightlyNinja27\n|c|\u2606cataciyzmic|ggs\n|c|\u2606NightlyNinja27|gg\n","uploadtime":1701218495,"views":8,"p1id":"cataciyzmic","p2id":"nightlyninja27","formatid":"gen9vgc2023regulatione","rating":0,"private":0,"password":""}