{"id":"gen9vgc2023regulatione-1994358943","p1":"raul6248","p2":"scrapsorra","format":"[Gen 9] VGC 2023 Regulation E","log":"|j|\u2606raul6248\n|j|\u2606scrapsorra\n|t:|1700434904\n|gametype|doubles\n|player|p1|raul6248|102|1469\n|player|p2|scrapsorra|ghetsis-gen5bw|1456\n|teamsize|p1|6\n|teamsize|p2|6\n|gen|9\n|tier|[Gen 9] VGC 2023 Regulation E\n|rated|\n|rule|Species Clause: Limit one of each Pok\u00e9mon\n|rule|Item Clause: Limit one of each item\n|clearpoke\n|poke|p1|Urshifu-*, L50, M|\n|poke|p1|Tornadus, L50, M|\n|poke|p1|Heatran, L50, F|\n|poke|p1|Rillaboom, L50, M|\n|poke|p1|Arcanine-Hisui, L50, M|\n|poke|p1|Gholdengo, L50|\n|poke|p2|Delphox, L50, F|\n|poke|p2|Ogerpon-Wellspring, L50, F|\n|poke|p2|Farigiraf, L50, F|\n|poke|p2|Arcanine-Hisui, L50, M|\n|poke|p2|Rillaboom, L50, M|\n|poke|p2|Thundurus, L50, M|\n|teampreview|4\n|\n|t:|1700434956\n|start\n|switch|p1a: Passionfruit|Arcanine-Hisui, L50, M|100\/100\n|switch|p1b: Over|Rillaboom, L50, M|100\/100\n|switch|p2a: DK|Rillaboom, L50, M|100\/100\n|switch|p2b: Danny|Arcanine-Hisui, L50, M|100\/100\n|-ability|p1a: Passionfruit|Intimidate|boost\n|-unboost|p2a: DK|atk|1\n|-unboost|p2b: Danny|atk|1\n|-fieldstart|move: Grassy Terrain|[from] ability: Grassy Surge|[of] p1b: Over\n|-ability|p2b: Danny|Intimidate|boost\n|-unboost|p1a: Passionfruit|atk|1\n|-unboost|p1b: Over|atk|1\n|turn|1\n|\n|t:|1700434976\n|switch|p2b: Indigo|Delphox, L50, F, shiny|100\/100\n|move|p1b: Over|Fake Out|p2b: Indigo\n|-damage|p2b: Indigo|88\/100\n|move|p2a: DK|Fake Out|p1a: Passionfruit\n|-resisted|p1a: Passionfruit\n|-damage|p1a: Passionfruit|93\/100\n|cant|p1a: Passionfruit|flinch\n|\n|-heal|p2b: Indigo|94\/100|[from] Grassy Terrain\n|-heal|p1a: Passionfruit|99\/100|[from] Grassy Terrain\n|upkeep\n|turn|2\n|\n|t:|1700434987\n|switch|p1b: Heatran|Heatran, L50, F|100\/100\n|move|p2b: Indigo|Will-O-Wisp|p1b: Heatran\n|-start|p1b: Heatran|ability: Flash Fire\n|move|p1a: Passionfruit|Will-O-Wisp|p2a: DK\n|-status|p2a: DK|brn\n|move|p2a: DK|High Horsepower|p1a: Passionfruit\n|-supereffective|p1a: Passionfruit\n|-damage|p1a: Passionfruit|43\/100\n|-enditem|p1a: Passionfruit|Sitrus Berry|[eat]\n|-heal|p1a: Passionfruit|68\/100|[from] item: Sitrus Berry\n|\n|-heal|p2b: Indigo|99\/100|[from] Grassy Terrain\n|-heal|p1a: Passionfruit|73\/100|[from] Grassy Terrain\n|-damage|p2a: DK|95\/100 brn|[from] brn\n|upkeep\n|turn|3\n|\n|t:|1700435036\n|switch|p1a: One Dance|Urshifu-Rapid-Strike, L50, M|100\/100\n|switch|p2a: Danny|Arcanine-Hisui, L50, M|100\/100\n|-ability|p2a: Danny|Intimidate|boost\n|-unboost|p1a: One Dance|atk|1\n|-unboost|p1b: Heatran|atk|1\n|move|p2b: Indigo|Encore||[still]\n|-fail|p2b: Indigo\n|move|p1b: Heatran|Earth Power|p2b: Indigo\n|-supereffective|p2b: Indigo\n|-damage|p2b: Indigo|16\/100\n|\n|-heal|p2b: Indigo|22\/100|[from] Grassy Terrain\n|upkeep\n|turn|4\n|\n|t:|1700435060\n|switch|p1a: Passionfruit|Arcanine-Hisui, L50, M|73\/100\n|-ability|p1a: Passionfruit|Intimidate|boost\n|-unboost|p2a: Danny|atk|1\n|-unboost|p2b: Indigo|atk|1\n|switch|p2a: Lily|Ogerpon-Wellspring, L50, F|100\/100\n|move|p2b: Indigo|Psyshock|p1a: Passionfruit\n|-damage|p1a: Passionfruit|33\/100\n|move|p1b: Heatran|Earth Power|p2a: Lily\n|-resisted|p2a: Lily\n|-damage|p2a: Lily|81\/100\n|-unboost|p2a: Lily|spd|1\n|\n|-heal|p2b: Indigo|28\/100|[from] Grassy Terrain\n|-heal|p2a: Lily|87\/100|[from] Grassy Terrain\n|-heal|p1a: Passionfruit|39\/100|[from] Grassy Terrain\n|upkeep\n|turn|5\n|\n|t:|1700435080\n|switch|p2a: DK|Rillaboom, L50, M|95\/100 brn\n|move|p1b: Heatran|Protect|p1b: Heatran\n|-singleturn|p1b: Heatran|Protect\n|move|p2b: Indigo|Psyshock|p1a: Passionfruit\n|-damage|p1a: Passionfruit|0 fnt\n|faint|p1a: Passionfruit\n|\n|-heal|p2b: Indigo|34\/100|[from] Grassy Terrain\n|-heal|p2a: DK|100\/100 brn|[from] Grassy Terrain\n|-damage|p2a: DK|95\/100 brn|[from] brn\n|-fieldend|move: Grassy Terrain\n|upkeep\n|\n|t:|1700435086\n|switch|p1a: Over|Rillaboom, L50, M|100\/100\n|-fieldstart|move: Grassy Terrain|[from] ability: Grassy Surge|[of] p1a: Over\n|turn|6\n|\n|t:|1700435113\n|move|p1a: Over|Fake Out|p2a: DK\n|-crit|p2a: DK\n|-damage|p2a: DK|75\/100 brn\n|move|p2b: Indigo|Will-O-Wisp|p1a: Over\n|-status|p1a: Over|brn\n|move|p1b: Heatran|Magma Storm|p2a: DK\n|-supereffective|p2a: DK\n|-damage|p2a: DK|0 fnt\n|faint|p2a: DK\n|\n|-heal|p2b: Indigo|40\/100|[from] Grassy Terrain\n|-damage|p1a: Over|95\/100 brn|[from] brn\n|upkeep\n|\n|t:|1700435124\n|switch|p2a: Danny|Arcanine-Hisui, L50, M|100\/100\n|-ability|p2a: Danny|Intimidate|boost\n|-unboost|p1a: Over|atk|1\n|-unboost|p1b: Heatran|atk|1\n|turn|7\n|\n|t:|1700435145\n|move|p1a: Over|Grassy Glide|p2a: Danny\n|-damage|p2a: Danny|87\/100\n|move|p2b: Indigo|Psyshock|p1a: Over\n|-damage|p1a: Over|57\/100 brn\n|move|p2a: Danny|Head Smash|p1b: Heatran|[miss]\n|-miss|p2a: Danny|p1b: Heatran\n|move|p1b: Heatran|Earth Power|p2a: Danny\n|-supereffective|p2a: Danny\n|-damage|p2a: Danny|0 fnt\n|faint|p2a: Danny\n|\n|-heal|p2b: Indigo|46\/100|[from] Grassy Terrain\n|-heal|p1a: Over|62\/100 brn|[from] Grassy Terrain\n|-damage|p1a: Over|57\/100 brn|[from] brn\n|upkeep\n|\n|t:|1700435154\n|switch|p2a: Lily|Ogerpon-Wellspring, L50, F|87\/100\n|turn|8\n|\n|t:|1700435175\n|-terastallize|p1b: Heatran|Fairy\n|move|p1a: Over|Grassy Glide|p2a: Lily\n|-damage|p2a: Lily|73\/100\n|move|p2b: Indigo|Psyshock|p1a: Over\n|-damage|p1a: Over|23\/100 brn\n|move|p2a: Lily|Ivy Cudgel|p1b: Heatran|[anim] Ivy Cudgel Water\n|-damage|p1b: Heatran|42\/100\n|move|p1b: Heatran|Magma Storm|p2a: Lily|[miss]\n|-miss|p1b: Heatran|p2a: Lily\n|\n|-heal|p2b: Indigo|52\/100|[from] Grassy Terrain\n|-heal|p2a: Lily|79\/100|[from] Grassy Terrain\n|-heal|p1a: Over|29\/100 brn|[from] Grassy Terrain\n|-heal|p1b: Heatran|48\/100|[from] Grassy Terrain\n|-heal|p1b: Heatran|54\/100|[from] item: Leftovers\n|-damage|p1a: Over|23\/100 brn|[from] brn\n|upkeep\n|turn|9\n|\n|t:|1700435203\n|switch|p1a: One Dance|Urshifu-Rapid-Strike, L50, M|100\/100\n|move|p2a: Lily|Spiky Shield|p2a: Lily\n|-singleturn|p2a: Lily|move: Protect\n|move|p1b: Heatran|Protect|p1b: Heatran\n|-singleturn|p1b: Heatran|Protect\n|move|p2b: Indigo|Psyshock|p1b: Heatran\n|-activate|p1b: Heatran|move: Protect\n|\n|-heal|p2b: Indigo|58\/100|[from] Grassy Terrain\n|-heal|p2a: Lily|85\/100|[from] Grassy Terrain\n|-heal|p1b: Heatran|60\/100|[from] Grassy Terrain\n|-heal|p1b: Heatran|66\/100|[from] item: Leftovers\n|upkeep\n|turn|10\n|\n|t:|1700435224\n|-end|p1b: Heatran|ability: Flash Fire|[silent]\n|switch|p1b: Over|Rillaboom, L50, M|23\/100 brn\n|-terastallize|p2a: Lily|Water\n|detailschange|p2a: Lily|Ogerpon-Wellspring-Tera, L50, F, tera:Water\n|-ability|p2a: Lily|Embody Aspect (Wellspring)|boost\n|-boost|p2a: Lily|spd|1\n|move|p2a: Lily|Follow Me|p2a: Lily\n|-singleturn|p2a: Lily|move: Follow Me\n|move|p1a: One Dance|Surging Strikes|p2a: Lily\n|-resisted|p2a: Lily\n|-crit|p2a: Lily\n|-damage|p2a: Lily|74\/100\n|-resisted|p2a: Lily\n|-crit|p2a: Lily\n|-damage|p2a: Lily|62\/100\n|-resisted|p2a: Lily\n|-crit|p2a: Lily\n|-damage|p2a: Lily|49\/100\n|-hitcount|p2a: Lily|3\n|move|p2b: Indigo|Psyshock|p1a: One Dance\n|-supereffective|p1a: One Dance\n|-damage|p1a: One Dance|31\/100\n|\n|-heal|p1a: One Dance|36\/100|[from] Grassy Terrain\n|-heal|p2b: Indigo|64\/100|[from] Grassy Terrain\n|-heal|p2a: Lily|55\/100|[from] Grassy Terrain\n|-heal|p1b: Over|29\/100 brn|[from] Grassy Terrain\n|-damage|p1b: Over|23\/100 brn|[from] brn\n|-fieldend|move: Grassy Terrain\n|upkeep\n|turn|11\n|c|\u2606scrapsorra|I forgot how ogerpon works\n|\n|t:|1700435258\n|switch|p1a: Heatran|Heatran, L50, F, tera:Fairy|66\/100\n|move|p2b: Indigo|Psyshock|p1a: Heatran\n|-damage|p1a: Heatran|35\/100\n|move|p2a: Lily|Horn Leech|p1a: Heatran\n|-damage|p1a: Heatran|0 fnt\n|-heal|p2a: Lily|74\/100|[from] drain|[of] p1a: Heatran\n|faint|p1a: Heatran\n|move|p1b: Over|Wood Hammer|p2a: Lily\n|-supereffective|p2a: Lily\n|-damage|p2a: Lily|5\/100\n|-damage|p1b: Over|2\/100 brn|[from] Recoil\n|\n|-damage|p1b: Over|0 fnt|[from] brn\n|faint|p1b: Over\n|upkeep\n|\n|t:|1700435267\n|switch|p1a: One Dance|Urshifu-Rapid-Strike, L50, M|36\/100\n|turn|12\n|\n|t:|1700435272\n|move|p2a: Lily|Follow Me|p2a: Lily\n|-singleturn|p2a: Lily|move: Follow Me\n|move|p1a: One Dance|Surging Strikes|p2a: Lily\n|-resisted|p2a: Lily\n|-crit|p2a: Lily\n|-damage|p2a: Lily|0 fnt\n|faint|p2a: Lily\n|-hitcount|p2: Lily|1\n|move|p2b: Indigo|Psyshock|p1a: One Dance\n|-supereffective|p1a: One Dance\n|-damage|p1a: One Dance|0 fnt\n|faint|p1a: One Dance\n|\n|win|scrapsorra\n|raw|raul6248's rating: 1469 &rarr; <strong>1448<\/strong><br \/>(-21 for losing)\n|raw|scrapsorra's rating: 1456 &rarr; <strong>1477<\/strong><br \/>(+21 for winning)\n|c|\u2606scrapsorra|gg\n|c|\u2606raul6248|Gg\n|c|\u2606scrapsorra|wp\n|c|\u2606raul6248|U2\n|l|\u2606scrapsorra\n","uploadtime":1700435304,"views":10,"p1id":"raul6248","p2id":"scrapsorra","formatid":"gen9vgc2023regulatione","rating":1448,"private":0,"password":""}