{"id":"gen9vgc2023regulatione-1997869374","p1":"czszscbv","p2":"Kzkzjrjzk","format":"[Gen 9] VGC 2023 Regulation E","log":"|j|\u2606czszscbv\n|j|\u2606Kzkzjrjzk\n|t:|1700861777\n|gametype|doubles\n|player|p1|czszscbv|170|1000\n|player|p2|Kzkzjrjzk|lance|1075\n|teamsize|p1|6\n|teamsize|p2|6\n|gen|9\n|tier|[Gen 9] VGC 2023 Regulation E\n|rated|\n|rule|Species Clause: Limit one of each Pok\u00e9mon\n|rule|Item Clause: Limit one of each item\n|clearpoke\n|poke|p1|Dusclops, L50, M|\n|poke|p1|Torkoal, L50, F|\n|poke|p1|Chi-Yu, L50|\n|poke|p1|Gothitelle, L50, M|\n|poke|p1|Flutter Mane, L50|\n|poke|p1|Vikavolt, L50, M|\n|poke|p2|Flutter Mane, L50|\n|poke|p2|Tornadus, L50, M|\n|poke|p2|Rillaboom, L50, M|\n|poke|p2|Garganacl, L50, F|\n|poke|p2|Arcanine-Hisui, L50, M|\n|poke|p2|Chien-Pao, L50|\n|teampreview|4\n|inactive|Battle timer is ON: inactive players will automatically lose when time's up. (requested by czszscbv)\nczszscbv rejected open team sheets.\n|\n|t:|1700861796\n|start\n|switch|p1a: Gothitelle|Gothitelle, L50, M|100\/100\n|switch|p1b: Dusclops|Dusclops, L50, M|100\/100\n|switch|p2a: Tornadus|Tornadus, L50, M|100\/100\n|switch|p2b: Arcanine|Arcanine-Hisui, L50, M|100\/100\n|-ability|p2b: Arcanine|Intimidate|boost\n|-unboost|p1a: Gothitelle|atk|1\n|-unboost|p1b: Dusclops|atk|1\n|-item|p2a: Tornadus|Rocky Helmet|[from] ability: Frisk|[of] p1b: Dusclops|[identify]\n|-item|p2b: Arcanine|Choice Band|[from] ability: Frisk|[of] p1b: Dusclops|[identify]\n|turn|1\n|\n|t:|1700861811\n|move|p1a: Gothitelle|Fake Out|p2a: Tornadus\n|-damage|p2a: Tornadus|95\/100\n|-damage|p1a: Gothitelle|84\/100|[from] item: Rocky Helmet|[of] p2a: Tornadus\n|cant|p2a: Tornadus|flinch\n|move|p2b: Arcanine|Rock Slide|p1b: Dusclops|[spread] p1a,p1b\n|-damage|p1a: Gothitelle|51\/100\n|-damage|p1b: Dusclops|76\/100\n|move|p1b: Dusclops|Trick Room|p1b: Dusclops\n|-fieldstart|move: Trick Room|[of] p1b: Dusclops\n|\n|upkeep\n|turn|2\n|\n|t:|1700861829\n|move|p2a: Tornadus|Taunt|p1a: Gothitelle\n|-start|p1a: Gothitelle|move: Taunt\n|move|p1b: Dusclops|Gravity|p1b: Dusclops\n|-fieldstart|move: Gravity\n|cant|p1a: Gothitelle|move: Taunt|Hypnosis\n|move|p2b: Arcanine|Rock Slide|p1a: Gothitelle|[spread] p1a,p1b\n|-damage|p1a: Gothitelle|15\/100\n|-damage|p1b: Dusclops|51\/100\n|\n|upkeep\n|turn|3\n|\n|t:|1700861841\n|move|p1b: Dusclops|Night Shade|p2b: Arcanine\n|-damage|p2b: Arcanine|71\/100\n|move|p1a: Gothitelle|Psychic|p2b: Arcanine\n|-damage|p2b: Arcanine|37\/100\n|-unboost|p2b: Arcanine|spd|1\n|move|p2a: Tornadus|Bleakwind Storm|p1a: Gothitelle|[spread] p1a,p1b\n|-damage|p1a: Gothitelle|0 fnt\n|-damage|p1b: Dusclops|35\/100\n|faint|p1a: Gothitelle\n|move|p2b: Arcanine|Rock Slide|p1b: Dusclops\n|-crit|p1b: Dusclops\n|-damage|p1b: Dusclops|0 fnt\n|faint|p1b: Dusclops\n|\n|upkeep\n|\n|t:|1700861844\n|switch|p1b: Vikavolt|Vikavolt, L50, M|100\/100\n|switch|p1a: Torkoal|Torkoal, L50, F|100\/100\n|-weather|SunnyDay|[from] ability: Drought|[of] p1a: Torkoal\n|turn|4\n|\n|t:|1700861866\n|switch|p2b: Garganacl|Garganacl, L50, F|100\/100\n|move|p1a: Torkoal|Eruption|p2a: Tornadus|[spread] p2a,p2b\n|-resisted|p2b: Garganacl\n|-damage|p2a: Tornadus|7\/100\n|-damage|p2b: Garganacl|65\/100\n|move|p1b: Vikavolt|Thunderbolt|p2b: Garganacl\n|-damage|p2b: Garganacl|24\/100\n|-enditem|p2b: Garganacl|Sitrus Berry|[eat]\n|-heal|p2b: Garganacl|49\/100|[from] item: Sitrus Berry\n|move|p2a: Tornadus|Bleakwind Storm|p1a: Torkoal|[spread] p1a,p1b\n|-damage|p1a: Torkoal|61\/100\n|-damage|p1b: Vikavolt|63\/100\n|\n|-weather|SunnyDay|[upkeep]\n|upkeep\n|turn|5\n|\n|t:|1700861883\n|-terastallize|p1a: Torkoal|Fire\n|move|p2b: Garganacl|Protect|p2b: Garganacl\n|-singleturn|p2b: Garganacl|Protect\n|move|p1a: Torkoal|Eruption|p2b: Garganacl|[spread] p2a\n|-activate|p2b: Garganacl|move: Protect\n|-damage|p2a: Tornadus|0 fnt\n|faint|p2a: Tornadus\n|move|p1b: Vikavolt|Thunderbolt|p2b: Garganacl\n|-activate|p2b: Garganacl|move: Protect\n|\n|-weather|SunnyDay|[upkeep]\n|-fieldend|move: Trick Room\n|upkeep\n|\n|t:|1700861890\n|switch|p2a: Arcanine|Arcanine-Hisui, L50, M|37\/100\n|-ability|p2a: Arcanine|Intimidate|boost\n|-unboost|p1a: Torkoal|atk|1\n|-unboost|p1b: Vikavolt|atk|1\n|turn|6\n|\n|t:|1700861897\n|move|p2a: Arcanine|Rock Slide|p1b: Vikavolt|[spread] p1a,p1b\n|-supereffective|p1a: Torkoal\n|-supereffective|p1b: Vikavolt\n|-damage|p1a: Torkoal|0 fnt\n|-damage|p1b: Vikavolt|0 fnt\n|faint|p1a: Torkoal\n|faint|p1b: Vikavolt\n|\n|win|Kzkzjrjzk\n|raw|czszscbv's rating: 1000 &rarr; <strong>1000<\/strong><br \/>(+0 for losing)\n|raw|Kzkzjrjzk's rating: 1075 &rarr; <strong>1098<\/strong><br \/>(+23 for winning)\n|l|\u2606czszscbv\n","uploadtime":1700861908,"views":3,"p1id":"czszscbv","p2id":"kzkzjrjzk","formatid":"gen9vgc2023regulatione","rating":1000,"private":0,"password":""}