{"id":"gen9vgc2023regulatione-1998677532","p1":"That_Leek","p2":"Robert1211","format":"[Gen 9] VGC 2023 Regulation E","log":"|j|\u2606That_Leek\n|j|\u2606Robert1211\n|t:|1700971215\n|gametype|doubles\n|player|p1|That_Leek|blue-masters|1545\n|player|p2|Robert1211|101|1497\n|teamsize|p1|6\n|teamsize|p2|6\n|gen|9\n|tier|[Gen 9] VGC 2023 Regulation E\n|rated|\n|rule|Species Clause: Limit one of each Pok\u00e9mon\n|rule|Item Clause: Limit one of each item\n|clearpoke\n|poke|p1|Gholdengo, L50|\n|poke|p1|Ogerpon-Wellspring, L50, F|\n|poke|p1|Arcanine-Hisui, L50, F|\n|poke|p1|Chien-Pao, L50|\n|poke|p1|Scream Tail, L50|\n|poke|p1|Dragonite, L50, M|\n|poke|p2|Ogerpon-Cornerstone, L50, F|\n|poke|p2|Indeedee-F, L50, F|\n|poke|p2|Tornadus, L50, M|\n|poke|p2|Flutter Mane, L50|\n|poke|p2|Landorus, L50, M|\n|poke|p2|Arcanine-Hisui, L50, F|\n|teampreview|4\nThat_Leek has agreed to open team sheets.\n|j| TestingE10\n|\n|t:|1700971249\n|start\n|switch|p1a: Gholdengo|Gholdengo, L50|100\/100\n|switch|p1b: Scream Tail|Scream Tail, L50|100\/100\n|switch|p2a: Indeedee|Indeedee-F, L50, F|100\/100\n|switch|p2b: Arcanine|Arcanine-Hisui, L50, F|100\/100\n|-ability|p2b: Arcanine|Intimidate|boost\n|-unboost|p1a: Gholdengo|atk|1\n|-unboost|p1b: Scream Tail|atk|1\n|-fieldstart|move: Psychic Terrain|[from] ability: Psychic Surge|[of] p2a: Indeedee\n|-enditem|p1b: Scream Tail|Booster Energy\n|-activate|p1b: Scream Tail|ability: Protosynthesis|[fromitem]\n|-start|p1b: Scream Tail|protosynthesisspe\n|turn|1\n|\n|t:|1700971283\n|-terastallize|p1a: Gholdengo|Water\n|move|p2a: Indeedee|Protect|p2a: Indeedee\n|-singleturn|p2a: Indeedee|Protect\n|move|p1b: Scream Tail|Thunder Wave|p2a: Indeedee\n|-activate|p2a: Indeedee|move: Protect\n|move|p2b: Arcanine|Flare Blitz|p1a: Gholdengo\n|-resisted|p1a: Gholdengo\n|-damage|p1a: Gholdengo|58\/100\n|-damage|p2b: Arcanine|85\/100|[from] Recoil\n|move|p1a: Gholdengo|Nasty Plot|p1a: Gholdengo\n|-boost|p1a: Gholdengo|spa|2\n|\n|upkeep\n|turn|2\n|\n|t:|1700971304\n|move|p2a: Indeedee|Helping Hand|p2b: Arcanine\n|-singleturn|p2b: Arcanine|Helping Hand|[of] p2a: Indeedee\n|move|p1b: Scream Tail|Thunder Wave|p2b: Arcanine\n|-status|p2b: Arcanine|par\n|move|p1a: Gholdengo|Make It Rain|p2b: Arcanine|[spread] p2a,p2b\n|-damage|p2a: Indeedee|7\/100\n|-damage|p2b: Arcanine|0 fnt\n|-unboost|p1a: Gholdengo|spa|1\n|faint|p2b: Arcanine\n|\n|upkeep\n|\n|t:|1700971315\n|switch|p2b: Landorus|Landorus, L50, M|100\/100\n|turn|3\n|\n|t:|1700971330\n|-terastallize|p2b: Landorus|Water\n|move|p2a: Indeedee|Helping Hand|p2b: Landorus\n|-singleturn|p2b: Landorus|Helping Hand|[of] p2a: Indeedee\n|move|p1a: Gholdengo|Protect|p1a: Gholdengo\n|-singleturn|p1a: Gholdengo|Protect\n|move|p1b: Scream Tail|Play Rough|p2a: Indeedee\n|-damage|p2a: Indeedee|0 fnt\n|-damage|p1b: Scream Tail|84\/100|[from] item: Rocky Helmet|[of] p2a: Indeedee\n|faint|p2a: Indeedee\n|move|p2b: Landorus|Sandsear Storm|p1a: Gholdengo|[spread] p1b\n|-activate|p1a: Gholdengo|move: Protect\n|-damage|p1b: Scream Tail|19\/100\n|\n|upkeep\n|\n|t:|1700971343\n|switch|p2a: Flutter Mane|Flutter Mane, L50|100\/100\n|-enditem|p2a: Flutter Mane|Booster Energy\n|-activate|p2a: Flutter Mane|ability: Protosynthesis|[fromitem]\n|-start|p2a: Flutter Mane|protosynthesisspa\n|turn|4\n|l| TestingE10\n|\n|t:|1700971371\n|move|p2a: Flutter Mane|Protect|p2a: Flutter Mane\n|-singleturn|p2a: Flutter Mane|Protect\n|move|p1b: Scream Tail|Thunder Wave|p2b: Landorus\n|-status|p2b: Landorus|par\n|move|p1a: Gholdengo|Make It Rain|p2b: Landorus|[spread] p2b\n|-activate|p2a: Flutter Mane|move: Protect\n|-resisted|p2b: Landorus\n|-damage|p2b: Landorus|53\/100 par\n|-unboost|p1a: Gholdengo|spa|1\n|cant|p2b: Landorus|par\n|\n|upkeep\n|turn|5\n|\n|t:|1700971387\n|move|p1b: Scream Tail|Thunder Wave|p2a: Flutter Mane\n|-status|p2a: Flutter Mane|par\n|move|p1a: Gholdengo|Make It Rain|p2b: Landorus|[spread] p2a,p2b\n|-supereffective|p2a: Flutter Mane\n|-resisted|p2b: Landorus\n|-damage|p2a: Flutter Mane|1\/100 par\n|-damage|p2b: Landorus|22\/100 par\n|-unboost|p1a: Gholdengo|spa|1\n|move|p2a: Flutter Mane|Shadow Ball|p1a: Gholdengo\n|-damage|p1a: Gholdengo|2\/100\n|-enditem|p1a: Gholdengo|Sitrus Berry|[eat]\n|-heal|p1a: Gholdengo|26\/100|[from] item: Sitrus Berry\n|move|p2b: Landorus|Sandsear Storm|p1a: Gholdengo|[spread] p1a,p1b\n|-damage|p1a: Gholdengo|0 fnt\n|-damage|p1b: Scream Tail|0 fnt\n|faint|p1a: Gholdengo\n|faint|p1b: Scream Tail\n|-end|p1b: Scream Tail|Protosynthesis|[silent]\n|\n|-fieldend|move: Psychic Terrain\n|upkeep\n|\n|t:|1700971413\n|switch|p1b: Chien-Pao|Chien-Pao, L50|100\/100\n|switch|p1a: Arcanine|Arcanine-Hisui, L50, F|100\/100\n|-ability|p1b: Chien-Pao|Sword of Ruin\n|-ability|p1a: Arcanine|Intimidate|boost\n|-unboost|p2a: Flutter Mane|atk|1\n|-unboost|p2b: Landorus|atk|1\n|turn|6\n|\n|t:|1700971429\n|move|p1b: Chien-Pao|Sacred Sword|p2b: Landorus\n|-damage|p2b: Landorus|0 fnt\n|faint|p2b: Landorus\n|move|p1a: Arcanine|Rock Slide|p2a: Flutter Mane\n|-damage|p2a: Flutter Mane|0 fnt\n|faint|p2a: Flutter Mane\n|-end|p2a: Flutter Mane|Protosynthesis|[silent]\n|\n|win|That_Leek\n|raw|That_Leek's rating: 1523 &rarr; <strong>1542<\/strong><br \/>(+19 for winning)\n|raw|Robert1211's rating: 1497 &rarr; <strong>1478<\/strong><br \/>(-19 for losing)\n","uploadtime":1700971432,"views":2,"p1id":"thatleek","p2id":"robert1211","formatid":"gen9vgc2023regulatione","rating":1478,"private":0,"password":""}