{"id":"gen9vgc2023regulatione-1992786382","p1":"yabaika","p2":"Csenbored","format":"[Gen 9] VGC 2023 Regulation E","log":"|j|\u2606yabaika\n|j|\u2606Csenbored\n|t:|1700235339\n|gametype|doubles\n|player|p1|yabaika|ethan|1236\n|player|p2|Csenbored|2|1329\n|teamsize|p1|6\n|teamsize|p2|6\n|gen|9\n|tier|[Gen 9] VGC 2023 Regulation E\n|rated|\n|rule|Species Clause: Limit one of each Pok\u00e9mon\n|rule|Item Clause: Limit one of each item\n|clearpoke\n|poke|p1|Regieleki, L50|\n|poke|p1|Chi-Yu, L50|\n|poke|p1|Indeedee-F, L50, F|\n|poke|p1|Tornadus, L50, M|\n|poke|p1|Ogerpon-Wellspring, L50, F|\n|poke|p1|Flutter Mane, L50|\n|poke|p2|Gholdengo, L50|\n|poke|p2|Iron Hands, L50|\n|poke|p2|Amoonguss, L50, F|\n|poke|p2|Iron Bundle, L50|\n|poke|p2|Pelipper, L50, F|\n|poke|p2|Salamence, L50, F|\n|teampreview|4\n|inactive|Battle timer is ON: inactive players will automatically lose when time's up. (requested by Csenbored)\nyabaika has agreed to open team sheets.\n|inactive|Csenbored has 60 seconds left.\n|inactive|Csenbored has 30 seconds left.\n|inactive|Csenbored has 20 seconds left.\n|inactive|Csenbored has 15 seconds left.\n|inactive|Csenbored has 10 seconds left.\n|\n|t:|1700235432\n|start\n|switch|p1a: Regieleki|Regieleki, L50|100\/100\n|switch|p1b: Chi-Yu|Chi-Yu, L50|100\/100\n|switch|p2a: Iron Hands|Iron Hands, L50|100\/100\n|switch|p2b: Iron Bundle|Iron Bundle, L50|100\/100\n|-ability|p1b: Chi-Yu|Beads of Ruin\n|-enditem|p2b: Iron Bundle|Booster Energy\n|-activate|p2b: Iron Bundle|ability: Quark Drive|[fromitem]\n|-start|p2b: Iron Bundle|quarkdrivespe\n|turn|1\n|inactive|yabaika has 30 seconds left.\n|\n|t:|1700235464\n|switch|p1b: Flutter Mane|Flutter Mane, L50|100\/100\n|-enditem|p1b: Flutter Mane|Booster Energy\n|-activate|p1b: Flutter Mane|ability: Protosynthesis|[fromitem]\n|-start|p1b: Flutter Mane|protosynthesisspa\n|move|p2a: Iron Hands|Fake Out|p1a: Regieleki\n|-damage|p1a: Regieleki|68\/100\n|cant|p1a: Regieleki|flinch\n|move|p2b: Iron Bundle|Icy Wind|p1a: Regieleki|[spread] p1a,p1b\n|-damage|p1a: Regieleki|32\/100\n|-damage|p1b: Flutter Mane|83\/100\n|-unboost|p1a: Regieleki|spe|1\n|-unboost|p1b: Flutter Mane|spe|1\n|\n|upkeep\n|turn|2\n|inactive|yabaika has 30 seconds left.\n|\n|t:|1700235489\n|-terastallize|p1b: Flutter Mane|Fairy\n|move|p1a: Regieleki|Protect|p1a: Regieleki\n|-singleturn|p1a: Regieleki|Protect\n|move|p2b: Iron Bundle|Freeze-Dry|p1a: Regieleki\n|-activate|p1a: Regieleki|move: Protect\n|move|p1b: Flutter Mane|Moonblast|p2a: Iron Hands\n|-supereffective|p2a: Iron Hands\n|-damage|p2a: Iron Hands|0 fnt\n|faint|p2a: Iron Hands\n|-end|p2a: Iron Hands|Quark Drive|[silent]\n|\n|upkeep\n|inactive|Csenbored has 30 seconds left.\n|inactive|Csenbored has 20 seconds left.\n|inactive|Csenbored has 15 seconds left.\n|inactive|Csenbored has 10 seconds left.\n|inactive|Csenbored has 5 seconds left.\n|\n|t:|1700235544\n|switch|p2a: Amoonguss|Amoonguss, L50, F|100\/100\n|turn|3\n|\n|t:|1700235564\n|switch|p1a: Chi-Yu|Chi-Yu, L50|100\/100\n|-ability|p1a: Chi-Yu|Beads of Ruin\n|move|p2b: Iron Bundle|Protect|p2b: Iron Bundle\n|-singleturn|p2b: Iron Bundle|Protect\n|move|p1b: Flutter Mane|Moonblast|p2b: Iron Bundle\n|-activate|p2b: Iron Bundle|move: Protect\n|move|p2a: Amoonguss|Pollen Puff|p1a: Chi-Yu\n|-damage|p1a: Chi-Yu|80\/100\n|\n|upkeep\n|turn|4\n|\n|t:|1700235584\n|switch|p1a: Indeedee|Indeedee-F, L50, F|100\/100\n|-fieldstart|move: Psychic Terrain|[from] ability: Psychic Surge|[of] p1a: Indeedee\n|-enditem|p1a: Indeedee|Psychic Seed\n|-boost|p1a: Indeedee|spd|1|[from] item: Psychic Seed\n|move|p2a: Amoonguss|Rage Powder|p2a: Amoonguss\n|-singleturn|p2a: Amoonguss|move: Rage Powder\n|move|p2b: Iron Bundle|Icy Wind|p1a: Indeedee|[spread] p1a,p1b\n|-damage|p1a: Indeedee|89\/100\n|-damage|p1b: Flutter Mane|67\/100\n|-unboost|p1a: Indeedee|spe|1\n|-unboost|p1b: Flutter Mane|spe|1\n|move|p1b: Flutter Mane|Moonblast|p2a: Amoonguss\n|-resisted|p2a: Amoonguss\n|-damage|p2a: Amoonguss|63\/100\n|\n|upkeep\n|turn|5\n|\n|t:|1700235601\n|move|p1a: Indeedee|Helping Hand|p1b: Flutter Mane\n|-singleturn|p1b: Flutter Mane|Helping Hand|[of] p1a: Indeedee\n|move|p2b: Iron Bundle|Protect|p2b: Iron Bundle\n|-singleturn|p2b: Iron Bundle|Protect\n|move|p1b: Flutter Mane|Shadow Ball|p2a: Amoonguss\n|-damage|p2a: Amoonguss|0 fnt\n|faint|p2a: Amoonguss\n|\n|upkeep\n|\n|t:|1700235624\n|switch|p2a: Salamence|Salamence, L50, F|100\/100\n|-ability|p2a: Salamence|Intimidate|boost\n|-unboost|p1a: Indeedee|atk|1\n|-unboost|p1b: Flutter Mane|atk|1\n|turn|6\n|\n|t:|1700235631\n|-terastallize|p2a: Salamence|Flying\n|move|p1a: Indeedee|Follow Me|p1a: Indeedee\n|-singleturn|p1a: Indeedee|move: Follow Me\n|move|p2b: Iron Bundle|Icy Wind|p1b: Flutter Mane|[spread] p1a,p1b\n|-damage|p1a: Indeedee|75\/100\n|-damage|p1b: Flutter Mane|49\/100\n|-unboost|p1a: Indeedee|spe|1\n|-unboost|p1b: Flutter Mane|spe|1\n|move|p2a: Salamence|Air Slash|p1a: Indeedee\n|-damage|p1a: Indeedee|43\/100\n|move|p1b: Flutter Mane|Moonblast|p2a: Salamence\n|-damage|p2a: Salamence|0 fnt\n|faint|p2a: Salamence\n|\n|upkeep\n|turn|7\n|\n|t:|1700235646\n|move|p1a: Indeedee|Follow Me|p1a: Indeedee\n|-singleturn|p1a: Indeedee|move: Follow Me\n|move|p2b: Iron Bundle|Hydro Pump|p1a: Indeedee|[miss]\n|-miss|p2b: Iron Bundle|p1a: Indeedee\n|move|p1b: Flutter Mane|Moonblast|p2b: Iron Bundle\n|-damage|p2b: Iron Bundle|0 fnt\n|faint|p2b: Iron Bundle\n|-end|p2b: Iron Bundle|Quark Drive|[silent]\n|\n|win|yabaika\n|raw|yabaika's rating: 1236 &rarr; <strong>1268<\/strong><br \/>(+32 for winning)\n|raw|Csenbored's rating: 1329 &rarr; <strong>1304<\/strong><br \/>(-25 for losing)\n|l|\u2606Csenbored\n","uploadtime":1700235655,"views":12,"p1id":"yabaika","p2id":"csenbored","formatid":"gen9vgc2023regulatione","rating":1268,"private":0,"password":""}