{"id":"gen9vgc2023regulatione-1996980230","p1":"wafflemetal","p2":"Triple An Axel","format":"[Gen 9] VGC 2023 Regulation E","log":"|j|\u2606wafflemetal\n|j|\u2606Triple An Axel\n|t:|1700752108\n|gametype|doubles\n|player|p1|wafflemetal|265|1263\n|player|p2|Triple An Axel|caitlin|1263\n|teamsize|p1|6\n|teamsize|p2|6\n|gen|9\n|tier|[Gen 9] VGC 2023 Regulation E\n|rated|\n|rule|Species Clause: Limit one of each Pok\u00e9mon\n|rule|Item Clause: Limit one of each item\n|clearpoke\n|poke|p1|Flutter Mane, L50|\n|poke|p1|Ogerpon-Wellspring, L50, F|\n|poke|p1|Iron Hands, L50|\n|poke|p1|Clefairy, L50, M|\n|poke|p1|Kingambit, L50, M|\n|poke|p1|Landorus-Therian, L50, M|\n|poke|p2|Ogerpon-Wellspring, L50, F|\n|poke|p2|Amoonguss, L50, M|\n|poke|p2|Tornadus, L50, M|\n|poke|p2|Iron Hands, L50|\n|poke|p2|Politoed, L50, M|\n|poke|p2|Roaring Moon, L50|\n|teampreview|4\n|inactive|Battle timer is ON: inactive players will automatically lose when time's up. (requested by Triple An Axel)\n|inactive|Triple An Axel has 60 seconds left.\n|inactive|Triple An Axel has 30 seconds left.\n|\n|t:|1700752180\n|start\n|switch|p1a: Iron Hands|Iron Hands, L50|100\/100\n|switch|p1b: Landorus|Landorus-Therian, L50, M|100\/100\n|switch|p2a: Tornadus|Tornadus, L50, M|100\/100\n|switch|p2b: Roaring Moon|Roaring Moon, L50|100\/100\n|-ability|p1b: Landorus|Intimidate|boost\n|-unboost|p2a: Tornadus|atk|1\n|-unboost|p2b: Roaring Moon|atk|1\n|-enditem|p2b: Roaring Moon|Booster Energy\n|-activate|p2b: Roaring Moon|ability: Protosynthesis|[fromitem]\n|-start|p2b: Roaring Moon|protosynthesisspe\n|turn|1\n|inactive|wafflemetal has 30 seconds left.\n|\n|t:|1700752208\n|move|p2a: Tornadus|Tailwind|p2a: Tornadus\n|-sidestart|p2: Triple An Axel|move: Tailwind\n|move|p2b: Roaring Moon|Dragon Dance|p2b: Roaring Moon\n|-boost|p2b: Roaring Moon|atk|1\n|-boost|p2b: Roaring Moon|spe|1\n|move|p1b: Landorus|Rock Slide|p2a: Tornadus|[spread] p2a,p2b\n|-supereffective|p2a: Tornadus\n|-damage|p2a: Tornadus|23\/100\n|-damage|p2b: Roaring Moon|73\/100\n|move|p1a: Iron Hands|Drain Punch|p2b: Roaring Moon\n|-supereffective|p2b: Roaring Moon\n|-damage|p2b: Roaring Moon|0 fnt\n|faint|p2b: Roaring Moon\n|-end|p2b: Roaring Moon|Protosynthesis|[silent]\n|\n|upkeep\n|\n|t:|1700752213\n|switch|p2b: Ogerpon|Ogerpon-Wellspring, L50, F|100\/100\n|turn|2\n|\n|t:|1700752228\n|switch|p1b: clefa|Clefairy, L50, M|100\/100\n|move|p2a: Tornadus|Bleakwind Storm|p1b: clefa|[spread] p1a,p1b\n|-damage|p1a: Iron Hands|82\/100\n|-damage|p1b: clefa|63\/100\n|-unboost|p1a: Iron Hands|spe|1\n|move|p2b: Ogerpon|Ivy Cudgel|p1b: clefa|[anim] Ivy Cudgel Water\n|-crit|p1b: clefa\n|-damage|p1b: clefa|0 fnt\n|faint|p1b: clefa\n|move|p1a: Iron Hands|Wild Charge|p2b: Ogerpon\n|-damage|p2b: Ogerpon|34\/100\n|-damage|p1a: Iron Hands|70\/100|[from] Recoil\n|\n|upkeep\n|\n|t:|1700752244\n|switch|p1b: Flutter Mane|Flutter Mane, L50, shiny|100\/100\n|-enditem|p1b: Flutter Mane|Booster Energy\n|-activate|p1b: Flutter Mane|ability: Protosynthesis|[fromitem]\n|-start|p1b: Flutter Mane|protosynthesisspe\n|turn|3\n|\n|t:|1700752254\n|-end|p1a: Iron Hands|Quark Drive|[silent]\n|switch|p1a: Landorus|Landorus-Therian, L50, M|100\/100\n|-ability|p1a: Landorus|Intimidate|boost\n|-unboost|p2a: Tornadus|atk|1\n|-unboost|p2b: Ogerpon|atk|1\n|move|p1b: Flutter Mane|Protect|p1b: Flutter Mane\n|-singleturn|p1b: Flutter Mane|Protect\n|move|p2a: Tornadus|Bleakwind Storm|p1a: Landorus|[spread] p1a\n|-activate|p1b: Flutter Mane|move: Protect\n|-damage|p1a: Landorus|42\/100\n|move|p2b: Ogerpon|Ivy Cudgel|p1b: Flutter Mane|[anim] Ivy Cudgel Water\n|-activate|p1b: Flutter Mane|move: Protect\n|\n|upkeep\n|turn|4\n|\n|t:|1700752276\n|switch|p1a: Iron Hands|Iron Hands, L50|70\/100\n|move|p2a: Tornadus|Bleakwind Storm|p1b: Flutter Mane|[spread] p1a,p1b\n|-damage|p1a: Iron Hands|46\/100\n|-damage|p1b: Flutter Mane|54\/100\n|-unboost|p1a: Iron Hands|spe|1\n|move|p2b: Ogerpon|Ivy Cudgel|p1b: Flutter Mane|[anim] Ivy Cudgel Water\n|-damage|p1b: Flutter Mane|0 fnt\n|faint|p1b: Flutter Mane\n|-end|p1b: Flutter Mane|Protosynthesis|[silent]\n|\n|-sideend|p2: Triple An Axel|move: Tailwind\n|upkeep\n|\n|t:|1700752287\n|switch|p1b: Landorus|Landorus-Therian, L50, M|42\/100\n|-ability|p1b: Landorus|Intimidate|boost\n|-unboost|p2a: Tornadus|atk|1\n|-unboost|p2b: Ogerpon|atk|1\n|turn|5\n|\n|t:|1700752304\n|-terastallize|p1b: Landorus|Flying\n|move|p2a: Tornadus|Tailwind|p2a: Tornadus\n|-sidestart|p2: Triple An Axel|move: Tailwind\n|move|p2b: Ogerpon|Ivy Cudgel|p1a: Iron Hands|[anim] Ivy Cudgel Water\n|-damage|p1a: Iron Hands|24\/100\n|move|p1b: Landorus|Tera Blast|p2a: Tornadus|[anim] Tera Blast Flying\n|-damage|p2a: Tornadus|0 fnt\n|faint|p2a: Tornadus\n|move|p1a: Iron Hands|Drain Punch|p2b: Ogerpon\n|-damage|p2b: Ogerpon|0 fnt\n|-heal|p1a: Iron Hands|35\/100|[from] drain|[of] p2b: Ogerpon\n|faint|p2b: Ogerpon\n|\n|upkeep\n|\n|t:|1700752312\n|switch|p2b: Iron Hands|Iron Hands, L50|100\/100\n|turn|6\n|\n|t:|1700752324\n|move|p2b: Iron Hands|Wild Charge|p1b: Landorus\n|-supereffective|p1b: Landorus\n|-damage|p1b: Landorus|0 fnt\n|faint|p1b: Landorus\n|-damage|p2b: Iron Hands|93\/100|[from] Recoil\n|move|p1a: Iron Hands|Drain Punch|p2b: Iron Hands\n|-damage|p2b: Iron Hands|64\/100\n|-heal|p1a: Iron Hands|51\/100|[from] drain|[of] p2b: Iron Hands\n|\n|upkeep\n|turn|7\n|\n|t:|1700752337\n|move|p2b: Iron Hands|Drain Punch|p1a: Iron Hands\n|-damage|p1a: Iron Hands|27\/100\n|-heal|p2b: Iron Hands|74\/100|[from] drain|[of] p1a: Iron Hands\n|move|p1a: Iron Hands|Drain Punch|p2b: Iron Hands\n|-damage|p2b: Iron Hands|43\/100\n|-heal|p1a: Iron Hands|44\/100|[from] drain|[of] p2b: Iron Hands\n|-enditem|p2b: Iron Hands|Sitrus Berry|[eat]\n|-heal|p2b: Iron Hands|68\/100|[from] item: Sitrus Berry\n|\n|upkeep\n|turn|8\n|\n|t:|1700752356\n|move|p2b: Iron Hands|Drain Punch|p1a: Iron Hands\n|-damage|p1a: Iron Hands|20\/100\n|-heal|p2b: Iron Hands|79\/100|[from] drain|[of] p1a: Iron Hands\n|move|p1a: Iron Hands|Drain Punch|p2b: Iron Hands\n|-damage|p2b: Iron Hands|51\/100\n|-heal|p1a: Iron Hands|36\/100|[from] drain|[of] p2b: Iron Hands\n|\n|-sideend|p2: Triple An Axel|move: Tailwind\n|upkeep\n|turn|9\n|\n|t:|1700752366\n|move|p2b: Iron Hands|Drain Punch|p1a: Iron Hands\n|-damage|p1a: Iron Hands|12\/100\n|-heal|p2b: Iron Hands|62\/100|[from] drain|[of] p1a: Iron Hands\n|move|p1a: Iron Hands|Drain Punch|p2b: Iron Hands\n|-damage|p2b: Iron Hands|33\/100\n|-heal|p1a: Iron Hands|27\/100|[from] drain|[of] p2b: Iron Hands\n|\n|upkeep\n|turn|10\n|\n|t:|1700752376\n|move|p2b: Iron Hands|Drain Punch|p1a: Iron Hands\n|-crit|p1a: Iron Hands\n|-damage|p1a: Iron Hands|0 fnt\n|-heal|p2b: Iron Hands|46\/100|[from] drain|[of] p1a: Iron Hands\n|faint|p1a: Iron Hands\n|-end|p1a: Iron Hands|Quark Drive|[silent]\n|\n|win|Triple An Axel\n|raw|wafflemetal's rating: 1263 &rarr; <strong>1238<\/strong><br \/>(-25 for losing)\n|raw|Triple An Axel's rating: 1263 &rarr; <strong>1288<\/strong><br \/>(+25 for winning)\n|c|\u2606Triple An Axel|Gg\n|c|\u2606wafflemetal|GG\n|l|\u2606wafflemetal\n|c|\u2606Triple An Axel|Crit mattered I think\n","uploadtime":1700752400,"views":10,"p1id":"wafflemetal","p2id":"tripleanaxel","formatid":"gen9vgc2023regulatione","rating":1238,"private":0,"password":""}