{"id":"gen9vgc2023regulatione-1988142992","p1":"falcosan02","p2":"flower dance aa","format":"[Gen 9] VGC 2023 Regulation E","log":"|j|\u2606falcosan02\n|j|\u2606flower dance aa\n|t:|1699675006\n|gametype|doubles\n|player|p1|falcosan02|lucas|1447\n|player|p2|flower dance aa|caitlin|1358\n|teamsize|p1|6\n|teamsize|p2|6\n|gen|9\n|tier|[Gen 9] VGC 2023 Regulation E\n|rated|\n|rule|Species Clause: Limit one of each Pok\u00e9mon\n|rule|Item Clause: Limit one of each item\n|clearpoke\n|poke|p1|Tornadus, L50, M|\n|poke|p1|Gholdengo, L50|\n|poke|p1|Brambleghast, L50, M|\n|poke|p1|Urshifu-*, L50, M|\n|poke|p1|Regidrago, L50|\n|poke|p1|Farigiraf, L50, F|\n|poke|p2|Dusclops, L50, F|\n|poke|p2|Ursaluna-Bloodmoon, L50, M|\n|poke|p2|Iron Hands, L50|\n|poke|p2|Armarouge, L50, F|\n|poke|p2|Indeedee-F, L50, F|\n|poke|p2|Urshifu-*, L50, M|\n|teampreview|4\nflower dance aa rejected open team sheets.\n|inactive|Battle timer is ON: inactive players will automatically lose when time's up. (requested by flower dance aa)\n|inactive|falcosan02 has 60 seconds left.\n|\n|t:|1699675108\n|start\n|switch|p1a: Farigiraf|Farigiraf, L50, F|100\/100\n|switch|p1b: Regidrago|Regidrago, L50|100\/100\n|switch|p2a: Armarouge|Armarouge, L50, F|100\/100\n|switch|p2b: Indeedee|Indeedee-F, L50, F|100\/100\n|-fieldstart|move: Psychic Terrain|[from] ability: Psychic Surge|[of] p2b: Indeedee\n|turn|1\n|\n|t:|1699675124\n|move|p2a: Armarouge|Wide Guard|p2a: Armarouge\n|-singleturn|p2a: Armarouge|Wide Guard\n|move|p1b: Regidrago|Dragon Energy|p2b: Indeedee|[spread] \n|-activate|p2a: Armarouge|move: Wide Guard\n|-activate|p2b: Indeedee|move: Wide Guard\n|move|p2b: Indeedee|Psychic|p1b: Regidrago\n|-damage|p1b: Regidrago|58\/100\n|-unboost|p1b: Regidrago|spd|1\n|move|p1a: Farigiraf|Imprison|p1a: Farigiraf\n|-start|p1a: Farigiraf|move: Imprison\n|\n|upkeep\n|turn|2\n|inactive|falcosan02 has 30 seconds left.\n|inactive|flower dance aa has 30 seconds left.\n|inactive|falcosan02 has 20 seconds left.\n|inactive|flower dance aa has 20 seconds left.\n|inactive|flower dance aa has 15 seconds left.\n|inactive|flower dance aa has 10 seconds left.\n|\n|t:|1699675173\n|move|p2b: Indeedee|Helping Hand|p2a: Armarouge\n|-singleturn|p2a: Armarouge|Helping Hand|[of] p2b: Indeedee\n|move|p1b: Regidrago|Draco Meteor|p2a: Armarouge\n|-damage|p2a: Armarouge|0 fnt\n|-unboost|p1b: Regidrago|spa|2\n|faint|p2a: Armarouge\n|move|p1a: Farigiraf|Dazzling Gleam|p2b: Indeedee\n|-damage|p2b: Indeedee|77\/100\n|\n|upkeep\n|\n|t:|1699675198\n|switch|p2a: Ursaluna|Ursaluna-Bloodmoon, L50, M|100\/100\n|turn|3\n|inactive|falcosan02 has 30 seconds left.\n|\n|t:|1699675225\n|-terastallize|p2a: Ursaluna|Normal\n|move|p2b: Indeedee|Helping Hand|p2a: Ursaluna\n|-singleturn|p2a: Ursaluna|Helping Hand|[of] p2b: Indeedee\n|move|p1b: Regidrago|Draco Meteor|p2a: Ursaluna|[miss]\n|-miss|p1b: Regidrago|p2a: Ursaluna\n|move|p1a: Farigiraf|Psychic|p2a: Ursaluna\n|-damage|p2a: Ursaluna|43\/100\n|move|p2a: Ursaluna|Blood Moon|p1a: Farigiraf\n|-damage|p1a: Farigiraf|0 fnt\n|faint|p1a: Farigiraf\n|\n|upkeep\n|\n|t:|1699675240\n|switch|p1a: Gholdengo|Gholdengo, L50|100\/100\n|turn|4\n|\n|t:|1699675265\n|switch|p1b: Urshifu|Urshifu-Rapid-Strike, L50, M|100\/100\n|move|p2a: Ursaluna|Protect|p2a: Ursaluna\n|-singleturn|p2a: Ursaluna|Protect\n|move|p1a: Gholdengo|Make It Rain|p2b: Indeedee|[spread] p2b\n|-activate|p2a: Ursaluna|move: Protect\n|-damage|p2b: Indeedee|8\/100\n|-unboost|p1a: Gholdengo|spa|1\n|move|p2b: Indeedee|Trick Room|p2b: Indeedee\n|-fieldstart|move: Trick Room|[of] p2b: Indeedee\n|\n|upkeep\n|turn|5\n|\n|t:|1699675290\n|move|p1b: Urshifu|Detect|p1b: Urshifu\n|-singleturn|p1b: Urshifu|Protect\n|move|p2a: Ursaluna|Earth Power|p1a: Gholdengo\n|-supereffective|p1a: Gholdengo\n|-damage|p1a: Gholdengo|0 fnt\n|faint|p1a: Gholdengo\n|move|p2b: Indeedee|Psychic|p1b: Urshifu\n|-activate|p1b: Urshifu|move: Protect\n|\n|-fieldend|move: Psychic Terrain\n|upkeep\n|\n|t:|1699675301\n|switch|p1a: Regidrago|Regidrago, L50|58\/100\n|turn|6\n|inactive|falcosan02 has 30 seconds left.\n|inactive|falcosan02 has 20 seconds left.\n|\n|t:|1699675339\n|switch|p2b: Dusclops|Dusclops, L50, F|100\/100\n|-item|p1a: Regidrago|Draco Plate|[from] ability: Frisk|[of] p2b: Dusclops|[identify]\n|-item|p1b: Urshifu|Splash Plate|[from] ability: Frisk|[of] p2b: Dusclops|[identify]\n|-terastallize|p1b: Urshifu|Steel\n|move|p2a: Ursaluna|Protect|p2a: Ursaluna\n|-singleturn|p2a: Ursaluna|Protect\n|move|p1b: Urshifu|Aqua Jet|p2a: Ursaluna\n|-damage|p2a: Ursaluna|21\/100\n|move|p1a: Regidrago|Dragon Energy|p2b: Dusclops|[spread] p2b\n|-activate|p2a: Ursaluna|move: Protect\n|-damage|p2b: Dusclops|65\/100\n|\n|upkeep\n|turn|7\n|inactive|falcosan02 has 30 seconds left.\n|inactive|flower dance aa has 30 seconds left.\n|inactive|falcosan02 has 20 seconds left.\n|inactive|flower dance aa has 20 seconds left.\n|inactive|falcosan02 has 15 seconds left.\n|inactive|flower dance aa has 15 seconds left.\n|inactive|falcosan02 has 10 seconds left.\n|inactive|flower dance aa has 10 seconds left.\n|inactive|falcosan02 has 5 seconds left.\n|\n|t:|1699675391\n|switch|p2a: Indeedee|Indeedee-F, L50, F|8\/100\n|-fieldstart|move: Psychic Terrain|[from] ability: Psychic Surge|[of] p2a: Indeedee\n|move|p2b: Dusclops|Will-O-Wisp|p1b: Urshifu\n|-status|p1b: Urshifu|brn\n|move|p1a: Regidrago|Draco Meteor|p2a: Indeedee\n|-damage|p2a: Indeedee|0 fnt\n|-unboost|p1a: Regidrago|spa|2\n|faint|p2a: Indeedee\n|move|p1b: Urshifu|Surging Strikes|p2b: Dusclops\n|-crit|p2b: Dusclops\n|-damage|p2b: Dusclops|58\/100\n|-crit|p2b: Dusclops\n|-damage|p2b: Dusclops|51\/100\n|-crit|p2b: Dusclops\n|-damage|p2b: Dusclops|44\/100\n|-hitcount|p2b: Dusclops|3\n|\n|-damage|p1b: Urshifu|95\/100 brn|[from] brn\n|upkeep\n|\n|t:|1699675408\n|switch|p2a: Ursaluna|Ursaluna-Bloodmoon, L50, M, tera:Normal|21\/100\n|turn|8\n|\n|t:|1699675424\n|move|p1a: Regidrago|Protect|p1a: Regidrago\n|-singleturn|p1a: Regidrago|Protect\n|move|p1b: Urshifu|Detect|p1b: Urshifu\n|-singleturn|p1b: Urshifu|Protect\n|move|p2b: Dusclops|Pain Split|p1b: Urshifu\n|-activate|p1b: Urshifu|move: Protect\n|move|p2a: Ursaluna|Blood Moon|p1a: Regidrago\n|-activate|p1a: Regidrago|move: Protect\n|\n|-damage|p1b: Urshifu|89\/100 brn|[from] brn\n|-fieldend|move: Trick Room\n|upkeep\n|turn|9\n|inactive|falcosan02 has 30 seconds left.\n|\n|t:|1699675455\n|move|p2a: Ursaluna|Protect|p2a: Ursaluna\n|-singleturn|p2a: Ursaluna|Protect\n|move|p1b: Urshifu|Close Combat|p2a: Ursaluna\n|-supereffective|p2a: Ursaluna\n|-damage|p2a: Ursaluna|0 fnt\n|-unboost|p1b: Urshifu|def|1\n|-unboost|p1b: Urshifu|spd|1\n|faint|p2a: Ursaluna\n|move|p1a: Regidrago|Draco Meteor|p2b: Dusclops\n|-damage|p2b: Dusclops|11\/100\n|-unboost|p1a: Regidrago|spa|2\n|move|p2b: Dusclops|Trick Room|p2b: Dusclops\n|-fieldstart|move: Trick Room|[of] p2b: Dusclops\n|\n|-damage|p1b: Urshifu|83\/100 brn|[from] brn\n|upkeep\n|turn|10\n|\n|t:|1699675474\n|move|p2b: Dusclops|Pain Split|p1b: Urshifu\n|-sethp|p1b: Urshifu|46\/100 brn|[from] move: Pain Split|[silent]\n|-sethp|p2b: Dusclops|55\/100|[from] move: Pain Split\n|move|p1a: Regidrago|Draco Meteor|p2b: Dusclops\n|-damage|p2b: Dusclops|32\/100\n|-unboost|p1a: Regidrago|spa|2\n|move|p1b: Urshifu|Surging Strikes|p2b: Dusclops\n|-crit|p2b: Dusclops\n|-damage|p2b: Dusclops|25\/100\n|-crit|p2b: Dusclops\n|-damage|p2b: Dusclops|19\/100\n|-crit|p2b: Dusclops\n|-damage|p2b: Dusclops|13\/100\n|-hitcount|p2b: Dusclops|3\n|\n|-damage|p1b: Urshifu|40\/100 brn|[from] brn\n|upkeep\n|turn|11\n|\n|t:|1699675493\n|move|p2b: Dusclops|Pain Split|p1a: Regidrago\n|-sethp|p1a: Regidrago|32\/100|[from] move: Pain Split|[silent]\n|-sethp|p2b: Dusclops|60\/100|[from] move: Pain Split\n|move|p1a: Regidrago|Draco Meteor|p2b: Dusclops\n|-damage|p2b: Dusclops|44\/100\n|move|p1b: Urshifu|Surging Strikes|p2b: Dusclops\n|-crit|p2b: Dusclops\n|-damage|p2b: Dusclops|36\/100\n|-crit|p2b: Dusclops\n|-damage|p2b: Dusclops|29\/100\n|-crit|p2b: Dusclops\n|-damage|p2b: Dusclops|22\/100\n|-hitcount|p2b: Dusclops|3\n|\n|-damage|p1b: Urshifu|35\/100 brn|[from] brn\n|-fieldend|move: Psychic Terrain\n|upkeep\n|turn|12\n|\n|t:|1699675513\n|move|p2b: Dusclops|Brick Break|p1b: Urshifu\n|-supereffective|p1b: Urshifu\n|-damage|p1b: Urshifu|4\/100 brn\n|move|p1a: Regidrago|Draco Meteor|p2b: Dusclops\n|-damage|p2b: Dusclops|4\/100\n|move|p1b: Urshifu|Surging Strikes|p2b: Dusclops\n|-crit|p2b: Dusclops\n|-damage|p2b: Dusclops|0 fnt\n|faint|p2b: Dusclops\n|-hitcount|p2: Dusclops|1\n|\n|win|falcosan02\n|raw|falcosan02's rating: 1447 &rarr; <strong>1462<\/strong><br \/>(+15 for winning)\n|raw|flower dance aa's rating: 1358 &rarr; <strong>1343<\/strong><br \/>(-15 for losing)\n|l|\u2606flower dance aa\n","uploadtime":1699675544,"views":14,"p1id":"falcosan02","p2id":"flowerdanceaa","formatid":"gen9vgc2023regulatione","rating":1343,"private":0,"password":""}