{"id":"gen9vgc2023regulatione-2000469476","p1":"Slackermaru","p2":"5wamp","format":"[Gen 9] VGC 2023 Regulation E","log":"|j|\u2606Slackermaru\n|j|\u26065wamp\n|n|\u2606Slackermaru|slackermaru\n|n|\u26065wamp|5wamp\n|html|View the match progress at <a href=\"\/game-bestof3-gen9vgc2023regulatione-2000469475\">game-bestof3-gen9vgc2023regulatione-2000469475<\/a>\n|t:|1701197437\n|gametype|doubles\n|player|p1|Slackermaru|workerice|\n|player|p2|5wamp|carmine-festival|\n|teamsize|p1|6\n|teamsize|p2|6\n|gen|9\n|tier|[Gen 9] VGC 2023 Regulation E\n|rule|Species Clause: Limit one of each Pok\u00e9mon\n|rule|Item Clause: Limit one of each item\n|clearpoke\n|poke|p1|Heatran, L50, M|\n|poke|p1|Flutter Mane, L50|\n|poke|p1|Ogerpon-Wellspring, L50, F|\n|poke|p1|Rillaboom, L50, M|\n|poke|p1|Kingambit, L50, M|\n|poke|p1|Salamence, L50, M|\n|poke|p2|Rillaboom, L50, M|\n|poke|p2|Ogerpon-Hearthflame, L50, F|\n|poke|p2|Clefable, L50, M|\n|poke|p2|Landorus-Therian, L50, M|\n|poke|p2|Enamorus, L50, F|\n|poke|p2|Heatran, L50, F|\n|teampreview|4\n5wamp has agreed to open team sheets.\nSlackermaru has agreed to open team sheets.\n|showteam|p1|Heatran||Leftovers|FlashFire|MagmaStorm,EarthPower,FlashCannon,Protect|||M|||50|,,,,,Grass]Flutter Mane||ChoiceSpecs|Protosynthesis|ShadowBall,Moonblast,DazzlingGleam,PerishSong||||||50|,,,,,Fairy]Ogerpon-Wellspring||WellspringMask|WaterAbsorb|IvyCudgel,HornLeech,FollowMe,SpikyShield|||F|||50|,,,,,Water]Rillaboom||AssaultVest|GrassySurge|GrassyGlide,WoodHammer,HighHorsepower,FakeOut|||M|||50|,,,,,Fire]Kingambit||SafetyGoggles|Defiant|Protect,SwordsDance,KowtowCleave,SuckerPunch|||M|||50|,,,,,Poison]Salamence||RockyHelmet|Intimidate|AirSlash,DracoMeteor,Tailwind,Roost|||M|||50|,,,,,Poison\n|showteam|p2|Rillaboom||AssaultVest|GrassySurge|WoodHammer,HighHorsepower,GrassyGlide,FakeOut|||M|||50|,,,,,Fire]Ogerpon-Hearthflame||HearthflameMask|MoldBreaker|IvyCudgel,GrassyGlide,SwordsDance,SpikyShield|||F|||50|,,,,,Fire]Clefable||RockyHelmet|Unaware|Moonblast,IceBeam,FollowMe,Protect|||M|||50|,,,,,Water]Landorus-Therian||ChoiceScarf|Intimidate|StompingTantrum,TeraBlast,Uturn,RockSlide|||M|||50|,,,,,Flying]Enamorus||SitrusBerry|Contrary|Superpower,PlayRough,IronHead,Protect|||F|||50|,,,,,Steel]Heatran||Leftovers|FlashFire|MagmaStorm,FlashCannon,EarthPower,Protect|||F|||50|,,,,,Fairy\n|c|\u26065wamp|glhf\n|c|\u2606Slackermaru|u2\n|\n|t:|1701197474\n|start\n|switch|p1a: Salamence|Salamence, L50, M|100\/100\n|switch|p1b: Ogerpon|Ogerpon-Wellspring, L50, F|100\/100\n|switch|p2a: Enamorus|Enamorus, L50, F|100\/100\n|switch|p2b: Ogerpon|Ogerpon-Hearthflame, L50, F|100\/100\n|-ability|p2b: Ogerpon|Mold Breaker\n|-ability|p1a: Salamence|Intimidate|boost\n|-boost|p2a: Enamorus|atk|1\n|-unboost|p2b: Ogerpon|atk|1\n|turn|1\n|\n|t:|1701197503\n|switch|p2b: Landorus|Landorus-Therian, L50, M|100\/100\n|-ability|p2b: Landorus|Intimidate|boost\n|-unboost|p1a: Salamence|atk|1\n|-unboost|p1b: Ogerpon|atk|1\n|switch|p1a: Heatran|Heatran, L50, M|100\/100\n|-terastallize|p1b: Ogerpon|Water\n|detailschange|p1b: Ogerpon|Ogerpon-Wellspring-Tera, L50, F, tera:Water\n|-ability|p1b: Ogerpon|Embody Aspect (Wellspring)|boost\n|-boost|p1b: Ogerpon|spd|1\n|move|p2a: Enamorus|Superpower|p1b: Ogerpon\n|-damage|p1b: Ogerpon|46\/100\n|-boost|p2a: Enamorus|atk|1\n|-boost|p2a: Enamorus|def|1\n|move|p1b: Ogerpon|Ivy Cudgel|p2a: Enamorus|[anim] Ivy Cudgel Water\n|-crit|p2a: Enamorus\n|-damage|p2a: Enamorus|0 fnt\n|faint|p2a: Enamorus\n|\n|upkeep\n|c|\u26065wamp|lol\n|\n|t:|1701197523\n|switch|p2a: Rillaboom|Rillaboom, L50, M|100\/100\n|-fieldstart|move: Grassy Terrain|[from] ability: Grassy Surge|[of] p2a: Rillaboom\n|turn|2\n|\n|t:|1701197536\n|switch|p1a: Salamence|Salamence, L50, M|100\/100\n|-ability|p1a: Salamence|Intimidate|boost\n|-unboost|p2a: Rillaboom|atk|1\n|-unboost|p2b: Landorus|atk|1\n|-terastallize|p2b: Landorus|Flying\n|move|p1b: Ogerpon|Spiky Shield|p1b: Ogerpon\n|-singleturn|p1b: Ogerpon|move: Protect\n|move|p2b: Landorus|Tera Blast|p1a: Salamence|[anim] Tera Blast Flying\n|-damage|p1a: Salamence|58\/100\n|move|p2a: Rillaboom|Wood Hammer|p1a: Salamence\n|-resisted|p1a: Salamence\n|-damage|p1a: Salamence|45\/100\n|-damage|p2a: Rillaboom|84\/100|[from] item: Rocky Helmet|[of] p1a: Salamence\n|-damage|p2a: Rillaboom|80\/100|[from] Recoil\n|\n|-heal|p1b: Ogerpon|52\/100|[from] Grassy Terrain\n|-heal|p2a: Rillaboom|85\/100|[from] Grassy Terrain\n|upkeep\n|turn|3\n|\n|t:|1701197568\n|switch|p1b: Heatran|Heatran, L50, M|100\/100\n|move|p2b: Landorus|Tera Blast|p1a: Salamence|[anim] Tera Blast Flying\n|-damage|p1a: Salamence|0 fnt\n|faint|p1a: Salamence\n|move|p2a: Rillaboom|High Horsepower|p1b: Heatran\n|-supereffective|p1b: Heatran\n|-damage|p1b: Heatran|28\/100\n|\n|-heal|p2a: Rillaboom|91\/100|[from] Grassy Terrain\n|-heal|p1b: Heatran|34\/100|[from] Grassy Terrain\n|-heal|p1b: Heatran|40\/100|[from] item: Leftovers\n|upkeep\n|\n|t:|1701197585\n|switch|p1a: Ogerpon|Ogerpon-Wellspring-Tera, L50, F, tera:Water|52\/100\n|-ability|p1a: Ogerpon|Embody Aspect (Wellspring)|boost\n|-boost|p1a: Ogerpon|spd|1\n|turn|4\n|\n|t:|1701197606\n|switch|p2b: Ogerpon|Ogerpon-Hearthflame, L50, F|100\/100\n|-ability|p2b: Ogerpon|Mold Breaker\n|move|p2a: Rillaboom|Grassy Glide|p1a: Ogerpon\n|-supereffective|p1a: Ogerpon\n|-damage|p1a: Ogerpon|0 fnt\n|faint|p1a: Ogerpon\n|move|p1b: Heatran|Magma Storm|p2a: Rillaboom\n|-supereffective|p2a: Rillaboom\n|-damage|p2a: Rillaboom|15\/100\n|-activate|p2a: Rillaboom|move: Magma Storm|[of] p1b: Heatran\n|\n|-heal|p2a: Rillaboom|21\/100|[from] Grassy Terrain\n|-heal|p1b: Heatran|46\/100|[from] Grassy Terrain\n|-heal|p1b: Heatran|53\/100|[from] item: Leftovers\n|-damage|p2a: Rillaboom|9\/100|[from] move: Magma Storm|[partiallytrapped]\n|upkeep\n|\n|t:|1701197621\n|switch|p1a: Flutter Mane|Flutter Mane, L50|100\/100\n|turn|5\n|\n|t:|1701197632\n|move|p1a: Flutter Mane|Shadow Ball|p2a: Rillaboom\n|-damage|p2a: Rillaboom|0 fnt\n|faint|p2a: Rillaboom\n|move|p2b: Ogerpon|Ivy Cudgel|p1a: Flutter Mane|[anim] Ivy Cudgel Fire\n|-damage|p1a: Flutter Mane|11\/100\n|move|p1b: Heatran|Magma Storm|p2b: Ogerpon\n|-damage|p2b: Ogerpon|40\/100\n|-activate|p2b: Ogerpon|move: Magma Storm|[of] p1b: Heatran\n|\n|-heal|p1a: Flutter Mane|17\/100|[from] Grassy Terrain\n|-heal|p2b: Ogerpon|46\/100|[from] Grassy Terrain\n|-heal|p1b: Heatran|59\/100|[from] Grassy Terrain\n|-heal|p1b: Heatran|65\/100|[from] item: Leftovers\n|-damage|p2b: Ogerpon|34\/100|[from] move: Magma Storm|[partiallytrapped]\n|upkeep\n|\n|t:|1701197635\n|switch|p2a: Landorus|Landorus-Therian, L50, M, tera:Flying|100\/100\n|-ability|p2a: Landorus|Intimidate|boost\n|-unboost|p1a: Flutter Mane|atk|1\n|-unboost|p1b: Heatran|atk|1\n|turn|6\n|\n|t:|1701197657\n|move|p2b: Ogerpon|Grassy Glide|p1a: Flutter Mane\n|-damage|p1a: Flutter Mane|0 fnt\n|faint|p1a: Flutter Mane\n|-end|p1a: Flutter Mane|Protosynthesis|[silent]\n|move|p2a: Landorus|Stomping Tantrum|p1b: Heatran\n|-supereffective|p1b: Heatran\n|-damage|p1b: Heatran|0 fnt\n|faint|p1b: Heatran\n|\n|win|5wamp\n|c|\u26065wamp|gg\n|c|\u2606Slackermaru|gg\n","uploadtime":1701197663,"views":17,"p1id":"slackermaru","p2id":"5wamp","formatid":"gen9vgc2023regulatione","rating":0,"private":0,"password":""}