{"id":"gen9vgc2023regulatione-1997885402","p1":"Ipeximus","p2":"Dogetrooper","format":"[Gen 9] VGC 2023 Regulation E","log":"|j|\u2606Ipeximus\n|j|\u2606Dogetrooper\n|t:|1700863611\n|gametype|doubles\n|player|p1|Ipeximus|1|1157\n|player|p2|Dogetrooper|n|1190\n|teamsize|p1|6\n|teamsize|p2|6\n|gen|9\n|tier|[Gen 9] VGC 2023 Regulation E\n|rated|\n|rule|Species Clause: Limit one of each Pok\u00e9mon\n|rule|Item Clause: Limit one of each item\n|clearpoke\n|poke|p1|Gholdengo, L50|\n|poke|p1|Arcanine-Hisui, L50, F|\n|poke|p1|Rillaboom, L50, M|\n|poke|p1|Iron Hands, L50|\n|poke|p1|Tornadus, L50, M|\n|poke|p1|Urshifu-*, L50, F|\n|poke|p2|Ogerpon, L50, F|\n|poke|p2|Iron Hands, L50|\n|poke|p2|Goodra-Hisui, L50, F|\n|poke|p2|Gyarados, L50, M|\n|poke|p2|Skeledirge, L50, F|\n|poke|p2|Electrode-Hisui, L50|\n|teampreview|4\n|\n|t:|1700863644\n|start\n|switch|p1a: Iron Hands|Iron Hands, L50|100\/100\n|switch|p1b: Tornadus|Tornadus, L50, M|100\/100\n|switch|p2a: Gyarados|Gyarados, L50, M|100\/100\n|switch|p2b: Skeledirge|Skeledirge, L50, F|100\/100\n|-ability|p2a: Gyarados|Intimidate|boost\n|-unboost|p1a: Iron Hands|atk|1\n|-unboost|p1b: Tornadus|atk|1\n|turn|1\n|\n|t:|1700863660\n|move|p1b: Tornadus|Tailwind|p1b: Tornadus\n|-sidestart|p1: Ipeximus|move: Tailwind\n|move|p1a: Iron Hands|Wild Charge|p2a: Gyarados\n|-supereffective|p2a: Gyarados\n|-damage|p2a: Gyarados|0 fnt\n|faint|p2a: Gyarados\n|-damage|p1a: Iron Hands|83\/100|[from] Recoil\n|move|p2b: Skeledirge|Will-O-Wisp|p1a: Iron Hands\n|-status|p1a: Iron Hands|brn\n|\n|-damage|p1a: Iron Hands|77\/100 brn|[from] brn\n|upkeep\n|\n|t:|1700863671\n|switch|p2a: Goodra|Goodra-Hisui, L50, F|100\/100\n|turn|2\n|\n|t:|1700863694\n|-end|p1a: Iron Hands|Quark Drive|[silent]\n|switch|p1a: Arcanine|Arcanine-Hisui, L50, F|100\/100\n|-ability|p1a: Arcanine|Intimidate|boost\n|-unboost|p2a: Goodra|atk|1\n|-unboost|p2b: Skeledirge|atk|1\n|move|p1b: Tornadus|Taunt|p2a: Goodra\n|-start|p2a: Goodra|move: Taunt\n|move|p2b: Skeledirge|Torch Song|p1a: Arcanine\n|-resisted|p1a: Arcanine\n|-damage|p1a: Arcanine|92\/100\n|-boost|p2b: Skeledirge|spa|1\n|cant|p2a: Goodra|move: Taunt|Acid Armor\n|\n|upkeep\n|turn|3\n|\n|t:|1700863744\n|switch|p2b: Ogerpon|Ogerpon, L50, F|100\/100\n|move|p1b: Tornadus|Rain Dance|p1b: Tornadus\n|-weather|RainDance\n|move|p1a: Arcanine|Head Smash|p2b: Ogerpon\n|-damage|p2b: Ogerpon|0 fnt\n|faint|p2b: Ogerpon\n|-damage|p1a: Arcanine|49\/100|[from] Recoil\n|move|p2a: Goodra|Body Press|p1a: Arcanine\n|-supereffective|p1a: Arcanine\n|-damage|p1a: Arcanine|0 fnt\n|faint|p1a: Arcanine\n|\n|-weather|RainDance|[upkeep]\n|upkeep\n|\n|t:|1700863766\n|switch|p2b: Skeledirge|Skeledirge, L50, F|100\/100\n|switch|p1a: Gholdengo|Gholdengo, L50|100\/100\n|turn|4\n|\n|t:|1700863782\n|-terastallize|p1a: Gholdengo|Dragon\n|move|p1b: Tornadus|Bleakwind Storm|p2b: Skeledirge|[spread] p2a,p2b\n|-resisted|p2a: Goodra\n|-damage|p2a: Goodra|92\/100\n|-damage|p2b: Skeledirge|79\/100\n|-unboost|p2a: Goodra|spe|1\n|-unboost|p2b: Skeledirge|spe|1\n|move|p1a: Gholdengo|Shadow Ball|p2b: Skeledirge\n|-supereffective|p2b: Skeledirge\n|-damage|p2b: Skeledirge|0 fnt\n|faint|p2b: Skeledirge\n|-damage|p1a: Gholdengo|91\/100|[from] item: Life Orb\n|move|p2a: Goodra|Iron Head|p1a: Gholdengo\n|-damage|p1a: Gholdengo|75\/100\n|\n|-weather|RainDance|[upkeep]\n|-end|p2a: Goodra|move: Taunt\n|-sideend|p1: Ipeximus|move: Tailwind\n|upkeep\n|turn|5\n|\n|t:|1700863799\n|move|p1b: Tornadus|Taunt|p2a: Goodra\n|-start|p2a: Goodra|move: Taunt\n|move|p1a: Gholdengo|Nasty Plot|p1a: Gholdengo\n|-boost|p1a: Gholdengo|spa|2\n|move|p2a: Goodra|Body Press|p1a: Gholdengo\n|-damage|p1a: Gholdengo|55\/100\n|\n|-weather|RainDance|[upkeep]\n|upkeep\n|turn|6\n|-message|Dogetrooper forfeited.\n|\n|win|Ipeximus\n|raw|Ipeximus's rating: 1157 &rarr; <strong>1184<\/strong><br \/>(+27 for winning)\n|raw|Dogetrooper's rating: 1190 &rarr; <strong>1163<\/strong><br \/>(-27 for losing)\n|l|\u2606Dogetrooper\n|c|\u2606Ipeximus|GG\n","uploadtime":1700863816,"views":12,"p1id":"ipeximus","p2id":"dogetrooper","formatid":"gen9vgc2023regulatione","rating":1163,"private":0,"password":""}