{"id":"gen9vgc2023regulatione-1994366826","p1":"TakinaVGC","p2":"Osprey11","format":"[Gen 9] VGC 2023 Regulation E","log":"|j|\u2606TakinaVGC\n|j|\u2606Osprey11\n|t:|1700435786\n|gametype|doubles\n|player|p1|TakinaVGC|cynthia|\n|player|p2|Osprey11|101|\n|teamsize|p1|6\n|teamsize|p2|6\n|gen|9\n|tier|[Gen 9] VGC 2023 Regulation E\n|rule|Species Clause: Limit one of each Pok\u00e9mon\n|rule|Item Clause: Limit one of each item\n|clearpoke\n|poke|p1|Arcanine-Hisui, L50, F|\n|poke|p1|Tornadus, L50, M|\n|poke|p1|Urshifu-*, L50, M|\n|poke|p1|Rillaboom, L50, F|\n|poke|p1|Regidrago, L50|\n|poke|p1|Scizor, L50, M|\n|poke|p2|Moltres-Galar, L50|\n|poke|p2|Sinistcha, L50|\n|poke|p2|Iron Hands, L50|\n|poke|p2|Ogerpon-Wellspring, L50, F|\n|poke|p2|Arcanine-Hisui, L50, F|\n|poke|p2|Tornadus, L50, M|\n|teampreview|4\nTakinaVGC has agreed to open team sheets.\nOsprey11 has agreed to open team sheets.\n|showteam|p1|Arcanine-Hisui||ChoiceBand|Intimidate|FlareBlitz,RockSlide,ExtremeSpeed,HeadSmash|||F|||50|,,,,,Water]Tornadus||SharpBeak|Prankster|Tailwind,BleakwindStorm,RainDance,Protect|||M|||50|,,,,,Dragon]Urshifu-Rapid-Strike||MysticWater|UnseenFist|SurgingStrikes,AquaJet,CloseCombat,Protect|||M|||50|,,,,,Water]Rillaboom||AssaultVest|GrassySurge|FakeOut,GrassyGlide,WoodHammer,HighHorsepower|||F|||50|,,,,,Fire]Regidrago||DragonFang|DragonsMaw|DragonEnergy,DracoMeteor,EarthPower,Protect||||||50|,,,,,Steel]Scizor||ClearAmulet|Technician|BulletPunch,BugBite,Protect,DualWingbeat|||M|||50|,,,,,Water\n|showteam|p2|Moltres-Galar||Leftovers|Berserk|NastyPlot,Protect,FieryWrath,AirSlash||||||50|,,,,,Poison]Sinistcha||MentalHerb|Hospitality|TrickRoom,LifeDew,RagePowder,StrengthSap||||||50|,,,,,Water]Iron Hands||AssaultVest|QuarkDrive|FakeOut,WildCharge,DrainPunch,HeavySlam||||||50|,,,,,Fire]Ogerpon-Wellspring||WellspringMask|WaterAbsorb|SpikyShield,IvyCudgel,HornLeech,FollowMe|||F|||50|,,,,,Water]Arcanine-Hisui||SitrusBerry|Intimidate|FlareBlitz,WillOWisp,Snarl,RockSlide|||F|||50|,,,,,Grass]Tornadus||CovertCloak|Prankster|Tailwind,RainDance,BleakwindStorm,IcyWind|||M|||50|,,,,,Dark\n|\n|t:|1700435850\n|start\n|switch|p1a: Arcanine|Arcanine-Hisui, L50, F|100\/100\n|switch|p1b: Tornadus|Tornadus, L50, M|100\/100\n|switch|p2a: Iron Hands|Iron Hands, L50|100\/100\n|switch|p2b: Arcanine|Arcanine-Hisui, L50, F|100\/100\n|-ability|p2b: Arcanine|Intimidate|boost\n|-unboost|p1a: Arcanine|atk|1\n|-unboost|p1b: Tornadus|atk|1\n|-ability|p1a: Arcanine|Intimidate|boost\n|-unboost|p2a: Iron Hands|atk|1\n|-unboost|p2b: Arcanine|atk|1\n|turn|1\n|\n|t:|1700435901\n|switch|p1a: Regidrago|Regidrago, L50|100\/100\n|-terastallize|p1b: Tornadus|Dragon\n|move|p2a: Iron Hands|Fake Out|p1a: Regidrago\n|-damage|p1a: Regidrago|90\/100\n|move|p1b: Tornadus|Tailwind|p1b: Tornadus\n|-sidestart|p1: TakinaVGC|move: Tailwind\n|move|p2b: Arcanine|Rock Slide|p1a: Regidrago|[spread] p1a,p1b\n|-damage|p1a: Regidrago|75\/100\n|-damage|p1b: Tornadus|84\/100\n|\n|upkeep\n|turn|2\n|\n|t:|1700435929\n|switch|p2b: Moltres|Moltres-Galar, L50|100\/100\n|move|p1b: Tornadus|Bleakwind Storm|p2a: Iron Hands|[spread] p2a\n|-miss|p1b: Tornadus|p2b: Moltres\n|-damage|p2a: Iron Hands|78\/100\n|move|p1a: Regidrago|Dragon Energy|p2a: Iron Hands|[spread] p2a,p2b\n|-damage|p2a: Iron Hands|43\/100\n|-damage|p2b: Moltres|47\/100\n|-ability|p2b: Moltres|Berserk|boost\n|-boost|p2b: Moltres|spa|1\n|move|p2a: Iron Hands|Drain Punch|p1a: Regidrago\n|-damage|p1a: Regidrago|47\/100\n|-heal|p2a: Iron Hands|60\/100|[from] drain|[of] p1a: Regidrago\n|\n|-heal|p2b: Moltres|53\/100|[from] item: Leftovers\n|upkeep\n|turn|3\n|\n|t:|1700435969\n|-end|p2a: Iron Hands|Quark Drive|[silent]\n|switch|p2a: Arcanine|Arcanine-Hisui, L50, F|100\/100\n|-ability|p2a: Arcanine|Intimidate|boost\n|-unboost|p1a: Regidrago|atk|1\n|-unboost|p1b: Tornadus|atk|1\n|move|p2b: Moltres|Protect|p2b: Moltres\n|-singleturn|p2b: Moltres|Protect\n|move|p1b: Tornadus|Bleakwind Storm|p2b: Moltres|[spread] p2a\n|-activate|p2b: Moltres|move: Protect\n|-resisted|p2a: Arcanine\n|-damage|p2a: Arcanine|78\/100\n|move|p1a: Regidrago|Draco Meteor|p2a: Arcanine\n|-damage|p2a: Arcanine|0 fnt\n|-unboost|p1a: Regidrago|spa|2\n|faint|p2a: Arcanine\n|\n|-heal|p2b: Moltres|59\/100|[from] item: Leftovers\n|upkeep\n|\n|t:|1700435987\n|switch|p2a: Ogerpon|Ogerpon-Wellspring, L50, F|100\/100\n|turn|4\n|\n|t:|1700436037\n|move|p1b: Tornadus|Protect|p1b: Tornadus\n|-singleturn|p1b: Tornadus|Protect\n|move|p1a: Regidrago|Draco Meteor|p2b: Moltres\n|-damage|p2b: Moltres|20\/100\n|-unboost|p1a: Regidrago|spa|2\n|-ability|p2b: Moltres|Berserk|boost\n|-boost|p2b: Moltres|spa|1\n|move|p2a: Ogerpon|Ivy Cudgel|p1a: Regidrago|[anim] Ivy Cudgel Water\n|-resisted|p1a: Regidrago\n|-damage|p1a: Regidrago|22\/100\n|move|p2b: Moltres|Fiery Wrath|p1a: Regidrago|[spread] p1a\n|-activate|p1b: Tornadus|move: Protect\n|-damage|p1a: Regidrago|0 fnt\n|faint|p1a: Regidrago\n|\n|-heal|p2b: Moltres|26\/100|[from] item: Leftovers\n|-sideend|p1: TakinaVGC|move: Tailwind\n|upkeep\n|\n|t:|1700436053\n|switch|p1a: Arcanine|Arcanine-Hisui, L50, F|100\/100\n|-ability|p1a: Arcanine|Intimidate|boost\n|-unboost|p2a: Ogerpon|atk|1\n|-unboost|p2b: Moltres|atk|1\n|turn|5\n|\n|t:|1700436060\n|move|p2b: Moltres|Protect|p2b: Moltres\n|-singleturn|p2b: Moltres|Protect\n|move|p1b: Tornadus|Bleakwind Storm|p2a: Ogerpon|[spread] p2a\n|-activate|p2b: Moltres|move: Protect\n|-supereffective|p2a: Ogerpon\n|-damage|p2a: Ogerpon|19\/100\n|-unboost|p2a: Ogerpon|spe|1\n|move|p1a: Arcanine|Rock Slide|p2b: Moltres|[spread] p2a\n|-activate|p2b: Moltres|move: Protect\n|-damage|p2a: Ogerpon|0 fnt\n|faint|p2a: Ogerpon\n|\n|-heal|p2b: Moltres|32\/100|[from] item: Leftovers\n|upkeep\n|\n|t:|1700436073\n|switch|p2a: Iron Hands|Iron Hands, L50|60\/100\n|turn|6\n|\n|t:|1700436083\n|move|p2a: Iron Hands|Fake Out|p1a: Arcanine\n|-resisted|p1a: Arcanine\n|-damage|p1a: Arcanine|92\/100\n|move|p1b: Tornadus|Bleakwind Storm|p2b: Moltres|[spread] p2a,p2b\n|-damage|p2a: Iron Hands|36\/100\n|-damage|p2b: Moltres|0 fnt\n|-unboost|p2a: Iron Hands|spe|1\n|faint|p2b: Moltres\n|cant|p1a: Arcanine|flinch\n|\n|upkeep\n|turn|7\n|\n|t:|1700436093\n|move|p1b: Tornadus|Bleakwind Storm|p2a: Iron Hands|[miss]\n|-miss|p1b: Tornadus|p2a: Iron Hands\n|move|p1a: Arcanine|Rock Slide|p2a: Iron Hands\n|-resisted|p2a: Iron Hands\n|-damage|p2a: Iron Hands|15\/100\n|move|p2a: Iron Hands|Drain Punch|p1a: Arcanine\n|-supereffective|p1a: Arcanine\n|-damage|p1a: Arcanine|8\/100\n|-heal|p2a: Iron Hands|52\/100|[from] drain|[of] p1a: Arcanine\n|\n|upkeep\n|turn|8\n|\n|t:|1700436105\n|move|p1b: Tornadus|Bleakwind Storm|p2a: Iron Hands\n|-damage|p2a: Iron Hands|24\/100\n|move|p1a: Arcanine|Rock Slide|p2a: Iron Hands\n|-resisted|p2a: Iron Hands\n|-damage|p2a: Iron Hands|3\/100\n|move|p2a: Iron Hands|Drain Punch|p1a: Arcanine\n|-supereffective|p1a: Arcanine\n|-damage|p1a: Arcanine|0 fnt\n|-heal|p2a: Iron Hands|7\/100|[from] drain|[of] p1a: Arcanine\n|faint|p1a: Arcanine\n|\n|upkeep\n|\n|t:|1700436112\n|switch|p1a: Urshifu|Urshifu-Rapid-Strike, L50, M|100\/100\n|turn|9\n|\n|t:|1700436119\n|move|p1a: Urshifu|Close Combat|p2a: Iron Hands\n|-damage|p2a: Iron Hands|0 fnt\n|-unboost|p1a: Urshifu|def|1\n|-unboost|p1a: Urshifu|spd|1\n|faint|p2a: Iron Hands\n|-end|p2a: Iron Hands|Quark Drive|[silent]\n|\n|win|TakinaVGC\n|l|\u2606Osprey11\n","uploadtime":1700436151,"views":9,"p1id":"takinavgc","p2id":"osprey11","formatid":"gen9vgc2023regulatione","rating":0,"private":0,"password":""}