{"id":"gen9vgc2023regulatione-2000455551","p1":"Jack00VGC","p2":"kaleb5royal","format":"[Gen 9] VGC 2023 Regulation E","log":"|j|\u2606Jack00VGC\n|j|\u2606kaleb5royal\n|t:|1701196282\n|gametype|doubles\n|player|p1|Jack00VGC|alder|1191\n|player|p2|kaleb5royal|dawn|1170\n|teamsize|p1|6\n|teamsize|p2|6\n|gen|9\n|tier|[Gen 9] VGC 2023 Regulation E\n|rated|\n|rule|Species Clause: Limit one of each Pok\u00e9mon\n|rule|Item Clause: Limit one of each item\n|clearpoke\n|poke|p1|Toxicroak, L50, F|\n|poke|p1|Politoed, L50, F|\n|poke|p1|Iron Hands, L50|\n|poke|p1|Sinistcha, L50|\n|poke|p1|Gyarados, L50, F|\n|poke|p1|Gholdengo, L50|\n|poke|p2|Ting-Lu, L50|\n|poke|p2|Indeedee-F, L50, F|\n|poke|p2|Armarouge, L50, F|\n|poke|p2|Chi-Yu, L50|\n|poke|p2|Ursaluna-Bloodmoon, L50, M|\n|poke|p2|Ogerpon-Wellspring, L50, F|\n|teampreview|4\n|inactive|Battle timer is ON: inactive players will automatically lose when time's up. (requested by Jack00VGC)\nkaleb5royal rejected open team sheets.\n|\n|t:|1701196308\n|start\n|switch|p1a: Gholdengo|Gholdengo, L50|100\/100\n|switch|p1b: Gyarados|Gyarados, L50, F|100\/100\n|switch|p2a: Ting-Lu|Ting-Lu, L50|100\/100\n|switch|p2b: Ogerpon|Ogerpon-Wellspring, L50, F|100\/100\n|-ability|p1b: Gyarados|Intimidate|boost\n|-unboost|p2a: Ting-Lu|atk|1\n|-unboost|p2b: Ogerpon|atk|1\n|-ability|p2a: Ting-Lu|Vessel of Ruin\n|turn|1\n|inactive|Jack00VGC has 30 seconds left.\n|inactive|kaleb5royal has 30 seconds left.\n|inactive|Jack00VGC has 20 seconds left.\n|\n|t:|1701196346\n|-terastallize|p1b: Gyarados|Grass\n|move|p2b: Ogerpon|Follow Me|p2b: Ogerpon\n|-singleturn|p2b: Ogerpon|move: Follow Me\n|move|p1a: Gholdengo|Trick||[still]\n|-fail|p1a: Gholdengo\n|move|p1b: Gyarados|Waterfall|p2b: Ogerpon\n|-immune|p2b: Ogerpon|[from] ability: Water Absorb\n|move|p2a: Ting-Lu|Ruination|p1b: Gyarados\n|-damage|p1b: Gyarados|50\/100\n|\n|upkeep\n|turn|2\n|inactive|kaleb5royal has 30 seconds left.\n|\n|t:|1701196374\n|switch|p1a: Sinistcha|Sinistcha, L50|100\/100\n|-heal|p1b: Gyarados|75\/100|[from] ability: Hospitality|[of] p1a: Sinistcha\n|move|p1b: Gyarados|Protect|p1b: Gyarados\n|-singleturn|p1b: Gyarados|Protect\n|move|p2b: Ogerpon|Horn Leech|p1b: Gyarados\n|-activate|p1b: Gyarados|move: Protect\n|move|p2a: Ting-Lu|Ruination|p1b: Gyarados\n|-activate|p1b: Gyarados|move: Protect\n|\n|upkeep\n|turn|3\n|\n|t:|1701196394\n|move|p2b: Ogerpon|Horn Leech|p1b: Gyarados\n|-resisted|p1b: Gyarados\n|-damage|p1b: Gyarados|64\/100\n|move|p1b: Gyarados|Thunder Wave|p2b: Ogerpon\n|-status|p2b: Ogerpon|par\n|move|p1a: Sinistcha|Matcha Gotcha|p2a: Ting-Lu|[spread] p2a,p2b\n|-supereffective|p2a: Ting-Lu\n|-damage|p2a: Ting-Lu|82\/100\n|-damage|p2b: Ogerpon|84\/100 par\n|-status|p2a: Ting-Lu|brn\n|move|p2a: Ting-Lu|Stomping Tantrum|p1b: Gyarados\n|-resisted|p1b: Gyarados\n|-damage|p1b: Gyarados|59\/100\n|\n|-damage|p2a: Ting-Lu|76\/100 brn|[from] brn\n|upkeep\n|turn|4\n|inactive|Jack00VGC has 30 seconds left.\n|\n|t:|1701196424\n|move|p2b: Ogerpon|Follow Me|p2b: Ogerpon\n|-singleturn|p2b: Ogerpon|move: Follow Me\n|move|p1b: Gyarados|Waterfall|p2b: Ogerpon\n|-heal|p2b: Ogerpon|100\/100 par|[from] ability: Water Absorb|[of] p1b: Gyarados\n|move|p1a: Sinistcha|Strength Sap|p2b: Ogerpon\n|-unboost|p2b: Ogerpon|atk|1\n|move|p2a: Ting-Lu|Ruination|p1b: Gyarados\n|-damage|p1b: Gyarados|30\/100\n|\n|-damage|p2a: Ting-Lu|70\/100 brn|[from] brn\n|upkeep\n|turn|5\n|inactive|Jack00VGC has 30 seconds left.\n|\n|t:|1701196456\n|move|p1a: Sinistcha|Rage Powder|p1a: Sinistcha\n|-singleturn|p1a: Sinistcha|move: Rage Powder\n|move|p2b: Ogerpon|Follow Me|p2b: Ogerpon\n|-singleturn|p2b: Ogerpon|move: Follow Me\n|move|p1b: Gyarados|Taunt|p2b: Ogerpon\n|-start|p2b: Ogerpon|move: Taunt\n|move|p2a: Ting-Lu|Ruination|p1a: Sinistcha\n|-damage|p1a: Sinistcha|51\/100\n|\n|-damage|p2a: Ting-Lu|64\/100 brn|[from] brn\n|upkeep\n|turn|6\n|\n|t:|1701196473\n|move|p1b: Gyarados|Protect|p1b: Gyarados\n|-singleturn|p1b: Gyarados|Protect\n|move|p2a: Ting-Lu|Ruination|p1b: Gyarados\n|-activate|p1b: Gyarados|move: Protect\n|move|p2b: Ogerpon|Ivy Cudgel|p1b: Gyarados|[anim] Ivy Cudgel Water\n|-activate|p1b: Gyarados|move: Protect\n|move|p1a: Sinistcha|Trick Room|p1a: Sinistcha\n|-fieldstart|move: Trick Room|[of] p1a: Sinistcha\n|\n|-damage|p2a: Ting-Lu|58\/100 brn|[from] brn\n|upkeep\n|turn|7\n|inactive|Jack00VGC has 30 seconds left.\n|\n|t:|1701196500\n|switch|p2b: Ursaluna|Ursaluna-Bloodmoon, L50, M|100\/100\n|switch|p1b: Iron Hands|Iron Hands, L50|100\/100\n|move|p2a: Ting-Lu|Ruination|p1b: Iron Hands|[miss]\n|-miss|p2a: Ting-Lu|p1b: Iron Hands\n|move|p1a: Sinistcha|Matcha Gotcha|p2a: Ting-Lu|[spread] p2a,p2b\n|-supereffective|p2a: Ting-Lu\n|-supereffective|p2b: Ursaluna\n|-damage|p2a: Ting-Lu|42\/100 brn\n|-heal|p1a: Sinistcha|62\/100|[from] drain|[of] p2a: Ting-Lu\n|-damage|p2b: Ursaluna|62\/100\n|-heal|p1a: Sinistcha|85\/100|[from] drain|[of] p2b: Ursaluna\n|\n|-heal|p2b: Ursaluna|68\/100|[from] item: Leftovers\n|-damage|p2a: Ting-Lu|36\/100 brn|[from] brn\n|upkeep\n|turn|8\n|inactive|Jack00VGC has 30 seconds left.\n|inactive|kaleb5royal has 30 seconds left.\n|inactive|kaleb5royal has 20 seconds left.\n|\n|t:|1701196537\n|move|p1b: Iron Hands|Protect|p1b: Iron Hands\n|-singleturn|p1b: Iron Hands|Protect\n|move|p2b: Ursaluna|Earth Power|p1b: Iron Hands\n|-activate|p1b: Iron Hands|move: Protect\n|move|p2a: Ting-Lu|Ruination|p1b: Iron Hands\n|-activate|p1b: Iron Hands|move: Protect\n|move|p1a: Sinistcha|Matcha Gotcha|p2b: Ursaluna|[spread] p2b\n|-miss|p1a: Sinistcha|p2a: Ting-Lu\n|-supereffective|p2b: Ursaluna\n|-damage|p2b: Ursaluna|24\/100\n|-heal|p1a: Sinistcha|100\/100|[from] drain|[of] p2b: Ursaluna\n|-status|p2b: Ursaluna|brn\n|\n|-heal|p2b: Ursaluna|30\/100 brn|[from] item: Leftovers\n|-damage|p2b: Ursaluna|24\/100 brn|[from] brn\n|-damage|p2a: Ting-Lu|30\/100 brn|[from] brn\n|upkeep\n|turn|9\n|inactive|Jack00VGC has 30 seconds left.\n|\n|t:|1701196569\n|move|p1a: Sinistcha|Rage Powder|p1a: Sinistcha\n|-singleturn|p1a: Sinistcha|move: Rage Powder\n|move|p1b: Iron Hands|Drain Punch|p2b: Ursaluna\n|-supereffective|p2b: Ursaluna\n|-damage|p2b: Ursaluna|0 fnt\n|faint|p2b: Ursaluna\n|move|p2a: Ting-Lu|Ruination|p1a: Sinistcha\n|-damage|p1a: Sinistcha|51\/100\n|\n|-damage|p2a: Ting-Lu|24\/100 brn|[from] brn\n|upkeep\n|\n|t:|1701196581\n|switch|p2b: Chi-Yu|Chi-Yu, L50|100\/100\n|-ability|p2b: Chi-Yu|Beads of Ruin\n|turn|10\n|\n|t:|1701196598\n|move|p1b: Iron Hands|Drain Punch|p2b: Chi-Yu\n|-supereffective|p2b: Chi-Yu\n|-damage|p2b: Chi-Yu|0 fnt\n|faint|p2b: Chi-Yu\n|move|p2a: Ting-Lu|Ruination|p1a: Sinistcha\n|-damage|p1a: Sinistcha|26\/100\n|move|p1a: Sinistcha|Matcha Gotcha|p2a: Ting-Lu\n|-supereffective|p2a: Ting-Lu\n|-damage|p2a: Ting-Lu|0 fnt\n|-heal|p1a: Sinistcha|42\/100|[from] drain|[of] p2a: Ting-Lu\n|faint|p2a: Ting-Lu\n|\n|-fieldend|move: Trick Room\n|upkeep\n|\n|t:|1701196602\n|switch|p2b: Ogerpon|Ogerpon-Wellspring, L50, F|100\/100 par\n|turn|11\n|-message|kaleb5royal forfeited.\n|\n|win|Jack00VGC\n|raw|Jack00VGC's rating: 1191 &rarr; <strong>1214<\/strong><br \/>(+23 for winning)\n|raw|kaleb5royal's rating: 1170 &rarr; <strong>1147<\/strong><br \/>(-23 for losing)\n|l|\u2606kaleb5royal\n|c|\u2606Jack00VGC|lol\n","uploadtime":1701196617,"views":5,"p1id":"jack00vgc","p2id":"kaleb5royal","formatid":"gen9vgc2023regulatione","rating":1147,"private":0,"password":""}