{"id":"gen9vgc2023regulatione-1996775506","p1":"Jdn-2925","p2":"DreWilliams10","format":"[Gen 9] VGC 2023 Regulation E","log":"|j|\u2606Jdn-2925\n|j|\u2606DreWilliams10\n|t:|1700723282\n|gametype|doubles\n|player|p1|Jdn-2925|2|1216\n|player|p2|DreWilliams10|hoopster|1315\n|teamsize|p1|6\n|teamsize|p2|6\n|gen|9\n|tier|[Gen 9] VGC 2023 Regulation E\n|rated|\n|rule|Species Clause: Limit one of each Pok\u00e9mon\n|rule|Item Clause: Limit one of each item\n|clearpoke\n|poke|p1|Arcanine-Hisui, L50, F|\n|poke|p1|Chien-Pao, L50|\n|poke|p1|Illumise, L50, F|\n|poke|p1|Typhlosion-Hisui, L50, F|\n|poke|p1|Rillaboom, L50, M|\n|poke|p1|Milotic, L50, F|\n|poke|p2|Arcanine-Hisui, L50, M|\n|poke|p2|Iron Hands, L50|\n|poke|p2|Landorus-Therian, L50, M|\n|poke|p2|Sinistcha-Masterpiece, L50|\n|poke|p2|Ninetales-Alola, L50, F|\n|poke|p2|Urshifu-*, L50, F|\n|teampreview|4\n|\n|t:|1700723318\n|start\n|switch|p1a: Arcanine|Arcanine-Hisui, L50, F|100\/100\n|switch|p1b: Milotic|Milotic, L50, F|100\/100\n|switch|p2a: Ninetales|Ninetales-Alola, L50, F, shiny|100\/100\n|switch|p2b: Iron Hands|Iron Hands, L50|100\/100\n|-weather|Snow|[from] ability: Snow Warning|[of] p2a: Ninetales\n|-ability|p1a: Arcanine|Intimidate|boost\n|-unboost|p2a: Ninetales|atk|1\n|-unboost|p2b: Iron Hands|atk|1\n|turn|1\n|\n|t:|1700723353\n|switch|p1a: Rillaboom|Rillaboom, L50, M|100\/100\n|-fieldstart|move: Grassy Terrain|[from] ability: Grassy Surge|[of] p1a: Rillaboom\n|move|p2b: Iron Hands|Fake Out|p1a: Rillaboom\n|-damage|p1a: Rillaboom|90\/100\n|move|p2a: Ninetales|Aurora Veil|p2a: Ninetales\n|-sidestart|p2: DreWilliams10|move: Aurora Veil\n|move|p1b: Milotic|Coil|p1b: Milotic\n|-boost|p1b: Milotic|atk|1\n|-boost|p1b: Milotic|def|1\n|-boost|p1b: Milotic|accuracy|1\n|\n|-weather|Snow|[upkeep]\n|-heal|p1a: Rillaboom|96\/100|[from] Grassy Terrain\n|upkeep\n|turn|2\n|\n|t:|1700723374\n|move|p1a: Rillaboom|Fake Out|p2b: Iron Hands\n|-damage|p2b: Iron Hands|94\/100\n|move|p2a: Ninetales|Blizzard|p1b: Milotic|[spread] p1a,p1b\n|-supereffective|p1a: Rillaboom\n|-crit|p1a: Rillaboom\n|-resisted|p1b: Milotic\n|-damage|p1a: Rillaboom|35\/100\n|-damage|p1b: Milotic|92\/100\n|move|p1b: Milotic|Coil|p1b: Milotic\n|-boost|p1b: Milotic|atk|1\n|-boost|p1b: Milotic|def|1\n|-boost|p1b: Milotic|accuracy|1\n|cant|p2b: Iron Hands|flinch\n|\n|-weather|Snow|[upkeep]\n|-heal|p1a: Rillaboom|41\/100|[from] Grassy Terrain\n|-heal|p1b: Milotic|98\/100|[from] Grassy Terrain\n|-heal|p1b: Milotic|100\/100|[from] item: Leftovers\n|-heal|p2b: Iron Hands|100\/100|[from] Grassy Terrain\n|upkeep\n|turn|3\n|\n|t:|1700723408\n|switch|p1a: Arcanine|Arcanine-Hisui, L50, F|100\/100\n|-ability|p1a: Arcanine|Intimidate|boost\n|-unboost|p2a: Ninetales|atk|1\n|-unboost|p2b: Iron Hands|atk|1\n|move|p2a: Ninetales|Blizzard|p1b: Milotic|[spread] p1a,p1b\n|-resisted|p1a: Arcanine\n|-resisted|p1b: Milotic\n|-damage|p1a: Arcanine|89\/100\n|-damage|p1b: Milotic|92\/100\n|move|p1b: Milotic|Hypnosis|p2b: Iron Hands\n|-status|p2b: Iron Hands|slp|[from] move: Hypnosis\n|cant|p2b: Iron Hands|slp\n|\n|-weather|Snow|[upkeep]\n|-heal|p1a: Arcanine|95\/100|[from] Grassy Terrain\n|-heal|p1b: Milotic|98\/100|[from] Grassy Terrain\n|-heal|p1b: Milotic|100\/100|[from] item: Leftovers\n|upkeep\n|turn|4\n|\n|t:|1700723433\n|-end|p2b: Iron Hands|Quark Drive|[silent]\n|switch|p2b: Urshifu|Urshifu-Rapid-Strike, L50, F|100\/100\n|move|p2a: Ninetales|Blizzard|p1a: Arcanine|[spread] p1a,p1b\n|-resisted|p1a: Arcanine\n|-resisted|p1b: Milotic\n|-damage|p1a: Arcanine|81\/100\n|-damage|p1b: Milotic|91\/100\n|move|p1a: Arcanine|Flare Blitz|p2a: Ninetales\n|-supereffective|p2a: Ninetales\n|-damage|p2a: Ninetales|0 fnt\n|faint|p2a: Ninetales\n|-damage|p1a: Arcanine|52\/100|[from] Recoil\n|move|p1b: Milotic|Scald|p2b: Urshifu\n|-resisted|p2b: Urshifu\n|-damage|p2b: Urshifu|86\/100\n|\n|-weather|Snow|[upkeep]\n|-heal|p2b: Urshifu|92\/100|[from] Grassy Terrain\n|-heal|p1a: Arcanine|58\/100|[from] Grassy Terrain\n|-heal|p1b: Milotic|97\/100|[from] Grassy Terrain\n|-heal|p1b: Milotic|100\/100|[from] item: Leftovers\n|upkeep\n|\n|t:|1700723440\n|switch|p2a: Iron Hands|Iron Hands, L50|100\/100 slp\n|turn|5\n|\n|t:|1700723460\n|switch|p1a: Rillaboom|Rillaboom, L50, M|41\/100\n|-curestatus|p2a: Iron Hands|slp|[msg]\n|move|p2a: Iron Hands|Fake Out|p1b: Milotic\n|-damage|p1b: Milotic|93\/100\n|move|p2b: Urshifu|Close Combat|p1a: Rillaboom\n|-damage|p1a: Rillaboom|0 fnt\n|-unboost|p2b: Urshifu|def|1\n|-unboost|p2b: Urshifu|spd|1\n|faint|p1a: Rillaboom\n|cant|p1b: Milotic|flinch\n|\n|-weather|none\n|-heal|p2b: Urshifu|98\/100|[from] Grassy Terrain\n|-heal|p1b: Milotic|99\/100|[from] Grassy Terrain\n|-heal|p1b: Milotic|100\/100|[from] item: Leftovers\n|-fieldend|move: Grassy Terrain\n|upkeep\n|\n|t:|1700723485\n|switch|p1a: Chien-Pao|Chien-Pao, L50|100\/100\n|-ability|p1a: Chien-Pao|Sword of Ruin\n|turn|6\n|\n|t:|1700723498\n|-terastallize|p2b: Urshifu|Water\n|move|p1a: Chien-Pao|Sacred Sword|p2b: Urshifu\n|-damage|p2b: Urshifu|72\/100\n|move|p2b: Urshifu|Surging Strikes|p1a: Chien-Pao\n|-crit|p1a: Chien-Pao\n|-damage|p1a: Chien-Pao|67\/100\n|-crit|p1a: Chien-Pao\n|-damage|p1a: Chien-Pao|31\/100\n|-crit|p1a: Chien-Pao\n|-damage|p1a: Chien-Pao|0 fnt\n|faint|p1a: Chien-Pao\n|-hitcount|p1: Chien-Pao|3\n|move|p1b: Milotic|Hypnosis|p2b: Urshifu\n|-status|p2b: Urshifu|slp|[from] move: Hypnosis\n|move|p2a: Iron Hands|Wild Charge|p1b: Milotic\n|-supereffective|p1b: Milotic\n|-damage|p1b: Milotic|47\/100\n|-damage|p2a: Iron Hands|89\/100|[from] Recoil\n|\n|-heal|p1b: Milotic|53\/100|[from] item: Leftovers\n|upkeep\n|\n|t:|1700723519\n|switch|p1a: Arcanine|Arcanine-Hisui, L50, F|58\/100\n|-ability|p1a: Arcanine|Intimidate|boost\n|-unboost|p2a: Iron Hands|atk|1\n|-unboost|p2b: Urshifu|atk|1\n|turn|7\n|\n|t:|1700723529\n|-end|p2a: Iron Hands|Quark Drive|[silent]\n|switch|p2a: Sinistcha|Sinistcha-Masterpiece, L50|100\/100\n|-heal|p2b: Urshifu|97\/100 slp|[from] ability: Hospitality|[of] p2a: Sinistcha\n|-terastallize|p1a: Arcanine|Normal\n|cant|p2b: Urshifu|slp\n|move|p1a: Arcanine|Rock Slide|p2a: Sinistcha|[spread] p2a,p2b\n|-damage|p2a: Sinistcha|73\/100\n|-damage|p2b: Urshifu|56\/100 slp\n|move|p1b: Milotic|Hypnosis|p2a: Sinistcha\n|-status|p2a: Sinistcha|slp|[from] move: Hypnosis\n|\n|-heal|p1b: Milotic|59\/100|[from] item: Leftovers\n|upkeep\n|turn|8\n|\n|t:|1700723551\n|cant|p2b: Urshifu|slp\n|move|p1a: Arcanine|Rock Slide|p2a: Sinistcha|[spread] p2b\n|-miss|p1a: Arcanine|p2a: Sinistcha\n|-damage|p2b: Urshifu|15\/100 slp\n|move|p1b: Milotic|Scald|p2b: Urshifu\n|-resisted|p2b: Urshifu\n|-damage|p2b: Urshifu|0 fnt\n|faint|p2b: Urshifu\n|cant|p2a: Sinistcha|slp\n|\n|-heal|p1b: Milotic|65\/100|[from] item: Leftovers\n|-sideend|p2: DreWilliams10|move: Aurora Veil\n|upkeep\n|\n|t:|1700723554\n|switch|p2b: Iron Hands|Iron Hands, L50|89\/100\n|turn|9\n|\n|t:|1700723576\n|move|p1b: Milotic|Protect|p1b: Milotic\n|-singleturn|p1b: Milotic|Protect\n|move|p2b: Iron Hands|Fake Out|p1b: Milotic\n|-activate|p1b: Milotic|move: Protect\n|move|p1a: Arcanine|Rock Slide|p2a: Sinistcha|[spread] p2a,p2b\n|-resisted|p2b: Iron Hands\n|-damage|p2a: Sinistcha|35\/100 slp\n|-damage|p2b: Iron Hands|74\/100\n|-curestatus|p2a: Sinistcha|slp|[msg]\n|move|p2a: Sinistcha|Strength Sap|p1a: Arcanine\n|-unboost|p1a: Arcanine|atk|1\n|-heal|p2a: Sinistcha|100\/100\n|\n|-heal|p1b: Milotic|71\/100|[from] item: Leftovers\n|upkeep\n|turn|10\n|\n|t:|1700723601\n|move|p1a: Arcanine|Rock Slide|p2a: Sinistcha|[spread] p2a,p2b\n|-resisted|p2b: Iron Hands\n|-crit|p2b: Iron Hands\n|-damage|p2a: Sinistcha|74\/100\n|-damage|p2b: Iron Hands|53\/100\n|move|p1b: Milotic|Hypnosis|p2b: Iron Hands\n|-status|p2b: Iron Hands|slp|[from] move: Hypnosis\n|move|p2a: Sinistcha|Matcha Gotcha|p1b: Milotic|[spread] p1a,p1b\n|-supereffective|p1b: Milotic\n|-damage|p1a: Arcanine|30\/100\n|-heal|p2a: Sinistcha|91\/100|[from] drain|[of] p1a: Arcanine\n|-damage|p1b: Milotic|25\/100\n|-heal|p2a: Sinistcha|100\/100|[from] drain|[of] p1b: Milotic\n|cant|p2b: Iron Hands|slp\n|\n|-heal|p1b: Milotic|31\/100|[from] item: Leftovers\n|upkeep\n|turn|11\n|\n|t:|1700723628\n|move|p1a: Arcanine|Rock Slide|p2a: Sinistcha|[spread] p2a,p2b\n|-resisted|p2b: Iron Hands\n|-damage|p2a: Sinistcha|75\/100\n|-damage|p2b: Iron Hands|43\/100 slp\n|move|p1b: Milotic|Hypnosis|p2a: Sinistcha\n|-status|p2a: Sinistcha|slp|[from] move: Hypnosis\n|cant|p2a: Sinistcha|slp\n|cant|p2b: Iron Hands|slp\n|\n|-heal|p1b: Milotic|37\/100|[from] item: Leftovers\n|upkeep\n|turn|12\n|\n|t:|1700723643\n|move|p1a: Arcanine|Rock Slide|p2a: Sinistcha|[spread] p2a,p2b\n|-resisted|p2b: Iron Hands\n|-damage|p2a: Sinistcha|48\/100 slp\n|-damage|p2b: Iron Hands|32\/100 slp\n|move|p1b: Milotic|Scald|p2b: Iron Hands\n|-damage|p2b: Iron Hands|11\/100 slp\n|-curestatus|p2a: Sinistcha|slp|[msg]\n|move|p2a: Sinistcha|Matcha Gotcha|p1a: Arcanine|[spread] p1a,p1b\n|-supereffective|p1b: Milotic\n|-damage|p1a: Arcanine|0 fnt\n|-heal|p2a: Sinistcha|65\/100|[from] drain|[of] p1a: Arcanine\n|-damage|p1b: Milotic|0 fnt\n|-heal|p2a: Sinistcha|87\/100|[from] drain|[of] p1b: Milotic\n|faint|p1a: Arcanine\n|faint|p1b: Milotic\n|\n|win|DreWilliams10\n|raw|Jdn-2925's rating: 1216 &rarr; <strong>1198<\/strong><br \/>(-18 for losing)\n|raw|DreWilliams10's rating: 1315 &rarr; <strong>1329<\/strong><br \/>(+14 for winning)\n|l|\u2606Jdn-2925\n","uploadtime":1700725734,"views":1,"p1id":"jdn2925","p2id":"drewilliams10","formatid":"gen9vgc2023regulatione","rating":1198,"private":0,"password":""}