{"id":"gen9vgc2023regulatione-2000517199","p1":"malvric","p2":"Jayanni","format":"[Gen 9] VGC 2023 Regulation E","log":"|j|\u2606malvric\n|j|\u2606Jayanni\n|n|\u2606malvric|malvric\n|n|\u2606Jayanni|jayanni\n|html|View the match progress at <a href=\"\/game-bestof3-gen9vgc2023regulatione-2000517198\">game-bestof3-gen9vgc2023regulatione-2000517198<\/a>\n|t:|1701201467\n|gametype|doubles\n|player|p1|malvric|265|\n|player|p2|Jayanni|2|\n|teamsize|p1|6\n|teamsize|p2|6\n|gen|9\n|tier|[Gen 9] VGC 2023 Regulation E\n|rule|Species Clause: Limit one of each Pok\u00e9mon\n|rule|Item Clause: Limit one of each item\n|clearpoke\n|poke|p1|Lycanroc-Midnight, L50, M|\n|poke|p1|Hippowdon, L50, F|\n|poke|p1|Sandslash, L50, F|\n|poke|p1|Tornadus, L50, M|\n|poke|p1|Jolteon, L50, F|\n|poke|p1|Brambleghast, L50, F|\n|poke|p2|Trevenant, L50, F|\n|poke|p2|Dragalge, L50, F|\n|poke|p2|Gliscor, L50, F|\n|poke|p2|Umbreon, L50, F|\n|poke|p2|Mismagius, L50, F|\n|poke|p2|Meowscarada, L50, M|\n|teampreview|4\n|\n|t:|1701201497\n|start\n|switch|p1a: Lonny Quinn|Tornadus, L50, M, shiny|100\/100\n|switch|p1b: Rabies or Meth|Lycanroc-Midnight, L50, M, shiny|100\/100\n|switch|p2a: Meowscarada|Meowscarada, L50, M, shiny|100\/100\n|switch|p2b: Mister|Dragalge, L50, F, shiny|100\/100\n|turn|1\n|l|\u2606Jayanni\n|player|p2|\n|j|\u2606Jayanni\n|player|p2|Jayanni|2\n|\n|t:|1701201527\n|move|p1a: Lonny Quinn|Tailwind|p1a: Lonny Quinn\n|-sidestart|p1: malvric|move: Tailwind\n|move|p1b: Rabies or Meth|Stone Edge|p2a: Meowscarada\n|-crit|p2a: Meowscarada\n|-damage|p2a: Meowscarada|0 fnt\n|faint|p2a: Meowscarada\n|move|p2b: Mister|Sludge Bomb|p1a: Lonny Quinn\n|-damage|p1a: Lonny Quinn|14\/100\n|-enditem|p1a: Lonny Quinn|Sitrus Berry|[eat]\n|-heal|p1a: Lonny Quinn|39\/100|[from] item: Sitrus Berry\n|-damage|p2b: Mister|91\/100|[from] item: Life Orb\n|\n|upkeep\n|\n|t:|1701201540\n|switch|p2a: Treva|Trevenant, L50, F, shiny|100\/100\n|turn|2\n|\n|t:|1701201551\n|move|p1a: Lonny Quinn|Taunt|p2a: Treva\n|-start|p2a: Treva|move: Taunt\n|move|p1b: Rabies or Meth|Outrage|p2b: Mister\n|-supereffective|p2b: Mister\n|-damage|p2b: Mister|1\/100\n|move|p2b: Mister|Draco Meteor|p1b: Rabies or Meth\n|-damage|p1b: Rabies or Meth|0 fnt\n|-unboost|p2b: Mister|spa|2\n|faint|p1b: Rabies or Meth\n|-damage|p2b: Mister|0 fnt|[from] item: Life Orb\n|faint|p2b: Mister\n|cant|p2a: Treva|move: Taunt|Trick Room\n|\n|upkeep\n|\n|t:|1701201565\n|switch|p1b: Where's the Road?|Brambleghast, L50, F|100\/100\n|switch|p2b: Gliscor|Gliscor, L50, F, shiny|100\/100\n|-ability|p1b: Where's the Road?|Wind Rider|boost\n|-boost|p1b: Where's the Road?|atk|1\n|turn|3\n|\n|t:|1701201586\n|move|p1a: Lonny Quinn|Taunt|p2b: Gliscor\n|-start|p2b: Gliscor|move: Taunt\n|move|p1b: Where's the Road?|Phantom Force||[still]\n|-prepare|p1b: Where's the Road?|Phantom Force\n|cant|p2b: Gliscor|move: Taunt|Swords Dance\n|move|p2a: Treva|Knock Off|p1b: Where's the Road?|[miss]\n|-miss|p2a: Treva|p1b: Where's the Road?\n|\n|-status|p2b: Gliscor|tox|[from] item: Toxic Orb\n|upkeep\n|turn|4\n|\n|t:|1701201600\n|move|p1b: Where's the Road?|Phantom Force|p2a: Treva|[from]lockedmove\n|-supereffective|p2a: Treva\n|-damage|p2a: Treva|0 fnt\n|faint|p2a: Treva\n|move|p1a: Lonny Quinn|Bleakwind Storm|p2b: Gliscor|[miss]\n|-miss|p1a: Lonny Quinn|p2b: Gliscor\n|move|p2b: Gliscor|Rock Slide|p1a: Lonny Quinn|[spread] p1a,p1b\n|-supereffective|p1a: Lonny Quinn\n|-damage|p1a: Lonny Quinn|0 fnt\n|-damage|p1b: Where's the Road?|67\/100\n|faint|p1a: Lonny Quinn\n|\n|-sideend|p1: malvric|move: Tailwind\n|upkeep\n|\n|t:|1701201611\n|switch|p1a: Bolt|Jolteon, L50, F|100\/100\n|turn|5\n|\n|t:|1701201625\n|-terastallize|p2b: Gliscor|Fairy\n|move|p1a: Bolt|Tickle|p2b: Gliscor\n|-unboost|p2b: Gliscor|atk|1\n|-unboost|p2b: Gliscor|def|1\n|move|p1b: Where's the Road?|Seed Bomb|p2b: Gliscor\n|-damage|p2b: Gliscor|15\/100 tox\n|move|p2b: Gliscor|High Horsepower|p1a: Bolt\n|-supereffective|p1a: Bolt\n|-damage|p1a: Bolt|23\/100\n|\n|-heal|p1a: Bolt|29\/100|[from] item: Leftovers\n|-heal|p2b: Gliscor|27\/100 tox|[from] ability: Poison Heal\n|-end|p2b: Gliscor|move: Taunt\n|upkeep\n|turn|6\n|\n|t:|1701201644\n|move|p1a: Bolt|Tickle|p2b: Gliscor\n|-unboost|p2b: Gliscor|atk|1\n|-unboost|p2b: Gliscor|def|1\n|move|p1b: Where's the Road?|Seed Bomb|p2b: Gliscor\n|-damage|p2b: Gliscor|0 fnt\n|faint|p2b: Gliscor\n|\n|win|malvric\n","uploadtime":1701201655,"views":8,"p1id":"malvric","p2id":"jayanni","formatid":"gen9vgc2023regulatione","rating":0,"private":0,"password":""}