{"id":"gen9vgc2023regulatione-2000079401","p1":"ThreeMusca","p2":"GunGalione","format":"[Gen 9] VGC 2023 Regulation E","log":"|j|\u2606ThreeMusca\n|j|\u2606GunGalione\n|t:|1701150913\n|gametype|doubles\n|player|p1|ThreeMusca|266|1144\n|player|p2|GunGalione|pokemonranger-gen4|1145\n|teamsize|p1|6\n|teamsize|p2|6\n|gen|9\n|tier|[Gen 9] VGC 2023 Regulation E\n|rated|\n|rule|Species Clause: Limit one of each Pok\u00e9mon\n|rule|Item Clause: Limit one of each item\n|clearpoke\n|poke|p1|Politoed, L50, F|\n|poke|p1|Zapdos, L50|\n|poke|p1|Gastrodon-East, L50, F|\n|poke|p1|Arcanine-Hisui, L50, M|\n|poke|p1|Sinistcha, L50|\n|poke|p1|Kingambit, L50, M|\n|poke|p2|Vikavolt, L50, M|\n|poke|p2|Oranguru, L50, M|\n|poke|p2|Cresselia, L50, F|\n|poke|p2|Ursaluna, L50, M|\n|poke|p2|Lurantis, L50, F|\n|poke|p2|Sinistcha, L50|\n|teampreview|4\n|\n|t:|1701150943\n|start\n|switch|p1a: Politoed|Politoed, L50, F, shiny|100\/100\n|switch|p1b: Gastrodon|Gastrodon-East, L50, F, shiny|100\/100\n|switch|p2a: Oranguru|Oranguru, L50, M|100\/100\n|switch|p2b: Lurantis|Lurantis, L50, F|100\/100\n|-weather|RainDance|[from] ability: Drizzle|[of] p1a: Politoed\n|turn|1\n|\n|t:|1701150956\n|-terastallize|p1b: Gastrodon|Poison\n|move|p1a: Politoed|Surf|p2a: Oranguru|[spread] p2a,p2b\n|-ability|p1b: Gastrodon|Storm Drain|boost\n|-boost|p1b: Gastrodon|spa|1\n|-resisted|p2b: Lurantis\n|-damage|p2a: Oranguru|75\/100\n|-damage|p2b: Lurantis|87\/100\n|move|p1b: Gastrodon|Sludge Bomb|p2b: Lurantis\n|-supereffective|p2b: Lurantis\n|-damage|p2b: Lurantis|0 fnt\n|faint|p2b: Lurantis\n|move|p2a: Oranguru|Trick Room|p2a: Oranguru\n|-fieldstart|move: Trick Room|[of] p2a: Oranguru\n|\n|-weather|RainDance|[upkeep]\n|upkeep\n|\n|t:|1701150961\n|switch|p2b: Vikavolt|Vikavolt, L50, M, shiny|100\/100\n|turn|2\n|\n|t:|1701150989\n|switch|p1a: Sinistcha|Sinistcha, L50, shiny|100\/100\n|-terastallize|p2b: Vikavolt|Electric\n|move|p1b: Gastrodon|Protect|p1b: Gastrodon\n|-singleturn|p1b: Gastrodon|Protect\n|move|p2b: Vikavolt|Charge Beam|p1a: Sinistcha\n|-resisted|p1a: Sinistcha\n|-crit|p1a: Sinistcha\n|-damage|p1a: Sinistcha|64\/100\n|-boost|p2b: Vikavolt|spa|1\n|move|p2a: Oranguru|Instruct|p2b: Vikavolt\n|-singleturn|p2b: Vikavolt|move: Instruct|[of] p2a: Oranguru\n|move|p2b: Vikavolt|Charge Beam|p1a: Sinistcha\n|-resisted|p1a: Sinistcha\n|-damage|p1a: Sinistcha|29\/100\n|\n|-weather|RainDance|[upkeep]\n|upkeep\n|turn|3\n|\n|t:|1701151012\n|move|p2b: Vikavolt|Charge Beam|p1a: Sinistcha\n|-resisted|p1a: Sinistcha\n|-damage|p1a: Sinistcha|0 fnt\n|-boost|p2b: Vikavolt|spa|1\n|faint|p1a: Sinistcha\n|move|p1b: Gastrodon|Sludge Bomb|p2b: Vikavolt\n|-damage|p2b: Vikavolt|31\/100\n|move|p2a: Oranguru|Instruct|p2b: Vikavolt\n|-singleturn|p2b: Vikavolt|move: Instruct|[of] p2a: Oranguru\n|move|p2b: Vikavolt|Charge Beam|p1b: Gastrodon\n|-damage|p1b: Gastrodon|12\/100\n|-enditem|p1b: Gastrodon|Sitrus Berry|[eat]\n|-heal|p1b: Gastrodon|37\/100|[from] item: Sitrus Berry\n|\n|-weather|RainDance|[upkeep]\n|upkeep\n|\n|t:|1701151022\n|switch|p1a: Kingambit|Kingambit, L50, M, shiny|100\/100\n|turn|4\n|\n|t:|1701151037\n|switch|p2a: Sinistcha|Sinistcha, L50|100\/100\n|-heal|p2b: Vikavolt|56\/100|[from] ability: Hospitality|[of] p2a: Sinistcha\n|move|p2b: Vikavolt|Protect|p2b: Vikavolt\n|-singleturn|p2b: Vikavolt|Protect\n|move|p1a: Kingambit|Sucker Punch||[still]\n|-fail|p1a: Kingambit\n|move|p1b: Gastrodon|Muddy Water|p2a: Sinistcha|[spread] p2a\n|-activate|p2b: Vikavolt|move: Protect\n|-resisted|p2a: Sinistcha\n|-damage|p2a: Sinistcha|68\/100\n|-unboost|p2a: Sinistcha|accuracy|1\n|\n|-weather|RainDance|[upkeep]\n|upkeep\n|turn|5\n|\n|t:|1701151051\n|move|p2a: Sinistcha|Rage Powder|p2a: Sinistcha\n|-singleturn|p2a: Sinistcha|move: Rage Powder\n|move|p1a: Kingambit|Sucker Punch||[still]\n|-fail|p1a: Kingambit\n|move|p2b: Vikavolt|Charge Beam|p1b: Gastrodon\n|-damage|p1b: Gastrodon|0 fnt\n|-boost|p2b: Vikavolt|spa|1\n|faint|p1b: Gastrodon\n|\n|-weather|RainDance|[upkeep]\n|-fieldend|move: Trick Room\n|upkeep\n|\n|t:|1701151057\n|switch|p1b: Politoed|Politoed, L50, F, shiny|100\/100\n|turn|6\n|\n|t:|1701151083\n|move|p2a: Sinistcha|Rage Powder|p2a: Sinistcha\n|-singleturn|p2a: Sinistcha|move: Rage Powder\n|move|p1b: Politoed|Surf|p2b: Vikavolt|[spread] p1a,p2a,p2b\n|-resisted|p2a: Sinistcha\n|-damage|p1a: Kingambit|71\/100\n|-damage|p2a: Sinistcha|54\/100\n|-damage|p2b: Vikavolt|22\/100\n|move|p1a: Kingambit|Kowtow Cleave|p2a: Sinistcha\n|-supereffective|p2a: Sinistcha\n|-damage|p2a: Sinistcha|0 fnt\n|faint|p2a: Sinistcha\n|move|p2b: Vikavolt|Discharge|p1b: Politoed|[spread] p1a,p1b\n|-supereffective|p1b: Politoed\n|-damage|p1a: Kingambit|0 fnt\n|-damage|p1b: Politoed|0 fnt\n|faint|p1a: Kingambit\n|faint|p1b: Politoed\n|\n|win|GunGalione\n|raw|ThreeMusca's rating: 1144 &rarr; <strong>1119<\/strong><br \/>(-25 for losing)\n|raw|GunGalione's rating: 1145 &rarr; <strong>1170<\/strong><br \/>(+25 for winning)\n|l|\u2606ThreeMusca\n|l|\u2606GunGalione\n|j|\u2606GunGalione\n|player|p2|GunGalione|pokemonranger-gen4\n","uploadtime":1701151276,"views":3,"p1id":"threemusca","p2id":"gungalione","formatid":"gen9vgc2023regulatione","rating":1119,"private":0,"password":""}