{"id":"gen9vgc2023regulatione-2000229836","p1":"beeki","p2":"lozraff","format":"[Gen 9] VGC 2023 Regulation E","log":"|j|\u2606beeki\n|j|\u2606lozraff\n|t:|1701175101\n|gametype|doubles\n|player|p1|beeki|leaf-masters|1234\n|player|p2|lozraff|1|1124\n|teamsize|p1|6\n|teamsize|p2|6\n|gen|9\n|tier|[Gen 9] VGC 2023 Regulation E\n|rated|\n|rule|Species Clause: Limit one of each Pok\u00e9mon\n|rule|Item Clause: Limit one of each item\n|clearpoke\n|poke|p1|Brambleghast, L50, M|\n|poke|p1|Arcanine-Hisui, L50, F|\n|poke|p1|Urshifu-*, L50, M|\n|poke|p1|Iron Hands, L50|\n|poke|p1|Tornadus, L50, M|\n|poke|p1|Ogerpon-Wellspring, L50, F|\n|poke|p2|Baxcalibur, L50, M|\n|poke|p2|Thundurus, L50, M|\n|poke|p2|Urshifu-*, L50, M|\n|poke|p2|Garchomp, L50, M|\n|poke|p2|Flutter Mane, L50|\n|poke|p2|Fezandipiti, L50, M|\n|teampreview|4\n|inactive|Battle timer is ON: inactive players will automatically lose when time's up. (requested by lozraff)\n|inactive|lozraff has 60 seconds left.\n|\n|t:|1701175135\n|start\n|switch|p1a: Hakari|Tornadus, L50, M|100\/100\n|switch|p1b: Hanami|Brambleghast, L50, M|100\/100\n|switch|p2a: Baxcalibur|Baxcalibur, L50, M|100\/100\n|switch|p2b: Fezandipiti|Fezandipiti, L50, M|100\/100\n|turn|1\n|inactive|beeki has 30 seconds left.\n|\n|t:|1701175166\n|-terastallize|p1b: Hanami|Ghost\n|move|p1a: Hakari|Tailwind|p1a: Hakari\n|-sidestart|p1: beeki|move: Tailwind\n|-ability|p1b: Hanami|Wind Rider|boost\n|-boost|p1b: Hanami|atk|1\n|move|p1b: Hanami|Poltergeist|p2a: Baxcalibur\n|-activate|p2a: Baxcalibur|move: Poltergeist|Clear Amulet\n|-damage|p2a: Baxcalibur|0 fnt\n|faint|p2a: Baxcalibur\n|move|p2b: Fezandipiti|Acid Spray|p1b: Hanami\n|-resisted|p1b: Hanami\n|-damage|p1b: Hanami|87\/100\n|-unboost|p1b: Hanami|spd|2\n|\n|upkeep\n|\n|t:|1701175189\n|switch|p2a: Flutter Mane|Flutter Mane, L50|100\/100\n|-enditem|p2a: Flutter Mane|Booster Energy\n|-activate|p2a: Flutter Mane|ability: Protosynthesis|[fromitem]\n|-start|p2a: Flutter Mane|protosynthesisspa\n|turn|2\n|\n|t:|1701175205\n|move|p2a: Flutter Mane|Protect|p2a: Flutter Mane\n|-singleturn|p2a: Flutter Mane|Protect\n|move|p1b: Hanami|Shadow Sneak|p2a: Flutter Mane\n|-activate|p2a: Flutter Mane|move: Protect\n|move|p1a: Hakari|Bleakwind Storm|p2b: Fezandipiti|[spread] \n|-activate|p2a: Flutter Mane|move: Protect\n|-miss|p1a: Hakari|p2b: Fezandipiti\n|move|p2b: Fezandipiti|Tailwind|p2b: Fezandipiti\n|-sidestart|p2: lozraff|move: Tailwind\n|\n|upkeep\n|turn|3\n|\n|t:|1701175227\n|switch|p1a: Yuta|Arcanine-Hisui, L50, F|100\/100\n|-ability|p1a: Yuta|Intimidate|boost\n|-unboost|p2a: Flutter Mane|atk|1\n|-unboost|p2b: Fezandipiti|atk|1\n|-terastallize|p2a: Flutter Mane|Steel\n|move|p1b: Hanami|Shadow Sneak|p2a: Flutter Mane\n|-damage|p2a: Flutter Mane|6\/100\n|move|p2a: Flutter Mane|Shadow Ball|p1b: Hanami\n|-supereffective|p1b: Hanami\n|-damage|p1b: Hanami|0 fnt\n|faint|p1b: Hanami\n|move|p2b: Fezandipiti|Acid Spray|p1a: Yuta\n|-resisted|p1a: Yuta\n|-damage|p1a: Yuta|92\/100\n|-unboost|p1a: Yuta|spd|2\n|\n|upkeep\n|\n|t:|1701175243\n|switch|p1b: Hakari|Tornadus, L50, M|100\/100\n|turn|4\n|\n|t:|1701175256\n|move|p2a: Flutter Mane|Protect|p2a: Flutter Mane\n|-singleturn|p2a: Flutter Mane|Protect\n|move|p1a: Yuta|Extreme Speed|p2a: Flutter Mane\n|-activate|p2a: Flutter Mane|move: Protect\n|move|p1b: Hakari|Bleakwind Storm|p2a: Flutter Mane|[spread] p2b\n|-activate|p2a: Flutter Mane|move: Protect\n|-damage|p2b: Fezandipiti|74\/100\n|move|p2b: Fezandipiti|Nasty Plot|p2b: Fezandipiti\n|-boost|p2b: Fezandipiti|spa|2\n|\n|-heal|p2b: Fezandipiti|80\/100|[from] item: Leftovers\n|-sideend|p1: beeki|move: Tailwind\n|upkeep\n|turn|5\n|\n|t:|1701175280\n|move|p1a: Yuta|Extreme Speed|p2a: Flutter Mane\n|-resisted|p2a: Flutter Mane\n|-damage|p2a: Flutter Mane|0 fnt\n|faint|p2a: Flutter Mane\n|-end|p2a: Flutter Mane|Protosynthesis|[silent]\n|move|p2b: Fezandipiti|Acid Spray|p1b: Hakari\n|-damage|p1b: Hakari|69\/100\n|move|p1b: Hakari|Bleakwind Storm|p2b: Fezandipiti\n|-damage|p2b: Fezandipiti|48\/100\n|-unboost|p2b: Fezandipiti|spe|1\n|\n|-heal|p2b: Fezandipiti|54\/100|[from] item: Leftovers\n|-sideend|p2: lozraff|move: Tailwind\n|upkeep\n|\n|t:|1701175292\n|switch|p2a: Thundurus|Thundurus, L50, M|100\/100\n|turn|6\n|\n|t:|1701175305\n|move|p1b: Hakari|Tailwind|p1b: Hakari\n|-sidestart|p1: beeki|move: Tailwind\n|move|p1a: Yuta|Rock Slide|p2b: Fezandipiti|[spread] p2a,p2b\n|-supereffective|p2a: Thundurus\n|-damage|p2a: Thundurus|17\/100\n|-damage|p2b: Fezandipiti|33\/100\n|move|p2a: Thundurus|Wildbolt Storm|p1b: Hakari|[spread] p1a,p1b\n|-supereffective|p1b: Hakari\n|-damage|p1a: Yuta|0 fnt\n|-damage|p1b: Hakari|0 fnt\n|faint|p1a: Yuta\n|faint|p1b: Hakari\n|move|p2b: Fezandipiti|Acid Spray|p1: Yuta|[notarget]\n|-fail|p2b: Fezandipiti\n|\n|-heal|p2b: Fezandipiti|39\/100|[from] item: Leftovers\n|upkeep\n|\n|t:|1701175317\n|switch|p1b: Toji|Urshifu, L50, M|100\/100\n|turn|7\n|\n|t:|1701175331\n|move|p1b: Toji|Wicked Blow|p2b: Fezandipiti\n|-resisted|p2b: Fezandipiti\n|-crit|p2b: Fezandipiti\n|-damage|p2b: Fezandipiti|5\/100\n|move|p2a: Thundurus|Wildbolt Storm|p1b: Toji|[miss]\n|-miss|p2a: Thundurus|p1b: Toji\n|move|p2b: Fezandipiti|Acid Spray|p1b: Toji\n|-damage|p1b: Toji|60\/100\n|-unboost|p1b: Toji|spd|2\n|\n|-heal|p2b: Fezandipiti|11\/100|[from] item: Leftovers\n|upkeep\n|turn|8\n|\n|t:|1701175347\n|move|p1b: Toji|Wicked Blow|p2b: Fezandipiti\n|-resisted|p2b: Fezandipiti\n|-crit|p2b: Fezandipiti\n|-damage|p2b: Fezandipiti|0 fnt\n|faint|p2b: Fezandipiti\n|move|p2a: Thundurus|Wildbolt Storm|p1b: Toji|[miss]\n|-miss|p2a: Thundurus|p1b: Toji\n|\n|upkeep\n|turn|9\n|c|\u2606beeki|..\n|c|\u2606lozraff|:(\n|c|\u2606lozraff|haha\n|c|\u2606beeki|thats\\\n|c|\u2606beeki|rough\n|\n|t:|1701175372\n|move|p1b: Toji|Wicked Blow|p2a: Thundurus\n|-crit|p2a: Thundurus\n|-damage|p2a: Thundurus|0 fnt\n|faint|p2a: Thundurus\n|\n|win|beeki\n|raw|beeki's rating: 1234 &rarr; <strong>1251<\/strong><br \/>(+17 for winning)\n|raw|lozraff's rating: 1124 &rarr; <strong>1107<\/strong><br \/>(-17 for losing)\n|c|\u2606lozraff|gg\n|c|\u2606beeki|gg\n","uploadtime":1701175379,"views":5,"p1id":"beeki","p2id":"lozraff","formatid":"gen9vgc2023regulatione","rating":1107,"private":0,"password":""}