{"id":"gen9vgc2023regulatione-1989346337","p1":"LindaLuna","p2":"kcazrou","format":"[Gen 9] VGC 2023 Regulation E","log":"|j|\u2606LindaLuna\n|j|\u2606kcazrou\n|t:|1699838992\n|gametype|doubles\n|player|p1|LindaLuna|giovanni|1430\n|player|p2|kcazrou|emma|1434\n|teamsize|p1|6\n|teamsize|p2|6\n|gen|9\n|tier|[Gen 9] VGC 2023 Regulation E\n|rated|\n|rule|Species Clause: Limit one of each Pok\u00e9mon\n|rule|Item Clause: Limit one of each item\n|clearpoke\n|poke|p1|Farigiraf, L50, F|\n|poke|p1|Heatran, L50, F|\n|poke|p1|Chien-Pao, L50|\n|poke|p1|Dragonite, L50, F|\n|poke|p1|Urshifu-*, L50, F|\n|poke|p1|Ursaluna-Bloodmoon, L50, M|\n|poke|p2|Ursaluna, L50, F|\n|poke|p2|Enamorus-Therian, L50, F|\n|poke|p2|Oranguru, L50, M|\n|poke|p2|Iron Hands, L50|\n|poke|p2|Chi-Yu, L50|\n|poke|p2|Tornadus, L50, M|\n|teampreview|4\n|j| meowmeowjoe\n|\n|t:|1699839046\n|start\n|switch|p1a: Chien-Pao|Chien-Pao, L50|100\/100\n|switch|p1b: Dragonite|Dragonite, L50, F|100\/100\n|switch|p2a: Chi-Yu|Chi-Yu, L50|100\/100\n|switch|p2b: Tornadus|Tornadus, L50, M|100\/100\n|-ability|p1a: Chien-Pao|Sword of Ruin\n|-ability|p2a: Chi-Yu|Beads of Ruin\n|turn|1\n|inactive|Battle timer is ON: inactive players will automatically lose when time's up. (requested by kcazrou)\n|\n|t:|1699839069\n|-terastallize|p1b: Dragonite|Normal\n|move|p2a: Chi-Yu|Protect|p2a: Chi-Yu\n|-singleturn|p2a: Chi-Yu|Protect\n|move|p1b: Dragonite|Extreme Speed|p2a: Chi-Yu\n|-activate|p2a: Chi-Yu|move: Protect\n|move|p1a: Chien-Pao|Sucker Punch||[still]\n|-fail|p1a: Chien-Pao\n|move|p2b: Tornadus|Tailwind|p2b: Tornadus\n|-sidestart|p2: kcazrou|move: Tailwind\n|\n|upkeep\n|turn|2\n|inactive|kcazrou has 30 seconds left.\n|\n|t:|1699839101\n|-terastallize|p2a: Chi-Yu|Ghost\n|move|p2a: Chi-Yu|Protect|p2a: Chi-Yu\n|-singleturn|p2a: Chi-Yu|Protect\n|move|p1a: Chien-Pao|Protect|p1a: Chien-Pao\n|-singleturn|p1a: Chien-Pao|Protect\n|move|p1b: Dragonite|Extreme Speed|p2a: Chi-Yu\n|-activate|p2a: Chi-Yu|move: Protect\n|move|p2b: Tornadus|Bleakwind Storm|p1b: Dragonite|[spread] p1b\n|-activate|p1a: Chien-Pao|move: Protect\n|-damage|p1b: Dragonite|78\/100\n|\n|upkeep\n|turn|3\n|inactive|kcazrou has 30 seconds left.\n|inactive|kcazrou has 20 seconds left.\n|\n|t:|1699839137\n|move|p1b: Dragonite|Extreme Speed|p2b: Tornadus\n|-damage|p2b: Tornadus|4\/100\n|move|p1a: Chien-Pao|Sucker Punch|p2a: Chi-Yu\n|-supereffective|p2a: Chi-Yu\n|-damage|p2a: Chi-Yu|0 fnt\n|faint|p2a: Chi-Yu\n|-damage|p1a: Chien-Pao|91\/100|[from] item: Life Orb\n|move|p2b: Tornadus|Bleakwind Storm|p1a: Chien-Pao|[spread] p1a,p1b\n|-crit|p1a: Chien-Pao\n|-damage|p1a: Chien-Pao|0 fnt\n|-damage|p1b: Dragonite|47\/100\n|faint|p1a: Chien-Pao\n|\n|upkeep\n|\n|t:|1699839154\n|switch|p1a: Farigiraf|Farigiraf, L50, F|100\/100\n|switch|p2a: Iron Hands|Iron Hands, L50|100\/100\n|turn|4\n|\n|t:|1699839169\n|move|p1b: Dragonite|Extreme Speed|p2a: Iron Hands\n|-damage|p2a: Iron Hands|73\/100\n|move|p2b: Tornadus|Bleakwind Storm|p1b: Dragonite|[spread] p1a\n|-miss|p2b: Tornadus|p1b: Dragonite\n|-damage|p1a: Farigiraf|65\/100\n|move|p2a: Iron Hands|Drain Punch|p1b: Dragonite\n|-supereffective|p1b: Dragonite\n|-damage|p1b: Dragonite|0 fnt\n|-heal|p2a: Iron Hands|91\/100|[from] drain|[of] p1b: Dragonite\n|faint|p1b: Dragonite\n|move|p1a: Farigiraf|Psychic|p2a: Iron Hands\n|-supereffective|p2a: Iron Hands\n|-damage|p2a: Iron Hands|40\/100\n|\n|-sideend|p2: kcazrou|move: Tailwind\n|upkeep\n|\n|t:|1699839179\n|switch|p1b: Heatran|Heatran, L50, F|100\/100\n|turn|5\n|\n|t:|1699839189\n|move|p2b: Tornadus|Tailwind|p2b: Tornadus\n|-sidestart|p2: kcazrou|move: Tailwind\n|move|p2a: Iron Hands|Drain Punch|p1b: Heatran\n|-supereffective|p1b: Heatran\n|-damage|p1b: Heatran|19\/100\n|-heal|p2a: Iron Hands|70\/100|[from] drain|[of] p1b: Heatran\n|move|p1b: Heatran|Earth Power|p2a: Iron Hands\n|-supereffective|p2a: Iron Hands\n|-damage|p2a: Iron Hands|33\/100\n|move|p1a: Farigiraf|Psychic|p2a: Iron Hands\n|-supereffective|p2a: Iron Hands\n|-damage|p2a: Iron Hands|0 fnt\n|faint|p2a: Iron Hands\n|-end|p2a: Iron Hands|Quark Drive|[silent]\n|\n|upkeep\n|\n|t:|1699839196\n|switch|p2a: Ursaluna|Ursaluna, L50, F|100\/100\n|turn|6\n|\n|t:|1699839204\n|move|p2b: Tornadus|Icy Wind|p1a: Farigiraf|[spread] p1a,p1b\n|-resisted|p1b: Heatran\n|-damage|p1a: Farigiraf|52\/100\n|-damage|p1b: Heatran|17\/100\n|-unboost|p1a: Farigiraf|spe|1\n|-unboost|p1b: Heatran|spe|1\n|move|p2a: Ursaluna|Earthquake|p1b: Heatran|[spread] p1a,p1b\n|-immune|p2b: Tornadus\n|-supereffective|p1b: Heatran\n|-damage|p1a: Farigiraf|14\/100\n|-damage|p1b: Heatran|0 fnt\n|faint|p1b: Heatran\n|move|p1a: Farigiraf|Trick Room|p1a: Farigiraf\n|-fieldstart|move: Trick Room|[of] p1a: Farigiraf\n|\n|-status|p2a: Ursaluna|brn|[from] item: Flame Orb\n|upkeep\n|turn|7\n|-message|LindaLuna forfeited.\n|\n|win|kcazrou\n|raw|LindaLuna's rating: 1430 &rarr; <strong>1410<\/strong><br \/>(-20 for losing)\n|raw|kcazrou's rating: 1434 &rarr; <strong>1454<\/strong><br \/>(+20 for winning)\n|l|\u2606LindaLuna\n","uploadtime":1699839229,"views":9,"p1id":"lindaluna","p2id":"kcazrou","formatid":"gen9vgc2023regulatione","rating":1410,"private":0,"password":""}