{"id":"gen9vgc2023regulatione-1998156356","p1":"Fauxnel","p2":"DouWu","format":"[Gen 9] VGC 2023 Regulation E","log":"|j|\u2606Fauxnel\n|j|\u2606DouWu\n|t:|1700902438\n|gametype|doubles\n|player|p1|Fauxnel|colress|1502\n|player|p2|DouWu|larry|1439\n|teamsize|p1|6\n|teamsize|p2|6\n|gen|9\n|tier|[Gen 9] VGC 2023 Regulation E\n|rated|\n|rule|Species Clause: Limit one of each Pok\u00e9mon\n|rule|Item Clause: Limit one of each item\n|clearpoke\n|poke|p1|Brute Bonnet, L50|\n|poke|p1|Chien-Pao, L50|\n|poke|p1|Roaring Moon, L50|\n|poke|p1|Kingambit, L50, F|\n|poke|p1|Chi-Yu, L50|\n|poke|p1|Sableye, L50, M|\n|poke|p2|Toxapex, L50, F|\n|poke|p2|Wo-Chien, L50|\n|poke|p2|Flutter Mane, L50|\n|poke|p2|Chi-Yu, L50|\n|poke|p2|Garganacl, L50, M|\n|poke|p2|Milotic, L50, M|\n|teampreview|4\n|\n|t:|1700902488\n|start\n|switch|p1a: Marx|Sableye, L50, M|100\/100\n|switch|p1b: Astaroth|Roaring Moon, L50|100\/100\n|switch|p2a: Flutter Mane|Flutter Mane, L50|100\/100\n|switch|p2b: Wo-Chien|Wo-Chien, L50|100\/100\n|-ability|p2b: Wo-Chien|Tablets of Ruin\n|-enditem|p1b: Astaroth|Booster Energy\n|-activate|p1b: Astaroth|ability: Protosynthesis|[fromitem]\n|-start|p1b: Astaroth|protosynthesisspe\n|turn|1\n|inactive|Battle timer is ON: inactive players will automatically lose when time's up. (requested by Fauxnel)\n|\n|t:|1700902515\n|-terastallize|p1b: Astaroth|Poison\n|move|p2b: Wo-Chien|Protect|p2b: Wo-Chien\n|-singleturn|p2b: Wo-Chien|Protect\n|move|p1a: Marx|Fake Out|p2b: Wo-Chien\n|-activate|p2b: Wo-Chien|move: Protect\n|move|p1b: Astaroth|Knock Off|p2a: Flutter Mane\n|-damage|p2a: Flutter Mane|46\/100\n|-enditem|p2a: Flutter Mane|Life Orb|[from] move: Knock Off|[of] p1b: Astaroth\n|move|p2a: Flutter Mane|Dazzling Gleam|p1a: Marx|[spread] p1a,p1b\n|-supereffective|p1a: Marx\n|-resisted|p1b: Astaroth\n|-damage|p1a: Marx|9\/100\n|-damage|p1b: Astaroth|88\/100\n|\n|upkeep\n|turn|2\n|inactive|DouWu has 30 seconds left.\n|inactive|Fauxnel has 30 seconds left.\n|inactive|DouWu has 20 seconds left.\n|\n|t:|1700902555\n|-end|p2a: Flutter Mane|Protosynthesis|[silent]\n|switch|p2a: Garganacl|Garganacl, L50, M|100\/100\n|switch|p1a: Kingambit|Kingambit, L50, F|100\/100\n|move|p1b: Astaroth|Stomping Tantrum|p2a: Garganacl\n|-supereffective|p2a: Garganacl\n|-damage|p2a: Garganacl|73\/100\n|move|p2b: Wo-Chien|Leech Seed|p1a: Kingambit\n|-start|p1a: Kingambit|move: Leech Seed\n|\n|-damage|p1a: Kingambit|88\/100|[from] Leech Seed|[of] p2b: Wo-Chien\n|upkeep\n|turn|3\n|inactive|Fauxnel has 30 seconds left.\n|inactive|DouWu has 30 seconds left.\n|\n|t:|1700902590\n|move|p2a: Garganacl|Protect|p2a: Garganacl\n|-singleturn|p2a: Garganacl|Protect\n|move|p1b: Astaroth|Knock Off|p2b: Wo-Chien\n|-resisted|p2b: Wo-Chien\n|-damage|p2b: Wo-Chien|86\/100\n|-enditem|p2b: Wo-Chien|Leftovers|[from] move: Knock Off|[of] p1b: Astaroth\n|move|p2b: Wo-Chien|Leech Seed|p1b: Astaroth\n|-start|p1b: Astaroth|move: Leech Seed\n|move|p1a: Kingambit|Iron Head|p2a: Garganacl\n|-activate|p2a: Garganacl|move: Protect\n|\n|-damage|p1b: Astaroth|75\/100|[from] Leech Seed|[of] p2b: Wo-Chien\n|-heal|p2b: Wo-Chien|98\/100|[silent]\n|-damage|p1a: Kingambit|76\/100|[from] Leech Seed|[of] p2b: Wo-Chien\n|-heal|p2b: Wo-Chien|100\/100|[silent]\n|upkeep\n|turn|4\n|inactive|DouWu has 30 seconds left.\n|inactive|DouWu has 20 seconds left.\n|inactive|DouWu has 15 seconds left.\n|inactive|DouWu has 10 seconds left.\n|\n|t:|1700902640\n|move|p1b: Astaroth|Stomping Tantrum|p2a: Garganacl\n|-supereffective|p2a: Garganacl\n|-damage|p2a: Garganacl|45\/100\n|-enditem|p2a: Garganacl|Sitrus Berry|[eat]\n|-heal|p2a: Garganacl|70\/100|[from] item: Sitrus Berry\n|move|p2b: Wo-Chien|Pollen Puff|p2a: Garganacl\n|-heal|p2a: Garganacl|100\/100\n|move|p1a: Kingambit|Kowtow Cleave|p2a: Garganacl\n|-damage|p2a: Garganacl|74\/100\n|move|p2a: Garganacl|Salt Cure|p1a: Kingambit\n|-resisted|p1a: Kingambit\n|-damage|p1a: Kingambit|72\/100\n|-start|p1a: Kingambit|Salt Cure\n|\n|-damage|p1b: Astaroth|63\/100|[from] Leech Seed|[of] p2b: Wo-Chien\n|-damage|p1a: Kingambit|60\/100|[from] Leech Seed|[of] p2b: Wo-Chien\n|-damage|p1a: Kingambit|36\/100|[from] Salt Cure\n|upkeep\n|turn|5\n|\n|t:|1700902662\n|switch|p1a: Brute Bonnet|Brute Bonnet, L50|100\/100\n|move|p2a: Garganacl|Protect|p2a: Garganacl\n|-singleturn|p2a: Garganacl|Protect\n|move|p1b: Astaroth|Breaking Swipe|p2b: Wo-Chien|[spread] p2b\n|-activate|p2a: Garganacl|move: Protect\n|-crit|p2b: Wo-Chien\n|-damage|p2b: Wo-Chien|81\/100\n|-unboost|p2b: Wo-Chien|atk|1\n|move|p2b: Wo-Chien|Ruination|p1b: Astaroth\n|-damage|p1b: Astaroth|32\/100\n|\n|-damage|p1b: Astaroth|20\/100|[from] Leech Seed|[of] p2b: Wo-Chien\n|-heal|p2b: Wo-Chien|93\/100|[silent]\n|upkeep\n|turn|6\n|inactive|DouWu has 30 seconds left.\n|inactive|DouWu has 20 seconds left.\n|\n|t:|1700902701\n|move|p1b: Astaroth|Stomping Tantrum|p2a: Garganacl\n|-supereffective|p2a: Garganacl\n|-damage|p2a: Garganacl|45\/100\n|move|p2b: Wo-Chien|Ruination|p1a: Brute Bonnet\n|-damage|p1a: Brute Bonnet|50\/100\n|move|p1a: Brute Bonnet|Seed Bomb|p2a: Garganacl\n|-supereffective|p2a: Garganacl\n|-crit|p2a: Garganacl\n|-damage|p2a: Garganacl|0 fnt\n|faint|p2a: Garganacl\n|\n|-damage|p1b: Astaroth|7\/100|[from] Leech Seed|[of] p2b: Wo-Chien\n|-heal|p2b: Wo-Chien|100\/100|[silent]\n|upkeep\n|\n|t:|1700902715\n|switch|p2a: Flutter Mane|Flutter Mane, L50|46\/100\n|turn|7\n|\n|t:|1700902729\n|-end|p1b: Astaroth|Protosynthesis|[silent]\n|switch|p1b: Marx|Sableye, L50, M|9\/100\n|move|p2a: Flutter Mane|Dazzling Gleam|p1b: Marx|[spread] p1a,p1b\n|-supereffective|p1a: Brute Bonnet\n|-supereffective|p1b: Marx\n|-damage|p1a: Brute Bonnet|6\/100\n|-damage|p1b: Marx|0 fnt\n|faint|p1b: Marx\n|move|p2b: Wo-Chien|Pollen Puff|p2a: Flutter Mane\n|-heal|p2a: Flutter Mane|95\/100\n|move|p1a: Brute Bonnet|Seed Bomb|p2a: Flutter Mane\n|-damage|p2a: Flutter Mane|51\/100\n|\n|upkeep\n|\n|t:|1700902744\n|switch|p1b: Astaroth|Roaring Moon, L50, tera:Poison|7\/100\n|turn|8\n|\n|t:|1700902754\n|move|p1b: Astaroth|Knock Off|p2a: Flutter Mane\n|-damage|p2a: Flutter Mane|16\/100\n|move|p2a: Flutter Mane|Dazzling Gleam|p1a: Brute Bonnet|[spread] p1a,p1b\n|-supereffective|p1a: Brute Bonnet\n|-resisted|p1b: Astaroth\n|-damage|p1a: Brute Bonnet|0 fnt\n|-damage|p1b: Astaroth|0 fnt\n|faint|p1a: Brute Bonnet\n|-end|p1a: Brute Bonnet|Protosynthesis|[silent]\n|faint|p1b: Astaroth\n|-end|p1b: Astaroth|Protosynthesis|[silent]\n|move|p2b: Wo-Chien|Pollen Puff|p2a: Flutter Mane\n|-heal|p2a: Flutter Mane|66\/100\n|\n|upkeep\n|\n|t:|1700902758\n|switch|p1b: Kingambit|Kingambit, L50, F|36\/100\n|turn|9\n|\n|t:|1700902773\n|move|p2b: Wo-Chien|Protect|p2b: Wo-Chien\n|-singleturn|p2b: Wo-Chien|Protect\n|move|p2a: Flutter Mane|Perish Song|p2a: Flutter Mane\n|-start|p1b: Kingambit|perish3|[silent]\n|-start|p2a: Flutter Mane|perish3|[silent]\n|-start|p2b: Wo-Chien|perish3|[silent]\n|-fieldactivate|move: Perish Song\n|move|p1b: Kingambit|Iron Head|p2a: Flutter Mane\n|-supereffective|p2a: Flutter Mane\n|-damage|p2a: Flutter Mane|0 fnt\n|faint|p2a: Flutter Mane\n|-end|p2a: Flutter Mane|Protosynthesis|[silent]\n|\n|-start|p2b: Wo-Chien|perish3\n|-start|p1b: Kingambit|perish3\n|upkeep\n|\n|t:|1700902786\n|switch|p2a: Chi-Yu|Chi-Yu, L50|100\/100\n|-ability|p2a: Chi-Yu|Beads of Ruin\n|turn|10\n|\n|t:|1700902799\n|move|p2a: Chi-Yu|Heat Wave|p1b: Kingambit\n|-supereffective|p1b: Kingambit\n|-damage|p1b: Kingambit|0 fnt\n|faint|p1b: Kingambit\n|\n|win|DouWu\n|raw|Fauxnel's rating: 1502 &rarr; <strong>1478<\/strong><br \/>(-24 for losing)\n|raw|DouWu's rating: 1439 &rarr; <strong>1463<\/strong><br \/>(+24 for winning)\n|l|\u2606Fauxnel\n","uploadtime":1700902808,"views":1,"p1id":"fauxnel","p2id":"douwu","formatid":"gen9vgc2023regulatione","rating":1463,"private":0,"password":""}