{"id":"gen9vgc2023regulatione-1992560101","p1":"That_Leek","p2":"electricboogaloo12","format":"[Gen 9] VGC 2023 Regulation E","log":"|j|\u2606That_Leek\n|j|\u203delectricboogaloo12\n|t:|1700205840\n|gametype|doubles\n|player|p1|That_Leek|blue|1571\n|player|p2|electricboogaloo12|cynthia|1494\n|teamsize|p1|6\n|teamsize|p2|6\n|gen|9\n|tier|[Gen 9] VGC 2023 Regulation E\n|rated|\n|rule|Species Clause: Limit one of each Pok\u00e9mon\n|rule|Item Clause: Limit one of each item\n|clearpoke\n|poke|p1|Gholdengo, L50|\n|poke|p1|Ogerpon-Wellspring, L50, F|\n|poke|p1|Arcanine-Hisui, L50, F|\n|poke|p1|Chien-Pao, L50|\n|poke|p1|Scream Tail, L50|\n|poke|p1|Dragonite, L50, M|\n|poke|p2|Gastrodon, L50, F|\n|poke|p2|Grimmsnarl, L50, M|\n|poke|p2|Articuno-Galar, L50|\n|poke|p2|Great Tusk, L50|\n|poke|p2|Forretress, L50, F|\n|poke|p2|Heatran, L50, M|\n|teampreview|4\n|inactive|Battle timer is ON: inactive players will automatically lose when time's up. (requested by electricboogaloo12)\nThat_Leek has agreed to open team sheets.\n|\n|t:|1700205867\n|start\n|switch|p1a: Scream Tail|Scream Tail, L50|100\/100\n|switch|p1b: Arcanine|Arcanine-Hisui, L50, F|100\/100\n|switch|p2a: Grimmsnarl|Grimmsnarl, L50, M|100\/100\n|switch|p2b: Articuno|Articuno-Galar, L50|100\/100\n|-ability|p1b: Arcanine|Intimidate|boost\n|-unboost|p2a: Grimmsnarl|atk|1\n|-unboost|p2b: Articuno|atk|1\n|-ability|p2b: Articuno|Competitive|boost\n|-boost|p2b: Articuno|spa|2\n|-enditem|p1a: Scream Tail|Booster Energy\n|-activate|p1a: Scream Tail|ability: Protosynthesis|[fromitem]\n|-start|p1a: Scream Tail|protosynthesisspe\n|turn|1\n|\n|t:|1700205874\n|move|p2a: Grimmsnarl|Fake Out|p1b: Arcanine\n|-resisted|p1b: Arcanine\n|-damage|p1b: Arcanine|96\/100\n|move|p1a: Scream Tail|Thunder Wave|p2b: Articuno\n|-status|p2b: Articuno|par\n|cant|p1b: Arcanine|flinch\n|cant|p2b: Articuno|par\n|\n|upkeep\n|turn|2\n|\n|t:|1700205896\n|cant|p2b: Articuno|par\n|move|p2a: Grimmsnarl|Parting Shot|p1b: Arcanine\n|-unboost|p1b: Arcanine|atk|1\n|-unboost|p1b: Arcanine|spa|1\n|\n|t:|1700205901\n|switch|p2a: Forretress|Forretress, L50, F|100\/100|[from] Parting Shot\n|move|p1a: Scream Tail|Howl|p1a: Scream Tail|[spread] p1a,p1b\n|-boost|p1a: Scream Tail|atk|1\n|-boost|p1b: Arcanine|atk|1\n|move|p1b: Arcanine|Rock Slide|p2a: Forretress|[spread] p2a,p2b\n|-supereffective|p2b: Articuno\n|-damage|p2a: Forretress|72\/100\n|-damage|p2b: Articuno|11\/100 par\n|\n|-heal|p2a: Forretress|78\/100|[from] item: Leftovers\n|upkeep\n|turn|3\n|\n|t:|1700205916\n|switch|p2a: Grimmsnarl|Grimmsnarl, L50, M|100\/100\n|move|p2b: Articuno|Protect|p2b: Articuno\n|-singleturn|p2b: Articuno|Protect\n|move|p1a: Scream Tail|Thunder Wave|p2a: Grimmsnarl\n|-status|p2a: Grimmsnarl|par\n|move|p1b: Arcanine|Rock Slide|p2a: Grimmsnarl|[spread] p2a\n|-activate|p2b: Articuno|move: Protect\n|-damage|p2a: Grimmsnarl|56\/100 par\n|\n|upkeep\n|turn|4\n|\n|t:|1700205928\n|move|p2a: Grimmsnarl|Fake Out|p1b: Arcanine\n|-resisted|p1b: Arcanine\n|-damage|p1b: Arcanine|90\/100\n|move|p1a: Scream Tail|Howl|p1a: Scream Tail|[spread] p1a,p1b\n|-boost|p1a: Scream Tail|atk|1\n|-boost|p1b: Arcanine|atk|1\n|cant|p1b: Arcanine|flinch\n|move|p2b: Articuno|Freezing Glare|p1b: Arcanine\n|-damage|p1b: Arcanine|0 fnt\n|faint|p1b: Arcanine\n|\n|upkeep\n|\n|t:|1700205934\n|switch|p1b: Chien-Pao|Chien-Pao, L50|100\/100\n|-ability|p1b: Chien-Pao|Sword of Ruin\n|turn|5\n|\n|t:|1700205942\n|move|p1a: Scream Tail|Howl|p1a: Scream Tail|[spread] p1a,p1b\n|-boost|p1a: Scream Tail|atk|1\n|-boost|p1b: Chien-Pao|atk|1\n|move|p1b: Chien-Pao|Ice Spinner|p2a: Grimmsnarl\n|-damage|p2a: Grimmsnarl|0 fnt\n|faint|p2a: Grimmsnarl\n|move|p2b: Articuno|Trick Room|p2b: Articuno\n|-fieldstart|move: Trick Room|[of] p2b: Articuno\n|\n|upkeep\n|\n|t:|1700205955\n|switch|p2a: Forretress|Forretress, L50, F|78\/100\n|turn|6\n|\n|t:|1700205964\n|move|p2b: Articuno|Protect|p2b: Articuno\n|-singleturn|p2b: Articuno|Protect\n|move|p1b: Chien-Pao|Protect|p1b: Chien-Pao\n|-singleturn|p1b: Chien-Pao|Protect\n|move|p2a: Forretress|Curse|p2a: Forretress\n|-unboost|p2a: Forretress|spe|1\n|-boost|p2a: Forretress|atk|1\n|-boost|p2a: Forretress|def|1\n|move|p1a: Scream Tail|Play Rough|p2b: Articuno\n|-activate|p2b: Articuno|move: Protect\n|\n|-heal|p2a: Forretress|83\/100|[from] item: Leftovers\n|upkeep\n|turn|7\n|\n|t:|1700205980\n|-terastallize|p1b: Chien-Pao|Ghost\n|move|p2a: Forretress|Body Press|p1b: Chien-Pao\n|-immune|p1b: Chien-Pao\n|move|p2b: Articuno|Freezing Glare|p1a: Scream Tail\n|-resisted|p1a: Scream Tail\n|-damage|p1a: Scream Tail|69\/100\n|move|p1b: Chien-Pao|Sacred Sword|p2a: Forretress\n|-damage|p2a: Forretress|43\/100\n|move|p1a: Scream Tail|Play Rough|p2b: Articuno|[miss]\n|-miss|p1a: Scream Tail|p2b: Articuno\n|\n|-heal|p2a: Forretress|49\/100|[from] item: Leftovers\n|upkeep\n|turn|8\n|\n|t:|1700205999\n|move|p2b: Articuno|Protect|p2b: Articuno\n|-singleturn|p2b: Articuno|Protect\n|move|p1b: Chien-Pao|Protect|p1b: Chien-Pao\n|-singleturn|p1b: Chien-Pao|Protect\n|move|p2a: Forretress|Rock Slide|p1a: Scream Tail|[spread] \n|-activate|p1b: Chien-Pao|move: Protect\n|-miss|p2a: Forretress|p1a: Scream Tail\n|move|p1a: Scream Tail|Play Rough|p2b: Articuno\n|-activate|p2b: Articuno|move: Protect\n|\n|-heal|p2a: Forretress|55\/100|[from] item: Leftovers\n|upkeep\n|turn|9\n|\n|t:|1700206012\n|move|p1b: Chien-Pao|Sucker Punch|p2b: Articuno\n|-supereffective|p2b: Articuno\n|-damage|p2b: Articuno|0 fnt\n|faint|p2b: Articuno\n|move|p2a: Forretress|Rock Slide|p1a: Scream Tail|[spread] p1a\n|-miss|p2a: Forretress|p1b: Chien-Pao\n|-damage|p1a: Scream Tail|54\/100\n|cant|p1a: Scream Tail|flinch\n|\n|-heal|p2a: Forretress|60\/100|[from] item: Leftovers\n|-fieldend|move: Trick Room\n|upkeep\n|\n|t:|1700206021\n|switch|p2b: Great Tusk|Great Tusk, L50|100\/100\n|-enditem|p2b: Great Tusk|Booster Energy\n|-activate|p2b: Great Tusk|ability: Protosynthesis|[fromitem]\n|-start|p2b: Great Tusk|protosynthesisatk\n|turn|10\n|\n|t:|1700206030\n|-terastallize|p2b: Great Tusk|Steel\n|move|p1a: Scream Tail|Disable|p2a: Forretress\n|-start|p2a: Forretress|Disable|Rock Slide\n|move|p1b: Chien-Pao|Ice Spinner|p2b: Great Tusk\n|-resisted|p2b: Great Tusk\n|-damage|p2b: Great Tusk|75\/100\n|move|p2b: Great Tusk|Headlong Rush|p1a: Scream Tail\n|-damage|p1a: Scream Tail|0 fnt\n|-unboost|p2b: Great Tusk|def|1\n|-unboost|p2b: Great Tusk|spd|1\n|faint|p1a: Scream Tail\n|-end|p1a: Scream Tail|Protosynthesis|[silent]\n|cant|p2a: Forretress|Disable|Rock Slide\n|\n|-heal|p2a: Forretress|66\/100|[from] item: Leftovers\n|upkeep\n|\n|t:|1700206034\n|switch|p1a: Ogerpon|Ogerpon-Wellspring, L50, F|100\/100\n|turn|11\n|\n|t:|1700206043\n|move|p2b: Great Tusk|Protect|p2b: Great Tusk\n|-singleturn|p2b: Great Tusk|Protect\n|move|p1b: Chien-Pao|Sacred Sword|p2b: Great Tusk\n|-activate|p2b: Great Tusk|move: Protect\n|move|p1a: Ogerpon|Ivy Cudgel|p2a: Forretress|[anim] Ivy Cudgel Water\n|-damage|p2a: Forretress|35\/100\n|move|p2a: Forretress|Body Press|p1a: Ogerpon\n|-damage|p1a: Ogerpon|43\/100\n|\n|-heal|p2a: Forretress|40\/100|[from] item: Leftovers\n|upkeep\n|turn|12\n|\n|t:|1700206061\n|move|p2b: Great Tusk|Protect||[still]\n|-fail|p2b: Great Tusk\n|move|p1b: Chien-Pao|Sacred Sword|p2b: Great Tusk\n|-supereffective|p2b: Great Tusk\n|-damage|p2b: Great Tusk|3\/100\n|move|p1a: Ogerpon|Ivy Cudgel|p2a: Forretress|[anim] Ivy Cudgel Water\n|-damage|p2a: Forretress|8\/100\n|move|p2a: Forretress|Body Press|p1a: Ogerpon\n|-damage|p1a: Ogerpon|0 fnt\n|faint|p1a: Ogerpon\n|\n|-heal|p2a: Forretress|14\/100|[from] item: Leftovers\n|upkeep\n|turn|13\n|\n|t:|1700206073\n|move|p1b: Chien-Pao|Sacred Sword|p2a: Forretress\n|-damage|p2a: Forretress|0 fnt\n|faint|p2a: Forretress\n|move|p2b: Great Tusk|Headlong Rush|p1b: Chien-Pao\n|-enditem|p1b: Chien-Pao|Focus Sash\n|-damage|p1b: Chien-Pao|1\/100\n|-unboost|p2b: Great Tusk|def|1\n|-unboost|p2b: Great Tusk|spd|1\n|\n|upkeep\n|turn|14\n|-message|electricboogaloo12 forfeited.\n|\n|win|That_Leek\n|raw|That_Leek's rating: 1571 &rarr; <strong>1587<\/strong><br \/>(+16 for winning)\n|raw|electricboogaloo12's rating: 1494 &rarr; <strong>1478<\/strong><br \/>(-16 for losing)\n|l|\u203delectricboogaloo12\n","uploadtime":1700206082,"views":21,"p1id":"thatleek","p2id":"electricboogaloo12","formatid":"gen9vgc2023regulatione","rating":1478,"private":0,"password":""}