{"id":"gen9vgc2023regulatione-1999248868","p1":"brunikolas","p2":"afrocashier","format":"[Gen 9] VGC 2023 Regulation E","log":"|j|\u2606brunikolas\n|j|\u2606afrocashier\n|t:|1701050554\n|gametype|doubles\n|player|p1|brunikolas|2|1083\n|player|p2|afrocashier|burglar|1136\n|teamsize|p1|6\n|teamsize|p2|6\n|gen|9\n|tier|[Gen 9] VGC 2023 Regulation E\n|rated|\n|rule|Species Clause: Limit one of each Pok\u00e9mon\n|rule|Item Clause: Limit one of each item\n|clearpoke\n|poke|p1|Dragonite, L50, M|\n|poke|p1|Weezing-Galar, L50, M|\n|poke|p1|Zoroark-Hisui, L50, F|\n|poke|p1|Iron Hands, L50|\n|poke|p1|Flutter Mane, L50|\n|poke|p1|Roaring Moon, L50|\n|poke|p2|Clefable, L50, M|\n|poke|p2|Ambipom, L50, M|\n|poke|p2|Ninetales-Alola, L50, F|\n|poke|p2|Iron Bundle, L50|\n|poke|p2|Ogerpon-Hearthflame, L50, F|\n|poke|p2|Articuno, L50|\n|teampreview|4\n|inactive|Battle timer is ON: inactive players will automatically lose when time's up. (requested by afrocashier)\nafrocashier rejected open team sheets.\n|\n|t:|1701050626\n|start\n|switch|p1a: Iron Hands|Iron Hands, L50|100\/100\n|switch|p1b: Flutter Mane|Flutter Mane, L50|100\/100\n|switch|p2a: Ambipom|Ambipom, L50, M|100\/100\n|switch|p2b: Ninetales|Ninetales-Alola, L50, F|100\/100\n|-weather|Snow|[from] ability: Snow Warning|[of] p2b: Ninetales\n|turn|1\n|\n|t:|1701050646\n|move|p2a: Ambipom|Fake Out|p1a: Iron Hands\n|-immune|p1a: Iron Hands\n|move|p2b: Ninetales|Aurora Veil|p2b: Ninetales\n|-sidestart|p2: afrocashier|move: Aurora Veil\n|move|p1b: Flutter Mane|Dazzling Gleam|p2b: Ninetales|[spread] p2a,p2b\n|-damage|p2a: Ambipom|60\/100\n|-damage|p2b: Ninetales|68\/100\n|move|p1a: Iron Hands|Nasty Plot|p1a: Iron Hands\n|-boost|p1a: Iron Hands|spa|2\n|\n|-weather|Snow|[upkeep]\n|upkeep\n|turn|2\n|\n|t:|1701050666\n|switch|p2b: Clefable|Clefable, L50, M|100\/100\n|switch|p2a: Articuno|Articuno, L50|100\/100\n|move|p1b: Flutter Mane|Shadow Ball|p2b: Clefable\n|-crit|p2b: Clefable\n|-damage|p2b: Clefable|34\/100\n|move|p1a: Iron Hands|Hyper Voice|p2a: Articuno|[spread] p2a,p2b\n|-damage|p2a: Articuno|66\/100\n|-damage|p2b: Clefable|10\/100\n|\n|-weather|Snow|[upkeep]\n|-heal|p2b: Clefable|16\/100|[from] item: Leftovers\n|upkeep\n|turn|3\n|inactive|brunikolas has 30 seconds left.\n|inactive|afrocashier has 30 seconds left.\n|inactive|afrocashier has 20 seconds left.\n|inactive|afrocashier has 15 seconds left.\n|inactive|afrocashier has 10 seconds left.\n|inactive|afrocashier has 5 seconds left.\n|\n|t:|1701050721\n|move|p1b: Flutter Mane|Dazzling Gleam|p2a: Articuno|[spread] p2a,p2b\n|-damage|p2a: Articuno|45\/100\n|-damage|p2b: Clefable|0 fnt\n|faint|p2b: Clefable\n|move|p1a: Iron Hands|Hyper Voice|p2a: Articuno|[miss]\n|-miss|p1a: Iron Hands|p2a: Articuno\n|move|p2a: Articuno|Tailwind|p2a: Articuno\n|-sidestart|p2: afrocashier|move: Tailwind\n|\n|-weather|Snow|[upkeep]\n|upkeep\n|\n|t:|1701050726\n|switch|p2b: Ninetales|Ninetales-Alola, L50, F|68\/100\n|turn|4\n|inactive|brunikolas has 30 seconds left.\n|-activate|p1a: Iron Hands|item: Quick Claw\n|\n|t:|1701050755\n|move|p1a: Iron Hands|Hyper Voice|p2a: Articuno|[spread] p2b\n|-miss|p1a: Iron Hands|p2a: Articuno\n|-damage|p2b: Ninetales|13\/100\n|move|p2b: Ninetales|Blizzard|p1a: Iron Hands|[spread] p1a,p1b\n|-damage|p1a: Iron Hands|34\/100\n|-damage|p1b: Flutter Mane|68\/100\n|replace|p1a: Zoroark|Zoroark-Hisui, L50, F\n|-end|p1a: Zoroark|Illusion\n|move|p2a: Articuno|Roost|p2a: Articuno\n|-heal|p2a: Articuno|95\/100\n|-singleturn|p2a: Articuno|move: Roost\n|move|p1b: Flutter Mane|Shadow Ball|p2b: Ninetales\n|-damage|p2b: Ninetales|0 fnt\n|faint|p2b: Ninetales\n|\n|-weather|Snow|[upkeep]\n|upkeep\n|\n|t:|1701050768\n|switch|p2b: Ambipom|Ambipom, L50, M|60\/100\n|turn|5\n|\n|t:|1701050781\n|move|p1b: Flutter Mane|Protect|p1b: Flutter Mane\n|-singleturn|p1b: Flutter Mane|Protect\n|move|p2b: Ambipom|Fake Out|p1b: Flutter Mane\n|-activate|p1b: Flutter Mane|move: Protect\n|move|p2a: Articuno|Blizzard|p1a: Zoroark|[spread] p1a\n|-activate|p1b: Flutter Mane|move: Protect\n|-damage|p1a: Zoroark|0 fnt\n|faint|p1a: Zoroark\n|\n|-weather|none\n|-sideend|p2: afrocashier|move: Aurora Veil\n|upkeep\n|\n|t:|1701050792\n|switch|p1a: Iron Hands|Iron Hands, L50|100\/100\n|turn|6\n|\n|t:|1701050811\n|-terastallize|p2b: Ambipom|Normal\n|move|p1a: Iron Hands|Fake Out|p2b: Ambipom\n|-crit|p2b: Ambipom\n|-damage|p2b: Ambipom|21\/100\n|cant|p2b: Ambipom|flinch\n|move|p2a: Articuno|Blizzard|p1a: Iron Hands|[spread] p1a,p1b\n|-damage|p1a: Iron Hands|78\/100\n|-damage|p1b: Flutter Mane|30\/100\n|-status|p1a: Iron Hands|frz\n|move|p1b: Flutter Mane|Dazzling Gleam|p2a: Articuno|[spread] p2a,p2b\n|-damage|p2a: Articuno|67\/100\n|-damage|p2b: Ambipom|0 fnt\n|faint|p2b: Ambipom\n|\n|-sideend|p2: afrocashier|move: Tailwind\n|upkeep\n|turn|7\n|\n|t:|1701050831\n|move|p1b: Flutter Mane|Shadow Ball|p2a: Articuno\n|-damage|p2a: Articuno|33\/100\n|move|p2a: Articuno|Tailwind|p2a: Articuno\n|-sidestart|p2: afrocashier|move: Tailwind\n|-curestatus|p1a: Iron Hands|frz|[msg]\n|move|p1a: Iron Hands|Wild Charge|p2a: Articuno\n|-supereffective|p2a: Articuno\n|-damage|p2a: Articuno|0 fnt\n|faint|p2a: Articuno\n|-damage|p1a: Iron Hands|72\/100|[from] Recoil\n|\n|win|brunikolas\n|raw|brunikolas's rating: 1083 &rarr; <strong>1115<\/strong><br \/>(+32 for winning)\n|raw|afrocashier's rating: 1136 &rarr; <strong>1107<\/strong><br \/>(-29 for losing)\n|l|\u2606afrocashier\n","uploadtime":1701050843,"views":12,"p1id":"brunikolas","p2id":"afrocashier","formatid":"gen9vgc2023regulatione","rating":1107,"private":0,"password":""}