{"id":"gen9vgc2023regulatione-1989036790","p1":"rrhizler","p2":"PenglinHeHe","format":"[Gen 9] VGC 2023 Regulation E","log":"|j|\u2606rrhizler\n|j|\u2606PenglinHeHe\n|n|\u2606rrhizler|rrhizler\n|n|\u2606PenglinHeHe|penglinhehe\n|html|View the match progress at <a href=\"\/game-bestof3-gen9vgc2023regulatione-1989036789\">game-bestof3-gen9vgc2023regulatione-1989036789<\/a>\n|t:|1699805042\n|gametype|doubles\n|player|p1|rrhizler|102|\n|player|p2|PenglinHeHe|lady|\n|teamsize|p1|6\n|teamsize|p2|6\n|gen|9\n|tier|[Gen 9] VGC 2023 Regulation E\n|rule|Species Clause: Limit one of each Pok\u00e9mon\n|rule|Item Clause: Limit one of each item\n|clearpoke\n|poke|p1|Gholdengo, L50|\n|poke|p1|Iron Hands, L50|\n|poke|p1|Amoonguss, L50, F|\n|poke|p1|Scream Tail, L50|\n|poke|p1|Pelipper, L50, M|\n|poke|p1|Salamence, L50, M|\n|poke|p2|Indeedee-F, L50, F|\n|poke|p2|Sylveon, L50, F|\n|poke|p2|Armarouge, L50, F|\n|poke|p2|Murkrow, L50, F|\n|poke|p2|Urshifu-*, L50, F|\n|poke|p2|Chi-Yu, L50|\n|teampreview|4\n|inactive|Battle timer is ON: inactive players will automatically lose when time's up. (requested by PenglinHeHe)\nPenglinHeHe has agreed to open team sheets.\nrrhizler has agreed to open team sheets.\n|showteam|p1|Gholdengo||Leftovers|GoodasGold|MakeItRain,NastyPlot,ShadowBall,Protect||||||50|,,,,,Dragon]Iron Hands||AssaultVest|QuarkDrive|FakeOut,HeavySlam,WildCharge,DrainPunch||||||50|,,,,,Water]Amoonguss||SitrusBerry|Regenerator|Spore,RagePowder,PollenPuff,Protect|||F|||50|,,,,,Water]Scream Tail||BoosterEnergy|Protosynthesis|Disable,Encore,Protect,PsychicFangs||||||50|,,,,,Water]Pelipper||FocusSash|Drizzle|Hurricane,WeatherBall,Protect,WideGuard|||M|||50|,,,,,Flying]Salamence||ChoiceScarf|Intimidate|Hurricane,DracoMeteor,Tailwind,AirSlash|||M|||50|,,,,,Flying\n|showteam|p2|Indeedee-F||SafetyGoggles|PsychicSurge|FollowMe,HealPulse,Psychic,TrickRoom|||F|||50|,,,,,Dragon]Sylveon||SitrusBerry|Pixilate|ShadowBall,HyperVoice,CalmMind,Detect|||F|||50|,,,,,Ghost]Armarouge||LifeOrb|FlashFire|HeatWave,ExpandingForce,TeraBlast,Protect|||F|||50|,,,,,Fairy]Murkrow||FocusSash|Prankster|Tailwind,Flatter,RainDance,Snarl|||F|||50|,,,,,Ghost]Urshifu-Rapid-Strike||ChoiceScarf|UnseenFist|SurgingStrikes,DrainPunch,PoisonJab,Uturn|||F|||50|,,,,,Poison]Chi-Yu||MirrorHerb|BeadsofRuin|TeraBlast,BurningJealousy,DarkPulse,Protect||||||50|,,,,,Water\n|inactive|rrhizler has 30 seconds left.\n|inactive|PenglinHeHe has 30 seconds left.\n|inactive|rrhizler has 20 seconds left.\n|inactive|PenglinHeHe has 20 seconds left.\n|inactive|rrhizler has 15 seconds left.\n|inactive|rrhizler has 10 seconds left.\n|\n|t:|1699805100\n|start\n|switch|p1a: Gholdengo|Gholdengo, L50|100\/100\n|switch|p1b: Amoonguss|Amoonguss, L50, F|100\/100\n|switch|p2a: Indeedee|Indeedee-F, L50, F, shiny|100\/100\n|switch|p2b: Armarouge|Armarouge, L50, F, shiny|100\/100\n|-fieldstart|move: Psychic Terrain|[from] ability: Psychic Surge|[of] p2a: Indeedee\n|turn|1\n|inactive|PenglinHeHe has 30 seconds left.\n|\n|t:|1699805131\n|switch|p1b: Pelipper|Pelipper, L50, M|100\/100\n|-weather|RainDance|[from] ability: Drizzle|[of] p1b: Pelipper\n|move|p2a: Indeedee|Follow Me|p2a: Indeedee\n|-singleturn|p2a: Indeedee|move: Follow Me\n|move|p1a: Gholdengo|Nasty Plot|p1a: Gholdengo\n|-boost|p1a: Gholdengo|spa|2\n|move|p2b: Armarouge|Expanding Force|p1a: Gholdengo|[spread] p1a,p1b\n|-resisted|p1a: Gholdengo\n|-damage|p1a: Gholdengo|54\/100\n|-enditem|p1b: Pelipper|Focus Sash\n|-damage|p1b: Pelipper|1\/100\n|-damage|p2b: Armarouge|91\/100|[from] item: Life Orb\n|\n|-weather|RainDance|[upkeep]\n|-heal|p1a: Gholdengo|60\/100|[from] item: Leftovers\n|upkeep\n|turn|2\n|inactive|rrhizler has 30 seconds left.\n|inactive|PenglinHeHe has 30 seconds left.\n|inactive|rrhizler has 20 seconds left.\n|\n|t:|1699805168\n|move|p2b: Armarouge|Protect|p2b: Armarouge\n|-singleturn|p2b: Armarouge|Protect\n|move|p1a: Gholdengo|Make It Rain|p2a: Indeedee|[spread] p2a\n|-activate|p2b: Armarouge|move: Protect\n|-damage|p2a: Indeedee|7\/100\n|-unboost|p1a: Gholdengo|spa|1\n|move|p1b: Pelipper|Weather Ball|p2b: Armarouge\n|-activate|p2b: Armarouge|move: Protect\n|move|p2a: Indeedee|Trick Room|p2a: Indeedee\n|-fieldstart|move: Trick Room|[of] p2a: Indeedee\n|\n|-weather|RainDance|[upkeep]\n|-heal|p1a: Gholdengo|66\/100|[from] item: Leftovers\n|upkeep\n|turn|3\n|inactive|rrhizler has 30 seconds left.\n|inactive|PenglinHeHe has 30 seconds left.\n|inactive|rrhizler has 20 seconds left.\n|inactive|PenglinHeHe has 20 seconds left.\n|\n|t:|1699805207\n|move|p1b: Pelipper|Protect|p1b: Pelipper\n|-singleturn|p1b: Pelipper|Protect\n|move|p2b: Armarouge|Expanding Force|p1b: Pelipper|[spread] p1a\n|-activate|p1b: Pelipper|move: Protect\n|-resisted|p1a: Gholdengo\n|-damage|p1a: Gholdengo|23\/100\n|-damage|p2b: Armarouge|81\/100|[from] item: Life Orb\n|move|p2a: Indeedee|Psychic|p1a: Gholdengo\n|-resisted|p1a: Gholdengo\n|-damage|p1a: Gholdengo|2\/100\n|move|p1a: Gholdengo|Nasty Plot|p1a: Gholdengo\n|-boost|p1a: Gholdengo|spa|2\n|\n|-weather|RainDance|[upkeep]\n|-heal|p1a: Gholdengo|8\/100|[from] item: Leftovers\n|upkeep\n|turn|4\n|inactive|rrhizler has 30 seconds left.\n|inactive|rrhizler has 20 seconds left.\n|inactive|rrhizler has 15 seconds left.\n|\n|t:|1699805250\n|switch|p2a: Murkrow|Murkrow, L50, F, shiny|100\/100\n|move|p1a: Gholdengo|Protect|p1a: Gholdengo\n|-singleturn|p1a: Gholdengo|Protect\n|move|p1b: Pelipper|Wide Guard|p1b: Pelipper\n|-singleturn|p1b: Pelipper|Wide Guard\n|move|p2b: Armarouge|Tera Blast|p1b: Pelipper\n|-damage|p1b: Pelipper|0 fnt\n|faint|p1b: Pelipper\n|-damage|p2b: Armarouge|72\/100|[from] item: Life Orb\n|\n|-weather|RainDance|[upkeep]\n|-heal|p1a: Gholdengo|14\/100|[from] item: Leftovers\n|upkeep\n|\n|t:|1699805267\n|switch|p1b: Amoonguss|Amoonguss, L50, F|100\/100\n|turn|5\n|inactive|rrhizler has 30 seconds left.\n|inactive|PenglinHeHe has 30 seconds left.\n|\n|t:|1699805302\n|switch|p2b: Indeedee|Indeedee-F, L50, F, shiny|7\/100\n|move|p1b: Amoonguss|Pollen Puff|p1a: Gholdengo\n|-heal|p1a: Gholdengo|63\/100\n|move|p1a: Gholdengo|Shadow Ball|p2b: Indeedee\n|-immune|p2b: Indeedee\n|move|p2a: Murkrow|Snarl|p1b: Amoonguss|[spread] p1a,p1b\n|-supereffective|p1a: Gholdengo\n|-crit|p1a: Gholdengo\n|-damage|p1a: Gholdengo|24\/100\n|-damage|p1b: Amoonguss|88\/100\n|-unboost|p1a: Gholdengo|spa|1\n|-unboost|p1b: Amoonguss|spa|1\n|\n|-weather|none\n|-heal|p1a: Gholdengo|30\/100|[from] item: Leftovers\n|-fieldend|move: Psychic Terrain\n|upkeep\n|turn|6\n|inactive|PenglinHeHe has 30 seconds left.\n|\n|t:|1699805329\n|move|p1b: Amoonguss|Pollen Puff|p1a: Gholdengo\n|-heal|p1a: Gholdengo|80\/100\n|move|p2b: Indeedee|Psychic|p1b: Amoonguss\n|-supereffective|p1b: Amoonguss\n|-damage|p1b: Amoonguss|28\/100\n|-enditem|p1b: Amoonguss|Sitrus Berry|[eat]\n|-heal|p1b: Amoonguss|53\/100|[from] item: Sitrus Berry\n|move|p1a: Gholdengo|Make It Rain|p2a: Murkrow|[spread] p2a,p2b\n|-enditem|p2a: Murkrow|Focus Sash\n|-damage|p2a: Murkrow|1\/100\n|-damage|p2b: Indeedee|0 fnt\n|-unboost|p1a: Gholdengo|spa|1\n|faint|p2b: Indeedee\n|move|p2a: Murkrow|Snarl|p1b: Amoonguss|[spread] p1a,p1b\n|-supereffective|p1a: Gholdengo\n|-damage|p1a: Gholdengo|52\/100\n|-damage|p1b: Amoonguss|42\/100\n|-unboost|p1a: Gholdengo|spa|1\n|-unboost|p1b: Amoonguss|spa|1\n|\n|-heal|p1a: Gholdengo|58\/100|[from] item: Leftovers\n|-fieldend|move: Trick Room\n|upkeep\n|\n|t:|1699805343\n|switch|p2b: Armarouge|Armarouge, L50, F, shiny|72\/100\n|turn|7\n|\n|t:|1699805364\n|switch|p1b: Scream Tail|Scream Tail, L50|100\/100\n|-enditem|p1b: Scream Tail|Booster Energy\n|-activate|p1b: Scream Tail|ability: Protosynthesis|[fromitem]\n|-start|p1b: Scream Tail|protosynthesisspe\n|-terastallize|p1a: Gholdengo|Dragon\n|move|p2b: Armarouge|Protect|p2b: Armarouge\n|-singleturn|p2b: Armarouge|Protect\n|move|p2a: Murkrow|Tailwind|p2a: Murkrow\n|-sidestart|p2: PenglinHeHe|move: Tailwind\n|move|p1a: Gholdengo|Shadow Ball|p2b: Armarouge\n|-activate|p2b: Armarouge|move: Protect\n|\n|-heal|p1a: Gholdengo|64\/100|[from] item: Leftovers\n|upkeep\n|turn|8\n|inactive|rrhizler has 30 seconds left.\n|inactive|rrhizler has 20 seconds left.\n|inactive|rrhizler has 15 seconds left.\n|\n|t:|1699805405\n|-terastallize|p2b: Armarouge|Fairy\n|move|p2a: Murkrow|Snarl|p1b: Scream Tail|[spread] p1a,p1b\n|-damage|p1a: Gholdengo|51\/100\n|-damage|p1b: Scream Tail|92\/100\n|-unboost|p1a: Gholdengo|spa|1\n|-unboost|p1b: Scream Tail|spa|1\n|move|p1b: Scream Tail|Encore|p2b: Armarouge\n|-start|p2b: Armarouge|Encore\n|move|p2b: Armarouge|Protect||[still]\n|-fail|p2b: Armarouge\n|move|p1a: Gholdengo|Nasty Plot|p1a: Gholdengo\n|-boost|p1a: Gholdengo|spa|2\n|\n|-heal|p1a: Gholdengo|57\/100|[from] item: Leftovers\n|upkeep\n|turn|9\n|\n|t:|1699805427\n|move|p2b: Armarouge|Protect|p2b: Armarouge\n|-singleturn|p2b: Armarouge|Protect\n|move|p2a: Murkrow|Snarl|p1a: Gholdengo|[spread] p1a,p1b\n|-damage|p1a: Gholdengo|44\/100\n|-damage|p1b: Scream Tail|82\/100\n|-unboost|p1a: Gholdengo|spa|1\n|-unboost|p1b: Scream Tail|spa|1\n|move|p1b: Scream Tail|Disable|p2a: Murkrow\n|-start|p2a: Murkrow|Disable|Snarl\n|move|p1a: Gholdengo|Nasty Plot|p1a: Gholdengo\n|-boost|p1a: Gholdengo|spa|2\n|\n|-heal|p1a: Gholdengo|50\/100|[from] item: Leftovers\n|upkeep\n|turn|10\n|inactive|rrhizler has 30 seconds left.\n|inactive|PenglinHeHe has 30 seconds left.\n|\n|t:|1699805462\n|switch|p2b: Sylveon|Sylveon, L50, F|100\/100\n|move|p2a: Murkrow|Flatter|p1a: Gholdengo\n|-immune|p1a: Gholdengo|[from] ability: Good as Gold\n|move|p1b: Scream Tail|Psychic Fangs|p2b: Sylveon\n|-damage|p2b: Sylveon|76\/100\n|move|p1a: Gholdengo|Make It Rain|p2a: Murkrow|[spread] p2a,p2b\n|-supereffective|p2b: Sylveon\n|-damage|p2a: Murkrow|0 fnt\n|-damage|p2b: Sylveon|0 fnt\n|-unboost|p1a: Gholdengo|spa|1\n|faint|p2a: Murkrow\n|faint|p2b: Sylveon\n|\n|-heal|p1a: Gholdengo|56\/100|[from] item: Leftovers\n|-sideend|p2: PenglinHeHe|move: Tailwind\n|upkeep\n|c|\u2606PenglinHeHe|oh rite\n|c|\u2606PenglinHeHe|i cant confuse gholdeng\n|c|\u2606PenglinHeHe|lmao\n|\n|t:|1699805483\n|switch|p2b: Armarouge|Armarouge, L50, F, shiny, tera:Fairy|72\/100\n|turn|11\n|\n|t:|1699805492\n|move|p1b: Scream Tail|Psychic Fangs|p2b: Armarouge\n|-damage|p2b: Armarouge|51\/100\n|move|p1a: Gholdengo|Make It Rain|p2b: Armarouge\n|-supereffective|p2b: Armarouge\n|-damage|p2b: Armarouge|0 fnt\n|-unboost|p1a: Gholdengo|spa|1\n|faint|p2b: Armarouge\n|\n|win|rrhizler\n|c|&|\/uhtml prompt-rrhizler,rrhizler is ready for game 2!\n|c|&|\/uhtml prompt-penglinhehe,PenglinHeHe is ready for game 2!\nBoth players are ready! Starting next match!\n","uploadtime":1699805980,"views":8,"p1id":"rrhizler","p2id":"penglinhehe","formatid":"gen9vgc2023regulatione","rating":0,"private":0,"password":""}