{"id":"gen9vgc2023regulatione-1989245179","p1":"H2obama","p2":"Rean412","format":"[Gen 9] VGC 2023 Regulation E","log":"|j|\u2606H2obama\n|j|\u2606Rean412\n|t:|1699827472\n|gametype|doubles\n|player|p1|H2obama|170|1306\n|player|p2|Rean412|102|1364\n|teamsize|p1|6\n|teamsize|p2|6\n|gen|9\n|tier|[Gen 9] VGC 2023 Regulation E\n|rated|\n|rule|Species Clause: Limit one of each Pok\u00e9mon\n|rule|Item Clause: Limit one of each item\n|clearpoke\n|poke|p1|Arcanine-Hisui, L50, M|\n|poke|p1|Rillaboom, L50, M|\n|poke|p1|Roaring Moon, L50|\n|poke|p1|Weezing, L50, F|\n|poke|p1|Milotic, L50, M|\n|poke|p1|Chien-Pao, L50|\n|poke|p2|Annihilape, L50, M|\n|poke|p2|Ninetales-Alola, L50, M|\n|poke|p2|Urshifu-*, L50, F|\n|poke|p2|Rillaboom, L50, M|\n|poke|p2|Arcanine-Hisui, L50, M|\n|poke|p2|Iron Hands, L50|\n|teampreview|4\n|c|\u2606Rean412|GLHF\n|\n|t:|1699827512\n|start\n|switch|p1a: Weezing|Weezing, L50, F|100\/100\n|switch|p1b: Milotic|Milotic, L50, M|100\/100\n|switch|p2a: Annihilape|Annihilape, L50, M|100\/100\n|switch|p2b: Ninetales|Ninetales-Alola, L50, M|100\/100\n|-ability|p1a: Weezing|Neutralizing Gas\n|turn|1\n|j| Tempest brute\n|\n|t:|1699827613\n|switch|p2a: Arcanine|Arcanine-Hisui, L50, M|100\/100\n|move|p2b: Ninetales|Encore||[still]\n|-fail|p2b: Ninetales\n|move|p1b: Milotic|Scald|p2b: Ninetales\n|-damage|p2b: Ninetales|68\/100\n|move|p1a: Weezing|Will-O-Wisp|p2a: Arcanine\n|-immune|p2a: Arcanine\n|\n|upkeep\n|turn|2\n|c|\u2606H2obama|GLHF\n|\n|t:|1699827664\n|move|p1a: Weezing|Protect|p1a: Weezing\n|-singleturn|p1a: Weezing|Protect\n|move|p2b: Ninetales|Encore|p1a: Weezing\n|-activate|p1a: Weezing|move: Protect\n|move|p2a: Arcanine|Rock Slide|p1b: Milotic|[spread] p1b\n|-activate|p1a: Weezing|move: Protect\n|-damage|p1b: Milotic|53\/100\n|move|p1b: Milotic|Scald|p2a: Arcanine\n|-supereffective|p2a: Arcanine\n|-damage|p2a: Arcanine|0 fnt\n|faint|p2a: Arcanine\n|\n|upkeep\n|\n|t:|1699827678\n|switch|p2a: Iron Hands|Iron Hands, L50|100\/100\n|turn|3\n|\n|t:|1699827732\n|move|p1a: Weezing|Protect|p1a: Weezing\n|-singleturn|p1a: Weezing|Protect\n|move|p2a: Iron Hands|Fake Out|p1b: Milotic\n|-damage|p1b: Milotic|35\/100\n|-enditem|p1b: Milotic|Sitrus Berry|[eat]\n|-heal|p1b: Milotic|60\/100|[from] item: Sitrus Berry\n|move|p2b: Ninetales|Encore|p1a: Weezing\n|-activate|p1a: Weezing|move: Protect\n|cant|p1b: Milotic|flinch\n|\n|upkeep\n|turn|4\n|\n|t:|1699827748\n|move|p2b: Ninetales|Moonblast|p1b: Milotic\n|-damage|p1b: Milotic|33\/100\n|move|p1b: Milotic|Scald|p2b: Ninetales\n|-damage|p2b: Ninetales|31\/100\n|move|p1a: Weezing|Gunk Shot|p2b: Ninetales\n|-supereffective|p2b: Ninetales\n|-damage|p2b: Ninetales|0 fnt\n|faint|p2b: Ninetales\n|move|p2a: Iron Hands|Wild Charge|p1b: Milotic\n|-supereffective|p1b: Milotic\n|-damage|p1b: Milotic|0 fnt\n|faint|p1b: Milotic\n|-damage|p2a: Iron Hands|94\/100|[from] Recoil\n|\n|upkeep\n|\n|t:|1699827761\n|switch|p2b: Annihilape|Annihilape, L50, M|100\/100\n|switch|p1b: Rillaboom|Rillaboom, L50, M|100\/100\n|turn|5\n|\n|t:|1699827782\n|-terastallize|p2b: Annihilape|Dragon\n|move|p2b: Annihilape|Rage Fist|p1a: Weezing\n|-damage|p1a: Weezing|81\/100\n|move|p1b: Rillaboom|High Horsepower|p2a: Iron Hands\n|-supereffective|p2a: Iron Hands\n|-damage|p2a: Iron Hands|42\/100\n|move|p1a: Weezing|Taunt|p2b: Annihilape\n|-start|p2b: Annihilape|move: Taunt\n|move|p2a: Iron Hands|Wild Charge|p1a: Weezing\n|-damage|p1a: Weezing|35\/100\n|-damage|p2a: Iron Hands|34\/100|[from] Recoil\n|\n|upkeep\n|turn|6\n|\n|t:|1699827863\n|move|p1a: Weezing|Protect|p1a: Weezing\n|-singleturn|p1a: Weezing|Protect\n|move|p2b: Annihilape|Rage Fist|p1a: Weezing\n|-activate|p1a: Weezing|move: Protect\n|move|p1b: Rillaboom|High Horsepower|p2a: Iron Hands\n|-supereffective|p2a: Iron Hands\n|-damage|p2a: Iron Hands|0 fnt\n|faint|p2a: Iron Hands\n|-end|p2a: Iron Hands|Quark Drive|[silent]\n|\n|upkeep\n|turn|7\n|\n|t:|1699827890\n|move|p1b: Rillaboom|Fake Out||[still]\n|-hint|Fake Out only works on your first turn out.\n|-fail|p1b: Rillaboom\n|move|p2b: Annihilape|Rage Fist|p1a: Weezing\n|-damage|p1a: Weezing|16\/100\n|move|p1a: Weezing|Will-O-Wisp|p2b: Annihilape\n|-status|p2b: Annihilape|brn\n|\n|-damage|p2b: Annihilape|95\/100 brn|[from] brn\n|upkeep\n|turn|8\n|\n|t:|1699827933\n|-end|p1a: Weezing|ability: Neutralizing Gas\n|-fieldstart|move: Grassy Terrain|[from] ability: Grassy Surge|[of] p1b: Rillaboom\n|switch|p1a: Roaring Moon|Roaring Moon, L50|100\/100\n|-enditem|p1a: Roaring Moon|Booster Energy\n|-activate|p1a: Roaring Moon|ability: Protosynthesis|[fromitem]\n|-start|p1a: Roaring Moon|protosynthesisspe\n|move|p1b: Rillaboom|Fake Out||[still]\n|-hint|Fake Out only works on your first turn out.\n|-fail|p1b: Rillaboom\n|move|p2b: Annihilape|Drain Punch|p1b: Rillaboom\n|-damage|p1b: Rillaboom|84\/100\n|-heal|p2b: Annihilape|100\/100 brn|[from] drain|[of] p1b: Rillaboom\n|\n|-heal|p1b: Rillaboom|90\/100|[from] Grassy Terrain\n|-damage|p2b: Annihilape|95\/100 brn|[from] brn\n|-end|p2b: Annihilape|move: Taunt\n|upkeep\n|turn|9\n|c|\u2606Rean412|Why are you still licking fake out?\n|c|\u2606Rean412|clicking not licking\n|\n|t:|1699827970\n|switch|p1b: Weezing|Weezing, L50, F|16\/100\n|-ability|p1b: Weezing|Neutralizing Gas\n|-terastallize|p1a: Roaring Moon|Flying\n|move|p1a: Roaring Moon|Acrobatics|p2b: Annihilape\n|-damage|p2b: Annihilape|42\/100 brn\n|move|p2b: Annihilape|Drain Punch|p1a: Roaring Moon\n|-resisted|p1a: Roaring Moon\n|-damage|p1a: Roaring Moon|90\/100\n|-heal|p2b: Annihilape|46\/100 brn|[from] drain|[of] p1a: Roaring Moon\n|\n|-heal|p2b: Annihilape|52\/100 brn|[from] Grassy Terrain\n|-heal|p2b: Annihilape|58\/100 brn|[from] item: Leftovers\n|-heal|p1b: Weezing|22\/100|[from] Grassy Terrain\n|-damage|p2b: Annihilape|52\/100 brn|[from] brn\n|upkeep\n|turn|10\n|\n|t:|1699828033\n|move|p1a: Roaring Moon|Acrobatics|p2b: Annihilape\n|-damage|p2b: Annihilape|0 fnt\n|faint|p2b: Annihilape\n|\n|win|H2obama\n|raw|H2obama's rating: 1306 &rarr; <strong>1329<\/strong><br \/>(+23 for winning)\n|raw|Rean412's rating: 1364 &rarr; <strong>1341<\/strong><br \/>(-23 for losing)\n|c|\u2606Rean412|GGWP\n|c|\u2606H2obama|Gg\n|c|\u2606H2obama|Btw\n|c|\u2606H2obama|I have as clicking fake out so I wouldn't power up rage fist\n|c|\u2606H2obama|I was*\n|c|\u2606H2obama|I needed to get in roaring moon for the 2hko without taking too much damage\n|c|\u2606Rean412|Fair enough\n|c|\u2606Rean412|Well played\n|c|\u2606H2obama|Wp\n","uploadtime":1699828115,"views":9,"p1id":"h2obama","p2id":"rean412","formatid":"gen9vgc2023regulatione","rating":1329,"private":0,"password":""}