{"id":"gen9vgc2023regulatione-1993003088","p1":"Neketsu","p2":"Krkzjzk","format":"[Gen 9] VGC 2023 Regulation E","log":"|j|\u2606Neketsu\n|j|\u2606Krkzjzk\n|t:|1700254490\n|gametype|doubles\n|player|p1|Neketsu|acetrainercouple|1104\n|player|p2|Krkzjzk|lance|1000\n|teamsize|p1|6\n|teamsize|p2|6\n|gen|9\n|tier|[Gen 9] VGC 2023 Regulation E\n|rated|\n|rule|Species Clause: Limit one of each Pok\u00e9mon\n|rule|Item Clause: Limit one of each item\n|clearpoke\n|poke|p1|Iron Hands, L50|\n|poke|p1|Rillaboom, L50, M|\n|poke|p1|Urshifu-*, L50, M|\n|poke|p1|Flutter Mane, L50|\n|poke|p1|Maushold, L50|\n|poke|p1|Chi-Yu, L50|\n|poke|p2|Flutter Mane, L50|\n|poke|p2|Tornadus, L50, M|\n|poke|p2|Rillaboom, L50, F|\n|poke|p2|Garganacl, L50, M|\n|poke|p2|Arcanine-Hisui, L50, M|\n|poke|p2|Chien-Pao, L50|\n|teampreview|4\n|\n|t:|1700254522\n|start\n|switch|p1a: Bouh !!|Flutter Mane, L50|100\/100\n|switch|p1b: LaClaqueMagique|Iron Hands, L50|100\/100\n|switch|p2a: Tornadus|Tornadus, L50, M|100\/100\n|switch|p2b: Garganacl|Garganacl, L50, M|100\/100\n|-enditem|p1a: Bouh !!|Booster Energy\n|-activate|p1a: Bouh !!|ability: Protosynthesis|[fromitem]\n|-start|p1a: Bouh !!|protosynthesisspe\n|turn|1\n|\n|t:|1700254547\n|-terastallize|p1a: Bouh !!|Fairy\n|-terastallize|p2b: Garganacl|Ghost\n|move|p1b: LaClaqueMagique|Fake Out|p2b: Garganacl\n|-immune|p2b: Garganacl\n|move|p2a: Tornadus|Tailwind|p2a: Tornadus\n|-sidestart|p2: Krkzjzk|move: Tailwind\n|move|p1a: Bouh !!|Dazzling Gleam|p2b: Garganacl|[spread] p2a,p2b\n|-damage|p2a: Tornadus|66\/100\n|-damage|p2b: Garganacl|72\/100\n|move|p2b: Garganacl|Salt Cure|p1a: Bouh !!\n|-crit|p1a: Bouh !!\n|-damage|p1a: Bouh !!|65\/100\n|-start|p1a: Bouh !!|Salt Cure\n|\n|-damage|p1a: Bouh !!|53\/100|[from] Salt Cure\n|upkeep\n|turn|2\n|\n|t:|1700254568\n|move|p1a: Bouh !!|Shadow Ball|p2b: Garganacl\n|-supereffective|p2b: Garganacl\n|-damage|p2b: Garganacl|45\/100\n|-enditem|p2b: Garganacl|Sitrus Berry|[eat]\n|-heal|p2b: Garganacl|70\/100|[from] item: Sitrus Berry\n|move|p2a: Tornadus|Bleakwind Storm|p1a: Bouh !!|[spread] p1a,p1b\n|-damage|p1a: Bouh !!|22\/100\n|-damage|p1b: LaClaqueMagique|81\/100\n|move|p2b: Garganacl|Salt Cure|p1a: Bouh !!\n|-damage|p1a: Bouh !!|0 fnt\n|faint|p1a: Bouh !!\n|-end|p1a: Bouh !!|Protosynthesis|[silent]\n|move|p1b: LaClaqueMagique|Wild Charge|p2a: Tornadus\n|-supereffective|p2a: Tornadus\n|-damage|p2a: Tornadus|0 fnt\n|-damage|p1b: LaClaqueMagique|65\/100|[from] item: Rocky Helmet|[of] p2a: Tornadus\n|faint|p2a: Tornadus\n|-damage|p1b: LaClaqueMagique|52\/100|[from] Recoil\n|\n|upkeep\n|\n|t:|1700254591\n|switch|p1a: LePoissonRouge|Chi-Yu, L50|100\/100\n|switch|p2a: Arcanine|Arcanine-Hisui, L50, M|100\/100\n|-ability|p2a: Arcanine|Intimidate|boost\n|-unboost|p1a: LePoissonRouge|atk|1\n|-unboost|p1b: LaClaqueMagique|atk|1\n|-ability|p1a: LePoissonRouge|Beads of Ruin\n|turn|3\n|\n|t:|1700254600\n|move|p2a: Arcanine|Rock Slide|p1a: LePoissonRouge|[spread] p1a,p1b\n|-supereffective|p1a: LePoissonRouge\n|-resisted|p1b: LaClaqueMagique\n|-damage|p1a: LePoissonRouge|0 fnt\n|-damage|p1b: LaClaqueMagique|38\/100\n|faint|p1a: LePoissonRouge\n|move|p2b: Garganacl|Recover|p2b: Garganacl\n|-heal|p2b: Garganacl|100\/100\n|move|p1b: LaClaqueMagique|Drain Punch|p2a: Arcanine\n|-supereffective|p2a: Arcanine\n|-damage|p2a: Arcanine|26\/100\n|-heal|p1b: LaClaqueMagique|64\/100|[from] drain|[of] p2a: Arcanine\n|\n|upkeep\n|\n|t:|1700254610\n|switch|p1a: Ratatouille|Maushold, L50|100\/100\n|turn|4\n|\n|t:|1700254617\n|move|p1a: Ratatouille|Follow Me|p1a: Ratatouille\n|-singleturn|p1a: Ratatouille|move: Follow Me\n|move|p2a: Arcanine|Rock Slide|p1b: LaClaqueMagique|[spread] p1a,p1b\n|-resisted|p1b: LaClaqueMagique\n|-damage|p1a: Ratatouille|58\/100\n|-damage|p1b: LaClaqueMagique|53\/100\n|move|p2b: Garganacl|Iron Defense|p2b: Garganacl\n|-boost|p2b: Garganacl|def|2\n|move|p1b: LaClaqueMagique|Drain Punch|p2a: Arcanine\n|-supereffective|p2a: Arcanine\n|-damage|p2a: Arcanine|0 fnt\n|-heal|p1b: LaClaqueMagique|62\/100|[from] drain|[of] p2a: Arcanine\n|faint|p2a: Arcanine\n|\n|-sideend|p2: Krkzjzk|move: Tailwind\n|upkeep\n|\n|t:|1700254621\n|switch|p2a: Flutter Mane|Flutter Mane, L50|100\/100\n|-enditem|p2a: Flutter Mane|Booster Energy\n|-activate|p2a: Flutter Mane|ability: Protosynthesis|[fromitem]\n|-start|p2a: Flutter Mane|protosynthesisspe\n|turn|5\n|\n|t:|1700254636\n|move|p1a: Ratatouille|Helping Hand|p1b: LaClaqueMagique\n|-singleturn|p1b: LaClaqueMagique|Helping Hand|[of] p1a: Ratatouille\n|move|p2a: Flutter Mane|Protect|p2a: Flutter Mane\n|-singleturn|p2a: Flutter Mane|Protect\n|move|p1b: LaClaqueMagique|Heavy Slam|p2a: Flutter Mane\n|-activate|p2a: Flutter Mane|move: Protect\n|move|p2b: Garganacl|Salt Cure|p1a: Ratatouille\n|-damage|p1a: Ratatouille|40\/100\n|-start|p1a: Ratatouille|Salt Cure\n|\n|-damage|p1a: Ratatouille|27\/100|[from] Salt Cure\n|upkeep\n|turn|6\n|\n|t:|1700254648\n|move|p1a: Ratatouille|Helping Hand|p1b: LaClaqueMagique\n|-singleturn|p1b: LaClaqueMagique|Helping Hand|[of] p1a: Ratatouille\n|move|p2a: Flutter Mane|Substitute|p2a: Flutter Mane\n|-start|p2a: Flutter Mane|Substitute\n|-damage|p2a: Flutter Mane|76\/100\n|move|p1b: LaClaqueMagique|Heavy Slam|p2a: Flutter Mane\n|-supereffective|p2a: Flutter Mane\n|-end|p2a: Flutter Mane|Substitute\n|move|p2b: Garganacl|Iron Defense|p2b: Garganacl\n|-boost|p2b: Garganacl|def|2\n|\n|-damage|p1a: Ratatouille|15\/100|[from] Salt Cure\n|upkeep\n|turn|7\n|-message|Neketsu forfeited.\n|\n|win|Krkzjzk\n|raw|Neketsu's rating: 1104 &rarr; <strong>1072<\/strong><br \/>(-32 for losing)\n|raw|Krkzjzk's rating: 1000 &rarr; <strong>1052<\/strong><br \/>(+52 for winning)\n|l|\u2606Neketsu\n","uploadtime":1700254664,"views":9,"p1id":"neketsu","p2id":"krkzjzk","formatid":"gen9vgc2023regulatione","rating":1052,"private":0,"password":""}