{"id":"gen9vgc2023regulatione-1988781777","p1":"charlie55555","p2":"Junkman3713","format":"[Gen 9] VGC 2023 Regulation E","log":"|j|\u2606charlie55555\n|j|\u2606Junkman3713\n|t:|1699762392\n|gametype|doubles\n|player|p1|charlie55555|101|1115\n|player|p2|Junkman3713|170|1053\n|teamsize|p1|6\n|teamsize|p2|6\n|gen|9\n|tier|[Gen 9] VGC 2023 Regulation E\n|rated|\n|rule|Species Clause: Limit one of each Pok\u00e9mon\n|rule|Item Clause: Limit one of each item\n|clearpoke\n|poke|p1|Zapdos, L50|\n|poke|p1|Mamoswine, L50, F|\n|poke|p1|Ludicolo, L50, F|\n|poke|p1|Politoed, L50, M|\n|poke|p1|Salamence, L50, F|\n|poke|p1|Heatran, L50, F|\n|poke|p2|Cloyster, L50, F|\n|poke|p2|Ninetales-Alola, L50, M|\n|poke|p2|Tyranitar, L50, M|\n|poke|p2|Farigiraf, L50, M|\n|poke|p2|Dipplin, L50, M|\n|poke|p2|Arcanine-Hisui, L50, F|\n|teampreview|4\n|inactive|Battle timer is ON: inactive players will automatically lose when time's up. (requested by charlie55555)\n|inactive|charlie55555 has 60 seconds left.\n|inactive|Junkman3713 has 60 seconds left.\n|inactive|charlie55555 has 30 seconds left.\n|inactive|charlie55555 has 20 seconds left.\n|\n|t:|1699762463\n|start\n|switch|p1a: Salamence|Salamence, L50, F|100\/100\n|switch|p1b: Ludicolo|Ludicolo, L50, F|100\/100\n|switch|p2a: Ninetales|Ninetales-Alola, L50, M|100\/100\n|switch|p2b: Farigiraf|Farigiraf, L50, M|100\/100\n|-weather|Snow|[from] ability: Snow Warning|[of] p2a: Ninetales\n|-ability|p1a: Salamence|Intimidate|boost\n|-unboost|p2a: Ninetales|atk|1\n|-unboost|p2b: Farigiraf|atk|1\n|turn|1\n|inactive|Junkman3713 has 30 seconds left.\n|inactive|Junkman3713 has 20 seconds left.\n|\n|t:|1699762499\n|move|p1b: Ludicolo|Fake Out||[still]\n|cant|p2b: Farigiraf|ability: Armor Tail|Fake Out|[of] p1b: Ludicolo\n|move|p2a: Ninetales|Aurora Veil|p2a: Ninetales\n|-sidestart|p2: Junkman3713|move: Aurora Veil\n|move|p1a: Salamence|Flamethrower|p2a: Ninetales\n|-supereffective|p2a: Ninetales\n|-damage|p2a: Ninetales|58\/100\n|move|p2b: Farigiraf|Thunder Wave|p1b: Ludicolo\n|-status|p1b: Ludicolo|par\n|\n|-weather|Snow|[upkeep]\n|upkeep\n|turn|2\n|c|\u2606charlie55555|i'll never learn\n|inactive|charlie55555 has 30 seconds left.\n|inactive|charlie55555 has 20 seconds left.\n|\n|t:|1699762538\n|switch|p1a: Politoed|Politoed, L50, M|100\/100\n|-weather|RainDance|[from] ability: Drizzle|[of] p1a: Politoed\n|move|p2a: Ninetales|Freeze-Dry|p1a: Politoed\n|-supereffective|p1a: Politoed\n|-damage|p1a: Politoed|61\/100\n|move|p1b: Ludicolo|Icy Wind|p2a: Ninetales|[spread] p2a,p2b\n|-resisted|p2a: Ninetales\n|-damage|p2a: Ninetales|52\/100\n|-damage|p2b: Farigiraf|95\/100\n|-unboost|p2a: Ninetales|spe|1\n|-unboost|p2b: Farigiraf|spe|1\n|move|p2b: Farigiraf|Dazzling Gleam|p1a: Politoed|[spread] p1a,p1b\n|-damage|p1a: Politoed|50\/100\n|-damage|p1b: Ludicolo|89\/100 par\n|\n|-weather|RainDance|[upkeep]\n|upkeep\n|turn|3\n|inactive|Junkman3713 has 30 seconds left.\n|\n|t:|1699762568\n|switch|p2a: Dipplin|Dipplin, L50, M|100\/100\n|move|p1b: Ludicolo|Weather Ball|p2b: Farigiraf\n|-damage|p2b: Farigiraf|60\/100\n|move|p1a: Politoed|Muddy Water|p2b: Farigiraf|[spread] p2a,p2b\n|-resisted|p2a: Dipplin\n|-damage|p2a: Dipplin|98\/100\n|-damage|p2b: Farigiraf|46\/100\n|-enditem|p2b: Farigiraf|Sitrus Berry|[eat]\n|-heal|p2b: Farigiraf|71\/100|[from] item: Sitrus Berry\n|move|p2b: Farigiraf|Thunder Wave|p1a: Politoed\n|-status|p1a: Politoed|par\n|\n|-weather|RainDance|[upkeep]\n|upkeep\n|turn|4\n|inactive|Junkman3713 has 30 seconds left.\n|\n|t:|1699762602\n|move|p1b: Ludicolo|Icy Wind|p2b: Farigiraf|[spread] p2a,p2b\n|-supereffective|p2a: Dipplin\n|-damage|p2a: Dipplin|76\/100\n|-damage|p2b: Farigiraf|65\/100\n|-unboost|p2a: Dipplin|spe|1\n|-unboost|p2b: Farigiraf|spe|1\n|move|p1a: Politoed|Icy Wind|p2b: Farigiraf|[spread] p2a,p2b\n|-supereffective|p2a: Dipplin\n|-damage|p2a: Dipplin|62\/100\n|-damage|p2b: Farigiraf|61\/100\n|-unboost|p2a: Dipplin|spe|1\n|-unboost|p2b: Farigiraf|spe|1\n|move|p2b: Farigiraf|Psychic|p1a: Politoed\n|-damage|p1a: Politoed|25\/100 par\n|move|p2a: Dipplin|Pollen Puff|p1b: Ludicolo\n|-supereffective|p1b: Ludicolo\n|-damage|p1b: Ludicolo|58\/100 par\n|\n|-weather|RainDance|[upkeep]\n|upkeep\n|turn|5\n|inactive|charlie55555 has 30 seconds left.\n|inactive|Junkman3713 has 30 seconds left.\n|inactive|charlie55555 has 20 seconds left.\n|inactive|charlie55555 has 15 seconds left.\n|\n|t:|1699762643\n|-terastallize|p2a: Dipplin|Water\n|move|p1a: Politoed|Protect|p1a: Politoed\n|-singleturn|p1a: Politoed|Protect\n|move|p2b: Farigiraf|Protect|p2b: Farigiraf\n|-singleturn|p2b: Farigiraf|Protect\n|cant|p1b: Ludicolo|par\n|move|p2a: Dipplin|Recover|p2a: Dipplin\n|-heal|p2a: Dipplin|100\/100\n|\n|-weather|RainDance|[upkeep]\n|upkeep\n|turn|6\n|inactive|Junkman3713 has 30 seconds left.\n|\n|t:|1699762671\n|cant|p1a: Politoed|par\n|move|p1b: Ludicolo|Giga Drain|p2a: Dipplin\n|-supereffective|p2a: Dipplin\n|-damage|p2a: Dipplin|75\/100\n|-heal|p1b: Ludicolo|72\/100 par|[from] drain|[of] p2a: Dipplin\n|move|p2b: Farigiraf|Psychic|p1b: Ludicolo\n|-damage|p1b: Ludicolo|45\/100 par\n|move|p2a: Dipplin|Syrup Bomb|p1a: Politoed\n|-supereffective|p1a: Politoed\n|-damage|p1a: Politoed|0 fnt\n|faint|p1a: Politoed\n|\n|-weather|RainDance|[upkeep]\n|upkeep\n|\n|t:|1699762687\n|switch|p1a: Heatran|Heatran, L50, F|100\/100\n|turn|7\n|inactive|Junkman3713 has 30 seconds left.\n|\n|t:|1699762713\n|-terastallize|p1a: Heatran|Fairy\n|move|p2a: Dipplin|Protect|p2a: Dipplin\n|-singleturn|p2a: Dipplin|Protect\n|move|p1b: Ludicolo|Icy Wind|p2b: Farigiraf|[spread] p2b\n|-activate|p2a: Dipplin|move: Protect\n|-damage|p2b: Farigiraf|56\/100\n|-unboost|p2b: Farigiraf|spe|1\n|move|p1a: Heatran|Substitute|p1a: Heatran\n|-start|p1a: Heatran|Substitute\n|-damage|p1a: Heatran|76\/100\n|move|p2b: Farigiraf|Psychic|p1b: Ludicolo\n|-damage|p1b: Ludicolo|22\/100 par\n|\n|-weather|RainDance|[upkeep]\n|-heal|p1a: Heatran|81\/100|[from] item: Leftovers\n|upkeep\n|turn|8\n|inactive|Junkman3713 has 30 seconds left.\n|inactive|charlie55555 has 30 seconds left.\n|inactive|Junkman3713 has 20 seconds left.\n|\n|t:|1699762750\n|switch|p2b: Ninetales|Ninetales-Alola, L50, M|52\/100\n|-weather|Snow|[from] ability: Snow Warning|[of] p2b: Ninetales\n|move|p1a: Heatran|Protect|p1a: Heatran\n|-singleturn|p1a: Heatran|Protect\n|move|p1b: Ludicolo|Icy Wind|p2b: Ninetales|[spread] p2a,p2b\n|-resisted|p2a: Dipplin\n|-resisted|p2b: Ninetales\n|-damage|p2a: Dipplin|72\/100\n|-damage|p2b: Ninetales|47\/100\n|-unboost|p2a: Dipplin|spe|1\n|-unboost|p2b: Ninetales|spe|1\n|move|p2a: Dipplin|Pollen Puff|p2b: Ninetales\n|-heal|p2b: Ninetales|97\/100\n|\n|-weather|Snow|[upkeep]\n|-heal|p1a: Heatran|87\/100|[from] item: Leftovers\n|-sideend|p2: Junkman3713|move: Aurora Veil\n|upkeep\n|turn|9\n|inactive|charlie55555 has 30 seconds left.\n|\n|t:|1699762779\n|move|p2b: Ninetales|Aurora Veil|p2b: Ninetales\n|-sidestart|p2: Junkman3713|move: Aurora Veil\n|move|p1a: Heatran|Heat Wave|p2b: Ninetales|[spread] p2a,p2b\n|-resisted|p2a: Dipplin\n|-supereffective|p2b: Ninetales\n|-damage|p2a: Dipplin|64\/100\n|-damage|p2b: Ninetales|37\/100\n|move|p1b: Ludicolo|Icy Wind|p2a: Dipplin|[spread] p2a\n|-miss|p1b: Ludicolo|p2b: Ninetales\n|-resisted|p2a: Dipplin\n|-damage|p2a: Dipplin|61\/100\n|-unboost|p2a: Dipplin|spe|1\n|move|p2a: Dipplin|Pollen Puff|p1b: Ludicolo\n|-supereffective|p1b: Ludicolo\n|-damage|p1b: Ludicolo|0 fnt\n|faint|p1b: Ludicolo\n|\n|-weather|Snow|[upkeep]\n|-heal|p1a: Heatran|93\/100|[from] item: Leftovers\n|upkeep\n|\n|t:|1699762787\n|switch|p1b: Salamence|Salamence, L50, F|100\/100\n|-ability|p1b: Salamence|Intimidate|boost\n|-unboost|p2a: Dipplin|atk|1\n|-unboost|p2b: Ninetales|atk|1\n|turn|10\n|inactive|Junkman3713 has 30 seconds left.\n|inactive|Junkman3713 has 20 seconds left.\n|inactive|Junkman3713 has 15 seconds left.\n|\n|t:|1699762827\n|move|p1b: Salamence|Hurricane|p2a: Dipplin\n|-damage|p2a: Dipplin|42\/100\n|move|p2b: Ninetales|Freeze-Dry|p1b: Salamence\n|-supereffective|p1b: Salamence\n|-damage|p1b: Salamence|0 fnt\n|faint|p1b: Salamence\n|move|p1a: Heatran|Heat Wave|p2b: Ninetales|[spread] p2a,p2b\n|-resisted|p2a: Dipplin\n|-supereffective|p2b: Ninetales\n|-damage|p2a: Dipplin|35\/100\n|-damage|p2b: Ninetales|0 fnt\n|faint|p2b: Ninetales\n|move|p2a: Dipplin|Pollen Puff|p2: Ninetales|[notarget]\n|-fail|p2a: Dipplin\n|\n|-weather|Snow|[upkeep]\n|-heal|p1a: Heatran|99\/100|[from] item: Leftovers\n|upkeep\n|\n|t:|1699762844\n|switch|p2b: Cloyster|Cloyster, L50, F|100\/100\n|turn|11\n|\n|t:|1699762864\n|move|p2b: Cloyster|Shell Smash|p2b: Cloyster\n|-unboost|p2b: Cloyster|def|1\n|-unboost|p2b: Cloyster|spd|1\n|-boost|p2b: Cloyster|atk|2\n|-boost|p2b: Cloyster|spa|2\n|-boost|p2b: Cloyster|spe|2\n|-enditem|p2b: Cloyster|White Herb\n|-clearnegativeboost|p2b: Cloyster|[silent]\n|move|p1a: Heatran|Earth Power|p2b: Cloyster\n|-damage|p2b: Cloyster|61\/100\n|move|p2a: Dipplin|Pollen Puff|p2b: Cloyster\n|-heal|p2b: Cloyster|100\/100\n|\n|-weather|Snow|[upkeep]\n|-heal|p1a: Heatran|100\/100|[from] item: Leftovers\n|upkeep\n|turn|12\n|\n|t:|1699762886\n|move|p2b: Cloyster|Rock Blast|p1a: Heatran\n|-activate|p1a: Heatran|move: Substitute|[damage]\n|-activate|p1a: Heatran|move: Substitute|[damage]\n|-end|p1a: Heatran|Substitute\n|-damage|p1a: Heatran|89\/100\n|-damage|p1a: Heatran|79\/100\n|-hitcount|p1a: Heatran|5\n|move|p1a: Heatran|Heat Wave|p2a: Dipplin|[spread] p2a\n|-miss|p1a: Heatran|p2b: Cloyster\n|-resisted|p2a: Dipplin\n|-damage|p2a: Dipplin|28\/100\n|move|p2a: Dipplin|Recover|p2a: Dipplin\n|-heal|p2a: Dipplin|79\/100\n|\n|-weather|none\n|-heal|p1a: Heatran|85\/100|[from] item: Leftovers\n|upkeep\n|turn|13\n|inactive|Junkman3713 has 30 seconds left.\n|inactive|Junkman3713 has 20 seconds left.\n|\n|t:|1699762923\n|move|p1a: Heatran|Protect|p1a: Heatran\n|-singleturn|p1a: Heatran|Protect\n|move|p2b: Cloyster|Rock Blast|p1a: Heatran\n|-activate|p1a: Heatran|move: Protect\n|move|p2a: Dipplin|Pollen Puff|p2b: Cloyster\n|-immune|p2b: Cloyster\n|\n|-heal|p1a: Heatran|90\/100|[from] item: Leftovers\n|upkeep\n|turn|14\n|\n|t:|1699762934\n|switch|p2a: Farigiraf|Farigiraf, L50, M|56\/100\n|move|p2b: Cloyster|Protect|p2b: Cloyster\n|-singleturn|p2b: Cloyster|Protect\n|move|p1a: Heatran|Heat Wave|p2b: Cloyster|[spread] p2a\n|-activate|p2b: Cloyster|move: Protect\n|-damage|p2a: Farigiraf|37\/100\n|\n|-heal|p1a: Heatran|96\/100|[from] item: Leftovers\n|upkeep\n|turn|15\n|\n|t:|1699762949\n|move|p2b: Cloyster|Shell Smash|p2b: Cloyster\n|-unboost|p2b: Cloyster|def|1\n|-unboost|p2b: Cloyster|spd|1\n|-boost|p2b: Cloyster|atk|2\n|-boost|p2b: Cloyster|spa|2\n|-boost|p2b: Cloyster|spe|2\n|move|p1a: Heatran|Substitute|p1a: Heatran\n|-start|p1a: Heatran|Substitute\n|-damage|p1a: Heatran|71\/100\n|move|p2a: Farigiraf|Thunder Wave||[still]\n|-fail|p2a: Farigiraf\n|\n|-heal|p1a: Heatran|77\/100|[from] item: Leftovers\n|upkeep\n|turn|16\n|inactive|Junkman3713 has 30 seconds left.\n|\n|t:|1699762971\n|move|p2b: Cloyster|Rock Blast|p1a: Heatran\n|-activate|p1a: Heatran|move: Substitute|[damage]\n|-end|p1a: Heatran|Substitute\n|-damage|p1a: Heatran|61\/100\n|-damage|p1a: Heatran|47\/100\n|-damage|p1a: Heatran|30\/100\n|-hitcount|p1a: Heatran|5\n|move|p1a: Heatran|Heat Wave|p2b: Cloyster|[spread] p2a\n|-miss|p1a: Heatran|p2b: Cloyster\n|-damage|p2a: Farigiraf|19\/100\n|move|p2a: Farigiraf|Psychic|p1a: Heatran\n|-damage|p1a: Heatran|0 fnt\n|faint|p1a: Heatran\n|\n|win|Junkman3713\n|inactive|Junkman3713 has 25 seconds left this turn.\n|raw|charlie55555's rating: 1115 &rarr; <strong>1086<\/strong><br \/>(-29 for losing)\n|raw|Junkman3713's rating: 1053 &rarr; <strong>1091<\/strong><br \/>(+38 for winning)\n|l|\u2606charlie55555\n","uploadtime":1699762989,"views":12,"p1id":"charlie55555","p2id":"junkman3713","formatid":"gen9vgc2023regulatione","rating":1086,"private":0,"password":""}