{"id":"gen9vgc2023regulatione-1995804864","p1":"xelrules1998765432","p2":"aceman526","format":"[Gen 9] VGC 2023 Regulation E","log":"|j|\u2606xelrules1998765432\n|j|\u203daceman526\n|t:|1700604831\n|gametype|doubles\n|player|p1|xelrules1998765432|101|1087\n|player|p2|aceman526|acetrainer-gen4dp|1105\n|teamsize|p1|6\n|teamsize|p2|6\n|gen|9\n|tier|[Gen 9] VGC 2023 Regulation E\n|rated|\n|rule|Species Clause: Limit one of each Pok\u00e9mon\n|rule|Item Clause: Limit one of each item\n|clearpoke\n|poke|p1|Torterra, L50, M|\n|poke|p1|Sinistcha, L50|\n|poke|p1|Grumpig, L50, F|\n|poke|p1|Talonflame, L50, M|\n|poke|p1|Ursaluna-Bloodmoon, L50, M|\n|poke|p1|Indeedee-F, L50, F|\n|poke|p2|Ludicolo, L50, F|\n|poke|p2|Pelipper, L50, M|\n|poke|p2|Regieleki, L50|\n|poke|p2|Basculegion, L50, M|\n|poke|p2|Landorus-Therian, L50, M|\n|poke|p2|Gholdengo, L50|\n|teampreview|4\n|inactive|Battle timer is ON: inactive players will automatically lose when time's up. (requested by aceman526)\n|inactive|xelrules1998765432 has 60 seconds left.\n|inactive|aceman526 has 60 seconds left.\n|\n|t:|1700604871\n|start\n|switch|p1a: Indeedee|Indeedee-F, L50, F, shiny|100\/100\n|switch|p1b: Grumpig|Grumpig, L50, F, shiny|100\/100\n|switch|p2a: Pelipper|Pelipper, L50, M|100\/100\n|switch|p2b: Regieleki|Regieleki, L50|100\/100\n|-fieldstart|move: Psychic Terrain|[from] ability: Psychic Surge|[of] p1a: Indeedee\n|-enditem|p1a: Indeedee|Psychic Seed\n|-boost|p1a: Indeedee|spd|1|[from] item: Psychic Seed\n|-weather|RainDance|[from] ability: Drizzle|[of] p2a: Pelipper\n|turn|1\n|inactive|xelrules1998765432 has 30 seconds left.\n|inactive|xelrules1998765432 has 20 seconds left.\n|\n|t:|1700604909\n|switch|p1a: Ursaluna|Ursaluna-Bloodmoon, L50, M|100\/100\n|move|p2b: Regieleki|Thunder|p1a: Ursaluna\n|-immune|p1a: Ursaluna\n|move|p1b: Grumpig|Simple Beam|p1a: Ursaluna\n|-endability|p1a: Ursaluna|Mind's Eye|[from] move: Simple Beam\n|-ability|p1a: Ursaluna|Simple|[from] move: Simple Beam\n|move|p2a: Pelipper|Tailwind|p2a: Pelipper\n|-sidestart|p2: aceman526|move: Tailwind\n|\n|-weather|RainDance|[upkeep]\n|upkeep\n|turn|2\n|\n|t:|1700604933\n|move|p1a: Ursaluna|Protect|p1a: Ursaluna\n|-singleturn|p1a: Ursaluna|Protect\n|move|p2b: Regieleki|Volt Switch|p1b: Grumpig\n|-damage|p1b: Grumpig|58\/100\n|-damage|p2b: Regieleki|91\/100|[from] item: Life Orb\n|\n|t:|1700604945\n|switch|p2b: Ludicolo|Ludicolo, L50, F|100\/100|[from] Volt Switch\n|move|p2a: Pelipper|Hurricane|p1a: Ursaluna\n|-activate|p1a: Ursaluna|move: Protect\n|move|p1b: Grumpig|Trick Room|p1b: Grumpig\n|-fieldstart|move: Trick Room|[of] p1b: Grumpig\n|\n|-weather|RainDance|[upkeep]\n|upkeep\n|turn|3\n|\n|t:|1700604963\n|switch|p1b: Indeedee|Indeedee-F, L50, F, shiny|100\/100\n|-terastallize|p1a: Ursaluna|Fairy\n|move|p2b: Ludicolo|Fake Out|p1a: Ursaluna\n|-activate|p1a: Ursaluna|move: Psychic Terrain\n|move|p1a: Ursaluna|Calm Mind|p1a: Ursaluna\n|-boost|p1a: Ursaluna|spa|2\n|-boost|p1a: Ursaluna|spd|2\n|move|p2a: Pelipper|U-turn|p1b: Indeedee\n|-supereffective|p1b: Indeedee\n|-damage|p1b: Indeedee|84\/100\n|\n|t:|1700604977\n|switch|p2a: Regieleki|Regieleki, L50|91\/100|[from] U-turn\n|\n|-weather|RainDance|[upkeep]\n|upkeep\n|turn|4\n|\n|t:|1700604990\n|move|p1b: Indeedee|Follow Me|p1b: Indeedee\n|-singleturn|p1b: Indeedee|move: Follow Me\n|move|p1a: Ursaluna|Hyper Voice|p2a: Regieleki|[spread] p2a,p2b\n|-damage|p2a: Regieleki|0 fnt\n|-damage|p2b: Ludicolo|13\/100\n|faint|p2a: Regieleki\n|-enditem|p1a: Ursaluna|Throat Spray\n|-boost|p1a: Ursaluna|spa|2|[from] item: Throat Spray\n|move|p2b: Ludicolo|Waterfall|p1b: Indeedee\n|-damage|p1b: Indeedee|30\/100\n|\n|-weather|RainDance|[upkeep]\n|-heal|p2b: Ludicolo|19\/100|[from] item: Leftovers\n|-sideend|p2: aceman526|move: Tailwind\n|upkeep\n|\n|t:|1700605004\n|switch|p2a: Basculegion|Basculegion, L50, M|100\/100\n|turn|5\n|\n|t:|1700605012\n|move|p1b: Indeedee|Follow Me|p1b: Indeedee\n|-singleturn|p1b: Indeedee|move: Follow Me\n|move|p1a: Ursaluna|Earth Power|p2a: Basculegion\n|-damage|p2a: Basculegion|0 fnt\n|faint|p2a: Basculegion\n|move|p2b: Ludicolo|Waterfall|p1b: Indeedee\n|-damage|p1b: Indeedee|0 fnt\n|faint|p1b: Indeedee\n|\n|-weather|none\n|-heal|p2b: Ludicolo|25\/100|[from] item: Leftovers\n|-fieldend|move: Psychic Terrain\n|upkeep\n|\n|t:|1700605026\n|switch|p1b: Sinistcha|Sinistcha, L50, shiny|100\/100\n|switch|p2a: Pelipper|Pelipper, L50, M|100\/100\n|-weather|RainDance|[from] ability: Drizzle|[of] p2a: Pelipper\n|turn|6\n|\n|t:|1700605050\n|move|p1a: Ursaluna|Hyper Voice|p2b: Ludicolo|[spread] p2a,p2b\n|-damage|p2a: Pelipper|0 fnt\n|-damage|p2b: Ludicolo|0 fnt\n|faint|p2a: Pelipper\n|faint|p2b: Ludicolo\n|\n|win|xelrules1998765432\n|raw|xelrules1998765432's rating: 1087 &rarr; <strong>1115<\/strong><br \/>(+28 for winning)\n|raw|aceman526's rating: 1105 &rarr; <strong>1079<\/strong><br \/>(-26 for losing)\n|l|\u203daceman526\n","uploadtime":1700605068,"views":12,"p1id":"xelrules1998765432","p2id":"aceman526","formatid":"gen9vgc2023regulatione","rating":1079,"private":0,"password":""}