{"id":"gen9vgc2023regulatione-1989272290","p1":"Bad4ngles","p2":"DeAndreRicketts","format":"[Gen 9] VGC 2023 Regulation E","log":"|j|\u2606Bad4ngles\n|j|\u2606DeAndreRicketts\n|t:|1699830413\n|gametype|doubles\n|player|p1|Bad4ngles|169|1160\n|player|p2|DeAndreRicketts|101|1103\n|teamsize|p1|6\n|teamsize|p2|6\n|gen|9\n|tier|[Gen 9] VGC 2023 Regulation E\n|rated|\n|rule|Species Clause: Limit one of each Pok\u00e9mon\n|rule|Item Clause: Limit one of each item\n|clearpoke\n|poke|p1|Farigiraf, L50, M|\n|poke|p1|Weezing, L50, M|\n|poke|p1|Ogerpon-Wellspring, L50, F|\n|poke|p1|Flutter Mane, L50|\n|poke|p1|Regidrago, L50|\n|poke|p1|Sinistcha-Masterpiece, L50|\n|poke|p2|Flutter Mane, L50|\n|poke|p2|Gothitelle, L50, F|\n|poke|p2|Dondozo, L50, M|\n|poke|p2|Tatsugiri, L50, F|\n|poke|p2|Farigiraf, L50, F|\n|poke|p2|Garganacl, L50, F|\n|teampreview|4\n|inactive|Battle timer is ON: inactive players will automatically lose when time's up. (requested by Bad4ngles)\n|inactive|Bad4ngles has 60 seconds left.\n|inactive|DeAndreRicketts has 60 seconds left.\n|\n|t:|1699830457\n|start\n|switch|p1a: Weezing|Weezing, L50, M|100\/100\n|switch|p1b: Flutter Mane|Flutter Mane, L50|100\/100\n|switch|p2a: Farigiraf|Farigiraf, L50, F|100\/100\n|switch|p2b: Garganacl|Garganacl, L50, F|100\/100\n|-ability|p1a: Weezing|Neutralizing Gas\n|turn|1\n|inactive|Bad4ngles has 30 seconds left.\n|inactive|DeAndreRicketts has 30 seconds left.\n|\n|t:|1699830489\n|-terastallize|p2b: Garganacl|Poison\n|move|p1b: Flutter Mane|Moonblast|p2b: Garganacl\n|-resisted|p2b: Garganacl\n|-damage|p2b: Garganacl|60\/100\n|move|p1a: Weezing|Taunt|p2a: Farigiraf\n|-start|p2a: Farigiraf|move: Taunt\n|move|p2b: Garganacl|Iron Head|p1b: Flutter Mane\n|-supereffective|p1b: Flutter Mane\n|-crit|p1b: Flutter Mane\n|-damage|p1b: Flutter Mane|0 fnt\n|faint|p1b: Flutter Mane\n|-end|p1b: Flutter Mane|Protosynthesis|[silent]\n|cant|p2a: Farigiraf|move: Taunt|Trick Room\n|\n|upkeep\n|\n|t:|1699830503\n|switch|p1b: Ogerpon|Ogerpon-Wellspring, L50, F|100\/100\n|turn|2\n|\n|t:|1699830519\n|-terastallize|p1b: Ogerpon|Water\n|detailschange|p1b: Ogerpon|Ogerpon-Wellspring-Tera, L50, F, tera:Water\n|move|p2b: Garganacl|Protect|p2b: Garganacl\n|-singleturn|p2b: Garganacl|Protect\n|move|p1b: Ogerpon|Ivy Cudgel|p2a: Farigiraf\n|-damage|p2a: Farigiraf|14\/100\n|move|p1a: Weezing|Will-O-Wisp|p2b: Garganacl\n|-activate|p2b: Garganacl|move: Protect\n|move|p2a: Farigiraf|Energy Ball|p1b: Ogerpon\n|-supereffective|p1b: Ogerpon\n|-damage|p1b: Ogerpon|44\/100\n|\n|upkeep\n|turn|3\n|\n|t:|1699830541\n|-end|p1a: Weezing|ability: Neutralizing Gas\n|-ability|p1b: Ogerpon|Embody Aspect (Wellspring)|boost\n|-boost|p1b: Ogerpon|spd|1\n|switch|p1a: Sinistcha|Sinistcha-Masterpiece, L50|100\/100\n|-heal|p1b: Ogerpon|68\/100|[from] ability: Hospitality|[of] p1a: Sinistcha\n|move|p1b: Ogerpon|Ivy Cudgel|p2b: Garganacl\n|-damage|p2b: Garganacl|19\/100\n|move|p2a: Farigiraf|Energy Ball|p1b: Ogerpon\n|-supereffective|p1b: Ogerpon\n|-damage|p1b: Ogerpon|33\/100\n|move|p2b: Garganacl|Body Press|p1b: Ogerpon\n|-damage|p1b: Ogerpon|0 fnt\n|faint|p1b: Ogerpon\n|\n|-end|p2a: Farigiraf|move: Taunt\n|upkeep\n|\n|t:|1699830556\n|switch|p1b: Weezing|Weezing, L50, M|100\/100\n|-ability|p1b: Weezing|Neutralizing Gas\n|turn|4\n|\n|t:|1699830577\n|move|p2b: Garganacl|Protect|p2b: Garganacl\n|-singleturn|p2b: Garganacl|Protect\n|move|p1a: Sinistcha|Calm Mind|p1a: Sinistcha\n|-boost|p1a: Sinistcha|spa|1\n|-boost|p1a: Sinistcha|spd|1\n|move|p1b: Weezing|Sludge Bomb|p2a: Farigiraf\n|-damage|p2a: Farigiraf|0 fnt\n|faint|p2a: Farigiraf\n|\n|upkeep\n|\n|t:|1699830592\n|switch|p2a: Dondozo|Dondozo, L50, M|100\/100\n|turn|5\n|\n|t:|1699830614\n|switch|p2b: Tatsugiri|Tatsugiri, L50, F|100\/100\n|move|p1a: Sinistcha|Matcha Gotcha|p2a: Dondozo|[spread] p2a,p2b\n|-supereffective|p2a: Dondozo\n|-damage|p2a: Dondozo|12\/100\n|-damage|p2b: Tatsugiri|31\/100\n|-status|p2a: Dondozo|brn\n|move|p1b: Weezing|Will-O-Wisp|p2a: Dondozo\n|-fail|p2a: Dondozo|brn\n|move|p2a: Dondozo|Earthquake|p1a: Sinistcha|[spread] p2b,p1a,p1b\n|-resisted|p1a: Sinistcha\n|-supereffective|p1b: Weezing\n|-damage|p2b: Tatsugiri|7\/100\n|-damage|p1a: Sinistcha|95\/100\n|-damage|p1b: Weezing|78\/100\n|\n|-heal|p2a: Dondozo|18\/100 brn|[from] item: Leftovers\n|-damage|p2a: Dondozo|12\/100 brn|[from] brn\n|upkeep\n|turn|6\n|inactive|DeAndreRicketts has 30 seconds left.\n|\n|t:|1699830644\n|move|p2b: Tatsugiri|Protect|p2b: Tatsugiri\n|-singleturn|p2b: Tatsugiri|Protect\n|move|p1b: Weezing|Protect|p1b: Weezing\n|-singleturn|p1b: Weezing|Protect\n|move|p1a: Sinistcha|Matcha Gotcha|p2a: Dondozo|[spread] p2a\n|-activate|p2b: Tatsugiri|move: Protect\n|-supereffective|p2a: Dondozo\n|-damage|p2a: Dondozo|0 fnt\n|-heal|p1a: Sinistcha|100\/100|[from] drain|[of] p2a: Dondozo\n|faint|p2a: Dondozo\n|\n|upkeep\n|\n|t:|1699830652\n|switch|p2a: Garganacl|Garganacl, L50, F, tera:Poison|19\/100\n|turn|7\n|\n|t:|1699830663\n|move|p2b: Tatsugiri|Lunge|p1a: Sinistcha\n|-damage|p1a: Sinistcha|81\/100\n|-unboost|p1a: Sinistcha|atk|1\n|-damage|p2b: Tatsugiri|0 fnt|[from] item: Rocky Helmet|[of] p1a: Sinistcha\n|faint|p2b: Tatsugiri\n|move|p1a: Sinistcha|Shadow Ball|p2a: Garganacl\n|-damage|p2a: Garganacl|0 fnt\n|faint|p2a: Garganacl\n|\n|win|Bad4ngles\n|raw|Bad4ngles's rating: 1160 &rarr; <strong>1181<\/strong><br \/>(+21 for winning)\n|raw|DeAndreRicketts's rating: 1103 &rarr; <strong>1082<\/strong><br \/>(-21 for losing)\n|l|\u2606Bad4ngles\n","uploadtime":1699830820,"views":21,"p1id":"bad4ngles","p2id":"deandrericketts","formatid":"gen9vgc2023regulatione","rating":1082,"private":0,"password":""}