{"id":"gen9vgc2023regulatione-1999192312","p1":"Matcha Man Savage","p2":"jenzz2","format":"[Gen 9] VGC 2023 Regulation E","log":"|j|\u2606Matcha Man Savage\n|j|\u2606jenzz2\n|n|\u2606Matcha Man Savage|matchamansavage\n|n|\u2606jenzz2|jenzz2\n|html|View the match progress at <a href=\"\/game-bestof3-gen9vgc2023regulatione-1999188774\">game-bestof3-gen9vgc2023regulatione-1999188774<\/a>\n|t:|1701043631\n|gametype|doubles\n|player|p1|Matcha Man Savage|pokemaniac|\n|player|p2|jenzz2|265|\n|teamsize|p1|6\n|teamsize|p2|6\n|gen|9\n|tier|[Gen 9] VGC 2023 Regulation E\n|rule|Species Clause: Limit one of each Pok\u00e9mon\n|rule|Item Clause: Limit one of each item\n|clearpoke\n|poke|p1|Baxcalibur, L50, M|\n|poke|p1|Landorus-Therian, L50, M|\n|poke|p1|Goodra-Hisui, L50, F|\n|poke|p1|Scream Tail, L50|\n|poke|p1|Moltres-Galar, L50|\n|poke|p1|Ninetales-Alola, L50, F|\n|poke|p2|Heatran, L50, M|\n|poke|p2|Cresselia, L50, F|\n|poke|p2|Landorus-Therian, L50, M|\n|poke|p2|Iron Hands, L50|\n|poke|p2|Sinistcha-Masterpiece, L50|\n|poke|p2|Moltres-Galar, L50|\n|teampreview|4\n|inactive|Battle timer is ON: inactive players will automatically lose when time's up. (requested by Matcha Man Savage)\n|inactive|jenzz2 has 60 seconds left.\n|\n|t:|1701043688\n|start\n|switch|p1a: Dawg?|Landorus-Therian, L50, M, shiny|100\/100\n|switch|p1b: Mufasa|Moltres-Galar, L50|100\/100\n|switch|p2a: Cresselia|Cresselia, L50, F|100\/100\n|switch|p2b: Iron Hands|Iron Hands, L50, shiny|100\/100\n|-ability|p1a: Dawg?|Intimidate|boost\n|-unboost|p2a: Cresselia|atk|1\n|-unboost|p2b: Iron Hands|atk|1\n|turn|1\n|\n|t:|1701043702\n|move|p2b: Iron Hands|Fake Out|p1a: Dawg?\n|-damage|p1a: Dawg?|90\/100\n|cant|p1a: Dawg?|flinch\n|move|p1b: Mufasa|Fiery Wrath|p2a: Cresselia|[spread] p2a,p2b\n|-supereffective|p2a: Cresselia\n|-resisted|p2b: Iron Hands\n|-damage|p2a: Cresselia|60\/100\n|-damage|p2b: Iron Hands|90\/100\n|move|p2a: Cresselia|Ice Beam|p1a: Dawg?\n|-supereffective|p1a: Dawg?\n|-damage|p1a: Dawg?|0 fnt\n|faint|p1a: Dawg?\n|\n|upkeep\n|\n|t:|1701043714\n|switch|p1a: Antarctica|Ninetales-Alola, L50, F|100\/100\n|-weather|Snow|[from] ability: Snow Warning|[of] p1a: Antarctica\n|turn|2\n|\n|t:|1701043737\n|move|p1a: Antarctica|Aurora Veil|p1a: Antarctica\n|-sidestart|p1: Matcha Man Savage|move: Aurora Veil\n|move|p1b: Mufasa|Fiery Wrath|p2a: Cresselia|[spread] p2a,p2b\n|-supereffective|p2a: Cresselia\n|-resisted|p2b: Iron Hands\n|-damage|p2a: Cresselia|19\/100\n|-damage|p2b: Iron Hands|78\/100\n|move|p2a: Cresselia|Lunar Blessing|p2a: Cresselia|[spread] p2a,p2b\n|-heal|p2a: Cresselia|44\/100\n|-heal|p2b: Iron Hands|100\/100\n|move|p2b: Iron Hands|Belly Drum|p2b: Iron Hands\n|-damage|p2b: Iron Hands|50\/100\n|-setboost|p2b: Iron Hands|atk|6|[from] move: Belly Drum\n|-enditem|p2b: Iron Hands|Sitrus Berry|[eat]\n|-heal|p2b: Iron Hands|75\/100|[from] item: Sitrus Berry\n|\n|-weather|Snow|[upkeep]\n|upkeep\n|turn|3\n|inactive|Matcha Man Savage has 30 seconds left.\n|\n|t:|1701043764\n|-terastallize|p2a: Cresselia|Fire\n|move|p1a: Antarctica|Icy Wind|p2a: Cresselia|[spread] p2a,p2b\n|-resisted|p2a: Cresselia\n|-damage|p2a: Cresselia|40\/100\n|-damage|p2b: Iron Hands|68\/100\n|-unboost|p2a: Cresselia|spe|1\n|-unboost|p2b: Iron Hands|spe|1\n|move|p1b: Mufasa|Fiery Wrath|p2b: Iron Hands|[spread] p2a,p2b\n|-resisted|p2b: Iron Hands\n|-damage|p2a: Cresselia|18\/100\n|-damage|p2b: Iron Hands|57\/100\n|move|p2b: Iron Hands|Drain Punch|p1b: Mufasa\n|-damage|p1b: Mufasa|0 fnt\n|-heal|p2b: Iron Hands|93\/100|[from] drain|[of] p1b: Mufasa\n|faint|p1b: Mufasa\n|move|p2a: Cresselia|Trick Room|p2a: Cresselia\n|-fieldstart|move: Trick Room|[of] p2a: Cresselia\n|\n|-weather|Snow|[upkeep]\n|upkeep\n|\n|t:|1701043778\n|switch|p1b: GOJIRA|Baxcalibur, L50, M|100\/100\n|turn|4\n|\n|t:|1701043787\n|move|p1b: GOJIRA|Protect|p1b: GOJIRA\n|-singleturn|p1b: GOJIRA|Protect\n|move|p1a: Antarctica|Baby-Doll Eyes|p2b: Iron Hands\n|-unboost|p2b: Iron Hands|atk|1\n|move|p2b: Iron Hands|Drain Punch|p1b: GOJIRA\n|-activate|p1b: GOJIRA|move: Protect\n|move|p2a: Cresselia|Moonblast|p1b: GOJIRA\n|-activate|p1b: GOJIRA|move: Protect\n|\n|-weather|Snow|[upkeep]\n|upkeep\n|turn|5\n|inactive|Matcha Man Savage has 30 seconds left.\n|\n|t:|1701043816\n|-terastallize|p1b: GOJIRA|Water\n|move|p1a: Antarctica|Baby-Doll Eyes|p2b: Iron Hands\n|-unboost|p2b: Iron Hands|atk|1\n|move|p2b: Iron Hands|Drain Punch|p1b: GOJIRA\n|-damage|p1b: GOJIRA|27\/100\n|-heal|p2b: Iron Hands|100\/100|[from] drain|[of] p1b: GOJIRA\n|move|p2a: Cresselia|Moonblast|p1b: GOJIRA\n|-damage|p1b: GOJIRA|14\/100\n|move|p1b: GOJIRA|Swords Dance|p1b: GOJIRA\n|-boost|p1b: GOJIRA|atk|2\n|\n|-weather|Snow|[upkeep]\n|upkeep\n|turn|6\n|\n|t:|1701043840\n|move|p1b: GOJIRA|Protect|p1b: GOJIRA\n|-singleturn|p1b: GOJIRA|Protect\n|move|p1a: Antarctica|Baby-Doll Eyes|p2b: Iron Hands\n|-unboost|p2b: Iron Hands|atk|1\n|move|p2b: Iron Hands|Drain Punch|p1a: Antarctica\n|-damage|p1a: Antarctica|41\/100\n|move|p2a: Cresselia|Moonblast|p1b: GOJIRA\n|-activate|p1b: GOJIRA|move: Protect\n|\n|-weather|none\n|-sideend|p1: Matcha Man Savage|move: Aurora Veil\n|upkeep\n|turn|7\n|inactive|jenzz2 has 30 seconds left.\n|inactive|jenzz2 has 20 seconds left.\n|\n|t:|1701043876\n|move|p1b: GOJIRA|Protect||[still]\n|-fail|p1b: GOJIRA\n|move|p1a: Antarctica|Baby-Doll Eyes|p2b: Iron Hands\n|-unboost|p2b: Iron Hands|atk|1\n|move|p2b: Iron Hands|Drain Punch|p1a: Antarctica\n|-damage|p1a: Antarctica|0 fnt\n|faint|p1a: Antarctica\n|move|p2a: Cresselia|Moonblast|p1b: GOJIRA\n|-damage|p1b: GOJIRA|0 fnt\n|faint|p1b: GOJIRA\n|\n|win|jenzz2\n|inactive|Matcha Man Savage has 50 seconds to confirm battle start!\n|inactive|jenzz2 has 50 seconds to confirm battle start!\n|c|&|\/uhtml prompt-jenzz2,jenzz2 is ready for game 3!\n|c|&|\/uhtml prompt-jenzz2,jenzz2 is ready for game 3!\n|inactive|Matcha Man Savage has 40 seconds to confirm battle start!\n|c|&|\/uhtml prompt-jenzz2,jenzz2 is ready for game 3!\n|c|&|\/uhtml prompt-jenzz2,jenzz2 is ready for game 3!\n|c|&|\/uhtml prompt-matchamansavage,Matcha Man Savage is ready for game 3!\nBoth players are ready! Starting next match!\n","uploadtime":1701043905,"views":12,"p1id":"matchamansavage","p2id":"jenzz2","formatid":"gen9vgc2023regulatione","rating":0,"private":0,"password":""}