{"id":"gen9vgc2023regulatione-1992517688","p1":"MrWonton","p2":"fartninja101","format":"[Gen 9] VGC 2023 Regulation E","log":"|j|\u2606MrWonton\n|j|\u2606fartninja101\n|n|\u2606MrWonton|mrwonton\n|n|\u2606fartninja101|fartninja101\n|html|View the match progress at <a href=\"\/game-bestof3-gen9vgc2023regulatione-1992512782\">game-bestof3-gen9vgc2023regulatione-1992512782<\/a>\n|t:|1700198291\n|gametype|doubles\n|player|p1|MrWonton|jogger|\n|player|p2|fartninja101|266|\n|teamsize|p1|6\n|teamsize|p2|6\n|gen|9\n|tier|[Gen 9] VGC 2023 Regulation E\n|rule|Species Clause: Limit one of each Pok\u00e9mon\n|rule|Item Clause: Limit one of each item\n|clearpoke\n|poke|p1|Heatran, L50, F|\n|poke|p1|Rillaboom, L50, M|\n|poke|p1|Corviknight, L50, M|\n|poke|p1|Volbeat, L50, M|\n|poke|p1|Chandelure, L50, M|\n|poke|p1|Electrode, L50|\n|poke|p2|Flutter Mane, L50|\n|poke|p2|Iron Bundle, L50|\n|poke|p2|Murkrow, L50, F|\n|poke|p2|Weezing-Galar, L50, F|\n|poke|p2|Slaking, L50, M|\n|poke|p2|Toxtricity, L50, F|\n|teampreview|4\n|inactive|Battle timer is ON: inactive players will automatically lose when time's up. (requested by fartninja101)\n|inactive|MrWonton has 60 seconds left.\n|inactive|fartninja101 has 60 seconds left.\n|inactive|MrWonton has 30 seconds left.\n|\n|t:|1700198354\n|start\n|switch|p1a: Timpani|Rillaboom, L50, M|100\/100\n|switch|p1b: Sia|Chandelure, L50, M|100\/100\n|switch|p2a: Murkrow|Murkrow, L50, F|100\/100\n|switch|p2b: Iron Bundle|Iron Bundle, L50|100\/100\n|-fieldstart|move: Grassy Terrain|[from] ability: Grassy Surge|[of] p1a: Timpani\n|turn|1\n|inactive|fartninja101 has 30 seconds left.\n|\n|t:|1700198387\n|-terastallize|p1b: Sia|Grass\n|move|p1a: Timpani|Fake Out|p2b: Iron Bundle\n|-damage|p2b: Iron Bundle|81\/100\n|move|p2a: Murkrow|Taunt|p1b: Sia\n|-start|p1b: Sia|move: Taunt\n|cant|p2b: Iron Bundle|flinch\n|cant|p1b: Sia|move: Taunt|Trick Room\n|\n|-heal|p2b: Iron Bundle|87\/100|[from] Grassy Terrain\n|upkeep\n|turn|2\n|inactive|fartninja101 has 30 seconds left.\n|\n|t:|1700198416\n|-end|p2b: Iron Bundle|Quark Drive|[silent]\n|switch|p2b: Weezing|Weezing-Galar, L50, F|100\/100\n|-ability|p2b: Weezing|Neutralizing Gas\n|switch|p1b: Svalinn|Corviknight, L50, M|100\/100\n|move|p1a: Timpani|Grassy Glide|p2b: Weezing\n|-resisted|p2b: Weezing\n|-crit|p2b: Weezing\n|-damage|p2b: Weezing|74\/100\n|move|p2a: Murkrow|Foul Play|p1a: Timpani\n|-damage|p1a: Timpani|51\/100\n|\n|-heal|p1a: Timpani|57\/100|[from] Grassy Terrain\n|-heal|p2b: Weezing|80\/100|[from] Grassy Terrain\n|-heal|p2b: Weezing|86\/100|[from] item: Leftovers\n|upkeep\n|turn|3\n|inactive|MrWonton has 30 seconds left.\n|inactive|fartninja101 has 30 seconds left.\n|inactive|fartninja101 has 20 seconds left.\n|\n|t:|1700198453\n|switch|p1a: Maelstrom|Heatran, L50, F|100\/100\n|move|p2a: Murkrow|Tailwind|p2a: Murkrow\n|-sidestart|p2: fartninja101|move: Tailwind\n|move|p2b: Weezing|Will-O-Wisp|p1a: Maelstrom\n|-immune|p1a: Maelstrom\n|move|p1b: Svalinn|Brave Bird|p2a: Murkrow\n|-damage|p2a: Murkrow|50\/100\n|-damage|p1b: Svalinn|87\/100|[from] Recoil\n|\n|-heal|p2b: Weezing|92\/100|[from] Grassy Terrain\n|-heal|p2b: Weezing|98\/100|[from] item: Leftovers\n|upkeep\n|turn|4\n|inactive|MrWonton has 30 seconds left.\n|inactive|fartninja101 has 30 seconds left.\n|inactive|fartninja101 has 20 seconds left.\n|\n|t:|1700198488\n|-end|p2b: Weezing|ability: Neutralizing Gas\n|switch|p2b: Slaking|Slaking, L50, M|100\/100\n|switch|p1b: Sia|Chandelure, L50, M, tera:Grass|100\/100\n|move|p2a: Murkrow|Foul Play|p1b: Sia\n|-damage|p1b: Sia|81\/100\n|move|p1a: Maelstrom|Heat Wave|p2b: Slaking|[spread] p2b\n|-miss|p1a: Maelstrom|p2a: Murkrow\n|-damage|p2b: Slaking|39\/100\n|-damage|p1a: Maelstrom|91\/100|[from] item: Life Orb\n|\n|-heal|p2b: Slaking|45\/100|[from] Grassy Terrain\n|-heal|p1b: Sia|87\/100|[from] Grassy Terrain\n|-heal|p1a: Maelstrom|97\/100|[from] Grassy Terrain\n|upkeep\n|turn|5\n|inactive|MrWonton has 30 seconds left.\n|inactive|fartninja101 has 30 seconds left.\n|\n|t:|1700198520\n|switch|p1b: Svalinn|Corviknight, L50, M|87\/100\n|move|p1a: Maelstrom|Protect|p1a: Maelstrom\n|-singleturn|p1a: Maelstrom|Protect\n|move|p2a: Murkrow|Taunt|p1b: Svalinn\n|-start|p1b: Svalinn|move: Taunt\n|move|p2b: Slaking|Drain Punch|p1a: Maelstrom\n|-activate|p1a: Maelstrom|move: Protect\n|\n|-heal|p2b: Slaking|52\/100|[from] Grassy Terrain\n|-heal|p1a: Maelstrom|100\/100|[from] Grassy Terrain\n|-fieldend|move: Grassy Terrain\n|upkeep\n|turn|6\n|inactive|MrWonton has 30 seconds left.\n|\n|t:|1700198547\n|switch|p2a: Weezing|Weezing-Galar, L50, F|98\/100\n|-ability|p2a: Weezing|Neutralizing Gas\n|switch|p1a: Timpani|Rillaboom, L50, M|57\/100\n|move|p2b: Slaking|Drain Punch|p1a: Timpani\n|-damage|p1a: Timpani|20\/100\n|-heal|p2b: Slaking|67\/100|[from] drain|[of] p1a: Timpani\n|-damage|p2b: Slaking|57\/100|[from] item: Life Orb\n|move|p1b: Svalinn|Brave Bird|p2a: Weezing\n|-damage|p2a: Weezing|59\/100\n|-damage|p1b: Svalinn|76\/100|[from] Recoil\n|\n|-heal|p2a: Weezing|65\/100|[from] item: Leftovers\n|-sideend|p2: fartninja101|move: Tailwind\n|upkeep\n|turn|7\n|inactive|MrWonton has 30 seconds left.\n|inactive|fartninja101 has 30 seconds left.\n|\n|t:|1700198574\n|switch|p1a: Sia|Chandelure, L50, M, tera:Grass|87\/100\n|switch|p1b: Maelstrom|Heatran, L50, F|100\/100\n|move|p2b: Slaking|Body Slam|p1a: Sia\n|-damage|p1a: Sia|4\/100\n|-enditem|p1a: Sia|Aguav Berry|[eat]\n|-heal|p1a: Sia|37\/100|[from] item: Aguav Berry\n|-damage|p2b: Slaking|48\/100|[from] item: Life Orb\n|move|p2a: Weezing|Will-O-Wisp|p1b: Maelstrom\n|-immune|p1b: Maelstrom\n|\n|-heal|p2a: Weezing|71\/100|[from] item: Leftovers\n|upkeep\n|turn|8\n|inactive|MrWonton has 30 seconds left.\n|inactive|fartninja101 has 30 seconds left.\n|inactive|fartninja101 has 20 seconds left.\n|\n|t:|1700198613\n|switch|p1b: Timpani|Rillaboom, L50, M|20\/100\n|move|p2a: Weezing|Protect|p2a: Weezing\n|-singleturn|p2a: Weezing|Protect\n|move|p2b: Slaking|Body Slam|p1a: Sia\n|-damage|p1a: Sia|0 fnt\n|faint|p1a: Sia\n|-damage|p2b: Slaking|38\/100|[from] item: Life Orb\n|\n|-heal|p2a: Weezing|77\/100|[from] item: Leftovers\n|upkeep\n|\n|t:|1700198622\n|switch|p1a: Maelstrom|Heatran, L50, F|100\/100\n|turn|9\n|inactive|fartninja101 has 30 seconds left.\n|\n|t:|1700198648\n|move|p1b: Timpani|Fake Out|p2b: Slaking\n|-damage|p2b: Slaking|26\/100\n|cant|p2b: Slaking|flinch\n|move|p2a: Weezing|Will-O-Wisp|p1b: Timpani\n|-status|p1b: Timpani|brn\n|move|p1a: Maelstrom|Heat Wave|p2a: Weezing|[spread] p2b\n|-miss|p1a: Maelstrom|p2a: Weezing\n|-damage|p2b: Slaking|0 fnt\n|faint|p2b: Slaking\n|-damage|p1a: Maelstrom|91\/100|[from] item: Life Orb\n|\n|-heal|p2a: Weezing|82\/100|[from] item: Leftovers\n|-damage|p1b: Timpani|15\/100 brn|[from] brn\n|upkeep\n|\n|t:|1700198667\n|switch|p2b: Iron Bundle|Iron Bundle, L50|87\/100\n|turn|10\n|inactive|fartninja101 has 30 seconds left.\n|inactive|fartninja101 has 20 seconds left.\n|\n|t:|1700198705\n|switch|p1b: Svalinn|Corviknight, L50, M|76\/100\n|move|p2b: Iron Bundle|Freeze-Dry|p1b: Svalinn\n|-damage|p1b: Svalinn|40\/100\n|move|p2a: Weezing|Strange Steam|p1a: Maelstrom\n|-resisted|p1a: Maelstrom\n|-damage|p1a: Maelstrom|85\/100\n|move|p1a: Maelstrom|Flash Cannon|p2a: Weezing\n|-supereffective|p2a: Weezing\n|-damage|p2a: Weezing|0 fnt\n|faint|p2a: Weezing\n|-end|p2a: Weezing|ability: Neutralizing Gas\n|-damage|p1a: Maelstrom|76\/100|[from] item: Life Orb\n|\n|upkeep\n|\n|t:|1700198718\n|switch|p2a: Murkrow|Murkrow, L50, F|50\/100\n|turn|11\n|\n|t:|1700198738\n|switch|p1a: Timpani|Rillaboom, L50, M|15\/100 brn\n|-fieldstart|move: Grassy Terrain|[from] ability: Grassy Surge|[of] p1a: Timpani\n|move|p2b: Iron Bundle|Hydro Pump|p1b: Svalinn\n|-damage|p1b: Svalinn|0 fnt\n|faint|p1b: Svalinn\n|move|p2a: Murkrow|Foul Play|p1a: Timpani\n|-damage|p1a: Timpani|0 fnt\n|faint|p1a: Timpani\n|\n|-heal|p2b: Iron Bundle|93\/100|[from] Grassy Terrain\n|upkeep\n|\n|t:|1700198747\n|switch|p1b: Maelstrom|Heatran, L50, F|76\/100\n|turn|12\n|\n|t:|1700198764\n|move|p2b: Iron Bundle|Hydro Pump|p1b: Maelstrom\n|-supereffective|p1b: Maelstrom\n|-damage|p1b: Maelstrom|0 fnt\n|faint|p1b: Maelstrom\n|\n|win|fartninja101\n|c|\u2606fartninja101|gg\n|c|\u2606MrWonton|Gg\n|c|\u2606MrWonton|Do you have all 3 links?\n|l|\u2606MrWonton\n|c|\u2606fartninja101|yes\n","uploadtime":1700198769,"views":21,"p1id":"mrwonton","p2id":"fartninja101","formatid":"gen9vgc2023regulatione","rating":0,"private":0,"password":""}