{"id":"gen9vgc2023regulatione-1996038095","p1":"Pokecrew 5.0","p2":"Orb66623","format":"[Gen 9] VGC 2023 Regulation E","log":"|j|\u2606Pokecrew 5.0\n|j|\u2606Orb66623\n|t:|1700633394\n|gametype|doubles\n|player|p1|Pokecrew 5.0|twins-gen4dp|1198\n|player|p2|Orb66623|265|1278\n|teamsize|p1|6\n|teamsize|p2|6\n|gen|9\n|tier|[Gen 9] VGC 2023 Regulation E\n|rated|\n|rule|Species Clause: Limit one of each Pok\u00e9mon\n|rule|Item Clause: Limit one of each item\n|clearpoke\n|poke|p1|Torkoal, L50, M|\n|poke|p1|Wo-Chien, L50|\n|poke|p1|Armarouge, L50, M|\n|poke|p1|Indeedee-F, L50, F|\n|poke|p1|Vikavolt, L50, M|\n|poke|p1|Slowbro-Galar, L50, F|\n|poke|p2|Ogerpon-Wellspring, L50, F|\n|poke|p2|Armarouge, L50, F|\n|poke|p2|Torkoal, L50, F|\n|poke|p2|Indeedee-F, L50, F|\n|poke|p2|Iron Hands, L50|\n|poke|p2|Landorus-Therian, L50, M|\n|teampreview|4\n|\n|t:|1700633411\n|start\n|switch|p1a: Slowbro|Slowbro-Galar, L50, F, shiny|100\/100\n|switch|p1b: Indeedee|Indeedee-F, L50, F|100\/100\n|switch|p2a: Armarouge|Armarouge, L50, F|100\/100\n|switch|p2b: Landorus|Landorus-Therian, L50, M|100\/100\n|-ability|p2b: Landorus|Intimidate|boost\n|-unboost|p1a: Slowbro|atk|1\n|-unboost|p1b: Indeedee|atk|1\n|-fieldstart|move: Psychic Terrain|[from] ability: Psychic Surge|[of] p1b: Indeedee\n|-enditem|p1b: Indeedee|Psychic Seed\n|-boost|p1b: Indeedee|spd|1|[from] item: Psychic Seed\n|turn|1\n|inactive|Battle timer is ON: inactive players will automatically lose when time's up. (requested by Orb66623)\n|\n|t:|1700633432\n|-terastallize|p2a: Armarouge|Psychic\n|move|p1b: Indeedee|Follow Me|p1b: Indeedee\n|-singleturn|p1b: Indeedee|move: Follow Me\n|move|p2b: Landorus|U-turn|p1b: Indeedee\n|-supereffective|p1b: Indeedee\n|-damage|p1b: Indeedee|45\/100\n|\n|t:|1700633441\n|switch|p2b: Torkoal|Torkoal, L50, F|100\/100|[from] U-turn\n|-weather|SunnyDay|[from] ability: Drought|[of] p2b: Torkoal\n|move|p2a: Armarouge|Heat Wave|p1b: Indeedee|[spread] p1a,p1b\n|-damage|p1a: Slowbro|39\/100\n|-damage|p1b: Indeedee|12\/100\n|move|p1a: Slowbro|Trick Room|p1a: Slowbro\n|-fieldstart|move: Trick Room|[of] p1a: Slowbro\n|\n|-weather|SunnyDay|[upkeep]\n|upkeep\n|turn|2\n|\n|t:|1700633461\n|move|p1b: Indeedee|Follow Me|p1b: Indeedee\n|-singleturn|p1b: Indeedee|move: Follow Me\n|move|p1a: Slowbro|Acid Spray|p2b: Torkoal\n|-damage|p2b: Torkoal|81\/100\n|-unboost|p2b: Torkoal|spd|2\n|move|p2b: Torkoal|Eruption|p1a: Slowbro|[spread] p1a,p1b\n|-crit|p1b: Indeedee\n|-damage|p1a: Slowbro|0 fnt\n|-damage|p1b: Indeedee|0 fnt\n|faint|p1a: Slowbro\n|faint|p1b: Indeedee\n|move|p2a: Armarouge|Expanding Force|p1: Slowbro|[notarget]\n|-fail|p2a: Armarouge\n|\n|-weather|SunnyDay|[upkeep]\n|upkeep\n|\n|t:|1700633469\n|switch|p1a: Vikavolt|Vikavolt, L50, M, shiny|100\/100\n|switch|p1b: Torkoal|Torkoal, L50, M|100\/100\n|turn|3\n|inactive|Orb66623 has 30 seconds left.\n|inactive|Orb66623 has 20 seconds left.\n|inactive|Orb66623 has 15 seconds left.\n|inactive|Orb66623 has 10 seconds left.\n|\n|t:|1700633517\n|-terastallize|p1a: Vikavolt|Electric\n|move|p2b: Torkoal|Protect|p2b: Torkoal\n|-singleturn|p2b: Torkoal|Protect\n|move|p2a: Armarouge|Endure|p2a: Armarouge\n|-singleturn|p2a: Armarouge|move: Endure\n|move|p1b: Torkoal|Eruption|p2b: Torkoal|[spread] p2a\n|-activate|p2b: Torkoal|move: Protect\n|-activate|p2a: Armarouge|move: Endure\n|-damage|p2a: Armarouge|1\/100\n|move|p1a: Vikavolt|Thunderbolt|p2a: Armarouge\n|-activate|p2a: Armarouge|move: Endure\n|-damage|p2a: Armarouge|1\/100\n|-damage|p1a: Vikavolt|90\/100|[from] item: Life Orb\n|\n|-weather|SunnyDay|[upkeep]\n|upkeep\n|turn|4\n|inactive|Pokecrew 5.0 has 30 seconds left.\n|inactive|Orb66623 has 30 seconds left.\n|inactive|Orb66623 has 20 seconds left.\n|inactive|Orb66623 has 15 seconds left.\n|\n|t:|1700633559\n|move|p2a: Armarouge|Endure||[still]\n|-fail|p2a: Armarouge\n|move|p1b: Torkoal|Eruption|p2b: Torkoal|[spread] p2a,p2b\n|-resisted|p2b: Torkoal\n|-damage|p2a: Armarouge|0 fnt\n|-damage|p2b: Torkoal|0 fnt\n|faint|p2a: Armarouge\n|faint|p2b: Torkoal\n|move|p1a: Vikavolt|Thunderbolt|p2: Armarouge|[notarget]\n|-fail|p1a: Vikavolt\n|\n|-weather|SunnyDay|[upkeep]\n|upkeep\n|\n|t:|1700633568\n|switch|p2b: Ogerpon|Ogerpon-Wellspring, L50, F|100\/100\n|switch|p2a: Landorus|Landorus-Therian, L50, M|100\/100\n|-ability|p2a: Landorus|Intimidate|boost\n|-unboost|p1a: Vikavolt|atk|1\n|-unboost|p1b: Torkoal|atk|1\n|turn|5\n|\n|t:|1700633579\n|move|p2b: Ogerpon|Spiky Shield|p2b: Ogerpon\n|-singleturn|p2b: Ogerpon|move: Protect\n|move|p1b: Torkoal|Eruption|p2b: Ogerpon|[spread] p2a\n|-activate|p2b: Ogerpon|move: Protect\n|-damage|p2a: Landorus|0 fnt\n|faint|p2a: Landorus\n|move|p1a: Vikavolt|Thunderbolt|p2b: Ogerpon\n|-activate|p2b: Ogerpon|move: Protect\n|\n|-weather|none\n|-fieldend|move: Trick Room\n|-fieldend|move: Psychic Terrain\n|upkeep\n|turn|6\n|\n|t:|1700633588\n|move|p1a: Vikavolt|Protect|p1a: Vikavolt\n|-singleturn|p1a: Vikavolt|Protect\n|move|p2b: Ogerpon|Ivy Cudgel|p1b: Torkoal|[anim] Ivy Cudgel Water\n|-supereffective|p1b: Torkoal\n|-damage|p1b: Torkoal|4\/100\n|move|p1b: Torkoal|Eruption|p2b: Ogerpon\n|-damage|p2b: Ogerpon|96\/100\n|\n|upkeep\n|turn|7\n|\n|t:|1700633602\n|move|p2b: Ogerpon|Horn Leech|p1a: Vikavolt\n|-damage|p1a: Vikavolt|39\/100\n|-heal|p2b: Ogerpon|100\/100|[from] drain|[of] p1a: Vikavolt\n|move|p1a: Vikavolt|Thunderbolt|p2b: Ogerpon\n|-damage|p2b: Ogerpon|0 fnt\n|faint|p2b: Ogerpon\n|-damage|p1a: Vikavolt|29\/100|[from] item: Life Orb\n|\n|win|Pokecrew 5.0\n|raw|Pokecrew 5.0's rating: 1198 &rarr; <strong>1229<\/strong><br \/>(+31 for winning)\n|raw|Orb66623's rating: 1278 &rarr; <strong>1247<\/strong><br \/>(-31 for losing)\n","uploadtime":1700633611,"views":0,"p1id":"pokecrew50","p2id":"orb66623","formatid":"gen9vgc2023regulatione","rating":1229,"private":0,"password":""}