{"id":"gen9vgc2023regulatione-1992202075","p1":"ZebZebLum","p2":"tomlifeyou","format":"[Gen 9] VGC 2023 Regulation E","log":"|j|\u2606ZebZebLum\n|j|\u2606tomlifeyou\n|t:|1700163465\n|gametype|doubles\n|player|p1|ZebZebLum|pryce|1203\n|player|p2|tomlifeyou|lucas-gen4pt|1199\n|teamsize|p1|6\n|teamsize|p2|6\n|gen|9\n|tier|[Gen 9] VGC 2023 Regulation E\n|rated|\n|rule|Species Clause: Limit one of each Pok\u00e9mon\n|rule|Item Clause: Limit one of each item\n|clearpoke\n|poke|p1|Urshifu-*, L50, M|\n|poke|p1|Tornadus, L50, M|\n|poke|p1|Regidrago, L50|\n|poke|p1|Rillaboom, L50, F|\n|poke|p1|Arcanine-Hisui, L50, M|\n|poke|p1|Gholdengo, L50|\n|poke|p2|Sylveon, L50, F|\n|poke|p2|Moltres-Galar, L50|\n|poke|p2|Mudsdale, L50, M|\n|poke|p2|Persian-Alola, L50, M|\n|poke|p2|Iron Valiant, L50|\n|poke|p2|Maushold, L50|\n|teampreview|4\nZebZebLum has agreed to open team sheets.\ntomlifeyou rejected open team sheets.\n|inactive|Battle timer is ON: inactive players will automatically lose when time's up. (requested by tomlifeyou)\n|inactive|ZebZebLum has 60 seconds left.\n|\n|t:|1700163578\n|start\n|switch|p1a: Regidrago|Regidrago, L50|100\/100\n|switch|p1b: Gholdengo|Gholdengo, L50|100\/100\n|switch|p2a: Persian|Persian-Alola, L50, M, shiny|100\/100\n|switch|p2b: Moltres|Moltres-Galar, L50|100\/100\n|turn|1\n|inactive|ZebZebLum has 30 seconds left.\n|inactive|tomlifeyou has 30 seconds left.\n|inactive|ZebZebLum has 20 seconds left.\n|inactive|ZebZebLum has 15 seconds left.\n|inactive|ZebZebLum has 10 seconds left.\n|\n|t:|1700163627\n|-terastallize|p1b: Gholdengo|Dragon\n|move|p1a: Regidrago|Protect|p1a: Regidrago\n|-singleturn|p1a: Regidrago|Protect\n|move|p2a: Persian|Fake Out|p1a: Regidrago\n|-activate|p1a: Regidrago|move: Protect\n|move|p2b: Moltres|Snarl|p1b: Gholdengo|[spread] p1b\n|-activate|p1a: Regidrago|move: Protect\n|-damage|p1b: Gholdengo|83\/100\n|-unboost|p1b: Gholdengo|spa|1\n|move|p1b: Gholdengo|Nasty Plot|p1b: Gholdengo\n|-boost|p1b: Gholdengo|spa|2\n|\n|upkeep\n|turn|2\n|\n|t:|1700163646\n|move|p2a: Persian|Knock Off|p1a: Regidrago\n|-damage|p1a: Regidrago|74\/100\n|-enditem|p1a: Regidrago|Dragon Fang|[from] move: Knock Off|[of] p2a: Persian\n|move|p2b: Moltres|Snarl|p1a: Regidrago|[spread] p1a,p1b\n|-damage|p1a: Regidrago|53\/100\n|-damage|p1b: Gholdengo|67\/100\n|-unboost|p1a: Regidrago|spa|1\n|-unboost|p1b: Gholdengo|spa|1\n|move|p1a: Regidrago|Dragon Energy|p2b: Moltres|[spread] p2a,p2b\n|-damage|p2a: Persian|59\/100\n|-damage|p2b: Moltres|77\/100\n|move|p1b: Gholdengo|Make It Rain|p2b: Moltres|[spread] p2a,p2b\n|-damage|p2a: Persian|0 fnt\n|-damage|p2b: Moltres|30\/100\n|-unboost|p1b: Gholdengo|spa|1\n|faint|p2a: Persian\n|-ability|p2b: Moltres|Berserk|boost\n|-boost|p2b: Moltres|spa|1\n|\n|upkeep\n|\n|t:|1700163665\n|switch|p2a: multiney|Maushold, L50|100\/100\n|turn|3\n|\n|t:|1700163690\n|move|p2a: multiney|Super Fang|p1b: Gholdengo|[miss]\n|-miss|p2a: multiney|p1b: Gholdengo\n|move|p2b: Moltres|Snarl|p1a: Regidrago|[spread] p1a,p1b\n|-damage|p1a: Regidrago|24\/100\n|-damage|p1b: Gholdengo|43\/100\n|-unboost|p1a: Regidrago|spa|1\n|-unboost|p1b: Gholdengo|spa|1\n|move|p1a: Regidrago|Draco Meteor|p2b: Moltres\n|-damage|p2b: Moltres|0 fnt\n|-unboost|p1a: Regidrago|spa|2\n|faint|p2b: Moltres\n|move|p1b: Gholdengo|Make It Rain|p2a: multiney\n|-damage|p2a: multiney|57\/100\n|-unboost|p1b: Gholdengo|spa|1\n|\n|upkeep\n|\n|t:|1700163697\n|switch|p2b: Mudsdale|Mudsdale, L50, M, shiny|100\/100\n|turn|4\n|inactive|ZebZebLum has 30 seconds left.\n|inactive|ZebZebLum has 20 seconds left.\n|inactive|ZebZebLum has 15 seconds left.\n|\n|t:|1700163740\n|move|p2a: multiney|Protect|p2a: multiney\n|-singleturn|p2a: multiney|Protect\n|move|p1a: Regidrago|Draco Meteor|p2a: multiney\n|-activate|p2a: multiney|move: Protect\n|move|p1b: Gholdengo|Nasty Plot|p1b: Gholdengo\n|-boost|p1b: Gholdengo|spa|2\n|move|p2b: Mudsdale|Rock Slide|p1a: Regidrago|[spread] p1a,p1b\n|-damage|p1a: Regidrago|6\/100\n|-damage|p1b: Gholdengo|29\/100\n|\n|upkeep\n|turn|5\n|\n|t:|1700163762\n|move|p2a: multiney|Encore|p1a: Regidrago\n|-start|p1a: Regidrago|Encore\n|move|p1a: Regidrago|Draco Meteor|p2a: multiney\n|-damage|p2a: multiney|19\/100\n|-unboost|p1a: Regidrago|spa|2\n|move|p1b: Gholdengo|Nasty Plot|p1b: Gholdengo\n|-boost|p1b: Gholdengo|spa|2\n|move|p2b: Mudsdale|Heavy Slam|p1b: Gholdengo\n|-damage|p1b: Gholdengo|0 fnt\n|faint|p1b: Gholdengo\n|\n|upkeep\n|inactive|ZebZebLum has 30 seconds left.\n|\n|t:|1700163787\n|switch|p1b: Urshifu|Urshifu-Rapid-Strike, L50, M|100\/100\n|turn|6\n|\n|t:|1700163803\n|-terastallize|p2b: Mudsdale|Fairy\n|move|p1b: Urshifu|Surging Strikes|p2b: Mudsdale\n|-crit|p2b: Mudsdale\n|-damage|p2b: Mudsdale|91\/100\n|-ability|p2b: Mudsdale|Stamina|boost\n|-boost|p2b: Mudsdale|def|1\n|-crit|p2b: Mudsdale\n|-damage|p2b: Mudsdale|82\/100\n|-ability|p2b: Mudsdale|Stamina|boost\n|-boost|p2b: Mudsdale|def|1\n|-crit|p2b: Mudsdale\n|-damage|p2b: Mudsdale|73\/100\n|-ability|p2b: Mudsdale|Stamina|boost\n|-boost|p2b: Mudsdale|def|1\n|-hitcount|p2b: Mudsdale|3\n|move|p2a: multiney|Super Fang|p1b: Urshifu\n|-damage|p1b: Urshifu|51\/100\n|move|p1a: Regidrago|Draco Meteor|p2a: multiney\n|-damage|p2a: multiney|0 fnt\n|faint|p2a: multiney\n|move|p2b: Mudsdale|Body Press|p1b: Urshifu\n|-damage|p1b: Urshifu|0 fnt\n|faint|p1b: Urshifu\n|\n|upkeep\n|\n|t:|1700163823\n|switch|p1b: Rillaboom|Rillaboom, L50, F|100\/100\n|-fieldstart|move: Grassy Terrain|[from] ability: Grassy Surge|[of] p1b: Rillaboom\n|turn|7\n|\n|t:|1700163833\n|move|p1a: Regidrago|Draco Meteor|p2b: Mudsdale\n|-immune|p2b: Mudsdale\n|move|p1b: Rillaboom|Wood Hammer|p2b: Mudsdale\n|-damage|p2b: Mudsdale|53\/100\n|-ability|p2b: Mudsdale|Stamina|boost\n|-boost|p2b: Mudsdale|def|1\n|-damage|p1b: Rillaboom|94\/100|[from] Recoil\n|move|p2b: Mudsdale|Body Press|p1b: Rillaboom\n|-damage|p1b: Rillaboom|30\/100\n|\n|-heal|p1a: Regidrago|12\/100|[from] Grassy Terrain\n|-heal|p1b: Rillaboom|36\/100|[from] Grassy Terrain\n|-heal|p2b: Mudsdale|59\/100|[from] Grassy Terrain\n|-end|p1a: Regidrago|Encore\n|upkeep\n|turn|8\n|\n|t:|1700163851\n|move|p1a: Regidrago|Earth Power|p2b: Mudsdale\n|-damage|p2b: Mudsdale|54\/100\n|-ability|p2b: Mudsdale|Stamina|boost\n|-boost|p2b: Mudsdale|def|1\n|move|p1b: Rillaboom|Wood Hammer|p2b: Mudsdale\n|-damage|p2b: Mudsdale|38\/100\n|-ability|p2b: Mudsdale|Stamina|boost\n|-boost|p2b: Mudsdale|def|1\n|-damage|p1b: Rillaboom|31\/100|[from] Recoil\n|move|p2b: Mudsdale|Body Press|p1b: Rillaboom\n|-damage|p1b: Rillaboom|0 fnt\n|faint|p1b: Rillaboom\n|\n|-heal|p1a: Regidrago|18\/100|[from] Grassy Terrain\n|-heal|p2b: Mudsdale|44\/100|[from] Grassy Terrain\n|upkeep\n|turn|9\n|\n|t:|1700163869\n|move|p1a: Regidrago|Earth Power|p2b: Mudsdale\n|-damage|p2b: Mudsdale|39\/100\n|move|p2b: Mudsdale|Body Press|p1a: Regidrago\n|-damage|p1a: Regidrago|0 fnt\n|faint|p1a: Regidrago\n|\n|win|tomlifeyou\n|raw|ZebZebLum's rating: 1203 &rarr; <strong>1178<\/strong><br \/>(-25 for losing)\n|raw|tomlifeyou's rating: 1199 &rarr; <strong>1224<\/strong><br \/>(+25 for winning)\n|l|\u2606ZebZebLum\n","uploadtime":1700163967,"views":13,"p1id":"zebzeblum","p2id":"tomlifeyou","formatid":"gen9vgc2023regulatione","rating":1178,"private":0,"password":""}