{"id":"gen9vgc2023regulatione-1992978666","p1":"Garcia-Senpai","p2":"Kentakio","format":"[Gen 9] VGC 2023 Regulation E","log":"|j|\u2606Garcia-Senpai\n|j|\u2606Kentakio\n|t:|1700252184\n|gametype|doubles\n|player|p1|Garcia-Senpai|eusine|1195\n|player|p2|Kentakio|guitarist|1322\n|teamsize|p1|6\n|teamsize|p2|6\n|gen|9\n|tier|[Gen 9] VGC 2023 Regulation E\n|rated|\n|rule|Species Clause: Limit one of each Pok\u00e9mon\n|rule|Item Clause: Limit one of each item\n|clearpoke\n|poke|p1|Indeedee-F, L50, F|\n|poke|p1|Armarouge, L50, M|\n|poke|p1|Arcanine-Hisui, L50, M|\n|poke|p1|Urshifu-*, L50, M|\n|poke|p1|Amoonguss, L50, F|\n|poke|p1|Noctowl, L50, M|\n|poke|p2|Baxcalibur, L50, M|\n|poke|p2|Ninetales-Alola, L50, F|\n|poke|p2|Gholdengo, L50|\n|poke|p2|Gothitelle, L50, F|\n|poke|p2|Urshifu-*, L50, F|\n|poke|p2|Ogerpon-Hearthflame, L50, F|\n|teampreview|4\n|\n|t:|1700252212\n|start\n|switch|p1a: Indeedee|Indeedee-F, L50, F|100\/100\n|switch|p1b: Armarouge|Armarouge, L50, M, shiny|100\/100\n|switch|p2a: Urshifu|Urshifu-Rapid-Strike, L50, F|100\/100\n|switch|p2b: Ogerpon|Ogerpon-Hearthflame, L50, F|100\/100\n|-ability|p2b: Ogerpon|Mold Breaker\n|-fieldstart|move: Psychic Terrain|[from] ability: Psychic Surge|[of] p1a: Indeedee\n|-enditem|p1a: Indeedee|Psychic Seed\n|-boost|p1a: Indeedee|spd|1|[from] item: Psychic Seed\n|turn|1\n|inactive|Battle timer is ON: inactive players will automatically lose when time's up. (requested by Kentakio)\n|\n|t:|1700252250\n|switch|p1a: Arcanine|Arcanine-Hisui, L50, M|100\/100\n|-ability|p1a: Arcanine|Intimidate|boost\n|-unboost|p2a: Urshifu|atk|1\n|-unboost|p2b: Ogerpon|atk|1\n|move|p2a: Urshifu|Ice Spinner|p1a: Arcanine\n|-resisted|p1a: Arcanine\n|-crit|p1a: Arcanine\n|-damage|p1a: Arcanine|72\/100\n|-fieldend|move: Psychic Terrain\n|move|p2b: Ogerpon|Ivy Cudgel|p1b: Armarouge|[anim] Ivy Cudgel Fire\n|-resisted|p1b: Armarouge\n|-damage|p1b: Armarouge|83\/100\n|move|p1b: Armarouge|Expanding Force|p2a: Urshifu\n|-supereffective|p2a: Urshifu\n|-damage|p2a: Urshifu|0 fnt\n|faint|p2a: Urshifu\n|-damage|p1b: Armarouge|73\/100|[from] item: Life Orb\n|\n|upkeep\n|\n|t:|1700252265\n|switch|p2a: Gholdengo|Gholdengo, L50|100\/100\n|turn|2\n|\n|t:|1700252279\n|-terastallize|p2a: Gholdengo|Dragon\n|move|p1a: Arcanine|Flare Blitz|p2a: Gholdengo\n|-resisted|p2a: Gholdengo\n|-damage|p2a: Gholdengo|77\/100\n|-damage|p1a: Arcanine|63\/100|[from] Recoil\n|move|p2b: Ogerpon|Swords Dance|p2b: Ogerpon\n|-boost|p2b: Ogerpon|atk|2\n|move|p2a: Gholdengo|Nasty Plot|p2a: Gholdengo\n|-boost|p2a: Gholdengo|spa|2\n|move|p1b: Armarouge|Expanding Force|p2b: Ogerpon\n|-damage|p2b: Ogerpon|35\/100\n|-damage|p1b: Armarouge|64\/100|[from] item: Life Orb\n|\n|upkeep\n|turn|3\n|inactive|Garcia-Senpai has 30 seconds left.\n|inactive|Kentakio has 30 seconds left.\n|\n|t:|1700252318\n|switch|p1b: Lagoom|Urshifu-Rapid-Strike, L50, M|100\/100\n|move|p2b: Ogerpon|Spiky Shield|p2b: Ogerpon\n|-singleturn|p2b: Ogerpon|move: Protect\n|move|p1a: Arcanine|Flare Blitz|p2a: Gholdengo\n|-resisted|p2a: Gholdengo\n|-damage|p2a: Gholdengo|53\/100\n|-damage|p1a: Arcanine|54\/100|[from] Recoil\n|move|p2a: Gholdengo|Shadow Ball|p1b: Lagoom\n|-crit|p1b: Lagoom\n|-damage|p1b: Lagoom|0 fnt\n|faint|p1b: Lagoom\n|\n|upkeep\n|\n|t:|1700252330\n|switch|p1b: Indeedee|Indeedee-F, L50, F|100\/100\n|-fieldstart|move: Psychic Terrain|[from] ability: Psychic Surge|[of] p1b: Indeedee\n|turn|4\n|\n|t:|1700252352\n|move|p1a: Arcanine|Flare Blitz|p2a: Gholdengo\n|-resisted|p2a: Gholdengo\n|-damage|p2a: Gholdengo|28\/100\n|-enditem|p2a: Gholdengo|Sitrus Berry|[eat]\n|-heal|p2a: Gholdengo|53\/100|[from] item: Sitrus Berry\n|-damage|p1a: Arcanine|45\/100|[from] Recoil\n|move|p2b: Ogerpon|Horn Leech|p1b: Indeedee\n|-damage|p1b: Indeedee|46\/100\n|-heal|p2b: Ogerpon|64\/100|[from] drain|[of] p1b: Indeedee\n|move|p2a: Gholdengo|Make It Rain|p1a: Arcanine|[spread] p1a,p1b\n|-damage|p1a: Arcanine|0 fnt\n|-damage|p1b: Indeedee|0 fnt\n|-unboost|p2a: Gholdengo|spa|1\n|faint|p1a: Arcanine\n|faint|p1b: Indeedee\n|\n|upkeep\n|\n|t:|1700252366\n|switch|p1b: Armarouge|Armarouge, L50, M, shiny|64\/100\n|turn|5\n|\n|t:|1700252386\n|move|p2b: Ogerpon|Ivy Cudgel|p1b: Armarouge|[anim] Ivy Cudgel Fire\n|-resisted|p1b: Armarouge\n|-damage|p1b: Armarouge|22\/100\n|move|p2a: Gholdengo|Shadow Ball|p1b: Armarouge\n|-supereffective|p1b: Armarouge\n|-damage|p1b: Armarouge|0 fnt\n|faint|p1b: Armarouge\n|\n|win|Kentakio\n|raw|Garcia-Senpai's rating: 1195 &rarr; <strong>1179<\/strong><br \/>(-16 for losing)\n|raw|Kentakio's rating: 1322 &rarr; <strong>1335<\/strong><br \/>(+13 for winning)\n","uploadtime":1700252399,"views":10,"p1id":"garciasenpai","p2id":"kentakio","formatid":"gen9vgc2023regulatione","rating":1179,"private":0,"password":""}