{"id":"gen9vgc2023regulatione-1994280998","p1":"CrystalDialga","p2":"Puriner","format":"[Gen 9] VGC 2023 Regulation E","log":"|j|\u2606CrystalDialga\n|j|\u2606Puriner\n|n|\u2606CrystalDialga|crystaldialga\n|n|\u2606Puriner|puriner\n|html|View the match progress at <a href=\"\/game-bestof3-gen9vgc2023regulatione-1994280997\">game-bestof3-gen9vgc2023regulatione-1994280997<\/a>\n|t:|1700426616\n|gametype|doubles\n|player|p1|CrystalDialga|larry|\n|player|p2|Puriner|colress|\n|teamsize|p1|6\n|teamsize|p2|6\n|gen|9\n|tier|[Gen 9] VGC 2023 Regulation E\n|rule|Species Clause: Limit one of each Pok\u00e9mon\n|rule|Item Clause: Limit one of each item\n|clearpoke\n|poke|p1|Dragapult, L50, M|\n|poke|p1|Chien-Pao, L50|\n|poke|p1|Ting-Lu, L50|\n|poke|p1|Rillaboom, L50, F|\n|poke|p1|Dondozo, L50, F|\n|poke|p1|Amoonguss, L50, M|\n|poke|p2|Torkoal, L50, F|\n|poke|p2|Roaring Moon, L50|\n|poke|p2|Flutter Mane, L50|\n|poke|p2|Tornadus, L50, M|\n|poke|p2|Ogerpon-Hearthflame, L50, F|\n|poke|p2|Cresselia, L50, F|\n|teampreview|4\nCrystalDialga has agreed to open team sheets.\n|\n|t:|1700426671\n|start\n|switch|p1a: Dude from Ice Age|Chien-Pao, L50|100\/100\n|switch|p1b: \"One more fissure\"|Ting-Lu, L50|100\/100\n|switch|p2a: Roaring Moon|Roaring Moon, L50|100\/100\n|switch|p2b: Tornadus|Tornadus, L50, M|100\/100\n|-ability|p1a: Dude from Ice Age|Sword of Ruin\n|-ability|p1b: \"One more fissure\"|Vessel of Ruin\n|turn|1\n|\n|t:|1700426773\n|move|p2a: Roaring Moon|Iron Head|p1a: Dude from Ice Age\n|-supereffective|p1a: Dude from Ice Age\n|-damage|p1a: Dude from Ice Age|9\/100\n|move|p1a: Dude from Ice Age|Icicle Crash|p2b: Tornadus\n|-supereffective|p2b: Tornadus\n|-damage|p2b: Tornadus|0 fnt\n|faint|p2b: Tornadus\n|move|p1b: \"One more fissure\"|Stomping Tantrum|p2a: Roaring Moon\n|-damage|p2a: Roaring Moon|38\/100\n|\n|upkeep\n|\n|t:|1700426805\n|switch|p2b: Torkoal|Torkoal, L50, F|100\/100\n|-weather|SunnyDay|[from] ability: Drought|[of] p2b: Torkoal\n|-activate|p2a: Roaring Moon|ability: Protosynthesis\n|-start|p2a: Roaring Moon|protosynthesisatk\n|turn|2\n|j| Van. Volcanucks\n|\n|t:|1700426869\n|-terastallize|p2b: Torkoal|Grass\n|move|p1a: Dude from Ice Age|Protect|p1a: Dude from Ice Age\n|-singleturn|p1a: Dude from Ice Age|Protect\n|move|p2a: Roaring Moon|Iron Head|p1a: Dude from Ice Age\n|-activate|p1a: Dude from Ice Age|move: Protect\n|move|p1b: \"One more fissure\"|Stomping Tantrum|p2b: Torkoal\n|-resisted|p2b: Torkoal\n|-damage|p2b: Torkoal|82\/100\n|move|p2b: Torkoal|Solar Beam||[still]\n|-prepare|p2b: Torkoal|Solar Beam\n|-anim|p2b: Torkoal|Solar Beam|p1b: \"One more fissure\"\n|-supereffective|p1b: \"One more fissure\"\n|-damage|p1b: \"One more fissure\"|70\/100\n|\n|-weather|SunnyDay|[upkeep]\n|upkeep\n|turn|3\n|\n|t:|1700426900\n|switch|p1a: SSJ3 Goku|Rillaboom, L50, F, shiny|100\/100\n|-fieldstart|move: Grassy Terrain|[from] ability: Grassy Surge|[of] p1a: SSJ3 Goku\n|-enditem|p1a: SSJ3 Goku|Grassy Seed\n|-boost|p1a: SSJ3 Goku|def|1|[from] item: Grassy Seed\n|move|p2a: Roaring Moon|Iron Head|p1a: SSJ3 Goku\n|-damage|p1a: SSJ3 Goku|74\/100\n|move|p1b: \"One more fissure\"|Stomping Tantrum|p2a: Roaring Moon\n|-damage|p2a: Roaring Moon|0 fnt\n|faint|p2a: Roaring Moon\n|-end|p2a: Roaring Moon|Protosynthesis|[silent]\n|move|p2b: Torkoal|Solar Beam||[still]\n|-prepare|p2b: Torkoal|Solar Beam\n|-anim|p2b: Torkoal|Solar Beam|p1b: \"One more fissure\"\n|-supereffective|p1b: \"One more fissure\"\n|-damage|p1b: \"One more fissure\"|24\/100\n|\n|-weather|SunnyDay|[upkeep]\n|-heal|p1a: SSJ3 Goku|80\/100|[from] Grassy Terrain\n|-heal|p1b: \"One more fissure\"|30\/100|[from] Grassy Terrain\n|-heal|p2b: Torkoal|88\/100|[from] Grassy Terrain\n|upkeep\n|\n|t:|1700426919\n|switch|p2a: Ogerpon|Ogerpon-Hearthflame, L50, F|100\/100\n|-ability|p2a: Ogerpon|Mold Breaker\n|turn|4\n|\n|t:|1700427010\n|move|p1a: SSJ3 Goku|Fake Out|p2b: Torkoal\n|-damage|p2b: Torkoal|76\/100\n|move|p2a: Ogerpon|Horn Leech|p1b: \"One more fissure\"\n|-supereffective|p1b: \"One more fissure\"\n|-damage|p1b: \"One more fissure\"|0 fnt\n|faint|p1b: \"One more fissure\"\n|cant|p2b: Torkoal|flinch\n|\n|-weather|SunnyDay|[upkeep]\n|-heal|p1a: SSJ3 Goku|86\/100|[from] Grassy Terrain\n|-heal|p2b: Torkoal|82\/100|[from] Grassy Terrain\n|upkeep\n|\n|t:|1700427027\n|switch|p1b: pookie bear|Dragapult, L50, M|100\/100\n|turn|5\n|\n|t:|1700427120\n|move|p1b: pookie bear|Dragon Darts|p2a: Ogerpon\n|-damage|p2a: Ogerpon|53\/100\n|-anim|p1b: pookie bear|Dragon Darts|p2b: Torkoal\n|-damage|p2b: Torkoal|55\/100\n|move|p2a: Ogerpon|Swords Dance|p2a: Ogerpon\n|-boost|p2a: Ogerpon|atk|2\n|move|p1a: SSJ3 Goku|U-turn|p2b: Torkoal\n|-supereffective|p2b: Torkoal\n|-damage|p2b: Torkoal|14\/100\n|\n|t:|1700427130\n|switch|p1a: Dude from Ice Age|Chien-Pao, L50|9\/100|[from] U-turn\n|-ability|p1a: Dude from Ice Age|Sword of Ruin\n|move|p2b: Torkoal|Eruption|p1b: pookie bear|[spread] p1a,p1b\n|-supereffective|p1a: Dude from Ice Age\n|-resisted|p1b: pookie bear\n|-damage|p1a: Dude from Ice Age|0 fnt\n|-damage|p1b: pookie bear|94\/100\n|faint|p1a: Dude from Ice Age\n|\n|-weather|SunnyDay|[upkeep]\n|-heal|p1b: pookie bear|99\/100|[from] Grassy Terrain\n|-heal|p2a: Ogerpon|59\/100|[from] Grassy Terrain\n|-heal|p2b: Torkoal|20\/100|[from] Grassy Terrain\n|upkeep\n|\n|t:|1700427132\n|switch|p1a: SSJ3 Goku|Rillaboom, L50, F, shiny|86\/100\n|turn|6\n|\n|t:|1700427174\n|move|p2a: Ogerpon|Spiky Shield|p2a: Ogerpon\n|-singleturn|p2a: Ogerpon|move: Protect\n|move|p2b: Torkoal|Protect|p2b: Torkoal\n|-singleturn|p2b: Torkoal|Protect\n|move|p1a: SSJ3 Goku|Fake Out|p2a: Ogerpon\n|-activate|p2a: Ogerpon|move: Protect\n|-damage|p1a: SSJ3 Goku|74\/100|[from] Spiky Shield|[of] p2a: Ogerpon\n|move|p1b: pookie bear|Dragon Darts|p2b: Torkoal\n|-activate|p2a: Ogerpon|move: Protect\n|\n|-weather|SunnyDay|[upkeep]\n|-heal|p1b: pookie bear|100\/100|[from] Grassy Terrain\n|-heal|p2a: Ogerpon|65\/100|[from] Grassy Terrain\n|-heal|p1a: SSJ3 Goku|80\/100|[from] Grassy Terrain\n|-heal|p2b: Torkoal|26\/100|[from] Grassy Terrain\n|upkeep\n|turn|7\n|\n|t:|1700427214\n|-terastallize|p1a: SSJ3 Goku|Fire\n|move|p1a: SSJ3 Goku|Grassy Glide|p2a: Ogerpon\n|-resisted|p2a: Ogerpon\n|-damage|p2a: Ogerpon|51\/100\n|move|p1b: pookie bear|Dragon Darts|p2a: Ogerpon\n|-damage|p2a: Ogerpon|2\/100\n|-anim|p1b: pookie bear|Dragon Darts|p2b: Torkoal\n|-damage|p2b: Torkoal|0 fnt\n|faint|p2b: Torkoal\n|move|p2a: Ogerpon|Ivy Cudgel|p1a: SSJ3 Goku|[anim] Ivy Cudgel Fire\n|-resisted|p1a: SSJ3 Goku\n|-damage|p1a: SSJ3 Goku|2\/100\n|\n|-weather|SunnyDay|[upkeep]\n|-heal|p2a: Ogerpon|8\/100|[from] Grassy Terrain\n|-heal|p1a: SSJ3 Goku|8\/100|[from] Grassy Terrain\n|-fieldend|move: Grassy Terrain\n|upkeep\n|turn|8\n|\n|t:|1700427240\n|move|p2a: Ogerpon|Spiky Shield|p2a: Ogerpon\n|-singleturn|p2a: Ogerpon|move: Protect\n|move|p1b: pookie bear|Dragon Darts|p2a: Ogerpon\n|-activate|p2a: Ogerpon|move: Protect\n|move|p1a: SSJ3 Goku|Wood Hammer|p2a: Ogerpon\n|-activate|p2a: Ogerpon|move: Protect\n|-damage|p1a: SSJ3 Goku|0 fnt|[from] Spiky Shield|[of] p2a: Ogerpon\n|faint|p1a: SSJ3 Goku\n|\n|-weather|SunnyDay|[upkeep]\n|upkeep\n|turn|9\n|\n|t:|1700427278\n|move|p1b: pookie bear|Dragon Darts|p2a: Ogerpon\n|-damage|p2a: Ogerpon|0 fnt\n|faint|p2a: Ogerpon\n|\n|win|CrystalDialga\n|c|&|\/uhtml prompt-crystaldialga,CrystalDialga is ready for game 2!\n|inactive|Puriner has 50 seconds to confirm battle start!\n|c|&|\/uhtml prompt-puriner,Puriner is ready for game 2!\nBoth players are ready! Starting next match!\n","uploadtime":1700427417,"views":6,"p1id":"crystaldialga","p2id":"puriner","formatid":"gen9vgc2023regulatione","rating":0,"private":0,"password":""}