{"id":"gen9vgc2023regulatione-1998379235","p1":"meesterkrebs","p2":"Schwbrett","format":"[Gen 9] VGC 2023 Regulation E","log":"|j|\u2606meesterkrebs\n|j|\u2606Schwbrett\n|t:|1700935736\n|gametype|doubles\n|player|p1|meesterkrebs|steven|1263\n|player|p2|Schwbrett|nate|1239\n|teamsize|p1|6\n|teamsize|p2|6\n|gen|9\n|tier|[Gen 9] VGC 2023 Regulation E\n|rated|\n|rule|Species Clause: Limit one of each Pok\u00e9mon\n|rule|Item Clause: Limit one of each item\n|clearpoke\n|poke|p1|Urshifu-*, L50, F|\n|poke|p1|Gholdengo, L50|\n|poke|p1|Arcanine, L50, M|\n|poke|p1|Rillaboom, L50, F|\n|poke|p1|Sableye, L50, M|\n|poke|p1|Roaring Moon, L50|\n|poke|p2|Tornadus, L50, M|\n|poke|p2|Flutter Mane, L50|\n|poke|p2|Heatran, L50, M|\n|poke|p2|Farigiraf, L50, F|\n|poke|p2|Palafin, L50, F|\n|poke|p2|Dragonite, L50, F|\n|teampreview|4\n|inactive|Battle timer is ON: inactive players will automatically lose when time's up. (requested by Schwbrett)\n|inactive|meesterkrebs has 60 seconds left.\n|\n|t:|1700935809\n|start\n|switch|p1a: Roaring Moon|Roaring Moon, L50|100\/100\n|switch|p1b: Gholdengo|Gholdengo, L50|100\/100\n|switch|p2a: Palafin|Palafin, L50, F|100\/100\n|switch|p2b: Heatran|Heatran, L50, M|100\/100\n|-enditem|p1a: Roaring Moon|Booster Energy\n|-activate|p1a: Roaring Moon|ability: Protosynthesis|[fromitem]\n|-start|p1a: Roaring Moon|protosynthesisspe\n|turn|1\n|inactive|meesterkrebs has 30 seconds left.\n|inactive|meesterkrebs has 20 seconds left.\n|inactive|meesterkrebs has 15 seconds left.\n|\n|t:|1700935850\n|-terastallize|p1b: Gholdengo|Fairy\n|move|p2a: Palafin|Flip Turn|p2b: Heatran\n|-supereffective|p2b: Heatran\n|-damage|p2b: Heatran|58\/100\n|-enditem|p2b: Heatran|Weakness Policy\n|-boost|p2b: Heatran|atk|2|[from] item: Weakness Policy\n|-boost|p2b: Heatran|spa|2|[from] item: Weakness Policy\n|\n|t:|1700935861\n|detailschange|p2a: Palafin|Palafin-Hero, L50, F\n|switch|p2a: Dragonite|Dragonite, L50, F|100\/100|[from] Flip Turn\n|move|p1a: Roaring Moon|Tailwind|p1a: Roaring Moon\n|-sidestart|p1: meesterkrebs|move: Tailwind\n|move|p1b: Gholdengo|Nasty Plot|p1b: Gholdengo\n|-boost|p1b: Gholdengo|spa|2\n|move|p2b: Heatran|Heat Wave|p1b: Gholdengo|[spread] p1a\n|-miss|p2b: Heatran|p1b: Gholdengo\n|-resisted|p1a: Roaring Moon\n|-damage|p1a: Roaring Moon|65\/100\n|\n|upkeep\n|turn|2\n|inactive|Schwbrett has 30 seconds left.\n|\n|t:|1700935890\n|move|p2b: Heatran|Protect|p2b: Heatran\n|-singleturn|p2b: Heatran|Protect\n|move|p2a: Dragonite|Extreme Speed|p1b: Gholdengo\n|-damage|p1b: Gholdengo|74\/100\n|move|p1a: Roaring Moon|Knock Off|p2b: Heatran\n|-activate|p2b: Heatran|move: Protect\n|move|p1b: Gholdengo|Dazzling Gleam|p2b: Heatran|[spread] p2a\n|-activate|p2b: Heatran|move: Protect\n|-supereffective|p2a: Dragonite\n|-damage|p2a: Dragonite|50\/100\n|\n|-heal|p1b: Gholdengo|80\/100|[from] item: Leftovers\n|-heal|p2a: Dragonite|57\/100|[from] item: Leftovers\n|upkeep\n|turn|3\n|inactive|Schwbrett has 30 seconds left.\n|inactive|Schwbrett has 20 seconds left.\n|inactive|Schwbrett has 15 seconds left.\n|\n|t:|1700935931\n|-terastallize|p2a: Dragonite|Flying\n|move|p1a: Roaring Moon|Knock Off|p2b: Heatran\n|-damage|p2b: Heatran|31\/100\n|move|p1b: Gholdengo|Dazzling Gleam|p2a: Dragonite|[spread] p2a,p2b\n|-resisted|p2b: Heatran\n|-damage|p2a: Dragonite|11\/100\n|-damage|p2b: Heatran|16\/100\n|move|p2b: Heatran|Flash Cannon|p1b: Gholdengo\n|-supereffective|p1b: Gholdengo\n|-damage|p1b: Gholdengo|0 fnt\n|faint|p1b: Gholdengo\n|move|p2a: Dragonite|Tera Blast|p1a: Roaring Moon|[anim] Tera Blast Flying\n|-damage|p1a: Roaring Moon|20\/100\n|\n|-heal|p2a: Dragonite|17\/100|[from] item: Leftovers\n|upkeep\n|inactive|meesterkrebs has 30 seconds left.\n|\n|t:|1700935964\n|switch|p1b: Sableye|Sableye, L50, M|100\/100\n|turn|4\n|\n|t:|1700935976\n|switch|p2b: Farigiraf|Farigiraf, L50, F|100\/100\n|move|p1a: Roaring Moon|Protect|p1a: Roaring Moon\n|-singleturn|p1a: Roaring Moon|Protect\n|move|p2a: Dragonite|Extreme Speed|p1a: Roaring Moon\n|-activate|p1a: Roaring Moon|move: Protect\n|move|p1b: Sableye|Will-O-Wisp||[still]\n|cant|p2b: Farigiraf|ability: Armor Tail|Will-O-Wisp|[of] p1b: Sableye\n|\n|-heal|p2a: Dragonite|23\/100|[from] item: Leftovers\n|-sideend|p1: meesterkrebs|move: Tailwind\n|upkeep\n|turn|5\n|inactive|meesterkrebs has 30 seconds left.\n|inactive|Schwbrett has 30 seconds left.\n|\n|t:|1700936001\n|-end|p1a: Roaring Moon|Protosynthesis|[silent]\n|switch|p1a: Rillaboom|Rillaboom, L50, F|100\/100\n|-fieldstart|move: Grassy Terrain|[from] ability: Grassy Surge|[of] p1a: Rillaboom\n|move|p2a: Dragonite|Extreme Speed|p1a: Rillaboom\n|-damage|p1a: Rillaboom|72\/100\n|move|p1b: Sableye|Will-O-Wisp||[still]\n|cant|p2b: Farigiraf|ability: Armor Tail|Will-O-Wisp|[of] p1b: Sableye\n|move|p2b: Farigiraf|Dazzling Gleam|p1a: Rillaboom|[spread] p1a,p1b\n|-supereffective|p1b: Sableye\n|-enditem|p1b: Sableye|Roseli Berry|[eat]\n|-enditem|p1b: Sableye|Roseli Berry|[weaken]\n|-damage|p1a: Rillaboom|58\/100\n|-damage|p1b: Sableye|83\/100\n|\n|-heal|p1a: Rillaboom|64\/100|[from] Grassy Terrain\n|-heal|p2a: Dragonite|29\/100|[from] item: Leftovers\n|-heal|p1b: Sableye|89\/100|[from] Grassy Terrain\n|upkeep\n|turn|6\n|inactive|meesterkrebs has 30 seconds left.\n|\n|t:|1700936035\n|move|p1b: Sableye|Will-O-Wisp||[still]\n|cant|p2b: Farigiraf|ability: Armor Tail|Will-O-Wisp|[of] p1b: Sableye\n|move|p1a: Rillaboom|Wood Hammer|p2b: Farigiraf\n|-damage|p2b: Farigiraf|16\/100\n|-damage|p1a: Rillaboom|48\/100|[from] item: Rocky Helmet|[of] p2b: Farigiraf\n|-damage|p1a: Rillaboom|17\/100|[from] Recoil\n|move|p2b: Farigiraf|Dazzling Gleam|p1b: Sableye|[spread] p1a,p1b\n|-supereffective|p1b: Sableye\n|-damage|p1a: Rillaboom|5\/100\n|-damage|p1b: Sableye|53\/100\n|move|p2a: Dragonite|Tera Blast|p1a: Rillaboom|[anim] Tera Blast Flying\n|-supereffective|p1a: Rillaboom\n|-damage|p1a: Rillaboom|0 fnt\n|faint|p1a: Rillaboom\n|\n|-heal|p2b: Farigiraf|22\/100|[from] Grassy Terrain\n|-heal|p2a: Dragonite|35\/100|[from] item: Leftovers\n|-heal|p1b: Sableye|59\/100|[from] Grassy Terrain\n|upkeep\n|\n|t:|1700936052\n|switch|p1a: Roaring Moon|Roaring Moon, L50|20\/100\n|turn|7\n|\n|t:|1700936066\n|move|p1a: Roaring Moon|Protect|p1a: Roaring Moon\n|-singleturn|p1a: Roaring Moon|Protect\n|move|p2a: Dragonite|Extreme Speed|p1a: Roaring Moon\n|-activate|p1a: Roaring Moon|move: Protect\n|move|p1b: Sableye|Will-O-Wisp||[still]\n|cant|p2b: Farigiraf|ability: Armor Tail|Will-O-Wisp|[of] p1b: Sableye\n|move|p2b: Farigiraf|Dazzling Gleam|p1a: Roaring Moon|[spread] p1b\n|-activate|p1a: Roaring Moon|move: Protect\n|-supereffective|p1b: Sableye\n|-damage|p1b: Sableye|22\/100\n|\n|-heal|p1a: Roaring Moon|26\/100|[from] Grassy Terrain\n|-heal|p2b: Farigiraf|28\/100|[from] Grassy Terrain\n|-heal|p2a: Dragonite|41\/100|[from] item: Leftovers\n|-heal|p1b: Sableye|28\/100|[from] Grassy Terrain\n|upkeep\n|turn|8\n|inactive|meesterkrebs has 30 seconds left.\n|\n|t:|1700936094\n|move|p2a: Dragonite|Extreme Speed|p1a: Roaring Moon\n|-damage|p1a: Roaring Moon|2\/100\n|move|p1b: Sableye|Will-O-Wisp||[still]\n|cant|p2b: Farigiraf|ability: Armor Tail|Will-O-Wisp|[of] p1b: Sableye\n|move|p1a: Roaring Moon|Breaking Swipe|p2b: Farigiraf|[spread] p2a,p2b\n|-damage|p2a: Dragonite|22\/100\n|-damage|p2b: Farigiraf|10\/100\n|-unboost|p2a: Dragonite|atk|1\n|-unboost|p2b: Farigiraf|atk|1\n|-damage|p1a: Roaring Moon|0 fnt|[from] item: Rocky Helmet|[of] p2b: Farigiraf\n|faint|p1a: Roaring Moon\n|-end|p1a: Roaring Moon|Protosynthesis|[silent]\n|move|p2b: Farigiraf|Dazzling Gleam|p1b: Sableye\n|-supereffective|p1b: Sableye\n|-damage|p1b: Sableye|0 fnt\n|faint|p1b: Sableye\n|\n|win|Schwbrett\n|raw|meesterkrebs's rating: 1263 &rarr; <strong>1236<\/strong><br \/>(-27 for losing)\n|raw|Schwbrett's rating: 1239 &rarr; <strong>1266<\/strong><br \/>(+27 for winning)\n","uploadtime":1700936102,"views":1,"p1id":"meesterkrebs","p2id":"schwbrett","formatid":"gen9vgc2023regulatione","rating":1236,"private":0,"password":""}