{"id":"gen9vgc2023regulatione-1994583346","p1":"Poke_Kekoa","p2":"Osamabld","format":"[Gen 9] VGC 2023 Regulation E","log":"|j|\u2606Poke_Kekoa\n|j|\u2606Osamabld\n|t:|1700464107\n|gametype|doubles\n|player|p1|Poke_Kekoa|n|1091\n|player|p2|Osamabld|266|1168\n|teamsize|p1|6\n|teamsize|p2|6\n|gen|9\n|tier|[Gen 9] VGC 2023 Regulation E\n|rated|\n|rule|Species Clause: Limit one of each Pok\u00e9mon\n|rule|Item Clause: Limit one of each item\n|clearpoke\n|poke|p1|Tauros-Paldea-Aqua, L50, M|\n|poke|p1|Iron Hands, L50|\n|poke|p1|Decidueye-Hisui, L50, F|\n|poke|p1|Gallade, L50, M|\n|poke|p1|Annihilape, L50, M|\n|poke|p1|Urshifu-*, L50, M|\n|poke|p2|Iron Hands, L50|\n|poke|p2|Landorus-Therian, L50, M|\n|poke|p2|Tornadus, L50, M|\n|poke|p2|Flutter Mane, L50|\n|poke|p2|Arcanine, L50, F|\n|poke|p2|Urshifu-*, L50, M|\n|teampreview|4\n|inactive|Battle timer is ON: inactive players will automatically lose when time's up. (requested by Osamabld)\n|inactive|Poke_Kekoa has 60 seconds left.\n|inactive|Poke_Kekoa has 30 seconds left.\n|inactive|Poke_Kekoa has 20 seconds left.\n|inactive|Poke_Kekoa has 15 seconds left.\n|inactive|Poke_Kekoa has 10 seconds left.\n|inactive|Poke_Kekoa has 5 seconds left.\n|\n|t:|1700464202\n|start\n|switch|p1a: Ole|Tauros-Paldea-Aqua, L50, M|100\/100\n|switch|p1b: Superman|Iron Hands, L50|100\/100\n|switch|p2a: Wind Mage|Tornadus, L50, M|100\/100\n|switch|p2b: Aqua Warrior|Urshifu-Rapid-Strike, L50, M|100\/100\n|-ability|p1a: Ole|Intimidate|boost\n|-unboost|p2a: Wind Mage|atk|1\n|-unboost|p2b: Aqua Warrior|atk|1\n|turn|1\n|inactive|Poke_Kekoa has 30 seconds left.\n|inactive|Poke_Kekoa has 20 seconds left.\n|inactive|Poke_Kekoa has 15 seconds left.\n|inactive|Poke_Kekoa has 10 seconds left.\n|inactive|Poke_Kekoa has 5 seconds left.\n|\n|t:|1700464257\n|move|p2b: Aqua Warrior|Detect|p2b: Aqua Warrior\n|-singleturn|p2b: Aqua Warrior|Protect\n|move|p1b: Superman|Fake Out|p2b: Aqua Warrior\n|-activate|p2b: Aqua Warrior|move: Protect\n|move|p2a: Wind Mage|Tailwind|p2a: Wind Mage\n|-sidestart|p2: Osamabld|move: Tailwind\n|move|p1a: Ole|Aqua Jet|p2b: Aqua Warrior\n|-activate|p2b: Aqua Warrior|move: Protect\n|\n|upkeep\n|turn|2\n|inactive|Poke_Kekoa has 30 seconds left.\n|inactive|Osamabld has 30 seconds left.\n|inactive|Poke_Kekoa has 20 seconds left.\n|inactive|Poke_Kekoa has 15 seconds left.\n|inactive|Osamabld has 20 seconds left.\n|inactive|Poke_Kekoa has 10 seconds left.\n|inactive|Poke_Kekoa has 5 seconds left.\n|\n|t:|1700464312\n|switch|p2a: Brawler Hand|Iron Hands, L50|100\/100\n|move|p1b: Superman|Fake Out||[still]\n|-hint|Fake Out only works on your first turn out.\n|-fail|p1b: Superman\n|move|p1a: Ole|Aqua Jet|p2b: Aqua Warrior\n|-resisted|p2b: Aqua Warrior\n|-damage|p2b: Aqua Warrior|90\/100\n|move|p2b: Aqua Warrior|Surging Strikes|p1b: Superman\n|-crit|p1b: Superman\n|-damage|p1b: Superman|88\/100\n|-crit|p1b: Superman\n|-damage|p1b: Superman|74\/100\n|-crit|p1b: Superman\n|-damage|p1b: Superman|61\/100\n|-hitcount|p1b: Superman|3\n|\n|upkeep\n|turn|3\n|inactive|Poke_Kekoa has 30 seconds left.\n|inactive|Poke_Kekoa has 20 seconds left.\n|inactive|Poke_Kekoa has 15 seconds left.\n|inactive|Poke_Kekoa has 10 seconds left.\n|inactive|Poke_Kekoa has 5 seconds left.\n|\n|t:|1700464367\n|move|p2b: Aqua Warrior|Detect|p2b: Aqua Warrior\n|-singleturn|p2b: Aqua Warrior|Protect\n|move|p1b: Superman|Fake Out||[still]\n|-hint|Fake Out only works on your first turn out.\n|-fail|p1b: Superman\n|move|p1a: Ole|Aqua Jet|p2a: Brawler Hand\n|-damage|p2a: Brawler Hand|86\/100\n|move|p2a: Brawler Hand|Wild Charge|p1a: Ole\n|-supereffective|p1a: Ole\n|-damage|p1a: Ole|8\/100\n|-damage|p2a: Brawler Hand|69\/100|[from] Recoil\n|\n|upkeep\n|turn|4\n|\n|t:|1700464385\n|move|p2b: Aqua Warrior|Surging Strikes|p1b: Superman\n|-crit|p1b: Superman\n|-damage|p1b: Superman|47\/100\n|-crit|p1b: Superman\n|-damage|p1b: Superman|34\/100\n|-crit|p1b: Superman\n|-damage|p1b: Superman|21\/100\n|-hitcount|p1b: Superman|3\n|move|p2a: Brawler Hand|Drain Punch|p1b: Superman\n|-crit|p1b: Superman\n|-damage|p1b: Superman|0 fnt\n|-heal|p2a: Brawler Hand|80\/100|[from] drain|[of] p1b: Superman\n|faint|p1b: Superman\n|-end|p1b: Superman|Quark Drive|[silent]\n|move|p1a: Ole|Tail Whip|p2b: Aqua Warrior|[spread] p2a,p2b\n|-unboost|p2a: Brawler Hand|def|1\n|-unboost|p2b: Aqua Warrior|def|1\n|\n|-sideend|p2: Osamabld|move: Tailwind\n|upkeep\n|\n|t:|1700464408\n|switch|p1b: Fengshui|Decidueye-Hisui, L50, F|100\/100\n|turn|5\n|\n|t:|1700464418\n|move|p2b: Aqua Warrior|Detect|p2b: Aqua Warrior\n|-singleturn|p2b: Aqua Warrior|Protect\n|move|p1a: Ole|High Horsepower|p2a: Brawler Hand\n|-supereffective|p2a: Brawler Hand\n|-damage|p2a: Brawler Hand|22\/100\n|move|p1b: Fengshui|Leaf Blade|p2b: Aqua Warrior\n|-activate|p2b: Aqua Warrior|move: Protect\n|move|p2a: Brawler Hand|Drain Punch|p1b: Fengshui\n|-damage|p1b: Fengshui|50\/100\n|-heal|p2a: Brawler Hand|43\/100|[from] drain|[of] p1b: Fengshui\n|\n|upkeep\n|turn|6\n|\n|t:|1700464434\n|switch|p2b: Wind Mage|Tornadus, L50, M|100\/100\n|move|p1a: Ole|High Horsepower|p2a: Brawler Hand\n|-supereffective|p2a: Brawler Hand\n|-damage|p2a: Brawler Hand|0 fnt\n|faint|p2a: Brawler Hand\n|-end|p2a: Brawler Hand|Quark Drive|[silent]\n|move|p1b: Fengshui|Leaf Blade|p2b: Wind Mage\n|-resisted|p2b: Wind Mage\n|-damage|p2b: Wind Mage|71\/100\n|\n|upkeep\n|\n|t:|1700464444\n|switch|p2a: Beauty Soserer|Flutter Mane, L50|100\/100\n|-enditem|p2a: Beauty Soserer|Booster Energy\n|-activate|p2a: Beauty Soserer|ability: Protosynthesis|[fromitem]\n|-start|p2a: Beauty Soserer|protosynthesisspa\n|turn|7\n|\n|t:|1700464457\n|-terastallize|p2a: Beauty Soserer|Fairy\n|-terastallize|p1a: Ole|Water\n|move|p1b: Fengshui|Protect|p1b: Fengshui\n|-singleturn|p1b: Fengshui|Protect\n|move|p2b: Wind Mage|Tailwind|p2b: Wind Mage\n|-sidestart|p2: Osamabld|move: Tailwind\n|move|p1a: Ole|Aqua Jet|p2a: Beauty Soserer\n|-damage|p2a: Beauty Soserer|42\/100\n|move|p2a: Beauty Soserer|Dazzling Gleam|p1a: Ole|[spread] p1a\n|-activate|p1b: Fengshui|move: Protect\n|-damage|p1a: Ole|0 fnt\n|faint|p1a: Ole\n|\n|upkeep\n|\n|t:|1700464470\n|switch|p1a: Squire|Gallade, L50, M|100\/100\n|turn|8\n|\n|t:|1700464477\n|move|p1a: Squire|Wide Guard|p1a: Squire\n|-singleturn|p1a: Squire|Wide Guard\n|move|p2a: Beauty Soserer|Dazzling Gleam|p1b: Fengshui|[spread] \n|-activate|p1a: Squire|move: Wide Guard\n|-activate|p1b: Fengshui|move: Wide Guard\n|move|p2b: Wind Mage|Bleakwind Storm|p1a: Squire|[spread] \n|-activate|p1a: Squire|move: Wide Guard\n|-activate|p1b: Fengshui|move: Wide Guard\n|move|p1b: Fengshui|Leaf Blade|p2a: Beauty Soserer\n|-damage|p2a: Beauty Soserer|0 fnt\n|faint|p2a: Beauty Soserer\n|-end|p2a: Beauty Soserer|Protosynthesis|[silent]\n|\n|upkeep\n|\n|t:|1700464491\n|switch|p2a: Aqua Warrior|Urshifu-Rapid-Strike, L50, M|90\/100\n|turn|9\n|inactive|Poke_Kekoa has 30 seconds left.\n|\n|t:|1700464523\n|move|p2a: Aqua Warrior|Detect|p2a: Aqua Warrior\n|-singleturn|p2a: Aqua Warrior|Protect\n|move|p1a: Squire|Wide Guard|p1a: Squire\n|-singleturn|p1a: Squire|Wide Guard\n|move|p2b: Wind Mage|Taunt|p1a: Squire\n|-start|p1a: Squire|move: Taunt\n|move|p1b: Fengshui|Leaf Blade|p2a: Aqua Warrior\n|-activate|p2a: Aqua Warrior|move: Protect\n|\n|upkeep\n|turn|10\n|\n|t:|1700464539\n|move|p2b: Wind Mage|Rain Dance|p2b: Wind Mage\n|-weather|RainDance\n|move|p2a: Aqua Warrior|Surging Strikes|p1a: Squire\n|-crit|p1a: Squire\n|-damage|p1a: Squire|63\/100\n|-crit|p1a: Squire\n|-damage|p1a: Squire|30\/100\n|-enditem|p1a: Squire|Sitrus Berry|[eat]\n|-heal|p1a: Squire|54\/100|[from] item: Sitrus Berry\n|-crit|p1a: Squire\n|-damage|p1a: Squire|16\/100\n|-hitcount|p1a: Squire|3\n|move|p1a: Squire|Night Slash|p2b: Wind Mage\n|-damage|p2b: Wind Mage|37\/100\n|move|p1b: Fengshui|Leaf Blade|p2a: Aqua Warrior\n|-supereffective|p2a: Aqua Warrior\n|-damage|p2a: Aqua Warrior|8\/100\n|\n|-weather|RainDance|[upkeep]\n|-sideend|p2: Osamabld|move: Tailwind\n|upkeep\n|turn|11\n|inactive|Poke_Kekoa has 30 seconds left.\n|inactive|Poke_Kekoa has 20 seconds left.\n|\n|t:|1700464574\n|move|p2a: Aqua Warrior|Aqua Jet|p1a: Squire\n|-damage|p1a: Squire|0 fnt\n|faint|p1a: Squire\n|move|p2b: Wind Mage|Bleakwind Storm|p1b: Fengshui\n|-supereffective|p1b: Fengshui\n|-damage|p1b: Fengshui|0 fnt\n|faint|p1b: Fengshui\n|\n|win|Osamabld\n|raw|Poke_Kekoa's rating: 1091 &rarr; <strong>1073<\/strong><br \/>(-18 for losing)\n|raw|Osamabld's rating: 1168 &rarr; <strong>1188<\/strong><br \/>(+20 for winning)\n|c|\u2606Poke_Kekoa|gg\n|l|\u2606Poke_Kekoa\n","uploadtime":1700464586,"views":18,"p1id":"pokekekoa","p2id":"osamabld","formatid":"gen9vgc2023regulatione","rating":1073,"private":0,"password":""}