{"id":"gen9vgc2023regulatione-1995641381","p1":"Elektrogod","p2":"Chien-Meow","format":"[Gen 9] VGC 2023 Regulation E","log":"|j|\u2606Elektrogod\n|j|\u2606Chien-Meow\n|n|\u2606Elektrogod|elektrogod\n|n|\u2606Chien-Meow|chienmeow\n|html|View the match progress at <a href=\"\/game-bestof3-gen9vgc2023regulatione-1995632778\">game-bestof3-gen9vgc2023regulatione-1995632778<\/a>\n|t:|1700590005\n|gametype|doubles\n|player|p1|Elektrogod|265|\n|player|p2|Chien-Meow|benga|\n|teamsize|p1|6\n|teamsize|p2|6\n|gen|9\n|tier|[Gen 9] VGC 2023 Regulation E\n|rule|Species Clause: Limit one of each Pok\u00e9mon\n|rule|Item Clause: Limit one of each item\n|clearpoke\n|poke|p1|Ninetales-Alola, L50, F|\n|poke|p1|Iron Bundle, L50|\n|poke|p1|Brute Bonnet, L50|\n|poke|p1|Iron Hands, L50|\n|poke|p1|Talonflame, L50, F|\n|poke|p1|Farigiraf, L50, F|\n|poke|p2|Dragapult, L50, F|\n|poke|p2|Meowscarada, L50, F|\n|poke|p2|Infernape, L50, F|\n|poke|p2|Clefable, L50, F|\n|poke|p2|Samurott-Hisui, L50, M|\n|poke|p2|Garganacl, L50, F|\n|teampreview|4\n|inactive|Battle timer is ON: inactive players will automatically lose when time's up. (requested by Elektrogod)\n|j| PlayingKlefki\n|c| PlayingKlefki|Gl hf again :)\n|c| PlayingKlefki|^^\n|inactive|Elektrogod has 60 seconds left.\n|j| Cpt. Niveau\n|\n|t:|1700590052\n|start\n|switch|p1a: Aschenpelz|Iron Hands, L50|100\/100\n|switch|p1b: Nezuko|Ninetales-Alola, L50, F, shiny|100\/100\n|switch|p2a: Chinesische Mauer|Garganacl, L50, F|100\/100\n|switch|p2b: Brandstifter|Infernape, L50, F|100\/100\n|-weather|Snow|[from] ability: Snow Warning|[of] p1b: Nezuko\n|turn|1\n|c|\u2606Chien-Meow|u2\n|j| Leon Karmae\n|\n|t:|1700590070\n|-terastallize|p2a: Chinesische Mauer|Poison\n|move|p2b: Brandstifter|Fake Out|p1a: Aschenpelz\n|-damage|p1a: Aschenpelz|93\/100\n|cant|p1a: Aschenpelz|flinch\n|move|p1b: Nezuko|Aurora Veil|p1b: Nezuko\n|-sidestart|p1: Elektrogod|move: Aurora Veil\n|move|p2a: Chinesische Mauer|Curse|p2a: Chinesische Mauer\n|-unboost|p2a: Chinesische Mauer|spe|1\n|-boost|p2a: Chinesische Mauer|atk|1\n|-boost|p2a: Chinesische Mauer|def|1\n|\n|-weather|Snow|[upkeep]\n|-heal|p1a: Aschenpelz|98\/100|[from] item: Leftovers\n|-status|p2a: Chinesische Mauer|brn|[from] item: Flame Orb\n|upkeep\n|turn|2\n|inactive|Elektrogod has 30 seconds left.\n|inactive|Chien-Meow has 30 seconds left.\n|inactive|Elektrogod has 20 seconds left.\n|\n|t:|1700590108\n|-terastallize|p1b: Nezuko|Fairy\n|move|p1b: Nezuko|Dazzling Gleam|p2b: Brandstifter|[spread] p2a,p2b\n|-resisted|p2a: Chinesische Mauer\n|-crit|p2b: Brandstifter\n|-damage|p2a: Chinesische Mauer|88\/100 brn\n|-damage|p2b: Brandstifter|55\/100\n|-damage|p1b: Nezuko|91\/100|[from] item: Life Orb\n|move|p2b: Brandstifter|Flare Blitz|p1b: Nezuko\n|-damage|p1b: Nezuko|47\/100\n|-damage|p2b: Brandstifter|43\/100|[from] Recoil\n|move|p1a: Aschenpelz|Swords Dance|p1a: Aschenpelz\n|-boost|p1a: Aschenpelz|atk|2\n|move|p2a: Chinesische Mauer|Curse|p2a: Chinesische Mauer\n|-unboost|p2a: Chinesische Mauer|spe|1\n|-boost|p2a: Chinesische Mauer|atk|1\n|-boost|p2a: Chinesische Mauer|def|1\n|\n|-weather|Snow|[upkeep]\n|-heal|p1a: Aschenpelz|100\/100|[from] item: Leftovers\n|-damage|p2a: Chinesische Mauer|82\/100 brn|[from] brn\n|upkeep\n|turn|3\n|c| PlayingKlefki|Ich guck nur zu Leo xDD wollte sein ^^\n|\n|t:|1700590133\n|move|p1b: Nezuko|Protect|p1b: Nezuko\n|-singleturn|p1b: Nezuko|Protect\n|move|p2b: Brandstifter|Flare Blitz|p1b: Nezuko\n|-activate|p1b: Nezuko|move: Protect\n|move|p1a: Aschenpelz|Drain Punch|p2b: Brandstifter\n|-damage|p2b: Brandstifter|0 fnt\n|faint|p2b: Brandstifter\n|move|p2a: Chinesische Mauer|Facade|p1a: Aschenpelz\n|-damage|p1a: Aschenpelz|70\/100\n|\n|-weather|Snow|[upkeep]\n|-heal|p1a: Aschenpelz|76\/100|[from] item: Leftovers\n|-damage|p2a: Chinesische Mauer|76\/100 brn|[from] brn\n|upkeep\n|inactive|Chien-Meow has 30 seconds left.\n|\n|t:|1700590163\n|switch|p2b: Kitkatze|Meowscarada, L50, F|100\/100\n|turn|4\n|\n|t:|1700590173\n|move|p2b: Kitkatze|Flower Trick|p1a: Aschenpelz\n|-start|p2b: Kitkatze|typechange|Grass|[from] ability: Protean\n|-crit|p1a: Aschenpelz\n|-damage|p1a: Aschenpelz|39\/100\n|move|p1b: Nezuko|Dazzling Gleam|p2a: Chinesische Mauer|[spread] p2a,p2b\n|-resisted|p2a: Chinesische Mauer\n|-damage|p2a: Chinesische Mauer|65\/100 brn\n|-damage|p2b: Kitkatze|44\/100\n|-damage|p1b: Nezuko|37\/100|[from] item: Life Orb\n|move|p1a: Aschenpelz|Drain Punch|p2a: Chinesische Mauer\n|-resisted|p2a: Chinesische Mauer\n|-damage|p2a: Chinesische Mauer|50\/100 brn\n|-heal|p1a: Aschenpelz|45\/100|[from] drain|[of] p2a: Chinesische Mauer\n|move|p2a: Chinesische Mauer|Facade|p1a: Aschenpelz\n|-damage|p1a: Aschenpelz|13\/100\n|\n|-weather|Snow|[upkeep]\n|-heal|p1a: Aschenpelz|19\/100|[from] item: Leftovers\n|-damage|p2a: Chinesische Mauer|45\/100 brn|[from] brn\n|upkeep\n|turn|5\n|inactive|Chien-Meow has 30 seconds left.\n|inactive|Elektrogod has 30 seconds left.\n|\n|t:|1700590211\n|move|p2b: Kitkatze|Flower Trick|p1b: Nezuko\n|-crit|p1b: Nezuko\n|-damage|p1b: Nezuko|0 fnt\n|faint|p1b: Nezuko\n|move|p1a: Aschenpelz|Drain Punch|p2b: Kitkatze\n|-damage|p2b: Kitkatze|0 fnt\n|-heal|p1a: Aschenpelz|34\/100|[from] drain|[of] p2b: Kitkatze\n|faint|p2b: Kitkatze\n|move|p2a: Chinesische Mauer|Recover|p2a: Chinesische Mauer\n|-heal|p2a: Chinesische Mauer|95\/100 brn\n|\n|-weather|none\n|-heal|p1a: Aschenpelz|40\/100|[from] item: Leftovers\n|-damage|p2a: Chinesische Mauer|89\/100 brn|[from] brn\n|-sideend|p1: Elektrogod|move: Aurora Veil\n|upkeep\n|inactive|Elektrogod has 30 seconds left.\n|\n|t:|1700590239\n|switch|p2b: W\u00fcrgdieg\u00fcrk|Dragapult, L50, F|100\/100\n|switch|p1b: Ayaka Kamisato|Iron Bundle, L50|100\/100\n|-enditem|p1b: Ayaka Kamisato|Booster Energy\n|-activate|p1b: Ayaka Kamisato|ability: Quark Drive|[fromitem]\n|-start|p1b: Ayaka Kamisato|quarkdrivespe\n|turn|6\n|inactive|Elektrogod has 30 seconds left.\n|inactive|Chien-Meow has 30 seconds left.\n|\n|t:|1700590265\n|move|p1b: Ayaka Kamisato|Protect|p1b: Ayaka Kamisato\n|-singleturn|p1b: Ayaka Kamisato|Protect\n|move|p2b: W\u00fcrgdieg\u00fcrk|Protect|p2b: W\u00fcrgdieg\u00fcrk\n|-singleturn|p2b: W\u00fcrgdieg\u00fcrk|Protect\n|move|p1a: Aschenpelz|Drain Punch|p2a: Chinesische Mauer\n|-resisted|p2a: Chinesische Mauer\n|-damage|p2a: Chinesische Mauer|73\/100 brn\n|-heal|p1a: Aschenpelz|47\/100|[from] drain|[of] p2a: Chinesische Mauer\n|move|p2a: Chinesische Mauer|Salt Cure|p1b: Ayaka Kamisato\n|-activate|p1b: Ayaka Kamisato|move: Protect\n|\n|-heal|p1a: Aschenpelz|52\/100|[from] item: Leftovers\n|-damage|p2a: Chinesische Mauer|67\/100 brn|[from] brn\n|upkeep\n|turn|7\n|c| Leon Karmae|Salzhuan regelt alles \ud83d\ude02\n|inactive|Chien-Meow has 30 seconds left.\n|\n|t:|1700590292\n|move|p1b: Ayaka Kamisato|Encore|p2b: W\u00fcrgdieg\u00fcrk\n|-start|p2b: W\u00fcrgdieg\u00fcrk|Encore\n|move|p2b: W\u00fcrgdieg\u00fcrk|Protect||[still]\n|-fail|p2b: W\u00fcrgdieg\u00fcrk\n|move|p1a: Aschenpelz|Drain Punch|p2a: Chinesische Mauer\n|-resisted|p2a: Chinesische Mauer\n|-damage|p2a: Chinesische Mauer|53\/100 brn\n|-heal|p1a: Aschenpelz|59\/100|[from] drain|[of] p2a: Chinesische Mauer\n|move|p2a: Chinesische Mauer|Salt Cure|p1b: Ayaka Kamisato\n|-supereffective|p1b: Ayaka Kamisato\n|-damage|p1b: Ayaka Kamisato|74\/100\n|-start|p1b: Ayaka Kamisato|Salt Cure\n|\n|-heal|p1a: Aschenpelz|65\/100|[from] item: Leftovers\n|-damage|p2a: Chinesische Mauer|47\/100 brn|[from] brn\n|-damage|p1b: Ayaka Kamisato|49\/100|[from] Salt Cure\n|upkeep\n|turn|8\n|\n|t:|1700590313\n|move|p2b: W\u00fcrgdieg\u00fcrk|Protect|p2b: W\u00fcrgdieg\u00fcrk\n|-singleturn|p2b: W\u00fcrgdieg\u00fcrk|Protect\n|move|p1b: Ayaka Kamisato|Freeze-Dry|p2a: Chinesische Mauer\n|-damage|p2a: Chinesische Mauer|24\/100 brn\n|move|p1a: Aschenpelz|Wild Charge|p2a: Chinesische Mauer\n|-damage|p2a: Chinesische Mauer|0 fnt\n|faint|p2a: Chinesische Mauer\n|-damage|p1a: Aschenpelz|59\/100|[from] Recoil\n|\n|-heal|p1a: Aschenpelz|65\/100|[from] item: Leftovers\n|-damage|p1b: Ayaka Kamisato|24\/100|[from] Salt Cure\n|upkeep\n|turn|9\n|\n|t:|1700590333\n|move|p2b: W\u00fcrgdieg\u00fcrk|Protect||[still]\n|-fail|p2b: W\u00fcrgdieg\u00fcrk\n|move|p1b: Ayaka Kamisato|Freeze-Dry|p2b: W\u00fcrgdieg\u00fcrk\n|-supereffective|p2b: W\u00fcrgdieg\u00fcrk\n|-damage|p2b: W\u00fcrgdieg\u00fcrk|0 fnt\n|faint|p2b: W\u00fcrgdieg\u00fcrk\n|\n|win|Elektrogod\n|c|\u2606Elektrogod|ggs#\n|c|\u2606Chien-Meow|ggs\n|l| Cpt. Niveau\n|c| PlayingKlefki|Also Leo xD das salzhuan set aber ne 10\/10\n|c|\u2606Chien-Meow|Nacl hat sein bestes gegeben. Hat mehr gemacht als ich dachte\n|c| PlayingKlefki|Sag ich wie es idc\n|c| PlayingKlefki|*is\n|c|\u2606Elektrogod|H\u00e4tte nicht gedacht das du den Salzhuan mitbringst xD\n|c|\u2606Chien-Meow|Ich fand den witzig\n|c| PlayingKlefki|Und dann auch nur Curse Facade\n|c|\u2606Chien-Meow|vorallem mit Flame Orb Curse Facade\n|c| PlayingKlefki|Ultra witzig xD\n|c| PlayingKlefki|Macher Set\n|c|\u2606Chien-Meow|Danke Chef\n|c| PlayingKlefki|\ud83e\udee1\n|l| PlayingKlefki\n|l| Leon Karmae\n","uploadtime":1700590982,"views":2,"p1id":"elektrogod","p2id":"chienmeow","formatid":"gen9vgc2023regulatione","rating":0,"private":0,"password":""}