{"id":"gen9vgc2023regulatione-1989770448","p1":"kricketot marx","p2":"SERENA2024","format":"[Gen 9] VGC 2023 Regulation E","log":"|j|\u2606kricketot marx\n|j|\u2606SERENA2024\n|t:|1699894274\n|gametype|doubles\n|player|p1|kricketot marx|lyra-masters2|1386\n|player|p2|SERENA2024|169|1487\n|teamsize|p1|6\n|teamsize|p2|6\n|gen|9\n|tier|[Gen 9] VGC 2023 Regulation E\n|rated|\n|rule|Species Clause: Limit one of each Pok\u00e9mon\n|rule|Item Clause: Limit one of each item\n|clearpoke\n|poke|p1|Chien-Pao, L50|\n|poke|p1|Dragonite, L50, M|\n|poke|p1|Rillaboom, L50, M|\n|poke|p1|Heatran, L50, M|\n|poke|p1|Urshifu-*, L50, M|\n|poke|p1|Farigiraf, L50, F|\n|poke|p2|Ogerpon-Hearthflame, L50, F|\n|poke|p2|Indeedee-F, L50, F|\n|poke|p2|Armarouge, L50, M|\n|poke|p2|Flutter Mane, L50|\n|poke|p2|Torkoal, L50, M|\n|poke|p2|Ursaluna, L50, M|\n|teampreview|4\nkricketot marx has agreed to open team sheets.\n|inactive|Battle timer is ON: inactive players will automatically lose when time's up. (requested by kricketot marx)\n|\n|t:|1699894307\n|start\n|switch|p1a: Chien-Pao|Chien-Pao, L50|100\/100\n|switch|p1b: Dragonite|Dragonite, L50, M|100\/100\n|switch|p2a: Indeedee|Indeedee-F, L50, F|100\/100\n|switch|p2b: Flutter Mane|Flutter Mane, L50|100\/100\n|-ability|p1a: Chien-Pao|Sword of Ruin\n|-fieldstart|move: Psychic Terrain|[from] ability: Psychic Surge|[of] p2a: Indeedee\n|turn|1\n|\n|t:|1699894324\n|switch|p1b: Heatran|Heatran, L50, M|100\/100\n|move|p1a: Chien-Pao|Icicle Crash|p2b: Flutter Mane|[miss]\n|-miss|p1a: Chien-Pao|p2b: Flutter Mane\n|move|p2b: Flutter Mane|Dazzling Gleam|p1a: Chien-Pao|[spread] p1a,p1b\n|-supereffective|p1a: Chien-Pao\n|-resisted|p1b: Heatran\n|-enditem|p1a: Chien-Pao|Focus Sash\n|-damage|p1a: Chien-Pao|1\/100\n|-damage|p1b: Heatran|96\/100\n|move|p2a: Indeedee|Trick Room|p2a: Indeedee\n|-fieldstart|move: Trick Room|[of] p2a: Indeedee\n|\n|upkeep\n|turn|2\n|inactive|SERENA2024 has 30 seconds left.\n|\n|t:|1699894349\n|move|p1a: Chien-Pao|Protect|p1a: Chien-Pao\n|-singleturn|p1a: Chien-Pao|Protect\n|move|p2a: Indeedee|Follow Me|p2a: Indeedee\n|-singleturn|p2a: Indeedee|move: Follow Me\n|move|p1b: Heatran|Earth Power|p2a: Indeedee\n|-damage|p2a: Indeedee|71\/100\n|move|p2b: Flutter Mane|Dazzling Gleam|p1a: Chien-Pao|[spread] p1b\n|-activate|p1a: Chien-Pao|move: Protect\n|-resisted|p1b: Heatran\n|-crit|p1b: Heatran\n|-damage|p1b: Heatran|89\/100\n|\n|upkeep\n|turn|3\n|inactive|kricketot marx has 30 seconds left.\n|\n|t:|1699894374\n|-end|p2b: Flutter Mane|Protosynthesis|[silent]\n|switch|p2b: Torkoal|Torkoal, L50, M|100\/100\n|-weather|SunnyDay|[from] ability: Drought|[of] p2b: Torkoal\n|move|p2a: Indeedee|Follow Me|p2a: Indeedee\n|-singleturn|p2a: Indeedee|move: Follow Me\n|move|p1b: Heatran|Earth Power|p2a: Indeedee\n|-damage|p2a: Indeedee|38\/100\n|move|p1a: Chien-Pao|Icicle Crash|p2a: Indeedee\n|-damage|p2a: Indeedee|0 fnt\n|faint|p2a: Indeedee\n|\n|-weather|SunnyDay|[upkeep]\n|upkeep\n|\n|t:|1699894388\n|switch|p2a: Armarouge|Armarouge, L50, M|100\/100\n|turn|4\n|inactive|kricketot marx has 30 seconds left.\n|inactive|kricketot marx has 20 seconds left.\n|inactive|kricketot marx has 15 seconds left.\n|inactive|kricketot marx has 10 seconds left.\n|\n|t:|1699894436\n|switch|p1b: Rillaboom|Rillaboom, L50, M|100\/100\n|-fieldstart|move: Grassy Terrain|[from] ability: Grassy Surge|[of] p1b: Rillaboom\n|move|p1a: Chien-Pao|Sucker Punch|p2a: Armarouge\n|-supereffective|p2a: Armarouge\n|-damage|p2a: Armarouge|12\/100\n|move|p2b: Torkoal|Earth Power|p1b: Rillaboom\n|-resisted|p1b: Rillaboom\n|-damage|p1b: Rillaboom|87\/100\n|move|p2a: Armarouge|Heat Wave|p1a: Chien-Pao|[spread] p1b\n|-miss|p2a: Armarouge|p1a: Chien-Pao\n|-supereffective|p1b: Rillaboom\n|-damage|p1b: Rillaboom|0 fnt\n|faint|p1b: Rillaboom\n|\n|-weather|SunnyDay|[upkeep]\n|-heal|p2a: Armarouge|18\/100|[from] Grassy Terrain\n|-heal|p1a: Chien-Pao|7\/100|[from] Grassy Terrain\n|upkeep\n|\n|t:|1699894451\n|switch|p1b: Dragonite|Dragonite, L50, M|100\/100\n|turn|5\n|\n|t:|1699894473\n|switch|p2a: Flutter Mane|Flutter Mane, L50|100\/100\n|-activate|p2a: Flutter Mane|ability: Protosynthesis\n|-start|p2a: Flutter Mane|protosynthesisspa\n|move|p1a: Chien-Pao|Sucker Punch||[still]\n|-fail|p1a: Chien-Pao\n|move|p2b: Torkoal|Flamethrower|p1a: Chien-Pao\n|-supereffective|p1a: Chien-Pao\n|-damage|p1a: Chien-Pao|0 fnt\n|faint|p1a: Chien-Pao\n|move|p1b: Dragonite|Stomping Tantrum|p2b: Torkoal\n|-supereffective|p2b: Torkoal\n|-damage|p2b: Torkoal|30\/100\n|\n|-weather|SunnyDay|[upkeep]\n|-heal|p2b: Torkoal|37\/100|[from] Grassy Terrain\n|-fieldend|move: Trick Room\n|upkeep\n|\n|t:|1699894482\n|switch|p1a: Heatran|Heatran, L50, M|89\/100\n|turn|6\n|\n|t:|1699894506\n|switch|p2b: Armarouge|Armarouge, L50, M|18\/100\n|-terastallize|p1b: Dragonite|Normal\n|move|p2a: Flutter Mane|Dazzling Gleam|p1a: Heatran|[spread] p1a,p1b\n|-resisted|p1a: Heatran\n|-damage|p1a: Heatran|82\/100\n|-damage|p1b: Dragonite|59\/100\n|move|p1b: Dragonite|Stomping Tantrum|p2a: Flutter Mane\n|-damage|p2a: Flutter Mane|5\/100\n|move|p1a: Heatran|Earth Power|p2b: Armarouge\n|-supereffective|p2b: Armarouge\n|-damage|p2b: Armarouge|0 fnt\n|faint|p2b: Armarouge\n|\n|-weather|SunnyDay|[upkeep]\n|-heal|p2a: Flutter Mane|11\/100|[from] Grassy Terrain\n|-heal|p1b: Dragonite|65\/100|[from] Grassy Terrain\n|-heal|p1a: Heatran|89\/100|[from] Grassy Terrain\n|upkeep\n|-message|SERENA2024 forfeited.\n|\n|win|kricketot marx\n|raw|kricketot marx's rating: 1386 &rarr; <strong>1412<\/strong><br \/>(+26 for winning)\n|raw|SERENA2024's rating: 1487 &rarr; <strong>1461<\/strong><br \/>(-26 for losing)\n|l|\u2606SERENA2024\n","uploadtime":1699894520,"views":8,"p1id":"kricketotmarx","p2id":"serena2024","formatid":"gen9vgc2023regulatione","rating":1412,"private":0,"password":""}