{"id":"gen9vgc2023regulatione-1992294674","p1":"kbzn_","p2":"Fullmetal2517","format":"[Gen 9] VGC 2023 Regulation E","log":"|j|\u2606kbzn_\n|j|\u2606Fullmetal2517\n|t:|1700171827\n|gametype|doubles\n|player|p1|kbzn_|infielder|1280\n|player|p2|Fullmetal2517|265|1304\n|teamsize|p1|6\n|teamsize|p2|6\n|gen|9\n|tier|[Gen 9] VGC 2023 Regulation E\n|rated|\n|rule|Species Clause: Limit one of each Pok\u00e9mon\n|rule|Item Clause: Limit one of each item\n|clearpoke\n|poke|p1|Iron Bundle, L50|\n|poke|p1|Arcanine-Hisui, L50, M|\n|poke|p1|Kingambit, L50, F|\n|poke|p1|Gholdengo, L50|\n|poke|p1|Iron Hands, L50|\n|poke|p1|Ogerpon-Wellspring, L50, F|\n|poke|p2|Regieleki, L50|\n|poke|p2|Regidrago, L50|\n|poke|p2|Rillaboom, L50, F|\n|poke|p2|Arcanine-Hisui, L50, F|\n|poke|p2|Kingambit, L50, M|\n|poke|p2|Farigiraf, L50, F|\n|teampreview|4\n|inactive|Battle timer is ON: inactive players will automatically lose when time's up. (requested by kbzn_)\n|inactive|kbzn_ has 60 seconds left.\n|inactive|Fullmetal2517 has 60 seconds left.\n|inactive|kbzn_ has 30 seconds left.\n|\n|t:|1700171892\n|start\n|switch|p1a: Arcanine|Arcanine-Hisui, L50, M|100\/100\n|switch|p1b: Kingambit|Kingambit, L50, F, shiny|100\/100\n|switch|p2a: Regieleki|Regieleki, L50|100\/100\n|switch|p2b: Rillaboom|Rillaboom, L50, F|100\/100\n|-fieldstart|move: Grassy Terrain|[from] ability: Grassy Surge|[of] p2b: Rillaboom\n|-ability|p1a: Arcanine|Intimidate|boost\n|-unboost|p2a: Regieleki|atk|1\n|-unboost|p2b: Rillaboom|atk|1\n|turn|1\n|inactive|Fullmetal2517 has 30 seconds left.\n|\n|t:|1700171921\n|-terastallize|p1b: Kingambit|Fire\n|move|p2b: Rillaboom|Fake Out|p1a: Arcanine\n|-resisted|p1a: Arcanine\n|-damage|p1a: Arcanine|96\/100\n|move|p2a: Regieleki|Volt Switch|p1b: Kingambit\n|-damage|p1b: Kingambit|55\/100\n|\n|t:|1700171928\n|switch|p2a: Kingambit|Kingambit, L50, M|100\/100|[from] Volt Switch\n|cant|p1a: Arcanine|flinch\n|move|p1b: Kingambit|Swords Dance|p1b: Kingambit\n|-boost|p1b: Kingambit|atk|2\n|\n|-heal|p1a: Arcanine|100\/100|[from] Grassy Terrain\n|-heal|p1b: Kingambit|61\/100|[from] Grassy Terrain\n|upkeep\n|turn|2\n|\n|t:|1700171947\n|move|p1b: Kingambit|Protect|p1b: Kingambit\n|-singleturn|p1b: Kingambit|Protect\n|move|p2a: Kingambit|Protect|p2a: Kingambit\n|-singleturn|p2a: Kingambit|Protect\n|move|p2b: Rillaboom|High Horsepower|p1a: Arcanine\n|-supereffective|p1a: Arcanine\n|-damage|p1a: Arcanine|18\/100\n|-enditem|p1a: Arcanine|Aguav Berry|[eat]\n|-heal|p1a: Arcanine|52\/100|[from] item: Aguav Berry\n|move|p1a: Arcanine|Flare Blitz|p2a: Kingambit\n|-activate|p2a: Kingambit|move: Protect\n|\n|-heal|p1a: Arcanine|58\/100|[from] Grassy Terrain\n|-heal|p1b: Kingambit|67\/100|[from] Grassy Terrain\n|upkeep\n|turn|3\n|inactive|kbzn_ has 30 seconds left.\n|\n|t:|1700171974\n|-terastallize|p2a: Kingambit|Dark\n|move|p1a: Arcanine|Protect|p1a: Arcanine\n|-singleturn|p1a: Arcanine|Protect\n|move|p2a: Kingambit|Sucker Punch|p1b: Kingambit\n|-damage|p1b: Kingambit|17\/100\n|move|p2b: Rillaboom|High Horsepower|p1a: Arcanine\n|-activate|p1a: Arcanine|move: Protect\n|move|p1b: Kingambit|Kowtow Cleave|p2b: Rillaboom\n|-damage|p2b: Rillaboom|0 fnt\n|faint|p2b: Rillaboom\n|\n|-heal|p1a: Arcanine|64\/100|[from] Grassy Terrain\n|-heal|p1b: Kingambit|23\/100|[from] Grassy Terrain\n|upkeep\n|\n|t:|1700171990\n|switch|p2b: Regieleki|Regieleki, L50|100\/100\n|turn|4\n|\n|t:|1700172002\n|move|p1b: Kingambit|Protect|p1b: Kingambit\n|-singleturn|p1b: Kingambit|Protect\n|move|p1a: Arcanine|Extreme Speed|p2b: Regieleki\n|-damage|p2b: Regieleki|62\/100\n|move|p2a: Kingambit|Sucker Punch||[still]\n|-fail|p2a: Kingambit\n|move|p2b: Regieleki|Volt Switch|p1a: Arcanine\n|-damage|p1a: Arcanine|20\/100\n|\n|t:|1700172012\n|switch|p2b: Arcanine|Arcanine-Hisui, L50, F|100\/100|[from] Volt Switch\n|-ability|p2b: Arcanine|Intimidate|boost\n|-unboost|p1a: Arcanine|atk|1\n|-unboost|p1b: Kingambit|atk|1\n|-ability|p1b: Kingambit|Defiant|boost\n|-boost|p1b: Kingambit|atk|2\n|\n|-heal|p1a: Arcanine|26\/100|[from] Grassy Terrain\n|-heal|p1b: Kingambit|29\/100|[from] Grassy Terrain\n|upkeep\n|turn|5\n|\n|t:|1700172032\n|switch|p1a: Iron Hands|Iron Hands, L50|100\/100\n|move|p1b: Kingambit|Sucker Punch|p2b: Arcanine\n|-damage|p2b: Arcanine|0 fnt\n|faint|p2b: Arcanine\n|move|p2a: Kingambit|Sucker Punch||[still]\n|-fail|p2a: Kingambit\n|\n|-heal|p1b: Kingambit|35\/100|[from] Grassy Terrain\n|-fieldend|move: Grassy Terrain\n|upkeep\n|\n|t:|1700172041\n|switch|p2b: Regieleki|Regieleki, L50|62\/100\n|turn|6\n|-message|Fullmetal2517 forfeited.\n|\n|win|kbzn_\n|raw|kbzn_'s rating: 1280 &rarr; <strong>1307<\/strong><br \/>(+27 for winning)\n|raw|Fullmetal2517's rating: 1304 &rarr; <strong>1283<\/strong><br \/>(-21 for losing)\n|l|\u2606Fullmetal2517\n","uploadtime":1700172071,"views":17,"p1id":"kbzn","p2id":"fullmetal2517","formatid":"gen9vgc2023regulatione","rating":1283,"private":0,"password":""}