{"id":"gen9vgc2023regulatione-1988852326","p1":"Liero013","p2":"SubatomicBunnyz","format":"[Gen 9] VGC 2023 Regulation E","log":"|j|\u2606Liero013\n|j|\u2606SubatomicBunnyz\n|t:|1699773998\n|gametype|doubles\n|player|p1|Liero013|1|1106\n|player|p2|SubatomicBunnyz|266|1043\n|teamsize|p1|6\n|teamsize|p2|6\n|gen|9\n|tier|[Gen 9] VGC 2023 Regulation E\n|rated|\n|rule|Species Clause: Limit one of each Pok\u00e9mon\n|rule|Item Clause: Limit one of each item\n|clearpoke\n|poke|p1|Amoonguss, L50, M|\n|poke|p1|Arcanine-Hisui, L50, M|\n|poke|p1|Empoleon, L50, M|\n|poke|p1|Pelipper, L50, M|\n|poke|p1|Flutter Mane, L50|\n|poke|p1|Dragonite, L50, M|\n|poke|p2|Maushold, L50|\n|poke|p2|Dunsparce, L50, F|\n|poke|p2|Regidrago, L50|\n|poke|p2|Flutter Mane, L50|\n|poke|p2|Sylveon, L50, M|\n|poke|p2|Cresselia, L50, F|\n|teampreview|4\n|\n|t:|1699774013\n|start\n|switch|p1a: Empoleon|Empoleon, L50, M|100\/100\n|switch|p1b: Pelipper|Pelipper, L50, M|100\/100\n|switch|p2a: Maushold|Maushold, L50|100\/100\n|switch|p2b: Dunsparce|Dunsparce, L50, F|100\/100\n|-weather|RainDance|[from] ability: Drizzle|[of] p1b: Pelipper\n|turn|1\n|\n|t:|1699774039\n|-terastallize|p1a: Empoleon|Water\n|move|p1a: Empoleon|Hydro Pump|p2b: Dunsparce\n|-damage|p2b: Dunsparce|46\/100\n|move|p2a: Maushold|Beat Up|p2b: Dunsparce\n|-damage|p2b: Dunsparce|45\/100\n|-ability|p2b: Dunsparce|Rattled|boost\n|-boost|p2b: Dunsparce|spe|1\n|-damage|p2b: Dunsparce|44\/100\n|-ability|p2b: Dunsparce|Rattled|boost\n|-boost|p2b: Dunsparce|spe|1\n|-damage|p2b: Dunsparce|43\/100\n|-ability|p2b: Dunsparce|Rattled|boost\n|-boost|p2b: Dunsparce|spe|1\n|-crit|p2b: Dunsparce\n|-damage|p2b: Dunsparce|40\/100\n|-ability|p2b: Dunsparce|Rattled|boost\n|-boost|p2b: Dunsparce|spe|1\n|-hitcount|p2b: Dunsparce|4\n|move|p2b: Dunsparce|Calm Mind|p2b: Dunsparce\n|-boost|p2b: Dunsparce|spa|1\n|-boost|p2b: Dunsparce|spd|1\n|move|p1b: Pelipper|Hurricane|p2b: Dunsparce\n|-damage|p2b: Dunsparce|28\/100\n|\n|-weather|RainDance|[upkeep]\n|upkeep\n|turn|2\n|\n|t:|1699774065\n|move|p1b: Pelipper|Protect|p1b: Pelipper\n|-singleturn|p1b: Pelipper|Protect\n|move|p2a: Maushold|Follow Me|p2a: Maushold\n|-singleturn|p2a: Maushold|move: Follow Me\n|move|p2b: Dunsparce|Roost|p2b: Dunsparce\n|-heal|p2b: Dunsparce|78\/100\n|-singleturn|p2b: Dunsparce|move: Roost\n|move|p1a: Empoleon|Hydro Pump|p2a: Maushold\n|-damage|p2a: Maushold|0 fnt\n|faint|p2a: Maushold\n|\n|-weather|RainDance|[upkeep]\n|upkeep\n|\n|t:|1699774076\n|switch|p2a: Cresselia|Cresselia, L50, F|100\/100\n|turn|3\n|\n|t:|1699774097\n|switch|p1a: Flutter Mane|Flutter Mane, L50|100\/100\n|move|p2b: Dunsparce|Calm Mind|p2b: Dunsparce\n|-boost|p2b: Dunsparce|spa|1\n|-boost|p2b: Dunsparce|spd|1\n|move|p2a: Cresselia|Lunar Blessing|p2a: Cresselia|[spread] p2a,p2b\n|-heal|p2b: Dunsparce|100\/100\n|move|p1b: Pelipper|Knock Off|p2b: Dunsparce\n|-damage|p2b: Dunsparce|90\/100\n|-ability|p2b: Dunsparce|Rattled|boost\n|-boost|p2b: Dunsparce|spe|1\n|-enditem|p2b: Dunsparce|Eviolite|[from] move: Knock Off|[of] p1b: Pelipper\n|\n|-weather|RainDance|[upkeep]\n|upkeep\n|turn|4\n|\n|t:|1699774120\n|move|p2b: Dunsparce|Calm Mind|p2b: Dunsparce\n|-boost|p2b: Dunsparce|spa|1\n|-boost|p2b: Dunsparce|spd|1\n|move|p1a: Flutter Mane|Psyshock|p2b: Dunsparce\n|-damage|p2b: Dunsparce|49\/100\n|-damage|p1a: Flutter Mane|90\/100|[from] item: Life Orb\n|move|p2a: Cresselia|Lunar Blessing|p2a: Cresselia|[spread] p2a,p2b\n|-heal|p2b: Dunsparce|74\/100\n|move|p1b: Pelipper|Knock Off|p2a: Cresselia\n|-supereffective|p2a: Cresselia\n|-damage|p2a: Cresselia|84\/100\n|-enditem|p2a: Cresselia|Safety Goggles|[from] move: Knock Off|[of] p1b: Pelipper\n|\n|-weather|RainDance|[upkeep]\n|upkeep\n|turn|5\n|\n|t:|1699774138\n|move|p2a: Cresselia|Helping Hand|p2b: Dunsparce\n|-singleturn|p2b: Dunsparce|Helping Hand|[of] p2a: Cresselia\n|move|p2b: Dunsparce|Stored Power|p1a: Flutter Mane\n|-damage|p1a: Flutter Mane|0 fnt\n|faint|p1a: Flutter Mane\n|-end|p1a: Flutter Mane|Protosynthesis|[silent]\n|move|p1b: Pelipper|Hurricane|p2a: Cresselia\n|-damage|p2a: Cresselia|63\/100\n|-start|p2a: Cresselia|confusion\n|\n|-weather|none\n|upkeep\n|\n|t:|1699774150\n|switch|p1a: Amoonguss|Amoonguss, L50, M|100\/100\n|turn|6\n|\n|t:|1699774173\n|move|p2b: Dunsparce|Stored Power|p1b: Pelipper\n|-damage|p1b: Pelipper|0 fnt\n|faint|p1b: Pelipper\n|-activate|p2a: Cresselia|confusion\n|-damage|p2a: Cresselia|59\/100|[from] confusion\n|move|p1a: Amoonguss|Clear Smog|p2b: Dunsparce\n|-damage|p2b: Dunsparce|66\/100\n|-clearboost|p2b: Dunsparce\n|\n|upkeep\n|\n|t:|1699774182\n|switch|p1b: Empoleon|Empoleon, L50, M, tera:Water|100\/100\n|turn|7\n|\n|t:|1699774203\n|move|p1b: Empoleon|Hydro Pump|p2b: Dunsparce\n|-damage|p2b: Dunsparce|0 fnt\n|faint|p2b: Dunsparce\n|-activate|p2a: Cresselia|confusion\n|move|p2a: Cresselia|Lunar Blessing|p2a: Cresselia\n|-heal|p2a: Cresselia|84\/100\n|move|p1a: Amoonguss|Spore|p2a: Cresselia\n|-status|p2a: Cresselia|slp|[from] move: Spore\n|\n|upkeep\n|\n|t:|1699774212\n|switch|p2b: Sylveon|Sylveon, L50, M|100\/100\n|turn|8\n|\n|t:|1699774239\n|-terastallize|p2b: Sylveon|Fire\n|cant|p2a: Cresselia|slp\n|move|p1b: Empoleon|Hydro Pump|p2b: Sylveon\n|-supereffective|p2b: Sylveon\n|-damage|p2b: Sylveon|5\/100\n|move|p2b: Sylveon|Tera Blast|p1a: Amoonguss|[anim] Tera Blast Fire\n|-supereffective|p1a: Amoonguss\n|-damage|p1a: Amoonguss|40\/100\n|move|p1a: Amoonguss|Sludge Bomb|p2b: Sylveon\n|-damage|p2b: Sylveon|0 fnt\n|faint|p2b: Sylveon\n|\n|-heal|p1a: Amoonguss|46\/100|[from] item: Black Sludge\n|upkeep\n|turn|9\n|-message|SubatomicBunnyz forfeited.\n|\n|win|Liero013\n|raw|Liero013's rating: 1106 &rarr; <strong>1127<\/strong><br \/>(+21 for winning)\n|raw|SubatomicBunnyz's rating: 1043 &rarr; <strong>1030<\/strong><br \/>(-13 for losing)\n|l|\u2606SubatomicBunnyz\n","uploadtime":1699774269,"views":22,"p1id":"liero013","p2id":"subatomicbunnyz","formatid":"gen9vgc2023regulatione","rating":1030,"private":0,"password":""}