{"id":"gen9vgc2023regulatione-1999556759","p1":"postman7534216","p2":"JimboDaMighty","format":"[Gen 9] VGC 2023 Regulation E","log":"|j|\u2606postman7534216\n|j|\u2606JimboDaMighty\n|t:|1701095848\n|gametype|doubles\n|player|p1|postman7534216|blackbelt-gen4dp|1130\n|player|p2|JimboDaMighty|170|1192\n|teamsize|p1|6\n|teamsize|p2|6\n|gen|9\n|tier|[Gen 9] VGC 2023 Regulation E\n|rated|\n|rule|Species Clause: Limit one of each Pok\u00e9mon\n|rule|Item Clause: Limit one of each item\n|clearpoke\n|poke|p1|Tornadus, L50, M|\n|poke|p1|Gholdengo, L50|\n|poke|p1|Basculegion, L50, M|\n|poke|p1|Urshifu-*, L50, M|\n|poke|p1|Indeedee-F, L50, F|\n|poke|p1|Ogerpon-Hearthflame, L50, F|\n|poke|p2|Weezing, L50, M|\n|poke|p2|Landorus-Therian, L50, M|\n|poke|p2|Regieleki, L50|\n|poke|p2|Scizor, L50, F|\n|poke|p2|Roaring Moon, L50|\n|poke|p2|Iron Hands, L50|\n|teampreview|4\n|\n|t:|1701095877\n|start\n|switch|p1a: Gholdengo|Gholdengo, L50|100\/100\n|switch|p1b: Ogerpon|Ogerpon-Hearthflame, L50, F|100\/100\n|switch|p2a: Regieleki|Regieleki, L50|100\/100\n|switch|p2b: Roaring Moon|Roaring Moon, L50|100\/100\n|-ability|p1b: Ogerpon|Mold Breaker\n|-enditem|p2b: Roaring Moon|Booster Energy\n|-activate|p2b: Roaring Moon|ability: Protosynthesis|[fromitem]\n|-start|p2b: Roaring Moon|protosynthesisspe\n|turn|1\n|\n|t:|1701095897\n|move|p1b: Ogerpon|Follow Me|p1b: Ogerpon\n|-singleturn|p1b: Ogerpon|move: Follow Me\n|move|p2b: Roaring Moon|Knock Off|p1b: Ogerpon\n|-damage|p1b: Ogerpon|56\/100\n|move|p2a: Regieleki|Electroweb|p1b: Ogerpon|[spread] p1a,p1b\n|-resisted|p1b: Ogerpon\n|-damage|p1a: Gholdengo|58\/100\n|-damage|p1b: Ogerpon|36\/100\n|-unboost|p1a: Gholdengo|spe|1\n|-unboost|p1b: Ogerpon|spe|1\n|move|p1a: Gholdengo|Make It Rain|p2b: Roaring Moon|[spread] p2a,p2b\n|-resisted|p2a: Regieleki\n|-damage|p2a: Regieleki|50\/100\n|-damage|p2b: Roaring Moon|49\/100\n|-unboost|p1a: Gholdengo|spa|1\n|-damage|p1a: Gholdengo|48\/100|[from] item: Life Orb\n|\n|upkeep\n|turn|2\n|\n|t:|1701095933\n|move|p2b: Roaring Moon|Protect|p2b: Roaring Moon\n|-singleturn|p2b: Roaring Moon|Protect\n|move|p1b: Ogerpon|Follow Me|p1b: Ogerpon\n|-singleturn|p1b: Ogerpon|move: Follow Me\n|move|p2a: Regieleki|Electroweb|p1b: Ogerpon|[spread] p1a\n|-miss|p2a: Regieleki|p1b: Ogerpon\n|-damage|p1a: Gholdengo|8\/100\n|-unboost|p1a: Gholdengo|spe|1\n|move|p1a: Gholdengo|Make It Rain|p2a: Regieleki|[spread] p2a\n|-activate|p2b: Roaring Moon|move: Protect\n|-resisted|p2a: Regieleki\n|-damage|p2a: Regieleki|13\/100\n|-unboost|p1a: Gholdengo|spa|1\n|-damage|p1a: Gholdengo|0 fnt|[from] item: Life Orb\n|faint|p1a: Gholdengo\n|\n|upkeep\n|\n|t:|1701095949\n|switch|p1a: Urshifu|Urshifu, L50, M|100\/100\n|turn|3\n|\n|t:|1701095980\n|-end|p2b: Roaring Moon|Protosynthesis|[silent]\n|switch|p2b: Landorus|Landorus-Therian, L50, M|100\/100\n|-ability|p2b: Landorus|Intimidate|boost\n|-unboost|p1a: Urshifu|atk|1\n|-unboost|p1b: Ogerpon|atk|1\n|move|p1a: Urshifu|Sucker Punch|p2a: Regieleki\n|-damage|p2a: Regieleki|0 fnt\n|faint|p2a: Regieleki\n|move|p1b: Ogerpon|Horn Leech|p2b: Landorus\n|-crit|p2b: Landorus\n|-damage|p2b: Landorus|13\/100\n|-heal|p1b: Ogerpon|82\/100|[from] drain|[of] p2b: Landorus\n|\n|upkeep\n|\n|t:|1701095992\n|switch|p2a: Roaring Moon|Roaring Moon, L50|49\/100\n|turn|4\n|\n|t:|1701096005\n|-terastallize|p2a: Roaring Moon|Flying\n|move|p1a: Urshifu|Sucker Punch|p2b: Landorus\n|-damage|p2b: Landorus|0 fnt\n|faint|p2b: Landorus\n|move|p2a: Roaring Moon|Acrobatics|p1a: Urshifu\n|-supereffective|p1a: Urshifu\n|-damage|p1a: Urshifu|0 fnt\n|faint|p1a: Urshifu\n|move|p1b: Ogerpon|Horn Leech|p2a: Roaring Moon\n|-resisted|p2a: Roaring Moon\n|-damage|p2a: Roaring Moon|29\/100\n|-heal|p1b: Ogerpon|94\/100|[from] drain|[of] p2a: Roaring Moon\n|\n|upkeep\n|\n|t:|1701096016\n|switch|p1a: Basculegion|Basculegion, L50, M|100\/100\n|switch|p2b: Scizor|Scizor, L50, F|100\/100\n|turn|5\n|\n|t:|1701096027\n|-terastallize|p1b: Ogerpon|Fire\n|detailschange|p1b: Ogerpon|Ogerpon-Hearthflame-Tera, L50, F, tera:Fire\n|-ability|p1b: Ogerpon|Embody Aspect (Hearthflame)|boost\n|-boost|p1b: Ogerpon|atk|1\n|move|p1b: Ogerpon|Follow Me|p1b: Ogerpon\n|-singleturn|p1b: Ogerpon|move: Follow Me\n|move|p1a: Basculegion|Last Respects|p2b: Scizor\n|-damage|p2b: Scizor|0 fnt\n|faint|p2b: Scizor\n|move|p2a: Roaring Moon|Knock Off|p1b: Ogerpon\n|-damage|p1b: Ogerpon|49\/100\n|\n|upkeep\n|turn|6\n|-message|JimboDaMighty forfeited.\n|\n|win|postman7534216\n|raw|postman7534216's rating: 1130 &rarr; <strong>1159<\/strong><br \/>(+29 for winning)\n|raw|JimboDaMighty's rating: 1192 &rarr; <strong>1163<\/strong><br \/>(-29 for losing)\n|l|\u2606JimboDaMighty\n","uploadtime":1701096054,"views":12,"p1id":"postman7534216","p2id":"jimbodamighty","formatid":"gen9vgc2023regulatione","rating":1159,"private":0,"password":""}