{"id":"gen9vgc2023regulatione-1991291767","p1":"gonegeb","p2":"Smellyporkchop","format":"[Gen 9] VGC 2023 Regulation E","log":"|j|\u2606gonegeb\n|j|\u2606Smellyporkchop\n|t:|1700064848\n|gametype|doubles\n|player|p1|gonegeb|alain|1128\n|player|p2|Smellyporkchop|265|1220\n|teamsize|p1|6\n|teamsize|p2|6\n|gen|9\n|tier|[Gen 9] VGC 2023 Regulation E\n|rated|\n|rule|Species Clause: Limit one of each Pok\u00e9mon\n|rule|Item Clause: Limit one of each item\n|clearpoke\n|poke|p1|Lucario, L50, M|\n|poke|p1|Umbreon, L50, M|\n|poke|p1|Arcanine, L50, F|\n|poke|p1|Ceruledge, L50, M|\n|poke|p1|Maushold, L50|\n|poke|p1|Ursaluna-Bloodmoon, L50, M|\n|poke|p2|Urshifu-*, L50, F|\n|poke|p2|Tornadus, L50, M|\n|poke|p2|Landorus-Therian, L50, M|\n|poke|p2|Chien-Pao, L50|\n|poke|p2|Iron Hands, L50|\n|poke|p2|Flutter Mane, L50|\n|teampreview|4\n|inactive|Battle timer is ON: inactive players will automatically lose when time's up. (requested by Smellyporkchop)\n|\n|t:|1700064872\n|start\n|switch|p1a: Bjorn|Ursaluna-Bloodmoon, L50, M|100\/100\n|switch|p1b: Howlite|Maushold, L50|100\/100\n|switch|p2a: Iron Hands|Iron Hands, L50|100\/100\n|switch|p2b: Urshifu|Urshifu-Rapid-Strike, L50, F|100\/100\n|turn|1\n|\n|t:|1700064891\n|switch|p1a: Pryna|Arcanine, L50, F, shiny|100\/100\n|-ability|p1a: Pryna|Intimidate|boost\n|-unboost|p2a: Iron Hands|atk|1\n|-unboost|p2b: Urshifu|atk|1\n|move|p2a: Iron Hands|Fake Out|p1b: Howlite\n|-damage|p1b: Howlite|87\/100\n|cant|p1b: Howlite|flinch\n|move|p2b: Urshifu|Surging Strikes|p1a: Pryna\n|-supereffective|p1a: Pryna\n|-crit|p1a: Pryna\n|-damage|p1a: Pryna|61\/100\n|-supereffective|p1a: Pryna\n|-crit|p1a: Pryna\n|-damage|p1a: Pryna|21\/100\n|-enditem|p1a: Pryna|Figy Berry|[eat]\n|-heal|p1a: Pryna|54\/100|[from] item: Figy Berry\n|-supereffective|p1a: Pryna\n|-crit|p1a: Pryna\n|-damage|p1a: Pryna|17\/100\n|-hitcount|p1a: Pryna|3\n|\n|upkeep\n|turn|2\n|\n|t:|1700064916\n|move|p2b: Urshifu|Detect|p2b: Urshifu\n|-singleturn|p2b: Urshifu|Protect\n|move|p1b: Howlite|Encore|p2a: Iron Hands\n|-start|p2a: Iron Hands|Encore\n|move|p1a: Pryna|Morning Sun|p1a: Pryna\n|-heal|p1a: Pryna|66\/100\n|move|p2a: Iron Hands|Fake Out||[still]\n|-hint|Fake Out only works on your first turn out.\n|-fail|p2a: Iron Hands\n|\n|upkeep\n|turn|3\n|\n|t:|1700064936\n|switch|p1a: Bjorn|Ursaluna-Bloodmoon, L50, M|100\/100\n|-end|p2a: Iron Hands|Quark Drive|[silent]\n|switch|p2a: Landorus|Landorus-Therian, L50, M|100\/100\n|-ability|p2a: Landorus|Intimidate|boost\n|-unboost|p1a: Bjorn|atk|1\n|-unboost|p1b: Howlite|atk|1\n|-terastallize|p2b: Urshifu|Water\n|move|p1b: Howlite|Encore|p2b: Urshifu\n|-start|p2b: Urshifu|Encore\n|move|p2b: Urshifu|Detect||[still]\n|-fail|p2b: Urshifu\n|\n|upkeep\n|turn|4\n|c|\u2606gonegeb|nice\n|inactive|Smellyporkchop has 30 seconds left.\n|\n|t:|1700064961\n|switch|p2b: Iron Hands|Iron Hands, L50|100\/100\n|-terastallize|p1a: Bjorn|Normal\n|move|p1b: Howlite|Follow Me|p1b: Howlite\n|-singleturn|p1b: Howlite|move: Follow Me\n|move|p2a: Landorus|Stomping Tantrum|p1b: Howlite\n|-damage|p1b: Howlite|34\/100\n|-enditem|p1b: Howlite|Sitrus Berry|[eat]\n|-heal|p1b: Howlite|59\/100|[from] item: Sitrus Berry\n|-heal|p1b: Howlite|92\/100|[from] ability: Cheek Pouch\n|move|p1a: Bjorn|Hyper Voice|p2a: Landorus|[spread] p2a,p2b\n|-damage|p2a: Landorus|34\/100\n|-damage|p2b: Iron Hands|71\/100\n|-enditem|p1a: Bjorn|Throat Spray\n|-boost|p1a: Bjorn|spa|1|[from] item: Throat Spray\n|\n|upkeep\n|turn|5\n|\n|t:|1700064983\n|move|p1b: Howlite|Follow Me|p1b: Howlite\n|-singleturn|p1b: Howlite|move: Follow Me\n|move|p2a: Landorus|Stomping Tantrum|p1b: Howlite\n|-damage|p1b: Howlite|38\/100\n|move|p1a: Bjorn|Hyper Voice|p2b: Iron Hands|[spread] p2a,p2b\n|-damage|p2a: Landorus|0 fnt\n|-damage|p2b: Iron Hands|25\/100\n|faint|p2a: Landorus\n|move|p2b: Iron Hands|Drain Punch|p1b: Howlite\n|-supereffective|p1b: Howlite\n|-damage|p1b: Howlite|0 fnt\n|-heal|p2b: Iron Hands|38\/100|[from] drain|[of] p1b: Howlite\n|faint|p1b: Howlite\n|\n|upkeep\n|\n|t:|1700064994\n|switch|p1b: Pryna|Arcanine, L50, F, shiny|66\/100\n|switch|p2a: Urshifu|Urshifu-Rapid-Strike, L50, F, tera:Water|100\/100\n|-ability|p1b: Pryna|Intimidate|boost\n|-unboost|p2a: Urshifu|atk|1\n|-unboost|p2b: Iron Hands|atk|1\n|turn|6\n|\n|t:|1700065007\n|move|p2a: Urshifu|Close Combat|p1a: Bjorn\n|-supereffective|p1a: Bjorn\n|-damage|p1a: Bjorn|40\/100\n|-unboost|p2a: Urshifu|def|1\n|-unboost|p2a: Urshifu|spd|1\n|move|p1b: Pryna|Will-O-Wisp|p2a: Urshifu|[miss]\n|-miss|p1b: Pryna|p2a: Urshifu\n|move|p1a: Bjorn|Hyper Voice|p2b: Iron Hands|[spread] p2a,p2b\n|-damage|p2a: Urshifu|0 fnt\n|-damage|p2b: Iron Hands|0 fnt\n|faint|p2a: Urshifu\n|faint|p2b: Iron Hands\n|-end|p2b: Iron Hands|Quark Drive|[silent]\n|\n|upkeep\n|\n|t:|1700065018\n|switch|p2b: Flutter Mane|Flutter Mane, L50|100\/100\n|-enditem|p2b: Flutter Mane|Booster Energy\n|-activate|p2b: Flutter Mane|ability: Protosynthesis|[fromitem]\n|-start|p2b: Flutter Mane|protosynthesisspe\n|turn|7\n|\n|t:|1700065024\n|move|p1a: Bjorn|Protect|p1a: Bjorn\n|-singleturn|p1a: Bjorn|Protect\n|move|p2b: Flutter Mane|Moonblast|p1a: Bjorn\n|-activate|p1a: Bjorn|move: Protect\n|move|p1b: Pryna|Flare Blitz|p2b: Flutter Mane\n|-damage|p2b: Flutter Mane|0 fnt\n|faint|p2b: Flutter Mane\n|-end|p2b: Flutter Mane|Protosynthesis|[silent]\n|-damage|p1b: Pryna|45\/100|[from] Recoil\n|\n|win|gonegeb\n|raw|gonegeb's rating: 1128 &rarr; <strong>1159<\/strong><br \/>(+31 for winning)\n|raw|Smellyporkchop's rating: 1220 &rarr; <strong>1189<\/strong><br \/>(-31 for losing)\n|l|\u2606Smellyporkchop\n|c|\u2606gonegeb|nice\n","uploadtime":1700065046,"views":11,"p1id":"gonegeb","p2id":"smellyporkchop","formatid":"gen9vgc2023regulatione","rating":1159,"private":0,"password":""}