{"id":"gen9vgc2023regulatione-1988286112","p1":"zizi festif","p2":"kwicks065","format":"[Gen 9] VGC 2023 Regulation E","log":"|j|\u2606zizi festif\n|j|\u2606kwicks065\n|t:|1699701852\n|gametype|doubles\n|player|p1|zizi festif|artist-gen4|1167\n|player|p2|kwicks065|lucas|1211\n|teamsize|p1|6\n|teamsize|p2|6\n|gen|9\n|tier|[Gen 9] VGC 2023 Regulation E\n|rated|\n|rule|Species Clause: Limit one of each Pok\u00e9mon\n|rule|Item Clause: Limit one of each item\n|clearpoke\n|poke|p1|Urshifu-*, L50, M|\n|poke|p1|Tornadus, L50, M|\n|poke|p1|Regidrago, L50|\n|poke|p1|Rillaboom, L50, M|\n|poke|p1|Arcanine-Hisui, L50, M|\n|poke|p1|Gholdengo, L50|\n|poke|p2|Urshifu-*, L50, M|\n|poke|p2|Thundurus, L50, M|\n|poke|p2|Arcanine-Hisui, L50, F|\n|poke|p2|Clefairy, L50, F|\n|poke|p2|Kommo-o, L50, M|\n|poke|p2|Sinistcha, L50|\n|teampreview|4\n|inactive|Battle timer is ON: inactive players will automatically lose when time's up. (requested by zizi festif)\nkwicks065 has agreed to open team sheets.\nzizi festif has agreed to open team sheets.\n|inactive|zizi festif has 30 seconds left.\n|inactive|kwicks065 has 30 seconds left.\n|\n|t:|1699701896\n|start\n|switch|p1a: Rillaboom|Rillaboom, L50, M|100\/100\n|switch|p1b: Tornadus|Tornadus, L50, M|100\/100\n|switch|p2a: Thundurus|Thundurus, L50, M|100\/100\n|switch|p2b: Urshifu|Urshifu-Rapid-Strike, L50, M|100\/100\n|-fieldstart|move: Grassy Terrain|[from] ability: Grassy Surge|[of] p1a: Rillaboom\n|turn|1\n|inactive|zizi festif has 30 seconds left.\n|inactive|zizi festif has 20 seconds left.\n|inactive|zizi festif has 15 seconds left.\n|\n|t:|1699701937\n|switch|p2b: Arcanine|Arcanine-Hisui, L50, F|100\/100\n|-ability|p2b: Arcanine|Intimidate|boost\n|-unboost|p1a: Rillaboom|atk|1\n|-unboost|p1b: Tornadus|atk|1\n|move|p1a: Rillaboom|Fake Out|p2a: Thundurus\n|-damage|p2a: Thundurus|85\/100\n|move|p1b: Tornadus|Tailwind|p1b: Tornadus\n|-sidestart|p1: zizi festif|move: Tailwind\n|cant|p2a: Thundurus|flinch\n|\n|upkeep\n|turn|2\n|inactive|zizi festif has 30 seconds left.\n|inactive|kwicks065 has 30 seconds left.\n|\n|t:|1699701968\n|switch|p1b: Gholdengo|Gholdengo, L50|100\/100\n|switch|p1a: Ding Dong|Regidrago, L50|100\/100\n|move|p2a: Thundurus|Thunder Wave|p1a: Ding Dong\n|-status|p1a: Ding Dong|par\n|move|p2b: Arcanine|Rock Slide|p1a: Ding Dong|[spread] p1a,p1b\n|-resisted|p1b: Gholdengo\n|-damage|p1a: Ding Dong|69\/100 par\n|-damage|p1b: Gholdengo|86\/100\n|\n|-heal|p1b: Gholdengo|92\/100|[from] Grassy Terrain\n|-heal|p1a: Ding Dong|75\/100 par|[from] Grassy Terrain\n|upkeep\n|turn|3\n|inactive|zizi festif has 30 seconds left.\n|\n|t:|1699702000\n|-terastallize|p1b: Gholdengo|Dragon\n|move|p1b: Gholdengo|Nasty Plot|p1b: Gholdengo\n|-boost|p1b: Gholdengo|spa|2\n|move|p2a: Thundurus|Wildbolt Storm|p1a: Ding Dong|[spread] p1a,p1b\n|-resisted|p1a: Ding Dong\n|-resisted|p1b: Gholdengo\n|-damage|p1a: Ding Dong|49\/100 par\n|-damage|p1b: Gholdengo|65\/100\n|-damage|p2a: Thundurus|75\/100|[from] item: Life Orb\n|move|p2b: Arcanine|Flare Blitz|p1b: Gholdengo\n|-resisted|p1b: Gholdengo\n|-damage|p1b: Gholdengo|36\/100\n|-damage|p2b: Arcanine|90\/100|[from] Recoil\n|move|p1a: Ding Dong|Draco Meteor|p2a: Thundurus\n|-damage|p2a: Thundurus|0 fnt\n|-unboost|p1a: Ding Dong|spa|2\n|faint|p2a: Thundurus\n|\n|-heal|p1b: Gholdengo|42\/100|[from] Grassy Terrain\n|-heal|p2b: Arcanine|97\/100|[from] Grassy Terrain\n|-heal|p1a: Ding Dong|56\/100 par|[from] Grassy Terrain\n|upkeep\n|\n|t:|1699702018\n|switch|p2a: Kommo-o|Kommo-o, L50, M|100\/100\n|turn|4\n|\n|t:|1699702033\n|-terastallize|p2a: Kommo-o|Poison\n|move|p1b: Gholdengo|Make It Rain|p2b: Arcanine|[spread] p2a,p2b\n|-damage|p2a: Kommo-o|0 fnt\n|-damage|p2b: Arcanine|0 fnt\n|-unboost|p1b: Gholdengo|spa|1\n|faint|p2a: Kommo-o\n|faint|p2b: Arcanine\n|cant|p1a: Ding Dong|par\n|\n|-heal|p1b: Gholdengo|48\/100|[from] Grassy Terrain\n|-heal|p1a: Ding Dong|62\/100 par|[from] Grassy Terrain\n|-sideend|p1: zizi festif|move: Tailwind\n|upkeep\n|\n|t:|1699702040\n|switch|p2a: Urshifu|Urshifu-Rapid-Strike, L50, M|100\/100\n|turn|5\n|-message|kwicks065 forfeited.\n|\n|win|zizi festif\n|raw|zizi festif's rating: 1167 &rarr; <strong>1195<\/strong><br \/>(+28 for winning)\n|raw|kwicks065's rating: 1211 &rarr; <strong>1183<\/strong><br \/>(-28 for losing)\n|l|\u2606kwicks065\n","uploadtime":1699702142,"views":22,"p1id":"zizifestif","p2id":"kwicks065","formatid":"gen9vgc2023regulatione","rating":1183,"private":0,"password":""}