{"id":"gen9vgc2023regulatione-1993288770","p1":"yakenonokarasu","p2":"ItsTobeeeee","format":"[Gen 9] VGC 2023 Regulation E","log":"|j|\u2606yakenonokarasu\n|j|\u2606ItsTobeeeee\n|n|\u2606yakenonokarasu|yakenonokarasu\n|n|\u2606ItsTobeeeee|itstobeeeee\n|html|View the match progress at <a href=\"\/game-bestof3-gen9vgc2023regulatione-1993286587\">game-bestof3-gen9vgc2023regulatione-1993286587<\/a>\n|t:|1700291073\n|gametype|doubles\n|player|p1|yakenonokarasu|roxie|\n|player|p2|ItsTobeeeee|skyla|\n|teamsize|p1|6\n|teamsize|p2|6\n|gen|9\n|tier|[Gen 9] VGC 2023 Regulation E\n|rule|Species Clause: Limit one of each Pok\u00e9mon\n|rule|Item Clause: Limit one of each item\n|clearpoke\n|poke|p1|Gholdengo, L50|\n|poke|p1|Ting-Lu, L50|\n|poke|p1|Maushold-Four, L50|\n|poke|p1|Urshifu-*, L50, M|\n|poke|p1|Volbeat, L50, M|\n|poke|p1|Conkeldurr, L50, M|\n|poke|p2|Orthworm, L50, F|\n|poke|p2|Tyranitar, L50, M|\n|poke|p2|Ogerpon-Cornerstone, L50, F|\n|poke|p2|Torterra, L50, F|\n|poke|p2|Kommo-o, L50, M|\n|poke|p2|Goodra-Hisui, L50, F|\n|teampreview|4\n|inactive|Battle timer is ON: inactive players will automatically lose when time's up. (requested by yakenonokarasu)\n|j| soleilfe\n|\n|t:|1700291090\n|start\n|switch|p1a: Volbeat|Volbeat, L50, M, shiny|100\/100\n|switch|p1b: Urshifu|Urshifu-Rapid-Strike, L50, M|100\/100\n|switch|p2a: Thamill|Tyranitar, L50, M|100\/100\n|switch|p2b: THE ORTHEREAL WORM|Orthworm, L50, F|100\/100\n|-weather|Sandstorm|[from] ability: Sand Stream|[of] p2a: Thamill\n|turn|1\n|\n|t:|1700291108\n|-terastallize|p2a: Thamill|Ghost\n|move|p1a: Volbeat|Trick|p2a: Thamill\n|-activate|p1a: Volbeat|move: Trick|[of] p2a: Thamill\n|-item|p2a: Thamill|Lagging Tail|[from] move: Trick\n|-item|p1a: Volbeat|Smooth Rock|[from] move: Trick\n|move|p1b: Urshifu|Close Combat|p2a: Thamill\n|-immune|p2a: Thamill\n|move|p2a: Thamill|Rock Slide|p1a: Volbeat|[spread] p1a,p1b\n|-supereffective|p1a: Volbeat\n|-resisted|p1b: Urshifu\n|-damage|p1a: Volbeat|15\/100\n|-damage|p1b: Urshifu|83\/100\n|move|p2b: THE ORTHEREAL WORM|Shed Tail|p2b: THE ORTHEREAL WORM\n|-start|p2b: THE ORTHEREAL WORM|Substitute|[from] move: Shed Tail\n|-damage|p2b: THE ORTHEREAL WORM|50\/100\n|-enditem|p2b: THE ORTHEREAL WORM|Sitrus Berry|[eat]\n|-heal|p2b: THE ORTHEREAL WORM|75\/100|[from] item: Sitrus Berry\n|\n|t:|1700291123\n|switch|p2b: Big Guy|Kommo-o, L50, M|100\/100|[from] Shed Tail\n|\n|-weather|Sandstorm|[upkeep]\n|-damage|p1b: Urshifu|78\/100|[from] Sandstorm\n|-damage|p1a: Volbeat|9\/100|[from] Sandstorm\n|-damage|p2a: Thamill|95\/100|[from] Sandstorm\n|upkeep\n|turn|2\n|\n|t:|1700291142\n|-terastallize|p1b: Urshifu|Water\n|move|p1a: Volbeat|Tailwind|p1a: Volbeat\n|-sidestart|p1: yakenonokarasu|move: Tailwind\n|move|p1b: Urshifu|Surging Strikes|p2a: Thamill\n|-crit|p2a: Thamill\n|-damage|p2a: Thamill|73\/100\n|-crit|p2a: Thamill\n|-damage|p2a: Thamill|51\/100\n|-crit|p2a: Thamill\n|-damage|p2a: Thamill|30\/100\n|-hitcount|p2a: Thamill|3\n|move|p2b: Big Guy|Clangorous Soul|p2b: Big Guy\n|-boost|p2b: Big Guy|atk|1\n|-boost|p2b: Big Guy|def|1\n|-boost|p2b: Big Guy|spa|1\n|-boost|p2b: Big Guy|spd|1\n|-boost|p2b: Big Guy|spe|1\n|-enditem|p1b: Urshifu|Mirror Herb\n|-boost|p1b: Urshifu|atk|1|[from] item: Mirror Herb\n|-boost|p1b: Urshifu|def|1|[from] item: Mirror Herb\n|-boost|p1b: Urshifu|spa|1|[from] item: Mirror Herb\n|-boost|p1b: Urshifu|spd|1|[from] item: Mirror Herb\n|-boost|p1b: Urshifu|spe|1|[from] item: Mirror Herb\n|-damage|p2b: Big Guy|68\/100\n|-enditem|p2b: Big Guy|Throat Spray\n|-boost|p2b: Big Guy|spa|1|[from] item: Throat Spray\n|move|p2a: Thamill|Rock Slide|p1a: Volbeat|[spread] p1a,p1b\n|-supereffective|p1a: Volbeat\n|-damage|p1a: Volbeat|0 fnt\n|-damage|p1b: Urshifu|54\/100\n|faint|p1a: Volbeat\n|\n|-weather|Sandstorm|[upkeep]\n|-damage|p1b: Urshifu|48\/100|[from] Sandstorm\n|-damage|p2a: Thamill|24\/100|[from] Sandstorm\n|upkeep\n|\n|t:|1700291157\n|switch|p1a: Ting-Lu|Ting-Lu, L50|100\/100\n|-ability|p1a: Ting-Lu|Vessel of Ruin\n|turn|3\n|c|\u2606ItsTobeeeee|uh oh\n|inactive|ItsTobeeeee has 30 seconds left.\n|\n|t:|1700291183\n|move|p1b: Urshifu|Acrobatics|p2b: Big Guy\n|-supereffective|p2b: Big Guy\n|-end|p2b: Big Guy|Substitute\n|move|p2b: Big Guy|Clanging Scales|p1b: Urshifu|[spread] p1a,p1b\n|-damage|p1a: Ting-Lu|66\/100\n|-damage|p1b: Urshifu|0 fnt\n|faint|p1b: Urshifu\n|-unboost|p2b: Big Guy|def|1\n|move|p1a: Ting-Lu|Lash Out|p2a: Thamill\n|-supereffective|p2a: Thamill\n|-damage|p2a: Thamill|0 fnt\n|faint|p2a: Thamill\n|\n|-weather|Sandstorm|[upkeep]\n|-heal|p1a: Ting-Lu|72\/100|[from] item: Leftovers\n|upkeep\n|\n|t:|1700291198\n|switch|p1b: Conkeldurr|Conkeldurr, L50, M, shiny|100\/100\n|switch|p2a: THE ORTHEREAL WORM|Orthworm, L50, F|75\/100\n|turn|4\n|\n|t:|1700291218\n|move|p2a: THE ORTHEREAL WORM|Protect|p2a: THE ORTHEREAL WORM\n|-singleturn|p2a: THE ORTHEREAL WORM|Protect\n|move|p2b: Big Guy|Clanging Scales|p1b: Conkeldurr|[spread] p1a,p1b\n|-damage|p1a: Ting-Lu|35\/100\n|-damage|p1b: Conkeldurr|46\/100\n|-unboost|p2b: Big Guy|def|1\n|move|p1a: Ting-Lu|Lash Out|p2a: THE ORTHEREAL WORM\n|-activate|p2a: THE ORTHEREAL WORM|move: Protect\n|move|p1b: Conkeldurr|Ice Punch|p2b: Big Guy\n|-supereffective|p2b: Big Guy\n|-damage|p2b: Big Guy|0 fnt\n|faint|p2b: Big Guy\n|\n|-weather|Sandstorm|[upkeep]\n|-heal|p1a: Ting-Lu|41\/100|[from] item: Leftovers\n|upkeep\n|\n|t:|1700291231\n|switch|p2b: Monty|Torterra, L50, F|100\/100\n|turn|5\n|inactive|yakenonokarasu has 30 seconds left.\n|inactiveoff|Battle timer is now OFF.\n|\n|t:|1700291279\n|move|p2b: Monty|Protect|p2b: Monty\n|-singleturn|p2b: Monty|Protect\n|move|p1b: Conkeldurr|Wide Guard|p1b: Conkeldurr\n|-singleturn|p1b: Conkeldurr|Wide Guard\n|move|p1a: Ting-Lu|Lash Out|p2b: Monty\n|-activate|p2b: Monty|move: Protect\n|move|p2a: THE ORTHEREAL WORM|Body Press|p1b: Conkeldurr\n|-damage|p1b: Conkeldurr|27\/100\n|\n|-weather|Sandstorm|[upkeep]\n|-heal|p1a: Ting-Lu|47\/100|[from] item: Leftovers\n|-sideend|p1: yakenonokarasu|move: Tailwind\n|upkeep\n|turn|6\n|\n|t:|1700291312\n|move|p2a: THE ORTHEREAL WORM|Body Press|p1b: Conkeldurr\n|-damage|p1b: Conkeldurr|4\/100\n|move|p2b: Monty|Wood Hammer|p1b: Conkeldurr\n|-damage|p1b: Conkeldurr|0 fnt\n|faint|p1b: Conkeldurr\n|-damage|p2b: Monty|99\/100|[from] Recoil\n|move|p1a: Ting-Lu|Lash Out|p2b: Monty\n|-damage|p2b: Monty|69\/100\n|\n|-weather|Sandstorm|[upkeep]\n|-heal|p1a: Ting-Lu|54\/100|[from] item: Leftovers\n|upkeep\n|turn|7\n|\n|t:|1700291327\n|move|p2a: THE ORTHEREAL WORM|Body Press|p1a: Ting-Lu\n|-supereffective|p1a: Ting-Lu\n|-damage|p1a: Ting-Lu|22\/100\n|move|p2b: Monty|Wood Hammer|p1a: Ting-Lu\n|-supereffective|p1a: Ting-Lu\n|-damage|p1a: Ting-Lu|0 fnt\n|faint|p1a: Ting-Lu\n|-damage|p2b: Monty|59\/100|[from] Recoil\n|\n|win|ItsTobeeeee\n|c|\u2606yakenonokarasu|Gg\n|l| soleilfe\n|c|\u2606ItsTobeeeee|gg\n|c|\u2606yakenonokarasu|You got replays?\n|l|\u2606ItsTobeeeee\n|j|\u2606ItsTobeeeee\n|player|p2|ItsTobeeeee|skyla\n","uploadtime":1700291533,"views":47,"p1id":"yakenonokarasu","p2id":"itstobeeeee","formatid":"gen9vgc2023regulatione","rating":0,"private":0,"password":""}