{"id":"gen9vgc2023regulatione-1988992145","p1":"CXKGIAO","p2":"xyzfly","format":"[Gen 9] VGC 2023 Regulation E","log":"|j|\u2606CXKGIAO\n|j|\u2606xyzfly\n|n|\u2606CXKGIAO|cxkgiao\n|n|\u2606xyzfly|xyzfly\n|html|View the match progress at <a href=\"\/game-bestof3-gen9vgc2023regulatione-1988989375\">game-bestof3-gen9vgc2023regulatione-1988989375<\/a>\n|t:|1699799451\n|gametype|doubles\n|player|p1|CXKGIAO|dawn-gen4pt|\n|player|p2|xyzfly|dawn|\n|teamsize|p1|6\n|teamsize|p2|6\n|gen|9\n|tier|[Gen 9] VGC 2023 Regulation E\n|rule|Species Clause: Limit one of each Pok\u00e9mon\n|rule|Item Clause: Limit one of each item\n|clearpoke\n|poke|p1|Slowpoke, L50, F|\n|poke|p1|Torkoal, L50, M|\n|poke|p1|Lycanroc-Dusk, L50, F|\n|poke|p1|Indeedee-F, L50, F|\n|poke|p1|Ursaluna, L50, M|\n|poke|p1|Armarouge, L50, M|\n|poke|p2|Lycanroc-Dusk, L50, F|\n|poke|p2|Milotic, L50, F|\n|poke|p2|Arcanine, L50, F|\n|poke|p2|Gengar, L50, M|\n|poke|p2|Tyranitar, L50, F|\n|poke|p2|Thundurus, L50, M|\n|teampreview|4\n|inactive|Battle timer is ON: inactive players will automatically lose when time's up. (requested by xyzfly)\n|inactive|xyzfly has 60 seconds left.\n|\n|t:|1699799498\n|start\n|switch|p1a: \u60ca\u5929\u6d6a\u6d9b\u6740|Slowpoke, L50, F, shiny|100\/100\n|switch|p1b: \u540e\u5907\u9690\u85cf\u80fd\u6e90\uff08\u6307\u6587\u67da\u679c\uff09|Indeedee-F, L50, F|100\/100\n|switch|p2a: Milotic|Milotic, L50, F|100\/100\n|switch|p2b: Gengar|Gengar, L50, M|100\/100\n|-fieldstart|move: Psychic Terrain|[from] ability: Psychic Surge|[of] p1b: \u540e\u5907\u9690\u85cf\u80fd\u6e90\uff08\u6307\u6587\u67da\u679c\uff09\n|turn|1\n|inactive|CXKGIAO has 30 seconds left.\n|inactive|xyzfly has 30 seconds left.\n|inactive|xyzfly has 20 seconds left.\n|\n|t:|1699799534\n|move|p1b: \u540e\u5907\u9690\u85cf\u80fd\u6e90\uff08\u6307\u6587\u67da\u679c\uff09|Follow Me|p1b: \u540e\u5907\u9690\u85cf\u80fd\u6e90\uff08\u6307\u6587\u67da\u679c\uff09\n|-singleturn|p1b: \u540e\u5907\u9690\u85cf\u80fd\u6e90\uff08\u6307\u6587\u67da\u679c\uff09|move: Follow Me\n|move|p2b: Gengar|Sludge Bomb|p1b: \u540e\u5907\u9690\u85cf\u80fd\u6e90\uff08\u6307\u6587\u67da\u679c\uff09\n|-damage|p1b: \u540e\u5907\u9690\u85cf\u80fd\u6e90\uff08\u6307\u6587\u67da\u679c\uff09|62\/100\n|move|p2a: Milotic|Substitute|p2a: Milotic\n|-start|p2a: Milotic|Substitute\n|-damage|p2a: Milotic|76\/100\n|move|p1a: \u60ca\u5929\u6d6a\u6d9b\u6740|Trick Room|p1a: \u60ca\u5929\u6d6a\u6d9b\u6740\n|-fieldstart|move: Trick Room|[of] p1a: \u60ca\u5929\u6d6a\u6d9b\u6740\n|\n|-heal|p2a: Milotic|82\/100|[from] item: Leftovers\n|upkeep\n|turn|2\n|inactive|CXKGIAO has 30 seconds left.\n|\n|t:|1699799561\n|switch|p1b: \u4e09\u661f\u8fde\u73af\u70ae|Torkoal, L50, M|100\/100\n|-weather|SunnyDay|[from] ability: Drought|[of] p1b: \u4e09\u661f\u8fde\u73af\u70ae\n|move|p1a: \u60ca\u5929\u6d6a\u6d9b\u6740|Foul Play|p2a: Milotic\n|-activate|p2a: Milotic|move: Substitute|[damage]\n|move|p2a: Milotic|Scald|p1b: \u4e09\u661f\u8fde\u73af\u70ae\n|-supereffective|p1b: \u4e09\u661f\u8fde\u73af\u70ae\n|-damage|p1b: \u4e09\u661f\u8fde\u73af\u70ae|62\/100\n|move|p2b: Gengar|Sludge Bomb|p1b: \u4e09\u661f\u8fde\u73af\u70ae\n|-damage|p1b: \u4e09\u661f\u8fde\u73af\u70ae|0 fnt\n|faint|p1b: \u4e09\u661f\u8fde\u73af\u70ae\n|\n|-weather|SunnyDay|[upkeep]\n|-heal|p2a: Milotic|88\/100|[from] item: Leftovers\n|upkeep\n|\n|t:|1699799576\n|switch|p1b: \u8840\u8272\u6708\u98ce\u66b4|Ursaluna, L50, M|100\/100\n|turn|3\n|\n|t:|1699799596\n|move|p1a: \u60ca\u5929\u6d6a\u6d9b\u6740|Foul Play|p2a: Milotic\n|-activate|p2a: Milotic|move: Substitute|[damage]\n|move|p1b: \u8840\u8272\u6708\u98ce\u66b4|Earthquake|p2b: Gengar|[spread] p1a,p2a,p2b\n|-end|p2a: Milotic|Substitute\n|-supereffective|p2b: Gengar\n|-damage|p1a: \u60ca\u5929\u6d6a\u6d9b\u6740|69\/100\n|-damage|p2b: Gengar|0 fnt\n|faint|p2b: Gengar\n|move|p2a: Milotic|Scald|p1b: \u8840\u8272\u6708\u98ce\u66b4\n|-supereffective|p1b: \u8840\u8272\u6708\u98ce\u66b4\n|-damage|p1b: \u8840\u8272\u6708\u98ce\u66b4|84\/100\n|\n|-weather|SunnyDay|[upkeep]\n|-heal|p2a: Milotic|94\/100|[from] item: Leftovers\n|upkeep\n|\n|t:|1699799610\n|switch|p2b: Lycanroc|Lycanroc-Dusk, L50, F|100\/100\n|turn|4\n|\n|t:|1699799634\n|move|p1a: \u60ca\u5929\u6d6a\u6d9b\u6740|Foul Play|p2a: Milotic\n|-damage|p2a: Milotic|83\/100\n|move|p1b: \u8840\u8272\u6708\u98ce\u66b4|Drain Punch|p2b: Lycanroc\n|-supereffective|p2b: Lycanroc\n|-damage|p2b: Lycanroc|10\/100\n|-heal|p1b: \u8840\u8272\u6708\u98ce\u66b4|100\/100|[from] drain|[of] p2b: Lycanroc\n|move|p2a: Milotic|Scald|p1b: \u8840\u8272\u6708\u98ce\u66b4\n|-supereffective|p1b: \u8840\u8272\u6708\u98ce\u66b4\n|-damage|p1b: \u8840\u8272\u6708\u98ce\u66b4|83\/100\n|move|p2b: Lycanroc|Close Combat|p1b: \u8840\u8272\u6708\u98ce\u66b4\n|-supereffective|p1b: \u8840\u8272\u6708\u98ce\u66b4\n|-damage|p1b: \u8840\u8272\u6708\u98ce\u66b4|0 fnt\n|-unboost|p2b: Lycanroc|def|1\n|-unboost|p2b: Lycanroc|spd|1\n|faint|p1b: \u8840\u8272\u6708\u98ce\u66b4\n|-damage|p2b: Lycanroc|0 fnt|[from] item: Life Orb\n|faint|p2b: Lycanroc\n|\n|-weather|SunnyDay|[upkeep]\n|-heal|p2a: Milotic|89\/100|[from] item: Leftovers\n|upkeep\n|\n|t:|1699799652\n|switch|p1b: \u540e\u5907\u9690\u85cf\u80fd\u6e90\uff08\u6307\u6587\u67da\u679c\uff09|Indeedee-F, L50, F|62\/100\n|switch|p2b: Tyranitar|Tyranitar, L50, F|100\/100\n|-weather|Sandstorm|[from] ability: Sand Stream|[of] p2b: Tyranitar\n|turn|5\n|inactive|CXKGIAO has 30 seconds left.\n|\n|t:|1699799680\n|-terastallize|p2b: Tyranitar|Fairy\n|-terastallize|p1b: \u540e\u5907\u9690\u85cf\u80fd\u6e90\uff08\u6307\u6587\u67da\u679c\uff09|Fairy\n|move|p1a: \u60ca\u5929\u6d6a\u6d9b\u6740|Heal Pulse|p1b: \u540e\u5907\u9690\u85cf\u80fd\u6e90\uff08\u6307\u6587\u67da\u679c\uff09\n|-heal|p1b: \u540e\u5907\u9690\u85cf\u80fd\u6e90\uff08\u6307\u6587\u67da\u679c\uff09|100\/100\n|move|p2b: Tyranitar|Crunch|p1a: \u60ca\u5929\u6d6a\u6d9b\u6740\n|-supereffective|p1a: \u60ca\u5929\u6d6a\u6d9b\u6740\n|-damage|p1a: \u60ca\u5929\u6d6a\u6d9b\u6740|5\/100\n|-unboost|p1a: \u60ca\u5929\u6d6a\u6d9b\u6740|def|1\n|move|p1b: \u540e\u5907\u9690\u85cf\u80fd\u6e90\uff08\u6307\u6587\u67da\u679c\uff09|Dazzling Gleam|p2b: Tyranitar|[spread] p2a,p2b\n|-damage|p2a: Milotic|76\/100\n|-damage|p2b: Tyranitar|83\/100\n|move|p2a: Milotic|Scald|p1b: \u540e\u5907\u9690\u85cf\u80fd\u6e90\uff08\u6307\u6587\u67da\u679c\uff09\n|-damage|p1b: \u540e\u5907\u9690\u85cf\u80fd\u6e90\uff08\u6307\u6587\u67da\u679c\uff09|76\/100\n|-status|p1b: \u540e\u5907\u9690\u85cf\u80fd\u6e90\uff08\u6307\u6587\u67da\u679c\uff09|brn\n|\n|-weather|Sandstorm|[upkeep]\n|-damage|p1a: \u60ca\u5929\u6d6a\u6d9b\u6740|0 fnt|[from] Sandstorm\n|-damage|p2b: Tyranitar|77\/100|[from] Sandstorm\n|-damage|p1b: \u540e\u5907\u9690\u85cf\u80fd\u6e90\uff08\u6307\u6587\u67da\u679c\uff09|70\/100 brn|[from] Sandstorm\n|-damage|p2a: Milotic|70\/100|[from] Sandstorm\n|faint|p1a: \u60ca\u5929\u6d6a\u6d9b\u6740\n|-heal|p2a: Milotic|76\/100|[from] item: Leftovers\n|-damage|p1b: \u540e\u5907\u9690\u85cf\u80fd\u6e90\uff08\u6307\u6587\u67da\u679c\uff09|64\/100 brn|[from] brn\n|-fieldend|move: Trick Room\n|-fieldend|move: Psychic Terrain\n|upkeep\n|turn|6\n|-message|CXKGIAO forfeited.\n|\n|win|xyzfly\n|l|\u2606CXKGIAO\n|c|&|\/uhtml prompt-xyzfly,xyzfly is ready for game 3!\n|j|\u2606CXKGIAO\n|player|p1|CXKGIAO|dawn-masters3\n","uploadtime":1699799712,"views":13,"p1id":"cxkgiao","p2id":"xyzfly","formatid":"gen9vgc2023regulatione","rating":0,"private":0,"password":""}