{"id":"gen9vgc2023regulatione-1991580755","p1":"InflatableShark","p2":"DonFuron","format":"[Gen 9] VGC 2023 Regulation E","log":"|j|\u2606InflatableShark\n|j|\u2606DonFuron\n|n|\u2606InflatableShark|inflatableshark\n|n|\u2606DonFuron|donfuron\n|html|View the match progress at <a href=\"\/game-bestof3-gen9vgc2023regulatione-1991577800\">game-bestof3-gen9vgc2023regulatione-1991577800<\/a>\n|t:|1700090625\n|gametype|doubles\n|player|p1|InflatableShark|hoopster|\n|player|p2|DonFuron|ghetsis-gen5bw|\n|teamsize|p1|6\n|teamsize|p2|6\n|gen|9\n|tier|[Gen 9] VGC 2023 Regulation E\n|rule|Species Clause: Limit one of each Pok\u00e9mon\n|rule|Item Clause: Limit one of each item\n|clearpoke\n|poke|p1|Ogerpon, L50, F|\n|poke|p1|Jolteon, L50, M|\n|poke|p1|Bombirdier, L50, M|\n|poke|p1|Tauros-Paldea-Aqua, L50, M|\n|poke|p1|Scream Tail, L50|\n|poke|p1|Perrserker, L50, F|\n|poke|p2|Arcanine-Hisui, L50, F|\n|poke|p2|Gothitelle, L50, M|\n|poke|p2|Tornadus-Therian, L50, M|\n|poke|p2|Ogerpon-Wellspring, L50, F|\n|poke|p2|Volbeat, L50, M|\n|poke|p2|Azumarill, L50, F|\n|teampreview|4\n|j| Memes4.0\n|\n|t:|1700090648\n|start\n|switch|p1a: Bombirdier|Bombirdier, L50, M|100\/100\n|switch|p1b: Scream Tail|Scream Tail, L50|100\/100\n|switch|p2a: Pietrie|Tornadus-Therian, L50, M|100\/100\n|switch|p2b: VolBANNED|Volbeat, L50, M|100\/100\n|turn|1\n|\n|t:|1700090668\n|-terastallize|p2a: Pietrie|Ground\n|move|p2a: Pietrie|Nasty Plot|p2a: Pietrie\n|-boost|p2a: Pietrie|spa|2\n|move|p2b: VolBANNED|Infestation|p1b: Scream Tail\n|-damage|p1b: Scream Tail|98\/100\n|-activate|p1b: Scream Tail|move: Infestation|[of] p2b: VolBANNED\n|move|p1a: Bombirdier|Brave Bird|p2b: VolBANNED\n|-supereffective|p2b: VolBANNED\n|-damage|p2b: VolBANNED|0 fnt\n|faint|p2b: VolBANNED\n|-damage|p1a: Bombirdier|68\/100|[from] Recoil\n|move|p1b: Scream Tail|Trick Room|p1b: Scream Tail\n|-fieldstart|move: Trick Room|[of] p1b: Scream Tail\n|\n|-end|p1b: Scream Tail|Infestation|[partiallytrapped]|[silent]\n|upkeep\n|\n|t:|1700090679\n|switch|p2b: funnier than 26|Ogerpon-Wellspring, L50, F|100\/100\n|turn|2\n|\n|t:|1700090718\n|move|p2b: funnier than 26|Spiky Shield|p2b: funnier than 26\n|-singleturn|p2b: funnier than 26|move: Protect\n|move|p1a: Bombirdier|Brave Bird|p2b: funnier than 26\n|-activate|p2b: funnier than 26|move: Protect\n|-damage|p1a: Bombirdier|56\/100|[from] Spiky Shield|[of] p2b: funnier than 26\n|move|p1b: Scream Tail|Psychic|p2b: funnier than 26\n|-activate|p2b: funnier than 26|move: Protect\n|move|p2a: Pietrie|Bleakwind Storm|p1a: Bombirdier|[spread] \n|-miss|p2a: Pietrie|p1a: Bombirdier\n|-miss|p2a: Pietrie|p1b: Scream Tail\n|\n|upkeep\n|turn|3\n|c|\u2606InflatableShark|wow\n|\n|t:|1700090733\n|switch|p2b: Pluto|Arcanine-Hisui, L50, F, shiny|100\/100\n|move|p1a: Bombirdier|Brave Bird|p2b: Pluto\n|-resisted|p2b: Pluto\n|-damage|p2b: Pluto|70\/100\n|-damage|p1a: Bombirdier|45\/100|[from] Recoil\n|move|p1b: Scream Tail|Psychic|p2a: Pietrie\n|-damage|p2a: Pietrie|79\/100\n|move|p2a: Pietrie|Bleakwind Storm|p1b: Scream Tail|[spread] p1a,p1b\n|-crit|p1a: Bombirdier\n|-damage|p1a: Bombirdier|0 fnt\n|-damage|p1b: Scream Tail|61\/100\n|faint|p1a: Bombirdier\n|\n|upkeep\n|\n|t:|1700090741\n|switch|p1a: Tauros|Tauros-Paldea-Aqua, L50, M|100\/100\n|-ability|p1a: Tauros|Intimidate|boost\n|-unboost|p2a: Pietrie|atk|1\n|-unboost|p2b: Pluto|atk|1\n|turn|4\n|\n|t:|1700090750\n|switch|p2a: funnier than 26|Ogerpon-Wellspring, L50, F|100\/100\n|move|p2b: Pluto|Head Smash|p1b: Scream Tail\n|-damage|p1b: Scream Tail|6\/100\n|move|p1b: Scream Tail|Psychic|p2b: Pluto\n|-damage|p2b: Pluto|47\/100\n|move|p1a: Tauros|Close Combat|p2b: Pluto\n|-supereffective|p2b: Pluto\n|-damage|p2b: Pluto|0 fnt\n|-unboost|p1a: Tauros|def|1\n|-unboost|p1a: Tauros|spd|1\n|faint|p2b: Pluto\n|\n|upkeep\n|\n|t:|1700090758\n|switch|p2b: Pietrie|Tornadus-Therian, L50, M, tera:Ground|100\/100\n|turn|5\n|\n|t:|1700090772\n|switch|p1a: Perrserker|Perrserker, L50, F|100\/100\n|move|p2a: funnier than 26|Follow Me|p2a: funnier than 26\n|-singleturn|p2a: funnier than 26|move: Follow Me\n|move|p1b: Scream Tail|Psychic|p2a: funnier than 26\n|-damage|p2a: funnier than 26|78\/100\n|move|p2b: Pietrie|Nasty Plot|p2b: Pietrie\n|-boost|p2b: Pietrie|spa|2\n|\n|-fieldend|move: Trick Room\n|upkeep\n|turn|6\n|\n|t:|1700090793\n|move|p2b: Pietrie|Tera Blast|p1a: Perrserker|[anim] Tera Blast Ground\n|-supereffective|p1a: Perrserker\n|-crit|p1a: Perrserker\n|-damage|p1a: Perrserker|0 fnt\n|faint|p1a: Perrserker\n|move|p2a: funnier than 26|Ivy Cudgel|p1b: Scream Tail|[anim] Ivy Cudgel Water\n|-damage|p1b: Scream Tail|0 fnt\n|faint|p1b: Scream Tail\n|-end|p1b: Scream Tail|Protosynthesis|[silent]\n|\n|upkeep\n|\n|t:|1700090799\n|switch|p1b: Tauros|Tauros-Paldea-Aqua, L50, M|100\/100\n|-ability|p1b: Tauros|Intimidate|boost\n|-unboost|p2a: funnier than 26|atk|1\n|-unboost|p2b: Pietrie|atk|1\n|turn|7\n|c|\u2606InflatableShark|gg\n|\n|t:|1700090803\n|move|p2a: funnier than 26|Follow Me|p2a: funnier than 26\n|-singleturn|p2a: funnier than 26|move: Follow Me\n|move|p1b: Tauros|Close Combat|p2a: funnier than 26\n|-damage|p2a: funnier than 26|27\/100\n|-unboost|p1b: Tauros|def|1\n|-unboost|p1b: Tauros|spd|1\n|move|p2b: Pietrie|Bleakwind Storm|p1b: Tauros\n|-supereffective|p1b: Tauros\n|-damage|p1b: Tauros|0 fnt\n|faint|p1b: Tauros\n|\n|win|DonFuron\n|c|\u2606DonFuron|gg\n|l| Memes4.0\n","uploadtime":1700090887,"views":39,"p1id":"inflatableshark","p2id":"donfuron","formatid":"gen9vgc2023regulatione","rating":0,"private":0,"password":""}