{"id":"gen9vgc2023regulatione-1998378502","p1":"Lautaro Borlinkez","p2":"Restgo","format":"[Gen 9] VGC 2023 Regulation E","log":"|j|\u2606Lautaro Borlinkez\n|j|\u2606Restgo\n|n|\u2606Lautaro Borlinkez|lautaroborlinkez\n|n|\u2606Restgo|restgo\n|html|View the match progress at <a href=\"\/game-bestof3-gen9vgc2023regulatione-1998376222\">game-bestof3-gen9vgc2023regulatione-1998376222<\/a>\n|t:|1700935658\n|gametype|doubles\n|player|p1|Lautaro Borlinkez|170|\n|player|p2|Restgo|hilbert-masters|\n|teamsize|p1|6\n|teamsize|p2|6\n|gen|9\n|tier|[Gen 9] VGC 2023 Regulation E\n|rule|Species Clause: Limit one of each Pok\u00e9mon\n|rule|Item Clause: Limit one of each item\n|clearpoke\n|poke|p1|Cresselia, L50, F|\n|poke|p1|Ursaluna, L50, F|\n|poke|p1|Bronzong, L50|\n|poke|p1|Abomasnow, L50, F|\n|poke|p1|Glastrier, L50|\n|poke|p1|Iron Hands, L50|\n|poke|p2|Mandibuzz, L50, F|\n|poke|p2|Iron Hands, L50|\n|poke|p2|Arcanine, L50, F|\n|poke|p2|Flutter Mane, L50|\n|poke|p2|Dondozo, L50, M|\n|poke|p2|Rillaboom, L50, M|\n|teampreview|4\nRestgo has agreed to open team sheets.\nLautaro Borlinkez has agreed to open team sheets.\n|showteam|p1|Cresselia||MentalHerb|Levitate|Moonblast,TrickRoom,LunarBlessing,Thunderbolt|||F|||50|,,,,,Electric]Ursaluna||FlameOrb|Guts|Protect,Earthquake,Facade,RockSlide|||F|||50|,,,,,Ground]Bronzong||SafetyGoggles|Levitate|TrickRoom,GyroBall,Safeguard,Protect||||||50|,,,,,Fire]Abomasnow||WeaknessPolicy|SnowWarning|GigaDrain,Blizzard,EarthPower,AuroraVeil|||F|||50|,,,,,Water]Glastrier||LifeOrb|ChillingNeigh|IcicleCrash,StompingTantrum,HeavySlam,SwordsDance||||||50|,,,,,Ice]Iron Hands||AssaultVest|QuarkDrive|DrainPunch,WildCharge,VoltSwitch,FakeOut||||||50|,,,,,Flying\n|showteam|p2|Mandibuzz||RockyHelmet|Overcoat|Tailwind,Taunt,Snarl,FoulPlay|||F|||50|,,,,,Ghost]Iron Hands||AssaultVest|QuarkDrive|WildCharge,DrainPunch,IcePunch,FakeOut||||||50|,,,,,Fire]Arcanine||SitrusBerry|Intimidate|Howl,WillOWisp,FlareBlitz,Protect|||F|||50|,,,,,Water]Flutter Mane||ChoiceSpecs|Protosynthesis|DazzlingGleam,Moonblast,ShadowBall,Psyshock||||||50|,,,,,Fairy]Dondozo||Leftovers|Oblivious|Protect,Yawn,WaveCrash,HeavySlam|||M|||50|,,,,,Poison]Rillaboom||MiracleSeed|GrassySurge|FakeOut,WoodHammer,GrassyGlide,HighHorsepower|||M|||50|,,,,,Poison\n|inactive|Battle timer is ON: inactive players will automatically lose when time's up. (requested by Restgo)\n|j| ArceusVGC\n|c|\u2606Restgo|ringui dingui\n|\n|t:|1700935706\n|start\n|switch|p1a: Abomasnow|Abomasnow, L50, F|100\/100\n|switch|p1b: Cresselia|Cresselia, L50, F|100\/100\n|switch|p2a: Huertana|Mandibuzz, L50, F|100\/100\n|switch|p2b: Flutter Mane|Flutter Mane, L50|100\/100\n|-weather|Snow|[from] ability: Snow Warning|[of] p1a: Abomasnow\n|turn|1\n|j| ARANHADUMARAR\n|\n|t:|1700935723\n|-terastallize|p1b: Cresselia|Electric\n|move|p2b: Flutter Mane|Shadow Ball|p1b: Cresselia\n|-damage|p1b: Cresselia|69\/100\n|-unboost|p1b: Cresselia|spd|1\n|move|p2a: Huertana|Snarl|p1a: Abomasnow|[spread] p1a,p1b\n|-damage|p1a: Abomasnow|91\/100\n|-damage|p1b: Cresselia|62\/100\n|-unboost|p1a: Abomasnow|spa|1\n|-unboost|p1b: Cresselia|spa|1\n|move|p1a: Abomasnow|Blizzard|p2a: Huertana|[spread] p2a,p2b\n|-supereffective|p2a: Huertana\n|-damage|p2a: Huertana|66\/100\n|-damage|p2b: Flutter Mane|80\/100\n|move|p1b: Cresselia|Trick Room|p1b: Cresselia\n|-fieldstart|move: Trick Room|[of] p1b: Cresselia\n|\n|-weather|Snow|[upkeep]\n|upkeep\n|turn|2\n|j| Lukitax_NM\n|\n|t:|1700935743\n|move|p1a: Abomasnow|Blizzard|p2b: Flutter Mane|[spread] p2a,p2b\n|-supereffective|p2a: Huertana\n|-damage|p2a: Huertana|34\/100\n|-damage|p2b: Flutter Mane|58\/100\n|move|p1b: Cresselia|Thunderbolt|p2b: Flutter Mane\n|-damage|p2b: Flutter Mane|44\/100\n|-status|p2b: Flutter Mane|par\n|cant|p2b: Flutter Mane|par\n|move|p2a: Huertana|Snarl|p1b: Cresselia|[spread] p1a,p1b\n|-damage|p1a: Abomasnow|82\/100\n|-damage|p1b: Cresselia|54\/100\n|-unboost|p1a: Abomasnow|spa|1\n|-unboost|p1b: Cresselia|spa|1\n|\n|-weather|Snow|[upkeep]\n|upkeep\n|turn|3\n|\n|t:|1700935759\n|move|p1a: Abomasnow|Blizzard|p2b: Flutter Mane|[spread] p2a,p2b\n|-supereffective|p2a: Huertana\n|-damage|p2a: Huertana|8\/100\n|-damage|p2b: Flutter Mane|28\/100 par\n|cant|p2b: Flutter Mane|par\n|move|p1b: Cresselia|Thunderbolt|p2a: Huertana\n|-supereffective|p2a: Huertana\n|-damage|p2a: Huertana|0 fnt\n|faint|p2a: Huertana\n|\n|-weather|Snow|[upkeep]\n|upkeep\n|\n|t:|1700935772\n|switch|p2a: Arcanine|Arcanine, L50, F|100\/100\n|-ability|p2a: Arcanine|Intimidate|boost\n|-unboost|p1a: Abomasnow|atk|1\n|-unboost|p1b: Cresselia|atk|1\n|turn|4\n|\n|t:|1700935779\n|switch|p1a: Ursaluna|Ursaluna, L50, F|100\/100\n|move|p2b: Flutter Mane|Shadow Ball|p1b: Cresselia\n|-damage|p1b: Cresselia|0 fnt\n|faint|p1b: Cresselia\n|move|p2a: Arcanine|Flare Blitz|p1a: Ursaluna\n|-damage|p1a: Ursaluna|68\/100\n|-damage|p2a: Arcanine|87\/100|[from] Recoil\n|\n|-weather|Snow|[upkeep]\n|-status|p1a: Ursaluna|brn|[from] item: Flame Orb\n|upkeep\n|c| ARANHADUMARAR|ese flutter es pacifista\n|\n|t:|1700935786\n|switch|p1b: Bronzong|Bronzong, L50|100\/100\n|turn|5\n|\n|t:|1700935801\n|move|p2a: Arcanine|Protect|p2a: Arcanine\n|-singleturn|p2a: Arcanine|Protect\n|move|p1b: Bronzong|Gyro Ball|p2a: Arcanine\n|-activate|p2a: Arcanine|move: Protect\n|move|p1a: Ursaluna|Earthquake|p2b: Flutter Mane|[spread] p2b\n|-activate|p2a: Arcanine|move: Protect\n|-immune|p1b: Bronzong|[from] ability: Levitate\n|-damage|p2b: Flutter Mane|0 fnt\n|faint|p2b: Flutter Mane\n|-end|p2b: Flutter Mane|Protosynthesis|[silent]\n|\n|-weather|none\n|-damage|p1a: Ursaluna|62\/100 brn|[from] brn\n|-fieldend|move: Trick Room\n|upkeep\n|\n|t:|1700935808\n|switch|p2b: Dondozo|Dondozo, L50, M|100\/100\n|turn|6\n|\n|t:|1700935827\n|-terastallize|p2a: Arcanine|Water\n|move|p1a: Ursaluna|Protect|p1a: Ursaluna\n|-singleturn|p1a: Ursaluna|Protect\n|move|p2a: Arcanine|Flare Blitz|p1b: Bronzong\n|-supereffective|p1b: Bronzong\n|-damage|p1b: Bronzong|27\/100\n|-damage|p2a: Arcanine|63\/100|[from] Recoil\n|move|p2b: Dondozo|Wave Crash|p1a: Ursaluna\n|-activate|p1a: Ursaluna|move: Protect\n|move|p1b: Bronzong|Trick Room|p1b: Bronzong\n|-fieldstart|move: Trick Room|[of] p1b: Bronzong\n|\n|-damage|p1a: Ursaluna|56\/100 brn|[from] brn\n|upkeep\n|turn|7\n|\n|t:|1700935840\n|move|p1b: Bronzong|Gyro Ball|p2a: Arcanine\n|-resisted|p2a: Arcanine\n|-damage|p2a: Arcanine|45\/100\n|-enditem|p2a: Arcanine|Sitrus Berry|[eat]\n|-heal|p2a: Arcanine|70\/100|[from] item: Sitrus Berry\n|move|p2b: Dondozo|Wave Crash|p1a: Ursaluna\n|-supereffective|p1a: Ursaluna\n|-damage|p1a: Ursaluna|0 fnt\n|faint|p1a: Ursaluna\n|-damage|p2b: Dondozo|83\/100|[from] Recoil\n|move|p2a: Arcanine|Flare Blitz|p1b: Bronzong\n|-supereffective|p1b: Bronzong\n|-damage|p1b: Bronzong|0 fnt\n|faint|p1b: Bronzong\n|-damage|p2a: Arcanine|61\/100|[from] Recoil\n|\n|-heal|p2b: Dondozo|90\/100|[from] item: Leftovers\n|upkeep\n|\n|t:|1700935848\n|switch|p1b: Abomasnow|Abomasnow, L50, F|82\/100\n|-weather|Snow|[from] ability: Snow Warning|[of] p1b: Abomasnow\n|turn|8\n|\n|t:|1700935860\n|move|p2a: Arcanine|Protect|p2a: Arcanine\n|-singleturn|p2a: Arcanine|Protect\n|move|p2b: Dondozo|Yawn|p1b: Abomasnow\n|-start|p1b: Abomasnow|move: Yawn|[of] p2b: Dondozo\n|move|p1b: Abomasnow|Giga Drain|p2a: Arcanine\n|-activate|p2a: Arcanine|move: Protect\n|\n|-weather|Snow|[upkeep]\n|-heal|p2b: Dondozo|96\/100|[from] item: Leftovers\n|upkeep\n|turn|9\n|c| Lukitax_NM|aboma hace la epica?\n|\n|t:|1700935875\n|move|p2a: Arcanine|Protect||[still]\n|-fail|p2a: Arcanine\n|move|p2b: Dondozo|Wave Crash|p1b: Abomasnow\n|-resisted|p1b: Abomasnow\n|-damage|p1b: Abomasnow|65\/100\n|-damage|p2b: Dondozo|91\/100|[from] Recoil\n|move|p1b: Abomasnow|Giga Drain|p2a: Arcanine\n|-supereffective|p2a: Arcanine\n|-damage|p2a: Arcanine|0 fnt\n|-heal|p1b: Abomasnow|93\/100|[from] drain|[of] p2a: Arcanine\n|faint|p2a: Arcanine\n|\n|-weather|Snow|[upkeep]\n|-heal|p2b: Dondozo|98\/100|[from] item: Leftovers\n|-end|p1b: Abomasnow|move: Yawn|[silent]\n|-status|p1b: Abomasnow|slp\n|upkeep\n|turn|10\n|c| ArceusVGC|Gg\n|c| ARANHADUMARAR|esto es hist\u00f3rico\n|\n|t:|1700935892\n|move|p2b: Dondozo|Wave Crash|p1b: Abomasnow\n|-resisted|p1b: Abomasnow\n|-damage|p1b: Abomasnow|76\/100 slp\n|-damage|p2b: Dondozo|93\/100|[from] Recoil\n|cant|p1b: Abomasnow|slp\n|\n|-weather|Snow|[upkeep]\n|-heal|p2b: Dondozo|99\/100|[from] item: Leftovers\n|-fieldend|move: Trick Room\n|upkeep\n|turn|11\n|c| Lukitax_NM|dale con heavy\n|\n|t:|1700935903\n|-curestatus|p1b: Abomasnow|slp|[msg]\n|move|p1b: Abomasnow|Giga Drain|p2b: Dondozo\n|-supereffective|p2b: Dondozo\n|-damage|p2b: Dondozo|48\/100\n|-heal|p1b: Abomasnow|100\/100|[from] drain|[of] p2b: Dondozo\n|move|p2b: Dondozo|Wave Crash|p1b: Abomasnow\n|-resisted|p1b: Abomasnow\n|-damage|p1b: Abomasnow|83\/100\n|-damage|p2b: Dondozo|44\/100|[from] Recoil\n|\n|-weather|Snow|[upkeep]\n|-heal|p2b: Dondozo|50\/100|[from] item: Leftovers\n|upkeep\n|turn|12\n|c| Lukitax_NM|sin miedo a la weackness\n|c| ArceusVGC|Gg\n|\n|t:|1700935913\n|move|p1b: Abomasnow|Aurora Veil|p1b: Abomasnow\n|-sidestart|p1: Lautaro Borlinkez|move: Aurora Veil\n|move|p2b: Dondozo|Heavy Slam|p1b: Abomasnow\n|-supereffective|p1b: Abomasnow\n|-damage|p1b: Abomasnow|72\/100\n|-enditem|p1b: Abomasnow|Weakness Policy\n|-boost|p1b: Abomasnow|atk|2|[from] item: Weakness Policy\n|-boost|p1b: Abomasnow|spa|2|[from] item: Weakness Policy\n|\n|-weather|none\n|-heal|p2b: Dondozo|56\/100|[from] item: Leftovers\n|upkeep\n|turn|13\n|c| Lukitax_NM|XD\n|c| ARANHADUMARAR|es verdad\n|\n|t:|1700935924\n|move|p1b: Abomasnow|Giga Drain|p2b: Dondozo\n|-supereffective|p2b: Dondozo\n|-damage|p2b: Dondozo|0 fnt\n|-heal|p1b: Abomasnow|100\/100|[from] drain|[of] p2b: Dondozo\n|faint|p2b: Dondozo\n|\n|win|Lautaro Borlinkez\n|c| ArceusVGC|Estoy viendo\n|c|\u2606Lautaro Borlinkez|Gg\n|c|\u2606Restgo|ggs\n|c| Lukitax_NM|ggs\n|c| ArceusVGC|Un abomasnow\n|c| ArceusVGC|En la final\n|c| ArceusVGC|Legends\n|c|\u2606Lautaro Borlinkez|Gracias\n|l|\u2606Restgo\n|c|\u2606Lautaro Borlinkez|Dios abomasnow\n|l| Lukitax_NM\n|l|\u2606Lautaro Borlinkez\n|j| Sa4dUs\n","uploadtime":1700936079,"views":2,"p1id":"lautaroborlinkez","p2id":"restgo","formatid":"gen9vgc2023regulatione","rating":0,"private":0,"password":""}