{"id":"gen9vgc2023regulatione-1997915205","p1":"thedistortionzone","p2":"CrowTechVGC","format":"[Gen 9] VGC 2023 Regulation E","log":"|j|\u2606thedistortionzone\n|j|\u2606CrowTechVGC\n|n|\u2606thedistortionzone|thedistortionzone\n|n|\u2606CrowTechVGC|crowtechvgc\n|html|View the match progress at <a href=\"\/game-bestof3-gen9vgc2023regulatione-1997910956\">game-bestof3-gen9vgc2023regulatione-1997910956<\/a>\n|t:|1700866974\n|gametype|doubles\n|player|p1|thedistortionzone|lucas|\n|player|p2|CrowTechVGC|benga|\n|teamsize|p1|6\n|teamsize|p2|6\n|gen|9\n|tier|[Gen 9] VGC 2023 Regulation E\n|rule|Species Clause: Limit one of each Pok\u00e9mon\n|rule|Item Clause: Limit one of each item\n|clearpoke\n|poke|p1|Rillaboom, L50, M|\n|poke|p1|Volbeat, L50, M|\n|poke|p1|Spiritomb, L50, M|\n|poke|p1|Azelf, L50|\n|poke|p1|Baxcalibur, L50, F|\n|poke|p1|Lucario, L50, M|\n|poke|p2|Ogerpon-Wellspring, L50, F|\n|poke|p2|Tornadus, L50, M|\n|poke|p2|Raichu, L50, M|\n|poke|p2|Annihilape, L50, F|\n|poke|p2|Maushold, L50|\n|poke|p2|Politoed, L50, F|\n|teampreview|4\n|c|\u2606CrowTechVGC|g2 glhf\n|c|\u2606thedistortionzone|glhf\n|\n|t:|1700867045\n|start\n|switch|p1a: Volbeat|Volbeat, L50, M|100\/100\n|switch|p1b: Baxcalibur|Baxcalibur, L50, F|100\/100\n|switch|p2a: Annihilape|Annihilape, L50, F|100\/100\n|switch|p2b: Maushold|Maushold, L50|100\/100\n|turn|1\n|\n|t:|1700867086\n|move|p1a: Volbeat|Tailwind|p1a: Volbeat\n|-sidestart|p1: thedistortionzone|move: Tailwind\n|move|p1b: Baxcalibur|Glaive Rush|p2b: Maushold\n|-damage|p2b: Maushold|0 fnt\n|-singlemove|p1b: Baxcalibur|Glaive Rush|[silent]\n|faint|p2b: Maushold\n|move|p2a: Annihilape|Bulk Up|p2a: Annihilape\n|-boost|p2a: Annihilape|atk|1\n|-boost|p2a: Annihilape|def|1\n|\n|upkeep\n|\n|t:|1700867097\n|switch|p2b: Ogerpon|Ogerpon-Wellspring, L50, F|100\/100\n|turn|2\n|\n|t:|1700867112\n|move|p2a: Annihilape|Protect|p2a: Annihilape\n|-singleturn|p2a: Annihilape|Protect\n|move|p1a: Volbeat|Encore|p2a: Annihilape\n|-activate|p2a: Annihilape|move: Protect\n|move|p1b: Baxcalibur|Glaive Rush|p2b: Ogerpon\n|-damage|p2b: Ogerpon|0 fnt\n|-singlemove|p1b: Baxcalibur|Glaive Rush|[silent]\n|faint|p2b: Ogerpon\n|\n|upkeep\n|\n|t:|1700867122\n|switch|p2b: Tornadus|Tornadus, L50, M|100\/100\n|turn|3\n|\n|t:|1700867141\n|-terastallize|p2a: Annihilape|Steel\n|move|p1a: Volbeat|Encore|p2a: Annihilape\n|-start|p2a: Annihilape|Encore\n|move|p1b: Baxcalibur|Glaive Rush|p2b: Tornadus\n|-damage|p2b: Tornadus|0 fnt\n|-singlemove|p1b: Baxcalibur|Glaive Rush|[silent]\n|faint|p2b: Tornadus\n|move|p2a: Annihilape|Protect||[still]\n|-fail|p2a: Annihilape\n|\n|upkeep\n|turn|4\n|\n|t:|1700867157\n|switch|p1a: Rillaboom|Rillaboom, L50, M|100\/100\n|-fieldstart|move: Grassy Terrain|[from] ability: Grassy Surge|[of] p1a: Rillaboom\n|switch|p1b: Spiritomb|Spiritomb, L50, M|100\/100\n|-ability|p1b: Spiritomb|Pressure\n|move|p2a: Annihilape|Protect||[still]\n|-fail|p2a: Annihilape\n|\n|-sideend|p1: thedistortionzone|move: Tailwind\n|upkeep\n|turn|5\n|\n|t:|1700867172\n|move|p2a: Annihilape|Protect|p2a: Annihilape\n|-singleturn|p2a: Annihilape|Protect\n|move|p1a: Rillaboom|Leech Seed|p2a: Annihilape\n|-activate|p2a: Annihilape|move: Protect\n|move|p1b: Spiritomb|Will-O-Wisp|p2a: Annihilape\n|-activate|p2a: Annihilape|move: Protect\n|\n|-end|p2a: Annihilape|Encore\n|upkeep\n|turn|6\n|\n|t:|1700867180\n|move|p2a: Annihilape|Bulk Up|p2a: Annihilape\n|-boost|p2a: Annihilape|atk|1\n|-boost|p2a: Annihilape|def|1\n|move|p1a: Rillaboom|Leech Seed|p2a: Annihilape\n|-start|p2a: Annihilape|move: Leech Seed\n|move|p1b: Spiritomb|Will-O-Wisp|p2a: Annihilape|[miss]\n|-miss|p1b: Spiritomb|p2a: Annihilape\n|\n|-damage|p2a: Annihilape|88\/100|[from] Leech Seed|[of] p1a: Rillaboom\n|upkeep\n|turn|7\n|\n|t:|1700867216\n|move|p1a: Rillaboom|Protect|p1a: Rillaboom\n|-singleturn|p1a: Rillaboom|Protect\n|move|p2a: Annihilape|Drain Punch|p1a: Rillaboom\n|-activate|p1a: Rillaboom|move: Protect\n|move|p1b: Spiritomb|Will-O-Wisp|p2a: Annihilape|[miss]\n|-miss|p1b: Spiritomb|p2a: Annihilape\n|\n|-heal|p2a: Annihilape|94\/100|[from] Grassy Terrain\n|-heal|p2a: Annihilape|99\/100|[from] item: Leftovers\n|-damage|p2a: Annihilape|88\/100|[from] Leech Seed|[of] p1a: Rillaboom\n|upkeep\n|turn|8\n|\n|t:|1700867229\n|switch|p1a: Volbeat|Volbeat, L50, M|100\/100\n|move|p2a: Annihilape|Drain Punch|p1a: Volbeat\n|-resisted|p1a: Volbeat\n|-damage|p1a: Volbeat|59\/100\n|-heal|p2a: Annihilape|100\/100|[from] drain|[of] p1a: Volbeat\n|move|p1b: Spiritomb|Will-O-Wisp|p2a: Annihilape\n|-status|p2a: Annihilape|brn\n|\n|-heal|p1a: Volbeat|65\/100|[from] Grassy Terrain\n|-damage|p2a: Annihilape|88\/100 brn|[from] Leech Seed|[of] p1a: Volbeat\n|-heal|p1a: Volbeat|81\/100|[silent]\n|-damage|p2a: Annihilape|82\/100 brn|[from] brn\n|-fieldend|move: Grassy Terrain\n|upkeep\n|turn|9\n|\n|t:|1700867240\n|move|p1a: Volbeat|Tailwind|p1a: Volbeat\n|-sidestart|p1: thedistortionzone|move: Tailwind\n|move|p2a: Annihilape|Rage Fist|p1a: Volbeat\n|-damage|p1a: Volbeat|53\/100\n|move|p1b: Spiritomb|Pain Split|p2a: Annihilape\n|-sethp|p2a: Annihilape|71\/100 brn|[from] move: Pain Split|[silent]\n|-sethp|p1b: Spiritomb|100\/100|[from] move: Pain Split\n|\n|-heal|p2a: Annihilape|77\/100 brn|[from] item: Leftovers\n|-damage|p2a: Annihilape|65\/100 brn|[from] Leech Seed|[of] p1a: Volbeat\n|-heal|p1a: Volbeat|69\/100|[silent]\n|-damage|p2a: Annihilape|59\/100 brn|[from] brn\n|upkeep\n|turn|10\n|c|\u2606CrowTechVGC|gg. me thinking glaive rush was a recharge move smh\n|\n|t:|1700867270\n|move|p1a: Volbeat|Protect|p1a: Volbeat\n|-singleturn|p1a: Volbeat|Protect\n|move|p2a: Annihilape|Rage Fist|p1a: Volbeat\n|-activate|p1a: Volbeat|move: Protect\n|move|p1b: Spiritomb|Pain Split|p2a: Annihilape\n|-sethp|p2a: Annihilape|60\/100 brn|[from] move: Pain Split|[silent]\n|-sethp|p1b: Spiritomb|99\/100|[from] move: Pain Split\n|\n|-heal|p2a: Annihilape|66\/100 brn|[from] item: Leftovers\n|-damage|p2a: Annihilape|53\/100 brn|[from] Leech Seed|[of] p1a: Volbeat\n|-heal|p1a: Volbeat|85\/100|[silent]\n|-damage|p2a: Annihilape|48\/100 brn|[from] brn\n|upkeep\n|turn|11\n|c|\u2606thedistortionzone|yea\n|\n|t:|1700867279\n|switch|p1b: Baxcalibur|Baxcalibur, L50, F|100\/100\n|move|p1a: Volbeat|Tailwind||[still]\n|-fail|p1a: Volbeat\n|move|p2a: Annihilape|Rage Fist|p1a: Volbeat\n|-damage|p1a: Volbeat|57\/100\n|\n|-heal|p2a: Annihilape|53\/100 brn|[from] item: Leftovers\n|-damage|p2a: Annihilape|41\/100 brn|[from] Leech Seed|[of] p1a: Volbeat\n|-heal|p1a: Volbeat|73\/100|[silent]\n|-damage|p2a: Annihilape|35\/100 brn|[from] brn\n|upkeep\n|turn|12\n|\n|t:|1700867288\n|-terastallize|p1b: Baxcalibur|Poison\n|move|p1a: Volbeat|Bug Buzz|p2a: Annihilape\n|-resisted|p2a: Annihilape\n|-damage|p2a: Annihilape|28\/100 brn\n|move|p1b: Baxcalibur|High Horsepower|p2a: Annihilape\n|-supereffective|p2a: Annihilape\n|-damage|p2a: Annihilape|0 fnt\n|faint|p2a: Annihilape\n|\n|win|thedistortionzone\n|c|\u2606thedistortionzone|gg man\n|c|\u2606CrowTechVGC|ggs\n|l|\u2606CrowTechVGC\n","uploadtime":1700867351,"views":9,"p1id":"thedistortionzone","p2id":"crowtechvgc","formatid":"gen9vgc2023regulatione","rating":0,"private":0,"password":""}