{"id":"gen9vgc2023regulatione-1993247193","p1":"PrismaAce","p2":"beewatree","format":"[Gen 9] VGC 2023 Regulation E","log":"|j|\u2606PrismaAce\n|j|\u2606beewatree\n|n|\u2606PrismaAce|prismaace\n|n|\u2606beewatree|beewatree\n|html|View the match progress at <a href=\"\/game-bestof3-gen9vgc2023regulatione-1993247192\">game-bestof3-gen9vgc2023regulatione-1993247192<\/a>\n|t:|1700283761\n|gametype|doubles\n|player|p1|PrismaAce|clair|\n|player|p2|beewatree|170|\n|teamsize|p1|6\n|teamsize|p2|6\n|gen|9\n|tier|[Gen 9] VGC 2023 Regulation E\n|rule|Species Clause: Limit one of each Pok\u00e9mon\n|rule|Item Clause: Limit one of each item\n|clearpoke\n|poke|p1|Orthworm, L50, M|\n|poke|p1|Mienshao, L50, M|\n|poke|p1|Garchomp, L50, M|\n|poke|p1|Tauros-Paldea-Aqua, L50, M|\n|poke|p1|Wo-Chien, L50|\n|poke|p1|Ceruledge, L50, M|\n|poke|p2|Toxtricity, L50, F|\n|poke|p2|Pincurchin, L50, F|\n|poke|p2|Noivern, L50, F|\n|poke|p2|Sableye, L50, F|\n|poke|p2|Electrode-Hisui, L50|\n|poke|p2|Enamorus, L50, F|\n|teampreview|4\nbeewatree has agreed to open team sheets.\nPrismaAce has agreed to open team sheets.\n|showteam|p1|Orthworm||SitrusBerry|EarthEater|Protect,ShedTail,IronDefense,BodyPress|||M|||50|,,,,,Fire]Mienshao||FocusSash|Regenerator|FakeOut,CloseCombat,Uturn,WideGuard|||M|||50|,,,,,Grass]Garchomp||LoadedDice|RoughSkin|Earthquake,ScaleShot,Protect,SwordsDance|||M|||50|,,,,,Water]Tauros-Paldea-Aqua||SafetyGoggles|Intimidate|RagingBull,CloseCombat,AquaJet,Protect|||M|||50|,,,,,Poison]Wo-Chien||MiracleSeed|TabletsofRuin|GigaDrain,LeechSeed,FoulPlay,Protect||||||50|,,,,,Fairy]Ceruledge||Leftovers|FlashFire|BitterBlade,Poltergeist,Protect,BulkUp|||M|||50|,,,,,Grass\n|showteam|p2|Toxtricity||ThroatSpray|PunkRock|Boomburst,Overdrive,HyperVoice,Protect|||F|||50|,,,,,Ghost]Pincurchin||AssaultVest|ElectricSurge|Scald,HydroPump,Thunder,Discharge|||F|||50|,,,,,Water]Noivern||CovertCloak|Telepathy|Tailwind,Boomburst,DracoMeteor,Whirlwind|||F|||50|,,,,,Normal]Sableye||SitrusBerry|Prankster|Encore,Disable,Quash,Gravity|||F|||50|,,,,,Dark]Electrode-Hisui||FocusSash|Soundproof|Chloroblast,ThunderWave,Taunt,Thunder||||||50|,,,,,Electric]Enamorus||LifeOrb|Contrary|SpringtideStorm,FocusBlast,EarthPower,Protect|||F|||50|,,,,,Fairy\n|c|\u2606beewatree|glhf\n|c|\u2606PrismaAce|u2\n|\n|t:|1700283873\n|start\n|switch|p1a: Floppy Hands|Mienshao, L50, M|100\/100\n|switch|p1b: :eatDirt:|Orthworm, L50, M|100\/100\n|switch|p2a: Noivern|Noivern, L50, F|100\/100\n|switch|p2b: Sableye|Sableye, L50, F|100\/100\n|turn|1\n|\n|t:|1700283948\n|switch|p2b: Enamorus|Enamorus, L50, F|100\/100\n|move|p2a: Noivern|Boomburst|p1a: Floppy Hands|[spread] p2b,p1a,p1b\n|-resisted|p1b: :eatDirt:\n|-damage|p2b: Enamorus|61\/100\n|-damage|p1a: Floppy Hands|40\/100\n|-damage|p1b: :eatDirt:|84\/100\n|move|p1a: Floppy Hands|U-turn|p2a: Noivern\n|-resisted|p2a: Noivern\n|-damage|p2a: Noivern|84\/100\n|\n|t:|1700283958\n|switch|p1a: Live Reaction|Wo-Chien, L50|100\/100|[from] U-turn\n|-ability|p1a: Live Reaction|Tablets of Ruin\n|move|p1b: :eatDirt:|Shed Tail|p1b: :eatDirt:\n|-start|p1b: :eatDirt:|Substitute|[from] move: Shed Tail\n|-damage|p1b: :eatDirt:|34\/100\n|-enditem|p1b: :eatDirt:|Sitrus Berry|[eat]\n|-heal|p1b: :eatDirt:|59\/100|[from] item: Sitrus Berry\n|\n|t:|1700283970\n|switch|p1b: Cerulean|Ceruledge, L50, M|100\/100|[from] Shed Tail\n|\n|upkeep\n|turn|2\n|\n|t:|1700284004\n|-terastallize|p1a: Live Reaction|Fairy\n|move|p2b: Enamorus|Focus Blast|p1a: Live Reaction\n|-resisted|p1a: Live Reaction\n|-damage|p1a: Live Reaction|84\/100\n|-unboost|p1a: Live Reaction|spd|1\n|-damage|p2b: Enamorus|51\/100|[from] item: Life Orb\n|move|p1b: Cerulean|Poltergeist|p2a: Noivern|[miss]\n|-miss|p1b: Cerulean|p2a: Noivern\n|move|p1a: Live Reaction|Leech Seed|p2b: Enamorus\n|-start|p2b: Enamorus|move: Leech Seed\n|move|p2a: Noivern|Whirlwind|p1b: Cerulean\n|drag|p1b: Floppy Hands|Mienshao, L50, M|73\/100\n|\n|-damage|p2b: Enamorus|39\/100|[from] Leech Seed|[of] p1a: Live Reaction\n|-heal|p1a: Live Reaction|94\/100|[silent]\n|upkeep\n|turn|3\n|\n|t:|1700284047\n|switch|p2b: Sableye|Sableye, L50, F|100\/100\n|switch|p1a: :eatDirt:|Orthworm, L50, M|59\/100\n|move|p2a: Noivern|Boomburst|p1a: :eatDirt:|[spread] p1a,p1b\n|-immune|p2b: Sableye\n|-resisted|p1a: :eatDirt:\n|-damage|p1a: :eatDirt:|42\/100\n|-damage|p1b: Floppy Hands|16\/100\n|move|p1b: Floppy Hands|U-turn|p2a: Noivern\n|-resisted|p2a: Noivern\n|-damage|p2a: Noivern|69\/100\n|\n|t:|1700284067\n|switch|p1b: Live Reaction|Wo-Chien, L50, tera:Fairy|94\/100|[from] U-turn\n|-ability|p1b: Live Reaction|Tablets of Ruin\n|\n|upkeep\n|turn|4\n|\n|t:|1700284109\n|switch|p1a: Cerulean|Ceruledge, L50, M|100\/100\n|move|p2b: Sableye|Quash|p1b: Live Reaction\n|-activate|p1b: Live Reaction|move: Quash\n|move|p2a: Noivern|Boomburst|p1a: Cerulean|[spread] p1b\n|-immune|p2b: Sableye\n|-immune|p1a: Cerulean\n|-damage|p1b: Live Reaction|79\/100\n|move|p1b: Live Reaction|Leech Seed|p2a: Noivern\n|-start|p2a: Noivern|move: Leech Seed\n|\n|-damage|p2a: Noivern|57\/100|[from] Leech Seed|[of] p1b: Live Reaction\n|-heal|p1b: Live Reaction|89\/100|[silent]\n|upkeep\n|turn|5\n|\n|t:|1700284144\n|switch|p2b: Pincurchin|Pincurchin, L50, F|100\/100\n|-fieldstart|move: Electric Terrain|[from] ability: Electric Surge|[of] p2b: Pincurchin\n|move|p2a: Noivern|Draco Meteor|p1a: Cerulean\n|-damage|p1a: Cerulean|52\/100\n|-unboost|p2a: Noivern|spa|2\n|move|p1a: Cerulean|Poltergeist|p2b: Pincurchin\n|-activate|p2b: Pincurchin|move: Poltergeist|Assault Vest\n|-damage|p2b: Pincurchin|60\/100\n|move|p1b: Live Reaction|Leech Seed|p2b: Pincurchin|[miss]\n|-miss|p1b: Live Reaction|p2b: Pincurchin\n|\n|-heal|p1a: Cerulean|58\/100|[from] item: Leftovers\n|-damage|p2a: Noivern|45\/100|[from] Leech Seed|[of] p1b: Live Reaction\n|-heal|p1b: Live Reaction|99\/100|[silent]\n|upkeep\n|turn|6\n|\n|t:|1700284180\n|switch|p2a: Sableye|Sableye, L50, F|100\/100\n|move|p1a: Cerulean|Protect|p1a: Cerulean\n|-singleturn|p1a: Cerulean|Protect\n|move|p1b: Live Reaction|Leech Seed|p2a: Sableye\n|-start|p2a: Sableye|move: Leech Seed\n|move|p2b: Pincurchin|Scald|p1a: Cerulean\n|-activate|p1a: Cerulean|move: Protect\n|\n|-heal|p1a: Cerulean|64\/100|[from] item: Leftovers\n|-damage|p2a: Sableye|88\/100|[from] Leech Seed|[of] p1b: Live Reaction\n|-heal|p1b: Live Reaction|100\/100|[silent]\n|upkeep\n|turn|7\n|\n|t:|1700284215\n|switch|p1a: :eatDirt:|Orthworm, L50, M|42\/100\n|move|p2a: Sableye|Gravity|p2a: Sableye\n|-fieldstart|move: Gravity\n|move|p1b: Live Reaction|Leech Seed|p2b: Pincurchin\n|-start|p2b: Pincurchin|move: Leech Seed\n|move|p2b: Pincurchin|Hydro Pump|p1a: :eatDirt:\n|-damage|p1a: :eatDirt:|4\/100\n|\n|-damage|p2a: Sableye|76\/100|[from] Leech Seed|[of] p1b: Live Reaction\n|-damage|p2b: Pincurchin|48\/100|[from] Leech Seed|[of] p1b: Live Reaction\n|upkeep\n|turn|8\n|\n|t:|1700284257\n|switch|p2a: Noivern|Noivern, L50, F|45\/100\n|move|p1b: Live Reaction|Giga Drain|p2a: Noivern\n|-resisted|p2a: Noivern\n|-crit|p2a: Noivern\n|-damage|p2a: Noivern|31\/100\n|move|p1a: :eatDirt:|Body Press|p2b: Pincurchin\n|-damage|p2b: Pincurchin|22\/100\n|move|p2b: Pincurchin|Discharge|p1b: Live Reaction|[spread] p1a,p1b\n|-activate|p2a: Noivern|ability: Telepathy\n|-damage|p1a: :eatDirt:|0 fnt\n|-damage|p1b: Live Reaction|83\/100\n|-status|p1b: Live Reaction|par\n|faint|p1a: :eatDirt:\n|\n|-damage|p2b: Pincurchin|10\/100|[from] Leech Seed|[of] p1b: Live Reaction\n|-heal|p1b: Live Reaction|93\/100 par|[silent]\n|upkeep\n|\n|t:|1700284280\n|switch|p1a: Cerulean|Ceruledge, L50, M|64\/100\n|turn|9\n|\n|t:|1700284342\n|switch|p2b: Sableye|Sableye, L50, F|76\/100\n|-terastallize|p2a: Noivern|Normal\n|move|p2a: Noivern|Boomburst|p1a: Cerulean|[spread] p1b\n|-immune|p2b: Sableye\n|-immune|p1a: Cerulean\n|-damage|p1b: Live Reaction|68\/100 par\n|move|p1a: Cerulean|Bitter Blade|p2b: Sableye\n|-damage|p2b: Sableye|39\/100\n|-heal|p1a: Cerulean|80\/100|[from] drain|[of] p2b: Sableye\n|-enditem|p2b: Sableye|Sitrus Berry|[eat]\n|-heal|p2b: Sableye|64\/100|[from] item: Sitrus Berry\n|move|p1b: Live Reaction|Leech Seed|p2a: Noivern\n|-start|p2a: Noivern|move: Leech Seed\n|\n|-heal|p1a: Cerulean|86\/100|[from] item: Leftovers\n|-damage|p2a: Noivern|19\/100|[from] Leech Seed|[of] p1b: Live Reaction\n|-heal|p1b: Live Reaction|79\/100 par|[silent]\n|-fieldend|move: Electric Terrain\n|upkeep\n|turn|10\n|\n|t:|1700284393\n|move|p2b: Sableye|Disable|p1b: Live Reaction\n|-start|p1b: Live Reaction|Disable|Leech Seed\n|move|p2a: Noivern|Draco Meteor|p1a: Cerulean\n|-damage|p1a: Cerulean|42\/100\n|-unboost|p2a: Noivern|spa|2\n|move|p1a: Cerulean|Bitter Blade|p2b: Sableye\n|-damage|p2b: Sableye|29\/100\n|-heal|p1a: Cerulean|57\/100|[from] drain|[of] p2b: Sableye\n|cant|p1b: Live Reaction|par\n|\n|-heal|p1a: Cerulean|63\/100|[from] item: Leftovers\n|-damage|p2a: Noivern|6\/100|[from] Leech Seed|[of] p1b: Live Reaction\n|-heal|p1b: Live Reaction|89\/100 par|[silent]\n|upkeep\n|turn|11\n|\n|t:|1700284442\n|switch|p1a: Floppy Hands|Mienshao, L50, M|49\/100\n|move|p2b: Sableye|Encore|p1b: Live Reaction\n|-start|p1b: Live Reaction|Encore\n|cant|p1b: Live Reaction|Disable|Leech Seed\n|move|p2a: Noivern|Whirlwind|p1a: Floppy Hands\n|drag|p1a: Cerulean|Ceruledge, L50, M|63\/100\n|\n|-heal|p1a: Cerulean|69\/100|[from] item: Leftovers\n|-damage|p2a: Noivern|0 fnt|[from] Leech Seed|[of] p1b: Live Reaction\n|-heal|p1b: Live Reaction|94\/100 par|[silent]\n|faint|p2a: Noivern\n|-fieldend|move: Gravity\n|upkeep\n|\n|t:|1700284471\n|switch|p2a: Pincurchin|Pincurchin, L50, F|10\/100\n|-fieldstart|move: Electric Terrain|[from] ability: Electric Surge|[of] p2a: Pincurchin\n|turn|12\n|\n|t:|1700284496\n|switch|p1b: Floppy Hands|Mienshao, L50, M|82\/100\n|move|p2b: Sableye|Gravity|p2b: Sableye\n|-fieldstart|move: Gravity\n|move|p1a: Cerulean|Bitter Blade|p2a: Pincurchin\n|-damage|p2a: Pincurchin|0 fnt\n|-heal|p1a: Cerulean|73\/100|[from] drain|[of] p2a: Pincurchin\n|faint|p2a: Pincurchin\n|\n|-heal|p1a: Cerulean|79\/100|[from] item: Leftovers\n|upkeep\n|\n|t:|1700284506\n|switch|p2a: Enamorus|Enamorus, L50, F|39\/100\n|turn|13\n|\n|t:|1700284533\n|move|p2a: Enamorus|Protect|p2a: Enamorus\n|-singleturn|p2a: Enamorus|Protect\n|move|p1b: Floppy Hands|Fake Out|p2a: Enamorus\n|-activate|p2a: Enamorus|move: Protect\n|move|p2b: Sableye|Disable|p1a: Cerulean\n|-start|p1a: Cerulean|Disable|Bitter Blade\n|move|p1a: Cerulean|Poltergeist||[still]\n|-fail|p1a: Cerulean\n|\n|-heal|p1a: Cerulean|85\/100|[from] item: Leftovers\n|upkeep\n|turn|14\n|\n|t:|1700284581\n|switch|p1b: Live Reaction|Wo-Chien, L50, tera:Fairy|94\/100 par\n|-ability|p1b: Live Reaction|Tablets of Ruin\n|move|p1a: Cerulean|Protect|p1a: Cerulean\n|-singleturn|p1a: Cerulean|Protect\n|move|p2b: Sableye|Encore||[still]\n|-fail|p2b: Sableye\n|move|p2a: Enamorus|Earth Power|p1a: Cerulean\n|-activate|p1a: Cerulean|move: Protect\n|\n|-heal|p1a: Cerulean|91\/100|[from] item: Leftovers\n|upkeep\n|turn|15\n|\n|t:|1700284613\n|move|p2b: Sableye|Quash|p1a: Cerulean\n|-activate|p1a: Cerulean|move: Quash\n|move|p2a: Enamorus|Springtide Storm|p1b: Live Reaction|[spread] p1a,p1b\n|-resisted|p1a: Cerulean\n|-damage|p1a: Cerulean|70\/100\n|-damage|p1b: Live Reaction|63\/100 par\n|-damage|p2a: Enamorus|29\/100|[from] item: Life Orb\n|move|p1b: Live Reaction|Leech Seed|p2b: Sableye\n|-start|p2b: Sableye|move: Leech Seed\n|move|p1a: Cerulean|Poltergeist|p2a: Enamorus\n|-activate|p2a: Enamorus|move: Poltergeist|Life Orb\n|-damage|p2a: Enamorus|0 fnt\n|faint|p2a: Enamorus\n|\n|-heal|p1a: Cerulean|76\/100|[from] item: Leftovers\n|-damage|p2b: Sableye|17\/100|[from] Leech Seed|[of] p1b: Live Reaction\n|-heal|p1b: Live Reaction|73\/100 par|[silent]\n|upkeep\n|turn|16\n|-message|beewatree forfeited.\n|\n|win|PrismaAce\n|c|\u2606beewatree|gg\n|j| arrascaxeira\n|c|\u2606PrismaAce|gg\n|c|&|\/uhtml prompt-beewatree,beewatree is ready for game 2!\n|j| angelicism\n|j| Teekin\n|c|&|\/uhtml prompt-prismaace,PrismaAce is ready for game 2!\nBoth players are ready! Starting next match!\n|l| angelicism\n","uploadtime":1700284679,"views":12,"p1id":"prismaace","p2id":"beewatree","formatid":"gen9vgc2023regulatione","rating":0,"private":0,"password":""}