{"id":"gen9vgc2023regulatione-1987935097","p1":"krazyk1tty","p2":"pegasusilios119","format":"[Gen 9] VGC 2023 Regulation E","log":"|j|\u2606krazyk1tty\n|j|\u2606pegasusilios119\n|t:|1699650751\n|gametype|doubles\n|player|p1|krazyk1tty|1|\n|player|p2|pegasusilios119|skierf-gen4dp|\n|teamsize|p1|6\n|teamsize|p2|6\n|gen|9\n|tier|[Gen 9] VGC 2023 Regulation E\n|rule|Species Clause: Limit one of each Pok\u00e9mon\n|rule|Item Clause: Limit one of each item\n|clearpoke\n|poke|p1|Landorus-Therian, L50, M|\n|poke|p1|Basculegion, L50, M|\n|poke|p1|Greninja-*, L50, M|\n|poke|p1|Annihilape, L50, M|\n|poke|p1|Pelipper, L50, F|\n|poke|p1|Urshifu-*, L50, M|\n|poke|p2|Decidueye-Hisui, L50, M|\n|poke|p2|Sneasler, L50, M|\n|poke|p2|Rillaboom, L50, M|\n|poke|p2|Glimmora, L50, F|\n|poke|p2|Urshifu-*, L50, M|\n|poke|p2|Arcanine-Hisui, L50, F|\n|teampreview|4\n|inactive|Battle timer is ON: inactive players will automatically lose when time's up. (requested by pegasusilios119)\n|inactive|krazyk1tty has 60 seconds left.\n|inactive|pegasusilios119 has 60 seconds left.\n|\n|t:|1699650799\n|start\n|switch|p1a: Pelipper|Pelipper, L50, F|100\/100\n|switch|p1b: Landorus|Landorus-Therian, L50, M|100\/100\n|switch|p2a: Arcanine|Arcanine-Hisui, L50, F|100\/100\n|switch|p2b: Glimmora|Glimmora, L50, F|100\/100\n|-ability|p1b: Landorus|Intimidate|boost\n|-unboost|p2a: Arcanine|atk|1\n|-unboost|p2b: Glimmora|atk|1\n|-ability|p2a: Arcanine|Intimidate|boost\n|-unboost|p1a: Pelipper|atk|1\n|-unboost|p1b: Landorus|atk|1\n|-weather|RainDance|[from] ability: Drizzle|[of] p1a: Pelipper\n|turn|1\n|c|\u2606pegasusilios119|glhf\n|inactive|pegasusilios119 has 30 seconds left.\n|\n|t:|1699650829\n|switch|p2a: Rillaboom|Rillaboom, L50, M|100\/100\n|-fieldstart|move: Grassy Terrain|[from] ability: Grassy Surge|[of] p2a: Rillaboom\n|move|p2b: Glimmora|Stealth Rock|p1a: Pelipper\n|-sidestart|p1: krazyk1tty|move: Stealth Rock\n|move|p1b: Landorus|Earthquake|p2b: Glimmora|[spread] p2a,p2b\n|-immune|p1a: Pelipper\n|-resisted|p2a: Rillaboom\n|-supereffective|p2b: Glimmora\n|-damage|p2a: Rillaboom|94\/100\n|-damage|p2b: Glimmora|50\/100\n|-activate|p2b: Glimmora|ability: Toxic Debris\n|-sidestart|p1: krazyk1tty|move: Toxic Spikes\n|move|p1a: Pelipper|Surf|p2a: Rillaboom|[spread] p1b,p2a,p2b\n|-supereffective|p1b: Landorus\n|-resisted|p2a: Rillaboom\n|-supereffective|p2b: Glimmora\n|-crit|p2b: Glimmora\n|-damage|p1b: Landorus|0 fnt\n|-damage|p2a: Rillaboom|80\/100\n|-damage|p2b: Glimmora|0 fnt\n|faint|p1b: Landorus\n|faint|p2b: Glimmora\n|\n|-weather|RainDance|[upkeep]\n|-heal|p2a: Rillaboom|86\/100|[from] Grassy Terrain\n|upkeep\n|inactive|krazyk1tty has 30 seconds left.\n|\n|t:|1699650857\n|switch|p2b: Sneasler|Sneasler, L50, M|100\/100\n|switch|p1b: Greninja|Greninja, L50, M|100\/100\n|-damage|p1b: Greninja|88\/100|[from] Stealth Rock\n|-status|p1b: Greninja|psn\n|-enditem|p2b: Sneasler|Grassy Seed\n|-boost|p2b: Sneasler|def|1|[from] item: Grassy Seed\n|turn|2\n|c|\u2606pegasusilios119|oop-\n|\n|t:|1699650878\n|move|p2a: Rillaboom|Fake Out|p1a: Pelipper\n|-damage|p1a: Pelipper|89\/100\n|move|p2b: Sneasler|Close Combat|p1b: Greninja\n|-supereffective|p1b: Greninja\n|-damage|p1b: Greninja|0 fnt\n|-unboost|p2b: Sneasler|def|1\n|-unboost|p2b: Sneasler|spd|1\n|faint|p1b: Greninja\n|cant|p1a: Pelipper|flinch\n|\n|-weather|RainDance|[upkeep]\n|-heal|p2a: Rillaboom|92\/100|[from] Grassy Terrain\n|upkeep\n|\n|t:|1699650890\n|switch|p1b: Basculegion|Basculegion, L50, M|100\/100\n|-damage|p1b: Basculegion|88\/100|[from] Stealth Rock\n|-status|p1b: Basculegion|psn\n|turn|3\n|c|\u2606pegasusilios119|prollly shouldve sd\n|inactive|pegasusilios119 has 30 seconds left.\n|c|\u2606krazyk1tty|Killed my own guy mb\n|\n|t:|1699650921\n|-terastallize|p2b: Sneasler|Flying\n|move|p2b: Sneasler|Swords Dance|p2b: Sneasler\n|-boost|p2b: Sneasler|atk|2\n|move|p1b: Basculegion|Last Respects|p2a: Rillaboom\n|-damage|p2a: Rillaboom|0 fnt\n|faint|p2a: Rillaboom\n|-damage|p1b: Basculegion|78\/100 psn|[from] item: Life Orb\n|move|p1a: Pelipper|Brave Bird|p2b: Sneasler\n|-damage|p2b: Sneasler|75\/100\n|-damage|p1a: Pelipper|81\/100|[from] Recoil\n|\n|-weather|RainDance|[upkeep]\n|-heal|p1b: Basculegion|85\/100 psn|[from] Grassy Terrain\n|-damage|p1b: Basculegion|72\/100 psn|[from] psn\n|upkeep\n|c|\u2606pegasusilios119|np lol\n|\n|t:|1699650928\n|switch|p2a: Arcanine|Arcanine-Hisui, L50, F|100\/100\n|-ability|p2a: Arcanine|Intimidate|boost\n|-unboost|p1a: Pelipper|atk|1\n|-unboost|p1b: Basculegion|atk|1\n|turn|4\n|\n|t:|1699650947\n|move|p2a: Arcanine|Extreme Speed|p1a: Pelipper\n|-damage|p1a: Pelipper|60\/100\n|move|p2b: Sneasler|Acrobatics|p1b: Basculegion\n|-damage|p1b: Basculegion|0 fnt\n|faint|p1b: Basculegion\n|move|p1a: Pelipper|Surf|p2b: Sneasler|[spread] p2a,p2b\n|-supereffective|p2a: Arcanine\n|-damage|p2a: Arcanine|0 fnt\n|-damage|p2b: Sneasler|11\/100\n|faint|p2a: Arcanine\n|\n|-weather|RainDance|[upkeep]\n|upkeep\n|turn|5\n|\n|t:|1699650960\n|move|p2b: Sneasler|Acrobatics|p1a: Pelipper\n|-damage|p1a: Pelipper|0 fnt\n|faint|p1a: Pelipper\n|\n|win|pegasusilios119\n|c|\u2606pegasusilios119|forgot to put on prot\n|c|\u2606krazyk1tty|Gg\n","uploadtime":1699650966,"views":13,"p1id":"krazyk1tty","p2id":"pegasusilios119","formatid":"gen9vgc2023regulatione","rating":0,"private":0,"password":""}