{"id":"gen9vgc2023regulatione-1996236460","p1":"Docteur Grandhomme","p2":"mad skwovet","format":"[Gen 9] VGC 2023 Regulation E","log":"|j|\u2606Docteur Grandhomme\n|j|\u2606mad skwovet\n|t:|1700662538\n|gametype|doubles\n|player|p1|Docteur Grandhomme|diantha-masters|1391\n|player|p2|mad skwovet|pokemaniac|1489\n|teamsize|p1|6\n|teamsize|p2|6\n|gen|9\n|tier|[Gen 9] VGC 2023 Regulation E\n|rated|\n|rule|Species Clause: Limit one of each Pok\u00e9mon\n|rule|Item Clause: Limit one of each item\n|clearpoke\n|poke|p1|Cresselia, L50, F|\n|poke|p1|Ursaluna-Bloodmoon, L50, M|\n|poke|p1|Iron Hands, L50|\n|poke|p1|Ogerpon-Wellspring, L50, F|\n|poke|p1|Arcanine-Hisui, L50, M|\n|poke|p1|Flutter Mane, L50|\n|poke|p2|Grimmsnarl, L50, M|\n|poke|p2|Gholdengo, L50|\n|poke|p2|Iron Hands, L50|\n|poke|p2|Ogerpon-Wellspring, L50, F|\n|poke|p2|Arcanine-Hisui, L50, M|\n|poke|p2|Amoonguss, L50, M|\n|teampreview|4\n|inactive|Battle timer is ON: inactive players will automatically lose when time's up. (requested by Docteur Grandhomme)\n|inactive|Docteur Grandhomme has 60 seconds left.\n|inactive|mad skwovet has 60 seconds left.\n|\n|t:|1700662590\n|start\n|switch|p1a: Cresselia|Cresselia, L50, F|100\/100\n|switch|p1b: Iron Hands|Iron Hands, L50|100\/100\n|switch|p2a: Grimmsnarl|Grimmsnarl, L50, M|100\/100\n|switch|p2b: Gholdengo|Gholdengo, L50|100\/100\n|turn|1\n|inactive|Docteur Grandhomme has 30 seconds left.\n|inactive|mad skwovet has 30 seconds left.\n|inactive|mad skwovet has 20 seconds left.\n|inactive|mad skwovet has 15 seconds left.\n|\n|t:|1700662633\n|-terastallize|p2a: Grimmsnarl|Ghost\n|move|p2a: Grimmsnarl|Taunt|p1a: Cresselia\n|-start|p1a: Cresselia|move: Taunt\n|-enditem|p1a: Cresselia|Mental Herb\n|-end|p1a: Cresselia|move: Taunt\n|move|p2b: Gholdengo|Nasty Plot|p2b: Gholdengo\n|-boost|p2b: Gholdengo|spa|2\n|move|p1b: Iron Hands|Wild Charge|p2b: Gholdengo\n|-damage|p2b: Gholdengo|50\/100\n|-damage|p1b: Iron Hands|90\/100|[from] Recoil\n|move|p1a: Cresselia|Trick Room|p1a: Cresselia\n|-fieldstart|move: Trick Room|[of] p1a: Cresselia\n|\n|-heal|p2b: Gholdengo|57\/100|[from] item: Leftovers\n|upkeep\n|turn|2\n|\n|t:|1700662651\n|move|p1a: Cresselia|Helping Hand|p1b: Iron Hands\n|-singleturn|p1b: Iron Hands|Helping Hand|[of] p1a: Cresselia\n|move|p2b: Gholdengo|Protect|p2b: Gholdengo\n|-singleturn|p2b: Gholdengo|Protect\n|move|p2a: Grimmsnarl|Reflect|p2a: Grimmsnarl\n|-sidestart|p2: mad skwovet|Reflect\n|move|p1b: Iron Hands|Wild Charge|p2b: Gholdengo\n|-activate|p2b: Gholdengo|move: Protect\n|\n|-heal|p2b: Gholdengo|63\/100|[from] item: Leftovers\n|upkeep\n|turn|3\n|inactive|mad skwovet has 30 seconds left.\n|\n|t:|1700662684\n|switch|p2a: Arcanine|Arcanine-Hisui, L50, M|100\/100\n|-ability|p2a: Arcanine|Intimidate|boost\n|-unboost|p1a: Cresselia|atk|1\n|-unboost|p1b: Iron Hands|atk|1\n|switch|p1a: Ursaluna|Ursaluna-Bloodmoon, L50, M|100\/100\n|move|p1b: Iron Hands|Wild Charge|p2b: Gholdengo\n|-damage|p2b: Gholdengo|41\/100\n|-damage|p1b: Iron Hands|86\/100|[from] Recoil\n|move|p2b: Gholdengo|Shadow Ball|p1a: Ursaluna\n|-immune|p1a: Ursaluna\n|\n|-heal|p2b: Gholdengo|47\/100|[from] item: Leftovers\n|upkeep\n|turn|4\n|inactive|Docteur Grandhomme has 30 seconds left.\n|inactive|mad skwovet has 30 seconds left.\n|inactive|mad skwovet has 20 seconds left.\n|\n|t:|1700662722\n|-end|p1b: Iron Hands|Quark Drive|[silent]\n|switch|p1b: Cresselia|Cresselia, L50, F|100\/100\n|move|p2b: Gholdengo|Protect|p2b: Gholdengo\n|-singleturn|p2b: Gholdengo|Protect\n|move|p2a: Arcanine|Extreme Speed|p1a: Ursaluna\n|-damage|p1a: Ursaluna|81\/100\n|move|p1a: Ursaluna|Earth Power|p2b: Gholdengo\n|-activate|p2b: Gholdengo|move: Protect\n|\n|-heal|p2b: Gholdengo|54\/100|[from] item: Leftovers\n|upkeep\n|turn|5\n|inactive|mad skwovet has 30 seconds left.\n|inactive|mad skwovet has 20 seconds left.\n|\n|t:|1700662760\n|switch|p2b: Amoonguss|Amoonguss, L50, M|100\/100\n|move|p1a: Ursaluna|Earth Power|p2b: Amoonguss\n|-damage|p2b: Amoonguss|55\/100\n|move|p1b: Cresselia|Lunar Blessing|p1b: Cresselia|[spread] p1a,p1b\n|-heal|p1a: Ursaluna|100\/100\n|move|p2a: Arcanine|Flare Blitz|p1a: Ursaluna\n|-damage|p1a: Ursaluna|59\/100\n|-damage|p2a: Arcanine|85\/100|[from] Recoil\n|\n|-fieldend|move: Trick Room\n|upkeep\n|turn|6\n|inactive|mad skwovet has 30 seconds left.\n|inactive|Docteur Grandhomme has 30 seconds left.\n|inactive|mad skwovet has 20 seconds left.\n|\n|t:|1700662796\n|switch|p2a: Grimmsnarl|Grimmsnarl, L50, M, tera:Ghost|100\/100\n|move|p1a: Ursaluna|Protect|p1a: Ursaluna\n|-singleturn|p1a: Ursaluna|Protect\n|move|p1b: Cresselia|Lunar Blessing|p1b: Cresselia|[spread] p1a,p1b\n|-heal|p1a: Ursaluna|84\/100\n|move|p2b: Amoonguss|Spore|p1b: Cresselia\n|-status|p1b: Cresselia|slp|[from] move: Spore\n|\n|upkeep\n|turn|7\n|\n|t:|1700662809\n|move|p2a: Grimmsnarl|Light Screen|p2a: Grimmsnarl\n|-sidestart|p2: mad skwovet|move: Light Screen\n|move|p1a: Ursaluna|Blood Moon|p2b: Amoonguss\n|-damage|p2b: Amoonguss|11\/100\n|move|p2b: Amoonguss|Spore|p1a: Ursaluna\n|-status|p1a: Ursaluna|slp|[from] move: Spore\n|cant|p1b: Cresselia|slp\n|\n|upkeep\n|turn|8\n|\n|t:|1700662827\n|switch|p2b: Gholdengo|Gholdengo, L50|54\/100\n|cant|p1a: Ursaluna|slp\n|move|p2a: Grimmsnarl|Taunt|p1b: Cresselia\n|-start|p1b: Cresselia|move: Taunt\n|cant|p1b: Cresselia|slp\n|\n|-heal|p2b: Gholdengo|60\/100|[from] item: Leftovers\n|upkeep\n|turn|9\n|\n|t:|1700662848\n|switch|p1b: Arcanine|Arcanine-Hisui, L50, M|100\/100\n|-ability|p1b: Arcanine|Intimidate|boost\n|-unboost|p2a: Grimmsnarl|atk|1\n|-unboost|p2b: Gholdengo|atk|1\n|move|p2b: Gholdengo|Nasty Plot|p2b: Gholdengo\n|-boost|p2b: Gholdengo|spa|2\n|move|p2a: Grimmsnarl|Spirit Break|p1a: Ursaluna\n|-damage|p1a: Ursaluna|69\/100 slp\n|-unboost|p1a: Ursaluna|spa|1\n|cant|p1a: Ursaluna|slp\n|\n|-heal|p2b: Gholdengo|66\/100|[from] item: Leftovers\n|-sideend|p2: mad skwovet|Reflect\n|upkeep\n|turn|10\n|inactive|mad skwovet has 30 seconds left.\n|\n|t:|1700662875\n|switch|p2a: Arcanine|Arcanine-Hisui, L50, M|85\/100\n|-ability|p2a: Arcanine|Intimidate|boost\n|-unboost|p1a: Ursaluna|atk|1\n|-unboost|p1b: Arcanine|atk|1\n|move|p2b: Gholdengo|Make It Rain|p1a: Ursaluna|[spread] p1a,p1b\n|-damage|p1a: Ursaluna|0 fnt\n|-damage|p1b: Arcanine|13\/100\n|-unboost|p2b: Gholdengo|spa|1\n|-enditem|p1b: Arcanine|Sitrus Berry|[eat]\n|-heal|p1b: Arcanine|38\/100|[from] item: Sitrus Berry\n|faint|p1a: Ursaluna\n|move|p1b: Arcanine|Flare Blitz|p2b: Gholdengo\n|-supereffective|p2b: Gholdengo\n|-damage|p2b: Gholdengo|0 fnt\n|faint|p2b: Gholdengo\n|-damage|p1b: Arcanine|17\/100|[from] Recoil\n|\n|upkeep\n|\n|t:|1700662898\n|switch|p2b: Grimmsnarl|Grimmsnarl, L50, M, tera:Ghost|100\/100\n|switch|p1a: Iron Hands|Iron Hands, L50|86\/100\n|turn|11\n|\n|t:|1700662915\n|switch|p2a: Amoonguss|Amoonguss, L50, M|44\/100\n|move|p1a: Iron Hands|Fake Out|p2a: Amoonguss\n|-damage|p2a: Amoonguss|32\/100\n|-damage|p1a: Iron Hands|70\/100|[from] item: Rocky Helmet|[of] p2a: Amoonguss\n|move|p2b: Grimmsnarl|Reflect|p2b: Grimmsnarl\n|-sidestart|p2: mad skwovet|Reflect\n|move|p1b: Arcanine|Rock Slide|p2a: Amoonguss|[spread] p2a,p2b\n|-damage|p2a: Amoonguss|23\/100\n|-damage|p2b: Grimmsnarl|90\/100\n|\n|upkeep\n|turn|12\n|inactive|mad skwovet has 30 seconds left.\n|\n|t:|1700662940\n|-end|p1a: Iron Hands|Quark Drive|[silent]\n|switch|p1a: Cresselia|Cresselia, L50, F|100\/100 slp\n|switch|p2a: Arcanine|Arcanine-Hisui, L50, M|85\/100\n|-ability|p2a: Arcanine|Intimidate|boost\n|-unboost|p1a: Cresselia|atk|1\n|-unboost|p1b: Arcanine|atk|1\n|move|p1b: Arcanine|Flare Blitz|p2a: Arcanine\n|-resisted|p2a: Arcanine\n|-damage|p2a: Arcanine|80\/100\n|-damage|p1b: Arcanine|15\/100|[from] Recoil\n|move|p2b: Grimmsnarl|Spirit Break|p1a: Cresselia\n|-damage|p1a: Cresselia|79\/100 slp\n|-unboost|p1a: Cresselia|spa|1\n|\n|upkeep\n|turn|13\n|inactive|mad skwovet has 30 seconds left.\n|\n|t:|1700662968\n|switch|p1b: Iron Hands|Iron Hands, L50|70\/100\n|move|p2b: Grimmsnarl|Taunt|p1a: Cresselia\n|-start|p1a: Cresselia|move: Taunt\n|move|p2a: Arcanine|Rock Slide|p1a: Cresselia|[spread] p1a,p1b\n|-resisted|p1b: Iron Hands\n|-damage|p1a: Cresselia|62\/100 slp\n|-damage|p1b: Iron Hands|60\/100\n|cant|p1a: Cresselia|slp\n|\n|upkeep\n|turn|14\n|\n|t:|1700662982\n|switch|p2a: Amoonguss|Amoonguss, L50, M|56\/100\n|-terastallize|p1b: Iron Hands|Fire\n|-curestatus|p1a: Cresselia|slp|[msg]\n|move|p1a: Cresselia|Psychic|p2a: Amoonguss\n|-supereffective|p2a: Amoonguss\n|-damage|p2a: Amoonguss|36\/100\n|move|p2b: Grimmsnarl|Spirit Break|p1b: Iron Hands\n|-resisted|p1b: Iron Hands\n|-damage|p1b: Iron Hands|50\/100\n|-unboost|p1b: Iron Hands|spa|1\n|move|p1b: Iron Hands|Drain Punch|p2a: Amoonguss\n|-resisted|p2a: Amoonguss\n|-damage|p2a: Amoonguss|26\/100\n|-heal|p1b: Iron Hands|55\/100|[from] drain|[of] p2a: Amoonguss\n|-damage|p1b: Iron Hands|39\/100|[from] item: Rocky Helmet|[of] p2a: Amoonguss\n|\n|-sideend|p2: mad skwovet|move: Light Screen\n|upkeep\n|turn|15\n|inactive|mad skwovet has 30 seconds left.\n|inactive|mad skwovet has 20 seconds left.\n|\n|t:|1700663018\n|switch|p2b: Arcanine|Arcanine-Hisui, L50, M|80\/100\n|-ability|p2b: Arcanine|Intimidate|boost\n|-unboost|p1a: Cresselia|atk|1\n|-unboost|p1b: Iron Hands|atk|1\n|move|p2a: Amoonguss|Rage Powder|p2a: Amoonguss\n|-singleturn|p2a: Amoonguss|move: Rage Powder\n|move|p1a: Cresselia|Psychic|p2a: Amoonguss\n|-supereffective|p2a: Amoonguss\n|-damage|p2a: Amoonguss|0 fnt\n|faint|p2a: Amoonguss\n|move|p1b: Iron Hands|Heavy Slam|p2b: Arcanine\n|-damage|p2b: Arcanine|68\/100\n|\n|-end|p1a: Cresselia|move: Taunt\n|upkeep\n|\n|t:|1700663030\n|switch|p2a: Grimmsnarl|Grimmsnarl, L50, M, tera:Ghost|90\/100\n|turn|16\n|inactive|mad skwovet has 30 seconds left.\n|inactive|mad skwovet has 20 seconds left.\n|\n|t:|1700663046\n|-end|p1b: Iron Hands|Quark Drive|[silent]\n|switch|p1b: Arcanine|Arcanine-Hisui, L50, M|15\/100\n|-ability|p1b: Arcanine|Intimidate|boost\n|-unboost|p2a: Grimmsnarl|atk|1\n|-fail|p2b: Arcanine|unboost|[from] item: Clear Amulet|[of] p2b: Arcanine\n|move|p2a: Grimmsnarl|Taunt|p1a: Cresselia\n|-start|p1a: Cresselia|move: Taunt\n|move|p2b: Arcanine|Rock Slide|p1a: Cresselia|[spread] p1a,p1b\n|-supereffective|p1b: Arcanine\n|-damage|p1a: Cresselia|46\/100\n|-damage|p1b: Arcanine|0 fnt\n|faint|p1b: Arcanine\n|cant|p1a: Cresselia|flinch\n|\n|upkeep\n|inactive|mad skwovet has 20 seconds left this turn.\n|\n|t:|1700663053\n|switch|p1b: Iron Hands|Iron Hands, L50, tera:Fire|39\/100\n|turn|17\n|inactive|mad skwovet has 20 seconds left this turn.\n|inactive|mad skwovet has 15 seconds left.\n|inactive|mad skwovet has 10 seconds left.\n|\n|t:|1700663066\n|move|p2b: Arcanine|Protect|p2b: Arcanine\n|-singleturn|p2b: Arcanine|Protect\n|move|p1a: Cresselia|Psychic|p2b: Arcanine\n|-activate|p2b: Arcanine|move: Protect\n|move|p2a: Grimmsnarl|Spirit Break|p1a: Cresselia\n|-damage|p1a: Cresselia|32\/100\n|-unboost|p1a: Cresselia|spa|1\n|move|p1b: Iron Hands|Drain Punch|p2b: Arcanine\n|-activate|p2b: Arcanine|move: Protect\n|\n|upkeep\n|turn|18\n|inactive|mad skwovet has 10 seconds left this turn.\n|inactive|mad skwovet has 5 seconds left.\n|\n|t:|1700663072\n|move|p2b: Arcanine|Rock Slide|p1a: Cresselia|[spread] p1a,p1b\n|-supereffective|p1b: Iron Hands\n|-damage|p1a: Cresselia|16\/100\n|-damage|p1b: Iron Hands|0 fnt\n|faint|p1b: Iron Hands\n|-end|p1b: Iron Hands|Quark Drive|[silent]\n|move|p1a: Cresselia|Psychic|p2b: Arcanine\n|-damage|p2b: Arcanine|52\/100\n|move|p2a: Grimmsnarl|Spirit Break|p1a: Cresselia\n|-damage|p1a: Cresselia|2\/100\n|-unboost|p1a: Cresselia|spa|1\n|\n|-end|p1a: Cresselia|move: Taunt\n|-sideend|p2: mad skwovet|Reflect\n|upkeep\n|turn|19\n|inactive|mad skwovet has 5 seconds left this turn.\n|-message|mad skwovet lost due to inactivity.\n|\n|win|Docteur Grandhomme\n|raw|Docteur Grandhomme's rating: 1391 &rarr; <strong>1416<\/strong><br \/>(+25 for winning)\n|raw|mad skwovet's rating: 1489 &rarr; <strong>1464<\/strong><br \/>(-25 for losing)\n|l|\u2606Docteur Grandhomme\n","uploadtime":1700663104,"views":5,"p1id":"docteurgrandhomme","p2id":"madskwovet","formatid":"gen9vgc2023regulatione","rating":1416,"private":0,"password":""}