{"id":"gen9vgc2023regulatione-1996306914","p1":"Holibrand","p2":"JumpingJoe27","format":"[Gen 9] VGC 2023 Regulation E","log":"|j|\u2606Holibrand\n|j|\u2606JumpingJoe27\n|t:|1700669593\n|gametype|doubles\n|player|p1|Holibrand|pokemonbreeder-gen4|1144\n|player|p2|JumpingJoe27|102|1154\n|teamsize|p1|6\n|teamsize|p2|6\n|gen|9\n|tier|[Gen 9] VGC 2023 Regulation E\n|rated|\n|rule|Species Clause: Limit one of each Pok\u00e9mon\n|rule|Item Clause: Limit one of each item\n|clearpoke\n|poke|p1|Chi-Yu, L50|\n|poke|p1|Amoonguss, L50, F|\n|poke|p1|Rillaboom, L50, F|\n|poke|p1|Flutter Mane, L50|\n|poke|p1|Landorus-Therian, L50, M|\n|poke|p1|Tornadus, L50, M|\n|poke|p2|Clefairy, L50, F|\n|poke|p2|Arcanine-Hisui, L50, M|\n|poke|p2|Iron Hands, L50|\n|poke|p2|Flutter Mane, L50|\n|poke|p2|Gholdengo, L50|\n|poke|p2|Roaring Moon, L50|\n|teampreview|4\n|inactive|Battle timer is ON: inactive players will automatically lose when time's up. (requested by Holibrand)\n|inactive|JumpingJoe27 has 60 seconds left.\n|\n|t:|1700669630\n|start\n|switch|p1a: Flutter Mane|Flutter Mane, L50|100\/100\n|switch|p1b: Tornadus|Tornadus, L50, M|100\/100\n|switch|p2a: Arcanine|Arcanine-Hisui, L50, M|100\/100\n|switch|p2b: Iron Hands|Iron Hands, L50|100\/100\n|-ability|p2a: Arcanine|Intimidate|boost\n|-unboost|p1a: Flutter Mane|atk|1\n|-unboost|p1b: Tornadus|atk|1\n|-enditem|p1a: Flutter Mane|Booster Energy\n|-activate|p1a: Flutter Mane|ability: Protosynthesis|[fromitem]\n|-start|p1a: Flutter Mane|protosynthesisspa\n|turn|1\n|inactive|Holibrand has 30 seconds left.\n|inactive|JumpingJoe27 has 30 seconds left.\n|\n|t:|1700669660\n|switch|p1b: Landorus|Landorus-Therian, L50, M|100\/100\n|-ability|p1b: Landorus|Intimidate|boost\n|-unboost|p2a: Arcanine|atk|1\n|-unboost|p2b: Iron Hands|atk|1\n|-end|p2b: Iron Hands|Quark Drive|[silent]\n|switch|p2b: Clefairy|Clefairy, L50, F|100\/100\n|-terastallize|p1a: Flutter Mane|Fairy\n|move|p1a: Flutter Mane|Moonblast|p2b: Clefairy\n|-damage|p2b: Clefairy|27\/100\n|move|p2a: Arcanine|Rock Slide|p1b: Landorus|[spread] p1a,p1b\n|-damage|p1a: Flutter Mane|46\/100\n|-damage|p1b: Landorus|66\/100\n|\n|upkeep\n|turn|2\n|inactive|Holibrand has 30 seconds left.\n|inactive|Holibrand has 20 seconds left.\n|inactive|Holibrand has 15 seconds left.\n|\n|t:|1700669701\n|move|p1a: Flutter Mane|Protect|p1a: Flutter Mane\n|-singleturn|p1a: Flutter Mane|Protect\n|move|p2a: Arcanine|Rock Slide|p1a: Flutter Mane|[spread] p1b\n|-activate|p1a: Flutter Mane|move: Protect\n|-damage|p1b: Landorus|34\/100\n|-enditem|p1b: Landorus|Sitrus Berry|[eat]\n|-heal|p1b: Landorus|59\/100|[from] item: Sitrus Berry\n|move|p1b: Landorus|Stomping Tantrum|p2a: Arcanine\n|-supereffective|p2a: Arcanine\n|-damage|p2a: Arcanine|0 fnt\n|faint|p2a: Arcanine\n|move|p2b: Clefairy|Life Dew|p2b: Clefairy\n|-heal|p2b: Clefairy|52\/100\n|\n|upkeep\n|\n|t:|1700669716\n|switch|p2a: Gholdengo|Gholdengo, L50|100\/100\n|turn|3\n|\n|t:|1700669729\n|switch|p1b: Amoonguss|Amoonguss, L50, F|100\/100\n|move|p1a: Flutter Mane|Shadow Ball|p2a: Gholdengo\n|-supereffective|p2a: Gholdengo\n|-damage|p2a: Gholdengo|0 fnt\n|faint|p2a: Gholdengo\n|move|p2b: Clefairy|Encore|p1a: Flutter Mane\n|-start|p1a: Flutter Mane|Encore\n|\n|upkeep\n|\n|t:|1700669736\n|switch|p2a: Iron Hands|Iron Hands, L50|100\/100\n|turn|4\n|\n|t:|1700669753\n|-end|p1a: Flutter Mane|Protosynthesis|[silent]\n|switch|p1a: Landorus|Landorus-Therian, L50, M|59\/100\n|-ability|p1a: Landorus|Intimidate|boost\n|-unboost|p2a: Iron Hands|atk|1\n|-unboost|p2b: Clefairy|atk|1\n|-terastallize|p2b: Clefairy|Grass\n|move|p2a: Iron Hands|Heavy Slam|p1a: Landorus\n|-damage|p1a: Landorus|24\/100\n|move|p2b: Clefairy|Life Dew||[still]|[spread] p2a,p2b\n|-fail|p2a: Iron Hands|heal\n|-heal|p2b: Clefairy|77\/100\n|move|p1b: Amoonguss|Spore|p2a: Iron Hands\n|-status|p2a: Iron Hands|slp|[from] move: Spore\n|\n|upkeep\n|turn|5\n|inactive|JumpingJoe27 has 30 seconds left.\n|\n|t:|1700669779\n|move|p1a: Landorus|Stomping Tantrum|p2a: Iron Hands\n|-supereffective|p2a: Iron Hands\n|-damage|p2a: Iron Hands|49\/100 slp\n|cant|p2a: Iron Hands|slp\n|move|p2b: Clefairy|Encore|p1b: Amoonguss\n|-start|p1b: Amoonguss|Encore\n|-enditem|p1b: Amoonguss|Mental Herb\n|-end|p1b: Amoonguss|Encore\n|move|p1b: Amoonguss|Pollen Puff|p1a: Landorus\n|-heal|p1a: Landorus|73\/100\n|\n|upkeep\n|turn|6\n|\n|t:|1700669797\n|move|p1a: Landorus|Stomping Tantrum|p2a: Iron Hands\n|-supereffective|p2a: Iron Hands\n|-damage|p2a: Iron Hands|2\/100 slp\n|cant|p2a: Iron Hands|slp\n|move|p2b: Clefairy|Life Dew|p2b: Clefairy|[spread] p2a,p2b\n|-heal|p2a: Iron Hands|27\/100 slp\n|-heal|p2b: Clefairy|100\/100\n|move|p1b: Amoonguss|Giga Drain|p2a: Iron Hands\n|-crit|p2a: Iron Hands\n|-damage|p2a: Iron Hands|9\/100 slp\n|\n|upkeep\n|turn|7\n|-message|JumpingJoe27 forfeited.\n|\n|win|Holibrand\n|raw|Holibrand's rating: 1144 &rarr; <strong>1170<\/strong><br \/>(+26 for winning)\n|raw|JumpingJoe27's rating: 1154 &rarr; <strong>1128<\/strong><br \/>(-26 for losing)\n|l|\u2606JumpingJoe27\n","uploadtime":1700669846,"views":9,"p1id":"holibrand","p2id":"jumpingjoe27","formatid":"gen9vgc2023regulatione","rating":1128,"private":0,"password":""}