{"id":"gen9vgc2023regulatione-1993978161","p1":"1 Time cp","p2":"An0nymoose","format":"[Gen 9] VGC 2023 Regulation E","log":"|j|\u26061 Time cp\n|j|\u2606An0nymoose\n|t:|1700386963\n|gametype|doubles\n|player|p1|1 Time cp|lucas|1090\n|player|p2|An0nymoose|1|1078\n|teamsize|p1|6\n|teamsize|p2|6\n|gen|9\n|tier|[Gen 9] VGC 2023 Regulation E\n|rated|\n|rule|Species Clause: Limit one of each Pok\u00e9mon\n|rule|Item Clause: Limit one of each item\n|clearpoke\n|poke|p1|Enamorus, L50, F|\n|poke|p1|Passimian, L50, M|\n|poke|p1|Dugtrio-Alola, L50, M|\n|poke|p1|Tornadus, L50, M|\n|poke|p1|Farigiraf, L50, F|\n|poke|p1|Rillaboom, L50, M|\n|poke|p2|Clefairy, L50, M|\n|poke|p2|Kommo-o, L50, F|\n|poke|p2|Mudsdale, L50, M|\n|poke|p2|Urshifu-*, L50, M|\n|poke|p2|Tornadus, L50, M|\n|poke|p2|Lucario, L50, F|\n|teampreview|4\n|inactive|Battle timer is ON: inactive players will automatically lose when time's up. (requested by An0nymoose)\n|inactive|An0nymoose has 60 seconds left.\n|\n|t:|1700387013\n|start\n|switch|p1a: Enamorus|Enamorus, L50, F|100\/100\n|switch|p1b: Passimian|Passimian, L50, M|100\/100\n|switch|p2a: Lucario|Lucario, L50, F|100\/100\n|switch|p2b: Tornadus|Tornadus, L50, M|100\/100\n|turn|1\n|\n|t:|1700387032\n|-terastallize|p2a: Lucario|Steel\n|move|p1b: Passimian|Protect|p1b: Passimian\n|-singleturn|p1b: Passimian|Protect\n|move|p2a: Lucario|Bullet Punch|p1a: Enamorus\n|-supereffective|p1a: Enamorus\n|-damage|p1a: Enamorus|39\/100\n|move|p2b: Tornadus|Bleakwind Storm|p1b: Passimian|[spread] p1a\n|-activate|p1b: Passimian|move: Protect\n|-damage|p1a: Enamorus|0 fnt\n|faint|p1a: Enamorus\n|-ability|p1b: Passimian|Contrary|[from] ability: Receiver|[of] p1a: Enamorus\n|\n|upkeep\n|\n|t:|1700387046\n|switch|p1a: Tornadus|Tornadus, L50, M|100\/100\n|turn|2\n|\n|t:|1700387057\n|-terastallize|p1b: Passimian|Fire\n|move|p2b: Tornadus|Taunt|p1a: Tornadus\n|-start|p1a: Tornadus|move: Taunt\n|cant|p1a: Tornadus|move: Taunt|Scary Face\n|move|p2a: Lucario|Bullet Punch|p1b: Passimian\n|-resisted|p1b: Passimian\n|-damage|p1b: Passimian|87\/100\n|move|p1b: Passimian|Close Combat|p2a: Lucario\n|-supereffective|p2a: Lucario\n|-enditem|p2a: Lucario|Focus Sash\n|-damage|p2a: Lucario|1\/100\n|-boost|p1b: Passimian|def|1\n|-boost|p1b: Passimian|spd|1\n|\n|-heal|p1b: Passimian|93\/100|[from] item: Leftovers\n|upkeep\n|turn|3\n|inactive|1 Time cp has 30 seconds left.\n|inactive|An0nymoose has 30 seconds left.\n|\n|t:|1700387086\n|move|p1b: Passimian|Protect|p1b: Passimian\n|-singleturn|p1b: Passimian|Protect\n|move|p2b: Tornadus|Tailwind|p2b: Tornadus\n|-sidestart|p2: An0nymoose|move: Tailwind\n|move|p2a: Lucario|Vacuum Wave|p1b: Passimian\n|-activate|p1b: Passimian|move: Protect\n|move|p1a: Tornadus|Bleakwind Storm|p2b: Tornadus|[spread] p2b\n|-miss|p1a: Tornadus|p2a: Lucario\n|-damage|p2b: Tornadus|50\/100\n|\n|-heal|p1b: Passimian|99\/100|[from] item: Leftovers\n|upkeep\n|turn|4\n|\n|t:|1700387109\n|switch|p1a: Dugtrio|Dugtrio-Alola, L50, M|100\/100\n|move|p2a: Lucario|Vacuum Wave|p1b: Passimian\n|-damage|p1b: Passimian|85\/100\n|move|p2b: Tornadus|Bleakwind Storm|p1b: Passimian|[spread] p1a\n|-miss|p2b: Tornadus|p1b: Passimian\n|-resisted|p1a: Dugtrio\n|-damage|p1a: Dugtrio|68\/100\n|-unboost|p1a: Dugtrio|spe|1\n|move|p1b: Passimian|Close Combat|p2a: Lucario\n|-supereffective|p2a: Lucario\n|-damage|p2a: Lucario|0 fnt\n|-boost|p1b: Passimian|def|1\n|-boost|p1b: Passimian|spd|1\n|faint|p2a: Lucario\n|\n|-heal|p1b: Passimian|91\/100|[from] item: Leftovers\n|upkeep\n|inactive|An0nymoose has 30 seconds left.\n|\n|t:|1700387139\n|switch|p2a: Kommo-o|Kommo-o, L50, F|100\/100\n|turn|5\n|\n|t:|1700387153\n|move|p2b: Tornadus|Taunt|p1a: Dugtrio\n|-start|p1a: Dugtrio|move: Taunt\n|move|p2a: Kommo-o|Clangorous Soul|p2a: Kommo-o\n|-boost|p2a: Kommo-o|atk|1\n|-boost|p2a: Kommo-o|def|1\n|-boost|p2a: Kommo-o|spa|1\n|-boost|p2a: Kommo-o|spd|1\n|-boost|p2a: Kommo-o|spe|1\n|-damage|p2a: Kommo-o|68\/100\n|cant|p1a: Dugtrio|move: Taunt|Charm\n|move|p1b: Passimian|Close Combat|p2a: Kommo-o\n|-damage|p2a: Kommo-o|39\/100\n|-boost|p1b: Passimian|def|1\n|-boost|p1b: Passimian|spd|1\n|-enditem|p2a: Kommo-o|Sitrus Berry|[eat]\n|-heal|p2a: Kommo-o|64\/100|[from] item: Sitrus Berry\n|\n|-heal|p1b: Passimian|97\/100|[from] item: Leftovers\n|upkeep\n|turn|6\n|inactive|An0nymoose has 30 seconds left.\n|\n|t:|1700387179\n|switch|p1a: Tornadus|Tornadus, L50, M|100\/100\n|move|p1b: Passimian|Protect|p1b: Passimian\n|-singleturn|p1b: Passimian|Protect\n|move|p2a: Kommo-o|Drain Punch|p1a: Tornadus\n|-resisted|p1a: Tornadus\n|-damage|p1a: Tornadus|67\/100\n|-heal|p2a: Kommo-o|78\/100|[from] drain|[of] p1a: Tornadus\n|move|p2b: Tornadus|Bleakwind Storm|p1b: Passimian|[spread] p1a\n|-activate|p1b: Passimian|move: Protect\n|-damage|p1a: Tornadus|19\/100\n|\n|-heal|p1b: Passimian|100\/100|[from] item: Leftovers\n|-sideend|p2: An0nymoose|move: Tailwind\n|upkeep\n|turn|7\n|\n|t:|1700387204\n|move|p2b: Tornadus|Taunt|p1a: Tornadus\n|-start|p1a: Tornadus|move: Taunt\n|cant|p1a: Tornadus|move: Taunt|Scary Face\n|move|p2a: Kommo-o|Drain Punch|p1a: Tornadus\n|-resisted|p1a: Tornadus\n|-damage|p1a: Tornadus|0 fnt\n|-heal|p2a: Kommo-o|86\/100|[from] drain|[of] p1a: Tornadus\n|faint|p1a: Tornadus\n|move|p1b: Passimian|Close Combat|p2a: Kommo-o\n|-damage|p2a: Kommo-o|54\/100\n|-boost|p1b: Passimian|def|1\n|-boost|p1b: Passimian|spd|1\n|\n|upkeep\n|\n|t:|1700387216\n|switch|p1a: Dugtrio|Dugtrio-Alola, L50, M|68\/100\n|turn|8\n|\n|t:|1700387227\n|move|p1a: Dugtrio|Charm|p1b: Passimian\n|-boost|p1b: Passimian|atk|2\n|move|p2a: Kommo-o|Drain Punch|p1a: Dugtrio\n|-supereffective|p1a: Dugtrio\n|-damage|p1a: Dugtrio|0 fnt\n|-heal|p2a: Kommo-o|80\/100|[from] drain|[of] p1a: Dugtrio\n|-ability|p1a: Dugtrio|Tangling Hair\n|-unboost|p2a: Kommo-o|spe|1\n|faint|p1a: Dugtrio\n|move|p2b: Tornadus|Bleakwind Storm|p1b: Passimian|[miss]\n|-miss|p2b: Tornadus|p1b: Passimian\n|move|p1b: Passimian|Close Combat|p2a: Kommo-o\n|-damage|p2a: Kommo-o|18\/100\n|-boost|p1b: Passimian|def|1\n|-boost|p1b: Passimian|spd|1\n|\n|upkeep\n|turn|9\n|inactive|1 Time cp has 30 seconds left.\n|\n|t:|1700387254\n|move|p2b: Tornadus|Tailwind|p2b: Tornadus\n|-sidestart|p2: An0nymoose|move: Tailwind\n|move|p2a: Kommo-o|Drain Punch|p1b: Passimian\n|-damage|p1b: Passimian|88\/100\n|-heal|p2a: Kommo-o|24\/100|[from] drain|[of] p1b: Passimian\n|move|p1b: Passimian|Close Combat|p2a: Kommo-o\n|-damage|p2a: Kommo-o|0 fnt\n|-boost|p1b: Passimian|def|1\n|-boost|p1b: Passimian|spd|1\n|faint|p2a: Kommo-o\n|\n|-heal|p1b: Passimian|94\/100|[from] item: Leftovers\n|upkeep\n|\n|t:|1700387269\n|switch|p2a: Mudsdale|Mudsdale, L50, M|100\/100\n|turn|10\n|\n|t:|1700387282\n|move|p2b: Tornadus|Bleakwind Storm|p1b: Passimian|[miss]\n|-miss|p2b: Tornadus|p1b: Passimian\n|move|p1b: Passimian|Close Combat|p2a: Mudsdale\n|-damage|p2a: Mudsdale|0 fnt\n|faint|p2a: Mudsdale\n|\n|-heal|p1b: Passimian|100\/100|[from] item: Leftovers\n|upkeep\n|turn|11\n|\n|t:|1700387293\n|move|p2b: Tornadus|Bleakwind Storm|p1b: Passimian\n|-damage|p1b: Passimian|88\/100\n|-boost|p1b: Passimian|spe|1\n|move|p1b: Passimian|Close Combat|p2b: Tornadus\n|-resisted|p2b: Tornadus\n|-damage|p2b: Tornadus|0 fnt\n|-damage|p1b: Passimian|71\/100|[from] item: Rocky Helmet|[of] p2b: Tornadus\n|faint|p2b: Tornadus\n|\n|win|1 Time cp\n|raw|1 Time cp's rating: 1090 &rarr; <strong>1116<\/strong><br \/>(+26 for winning)\n|raw|An0nymoose's rating: 1078 &rarr; <strong>1057<\/strong><br \/>(-21 for losing)\n","uploadtime":1700387305,"views":30,"p1id":"1timecp","p2id":"an0nymoose","formatid":"gen9vgc2023regulatione","rating":1057,"private":0,"password":""}