{"id":"gen9vgc2023regulatione-1998312760","p1":"haamgamer07","p2":"Elsoldierdrake","format":"[Gen 9] VGC 2023 Regulation E","log":"|j|\u2606haamgamer07\n|j|\u2606Elsoldierdrake\n|t:|1700928143\n|gametype|doubles\n|player|p1|haamgamer07|169|1221\n|player|p2|Elsoldierdrake|170|1203\n|teamsize|p1|6\n|teamsize|p2|6\n|gen|9\n|tier|[Gen 9] VGC 2023 Regulation E\n|rated|\n|rule|Species Clause: Limit one of each Pok\u00e9mon\n|rule|Item Clause: Limit one of each item\n|clearpoke\n|poke|p1|Flutter Mane, L50|\n|poke|p1|Iron Hands, L50|\n|poke|p1|Ogerpon-Hearthflame, L50, F|\n|poke|p1|Cresselia, L50, F|\n|poke|p1|Ursaluna, L50, M|\n|poke|p1|Empoleon, L50, F|\n|poke|p2|Indeedee-F, L50, F|\n|poke|p2|Armarouge, L50, M|\n|poke|p2|Glastrier, L50|\n|poke|p2|Kingambit, L50, M|\n|poke|p2|Farigiraf, L50, F|\n|poke|p2|Iron Hands, L50|\n|teampreview|4\n|l|\u2606haamgamer07\n|player|p1|\n|j|\u2606haamgamer07\n|player|p1|haamgamer07|169\n|inactive|Battle timer is ON: inactive players will automatically lose when time's up. (requested by haamgamer07)\n|inactive|haamgamer07 has 60 seconds left.\n|inactive|Elsoldierdrake has 60 seconds left.\n|inactive|haamgamer07 has 30 seconds left.\n|\n|t:|1700928220\n|start\n|switch|p1a: Cresselia|Cresselia, L50, F|100\/100\n|switch|p1b: Ogerpon|Ogerpon-Hearthflame, L50, F|100\/100\n|switch|p2a: The Tower|Farigiraf, L50, F|100\/100\n|switch|p2b: The King|Kingambit, L50, M|100\/100\n|-ability|p1b: Ogerpon|Mold Breaker\n|turn|1\n|inactive|Elsoldierdrake has 30 seconds left.\n|inactive|haamgamer07 has 30 seconds left.\n|inactive|Elsoldierdrake has 20 seconds left.\n|inactive|Elsoldierdrake has 15 seconds left.\n|inactive|Elsoldierdrake has 10 seconds left.\n|inactive|Elsoldierdrake has 5 seconds left.\n|\n|t:|1700928275\n|switch|p1a: Iron Hands|Iron Hands, L50|100\/100\n|move|p1b: Ogerpon|Ivy Cudgel|p2a: The Tower|[anim] Ivy Cudgel Fire\n|-damage|p2a: The Tower|48\/100\n|move|p2b: The King|Iron Head|p1b: Ogerpon\n|-resisted|p1b: Ogerpon\n|-damage|p1b: Ogerpon|73\/100\n|move|p2a: The Tower|Trick Room|p2a: The Tower\n|-fieldstart|move: Trick Room|[of] p2a: The Tower\n|\n|upkeep\n|turn|2\n|inactive|haamgamer07 has 30 seconds left.\n|inactive|Elsoldierdrake has 30 seconds left.\n|\n|t:|1700928305\n|-end|p1a: Iron Hands|Quark Drive|[silent]\n|switch|p1a: Cresselia|Cresselia, L50, F|100\/100\n|-terastallize|p2b: The King|Flying\n|move|p2b: The King|Kowtow Cleave|p1b: Ogerpon\n|-damage|p1b: Ogerpon|8\/100\n|move|p2a: The Tower|Psychic|p1a: Cresselia\n|-resisted|p1a: Cresselia\n|-damage|p1a: Cresselia|89\/100\n|move|p1b: Ogerpon|Horn Leech|p2a: The Tower\n|-damage|p2a: The Tower|13\/100\n|-heal|p1b: Ogerpon|31\/100|[from] drain|[of] p2a: The Tower\n|\n|upkeep\n|turn|3\n|inactive|haamgamer07 has 30 seconds left.\n|inactive|Elsoldierdrake has 30 seconds left.\n|inactive|haamgamer07 has 20 seconds left.\n|\n|t:|1700928344\n|-terastallize|p1a: Cresselia|Fairy\n|move|p1b: Ogerpon|Spiky Shield|p1b: Ogerpon\n|-singleturn|p1b: Ogerpon|move: Protect\n|move|p2b: The King|Kowtow Cleave|p1a: Cresselia\n|-resisted|p1a: Cresselia\n|-damage|p1a: Cresselia|73\/100\n|move|p2a: The Tower|Psychic|p1b: Ogerpon\n|-activate|p1b: Ogerpon|move: Protect\n|move|p1a: Cresselia|Lunar Blessing|p1a: Cresselia|[spread] p1a,p1b\n|-heal|p1a: Cresselia|98\/100\n|-heal|p1b: Ogerpon|56\/100\n|\n|upkeep\n|turn|4\n|inactive|Elsoldierdrake has 30 seconds left.\n|inactive|Elsoldierdrake has 20 seconds left.\n|\n|t:|1700928379\n|switch|p1a: Ursaluna|Ursaluna, L50, M|100\/100\n|move|p2b: The King|Iron Head|p1a: Ursaluna\n|-damage|p1a: Ursaluna|63\/100\n|move|p2a: The Tower|Psychic|p1b: Ogerpon\n|-damage|p1b: Ogerpon|22\/100\n|move|p1b: Ogerpon|Ivy Cudgel|p2b: The King|[anim] Ivy Cudgel Fire\n|-damage|p2b: The King|57\/100\n|\n|-status|p1a: Ursaluna|brn|[from] item: Flame Orb\n|upkeep\n|turn|5\n|inactive|Elsoldierdrake has 30 seconds left.\n|\n|t:|1700928407\n|switch|p1b: Cresselia|Cresselia, L50, F, tera:Fairy|98\/100\n|move|p2b: The King|Sucker Punch|p1a: Ursaluna\n|-damage|p1a: Ursaluna|23\/100 brn\n|move|p1a: Ursaluna|Facade|p2b: The King\n|-damage|p2b: The King|0 fnt\n|faint|p2b: The King\n|move|p2a: The Tower|Psychic|p1b: Cresselia\n|-damage|p1b: Cresselia|75\/100\n|-unboost|p1b: Cresselia|spd|1\n|\n|-damage|p1a: Ursaluna|17\/100 brn|[from] brn\n|-fieldend|move: Trick Room\n|upkeep\n|\n|t:|1700928422\n|switch|p2b: The pawn|Iron Hands, L50|100\/100\n|turn|6\n|\n|t:|1700928440\n|switch|p1b: Ogerpon|Ogerpon-Hearthflame, L50, F|22\/100\n|-ability|p1b: Ogerpon|Mold Breaker\n|move|p1a: Ursaluna|Protect|p1a: Ursaluna\n|-singleturn|p1a: Ursaluna|Protect\n|move|p2b: The pawn|Fake Out|p1a: Ursaluna\n|-activate|p1a: Ursaluna|move: Protect\n|move|p2a: The Tower|Trick Room|p2a: The Tower\n|-fieldstart|move: Trick Room|[of] p2a: The Tower\n|\n|-damage|p1a: Ursaluna|12\/100 brn|[from] brn\n|upkeep\n|turn|7\n|inactive|Elsoldierdrake has 30 seconds left.\n|\n|t:|1700928466\n|switch|p1b: Cresselia|Cresselia, L50, F, tera:Fairy|75\/100\n|move|p2b: The pawn|Drain Punch|p1b: Cresselia\n|-resisted|p1b: Cresselia\n|-damage|p1b: Cresselia|63\/100\n|move|p1a: Ursaluna|Earthquake|p2b: The pawn|[spread] p2a,p2b\n|-immune|p1b: Cresselia|[from] ability: Levitate\n|-supereffective|p2b: The pawn\n|-damage|p2a: The Tower|0 fnt\n|-damage|p2b: The pawn|13\/100\n|faint|p2a: The Tower\n|\n|-damage|p1a: Ursaluna|6\/100 brn|[from] brn\n|upkeep\n|\n|t:|1700928479\n|switch|p2a: The Horse|Glastrier, L50|100\/100\n|turn|8\n|\n|t:|1700928497\n|switch|p1a: Iron Hands|Iron Hands, L50|100\/100\n|move|p2a: The Horse|Heavy Slam|p1b: Cresselia\n|-supereffective|p1b: Cresselia\n|-damage|p1b: Cresselia|3\/100\n|move|p2b: The pawn|Drain Punch|p1a: Iron Hands\n|-damage|p1a: Iron Hands|71\/100\n|-heal|p2b: The pawn|26\/100|[from] drain|[of] p1a: Iron Hands\n|move|p1b: Cresselia|Moonblast|p2b: The pawn\n|-supereffective|p2b: The pawn\n|-damage|p2b: The pawn|0 fnt\n|faint|p2b: The pawn\n|-end|p2b: The pawn|Quark Drive|[silent]\n|\n|upkeep\n|turn|9\n|\n|t:|1700928517\n|move|p1a: Iron Hands|Fake Out|p2a: The Horse\n|-damage|p2a: The Horse|88\/100\n|cant|p2a: The Horse|flinch\n|move|p1b: Cresselia|Lunar Blessing|p1b: Cresselia|[spread] p1a,p1b\n|-heal|p1a: Iron Hands|96\/100\n|-heal|p1b: Cresselia|28\/100\n|\n|upkeep\n|turn|10\n|\n|t:|1700928531\n|switch|p1b: Ogerpon|Ogerpon-Hearthflame, L50, F|22\/100\n|-ability|p1b: Ogerpon|Mold Breaker\n|move|p2a: The Horse|High Horsepower|p1a: Iron Hands\n|-supereffective|p1a: Iron Hands\n|-damage|p1a: Iron Hands|37\/100\n|-enditem|p1a: Iron Hands|Sitrus Berry|[eat]\n|-heal|p1a: Iron Hands|62\/100|[from] item: Sitrus Berry\n|move|p1a: Iron Hands|Swords Dance|p1a: Iron Hands\n|-boost|p1a: Iron Hands|atk|2\n|\n|-fieldend|move: Trick Room\n|upkeep\n|turn|11\n|\n|t:|1700928549\n|move|p1b: Ogerpon|Ivy Cudgel|p2a: The Horse|[anim] Ivy Cudgel Fire\n|-supereffective|p2a: The Horse\n|-crit|p2a: The Horse\n|-damage|p2a: The Horse|0 fnt\n|faint|p2a: The Horse\n|\n|win|haamgamer07\n|raw|haamgamer07's rating: 1221 &rarr; <strong>1245<\/strong><br \/>(+24 for winning)\n|raw|Elsoldierdrake's rating: 1203 &rarr; <strong>1179<\/strong><br \/>(-24 for losing)\n","uploadtime":1700928558,"views":0,"p1id":"haamgamer07","p2id":"elsoldierdrake","formatid":"gen9vgc2023regulatione","rating":1179,"private":0,"password":""}