{"id":"gen9vgc2023regulatione-1997790164","p1":"PurpleStyle","p2":"Camodude27","format":"[Gen 9] VGC 2023 Regulation E","log":"|j|\u2606PurpleStyle\n|j|\u2606Camodude27\n|n|\u2606PurpleStyle|purplestyle\n|n|\u2606Camodude27|camodude27\n|html|View the match progress at <a href=\"\/game-bestof3-gen9vgc2023regulatione-1997790163\">game-bestof3-gen9vgc2023regulatione-1997790163<\/a>\n|t:|1700852961\n|gametype|doubles\n|player|p1|PurpleStyle|pokefan|\n|player|p2|Camodude27|palmer|\n|teamsize|p1|6\n|teamsize|p2|6\n|gen|9\n|tier|[Gen 9] VGC 2023 Regulation E\n|rule|Species Clause: Limit one of each Pok\u00e9mon\n|rule|Item Clause: Limit one of each item\n|clearpoke\n|poke|p1|Gliscor, L50, F|\n|poke|p1|Decidueye-Hisui, L50, F|\n|poke|p1|Politoed, L50, M|\n|poke|p1|Gothitelle, L50, F|\n|poke|p1|Basculegion, L50, M|\n|poke|p1|Moltres, L50|\n|poke|p2|Illumise, L50, F|\n|poke|p2|Gyarados, L50, M|\n|poke|p2|Iron Thorns, L50|\n|poke|p2|Florges, L50, F|\n|poke|p2|Dipplin, L50, F|\n|poke|p2|Persian-Alola, L50, M|\n|teampreview|4\nPurpleStyle rejected open team sheets.\n|c|\u2606PurpleStyle|glhf\n|c|\u2606Camodude27|u2. Live links? Or are you doing a video?\n|c|\u2606PurpleStyle|no video\n|c|\u2606PurpleStyle|live links are fine with em\n|c|\u2606PurpleStyle|me\n|c|\u2606Camodude27|k live links sent\n|j| Heaven64\n|c|\u2606PurpleStyle|ready for timer?\n|c|\u2606Camodude27|sure.\n|inactive|Battle timer is ON: inactive players will automatically lose when time's up. (requested by PurpleStyle)\n|\n|t:|1700853160\n|start\n|switch|p1a: Gothitelle|Gothitelle, L50, F|100\/100\n|switch|p1b: Decidueye|Decidueye-Hisui, L50, F|100\/100\n|switch|p2a: Creati|Illumise, L50, F|100\/100\n|switch|p2b: Pinky|Florges, L50, F|100\/100\n|turn|1\n|l| Heaven64\n|inactive|Camodude27 has 30 seconds left.\n|\n|t:|1700853189\n|switch|p1b: Gliscor|Gliscor, L50, F|100\/100\n|move|p2a: Creati|Protect|p2a: Creati\n|-singleturn|p2a: Creati|Protect\n|move|p2b: Pinky|Moonblast|p1b: Gliscor\n|-damage|p1b: Gliscor|44\/100\n|move|p1a: Gothitelle|Trick Room|p1a: Gothitelle\n|-fieldstart|move: Trick Room|[of] p1a: Gothitelle\n|\n|upkeep\n|turn|2\n|\n|t:|1700853213\n|move|p2a: Creati|Encore|p1a: Gothitelle\n|-start|p1a: Gothitelle|Encore\n|-enditem|p1a: Gothitelle|Mental Herb\n|-end|p1a: Gothitelle|Encore\n|move|p1a: Gothitelle|Psychic|p2a: Creati\n|-damage|p2a: Creati|60\/100\n|move|p1b: Gliscor|Gunk Shot|p2b: Pinky\n|-supereffective|p2b: Pinky\n|-damage|p2b: Pinky|3\/100\n|move|p2b: Pinky|Moonblast|p1b: Gliscor\n|-damage|p1b: Gliscor|0 fnt\n|faint|p1b: Gliscor\n|\n|upkeep\n|\n|t:|1700853228\n|switch|p1b: Basculegion|Basculegion, L50, M|100\/100\n|turn|3\n|\n|t:|1700853249\n|switch|p2b: Ryukyu|Gyarados, L50, M|100\/100\n|-ability|p2b: Ryukyu|Intimidate|boost\n|-unboost|p1a: Gothitelle|atk|1\n|-ability|p1a: Gothitelle|Competitive|boost\n|-boost|p1a: Gothitelle|spa|2\n|-unboost|p1b: Basculegion|atk|1\n|move|p2a: Creati|Encore|p1a: Gothitelle\n|-start|p1a: Gothitelle|Encore\n|move|p1a: Gothitelle|Psychic|p2b: Ryukyu\n|-crit|p2b: Ryukyu\n|-damage|p2b: Ryukyu|0 fnt\n|faint|p2b: Ryukyu\n|move|p1b: Basculegion|Wave Crash|p2a: Creati\n|-damage|p2a: Creati|0 fnt\n|faint|p2a: Creati\n|-damage|p1b: Basculegion|84\/100|[from] Recoil\n|\n|upkeep\n|inactive|Camodude27 has 30 seconds left.\n|\n|t:|1700853275\n|switch|p2a: Pinky|Florges, L50, F|3\/100\n|switch|p2b: Red Riot|Iron Thorns, L50|100\/100\n|-enditem|p2b: Red Riot|Booster Energy\n|-activate|p2a: Pinky|ability: Symbiosis|Choice Scarf|[of] p2b: Red Riot\n|-activate|p2b: Red Riot|ability: Quark Drive|[fromitem]\n|-start|p2b: Red Riot|quarkdriveatk\n|turn|4\n|inactive|PurpleStyle has 30 seconds left.\n|inactive|Camodude27 has 30 seconds left.\n|\n|t:|1700853302\n|-terastallize|p2b: Red Riot|Grass\n|move|p1a: Gothitelle|Psychic|p2b: Red Riot\n|-damage|p2b: Red Riot|19\/100\n|-unboost|p2b: Red Riot|spd|1\n|move|p1b: Basculegion|Wave Crash|p2a: Pinky\n|-damage|p2a: Pinky|0 fnt\n|faint|p2a: Pinky\n|-damage|p1b: Basculegion|83\/100|[from] Recoil\n|move|p2b: Red Riot|Wild Charge|p1a: Gothitelle\n|-damage|p1a: Gothitelle|41\/100\n|-damage|p2b: Red Riot|5\/100|[from] Recoil\n|\n|upkeep\n|turn|5\n|c|\u2606PurpleStyle|gg\n|c|\u2606Camodude27|gg\n|\n|t:|1700853315\n|move|p1a: Gothitelle|Psychic|p2b: Red Riot\n|-damage|p2b: Red Riot|0 fnt\n|faint|p2b: Red Riot\n|-end|p2b: Red Riot|Quark Drive|[silent]\n|\n|win|PurpleStyle\n|c|&|\/uhtml prompt-purplestyle,PurpleStyle is ready for game 2!\n|inactive|Camodude27 has 50 seconds to confirm battle start!\n","uploadtime":1700853320,"views":39,"p1id":"purplestyle","p2id":"camodude27","formatid":"gen9vgc2023regulatione","rating":0,"private":0,"password":""}