{"id":"gen9vgc2023regulatione-1988367855","p1":"Dekuuzumaki5","p2":"jungle231016","format":"[Gen 9] VGC 2023 Regulation E","log":"|j|\u2606Dekuuzumaki5\n|j|\u2606jungle231016\n|t:|1699714770\n|gametype|doubles\n|player|p1|Dekuuzumaki5|lance|1014\n|player|p2|jungle231016|170|1007\n|teamsize|p1|6\n|teamsize|p2|6\n|gen|9\n|tier|[Gen 9] VGC 2023 Regulation E\n|rated|\n|rule|Species Clause: Limit one of each Pok\u00e9mon\n|rule|Item Clause: Limit one of each item\n|clearpoke\n|poke|p1|Flutter Mane, L50|\n|poke|p1|Iron Hands, L50|\n|poke|p1|Chien-Pao, L50|\n|poke|p1|Urshifu-*, L50, M|\n|poke|p1|Arcanine-Hisui, L50, F|\n|poke|p1|Tornadus, L50, M|\n|poke|p2|Dondozo, L50, M|\n|poke|p2|Dragonite, L50, F|\n|poke|p2|Flutter Mane, L50|\n|poke|p2|Heatran, L50, M|\n|poke|p2|Ogerpon-Hearthflame, L50, F|\n|poke|p2|Glimmora, L50, M|\n|teampreview|4\n|\n|t:|1699714801\n|start\n|switch|p1a: Tornadus|Tornadus, L50, M|100\/100\n|switch|p1b: Iron Hands|Iron Hands, L50|100\/100\n|switch|p2a: Dondozo|Dondozo, L50, M|100\/100\n|switch|p2b: Heatran|Heatran, L50, M|100\/100\n|turn|1\n|\n|t:|1699714822\n|-terastallize|p2b: Heatran|Grass\n|move|p2a: Dondozo|Protect|p2a: Dondozo\n|-singleturn|p2a: Dondozo|Protect\n|move|p1b: Iron Hands|Fake Out|p2a: Dondozo\n|-activate|p2a: Dondozo|move: Protect\n|move|p1a: Tornadus|Tailwind|p1a: Tornadus\n|-sidestart|p1: Dekuuzumaki5|move: Tailwind\n|move|p2b: Heatran|Flamethrower|p1b: Iron Hands\n|-crit|p1b: Iron Hands\n|-damage|p1b: Iron Hands|55\/100\n|\n|upkeep\n|turn|2\n|\n|t:|1699714848\n|switch|p2b: Dragonite|Dragonite, L50, F|100\/100\n|move|p1a: Tornadus|Air Slash|p2b: Dragonite\n|-damage|p2b: Dragonite|57\/100\n|move|p1b: Iron Hands|Wild Charge|p2a: Dondozo\n|-supereffective|p2a: Dondozo\n|-crit|p2a: Dondozo\n|-damage|p2a: Dondozo|20\/100\n|-damage|p1b: Iron Hands|33\/100|[from] Recoil\n|move|p2a: Dondozo|Yawn|p1b: Iron Hands\n|-start|p1b: Iron Hands|move: Yawn|[of] p2a: Dondozo\n|\n|-heal|p2a: Dondozo|27\/100|[from] item: Leftovers\n|upkeep\n|turn|3\n|\n|t:|1699714870\n|-end|p1b: Iron Hands|Quark Drive|[silent]\n|switch|p1b: Flutter Mane|Flutter Mane, L50|100\/100\n|-enditem|p1b: Flutter Mane|Booster Energy\n|-activate|p1b: Flutter Mane|ability: Protosynthesis|[fromitem]\n|-start|p1b: Flutter Mane|protosynthesisspe\n|move|p2a: Dondozo|Protect|p2a: Dondozo\n|-singleturn|p2a: Dondozo|Protect\n|move|p2b: Dragonite|Extreme Speed|p1b: Flutter Mane\n|-immune|p1b: Flutter Mane\n|move|p1a: Tornadus|Air Slash|p2a: Dondozo\n|-activate|p2a: Dondozo|move: Protect\n|\n|-heal|p2a: Dondozo|33\/100|[from] item: Leftovers\n|upkeep\n|turn|4\n|inactive|Battle timer is ON: inactive players will automatically lose when time's up. (requested by Dekuuzumaki5)\n|\n|t:|1699714912\n|switch|p2a: Glimmora|Glimmora, L50, M|100\/100\n|move|p2b: Dragonite|Extreme Speed|p1a: Tornadus\n|-damage|p1a: Tornadus|33\/100\n|move|p1b: Flutter Mane|Dazzling Gleam|p2a: Glimmora|[spread] p2a,p2b\n|-resisted|p2a: Glimmora\n|-supereffective|p2b: Dragonite\n|-damage|p2a: Glimmora|80\/100\n|-damage|p2b: Dragonite|0 fnt\n|faint|p2b: Dragonite\n|move|p1a: Tornadus|Air Slash|p2a: Glimmora\n|-resisted|p2a: Glimmora\n|-damage|p2a: Glimmora|53\/100\n|\n|-sideend|p1: Dekuuzumaki5|move: Tailwind\n|upkeep\n|\n|t:|1699714930\n|switch|p2b: Heatran|Heatran, L50, M, tera:Grass|100\/100\n|turn|5\n|inactive|jungle231016 has 30 seconds left.\n|inactive|jungle231016 has 20 seconds left.\n|\n|t:|1699714970\n|move|p2a: Glimmora|Spiky Shield|p2a: Glimmora\n|-singleturn|p2a: Glimmora|move: Protect\n|move|p1a: Tornadus|Tailwind|p1a: Tornadus\n|-sidestart|p1: Dekuuzumaki5|move: Tailwind\n|move|p1b: Flutter Mane|Shadow Ball|p2a: Glimmora\n|-activate|p2a: Glimmora|move: Protect\n|move|p2b: Heatran|Heavy Slam|p1b: Flutter Mane\n|-supereffective|p1b: Flutter Mane\n|-damage|p1b: Flutter Mane|0 fnt\n|faint|p1b: Flutter Mane\n|-end|p1b: Flutter Mane|Protosynthesis|[silent]\n|\n|upkeep\n|\n|t:|1699714984\n|switch|p1b: Iron Hands|Iron Hands, L50|33\/100\n|turn|6\n|\n|t:|1699715011\n|move|p1b: Iron Hands|Fake Out|p2b: Heatran\n|-crit|p2b: Heatran\n|-damage|p2b: Heatran|78\/100\n|move|p1a: Tornadus|Air Slash|p2a: Glimmora|[miss]\n|-miss|p1a: Tornadus|p2a: Glimmora\n|move|p2a: Glimmora|Sludge Bomb|p1a: Tornadus\n|-damage|p1a: Tornadus|0 fnt\n|faint|p1a: Tornadus\n|cant|p2b: Heatran|flinch\n|\n|upkeep\n|\n|t:|1699715020\n|switch|p1a: Arcanine|Arcanine-Hisui, L50, F|100\/100\n|turn|7\n|l|\u2606jungle231016\n|inactive|jungle231016 disconnected and has a minute to reconnect!\n|player|p2|\n|inactive|jungle231016 has 30 seconds left.\n|j|\u2606jungle231016\n|inactive|jungle231016 reconnected and has 25 seconds left.\n|player|p2|jungle231016|170\n|inactive|jungle231016 has 20 seconds left.\n|inactive|jungle231016 has 15 seconds left.\n|inactive|jungle231016 has 10 seconds left.\n|inactive|jungle231016 has 5 seconds left.\n|\n|t:|1699715092\n|-terastallize|p1a: Arcanine|Fire\n|move|p2a: Glimmora|Spiky Shield|p2a: Glimmora\n|-singleturn|p2a: Glimmora|move: Protect\n|move|p1a: Arcanine|Flare Blitz|p2b: Heatran\n|-start|p2b: Heatran|ability: Flash Fire\n|move|p1b: Iron Hands|Drain Punch|p2a: Glimmora\n|-activate|p2a: Glimmora|move: Protect\n|-damage|p1b: Iron Hands|21\/100|[from] Spiky Shield|[of] p2a: Glimmora\n|move|p2b: Heatran|Earth Power|p1a: Arcanine\n|-supereffective|p1a: Arcanine\n|-damage|p1a: Arcanine|18\/100\n|\n|upkeep\n|turn|8\n|-message|Dekuuzumaki5 forfeited.\n|\n|win|jungle231016\n|raw|Dekuuzumaki5's rating: 1014 &rarr; <strong>1002<\/strong><br \/>(-12 for losing)\n|raw|jungle231016's rating: 1007 &rarr; <strong>1047<\/strong><br \/>(+40 for winning)\n|l|\u2606Dekuuzumaki5\n","uploadtime":1699715119,"views":12,"p1id":"dekuuzumaki5","p2id":"jungle231016","formatid":"gen9vgc2023regulatione","rating":1002,"private":0,"password":""}