{"id":"gen9vgc2023regulatione-1995947191","p1":"hash brown enjoyer","p2":"cjl78","format":"[Gen 9] VGC 2023 Regulation E","log":"|j|\u2606hash brown enjoyer\n|j|\u2606cjl78\n|t:|1700620691\n|gametype|doubles\n|player|p1|hash brown enjoyer|ingo|\n|player|p2|cjl78|170|\n|teamsize|p1|6\n|teamsize|p2|6\n|gen|9\n|tier|[Gen 9] VGC 2023 Regulation E\n|rule|Species Clause: Limit one of each Pok\u00e9mon\n|rule|Item Clause: Limit one of each item\n|clearpoke\n|poke|p1|Tornadus, L50, M|\n|poke|p1|Urshifu-*, L50, M|\n|poke|p1|Flutter Mane, L50|\n|poke|p1|Chi-Yu, L50|\n|poke|p1|Brambleghast, L50, M|\n|poke|p1|Gholdengo, L50|\n|poke|p2|Amoonguss, L50, M|\n|poke|p2|Iron Hands, L50|\n|poke|p2|Arcanine-Hisui, L50, M|\n|poke|p2|Roaring Moon, L50|\n|poke|p2|Urshifu-*, L50, M|\n|poke|p2|Gholdengo, L50|\n|teampreview|4\n|j| muzikal\n|j| Bauerdad\ncjl78 has agreed to open team sheets.\nhash brown enjoyer has agreed to open team sheets.\n|showteam|p1|Tornadus||CovertCloak|Prankster|BleakwindStorm,Tailwind,ScaryFace,Taunt|||M|||50|,,,,,Steel]Urshifu-Rapid-Strike||MysticWater|UnseenFist|SurgingStrikes,CloseCombat,AquaJet,Detect|||M|||50|,,,,,Water]Flutter Mane||BoosterEnergy|Protosynthesis|DazzlingGleam,ShadowBall,Moonblast,Protect||||||50|,,,,,Fairy]Chi-Yu||LifeOrb|BeadsofRuin|HeatWave,DarkPulse,Overheat,Protect||||||50|,,,,,Ghost]Brambleghast||FocusSash|WindRider|Poltergeist,PowerWhip,ShadowSneak,StrengthSap|||M|||50|,,,,,Ghost]Gholdengo||ChoiceSpecs|GoodasGold|MakeItRain,ShadowBall,Thunderbolt,SteelBeam||||||50|,,,,,Steel\n|showteam|p2|Amoonguss||SitrusBerry|Regenerator|Spore,RagePowder,PollenPuff,Protect|||M|||50|,,,,,Water]Iron Hands||AssaultVest|QuarkDrive|FakeOut,WildCharge,DrainPunch,HeavySlam||||||50|,,,,,Water]Arcanine-Hisui||ChoiceBand|Intimidate|FlareBlitz,RockSlide,ExtremeSpeed,TeraBlast|||M|||50|,,,,,Fairy]Roaring Moon||BoosterEnergy|Protosynthesis|Acrobatics,KnockOff,Tailwind,Protect||||||50|,,,,,Flying]Urshifu-Rapid-Strike||MysticWater|UnseenFist|SurgingStrikes,AquaJet,Protect,CloseCombat|||M|||50|,,,,,Water]Gholdengo||Leftovers|GoodasGold|MakeItRain,ShadowBall,NastyPlot,Protect||||||50|,,,,,Dragon\n|\n|t:|1700620727\n|start\n|switch|p1a: Tornadus|Tornadus, L50, M|100\/100\n|switch|p1b: Urshifu|Urshifu-Rapid-Strike, L50, M|100\/100\n|switch|p2a: Roaring Moon|Roaring Moon, L50|100\/100\n|switch|p2b: Urshifu|Urshifu-Rapid-Strike, L50, M|100\/100\n|-enditem|p2a: Roaring Moon|Booster Energy\n|-activate|p2a: Roaring Moon|ability: Protosynthesis|[fromitem]\n|-start|p2a: Roaring Moon|protosynthesisspe\n|turn|1\n|\n|t:|1700620747\n|-end|p2a: Roaring Moon|Protosynthesis|[silent]\n|switch|p2a: Iron Hands|Iron Hands, L50|100\/100\n|move|p1a: Tornadus|Tailwind|p1a: Tornadus\n|-sidestart|p1: hash brown enjoyer|move: Tailwind\n|move|p1b: Urshifu|Surging Strikes|p2a: Iron Hands\n|-crit|p2a: Iron Hands\n|-damage|p2a: Iron Hands|80\/100\n|-crit|p2a: Iron Hands\n|-damage|p2a: Iron Hands|61\/100\n|-crit|p2a: Iron Hands\n|-damage|p2a: Iron Hands|43\/100\n|-hitcount|p2a: Iron Hands|3\n|move|p2b: Urshifu|Surging Strikes|p1a: Tornadus\n|-crit|p1a: Tornadus\n|-damage|p1a: Tornadus|69\/100\n|-crit|p1a: Tornadus\n|-damage|p1a: Tornadus|37\/100\n|-crit|p1a: Tornadus\n|-damage|p1a: Tornadus|7\/100\n|-hitcount|p1a: Tornadus|3\n|\n|upkeep\n|turn|2\n|\n|t:|1700620780\n|-terastallize|p1b: Urshifu|Water\n|move|p2a: Iron Hands|Fake Out|p1b: Urshifu\n|-damage|p1b: Urshifu|84\/100\n|move|p2b: Urshifu|Aqua Jet|p1a: Tornadus\n|-damage|p1a: Tornadus|0 fnt\n|faint|p1a: Tornadus\n|cant|p1b: Urshifu|flinch\n|\n|upkeep\n|\n|t:|1700620788\n|switch|p1a: Brambleghast|Brambleghast, L50, M, shiny|100\/100\n|-ability|p1a: Brambleghast|Wind Rider|boost\n|-boost|p1a: Brambleghast|atk|1\n|turn|3\n|\n|t:|1700620808\n|switch|p2b: Arcanine|Arcanine-Hisui, L50, M|100\/100\n|-ability|p2b: Arcanine|Intimidate|boost\n|-unboost|p1a: Brambleghast|atk|1\n|-unboost|p1b: Urshifu|atk|1\n|move|p1b: Urshifu|Surging Strikes|p2a: Iron Hands\n|-crit|p2a: Iron Hands\n|-damage|p2a: Iron Hands|20\/100\n|-crit|p2a: Iron Hands\n|-damage|p2a: Iron Hands|0 fnt\n|faint|p2a: Iron Hands\n|-end|p2a: Iron Hands|Quark Drive|[silent]\n|-hitcount|p2: Iron Hands|2\n|move|p1a: Brambleghast|Power Whip|p2b: Arcanine\n|-damage|p2b: Arcanine|27\/100\n|\n|upkeep\n|\n|t:|1700620829\n|switch|p2a: Roaring Moon|Roaring Moon, L50|100\/100\n|turn|4\n|\n|t:|1700620858\n|-terastallize|p2a: Roaring Moon|Flying\n|move|p2b: Arcanine|Extreme Speed|p1b: Urshifu\n|-damage|p1b: Urshifu|44\/100\n|move|p1b: Urshifu|Aqua Jet|p2b: Arcanine\n|-supereffective|p2b: Arcanine\n|-damage|p2b: Arcanine|0 fnt\n|faint|p2b: Arcanine\n|move|p1a: Brambleghast|Power Whip|p2a: Roaring Moon\n|-resisted|p2a: Roaring Moon\n|-damage|p2a: Roaring Moon|60\/100\n|move|p2a: Roaring Moon|Acrobatics|p1a: Brambleghast\n|-supereffective|p1a: Brambleghast\n|-enditem|p1a: Brambleghast|Focus Sash\n|-damage|p1a: Brambleghast|1\/100\n|\n|-sideend|p1: hash brown enjoyer|move: Tailwind\n|upkeep\n|\n|t:|1700620865\n|switch|p2b: Urshifu|Urshifu-Rapid-Strike, L50, M|100\/100\n|turn|5\n|\n|t:|1700620894\n|move|p2b: Urshifu|Aqua Jet|p1a: Brambleghast\n|-resisted|p1a: Brambleghast\n|-damage|p1a: Brambleghast|0 fnt\n|faint|p1a: Brambleghast\n|move|p2a: Roaring Moon|Acrobatics|p1b: Urshifu\n|-damage|p1b: Urshifu|0 fnt\n|faint|p1b: Urshifu\n|\n|upkeep\n|\n|t:|1700620898\n|switch|p1b: Chi-Yu|Chi-Yu, L50|100\/100\n|-ability|p1b: Chi-Yu|Beads of Ruin\n|turn|6\n|\n|t:|1700620904\n|move|p2a: Roaring Moon|Tailwind|p2a: Roaring Moon\n|-sidestart|p2: cjl78|move: Tailwind\n|move|p2b: Urshifu|Surging Strikes|p1b: Chi-Yu\n|-supereffective|p1b: Chi-Yu\n|-crit|p1b: Chi-Yu\n|-damage|p1b: Chi-Yu|26\/100\n|-supereffective|p1b: Chi-Yu\n|-crit|p1b: Chi-Yu\n|-damage|p1b: Chi-Yu|0 fnt\n|faint|p1b: Chi-Yu\n|-hitcount|p1: Chi-Yu|2\n|\n|win|cjl78\n|c|\u2606hash brown enjoyer|ggs\n|l| muzikal\n|l|\u2606cjl78\n","uploadtime":1700622002,"views":5,"p1id":"hashbrownenjoyer","p2id":"cjl78","formatid":"gen9vgc2023regulatione","rating":0,"private":0,"password":""}