{"id":"gen9vgc2023regulatione-1990191472","p1":"bobforte22","p2":"hjgklm3k","format":"[Gen 9] VGC 2023 Regulation E","log":"|j|\u2606bobforte22\n|j|\u2606hjgklm3k\n|t:|1699935173\n|gametype|doubles\n|player|p1|bobforte22|pilot|1234\n|player|p2|hjgklm3k|169|1253\n|teamsize|p1|6\n|teamsize|p2|6\n|gen|9\n|tier|[Gen 9] VGC 2023 Regulation E\n|rated|\n|rule|Species Clause: Limit one of each Pok\u00e9mon\n|rule|Item Clause: Limit one of each item\n|clearpoke\n|poke|p1|Chi-Yu, L50|\n|poke|p1|Jolteon, L50, M|\n|poke|p1|Iron Hands, L50|\n|poke|p1|Iron Bundle, L50|\n|poke|p1|Arcanine, L50, M|\n|poke|p1|Iron Jugulis, L50|\n|poke|p2|Ogerpon-Cornerstone, L50, F|\n|poke|p2|Tyranitar, L50, F|\n|poke|p2|Ursaluna-Bloodmoon, L50, M|\n|poke|p2|Cresselia, L50, F|\n|poke|p2|Iron Hands, L50|\n|poke|p2|Gastrodon, L50, M|\n|teampreview|4\n|\n|t:|1699935191\n|start\n|switch|p1a: Iron Hands|Iron Hands, L50|100\/100\n|switch|p1b: Iron Bundle|Iron Bundle, L50|100\/100\n|switch|p2a: Cresselia|Cresselia, L50, F|100\/100\n|switch|p2b: Iron Hands|Iron Hands, L50|100\/100\n|-enditem|p2b: Iron Hands|Booster Energy\n|-activate|p2b: Iron Hands|ability: Quark Drive|[fromitem]\n|-start|p2b: Iron Hands|quarkdriveatk\n|turn|1\n|inactive|Battle timer is ON: inactive players will automatically lose when time's up. (requested by bobforte22)\n|inactive|bobforte22 has 60 seconds left.\n|\n|t:|1699935240\n|move|p1b: Iron Bundle|Hydro Pump|p2b: Iron Hands\n|-damage|p2b: Iron Hands|64\/100\n|move|p1a: Iron Hands|Drain Punch|p2b: Iron Hands\n|-damage|p2b: Iron Hands|30\/100\n|move|p2b: Iron Hands|Swords Dance|p2b: Iron Hands\n|-boost|p2b: Iron Hands|atk|2\n|move|p2a: Cresselia|Trick Room|p2a: Cresselia\n|-fieldstart|move: Trick Room|[of] p2a: Cresselia\n|\n|upkeep\n|turn|2\n|\n|t:|1699935253\n|move|p1b: Iron Bundle|Protect|p1b: Iron Bundle\n|-singleturn|p1b: Iron Bundle|Protect\n|move|p2b: Iron Hands|Close Combat|p1a: Iron Hands\n|-damage|p1a: Iron Hands|0 fnt\n|-unboost|p2b: Iron Hands|def|1\n|-unboost|p2b: Iron Hands|spd|1\n|faint|p1a: Iron Hands\n|-end|p1a: Iron Hands|Quark Drive|[silent]\n|move|p2a: Cresselia|Lunar Blessing|p2a: Cresselia|[spread] p2a,p2b\n|-heal|p2b: Iron Hands|54\/100\n|\n|upkeep\n|\n|t:|1699935265\n|switch|p1a: Chi-Yu|Chi-Yu, L50|100\/100\n|-ability|p1a: Chi-Yu|Beads of Ruin\n|turn|3\n|\n|t:|1699935282\n|-terastallize|p1a: Chi-Yu|Ghost\n|move|p2b: Iron Hands|Wild Charge|p1b: Iron Bundle\n|-supereffective|p1b: Iron Bundle\n|-damage|p1b: Iron Bundle|0 fnt\n|faint|p1b: Iron Bundle\n|-end|p1b: Iron Bundle|Quark Drive|[silent]\n|-damage|p2b: Iron Hands|37\/100|[from] Recoil\n|move|p2a: Cresselia|Lunar Blessing|p2a: Cresselia|[spread] p2a,p2b\n|-heal|p2b: Iron Hands|62\/100\n|move|p1a: Chi-Yu|Heat Wave|p2a: Cresselia|[spread] p2a\n|-miss|p1a: Chi-Yu|p2b: Iron Hands\n|-damage|p2a: Cresselia|53\/100\n|-status|p2a: Cresselia|brn\n|\n|-damage|p2a: Cresselia|47\/100 brn|[from] brn\n|upkeep\n|\n|t:|1699935299\n|switch|p1b: Jolteon|Jolteon, L50, M|100\/100\n|turn|4\n|\n|t:|1699935310\n|move|p2b: Iron Hands|Wild Charge|p1a: Chi-Yu\n|-damage|p1a: Chi-Yu|0 fnt\n|faint|p1a: Chi-Yu\n|-damage|p2b: Iron Hands|46\/100|[from] Recoil\n|move|p2a: Cresselia|Moonblast|p1b: Jolteon\n|-damage|p1b: Jolteon|83\/100\n|-unboost|p1b: Jolteon|spa|1\n|move|p1b: Jolteon|Fake Tears|p2b: Iron Hands\n|-unboost|p2b: Iron Hands|spd|2\n|\n|-damage|p2a: Cresselia|41\/100 brn|[from] brn\n|upkeep\n|turn|5\n|\n|t:|1699935322\n|move|p1b: Jolteon|Protect|p1b: Jolteon\n|-singleturn|p1b: Jolteon|Protect\n|move|p2b: Iron Hands|Close Combat|p1b: Jolteon\n|-activate|p1b: Jolteon|move: Protect\n|move|p2a: Cresselia|Moonblast|p1b: Jolteon\n|-activate|p1b: Jolteon|move: Protect\n|\n|-damage|p2a: Cresselia|34\/100 brn|[from] brn\n|-fieldend|move: Trick Room\n|upkeep\n|turn|6\n|\n|t:|1699935327\n|move|p1b: Jolteon|Thunderbolt|p2b: Iron Hands\n|-resisted|p2b: Iron Hands\n|-damage|p2b: Iron Hands|19\/100\n|-damage|p1b: Jolteon|73\/100|[from] item: Life Orb\n|move|p2b: Iron Hands|Close Combat|p1b: Jolteon\n|-damage|p1b: Jolteon|0 fnt\n|-unboost|p2b: Iron Hands|def|1\n|-unboost|p2b: Iron Hands|spd|1\n|faint|p1b: Jolteon\n|\n|win|hjgklm3k\n|raw|bobforte22's rating: 1234 &rarr; <strong>1210<\/strong><br \/>(-24 for losing)\n|raw|hjgklm3k's rating: 1253 &rarr; <strong>1277<\/strong><br \/>(+24 for winning)\n","uploadtime":1699935331,"views":6,"p1id":"bobforte22","p2id":"hjgklm3k","formatid":"gen9vgc2023regulatione","rating":1210,"private":0,"password":""}