{"id":"gen9vgc2023regulatione-1994287813","p1":"STGHMAAV","p2":"christianfinity","format":"[Gen 9] VGC 2023 Regulation E","log":"|j|\u2606STGHMAAV\n|j|\u2606christianfinity\n|n|\u2606STGHMAAV|stghmaav\n|n|\u2606christianfinity|christianfinity\n|html|View the match progress at <a href=\"\/game-bestof3-gen9vgc2023regulatione-1994285266\">game-bestof3-gen9vgc2023regulatione-1994285266<\/a>\n|t:|1700427320\n|gametype|doubles\n|player|p1|STGHMAAV|101|\n|player|p2|christianfinity|youngathlete|\n|teamsize|p1|6\n|teamsize|p2|6\n|gen|9\n|tier|[Gen 9] VGC 2023 Regulation E\n|rated|Tournament battle\n|rule|Species Clause: Limit one of each Pok\u00e9mon\n|rule|Item Clause: Limit one of each item\n|clearpoke\n|poke|p1|Iron Hands, L50|\n|poke|p1|Rillaboom, L50, M|\n|poke|p1|Urshifu-*, L50, M|\n|poke|p1|Flutter Mane, L50|\n|poke|p1|Heatran, L50, F|\n|poke|p1|Arcanine-Hisui, L50, F|\n|poke|p2|Ninetales-Alola, L50, M|\n|poke|p2|Ogerpon-Wellspring, L50, F|\n|poke|p2|Baxcalibur, L50, M|\n|poke|p2|Arcanine-Hisui, L50, M|\n|poke|p2|Gholdengo, L50|\n|poke|p2|Rillaboom, L50, M|\n|teampreview|4\n|showteam|p1|Iron Hands||AssaultVest|QuarkDrive|FakeOut,DrainPunch,HeavySlam,WildCharge||||||50|,,,,,Grass]Rillaboom||MiracleSeed|GrassySurge|FakeOut,GrassyGlide,Uturn,Protect|||M|||50|,,,,,Fire]Urshifu-Rapid-Strike||MysticWater|UnseenFist|Detect,SurgingStrikes,CloseCombat,AquaJet|||M|||50|,,,,,Water]Flutter Mane||BoosterEnergy|Protosynthesis|ShadowBall,Moonblast,DazzlingGleam,Protect||||||50|,,,,,Fairy]Heatran||Leftovers|FlashFire|EarthPower,MagmaStorm,TeraBlast,Protect|||F|||50|,,,,,Fairy]Arcanine-Hisui||SafetyGoggles|Intimidate|Protect,WillOWisp,FlareBlitz,RockSlide|||F|||50|,,,,,Water\n|showteam|p2|Ninetales-Alola||LightClay|SnowWarning|AuroraVeil,IcyWind,Moonblast,Encore|||M|||50|,,,,,Ghost]Ogerpon-Wellspring||WellspringMask|WaterAbsorb|SwordsDance,IvyCudgel,HornLeech,SpikyShield|||F|||50|,,,,,Water]Baxcalibur||ClearAmulet|IceBody|DragonDance,IcicleCrash,HighHorsepower,Protect|||M|||50|,,,,,Poison]Arcanine-Hisui||ChoiceBand|Intimidate|FlareBlitz,RockSlide,ExtremeSpeed,TeraBlast|||M|||50|,,,,,Fairy]Gholdengo||Leftovers|GoodasGold|NastyPlot,MakeItRain,ShadowBall,Protect||||||50|,,,,,Fairy]Rillaboom||AssaultVest|GrassySurge|FakeOut,GrassyGlide,DrumBeating,HighHorsepower|||M|||50|,,,,,Fire\n|j| mocha_06\n|j|%Radio Free C-Side\n|j| ale cog\n|\n|t:|1700427339\n|start\n|switch|p1a: Heatran|Heatran, L50, F|100\/100\n|switch|p1b: Iron Hands|Iron Hands, L50|100\/100\n|switch|p2a: Serendipity|Ninetales-Alola, L50, M, shiny|100\/100\n|switch|p2b: Vacuole|Ogerpon-Wellspring, L50, F|100\/100\n|-weather|Snow|[from] ability: Snow Warning|[of] p2a: Serendipity\n|turn|1\n|\n|t:|1700427357\n|-terastallize|p2a: Serendipity|Ghost\n|-terastallize|p1a: Heatran|Fairy\n|move|p2a: Serendipity|Encore||[still]\n|-fail|p2a: Serendipity\n|move|p2b: Vacuole|Swords Dance|p2b: Vacuole\n|-boost|p2b: Vacuole|atk|2\n|move|p1a: Heatran|Magma Storm|p2b: Vacuole\n|-crit|p2b: Vacuole\n|-damage|p2b: Vacuole|18\/100\n|-activate|p2b: Vacuole|move: Magma Storm|[of] p1a: Heatran\n|move|p1b: Iron Hands|Wild Charge|p2b: Vacuole\n|-damage|p2b: Vacuole|0 fnt\n|faint|p2b: Vacuole\n|-damage|p1b: Iron Hands|97\/100|[from] Recoil\n|\n|-weather|Snow|[upkeep]\n|upkeep\n|c|\u2606christianfinity|Nice play\n|c|\u2606STGHMAAV|thx!\n|c|\u2606christianfinity|Was so certain about fake out + flash cannon lol\n|j| Luke111192\n|\n|t:|1700427401\n|switch|p2b: Baxter|Baxcalibur, L50, M|100\/100\n|turn|2\n|\n|t:|1700427412\n|move|p2a: Serendipity|Aurora Veil|p2a: Serendipity\n|-sidestart|p2: christianfinity|move: Aurora Veil\n|move|p2b: Baxter|Icicle Crash|p1a: Heatran\n|-damage|p1a: Heatran|61\/100\n|move|p1a: Heatran|Tera Blast|p2b: Baxter|[anim] Tera Blast Fairy\n|-supereffective|p2b: Baxter\n|-damage|p2b: Baxter|45\/100\n|move|p1b: Iron Hands|Drain Punch|p2b: Baxter\n|-supereffective|p2b: Baxter\n|-damage|p2b: Baxter|8\/100\n|-heal|p1b: Iron Hands|100\/100|[from] drain|[of] p2b: Baxter\n|\n|-weather|Snow|[upkeep]\n|-heal|p2b: Baxter|14\/100|[from] ability: Ice Body\n|-heal|p1a: Heatran|67\/100|[from] item: Leftovers\n|upkeep\n|turn|3\n|j| SoCalSalamence\n|\n|t:|1700427431\n|move|p2b: Baxter|Protect|p2b: Baxter\n|-singleturn|p2b: Baxter|Protect\n|move|p1a: Heatran|Protect|p1a: Heatran\n|-singleturn|p1a: Heatran|Protect\n|move|p2a: Serendipity|Moonblast|p1b: Iron Hands\n|-supereffective|p1b: Iron Hands\n|-damage|p1b: Iron Hands|68\/100\n|-unboost|p1b: Iron Hands|spa|1\n|move|p1b: Iron Hands|Drain Punch|p2b: Baxter\n|-activate|p2b: Baxter|move: Protect\n|\n|-weather|Snow|[upkeep]\n|-heal|p2b: Baxter|20\/100|[from] ability: Ice Body\n|-heal|p1a: Heatran|73\/100|[from] item: Leftovers\n|upkeep\n|turn|4\n|\n|t:|1700427440\n|move|p2a: Serendipity|Moonblast|p1b: Iron Hands\n|-supereffective|p1b: Iron Hands\n|-damage|p1b: Iron Hands|32\/100\n|move|p2b: Baxter|High Horsepower|p1b: Iron Hands\n|-supereffective|p1b: Iron Hands\n|-damage|p1b: Iron Hands|0 fnt\n|faint|p1b: Iron Hands\n|-end|p1b: Iron Hands|Quark Drive|[silent]\n|move|p1a: Heatran|Magma Storm|p2a: Serendipity\n|-damage|p2a: Serendipity|58\/100\n|-activate|p2a: Serendipity|move: Magma Storm|[of] p1a: Heatran\n|\n|-weather|Snow|[upkeep]\n|-heal|p2b: Baxter|26\/100|[from] ability: Ice Body\n|-heal|p1a: Heatran|79\/100|[from] item: Leftovers\n|-damage|p2a: Serendipity|46\/100|[from] move: Magma Storm|[partiallytrapped]\n|upkeep\n|\n|t:|1700427447\n|switch|p1b: Arcanine|Arcanine-Hisui, L50, F|100\/100\n|-ability|p1b: Arcanine|Intimidate|boost\n|-unboost|p2a: Serendipity|atk|1\n|-fail|p2b: Baxter|unboost|[from] item: Clear Amulet|[of] p2b: Baxter\n|turn|5\n|\n|t:|1700427458\n|move|p2a: Serendipity|Icy Wind|p1b: Arcanine|[spread] p1a,p1b\n|-resisted|p1b: Arcanine\n|-damage|p1a: Heatran|68\/100\n|-damage|p1b: Arcanine|93\/100\n|-unboost|p1a: Heatran|spe|1\n|-unboost|p1b: Arcanine|spe|1\n|move|p2b: Baxter|High Horsepower|p1b: Arcanine\n|-supereffective|p1b: Arcanine\n|-damage|p1b: Arcanine|0 fnt\n|faint|p1b: Arcanine\n|move|p1a: Heatran|Tera Blast|p2b: Baxter|[anim] Tera Blast Fairy\n|-supereffective|p2b: Baxter\n|-damage|p2b: Baxter|0 fnt\n|faint|p2b: Baxter\n|\n|-weather|none\n|-heal|p1a: Heatran|74\/100|[from] item: Leftovers\n|-damage|p2a: Serendipity|33\/100|[from] move: Magma Storm|[partiallytrapped]\n|upkeep\n|\n|t:|1700427465\n|switch|p1b: Rillaboom|Rillaboom, L50, M|100\/100\n|switch|p2b: Paracetamol|Rillaboom, L50, M|100\/100\n|-fieldstart|move: Grassy Terrain|[from] ability: Grassy Surge|[of] p2b: Paracetamol\n|turn|6\n|\n|t:|1700427484\n|move|p1b: Rillaboom|Protect|p1b: Rillaboom\n|-singleturn|p1b: Rillaboom|Protect\n|move|p1a: Heatran|Protect|p1a: Heatran\n|-singleturn|p1a: Heatran|Protect\n|move|p2a: Serendipity|Icy Wind|p1b: Rillaboom|[spread] \n|-activate|p1a: Heatran|move: Protect\n|-activate|p1b: Rillaboom|move: Protect\n|move|p2b: Paracetamol|Drum Beating|p1a: Heatran\n|-activate|p1a: Heatran|move: Protect\n|\n|-heal|p2a: Serendipity|40\/100|[from] Grassy Terrain\n|-heal|p1a: Heatran|80\/100|[from] Grassy Terrain\n|-heal|p1a: Heatran|86\/100|[from] item: Leftovers\n|-damage|p2a: Serendipity|27\/100|[from] move: Magma Storm|[partiallytrapped]\n|upkeep\n|turn|7\n|\n|t:|1700427495\n|move|p1b: Rillaboom|Grassy Glide|p2a: Serendipity\n|-damage|p2a: Serendipity|0 fnt\n|faint|p2a: Serendipity\n|move|p2b: Paracetamol|Drum Beating|p1b: Rillaboom\n|-resisted|p1b: Rillaboom\n|-damage|p1b: Rillaboom|76\/100\n|-unboost|p1b: Rillaboom|spe|1\n|move|p1a: Heatran|Magma Storm|p2b: Paracetamol\n|-supereffective|p2b: Paracetamol\n|-damage|p2b: Paracetamol|46\/100\n|-activate|p2b: Paracetamol|move: Magma Storm|[of] p1a: Heatran\n|\n|-heal|p2b: Paracetamol|52\/100|[from] Grassy Terrain\n|-heal|p1b: Rillaboom|82\/100|[from] Grassy Terrain\n|-heal|p1a: Heatran|92\/100|[from] Grassy Terrain\n|-heal|p1a: Heatran|98\/100|[from] item: Leftovers\n|-damage|p2b: Paracetamol|40\/100|[from] move: Magma Storm|[partiallytrapped]\n|upkeep\n|turn|8\n|-message|christianfinity forfeited.\n|\n|win|STGHMAAV\n|c|&|\/uhtml prompt-christianfinity,christianfinity is ready for game 3!\n|c|&|\/uhtml prompt-stghmaav,STGHMAAV is ready for game 3!\nBoth players are ready! Starting next match!\n|l| mocha_06\n|l| Luke111192\n|l|%Radio Free C-Side\n|l|\u2606STGHMAAV\n|l| ale cog\n","uploadtime":1700428401,"views":9,"p1id":"stghmaav","p2id":"christianfinity","formatid":"gen9vgc2023regulatione","rating":0,"private":0,"password":""}