{"id":"gen9vgc2023regulatione-1996328917","p1":"ClaritynKnarkare","p2":"viper pit","format":"[Gen 9] VGC 2023 Regulation E","log":"|j|\u2606ClaritynKnarkare\n|j|\u2606viper pit\n|t:|1700671653\n|gametype|doubles\n|player|p1|ClaritynKnarkare|roxie|\n|player|p2|viper pit|roxie|\n|teamsize|p1|6\n|teamsize|p2|6\n|gen|9\n|tier|[Gen 9] VGC 2023 Regulation E\n|rated|Tournament battle\n|rule|Species Clause: Limit one of each Pok\u00e9mon\n|rule|Item Clause: Limit one of each item\n|clearpoke\n|poke|p1|Tornadus, L50, M|\n|poke|p1|Urshifu-*, L50, F|\n|poke|p1|Brambleghast, L50, F|\n|poke|p1|Gholdengo, L50|\n|poke|p1|Iron Bundle, L50|\n|poke|p1|Landorus, L50, M|\n|poke|p2|Arcanine-Hisui, L50, M|\n|poke|p2|Iron Bundle, L50|\n|poke|p2|Iron Hands, L50|\n|poke|p2|Amoonguss, L50, F|\n|poke|p2|Urshifu-*, L50, M|\n|poke|p2|Landorus-Therian, L50, M|\n|teampreview|4\n|showteam|p1|Tornadus||RockyHelmet|Prankster|Tailwind,RainDance,BleakwindStorm,Protect|||M|||50|,,,,,Ghost]Urshifu-Rapid-Strike||MysticWater|UnseenFist|SurgingStrikes,AquaJet,CloseCombat,Detect|||F|||50|,,,,,Water]Brambleghast||FocusSash|WindRider|Poltergeist,PowerWhip,ShadowSneak,StrengthSap|||F|||50|,,,,,Ghost]Gholdengo||ChoiceSpecs|GoodasGold|MakeItRain,ShadowBall,FocusBlast,Thunderbolt||||||50|,,,,,Steel]Iron Bundle||BoosterEnergy|QuarkDrive|IcyWind,FreezeDry,HydroPump,Protect||||||50|,,,,,Ghost]Landorus||LifeOrb|SheerForce|SandsearStorm,EarthPower,SludgeBomb,Protect|||M|||50|,,,,,Poison\n|showteam|p2|Arcanine-Hisui||LifeOrb|Intimidate|FlareBlitz,RockSlide,ExtremeSpeed,Protect|||M|||50|,,,,,Fairy]Iron Bundle||BoosterEnergy|QuarkDrive|FreezeDry,IcyWind,HydroPump,Protect||||||50|,,,,,Ghost]Iron Hands||AssaultVest|QuarkDrive|FakeOut,VoltSwitch,WildCharge,DrainPunch||||||50|,,,,,Water]Amoonguss||RockyHelmet|Regenerator|Spore,RagePowder,LeafStorm,PollenPuff|||F|||50|,,,,,Dragon]Urshifu||BlackGlasses|UnseenFist|WickedBlow,SwordsDance,SuckerPunch,Protect|||M|||50|,,,,,Poison]Landorus-Therian||SafetyGoggles|Intimidate|TeraBlast,StompingTantrum,Uturn,Protect|||M|||50|,,,,,Flying\n|j| O1OOO11O\n|j| pokeveteran04\n|j|%Therazer456\n|j|%Radio Free C-Side\n|j| DarthGlacies\n|j| SlowHomie\n|l| SlowHomie\n|j| fyfyyalt1\n|\n|t:|1700671695\n|start\n|switch|p1a: Tornadus|Tornadus, L50, M|100\/100\n|switch|p1b: Gholdengo|Gholdengo, L50|100\/100\n|switch|p2a: Iron Hands|Iron Hands, L50|100\/100\n|switch|p2b: Urshifu|Urshifu, L50, M|100\/100\n|turn|1\n|\n|t:|1700671720\n|move|p2b: Urshifu|Protect|p2b: Urshifu\n|-singleturn|p2b: Urshifu|Protect\n|move|p1a: Tornadus|Tailwind|p1a: Tornadus\n|-sidestart|p1: ClaritynKnarkare|move: Tailwind\n|move|p1b: Gholdengo|Focus Blast|p2b: Urshifu\n|-activate|p2b: Urshifu|move: Protect\n|move|p2a: Iron Hands|Drain Punch|p1b: Gholdengo\n|-immune|p1b: Gholdengo\n|\n|upkeep\n|turn|2\n|\n|t:|1700671748\n|switch|p1b: Landorus|Landorus, L50, M|100\/100\n|-terastallize|p2b: Urshifu|Poison\n|move|p1a: Tornadus|Bleakwind Storm|p2b: Urshifu|[spread] p2a,p2b\n|-damage|p2a: Iron Hands|83\/100\n|-damage|p2b: Urshifu|58\/100\n|move|p2b: Urshifu|Wicked Blow|p1b: Landorus\n|-crit|p1b: Landorus\n|-damage|p1b: Landorus|11\/100\n|move|p2a: Iron Hands|Volt Switch|p1a: Tornadus\n|-supereffective|p1a: Tornadus\n|-damage|p1a: Tornadus|71\/100\n|\n|t:|1700671757\n|-end|p2a: Iron Hands|Quark Drive|[silent]\n|switch|p2a: Arcanine|Arcanine-Hisui, L50, M|100\/100|[from] Volt Switch\n|-ability|p2a: Arcanine|Intimidate|boost\n|-unboost|p1a: Tornadus|atk|1\n|-unboost|p1b: Landorus|atk|1\n|\n|upkeep\n|turn|3\n|j| SlowHomie\n|\n|t:|1700671778\n|switch|p1b: Gholdengo|Gholdengo, L50|100\/100\n|move|p2b: Urshifu|Sucker Punch||[still]\n|-fail|p2b: Urshifu\n|move|p1a: Tornadus|Bleakwind Storm|p2a: Arcanine|[spread] p2a\n|-miss|p1a: Tornadus|p2b: Urshifu\n|-resisted|p2a: Arcanine\n|-damage|p2a: Arcanine|79\/100\n|move|p2a: Arcanine|Rock Slide|p1b: Gholdengo|[spread] p1a,p1b\n|-supereffective|p1a: Tornadus\n|-resisted|p1b: Gholdengo\n|-damage|p1a: Tornadus|0 fnt\n|-damage|p1b: Gholdengo|84\/100\n|faint|p1a: Tornadus\n|-damage|p2a: Arcanine|70\/100|[from] item: Life Orb\n|\n|upkeep\n|j| Finizenslayer\n|l| Finizenslayer\n|j| christianfinity\n|\n|t:|1700671797\n|switch|p1a: Landorus|Landorus, L50, M|11\/100\n|turn|4\n|\n|t:|1700671813\n|-terastallize|p1b: Gholdengo|Steel\n|move|p2a: Arcanine|Protect|p2a: Arcanine\n|-singleturn|p2a: Arcanine|Protect\n|move|p2b: Urshifu|Protect|p2b: Urshifu\n|-singleturn|p2b: Urshifu|Protect\n|move|p1a: Landorus|Earth Power|p2a: Arcanine\n|-activate|p2a: Arcanine|move: Protect\n|move|p1b: Gholdengo|Make It Rain|p2a: Arcanine|[spread] \n|-activate|p2a: Arcanine|move: Protect\n|-activate|p2b: Urshifu|move: Protect\n|\n|-sideend|p1: ClaritynKnarkare|move: Tailwind\n|upkeep\n|turn|5\n|\n|t:|1700671836\n|switch|p1b: Brambleghast|Brambleghast, L50, F|100\/100\n|switch|p2a: Iron Hands|Iron Hands, L50|83\/100\n|move|p2b: Urshifu|Sucker Punch|p1a: Landorus\n|-damage|p1a: Landorus|0 fnt\n|faint|p1a: Landorus\n|\n|upkeep\n|\n|t:|1700671844\n|switch|p1a: Gholdengo|Gholdengo, L50, tera:Steel|84\/100\n|turn|6\n|l| christianfinity\n|\n|t:|1700671858\n|move|p2a: Iron Hands|Fake Out|p1a: Gholdengo\n|-resisted|p1a: Gholdengo\n|-damage|p1a: Gholdengo|76\/100\n|cant|p1a: Gholdengo|flinch\n|move|p1b: Brambleghast|Poltergeist|p2b: Urshifu\n|-activate|p2b: Urshifu|move: Poltergeist|Black Glasses\n|-crit|p2b: Urshifu\n|-damage|p2b: Urshifu|0 fnt\n|faint|p2b: Urshifu\n|\n|upkeep\n|\n|t:|1700671879\n|switch|p2b: Arcanine|Arcanine-Hisui, L50, M|70\/100\n|-ability|p2b: Arcanine|Intimidate|boost\n|-unboost|p1a: Gholdengo|atk|1\n|-unboost|p1b: Brambleghast|atk|1\n|turn|7\n|\n|t:|1700671888\n|move|p2b: Arcanine|Protect|p2b: Arcanine\n|-singleturn|p2b: Arcanine|Protect\n|move|p1a: Gholdengo|Make It Rain|p2a: Iron Hands|[spread] p2a\n|-activate|p2b: Arcanine|move: Protect\n|-resisted|p2a: Iron Hands\n|-damage|p2a: Iron Hands|59\/100\n|-unboost|p1a: Gholdengo|spa|1\n|move|p1b: Brambleghast|Strength Sap|p2a: Iron Hands\n|-unboost|p2a: Iron Hands|atk|1\n|move|p2a: Iron Hands|Drain Punch|p1a: Gholdengo\n|-supereffective|p1a: Gholdengo\n|-damage|p1a: Gholdengo|16\/100\n|-heal|p2a: Iron Hands|79\/100|[from] drain|[of] p1a: Gholdengo\n|\n|upkeep\n|turn|8\n|l|%Radio Free C-Side\n|\n|t:|1700671911\n|move|p2b: Arcanine|Extreme Speed|p1a: Gholdengo\n|-resisted|p1a: Gholdengo\n|-damage|p1a: Gholdengo|0 fnt\n|faint|p1a: Gholdengo\n|-damage|p2b: Arcanine|60\/100|[from] item: Life Orb\n|move|p1b: Brambleghast|Poltergeist|p2b: Arcanine\n|-activate|p2b: Arcanine|move: Poltergeist|Life Orb\n|-damage|p2b: Arcanine|17\/100\n|move|p2a: Iron Hands|Volt Switch|p1b: Brambleghast\n|-resisted|p1b: Brambleghast\n|-damage|p1b: Brambleghast|89\/100\n|\n|t:|1700671915\n|-end|p2a: Iron Hands|Quark Drive|[silent]\n|switch|p2a: Iron Bundle|Iron Bundle, L50|100\/100|[from] Volt Switch\n|-enditem|p2a: Iron Bundle|Booster Energy\n|-activate|p2a: Iron Bundle|ability: Quark Drive|[fromitem]\n|-start|p2a: Iron Bundle|quarkdrivespe\n|\n|upkeep\n|turn|9\n|\n|t:|1700671930\n|move|p2a: Iron Bundle|Freeze-Dry|p1b: Brambleghast\n|-supereffective|p1b: Brambleghast\n|-damage|p1b: Brambleghast|0 fnt\n|faint|p1b: Brambleghast\n|\n|win|viper pit\n|n|\u2606ClaritynKnarkare|claritynknarkare\n|n|\u2606viper pit|viperpit\n|n| O1OOO11O|o1ooo11o\n|n| pokeveteran04|pokeveteran04\n|n| Therazer456|therazer456\n|n| DarthGlacies|darthglacies\n|n| fyfyyalt1|fyfyyalt1\n|n| SlowHomie|slowhomie\n","uploadtime":1700671931,"views":0,"p1id":"claritynknarkare","p2id":"viperpit","formatid":"gen9vgc2023regulatione","rating":0,"private":0,"password":""}