{"id":"gen9vgc2023regulatione-2000036744","p1":"HeffNastyy","p2":"Suluxz","format":"[Gen 9] VGC 2023 Regulation E","log":"|j|\u2606HeffNastyy\n|j|\u2606Suluxz\n|t:|1701144234\n|gametype|doubles\n|player|p1|HeffNastyy|lance|1501\n|player|p2|Suluxz|hilbert|1563\n|teamsize|p1|6\n|teamsize|p2|6\n|gen|9\n|tier|[Gen 9] VGC 2023 Regulation E\n|rated|\n|rule|Species Clause: Limit one of each Pok\u00e9mon\n|rule|Item Clause: Limit one of each item\n|clearpoke\n|poke|p1|Tornadus, L50, M|\n|poke|p1|Arcanine-Hisui, L50, M|\n|poke|p1|Gholdengo, L50|\n|poke|p1|Urshifu-*, L50, M|\n|poke|p1|Rillaboom, L50, M|\n|poke|p1|Zapdos, L50|\n|poke|p2|Rillaboom, L50, M|\n|poke|p2|Tornadus, L50, M|\n|poke|p2|Urshifu-*, L50, F|\n|poke|p2|Farigiraf, L50, F|\n|poke|p2|Iron Hands, L50|\n|poke|p2|Heatran, L50, F|\n|teampreview|4\nHeffNastyy has agreed to open team sheets.\n|inactive|Battle timer is ON: inactive players will automatically lose when time's up. (requested by HeffNastyy)\n|j| buckmatic\n|j| Braindeadmeta\n|l| buckmatic\n|inactive|HeffNastyy has 60 seconds left.\n|\n|t:|1701144289\n|start\n|switch|p1a: Urshifu|Urshifu-Rapid-Strike, L50, M|100\/100\n|switch|p1b: Gholdengo|Gholdengo, L50|100\/100\n|switch|p2a: Farigiraf|Farigiraf, L50, F, shiny|100\/100\n|switch|p2b: Iron Hands|Iron Hands, L50|100\/100\n|-enditem|p2b: Iron Hands|Booster Energy\n|-activate|p2b: Iron Hands|ability: Quark Drive|[fromitem]\n|-start|p2b: Iron Hands|quarkdriveatk\n|turn|1\n|inactive|HeffNastyy has 30 seconds left.\n|\n|t:|1701144318\n|move|p1a: Urshifu|U-turn|p2a: Farigiraf\n|-supereffective|p2a: Farigiraf\n|-damage|p2a: Farigiraf|49\/100\n|-damage|p1a: Urshifu|84\/100|[from] item: Rocky Helmet|[of] p2a: Farigiraf\n|\n|t:|1701144327\n|switch|p1a: Rillaboom|Rillaboom, L50, M|100\/100|[from] U-turn\n|-fieldstart|move: Grassy Terrain|[from] ability: Grassy Surge|[of] p1a: Rillaboom\n|move|p1b: Gholdengo|Nasty Plot|p1b: Gholdengo\n|-boost|p1b: Gholdengo|spa|2\n|move|p2b: Iron Hands|Thunder Punch|p1b: Gholdengo\n|-damage|p1b: Gholdengo|40\/100\n|move|p2a: Farigiraf|Trick Room|p2a: Farigiraf\n|-fieldstart|move: Trick Room|[of] p2a: Farigiraf\n|\n|-heal|p2a: Farigiraf|55\/100|[from] Grassy Terrain\n|-heal|p1b: Gholdengo|46\/100|[from] Grassy Terrain\n|upkeep\n|turn|2\n|inactive|Suluxz has 30 seconds left.\n|inactive|Suluxz has 20 seconds left.\n|\n|t:|1701144363\n|move|p1b: Gholdengo|Protect|p1b: Gholdengo\n|-singleturn|p1b: Gholdengo|Protect\n|move|p2b: Iron Hands|Thunder Punch|p1b: Gholdengo\n|-activate|p1b: Gholdengo|move: Protect\n|move|p2a: Farigiraf|Psychic|p1a: Rillaboom\n|-damage|p1a: Rillaboom|68\/100\n|-unboost|p1a: Rillaboom|spd|1\n|move|p1a: Rillaboom|High Horsepower|p2b: Iron Hands|[miss]\n|-miss|p1a: Rillaboom|p2b: Iron Hands\n|\n|-heal|p2a: Farigiraf|61\/100|[from] Grassy Terrain\n|-heal|p1a: Rillaboom|74\/100|[from] Grassy Terrain\n|-heal|p1b: Gholdengo|52\/100|[from] Grassy Terrain\n|upkeep\n|turn|3\n|\n|t:|1701144380\n|-terastallize|p2b: Iron Hands|Grass\n|-terastallize|p1b: Gholdengo|Dragon\n|move|p2b: Iron Hands|Thunder Punch|p1b: Gholdengo\n|-resisted|p1b: Gholdengo\n|-damage|p1b: Gholdengo|24\/100\n|move|p2a: Farigiraf|Psychic|p1a: Rillaboom\n|-damage|p1a: Rillaboom|24\/100\n|move|p1a: Rillaboom|High Horsepower|p2b: Iron Hands\n|-resisted|p2b: Iron Hands\n|-damage|p2b: Iron Hands|89\/100\n|move|p1b: Gholdengo|Make It Rain|p2b: Iron Hands|[spread] p2a,p2b\n|-damage|p2a: Farigiraf|0 fnt\n|-damage|p2b: Iron Hands|0 fnt\n|-unboost|p1b: Gholdengo|spa|1\n|faint|p2a: Farigiraf\n|faint|p2b: Iron Hands\n|-end|p2b: Iron Hands|Quark Drive|[silent]\n|-damage|p1b: Gholdengo|15\/100|[from] item: Life Orb\n|\n|-heal|p1a: Rillaboom|30\/100|[from] Grassy Terrain\n|-heal|p1b: Gholdengo|21\/100|[from] Grassy Terrain\n|upkeep\n|\n|t:|1701144390\n|switch|p2b: Rillaboom|Rillaboom, L50, M|100\/100\n|switch|p2a: Heatran|Heatran, L50, F|100\/100\n|turn|4\n|\n|t:|1701144414\n|move|p1b: Gholdengo|Protect|p1b: Gholdengo\n|-singleturn|p1b: Gholdengo|Protect\n|move|p2b: Rillaboom|Grassy Glide|p1a: Rillaboom\n|-resisted|p1a: Rillaboom\n|-damage|p1a: Rillaboom|9\/100\n|move|p1a: Rillaboom|High Horsepower|p2a: Heatran\n|-supereffective|p2a: Heatran\n|-damage|p2a: Heatran|0 fnt\n|faint|p2a: Heatran\n|\n|-heal|p1a: Rillaboom|15\/100|[from] Grassy Terrain\n|-heal|p1b: Gholdengo|26\/100|[from] Grassy Terrain\n|upkeep\n|turn|5\n|c|\u2606Suluxz|Of course that didn't kill\n|-message|Suluxz forfeited.\n|\n|win|HeffNastyy\n|raw|HeffNastyy's rating: 1501 &rarr; <strong>1525<\/strong><br \/>(+24 for winning)\n|raw|Suluxz's rating: 1563 &rarr; <strong>1539<\/strong><br \/>(-24 for losing)\n|l|\u2606Suluxz\n|l| Braindeadmeta\n","uploadtime":1701144453,"views":2,"p1id":"heffnastyy","p2id":"suluxz","formatid":"gen9vgc2023regulatione","rating":1525,"private":0,"password":""}