{"id":"gen9vgc2023regulatione-1995304332","p1":"lyyzxl4","p2":"haamgamer07","format":"[Gen 9] VGC 2023 Regulation E","log":"|j|\u2606lyyzxl4\n|j|\u2606haamgamer07\n|t:|1700550296\n|gametype|doubles\n|player|p1|lyyzxl4|swimmerf|1062\n|player|p2|haamgamer07|1|1108\n|teamsize|p1|6\n|teamsize|p2|6\n|gen|9\n|tier|[Gen 9] VGC 2023 Regulation E\n|rated|\n|rule|Species Clause: Limit one of each Pok\u00e9mon\n|rule|Item Clause: Limit one of each item\n|clearpoke\n|poke|p1|Iron Hands, L50|\n|poke|p1|Iron Bundle, L50|\n|poke|p1|Amoonguss, L50, F|\n|poke|p1|Gholdengo, L50|\n|poke|p1|Salamence, L50, F|\n|poke|p1|Pelipper, L50, M|\n|poke|p2|Flutter Mane, L50|\n|poke|p2|Iron Hands, L50|\n|poke|p2|Ogerpon-Hearthflame, L50, F|\n|poke|p2|Cresselia, L50, F|\n|poke|p2|Ursaluna, L50, M|\n|poke|p2|Empoleon, L50, F|\n|teampreview|4\n|inactive|Battle timer is ON: inactive players will automatically lose when time's up. (requested by lyyzxl4)\n|inactive|haamgamer07 has 60 seconds left.\n|\n|t:|1700550354\n|start\n|switch|p1a: Salamence|Salamence, L50, F|100\/100\n|switch|p1b: Iron Hands|Iron Hands, L50|100\/100\n|switch|p2a: Flutter Mane|Flutter Mane, L50|100\/100\n|switch|p2b: Ogerpon|Ogerpon-Hearthflame, L50, F|100\/100\n|-ability|p1a: Salamence|Intimidate|boost\n|-unboost|p2a: Flutter Mane|atk|1\n|-unboost|p2b: Ogerpon|atk|1\n|-ability|p2b: Ogerpon|Mold Breaker\n|turn|1\n|inactive|haamgamer07 has 30 seconds left.\n|\n|t:|1700550387\n|move|p1b: Iron Hands|Fake Out|p2b: Ogerpon\n|-damage|p2b: Ogerpon|84\/100\n|cant|p2b: Ogerpon|flinch\n|move|p1a: Salamence|Tailwind|p1a: Salamence\n|-sidestart|p1: lyyzxl4|move: Tailwind\n|move|p2a: Flutter Mane|Dazzling Gleam|p1a: Salamence|[spread] p1a,p1b\n|-supereffective|p1a: Salamence\n|-supereffective|p1b: Iron Hands\n|-crit|p1b: Iron Hands\n|-damage|p1a: Salamence|26\/100\n|-damage|p1b: Iron Hands|44\/100\n|\n|upkeep\n|turn|2\n|\n|t:|1700550407\n|switch|p1a: Iron Bundle|Iron Bundle, L50|100\/100\n|-enditem|p1a: Iron Bundle|Booster Energy\n|-activate|p1a: Iron Bundle|ability: Quark Drive|[fromitem]\n|-start|p1a: Iron Bundle|quarkdrivespe\n|move|p2b: Ogerpon|Follow Me|p2b: Ogerpon\n|-singleturn|p2b: Ogerpon|move: Follow Me\n|move|p2a: Flutter Mane|Dazzling Gleam|p1b: Iron Hands|[spread] p1a,p1b\n|-supereffective|p1b: Iron Hands\n|-damage|p1a: Iron Bundle|45\/100\n|-damage|p1b: Iron Hands|7\/100\n|move|p1b: Iron Hands|Heavy Slam|p2b: Ogerpon\n|-resisted|p2b: Ogerpon\n|-damage|p2b: Ogerpon|61\/100\n|\n|upkeep\n|turn|3\n|inactive|lyyzxl4 has 30 seconds left.\n|\n|t:|1700550433\n|move|p2b: Ogerpon|Follow Me|p2b: Ogerpon\n|-singleturn|p2b: Ogerpon|move: Follow Me\n|move|p1a: Iron Bundle|Hydro Pump|p2b: Ogerpon\n|-damage|p2b: Ogerpon|8\/100\n|move|p1b: Iron Hands|Heavy Slam|p2b: Ogerpon\n|-resisted|p2b: Ogerpon\n|-damage|p2b: Ogerpon|0 fnt\n|faint|p2b: Ogerpon\n|move|p2a: Flutter Mane|Trick Room|p2a: Flutter Mane\n|-fieldstart|move: Trick Room|[of] p2a: Flutter Mane\n|\n|upkeep\n|\n|t:|1700550448\n|switch|p2b: Iron Hands|Iron Hands, L50|100\/100\n|turn|4\n|\n|t:|1700550464\n|-end|p1b: Iron Hands|Quark Drive|[silent]\n|switch|p1b: Salamence|Salamence, L50, F|26\/100\n|-ability|p1b: Salamence|Intimidate|boost\n|-unboost|p2a: Flutter Mane|atk|1\n|-unboost|p2b: Iron Hands|atk|1\n|move|p1a: Iron Bundle|Protect|p1a: Iron Bundle\n|-singleturn|p1a: Iron Bundle|Protect\n|move|p2b: Iron Hands|Fake Out|p1b: Salamence\n|-damage|p1b: Salamence|15\/100\n|move|p2a: Flutter Mane|Shadow Ball|p1a: Iron Bundle\n|-activate|p1a: Iron Bundle|move: Protect\n|\n|-sideend|p1: lyyzxl4|move: Tailwind\n|upkeep\n|turn|5\n|inactive|lyyzxl4 has 30 seconds left.\n|inactive|haamgamer07 has 30 seconds left.\n|\n|t:|1700550494\n|-end|p2a: Flutter Mane|Protosynthesis|[silent]\n|switch|p2a: Empoleon|Empoleon, L50, F|100\/100\n|move|p2b: Iron Hands|Wild Charge|p1b: Salamence\n|-damage|p1b: Salamence|0 fnt\n|faint|p1b: Salamence\n|-damage|p2b: Iron Hands|98\/100|[from] Recoil\n|move|p1a: Iron Bundle|Freeze-Dry|p2a: Empoleon\n|-damage|p2a: Empoleon|70\/100\n|\n|upkeep\n|\n|t:|1700550509\n|switch|p1b: Iron Hands|Iron Hands, L50|7\/100\n|turn|6\n|\n|t:|1700550525\n|switch|p2a: Flutter Mane|Flutter Mane, L50|100\/100\n|move|p1b: Iron Hands|Drain Punch|p2a: Flutter Mane\n|-immune|p2a: Flutter Mane\n|move|p2b: Iron Hands|Drain Punch|p1a: Iron Bundle\n|-supereffective|p1a: Iron Bundle\n|-damage|p1a: Iron Bundle|0 fnt\n|-heal|p2b: Iron Hands|100\/100|[from] drain|[of] p1a: Iron Bundle\n|faint|p1a: Iron Bundle\n|-end|p1a: Iron Bundle|Quark Drive|[silent]\n|\n|upkeep\n|\n|t:|1700550538\n|switch|p1a: Amoonguss|Amoonguss, L50, F|100\/100\n|turn|7\n|\n|t:|1700550554\n|move|p2a: Flutter Mane|Protect|p2a: Flutter Mane\n|-singleturn|p2a: Flutter Mane|Protect\n|move|p1a: Amoonguss|Spore|p2b: Iron Hands\n|-status|p2b: Iron Hands|slp|[from] move: Spore\n|move|p1b: Iron Hands|Heavy Slam|p2a: Flutter Mane\n|-activate|p2a: Flutter Mane|move: Protect\n|cant|p2b: Iron Hands|slp\n|\n|-fieldend|move: Trick Room\n|upkeep\n|turn|8\n|inactive|lyyzxl4 has 30 seconds left.\n|\n|t:|1700550582\n|move|p2a: Flutter Mane|Dazzling Gleam|p1a: Amoonguss|[spread] p1a,p1b\n|-resisted|p1a: Amoonguss\n|-supereffective|p1b: Iron Hands\n|-damage|p1a: Amoonguss|87\/100\n|-damage|p1b: Iron Hands|0 fnt\n|faint|p1b: Iron Hands\n|-end|p1b: Iron Hands|Quark Drive|[silent]\n|cant|p2b: Iron Hands|slp\n|move|p1a: Amoonguss|Spore|p2a: Flutter Mane\n|-status|p2a: Flutter Mane|slp|[from] move: Spore\n|\n|upkeep\n|turn|9\n|-message|lyyzxl4 forfeited.\n|\n|win|haamgamer07\n|raw|lyyzxl4's rating: 1062 &rarr; <strong>1045<\/strong><br \/>(-17 for losing)\n|raw|haamgamer07's rating: 1108 &rarr; <strong>1130<\/strong><br \/>(+22 for winning)\n|l|\u2606lyyzxl4\n","uploadtime":1700550599,"views":4,"p1id":"lyyzxl4","p2id":"haamgamer07","formatid":"gen9vgc2023regulatione","rating":1045,"private":0,"password":""}