{"id":"gen9vgc2023regulatione-1989360221","p1":"badatthis123","p2":"averagerandbats","format":"[Gen 9] VGC 2023 Regulation E","log":"|j|\u2606badatthis123\n|j|\u2606averagerandbats\n|t:|1699840607\n|gametype|doubles\n|player|p1|badatthis123|101|1266\n|player|p2|averagerandbats|janitor|1180\n|teamsize|p1|6\n|teamsize|p2|6\n|gen|9\n|tier|[Gen 9] VGC 2023 Regulation E\n|rated|\n|rule|Species Clause: Limit one of each Pok\u00e9mon\n|rule|Item Clause: Limit one of each item\n|clearpoke\n|poke|p1|Brambleghast, L50, F|\n|poke|p1|Tornadus, L50, M|\n|poke|p1|Urshifu-*, L50, M|\n|poke|p1|Enamorus-Therian, L50, F|\n|poke|p1|Gholdengo, L50|\n|poke|p1|Chi-Yu, L50|\n|poke|p2|Zapdos, L50|\n|poke|p2|Arcanine-Hisui, L50, F|\n|poke|p2|Urshifu-*, L50, M|\n|poke|p2|Rillaboom, L50, M|\n|poke|p2|Gholdengo, L50|\n|poke|p2|Ogerpon-Wellspring, L50, F|\n|teampreview|4\n|inactive|Battle timer is ON: inactive players will automatically lose when time's up. (requested by badatthis123)\n|inactive|badatthis123 has 60 seconds left.\n|inactive|averagerandbats has 60 seconds left.\n|inactive|badatthis123 has 30 seconds left.\n|inactive|badatthis123 has 20 seconds left.\n|\n|t:|1699840680\n|start\n|switch|p1a: Tornadus|Tornadus, L50, M|100\/100\n|switch|p1b: Gholdengo|Gholdengo, L50|100\/100\n|switch|p2a: Arcanine|Arcanine-Hisui, L50, F|100\/100\n|switch|p2b: Urshifu|Urshifu-Rapid-Strike, L50, M|100\/100\n|-ability|p2a: Arcanine|Intimidate|boost\n|-unboost|p1a: Tornadus|atk|1\n|-unboost|p1b: Gholdengo|atk|1\n|turn|1\n|inactive|badatthis123 has 30 seconds left.\n|inactive|averagerandbats has 30 seconds left.\n|inactive|badatthis123 has 20 seconds left.\n|inactive|badatthis123 has 15 seconds left.\n|inactive|badatthis123 has 10 seconds left.\n|inactive|badatthis123 has 5 seconds left.\n|\n|t:|1699840732\n|switch|p2a: Ogerpon|Ogerpon-Wellspring, L50, F|100\/100\n|-terastallize|p2b: Urshifu|Water\n|move|p1a: Tornadus|Tailwind|p1a: Tornadus\n|-sidestart|p1: badatthis123|move: Tailwind\n|move|p1b: Gholdengo|Thunderbolt|p2b: Urshifu\n|-supereffective|p2b: Urshifu\n|-crit|p2b: Urshifu\n|-damage|p2b: Urshifu|0 fnt\n|faint|p2b: Urshifu\n|\n|upkeep\n|\n|t:|1699840741\n|switch|p2b: Arcanine|Arcanine-Hisui, L50, F|100\/100\n|-ability|p2b: Arcanine|Intimidate|boost\n|-unboost|p1a: Tornadus|atk|1\n|-unboost|p1b: Gholdengo|atk|1\n|turn|2\n|\n|t:|1699840760\n|move|p1a: Tornadus|Substitute|p1a: Tornadus\n|-start|p1a: Tornadus|Substitute\n|-damage|p1a: Tornadus|76\/100\n|move|p1b: Gholdengo|Thunderbolt|p2a: Ogerpon\n|-damage|p2a: Ogerpon|67\/100\n|move|p2a: Ogerpon|Ivy Cudgel|p1a: Tornadus\n|-end|p1a: Tornadus|Substitute\n|move|p2b: Arcanine|Flare Blitz|p1b: Gholdengo\n|-supereffective|p1b: Gholdengo\n|-damage|p1b: Gholdengo|0 fnt\n|faint|p1b: Gholdengo\n|-damage|p2b: Arcanine|71\/100|[from] Recoil\n|\n|upkeep\n|\n|t:|1699840782\n|switch|p1b: Brambleghast|Brambleghast, L50, F|100\/100\n|-ability|p1b: Brambleghast|Wind Rider|boost\n|-boost|p1b: Brambleghast|atk|1\n|turn|3\n|inactive|averagerandbats has 30 seconds left.\n|\n|t:|1699840808\n|move|p2a: Ogerpon|Follow Me|p2a: Ogerpon\n|-singleturn|p2a: Ogerpon|move: Follow Me\n|move|p1a: Tornadus|Bleakwind Storm|p2b: Arcanine|[spread] p2a,p2b\n|-supereffective|p2a: Ogerpon\n|-resisted|p2b: Arcanine\n|-damage|p2a: Ogerpon|6\/100\n|-damage|p2b: Arcanine|55\/100\n|-unboost|p2b: Arcanine|spe|1\n|move|p1b: Brambleghast|Seed Bomb|p2a: Ogerpon\n|-damage|p2a: Ogerpon|0 fnt\n|faint|p2a: Ogerpon\n|move|p2b: Arcanine|Flare Blitz|p1b: Brambleghast\n|-supereffective|p1b: Brambleghast\n|-damage|p1b: Brambleghast|0 fnt\n|faint|p1b: Brambleghast\n|-damage|p2b: Arcanine|29\/100|[from] Recoil\n|\n|upkeep\n|inactive|averagerandbats has 30 seconds left.\n|\n|t:|1699840836\n|switch|p2a: Zapdos|Zapdos, L50|100\/100\n|switch|p1b: Chi-Yu|Chi-Yu, L50|100\/100\n|-ability|p1b: Chi-Yu|Beads of Ruin\n|turn|4\n|\n|t:|1699840849\n|move|p1a: Tornadus|Substitute|p1a: Tornadus\n|-start|p1a: Tornadus|Substitute\n|-damage|p1a: Tornadus|51\/100\n|move|p1b: Chi-Yu|Dark Pulse|p2b: Arcanine\n|-damage|p2b: Arcanine|0 fnt\n|faint|p2b: Arcanine\n|move|p2a: Zapdos|Rain Dance|p2a: Zapdos\n|-weather|RainDance\n|\n|-weather|RainDance|[upkeep]\n|-sideend|p1: badatthis123|move: Tailwind\n|upkeep\n|turn|5\n|\n|t:|1699840861\n|move|p1b: Chi-Yu|Dark Pulse|p2a: Zapdos\n|-damage|p2a: Zapdos|39\/100\n|move|p1a: Tornadus|Bleakwind Storm|p2a: Zapdos\n|-resisted|p2a: Zapdos\n|-damage|p2a: Zapdos|7\/100\n|-unboost|p2a: Zapdos|spe|1\n|move|p2a: Zapdos|Hurricane|p1b: Chi-Yu\n|-damage|p1b: Chi-Yu|45\/100\n|\n|-weather|RainDance|[upkeep]\n|upkeep\n|turn|6\n|\n|t:|1699840874\n|move|p1b: Chi-Yu|Dark Pulse|p2a: Zapdos\n|-damage|p2a: Zapdos|0 fnt\n|faint|p2a: Zapdos\n|\n|win|badatthis123\n|raw|badatthis123's rating: 1266 &rarr; <strong>1285<\/strong><br \/>(+19 for winning)\n|raw|averagerandbats's rating: 1180 &rarr; <strong>1161<\/strong><br \/>(-19 for losing)\n|c|\u2606averagerandbats|gg\n","uploadtime":1699840881,"views":13,"p1id":"badatthis123","p2id":"averagerandbats","formatid":"gen9vgc2023regulatione","rating":1161,"private":0,"password":""}