{"id":"gen9vgc2023regulatione-1996058996","p1":"Xirmoc","p2":"jungle211","format":"[Gen 9] VGC 2023 Regulation E","log":"|j|\u2606Xirmoc\n|j|\u2606jungle211\n|t:|1700637138\n|gametype|doubles\n|player|p1|Xirmoc|lucas|1077\n|player|p2|jungle211|koga|1079\n|teamsize|p1|6\n|teamsize|p2|6\n|gen|9\n|tier|[Gen 9] VGC 2023 Regulation E\n|rated|\n|rule|Species Clause: Limit one of each Pok\u00e9mon\n|rule|Item Clause: Limit one of each item\n|clearpoke\n|poke|p1|Annihilape, L50, F|\n|poke|p1|Urshifu-*, L50, F|\n|poke|p1|Ogerpon, L50, F|\n|poke|p1|Arcanine-Hisui, L50, F|\n|poke|p1|Chien-Pao, L50|\n|poke|p1|Munkidori, L50, M|\n|poke|p2|Tornadus, L50, M|\n|poke|p2|Chi-Yu, L50|\n|poke|p2|Ogerpon-Wellspring, L50, F|\n|poke|p2|Orthworm, L50, M|\n|poke|p2|Ursaluna, L50, F|\n|poke|p2|Indeedee-F, L50, F|\n|teampreview|4\n|\n|t:|1700637194\n|start\n|switch|p1a: Chien-Pao|Chien-Pao, L50|100\/100\n|switch|p1b: Ogerpon|Ogerpon, L50, F|100\/100\n|switch|p2a: Chi-Yu|Chi-Yu, L50|100\/100\n|switch|p2b: Indeedee|Indeedee-F, L50, F|100\/100\n|-ability|p1a: Chien-Pao|Sword of Ruin\n|-ability|p2a: Chi-Yu|Beads of Ruin\n|-fieldstart|move: Psychic Terrain|[from] ability: Psychic Surge|[of] p2b: Indeedee\n|turn|1\n|inactive|Battle timer is ON: inactive players will automatically lose when time's up. (requested by Xirmoc)\n|inactive|Xirmoc has 60 seconds left.\n|\n|t:|1700637236\n|move|p2b: Indeedee|Protect|p2b: Indeedee\n|-singleturn|p2b: Indeedee|Protect\n|move|p1a: Chien-Pao|Ice Spinner|p2b: Indeedee\n|-activate|p2b: Indeedee|move: Protect\n|move|p2a: Chi-Yu|Heat Wave|p1a: Chien-Pao|[spread] p1a,p1b\n|-supereffective|p1a: Chien-Pao\n|-supereffective|p1b: Ogerpon\n|-enditem|p1a: Chien-Pao|Focus Sash\n|-damage|p1a: Chien-Pao|1\/100\n|-damage|p1b: Ogerpon|0 fnt\n|faint|p1b: Ogerpon\n|\n|upkeep\n|\n|t:|1700637254\n|switch|p1b: Annihilape|Annihilape, L50, F|100\/100\n|turn|2\n|\n|t:|1700637269\n|-terastallize|p1b: Annihilape|Fire\n|move|p1a: Chien-Pao|Protect|p1a: Chien-Pao\n|-singleturn|p1a: Chien-Pao|Protect\n|move|p2a: Chi-Yu|Heat Wave|p1b: Annihilape|[spread] p1b\n|-activate|p1a: Chien-Pao|move: Protect\n|-resisted|p1b: Annihilape\n|-damage|p1b: Annihilape|83\/100\n|move|p1b: Annihilape|Bulk Up|p1b: Annihilape\n|-boost|p1b: Annihilape|atk|1\n|-boost|p1b: Annihilape|def|1\n|move|p2b: Indeedee|Trick Room|p2b: Indeedee\n|-fieldstart|move: Trick Room|[of] p2b: Indeedee\n|\n|upkeep\n|turn|3\n|inactive|Xirmoc has 30 seconds left.\n|inactive|jungle211 has 30 seconds left.\n|\n|t:|1700637303\n|switch|p2b: Ursaluna|Ursaluna, L50, F, shiny|100\/100\n|move|p1a: Chien-Pao|Sucker Punch|p2a: Chi-Yu\n|-activate|p2a: Chi-Yu|move: Psychic Terrain\n|move|p1b: Annihilape|Rage Fist|p2a: Chi-Yu\n|-resisted|p2a: Chi-Yu\n|-damage|p2a: Chi-Yu|47\/100\n|move|p2a: Chi-Yu|Heat Wave|p1b: Annihilape|[spread] p1a,p1b\n|-supereffective|p1a: Chien-Pao\n|-resisted|p1b: Annihilape\n|-damage|p1a: Chien-Pao|0 fnt\n|-damage|p1b: Annihilape|66\/100\n|faint|p1a: Chien-Pao\n|\n|-status|p2b: Ursaluna|brn|[from] item: Flame Orb\n|upkeep\n|\n|t:|1700637318\n|switch|p1a: Urshifu|Urshifu-Rapid-Strike, L50, F|100\/100\n|turn|4\n|\n|t:|1700637339\n|switch|p2a: Orthworm|Orthworm, L50, M|100\/100\n|-terastallize|p2b: Ursaluna|Ghost\n|move|p1b: Annihilape|Protect|p1b: Annihilape\n|-singleturn|p1b: Annihilape|Protect\n|move|p2b: Ursaluna|Facade|p1a: Urshifu\n|-damage|p1a: Urshifu|0 fnt\n|faint|p1a: Urshifu\n|\n|-damage|p2b: Ursaluna|94\/100 brn|[from] brn\n|upkeep\n|turn|5\n|\n|t:|1700637357\n|move|p2b: Ursaluna|Earthquake|p1b: Annihilape|[spread] p1b\n|-immune|p2a: Orthworm|[from] ability: Earth Eater\n|-supereffective|p1b: Annihilape\n|-damage|p1b: Annihilape|0 fnt\n|faint|p1b: Annihilape\n|\n|win|jungle211\n|raw|Xirmoc's rating: 1077 &rarr; <strong>1056<\/strong><br \/>(-21 for losing)\n|raw|jungle211's rating: 1079 &rarr; <strong>1107<\/strong><br \/>(+28 for winning)\n","uploadtime":1700637365,"views":2,"p1id":"xirmoc","p2id":"jungle211","formatid":"gen9vgc2023regulatione","rating":1056,"private":0,"password":""}