{"id":"gen9vgc2023regulatione-1998099645","p1":"MaximumDarkness","p2":"Shadowmime","format":"[Gen 9] VGC 2023 Regulation E","log":"|j|\u2606MaximumDarkness\n|j|\u2606Shadowmime\n|t:|1700891207\n|gametype|doubles\n|player|p1|MaximumDarkness|169|\n|player|p2|Shadowmime|101|\n|teamsize|p1|6\n|teamsize|p2|6\n|gen|9\n|tier|[Gen 9] VGC 2023 Regulation E\n|rule|Species Clause: Limit one of each Pok\u00e9mon\n|rule|Item Clause: Limit one of each item\n|clearpoke\n|poke|p1|Urshifu-*, L50, M|\n|poke|p1|Armarouge, L50, F|\n|poke|p1|Indeedee-F, L50, F|\n|poke|p1|Iron Hands, L50|\n|poke|p1|Sinistcha-Masterpiece, L50|\n|poke|p1|Goodra-Hisui, L50, F|\n|poke|p2|Armarouge, L50, F|\n|poke|p2|Indeedee-F, L50, F|\n|poke|p2|Roaring Moon, L50|\n|poke|p2|Urshifu-*, L50, F|\n|poke|p2|Flutter Mane, L50|\n|poke|p2|Rillaboom, L50, M|\n|teampreview|4\nMaximumDarkness has agreed to open team sheets.\nShadowmime has agreed to open team sheets.\n|showteam|p1|Urshifu-Rapid-Strike||ChoiceScarf|UnseenFist|SurgingStrikes,CloseCombat,AquaJet,Uturn|||M|||50|,,,,,Water]Armarouge||WeaknessPolicy|WeakArmor|ExpandingForce,Protect,ArmorCannon,WideGuard|||F|||50|,,,,,Psychic]Indeedee-F||PsychicSeed|PsychicSurge|FollowMe,TrickRoom,HelpingHand,DazzlingGleam|||F|||50|,,,,,Fairy]Iron Hands||AssaultVest|QuarkDrive|FakeOut,WildCharge,HeavySlam,DrainPunch||||||50|,,,,,Fire]Sinistcha-Masterpiece||SitrusBerry|Hospitality|MatchaGotcha,ShadowBall,RagePowder,CalmMind||||||50|,,,,,Water]Goodra-Hisui||Leftovers|SapSipper|BodyPress,HeavySlam,Protect,Shelter|||F|||50|,,,,,Water\n|showteam|p2|Armarouge||WeaknessPolicy|WeakArmor|Endure,StoredPower,HeatWave,ExpandingForce|||F|||50|,,,,,Psychic]Indeedee-F||RockyHelmet|PsychicSurge|TrickRoom,FollowMe,HelpingHand,DazzlingGleam|||F|||50|,,,,,Dragon]Roaring Moon||BoosterEnergy|Protosynthesis|Uturn,Tailwind,KnockOff,Earthquake||||||50|,,,,,Poison]Urshifu-Rapid-Strike||ChoiceScarf|UnseenFist|Uturn,SurgingStrikes,CloseCombat,AquaJet|||F|||50|,,,,,Water]Flutter Mane||ChoiceSpecs|Protosynthesis|DazzlingGleam,Moonblast,ShadowBall,PerishSong||||||50|,,,,,Fairy]Rillaboom||MiracleSeed|GrassySurge|GrassyGlide,WoodHammer,FakeOut,Protect|||M|||50|,,,,,Grass\n|j| BieberDialga\n|\n|t:|1700891371\n|start\n|switch|p1a: Armarouge|Armarouge, L50, F|100\/100\n|switch|p1b: Goodra|Goodra-Hisui, L50, F, shiny|100\/100\n|switch|p2a: Armarouge|Armarouge, L50, F|100\/100\n|switch|p2b: Roaring Moon|Roaring Moon, L50|100\/100\n|-enditem|p2b: Roaring Moon|Booster Energy\n|-activate|p2b: Roaring Moon|ability: Protosynthesis|[fromitem]\n|-start|p2b: Roaring Moon|protosynthesisspe\n|turn|1\n|\n|t:|1700891419\n|move|p1a: Armarouge|Wide Guard|p1a: Armarouge\n|-singleturn|p1a: Armarouge|Wide Guard\n|move|p2b: Roaring Moon|Tailwind|p2b: Roaring Moon\n|-sidestart|p2: Shadowmime|move: Tailwind\n|move|p2a: Armarouge|Heat Wave|p1a: Armarouge|[spread] \n|-activate|p1a: Armarouge|move: Wide Guard\n|-activate|p1b: Goodra|move: Wide Guard\n|move|p1b: Goodra|Shelter|p1b: Goodra\n|-boost|p1b: Goodra|def|2\n|\n|upkeep\n|turn|2\n|\n|t:|1700891454\n|-terastallize|p2a: Armarouge|Psychic\n|move|p1a: Armarouge|Protect||[still]\n|-fail|p1a: Armarouge\n|move|p2b: Roaring Moon|U-turn|p2a: Armarouge\n|-supereffective|p2a: Armarouge\n|-damage|p2a: Armarouge|52\/100\n|-ability|p2a: Armarouge|Weak Armor|boost\n|-unboost|p2a: Armarouge|def|1\n|-boost|p2a: Armarouge|spe|2\n|-enditem|p2a: Armarouge|Weakness Policy\n|-boost|p2a: Armarouge|atk|2|[from] item: Weakness Policy\n|-boost|p2a: Armarouge|spa|2|[from] item: Weakness Policy\n|\n|t:|1700891465\n|-end|p2b: Roaring Moon|Protosynthesis|[silent]\n|switch|p2b: Indeedee|Indeedee-F, L50, F|100\/100|[from] U-turn\n|-fieldstart|move: Psychic Terrain|[from] ability: Psychic Surge|[of] p2b: Indeedee\n|move|p2a: Armarouge|Stored Power|p1b: Goodra\n|-resisted|p1b: Goodra\n|-damage|p1b: Goodra|5\/100\n|move|p1b: Goodra|Body Press|p2b: Indeedee\n|-damage|p2b: Indeedee|53\/100\n|-damage|p1b: Goodra|0 fnt|[from] item: Rocky Helmet|[of] p2b: Indeedee\n|faint|p1b: Goodra\n|\n|upkeep\n|\n|t:|1700891480\n|switch|p1b: Urshifu|Urshifu-Rapid-Strike, L50, M|100\/100\n|turn|3\n|\n|t:|1700891500\n|switch|p1b: Indeedee|Indeedee-F, L50, F|100\/100\n|-enditem|p1b: Indeedee|Psychic Seed\n|-boost|p1b: Indeedee|spd|1|[from] item: Psychic Seed\n|move|p1a: Armarouge|Wide Guard|p1a: Armarouge\n|-singleturn|p1a: Armarouge|Wide Guard\n|move|p2b: Indeedee|Follow Me|p2b: Indeedee\n|-singleturn|p2b: Indeedee|move: Follow Me\n|move|p2a: Armarouge|Stored Power|p1b: Indeedee\n|-resisted|p1b: Indeedee\n|-damage|p1b: Indeedee|15\/100\n|\n|upkeep\n|turn|4\n|\n|t:|1700891537\n|-terastallize|p1a: Armarouge|Psychic\n|move|p2b: Indeedee|Helping Hand|p2a: Armarouge\n|-singleturn|p2a: Armarouge|Helping Hand|[of] p2b: Indeedee\n|move|p1b: Indeedee|Helping Hand|p1a: Armarouge\n|-singleturn|p1a: Armarouge|Helping Hand|[of] p1b: Indeedee\n|move|p2a: Armarouge|Expanding Force|p1b: Indeedee|[spread] p1a,p1b\n|-resisted|p1a: Armarouge\n|-resisted|p1b: Indeedee\n|-damage|p1a: Armarouge|0 fnt\n|-damage|p1b: Indeedee|0 fnt\n|faint|p1a: Armarouge\n|faint|p1b: Indeedee\n|\n|-sideend|p2: Shadowmime|move: Tailwind\n|upkeep\n|\n|t:|1700891549\n|switch|p1b: Urshifu|Urshifu-Rapid-Strike, L50, M|100\/100\n|turn|5\n|\n|t:|1700891555\n|move|p2b: Indeedee|Follow Me|p2b: Indeedee\n|-singleturn|p2b: Indeedee|move: Follow Me\n|move|p2a: Armarouge|Stored Power|p1b: Urshifu\n|-supereffective|p1b: Urshifu\n|-damage|p1b: Urshifu|0 fnt\n|faint|p1b: Urshifu\n|\n|win|Shadowmime\n|l|\u2606MaximumDarkness\n|j| C4CTUSK1NG\n","uploadtime":1700891748,"views":3,"p1id":"maximumdarkness","p2id":"shadowmime","formatid":"gen9vgc2023regulatione","rating":0,"private":0,"password":""}