{"id":"gen9vgc2023regulatione-1995864041","p1":"whatshamidt","p2":"Wbs16598","format":"[Gen 9] VGC 2023 Regulation E","log":"|j|\u2606whatshamidt\n|j|\u2606Wbs16598\n|t:|1700611057\n|gametype|doubles\n|player|p1|whatshamidt|infielder|\n|player|p2|Wbs16598|benga|\n|teamsize|p1|6\n|teamsize|p2|6\n|gen|9\n|tier|[Gen 9] VGC 2023 Regulation E\n|rule|Species Clause: Limit one of each Pok\u00e9mon\n|rule|Item Clause: Limit one of each item\n|clearpoke\n|poke|p1|Landorus-Therian, L50, M|\n|poke|p1|Zapdos-Galar, L50|\n|poke|p1|Volcarona, L50, M|\n|poke|p1|Kingambit, L50, M|\n|poke|p1|Dipplin, L50, F|\n|poke|p1|Clodsire, L50, M|\n|poke|p2|Iron Hands, L50|\n|poke|p2|Moltres-Galar, L50|\n|poke|p2|Scizor, L50, M|\n|poke|p2|Landorus, L50, M|\n|poke|p2|Slowbro, L50, M|\n|poke|p2|Zoroark, L50, M|\n|teampreview|4\nwhatshamidt rejected open team sheets.\n|c|\u2606whatshamidt|glhf\n|j| Lkynmbr24\n|j| GreeeenGator\n|j| LookItUpVGC\n|\n|t:|1700611105\n|start\n|switch|p1a: Zapdos|Zapdos-Galar, L50|100\/100\n|switch|p1b: Volcarona|Volcarona, L50, M|100\/100\n|switch|p2a: Moltres|Moltres-Galar, L50|100\/100\n|switch|p2b: Iron Hands|Iron Hands, L50|100\/100\n|turn|1\n|\n|t:|1700611129\n|move|p1a: Zapdos|Protect|p1a: Zapdos\n|-singleturn|p1a: Zapdos|Protect\n|move|p2a: Moltres|Nasty Plot|p2a: Moltres\n|-boost|p2a: Moltres|spa|2\n|move|p1b: Volcarona|Quiver Dance|p1b: Volcarona\n|-boost|p1b: Volcarona|spa|1\n|-boost|p1b: Volcarona|spd|1\n|-boost|p1b: Volcarona|spe|1\n|move|p2b: Iron Hands|Earthquake|p1a: Zapdos|[spread] p1b\n|-activate|p1a: Zapdos|move: Protect\n|-immune|p2a: Moltres\n|-damage|p1b: Volcarona|69\/100\n|\n|upkeep\n|turn|2\n|\n|t:|1700611167\n|move|p1b: Volcarona|Giga Drain|p2a: Moltres\n|-resisted|p2a: Moltres\n|-damage|p2a: Moltres|84\/100\n|-heal|p1b: Volcarona|76\/100|[from] drain|[of] p2a: Moltres\n|move|p1a: Zapdos|Close Combat|p2a: Moltres\n|-damage|p2a: Moltres|17\/100\n|-unboost|p1a: Zapdos|def|1\n|-unboost|p1a: Zapdos|spd|1\n|-ability|p2a: Moltres|Berserk|boost\n|-boost|p2a: Moltres|spa|1\n|move|p2a: Moltres|Fiery Wrath|p1a: Zapdos|[spread] p1a,p1b\n|-resisted|p1a: Zapdos\n|-damage|p1a: Zapdos|27\/100\n|-damage|p1b: Volcarona|35\/100\n|move|p2b: Iron Hands|Earthquake|p1a: Zapdos|[spread] p1b\n|-immune|p2a: Moltres\n|-immune|p1a: Zapdos\n|-damage|p1b: Volcarona|6\/100\n|\n|upkeep\n|turn|3\n|\n|t:|1700611192\n|move|p1b: Volcarona|Giga Drain|p2b: Iron Hands\n|-damage|p2b: Iron Hands|82\/100\n|-heal|p1b: Volcarona|17\/100|[from] drain|[of] p2b: Iron Hands\n|move|p1a: Zapdos|Close Combat|p2a: Moltres\n|-damage|p2a: Moltres|0 fnt\n|-unboost|p1a: Zapdos|def|1\n|-unboost|p1a: Zapdos|spd|1\n|faint|p2a: Moltres\n|move|p2b: Iron Hands|Drain Punch|p1a: Zapdos\n|-resisted|p1a: Zapdos\n|-damage|p1a: Zapdos|0 fnt\n|-heal|p2b: Iron Hands|91\/100|[from] drain|[of] p1a: Zapdos\n|faint|p1a: Zapdos\n|\n|upkeep\n|\n|t:|1700611209\n|switch|p1a: Landorus|Landorus-Therian, L50, M|100\/100\n|switch|p2a: Slowbro|Slowbro, L50, M|100\/100\n|-ability|p1a: Landorus|Intimidate|boost\n|-fail|p2a: Slowbro|unboost|Attack|[from] ability: Own Tempo|[of] p2a: Slowbro\n|-unboost|p2b: Iron Hands|atk|1\n|turn|4\n|\n|t:|1700611233\n|move|p1b: Volcarona|Giga Drain|p2a: Slowbro\n|-supereffective|p2a: Slowbro\n|-damage|p2a: Slowbro|26\/100\n|-heal|p1b: Volcarona|56\/100|[from] drain|[of] p2a: Slowbro\n|move|p1a: Landorus|Stomping Tantrum|p2b: Iron Hands\n|-supereffective|p2b: Iron Hands\n|-damage|p2b: Iron Hands|0 fnt\n|faint|p2b: Iron Hands\n|-end|p2b: Iron Hands|Quark Drive|[silent]\n|move|p2a: Slowbro|Scald|p1b: Volcarona\n|-supereffective|p1b: Volcarona\n|-damage|p1b: Volcarona|25\/100\n|\n|-heal|p2a: Slowbro|32\/100|[from] item: Leftovers\n|upkeep\n|\n|t:|1700611247\n|switch|p2b: Scizor|Scizor, L50, M|100\/100\n|turn|5\n|\n|t:|1700611256\n|move|p2b: Scizor|Protect|p2b: Scizor\n|-singleturn|p2b: Scizor|Protect\n|move|p1b: Volcarona|Morning Sun|p1b: Volcarona\n|-heal|p1b: Volcarona|75\/100\n|move|p1a: Landorus|Stomping Tantrum|p2a: Slowbro\n|-damage|p2a: Slowbro|0 fnt\n|faint|p2a: Slowbro\n|\n|upkeep\n|turn|6\n|\n|t:|1700611270\n|-terastallize|p2b: Scizor|Water\n|move|p1b: Volcarona|Fiery Dance|p2b: Scizor\n|-resisted|p2b: Scizor\n|-damage|p2b: Scizor|62\/100\n|move|p1a: Landorus|Stomping Tantrum|p2b: Scizor\n|-crit|p2b: Scizor\n|-damage|p2b: Scizor|0 fnt\n|faint|p2b: Scizor\n|\n|win|whatshamidt\n|c|\u2606whatshamidt|GG\n|c|\u2606whatshamidt|wp\n|l| LookItUpVGC\n|c|\u2606Wbs16598|Gg\n|l|\u2606Wbs16598\n|l| Lkynmbr24\n","uploadtime":1700611383,"views":8,"p1id":"whatshamidt","p2id":"wbs16598","formatid":"gen9vgc2023regulatione","rating":0,"private":0,"password":""}