{"id":"gen9vgc2023regulatione-1992473022","p1":"WillieDangerously","p2":"PumpUpTheJam69","format":"[Gen 9] VGC 2023 Regulation E","log":"|j|\u2606WillieDangerously\n|j|\u2606PumpUpTheJam69\n|t:|1700191882\n|gametype|doubles\n|player|p1|WillieDangerously|psychic-gen4|1372\n|player|p2|PumpUpTheJam69|102|1256\n|teamsize|p1|6\n|teamsize|p2|6\n|gen|9\n|tier|[Gen 9] VGC 2023 Regulation E\n|rated|\n|rule|Species Clause: Limit one of each Pok\u00e9mon\n|rule|Item Clause: Limit one of each item\n|clearpoke\n|poke|p1|Iron Hands, L50|\n|poke|p1|Iron Bundle, L50|\n|poke|p1|Landorus-Therian, L50, M|\n|poke|p1|Sinistcha, L50|\n|poke|p1|Ninetales-Alola, L50, M|\n|poke|p1|Heatran, L50, M|\n|poke|p2|Mamoswine, L50, F|\n|poke|p2|Scizor, L50, M|\n|poke|p2|Tornadus, L50, M|\n|poke|p2|Samurott-Hisui, L50, F|\n|poke|p2|Sinistcha, L50|\n|poke|p2|Iron Valiant, L50|\n|teampreview|4\n|inactive|Battle timer is ON: inactive players will automatically lose when time's up. (requested by PumpUpTheJam69)\n|\n|t:|1700191967\n|start\n|switch|p1a: Iron Bundle|Iron Bundle, L50|100\/100\n|switch|p1b: Ninetales|Ninetales-Alola, L50, M|100\/100\n|switch|p2a: Mamoswine|Mamoswine, L50, F|100\/100\n|switch|p2b: Scizor|Scizor, L50, M|100\/100\n|-weather|Snow|[from] ability: Snow Warning|[of] p1b: Ninetales\n|-enditem|p1a: Iron Bundle|Booster Energy\n|-activate|p1a: Iron Bundle|ability: Quark Drive|[fromitem]\n|-start|p1a: Iron Bundle|quarkdrivespe\n|turn|1\n|inactive|WillieDangerously has 30 seconds left.\n|inactive|PumpUpTheJam69 has 30 seconds left.\n|inactive|PumpUpTheJam69 has 20 seconds left.\n|inactive|PumpUpTheJam69 has 15 seconds left.\n|\n|t:|1700192011\n|-terastallize|p1b: Ninetales|Water\n|-terastallize|p2a: Mamoswine|Ghost\n|move|p2b: Scizor|Bullet Punch|p1a: Iron Bundle\n|-damage|p1a: Iron Bundle|71\/100\n|move|p1a: Iron Bundle|Hydro Pump|p2a: Mamoswine\n|-damage|p2a: Mamoswine|26\/100\n|move|p1b: Ninetales|Aurora Veil|p1b: Ninetales\n|-sidestart|p1: WillieDangerously|move: Aurora Veil\n|move|p2a: Mamoswine|Rock Slide|p1b: Ninetales|[spread] p1a,p1b\n|-supereffective|p1a: Iron Bundle\n|-damage|p1a: Iron Bundle|37\/100\n|-damage|p1b: Ninetales|77\/100\n|\n|-weather|Snow|[upkeep]\n|upkeep\n|turn|2\n|inactive|WillieDangerously has 30 seconds left.\n|\n|t:|1700192037\n|switch|p1b: Heatran|Heatran, L50, M|100\/100\n|move|p2b: Scizor|Bullet Punch|p1a: Iron Bundle\n|-damage|p1a: Iron Bundle|19\/100\n|move|p1a: Iron Bundle|Blizzard|p2b: Scizor|[spread] p2a,p2b\n|-resisted|p2b: Scizor\n|-damage|p2a: Mamoswine|0 fnt\n|-damage|p2b: Scizor|77\/100\n|faint|p2a: Mamoswine\n|\n|-weather|Snow|[upkeep]\n|upkeep\n|\n|t:|1700192047\n|switch|p2a: Iron Valiant|Iron Valiant, L50|100\/100\n|-enditem|p2a: Iron Valiant|Booster Energy\n|-activate|p2a: Iron Valiant|ability: Quark Drive|[fromitem]\n|-start|p2a: Iron Valiant|quarkdrivespe\n|turn|3\n|inactive|WillieDangerously has 30 seconds left.\n|inactive|PumpUpTheJam69 has 30 seconds left.\n|inactive|PumpUpTheJam69 has 20 seconds left.\n|inactive|PumpUpTheJam69 has 15 seconds left.\n|inactive|PumpUpTheJam69 has 10 seconds left.\n|inactive|PumpUpTheJam69 has 5 seconds left.\n|\n|t:|1700192099\n|move|p2a: Iron Valiant|Vacuum Wave|p1b: Heatran\n|-supereffective|p1b: Heatran\n|-damage|p1b: Heatran|77\/100\n|move|p2b: Scizor|Bullet Punch|p1a: Iron Bundle\n|-damage|p1a: Iron Bundle|0 fnt\n|faint|p1a: Iron Bundle\n|-end|p1a: Iron Bundle|Quark Drive|[silent]\n|move|p1b: Heatran|Flash Cannon|p2a: Iron Valiant\n|-supereffective|p2a: Iron Valiant\n|-damage|p2a: Iron Valiant|0 fnt\n|faint|p2a: Iron Valiant\n|-end|p2a: Iron Valiant|Quark Drive|[silent]\n|\n|-weather|Snow|[upkeep]\n|-heal|p1b: Heatran|83\/100|[from] item: Leftovers\n|upkeep\n|\n|t:|1700192115\n|switch|p1a: Ninetales|Ninetales-Alola, L50, M, tera:Water|77\/100\n|switch|p2a: Tornadus|Tornadus, L50, M|100\/100\n|turn|4\n|\n|t:|1700192126\n|move|p2a: Tornadus|Tailwind|p2a: Tornadus\n|-sidestart|p2: PumpUpTheJam69|move: Tailwind\n|move|p1a: Ninetales|Blizzard|p2a: Tornadus|[spread] p2a,p2b\n|-supereffective|p2a: Tornadus\n|-resisted|p2b: Scizor\n|-damage|p2a: Tornadus|48\/100\n|-damage|p2b: Scizor|61\/100\n|move|p2b: Scizor|Close Combat|p1b: Heatran\n|-supereffective|p1b: Heatran\n|-damage|p1b: Heatran|27\/100\n|-unboost|p2b: Scizor|def|1\n|-unboost|p2b: Scizor|spd|1\n|move|p1b: Heatran|Heat Wave|p2b: Scizor|[spread] p2a,p2b\n|-supereffective|p2b: Scizor\n|-damage|p2a: Tornadus|5\/100\n|-damage|p2b: Scizor|0 fnt\n|faint|p2b: Scizor\n|\n|-weather|Snow|[upkeep]\n|-heal|p1b: Heatran|33\/100|[from] item: Leftovers\n|upkeep\n|turn|5\n|-message|PumpUpTheJam69 forfeited.\n|\n|win|WillieDangerously\n|raw|WillieDangerously's rating: 1372 &rarr; <strong>1386<\/strong><br \/>(+14 for winning)\n|raw|PumpUpTheJam69's rating: 1256 &rarr; <strong>1239<\/strong><br \/>(-17 for losing)\n|l|\u2606PumpUpTheJam69\n","uploadtime":1700192144,"views":16,"p1id":"williedangerously","p2id":"pumpupthejam69","formatid":"gen9vgc2023regulatione","rating":1239,"private":0,"password":""}