{"id":"gen9vgc2023regulatione-1990523292","p1":"balfcyur","p2":"qz231114B","format":"[Gen 9] VGC 2023 Regulation E","log":"|j|\u2606balfcyur\n|j|\u2606qz231114B\n|t:|1699978454\n|gametype|doubles\n|player|p1|balfcyur|102|1132\n|player|p2|qz231114B|170|1155\n|teamsize|p1|6\n|teamsize|p2|6\n|gen|9\n|tier|[Gen 9] VGC 2023 Regulation E\n|rated|\n|rule|Species Clause: Limit one of each Pok\u00e9mon\n|rule|Item Clause: Limit one of each item\n|clearpoke\n|poke|p1|Dondozo, L50, M|\n|poke|p1|Tatsugiri, L50, M|\n|poke|p1|Grimmsnarl, L50, M|\n|poke|p1|Tornadus, L50, M|\n|poke|p1|Flutter Mane, L50|\n|poke|p1|Urshifu-*, L50, F|\n|poke|p2|Tornadus, L50, M|\n|poke|p2|Volcarona, L50, M|\n|poke|p2|Basculegion, L50, M|\n|poke|p2|Ludicolo, L50, F|\n|poke|p2|Scizor, L50, F|\n|poke|p2|Flutter Mane, L50|\n|teampreview|4\nbalfcyur has agreed to open team sheets.\n|inactive|Battle timer is ON: inactive players will automatically lose when time's up. (requested by balfcyur)\nqz231114B rejected open team sheets.\n|inactive|balfcyur has 60 seconds left.\n|\n|t:|1699978500\n|start\n|switch|p1a: Tatsugiri|Tatsugiri, L50, M|100\/100\n|switch|p1b: Grimmsnarl|Grimmsnarl, L50, M|100\/100\n|switch|p2a: Tornadus|Tornadus, L50, M|100\/100\n|switch|p2b: Ludicolo|Ludicolo, L50, F|100\/100\n|turn|1\n|\n|t:|1699978514\n|move|p2b: Ludicolo|Fake Out|p1b: Grimmsnarl\n|-damage|p1b: Grimmsnarl|93\/100\n|cant|p1b: Grimmsnarl|flinch\n|move|p2a: Tornadus|Bleakwind Storm|p1b: Grimmsnarl|[spread] p1a\n|-miss|p2a: Tornadus|p1b: Grimmsnarl\n|-damage|p1a: Tatsugiri|60\/100\n|-unboost|p1a: Tatsugiri|spe|1\n|move|p1a: Tatsugiri|Icy Wind|p2b: Ludicolo|[spread] p2a,p2b\n|-supereffective|p2a: Tornadus\n|-damage|p2a: Tornadus|70\/100\n|-damage|p2b: Ludicolo|92\/100\n|-unboost|p2a: Tornadus|spe|1\n|-unboost|p2b: Ludicolo|spe|1\n|\n|upkeep\n|turn|2\n|\n|t:|1699978530\n|move|p1a: Tatsugiri|Protect|p1a: Tatsugiri\n|-singleturn|p1a: Tatsugiri|Protect\n|move|p2a: Tornadus|Rain Dance|p2a: Tornadus\n|-weather|RainDance\n|move|p1b: Grimmsnarl|Taunt|p2a: Tornadus\n|-start|p2a: Tornadus|move: Taunt\n|move|p2b: Ludicolo|Weather Ball|p1b: Grimmsnarl\n|-damage|p1b: Grimmsnarl|36\/100\n|\n|-weather|RainDance|[upkeep]\n|upkeep\n|turn|3\n|\n|t:|1699978544\n|move|p1b: Grimmsnarl|Light Screen|p1b: Grimmsnarl\n|-sidestart|p1: balfcyur|move: Light Screen\n|move|p2b: Ludicolo|Giga Drain|p1b: Grimmsnarl\n|-damage|p1b: Grimmsnarl|19\/100\n|-heal|p2b: Ludicolo|100\/100|[from] drain|[of] p1b: Grimmsnarl\n|move|p2a: Tornadus|Bleakwind Storm|p1a: Tatsugiri|[spread] p1a,p1b\n|-damage|p1a: Tatsugiri|33\/100\n|-damage|p1b: Grimmsnarl|0 fnt\n|faint|p1b: Grimmsnarl\n|move|p1a: Tatsugiri|Muddy Water|p2b: Ludicolo|[spread] p2a,p2b\n|-resisted|p2b: Ludicolo\n|-damage|p2a: Tornadus|13\/100\n|-damage|p2b: Ludicolo|92\/100\n|-unboost|p2a: Tornadus|accuracy|1\n|-unboost|p2b: Ludicolo|accuracy|1\n|\n|-weather|RainDance|[upkeep]\n|upkeep\n|\n|t:|1699978561\n|switch|p1b: Dondozo|Dondozo, L50, M|100\/100\n|-activate|p1a: Tatsugiri|ability: Commander|[of] p1b: Dondozo\n|-boost|p1b: Dondozo|atk|2\n|-boost|p1b: Dondozo|spa|2\n|-boost|p1b: Dondozo|spe|2\n|-boost|p1b: Dondozo|def|2\n|-boost|p1b: Dondozo|spd|2\n|turn|4\n|\n|t:|1699978578\n|move|p1b: Dondozo|Order Up|p2a: Tornadus\n|-damage|p2a: Tornadus|0 fnt\n|faint|p2a: Tornadus\n|-boost|p1b: Dondozo|atk|1\n|move|p2b: Ludicolo|Giga Drain|p1b: Dondozo|[miss]\n|-miss|p2b: Ludicolo|p1b: Dondozo\n|\n|-weather|RainDance|[upkeep]\n|upkeep\n|\n|t:|1699978582\n|switch|p2a: Flutter Mane|Flutter Mane, L50|100\/100\n|turn|5\n|\n|t:|1699978589\n|switch|p2b: Basculegion|Basculegion, L50, M|100\/100\n|move|p2a: Flutter Mane|Thunder|p1b: Dondozo\n|-supereffective|p1b: Dondozo\n|-damage|p1b: Dondozo|52\/100\n|move|p1b: Dondozo|Wave Crash|p2a: Flutter Mane\n|-damage|p2a: Flutter Mane|0 fnt\n|faint|p2a: Flutter Mane\n|-end|p2a: Flutter Mane|Protosynthesis|[silent]\n|-damage|p1b: Dondozo|33\/100|[from] Recoil\n|\n|-weather|RainDance|[upkeep]\n|-heal|p1b: Dondozo|40\/100|[from] item: Leftovers\n|upkeep\n|\n|t:|1699978596\n|switch|p2a: Ludicolo|Ludicolo, L50, F|92\/100\n|turn|6\n|\n|t:|1699978604\n|-terastallize|p1b: Dondozo|Grass\n|move|p2b: Basculegion|Last Respects|p1b: Dondozo\n|-damage|p1b: Dondozo|0 fnt\n|faint|p1b: Dondozo\n|move|p2a: Ludicolo|Giga Drain|p1a: Tatsugiri\n|-damage|p1a: Tatsugiri|7\/100\n|-heal|p2a: Ludicolo|100\/100|[from] drain|[of] p1a: Tatsugiri\n|\n|-weather|RainDance|[upkeep]\n|upkeep\n|\n|t:|1699978609\n|switch|p1b: Urshifu|Urshifu, L50, F|100\/100\n|turn|7\n|\n|t:|1699978617\n|move|p2b: Basculegion|Last Respects|p1b: Urshifu\n|-resisted|p1b: Urshifu\n|-damage|p1b: Urshifu|40\/100\n|move|p2a: Ludicolo|Giga Drain|p1b: Urshifu\n|-damage|p1b: Urshifu|8\/100\n|move|p1b: Urshifu|Wicked Blow|p2b: Basculegion\n|-supereffective|p2b: Basculegion\n|-crit|p2b: Basculegion\n|-damage|p2b: Basculegion|0 fnt\n|faint|p2b: Basculegion\n|move|p1a: Tatsugiri|Icy Wind|p2a: Ludicolo\n|-damage|p2a: Ludicolo|88\/100\n|-unboost|p2a: Ludicolo|spe|1\n|\n|-weather|RainDance|[upkeep]\n|upkeep\n|turn|8\n|\n|t:|1699978632\n|-terastallize|p2a: Ludicolo|Water\n|move|p2a: Ludicolo|Giga Drain|p1b: Urshifu\n|-damage|p1b: Urshifu|0 fnt\n|-heal|p2a: Ludicolo|93\/100|[from] drain|[of] p1b: Urshifu\n|faint|p1b: Urshifu\n|move|p1a: Tatsugiri|Icy Wind|p2a: Ludicolo\n|-resisted|p2a: Ludicolo\n|-damage|p2a: Ludicolo|87\/100\n|-unboost|p2a: Ludicolo|spe|1\n|\n|-weather|RainDance|[upkeep]\n|upkeep\n|turn|9\n|\n|t:|1699978640\n|move|p2a: Ludicolo|Weather Ball|p1a: Tatsugiri\n|-resisted|p1a: Tatsugiri\n|-damage|p1a: Tatsugiri|0 fnt\n|faint|p1a: Tatsugiri\n|\n|win|qz231114B\n|raw|balfcyur's rating: 1132 &rarr; <strong>1109<\/strong><br \/>(-23 for losing)\n|raw|qz231114B's rating: 1155 &rarr; <strong>1178<\/strong><br \/>(+23 for winning)\n|l|\u2606balfcyur\n","uploadtime":1699978646,"views":13,"p1id":"balfcyur","p2id":"qz231114b","formatid":"gen9vgc2023regulatione","rating":1109,"private":0,"password":""}