{"id":"gen9vgc2023regulatione-1991824930","p1":"Shneakster","p2":"Th3D3b","format":"[Gen 9] VGC 2023 Regulation E","log":"|j|\u2606Shneakster\n|j|\u2606Th3D3b\n|t:|1700124004\n|gametype|doubles\n|player|p1|Shneakster|bianca|1190\n|player|p2|Th3D3b|170|1286\n|teamsize|p1|6\n|teamsize|p2|6\n|gen|9\n|tier|[Gen 9] VGC 2023 Regulation E\n|rated|\n|rule|Species Clause: Limit one of each Pok\u00e9mon\n|rule|Item Clause: Limit one of each item\n|clearpoke\n|poke|p1|Dusclops, L50, M|\n|poke|p1|Rillaboom, L50, M|\n|poke|p1|Hariyama, L50, M|\n|poke|p1|Ursaluna-Bloodmoon, L50, M|\n|poke|p1|Iron Hands, L50|\n|poke|p1|Zapdos, L50|\n|poke|p2|Illumise, L50, F|\n|poke|p2|Farigiraf, L50, F|\n|poke|p2|Chi-Yu, L50|\n|poke|p2|Rillaboom, L50, M|\n|poke|p2|Flutter Mane, L50|\n|poke|p2|Kleavor, L50, M|\n|teampreview|4\n|inactive|Battle timer is ON: inactive players will automatically lose when time's up. (requested by Shneakster)\n|\n|t:|1700124021\n|start\n|switch|p1a: CLOPS|Dusclops, L50, M, shiny|100\/100\n|switch|p1b: Iron Hands|Iron Hands, L50|100\/100\n|switch|p2a: Farigiraf|Farigiraf, L50, F|100\/100\n|switch|p2b: Flutter Mane|Flutter Mane, L50|100\/100\n|-item|p2a: Farigiraf|Sitrus Berry|[from] ability: Frisk|[of] p1a: CLOPS|[identify]\n|-item|p2b: Flutter Mane|Choice Specs|[from] ability: Frisk|[of] p1a: CLOPS|[identify]\n|turn|1\n|\n|t:|1700124037\n|move|p2a: Farigiraf|Helping Hand|p2b: Flutter Mane\n|-singleturn|p2b: Flutter Mane|Helping Hand|[of] p2a: Farigiraf\n|move|p2b: Flutter Mane|Shadow Ball|p1a: CLOPS\n|-supereffective|p1a: CLOPS\n|-damage|p1a: CLOPS|0 fnt\n|faint|p1a: CLOPS\n|move|p1b: Iron Hands|Heavy Slam|p2b: Flutter Mane\n|-supereffective|p2b: Flutter Mane\n|-damage|p2b: Flutter Mane|0 fnt\n|faint|p2b: Flutter Mane\n|-end|p2b: Flutter Mane|Protosynthesis|[silent]\n|\n|upkeep\n|j| Sending you love\n|\n|t:|1700124051\n|switch|p2b: Rillaboom|Rillaboom, L50, M|100\/100\n|switch|p1a: \ud83c\udd71\ufe0fUrsaluna|Ursaluna-Bloodmoon, L50, M|100\/100\n|-fieldstart|move: Grassy Terrain|[from] ability: Grassy Surge|[of] p2b: Rillaboom\n|turn|2\n|l| Sending you love\n|\n|t:|1700124072\n|switch|p1a: Zapdos|Zapdos, L50|100\/100\n|move|p2b: Rillaboom|Fake Out|p1a: Zapdos\n|-damage|p1a: Zapdos|85\/100\n|-enditem|p1a: Zapdos|Kee Berry|[eat]\n|-boost|p1a: Zapdos|def|1|[from] item: Kee Berry\n|move|p2a: Farigiraf|Dazzling Gleam|p1b: Iron Hands|[spread] p1a,p1b\n|-supereffective|p1b: Iron Hands\n|-damage|p1a: Zapdos|66\/100\n|-damage|p1b: Iron Hands|82\/100\n|move|p1b: Iron Hands|Heavy Slam|p2a: Farigiraf\n|-damage|p2a: Farigiraf|82\/100\n|\n|-heal|p2a: Farigiraf|88\/100|[from] Grassy Terrain\n|-heal|p1b: Iron Hands|88\/100|[from] Grassy Terrain\n|upkeep\n|turn|3\n|inactive|Th3D3b has 30 seconds left.\n|inactive|Th3D3b has 20 seconds left.\n|\n|t:|1700124109\n|-terastallize|p2b: Rillaboom|Fire\n|move|p1a: Zapdos|Acrobatics|p2b: Rillaboom\n|-damage|p2b: Rillaboom|70\/100\n|move|p2b: Rillaboom|U-turn|p1a: Zapdos\n|-resisted|p1a: Zapdos\n|-damage|p1a: Zapdos|56\/100\n|-status|p2b: Rillaboom|par|[from] ability: Static|[of] p1a: Zapdos\n|\n|t:|1700124117\n|switch|p2b: Kleavor|Kleavor, L50, M|100\/100|[from] U-turn\n|move|p2a: Farigiraf|Dazzling Gleam|p1b: Iron Hands|[spread] p1a,p1b\n|-supereffective|p1b: Iron Hands\n|-damage|p1a: Zapdos|34\/100\n|-damage|p1b: Iron Hands|70\/100\n|move|p1b: Iron Hands|Drain Punch|p2b: Kleavor\n|-damage|p2b: Kleavor|55\/100\n|-heal|p1b: Iron Hands|87\/100|[from] drain|[of] p2b: Kleavor\n|\n|-heal|p2b: Kleavor|61\/100|[from] Grassy Terrain\n|-heal|p2a: Farigiraf|94\/100|[from] Grassy Terrain\n|-heal|p1b: Iron Hands|93\/100|[from] Grassy Terrain\n|upkeep\n|turn|4\n|inactive|Th3D3b has 30 seconds left.\n|inactive|Th3D3b has 20 seconds left.\n|inactive|Th3D3b has 15 seconds left.\n|inactive|Th3D3b has 10 seconds left.\n|\n|t:|1700124166\n|move|p1a: Zapdos|Roost|p1a: Zapdos\n|-heal|p1a: Zapdos|84\/100\n|-singleturn|p1a: Zapdos|move: Roost\n|move|p2b: Kleavor|Stone Axe|p1a: Zapdos\n|-damage|p1a: Zapdos|45\/100\n|-sidestart|p1: Shneakster|move: Stealth Rock\n|move|p2a: Farigiraf|Psychic|p1b: Iron Hands\n|-supereffective|p1b: Iron Hands\n|-damage|p1b: Iron Hands|56\/100\n|move|p1b: Iron Hands|Heavy Slam|p2b: Kleavor\n|-supereffective|p2b: Kleavor\n|-damage|p2b: Kleavor|0 fnt\n|faint|p2b: Kleavor\n|\n|-heal|p1a: Zapdos|51\/100|[from] Grassy Terrain\n|-heal|p2a: Farigiraf|100\/100|[from] Grassy Terrain\n|-heal|p1b: Iron Hands|62\/100|[from] Grassy Terrain\n|upkeep\n|\n|t:|1700124179\n|switch|p2b: Rillaboom|Rillaboom, L50, M, tera:Fire|70\/100 par\n|turn|5\n|\n|t:|1700124190\n|move|p2b: Rillaboom|Fake Out|p1b: Iron Hands\n|-damage|p1b: Iron Hands|52\/100\n|move|p1a: Zapdos|Roost|p1a: Zapdos\n|-heal|p1a: Zapdos|100\/100\n|-singleturn|p1a: Zapdos|move: Roost\n|cant|p1b: Iron Hands|flinch\n|move|p2a: Farigiraf|Trick Room|p2a: Farigiraf\n|-fieldstart|move: Trick Room|[of] p2a: Farigiraf\n|\n|-heal|p2b: Rillaboom|75\/100 par|[from] Grassy Terrain\n|-heal|p1b: Iron Hands|58\/100|[from] Grassy Terrain\n|upkeep\n|turn|6\n|\n|t:|1700124211\n|move|p2a: Farigiraf|Helping Hand|p2b: Rillaboom\n|-singleturn|p2b: Rillaboom|Helping Hand|[of] p2a: Farigiraf\n|move|p2b: Rillaboom|High Horsepower|p1b: Iron Hands\n|-supereffective|p1b: Iron Hands\n|-damage|p1b: Iron Hands|0 fnt\n|faint|p1b: Iron Hands\n|-end|p1b: Iron Hands|Quark Drive|[silent]\n|move|p1a: Zapdos|Light Screen|p1a: Zapdos\n|-sidestart|p1: Shneakster|move: Light Screen\n|\n|-heal|p2b: Rillaboom|81\/100 par|[from] Grassy Terrain\n|-fieldend|move: Grassy Terrain\n|upkeep\n|\n|t:|1700124222\n|switch|p1b: \ud83c\udd71\ufe0fUrsaluna|Ursaluna-Bloodmoon, L50, M|100\/100\n|-damage|p1b: \ud83c\udd71\ufe0fUrsaluna|95\/100|[from] Stealth Rock\n|turn|7\n|\n|t:|1700124236\n|move|p2a: Farigiraf|Helping Hand|p2b: Rillaboom\n|-singleturn|p2b: Rillaboom|Helping Hand|[of] p2a: Farigiraf\n|move|p1b: \ud83c\udd71\ufe0fUrsaluna|Hyper Voice|p2b: Rillaboom|[spread] p2a,p2b\n|-crit|p2b: Rillaboom\n|-damage|p2a: Farigiraf|50\/100\n|-damage|p2b: Rillaboom|16\/100 par\n|-enditem|p2a: Farigiraf|Sitrus Berry|[eat]\n|-heal|p2a: Farigiraf|75\/100|[from] item: Sitrus Berry\n|move|p2b: Rillaboom|Grassy Glide|p1b: \ud83c\udd71\ufe0fUrsaluna\n|-supereffective|p1b: \ud83c\udd71\ufe0fUrsaluna\n|-damage|p1b: \ud83c\udd71\ufe0fUrsaluna|31\/100\n|move|p1a: Zapdos|Discharge|p2a: Farigiraf|[spread] p2a,p2b\n|-immune|p1b: \ud83c\udd71\ufe0fUrsaluna\n|-damage|p2a: Farigiraf|47\/100\n|-damage|p2b: Rillaboom|0 fnt\n|faint|p2b: Rillaboom\n|\n|upkeep\n|turn|8\n|-message|Th3D3b forfeited.\n|\n|win|Shneakster\n|raw|Shneakster's rating: 1190 &rarr; <strong>1222<\/strong><br \/>(+32 for winning)\n|raw|Th3D3b's rating: 1286 &rarr; <strong>1254<\/strong><br \/>(-32 for losing)\n|l|\u2606Th3D3b\n","uploadtime":1700124258,"views":34,"p1id":"shneakster","p2id":"th3d3b","formatid":"gen9vgc2023regulatione","rating":1222,"private":0,"password":""}