{"id":"gen9vgc2023regulatione-1997929240","p1":"NormalLight","p2":"MidnightV2","format":"[Gen 9] VGC 2023 Regulation E","log":"|j|\u2606NormalLight\n|j|\u2606MidnightV2\n|n|\u2606NormalLight|normallight\n|n|\u2606MidnightV2|midnightv2\n|html|View the match progress at <a href=\"\/game-bestof3-gen9vgc2023regulatione-1997929239\">game-bestof3-gen9vgc2023regulatione-1997929239<\/a>\n|t:|1700868627\n|gametype|doubles\n|player|p1|NormalLight|n|\n|player|p2|MidnightV2|steven|\n|teamsize|p1|6\n|teamsize|p2|6\n|gen|9\n|tier|[Gen 9] VGC 2023 Regulation E\n|rule|Species Clause: Limit one of each Pok\u00e9mon\n|rule|Item Clause: Limit one of each item\n|clearpoke\n|poke|p1|Rillaboom, L50, F|\n|poke|p1|Rotom-Wash, L50|\n|poke|p1|Baxcalibur, L50, M|\n|poke|p1|Pelipper, L50, F|\n|poke|p1|Ninetales-Alola, L50, M|\n|poke|p1|Kingambit, L50, M|\n|poke|p2|Flutter Mane, L50|\n|poke|p2|Chi-Yu, L50|\n|poke|p2|Glimmora, L50, F|\n|poke|p2|Cetitan, L50, F|\n|poke|p2|Barraskewda, L50, M|\n|poke|p2|Klefki, L50, M|\n|teampreview|4\n|\n|t:|1700868715\n|start\n|switch|p1a: Rillaboom|Rillaboom, L50, F|100\/100\n|switch|p1b: Kingambit|Kingambit, L50, M|100\/100\n|switch|p2a: Chi-Yu|Chi-Yu, L50|100\/100\n|switch|p2b: Glimmora|Glimmora, L50, F|100\/100\n|-ability|p2a: Chi-Yu|Beads of Ruin\n|-fieldstart|move: Grassy Terrain|[from] ability: Grassy Surge|[of] p1a: Rillaboom\n|turn|1\n|\n|t:|1700868764\n|move|p2b: Glimmora|Spiky Shield|p2b: Glimmora\n|-singleturn|p2b: Glimmora|move: Protect\n|move|p1a: Rillaboom|Fake Out|p2a: Chi-Yu\n|-damage|p2a: Chi-Yu|77\/100\n|cant|p2a: Chi-Yu|flinch\n|move|p1b: Kingambit|Iron Head|p2b: Glimmora\n|-activate|p2b: Glimmora|move: Protect\n|-damage|p1b: Kingambit|88\/100|[from] Spiky Shield|[of] p2b: Glimmora\n|\n|-heal|p2a: Chi-Yu|83\/100|[from] Grassy Terrain\n|-heal|p1b: Kingambit|94\/100|[from] Grassy Terrain\n|upkeep\n|turn|2\n|\n|t:|1700868790\n|switch|p1b: Rotom|Rotom-Wash, L50|100\/100\n|move|p2a: Chi-Yu|Overheat|p1b: Rotom\n|-resisted|p1b: Rotom\n|-damage|p1b: Rotom|63\/100\n|-unboost|p2a: Chi-Yu|spa|2\n|move|p2b: Glimmora|Sludge Wave|p1b: Rotom|[spread] p2a,p1a,p1b\n|-supereffective|p1a: Rillaboom\n|-damage|p2a: Chi-Yu|40\/100\n|-damage|p1a: Rillaboom|8\/100\n|-damage|p1b: Rotom|26\/100\n|-status|p1b: Rotom|psn\n|move|p1a: Rillaboom|High Horsepower|p2b: Glimmora\n|-supereffective|p2b: Glimmora\n|-enditem|p2b: Glimmora|Focus Sash\n|-damage|p2b: Glimmora|1\/100\n|-activate|p2b: Glimmora|ability: Toxic Debris\n|-sidestart|p1: NormalLight|move: Toxic Spikes\n|\n|-heal|p2a: Chi-Yu|46\/100|[from] Grassy Terrain\n|-heal|p2b: Glimmora|7\/100|[from] Grassy Terrain\n|-heal|p1a: Rillaboom|14\/100|[from] Grassy Terrain\n|-heal|p1b: Rotom|32\/100 psn|[from] item: Leftovers\n|-damage|p1b: Rotom|20\/100 psn|[from] psn\n|upkeep\n|turn|3\n|\n|t:|1700868826\n|move|p1a: Rillaboom|Grassy Glide|p2b: Glimmora\n|-damage|p2b: Glimmora|0 fnt\n|-activate|p2b: Glimmora|ability: Toxic Debris\n|-sidestart|p1: NormalLight|move: Toxic Spikes\n|faint|p2b: Glimmora\n|move|p2a: Chi-Yu|Overheat|p1a: Rillaboom\n|-supereffective|p1a: Rillaboom\n|-damage|p1a: Rillaboom|0 fnt\n|-unboost|p2a: Chi-Yu|spa|2\n|faint|p1a: Rillaboom\n|move|p1b: Rotom|Hydro Pump|p2a: Chi-Yu\n|-supereffective|p2a: Chi-Yu\n|-damage|p2a: Chi-Yu|0 fnt\n|faint|p2a: Chi-Yu\n|\n|-heal|p1b: Rotom|25\/100 psn|[from] item: Leftovers\n|-damage|p1b: Rotom|13\/100 psn|[from] psn\n|upkeep\n|\n|t:|1700868844\n|switch|p2b: Cetitan|Cetitan, L50, F, shiny|100\/100\n|switch|p2a: Flutter Mane|Flutter Mane, L50|100\/100\n|switch|p1a: Kingambit|Kingambit, L50, M|94\/100\n|-enditem|p2a: Flutter Mane|Booster Energy\n|-activate|p2a: Flutter Mane|ability: Protosynthesis|[fromitem]\n|-start|p2a: Flutter Mane|protosynthesisspe\n|turn|4\n|\n|t:|1700868892\n|move|p1a: Kingambit|Protect|p1a: Kingambit\n|-singleturn|p1a: Kingambit|Protect\n|move|p2a: Flutter Mane|Dazzling Gleam|p1a: Kingambit|[spread] p1b\n|-activate|p1a: Kingambit|move: Protect\n|-damage|p1b: Rotom|0 fnt\n|faint|p1b: Rotom\n|move|p2b: Cetitan|Superpower|p1a: Kingambit\n|-activate|p1a: Kingambit|move: Protect\n|\n|-heal|p1a: Kingambit|99\/100|[from] Grassy Terrain\n|upkeep\n|\n|t:|1700868900\n|switch|p1b: Baxcalibur|Baxcalibur, L50, M|100\/100\n|-status|p1b: Baxcalibur|tox\n|turn|5\n|\n|t:|1700868929\n|-terastallize|p2a: Flutter Mane|Fairy\n|-terastallize|p1b: Baxcalibur|Water\n|move|p1a: Kingambit|Sucker Punch|p2a: Flutter Mane\n|-resisted|p2a: Flutter Mane\n|-damage|p2a: Flutter Mane|46\/100\n|move|p2a: Flutter Mane|Moonblast|p1b: Baxcalibur\n|-damage|p1b: Baxcalibur|22\/100 tox\n|move|p1b: Baxcalibur|Dragon Dance|p1b: Baxcalibur\n|-boost|p1b: Baxcalibur|atk|1\n|-boost|p1b: Baxcalibur|spe|1\n|move|p2b: Cetitan|Superpower|p1a: Kingambit\n|-supereffective|p1a: Kingambit\n|-damage|p1a: Kingambit|0 fnt\n|-unboost|p2b: Cetitan|atk|1\n|-unboost|p2b: Cetitan|def|1\n|faint|p1a: Kingambit\n|\n|-heal|p2a: Flutter Mane|52\/100|[from] Grassy Terrain\n|-heal|p1b: Baxcalibur|28\/100 tox|[from] Grassy Terrain\n|-damage|p1b: Baxcalibur|22\/100 tox|[from] psn\n|-fieldend|move: Grassy Terrain\n|upkeep\n|turn|6\n|\n|t:|1700868970\n|move|p2a: Flutter Mane|Shadow Ball|p1b: Baxcalibur\n|-damage|p1b: Baxcalibur|0 fnt\n|faint|p1b: Baxcalibur\n|\n|win|MidnightV2\n|c|&|\/uhtml prompt-midnightv2,MidnightV2 is ready for game 2!\n|inactive|NormalLight has 50 seconds to confirm battle start!\n|c|&|\/uhtml prompt-normallight,NormalLight is ready for game 2!\nBoth players are ready! Starting next match!\n","uploadtime":1700869371,"views":1,"p1id":"normallight","p2id":"midnightv2","formatid":"gen9vgc2023regulatione","rating":0,"private":0,"password":""}