{"id":"gen9vgc2023regulatione-1990793359","p1":"Lb1rd33","p2":"VictorbrineCassini","format":"[Gen 9] VGC 2023 Regulation E","log":"|j|\u2606Lb1rd33\n|j|\u2606VictorbrineCassini\n|t:|1700001411\n|gametype|doubles\n|player|p1|Lb1rd33|170|1000\n|player|p2|VictorbrineCassini|266|1106\n|teamsize|p1|6\n|teamsize|p2|6\n|gen|9\n|tier|[Gen 9] VGC 2023 Regulation E\n|rated|\n|rule|Species Clause: Limit one of each Pok\u00e9mon\n|rule|Item Clause: Limit one of each item\n|clearpoke\n|poke|p1|Flutter Mane, L50|\n|poke|p1|Heatran, L50, F|\n|poke|p1|Fezandipiti, L50, M|\n|poke|p1|Yanmega, L50, M|\n|poke|p1|Wo-Chien, L50|\n|poke|p1|Iron Hands, L50|\n|poke|p2|Rillaboom, L50, M|\n|poke|p2|Milotic, L50, F|\n|poke|p2|Arcanine-Hisui, L50, F|\n|poke|p2|Iron Hands, L50|\n|poke|p2|Ogerpon-Wellspring, L50, F|\n|poke|p2|Tornadus, L50, M|\n|teampreview|4\n|\n|t:|1700001489\n|start\n|switch|p1a: Wo-Chien|Wo-Chien, L50|100\/100\n|switch|p1b: Fezandipiti|Fezandipiti, L50, M|100\/100\n|switch|p2a: Aladdin|Tornadus, L50, M|100\/100\n|switch|p2b: Iron Hands|Iron Hands, L50|100\/100\n|-ability|p1a: Wo-Chien|Tablets of Ruin\n|turn|1\n|\n|t:|1700001511\n|move|p2b: Iron Hands|Fake Out|p1b: Fezandipiti\n|-damage|p1b: Fezandipiti|91\/100\n|move|p2a: Aladdin|Tailwind|p2a: Aladdin\n|-sidestart|p2: VictorbrineCassini|move: Tailwind\n|cant|p1b: Fezandipiti|flinch\n|move|p1a: Wo-Chien|Knock Off|p2b: Iron Hands\n|-resisted|p2b: Iron Hands\n|-damage|p2b: Iron Hands|91\/100\n|-enditem|p2b: Iron Hands|Assault Vest|[from] move: Knock Off|[of] p1a: Wo-Chien\n|\n|upkeep\n|turn|2\n|\n|t:|1700001530\n|move|p1a: Wo-Chien|Protect|p1a: Wo-Chien\n|-singleturn|p1a: Wo-Chien|Protect\n|move|p2a: Aladdin|Taunt|p1b: Fezandipiti\n|-start|p1b: Fezandipiti|move: Taunt\n|cant|p1b: Fezandipiti|move: Taunt|Tailwind\n|move|p2b: Iron Hands|Drain Punch|p1a: Wo-Chien\n|-activate|p1a: Wo-Chien|move: Protect\n|\n|upkeep\n|turn|3\n|\n|t:|1700001553\n|move|p2a: Aladdin|Bleakwind Storm|p1b: Fezandipiti|[spread] p1b\n|-miss|p2a: Aladdin|p1a: Wo-Chien\n|-crit|p1b: Fezandipiti\n|-damage|p1b: Fezandipiti|48\/100\n|-unboost|p1b: Fezandipiti|spe|1\n|move|p2b: Iron Hands|Drain Punch|p1a: Wo-Chien\n|-supereffective|p1a: Wo-Chien\n|-damage|p1a: Wo-Chien|57\/100\n|-heal|p2b: Iron Hands|100\/100|[from] drain|[of] p1a: Wo-Chien\n|move|p1a: Wo-Chien|Ruination|p2a: Aladdin\n|-damage|p2a: Aladdin|50\/100\n|move|p1b: Fezandipiti|Acid Spray|p2a: Aladdin\n|-damage|p2a: Aladdin|39\/100\n|-unboost|p2a: Aladdin|spd|2\n|\n|-heal|p2a: Aladdin|45\/100|[from] item: Leftovers\n|upkeep\n|turn|4\n|\n|t:|1700001578\n|move|p1a: Wo-Chien|Protect|p1a: Wo-Chien\n|-singleturn|p1a: Wo-Chien|Protect\n|move|p2a: Aladdin|Bleakwind Storm|p1a: Wo-Chien|[spread] p1b\n|-activate|p1a: Wo-Chien|move: Protect\n|-damage|p1b: Fezandipiti|20\/100\n|-enditem|p1b: Fezandipiti|Iapapa Berry|[eat]\n|-heal|p1b: Fezandipiti|53\/100|[from] item: Iapapa Berry\n|move|p2b: Iron Hands|Drain Punch|p1a: Wo-Chien\n|-activate|p1a: Wo-Chien|move: Protect\n|move|p1b: Fezandipiti|Acid Spray|p2b: Iron Hands\n|-damage|p2b: Iron Hands|93\/100\n|-unboost|p2b: Iron Hands|spd|2\n|-status|p2b: Iron Hands|tox|[from] ability: Toxic Chain|[of] p1b: Fezandipiti\n|\n|-heal|p2a: Aladdin|50\/100|[from] item: Leftovers\n|-damage|p2b: Iron Hands|87\/100 tox|[from] psn\n|-end|p1b: Fezandipiti|move: Taunt\n|-sideend|p2: VictorbrineCassini|move: Tailwind\n|upkeep\n|turn|5\n|\n|t:|1700001615\n|move|p2a: Aladdin|Bleakwind Storm|p1b: Fezandipiti|[spread] p1b\n|-miss|p2a: Aladdin|p1a: Wo-Chien\n|-damage|p1b: Fezandipiti|26\/100\n|move|p1a: Wo-Chien|Pollen Puff|p1b: Fezandipiti\n|-heal|p1b: Fezandipiti|75\/100\n|move|p1b: Fezandipiti|Roost|p1b: Fezandipiti\n|-heal|p1b: Fezandipiti|100\/100\n|-singleturn|p1b: Fezandipiti|move: Roost\n|move|p2b: Iron Hands|Drain Punch|p1a: Wo-Chien\n|-supereffective|p1a: Wo-Chien\n|-damage|p1a: Wo-Chien|10\/100\n|-heal|p2b: Iron Hands|100\/100 tox|[from] drain|[of] p1a: Wo-Chien\n|\n|-heal|p2a: Aladdin|56\/100|[from] item: Leftovers\n|-damage|p2b: Iron Hands|88\/100 tox|[from] psn\n|upkeep\n|turn|6\n|\n|t:|1700001670\n|move|p2a: Aladdin|Bleakwind Storm|p1b: Fezandipiti|[spread] p1a\n|-miss|p2a: Aladdin|p1b: Fezandipiti\n|-supereffective|p1a: Wo-Chien\n|-damage|p1a: Wo-Chien|0 fnt\n|faint|p1a: Wo-Chien\n|move|p1b: Fezandipiti|Acid Spray|p2b: Iron Hands\n|-damage|p2b: Iron Hands|73\/100 tox\n|-unboost|p2b: Iron Hands|spd|2\n|move|p2b: Iron Hands|Heavy Slam|p1b: Fezandipiti\n|-supereffective|p1b: Fezandipiti\n|-damage|p1b: Fezandipiti|26\/100\n|\n|-heal|p2a: Aladdin|62\/100|[from] item: Leftovers\n|-damage|p2b: Iron Hands|54\/100 tox|[from] psn\n|upkeep\n|\n|t:|1700001685\n|switch|p1a: Yanmega|Yanmega, L50, M|100\/100\n|turn|7\n|\n|t:|1700001746\n|-terastallize|p1a: Yanmega|Fire\n|move|p2a: Aladdin|Bleakwind Storm|p1a: Yanmega|[spread] \n|-miss|p2a: Aladdin|p1a: Yanmega\n|-miss|p2a: Aladdin|p1b: Fezandipiti\n|move|p1a: Yanmega|Tera Blast|p2b: Iron Hands|[anim] Tera Blast Fire\n|-damage|p2b: Iron Hands|0 fnt\n|faint|p2b: Iron Hands\n|-end|p2b: Iron Hands|Quark Drive|[silent]\n|move|p1b: Fezandipiti|Tailwind|p1b: Fezandipiti\n|-sidestart|p1: Lb1rd33|move: Tailwind\n|\n|-heal|p2a: Aladdin|68\/100|[from] item: Leftovers\n|-ability|p1a: Yanmega|Speed Boost|boost\n|-boost|p1a: Yanmega|spe|1\n|upkeep\n|\n|t:|1700001759\n|switch|p2b: Ponpon|Ogerpon-Wellspring, L50, F|100\/100\n|turn|8\n|\n|t:|1700001775\n|-terastallize|p2b: Ponpon|Water\n|detailschange|p2b: Ponpon|Ogerpon-Wellspring-Tera, L50, F, tera:Water\n|-ability|p2b: Ponpon|Embody Aspect (Wellspring)|boost\n|-boost|p2b: Ponpon|spd|1\n|move|p1a: Yanmega|Air Slash|p2b: Ponpon\n|-damage|p2b: Ponpon|67\/100\n|move|p2b: Ponpon|Ivy Cudgel|p1a: Yanmega|[anim] Ivy Cudgel Water\n|-supereffective|p1a: Yanmega\n|-crit|p1a: Yanmega\n|-damage|p1a: Yanmega|0 fnt\n|faint|p1a: Yanmega\n|move|p1b: Fezandipiti|Acid Spray|p2a: Aladdin\n|-damage|p2a: Aladdin|42\/100\n|-unboost|p2a: Aladdin|spd|2\n|move|p2a: Aladdin|Bleakwind Storm|p1b: Fezandipiti|[miss]\n|-miss|p2a: Aladdin|p1b: Fezandipiti\n|\n|-heal|p2a: Aladdin|48\/100|[from] item: Leftovers\n|upkeep\n|\n|t:|1700001794\n|switch|p1a: Heatran|Heatran, L50, F|100\/100\n|turn|9\n|\n|t:|1700001811\n|move|p1a: Heatran|Protect|p1a: Heatran\n|-singleturn|p1a: Heatran|Protect\n|move|p2b: Ponpon|Ivy Cudgel|p1a: Heatran|[anim] Ivy Cudgel Water\n|-activate|p1a: Heatran|move: Protect\n|move|p1b: Fezandipiti|Acid Spray|p2b: Ponpon\n|-crit|p2b: Ponpon\n|-damage|p2b: Ponpon|49\/100\n|-unboost|p2b: Ponpon|spd|2\n|move|p2a: Aladdin|Bleakwind Storm|p1b: Fezandipiti|[spread] p1b\n|-activate|p1a: Heatran|move: Protect\n|-damage|p1b: Fezandipiti|0 fnt\n|faint|p1b: Fezandipiti\n|\n|-heal|p2a: Aladdin|54\/100|[from] item: Leftovers\n|upkeep\n|turn|10\n|\n|t:|1700001831\n|move|p1a: Heatran|Earth Power|p2b: Ponpon\n|-damage|p2b: Ponpon|0 fnt\n|faint|p2b: Ponpon\n|move|p2a: Aladdin|Bleakwind Storm|p1a: Heatran\n|-resisted|p1a: Heatran\n|-damage|p1a: Heatran|79\/100\n|\n|-heal|p1a: Heatran|85\/100|[from] item: Leftovers\n|-heal|p2a: Aladdin|60\/100|[from] item: Leftovers\n|-sideend|p1: Lb1rd33|move: Tailwind\n|upkeep\n|\n|t:|1700001835\n|switch|p2b: Amaterasu|Arcanine-Hisui, L50, F|100\/100\n|turn|11\n|\n|t:|1700001861\n|move|p1a: Heatran|Protect|p1a: Heatran\n|-singleturn|p1a: Heatran|Protect\n|move|p2b: Amaterasu|Head Smash|p1a: Heatran\n|-activate|p1a: Heatran|move: Protect\n|move|p2a: Aladdin|Bleakwind Storm|p1a: Heatran\n|-activate|p1a: Heatran|move: Protect\n|\n|-heal|p2a: Aladdin|66\/100|[from] item: Leftovers\n|-heal|p1a: Heatran|91\/100|[from] item: Leftovers\n|upkeep\n|turn|12\n|\n|t:|1700001873\n|move|p2b: Amaterasu|Head Smash|p1a: Heatran\n|-damage|p1a: Heatran|0 fnt\n|faint|p1a: Heatran\n|\n|win|VictorbrineCassini\n|raw|Lb1rd33's rating: 1000 &rarr; <strong>1000<\/strong><br \/>(+0 for losing)\n|raw|VictorbrineCassini's rating: 1106 &rarr; <strong>1124<\/strong><br \/>(+18 for winning)\n|l|\u2606Lb1rd33\n","uploadtime":1700001931,"views":14,"p1id":"lb1rd33","p2id":"victorbrinecassini","formatid":"gen9vgc2023regulatione","rating":1000,"private":0,"password":""}