{"id":"gen9vgc2023regulatione-1990941722","p1":"MacCGi","p2":"MidianVGC","format":"[Gen 9] VGC 2023 Regulation E","log":"|j|\u2606MacCGi\n|j|\u2606MidianVGC\n|t:|1700017733\n|gametype|doubles\n|player|p1|MacCGi|scientist-gen4|1346\n|player|p2|MidianVGC|1|1288\n|teamsize|p1|6\n|teamsize|p2|6\n|gen|9\n|tier|[Gen 9] VGC 2023 Regulation E\n|rated|\n|rule|Species Clause: Limit one of each Pok\u00e9mon\n|rule|Item Clause: Limit one of each item\n|clearpoke\n|poke|p1|Ogerpon-Wellspring, L50, F|\n|poke|p1|Roaring Moon, L50|\n|poke|p1|Amoonguss, L50, M|\n|poke|p1|Landorus-Therian, L50, M|\n|poke|p1|Iron Hands, L50|\n|poke|p1|Gholdengo, L50|\n|poke|p2|Chi-Yu, L50|\n|poke|p2|Ninetales-Alola, L50, M|\n|poke|p2|Iron Hands, L50|\n|poke|p2|Landorus-Therian, L50, M|\n|poke|p2|Dragonite, L50, M|\n|poke|p2|Gholdengo, L50|\n|teampreview|4\n|\n|t:|1700017799\n|start\n|switch|p1a: Ogerpon|Ogerpon-Wellspring, L50, F|100\/100\n|switch|p1b: Iron Hands|Iron Hands, L50|100\/100\n|switch|p2a: Landorus|Landorus-Therian, L50, M, shiny|100\/100\n|switch|p2b: Chi-Yu|Chi-Yu, L50|100\/100\n|-ability|p2a: Landorus|Intimidate|boost\n|-unboost|p1a: Ogerpon|atk|1\n|-unboost|p1b: Iron Hands|atk|1\n|-ability|p2b: Chi-Yu|Beads of Ruin\n|turn|1\n|\n|t:|1700017829\n|-terastallize|p2b: Chi-Yu|Ghost\n|move|p1b: Iron Hands|Fake Out|p2a: Landorus\n|-damage|p2a: Landorus|89\/100\n|cant|p2a: Landorus|flinch\n|move|p2b: Chi-Yu|Heat Wave|p1b: Iron Hands|[spread] p1a,p1b\n|-damage|p1a: Ogerpon|32\/100\n|-damage|p1b: Iron Hands|63\/100\n|move|p1a: Ogerpon|Swords Dance|p1a: Ogerpon\n|-boost|p1a: Ogerpon|atk|2\n|\n|upkeep\n|turn|2\n|\n|t:|1700017861\n|switch|p2b: Dragonite|Dragonite, L50, M, shiny|100\/100\n|-terastallize|p1b: Iron Hands|Water\n|move|p1a: Ogerpon|Spiky Shield|p1a: Ogerpon\n|-singleturn|p1a: Ogerpon|move: Protect\n|move|p2a: Landorus|Stomping Tantrum|p1b: Iron Hands\n|-damage|p1b: Iron Hands|7\/100\n|move|p1b: Iron Hands|Wild Charge|p2b: Dragonite\n|-crit|p2b: Dragonite\n|-damage|p2b: Dragonite|31\/100\n|-damage|p1b: Iron Hands|0 fnt|[from] Recoil\n|faint|p1b: Iron Hands\n|-end|p1b: Iron Hands|Quark Drive|[silent]\n|\n|upkeep\n|\n|t:|1700017876\n|switch|p1b: Landorus|Landorus-Therian, L50, M|100\/100\n|-ability|p1b: Landorus|Intimidate|boost\n|-unboost|p2a: Landorus|atk|1\n|-fail|p2b: Dragonite|unboost|Attack|[from] ability: Inner Focus|[of] p2b: Dragonite\n|turn|3\n|l|\u2606MidianVGC\n|player|p2|\n|j|\u2606MidianVGC\n|player|p2|MidianVGC|1\n|\n|t:|1700017924\n|move|p1a: Ogerpon|Spiky Shield||[still]\n|-fail|p1a: Ogerpon\n|move|p2b: Dragonite|Extreme Speed|p1b: Landorus\n|-damage|p1b: Landorus|53\/100\n|-damage|p2b: Dragonite|21\/100|[from] item: Life Orb\n|move|p2a: Landorus|Stomping Tantrum|p1a: Ogerpon\n|-resisted|p1a: Ogerpon\n|-damage|p1a: Ogerpon|17\/100\n|move|p1b: Landorus|Rock Slide|p2b: Dragonite|[spread] p2a,p2b\n|-supereffective|p2b: Dragonite\n|-damage|p2a: Landorus|67\/100\n|-damage|p2b: Dragonite|0 fnt\n|faint|p2b: Dragonite\n|\n|upkeep\n|\n|t:|1700017942\n|switch|p2b: Ninetales|Ninetales-Alola, L50, M, shiny|100\/100\n|-weather|Snow|[from] ability: Snow Warning|[of] p2b: Ninetales\n|turn|4\n|\n|t:|1700017960\n|switch|p2a: Chi-Yu|Chi-Yu, L50, tera:Ghost|100\/100\n|-ability|p2a: Chi-Yu|Beads of Ruin\n|move|p1b: Landorus|Rock Slide|p2a: Chi-Yu|[spread] p2a,p2b\n|-supereffective|p2b: Ninetales\n|-damage|p2a: Chi-Yu|69\/100\n|-damage|p2b: Ninetales|65\/100\n|cant|p2b: Ninetales|flinch\n|move|p1a: Ogerpon|Ivy Cudgel|p2a: Chi-Yu|[anim] Ivy Cudgel Water\n|-damage|p2a: Chi-Yu|0 fnt\n|faint|p2a: Chi-Yu\n|\n|-weather|Snow|[upkeep]\n|upkeep\n|\n|t:|1700017974\n|switch|p2a: Landorus|Landorus-Therian, L50, M, shiny|67\/100\n|-ability|p2a: Landorus|Intimidate|boost\n|-unboost|p1a: Ogerpon|atk|1\n|-unboost|p1b: Landorus|atk|1\n|turn|5\n|\n|t:|1700017984\n|move|p2a: Landorus|Rock Slide|p1a: Ogerpon|[spread] p1a,p1b\n|-damage|p1a: Ogerpon|0 fnt\n|-damage|p1b: Landorus|28\/100\n|faint|p1a: Ogerpon\n|cant|p1b: Landorus|flinch\n|move|p2b: Ninetales|Aurora Veil|p2b: Ninetales\n|-sidestart|p2: MidianVGC|move: Aurora Veil\n|\n|-weather|Snow|[upkeep]\n|upkeep\n|\n|t:|1700017992\n|switch|p1a: Roaring Moon|Roaring Moon, L50|100\/100\n|-enditem|p1a: Roaring Moon|Booster Energy\n|-activate|p1a: Roaring Moon|ability: Protosynthesis|[fromitem]\n|-start|p1a: Roaring Moon|protosynthesisspe\n|turn|6\n|\n|t:|1700018004\n|move|p1a: Roaring Moon|Acrobatics|p2b: Ninetales\n|-damage|p2b: Ninetales|43\/100\n|move|p2a: Landorus|Rock Slide|p1b: Landorus|[spread] p1a,p1b\n|-damage|p1a: Roaring Moon|75\/100\n|-damage|p1b: Landorus|6\/100\n|move|p1b: Landorus|Rock Slide|p2a: Landorus|[spread] p2a,p2b\n|-supereffective|p2b: Ninetales\n|-damage|p2a: Landorus|55\/100\n|-damage|p2b: Ninetales|25\/100\n|move|p2b: Ninetales|Blizzard|p1b: Landorus|[spread] p1a,p1b\n|-supereffective|p1a: Roaring Moon\n|-supereffective|p1b: Landorus\n|-damage|p1a: Roaring Moon|28\/100\n|-damage|p1b: Landorus|0 fnt\n|faint|p1b: Landorus\n|\n|-weather|Snow|[upkeep]\n|upkeep\n|turn|7\n|\n|t:|1700018024\n|move|p1a: Roaring Moon|Acrobatics|p2b: Ninetales\n|-damage|p2b: Ninetales|4\/100\n|move|p2a: Landorus|Rock Slide|p1a: Roaring Moon\n|-damage|p1a: Roaring Moon|0 fnt\n|faint|p1a: Roaring Moon\n|-end|p1a: Roaring Moon|Protosynthesis|[silent]\n|\n|win|MidianVGC\n|raw|MacCGi's rating: 1346 &rarr; <strong>1323<\/strong><br \/>(-23 for losing)\n|raw|MidianVGC's rating: 1288 &rarr; <strong>1317<\/strong><br \/>(+29 for winning)\n|l|\u2606MacCGi\n","uploadtime":1700018036,"views":14,"p1id":"maccgi","p2id":"midianvgc","formatid":"gen9vgc2023regulatione","rating":1317,"private":0,"password":""}