{"id":"gen9vgc2023regulatione-1991469403","p1":"ggttmmhh","p2":"kojiminori1","format":"[Gen 9] VGC 2023 Regulation E","log":"|j|\u2606ggttmmhh\n|j|\u2606kojiminori1\n|t:|1700079840\n|gametype|doubles\n|player|p1|ggttmmhh|1|1699\n|player|p2|kojiminori1|265|1709\n|teamsize|p1|6\n|teamsize|p2|6\n|gen|9\n|tier|[Gen 9] VGC 2023 Regulation E\n|rated|\n|rule|Species Clause: Limit one of each Pok\u00e9mon\n|rule|Item Clause: Limit one of each item\n|clearpoke\n|poke|p1|Weezing, L50, F|\n|poke|p1|Iron Hands, L50|\n|poke|p1|Roaring Moon, L50|\n|poke|p1|Flutter Mane, L50|\n|poke|p1|Landorus-Therian, L50, M|\n|poke|p1|Ogerpon-Wellspring, L50, F|\n|poke|p2|Iron Bundle, L50|\n|poke|p2|Regieleki, L50|\n|poke|p2|Urshifu-*, L50, F|\n|poke|p2|Ogerpon-Hearthflame, L50, F|\n|poke|p2|Rillaboom, L50, M|\n|poke|p2|Landorus, L50, M|\n|teampreview|4\n|inactive|Battle timer is ON: inactive players will automatically lose when time's up. (requested by kojiminori1)\n|j| Asacado\n|inactive|ggttmmhh has 60 seconds left.\n|j| Fayds\n|c| Asacado|Not gonna lie, Sandorus has me super intrigued.\n|j| RM20VGC777\n|\n|t:|1700079898\n|start\n|switch|p1a: Flutter Mane|Flutter Mane, L50|100\/100\n|switch|p1b: Landorus|Landorus-Therian, L50, M|100\/100\n|switch|p2a: Iron Bundle|Iron Bundle, L50|100\/100\n|switch|p2b: Landorus|Landorus, L50, M|100\/100\n|-ability|p1b: Landorus|Intimidate|boost\n|-unboost|p2a: Iron Bundle|atk|1\n|-unboost|p2b: Landorus|atk|1\n|-enditem|p2a: Iron Bundle|Booster Energy\n|-activate|p2a: Iron Bundle|ability: Quark Drive|[fromitem]\n|-start|p2a: Iron Bundle|quarkdrivespe\n|turn|1\n|j| previouslyunnamed\n|inactive|ggttmmhh has 30 seconds left.\n|inactive|ggttmmhh has 20 seconds left.\n|\n|t:|1700079934\n|switch|p1b: Iron Hands|Iron Hands, L50|100\/100\n|move|p2a: Iron Bundle|Icy Wind|p1a: Flutter Mane|[spread] p1a,p1b\n|-damage|p1a: Flutter Mane|80\/100\n|-damage|p1b: Iron Hands|89\/100\n|-unboost|p1a: Flutter Mane|spe|1\n|-unboost|p1b: Iron Hands|spe|1\n|move|p2b: Landorus|Earth Power|p1a: Flutter Mane\n|-damage|p1a: Flutter Mane|10\/100\n|move|p1a: Flutter Mane|Moonblast|p2a: Iron Bundle\n|-damage|p2a: Iron Bundle|0 fnt\n|faint|p2a: Iron Bundle\n|-end|p2a: Iron Bundle|Quark Drive|[silent]\n|\n|upkeep\n|\n|t:|1700079956\n|switch|p2a: Rillaboom|Rillaboom, L50, M|100\/100\n|-fieldstart|move: Grassy Terrain|[from] ability: Grassy Surge|[of] p2a: Rillaboom\n|turn|2\n|inactive|ggttmmhh has 30 seconds left.\n|inactive|ggttmmhh has 20 seconds left.\n|inactive|ggttmmhh has 15 seconds left.\n|\n|t:|1700079999\n|-end|p1a: Flutter Mane|Protosynthesis|[silent]\n|switch|p1a: Roaring Moon|Roaring Moon, L50|100\/100\n|-enditem|p1a: Roaring Moon|Booster Energy\n|-activate|p1a: Roaring Moon|ability: Protosynthesis|[fromitem]\n|-start|p1a: Roaring Moon|protosynthesisspe\n|move|p2a: Rillaboom|Fake Out|p1b: Iron Hands\n|-damage|p1b: Iron Hands|78\/100\n|cant|p1b: Iron Hands|flinch\n|move|p2b: Landorus|Sludge Bomb|p1a: Roaring Moon\n|-damage|p1a: Roaring Moon|52\/100\n|\n|-heal|p1a: Roaring Moon|59\/100|[from] Grassy Terrain\n|-heal|p1b: Iron Hands|84\/100|[from] Grassy Terrain\n|upkeep\n|turn|3\n|l| RM20VGC777\n|inactive|ggttmmhh has 30 seconds left.\n|inactive|ggttmmhh has 20 seconds left.\n|inactive|ggttmmhh has 15 seconds left.\n|inactive|ggttmmhh has 10 seconds left.\n|inactive|ggttmmhh has 5 seconds left.\n|\n|t:|1700080050\n|-terastallize|p1a: Roaring Moon|Flying\n|move|p1a: Roaring Moon|Acrobatics|p2a: Rillaboom\n|-supereffective|p2a: Rillaboom\n|-damage|p2a: Rillaboom|0 fnt\n|faint|p2a: Rillaboom\n|move|p2b: Landorus|Earth Power|p1a: Roaring Moon\n|-immune|p1a: Roaring Moon\n|move|p1b: Iron Hands|Heavy Slam|p2b: Landorus\n|-damage|p2b: Landorus|42\/100\n|\n|-heal|p1b: Iron Hands|90\/100|[from] Grassy Terrain\n|upkeep\n|\n|t:|1700080064\n|switch|p2a: Ogerpon|Ogerpon-Hearthflame, L50, F|100\/100\n|-ability|p2a: Ogerpon|Mold Breaker\n|turn|4\n|\n|t:|1700080080\n|-end|p1b: Iron Hands|Quark Drive|[silent]\n|switch|p1b: Landorus|Landorus-Therian, L50, M|100\/100\n|-ability|p1b: Landorus|Intimidate|boost\n|-unboost|p2a: Ogerpon|atk|1\n|-unboost|p2b: Landorus|atk|1\n|-terastallize|p2a: Ogerpon|Fire\n|detailschange|p2a: Ogerpon|Ogerpon-Hearthflame-Tera, L50, F, tera:Fire\n|-ability|p2a: Ogerpon|Embody Aspect (Hearthflame)|boost\n|-boost|p2a: Ogerpon|atk|1\n|move|p2b: Landorus|Protect|p2b: Landorus\n|-singleturn|p2b: Landorus|Protect\n|move|p1a: Roaring Moon|Acrobatics|p2b: Landorus\n|-activate|p2b: Landorus|move: Protect\n|move|p2a: Ogerpon|Ivy Cudgel|p1a: Roaring Moon|[anim] Ivy Cudgel Fire\n|-damage|p1a: Roaring Moon|0 fnt\n|faint|p1a: Roaring Moon\n|-end|p1a: Roaring Moon|Protosynthesis|[silent]\n|\n|upkeep\n|\n|t:|1700080103\n|switch|p1a: Flutter Mane|Flutter Mane, L50|10\/100\n|turn|5\n|inactive|ggttmmhh has 30 seconds left.\n|\n|t:|1700080128\n|move|p2a: Ogerpon|Grassy Glide|p1a: Flutter Mane\n|-damage|p1a: Flutter Mane|0 fnt\n|faint|p1a: Flutter Mane\n|-end|p1a: Flutter Mane|Protosynthesis|[silent]\n|move|p1b: Landorus|Stomping Tantrum|p2a: Ogerpon\n|-supereffective|p2a: Ogerpon\n|-damage|p2a: Ogerpon|0 fnt\n|faint|p2a: Ogerpon\n|move|p2b: Landorus|Sludge Bomb|p1b: Landorus\n|-resisted|p1b: Landorus\n|-damage|p1b: Landorus|66\/100\n|\n|upkeep\n|\n|t:|1700080140\n|switch|p1a: Iron Hands|Iron Hands, L50|90\/100\n|turn|6\n|\n|t:|1700080147\n|move|p2b: Landorus|Protect|p2b: Landorus\n|-singleturn|p2b: Landorus|Protect\n|move|p1a: Iron Hands|Fake Out|p2b: Landorus\n|-activate|p2b: Landorus|move: Protect\n|move|p1b: Landorus|Stomping Tantrum|p2b: Landorus\n|-activate|p2b: Landorus|move: Protect\n|\n|-heal|p1a: Iron Hands|96\/100|[from] Grassy Terrain\n|-fieldend|move: Grassy Terrain\n|upkeep\n|turn|7\n|c| Asacado|Landorus with socks meet Sandorus.\n|\n|t:|1700080159\n|move|p1b: Landorus|Stomping Tantrum|p2b: Landorus\n|-immune|p2b: Landorus\n|move|p2b: Landorus|Earth Power|p1a: Iron Hands\n|-supereffective|p1a: Iron Hands\n|-damage|p1a: Iron Hands|11\/100\n|move|p1a: Iron Hands|Heavy Slam|p2b: Landorus\n|-damage|p2b: Landorus|0 fnt\n|faint|p2b: Landorus\n|\n|win|ggttmmhh\n|raw|ggttmmhh's rating: 1699 &rarr; <strong>1720<\/strong><br \/>(+21 for winning)\n|raw|kojiminori1's rating: 1709 &rarr; <strong>1688<\/strong><br \/>(-21 for losing)\n|l|\u2606kojiminori1\n|l|\u2606ggttmmhh\n|l| previouslyunnamed\n","uploadtime":1700080182,"views":13,"p1id":"ggttmmhh","p2id":"kojiminori1","formatid":"gen9vgc2023regulatione","rating":1688,"private":0,"password":""}