{"id":"gen9vgc2023regulatione-1997982910","p1":"Eleisson4","p2":"porygon peo","format":"[Gen 9] VGC 2023 Regulation E","log":"|j|\u2606Eleisson4\n|j|\u2606porygon peo\n|n|\u2606Eleisson4|eleisson4\n|n|\u2606porygon peo|porygonpeo\n|html|View the match progress at <a href=\"\/game-bestof3-gen9vgc2023regulatione-1997976334\">game-bestof3-gen9vgc2023regulatione-1997976334<\/a>\n|t:|1700875190\n|gametype|doubles\n|player|p1|Eleisson4|101|\n|player|p2|porygon peo|169|\n|teamsize|p1|6\n|teamsize|p2|6\n|gen|9\n|tier|[Gen 9] VGC 2023 Regulation E\n|rule|Species Clause: Limit one of each Pok\u00e9mon\n|rule|Item Clause: Limit one of each item\n|clearpoke\n|poke|p1|Iron Hands, L50|\n|poke|p1|Flutter Mane, L50|\n|poke|p1|Heatran, L50, F|\n|poke|p1|Chien-Pao, L50|\n|poke|p1|Ogerpon-Wellspring, L50, F|\n|poke|p1|Amoonguss, L50, F|\n|poke|p2|Landorus-Therian, L50, M|\n|poke|p2|Ogerpon-Wellspring, L50, F|\n|poke|p2|Heatran, L50, F|\n|poke|p2|Iron Hands, L50|\n|poke|p2|Farigiraf, L50, M|\n|poke|p2|Ninetales-Alola, L50, F|\n|teampreview|4\n|inactive|Battle timer is ON: inactive players will automatically lose when time's up. (requested by porygon peo)\nEleisson4 has agreed to open team sheets.\n|inactive|Eleisson4 has 60 seconds left.\n|inactive|porygon peo has 60 seconds left.\n|\n|t:|1700875246\n|start\n|switch|p1a: Iron Hands|Iron Hands, L50, shiny|100\/100\n|switch|p1b: Chien-Pao|Chien-Pao, L50|100\/100\n|switch|p2a: Ogerpon|Ogerpon-Wellspring, L50, F|100\/100\n|switch|p2b: Landorus|Landorus-Therian, L50, M|100\/100\n|-ability|p2b: Landorus|Intimidate|boost\n|-unboost|p1a: Iron Hands|atk|1\n|-unboost|p1b: Chien-Pao|atk|1\n|-ability|p1b: Chien-Pao|Sword of Ruin\n|-enditem|p1a: Iron Hands|Booster Energy\n|-activate|p1a: Iron Hands|ability: Quark Drive|[fromitem]\n|-start|p1a: Iron Hands|quarkdrivedef\n|turn|1\n|inactive|Eleisson4 has 30 seconds left.\n|inactive|porygon peo has 30 seconds left.\n|inactive|porygon peo has 20 seconds left.\n|inactive|porygon peo has 15 seconds left.\n|\n|t:|1700875289\n|move|p2b: Landorus|U-turn|p1a: Iron Hands\n|-resisted|p1a: Iron Hands\n|-damage|p1a: Iron Hands|92\/100\n|\n|t:|1700875291\n|switch|p2b: Ninetales|Ninetales-Alola, L50, F|100\/100|[from] U-turn\n|-weather|Snow|[from] ability: Snow Warning|[of] p2b: Ninetales\n|move|p1b: Chien-Pao|Ice Spinner|p2a: Ogerpon\n|-damage|p2a: Ogerpon|68\/100\n|move|p2a: Ogerpon|Swords Dance|p2a: Ogerpon\n|-boost|p2a: Ogerpon|atk|2\n|move|p1a: Iron Hands|Drain Punch|p2a: Ogerpon\n|-damage|p2a: Ogerpon|37\/100\n|-heal|p1a: Iron Hands|100\/100|[from] drain|[of] p2a: Ogerpon\n|\n|-weather|Snow|[upkeep]\n|upkeep\n|turn|2\n|inactive|Eleisson4 has 30 seconds left.\n|inactive|Eleisson4 has 20 seconds left.\n|inactive|Eleisson4 has 15 seconds left.\n|inactive|Eleisson4 has 10 seconds left.\n|inactive|porygon peo has 30 seconds left.\n|\n|t:|1700875344\n|-end|p1a: Iron Hands|Quark Drive|[silent]\n|switch|p1a: Amoonguss|Amoonguss, L50, F, shiny|100\/100\n|move|p2a: Ogerpon|Spiky Shield|p2a: Ogerpon\n|-singleturn|p2a: Ogerpon|move: Protect\n|move|p1b: Chien-Pao|Sucker Punch||[still]\n|-fail|p1b: Chien-Pao\n|move|p2b: Ninetales|Icy Wind|p1a: Amoonguss|[spread] p1a,p1b\n|-supereffective|p1a: Amoonguss\n|-resisted|p1b: Chien-Pao\n|-damage|p1a: Amoonguss|80\/100\n|-damage|p1b: Chien-Pao|90\/100\n|-unboost|p1a: Amoonguss|spe|1\n|-unboost|p1b: Chien-Pao|spe|1\n|\n|-weather|Snow|[upkeep]\n|upkeep\n|turn|3\n|inactive|Eleisson4 has 30 seconds left.\n|inactive|porygon peo has 30 seconds left.\n|inactive|Eleisson4 has 20 seconds left.\n|inactive|porygon peo has 20 seconds left.\n|inactive|Eleisson4 has 15 seconds left.\n|inactive|Eleisson4 has 10 seconds left.\n|inactive|porygon peo has 15 seconds left.\n|inactive|Eleisson4 has 5 seconds left.\n|\n|t:|1700875399\n|switch|p2b: Landorus|Landorus-Therian, L50, M|100\/100\n|-ability|p2b: Landorus|Intimidate|boost\n|-unboost|p1a: Amoonguss|atk|1\n|-unboost|p1b: Chien-Pao|atk|1\n|move|p1b: Chien-Pao|Sucker Punch|p2a: Ogerpon\n|-damage|p2a: Ogerpon|15\/100\n|move|p2a: Ogerpon|Horn Leech|p1b: Chien-Pao\n|-crit|p1b: Chien-Pao\n|-damage|p1b: Chien-Pao|0 fnt\n|-heal|p2a: Ogerpon|52\/100|[from] drain|[of] p1b: Chien-Pao\n|faint|p1b: Chien-Pao\n|move|p1a: Amoonguss|Clear Smog|p2a: Ogerpon\n|-supereffective|p2a: Ogerpon\n|-damage|p2a: Ogerpon|22\/100\n|-clearboost|p2a: Ogerpon\n|\n|-weather|Snow|[upkeep]\n|upkeep\n|\n|t:|1700875415\n|switch|p1b: Iron Hands|Iron Hands, L50, shiny|100\/100\n|turn|4\n|inactive|Eleisson4 has 30 seconds left.\n|inactive|porygon peo has 30 seconds left.\n|inactive|Eleisson4 has 20 seconds left.\n|inactive|porygon peo has 20 seconds left.\n|inactive|porygon peo has 15 seconds left.\n|inactive|porygon peo has 10 seconds left.\n|\n|t:|1700875460\n|switch|p1a: Heatran|Heatran, L50, F, shiny|100\/100\n|-terastallize|p2b: Landorus|Flying\n|move|p2b: Landorus|Tera Blast|p1a: Heatran|[anim] Tera Blast Flying\n|-resisted|p1a: Heatran\n|-damage|p1a: Heatran|68\/100\n|move|p2a: Ogerpon|Horn Leech|p1a: Heatran\n|-resisted|p1a: Heatran\n|-damage|p1a: Heatran|58\/100\n|-heal|p2a: Ogerpon|27\/100|[from] drain|[of] p1a: Heatran\n|move|p1b: Iron Hands|Ice Punch|p2b: Landorus\n|-supereffective|p2b: Landorus\n|-damage|p2b: Landorus|48\/100\n|-status|p2b: Landorus|frz\n|\n|-weather|Snow|[upkeep]\n|upkeep\n|turn|5\n|inactive|Eleisson4 has 30 seconds left.\n|inactive|Eleisson4 has 20 seconds left.\n|inactive|Eleisson4 has 15 seconds left.\n|\n|t:|1700875502\n|move|p1a: Heatran|Protect|p1a: Heatran\n|-singleturn|p1a: Heatran|Protect\n|move|p2a: Ogerpon|Spiky Shield|p2a: Ogerpon\n|-singleturn|p2a: Ogerpon|move: Protect\n|cant|p2b: Landorus|frz\n|move|p1b: Iron Hands|Wild Charge|p2a: Ogerpon\n|-activate|p2a: Ogerpon|move: Protect\n|-damage|p1b: Iron Hands|88\/100|[from] Spiky Shield|[of] p2a: Ogerpon\n|\n|-weather|none\n|upkeep\n|turn|6\n|\n|t:|1700875524\n|switch|p1a: Amoonguss|Amoonguss, L50, F, shiny|100\/100\n|cant|p2b: Landorus|frz\n|move|p2a: Ogerpon|Ivy Cudgel|p1a: Amoonguss|[anim] Ivy Cudgel Water\n|-resisted|p1a: Amoonguss\n|-damage|p1a: Amoonguss|75\/100\n|move|p1b: Iron Hands|Wild Charge|p2a: Ogerpon\n|-damage|p2a: Ogerpon|0 fnt\n|faint|p2a: Ogerpon\n|-damage|p1b: Iron Hands|83\/100|[from] Recoil\n|\n|upkeep\n|\n|t:|1700875535\n|switch|p2a: Ninetales|Ninetales-Alola, L50, F|100\/100\n|-weather|Snow|[from] ability: Snow Warning|[of] p2a: Ninetales\n|turn|7\n|\n|t:|1700875550\n|switch|p2b: Heatran|Heatran, L50, F|100\/100\n|-terastallize|p1a: Amoonguss|Water\n|move|p2a: Ninetales|Aurora Veil|p2a: Ninetales\n|-sidestart|p2: porygon peo|move: Aurora Veil\n|move|p1b: Iron Hands|Ice Punch|p2b: Heatran\n|-resisted|p2b: Heatran\n|-damage|p2b: Heatran|98\/100\n|move|p1a: Amoonguss|Spore|p2a: Ninetales\n|-status|p2a: Ninetales|slp|[from] move: Spore\n|\n|-weather|Snow|[upkeep]\n|-heal|p2b: Heatran|100\/100|[from] item: Leftovers\n|upkeep\n|turn|8\n|\n|t:|1700875568\n|cant|p2a: Ninetales|slp\n|move|p2b: Heatran|Magma Storm|p1b: Iron Hands\n|-damage|p1b: Iron Hands|43\/100\n|-activate|p1b: Iron Hands|move: Magma Storm|[of] p2b: Heatran\n|move|p1b: Iron Hands|Swords Dance|p1b: Iron Hands\n|-boost|p1b: Iron Hands|atk|2\n|move|p1a: Amoonguss|Pollen Puff|p1b: Iron Hands\n|-heal|p1b: Iron Hands|93\/100\n|\n|-weather|Snow|[upkeep]\n|-damage|p1b: Iron Hands|81\/100|[from] move: Magma Storm|[partiallytrapped]\n|upkeep\n|turn|9\n|inactive|porygon peo has 30 seconds left.\n|inactive|porygon peo has 20 seconds left.\n|\n|t:|1700875606\n|-curestatus|p2a: Ninetales|slp|[msg]\n|move|p2a: Ninetales|Moonblast|p1b: Iron Hands\n|-supereffective|p1b: Iron Hands\n|-damage|p1b: Iron Hands|42\/100\n|move|p2b: Heatran|Magma Storm|p1b: Iron Hands\n|-damage|p1b: Iron Hands|4\/100\n|move|p1b: Iron Hands|Drain Punch|p2b: Heatran\n|-supereffective|p2b: Heatran\n|-damage|p2b: Heatran|25\/100\n|-heal|p1b: Iron Hands|36\/100|[from] drain|[of] p2b: Heatran\n|move|p1a: Amoonguss|Pollen Puff|p1b: Iron Hands\n|-heal|p1b: Iron Hands|86\/100\n|\n|-weather|Snow|[upkeep]\n|-heal|p2b: Heatran|31\/100|[from] item: Leftovers\n|-damage|p1b: Iron Hands|74\/100|[from] move: Magma Storm|[partiallytrapped]\n|upkeep\n|turn|10\n|inactive|Eleisson4 has 30 seconds left.\n|inactive|porygon peo has 30 seconds left.\n|inactive|porygon peo has 20 seconds left.\n|inactive|porygon peo has 15 seconds left.\n|inactive|porygon peo has 10 seconds left.\n|inactive|porygon peo has 5 seconds left.\n|\n|t:|1700875661\n|move|p1a: Amoonguss|Rage Powder|p1a: Amoonguss\n|-singleturn|p1a: Amoonguss|move: Rage Powder\n|move|p2a: Ninetales|Icy Wind|p1b: Iron Hands|[spread] p1a,p1b\n|-resisted|p1a: Amoonguss\n|-damage|p1a: Amoonguss|69\/100\n|-damage|p1b: Iron Hands|66\/100\n|-unboost|p1a: Amoonguss|spe|1\n|-unboost|p1b: Iron Hands|spe|1\n|move|p2b: Heatran|Magma Storm|p1a: Amoonguss\n|-resisted|p1a: Amoonguss\n|-damage|p1a: Amoonguss|47\/100\n|-activate|p1a: Amoonguss|move: Magma Storm|[of] p2b: Heatran\n|move|p1b: Iron Hands|Drain Punch|p2b: Heatran\n|-supereffective|p2b: Heatran\n|-damage|p2b: Heatran|0 fnt\n|-heal|p1b: Iron Hands|79\/100|[from] drain|[of] p2b: Heatran\n|faint|p2b: Heatran\n|\n|-weather|Snow|[upkeep]\n|-end|p1b: Iron Hands|Magma Storm|[partiallytrapped]|[silent]\n|-end|p1a: Amoonguss|Magma Storm|[partiallytrapped]|[silent]\n|upkeep\n|inactive|porygon peo has 30 seconds left.\n|\n|t:|1700875688\n|switch|p2b: Landorus|Landorus-Therian, L50, M, tera:Flying|48\/100 frz\n|-ability|p2b: Landorus|Intimidate|boost\n|-unboost|p1a: Amoonguss|atk|1\n|-unboost|p1b: Iron Hands|atk|1\n|turn|11\n|\n|t:|1700875702\n|move|p1a: Amoonguss|Rage Powder|p1a: Amoonguss\n|-singleturn|p1a: Amoonguss|move: Rage Powder\n|-curestatus|p2b: Landorus|frz|[msg]\n|move|p2b: Landorus|Stomping Tantrum|p1a: Amoonguss\n|-damage|p1a: Amoonguss|10\/100\n|-enditem|p1a: Amoonguss|Aguav Berry|[eat]\n|-heal|p1a: Amoonguss|44\/100|[from] item: Aguav Berry\n|move|p2a: Ninetales|Moonblast|p1a: Amoonguss\n|-damage|p1a: Amoonguss|19\/100\n|move|p1b: Iron Hands|Ice Punch|p2b: Landorus\n|-supereffective|p2b: Landorus\n|-damage|p2b: Landorus|2\/100\n|\n|-weather|none\n|upkeep\n|turn|12\n|inactive|Eleisson4 has 30 seconds left.\n|inactive|Eleisson4 has 20 seconds left.\n|inactive|Eleisson4 has 15 seconds left.\n|\n|t:|1700875744\n|move|p1a: Amoonguss|Rage Powder|p1a: Amoonguss\n|-singleturn|p1a: Amoonguss|move: Rage Powder\n|move|p2b: Landorus|Stomping Tantrum|p1a: Amoonguss\n|-damage|p1a: Amoonguss|0 fnt\n|faint|p1a: Amoonguss\n|move|p2a: Ninetales|Moonblast|p1b: Iron Hands\n|-supereffective|p1b: Iron Hands\n|-crit|p1b: Iron Hands\n|-damage|p1b: Iron Hands|23\/100\n|move|p1b: Iron Hands|Ice Punch|p2b: Landorus\n|-supereffective|p2b: Landorus\n|-damage|p2b: Landorus|0 fnt\n|faint|p2b: Landorus\n|\n|upkeep\n|\n|t:|1700875755\n|switch|p1a: Heatran|Heatran, L50, F, shiny|58\/100\n|turn|13\n|inactive|Eleisson4 has 30 seconds left.\n|inactive|Eleisson4 has 20 seconds left.\n|\n|t:|1700875797\n|move|p2a: Ninetales|Moonblast|p1b: Iron Hands\n|-supereffective|p1b: Iron Hands\n|-damage|p1b: Iron Hands|0 fnt\n|faint|p1b: Iron Hands\n|-end|p1b: Iron Hands|Quark Drive|[silent]\n|move|p1a: Heatran|Flash Cannon|p2a: Ninetales\n|-supereffective|p2a: Ninetales\n|-damage|p2a: Ninetales|0 fnt\n|faint|p2a: Ninetales\n|\n|win|Eleisson4\n|c|\u2606Eleisson4|gg\n|c|\u2606porygon peo|gg bro\n|l|\u2606porygon peo\n","uploadtime":1700876230,"views":2,"p1id":"eleisson4","p2id":"porygonpeo","formatid":"gen9vgc2023regulatione","rating":0,"private":0,"password":""}