{"id":"gen9vgc2023regulatione-1990518301","p1":"HaZZaLaDDa","p2":"Johnboge","format":"[Gen 9] VGC 2023 Regulation E","log":"|j|\u2606HaZZaLaDDa\n|j|\u2606Johnboge\n|t:|1699978052\n|gametype|doubles\n|player|p1|HaZZaLaDDa|169|1030\n|player|p2|Johnboge|170|1043\n|teamsize|p1|6\n|teamsize|p2|6\n|gen|9\n|tier|[Gen 9] VGC 2023 Regulation E\n|rated|\n|rule|Species Clause: Limit one of each Pok\u00e9mon\n|rule|Item Clause: Limit one of each item\n|clearpoke\n|poke|p1|Golem-Alola, L50, M|\n|poke|p1|Rabsca, L50, M|\n|poke|p1|Dondozo, L50, M|\n|poke|p1|Amoonguss, L50, M|\n|poke|p1|Iron Hands, L50|\n|poke|p1|Arcanine-Hisui, L50, M|\n|poke|p2|Indeedee-F, L50, F|\n|poke|p2|Armarouge, L50, M|\n|poke|p2|Gholdengo, L50|\n|poke|p2|Tyranitar, L50, F|\n|poke|p2|Lycanroc, L50, F|\n|poke|p2|Maushold-Four, L50|\n|teampreview|4\n|\n|t:|1699978066\n|start\n|switch|p1a: Golem|Golem-Alola, L50, M, shiny|100\/100\n|switch|p1b: Rabsca|Rabsca, L50, M|100\/100\n|switch|p2a: Maushold|Maushold-Four, L50|100\/100\n|switch|p2b: Armarouge|Armarouge, L50, M|100\/100\n|turn|1\n|\n|t:|1699978081\n|-terastallize|p2b: Armarouge|Psychic\n|move|p1a: Golem|Wide Guard|p1a: Golem\n|-singleturn|p1a: Golem|Wide Guard\n|move|p2a: Maushold|U-turn|p2b: Armarouge\n|-supereffective|p2b: Armarouge\n|-damage|p2b: Armarouge|75\/100\n|-ability|p2b: Armarouge|Weak Armor|boost\n|-unboost|p2b: Armarouge|def|1\n|-boost|p2b: Armarouge|spe|2\n|-enditem|p2b: Armarouge|Weakness Policy\n|-boost|p2b: Armarouge|atk|2|[from] item: Weakness Policy\n|-boost|p2b: Armarouge|spa|2|[from] item: Weakness Policy\n|\n|t:|1699978093\n|switch|p2a: Gholdengo|Gholdengo, L50|100\/100|[from] U-turn\n|-item|p2a: Gholdengo|Air Balloon\n|move|p2b: Armarouge|Expanding Force|p1b: Rabsca\n|-resisted|p1b: Rabsca\n|-damage|p1b: Rabsca|44\/100\n|move|p1b: Rabsca|Trick Room|p1b: Rabsca\n|-fieldstart|move: Trick Room|[of] p1b: Rabsca\n|\n|upkeep\n|turn|2\n|inactive|Battle timer is ON: inactive players will automatically lose when time's up. (requested by HaZZaLaDDa)\n|inactive|Johnboge has 60 seconds left.\n|inactive|Johnboge has 30 seconds left.\n|inactive|Johnboge has 20 seconds left.\n|inactive|Johnboge has 15 seconds left.\n|inactive|Johnboge has 10 seconds left.\n|inactive|Johnboge has 5 seconds left.\n|\n|t:|1699978223\n|move|p1a: Golem|Explosion|p2b: Armarouge|[spread] p2a,p2b\n|-activate|p1b: Rabsca|ability: Telepathy\n|-crit|p2b: Armarouge\n|-damage|p2a: Gholdengo|0 fnt\n|-damage|p2b: Armarouge|0 fnt\n|-enditem|p2a: Gholdengo|Air Balloon\n|faint|p1a: Golem\n|faint|p2a: Gholdengo\n|faint|p2b: Armarouge\n|move|p1b: Rabsca|Revival Blessing|p1b: Rabsca\n|-enditem|p1b: Rabsca|Leppa Berry|[eat]\n|-activate|p1b: Rabsca|item: Leppa Berry|Revival Blessing|[consumed]\n|\n|t:|1699978232\n|-heal|p1: Golem|50\/100|[from] move: Revival Blessing\n|switch|p1a: Golem|Golem-Alola, L50, M, shiny|50\/100\n|\n|upkeep\n|inactive|Johnboge has 30 seconds left.\n|inactive|Johnboge has 20 seconds left.\n|inactive|Johnboge has 15 seconds left.\n|inactive|Johnboge has 10 seconds left.\n|inactive|Johnboge has 5 seconds left.\n|\n|t:|1699978287\n|switch|p2b: Maushold|Maushold-Four, L50|100\/100\n|switch|p2a: Indeedee|Indeedee-F, L50, F|100\/100\n|-fieldstart|move: Psychic Terrain|[from] ability: Psychic Surge|[of] p2a: Indeedee\n|turn|3\n|inactive|Johnboge has 30 seconds left.\n|c|\u2606HaZZaLaDDa|ITS GAME TIMEEEEEEEEE\n|inactive|Johnboge has 20 seconds left.\n|inactive|Johnboge has 15 seconds left.\n|inactive|Johnboge has 10 seconds left.\n|inactive|Johnboge has 5 seconds left.\n|\n|t:|1699978342\n|-terastallize|p1a: Golem|Electric\n|move|p2b: Maushold|Protect|p2b: Maushold\n|-singleturn|p2b: Maushold|Protect\n|move|p2a: Indeedee|Follow Me|p2a: Indeedee\n|-singleturn|p2a: Indeedee|move: Follow Me\n|move|p1a: Golem|Explosion|p2a: Indeedee|[spread] p2a\n|-activate|p2b: Maushold|move: Protect\n|-activate|p1b: Rabsca|ability: Telepathy\n|-damage|p2a: Indeedee|0 fnt\n|faint|p1a: Golem\n|faint|p2a: Indeedee\n|move|p1b: Rabsca|Revival Blessing|p1b: Rabsca\n|\n|t:|1699978354\n|-heal|p1: Golem|50\/100|[from] move: Revival Blessing\n|\n|upkeep\n|switch|p1a: Golem|Golem-Alola, L50, M, shiny|50\/100\n|turn|4\n|c|\u2606HaZZaLaDDa|ROUNDDDDDDDDDDD 3333333333333333333333333333333333333333333333333\n|inactive|Johnboge has 30 seconds left.\n|inactive|Johnboge has 20 seconds left.\n|inactive|Johnboge has 15 seconds left.\n|inactive|Johnboge has 10 seconds left.\n|inactive|Johnboge has 5 seconds left.\n|\n|t:|1699978409\n|move|p2b: Maushold|Protect|p2b: Maushold\n|-singleturn|p2b: Maushold|Protect\n|move|p1a: Golem|Explosion|p2b: Maushold|[spread] \n|-activate|p2b: Maushold|move: Protect\n|-activate|p1b: Rabsca|ability: Telepathy\n|faint|p1a: Golem\n|move|p1b: Rabsca|Energy Ball|p2b: Maushold\n|-activate|p2b: Maushold|move: Protect\n|\n|upkeep\n|c|\u2606HaZZaLaDDa|nooooooooooooooooooooooooooooooooooooooooooooooooooooooooooooooo\n|\n|t:|1699978424\n|switch|p1a: Iron Hands|Iron Hands, L50|100\/100\n|turn|5\n|inactive|Johnboge has 30 seconds left.\n|c|\u2606HaZZaLaDDa|my baby :(\n|c|\u2606HaZZaLaDDa|hes dead\n|inactive|Johnboge has 20 seconds left.\n|c|\u2606HaZZaLaDDa|might ff\n|inactive|Johnboge has 15 seconds left.\n|inactive|Johnboge has 10 seconds left.\n|c|\u2606HaZZaLaDDa|gg x9 golem\n|inactive|Johnboge has 5 seconds left.\n|c|\u2606HaZZaLaDDa|rep\n|\n|t:|1699978479\n|move|p2b: Maushold|Protect||[still]\n|-fail|p2b: Maushold\n|move|p1b: Rabsca|Energy Ball|p2b: Maushold\n|-damage|p2b: Maushold|64\/100\n|move|p1a: Iron Hands|Drain Punch|p2b: Maushold\n|-supereffective|p2b: Maushold\n|-damage|p2b: Maushold|0 fnt\n|faint|p2b: Maushold\n|\n|win|HaZZaLaDDa\n|raw|HaZZaLaDDa's rating: 1030 &rarr; <strong>1067<\/strong><br \/>(+37 for winning)\n|raw|Johnboge's rating: 1043 &rarr; <strong>1026<\/strong><br \/>(-17 for losing)\n|c|\u2606HaZZaLaDDa|sup def\n","uploadtime":1699978493,"views":10,"p1id":"hazzaladda","p2id":"johnboge","formatid":"gen9vgc2023regulatione","rating":1026,"private":0,"password":""}