{"id":"gen9vgc2023regulatione-1993534955","p1":"tomcheung22","p2":"bobforte22","format":"[Gen 9] VGC 2023 Regulation E","log":"|j|\u2606tomcheung22\n|j|\u2606bobforte22\n|n|\u2606tomcheung22|tomcheung22\n|n|\u2606bobforte22|bobforte22\n|html|View the match progress at <a href=\"\/game-bestof3-gen9vgc2023regulatione-1993532700\">game-bestof3-gen9vgc2023regulatione-1993532700<\/a>\n|t:|1700329056\n|gametype|doubles\n|player|p1|tomcheung22|lady-gen4|\n|player|p2|bobforte22|pilot|\n|teamsize|p1|6\n|teamsize|p2|6\n|gen|9\n|tier|[Gen 9] VGC 2023 Regulation E\n|rated|Tournament battle\n|rule|Species Clause: Limit one of each Pok\u00e9mon\n|rule|Item Clause: Limit one of each item\n|clearpoke\n|poke|p1|Armarouge, L50, F|\n|poke|p1|Indeedee-F, L50, F|\n|poke|p1|Iron Hands, L50|\n|poke|p1|Ogerpon, L50, F|\n|poke|p1|Flutter Mane, L50|\n|poke|p1|Chien-Pao, L50|\n|poke|p2|Kingambit, L50, F|\n|poke|p2|Glaceon, L50, F|\n|poke|p2|Mimikyu, L50, M|\n|poke|p2|Rillaboom, L50, M|\n|poke|p2|Landorus-Therian, L50, M|\n|poke|p2|Volcarona, L50, M|\n|teampreview|4\n|showteam|p1|Armarouge||MindPlate|FlashFire|ExpandingForce,ArmorCannon,TrickRoom,WideGuard|||F|||50|,,,,,Psychic]Indeedee-F||PsychicSeed|PsychicSurge|DazzlingGleam,HelpingHand,FollowMe,TrickRoom|||F|||50|,,,,,Grass]Iron Hands||ClearAmulet|QuarkDrive|WildCharge,DrainPunch,HeavySlam,FakeOut||||||50|,,,,,Water]Ogerpon||RazorClaw|Defiant|IvyCudgel,StompingTantrum,Substitute,SpikyShield|||F|||50|,,,,,Grass]Flutter Mane||BoosterEnergy|Protosynthesis|Moonblast,ShadowBall,IcyWind,Protect||||||50|,,,,,Fairy]Chien-Pao||FocusSash|SwordofRuin|IcicleCrash,LashOut,TeraBlast,Protect||||||50|,,,,,Fairy\n|showteam|p2|Kingambit||AssaultVest|Defiant|SuckerPunch,KowtowCleave,PoisonJab,GrassKnot|||F|||50|,,,,,Poison]Glaceon||ChoiceSpecs|SnowCloak|Blizzard,FreezeDry,IcyWind,ShadowBall|||F|||50|,,,,,Ground]Mimikyu||LifeOrb|Disguise|SwordsDance,Protect,PlayRough,ShadowClaw|||M|||50|,,,,,Fire]Rillaboom||RockyHelmet|GrassySurge|FakeOut,Protect,StompingTantrum,GrassyGlide|||M|||50|,,,,,Fire]Landorus-Therian||ChoiceScarf|Intimidate|StompingTantrum,RockSlide,TeraBlast,Crunch|||M|||50|,,,,,Fairy]Volcarona||Leftovers|FlameBody|Protect,RagePowder,FieryDance,GigaDrain|||M|||50|,,,,,Water\n|\n|t:|1700329080\n|start\n|switch|p1a: Chien-Pao|Chien-Pao, L50|100\/100\n|switch|p1b: Ogerpon|Ogerpon, L50, F|100\/100\n|switch|p2a: Glaceon|Glaceon, L50, F, shiny|100\/100\n|switch|p2b: Rillaboom|Rillaboom, L50, M|100\/100\n|-ability|p1a: Chien-Pao|Sword of Ruin\n|-fieldstart|move: Grassy Terrain|[from] ability: Grassy Surge|[of] p2b: Rillaboom\n|turn|1\n|inactive|Battle timer is ON: inactive players will automatically lose when time's up. (requested by bobforte22)\n|inactive|bobforte22 has 60 seconds left.\n|\n|t:|1700329111\n|move|p1a: Chien-Pao|Protect|p1a: Chien-Pao\n|-singleturn|p1a: Chien-Pao|Protect\n|move|p1b: Ogerpon|Spiky Shield|p1b: Ogerpon\n|-singleturn|p1b: Ogerpon|move: Protect\n|move|p2b: Rillaboom|Fake Out|p1a: Chien-Pao\n|-activate|p1a: Chien-Pao|move: Protect\n|move|p2a: Glaceon|Blizzard|p1b: Ogerpon|[spread] \n|-activate|p1a: Chien-Pao|move: Protect\n|-activate|p1b: Ogerpon|move: Protect\n|\n|upkeep\n|turn|2\n|\n|t:|1700329133\n|-terastallize|p2b: Rillaboom|Fire\n|move|p2b: Rillaboom|Grassy Glide|p1a: Chien-Pao\n|-damage|p1a: Chien-Pao|50\/100\n|move|p1a: Chien-Pao|Lash Out|p2a: Glaceon\n|-damage|p2a: Glaceon|52\/100\n|move|p1b: Ogerpon|Ivy Cudgel|p2a: Glaceon\n|-crit|p2a: Glaceon\n|-damage|p2a: Glaceon|0 fnt\n|faint|p2a: Glaceon\n|\n|-heal|p1a: Chien-Pao|56\/100|[from] Grassy Terrain\n|upkeep\n|\n|t:|1700329149\n|switch|p2a: Kingambit|Kingambit, L50, F|100\/100\n|turn|3\n|\n|t:|1700329158\n|-terastallize|p1b: Ogerpon|Grass\n|detailschange|p1b: Ogerpon|Ogerpon-Teal-Tera, L50, F, tera:Grass\n|-ability|p1b: Ogerpon|Embody Aspect (Teal)|boost\n|-boost|p1b: Ogerpon|spe|1\n|move|p2b: Rillaboom|Grassy Glide|p1a: Chien-Pao\n|-damage|p1a: Chien-Pao|5\/100\n|move|p1b: Ogerpon|Ivy Cudgel|p2a: Kingambit\n|-resisted|p2a: Kingambit\n|-crit|p2a: Kingambit\n|-damage|p2a: Kingambit|32\/100\n|move|p1a: Chien-Pao|Icicle Crash|p2a: Kingambit|[miss]\n|-miss|p1a: Chien-Pao|p2a: Kingambit\n|move|p2a: Kingambit|Poison Jab|p1b: Ogerpon\n|-supereffective|p1b: Ogerpon\n|-damage|p1b: Ogerpon|0 fnt\n|faint|p1b: Ogerpon\n|\n|-heal|p1a: Chien-Pao|11\/100|[from] Grassy Terrain\n|-heal|p2a: Kingambit|38\/100|[from] Grassy Terrain\n|upkeep\n|\n|t:|1700329183\n|switch|p1b: Flutter Mane|Flutter Mane, L50|100\/100\n|-enditem|p1b: Flutter Mane|Booster Energy\n|-activate|p1b: Flutter Mane|ability: Protosynthesis|[fromitem]\n|-start|p1b: Flutter Mane|protosynthesisspe\n|turn|4\n|\n|t:|1700329193\n|move|p1a: Chien-Pao|Protect|p1a: Chien-Pao\n|-singleturn|p1a: Chien-Pao|Protect\n|move|p2b: Rillaboom|Grassy Glide|p1a: Chien-Pao\n|-activate|p1a: Chien-Pao|move: Protect\n|move|p2a: Kingambit|Sucker Punch|p1b: Flutter Mane\n|-damage|p1b: Flutter Mane|0 fnt\n|faint|p1b: Flutter Mane\n|-end|p1b: Flutter Mane|Protosynthesis|[silent]\n|\n|-heal|p1a: Chien-Pao|17\/100|[from] Grassy Terrain\n|-heal|p2a: Kingambit|44\/100|[from] Grassy Terrain\n|upkeep\n|\n|t:|1700329205\n|switch|p1b: Iron Hands|Iron Hands, L50|100\/100\n|turn|5\n|\n|t:|1700329217\n|switch|p2b: Mimikyu|Mimikyu, L50, M, shiny|100\/100\n|move|p2a: Kingambit|Sucker Punch|p1a: Chien-Pao\n|-resisted|p1a: Chien-Pao\n|-damage|p1a: Chien-Pao|0 fnt\n|faint|p1a: Chien-Pao\n|move|p1b: Iron Hands|Drain Punch|p2a: Kingambit\n|-supereffective|p2a: Kingambit\n|-damage|p2a: Kingambit|0 fnt\n|faint|p2a: Kingambit\n|\n|-fieldend|move: Grassy Terrain\n|upkeep\n|\n|t:|1700329225\n|switch|p2a: Rillaboom|Rillaboom, L50, M, tera:Fire|100\/100\n|-fieldstart|move: Grassy Terrain|[from] ability: Grassy Surge|[of] p2a: Rillaboom\n|turn|6\n|j| Flarefox_7\n|\n|t:|1700329232\n|move|p2a: Rillaboom|Fake Out|p1b: Iron Hands\n|-damage|p1b: Iron Hands|89\/100\n|move|p2b: Mimikyu|Play Rough|p1b: Iron Hands\n|-supereffective|p1b: Iron Hands\n|-damage|p1b: Iron Hands|32\/100\n|-damage|p2b: Mimikyu|91\/100|[from] item: Life Orb\n|cant|p1b: Iron Hands|flinch\n|\n|-heal|p2b: Mimikyu|97\/100|[from] Grassy Terrain\n|-heal|p1b: Iron Hands|38\/100|[from] Grassy Terrain\n|upkeep\n|turn|7\n|-message|tomcheung22 forfeited.\n|\n|win|bobforte22\n|c|&|\/uhtml prompt-tomcheung22,tomcheung22 is ready for game 3!\n|inactive|bobforte22 has 50 seconds to confirm battle start!\n","uploadtime":1700329248,"views":7,"p1id":"tomcheung22","p2id":"bobforte22","formatid":"gen9vgc2023regulatione","rating":0,"private":0,"password":""}