{"id":"gen9vgc2023regulatione-1993119151","p1":"Froggerman225","p2":"TheblackGotenks","format":"[Gen 9] VGC 2023 Regulation E","log":"|j|\u2606Froggerman225\n|j|\u2606TheblackGotenks\n|t:|1700267012\n|gametype|doubles\n|player|p1|Froggerman225|veteran|\n|player|p2|TheblackGotenks|ghetsis-gen5bw|\n|teamsize|p1|6\n|teamsize|p2|6\n|gen|9\n|tier|[Gen 9] VGC 2023 Regulation E\n|rule|Species Clause: Limit one of each Pok\u00e9mon\n|rule|Item Clause: Limit one of each item\n|clearpoke\n|poke|p1|Goodra-Hisui, L50, M|\n|poke|p1|Conkeldurr, L50, F|\n|poke|p1|Thundurus-Therian, L50, M|\n|poke|p1|Sinistcha, L50|\n|poke|p1|Palafin, L50, M|\n|poke|p1|Clefable, L50, M|\n|poke|p2|Volcarona, L50, F|\n|poke|p2|Clefairy, L50, F|\n|poke|p2|Ting-Lu, L50|\n|poke|p2|Mienshao, L50, F|\n|poke|p2|Thundurus, L50, M|\n|poke|p2|Azumarill, L50, M|\n|teampreview|4\n|inactive|Battle timer is ON: inactive players will automatically lose when time's up. (requested by Froggerman225)\n|c|\u2606TheblackGotenks|Glhf\n|inactive|Froggerman225 has 60 seconds left.\n|inactive|TheblackGotenks has 60 seconds left.\n|inactiveoff|Battle timer is now OFF.\n|c|\u2606Froggerman225|We have to start three battles total before we do anything on any of them\n|c|\u2606TheblackGotenks|Oh gotcha\n|l|\u2606Froggerman225\n|player|p1|\n|j|\u2606Froggerman225\n|player|p1|Froggerman225|veteran\n|inactive|Battle timer is ON: inactive players will automatically lose when time's up. (requested by Froggerman225)\n|inactiveoff|Battle timer is now OFF.\n|l|\u2606TheblackGotenks\n|player|p2|\n|j|\u2606TheblackGotenks\n|player|p2|TheblackGotenks|ghetsis-gen5bw\n|c|\u2606Froggerman225|Challenge me a 3rd time\n|c|\u2606Froggerman225|Also i need you to post the live links\n|\n|t:|1700267239\n|start\n|switch|p1a: Palafin|Palafin, L50, M|100\/100\n|switch|p1b: Thundurus|Thundurus-Therian, L50, M|100\/100\n|switch|p2a: Volcarona|Volcarona, L50, F|100\/100\n|switch|p2b: Clefairy|Clefairy, L50, F|100\/100\n|turn|1\n|l|\u2606TheblackGotenks\n|player|p2|\n|l|\u2606Froggerman225\n|player|p1|\n|j|\u2606Froggerman225\n|player|p1|Froggerman225|veteran\n|c|\u2606Froggerman225|Are you not going to play\n|j|\u2606TheblackGotenks\n|player|p2|TheblackGotenks|ghetsis-gen5bw\n|c|\u2606TheblackGotenks|Hold up\n|l|\u2606TheblackGotenks\n|player|p2|\n|j|\u2606TheblackGotenks\n|player|p2|TheblackGotenks|ghetsis-gen5bw\n|c|\u2606TheblackGotenks|Ight there we go\n|\n|t:|1700267446\n|move|p2b: Clefairy|Follow Me|p2b: Clefairy\n|-singleturn|p2b: Clefairy|move: Follow Me\n|move|p1b: Thundurus|Volt Switch|p2b: Clefairy\n|-damage|p2b: Clefairy|60\/100\n|\n|t:|1700267454\n|switch|p1b: Goodra|Goodra-Hisui, L50, M|100\/100|[from] Volt Switch\n|move|p1a: Palafin|Flip Turn|p2b: Clefairy\n|-damage|p2b: Clefairy|39\/100\n|\n|t:|1700267457\n|detailschange|p1a: Palafin|Palafin-Hero, L50, M\n|switch|p1a: Thundurus|Thundurus-Therian, L50, M|100\/100|[from] Flip Turn\n|move|p2a: Volcarona|Quiver Dance|p2a: Volcarona\n|-boost|p2a: Volcarona|spa|1\n|-boost|p2a: Volcarona|spd|1\n|-boost|p2a: Volcarona|spe|1\n|\n|upkeep\n|turn|2\n|\n|t:|1700267471\n|move|p2b: Clefairy|Protect|p2b: Clefairy\n|-singleturn|p2b: Clefairy|Protect\n|move|p1a: Thundurus|Volt Switch|p2a: Volcarona\n|-damage|p2a: Volcarona|82\/100\n|\n|t:|1700267478\n|switch|p1a: Palafin|Palafin-Hero, L50, M|100\/100|[from] Volt Switch\n|-activate|p1a: Palafin|ability: Zero to Hero\n|move|p2a: Volcarona|Quiver Dance|p2a: Volcarona\n|-boost|p2a: Volcarona|spa|1\n|-boost|p2a: Volcarona|spd|1\n|-boost|p2a: Volcarona|spe|1\n|move|p1b: Goodra|Surf|p2a: Volcarona|[spread] p1a,p2a\n|-activate|p2b: Clefairy|move: Protect\n|-resisted|p1a: Palafin\n|-supereffective|p2a: Volcarona\n|-damage|p1a: Palafin|88\/100\n|-damage|p2a: Volcarona|66\/100\n|\n|-heal|p2a: Volcarona|72\/100|[from] item: Leftovers\n|upkeep\n|turn|3\n|\n|t:|1700267514\n|move|p2b: Clefairy|Follow Me|p2b: Clefairy\n|-singleturn|p2b: Clefairy|move: Follow Me\n|move|p1a: Palafin|Aqua Jet|p2b: Clefairy\n|-damage|p2b: Clefairy|19\/100\n|move|p2a: Volcarona|Giga Drain|p1a: Palafin\n|-supereffective|p1a: Palafin\n|-damage|p1a: Palafin|0 fnt\n|-heal|p2a: Volcarona|100\/100|[from] drain|[of] p1a: Palafin\n|faint|p1a: Palafin\n|move|p1b: Goodra|Flash Cannon|p2b: Clefairy\n|-supereffective|p2b: Clefairy\n|-crit|p2b: Clefairy\n|-damage|p2b: Clefairy|0 fnt\n|faint|p2b: Clefairy\n|\n|upkeep\n|\n|t:|1700267526\n|switch|p1a: Sinistcha|Sinistcha, L50|100\/100\n|switch|p2b: Thundurus|Thundurus, L50, M|100\/100\n|turn|4\n|\n|t:|1700267555\n|move|p2b: Thundurus|Taunt|p1a: Sinistcha\n|-start|p1a: Sinistcha|move: Taunt\n|move|p2a: Volcarona|Heat Wave|p1a: Sinistcha|[spread] p1a,p1b\n|-supereffective|p1a: Sinistcha\n|-damage|p1a: Sinistcha|0 fnt\n|-damage|p1b: Goodra|69\/100\n|faint|p1a: Sinistcha\n|move|p1b: Goodra|Ice Beam|p2b: Thundurus\n|-supereffective|p2b: Thundurus\n|-damage|p2b: Thundurus|10\/100\n|-enditem|p2b: Thundurus|Sitrus Berry|[eat]\n|-heal|p2b: Thundurus|34\/100|[from] item: Sitrus Berry\n|\n|upkeep\n|\n|t:|1700267561\n|switch|p1a: Thundurus|Thundurus-Therian, L50, M|100\/100\n|turn|5\n|\n|t:|1700267570\n|move|p2b: Thundurus|Eerie Impulse|p1b: Goodra\n|-unboost|p1b: Goodra|spa|2\n|move|p2a: Volcarona|Heat Wave|p1a: Thundurus|[spread] p1a,p1b\n|-damage|p1a: Thundurus|0 fnt\n|-damage|p1b: Goodra|34\/100\n|faint|p1a: Thundurus\n|move|p1b: Goodra|Surf|p2b: Thundurus|[spread] p2a,p2b\n|-supereffective|p2a: Volcarona\n|-damage|p2a: Volcarona|88\/100\n|-damage|p2b: Thundurus|19\/100\n|\n|-heal|p2a: Volcarona|94\/100|[from] item: Leftovers\n|upkeep\n|turn|6\n|\n|t:|1700267581\n|move|p2a: Volcarona|Heat Wave|p1b: Goodra\n|-damage|p1b: Goodra|0 fnt\n|faint|p1b: Goodra\n|\n|win|TheblackGotenks\n|j| Beauty Devon\n","uploadtime":1700267879,"views":11,"p1id":"froggerman225","p2id":"theblackgotenks","formatid":"gen9vgc2023regulatione","rating":0,"private":0,"password":""}