{"id":"gen9vgc2023regulatione-1995466779","p1":"Pallante5","p2":"werejustnormalmen","format":"[Gen 9] VGC 2023 Regulation E","log":"|j|\u2606Pallante5\n|j|\u2606werejustnormalmen\n|t:|1700574032\n|gametype|doubles\n|player|p1|Pallante5|101|1321\n|player|p2|werejustnormalmen|linebacker|1349\n|teamsize|p1|6\n|teamsize|p2|6\n|gen|9\n|tier|[Gen 9] VGC 2023 Regulation E\n|rated|\n|rule|Species Clause: Limit one of each Pok\u00e9mon\n|rule|Item Clause: Limit one of each item\n|clearpoke\n|poke|p1|Tornadus, L50, M|\n|poke|p1|Gholdengo, L50|\n|poke|p1|Regidrago, L50|\n|poke|p1|Rillaboom, L50, F|\n|poke|p1|Urshifu-*, L50, F|\n|poke|p1|Ogerpon-Hearthflame, L50, F|\n|poke|p2|Arcanine-Hisui, L50, M|\n|poke|p2|Urshifu-*, L50, F|\n|poke|p2|Amoonguss, L50, M|\n|poke|p2|Flutter Mane, L50|\n|poke|p2|Roaring Moon, L50|\n|poke|p2|Iron Hands, L50|\n|teampreview|4\nPallante5 has agreed to open team sheets.\nwerejustnormalmen has agreed to open team sheets.\n|\n|t:|1700574096\n|start\n|switch|p1a: Rillaboom|Rillaboom, L50, F|100\/100\n|switch|p1b: Regidrago|Regidrago, L50|100\/100\n|switch|p2a: Iron Hands|Iron Hands, L50|100\/100\n|switch|p2b: Flutter Mane|Flutter Mane, L50|100\/100\n|-fieldstart|move: Grassy Terrain|[from] ability: Grassy Surge|[of] p1a: Rillaboom\n|turn|1\n|\n|t:|1700574140\n|switch|p1b: Gholdengo|Gholdengo, L50|100\/100\n|-terastallize|p2b: Flutter Mane|Fairy\n|move|p2a: Iron Hands|Fake Out|p1a: Rillaboom\n|-damage|p1a: Rillaboom|86\/100\n|move|p2b: Flutter Mane|Dazzling Gleam|p1a: Rillaboom|[spread] p1a,p1b\n|-resisted|p1b: Gholdengo\n|-damage|p1a: Rillaboom|42\/100\n|-damage|p1b: Gholdengo|73\/100\n|cant|p1a: Rillaboom|flinch\n|\n|-heal|p1b: Gholdengo|79\/100|[from] Grassy Terrain\n|-heal|p1a: Rillaboom|48\/100|[from] Grassy Terrain\n|upkeep\n|turn|2\n|\n|t:|1700574176\n|-end|p2b: Flutter Mane|Protosynthesis|[silent]\n|switch|p2b: Amoonguss|Amoonguss, L50, M|100\/100\n|move|p1b: Gholdengo|Make It Rain|p2b: Amoonguss|[spread] p2a,p2b\n|-resisted|p2a: Iron Hands\n|-damage|p2a: Iron Hands|83\/100\n|-damage|p2b: Amoonguss|37\/100\n|-unboost|p1b: Gholdengo|spa|1\n|-enditem|p2b: Amoonguss|Sitrus Berry|[eat]\n|-heal|p2b: Amoonguss|62\/100|[from] item: Sitrus Berry\n|move|p1a: Rillaboom|High Horsepower|p2a: Iron Hands\n|-supereffective|p2a: Iron Hands\n|-damage|p2a: Iron Hands|38\/100\n|move|p2a: Iron Hands|Drain Punch|p1a: Rillaboom\n|-damage|p1a: Rillaboom|7\/100\n|-heal|p2a: Iron Hands|56\/100|[from] drain|[of] p1a: Rillaboom\n|\n|-heal|p1b: Gholdengo|85\/100|[from] Grassy Terrain\n|-heal|p1a: Rillaboom|13\/100|[from] Grassy Terrain\n|-heal|p2a: Iron Hands|61\/100|[from] Grassy Terrain\n|-heal|p2b: Amoonguss|68\/100|[from] Grassy Terrain\n|upkeep\n|turn|3\n|\n|t:|1700574212\n|switch|p1a: Tornadus|Tornadus, L50, M|100\/100\n|move|p1b: Gholdengo|Make It Rain|p2b: Amoonguss|[spread] p2a,p2b\n|-resisted|p2a: Iron Hands\n|-damage|p2a: Iron Hands|50\/100\n|-damage|p2b: Amoonguss|26\/100\n|-unboost|p1b: Gholdengo|spa|1\n|move|p2a: Iron Hands|Wild Charge|p1b: Gholdengo\n|-damage|p1b: Gholdengo|37\/100\n|-damage|p2a: Iron Hands|40\/100|[from] Recoil\n|move|p2b: Amoonguss|Clear Smog|p1a: Tornadus\n|-damage|p1a: Tornadus|79\/100\n|-clearboost|p1a: Tornadus\n|\n|-heal|p1b: Gholdengo|43\/100|[from] Grassy Terrain\n|-heal|p2a: Iron Hands|46\/100|[from] Grassy Terrain\n|-heal|p2b: Amoonguss|32\/100|[from] Grassy Terrain\n|upkeep\n|turn|4\n|\n|t:|1700574241\n|switch|p2b: Arcanine|Arcanine-Hisui, L50, M|100\/100\n|-ability|p2b: Arcanine|Intimidate|boost\n|-unboost|p1a: Tornadus|atk|1\n|-unboost|p1b: Gholdengo|atk|1\n|move|p1a: Tornadus|Bleakwind Storm|p2b: Arcanine|[spread] p2b\n|-miss|p1a: Tornadus|p2a: Iron Hands\n|-resisted|p2b: Arcanine\n|-damage|p2b: Arcanine|80\/100\n|-unboost|p2b: Arcanine|spe|1\n|move|p1b: Gholdengo|Make It Rain|p2b: Arcanine|[spread] p2a,p2b\n|-resisted|p2a: Iron Hands\n|-damage|p2a: Iron Hands|37\/100\n|-damage|p2b: Arcanine|41\/100\n|-unboost|p1b: Gholdengo|spa|1\n|move|p2a: Iron Hands|Wild Charge|p1a: Tornadus\n|-supereffective|p1a: Tornadus\n|-damage|p1a: Tornadus|0 fnt\n|faint|p1a: Tornadus\n|-damage|p2a: Iron Hands|25\/100|[from] Recoil\n|\n|-heal|p1b: Gholdengo|49\/100|[from] Grassy Terrain\n|-heal|p2b: Arcanine|47\/100|[from] Grassy Terrain\n|-heal|p2a: Iron Hands|31\/100|[from] Grassy Terrain\n|upkeep\n|\n|t:|1700574275\n|switch|p1a: Regidrago|Regidrago, L50|100\/100\n|turn|5\n|\n|t:|1700574314\n|-end|p2a: Iron Hands|Quark Drive|[silent]\n|switch|p2a: Flutter Mane|Flutter Mane, L50, tera:Fairy|100\/100\n|-terastallize|p1a: Regidrago|Ghost\n|move|p2b: Arcanine|Extreme Speed|p1a: Regidrago\n|-immune|p1a: Regidrago\n|move|p1a: Regidrago|Dragon Energy|p2b: Arcanine|[spread] p2b\n|-immune|p2a: Flutter Mane\n|-damage|p2b: Arcanine|0 fnt\n|faint|p2b: Arcanine\n|move|p1b: Gholdengo|Make It Rain|p2a: Flutter Mane\n|-supereffective|p2a: Flutter Mane\n|-damage|p2a: Flutter Mane|42\/100\n|-unboost|p1b: Gholdengo|spa|1\n|\n|-heal|p2a: Flutter Mane|47\/100|[from] Grassy Terrain\n|-heal|p1b: Gholdengo|55\/100|[from] Grassy Terrain\n|-fieldend|move: Grassy Terrain\n|upkeep\n|\n|t:|1700574337\n|switch|p2b: Amoonguss|Amoonguss, L50, M|65\/100\n|turn|6\n|\n|t:|1700574370\n|move|p1a: Regidrago|Protect|p1a: Regidrago\n|-singleturn|p1a: Regidrago|Protect\n|move|p2b: Amoonguss|Protect|p2b: Amoonguss\n|-singleturn|p2b: Amoonguss|Protect\n|move|p2a: Flutter Mane|Shadow Ball|p1b: Gholdengo\n|-supereffective|p1b: Gholdengo\n|-damage|p1b: Gholdengo|0 fnt\n|faint|p1b: Gholdengo\n|\n|upkeep\n|\n|t:|1700574381\n|switch|p1b: Rillaboom|Rillaboom, L50, F|13\/100\n|-fieldstart|move: Grassy Terrain|[from] ability: Grassy Surge|[of] p1b: Rillaboom\n|turn|7\n|\n|t:|1700574399\n|-end|p2a: Flutter Mane|Protosynthesis|[silent]\n|switch|p2a: Iron Hands|Iron Hands, L50|31\/100\n|move|p1b: Rillaboom|Grassy Glide|p2a: Iron Hands\n|-damage|p2a: Iron Hands|7\/100\n|move|p1a: Regidrago|Dragon Energy|p2b: Amoonguss|[spread] p2a,p2b\n|-damage|p2a: Iron Hands|0 fnt\n|-damage|p2b: Amoonguss|0 fnt\n|faint|p2a: Iron Hands\n|-end|p2a: Iron Hands|Quark Drive|[silent]\n|faint|p2b: Amoonguss\n|\n|-heal|p1b: Rillaboom|19\/100|[from] Grassy Terrain\n|upkeep\n|\n|t:|1700574411\n|switch|p2b: Flutter Mane|Flutter Mane, L50, tera:Fairy|47\/100\n|turn|8\n|\n|t:|1700574419\n|move|p1a: Regidrago|Protect|p1a: Regidrago\n|-singleturn|p1a: Regidrago|Protect\n|move|p1b: Rillaboom|Grassy Glide|p2b: Flutter Mane\n|-damage|p2b: Flutter Mane|0 fnt\n|faint|p2b: Flutter Mane\n|-end|p2b: Flutter Mane|Protosynthesis|[silent]\n|\n|win|Pallante5\n|raw|Pallante5's rating: 1321 &rarr; <strong>1343<\/strong><br \/>(+22 for winning)\n|raw|werejustnormalmen's rating: 1349 &rarr; <strong>1327<\/strong><br \/>(-22 for losing)\n|l|\u2606werejustnormalmen\n","uploadtime":1700574728,"views":17,"p1id":"pallante5","p2id":"werejustnormalmen","formatid":"gen9vgc2023regulatione","rating":1327,"private":0,"password":""}