{"id":"gen9vgc2023regulatione-1996320515","p1":"wu1fan","p2":"TheRealHitchhiker","format":"[Gen 9] VGC 2023 Regulation E","log":"|j|\u2606wu1fan\n|j|\u2606TheRealHitchhiker\n|t:|1700670864\n|gametype|doubles\n|player|p1|wu1fan|102|1077\n|player|p2|TheRealHitchhiker|eusine|1121\n|teamsize|p1|6\n|teamsize|p2|6\n|gen|9\n|tier|[Gen 9] VGC 2023 Regulation E\n|rated|\n|rule|Species Clause: Limit one of each Pok\u00e9mon\n|rule|Item Clause: Limit one of each item\n|clearpoke\n|poke|p1|Arcanine-Hisui, L50, F|\n|poke|p1|Baxcalibur, L50, M|\n|poke|p1|Ninetales-Alola, L50, F|\n|poke|p1|Ogerpon-Wellspring, L50, F|\n|poke|p1|Clefairy, L50, F|\n|poke|p1|Flutter Mane, L50|\n|poke|p2|Regieleki, L50|\n|poke|p2|Flutter Mane, L50|\n|poke|p2|Iron Hands, L50|\n|poke|p2|Weezing, L50, M|\n|poke|p2|Kleavor, L50, M|\n|poke|p2|Heatran, L50, F|\n|teampreview|4\n|\n|t:|1700670938\n|start\n|switch|p1a: Clefairy|Clefairy, L50, F|100\/100\n|switch|p1b: Flutter Mane|Flutter Mane, L50|100\/100\n|switch|p2a: Iron Hands|Iron Hands, L50|100\/100\n|switch|p2b: Kleavor|Kleavor, L50, M|100\/100\n|-enditem|p1b: Flutter Mane|Booster Energy\n|-activate|p1b: Flutter Mane|ability: Protosynthesis|[fromitem]\n|-start|p1b: Flutter Mane|protosynthesisspe\n|turn|1\n|\n|t:|1700670960\n|move|p1b: Flutter Mane|Protect|p1b: Flutter Mane\n|-singleturn|p1b: Flutter Mane|Protect\n|move|p1a: Clefairy|Protect|p1a: Clefairy\n|-singleturn|p1a: Clefairy|Protect\n|move|p2a: Iron Hands|Fake Out|p1a: Clefairy\n|-activate|p1a: Clefairy|move: Protect\n|move|p2b: Kleavor|Night Slash|p1b: Flutter Mane\n|-activate|p1b: Flutter Mane|move: Protect\n|\n|upkeep\n|turn|2\n|\n|t:|1700670984\n|-end|p1b: Flutter Mane|Protosynthesis|[silent]\n|switch|p1b: Ogerpon|Ogerpon-Wellspring, L50, F|100\/100\n|switch|p2b: Heatran|Heatran, L50, F|100\/100\n|move|p2a: Iron Hands|Heavy Slam|p1a: Clefairy\n|-supereffective|p1a: Clefairy\n|-damage|p1a: Clefairy|23\/100\n|move|p1a: Clefairy|Encore|p2a: Iron Hands\n|-start|p2a: Iron Hands|Encore\n|\n|upkeep\n|turn|3\n|\n|t:|1700671008\n|move|p1a: Clefairy|Protect|p1a: Clefairy\n|-singleturn|p1a: Clefairy|Protect\n|move|p1b: Ogerpon|Ivy Cudgel|p2b: Heatran|[anim] Ivy Cudgel Water\n|-supereffective|p2b: Heatran\n|-damage|p2b: Heatran|6\/100\n|move|p2b: Heatran|Heat Wave|p1a: Clefairy|[spread] p1b\n|-activate|p1a: Clefairy|move: Protect\n|-damage|p1b: Ogerpon|73\/100\n|move|p2a: Iron Hands|Heavy Slam|p1a: Clefairy\n|-activate|p1a: Clefairy|move: Protect\n|\n|upkeep\n|turn|4\n|\n|t:|1700671033\n|switch|p1a: Arcanine|Arcanine-Hisui, L50, F|100\/100\n|-ability|p1a: Arcanine|Intimidate|boost\n|-unboost|p2a: Iron Hands|atk|1\n|-unboost|p2b: Heatran|atk|1\n|move|p2b: Heatran|Protect|p2b: Heatran\n|-singleturn|p2b: Heatran|Protect\n|move|p1b: Ogerpon|Ivy Cudgel|p2b: Heatran|[anim] Ivy Cudgel Water\n|-activate|p2b: Heatran|move: Protect\n|move|p2a: Iron Hands|Heavy Slam|p1a: Arcanine\n|-damage|p1a: Arcanine|84\/100\n|\n|upkeep\n|turn|5\n|\n|t:|1700671055\n|-end|p2a: Iron Hands|Quark Drive|[silent]\n|switch|p2a: Regieleki|Regieleki, L50|100\/100\n|-terastallize|p1a: Arcanine|Grass\n|move|p1a: Arcanine|Rock Slide|p2b: Heatran|[spread] p2a,p2b\n|-damage|p2a: Regieleki|31\/100\n|-damage|p2b: Heatran|0 fnt\n|faint|p2b: Heatran\n|move|p1b: Ogerpon|Giga Drain|p2a: Regieleki\n|-damage|p2a: Regieleki|0 fnt\n|-heal|p1b: Ogerpon|86\/100|[from] drain|[of] p2a: Regieleki\n|faint|p2a: Regieleki\n|\n|upkeep\n|\n|t:|1700671067\n|switch|p2a: Kleavor|Kleavor, L50, M|100\/100\n|switch|p2b: Iron Hands|Iron Hands, L50|100\/100\n|turn|6\n|\n|t:|1700671079\n|move|p1b: Ogerpon|Spiky Shield|p1b: Ogerpon\n|-singleturn|p1b: Ogerpon|move: Protect\n|move|p2b: Iron Hands|Fake Out|p1a: Arcanine\n|-damage|p1a: Arcanine|63\/100\n|move|p2a: Kleavor|X-Scissor|p1b: Ogerpon\n|-activate|p1b: Ogerpon|move: Protect\n|-damage|p2a: Kleavor|88\/100|[from] Spiky Shield|[of] p1b: Ogerpon\n|cant|p1a: Arcanine|flinch\n|\n|upkeep\n|turn|7\n|\n|t:|1700671098\n|move|p2a: Kleavor|X-Scissor|p1b: Ogerpon\n|-supereffective|p1b: Ogerpon\n|-damage|p1b: Ogerpon|0 fnt\n|faint|p1b: Ogerpon\n|move|p1a: Arcanine|Rock Slide|p2a: Kleavor|[spread] p2a,p2b\n|-supereffective|p2a: Kleavor\n|-resisted|p2b: Iron Hands\n|-damage|p2a: Kleavor|0 fnt\n|-damage|p2b: Iron Hands|87\/100\n|faint|p2a: Kleavor\n|cant|p2b: Iron Hands|flinch\n|\n|upkeep\n|\n|t:|1700671112\n|switch|p1b: Flutter Mane|Flutter Mane, L50|100\/100\n|turn|8\n|inactive|Battle timer is ON: inactive players will automatically lose when time's up. (requested by wu1fan)\n|\n|t:|1700671166\n|switch|p1a: Clefairy|Clefairy, L50, F|23\/100\n|move|p1b: Flutter Mane|Moonblast|p2b: Iron Hands\n|-supereffective|p2b: Iron Hands\n|-damage|p2b: Iron Hands|31\/100\n|move|p2b: Iron Hands|Drain Punch|p1a: Clefairy\n|-resisted|p1a: Clefairy\n|-damage|p1a: Clefairy|3\/100\n|-heal|p2b: Iron Hands|37\/100|[from] drain|[of] p1a: Clefairy\n|\n|upkeep\n|turn|9\n|-message|TheRealHitchhiker forfeited.\n|\n|win|wu1fan\n|raw|wu1fan's rating: 1077 &rarr; <strong>1109<\/strong><br \/>(+32 for winning)\n|raw|TheRealHitchhiker's rating: 1121 &rarr; <strong>1093<\/strong><br \/>(-28 for losing)\n|l|\u2606TheRealHitchhiker\n","uploadtime":1700671185,"views":0,"p1id":"wu1fan","p2id":"therealhitchhiker","formatid":"gen9vgc2023regulatione","rating":1093,"private":0,"password":""}