{"id":"gen9vgc2023regulatione-1992819177","p1":"hysaaron","p2":"nyanfish06","format":"[Gen 9] VGC 2023 Regulation E","log":"|j|\u2606hysaaron\n|j|\u2606nyanfish06\n|t:|1700238196\n|gametype|doubles\n|player|p1|hysaaron|1|1171\n|player|p2|nyanfish06|2|1110\n|teamsize|p1|6\n|teamsize|p2|6\n|gen|9\n|tier|[Gen 9] VGC 2023 Regulation E\n|rated|\n|rule|Species Clause: Limit one of each Pok\u00e9mon\n|rule|Item Clause: Limit one of each item\n|clearpoke\n|poke|p1|Tornadus, L50, M|\n|poke|p1|Gholdengo, L50|\n|poke|p1|Rillaboom, L50, M|\n|poke|p1|Iron Hands, L50|\n|poke|p1|Landorus-Therian, L50, M|\n|poke|p1|Farigiraf, L50, F|\n|poke|p2|Flutter Mane, L50|\n|poke|p2|Gholdengo, L50|\n|poke|p2|Iron Hands, L50|\n|poke|p2|Sinistcha, L50|\n|poke|p2|Heatran, L50, F|\n|poke|p2|Sableye, L50, M|\n|teampreview|4\n|inactive|Battle timer is ON: inactive players will automatically lose when time's up. (requested by nyanfish06)\n|inactive|hysaaron has 60 seconds left.\n|\n|t:|1700238245\n|start\n|switch|p1a: Tornadus|Tornadus, L50, M, shiny|100\/100\n|switch|p1b: Gholdengo|Gholdengo, L50, shiny|100\/100\n|switch|p2a: Flutter Mane|Flutter Mane, L50|100\/100\n|switch|p2b: Heatran|Heatran, L50, F|100\/100\n|turn|1\n|inactive|hysaaron has 30 seconds left.\n|\n|t:|1700238278\n|move|p1b: Gholdengo|Protect|p1b: Gholdengo\n|-singleturn|p1b: Gholdengo|Protect\n|move|p1a: Tornadus|Tailwind|p1a: Tornadus\n|-sidestart|p1: hysaaron|move: Tailwind\n|move|p2a: Flutter Mane|Shadow Ball|p1b: Gholdengo\n|-activate|p1b: Gholdengo|move: Protect\n|move|p2b: Heatran|Earth Power|p1b: Gholdengo\n|-activate|p1b: Gholdengo|move: Protect\n|\n|upkeep\n|turn|2\n|inactive|hysaaron has 30 seconds left.\n|\n|t:|1700238309\n|-terastallize|p1b: Gholdengo|Dragon\n|move|p1a: Tornadus|Rain Dance|p1a: Tornadus\n|-weather|RainDance\n|move|p1b: Gholdengo|Make It Rain|p2a: Flutter Mane|[spread] p2a,p2b\n|-supereffective|p2a: Flutter Mane\n|-resisted|p2b: Heatran\n|-damage|p2a: Flutter Mane|0 fnt\n|-damage|p2b: Heatran|89\/100\n|-unboost|p1b: Gholdengo|spa|1\n|faint|p2a: Flutter Mane\n|-end|p2a: Flutter Mane|Protosynthesis|[silent]\n|move|p2b: Heatran|Heat Wave|p1b: Gholdengo|[spread] p1a,p1b\n|-resisted|p1b: Gholdengo\n|-damage|p1a: Tornadus|69\/100\n|-damage|p1b: Gholdengo|86\/100\n|-damage|p2b: Heatran|80\/100|[from] item: Life Orb\n|\n|-weather|RainDance|[upkeep]\n|-heal|p1b: Gholdengo|92\/100|[from] item: Leftovers\n|upkeep\n|\n|t:|1700238318\n|switch|p2a: Gholdengo|Gholdengo, L50|100\/100\n|turn|3\n|inactive|hysaaron has 30 seconds left.\n|inactive|hysaaron has 20 seconds left.\n|\n|t:|1700238354\n|switch|p1a: Farigiraf|Farigiraf, L50, F|100\/100\n|move|p2b: Heatran|Protect|p2b: Heatran\n|-singleturn|p2b: Heatran|Protect\n|move|p1b: Gholdengo|Nasty Plot|p1b: Gholdengo\n|-boost|p1b: Gholdengo|spa|2\n|move|p2a: Gholdengo|Nasty Plot|p2a: Gholdengo\n|-boost|p2a: Gholdengo|spa|2\n|\n|-weather|RainDance|[upkeep]\n|-heal|p1b: Gholdengo|98\/100|[from] item: Leftovers\n|upkeep\n|turn|4\n|inactive|hysaaron has 30 seconds left.\n|inactive|nyanfish06 has 30 seconds left.\n|inactive|hysaaron has 20 seconds left.\n|inactive|hysaaron has 15 seconds left.\n|inactive|hysaaron has 10 seconds left.\n|\n|t:|1700238400\n|-terastallize|p2a: Gholdengo|Steel\n|move|p1b: Gholdengo|Protect|p1b: Gholdengo\n|-singleturn|p1b: Gholdengo|Protect\n|move|p1a: Farigiraf|Imprison|p1a: Farigiraf\n|-start|p1a: Farigiraf|move: Imprison\n|move|p2a: Gholdengo|Make It Rain|p1a: Farigiraf|[spread] p1a\n|-activate|p1b: Gholdengo|move: Protect\n|-damage|p1a: Farigiraf|0 fnt\n|-unboost|p2a: Gholdengo|spa|1\n|faint|p1a: Farigiraf\n|move|p2b: Heatran|Heat Wave|p1b: Gholdengo\n|-activate|p1b: Gholdengo|move: Protect\n|\n|-weather|RainDance|[upkeep]\n|-heal|p1b: Gholdengo|100\/100|[from] item: Leftovers\n|-sideend|p1: hysaaron|move: Tailwind\n|upkeep\n|\n|t:|1700238422\n|switch|p1a: Tornadus|Tornadus, L50, M, shiny|69\/100\n|turn|5\n|\n|t:|1700238444\n|move|p1a: Tornadus|Tailwind|p1a: Tornadus\n|-sidestart|p1: hysaaron|move: Tailwind\n|move|p1b: Gholdengo|Nasty Plot|p1b: Gholdengo\n|-boost|p1b: Gholdengo|spa|2\n|move|p2a: Gholdengo|Nasty Plot|p2a: Gholdengo\n|-boost|p2a: Gholdengo|spa|2\n|move|p2b: Heatran|Heat Wave|p1a: Tornadus|[spread] p1a,p1b\n|-resisted|p1b: Gholdengo\n|-damage|p1a: Tornadus|38\/100\n|-damage|p1b: Gholdengo|87\/100\n|-damage|p2b: Heatran|70\/100|[from] item: Life Orb\n|\n|-weather|RainDance|[upkeep]\n|-heal|p1b: Gholdengo|94\/100|[from] item: Leftovers\n|upkeep\n|turn|6\n|\n|t:|1700238468\n|move|p2a: Gholdengo|Protect|p2a: Gholdengo\n|-singleturn|p2a: Gholdengo|Protect\n|move|p1a: Tornadus|Bleakwind Storm|p2b: Heatran|[spread] p2b\n|-activate|p2a: Gholdengo|move: Protect\n|-resisted|p2b: Heatran\n|-damage|p2b: Heatran|55\/100\n|move|p1b: Gholdengo|Thunder|p2a: Gholdengo\n|-activate|p2a: Gholdengo|move: Protect\n|move|p2b: Heatran|Earth Power|p1b: Gholdengo\n|-damage|p1b: Gholdengo|43\/100\n|-damage|p2b: Heatran|45\/100|[from] item: Life Orb\n|\n|-weather|none\n|-heal|p1b: Gholdengo|49\/100|[from] item: Leftovers\n|upkeep\n|turn|7\n|\n|t:|1700238493\n|move|p1b: Gholdengo|Protect|p1b: Gholdengo\n|-singleturn|p1b: Gholdengo|Protect\n|move|p1a: Tornadus|Rain Dance|p1a: Tornadus\n|-weather|RainDance\n|move|p2a: Gholdengo|Make It Rain|p1a: Tornadus|[spread] p1a\n|-activate|p1b: Gholdengo|move: Protect\n|-damage|p1a: Tornadus|0 fnt\n|-unboost|p2a: Gholdengo|spa|1\n|faint|p1a: Tornadus\n|move|p2b: Heatran|Heat Wave|p1b: Gholdengo\n|-activate|p1b: Gholdengo|move: Protect\n|\n|-weather|RainDance|[upkeep]\n|-heal|p1b: Gholdengo|55\/100|[from] item: Leftovers\n|upkeep\n|\n|t:|1700238509\n|switch|p1a: Landorus|Landorus-Therian, L50, M, shiny|100\/100\n|-ability|p1a: Landorus|Intimidate|boost\n|-unboost|p2a: Gholdengo|atk|1\n|-unboost|p2b: Heatran|atk|1\n|turn|8\n|\n|t:|1700238521\n|move|p2a: Gholdengo|Protect|p2a: Gholdengo\n|-singleturn|p2a: Gholdengo|Protect\n|move|p1a: Landorus|Stomping Tantrum|p2a: Gholdengo\n|-activate|p2a: Gholdengo|move: Protect\n|move|p1b: Gholdengo|Make It Rain|p2b: Heatran|[spread] p2b\n|-activate|p2a: Gholdengo|move: Protect\n|-resisted|p2b: Heatran\n|-damage|p2b: Heatran|15\/100\n|-unboost|p1b: Gholdengo|spa|1\n|move|p2b: Heatran|Heat Wave|p1b: Gholdengo|[spread] p1a,p1b\n|-resisted|p1b: Gholdengo\n|-damage|p1a: Landorus|67\/100\n|-damage|p1b: Gholdengo|42\/100\n|-status|p1b: Gholdengo|brn\n|-damage|p2b: Heatran|5\/100|[from] item: Life Orb\n|\n|-weather|RainDance|[upkeep]\n|-heal|p1b: Gholdengo|48\/100 brn|[from] item: Leftovers\n|-damage|p1b: Gholdengo|42\/100 brn|[from] brn\n|-sideend|p1: hysaaron|move: Tailwind\n|upkeep\n|turn|9\n|inactive|hysaaron has 30 seconds left.\n|inactive|nyanfish06 has 30 seconds left.\n|inactive|hysaaron has 20 seconds left.\n|\n|t:|1700238558\n|move|p1a: Landorus|Stomping Tantrum|p2a: Gholdengo\n|-supereffective|p2a: Gholdengo\n|-damage|p2a: Gholdengo|0 fnt\n|faint|p2a: Gholdengo\n|move|p1b: Gholdengo|Make It Rain|p2b: Heatran\n|-resisted|p2b: Heatran\n|-damage|p2b: Heatran|0 fnt\n|-unboost|p1b: Gholdengo|spa|1\n|faint|p2b: Heatran\n|\n|-weather|RainDance|[upkeep]\n|-heal|p1b: Gholdengo|48\/100 brn|[from] item: Leftovers\n|-damage|p1b: Gholdengo|42\/100 brn|[from] brn\n|upkeep\n|\n|t:|1700238565\n|switch|p2a: Sinistcha|Sinistcha, L50|100\/100\n|turn|10\n|\n|t:|1700238583\n|move|p1a: Landorus|Stomping Tantrum|p2a: Sinistcha\n|-resisted|p2a: Sinistcha\n|-damage|p2a: Sinistcha|84\/100\n|-damage|p1a: Landorus|50\/100|[from] item: Rocky Helmet|[of] p2a: Sinistcha\n|move|p1b: Gholdengo|Thunder|p2a: Sinistcha\n|-resisted|p2a: Sinistcha\n|-damage|p2a: Sinistcha|47\/100\n|-status|p2a: Sinistcha|par\n|move|p2a: Sinistcha|Strength Sap|p1a: Landorus\n|-unboost|p1a: Landorus|atk|1\n|-heal|p2a: Sinistcha|100\/100 par\n|\n|-weather|RainDance|[upkeep]\n|-heal|p1b: Gholdengo|48\/100 brn|[from] item: Leftovers\n|-damage|p1b: Gholdengo|42\/100 brn|[from] brn\n|upkeep\n|turn|11\n|\n|t:|1700238602\n|move|p1a: Landorus|Stomping Tantrum|p2a: Sinistcha\n|-resisted|p2a: Sinistcha\n|-damage|p2a: Sinistcha|89\/100 par\n|-damage|p1a: Landorus|34\/100|[from] item: Rocky Helmet|[of] p2a: Sinistcha\n|move|p1b: Gholdengo|Nasty Plot|p1b: Gholdengo\n|-boost|p1b: Gholdengo|spa|2\n|move|p2a: Sinistcha|Matcha Gotcha|p1a: Landorus|[spread] p1a\n|-miss|p2a: Sinistcha|p1b: Gholdengo\n|-damage|p1a: Landorus|6\/100\n|-heal|p2a: Sinistcha|100\/100 par|[from] drain|[of] p1a: Landorus\n|\n|-weather|none\n|-heal|p1b: Gholdengo|48\/100 brn|[from] item: Leftovers\n|-damage|p1b: Gholdengo|42\/100 brn|[from] brn\n|upkeep\n|turn|12\n|\n|t:|1700238619\n|move|p1a: Landorus|Stomping Tantrum|p2a: Sinistcha\n|-resisted|p2a: Sinistcha\n|-damage|p2a: Sinistcha|89\/100 par\n|-damage|p1a: Landorus|0 fnt|[from] item: Rocky Helmet|[of] p2a: Sinistcha\n|faint|p1a: Landorus\n|move|p1b: Gholdengo|Make It Rain|p2a: Sinistcha\n|-damage|p2a: Sinistcha|0 fnt\n|-unboost|p1b: Gholdengo|spa|1\n|faint|p2a: Sinistcha\n|\n|win|hysaaron\n|raw|hysaaron's rating: 1171 &rarr; <strong>1192<\/strong><br \/>(+21 for winning)\n|raw|nyanfish06's rating: 1110 &rarr; <strong>1089<\/strong><br \/>(-21 for losing)\n","uploadtime":1700238627,"views":11,"p1id":"hysaaron","p2id":"nyanfish06","formatid":"gen9vgc2023regulatione","rating":1089,"private":0,"password":""}