{"id":"gen9vgc2023regulatione-1993521470","p1":"Fortune Meow","p2":"WestyLiam","format":"[Gen 9] VGC 2023 Regulation E","log":"|j|\u2606Fortune Meow\n|j|\u2606WestyLiam\n|n|\u2606Fortune Meow|fortunemeow\n|n|\u2606WestyLiam|westyliam\n|html|View the match progress at <a href=\"\/game-bestof3-gen9vgc2023regulatione-1993517264\">game-bestof3-gen9vgc2023regulatione-1993517264<\/a>\n|t:|1700327591\n|gametype|doubles\n|player|p1|Fortune Meow|burglar|\n|player|p2|WestyLiam|266|\n|teamsize|p1|6\n|teamsize|p2|6\n|gen|9\n|tier|[Gen 9] VGC 2023 Regulation E\n|rule|Species Clause: Limit one of each Pok\u00e9mon\n|rule|Item Clause: Limit one of each item\n|clearpoke\n|poke|p1|Kommo-o, L50, M|\n|poke|p1|Tyranitar, L50, F|\n|poke|p1|Rillaboom, L50, M|\n|poke|p1|Flutter Mane, L50|\n|poke|p1|Arcanine-Hisui, L50, M|\n|poke|p1|Iron Bundle, L50|\n|poke|p2|Heatran, L50, M|\n|poke|p2|Iron Hands, L50|\n|poke|p2|Flutter Mane, L50|\n|poke|p2|Roaring Moon, L50|\n|poke|p2|Amoonguss, L50, M|\n|poke|p2|Landorus-Therian, L50, M|\n|teampreview|4\n|inactive|Battle timer is ON: inactive players will automatically lose when time's up. (requested by WestyLiam)\n|inactive|Fortune Meow also wants the timer to be on.\nFortune Meow has agreed to open team sheets.\n|\n|t:|1700327607\n|start\n|switch|p1a: Rillaboom|Rillaboom, L50, M|100\/100\n|switch|p1b: Kommo-o|Kommo-o, L50, M|100\/100\n|switch|p2a: Heatran|Heatran, L50, M|100\/100\n|switch|p2b: Iron Hands|Iron Hands, L50|100\/100\n|-fieldstart|move: Grassy Terrain|[from] ability: Grassy Surge|[of] p1a: Rillaboom\n|turn|1\n|\n|t:|1700327623\n|-terastallize|p2a: Heatran|Fairy\n|move|p1a: Rillaboom|Fake Out|p2b: Iron Hands\n|-damage|p2b: Iron Hands|90\/100\n|cant|p2b: Iron Hands|flinch\n|move|p2a: Heatran|Heat Wave|p1b: Kommo-o|[spread] p1b\n|-miss|p2a: Heatran|p1a: Rillaboom\n|-resisted|p1b: Kommo-o\n|-damage|p1b: Kommo-o|79\/100\n|-damage|p2a: Heatran|91\/100|[from] item: Life Orb\n|move|p1b: Kommo-o|Iron Defense|p1b: Kommo-o\n|-boost|p1b: Kommo-o|def|2\n|\n|-heal|p2a: Heatran|97\/100|[from] Grassy Terrain\n|-heal|p1b: Kommo-o|85\/100|[from] Grassy Terrain\n|-heal|p1b: Kommo-o|91\/100|[from] item: Leftovers\n|-heal|p2b: Iron Hands|96\/100|[from] Grassy Terrain\n|upkeep\n|turn|2\n|\n|t:|1700327648\n|switch|p1a: Arcanine|Arcanine-Hisui, L50, M|100\/100\n|-ability|p1a: Arcanine|Intimidate|boost\n|-unboost|p2a: Heatran|atk|1\n|-unboost|p2b: Iron Hands|atk|1\n|move|p2a: Heatran|Heat Wave|p1b: Kommo-o|[spread] p1a,p1b\n|-resisted|p1a: Arcanine\n|-resisted|p1b: Kommo-o\n|-damage|p1a: Arcanine|87\/100\n|-damage|p1b: Kommo-o|68\/100\n|-damage|p2a: Heatran|87\/100|[from] item: Life Orb\n|move|p1b: Kommo-o|Iron Defense|p1b: Kommo-o\n|-boost|p1b: Kommo-o|def|2\n|move|p2b: Iron Hands|Drain Punch|p1b: Kommo-o\n|-damage|p1b: Kommo-o|60\/100\n|-heal|p2b: Iron Hands|99\/100|[from] drain|[of] p1b: Kommo-o\n|\n|-heal|p1a: Arcanine|93\/100|[from] Grassy Terrain\n|-heal|p2a: Heatran|93\/100|[from] Grassy Terrain\n|-heal|p1b: Kommo-o|66\/100|[from] Grassy Terrain\n|-heal|p1b: Kommo-o|72\/100|[from] item: Leftovers\n|-heal|p2b: Iron Hands|100\/100|[from] Grassy Terrain\n|upkeep\n|turn|3\n|inactive|WestyLiam has 30 seconds left.\n|\n|t:|1700327679\n|switch|p1a: Rillaboom|Rillaboom, L50, M|100\/100\n|move|p2a: Heatran|Protect|p2a: Heatran\n|-singleturn|p2a: Heatran|Protect\n|move|p1b: Kommo-o|Iron Head|p2a: Heatran\n|-activate|p2a: Heatran|move: Protect\n|move|p2b: Iron Hands|Drain Punch|p1b: Kommo-o\n|-damage|p1b: Kommo-o|65\/100\n|\n|-heal|p2a: Heatran|99\/100|[from] Grassy Terrain\n|-heal|p1b: Kommo-o|71\/100|[from] Grassy Terrain\n|-heal|p1b: Kommo-o|77\/100|[from] item: Leftovers\n|upkeep\n|turn|4\n|\n|t:|1700327695\n|switch|p2a: Roaring Moon|Roaring Moon, L50|100\/100\n|-enditem|p2a: Roaring Moon|Booster Energy\n|-activate|p2a: Roaring Moon|ability: Protosynthesis|[fromitem]\n|-start|p2a: Roaring Moon|protosynthesisatk\n|move|p1a: Rillaboom|Fake Out|p2a: Roaring Moon\n|-damage|p2a: Roaring Moon|81\/100\n|move|p1b: Kommo-o|Iron Head|p2a: Roaring Moon\n|-damage|p2a: Roaring Moon|57\/100\n|move|p2b: Iron Hands|Drain Punch|p1a: Rillaboom\n|-damage|p1a: Rillaboom|75\/100\n|\n|-heal|p2a: Roaring Moon|64\/100|[from] Grassy Terrain\n|-heal|p1a: Rillaboom|81\/100|[from] Grassy Terrain\n|-heal|p1b: Kommo-o|83\/100|[from] Grassy Terrain\n|-heal|p1b: Kommo-o|90\/100|[from] item: Leftovers\n|upkeep\n|turn|5\n|\n|t:|1700327715\n|switch|p1a: Arcanine|Arcanine-Hisui, L50, M|93\/100\n|-ability|p1a: Arcanine|Intimidate|boost\n|-unboost|p2a: Roaring Moon|atk|1\n|-unboost|p2b: Iron Hands|atk|1\n|move|p2a: Roaring Moon|Acrobatics|p1a: Arcanine\n|-resisted|p1a: Arcanine\n|-damage|p1a: Arcanine|73\/100\n|move|p1b: Kommo-o|Body Press|p2a: Roaring Moon\n|-supereffective|p2a: Roaring Moon\n|-damage|p2a: Roaring Moon|0 fnt\n|faint|p2a: Roaring Moon\n|-end|p2a: Roaring Moon|Protosynthesis|[silent]\n|move|p2b: Iron Hands|Drain Punch|p1a: Arcanine\n|-supereffective|p1a: Arcanine\n|-damage|p1a: Arcanine|30\/100\n|-enditem|p1a: Arcanine|Sitrus Berry|[eat]\n|-heal|p1a: Arcanine|55\/100|[from] item: Sitrus Berry\n|\n|-heal|p1a: Arcanine|61\/100|[from] Grassy Terrain\n|-heal|p1b: Kommo-o|96\/100|[from] Grassy Terrain\n|-heal|p1b: Kommo-o|100\/100|[from] item: Leftovers\n|-fieldend|move: Grassy Terrain\n|upkeep\n|\n|t:|1700327723\n|switch|p2a: Heatran|Heatran, L50, M, tera:Fairy|99\/100\n|turn|6\n|\n|t:|1700327748\n|-terastallize|p1a: Arcanine|Water\n|move|p1a: Arcanine|Will-O-Wisp|p2b: Iron Hands\n|-status|p2b: Iron Hands|brn\n|move|p2a: Heatran|Heat Wave|p1a: Arcanine|[spread] p1a,p1b\n|-resisted|p1a: Arcanine\n|-resisted|p1b: Kommo-o\n|-damage|p1a: Arcanine|33\/100\n|-damage|p1b: Kommo-o|79\/100\n|-status|p1a: Arcanine|brn\n|-damage|p2a: Heatran|90\/100|[from] item: Life Orb\n|move|p1b: Kommo-o|Iron Head|p2a: Heatran\n|-supereffective|p2a: Heatran\n|-damage|p2a: Heatran|44\/100\n|move|p2b: Iron Hands|Drain Punch|p1a: Arcanine\n|-damage|p1a: Arcanine|23\/100 brn\n|\n|-heal|p1b: Kommo-o|85\/100|[from] item: Leftovers\n|-damage|p1a: Arcanine|17\/100 brn|[from] brn\n|-damage|p2b: Iron Hands|94\/100 brn|[from] brn\n|upkeep\n|turn|7\n|inactive|Fortune Meow has 30 seconds left.\n|\n|t:|1700327773\n|move|p1a: Arcanine|Howl|p1a: Arcanine|[spread] p1a,p1b\n|-boost|p1a: Arcanine|atk|1\n|-boost|p1b: Kommo-o|atk|1\n|move|p2a: Heatran|Heat Wave|p1a: Arcanine|[spread] p1a,p1b\n|-resisted|p1a: Arcanine\n|-resisted|p1b: Kommo-o\n|-damage|p1a: Arcanine|0 fnt\n|-damage|p1b: Kommo-o|60\/100\n|-status|p1b: Kommo-o|brn\n|faint|p1a: Arcanine\n|-damage|p2a: Heatran|35\/100|[from] item: Life Orb\n|move|p1b: Kommo-o|Iron Defense|p1b: Kommo-o\n|-boost|p1b: Kommo-o|def|2\n|move|p2b: Iron Hands|Drain Punch|p1b: Kommo-o\n|-damage|p1b: Kommo-o|58\/100 brn\n|-heal|p2b: Iron Hands|95\/100 brn|[from] drain|[of] p1b: Kommo-o\n|\n|-heal|p1b: Kommo-o|64\/100 brn|[from] item: Leftovers\n|-damage|p1b: Kommo-o|58\/100 brn|[from] brn\n|-damage|p2b: Iron Hands|89\/100 brn|[from] brn\n|upkeep\n|\n|t:|1700327780\n|switch|p1a: Rillaboom|Rillaboom, L50, M|81\/100\n|-fieldstart|move: Grassy Terrain|[from] ability: Grassy Surge|[of] p1a: Rillaboom\n|turn|8\n|\n|t:|1700327794\n|move|p2a: Heatran|Protect|p2a: Heatran\n|-singleturn|p2a: Heatran|Protect\n|move|p1a: Rillaboom|Fake Out|p2b: Iron Hands\n|-damage|p2b: Iron Hands|78\/100 brn\n|move|p1b: Kommo-o|Iron Head|p2a: Heatran\n|-activate|p2a: Heatran|move: Protect\n|cant|p2b: Iron Hands|flinch\n|\n|-heal|p2a: Heatran|41\/100|[from] Grassy Terrain\n|-heal|p1a: Rillaboom|87\/100|[from] Grassy Terrain\n|-heal|p1b: Kommo-o|64\/100 brn|[from] Grassy Terrain\n|-heal|p1b: Kommo-o|70\/100 brn|[from] item: Leftovers\n|-heal|p2b: Iron Hands|84\/100 brn|[from] Grassy Terrain\n|-damage|p1b: Kommo-o|64\/100 brn|[from] brn\n|-damage|p2b: Iron Hands|78\/100 brn|[from] brn\n|upkeep\n|turn|9\n|\n|t:|1700327812\n|move|p2a: Heatran|Heat Wave|p1b: Kommo-o|[spread] p1a,p1b\n|-supereffective|p1a: Rillaboom\n|-resisted|p1b: Kommo-o\n|-damage|p1a: Rillaboom|0 fnt\n|-damage|p1b: Kommo-o|42\/100 brn\n|faint|p1a: Rillaboom\n|-damage|p2a: Heatran|31\/100|[from] item: Life Orb\n|move|p1b: Kommo-o|Iron Head|p2a: Heatran\n|-supereffective|p2a: Heatran\n|-damage|p2a: Heatran|0 fnt\n|faint|p2a: Heatran\n|move|p2b: Iron Hands|Drain Punch|p1b: Kommo-o\n|-damage|p1b: Kommo-o|41\/100 brn\n|-heal|p2b: Iron Hands|79\/100 brn|[from] drain|[of] p1b: Kommo-o\n|\n|-heal|p1b: Kommo-o|47\/100 brn|[from] Grassy Terrain\n|-heal|p1b: Kommo-o|53\/100 brn|[from] item: Leftovers\n|-heal|p2b: Iron Hands|85\/100 brn|[from] Grassy Terrain\n|-damage|p1b: Kommo-o|47\/100 brn|[from] brn\n|-damage|p2b: Iron Hands|79\/100 brn|[from] brn\n|upkeep\n|\n|t:|1700327826\n|switch|p2a: Flutter Mane|Flutter Mane, L50|100\/100\n|switch|p1a: Flutter Mane|Flutter Mane, L50|100\/100\n|turn|10\n|\n|t:|1700327835\n|move|p1b: Kommo-o|Protect|p1b: Kommo-o\n|-singleturn|p1b: Kommo-o|Protect\n|move|p1a: Flutter Mane|Shadow Ball|p2a: Flutter Mane\n|-supereffective|p2a: Flutter Mane\n|-damage|p2a: Flutter Mane|0 fnt\n|faint|p2a: Flutter Mane\n|-end|p2a: Flutter Mane|Protosynthesis|[silent]\n|move|p2b: Iron Hands|Heavy Slam|p1a: Flutter Mane\n|-supereffective|p1a: Flutter Mane\n|-damage|p1a: Flutter Mane|55\/100\n|\n|-heal|p1a: Flutter Mane|61\/100|[from] Grassy Terrain\n|-heal|p1b: Kommo-o|53\/100 brn|[from] Grassy Terrain\n|-heal|p1b: Kommo-o|59\/100 brn|[from] item: Leftovers\n|-heal|p2b: Iron Hands|85\/100 brn|[from] Grassy Terrain\n|-damage|p1b: Kommo-o|53\/100 brn|[from] brn\n|-damage|p2b: Iron Hands|79\/100 brn|[from] brn\n|upkeep\n|turn|11\n|\n|t:|1700327855\n|move|p1a: Flutter Mane|Shadow Ball|p2b: Iron Hands\n|-damage|p2b: Iron Hands|42\/100 brn\n|move|p1b: Kommo-o|Body Press|p2b: Iron Hands\n|-damage|p2b: Iron Hands|0 fnt\n|faint|p2b: Iron Hands\n|-end|p2b: Iron Hands|Quark Drive|[silent]\n|\n|win|Fortune Meow\n|c|\u2606Fortune Meow|Gg\n","uploadtime":1700327921,"views":10,"p1id":"fortunemeow","p2id":"westyliam","formatid":"gen9vgc2023regulatione","rating":0,"private":0,"password":""}