{"id":"gen9vgc2023regulatione-1988499008","p1":"FunDuelist","p2":"Steve9999","format":"[Gen 9] VGC 2023 Regulation E","log":"|j|\u2606FunDuelist\n|j|\u2606Steve9999\n|t:|1699729462\n|gametype|doubles\n|player|p1|FunDuelist|1|1078\n|player|p2|Steve9999|265|1166\n|teamsize|p1|6\n|teamsize|p2|6\n|gen|9\n|tier|[Gen 9] VGC 2023 Regulation E\n|rated|\n|rule|Species Clause: Limit one of each Pok\u00e9mon\n|rule|Item Clause: Limit one of each item\n|clearpoke\n|poke|p1|Raichu-Alola, L50, M|\n|poke|p1|Pincurchin, L50, M|\n|poke|p1|Politoed, L50, M|\n|poke|p1|Illumise, L50, F|\n|poke|p1|Iron Valiant, L50|\n|poke|p1|Decidueye, L50, M|\n|poke|p2|Ogerpon-Wellspring, L50, F|\n|poke|p2|Flutter Mane, L50|\n|poke|p2|Roaring Moon, L50|\n|poke|p2|Iron Hands, L50|\n|poke|p2|Weezing, L50, M|\n|poke|p2|Landorus-Therian, L50, M|\n|teampreview|4\n|inactive|Battle timer is ON: inactive players will automatically lose when time's up. (requested by FunDuelist)\n|inactive|FunDuelist has 60 seconds left.\n|inactive|Steve9999 has 60 seconds left.\n|inactive|Steve9999 has 30 seconds left.\n|inactive|Steve9999 has 20 seconds left.\n|inactive|Steve9999 has 15 seconds left.\n|inactive|Steve9999 has 10 seconds left.\n|inactive|Steve9999 has 5 seconds left.\n|\n|t:|1699729552\n|start\n|switch|p1a: Raichu|Raichu-Alola, L50, M|100\/100\n|switch|p1b: Illumise|Illumise, L50, F|100\/100\n|switch|p2a: Ogerpon|Ogerpon-Wellspring, L50, F|100\/100\n|switch|p2b: Flutter Mane|Flutter Mane, L50, shiny|100\/100\n|turn|1\n|inactive|Steve9999 has 30 seconds left.\n|inactive|Steve9999 has 20 seconds left.\n|inactive|Steve9999 has 15 seconds left.\n|\n|t:|1699729593\n|switch|p2a: Iron Hands|Iron Hands, L50, shiny|100\/100\n|-terastallize|p2b: Flutter Mane|Fairy\n|move|p1a: Raichu|Protect|p1a: Raichu\n|-singleturn|p1a: Raichu|Protect\n|move|p1b: Illumise|Light Screen|p1b: Illumise\n|-sidestart|p1: FunDuelist|move: Light Screen\n|move|p2b: Flutter Mane|Icy Wind|p1b: Illumise|[spread] p1b\n|-activate|p1a: Raichu|move: Protect\n|-damage|p1b: Illumise|81\/100\n|-unboost|p1b: Illumise|spe|1\n|\n|upkeep\n|turn|2\n|inactive|FunDuelist has 30 seconds left.\n|\n|t:|1699729623\n|switch|p1a: Pincurchin|Pincurchin, L50, M|100\/100\n|-fieldstart|move: Electric Terrain|[from] ability: Electric Surge|[of] p1a: Pincurchin\n|-enditem|p1b: Illumise|Electric Seed\n|-boost|p1b: Illumise|def|1|[from] item: Electric Seed\n|-activate|p2a: Iron Hands|ability: Quark Drive\n|-start|p2a: Iron Hands|quarkdriveatk\n|move|p2a: Iron Hands|Fake Out|p1a: Pincurchin\n|-damage|p1a: Pincurchin|77\/100\n|move|p2b: Flutter Mane|Icy Wind|p1a: Pincurchin|[spread] p1a,p1b\n|-damage|p1a: Pincurchin|58\/100\n|-damage|p1b: Illumise|64\/100\n|-unboost|p1a: Pincurchin|spe|1\n|-unboost|p1b: Illumise|spe|1\n|move|p1b: Illumise|Bug Buzz|p2b: Flutter Mane\n|-resisted|p2b: Flutter Mane\n|-damage|p2b: Flutter Mane|89\/100\n|\n|upkeep\n|turn|3\n|inactive|Steve9999 has 30 seconds left.\n|\n|t:|1699729655\n|move|p1b: Illumise|Charm|p2a: Iron Hands\n|-unboost|p2a: Iron Hands|atk|2\n|move|p2b: Flutter Mane|Icy Wind|p1a: Pincurchin|[spread] p1a,p1b\n|-damage|p1a: Pincurchin|40\/100\n|-damage|p1b: Illumise|45\/100\n|-unboost|p1a: Pincurchin|spe|1\n|-unboost|p1b: Illumise|spe|1\n|move|p2a: Iron Hands|Drain Punch|p1a: Pincurchin\n|-damage|p1a: Pincurchin|11\/100\n|move|p1a: Pincurchin|Poison Jab|p2b: Flutter Mane\n|-supereffective|p2b: Flutter Mane\n|-damage|p2b: Flutter Mane|0 fnt\n|faint|p2b: Flutter Mane\n|-end|p2b: Flutter Mane|Protosynthesis|[silent]\n|\n|upkeep\n|\n|t:|1699729671\n|switch|p2b: Ogerpon|Ogerpon-Wellspring, L50, F|100\/100\n|turn|4\n|\n|t:|1699729692\n|move|p1b: Illumise|Tailwind|p1b: Illumise\n|-sidestart|p1: FunDuelist|move: Tailwind\n|move|p1a: Pincurchin|Sucker Punch|p2a: Iron Hands\n|-resisted|p2a: Iron Hands\n|-damage|p2a: Iron Hands|95\/100\n|move|p2b: Ogerpon|Ivy Cudgel|p1b: Illumise\n|-damage|p1b: Illumise|0 fnt\n|faint|p1b: Illumise\n|move|p2a: Iron Hands|Drain Punch|p1a: Pincurchin\n|-crit|p1a: Pincurchin\n|-damage|p1a: Pincurchin|0 fnt\n|-heal|p2a: Iron Hands|97\/100|[from] drain|[of] p1a: Pincurchin\n|faint|p1a: Pincurchin\n|\n|upkeep\n|\n|t:|1699729706\n|switch|p1b: Iron Valiant|Iron Valiant, L50|100\/100\n|switch|p1a: Raichu|Raichu-Alola, L50, M|100\/100\n|-activate|p1b: Iron Valiant|ability: Quark Drive\n|-start|p1b: Iron Valiant|quarkdrivespe\n|turn|5\n|inactive|Steve9999 has 30 seconds left.\n|\n|t:|1699729736\n|move|p1a: Raichu|Thunder|p2b: Ogerpon|[miss]\n|-miss|p1a: Raichu|p2b: Ogerpon\n|move|p1b: Iron Valiant|Spirit Break|p2a: Iron Hands\n|-supereffective|p2a: Iron Hands\n|-crit|p2a: Iron Hands\n|-damage|p2a: Iron Hands|8\/100\n|-unboost|p2a: Iron Hands|spa|1\n|-damage|p1b: Iron Valiant|90\/100|[from] item: Life Orb\n|move|p2b: Ogerpon|Horn Leech|p1a: Raichu\n|-enditem|p1a: Raichu|Focus Sash\n|-damage|p1a: Raichu|1\/100\n|move|p2a: Iron Hands|Heavy Slam|p1b: Iron Valiant\n|-supereffective|p1b: Iron Valiant\n|-damage|p1b: Iron Valiant|13\/100\n|\n|-sideend|p1: FunDuelist|move: Light Screen\n|upkeep\n|turn|6\n|inactive|Steve9999 has 30 seconds left.\n|inactive|Steve9999 has 20 seconds left.\n|inactive|Steve9999 has 15 seconds left.\n|inactive|Steve9999 has 10 seconds left.\n|inactive|FunDuelist has 30 seconds left.\n|inactive|Steve9999 has 5 seconds left.\n|inactive|FunDuelist has 20 seconds left.\n|\n|t:|1699729800\n|-end|p2a: Iron Hands|Quark Drive|[silent]\n|switch|p2a: Roaring Moon|Roaring Moon, L50|100\/100\n|-enditem|p2a: Roaring Moon|Booster Energy\n|-activate|p2a: Roaring Moon|ability: Protosynthesis|[fromitem]\n|-start|p2a: Roaring Moon|protosynthesisspe\n|move|p2b: Ogerpon|Spiky Shield|p2b: Ogerpon\n|-singleturn|p2b: Ogerpon|move: Protect\n|move|p1a: Raichu|Psychic|p2a: Roaring Moon\n|-immune|p2a: Roaring Moon\n|move|p1b: Iron Valiant|Close Combat|p2b: Ogerpon\n|-activate|p2b: Ogerpon|move: Protect\n|-damage|p1b: Iron Valiant|1\/100|[from] Spiky Shield|[of] p2b: Ogerpon\n|\n|-fieldend|move: Electric Terrain\n|-end|p1b: Iron Valiant|Quark Drive\n|upkeep\n|turn|7\n|inactive|Steve9999 has 30 seconds left.\n|inactive|Steve9999 has 20 seconds left.\n|inactive|Steve9999 has 15 seconds left.\n|\n|t:|1699729840\n|-terastallize|p1b: Iron Valiant|Fairy\n|move|p1a: Raichu|Protect|p1a: Raichu\n|-singleturn|p1a: Raichu|Protect\n|move|p2b: Ogerpon|Follow Me|p2b: Ogerpon\n|-singleturn|p2b: Ogerpon|move: Follow Me\n|move|p1b: Iron Valiant|Spirit Break|p2b: Ogerpon\n|-damage|p2b: Ogerpon|10\/100\n|-unboost|p2b: Ogerpon|spa|1\n|-damage|p1b: Iron Valiant|0 fnt|[from] item: Life Orb\n|faint|p1b: Iron Valiant\n|-end|p1b: Iron Valiant|Quark Drive|[silent]\n|move|p2a: Roaring Moon|Knock Off|p1a: Raichu\n|-activate|p1a: Raichu|move: Protect\n|\n|-sideend|p1: FunDuelist|move: Tailwind\n|upkeep\n|turn|8\n|\n|t:|1699729858\n|move|p2b: Ogerpon|Follow Me|p2b: Ogerpon\n|-singleturn|p2b: Ogerpon|move: Follow Me\n|move|p2a: Roaring Moon|Acrobatics|p1a: Raichu\n|-resisted|p1a: Raichu\n|-damage|p1a: Raichu|0 fnt\n|faint|p1a: Raichu\n|\n|win|Steve9999\n|raw|FunDuelist's rating: 1078 &rarr; <strong>1062<\/strong><br \/>(-16 for losing)\n|raw|Steve9999's rating: 1166 &rarr; <strong>1185<\/strong><br \/>(+19 for winning)\n|c|\u2606FunDuelist|Gg\n","uploadtime":1699729873,"views":16,"p1id":"funduelist","p2id":"steve9999","formatid":"gen9vgc2023regulatione","rating":1062,"private":0,"password":""}