{"id":"gen9vgc2023regulatione-1991560270","p1":"unluckyalba","p2":"PritzShow","format":"[Gen 9] VGC 2023 Regulation E","log":"|j|\u2606unluckyalba\n|j|\u2606PritzShow\n|t:|1700088422\n|gametype|doubles\n|player|p1|unluckyalba|265|1453\n|player|p2|PritzShow|fisherman-gen4|1554\n|teamsize|p1|6\n|teamsize|p2|6\n|gen|9\n|tier|[Gen 9] VGC 2023 Regulation E\n|rated|\n|rule|Species Clause: Limit one of each Pok\u00e9mon\n|rule|Item Clause: Limit one of each item\n|clearpoke\n|poke|p1|Grimmsnarl, L50, M|\n|poke|p1|Volcarona, L50, M|\n|poke|p1|Iron Hands, L50|\n|poke|p1|Ogerpon-Wellspring, L50, F|\n|poke|p1|Arcanine-Hisui, L50, M|\n|poke|p1|Chien-Pao, L50|\n|poke|p2|Flutter Mane, L50|\n|poke|p2|Landorus-Therian, L50, M|\n|poke|p2|Ogerpon-Wellspring, L50, F|\n|poke|p2|Kingambit, L50, M|\n|poke|p2|Weezing, L50, M|\n|poke|p2|Grimmsnarl, L50, M|\n|teampreview|4\n|inactive|Battle timer is ON: inactive players will automatically lose when time's up. (requested by PritzShow)\n|inactive|unluckyalba has 60 seconds left.\n|\n|t:|1700088455\n|start\n|switch|p1a: Grimmsnarl|Grimmsnarl, L50, M|100\/100\n|switch|p1b: Iron Hands|Iron Hands, L50|100\/100\n|switch|p2a: Landorus|Landorus-Therian, L50, M|100\/100\n|switch|p2b: Weezing|Weezing, L50, M|100\/100\n|-ability|p2b: Weezing|Neutralizing Gas\n|-block|p2a: Landorus|item: Ability Shield\n|-ability|p2a: Landorus|Intimidate|boost\n|-unboost|p1a: Grimmsnarl|atk|1\n|-unboost|p1b: Iron Hands|atk|1\n|turn|1\n|\n|t:|1700088475\n|move|p1b: Iron Hands|Fake Out|p2a: Landorus\n|-damage|p2a: Landorus|88\/100\n|cant|p2a: Landorus|flinch\n|move|p2b: Weezing|Will-O-Wisp|p1b: Iron Hands\n|-status|p1b: Iron Hands|brn\n|move|p1a: Grimmsnarl|Reflect|p1a: Grimmsnarl\n|-sidestart|p1: unluckyalba|Reflect\n|\n|-damage|p1b: Iron Hands|95\/100 brn|[from] brn\n|upkeep\n|turn|2\n|\n|t:|1700088495\n|move|p2a: Landorus|Stomping Tantrum|p1b: Iron Hands\n|-supereffective|p1b: Iron Hands\n|-damage|p1b: Iron Hands|17\/100 brn\n|move|p2b: Weezing|Sludge Bomb|p1a: Grimmsnarl\n|-supereffective|p1a: Grimmsnarl\n|-damage|p1a: Grimmsnarl|49\/100\n|move|p1a: Grimmsnarl|Parting Shot|p2a: Landorus\n|-unboost|p2a: Landorus|atk|1\n|-unboost|p2a: Landorus|spa|1\n|\n|t:|1700088510\n|switch|p1a: Volcarona|Volcarona, L50, M|100\/100|[from] Parting Shot\n|move|p1b: Iron Hands|Drain Punch|p2a: Landorus\n|-resisted|p2a: Landorus\n|-damage|p2a: Landorus|80\/100\n|-heal|p1b: Iron Hands|20\/100 brn|[from] drain|[of] p2a: Landorus\n|\n|-damage|p1b: Iron Hands|14\/100 brn|[from] brn\n|upkeep\n|turn|3\n|\n|t:|1700088529\n|-end|p1b: Iron Hands|Quark Drive|[silent]\n|switch|p1b: Grimmsnarl|Grimmsnarl, L50, M|49\/100\n|-terastallize|p2a: Landorus|Flying\n|-terastallize|p1a: Volcarona|Dragon\n|move|p2a: Landorus|Tera Blast|p1a: Volcarona|[anim] Tera Blast Flying\n|-damage|p1a: Volcarona|75\/100\n|move|p1a: Volcarona|Quiver Dance|p1a: Volcarona\n|-boost|p1a: Volcarona|spa|1\n|-boost|p1a: Volcarona|spd|1\n|-boost|p1a: Volcarona|spe|1\n|move|p2b: Weezing|Taunt|p1a: Volcarona\n|-start|p1a: Volcarona|move: Taunt\n|\n|-heal|p1a: Volcarona|82\/100|[from] item: Leftovers\n|upkeep\n|turn|4\n|\n|t:|1700088550\n|move|p1a: Volcarona|Heat Wave|p2b: Weezing|[spread] p2a,p2b\n|-damage|p2a: Landorus|20\/100\n|-damage|p2b: Weezing|55\/100\n|-status|p2b: Weezing|brn\n|move|p2a: Landorus|U-turn|p1a: Volcarona\n|-damage|p1a: Volcarona|72\/100\n|\n|t:|1700088555\n|switch|p2a: Kingambit|Kingambit, L50, M|100\/100|[from] U-turn\n|move|p2b: Weezing|Sludge Bomb|p1a: Volcarona\n|-damage|p1a: Volcarona|55\/100\n|move|p1b: Grimmsnarl|Spirit Break|p2a: Kingambit\n|-damage|p2a: Kingambit|79\/100\n|-unboost|p2a: Kingambit|spa|1\n|\n|-heal|p1a: Volcarona|61\/100|[from] item: Leftovers\n|-damage|p2b: Weezing|49\/100 brn|[from] brn\n|upkeep\n|-enditem|p2b: Weezing|Sitrus Berry|[eat]\n|-heal|p2b: Weezing|74\/100 brn|[from] item: Sitrus Berry\n|turn|5\n|j| Asacado\n|inactive|unluckyalba has 30 seconds left.\n|\n|t:|1700088584\n|move|p2a: Kingambit|Sucker Punch|p1a: Volcarona\n|-damage|p1a: Volcarona|33\/100\n|move|p1a: Volcarona|Heat Wave|p2a: Kingambit|[spread] p2a,p2b\n|-supereffective|p2a: Kingambit\n|-damage|p2a: Kingambit|0 fnt\n|-damage|p2b: Weezing|28\/100 brn\n|faint|p2a: Kingambit\n|move|p2b: Weezing|Sludge Bomb|p1a: Volcarona\n|-damage|p1a: Volcarona|16\/100\n|move|p1b: Grimmsnarl|Spirit Break|p2b: Weezing\n|-resisted|p2b: Weezing\n|-damage|p2b: Weezing|13\/100 brn\n|-unboost|p2b: Weezing|spa|1\n|\n|-heal|p1a: Volcarona|22\/100|[from] item: Leftovers\n|-damage|p2b: Weezing|7\/100 brn|[from] brn\n|upkeep\n|\n|t:|1700088590\n|switch|p2a: Ogerpon|Ogerpon-Wellspring, L50, F|100\/100\n|turn|6\n|\n|t:|1700088608\n|switch|p1a: Ogerpon|Ogerpon-Wellspring, L50, F|100\/100\n|move|p2a: Ogerpon|Ivy Cudgel|p1a: Ogerpon|[anim] Ivy Cudgel Water\n|-resisted|p1a: Ogerpon\n|-damage|p1a: Ogerpon|90\/100\n|move|p2b: Weezing|Sludge Bomb|p1b: Grimmsnarl\n|-supereffective|p1b: Grimmsnarl\n|-damage|p1b: Grimmsnarl|13\/100\n|move|p1b: Grimmsnarl|Spirit Break|p2b: Weezing\n|-resisted|p2b: Weezing\n|-damage|p2b: Weezing|0 fnt\n|faint|p2b: Weezing\n|-end|p2b: Weezing|ability: Neutralizing Gas\n|\n|upkeep\n|\n|t:|1700088617\n|switch|p2b: Landorus|Landorus-Therian, L50, M, tera:Flying|20\/100\n|-ability|p2b: Landorus|Intimidate|boost\n|-unboost|p1a: Ogerpon|atk|1\n|-unboost|p1b: Grimmsnarl|atk|1\n|turn|7\n|\n|t:|1700088639\n|move|p1a: Ogerpon|Spiky Shield|p1a: Ogerpon\n|-singleturn|p1a: Ogerpon|move: Protect\n|move|p1b: Grimmsnarl|Parting Shot|p2b: Landorus\n|-unboost|p2b: Landorus|atk|1\n|-unboost|p2b: Landorus|spa|1\n|\n|t:|1700088645\n|switch|p1b: Iron Hands|Iron Hands, L50|14\/100 brn|[from] Parting Shot\n|move|p2a: Ogerpon|Horn Leech|p1a: Ogerpon\n|-activate|p1a: Ogerpon|move: Protect\n|-damage|p2a: Ogerpon|88\/100|[from] Spiky Shield|[of] p1a: Ogerpon\n|move|p2b: Landorus|Tera Blast|p1a: Ogerpon|[anim] Tera Blast Flying\n|-activate|p1a: Ogerpon|move: Protect\n|\n|-damage|p1b: Iron Hands|8\/100 brn|[from] brn\n|upkeep\n|turn|8\n|\n|t:|1700088664\n|move|p1b: Iron Hands|Fake Out|p2b: Landorus\n|-damage|p2b: Landorus|11\/100\n|move|p2a: Ogerpon|Horn Leech|p1a: Ogerpon\n|-damage|p1a: Ogerpon|57\/100\n|-heal|p2a: Ogerpon|100\/100|[from] drain|[of] p1a: Ogerpon\n|cant|p2b: Landorus|flinch\n|move|p1a: Ogerpon|Horn Leech|p2b: Landorus\n|-resisted|p2b: Landorus\n|-damage|p2b: Landorus|0 fnt\n|-heal|p1a: Ogerpon|62\/100|[from] drain|[of] p2b: Landorus\n|faint|p2b: Landorus\n|\n|-damage|p1b: Iron Hands|3\/100 brn|[from] brn\n|-sideend|p1: unluckyalba|Reflect\n|upkeep\n|turn|9\n|\n|t:|1700088681\n|move|p1a: Ogerpon|Spiky Shield|p1a: Ogerpon\n|-singleturn|p1a: Ogerpon|move: Protect\n|move|p2a: Ogerpon|Ivy Cudgel|p1b: Iron Hands|[anim] Ivy Cudgel Water\n|-damage|p1b: Iron Hands|0 fnt\n|faint|p1b: Iron Hands\n|-end|p1b: Iron Hands|Quark Drive|[silent]\n|\n|upkeep\n|\n|t:|1700088689\n|switch|p1b: Grimmsnarl|Grimmsnarl, L50, M|13\/100\n|turn|10\n|inactive|PritzShow has 30 seconds left.\n|\n|t:|1700088718\n|switch|p1a: Volcarona|Volcarona, L50, M, tera:Dragon|22\/100\n|move|p1b: Grimmsnarl|Reflect|p1b: Grimmsnarl\n|-sidestart|p1: unluckyalba|Reflect\n|move|p2a: Ogerpon|Horn Leech|p1a: Volcarona\n|-resisted|p1a: Volcarona\n|-damage|p1a: Volcarona|8\/100\n|-status|p2a: Ogerpon|brn|[from] ability: Flame Body|[of] p1a: Volcarona\n|\n|-heal|p1a: Volcarona|15\/100|[from] item: Leftovers\n|-damage|p2a: Ogerpon|95\/100 brn|[from] brn\n|upkeep\n|turn|11\n|\n|t:|1700088735\n|switch|p1a: Ogerpon|Ogerpon-Wellspring, L50, F|62\/100\n|move|p1b: Grimmsnarl|Parting Shot|p2a: Ogerpon\n|-unboost|p2a: Ogerpon|atk|1\n|-unboost|p2a: Ogerpon|spa|1\n|c|\u2606PritzShow|gg\n|-message|PritzShow forfeited.\n|\n|win|unluckyalba\n|raw|unluckyalba's rating: 1453 &rarr; <strong>1479<\/strong><br \/>(+26 for winning)\n|raw|PritzShow's rating: 1554 &rarr; <strong>1528<\/strong><br \/>(-26 for losing)\n|l|\u2606PritzShow\n|c|\u2606unluckyalba|gg\n|l|\u2606unluckyalba\n","uploadtime":1700088875,"views":11,"p1id":"unluckyalba","p2id":"pritzshow","formatid":"gen9vgc2023regulatione","rating":1479,"private":0,"password":""}