{"id":"gen9vgc2023regulatione-1993208761","p1":"Abro hilo","p2":"Super Crist","format":"[Gen 9] VGC 2023 Regulation E","log":"|j|\u2606Abro hilo\n|j|\u2606Super Crist\n|t:|1700278279\n|gametype|doubles\n|player|p1|Abro hilo|pilot|1426\n|player|p2|Super Crist|sabrina|1526\n|teamsize|p1|6\n|teamsize|p2|6\n|gen|9\n|tier|[Gen 9] VGC 2023 Regulation E\n|rated|\n|rule|Species Clause: Limit one of each Pok\u00e9mon\n|rule|Item Clause: Limit one of each item\n|clearpoke\n|poke|p1|Empoleon, L50, M|\n|poke|p1|Arcanine-Hisui, L50, M|\n|poke|p1|Landorus-Therian, L50, M|\n|poke|p1|Iron Hands, L50|\n|poke|p1|Flutter Mane, L50|\n|poke|p1|Amoonguss, L50, M|\n|poke|p2|Flutter Mane, L50|\n|poke|p2|Chi-Yu, L50|\n|poke|p2|Dondozo, L50, M|\n|poke|p2|Urshifu-*, L50, F|\n|poke|p2|Glimmora, L50, M|\n|poke|p2|Dragonite, L50, F|\n|teampreview|4\n|inactive|Battle timer is ON: inactive players will automatically lose when time's up. (requested by Super Crist)\n|inactive|Abro hilo has 60 seconds left.\n|inactive|Super Crist has 60 seconds left.\n|\n|t:|1700278319\n|start\n|switch|p1a: Iron Hands|Iron Hands, L50|100\/100\n|switch|p1b: Amoonguss|Amoonguss, L50, M, shiny|100\/100\n|switch|p2a: Flutter Mane|Flutter Mane, L50|100\/100\n|switch|p2b: Urshifu|Urshifu, L50, F|100\/100\n|-enditem|p2a: Flutter Mane|Booster Energy\n|-activate|p2a: Flutter Mane|ability: Protosynthesis|[fromitem]\n|-start|p2a: Flutter Mane|protosynthesisspe\n|turn|1\n|\n|t:|1700278343\n|move|p2a: Flutter Mane|Protect|p2a: Flutter Mane\n|-singleturn|p2a: Flutter Mane|Protect\n|move|p2b: Urshifu|Detect|p2b: Urshifu\n|-singleturn|p2b: Urshifu|Protect\n|move|p1b: Amoonguss|Rage Powder|p1b: Amoonguss\n|-singleturn|p1b: Amoonguss|move: Rage Powder\n|move|p1a: Iron Hands|Drain Punch|p2b: Urshifu\n|-activate|p2b: Urshifu|move: Protect\n|\n|upkeep\n|turn|2\n|inactive|Abro hilo has 30 seconds left.\n|inactive|Abro hilo has 20 seconds left.\n|inactive|Super Crist has 30 seconds left.\n|inactive|Abro hilo has 15 seconds left.\n|inactive|Super Crist has 20 seconds left.\n|inactive|Super Crist has 15 seconds left.\n|\n|t:|1700278395\n|move|p2a: Flutter Mane|Hex|p1b: Amoonguss\n|-damage|p1b: Amoonguss|74\/100\n|move|p2b: Urshifu|Wicked Blow|p1b: Amoonguss\n|-crit|p1b: Amoonguss\n|-damage|p1b: Amoonguss|24\/100\n|-damage|p2b: Urshifu|84\/100|[from] item: Rocky Helmet|[of] p1b: Amoonguss\n|move|p1a: Iron Hands|Swords Dance|p1a: Iron Hands\n|-boost|p1a: Iron Hands|atk|2\n|move|p1b: Amoonguss|Spore|p2a: Flutter Mane\n|-status|p2a: Flutter Mane|slp|[from] move: Spore\n|\n|upkeep\n|turn|3\n|\n|t:|1700278410\n|switch|p1b: Flutter Mane|Flutter Mane, L50|100\/100\n|cant|p2a: Flutter Mane|slp\n|move|p2b: Urshifu|Wicked Blow|p1b: Flutter Mane\n|-crit|p1b: Flutter Mane\n|-damage|p1b: Flutter Mane|0 fnt\n|faint|p1b: Flutter Mane\n|-end|p1b: Flutter Mane|Protosynthesis|[silent]\n|move|p1a: Iron Hands|Drain Punch|p2b: Urshifu\n|-supereffective|p2b: Urshifu\n|-damage|p2b: Urshifu|0 fnt\n|faint|p2b: Urshifu\n|\n|upkeep\n|\n|t:|1700278426\n|switch|p1b: Arcanine|Arcanine-Hisui, L50, M, shiny|100\/100\n|switch|p2b: Chi-Yu|Chi-Yu, L50|100\/100\n|-ability|p2b: Chi-Yu|Beads of Ruin\n|-ability|p1b: Arcanine|Intimidate|boost\n|-unboost|p2a: Flutter Mane|atk|1\n|-unboost|p2b: Chi-Yu|atk|1\n|turn|4\n|inactive|Abro hilo has 30 seconds left.\n|inactive|Super Crist has 30 seconds left.\n|\n|t:|1700278461\n|-terastallize|p2b: Chi-Yu|Ghost\n|cant|p2a: Flutter Mane|slp\n|move|p2b: Chi-Yu|Overheat|p1a: Iron Hands\n|-damage|p1a: Iron Hands|28\/100\n|-unboost|p2b: Chi-Yu|spa|2\n|-enditem|p1a: Iron Hands|Sitrus Berry|[eat]\n|-heal|p1a: Iron Hands|53\/100|[from] item: Sitrus Berry\n|move|p1b: Arcanine|Rock Slide|p2b: Chi-Yu|[spread] p2a,p2b\n|-damage|p2a: Flutter Mane|47\/100 slp\n|-damage|p2b: Chi-Yu|61\/100\n|move|p1a: Iron Hands|Drain Punch|p2b: Chi-Yu\n|-immune|p2b: Chi-Yu\n|\n|upkeep\n|turn|5\n|\n|t:|1700278477\n|-curestatus|p2a: Flutter Mane|slp|[msg]\n|move|p2a: Flutter Mane|Protect|p2a: Flutter Mane\n|-singleturn|p2a: Flutter Mane|Protect\n|move|p2b: Chi-Yu|Overheat|p1a: Iron Hands\n|-damage|p1a: Iron Hands|14\/100\n|-unboost|p2b: Chi-Yu|spa|2\n|move|p1b: Arcanine|Rock Slide|p2a: Flutter Mane|[spread] p2b\n|-activate|p2a: Flutter Mane|move: Protect\n|-damage|p2b: Chi-Yu|16\/100\n|move|p1a: Iron Hands|Wild Charge|p2b: Chi-Yu\n|-damage|p2b: Chi-Yu|0 fnt\n|faint|p2b: Chi-Yu\n|-damage|p1a: Iron Hands|12\/100|[from] Recoil\n|\n|upkeep\n|\n|t:|1700278485\n|switch|p2b: Dragonite|Dragonite, L50, F|100\/100\n|turn|6\n|inactive|Abro hilo has 30 seconds left.\n|\n|t:|1700278510\n|-end|p1a: Iron Hands|Quark Drive|[silent]\n|switch|p1a: Amoonguss|Amoonguss, L50, M, shiny|57\/100\n|move|p2a: Flutter Mane|Dazzling Gleam|p1b: Arcanine|[spread] p1a,p1b\n|-resisted|p1a: Amoonguss\n|-resisted|p1b: Arcanine\n|-damage|p1a: Amoonguss|45\/100\n|-damage|p1b: Arcanine|84\/100\n|move|p1b: Arcanine|Rock Slide|p2b: Dragonite|[spread] p2a,p2b\n|-supereffective|p2b: Dragonite\n|-damage|p2a: Flutter Mane|0 fnt\n|-damage|p2b: Dragonite|36\/100\n|faint|p2a: Flutter Mane\n|-end|p2a: Flutter Mane|Protosynthesis|[silent]\n|move|p2b: Dragonite|Stomping Tantrum|p1b: Arcanine\n|-supereffective|p1b: Arcanine\n|-damage|p1b: Arcanine|0 fnt\n|faint|p1b: Arcanine\n|\n|upkeep\n|\n|t:|1700278522\n|switch|p1b: Iron Hands|Iron Hands, L50|12\/100\n|turn|7\n|\n|t:|1700278535\n|move|p1a: Amoonguss|Rage Powder|p1a: Amoonguss\n|-singleturn|p1a: Amoonguss|move: Rage Powder\n|move|p2b: Dragonite|Stomping Tantrum|p1a: Amoonguss\n|-damage|p1a: Amoonguss|10\/100\n|-damage|p2b: Dragonite|20\/100|[from] item: Rocky Helmet|[of] p1a: Amoonguss\n|move|p1b: Iron Hands|Wild Charge|p2b: Dragonite\n|-damage|p2b: Dragonite|0 fnt\n|faint|p2b: Dragonite\n|-damage|p1b: Iron Hands|8\/100|[from] Recoil\n|\n|win|Abro hilo\n|raw|Abro hilo's rating: 1426 &rarr; <strong>1452<\/strong><br \/>(+26 for winning)\n|raw|Super Crist's rating: 1526 &rarr; <strong>1500<\/strong><br \/>(-26 for losing)\n|l|\u2606Super Crist\n","uploadtime":1700278605,"views":10,"p1id":"abrohilo","p2id":"supercrist","formatid":"gen9vgc2023regulatione","rating":1452,"private":0,"password":""}