{"id":"gen9vgc2023regulatione-1990207934","p1":"kricketot marx","p2":"Don_Crow","format":"[Gen 9] VGC 2023 Regulation E","log":"|j|\u2606kricketot marx\n|j|\u2606Don_Crow\n|t:|1699937524\n|gametype|doubles\n|player|p1|kricketot marx|flannery|1405\n|player|p2|Don_Crow|grimsley|1449\n|teamsize|p1|6\n|teamsize|p2|6\n|gen|9\n|tier|[Gen 9] VGC 2023 Regulation E\n|rated|\n|rule|Species Clause: Limit one of each Pok\u00e9mon\n|rule|Item Clause: Limit one of each item\n|clearpoke\n|poke|p1|Chien-Pao, L50|\n|poke|p1|Dragonite, L50, M|\n|poke|p1|Rillaboom, L50, M|\n|poke|p1|Heatran, L50, F|\n|poke|p1|Urshifu-*, L50, F|\n|poke|p1|Farigiraf, L50, F|\n|poke|p2|Arcanine-Hisui, L50, M|\n|poke|p2|Rillaboom, L50, F|\n|poke|p2|Chien-Pao, L50|\n|poke|p2|Flutter Mane, L50|\n|poke|p2|Urshifu-*, L50, F|\n|poke|p2|Tornadus, L50, M|\n|teampreview|4\nkricketot marx has agreed to open team sheets.\nDon_Crow has agreed to open team sheets.\n|inactive|Battle timer is ON: inactive players will automatically lose when time's up. (requested by kricketot marx)\n|\n|t:|1699937569\n|start\n|switch|p1a: Urshifu|Urshifu-Rapid-Strike, L50, F|100\/100\n|switch|p1b: Dragonite|Dragonite, L50, M|100\/100\n|switch|p2a: Chien-Pao|Chien-Pao, L50|100\/100\n|switch|p2b: Arcanine|Arcanine-Hisui, L50, M, shiny|100\/100\n|-ability|p2a: Chien-Pao|Sword of Ruin\n|-ability|p2b: Arcanine|Intimidate|boost\n|-unboost|p1a: Urshifu|atk|1\n|-fail|p1b: Dragonite|unboost|Attack|[from] ability: Inner Focus|[of] p1b: Dragonite\n|turn|1\n|inactive|kricketot marx has 30 seconds left.\n|inactive|kricketot marx has 20 seconds left.\n|inactive|kricketot marx has 15 seconds left.\n|inactive|kricketot marx has 10 seconds left.\n|\n|t:|1699937616\n|switch|p2a: Rillaboom|Rillaboom, L50, F|100\/100\n|-fieldstart|move: Grassy Terrain|[from] ability: Grassy Surge|[of] p2a: Rillaboom\n|-terastallize|p1b: Dragonite|Normal\n|move|p1b: Dragonite|Extreme Speed|p2b: Arcanine\n|-resisted|p2b: Arcanine\n|-damage|p2b: Arcanine|57\/100\n|move|p1a: Urshifu|Surging Strikes|p2b: Arcanine\n|-supereffective|p2b: Arcanine\n|-crit|p2b: Arcanine\n|-damage|p2b: Arcanine|0 fnt\n|faint|p2b: Arcanine\n|-hitcount|p2: Arcanine|1\n|\n|upkeep\n|\n|t:|1699937627\n|switch|p2b: Urshifu|Urshifu-Rapid-Strike, L50, F|100\/100\n|turn|2\n|inactive|kricketot marx has 30 seconds left.\n|\n|t:|1699937655\n|switch|p1a: Rillaboom|Rillaboom, L50, M|100\/100\n|move|p1b: Dragonite|Extreme Speed|p2a: Rillaboom\n|-damage|p2a: Rillaboom|38\/100\n|move|p2b: Urshifu|Close Combat|p1b: Dragonite\n|-supereffective|p1b: Dragonite\n|-damage|p1b: Dragonite|0 fnt\n|-unboost|p2b: Urshifu|def|1\n|-unboost|p2b: Urshifu|spd|1\n|faint|p1b: Dragonite\n|move|p2a: Rillaboom|Wood Hammer|p1a: Rillaboom\n|-resisted|p1a: Rillaboom\n|-damage|p1a: Rillaboom|68\/100\n|-damage|p2a: Rillaboom|28\/100|[from] Recoil\n|\n|-heal|p2a: Rillaboom|34\/100|[from] Grassy Terrain\n|-heal|p1a: Rillaboom|74\/100|[from] Grassy Terrain\n|upkeep\n|j| ppgaming9208\n|\n|t:|1699937676\n|switch|p1b: Urshifu|Urshifu-Rapid-Strike, L50, F|100\/100\n|turn|3\n|\n|t:|1699937700\n|switch|p1a: Farigiraf|Farigiraf, L50, F|100\/100\n|move|p2a: Rillaboom|Grassy Glide||[still]\n|cant|p1a: Farigiraf|ability: Armor Tail|Grassy Glide|[of] p2a: Rillaboom\n|move|p1b: Urshifu|Close Combat|p2a: Rillaboom\n|-damage|p2a: Rillaboom|0 fnt\n|-unboost|p1b: Urshifu|def|1\n|-unboost|p1b: Urshifu|spd|1\n|faint|p2a: Rillaboom\n|move|p2b: Urshifu|Close Combat|p1b: Urshifu\n|-damage|p1b: Urshifu|12\/100\n|-unboost|p2b: Urshifu|def|1\n|-unboost|p2b: Urshifu|spd|1\n|\n|-heal|p1b: Urshifu|18\/100|[from] Grassy Terrain\n|upkeep\n|\n|t:|1699937705\n|switch|p2a: Chien-Pao|Chien-Pao, L50|100\/100\n|-ability|p2a: Chien-Pao|Sword of Ruin\n|turn|4\n|inactive|Don_Crow has 30 seconds left.\n|\n|t:|1699937735\n|-terastallize|p2a: Chien-Pao|Ghost\n|move|p1b: Urshifu|Close Combat|p2b: Urshifu\n|-damage|p2b: Urshifu|0 fnt\n|-unboost|p1b: Urshifu|def|1\n|-unboost|p1b: Urshifu|spd|1\n|faint|p2b: Urshifu\n|move|p2a: Chien-Pao|Icicle Crash|p1a: Farigiraf\n|-damage|p1a: Farigiraf|63\/100\n|move|p1a: Farigiraf|Dazzling Gleam|p2a: Chien-Pao\n|-damage|p2a: Chien-Pao|66\/100\n|\n|-heal|p1b: Urshifu|24\/100|[from] Grassy Terrain\n|-heal|p2a: Chien-Pao|72\/100|[from] Grassy Terrain\n|-heal|p1a: Farigiraf|69\/100|[from] Grassy Terrain\n|upkeep\n|turn|5\n|\n|t:|1699937750\n|switch|p1b: Rillaboom|Rillaboom, L50, M|74\/100\n|move|p2a: Chien-Pao|Icicle Crash|p1b: Rillaboom\n|-supereffective|p1b: Rillaboom\n|-crit|p1b: Rillaboom\n|-damage|p1b: Rillaboom|0 fnt\n|faint|p1b: Rillaboom\n|move|p1a: Farigiraf|Psychic|p2a: Chien-Pao\n|-damage|p2a: Chien-Pao|22\/100\n|\n|-heal|p2a: Chien-Pao|28\/100|[from] Grassy Terrain\n|-heal|p1a: Farigiraf|75\/100|[from] Grassy Terrain\n|-fieldend|move: Grassy Terrain\n|upkeep\n|-message|Don_Crow forfeited.\n|\n|win|kricketot marx\n|raw|kricketot marx's rating: 1405 &rarr; <strong>1428<\/strong><br \/>(+23 for winning)\n|raw|Don_Crow's rating: 1449 &rarr; <strong>1426<\/strong><br \/>(-23 for losing)\n|l|\u2606Don_Crow\n|l| ppgaming9208\n","uploadtime":1699937769,"views":8,"p1id":"kricketotmarx","p2id":"doncrow","formatid":"gen9vgc2023regulatione","rating":1426,"private":0,"password":""}