{"id":"gen9vgc2023regulatione-1989970779","p1":"verylonelysole","p2":"Kuroki05","format":"[Gen 9] VGC 2023 Regulation E","log":"|j|\u2606verylonelysole\n|j|\u2606Kuroki05\n|t:|1699911309\n|gametype|doubles\n|player|p1|verylonelysole|bruno|1199\n|player|p2|Kuroki05|steven|1161\n|teamsize|p1|6\n|teamsize|p2|6\n|gen|9\n|tier|[Gen 9] VGC 2023 Regulation E\n|rated|\n|rule|Species Clause: Limit one of each Pok\u00e9mon\n|rule|Item Clause: Limit one of each item\n|clearpoke\n|poke|p1|Scream Tail, L50|\n|poke|p1|Palafin, L50, F|\n|poke|p1|Amoonguss, L50, F|\n|poke|p1|Heatran, L50, M|\n|poke|p1|Iron Hands, L50|\n|poke|p1|Chien-Pao, L50|\n|poke|p2|Tornadus, L50, M|\n|poke|p2|Gyarados, L50, F|\n|poke|p2|Flutter Mane, L50|\n|poke|p2|Armarouge, L50, F|\n|poke|p2|Indeedee-F, L50, F|\n|poke|p2|Ludicolo, L50, F|\n|teampreview|4\n|inactive|Battle timer is ON: inactive players will automatically lose when time's up. (requested by Kuroki05)\nKuroki05 has agreed to open team sheets.\n|inactive|verylonelysole has 60 seconds left.\n|inactive|Kuroki05 has 60 seconds left.\n|\n|t:|1699911355\n|start\n|switch|p1a: Chien-Pao|Chien-Pao, L50|100\/100\n|switch|p1b: Heatran|Heatran, L50, M, shiny|100\/100\n|switch|p2a: Tornadus|Tornadus, L50, M|100\/100\n|switch|p2b: Gyarados|Gyarados, L50, F|100\/100\n|-ability|p1a: Chien-Pao|Sword of Ruin\n|-ability|p2b: Gyarados|Intimidate|boost\n|-unboost|p1a: Chien-Pao|atk|1\n|-unboost|p1b: Heatran|atk|1\n|turn|1\n|inactive|verylonelysole has 30 seconds left.\n|\n|t:|1699911390\n|switch|p1b: Amoonguss|Amoonguss, L50, F, shiny|100\/100\n|move|p1a: Chien-Pao|Ice Spinner|p2a: Tornadus\n|-supereffective|p2a: Tornadus\n|-damage|p2a: Tornadus|6\/100\n|move|p2a: Tornadus|Icy Wind|p1b: Amoonguss|[spread] p1a,p1b\n|-resisted|p1a: Chien-Pao\n|-supereffective|p1b: Amoonguss\n|-damage|p1a: Chien-Pao|95\/100\n|-damage|p1b: Amoonguss|80\/100\n|-unboost|p1a: Chien-Pao|spe|1\n|-unboost|p1b: Amoonguss|spe|1\n|move|p2b: Gyarados|Waterfall|p1b: Amoonguss\n|-resisted|p1b: Amoonguss\n|-damage|p1b: Amoonguss|58\/100\n|-status|p2b: Gyarados|par|[from] ability: Effect Spore|[of] p1b: Amoonguss\n|\n|upkeep\n|turn|2\n|inactive|verylonelysole has 30 seconds left.\n|inactive|Kuroki05 has 30 seconds left.\n|inactive|verylonelysole has 20 seconds left.\n|inactive|verylonelysole has 15 seconds left.\n|inactive|verylonelysole has 10 seconds left.\n|\n|t:|1699911435\n|switch|p2b: Flutter Mane|Flutter Mane, L50|100\/100\n|-enditem|p2b: Flutter Mane|Booster Energy\n|-activate|p2b: Flutter Mane|ability: Protosynthesis|[fromitem]\n|-start|p2b: Flutter Mane|protosynthesisspe\n|switch|p1b: Iron Hands|Iron Hands, L50, shiny|100\/100\n|move|p2a: Tornadus|Rain Dance|p2a: Tornadus\n|-weather|RainDance\n|move|p1a: Chien-Pao|Ice Spinner|p2a: Tornadus\n|-supereffective|p2a: Tornadus\n|-damage|p2a: Tornadus|0 fnt\n|faint|p2a: Tornadus\n|\n|-weather|RainDance|[upkeep]\n|upkeep\n|\n|t:|1699911442\n|switch|p2a: Gyarados|Gyarados, L50, F|100\/100 par\n|-ability|p2a: Gyarados|Intimidate|boost\n|-unboost|p1a: Chien-Pao|atk|1\n|-unboost|p1b: Iron Hands|atk|1\n|turn|3\n|inactive|verylonelysole has 30 seconds left.\n|inactive|verylonelysole has 20 seconds left.\n|inactive|verylonelysole has 15 seconds left.\n|\n|t:|1699911483\n|-terastallize|p1b: Iron Hands|Water\n|-terastallize|p2a: Gyarados|Dragon\n|move|p1a: Chien-Pao|Sucker Punch|p2b: Flutter Mane\n|-damage|p2b: Flutter Mane|63\/100\n|move|p2b: Flutter Mane|Dazzling Gleam|p1a: Chien-Pao|[spread] p1a,p1b\n|-supereffective|p1a: Chien-Pao\n|-damage|p1a: Chien-Pao|37\/100\n|-damage|p1b: Iron Hands|82\/100\n|move|p1b: Iron Hands|Belly Drum|p1b: Iron Hands\n|-damage|p1b: Iron Hands|32\/100\n|-setboost|p1b: Iron Hands|atk|6|[from] move: Belly Drum\n|-enditem|p1b: Iron Hands|Sitrus Berry|[eat]\n|-heal|p1b: Iron Hands|57\/100|[from] item: Sitrus Berry\n|move|p2a: Gyarados|Waterfall|p1b: Iron Hands\n|-resisted|p1b: Iron Hands\n|-damage|p1b: Iron Hands|33\/100\n|\n|-weather|RainDance|[upkeep]\n|upkeep\n|turn|4\n|inactive|verylonelysole has 30 seconds left.\n|inactive|verylonelysole has 20 seconds left.\n|\n|t:|1699911520\n|switch|p1a: Amoonguss|Amoonguss, L50, F, shiny|58\/100\n|move|p1b: Iron Hands|Detect|p1b: Iron Hands\n|-singleturn|p1b: Iron Hands|Protect\n|move|p2b: Flutter Mane|Dazzling Gleam|p1b: Iron Hands|[spread] p1a\n|-activate|p1b: Iron Hands|move: Protect\n|-resisted|p1a: Amoonguss\n|-damage|p1a: Amoonguss|47\/100\n|cant|p2a: Gyarados|par\n|\n|-weather|RainDance|[upkeep]\n|upkeep\n|turn|5\n|\n|t:|1699911544\n|move|p2b: Flutter Mane|Dazzling Gleam|p1a: Amoonguss|[spread] p1a,p1b\n|-resisted|p1a: Amoonguss\n|-damage|p1a: Amoonguss|36\/100\n|-damage|p1b: Iron Hands|13\/100\n|move|p1b: Iron Hands|Thunder Punch|p2b: Flutter Mane\n|-damage|p2b: Flutter Mane|0 fnt\n|faint|p2b: Flutter Mane\n|-end|p2b: Flutter Mane|Protosynthesis|[silent]\n|move|p2a: Gyarados|Waterfall|p1b: Iron Hands\n|-resisted|p1b: Iron Hands\n|-damage|p1b: Iron Hands|0 fnt\n|faint|p1b: Iron Hands\n|-end|p1b: Iron Hands|Quark Drive|[silent]\n|move|p1a: Amoonguss|Pollen Puff|p1: Iron Hands|[notarget]\n|-fail|p1a: Amoonguss\n|\n|-weather|RainDance|[upkeep]\n|upkeep\n|\n|t:|1699911560\n|switch|p2b: Ludicolo|Ludicolo, L50, F|100\/100\n|switch|p1b: Chien-Pao|Chien-Pao, L50|37\/100\n|-ability|p1b: Chien-Pao|Sword of Ruin\n|turn|6\n|\n|t:|1699911571\n|move|p2b: Ludicolo|Weather Ball|p1a: Amoonguss\n|-resisted|p1a: Amoonguss\n|-crit|p1a: Amoonguss\n|-damage|p1a: Amoonguss|0 fnt\n|faint|p1a: Amoonguss\n|-damage|p2b: Ludicolo|91\/100|[from] item: Life Orb\n|move|p1b: Chien-Pao|Ice Spinner|p2a: Gyarados\n|-supereffective|p2a: Gyarados\n|-crit|p2a: Gyarados\n|-damage|p2a: Gyarados|0 fnt\n|faint|p2a: Gyarados\n|\n|-weather|none\n|upkeep\n|\n|t:|1699911584\n|switch|p1a: Heatran|Heatran, L50, M, shiny|100\/100\n|turn|7\n|\n|t:|1699911594\n|move|p1b: Chien-Pao|Ice Spinner|p2b: Ludicolo\n|-damage|p2b: Ludicolo|6\/100\n|move|p2b: Ludicolo|Leech Seed|p1a: Heatran\n|-start|p1a: Heatran|move: Leech Seed\n|move|p1a: Heatran|Heat Wave|p2b: Ludicolo\n|-damage|p2b: Ludicolo|0 fnt\n|faint|p2b: Ludicolo\n|\n|win|verylonelysole\n|raw|verylonelysole's rating: 1199 &rarr; <strong>1221<\/strong><br \/>(+22 for winning)\n|raw|Kuroki05's rating: 1161 &rarr; <strong>1139<\/strong><br \/>(-22 for losing)\n|l|\u2606Kuroki05\n","uploadtime":1699911606,"views":8,"p1id":"verylonelysole","p2id":"kuroki05","formatid":"gen9vgc2023regulatione","rating":1139,"private":0,"password":""}