{"id":"gen9vgc2023regulatione-1998255362","p1":"newusernovice","p2":"Ho oh merry xmas","format":"[Gen 9] VGC 2023 Regulation E","log":"|j|\u2606newusernovice\n|j|\u2606Ho oh merry xmas\n|t:|1700920588\n|gametype|doubles\n|player|p1|newusernovice|brawly|1430\n|player|p2|Ho oh merry xmas|170|1359\n|teamsize|p1|6\n|teamsize|p2|6\n|gen|9\n|tier|[Gen 9] VGC 2023 Regulation E\n|rated|\n|rule|Species Clause: Limit one of each Pok\u00e9mon\n|rule|Item Clause: Limit one of each item\n|clearpoke\n|poke|p1|Arcanine-Hisui, L50, M|\n|poke|p1|Tornadus, L50, M|\n|poke|p1|Urshifu-*, L50, M|\n|poke|p1|Flutter Mane, L50|\n|poke|p1|Rillaboom, L50, F|\n|poke|p1|Ogerpon-Wellspring, L50, F|\n|poke|p2|Chien-Pao, L50|\n|poke|p2|Dragapult, L50, F|\n|poke|p2|Farigiraf, L50, F|\n|poke|p2|Heatran, L50, M|\n|poke|p2|Urshifu-*, L50, F|\n|poke|p2|Rillaboom, L50, F|\n|teampreview|4\n|inactive|Battle timer is ON: inactive players will automatically lose when time's up. (requested by newusernovice)\n|inactive|newusernovice has 60 seconds left.\n|inactive|Ho oh merry xmas has 60 seconds left.\n|inactive|Ho oh merry xmas has 30 seconds left.\n|inactive|newusernovice has 30 seconds left.\n|inactive|Ho oh merry xmas has 20 seconds left.\n|inactive|Ho oh merry xmas has 15 seconds left.\n|inactive|newusernovice has 20 seconds left.\n|inactive|Ho oh merry xmas has 10 seconds left.\n|inactive|Ho oh merry xmas has 5 seconds left.\n|\n|t:|1700920676\n|start\n|switch|p1a: Arcanine|Arcanine-Hisui, L50, M, shiny|100\/100\n|switch|p1b: Urshifu|Urshifu-Rapid-Strike, L50, M|100\/100\n|switch|p2a: Chien-Pao|Chien-Pao, L50|100\/100\n|switch|p2b: Dragapult|Dragapult, L50, F|100\/100\n|-ability|p2a: Chien-Pao|Sword of Ruin\n|-ability|p1a: Arcanine|Intimidate|boost\n|-unboost|p2a: Chien-Pao|atk|1\n|-fail|p2b: Dragapult|unboost|[from] ability: Clear Body|[of] p2b: Dragapult\n|turn|1\n|inactive|newusernovice has 30 seconds left.\n|inactive|newusernovice has 20 seconds left.\n|\n|t:|1700920713\n|-terastallize|p2a: Chien-Pao|Dark\n|-terastallize|p1a: Arcanine|Fairy\n|move|p1b: Urshifu|Protect|p1b: Urshifu\n|-singleturn|p1b: Urshifu|Protect\n|move|p2a: Chien-Pao|Sucker Punch|p1a: Arcanine\n|-resisted|p1a: Arcanine\n|-damage|p1a: Arcanine|74\/100\n|move|p2b: Dragapult|Dragon Darts|p1a: Arcanine\n|-immune|p1a: Arcanine\n|move|p1a: Arcanine|Tera Blast|p2b: Dragapult|[anim] Tera Blast Fairy\n|-supereffective|p2b: Dragapult\n|-damage|p2b: Dragapult|0 fnt\n|faint|p2b: Dragapult\n|-damage|p1a: Arcanine|64\/100|[from] item: Life Orb\n|\n|upkeep\n|\n|t:|1700920731\n|switch|p2b: Rillaboom|Rillaboom, L50, F|100\/100\n|-fieldstart|move: Grassy Terrain|[from] ability: Grassy Surge|[of] p2b: Rillaboom\n|turn|2\n|inactive|newusernovice has 30 seconds left.\n|\n|t:|1700920757\n|switch|p1b: Rillaboom|Rillaboom, L50, F|100\/100\n|move|p2a: Chien-Pao|Icicle Crash|p1a: Arcanine\n|-damage|p1a: Arcanine|11\/100\n|cant|p1a: Arcanine|flinch\n|move|p2b: Rillaboom|Wood Hammer|p1b: Rillaboom\n|-resisted|p1b: Rillaboom\n|-damage|p1b: Rillaboom|47\/100\n|-damage|p2b: Rillaboom|82\/100|[from] Recoil\n|\n|-heal|p1a: Arcanine|17\/100|[from] Grassy Terrain\n|-heal|p1b: Rillaboom|53\/100|[from] Grassy Terrain\n|-heal|p2b: Rillaboom|89\/100|[from] Grassy Terrain\n|upkeep\n|turn|3\n|inactive|newusernovice has 30 seconds left.\n|\n|t:|1700920789\n|switch|p2b: Heatran|Heatran, L50, M|100\/100\n|move|p2a: Chien-Pao|Protect|p2a: Chien-Pao\n|-singleturn|p2a: Chien-Pao|Protect\n|move|p1b: Rillaboom|Fake Out|p2b: Heatran\n|-resisted|p2b: Heatran\n|-damage|p2b: Heatran|92\/100\n|move|p1a: Arcanine|Flare Blitz|p2b: Heatran\n|-start|p2b: Heatran|ability: Flash Fire\n|\n|-heal|p1a: Arcanine|23\/100|[from] Grassy Terrain\n|-heal|p1b: Rillaboom|59\/100|[from] Grassy Terrain\n|-heal|p2b: Heatran|98\/100|[from] Grassy Terrain\n|upkeep\n|turn|4\n|inactive|Ho oh merry xmas has 30 seconds left.\n|inactive|Ho oh merry xmas has 20 seconds left.\n|\n|t:|1700920826\n|move|p1a: Arcanine|Extreme Speed|p2a: Chien-Pao\n|-damage|p2a: Chien-Pao|47\/100\n|-damage|p1a: Arcanine|13\/100|[from] item: Life Orb\n|move|p1b: Rillaboom|Grassy Glide|p2a: Chien-Pao\n|-damage|p2a: Chien-Pao|0 fnt\n|faint|p2a: Chien-Pao\n|move|p2b: Heatran|Heat Wave|p1b: Rillaboom|[spread] p1a,p1b\n|-supereffective|p1b: Rillaboom\n|-damage|p1a: Arcanine|0 fnt\n|-damage|p1b: Rillaboom|0 fnt\n|faint|p1a: Arcanine\n|faint|p1b: Rillaboom\n|\n|-heal|p2b: Heatran|100\/100|[from] Grassy Terrain\n|upkeep\n|\n|t:|1700920837\n|switch|p2a: Rillaboom|Rillaboom, L50, F|89\/100\n|switch|p1a: Urshifu|Urshifu-Rapid-Strike, L50, M|100\/100\n|switch|p1b: Ogerpon|Ogerpon-Wellspring, L50, F|100\/100\n|turn|5\n|inactive|Ho oh merry xmas has 30 seconds left.\n|inactive|Ho oh merry xmas has 20 seconds left.\n|inactive|Ho oh merry xmas has 15 seconds left.\n|inactive|Ho oh merry xmas has 10 seconds left.\n|\n|t:|1700920885\n|move|p1a: Urshifu|Protect|p1a: Urshifu\n|-singleturn|p1a: Urshifu|Protect\n|move|p2a: Rillaboom|Grassy Glide|p1a: Urshifu\n|-activate|p1a: Urshifu|move: Protect\n|move|p1b: Ogerpon|Ivy Cudgel|p2b: Heatran|[anim] Ivy Cudgel Water\n|-supereffective|p2b: Heatran\n|-damage|p2b: Heatran|0 fnt\n|faint|p2b: Heatran\n|\n|-heal|p2a: Rillaboom|95\/100|[from] Grassy Terrain\n|upkeep\n|turn|6\n|c|\u2606Ho oh merry xmas|Gg\n|-message|Ho oh merry xmas forfeited.\n|\n|win|newusernovice\n|raw|newusernovice's rating: 1430 &rarr; <strong>1446<\/strong><br \/>(+16 for winning)\n|raw|Ho oh merry xmas's rating: 1359 &rarr; <strong>1343<\/strong><br \/>(-16 for losing)\n","uploadtime":1700920907,"views":2,"p1id":"newusernovice","p2id":"hoohmerryxmas","formatid":"gen9vgc2023regulatione","rating":1343,"private":0,"password":""}