{"id":"gen9vgc2023regulatione-1998991875","p1":"Dacoda Hex","p2":"The Greech","format":"[Gen 9] VGC 2023 Regulation E","log":"|j|\u2606Dacoda Hex\n|j|\u2606The Greech\n|t:|1701021564\n|gametype|doubles\n|player|p1|Dacoda Hex|burglar|1325\n|player|p2|The Greech|infielder|1411\n|teamsize|p1|6\n|teamsize|p2|6\n|gen|9\n|tier|[Gen 9] VGC 2023 Regulation E\n|rated|\n|rule|Species Clause: Limit one of each Pok\u00e9mon\n|rule|Item Clause: Limit one of each item\n|clearpoke\n|poke|p1|Urshifu-*, L50, M|\n|poke|p1|Hatterene, L50, F|\n|poke|p1|Armarouge, L50, M|\n|poke|p1|Indeedee-F, L50, F|\n|poke|p1|Pelipper, L50, F|\n|poke|p1|Vikavolt, L50, M|\n|poke|p2|Salamence, L50, M|\n|poke|p2|Kingambit, L50, F|\n|poke|p2|Urshifu-*, L50, F|\n|poke|p2|Tornadus, L50, M|\n|poke|p2|Ogerpon-Wellspring, L50, F|\n|poke|p2|Farigiraf, L50, M|\n|teampreview|4\nThe Greech has agreed to open team sheets.\n|inactive|Battle timer is ON: inactive players will automatically lose when time's up. (requested by Dacoda Hex)\n|inactive|The Greech has 60 seconds left.\n|\n|t:|1701021606\n|start\n|switch|p1a: Sabrina|Hatterene, L50, F|100\/100\n|switch|p1b: Akuma|Urshifu, L50, M|100\/100\n|switch|p2a: Farigiraf|Farigiraf, L50, M|100\/100\n|switch|p2b: Kingambit|Kingambit, L50, F|100\/100\n|turn|1\n|inactive|The Greech has 30 seconds left.\n|inactive|The Greech has 20 seconds left.\n|inactive|The Greech has 15 seconds left.\n|\n|t:|1701021647\n|-terastallize|p2a: Farigiraf|Fairy\n|-terastallize|p1a: Sabrina|Steel\n|move|p2a: Farigiraf|Hyper Voice|p1b: Akuma|[spread] p1a,p1b\n|-resisted|p1a: Sabrina\n|-crit|p1a: Sabrina\n|-damage|p1a: Sabrina|79\/100\n|-damage|p1b: Akuma|61\/100\n|move|p2b: Kingambit|Iron Head|p1a: Sabrina\n|-resisted|p1a: Sabrina\n|-damage|p1a: Sabrina|55\/100\n|move|p1b: Akuma|Wicked Blow|p2a: Farigiraf\n|-resisted|p2a: Farigiraf\n|-crit|p2a: Farigiraf\n|-damage|p2a: Farigiraf|73\/100\n|cant|p1a: Sabrina|flinch\n|\n|upkeep\n|turn|2\n|inactive|Dacoda Hex has 30 seconds left.\n|inactive|The Greech has 30 seconds left.\n|\n|t:|1701021681\n|switch|p1b: Pelipper|Pelipper, L50, F|100\/100\n|-weather|RainDance|[from] ability: Drizzle|[of] p1b: Pelipper\n|move|p2a: Farigiraf|Imprison|p2a: Farigiraf\n|-start|p2a: Farigiraf|move: Imprison\n|move|p2b: Kingambit|Iron Head|p1b: Pelipper\n|-resisted|p1b: Pelipper\n|-damage|p1b: Pelipper|78\/100\n|cant|p1a: Sabrina|move: Imprison|Trick Room\n|\n|-weather|RainDance|[upkeep]\n|upkeep\n|turn|3\n|inactive|Dacoda Hex has 30 seconds left.\n|\n|t:|1701021712\n|move|p2a: Farigiraf|Hyper Voice|p1a: Sabrina|[spread] p1a,p1b\n|-resisted|p1a: Sabrina\n|-damage|p1a: Sabrina|41\/100\n|-damage|p1b: Pelipper|31\/100\n|move|p2b: Kingambit|Kowtow Cleave|p1a: Sabrina\n|-damage|p1a: Sabrina|0 fnt\n|faint|p1a: Sabrina\n|move|p1b: Pelipper|Weather Ball|p2b: Kingambit\n|-damage|p2b: Kingambit|42\/100\n|-damage|p1b: Pelipper|21\/100|[from] item: Life Orb\n|\n|-weather|RainDance|[upkeep]\n|upkeep\n|\n|t:|1701021726\n|switch|p1a: Jolt|Vikavolt, L50, M, shiny|100\/100\n|turn|4\n|\n|t:|1701021747\n|move|p1b: Pelipper|Wide Guard|p1b: Pelipper\n|-singleturn|p1b: Pelipper|Wide Guard\n|move|p2b: Kingambit|Sucker Punch||[still]\n|-fail|p2b: Kingambit\n|move|p2a: Farigiraf|Hyper Voice|p1a: Jolt|[spread] \n|-activate|p1a: Jolt|move: Wide Guard\n|-activate|p1b: Pelipper|move: Wide Guard\n|move|p1a: Jolt|Discharge|p2b: Kingambit|[spread] p2a,p2b\n|-activate|p1b: Pelipper|move: Wide Guard\n|-damage|p2a: Farigiraf|37\/100\n|-damage|p2b: Kingambit|17\/100\n|\n|-weather|RainDance|[upkeep]\n|upkeep\n|turn|5\n|\n|t:|1701021771\n|move|p2b: Kingambit|Sucker Punch|p1a: Jolt\n|-damage|p1a: Jolt|60\/100\n|move|p2a: Farigiraf|Psychic|p1b: Pelipper\n|-damage|p1b: Pelipper|0 fnt\n|faint|p1b: Pelipper\n|move|p1a: Jolt|Discharge|p2a: Farigiraf|[spread] p2a,p2b\n|-damage|p2a: Farigiraf|0 fnt\n|-damage|p2b: Kingambit|0 fnt\n|faint|p2a: Farigiraf\n|faint|p2b: Kingambit\n|\n|-weather|RainDance|[upkeep]\n|upkeep\n|\n|t:|1701021784\n|switch|p2a: Urshifu|Urshifu-Rapid-Strike, L50, F|100\/100\n|switch|p2b: Ogerpon|Ogerpon-Wellspring, L50, F|100\/100\n|switch|p1b: Akuma|Urshifu, L50, M|61\/100\n|turn|6\n|\n|t:|1701021801\n|move|p1b: Akuma|Detect|p1b: Akuma\n|-singleturn|p1b: Akuma|Protect\n|move|p2a: Urshifu|Surging Strikes|p1a: Jolt\n|-crit|p1a: Jolt\n|-damage|p1a: Jolt|17\/100\n|-crit|p1a: Jolt\n|-damage|p1a: Jolt|0 fnt\n|faint|p1a: Jolt\n|-hitcount|p1: Jolt|2\n|move|p2b: Ogerpon|Ivy Cudgel|p1b: Akuma|[anim] Ivy Cudgel Water\n|-activate|p1b: Akuma|move: Protect\n|\n|-weather|none\n|upkeep\n|turn|7\n|-message|Dacoda Hex forfeited.\n|\n|win|The Greech\n|raw|Dacoda Hex's rating: 1325 &rarr; <strong>1310<\/strong><br \/>(-15 for losing)\n|raw|The Greech's rating: 1411 &rarr; <strong>1426<\/strong><br \/>(+15 for winning)\n|l|\u2606Dacoda Hex\n","uploadtime":1701021813,"views":6,"p1id":"dacodahex","p2id":"thegreech","formatid":"gen9vgc2023regulatione","rating":1310,"private":0,"password":""}