{"id":"gen9vgc2023regulatione-1989688644","p1":"Pauliet123","p2":"SwimWithTheFishies","format":"[Gen 9] VGC 2023 Regulation E","log":"|j|\u2606Pauliet123\n|j|\u2606SwimWithTheFishies\n|t:|1699887027\n|gametype|doubles\n|player|p1|Pauliet123|265|1235\n|player|p2|SwimWithTheFishies|swimmer-gen4dp|1217\n|teamsize|p1|6\n|teamsize|p2|6\n|gen|9\n|tier|[Gen 9] VGC 2023 Regulation E\n|rated|\n|rule|Species Clause: Limit one of each Pok\u00e9mon\n|rule|Item Clause: Limit one of each item\n|clearpoke\n|poke|p1|Volcarona, L50, F|\n|poke|p1|Oranguru, L50, M|\n|poke|p1|Iron Hands, L50|\n|poke|p1|Glimmora, L50, M|\n|poke|p1|Dondozo, L50, F|\n|poke|p1|Tatsugiri, L50, M|\n|poke|p2|Iron Hands, L50|\n|poke|p2|Landorus-Therian, L50, M|\n|poke|p2|Flutter Mane, L50|\n|poke|p2|Amoonguss, L50, F|\n|poke|p2|Heatran, L50, M|\n|poke|p2|Roaring Moon, L50|\n|teampreview|4\n|inactive|Battle timer is ON: inactive players will automatically lose when time's up. (requested by SwimWithTheFishies)\nSwimWithTheFishies has agreed to open team sheets.\n|\n|t:|1699887056\n|start\n|switch|p1a: Volcarona|Volcarona, L50, F|100\/100\n|switch|p1b: Oranguru|Oranguru, L50, M|100\/100\n|switch|p2a: Landorus|Landorus-Therian, L50, M|100\/100\n|switch|p2b: Heatran|Heatran, L50, M|100\/100\n|-ability|p2a: Landorus|Intimidate|boost\n|-fail|p1a: Volcarona|unboost|[from] item: Clear Amulet|[of] p1a: Volcarona\n|-fail|p1b: Oranguru|unboost|Attack|[from] ability: Inner Focus|[of] p1b: Oranguru\n|turn|1\n|\n|t:|1699887075\n|move|p1a: Volcarona|Protect|p1a: Volcarona\n|-singleturn|p1a: Volcarona|Protect\n|move|p2a: Landorus|Rock Slide|p1b: Oranguru|[spread] p1b\n|-activate|p1a: Volcarona|move: Protect\n|-crit|p1b: Oranguru\n|-damage|p1b: Oranguru|65\/100\n|move|p2b: Heatran|Substitute|p2b: Heatran\n|-start|p2b: Heatran|Substitute\n|-damage|p2b: Heatran|75\/100\n|move|p1b: Oranguru|Yawn||[still]\n|-fail|p1b: Oranguru\n|\n|-heal|p2b: Heatran|82\/100|[from] item: Leftovers\n|upkeep\n|turn|2\n|\n|t:|1699887093\n|-terastallize|p1a: Volcarona|Dragon\n|move|p2a: Landorus|Rock Slide|p1a: Volcarona|[spread] p1a,p1b\n|-damage|p1a: Volcarona|76\/100\n|-damage|p1b: Oranguru|44\/100\n|move|p1a: Volcarona|Quiver Dance|p1a: Volcarona\n|-boost|p1a: Volcarona|spa|1\n|-boost|p1a: Volcarona|spd|1\n|-boost|p1a: Volcarona|spe|1\n|move|p2b: Heatran|Heat Wave|p1b: Oranguru|[spread] p1a,p1b\n|-resisted|p1a: Volcarona\n|-damage|p1a: Volcarona|63\/100\n|-damage|p1b: Oranguru|23\/100\n|move|p1b: Oranguru|Instruct|p1a: Volcarona\n|-singleturn|p1a: Volcarona|move: Instruct|[of] p1b: Oranguru\n|move|p1a: Volcarona|Quiver Dance|p1a: Volcarona\n|-boost|p1a: Volcarona|spa|1\n|-boost|p1a: Volcarona|spd|1\n|-boost|p1a: Volcarona|spe|1\n|\n|-heal|p2b: Heatran|88\/100|[from] item: Leftovers\n|upkeep\n|turn|3\n|inactive|SwimWithTheFishies has 30 seconds left.\n|\n|t:|1699887122\n|move|p1a: Volcarona|Giga Drain|p2a: Landorus\n|-damage|p2a: Landorus|46\/100\n|-heal|p1a: Volcarona|92\/100|[from] drain|[of] p2a: Landorus\n|move|p2a: Landorus|Rock Slide|p1b: Oranguru|[spread] p1a,p1b\n|-damage|p1a: Volcarona|69\/100\n|-damage|p1b: Oranguru|0 fnt\n|faint|p1b: Oranguru\n|move|p2b: Heatran|Earth Power|p1a: Volcarona\n|-damage|p1a: Volcarona|51\/100\n|\n|-heal|p2b: Heatran|94\/100|[from] item: Leftovers\n|upkeep\n|\n|t:|1699887132\n|switch|p1b: Iron Hands|Iron Hands, L50|100\/100\n|turn|4\n|\n|t:|1699887142\n|switch|p2a: Amoonguss|Amoonguss, L50, F|100\/100\n|move|p1a: Volcarona|Giga Drain|p2a: Amoonguss\n|-resisted|p2a: Amoonguss\n|-damage|p2a: Amoonguss|90\/100\n|-heal|p1a: Volcarona|58\/100|[from] drain|[of] p2a: Amoonguss\n|move|p2b: Heatran|Earth Power|p1b: Iron Hands\n|-supereffective|p1b: Iron Hands\n|-damage|p1b: Iron Hands|59\/100\n|move|p1b: Iron Hands|Drain Punch|p2b: Heatran\n|-supereffective|p2b: Heatran\n|-crit|p2b: Heatran\n|-end|p2b: Heatran|Substitute\n|-heal|p1b: Iron Hands|68\/100|[from] drain|[of] p2b: Heatran\n|\n|-heal|p2b: Heatran|100\/100|[from] item: Leftovers\n|upkeep\n|turn|5\n|\n|t:|1699887163\n|switch|p2b: Landorus|Landorus-Therian, L50, M|46\/100\n|-ability|p2b: Landorus|Intimidate|boost\n|-fail|p1a: Volcarona|unboost|[from] item: Clear Amulet|[of] p1a: Volcarona\n|-unboost|p1b: Iron Hands|atk|1\n|-terastallize|p2a: Amoonguss|Water\n|move|p1a: Volcarona|Protect|p1a: Volcarona\n|-singleturn|p1a: Volcarona|Protect\n|move|p1b: Iron Hands|Drain Punch|p2b: Landorus\n|-resisted|p2b: Landorus\n|-damage|p2b: Landorus|31\/100\n|-heal|p1b: Iron Hands|74\/100|[from] drain|[of] p2b: Landorus\n|move|p2a: Amoonguss|Spore|p1a: Volcarona\n|-activate|p1a: Volcarona|move: Protect\n|\n|upkeep\n|turn|6\n|\n|t:|1699887185\n|switch|p2a: Heatran|Heatran, L50, M|100\/100\n|move|p1a: Volcarona|Giga Drain|p2a: Heatran\n|-resisted|p2a: Heatran\n|-damage|p2a: Heatran|90\/100\n|-heal|p1a: Volcarona|64\/100|[from] drain|[of] p2a: Heatran\n|move|p2b: Landorus|Stomping Tantrum|p1a: Volcarona\n|-damage|p1a: Volcarona|15\/100\n|-status|p2b: Landorus|brn|[from] ability: Flame Body|[of] p1a: Volcarona\n|move|p1b: Iron Hands|Wild Charge|p2a: Heatran\n|-damage|p2a: Heatran|60\/100\n|-damage|p1b: Iron Hands|68\/100|[from] Recoil\n|\n|-heal|p2a: Heatran|67\/100|[from] item: Leftovers\n|-damage|p2b: Landorus|25\/100 brn|[from] brn\n|upkeep\n|turn|7\n|\n|t:|1699887207\n|switch|p2b: Amoonguss|Amoonguss, L50, F, tera:Water|100\/100\n|move|p1a: Volcarona|Protect|p1a: Volcarona\n|-singleturn|p1a: Volcarona|Protect\n|move|p2a: Heatran|Heat Wave|p1a: Volcarona|[spread] p1b\n|-activate|p1a: Volcarona|move: Protect\n|-damage|p1b: Iron Hands|43\/100\n|move|p1b: Iron Hands|Drain Punch|p2a: Heatran\n|-supereffective|p2a: Heatran\n|-damage|p2a: Heatran|17\/100\n|-heal|p1b: Iron Hands|61\/100|[from] drain|[of] p2a: Heatran\n|\n|-heal|p2a: Heatran|23\/100|[from] item: Leftovers\n|upkeep\n|turn|8\n|inactive|SwimWithTheFishies has 30 seconds left.\n|inactive|SwimWithTheFishies has 20 seconds left.\n|\n|t:|1699887243\n|move|p2b: Amoonguss|Protect|p2b: Amoonguss\n|-singleturn|p2b: Amoonguss|Protect\n|move|p1a: Volcarona|Giga Drain|p2b: Amoonguss\n|-activate|p2b: Amoonguss|move: Protect\n|move|p2a: Heatran|Earth Power|p1a: Volcarona\n|-damage|p1a: Volcarona|0 fnt\n|faint|p1a: Volcarona\n|move|p1b: Iron Hands|Wild Charge|p2b: Amoonguss\n|-activate|p2b: Amoonguss|move: Protect\n|\n|-heal|p2a: Heatran|29\/100|[from] item: Leftovers\n|upkeep\n|\n|t:|1699887246\n|switch|p1a: Glimmora|Glimmora, L50, M|100\/100\n|turn|9\n|\n|t:|1699887266\n|move|p2b: Amoonguss|Rage Powder|p2b: Amoonguss\n|-singleturn|p2b: Amoonguss|move: Rage Powder\n|move|p1a: Glimmora|Power Gem|p2b: Amoonguss\n|-damage|p2b: Amoonguss|65\/100\n|move|p2a: Heatran|Earth Power|p1a: Glimmora\n|-supereffective|p1a: Glimmora\n|-damage|p1a: Glimmora|0 fnt\n|faint|p1a: Glimmora\n|move|p1b: Iron Hands|Wild Charge|p2b: Amoonguss\n|-supereffective|p2b: Amoonguss\n|-damage|p2b: Amoonguss|10\/100\n|-damage|p1b: Iron Hands|45\/100|[from] item: Rocky Helmet|[of] p2b: Amoonguss\n|-damage|p1b: Iron Hands|33\/100|[from] Recoil\n|\n|-heal|p2a: Heatran|35\/100|[from] item: Leftovers\n|upkeep\n|turn|10\n|\n|t:|1699887282\n|move|p2b: Amoonguss|Rage Powder|p2b: Amoonguss\n|-singleturn|p2b: Amoonguss|move: Rage Powder\n|move|p2a: Heatran|Earth Power|p1b: Iron Hands\n|-supereffective|p1b: Iron Hands\n|-damage|p1b: Iron Hands|0 fnt\n|faint|p1b: Iron Hands\n|-end|p1b: Iron Hands|Quark Drive|[silent]\n|\n|win|SwimWithTheFishies\n|raw|Pauliet123's rating: 1258 &rarr; <strong>1230<\/strong><br \/>(-28 for losing)\n|raw|SwimWithTheFishies's rating: 1217 &rarr; <strong>1245<\/strong><br \/>(+28 for winning)\n","uploadtime":1699887290,"views":27,"p1id":"pauliet123","p2id":"swimwiththefishies","formatid":"gen9vgc2023regulatione","rating":1230,"private":0,"password":""}