{"id":"gen9vgc2023regulatione-1988018005","p1":"Kzjrhzj","p2":"4G1OT4 2D 3.0","format":"[Gen 9] VGC 2023 Regulation E","log":"|j|\u2606Kzjrhzj\n|j|\u26064G1OT4 2D 3.0\n|t:|1699659683\n|gametype|doubles\n|player|p1|Kzjrhzj|lance|1000\n|player|p2|4G1OT4 2D 3.0|colress|1053\n|teamsize|p1|6\n|teamsize|p2|6\n|gen|9\n|tier|[Gen 9] VGC 2023 Regulation E\n|rated|\n|rule|Species Clause: Limit one of each Pok\u00e9mon\n|rule|Item Clause: Limit one of each item\n|clearpoke\n|poke|p1|Flutter Mane, L50|\n|poke|p1|Tornadus, L50, M|\n|poke|p1|Rillaboom, L50, M|\n|poke|p1|Garganacl, L50, F|\n|poke|p1|Arcanine-Hisui, L50, M|\n|poke|p1|Chien-Pao, L50|\n|poke|p2|Mabosstiff, L50, F|\n|poke|p2|Glimmora, L50, M|\n|poke|p2|Baxcalibur, L50, F|\n|poke|p2|Abomasnow, L50, F|\n|poke|p2|Landorus-Therian, L50, M|\n|poke|p2|Amoonguss, L50, M|\n|teampreview|4\n|\n|t:|1699659721\n|start\n|switch|p1a: Tornadus|Tornadus, L50, M|100\/100\n|switch|p1b: Garganacl|Garganacl, L50, F|100\/100\n|switch|p2a: Mabosstiff|Mabosstiff, L50, F|100\/100\n|switch|p2b: Baxcalibur|Baxcalibur, L50, F|100\/100\n|-ability|p2a: Mabosstiff|Intimidate|boost\n|-unboost|p1a: Tornadus|atk|1\n|-unboost|p1b: Garganacl|atk|1\n|turn|1\n|\n|t:|1699659736\n|switch|p2a: Abomasnow|Abomasnow, L50, F|100\/100\n|-weather|Snow|[from] ability: Snow Warning|[of] p2a: Abomasnow\n|switch|p1a: Arcanine|Arcanine-Hisui, L50, M|100\/100\n|-ability|p1a: Arcanine|Intimidate|boost\n|-unboost|p2a: Abomasnow|atk|1\n|-unboost|p2b: Baxcalibur|atk|1\n|move|p2b: Baxcalibur|Ice Shard|p1a: Arcanine\n|-resisted|p1a: Arcanine\n|-damage|p1a: Arcanine|85\/100\n|move|p1b: Garganacl|Salt Cure|p2b: Baxcalibur\n|-supereffective|p2b: Baxcalibur\n|-damage|p2b: Baxcalibur|89\/100\n|-start|p2b: Baxcalibur|Salt Cure\n|\n|-weather|Snow|[upkeep]\n|-heal|p2b: Baxcalibur|95\/100|[from] ability: Ice Body\n|-damage|p2b: Baxcalibur|82\/100|[from] Salt Cure\n|upkeep\n|turn|2\n|\n|t:|1699659764\n|switch|p2b: Landorus|Landorus-Therian, L50, M|100\/100\n|-ability|p2b: Landorus|Intimidate|boost\n|-unboost|p1a: Arcanine|atk|1\n|-unboost|p1b: Garganacl|atk|1\n|-terastallize|p1b: Garganacl|Ghost\n|move|p1a: Arcanine|Rock Slide|p2a: Abomasnow|[spread] p2a,p2b\n|-supereffective|p2a: Abomasnow\n|-damage|p2a: Abomasnow|64\/100\n|-damage|p2b: Landorus|69\/100\n|move|p2a: Abomasnow|Aurora Veil|p2a: Abomasnow\n|-sidestart|p2: 4G1OT4 2D 3.0|move: Aurora Veil\n|move|p1b: Garganacl|Salt Cure|p2a: Abomasnow\n|-supereffective|p2a: Abomasnow\n|-damage|p2a: Abomasnow|57\/100\n|-start|p2a: Abomasnow|Salt Cure\n|\n|-weather|Snow|[upkeep]\n|-heal|p2a: Abomasnow|63\/100|[from] item: Leftovers\n|-damage|p2a: Abomasnow|51\/100|[from] Salt Cure\n|upkeep\n|turn|3\n|\n|t:|1699659788\n|switch|p1a: Tornadus|Tornadus, L50, M|100\/100\n|move|p2b: Landorus|U-turn|p1a: Tornadus\n|-resisted|p1a: Tornadus\n|-damage|p1a: Tornadus|82\/100\n|-damage|p2b: Landorus|53\/100|[from] item: Rocky Helmet|[of] p1a: Tornadus\n|\n|t:|1699659794\n|switch|p2b: Baxcalibur|Baxcalibur, L50, F|82\/100|[from] U-turn\n|move|p2a: Abomasnow|Leech Seed|p1b: Garganacl\n|-start|p1b: Garganacl|move: Leech Seed\n|move|p1b: Garganacl|Salt Cure|p2b: Baxcalibur\n|-supereffective|p2b: Baxcalibur\n|-crit|p2b: Baxcalibur\n|-damage|p2b: Baxcalibur|57\/100\n|-start|p2b: Baxcalibur|Salt Cure\n|\n|-weather|Snow|[upkeep]\n|-heal|p2b: Baxcalibur|63\/100|[from] ability: Ice Body\n|-heal|p2a: Abomasnow|57\/100|[from] item: Leftovers\n|-damage|p1b: Garganacl|88\/100|[from] Leech Seed|[of] p2a: Abomasnow\n|-heal|p2a: Abomasnow|72\/100|[silent]\n|-damage|p2b: Baxcalibur|51\/100|[from] Salt Cure\n|-damage|p2a: Abomasnow|60\/100|[from] Salt Cure\n|upkeep\n|turn|4\n|\n|t:|1699659818\n|switch|p1b: Arcanine|Arcanine-Hisui, L50, M|85\/100\n|-ability|p1b: Arcanine|Intimidate|boost\n|-unboost|p2a: Abomasnow|atk|1\n|-unboost|p2b: Baxcalibur|atk|1\n|move|p2a: Abomasnow|Helping Hand|p2b: Baxcalibur\n|-singleturn|p2b: Baxcalibur|Helping Hand|[of] p2a: Abomasnow\n|move|p1a: Tornadus|Sunny Day|p1a: Tornadus\n|-weather|SunnyDay\n|move|p2b: Baxcalibur|Glaive Rush|p1a: Tornadus\n|-damage|p1a: Tornadus|0 fnt\n|-singlemove|p2b: Baxcalibur|Glaive Rush|[silent]\n|-damage|p2b: Baxcalibur|34\/100|[from] item: Rocky Helmet|[of] p1a: Tornadus\n|faint|p1a: Tornadus\n|\n|-weather|SunnyDay|[upkeep]\n|-heal|p2a: Abomasnow|66\/100|[from] item: Leftovers\n|-damage|p2b: Baxcalibur|22\/100|[from] Salt Cure\n|-damage|p2a: Abomasnow|54\/100|[from] Salt Cure\n|upkeep\n|\n|t:|1699659827\n|switch|p1a: Chien-Pao|Chien-Pao, L50|100\/100\n|-ability|p1a: Chien-Pao|Sword of Ruin\n|turn|5\n|\n|t:|1699659842\n|switch|p2b: Landorus|Landorus-Therian, L50, M|53\/100\n|-ability|p2b: Landorus|Intimidate|boost\n|-unboost|p1a: Chien-Pao|atk|1\n|-unboost|p1b: Arcanine|atk|1\n|move|p2a: Abomasnow|Protect|p2a: Abomasnow\n|-singleturn|p2a: Abomasnow|Protect\n|move|p1a: Chien-Pao|Ice Spinner|p2a: Abomasnow\n|-activate|p2a: Abomasnow|move: Protect\n|move|p1b: Arcanine|Rock Slide|p2b: Landorus|[spread] p2b\n|-activate|p2a: Abomasnow|move: Protect\n|-damage|p2b: Landorus|23\/100\n|\n|-weather|SunnyDay|[upkeep]\n|-heal|p2a: Abomasnow|60\/100|[from] item: Leftovers\n|-damage|p2a: Abomasnow|48\/100|[from] Salt Cure\n|upkeep\n|turn|6\n|\n|t:|1699659864\n|move|p1a: Chien-Pao|Sucker Punch|p2b: Landorus\n|-damage|p2b: Landorus|0 fnt\n|faint|p2b: Landorus\n|move|p1b: Arcanine|Rock Slide|p2a: Abomasnow|[miss]\n|-miss|p1b: Arcanine|p2a: Abomasnow\n|move|p2a: Abomasnow|Leech Seed|p1a: Chien-Pao\n|-start|p1a: Chien-Pao|move: Leech Seed\n|\n|-weather|SunnyDay|[upkeep]\n|-heal|p2a: Abomasnow|54\/100|[from] item: Leftovers\n|-damage|p1a: Chien-Pao|88\/100|[from] Leech Seed|[of] p2a: Abomasnow\n|-heal|p2a: Abomasnow|65\/100|[silent]\n|-damage|p2a: Abomasnow|53\/100|[from] Salt Cure\n|-sideend|p2: 4G1OT4 2D 3.0|move: Aurora Veil\n|upkeep\n|\n|t:|1699659877\n|switch|p2b: Baxcalibur|Baxcalibur, L50, F|22\/100\n|turn|7\n|\n|t:|1699659903\n|switch|p2a: Mabosstiff|Mabosstiff, L50, F|100\/100\n|-ability|p2a: Mabosstiff|Intimidate|boost\n|-unboost|p1a: Chien-Pao|atk|1\n|-unboost|p1b: Arcanine|atk|1\n|move|p2b: Baxcalibur|Ice Shard|p1a: Chien-Pao\n|-resisted|p1a: Chien-Pao\n|-crit|p1a: Chien-Pao\n|-damage|p1a: Chien-Pao|53\/100\n|move|p1a: Chien-Pao|Sacred Sword|p2b: Baxcalibur\n|-supereffective|p2b: Baxcalibur\n|-damage|p2b: Baxcalibur|0 fnt\n|faint|p2b: Baxcalibur\n|move|p1b: Arcanine|Rock Slide|p2a: Mabosstiff\n|-damage|p2a: Mabosstiff|66\/100\n|\n|-weather|SunnyDay|[upkeep]\n|-damage|p1a: Chien-Pao|40\/100|[from] Leech Seed|[of] p2a: Mabosstiff\n|-heal|p2a: Mabosstiff|76\/100|[silent]\n|upkeep\n|\n|t:|1699659918\n|switch|p2b: Abomasnow|Abomasnow, L50, F|53\/100\n|-weather|Snow|[from] ability: Snow Warning|[of] p2b: Abomasnow\n|turn|8\n|\n|t:|1699659928\n|switch|p1a: Garganacl|Garganacl, L50, F, tera:Ghost|88\/100\n|move|p2b: Abomasnow|Protect|p2b: Abomasnow\n|-singleturn|p2b: Abomasnow|Protect\n|move|p1b: Arcanine|Rock Slide|p2a: Mabosstiff|[spread] p2a\n|-activate|p2b: Abomasnow|move: Protect\n|-damage|p2a: Mabosstiff|57\/100\n|move|p2a: Mabosstiff|Jaw Lock|p1a: Garganacl\n|-supereffective|p1a: Garganacl\n|-damage|p1a: Garganacl|39\/100\n|-activate|p2a: Mabosstiff|trapped\n|-enditem|p1a: Garganacl|Sitrus Berry|[eat]\n|-heal|p1a: Garganacl|64\/100|[from] item: Sitrus Berry\n|\n|-weather|Snow|[upkeep]\n|-heal|p2b: Abomasnow|59\/100|[from] item: Leftovers\n|upkeep\n|turn|9\n|\n|t:|1699659952\n|switch|p1b: Chien-Pao|Chien-Pao, L50|40\/100\n|-ability|p1b: Chien-Pao|Sword of Ruin\n|-terastallize|p2b: Abomasnow|Poison\n|move|p2a: Mabosstiff|Jaw Lock|p1a: Garganacl\n|-supereffective|p1a: Garganacl\n|-damage|p1a: Garganacl|5\/100\n|move|p2b: Abomasnow|Leech Seed|p1b: Chien-Pao\n|-start|p1b: Chien-Pao|move: Leech Seed\n|move|p1a: Garganacl|Salt Cure|p2b: Abomasnow\n|-damage|p2b: Abomasnow|41\/100\n|-start|p2b: Abomasnow|Salt Cure\n|\n|-weather|Snow|[upkeep]\n|-heal|p2b: Abomasnow|47\/100|[from] item: Leftovers\n|-damage|p1b: Chien-Pao|28\/100|[from] Leech Seed|[of] p2b: Abomasnow\n|-heal|p2b: Abomasnow|59\/100|[silent]\n|-damage|p2b: Abomasnow|47\/100|[from] Salt Cure\n|upkeep\n|turn|10\n|\n|t:|1699659976\n|move|p2b: Abomasnow|Protect|p2b: Abomasnow\n|-singleturn|p2b: Abomasnow|Protect\n|move|p1a: Garganacl|Protect|p1a: Garganacl\n|-singleturn|p1a: Garganacl|Protect\n|move|p1b: Chien-Pao|Sacred Sword|p2a: Mabosstiff\n|-supereffective|p2a: Mabosstiff\n|-damage|p2a: Mabosstiff|0 fnt\n|faint|p2a: Mabosstiff\n|\n|-weather|Snow|[upkeep]\n|-heal|p2b: Abomasnow|53\/100|[from] item: Leftovers\n|-damage|p1b: Chien-Pao|16\/100|[from] Leech Seed|[of] p2b: Abomasnow\n|-heal|p2b: Abomasnow|64\/100|[silent]\n|-damage|p2b: Abomasnow|52\/100|[from] Salt Cure\n|upkeep\n|turn|11\n|\n|t:|1699659992\n|switch|p1b: Arcanine|Arcanine-Hisui, L50, M|85\/100\n|-ability|p1b: Arcanine|Intimidate|boost\n|-unboost|p2b: Abomasnow|atk|1\n|move|p2b: Abomasnow|Leech Seed|p1a: Garganacl\n|-start|p1a: Garganacl|move: Leech Seed\n|move|p1a: Garganacl|Recover|p1a: Garganacl\n|-heal|p1a: Garganacl|55\/100\n|\n|-weather|Snow|[upkeep]\n|-heal|p2b: Abomasnow|58\/100|[from] item: Leftovers\n|-damage|p1a: Garganacl|43\/100|[from] Leech Seed|[of] p2b: Abomasnow\n|-heal|p2b: Abomasnow|73\/100|[silent]\n|-damage|p2b: Abomasnow|61\/100|[from] Salt Cure\n|upkeep\n|turn|12\n|\n|t:|1699660008\n|switch|p1a: Chien-Pao|Chien-Pao, L50|16\/100\n|-ability|p1a: Chien-Pao|Sword of Ruin\n|move|p1b: Arcanine|Head Smash|p2b: Abomasnow\n|-damage|p2b: Abomasnow|0 fnt\n|faint|p2b: Abomasnow\n|-damage|p1b: Arcanine|55\/100|[from] Recoil\n|\n|win|Kzjrhzj\n|raw|Kzjrhzj's rating: 1000 &rarr; <strong>1046<\/strong><br \/>(+46 for winning)\n|raw|4G1OT4 2D 3.0's rating: 1053 &rarr; <strong>1032<\/strong><br \/>(-21 for losing)\n","uploadtime":1699660015,"views":17,"p1id":"kzjrhzj","p2id":"4g1ot42d30","formatid":"gen9vgc2023regulatione","rating":1032,"private":0,"password":""}