{"id":"gen9vgc2023regulatione-1994529911","p1":"meowmeowjoe","p2":"hsenb\u59da\u67d0","format":"[Gen 9] VGC 2023 Regulation E","log":"|j|\u2606meowmeowjoe\n|j|\u2606hsenb\u59da\u67d0\n|t:|1700455210\n|gametype|doubles\n|player|p1|meowmeowjoe|guitarist|1317\n|player|p2|hsenb\u59da\u67d0|may-contest|1438\n|teamsize|p1|6\n|teamsize|p2|6\n|gen|9\n|tier|[Gen 9] VGC 2023 Regulation E\n|rated|\n|rule|Species Clause: Limit one of each Pok\u00e9mon\n|rule|Item Clause: Limit one of each item\n|clearpoke\n|poke|p1|Annihilape, L50, M|\n|poke|p1|Sinistcha, L50|\n|poke|p1|Grimmsnarl, L50, M|\n|poke|p1|Landorus-Therian, L50, M|\n|poke|p1|Bellibolt, L50, M|\n|poke|p1|Corviknight, L50, M|\n|poke|p2|Tornadus, L50, M|\n|poke|p2|Chi-Yu, L50|\n|poke|p2|Brambleghast, L50, F|\n|poke|p2|Gholdengo, L50|\n|poke|p2|Urshifu-*, L50, F|\n|poke|p2|Flutter Mane, L50|\n|teampreview|4\n|\n|t:|1700455236\n|start\n|switch|p1a: Grimmsnarl|Grimmsnarl, L50, M, shiny|100\/100\n|switch|p1b: Landorus|Landorus-Therian, L50, M|100\/100\n|switch|p2a: \u987a|Tornadus, L50, M|100\/100\n|switch|p2b: \u59d0|Flutter Mane, L50|100\/100\n|-ability|p1b: Landorus|Intimidate|boost\n|-unboost|p2a: \u987a|atk|1\n|-unboost|p2b: \u59d0|atk|1\n|-enditem|p2b: \u59d0|Booster Energy\n|-activate|p2b: \u59d0|ability: Protosynthesis|[fromitem]\n|-start|p2b: \u59d0|protosynthesisspa\n|turn|1\n|inactive|Battle timer is ON: inactive players will automatically lose when time's up. (requested by hsenb\u59da\u67d0)\n|\n|t:|1700455268\n|move|p2a: \u987a|Tailwind|p2a: \u987a\n|-sidestart|p2: hsenb\u59da\u67d0|move: Tailwind\n|move|p1a: Grimmsnarl|Light Screen|p1a: Grimmsnarl\n|-sidestart|p1: meowmeowjoe|move: Light Screen\n|move|p2b: \u59d0|Dazzling Gleam|p1a: Grimmsnarl|[spread] p1a,p1b\n|-supereffective|p1a: Grimmsnarl\n|-damage|p1a: Grimmsnarl|52\/100\n|-damage|p1b: Landorus|69\/100\n|move|p1b: Landorus|Stomping Tantrum|p2b: \u59d0\n|-damage|p2b: \u59d0|22\/100\n|\n|upkeep\n|turn|2\n|\n|t:|1700455293\n|switch|p1b: Corviknight|Corviknight, L50, M, shiny|100\/100\n|move|p1a: Grimmsnarl|Parting Shot|p2b: \u59d0\n|-unboost|p2b: \u59d0|atk|1\n|-unboost|p2b: \u59d0|spa|1\n|\n|t:|1700455298\n|switch|p1a: Annihilape|Annihilape, L50, M|100\/100|[from] Parting Shot\n|move|p2b: \u59d0|Dazzling Gleam|p1a: Annihilape|[spread] p1a,p1b\n|-supereffective|p1a: Annihilape\n|-resisted|p1b: Corviknight\n|-damage|p1a: Annihilape|73\/100\n|-damage|p1b: Corviknight|92\/100\n|move|p2a: \u987a|Bleakwind Storm|p1a: Annihilape|[spread] p1a\n|-miss|p2a: \u987a|p1b: Corviknight\n|-supereffective|p1a: Annihilape\n|-damage|p1a: Annihilape|40\/100\n|\n|-heal|p1a: Annihilape|46\/100|[from] item: Leftovers\n|upkeep\n|turn|3\n|inactive|meowmeowjoe has 30 seconds left.\n|inactive|hsenb\u59da\u67d0 has 30 seconds left.\n|\n|t:|1700455325\n|move|p1a: Annihilape|Protect|p1a: Annihilape\n|-singleturn|p1a: Annihilape|Protect\n|move|p2b: \u59d0|Moonblast|p1a: Annihilape\n|-activate|p1a: Annihilape|move: Protect\n|move|p2a: \u987a|Bleakwind Storm|p1b: Corviknight|[spread] p1b\n|-activate|p1a: Annihilape|move: Protect\n|-resisted|p1b: Corviknight\n|-damage|p1b: Corviknight|82\/100\n|move|p1b: Corviknight|Iron Defense|p1b: Corviknight\n|-boost|p1b: Corviknight|def|2\n|\n|-heal|p1a: Annihilape|52\/100|[from] item: Leftovers\n|upkeep\n|turn|4\n|\n|t:|1700455345\n|-terastallize|p1a: Annihilape|Fire\n|move|p2a: \u987a|Taunt|p1b: Corviknight\n|-start|p1b: Corviknight|move: Taunt\n|move|p2b: \u59d0|Moonblast|p1a: Annihilape\n|-resisted|p1a: Annihilape\n|-damage|p1a: Annihilape|41\/100\n|move|p1a: Annihilape|Drain Punch|p2a: \u987a\n|-resisted|p2a: \u987a\n|-damage|p2a: \u987a|76\/100\n|-heal|p1a: Annihilape|51\/100|[from] drain|[of] p2a: \u987a\n|move|p1b: Corviknight|Brave Bird|p2b: \u59d0\n|-damage|p2b: \u59d0|0 fnt\n|faint|p2b: \u59d0\n|-end|p2b: \u59d0|Protosynthesis|[silent]\n|-damage|p1b: Corviknight|78\/100|[from] Recoil\n|\n|-heal|p1a: Annihilape|57\/100|[from] item: Leftovers\n|-sideend|p2: hsenb\u59da\u67d0|move: Tailwind\n|upkeep\n|\n|t:|1700455368\n|switch|p2b: \u8349|Brambleghast, L50, F|100\/100\n|turn|5\n|\n|t:|1700455382\n|move|p1a: Annihilape|Protect|p1a: Annihilape\n|-singleturn|p1a: Annihilape|Protect\n|move|p2a: \u987a|Bleakwind Storm|p1b: Corviknight|[spread] p1b\n|-activate|p1a: Annihilape|move: Protect\n|-resisted|p1b: Corviknight\n|-crit|p1b: Corviknight\n|-damage|p1b: Corviknight|58\/100\n|move|p2b: \u8349|Poltergeist|p1a: Annihilape\n|-activate|p1a: Annihilape|move: Protect\n|move|p1b: Corviknight|Body Press|p2a: \u987a\n|-resisted|p2a: \u987a\n|-damage|p2a: \u987a|47\/100\n|\n|-heal|p1a: Annihilape|63\/100|[from] item: Leftovers\n|upkeep\n|turn|6\n|inactive|meowmeowjoe has 30 seconds left.\n|\n|t:|1700455412\n|move|p2a: \u987a|Tailwind|p2a: \u987a\n|-sidestart|p2: hsenb\u59da\u67d0|move: Tailwind\n|-ability|p2b: \u8349|Wind Rider|boost\n|-boost|p2b: \u8349|atk|1\n|move|p2b: \u8349|Poltergeist|p1a: Annihilape|[miss]\n|-miss|p2b: \u8349|p1a: Annihilape\n|move|p1a: Annihilape|Rage Fist|p2b: \u8349\n|-supereffective|p2b: \u8349\n|-enditem|p2b: \u8349|Focus Sash\n|-damage|p2b: \u8349|1\/100\n|move|p1b: Corviknight|Brave Bird|p2b: \u8349\n|-supereffective|p2b: \u8349\n|-damage|p2b: \u8349|0 fnt\n|faint|p2b: \u8349\n|-damage|p1b: Corviknight|58\/100|[from] Recoil\n|\n|-heal|p1a: Annihilape|70\/100|[from] item: Leftovers\n|-end|p1b: Corviknight|move: Taunt\n|upkeep\n|\n|t:|1700455420\n|switch|p2b: \u7389\u7389|Chi-Yu, L50|100\/100\n|-ability|p2b: \u7389\u7389|Beads of Ruin\n|turn|7\n|inactive|meowmeowjoe has 30 seconds left.\n|\n|t:|1700455446\n|-terastallize|p2b: \u7389\u7389|Ghost\n|move|p2a: \u987a|Taunt|p1b: Corviknight\n|-start|p1b: Corviknight|move: Taunt\n|move|p2b: \u7389\u7389|Dark Pulse|p1a: Annihilape\n|-damage|p1a: Annihilape|33\/100\n|-damage|p2b: \u7389\u7389|91\/100|[from] item: Life Orb\n|move|p1a: Annihilape|Drain Punch|p2b: \u7389\u7389\n|-immune|p2b: \u7389\u7389\n|cant|p1b: Corviknight|move: Taunt|Roost\n|\n|-heal|p1a: Annihilape|39\/100|[from] item: Leftovers\n|upkeep\n|turn|8\n|inactive|hsenb\u59da\u67d0 has 30 seconds left.\n|\n|t:|1700455474\n|switch|p1a: Grimmsnarl|Grimmsnarl, L50, M, shiny|52\/100\n|move|p2a: \u987a|Bleakwind Storm|p1b: Corviknight|[spread] p1b\n|-miss|p2a: \u987a|p1a: Grimmsnarl\n|-resisted|p1b: Corviknight\n|-damage|p1b: Corviknight|45\/100\n|move|p2b: \u7389\u7389|Dark Pulse|p1a: Grimmsnarl\n|-resisted|p1a: Grimmsnarl\n|-damage|p1a: Grimmsnarl|42\/100\n|-damage|p2b: \u7389\u7389|81\/100|[from] item: Life Orb\n|move|p1b: Corviknight|Brave Bird|p2b: \u7389\u7389\n|-damage|p2b: \u7389\u7389|23\/100\n|-damage|p1b: Corviknight|33\/100|[from] Recoil\n|\n|-sideend|p1: meowmeowjoe|move: Light Screen\n|upkeep\n|turn|9\n|inactive|meowmeowjoe has 30 seconds left.\n|\n|t:|1700455503\n|move|p1a: Grimmsnarl|Light Screen|p1a: Grimmsnarl\n|-sidestart|p1: meowmeowjoe|move: Light Screen\n|move|p2a: \u987a|Bleakwind Storm|p1b: Corviknight|[spread] p1a,p1b\n|-resisted|p1b: Corviknight\n|-damage|p1a: Grimmsnarl|20\/100\n|-damage|p1b: Corviknight|20\/100\n|-unboost|p1a: Grimmsnarl|spe|1\n|-ability|p1b: Corviknight|Mirror Armor\n|-unboost|p2a: \u987a|spe|1\n|move|p2b: \u7389\u7389|Heat Wave|p1b: Corviknight|[spread] p1a,p1b\n|-supereffective|p1b: Corviknight\n|-damage|p1a: Grimmsnarl|0 fnt\n|-damage|p1b: Corviknight|0 fnt\n|faint|p1a: Grimmsnarl\n|faint|p1b: Corviknight\n|-damage|p2b: \u7389\u7389|13\/100|[from] item: Life Orb\n|\n|-sideend|p2: hsenb\u59da\u67d0|move: Tailwind\n|upkeep\n|\n|t:|1700455518\n|switch|p1b: Annihilape|Annihilape, L50, M, tera:Fire|39\/100\n|switch|p1a: Landorus|Landorus-Therian, L50, M|69\/100\n|-ability|p1a: Landorus|Intimidate|boost\n|-unboost|p2a: \u987a|atk|1\n|-unboost|p2b: \u7389\u7389|atk|1\n|turn|10\n|\n|t:|1700455541\n|move|p2a: \u987a|Tailwind|p2a: \u987a\n|-sidestart|p2: hsenb\u59da\u67d0|move: Tailwind\n|move|p2b: \u7389\u7389|Dark Pulse|p1b: Annihilape\n|-damage|p1b: Annihilape|0 fnt\n|faint|p1b: Annihilape\n|-damage|p2b: \u7389\u7389|3\/100|[from] item: Life Orb\n|move|p1a: Landorus|Rock Slide|p2b: \u7389\u7389|[spread] p2a\n|-miss|p1a: Landorus|p2b: \u7389\u7389\n|-supereffective|p2a: \u987a\n|-damage|p2a: \u987a|0 fnt\n|faint|p2a: \u987a\n|\n|upkeep\n|turn|11\n|\n|t:|1700455552\n|move|p2b: \u7389\u7389|Overheat|p1a: Landorus\n|-damage|p1a: Landorus|0 fnt\n|-unboost|p2b: \u7389\u7389|spa|2\n|faint|p1a: Landorus\n|-damage|p2b: \u7389\u7389|0 fnt|[from] item: Life Orb\n|faint|p2b: \u7389\u7389\n|\n|win|hsenb\u59da\u67d0\n|raw|meowmeowjoe's rating: 1317 &rarr; <strong>1305<\/strong><br \/>(-12 for losing)\n|raw|hsenb\u59da\u67d0's rating: 1470 &rarr; <strong>1482<\/strong><br \/>(+12 for winning)\n|c|\u2606meowmeowjoe|Gg\n","uploadtime":1700455582,"views":10,"p1id":"meowmeowjoe","p2id":"hsenb","formatid":"gen9vgc2023regulatione","rating":1305,"private":0,"password":""}