{"id":"gen9vgc2023regulatione-1998602593","p1":"Genis69","p2":"bobforte22","format":"[Gen 9] VGC 2023 Regulation E","log":"|j|\u2606Genis69\n|j|\u2606bobforte22\n|t:|1700961685\n|gametype|doubles\n|player|p1|Genis69|hilbert|\n|player|p2|bobforte22|pilot|\n|teamsize|p1|6\n|teamsize|p2|6\n|gen|9\n|tier|[Gen 9] VGC 2023 Regulation E\n|rated|Tournament battle\n|rule|Species Clause: Limit one of each Pok\u00e9mon\n|rule|Item Clause: Limit one of each item\n|clearpoke\n|poke|p1|Thundurus, L50, M|\n|poke|p1|Iron Hands, L50|\n|poke|p1|Iron Bundle, L50|\n|poke|p1|Heatran, L50, F|\n|poke|p1|Tsareena, L50, F|\n|poke|p1|Flutter Mane, L50|\n|poke|p2|Chi-Yu, L50|\n|poke|p2|Jolteon, L50, F|\n|poke|p2|Iron Hands, L50|\n|poke|p2|Iron Bundle, L50|\n|poke|p2|Arcanine, L50, F|\n|poke|p2|Garchomp, L50, F|\n|teampreview|4\n|showteam|p1|Thundurus||MentalHerb|Prankster|ElectricTerrain,ThunderWave,WildboltStorm,Protect|||M|||50|,,,,,Steel]Iron Hands||AssaultVest|QuarkDrive|FakeOut,WildCharge,DrainPunch,HeavySlam||||||50|,,,,,Water]Iron Bundle||FocusSash|QuarkDrive|FreezeDry,IcyWind,HydroPump,Protect||||||50|,,,,,Ghost]Heatran||Leftovers|FlashFire|HeatWave,EarthPower,FlashCannon,Protect|||F|||50|,,,,,Fairy]Tsareena||LifeOrb|QueenlyMajesty|GrassyGlide,KnockOff,Uturn,HighJumpKick|||F|||50|,,,,,Water]Flutter Mane||ChoiceSpecs|Protosynthesis|DazzlingGleam,Moonblast,ShadowBall,Thunderbolt||||||50|,,,,,Fairy\n|showteam|p2|Chi-Yu||ChoiceSpecs|BeadsofRuin|DarkPulse,HeatWave,Flamethrower,TeraBlast||||||50|,,,,,Ghost]Jolteon||LifeOrb|VoltAbsorb|FakeTears,Protect,LightScreen,Thunderbolt|||F|||50|,,,,,Grass]Iron Hands||AssaultVest|QuarkDrive|FakeOut,TeraBlast,DrainPunch,WildCharge||||||50|,,,,,Fire]Iron Bundle||CovertCloak|QuarkDrive|FreezeDry,HydroPump,Protect,Encore||||||50|,,,,,Fairy]Arcanine||RockyHelmet|Intimidate|FlareBlitz,WillOWisp,Protect,WildCharge|||F|||50|,,,,,Water]Garchomp||SafetyGoggles|RoughSkin|StompingTantrum,Protect,TeraBlast,IronHead|||F|||50|,,,,,Water\n|c|\u2606bobforte22|Glhf\n|c|\u2606Genis69|glhf\n|inactive|Battle timer is ON: inactive players will automatically lose when time's up. (requested by bobforte22)\n|\n|t:|1700961729\n|start\n|switch|p1a: Thundurus|Thundurus, L50, M|100\/100\n|switch|p1b: Iron Hands|Iron Hands, L50|100\/100\n|switch|p2a: Arcanine|Arcanine, L50, F, shiny|100\/100\n|switch|p2b: Garchomp|Garchomp, L50, F|100\/100\n|-ability|p2a: Arcanine|Intimidate|boost\n|-unboost|p1a: Thundurus|atk|1\n|-unboost|p1b: Iron Hands|atk|1\n|turn|1\n|inactive|bobforte22 has 30 seconds left.\n|\n|t:|1700961763\n|move|p2a: Arcanine|Protect|p2a: Arcanine\n|-singleturn|p2a: Arcanine|Protect\n|move|p1b: Iron Hands|Fake Out|p2b: Garchomp\n|-damage|p2b: Garchomp|92\/100\n|-damage|p1b: Iron Hands|88\/100|[from] ability: Rough Skin|[of] p2b: Garchomp\n|move|p1a: Thundurus|Thunder Wave|p2a: Arcanine\n|-activate|p2a: Arcanine|move: Protect\n|cant|p2b: Garchomp|flinch\n|\n|upkeep\n|turn|2\n|inactive|Genis69 has 30 seconds left.\n|\n|t:|1700961791\n|move|p1a: Thundurus|Thunder Wave|p2a: Arcanine\n|-status|p2a: Arcanine|par\n|move|p2b: Garchomp|Iron Head|p1a: Thundurus\n|-resisted|p1a: Thundurus\n|-damage|p1a: Thundurus|87\/100\n|move|p1b: Iron Hands|Drain Punch|p2b: Garchomp\n|-damage|p2b: Garchomp|66\/100\n|-heal|p1b: Iron Hands|99\/100|[from] drain|[of] p2b: Garchomp\n|-damage|p1b: Iron Hands|87\/100|[from] ability: Rough Skin|[of] p2b: Garchomp\n|move|p2a: Arcanine|Will-O-Wisp|p1b: Iron Hands\n|-status|p1b: Iron Hands|brn\n|\n|-damage|p1b: Iron Hands|81\/100 brn|[from] brn\n|upkeep\n|turn|3\n|\n|t:|1700961813\n|move|p2a: Arcanine|Protect|p2a: Arcanine\n|-singleturn|p2a: Arcanine|Protect\n|move|p1a: Thundurus|Electric Terrain|p1a: Thundurus\n|-fieldstart|move: Electric Terrain\n|-activate|p1b: Iron Hands|ability: Quark Drive\n|-start|p1b: Iron Hands|quarkdrivedef\n|move|p2b: Garchomp|Stomping Tantrum|p1b: Iron Hands\n|-supereffective|p1b: Iron Hands\n|-damage|p1b: Iron Hands|46\/100 brn\n|move|p1b: Iron Hands|Wild Charge|p2a: Arcanine\n|-activate|p2a: Arcanine|move: Protect\n|\n|-damage|p1b: Iron Hands|40\/100 brn|[from] brn\n|upkeep\n|turn|4\n|\n|t:|1700961830\n|move|p1a: Thundurus|Protect|p1a: Thundurus\n|-singleturn|p1a: Thundurus|Protect\n|move|p2b: Garchomp|Stomping Tantrum|p1b: Iron Hands\n|-supereffective|p1b: Iron Hands\n|-damage|p1b: Iron Hands|6\/100 brn\n|move|p1b: Iron Hands|Drain Punch|p2b: Garchomp\n|-damage|p2b: Garchomp|53\/100\n|-heal|p1b: Iron Hands|11\/100 brn|[from] drain|[of] p2b: Garchomp\n|-damage|p1b: Iron Hands|0 fnt|[from] ability: Rough Skin|[of] p2b: Garchomp\n|faint|p1b: Iron Hands\n|-end|p1b: Iron Hands|Quark Drive|[silent]\n|move|p2a: Arcanine|Flare Blitz|p1a: Thundurus\n|-activate|p1a: Thundurus|move: Protect\n|\n|upkeep\n|\n|t:|1700961842\n|switch|p1b: Heatran|Heatran, L50, F|100\/100\n|turn|5\n|\n|t:|1700961864\n|move|p1b: Heatran|Protect|p1b: Heatran\n|-singleturn|p1b: Heatran|Protect\n|move|p1a: Thundurus|Thunder Wave|p2b: Garchomp\n|-immune|p2b: Garchomp\n|move|p2b: Garchomp|Stomping Tantrum|p1b: Heatran\n|-activate|p1b: Heatran|move: Protect\n|move|p2a: Arcanine|Flare Blitz|p1a: Thundurus\n|-damage|p1a: Thundurus|36\/100\n|-damage|p2a: Arcanine|84\/100 par|[from] Recoil\n|\n|upkeep\n|turn|6\n|\n|t:|1700961877\n|-terastallize|p1b: Heatran|Fairy\n|move|p1a: Thundurus|Protect|p1a: Thundurus\n|-singleturn|p1a: Thundurus|Protect\n|move|p2b: Garchomp|Protect|p2b: Garchomp\n|-singleturn|p2b: Garchomp|Protect\n|move|p1b: Heatran|Earth Power|p2b: Garchomp\n|-activate|p2b: Garchomp|move: Protect\n|move|p2a: Arcanine|Flare Blitz|p1a: Thundurus\n|-activate|p1a: Thundurus|move: Protect\n|\n|upkeep\n|turn|7\n|\n|t:|1700961893\n|move|p2b: Garchomp|Iron Head|p1b: Heatran\n|-supereffective|p1b: Heatran\n|-damage|p1b: Heatran|52\/100\n|move|p1a: Thundurus|Wildbolt Storm|p2a: Arcanine|[spread] p2a\n|-immune|p2b: Garchomp\n|-damage|p2a: Arcanine|50\/100 par\n|move|p1b: Heatran|Earth Power|p2b: Garchomp\n|-damage|p2b: Garchomp|18\/100\n|move|p2a: Arcanine|Flare Blitz|p1a: Thundurus\n|-damage|p1a: Thundurus|0 fnt\n|faint|p1a: Thundurus\n|-damage|p2a: Arcanine|38\/100 par|[from] Recoil\n|\n|-heal|p1b: Heatran|57\/100|[from] item: Leftovers\n|-fieldend|move: Electric Terrain\n|upkeep\n|\n|t:|1700961901\n|switch|p1a: Tsareena|Tsareena, L50, F|100\/100\n|turn|8\n|inactive|bobforte22 has 30 seconds left.\n|\n|t:|1700961928\n|move|p2b: Garchomp|Iron Head|p1b: Heatran\n|-supereffective|p1b: Heatran\n|-damage|p1b: Heatran|10\/100\n|move|p1a: Tsareena|Knock Off|p2b: Garchomp\n|-damage|p2b: Garchomp|0 fnt\n|-damage|p1a: Tsareena|88\/100|[from] ability: Rough Skin|[of] p2b: Garchomp\n|-enditem|p2b: Garchomp|Safety Goggles|[from] move: Knock Off|[of] p1a: Tsareena\n|faint|p2b: Garchomp\n|-damage|p1a: Tsareena|78\/100|[from] item: Life Orb\n|move|p1b: Heatran|Earth Power|p2a: Arcanine\n|-supereffective|p2a: Arcanine\n|-crit|p2a: Arcanine\n|-damage|p2a: Arcanine|0 fnt\n|faint|p2a: Arcanine\n|\n|-heal|p1b: Heatran|15\/100|[from] item: Leftovers\n|upkeep\n|\n|t:|1700961940\n|switch|p2b: Chi-Yu|Chi-Yu, L50|100\/100\n|switch|p2a: Iron Hands|Iron Hands, L50|100\/100\n|-ability|p2b: Chi-Yu|Beads of Ruin\n|turn|9\n|j| 0001110101k\n|inactive|Genis69 has 30 seconds left.\n|inactive|bobforte22 has 30 seconds left.\n|\n|t:|1700961970\n|-terastallize|p2a: Iron Hands|Fire\n|move|p1b: Heatran|Protect|p1b: Heatran\n|-singleturn|p1b: Heatran|Protect\n|move|p2a: Iron Hands|Fake Out||[still]\n|cant|p1a: Tsareena|ability: Queenly Majesty|Fake Out|[of] p2a: Iron Hands\n|move|p2b: Chi-Yu|Flamethrower|p1a: Tsareena\n|-supereffective|p1a: Tsareena\n|-damage|p1a: Tsareena|0 fnt\n|faint|p1a: Tsareena\n|\n|-heal|p1b: Heatran|21\/100|[from] item: Leftovers\n|upkeep\n|turn|10\n|l| 0001110101k\n|\n|t:|1700961991\n|move|p2b: Chi-Yu|Flamethrower|p1b: Heatran\n|-start|p1b: Heatran|ability: Flash Fire\n|move|p1b: Heatran|Earth Power|p2a: Iron Hands\n|-supereffective|p2a: Iron Hands\n|-damage|p2a: Iron Hands|57\/100\n|move|p2a: Iron Hands|Wild Charge|p1b: Heatran\n|-damage|p1b: Heatran|0 fnt\n|faint|p1b: Heatran\n|-damage|p2a: Iron Hands|53\/100|[from] Recoil\n|\n|win|bobforte22\n|n|\u2606Genis69|genis69\n|n|\u2606bobforte22|bobforte22\n|c|\u2606Genis69|gg\n|c|\u2606bobforte22|Gg\n","uploadtime":1700962007,"views":2,"p1id":"genis69","p2id":"bobforte22","formatid":"gen9vgc2023regulatione","rating":0,"private":0,"password":""}