{"id":"gen9vgc2023regulatione-1998976225","p1":"Wobbuffap","p2":"The Greech","format":"[Gen 9] VGC 2023 Regulation E","log":"|j|\u2606Wobbuffap\n|j|\u2606The Greech\n|t:|1701019830\n|gametype|doubles\n|player|p1|Wobbuffap|clown|1275\n|player|p2|The Greech|infielder|1357\n|teamsize|p1|6\n|teamsize|p2|6\n|gen|9\n|tier|[Gen 9] VGC 2023 Regulation E\n|rated|\n|rule|Species Clause: Limit one of each Pok\u00e9mon\n|rule|Item Clause: Limit one of each item\n|clearpoke\n|poke|p1|Ribombee, L50, M|\n|poke|p1|Urshifu-*, L50, M|\n|poke|p1|Lilligant-Hisui, L50, F|\n|poke|p1|Flutter Mane, L50|\n|poke|p1|Torkoal, L50, F|\n|poke|p1|Great Tusk, L50|\n|poke|p2|Salamence, L50, F|\n|poke|p2|Kingambit, L50, F|\n|poke|p2|Urshifu-*, L50, F|\n|poke|p2|Tornadus, L50, M|\n|poke|p2|Ogerpon-Wellspring, L50, F|\n|poke|p2|Farigiraf, L50, F|\n|teampreview|4\nThe Greech has agreed to open team sheets.\n|inactive|Battle timer is ON: inactive players will automatically lose when time's up. (requested by Wobbuffap)\nWobbuffap rejected open team sheets.\n|\n|t:|1701019937\n|start\n|switch|p1a: Lilligant|Lilligant-Hisui, L50, F|100\/100\n|switch|p1b: Torkoal|Torkoal, L50, F|100\/100\n|switch|p2a: Tornadus|Tornadus, L50, M|100\/100\n|switch|p2b: Urshifu|Urshifu-Rapid-Strike, L50, F|100\/100\n|-weather|SunnyDay|[from] ability: Drought|[of] p1b: Torkoal\n|turn|1\n|inactive|Wobbuffap has 30 seconds left.\n|\n|t:|1701019971\n|switch|p2b: Salamence|Salamence, L50, F|100\/100\n|-ability|p2b: Salamence|Intimidate|boost\n|-unboost|p1a: Lilligant|atk|1\n|-unboost|p1b: Torkoal|atk|1\n|move|p1b: Torkoal|Helping Hand|p1a: Lilligant\n|-singleturn|p1a: Lilligant|Helping Hand|[of] p1b: Torkoal\n|move|p2a: Tornadus|Rain Dance|p2a: Tornadus\n|-weather|RainDance\n|move|p1a: Lilligant|Leaf Blade|p2b: Salamence\n|-resisted|p2b: Salamence\n|-damage|p2b: Salamence|89\/100\n|\n|-weather|RainDance|[upkeep]\n|upkeep\n|turn|2\n|\n|t:|1701019990\n|switch|p1b: Great Tusk|Great Tusk, L50|100\/100\n|move|p1a: Lilligant|Sleep Powder|p2b: Salamence\n|-status|p2b: Salamence|slp|[from] move: Sleep Powder\n|cant|p2b: Salamence|slp\n|move|p2a: Tornadus|Bleakwind Storm|p1a: Lilligant|[spread] p1a,p1b\n|-supereffective|p1a: Lilligant\n|-supereffective|p1b: Great Tusk\n|-damage|p1a: Lilligant|0 fnt\n|-damage|p1b: Great Tusk|60\/100\n|faint|p1a: Lilligant\n|\n|-weather|RainDance|[upkeep]\n|upkeep\n|\n|t:|1701019993\n|switch|p1a: Ribombee|Ribombee, L50, M|100\/100\n|turn|3\n|\n|t:|1701020017\n|switch|p2b: Ogerpon|Ogerpon-Wellspring, L50, F|100\/100\n|move|p1a: Ribombee|Tailwind|p1a: Ribombee\n|-sidestart|p1: Wobbuffap|move: Tailwind\n|move|p1b: Great Tusk|Knock Off|p2a: Tornadus\n|-damage|p2a: Tornadus|72\/100\n|-enditem|p2a: Tornadus|Covert Cloak|[from] move: Knock Off|[of] p1b: Great Tusk\n|move|p2a: Tornadus|Bleakwind Storm|p1b: Great Tusk|[spread] p1a,p1b\n|-supereffective|p1a: Ribombee\n|-supereffective|p1b: Great Tusk\n|-enditem|p1a: Ribombee|Focus Sash\n|-damage|p1a: Ribombee|1\/100\n|-damage|p1b: Great Tusk|13\/100\n|\n|-weather|RainDance|[upkeep]\n|upkeep\n|turn|4\n|\n|t:|1701020040\n|move|p2b: Ogerpon|Spiky Shield|p2b: Ogerpon\n|-singleturn|p2b: Ogerpon|move: Protect\n|move|p2a: Tornadus|Tailwind|p2a: Tornadus\n|-sidestart|p2: The Greech|move: Tailwind\n|move|p1a: Ribombee|Dazzling Gleam|p2b: Ogerpon|[spread] p2a\n|-activate|p2b: Ogerpon|move: Protect\n|-damage|p2a: Tornadus|45\/100\n|move|p1b: Great Tusk|Ice Spinner|p2a: Tornadus\n|-supereffective|p2a: Tornadus\n|-damage|p2a: Tornadus|0 fnt\n|faint|p2a: Tornadus\n|\n|-weather|RainDance|[upkeep]\n|upkeep\n|\n|t:|1701020053\n|switch|p2a: Urshifu|Urshifu-Rapid-Strike, L50, F|100\/100\n|turn|5\n|\n|t:|1701020068\n|move|p2a: Urshifu|Aqua Jet|p1a: Ribombee\n|-damage|p1a: Ribombee|0 fnt\n|faint|p1a: Ribombee\n|move|p2b: Ogerpon|Horn Leech|p1b: Great Tusk\n|-supereffective|p1b: Great Tusk\n|-damage|p1b: Great Tusk|0 fnt\n|faint|p1b: Great Tusk\n|-end|p1b: Great Tusk|Protosynthesis|[silent]\n|\n|-weather|none\n|upkeep\n|\n|t:|1701020070\n|switch|p1b: Torkoal|Torkoal, L50, F|100\/100\n|-weather|SunnyDay|[from] ability: Drought|[of] p1b: Torkoal\n|turn|6\n|l|\u2606Wobbuffap\n|inactive|Wobbuffap disconnected and has a minute to reconnect!\n|player|p1|\n|inactive|The Greech has 30 seconds left.\n|\n|t:|1701020097\n|-terastallize|p2b: Ogerpon|Water\n|detailschange|p2b: Ogerpon|Ogerpon-Wellspring-Tera, L50, F, tera:Water\n|-ability|p2b: Ogerpon|Embody Aspect (Wellspring)|boost\n|-boost|p2b: Ogerpon|spd|1\n|-terastallize|p1b: Torkoal|Fire\n|move|p2a: Urshifu|Surging Strikes|p1b: Torkoal\n|-supereffective|p1b: Torkoal\n|-crit|p1b: Torkoal\n|-damage|p1b: Torkoal|82\/100\n|-supereffective|p1b: Torkoal\n|-crit|p1b: Torkoal\n|-damage|p1b: Torkoal|62\/100\n|-supereffective|p1b: Torkoal\n|-crit|p1b: Torkoal\n|-damage|p1b: Torkoal|42\/100\n|-hitcount|p1b: Torkoal|3\n|move|p2b: Ogerpon|Ivy Cudgel|p1b: Torkoal|[anim] Ivy Cudgel Water\n|-supereffective|p1b: Torkoal\n|-damage|p1b: Torkoal|0 fnt\n|faint|p1b: Torkoal\n|\n|win|The Greech\n|raw|Wobbuffap's rating: 1275 &rarr; <strong>1256<\/strong><br \/>(-19 for losing)\n|raw|The Greech's rating: 1357 &rarr; <strong>1372<\/strong><br \/>(+15 for winning)\n","uploadtime":1701020112,"views":5,"p1id":"wobbuffap","p2id":"thegreech","formatid":"gen9vgc2023regulatione","rating":1256,"private":0,"password":""}