{"id":"gen9vgc2023regulatione-1996668519","p1":"jellyfishgirl","p2":"wolf in balance","format":"[Gen 9] VGC 2023 Regulation E","log":"|j|\u2606jellyfishgirl\n|j|\u2606wolf in balance\n|t:|1700707411\n|gametype|doubles\n|player|p1|jellyfishgirl|265|1107\n|player|p2|wolf in balance|hilbert-wonderlauncher|1002\n|teamsize|p1|6\n|teamsize|p2|6\n|gen|9\n|tier|[Gen 9] VGC 2023 Regulation E\n|rated|\n|rule|Species Clause: Limit one of each Pok\u00e9mon\n|rule|Item Clause: Limit one of each item\n|clearpoke\n|poke|p1|Tornadus, L50, M|\n|poke|p1|Arcanine-Hisui, L50, M|\n|poke|p1|Iron Hands, L50|\n|poke|p1|Urshifu-*, L50, M|\n|poke|p1|Sinistcha, L50|\n|poke|p1|Chien-Pao, L50|\n|poke|p2|Ninetales-Alola, L50, F|\n|poke|p2|Articuno, L50|\n|poke|p2|Glaceon, L50, M|\n|poke|p2|Sandslash-Alola, L50, M|\n|poke|p2|Cetitan, L50, F|\n|poke|p2|Houndoom, L50, M|\n|teampreview|4\n|inactive|Battle timer is ON: inactive players will automatically lose when time's up. (requested by jellyfishgirl)\n|\n|t:|1700707441\n|start\n|switch|p1a: Tornadus|Tornadus, L50, M|100\/100\n|switch|p1b: Arcanine|Arcanine-Hisui, L50, M|100\/100\n|switch|p2a: Ninetales|Ninetales-Alola, L50, F|100\/100\n|switch|p2b: Articuno|Articuno, L50|100\/100\n|-weather|Snow|[from] ability: Snow Warning|[of] p2a: Ninetales\n|-ability|p1b: Arcanine|Intimidate|boost\n|-unboost|p2a: Ninetales|atk|1\n|-unboost|p2b: Articuno|atk|1\n|turn|1\n|inactive|jellyfishgirl has 30 seconds left.\n|inactive|wolf in balance has 30 seconds left.\n|inactive|jellyfishgirl has 20 seconds left.\n|\n|t:|1700707477\n|-terastallize|p1b: Arcanine|Fairy\n|move|p1a: Tornadus|Taunt|p2a: Ninetales\n|-start|p2a: Ninetales|move: Taunt\n|move|p2a: Ninetales|Blizzard|p1b: Arcanine|[spread] p1a,p1b\n|-supereffective|p1a: Tornadus\n|-damage|p1a: Tornadus|18\/100\n|-damage|p1b: Arcanine|60\/100\n|move|p1b: Arcanine|Rock Slide|p2a: Ninetales|[spread] p2a\n|-miss|p1b: Arcanine|p2b: Articuno\n|-supereffective|p2a: Ninetales\n|-damage|p2a: Ninetales|10\/100\n|move|p2b: Articuno|Blizzard|p1b: Arcanine|[spread] p1a,p1b\n|-supereffective|p1a: Tornadus\n|-damage|p1a: Tornadus|0 fnt\n|-damage|p1b: Arcanine|14\/100\n|-status|p1b: Arcanine|frz\n|faint|p1a: Tornadus\n|\n|-weather|Snow|[upkeep]\n|upkeep\n|\n|t:|1700707498\n|switch|p1a: Iron Hands|Iron Hands, L50|100\/100\n|turn|2\n|n|!wolf in balance|wolfinbalance\n|\n|t:|1700707509\n|move|p2a: Ninetales|Moonblast|p1a: Iron Hands\n|-supereffective|p1a: Iron Hands\n|-damage|p1a: Iron Hands|26\/100\n|cant|p1b: Arcanine|frz\n|move|p2b: Articuno|Hurricane|p1a: Iron Hands\n|-damage|p1a: Iron Hands|0 fnt\n|faint|p1a: Iron Hands\n|-end|p1a: Iron Hands|Quark Drive|[silent]\n|\n|-weather|Snow|[upkeep]\n|upkeep\n|\n|t:|1700707522\n|switch|p1a: Chien-Pao|Chien-Pao, L50|100\/100\n|-ability|p1a: Chien-Pao|Sword of Ruin\n|turn|3\n|\n|t:|1700707537\n|switch|p2a: Sandslash|Sandslash-Alola, L50, M|100\/100\n|move|p1a: Chien-Pao|Sucker Punch|p2b: Articuno\n|-damage|p2b: Articuno|70\/100\n|-curestatus|p1b: Arcanine|frz|[msg]\n|move|p1b: Arcanine|Rock Slide|p2b: Articuno|[spread] p2a,p2b\n|-supereffective|p2b: Articuno\n|-damage|p2a: Sandslash|70\/100\n|-damage|p2b: Articuno|0 fnt\n|faint|p2b: Articuno\n|\n|-weather|Snow|[upkeep]\n|upkeep\n|\n|t:|1700707548\n|switch|p2b: Cetitan|Cetitan, L50, F|100\/100\n|turn|4\n|\n|t:|1700707562\n|move|p1a: Chien-Pao|Sucker Punch|p2a: Sandslash\n|-damage|p2a: Sandslash|40\/100\n|move|p2b: Cetitan|Liquidation|p1b: Arcanine\n|-damage|p1b: Arcanine|0 fnt\n|faint|p1b: Arcanine\n|move|p2a: Sandslash|Iron Head|p1a: Chien-Pao\n|-supereffective|p1a: Chien-Pao\n|-damage|p1a: Chien-Pao|8\/100\n|-damage|p2a: Sandslash|30\/100|[from] item: Life Orb\n|\n|-weather|Snow|[upkeep]\n|upkeep\n|turn|5\n|-message|jellyfishgirl forfeited.\n|\n|win|wolf in balance\n|raw|jellyfishgirl's rating: 1107 &rarr; <strong>1075<\/strong><br \/>(-32 for losing)\n|raw|wolf in balance's rating: 1002 &rarr; <strong>1053<\/strong><br \/>(+51 for winning)\n|l|\u2606jellyfishgirl\n","uploadtime":1700707505,"views":8,"p1id":"jellyfishgirl","p2id":"wolfinbalance","formatid":"gen9vgc2023regulatione","rating":1053,"private":0,"password":""}