{"id":"gen9vgc2023regulatione-1999237824","p1":"SirRundas","p2":"sabu_emari","format":"[Gen 9] VGC 2023 Regulation E","log":"|j|\u2606SirRundas\n|j|\u2606sabu_emari\n|t:|1701049224\n|gametype|doubles\n|player|p1|SirRundas|2|1000\n|player|p2|sabu_emari|265|1101\n|teamsize|p1|6\n|teamsize|p2|6\n|gen|9\n|tier|[Gen 9] VGC 2023 Regulation E\n|rated|\n|rule|Species Clause: Limit one of each Pok\u00e9mon\n|rule|Item Clause: Limit one of each item\n|clearpoke\n|poke|p1|Gholdengo, L50|\n|poke|p1|Magnezone, L50|\n|poke|p1|Glimmora, L50, F|\n|poke|p1|Tyranitar, L50, F|\n|poke|p1|Tornadus, L50, M|\n|poke|p1|Lycanroc, L50, F|\n|poke|p2|Arcanine-Hisui, L50, M|\n|poke|p2|Ursaluna-Bloodmoon, L50, M|\n|poke|p2|Sinistcha, L50|\n|poke|p2|Dragonite, L50, M|\n|poke|p2|Ribombee, L50, F|\n|poke|p2|Iron Bundle, L50|\n|teampreview|4\n|\n|t:|1701049274\n|start\n|switch|p1a: Gojira|Tyranitar, L50, F, shiny|100\/100\n|switch|p1b: Ratchet|Lycanroc, L50, F, shiny|100\/100\n|switch|p2a: Ribombee|Ribombee, L50, F|100\/100\n|switch|p2b: Arcanine|Arcanine-Hisui, L50, M|100\/100\n|-weather|Sandstorm|[from] ability: Sand Stream|[of] p1a: Gojira\n|turn|1\n|\n|t:|1701049331\n|move|p1b: Ratchet|Protect|p1b: Ratchet\n|-singleturn|p1b: Ratchet|Protect\n|move|p2a: Ribombee|Tailwind|p2a: Ribombee\n|-sidestart|p2: sabu_emari|move: Tailwind\n|move|p2b: Arcanine|Rock Slide|p1b: Ratchet|[spread] p1a\n|-activate|p1b: Ratchet|move: Protect\n|-damage|p1a: Gojira|75\/100\n|-damage|p2b: Arcanine|90\/100|[from] item: Life Orb\n|move|p1a: Gojira|Earthquake|p2b: Arcanine|[spread] p2a,p2b\n|-activate|p1b: Ratchet|move: Protect\n|-resisted|p2a: Ribombee\n|-supereffective|p2b: Arcanine\n|-damage|p2a: Ribombee|76\/100\n|-damage|p2b: Arcanine|0 fnt\n|faint|p2b: Arcanine\n|\n|-weather|Sandstorm|[upkeep]\n|-damage|p2a: Ribombee|70\/100|[from] Sandstorm\n|upkeep\n|\n|t:|1701049347\n|switch|p2b: Iron Bundle|Iron Bundle, L50|100\/100\n|-enditem|p2b: Iron Bundle|Booster Energy\n|-activate|p2b: Iron Bundle|ability: Quark Drive|[fromitem]\n|-start|p2b: Iron Bundle|quarkdrivespe\n|turn|2\n|\n|t:|1701049386\n|switch|p1b: Mofra|Glimmora, L50, F|100\/100\n|move|p2b: Iron Bundle|Hydro Pump|p1b: Mofra\n|-supereffective|p1b: Mofra\n|-damage|p1b: Mofra|31\/100\n|move|p2a: Ribombee|Moonblast|p1a: Gojira\n|-supereffective|p1a: Gojira\n|-damage|p1a: Gojira|46\/100\n|move|p1a: Gojira|Heavy Slam|p2a: Ribombee\n|-supereffective|p2a: Ribombee\n|-damage|p2a: Ribombee|0 fnt\n|faint|p2a: Ribombee\n|\n|-weather|Sandstorm|[upkeep]\n|-damage|p2b: Iron Bundle|94\/100|[from] Sandstorm\n|upkeep\n|\n|t:|1701049399\n|switch|p2a: Ursaluna|Ursaluna-Bloodmoon, L50, M|100\/100\n|turn|3\n|\n|t:|1701049418\n|move|p2b: Iron Bundle|Hydro Pump|p1a: Gojira\n|-supereffective|p1a: Gojira\n|-damage|p1a: Gojira|3\/100\n|move|p2a: Ursaluna|Earth Power|p1b: Mofra\n|-supereffective|p1b: Mofra\n|-damage|p1b: Mofra|0 fnt\n|faint|p1b: Mofra\n|move|p1a: Gojira|Earthquake|p2b: Iron Bundle|[spread] p2a,p2b\n|-damage|p2a: Ursaluna|82\/100\n|-damage|p2b: Iron Bundle|66\/100\n|\n|-weather|Sandstorm|[upkeep]\n|-damage|p2b: Iron Bundle|60\/100|[from] Sandstorm\n|upkeep\n|\n|t:|1701049450\n|switch|p1b: Ratchet|Lycanroc, L50, F, shiny|100\/100\n|turn|4\n|\n|t:|1701049479\n|move|p1b: Ratchet|Protect|p1b: Ratchet\n|-singleturn|p1b: Ratchet|Protect\n|move|p2b: Iron Bundle|Hydro Pump|p1b: Ratchet\n|-activate|p1b: Ratchet|move: Protect\n|move|p2a: Ursaluna|Hyper Voice|p1a: Gojira|[spread] p1a\n|-activate|p1b: Ratchet|move: Protect\n|-resisted|p1a: Gojira\n|-crit|p1a: Gojira\n|-damage|p1a: Gojira|0 fnt\n|faint|p1a: Gojira\n|\n|-weather|Sandstorm|[upkeep]\n|-damage|p2b: Iron Bundle|54\/100|[from] Sandstorm\n|-sideend|p2: sabu_emari|move: Tailwind\n|upkeep\n|\n|t:|1701049491\n|switch|p1a: Tube Man|Gholdengo, L50, shiny|100\/100\n|turn|5\n|\n|t:|1701049521\n|-terastallize|p2a: Ursaluna|Normal\n|move|p1b: Ratchet|Iron Head|p2a: Ursaluna\n|-damage|p2a: Ursaluna|62\/100\n|move|p2b: Iron Bundle|Hydro Pump|p1b: Ratchet\n|-supereffective|p1b: Ratchet\n|-damage|p1b: Ratchet|0 fnt\n|faint|p1b: Ratchet\n|move|p1a: Tube Man|Make It Rain|p2a: Ursaluna|[spread] p2a,p2b\n|-damage|p2a: Ursaluna|0 fnt\n|-damage|p2b: Iron Bundle|0 fnt\n|-unboost|p1a: Tube Man|spa|1\n|faint|p2a: Ursaluna\n|faint|p2b: Iron Bundle\n|-end|p2b: Iron Bundle|Quark Drive|[silent]\n|\n|win|SirRundas\n|raw|SirRundas's rating: 1000 &rarr; <strong>1051<\/strong><br \/>(+51 for winning)\n|raw|sabu_emari's rating: 1101 &rarr; <strong>1069<\/strong><br \/>(-32 for losing)\n|l|\u2606sabu_emari\n","uploadtime":1701049554,"views":8,"p1id":"sirrundas","p2id":"sabuemari","formatid":"gen9vgc2023regulatione","rating":1051,"private":0,"password":""}