{"id":"gen9vgc2023regulatione-1997633708","p1":"Losingwithbadteam","p2":"Pojer","format":"[Gen 9] VGC 2023 Regulation E","log":"|j|\u2606Losingwithbadteam\n|j|\u2606Pojer\n|t:|1700835566\n|gametype|doubles\n|player|p1|Losingwithbadteam|102|1191\n|player|p2|Pojer|benga|1276\n|teamsize|p1|6\n|teamsize|p2|6\n|gen|9\n|tier|[Gen 9] VGC 2023 Regulation E\n|rated|\n|rule|Species Clause: Limit one of each Pok\u00e9mon\n|rule|Item Clause: Limit one of each item\n|clearpoke\n|poke|p1|Oranguru, L50, M|\n|poke|p1|Skeledirge, L50, M|\n|poke|p1|Ogerpon-Wellspring, L50, F|\n|poke|p1|Flutter Mane, L50|\n|poke|p1|Iron Hands, L50|\n|poke|p1|Rillaboom, L50, M|\n|poke|p2|Urshifu-*, L50, F|\n|poke|p2|Arcanine-Hisui, L50, F|\n|poke|p2|Tornadus, L50, M|\n|poke|p2|Flutter Mane, L50|\n|poke|p2|Rillaboom, L50, F|\n|poke|p2|Chien-Pao, L50|\n|teampreview|4\n|inactive|Battle timer is ON: inactive players will automatically lose when time's up. (requested by Pojer)\n|inactive|Losingwithbadteam also wants the timer to be on.\n|\n|t:|1700835583\n|start\n|switch|p1a: Oranguru|Oranguru, L50, M|100\/100\n|switch|p1b: Skeledirge|Skeledirge, L50, M|100\/100\n|switch|p2a: Tornadus|Tornadus, L50, M|100\/100\n|switch|p2b: Arcanine|Arcanine-Hisui, L50, F|100\/100\n|-ability|p2b: Arcanine|Intimidate|boost\n|-fail|p1a: Oranguru|unboost|Attack|[from] ability: Inner Focus|[of] p1a: Oranguru\n|-unboost|p1b: Skeledirge|atk|1\n|turn|1\n|\n|t:|1700835599\n|-terastallize|p1b: Skeledirge|Fairy\n|move|p2a: Tornadus|Bleakwind Storm|p1b: Skeledirge|[spread] p1a\n|-miss|p2a: Tornadus|p1b: Skeledirge\n|-damage|p1a: Oranguru|71\/100\n|move|p2b: Arcanine|Rock Slide|p1b: Skeledirge|[spread] p1a,p1b\n|-damage|p1a: Oranguru|39\/100\n|-damage|p1b: Skeledirge|63\/100\n|cant|p1b: Skeledirge|flinch\n|move|p1a: Oranguru|Trick Room|p1a: Oranguru\n|-fieldstart|move: Trick Room|[of] p1a: Oranguru\n|\n|upkeep\n|turn|2\n|\n|t:|1700835617\n|move|p1b: Skeledirge|Shadow Ball|p2b: Arcanine\n|-damage|p2b: Arcanine|49\/100\n|move|p1a: Oranguru|Instruct|p1b: Skeledirge\n|-singleturn|p1b: Skeledirge|move: Instruct|[of] p1a: Oranguru\n|move|p1b: Skeledirge|Shadow Ball|p2b: Arcanine\n|-damage|p2b: Arcanine|2\/100\n|move|p2b: Arcanine|Rock Slide|p1b: Skeledirge|[spread] p1b\n|-miss|p2b: Arcanine|p1a: Oranguru\n|-damage|p1b: Skeledirge|28\/100\n|move|p2a: Tornadus|Bleakwind Storm|p1b: Skeledirge|[spread] p1a,p1b\n|-damage|p1a: Oranguru|8\/100\n|-damage|p1b: Skeledirge|0 fnt\n|faint|p1b: Skeledirge\n|\n|upkeep\n|c|\u2606Losingwithbadteam|Such fucking bullshit\n|c|\u2606Losingwithbadteam|Dumbass flinch.\n|\n|t:|1700835633\n|switch|p1b: Ogerpon|Ogerpon-Wellspring, L50, F|100\/100\n|turn|3\n|\n|t:|1700835638\n|switch|p2b: Rillaboom|Rillaboom, L50, F|100\/100\n|-fieldstart|move: Grassy Terrain|[from] ability: Grassy Surge|[of] p2b: Rillaboom\n|move|p1a: Oranguru|Instruct||[still]\n|-fail|p1a: Oranguru\n|move|p1b: Ogerpon|Ivy Cudgel|p2a: Tornadus|[anim] Ivy Cudgel Water\n|-damage|p2a: Tornadus|4\/100\n|move|p2a: Tornadus|Bleakwind Storm|p1b: Ogerpon|[spread] p1a,p1b\n|-supereffective|p1b: Ogerpon\n|-crit|p1b: Ogerpon\n|-damage|p1a: Oranguru|0 fnt\n|-damage|p1b: Ogerpon|0 fnt\n|faint|p1a: Oranguru\n|faint|p1b: Ogerpon\n|\n|upkeep\n|\n|t:|1700835647\n|switch|p1b: Iron Hands|Iron Hands, L50|100\/100\n|turn|4\n|\n|t:|1700835651\n|move|p1b: Iron Hands|Fake Out|p2b: Rillaboom\n|-damage|p2b: Rillaboom|85\/100\n|cant|p2b: Rillaboom|flinch\n|move|p2a: Tornadus|Bleakwind Storm|p1b: Iron Hands\n|-damage|p1b: Iron Hands|60\/100\n|-unboost|p1b: Iron Hands|spe|1\n|\n|-heal|p1b: Iron Hands|66\/100|[from] Grassy Terrain\n|-heal|p2b: Rillaboom|91\/100|[from] Grassy Terrain\n|upkeep\n|turn|5\n|\n|t:|1700835660\n|move|p2b: Rillaboom|Grassy Glide|p1b: Iron Hands\n|-damage|p1b: Iron Hands|41\/100\n|move|p1b: Iron Hands|Drain Punch|p2b: Rillaboom\n|-damage|p2b: Rillaboom|47\/100\n|-heal|p1b: Iron Hands|60\/100|[from] drain|[of] p2b: Rillaboom\n|move|p2a: Tornadus|Bleakwind Storm|p1b: Iron Hands|[miss]\n|-miss|p2a: Tornadus|p1b: Iron Hands\n|\n|-heal|p1b: Iron Hands|66\/100|[from] Grassy Terrain\n|-heal|p2b: Rillaboom|52\/100|[from] Grassy Terrain\n|-fieldend|move: Trick Room\n|upkeep\n|turn|6\n|\n|t:|1700835666\n|move|p2a: Tornadus|Bleakwind Storm|p1b: Iron Hands\n|-damage|p1b: Iron Hands|29\/100\n|move|p2b: Rillaboom|Wood Hammer|p1b: Iron Hands\n|-damage|p1b: Iron Hands|0 fnt\n|faint|p1b: Iron Hands\n|-end|p1b: Iron Hands|Quark Drive|[silent]\n|-damage|p2b: Rillaboom|41\/100|[from] Recoil\n|\n|win|Pojer\n|raw|Losingwithbadteam's rating: 1191 &rarr; <strong>1172<\/strong><br \/>(-19 for losing)\n|raw|Pojer's rating: 1276 &rarr; <strong>1295<\/strong><br \/>(+19 for winning)\n","uploadtime":1700835626,"views":3,"p1id":"losingwithbadteam","p2id":"pojer","formatid":"gen9vgc2023regulatione","rating":1172,"private":0,"password":""}