{"id":"gen9vgc2023regulatione-1998515960","p1":"WilfredVGC","p2":"901TEK","format":"[Gen 9] VGC 2023 Regulation E","log":"|j|\u2606WilfredVGC\n|j|\u2606901TEK\n|n|\u2606WilfredVGC|wilfredvgc\n|n|\u2606901TEK|901tek\n|html|View the match progress at <a href=\"\/game-bestof3-gen9vgc2023regulatione-1998515959\">game-bestof3-gen9vgc2023regulatione-1998515959<\/a>\n|t:|1700951163\n|gametype|doubles\n|player|p1|WilfredVGC|sabrina-masters|\n|player|p2|901TEK|cilan|\n|teamsize|p1|6\n|teamsize|p2|6\n|gen|9\n|tier|[Gen 9] VGC 2023 Regulation E\n|rule|Species Clause: Limit one of each Pok\u00e9mon\n|rule|Item Clause: Limit one of each item\n|clearpoke\n|poke|p1|Urshifu-*, L50, F|\n|poke|p1|Landorus-Therian, L50, M|\n|poke|p1|Flutter Mane, L50|\n|poke|p1|Gholdengo, L50|\n|poke|p1|Iron Hands, L50|\n|poke|p1|Amoonguss, L50, M|\n|poke|p2|Chien-Pao, L50|\n|poke|p2|Rillaboom, L50, M|\n|poke|p2|Arcanine-Hisui, L50, M|\n|poke|p2|Urshifu-*, L50, F|\n|poke|p2|Tornadus, L50, M|\n|poke|p2|Flutter Mane, L50|\n|teampreview|4\nWilfredVGC has agreed to open team sheets.\n|c|\u2606WilfredVGC|glhf\n901TEK has agreed to open team sheets.\n|showteam|p1|Urshifu||BlackGlasses|UnseenFist|WickedBlow,SuckerPunch,CloseCombat,Detect|||F|||50|,,,,,Poison]Landorus-Therian||ChoiceScarf|Intimidate|TeraBlast,StompingTantrum,RockSlide,Uturn|||M|||50|,,,,,Flying]Flutter Mane||BoosterEnergy|Protosynthesis|DazzlingGleam,ShadowBall,IcyWind,Protect||||||50|,,,,,Fairy]Gholdengo||Leftovers|GoodasGold|MakeItRain,ShadowBall,NastyPlot,Protect||||||50|,,,,,Dragon]Iron Hands||AssaultVest|QuarkDrive|DrainPunch,WildCharge,HeavySlam,FakeOut||||||50|,,,,,Water]Amoonguss||RockyHelmet|Regenerator|RagePowder,Spore,PollenPuff,Protect|||M|||50|,,,,,Water\n|showteam|p2|Chien-Pao||FocusSash|SwordofRuin|SuckerPunch,IcicleCrash,SacredSword,Protect||||||50|,,,,,Ghost]Rillaboom||AssaultVest|GrassySurge|WoodHammer,GrassyGlide,Uturn,FakeOut|||M|||50|,,,,,Fire]Arcanine-Hisui||ChoiceBand|Intimidate|FlareBlitz,HeadSmash,RockSlide,ExtremeSpeed|||M|||50|,,,,,Normal]Urshifu-Rapid-Strike||MysticWater|UnseenFist|SurgingStrikes,AquaJet,CloseCombat,Protect|||F|||50|,,,,,Water]Tornadus||RockyHelmet|Prankster|BleakwindStorm,Taunt,Tailwind,RainDance|||M|||50|,,,,,Ghost]Flutter Mane||BoosterEnergy|Protosynthesis|ShadowBall,Moonblast,DazzlingGleam,Protect||||||50|,,,,,Fairy\n|\n|t:|1700951206\n|start\n|switch|p1a: Flutter Mane|Flutter Mane, L50|100\/100\n|switch|p1b: Landorus|Landorus-Therian, L50, M|100\/100\n|switch|p2a: Tornadus|Tornadus, L50, M|100\/100\n|switch|p2b: Arcanine|Arcanine-Hisui, L50, M|100\/100\n|-ability|p1b: Landorus|Intimidate|boost\n|-unboost|p2a: Tornadus|atk|1\n|-unboost|p2b: Arcanine|atk|1\n|-ability|p2b: Arcanine|Intimidate|boost\n|-unboost|p1a: Flutter Mane|atk|1\n|-unboost|p1b: Landorus|atk|1\n|-enditem|p1a: Flutter Mane|Booster Energy\n|-activate|p1a: Flutter Mane|ability: Protosynthesis|[fromitem]\n|-start|p1a: Flutter Mane|protosynthesisspe\n|turn|1\n|\n|t:|1700951228\n|move|p2a: Tornadus|Tailwind|p2a: Tornadus\n|-sidestart|p2: 901TEK|move: Tailwind\n|move|p2b: Arcanine|Flare Blitz|p1a: Flutter Mane\n|-damage|p1a: Flutter Mane|24\/100\n|-damage|p2b: Arcanine|79\/100|[from] Recoil\n|move|p1a: Flutter Mane|Icy Wind|p2b: Arcanine|[spread] p2a,p2b\n|-supereffective|p2a: Tornadus\n|-resisted|p2b: Arcanine\n|-damage|p2a: Tornadus|67\/100\n|-damage|p2b: Arcanine|70\/100\n|-unboost|p2a: Tornadus|spe|1\n|-unboost|p2b: Arcanine|spe|1\n|move|p1b: Landorus|Rock Slide|p2a: Tornadus|[spread] p2a,p2b\n|-supereffective|p2a: Tornadus\n|-supereffective|p2b: Arcanine\n|-damage|p2a: Tornadus|20\/100\n|-damage|p2b: Arcanine|27\/100\n|\n|upkeep\n|turn|2\n|\n|t:|1700951263\n|-end|p1a: Flutter Mane|Protosynthesis|[silent]\n|switch|p1a: Iron Hands|Iron Hands, L50|100\/100\n|switch|p2b: Urshifu|Urshifu-Rapid-Strike, L50, F|100\/100\n|move|p2a: Tornadus|Bleakwind Storm|p1a: Iron Hands|[spread] p1b\n|-miss|p2a: Tornadus|p1a: Iron Hands\n|-crit|p1b: Landorus\n|-damage|p1b: Landorus|22\/100\n|move|p1b: Landorus|Rock Slide|p2b: Urshifu|[spread] p2a,p2b\n|-supereffective|p2a: Tornadus\n|-resisted|p2b: Urshifu\n|-damage|p2a: Tornadus|0 fnt\n|-damage|p2b: Urshifu|93\/100\n|faint|p2a: Tornadus\n|\n|upkeep\n|\n|t:|1700951276\n|switch|p2a: Flutter Mane|Flutter Mane, L50|100\/100\n|-enditem|p2a: Flutter Mane|Booster Energy\n|-activate|p2a: Flutter Mane|ability: Protosynthesis|[fromitem]\n|-start|p2a: Flutter Mane|protosynthesisspe\n|turn|3\n|\n|t:|1700951291\n|switch|p1b: Flutter Mane|Flutter Mane, L50|24\/100\n|-terastallize|p2a: Flutter Mane|Fairy\n|-terastallize|p1a: Iron Hands|Water\n|move|p2b: Urshifu|Aqua Jet|p1b: Flutter Mane\n|-damage|p1b: Flutter Mane|0 fnt\n|faint|p1b: Flutter Mane\n|-end|p1b: Flutter Mane|Protosynthesis|[silent]\n|move|p2a: Flutter Mane|Moonblast|p1a: Iron Hands\n|-damage|p1a: Iron Hands|67\/100\n|move|p1a: Iron Hands|Wild Charge|p2b: Urshifu\n|-supereffective|p2b: Urshifu\n|-crit|p2b: Urshifu\n|-damage|p2b: Urshifu|0 fnt\n|faint|p2b: Urshifu\n|-damage|p1a: Iron Hands|49\/100|[from] Recoil\n|\n|upkeep\n|\n|t:|1700951306\n|switch|p1b: Landorus|Landorus-Therian, L50, M|22\/100\n|switch|p2b: Arcanine|Arcanine-Hisui, L50, M|27\/100\n|-ability|p2b: Arcanine|Intimidate|boost\n|-unboost|p1a: Iron Hands|atk|1\n|-unboost|p1b: Landorus|atk|1\n|-ability|p1b: Landorus|Intimidate|boost\n|-unboost|p2a: Flutter Mane|atk|1\n|-unboost|p2b: Arcanine|atk|1\n|turn|4\n|\n|t:|1700951343\n|move|p2b: Arcanine|Extreme Speed|p1a: Iron Hands\n|-damage|p1a: Iron Hands|30\/100\n|move|p2a: Flutter Mane|Dazzling Gleam|p1a: Iron Hands|[spread] p1a,p1b\n|-damage|p1a: Iron Hands|7\/100\n|-damage|p1b: Landorus|0 fnt\n|faint|p1b: Landorus\n|move|p1a: Iron Hands|Heavy Slam|p2a: Flutter Mane\n|-supereffective|p2a: Flutter Mane\n|-damage|p2a: Flutter Mane|0 fnt\n|faint|p2a: Flutter Mane\n|-end|p2a: Flutter Mane|Protosynthesis|[silent]\n|\n|-sideend|p2: 901TEK|move: Tailwind\n|upkeep\n|\n|t:|1700951352\n|switch|p1b: Urshifu|Urshifu, L50, F|100\/100\n|turn|5\n|-message|901TEK forfeited.\n|\n|win|WilfredVGC\n|l|\u2606901TEK\n|c|&|\/uhtml prompt-wilfredvgc,WilfredVGC is ready for game 2!\n|c|&|\/uhtml prompt-901tek,901TEK is ready for game 2!\nBoth players are ready! Starting next match!\n","uploadtime":1700951786,"views":8,"p1id":"wilfredvgc","p2id":"901tek","formatid":"gen9vgc2023regulatione","rating":0,"private":0,"password":""}