{"id":"gen9vgc2023regulatione-1995329272","p1":"NoahDaGr81","p2":"MommySkyee","format":"[Gen 9] VGC 2023 Regulation E","log":"|j|\u2606NoahDaGr81\n|j|\u2606MommySkyee\n|t:|1700554640\n|gametype|doubles\n|player|p1|NoahDaGr81|pokemonbreeder|1095\n|player|p2|MommySkyee|170|1084\n|teamsize|p1|6\n|teamsize|p2|6\n|gen|9\n|tier|[Gen 9] VGC 2023 Regulation E\n|rated|\n|rule|Species Clause: Limit one of each Pok\u00e9mon\n|rule|Item Clause: Limit one of each item\n|clearpoke\n|poke|p1|Chi-Yu, L50|\n|poke|p1|Flutter Mane, L50|\n|poke|p1|Espeon, L50, M|\n|poke|p1|Mienshao, L50, F|\n|poke|p1|Ninetales, L50, M|\n|poke|p1|Salamence, L50, M|\n|poke|p2|Tornadus, L50, M|\n|poke|p2|Urshifu-*, L50, M|\n|poke|p2|Landorus-Therian, L50, M|\n|poke|p2|Iron Hands, L50|\n|poke|p2|Regieleki, L50|\n|poke|p2|Maushold-Four, L50|\n|teampreview|4\n|inactive|Battle timer is ON: inactive players will automatically lose when time's up. (requested by NoahDaGr81)\n|inactive|MommySkyee has 60 seconds left.\n|\n|t:|1700554742\n|start\n|switch|p1a: Mienshao|Mienshao, L50, F, shiny|100\/100\n|switch|p1b: Salamence|Salamence, L50, M|100\/100\n|switch|p2a: Domeniko Savio|Tornadus, L50, M|100\/100\n|switch|p2b: Big G|Iron Hands, L50|100\/100\n|-ability|p1b: Salamence|Intimidate|boost\n|-unboost|p2a: Domeniko Savio|atk|1\n|-unboost|p2b: Big G|atk|1\n|turn|1\n|\n|t:|1700554764\n|move|p1a: Mienshao|Fake Out|p2a: Domeniko Savio\n|-crit|p2a: Domeniko Savio\n|-damage|p2a: Domeniko Savio|71\/100\n|move|p2b: Big G|Fake Out|p1a: Mienshao\n|-damage|p1a: Mienshao|77\/100\n|move|p2a: Domeniko Savio|Tailwind|p2a: Domeniko Savio\n|-sidestart|p2: MommySkyee|move: Tailwind\n|move|p1b: Salamence|Tailwind|p1b: Salamence\n|-sidestart|p1: NoahDaGr81|move: Tailwind\n|\n|upkeep\n|turn|2\n|inactive|NoahDaGr81 has 30 seconds left.\n|\n|t:|1700554795\n|switch|p1b: Tsakurai|Ninetales, L50, M, shiny|100\/100\n|-weather|SunnyDay|[from] ability: Drought|[of] p1b: Tsakurai\n|move|p2a: Domeniko Savio|Rain Dance|p2a: Domeniko Savio\n|-weather|RainDance\n|move|p1a: Mienshao|Ice Spinner|p2a: Domeniko Savio\n|-supereffective|p2a: Domeniko Savio\n|-damage|p2a: Domeniko Savio|2\/100\n|move|p2b: Big G|Wild Charge|p1a: Mienshao\n|-damage|p1a: Mienshao|3\/100\n|-damage|p2b: Big G|90\/100|[from] Recoil\n|\n|-weather|RainDance|[upkeep]\n|upkeep\n|turn|3\n|inactive|NoahDaGr81 has 30 seconds left.\n|inactive|MommySkyee has 30 seconds left.\n|inactive|NoahDaGr81 has 20 seconds left.\n|inactive|MommySkyee has 20 seconds left.\n|inactive|MommySkyee has 15 seconds left.\n|\n|t:|1700554838\n|switch|p2a: Jokerstar x4|Maushold-Four, L50|100\/100\n|move|p1b: Tsakurai|Helping Hand|p1a: Mienshao\n|-singleturn|p1a: Mienshao|Helping Hand|[of] p1b: Tsakurai\n|move|p1a: Mienshao|High Jump Kick|p2b: Big G\n|-damage|p2b: Big G|32\/100\n|move|p2b: Big G|Drain Punch|p1b: Tsakurai\n|-crit|p1b: Tsakurai\n|-damage|p1b: Tsakurai|9\/100\n|-heal|p2b: Big G|63\/100|[from] drain|[of] p1b: Tsakurai\n|\n|-weather|RainDance|[upkeep]\n|upkeep\n|turn|4\n|inactive|NoahDaGr81 has 30 seconds left.\n|\n|t:|1700554866\n|switch|p1b: Salamence|Salamence, L50, M|100\/100\n|-ability|p1b: Salamence|Intimidate|boost\n|-unboost|p2a: Jokerstar x4|atk|1\n|-unboost|p2b: Big G|atk|1\n|-end|p2b: Big G|Quark Drive|[silent]\n|switch|p2b: Domeniko Savio|Tornadus, L50, M|2\/100\n|move|p2a: Jokerstar x4|Encore|p1a: Mienshao\n|-start|p1a: Mienshao|Encore\n|move|p1a: Mienshao|High Jump Kick|p2a: Jokerstar x4\n|-supereffective|p2a: Jokerstar x4\n|-damage|p2a: Jokerstar x4|0 fnt\n|faint|p2a: Jokerstar x4\n|\n|-weather|RainDance|[upkeep]\n|-sideend|p1: NoahDaGr81|move: Tailwind\n|-sideend|p2: MommySkyee|move: Tailwind\n|upkeep\n|\n|t:|1700554878\n|switch|p2a: Big G|Iron Hands, L50|63\/100\n|turn|5\n|\n|t:|1700554901\n|switch|p1a: Tsakurai|Ninetales, L50, M, shiny|9\/100\n|-weather|SunnyDay|[from] ability: Drought|[of] p1a: Tsakurai\n|move|p2a: Big G|Fake Out|p1a: Tsakurai\n|-damage|p1a: Tsakurai|0 fnt\n|faint|p1a: Tsakurai\n|move|p2b: Domeniko Savio|Tailwind|p2b: Domeniko Savio\n|-sidestart|p2: MommySkyee|move: Tailwind\n|move|p1b: Salamence|Dragon Claw|p2b: Domeniko Savio\n|-damage|p2b: Domeniko Savio|0 fnt\n|faint|p2b: Domeniko Savio\n|\n|-weather|SunnyDay|[upkeep]\n|upkeep\n|\n|t:|1700554916\n|switch|p1a: Mienshao|Mienshao, L50, F, shiny|3\/100\n|switch|p2b: Regieleki|Regieleki, L50|100\/100\n|turn|6\n|\n|t:|1700554927\n|move|p1a: Mienshao|Fake Out|p2b: Regieleki\n|-damage|p2b: Regieleki|75\/100\n|cant|p2b: Regieleki|flinch\n|move|p1b: Salamence|Tailwind|p1b: Salamence\n|-sidestart|p1: NoahDaGr81|move: Tailwind\n|move|p2a: Big G|Wild Charge|p1b: Salamence\n|-damage|p1b: Salamence|45\/100\n|-damage|p2a: Big G|53\/100|[from] Recoil\n|\n|-weather|SunnyDay|[upkeep]\n|upkeep\n|turn|7\n|inactive|NoahDaGr81 has 30 seconds left.\n|\n|t:|1700554955\n|move|p1b: Salamence|Protect|p1b: Salamence\n|-singleturn|p1b: Salamence|Protect\n|move|p2b: Regieleki|Electroweb|p1a: Mienshao|[spread] p1a\n|-activate|p1b: Salamence|move: Protect\n|-damage|p1a: Mienshao|0 fnt\n|faint|p1a: Mienshao\n|-damage|p2b: Regieleki|65\/100|[from] item: Life Orb\n|move|p2a: Big G|Drain Punch|p1b: Salamence\n|-activate|p1b: Salamence|move: Protect\n|\n|-weather|SunnyDay|[upkeep]\n|upkeep\n|\n|t:|1700554969\n|switch|p1a: Mercurius|Chi-Yu, L50|100\/100\n|-ability|p1a: Mercurius|Beads of Ruin\n|turn|8\n|inactive|NoahDaGr81 has 30 seconds left.\n|\n|t:|1700554996\n|-terastallize|p1a: Mercurius|Fire\n|move|p2b: Regieleki|Electroweb|p1b: Salamence|[spread] p1a,p1b\n|-damage|p1a: Mercurius|64\/100\n|-damage|p1b: Salamence|0 fnt\n|-unboost|p1a: Mercurius|spe|1\n|faint|p1b: Salamence\n|-damage|p2b: Regieleki|55\/100|[from] item: Life Orb\n|move|p1a: Mercurius|Heat Wave|p2a: Big G|[spread] p2a,p2b\n|-damage|p2a: Big G|0 fnt\n|-damage|p2b: Regieleki|0 fnt\n|faint|p2a: Big G\n|-end|p2a: Big G|Quark Drive|[silent]\n|faint|p2b: Regieleki\n|\n|win|NoahDaGr81\n|raw|NoahDaGr81's rating: 1095 &rarr; <strong>1120<\/strong><br \/>(+25 for winning)\n|raw|MommySkyee's rating: 1084 &rarr; <strong>1062<\/strong><br \/>(-22 for losing)\n|l|\u2606MommySkyee\n","uploadtime":1700555020,"views":14,"p1id":"noahdagr81","p2id":"mommyskyee","formatid":"gen9vgc2023regulatione","rating":1062,"private":0,"password":""}