{"id":"gen9vgc2023regulatione-1988770407","p1":"u7h7hh798","p2":"MisFit24","format":"[Gen 9] VGC 2023 Regulation E","log":"|j|\u2606u7h7hh798\n|j|\u2606MisFit24\n|t:|1699760892\n|gametype|doubles\n|player|p1|u7h7hh798|silver|1247\n|player|p2|MisFit24|crasherwake|1295\n|teamsize|p1|6\n|teamsize|p2|6\n|gen|9\n|tier|[Gen 9] VGC 2023 Regulation E\n|rated|\n|rule|Species Clause: Limit one of each Pok\u00e9mon\n|rule|Item Clause: Limit one of each item\n|clearpoke\n|poke|p1|Dondozo, L50, M|\n|poke|p1|Tatsugiri, L50, M|\n|poke|p1|Glimmora, L50, F|\n|poke|p1|Urshifu-*, L50, F|\n|poke|p1|Ogerpon-Wellspring, L50, F|\n|poke|p1|Chi-Yu, L50|\n|poke|p2|Sandy Shocks, L50|\n|poke|p2|Urshifu-*, L50, F|\n|poke|p2|Rillaboom, L50, F|\n|poke|p2|Politoed, L50, M|\n|poke|p2|Salamence, L50, M|\n|poke|p2|Chien-Pao, L50|\n|teampreview|4\n|inactive|Battle timer is ON: inactive players will automatically lose when time's up. (requested by u7h7hh798)\n|j| SapphicAshley\n|inactive|u7h7hh798 has 60 seconds left.\n|inactive|MisFit24 has 60 seconds left.\n|\n|t:|1699760935\n|start\n|switch|p1a: Dondozo|Dondozo, L50, M|100\/100\n|switch|p1b: Tatsugiri|Tatsugiri, L50, M|100\/100\n|switch|p2a: Rillaboom|Rillaboom, L50, F|100\/100\n|switch|p2b: Salamence|Salamence, L50, M|100\/100\n|-activate|p1b: Tatsugiri|ability: Commander|[of] p1a: Dondozo\n|-boost|p1a: Dondozo|atk|2\n|-boost|p1a: Dondozo|spa|2\n|-boost|p1a: Dondozo|spe|2\n|-boost|p1a: Dondozo|def|2\n|-boost|p1a: Dondozo|spd|2\n|-ability|p2b: Salamence|Intimidate|boost\n|-fail|p1a: Dondozo|unboost|Attack|[from] ability: Oblivious|[of] p1a: Dondozo\n|-unboost|p1b: Tatsugiri|atk|1\n|-fieldstart|move: Grassy Terrain|[from] ability: Grassy Surge|[of] p2a: Rillaboom\n|turn|1\n|l| SapphicAshley\n|\n|t:|1699760955\n|move|p1a: Dondozo|Protect|p1a: Dondozo\n|-singleturn|p1a: Dondozo|Protect\n|move|p2a: Rillaboom|Fake Out|p1a: Dondozo\n|-activate|p1a: Dondozo|move: Protect\n|move|p2b: Salamence|Tailwind|p2b: Salamence\n|-sidestart|p2: MisFit24|move: Tailwind\n|\n|upkeep\n|turn|2\n|\n|t:|1699760969\n|-terastallize|p2a: Rillaboom|Grass\n|-terastallize|p1a: Dondozo|Dragon\n|move|p2b: Salamence|Draco Meteor|p1a: Dondozo\n|-supereffective|p1a: Dondozo\n|-damage|p1a: Dondozo|47\/100\n|-unboost|p2b: Salamence|spa|2\n|move|p2a: Rillaboom|Wood Hammer|p1a: Dondozo\n|-resisted|p1a: Dondozo\n|-damage|p1a: Dondozo|23\/100\n|-damage|p2a: Rillaboom|91\/100|[from] Recoil\n|move|p1a: Dondozo|Order Up|p2b: Salamence\n|-supereffective|p2b: Salamence\n|-damage|p2b: Salamence|0 fnt\n|faint|p2b: Salamence\n|-boost|p1a: Dondozo|atk|1\n|\n|-heal|p2a: Rillaboom|97\/100|[from] Grassy Terrain\n|-heal|p1a: Dondozo|29\/100|[from] Grassy Terrain\n|-heal|p1a: Dondozo|35\/100|[from] item: Leftovers\n|upkeep\n|\n|t:|1699760988\n|switch|p2b: Chien-Pao|Chien-Pao, L50|100\/100\n|-ability|p2b: Chien-Pao|Sword of Ruin\n|turn|3\n|\n|t:|1699761005\n|move|p1a: Dondozo|Protect|p1a: Dondozo\n|-singleturn|p1a: Dondozo|Protect\n|move|p2b: Chien-Pao|Icicle Crash|p1a: Dondozo\n|-activate|p1a: Dondozo|move: Protect\n|move|p2a: Rillaboom|Wood Hammer|p1a: Dondozo\n|-activate|p1a: Dondozo|move: Protect\n|\n|-heal|p2a: Rillaboom|100\/100|[from] Grassy Terrain\n|-heal|p1a: Dondozo|42\/100|[from] Grassy Terrain\n|-heal|p1a: Dondozo|48\/100|[from] item: Leftovers\n|upkeep\n|turn|4\n|\n|t:|1699761026\n|move|p2b: Chien-Pao|Sacred Sword|p1a: Dondozo\n|-damage|p1a: Dondozo|21\/100\n|move|p2a: Rillaboom|Wood Hammer|p1a: Dondozo\n|-resisted|p1a: Dondozo\n|-damage|p1a: Dondozo|0 fnt\n|faint|p1a: Dondozo\n|-damage|p2a: Rillaboom|93\/100|[from] Recoil\n|\n|-heal|p2a: Rillaboom|99\/100|[from] Grassy Terrain\n|-sideend|p2: MisFit24|move: Tailwind\n|upkeep\n|\n|t:|1699761043\n|switch|p1a: Ogerpon|Ogerpon-Wellspring, L50, F|100\/100\n|turn|5\n|\n|t:|1699761058\n|move|p1a: Ogerpon|Spiky Shield|p1a: Ogerpon\n|-singleturn|p1a: Ogerpon|move: Protect\n|move|p2b: Chien-Pao|Sucker Punch||[still]\n|-fail|p2b: Chien-Pao\n|move|p2a: Rillaboom|Grassy Glide|p1b: Tatsugiri\n|-damage|p1b: Tatsugiri|14\/100\n|move|p1b: Tatsugiri|Icy Wind|p2a: Rillaboom|[spread] p2a,p2b\n|-supereffective|p2a: Rillaboom\n|-resisted|p2b: Chien-Pao\n|-damage|p2a: Rillaboom|70\/100\n|-damage|p2b: Chien-Pao|92\/100\n|-unboost|p2a: Rillaboom|spe|1\n|-unboost|p2b: Chien-Pao|spe|1\n|\n|-heal|p2b: Chien-Pao|97\/100|[from] Grassy Terrain\n|-heal|p1b: Tatsugiri|19\/100|[from] Grassy Terrain\n|-heal|p2a: Rillaboom|76\/100|[from] Grassy Terrain\n|-fieldend|move: Grassy Terrain\n|upkeep\n|turn|6\n|inactive|u7h7hh798 has 30 seconds left.\n|inactive|MisFit24 has 30 seconds left.\n|\n|t:|1699761087\n|move|p1a: Ogerpon|Ivy Cudgel|p2a: Rillaboom\n|-resisted|p2a: Rillaboom\n|-damage|p2a: Rillaboom|42\/100\n|move|p2b: Chien-Pao|Sacred Sword|p1b: Tatsugiri\n|-damage|p1b: Tatsugiri|0 fnt\n|faint|p1b: Tatsugiri\n|move|p2a: Rillaboom|Wood Hammer|p1a: Ogerpon\n|-damage|p1a: Ogerpon|0 fnt\n|faint|p1a: Ogerpon\n|-damage|p2a: Rillaboom|11\/100|[from] Recoil\n|\n|upkeep\n|\n|t:|1699761096\n|switch|p1b: Urshifu|Urshifu, L50, F|100\/100\n|turn|7\n|\n|t:|1699761104\n|switch|p2a: Urshifu|Urshifu-Rapid-Strike, L50, F|100\/100\n|move|p2b: Chien-Pao|Sucker Punch|p1b: Urshifu\n|-resisted|p1b: Urshifu\n|-damage|p1b: Urshifu|89\/100\n|move|p1b: Urshifu|Drain Punch|p2b: Chien-Pao\n|-supereffective|p2b: Chien-Pao\n|-damage|p2b: Chien-Pao|0 fnt\n|-heal|p1b: Urshifu|100\/100|[from] drain|[of] p2b: Chien-Pao\n|faint|p2b: Chien-Pao\n|\n|upkeep\n|\n|t:|1699761114\n|switch|p2b: Rillaboom|Rillaboom, L50, F, tera:Grass|11\/100\n|-fieldstart|move: Grassy Terrain|[from] ability: Grassy Surge|[of] p2b: Rillaboom\n|turn|8\n|\n|t:|1699761128\n|move|p2b: Rillaboom|Fake Out|p1b: Urshifu\n|-damage|p1b: Urshifu|87\/100\n|move|p2a: Urshifu|Close Combat|p1b: Urshifu\n|-supereffective|p1b: Urshifu\n|-damage|p1b: Urshifu|0 fnt\n|-unboost|p2a: Urshifu|def|1\n|-unboost|p2a: Urshifu|spd|1\n|faint|p1b: Urshifu\n|\n|win|MisFit24\n|raw|u7h7hh798's rating: 1247 &rarr; <strong>1225<\/strong><br \/>(-22 for losing)\n|raw|MisFit24's rating: 1295 &rarr; <strong>1317<\/strong><br \/>(+22 for winning)\n|l|\u2606MisFit24\n","uploadtime":1699761145,"views":18,"p1id":"u7h7hh798","p2id":"misfit24","formatid":"gen9vgc2023regulatione","rating":1225,"private":0,"password":""}