{"id":"gen9vgc2023regulatione-1988159900","p1":"bunearyboicherry","p2":"Swaron8","format":"[Gen 9] VGC 2023 Regulation E","log":"|j|\u2606bunearyboicherry\n|j|\u2606Swaron8\n|t:|1699677374\n|gametype|doubles\n|player|p1|bunearyboicherry|hapu|1074\n|player|p2|Swaron8|266|1138\n|teamsize|p1|4\n|teamsize|p2|6\n|gen|9\n|tier|[Gen 9] VGC 2023 Regulation E\n|rated|\n|rule|Species Clause: Limit one of each Pok\u00e9mon\n|rule|Item Clause: Limit one of each item\n|clearpoke\n|poke|p1|Gliscor, L50, M|\n|poke|p1|Houndstone, L50, M|\n|poke|p1|Dudunsparce-*, L50, F|\n|poke|p1|Hypno, L50, M|\n|poke|p2|Tornadus, L50, M|\n|poke|p2|Hariyama, L50, M|\n|poke|p2|Sneasler, L50, M|\n|poke|p2|Thundurus, L50, M|\n|poke|p2|Wyrdeer, L50, F|\n|poke|p2|Ogerpon-Cornerstone, L50, F|\n|teampreview|4\n|inactive|Battle timer is ON: inactive players will automatically lose when time's up. (requested by bunearyboicherry)\n|\n|t:|1699677401\n|start\n|switch|p1a: Hypno|Hypno, L50, M, shiny|100\/100\n|switch|p1b: Houndstone|Houndstone, L50, M|100\/100\n|switch|p2a: Tornadus|Tornadus, L50, M|100\/100\n|switch|p2b: Sneasler|Sneasler, L50, M|100\/100\n|turn|1\n|\n|t:|1699677424\n|-terastallize|p2b: Sneasler|Dark\n|move|p2a: Tornadus|Swagger|p1a: Hypno\n|-boost|p1a: Hypno|atk|2\n|-enditem|p2b: Sneasler|Mirror Herb\n|-boost|p2b: Sneasler|atk|2|[from] item: Mirror Herb\n|-start|p1a: Hypno|confusion\n|move|p2b: Sneasler|Lash Out|p1b: Houndstone\n|-supereffective|p1b: Houndstone\n|-damage|p1b: Houndstone|0 fnt\n|faint|p1b: Houndstone\n|-activate|p1a: Hypno|confusion\n|move|p1a: Hypno|Psycho Cut|p2b: Sneasler\n|-immune|p2b: Sneasler\n|\n|upkeep\n|\n|t:|1699677439\n|switch|p1b: Gliscor|Gliscor, L50, M|100\/100\n|turn|2\n|\n|t:|1699677457\n|move|p2b: Sneasler|Protect|p2b: Sneasler\n|-singleturn|p2b: Sneasler|Protect\n|move|p2a: Tornadus|Tailwind|p2a: Tornadus\n|-sidestart|p2: Swaron8|move: Tailwind\n|move|p1b: Gliscor|Rock Slide|p2b: Sneasler|[spread] p2a\n|-activate|p2b: Sneasler|move: Protect\n|-supereffective|p2a: Tornadus\n|-damage|p2a: Tornadus|48\/100\n|-activate|p1a: Hypno|confusion\n|-damage|p1a: Hypno|81\/100|[from] confusion\n|\n|upkeep\n|turn|3\n|\n|t:|1699677473\n|move|p2a: Tornadus|Taunt|p1a: Hypno\n|-start|p1a: Hypno|move: Taunt\n|move|p2b: Sneasler|Dire Claw|p1b: Gliscor\n|-resisted|p1b: Gliscor\n|-damage|p1b: Gliscor|66\/100\n|-status|p1b: Gliscor|psn\n|move|p1b: Gliscor|Rock Slide|p2a: Tornadus|[spread] p2a,p2b\n|-supereffective|p2a: Tornadus\n|-damage|p2a: Tornadus|0 fnt\n|-damage|p2b: Sneasler|70\/100\n|faint|p2a: Tornadus\n|-activate|p1a: Hypno|confusion\n|move|p1a: Hypno|Drain Punch|p2b: Sneasler\n|-supereffective|p2b: Sneasler\n|-damage|p2b: Sneasler|0 fnt\n|-heal|p1a: Hypno|100\/100|[from] drain|[of] p2b: Sneasler\n|faint|p2b: Sneasler\n|\n|-damage|p1b: Gliscor|54\/100 psn|[from] psn\n|upkeep\n|\n|t:|1699677495\n|switch|p2a: Thundurus|Thundurus, L50, M|100\/100\n|switch|p2b: Ogerpon|Ogerpon-Cornerstone, L50, F|100\/100\n|turn|4\n|c|\u2606bunearyboicherry|Were yo expecting physical hypno\n|inactive|bunearyboicherry has 30 seconds left.\n|inactive|Swaron8 has 30 seconds left.\n|inactive|bunearyboicherry has 20 seconds left.\n|inactive|Swaron8 has 20 seconds left.\n|inactive|Swaron8 has 15 seconds left.\n|\n|t:|1699677537\n|move|p2a: Thundurus|Wild Charge|p1a: Hypno\n|-damage|p1a: Hypno|57\/100\n|-damage|p2a: Thundurus|90\/100|[from] Recoil\n|move|p2b: Ogerpon|Focus Energy|p2b: Ogerpon\n|-start|p2b: Ogerpon|move: Focus Energy\n|move|p1b: Gliscor|Rock Slide|p2b: Ogerpon|[spread] p2a,p2b\n|-supereffective|p2a: Thundurus\n|-damage|p2a: Thundurus|38\/100\n|-damage|p2b: Ogerpon|75\/100\n|-activate|p1a: Hypno|confusion\n|move|p1a: Hypno|Drain Punch|p2b: Ogerpon\n|-supereffective|p2b: Ogerpon\n|-damage|p2b: Ogerpon|0 fnt\n|-heal|p1a: Hypno|94\/100|[from] drain|[of] p2b: Ogerpon\n|faint|p2b: Ogerpon\n|\n|-damage|p1b: Gliscor|42\/100 psn|[from] psn\n|upkeep\n|turn|5\n|inactive|Swaron8 has 30 seconds left.\n|inactive|Swaron8 has 20 seconds left.\n|-message|Swaron8 forfeited.\n|\n|win|bunearyboicherry\n|raw|bunearyboicherry's rating: 1074 &rarr; <strong>1108<\/strong><br \/>(+34 for winning)\n|raw|Swaron8's rating: 1138 &rarr; <strong>1108<\/strong><br \/>(-30 for losing)\n|l|\u2606Swaron8\n|c|\u2606bunearyboicherry|Thx for the swagger\n","uploadtime":1699677582,"views":45,"p1id":"bunearyboicherry","p2id":"swaron8","formatid":"gen9vgc2023regulatione","rating":1108,"private":0,"password":""}