{"id":"gen9vgc2023regulatione-1996309397","p1":"GrumpyMonk10!","p2":"AJB0000","format":"[Gen 9] VGC 2023 Regulation E","log":"|j|\u2606GrumpyMonk10!\n|j|\u2606AJB0000\n|t:|1700669826\n|gametype|doubles\n|player|p1|GrumpyMonk10!|101|1062\n|player|p2|AJB0000|1|1142\n|teamsize|p1|6\n|teamsize|p2|6\n|gen|9\n|tier|[Gen 9] VGC 2023 Regulation E\n|rated|\n|rule|Species Clause: Limit one of each Pok\u00e9mon\n|rule|Item Clause: Limit one of each item\n|clearpoke\n|poke|p1|Cresselia, L50, F|\n|poke|p1|Ursaluna-Bloodmoon, L50, M|\n|poke|p1|Iron Hands, L50|\n|poke|p1|Ogerpon-Wellspring, L50, F|\n|poke|p1|Arcanine-Hisui, L50, M|\n|poke|p1|Flutter Mane, L50|\n|poke|p2|Sinistcha, L50|\n|poke|p2|Indeedee-F, L50, F|\n|poke|p2|Sylveon, L50, M|\n|poke|p2|Palafin, L50, F|\n|poke|p2|Iron Hands, L50|\n|poke|p2|Heatran, L50, M|\n|teampreview|4\n|\n|t:|1700669844\n|start\n|switch|p1a: Cresselia|Cresselia, L50, F|100\/100\n|switch|p1b: Iron Hands|Iron Hands, L50|100\/100\n|switch|p2a: Sinistcha|Sinistcha, L50, shiny|100\/100\n|switch|p2b: Iron Hands|Iron Hands, L50|100\/100\n|turn|1\n|inactive|Battle timer is ON: inactive players will automatically lose when time's up. (requested by GrumpyMonk10!)\n|\n|t:|1700669865\n|move|p1b: Iron Hands|Fake Out|p2b: Iron Hands\n|-crit|p2b: Iron Hands\n|-damage|p2b: Iron Hands|84\/100\n|move|p2a: Sinistcha|Matcha Gotcha|p1b: Iron Hands|[spread] p1a,p1b\n|-damage|p1a: Cresselia|83\/100\n|-damage|p1b: Iron Hands|83\/100\n|-status|p1a: Cresselia|brn\n|cant|p2b: Iron Hands|flinch\n|move|p1a: Cresselia|Trick Room|p1a: Cresselia\n|-fieldstart|move: Trick Room|[of] p1a: Cresselia\n|\n|-damage|p1a: Cresselia|77\/100 brn|[from] brn\n|upkeep\n|turn|2\n|\n|t:|1700669885\n|move|p2b: Iron Hands|Drain Punch|p1b: Iron Hands\n|-crit|p1b: Iron Hands\n|-damage|p1b: Iron Hands|32\/100\n|-heal|p2b: Iron Hands|100\/100|[from] drain|[of] p1b: Iron Hands\n|move|p1b: Iron Hands|Drain Punch|p2b: Iron Hands\n|-damage|p2b: Iron Hands|69\/100\n|-heal|p1b: Iron Hands|48\/100|[from] drain|[of] p2b: Iron Hands\n|move|p2a: Sinistcha|Matcha Gotcha|p1a: Cresselia|[spread] p1a,p1b\n|-damage|p1a: Cresselia|57\/100 brn\n|-damage|p1b: Iron Hands|31\/100\n|move|p1a: Cresselia|Lunar Blessing|p1a: Cresselia|[spread] p1a,p1b\n|-heal|p1a: Cresselia|82\/100 brn\n|-curestatus|p1a: Cresselia|brn|[msg]\n|-heal|p1b: Iron Hands|57\/100\n|\n|upkeep\n|turn|3\n|inactive|GrumpyMonk10! has 30 seconds left.\n|\n|t:|1700669918\n|move|p2a: Sinistcha|Rage Powder|p2a: Sinistcha\n|-singleturn|p2a: Sinistcha|move: Rage Powder\n|move|p2b: Iron Hands|Drain Punch|p1b: Iron Hands\n|-damage|p1b: Iron Hands|27\/100\n|-heal|p2b: Iron Hands|84\/100|[from] drain|[of] p1b: Iron Hands\n|move|p1b: Iron Hands|Heavy Slam|p2a: Sinistcha\n|-damage|p2a: Sinistcha|59\/100\n|move|p1a: Cresselia|Lunar Blessing|p1a: Cresselia|[spread] p1a,p1b\n|-heal|p1a: Cresselia|100\/100\n|-heal|p1b: Iron Hands|52\/100\n|\n|-heal|p2a: Sinistcha|66\/100|[from] item: Leftovers\n|upkeep\n|turn|4\n|inactive|AJB0000 has 30 seconds left.\n|\n|t:|1700669945\n|-end|p2b: Iron Hands|Quark Drive|[silent]\n|switch|p2b: Sylveon|Sylveon, L50, M, shiny|100\/100\n|move|p2a: Sinistcha|Rage Powder|p2a: Sinistcha\n|-singleturn|p2a: Sinistcha|move: Rage Powder\n|move|p1b: Iron Hands|Drain Punch|p2a: Sinistcha\n|-immune|p2a: Sinistcha\n|move|p1a: Cresselia|Psychic|p2a: Sinistcha\n|-damage|p2a: Sinistcha|34\/100\n|\n|-heal|p2a: Sinistcha|40\/100|[from] item: Leftovers\n|upkeep\n|turn|5\n|inactive|GrumpyMonk10! has 30 seconds left.\n|\n|t:|1700669975\n|-end|p1b: Iron Hands|Quark Drive|[silent]\n|switch|p1b: Ursaluna|Ursaluna-Bloodmoon, L50, M|100\/100\n|-terastallize|p2b: Sylveon|Fire\n|move|p2b: Sylveon|Hyper Voice|p1a: Cresselia|[spread] p1a,p1b\n|-damage|p1a: Cresselia|70\/100\n|-damage|p1b: Ursaluna|54\/100\n|move|p2a: Sinistcha|Matcha Gotcha|p1a: Cresselia|[spread] p1a,p1b\n|-supereffective|p1b: Ursaluna\n|-damage|p1a: Cresselia|52\/100\n|-heal|p2a: Sinistcha|51\/100|[from] drain|[of] p1a: Cresselia\n|-damage|p1b: Ursaluna|0 fnt\n|-heal|p2a: Sinistcha|83\/100|[from] drain|[of] p1b: Ursaluna\n|faint|p1b: Ursaluna\n|move|p1a: Cresselia|Psychic|p2a: Sinistcha\n|-damage|p2a: Sinistcha|54\/100\n|\n|-heal|p2a: Sinistcha|60\/100|[from] item: Leftovers\n|-fieldend|move: Trick Room\n|upkeep\n|\n|t:|1700669993\n|switch|p1b: Iron Hands|Iron Hands, L50|52\/100\n|turn|6\n|\n|t:|1700670002\n|move|p1b: Iron Hands|Fake Out|p2b: Sylveon\n|-crit|p2b: Sylveon\n|-damage|p2b: Sylveon|68\/100\n|move|p2a: Sinistcha|Matcha Gotcha|p1b: Iron Hands|[spread] p1a\n|-miss|p2a: Sinistcha|p1b: Iron Hands\n|-damage|p1a: Cresselia|33\/100\n|-heal|p2a: Sinistcha|73\/100|[from] drain|[of] p1a: Cresselia\n|cant|p2b: Sylveon|flinch\n|move|p1a: Cresselia|Trick Room|p1a: Cresselia\n|-fieldstart|move: Trick Room|[of] p1a: Cresselia\n|\n|-heal|p2a: Sinistcha|79\/100|[from] item: Leftovers\n|upkeep\n|turn|7\n|\n|t:|1700670024\n|move|p2b: Sylveon|Hyper Voice|p1b: Iron Hands|[spread] p1a,p1b\n|-supereffective|p1b: Iron Hands\n|-damage|p1a: Cresselia|2\/100\n|-damage|p1b: Iron Hands|0 fnt\n|faint|p1b: Iron Hands\n|-end|p1b: Iron Hands|Quark Drive|[silent]\n|move|p2a: Sinistcha|Shadow Ball|p1a: Cresselia\n|-supereffective|p1a: Cresselia\n|-damage|p1a: Cresselia|0 fnt\n|faint|p1a: Cresselia\n|\n|-heal|p2a: Sinistcha|85\/100|[from] item: Leftovers\n|upkeep\n|\n|t:|1700670039\n|switch|p1a: Ogerpon|Ogerpon-Wellspring, L50, F|100\/100\n|turn|8\n|\n|t:|1700670047\n|-terastallize|p1a: Ogerpon|Water\n|detailschange|p1a: Ogerpon|Ogerpon-Wellspring-Tera, L50, F, tera:Water\n|-ability|p1a: Ogerpon|Embody Aspect (Wellspring)|boost\n|-boost|p1a: Ogerpon|spd|1\n|move|p2a: Sinistcha|Rage Powder|p2a: Sinistcha\n|-singleturn|p2a: Sinistcha|move: Rage Powder\n|move|p2b: Sylveon|Hyper Voice|p1a: Ogerpon\n|-crit|p1a: Ogerpon\n|-damage|p1a: Ogerpon|10\/100\n|move|p1a: Ogerpon|Ivy Cudgel|p2a: Sinistcha|[anim] Ivy Cudgel Water\n|-resisted|p2a: Sinistcha\n|-damage|p2a: Sinistcha|47\/100\n|\n|-heal|p2a: Sinistcha|53\/100|[from] item: Leftovers\n|upkeep\n|turn|9\n|-message|GrumpyMonk10! forfeited.\n|\n|win|AJB0000\n|raw|GrumpyMonk10!'s rating: 1062 &rarr; <strong>1047<\/strong><br \/>(-15 for losing)\n|raw|AJB0000's rating: 1142 &rarr; <strong>1161<\/strong><br \/>(+19 for winning)\n|l|\u2606GrumpyMonk10!\n","uploadtime":1700670069,"views":15,"p1id":"grumpymonk10","p2id":"ajb0000","formatid":"gen9vgc2023regulatione","rating":1047,"private":0,"password":""}