{"id":"gen9vgc2023regulatione-1992686180","p1":"Blackflashzzzzz","p2":"Cassatol","format":"[Gen 9] VGC 2023 Regulation E","log":"|j|\u2606Blackflashzzzzz\n|j|\u2606Cassatol\n|t:|1700225171\n|gametype|doubles\n|player|p1|Blackflashzzzzz|169|1389\n|player|p2|Cassatol|169|1347\n|teamsize|p1|6\n|teamsize|p2|6\n|gen|9\n|tier|[Gen 9] VGC 2023 Regulation E\n|rated|\n|rule|Species Clause: Limit one of each Pok\u00e9mon\n|rule|Item Clause: Limit one of each item\n|clearpoke\n|poke|p1|Iron Bundle, L50|\n|poke|p1|Ninetales-Alola, L50, F|\n|poke|p1|Baxcalibur, L50, M|\n|poke|p1|Urshifu-*, L50, M|\n|poke|p1|Amoonguss, L50, F|\n|poke|p1|Lokix, L50, F|\n|poke|p2|Arcanine-Hisui, L50, M|\n|poke|p2|Gholdengo, L50|\n|poke|p2|Tornadus, L50, M|\n|poke|p2|Amoonguss, L50, M|\n|poke|p2|Urshifu-*, L50, F|\n|poke|p2|Iron Bundle, L50|\n|teampreview|4\n|inactive|Battle timer is ON: inactive players will automatically lose when time's up. (requested by Cassatol)\n|c|\u2606Cassatol|W person\nCassatol has agreed to open team sheets.\n|c|\u2606Cassatol|Lokix\n|inactive|Cassatol has 60 seconds left.\n|\n|t:|1700225211\n|start\n|switch|p1a: Urshifu|Urshifu-Rapid-Strike, L50, M|100\/100\n|switch|p1b: Lokix|Lokix, L50, F|100\/100\n|switch|p2a: Tornadus|Tornadus, L50, M|100\/100\n|switch|p2b: Gholdengo|Gholdengo, L50|100\/100\n|turn|1\n|\n|t:|1700225229\n|-terastallize|p1a: Urshifu|Water\n|-terastallize|p2b: Gholdengo|Dragon\n|move|p1b: Lokix|Sucker Punch|p2b: Gholdengo\n|-damage|p2b: Gholdengo|56\/100\n|-damage|p1b: Lokix|91\/100|[from] item: Life Orb\n|move|p1a: Urshifu|Surging Strikes|p2a: Tornadus\n|-crit|p2a: Tornadus\n|-damage|p2a: Tornadus|64\/100\n|-crit|p2a: Tornadus\n|-damage|p2a: Tornadus|25\/100\n|-crit|p2a: Tornadus\n|-damage|p2a: Tornadus|0 fnt\n|faint|p2a: Tornadus\n|-hitcount|p2: Tornadus|3\n|move|p2b: Gholdengo|Make It Rain|p1a: Urshifu|[spread] p1a,p1b\n|-resisted|p1a: Urshifu\n|-damage|p1a: Urshifu|61\/100\n|-damage|p1b: Lokix|0 fnt\n|-unboost|p2b: Gholdengo|spa|1\n|faint|p1b: Lokix\n|-damage|p2b: Gholdengo|47\/100|[from] item: Life Orb\n|\n|upkeep\n|\n|t:|1700225243\n|switch|p2a: Iron Bundle|Iron Bundle, L50|100\/100\n|switch|p1b: Amoonguss|Amoonguss, L50, F|100\/100\n|-enditem|p2a: Iron Bundle|Booster Energy\n|-activate|p2a: Iron Bundle|ability: Quark Drive|[fromitem]\n|-start|p2a: Iron Bundle|quarkdrivespe\n|turn|2\n|\n|t:|1700225253\n|switch|p2b: Arcanine|Arcanine-Hisui, L50, M|100\/100\n|-ability|p2b: Arcanine|Intimidate|boost\n|-unboost|p1a: Urshifu|atk|1\n|-unboost|p1b: Amoonguss|atk|1\n|move|p2a: Iron Bundle|Freeze-Dry|p1a: Urshifu\n|-supereffective|p1a: Urshifu\n|-damage|p1a: Urshifu|0 fnt\n|faint|p1a: Urshifu\n|move|p1b: Amoonguss|Pollen Puff|p1: Urshifu|[notarget]\n|-fail|p1b: Amoonguss\n|\n|upkeep\n|\n|t:|1700225262\n|switch|p1a: Baxcalibur|Baxcalibur, L50, M|100\/100\n|turn|3\n|\n|t:|1700225271\n|move|p2a: Iron Bundle|Freeze-Dry|p1b: Amoonguss\n|-supereffective|p1b: Amoonguss\n|-damage|p1b: Amoonguss|35\/100\n|move|p1a: Baxcalibur|Dragon Dance|p1a: Baxcalibur\n|-boost|p1a: Baxcalibur|atk|1\n|-boost|p1a: Baxcalibur|spe|1\n|move|p2b: Arcanine|Rock Slide|p1a: Baxcalibur|[spread] \n|-miss|p2b: Arcanine|p1a: Baxcalibur\n|-miss|p2b: Arcanine|p1b: Amoonguss\n|move|p1b: Amoonguss|Spore|p2a: Iron Bundle\n|-status|p2a: Iron Bundle|slp|[from] move: Spore\n|\n|-heal|p1b: Amoonguss|41\/100|[from] item: Leftovers\n|upkeep\n|turn|4\n|\n|t:|1700225287\n|cant|p2a: Iron Bundle|slp\n|move|p1a: Baxcalibur|Scale Shot|p2b: Arcanine\n|-damage|p2b: Arcanine|75\/100\n|-damage|p2b: Arcanine|51\/100\n|-damage|p2b: Arcanine|28\/100\n|-enditem|p2b: Arcanine|Sitrus Berry|[eat]\n|-heal|p2b: Arcanine|53\/100|[from] item: Sitrus Berry\n|-damage|p2b: Arcanine|30\/100\n|-hitcount|p2b: Arcanine|4\n|-unboost|p1a: Baxcalibur|def|1\n|-boost|p1a: Baxcalibur|spe|1\n|move|p2b: Arcanine|Rock Slide|p1a: Baxcalibur|[spread] p1a,p1b\n|-supereffective|p1a: Baxcalibur\n|-crit|p1b: Amoonguss\n|-damage|p1a: Baxcalibur|18\/100\n|-damage|p1b: Amoonguss|14\/100\n|move|p1b: Amoonguss|Spore|p2b: Arcanine\n|-status|p2b: Arcanine|slp|[from] move: Spore\n|\n|-heal|p1b: Amoonguss|20\/100|[from] item: Leftovers\n|upkeep\n|turn|5\n|\n|t:|1700225312\n|-curestatus|p2a: Iron Bundle|slp|[msg]\n|move|p2a: Iron Bundle|Freeze-Dry|p1a: Baxcalibur\n|-damage|p1a: Baxcalibur|0 fnt\n|faint|p1a: Baxcalibur\n|cant|p2b: Arcanine|slp\n|move|p1b: Amoonguss|Foul Play|p2b: Arcanine\n|-damage|p2b: Arcanine|0 fnt\n|faint|p2b: Arcanine\n|\n|-heal|p1b: Amoonguss|26\/100|[from] item: Leftovers\n|upkeep\n|-message|Blackflashzzzzz forfeited.\n|\n|win|Cassatol\n|raw|Blackflashzzzzz's rating: 1389 &rarr; <strong>1367<\/strong><br \/>(-22 for losing)\n|raw|Cassatol's rating: 1347 &rarr; <strong>1369<\/strong><br \/>(+22 for winning)\n|l|\u2606Blackflashzzzzz\n","uploadtime":1700225344,"views":28,"p1id":"blackflashzzzzz","p2id":"cassatol","formatid":"gen9vgc2023regulatione","rating":1367,"private":0,"password":""}