{"id":"gen9vgc2023regulatione-1999554352","p1":"Kat Gaming (Real)","p2":"immimma","format":"[Gen 9] VGC 2023 Regulation E","log":"|j|\u2606Kat Gaming (Real)\n|j|\u2606immimma\n|t:|1701095601\n|gametype|doubles\n|player|p1|Kat Gaming (Real)|iris-gen5bw2|1127\n|player|p2|immimma|169|1061\n|teamsize|p1|6\n|teamsize|p2|6\n|gen|9\n|tier|[Gen 9] VGC 2023 Regulation E\n|rated|\n|rule|Species Clause: Limit one of each Pok\u00e9mon\n|rule|Item Clause: Limit one of each item\n|clearpoke\n|poke|p1|Lilligant-Hisui, L50, F|\n|poke|p1|Torkoal, L50, F|\n|poke|p1|Chandelure, L50, F|\n|poke|p1|Goodra-Hisui, L50, F|\n|poke|p1|Iron Hands, L50|\n|poke|p1|Landorus-Therian, L50, M|\n|poke|p2|Clodsire, L50, F|\n|poke|p2|Ninetales-Alola, L50, M|\n|poke|p2|Slowking, L50, F|\n|poke|p2|Scream Tail, L50|\n|poke|p2|Sinistcha-Masterpiece, L50|\n|poke|p2|Skeledirge, L50, F|\n|teampreview|4\n|inactive|Battle timer is ON: inactive players will automatically lose when time's up. (requested by immimma)\n|\n|t:|1701095633\n|start\n|switch|p1a: Chandelure|Chandelure, L50, F|100\/100\n|switch|p1b: Iron Hands|Iron Hands, L50|100\/100\n|switch|p2a: Slowking|Slowking, L50, F|100\/100\n|switch|p2b: Ninetales|Ninetales-Alola, L50, M|100\/100\n|-weather|Snow|[from] ability: Snow Warning|[of] p2b: Ninetales\n|turn|1\n|\n|t:|1701095651\n|switch|p2b: Skeledirge|Skeledirge, L50, F, shiny|100\/100\n|move|p1b: Iron Hands|Fake Out|p2b: Skeledirge\n|-immune|p2b: Skeledirge\n|move|p2a: Slowking|Surf|p1a: Chandelure|[spread] p2b,p1a,p1b\n|-supereffective|p2b: Skeledirge\n|-supereffective|p1a: Chandelure\n|-damage|p2b: Skeledirge|58\/100\n|-damage|p1a: Chandelure|39\/100\n|-damage|p1b: Iron Hands|75\/100\n|move|p1a: Chandelure|Trick Room|p1a: Chandelure\n|-fieldstart|move: Trick Room|[of] p1a: Chandelure\n|\n|-weather|Snow|[upkeep]\n|upkeep\n|turn|2\n|inactive|Kat Gaming (Real) has 30 seconds left.\n|inactive|immimma has 30 seconds left.\n|\n|t:|1701095682\n|move|p2b: Skeledirge|Protect|p2b: Skeledirge\n|-singleturn|p2b: Skeledirge|Protect\n|move|p2a: Slowking|Surf|p1b: Iron Hands|[spread] p1a,p1b\n|-activate|p2b: Skeledirge|move: Protect\n|-supereffective|p1a: Chandelure\n|-damage|p1a: Chandelure|0 fnt\n|-damage|p1b: Iron Hands|49\/100\n|-enditem|p1b: Iron Hands|Sitrus Berry|[eat]\n|-heal|p1b: Iron Hands|74\/100|[from] item: Sitrus Berry\n|faint|p1a: Chandelure\n|move|p1b: Iron Hands|Volt Switch|p2a: Slowking\n|-supereffective|p2a: Slowking\n|-damage|p2a: Slowking|80\/100\n|\n|t:|1701095693\n|-end|p1b: Iron Hands|Quark Drive|[silent]\n|switch|p1b: Torkoal|Torkoal, L50, F|100\/100|[from] Volt Switch\n|-weather|SunnyDay|[from] ability: Drought|[of] p1b: Torkoal\n|\n|-weather|SunnyDay|[upkeep]\n|upkeep\n|\n|t:|1701095703\n|switch|p1a: Iron Hands|Iron Hands, L50|74\/100\n|turn|3\n|\n|t:|1701095717\n|switch|p2b: Clodsire|Clodsire, L50, F|100\/100\n|-terastallize|p1b: Torkoal|Fire\n|move|p1a: Iron Hands|Fake Out|p2a: Slowking\n|-damage|p2a: Slowking|65\/100\n|move|p1b: Torkoal|Eruption|p2a: Slowking|[spread] p2a,p2b\n|-resisted|p2a: Slowking\n|-damage|p2a: Slowking|15\/100\n|-damage|p2b: Clodsire|6\/100\n|-enditem|p2a: Slowking|Sitrus Berry|[eat]\n|-heal|p2a: Slowking|40\/100|[from] item: Sitrus Berry\n|cant|p2a: Slowking|flinch\n|\n|-weather|SunnyDay|[upkeep]\n|-heal|p2b: Clodsire|12\/100|[from] item: Leftovers\n|upkeep\n|turn|4\n|\n|t:|1701095740\n|move|p1b: Torkoal|Eruption|p2a: Slowking|[spread] p2a,p2b\n|-resisted|p2a: Slowking\n|-damage|p2a: Slowking|0 fnt\n|-damage|p2b: Clodsire|0 fnt\n|faint|p2a: Slowking\n|faint|p2b: Clodsire\n|move|p1a: Iron Hands|Volt Switch|p2: Slowking|[notarget]\n|-fail|p1a: Iron Hands\n|\n|-weather|SunnyDay|[upkeep]\n|upkeep\n|\n|t:|1701095747\n|switch|p2a: Skeledirge|Skeledirge, L50, F, shiny|58\/100\n|switch|p2b: Ninetales|Ninetales-Alola, L50, M|100\/100\n|-weather|Snow|[from] ability: Snow Warning|[of] p2b: Ninetales\n|turn|5\n|\n|t:|1701095762\n|move|p2a: Skeledirge|Protect|p2a: Skeledirge\n|-singleturn|p2a: Skeledirge|Protect\n|move|p2b: Ninetales|Protect|p2b: Ninetales\n|-singleturn|p2b: Ninetales|Protect\n|move|p1b: Torkoal|Eruption|p2a: Skeledirge|[spread] \n|-activate|p2a: Skeledirge|move: Protect\n|-activate|p2b: Ninetales|move: Protect\n|move|p1a: Iron Hands|Volt Switch|p2a: Skeledirge\n|-activate|p2a: Skeledirge|move: Protect\n|\n|-weather|Snow|[upkeep]\n|-fieldend|move: Trick Room\n|upkeep\n|turn|6\n|\n|t:|1701095784\n|move|p2b: Ninetales|Blizzard|p1a: Iron Hands|[spread] p1a,p1b\n|-resisted|p1b: Torkoal\n|-damage|p1a: Iron Hands|48\/100\n|-damage|p1b: Torkoal|80\/100\n|move|p2a: Skeledirge|Hyper Voice|p1a: Iron Hands|[spread] p1a,p1b\n|-damage|p1a: Iron Hands|33\/100\n|-damage|p1b: Torkoal|57\/100\n|-enditem|p2a: Skeledirge|Throat Spray\n|-boost|p2a: Skeledirge|spa|1|[from] item: Throat Spray\n|move|p1a: Iron Hands|Volt Switch|p2b: Ninetales\n|-damage|p2b: Ninetales|84\/100\n|\n|t:|1701095796\n|-end|p1a: Iron Hands|Quark Drive|[silent]\n|switch|p1a: Landorus|Landorus-Therian, L50, M|100\/100|[from] Volt Switch\n|-ability|p1a: Landorus|Intimidate|boost\n|-unboost|p2a: Skeledirge|atk|1\n|-unboost|p2b: Ninetales|atk|1\n|move|p1b: Torkoal|Heat Wave|p2b: Ninetales|[spread] p2a,p2b\n|-resisted|p2a: Skeledirge\n|-supereffective|p2b: Ninetales\n|-damage|p2a: Skeledirge|37\/100\n|-damage|p2b: Ninetales|0 fnt\n|faint|p2b: Ninetales\n|\n|-weather|Snow|[upkeep]\n|upkeep\n|turn|7\n|-message|immimma forfeited.\n|\n|win|Kat Gaming (Real)\n|raw|Kat Gaming (Real)'s rating: 1127 &rarr; <strong>1147<\/strong><br \/>(+20 for winning)\n|raw|immimma's rating: 1061 &rarr; <strong>1045<\/strong><br \/>(-16 for losing)\n|l|\u2606immimma\n","uploadtime":1701095808,"views":2,"p1id":"katgamingreal","p2id":"immimma","formatid":"gen9vgc2023regulatione","rating":1045,"private":0,"password":""}