{"id":"gen9vgc2023regulatione-1991157062","p1":"Smoggy__","p2":"OznerolVGC","format":"[Gen 9] VGC 2023 Regulation E","log":"|j|\u2606Smoggy__\n|j|\u2606OznerolVGC\n|t:|1700051387\n|gametype|doubles\n|player|p1|Smoggy__|1|1588\n|player|p2|OznerolVGC|102|1510\n|teamsize|p1|6\n|teamsize|p2|6\n|gen|9\n|tier|[Gen 9] VGC 2023 Regulation E\n|rated|\n|rule|Species Clause: Limit one of each Pok\u00e9mon\n|rule|Item Clause: Limit one of each item\n|clearpoke\n|poke|p1|Tornadus, L50, M|\n|poke|p1|Regidrago, L50|\n|poke|p1|Urshifu-*, L50, M|\n|poke|p1|Farigiraf, L50, M|\n|poke|p1|Flutter Mane, L50|\n|poke|p1|Arcanine-Hisui, L50, F|\n|poke|p2|Glimmora, L50, F|\n|poke|p2|Iron Hands, L50|\n|poke|p2|Dondozo, L50, M|\n|poke|p2|Tatsugiri, L50, F|\n|poke|p2|Urshifu-*, L50, M|\n|poke|p2|Flutter Mane, L50|\n|teampreview|4\n|inactive|Battle timer is ON: inactive players will automatically lose when time's up. (requested by Smoggy__)\n|\n|t:|1700051412\n|start\n|switch|p1a: Tornadus|Tornadus, L50, M|100\/100\n|switch|p1b: Regidrago|Regidrago, L50|100\/100\n|switch|p2a: Glimmora|Glimmora, L50, F|100\/100\n|switch|p2b: Iron Hands|Iron Hands, L50|100\/100\n|turn|1\n|\n|t:|1700051434\n|move|p1a: Tornadus|Protect|p1a: Tornadus\n|-singleturn|p1a: Tornadus|Protect\n|move|p1b: Regidrago|Protect|p1b: Regidrago\n|-singleturn|p1b: Regidrago|Protect\n|move|p2a: Glimmora|Mortal Spin|p1a: Tornadus|[spread] \n|-activate|p1a: Tornadus|move: Protect\n|-activate|p1b: Regidrago|move: Protect\n|move|p2b: Iron Hands|Drain Punch|p1b: Regidrago\n|-activate|p1b: Regidrago|move: Protect\n|\n|upkeep\n|turn|2\n|\n|t:|1700051454\n|-terastallize|p1b: Regidrago|Poison\n|move|p1a: Tornadus|Tailwind|p1a: Tornadus\n|-sidestart|p1: Smoggy__|move: Tailwind\n|move|p1b: Regidrago|Dragon Energy|p2b: Iron Hands|[spread] p2a,p2b\n|-enditem|p2a: Glimmora|Focus Sash\n|-damage|p2a: Glimmora|1\/100\n|-damage|p2b: Iron Hands|53\/100\n|move|p2a: Glimmora|Mortal Spin|p1a: Tornadus|[spread] p1a,p1b\n|-resisted|p1b: Regidrago\n|-damage|p1a: Tornadus|95\/100\n|-damage|p1b: Regidrago|98\/100\n|-status|p1a: Tornadus|psn\n|move|p2b: Iron Hands|Wild Charge|p1a: Tornadus\n|-supereffective|p1a: Tornadus\n|-damage|p1a: Tornadus|0 fnt\n|faint|p1a: Tornadus\n|-damage|p2b: Iron Hands|37\/100|[from] Recoil\n|\n|upkeep\n|\n|t:|1700051469\n|switch|p1a: Urshifu|Urshifu, L50, M|100\/100\n|turn|3\n|\n|t:|1700051480\n|move|p2a: Glimmora|Spiky Shield|p2a: Glimmora\n|-singleturn|p2a: Glimmora|move: Protect\n|move|p1a: Urshifu|Wicked Blow|p2b: Iron Hands\n|-resisted|p2b: Iron Hands\n|-crit|p2b: Iron Hands\n|-damage|p2b: Iron Hands|15\/100\n|move|p1b: Regidrago|Dragon Energy|p2b: Iron Hands|[spread] p2b\n|-activate|p2a: Glimmora|move: Protect\n|-damage|p2b: Iron Hands|0 fnt\n|faint|p2b: Iron Hands\n|-end|p2b: Iron Hands|Quark Drive|[silent]\n|\n|upkeep\n|j| Omnibreak\n|\n|t:|1700051498\n|switch|p2b: Dondozo|Dondozo, L50, M|100\/100\n|turn|4\n|\n|t:|1700051511\n|switch|p2a: Tatsugiri|Tatsugiri, L50, F|100\/100\n|-activate|p2a: Tatsugiri|ability: Commander|[of] p2b: Dondozo\n|-boost|p2b: Dondozo|atk|2\n|-boost|p2b: Dondozo|spa|2\n|-boost|p2b: Dondozo|spe|2\n|-boost|p2b: Dondozo|def|2\n|-boost|p2b: Dondozo|spd|2\n|move|p1a: Urshifu|Wicked Blow|p2b: Dondozo\n|-crit|p2b: Dondozo\n|-damage|p2b: Dondozo|52\/100\n|move|p1b: Regidrago|Dragon Energy|p2a: Tatsugiri|[spread] p2b\n|-miss|p1b: Regidrago|p2a: Tatsugiri\n|-damage|p2b: Dondozo|6\/100\n|move|p2b: Dondozo|Earthquake|p1a: Urshifu|[spread] p1a,p1b\n|-miss|p2b: Dondozo|p2a: Tatsugiri\n|-supereffective|p1b: Regidrago\n|-damage|p1a: Urshifu|50\/100\n|-damage|p1b: Regidrago|0 fnt\n|faint|p1b: Regidrago\n|\n|-heal|p2b: Dondozo|12\/100|[from] item: Leftovers\n|upkeep\n|\n|t:|1700051525\n|switch|p1b: Flutter Mane|Flutter Mane, L50|100\/100\n|-enditem|p1b: Flutter Mane|Booster Energy\n|-activate|p1b: Flutter Mane|ability: Protosynthesis|[fromitem]\n|-start|p1b: Flutter Mane|protosynthesisspa\n|turn|5\n|\n|t:|1700051543\n|move|p2b: Dondozo|Protect|p2b: Dondozo\n|-singleturn|p2b: Dondozo|Protect\n|move|p1a: Urshifu|Wicked Blow|p2b: Dondozo\n|-crit|p2b: Dondozo\n|-damage|p2b: Dondozo|0 fnt\n|faint|p2b: Dondozo\n|move|p1b: Flutter Mane|Moonblast|p2a: Tatsugiri\n|-supereffective|p2a: Tatsugiri\n|-damage|p2a: Tatsugiri|0 fnt\n|faint|p2a: Tatsugiri\n|\n|-sideend|p1: Smoggy__|move: Tailwind\n|upkeep\n|-message|OznerolVGC forfeited.\n|\n|win|Smoggy__\n|raw|Smoggy__'s rating: 1588 &rarr; <strong>1604<\/strong><br \/>(+16 for winning)\n|raw|OznerolVGC's rating: 1510 &rarr; <strong>1494<\/strong><br \/>(-16 for losing)\n|l|\u2606OznerolVGC\n","uploadtime":1700051555,"views":9,"p1id":"smoggy","p2id":"oznerolvgc","formatid":"gen9vgc2023regulatione","rating":1494,"private":0,"password":""}