{"id":"gen9vgc2023regulatione-1995042171","p1":"lporeotix","p2":"vlopes777","format":"[Gen 9] VGC 2023 Regulation E","log":"|j|\u2606lporeotix\n|j|\u2606vlopes777\n|t:|1700516337\n|gametype|doubles\n|player|p1|lporeotix|102|1161\n|player|p2|vlopes777|pokekid|1178\n|teamsize|p1|6\n|teamsize|p2|6\n|gen|9\n|tier|[Gen 9] VGC 2023 Regulation E\n|rated|\n|rule|Species Clause: Limit one of each Pok\u00e9mon\n|rule|Item Clause: Limit one of each item\n|clearpoke\n|poke|p1|Goodra-Hisui, L50, M|\n|poke|p1|Tyranitar, L50, M|\n|poke|p1|Rillaboom, L50, M|\n|poke|p1|Flutter Mane, L50|\n|poke|p1|Arcanine-Hisui, L50, F|\n|poke|p1|Iron Bundle, L50|\n|poke|p2|Landorus-Therian, L50, M|\n|poke|p2|Tornadus, L50, M|\n|poke|p2|Iron Hands, L50|\n|poke|p2|Amoonguss, L50, M|\n|poke|p2|Heatran, L50, F|\n|poke|p2|Flutter Mane, L50|\n|teampreview|4\n|inactive|Battle timer is ON: inactive players will automatically lose when time's up. (requested by vlopes777)\nvlopes777 has agreed to open team sheets.\n|inactive|lporeotix has 60 seconds left.\n|inactive|vlopes777 has 60 seconds left.\n|\n|t:|1700516378\n|start\n|switch|p1a: Goodra|Goodra-Hisui, L50, M|100\/100\n|switch|p1b: Arcanine|Arcanine-Hisui, L50, F|100\/100\n|switch|p2a: Tornadus|Tornadus, L50, M|100\/100\n|switch|p2b: D\u00e9m\u00e9t\u00e9ros|Landorus-Therian, L50, M|100\/100\n|-ability|p2b: D\u00e9m\u00e9t\u00e9ros|Intimidate|boost\n|-unboost|p1a: Goodra|atk|1\n|-unboost|p1b: Arcanine|atk|1\n|-ability|p1b: Arcanine|Intimidate|boost\n|-unboost|p2a: Tornadus|atk|1\n|-unboost|p2b: D\u00e9m\u00e9t\u00e9ros|atk|1\n|turn|1\n|inactive|vlopes777 has 30 seconds left.\n|inactive|vlopes777 has 20 seconds left.\n|inactive|vlopes777 has 15 seconds left.\n|inactive|vlopes777 has 10 seconds left.\n|\n|t:|1700516428\n|move|p2a: Tornadus|Tailwind|p2a: Tornadus\n|-sidestart|p2: vlopes777|move: Tailwind\n|move|p2b: D\u00e9m\u00e9t\u00e9ros|Stomping Tantrum|p1b: Arcanine\n|-supereffective|p1b: Arcanine\n|-damage|p1b: Arcanine|0 fnt\n|faint|p1b: Arcanine\n|move|p1a: Goodra|Ice Beam|p2b: D\u00e9m\u00e9t\u00e9ros\n|-supereffective|p2b: D\u00e9m\u00e9t\u00e9ros\n|-damage|p2b: D\u00e9m\u00e9t\u00e9ros|0 fnt\n|faint|p2b: D\u00e9m\u00e9t\u00e9ros\n|\n|upkeep\n|\n|t:|1700516443\n|switch|p1b: Iron Bundle|Iron Bundle, L50|100\/100\n|switch|p2b: Heatran|Heatran, L50, F|100\/100\n|-enditem|p1b: Iron Bundle|Booster Energy\n|-activate|p1b: Iron Bundle|ability: Quark Drive|[fromitem]\n|-start|p1b: Iron Bundle|quarkdrivespe\n|turn|2\n|\n|t:|1700516463\n|-terastallize|p1a: Goodra|Flying\n|move|p2a: Tornadus|Scary Face|p1b: Iron Bundle\n|-unboost|p1b: Iron Bundle|spe|2\n|move|p2b: Heatran|Heat Wave|p1b: Iron Bundle|[spread] p1a\n|-miss|p2b: Heatran|p1b: Iron Bundle\n|-damage|p1a: Goodra|73\/100\n|-damage|p2b: Heatran|91\/100|[from] item: Life Orb\n|move|p1b: Iron Bundle|Hydro Pump|p2b: Heatran\n|-supereffective|p2b: Heatran\n|-damage|p2b: Heatran|5\/100\n|move|p1a: Goodra|Acid Armor|p1a: Goodra\n|-boost|p1a: Goodra|def|2\n|\n|-heal|p1a: Goodra|79\/100|[from] item: Leftovers\n|upkeep\n|turn|3\n|\n|t:|1700516484\n|move|p1b: Iron Bundle|Protect|p1b: Iron Bundle\n|-singleturn|p1b: Iron Bundle|Protect\n|move|p2a: Tornadus|Bleakwind Storm|p1b: Iron Bundle|[spread] p1a\n|-activate|p1b: Iron Bundle|move: Protect\n|-damage|p1a: Goodra|60\/100\n|move|p2b: Heatran|Heat Wave|p1b: Iron Bundle|[spread] p1a\n|-activate|p1b: Iron Bundle|move: Protect\n|-damage|p1a: Goodra|30\/100\n|-damage|p2b: Heatran|0 fnt|[from] item: Life Orb\n|faint|p2b: Heatran\n|move|p1a: Goodra|Body Press|p2a: Tornadus\n|-resisted|p2a: Tornadus\n|-damage|p2a: Tornadus|78\/100\n|\n|-heal|p1a: Goodra|36\/100|[from] item: Leftovers\n|upkeep\n|\n|t:|1700516500\n|switch|p2b: Iron Hands|Iron Hands, L50|100\/100\n|turn|4\n|\n|t:|1700516515\n|move|p2a: Tornadus|Bleakwind Storm|p1a: Goodra|[spread] p1b\n|-miss|p2a: Tornadus|p1a: Goodra\n|-damage|p1b: Iron Bundle|34\/100\n|move|p1b: Iron Bundle|Freeze-Dry|p2a: Tornadus\n|-supereffective|p2a: Tornadus\n|-damage|p2a: Tornadus|11\/100\n|move|p2b: Iron Hands|Drain Punch|p1b: Iron Bundle\n|-supereffective|p1b: Iron Bundle\n|-damage|p1b: Iron Bundle|0 fnt\n|faint|p1b: Iron Bundle\n|-end|p1b: Iron Bundle|Quark Drive|[silent]\n|move|p1a: Goodra|Acid Armor|p1a: Goodra\n|-boost|p1a: Goodra|def|2\n|\n|-heal|p1a: Goodra|42\/100|[from] item: Leftovers\n|-sideend|p2: vlopes777|move: Tailwind\n|upkeep\n|\n|t:|1700516523\n|switch|p1b: Flutter Mane|Flutter Mane, L50|100\/100\n|turn|5\n|\n|t:|1700516543\n|move|p2a: Tornadus|Scary Face|p1b: Flutter Mane\n|-unboost|p1b: Flutter Mane|spe|2\n|move|p1b: Flutter Mane|Moonblast|p2b: Iron Hands\n|-supereffective|p2b: Iron Hands\n|-damage|p2b: Iron Hands|29\/100\n|move|p1a: Goodra|Body Press|p2b: Iron Hands\n|-damage|p2b: Iron Hands|0 fnt\n|faint|p2b: Iron Hands\n|-end|p2b: Iron Hands|Quark Drive|[silent]\n|\n|-heal|p1a: Goodra|48\/100|[from] item: Leftovers\n|upkeep\n|turn|6\n|\n|t:|1700516559\n|move|p2a: Tornadus|Bleakwind Storm|p1a: Goodra|[spread] p1a,p1b\n|-damage|p1a: Goodra|26\/100\n|-damage|p1b: Flutter Mane|70\/100\n|-unboost|p1b: Flutter Mane|spe|1\n|move|p1a: Goodra|Ice Beam|p2a: Tornadus\n|-supereffective|p2a: Tornadus\n|-damage|p2a: Tornadus|0 fnt\n|faint|p2a: Tornadus\n|\n|win|lporeotix\n|raw|lporeotix's rating: 1161 &rarr; <strong>1187<\/strong><br \/>(+26 for winning)\n|raw|vlopes777's rating: 1178 &rarr; <strong>1152<\/strong><br \/>(-26 for losing)\n|c|\u2606vlopes777|hahahahha\n|c|\u2606vlopes777|miss wins\n|l|\u2606lporeotix\n","uploadtime":1700516575,"views":5,"p1id":"lporeotix","p2id":"vlopes777","formatid":"gen9vgc2023regulatione","rating":1152,"private":0,"password":""}