{"id":"gen9vgc2023regulatione-1994595801","p1":"Roshambo67","p2":"omegaguru","format":"[Gen 9] VGC 2023 Regulation E","log":"|j|\u2606Roshambo67\n|j|\u2606omegaguru\n|t:|1700466417\n|gametype|doubles\n|player|p1|Roshambo67|lusamine-nihilego|1255\n|player|p2|omegaguru|266|1306\n|teamsize|p1|6\n|teamsize|p2|6\n|gen|9\n|tier|[Gen 9] VGC 2023 Regulation E\n|rated|\n|rule|Species Clause: Limit one of each Pok\u00e9mon\n|rule|Item Clause: Limit one of each item\n|clearpoke\n|poke|p1|Tornadus, L50, M|\n|poke|p1|Kingambit, L50, M|\n|poke|p1|Brambleghast, L50, F|\n|poke|p1|Flutter Mane, L50|\n|poke|p1|Ogerpon-Hearthflame, L50, F|\n|poke|p1|Kommo-o, L50, M|\n|poke|p2|Ninetales-Alola, L50, F|\n|poke|p2|Dragonite, L50, F|\n|poke|p2|Heatran, L50, F|\n|poke|p2|Luxray, L50, M|\n|poke|p2|Urshifu-*, L50, M|\n|poke|p2|Iron Bundle, L50|\n|teampreview|4\n|inactive|Battle timer is ON: inactive players will automatically lose when time's up. (requested by Roshambo67)\nRoshambo67 rejected open team sheets.\n|inactive|omegaguru has 60 seconds left.\n|\n|t:|1700466468\n|start\n|switch|p1a: Kingambit|Kingambit, L50, M, shiny|100\/100\n|switch|p1b: Ogerpon|Ogerpon-Hearthflame, L50, F|100\/100\n|switch|p2a: Ninetales|Ninetales-Alola, L50, F|100\/100\n|switch|p2b: Iron Bundle|Iron Bundle, L50|100\/100\n|-weather|Snow|[from] ability: Snow Warning|[of] p2a: Ninetales\n|-ability|p1b: Ogerpon|Mold Breaker\n|-enditem|p2b: Iron Bundle|Booster Energy\n|-activate|p2b: Iron Bundle|ability: Quark Drive|[fromitem]\n|-start|p2b: Iron Bundle|quarkdrivespe\n|turn|1\n|inactive|omegaguru has 30 seconds left.\n|inactive|omegaguru has 20 seconds left.\n|\n|t:|1700466508\n|-end|p2b: Iron Bundle|Quark Drive|[silent]\n|switch|p2b: Heatran|Heatran, L50, F|100\/100\n|move|p1b: Ogerpon|Spiky Shield|p1b: Ogerpon\n|-singleturn|p1b: Ogerpon|move: Protect\n|move|p2a: Ninetales|Aurora Veil|p2a: Ninetales\n|-sidestart|p2: omegaguru|move: Aurora Veil\n|move|p1a: Kingambit|Iron Head|p2a: Ninetales\n|-supereffective|p2a: Ninetales\n|-damage|p2a: Ninetales|0 fnt\n|faint|p2a: Ninetales\n|\n|-weather|Snow|[upkeep]\n|upkeep\n|\n|t:|1700466519\n|switch|p2a: Iron Bundle|Iron Bundle, L50|100\/100\n|turn|2\n|inactive|Roshambo67 has 30 seconds left.\n|inactive|omegaguru has 30 seconds left.\n|inactive|Roshambo67 has 20 seconds left.\n|\n|t:|1700466557\n|switch|p1a: Flutter Mane|Flutter Mane, L50|100\/100\n|move|p2a: Iron Bundle|Blizzard|p1b: Ogerpon|[spread] p1a,p1b\n|-damage|p1a: Flutter Mane|57\/100\n|-damage|p1b: Ogerpon|59\/100\n|move|p1b: Ogerpon|Wood Hammer|p2a: Iron Bundle\n|-supereffective|p2a: Iron Bundle\n|-damage|p2a: Iron Bundle|27\/100\n|-damage|p1b: Ogerpon|41\/100|[from] Recoil\n|move|p2b: Heatran|Substitute|p2b: Heatran\n|-start|p2b: Heatran|Substitute\n|-damage|p2b: Heatran|76\/100\n|\n|-weather|Snow|[upkeep]\n|upkeep\n|turn|3\n|inactive|omegaguru has 30 seconds left.\n|\n|t:|1700466583\n|move|p2a: Iron Bundle|Protect|p2a: Iron Bundle\n|-singleturn|p2a: Iron Bundle|Protect\n|move|p1b: Ogerpon|Follow Me|p1b: Ogerpon\n|-singleturn|p1b: Ogerpon|move: Follow Me\n|move|p1a: Flutter Mane|Dazzling Gleam|p2b: Heatran|[spread] p2b\n|-activate|p2a: Iron Bundle|move: Protect\n|-resisted|p2b: Heatran\n|-activate|p2b: Heatran|move: Substitute|[damage]\n|move|p2b: Heatran|Flash Cannon|p1b: Ogerpon\n|-resisted|p1b: Ogerpon\n|-damage|p1b: Ogerpon|11\/100\n|-damage|p2b: Heatran|66\/100|[from] item: Life Orb\n|\n|-weather|Snow|[upkeep]\n|upkeep\n|turn|4\n|\n|t:|1700466607\n|move|p1b: Ogerpon|Follow Me|p1b: Ogerpon\n|-singleturn|p1b: Ogerpon|move: Follow Me\n|move|p2a: Iron Bundle|Blizzard|p1a: Flutter Mane|[spread] p1a,p1b\n|-damage|p1a: Flutter Mane|13\/100\n|-damage|p1b: Ogerpon|0 fnt\n|faint|p1b: Ogerpon\n|move|p1a: Flutter Mane|Dazzling Gleam|p2a: Iron Bundle|[spread] p2a,p2b\n|-resisted|p2b: Heatran\n|-activate|p2b: Heatran|move: Substitute|[damage]\n|-damage|p2a: Iron Bundle|0 fnt\n|faint|p2a: Iron Bundle\n|-end|p2a: Iron Bundle|Quark Drive|[silent]\n|move|p2b: Heatran|Flash Cannon|p1a: Flutter Mane\n|-supereffective|p1a: Flutter Mane\n|-damage|p1a: Flutter Mane|0 fnt\n|faint|p1a: Flutter Mane\n|-end|p1a: Flutter Mane|Protosynthesis|[silent]\n|-damage|p2b: Heatran|57\/100|[from] item: Life Orb\n|\n|-weather|Snow|[upkeep]\n|upkeep\n|\n|t:|1700466619\n|switch|p2a: Dragonite|Dragonite, L50, F|100\/100\n|switch|p1a: Kingambit|Kingambit, L50, M, shiny|100\/100\n|switch|p1b: Kommo-o|Kommo-o, L50, M|100\/100\n|turn|5\n|inactive|omegaguru has 30 seconds left.\n|\n|t:|1700466654\n|-terastallize|p2a: Dragonite|Normal\n|-terastallize|p1a: Kingambit|Ghost\n|move|p2a: Dragonite|Extreme Speed|p1b: Kommo-o\n|-damage|p1b: Kommo-o|46\/100\n|move|p2b: Heatran|Heat Wave|p1a: Kingambit|[spread] p1a,p1b\n|-resisted|p1b: Kommo-o\n|-damage|p1a: Kingambit|59\/100\n|-damage|p1b: Kommo-o|23\/100\n|-damage|p2b: Heatran|47\/100|[from] item: Life Orb\n|move|p1b: Kommo-o|Clanging Scales|p2a: Dragonite|[spread] p2a,p2b\n|-resisted|p2b: Heatran\n|-damage|p2a: Dragonite|80\/100\n|-damage|p2b: Heatran|38\/100\n|-unboost|p1b: Kommo-o|def|1\n|-enditem|p1b: Kommo-o|Throat Spray\n|-boost|p1b: Kommo-o|spa|1|[from] item: Throat Spray\n|move|p1a: Kingambit|Swords Dance|p1a: Kingambit\n|-boost|p1a: Kingambit|atk|2\n|\n|-weather|none\n|-heal|p1a: Kingambit|65\/100|[from] item: Leftovers\n|upkeep\n|turn|6\n|inactive|Roshambo67 has 30 seconds left.\n|\n|t:|1700466685\n|move|p1b: Kommo-o|Protect|p1b: Kommo-o\n|-singleturn|p1b: Kommo-o|Protect\n|move|p2a: Dragonite|Extreme Speed|p1b: Kommo-o\n|-activate|p1b: Kommo-o|move: Protect\n|move|p2b: Heatran|Flash Cannon|p1a: Kingambit\n|-damage|p1a: Kingambit|19\/100\n|-damage|p2b: Heatran|29\/100|[from] item: Life Orb\n|move|p1a: Kingambit|Kowtow Cleave|p2a: Dragonite\n|-damage|p2a: Dragonite|26\/100\n|\n|-heal|p1a: Kingambit|25\/100|[from] item: Leftovers\n|upkeep\n|turn|7\n|inactive|Roshambo67 has 30 seconds left.\n|\n|t:|1700466711\n|move|p2a: Dragonite|Extreme Speed|p1b: Kommo-o\n|-damage|p1b: Kommo-o|0 fnt\n|faint|p1b: Kommo-o\n|move|p1a: Kingambit|Sucker Punch|p2b: Heatran\n|-end|p2b: Heatran|Substitute\n|move|p2b: Heatran|Flash Cannon|p1a: Kingambit\n|-damage|p1a: Kingambit|0 fnt\n|faint|p1a: Kingambit\n|-damage|p2b: Heatran|19\/100|[from] item: Life Orb\n|\n|win|omegaguru\n|raw|Roshambo67's rating: 1255 &rarr; <strong>1234<\/strong><br \/>(-21 for losing)\n|raw|omegaguru's rating: 1306 &rarr; <strong>1323<\/strong><br \/>(+17 for winning)\n|l|\u2606Roshambo67\n","uploadtime":1700466728,"views":17,"p1id":"roshambo67","p2id":"omegaguru","formatid":"gen9vgc2023regulatione","rating":1234,"private":0,"password":""}