{"id":"gen9vgc2023regulatione-1993713312","p1":"suffyrin","p2":"VOVOMAXBEN1O","format":"[Gen 9] VGC 2023 Regulation E","log":"|j|\u2606suffyrin\n|j|\u2606VOVOMAXBEN1O\n|t:|1700348507\n|gametype|doubles\n|player|p1|suffyrin|2|\n|player|p2|VOVOMAXBEN1O|carmine-festival|\n|teamsize|p1|6\n|teamsize|p2|6\n|gen|9\n|tier|[Gen 9] VGC 2023 Regulation E\n|rated|Tournament battle\n|rule|Species Clause: Limit one of each Pok\u00e9mon\n|rule|Item Clause: Limit one of each item\n|clearpoke\n|poke|p1|Ogerpon-Wellspring, L50, F|\n|poke|p1|Heatran, L50, F|\n|poke|p1|Chien-Pao, L50|\n|poke|p1|Amoonguss, L50, F|\n|poke|p1|Landorus-Therian, L50, M|\n|poke|p1|Iron Hands, L50|\n|poke|p2|Volcarona, L50, F|\n|poke|p2|Kingambit, L50, F|\n|poke|p2|Chien-Pao, L50|\n|poke|p2|Iron Hands, L50|\n|poke|p2|Landorus-Therian, L50, M|\n|poke|p2|Sinistcha, L50|\n|teampreview|4\n|showteam|p1|Ogerpon-Wellspring||WellspringMask|WaterAbsorb|IvyCudgel,HornLeech,SpikyShield,FollowMe|||F|||50|,,,,,Water]Heatran||LifeOrb|FlashFire|HeatWave,EarthPower,Protect,FlashCannon|||F|||50|,,,,,Fairy]Chien-Pao||FocusSash|SwordofRuin|IceSpinner,Protect,LashOut,SuckerPunch||||||50|,,,,,Ghost]Amoonguss||SitrusBerry|Regenerator|Spore,RagePowder,Protect,PollenPuff|||F|||50|,,,,,Water]Landorus-Therian||ChoiceScarf|Intimidate|StompingTantrum,RockSlide,Uturn,TeraBlast|||M|||50|,,,,,Flying]Iron Hands||AssaultVest|QuarkDrive|WildCharge,VoltSwitch,DrainPunch,FakeOut||||||50|,,,,,Fire\n|showteam|p2|Volcarona||Leftovers|FlameBody|Protect,HeatWave,GigaDrain,QuiverDance|||F|||50|,,,,,Grass]Kingambit||BlackGlasses|Defiant|KowtowCleave,SuckerPunch,SwordsDance,Protect|||F|||50|,,,,,Poison]Chien-Pao||FocusSash|SwordofRuin|SuckerPunch,IceSpinner,SacredSword,Protect||||||50|,,,,,Ghost]Iron Hands||AssaultVest|QuarkDrive|DrainPunch,WildCharge,HeavySlam,FakeOut||||||50|,,,,,Fire]Landorus-Therian||ChoiceScarf|Intimidate|RockSlide,StompingTantrum,TeraBlast,Uturn|||M|||50|,,,,,Flying]Sinistcha||RockyHelmet|Hospitality|MatchaGotcha,StrengthSap,RagePowder,TrickRoom||||||50|,,,,,Fairy\n|c|\u2606VOVOMAXBEN1O|glhf\n|\n|t:|1700348528\n|start\n|switch|p1a: Heatran|Heatran, L50, F|100\/100\n|switch|p1b: Iron Hands|Iron Hands, L50|100\/100\n|switch|p2a: Kingambit|Kingambit, L50, F|100\/100\n|switch|p2b: Landorus|Landorus-Therian, L50, M|100\/100\n|-ability|p2b: Landorus|Intimidate|boost\n|-unboost|p1a: Heatran|atk|1\n|-unboost|p1b: Iron Hands|atk|1\n|turn|1\n|\n|t:|1700348556\n|-terastallize|p2a: Kingambit|Poison\n|move|p1b: Iron Hands|Fake Out|p2b: Landorus\n|-damage|p2b: Landorus|89\/100\n|cant|p2b: Landorus|flinch\n|move|p1a: Heatran|Heat Wave|p2b: Landorus|[spread] p2a,p2b\n|-damage|p2a: Kingambit|49\/100\n|-damage|p2b: Landorus|29\/100\n|-damage|p1a: Heatran|91\/100|[from] item: Life Orb\n|move|p2a: Kingambit|Swords Dance|p2a: Kingambit\n|-boost|p2a: Kingambit|atk|2\n|\n|upkeep\n|turn|2\n|\n|t:|1700348583\n|move|p1a: Heatran|Protect|p1a: Heatran\n|-singleturn|p1a: Heatran|Protect\n|move|p2b: Landorus|Stomping Tantrum|p1a: Heatran\n|-activate|p1a: Heatran|move: Protect\n|move|p2a: Kingambit|Kowtow Cleave|p1a: Heatran\n|-activate|p1a: Heatran|move: Protect\n|move|p1b: Iron Hands|Volt Switch|p2a: Kingambit\n|-damage|p2a: Kingambit|36\/100\n|\n|t:|1700348592\n|-end|p1b: Iron Hands|Quark Drive|[silent]\n|switch|p1b: Amoonguss|Amoonguss, L50, F|100\/100|[from] Volt Switch\n|\n|upkeep\n|turn|3\n|\n|t:|1700348603\n|move|p2a: Kingambit|Protect|p2a: Kingambit\n|-singleturn|p2a: Kingambit|Protect\n|move|p1b: Amoonguss|Rage Powder|p1b: Amoonguss\n|-singleturn|p1b: Amoonguss|move: Rage Powder\n|move|p2b: Landorus|Stomping Tantrum|p1b: Amoonguss\n|-damage|p1b: Amoonguss|68\/100\n|move|p1a: Heatran|Heat Wave|p2a: Kingambit|[spread] p2b\n|-activate|p2a: Kingambit|move: Protect\n|-damage|p2b: Landorus|0 fnt\n|faint|p2b: Landorus\n|-damage|p1a: Heatran|82\/100|[from] item: Life Orb\n|\n|upkeep\n|\n|t:|1700348612\n|switch|p2b: Iron Hands|Iron Hands, L50|100\/100\n|turn|4\n|j| Outero\n|\n|t:|1700348636\n|move|p1a: Heatran|Protect|p1a: Heatran\n|-singleturn|p1a: Heatran|Protect\n|move|p1b: Amoonguss|Protect|p1b: Amoonguss\n|-singleturn|p1b: Amoonguss|Protect\n|move|p2b: Iron Hands|Fake Out|p1a: Heatran\n|-activate|p1a: Heatran|move: Protect\n|move|p2a: Kingambit|Kowtow Cleave|p1b: Amoonguss\n|-activate|p1b: Amoonguss|move: Protect\n|\n|upkeep\n|turn|5\n|\n|t:|1700348653\n|move|p2a: Kingambit|Protect|p2a: Kingambit\n|-singleturn|p2a: Kingambit|Protect\n|move|p1b: Amoonguss|Rage Powder|p1b: Amoonguss\n|-singleturn|p1b: Amoonguss|move: Rage Powder\n|move|p1a: Heatran|Earth Power|p2a: Kingambit\n|-activate|p2a: Kingambit|move: Protect\n|move|p2b: Iron Hands|Drain Punch|p1b: Amoonguss\n|-resisted|p1b: Amoonguss\n|-damage|p1b: Amoonguss|52\/100\n|\n|upkeep\n|turn|6\n|\n|t:|1700348674\n|move|p2a: Kingambit|Protect||[still]\n|-fail|p2a: Kingambit\n|move|p1b: Amoonguss|Rage Powder|p1b: Amoonguss\n|-singleturn|p1b: Amoonguss|move: Rage Powder\n|move|p1a: Heatran|Heat Wave|p2a: Kingambit|[spread] p2a\n|-miss|p1a: Heatran|p2b: Iron Hands\n|-damage|p2a: Kingambit|0 fnt\n|faint|p2a: Kingambit\n|-damage|p1a: Heatran|72\/100|[from] item: Life Orb\n|move|p2b: Iron Hands|Heavy Slam|p1b: Amoonguss\n|-damage|p1b: Amoonguss|14\/100\n|-enditem|p1b: Amoonguss|Sitrus Berry|[eat]\n|-heal|p1b: Amoonguss|39\/100|[from] item: Sitrus Berry\n|\n|upkeep\n|-message|VOVOMAXBEN1O forfeited.\n|\n|win|suffyrin\n|n|\u2606suffyrin|suffyrin\n|n|\u2606VOVOMAXBEN1O|vovomaxben1o\n|n| Outero|outero\n|l|\u2606VOVOMAXBEN1O\n","uploadtime":1700348684,"views":24,"p1id":"suffyrin","p2id":"vovomaxben1o","formatid":"gen9vgc2023regulatione","rating":0,"private":0,"password":""}