{"id":"gen9vgc2023regulatione-1991684327","p1":"Chowdah","p2":"SaturnCraft","format":"[Gen 9] VGC 2023 Regulation E","log":"|j|\u2606Chowdah\n|j|\u2606SaturnCraft\n|t:|1700102369\n|gametype|doubles\n|player|p1|Chowdah|hiker-gen1rb|1366\n|player|p2|SaturnCraft|ghetsis|1442\n|teamsize|p1|6\n|teamsize|p2|6\n|gen|9\n|tier|[Gen 9] VGC 2023 Regulation E\n|rated|\n|rule|Species Clause: Limit one of each Pok\u00e9mon\n|rule|Item Clause: Limit one of each item\n|clearpoke\n|poke|p1|Wo-Chien, L50|\n|poke|p1|Dondozo, L50, F|\n|poke|p1|Tatsugiri-Droopy, L50, F|\n|poke|p1|Glimmora, L50, M|\n|poke|p1|Iron Hands, L50|\n|poke|p1|Grimmsnarl, L50, M|\n|poke|p2|Indeedee-F, L50, F|\n|poke|p2|Urshifu-*, L50, F|\n|poke|p2|Ursaluna-Bloodmoon, L50, M|\n|poke|p2|Tornadus, L50, M|\n|poke|p2|Armarouge, L50, F|\n|poke|p2|Flutter Mane, L50|\n|teampreview|4\n|c|\u2606Chowdah|gl hf :)\n|\n|t:|1700102400\n|start\n|switch|p1a: Glimmora|Glimmora, L50, M|100\/100\n|switch|p1b: Grimmsnarl|Grimmsnarl, L50, M|100\/100\n|switch|p2a: Armarouge|Armarouge, L50, F, shiny|100\/100\n|switch|p2b: Indeedee|Indeedee-F, L50, F|100\/100\n|-fieldstart|move: Psychic Terrain|[from] ability: Psychic Surge|[of] p2b: Indeedee\n|turn|1\n|\n|t:|1700102434\n|move|p2b: Indeedee|Follow Me|p2b: Indeedee\n|-singleturn|p2b: Indeedee|move: Follow Me\n|move|p1b: Grimmsnarl|Light Screen|p1b: Grimmsnarl\n|-sidestart|p1: Chowdah|move: Light Screen\n|move|p1a: Glimmora|Mortal Spin|p2b: Indeedee|[spread] p2a,p2b\n|-damage|p2a: Armarouge|96\/100\n|-damage|p2b: Indeedee|97\/100\n|-status|p2a: Armarouge|psn\n|-status|p2b: Indeedee|psn\n|move|p2a: Armarouge|Trick Room|p2a: Armarouge\n|-fieldstart|move: Trick Room|[of] p2a: Armarouge\n|\n|-damage|p2a: Armarouge|83\/100 psn|[from] psn\n|-damage|p2b: Indeedee|84\/100 psn|[from] psn\n|upkeep\n|turn|2\n|\n|t:|1700102458\n|move|p1a: Glimmora|Spiky Shield|p1a: Glimmora\n|-singleturn|p1a: Glimmora|move: Protect\n|move|p2a: Armarouge|Expanding Force|p1a: Glimmora|[spread] \n|-activate|p1a: Glimmora|move: Protect\n|-immune|p1b: Grimmsnarl\n|move|p2b: Indeedee|Dazzling Gleam|p1b: Grimmsnarl|[spread] p1b\n|-activate|p1a: Glimmora|move: Protect\n|-supereffective|p1b: Grimmsnarl\n|-damage|p1b: Grimmsnarl|86\/100\n|move|p1b: Grimmsnarl|Spirit Break|p2b: Indeedee\n|-damage|p2b: Indeedee|57\/100 psn\n|-unboost|p2b: Indeedee|spa|1\n|\n|-damage|p2a: Armarouge|71\/100 psn|[from] psn\n|-damage|p2b: Indeedee|45\/100 psn|[from] psn\n|upkeep\n|turn|3\n|inactive|Battle timer is ON: inactive players will automatically lose when time's up. (requested by SaturnCraft)\n|\n|t:|1700102483\n|switch|p2b: Ursaluna|Ursaluna-Bloodmoon, L50, M|100\/100\n|-terastallize|p1a: Glimmora|Fairy\n|move|p2a: Armarouge|Expanding Force|p1b: Grimmsnarl|[spread] p1a\n|-immune|p1b: Grimmsnarl\n|-damage|p1a: Glimmora|49\/100\n|-enditem|p1a: Glimmora|Sitrus Berry|[eat]\n|-heal|p1a: Glimmora|74\/100|[from] item: Sitrus Berry\n|-damage|p2a: Armarouge|61\/100 psn|[from] item: Life Orb\n|move|p1b: Grimmsnarl|Spirit Break|p2a: Armarouge\n|-resisted|p2a: Armarouge\n|-damage|p2a: Armarouge|46\/100 psn\n|-unboost|p2a: Armarouge|spa|1\n|move|p1a: Glimmora|Stealth Rock|p2a: Armarouge\n|-sidestart|p2: SaturnCraft|move: Stealth Rock\n|\n|-damage|p2a: Armarouge|34\/100 psn|[from] psn\n|upkeep\n|turn|4\n|\n|t:|1700102506\n|-terastallize|p2b: Ursaluna|Normal\n|move|p1a: Glimmora|Spiky Shield|p1a: Glimmora\n|-singleturn|p1a: Glimmora|move: Protect\n|move|p2b: Ursaluna|Hyper Voice|p1b: Grimmsnarl|[spread] p1b\n|-activate|p1a: Glimmora|move: Protect\n|-damage|p1b: Grimmsnarl|57\/100\n|-enditem|p2b: Ursaluna|Throat Spray\n|-boost|p2b: Ursaluna|spa|1|[from] item: Throat Spray\n|move|p2a: Armarouge|Armor Cannon|p1a: Glimmora\n|-activate|p1a: Glimmora|move: Protect\n|move|p1b: Grimmsnarl|Spirit Break|p2b: Ursaluna\n|-damage|p2b: Ursaluna|77\/100\n|-unboost|p2b: Ursaluna|spa|1\n|\n|-damage|p2a: Armarouge|21\/100 psn|[from] psn\n|upkeep\n|turn|5\n|inactive|Chowdah has 30 seconds left.\n|\n|t:|1700102533\n|switch|p1a: Dondozo|Dondozo, L50, F|100\/100\n|move|p2b: Ursaluna|Hyper Voice|p1a: Dondozo|[spread] p1a,p1b\n|-damage|p1a: Dondozo|63\/100\n|-damage|p1b: Grimmsnarl|29\/100\n|move|p2a: Armarouge|Armor Cannon|p1b: Grimmsnarl\n|-damage|p1b: Grimmsnarl|0 fnt\n|-unboost|p2a: Armarouge|def|1\n|-unboost|p2a: Armarouge|spd|1\n|faint|p1b: Grimmsnarl\n|-damage|p2a: Armarouge|11\/100 psn|[from] item: Life Orb\n|\n|-damage|p2a: Armarouge|0 fnt|[from] psn\n|faint|p2a: Armarouge\n|-sideend|p1: Chowdah|move: Light Screen\n|-fieldend|move: Trick Room\n|-fieldend|move: Psychic Terrain\n|upkeep\n|inactive|Chowdah has 30 seconds left.\n|\n|t:|1700102561\n|switch|p1b: Glimmora|Glimmora, L50, M, tera:Fairy|74\/100\n|switch|p2a: Indeedee|Indeedee-F, L50, F|45\/100 psn\n|-damage|p2a: Indeedee|32\/100 psn|[from] Stealth Rock\n|-fieldstart|move: Psychic Terrain|[from] ability: Psychic Surge|[of] p2a: Indeedee\n|turn|6\n|\n|t:|1700102577\n|move|p2a: Indeedee|Helping Hand|p2b: Ursaluna\n|-singleturn|p2b: Ursaluna|Helping Hand|[of] p2a: Indeedee\n|move|p1a: Dondozo|Protect|p1a: Dondozo\n|-singleturn|p1a: Dondozo|Protect\n|move|p1b: Glimmora|Mortal Spin|p2b: Ursaluna|[spread] p2a,p2b\n|-damage|p2a: Indeedee|28\/100 psn\n|-damage|p2b: Ursaluna|74\/100\n|-status|p2b: Ursaluna|psn\n|move|p2b: Ursaluna|Hyper Voice|p1a: Dondozo|[spread] p1b\n|-activate|p1a: Dondozo|move: Protect\n|-damage|p1b: Glimmora|0 fnt\n|faint|p1b: Glimmora\n|\n|-damage|p2a: Indeedee|16\/100 psn|[from] psn\n|-damage|p2b: Ursaluna|62\/100 psn|[from] psn\n|upkeep\n|\n|t:|1700102597\n|switch|p1b: Tatsugiri|Tatsugiri-Droopy, L50, F|100\/100\n|-activate|p1b: Tatsugiri|ability: Commander|[of] p1a: Dondozo\n|-boost|p1a: Dondozo|atk|2\n|-boost|p1a: Dondozo|spa|2\n|-boost|p1a: Dondozo|spe|2\n|-boost|p1a: Dondozo|def|2\n|-boost|p1a: Dondozo|spd|2\n|turn|7\n|\n|t:|1700102611\n|move|p2a: Indeedee|Follow Me|p2a: Indeedee\n|-singleturn|p2a: Indeedee|move: Follow Me\n|move|p1a: Dondozo|Order Up|p2a: Indeedee\n|-damage|p2a: Indeedee|0 fnt\n|faint|p2a: Indeedee\n|-boost|p1a: Dondozo|def|1\n|move|p2b: Ursaluna|Blood Moon|p1a: Dondozo\n|-damage|p1a: Dondozo|8\/100\n|\n|-damage|p2b: Ursaluna|50\/100 psn|[from] psn\n|upkeep\n|\n|t:|1700102622\n|switch|p2a: Tornadus|Tornadus, L50, M|100\/100\n|-damage|p2a: Tornadus|76\/100|[from] Stealth Rock\n|turn|8\n|\n|t:|1700102631\n|move|p2a: Tornadus|Bleakwind Storm|p1b: Tatsugiri|[spread] \n|-miss|p2a: Tornadus|p1b: Tatsugiri\n|-miss|p2a: Tornadus|p1a: Dondozo\n|move|p1a: Dondozo|Rest|p1a: Dondozo\n|-status|p1a: Dondozo|slp|[from] move: Rest\n|-enditem|p1a: Dondozo|Lum Berry|[eat]\n|-curestatus|p1a: Dondozo|slp|[msg]\n|-heal|p1a: Dondozo|100\/100|[silent]\n|move|p2b: Ursaluna|Hyper Voice|p1b: Tatsugiri|[spread] p1a\n|-miss|p2b: Ursaluna|p1b: Tatsugiri\n|-damage|p1a: Dondozo|74\/100\n|\n|-damage|p2b: Ursaluna|37\/100 psn|[from] psn\n|upkeep\n|turn|9\n|inactive|Chowdah has 30 seconds left.\n|\n|t:|1700102658\n|move|p2a: Tornadus|Bleakwind Storm|p1a: Dondozo|[spread] p1a\n|-miss|p2a: Tornadus|p1b: Tatsugiri\n|-damage|p1a: Dondozo|55\/100\n|move|p1a: Dondozo|Order Up|p2b: Ursaluna\n|-damage|p2b: Ursaluna|9\/100 psn\n|-boost|p1a: Dondozo|def|1\n|move|p2b: Ursaluna|Blood Moon|p1a: Dondozo\n|-damage|p1a: Dondozo|4\/100\n|\n|-damage|p2b: Ursaluna|0 fnt|[from] psn\n|faint|p2b: Ursaluna\n|upkeep\n|turn|10\n|\n|t:|1700102677\n|move|p2a: Tornadus|Bleakwind Storm|p1b: Tatsugiri|[spread] \n|-miss|p2a: Tornadus|p1b: Tatsugiri\n|-miss|p2a: Tornadus|p1a: Dondozo\n|move|p1a: Dondozo|Rest|p1a: Dondozo\n|-status|p1a: Dondozo|slp|[from] move: Rest\n|-heal|p1a: Dondozo|100\/100 slp|[silent]\n|\n|-fieldend|move: Psychic Terrain\n|upkeep\n|turn|11\n|c|\u2606Chowdah|ope\n|-message|SaturnCraft forfeited.\n|\n|win|Chowdah\n|raw|Chowdah's rating: 1366 &rarr; <strong>1390<\/strong><br \/>(+24 for winning)\n|raw|SaturnCraft's rating: 1442 &rarr; <strong>1418<\/strong><br \/>(-24 for losing)\n|l|\u2606SaturnCraft\n","uploadtime":1700102694,"views":16,"p1id":"chowdah","p2id":"saturncraft","formatid":"gen9vgc2023regulatione","rating":1390,"private":0,"password":""}