{"id":"gen9vgc2023regulatione-1992871932","p1":"FourLi","p2":"ScarletSpider10","format":"[Gen 9] VGC 2023 Regulation E","log":"|j|\u2606FourLi\n|j|\u2606ScarletSpider10\n|t:|1700242715\n|gametype|doubles\n|player|p1|FourLi|dawn|1048\n|player|p2|ScarletSpider10|nate|1053\n|teamsize|p1|6\n|teamsize|p2|6\n|gen|9\n|tier|[Gen 9] VGC 2023 Regulation E\n|rated|\n|rule|Species Clause: Limit one of each Pok\u00e9mon\n|rule|Item Clause: Limit one of each item\n|clearpoke\n|poke|p1|Pawmot, L50, M|\n|poke|p1|Morpeko, L50, F|\n|poke|p1|Pachirisu, L50, F|\n|poke|p1|Raichu, L50, F|\n|poke|p1|Mimikyu, L50, F|\n|poke|p1|Dedenne, L50, F|\n|poke|p2|Dragonite, L50, M|\n|poke|p2|Maushold-Four, L50|\n|poke|p2|Flamigo, L50, M|\n|poke|p2|Meowscarada, L50, M|\n|poke|p2|Krookodile, L50, M|\n|poke|p2|Iron Hands, L50|\n|teampreview|4\n|\n|t:|1700242786\n|start\n|switch|p1a: Pawmot|Pawmot, L50, M, shiny|100\/100\n|switch|p1b: Raichu|Raichu, L50, F, shiny|100\/100\n|switch|p2a: Meowscarada|Meowscarada, L50, M, shiny|100\/100\n|switch|p2b: Krookodile|Krookodile, L50, M, shiny|100\/100\n|-item|p1b: Raichu|Air Balloon\n|turn|1\n|\n|t:|1700242829\n|-terastallize|p1a: Pawmot|Water\n|move|p1b: Raichu|Fake Out|p2a: Meowscarada\n|-damage|p2a: Meowscarada|91\/100\n|-enditem|p2a: Meowscarada|Eject Button\n|\n|t:|1700242840\n|switch|p2a: Iron Hands|Iron Hands, L50|100\/100\n|-enditem|p2a: Iron Hands|Booster Energy\n|-activate|p2a: Iron Hands|ability: Quark Drive|[fromitem]\n|-start|p2a: Iron Hands|quarkdriveatk\n|move|p1a: Pawmot|Ice Punch|p2a: Iron Hands\n|-damage|p2a: Iron Hands|82\/100\n|move|p2b: Krookodile|Rest|p2b: Krookodile\n|-fail|p2b: Krookodile|heal\n|\n|upkeep\n|turn|2\n|\n|t:|1700242872\n|switch|p1b: Mimikyu|Mimikyu, L50, F, shiny|100\/100\n|move|p1a: Pawmot|Ice Punch|p2b: Krookodile\n|-supereffective|p2b: Krookodile\n|-damage|p2b: Krookodile|35\/100\n|-status|p2b: Krookodile|frz\n|cant|p2b: Krookodile|frz\n|move|p2a: Iron Hands|Bulldoze|p1b: Mimikyu|[spread] p2b,p1a,p1b\n|-crit|p1a: Pawmot\n|-damage|p2b: Krookodile|13\/100 frz\n|-damage|p1a: Pawmot|52\/100\n|-activate|p1b: Mimikyu|ability: Disguise\n|-damage|p1b: Mimikyu|100\/100\n|-unboost|p2b: Krookodile|spe|1\n|-unboost|p1a: Pawmot|spe|1\n|-unboost|p1b: Mimikyu|spe|1\n|detailschange|p1b: Mimikyu|Mimikyu-Busted, L50, F, shiny\n|-damage|p1b: Mimikyu|89\/100|[from] pokemon: Mimikyu-Busted\n|\n|upkeep\n|turn|3\n|inactive|Battle timer is ON: inactive players will automatically lose when time's up. (requested by FourLi)\n|inactive|ScarletSpider10 has 60 seconds left.\n|\n|t:|1700242989\n|move|p1a: Pawmot|Ice Punch|p2a: Iron Hands\n|-damage|p2a: Iron Hands|62\/100\n|cant|p2b: Krookodile|frz\n|move|p1b: Mimikyu|Swords Dance|p1b: Mimikyu\n|-boost|p1b: Mimikyu|atk|2\n|move|p2a: Iron Hands|Belly Drum|p2a: Iron Hands\n|-damage|p2a: Iron Hands|12\/100\n|-setboost|p2a: Iron Hands|atk|6|[from] move: Belly Drum\n|\n|upkeep\n|turn|4\n|inactive|FourLi has 30 seconds left.\n|\n|t:|1700243020\n|switch|p2b: Flamigo|Flamigo, L50, M, shiny|100\/100\n|-copyboost|p2b: Flamigo|p2a: Iron Hands|[from] ability: Costar\n|move|p1a: Pawmot|Ice Punch|p2a: Iron Hands\n|-damage|p2a: Iron Hands|0 fnt\n|faint|p2a: Iron Hands\n|-end|p2a: Iron Hands|Quark Drive|[silent]\n|move|p1b: Mimikyu|Drain Punch|p2b: Flamigo\n|-resisted|p2b: Flamigo\n|-damage|p2b: Flamigo|66\/100\n|-heal|p1b: Mimikyu|100\/100|[from] drain|[of] p2b: Flamigo\n|-damage|p1b: Mimikyu|91\/100|[from] item: Life Orb\n|\n|upkeep\n|\n|t:|1700243035\n|switch|p2a: Meowscarada|Meowscarada, L50, M, shiny|91\/100\n|turn|5\n|\n|t:|1700243047\n|-terastallize|p2b: Flamigo|Fighting\n|move|p1a: Pawmot|Mach Punch|p2a: Meowscarada\n|-supereffective|p2a: Meowscarada\n|-damage|p2a: Meowscarada|33\/100\n|move|p2a: Meowscarada|Knock Off|p1a: Pawmot\n|-start|p2a: Meowscarada|typechange|Dark|[from] ability: Protean\n|-damage|p1a: Pawmot|0 fnt\n|-enditem|p1a: Pawmot|Assault Vest|[from] move: Knock Off|[of] p2a: Meowscarada\n|faint|p1a: Pawmot\n|move|p2b: Flamigo|Brave Bird|p1b: Mimikyu\n|-damage|p1b: Mimikyu|0 fnt\n|faint|p1b: Mimikyu\n|-damage|p2b: Flamigo|37\/100|[from] Recoil\n|\n|upkeep\n|\n|t:|1700243065\n|switch|p1a: Raichu|Raichu, L50, F, shiny|100\/100\n|switch|p1b: Pachirisu|Pachirisu, L50, F, shiny|100\/100\n|-item|p1a: Raichu|Air Balloon\n|turn|6\n|inactive|FourLi has 30 seconds left.\n|\n|t:|1700243090\n|move|p1b: Pachirisu|Follow Me|p1b: Pachirisu\n|-singleturn|p1b: Pachirisu|move: Follow Me\n|move|p1a: Raichu|Surf|p2a: Meowscarada|[spread] p1b,p2a,p2b\n|-damage|p1b: Pachirisu|81\/100\n|-damage|p2a: Meowscarada|10\/100\n|-damage|p2b: Flamigo|11\/100\n|move|p2a: Meowscarada|Flower Trick|p1b: Pachirisu\n|-crit|p1b: Pachirisu\n|-damage|p1b: Pachirisu|51\/100\n|move|p2b: Flamigo|Liquidation|p1b: Pachirisu\n|-damage|p1b: Pachirisu|0 fnt\n|faint|p1b: Pachirisu\n|\n|upkeep\n|turn|7\n|\n|t:|1700243106\n|move|p2a: Meowscarada|Protect|p2a: Meowscarada\n|-singleturn|p2a: Meowscarada|Protect\n|move|p1a: Raichu|Surf|p2a: Meowscarada|[spread] p2b\n|-activate|p2a: Meowscarada|move: Protect\n|-damage|p2b: Flamigo|0 fnt\n|faint|p2b: Flamigo\n|\n|upkeep\n|\n|t:|1700243115\n|switch|p2b: Krookodile|Krookodile, L50, M, shiny|13\/100 frz\n|turn|8\n|\n|t:|1700243123\n|move|p2a: Meowscarada|Protect|p2a: Meowscarada\n|-singleturn|p2a: Meowscarada|Protect\n|move|p1a: Raichu|Surf|p2b: Krookodile|[spread] p2b\n|-activate|p2a: Meowscarada|move: Protect\n|-supereffective|p2b: Krookodile\n|-crit|p2b: Krookodile\n|-damage|p2b: Krookodile|0 fnt\n|faint|p2b: Krookodile\n|\n|upkeep\n|turn|9\n|\n|t:|1700243137\n|move|p2a: Meowscarada|Protect||[still]\n|-fail|p2a: Meowscarada\n|move|p1a: Raichu|Surf|p2a: Meowscarada\n|-damage|p2a: Meowscarada|0 fnt\n|faint|p2a: Meowscarada\n|\n|win|FourLi\n|raw|FourLi's rating: 1048 &rarr; <strong>1081<\/strong><br \/>(+33 for winning)\n|raw|ScarletSpider10's rating: 1053 &rarr; <strong>1035<\/strong><br \/>(-18 for losing)\n","uploadtime":1700243157,"views":17,"p1id":"fourli","p2id":"scarletspider10","formatid":"gen9vgc2023regulatione","rating":1035,"private":0,"password":""}