{"id":"gen9vgc2023regulatione-2000553318","p1":"sabj","p2":"Copper05","format":"[Gen 9] VGC 2023 Regulation E","log":"|j|\u2606sabj\n|j|\u2606Copper05\n|t:|1701204744\n|gametype|doubles\n|player|p1|sabj|ingo|1273\n|player|p2|Copper05|wallace|1211\n|teamsize|p1|6\n|teamsize|p2|6\n|gen|9\n|tier|[Gen 9] VGC 2023 Regulation E\n|rated|\n|rule|Species Clause: Limit one of each Pok\u00e9mon\n|rule|Item Clause: Limit one of each item\n|clearpoke\n|poke|p1|Ninetales-Alola, L50, F|\n|poke|p1|Baxcalibur, L50, F|\n|poke|p1|Landorus-Therian, L50, M|\n|poke|p1|Ogerpon-Wellspring, L50, F|\n|poke|p1|Volcarona, L50, F|\n|poke|p1|Urshifu-*, L50, F|\n|poke|p2|Glimmora, L50, F|\n|poke|p2|Zapdos, L50|\n|poke|p2|Rillaboom, L50, F|\n|poke|p2|Flutter Mane, L50|\n|poke|p2|Tatsugiri, L50, M|\n|poke|p2|Dondozo, L50, F|\n|teampreview|4\n|\n|t:|1701204799\n|start\n|switch|p1a: Baxcalibur|Baxcalibur, L50, F, shiny|100\/100\n|switch|p1b: Ninetales|Ninetales-Alola, L50, F|100\/100\n|switch|p2a: Glimmora|Glimmora, L50, F|100\/100\n|switch|p2b: Flutter Mane|Flutter Mane, L50|100\/100\n|-weather|Snow|[from] ability: Snow Warning|[of] p1b: Ninetales\n|-enditem|p2b: Flutter Mane|Booster Energy\n|-activate|p2b: Flutter Mane|ability: Protosynthesis|[fromitem]\n|-start|p2b: Flutter Mane|protosynthesisspe\n|turn|1\n|\n|t:|1701204829\n|-terastallize|p1a: Baxcalibur|Poison\n|move|p2b: Flutter Mane|Protect|p2b: Flutter Mane\n|-singleturn|p2b: Flutter Mane|Protect\n|move|p1a: Baxcalibur|Ice Shard|p2b: Flutter Mane\n|-activate|p2b: Flutter Mane|move: Protect\n|move|p1b: Ninetales|Icy Wind|p2b: Flutter Mane|[spread] p2a\n|-activate|p2b: Flutter Mane|move: Protect\n|-damage|p2a: Glimmora|79\/100\n|-unboost|p2a: Glimmora|spe|1\n|move|p2a: Glimmora|Sludge Bomb|p1b: Ninetales\n|-supereffective|p1b: Ninetales\n|-enditem|p1b: Ninetales|Focus Sash\n|-damage|p1b: Ninetales|1\/100\n|-status|p1b: Ninetales|psn\n|\n|-weather|Snow|[upkeep]\n|-damage|p1b: Ninetales|0 fnt|[from] psn\n|faint|p1b: Ninetales\n|upkeep\n|\n|t:|1701204840\n|switch|p1b: Ogerpon|Ogerpon-Wellspring, L50, F|100\/100\n|turn|2\n|\n|t:|1701204865\n|move|p2b: Flutter Mane|Shadow Ball|p1a: Baxcalibur\n|-damage|p1a: Baxcalibur|68\/100\n|move|p1b: Ogerpon|Ivy Cudgel|p2a: Glimmora|[anim] Ivy Cudgel Water\n|-supereffective|p2a: Glimmora\n|-damage|p2a: Glimmora|0 fnt\n|-activate|p2a: Glimmora|ability: Toxic Debris\n|-sidestart|p1: sabj|move: Toxic Spikes\n|faint|p2a: Glimmora\n|move|p1a: Baxcalibur|Swords Dance|p1a: Baxcalibur\n|-boost|p1a: Baxcalibur|atk|2\n|\n|-weather|Snow|[upkeep]\n|upkeep\n|\n|t:|1701204876\n|switch|p2a: Dondozo|Dondozo, L50, F|100\/100\n|turn|3\n|inactive|Battle timer is ON: inactive players will automatically lose when time's up. (requested by sabj)\n|\n|t:|1701204931\n|-end|p2b: Flutter Mane|Protosynthesis|[silent]\n|switch|p2b: Tatsugiri|Tatsugiri, L50, M|100\/100\n|-activate|p2b: Tatsugiri|ability: Commander|[of] p2a: Dondozo\n|-boost|p2a: Dondozo|atk|2\n|-boost|p2a: Dondozo|spa|2\n|-boost|p2a: Dondozo|spe|2\n|-boost|p2a: Dondozo|def|2\n|-boost|p2a: Dondozo|spd|2\n|-terastallize|p2a: Dondozo|Grass\n|move|p1b: Ogerpon|Horn Leech|p2a: Dondozo\n|-resisted|p2a: Dondozo\n|-damage|p2a: Dondozo|93\/100\n|move|p2a: Dondozo|Wave Crash|p1a: Baxcalibur\n|-damage|p1a: Baxcalibur|0 fnt\n|faint|p1a: Baxcalibur\n|-damage|p2a: Dondozo|71\/100|[from] Recoil\n|\n|-weather|Snow|[upkeep]\n|-heal|p2a: Dondozo|77\/100|[from] item: Leftovers\n|upkeep\n|\n|t:|1701204946\n|switch|p1a: Volcarona|Volcarona, L50, F|100\/100\n|-status|p1a: Volcarona|psn\n|turn|4\n|\n|t:|1701204956\n|move|p1b: Ogerpon|Follow Me|p1b: Ogerpon\n|-singleturn|p1b: Ogerpon|move: Follow Me\n|move|p2a: Dondozo|Substitute|p2a: Dondozo\n|-start|p2a: Dondozo|Substitute\n|-damage|p2a: Dondozo|52\/100\n|move|p1a: Volcarona|Quiver Dance|p1a: Volcarona\n|-boost|p1a: Volcarona|spa|1\n|-boost|p1a: Volcarona|spd|1\n|-boost|p1a: Volcarona|spe|1\n|\n|-weather|Snow|[upkeep]\n|-heal|p2a: Dondozo|58\/100|[from] item: Leftovers\n|-damage|p1a: Volcarona|88\/100 psn|[from] psn\n|upkeep\n|turn|5\n|\n|t:|1701204969\n|move|p1b: Ogerpon|Follow Me|p1b: Ogerpon\n|-singleturn|p1b: Ogerpon|move: Follow Me\n|move|p1a: Volcarona|Flamethrower|p2a: Dondozo\n|-supereffective|p2a: Dondozo\n|-end|p2a: Dondozo|Substitute\n|move|p2a: Dondozo|Order Up|p1b: Ogerpon\n|-damage|p1b: Ogerpon|45\/100\n|-boost|p2a: Dondozo|atk|1\n|\n|-weather|none\n|-heal|p2a: Dondozo|65\/100|[from] item: Leftovers\n|-damage|p1a: Volcarona|76\/100 psn|[from] psn\n|upkeep\n|turn|6\n|\n|t:|1701204990\n|move|p1b: Ogerpon|Spiky Shield|p1b: Ogerpon\n|-singleturn|p1b: Ogerpon|move: Protect\n|move|p2a: Dondozo|Protect|p2a: Dondozo\n|-singleturn|p2a: Dondozo|Protect\n|move|p1a: Volcarona|Flamethrower|p2a: Dondozo\n|-activate|p2a: Dondozo|move: Protect\n|\n|-heal|p2a: Dondozo|71\/100|[from] item: Leftovers\n|-damage|p1a: Volcarona|63\/100 psn|[from] psn\n|upkeep\n|turn|7\n|\n|t:|1701204999\n|move|p1b: Ogerpon|Follow Me|p1b: Ogerpon\n|-singleturn|p1b: Ogerpon|move: Follow Me\n|move|p1a: Volcarona|Quiver Dance|p1a: Volcarona\n|-boost|p1a: Volcarona|spa|1\n|-boost|p1a: Volcarona|spd|1\n|-boost|p1a: Volcarona|spe|1\n|move|p2a: Dondozo|Order Up|p1b: Ogerpon\n|-damage|p1b: Ogerpon|0 fnt\n|faint|p1b: Ogerpon\n|-boost|p2a: Dondozo|atk|1\n|\n|-heal|p2a: Dondozo|77\/100|[from] item: Leftovers\n|-damage|p1a: Volcarona|51\/100 psn|[from] psn\n|upkeep\n|turn|8\n|\n|t:|1701205003\n|move|p1a: Volcarona|Flamethrower|p2a: Dondozo\n|-supereffective|p2a: Dondozo\n|-damage|p2a: Dondozo|32\/100\n|move|p2a: Dondozo|Wave Crash|p1a: Volcarona\n|-supereffective|p1a: Volcarona\n|-damage|p1a: Volcarona|0 fnt\n|faint|p1a: Volcarona\n|-damage|p2a: Dondozo|19\/100|[from] Recoil\n|\n|win|Copper05\n|raw|sabj's rating: 1273 &rarr; <strong>1244<\/strong><br \/>(-29 for losing)\n|raw|Copper05's rating: 1211 &rarr; <strong>1240<\/strong><br \/>(+29 for winning)\n|l|\u2606sabj\n|l|\u2606Copper05\n|j|\u2606Copper05\n|player|p2|Copper05|wallace\n","uploadtime":1701205009,"views":7,"p1id":"sabj","p2id":"copper05","formatid":"gen9vgc2023regulatione","rating":1240,"private":0,"password":""}