{"id":"gen9vgc2023regulatione-1991952095","p1":"Grndpound","p2":"BidoofGangsta","format":"[Gen 9] VGC 2023 Regulation E","log":"|j|\u2606Grndpound\n|j|\u2606BidoofGangsta\n|t:|1700141892\n|gametype|doubles\n|player|p1|Grndpound|giovanni|1239\n|player|p2|BidoofGangsta|170|1142\n|teamsize|p1|6\n|teamsize|p2|6\n|gen|9\n|tier|[Gen 9] VGC 2023 Regulation E\n|rated|\n|rule|Species Clause: Limit one of each Pok\u00e9mon\n|rule|Item Clause: Limit one of each item\n|clearpoke\n|poke|p1|Amoonguss, L50, F|\n|poke|p1|Landorus-Therian, L50, M|\n|poke|p1|Flutter Mane, L50|\n|poke|p1|Roaring Moon, L50|\n|poke|p1|Heatran, L50, F|\n|poke|p1|Iron Hands, L50|\n|poke|p2|Chi-Yu, L50|\n|poke|p2|Inteleon, L50, M|\n|poke|p2|Ursaluna-Bloodmoon, L50, M|\n|poke|p2|Tornadus, L50, M|\n|poke|p2|Politoed, L50, M|\n|poke|p2|Basculegion, L50, M|\n|teampreview|4\n|inactive|Battle timer is ON: inactive players will automatically lose when time's up. (requested by BidoofGangsta)\n|\n|t:|1700141941\n|start\n|switch|p1a: ShroomSauce|Amoonguss, L50, F, shiny|100\/100\n|switch|p1b: RobotSumo|Iron Hands, L50|100\/100\n|switch|p2a: Chi-Yu|Chi-Yu, L50|100\/100\n|switch|p2b: Inteleon|Inteleon, L50, M|100\/100\n|-ability|p2a: Chi-Yu|Beads of Ruin\n|turn|1\n|inactive|Grndpound has 30 seconds left.\n|\n|t:|1700141967\n|-terastallize|p1a: ShroomSauce|Water\n|move|p1b: RobotSumo|Fake Out|p2b: Inteleon\n|-damage|p2b: Inteleon|75\/100\n|cant|p2b: Inteleon|flinch\n|move|p2a: Chi-Yu|Heat Wave|p1b: RobotSumo|[spread] p1a,p1b\n|-resisted|p1a: ShroomSauce\n|-damage|p1a: ShroomSauce|64\/100\n|-damage|p1b: RobotSumo|62\/100\n|-status|p1b: RobotSumo|brn\n|move|p1a: ShroomSauce|Spore|p2a: Chi-Yu\n|-status|p2a: Chi-Yu|slp|[from] move: Spore\n|\n|-damage|p1b: RobotSumo|56\/100 brn|[from] brn\n|upkeep\n|turn|2\n|inactive|Grndpound has 30 seconds left.\n|\n|t:|1700141994\n|switch|p2a: Basculegion|Basculegion, L50, M|100\/100\n|move|p2b: Inteleon|Taunt|p1a: ShroomSauce\n|-start|p1a: ShroomSauce|move: Taunt\n|move|p1b: RobotSumo|Drain Punch|p2a: Basculegion\n|-immune|p2a: Basculegion\n|cant|p1a: ShroomSauce|move: Taunt|Spore\n|\n|-damage|p1b: RobotSumo|49\/100 brn|[from] brn\n|upkeep\n|turn|3\n|inactive|BidoofGangsta has 30 seconds left.\n|\n|t:|1700142020\n|switch|p2b: Politoed|Politoed, L50, M|100\/100\n|-weather|RainDance|[from] ability: Drizzle|[of] p2b: Politoed\n|move|p2a: Basculegion|Wave Crash|p1b: RobotSumo\n|-damage|p1b: RobotSumo|0 fnt\n|faint|p1b: RobotSumo\n|-end|p1b: RobotSumo|Quark Drive|[silent]\n|-damage|p2a: Basculegion|80\/100|[from] Recoil\n|move|p1a: ShroomSauce|Pollen Puff|p1: RobotSumo|[notarget]\n|-fail|p1a: ShroomSauce\n|\n|-weather|RainDance|[upkeep]\n|upkeep\n|\n|t:|1700142041\n|switch|p1b: Rawwwrrr|Roaring Moon, L50|100\/100\n|-enditem|p1b: Rawwwrrr|Booster Energy\n|-activate|p1b: Rawwwrrr|ability: Protosynthesis|[fromitem]\n|-start|p1b: Rawwwrrr|protosynthesisatk\n|turn|4\n|\n|t:|1700142066\n|switch|p1a: Flatter Me|Flutter Mane, L50|100\/100\n|-terastallize|p2a: Basculegion|Water\n|move|p1b: Rawwwrrr|Protect|p1b: Rawwwrrr\n|-singleturn|p1b: Rawwwrrr|Protect\n|move|p2a: Basculegion|Wave Crash|p1b: Rawwwrrr\n|-activate|p1b: Rawwwrrr|move: Protect\n|move|p2b: Politoed|Encore||[still]\n|-fail|p2b: Politoed\n|\n|-weather|RainDance|[upkeep]\n|upkeep\n|turn|5\n|inactive|Grndpound has 30 seconds left.\n|inactive|Grndpound has 20 seconds left.\n|\n|t:|1700142103\n|-end|p1b: Rawwwrrr|Protosynthesis|[silent]\n|switch|p1b: ShroomSauce|Amoonguss, L50, F, shiny, tera:Water|97\/100\n|move|p2a: Basculegion|Wave Crash|p1b: ShroomSauce\n|-resisted|p1b: ShroomSauce\n|-damage|p1b: ShroomSauce|26\/100\n|-damage|p2a: Basculegion|64\/100|[from] item: Rocky Helmet|[of] p1b: ShroomSauce\n|-damage|p2a: Basculegion|38\/100|[from] Recoil\n|move|p1a: Flatter Me|Thunderbolt|p2a: Basculegion\n|-supereffective|p2a: Basculegion\n|-damage|p2a: Basculegion|0 fnt\n|faint|p2a: Basculegion\n|move|p2b: Politoed|Weather Ball|p1a: Flatter Me\n|-damage|p1a: Flatter Me|36\/100\n|\n|-weather|RainDance|[upkeep]\n|upkeep\n|\n|t:|1700142115\n|switch|p2a: Inteleon|Inteleon, L50, M|75\/100\n|turn|6\n|\n|t:|1700142131\n|move|p2a: Inteleon|Protect|p2a: Inteleon\n|-singleturn|p2a: Inteleon|Protect\n|move|p1b: ShroomSauce|Rage Powder|p1b: ShroomSauce\n|-singleturn|p1b: ShroomSauce|move: Rage Powder\n|move|p1a: Flatter Me|Thunderbolt|p2a: Inteleon\n|-activate|p2a: Inteleon|move: Protect\n|move|p2b: Politoed|Weather Ball|p1b: ShroomSauce\n|-resisted|p1b: ShroomSauce\n|-crit|p1b: ShroomSauce\n|-damage|p1b: ShroomSauce|0 fnt\n|faint|p1b: ShroomSauce\n|\n|-weather|RainDance|[upkeep]\n|upkeep\n|\n|t:|1700142155\n|switch|p1b: Rawwwrrr|Roaring Moon, L50|100\/100\n|turn|7\n|\n|t:|1700142169\n|switch|p2a: Chi-Yu|Chi-Yu, L50|100\/100 slp\n|-ability|p2a: Chi-Yu|Beads of Ruin\n|move|p1a: Flatter Me|Thunderbolt|p2a: Chi-Yu\n|-damage|p2a: Chi-Yu|52\/100 slp\n|move|p1b: Rawwwrrr|Dragon Dance|p1b: Rawwwrrr\n|-boost|p1b: Rawwwrrr|atk|1\n|-boost|p1b: Rawwwrrr|spe|1\n|move|p2b: Politoed|Weather Ball|p1a: Flatter Me\n|-damage|p1a: Flatter Me|0 fnt\n|faint|p1a: Flatter Me\n|-end|p1a: Flatter Me|Protosynthesis|[silent]\n|\n|-weather|RainDance|[upkeep]\n|upkeep\n|turn|8\n|inactive|Grndpound has 30 seconds left.\n|\n|t:|1700142194\n|move|p1b: Rawwwrrr|Acrobatics|p2b: Politoed\n|-damage|p2b: Politoed|15\/100\n|cant|p2a: Chi-Yu|slp\n|move|p2b: Politoed|Encore|p1b: Rawwwrrr\n|-start|p1b: Rawwwrrr|Encore\n|\n|-weather|RainDance|[upkeep]\n|upkeep\n|turn|9\n|\n|t:|1700142216\n|move|p1b: Rawwwrrr|Acrobatics|p2a: Chi-Yu\n|-damage|p2a: Chi-Yu|0 fnt\n|faint|p2a: Chi-Yu\n|move|p2b: Politoed|Hypnosis|p1b: Rawwwrrr|[miss]\n|-miss|p2b: Politoed|p1b: Rawwwrrr\n|\n|-weather|RainDance|[upkeep]\n|upkeep\n|\n|t:|1700142221\n|switch|p2a: Inteleon|Inteleon, L50, M|75\/100\n|turn|10\n|\n|t:|1700142231\n|move|p2a: Inteleon|Protect|p2a: Inteleon\n|-singleturn|p2a: Inteleon|Protect\n|move|p1b: Rawwwrrr|Acrobatics|p2a: Inteleon\n|-activate|p2a: Inteleon|move: Protect\n|move|p2b: Politoed|Hypnosis|p1b: Rawwwrrr|[miss]\n|-miss|p2b: Politoed|p1b: Rawwwrrr\n|\n|-weather|none\n|upkeep\n|turn|11\n|\n|t:|1700142245\n|move|p1b: Rawwwrrr|Acrobatics|p2a: Inteleon\n|-damage|p2a: Inteleon|0 fnt\n|faint|p2a: Inteleon\n|move|p2b: Politoed|Hypnosis|p1b: Rawwwrrr\n|-status|p1b: Rawwwrrr|slp|[from] move: Hypnosis\n|\n|-end|p1b: Rawwwrrr|Encore\n|upkeep\n|turn|12\n|-message|BidoofGangsta forfeited.\n|\n|win|Grndpound\n|raw|Grndpound's rating: 1239 &rarr; <strong>1257<\/strong><br \/>(+18 for winning)\n|raw|BidoofGangsta's rating: 1142 &rarr; <strong>1124<\/strong><br \/>(-18 for losing)\n|l|\u2606BidoofGangsta\n","uploadtime":1700142279,"views":29,"p1id":"grndpound","p2id":"bidoofgangsta","formatid":"gen9vgc2023regulatione","rating":1124,"private":0,"password":""}