{"id":"gen9vgc2023regulatione-1998596422","p1":"Lagi_Army","p2":"morgu","format":"[Gen 9] VGC 2023 Regulation E","log":"|j|\u2606Lagi_Army\n|j|\u2606morgu\n|t:|1700960909\n|gametype|doubles\n|player|p1|Lagi_Army|266|\n|player|p2|morgu|gladion|\n|teamsize|p1|6\n|teamsize|p2|6\n|gen|9\n|tier|[Gen 9] VGC 2023 Regulation E\n|rule|Species Clause: Limit one of each Pok\u00e9mon\n|rule|Item Clause: Limit one of each item\n|clearpoke\n|poke|p1|Chi-Yu, L50|\n|poke|p1|Scovillain, L50, F|\n|poke|p1|Torkoal, L50, M|\n|poke|p1|Uxie, L50|\n|poke|p1|Skeledirge, L50, M|\n|poke|p1|Ribombee, L50, M|\n|poke|p2|Urshifu-*, L50, M|\n|poke|p2|Krookodile, L50, F|\n|poke|p2|Goodra-Hisui, L50, M|\n|poke|p2|Enamorus, L50, F|\n|poke|p2|Volcarona, L50, F|\n|poke|p2|Regieleki, L50|\n|teampreview|4\n|j| espurridan\n|c| espurridan|Ribombee spotted\n|j| Katefromhighschool\nmorgu rejected open team sheets.\n|c| espurridan|Also since Porygon is down rn make sure one of you grabs replays please and posts them in the replay channel\n|c|\u2606morgu|sorry\n|c|\u2606morgu|glhf\n|c|\u2606Lagi_Army|glhf\n|\n|t:|1700961175\n|start\n|switch|p1a: Ribombee|Ribombee, L50, M|100\/100\n|switch|p1b: Uxie|Uxie, L50|100\/100\n|switch|p2a: clean-up crew|Urshifu, L50, M|100\/100\n|switch|p2b: marvel|Regieleki, L50|100\/100\n|turn|1\n|\n|t:|1700961236\n|switch|p2a: optimism|Goodra-Hisui, L50, M|100\/100\n|move|p1b: Uxie|Ally Switch|p1b: Uxie\n|swap|p1b: Uxie|0|[from] move: Ally Switch\n|move|p2b: marvel|Electroweb|p1a: Uxie|[spread] p1a,p1b\n|-damage|p1a: Uxie|83\/100\n|-damage|p1b: Ribombee|51\/100\n|-unboost|p1a: Uxie|spe|1\n|move|p1b: Ribombee|Quiver Dance|p1b: Ribombee\n|-boost|p1b: Ribombee|spa|1\n|-boost|p1b: Ribombee|spd|1\n|-boost|p1b: Ribombee|spe|1\n|\n|upkeep\n|turn|2\n|\n|t:|1700961260\n|move|p1b: Ribombee|Baton Pass|p1b: Ribombee\n|\n|t:|1700961272\n|switch|p1b: Skeledirge|Skeledirge, L50, M, shiny|100\/100|[from] Baton Pass\n|move|p2b: marvel|Electroweb|p1a: Uxie|[spread] p1a,p1b\n|-damage|p1a: Uxie|65\/100\n|-damage|p1b: Skeledirge|83\/100\n|-unboost|p1a: Uxie|spe|1\n|-unboost|p1b: Skeledirge|spe|1\n|move|p2a: optimism|Flash Cannon|p1b: Skeledirge\n|-resisted|p1b: Skeledirge\n|-damage|p1b: Skeledirge|74\/100\n|move|p1a: Uxie|Trick Room|p1a: Uxie\n|-fieldstart|move: Trick Room|[of] p1a: Uxie\n|\n|-heal|p1b: Skeledirge|81\/100|[from] item: Leftovers\n|upkeep\n|turn|3\n|\n|t:|1700961320\n|move|p1a: Uxie|Psychic|p2b: marvel\n|-damage|p2b: marvel|54\/100\n|-unboost|p2b: marvel|spd|1\n|move|p2a: optimism|Draco Meteor|p1b: Skeledirge\n|-damage|p1b: Skeledirge|49\/100\n|-unboost|p2a: optimism|spa|2\n|move|p1b: Skeledirge|Torch Song|p2b: marvel\n|-damage|p2b: marvel|0 fnt\n|-boost|p1b: Skeledirge|spa|1\n|faint|p2b: marvel\n|\n|-heal|p1b: Skeledirge|55\/100|[from] item: Leftovers\n|upkeep\n|\n|t:|1700961372\n|switch|p2b: clean-up crew|Urshifu, L50, M|100\/100\n|turn|4\n|\n|t:|1700961391\n|-terastallize|p2b: clean-up crew|Dark\n|move|p1a: Uxie|Ally Switch|p1a: Uxie\n|swap|p1a: Uxie|1|[from] move: Ally Switch\n|move|p2b: clean-up crew|Sucker Punch||[still]\n|-fail|p2b: clean-up crew\n|move|p2a: optimism|Draco Meteor|p1a: Skeledirge\n|-damage|p1a: Skeledirge|25\/100\n|-unboost|p2a: optimism|spa|2\n|move|p1a: Skeledirge|Slack Off|p1a: Skeledirge\n|-heal|p1a: Skeledirge|75\/100\n|\n|-heal|p1a: Skeledirge|82\/100|[from] item: Leftovers\n|upkeep\n|turn|5\n|\n|t:|1700961435\n|switch|p2a: brave faces|Volcarona, L50, F|100\/100\n|-terastallize|p1a: Skeledirge|Fairy\n|move|p1b: Uxie|Psychic|p2a: brave faces\n|-damage|p2a: brave faces|80\/100\n|move|p1a: Skeledirge|Torch Song|p2b: clean-up crew\n|-damage|p2b: clean-up crew|12\/100\n|-boost|p1a: Skeledirge|spa|1\n|move|p2b: clean-up crew|Wicked Blow|p1a: Skeledirge\n|-resisted|p1a: Skeledirge\n|-crit|p1a: Skeledirge\n|-damage|p1a: Skeledirge|48\/100\n|\n|-heal|p1a: Skeledirge|55\/100|[from] item: Leftovers\n|upkeep\n|turn|6\n|\n|t:|1700961476\n|move|p2b: clean-up crew|Protect|p2b: clean-up crew\n|-singleturn|p2b: clean-up crew|Protect\n|move|p1b: Uxie|Ally Switch|p1b: Uxie\n|swap|p1b: Uxie|0|[from] move: Ally Switch\n|move|p1b: Skeledirge|Shadow Ball|p2a: brave faces\n|-damage|p2a: brave faces|12\/100\n|-enditem|p2a: brave faces|Mago Berry|[eat]\n|-heal|p2a: brave faces|45\/100|[from] item: Mago Berry\n|move|p2a: brave faces|Fiery Dance|p1a: Uxie\n|-damage|p1a: Uxie|40\/100\n|\n|-heal|p1b: Skeledirge|61\/100|[from] item: Leftovers\n|-fieldend|move: Trick Room\n|upkeep\n|turn|7\n|\n|t:|1700961517\n|move|p1a: Uxie|Protect||[still]\n|-fail|p1a: Uxie\n|move|p2b: clean-up crew|Wicked Blow|p1b: Skeledirge\n|-resisted|p1b: Skeledirge\n|-crit|p1b: Skeledirge\n|-damage|p1b: Skeledirge|29\/100\n|move|p2a: brave faces|Fiery Dance|p1b: Skeledirge\n|-damage|p1b: Skeledirge|7\/100\n|move|p1b: Skeledirge|Torch Song|p2b: clean-up crew\n|-damage|p2b: clean-up crew|0 fnt\n|-boost|p1b: Skeledirge|spa|1\n|faint|p2b: clean-up crew\n|\n|-heal|p1b: Skeledirge|13\/100|[from] item: Leftovers\n|upkeep\n|l| espurridan\n|j| espurridan\n|\n|t:|1700961533\n|switch|p2b: optimism|Goodra-Hisui, L50, M|100\/100\n|turn|8\n|\n|t:|1700961554\n|move|p1b: Skeledirge|Protect|p1b: Skeledirge\n|-singleturn|p1b: Skeledirge|Protect\n|move|p2a: brave faces|Tailwind|p2a: brave faces\n|-sidestart|p2: morgu|move: Tailwind\n|move|p2b: optimism|Flash Cannon|p1b: Skeledirge\n|-activate|p1b: Skeledirge|move: Protect\n|move|p1a: Uxie|Trick Room|p1a: Uxie\n|-fieldstart|move: Trick Room|[of] p1a: Uxie\n|\n|-heal|p1b: Skeledirge|19\/100|[from] item: Leftovers\n|upkeep\n|turn|9\n|\n|t:|1700961574\n|move|p2a: brave faces|Protect|p2a: brave faces\n|-singleturn|p2a: brave faces|Protect\n|move|p1a: Uxie|Ally Switch|p1a: Uxie\n|swap|p1a: Uxie|1|[from] move: Ally Switch\n|move|p1a: Skeledirge|Slack Off|p1a: Skeledirge\n|-heal|p1a: Skeledirge|70\/100\n|move|p2b: optimism|Flash Cannon|p1b: Uxie\n|-damage|p1b: Uxie|20\/100\n|-unboost|p1b: Uxie|spd|1\n|-enditem|p1b: Uxie|Figy Berry|[eat]\n|-heal|p1b: Uxie|53\/100|[from] item: Figy Berry\n|\n|-heal|p1a: Skeledirge|76\/100|[from] item: Leftovers\n|upkeep\n|turn|10\n|\n|t:|1700961602\n|move|p1b: Uxie|Psychic|p2b: optimism\n|-resisted|p2b: optimism\n|-damage|p2b: optimism|95\/100\n|move|p1a: Skeledirge|Torch Song|p2a: brave faces\n|-damage|p2a: brave faces|0 fnt\n|-boost|p1a: Skeledirge|spa|1\n|faint|p2a: brave faces\n|move|p2b: optimism|Flash Cannon|p1a: Skeledirge\n|-supereffective|p1a: Skeledirge\n|-damage|p1a: Skeledirge|41\/100\n|-unboost|p1a: Skeledirge|spd|1\n|\n|-heal|p1a: Skeledirge|47\/100|[from] item: Leftovers\n|upkeep\n|turn|11\n|\n|t:|1700961622\n|move|p1b: Uxie|Psychic|p2b: optimism\n|-resisted|p2b: optimism\n|-damage|p2b: optimism|89\/100\n|move|p1a: Skeledirge|Torch Song|p2b: optimism\n|-damage|p2b: optimism|48\/100\n|-boost|p1a: Skeledirge|spa|1\n|move|p2b: optimism|Flash Cannon|p1a: Skeledirge\n|-supereffective|p1a: Skeledirge\n|-damage|p1a: Skeledirge|0 fnt\n|faint|p1a: Skeledirge\n|\n|-sideend|p2: morgu|move: Tailwind\n|upkeep\n|\n|t:|1700961633\n|switch|p1a: Torkoal|Torkoal, L50, M|100\/100\n|-weather|SunnyDay|[from] ability: Drought|[of] p1a: Torkoal\n|turn|12\n|\n|t:|1700961671\n|move|p1a: Torkoal|Eruption|p2b: optimism\n|-damage|p2b: optimism|0 fnt\n|faint|p2b: optimism\n|\n|win|Lagi_Army\n|c|\u2606morgu|gg\n|c|\u2606Lagi_Army|gg\n|l| espurridan\n|l|\u2606Lagi_Army\n","uploadtime":1700961681,"views":37,"p1id":"lagiarmy","p2id":"morgu","formatid":"gen9vgc2023regulatione","rating":0,"private":0,"password":""}