{"id":"gen9vgc2023regulatione-1988714332","p1":"spork2000","p2":"E.Bluemage","format":"[Gen 9] VGC 2023 Regulation E","log":"|j|\u2606spork2000\n|j|\u2606E.Bluemage\n|n|\u2606spork2000|spork2000\n|n|\u2606E.Bluemage|ebluemage\n|html|View the match progress at <a href=\"\/game-bestof3-gen9vgc2023regulatione-1988714331\">game-bestof3-gen9vgc2023regulatione-1988714331<\/a>\n|t:|1699753947\n|gametype|doubles\n|player|p1|spork2000|170|\n|player|p2|E.Bluemage|gentleman-gen4dp|\n|teamsize|p1|6\n|teamsize|p2|6\n|gen|9\n|tier|[Gen 9] VGC 2023 Regulation E\n|rule|Species Clause: Limit one of each Pok\u00e9mon\n|rule|Item Clause: Limit one of each item\n|clearpoke\n|poke|p1|Jumpluff, L50, F|\n|poke|p1|Ninetales, L50, F|\n|poke|p1|Flutter Mane, L50|\n|poke|p1|Thundurus, L50, M|\n|poke|p1|Ogerpon-Hearthflame, L50, F|\n|poke|p1|Great Tusk, L50|\n|poke|p2|Ninetales, L50, M|\n|poke|p2|Farigiraf, L50, M|\n|poke|p2|Typhlosion-Hisui, L50, F|\n|poke|p2|Lilligant-Hisui, L50, F|\n|poke|p2|Flutter Mane, L50|\n|poke|p2|Ursaluna, L50, M|\n|teampreview|4\nE.Bluemage has agreed to open team sheets.\nspork2000 has agreed to open team sheets.\n|showteam|p1|Jumpluff||WideLens|Chlorophyll|SleepPowder,Protect,Encore,Tailwind|||F|||50|,,,,,Ghost]Ninetales||ChoiceSpecs|Drought|Overheat,EnergyBall,HeatWave,Extrasensory|||F|||50|,,,,,Fire]Flutter Mane||LifeOrb|Protosynthesis|Substitute,DazzlingGleam,Protect,ShadowBall||||||50|,,,,,Fairy]Thundurus||FocusSash|Prankster|SunnyDay,ThunderWave,Thunderbolt,Uturn|||M|||50|,,,,,Ghost]Ogerpon-Hearthflame||HearthflameMask|MoldBreaker|FollowMe,IvyCudgel,KnockOff,SpikyShield|||F|||50|,,,,,Fire]Great Tusk||ChoiceScarf|Protosynthesis|HeadlongRush,CloseCombat,IceSpinner,StoneEdge||||||50|,,,,,Ground\n|showteam|p2|Ninetales||HeatRock|Drought|SolarBeam,Protect,Flamethrower,NastyPlot|||M|||50|,,,,,Grass]Farigiraf||SitrusBerry|ArmorTail|Imprison,HyperVoice,HelpingHand,Psychic|||M|||50|,,,,,Fairy]Typhlosion-Hisui||Charcoal|Blaze|Eruption,InfernalParade,WillOWisp,Protect|||F|||50|,,,,,Fire]Lilligant-Hisui||ExpertBelt|Chlorophyll|SolarBlade,AxeKick,IceSpinner,SleepPowder|||F|||50|,,,,,Fighting]Flutter Mane||LifeOrb|Protosynthesis|Thunderbolt,ShadowBall,Psyshock,Moonblast||||||50|,,,,,Fairy]Ursaluna||AssaultVest|Guts|Earthquake,Facade,CloseCombat,GunkShot|||M|||50|,,,,,Ghost\n|\n|t:|1699753981\n|start\n|switch|p1a: Fluffball|Jumpluff, L50, F|100\/100\n|switch|p1b: Nine Tails|Ninetales, L50, F|100\/100\n|switch|p2a: Amaterasu|Ninetales, L50, M|100\/100\n|switch|p2b: Shinki|Typhlosion-Hisui, L50, F|100\/100\n|-weather|SunnyDay|[from] ability: Drought|[of] p1b: Nine Tails\n|turn|1\n|inactive|Battle timer is ON: inactive players will automatically lose when time's up. (requested by E.Bluemage)\n|j| Bardemis\n|j| olmecssb\n|inactive|spork2000 has 60 seconds left.\n|\n|t:|1699754017\n|switch|p2b: Skipmore|Lilligant-Hisui, L50, F|100\/100\n|move|p1a: Fluffball|Tailwind|p1a: Fluffball\n|-sidestart|p1: spork2000|move: Tailwind\n|move|p1b: Nine Tails|Extrasensory|p2b: Skipmore\n|-supereffective|p2b: Skipmore\n|-damage|p2b: Skipmore|8\/100\n|move|p2a: Amaterasu|Flamethrower|p1a: Fluffball\n|-supereffective|p1a: Fluffball\n|-damage|p1a: Fluffball|0 fnt\n|faint|p1a: Fluffball\n|\n|-weather|SunnyDay|[upkeep]\n|upkeep\n|\n|t:|1699754033\n|switch|p1a: Old Donphan|Great Tusk, L50|100\/100\n|-activate|p1a: Old Donphan|ability: Protosynthesis\n|-start|p1a: Old Donphan|protosynthesisatk\n|turn|2\n|\n|t:|1699754051\n|move|p2a: Amaterasu|Protect|p2a: Amaterasu\n|-singleturn|p2a: Amaterasu|Protect\n|move|p1a: Old Donphan|Headlong Rush|p2a: Amaterasu\n|-activate|p2a: Amaterasu|move: Protect\n|move|p1b: Nine Tails|Extrasensory|p2b: Skipmore\n|-supereffective|p2b: Skipmore\n|-damage|p2b: Skipmore|0 fnt\n|faint|p2b: Skipmore\n|\n|-weather|SunnyDay|[upkeep]\n|upkeep\n|\n|t:|1699754067\n|switch|p2b: Mima|Flutter Mane, L50|100\/100\n|-activate|p2b: Mima|ability: Protosynthesis\n|-start|p2b: Mima|protosynthesisspe\n|turn|3\n|\n|t:|1699754087\n|-terastallize|p2b: Mima|Fairy\n|move|p1a: Old Donphan|Headlong Rush|p2b: Mima\n|-damage|p2b: Mima|0 fnt\n|-unboost|p1a: Old Donphan|def|1\n|-unboost|p1a: Old Donphan|spd|1\n|faint|p2b: Mima\n|-end|p2b: Mima|Protosynthesis|[silent]\n|move|p1b: Nine Tails|Extrasensory|p2a: Amaterasu\n|-damage|p2a: Amaterasu|61\/100\n|move|p2a: Amaterasu|Solar Beam||[still]\n|-prepare|p2a: Amaterasu|Solar Beam\n|-anim|p2a: Amaterasu|Solar Beam|p1a: Old Donphan\n|-supereffective|p1a: Old Donphan\n|-damage|p1a: Old Donphan|0 fnt\n|faint|p1a: Old Donphan\n|-end|p1a: Old Donphan|Protosynthesis|[silent]\n|\n|-weather|SunnyDay|[upkeep]\n|upkeep\n|\n|t:|1699754103\n|switch|p2b: Shinki|Typhlosion-Hisui, L50, F|100\/100\n|switch|p1a: Fire Shrek|Ogerpon-Hearthflame, L50, F|100\/100\n|-ability|p1a: Fire Shrek|Mold Breaker\n|turn|4\n|\n|t:|1699754121\n|move|p2a: Amaterasu|Protect|p2a: Amaterasu\n|-singleturn|p2a: Amaterasu|Protect\n|move|p2b: Shinki|Protect|p2b: Shinki\n|-singleturn|p2b: Shinki|Protect\n|move|p1a: Fire Shrek|Knock Off|p2b: Shinki\n|-activate|p2b: Shinki|move: Protect\n|move|p1b: Nine Tails|Extrasensory|p2a: Amaterasu\n|-activate|p2a: Amaterasu|move: Protect\n|\n|-weather|SunnyDay|[upkeep]\n|-sideend|p1: spork2000|move: Tailwind\n|upkeep\n|turn|5\n|\n|t:|1699754140\n|move|p1a: Fire Shrek|Spiky Shield|p1a: Fire Shrek\n|-singleturn|p1a: Fire Shrek|move: Protect\n|move|p2a: Amaterasu|Flamethrower|p1a: Fire Shrek\n|-activate|p1a: Fire Shrek|move: Protect\n|move|p1b: Nine Tails|Extrasensory|p2b: Shinki\n|-damage|p2b: Shinki|55\/100\n|move|p2b: Shinki|Eruption|p1a: Fire Shrek|[spread] p1b\n|-activate|p1a: Fire Shrek|move: Protect\n|-resisted|p1b: Nine Tails\n|-damage|p1b: Nine Tails|66\/100\n|\n|-weather|none\n|upkeep\n|turn|6\n|inactive|spork2000 has 30 seconds left.\n|inactive|spork2000 has 20 seconds left.\n|\n|t:|1699754180\n|-terastallize|p1a: Fire Shrek|Fire\n|detailschange|p1a: Fire Shrek|Ogerpon-Hearthflame-Tera, L50, F, tera:Fire\n|-ability|p1a: Fire Shrek|Embody Aspect (Hearthflame)|boost\n|-boost|p1a: Fire Shrek|atk|1\n|move|p1a: Fire Shrek|Knock Off|p2b: Shinki\n|-supereffective|p2b: Shinki\n|-damage|p2b: Shinki|0 fnt\n|-enditem|p2b: Shinki|Charcoal|[from] move: Knock Off|[of] p1a: Fire Shrek\n|faint|p2b: Shinki\n|move|p1b: Nine Tails|Extrasensory|p2a: Amaterasu\n|-damage|p2a: Amaterasu|24\/100\n|move|p2a: Amaterasu|Nasty Plot|p2a: Amaterasu\n|-boost|p2a: Amaterasu|spa|2\n|\n|upkeep\n|turn|7\n|\n|t:|1699754199\n|move|p1a: Fire Shrek|Knock Off|p2a: Amaterasu\n|-damage|p2a: Amaterasu|0 fnt\n|-enditem|p2a: Amaterasu|Heat Rock|[from] move: Knock Off|[of] p1a: Fire Shrek\n|faint|p2a: Amaterasu\n|\n|win|spork2000\n|c|&|\/uhtml prompt-ebluemage,E.Bluemage is ready for game 2!\n|inactive|spork2000 has 50 seconds to confirm battle start!\n|c|&|\/uhtml prompt-spork2000,spork2000 is ready for game 2!\nBoth players are ready! Starting next match!\n","uploadtime":1699754266,"views":22,"p1id":"spork2000","p2id":"ebluemage","formatid":"gen9vgc2023regulatione","rating":0,"private":0,"password":""}