{"id":"gen9vgc2023regulatione-1992724534","p1":"Devlisted","p2":"Sauer_Rayan","format":"[Gen 9] VGC 2023 Regulation E","log":"|j|\u2606Devlisted\n|j|\u2606Sauer_Rayan\n|t:|1700229403\n|gametype|doubles\n|player|p1|Devlisted|265|\n|player|p2|Sauer_Rayan|265|\n|teamsize|p1|6\n|teamsize|p2|6\n|gen|9\n|tier|[Gen 9] VGC 2023 Regulation E\n|rule|Species Clause: Limit one of each Pok\u00e9mon\n|rule|Item Clause: Limit one of each item\n|clearpoke\n|poke|p1|Torterra, L50, M|\n|poke|p1|Ogerpon-Wellspring, L50, F|\n|poke|p1|Grimmsnarl, L50, M|\n|poke|p1|Flutter Mane, L50|\n|poke|p1|Urshifu-*, L50, F|\n|poke|p1|Cresselia, L50, F|\n|poke|p2|Palafin, L50, F|\n|poke|p2|Annihilape, L50, F|\n|poke|p2|Grimmsnarl, L50, M|\n|poke|p2|Clefairy, L50, M|\n|poke|p2|Copperajah, L50, F|\n|poke|p2|Chansey, L50, F|\n|teampreview|4\n|\n|t:|1700229474\n|start\n|switch|p1a: Grimmsnarl|Grimmsnarl, L50, M|100\/100\n|switch|p1b: Torterra|Torterra, L50, M|100\/100\n|switch|p2a: Palafin|Palafin, L50, F|100\/100\n|switch|p2b: Grimmsnarl|Grimmsnarl, L50, M|100\/100\n|turn|1\n|\n|t:|1700229487\n|detailschange|p2a: Palafin|Palafin-Hero, L50, F\n|switch|p2a: Annihilape|Annihilape, L50, F|100\/100\n|move|p2b: Grimmsnarl|Reflect|p2b: Grimmsnarl\n|-sidestart|p2: Sauer_Rayan|Reflect\n|move|p1a: Grimmsnarl|Reflect|p1a: Grimmsnarl\n|-sidestart|p1: Devlisted|Reflect\n|move|p1b: Torterra|Iron Defense|p1b: Torterra\n|-boost|p1b: Torterra|def|2\n|\n|upkeep\n|turn|2\n|\n|t:|1700229506\n|move|p2b: Grimmsnarl|Light Screen|p2b: Grimmsnarl\n|-sidestart|p2: Sauer_Rayan|move: Light Screen\n|move|p1a: Grimmsnarl|Parting Shot|p2a: Annihilape\n|-unboost|p2a: Annihilape|atk|1\n|-unboost|p2a: Annihilape|spa|1\n|\n|t:|1700229518\n|switch|p1a: Urshifu|Urshifu, L50, F|100\/100|[from] Parting Shot\n|move|p2a: Annihilape|Taunt|p1b: Torterra\n|-start|p1b: Torterra|move: Taunt\n|cant|p1b: Torterra|move: Taunt|Iron Defense\n|\n|upkeep\n|turn|3\n|\n|t:|1700229534\n|move|p1a: Urshifu|Wicked Blow|p2a: Annihilape\n|-crit|p2a: Annihilape\n|-damage|p2a: Annihilape|41\/100\n|move|p2a: Annihilape|Bulk Up|p2a: Annihilape\n|-boost|p2a: Annihilape|atk|1\n|-boost|p2a: Annihilape|def|1\n|move|p2b: Grimmsnarl|Brick Break|p1a: Urshifu\n|-sideend|p1: Devlisted|Reflect\n|-supereffective|p1a: Urshifu\n|-damage|p1a: Urshifu|65\/100\n|move|p1b: Torterra|Body Press|p2b: Grimmsnarl\n|-damage|p2b: Grimmsnarl|72\/100\n|\n|-heal|p2a: Annihilape|47\/100|[from] item: Leftovers\n|upkeep\n|turn|4\n|\n|t:|1700229555\n|move|p2a: Annihilape|Protect|p2a: Annihilape\n|-singleturn|p2a: Annihilape|Protect\n|move|p1a: Urshifu|Wicked Blow|p2a: Annihilape\n|-crit|p2a: Annihilape\n|-damage|p2a: Annihilape|0 fnt\n|faint|p2a: Annihilape\n|move|p2b: Grimmsnarl|Brick Break|p1a: Urshifu\n|-supereffective|p1a: Urshifu\n|-damage|p1a: Urshifu|25\/100\n|move|p1b: Torterra|Body Press|p2b: Grimmsnarl\n|-damage|p2b: Grimmsnarl|41\/100\n|\n|-end|p1b: Torterra|move: Taunt\n|upkeep\n|\n|t:|1700229572\n|switch|p2a: Palafin|Palafin-Hero, L50, F|100\/100\n|-activate|p2a: Palafin|ability: Zero to Hero\n|turn|5\n|\n|t:|1700229588\n|move|p1a: Urshifu|Detect|p1a: Urshifu\n|-singleturn|p1a: Urshifu|Protect\n|move|p2b: Grimmsnarl|Brick Break|p1a: Urshifu\n|-activate|p1a: Urshifu|move: Protect\n|move|p1b: Torterra|Iron Defense|p1b: Torterra\n|-boost|p1b: Torterra|def|2\n|move|p2a: Palafin|Fling|p1b: Torterra\n|-damage|p1b: Torterra|87\/100\n|-enditem|p2a: Palafin|Iron Ball|[from] move: Fling\n|\n|upkeep\n|turn|6\n|\n|t:|1700229633\n|move|p2a: Palafin|Acrobatics|p1b: Torterra\n|-supereffective|p1b: Torterra\n|-damage|p1b: Torterra|65\/100\n|move|p1a: Urshifu|Wicked Blow|p2a: Palafin\n|-crit|p2a: Palafin\n|-damage|p2a: Palafin|31\/100\n|move|p2b: Grimmsnarl|Brick Break|p1a: Urshifu\n|-supereffective|p1a: Urshifu\n|-damage|p1a: Urshifu|0 fnt\n|faint|p1a: Urshifu\n|move|p1b: Torterra|Body Press|p2b: Grimmsnarl\n|-damage|p2b: Grimmsnarl|0 fnt\n|faint|p2b: Grimmsnarl\n|\n|upkeep\n|\n|t:|1700229647\n|switch|p1a: Flutter Mane|Flutter Mane, L50|100\/100\n|switch|p2b: Chansey|Chansey, L50, F|100\/100\n|turn|7\n|\n|t:|1700229684\n|move|p1a: Flutter Mane|Thunderbolt|p2a: Palafin\n|-supereffective|p2a: Palafin\n|-crit|p2a: Palafin\n|-damage|p2a: Palafin|0 fnt\n|faint|p2a: Palafin\n|move|p1b: Torterra|Body Press|p2b: Chansey\n|-supereffective|p2b: Chansey\n|-damage|p2b: Chansey|41\/100\n|move|p2b: Chansey|Heal Pulse|p2: Palafin|[notarget]\n|-fail|p2b: Chansey\n|\n|upkeep\n|turn|8\n|\n|t:|1700229697\n|move|p1a: Flutter Mane|Thunderbolt|p2b: Chansey\n|-damage|p2b: Chansey|30\/100\n|move|p1b: Torterra|Body Press|p2b: Chansey\n|-supereffective|p2b: Chansey\n|-damage|p2b: Chansey|0 fnt\n|faint|p2b: Chansey\n|\n|win|Devlisted\n","uploadtime":1700229704,"views":13,"p1id":"devlisted","p2id":"sauerrayan","formatid":"gen9vgc2023regulatione","rating":0,"private":0,"password":""}