{"id":"gen9vgc2023regulatione-1999557329","p1":"Joull","p2":"Axel316","format":"[Gen 9] VGC 2023 Regulation E","log":"|j|\u2606Joull\n|j|\u2606Axel316\n|t:|1701095903\n|gametype|doubles\n|player|p1|Joull|lance-gen3|1170\n|player|p2|Axel316|169|1281\n|teamsize|p1|6\n|teamsize|p2|6\n|gen|9\n|tier|[Gen 9] VGC 2023 Regulation E\n|rated|\n|rule|Species Clause: Limit one of each Pok\u00e9mon\n|rule|Item Clause: Limit one of each item\n|clearpoke\n|poke|p1|Arcanine-Hisui, L50, M|\n|poke|p1|Rillaboom, L50, M|\n|poke|p1|Flutter Mane, L50|\n|poke|p1|Urshifu-*, L50, M|\n|poke|p1|Pachirisu, L50, F|\n|poke|p1|Chien-Pao, L50|\n|poke|p2|Zapdos-Galar, L50|\n|poke|p2|Heatran, L50, M|\n|poke|p2|Tornadus, L50, M|\n|poke|p2|Sinistcha, L50|\n|poke|p2|Indeedee-F, L50, F|\n|poke|p2|Roaring Moon, L50|\n|teampreview|4\n|inactive|Battle timer is ON: inactive players will automatically lose when time's up. (requested by Axel316)\n|\n|t:|1701095935\n|start\n|switch|p1a: Chien-Pao|Chien-Pao, L50|100\/100\n|switch|p1b: Pachirisu|Pachirisu, L50, F, shiny|100\/100\n|switch|p2a: Zapdos|Zapdos-Galar, L50|100\/100\n|switch|p2b: Indeedee|Indeedee-F, L50, F|100\/100\n|-ability|p1a: Chien-Pao|Sword of Ruin\n|-fieldstart|move: Psychic Terrain|[from] ability: Psychic Surge|[of] p2b: Indeedee\n|-enditem|p2b: Indeedee|Psychic Seed\n|-boost|p2b: Indeedee|spd|1|[from] item: Psychic Seed\n|turn|1\n|\n|t:|1701095952\n|move|p1b: Pachirisu|Follow Me|p1b: Pachirisu\n|-singleturn|p1b: Pachirisu|move: Follow Me\n|move|p2b: Indeedee|Follow Me|p2b: Indeedee\n|-singleturn|p2b: Indeedee|move: Follow Me\n|move|p1a: Chien-Pao|Lash Out|p2b: Indeedee\n|-supereffective|p2b: Indeedee\n|-damage|p2b: Indeedee|0 fnt\n|faint|p2b: Indeedee\n|move|p2a: Zapdos|Brave Bird|p1b: Pachirisu\n|-resisted|p1b: Pachirisu\n|-damage|p1b: Pachirisu|24\/100\n|-damage|p2a: Zapdos|84\/100|[from] item: Rocky Helmet|[of] p1b: Pachirisu\n|-damage|p2a: Zapdos|60\/100|[from] Recoil\n|-damage|p2a: Zapdos|51\/100|[from] item: Life Orb\n|\n|upkeep\n|\n|t:|1701095969\n|switch|p2b: Heatran|Heatran, L50, M|100\/100\n|turn|2\n|\n|t:|1701095979\n|switch|p1a: Urshifu|Urshifu-Rapid-Strike, L50, M|100\/100\n|move|p2a: Zapdos|Protect|p2a: Zapdos\n|-singleturn|p2a: Zapdos|Protect\n|move|p1b: Pachirisu|Nuzzle|p2a: Zapdos\n|-activate|p2a: Zapdos|move: Protect\n|move|p2b: Heatran|Flash Cannon|p1a: Urshifu\n|-resisted|p1a: Urshifu\n|-crit|p1a: Urshifu\n|-damage|p1a: Urshifu|54\/100\n|\n|upkeep\n|turn|3\n|\n|t:|1701095997\n|-terastallize|p2b: Heatran|Grass\n|move|p1a: Urshifu|Protect|p1a: Urshifu\n|-singleturn|p1a: Urshifu|Protect\n|move|p2a: Zapdos|Brave Bird|p1a: Urshifu\n|-activate|p1a: Urshifu|move: Protect\n|move|p1b: Pachirisu|Rain Dance|p1b: Pachirisu\n|-weather|RainDance\n|move|p2b: Heatran|Earth Power|p1a: Urshifu\n|-activate|p1a: Urshifu|move: Protect\n|\n|-weather|RainDance|[upkeep]\n|upkeep\n|turn|4\n|inactive|Joull has 30 seconds left.\n|\n|t:|1701096022\n|switch|p2a: Roaring Moon|Roaring Moon, L50|100\/100\n|-enditem|p2a: Roaring Moon|Booster Energy\n|-activate|p2a: Roaring Moon|ability: Protosynthesis|[fromitem]\n|-start|p2a: Roaring Moon|protosynthesisatk\n|switch|p1a: Chien-Pao|Chien-Pao, L50|100\/100\n|-ability|p1a: Chien-Pao|Sword of Ruin\n|move|p1b: Pachirisu|Super Fang|p2b: Heatran\n|-damage|p2b: Heatran|50\/100\n|move|p2b: Heatran|Earth Power|p1b: Pachirisu\n|-supereffective|p1b: Pachirisu\n|-damage|p1b: Pachirisu|0 fnt\n|faint|p1b: Pachirisu\n|\n|-weather|RainDance|[upkeep]\n|-heal|p2b: Heatran|57\/100|[from] item: Leftovers\n|upkeep\n|\n|t:|1701096042\n|switch|p1b: Urshifu|Urshifu-Rapid-Strike, L50, M|54\/100\n|turn|5\n|\n|t:|1701096054\n|-terastallize|p1b: Urshifu|Water\n|move|p1a: Chien-Pao|Icy Wind|p2b: Heatran|[spread] p2a,p2b\n|-supereffective|p2a: Roaring Moon\n|-supereffective|p2b: Heatran\n|-damage|p2a: Roaring Moon|76\/100\n|-damage|p2b: Heatran|35\/100\n|-unboost|p2a: Roaring Moon|spe|1\n|-unboost|p2b: Heatran|spe|1\n|move|p1b: Urshifu|Surging Strikes|p2b: Heatran\n|-resisted|p2b: Heatran\n|-crit|p2b: Heatran\n|-damage|p2b: Heatran|10\/100\n|-resisted|p2b: Heatran\n|-crit|p2b: Heatran\n|-damage|p2b: Heatran|0 fnt\n|faint|p2b: Heatran\n|-hitcount|p2: Heatran|2\n|move|p2a: Roaring Moon|Breaking Swipe|p1a: Chien-Pao|[spread] p1a,p1b\n|-damage|p1a: Chien-Pao|54\/100\n|-damage|p1b: Urshifu|12\/100\n|-unboost|p1a: Chien-Pao|atk|1\n|-unboost|p1b: Urshifu|atk|1\n|\n|-weather|RainDance|[upkeep]\n|-fieldend|move: Psychic Terrain\n|upkeep\n|\n|t:|1701096074\n|switch|p2b: Zapdos|Zapdos-Galar, L50|51\/100\n|turn|6\n|\n|t:|1701096089\n|move|p1b: Urshifu|Aqua Jet|p2b: Zapdos\n|-damage|p2b: Zapdos|0 fnt\n|faint|p2b: Zapdos\n|move|p1a: Chien-Pao|Icicle Crash|p2a: Roaring Moon\n|-supereffective|p2a: Roaring Moon\n|-damage|p2a: Roaring Moon|0 fnt\n|faint|p2a: Roaring Moon\n|-end|p2a: Roaring Moon|Protosynthesis|[silent]\n|\n|win|Joull\n|raw|Joull's rating: 1170 &rarr; <strong>1203<\/strong><br \/>(+33 for winning)\n|raw|Axel316's rating: 1281 &rarr; <strong>1248<\/strong><br \/>(-33 for losing)\n|l|\u2606Axel316\n","uploadtime":1701096233,"views":2,"p1id":"joull","p2id":"axel316","formatid":"gen9vgc2023regulatione","rating":1203,"private":0,"password":""}