{"id":"gen9vgc2023regulatione-1997021898","p1":"mochipupusa","p2":"frogmanthegrinch","format":"[Gen 9] VGC 2023 Regulation E","log":"|j|\u2606mochipupusa\n|j|\u2606frogmanthegrinch\n|t:|1700756584\n|gametype|doubles\n|player|p1|mochipupusa|collector|1231\n|player|p2|frogmanthegrinch|proton|1245\n|teamsize|p1|6\n|teamsize|p2|6\n|gen|9\n|tier|[Gen 9] VGC 2023 Regulation E\n|rated|\n|rule|Species Clause: Limit one of each Pok\u00e9mon\n|rule|Item Clause: Limit one of each item\n|clearpoke\n|poke|p1|Roaring Moon, L50|\n|poke|p1|Milotic, L50, M|\n|poke|p1|Landorus-Therian, L50, M|\n|poke|p1|Flutter Mane, L50|\n|poke|p1|Iron Hands, L50|\n|poke|p1|Ogerpon-Hearthflame, L50, F|\n|poke|p2|Wo-Chien, L50|\n|poke|p2|Heatran, L50, M|\n|poke|p2|Grimmsnarl, L50, M|\n|poke|p2|Arcanine-Hisui, L50, F|\n|poke|p2|Landorus-Therian, L50, M|\n|poke|p2|Ogerpon, L50, F|\n|teampreview|4\nmochipupusa has agreed to open team sheets.\n|\n|t:|1700756622\n|start\n|switch|p1a: Landorus|Landorus-Therian, L50, M|100\/100\n|switch|p1b: Iron Hands|Iron Hands, L50|100\/100\n|switch|p2a: Arcanine|Arcanine-Hisui, L50, F|100\/100\n|switch|p2b: Grimmsnarl|Grimmsnarl, L50, M|100\/100\n|-ability|p1a: Landorus|Intimidate|boost\n|-unboost|p2a: Arcanine|atk|1\n|-unboost|p2b: Grimmsnarl|atk|1\n|-ability|p2a: Arcanine|Intimidate|boost\n|-unboost|p1a: Landorus|atk|1\n|-unboost|p1b: Iron Hands|atk|1\n|-item|p2a: Arcanine|Air Balloon\n|turn|1\n|\n|t:|1700756644\n|move|p2b: Grimmsnarl|Fake Out|p1b: Iron Hands\n|-damage|p1b: Iron Hands|94\/100\n|move|p1a: Landorus|Stomping Tantrum|p2a: Arcanine\n|-immune|p2a: Arcanine\n|move|p2a: Arcanine|Will-O-Wisp|p1b: Iron Hands\n|-status|p1b: Iron Hands|brn\n|cant|p1b: Iron Hands|flinch\n|\n|-damage|p1b: Iron Hands|88\/100 brn|[from] brn\n|upkeep\n|turn|2\n|\n|t:|1700756664\n|move|p1a: Landorus|Stomping Tantrum|p2b: Grimmsnarl\n|-damage|p2b: Grimmsnarl|37\/100\n|move|p2a: Arcanine|Will-O-Wisp|p1a: Landorus\n|-status|p1a: Landorus|brn\n|move|p2b: Grimmsnarl|Spirit Break|p1b: Iron Hands\n|-supereffective|p1b: Iron Hands\n|-damage|p1b: Iron Hands|45\/100 brn\n|-unboost|p1b: Iron Hands|spa|1\n|move|p1b: Iron Hands|Drain Punch|p2a: Arcanine\n|-supereffective|p2a: Arcanine\n|-damage|p2a: Arcanine|65\/100\n|-heal|p1b: Iron Hands|58\/100 brn|[from] drain|[of] p2a: Arcanine\n|-enditem|p2a: Arcanine|Air Balloon\n|\n|-heal|p2b: Grimmsnarl|43\/100|[from] item: Leftovers\n|-damage|p1a: Landorus|95\/100 brn|[from] brn\n|-damage|p1b: Iron Hands|52\/100 brn|[from] brn\n|upkeep\n|turn|3\n|\n|t:|1700756697\n|move|p2b: Grimmsnarl|Parting Shot|p1a: Landorus\n|-unboost|p1a: Landorus|atk|1\n|-unboost|p1a: Landorus|spa|1\n|\n|t:|1700756701\n|switch|p2b: Wo-Chien|Wo-Chien, L50|100\/100|[from] Parting Shot\n|-ability|p2b: Wo-Chien|Tablets of Ruin\n|move|p1a: Landorus|Stomping Tantrum|p2a: Arcanine\n|-supereffective|p2a: Arcanine\n|-damage|p2a: Arcanine|26\/100\n|move|p2a: Arcanine|Flare Blitz|p1a: Landorus\n|-damage|p1a: Landorus|64\/100 brn\n|-damage|p2a: Arcanine|15\/100|[from] Recoil\n|move|p1b: Iron Hands|Heavy Slam|p2b: Wo-Chien\n|-damage|p2b: Wo-Chien|89\/100\n|-damage|p1b: Iron Hands|36\/100 brn|[from] item: Rocky Helmet|[of] p2b: Wo-Chien\n|\n|-damage|p1a: Landorus|59\/100 brn|[from] brn\n|-damage|p1b: Iron Hands|30\/100 brn|[from] brn\n|upkeep\n|turn|4\n|\n|t:|1700756728\n|switch|p2a: Grimmsnarl|Grimmsnarl, L50, M|43\/100\n|move|p1a: Landorus|Stomping Tantrum|p2a: Grimmsnarl\n|-damage|p2a: Grimmsnarl|32\/100\n|move|p2b: Wo-Chien|Leech Seed|p1a: Landorus\n|-start|p1a: Landorus|move: Leech Seed\n|move|p1b: Iron Hands|Drain Punch|p2b: Wo-Chien\n|-supereffective|p2b: Wo-Chien\n|-damage|p2b: Wo-Chien|67\/100\n|-heal|p1b: Iron Hands|39\/100 brn|[from] drain|[of] p2b: Wo-Chien\n|-damage|p1b: Iron Hands|23\/100 brn|[from] item: Rocky Helmet|[of] p2b: Wo-Chien\n|\n|-heal|p2a: Grimmsnarl|38\/100|[from] item: Leftovers\n|-damage|p1a: Landorus|47\/100 brn|[from] Leech Seed|[of] p2b: Wo-Chien\n|-heal|p2b: Wo-Chien|79\/100|[silent]\n|-damage|p1a: Landorus|41\/100 brn|[from] brn\n|-damage|p1b: Iron Hands|17\/100 brn|[from] brn\n|upkeep\n|turn|5\n|\n|t:|1700756751\n|switch|p1a: Roaring Moon|Roaring Moon, L50|100\/100\n|-enditem|p1a: Roaring Moon|Booster Energy\n|-activate|p1a: Roaring Moon|ability: Protosynthesis|[fromitem]\n|-start|p1a: Roaring Moon|protosynthesisatk\n|-end|p1b: Iron Hands|Quark Drive|[silent]\n|switch|p1b: Flutter Mane|Flutter Mane, L50|100\/100\n|move|p2a: Grimmsnarl|Fake Out|p1b: Flutter Mane\n|-immune|p1b: Flutter Mane\n|move|p2b: Wo-Chien|Pollen Puff|p2a: Grimmsnarl\n|-heal|p2a: Grimmsnarl|88\/100\n|\n|-heal|p2a: Grimmsnarl|94\/100|[from] item: Leftovers\n|upkeep\n|turn|6\n|\n|t:|1700756776\n|-terastallize|p1a: Roaring Moon|Flying\n|move|p2b: Wo-Chien|Protect|p2b: Wo-Chien\n|-singleturn|p2b: Wo-Chien|Protect\n|move|p2a: Grimmsnarl|Parting Shot|p1b: Flutter Mane\n|-unboost|p1b: Flutter Mane|atk|1\n|-unboost|p1b: Flutter Mane|spa|1\n|\n|t:|1700756782\n|switch|p2a: Heatran|Heatran, L50, M|100\/100|[from] Parting Shot\n|move|p1b: Flutter Mane|Moonblast|p2a: Heatran\n|-resisted|p2a: Heatran\n|-damage|p2a: Heatran|95\/100\n|move|p1a: Roaring Moon|Acrobatics|p2b: Wo-Chien\n|-activate|p2b: Wo-Chien|move: Protect\n|\n|upkeep\n|turn|7\n|\n|t:|1700756822\n|-end|p1b: Flutter Mane|Protosynthesis|[silent]\n|switch|p1b: Landorus|Landorus-Therian, L50, M|41\/100 brn\n|-ability|p1b: Landorus|Intimidate|boost\n|-unboost|p2a: Heatran|atk|1\n|-unboost|p2b: Wo-Chien|atk|1\n|switch|p2b: Grimmsnarl|Grimmsnarl, L50, M|94\/100\n|move|p1a: Roaring Moon|Acrobatics|p2a: Heatran\n|-resisted|p2a: Heatran\n|-damage|p2a: Heatran|61\/100\n|move|p2a: Heatran|Heat Wave|p1b: Landorus|[spread] p1a,p1b\n|-damage|p1a: Roaring Moon|68\/100\n|-damage|p1b: Landorus|0 fnt\n|faint|p1b: Landorus\n|\n|-heal|p2b: Grimmsnarl|99\/100|[from] item: Leftovers\n|upkeep\n|\n|t:|1700756838\n|switch|p1b: Iron Hands|Iron Hands, L50|17\/100 brn\n|turn|8\n|\n|t:|1700756862\n|move|p1a: Roaring Moon|Acrobatics|p2b: Grimmsnarl\n|-damage|p2b: Grimmsnarl|0 fnt\n|faint|p2b: Grimmsnarl\n|move|p2a: Heatran|Heat Wave|p1b: Iron Hands|[spread] p1a,p1b\n|-crit|p1b: Iron Hands\n|-damage|p1a: Roaring Moon|31\/100\n|-damage|p1b: Iron Hands|0 fnt\n|faint|p1b: Iron Hands\n|-end|p1b: Iron Hands|Quark Drive|[silent]\n|\n|upkeep\n|\n|t:|1700756871\n|switch|p2b: Arcanine|Arcanine-Hisui, L50, F|15\/100\n|switch|p1b: Flutter Mane|Flutter Mane, L50|100\/100\n|-ability|p2b: Arcanine|Intimidate|boost\n|-unboost|p1a: Roaring Moon|atk|1\n|-unboost|p1b: Flutter Mane|atk|1\n|turn|9\n|\n|t:|1700756924\n|move|p2b: Arcanine|Extreme Speed|p1a: Roaring Moon\n|-damage|p1a: Roaring Moon|1\/100\n|move|p1b: Flutter Mane|Moonblast|p2b: Arcanine\n|-resisted|p2b: Arcanine\n|-damage|p2b: Arcanine|0 fnt\n|faint|p2b: Arcanine\n|move|p1a: Roaring Moon|Knock Off|p2a: Heatran\n|-damage|p2a: Heatran|17\/100\n|-enditem|p2a: Heatran|Assault Vest|[from] move: Knock Off|[of] p1a: Roaring Moon\n|move|p2a: Heatran|Flash Cannon|p1b: Flutter Mane\n|-supereffective|p1b: Flutter Mane\n|-damage|p1b: Flutter Mane|20\/100\n|\n|upkeep\n|\n|t:|1700756936\n|switch|p2b: Wo-Chien|Wo-Chien, L50|79\/100\n|-ability|p2b: Wo-Chien|Tablets of Ruin\n|turn|10\n|\n|t:|1700756948\n|-terastallize|p2b: Wo-Chien|Water\n|move|p1b: Flutter Mane|Shadow Ball|p2a: Heatran\n|-damage|p2a: Heatran|0 fnt\n|faint|p2a: Heatran\n|move|p1a: Roaring Moon|Acrobatics|p2b: Wo-Chien\n|-damage|p2b: Wo-Chien|43\/100\n|-damage|p1a: Roaring Moon|0 fnt|[from] item: Rocky Helmet|[of] p2b: Wo-Chien\n|faint|p1a: Roaring Moon\n|-end|p1a: Roaring Moon|Protosynthesis|[silent]\n|move|p2b: Wo-Chien|Pollen Puff|p1b: Flutter Mane\n|-resisted|p1b: Flutter Mane\n|-damage|p1b: Flutter Mane|16\/100\n|\n|upkeep\n|turn|11\n|\n|t:|1700756964\n|move|p1b: Flutter Mane|Moonblast|p2b: Wo-Chien\n|-damage|p2b: Wo-Chien|14\/100\n|-unboost|p2b: Wo-Chien|spa|1\n|move|p2b: Wo-Chien|Leech Seed|p1b: Flutter Mane\n|-start|p1b: Flutter Mane|move: Leech Seed\n|\n|-damage|p1b: Flutter Mane|4\/100|[from] Leech Seed|[of] p2b: Wo-Chien\n|-heal|p2b: Wo-Chien|23\/100|[silent]\n|upkeep\n|turn|12\n|\n|t:|1700756975\n|move|p2b: Wo-Chien|Protect|p2b: Wo-Chien\n|-singleturn|p2b: Wo-Chien|Protect\n|move|p1b: Flutter Mane|Moonblast|p2b: Wo-Chien\n|-activate|p2b: Wo-Chien|move: Protect\n|\n|-damage|p1b: Flutter Mane|0 fnt|[from] Leech Seed|[of] p2b: Wo-Chien\n|-heal|p2b: Wo-Chien|25\/100|[silent]\n|faint|p1b: Flutter Mane\n|-end|p1b: Flutter Mane|Protosynthesis|[silent]\n|\n|win|frogmanthegrinch\n|upkeep\n|raw|mochipupusa's rating: 1231 &rarr; <strong>1207<\/strong><br \/>(-24 for losing)\n|raw|frogmanthegrinch's rating: 1245 &rarr; <strong>1269<\/strong><br \/>(+24 for winning)\n|c|\u2606frogmanthegrinch|gg\n|c|\u2606mochipupusa|gg\n|c|\u2606mochipupusa|i respect the slug\n","uploadtime":1700756995,"views":1,"p1id":"mochipupusa","p2id":"frogmanthegrinch","formatid":"gen9vgc2023regulatione","rating":1207,"private":0,"password":""}