{"id":"gen9vgc2023regulatione-1997725012","p1":"maxiass","p2":"gg3g3","format":"[Gen 9] VGC 2023 Regulation E","log":"|j|\u2606maxiass\n|j|\u2606gg3g3\n|t:|1700845992\n|gametype|doubles\n|player|p1|maxiass|169|1088\n|player|p2|gg3g3|iris|1070\n|teamsize|p1|6\n|teamsize|p2|6\n|gen|9\n|tier|[Gen 9] VGC 2023 Regulation E\n|rated|\n|rule|Species Clause: Limit one of each Pok\u00e9mon\n|rule|Item Clause: Limit one of each item\n|clearpoke\n|poke|p1|Dondozo, L50, F|\n|poke|p1|Volbeat, L50, M|\n|poke|p1|Tatsugiri, L50, F|\n|poke|p1|Sableye, L50, F|\n|poke|p1|Palossand, L50, M|\n|poke|p1|Greninja-*, L50, M|\n|poke|p2|Glastrier, L50|\n|poke|p2|Slowking-Galar, L50, M|\n|poke|p2|Iron Bundle, L50|\n|poke|p2|Iron Hands, L50|\n|poke|p2|Meowscarada, L50, F|\n|poke|p2|Heatran, L50, M|\n|teampreview|4\n|inactive|Battle timer is ON: inactive players will automatically lose when time's up. (requested by gg3g3)\n|c|\u2606maxiass|gl hf\n|inactive|gg3g3 has 60 seconds left.\n|\n|t:|1700846026\n|start\n|switch|p1a: Volbeat|Volbeat, L50, M|100\/100\n|switch|p1b: Sableye|Sableye, L50, F|100\/100\n|switch|p2a: Slowking|Slowking-Galar, L50, M|100\/100\n|switch|p2b: Iron Hands|Iron Hands, L50|100\/100\n|turn|1\n|inactive|gg3g3 has 30 seconds left.\n|\n|t:|1700846055\n|-terastallize|p2a: Slowking|Ghost\n|move|p1b: Sableye|Taunt|p2a: Slowking\n|-start|p2a: Slowking|move: Taunt\n|-enditem|p2a: Slowking|Mental Herb\n|-end|p2a: Slowking|move: Taunt\n|move|p1a: Volbeat|Tail Glow|p1a: Volbeat\n|-boost|p1a: Volbeat|spa|3\n|move|p2b: Iron Hands|Wild Charge|p1b: Sableye\n|-damage|p1b: Sableye|18\/100\n|-damage|p2b: Iron Hands|88\/100|[from] Recoil\n|move|p2a: Slowking|Trick Room|p2a: Slowking\n|-fieldstart|move: Trick Room|[of] p2a: Slowking\n|\n|upkeep\n|turn|2\n|inactive|gg3g3 has 30 seconds left.\n|\n|t:|1700846082\n|move|p1b: Sableye|Will-O-Wisp|p2b: Iron Hands\n|-status|p2b: Iron Hands|brn\n|move|p2a: Slowking|Chilly Reception|p2a: Slowking\n|-weather|Snow\n|\n|t:|1700846091\n|switch|p2a: Glastrier|Glastrier, L50|100\/100|[from] Chilly Reception\n|move|p2b: Iron Hands|Wild Charge|p1b: Sableye\n|-damage|p1b: Sableye|0 fnt\n|faint|p1b: Sableye\n|-damage|p2b: Iron Hands|85\/100 brn|[from] Recoil\n|move|p1a: Volbeat|Baton Pass|p1a: Volbeat\n|\n|t:|1700846097\n|switch|p1a: Dondozo|Dondozo, L50, F|100\/100|[from] Baton Pass\n|\n|-weather|Snow|[upkeep]\n|-damage|p2b: Iron Hands|79\/100 brn|[from] brn\n|upkeep\n|\n|t:|1700846102\n|switch|p1b: Tatsugiri|Tatsugiri, L50, F|100\/100\n|-activate|p1b: Tatsugiri|ability: Commander|[of] p1a: Dondozo\n|-boost|p1a: Dondozo|atk|2\n|-boost|p1a: Dondozo|spa|2\n|-boost|p1a: Dondozo|spe|2\n|-boost|p1a: Dondozo|def|2\n|-boost|p1a: Dondozo|spd|2\n|turn|3\n|inactive|gg3g3 has 30 seconds left.\n|\n|t:|1700846130\n|move|p2a: Glastrier|Protect|p2a: Glastrier\n|-singleturn|p2a: Glastrier|Protect\n|move|p2b: Iron Hands|Wild Charge|p1a: Dondozo\n|-supereffective|p1a: Dondozo\n|-damage|p1a: Dondozo|83\/100\n|-damage|p2b: Iron Hands|75\/100 brn|[from] Recoil\n|move|p1a: Dondozo|Surf|p2a: Glastrier|[spread] p2b\n|-miss|p1a: Dondozo|p1b: Tatsugiri\n|-activate|p2a: Glastrier|move: Protect\n|-damage|p2b: Iron Hands|7\/100 brn\n|-damage|p1a: Dondozo|73\/100|[from] item: Life Orb\n|\n|-weather|Snow|[upkeep]\n|-damage|p2b: Iron Hands|1\/100 brn|[from] brn\n|upkeep\n|turn|4\n|inactive|gg3g3 has 30 seconds left.\n|\n|t:|1700846157\n|move|p1a: Dondozo|Protect|p1a: Dondozo\n|-singleturn|p1a: Dondozo|Protect\n|move|p2a: Glastrier|Body Press|p1a: Dondozo\n|-activate|p1a: Dondozo|move: Protect\n|move|p2b: Iron Hands|Heavy Slam|p1a: Dondozo\n|-activate|p1a: Dondozo|move: Protect\n|\n|-weather|Snow|[upkeep]\n|-damage|p2b: Iron Hands|0 fnt|[from] brn\n|faint|p2b: Iron Hands\n|-end|p2b: Iron Hands|Quark Drive|[silent]\n|upkeep\n|\n|t:|1700846170\n|switch|p2b: Meowscarada|Meowscarada, L50, F|100\/100\n|turn|5\n|\n|t:|1700846187\n|-terastallize|p1a: Dondozo|Electric\n|move|p2a: Glastrier|Protect|p2a: Glastrier\n|-singleturn|p2a: Glastrier|Protect\n|move|p1a: Dondozo|Surf|p2b: Meowscarada|[spread] p2b\n|-miss|p1a: Dondozo|p1b: Tatsugiri\n|-activate|p2a: Glastrier|move: Protect\n|-resisted|p2b: Meowscarada\n|-damage|p2b: Meowscarada|18\/100\n|-damage|p1a: Dondozo|63\/100|[from] item: Life Orb\n|move|p2b: Meowscarada|Flower Trick|p1a: Dondozo\n|-start|p2b: Meowscarada|typechange|Grass|[from] ability: Protean\n|-crit|p1a: Dondozo\n|-damage|p1a: Dondozo|31\/100\n|\n|-weather|Snow|[upkeep]\n|-fieldend|move: Trick Room\n|upkeep\n|turn|6\n|inactive|gg3g3 has 30 seconds left.\n|\n|t:|1700846216\n|move|p2b: Meowscarada|Flower Trick|p1a: Dondozo\n|-crit|p1a: Dondozo\n|-damage|p1a: Dondozo|0 fnt\n|faint|p1a: Dondozo\n|move|p2a: Glastrier|Icicle Crash|p1b: Tatsugiri\n|-damage|p1b: Tatsugiri|23\/100\n|-enditem|p1b: Tatsugiri|Aguav Berry|[eat]\n|-heal|p1b: Tatsugiri|57\/100|[from] item: Aguav Berry\n|\n|-weather|none\n|upkeep\n|\n|t:|1700846222\n|switch|p1a: Volbeat|Volbeat, L50, M|100\/100\n|turn|7\n|\n|t:|1700846236\n|move|p2b: Meowscarada|Protect|p2b: Meowscarada\n|-singleturn|p2b: Meowscarada|Protect\n|move|p1b: Tatsugiri|Draco Meteor|p2b: Meowscarada\n|-activate|p2b: Meowscarada|move: Protect\n|move|p1a: Volbeat|Thunder|p2b: Meowscarada\n|-activate|p2b: Meowscarada|move: Protect\n|move|p2a: Glastrier|Icicle Crash|p1b: Tatsugiri\n|-damage|p1b: Tatsugiri|0 fnt\n|faint|p1b: Tatsugiri\n|-ability|p2a: Glastrier|Chilling Neigh|boost\n|-boost|p2a: Glastrier|atk|1\n|\n|upkeep\n|turn|8\n|-message|maxiass forfeited.\n|\n|win|gg3g3\n|raw|maxiass's rating: 1088 &rarr; <strong>1064<\/strong><br \/>(-24 for losing)\n|raw|gg3g3's rating: 1070 &rarr; <strong>1101<\/strong><br \/>(+31 for winning)\n|l|\u2606maxiass\n","uploadtime":1700846254,"views":7,"p1id":"maxiass","p2id":"gg3g3","formatid":"gen9vgc2023regulatione","rating":1064,"private":0,"password":""}