{"id":"gen9vgc2023regulatione-1995115571","p1":"jinsouless","p2":"Aeytal","format":"[Gen 9] VGC 2023 Regulation E","log":"|j|\u2606jinsouless\n|j|\u2606Aeytal\n|t:|1700524263\n|gametype|doubles\n|player|p1|jinsouless|elesa|1174\n|player|p2|Aeytal|265|1134\n|teamsize|p1|6\n|teamsize|p2|6\n|gen|9\n|tier|[Gen 9] VGC 2023 Regulation E\n|rated|\n|rule|Species Clause: Limit one of each Pok\u00e9mon\n|rule|Item Clause: Limit one of each item\n|clearpoke\n|poke|p1|Gastrodon, L50, F|\n|poke|p1|Rillaboom, L50, F|\n|poke|p1|Arcanine-Hisui, L50, F|\n|poke|p1|Urshifu-*, L50, F|\n|poke|p1|Tornadus, L50, M|\n|poke|p1|Iron Hands, L50|\n|poke|p2|Iron Hands, L50|\n|poke|p2|Sableye, L50, M|\n|poke|p2|Clefairy, L50, M|\n|poke|p2|Kommo-o, L50, M|\n|poke|p2|Urshifu-*, L50, M|\n|poke|p2|Rillaboom, L50, F|\n|teampreview|4\n|inactive|Battle timer is ON: inactive players will automatically lose when time's up. (requested by Aeytal)\n|inactive|jinsouless has 60 seconds left.\n|\n|t:|1700524307\n|start\n|switch|p1a: Tornadus|Tornadus, L50, M|100\/100\n|switch|p1b: Arcanine|Arcanine-Hisui, L50, F|100\/100\n|switch|p2a: Iron Hands|Iron Hands, L50|100\/100\n|switch|p2b: Clefairy|Clefairy, L50, M|100\/100\n|-ability|p1b: Arcanine|Intimidate|boost\n|-unboost|p2a: Iron Hands|atk|1\n|-unboost|p2b: Clefairy|atk|1\n|turn|1\n|inactive|jinsouless has 30 seconds left.\n|inactive|jinsouless has 20 seconds left.\n|inactive|jinsouless has 15 seconds left.\n|\n|t:|1700524348\n|switch|p1a: Gastrodon|Gastrodon, L50, F|100\/100\n|-terastallize|p1b: Arcanine|Fairy\n|move|p1b: Arcanine|Tera Blast|p2a: Iron Hands|[anim] Tera Blast Fairy\n|-supereffective|p2a: Iron Hands\n|-damage|p2a: Iron Hands|43\/100\n|-enditem|p2a: Iron Hands|Sitrus Berry|[eat]\n|-heal|p2a: Iron Hands|68\/100|[from] item: Sitrus Berry\n|move|p2a: Iron Hands|Belly Drum|p2a: Iron Hands\n|-damage|p2a: Iron Hands|18\/100\n|-setboost|p2a: Iron Hands|atk|6|[from] move: Belly Drum\n|move|p2b: Clefairy|Heal Pulse|p2a: Iron Hands\n|-heal|p2a: Iron Hands|68\/100\n|\n|upkeep\n|turn|2\n|inactive|Aeytal has 30 seconds left.\n|\n|t:|1700524376\n|move|p2b: Clefairy|Follow Me|p2b: Clefairy\n|-singleturn|p2b: Clefairy|move: Follow Me\n|move|p1b: Arcanine|Tera Blast|p2b: Clefairy|[anim] Tera Blast Fairy\n|-damage|p2b: Clefairy|58\/100\n|move|p2a: Iron Hands|Drain Punch|p1b: Arcanine\n|-resisted|p1b: Arcanine\n|-damage|p1b: Arcanine|6\/100\n|-heal|p2a: Iron Hands|100\/100|[from] drain|[of] p1b: Arcanine\n|move|p1a: Gastrodon|Chilling Water|p2b: Clefairy\n|-damage|p2b: Clefairy|42\/100\n|-unboost|p2b: Clefairy|atk|1\n|\n|upkeep\n|turn|3\n|\n|t:|1700524393\n|switch|p1b: Tornadus|Tornadus, L50, M|100\/100\n|move|p2b: Clefairy|Follow Me|p2b: Clefairy\n|-singleturn|p2b: Clefairy|move: Follow Me\n|move|p2a: Iron Hands|Drain Punch|p1a: Gastrodon\n|-damage|p1a: Gastrodon|0 fnt\n|faint|p1a: Gastrodon\n|\n|upkeep\n|\n|t:|1700524402\n|switch|p1a: Arcanine|Arcanine-Hisui, L50, F, tera:Fairy|6\/100\n|-ability|p1a: Arcanine|Intimidate|boost\n|-unboost|p2a: Iron Hands|atk|1\n|-unboost|p2b: Clefairy|atk|1\n|turn|4\n|\n|t:|1700524414\n|move|p1a: Arcanine|Extreme Speed|p2b: Clefairy\n|-damage|p2b: Clefairy|9\/100\n|move|p2b: Clefairy|Follow Me|p2b: Clefairy\n|-singleturn|p2b: Clefairy|move: Follow Me\n|move|p1b: Tornadus|Bleakwind Storm|p2b: Clefairy|[spread] p2a,p2b\n|-damage|p2a: Iron Hands|79\/100\n|-damage|p2b: Clefairy|0 fnt\n|faint|p2b: Clefairy\n|move|p2a: Iron Hands|Thunder Punch|p1b: Tornadus\n|-supereffective|p1b: Tornadus\n|-damage|p1b: Tornadus|0 fnt\n|faint|p1b: Tornadus\n|\n|upkeep\n|\n|t:|1700524428\n|switch|p1b: Iron Hands|Iron Hands, L50|100\/100\n|switch|p2b: Sableye|Sableye, L50, M|100\/100\n|turn|5\n|\n|t:|1700524443\n|move|p1b: Iron Hands|Fake Out|p2a: Iron Hands\n|-damage|p2a: Iron Hands|69\/100\n|move|p1a: Arcanine|Extreme Speed|p2a: Iron Hands\n|-damage|p2a: Iron Hands|41\/100\n|move|p2b: Sableye|Will-O-Wisp|p1b: Iron Hands\n|-status|p1b: Iron Hands|brn\n|cant|p2a: Iron Hands|flinch\n|\n|-damage|p1b: Iron Hands|94\/100 brn|[from] brn\n|upkeep\n|turn|6\n|inactive|jinsouless has 30 seconds left.\n|inactive|Aeytal has 30 seconds left.\n|\n|t:|1700524470\n|move|p1a: Arcanine|Extreme Speed|p2a: Iron Hands\n|-damage|p2a: Iron Hands|14\/100\n|move|p2b: Sableye|Quash|p1b: Iron Hands\n|-activate|p1b: Iron Hands|move: Quash\n|move|p2a: Iron Hands|Drain Punch|p1b: Iron Hands\n|-damage|p1b: Iron Hands|8\/100 brn\n|-heal|p2a: Iron Hands|60\/100|[from] drain|[of] p1b: Iron Hands\n|move|p1b: Iron Hands|Drain Punch|p2a: Iron Hands\n|-damage|p2a: Iron Hands|45\/100\n|-heal|p1b: Iron Hands|15\/100 brn|[from] drain|[of] p2a: Iron Hands\n|\n|-damage|p1b: Iron Hands|9\/100 brn|[from] brn\n|upkeep\n|turn|7\n|\n|t:|1700524489\n|move|p1a: Arcanine|Extreme Speed|p2a: Iron Hands\n|-damage|p2a: Iron Hands|20\/100\n|move|p2a: Iron Hands|Drain Punch|p1b: Iron Hands\n|-damage|p1b: Iron Hands|0 fnt\n|-heal|p2a: Iron Hands|25\/100|[from] drain|[of] p1b: Iron Hands\n|faint|p1b: Iron Hands\n|-end|p1b: Iron Hands|Quark Drive|[silent]\n|move|p2b: Sableye|Foul Play|p1a: Arcanine\n|-resisted|p1a: Arcanine\n|-damage|p1a: Arcanine|0 fnt\n|faint|p1a: Arcanine\n|\n|win|Aeytal\n|raw|jinsouless's rating: 1174 &rarr; <strong>1146<\/strong><br \/>(-28 for losing)\n|raw|Aeytal's rating: 1134 &rarr; <strong>1162<\/strong><br \/>(+28 for winning)\n|l|\u2606Aeytal\n","uploadtime":1700524520,"views":6,"p1id":"jinsouless","p2id":"aeytal","formatid":"gen9vgc2023regulatione","rating":1146,"private":0,"password":""}