{"id":"gen9vgc2023regulatione-1991774448","p1":"testing122023G","p2":"PBBellossom","format":"[Gen 9] VGC 2023 Regulation E","log":"|j|\u2606testing122023G\n|j|\u2606PBBellossom\n|t:|1700114910\n|gametype|doubles\n|player|p1|testing122023G|266|1523\n|player|p2|PBBellossom|hilbert|1524\n|teamsize|p1|6\n|teamsize|p2|6\n|gen|9\n|tier|[Gen 9] VGC 2023 Regulation E\n|rated|\n|rule|Species Clause: Limit one of each Pok\u00e9mon\n|rule|Item Clause: Limit one of each item\n|clearpoke\n|poke|p1|Ninetales, L50, F|\n|poke|p1|Lilligant-Hisui, L50, F|\n|poke|p1|Ogerpon-Hearthflame, L50, F|\n|poke|p1|Roaring Moon, L50|\n|poke|p1|Flutter Mane, L50|\n|poke|p1|Iron Hands, L50|\n|poke|p2|Chien-Pao, L50|\n|poke|p2|Rillaboom, L50, F|\n|poke|p2|Tornadus, L50, M|\n|poke|p2|Urshifu-*, L50, F|\n|poke|p2|Arcanine-Hisui, L50, F|\n|poke|p2|Iron Hands, L50|\n|teampreview|4\nPBBellossom has agreed to open team sheets.\n|inactive|Battle timer is ON: inactive players will automatically lose when time's up. (requested by testing122023G)\n|j| 5Sscreen\n|inactive|PBBellossom has 60 seconds left.\n|\n|t:|1700114958\n|start\n|switch|p1a: Flutter Mane|Flutter Mane, L50|100\/100\n|switch|p1b: Lilligant|Lilligant-Hisui, L50, F|100\/100\n|switch|p2a: Tornadus|Tornadus, L50, M|100\/100\n|switch|p2b: Arcanine|Arcanine-Hisui, L50, F|100\/100\n|-ability|p2b: Arcanine|Intimidate|boost\n|-unboost|p1a: Flutter Mane|atk|1\n|-unboost|p1b: Lilligant|atk|1\n|turn|1\n|\n|t:|1700114975\n|move|p2a: Tornadus|Tailwind|p2a: Tornadus\n|-sidestart|p2: PBBellossom|move: Tailwind\n|move|p2b: Arcanine|Flare Blitz|p1a: Flutter Mane\n|-damage|p1a: Flutter Mane|0 fnt\n|faint|p1a: Flutter Mane\n|-end|p1a: Flutter Mane|Protosynthesis|[silent]\n|-damage|p2b: Arcanine|75\/100|[from] Recoil\n|move|p1b: Lilligant|Sleep Powder|p2a: Tornadus\n|-status|p2a: Tornadus|slp|[from] move: Sleep Powder\n|\n|upkeep\n|\n|t:|1700114987\n|switch|p1a: Ninetales|Ninetales, L50, F, shiny|100\/100\n|-weather|SunnyDay|[from] ability: Drought|[of] p1a: Ninetales\n|turn|2\n|\n|t:|1700114997\n|cant|p2a: Tornadus|slp\n|move|p1b: Lilligant|Close Combat|p2b: Arcanine\n|-supereffective|p2b: Arcanine\n|-damage|p2b: Arcanine|0 fnt\n|-unboost|p1b: Lilligant|def|1\n|-unboost|p1b: Lilligant|spd|1\n|faint|p2b: Arcanine\n|move|p1a: Ninetales|Heat Wave|p2a: Tornadus|[miss]\n|-miss|p1a: Ninetales|p2a: Tornadus\n|\n|-weather|SunnyDay|[upkeep]\n|upkeep\n|\n|t:|1700115006\n|switch|p2b: Rillaboom|Rillaboom, L50, F|100\/100\n|-fieldstart|move: Grassy Terrain|[from] ability: Grassy Surge|[of] p2b: Rillaboom\n|turn|3\n|\n|t:|1700115013\n|move|p2b: Rillaboom|Fake Out|p1a: Ninetales\n|-damage|p1a: Ninetales|80\/100\n|-curestatus|p2a: Tornadus|slp|[msg]\n|move|p2a: Tornadus|Rain Dance|p2a: Tornadus\n|-weather|RainDance\n|cant|p1a: Ninetales|flinch\n|move|p1b: Lilligant|Solar Blade||[still]\n|-prepare|p1b: Lilligant|Solar Blade\n|\n|-weather|RainDance|[upkeep]\n|-heal|p1a: Ninetales|86\/100|[from] Grassy Terrain\n|upkeep\n|turn|4\n|\n|t:|1700115027\n|switch|p1a: Iron Hands|Iron Hands, L50|100\/100\n|-terastallize|p2b: Rillaboom|Grass\n|move|p2b: Rillaboom|Grassy Glide|p1a: Iron Hands\n|-damage|p1a: Iron Hands|59\/100\n|move|p2a: Tornadus|Bleakwind Storm|p1b: Lilligant|[spread] p1a,p1b\n|-supereffective|p1b: Lilligant\n|-damage|p1a: Iron Hands|37\/100\n|-enditem|p1b: Lilligant|Focus Sash\n|-damage|p1b: Lilligant|1\/100\n|move|p1b: Lilligant|Solar Blade|p2a: Tornadus|[from]lockedmove\n|-resisted|p2a: Tornadus\n|-damage|p2a: Tornadus|79\/100\n|\n|-weather|RainDance|[upkeep]\n|-heal|p1b: Lilligant|7\/100|[from] Grassy Terrain\n|-heal|p1a: Iron Hands|43\/100|[from] Grassy Terrain\n|-sideend|p2: PBBellossom|move: Tailwind\n|upkeep\n|turn|5\n|-message|testing122023G forfeited.\n|\n|win|PBBellossom\n|raw|testing122023G's rating: 1523 &rarr; <strong>1503<\/strong><br \/>(-20 for losing)\n|raw|PBBellossom's rating: 1524 &rarr; <strong>1544<\/strong><br \/>(+20 for winning)\n|l|\u2606testing122023G\n","uploadtime":1700115059,"views":14,"p1id":"testing122023g","p2id":"pbbellossom","formatid":"gen9vgc2023regulatione","rating":1503,"private":0,"password":""}