{"id":"gen9vgc2023regulatione-1999721961","p1":"Kzjrzl","p2":"nwmkurwa","format":"[Gen 9] VGC 2023 Regulation E","log":"|j|\u2606Kzjrzl\n|j|\u2606nwmkurwa\n|t:|1701110895\n|gametype|doubles\n|player|p1|Kzjrzl|lance|1233\n|player|p2|nwmkurwa|169|1146\n|teamsize|p1|6\n|teamsize|p2|6\n|gen|9\n|tier|[Gen 9] VGC 2023 Regulation E\n|rated|\n|rule|Species Clause: Limit one of each Pok\u00e9mon\n|rule|Item Clause: Limit one of each item\n|clearpoke\n|poke|p1|Flutter Mane, L50|\n|poke|p1|Tornadus, L50, M|\n|poke|p1|Rillaboom, L50, M|\n|poke|p1|Garganacl, L50, M|\n|poke|p1|Arcanine-Hisui, L50, M|\n|poke|p1|Chien-Pao, L50|\n|poke|p2|Farigiraf, L50, M|\n|poke|p2|Flamigo, L50, F|\n|poke|p2|Snorlax, L50, M|\n|poke|p2|Sinistcha, L50|\n|poke|p2|Clefairy, L50, F|\n|poke|p2|Tinkaton, L50, F|\n|teampreview|4\n|inactive|Battle timer is ON: inactive players will automatically lose when time's up. (requested by nwmkurwa)\n|\n|t:|1701110932\n|start\n|switch|p1a: Arcanine|Arcanine-Hisui, L50, M|100\/100\n|switch|p1b: Tornadus|Tornadus, L50, M|100\/100\n|switch|p2a: Snorlax|Snorlax, L50, M|100\/100\n|switch|p2b: Clefairy|Clefairy, L50, F|100\/100\n|-ability|p1a: Arcanine|Intimidate|boost\n|-unboost|p2a: Snorlax|atk|1\n|-unboost|p2b: Clefairy|atk|1\n|turn|1\n|\n|t:|1701110947\n|move|p2b: Clefairy|Follow Me|p2b: Clefairy\n|-singleturn|p2b: Clefairy|move: Follow Me\n|move|p1b: Tornadus|Taunt|p2b: Clefairy\n|-start|p2b: Clefairy|move: Taunt\n|move|p1a: Arcanine|Rock Slide|p2a: Snorlax|[spread] p2a,p2b\n|-crit|p2a: Snorlax\n|-damage|p2a: Snorlax|61\/100\n|-damage|p2b: Clefairy|66\/100\n|cant|p2a: Snorlax|flinch\n|\n|upkeep\n|turn|2\n|\n|t:|1701110968\n|switch|p1a: Garganacl|Garganacl, L50, M|100\/100\n|switch|p2b: Sinistcha|Sinistcha, L50|100\/100\n|-heal|p2a: Snorlax|86\/100|[from] ability: Hospitality|[of] p2b: Sinistcha\n|-terastallize|p2a: Snorlax|Water\n|move|p1b: Tornadus|Taunt|p2a: Snorlax\n|-start|p2a: Snorlax|move: Taunt\n|cant|p2a: Snorlax|move: Taunt|Belly Drum\n|\n|upkeep\n|turn|3\n|\n|t:|1701110989\n|switch|p2a: Tinkaton|Tinkaton, L50, F|100\/100\n|-ability|p2a: Tinkaton|Mold Breaker\n|-terastallize|p1a: Garganacl|Ghost\n|move|p1b: Tornadus|Bleakwind Storm|p2b: Sinistcha|[spread] p2a,p2b\n|-resisted|p2a: Tinkaton\n|-supereffective|p2b: Sinistcha\n|-damage|p2a: Tinkaton|84\/100\n|-damage|p2b: Sinistcha|36\/100\n|-unboost|p2a: Tinkaton|spe|1\n|move|p1a: Garganacl|Iron Defense|p1a: Garganacl\n|-boost|p1a: Garganacl|def|2\n|move|p2b: Sinistcha|Trick Room|p2b: Sinistcha\n|-fieldstart|move: Trick Room|[of] p2b: Sinistcha\n|\n|upkeep\n|turn|4\n|\n|t:|1701111013\n|switch|p2b: Snorlax|Snorlax, L50, M, tera:Water|86\/100\n|move|p2a: Tinkaton|Fake Out|p1a: Garganacl\n|-immune|p1a: Garganacl\n|move|p1a: Garganacl|Salt Cure|p2a: Tinkaton\n|-resisted|p2a: Tinkaton\n|-damage|p2a: Tinkaton|74\/100\n|-start|p2a: Tinkaton|Salt Cure\n|move|p1b: Tornadus|Bleakwind Storm|p2a: Tinkaton|[spread] p2a,p2b\n|-resisted|p2a: Tinkaton\n|-damage|p2a: Tinkaton|56\/100\n|-damage|p2b: Snorlax|62\/100\n|-unboost|p2b: Snorlax|spe|1\n|\n|-damage|p2a: Tinkaton|32\/100|[from] Salt Cure\n|upkeep\n|turn|5\n|inactive|nwmkurwa has 30 seconds left.\n|\n|t:|1701111039\n|switch|p2a: Sinistcha|Sinistcha, L50|36\/100\n|-heal|p2b: Snorlax|86\/100|[from] ability: Hospitality|[of] p2a: Sinistcha\n|move|p1b: Tornadus|Taunt|p2b: Snorlax\n|-start|p2b: Snorlax|move: Taunt\n|cant|p2b: Snorlax|move: Taunt|Belly Drum\n|move|p1a: Garganacl|Salt Cure|p2b: Snorlax\n|-damage|p2b: Snorlax|74\/100\n|-start|p2b: Snorlax|Salt Cure\n|\n|-damage|p2b: Snorlax|49\/100|[from] Salt Cure\n|upkeep\n|-enditem|p2b: Snorlax|Sitrus Berry|[eat]\n|-heal|p2b: Snorlax|74\/100|[from] item: Sitrus Berry\n|turn|6\n|inactive|nwmkurwa has 30 seconds left.\n|\n|t:|1701111064\n|move|p2b: Snorlax|Body Slam|p1b: Tornadus\n|-damage|p1b: Tornadus|47\/100\n|-damage|p2b: Snorlax|57\/100|[from] item: Rocky Helmet|[of] p1b: Tornadus\n|move|p1a: Garganacl|Iron Defense|p1a: Garganacl\n|-boost|p1a: Garganacl|def|2\n|move|p2a: Sinistcha|Strength Sap|p1b: Tornadus\n|-unboost|p1b: Tornadus|atk|1\n|-heal|p2a: Sinistcha|97\/100\n|move|p1b: Tornadus|Bleakwind Storm|p2a: Sinistcha|[spread] p2a,p2b\n|-supereffective|p2a: Sinistcha\n|-damage|p2a: Sinistcha|40\/100\n|-damage|p2b: Snorlax|37\/100\n|\n|-damage|p2b: Snorlax|12\/100|[from] Salt Cure\n|upkeep\n|turn|7\n|inactive|Kzjrzl has 30 seconds left.\n|inactive|nwmkurwa has 30 seconds left.\n|\n|t:|1701111092\n|switch|p2b: Tinkaton|Tinkaton, L50, F|32\/100\n|-ability|p2b: Tinkaton|Mold Breaker\n|switch|p1b: Arcanine|Arcanine-Hisui, L50, M|100\/100\n|-ability|p1b: Arcanine|Intimidate|boost\n|-unboost|p2a: Sinistcha|atk|1\n|-unboost|p2b: Tinkaton|atk|1\n|move|p1a: Garganacl|Salt Cure|p2a: Sinistcha\n|-damage|p2a: Sinistcha|27\/100\n|-start|p2a: Sinistcha|Salt Cure\n|move|p2a: Sinistcha|Strength Sap|p1a: Garganacl\n|-unboost|p1a: Garganacl|atk|1\n|-heal|p2a: Sinistcha|95\/100\n|\n|-damage|p2a: Sinistcha|83\/100|[from] Salt Cure\n|-fieldend|move: Trick Room\n|upkeep\n|turn|8\n|inactive|Kzjrzl has 30 seconds left.\n|\n|t:|1701111120\n|switch|p2a: Clefairy|Clefairy, L50, F|66\/100\n|move|p2b: Tinkaton|Fake Out|p1b: Arcanine\n|-resisted|p1b: Arcanine\n|-damage|p1b: Arcanine|96\/100\n|cant|p1b: Arcanine|flinch\n|move|p1a: Garganacl|Salt Cure|p2b: Tinkaton\n|-resisted|p2b: Tinkaton\n|-damage|p2b: Tinkaton|27\/100\n|-start|p2b: Tinkaton|Salt Cure\n|\n|-damage|p2b: Tinkaton|2\/100|[from] Salt Cure\n|upkeep\n|turn|9\n|\n|t:|1701111144\n|switch|p2b: Snorlax|Snorlax, L50, M, tera:Water|12\/100\n|move|p1b: Arcanine|Flare Blitz|p2a: Clefairy\n|-damage|p2a: Clefairy|0 fnt\n|faint|p2a: Clefairy\n|-damage|p1b: Arcanine|78\/100|[from] Recoil\n|move|p1a: Garganacl|Salt Cure|p2b: Snorlax\n|-damage|p2b: Snorlax|4\/100\n|-start|p2b: Snorlax|Salt Cure\n|\n|-damage|p2b: Snorlax|0 fnt|[from] Salt Cure\n|faint|p2b: Snorlax\n|upkeep\n|\n|t:|1701111159\n|switch|p2a: Sinistcha|Sinistcha, L50|83\/100\n|switch|p2b: Tinkaton|Tinkaton, L50, F|2\/100\n|-ability|p2b: Tinkaton|Mold Breaker\n|-heal|p2b: Tinkaton|27\/100|[from] ability: Hospitality|[of] p2a: Sinistcha\n|turn|10\n|\n|t:|1701111173\n|switch|p1b: Tornadus|Tornadus, L50, M|47\/100\n|move|p2b: Tinkaton|Fake Out|p1a: Garganacl\n|-immune|p1a: Garganacl\n|move|p1a: Garganacl|Salt Cure|p2b: Tinkaton\n|-resisted|p2b: Tinkaton\n|-damage|p2b: Tinkaton|20\/100\n|-start|p2b: Tinkaton|Salt Cure\n|move|p2a: Sinistcha|Trick Room|p2a: Sinistcha\n|-fieldstart|move: Trick Room|[of] p2a: Sinistcha\n|\n|-damage|p2b: Tinkaton|0 fnt|[from] Salt Cure\n|faint|p2b: Tinkaton\n|upkeep\n|turn|11\n|\n|t:|1701111191\n|move|p1a: Garganacl|Salt Cure|p2a: Sinistcha\n|-damage|p2a: Sinistcha|75\/100\n|-start|p2a: Sinistcha|Salt Cure\n|move|p2a: Sinistcha|Matcha Gotcha|p1a: Garganacl|[spread] p1a,p1b\n|-resisted|p1b: Tornadus\n|-damage|p1a: Garganacl|86\/100\n|-heal|p2a: Sinistcha|84\/100|[from] drain|[of] p1a: Garganacl\n|-damage|p1b: Tornadus|37\/100\n|-heal|p2a: Sinistcha|89\/100|[from] drain|[of] p1b: Tornadus\n|move|p1b: Tornadus|Bleakwind Storm|p2a: Sinistcha\n|-supereffective|p2a: Sinistcha\n|-damage|p2a: Sinistcha|8\/100\n|\n|-damage|p2a: Sinistcha|0 fnt|[from] Salt Cure\n|faint|p2a: Sinistcha\n|\n|win|Kzjrzl\n|upkeep\n|raw|Kzjrzl's rating: 1233 &rarr; <strong>1252<\/strong><br \/>(+19 for winning)\n|raw|nwmkurwa's rating: 1146 &rarr; <strong>1127<\/strong><br \/>(-19 for losing)\n","uploadtime":1701111204,"views":3,"p1id":"kzjrzl","p2id":"nwmkurwa","formatid":"gen9vgc2023regulatione","rating":1127,"private":0,"password":""}