{"id":"gen9vgc2023regulatione-1994575478","p1":"FlopyFlopsters","p2":"Toedscool4school","format":"[Gen 9] VGC 2023 Regulation E","log":"|j|\u2606FlopyFlopsters\n|j|\u2606Toedscool4school\n|t:|1700462648\n|gametype|doubles\n|player|p1|FlopyFlopsters|nate|1596\n|player|p2|Toedscool4school|170|1621\n|teamsize|p1|6\n|teamsize|p2|6\n|gen|9\n|tier|[Gen 9] VGC 2023 Regulation E\n|rated|\n|rule|Species Clause: Limit one of each Pok\u00e9mon\n|rule|Item Clause: Limit one of each item\n|clearpoke\n|poke|p1|Tornadus, L50, M|\n|poke|p1|Urshifu-*, L50, F|\n|poke|p1|Iron Hands, L50|\n|poke|p1|Sinistcha-Masterpiece, L50|\n|poke|p1|Chien-Pao, L50|\n|poke|p1|Arcanine-Hisui, L50, F|\n|poke|p2|Flutter Mane, L50|\n|poke|p2|Landorus-Therian, L50, M|\n|poke|p2|Heatran, L50, M|\n|poke|p2|Amoonguss, L50, M|\n|poke|p2|Ogerpon-Wellspring, L50, F|\n|poke|p2|Cresselia, L50, F|\n|teampreview|4\n|inactive|Battle timer is ON: inactive players will automatically lose when time's up. (requested by FlopyFlopsters)\nToedscool4school has agreed to open team sheets.\n|inactive|Toedscool4school has 60 seconds left.\n|\n|t:|1700462703\n|start\n|switch|p1a: Tornadus|Tornadus, L50, M|100\/100\n|switch|p1b: Urshifu|Urshifu-Rapid-Strike, L50, F|100\/100\n|switch|p2a: Ogerpon|Ogerpon-Wellspring, L50, F|100\/100\n|switch|p2b: Heatran|Heatran, L50, M|100\/100\n|turn|1\n|inactive|Toedscool4school has 30 seconds left.\n|inactive|Toedscool4school has 20 seconds left.\n|inactive|Toedscool4school has 15 seconds left.\n|inactive|Toedscool4school has 10 seconds left.\n|\n|t:|1700462752\n|-terastallize|p2b: Heatran|Grass\n|move|p1b: Urshifu|Detect|p1b: Urshifu\n|-singleturn|p1b: Urshifu|Protect\n|move|p2a: Ogerpon|Swords Dance|p2a: Ogerpon\n|-boost|p2a: Ogerpon|atk|2\n|move|p1a: Tornadus|Bleakwind Storm|p2a: Ogerpon|[spread] p2b\n|-miss|p1a: Tornadus|p2a: Ogerpon\n|-supereffective|p2b: Heatran\n|-damage|p2b: Heatran|40\/100\n|move|p2b: Heatran|Will-O-Wisp|p1b: Urshifu\n|-activate|p1b: Urshifu|move: Protect\n|\n|-heal|p2b: Heatran|46\/100|[from] item: Leftovers\n|upkeep\n|turn|2\n|\n|t:|1700462771\n|switch|p2b: Cresselia|Cresselia, L50, F|100\/100\n|move|p2a: Ogerpon|Horn Leech|p1b: Urshifu\n|-supereffective|p1b: Urshifu\n|-damage|p1b: Urshifu|0 fnt\n|faint|p1b: Urshifu\n|move|p1a: Tornadus|Bleakwind Storm|p2b: Cresselia|[spread] p2a,p2b\n|-supereffective|p2a: Ogerpon\n|-damage|p2a: Ogerpon|27\/100\n|-damage|p2b: Cresselia|80\/100\n|\n|upkeep\n|\n|t:|1700462781\n|switch|p1b: Iron Hands|Iron Hands, L50|100\/100\n|turn|3\n|inactive|Toedscool4school has 30 seconds left.\n|\n|t:|1700462814\n|move|p1b: Iron Hands|Fake Out|p2b: Cresselia\n|-crit|p2b: Cresselia\n|-damage|p2b: Cresselia|64\/100\n|move|p2a: Ogerpon|Ivy Cudgel|p1a: Tornadus|[anim] Ivy Cudgel Water\n|-damage|p1a: Tornadus|0 fnt\n|faint|p1a: Tornadus\n|cant|p2b: Cresselia|flinch\n|\n|upkeep\n|\n|t:|1700462821\n|switch|p1a: Chien-Pao|Chien-Pao, L50|100\/100\n|-ability|p1a: Chien-Pao|Sword of Ruin\n|turn|4\n|\n|t:|1700462844\n|move|p1a: Chien-Pao|Ice Spinner|p2a: Ogerpon\n|-damage|p2a: Ogerpon|0 fnt\n|faint|p2a: Ogerpon\n|move|p1b: Iron Hands|Wild Charge|p2b: Cresselia\n|-damage|p2b: Cresselia|22\/100\n|-damage|p1b: Iron Hands|90\/100|[from] Recoil\n|move|p2b: Cresselia|Trick Room|p2b: Cresselia\n|-fieldstart|move: Trick Room|[of] p2b: Cresselia\n|\n|upkeep\n|\n|t:|1700462868\n|switch|p2a: Amoonguss|Amoonguss, L50, M, shiny|100\/100\n|turn|5\n|\n|t:|1700462878\n|switch|p2b: Heatran|Heatran, L50, M, tera:Grass|46\/100\n|move|p2a: Amoonguss|Spore|p1a: Chien-Pao\n|-status|p1a: Chien-Pao|slp|[from] move: Spore\n|move|p1b: Iron Hands|Heavy Slam|p2a: Amoonguss\n|-damage|p2a: Amoonguss|50\/100\n|-damage|p1b: Iron Hands|74\/100|[from] item: Rocky Helmet|[of] p2a: Amoonguss\n|cant|p1a: Chien-Pao|slp\n|\n|-heal|p2b: Heatran|52\/100|[from] item: Leftovers\n|upkeep\n|turn|6\n|\n|t:|1700462890\n|move|p2a: Amoonguss|Spore|p1b: Iron Hands\n|-status|p1b: Iron Hands|slp|[from] move: Spore\n|cant|p1b: Iron Hands|slp\n|move|p2b: Heatran|Heat Wave|p1b: Iron Hands|[spread] p1a,p1b\n|-supereffective|p1a: Chien-Pao\n|-enditem|p1a: Chien-Pao|Focus Sash\n|-damage|p1a: Chien-Pao|1\/100 slp\n|-damage|p1b: Iron Hands|54\/100 slp\n|cant|p1a: Chien-Pao|slp\n|\n|-heal|p2b: Heatran|58\/100|[from] item: Leftovers\n|upkeep\n|turn|7\n|-message|FlopyFlopsters forfeited.\n|\n|win|Toedscool4school\n|raw|FlopyFlopsters's rating: 1596 &rarr; <strong>1577<\/strong><br \/>(-19 for losing)\n|raw|Toedscool4school's rating: 1621 &rarr; <strong>1640<\/strong><br \/>(+19 for winning)\n|l|\u2606FlopyFlopsters\n","uploadtime":1700462901,"views":5,"p1id":"flopyflopsters","p2id":"toedscool4school","formatid":"gen9vgc2023regulatione","rating":1577,"private":0,"password":""}