{"id":"gen9vgc2023regulatione-1994724954","p1":"guillespia","p2":"AndyLaVGC","format":"[Gen 9] VGC 2023 Regulation E","log":"|j|\u2606guillespia\n|j|\u2606AndyLaVGC\n|t:|1700486067\n|gametype|doubles\n|player|p1|guillespia|101|1577\n|player|p2|AndyLaVGC|102|1473\n|teamsize|p1|6\n|teamsize|p2|6\n|gen|9\n|tier|[Gen 9] VGC 2023 Regulation E\n|rated|\n|rule|Species Clause: Limit one of each Pok\u00e9mon\n|rule|Item Clause: Limit one of each item\n|clearpoke\n|poke|p1|Tatsugiri, L50, M|\n|poke|p1|Dondozo, L50, F|\n|poke|p1|Iron Hands, L50|\n|poke|p1|Ogerpon-Hearthflame, L50, F|\n|poke|p1|Glimmora, L50, M|\n|poke|p1|Ninetales-Alola, L50, M|\n|poke|p2|Torkoal, L50, F|\n|poke|p2|Typhlosion-Hisui, L50, M|\n|poke|p2|Great Tusk, L50|\n|poke|p2|Murkrow, L50, F|\n|poke|p2|Rillaboom, L50, M|\n|poke|p2|Flutter Mane, L50|\n|teampreview|4\n|inactive|Battle timer is ON: inactive players will automatically lose when time's up. (requested by guillespia)\n|inactive|guillespia has 60 seconds left.\n|inactive|AndyLaVGC has 60 seconds left.\n|inactive|guillespia has 30 seconds left.\n|\n|t:|1700486134\n|start\n|switch|p1a: Glimmora|Glimmora, L50, M|100\/100\n|switch|p1b: Iron Hands|Iron Hands, L50|100\/100\n|switch|p2a: Murkrow|Murkrow, L50, F|100\/100\n|switch|p2b: Great Tusk|Great Tusk, L50|100\/100\n|turn|1\n|\n|t:|1700486153\n|switch|p2a: Rillaboom|Rillaboom, L50, M|100\/100\n|-fieldstart|move: Grassy Terrain|[from] ability: Grassy Surge|[of] p2a: Rillaboom\n|move|p1b: Iron Hands|Fake Out|p2b: Great Tusk\n|-damage|p2b: Great Tusk|91\/100\n|move|p1a: Glimmora|Power Gem|p2a: Rillaboom\n|-damage|p2a: Rillaboom|68\/100\n|cant|p2b: Great Tusk|flinch\n|\n|-heal|p2b: Great Tusk|96\/100|[from] Grassy Terrain\n|-heal|p2a: Rillaboom|74\/100|[from] Grassy Terrain\n|upkeep\n|turn|2\n|inactive|guillespia has 30 seconds left.\n|inactive|guillespia has 20 seconds left.\n|inactive|guillespia has 15 seconds left.\n|inactive|AndyLaVGC has 30 seconds left.\n|inactive|guillespia has 10 seconds left.\n|inactive|guillespia has 5 seconds left.\n|\n|t:|1700486206\n|switch|p1a: Tatsugiri|Tatsugiri, L50, M|100\/100\n|switch|p2a: Torkoal|Torkoal, L50, F|100\/100\n|-weather|SunnyDay|[from] ability: Drought|[of] p2a: Torkoal\n|-activate|p2b: Great Tusk|ability: Protosynthesis\n|-start|p2b: Great Tusk|protosynthesisatk\n|-end|p1b: Iron Hands|Quark Drive|[silent]\n|switch|p1b: Dondozo|Dondozo, L50, F|100\/100\n|-activate|p1a: Tatsugiri|ability: Commander|[of] p1b: Dondozo\n|-boost|p1b: Dondozo|atk|2\n|-boost|p1b: Dondozo|spa|2\n|-boost|p1b: Dondozo|spe|2\n|-boost|p1b: Dondozo|def|2\n|-boost|p1b: Dondozo|spd|2\n|move|p2b: Great Tusk|Headlong Rush|p1b: Dondozo\n|-damage|p1b: Dondozo|71\/100\n|-unboost|p2b: Great Tusk|def|1\n|-unboost|p2b: Great Tusk|spd|1\n|\n|-weather|SunnyDay|[upkeep]\n|-heal|p1b: Dondozo|78\/100|[from] Grassy Terrain\n|-heal|p1b: Dondozo|84\/100|[from] item: Leftovers\n|-heal|p2b: Great Tusk|100\/100|[from] Grassy Terrain\n|upkeep\n|turn|3\n|\n|t:|1700486226\n|-terastallize|p2a: Torkoal|Grass\n|move|p2b: Great Tusk|Protect|p2b: Great Tusk\n|-singleturn|p2b: Great Tusk|Protect\n|move|p1b: Dondozo|Earthquake|p2a: Torkoal|[spread] p2a\n|-miss|p1b: Dondozo|p1a: Tatsugiri\n|-activate|p2b: Great Tusk|move: Protect\n|-resisted|p2a: Torkoal\n|-damage|p2a: Torkoal|94\/100\n|move|p2a: Torkoal|Clear Smog|p1b: Dondozo\n|-damage|p1b: Dondozo|79\/100\n|-clearboost|p1b: Dondozo\n|\n|-weather|SunnyDay|[upkeep]\n|-heal|p1b: Dondozo|85\/100|[from] Grassy Terrain\n|-heal|p1b: Dondozo|91\/100|[from] item: Leftovers\n|-heal|p2a: Torkoal|99\/100|[from] Grassy Terrain\n|upkeep\n|turn|4\n|\n|t:|1700486243\n|-end|p2b: Great Tusk|Protosynthesis|[silent]\n|switch|p2b: Rillaboom|Rillaboom, L50, M|74\/100\n|move|p1b: Dondozo|Protect|p1b: Dondozo\n|-singleturn|p1b: Dondozo|Protect\n|move|p2a: Torkoal|Yawn|p1b: Dondozo\n|-activate|p1b: Dondozo|move: Protect\n|\n|-weather|SunnyDay|[upkeep]\n|-heal|p2b: Rillaboom|80\/100|[from] Grassy Terrain\n|-heal|p1b: Dondozo|97\/100|[from] Grassy Terrain\n|-heal|p1b: Dondozo|100\/100|[from] item: Leftovers\n|-heal|p2a: Torkoal|100\/100|[from] Grassy Terrain\n|upkeep\n|turn|5\n|\n|t:|1700486256\n|move|p1b: Dondozo|Protect||[still]\n|-fail|p1b: Dondozo\n|move|p2b: Rillaboom|Fake Out|p1b: Dondozo\n|-damage|p1b: Dondozo|92\/100\n|move|p2a: Torkoal|Yawn|p1b: Dondozo\n|-start|p1b: Dondozo|move: Yawn|[of] p2a: Torkoal\n|\n|-weather|SunnyDay|[upkeep]\n|-heal|p2b: Rillaboom|86\/100|[from] Grassy Terrain\n|-heal|p1b: Dondozo|98\/100|[from] Grassy Terrain\n|-heal|p1b: Dondozo|100\/100|[from] item: Leftovers\n|-fieldend|move: Grassy Terrain\n|upkeep\n|turn|6\n|\n|t:|1700486273\n|-terastallize|p1b: Dondozo|Dragon\n|move|p2b: Rillaboom|U-turn|p1b: Dondozo\n|-damage|p1b: Dondozo|85\/100\n|\n|t:|1700486281\n|switch|p2b: Murkrow|Murkrow, L50, F|100\/100|[from] U-turn\n|move|p1b: Dondozo|Order Up|p2a: Torkoal\n|-damage|p2a: Torkoal|80\/100\n|-boost|p1b: Dondozo|atk|1\n|move|p2a: Torkoal|Overheat|p1b: Dondozo\n|-resisted|p1b: Dondozo\n|-damage|p1b: Dondozo|57\/100\n|-unboost|p2a: Torkoal|spa|2\n|-enditem|p2a: Torkoal|Eject Pack\n|\n|t:|1700486289\n|switch|p2a: Rillaboom|Rillaboom, L50, M|86\/100\n|-fieldstart|move: Grassy Terrain|[from] ability: Grassy Surge|[of] p2a: Rillaboom\n|\n|-weather|none\n|-heal|p2a: Rillaboom|91\/100|[from] Grassy Terrain\n|-heal|p1b: Dondozo|63\/100|[from] Grassy Terrain\n|-heal|p1b: Dondozo|69\/100|[from] item: Leftovers\n|-end|p1b: Dondozo|move: Yawn|[silent]\n|-status|p1b: Dondozo|slp\n|upkeep\n|turn|7\n|\n|t:|1700486303\n|cant|p1b: Dondozo|slp\n|move|p2b: Murkrow|Taunt|p1b: Dondozo\n|-start|p1b: Dondozo|move: Taunt\n|move|p2a: Rillaboom|U-turn|p1b: Dondozo\n|-damage|p1b: Dondozo|55\/100 slp\n|\n|t:|1700486306\n|switch|p2a: Great Tusk|Great Tusk, L50|100\/100|[from] U-turn\n|\n|-heal|p1b: Dondozo|61\/100 slp|[from] Grassy Terrain\n|-heal|p1b: Dondozo|67\/100 slp|[from] item: Leftovers\n|upkeep\n|turn|8\n|\n|t:|1700486313\n|move|p2b: Murkrow|Sunny Day|p2b: Murkrow\n|-weather|SunnyDay\n|-activate|p2a: Great Tusk|ability: Protosynthesis\n|-start|p2a: Great Tusk|protosynthesisatk\n|move|p2a: Great Tusk|Headlong Rush|p1b: Dondozo\n|-damage|p1b: Dondozo|10\/100 slp\n|-unboost|p2a: Great Tusk|def|1\n|-unboost|p2a: Great Tusk|spd|1\n|cant|p1b: Dondozo|slp\n|\n|-weather|SunnyDay|[upkeep]\n|-heal|p1b: Dondozo|16\/100 slp|[from] Grassy Terrain\n|-heal|p1b: Dondozo|22\/100 slp|[from] item: Leftovers\n|upkeep\n|turn|9\n|inactive|AndyLaVGC has 30 seconds left.\n|\n|t:|1700486343\n|move|p2a: Great Tusk|Headlong Rush|p1b: Dondozo\n|-damage|p1b: Dondozo|0 fnt\n|-unboost|p2a: Great Tusk|def|1\n|-unboost|p2a: Great Tusk|spd|1\n|faint|p1b: Dondozo\n|move|p2b: Murkrow|Brave Bird|p1a: Tatsugiri\n|-damage|p1a: Tatsugiri|31\/100\n|-damage|p2b: Murkrow|76\/100|[from] Recoil\n|\n|-weather|SunnyDay|[upkeep]\n|-heal|p1a: Tatsugiri|36\/100|[from] Grassy Terrain\n|upkeep\n|\n|t:|1700486358\n|switch|p1b: Iron Hands|Iron Hands, L50|100\/100\n|turn|10\n|inactive|guillespia has 30 seconds left.\n|inactive|guillespia has 20 seconds left.\n|inactive|guillespia has 15 seconds left.\n|\n|t:|1700486400\n|move|p2a: Great Tusk|Protect|p2a: Great Tusk\n|-singleturn|p2a: Great Tusk|Protect\n|move|p2b: Murkrow|Tailwind|p2b: Murkrow\n|-sidestart|p2: AndyLaVGC|move: Tailwind\n|move|p1a: Tatsugiri|Muddy Water|p2a: Great Tusk|[spread] p2b\n|-activate|p2a: Great Tusk|move: Protect\n|-damage|p2b: Murkrow|59\/100\n|-unboost|p2b: Murkrow|accuracy|1\n|move|p1b: Iron Hands|Drain Punch|p2a: Great Tusk\n|-activate|p2a: Great Tusk|move: Protect\n|\n|-weather|SunnyDay|[upkeep]\n|-heal|p1a: Tatsugiri|42\/100|[from] Grassy Terrain\n|-fieldend|move: Grassy Terrain\n|upkeep\n|turn|11\n|\n|t:|1700486416\n|move|p2a: Great Tusk|Headlong Rush|p1b: Iron Hands\n|-supereffective|p1b: Iron Hands\n|-damage|p1b: Iron Hands|0 fnt\n|-unboost|p2a: Great Tusk|def|1\n|-unboost|p2a: Great Tusk|spd|1\n|faint|p1b: Iron Hands\n|-end|p1b: Iron Hands|Quark Drive|[silent]\n|move|p2b: Murkrow|Brave Bird|p1a: Tatsugiri\n|-damage|p1a: Tatsugiri|0 fnt\n|faint|p1a: Tatsugiri\n|-damage|p2b: Murkrow|45\/100|[from] Recoil\n|\n|-weather|SunnyDay|[upkeep]\n|upkeep\n|\n|t:|1700486426\n|switch|p1b: Glimmora|Glimmora, L50, M|100\/100\n|turn|12\n|\n|t:|1700486430\n|move|p1b: Glimmora|Spiky Shield|p1b: Glimmora\n|-singleturn|p1b: Glimmora|move: Protect\n|move|p2a: Great Tusk|Headlong Rush|p1b: Glimmora\n|-activate|p1b: Glimmora|move: Protect\n|-damage|p2a: Great Tusk|88\/100|[from] Spiky Shield|[of] p1b: Glimmora\n|move|p2b: Murkrow|Brave Bird|p1b: Glimmora\n|-activate|p1b: Glimmora|move: Protect\n|-damage|p2b: Murkrow|32\/100|[from] Spiky Shield|[of] p1b: Glimmora\n|\n|-weather|none\n|-end|p2a: Great Tusk|Protosynthesis\n|upkeep\n|turn|13\n|\n|t:|1700486438\n|move|p1b: Glimmora|Spiky Shield||[still]\n|-fail|p1b: Glimmora\n|move|p2a: Great Tusk|Headlong Rush|p1b: Glimmora\n|-supereffective|p1b: Glimmora\n|-enditem|p1b: Glimmora|Focus Sash\n|-damage|p1b: Glimmora|1\/100\n|-unboost|p2a: Great Tusk|def|1\n|-unboost|p2a: Great Tusk|spd|1\n|-activate|p1b: Glimmora|ability: Toxic Debris\n|-sidestart|p2: AndyLaVGC|move: Toxic Spikes\n|move|p2b: Murkrow|Brave Bird|p1b: Glimmora\n|-resisted|p1b: Glimmora\n|-damage|p1b: Glimmora|0 fnt\n|-activate|p1b: Glimmora|ability: Toxic Debris\n|-sidestart|p2: AndyLaVGC|move: Toxic Spikes\n|faint|p1b: Glimmora\n|-damage|p2b: Murkrow|31\/100|[from] Recoil\n|\n|win|AndyLaVGC\n|raw|guillespia's rating: 1577 &rarr; <strong>1551<\/strong><br \/>(-26 for losing)\n|raw|AndyLaVGC's rating: 1473 &rarr; <strong>1499<\/strong><br \/>(+26 for winning)\n|l|\u2606guillespia\n","uploadtime":1700486446,"views":49,"p1id":"guillespia","p2id":"andylavgc","formatid":"gen9vgc2023regulatione","rating":1499,"private":0,"password":""}