{"id":"gen9vgc2023regulatione-1990899164","p1":"Jgare1213","p2":"NickNoName","format":"[Gen 9] VGC 2023 Regulation E","log":"|j|\u2606Jgare1213\n|j|\u2606NickNoName\n|t:|1700012862\n|gametype|doubles\n|player|p1|Jgare1213|169|1559\n|player|p2|NickNoName|kieran|1610\n|teamsize|p1|6\n|teamsize|p2|6\n|gen|9\n|tier|[Gen 9] VGC 2023 Regulation E\n|rated|\n|rule|Species Clause: Limit one of each Pok\u00e9mon\n|rule|Item Clause: Limit one of each item\n|clearpoke\n|poke|p1|Rillaboom, L50, M|\n|poke|p1|Sneasler, L50, F|\n|poke|p1|Pelipper, L50, F|\n|poke|p1|Gholdengo, L50|\n|poke|p1|Empoleon, L50, F|\n|poke|p1|Landorus-Therian, L50, M|\n|poke|p2|Sableye, L50, M|\n|poke|p2|Espathra, L50, M|\n|poke|p2|Hawlucha, L50, F|\n|poke|p2|Landorus, L50, M|\n|poke|p2|Iron Bundle, L50|\n|poke|p2|Sinistcha, L50|\n|teampreview|4\n|inactive|Battle timer is ON: inactive players will automatically lose when time's up. (requested by Jgare1213)\n|inactive|Jgare1213 has 60 seconds left.\n|\n|t:|1700012902\n|start\n|switch|p1a: Pelipper|Pelipper, L50, F|100\/100\n|switch|p1b: Rillaboom|Rillaboom, L50, M|100\/100\n|switch|p2a: Sableye|Sableye, L50, M|100\/100\n|switch|p2b: Landorus|Landorus, L50, M|100\/100\n|-fieldstart|move: Grassy Terrain|[from] ability: Grassy Surge|[of] p1b: Rillaboom\n|-weather|RainDance|[from] ability: Drizzle|[of] p1a: Pelipper\n|turn|1\n|j| 5Sscreen\n|\n|t:|1700012917\n|move|p2b: Landorus|Protect|p2b: Landorus\n|-singleturn|p2b: Landorus|Protect\n|move|p1b: Rillaboom|Fake Out|p2b: Landorus\n|-activate|p2b: Landorus|move: Protect\n|move|p2a: Sableye|Encore|p1b: Rillaboom\n|-start|p1b: Rillaboom|Encore\n|move|p1a: Pelipper|Tailwind|p1a: Pelipper\n|-sidestart|p1: Jgare1213|move: Tailwind\n|\n|-weather|RainDance|[upkeep]\n|upkeep\n|turn|2\n|inactive|Jgare1213 has 30 seconds left.\n|inactive|Jgare1213 has 20 seconds left.\n|inactive|Jgare1213 has 15 seconds left.\n|inactive|Jgare1213 has 10 seconds left.\n|\n|t:|1700012966\n|switch|p1b: Empoleon|Empoleon, L50, F|100\/100\n|switch|p1a: Gholdengo|Gholdengo, L50|100\/100\n|-terastallize|p2b: Landorus|Fairy\n|move|p2a: Sableye|Gravity|p2a: Sableye\n|-fieldstart|move: Gravity\n|move|p2b: Landorus|Focus Blast|p1b: Empoleon\n|-supereffective|p1b: Empoleon\n|-damage|p1b: Empoleon|0 fnt\n|faint|p1b: Empoleon\n|\n|-weather|RainDance|[upkeep]\n|upkeep\n|inactive|Jgare1213 has 30 seconds left.\n|inactive|Jgare1213 has 20 seconds left.\n|inactive|Jgare1213 has 15 seconds left.\n|\n|t:|1700013009\n|switch|p1b: Rillaboom|Rillaboom, L50, M|100\/100\n|turn|3\n|\n|t:|1700013020\n|switch|p2b: Espathra|Espathra, L50, M|100\/100\n|move|p1b: Rillaboom|Fake Out|p2b: Espathra\n|-damage|p2b: Espathra|76\/100\n|move|p2a: Sableye|Encore|p1b: Rillaboom\n|-start|p1b: Rillaboom|Encore\n|move|p1a: Gholdengo|Nasty Plot|p1a: Gholdengo\n|-boost|p1a: Gholdengo|spa|2\n|\n|-weather|RainDance|[upkeep]\n|-heal|p2b: Espathra|82\/100|[from] Grassy Terrain\n|upkeep\n|turn|4\n|\n|t:|1700013041\n|switch|p1b: Pelipper|Pelipper, L50, F|100\/100\n|move|p2a: Sableye|Quash||[still]\n|-fail|p2a: Sableye\n|move|p1a: Gholdengo|Make It Rain|p2a: Sableye|[spread] p2a,p2b\n|-enditem|p2a: Sableye|Focus Sash\n|-damage|p2a: Sableye|1\/100\n|-damage|p2b: Espathra|0 fnt\n|-unboost|p1a: Gholdengo|spa|1\n|faint|p2b: Espathra\n|\n|-weather|RainDance|[upkeep]\n|-heal|p2a: Sableye|7\/100|[from] Grassy Terrain\n|-sideend|p1: Jgare1213|move: Tailwind\n|upkeep\n|\n|t:|1700013051\n|switch|p2b: Landorus|Landorus, L50, M, tera:Fairy|100\/100\n|turn|5\n|inactive|Jgare1213 has 30 seconds left.\n|\n|t:|1700013081\n|move|p1a: Gholdengo|Protect|p1a: Gholdengo\n|-singleturn|p1a: Gholdengo|Protect\n|move|p2a: Sableye|Quash|p1b: Pelipper\n|-activate|p1b: Pelipper|move: Quash\n|move|p2b: Landorus|Sandsear Storm|p1a: Gholdengo|[spread] p1b\n|-activate|p1a: Gholdengo|move: Protect\n|-damage|p1b: Pelipper|7\/100\n|move|p1b: Pelipper|Tailwind|p1b: Pelipper\n|-sidestart|p1: Jgare1213|move: Tailwind\n|\n|-weather|none\n|-heal|p1b: Pelipper|13\/100|[from] Grassy Terrain\n|-heal|p2a: Sableye|13\/100|[from] Grassy Terrain\n|-fieldend|move: Grassy Terrain\n|upkeep\n|turn|6\n|\n|t:|1700013101\n|switch|p1b: Rillaboom|Rillaboom, L50, M|100\/100\n|-fieldstart|move: Grassy Terrain|[from] ability: Grassy Surge|[of] p1b: Rillaboom\n|move|p2b: Landorus|Protect|p2b: Landorus\n|-singleturn|p2b: Landorus|Protect\n|move|p2a: Sableye|Encore||[still]\n|-fail|p2a: Sableye\n|move|p1a: Gholdengo|Make It Rain|p2a: Sableye|[spread] p2a\n|-activate|p2b: Landorus|move: Protect\n|-damage|p2a: Sableye|0 fnt\n|-unboost|p1a: Gholdengo|spa|1\n|faint|p2a: Sableye\n|\n|-fieldend|move: Gravity\n|upkeep\n|\n|t:|1700013104\n|switch|p2a: Iron Bundle|Iron Bundle, L50|100\/100\n|-enditem|p2a: Iron Bundle|Booster Energy\n|-activate|p2a: Iron Bundle|ability: Quark Drive|[fromitem]\n|-start|p2a: Iron Bundle|quarkdrivespe\n|turn|7\n|inactive|Jgare1213 has 30 seconds left.\n|\n|t:|1700013133\n|move|p2a: Iron Bundle|Protect|p2a: Iron Bundle\n|-singleturn|p2a: Iron Bundle|Protect\n|move|p2b: Landorus|Protect||[still]\n|-fail|p2b: Landorus\n|move|p1b: Rillaboom|Fake Out|p2a: Iron Bundle\n|-activate|p2a: Iron Bundle|move: Protect\n|move|p1a: Gholdengo|Make It Rain|p2a: Iron Bundle|[spread] p2b\n|-activate|p2a: Iron Bundle|move: Protect\n|-supereffective|p2b: Landorus\n|-damage|p2b: Landorus|0 fnt\n|-unboost|p1a: Gholdengo|spa|1\n|faint|p2b: Landorus\n|\n|upkeep\n|turn|8\n|\n|t:|1700013146\n|-terastallize|p1b: Rillaboom|Fire\n|move|p2a: Iron Bundle|Blizzard|p1a: Gholdengo|[spread] \n|-miss|p2a: Iron Bundle|p1a: Gholdengo\n|-miss|p2a: Iron Bundle|p1b: Rillaboom\n|move|p1a: Gholdengo|Nasty Plot|p1a: Gholdengo\n|-boost|p1a: Gholdengo|spa|2\n|move|p1b: Rillaboom|Wood Hammer|p2a: Iron Bundle\n|-supereffective|p2a: Iron Bundle\n|-damage|p2a: Iron Bundle|0 fnt\n|faint|p2a: Iron Bundle\n|-end|p2a: Iron Bundle|Quark Drive|[silent]\n|-damage|p1b: Rillaboom|78\/100|[from] Recoil\n|\n|win|Jgare1213\n|raw|Jgare1213's rating: 1559 &rarr; <strong>1582<\/strong><br \/>(+23 for winning)\n|raw|NickNoName's rating: 1610 &rarr; <strong>1587<\/strong><br \/>(-23 for losing)\n|c|\u2606NickNoName|Gg\n|l|\u2606NickNoName\n|c|\u2606Jgare1213|Gg\n|l|\u2606Jgare1213\n","uploadtime":1700013209,"views":11,"p1id":"jgare1213","p2id":"nicknoname","formatid":"gen9vgc2023regulatione","rating":1582,"private":0,"password":""}