{"id":"gen9vgc2023regulatione-1990754461","p1":"sun goes wrong","p2":"Kzejzk","format":"[Gen 9] VGC 2023 Regulation E","log":"|j|\u2606sun goes wrong\n|j|\u2606Kzejzk\n|t:|1699997713\n|gametype|doubles\n|player|p1|sun goes wrong|102|1138\n|player|p2|Kzejzk|lance|1099\n|teamsize|p1|6\n|teamsize|p2|6\n|gen|9\n|tier|[Gen 9] VGC 2023 Regulation E\n|rated|\n|rule|Species Clause: Limit one of each Pok\u00e9mon\n|rule|Item Clause: Limit one of each item\n|clearpoke\n|poke|p1|Flutter Mane, L50|\n|poke|p1|Tornadus, L50, M|\n|poke|p1|Mamoswine, L50, F|\n|poke|p1|Sinistcha, L50|\n|poke|p1|Urshifu-*, L50, F|\n|poke|p1|Heatran, L50, F|\n|poke|p2|Flutter Mane, L50|\n|poke|p2|Tornadus, L50, M|\n|poke|p2|Rillaboom, L50, M|\n|poke|p2|Garganacl, L50, M|\n|poke|p2|Arcanine-Hisui, L50, M|\n|poke|p2|Chien-Pao, L50|\n|teampreview|4\nsun goes wrong has agreed to open team sheets.\nKzejzk has agreed to open team sheets.\n|\n|t:|1699997763\n|start\n|switch|p1a: Tornadus|Tornadus, L50, M|100\/100\n|switch|p1b: Sinistcha|Sinistcha, L50|100\/100\n|switch|p2a: Tornadus|Tornadus, L50, M|100\/100\n|switch|p2b: Garganacl|Garganacl, L50, M|100\/100\n|turn|1\n|\n|t:|1699997805\n|move|p1b: Sinistcha|Rage Powder|p1b: Sinistcha\n|-singleturn|p1b: Sinistcha|move: Rage Powder\n|move|p1a: Tornadus|Tailwind|p1a: Tornadus\n|-sidestart|p1: sun goes wrong|move: Tailwind\n|move|p2a: Tornadus|Taunt|p1b: Sinistcha\n|-start|p1b: Sinistcha|move: Taunt\n|move|p2b: Garganacl|Salt Cure|p1b: Sinistcha\n|-damage|p1b: Sinistcha|90\/100\n|-start|p1b: Sinistcha|Salt Cure\n|\n|-damage|p1b: Sinistcha|77\/100|[from] Salt Cure\n|upkeep\n|turn|2\n|\n|t:|1699997817\n|move|p1a: Tornadus|Taunt|p2a: Tornadus\n|-start|p2a: Tornadus|move: Taunt\n|move|p1b: Sinistcha|Matcha Gotcha|p2b: Garganacl|[spread] p2a,p2b\n|-resisted|p2a: Tornadus\n|-supereffective|p2b: Garganacl\n|-damage|p2a: Tornadus|89\/100\n|-heal|p1b: Sinistcha|84\/100|[from] drain|[of] p2a: Tornadus\n|-damage|p2b: Garganacl|57\/100\n|-heal|p1b: Sinistcha|100\/100|[from] drain|[of] p2b: Garganacl\n|move|p2a: Tornadus|Bleakwind Storm|p1a: Tornadus|[spread] p1a,p1b\n|-supereffective|p1b: Sinistcha\n|-damage|p1a: Tornadus|71\/100\n|-damage|p1b: Sinistcha|23\/100\n|move|p2b: Garganacl|Salt Cure|p1b: Sinistcha\n|-damage|p1b: Sinistcha|11\/100\n|\n|-damage|p1b: Sinistcha|0 fnt|[from] Salt Cure\n|faint|p1b: Sinistcha\n|upkeep\n|\n|t:|1699997832\n|switch|p1b: Flutter Mane|Flutter Mane, L50|100\/100\n|-enditem|p1b: Flutter Mane|Booster Energy\n|-activate|p1b: Flutter Mane|ability: Protosynthesis|[fromitem]\n|-start|p1b: Flutter Mane|protosynthesisspa\n|turn|3\n|\n|t:|1699997846\n|-terastallize|p1b: Flutter Mane|Fairy\n|move|p1b: Flutter Mane|Moonblast|p2b: Garganacl\n|-damage|p2b: Garganacl|6\/100\n|-enditem|p2b: Garganacl|Sitrus Berry|[eat]\n|-heal|p2b: Garganacl|30\/100|[from] item: Sitrus Berry\n|move|p1a: Tornadus|Bleakwind Storm|p2b: Garganacl|[spread] p2a,p2b\n|-resisted|p2b: Garganacl\n|-damage|p2a: Tornadus|63\/100\n|-damage|p2b: Garganacl|19\/100\n|-unboost|p2a: Tornadus|spe|1\n|-unboost|p2b: Garganacl|spe|1\n|move|p2a: Tornadus|Bleakwind Storm|p1a: Tornadus|[spread] p1a,p1b\n|-damage|p1a: Tornadus|42\/100\n|-damage|p1b: Flutter Mane|70\/100\n|-enditem|p1a: Tornadus|Sitrus Berry|[eat]\n|-heal|p1a: Tornadus|66\/100|[from] item: Sitrus Berry\n|move|p2b: Garganacl|Salt Cure|p1b: Flutter Mane\n|-damage|p1b: Flutter Mane|49\/100\n|-start|p1b: Flutter Mane|Salt Cure\n|\n|-damage|p1b: Flutter Mane|37\/100|[from] Salt Cure\n|upkeep\n|turn|4\n|\n|t:|1699997870\n|move|p2b: Garganacl|Protect|p2b: Garganacl\n|-singleturn|p2b: Garganacl|Protect\n|move|p1a: Tornadus|Taunt|p2b: Garganacl\n|-activate|p2b: Garganacl|move: Protect\n|move|p1b: Flutter Mane|Moonblast|p2a: Tornadus\n|-damage|p2a: Tornadus|2\/100\n|move|p2a: Tornadus|Bleakwind Storm|p1a: Tornadus|[spread] p1a,p1b\n|-damage|p1a: Tornadus|33\/100\n|-damage|p1b: Flutter Mane|4\/100\n|\n|-damage|p1b: Flutter Mane|0 fnt|[from] Salt Cure\n|faint|p1b: Flutter Mane\n|-end|p1b: Flutter Mane|Protosynthesis|[silent]\n|-end|p2a: Tornadus|move: Taunt\n|-sideend|p1: sun goes wrong|move: Tailwind\n|upkeep\n|\n|t:|1699997873\n|switch|p1b: Mamoswine|Mamoswine, L50, F|100\/100\n|turn|5\n|\n|t:|1699997898\n|-terastallize|p2b: Garganacl|Ghost\n|move|p1a: Tornadus|Tailwind|p1a: Tornadus\n|-sidestart|p1: sun goes wrong|move: Tailwind\n|move|p2a: Tornadus|Tailwind|p2a: Tornadus\n|-sidestart|p2: Kzejzk|move: Tailwind\n|move|p1b: Mamoswine|High Horsepower|p2b: Garganacl\n|-damage|p2b: Garganacl|0 fnt\n|faint|p2b: Garganacl\n|\n|upkeep\n|\n|t:|1699997909\n|switch|p2b: Rillaboom|Rillaboom, L50, M|100\/100\n|-fieldstart|move: Grassy Terrain|[from] ability: Grassy Surge|[of] p2b: Rillaboom\n|turn|6\n|\n|t:|1699997917\n|move|p1a: Tornadus|Protect|p1a: Tornadus\n|-singleturn|p1a: Tornadus|Protect\n|move|p1b: Mamoswine|Protect|p1b: Mamoswine\n|-singleturn|p1b: Mamoswine|Protect\n|move|p2b: Rillaboom|Fake Out|p1b: Mamoswine\n|-activate|p1b: Mamoswine|move: Protect\n|move|p2a: Tornadus|Bleakwind Storm|p1a: Tornadus|[spread] \n|-activate|p1a: Tornadus|move: Protect\n|-activate|p1b: Mamoswine|move: Protect\n|\n|upkeep\n|turn|7\n|\n|t:|1699997935\n|move|p2b: Rillaboom|Grassy Glide|p1b: Mamoswine\n|-supereffective|p1b: Mamoswine\n|-damage|p1b: Mamoswine|5\/100\n|move|p1a: Tornadus|Bleakwind Storm|p2b: Rillaboom|[spread] p2b\n|-miss|p1a: Tornadus|p2a: Tornadus\n|-supereffective|p2b: Rillaboom\n|-damage|p2b: Rillaboom|51\/100\n|move|p1b: Mamoswine|Icicle Crash|p2b: Rillaboom\n|-supereffective|p2b: Rillaboom\n|-damage|p2b: Rillaboom|0 fnt\n|faint|p2b: Rillaboom\n|move|p2a: Tornadus|Bleakwind Storm|p1a: Tornadus|[spread] p1a,p1b\n|-damage|p1a: Tornadus|3\/100\n|-damage|p1b: Mamoswine|0 fnt\n|faint|p1b: Mamoswine\n|\n|upkeep\n|\n|t:|1699997949\n|switch|p2b: Chien-Pao|Chien-Pao, L50|100\/100\n|-ability|p2b: Chien-Pao|Sword of Ruin\n|turn|8\n|\n|t:|1699997954\n|move|p2b: Chien-Pao|Sucker Punch|p1a: Tornadus\n|-damage|p1a: Tornadus|0 fnt\n|faint|p1a: Tornadus\n|\n|win|Kzejzk\n|raw|sun goes wrong's rating: 1138 &rarr; <strong>1110<\/strong><br \/>(-28 for losing)\n|raw|Kzejzk's rating: 1099 &rarr; <strong>1127<\/strong><br \/>(+28 for winning)\n","uploadtime":1699997958,"views":7,"p1id":"sungoeswrong","p2id":"kzejzk","formatid":"gen9vgc2023regulatione","rating":1110,"private":0,"password":""}