{"id":"gen9vgc2023regulatione-2000493408","p1":"Fireboule","p2":"Guakamou","format":"[Gen 9] VGC 2023 Regulation E","log":"|j|\u2606Fireboule\n|j|\u2606Guakamou\n|n|\u2606Fireboule|fireboule\n|n|\u2606Guakamou|guakamou\n|html|View the match progress at <a href=\"\/game-bestof3-gen9vgc2023regulatione-2000493407\">game-bestof3-gen9vgc2023regulatione-2000493407<\/a>\n|t:|1701199454\n|gametype|doubles\n|player|p1|Fireboule|265|\n|player|p2|Guakamou|palmer|\n|teamsize|p1|6\n|teamsize|p2|6\n|gen|9\n|tier|[Gen 9] VGC 2023 Regulation E\n|rule|Species Clause: Limit one of each Pok\u00e9mon\n|rule|Item Clause: Limit one of each item\n|clearpoke\n|poke|p1|Arcanine-Hisui, L50, F|\n|poke|p1|Grimmsnarl, L50, M|\n|poke|p1|Okidogi, L50, M|\n|poke|p1|Gholdengo, L50|\n|poke|p1|Ogerpon-Wellspring, L50, F|\n|poke|p1|Iron Bundle, L50|\n|poke|p2|Heatran, L50, M|\n|poke|p2|Landorus-Therian, L50, M|\n|poke|p2|Iron Hands, L50|\n|poke|p2|Iron Bundle, L50|\n|poke|p2|Rillaboom, L50, F|\n|poke|p2|Ogerpon-Hearthflame, L50, F|\n|teampreview|4\nFireboule has agreed to open team sheets.\nGuakamou has agreed to open team sheets.\n|showteam|p1|Arcanine-Hisui||AssaultVest|Intimidate|ExtremeSpeed,RockSlide,Snarl,FlareBlitz|||F|||50|,,,,,Dragon]Grimmsnarl||LightClay|Prankster|SpiritBreak,ThunderWave,Reflect,LightScreen|||M|||50|,,,,,Ghost]Okidogi||Leftovers|GuardDog|GunkShot,Protect,DrainPunch,BulkUp|||M|||50|,,,,,Fairy]Gholdengo||SitrusBerry|GoodasGold|MakeItRain,Protect,ShadowBall,NastyPlot||||||50|,,,,,Dragon]Ogerpon-Wellspring||WellspringMask|WaterAbsorb|FollowMe,HornLeech,IvyCudgel,SpikyShield|||F|||50|,,,,,Water]Iron Bundle||BoosterEnergy|QuarkDrive|Protect,ChillingWater,IcyWind,FreezeDry||||||50|,,,,,Grass\n|showteam|p2|Heatran||LifeOrb|FlashFire|HeatWave,EarthPower,FlashCannon,Protect|||M|||50|,,,,,Fairy]Landorus-Therian||ChoiceScarf|Intimidate|TeraBlast,Uturn,RockSlide,StompingTantrum|||M|||50|,,,,,Flying]Iron Hands||AssaultVest|QuarkDrive|FakeOut,WildCharge,DrainPunch,HeavySlam||||||50|,,,,,Water]Iron Bundle||BoosterEnergy|QuarkDrive|IcyWind,Encore,FreezeDry,Protect||||||50|,,,,,Ghost]Rillaboom||MiracleSeed|GrassySurge|FakeOut,WoodHammer,Uturn,GrassyGlide|||F|||50|,,,,,Grass]Ogerpon-Hearthflame||HearthflameMask|MoldBreaker|IvyCudgel,GrassyGlide,SwordsDance,SpikyShield|||F|||50|,,,,,Fire\n|c|\u2606Guakamou|gl hf\n|c|\u2606Fireboule|glhf\n|c|\u2606Guakamou|obulie pas de check in sur limitless\n|c|\u2606Fireboule|ah oui merci\n|\n|t:|1701199518\n|start\n|switch|p1a: \u30aa\u30fc\u30ed\u30f3\u30b2|Grimmsnarl, L50, M, shiny|100\/100\n|switch|p1b: Okidogi|Okidogi, L50, M|100\/100\n|switch|p2a: Ogerpon|Ogerpon-Hearthflame, L50, F|100\/100\n|switch|p2b: Rillaboom|Rillaboom, L50, F|100\/100\n|-ability|p2a: Ogerpon|Mold Breaker\n|-fieldstart|move: Grassy Terrain|[from] ability: Grassy Surge|[of] p2b: Rillaboom\n|turn|1\n|\n|t:|1701199547\n|-terastallize|p1a: \u30aa\u30fc\u30ed\u30f3\u30b2|Ghost\n|move|p1a: \u30aa\u30fc\u30ed\u30f3\u30b2|Reflect|p1a: \u30aa\u30fc\u30ed\u30f3\u30b2\n|-sidestart|p1: Fireboule|Reflect\n|move|p2a: Ogerpon|Swords Dance|p2a: Ogerpon\n|-boost|p2a: Ogerpon|atk|2\n|move|p2b: Rillaboom|Wood Hammer|p1a: \u30aa\u30fc\u30ed\u30f3\u30b2\n|-damage|p1a: \u30aa\u30fc\u30ed\u30f3\u30b2|40\/100\n|-damage|p2b: Rillaboom|82\/100|[from] Recoil\n|move|p1b: Okidogi|Bulk Up|p1b: Okidogi\n|-boost|p1b: Okidogi|atk|1\n|-boost|p1b: Okidogi|def|1\n|\n|-heal|p2b: Rillaboom|87\/100|[from] Grassy Terrain\n|-heal|p1a: \u30aa\u30fc\u30ed\u30f3\u30b2|46\/100|[from] Grassy Terrain\n|upkeep\n|turn|2\n|\n|t:|1701199571\n|move|p2a: Ogerpon|Spiky Shield|p2a: Ogerpon\n|-singleturn|p2a: Ogerpon|move: Protect\n|move|p1a: \u30aa\u30fc\u30ed\u30f3\u30b2|Thunder Wave|p2a: Ogerpon\n|-activate|p2a: Ogerpon|move: Protect\n|move|p2b: Rillaboom|U-turn|p1a: \u30aa\u30fc\u30ed\u30f3\u30b2\n|-resisted|p1a: \u30aa\u30fc\u30ed\u30f3\u30b2\n|-damage|p1a: \u30aa\u30fc\u30ed\u30f3\u30b2|38\/100\n|\n|t:|1701199579\n|switch|p2b: Iron Hands|Iron Hands, L50|100\/100|[from] U-turn\n|move|p1b: Okidogi|Gunk Shot|p2a: Ogerpon\n|-activate|p2a: Ogerpon|move: Protect\n|\n|-heal|p1a: \u30aa\u30fc\u30ed\u30f3\u30b2|44\/100|[from] Grassy Terrain\n|upkeep\n|turn|3\n|\n|t:|1701199602\n|-terastallize|p2a: Ogerpon|Fire\n|detailschange|p2a: Ogerpon|Ogerpon-Hearthflame-Tera, L50, F, tera:Fire\n|-ability|p2a: Ogerpon|Embody Aspect (Hearthflame)|boost\n|-boost|p2a: Ogerpon|atk|1\n|move|p2b: Iron Hands|Fake Out|p1b: Okidogi\n|-damage|p1b: Okidogi|95\/100\n|move|p2a: Ogerpon|Grassy Glide|p1a: \u30aa\u30fc\u30ed\u30f3\u30b2\n|-damage|p1a: \u30aa\u30fc\u30ed\u30f3\u30b2|0 fnt\n|faint|p1a: \u30aa\u30fc\u30ed\u30f3\u30b2\n|cant|p1b: Okidogi|flinch\n|\n|-heal|p1b: Okidogi|100\/100|[from] Grassy Terrain\n|upkeep\n|\n|t:|1701199615\n|switch|p1a: Ogerpon|Ogerpon-Wellspring, L50, F|100\/100\n|turn|4\n|\n|t:|1701199628\n|-end|p2b: Iron Hands|Quark Drive|[silent]\n|switch|p2b: Rillaboom|Rillaboom, L50, F|87\/100\n|move|p2a: Ogerpon|Spiky Shield|p2a: Ogerpon\n|-singleturn|p2a: Ogerpon|move: Protect\n|move|p1a: Ogerpon|Horn Leech|p2b: Rillaboom\n|-resisted|p2b: Rillaboom\n|-damage|p2b: Rillaboom|61\/100\n|move|p1b: Okidogi|Gunk Shot|p2b: Rillaboom\n|-supereffective|p2b: Rillaboom\n|-crit|p2b: Rillaboom\n|-damage|p2b: Rillaboom|0 fnt\n|faint|p2b: Rillaboom\n|\n|upkeep\n|\n|t:|1701199654\n|switch|p2b: Iron Bundle|Iron Bundle, L50|100\/100\n|-enditem|p2b: Iron Bundle|Booster Energy\n|-activate|p2b: Iron Bundle|ability: Quark Drive|[fromitem]\n|-start|p2b: Iron Bundle|quarkdrivespe\n|turn|5\n|\n|t:|1701199668\n|move|p1a: Ogerpon|Spiky Shield|p1a: Ogerpon\n|-singleturn|p1a: Ogerpon|move: Protect\n|move|p2b: Iron Bundle|Freeze-Dry|p1a: Ogerpon\n|-activate|p1a: Ogerpon|move: Protect\n|move|p2a: Ogerpon|Ivy Cudgel|p1b: Okidogi|[anim] Ivy Cudgel Fire\n|-crit|p1b: Okidogi\n|-damage|p1b: Okidogi|0 fnt\n|faint|p1b: Okidogi\n|\n|-fieldend|move: Grassy Terrain\n|upkeep\n|\n|t:|1701199678\n|switch|p1b: Iron Bundle|Iron Bundle, L50, shiny|100\/100\n|-enditem|p1b: Iron Bundle|Booster Energy\n|-activate|p1b: Iron Bundle|ability: Quark Drive|[fromitem]\n|-start|p1b: Iron Bundle|quarkdrivespe\n|turn|6\n|c|\u2606Fireboule|envie de pleurer mdr\n|\n|t:|1701199694\n|move|p1b: Iron Bundle|Icy Wind|p2b: Iron Bundle|[spread] p2a,p2b\n|-resisted|p2a: Ogerpon\n|-resisted|p2b: Iron Bundle\n|-damage|p2a: Ogerpon|91\/100\n|-damage|p2b: Iron Bundle|93\/100\n|-unboost|p2a: Ogerpon|spe|1\n|-unboost|p2b: Iron Bundle|spe|1\n|move|p2b: Iron Bundle|Freeze-Dry|p1a: Ogerpon\n|-supereffective|p1a: Ogerpon\n|-damage|p1a: Ogerpon|0 fnt\n|faint|p1a: Ogerpon\n|move|p2a: Ogerpon|Ivy Cudgel|p1b: Iron Bundle|[anim] Ivy Cudgel Fire\n|-crit|p1b: Iron Bundle\n|-damage|p1b: Iron Bundle|0 fnt\n|faint|p1b: Iron Bundle\n|-end|p1b: Iron Bundle|Quark Drive|[silent]\n|\n|win|Guakamou\n|inactive|Fireboule has 50 seconds to confirm battle start!\n|inactive|Guakamou has 50 seconds to confirm battle start!\n|c|&|\/uhtml prompt-guakamou,Guakamou is ready for game 2!\n|c|&|\/uhtml prompt-fireboule,Fireboule is ready for game 2!\nBoth players are ready! Starting next match!\n","uploadtime":1701200313,"views":2,"p1id":"fireboule","p2id":"guakamou","formatid":"gen9vgc2023regulatione","rating":0,"private":0,"password":""}