{"id":"gen9vgc2023regulatione-1994946333","p1":"monkerbonkerz2","p2":"Rhisea","format":"[Gen 9] VGC 2023 Regulation E","log":"|j|\u2606monkerbonkerz2\n|j|\u2606Rhisea\n|t:|1700507064\n|gametype|doubles\n|player|p1|monkerbonkerz2|blackbelt-gen4|1091\n|player|p2|Rhisea|psychicf-gen4|1147\n|teamsize|p1|6\n|teamsize|p2|6\n|gen|9\n|tier|[Gen 9] VGC 2023 Regulation E\n|rated|\n|rule|Species Clause: Limit one of each Pok\u00e9mon\n|rule|Item Clause: Limit one of each item\n|clearpoke\n|poke|p1|Iron Hands, L50|\n|poke|p1|Chi-Yu, L50|\n|poke|p1|Flutter Mane, L50|\n|poke|p1|Kingambit, L50, M|\n|poke|p1|Volcarona, L50, F|\n|poke|p1|Enamorus-Therian, L50, F|\n|poke|p2|Scizor, L50, M|\n|poke|p2|Landorus-Therian, L50, M|\n|poke|p2|Iron Hands, L50|\n|poke|p2|Iron Bundle, L50|\n|poke|p2|Flutter Mane, L50|\n|poke|p2|Ogerpon-Wellspring, L50, F|\n|teampreview|4\nRhisea rejected open team sheets.\n|inactive|Battle timer is ON: inactive players will automatically lose when time's up. (requested by Rhisea)\n|inactive|monkerbonkerz2 has 60 seconds left.\n|inactive|monkerbonkerz2 has 30 seconds left.\n|inactive|monkerbonkerz2 has 20 seconds left.\n|\n|t:|1700507140\n|start\n|switch|p1a: Enamorus|Enamorus-Therian, L50, F|100\/100\n|switch|p1b: Iron Hands|Iron Hands, L50, shiny|100\/100\n|switch|p2a: Iron Hands|Iron Hands, L50|100\/100\n|switch|p2b: Ogerpon|Ogerpon-Wellspring, L50, F|100\/100\n|turn|1\n|inactive|Rhisea has 30 seconds left.\n|\n|t:|1700507174\n|move|p1b: Iron Hands|Fake Out|p2a: Iron Hands\n|-damage|p2a: Iron Hands|88\/100\n|move|p2b: Ogerpon|Swords Dance|p2b: Ogerpon\n|-boost|p2b: Ogerpon|atk|2\n|cant|p2a: Iron Hands|flinch\n|move|p1a: Enamorus|Iron Defense|p1a: Enamorus\n|-boost|p1a: Enamorus|def|2\n|\n|upkeep\n|turn|2\n|\n|t:|1700507200\n|-terastallize|p1a: Enamorus|Ground\n|move|p2b: Ogerpon|Ivy Cudgel|p1a: Enamorus|[anim] Ivy Cudgel Water\n|-supereffective|p1a: Enamorus\n|-damage|p1a: Enamorus|30\/100\n|move|p2a: Iron Hands|Heavy Slam|p1a: Enamorus\n|-damage|p1a: Enamorus|10\/100\n|move|p1b: Iron Hands|Wild Charge|p2b: Ogerpon\n|-crit|p2b: Ogerpon\n|-damage|p2b: Ogerpon|32\/100\n|-damage|p1b: Iron Hands|88\/100|[from] Recoil\n|move|p1a: Enamorus|Calm Mind|p1a: Enamorus\n|-boost|p1a: Enamorus|spa|1\n|-boost|p1a: Enamorus|spd|1\n|\n|-heal|p1a: Enamorus|16\/100|[from] item: Leftovers\n|upkeep\n|turn|3\n|\n|t:|1700507216\n|move|p2b: Ogerpon|Horn Leech|p1a: Enamorus\n|-supereffective|p1a: Enamorus\n|-damage|p1a: Enamorus|0 fnt\n|-heal|p2b: Ogerpon|39\/100|[from] drain|[of] p1a: Enamorus\n|faint|p1a: Enamorus\n|move|p2a: Iron Hands|Close Combat|p1b: Iron Hands\n|-damage|p1b: Iron Hands|41\/100\n|-unboost|p2a: Iron Hands|def|1\n|-unboost|p2a: Iron Hands|spd|1\n|move|p1b: Iron Hands|Wild Charge|p2b: Ogerpon\n|-damage|p2b: Ogerpon|0 fnt\n|faint|p2b: Ogerpon\n|-damage|p1b: Iron Hands|34\/100|[from] Recoil\n|\n|upkeep\n|\n|t:|1700507236\n|switch|p2b: Landorus|Landorus-Therian, L50, M|100\/100\n|switch|p1a: Flutter Mane|Flutter Mane, L50, shiny|100\/100\n|-ability|p2b: Landorus|Intimidate|boost\n|-unboost|p1a: Flutter Mane|atk|1\n|-unboost|p1b: Iron Hands|atk|1\n|turn|4\n|\n|t:|1700507257\n|-end|p1b: Iron Hands|Quark Drive|[silent]\n|switch|p1b: Chi-Yu|Chi-Yu, L50|100\/100\n|-ability|p1b: Chi-Yu|Beads of Ruin\n|move|p2b: Landorus|Rock Slide|p1a: Flutter Mane|[spread] p1a,p1b\n|-supereffective|p1b: Chi-Yu\n|-damage|p1a: Flutter Mane|50\/100\n|-damage|p1b: Chi-Yu|24\/100\n|cant|p1a: Flutter Mane|flinch\n|move|p2a: Iron Hands|Heavy Slam|p1a: Flutter Mane\n|-supereffective|p1a: Flutter Mane\n|-damage|p1a: Flutter Mane|0 fnt\n|faint|p1a: Flutter Mane\n|-end|p1a: Flutter Mane|Protosynthesis|[silent]\n|\n|upkeep\n|\n|t:|1700507273\n|switch|p1a: Iron Hands|Iron Hands, L50, shiny|34\/100\n|turn|5\n|\n|t:|1700507283\n|switch|p2b: Flutter Mane|Flutter Mane, L50|100\/100\n|move|p1a: Iron Hands|Fake Out|p2b: Flutter Mane\n|-immune|p2b: Flutter Mane\n|move|p1b: Chi-Yu|Psychic|p2a: Iron Hands\n|-supereffective|p2a: Iron Hands\n|-damage|p2a: Iron Hands|11\/100\n|move|p2a: Iron Hands|Close Combat|p1b: Chi-Yu\n|-supereffective|p1b: Chi-Yu\n|-damage|p1b: Chi-Yu|0 fnt\n|-unboost|p2a: Iron Hands|def|1\n|-unboost|p2a: Iron Hands|spd|1\n|faint|p1b: Chi-Yu\n|\n|upkeep\n|turn|6\n|-message|monkerbonkerz2 forfeited.\n|\n|win|Rhisea\n|raw|monkerbonkerz2's rating: 1091 &rarr; <strong>1071<\/strong><br \/>(-20 for losing)\n|raw|Rhisea's rating: 1147 &rarr; <strong>1168<\/strong><br \/>(+21 for winning)\n|l|\u2606monkerbonkerz2\n|c|\u2606Rhisea|gg\n","uploadtime":1700507311,"views":7,"p1id":"monkerbonkerz2","p2id":"rhisea","formatid":"gen9vgc2023regulatione","rating":1071,"private":0,"password":""}