{"id":"gen9vgc2023regulatione-1988917436","p1":"faiRyVGC","p2":"qwertyslopmcflop","format":"[Gen 9] VGC 2023 Regulation E","log":"|j|\u2606faiRyVGC\n|j|\u2606qwertyslopmcflop\n|t:|1699787416\n|gametype|doubles\n|player|p1|faiRyVGC|lucas-gen4pt|\n|player|p2|qwertyslopmcflop|li|\n|teamsize|p1|6\n|teamsize|p2|6\n|gen|9\n|tier|[Gen 9] VGC 2023 Regulation E\n|rated|Tournament battle\n|rule|Species Clause: Limit one of each Pok\u00e9mon\n|rule|Item Clause: Limit one of each item\n|clearpoke\n|poke|p1|Sableye, L50, M|\n|poke|p1|Ogerpon-Wellspring, L50, F|\n|poke|p1|Iron Hands, L50|\n|poke|p1|Arcanine-Hisui, L50, F|\n|poke|p1|Flutter Mane, L50|\n|poke|p1|Mamoswine, L50, F|\n|poke|p2|Tornadus, L50, M|\n|poke|p2|Urshifu-*, L50, M|\n|poke|p2|Iron Hands, L50|\n|poke|p2|Farigiraf, L50, F|\n|poke|p2|Chien-Pao, L50|\n|poke|p2|Decidueye-Hisui, L50, F|\n|teampreview|4\n|inactive|Battle timer is ON: inactive players will automatically lose when time's up. (requested by qwertyslopmcflop)\n|j| 4KuserVGC\n|j| deluluflutter\n|c|\u2606qwertyslopmcflop|GLHF\n|j| KasperOfHoenn\n|c|\u2606qwertyslopmcflop|hello fork\n|j| Choruto\nfaiRyVGC has agreed to open team sheets.\n|c| 4KuserVGC|lesgo finals\n|c|\u2606qwertyslopmcflop|hello churros\n|c|\u2606qwertyslopmcflop|choruto\n|c|\u2606faiRyVGC|GLHF\n|c| 4KuserVGC|go mamo\n|c| Choruto|Eyo\n|inactive|faiRyVGC has 60 seconds left.\n|j| Aylona\n|inactive|faiRyVGC has 30 seconds left.\n|\n|t:|1699787483\n|start\n|switch|p1a: Arcanine|Arcanine-Hisui, L50, F, shiny|100\/100\n|switch|p1b: Iron Hands|Iron Hands, L50, shiny|100\/100\n|switch|p2a: Tornadus|Tornadus, L50, M|100\/100\n|switch|p2b: Urshifu|Urshifu-Rapid-Strike, L50, M|100\/100\n|-ability|p1a: Arcanine|Intimidate|boost\n|-unboost|p2a: Tornadus|atk|1\n|-unboost|p2b: Urshifu|atk|1\n|turn|1\n|\n|t:|1699787499\n|-terastallize|p1a: Arcanine|Fairy\n|move|p2b: Urshifu|Detect|p2b: Urshifu\n|-singleturn|p2b: Urshifu|Protect\n|move|p1b: Iron Hands|Fake Out|p2b: Urshifu\n|-activate|p2b: Urshifu|move: Protect\n|move|p2a: Tornadus|Tailwind|p2a: Tornadus\n|-sidestart|p2: qwertyslopmcflop|move: Tailwind\n|move|p1a: Arcanine|Tera Blast|p2b: Urshifu|[anim] Tera Blast Fairy\n|-activate|p2b: Urshifu|move: Protect\n|\n|upkeep\n|turn|2\n|c| 4KuserVGC|bruh you just spam tornshifu qwerty\n|c|\u2606qwertyslopmcflop|Indeed\n|c|\u2606qwertyslopmcflop|choruto taught me that\n|inactive|faiRyVGC has 30 seconds left.\n|c|\u2606qwertyslopmcflop|(literally)\n|c| 4KuserVGC|:skull:\n|inactive|faiRyVGC has 20 seconds left.\n|inactive|faiRyVGC has 15 seconds left.\n|\n|t:|1699787542\n|-terastallize|p2b: Urshifu|Water\n|move|p2a: Tornadus|Rain Dance|p2a: Tornadus\n|-weather|RainDance\n|move|p2b: Urshifu|Surging Strikes|p1b: Iron Hands\n|-crit|p1b: Iron Hands\n|-damage|p1b: Iron Hands|64\/100\n|-crit|p1b: Iron Hands\n|-damage|p1b: Iron Hands|26\/100\n|-crit|p1b: Iron Hands\n|-damage|p1b: Iron Hands|0 fnt\n|faint|p1b: Iron Hands\n|-end|p1b: Iron Hands|Quark Drive|[silent]\n|-hitcount|p1: Iron Hands|3\n|move|p1a: Arcanine|Tera Blast|p2b: Urshifu|[anim] Tera Blast Fairy\n|-damage|p2b: Urshifu|43\/100\n|\n|-weather|RainDance|[upkeep]\n|upkeep\n|\n|t:|1699787552\n|switch|p1b: Flutter Mane|Flutter Mane, L50, shiny|100\/100\n|-enditem|p1b: Flutter Mane|Booster Energy\n|-activate|p1b: Flutter Mane|ability: Protosynthesis|[fromitem]\n|-start|p1b: Flutter Mane|protosynthesisspe\n|turn|3\n|\n|t:|1699787566\n|move|p1b: Flutter Mane|Shadow Ball|p2b: Urshifu\n|-damage|p2b: Urshifu|0 fnt\n|faint|p2b: Urshifu\n|move|p2a: Tornadus|Bleakwind Storm|p1b: Flutter Mane|[spread] p1a,p1b\n|-damage|p1a: Arcanine|60\/100\n|-damage|p1b: Flutter Mane|66\/100\n|-unboost|p1a: Arcanine|spe|1\n|-unboost|p1b: Flutter Mane|spe|1\n|move|p1a: Arcanine|Tera Blast|p2a: Tornadus|[anim] Tera Blast Fairy\n|-damage|p2a: Tornadus|38\/100\n|\n|-weather|RainDance|[upkeep]\n|upkeep\n|\n|t:|1699787577\n|switch|p2b: Chien-Pao|Chien-Pao, L50|100\/100\n|-ability|p2b: Chien-Pao|Sword of Ruin\n|turn|4\n|\n|t:|1699787585\n|-end|p1b: Flutter Mane|Protosynthesis|[silent]\n|switch|p1b: Mamoswine|Mamoswine, L50, F, shiny|100\/100\n|move|p2b: Chien-Pao|Protect|p2b: Chien-Pao\n|-singleturn|p2b: Chien-Pao|Protect\n|move|p2a: Tornadus|Bleakwind Storm|p1a: Arcanine|[spread] p1a,p1b\n|-damage|p1a: Arcanine|24\/100\n|-damage|p1b: Mamoswine|52\/100\n|-unboost|p1a: Arcanine|spe|1\n|-unboost|p1b: Mamoswine|spe|1\n|move|p1a: Arcanine|Tera Blast|p2b: Chien-Pao|[anim] Tera Blast Fairy\n|-activate|p2b: Chien-Pao|move: Protect\n|\n|-weather|RainDance|[upkeep]\n|-sideend|p2: qwertyslopmcflop|move: Tailwind\n|upkeep\n|turn|5\n|c| Choruto|I see a ping\n|c| Choruto|lmao\n|c|\u2606qwertyslopmcflop|e\n|\n|t:|1699787598\n|move|p2a: Tornadus|Tailwind|p2a: Tornadus\n|-sidestart|p2: qwertyslopmcflop|move: Tailwind\n|move|p1b: Mamoswine|Ice Shard|p2a: Tornadus\n|-supereffective|p2a: Tornadus\n|-damage|p2a: Tornadus|0 fnt\n|faint|p2a: Tornadus\n|move|p2b: Chien-Pao|Ice Spinner|p1a: Arcanine\n|-damage|p1a: Arcanine|0 fnt\n|faint|p1a: Arcanine\n|\n|-weather|RainDance|[upkeep]\n|upkeep\n|c| Choruto|I taught him the way of the urshifu torn\n|\n|t:|1699787607\n|switch|p1a: Flutter Mane|Flutter Mane, L50, shiny|66\/100\n|switch|p2a: Iron Hands|Iron Hands, L50|100\/100\n|turn|6\n|c| 4KuserVGC|bruh\n|c|\u2606faiRyVGC|gg\n|c| 4KuserVGC|:\\\n|\n|t:|1699787618\n|move|p1a: Flutter Mane|Protect|p1a: Flutter Mane\n|-singleturn|p1a: Flutter Mane|Protect\n|move|p2a: Iron Hands|Fake Out|p1b: Mamoswine\n|-damage|p1b: Mamoswine|30\/100\n|cant|p1b: Mamoswine|flinch\n|move|p2b: Chien-Pao|Ice Spinner|p1a: Flutter Mane\n|-activate|p1a: Flutter Mane|move: Protect\n|\n|-weather|none\n|upkeep\n|turn|7\n|\n|t:|1699787628\n|move|p1b: Mamoswine|Ice Shard|p2b: Chien-Pao\n|-resisted|p2b: Chien-Pao\n|-damage|p2b: Chien-Pao|85\/100\n|move|p2b: Chien-Pao|Ice Spinner|p1a: Flutter Mane\n|-damage|p1a: Flutter Mane|0 fnt\n|faint|p1a: Flutter Mane\n|-end|p1a: Flutter Mane|Protosynthesis|[silent]\n|move|p2a: Iron Hands|Drain Punch|p1b: Mamoswine\n|-supereffective|p1b: Mamoswine\n|-damage|p1b: Mamoswine|0 fnt\n|faint|p1b: Mamoswine\n|\n|win|qwertyslopmcflop\n|n|\u2606faiRyVGC|fairyvgc\n|n|\u2606qwertyslopmcflop|qwertyslopmcflop\n|n| 4KuserVGC|4kuservgc\n|n| deluluflutter|deluluflutter\n|n| KasperOfHoenn|kasperofhoenn\n|n| Choruto|choruto\n|n| Aylona|aylona\n","uploadtime":1699787629,"views":10,"p1id":"fairyvgc","p2id":"qwertyslopmcflop","formatid":"gen9vgc2023regulatione","rating":0,"private":0,"password":""}