{"id":"gen9vgc2023regulatione-1993526647","p1":"LuckyLyrical","p2":"eltlxee","format":"[Gen 9] VGC 2023 Regulation E","log":"|j|\u2606LuckyLyrical\n|j|\u2606eltlxee\n|n|\u2606LuckyLyrical|luckylyrical\n|n|\u2606eltlxee|eltlxee\n|html|View the match progress at <a href=\"\/game-bestof3-gen9vgc2023regulatione-1993518644\">game-bestof3-gen9vgc2023regulatione-1993518644<\/a>\n|t:|1700328152\n|gametype|doubles\n|player|p1|LuckyLyrical|brawly|\n|player|p2|eltlxee|265|\n|teamsize|p1|6\n|teamsize|p2|6\n|gen|9\n|tier|[Gen 9] VGC 2023 Regulation E\n|rule|Species Clause: Limit one of each Pok\u00e9mon\n|rule|Item Clause: Limit one of each item\n|clearpoke\n|poke|p1|Flutter Mane, L50|\n|poke|p1|Kommo-o, L50, M|\n|poke|p1|Torterra, L50, M|\n|poke|p1|Clefairy, L50, M|\n|poke|p1|Volcarona, L50, F|\n|poke|p1|Volbeat, L50, M|\n|poke|p2|Urshifu-*, L50, M|\n|poke|p2|Thundurus-Therian, L50, M|\n|poke|p2|Politoed, L50, M|\n|poke|p2|Brambleghast, L50, M|\n|poke|p2|Gardevoir, L50, M|\n|poke|p2|Tornadus, L50, M|\n|teampreview|4\neltlxee rejected open team sheets.\n|\n|t:|1700328199\n|start\n|switch|p1a: Torterra|Torterra, L50, M|100\/100\n|switch|p1b: Clefairy|Clefairy, L50, M|100\/100\n|switch|p2a: force|Tornadus, L50, M, shiny|100\/100\n|switch|p2b: bush|Brambleghast, L50, M|100\/100\n|turn|1\n|\n|t:|1700328249\n|-terastallize|p2b: bush|Ghost\n|-terastallize|p1a: Torterra|Steel\n|move|p1b: Clefairy|Helping Hand|p1a: Torterra\n|-singleturn|p1a: Torterra|Helping Hand|[of] p1b: Clefairy\n|move|p2a: force|Tailwind|p2a: force\n|-sidestart|p2: eltlxee|move: Tailwind\n|-ability|p2b: bush|Wind Rider|boost\n|-boost|p2b: bush|atk|1\n|move|p2b: bush|Poltergeist|p1b: Clefairy\n|-activate|p1b: Clefairy|move: Poltergeist|Eviolite\n|-damage|p1b: Clefairy|23\/100\n|move|p1a: Torterra|Rock Blast|p2b: bush\n|-damage|p2b: bush|80\/100\n|-damage|p2b: bush|58\/100\n|-damage|p2b: bush|37\/100\n|-damage|p2b: bush|17\/100\n|-hitcount|p2b: bush|4\n|\n|upkeep\n|turn|2\n|\n|t:|1700328308\n|move|p2b: bush|Protect|p2b: bush\n|-singleturn|p2b: bush|Protect\n|move|p1b: Clefairy|Protect|p1b: Clefairy\n|-singleturn|p1b: Clefairy|Protect\n|move|p2a: force|Bleakwind Storm|p1a: Torterra|[spread] p1a\n|-activate|p1b: Clefairy|move: Protect\n|-resisted|p1a: Torterra\n|-damage|p1a: Torterra|87\/100\n|move|p1a: Torterra|Rock Blast|p2a: force\n|-supereffective|p2a: force\n|-damage|p2a: force|80\/100\n|-supereffective|p2a: force\n|-damage|p2a: force|57\/100\n|-supereffective|p2a: force\n|-damage|p2a: force|34\/100\n|-supereffective|p2a: force\n|-crit|p2a: force\n|-damage|p2a: force|2\/100\n|-supereffective|p2a: force\n|-damage|p2a: force|0 fnt\n|faint|p2a: force\n|-hitcount|p2: force|5\n|\n|upkeep\n|\n|t:|1700328337\n|switch|p2a: strike|Thundurus-Therian, L50, M|100\/100\n|turn|3\n|\n|t:|1700328389\n|move|p1b: Clefairy|Follow Me|p1b: Clefairy\n|-singleturn|p1b: Clefairy|move: Follow Me\n|move|p2a: strike|Wildbolt Storm|p1a: Torterra|[spread] p1a,p1b\n|-damage|p1a: Torterra|46\/100\n|-damage|p1b: Clefairy|0 fnt\n|faint|p1b: Clefairy\n|-damage|p2a: strike|91\/100|[from] item: Life Orb\n|move|p2b: bush|Poltergeist|p1a: Torterra\n|-activate|p1a: Torterra|move: Poltergeist|Loaded Dice\n|-damage|p1a: Torterra|0 fnt\n|faint|p1a: Torterra\n|\n|upkeep\n|\n|t:|1700328401\n|switch|p1a: Flutter Mane|Flutter Mane, L50|100\/100\n|switch|p1b: Volcarona|Volcarona, L50, F|100\/100\n|-enditem|p1a: Flutter Mane|Booster Energy\n|-activate|p1a: Flutter Mane|ability: Protosynthesis|[fromitem]\n|-start|p1a: Flutter Mane|protosynthesisspe\n|turn|4\n|\n|t:|1700328506\n|move|p1a: Flutter Mane|Protect|p1a: Flutter Mane\n|-singleturn|p1a: Flutter Mane|Protect\n|move|p1b: Volcarona|Protect|p1b: Volcarona\n|-singleturn|p1b: Volcarona|Protect\n|move|p2a: strike|Wildbolt Storm|p1b: Volcarona|[spread] \n|-activate|p1a: Flutter Mane|move: Protect\n|-activate|p1b: Volcarona|move: Protect\n|move|p2b: bush|Poltergeist|p1b: Volcarona\n|-activate|p1b: Volcarona|move: Protect\n|\n|-sideend|p2: eltlxee|move: Tailwind\n|upkeep\n|turn|5\n|\n|t:|1700328572\n|move|p2b: bush|Shadow Sneak|p1a: Flutter Mane\n|-supereffective|p1a: Flutter Mane\n|-damage|p1a: Flutter Mane|0 fnt\n|faint|p1a: Flutter Mane\n|-end|p1a: Flutter Mane|Protosynthesis|[silent]\n|move|p2a: strike|Wildbolt Storm|p1b: Volcarona\n|-damage|p1b: Volcarona|35\/100\n|-enditem|p1b: Volcarona|Sitrus Berry|[eat]\n|-heal|p1b: Volcarona|60\/100|[from] item: Sitrus Berry\n|-damage|p2a: strike|81\/100|[from] item: Life Orb\n|move|p1b: Volcarona|Quiver Dance|p1b: Volcarona\n|-boost|p1b: Volcarona|spa|1\n|-boost|p1b: Volcarona|spd|1\n|-boost|p1b: Volcarona|spe|1\n|\n|upkeep\n|turn|6\n|\n|t:|1700328599\n|move|p2b: bush|Shadow Sneak|p1b: Volcarona\n|-damage|p1b: Volcarona|7\/100\n|move|p1b: Volcarona|Heat Wave|p2a: strike|[spread] p2a\n|-ability|p2b: bush|Wind Rider|boost\n|-boost|p2b: bush|atk|1\n|-damage|p2a: strike|10\/100\n|move|p2a: strike|Volt Switch|p1b: Volcarona\n|-damage|p1b: Volcarona|0 fnt\n|faint|p1b: Volcarona\n|-damage|p2a: strike|0 fnt|[from] item: Life Orb\n|faint|p2a: strike\n|\n|win|eltlxee\n|c|\u2606LuckyLyrical|gg!\n|c|\u2606eltlxee|ggs\n|c|\u2606LuckyLyrical|Last mon in the back?\n|c|\u2606eltlxee|it was urshi\n","uploadtime":1700328698,"views":11,"p1id":"luckylyrical","p2id":"eltlxee","formatid":"gen9vgc2023regulatione","rating":0,"private":0,"password":""}