{"id":"gen9vgc2023regulatione-2000156340","p1":"Astano","p2":"Slterry10","format":"[Gen 9] VGC 2023 Regulation E","log":"|j|\u2606Astano\n|j|\u2606Slterry10\n|t:|1701164531\n|gametype|doubles\n|player|p1|Astano|102|1172\n|player|p2|Slterry10|wallace|1128\n|teamsize|p1|6\n|teamsize|p2|6\n|gen|9\n|tier|[Gen 9] VGC 2023 Regulation E\n|rated|\n|rule|Species Clause: Limit one of each Pok\u00e9mon\n|rule|Item Clause: Limit one of each item\n|clearpoke\n|poke|p1|Cresselia, L50, F|\n|poke|p1|Flutter Mane, L50|\n|poke|p1|Iron Hands, L50|\n|poke|p1|Ursaluna, L50, F|\n|poke|p1|Sinistcha, L50|\n|poke|p1|Heatran, L50, F|\n|poke|p2|Gholdengo, L50|\n|poke|p2|Iron Hands, L50|\n|poke|p2|Amoonguss, L50, M|\n|poke|p2|Iron Bundle, L50|\n|poke|p2|Pelipper, L50, M|\n|poke|p2|Salamence, L50, F|\n|teampreview|4\nAstano has agreed to open team sheets.\n|inactive|Battle timer is ON: inactive players will automatically lose when time's up. (requested by Astano)\n|\n|t:|1701164567\n|start\n|switch|p1a: Cresselia|Cresselia, L50, F|100\/100\n|switch|p1b: Iron Hands|Iron Hands, L50|100\/100\n|switch|p2a: Gholdengo|Gholdengo, L50|100\/100\n|switch|p2b: Iron Hands|Iron Hands, L50|100\/100\n|turn|1\n|\n|t:|1701164584\n|switch|p1a: Sinistcha|Sinistcha, L50|100\/100\n|move|p2b: Iron Hands|Fake Out|p1a: Sinistcha\n|-immune|p1a: Sinistcha\n|move|p2a: Gholdengo|Shadow Ball|p1a: Sinistcha\n|-supereffective|p1a: Sinistcha\n|-damage|p1a: Sinistcha|2\/100\n|move|p1b: Iron Hands|Drain Punch|p2b: Iron Hands\n|-damage|p2b: Iron Hands|74\/100\n|\n|upkeep\n|turn|2\n|\n|t:|1701164606\n|move|p2a: Gholdengo|Nasty Plot|p2a: Gholdengo\n|-boost|p2a: Gholdengo|spa|2\n|move|p1a: Sinistcha|Matcha Gotcha|p2a: Gholdengo|[spread] p2a,p2b\n|-resisted|p2a: Gholdengo\n|-damage|p2a: Gholdengo|85\/100\n|-heal|p1a: Sinistcha|9\/100|[from] drain|[of] p2a: Gholdengo\n|-damage|p2b: Iron Hands|58\/100\n|-heal|p1a: Sinistcha|21\/100|[from] drain|[of] p2b: Iron Hands\n|-status|p2a: Gholdengo|brn\n|move|p2b: Iron Hands|Heavy Slam|p1a: Sinistcha\n|-damage|p1a: Sinistcha|0 fnt\n|-damage|p2b: Iron Hands|41\/100|[from] item: Rocky Helmet|[of] p1a: Sinistcha\n|faint|p1a: Sinistcha\n|move|p1b: Iron Hands|Drain Punch|p2b: Iron Hands\n|-damage|p2b: Iron Hands|15\/100\n|\n|-heal|p2a: Gholdengo|91\/100 brn|[from] item: Leftovers\n|-damage|p2a: Gholdengo|85\/100 brn|[from] brn\n|upkeep\n|\n|t:|1701164623\n|switch|p1a: Cresselia|Cresselia, L50, F|100\/100\n|turn|3\n|\n|t:|1701164639\n|-terastallize|p1a: Cresselia|Fairy\n|move|p2a: Gholdengo|Shadow Ball|p1a: Cresselia\n|-damage|p1a: Cresselia|45\/100\n|move|p2b: Iron Hands|Drain Punch|p1b: Iron Hands\n|-damage|p1b: Iron Hands|70\/100\n|-heal|p2b: Iron Hands|31\/100|[from] drain|[of] p1b: Iron Hands\n|move|p1b: Iron Hands|Heavy Slam|p2a: Gholdengo\n|-resisted|p2a: Gholdengo\n|-damage|p2a: Gholdengo|64\/100 brn\n|move|p1a: Cresselia|Trick Room|p1a: Cresselia\n|-fieldstart|move: Trick Room|[of] p1a: Cresselia\n|\n|-heal|p2a: Gholdengo|70\/100 brn|[from] item: Leftovers\n|-damage|p2a: Gholdengo|64\/100 brn|[from] brn\n|upkeep\n|turn|4\n|\n|t:|1701164656\n|move|p2a: Gholdengo|Protect|p2a: Gholdengo\n|-singleturn|p2a: Gholdengo|Protect\n|move|p1b: Iron Hands|Heavy Slam|p2a: Gholdengo\n|-activate|p2a: Gholdengo|move: Protect\n|move|p2b: Iron Hands|Heavy Slam|p1a: Cresselia\n|-supereffective|p1a: Cresselia\n|-damage|p1a: Cresselia|0 fnt\n|faint|p1a: Cresselia\n|\n|-heal|p2a: Gholdengo|70\/100 brn|[from] item: Leftovers\n|-damage|p2a: Gholdengo|64\/100 brn|[from] brn\n|upkeep\n|\n|t:|1701164658\n|switch|p1a: Ursaluna|Ursaluna, L50, F|100\/100\n|turn|5\n|\n|t:|1701164681\n|move|p1a: Ursaluna|Protect|p1a: Ursaluna\n|-singleturn|p1a: Ursaluna|Protect\n|move|p1b: Iron Hands|Drain Punch|p2b: Iron Hands\n|-crit|p2b: Iron Hands\n|-damage|p2b: Iron Hands|0 fnt\n|-heal|p1b: Iron Hands|85\/100|[from] drain|[of] p2b: Iron Hands\n|faint|p2b: Iron Hands\n|-end|p2b: Iron Hands|Quark Drive|[silent]\n|move|p2a: Gholdengo|Make It Rain|p1b: Iron Hands|[spread] p1b\n|-activate|p1a: Ursaluna|move: Protect\n|-resisted|p1b: Iron Hands\n|-damage|p1b: Iron Hands|62\/100\n|-unboost|p2a: Gholdengo|spa|1\n|\n|-heal|p2a: Gholdengo|70\/100 brn|[from] item: Leftovers\n|-damage|p2a: Gholdengo|64\/100 brn|[from] brn\n|-status|p1a: Ursaluna|brn|[from] item: Flame Orb\n|upkeep\n|\n|t:|1701164690\n|switch|p2b: Salamence|Salamence, L50, F|100\/100\n|-ability|p2b: Salamence|Intimidate|boost\n|-unboost|p1a: Ursaluna|atk|1\n|-unboost|p1b: Iron Hands|atk|1\n|turn|6\n|\n|t:|1701164709\n|move|p1a: Ursaluna|Facade|p2b: Salamence\n|-damage|p2b: Salamence|0 fnt\n|faint|p2b: Salamence\n|move|p1b: Iron Hands|Wild Charge|p2a: Gholdengo\n|-damage|p2a: Gholdengo|30\/100 brn\n|-damage|p1b: Iron Hands|55\/100|[from] Recoil\n|move|p2a: Gholdengo|Shadow Ball|p1a: Ursaluna\n|-immune|p1a: Ursaluna\n|\n|-heal|p2a: Gholdengo|36\/100 brn|[from] item: Leftovers\n|-damage|p1a: Ursaluna|95\/100 brn|[from] brn\n|-damage|p2a: Gholdengo|30\/100 brn|[from] brn\n|upkeep\n|\n|t:|1701164719\n|switch|p2b: Amoonguss|Amoonguss, L50, M|100\/100\n|turn|7\n|\n|t:|1701164730\n|move|p2b: Amoonguss|Spore|p1b: Iron Hands\n|-status|p1b: Iron Hands|slp|[from] move: Spore\n|move|p1a: Ursaluna|Facade|p2b: Amoonguss\n|-damage|p2b: Amoonguss|35\/100\n|-enditem|p2b: Amoonguss|Sitrus Berry|[eat]\n|-heal|p2b: Amoonguss|60\/100|[from] item: Sitrus Berry\n|cant|p1b: Iron Hands|slp\n|move|p2a: Gholdengo|Make It Rain|p1b: Iron Hands|[spread] p1a,p1b\n|-resisted|p1b: Iron Hands\n|-damage|p1a: Ursaluna|25\/100 brn\n|-damage|p1b: Iron Hands|38\/100 slp\n|-unboost|p2a: Gholdengo|spa|1\n|\n|-heal|p2a: Gholdengo|36\/100 brn|[from] item: Leftovers\n|-damage|p1a: Ursaluna|19\/100 brn|[from] brn\n|-damage|p2a: Gholdengo|30\/100 brn|[from] brn\n|-fieldend|move: Trick Room\n|upkeep\n|turn|8\n|inactive|Slterry10 has 30 seconds left.\n|\n|t:|1701164756\n|move|p1a: Ursaluna|Protect|p1a: Ursaluna\n|-singleturn|p1a: Ursaluna|Protect\n|move|p2b: Amoonguss|Rage Powder|p2b: Amoonguss\n|-singleturn|p2b: Amoonguss|move: Rage Powder\n|move|p2a: Gholdengo|Make It Rain|p1a: Ursaluna|[spread] p1b\n|-activate|p1a: Ursaluna|move: Protect\n|-resisted|p1b: Iron Hands\n|-damage|p1b: Iron Hands|26\/100 slp\n|-unboost|p2a: Gholdengo|spa|1\n|-curestatus|p1b: Iron Hands|slp|[msg]\n|move|p1b: Iron Hands|Wild Charge|p2b: Amoonguss\n|-resisted|p2b: Amoonguss\n|-damage|p2b: Amoonguss|47\/100\n|-damage|p1b: Iron Hands|23\/100|[from] Recoil\n|\n|-heal|p2a: Gholdengo|36\/100 brn|[from] item: Leftovers\n|-damage|p2a: Gholdengo|30\/100 brn|[from] brn\n|-damage|p1a: Ursaluna|13\/100 brn|[from] brn\n|upkeep\n|turn|9\n|\n|t:|1701164769\n|move|p2b: Amoonguss|Rage Powder|p2b: Amoonguss\n|-singleturn|p2b: Amoonguss|move: Rage Powder\n|move|p2a: Gholdengo|Nasty Plot|p2a: Gholdengo\n|-boost|p2a: Gholdengo|spa|2\n|move|p1b: Iron Hands|Drain Punch|p2b: Amoonguss\n|-resisted|p2b: Amoonguss\n|-damage|p2b: Amoonguss|36\/100\n|-heal|p1b: Iron Hands|28\/100|[from] drain|[of] p2b: Amoonguss\n|move|p1a: Ursaluna|Facade|p2b: Amoonguss\n|-crit|p2b: Amoonguss\n|-damage|p2b: Amoonguss|0 fnt\n|faint|p2b: Amoonguss\n|\n|-heal|p2a: Gholdengo|36\/100 brn|[from] item: Leftovers\n|-damage|p2a: Gholdengo|30\/100 brn|[from] brn\n|-damage|p1a: Ursaluna|7\/100 brn|[from] brn\n|upkeep\n|turn|10\n|\n|t:|1701164783\n|-terastallize|p2a: Gholdengo|Dragon\n|move|p2a: Gholdengo|Make It Rain|p1b: Iron Hands|[spread] p1a,p1b\n|-resisted|p1b: Iron Hands\n|-damage|p1a: Ursaluna|0 fnt\n|-damage|p1b: Iron Hands|11\/100\n|-unboost|p2a: Gholdengo|spa|1\n|faint|p1a: Ursaluna\n|move|p1b: Iron Hands|Wild Charge|p2a: Gholdengo\n|-resisted|p2a: Gholdengo\n|-damage|p2a: Gholdengo|12\/100 brn\n|-damage|p1b: Iron Hands|8\/100|[from] Recoil\n|\n|-heal|p2a: Gholdengo|18\/100 brn|[from] item: Leftovers\n|-damage|p2a: Gholdengo|12\/100 brn|[from] brn\n|upkeep\n|turn|11\n|c|\u2606Astano|gg\n|\n|t:|1701164799\n|move|p2a: Gholdengo|Shadow Ball|p1b: Iron Hands\n|-damage|p1b: Iron Hands|0 fnt\n|faint|p1b: Iron Hands\n|-end|p1b: Iron Hands|Quark Drive|[silent]\n|\n|win|Slterry10\n|raw|Astano's rating: 1172 &rarr; <strong>1144<\/strong><br \/>(-28 for losing)\n|raw|Slterry10's rating: 1128 &rarr; <strong>1156<\/strong><br \/>(+28 for winning)\n","uploadtime":1701164802,"views":4,"p1id":"astano","p2id":"slterry10","formatid":"gen9vgc2023regulatione","rating":1144,"private":0,"password":""}