{"id":"gen9vgc2023regulatione-1995600757","p1":"Raruto111","p2":"ulomomu","format":"[Gen 9] VGC 2023 Regulation E","log":"|j|\u2606Raruto111\n|j|\u2606ulomomu\n|t:|1700586439\n|gametype|doubles\n|player|p1|Raruto111|265|1216\n|player|p2|ulomomu|juggler|1264\n|teamsize|p1|6\n|teamsize|p2|6\n|gen|9\n|tier|[Gen 9] VGC 2023 Regulation E\n|rated|\n|rule|Species Clause: Limit one of each Pok\u00e9mon\n|rule|Item Clause: Limit one of each item\n|clearpoke\n|poke|p1|Ogerpon, L50, F|\n|poke|p1|Arcanine-Hisui, L50, M|\n|poke|p1|Roaring Moon, L50|\n|poke|p1|Gholdengo, L50|\n|poke|p1|Thundurus-Therian, L50, M|\n|poke|p1|Urshifu-*, L50, F|\n|poke|p2|Annihilape, L50, F|\n|poke|p2|Sinistcha, L50|\n|poke|p2|Sableye, L50, M|\n|poke|p2|Landorus, L50, M|\n|poke|p2|Arcanine-Hisui, L50, F|\n|poke|p2|Iron Bundle, L50|\n|teampreview|4\n|inactive|Battle timer is ON: inactive players will automatically lose when time's up. (requested by Raruto111)\nRaruto111 has agreed to open team sheets.\nulomomu rejected open team sheets.\n|inactive|ulomomu has 60 seconds left.\n|inactive|ulomomu has 30 seconds left.\n|\n|t:|1700586508\n|start\n|switch|p1a: Roaring Moon|Roaring Moon, L50|100\/100\n|switch|p1b: Thundurus|Thundurus-Therian, L50, M|100\/100\n|switch|p2a: Sableye|Sableye, L50, M|100\/100\n|switch|p2b: Iron Bundle|Iron Bundle, L50|100\/100\n|-enditem|p1a: Roaring Moon|Booster Energy\n|-activate|p1a: Roaring Moon|ability: Protosynthesis|[fromitem]\n|-start|p1a: Roaring Moon|protosynthesisspe\n|-enditem|p2b: Iron Bundle|Booster Energy\n|-activate|p2b: Iron Bundle|ability: Quark Drive|[fromitem]\n|-start|p2b: Iron Bundle|quarkdrivespe\n|turn|1\n|inactive|Raruto111 has 30 seconds left.\n|inactive|ulomomu has 30 seconds left.\n|\n|t:|1700586536\n|move|p2a: Sableye|Light Screen|p2a: Sableye\n|-sidestart|p2: ulomomu|move: Light Screen\n|move|p1a: Roaring Moon|Breaking Swipe|p2a: Sableye|[spread] p2a,p2b\n|-damage|p2a: Sableye|64\/100\n|-damage|p2b: Iron Bundle|78\/100\n|-unboost|p2a: Sableye|atk|1\n|-unboost|p2b: Iron Bundle|atk|1\n|move|p2b: Iron Bundle|Taunt|p1a: Roaring Moon\n|-start|p1a: Roaring Moon|move: Taunt\n|move|p1b: Thundurus|Wildbolt Storm|p2b: Iron Bundle|[spread] p2a,p2b\n|-supereffective|p2b: Iron Bundle\n|-damage|p2a: Sableye|35\/100\n|-damage|p2b: Iron Bundle|0 fnt\n|-status|p2a: Sableye|par\n|faint|p2b: Iron Bundle\n|-end|p2b: Iron Bundle|Quark Drive|[silent]\n|\n|upkeep\n|\n|t:|1700586551\n|switch|p2b: Landorus|Landorus, L50, M|100\/100\n|turn|2\n|inactive|Raruto111 has 30 seconds left.\n|inactive|ulomomu has 30 seconds left.\n|\n|t:|1700586582\n|move|p2a: Sableye|Encore|p1b: Thundurus\n|-start|p1b: Thundurus|Encore\n|move|p1a: Roaring Moon|Breaking Swipe|p2a: Sableye|[spread] p2a,p2b\n|-damage|p2a: Sableye|2\/100 par\n|-damage|p2b: Landorus|76\/100\n|-unboost|p2a: Sableye|atk|1\n|-unboost|p2b: Landorus|atk|1\n|move|p1b: Thundurus|Wildbolt Storm|p2a: Sableye|[spread] \n|-immune|p2b: Landorus\n|-miss|p1b: Thundurus|p2a: Sableye\n|move|p2b: Landorus|Nasty Plot|p2b: Landorus\n|-boost|p2b: Landorus|spa|2\n|\n|upkeep\n|turn|3\n|inactive|Raruto111 has 30 seconds left.\n|inactive|ulomomu has 30 seconds left.\n|inactive|Raruto111 has 20 seconds left.\n|\n|t:|1700586621\n|switch|p1b: Gholdengo|Gholdengo, L50|100\/100\n|switch|p2a: Sinistcha|Sinistcha, L50|100\/100\n|-heal|p2b: Landorus|100\/100|[from] ability: Hospitality|[of] p2a: Sinistcha\n|move|p1a: Roaring Moon|Breaking Swipe|p2a: Sinistcha|[spread] p2a,p2b\n|-crit|p2b: Landorus\n|-damage|p2a: Sinistcha|80\/100\n|-damage|p2b: Landorus|64\/100\n|-unboost|p2a: Sinistcha|atk|1\n|-unboost|p2b: Landorus|atk|1\n|-damage|p1a: Roaring Moon|84\/100|[from] item: Rocky Helmet|[of] p2a: Sinistcha\n|move|p2b: Landorus|Sludge Bomb|p1a: Roaring Moon\n|-damage|p1a: Roaring Moon|0 fnt\n|faint|p1a: Roaring Moon\n|-end|p1a: Roaring Moon|Protosynthesis|[silent]\n|\n|upkeep\n|\n|t:|1700586638\n|switch|p1a: Ogerpon|Ogerpon, L50, F|100\/100\n|turn|4\n|\n|t:|1700586660\n|-terastallize|p2b: Landorus|Poison\n|move|p1a: Ogerpon|Spiky Shield|p1a: Ogerpon\n|-singleturn|p1a: Ogerpon|move: Protect\n|move|p2b: Landorus|Sandsear Storm|p1a: Ogerpon|[spread] p1b\n|-activate|p1a: Ogerpon|move: Protect\n|-supereffective|p1b: Gholdengo\n|-damage|p1b: Gholdengo|0 fnt\n|faint|p1b: Gholdengo\n|move|p2a: Sinistcha|Trick Room|p2a: Sinistcha\n|-fieldstart|move: Trick Room|[of] p2a: Sinistcha\n|\n|upkeep\n|\n|t:|1700586670\n|switch|p1b: Thundurus|Thundurus-Therian, L50, M|100\/100\n|turn|5\n|inactive|ulomomu has 30 seconds left.\n|\n|t:|1700586697\n|switch|p2a: Sableye|Sableye, L50, M|2\/100 par\n|move|p2b: Landorus|Sludge Bomb|p1a: Ogerpon\n|-supereffective|p1a: Ogerpon\n|-damage|p1a: Ogerpon|0 fnt\n|faint|p1a: Ogerpon\n|move|p1b: Thundurus|Wildbolt Storm|p2a: Sableye|[spread] p2a,p2b\n|-crit|p2a: Sableye\n|-damage|p2a: Sableye|0 fnt\n|-damage|p2b: Landorus|32\/100\n|faint|p2a: Sableye\n|\n|-sideend|p2: ulomomu|move: Light Screen\n|upkeep\n|\n|t:|1700586708\n|switch|p2a: Sinistcha|Sinistcha, L50|80\/100\n|-heal|p2b: Landorus|57\/100|[from] ability: Hospitality|[of] p2a: Sinistcha\n|turn|6\n|\n|t:|1700586716\n|move|p2a: Sinistcha|Life Dew|p2a: Sinistcha|[spread] p2a,p2b\n|-heal|p2a: Sinistcha|100\/100\n|-heal|p2b: Landorus|82\/100\n|move|p1b: Thundurus|Wildbolt Storm|p2b: Landorus|[spread] p2a\n|-miss|p1b: Thundurus|p2b: Landorus\n|-resisted|p2a: Sinistcha\n|-damage|p2a: Sinistcha|82\/100\n|move|p2b: Landorus|Sludge Bomb|p1b: Thundurus\n|-damage|p1b: Thundurus|0 fnt\n|faint|p1b: Thundurus\n|\n|win|ulomomu\n|raw|Raruto111's rating: 1216 &rarr; <strong>1194<\/strong><br \/>(-22 for losing)\n|raw|ulomomu's rating: 1264 &rarr; <strong>1286<\/strong><br \/>(+22 for winning)\n|l|\u2606Raruto111\n","uploadtime":1700586735,"views":14,"p1id":"raruto111","p2id":"ulomomu","formatid":"gen9vgc2023regulatione","rating":1194,"private":0,"password":""}