{"id":"gen9vgc2023regulatione-1998765682","p1":"COLSSJ","p2":"12laudaa","format":"[Gen 9] VGC 2023 Regulation E","log":"|j|\u2606COLSSJ\n|j|\u260612laudaa\n|t:|1700986241\n|gametype|doubles\n|player|p1|COLSSJ|1|1118\n|player|p2|12laudaa|170|1114\n|teamsize|p1|6\n|teamsize|p2|6\n|gen|9\n|tier|[Gen 9] VGC 2023 Regulation E\n|rated|\n|rule|Species Clause: Limit one of each Pok\u00e9mon\n|rule|Item Clause: Limit one of each item\n|clearpoke\n|poke|p1|Snorlax, L50, M|\n|poke|p1|Empoleon, L50, M|\n|poke|p1|Gengar, L50, M|\n|poke|p1|Cresselia, L50, F|\n|poke|p1|Infernape, L50, F|\n|poke|p1|Garchomp, L50, F|\n|poke|p2|Roaring Moon, L50|\n|poke|p2|Lilligant, L50, F|\n|poke|p2|Tornadus, L50, M|\n|poke|p2|Landorus-Therian, L50, M|\n|poke|p2|Chandelure, L50, M|\n|poke|p2|Torkoal, L50, M|\n|teampreview|4\n|\n|t:|1700986289\n|start\n|switch|p1a: Cresselia|Cresselia, L50, F|100\/100\n|switch|p1b: Snorlax|Snorlax, L50, M|100\/100\n|switch|p2a: Sumire|Lilligant, L50, F|100\/100\n|switch|p2b: Torkoal|Torkoal, L50, M|100\/100\n|-weather|SunnyDay|[from] ability: Drought|[of] p2b: Torkoal\n|turn|1\n|\n|t:|1700986328\n|-terastallize|p2b: Torkoal|Fire\n|move|p2a: Sumire|After You|p2b: Torkoal\n|-activate|p2b: Torkoal|move: After You\n|move|p2b: Torkoal|Eruption|p1a: Cresselia|[spread] p1a,p1b\n|-damage|p1a: Cresselia|38\/100\n|-damage|p1b: Snorlax|37\/100\n|-enditem|p1b: Snorlax|Aguav Berry|[eat]\n|-heal|p1b: Snorlax|70\/100|[from] item: Aguav Berry\n|move|p1a: Cresselia|Lunar Blessing|p1a: Cresselia|[spread] p1a,p1b\n|-heal|p1a: Cresselia|63\/100\n|-heal|p1b: Snorlax|94\/100\n|move|p1b: Snorlax|High Horsepower|p2b: Torkoal\n|-supereffective|p2b: Torkoal\n|-damage|p2b: Torkoal|60\/100\n|\n|-weather|SunnyDay|[upkeep]\n|-heal|p1a: Cresselia|69\/100|[from] item: Leftovers\n|upkeep\n|turn|2\n|\n|t:|1700986356\n|move|p2a: Sumire|Sleep Powder|p1a: Cresselia\n|-status|p1a: Cresselia|slp|[from] move: Sleep Powder\n|cant|p1a: Cresselia|slp\n|move|p1b: Snorlax|Belly Drum|p1b: Snorlax\n|-damage|p1b: Snorlax|44\/100\n|-setboost|p1b: Snorlax|atk|6|[from] move: Belly Drum\n|move|p2b: Torkoal|Heat Wave|p1a: Cresselia|[spread] p1a\n|-miss|p2b: Torkoal|p1b: Snorlax\n|-damage|p1a: Cresselia|32\/100 slp\n|\n|-weather|SunnyDay|[upkeep]\n|-heal|p1a: Cresselia|38\/100 slp|[from] item: Leftovers\n|upkeep\n|turn|3\n|\n|t:|1700986380\n|move|p2a: Sumire|Sleep Powder|p1b: Snorlax\n|-status|p1b: Snorlax|slp|[from] move: Sleep Powder\n|cant|p1a: Cresselia|slp\n|cant|p1b: Snorlax|slp\n|move|p2b: Torkoal|Heat Wave|p1a: Cresselia|[spread] p1a,p1b\n|-damage|p1a: Cresselia|1\/100 slp\n|-damage|p1b: Snorlax|0 fnt\n|faint|p1b: Snorlax\n|\n|-weather|SunnyDay|[upkeep]\n|-heal|p1a: Cresselia|7\/100 slp|[from] item: Leftovers\n|upkeep\n|\n|t:|1700986385\n|switch|p1b: Garchomp|Garchomp, L50, F|100\/100\n|turn|4\n|\n|t:|1700986397\n|move|p2a: Sumire|Sleep Powder|p1b: Garchomp\n|-status|p1b: Garchomp|slp|[from] move: Sleep Powder\n|cant|p1b: Garchomp|slp\n|-curestatus|p1a: Cresselia|slp|[msg]\n|move|p1a: Cresselia|Psychic|p2a: Sumire\n|-damage|p2a: Sumire|61\/100\n|move|p2b: Torkoal|Heat Wave|p1a: Cresselia|[spread] p1a,p1b\n|-resisted|p1b: Garchomp\n|-damage|p1a: Cresselia|0 fnt\n|-damage|p1b: Garchomp|82\/100 slp\n|faint|p1a: Cresselia\n|\n|-weather|SunnyDay|[upkeep]\n|upkeep\n|\n|t:|1700986401\n|switch|p1a: Infernape|Infernape, L50, F|100\/100\n|turn|5\n|\n|t:|1700986413\n|switch|p2b: RAWR|Landorus-Therian, L50, M, shiny|100\/100\n|-ability|p2b: RAWR|Intimidate|boost\n|-unboost|p1a: Infernape|atk|1\n|-unboost|p1b: Garchomp|atk|1\n|move|p2a: Sumire|Protect|p2a: Sumire\n|-singleturn|p2a: Sumire|Protect\n|move|p1a: Infernape|Fire Punch|p2a: Sumire\n|-activate|p2a: Sumire|move: Protect\n|cant|p1b: Garchomp|slp\n|\n|-weather|none\n|upkeep\n|turn|6\n|inactive|Battle timer is ON: inactive players will automatically lose when time's up. (requested by COLSSJ)\n|\n|t:|1700986426\n|switch|p2a: Torkoal|Torkoal, L50, M, tera:Fire|60\/100\n|-weather|SunnyDay|[from] ability: Drought|[of] p2a: Torkoal\n|move|p2b: RAWR|Stomping Tantrum|p1a: Infernape\n|-supereffective|p1a: Infernape\n|-damage|p1a: Infernape|0 fnt\n|faint|p1a: Infernape\n|cant|p1b: Garchomp|slp\n|\n|-weather|SunnyDay|[upkeep]\n|upkeep\n|turn|7\n|-message|COLSSJ forfeited.\n|\n|win|12laudaa\n|raw|COLSSJ's rating: 1118 &rarr; <strong>1093<\/strong><br \/>(-25 for losing)\n|raw|12laudaa's rating: 1114 &rarr; <strong>1139<\/strong><br \/>(+25 for winning)\n|l|\u2606COLSSJ\n","uploadtime":1700986433,"views":1,"p1id":"colssj","p2id":"12laudaa","formatid":"gen9vgc2023regulatione","rating":1093,"private":0,"password":""}