{"id":"gen9vgc2023regulatione-1991718455","p1":"Maaaak","p2":"WillieDangerously","format":"[Gen 9] VGC 2023 Regulation E","log":"|j|\u2606Maaaak\n|j|\u2606WillieDangerously\n|t:|1700106501\n|gametype|doubles\n|player|p1|Maaaak|sailor|1300\n|player|p2|WillieDangerously|101|1259\n|teamsize|p1|6\n|teamsize|p2|6\n|gen|9\n|tier|[Gen 9] VGC 2023 Regulation E\n|rated|\n|rule|Species Clause: Limit one of each Pok\u00e9mon\n|rule|Item Clause: Limit one of each item\n|clearpoke\n|poke|p1|Annihilape, L50, F|\n|poke|p1|Grimmsnarl, L50, M|\n|poke|p1|Sinistcha-Masterpiece, L50|\n|poke|p1|Landorus-Therian, L50, M|\n|poke|p1|Volcarona, L50, M|\n|poke|p1|Urshifu-*, L50, M|\n|poke|p2|Iron Hands, L50|\n|poke|p2|Iron Bundle, L50|\n|poke|p2|Sinistcha, L50|\n|poke|p2|Landorus-Therian, L50, M|\n|poke|p2|Heatran, L50, M|\n|poke|p2|Ninetales-Alola, L50, F|\n|teampreview|4\n|inactive|Battle timer is ON: inactive players will automatically lose when time's up. (requested by Maaaak)\n|inactive|Maaaak has 60 seconds left.\n|inactive|Maaaak has 30 seconds left.\n|inactive|Maaaak has 20 seconds left.\n|inactive|Maaaak has 15 seconds left.\n|\n|t:|1700106581\n|start\n|switch|p1a: Grimmsnarl|Grimmsnarl, L50, M, shiny|100\/100\n|switch|p1b: Annihilape|Annihilape, L50, F, shiny|100\/100\n|switch|p2a: Iron Bundle|Iron Bundle, L50|100\/100\n|switch|p2b: Iron Hands|Iron Hands, L50|100\/100\n|-enditem|p2a: Iron Bundle|Booster Energy\n|-activate|p2a: Iron Bundle|ability: Quark Drive|[fromitem]\n|-start|p2a: Iron Bundle|quarkdrivespe\n|turn|1\n|inactive|Maaaak has 30 seconds left.\n|inactive|WillieDangerously has 30 seconds left.\n|\n|t:|1700106611\n|-end|p2a: Iron Bundle|Quark Drive|[silent]\n|switch|p2a: Sinistcha|Sinistcha, L50|100\/100\n|move|p1b: Annihilape|Protect|p1b: Annihilape\n|-singleturn|p1b: Annihilape|Protect\n|move|p1a: Grimmsnarl|Scary Face|p2a: Sinistcha\n|-unboost|p2a: Sinistcha|spe|2\n|move|p2b: Iron Hands|Heavy Slam|p1a: Grimmsnarl\n|-supereffective|p1a: Grimmsnarl\n|-damage|p1a: Grimmsnarl|0 fnt\n|faint|p1a: Grimmsnarl\n|\n|upkeep\n|\n|t:|1700106625\n|switch|p1a: Sinistcha|Sinistcha-Masterpiece, L50|100\/100\n|turn|2\n|inactive|WillieDangerously has 30 seconds left.\n|\n|t:|1700106659\n|-terastallize|p1b: Annihilape|Fire\n|-terastallize|p2a: Sinistcha|Dark\n|move|p1b: Annihilape|Bulk Up|p1b: Annihilape\n|-boost|p1b: Annihilape|atk|1\n|-boost|p1b: Annihilape|def|1\n|move|p1a: Sinistcha|Strength Sap|p2b: Iron Hands\n|-unboost|p2b: Iron Hands|atk|1\n|move|p2b: Iron Hands|Heavy Slam|p1a: Sinistcha\n|-damage|p1a: Sinistcha|71\/100\n|move|p2a: Sinistcha|Shadow Ball|p1a: Sinistcha\n|-supereffective|p1a: Sinistcha\n|-damage|p1a: Sinistcha|3\/100\n|\n|upkeep\n|turn|3\n|inactive|WillieDangerously has 30 seconds left.\n|inactive|WillieDangerously has 20 seconds left.\n|inactive|WillieDangerously has 15 seconds left.\n|\n|t:|1700106701\n|-end|p2b: Iron Hands|Quark Drive|[silent]\n|switch|p2b: Ninetales|Ninetales-Alola, L50, F|100\/100\n|-weather|Snow|[from] ability: Snow Warning|[of] p2b: Ninetales\n|move|p1b: Annihilape|Drain Punch|p2a: Sinistcha\n|-supereffective|p2a: Sinistcha\n|-damage|p2a: Sinistcha|15\/100\n|-enditem|p2a: Sinistcha|Sitrus Berry|[eat]\n|-heal|p2a: Sinistcha|40\/100|[from] item: Sitrus Berry\n|move|p1a: Sinistcha|Strength Sap|p2b: Ninetales\n|-unboost|p2b: Ninetales|atk|1\n|-heal|p1a: Sinistcha|39\/100\n|move|p2a: Sinistcha|Shadow Ball|p1a: Sinistcha\n|-supereffective|p1a: Sinistcha\n|-damage|p1a: Sinistcha|0 fnt\n|faint|p1a: Sinistcha\n|\n|-weather|Snow|[upkeep]\n|upkeep\n|\n|t:|1700106720\n|switch|p1a: Urshifu|Urshifu-Rapid-Strike, L50, M|100\/100\n|turn|4\n|\n|t:|1700106744\n|move|p2a: Sinistcha|Rage Powder|p2a: Sinistcha\n|-singleturn|p2a: Sinistcha|move: Rage Powder\n|move|p2b: Ninetales|Aurora Veil|p2b: Ninetales\n|-sidestart|p2: WillieDangerously|move: Aurora Veil\n|move|p1a: Urshifu|Close Combat|p2a: Sinistcha\n|-supereffective|p2a: Sinistcha\n|-damage|p2a: Sinistcha|0 fnt\n|-unboost|p1a: Urshifu|def|1\n|-unboost|p1a: Urshifu|spd|1\n|faint|p2a: Sinistcha\n|move|p1b: Annihilape|Bulk Up|p1b: Annihilape\n|-boost|p1b: Annihilape|atk|1\n|-boost|p1b: Annihilape|def|1\n|\n|-weather|Snow|[upkeep]\n|upkeep\n|\n|t:|1700106754\n|switch|p2a: Iron Bundle|Iron Bundle, L50|100\/100\n|turn|5\n|\n|t:|1700106771\n|move|p1a: Urshifu|Detect|p1a: Urshifu\n|-singleturn|p1a: Urshifu|Protect\n|move|p2a: Iron Bundle|Hydro Pump|p1b: Annihilape\n|-supereffective|p1b: Annihilape\n|-damage|p1b: Annihilape|0 fnt\n|faint|p1b: Annihilape\n|move|p2b: Ninetales|Moonblast|p1a: Urshifu\n|-activate|p1a: Urshifu|move: Protect\n|\n|-weather|Snow|[upkeep]\n|upkeep\n|turn|6\n|-message|Maaaak forfeited.\n|\n|win|WillieDangerously\n|raw|Maaaak's rating: 1300 &rarr; <strong>1272<\/strong><br \/>(-28 for losing)\n|raw|WillieDangerously's rating: 1259 &rarr; <strong>1287<\/strong><br \/>(+28 for winning)\n|l|\u2606Maaaak\n","uploadtime":1700106783,"views":18,"p1id":"maaaak","p2id":"williedangerously","formatid":"gen9vgc2023regulatione","rating":1272,"private":0,"password":""}