{"id":"gen9vgc2023regulatione-1995189336","p1":"SalamanderSpeak","p2":"Moon7777","format":"[Gen 9] VGC 2023 Regulation E","log":"|j|\u2606SalamanderSpeak\n|j|\u2606Moon7777\n|t:|1700532605\n|gametype|doubles\n|player|p1|SalamanderSpeak|1|1366\n|player|p2|Moon7777|265|1421\n|teamsize|p1|6\n|teamsize|p2|6\n|gen|9\n|tier|[Gen 9] VGC 2023 Regulation E\n|rated|\n|rule|Species Clause: Limit one of each Pok\u00e9mon\n|rule|Item Clause: Limit one of each item\n|clearpoke\n|poke|p1|Annihilape, L50, F|\n|poke|p1|Rillaboom, L50, F|\n|poke|p1|Cresselia, L50, F|\n|poke|p1|Sinistcha-Masterpiece, L50|\n|poke|p1|Arcanine-Hisui, L50, M|\n|poke|p1|Kommo-o, L50, F|\n|poke|p2|Flutter Mane, L50|\n|poke|p2|Urshifu-*, L50, F|\n|poke|p2|Ogerpon-Wellspring, L50, F|\n|poke|p2|Iron Hands, L50|\n|poke|p2|Landorus, L50, M|\n|poke|p2|Arcanine-Hisui, L50, F|\n|teampreview|4\n|\n|t:|1700532634\n|start\n|switch|p1a: Annihilape|Annihilape, L50, F|100\/100\n|switch|p1b: Rillaboom|Rillaboom, L50, F|100\/100\n|switch|p2a: Iron Hands|Iron Hands, L50|100\/100\n|switch|p2b: Urshifu|Urshifu, L50, F|100\/100\n|-fieldstart|move: Grassy Terrain|[from] ability: Grassy Surge|[of] p1b: Rillaboom\n|turn|1\n|\n|t:|1700532666\n|move|p1b: Rillaboom|Fake Out|p2b: Urshifu\n|-damage|p2b: Urshifu|85\/100\n|cant|p2b: Urshifu|flinch\n|move|p1a: Annihilape|Drain Punch|p2b: Urshifu\n|-supereffective|p2b: Urshifu\n|-damage|p2b: Urshifu|12\/100\n|move|p2a: Iron Hands|Drain Punch|p1b: Rillaboom\n|-damage|p1b: Rillaboom|63\/100\n|\n|-heal|p2b: Urshifu|18\/100|[from] Grassy Terrain\n|-heal|p1b: Rillaboom|69\/100|[from] Grassy Terrain\n|upkeep\n|turn|2\n|\n|t:|1700532686\n|move|p2b: Urshifu|Protect|p2b: Urshifu\n|-singleturn|p2b: Urshifu|Protect\n|move|p1b: Rillaboom|Grassy Glide|p2b: Urshifu\n|-activate|p2b: Urshifu|move: Protect\n|move|p1a: Annihilape|Bulk Up|p1a: Annihilape\n|-boost|p1a: Annihilape|atk|1\n|-boost|p1a: Annihilape|def|1\n|move|p2a: Iron Hands|Drain Punch|p1b: Rillaboom\n|-damage|p1b: Rillaboom|30\/100\n|\n|-heal|p2b: Urshifu|24\/100|[from] Grassy Terrain\n|-heal|p1b: Rillaboom|36\/100|[from] Grassy Terrain\n|upkeep\n|turn|3\n|\n|t:|1700532708\n|move|p2b: Urshifu|Sucker Punch|p1b: Rillaboom\n|-damage|p1b: Rillaboom|0 fnt\n|faint|p1b: Rillaboom\n|move|p1a: Annihilape|Bulk Up|p1a: Annihilape\n|-boost|p1a: Annihilape|atk|1\n|-boost|p1a: Annihilape|def|1\n|move|p2a: Iron Hands|Wild Charge|p1a: Annihilape\n|-damage|p1a: Annihilape|77\/100\n|-damage|p2a: Iron Hands|96\/100|[from] Recoil\n|\n|-heal|p2b: Urshifu|31\/100|[from] Grassy Terrain\n|-heal|p1a: Annihilape|84\/100|[from] Grassy Terrain\n|-heal|p1a: Annihilape|90\/100|[from] item: Leftovers\n|-heal|p2a: Iron Hands|100\/100|[from] Grassy Terrain\n|upkeep\n|\n|t:|1700532724\n|switch|p1b: Arcanine|Arcanine-Hisui, L50, M|100\/100\n|-ability|p1b: Arcanine|Intimidate|boost\n|-unboost|p2a: Iron Hands|atk|1\n|-unboost|p2b: Urshifu|atk|1\n|turn|4\n|\n|t:|1700532742\n|-end|p2a: Iron Hands|Quark Drive|[silent]\n|switch|p2a: Arcanine|Arcanine-Hisui, L50, F|100\/100\n|-ability|p2a: Arcanine|Intimidate|boost\n|-unboost|p1a: Annihilape|atk|1\n|-ability|p1a: Annihilape|Defiant|boost\n|-boost|p1a: Annihilape|atk|2\n|-unboost|p1b: Arcanine|atk|1\n|move|p1b: Arcanine|Extreme Speed|p2b: Urshifu\n|-damage|p2b: Urshifu|0 fnt\n|faint|p2b: Urshifu\n|move|p1a: Annihilape|Drain Punch|p2a: Arcanine\n|-supereffective|p2a: Arcanine\n|-damage|p2a: Arcanine|0 fnt\n|-heal|p1a: Annihilape|100\/100|[from] drain|[of] p2a: Arcanine\n|faint|p2a: Arcanine\n|\n|upkeep\n|\n|t:|1700532754\n|switch|p2b: Landorus|Landorus, L50, M|100\/100\n|switch|p2a: Iron Hands|Iron Hands, L50|100\/100\n|turn|5\n|\n|t:|1700532773\n|move|p2a: Iron Hands|Fake Out|p1b: Arcanine\n|-resisted|p1b: Arcanine\n|-damage|p1b: Arcanine|94\/100\n|cant|p1b: Arcanine|flinch\n|move|p2b: Landorus|Earth Power|p1a: Annihilape\n|-damage|p1a: Annihilape|48\/100\n|move|p1a: Annihilape|Rage Fist|p2b: Landorus\n|-damage|p2b: Landorus|0 fnt\n|faint|p2b: Landorus\n|\n|-heal|p1a: Annihilape|54\/100|[from] Grassy Terrain\n|-heal|p1a: Annihilape|61\/100|[from] item: Leftovers\n|-heal|p1b: Arcanine|99\/100|[from] Grassy Terrain\n|-fieldend|move: Grassy Terrain\n|upkeep\n|turn|6\n|-message|Moon7777 forfeited.\n|\n|win|SalamanderSpeak\n|raw|SalamanderSpeak's rating: 1366 &rarr; <strong>1388<\/strong><br \/>(+22 for winning)\n|raw|Moon7777's rating: 1401 &rarr; <strong>1379<\/strong><br \/>(-22 for losing)\n|l|\u2606Moon7777\n|l|\u2606SalamanderSpeak\n|j|\u2606SalamanderSpeak\n|player|p1|SalamanderSpeak|1\n","uploadtime":1700532922,"views":4,"p1id":"salamanderspeak","p2id":"moon7777","formatid":"gen9vgc2023regulatione","rating":1379,"private":0,"password":""}