{"id":"gen9vgc2023regulatione-2000539215","p1":"Drubird","p2":"sabj","format":"[Gen 9] VGC 2023 Regulation E","log":"|j|\u2606Drubird\n|j|\u2606sabj\n|t:|1701203478\n|gametype|doubles\n|player|p1|Drubird|169|1202\n|player|p2|sabj|ingo|1272\n|teamsize|p1|6\n|teamsize|p2|6\n|gen|9\n|tier|[Gen 9] VGC 2023 Regulation E\n|rated|\n|rule|Species Clause: Limit one of each Pok\u00e9mon\n|rule|Item Clause: Limit one of each item\n|clearpoke\n|poke|p1|Kommo-o, L50, F|\n|poke|p1|Tyranitar, L50, M|\n|poke|p1|Rillaboom, L50, F|\n|poke|p1|Flutter Mane, L50|\n|poke|p1|Arcanine-Hisui, L50, F|\n|poke|p1|Iron Bundle, L50|\n|poke|p2|Ninetales-Alola, L50, F|\n|poke|p2|Baxcalibur, L50, M|\n|poke|p2|Landorus-Therian, L50, M|\n|poke|p2|Ogerpon-Wellspring, L50, F|\n|poke|p2|Volcarona, L50, M|\n|poke|p2|Urshifu-*, L50, F|\n|teampreview|4\nDrubird has agreed to open team sheets.\n|\n|t:|1701203527\n|start\n|switch|p1a: Arcanine|Arcanine-Hisui, L50, F|100\/100\n|switch|p1b: Tyranitar|Tyranitar, L50, M|100\/100\n|switch|p2a: Volcarona|Volcarona, L50, M|100\/100\n|switch|p2b: Landorus|Landorus-Therian, L50, M|100\/100\n|-ability|p1a: Arcanine|Intimidate|boost\n|-unboost|p2a: Volcarona|atk|1\n|-unboost|p2b: Landorus|atk|1\n|-ability|p2b: Landorus|Intimidate|boost\n|-unboost|p1a: Arcanine|atk|1\n|-unboost|p1b: Tyranitar|atk|1\n|-weather|Sandstorm|[from] ability: Sand Stream|[of] p1b: Tyranitar\n|turn|1\n|\n|t:|1701203591\n|-terastallize|p2a: Volcarona|Grass\n|-terastallize|p1b: Tyranitar|Psychic\n|move|p1a: Arcanine|Rock Slide|p2a: Volcarona|[spread] p2a,p2b\n|-damage|p2a: Volcarona|85\/100\n|-damage|p2b: Landorus|86\/100\n|move|p2a: Volcarona|Giga Drain|p1b: Tyranitar\n|-damage|p1b: Tyranitar|74\/100\n|-heal|p2a: Volcarona|98\/100|[from] drain|[of] p1b: Tyranitar\n|cant|p2b: Landorus|flinch\n|move|p1b: Tyranitar|Rock Slide|p2b: Landorus|[spread] p2a,p2b\n|-damage|p2a: Volcarona|74\/100\n|-damage|p2b: Landorus|64\/100\n|\n|-weather|Sandstorm|[upkeep]\n|-damage|p2a: Volcarona|68\/100|[from] Sandstorm\n|-damage|p1b: Tyranitar|68\/100|[from] Sandstorm\n|upkeep\n|turn|2\n|\n|t:|1701203626\n|switch|p2a: Urshifu|Urshifu, L50, F|100\/100\n|move|p1a: Arcanine|Rock Slide|p2b: Landorus|[spread] p2a,p2b\n|-resisted|p2a: Urshifu\n|-damage|p2a: Urshifu|94\/100\n|-damage|p2b: Landorus|49\/100\n|cant|p2b: Landorus|flinch\n|move|p1b: Tyranitar|Knock Off|p2b: Landorus\n|-damage|p2b: Landorus|9\/100\n|-enditem|p2b: Landorus|Assault Vest|[from] move: Knock Off|[of] p1b: Tyranitar\n|\n|-weather|Sandstorm|[upkeep]\n|-damage|p2a: Urshifu|88\/100|[from] Sandstorm\n|-damage|p1b: Tyranitar|62\/100|[from] Sandstorm\n|upkeep\n|turn|3\n|\n|t:|1701203662\n|switch|p2b: Ninetales|Ninetales-Alola, L50, F|100\/100\n|-weather|Snow|[from] ability: Snow Warning|[of] p2b: Ninetales\n|move|p2a: Urshifu|Wicked Blow|p1b: Tyranitar\n|-supereffective|p1b: Tyranitar\n|-crit|p1b: Tyranitar\n|-damage|p1b: Tyranitar|0 fnt\n|faint|p1b: Tyranitar\n|move|p1a: Arcanine|Rock Slide|p2b: Ninetales|[spread] p2b\n|-miss|p1a: Arcanine|p2a: Urshifu\n|-supereffective|p2b: Ninetales\n|-damage|p2b: Ninetales|71\/100\n|\n|-weather|Snow|[upkeep]\n|upkeep\n|\n|t:|1701203674\n|switch|p1b: Flutter Mane|Flutter Mane, L50|100\/100\n|turn|4\n|\n|t:|1701203693\n|move|p2a: Urshifu|Wicked Blow|p1b: Flutter Mane\n|-crit|p1b: Flutter Mane\n|-damage|p1b: Flutter Mane|0 fnt\n|faint|p1b: Flutter Mane\n|-end|p1b: Flutter Mane|Protosynthesis|[silent]\n|move|p2b: Ninetales|Icy Wind|p1a: Arcanine\n|-resisted|p1a: Arcanine\n|-damage|p1a: Arcanine|88\/100\n|-unboost|p1a: Arcanine|spe|1\n|move|p1a: Arcanine|Rock Slide|p2a: Urshifu|[spread] p2a,p2b\n|-resisted|p2a: Urshifu\n|-crit|p2a: Urshifu\n|-supereffective|p2b: Ninetales\n|-damage|p2a: Urshifu|72\/100\n|-damage|p2b: Ninetales|41\/100\n|\n|-weather|Snow|[upkeep]\n|upkeep\n|\n|t:|1701203698\n|switch|p1b: Iron Bundle|Iron Bundle, L50|100\/100\n|-enditem|p1b: Iron Bundle|Booster Energy\n|-activate|p1b: Iron Bundle|ability: Quark Drive|[fromitem]\n|-start|p1b: Iron Bundle|quarkdrivespe\n|turn|5\n|\n|t:|1701203736\n|switch|p2a: Landorus|Landorus-Therian, L50, M|9\/100\n|-ability|p2a: Landorus|Intimidate|boost\n|-unboost|p1a: Arcanine|atk|1\n|-unboost|p1b: Iron Bundle|atk|1\n|move|p1b: Iron Bundle|Hydro Pump|p2a: Landorus|[miss]\n|-miss|p1b: Iron Bundle|p2a: Landorus\n|move|p2b: Ninetales|Aurora Veil|p2b: Ninetales\n|-sidestart|p2: sabj|move: Aurora Veil\n|move|p1a: Arcanine|Flare Blitz|p2b: Ninetales\n|-supereffective|p2b: Ninetales\n|-damage|p2b: Ninetales|6\/100\n|-damage|p1a: Arcanine|80\/100|[from] Recoil\n|\n|-weather|Snow|[upkeep]\n|upkeep\n|turn|6\n|\n|t:|1701203755\n|move|p1b: Iron Bundle|Icy Wind|p2a: Landorus|[spread] p2a,p2b\n|-supereffective|p2a: Landorus\n|-resisted|p2b: Ninetales\n|-damage|p2a: Landorus|0 fnt\n|-damage|p2b: Ninetales|0 fnt\n|faint|p2a: Landorus\n|faint|p2b: Ninetales\n|move|p1a: Arcanine|Rock Slide|p2: Landorus|[notarget]\n|-fail|p1a: Arcanine\n|\n|-weather|Snow|[upkeep]\n|upkeep\n|\n|t:|1701203758\n|switch|p2b: Volcarona|Volcarona, L50, M, tera:Grass|68\/100\n|switch|p2a: Urshifu|Urshifu, L50, F|72\/100\n|turn|7\n|\n|t:|1701203783\n|move|p1b: Iron Bundle|Hydro Pump|p2a: Urshifu\n|-damage|p2a: Urshifu|23\/100\n|move|p2a: Urshifu|Close Combat|p1b: Iron Bundle\n|-supereffective|p1b: Iron Bundle\n|-damage|p1b: Iron Bundle|0 fnt\n|-unboost|p2a: Urshifu|def|1\n|-unboost|p2a: Urshifu|spd|1\n|faint|p1b: Iron Bundle\n|-end|p1b: Iron Bundle|Quark Drive|[silent]\n|move|p2b: Volcarona|Giga Drain|p1a: Arcanine\n|-damage|p1a: Arcanine|37\/100\n|-heal|p2b: Volcarona|92\/100|[from] drain|[of] p1a: Arcanine\n|-enditem|p1a: Arcanine|Sitrus Berry|[eat]\n|-heal|p1a: Arcanine|62\/100|[from] item: Sitrus Berry\n|move|p1a: Arcanine|Flare Blitz|p2b: Volcarona\n|-supereffective|p2b: Volcarona\n|-damage|p2b: Volcarona|58\/100\n|-damage|p1a: Arcanine|52\/100|[from] Recoil\n|\n|-weather|none\n|upkeep\n|turn|8\n|-message|Drubird forfeited.\n|\n|win|sabj\n|raw|Drubird's rating: 1202 &rarr; <strong>1182<\/strong><br \/>(-20 for losing)\n|raw|sabj's rating: 1272 &rarr; <strong>1292<\/strong><br \/>(+20 for winning)\n|l|\u2606Drubird\n","uploadtime":1701203805,"views":7,"p1id":"drubird","p2id":"sabj","formatid":"gen9vgc2023regulatione","rating":1182,"private":0,"password":""}