{"id":"gen9vgc2023regulatione-1988413438","p1":"NaisonD","p2":"Nehehkhara666","format":"[Gen 9] VGC 2023 Regulation E","log":"|j|\u2606NaisonD\n|j|\u2606Nehehkhara666\n|n|\u2606NaisonD|naisond\n|n|\u2606Nehehkhara666|nehehkhara666\n|html|View the match progress at <a href=\"\/game-bestof3-gen9vgc2023regulatione-1988413437\">game-bestof3-gen9vgc2023regulatione-1988413437<\/a>\n|t:|1699720246\n|gametype|doubles\n|player|p1|NaisonD|cheren|\n|player|p2|Nehehkhara666|koga|\n|teamsize|p1|6\n|teamsize|p2|6\n|gen|9\n|tier|[Gen 9] VGC 2023 Regulation E\n|rule|Species Clause: Limit one of each Pok\u00e9mon\n|rule|Item Clause: Limit one of each item\n|clearpoke\n|poke|p1|Gholdengo, L50|\n|poke|p1|Grimmsnarl, L50, M|\n|poke|p1|Zapdos-Galar, L50|\n|poke|p1|Milotic, L50, F|\n|poke|p1|Rillaboom, L50, M|\n|poke|p1|Regieleki, L50|\n|poke|p2|Hoothoot, L50, F|\n|poke|p2|Hatterene, L50, F|\n|poke|p2|Indeedee-F, L50, F|\n|poke|p2|Roaring Moon, L50|\n|poke|p2|Torkoal, L50, F|\n|poke|p2|Venonat, L50, M|\n|teampreview|4\nNaisonD has agreed to open team sheets.\n|c|\u2606Nehehkhara666|gl hf\nNehehkhara666 has agreed to open team sheets.\n|showteam|p1|Gholdengo||SitrusBerry|GoodasGold|MakeItRain,ShadowBall,Protect,NastyPlot||||||50|,,,,,Dragon]Grimmsnarl||LightClay|Prankster|SpiritBreak,LightScreen,Reflect,ThunderWave|||M|||50|,,,,,Ghost]Zapdos-Galar||ChoiceScarf|Defiant|CloseCombat,BraveBird,Uturn,ThunderousKick||||||50|,,,,,Flying]Milotic||Leftovers|Competitive|HydroPump,IceBeam,Hypnosis,Coil|||F|||50|,,,,,Dragon]Rillaboom||MiracleSeed|GrassySurge|WoodHammer,GrassyGlide,FakeOut,Uturn|||M|||50|,,,,,Grass]Regieleki||FocusSash|Transistor|ThunderCage,VoltSwitch,TeraBlast,Protect||||||50|,,,,,Ice\n|showteam|p2|Hoothoot||IronBall|TintedLens|SkillSwap,AirCutter,Hypnosis,Protect|||F|||50|,,,,,Steel]Hatterene||SitrusBerry|MagicBounce|TrickRoom,MistyExplosion,DazzlingGleam,Psychic|||F|||50|,,,,,Water]Indeedee-F||RockyHelmet|PsychicSurge|FollowMe,DazzlingGleam,HelpingHand,TrickRoom|||F|||50|,,,,,Fairy]Roaring Moon||BoosterEnergy|Protosynthesis|Acrobatics,KnockOff,DragonDance,DragonTail||||||50|,,,,,Flying]Torkoal||ChoiceSpecs|Drought|Eruption,EarthPower,HeatWave,Flamethrower|||F|||50|,,,,,Fire]Venonat||PowerAnklet|TintedLens|SkillSwap,RagePowder,AcidSpray,SleepPowder|||M|||50|,,,,,Dragon\n|c|\u2606NaisonD|glhf\n|\n|t:|1699720318\n|start\n|switch|p1a: Milotic|Milotic, L50, F, shiny|100\/100\n|switch|p1b: Grimmsnarl|Grimmsnarl, L50, M|100\/100\n|switch|p2a: Hatterene|Hatterene, L50, F|100\/100\n|switch|p2b: Indeedee|Indeedee-F, L50, F|100\/100\n|-fieldstart|move: Psychic Terrain|[from] ability: Psychic Surge|[of] p2b: Indeedee\n|turn|1\n|\n|t:|1699720333\n|move|p2b: Indeedee|Follow Me|p2b: Indeedee\n|-singleturn|p2b: Indeedee|move: Follow Me\n|move|p1b: Grimmsnarl|Light Screen|p1b: Grimmsnarl\n|-sidestart|p1: NaisonD|move: Light Screen\n|move|p1a: Milotic|Coil|p1a: Milotic\n|-boost|p1a: Milotic|atk|1\n|-boost|p1a: Milotic|def|1\n|-boost|p1a: Milotic|accuracy|1\n|move|p2a: Hatterene|Trick Room|p2a: Hatterene\n|-fieldstart|move: Trick Room|[of] p2a: Hatterene\n|\n|upkeep\n|turn|2\n|\n|t:|1699720359\n|switch|p2b: Torkoal|Torkoal, L50, F|100\/100\n|-weather|SunnyDay|[from] ability: Drought|[of] p2b: Torkoal\n|move|p2a: Hatterene|Dazzling Gleam|p1a: Milotic|[spread] p1a,p1b\n|-supereffective|p1b: Grimmsnarl\n|-damage|p1a: Milotic|84\/100\n|-damage|p1b: Grimmsnarl|57\/100\n|move|p1b: Grimmsnarl|Spirit Break|p2a: Hatterene\n|-crit|p2a: Hatterene\n|-damage|p2a: Hatterene|50\/100\n|-unboost|p2a: Hatterene|spa|1\n|-enditem|p2a: Hatterene|Sitrus Berry|[eat]\n|-heal|p2a: Hatterene|75\/100|[from] item: Sitrus Berry\n|move|p1a: Milotic|Hypnosis|p2b: Torkoal\n|-status|p2b: Torkoal|slp|[from] move: Hypnosis\n|\n|-weather|SunnyDay|[upkeep]\n|-heal|p1a: Milotic|91\/100|[from] item: Leftovers\n|upkeep\n|turn|3\n|\n|t:|1699720406\n|cant|p2b: Torkoal|slp\n|move|p2a: Hatterene|Dazzling Gleam|p1b: Grimmsnarl|[spread] p1a,p1b\n|-supereffective|p1b: Grimmsnarl\n|-damage|p1a: Milotic|79\/100\n|-damage|p1b: Grimmsnarl|29\/100\n|move|p1b: Grimmsnarl|Spirit Break|p2a: Hatterene\n|-damage|p2a: Hatterene|46\/100\n|-unboost|p2a: Hatterene|spa|1\n|move|p1a: Milotic|Hydro Pump|p2b: Torkoal\n|-supereffective|p2b: Torkoal\n|-damage|p2b: Torkoal|49\/100 slp\n|\n|-weather|SunnyDay|[upkeep]\n|-heal|p1a: Milotic|85\/100|[from] item: Leftovers\n|upkeep\n|turn|4\n|\n|t:|1699720445\n|switch|p2b: Indeedee|Indeedee-F, L50, F|100\/100\n|move|p2a: Hatterene|Dazzling Gleam|p1a: Milotic|[spread] p1a,p1b\n|-supereffective|p1b: Grimmsnarl\n|-damage|p1a: Milotic|77\/100\n|-damage|p1b: Grimmsnarl|9\/100\n|move|p1b: Grimmsnarl|Spirit Break|p2a: Hatterene\n|-damage|p2a: Hatterene|15\/100\n|-unboost|p2a: Hatterene|spa|1\n|move|p1a: Milotic|Ice Beam|p2a: Hatterene\n|-damage|p2a: Hatterene|0 fnt\n|faint|p2a: Hatterene\n|\n|-weather|SunnyDay|[upkeep]\n|-heal|p1a: Milotic|83\/100|[from] item: Leftovers\n|upkeep\n|\n|t:|1699720474\n|switch|p2a: Hoothoot|Hoothoot, L50, F|100\/100\n|turn|5\n|\n|t:|1699720506\n|move|p2a: Hoothoot|Hypnosis|p1a: Milotic|[miss]\n|-miss|p2a: Hoothoot|p1a: Milotic\n|move|p1b: Grimmsnarl|Spirit Break|p2b: Indeedee\n|-damage|p2b: Indeedee|67\/100\n|-unboost|p2b: Indeedee|spa|1\n|-damage|p1b: Grimmsnarl|0 fnt|[from] item: Rocky Helmet|[of] p2b: Indeedee\n|faint|p1b: Grimmsnarl\n|move|p2b: Indeedee|Dazzling Gleam|p1a: Milotic\n|-damage|p1a: Milotic|77\/100\n|move|p1a: Milotic|Hypnosis|p2a: Hoothoot\n|-status|p2a: Hoothoot|slp|[from] move: Hypnosis\n|\n|-weather|SunnyDay|[upkeep]\n|-heal|p1a: Milotic|83\/100|[from] item: Leftovers\n|-fieldend|move: Trick Room\n|-fieldend|move: Psychic Terrain\n|upkeep\n|\n|t:|1699720522\n|switch|p1b: Regieleki|Regieleki, L50|100\/100\n|turn|6\n|\n|t:|1699720534\n|-terastallize|p2a: Hoothoot|Steel\n|move|p1b: Regieleki|Volt Switch|p2b: Indeedee\n|-damage|p2b: Indeedee|25\/100\n|\n|t:|1699720541\n|switch|p1b: Zapdos|Zapdos-Galar, L50|100\/100|[from] Volt Switch\n|move|p1a: Milotic|Ice Beam|p2b: Indeedee\n|-damage|p2b: Indeedee|4\/100\n|cant|p2a: Hoothoot|slp\n|move|p2b: Indeedee|Trick Room|p2b: Indeedee\n|-fieldstart|move: Trick Room|[of] p2b: Indeedee\n|\n|-weather|none\n|-heal|p1a: Milotic|89\/100|[from] item: Leftovers\n|upkeep\n|turn|7\n|\n|t:|1699720565\n|-terastallize|p1b: Zapdos|Flying\n|move|p2b: Indeedee|Follow Me|p2b: Indeedee\n|-singleturn|p2b: Indeedee|move: Follow Me\n|-curestatus|p2a: Hoothoot|slp|[msg]\n|move|p2a: Hoothoot|Hypnosis|p1a: Milotic\n|-status|p1a: Milotic|slp|[from] move: Hypnosis\n|cant|p1a: Milotic|slp\n|move|p1b: Zapdos|Brave Bird|p2b: Indeedee\n|-damage|p2b: Indeedee|0 fnt\n|-damage|p1b: Zapdos|84\/100|[from] item: Rocky Helmet|[of] p2b: Indeedee\n|faint|p2b: Indeedee\n|-damage|p1b: Zapdos|83\/100|[from] Recoil\n|\n|-heal|p1a: Milotic|95\/100 slp|[from] item: Leftovers\n|upkeep\n|\n|t:|1699720580\n|switch|p2b: Torkoal|Torkoal, L50, F|49\/100 slp\n|-weather|SunnyDay|[from] ability: Drought|[of] p2b: Torkoal\n|turn|8\n|\n|t:|1699720597\n|move|p2a: Hoothoot|Hypnosis|p1b: Zapdos\n|-status|p1b: Zapdos|slp|[from] move: Hypnosis\n|-curestatus|p2b: Torkoal|slp|[msg]\n|move|p2b: Torkoal|Heat Wave|p1b: Zapdos|[spread] p1a,p1b\n|-resisted|p1a: Milotic\n|-damage|p1a: Milotic|79\/100 slp\n|-damage|p1b: Zapdos|29\/100 slp\n|cant|p1a: Milotic|slp\n|cant|p1b: Zapdos|slp\n|\n|-weather|SunnyDay|[upkeep]\n|-heal|p1a: Milotic|85\/100 slp|[from] item: Leftovers\n|-sideend|p1: NaisonD|move: Light Screen\n|upkeep\n|turn|9\n|\n|t:|1699720613\n|move|p2a: Hoothoot|Skill Swap|p2b: Torkoal\n|-activate|p2a: Hoothoot|move: Skill Swap|||[of] p2b: Torkoal\n|move|p2b: Torkoal|Heat Wave|p1b: Zapdos|[spread] p1a,p1b\n|-resisted|p1a: Milotic\n|-damage|p1a: Milotic|30\/100 slp\n|-damage|p1b: Zapdos|0 fnt\n|faint|p1b: Zapdos\n|cant|p1a: Milotic|slp\n|\n|-weather|SunnyDay|[upkeep]\n|-heal|p1a: Milotic|36\/100 slp|[from] item: Leftovers\n|upkeep\n|\n|t:|1699720622\n|switch|p1b: Regieleki|Regieleki, L50|100\/100\n|turn|10\n|\n|t:|1699720634\n|move|p1b: Regieleki|Protect|p1b: Regieleki\n|-singleturn|p1b: Regieleki|Protect\n|move|p2a: Hoothoot|Air Cutter|p1b: Regieleki|[spread] p1a\n|-activate|p1b: Regieleki|move: Protect\n|-damage|p1a: Milotic|27\/100 slp\n|move|p2b: Torkoal|Heat Wave|p1a: Milotic|[spread] p1a\n|-activate|p1b: Regieleki|move: Protect\n|-resisted|p1a: Milotic\n|-damage|p1a: Milotic|0 fnt\n|faint|p1a: Milotic\n|\n|-weather|SunnyDay|[upkeep]\n|-fieldend|move: Trick Room\n|upkeep\n|turn|11\n|\n|t:|1699720657\n|move|p1b: Regieleki|Thunder Cage|p2b: Torkoal\n|-damage|p2b: Torkoal|0 fnt\n|faint|p2b: Torkoal\n|move|p2a: Hoothoot|Hypnosis|p1b: Regieleki\n|-status|p1b: Regieleki|slp|[from] move: Hypnosis\n|\n|-weather|SunnyDay|[upkeep]\n|upkeep\n|turn|12\n|\n|t:|1699720665\n|cant|p1b: Regieleki|slp\n|move|p2a: Hoothoot|Air Cutter|p1b: Regieleki\n|-resisted|p1b: Regieleki\n|-damage|p1b: Regieleki|84\/100 slp\n|\n|-weather|none\n|upkeep\n|turn|13\n|\n|t:|1699720671\n|cant|p1b: Regieleki|slp\n|move|p2a: Hoothoot|Air Cutter|p1b: Regieleki\n|-resisted|p1b: Regieleki\n|-damage|p1b: Regieleki|67\/100 slp\n|\n|upkeep\n|turn|14\n|\n|t:|1699720679\n|-curestatus|p1b: Regieleki|slp|[msg]\n|move|p1b: Regieleki|Thunder Cage|p2a: Hoothoot\n|-damage|p2a: Hoothoot|17\/100\n|-activate|p2a: Hoothoot|move: Thunder Cage|[of] p1b: Regieleki\n|move|p2a: Hoothoot|Hypnosis|p1b: Regieleki\n|-status|p1b: Regieleki|slp|[from] move: Hypnosis\n|\n|-damage|p2a: Hoothoot|5\/100|[from] move: Thunder Cage|[partiallytrapped]\n|upkeep\n|turn|15\n|c|\u2606Nehehkhara666|gg\n|\n|t:|1699720689\n|cant|p1b: Regieleki|slp\n|move|p2a: Hoothoot|Air Cutter|p1b: Regieleki\n|-resisted|p1b: Regieleki\n|-damage|p1b: Regieleki|52\/100 slp\n|\n|-damage|p2a: Hoothoot|0 fnt|[from] move: Thunder Cage|[partiallytrapped]\n|faint|p2a: Hoothoot\n|\n|win|NaisonD\n|upkeep\n|c|\u2606NaisonD|gg\n|c|&|\/uhtml prompt-naisond,NaisonD is ready for game 2!\n|c|&|\/uhtml prompt-nehehkhara666,Nehehkhara666 is ready for game 2!\nBoth players are ready! Starting next match!\n|l|\u2606Nehehkhara666\n","uploadtime":1699721278,"views":14,"p1id":"naisond","p2id":"nehehkhara666","formatid":"gen9vgc2023regulatione","rating":0,"private":0,"password":""}