{"id":"gen9vgc2023regulatione-1998842085","p1":"Lalou1919","p2":"Zemigas2004","format":"[Gen 9] VGC 2023 Regulation E","log":"|j|\u2606Lalou1919\n|j|\u2606Zemigas2004\n|t:|1701001547\n|gametype|doubles\n|player|p1|Lalou1919|101|1149\n|player|p2|Zemigas2004|ethan|1232\n|teamsize|p1|6\n|teamsize|p2|6\n|gen|9\n|tier|[Gen 9] VGC 2023 Regulation E\n|rated|\n|rule|Species Clause: Limit one of each Pok\u00e9mon\n|rule|Item Clause: Limit one of each item\n|clearpoke\n|poke|p1|Annihilape, L50, M|\n|poke|p1|Farigiraf, L50, F|\n|poke|p1|Iron Hands, L50|\n|poke|p1|Ursaluna-Bloodmoon, L50, M|\n|poke|p1|Amoonguss, L50, M|\n|poke|p1|Flutter Mane, L50|\n|poke|p2|Thundurus, L50, M|\n|poke|p2|Amoonguss, L50, M|\n|poke|p2|Volcarona, L50, F|\n|poke|p2|Enamorus, L50, F|\n|poke|p2|Garchomp, L50, M|\n|poke|p2|Chien-Pao, L50|\n|teampreview|4\n|inactive|Battle timer is ON: inactive players will automatically lose when time's up. (requested by Zemigas2004)\n|inactive|Zemigas2004 has 60 seconds left.\n|\n|t:|1701001600\n|start\n|switch|p1a: Farigiraf|Farigiraf, L50, F|100\/100\n|switch|p1b: Annihilape|Annihilape, L50, M|100\/100\n|switch|p2a: Amoonguss|Amoonguss, L50, M|100\/100\n|switch|p2b: Enamorus|Enamorus, L50, F|100\/100\n|turn|1\n|inactive|Zemigas2004 has 30 seconds left.\n|\n|t:|1701001628\n|-terastallize|p2b: Enamorus|Flying\n|move|p2a: Amoonguss|Protect|p2a: Amoonguss\n|-singleturn|p2a: Amoonguss|Protect\n|move|p2b: Enamorus|Tera Blast|p1b: Annihilape|[anim] Tera Blast Flying\n|-supereffective|p1b: Annihilape\n|-damage|p1b: Annihilape|0 fnt\n|faint|p1b: Annihilape\n|move|p1a: Farigiraf|Trick Room|p1a: Farigiraf\n|-fieldstart|move: Trick Room|[of] p1a: Farigiraf\n|\n|upkeep\n|\n|t:|1701001642\n|switch|p1b: Ursaluna|Ursaluna-Bloodmoon, L50, M|100\/100\n|turn|2\n|\n|t:|1701001661\n|switch|p2b: Garchomp|Garchomp, L50, M|100\/100\n|-terastallize|p1b: Ursaluna|Normal\n|move|p1a: Farigiraf|Helping Hand|p1b: Ursaluna\n|-singleturn|p1b: Ursaluna|Helping Hand|[of] p1a: Farigiraf\n|move|p1b: Ursaluna|Blood Moon|p2a: Amoonguss\n|-damage|p2a: Amoonguss|0 fnt\n|faint|p2a: Amoonguss\n|\n|upkeep\n|\n|t:|1701001674\n|switch|p2a: Chien-Pao|Chien-Pao, L50|100\/100\n|-ability|p2a: Chien-Pao|Sword of Ruin\n|turn|3\n|\n|t:|1701001692\n|move|p1a: Farigiraf|Helping Hand|p1b: Ursaluna\n|-singleturn|p1b: Ursaluna|Helping Hand|[of] p1a: Farigiraf\n|move|p2b: Garchomp|Protect|p2b: Garchomp\n|-singleturn|p2b: Garchomp|Protect\n|move|p2a: Chien-Pao|Protect|p2a: Chien-Pao\n|-singleturn|p2a: Chien-Pao|Protect\n|move|p1b: Ursaluna|Hyper Voice|p2a: Chien-Pao|[spread] \n|-activate|p2a: Chien-Pao|move: Protect\n|-activate|p2b: Garchomp|move: Protect\n|\n|upkeep\n|turn|4\n|inactive|Zemigas2004 has 30 seconds left.\n|\n|t:|1701001723\n|move|p1a: Farigiraf|Helping Hand|p1b: Ursaluna\n|-singleturn|p1b: Ursaluna|Helping Hand|[of] p1a: Farigiraf\n|move|p1b: Ursaluna|Hyper Voice|p2a: Chien-Pao|[spread] p2a,p2b\n|-enditem|p2a: Chien-Pao|Focus Sash\n|-damage|p2a: Chien-Pao|1\/100\n|-damage|p2b: Garchomp|18\/100\n|move|p2b: Garchomp|Dragon Claw|p1a: Farigiraf\n|-damage|p1a: Farigiraf|57\/100\n|move|p2a: Chien-Pao|Crunch|p1a: Farigiraf\n|-supereffective|p1a: Farigiraf\n|-damage|p1a: Farigiraf|0 fnt\n|faint|p1a: Farigiraf\n|\n|upkeep\n|\n|t:|1701001730\n|switch|p1a: Iron Hands|Iron Hands, L50|100\/100\n|turn|5\n|\n|t:|1701001742\n|move|p2b: Garchomp|Protect|p2b: Garchomp\n|-singleturn|p2b: Garchomp|Protect\n|move|p2a: Chien-Pao|Protect|p2a: Chien-Pao\n|-singleturn|p2a: Chien-Pao|Protect\n|move|p1a: Iron Hands|Fake Out|p2b: Garchomp\n|-activate|p2b: Garchomp|move: Protect\n|move|p1b: Ursaluna|Hyper Voice|p2b: Garchomp|[spread] \n|-activate|p2a: Chien-Pao|move: Protect\n|-activate|p2b: Garchomp|move: Protect\n|\n|-fieldend|move: Trick Room\n|upkeep\n|turn|6\n|\n|t:|1701001754\n|switch|p2a: Enamorus|Enamorus, L50, F, tera:Flying|100\/100\n|move|p2b: Garchomp|Earthquake|p1b: Ursaluna|[spread] p1a,p1b\n|-immune|p2a: Enamorus\n|-supereffective|p1a: Iron Hands\n|-damage|p1a: Iron Hands|44\/100\n|-damage|p1b: Ursaluna|73\/100\n|move|p1b: Ursaluna|Hyper Voice|p2a: Enamorus|[spread] p2a,p2b\n|-damage|p2a: Enamorus|15\/100\n|-damage|p2b: Garchomp|0 fnt\n|faint|p2b: Garchomp\n|move|p1a: Iron Hands|Wild Charge|p2a: Enamorus\n|-supereffective|p2a: Enamorus\n|-damage|p2a: Enamorus|0 fnt\n|faint|p2a: Enamorus\n|-damage|p1a: Iron Hands|42\/100|[from] Recoil\n|\n|upkeep\n|\n|t:|1701001772\n|switch|p2b: Chien-Pao|Chien-Pao, L50|1\/100\n|-ability|p2b: Chien-Pao|Sword of Ruin\n|turn|7\n|\n|t:|1701001781\n|move|p2b: Chien-Pao|Sacred Sword|p1b: Ursaluna\n|-supereffective|p1b: Ursaluna\n|-damage|p1b: Ursaluna|18\/100\n|move|p1b: Ursaluna|Hyper Voice|p2b: Chien-Pao\n|-crit|p2b: Chien-Pao\n|-damage|p2b: Chien-Pao|0 fnt\n|faint|p2b: Chien-Pao\n|\n|win|Lalou1919\n|raw|Lalou1919's rating: 1149 &rarr; <strong>1180<\/strong><br \/>(+31 for winning)\n|raw|Zemigas2004's rating: 1232 &rarr; <strong>1201<\/strong><br \/>(-31 for losing)\n","uploadtime":1701001790,"views":2,"p1id":"lalou1919","p2id":"zemigas2004","formatid":"gen9vgc2023regulatione","rating":1180,"private":0,"password":""}