{"id":"gen9vgc2023regulatione-1994954071","p1":"darrox123","p2":"clean6677","format":"[Gen 9] VGC 2023 Regulation E","log":"|j|\u2606darrox123\n|j|\u2606clean6677\n|t:|1700507743\n|gametype|doubles\n|player|p1|darrox123|170|1162\n|player|p2|clean6677|170|1261\n|teamsize|p1|6\n|teamsize|p2|6\n|gen|9\n|tier|[Gen 9] VGC 2023 Regulation E\n|rated|\n|rule|Species Clause: Limit one of each Pok\u00e9mon\n|rule|Item Clause: Limit one of each item\n|clearpoke\n|poke|p1|Enamorus, L50, F|\n|poke|p1|Passimian, L50, F|\n|poke|p1|Dugtrio-Alola, L50, M|\n|poke|p1|Tornadus, L50, M|\n|poke|p1|Farigiraf, L50, M|\n|poke|p1|Rillaboom, L50, F|\n|poke|p2|Dondozo, L50, M|\n|poke|p2|Glimmora, L50, F|\n|poke|p2|Ogerpon-Wellspring, L50, F|\n|poke|p2|Chi-Yu, L50|\n|poke|p2|Flutter Mane, L50|\n|poke|p2|Dragonite, L50, M|\n|teampreview|4\n|inactive|Battle timer is ON: inactive players will automatically lose when time's up. (requested by darrox123)\n|inactive|clean6677 has 60 seconds left.\n|inactive|clean6677 has 30 seconds left.\n|l|\u2606darrox123\n|inactive|darrox123 disconnected and has a minute to reconnect!\n|player|p1|\n|inactive|clean6677 has 20 seconds left.\n|j|\u2606darrox123\n|inactive|darrox123 reconnected.\n|player|p1|darrox123|170\n|inactive|clean6677 has 15 seconds left.\n|inactive|clean6677 has 10 seconds left.\n|\n|t:|1700507865\n|start\n|switch|p1a: Enamorus|Enamorus, L50, F|100\/100\n|switch|p1b: Passimian|Passimian, L50, F|100\/100\n|switch|p2a: Dondozo|Dondozo, L50, M|100\/100\n|switch|p2b: Glimmora|Glimmora, L50, F|100\/100\n|turn|1\n|inactive|clean6677 has 30 seconds left.\n|\n|t:|1700507899\n|move|p1b: Passimian|Protect|p1b: Passimian\n|-singleturn|p1b: Passimian|Protect\n|move|p2b: Glimmora|Sludge Bomb|p1a: Enamorus\n|-supereffective|p1a: Enamorus\n|-damage|p1a: Enamorus|0 fnt\n|faint|p1a: Enamorus\n|-ability|p1b: Passimian|Contrary|[from] ability: Receiver|[of] p1a: Enamorus\n|move|p2a: Dondozo|Yawn|p1b: Passimian\n|-activate|p1b: Passimian|move: Protect\n|\n|upkeep\n|\n|t:|1700507914\n|switch|p1a: Dugtrio|Dugtrio-Alola, L50, M|100\/100\n|turn|2\n|\n|t:|1700507932\n|move|p1a: Dugtrio|Charm|p1b: Passimian\n|-boost|p1b: Passimian|atk|2\n|move|p2b: Glimmora|Earth Power|p1a: Dugtrio\n|-supereffective|p1a: Dugtrio\n|-damage|p1a: Dugtrio|0 fnt\n|faint|p1a: Dugtrio\n|move|p1b: Passimian|Close Combat|p2b: Glimmora\n|-enditem|p2b: Glimmora|Focus Sash\n|-damage|p2b: Glimmora|1\/100\n|-boost|p1b: Passimian|def|1\n|-boost|p1b: Passimian|spd|1\n|-activate|p2b: Glimmora|ability: Toxic Debris\n|-sidestart|p1: darrox123|move: Toxic Spikes\n|move|p2a: Dondozo|Yawn|p1b: Passimian\n|-start|p1b: Passimian|move: Yawn|[of] p2a: Dondozo\n|\n|upkeep\n|c|\u2606clean6677|gg\n|\n|t:|1700507948\n|switch|p1a: Tornadus|Tornadus, L50, M|100\/100\n|turn|3\n|\n|t:|1700507965\n|move|p2b: Glimmora|Spiky Shield|p2b: Glimmora\n|-singleturn|p2b: Glimmora|move: Protect\n|move|p1a: Tornadus|Bleakwind Storm|p2a: Dondozo|[spread] p2a\n|-activate|p2b: Glimmora|move: Protect\n|-damage|p2a: Dondozo|70\/100\n|-unboost|p2a: Dondozo|spe|1\n|move|p1b: Passimian|Close Combat|p2a: Dondozo\n|-damage|p2a: Dondozo|13\/100\n|-boost|p1b: Passimian|def|1\n|-boost|p1b: Passimian|spd|1\n|move|p2a: Dondozo|Yawn|p1a: Tornadus\n|-start|p1a: Tornadus|move: Yawn|[of] p2a: Dondozo\n|\n|-heal|p2a: Dondozo|19\/100|[from] item: Leftovers\n|-end|p1b: Passimian|move: Yawn|[silent]\n|-status|p1b: Passimian|slp\n|upkeep\n|turn|4\n|\n|t:|1700507990\n|move|p1a: Tornadus|Bleakwind Storm|p2a: Dondozo|[spread] p2a,p2b\n|-resisted|p2b: Glimmora\n|-damage|p2a: Dondozo|0 fnt\n|-damage|p2b: Glimmora|0 fnt\n|faint|p2a: Dondozo\n|faint|p2b: Glimmora\n|cant|p1b: Passimian|slp\n|\n|-end|p1a: Tornadus|move: Yawn|[silent]\n|-status|p1a: Tornadus|slp\n|upkeep\n|\n|t:|1700507998\n|switch|p2b: Dragonite|Dragonite, L50, M|100\/100\n|switch|p2a: Flutter Mane|Flutter Mane, L50|100\/100\n|-enditem|p2a: Flutter Mane|Booster Energy\n|-activate|p2a: Flutter Mane|ability: Protosynthesis|[fromitem]\n|-start|p2a: Flutter Mane|protosynthesisspe\n|turn|5\n|\n|t:|1700508014\n|-terastallize|p1b: Passimian|Fire\n|move|p2a: Flutter Mane|Moonblast|p1b: Passimian\n|-resisted|p1b: Passimian\n|-damage|p1b: Passimian|88\/100 slp\n|cant|p1a: Tornadus|slp\n|-curestatus|p1b: Passimian|slp|[msg]\n|move|p1b: Passimian|Iron Head|p2a: Flutter Mane\n|-supereffective|p2a: Flutter Mane\n|-damage|p2a: Flutter Mane|0 fnt\n|faint|p2a: Flutter Mane\n|-end|p2a: Flutter Mane|Protosynthesis|[silent]\n|move|p2b: Dragonite|Outrage|p1a: Tornadus\n|-enditem|p1a: Tornadus|Focus Sash\n|-damage|p1a: Tornadus|1\/100 slp\n|\n|-heal|p1b: Passimian|94\/100|[from] item: Leftovers\n|upkeep\n|turn|6\n|l|\u2606clean6677\n|inactive|clean6677 disconnected and has a minute to reconnect!\n|player|p2|\n|\n|t:|1700508035\n|-curestatus|p1a: Tornadus|slp|[msg]\n|move|p1a: Tornadus|Tailwind|p1a: Tornadus\n|-sidestart|p1: darrox123|move: Tailwind\n|move|p1b: Passimian|Close Combat|p2b: Dragonite\n|-resisted|p2b: Dragonite\n|-damage|p2b: Dragonite|75\/100\n|-boost|p1b: Passimian|def|1\n|-boost|p1b: Passimian|spd|1\n|move|p2b: Dragonite|Outrage|p1a: Tornadus|[from]lockedmove\n|-damage|p1a: Tornadus|0 fnt\n|faint|p1a: Tornadus\n|\n|-heal|p1b: Passimian|100\/100|[from] item: Leftovers\n|upkeep\n|turn|7\n|inactive|clean6677 has 30 seconds left.\n|inactive|clean6677 has 20 seconds left.\n|inactive|clean6677 has 15 seconds left.\n|inactive|clean6677 has 10 seconds left.\n|inactive|clean6677 has 5 seconds left.\n|-message|clean6677 lost due to inactivity.\n|\n|win|darrox123\n|raw|darrox123's rating: 1162 &rarr; <strong>1194<\/strong><br \/>(+32 for winning)\n|raw|clean6677's rating: 1261 &rarr; <strong>1229<\/strong><br \/>(-32 for losing)\n|l|\u2606darrox123\n|j|\u2606darrox123\n|player|p1|darrox123|170\n","uploadtime":1700508167,"views":24,"p1id":"darrox123","p2id":"clean6677","formatid":"gen9vgc2023regulatione","rating":1194,"private":0,"password":""}