{"id":"gen9vgc2023regulatione-1998134811","p1":"drmsang","p2":"soupyvgc","format":"[Gen 9] VGC 2023 Regulation E","log":"|j|\u2606drmsang\n|j|\u2606soupyvgc\n|t:|1700897857\n|gametype|doubles\n|player|p1|drmsang|102|1152\n|player|p2|soupyvgc|1|1111\n|teamsize|p1|6\n|teamsize|p2|6\n|gen|9\n|tier|[Gen 9] VGC 2023 Regulation E\n|rated|\n|rule|Species Clause: Limit one of each Pok\u00e9mon\n|rule|Item Clause: Limit one of each item\n|clearpoke\n|poke|p1|Kilowattrel, L50, F|\n|poke|p1|Garganacl, L50, F|\n|poke|p1|Brambleghast, L50, M|\n|poke|p1|Ceruledge, L50, M|\n|poke|p1|Rabsca, L50, M|\n|poke|p1|Iron Valiant, L50|\n|poke|p2|Lilligant, L50, F|\n|poke|p2|Torkoal, L50, M|\n|poke|p2|Flutter Mane, L50|\n|poke|p2|Chi-Yu, L50|\n|poke|p2|Great Tusk, L50|\n|poke|p2|Dragonite, L50, M|\n|teampreview|4\n|inactive|Battle timer is ON: inactive players will automatically lose when time's up. (requested by soupyvgc)\n|inactive|drmsang has 60 seconds left.\n|inactive|soupyvgc has 60 seconds left.\n|\n|t:|1700897900\n|start\n|switch|p1a: Ceruledge|Ceruledge, L50, M|100\/100\n|switch|p1b: Iron Valiant|Iron Valiant, L50|100\/100\n|switch|p2a: Lilligant|Lilligant, L50, F, shiny|100\/100\n|switch|p2b: Torkoal|Torkoal, L50, M, shiny|100\/100\n|-weather|SunnyDay|[from] ability: Drought|[of] p2b: Torkoal\n|-enditem|p1b: Iron Valiant|Booster Energy\n|-activate|p1b: Iron Valiant|ability: Quark Drive|[fromitem]\n|-start|p1b: Iron Valiant|quarkdrivespa\n|turn|1\n|inactive|drmsang has 30 seconds left.\n|inactive|soupyvgc has 30 seconds left.\n|inactive|drmsang has 20 seconds left.\n|inactive|drmsang has 15 seconds left.\n|\n|t:|1700897941\n|move|p2a: Lilligant|After You|p2b: Torkoal\n|-activate|p2b: Torkoal|move: After You\n|move|p2b: Torkoal|Eruption|p1a: Ceruledge|[spread] p1b\n|-start|p1a: Ceruledge|ability: Flash Fire\n|-crit|p1b: Iron Valiant\n|-damage|p1b: Iron Valiant|0 fnt\n|faint|p1b: Iron Valiant\n|-end|p1b: Iron Valiant|Quark Drive|[silent]\n|move|p1a: Ceruledge|Bitter Blade|p2a: Lilligant\n|-supereffective|p2a: Lilligant\n|-enditem|p2a: Lilligant|Focus Sash\n|-damage|p2a: Lilligant|1\/100\n|-damage|p1a: Ceruledge|90\/100|[from] item: Life Orb\n|\n|-weather|SunnyDay|[upkeep]\n|upkeep\n|inactive|drmsang has 30 seconds left.\n|\n|t:|1700897968\n|switch|p1b: Garganacl|Garganacl, L50, F|100\/100\n|turn|2\n|inactive|drmsang has 30 seconds left.\n|inactive|soupyvgc has 30 seconds left.\n|inactive|drmsang has 20 seconds left.\n|\n|t:|1700898008\n|move|p2b: Torkoal|Protect|p2b: Torkoal\n|-singleturn|p2b: Torkoal|Protect\n|move|p1a: Ceruledge|Shadow Sneak|p2a: Lilligant\n|-damage|p2a: Lilligant|0 fnt\n|faint|p2a: Lilligant\n|-damage|p1a: Ceruledge|80\/100|[from] item: Life Orb\n|move|p1b: Garganacl|Salt Cure|p2b: Torkoal\n|-activate|p2b: Torkoal|move: Protect\n|\n|-weather|SunnyDay|[upkeep]\n|upkeep\n|\n|t:|1700898027\n|switch|p2a: Chi-Yu|Chi-Yu, L50|100\/100\n|-ability|p2a: Chi-Yu|Beads of Ruin\n|turn|3\n|inactive|drmsang has 30 seconds left.\n|inactive|soupyvgc has 30 seconds left.\n|inactive|soupyvgc has 20 seconds left.\n|inactive|soupyvgc has 15 seconds left.\n|\n|t:|1700898071\n|-terastallize|p1a: Ceruledge|Fire\n|move|p2a: Chi-Yu|Dark Pulse|p1a: Ceruledge\n|-damage|p1a: Ceruledge|8\/100\n|cant|p1a: Ceruledge|flinch\n|move|p1b: Garganacl|Salt Cure|p2a: Chi-Yu\n|-supereffective|p2a: Chi-Yu\n|-damage|p2a: Chi-Yu|54\/100\n|-start|p2a: Chi-Yu|Salt Cure\n|move|p2b: Torkoal|Clear Smog|p1b: Garganacl\n|-resisted|p1b: Garganacl\n|-damage|p1b: Garganacl|90\/100\n|-clearboost|p1b: Garganacl\n|\n|-weather|SunnyDay|[upkeep]\n|-heal|p1b: Garganacl|96\/100|[from] item: Leftovers\n|-damage|p2a: Chi-Yu|42\/100|[from] Salt Cure\n|upkeep\n|turn|4\n|inactive|drmsang has 30 seconds left.\n|inactive|soupyvgc has 30 seconds left.\n|inactive|soupyvgc has 20 seconds left.\n|\n|t:|1700898108\n|move|p1a: Ceruledge|Protect|p1a: Ceruledge\n|-singleturn|p1a: Ceruledge|Protect\n|move|p2a: Chi-Yu|Dark Pulse|p1a: Ceruledge\n|-activate|p1a: Ceruledge|move: Protect\n|move|p1b: Garganacl|Salt Cure|p2a: Chi-Yu\n|-supereffective|p2a: Chi-Yu\n|-damage|p2a: Chi-Yu|0 fnt\n|faint|p2a: Chi-Yu\n|move|p2b: Torkoal|Eruption|p1b: Garganacl|[spread] p1b\n|-activate|p1a: Ceruledge|move: Protect\n|-resisted|p1b: Garganacl\n|-damage|p1b: Garganacl|54\/100\n|\n|-weather|SunnyDay|[upkeep]\n|-heal|p1b: Garganacl|60\/100|[from] item: Leftovers\n|upkeep\n|\n|t:|1700898123\n|switch|p2a: Flutter Mane|Flutter Mane, L50|100\/100\n|-activate|p2a: Flutter Mane|ability: Protosynthesis\n|-start|p2a: Flutter Mane|protosynthesisspa\n|turn|5\n|inactive|drmsang has 30 seconds left.\n|inactive|drmsang has 20 seconds left.\n|inactive|drmsang has 15 seconds left.\n|\n|t:|1700898163\n|-terastallize|p2a: Flutter Mane|Fairy\n|move|p1b: Garganacl|Protect|p1b: Garganacl\n|-singleturn|p1b: Garganacl|Protect\n|move|p1a: Ceruledge|Shadow Sneak|p2a: Flutter Mane\n|-damage|p2a: Flutter Mane|53\/100\n|-damage|p1a: Ceruledge|0 fnt|[from] item: Life Orb\n|faint|p1a: Ceruledge\n|move|p2a: Flutter Mane|Moonblast|p1b: Garganacl\n|-activate|p1b: Garganacl|move: Protect\n|move|p2b: Torkoal|Clear Smog|p1b: Garganacl\n|-activate|p1b: Garganacl|move: Protect\n|\n|-weather|none\n|-end|p2a: Flutter Mane|Protosynthesis\n|-heal|p1b: Garganacl|66\/100|[from] item: Leftovers\n|upkeep\n|\n|t:|1700898180\n|switch|p1a: Rabsca|Rabsca, L50, M|100\/100\n|turn|6\n|\n|t:|1700898196\n|move|p2a: Flutter Mane|Shadow Ball|p1a: Rabsca\n|-supereffective|p1a: Rabsca\n|-damage|p1a: Rabsca|40\/100\n|move|p1a: Rabsca|Struggle Bug|p2b: Torkoal|[spread] p2a,p2b\n|-resisted|p2a: Flutter Mane\n|-resisted|p2b: Torkoal\n|-damage|p2a: Flutter Mane|45\/100\n|-damage|p2b: Torkoal|92\/100\n|-unboost|p2a: Flutter Mane|spa|1\n|-unboost|p2b: Torkoal|spa|1\n|move|p1b: Garganacl|Salt Cure|p2a: Flutter Mane\n|-damage|p2a: Flutter Mane|22\/100\n|-start|p2a: Flutter Mane|Salt Cure\n|-enditem|p2a: Flutter Mane|Wiki Berry|[eat]\n|-heal|p2a: Flutter Mane|55\/100|[from] item: Wiki Berry\n|move|p2b: Torkoal|Eruption|p1b: Garganacl|[spread] p1a,p1b\n|-supereffective|p1a: Rabsca\n|-resisted|p1b: Garganacl\n|-damage|p1a: Rabsca|0 fnt\n|-damage|p1b: Garganacl|48\/100\n|faint|p1a: Rabsca\n|\n|-heal|p1b: Garganacl|54\/100|[from] item: Leftovers\n|-damage|p2a: Flutter Mane|43\/100|[from] Salt Cure\n|upkeep\n|turn|7\n|inactive|drmsang has 30 seconds left.\n|\n|t:|1700898224\n|move|p1b: Garganacl|Protect|p1b: Garganacl\n|-singleturn|p1b: Garganacl|Protect\n|move|p2a: Flutter Mane|Moonblast|p1b: Garganacl\n|-activate|p1b: Garganacl|move: Protect\n|move|p2b: Torkoal|Heat Wave|p1b: Garganacl\n|-activate|p1b: Garganacl|move: Protect\n|\n|-heal|p1b: Garganacl|59\/100|[from] item: Leftovers\n|-damage|p2a: Flutter Mane|30\/100|[from] Salt Cure\n|upkeep\n|turn|8\n|\n|t:|1700898239\n|move|p2a: Flutter Mane|Moonblast|p1b: Garganacl\n|-damage|p1b: Garganacl|14\/100\n|move|p1b: Garganacl|Recover|p1b: Garganacl\n|-heal|p1b: Garganacl|64\/100\n|move|p2b: Torkoal|Heat Wave|p1b: Garganacl\n|-resisted|p1b: Garganacl\n|-damage|p1b: Garganacl|48\/100\n|\n|-heal|p1b: Garganacl|54\/100|[from] item: Leftovers\n|-damage|p2a: Flutter Mane|18\/100|[from] Salt Cure\n|upkeep\n|turn|9\n|\n|t:|1700898260\n|move|p1b: Garganacl|Protect|p1b: Garganacl\n|-singleturn|p1b: Garganacl|Protect\n|move|p2a: Flutter Mane|Moonblast|p1b: Garganacl\n|-activate|p1b: Garganacl|move: Protect\n|move|p2b: Torkoal|Heat Wave|p1b: Garganacl\n|-activate|p1b: Garganacl|move: Protect\n|\n|-heal|p1b: Garganacl|59\/100|[from] item: Leftovers\n|-damage|p2a: Flutter Mane|6\/100|[from] Salt Cure\n|upkeep\n|turn|10\n|\n|t:|1700898275\n|move|p2a: Flutter Mane|Moonblast|p1b: Garganacl\n|-damage|p1b: Garganacl|12\/100\n|move|p1b: Garganacl|Recover|p1b: Garganacl\n|-heal|p1b: Garganacl|62\/100\n|move|p2b: Torkoal|Heat Wave|p1b: Garganacl\n|-resisted|p1b: Garganacl\n|-damage|p1b: Garganacl|48\/100\n|\n|-heal|p1b: Garganacl|54\/100|[from] item: Leftovers\n|-damage|p2a: Flutter Mane|0 fnt|[from] Salt Cure\n|faint|p2a: Flutter Mane\n|-end|p2a: Flutter Mane|Protosynthesis|[silent]\n|upkeep\n|turn|11\n|\n|t:|1700898291\n|move|p2b: Torkoal|Protect|p2b: Torkoal\n|-singleturn|p2b: Torkoal|Protect\n|move|p1b: Garganacl|Recover|p1b: Garganacl\n|-heal|p1b: Garganacl|100\/100\n|\n|upkeep\n|turn|12\n|\n|t:|1700898298\n|move|p1b: Garganacl|Salt Cure|p2b: Torkoal\n|-supereffective|p2b: Torkoal\n|-damage|p2b: Torkoal|72\/100\n|-start|p2b: Torkoal|Salt Cure\n|move|p2b: Torkoal|Heat Wave|p1b: Garganacl\n|-resisted|p1b: Garganacl\n|-damage|p1b: Garganacl|86\/100\n|\n|-heal|p1b: Garganacl|92\/100|[from] item: Leftovers\n|-damage|p2b: Torkoal|59\/100|[from] Salt Cure\n|upkeep\n|turn|13\n|\n|t:|1700898310\n|move|p1b: Garganacl|Salt Cure|p2b: Torkoal\n|-supereffective|p2b: Torkoal\n|-damage|p2b: Torkoal|35\/100\n|move|p2b: Torkoal|Heat Wave|p1b: Garganacl\n|-resisted|p1b: Garganacl\n|-damage|p1b: Garganacl|75\/100\n|\n|-heal|p1b: Garganacl|81\/100|[from] item: Leftovers\n|-damage|p2b: Torkoal|23\/100|[from] Salt Cure\n|upkeep\n|turn|14\n|\n|t:|1700898322\n|move|p1b: Garganacl|Salt Cure|p2b: Torkoal\n|-supereffective|p2b: Torkoal\n|-damage|p2b: Torkoal|2\/100\n|move|p2b: Torkoal|Heat Wave|p1b: Garganacl\n|-resisted|p1b: Garganacl\n|-damage|p1b: Garganacl|65\/100\n|\n|-heal|p1b: Garganacl|71\/100|[from] item: Leftovers\n|-damage|p2b: Torkoal|0 fnt|[from] Salt Cure\n|faint|p2b: Torkoal\n|\n|win|drmsang\n|upkeep\n|raw|drmsang's rating: 1152 &rarr; <strong>1174<\/strong><br \/>(+22 for winning)\n|raw|soupyvgc's rating: 1111 &rarr; <strong>1089<\/strong><br \/>(-22 for losing)\n|l|\u2606soupyvgc\n","uploadtime":1700898335,"views":12,"p1id":"drmsang","p2id":"soupyvgc","formatid":"gen9vgc2023regulatione","rating":1089,"private":0,"password":""}