{"id":"gen9vgc2023regulatione-1996541061","p1":"ImmatWork","p2":"zagreus134","format":"[Gen 9] VGC 2023 Regulation E","log":"|j|\u2606ImmatWork\n|j|\u2606zagreus134\n|t:|1700692255\n|gametype|doubles\n|player|p1|ImmatWork|psychic-gen4|1335\n|player|p2|zagreus134|janine|1432\n|teamsize|p1|6\n|teamsize|p2|6\n|gen|9\n|tier|[Gen 9] VGC 2023 Regulation E\n|rated|\n|rule|Species Clause: Limit one of each Pok\u00e9mon\n|rule|Item Clause: Limit one of each item\n|clearpoke\n|poke|p1|Tyranitar, L50, M|\n|poke|p1|Orthworm, L50, F|\n|poke|p1|Garchomp, L50, M|\n|poke|p1|Gastrodon, L50, M|\n|poke|p1|Dugtrio, L50, F|\n|poke|p1|Gliscor, L50, F|\n|poke|p2|Dragonite, L50, M|\n|poke|p2|Iron Hands, L50|\n|poke|p2|Kingambit, L50, M|\n|poke|p2|Iron Bundle, L50|\n|poke|p2|Flutter Mane, L50|\n|poke|p2|Urshifu-*, L50, M|\n|teampreview|4\n|inactive|Battle timer is ON: inactive players will automatically lose when time's up. (requested by zagreus134)\n|l|\u2606ImmatWork\n|inactive|ImmatWork disconnected and has a minute to reconnect!\n|player|p1|\n|j|\u2606ImmatWork\n|inactive|ImmatWork reconnected and has 70 seconds left.\n|player|p1|ImmatWork|psychic-gen4\n|inactive|ImmatWork has 60 seconds left.\n|\n|t:|1700692290\n|start\n|switch|p1a: Tyranitar|Tyranitar, L50, M|100\/100\n|switch|p1b: Orthworm|Orthworm, L50, F|100\/100\n|switch|p2a: Queen|Flutter Mane, L50|100\/100\n|switch|p2b: Bishop|Dragonite, L50, M|100\/100\n|-weather|Sandstorm|[from] ability: Sand Stream|[of] p1a: Tyranitar\n|turn|1\n|\n|t:|1700692305\n|move|p2a: Queen|Shadow Ball|p1b: Orthworm\n|-damage|p1b: Orthworm|60\/100\n|move|p2b: Bishop|Brick Break|p1a: Tyranitar\n|-supereffective|p1a: Tyranitar\n|-damage|p1a: Tyranitar|0 fnt\n|faint|p1a: Tyranitar\n|move|p1b: Orthworm|Shed Tail|p1b: Orthworm\n|-start|p1b: Orthworm|Substitute|[from] move: Shed Tail\n|-damage|p1b: Orthworm|10\/100\n|-enditem|p1b: Orthworm|Sitrus Berry|[eat]\n|-heal|p1b: Orthworm|34\/100|[from] item: Sitrus Berry\n|\n|t:|1700692319\n|switch|p1b: Garchomp|Garchomp, L50, M|100\/100|[from] Shed Tail\n|\n|-weather|Sandstorm|[upkeep]\n|-damage|p2a: Queen|94\/100|[from] Sandstorm\n|-damage|p2b: Bishop|95\/100|[from] Sandstorm\n|upkeep\n|\n|t:|1700692323\n|switch|p1a: Orthworm|Orthworm, L50, F|34\/100\n|turn|2\n|\n|t:|1700692328\n|-terastallize|p1b: Garchomp|Ground\n|move|p2a: Queen|Dazzling Gleam|p1b: Garchomp|[spread] p1a,p1b\n|-end|p1b: Garchomp|Substitute\n|-resisted|p1a: Orthworm\n|-damage|p1a: Orthworm|19\/100\n|move|p1b: Garchomp|Earthquake|p2a: Queen|[spread] p2a\n|-heal|p1a: Orthworm|44\/100|[from] ability: Earth Eater|[of] p1b: Garchomp\n|-immune|p2b: Bishop\n|-damage|p2a: Queen|3\/100\n|move|p2b: Bishop|Brick Break|p1a: Orthworm\n|-supereffective|p1a: Orthworm\n|-damage|p1a: Orthworm|0 fnt\n|faint|p1a: Orthworm\n|\n|-weather|Sandstorm|[upkeep]\n|-damage|p2a: Queen|0 fnt|[from] Sandstorm\n|-damage|p2b: Bishop|89\/100|[from] Sandstorm\n|faint|p2a: Queen\n|-end|p2a: Queen|Protosynthesis|[silent]\n|upkeep\n|\n|t:|1700692341\n|switch|p2a: Knight|Iron Bundle, L50|100\/100\n|switch|p1a: Gliscor|Gliscor, L50, F|100\/100\n|-enditem|p2a: Knight|Booster Energy\n|-activate|p2a: Knight|ability: Quark Drive|[fromitem]\n|-start|p2a: Knight|quarkdrivespe\n|turn|3\n|\n|t:|1700692353\n|switch|p2b: Pawn|Urshifu-Rapid-Strike, L50, M|100\/100\n|move|p1a: Gliscor|Protect|p1a: Gliscor\n|-singleturn|p1a: Gliscor|Protect\n|move|p2a: Knight|Icy Wind|p1b: Garchomp|[spread] p1b\n|-activate|p1a: Gliscor|move: Protect\n|-supereffective|p1b: Garchomp\n|-damage|p1b: Garchomp|70\/100\n|-unboost|p1b: Garchomp|spe|1\n|move|p1b: Garchomp|Swords Dance|p1b: Garchomp\n|-boost|p1b: Garchomp|atk|2\n|\n|-weather|Sandstorm|[upkeep]\n|-damage|p2a: Knight|94\/100|[from] Sandstorm\n|-damage|p2b: Pawn|95\/100|[from] Sandstorm\n|upkeep\n|turn|4\n|\n|t:|1700692372\n|-terastallize|p2b: Pawn|Water\n|move|p2a: Knight|Encore|p1b: Garchomp\n|-start|p1b: Garchomp|Encore\n|move|p2b: Pawn|Surging Strikes|p1a: Gliscor\n|-supereffective|p1a: Gliscor\n|-crit|p1a: Gliscor\n|-damage|p1a: Gliscor|31\/100\n|-supereffective|p1a: Gliscor\n|-crit|p1a: Gliscor\n|-damage|p1a: Gliscor|0 fnt\n|faint|p1a: Gliscor\n|-hitcount|p1: Gliscor|2\n|-damage|p2b: Pawn|85\/100|[from] item: Life Orb\n|move|p1b: Garchomp|Swords Dance|p1b: Garchomp\n|-boost|p1b: Garchomp|atk|2\n|\n|-weather|Sandstorm|[upkeep]\n|-damage|p2a: Knight|88\/100|[from] Sandstorm\n|-damage|p2b: Pawn|79\/100|[from] Sandstorm\n|upkeep\n|turn|5\n|-message|ImmatWork forfeited.\n|\n|win|zagreus134\n|raw|ImmatWork's rating: 1335 &rarr; <strong>1320<\/strong><br \/>(-15 for losing)\n|raw|zagreus134's rating: 1432 &rarr; <strong>1447<\/strong><br \/>(+15 for winning)\n|l|\u2606ImmatWork\n","uploadtime":1700692392,"views":21,"p1id":"immatwork","p2id":"zagreus134","formatid":"gen9vgc2023regulatione","rating":1320,"private":0,"password":""}