{"id":"gen9vgc2023regulatione-1994376716","p1":"Capi974","p2":"BlueJayX2","format":"[Gen 9] VGC 2023 Regulation E","log":"|j|\u2606Capi974\n|j|\u2606BlueJayX2\n|t:|1700436900\n|gametype|doubles\n|player|p1|Capi974|skier|1210\n|player|p2|BlueJayX2|marley|1304\n|teamsize|p1|6\n|teamsize|p2|6\n|gen|9\n|tier|[Gen 9] VGC 2023 Regulation E\n|rated|\n|rule|Species Clause: Limit one of each Pok\u00e9mon\n|rule|Item Clause: Limit one of each item\n|clearpoke\n|poke|p1|Glaceon, L50, M|\n|poke|p1|Roaring Moon, L50|\n|poke|p1|Flamigo, L50, M|\n|poke|p1|Iron Treads, L50|\n|poke|p1|Gyarados, L50, F|\n|poke|p1|Ninetales-Alola, L50, F|\n|poke|p2|Lucario, L50, F|\n|poke|p2|Arcanine-Hisui, L50, F|\n|poke|p2|Dragonite, L50, F|\n|poke|p2|Regieleki, L50|\n|poke|p2|Illumise, L50, F|\n|poke|p2|Sylveon, L50, F|\n|teampreview|4\n|inactive|Battle timer is ON: inactive players will automatically lose when time's up. (requested by BlueJayX2)\n|inactive|Capi974 has 60 seconds left.\n|inactive|Capi974 has 30 seconds left.\n|inactive|Capi974 has 20 seconds left.\n|inactive|Capi974 has 15 seconds left.\n|inactive|Capi974 has 10 seconds left.\n|\n|t:|1700436985\n|start\n|switch|p1a: Glaceon|Glaceon, L50, M|100\/100\n|switch|p1b: Ninetales|Ninetales-Alola, L50, F|100\/100\n|switch|p2a: Illumise|Illumise, L50, F, shiny|100\/100\n|switch|p2b: Sylveon|Sylveon, L50, F, shiny|100\/100\n|-weather|Snow|[from] ability: Snow Warning|[of] p1b: Ninetales\n|turn|1\n|\n|t:|1700437004\n|move|p2a: Illumise|Tailwind|p2a: Illumise\n|-sidestart|p2: BlueJayX2|move: Tailwind\n|move|p2b: Sylveon|Hyper Voice|p1b: Ninetales|[spread] p1b\n|-miss|p2b: Sylveon|p1a: Glaceon\n|-damage|p1b: Ninetales|56\/100\n|-enditem|p2b: Sylveon|Throat Spray\n|-boost|p2b: Sylveon|spa|1|[from] item: Throat Spray\n|move|p1b: Ninetales|Aurora Veil|p1b: Ninetales\n|-sidestart|p1: Capi974|move: Aurora Veil\n|move|p1a: Glaceon|Blizzard|p2a: Illumise|[spread] p2a,p2b\n|-damage|p2a: Illumise|44\/100\n|-damage|p2b: Sylveon|61\/100\n|-status|p2a: Illumise|frz\n|\n|-weather|Snow|[upkeep]\n|upkeep\n|turn|2\n|inactive|Capi974 has 30 seconds left.\n|\n|t:|1700437037\n|cant|p2a: Illumise|frz\n|move|p2b: Sylveon|Hyper Voice|p1a: Glaceon|[spread] p1a,p1b\n|-damage|p1a: Glaceon|55\/100\n|-damage|p1b: Ninetales|9\/100\n|move|p1b: Ninetales|Blizzard|p2b: Sylveon|[spread] p2a,p2b\n|-damage|p2a: Illumise|12\/100 frz\n|-damage|p2b: Sylveon|43\/100\n|move|p1a: Glaceon|Blizzard|p2b: Sylveon|[spread] p2a,p2b\n|-damage|p2a: Illumise|0 fnt\n|-damage|p2b: Sylveon|1\/100\n|faint|p2a: Illumise\n|\n|-weather|Snow|[upkeep]\n|upkeep\n|\n|t:|1700437056\n|switch|p2a: Regieleki|Regieleki, L50, shiny|100\/100\n|turn|3\n|\n|t:|1700437068\n|move|p2a: Regieleki|Extreme Speed|p1b: Ninetales\n|-enditem|p2a: Regieleki|Normal Gem|[from] gem\n|-damage|p1b: Ninetales|0 fnt\n|faint|p1b: Ninetales\n|move|p2b: Sylveon|Hyper Voice|p1a: Glaceon\n|-damage|p1a: Glaceon|0 fnt\n|faint|p1a: Glaceon\n|\n|-weather|Snow|[upkeep]\n|upkeep\n|\n|t:|1700437077\n|switch|p1b: Flamigo|Flamigo, L50, M|100\/100\n|switch|p1a: Gyarados|Gyarados, L50, F|100\/100\n|-ability|p1a: Gyarados|Intimidate|boost\n|-unboost|p2a: Regieleki|atk|1\n|-unboost|p2b: Sylveon|atk|1\n|turn|4\n|inactive|Capi974 has 30 seconds left.\n|inactive|Capi974 has 20 seconds left.\n|\n|t:|1700437112\n|-terastallize|p1b: Flamigo|Fighting\n|move|p1a: Gyarados|Protect|p1a: Gyarados\n|-singleturn|p1a: Gyarados|Protect\n|move|p2a: Regieleki|Wild Charge|p1b: Flamigo\n|-damage|p1b: Flamigo|67\/100\n|-damage|p2a: Regieleki|92\/100|[from] Recoil\n|move|p1b: Flamigo|Double Kick|p2b: Sylveon\n|-resisted|p2b: Sylveon\n|-damage|p2b: Sylveon|0 fnt\n|faint|p2b: Sylveon\n|-hitcount|p2: Sylveon|1\n|\n|-weather|Snow|[upkeep]\n|-sideend|p2: BlueJayX2|move: Tailwind\n|upkeep\n|\n|t:|1700437133\n|switch|p2b: Arcanine|Arcanine-Hisui, L50, F, shiny|100\/100\n|-ability|p2b: Arcanine|Intimidate|boost\n|-unboost|p1a: Gyarados|atk|1\n|-fail|p1b: Flamigo|unboost|Attack|[from] ability: Scrappy|[of] p1b: Flamigo\n|turn|5\n|\n|t:|1700437156\n|-terastallize|p2b: Arcanine|Dragon\n|move|p2a: Regieleki|Acrobatics|p1b: Flamigo\n|-supereffective|p1b: Flamigo\n|-damage|p1b: Flamigo|19\/100\n|move|p1b: Flamigo|Double Kick|p2b: Arcanine\n|-damage|p2b: Arcanine|75\/100\n|-damage|p2b: Arcanine|50\/100\n|-enditem|p2b: Arcanine|Sitrus Berry|[eat]\n|-heal|p2b: Arcanine|75\/100|[from] item: Sitrus Berry\n|-hitcount|p2b: Arcanine|2\n|move|p2b: Arcanine|Rock Slide|p1a: Gyarados|[spread] p1a,p1b\n|-supereffective|p1a: Gyarados\n|-resisted|p1b: Flamigo\n|-damage|p1a: Gyarados|65\/100\n|-damage|p1b: Flamigo|4\/100\n|cant|p1a: Gyarados|flinch\n|\n|-weather|none\n|upkeep\n|turn|6\n|inactive|Capi974 has 30 seconds left.\n|inactive|BlueJayX2 has 30 seconds left.\n|inactive|Capi974 has 20 seconds left.\n|inactive|Capi974 has 15 seconds left.\n|inactive|Capi974 has 10 seconds left.\n|inactive|Capi974 has 5 seconds left.\n|\n|t:|1700437211\n|move|p2b: Arcanine|Extreme Speed|p1b: Flamigo\n|-damage|p1b: Flamigo|0 fnt\n|faint|p1b: Flamigo\n|move|p2a: Regieleki|Wild Charge|p1a: Gyarados\n|-supereffective|p1a: Gyarados\n|-damage|p1a: Gyarados|0 fnt\n|faint|p1a: Gyarados\n|-damage|p2a: Regieleki|71\/100|[from] Recoil\n|\n|win|BlueJayX2\n|raw|Capi974's rating: 1210 &rarr; <strong>1192<\/strong><br \/>(-18 for losing)\n|raw|BlueJayX2's rating: 1304 &rarr; <strong>1319<\/strong><br \/>(+15 for winning)\n|c|\u2606BlueJayX2|Gg\n|l|\u2606Capi974\n","uploadtime":1700437812,"views":18,"p1id":"capi974","p2id":"bluejayx2","formatid":"gen9vgc2023regulatione","rating":1192,"private":0,"password":""}