{"id":"gen9vgc2023regulatione-1989133175","p1":"christianfinity","p2":"Kemils","format":"[Gen 9] VGC 2023 Regulation E","log":"|j|\u2606christianfinity\n|j|\u2606Kemils\n|n|\u2606christianfinity|christianfinity\n|n|\u2606Kemils|kemils\n|html|View the match progress at <a href=\"\/game-bestof3-gen9vgc2023regulatione-1989129619\">game-bestof3-gen9vgc2023regulatione-1989129619<\/a>\n|t:|1699815778\n|gametype|doubles\n|player|p1|christianfinity|youngathlete|\n|player|p2|Kemils|roxie|\n|teamsize|p1|6\n|teamsize|p2|6\n|gen|9\n|tier|[Gen 9] VGC 2023 Regulation E\n|rated|Tournament battle\n|rule|Species Clause: Limit one of each Pok\u00e9mon\n|rule|Item Clause: Limit one of each item\n|clearpoke\n|poke|p1|Ninetales-Alola, L50, F|\n|poke|p1|Baxcalibur, L50, M|\n|poke|p1|Arcanine-Hisui, L50, M|\n|poke|p1|Gholdengo, L50|\n|poke|p1|Rillaboom, L50, M|\n|poke|p1|Ogerpon-Wellspring, L50, F|\n|poke|p2|Goodra-Hisui, L50, M|\n|poke|p2|Flutter Mane, L50|\n|poke|p2|Ogerpon-Hearthflame, L50, F|\n|poke|p2|Rillaboom, L50, M|\n|poke|p2|Urshifu-*, L50, M|\n|poke|p2|Grimmsnarl, L50, M|\n|teampreview|4\n|j| TheRealMyan\n|j| bolokya\nKemils has agreed to open team sheets.\n|j| Izzywooperstan\nchristianfinity has agreed to open team sheets.\n|showteam|p1|Ninetales-Alola||LightClay|SnowWarning|AuroraVeil,IcyWind,Moonblast,Encore|||F|||50|,,,,,Ghost]Baxcalibur||ClearAmulet|IceBody|DragonDance,IcicleCrash,HighHorsepower,Protect|||M|||50|,,,,,Poison]Arcanine-Hisui||ChoiceBand|Intimidate|FlareBlitz,RockSlide,ExtremeSpeed,TeraBlast|||M|||50|,,,,,Fairy]Gholdengo||Leftovers|GoodasGold|NastyPlot,MakeItRain,ShadowBall,Protect||||||50|,,,,,Fairy]Rillaboom||AssaultVest|GrassySurge|FakeOut,GrassyGlide,DrumBeating,HighHorsepower|||M|||50|,,,,,Fire]Ogerpon-Wellspring||WellspringMask|WaterAbsorb|SwordsDance,IvyCudgel,HornLeech,SpikyShield|||F|||50|,,,,,Water\n|showteam|p2|Goodra-Hisui||Leftovers|ShellArmor|BodyPress,HeavySlam,Shelter,Protect|||M|||50|,,,,,Fairy]Flutter Mane||BoosterEnergy|Protosynthesis|Moonblast,IcyWind,ShadowBall,Protect||||||50|,,,,,Fairy]Ogerpon-Hearthflame||HearthflameMask|MoldBreaker|IvyCudgel,GrassyGlide,SwordsDance,SpikyShield|||F|||50|,,,,,Fire]Rillaboom||AssaultVest|GrassySurge|WoodHammer,GrassyGlide,HighHorsepower,FakeOut|||M|||50|,,,,,Fire]Urshifu-Rapid-Strike||ChoiceScarf|UnseenFist|SurgingStrikes,AquaJet,Uturn,CloseCombat|||M|||50|,,,,,Water]Grimmsnarl||LightClay|Prankster|SpiritBreak,ThunderWave,Reflect,LightScreen|||M|||50|,,,,,Ghost\n|\n|t:|1699815813\n|start\n|switch|p1a: Serendipity|Ninetales-Alola, L50, F, shiny|100\/100\n|switch|p1b: Kodiak Arcanine|Arcanine-Hisui, L50, M, shiny|100\/100\n|switch|p2a: Goodra|Goodra-Hisui, L50, M|100\/100\n|switch|p2b: Urshifu|Urshifu-Rapid-Strike, L50, M|100\/100\n|-weather|Snow|[from] ability: Snow Warning|[of] p1a: Serendipity\n|-ability|p1b: Kodiak Arcanine|Intimidate|boost\n|-unboost|p2a: Goodra|atk|1\n|-unboost|p2b: Urshifu|atk|1\n|turn|1\n|j| TJRaynes\n|\n|t:|1699815834\n|switch|p1b: Vacuole|Ogerpon-Wellspring, L50, F|100\/100\n|-terastallize|p2b: Urshifu|Water\n|move|p2b: Urshifu|Surging Strikes|p1a: Serendipity\n|-crit|p1a: Serendipity\n|-damage|p1a: Serendipity|77\/100\n|-crit|p1a: Serendipity\n|-damage|p1a: Serendipity|56\/100\n|-crit|p1a: Serendipity\n|-damage|p1a: Serendipity|33\/100\n|-hitcount|p1a: Serendipity|3\n|move|p1a: Serendipity|Icy Wind|p2a: Goodra|[spread] p2a,p2b\n|-resisted|p2b: Urshifu\n|-damage|p2a: Goodra|92\/100\n|-damage|p2b: Urshifu|92\/100\n|-unboost|p2a: Goodra|spe|1\n|-unboost|p2b: Urshifu|spe|1\n|move|p2a: Goodra|Shelter|p2a: Goodra\n|-boost|p2a: Goodra|def|2\n|\n|-weather|Snow|[upkeep]\n|-heal|p2a: Goodra|98\/100|[from] item: Leftovers\n|upkeep\n|turn|2\n|\n|t:|1699815866\n|move|p1a: Serendipity|Encore|p2a: Goodra\n|-start|p2a: Goodra|Encore\n|move|p1b: Vacuole|Horn Leech|p2b: Urshifu\n|-supereffective|p2b: Urshifu\n|-damage|p2b: Urshifu|13\/100\n|move|p2b: Urshifu|Surging Strikes|p1a: Serendipity\n|-crit|p1a: Serendipity\n|-damage|p1a: Serendipity|10\/100\n|-crit|p1a: Serendipity\n|-damage|p1a: Serendipity|0 fnt\n|faint|p1a: Serendipity\n|-hitcount|p1: Serendipity|2\n|move|p2a: Goodra|Shelter|p2a: Goodra\n|-boost|p2a: Goodra|def|2\n|\n|-weather|Snow|[upkeep]\n|-heal|p2a: Goodra|100\/100|[from] item: Leftovers\n|upkeep\n|j| ale cog\n|\n|t:|1699815875\n|switch|p1a: 50 Cent|Gholdengo, L50, shiny|100\/100\n|turn|3\n|\n|t:|1699815888\n|switch|p2b: Ogerpon|Ogerpon-Hearthflame, L50, F|100\/100\n|-ability|p2b: Ogerpon|Mold Breaker\n|move|p1b: Vacuole|Ivy Cudgel|p2b: Ogerpon\n|-damage|p2b: Ogerpon|40\/100\n|move|p1a: 50 Cent|Nasty Plot|p1a: 50 Cent\n|-boost|p1a: 50 Cent|spa|2\n|move|p2a: Goodra|Shelter|p2a: Goodra\n|-boost|p2a: Goodra|def|2\n|\n|-weather|Snow|[upkeep]\n|upkeep\n|turn|4\n|j| AJD55\n|\n|t:|1699815907\n|move|p2b: Ogerpon|Spiky Shield|p2b: Ogerpon\n|-singleturn|p2b: Ogerpon|move: Protect\n|move|p1a: 50 Cent|Protect|p1a: 50 Cent\n|-singleturn|p1a: 50 Cent|Protect\n|move|p1b: Vacuole|Ivy Cudgel|p2b: Ogerpon\n|-activate|p2b: Ogerpon|move: Protect\n|move|p2a: Goodra|Shelter|p2a: Goodra\n|-boost|p2a: Goodra|def|0\n|\n|-weather|Snow|[upkeep]\n|-end|p2a: Goodra|Encore\n|upkeep\n|turn|5\n|\n|t:|1699815924\n|switch|p1a: Kodiak Arcanine|Arcanine-Hisui, L50, M, shiny|100\/100\n|-ability|p1a: Kodiak Arcanine|Intimidate|boost\n|-unboost|p2a: Goodra|atk|1\n|-unboost|p2b: Ogerpon|atk|1\n|move|p2b: Ogerpon|Ivy Cudgel|p1a: Kodiak Arcanine\n|-resisted|p1a: Kodiak Arcanine\n|-damage|p1a: Kodiak Arcanine|91\/100\n|move|p1b: Vacuole|Ivy Cudgel|p2b: Ogerpon\n|-damage|p2b: Ogerpon|0 fnt\n|faint|p2b: Ogerpon\n|move|p2a: Goodra|Body Press|p1b: Vacuole\n|-damage|p1b: Vacuole|0 fnt\n|faint|p1b: Vacuole\n|\n|-weather|none\n|upkeep\n|\n|t:|1699815943\n|switch|p2b: Flutter Mane|Flutter Mane, L50|100\/100\n|switch|p1b: 50 Cent|Gholdengo, L50, shiny|100\/100\n|-enditem|p2b: Flutter Mane|Booster Energy\n|-activate|p2b: Flutter Mane|ability: Protosynthesis|[fromitem]\n|-start|p2b: Flutter Mane|protosynthesisspe\n|turn|6\n|\n|t:|1699815968\n|move|p2b: Flutter Mane|Protect|p2b: Flutter Mane\n|-singleturn|p2b: Flutter Mane|Protect\n|move|p1b: 50 Cent|Protect|p1b: 50 Cent\n|-singleturn|p1b: 50 Cent|Protect\n|move|p1a: Kodiak Arcanine|Flare Blitz|p2b: Flutter Mane\n|-activate|p2b: Flutter Mane|move: Protect\n|move|p2a: Goodra|Body Press|p1a: Kodiak Arcanine\n|-supereffective|p1a: Kodiak Arcanine\n|-damage|p1a: Kodiak Arcanine|0 fnt\n|faint|p1a: Kodiak Arcanine\n|\n|upkeep\n|turn|7\n|\n|t:|1699815981\n|move|p2b: Flutter Mane|Shadow Ball|p1b: 50 Cent\n|-supereffective|p1b: 50 Cent\n|-damage|p1b: 50 Cent|23\/100\n|move|p1b: 50 Cent|Shadow Ball|p2b: Flutter Mane\n|-supereffective|p2b: Flutter Mane\n|-damage|p2b: Flutter Mane|21\/100\n|move|p2a: Goodra|Heavy Slam|p1b: 50 Cent\n|-resisted|p1b: 50 Cent\n|-damage|p1b: 50 Cent|14\/100\n|\n|-heal|p1b: 50 Cent|20\/100|[from] item: Leftovers\n|upkeep\n|turn|8\n|l| TJRaynes\n|\n|t:|1699815994\n|move|p2b: Flutter Mane|Shadow Ball|p1b: 50 Cent\n|-supereffective|p1b: 50 Cent\n|-damage|p1b: 50 Cent|0 fnt\n|faint|p1b: 50 Cent\n|\n|win|Kemils\n|c|&|\/uhtml prompt-christianfinity,christianfinity is ready for game 3!\n|c|&|\/uhtml prompt-kemils,Kemils is ready for game 3!\nBoth players are ready! Starting next match!\n|l| Izzywooperstan\n|l| TheRealMyan\n|j| TheRealMyan\n|l| TheRealMyan\n|l| AJD55\n|l|\u2606Kemils\n|l| ale cog\n|l| bolokya\n|player|p1|christianfinity|youngathlete\n","uploadtime":1699817347,"views":22,"p1id":"christianfinity","p2id":"kemils","formatid":"gen9vgc2023regulatione","rating":0,"private":0,"password":""}