{"id":"gen9vgc2023regulatione-1988339365","p1":"Ethan1211","p2":"BlindMagneton","format":"[Gen 9] VGC 2023 Regulation E","log":"|j|\u2606Ethan1211\n|j|\u2606BlindMagneton\n|t:|1699710879\n|gametype|doubles\n|player|p1|Ethan1211|1|1132\n|player|p2|BlindMagneton|wattson|1236\n|teamsize|p1|6\n|teamsize|p2|6\n|gen|9\n|tier|[Gen 9] VGC 2023 Regulation E\n|rated|\n|rule|Species Clause: Limit one of each Pok\u00e9mon\n|rule|Item Clause: Limit one of each item\n|clearpoke\n|poke|p1|Gyarados, L50, F|\n|poke|p1|Volcarona, L50, F|\n|poke|p1|Iron Bundle, L50|\n|poke|p1|Sinistcha, L50|\n|poke|p1|Ninetales-Alola, L50, F|\n|poke|p1|Iron Hands, L50|\n|poke|p2|Zoroark-Hisui, L50, M|\n|poke|p2|Grimmsnarl, L50, M|\n|poke|p2|Magnezone, L50|\n|poke|p2|Weezing-Galar, L50, F|\n|poke|p2|Ogerpon-Wellspring, L50, F|\n|poke|p2|Farigiraf, L50, F|\n|teampreview|4\n|inactive|Battle timer is ON: inactive players will automatically lose when time's up. (requested by Ethan1211)\n|\n|t:|1699710977\n|start\n|switch|p1a: Iron Hands|Iron Hands, L50|100\/100\n|switch|p1b: Iron Bundle|Iron Bundle, L50|100\/100\n|switch|p2a: Grimmsnarl|Grimmsnarl, L50, M|100\/100\n|switch|p2b: Magnezone|Magnezone, L50|100\/100\n|-enditem|p1b: Iron Bundle|Booster Energy\n|-activate|p1b: Iron Bundle|ability: Quark Drive|[fromitem]\n|-start|p1b: Iron Bundle|quarkdrivespe\n|turn|1\n|inactive|Ethan1211 has 30 seconds left.\n|\n|t:|1699711007\n|move|p1a: Iron Hands|Fake Out|p2a: Grimmsnarl\n|-damage|p2a: Grimmsnarl|84\/100\n|move|p2a: Grimmsnarl|Thunder Wave|p1b: Iron Bundle\n|-status|p1b: Iron Bundle|par\n|move|p2b: Magnezone|Hex|p1b: Iron Bundle\n|-damage|p1b: Iron Bundle|3\/100 par\n|move|p1b: Iron Bundle|Icy Wind|p2b: Magnezone|[spread] p2a,p2b\n|-damage|p2a: Grimmsnarl|67\/100\n|-damage|p2b: Magnezone|61\/100\n|-unboost|p2b: Magnezone|spe|1\n|replace|p2b: Zoroark|Zoroark-Hisui, L50, M\n|-end|p2b: Zoroark|Illusion\n|\n|upkeep\n|turn|2\n|inactive|Ethan1211 has 30 seconds left.\n|inactive|BlindMagneton has 30 seconds left.\n|inactive|Ethan1211 has 20 seconds left.\n|inactive|BlindMagneton has 20 seconds left.\n|inactive|BlindMagneton has 15 seconds left.\n|\n|t:|1699711050\n|-end|p1a: Iron Hands|Quark Drive|[silent]\n|switch|p1a: Ninetales|Ninetales-Alola, L50, F|100\/100\n|-weather|Snow|[from] ability: Snow Warning|[of] p1a: Ninetales\n|move|p2b: Zoroark|Protect|p2b: Zoroark\n|-singleturn|p2b: Zoroark|Protect\n|move|p1b: Iron Bundle|Aurora Veil|p1b: Iron Bundle\n|-sidestart|p1: Ethan1211|move: Aurora Veil\n|move|p2a: Grimmsnarl|Spirit Break|p1b: Iron Bundle\n|-damage|p1b: Iron Bundle|0 fnt\n|faint|p1b: Iron Bundle\n|-end|p1b: Iron Bundle|Quark Drive|[silent]\n|\n|-weather|Snow|[upkeep]\n|upkeep\n|\n|t:|1699711062\n|switch|p1b: Iron Hands|Iron Hands, L50|100\/100\n|turn|3\n|inactive|BlindMagneton has 30 seconds left.\n|\n|t:|1699711090\n|move|p1b: Iron Hands|Fake Out|p2b: Zoroark\n|-immune|p2b: Zoroark\n|move|p2a: Grimmsnarl|Thunder Wave|p1a: Ninetales\n|-status|p1a: Ninetales|par\n|move|p2b: Zoroark|Will-O-Wisp|p1b: Iron Hands\n|-status|p1b: Iron Hands|brn\n|move|p1a: Ninetales|Blizzard|p2b: Zoroark|[spread] p2a,p2b\n|-damage|p2a: Grimmsnarl|16\/100\n|-damage|p2b: Zoroark|0 fnt\n|faint|p2b: Zoroark\n|\n|-weather|Snow|[upkeep]\n|-damage|p1b: Iron Hands|95\/100 brn|[from] brn\n|upkeep\n|\n|t:|1699711103\n|switch|p2b: Ogerpon|Ogerpon-Wellspring, L50, F|100\/100\n|turn|4\n|\n|t:|1699711120\n|move|p2a: Grimmsnarl|Parting Shot|p1a: Ninetales\n|-unboost|p1a: Ninetales|atk|1\n|-unboost|p1a: Ninetales|spa|1\n|\n|t:|1699711122\n|switch|p2a: Magnezone|Magnezone, L50|100\/100|[from] Parting Shot\n|move|p2b: Ogerpon|Encore|p1b: Iron Hands\n|-start|p1b: Iron Hands|Encore\n|move|p1a: Ninetales|Blizzard|p2a: Magnezone|[spread] p2a,p2b\n|-resisted|p2a: Magnezone\n|-damage|p2a: Magnezone|84\/100\n|-damage|p2b: Ogerpon|60\/100\n|move|p1b: Iron Hands|Fake Out||[still]\n|-hint|Fake Out only works on your first turn out.\n|-fail|p1b: Iron Hands\n|\n|-weather|Snow|[upkeep]\n|-damage|p1b: Iron Hands|89\/100 brn|[from] brn\n|upkeep\n|turn|5\n|inactive|Ethan1211 has 30 seconds left.\n|inactive|BlindMagneton has 30 seconds left.\n|inactive|Ethan1211 has 20 seconds left.\n|inactive|Ethan1211 has 15 seconds left.\n|inactive|Ethan1211 has 10 seconds left.\n|inactive|Ethan1211 has 5 seconds left.\n|\n|t:|1699711178\n|-terastallize|p2b: Ogerpon|Water\n|detailschange|p2b: Ogerpon|Ogerpon-Wellspring-Tera, L50, F, tera:Water\n|-ability|p2b: Ogerpon|Embody Aspect (Wellspring)|boost\n|-boost|p2b: Ogerpon|spd|1\n|move|p1b: Iron Hands|Fake Out||[still]\n|-hint|Fake Out only works on your first turn out.\n|-fail|p1b: Iron Hands\n|move|p2b: Ogerpon|Ivy Cudgel|p1a: Ninetales\n|-damage|p1a: Ninetales|52\/100 par\n|move|p1a: Ninetales|Blizzard|p2a: Magnezone|[spread] p2a,p2b\n|-resisted|p2a: Magnezone\n|-resisted|p2b: Ogerpon\n|-damage|p2a: Magnezone|68\/100\n|-damage|p2b: Ogerpon|46\/100\n|move|p2a: Magnezone|Flash Cannon|p1a: Ninetales\n|-supereffective|p1a: Ninetales\n|-damage|p1a: Ninetales|0 fnt\n|faint|p1a: Ninetales\n|\n|-weather|Snow|[upkeep]\n|-damage|p1b: Iron Hands|83\/100 brn|[from] brn\n|upkeep\n|inactive|Ethan1211 has 30 seconds left.\n|\n|t:|1699711203\n|switch|p1a: Sinistcha|Sinistcha, L50|100\/100\n|-heal|p1b: Iron Hands|100\/100 brn|[from] ability: Hospitality|[of] p1a: Sinistcha\n|turn|6\n|inactive|BlindMagneton has 30 seconds left.\n|inactive|BlindMagneton has 20 seconds left.\n|inactive|BlindMagneton has 15 seconds left.\n|inactive|BlindMagneton has 10 seconds left.\n|inactive|BlindMagneton has 5 seconds left.\n|\n|t:|1699711254\n|move|p1b: Iron Hands|Fake Out||[still]\n|-hint|Fake Out only works on your first turn out.\n|-fail|p1b: Iron Hands\n|move|p2b: Ogerpon|Knock Off|p1a: Sinistcha\n|-supereffective|p1a: Sinistcha\n|-damage|p1a: Sinistcha|55\/100\n|-enditem|p1a: Sinistcha|Wiki Berry|[from] move: Knock Off|[of] p2b: Ogerpon\n|move|p1a: Sinistcha|Calm Mind|p1a: Sinistcha\n|-boost|p1a: Sinistcha|spa|1\n|-boost|p1a: Sinistcha|spd|1\n|move|p2a: Magnezone|Flash Cannon|p1a: Sinistcha\n|-damage|p1a: Sinistcha|32\/100\n|\n|-weather|none\n|-damage|p1b: Iron Hands|95\/100 brn|[from] brn\n|-end|p1b: Iron Hands|Encore\n|-sideend|p1: Ethan1211|move: Aurora Veil\n|upkeep\n|turn|7\n|inactive|Ethan1211 has 30 seconds left.\n|inactive|Ethan1211 has 20 seconds left.\n|\n|t:|1699711292\n|-terastallize|p1a: Sinistcha|Dragon\n|move|p2b: Ogerpon|Encore|p1b: Iron Hands\n|-start|p1b: Iron Hands|Encore\n|move|p1a: Sinistcha|Matcha Gotcha|p2a: Magnezone|[spread] p2a\n|-miss|p1a: Sinistcha|p2b: Ogerpon\n|-resisted|p2a: Magnezone\n|-damage|p2a: Magnezone|52\/100\n|-heal|p1a: Sinistcha|40\/100|[from] drain|[of] p2a: Magnezone\n|move|p2a: Magnezone|Flash Cannon|p1a: Sinistcha\n|-damage|p1a: Sinistcha|15\/100\n|move|p1b: Iron Hands|Fake Out||[still]\n|-hint|Fake Out only works on your first turn out.\n|-fail|p1b: Iron Hands\n|\n|-damage|p1b: Iron Hands|89\/100 brn|[from] brn\n|upkeep\n|turn|8\n|\n|t:|1699711309\n|move|p2b: Ogerpon|Spiky Shield|p2b: Ogerpon\n|-singleturn|p2b: Ogerpon|move: Protect\n|move|p1b: Iron Hands|Fake Out||[still]\n|-hint|Fake Out only works on your first turn out.\n|-fail|p1b: Iron Hands\n|move|p1a: Sinistcha|Matcha Gotcha|p2b: Ogerpon|[spread] p2a\n|-activate|p2b: Ogerpon|move: Protect\n|-resisted|p2a: Magnezone\n|-damage|p2a: Magnezone|36\/100\n|-heal|p1a: Sinistcha|23\/100|[from] drain|[of] p2a: Magnezone\n|-status|p2a: Magnezone|brn\n|move|p2a: Magnezone|Flash Cannon|p1a: Sinistcha\n|-damage|p1a: Sinistcha|0 fnt\n|faint|p1a: Sinistcha\n|\n|-damage|p2a: Magnezone|30\/100 brn|[from] brn\n|-damage|p1b: Iron Hands|83\/100 brn|[from] brn\n|upkeep\n|turn|9\n|\n|t:|1699711331\n|move|p1b: Iron Hands|Fake Out||[still]\n|-hint|Fake Out only works on your first turn out.\n|-fail|p1b: Iron Hands\n|move|p2b: Ogerpon|Knock Off|p1b: Iron Hands\n|-resisted|p1b: Iron Hands\n|-damage|p1b: Iron Hands|69\/100 brn\n|-enditem|p1b: Iron Hands|Assault Vest|[from] move: Knock Off|[of] p2b: Ogerpon\n|move|p2a: Magnezone|Thunderbolt|p1b: Iron Hands\n|-resisted|p1b: Iron Hands\n|-damage|p1b: Iron Hands|44\/100 brn\n|\n|-damage|p2a: Magnezone|24\/100 brn|[from] brn\n|-damage|p1b: Iron Hands|38\/100 brn|[from] brn\n|-end|p1b: Iron Hands|Encore\n|upkeep\n|turn|10\n|\n|t:|1699711344\n|move|p2b: Ogerpon|Encore|p1b: Iron Hands\n|-start|p1b: Iron Hands|Encore\n|move|p2a: Magnezone|Thunderbolt|p1b: Iron Hands\n|-resisted|p1b: Iron Hands\n|-damage|p1b: Iron Hands|19\/100 brn\n|move|p1b: Iron Hands|Fake Out||[still]\n|-hint|Fake Out only works on your first turn out.\n|-fail|p1b: Iron Hands\n|\n|-damage|p2a: Magnezone|18\/100 brn|[from] brn\n|-damage|p1b: Iron Hands|13\/100 brn|[from] brn\n|upkeep\n|turn|11\n|\n|t:|1699711357\n|move|p1b: Iron Hands|Fake Out||[still]\n|-hint|Fake Out only works on your first turn out.\n|-fail|p1b: Iron Hands\n|move|p2b: Ogerpon|Ivy Cudgel|p1b: Iron Hands\n|-crit|p1b: Iron Hands\n|-damage|p1b: Iron Hands|0 fnt\n|faint|p1b: Iron Hands\n|-end|p1b: Iron Hands|Quark Drive|[silent]\n|\n|win|BlindMagneton\n|raw|Ethan1211's rating: 1132 &rarr; <strong>1114<\/strong><br \/>(-18 for losing)\n|raw|BlindMagneton's rating: 1236 &rarr; <strong>1254<\/strong><br \/>(+18 for winning)\n","uploadtime":1699711361,"views":9,"p1id":"ethan1211","p2id":"blindmagneton","formatid":"gen9vgc2023regulatione","rating":1114,"private":0,"password":""}