{"id":"gen9vgc2023regulatione-1991303352","p1":"Krjzk","p2":"zpoogi","format":"[Gen 9] VGC 2023 Regulation E","log":"|j|\u2606Krjzk\n|j|\u2606zpoogi\n|t:|1700065834\n|gametype|doubles\n|player|p1|Krjzk|lance|1125\n|player|p2|zpoogi|sordward|1230\n|teamsize|p1|6\n|teamsize|p2|6\n|gen|9\n|tier|[Gen 9] VGC 2023 Regulation E\n|rated|\n|rule|Species Clause: Limit one of each Pok\u00e9mon\n|rule|Item Clause: Limit one of each item\n|clearpoke\n|poke|p1|Flutter Mane, L50|\n|poke|p1|Tornadus, L50, M|\n|poke|p1|Rillaboom, L50, F|\n|poke|p1|Garganacl, L50, M|\n|poke|p1|Arcanine-Hisui, L50, M|\n|poke|p1|Chien-Pao, L50|\n|poke|p2|Golem-Alola, L50, M|\n|poke|p2|Sinistcha, L50|\n|poke|p2|Dondozo, L50, M|\n|poke|p2|Iron Hands, L50|\n|poke|p2|Raichu, L50, M|\n|poke|p2|Rabsca, L50, F|\n|teampreview|4\n|\n|t:|1700065862\n|start\n|switch|p1a: Tornadus|Tornadus, L50, M|100\/100\n|switch|p1b: Garganacl|Garganacl, L50, M|100\/100\n|switch|p2a: Golem|Golem-Alola, L50, M|100\/100\n|switch|p2b: Rabsca|Rabsca, L50, F|100\/100\n|turn|1\n|inactive|Battle timer is ON: inactive players will automatically lose when time's up. (requested by zpoogi)\n|\n|t:|1700065884\n|-terastallize|p2b: Rabsca|Dark\n|-terastallize|p1b: Garganacl|Ghost\n|move|p2a: Golem|Protect|p2a: Golem\n|-singleturn|p2a: Golem|Protect\n|move|p1a: Tornadus|Taunt|p2b: Rabsca\n|-hint|Since gen 7, Dark is immune to Prankster moves.\n|-immune|p2b: Rabsca\n|move|p1b: Garganacl|Salt Cure|p2b: Rabsca\n|-damage|p2b: Rabsca|85\/100\n|-start|p2b: Rabsca|Salt Cure\n|move|p2b: Rabsca|Trick Room|p2b: Rabsca\n|-fieldstart|move: Trick Room|[of] p2b: Rabsca\n|\n|-damage|p2b: Rabsca|73\/100|[from] Salt Cure\n|upkeep\n|turn|2\n|\n|t:|1700065901\n|move|p1b: Garganacl|Protect|p1b: Garganacl\n|-singleturn|p1b: Garganacl|Protect\n|move|p2a: Golem|Explosion|p1a: Tornadus|[spread] p1a\n|-activate|p1b: Garganacl|move: Protect\n|-activate|p2b: Rabsca|ability: Telepathy\n|-supereffective|p1a: Tornadus\n|-damage|p1a: Tornadus|0 fnt\n|faint|p2a: Golem\n|faint|p1a: Tornadus\n|move|p2b: Rabsca|Revival Blessing|p2b: Rabsca\n|-enditem|p2b: Rabsca|Leppa Berry|[eat]\n|-activate|p2b: Rabsca|item: Leppa Berry|Revival Blessing|[consumed]\n|\n|t:|1700065903\n|-heal|p2: Golem|50\/100|[from] move: Revival Blessing\n|switch|p2a: Golem|Golem-Alola, L50, M|50\/100\n|\n|-damage|p2b: Rabsca|61\/100|[from] Salt Cure\n|upkeep\n|\n|t:|1700065909\n|switch|p1a: Rillaboom|Rillaboom, L50, F|100\/100\n|-fieldstart|move: Grassy Terrain|[from] ability: Grassy Surge|[of] p1a: Rillaboom\n|turn|3\n|\n|t:|1700065919\n|move|p2a: Golem|Protect|p2a: Golem\n|-singleturn|p2a: Golem|Protect\n|move|p2b: Rabsca|Protect|p2b: Rabsca\n|-singleturn|p2b: Rabsca|Protect\n|move|p1a: Rillaboom|Grassy Glide|p2a: Golem\n|-activate|p2a: Golem|move: Protect\n|move|p1b: Garganacl|Iron Defense|p1b: Garganacl\n|-boost|p1b: Garganacl|def|2\n|\n|-heal|p2a: Golem|56\/100|[from] Grassy Terrain\n|-heal|p2b: Rabsca|67\/100|[from] Grassy Terrain\n|-damage|p2b: Rabsca|55\/100|[from] Salt Cure\n|upkeep\n|turn|4\n|\n|t:|1700065943\n|switch|p2a: Sinistcha|Sinistcha, L50|100\/100\n|-heal|p2b: Rabsca|80\/100|[from] ability: Hospitality|[of] p2a: Sinistcha\n|switch|p2b: Iron Hands|Iron Hands, L50|100\/100\n|move|p1a: Rillaboom|Grassy Glide|p2a: Sinistcha\n|-resisted|p2a: Sinistcha\n|-damage|p2a: Sinistcha|83\/100\n|move|p1b: Garganacl|Salt Cure|p2a: Sinistcha\n|-damage|p2a: Sinistcha|71\/100\n|-start|p2a: Sinistcha|Salt Cure\n|\n|-heal|p2a: Sinistcha|76\/100|[from] Grassy Terrain\n|-damage|p2a: Sinistcha|64\/100|[from] Salt Cure\n|upkeep\n|turn|5\n|\n|t:|1700065956\n|move|p1b: Garganacl|Salt Cure|p2b: Iron Hands\n|-resisted|p2b: Iron Hands\n|-damage|p2b: Iron Hands|96\/100\n|-start|p2b: Iron Hands|Salt Cure\n|move|p2b: Iron Hands|Electric Terrain|p2b: Iron Hands\n|-fieldstart|move: Electric Terrain\n|-activate|p2b: Iron Hands|ability: Quark Drive\n|-start|p2b: Iron Hands|quarkdriveatk\n|move|p2a: Sinistcha|Nasty Plot|p2a: Sinistcha\n|-boost|p2a: Sinistcha|spa|2\n|move|p1a: Rillaboom|Wood Hammer|p2a: Sinistcha\n|-resisted|p2a: Sinistcha\n|-damage|p2a: Sinistcha|35\/100\n|-damage|p1a: Rillaboom|92\/100|[from] Recoil\n|\n|-damage|p2b: Iron Hands|84\/100|[from] Salt Cure\n|-damage|p2a: Sinistcha|23\/100|[from] Salt Cure\n|-fieldend|move: Trick Room\n|upkeep\n|turn|6\n|inactive|zpoogi has 30 seconds left.\n|\n|t:|1700065987\n|move|p1b: Garganacl|Protect|p1b: Garganacl\n|-singleturn|p1b: Garganacl|Protect\n|move|p1a: Rillaboom|Wood Hammer|p2a: Sinistcha\n|-resisted|p2a: Sinistcha\n|-damage|p2a: Sinistcha|0 fnt\n|faint|p2a: Sinistcha\n|-damage|p1a: Rillaboom|86\/100|[from] Recoil\n|move|p2b: Iron Hands|Drain Punch|p1a: Rillaboom\n|-damage|p1a: Rillaboom|34\/100\n|-heal|p2b: Iron Hands|100\/100|[from] drain|[of] p1a: Rillaboom\n|\n|-damage|p2b: Iron Hands|88\/100|[from] Salt Cure\n|upkeep\n|\n|t:|1700065990\n|switch|p2a: Rabsca|Rabsca, L50, F, tera:Dark|80\/100\n|turn|7\n|\n|t:|1700066014\n|move|p1a: Rillaboom|Drain Punch|p2a: Rabsca\n|-supereffective|p2a: Rabsca\n|-damage|p2a: Rabsca|24\/100\n|-heal|p1a: Rillaboom|58\/100|[from] drain|[of] p2a: Rabsca\n|move|p2b: Iron Hands|Wild Charge|p1a: Rillaboom\n|-resisted|p1a: Rillaboom\n|-damage|p1a: Rillaboom|24\/100\n|-damage|p2b: Iron Hands|81\/100|[from] Recoil\n|move|p1b: Garganacl|Iron Defense|p1b: Garganacl\n|-boost|p1b: Garganacl|def|2\n|move|p2a: Rabsca|Trick Room|p2a: Rabsca\n|-fieldstart|move: Trick Room|[of] p2a: Rabsca\n|\n|-damage|p2b: Iron Hands|69\/100|[from] Salt Cure\n|upkeep\n|turn|8\n|\n|t:|1700066038\n|switch|p2a: Golem|Golem-Alola, L50, M|56\/100\n|move|p1b: Garganacl|Salt Cure|p2a: Golem\n|-damage|p2a: Golem|44\/100\n|-start|p2a: Golem|Salt Cure\n|move|p2b: Iron Hands|Drain Punch|p1a: Rillaboom\n|-damage|p1a: Rillaboom|0 fnt\n|-heal|p2b: Iron Hands|78\/100|[from] drain|[of] p1a: Rillaboom\n|faint|p1a: Rillaboom\n|\n|-damage|p2a: Golem|32\/100|[from] Salt Cure\n|-damage|p2b: Iron Hands|66\/100|[from] Salt Cure\n|upkeep\n|\n|t:|1700066044\n|switch|p1a: Flutter Mane|Flutter Mane, L50|100\/100\n|-enditem|p1a: Flutter Mane|Booster Energy\n|-activate|p1a: Flutter Mane|ability: Protosynthesis|[fromitem]\n|-start|p1a: Flutter Mane|protosynthesisspe\n|turn|9\n|\n|t:|1700066058\n|move|p2a: Golem|Protect|p2a: Golem\n|-singleturn|p2a: Golem|Protect\n|move|p1a: Flutter Mane|Protect|p1a: Flutter Mane\n|-singleturn|p1a: Flutter Mane|Protect\n|move|p1b: Garganacl|Recover||[still]\n|-fail|p1b: Garganacl|heal\n|move|p2b: Iron Hands|Wild Charge|p1a: Flutter Mane\n|-activate|p1a: Flutter Mane|move: Protect\n|\n|-damage|p2a: Golem|20\/100|[from] Salt Cure\n|-damage|p2b: Iron Hands|54\/100|[from] Salt Cure\n|-fieldend|move: Electric Terrain\n|-end|p2b: Iron Hands|Quark Drive\n|upkeep\n|turn|10\n|\n|t:|1700066081\n|-end|p2b: Iron Hands|Quark Drive|[silent]\n|switch|p2b: Rabsca|Rabsca, L50, F, tera:Dark|24\/100\n|move|p1a: Flutter Mane|Protect||[still]\n|-fail|p1a: Flutter Mane\n|move|p2a: Golem|Explosion|p1b: Garganacl|[spread] p1a,p1b\n|-activate|p2b: Rabsca|ability: Telepathy\n|-damage|p1a: Flutter Mane|0 fnt\n|-damage|p1b: Garganacl|65\/100\n|faint|p2a: Golem\n|faint|p1a: Flutter Mane\n|-end|p1a: Flutter Mane|Protosynthesis|[silent]\n|move|p1b: Garganacl|Salt Cure|p2b: Rabsca\n|-damage|p2b: Rabsca|10\/100\n|-start|p2b: Rabsca|Salt Cure\n|\n|-damage|p2b: Rabsca|0 fnt|[from] Salt Cure\n|faint|p2b: Rabsca\n|upkeep\n|\n|t:|1700066103\n|switch|p2a: Iron Hands|Iron Hands, L50|54\/100\n|turn|11\n|\n|t:|1700066113\n|move|p1b: Garganacl|Salt Cure|p2a: Iron Hands\n|-resisted|p2a: Iron Hands\n|-damage|p2a: Iron Hands|49\/100\n|-start|p2a: Iron Hands|Salt Cure\n|-enditem|p2a: Iron Hands|Sitrus Berry|[eat]\n|-heal|p2a: Iron Hands|74\/100|[from] item: Sitrus Berry\n|move|p2a: Iron Hands|Electric Terrain|p2a: Iron Hands\n|-fieldstart|move: Electric Terrain\n|-activate|p2a: Iron Hands|ability: Quark Drive\n|-start|p2a: Iron Hands|quarkdriveatk\n|\n|-damage|p2a: Iron Hands|62\/100|[from] Salt Cure\n|-fieldend|move: Trick Room\n|upkeep\n|turn|12\n|\n|t:|1700066128\n|move|p2a: Iron Hands|Wild Charge|p1b: Garganacl\n|-damage|p1b: Garganacl|46\/100\n|-enditem|p1b: Garganacl|Sitrus Berry|[eat]\n|-heal|p1b: Garganacl|71\/100|[from] item: Sitrus Berry\n|-damage|p2a: Iron Hands|58\/100|[from] Recoil\n|move|p1b: Garganacl|Recover|p1b: Garganacl\n|-heal|p1b: Garganacl|100\/100\n|\n|-damage|p2a: Iron Hands|45\/100|[from] Salt Cure\n|upkeep\n|turn|13\n|\n|t:|1700066133\n|move|p2a: Iron Hands|Wild Charge|p1b: Garganacl\n|-damage|p1b: Garganacl|81\/100\n|-damage|p2a: Iron Hands|41\/100|[from] Recoil\n|move|p1b: Garganacl|Iron Defense|p1b: Garganacl\n|-boost|p1b: Garganacl|def|2\n|\n|-damage|p2a: Iron Hands|29\/100|[from] Salt Cure\n|upkeep\n|turn|14\n|\n|t:|1700066137\n|move|p1b: Garganacl|Protect|p1b: Garganacl\n|-singleturn|p1b: Garganacl|Protect\n|move|p2a: Iron Hands|Wild Charge|p1b: Garganacl\n|-activate|p1b: Garganacl|move: Protect\n|\n|-damage|p2a: Iron Hands|17\/100|[from] Salt Cure\n|upkeep\n|turn|15\n|\n|t:|1700066139\n|move|p2a: Iron Hands|Wild Charge|p1b: Garganacl\n|-damage|p1b: Garganacl|68\/100\n|-damage|p2a: Iron Hands|14\/100|[from] Recoil\n|move|p1b: Garganacl|Recover|p1b: Garganacl\n|-heal|p1b: Garganacl|100\/100\n|\n|-damage|p2a: Iron Hands|2\/100|[from] Salt Cure\n|-fieldend|move: Electric Terrain\n|-end|p2a: Iron Hands|Quark Drive\n|upkeep\n|turn|16\n|\n|t:|1700066142\n|move|p2a: Iron Hands|Wild Charge|p1b: Garganacl\n|-damage|p1b: Garganacl|91\/100\n|-damage|p2a: Iron Hands|0 fnt|[from] Recoil\n|faint|p2a: Iron Hands\n|-end|p2a: Iron Hands|Quark Drive|[silent]\n|\n|win|Krjzk\n|raw|Krjzk's rating: 1125 &rarr; <strong>1157<\/strong><br \/>(+32 for winning)\n|raw|zpoogi's rating: 1230 &rarr; <strong>1198<\/strong><br \/>(-32 for losing)\n","uploadtime":1700066147,"views":7,"p1id":"krjzk","p2id":"zpoogi","formatid":"gen9vgc2023regulatione","rating":1157,"private":0,"password":""}