{"id":"gen9vgc2023regulatione-1990031046","p1":"hdfhasd","p2":"Ryneek","format":"[Gen 9] VGC 2023 Regulation E","log":"|j|\u2606hdfhasd\n|j|\u2606Ryneek\n|t:|1699917175\n|gametype|doubles\n|player|p1|hdfhasd|170|1185\n|player|p2|Ryneek|170|1087\n|teamsize|p1|6\n|teamsize|p2|6\n|gen|9\n|tier|[Gen 9] VGC 2023 Regulation E\n|rated|\n|rule|Species Clause: Limit one of each Pok\u00e9mon\n|rule|Item Clause: Limit one of each item\n|clearpoke\n|poke|p1|Dragonite, L50, M|\n|poke|p1|Chien-Pao, L50|\n|poke|p1|Rillaboom, L50, M|\n|poke|p1|Heatran, L50, F|\n|poke|p1|Flutter Mane, L50|\n|poke|p1|Ogerpon-Wellspring, L50, F|\n|poke|p2|Gastrodon, L50, F|\n|poke|p2|Toxicroak, L50, M|\n|poke|p2|Torkoal, L50, M|\n|poke|p2|Urshifu-*, L50, M|\n|poke|p2|Shiftry, L50, M|\n|poke|p2|Iron Hands, L50|\n|teampreview|4\nhdfhasd has agreed to open team sheets.\n|\n|t:|1699917219\n|start\n|switch|p1a: Flutter Mane|Flutter Mane, L50|100\/100\n|switch|p1b: Ogerpon|Ogerpon-Wellspring, L50, F|100\/100\n|switch|p2a: Torkoal|Torkoal, L50, M|100\/100\n|switch|p2b: Shiftry|Shiftry, L50, M|100\/100\n|-weather|SunnyDay|[from] ability: Drought|[of] p2a: Torkoal\n|-activate|p1a: Flutter Mane|ability: Protosynthesis\n|-start|p1a: Flutter Mane|protosynthesisspe\n|turn|1\n|\n|t:|1699917247\n|move|p1a: Flutter Mane|Dazzling Gleam|p2b: Shiftry|[spread] p2a,p2b\n|-resisted|p2a: Torkoal\n|-supereffective|p2b: Shiftry\n|-damage|p2a: Torkoal|74\/100\n|-damage|p2b: Shiftry|0 fnt\n|faint|p2b: Shiftry\n|move|p1b: Ogerpon|Ivy Cudgel|p2a: Torkoal\n|-supereffective|p2a: Torkoal\n|-damage|p2a: Torkoal|33\/100\n|-enditem|p2a: Torkoal|Sitrus Berry|[eat]\n|-heal|p2a: Torkoal|58\/100|[from] item: Sitrus Berry\n|move|p2a: Torkoal|Burning Jealousy|p1b: Ogerpon|[spread] p1a,p1b\n|-crit|p1a: Flutter Mane\n|-damage|p1a: Flutter Mane|63\/100\n|-damage|p1b: Ogerpon|72\/100\n|\n|-weather|SunnyDay|[upkeep]\n|upkeep\n|\n|t:|1699917264\n|switch|p2b: Toxicroak|Toxicroak, L50, M|100\/100\n|turn|2\n|\n|t:|1699917275\n|move|p2b: Toxicroak|Sucker Punch|p1a: Flutter Mane\n|-damage|p1a: Flutter Mane|27\/100\n|-status|p1a: Flutter Mane|psn|[from] ability: Poison Touch|[of] p2b: Toxicroak\n|move|p1a: Flutter Mane|Dazzling Gleam|p2b: Toxicroak|[spread] p2a,p2b\n|-resisted|p2a: Torkoal\n|-damage|p2a: Torkoal|32\/100\n|-damage|p2b: Toxicroak|63\/100\n|move|p1b: Ogerpon|Ivy Cudgel|p2a: Torkoal\n|-supereffective|p2a: Torkoal\n|-damage|p2a: Torkoal|0 fnt\n|faint|p2a: Torkoal\n|\n|-weather|SunnyDay|[upkeep]\n|-damage|p1a: Flutter Mane|14\/100 psn|[from] psn\n|upkeep\n|\n|t:|1699917282\n|switch|p2a: Gastrodon|Gastrodon, L50, F|100\/100\n|turn|3\n|\n|t:|1699917294\n|-terastallize|p2a: Gastrodon|Fire\n|move|p1b: Ogerpon|Follow Me|p1b: Ogerpon\n|-singleturn|p1b: Ogerpon|move: Follow Me\n|move|p2b: Toxicroak|Sucker Punch||[still]\n|-fail|p2b: Toxicroak\n|move|p1a: Flutter Mane|Dazzling Gleam|p2b: Toxicroak|[spread] p2a,p2b\n|-resisted|p2a: Gastrodon\n|-damage|p2a: Gastrodon|81\/100\n|-damage|p2b: Toxicroak|22\/100\n|move|p2a: Gastrodon|Tera Blast|p1b: Ogerpon|[anim] Tera Blast Fire\n|-damage|p1b: Ogerpon|25\/100\n|\n|-weather|SunnyDay|[upkeep]\n|-heal|p2a: Gastrodon|87\/100|[from] item: Leftovers\n|-damage|p1a: Flutter Mane|2\/100 psn|[from] psn\n|upkeep\n|turn|4\n|\n|t:|1699917310\n|move|p1b: Ogerpon|Follow Me|p1b: Ogerpon\n|-singleturn|p1b: Ogerpon|move: Follow Me\n|move|p1a: Flutter Mane|Dazzling Gleam|p2a: Gastrodon|[spread] p2a,p2b\n|-resisted|p2a: Gastrodon\n|-damage|p2a: Gastrodon|69\/100\n|-damage|p2b: Toxicroak|0 fnt\n|faint|p2b: Toxicroak\n|move|p2a: Gastrodon|Muddy Water|p1b: Ogerpon|[spread] p1a\n|-heal|p1b: Ogerpon|50\/100|[from] ability: Water Absorb|[of] p2a: Gastrodon\n|-damage|p1a: Flutter Mane|0 fnt\n|faint|p1a: Flutter Mane\n|-end|p1a: Flutter Mane|Protosynthesis|[silent]\n|\n|-weather|SunnyDay|[upkeep]\n|-heal|p2a: Gastrodon|75\/100|[from] item: Leftovers\n|upkeep\n|\n|t:|1699917321\n|switch|p1a: Dragonite|Dragonite, L50, M|100\/100\n|turn|5\n|\n|t:|1699917328\n|-terastallize|p1b: Ogerpon|Water\n|detailschange|p1b: Ogerpon|Ogerpon-Wellspring-Tera, L50, F, tera:Water\n|-ability|p1b: Ogerpon|Embody Aspect (Wellspring)|boost\n|-boost|p1b: Ogerpon|spd|1\n|move|p1b: Ogerpon|Ivy Cudgel|p2a: Gastrodon\n|-ability|p2a: Gastrodon|Storm Drain|boost\n|-boost|p2a: Gastrodon|spa|1\n|move|p1a: Dragonite|Stomping Tantrum|p2a: Gastrodon\n|-supereffective|p2a: Gastrodon\n|-damage|p2a: Gastrodon|0 fnt\n|faint|p2a: Gastrodon\n|\n|win|hdfhasd\n|raw|hdfhasd's rating: 1185 &rarr; <strong>1203<\/strong><br \/>(+18 for winning)\n|raw|Ryneek's rating: 1087 &rarr; <strong>1070<\/strong><br \/>(-17 for losing)\n","uploadtime":1699917372,"views":19,"p1id":"hdfhasd","p2id":"ryneek","formatid":"gen9vgc2023regulatione","rating":1070,"private":0,"password":""}