{"id":"gen9vgc2023regulatione-1994537751","p1":"iStockphoto","p2":"Stringbean64","format":"[Gen 9] VGC 2023 Regulation E","log":"|j|\u2606iStockphoto\n|j|\u2606Stringbean64\n|t:|1700456343\n|gametype|doubles\n|player|p1|iStockphoto|169|1183\n|player|p2|Stringbean64|flint|1124\n|teamsize|p1|6\n|teamsize|p2|6\n|gen|9\n|tier|[Gen 9] VGC 2023 Regulation E\n|rated|\n|rule|Species Clause: Limit one of each Pok\u00e9mon\n|rule|Item Clause: Limit one of each item\n|clearpoke\n|poke|p1|Roaring Moon, L50|\n|poke|p1|Chien-Pao, L50|\n|poke|p1|Rillaboom, L50, F|\n|poke|p1|Meowscarada, L50, F|\n|poke|p1|Heatran, L50, F|\n|poke|p1|Flutter Mane, L50|\n|poke|p2|Ninetales-Alola, L50, F|\n|poke|p2|Baxcalibur, L50, M|\n|poke|p2|Ogerpon-Hearthflame, L50, F|\n|poke|p2|Gastrodon, L50, M|\n|poke|p2|Iron Hands, L50|\n|poke|p2|Indeedee-F, L50, F|\n|teampreview|4\niStockphoto has agreed to open team sheets.\n|\n|t:|1700456371\n|start\n|switch|p1a: Roaring Moon|Roaring Moon, L50|100\/100\n|switch|p1b: Heatran|Heatran, L50, F|100\/100\n|switch|p2a: Ninetales|Ninetales-Alola, L50, F|100\/100\n|switch|p2b: Baxcalibur|Baxcalibur, L50, M|100\/100\n|-weather|Snow|[from] ability: Snow Warning|[of] p2a: Ninetales\n|-enditem|p1a: Roaring Moon|Booster Energy\n|-activate|p1a: Roaring Moon|ability: Protosynthesis|[fromitem]\n|-start|p1a: Roaring Moon|protosynthesisatk\n|turn|1\n|\n|t:|1700456392\n|move|p1a: Roaring Moon|Tailwind|p1a: Roaring Moon\n|-sidestart|p1: iStockphoto|move: Tailwind\n|move|p1b: Heatran|Flash Cannon|p2a: Ninetales\n|-supereffective|p2a: Ninetales\n|-damage|p2a: Ninetales|0 fnt\n|faint|p2a: Ninetales\n|move|p2b: Baxcalibur|Icicle Spear|p1a: Roaring Moon\n|-supereffective|p1a: Roaring Moon\n|-damage|p1a: Roaring Moon|64\/100\n|-supereffective|p1a: Roaring Moon\n|-damage|p1a: Roaring Moon|27\/100\n|-supereffective|p1a: Roaring Moon\n|-damage|p1a: Roaring Moon|0 fnt\n|faint|p1a: Roaring Moon\n|-end|p1a: Roaring Moon|Protosynthesis|[silent]\n|-hitcount|p1: Roaring Moon|3\n|\n|-weather|Snow|[upkeep]\n|upkeep\n|\n|t:|1700456408\n|switch|p1a: Flutter Mane|Flutter Mane, L50|100\/100\n|switch|p2a: Ogerpon|Ogerpon-Hearthflame, L50, F|100\/100\n|-ability|p2a: Ogerpon|Mold Breaker\n|turn|2\n|\n|t:|1700456437\n|-terastallize|p1a: Flutter Mane|Fairy\n|-terastallize|p2a: Ogerpon|Fire\n|detailschange|p2a: Ogerpon|Ogerpon-Hearthflame-Tera, L50, F, tera:Fire\n|-ability|p2a: Ogerpon|Embody Aspect (Hearthflame)|boost\n|-boost|p2a: Ogerpon|atk|1\n|move|p1b: Heatran|Protect|p1b: Heatran\n|-singleturn|p1b: Heatran|Protect\n|move|p2b: Baxcalibur|Protect|p2b: Baxcalibur\n|-singleturn|p2b: Baxcalibur|Protect\n|move|p1a: Flutter Mane|Dazzling Gleam|p2a: Ogerpon|[spread] p2a\n|-activate|p2b: Baxcalibur|move: Protect\n|-resisted|p2a: Ogerpon\n|-damage|p2a: Ogerpon|61\/100\n|move|p2a: Ogerpon|Ivy Cudgel|p1a: Flutter Mane|[anim] Ivy Cudgel Fire\n|-damage|p1a: Flutter Mane|0 fnt\n|faint|p1a: Flutter Mane\n|-end|p1a: Flutter Mane|Protosynthesis|[silent]\n|\n|-weather|Snow|[upkeep]\n|upkeep\n|\n|t:|1700456456\n|switch|p1a: Meowscarada|Meowscarada, L50, F|100\/100\n|turn|3\n|\n|t:|1700456479\n|move|p1a: Meowscarada|Brick Break|p2b: Baxcalibur\n|-start|p1a: Meowscarada|typechange|Fighting|[from] ability: Protean\n|-supereffective|p2b: Baxcalibur\n|-damage|p2b: Baxcalibur|30\/100\n|move|p1b: Heatran|Earth Power|p2a: Ogerpon\n|-supereffective|p2a: Ogerpon\n|-damage|p2a: Ogerpon|0 fnt\n|faint|p2a: Ogerpon\n|move|p2b: Baxcalibur|Icicle Spear|p1a: Meowscarada\n|-damage|p1a: Meowscarada|76\/100\n|-damage|p1a: Meowscarada|54\/100\n|-damage|p1a: Meowscarada|30\/100\n|-damage|p1a: Meowscarada|5\/100\n|-hitcount|p1a: Meowscarada|4\n|\n|-weather|Snow|[upkeep]\n|upkeep\n|\n|t:|1700456496\n|switch|p2a: Indeedee|Indeedee-F, L50, F|100\/100\n|-fieldstart|move: Psychic Terrain|[from] ability: Psychic Surge|[of] p2a: Indeedee\n|turn|4\n|\n|t:|1700456512\n|move|p2a: Indeedee|Follow Me|p2a: Indeedee\n|-singleturn|p2a: Indeedee|move: Follow Me\n|move|p1a: Meowscarada|Brick Break|p2a: Indeedee\n|-damage|p2a: Indeedee|32\/100\n|move|p1b: Heatran|Magma Storm|p2a: Indeedee\n|-damage|p2a: Indeedee|0 fnt\n|faint|p2a: Indeedee\n|move|p2b: Baxcalibur|Icicle Spear|p1a: Meowscarada\n|-damage|p1a: Meowscarada|0 fnt\n|faint|p1a: Meowscarada\n|-hitcount|p1: Meowscarada|1\n|\n|-weather|Snow|[upkeep]\n|-sideend|p1: iStockphoto|move: Tailwind\n|upkeep\n|turn|5\n|\n|t:|1700456527\n|move|p2b: Baxcalibur|Iron Head|p1b: Heatran\n|-resisted|p1b: Heatran\n|-damage|p1b: Heatran|94\/100\n|move|p1b: Heatran|Flash Cannon|p2b: Baxcalibur\n|-supereffective|p2b: Baxcalibur\n|-damage|p2b: Baxcalibur|0 fnt\n|faint|p2b: Baxcalibur\n|\n|win|iStockphoto\n|raw|iStockphoto's rating: 1183 &rarr; <strong>1204<\/strong><br \/>(+21 for winning)\n|raw|Stringbean64's rating: 1124 &rarr; <strong>1103<\/strong><br \/>(-21 for losing)\n|c|\u2606iStockphoto|gg!\n","uploadtime":1700456535,"views":7,"p1id":"istockphoto","p2id":"stringbean64","formatid":"gen9vgc2023regulatione","rating":1103,"private":0,"password":""}