{"id":"gen9vgc2023regulatione-1995121107","p1":"Trevelion","p2":"Servius","format":"[Gen 9] VGC 2023 Regulation E","log":"|j|\u2606Trevelion\n|j|\u2606Servius\n|t:|1700524885\n|gametype|doubles\n|player|p1|Trevelion|emmet|1238\n|player|p2|Servius|1|1211\n|teamsize|p1|6\n|teamsize|p2|6\n|gen|9\n|tier|[Gen 9] VGC 2023 Regulation E\n|rated|\n|rule|Species Clause: Limit one of each Pok\u00e9mon\n|rule|Item Clause: Limit one of each item\n|clearpoke\n|poke|p1|Landorus-Therian, L50, M|\n|poke|p1|Roaring Moon, L50|\n|poke|p1|Iron Hands, L50|\n|poke|p1|Amoonguss, L50, F|\n|poke|p1|Heatran, L50, F|\n|poke|p1|Flutter Mane, L50|\n|poke|p2|Arcanine-Hisui, L50, M|\n|poke|p2|Flutter Mane, L50|\n|poke|p2|Amoonguss, L50, F|\n|poke|p2|Tornadus, L50, M|\n|poke|p2|Iron Hands, L50|\n|poke|p2|Urshifu-*, L50, M|\n|teampreview|4\n|inactive|Battle timer is ON: inactive players will automatically lose when time's up. (requested by Servius)\nTrevelion has agreed to open team sheets.\n|inactive|Trevelion has 60 seconds left.\n|inactive|Servius has 60 seconds left.\n|inactive|Trevelion has 30 seconds left.\n|\n|t:|1700524948\n|start\n|switch|p1a: Iron Hands|Iron Hands, L50|100\/100\n|switch|p1b: Landorus|Landorus-Therian, L50, M|100\/100\n|switch|p2a: Amoonguss|Amoonguss, L50, F|100\/100\n|switch|p2b: Urshifu|Urshifu-Rapid-Strike, L50, M|100\/100\n|-ability|p1b: Landorus|Intimidate|boost\n|-unboost|p2a: Amoonguss|atk|1\n|-unboost|p2b: Urshifu|atk|1\n|turn|1\n|\n|t:|1700524972\n|-terastallize|p1b: Landorus|Flying\n|move|p2b: Urshifu|Detect|p2b: Urshifu\n|-singleturn|p2b: Urshifu|Protect\n|move|p1a: Iron Hands|Fake Out|p2a: Amoonguss\n|-damage|p2a: Amoonguss|88\/100\n|-damage|p1a: Iron Hands|84\/100|[from] item: Rocky Helmet|[of] p2a: Amoonguss\n|move|p1b: Landorus|Tera Blast|p2b: Urshifu|[anim] Tera Blast Flying\n|-activate|p2b: Urshifu|move: Protect\n|cant|p2a: Amoonguss|flinch\n|\n|upkeep\n|turn|2\n|\n|t:|1700524991\n|switch|p2b: Iron Hands|Iron Hands, L50|100\/100\n|move|p1b: Landorus|Tera Blast|p2a: Amoonguss|[anim] Tera Blast Flying\n|-supereffective|p2a: Amoonguss\n|-damage|p2a: Amoonguss|5\/100\n|move|p1a: Iron Hands|Wild Charge|p2b: Iron Hands\n|-resisted|p2b: Iron Hands\n|-damage|p2b: Iron Hands|85\/100\n|-damage|p1a: Iron Hands|80\/100|[from] Recoil\n|move|p2a: Amoonguss|Spore|p1a: Iron Hands\n|-status|p1a: Iron Hands|slp|[from] move: Spore\n|\n|upkeep\n|turn|3\n|inactive|Servius has 30 seconds left.\n|inactive|Servius has 20 seconds left.\n|inactive|Servius has 15 seconds left.\n|\n|t:|1700525032\n|switch|p1b: Amoonguss|Amoonguss, L50, F|100\/100\n|move|p2b: Iron Hands|Fake Out|p1b: Amoonguss\n|-damage|p1b: Amoonguss|90\/100\n|-damage|p2b: Iron Hands|68\/100|[from] item: Rocky Helmet|[of] p1b: Amoonguss\n|cant|p1a: Iron Hands|slp\n|move|p2a: Amoonguss|Spore|p1b: Amoonguss\n|-immune|p1b: Amoonguss\n|\n|upkeep\n|turn|4\n|inactive|Servius has 30 seconds left.\n|inactive|Servius has 20 seconds left.\n|inactive|Servius has 15 seconds left.\n|\n|t:|1700525073\n|switch|p2a: Tornadus|Tornadus, L50, M|100\/100\n|-terastallize|p2b: Iron Hands|Grass\n|cant|p1a: Iron Hands|slp\n|move|p2b: Iron Hands|Drain Punch|p1a: Iron Hands\n|-damage|p1a: Iron Hands|52\/100 slp\n|-heal|p2b: Iron Hands|82\/100|[from] drain|[of] p1a: Iron Hands\n|move|p1b: Amoonguss|Spore|p2a: Tornadus\n|-status|p2a: Tornadus|slp|[from] move: Spore\n|\n|upkeep\n|turn|5\n|\n|t:|1700525089\n|switch|p1b: Landorus|Landorus-Therian, L50, M, tera:Flying|100\/100\n|-ability|p1b: Landorus|Intimidate|boost\n|-unboost|p2a: Tornadus|atk|1\n|-unboost|p2b: Iron Hands|atk|1\n|cant|p2a: Tornadus|slp\n|cant|p1a: Iron Hands|slp\n|move|p2b: Iron Hands|Drain Punch|p1a: Iron Hands\n|-damage|p1a: Iron Hands|34\/100 slp\n|-heal|p2b: Iron Hands|90\/100|[from] drain|[of] p1a: Iron Hands\n|\n|upkeep\n|turn|6\n|\n|t:|1700525103\n|-curestatus|p2a: Tornadus|slp|[msg]\n|move|p2a: Tornadus|Tailwind|p2a: Tornadus\n|-sidestart|p2: Servius|move: Tailwind\n|move|p1b: Landorus|U-turn|p2b: Iron Hands\n|-supereffective|p2b: Iron Hands\n|-damage|p2b: Iron Hands|61\/100\n|\n|t:|1700525109\n|switch|p1b: Amoonguss|Amoonguss, L50, F|100\/100|[from] U-turn\n|move|p2b: Iron Hands|Wild Charge|p1b: Amoonguss\n|-resisted|p1b: Amoonguss\n|-damage|p1b: Amoonguss|89\/100\n|-damage|p2b: Iron Hands|44\/100|[from] item: Rocky Helmet|[of] p1b: Amoonguss\n|-damage|p2b: Iron Hands|41\/100|[from] Recoil\n|-curestatus|p1a: Iron Hands|slp|[msg]\n|move|p1a: Iron Hands|Drain Punch|p2b: Iron Hands\n|-damage|p2b: Iron Hands|13\/100\n|-heal|p1a: Iron Hands|49\/100|[from] drain|[of] p2b: Iron Hands\n|\n|upkeep\n|turn|7\n|\n|t:|1700525129\n|move|p2a: Tornadus|Taunt|p1b: Amoonguss\n|-start|p1b: Amoonguss|move: Taunt\n|move|p2b: Iron Hands|Drain Punch|p1a: Iron Hands\n|-damage|p1a: Iron Hands|31\/100\n|-heal|p2b: Iron Hands|22\/100|[from] drain|[of] p1a: Iron Hands\n|move|p1a: Iron Hands|Volt Switch|p2a: Tornadus\n|-supereffective|p2a: Tornadus\n|-damage|p2a: Tornadus|77\/100\n|\n|t:|1700525136\n|-end|p1a: Iron Hands|Quark Drive|[silent]\n|switch|p1a: Landorus|Landorus-Therian, L50, M, tera:Flying|100\/100|[from] Volt Switch\n|-ability|p1a: Landorus|Intimidate|boost\n|-unboost|p2a: Tornadus|atk|1\n|-unboost|p2b: Iron Hands|atk|1\n|move|p1b: Amoonguss|Pollen Puff|p2b: Iron Hands\n|-supereffective|p2b: Iron Hands\n|-damage|p2b: Iron Hands|3\/100\n|\n|upkeep\n|turn|8\n|\n|t:|1700525156\n|switch|p1b: Heatran|Heatran, L50, F|100\/100\n|move|p2a: Tornadus|Bleakwind Storm|p1a: Landorus|[spread] p1a\n|-miss|p2a: Tornadus|p1b: Heatran\n|-damage|p1a: Landorus|63\/100\n|-unboost|p1a: Landorus|spe|1\n|move|p1a: Landorus|U-turn|p2b: Iron Hands\n|-supereffective|p2b: Iron Hands\n|-damage|p2b: Iron Hands|0 fnt\n|faint|p2b: Iron Hands\n|-end|p2b: Iron Hands|Quark Drive|[silent]\n|\n|t:|1700525166\n|switch|p1a: Amoonguss|Amoonguss, L50, F|100\/100|[from] U-turn\n|\n|upkeep\n|\n|t:|1700525169\n|switch|p2b: Urshifu|Urshifu-Rapid-Strike, L50, M|100\/100\n|turn|9\n|\n|t:|1700525176\n|move|p1a: Amoonguss|Rage Powder|p1a: Amoonguss\n|-singleturn|p1a: Amoonguss|move: Rage Powder\n|move|p2a: Tornadus|Taunt|p1a: Amoonguss\n|-start|p1a: Amoonguss|move: Taunt\n|move|p2b: Urshifu|Surging Strikes|p1a: Amoonguss\n|-resisted|p1a: Amoonguss\n|-crit|p1a: Amoonguss\n|-damage|p1a: Amoonguss|91\/100\n|-damage|p2b: Urshifu|84\/100|[from] item: Rocky Helmet|[of] p1a: Amoonguss\n|-resisted|p1a: Amoonguss\n|-crit|p1a: Amoonguss\n|-damage|p1a: Amoonguss|83\/100\n|-damage|p2b: Urshifu|67\/100|[from] item: Rocky Helmet|[of] p1a: Amoonguss\n|-resisted|p1a: Amoonguss\n|-crit|p1a: Amoonguss\n|-damage|p1a: Amoonguss|74\/100\n|-damage|p2b: Urshifu|51\/100|[from] item: Rocky Helmet|[of] p1a: Amoonguss\n|-hitcount|p1a: Amoonguss|3\n|move|p1b: Heatran|Magma Storm|p2a: Tornadus\n|-damage|p2a: Tornadus|25\/100\n|-activate|p2a: Tornadus|move: Magma Storm|[of] p1b: Heatran\n|-enditem|p2a: Tornadus|Sitrus Berry|[eat]\n|-heal|p2a: Tornadus|50\/100|[from] item: Sitrus Berry\n|\n|-damage|p2a: Tornadus|38\/100|[from] move: Magma Storm|[partiallytrapped]\n|-sideend|p2: Servius|move: Tailwind\n|upkeep\n|turn|10\n|\n|t:|1700525200\n|switch|p1a: Iron Hands|Iron Hands, L50|31\/100\n|move|p2b: Urshifu|Surging Strikes|p1b: Heatran\n|-supereffective|p1b: Heatran\n|-crit|p1b: Heatran\n|-damage|p1b: Heatran|63\/100\n|-supereffective|p1b: Heatran\n|-crit|p1b: Heatran\n|-damage|p1b: Heatran|27\/100\n|-supereffective|p1b: Heatran\n|-crit|p1b: Heatran\n|-damage|p1b: Heatran|0 fnt\n|faint|p1b: Heatran\n|-hitcount|p1: Heatran|3\n|move|p2a: Tornadus|Bleakwind Storm|p1a: Iron Hands\n|-crit|p1a: Iron Hands\n|-damage|p1a: Iron Hands|2\/100\n|\n|-end|p2a: Tornadus|Magma Storm|[partiallytrapped]|[silent]\n|upkeep\n|\n|t:|1700525208\n|switch|p1b: Landorus|Landorus-Therian, L50, M, tera:Flying|63\/100\n|-ability|p1b: Landorus|Intimidate|boost\n|-unboost|p2a: Tornadus|atk|1\n|-unboost|p2b: Urshifu|atk|1\n|turn|11\n|\n|t:|1700525225\n|switch|p2b: Amoonguss|Amoonguss, L50, F|38\/100\n|move|p1a: Iron Hands|Fake Out|p2a: Tornadus\n|-damage|p2a: Tornadus|20\/100\n|cant|p2a: Tornadus|flinch\n|move|p1b: Landorus|Tera Blast|p2b: Amoonguss|[anim] Tera Blast Flying\n|-supereffective|p2b: Amoonguss\n|-damage|p2b: Amoonguss|0 fnt\n|faint|p2b: Amoonguss\n|\n|upkeep\n|\n|t:|1700525235\n|switch|p2b: Urshifu|Urshifu-Rapid-Strike, L50, M|51\/100\n|turn|12\n|inactive|Servius has 30 seconds left.\n|\n|t:|1700525267\n|switch|p1b: Amoonguss|Amoonguss, L50, F|100\/100\n|move|p2a: Tornadus|Protect|p2a: Tornadus\n|-singleturn|p2a: Tornadus|Protect\n|move|p2b: Urshifu|Aqua Jet|p1b: Amoonguss\n|-resisted|p1b: Amoonguss\n|-damage|p1b: Amoonguss|90\/100\n|-damage|p2b: Urshifu|34\/100|[from] item: Rocky Helmet|[of] p1b: Amoonguss\n|move|p1a: Iron Hands|Volt Switch|p2a: Tornadus\n|-activate|p2a: Tornadus|move: Protect\n|\n|upkeep\n|turn|13\n|\n|t:|1700525283\n|move|p2b: Urshifu|Detect|p2b: Urshifu\n|-singleturn|p2b: Urshifu|Protect\n|move|p1b: Amoonguss|Rage Powder|p1b: Amoonguss\n|-singleturn|p1b: Amoonguss|move: Rage Powder\n|move|p2a: Tornadus|Bleakwind Storm|p1b: Amoonguss|[spread] p1a,p1b\n|-supereffective|p1b: Amoonguss\n|-damage|p1a: Iron Hands|0 fnt\n|-damage|p1b: Amoonguss|32\/100\n|faint|p1a: Iron Hands\n|-end|p1a: Iron Hands|Quark Drive|[silent]\n|\n|upkeep\n|\n|t:|1700525288\n|switch|p1a: Landorus|Landorus-Therian, L50, M, tera:Flying|63\/100\n|-ability|p1a: Landorus|Intimidate|boost\n|-unboost|p2a: Tornadus|atk|1\n|-unboost|p2b: Urshifu|atk|1\n|turn|14\n|inactive|Servius has 30 seconds left.\n|inactive|Servius has 20 seconds left.\n|\n|t:|1700525323\n|move|p1b: Amoonguss|Rage Powder|p1b: Amoonguss\n|-singleturn|p1b: Amoonguss|move: Rage Powder\n|move|p2b: Urshifu|Aqua Jet|p1b: Amoonguss\n|-resisted|p1b: Amoonguss\n|-damage|p1b: Amoonguss|25\/100\n|-damage|p2b: Urshifu|18\/100|[from] item: Rocky Helmet|[of] p1b: Amoonguss\n|move|p1a: Landorus|Tera Blast|p2b: Urshifu|[anim] Tera Blast Flying\n|-supereffective|p2b: Urshifu\n|-damage|p2b: Urshifu|0 fnt\n|faint|p2b: Urshifu\n|move|p2a: Tornadus|Bleakwind Storm|p1b: Amoonguss|[spread] p1a,p1b\n|-supereffective|p1b: Amoonguss\n|-damage|p1a: Landorus|24\/100\n|-damage|p1b: Amoonguss|0 fnt\n|faint|p1b: Amoonguss\n|\n|upkeep\n|turn|15\n|\n|t:|1700525345\n|move|p1a: Landorus|Tera Blast|p2a: Tornadus|[anim] Tera Blast Flying\n|-damage|p2a: Tornadus|0 fnt\n|faint|p2a: Tornadus\n|\n|win|Trevelion\n|raw|Trevelion's rating: 1238 &rarr; <strong>1261<\/strong><br \/>(+23 for winning)\n|raw|Servius's rating: 1211 &rarr; <strong>1188<\/strong><br \/>(-23 for losing)\n|l|\u2606Servius\n|l|\u2606Trevelion\n|j|\u2606Trevelion\n|player|p1|Trevelion|emmet\n","uploadtime":1700525403,"views":6,"p1id":"trevelion","p2id":"servius","formatid":"gen9vgc2023regulatione","rating":1188,"private":0,"password":""}