{"id":"gen9vgc2023regulatione-1989327949","p1":"paranguaricutiri","p2":"PrettyNormal","format":"[Gen 9] VGC 2023 Regulation E","log":"|j|\u2606paranguaricutiri\n|j|\u2606PrettyNormal\n|n|\u2606paranguaricutiri|paranguaricutiri\n|n|\u2606PrettyNormal|prettynormal\n|html|View the match progress at <a href=\"\/game-bestof3-gen9vgc2023regulatione-1989324696\">game-bestof3-gen9vgc2023regulatione-1989324696<\/a>\n|t:|1699836868\n|gametype|doubles\n|player|p1|paranguaricutiri|169|\n|player|p2|PrettyNormal|maid|\n|teamsize|p1|6\n|teamsize|p2|6\n|gen|9\n|tier|[Gen 9] VGC 2023 Regulation E\n|rule|Species Clause: Limit one of each Pok\u00e9mon\n|rule|Item Clause: Limit one of each item\n|clearpoke\n|poke|p1|Sandy Shocks, L50|\n|poke|p1|Ceruledge, L50, F|\n|poke|p1|Empoleon, L50, M|\n|poke|p1|Flamigo, L50, F|\n|poke|p1|Krookodile, L50, M|\n|poke|p1|Meowscarada, L50, F|\n|poke|p2|Swanna, L50, M|\n|poke|p2|Illumise, L50, F|\n|poke|p2|Dipplin, L50, F|\n|poke|p2|Mienshao, L50, M|\n|poke|p2|Scizor, L50, F|\n|poke|p2|Milotic, L50, F|\n|teampreview|4\nparanguaricutiri rejected open team sheets.\n|c|\u2606paranguaricutiri|<3\n|\n|t:|1699836914\n|start\n|switch|p1a: Ceruledge|Ceruledge, L50, F|100\/100\n|switch|p1b: Empoleon|Empoleon, L50, M|100\/100\n|switch|p2a: Illumise|Illumise, L50, F|100\/100\n|switch|p2b: Mienshao|Mienshao, L50, M|100\/100\n|turn|1\n|\n|t:|1699836989\n|move|p2a: Illumise|Tailwind|p2a: Illumise\n|-sidestart|p2: PrettyNormal|move: Tailwind\n|move|p2b: Mienshao|Bounce||[still]\n|-prepare|p2b: Mienshao|Bounce\n|-enditem|p2b: Mienshao|Power Herb\n|-anim|p2b: Mienshao|Bounce|p1a: Ceruledge|[miss]\n|-miss|p2b: Mienshao|p1a: Ceruledge\n|move|p1a: Ceruledge|Will-O-Wisp|p2b: Mienshao\n|-status|p2b: Mienshao|brn\n|move|p1b: Empoleon|Bulldoze|p2b: Mienshao|[spread] p1a,p2a,p2b\n|-supereffective|p1a: Ceruledge\n|-resisted|p2a: Illumise\n|-damage|p1a: Ceruledge|74\/100\n|-damage|p2a: Illumise|95\/100\n|-damage|p2b: Mienshao|82\/100 brn\n|-unboost|p1a: Ceruledge|spe|1\n|-unboost|p2a: Illumise|spe|1\n|-unboost|p2b: Mienshao|spe|1\n|-ability|p1a: Ceruledge|Weak Armor|boost\n|-unboost|p1a: Ceruledge|def|1\n|-boost|p1a: Ceruledge|spe|2\n|-enditem|p1a: Ceruledge|Weakness Policy\n|-boost|p1a: Ceruledge|atk|2|[from] item: Weakness Policy\n|-boost|p1a: Ceruledge|spa|2|[from] item: Weakness Policy\n|\n|-damage|p2b: Mienshao|76\/100 brn|[from] brn\n|upkeep\n|turn|2\n|c|\u2606paranguaricutiri|i am speed\n|\n|t:|1699837016\n|switch|p1b: Flamigo|Flamigo, L50, F|100\/100\n|-copyboost|p1b: Flamigo|p1a: Ceruledge|[from] ability: Costar\n|move|p2a: Illumise|Encore|p1a: Ceruledge\n|-start|p1a: Ceruledge|Encore\n|move|p2b: Mienshao|Stone Edge|p1a: Ceruledge\n|-supereffective|p1a: Ceruledge\n|-damage|p1a: Ceruledge|6\/100\n|-ability|p1a: Ceruledge|Weak Armor|boost\n|-unboost|p1a: Ceruledge|def|1\n|-boost|p1a: Ceruledge|spe|2\n|move|p1a: Ceruledge|Will-O-Wisp|p2a: Illumise|[miss]\n|-miss|p1a: Ceruledge|p2a: Illumise\n|\n|-damage|p2b: Mienshao|70\/100 brn|[from] brn\n|upkeep\n|turn|3\n|\n|t:|1699837041\n|move|p1a: Ceruledge|Will-O-Wisp|p2a: Illumise\n|-status|p2a: Illumise|brn\n|move|p1b: Flamigo|Dual Wingbeat|p2a: Illumise\n|-supereffective|p2a: Illumise\n|-damage|p2a: Illumise|0 fnt\n|faint|p2a: Illumise\n|-hitcount|p2: Illumise|1\n|move|p2b: Mienshao|Stone Edge|p1b: Flamigo\n|-damage|p1b: Flamigo|67\/100\n|\n|-damage|p2b: Mienshao|65\/100 brn|[from] brn\n|upkeep\n|c|\u2606paranguaricutiri|power herb bounce\n|\n|t:|1699837071\n|switch|p2a: Milotic|Milotic, L50, F|100\/100\n|turn|4\n|\n|t:|1699837107\n|move|p1b: Flamigo|Detect|p1b: Flamigo\n|-singleturn|p1b: Flamigo|Protect\n|move|p1a: Ceruledge|Will-O-Wisp|p2a: Milotic\n|-status|p2a: Milotic|brn\n|move|p2b: Mienshao|Stone Edge|p1b: Flamigo\n|-activate|p1b: Flamigo|move: Protect\n|move|p2a: Milotic|Icy Wind|p1a: Ceruledge|[spread] p1a\n|-activate|p1b: Flamigo|move: Protect\n|-resisted|p1a: Ceruledge\n|-damage|p1a: Ceruledge|0 fnt\n|faint|p1a: Ceruledge\n|\n|-damage|p2b: Mienshao|59\/100 brn|[from] brn\n|-damage|p2a: Milotic|95\/100 brn|[from] brn\n|-sideend|p2: PrettyNormal|move: Tailwind\n|upkeep\n|c|\u2606PrettyNormal|Yeah, we prepped for Ape. Lol\n|c|\u2606paranguaricutiri|pleased odnt have marvel scale\n|\n|t:|1699837123\n|switch|p1a: Sandy Shocks|Sandy Shocks, L50|100\/100\n|turn|5\n|\n|t:|1699837136\n|-terastallize|p1a: Sandy Shocks|Electric\n|-terastallize|p2a: Milotic|Grass\n|move|p1b: Flamigo|Dual Wingbeat|p2b: Mienshao\n|-supereffective|p2b: Mienshao\n|-damage|p2b: Mienshao|0 fnt\n|faint|p2b: Mienshao\n|-hitcount|p2: Mienshao|1\n|move|p1a: Sandy Shocks|Thunderbolt|p2a: Milotic\n|-resisted|p2a: Milotic\n|-damage|p2a: Milotic|64\/100 brn\n|move|p2a: Milotic|Scald|p1b: Flamigo\n|-damage|p1b: Flamigo|18\/100\n|\n|-heal|p2a: Milotic|70\/100 brn|[from] item: Leftovers\n|-damage|p2a: Milotic|64\/100 brn|[from] brn\n|upkeep\n|c|\u2606paranguaricutiri|well played\n|\n|t:|1699837150\n|switch|p2b: Dipplin|Dipplin, L50, F|100\/100\n|-ability|p2b: Dipplin|Supersweet Syrup\n|-ability|p2b: Dipplin|Supersweet Syrup|boost\n|-unboost|p1a: Sandy Shocks|evasion|1\n|-unboost|p1b: Flamigo|evasion|1\n|turn|6\n|c|\u2606paranguaricutiri|nah bro\n|c|\u2606paranguaricutiri|u got the driplin\n|\n|t:|1699837174\n|move|p1b: Flamigo|Detect|p1b: Flamigo\n|-singleturn|p1b: Flamigo|Protect\n|move|p2a: Milotic|Protect|p2a: Milotic\n|-singleturn|p2a: Milotic|Protect\n|move|p1a: Sandy Shocks|Thunderbolt|p2a: Milotic\n|-activate|p2a: Milotic|move: Protect\n|move|p2b: Dipplin|Syrup Bomb|p1b: Flamigo\n|-activate|p1b: Flamigo|move: Protect\n|\n|-heal|p2a: Milotic|70\/100 brn|[from] item: Leftovers\n|-damage|p2a: Milotic|64\/100 brn|[from] brn\n|upkeep\n|turn|7\n|\n|t:|1699837209\n|move|p2a: Milotic|Protect||[still]\n|-fail|p2a: Milotic\n|move|p1b: Flamigo|Dual Wingbeat|p2b: Dipplin\n|-supereffective|p2b: Dipplin\n|-damage|p2b: Dipplin|36\/100\n|-damage|p1b: Flamigo|2\/100|[from] item: Rocky Helmet|[of] p2b: Dipplin\n|-supereffective|p2b: Dipplin\n|-crit|p2b: Dipplin\n|-damage|p2b: Dipplin|0 fnt\n|-damage|p1b: Flamigo|0 fnt|[from] item: Rocky Helmet|[of] p2b: Dipplin\n|faint|p2b: Dipplin\n|faint|p1b: Flamigo\n|-hitcount|p2: Dipplin|2\n|move|p1a: Sandy Shocks|Thunderbolt|p2a: Milotic\n|-resisted|p2a: Milotic\n|-damage|p2a: Milotic|33\/100 brn\n|\n|-heal|p2a: Milotic|39\/100 brn|[from] item: Leftovers\n|-damage|p2a: Milotic|33\/100 brn|[from] brn\n|upkeep\n|c|\u2606paranguaricutiri|wow rocky helmet\n|\n|t:|1699837225\n|switch|p1b: Empoleon|Empoleon, L50, M|100\/100\n|turn|8\n|\n|t:|1699837231\n|move|p1a: Sandy Shocks|Thunderbolt|p2a: Milotic\n|-resisted|p2a: Milotic\n|-damage|p2a: Milotic|0 fnt\n|faint|p2a: Milotic\n|\n|win|paranguaricutiri\n|c|\u2606PrettyNormal|Gg\n|c|\u2606paranguaricutiri|Gg\n|c|\u2606paranguaricutiri|imma upload them\n|l|\u2606PrettyNormal\n","uploadtime":1699837267,"views":34,"p1id":"paranguaricutiri","p2id":"prettynormal","formatid":"gen9vgc2023regulatione","rating":0,"private":0,"password":""}