{"id":"gen9vgc2023regulatione-1988685870","p1":"D1gsVGC","p2":"idolhunter28273","format":"[Gen 9] VGC 2023 Regulation E","log":"|j|\u2606D1gsVGC\n|j|\u2606idolhunter28273\n|t:|1699750515\n|gametype|doubles\n|player|p1|D1gsVGC|red-masters|\n|player|p2|idolhunter28273|170|\n|teamsize|p1|6\n|teamsize|p2|6\n|gen|9\n|tier|[Gen 9] VGC 2023 Regulation E\n|rule|Species Clause: Limit one of each Pok\u00e9mon\n|rule|Item Clause: Limit one of each item\n|clearpoke\n|poke|p1|Volbeat, L50, M|\n|poke|p1|Gyarados, L50, F|\n|poke|p1|Thwackey, L50, F|\n|poke|p1|Heatran, L50, F|\n|poke|p1|Meowscarada, L50, F|\n|poke|p1|Bruxish, L50, F|\n|poke|p2|Cresselia, L50, F|\n|poke|p2|Ursaluna, L50, F|\n|poke|p2|Enamorus-Therian, L50, F|\n|poke|p2|Squawkabilly-White, L50, M|\n|poke|p2|Zoroark, L50, F|\n|poke|p2|Klefki, L50, M|\n|teampreview|4\n|inactive|Battle timer is ON: inactive players will automatically lose when time's up. (requested by D1gsVGC)\n|c|\u2606idolhunter28273|glhf!\n|inactiveoff|Battle timer is now OFF.\n|c|\u2606idolhunter28273|wait turn off timer\n|c|\u2606idolhunter28273|yep cool\nidolhunter28273 rejected open team sheets.\n|c|\u2606idolhunter28273|ill send link\n|c|\u2606D1gsVGC|I already did\n|c|\u2606idolhunter28273|nvm lmao\n|j| Pokemon_and_beer\n|c|\u2606idolhunter28273|i saw\n|c|\u2606D1gsVGC|glhf\n|c|\u2606idolhunter28273|you too!\n|\n|t:|1699750588\n|start\n|switch|p1a: O Mascara|Meowscarada, L50, F|100\/100\n|switch|p1b: Harambinho|Thwackey, L50, F|100\/100\n|switch|p2a: Squawkabilly|Squawkabilly-White, L50, M|100\/100\n|switch|p2b: Enamorus|Enamorus-Therian, L50, F|100\/100\n|-ability|p2a: Squawkabilly|Intimidate|boost\n|-unboost|p1a: O Mascara|atk|1\n|-unboost|p1b: Harambinho|atk|1\n|-fieldstart|move: Grassy Terrain|[from] ability: Grassy Surge|[of] p1b: Harambinho\n|turn|1\n|j| 4Azzy\n|c| 4Azzy|gmaing\n|\n|t:|1699750624\n|switch|p1a: Up|Heatran, L50, F|100\/100\n|-item|p1a: Up|Air Balloon\n|move|p1b: Harambinho|Fake Out|p2a: Squawkabilly\n|-damage|p2a: Squawkabilly|92\/100\n|move|p2b: Enamorus|U-turn|p1a: Up\n|-resisted|p1a: Up\n|-damage|p1a: Up|98\/100\n|-enditem|p1a: Up|Air Balloon\n|\n|t:|1699750630\n|switch|p2b: Cresselia|Cresselia, L50, F|100\/100|[from] U-turn\n|cant|p2a: Squawkabilly|flinch\n|\n|-heal|p1a: Up|100\/100|[from] Grassy Terrain\n|upkeep\n|turn|2\n|\n|t:|1699750655\n|switch|p1b: Dragon Lore:|Gyarados, L50, F|100\/100\n|-ability|p1b: Dragon Lore:|Intimidate|boost\n|-unboost|p2a: Squawkabilly|atk|1\n|-unboost|p2b: Cresselia|atk|1\n|move|p2a: Squawkabilly|Parting Shot|p1b: Dragon Lore:\n|-unboost|p1b: Dragon Lore:|atk|1\n|-unboost|p1b: Dragon Lore:|spa|1\n|\n|t:|1699750663\n|switch|p2a: Enamorus|Enamorus-Therian, L50, F|100\/100|[from] Parting Shot\n|move|p1a: Up|Taunt|p2b: Cresselia\n|-start|p2b: Cresselia|move: Taunt\n|-enditem|p2b: Cresselia|Mental Herb\n|-end|p2b: Cresselia|move: Taunt\n|move|p2b: Cresselia|Trick Room|p2b: Cresselia\n|-fieldstart|move: Trick Room|[of] p2b: Cresselia\n|\n|upkeep\n|turn|3\n|\n|t:|1699750687\n|switch|p1b: Harambinho|Thwackey, L50, F|100\/100\n|move|p1a: Up|Protect|p1a: Up\n|-singleturn|p1a: Up|Protect\n|move|p2b: Cresselia|Ally Switch|p2b: Cresselia\n|swap|p2b: Cresselia|0|[from] move: Ally Switch\n|move|p2b: Enamorus|Moonblast|p1b: Harambinho\n|-damage|p1b: Harambinho|30\/100\n|\n|-heal|p1b: Harambinho|36\/100|[from] Grassy Terrain\n|upkeep\n|turn|4\n|c|\u2606D1gsVGC|idk why I thought ally switch was banned\n|c| 4Azzy|it was in the natdex\n|\n|t:|1699750727\n|move|p1b: Harambinho|Fake Out|p2b: Enamorus\n|-damage|p2b: Enamorus|92\/100\n|cant|p2b: Enamorus|flinch\n|move|p1a: Up|Substitute|p1a: Up\n|-start|p1a: Up|Substitute\n|-damage|p1a: Up|76\/100\n|move|p2a: Cresselia|Psychic|p1b: Harambinho\n|-damage|p1b: Harambinho|15\/100\n|\n|-heal|p1a: Up|82\/100|[from] Grassy Terrain\n|-heal|p1b: Harambinho|21\/100|[from] Grassy Terrain\n|upkeep\n|turn|5\n|c|\u2606idolhunter28273|is it? i may be wrong\n|c| 4Azzy|i did the same thing vs swamp\n|c|\u2606idolhunter28273|so is it a game loss?\n|c|\u2606D1gsVGC|I could've used it in meowscarada\n|c|\u2606idolhunter28273|or am i in the clear\n|c|\u2606D1gsVGC|it's allowed\n|c|\u2606idolhunter28273|oh ok\n|c| 4Azzy|swamp used it\n|c|\u2606idolhunter28273|phew\n|c| 4Azzy|so id assume its legal\n|c| 4Azzy|youre thinking that cause in the 3.5 offseason it was banned prob\n|\n|t:|1699750780\n|move|p1a: Up|Protect|p1a: Up\n|-singleturn|p1a: Up|Protect\n|move|p1b: Harambinho|Protect|p1b: Harambinho\n|-singleturn|p1b: Harambinho|Protect\n|move|p2b: Enamorus|Earth Power|p1a: Up\n|-activate|p1a: Up|move: Protect\n|move|p2a: Cresselia|Psychic|p1b: Harambinho\n|-activate|p1b: Harambinho|move: Protect\n|\n|-heal|p1a: Up|88\/100|[from] Grassy Terrain\n|-heal|p1b: Harambinho|27\/100|[from] Grassy Terrain\n|-fieldend|move: Grassy Terrain\n|upkeep\n|turn|6\n|\n|t:|1699750796\n|switch|p2b: Squawkabilly|Squawkabilly-White, L50, M|92\/100\n|-ability|p2b: Squawkabilly|Intimidate|boost\n|-immune|p1a: Up\n|-unboost|p1b: Harambinho|atk|1\n|switch|p1b: O Mascara|Meowscarada, L50, F|100\/100\n|move|p1a: Up|Heat Wave|p2a: Cresselia|[spread] p2a,p2b\n|-damage|p2a: Cresselia|74\/100\n|-damage|p2b: Squawkabilly|32\/100\n|-enditem|p2b: Squawkabilly|Sitrus Berry|[eat]\n|-heal|p2b: Squawkabilly|57\/100|[from] item: Sitrus Berry\n|move|p2a: Cresselia|Psychic|p1b: O Mascara\n|-immune|p1b: O Mascara\n|\n|-fieldend|move: Trick Room\n|upkeep\n|turn|7\n|\n|t:|1699750819\n|switch|p2a: Enamorus|Enamorus-Therian, L50, F|100\/100\n|move|p1b: O Mascara|Protect|p1b: O Mascara\n|-singleturn|p1b: O Mascara|Protect\n|move|p2b: Squawkabilly|Brave Bird|p1b: O Mascara\n|-activate|p1b: O Mascara|move: Protect\n|move|p1a: Up|Taunt|p2a: Enamorus\n|-start|p2a: Enamorus|move: Taunt\n|\n|upkeep\n|turn|8\n|\n|t:|1699750850\n|switch|p1b: Dragon Lore:|Gyarados, L50, F|100\/100\n|-ability|p1b: Dragon Lore:|Intimidate|boost\n|-unboost|p2a: Enamorus|atk|1\n|-unboost|p2b: Squawkabilly|atk|1\n|move|p2a: Enamorus|U-turn|p1b: Dragon Lore:\n|-resisted|p1b: Dragon Lore:\n|-damage|p1b: Dragon Lore:|95\/100\n|\n|t:|1699750860\n|switch|p2a: Cresselia|Cresselia, L50, F|74\/100|[from] U-turn\n|move|p2b: Squawkabilly|Parting Shot|p1b: Dragon Lore:\n|-unboost|p1b: Dragon Lore:|atk|1\n|-unboost|p1b: Dragon Lore:|spa|1\n|\n|t:|1699750864\n|switch|p2b: Enamorus|Enamorus-Therian, L50, F|100\/100|[from] Parting Shot\n|move|p1a: Up|Heat Wave|p2a: Cresselia|[spread] p2a,p2b\n|-damage|p2a: Cresselia|46\/100\n|-damage|p2b: Enamorus|23\/100\n|-status|p2b: Enamorus|brn\n|replace|p2b: Zoroark|Zoroark, L50, F\n|-end|p2b: Zoroark|Illusion\n|\n|-damage|p2b: Zoroark|17\/100 brn|[from] brn\n|upkeep\n|turn|9\n|\n|t:|1699750888\n|switch|p2a: Squawkabilly|Squawkabilly-White, L50, M|57\/100\n|-ability|p2a: Squawkabilly|Intimidate|boost\n|-immune|p1a: Up\n|-unboost|p1b: Dragon Lore:|atk|1\n|move|p2b: Zoroark|Night Daze|p1a: Up\n|-end|p1a: Up|Substitute\n|move|p1b: Dragon Lore:|Crunch|p2a: Squawkabilly\n|-damage|p2a: Squawkabilly|26\/100\n|-damage|p1b: Dragon Lore:|85\/100|[from] item: Life Orb\n|move|p1a: Up|Heat Wave|p2a: Squawkabilly|[spread] p2a,p2b\n|-damage|p2a: Squawkabilly|0 fnt\n|-damage|p2b: Zoroark|0 fnt\n|faint|p2a: Squawkabilly\n|faint|p2b: Zoroark\n|\n|upkeep\n|\n|t:|1699750895\n|switch|p2a: Cresselia|Cresselia, L50, F|46\/100\n|switch|p2b: Enamorus|Enamorus-Therian, L50, F|92\/100\n|turn|10\n|c| 4Azzy|31 at -2 is wilddd\n|\n|t:|1699750924\n|switch|p1b: Harambinho|Thwackey, L50, F|27\/100\n|-fieldstart|move: Grassy Terrain|[from] ability: Grassy Surge|[of] p1b: Harambinho\n|-terastallize|p1a: Up|Flying\n|-terastallize|p2b: Enamorus|Water\n|move|p2a: Cresselia|Psychic|p1b: Harambinho\n|-damage|p1b: Harambinho|3\/100\n|move|p1a: Up|Taunt|p2a: Cresselia\n|-start|p2a: Cresselia|move: Taunt\n|move|p2b: Enamorus|Earth Power|p1a: Up\n|-immune|p1a: Up\n|\n|-heal|p1b: Harambinho|9\/100|[from] Grassy Terrain\n|-heal|p2b: Enamorus|98\/100|[from] Grassy Terrain\n|upkeep\n|turn|11\n|\n|t:|1699750943\n|move|p1b: Harambinho|Grassy Glide|p2b: Enamorus\n|-supereffective|p2b: Enamorus\n|-damage|p2b: Enamorus|57\/100\n|move|p2a: Cresselia|Psychic|p1b: Harambinho\n|-damage|p1b: Harambinho|0 fnt\n|faint|p1b: Harambinho\n|move|p1a: Up|Heat Wave|p2a: Cresselia|[spread] p2a,p2b\n|-resisted|p2b: Enamorus\n|-damage|p2a: Cresselia|21\/100\n|-damage|p2b: Enamorus|37\/100\n|move|p2b: Enamorus|Dazzling Gleam|p1a: Up\n|-damage|p1a: Up|28\/100\n|\n|-heal|p2b: Enamorus|43\/100|[from] Grassy Terrain\n|upkeep\n|\n|t:|1699750949\n|switch|p1b: O Mascara|Meowscarada, L50, F|100\/100\n|turn|12\n|\n|t:|1699750956\n|move|p1b: O Mascara|Flower Trick|p2b: Enamorus\n|-supereffective|p2b: Enamorus\n|-crit|p2b: Enamorus\n|-damage|p2b: Enamorus|0 fnt\n|faint|p2b: Enamorus\n|move|p2a: Cresselia|Psychic|p1a: Up\n|-damage|p1a: Up|2\/100\n|move|p1a: Up|Heat Wave|p2a: Cresselia\n|-damage|p2a: Cresselia|0 fnt\n|faint|p2a: Cresselia\n|\n|win|D1gsVGC\n|c|\u2606D1gsVGC|gg\n|c|\u2606idolhunter28273|gg\n|l| 4Azzy\n|l| Pokemon_and_beer\n|j| Pokemon_and_beer\n|l| Pokemon_and_beer\n|j| Pokemon_and_beer\n|l| Pokemon_and_beer\n","uploadtime":1699751682,"views":15,"p1id":"d1gsvgc","p2id":"idolhunter28273","formatid":"gen9vgc2023regulatione","rating":0,"private":0,"password":""}