{"id":"gen9vgc2023regulatione-1994546571","p1":"smollobster","p2":"superprobablylevel","format":"[Gen 9] VGC 2023 Regulation E","log":"|j|\u2606smollobster\n|j|\u2606superprobablylevel\n|t:|1700457697\n|gametype|doubles\n|player|p1|smollobster|1|1064\n|player|p2|superprobablylevel|rosa|1046\n|teamsize|p1|6\n|teamsize|p2|6\n|gen|9\n|tier|[Gen 9] VGC 2023 Regulation E\n|rated|\n|rule|Species Clause: Limit one of each Pok\u00e9mon\n|rule|Item Clause: Limit one of each item\n|clearpoke\n|poke|p1|Ting-Lu, L50|\n|poke|p1|Azumarill, L50, F|\n|poke|p1|Samurott-Hisui, L50, M|\n|poke|p1|Breloom, L50, M|\n|poke|p1|Ceruledge, L50, F|\n|poke|p1|Scovillain, L50, M|\n|poke|p2|Iron Bundle, L50|\n|poke|p2|Arcanine, L50, M|\n|poke|p2|Flutter Mane, L50|\n|poke|p2|Amoonguss, L50, M|\n|poke|p2|Thundurus, L50, M|\n|poke|p2|Dragapult, L50, M|\n|teampreview|4\n|\n|t:|1700457729\n|start\n|switch|p1a: Ting-Lu|Ting-Lu, L50|100\/100\n|switch|p1b: Samurott|Samurott-Hisui, L50, M, shiny|100\/100\n|switch|p2a: Sargon I|Iron Bundle, L50|100\/100\n|switch|p2b: Sisoui|Arcanine, L50, M, shiny|100\/100\n|-ability|p2b: Sisoui|Intimidate|boost\n|-unboost|p1a: Ting-Lu|atk|1\n|-unboost|p1b: Samurott|atk|1\n|-ability|p1a: Ting-Lu|Vessel of Ruin\n|turn|1\n|\n|t:|1700457751\n|move|p2b: Sisoui|Helping Hand|p2a: Sargon I\n|-singleturn|p2a: Sargon I|Helping Hand|[of] p2b: Sisoui\n|move|p2a: Sargon I|Freeze-Dry|p1b: Samurott\n|-supereffective|p1b: Samurott\n|-enditem|p1b: Samurott|Focus Sash\n|-damage|p1b: Samurott|1\/100\n|move|p1b: Samurott|Ceaseless Edge|p2a: Sargon I\n|-damage|p2a: Sargon I|64\/100\n|-sidestart|p2: superprobablylevel|Spikes\n|move|p1a: Ting-Lu|Stealth Rock|p2a: Sargon I\n|-sidestart|p2: superprobablylevel|move: Stealth Rock\n|\n|upkeep\n|turn|2\n|\n|t:|1700457774\n|move|p2b: Sisoui|Extreme Speed|p1b: Samurott\n|-damage|p1b: Samurott|0 fnt\n|faint|p1b: Samurott\n|move|p2a: Sargon I|Hydro Pump|p1a: Ting-Lu\n|-supereffective|p1a: Ting-Lu\n|-damage|p1a: Ting-Lu|50\/100\n|move|p1a: Ting-Lu|Stomping Tantrum|p2b: Sisoui\n|-supereffective|p2b: Sisoui\n|-damage|p2b: Sisoui|56\/100\n|\n|-heal|p1a: Ting-Lu|56\/100|[from] item: Leftovers\n|upkeep\n|\n|t:|1700457785\n|switch|p1b: Scovillain|Scovillain, L50, M|100\/100\n|turn|3\n|\n|t:|1700457799\n|move|p2b: Sisoui|Helping Hand|p2a: Sargon I\n|-singleturn|p2a: Sargon I|Helping Hand|[of] p2b: Sisoui\n|move|p2a: Sargon I|Hydro Pump|p1a: Ting-Lu\n|-supereffective|p1a: Ting-Lu\n|-damage|p1a: Ting-Lu|0 fnt\n|faint|p1a: Ting-Lu\n|move|p1b: Scovillain|Substitute|p1b: Scovillain\n|-start|p1b: Scovillain|Substitute\n|-damage|p1b: Scovillain|75\/100\n|\n|-ability|p1b: Scovillain|Moody|boost\n|-boost|p1b: Scovillain|atk|2\n|-unboost|p1b: Scovillain|spd|1\n|upkeep\n|\n|t:|1700457810\n|switch|p1a: Breloom|Breloom, L50, M|100\/100\n|turn|4\n|\n|t:|1700457831\n|move|p2b: Sisoui|Extreme Speed|p1b: Scovillain\n|-end|p1b: Scovillain|Substitute\n|move|p1a: Breloom|Mach Punch|p2b: Sisoui\n|-damage|p2b: Sisoui|13\/100\n|move|p2a: Sargon I|Icy Wind|p1a: Breloom|[spread] p1b\n|-miss|p2a: Sargon I|p1a: Breloom\n|-damage|p1b: Scovillain|31\/100\n|-unboost|p1b: Scovillain|spe|1\n|move|p1b: Scovillain|Seed Bomb|p2a: Sargon I\n|-supereffective|p2a: Sargon I\n|-damage|p2a: Sargon I|0 fnt\n|faint|p2a: Sargon I\n|-end|p2a: Sargon I|Quark Drive|[silent]\n|-damage|p1b: Scovillain|21\/100|[from] item: Life Orb\n|\n|-ability|p1b: Scovillain|Moody|boost\n|-boost|p1b: Scovillain|def|2\n|-unboost|p1b: Scovillain|spe|1\n|upkeep\n|\n|t:|1700457849\n|switch|p2a: Radiohead|Flutter Mane, L50|100\/100\n|-damage|p2a: Radiohead|88\/100|[from] Spikes\n|-damage|p2a: Radiohead|76\/100|[from] Stealth Rock\n|-enditem|p2a: Radiohead|Booster Energy\n|-activate|p2a: Radiohead|ability: Protosynthesis|[fromitem]\n|-start|p2a: Radiohead|protosynthesisspe\n|turn|5\n|\n|t:|1700457875\n|move|p1b: Scovillain|Protect|p1b: Scovillain\n|-singleturn|p1b: Scovillain|Protect\n|move|p2b: Sisoui|Extreme Speed|p1b: Scovillain\n|-activate|p1b: Scovillain|move: Protect\n|move|p2a: Radiohead|Shadow Ball|p1a: Breloom\n|-damage|p1a: Breloom|20\/100\n|move|p1a: Breloom|Bullet Seed|p2a: Radiohead\n|-damage|p2a: Radiohead|28\/100\n|-damage|p2a: Radiohead|0 fnt\n|faint|p2a: Radiohead\n|-end|p2a: Radiohead|Protosynthesis|[silent]\n|-hitcount|p2: Radiohead|2\n|\n|-ability|p1b: Scovillain|Moody|boost\n|-boost|p1b: Scovillain|spa|2\n|-unboost|p1b: Scovillain|atk|1\n|upkeep\n|\n|t:|1700457891\n|switch|p2a: Dabuz|Amoonguss, L50, M, shiny|100\/100\n|-damage|p2a: Dabuz|88\/100|[from] Spikes\n|-damage|p2a: Dabuz|76\/100|[from] Stealth Rock\n|turn|6\n|\n|t:|1700457935\n|-terastallize|p1a: Breloom|Fighting\n|move|p2b: Sisoui|Extreme Speed|p1b: Scovillain\n|-damage|p1b: Scovillain|2\/100\n|move|p1a: Breloom|Mach Punch|p2b: Sisoui\n|-damage|p2b: Sisoui|0 fnt\n|faint|p2b: Sisoui\n|move|p1b: Scovillain|Leech Seed|p2a: Dabuz\n|-immune|p2a: Dabuz\n|move|p2a: Dabuz|Toxic|p1a: Breloom\n|-status|p1a: Breloom|tox\n|\n|-damage|p1a: Breloom|15\/100 tox|[from] psn\n|-ability|p1b: Scovillain|Moody|boost\n|-boost|p1b: Scovillain|spa|2\n|-unboost|p1b: Scovillain|spd|1\n|upkeep\n|turn|7\n|\n|t:|1700457962\n|move|p1a: Breloom|Bullet Seed|p2a: Dabuz\n|-resisted|p2a: Dabuz\n|-damage|p2a: Dabuz|71\/100\n|-resisted|p2a: Dabuz\n|-damage|p2a: Dabuz|66\/100\n|-resisted|p2a: Dabuz\n|-damage|p2a: Dabuz|61\/100\n|-resisted|p2a: Dabuz\n|-damage|p2a: Dabuz|56\/100\n|-hitcount|p2a: Dabuz|4\n|move|p1b: Scovillain|Seed Bomb|p2a: Dabuz\n|-resisted|p2a: Dabuz\n|-damage|p2a: Dabuz|43\/100\n|-damage|p1b: Scovillain|0 fnt|[from] item: Life Orb\n|faint|p1b: Scovillain\n|move|p2a: Dabuz|Pollen Puff|p1a: Breloom\n|-resisted|p1a: Breloom\n|-damage|p1a: Breloom|0 fnt\n|faint|p1a: Breloom\n|\n|win|superprobablylevel\n|raw|smollobster's rating: 1064 &rarr; <strong>1043<\/strong><br \/>(-21 for losing)\n|raw|superprobablylevel's rating: 1046 &rarr; <strong>1081<\/strong><br \/>(+35 for winning)\n|c|\u2606superprobablylevel|gg\n|l|\u2606smollobster\n","uploadtime":1700457986,"views":20,"p1id":"smollobster","p2id":"superprobablylevel","formatid":"gen9vgc2023regulatione","rating":1043,"private":0,"password":""}