{"id":"gen9vgc2023regulatione-1992516445","p1":"Sugatoad","p2":"iStockphoto","format":"[Gen 9] VGC 2023 Regulation E","log":"|j|\u2606Sugatoad\n|j|\u2606iStockphoto\n|t:|1700198089\n|gametype|doubles\n|player|p1|Sugatoad|pokemaniac|1037\n|player|p2|iStockphoto|2|1026\n|teamsize|p1|6\n|teamsize|p2|6\n|gen|9\n|tier|[Gen 9] VGC 2023 Regulation E\n|rated|\n|rule|Species Clause: Limit one of each Pok\u00e9mon\n|rule|Item Clause: Limit one of each item\n|clearpoke\n|poke|p1|Gallade, L50, M|\n|poke|p1|Breloom, L50, F|\n|poke|p1|Politoed, L50, F|\n|poke|p1|Bellibolt, L50, M|\n|poke|p1|Arboliva, L50, M|\n|poke|p1|Abomasnow, L50, F|\n|poke|p2|Fezandipiti, L50, M|\n|poke|p2|Iron Hands, L50|\n|poke|p2|Glimmora, L50, M|\n|poke|p2|Flutter Mane, L50|\n|poke|p2|Sinistcha, L50|\n|poke|p2|Gyarados, L50, M|\n|teampreview|4\niStockphoto has agreed to open team sheets.\n|c|\u2606iStockphoto|The Green Meanies!\n|\n|t:|1700198122\n|start\n|switch|p1a: Gallade|Gallade, L50, M|100\/100\n|switch|p1b: Arboliva|Arboliva, L50, M|100\/100\n|switch|p2a: Tobias|Fezandipiti, L50, M|100\/100\n|switch|p2b: Marco|Iron Hands, L50|100\/100\n|turn|1\n|\n|t:|1700198164\n|-terastallize|p2a: Tobias|Fire\n|-terastallize|p1b: Arboliva|Normal\n|move|p1a: Gallade|Wide Guard|p1a: Gallade\n|-singleturn|p1a: Gallade|Wide Guard\n|move|p2b: Marco|Fake Out|p1a: Gallade\n|-damage|p1a: Gallade|80\/100\n|move|p2a: Tobias|Heat Wave|p1b: Arboliva|[spread] \n|-activate|p1a: Gallade|move: Wide Guard\n|-activate|p1b: Arboliva|move: Wide Guard\n|move|p1b: Arboliva|Giga Drain|p2b: Marco\n|-damage|p2b: Marco|59\/100\n|\n|upkeep\n|turn|2\n|\n|t:|1700198194\n|move|p2a: Tobias|Heat Wave|p1a: Gallade|[spread] p1a,p1b\n|-damage|p1a: Gallade|59\/100\n|-damage|p1b: Arboliva|76\/100\n|-fieldstart|move: Grassy Terrain|[from] ability: Seed Sower|[of] p1b: Arboliva\n|-status|p1b: Arboliva|tox|[from] ability: Toxic Chain|[of] p2a: Tobias\n|move|p1a: Gallade|Encore|p2b: Marco\n|-start|p2b: Marco|Encore\n|move|p2b: Marco|Fake Out||[still]\n|-hint|Fake Out only works on your first turn out.\n|-fail|p2b: Marco\n|move|p1b: Arboliva|Hyper Voice|p2a: Tobias|[spread] p2a,p2b\n|-damage|p2a: Tobias|54\/100\n|-damage|p2b: Marco|6\/100\n|\n|-heal|p2a: Tobias|60\/100|[from] Grassy Terrain\n|-heal|p1a: Gallade|65\/100|[from] Grassy Terrain\n|-heal|p2b: Marco|12\/100|[from] Grassy Terrain\n|-heal|p1b: Arboliva|82\/100 tox|[from] Grassy Terrain\n|-damage|p1b: Arboliva|76\/100 tox|[from] psn\n|upkeep\n|turn|3\n|\n|t:|1700198242\n|-end|p2b: Marco|Quark Drive|[silent]\n|switch|p2b: Rachel|Flutter Mane, L50|100\/100\n|-enditem|p2b: Rachel|Booster Energy\n|-activate|p2b: Rachel|ability: Protosynthesis|[fromitem]\n|-start|p2b: Rachel|protosynthesisspa\n|move|p1a: Gallade|Wide Guard|p1a: Gallade\n|-singleturn|p1a: Gallade|Wide Guard\n|move|p2a: Tobias|Heat Wave|p1b: Arboliva|[spread] \n|-activate|p1a: Gallade|move: Wide Guard\n|-activate|p1b: Arboliva|move: Wide Guard\n|move|p1b: Arboliva|Hyper Voice|p2b: Rachel|[spread] p2a\n|-immune|p2b: Rachel\n|-damage|p2a: Tobias|18\/100\n|\n|-heal|p2a: Tobias|24\/100|[from] Grassy Terrain\n|-heal|p1a: Gallade|71\/100|[from] Grassy Terrain\n|-heal|p1b: Arboliva|82\/100 tox|[from] Grassy Terrain\n|-damage|p1b: Arboliva|70\/100 tox|[from] psn\n|upkeep\n|turn|4\n|\n|t:|1700198273\n|move|p1a: Gallade|Wide Guard|p1a: Gallade\n|-singleturn|p1a: Gallade|Wide Guard\n|move|p2a: Tobias|Heat Wave|p1b: Arboliva|[spread] \n|-activate|p1a: Gallade|move: Wide Guard\n|-activate|p1b: Arboliva|move: Wide Guard\n|move|p2b: Rachel|Moonblast|p1b: Arboliva\n|-damage|p1b: Arboliva|7\/100 tox\n|move|p1b: Arboliva|Giga Drain|p2b: Rachel\n|-damage|p2b: Rachel|57\/100\n|-heal|p1b: Arboliva|26\/100 tox|[from] drain|[of] p2b: Rachel\n|\n|-heal|p2a: Tobias|31\/100|[from] Grassy Terrain\n|-heal|p2b: Rachel|63\/100|[from] Grassy Terrain\n|-heal|p1a: Gallade|76\/100|[from] Grassy Terrain\n|-heal|p1b: Arboliva|32\/100 tox|[from] Grassy Terrain\n|-damage|p1b: Arboliva|14\/100 tox|[from] psn\n|upkeep\n|turn|5\n|\n|t:|1700198315\n|move|p2a: Tobias|Heat Wave|p1b: Arboliva|[spread] p1a,p1b\n|-damage|p1a: Gallade|52\/100\n|-damage|p1b: Arboliva|0 fnt\n|faint|p1b: Arboliva\n|move|p2b: Rachel|Moonblast|p1a: Gallade\n|-supereffective|p1a: Gallade\n|-damage|p1a: Gallade|0 fnt\n|faint|p1a: Gallade\n|\n|-heal|p2a: Tobias|37\/100|[from] Grassy Terrain\n|-heal|p2b: Rachel|70\/100|[from] Grassy Terrain\n|upkeep\n|\n|t:|1700198325\n|switch|p1a: Abomasnow|Abomasnow, L50, F|100\/100\n|switch|p1b: Breloom|Breloom, L50, F|100\/100\n|-weather|Snow|[from] ability: Snow Warning|[of] p1a: Abomasnow\n|turn|6\n|\n|t:|1700198351\n|move|p2b: Rachel|Protect|p2b: Rachel\n|-singleturn|p2b: Rachel|Protect\n|move|p2a: Tobias|Heat Wave|p1b: Breloom|[spread] p1a,p1b\n|-supereffective|p1a: Abomasnow\n|-supereffective|p1b: Breloom\n|-damage|p1a: Abomasnow|0 fnt\n|-damage|p1b: Breloom|14\/100\n|-status|p1b: Breloom|tox|[from] ability: Toxic Chain|[of] p2a: Tobias\n|faint|p1a: Abomasnow\n|move|p1b: Breloom|Spore|p2b: Rachel\n|-activate|p2b: Rachel|move: Protect\n|\n|-weather|Snow|[upkeep]\n|-heal|p2a: Tobias|43\/100|[from] Grassy Terrain\n|-heal|p2b: Rachel|76\/100|[from] Grassy Terrain\n|-heal|p1b: Breloom|20\/100 tox|[from] Grassy Terrain\n|-damage|p1b: Breloom|14\/100 tox|[from] psn\n|-fieldend|move: Grassy Terrain\n|upkeep\n|turn|7\n|\n|t:|1700198375\n|move|p1b: Breloom|Mach Punch|p2a: Tobias\n|-damage|p2a: Tobias|0 fnt\n|faint|p2a: Tobias\n|move|p2b: Rachel|Hex|p1b: Breloom\n|-damage|p1b: Breloom|0 fnt\n|faint|p1b: Breloom\n|\n|win|iStockphoto\n|raw|Sugatoad's rating: 1037 &rarr; <strong>1021<\/strong><br \/>(-16 for losing)\n|raw|iStockphoto's rating: 1026 &rarr; <strong>1063<\/strong><br \/>(+37 for winning)\n|l|\u2606Sugatoad\n|c|\u2606iStockphoto|gg!\n","uploadtime":1700198388,"views":11,"p1id":"sugatoad","p2id":"istockphoto","formatid":"gen9vgc2023regulatione","rating":1021,"private":0,"password":""}