{"id":"gen9vgc2023regulatione-1998082847","p1":"azubbang","p2":"hangentori","format":"[Gen 9] VGC 2023 Regulation E","log":"|j|\u2606azubbang\n|j|\u2606hangentori\n|n|\u2606azubbang|azubbang\n|n|\u2606hangentori|hangentori\n|html|View the match progress at <a href=\"\/game-bestof3-gen9vgc2023regulatione-1998080366\">game-bestof3-gen9vgc2023regulatione-1998080366<\/a>\n|t:|1700888473\n|gametype|doubles\n|player|p1|azubbang|nurse|\n|player|p2|hangentori|101|\n|teamsize|p1|6\n|teamsize|p2|6\n|gen|9\n|tier|[Gen 9] VGC 2023 Regulation E\n|rule|Species Clause: Limit one of each Pok\u00e9mon\n|rule|Item Clause: Limit one of each item\n|clearpoke\n|poke|p1|Thundurus-Therian, L50, M|\n|poke|p1|Heatran, L50, M|\n|poke|p1|Roaring Moon, L50|\n|poke|p1|Ogerpon-Wellspring, L50, F|\n|poke|p1|Weezing, L50, F|\n|poke|p1|Landorus-Therian, L50, M|\n|poke|p2|Weezing, L50, M|\n|poke|p2|Roaring Moon, L50|\n|poke|p2|Chien-Pao, L50|\n|poke|p2|Dragonite, L50, F|\n|poke|p2|Chi-Yu, L50|\n|poke|p2|Flutter Mane, L50|\n|teampreview|4\nhangentori has agreed to open team sheets.\nazubbang has agreed to open team sheets.\n|showteam|p1|Thundurus-Therian||AssaultVest|VoltAbsorb|Thunderbolt,WildboltStorm,GrassKnot,VoltSwitch|||M|||50|,,,,,Steel]Heatran||LifeOrb|FlashFire|Protect,HeatWave,FlashCannon,EarthPower|||M|||50|,,,,,Fairy]Roaring Moon||BoosterEnergy|Protosynthesis|Protect,KnockOff,Acrobatics,Tailwind||||||50|,,,,,Flying]Ogerpon-Wellspring||WellspringMask|WaterAbsorb|SpikyShield,IvyCudgel,HornLeech,SwordsDance|||F|||50|,,,,,Water]Weezing||SitrusBerry|NeutralizingGas|Protect,GunkShot,WillOWisp,Taunt|||F|||50|,,,,,Ghost]Landorus-Therian||ChoiceBand|Intimidate|StompingTantrum,RockTomb,TeraBlast,Uturn|||M|||50|,,,,,Ground\n|showteam|p2|Weezing||Leftovers|NeutralizingGas|Taunt,WillOWisp,Protect,SludgeBomb|||M|||50|,,,,,Ghost]Roaring Moon||BoosterEnergy|Protosynthesis|Tailwind,BreakingSwipe,KnockOff,Protect||||||50|,,,,,Poison]Chien-Pao||FocusSash|SwordofRuin|IcicleCrash,SuckerPunch,Protect,SacredSword||||||50|,,,,,Ghost]Dragonite||ChoiceBand|InnerFocus|ExtremeSpeed,Outrage,IronHead,StompingTantrum|||F|||50|,,,,,Normal]Chi-Yu||ChoiceSpecs|BeadsofRuin|HeatWave,Overheat,DarkPulse,Snarl||||||50|,,,,,Ghost]Flutter Mane||FairyFeather|Protosynthesis|Moonblast,DazzlingGleam,ShadowBall,Protect||||||50|,,,,,Fairy\n|\n|t:|1700888534\n|start\n|switch|p1a: Landorus|Landorus-Therian, L50, M|100\/100\n|switch|p1b: Roaring Moon|Roaring Moon, L50|100\/100\n|switch|p2a: Roaring Moon|Roaring Moon, L50|100\/100\n|switch|p2b: Chien-Pao|Chien-Pao, L50|100\/100\n|-ability|p2b: Chien-Pao|Sword of Ruin\n|-ability|p1a: Landorus|Intimidate|boost\n|-unboost|p2a: Roaring Moon|atk|1\n|-unboost|p2b: Chien-Pao|atk|1\n|-enditem|p1b: Roaring Moon|Booster Energy\n|-activate|p1b: Roaring Moon|ability: Protosynthesis|[fromitem]\n|-start|p1b: Roaring Moon|protosynthesisspe\n|-enditem|p2a: Roaring Moon|Booster Energy\n|-activate|p2a: Roaring Moon|ability: Protosynthesis|[fromitem]\n|-start|p2a: Roaring Moon|protosynthesisspe\n|turn|1\n|\n|t:|1700888571\n|move|p2b: Chien-Pao|Protect|p2b: Chien-Pao\n|-singleturn|p2b: Chien-Pao|Protect\n|move|p1b: Roaring Moon|Tailwind|p1b: Roaring Moon\n|-sidestart|p1: azubbang|move: Tailwind\n|move|p2a: Roaring Moon|Tailwind|p2a: Roaring Moon\n|-sidestart|p2: hangentori|move: Tailwind\n|move|p1a: Landorus|U-turn|p2b: Chien-Pao\n|-activate|p2b: Chien-Pao|move: Protect\n|\n|upkeep\n|turn|2\n|\n|t:|1700888608\n|move|p1b: Roaring Moon|Knock Off|p2b: Chien-Pao\n|-resisted|p2b: Chien-Pao\n|-damage|p2b: Chien-Pao|63\/100\n|-enditem|p2b: Chien-Pao|Focus Sash|[from] move: Knock Off|[of] p1b: Roaring Moon\n|move|p2a: Roaring Moon|Breaking Swipe|p1a: Landorus|[spread] p1a,p1b\n|-supereffective|p1b: Roaring Moon\n|-damage|p1a: Landorus|76\/100\n|-damage|p1b: Roaring Moon|48\/100\n|-unboost|p1a: Landorus|atk|1\n|-unboost|p1b: Roaring Moon|atk|1\n|move|p2b: Chien-Pao|Icicle Crash|p1b: Roaring Moon\n|-supereffective|p1b: Roaring Moon\n|-damage|p1b: Roaring Moon|0 fnt\n|faint|p1b: Roaring Moon\n|-end|p1b: Roaring Moon|Protosynthesis|[silent]\n|move|p1a: Landorus|U-turn|p2b: Chien-Pao\n|-supereffective|p2b: Chien-Pao\n|-damage|p2b: Chien-Pao|0 fnt\n|faint|p2b: Chien-Pao\n|\n|t:|1700888636\n|switch|p1a: Heatran|Heatran, L50, M|100\/100|[from] U-turn\n|\n|upkeep\n|\n|t:|1700888642\n|switch|p2b: Dragonite|Dragonite, L50, F|100\/100\n|switch|p1b: Landorus|Landorus-Therian, L50, M|76\/100\n|-ability|p1b: Landorus|Intimidate|boost\n|-unboost|p2a: Roaring Moon|atk|1\n|-fail|p2b: Dragonite|unboost|Attack|[from] ability: Inner Focus|[of] p2b: Dragonite\n|turn|3\n|\n|t:|1700888703\n|-terastallize|p1a: Heatran|Fairy\n|move|p2a: Roaring Moon|Knock Off|p1a: Heatran\n|-resisted|p1a: Heatran\n|-damage|p1a: Heatran|90\/100\n|-enditem|p1a: Heatran|Life Orb|[from] move: Knock Off|[of] p2a: Roaring Moon\n|move|p1b: Landorus|Rock Tomb|p2b: Dragonite|[miss]\n|-miss|p1b: Landorus|p2b: Dragonite\n|move|p1a: Heatran|Flash Cannon|p2b: Dragonite\n|-damage|p2b: Dragonite|64\/100\n|move|p2b: Dragonite|Outrage|p1b: Landorus\n|-damage|p1b: Landorus|0 fnt\n|faint|p1b: Landorus\n|\n|upkeep\n|\n|t:|1700888717\n|switch|p1b: Ogerpon|Ogerpon-Wellspring, L50, F|100\/100\n|turn|4\n|\n|t:|1700888735\n|move|p2a: Roaring Moon|Knock Off|p1a: Heatran\n|-resisted|p1a: Heatran\n|-damage|p1a: Heatran|84\/100\n|move|p1b: Ogerpon|Swords Dance|p1b: Ogerpon\n|-boost|p1b: Ogerpon|atk|2\n|move|p1a: Heatran|Flash Cannon|p2b: Dragonite\n|-damage|p2b: Dragonite|29\/100\n|move|p2b: Dragonite|Outrage|p1b: Ogerpon|[from]lockedmove\n|-damage|p1b: Ogerpon|0 fnt\n|faint|p1b: Ogerpon\n|-start|p2b: Dragonite|confusion|[fatigue]\n|\n|-sideend|p2: hangentori|move: Tailwind\n|-sideend|p1: azubbang|move: Tailwind\n|upkeep\n|turn|5\n|c|\u2606azubbang|lol gg\n|-message|azubbang forfeited.\n|\n|win|hangentori\n|c|&|\/uhtml prompt-hangentori,hangentori is ready for game 3!\n|c|&|\/uhtml prompt-azubbang,azubbang is ready for game 3!\nBoth players are ready! Starting next match!\n|l|\u2606azubbang\n|j|\u2606azubbang\n|player|p1|azubbang|nurse\n","uploadtime":1700889297,"views":3,"p1id":"azubbang","p2id":"hangentori","formatid":"gen9vgc2023regulatione","rating":0,"private":0,"password":""}