{"id":"gen9vgc2023regulatione-1994196304","p1":"Adamantine1","p2":"Kourba","format":"[Gen 9] VGC 2023 Regulation E","log":"|j|\u2606Adamantine1\n|j|\u2606Kourba\n|t:|1700417757\n|gametype|doubles\n|player|p1|Adamantine1|169|1138\n|player|p2|Kourba|cynthia-gen4|1163\n|teamsize|p1|6\n|teamsize|p2|6\n|gen|9\n|tier|[Gen 9] VGC 2023 Regulation E\n|rated|\n|rule|Species Clause: Limit one of each Pok\u00e9mon\n|rule|Item Clause: Limit one of each item\n|clearpoke\n|poke|p1|Tornadus, L50, M|\n|poke|p1|Urshifu-*, L50, F|\n|poke|p1|Rillaboom, L50, F|\n|poke|p1|Landorus-Therian, L50, M|\n|poke|p1|Gholdengo, L50|\n|poke|p1|Flutter Mane, L50|\n|poke|p2|Regieleki, L50|\n|poke|p2|Flutter Mane, L50|\n|poke|p2|Tornadus, L50, M|\n|poke|p2|Chien-Pao, L50|\n|poke|p2|Gliscor, L50, F|\n|poke|p2|Zoroark-Hisui, L50, F|\n|teampreview|4\n|\n|t:|1700417782\n|start\n|switch|p1a: Urshifu|Urshifu-Rapid-Strike, L50, F|100\/100\n|switch|p1b: Tornadus|Tornadus, L50, M|100\/100\n|switch|p2a: Mannado|Tornadus, L50, M, shiny|100\/100\n|switch|p2b: Ghostspeed|Flutter Mane, L50, shiny|100\/100\n|turn|1\n|\n|t:|1700417800\n|move|p2a: Mannado|Sunny Day|p2a: Mannado\n|-weather|SunnyDay\n|move|p1b: Tornadus|Tailwind|p1b: Tornadus\n|-sidestart|p1: Adamantine1|move: Tailwind\n|move|p1a: Urshifu|Surging Strikes|p2b: Ghostspeed\n|-crit|p2b: Ghostspeed\n|-damage|p2b: Ghostspeed|82\/100\n|replace|p2b: Illusionmaster|Zoroark-Hisui, L50, F, shiny\n|-end|p2b: Illusionmaster|Illusion\n|-crit|p2b: Illusionmaster\n|-damage|p2b: Illusionmaster|63\/100\n|-crit|p2b: Illusionmaster\n|-damage|p2b: Illusionmaster|45\/100\n|-hitcount|p2b: Illusionmaster|3\n|move|p2b: Illusionmaster|Grass Knot|p1a: Urshifu\n|-supereffective|p1a: Urshifu\n|-damage|p1a: Urshifu|13\/100\n|\n|-weather|SunnyDay|[upkeep]\n|upkeep\n|turn|2\n|\n|t:|1700417824\n|move|p1b: Tornadus|Rain Dance|p1b: Tornadus\n|-weather|RainDance\n|move|p2a: Mannado|Tailwind|p2a: Mannado\n|-sidestart|p2: Kourba|move: Tailwind\n|move|p2b: Illusionmaster|Hyper Voice|p1a: Urshifu|[spread] p1a,p1b\n|-damage|p1a: Urshifu|0 fnt\n|-damage|p1b: Tornadus|59\/100\n|faint|p1a: Urshifu\n|-enditem|p2b: Illusionmaster|Throat Spray\n|-boost|p2b: Illusionmaster|spa|1|[from] item: Throat Spray\n|\n|-weather|RainDance|[upkeep]\n|upkeep\n|\n|t:|1700417839\n|switch|p1a: Flutter Mane|Flutter Mane, L50|100\/100\n|-enditem|p1a: Flutter Mane|Booster Energy\n|-activate|p1a: Flutter Mane|ability: Protosynthesis|[fromitem]\n|-start|p1a: Flutter Mane|protosynthesisspe\n|turn|3\n|\n|t:|1700417860\n|move|p1b: Tornadus|Taunt|p2a: Mannado\n|-start|p2a: Mannado|move: Taunt\n|-enditem|p2a: Mannado|Mental Herb\n|-end|p2a: Mannado|move: Taunt\n|move|p1a: Flutter Mane|Moonblast|p2b: Illusionmaster\n|-damage|p2b: Illusionmaster|0 fnt\n|faint|p2b: Illusionmaster\n|move|p2a: Mannado|Bleakwind Storm|p1b: Tornadus|[spread] p1a,p1b\n|-damage|p1a: Flutter Mane|71\/100\n|-damage|p1b: Tornadus|24\/100\n|-enditem|p1b: Tornadus|Aguav Berry|[eat]\n|-heal|p1b: Tornadus|57\/100|[from] item: Aguav Berry\n|\n|-weather|RainDance|[upkeep]\n|upkeep\n|\n|t:|1700417870\n|switch|p2b: Lightning rod|Regieleki, L50, shiny|100\/100\n|turn|4\n|\n|t:|1700417880\n|switch|p1b: Landorus|Landorus-Therian, L50, M|100\/100\n|-ability|p1b: Landorus|Intimidate|boost\n|-unboost|p2a: Mannado|atk|1\n|-unboost|p2b: Lightning rod|atk|1\n|move|p2a: Mannado|Taunt|p1b: Landorus\n|-start|p1b: Landorus|move: Taunt\n|move|p1a: Flutter Mane|Icy Wind|p2a: Mannado|[spread] p2a\n|-miss|p1a: Flutter Mane|p2b: Lightning rod\n|-supereffective|p2a: Mannado\n|-damage|p2a: Mannado|63\/100\n|-unboost|p2a: Mannado|spe|1\n|move|p2b: Lightning rod|Thunderbolt|p1a: Flutter Mane\n|-damage|p1a: Flutter Mane|10\/100\n|\n|-weather|RainDance|[upkeep]\n|-sideend|p1: Adamantine1|move: Tailwind\n|upkeep\n|turn|5\n|\n|t:|1700417900\n|-terastallize|p2b: Lightning rod|Ice\n|move|p1a: Flutter Mane|Protect|p1a: Flutter Mane\n|-singleturn|p1a: Flutter Mane|Protect\n|move|p2b: Lightning rod|Tera Blast|p1b: Landorus|[anim] Tera Blast Ice\n|-supereffective|p1b: Landorus\n|-damage|p1b: Landorus|13\/100\n|move|p2a: Mannado|Bleakwind Storm|p1b: Landorus|[spread] p1b\n|-activate|p1a: Flutter Mane|move: Protect\n|-damage|p1b: Landorus|0 fnt\n|faint|p1b: Landorus\n|\n|-weather|RainDance|[upkeep]\n|-sideend|p2: Kourba|move: Tailwind\n|upkeep\n|\n|t:|1700417912\n|switch|p1b: Tornadus|Tornadus, L50, M|57\/100\n|turn|6\n|\n|t:|1700417920\n|move|p1b: Tornadus|Tailwind|p1b: Tornadus\n|-sidestart|p1: Adamantine1|move: Tailwind\n|move|p2a: Mannado|Taunt|p1b: Tornadus\n|-start|p1b: Tornadus|move: Taunt\n|move|p1a: Flutter Mane|Moonblast|p2b: Lightning rod\n|-damage|p2b: Lightning rod|2\/100\n|move|p2b: Lightning rod|Thunderbolt|p1a: Flutter Mane\n|-damage|p1a: Flutter Mane|0 fnt\n|faint|p1a: Flutter Mane\n|-end|p1a: Flutter Mane|Protosynthesis|[silent]\n|\n|-weather|none\n|upkeep\n|turn|7\n|\n|t:|1700417943\n|-terastallize|p1b: Tornadus|Steel\n|move|p2a: Mannado|Tailwind|p2a: Mannado\n|-sidestart|p2: Kourba|move: Tailwind\n|move|p2b: Lightning rod|Thunderbolt|p1b: Tornadus\n|-damage|p1b: Tornadus|0 fnt\n|faint|p1b: Tornadus\n|\n|win|Kourba\n|raw|Adamantine1's rating: 1138 &rarr; <strong>1115<\/strong><br \/>(-23 for losing)\n|raw|Kourba's rating: 1163 &rarr; <strong>1186<\/strong><br \/>(+23 for winning)\n|l|\u2606Adamantine1\n|c|\u2606Kourba|Ggs\n|l|\u2606Kourba\n|j|\u2606Kourba\n|player|p2|Kourba|cynthia-gen4\n|l|\u2606Kourba\n|player|p2|\n|j|\u2606Kourba\n|player|p2|Kourba|cynthia-gen4\n","uploadtime":1700418031,"views":10,"p1id":"adamantine1","p2id":"kourba","formatid":"gen9vgc2023regulatione","rating":1115,"private":0,"password":""}