{"id":"gen9vgc2023regulatione-1992557494","p1":"NighthawkL06","p2":"spliffbaeless","format":"[Gen 9] VGC 2023 Regulation E","log":"|j|\u2606NighthawkL06\n|j|\u2606spliffbaeless\n|t:|1700205356\n|gametype|doubles\n|player|p1|NighthawkL06|101|1327\n|player|p2|spliffbaeless|cynthia|1309\n|teamsize|p1|6\n|teamsize|p2|6\n|gen|9\n|tier|[Gen 9] VGC 2023 Regulation E\n|rated|\n|rule|Species Clause: Limit one of each Pok\u00e9mon\n|rule|Item Clause: Limit one of each item\n|clearpoke\n|poke|p1|Enamorus-Therian, L50, F|\n|poke|p1|Sinistcha-Masterpiece, L50|\n|poke|p1|Landorus-Therian, L50, M|\n|poke|p1|Grimmsnarl, L50, M|\n|poke|p1|Flutter Mane, L50|\n|poke|p1|Kommo-o, L50, F|\n|poke|p2|Urshifu-*, L50, M|\n|poke|p2|Chi-Yu, L50|\n|poke|p2|Lilligant-Hisui, L50, F|\n|poke|p2|Torkoal, L50, F|\n|poke|p2|Bellibolt, L50, F|\n|poke|p2|Oranguru, L50, F|\n|teampreview|4\n|\n|t:|1700205407\n|start\n|switch|p1a: Kommo-o|Kommo-o, L50, F|100\/100\n|switch|p1b: Grimmsnarl|Grimmsnarl, L50, M|100\/100\n|switch|p2a: Chi-Yu|Chi-Yu, L50|100\/100\n|switch|p2b: Urshifu|Urshifu-Rapid-Strike, L50, M|100\/100\n|-ability|p2a: Chi-Yu|Beads of Ruin\n|turn|1\n|\n|t:|1700205420\n|move|p1b: Grimmsnarl|Light Screen|p1b: Grimmsnarl\n|-sidestart|p1: NighthawkL06|move: Light Screen\n|move|p2b: Urshifu|U-turn|p1a: Kommo-o\n|-resisted|p1a: Kommo-o\n|-damage|p1a: Kommo-o|91\/100\n|\n|t:|1700205424\n|switch|p2b: Torkoal|Torkoal, L50, F|100\/100|[from] U-turn\n|-weather|SunnyDay|[from] ability: Drought|[of] p2b: Torkoal\n|move|p2a: Chi-Yu|Overheat|p1b: Grimmsnarl\n|-damage|p1b: Grimmsnarl|0 fnt\n|-unboost|p2a: Chi-Yu|spa|2\n|faint|p1b: Grimmsnarl\n|move|p1a: Kommo-o|Clangorous Soul|p1a: Kommo-o\n|-boost|p1a: Kommo-o|atk|1\n|-boost|p1a: Kommo-o|def|1\n|-boost|p1a: Kommo-o|spa|1\n|-boost|p1a: Kommo-o|spd|1\n|-boost|p1a: Kommo-o|spe|1\n|-damage|p1a: Kommo-o|58\/100\n|\n|-weather|SunnyDay|[upkeep]\n|upkeep\n|\n|t:|1700205435\n|switch|p1b: Sinistcha|Sinistcha-Masterpiece, L50|100\/100\n|-heal|p1a: Kommo-o|83\/100|[from] ability: Hospitality|[of] p1b: Sinistcha\n|turn|2\n|\n|t:|1700205451\n|switch|p2a: Lilligant|Lilligant-Hisui, L50, F, shiny|100\/100\n|-terastallize|p1b: Sinistcha|Fire\n|move|p2b: Torkoal|Protect|p2b: Torkoal\n|-singleturn|p2b: Torkoal|Protect\n|move|p1a: Kommo-o|Clangorous Soul|p1a: Kommo-o\n|-boost|p1a: Kommo-o|atk|1\n|-boost|p1a: Kommo-o|def|1\n|-boost|p1a: Kommo-o|spa|1\n|-boost|p1a: Kommo-o|spd|1\n|-boost|p1a: Kommo-o|spe|1\n|-damage|p1a: Kommo-o|50\/100\n|-enditem|p1a: Kommo-o|Sitrus Berry|[eat]\n|-heal|p1a: Kommo-o|75\/100|[from] item: Sitrus Berry\n|move|p1b: Sinistcha|Shadow Ball|p2b: Torkoal\n|-activate|p2b: Torkoal|move: Protect\n|\n|-weather|SunnyDay|[upkeep]\n|upkeep\n|turn|3\n|\n|t:|1700205470\n|switch|p1b: Landorus|Landorus-Therian, L50, M|100\/100\n|-ability|p1b: Landorus|Intimidate|boost\n|-unboost|p2a: Lilligant|atk|1\n|-unboost|p2b: Torkoal|atk|1\n|move|p2a: Lilligant|Sleep Powder|p1a: Kommo-o\n|-status|p1a: Kommo-o|slp|[from] move: Sleep Powder\n|cant|p1a: Kommo-o|slp\n|move|p2b: Torkoal|Earth Power|p1b: Landorus\n|-immune|p1b: Landorus\n|\n|-weather|SunnyDay|[upkeep]\n|upkeep\n|turn|4\n|\n|t:|1700205485\n|move|p2a: Lilligant|After You|p2b: Torkoal\n|-activate|p2b: Torkoal|move: After You\n|move|p2b: Torkoal|Eruption|p1b: Landorus|[spread] p1a,p1b\n|-resisted|p1a: Kommo-o\n|-damage|p1a: Kommo-o|65\/100 slp\n|-damage|p1b: Landorus|26\/100\n|move|p1b: Landorus|U-turn|p2a: Lilligant\n|-damage|p2a: Lilligant|58\/100\n|\n|t:|1700205493\n|switch|p1b: Sinistcha|Sinistcha-Masterpiece, L50, tera:Fire|100\/100|[from] U-turn\n|-heal|p1a: Kommo-o|90\/100 slp|[from] ability: Hospitality|[of] p1b: Sinistcha\n|cant|p1a: Kommo-o|slp\n|\n|-weather|SunnyDay|[upkeep]\n|upkeep\n|turn|5\n|\n|t:|1700205524\n|switch|p2a: Chi-Yu|Chi-Yu, L50|100\/100\n|-ability|p2a: Chi-Yu|Beads of Ruin\n|-curestatus|p1a: Kommo-o|slp|[msg]\n|move|p1a: Kommo-o|Clanging Scales|p2a: Chi-Yu|[spread] p2a,p2b\n|-damage|p2a: Chi-Yu|28\/100\n|-damage|p2b: Torkoal|0 fnt\n|faint|p2b: Torkoal\n|-unboost|p1a: Kommo-o|def|1\n|move|p1b: Sinistcha|Shadow Ball|p2a: Chi-Yu\n|-resisted|p2a: Chi-Yu\n|-damage|p2a: Chi-Yu|10\/100\n|\n|-weather|none\n|upkeep\n|\n|t:|1700205535\n|switch|p2b: Urshifu|Urshifu-Rapid-Strike, L50, M|100\/100\n|turn|6\n|\n|t:|1700205546\n|switch|p1b: Landorus|Landorus-Therian, L50, M|26\/100\n|-ability|p1b: Landorus|Intimidate|boost\n|-unboost|p2a: Chi-Yu|atk|1\n|-unboost|p2b: Urshifu|atk|1\n|move|p2b: Urshifu|Surging Strikes|p1b: Landorus\n|-supereffective|p1b: Landorus\n|-crit|p1b: Landorus\n|-damage|p1b: Landorus|0 fnt\n|faint|p1b: Landorus\n|-hitcount|p1: Landorus|1\n|move|p1a: Kommo-o|Clanging Scales|p2a: Chi-Yu|[spread] p2a,p2b\n|-damage|p2a: Chi-Yu|0 fnt\n|-damage|p2b: Urshifu|0 fnt\n|faint|p2a: Chi-Yu\n|faint|p2b: Urshifu\n|-unboost|p1a: Kommo-o|def|1\n|\n|upkeep\n|-message|spliffbaeless forfeited.\n|\n|win|NighthawkL06\n|raw|NighthawkL06's rating: 1327 &rarr; <strong>1346<\/strong><br \/>(+19 for winning)\n|raw|spliffbaeless's rating: 1309 &rarr; <strong>1290<\/strong><br \/>(-19 for losing)\n|l|\u2606spliffbaeless\n","uploadtime":1700205672,"views":12,"p1id":"nighthawkl06","p2id":"spliffbaeless","formatid":"gen9vgc2023regulatione","rating":1290,"private":0,"password":""}