{"id":"gen9vgc2023regulatione-1989290715","p1":"Kubi54","p2":"Zakmancho","format":"[Gen 9] VGC 2023 Regulation E","log":"|j|\u2606Kubi54\n|j|\u2606Zakmancho\n|t:|1699832534\n|gametype|doubles\n|player|p1|Kubi54|cynthia-gen4|1226\n|player|p2|Zakmancho|1|1246\n|teamsize|p1|6\n|teamsize|p2|6\n|gen|9\n|tier|[Gen 9] VGC 2023 Regulation E\n|rated|\n|rule|Species Clause: Limit one of each Pok\u00e9mon\n|rule|Item Clause: Limit one of each item\n|clearpoke\n|poke|p1|Baxcalibur, L50, M|\n|poke|p1|Gholdengo, L50|\n|poke|p1|Urshifu-*, L50, F|\n|poke|p1|Ninetales-Alola, L50, M|\n|poke|p1|Rillaboom, L50, M|\n|poke|p1|Arcanine-Hisui, L50, F|\n|poke|p2|Tyranitar, L50, M|\n|poke|p2|Ogerpon-Wellspring, L50, F|\n|poke|p2|Ursaluna-Bloodmoon, L50, M|\n|poke|p2|Rillaboom, L50, M|\n|poke|p2|Urshifu-*, L50, F|\n|poke|p2|Flutter Mane, L50|\n|teampreview|4\n|inactive|Battle timer is ON: inactive players will automatically lose when time's up. (requested by Zakmancho)\n|inactive|Kubi54 has 60 seconds left.\n|\n|t:|1699832572\n|start\n|switch|p1a: Ninetales|Ninetales-Alola, L50, M, shiny|100\/100\n|switch|p1b: Rillaboom|Rillaboom, L50, M|100\/100\n|switch|p2a: Rillaboom|Rillaboom, L50, M|100\/100\n|switch|p2b: Ursaluna|Ursaluna-Bloodmoon, L50, M|100\/100\n|-weather|Snow|[from] ability: Snow Warning|[of] p1a: Ninetales\n|-fieldstart|move: Grassy Terrain|[from] ability: Grassy Surge|[of] p2a: Rillaboom\n|turn|1\n|\n|t:|1699832592\n|switch|p2b: Tyranitar|Tyranitar, L50, M|100\/100\n|-weather|Sandstorm|[from] ability: Sand Stream|[of] p2b: Tyranitar\n|move|p1a: Ninetales|Protect|p1a: Ninetales\n|-singleturn|p1a: Ninetales|Protect\n|move|p2a: Rillaboom|Fake Out|p1b: Rillaboom\n|-damage|p1b: Rillaboom|87\/100\n|cant|p1b: Rillaboom|flinch\n|\n|-weather|Sandstorm|[upkeep]\n|-damage|p1a: Ninetales|94\/100|[from] Sandstorm\n|-damage|p2a: Rillaboom|95\/100|[from] Sandstorm\n|-damage|p1b: Rillaboom|81\/100|[from] Sandstorm\n|-heal|p1a: Ninetales|100\/100|[from] Grassy Terrain\n|-heal|p2a: Rillaboom|100\/100|[from] Grassy Terrain\n|-heal|p1b: Rillaboom|87\/100|[from] Grassy Terrain\n|upkeep\n|turn|2\n|inactive|Kubi54 has 30 seconds left.\n|inactive|Kubi54 has 20 seconds left.\n|inactive|Kubi54 has 15 seconds left.\n|inactive|Kubi54 has 10 seconds left.\n|inactive|Kubi54 has 5 seconds left.\n|\n|t:|1699832647\n|move|p1b: Rillaboom|Fake Out||[still]\n|-hint|Fake Out only works on your first turn out.\n|-fail|p1b: Rillaboom\n|move|p1a: Ninetales|Moonblast|p2a: Rillaboom\n|-damage|p2a: Rillaboom|64\/100\n|move|p2a: Rillaboom|U-turn|p1b: Rillaboom\n|-supereffective|p1b: Rillaboom\n|-damage|p1b: Rillaboom|41\/100\n|\n|t:|1699832660\n|switch|p2a: Flutter Mane|Flutter Mane, L50|100\/100|[from] U-turn\n|-enditem|p2a: Flutter Mane|Booster Energy\n|-activate|p2a: Flutter Mane|ability: Protosynthesis|[fromitem]\n|-start|p2a: Flutter Mane|protosynthesisspa\n|move|p2b: Tyranitar|Knock Off|p1a: Ninetales\n|-resisted|p1a: Ninetales\n|-damage|p1a: Ninetales|67\/100\n|-enditem|p1a: Ninetales|Light Clay|[from] move: Knock Off|[of] p2b: Tyranitar\n|\n|-weather|Sandstorm|[upkeep]\n|-damage|p2a: Flutter Mane|94\/100|[from] Sandstorm\n|-damage|p1a: Ninetales|61\/100|[from] Sandstorm\n|-damage|p1b: Rillaboom|35\/100|[from] Sandstorm\n|-heal|p2a: Flutter Mane|100\/100|[from] Grassy Terrain\n|-heal|p1a: Ninetales|67\/100|[from] Grassy Terrain\n|-heal|p1b: Rillaboom|41\/100|[from] Grassy Terrain\n|upkeep\n|turn|3\n|inactive|Kubi54 has 30 seconds left.\n|inactive|Zakmancho has 30 seconds left.\n|inactive|Kubi54 has 20 seconds left.\n|\n|t:|1699832698\n|switch|p1a: Baxcalibur|Baxcalibur, L50, M, shiny|100\/100\n|move|p2a: Flutter Mane|Protect|p2a: Flutter Mane\n|-singleturn|p2a: Flutter Mane|Protect\n|move|p2b: Tyranitar|Knock Off|p1b: Rillaboom\n|-damage|p1b: Rillaboom|0 fnt\n|-enditem|p1b: Rillaboom|Assault Vest|[from] move: Knock Off|[of] p2b: Tyranitar\n|faint|p1b: Rillaboom\n|\n|-weather|Sandstorm|[upkeep]\n|-damage|p2a: Flutter Mane|94\/100|[from] Sandstorm\n|-damage|p1a: Baxcalibur|94\/100|[from] Sandstorm\n|-heal|p2a: Flutter Mane|100\/100|[from] Grassy Terrain\n|-heal|p1a: Baxcalibur|100\/100|[from] Grassy Terrain\n|upkeep\n|\n|t:|1699832715\n|switch|p1b: Ninetales|Ninetales-Alola, L50, M, shiny|67\/100\n|-weather|Snow|[from] ability: Snow Warning|[of] p1b: Ninetales\n|turn|4\n|\n|t:|1699832734\n|-terastallize|p1a: Baxcalibur|Poison\n|move|p2a: Flutter Mane|Dazzling Gleam|p1b: Ninetales|[spread] p1a,p1b\n|-resisted|p1a: Baxcalibur\n|-damage|p1a: Baxcalibur|80\/100\n|-damage|p1b: Ninetales|20\/100\n|move|p1b: Ninetales|Aurora Veil|p1b: Ninetales\n|-sidestart|p1: Kubi54|move: Aurora Veil\n|move|p1a: Baxcalibur|Swords Dance|p1a: Baxcalibur\n|-boost|p1a: Baxcalibur|atk|2\n|move|p2b: Tyranitar|Rock Slide|p1b: Ninetales|[spread] p1a,p1b\n|-supereffective|p1b: Ninetales\n|-damage|p1a: Baxcalibur|58\/100\n|-damage|p1b: Ninetales|0 fnt\n|faint|p1b: Ninetales\n|\n|-weather|Snow|[upkeep]\n|-heal|p1a: Baxcalibur|64\/100|[from] Grassy Terrain\n|upkeep\n|\n|t:|1699832748\n|switch|p1b: Arcanine|Arcanine-Hisui, L50, F|100\/100\n|-ability|p1b: Arcanine|Intimidate|boost\n|-unboost|p2a: Flutter Mane|atk|1\n|-unboost|p2b: Tyranitar|atk|1\n|turn|5\n|\n|t:|1699832765\n|move|p2a: Flutter Mane|Protect|p2a: Flutter Mane\n|-singleturn|p2a: Flutter Mane|Protect\n|move|p1b: Arcanine|Flare Blitz|p2a: Flutter Mane\n|-activate|p2a: Flutter Mane|move: Protect\n|move|p1a: Baxcalibur|Icicle Spear|p2b: Tyranitar\n|-damage|p2b: Tyranitar|76\/100\n|-damage|p2b: Tyranitar|50\/100\n|-damage|p2b: Tyranitar|23\/100\n|-damage|p2b: Tyranitar|0 fnt\n|faint|p2b: Tyranitar\n|-hitcount|p2: Tyranitar|4\n|\n|-weather|Snow|[upkeep]\n|-heal|p1a: Baxcalibur|70\/100|[from] Grassy Terrain\n|-fieldend|move: Grassy Terrain\n|upkeep\n|\n|t:|1699832781\n|switch|p2b: Rillaboom|Rillaboom, L50, M|64\/100\n|-fieldstart|move: Grassy Terrain|[from] ability: Grassy Surge|[of] p2b: Rillaboom\n|turn|6\n|inactive|Zakmancho has 30 seconds left.\n|\n|t:|1699832807\n|move|p1a: Baxcalibur|Protect|p1a: Baxcalibur\n|-singleturn|p1a: Baxcalibur|Protect\n|move|p2b: Rillaboom|Fake Out|p1b: Arcanine\n|-resisted|p1b: Arcanine\n|-damage|p1b: Arcanine|94\/100\n|move|p2a: Flutter Mane|Shadow Ball|p1a: Baxcalibur\n|-activate|p1a: Baxcalibur|move: Protect\n|cant|p1b: Arcanine|flinch\n|\n|-weather|Snow|[upkeep]\n|-heal|p1b: Arcanine|100\/100|[from] Grassy Terrain\n|-heal|p1a: Baxcalibur|77\/100|[from] Grassy Terrain\n|-heal|p2b: Rillaboom|70\/100|[from] Grassy Terrain\n|upkeep\n|turn|7\n|inactive|Kubi54 has 30 seconds left.\n|\n|t:|1699832836\n|move|p2a: Flutter Mane|Shadow Ball|p1a: Baxcalibur\n|-damage|p1a: Baxcalibur|40\/100\n|-unboost|p1a: Baxcalibur|spd|1\n|move|p1b: Arcanine|Flare Blitz|p2b: Rillaboom\n|-supereffective|p2b: Rillaboom\n|-damage|p2b: Rillaboom|0 fnt\n|faint|p2b: Rillaboom\n|-damage|p1b: Arcanine|78\/100|[from] Recoil\n|move|p1a: Baxcalibur|Icicle Spear|p2a: Flutter Mane\n|-crit|p2a: Flutter Mane\n|-damage|p2a: Flutter Mane|18\/100\n|-damage|p2a: Flutter Mane|0 fnt\n|faint|p2a: Flutter Mane\n|-end|p2a: Flutter Mane|Protosynthesis|[silent]\n|-hitcount|p2: Flutter Mane|2\n|\n|-weather|Snow|[upkeep]\n|-heal|p1b: Arcanine|84\/100|[from] Grassy Terrain\n|-heal|p1a: Baxcalibur|46\/100|[from] Grassy Terrain\n|upkeep\n|\n|t:|1699832849\n|switch|p2b: Ursaluna|Ursaluna-Bloodmoon, L50, M|100\/100\n|turn|8\n|\n|t:|1699832863\n|move|p1b: Arcanine|Flare Blitz|p2b: Ursaluna\n|-damage|p2b: Ursaluna|42\/100\n|-damage|p1b: Arcanine|60\/100|[from] Recoil\n|move|p1a: Baxcalibur|Icicle Spear|p2b: Ursaluna\n|-supereffective|p2b: Ursaluna\n|-damage|p2b: Ursaluna|3\/100\n|-supereffective|p2b: Ursaluna\n|-damage|p2b: Ursaluna|0 fnt\n|faint|p2b: Ursaluna\n|-hitcount|p2: Ursaluna|2\n|\n|win|Kubi54\n|raw|Kubi54's rating: 1226 &rarr; <strong>1252<\/strong><br \/>(+26 for winning)\n|raw|Zakmancho's rating: 1246 &rarr; <strong>1220<\/strong><br \/>(-26 for losing)\n|l|\u2606Zakmancho\n","uploadtime":1699832882,"views":15,"p1id":"kubi54","p2id":"zakmancho","formatid":"gen9vgc2023regulatione","rating":1220,"private":0,"password":""}