{"id":"gen9vgc2023regulatione-2000131071","p1":"Longggg","p2":"cancelcorvus","format":"[Gen 9] VGC 2023 Regulation E","log":"|j|\u2606Longggg\n|j|\u2606cancelcorvus\n|t:|1701160362\n|gametype|doubles\n|player|p1|Longggg|steven|1039\n|player|p2|cancelcorvus|acetrainer-gen4dp|1000\n|teamsize|p1|6\n|teamsize|p2|6\n|gen|9\n|tier|[Gen 9] VGC 2023 Regulation E\n|rated|\n|rule|Species Clause: Limit one of each Pok\u00e9mon\n|rule|Item Clause: Limit one of each item\n|clearpoke\n|poke|p1|Abomasnow, L50, M|\n|poke|p1|Articuno, L50|\n|poke|p1|Hydreigon, L50, F|\n|poke|p1|Amoonguss, L50, M|\n|poke|p1|Chien-Pao, L50|\n|poke|p1|Weavile, L50, M|\n|poke|p2|Eiscue, L50, F|\n|poke|p2|Ninetales-Alola, L50, M|\n|poke|p2|Flutter Mane, L50|\n|poke|p2|Baxcalibur, L50, F|\n|poke|p2|Amoonguss, L50, F|\n|poke|p2|Glaceon, L50, F|\n|teampreview|4\n|\n|t:|1701160388\n|start\n|switch|p1a: Amoonguss|Amoonguss, L50, M|100\/100\n|switch|p1b: Chien-Pao|Chien-Pao, L50|100\/100\n|switch|p2a: Ninetales|Ninetales-Alola, L50, M, shiny|100\/100\n|switch|p2b: Flutter Mane|Flutter Mane, L50|100\/100\n|-ability|p1b: Chien-Pao|Sword of Ruin\n|-weather|Snow|[from] ability: Snow Warning|[of] p2a: Ninetales\n|turn|1\n|\n|t:|1701160438\n|move|p1b: Chien-Pao|Protect|p1b: Chien-Pao\n|-singleturn|p1b: Chien-Pao|Protect\n|move|p2b: Flutter Mane|Taunt|p1a: Amoonguss\n|-start|p1a: Amoonguss|move: Taunt\n|move|p2a: Ninetales|Aurora Veil|p2a: Ninetales\n|-sidestart|p2: cancelcorvus|move: Aurora Veil\n|cant|p1a: Amoonguss|move: Taunt|Spore\n|\n|-weather|Snow|[upkeep]\n|upkeep\n|turn|2\n|\n|t:|1701160455\n|switch|p1a: Abomasnow|Abomasnow, L50, M|100\/100\n|move|p1b: Chien-Pao|Sucker Punch||[still]\n|-fail|p1b: Chien-Pao\n|move|p2a: Ninetales|Calm Mind|p2a: Ninetales\n|-boost|p2a: Ninetales|spa|1\n|-boost|p2a: Ninetales|spd|1\n|move|p2b: Flutter Mane|Trick Room|p2b: Flutter Mane\n|-fieldstart|move: Trick Room|[of] p2b: Flutter Mane\n|\n|-weather|Snow|[upkeep]\n|upkeep\n|turn|3\n|\n|t:|1701160481\n|-end|p2b: Flutter Mane|Protosynthesis|[silent]\n|switch|p2b: Eiscue|Eiscue, L50, F, shiny|100\/100\n|move|p1b: Chien-Pao|Sucker Punch||[still]\n|-fail|p1b: Chien-Pao\n|move|p1a: Abomasnow|Aurora Veil|p1a: Abomasnow\n|-sidestart|p1: Longggg|move: Aurora Veil\n|move|p2a: Ninetales|Dazzling Gleam|p1b: Chien-Pao|[spread] p1a,p1b\n|-supereffective|p1b: Chien-Pao\n|-damage|p1a: Abomasnow|82\/100\n|-damage|p1b: Chien-Pao|15\/100\n|\n|-weather|Snow|[upkeep]\n|upkeep\n|turn|4\n|\n|t:|1701160514\n|switch|p1a: Amoonguss|Amoonguss, L50, M|100\/100\n|move|p2b: Eiscue|Belly Drum|p2b: Eiscue\n|-damage|p2b: Eiscue|51\/100\n|-setboost|p2b: Eiscue|atk|6|[from] move: Belly Drum\n|move|p2a: Ninetales|Dazzling Gleam|p1a: Amoonguss|[spread] p1a,p1b\n|-resisted|p1a: Amoonguss\n|-supereffective|p1b: Chien-Pao\n|-damage|p1a: Amoonguss|89\/100\n|-damage|p1b: Chien-Pao|0 fnt\n|faint|p1b: Chien-Pao\n|\n|-weather|Snow|[upkeep]\n|-heal|p1a: Amoonguss|95\/100|[from] item: Leftovers\n|upkeep\n|\n|t:|1701160531\n|switch|p1b: Abomasnow|Abomasnow, L50, M|82\/100\n|turn|5\n|\n|t:|1701160601\n|switch|p2a: Flutter Mane|Flutter Mane, L50|100\/100\n|move|p2b: Eiscue|Protect|p2b: Eiscue\n|-singleturn|p2b: Eiscue|Protect\n|move|p1a: Amoonguss|Spore|p2b: Eiscue\n|-activate|p2b: Eiscue|move: Protect\n|move|p1b: Abomasnow|Blizzard|p2b: Eiscue|[spread] p2a\n|-activate|p2b: Eiscue|move: Protect\n|-damage|p2a: Flutter Mane|85\/100\n|\n|-weather|none\n|-heal|p1a: Amoonguss|100\/100|[from] item: Leftovers\n|-sideend|p2: cancelcorvus|move: Aurora Veil\n|upkeep\n|turn|6\n|\n|t:|1701160636\n|move|p1a: Amoonguss|Spore|p2b: Eiscue\n|-status|p2b: Eiscue|slp|[from] move: Spore\n|cant|p2b: Eiscue|slp\n|move|p1b: Abomasnow|Blizzard|p2a: Flutter Mane|[spread] p2a,p2b\n|-resisted|p2b: Eiscue\n|-damage|p2a: Flutter Mane|62\/100\n|-damage|p2b: Eiscue|38\/100 slp\n|move|p2a: Flutter Mane|Taunt|p1a: Amoonguss\n|-start|p1a: Amoonguss|move: Taunt\n|\n|-fieldend|move: Trick Room\n|upkeep\n|turn|7\n|\n|t:|1701160677\n|-terastallize|p2b: Eiscue|Fire\n|move|p1b: Abomasnow|Blizzard|p2b: Eiscue|[spread] p2a\n|-miss|p1b: Abomasnow|p2b: Eiscue\n|-damage|p2a: Flutter Mane|38\/100\n|-curestatus|p2b: Eiscue|slp|[msg]\n|move|p2b: Eiscue|Ice Spinner|p1b: Abomasnow\n|-damage|p1b: Abomasnow|0 fnt\n|faint|p1b: Abomasnow\n|move|p1a: Amoonguss|Giga Drain|p2b: Eiscue\n|-resisted|p2b: Eiscue\n|-damage|p2b: Eiscue|26\/100\n|move|p2a: Flutter Mane|Trick Room|p2a: Flutter Mane\n|-fieldstart|move: Trick Room|[of] p2a: Flutter Mane\n|\n|-sideend|p1: Longggg|move: Aurora Veil\n|upkeep\n|\n|t:|1701160694\n|switch|p1b: Hydreigon|Hydreigon, L50, F|100\/100\n|turn|8\n|\n|t:|1701160720\n|-end|p2a: Flutter Mane|Protosynthesis|[silent]\n|switch|p2a: Ninetales|Ninetales-Alola, L50, M, shiny|100\/100\n|-weather|Snow|[from] ability: Snow Warning|[of] p2a: Ninetales\n|move|p1b: Hydreigon|Protect|p1b: Hydreigon\n|-singleturn|p1b: Hydreigon|Protect\n|move|p1a: Amoonguss|Giga Drain|p2b: Eiscue\n|-resisted|p2b: Eiscue\n|-damage|p2b: Eiscue|14\/100\n|-enditem|p2b: Eiscue|Figy Berry|[eat]\n|-heal|p2b: Eiscue|47\/100|[from] item: Figy Berry\n|move|p2b: Eiscue|Ice Spinner|p1b: Hydreigon\n|-activate|p1b: Hydreigon|move: Protect\n|\n|-weather|Snow|[upkeep]\n|upkeep\n|turn|9\n|l|\u2606Longggg\n|player|p1|\n|inactive|Battle timer is ON: inactive players will automatically lose when time's up. (requested by cancelcorvus)\n|inactive|Longggg has 30 seconds to reconnect!\n|inactive|Longggg has 20 seconds to reconnect!\n|inactive|Longggg has 15 seconds to reconnect!\n|inactive|Longggg has 10 seconds to reconnect!\n|inactive|Longggg has 5 seconds to reconnect!\n|-message|Longggg lost due to inactivity.\n|\n|win|cancelcorvus\n|raw|Longggg's rating: 1028 &rarr; <strong>1013<\/strong><br \/>(-15 for losing)\n|raw|cancelcorvus's rating: 1000 &rarr; <strong>1043<\/strong><br \/>(+43 for winning)\n","uploadtime":1701160934,"views":15,"p1id":"longggg","p2id":"cancelcorvus","formatid":"gen9vgc2023regulatione","rating":1013,"private":0,"password":""}