{"id":"gen9vgc2023regulatione-2000154133","p1":"aaooa","p2":"Astano","format":"[Gen 9] VGC 2023 Regulation E","log":"|j|\u2606aaooa\n|j|\u2606Astano\n|t:|1701164178\n|gametype|doubles\n|player|p1|aaooa|265|1127\n|player|p2|Astano|102|1202\n|teamsize|p1|6\n|teamsize|p2|6\n|gen|9\n|tier|[Gen 9] VGC 2023 Regulation E\n|rated|\n|rule|Species Clause: Limit one of each Pok\u00e9mon\n|rule|Item Clause: Limit one of each item\n|clearpoke\n|poke|p1|Weezing-Galar, L50, F|\n|poke|p1|Slaking, L50, M|\n|poke|p1|Koffing, L50, M|\n|poke|p1|Iron Bundle, L50|\n|poke|p1|Toedscruel, L50, F|\n|poke|p1|Flutter Mane, L50|\n|poke|p2|Cresselia, L50, F|\n|poke|p2|Flutter Mane, L50|\n|poke|p2|Iron Hands, L50|\n|poke|p2|Ursaluna, L50, M|\n|poke|p2|Sinistcha, L50|\n|poke|p2|Heatran, L50, M|\n|teampreview|4\nAstano has agreed to open team sheets.\n|\n|t:|1701164222\n|start\n|switch|p1a: Toedscruel|Toedscruel, L50, F|100\/100\n|switch|p1b: Koffing|Koffing, L50, M|100\/100\n|switch|p2a: Iron Hands|Iron Hands, L50|100\/100\n|switch|p2b: Sinistcha|Sinistcha, L50|100\/100\n|-ability|p1b: Koffing|Neutralizing Gas\n|turn|1\n|inactive|Battle timer is ON: inactive players will automatically lose when time's up. (requested by Astano)\n|\n|t:|1701164240\n|move|p2a: Iron Hands|Fake Out|p1a: Toedscruel\n|-damage|p1a: Toedscruel|74\/100\n|move|p1a: Toedscruel|Light Screen|p1a: Toedscruel\n|-sidestart|p1: aaooa|move: Light Screen\n|move|p1b: Koffing|Will-O-Wisp|p2a: Iron Hands\n|-status|p2a: Iron Hands|brn\n|move|p2b: Sinistcha|Trick Room|p2b: Sinistcha\n|-fieldstart|move: Trick Room|[of] p2b: Sinistcha\n|\n|-damage|p2a: Iron Hands|94\/100 brn|[from] brn\n|upkeep\n|turn|2\n|inactive|aaooa has 30 seconds left.\n|inactive|Astano has 30 seconds left.\n|\n|t:|1701164270\n|move|p1b: Koffing|Stockpile|p1b: Koffing\n|-start|p1b: Koffing|stockpile1\n|-boost|p1b: Koffing|def|1\n|-boost|p1b: Koffing|spd|1\n|move|p2a: Iron Hands|Heavy Slam|p1b: Koffing\n|-damage|p1b: Koffing|88\/100\n|move|p2b: Sinistcha|Matcha Gotcha|p1a: Toedscruel|[spread] p1a,p1b\n|-resisted|p1b: Koffing\n|-damage|p1a: Toedscruel|58\/100\n|-damage|p1b: Koffing|81\/100\n|move|p1a: Toedscruel|Foul Play|p2a: Iron Hands\n|-resisted|p2a: Iron Hands\n|-damage|p2a: Iron Hands|84\/100 brn\n|\n|-damage|p2a: Iron Hands|78\/100 brn|[from] brn\n|upkeep\n|turn|3\n|inactive|aaooa has 30 seconds left.\n|\n|t:|1701164298\n|move|p1b: Koffing|Stockpile|p1b: Koffing\n|-start|p1b: Koffing|stockpile2\n|-boost|p1b: Koffing|def|1\n|-boost|p1b: Koffing|spd|1\n|move|p2a: Iron Hands|Heavy Slam|p1b: Koffing\n|-damage|p1b: Koffing|72\/100\n|move|p2b: Sinistcha|Matcha Gotcha|p1a: Toedscruel|[spread] p1a,p1b\n|-resisted|p1b: Koffing\n|-damage|p1a: Toedscruel|42\/100\n|-damage|p1b: Koffing|66\/100\n|move|p1a: Toedscruel|Foul Play|p2b: Sinistcha\n|-supereffective|p2b: Sinistcha\n|-damage|p2b: Sinistcha|81\/100\n|-damage|p1a: Toedscruel|25\/100|[from] item: Rocky Helmet|[of] p2b: Sinistcha\n|\n|-damage|p2a: Iron Hands|72\/100 brn|[from] brn\n|upkeep\n|turn|4\n|\n|t:|1701164317\n|move|p1b: Koffing|Stockpile|p1b: Koffing\n|-start|p1b: Koffing|stockpile3\n|-boost|p1b: Koffing|def|1\n|-boost|p1b: Koffing|spd|1\n|move|p2a: Iron Hands|Drain Punch|p1a: Toedscruel\n|-crit|p1a: Toedscruel\n|-damage|p1a: Toedscruel|0 fnt\n|-heal|p2a: Iron Hands|79\/100 brn|[from] drain|[of] p1a: Toedscruel\n|faint|p1a: Toedscruel\n|move|p2b: Sinistcha|Matcha Gotcha|p1b: Koffing\n|-resisted|p1b: Koffing\n|-damage|p1b: Koffing|60\/100\n|-heal|p2b: Sinistcha|84\/100|[from] drain|[of] p1b: Koffing\n|\n|-damage|p2a: Iron Hands|73\/100 brn|[from] brn\n|upkeep\n|\n|t:|1701164324\n|switch|p1a: Slaking|Slaking, L50, M|100\/100\n|turn|5\n|\n|t:|1701164345\n|move|p1a: Slaking|Sucker Punch|p2b: Sinistcha\n|-supereffective|p2b: Sinistcha\n|-damage|p2b: Sinistcha|15\/100\n|-damage|p1a: Slaking|84\/100|[from] item: Rocky Helmet|[of] p2b: Sinistcha\n|-damage|p1a: Slaking|74\/100|[from] item: Life Orb\n|move|p1b: Koffing|Pain Split|p2a: Iron Hands\n|-sethp|p2a: Iron Hands|51\/100 brn|[from] move: Pain Split|[silent]\n|-sethp|p1b: Koffing|100\/100|[from] move: Pain Split\n|move|p2a: Iron Hands|Drain Punch|p1a: Slaking\n|-supereffective|p1a: Slaking\n|-damage|p1a: Slaking|43\/100\n|-heal|p2a: Iron Hands|65\/100 brn|[from] drain|[of] p1a: Slaking\n|move|p2b: Sinistcha|Matcha Gotcha|p1b: Koffing|[spread] p1b\n|-miss|p2b: Sinistcha|p1a: Slaking\n|-resisted|p1b: Koffing\n|-damage|p1b: Koffing|95\/100\n|-heal|p2b: Sinistcha|17\/100|[from] drain|[of] p1b: Koffing\n|\n|-damage|p2a: Iron Hands|59\/100 brn|[from] brn\n|-sideend|p1: aaooa|move: Light Screen\n|-fieldend|move: Trick Room\n|upkeep\n|turn|6\n|inactive|aaooa has 30 seconds left.\n|\n|t:|1701164378\n|move|p2b: Sinistcha|Rage Powder|p2b: Sinistcha\n|-singleturn|p2b: Sinistcha|move: Rage Powder\n|move|p1a: Slaking|Sucker Punch||[still]\n|-fail|p1a: Slaking\n|move|p2a: Iron Hands|Drain Punch|p1a: Slaking\n|-supereffective|p1a: Slaking\n|-damage|p1a: Slaking|8\/100\n|-heal|p2a: Iron Hands|74\/100 brn|[from] drain|[of] p1a: Slaking\n|move|p1b: Koffing|Pain Split|p2b: Sinistcha\n|-sethp|p2b: Sinistcha|39\/100|[from] move: Pain Split|[silent]\n|-sethp|p1b: Koffing|60\/100|[from] move: Pain Split\n|\n|-damage|p2a: Iron Hands|68\/100 brn|[from] brn\n|upkeep\n|turn|7\n|inactive|aaooa has 30 seconds left.\n|\n|t:|1701164409\n|move|p2b: Sinistcha|Rage Powder|p2b: Sinistcha\n|-singleturn|p2b: Sinistcha|move: Rage Powder\n|move|p1a: Slaking|Sucker Punch||[still]\n|-fail|p1a: Slaking\n|move|p2a: Iron Hands|Wild Charge|p1a: Slaking\n|-damage|p1a: Slaking|0 fnt\n|faint|p1a: Slaking\n|-damage|p2a: Iron Hands|66\/100 brn|[from] Recoil\n|move|p1b: Koffing|Pain Split|p2b: Sinistcha\n|-sethp|p2b: Sinistcha|39\/100|[from] move: Pain Split|[silent]\n|-sethp|p1b: Koffing|60\/100|[from] move: Pain Split\n|\n|-damage|p2a: Iron Hands|60\/100 brn|[from] brn\n|upkeep\n|\n|t:|1701164412\n|switch|p1a: Iron Bundle|Iron Bundle, L50|100\/100\n|-enditem|p1a: Iron Bundle|Booster Energy\n|-activate|p1a: Iron Bundle|ability: Quark Drive|[fromitem]\n|-start|p1a: Iron Bundle|quarkdrivespa\n|turn|8\n|\n|t:|1701164422\n|-terastallize|p1a: Iron Bundle|Ghost\n|move|p2b: Sinistcha|Rage Powder|p2b: Sinistcha\n|-singleturn|p2b: Sinistcha|move: Rage Powder\n|move|p1a: Iron Bundle|Freeze-Dry|p2b: Sinistcha\n|-supereffective|p2b: Sinistcha\n|-damage|p2b: Sinistcha|0 fnt\n|faint|p2b: Sinistcha\n|move|p2a: Iron Hands|Drain Punch|p1a: Iron Bundle\n|-immune|p1a: Iron Bundle\n|move|p1b: Koffing|Pain Split|p2a: Iron Hands\n|-sethp|p2a: Iron Hands|44\/100 brn|[from] move: Pain Split|[silent]\n|-sethp|p1b: Koffing|94\/100|[from] move: Pain Split\n|\n|-damage|p2a: Iron Hands|38\/100 brn|[from] brn\n|upkeep\n|\n|t:|1701164441\n|switch|p2b: Ursaluna|Ursaluna, L50, M|100\/100\n|turn|9\n|inactive|aaooa has 30 seconds left.\n|\n|t:|1701164467\n|-terastallize|p2b: Ursaluna|Ghost\n|move|p1a: Iron Bundle|Hydro Pump|p2a: Iron Hands\n|-crit|p2a: Iron Hands\n|-damage|p2a: Iron Hands|0 fnt\n|faint|p2a: Iron Hands\n|-end|p2a: Iron Hands|Quark Drive|[silent]\n|move|p2b: Ursaluna|Earthquake|p1a: Iron Bundle|[spread] p1a,p1b\n|-supereffective|p1b: Koffing\n|-damage|p1a: Iron Bundle|49\/100\n|-damage|p1b: Koffing|63\/100\n|move|p1b: Koffing|Will-O-Wisp|p2b: Ursaluna\n|-status|p2b: Ursaluna|brn\n|\n|-damage|p2b: Ursaluna|95\/100 brn|[from] brn\n|upkeep\n|\n|t:|1701164472\n|switch|p2a: Heatran|Heatran, L50, M|100\/100\n|turn|10\n|inactive|Astano has 30 seconds left.\n|\n|t:|1701164498\n|move|p1a: Iron Bundle|Protect|p1a: Iron Bundle\n|-singleturn|p1a: Iron Bundle|Protect\n|move|p2a: Heatran|Protect|p2a: Heatran\n|-singleturn|p2a: Heatran|Protect\n|move|p2b: Ursaluna|Earthquake|p1b: Koffing|[spread] p1b\n|-activate|p2a: Heatran|move: Protect\n|-activate|p1a: Iron Bundle|move: Protect\n|-supereffective|p1b: Koffing\n|-damage|p1b: Koffing|50\/100\n|move|p1b: Koffing|Pain Split|p2b: Ursaluna\n|-sethp|p2b: Ursaluna|60\/100 brn|[from] move: Pain Split|[silent]\n|-sethp|p1b: Koffing|100\/100|[from] move: Pain Split\n|\n|-damage|p2b: Ursaluna|54\/100 brn|[from] brn\n|upkeep\n|turn|11\n|\n|t:|1701164517\n|move|p2b: Ursaluna|Protect|p2b: Ursaluna\n|-singleturn|p2b: Ursaluna|Protect\n|move|p1a: Iron Bundle|Hydro Pump|p2a: Heatran\n|-supereffective|p2a: Heatran\n|-damage|p2a: Heatran|0 fnt\n|faint|p2a: Heatran\n|move|p1b: Koffing|Pain Split|p1a: Iron Bundle\n|-sethp|p1a: Iron Bundle|69\/100|[from] move: Pain Split|[silent]\n|-sethp|p1b: Koffing|78\/100|[from] move: Pain Split\n|\n|-damage|p2b: Ursaluna|48\/100 brn|[from] brn\n|upkeep\n|turn|12\n|\n|t:|1701164530\n|move|p1a: Iron Bundle|Hydro Pump|p2b: Ursaluna\n|-damage|p2b: Ursaluna|0 fnt\n|faint|p2b: Ursaluna\n|\n|win|aaooa\n|raw|aaooa's rating: 1127 &rarr; <strong>1157<\/strong><br \/>(+30 for winning)\n|raw|Astano's rating: 1202 &rarr; <strong>1172<\/strong><br \/>(-30 for losing)\n|l|\u2606Astano\n","uploadtime":1701164711,"views":20,"p1id":"aaooa","p2id":"astano","formatid":"gen9vgc2023regulatione","rating":1157,"private":0,"password":""}