{"id":"gen9vgc2023regulatione-1995616830","p1":"Jack00VGC","p2":"AdityaChoudhury","format":"[Gen 9] VGC 2023 Regulation E","log":"|j|\u2606Jack00VGC\n|j|\u2606AdityaChoudhury\n|t:|1700587845\n|gametype|doubles\n|player|p1|Jack00VGC|alder|1048\n|player|p2|AdityaChoudhury|101|1028\n|teamsize|p1|6\n|teamsize|p2|6\n|gen|9\n|tier|[Gen 9] VGC 2023 Regulation E\n|rated|\n|rule|Species Clause: Limit one of each Pok\u00e9mon\n|rule|Item Clause: Limit one of each item\n|clearpoke\n|poke|p1|Flutter Mane, L50|\n|poke|p1|Ogerpon-Wellspring, L50, F|\n|poke|p1|Indeedee-F, L50, F|\n|poke|p1|Chi-Yu, L50|\n|poke|p1|Regieleki, L50|\n|poke|p1|Tornadus, L50, M|\n|poke|p2|Chien-Pao, L50|\n|poke|p2|Landorus-Therian, L50, M|\n|poke|p2|Rotom-Heat, L50|\n|poke|p2|Amoonguss, L50, F|\n|poke|p2|Flutter Mane, L50|\n|poke|p2|Pelipper, L50, F|\n|teampreview|4\n|inactive|Battle timer is ON: inactive players will automatically lose when time's up. (requested by Jack00VGC)\nJack00VGC rejected open team sheets.\n|inactive|Jack00VGC has 60 seconds left.\n|\n|t:|1700587891\n|start\n|switch|p1a: Regieleki|Regieleki, L50|100\/100\n|switch|p1b: Tornadus|Tornadus, L50, M|100\/100\n|switch|p2a: Landorus|Landorus-Therian, L50, M|100\/100\n|switch|p2b: Amoonguss|Amoonguss, L50, F|100\/100\n|-ability|p2a: Landorus|Intimidate|boost\n|-unboost|p1a: Regieleki|atk|1\n|-unboost|p1b: Tornadus|atk|1\n|turn|1\n|inactive|AdityaChoudhury has 30 seconds left.\n|\n|t:|1700587917\n|-terastallize|p1a: Regieleki|Ice\n|move|p2b: Amoonguss|Rage Powder|p2b: Amoonguss\n|-singleturn|p2b: Amoonguss|move: Rage Powder\n|move|p1b: Tornadus|Tailwind|p1b: Tornadus\n|-sidestart|p1: Jack00VGC|move: Tailwind\n|move|p1a: Regieleki|Tera Blast|p2b: Amoonguss|[anim] Tera Blast Ice\n|-supereffective|p2b: Amoonguss\n|-damage|p2b: Amoonguss|34\/100\n|-enditem|p2b: Amoonguss|Sitrus Berry|[eat]\n|-heal|p2b: Amoonguss|59\/100|[from] item: Sitrus Berry\n|move|p2a: Landorus|Rock Slide|p1a: Regieleki|[spread] p1a,p1b\n|-supereffective|p1a: Regieleki\n|-supereffective|p1b: Tornadus\n|-damage|p1a: Regieleki|27\/100\n|-damage|p1b: Tornadus|56\/100\n|\n|upkeep\n|turn|2\n|inactive|AdityaChoudhury has 30 seconds left.\n|\n|t:|1700587946\n|move|p1a: Regieleki|Protect|p1a: Regieleki\n|-singleturn|p1a: Regieleki|Protect\n|move|p2b: Amoonguss|Protect|p2b: Amoonguss\n|-singleturn|p2b: Amoonguss|Protect\n|move|p1b: Tornadus|Bleakwind Storm|p2a: Landorus|[spread] p2a\n|-activate|p2b: Amoonguss|move: Protect\n|-damage|p2a: Landorus|54\/100\n|move|p2a: Landorus|Rock Slide|p1a: Regieleki|[spread] p1b\n|-activate|p1a: Regieleki|move: Protect\n|-supereffective|p1b: Tornadus\n|-damage|p1b: Tornadus|7\/100\n|\n|upkeep\n|turn|3\n|\n|t:|1700587971\n|switch|p2a: Chien-Pao|Chien-Pao, L50|100\/100\n|-ability|p2a: Chien-Pao|Sword of Ruin\n|move|p1a: Regieleki|Tera Blast|p2a: Chien-Pao|[anim] Tera Blast Ice\n|-resisted|p2a: Chien-Pao\n|-damage|p2a: Chien-Pao|68\/100\n|move|p1b: Tornadus|Bleakwind Storm|p2a: Chien-Pao|[spread] p2a,p2b\n|-supereffective|p2b: Amoonguss\n|-damage|p2a: Chien-Pao|10\/100\n|-damage|p2b: Amoonguss|4\/100\n|-unboost|p2b: Amoonguss|spe|1\n|move|p2b: Amoonguss|Spore|p1a: Regieleki\n|-status|p1a: Regieleki|slp|[from] move: Spore\n|\n|upkeep\n|turn|4\n|inactive|Jack00VGC has 30 seconds left.\n|inactive|AdityaChoudhury has 30 seconds left.\n|\n|t:|1700587997\n|move|p2a: Chien-Pao|Ice Shard|p1b: Tornadus\n|-supereffective|p1b: Tornadus\n|-crit|p1b: Tornadus\n|-damage|p1b: Tornadus|0 fnt\n|faint|p1b: Tornadus\n|cant|p1a: Regieleki|slp\n|move|p2b: Amoonguss|Pollen Puff|p2a: Chien-Pao\n|-heal|p2a: Chien-Pao|60\/100\n|\n|-sideend|p1: Jack00VGC|move: Tailwind\n|upkeep\n|\n|t:|1700588011\n|switch|p1b: Ogerpon|Ogerpon-Wellspring, L50, F|100\/100\n|turn|5\n|\n|t:|1700588024\n|move|p1b: Ogerpon|Spiky Shield|p1b: Ogerpon\n|-singleturn|p1b: Ogerpon|move: Protect\n|move|p2a: Chien-Pao|Ice Shard|p1b: Ogerpon\n|-activate|p1b: Ogerpon|move: Protect\n|cant|p1a: Regieleki|slp\n|move|p2b: Amoonguss|Pollen Puff|p1b: Ogerpon\n|-activate|p1b: Ogerpon|move: Protect\n|\n|upkeep\n|turn|6\n|\n|t:|1700588043\n|switch|p1b: Indeedee|Indeedee-F, L50, F|100\/100\n|-fieldstart|move: Psychic Terrain|[from] ability: Psychic Surge|[of] p1b: Indeedee\n|-enditem|p1b: Indeedee|Psychic Seed\n|-boost|p1b: Indeedee|spd|1|[from] item: Psychic Seed\n|move|p2a: Chien-Pao|Ice Shard|p1b: Indeedee\n|-activate|p1b: Indeedee|move: Psychic Terrain\n|cant|p1a: Regieleki|slp\n|move|p2b: Amoonguss|Pollen Puff|p2a: Chien-Pao\n|-heal|p2a: Chien-Pao|100\/100\n|\n|upkeep\n|turn|7\n|\n|t:|1700588068\n|switch|p2a: Pelipper|Pelipper, L50, F|100\/100\n|-weather|RainDance|[from] ability: Drizzle|[of] p2a: Pelipper\n|-curestatus|p1a: Regieleki|slp|[msg]\n|move|p1a: Regieleki|Electroweb|p2a: Pelipper|[spread] p2a,p2b\n|-supereffective|p2a: Pelipper\n|-resisted|p2b: Amoonguss\n|-damage|p2a: Pelipper|0 fnt\n|-damage|p2b: Amoonguss|0 fnt\n|faint|p2a: Pelipper\n|faint|p2b: Amoonguss\n|move|p1b: Indeedee|Psychic|p2: Pelipper|[notarget]\n|-fail|p1b: Indeedee\n|\n|-weather|RainDance|[upkeep]\n|upkeep\n|\n|t:|1700588080\n|switch|p2a: Landorus|Landorus-Therian, L50, M|54\/100\n|switch|p2b: Chien-Pao|Chien-Pao, L50|100\/100\n|-ability|p2a: Landorus|Intimidate|boost\n|-unboost|p1a: Regieleki|atk|1\n|-unboost|p1b: Indeedee|atk|1\n|-ability|p2b: Chien-Pao|Sword of Ruin\n|turn|8\n|\n|t:|1700588104\n|move|p1b: Indeedee|Follow Me|p1b: Indeedee\n|-singleturn|p1b: Indeedee|move: Follow Me\n|move|p1a: Regieleki|Tera Blast|p2a: Landorus|[anim] Tera Blast Ice\n|-supereffective|p2a: Landorus\n|-damage|p2a: Landorus|0 fnt\n|faint|p2a: Landorus\n|move|p2b: Chien-Pao|Ice Spinner|p1b: Indeedee\n|-damage|p1b: Indeedee|0 fnt\n|-fieldend|move: Psychic Terrain\n|faint|p1b: Indeedee\n|\n|-weather|RainDance|[upkeep]\n|upkeep\n|\n|t:|1700588114\n|switch|p1b: Ogerpon|Ogerpon-Wellspring, L50, F|100\/100\n|turn|9\n|c|\u2606Jack00VGC|!weakness chien-pao\n|c| Jack00VGC|\/raw <div class=\"infobox\">Chien-Pao (ignoring abilities):<br \/><span class=\"message-effect-weak\">Weaknesses<\/span>: Bug, Fairy, <b>Fighting<\/b>, Fire, Rock, Steel<br \/><span class=\"message-effect-resist\">Resistances<\/span>: Dark, Ghost, Ice<br \/><span class=\"message-effect-immune\">Immunities<\/span>: Psychic, Frozen, Hail damage, Prankster<\/div>\n|inactive|Jack00VGC has 30 seconds left.\n|\n|t:|1700588141\n|-terastallize|p2b: Chien-Pao|Ice\n|move|p1a: Regieleki|Thunder|p2b: Chien-Pao\n|-damage|p2b: Chien-Pao|0 fnt\n|faint|p2b: Chien-Pao\n|\n|win|Jack00VGC\n|raw|Jack00VGC's rating: 1048 &rarr; <strong>1079<\/strong><br \/>(+31 for winning)\n|raw|AdityaChoudhury's rating: 1028 &rarr; <strong>1015<\/strong><br \/>(-13 for losing)\n","uploadtime":1700588148,"views":0,"p1id":"jack00vgc","p2id":"adityachoudhury","formatid":"gen9vgc2023regulatione","rating":1015,"private":0,"password":""}