{"id":"gen9vgc2023regulatione-1993057628","p1":"fimn","p2":"wholesomeisland","format":"[Gen 9] VGC 2023 Regulation E","log":"|j|\u2606fimn\n|j|\u2606wholesomeisland\n|t:|1700260027\n|gametype|doubles\n|player|p1|fimn|pokemonranger-gen4|1127\n|player|p2|wholesomeisland|1|1072\n|teamsize|p1|6\n|teamsize|p2|6\n|gen|9\n|tier|[Gen 9] VGC 2023 Regulation E\n|rated|\n|rule|Species Clause: Limit one of each Pok\u00e9mon\n|rule|Item Clause: Limit one of each item\n|clearpoke\n|poke|p1|Gengar, L50, F|\n|poke|p1|Landorus-Therian, L50, M|\n|poke|p1|Maushold-Four, L50|\n|poke|p1|Urshifu-*, L50, F|\n|poke|p1|Ursaluna-Bloodmoon, L50, M|\n|poke|p1|Chien-Pao, L50|\n|poke|p2|Iron Valiant, L50|\n|poke|p2|Arcanine, L50, M|\n|poke|p2|Empoleon, L50, F|\n|poke|p2|Palafin, L50, M|\n|poke|p2|Roaring Moon, L50|\n|poke|p2|Tornadus, L50, M|\n|teampreview|4\n|\n|t:|1700260058\n|start\n|switch|p1a: Gengar|Gengar, L50, F|100\/100\n|switch|p1b: Ursaluna|Ursaluna-Bloodmoon, L50, M|100\/100\n|switch|p2a: Tornadus|Tornadus, L50, M|100\/100\n|switch|p2b: Palafin|Palafin, L50, M|100\/100\n|turn|1\n|inactive|Battle timer is ON: inactive players will automatically lose when time's up. (requested by wholesomeisland)\n|\n|t:|1700260076\n|detailschange|p2b: Palafin|Palafin-Hero, L50, M\n|switch|p2b: Empoleon|Empoleon, L50, F|100\/100\n|-terastallize|p1b: Ursaluna|Grass\n|move|p2a: Tornadus|Tailwind|p2a: Tornadus\n|-sidestart|p2: wholesomeisland|move: Tailwind\n|move|p1a: Gengar|Shadow Ball|p2b: Empoleon\n|-damage|p2b: Empoleon|78\/100\n|-unboost|p2b: Empoleon|spd|1\n|-ability|p2b: Empoleon|Competitive|boost\n|-boost|p2b: Empoleon|spa|2\n|move|p1b: Ursaluna|Hyper Voice|p2a: Tornadus|[spread] p2a,p2b\n|-resisted|p2b: Empoleon\n|-damage|p2a: Tornadus|64\/100\n|-damage|p2b: Empoleon|60\/100\n|\n|upkeep\n|turn|2\n|inactive|fimn has 30 seconds left.\n|\n|t:|1700260105\n|move|p2a: Tornadus|Bleakwind Storm|p1b: Ursaluna|[spread] p1a\n|-miss|p2a: Tornadus|p1b: Ursaluna\n|-damage|p1a: Gengar|48\/100\n|-start|p2a: Tornadus|Disable|Bleakwind Storm|[from] ability: Cursed Body|[of] p1a: Gengar\n|move|p1a: Gengar|Shadow Ball|p2a: Tornadus\n|-damage|p2a: Tornadus|30\/100\n|move|p2b: Empoleon|Ice Beam|p1b: Ursaluna\n|-supereffective|p1b: Ursaluna\n|-damage|p1b: Ursaluna|14\/100\n|move|p1b: Ursaluna|Earth Power|p2b: Empoleon\n|-supereffective|p2b: Empoleon\n|-damage|p2b: Empoleon|0 fnt\n|faint|p2b: Empoleon\n|\n|upkeep\n|\n|t:|1700260119\n|switch|p2b: Palafin|Palafin-Hero, L50, M|100\/100\n|-activate|p2b: Palafin|ability: Zero to Hero\n|turn|3\n|\n|t:|1700260133\n|switch|p1b: Landorus|Landorus-Therian, L50, M|100\/100\n|-ability|p1b: Landorus|Intimidate|boost\n|-unboost|p2a: Tornadus|atk|1\n|-unboost|p2b: Palafin|atk|1\n|move|p2a: Tornadus|Rain Dance|p2a: Tornadus\n|-weather|RainDance\n|move|p2b: Palafin|Drain Punch|p1b: Landorus\n|-resisted|p1b: Landorus\n|-damage|p1b: Landorus|88\/100\n|move|p1a: Gengar|Will-O-Wisp|p2b: Palafin\n|-status|p2b: Palafin|brn\n|\n|-weather|RainDance|[upkeep]\n|-damage|p2b: Palafin|95\/100 brn|[from] brn\n|upkeep\n|turn|4\n|\n|t:|1700260155\n|switch|p1b: Urshifu|Urshifu-Rapid-Strike, L50, F|100\/100\n|move|p2a: Tornadus|Taunt|p1a: Gengar\n|-start|p1a: Gengar|move: Taunt\n|move|p2b: Palafin|Bulk Up|p2b: Palafin\n|-boost|p2b: Palafin|atk|1\n|-boost|p2b: Palafin|def|1\n|move|p1a: Gengar|Shadow Ball|p2a: Tornadus\n|-damage|p2a: Tornadus|0 fnt\n|faint|p2a: Tornadus\n|\n|-weather|RainDance|[upkeep]\n|-heal|p2b: Palafin|100\/100 brn|[from] item: Leftovers\n|-damage|p2b: Palafin|95\/100 brn|[from] brn\n|-sideend|p2: wholesomeisland|move: Tailwind\n|upkeep\n|\n|t:|1700260166\n|switch|p2a: Roaring Moon|Roaring Moon, L50|100\/100\n|-enditem|p2a: Roaring Moon|Booster Energy\n|-activate|p2a: Roaring Moon|ability: Protosynthesis|[fromitem]\n|-start|p2a: Roaring Moon|protosynthesisspe\n|turn|5\n|\n|t:|1700260190\n|-terastallize|p2a: Roaring Moon|Flying\n|move|p2a: Roaring Moon|Acrobatics|p1b: Urshifu\n|-supereffective|p1b: Urshifu\n|-damage|p1b: Urshifu|0 fnt\n|faint|p1b: Urshifu\n|move|p1a: Gengar|Sludge Bomb|p2a: Roaring Moon\n|-damage|p2a: Roaring Moon|62\/100\n|move|p2b: Palafin|Bulk Up|p2b: Palafin\n|-boost|p2b: Palafin|atk|1\n|-boost|p2b: Palafin|def|1\n|\n|-weather|RainDance|[upkeep]\n|-heal|p2b: Palafin|100\/100 brn|[from] item: Leftovers\n|-damage|p2b: Palafin|95\/100 brn|[from] brn\n|upkeep\n|\n|t:|1700260211\n|switch|p1b: Landorus|Landorus-Therian, L50, M|88\/100\n|-ability|p1b: Landorus|Intimidate|boost\n|-unboost|p2a: Roaring Moon|atk|1\n|-unboost|p2b: Palafin|atk|1\n|turn|6\n|\n|t:|1700260225\n|switch|p1b: Ursaluna|Ursaluna-Bloodmoon, L50, M, tera:Grass|14\/100\n|move|p2a: Roaring Moon|Knock Off|p1b: Ursaluna\n|-damage|p1b: Ursaluna|0 fnt\n|-enditem|p1b: Ursaluna|Assault Vest|[from] move: Knock Off|[of] p2a: Roaring Moon\n|faint|p1b: Ursaluna\n|move|p1a: Gengar|Sludge Bomb|p2a: Roaring Moon\n|-damage|p2a: Roaring Moon|27\/100\n|move|p2b: Palafin|Drain Punch|p1a: Gengar\n|-immune|p1a: Gengar\n|\n|-weather|RainDance|[upkeep]\n|-heal|p2b: Palafin|100\/100 brn|[from] item: Leftovers\n|-damage|p2b: Palafin|95\/100 brn|[from] brn\n|-end|p1a: Gengar|move: Taunt\n|upkeep\n|\n|t:|1700260246\n|switch|p1b: Landorus|Landorus-Therian, L50, M|88\/100\n|-ability|p1b: Landorus|Intimidate|boost\n|-unboost|p2a: Roaring Moon|atk|1\n|-unboost|p2b: Palafin|atk|1\n|turn|7\n|inactive|wholesomeisland has 30 seconds left.\n|\n|t:|1700260272\n|move|p2b: Palafin|Jet Punch|p1b: Landorus\n|-supereffective|p1b: Landorus\n|-damage|p1b: Landorus|45\/100\n|move|p2a: Roaring Moon|Knock Off|p1a: Gengar\n|-supereffective|p1a: Gengar\n|-damage|p1a: Gengar|0 fnt\n|-enditem|p1a: Gengar|Focus Sash|[from] move: Knock Off|[of] p2a: Roaring Moon\n|faint|p1a: Gengar\n|move|p1b: Landorus|Rock Slide|p2a: Roaring Moon|[spread] p2a,p2b\n|-supereffective|p2a: Roaring Moon\n|-crit|p2b: Palafin\n|-damage|p2a: Roaring Moon|0 fnt\n|-damage|p2b: Palafin|69\/100 brn\n|faint|p2a: Roaring Moon\n|-end|p2a: Roaring Moon|Protosynthesis|[silent]\n|\n|-weather|none\n|-heal|p2b: Palafin|74\/100 brn|[from] item: Leftovers\n|-damage|p2b: Palafin|69\/100 brn|[from] brn\n|upkeep\n|turn|8\n|\n|t:|1700260294\n|move|p2b: Palafin|Jet Punch|p1b: Landorus\n|-supereffective|p1b: Landorus\n|-damage|p1b: Landorus|20\/100\n|move|p1b: Landorus|Stomping Tantrum|p2b: Palafin\n|-damage|p2b: Palafin|50\/100 brn\n|\n|-heal|p2b: Palafin|56\/100 brn|[from] item: Leftovers\n|-damage|p2b: Palafin|50\/100 brn|[from] brn\n|upkeep\n|turn|9\n|\n|t:|1700260306\n|move|p2b: Palafin|Jet Punch|p1b: Landorus\n|-supereffective|p1b: Landorus\n|-damage|p1b: Landorus|0 fnt\n|faint|p1b: Landorus\n|\n|win|wholesomeisland\n|raw|fimn's rating: 1127 &rarr; <strong>1098<\/strong><br \/>(-29 for losing)\n|raw|wholesomeisland's rating: 1072 &rarr; <strong>1106<\/strong><br \/>(+34 for winning)\n","uploadtime":1700260312,"views":10,"p1id":"fimn","p2id":"wholesomeisland","formatid":"gen9vgc2023regulatione","rating":1098,"private":0,"password":""}