{"id":"gen9vgc2023regulatione-1995878745","p1":"juacox300","p2":"Daviron1","format":"[Gen 9] VGC 2023 Regulation E","log":"|j|\u2606juacox300\n|j|\u2606Daviron1\n|t:|1700612750\n|gametype|doubles\n|player|p1|juacox300|unknown|1497\n|player|p2|Daviron1|volkner|1580\n|teamsize|p1|6\n|teamsize|p2|6\n|gen|9\n|tier|[Gen 9] VGC 2023 Regulation E\n|rated|\n|rule|Species Clause: Limit one of each Pok\u00e9mon\n|rule|Item Clause: Limit one of each item\n|clearpoke\n|poke|p1|Milotic, L50, F|\n|poke|p1|Vikavolt, L50, F|\n|poke|p1|Iron Hands, L50|\n|poke|p1|Ursaluna, L50, M|\n|poke|p1|Ogerpon-Hearthflame, L50, F|\n|poke|p1|Urshifu-*, L50, M|\n|poke|p2|Iron Hands, L50|\n|poke|p2|Gholdengo, L50|\n|poke|p2|Amoonguss, L50, F|\n|poke|p2|Scream Tail, L50|\n|poke|p2|Pelipper, L50, F|\n|poke|p2|Urshifu-*, L50, M|\n|teampreview|4\nDaviron1 has agreed to open team sheets.\n|inactive|Battle timer is ON: inactive players will automatically lose when time's up. (requested by Daviron1)\n|\n|t:|1700612811\n|start\n|switch|p1a: Vikavolt|Vikavolt, L50, F, shiny|100\/100\n|switch|p1b: Ursaluna|Ursaluna, L50, M|100\/100\n|switch|p2a: Pelipper|Pelipper, L50, F|100\/100\n|switch|p2b: Urshifu|Urshifu-Rapid-Strike, L50, M|100\/100\n|-weather|RainDance|[from] ability: Drizzle|[of] p2a: Pelipper\n|turn|1\n|inactive|juacox300 has 30 seconds left.\n|inactive|Daviron1 has 30 seconds left.\n|\n|t:|1700612843\n|switch|p2a: Iron Hands|Iron Hands, L50|100\/100\n|-terastallize|p2b: Urshifu|Water\n|-terastallize|p1b: Ursaluna|Grass\n|move|p2b: Urshifu|Surging Strikes|p1a: Vikavolt\n|-crit|p1a: Vikavolt\n|-damage|p1a: Vikavolt|62\/100\n|-crit|p1a: Vikavolt\n|-damage|p1a: Vikavolt|25\/100\n|-crit|p1a: Vikavolt\n|-damage|p1a: Vikavolt|0 fnt\n|faint|p1a: Vikavolt\n|-hitcount|p1: Vikavolt|3\n|move|p1b: Ursaluna|Trailblaze|p2b: Urshifu\n|-supereffective|p2b: Urshifu\n|-damage|p2b: Urshifu|22\/100\n|-boost|p1b: Ursaluna|spe|1\n|\n|-weather|RainDance|[upkeep]\n|-status|p1b: Ursaluna|brn|[from] item: Flame Orb\n|upkeep\n|\n|t:|1700612853\n|switch|p1a: Iron Hands|Iron Hands, L50|100\/100\n|turn|2\n|\n|t:|1700612868\n|move|p2a: Iron Hands|Fake Out|p1b: Ursaluna\n|-damage|p1b: Ursaluna|90\/100 brn\n|move|p1a: Iron Hands|Fake Out|p2b: Urshifu\n|-damage|p2b: Urshifu|8\/100\n|cant|p2b: Urshifu|flinch\n|cant|p1b: Ursaluna|flinch\n|\n|-weather|RainDance|[upkeep]\n|-damage|p1b: Ursaluna|84\/100 brn|[from] brn\n|upkeep\n|turn|3\n|j| AngoBro\n|\n|t:|1700612883\n|move|p2b: Urshifu|Surging Strikes|p1a: Iron Hands\n|-crit|p1a: Iron Hands\n|-damage|p1a: Iron Hands|75\/100\n|-crit|p1a: Iron Hands\n|-damage|p1a: Iron Hands|48\/100\n|-crit|p1a: Iron Hands\n|-damage|p1a: Iron Hands|20\/100\n|-hitcount|p1a: Iron Hands|3\n|move|p1b: Ursaluna|Earthquake|p2a: Iron Hands|[spread] p1a,p2a,p2b\n|-supereffective|p1a: Iron Hands\n|-supereffective|p2a: Iron Hands\n|-damage|p1a: Iron Hands|0 fnt\n|-damage|p2a: Iron Hands|0 fnt\n|-damage|p2b: Urshifu|0 fnt\n|faint|p1a: Iron Hands\n|-end|p1a: Iron Hands|Quark Drive|[silent]\n|faint|p2a: Iron Hands\n|-end|p2a: Iron Hands|Quark Drive|[silent]\n|faint|p2b: Urshifu\n|\n|-weather|RainDance|[upkeep]\n|-damage|p1b: Ursaluna|78\/100 brn|[from] brn\n|upkeep\n|\n|t:|1700612892\n|switch|p2b: Scream Tail|Scream Tail, L50|100\/100\n|switch|p2a: Pelipper|Pelipper, L50, F|100\/100\n|switch|p1a: Urshifu|Urshifu-Rapid-Strike, L50, M|100\/100\n|-enditem|p2b: Scream Tail|Booster Energy\n|-activate|p2b: Scream Tail|ability: Protosynthesis|[fromitem]\n|-start|p2b: Scream Tail|protosynthesisspe\n|turn|4\n|\n|t:|1700612903\n|move|p2b: Scream Tail|Encore|p1b: Ursaluna\n|-start|p1b: Ursaluna|Encore\n|move|p1a: Urshifu|Surging Strikes|p2b: Scream Tail\n|-crit|p2b: Scream Tail\n|-damage|p2b: Scream Tail|75\/100\n|-crit|p2b: Scream Tail\n|-damage|p2b: Scream Tail|45\/100\n|-crit|p2b: Scream Tail\n|-damage|p2b: Scream Tail|16\/100\n|-hitcount|p2b: Scream Tail|3\n|move|p1b: Ursaluna|Earthquake|p2a: Pelipper|[spread] p1a,p2b\n|-immune|p2a: Pelipper\n|-damage|p1a: Urshifu|30\/100\n|-damage|p2b: Scream Tail|0 fnt\n|faint|p2b: Scream Tail\n|-end|p2b: Scream Tail|Protosynthesis|[silent]\n|move|p2a: Pelipper|Hurricane|p1a: Urshifu\n|-supereffective|p1a: Urshifu\n|-damage|p1a: Urshifu|0 fnt\n|faint|p1a: Urshifu\n|\n|-weather|RainDance|[upkeep]\n|-damage|p1b: Ursaluna|72\/100 brn|[from] brn\n|upkeep\n|turn|5\n|\n|t:|1700612915\n|move|p1b: Ursaluna|Earthquake|p2a: Pelipper\n|-immune|p2a: Pelipper\n|move|p2a: Pelipper|Hurricane|p1b: Ursaluna\n|-supereffective|p1b: Ursaluna\n|-damage|p1b: Ursaluna|14\/100 brn\n|\n|-weather|none\n|-damage|p1b: Ursaluna|8\/100 brn|[from] brn\n|upkeep\n|turn|6\n|-message|juacox300 forfeited.\n|\n|win|Daviron1\n|raw|juacox300's rating: 1497 &rarr; <strong>1482<\/strong><br \/>(-15 for losing)\n|raw|Daviron1's rating: 1580 &rarr; <strong>1595<\/strong><br \/>(+15 for winning)\n|l|\u2606juacox300\n","uploadtime":1700612931,"views":15,"p1id":"juacox300","p2id":"daviron1","formatid":"gen9vgc2023regulatione","rating":1482,"private":0,"password":""}