{"id":"gen9vgc2023regulatione-1994437124","p1":"tsuki9669","p2":"Jop 34 in a row","format":"[Gen 9] VGC 2023 Regulation E","log":"|j|\u2606tsuki9669\n|j|\u2606Jop 34 in a row\n|t:|1700443830\n|gametype|doubles\n|player|p1|tsuki9669|bellelba|1089\n|player|p2|Jop 34 in a row|lillie|1000\n|teamsize|p1|6\n|teamsize|p2|6\n|gen|9\n|tier|[Gen 9] VGC 2023 Regulation E\n|rated|\n|rule|Species Clause: Limit one of each Pok\u00e9mon\n|rule|Item Clause: Limit one of each item\n|clearpoke\n|poke|p1|Tyranitar, L50, M|\n|poke|p1|Conkeldurr, L50, F|\n|poke|p1|Cresselia, L50, F|\n|poke|p1|Thundurus, L50, M|\n|poke|p1|Landorus-Therian, L50, M|\n|poke|p1|Heatran, L50, F|\n|poke|p2|Heatran, L50, F|\n|poke|p2|Amoonguss, L50, M|\n|poke|p2|Iron Hands, L50|\n|poke|p2|Flutter Mane, L50|\n|poke|p2|Landorus-Therian, L50, M|\n|poke|p2|Roaring Moon, L50|\n|teampreview|4\n|inactive|Battle timer is ON: inactive players will automatically lose when time's up. (requested by tsuki9669)\n|inactive|Jop 34 in a row has 60 seconds left.\n|\n|t:|1700443864\n|start\n|switch|p1a: Heatran|Heatran, L50, F|100\/100\n|switch|p1b: Cresselia|Cresselia, L50, F|100\/100\n|switch|p2a: Landorus|Landorus-Therian, L50, M|100\/100\n|switch|p2b: Roaring Moon|Roaring Moon, L50, shiny|100\/100\n|-ability|p2a: Landorus|Intimidate|boost\n|-unboost|p1a: Heatran|atk|1\n|-unboost|p1b: Cresselia|atk|1\n|-enditem|p2b: Roaring Moon|Booster Energy\n|-activate|p2b: Roaring Moon|ability: Protosynthesis|[fromitem]\n|-start|p2b: Roaring Moon|protosynthesisspe\n|turn|1\n|\n|t:|1700443886\n|-terastallize|p1a: Heatran|Grass\n|move|p1b: Cresselia|Helping Hand|p1a: Heatran\n|-singleturn|p1a: Heatran|Helping Hand|[of] p1b: Cresselia\n|move|p2b: Roaring Moon|Knock Off|p1b: Cresselia\n|-supereffective|p1b: Cresselia\n|-damage|p1b: Cresselia|32\/100\n|-enditem|p1b: Cresselia|Mental Herb|[from] move: Knock Off|[of] p2b: Roaring Moon\n|move|p2a: Landorus|Taunt|p1b: Cresselia\n|-start|p1b: Cresselia|move: Taunt\n|move|p1a: Heatran|Heat Wave|p2b: Roaring Moon|[spread] p2a,p2b\n|-resisted|p2b: Roaring Moon\n|-crit|p2b: Roaring Moon\n|-damage|p2a: Landorus|29\/100\n|-damage|p2b: Roaring Moon|61\/100\n|\n|upkeep\n|turn|2\n|\n|t:|1700443907\n|move|p1a: Heatran|Protect|p1a: Heatran\n|-singleturn|p1a: Heatran|Protect\n|move|p2b: Roaring Moon|Knock Off|p1a: Heatran\n|-activate|p1a: Heatran|move: Protect\n|move|p2a: Landorus|U-turn|p1a: Heatran\n|-activate|p1a: Heatran|move: Protect\n|move|p1b: Cresselia|Psychic|p2a: Landorus\n|-damage|p2a: Landorus|0 fnt\n|faint|p2a: Landorus\n|\n|upkeep\n|\n|t:|1700443920\n|switch|p2a: Amoonguss|Amoonguss, L50, M, shiny|100\/100\n|turn|3\n|\n|t:|1700443928\n|-terastallize|p2a: Amoonguss|Water\n|move|p2b: Roaring Moon|Knock Off|p1a: Heatran\n|-damage|p1a: Heatran|63\/100\n|-enditem|p1a: Heatran|Leftovers|[from] move: Knock Off|[of] p2b: Roaring Moon\n|move|p1b: Cresselia|Psychic|p2a: Amoonguss\n|-damage|p2a: Amoonguss|72\/100\n|-unboost|p2a: Amoonguss|spd|1\n|move|p1a: Heatran|Heat Wave|p2a: Amoonguss|[spread] p2a,p2b\n|-resisted|p2a: Amoonguss\n|-resisted|p2b: Roaring Moon\n|-damage|p2a: Amoonguss|43\/100\n|-damage|p2b: Roaring Moon|45\/100\n|-enditem|p2a: Amoonguss|Sitrus Berry|[eat]\n|-heal|p2a: Amoonguss|68\/100|[from] item: Sitrus Berry\n|move|p2a: Amoonguss|Pollen Puff|p2b: Roaring Moon\n|-heal|p2b: Roaring Moon|95\/100\n|\n|upkeep\n|turn|4\n|inactive|Jop 34 in a row has 30 seconds left.\n|\n|t:|1700443955\n|move|p2a: Amoonguss|Protect|p2a: Amoonguss\n|-singleturn|p2a: Amoonguss|Protect\n|move|p2b: Roaring Moon|Knock Off|p1b: Cresselia\n|-supereffective|p1b: Cresselia\n|-damage|p1b: Cresselia|0 fnt\n|faint|p1b: Cresselia\n|move|p1a: Heatran|Tera Blast|p2a: Amoonguss|[anim] Tera Blast Grass\n|-activate|p2a: Amoonguss|move: Protect\n|\n|upkeep\n|\n|t:|1700443962\n|switch|p1b: Conkeldurr|Conkeldurr, L50, F|100\/100\n|turn|5\n|\n|t:|1700443970\n|switch|p2a: Iron Hands|Iron Hands, L50|100\/100\n|move|p2b: Roaring Moon|Breaking Swipe|p1a: Heatran|[spread] p1a,p1b\n|-damage|p1a: Heatran|44\/100\n|-damage|p1b: Conkeldurr|82\/100\n|-unboost|p1a: Heatran|atk|1\n|-unboost|p1b: Conkeldurr|atk|1\n|move|p1a: Heatran|Tera Blast|p2a: Iron Hands|[anim] Tera Blast Grass\n|-damage|p2a: Iron Hands|74\/100\n|move|p1b: Conkeldurr|Drain Punch|p2b: Roaring Moon\n|-supereffective|p2b: Roaring Moon\n|-crit|p2b: Roaring Moon\n|-damage|p2b: Roaring Moon|0 fnt\n|-heal|p1b: Conkeldurr|100\/100|[from] drain|[of] p2b: Roaring Moon\n|faint|p2b: Roaring Moon\n|-end|p2b: Roaring Moon|Protosynthesis|[silent]\n|\n|-status|p1b: Conkeldurr|brn|[from] item: Flame Orb\n|upkeep\n|\n|t:|1700443984\n|switch|p2b: Amoonguss|Amoonguss, L50, M, shiny, tera:Water|100\/100\n|turn|6\n|\n|t:|1700443995\n|move|p2b: Amoonguss|Protect|p2b: Amoonguss\n|-singleturn|p2b: Amoonguss|Protect\n|move|p2a: Iron Hands|Drain Punch|p1a: Heatran\n|-damage|p1a: Heatran|8\/100\n|-heal|p2a: Iron Hands|89\/100|[from] drain|[of] p1a: Heatran\n|move|p1a: Heatran|Tera Blast|p2b: Amoonguss|[anim] Tera Blast Grass\n|-activate|p2b: Amoonguss|move: Protect\n|move|p1b: Conkeldurr|Drain Punch|p2b: Amoonguss\n|-activate|p2b: Amoonguss|move: Protect\n|\n|-damage|p1b: Conkeldurr|94\/100 brn|[from] brn\n|upkeep\n|turn|7\n|inactive|Jop 34 in a row has 30 seconds left.\n|inactive|Jop 34 in a row has 20 seconds left.\n|inactive|Jop 34 in a row has 15 seconds left.\n|inactive|Jop 34 in a row has 10 seconds left.\n|inactive|Jop 34 in a row has 5 seconds left.\n|\n|t:|1700444050\n|move|p1a: Heatran|Protect|p1a: Heatran\n|-singleturn|p1a: Heatran|Protect\n|move|p2a: Iron Hands|Drain Punch|p1b: Conkeldurr\n|-damage|p1b: Conkeldurr|54\/100 brn\n|-heal|p2a: Iron Hands|100\/100|[from] drain|[of] p1b: Conkeldurr\n|move|p1b: Conkeldurr|Drain Punch|p2a: Iron Hands\n|-damage|p2a: Iron Hands|70\/100\n|-heal|p1b: Conkeldurr|73\/100 brn|[from] drain|[of] p2a: Iron Hands\n|move|p2b: Amoonguss|Pollen Puff|p1b: Conkeldurr\n|-resisted|p1b: Conkeldurr\n|-damage|p1b: Conkeldurr|63\/100 brn\n|\n|-damage|p1b: Conkeldurr|57\/100 brn|[from] brn\n|upkeep\n|turn|8\n|\n|t:|1700444067\n|switch|p1b: Tyranitar|Tyranitar, L50, M|100\/100\n|-weather|Sandstorm|[from] ability: Sand Stream|[of] p1b: Tyranitar\n|move|p2a: Iron Hands|Drain Punch|p1a: Heatran\n|-damage|p1a: Heatran|0 fnt\n|-heal|p2a: Iron Hands|72\/100|[from] drain|[of] p1a: Heatran\n|faint|p1a: Heatran\n|move|p2b: Amoonguss|Pollen Puff|p2a: Iron Hands\n|-heal|p2a: Iron Hands|100\/100\n|\n|-weather|Sandstorm|[upkeep]\n|-damage|p2a: Iron Hands|94\/100|[from] Sandstorm\n|-damage|p2b: Amoonguss|95\/100|[from] Sandstorm\n|upkeep\n|\n|t:|1700444074\n|switch|p1a: Conkeldurr|Conkeldurr, L50, F|57\/100 brn\n|turn|9\n|\n|t:|1700444094\n|move|p2b: Amoonguss|Rage Powder|p2b: Amoonguss\n|-singleturn|p2b: Amoonguss|move: Rage Powder\n|move|p2a: Iron Hands|Drain Punch|p1b: Tyranitar\n|-supereffective|p1b: Tyranitar\n|-damage|p1b: Tyranitar|0 fnt\n|-heal|p2a: Iron Hands|100\/100|[from] drain|[of] p1b: Tyranitar\n|faint|p1b: Tyranitar\n|move|p1a: Conkeldurr|Drain Punch|p2b: Amoonguss\n|-damage|p2b: Amoonguss|44\/100\n|-heal|p1a: Conkeldurr|86\/100 brn|[from] drain|[of] p2b: Amoonguss\n|\n|-weather|Sandstorm|[upkeep]\n|-damage|p2a: Iron Hands|94\/100|[from] Sandstorm\n|-damage|p1a: Conkeldurr|79\/100 brn|[from] Sandstorm\n|-damage|p2b: Amoonguss|39\/100|[from] Sandstorm\n|-damage|p1a: Conkeldurr|73\/100 brn|[from] brn\n|upkeep\n|turn|10\n|\n|t:|1700444106\n|move|p2b: Amoonguss|Protect|p2b: Amoonguss\n|-singleturn|p2b: Amoonguss|Protect\n|move|p2a: Iron Hands|Drain Punch|p1a: Conkeldurr\n|-damage|p1a: Conkeldurr|35\/100 brn\n|-heal|p2a: Iron Hands|100\/100|[from] drain|[of] p1a: Conkeldurr\n|move|p1a: Conkeldurr|Drain Punch|p2a: Iron Hands\n|-damage|p2a: Iron Hands|57\/100\n|-heal|p1a: Conkeldurr|62\/100 brn|[from] drain|[of] p2a: Iron Hands\n|\n|-weather|Sandstorm|[upkeep]\n|-damage|p2a: Iron Hands|51\/100|[from] Sandstorm\n|-damage|p1a: Conkeldurr|56\/100 brn|[from] Sandstorm\n|-damage|p2b: Amoonguss|33\/100|[from] Sandstorm\n|-damage|p1a: Conkeldurr|50\/100 brn|[from] brn\n|upkeep\n|turn|11\n|\n|t:|1700444124\n|move|p2b: Amoonguss|Rage Powder|p2b: Amoonguss\n|-singleturn|p2b: Amoonguss|move: Rage Powder\n|move|p2a: Iron Hands|Drain Punch|p1a: Conkeldurr\n|-damage|p1a: Conkeldurr|10\/100 brn\n|-heal|p2a: Iron Hands|67\/100|[from] drain|[of] p1a: Conkeldurr\n|move|p1a: Conkeldurr|Drain Punch|p2b: Amoonguss\n|-damage|p2b: Amoonguss|0 fnt\n|-heal|p1a: Conkeldurr|28\/100 brn|[from] drain|[of] p2b: Amoonguss\n|faint|p2b: Amoonguss\n|\n|-weather|Sandstorm|[upkeep]\n|-damage|p2a: Iron Hands|61\/100|[from] Sandstorm\n|-damage|p1a: Conkeldurr|22\/100 brn|[from] Sandstorm\n|-damage|p1a: Conkeldurr|16\/100 brn|[from] brn\n|upkeep\n|turn|12\n|-message|tsuki9669 forfeited.\n|\n|win|Jop 34 in a row\n|raw|tsuki9669's rating: 1089 &rarr; <strong>1060<\/strong><br \/>(-29 for losing)\n|raw|Jop 34 in a row's rating: 1000 &rarr; <strong>1050<\/strong><br \/>(+50 for winning)\n|l|\u2606tsuki9669\n","uploadtime":1700444204,"views":6,"p1id":"tsuki9669","p2id":"jop34inarow","formatid":"gen9vgc2023regulatione","rating":1050,"private":0,"password":""}