{"id":"gen9vgc2023regulatione-1998684335","p1":"MentalSyndrome","p2":"Battonia","format":"[Gen 9] VGC 2023 Regulation E","log":"|j|\u2606MentalSyndrome\n|j|\u2606Battonia\n|t:|1700972173\n|gametype|doubles\n|player|p1|MentalSyndrome|byron|1165\n|player|p2|Battonia|pokemonranger|1098\n|teamsize|p1|6\n|teamsize|p2|6\n|gen|9\n|tier|[Gen 9] VGC 2023 Regulation E\n|rated|\n|rule|Species Clause: Limit one of each Pok\u00e9mon\n|rule|Item Clause: Limit one of each item\n|clearpoke\n|poke|p1|Tornadus, L50, M|\n|poke|p1|Zapdos, L50|\n|poke|p1|Lucario, L50, F|\n|poke|p1|Arbok, L50, F|\n|poke|p1|Breloom, L50, M|\n|poke|p1|Tinkaton, L50, F|\n|poke|p2|Torkoal, L50, M|\n|poke|p2|Indeedee-F, L50, F|\n|poke|p2|Enamorus-Therian, L50, F|\n|poke|p2|Armarouge, L50, M|\n|poke|p2|Urshifu-*, L50, M|\n|poke|p2|Thundurus-Therian, L50, M|\n|teampreview|4\n|\n|t:|1700972196\n|start\n|switch|p1a: Tornadus|Tornadus, L50, M|100\/100\n|switch|p1b: Lucario|Lucario, L50, F|100\/100\n|switch|p2a: Sundowner|Torkoal, L50, M, shiny|100\/100\n|switch|p2b: Thank|Indeedee-F, L50, F|100\/100\n|-fieldstart|move: Psychic Terrain|[from] ability: Psychic Surge|[of] p2b: Thank\n|-weather|SunnyDay|[from] ability: Drought|[of] p2a: Sundowner\n|turn|1\n|\n|t:|1700972210\n|move|p1a: Tornadus|Rain Dance|p1a: Tornadus\n|-weather|RainDance\n|move|p1b: Lucario|Earthquake|p2a: Sundowner|[spread] p2a,p2b\n|-immune|p1a: Tornadus\n|-supereffective|p2a: Sundowner\n|-damage|p2a: Sundowner|43\/100\n|-damage|p2b: Thank|63\/100\n|-enditem|p2a: Sundowner|Eject Button\n|-damage|p1b: Lucario|91\/100|[from] item: Life Orb\n|\n|t:|1700972218\n|switch|p2a: Mistral|Enamorus-Therian, L50, F|100\/100\n|move|p2b: Thank|Trick Room|p2b: Thank\n|-fieldstart|move: Trick Room|[of] p2b: Thank\n|\n|-weather|RainDance|[upkeep]\n|upkeep\n|turn|2\n|\n|t:|1700972231\n|switch|p1b: Breloom|Breloom, L50, M|100\/100\n|move|p2b: Thank|Helping Hand|p2a: Mistral\n|-singleturn|p2a: Mistral|Helping Hand|[of] p2b: Thank\n|move|p2a: Mistral|Springtide Storm|p1a: Tornadus|[spread] p1a,p1b\n|-supereffective|p1b: Breloom\n|-crit|p1b: Breloom\n|-damage|p1a: Tornadus|23\/100\n|-enditem|p1b: Breloom|Focus Sash\n|-damage|p1b: Breloom|1\/100\n|move|p1a: Tornadus|Bleakwind Storm|p2a: Mistral|[spread] p2a,p2b\n|-damage|p2a: Mistral|68\/100\n|-damage|p2b: Thank|34\/100\n|\n|-weather|RainDance|[upkeep]\n|-heal|p2a: Mistral|74\/100|[from] item: Leftovers\n|upkeep\n|turn|3\n|\n|t:|1700972252\n|move|p1a: Tornadus|Protect|p1a: Tornadus\n|-singleturn|p1a: Tornadus|Protect\n|move|p2b: Thank|Follow Me|p2b: Thank\n|-singleturn|p2b: Thank|move: Follow Me\n|move|p2a: Mistral|Springtide Storm|p1a: Tornadus|[spread] p1b\n|-activate|p1a: Tornadus|move: Protect\n|-supereffective|p1b: Breloom\n|-damage|p1b: Breloom|0 fnt\n|faint|p1b: Breloom\n|\n|-weather|RainDance|[upkeep]\n|-heal|p2a: Mistral|80\/100|[from] item: Leftovers\n|upkeep\n|\n|t:|1700972260\n|switch|p1b: Lucario|Lucario, L50, F|91\/100\n|turn|4\n|\n|t:|1700972275\n|switch|p2b: Sundowner|Torkoal, L50, M, shiny|43\/100\n|-weather|SunnyDay|[from] ability: Drought|[of] p2b: Sundowner\n|move|p1a: Tornadus|Tailwind|p1a: Tornadus\n|-sidestart|p1: MentalSyndrome|move: Tailwind\n|move|p2a: Mistral|Springtide Storm|p1a: Tornadus|[spread] p1a,p1b\n|-crit|p1a: Tornadus\n|-damage|p1a: Tornadus|0 fnt\n|-damage|p1b: Lucario|23\/100\n|-unboost|p1b: Lucario|atk|1\n|faint|p1a: Tornadus\n|move|p1b: Lucario|Drain Punch|p2b: Sundowner\n|-damage|p2b: Sundowner|8\/100\n|-heal|p1b: Lucario|39\/100|[from] drain|[of] p2b: Sundowner\n|-damage|p1b: Lucario|29\/100|[from] item: Life Orb\n|\n|-weather|SunnyDay|[upkeep]\n|-heal|p2a: Mistral|86\/100|[from] item: Leftovers\n|upkeep\n|\n|t:|1700972279\n|switch|p1a: Zapdos|Zapdos, L50|100\/100\n|turn|5\n|\n|t:|1700972300\n|-terastallize|p1b: Lucario|Steel\n|move|p2b: Sundowner|Solar Beam||[still]\n|-prepare|p2b: Sundowner|Solar Beam\n|-anim|p2b: Sundowner|Solar Beam|p1a: Zapdos\n|-resisted|p1a: Zapdos\n|-damage|p1a: Zapdos|90\/100\n|move|p2a: Mistral|Springtide Storm|p1b: Lucario|[spread] p1b\n|-miss|p2a: Mistral|p1a: Zapdos\n|-resisted|p1b: Lucario\n|-damage|p1b: Lucario|0 fnt\n|faint|p1b: Lucario\n|move|p1a: Zapdos|Weather Ball|p2a: Mistral\n|-damage|p2a: Mistral|34\/100\n|\n|-weather|SunnyDay|[upkeep]\n|-heal|p2a: Mistral|40\/100|[from] item: Leftovers\n|-fieldend|move: Trick Room\n|-fieldend|move: Psychic Terrain\n|upkeep\n|turn|6\n|\n|t:|1700972318\n|switch|p2b: Thank|Indeedee-F, L50, F|34\/100\n|-fieldstart|move: Psychic Terrain|[from] ability: Psychic Surge|[of] p2b: Thank\n|move|p2a: Mistral|Protect|p2a: Mistral\n|-singleturn|p2a: Mistral|Protect\n|move|p1a: Zapdos|Volt Switch|p2a: Mistral\n|-activate|p2a: Mistral|move: Protect\n|\n|-weather|SunnyDay|[upkeep]\n|-heal|p2a: Mistral|46\/100|[from] item: Leftovers\n|upkeep\n|turn|7\n|\n|t:|1700972338\n|-terastallize|p2a: Mistral|Steel\n|move|p1a: Zapdos|Weather Ball|p2b: Thank\n|-damage|p2b: Thank|0 fnt\n|faint|p2b: Thank\n|move|p2a: Mistral|Tera Blast|p1a: Zapdos|[anim] Tera Blast Steel\n|-resisted|p1a: Zapdos\n|-damage|p1a: Zapdos|75\/100\n|\n|-weather|SunnyDay|[upkeep]\n|-heal|p2a: Mistral|52\/100|[from] item: Leftovers\n|-sideend|p1: MentalSyndrome|move: Tailwind\n|upkeep\n|\n|t:|1700972348\n|switch|p2b: Monsoon|Armarouge, L50, M|100\/100\n|turn|8\n|\n|t:|1700972360\n|move|p1a: Zapdos|Volt Switch|p2b: Monsoon\n|-damage|p2b: Monsoon|73\/100\n|move|p2b: Monsoon|Expanding Force|p1a: Zapdos\n|-damage|p1a: Zapdos|19\/100\n|move|p2a: Mistral|Springtide Storm|p1a: Zapdos\n|-damage|p1a: Zapdos|0 fnt\n|faint|p1a: Zapdos\n|\n|win|Battonia\n|raw|MentalSyndrome's rating: 1165 &rarr; <strong>1135<\/strong><br \/>(-30 for losing)\n|raw|Battonia's rating: 1098 &rarr; <strong>1128<\/strong><br \/>(+30 for winning)\n|c|\u2606MentalSyndrome|gg\n","uploadtime":1700972369,"views":8,"p1id":"mentalsyndrome","p2id":"battonia","formatid":"gen9vgc2023regulatione","rating":1128,"private":0,"password":""}