{"id":"gen9vgc2023regulatione-1990763109","p1":"Oorko","p2":"BlindMagneton","format":"[Gen 9] VGC 2023 Regulation E","log":"|j|\u2606Oorko\n|j|\u2606BlindMagneton\n|t:|1699998506\n|gametype|doubles\n|player|p1|Oorko|dragontamer|1426\n|player|p2|BlindMagneton|wattson|1392\n|teamsize|p1|6\n|teamsize|p2|6\n|gen|9\n|tier|[Gen 9] VGC 2023 Regulation E\n|rated|\n|rule|Species Clause: Limit one of each Pok\u00e9mon\n|rule|Item Clause: Limit one of each item\n|clearpoke\n|poke|p1|Ninetales-Alola, L50, M|\n|poke|p1|Iron Bundle, L50|\n|poke|p1|Dachsbun, L50, F|\n|poke|p1|Chi-Yu, L50|\n|poke|p1|Rillaboom, L50, M|\n|poke|p1|Roaring Moon, L50|\n|poke|p2|Kingambit, L50, M|\n|poke|p2|Magnezone, L50|\n|poke|p2|Gothitelle, L50, F|\n|poke|p2|Pelipper, L50, M|\n|poke|p2|Iron Bundle, L50|\n|poke|p2|Wo-Chien, L50|\n|teampreview|4\n|\n|t:|1699998611\n|start\n|switch|p1a: Iron Bundle|Iron Bundle, L50|100\/100\n|switch|p1b: Rillaboom|Rillaboom, L50, M|100\/100\n|switch|p2a: Kingambit|Kingambit, L50, M|100\/100\n|switch|p2b: Iron Bundle|Iron Bundle, L50|100\/100\n|-fieldstart|move: Grassy Terrain|[from] ability: Grassy Surge|[of] p1b: Rillaboom\n|-enditem|p2b: Iron Bundle|Booster Energy\n|-activate|p2b: Iron Bundle|ability: Quark Drive|[fromitem]\n|-start|p2b: Iron Bundle|quarkdrivespe\n|turn|1\n|\n|t:|1699998632\n|move|p2b: Iron Bundle|Protect|p2b: Iron Bundle\n|-singleturn|p2b: Iron Bundle|Protect\n|move|p1a: Iron Bundle|Hydro Pump|p2a: Kingambit\n|-damage|p2a: Kingambit|55\/100\n|-damage|p1a: Iron Bundle|91\/100|[from] item: Life Orb\n|move|p1b: Rillaboom|High Horsepower|p2a: Kingambit|[miss]\n|-miss|p1b: Rillaboom|p2a: Kingambit\n|move|p2a: Kingambit|Kowtow Cleave|p1b: Rillaboom\n|-damage|p1b: Rillaboom|56\/100\n|\n|-heal|p1a: Iron Bundle|96\/100|[from] Grassy Terrain\n|-heal|p1b: Rillaboom|62\/100|[from] Grassy Terrain\n|-heal|p2a: Kingambit|60\/100|[from] Grassy Terrain\n|upkeep\n|turn|2\n|\n|t:|1699998702\n|move|p1a: Iron Bundle|Protect|p1a: Iron Bundle\n|-singleturn|p1a: Iron Bundle|Protect\n|move|p1b: Rillaboom|Grassy Glide|p2b: Iron Bundle\n|-supereffective|p2b: Iron Bundle\n|-damage|p2b: Iron Bundle|9\/100\n|move|p2a: Kingambit|Sucker Punch||[still]\n|-fail|p2a: Kingambit\n|move|p2b: Iron Bundle|Freeze-Dry|p1b: Rillaboom\n|-supereffective|p1b: Rillaboom\n|-damage|p1b: Rillaboom|17\/100\n|\n|-heal|p2b: Iron Bundle|15\/100|[from] Grassy Terrain\n|-heal|p1a: Iron Bundle|100\/100|[from] Grassy Terrain\n|-heal|p1b: Rillaboom|23\/100|[from] Grassy Terrain\n|-heal|p2a: Kingambit|66\/100|[from] Grassy Terrain\n|upkeep\n|turn|3\n|\n|t:|1699998733\n|move|p1b: Rillaboom|Grassy Glide|p2a: Kingambit\n|-resisted|p2a: Kingambit\n|-damage|p2a: Kingambit|52\/100\n|move|p2a: Kingambit|Sucker Punch|p1a: Iron Bundle\n|-damage|p1a: Iron Bundle|56\/100\n|move|p2b: Iron Bundle|Freeze-Dry|p1b: Rillaboom\n|-supereffective|p1b: Rillaboom\n|-damage|p1b: Rillaboom|0 fnt\n|faint|p1b: Rillaboom\n|move|p1a: Iron Bundle|Hydro Pump|p2a: Kingambit|[miss]\n|-miss|p1a: Iron Bundle|p2a: Kingambit\n|\n|-heal|p2b: Iron Bundle|21\/100|[from] Grassy Terrain\n|-heal|p1a: Iron Bundle|61\/100|[from] Grassy Terrain\n|-heal|p2a: Kingambit|58\/100|[from] Grassy Terrain\n|upkeep\n|\n|t:|1699998747\n|switch|p1b: Chi-Yu|Chi-Yu, L50|100\/100\n|-ability|p1b: Chi-Yu|Beads of Ruin\n|turn|4\n|\n|t:|1699998791\n|-end|p1a: Iron Bundle|Quark Drive|[silent]\n|switch|p1a: Dachsbun|Dachsbun, L50, F|100\/100\n|switch|p2a: Pelipper|Pelipper, L50, M|100\/100\n|-weather|RainDance|[from] ability: Drizzle|[of] p2a: Pelipper\n|-terastallize|p1b: Chi-Yu|Ghost\n|move|p2b: Iron Bundle|Protect|p2b: Iron Bundle\n|-singleturn|p2b: Iron Bundle|Protect\n|move|p1b: Chi-Yu|Lava Plume|p2a: Pelipper|[spread] p2a\n|-activate|p2b: Iron Bundle|move: Protect\n|-ability|p1a: Dachsbun|Well-Baked Body|boost\n|-boost|p1a: Dachsbun|def|2\n|-resisted|p2a: Pelipper\n|-damage|p2a: Pelipper|83\/100\n|\n|-weather|RainDance|[upkeep]\n|-heal|p2b: Iron Bundle|27\/100|[from] Grassy Terrain\n|upkeep\n|turn|5\n|\n|t:|1699998808\n|switch|p1b: Iron Bundle|Iron Bundle, L50|61\/100\n|move|p2a: Pelipper|Wide Guard|p2a: Pelipper\n|-singleturn|p2a: Pelipper|Wide Guard\n|move|p2b: Iron Bundle|Hydro Pump|p1a: Dachsbun\n|-damage|p1a: Dachsbun|1\/100\n|move|p1a: Dachsbun|Body Press|p2b: Iron Bundle\n|-supereffective|p2b: Iron Bundle\n|-damage|p2b: Iron Bundle|0 fnt\n|faint|p2b: Iron Bundle\n|-end|p2b: Iron Bundle|Quark Drive|[silent]\n|\n|-weather|RainDance|[upkeep]\n|-heal|p1b: Iron Bundle|67\/100|[from] Grassy Terrain\n|-heal|p1a: Dachsbun|7\/100|[from] Grassy Terrain\n|-heal|p1a: Dachsbun|13\/100|[from] item: Leftovers\n|-fieldend|move: Grassy Terrain\n|upkeep\n|\n|t:|1699998824\n|switch|p2b: Magnezone|Magnezone, L50|100\/100\n|turn|6\n|\n|t:|1699998862\n|switch|p2a: Kingambit|Kingambit, L50, M|58\/100\n|-terastallize|p2b: Magnezone|Dragon\n|move|p1a: Dachsbun|Protect|p1a: Dachsbun\n|-singleturn|p1a: Dachsbun|Protect\n|move|p1b: Iron Bundle|Freeze-Dry|p2a: Kingambit\n|-resisted|p2a: Kingambit\n|-damage|p2a: Kingambit|43\/100\n|-damage|p1b: Iron Bundle|57\/100|[from] item: Life Orb\n|move|p2b: Magnezone|Thunder|p1b: Iron Bundle\n|-supereffective|p1b: Iron Bundle\n|-damage|p1b: Iron Bundle|0 fnt\n|faint|p1b: Iron Bundle\n|-end|p1b: Iron Bundle|Quark Drive|[silent]\n|\n|-weather|RainDance|[upkeep]\n|-heal|p1a: Dachsbun|19\/100|[from] item: Leftovers\n|upkeep\n|\n|t:|1699998877\n|switch|p1b: Chi-Yu|Chi-Yu, L50, tera:Ghost|100\/100\n|-ability|p1b: Chi-Yu|Beads of Ruin\n|turn|7\n|\n|t:|1699998902\n|move|p2a: Kingambit|Sucker Punch|p1b: Chi-Yu\n|-supereffective|p1b: Chi-Yu\n|-damage|p1b: Chi-Yu|0 fnt\n|faint|p1b: Chi-Yu\n|move|p1a: Dachsbun|Play Rough|p2b: Magnezone\n|-supereffective|p2b: Magnezone\n|-damage|p2b: Magnezone|65\/100\n|move|p2b: Magnezone|Thunder|p1a: Dachsbun\n|-damage|p1a: Dachsbun|0 fnt\n|faint|p1a: Dachsbun\n|\n|win|BlindMagneton\n|raw|Oorko's rating: 1426 &rarr; <strong>1404<\/strong><br \/>(-22 for losing)\n|raw|BlindMagneton's rating: 1392 &rarr; <strong>1414<\/strong><br \/>(+22 for winning)\n|l|\u2606Oorko\n","uploadtime":1699998916,"views":11,"p1id":"oorko","p2id":"blindmagneton","formatid":"gen9vgc2023regulatione","rating":1404,"private":0,"password":""}