{"id":"gen9vgc2023regulatione-1993277430","p1":"whyismynamejeff","p2":"Flarefox_7","format":"[Gen 9] VGC 2023 Regulation E","log":"|j|\u2606whyismynamejeff\n|j|\u2606Flarefox_7\n|t:|1700288867\n|gametype|doubles\n|player|p1|whyismynamejeff|colress|\n|player|p2|Flarefox_7|serena-masters3|\n|teamsize|p1|6\n|teamsize|p2|6\n|gen|9\n|tier|[Gen 9] VGC 2023 Regulation E\n|rated|Tournament battle\n|rule|Species Clause: Limit one of each Pok\u00e9mon\n|rule|Item Clause: Limit one of each item\n|clearpoke\n|poke|p1|Empoleon, L50, F|\n|poke|p1|Ogerpon-Hearthflame, L50, F|\n|poke|p1|Flutter Mane, L50|\n|poke|p1|Iron Hands, L50|\n|poke|p1|Baxcalibur, L50, M|\n|poke|p1|Landorus-Therian, L50, M|\n|poke|p2|Dragapult, L50, F|\n|poke|p2|Chien-Pao, L50|\n|poke|p2|Farigiraf, L50, F|\n|poke|p2|Heatran, L50, F|\n|poke|p2|Rillaboom, L50, F|\n|poke|p2|Urshifu-*, L50, M|\n|teampreview|4\n|showteam|p1|Empoleon||Leftovers|Competitive|HydroPump,Protect,IceBeam,FlashCannon|||F|||50|,,,,,Dragon]Ogerpon-Hearthflame||HearthflameMask|MoldBreaker|IvyCudgel,HornLeech,SwordsDance,SpikyShield|||F|||50|,,,,,Fire]Flutter Mane||BoosterEnergy|Protosynthesis|Moonblast,ShadowBall,IcyWind,Protect||||||50|,,,,,Fairy]Iron Hands||AssaultVest|QuarkDrive|WildCharge,DrainPunch,FakeOut,IcePunch||||||50|,,,,,Water]Baxcalibur||LoadedDice|ThermalExchange|IcicleSpear,ScaleShot,IceShard,Protect|||M|||50|,,,,,Poison]Landorus-Therian||ChoiceScarf|Intimidate|RockSlide,StompingTantrum,Uturn,TeraBlast|||M|||50|,,,,,Flying\n|showteam|p2|Dragapult||ChoiceBand|ClearBody|DragonDarts,PhantomForce,Uturn,TeraBlast|||F|||50|,,,,,Ghost]Chien-Pao||FocusSash|SwordofRuin|IcicleCrash,ThroatChop,SuckerPunch,Protect||||||50|,,,,,Dark]Farigiraf||SitrusBerry|ArmorTail|HelpingHand,TrickRoom,DazzlingGleam,Psychic|||F|||50|,,,,,Fairy]Heatran||AssaultVest|FlashFire|HeatWave,FlashCannon,EarthPower,TeraBlast|||F|||50|,,,,,Fairy]Rillaboom||MiracleSeed|GrassySurge|WoodHammer,GrassyGlide,FakeOut,Protect|||F|||50|,,,,,Grass]Urshifu-Rapid-Strike||ChoiceScarf|UnseenFist|SurgingStrikes,CloseCombat,AquaJet,Uturn|||M|||50|,,,,,Water\n|c|\u2606whyismynamejeff|howdy there partner\n|j| Snowmuse\n|\n|t:|1700288908\n|start\n|switch|p1a: Flutter Mane|Flutter Mane, L50|100\/100\n|switch|p1b: Iron Hands|Iron Hands, L50|100\/100\n|switch|p2a: Wottl3y|Chien-Pao, L50|100\/100\n|switch|p2b: Tempest Brute|Urshifu-Rapid-Strike, L50, M|100\/100\n|-ability|p2a: Wottl3y|Sword of Ruin\n|-enditem|p1a: Flutter Mane|Booster Energy\n|-activate|p1a: Flutter Mane|ability: Protosynthesis|[fromitem]\n|-start|p1a: Flutter Mane|protosynthesisspe\n|turn|1\n|\n|t:|1700288930\n|switch|p2b: Rillaboom|Rillaboom, L50, F|100\/100\n|-fieldstart|move: Grassy Terrain|[from] ability: Grassy Surge|[of] p2b: Rillaboom\n|move|p2a: Wottl3y|Protect|p2a: Wottl3y\n|-singleturn|p2a: Wottl3y|Protect\n|move|p1b: Iron Hands|Fake Out|p2b: Rillaboom\n|-damage|p2b: Rillaboom|81\/100\n|move|p1a: Flutter Mane|Moonblast|p2a: Wottl3y\n|-activate|p2a: Wottl3y|move: Protect\n|\n|-heal|p2b: Rillaboom|87\/100|[from] Grassy Terrain\n|upkeep\n|turn|2\n|\n|t:|1700288961\n|-terastallize|p2b: Rillaboom|Grass\n|move|p2b: Rillaboom|Grassy Glide|p1a: Flutter Mane\n|-damage|p1a: Flutter Mane|0 fnt\n|faint|p1a: Flutter Mane\n|-end|p1a: Flutter Mane|Protosynthesis|[silent]\n|move|p2a: Wottl3y|Icicle Crash|p1b: Iron Hands\n|-damage|p1b: Iron Hands|64\/100\n|move|p1b: Iron Hands|Ice Punch|p2b: Rillaboom\n|-supereffective|p2b: Rillaboom\n|-damage|p2b: Rillaboom|14\/100\n|\n|-heal|p2b: Rillaboom|20\/100|[from] Grassy Terrain\n|-heal|p1b: Iron Hands|71\/100|[from] Grassy Terrain\n|upkeep\n|\n|t:|1700288975\n|switch|p1a: Ogerpon|Ogerpon-Hearthflame, L50, F|100\/100\n|-ability|p1a: Ogerpon|Mold Breaker\n|turn|3\n|\n|t:|1700288988\n|move|p1a: Ogerpon|Spiky Shield|p1a: Ogerpon\n|-singleturn|p1a: Ogerpon|move: Protect\n|move|p2b: Rillaboom|Grassy Glide|p1b: Iron Hands\n|-damage|p1b: Iron Hands|19\/100\n|move|p2a: Wottl3y|Icicle Crash|p1b: Iron Hands\n|-damage|p1b: Iron Hands|0 fnt\n|faint|p1b: Iron Hands\n|-end|p1b: Iron Hands|Quark Drive|[silent]\n|\n|-heal|p2b: Rillaboom|26\/100|[from] Grassy Terrain\n|upkeep\n|\n|t:|1700288999\n|switch|p1b: Empoleon|Empoleon, L50, F|100\/100\n|turn|4\n|\n|t:|1700289021\n|-terastallize|p1a: Ogerpon|Fire\n|detailschange|p1a: Ogerpon|Ogerpon-Hearthflame-Tera, L50, F, tera:Fire\n|-ability|p1a: Ogerpon|Embody Aspect (Hearthflame)|boost\n|-boost|p1a: Ogerpon|atk|1\n|move|p2b: Rillaboom|Protect|p2b: Rillaboom\n|-singleturn|p2b: Rillaboom|Protect\n|move|p2a: Wottl3y|Throat Chop|p1a: Ogerpon\n|-damage|p1a: Ogerpon|19\/100\n|-start|p1a: Ogerpon|Throat Chop|[silent]\n|move|p1a: Ogerpon|Ivy Cudgel|p2a: Wottl3y|[anim] Ivy Cudgel Fire\n|-supereffective|p2a: Wottl3y\n|-enditem|p2a: Wottl3y|Focus Sash\n|-damage|p2a: Wottl3y|1\/100\n|move|p1b: Empoleon|Ice Beam|p2b: Rillaboom\n|-activate|p2b: Rillaboom|move: Protect\n|\n|-heal|p2a: Wottl3y|7\/100|[from] Grassy Terrain\n|-heal|p1a: Ogerpon|24\/100|[from] Grassy Terrain\n|-heal|p2b: Rillaboom|32\/100|[from] Grassy Terrain\n|upkeep\n|turn|5\n|\n|t:|1700289043\n|move|p1a: Ogerpon|Spiky Shield|p1a: Ogerpon\n|-singleturn|p1a: Ogerpon|move: Protect\n|move|p2a: Wottl3y|Throat Chop|p1b: Empoleon\n|-damage|p1b: Empoleon|40\/100\n|-start|p1b: Empoleon|Throat Chop|[silent]\n|move|p2b: Rillaboom|Wood Hammer|p1b: Empoleon\n|-damage|p1b: Empoleon|0 fnt\n|faint|p1b: Empoleon\n|-damage|p2b: Rillaboom|20\/100|[from] Recoil\n|\n|-heal|p2a: Wottl3y|13\/100|[from] Grassy Terrain\n|-heal|p1a: Ogerpon|30\/100|[from] Grassy Terrain\n|-heal|p2b: Rillaboom|26\/100|[from] Grassy Terrain\n|-end|p1a: Ogerpon|Throat Chop|[silent]\n|-fieldend|move: Grassy Terrain\n|upkeep\n|turn|6\n|l| Snowmuse\n|c|\u2606Flarefox_7|gg\n|\n|t:|1700289066\n|move|p2a: Wottl3y|Sucker Punch|p1a: Ogerpon\n|-damage|p1a: Ogerpon|0 fnt\n|faint|p1a: Ogerpon\n|\n|win|Flarefox_7\n|n|\u2606whyismynamejeff|whyismynamejeff\n|n|\u2606Flarefox_7|flarefox7\n","uploadtime":1700289072,"views":13,"p1id":"whyismynamejeff","p2id":"flarefox7","formatid":"gen9vgc2023regulatione","rating":0,"private":0,"password":""}