{"id":"gen9vgc2023regulatione-1999595328","p1":"MrMcNukington","p2":"LowEloGrind","format":"[Gen 9] VGC 2023 Regulation E","log":"|j|\u2606MrMcNukington\n|j|\u2606LowEloGrind\n|t:|1701099562\n|gametype|doubles\n|player|p1|MrMcNukington|will|1239\n|player|p2|LowEloGrind|1|1202\n|teamsize|p1|6\n|teamsize|p2|6\n|gen|9\n|tier|[Gen 9] VGC 2023 Regulation E\n|rated|\n|rule|Species Clause: Limit one of each Pok\u00e9mon\n|rule|Item Clause: Limit one of each item\n|clearpoke\n|poke|p1|Chien-Pao, L50|\n|poke|p1|Dragonite, L50, F|\n|poke|p1|Heatran, L50, F|\n|poke|p1|Rillaboom, L50, F|\n|poke|p1|Urshifu-*, L50, M|\n|poke|p1|Farigiraf, L50, F|\n|poke|p2|Iron Hands, L50|\n|poke|p2|Sinistcha, L50|\n|poke|p2|Arcanine-Hisui, L50, M|\n|poke|p2|Moltres-Galar, L50|\n|poke|p2|Iron Bundle, L50|\n|poke|p2|Ninetales-Alola, L50, F|\n|teampreview|4\n|\n|t:|1701099580\n|start\n|switch|p1a: Chien-Pao|Chien-Pao, L50|100\/100\n|switch|p1b: Urshifu|Urshifu-Rapid-Strike, L50, M|100\/100\n|switch|p2a: Under the Tree|Iron Bundle, L50|100\/100\n|switch|p2b: Snowing!!!!!|Ninetales-Alola, L50, F|100\/100\n|-ability|p1a: Chien-Pao|Sword of Ruin\n|-weather|Snow|[from] ability: Snow Warning|[of] p2b: Snowing!!!!!\n|-enditem|p2a: Under the Tree|Booster Energy\n|-activate|p2a: Under the Tree|ability: Quark Drive|[fromitem]\n|-start|p2a: Under the Tree|quarkdrivespe\n|turn|1\n|inactive|Battle timer is ON: inactive players will automatically lose when time's up. (requested by LowEloGrind)\n|\n|t:|1701099598\n|move|p2a: Under the Tree|Freeze-Dry|p1b: Urshifu\n|-supereffective|p1b: Urshifu\n|-damage|p1b: Urshifu|7\/100\n|move|p1b: Urshifu|U-turn|p2b: Snowing!!!!!\n|-resisted|p2b: Snowing!!!!!\n|-damage|p2b: Snowing!!!!!|88\/100\n|\n|t:|1701099604\n|switch|p1b: Heatran|Heatran, L50, F|100\/100|[from] U-turn\n|move|p1a: Chien-Pao|Sacred Sword|p2a: Under the Tree\n|-supereffective|p2a: Under the Tree\n|-damage|p2a: Under the Tree|42\/100\n|move|p2b: Snowing!!!!!|Aurora Veil|p2b: Snowing!!!!!\n|-sidestart|p2: LowEloGrind|move: Aurora Veil\n|\n|-weather|Snow|[upkeep]\n|upkeep\n|turn|2\n|\n|t:|1701099627\n|-terastallize|p1b: Heatran|Fairy\n|move|p2a: Under the Tree|Icy Wind|p1a: Chien-Pao|[spread] p1a,p1b\n|-resisted|p1a: Chien-Pao\n|-damage|p1a: Chien-Pao|84\/100\n|-damage|p1b: Heatran|87\/100\n|-unboost|p1a: Chien-Pao|spe|1\n|-unboost|p1b: Heatran|spe|1\n|move|p2b: Snowing!!!!!|Moonblast|p1a: Chien-Pao\n|-supereffective|p1a: Chien-Pao\n|-damage|p1a: Chien-Pao|0 fnt\n|faint|p1a: Chien-Pao\n|move|p1b: Heatran|Heat Wave|p2b: Snowing!!!!!|[spread] p2b\n|-miss|p1b: Heatran|p2a: Under the Tree\n|-supereffective|p2b: Snowing!!!!!\n|-damage|p2b: Snowing!!!!!|36\/100\n|\n|-weather|Snow|[upkeep]\n|upkeep\n|\n|t:|1701099634\n|switch|p1a: Dragonite|Dragonite, L50, F|100\/100\n|turn|3\n|\n|t:|1701099648\n|move|p1a: Dragonite|Extreme Speed|p2a: Under the Tree\n|-crit|p2a: Under the Tree\n|-damage|p2a: Under the Tree|0 fnt\n|faint|p2a: Under the Tree\n|-end|p2a: Under the Tree|Quark Drive|[silent]\n|move|p2b: Snowing!!!!!|Blizzard|p1a: Dragonite|[spread] p1a,p1b\n|-supereffective|p1a: Dragonite\n|-damage|p1a: Dragonite|9\/100\n|-damage|p1b: Heatran|72\/100\n|move|p1b: Heatran|Heat Wave|p2b: Snowing!!!!!\n|-supereffective|p2b: Snowing!!!!!\n|-damage|p2b: Snowing!!!!!|0 fnt\n|faint|p2b: Snowing!!!!!\n|\n|-weather|Snow|[upkeep]\n|upkeep\n|\n|t:|1701099660\n|switch|p2a: Sanitized|Iron Hands, L50|100\/100\n|switch|p2b: Mint Hot Chocolate|Sinistcha, L50|100\/100\n|turn|4\n|inactive|MrMcNukington has 30 seconds left.\n|inactive|MrMcNukington has 20 seconds left.\n|\n|t:|1701099695\n|-terastallize|p2b: Mint Hot Chocolate|Fire\n|move|p1a: Dragonite|Extreme Speed|p2a: Sanitized\n|-damage|p2a: Sanitized|79\/100\n|move|p2b: Mint Hot Chocolate|Matcha Gotcha|p1b: Heatran|[spread] p1a,p1b\n|-resisted|p1a: Dragonite\n|-damage|p1a: Dragonite|3\/100\n|-damage|p1b: Heatran|58\/100\n|move|p2a: Sanitized|Swords Dance|p2a: Sanitized\n|-boost|p2a: Sanitized|atk|2\n|move|p1b: Heatran|Heat Wave|p2a: Sanitized|[spread] p2a,p2b\n|-resisted|p2b: Mint Hot Chocolate\n|-damage|p2a: Sanitized|60\/100\n|-damage|p2b: Mint Hot Chocolate|87\/100\n|-status|p2a: Sanitized|brn\n|\n|-weather|Snow|[upkeep]\n|-damage|p2a: Sanitized|54\/100 brn|[from] brn\n|upkeep\n|turn|5\n|inactive|LowEloGrind has 30 seconds left.\n|\n|t:|1701099722\n|move|p1a: Dragonite|Extreme Speed|p2b: Mint Hot Chocolate\n|-damage|p2b: Mint Hot Chocolate|58\/100\n|move|p2b: Mint Hot Chocolate|Rage Powder|p2b: Mint Hot Chocolate\n|-singleturn|p2b: Mint Hot Chocolate|move: Rage Powder\n|move|p2a: Sanitized|Thunder Punch|p1b: Heatran\n|-damage|p1b: Heatran|24\/100\n|move|p1b: Heatran|Earth Power|p2b: Mint Hot Chocolate\n|-supereffective|p2b: Mint Hot Chocolate\n|-damage|p2b: Mint Hot Chocolate|16\/100\n|\n|-weather|none\n|-damage|p2a: Sanitized|48\/100 brn|[from] brn\n|upkeep\n|turn|6\n|\n|t:|1701099736\n|move|p1a: Dragonite|Extreme Speed|p2b: Mint Hot Chocolate\n|-damage|p2b: Mint Hot Chocolate|0 fnt\n|faint|p2b: Mint Hot Chocolate\n|move|p2a: Sanitized|Thunder Punch|p1b: Heatran\n|-damage|p1b: Heatran|0 fnt\n|faint|p1b: Heatran\n|\n|-damage|p2a: Sanitized|41\/100 brn|[from] brn\n|upkeep\n|\n|t:|1701099744\n|switch|p1b: Urshifu|Urshifu-Rapid-Strike, L50, M|7\/100\n|turn|7\n|\n|t:|1701099748\n|move|p1a: Dragonite|Extreme Speed|p2a: Sanitized\n|-damage|p2a: Sanitized|22\/100 brn\n|move|p1b: Urshifu|Surging Strikes|p2a: Sanitized\n|-crit|p2a: Sanitized\n|-damage|p2a: Sanitized|8\/100 brn\n|-crit|p2a: Sanitized\n|-damage|p2a: Sanitized|0 fnt\n|faint|p2a: Sanitized\n|-end|p2a: Sanitized|Quark Drive|[silent]\n|-hitcount|p2: Sanitized|2\n|\n|win|MrMcNukington\n|raw|MrMcNukington's rating: 1239 &rarr; <strong>1261<\/strong><br \/>(+22 for winning)\n|raw|LowEloGrind's rating: 1202 &rarr; <strong>1180<\/strong><br \/>(-22 for losing)\n|l|\u2606MrMcNukington\n","uploadtime":1701099759,"views":9,"p1id":"mrmcnukington","p2id":"lowelogrind","formatid":"gen9vgc2023regulatione","rating":1180,"private":0,"password":""}