{"id":"gen9vgc2023regulatione-1996669697","p1":"Icepunch_buzzwole","p2":"0001110101k","format":"[Gen 9] VGC 2023 Regulation E","log":"|j|\u2606Icepunch_buzzwole\n|j|\u26060001110101k\n|t:|1700707555\n|gametype|doubles\n|player|p1|Icepunch_buzzwole|volkner|1395\n|player|p2|0001110101k|janitor|1288\n|teamsize|p1|6\n|teamsize|p2|6\n|gen|9\n|tier|[Gen 9] VGC 2023 Regulation E\n|rated|\n|rule|Species Clause: Limit one of each Pok\u00e9mon\n|rule|Item Clause: Limit one of each item\n|clearpoke\n|poke|p1|Scyther, L50, M|\n|poke|p1|Arcanine-Hisui, L50, M|\n|poke|p1|Rillaboom, L50, F|\n|poke|p1|Gholdengo, L50|\n|poke|p1|Urshifu-*, L50, M|\n|poke|p1|Grimmsnarl, L50, M|\n|poke|p2|Landorus, L50, M|\n|poke|p2|Thundurus, L50, M|\n|poke|p2|Tornadus, L50, M|\n|poke|p2|Pelipper, L50, F|\n|poke|p2|Sandy Shocks, L50|\n|poke|p2|Shiftry, L50, F|\n|teampreview|4\n|inactive|Battle timer is ON: inactive players will automatically lose when time's up. (requested by Icepunch_buzzwole)\n|c|\u2606Icepunch_buzzwole|lol\n|c|\u2606Icepunch_buzzwole|too many similar weakness bro\n|inactive|Icepunch_buzzwole has 60 seconds left.\n|c|\u26060001110101k|I like my genies\n|\n|t:|1700707610\n|start\n|switch|p1a: Grimmsnarl|Grimmsnarl, L50, M|100\/100\n|switch|p1b: Scyther|Scyther, L50, M, shiny|100\/100\n|switch|p2a: Landorus|Landorus, L50, M|100\/100\n|switch|p2b: Sandy Shocks|Sandy Shocks, L50|100\/100\n|turn|1\n|\n|t:|1700707627\n|move|p1a: Grimmsnarl|Fake Out|p2b: Sandy Shocks\n|-damage|p2b: Sandy Shocks|87\/100\n|cant|p2b: Sandy Shocks|flinch\n|move|p2a: Landorus|Sludge Bomb|p1a: Grimmsnarl\n|-supereffective|p1a: Grimmsnarl\n|-damage|p1a: Grimmsnarl|2\/100\n|-enditem|p1a: Grimmsnarl|Sitrus Berry|[eat]\n|-heal|p1a: Grimmsnarl|27\/100|[from] item: Sitrus Berry\n|move|p1b: Scyther|Tailwind|p1b: Scyther\n|-sidestart|p1: Icepunch_buzzwole|move: Tailwind\n|\n|upkeep\n|turn|2\n|c|\u2606Icepunch_buzzwole|have fun against h arc\n|c|\u2606Icepunch_buzzwole|who is on every team\n|c|\u26060001110101k|He is very fun!\n|inactive|Icepunch_buzzwole has 30 seconds left.\n|inactive|0001110101k has 30 seconds left.\n|inactive|Icepunch_buzzwole has 20 seconds left.\n|inactive|Icepunch_buzzwole has 15 seconds left.\n|inactive|Icepunch_buzzwole has 10 seconds left.\n|inactive|Icepunch_buzzwole has 5 seconds left.\n|\n|t:|1700707680\n|move|p1a: Grimmsnarl|Parting Shot|p2b: Sandy Shocks\n|-unboost|p2b: Sandy Shocks|atk|1\n|-unboost|p2b: Sandy Shocks|spa|1\n|\n|t:|1700707686\n|switch|p1a: Urshifu|Urshifu-Rapid-Strike, L50, M|100\/100|[from] Parting Shot\n|move|p1b: Scyther|U-turn|p2b: Sandy Shocks\n|-crit|p2b: Sandy Shocks\n|-damage|p2b: Sandy Shocks|25\/100\n|\n|t:|1700707694\n|switch|p1b: Arcanine|Arcanine-Hisui, L50, M|100\/100|[from] U-turn\n|-ability|p1b: Arcanine|Intimidate|boost\n|-unboost|p2a: Landorus|atk|1\n|-unboost|p2b: Sandy Shocks|atk|1\n|move|p2b: Sandy Shocks|Volt Switch|p1b: Arcanine\n|-damage|p1b: Arcanine|71\/100\n|\n|t:|1700707701\n|-end|p2b: Sandy Shocks|Protosynthesis|[silent]\n|switch|p2b: Pelipper|Pelipper, L50, F|100\/100|[from] Volt Switch\n|-weather|RainDance|[from] ability: Drizzle|[of] p2b: Pelipper\n|move|p2a: Landorus|Sandsear Storm|p1b: Arcanine|[spread] p1a,p1b\n|-supereffective|p1b: Arcanine\n|-damage|p1a: Urshifu|14\/100\n|-damage|p1b: Arcanine|0 fnt\n|faint|p1b: Arcanine\n|\n|-weather|RainDance|[upkeep]\n|upkeep\n|\n|t:|1700707712\n|switch|p1b: Scyther|Scyther, L50, M, shiny|100\/100\n|turn|3\n|\n|t:|1700707723\n|move|p2a: Landorus|Protect|p2a: Landorus\n|-singleturn|p2a: Landorus|Protect\n|move|p1a: Urshifu|Surging Strikes|p2a: Landorus\n|-supereffective|p2a: Landorus\n|-crit|p2a: Landorus\n|-damage|p2a: Landorus|11\/100\n|-supereffective|p2a: Landorus\n|-crit|p2a: Landorus\n|-damage|p2a: Landorus|0 fnt\n|faint|p2a: Landorus\n|-hitcount|p2: Landorus|2\n|move|p1b: Scyther|Dual Wingbeat|p2b: Pelipper\n|-damage|p2b: Pelipper|71\/100\n|-damage|p2b: Pelipper|38\/100\n|-hitcount|p2b: Pelipper|2\n|move|p2b: Pelipper|Hurricane|p1a: Urshifu\n|-supereffective|p1a: Urshifu\n|-damage|p1a: Urshifu|0 fnt\n|faint|p1a: Urshifu\n|\n|-weather|RainDance|[upkeep]\n|upkeep\n|\n|t:|1700707741\n|switch|p2a: Sandy Shocks|Sandy Shocks, L50|25\/100\n|switch|p1a: Grimmsnarl|Grimmsnarl, L50, M|27\/100\n|turn|4\n|\n|t:|1700707761\n|-terastallize|p1a: Grimmsnarl|Fairy\n|move|p1b: Scyther|Dual Wingbeat|p2b: Pelipper\n|-damage|p2b: Pelipper|5\/100\n|-damage|p2b: Pelipper|0 fnt\n|faint|p2b: Pelipper\n|-hitcount|p2: Pelipper|2\n|move|p2a: Sandy Shocks|Thunder|p1b: Scyther\n|-supereffective|p1b: Scyther\n|-damage|p1b: Scyther|0 fnt\n|faint|p1b: Scyther\n|move|p1a: Grimmsnarl|Spirit Break|p2a: Sandy Shocks\n|-damage|p2a: Sandy Shocks|0 fnt\n|faint|p2a: Sandy Shocks\n|-end|p2a: Sandy Shocks|Protosynthesis|[silent]\n|\n|-weather|RainDance|[upkeep]\n|-sideend|p1: Icepunch_buzzwole|move: Tailwind\n|upkeep\n|\n|t:|1700707774\n|switch|p2b: Tornadus|Tornadus, L50, M|100\/100\n|turn|5\n|\n|t:|1700707779\n|-terastallize|p2b: Tornadus|Flying\n|move|p2b: Tornadus|Bleakwind Storm|p1a: Grimmsnarl\n|-damage|p1a: Grimmsnarl|0 fnt\n|faint|p1a: Grimmsnarl\n|\n|win|0001110101k\n|raw|Icepunch_buzzwole's rating: 1395 &rarr; <strong>1369<\/strong><br \/>(-26 for losing)\n|raw|0001110101k's rating: 1288 &rarr; <strong>1320<\/strong><br \/>(+32 for winning)\n|l|\u2606Icepunch_buzzwole\n|c|\u26060001110101k|gg\n","uploadtime":1700707791,"views":9,"p1id":"icepunchbuzzwole","p2id":"0001110101k","formatid":"gen9vgc2023regulatione","rating":1320,"private":0,"password":""}