{"id":"gen9vgc2023regulatione-1992222064","p1":"Cris_Rossi","p2":"B10X","format":"[Gen 9] VGC 2023 Regulation E","log":"|j|\u2606Cris_Rossi\n|j|\u2606B10X\n|n|\u2606Cris_Rossi|crisrossi\n|n|\u2606B10X|b10x\n|html|View the match progress at <a href=\"\/game-bestof3-gen9vgc2023regulatione-1992219064\">game-bestof3-gen9vgc2023regulatione-1992219064<\/a>\n|t:|1700165173\n|gametype|doubles\n|player|p1|Cris_Rossi|nate|\n|player|p2|B10X|marlon|\n|teamsize|p1|6\n|teamsize|p2|6\n|gen|9\n|tier|[Gen 9] VGC 2023 Regulation E\n|rule|Species Clause: Limit one of each Pok\u00e9mon\n|rule|Item Clause: Limit one of each item\n|clearpoke\n|poke|p1|Heatran, L50, M|\n|poke|p1|Flutter Mane, L50|\n|poke|p1|Tornadus, L50, M|\n|poke|p1|Ogerpon-Wellspring, L50, F|\n|poke|p1|Amoonguss, L50, M|\n|poke|p1|Landorus-Therian, L50, M|\n|poke|p2|Landorus-Therian, L50, M|\n|poke|p2|Iron Hands, L50|\n|poke|p2|Chien-Pao, L50|\n|poke|p2|Flutter Mane, L50|\n|poke|p2|Ogerpon-Wellspring, L50, F|\n|poke|p2|Arcanine-Hisui, L50, M|\n|teampreview|4\nCris_Rossi has agreed to open team sheets.\n|c|\u2606Cris_Rossi|glhf\n|c|\u2606B10X|gl hf\nB10X has agreed to open team sheets.\n|showteam|p1|Heatran||AssaultVest|FlashFire|HeatWave,EarthPower,MagmaStorm,FlashCannon|||M|||50|,,,,,Fairy]Flutter Mane||ChoiceSpecs|Protosynthesis|Moonblast,DazzlingGleam,PowerGem,ShadowBall||||||50|,,,,,Fairy]Tornadus||CovertCloak|Prankster|Tailwind,BleakwindStorm,Taunt,RainDance|||M|||50|,,,,,Dark]Ogerpon-Wellspring||WellspringMask|WaterAbsorb|IvyCudgel,SwordsDance,SpikyShield,HornLeech|||F|||50|,,,,,Water]Amoonguss||SitrusBerry|Regenerator|RagePowder,Spore,Protect,PollenPuff|||M|||50|,,,,,Water]Landorus-Therian||ChoiceScarf|Intimidate|StompingTantrum,TeraBlast,Uturn,RockSlide|||M|||50|,,,,,Flying\n|showteam|p2|Landorus-Therian||ChoiceScarf|Intimidate|StompingTantrum,RockSlide,Uturn,TeraBlast|||M|||50|,,,,,Flying]Iron Hands||AssaultVest|QuarkDrive|DrainPunch,WildCharge,HeavySlam,FakeOut||||||50|,,,,,Fire]Chien-Pao||FocusSash|SwordofRuin|IceSpinner,SacredSword,SuckerPunch,Protect||||||50|,,,,,Ghost]Flutter Mane||ChoiceSpecs|Protosynthesis|Moonblast,ShadowBall,DazzlingGleam,IcyWind||||||50|,,,,,Fairy]Ogerpon-Wellspring||WellspringMask|WaterAbsorb|IvyCudgel,HornLeech,SwordsDance,SpikyShield|||F|||50|,,,,,Water]Arcanine-Hisui||ChoiceBand|Intimidate|FlareBlitz,RockSlide,ExtremeSpeed,HeadSmash|||M|||50|,,,,,Normal\n|\n|t:|1700165222\n|start\n|switch|p1a: Landorus|Landorus-Therian, L50, M|100\/100\n|switch|p1b: Tornadus|Tornadus, L50, M|100\/100\n|switch|p2a: Iron Hands|Iron Hands, L50|100\/100\n|switch|p2b: Chien-Pao|Chien-Pao, L50|100\/100\n|-ability|p1a: Landorus|Intimidate|boost\n|-unboost|p2a: Iron Hands|atk|1\n|-unboost|p2b: Chien-Pao|atk|1\n|-ability|p2b: Chien-Pao|Sword of Ruin\n|turn|1\n|inactive|Battle timer is ON: inactive players will automatically lose when time's up. (requested by Cris_Rossi)\n|\n|t:|1700165249\n|move|p2a: Iron Hands|Fake Out|p1a: Landorus\n|-damage|p1a: Landorus|85\/100\n|cant|p1a: Landorus|flinch\n|move|p2b: Chien-Pao|Ice Spinner|p1a: Landorus\n|-supereffective|p1a: Landorus\n|-damage|p1a: Landorus|0 fnt\n|faint|p1a: Landorus\n|move|p1b: Tornadus|Bleakwind Storm|p2a: Iron Hands|[spread] p2a,p2b\n|-damage|p2a: Iron Hands|82\/100\n|-damage|p2b: Chien-Pao|42\/100\n|\n|upkeep\n|inactive|Cris_Rossi has 30 seconds left.\n|\n|t:|1700165277\n|switch|p1a: Flutter Mane|Flutter Mane, L50|100\/100\n|turn|2\n|\n|t:|1700165295\n|-terastallize|p1a: Flutter Mane|Fairy\n|-terastallize|p2a: Iron Hands|Fire\n|move|p2b: Chien-Pao|Protect|p2b: Chien-Pao\n|-singleturn|p2b: Chien-Pao|Protect\n|move|p1b: Tornadus|Tailwind|p1b: Tornadus\n|-sidestart|p1: Cris_Rossi|move: Tailwind\n|move|p1a: Flutter Mane|Dazzling Gleam|p2a: Iron Hands|[spread] p2a\n|-activate|p2b: Chien-Pao|move: Protect\n|-resisted|p2a: Iron Hands\n|-damage|p2a: Iron Hands|67\/100\n|move|p2a: Iron Hands|Heavy Slam|p1a: Flutter Mane\n|-supereffective|p1a: Flutter Mane\n|-damage|p1a: Flutter Mane|0 fnt\n|faint|p1a: Flutter Mane\n|-end|p1a: Flutter Mane|Protosynthesis|[silent]\n|\n|upkeep\n|\n|t:|1700165304\n|switch|p1a: Ogerpon|Ogerpon-Wellspring, L50, F|100\/100\n|turn|3\n|\n|t:|1700165320\n|move|p2b: Chien-Pao|Sucker Punch|p1a: Ogerpon\n|-damage|p1a: Ogerpon|68\/100\n|move|p1a: Ogerpon|Ivy Cudgel|p2a: Iron Hands|[anim] Ivy Cudgel Water\n|-supereffective|p2a: Iron Hands\n|-damage|p2a: Iron Hands|0 fnt\n|faint|p2a: Iron Hands\n|-end|p2a: Iron Hands|Quark Drive|[silent]\n|move|p1b: Tornadus|Bleakwind Storm|p2b: Chien-Pao|[miss]\n|-miss|p1b: Tornadus|p2b: Chien-Pao\n|\n|upkeep\n|\n|t:|1700165328\n|switch|p2a: Flutter Mane|Flutter Mane, L50|100\/100\n|turn|4\n|inactive|B10X has 30 seconds left.\n|inactive|B10X has 20 seconds left.\n|\n|t:|1700165366\n|move|p1b: Tornadus|Rain Dance|p1b: Tornadus\n|-weather|RainDance\n|move|p1a: Ogerpon|Ivy Cudgel|p2a: Flutter Mane|[anim] Ivy Cudgel Water\n|-crit|p2a: Flutter Mane\n|-damage|p2a: Flutter Mane|0 fnt\n|faint|p2a: Flutter Mane\n|-end|p2a: Flutter Mane|Protosynthesis|[silent]\n|move|p2b: Chien-Pao|Ice Spinner|p1b: Tornadus\n|-supereffective|p1b: Tornadus\n|-damage|p1b: Tornadus|22\/100\n|\n|-weather|RainDance|[upkeep]\n|upkeep\n|\n|t:|1700165373\n|switch|p2a: Ogerpon|Ogerpon-Wellspring, L50, F|100\/100\n|turn|5\n|\n|t:|1700165383\n|move|p2b: Chien-Pao|Protect|p2b: Chien-Pao\n|-singleturn|p2b: Chien-Pao|Protect\n|move|p1b: Tornadus|Tailwind||[still]\n|-fail|p1b: Tornadus\n|move|p1a: Ogerpon|Horn Leech|p2a: Ogerpon\n|-damage|p2a: Ogerpon|43\/100\n|-heal|p1a: Ogerpon|97\/100|[from] drain|[of] p2a: Ogerpon\n|move|p2a: Ogerpon|Horn Leech|p1a: Ogerpon\n|-damage|p1a: Ogerpon|44\/100\n|-heal|p2a: Ogerpon|69\/100|[from] drain|[of] p1a: Ogerpon\n|\n|-weather|RainDance|[upkeep]\n|-sideend|p1: Cris_Rossi|move: Tailwind\n|upkeep\n|turn|6\n|\n|t:|1700165397\n|move|p1b: Tornadus|Tailwind|p1b: Tornadus\n|-sidestart|p1: Cris_Rossi|move: Tailwind\n|move|p1a: Ogerpon|Horn Leech|p2b: Chien-Pao\n|-crit|p2b: Chien-Pao\n|-damage|p2b: Chien-Pao|0 fnt\n|-heal|p1a: Ogerpon|62\/100|[from] drain|[of] p2b: Chien-Pao\n|faint|p2b: Chien-Pao\n|move|p2a: Ogerpon|Swords Dance|p2a: Ogerpon\n|-boost|p2a: Ogerpon|atk|2\n|\n|-weather|RainDance|[upkeep]\n|upkeep\n|turn|7\n|\n|t:|1700165410\n|move|p1a: Ogerpon|Horn Leech|p2a: Ogerpon\n|-damage|p2a: Ogerpon|24\/100\n|-heal|p1a: Ogerpon|85\/100|[from] drain|[of] p2a: Ogerpon\n|move|p1b: Tornadus|Bleakwind Storm|p2a: Ogerpon\n|-supereffective|p2a: Ogerpon\n|-damage|p2a: Ogerpon|0 fnt\n|faint|p2a: Ogerpon\n|\n|win|Cris_Rossi\n|c|\u2606Cris_Rossi|gg\n|c|\u2606B10X|gg\n","uploadtime":1700165468,"views":12,"p1id":"crisrossi","p2id":"b10x","formatid":"gen9vgc2023regulatione","rating":0,"private":0,"password":""}