{"id":"gen9vgc2023regulatione-1992763165","p1":"alezinho","p2":"Isaiahwillwin","format":"[Gen 9] VGC 2023 Regulation E","log":"|j|\u2606alezinho\n|j|\u2606Isaiahwillwin\n|t:|1700233260\n|gametype|doubles\n|player|p1|alezinho|waiter-gen4dp|1339\n|player|p2|Isaiahwillwin|2|1409\n|teamsize|p1|6\n|teamsize|p2|6\n|gen|9\n|tier|[Gen 9] VGC 2023 Regulation E\n|rated|\n|rule|Species Clause: Limit one of each Pok\u00e9mon\n|rule|Item Clause: Limit one of each item\n|clearpoke\n|poke|p1|Arcanine-Hisui, L50, M|\n|poke|p1|Urshifu-*, L50, M|\n|poke|p1|Rillaboom, L50, F|\n|poke|p1|Tornadus, L50, M|\n|poke|p1|Amoonguss, L50, F|\n|poke|p1|Ditto, L50|\n|poke|p2|Ogerpon-Wellspring, L50, F|\n|poke|p2|Landorus-Therian, L50, M|\n|poke|p2|Iron Hands, L50|\n|poke|p2|Flutter Mane, L50|\n|poke|p2|Heatran, L50, F|\n|poke|p2|Weezing, L50, M|\n|teampreview|4\n|inactive|Battle timer is ON: inactive players will automatically lose when time's up. (requested by alezinho)\n|inactive|alezinho has 60 seconds left.\n|inactive|Isaiahwillwin has 60 seconds left.\n|\n|t:|1700233304\n|start\n|switch|p1a: Tornadus|Tornadus, L50, M, shiny|100\/100\n|switch|p1b: Urshifu|Urshifu-Rapid-Strike, L50, M|100\/100\n|switch|p2a: Iron Hands|Iron Hands, L50|100\/100\n|switch|p2b: Heatran|Heatran, L50, F|100\/100\n|turn|1\n|\n|t:|1700233318\n|switch|p1b: Amoonguss|Amoonguss, L50, F, shiny|100\/100\n|switch|p2b: Weezing|Weezing, L50, M|100\/100\n|-ability|p2b: Weezing|Neutralizing Gas\n|move|p1a: Tornadus|Tailwind|p1a: Tornadus\n|-sidestart|p1: alezinho|move: Tailwind\n|move|p2a: Iron Hands|Wild Charge|p1a: Tornadus\n|-supereffective|p1a: Tornadus\n|-damage|p1a: Tornadus|0 fnt\n|faint|p1a: Tornadus\n|-damage|p2a: Iron Hands|85\/100|[from] Recoil\n|\n|upkeep\n|\n|t:|1700233330\n|switch|p1a: Rillaboom|Rillaboom, L50, F, shiny|100\/100\n|turn|2\n|inactive|alezinho has 30 seconds left.\n|\n|t:|1700233361\n|move|p2b: Weezing|Protect|p2b: Weezing\n|-singleturn|p2b: Weezing|Protect\n|move|p1a: Rillaboom|Fake Out|p2b: Weezing\n|-activate|p2b: Weezing|move: Protect\n|move|p1b: Amoonguss|Spore|p2a: Iron Hands\n|-status|p2a: Iron Hands|slp|[from] move: Spore\n|cant|p2a: Iron Hands|slp\n|\n|upkeep\n|turn|3\n|\n|t:|1700233377\n|move|p1a: Rillaboom|U-turn|p2a: Iron Hands\n|-resisted|p2a: Iron Hands\n|-damage|p2a: Iron Hands|76\/100 slp\n|-damage|p1a: Rillaboom|91\/100|[from] item: Life Orb\n|\n|t:|1700233380\n|switch|p1a: Urshifu|Urshifu-Rapid-Strike, L50, M|100\/100|[from] U-turn\n|move|p1b: Amoonguss|Spore|p2b: Weezing\n|-status|p2b: Weezing|slp|[from] move: Spore\n|cant|p2b: Weezing|slp\n|-curestatus|p2a: Iron Hands|slp|[msg]\n|move|p2a: Iron Hands|Drain Punch|p2b: Weezing\n|-resisted|p2b: Weezing\n|-damage|p2b: Weezing|83\/100 slp\n|-heal|p2a: Iron Hands|82\/100|[from] drain|[of] p2b: Weezing\n|\n|upkeep\n|turn|4\n|inactive|alezinho has 30 seconds left.\n|c|\u2606Isaiahwillwin|Oops\n|inactive|alezinho has 20 seconds left.\n|\n|t:|1700233417\n|-end|p2a: Iron Hands|Quark Drive|[silent]\n|switch|p2a: Ogerpon|Ogerpon-Wellspring, L50, F|100\/100\n|move|p1a: Urshifu|Swords Dance|p1a: Urshifu\n|-boost|p1a: Urshifu|atk|2\n|move|p1b: Amoonguss|Spore|p2a: Ogerpon\n|-immune|p2a: Ogerpon\n|cant|p2b: Weezing|slp\n|\n|-sideend|p1: alezinho|move: Tailwind\n|upkeep\n|turn|5\n|\n|t:|1700233437\n|move|p1a: Urshifu|Protect|p1a: Urshifu\n|-singleturn|p1a: Urshifu|Protect\n|cant|p2b: Weezing|slp\n|move|p2a: Ogerpon|Horn Leech|p1a: Urshifu\n|-activate|p1a: Urshifu|move: Protect\n|move|p1b: Amoonguss|Pollen Puff|p2a: Ogerpon\n|-supereffective|p2a: Ogerpon\n|-damage|p2a: Ogerpon|71\/100\n|\n|upkeep\n|turn|6\n|inactive|alezinho has 30 seconds left.\n|\n|t:|1700233469\n|-terastallize|p1a: Urshifu|Water\n|move|p1a: Urshifu|Surging Strikes|p2b: Weezing\n|-crit|p2b: Weezing\n|-damage|p2b: Weezing|32\/100 slp\n|-enditem|p2b: Weezing|Sitrus Berry|[eat]\n|-heal|p2b: Weezing|57\/100 slp|[from] item: Sitrus Berry\n|-crit|p2b: Weezing\n|-damage|p2b: Weezing|2\/100 slp\n|-crit|p2b: Weezing\n|-damage|p2b: Weezing|0 fnt\n|faint|p2b: Weezing\n|-end|p2b: Weezing|ability: Neutralizing Gas\n|-hitcount|p2: Weezing|3\n|move|p2a: Ogerpon|Swords Dance|p2a: Ogerpon\n|-boost|p2a: Ogerpon|atk|2\n|move|p1b: Amoonguss|Giga Drain|p2a: Ogerpon\n|-damage|p2a: Ogerpon|50\/100\n|\n|upkeep\n|\n|t:|1700233487\n|switch|p2b: Iron Hands|Iron Hands, L50|82\/100\n|turn|7\n|\n|t:|1700233500\n|move|p1a: Urshifu|Protect|p1a: Urshifu\n|-singleturn|p1a: Urshifu|Protect\n|move|p2b: Iron Hands|Fake Out|p1b: Amoonguss\n|-crit|p1b: Amoonguss\n|-damage|p1b: Amoonguss|73\/100\n|-damage|p2b: Iron Hands|65\/100|[from] item: Rocky Helmet|[of] p1b: Amoonguss\n|move|p2a: Ogerpon|Horn Leech|p1a: Urshifu\n|-activate|p1a: Urshifu|move: Protect\n|cant|p1b: Amoonguss|flinch\n|\n|upkeep\n|turn|8\n|\n|t:|1700233522\n|move|p1b: Amoonguss|Rage Powder|p1b: Amoonguss\n|-singleturn|p1b: Amoonguss|move: Rage Powder\n|move|p1a: Urshifu|Close Combat|p2a: Ogerpon\n|-damage|p2a: Ogerpon|0 fnt\n|-unboost|p1a: Urshifu|def|1\n|-unboost|p1a: Urshifu|spd|1\n|faint|p2a: Ogerpon\n|move|p2b: Iron Hands|Heavy Slam|p1b: Amoonguss\n|-damage|p1b: Amoonguss|24\/100\n|-damage|p2b: Iron Hands|49\/100|[from] item: Rocky Helmet|[of] p1b: Amoonguss\n|\n|upkeep\n|\n|t:|1700233527\n|switch|p2a: Heatran|Heatran, L50, F|100\/100\n|turn|9\n|\n|t:|1700233548\n|move|p1b: Amoonguss|Rage Powder|p1b: Amoonguss\n|-singleturn|p1b: Amoonguss|move: Rage Powder\n|move|p1a: Urshifu|Surging Strikes|p2b: Iron Hands\n|-crit|p2b: Iron Hands\n|-damage|p2b: Iron Hands|8\/100\n|-crit|p2b: Iron Hands\n|-damage|p2b: Iron Hands|0 fnt\n|faint|p2b: Iron Hands\n|-end|p2b: Iron Hands|Quark Drive|[silent]\n|-hitcount|p2: Iron Hands|2\n|move|p2a: Heatran|Flamethrower|p1b: Amoonguss\n|-supereffective|p1b: Amoonguss\n|-damage|p1b: Amoonguss|0 fnt\n|faint|p1b: Amoonguss\n|\n|upkeep\n|-message|Isaiahwillwin forfeited.\n|\n|win|alezinho\n|raw|alezinho's rating: 1339 &rarr; <strong>1363<\/strong><br \/>(+24 for winning)\n|raw|Isaiahwillwin's rating: 1409 &rarr; <strong>1385<\/strong><br \/>(-24 for losing)\n|l|\u2606Isaiahwillwin\n","uploadtime":1700233564,"views":27,"p1id":"alezinho","p2id":"isaiahwillwin","formatid":"gen9vgc2023regulatione","rating":1363,"private":0,"password":""}