{"id":"gen9vgc2023regulatione-1987975215","p1":"topfox444","p2":"Zaphy","format":"[Gen 9] VGC 2023 Regulation E","log":"|j|\u2606topfox444\n|j|\u2606Zaphy\n|t:|1699654958\n|gametype|doubles\n|player|p1|topfox444|2|1367\n|player|p2|Zaphy|1|1336\n|teamsize|p1|6\n|teamsize|p2|6\n|gen|9\n|tier|[Gen 9] VGC 2023 Regulation E\n|rated|\n|rule|Species Clause: Limit one of each Pok\u00e9mon\n|rule|Item Clause: Limit one of each item\n|clearpoke\n|poke|p1|Sinistcha, L50|\n|poke|p1|Iron Hands, L50|\n|poke|p1|Landorus-Therian, L50, M|\n|poke|p1|Heatran, L50, F|\n|poke|p1|Milotic, L50, M|\n|poke|p1|Clefairy, L50, M|\n|poke|p2|Kommo-o, L50, M|\n|poke|p2|Sinistcha-Masterpiece, L50|\n|poke|p2|Arcanine-Hisui, L50, M|\n|poke|p2|Roaring Moon, L50|\n|poke|p2|Iron Hands, L50|\n|poke|p2|Ogerpon-Wellspring, L50, F|\n|teampreview|4\n|\n|t:|1699655006\n|start\n|switch|p1a: Landorus|Landorus-Therian, L50, M|100\/100\n|switch|p1b: Iron Hands|Iron Hands, L50|100\/100\n|switch|p2a: Kommo-o|Kommo-o, L50, M|100\/100\n|switch|p2b: Roaring Moon|Roaring Moon, L50|100\/100\n|-ability|p1a: Landorus|Intimidate|boost\n|-unboost|p2a: Kommo-o|atk|1\n|-unboost|p2b: Roaring Moon|atk|1\n|-enditem|p2b: Roaring Moon|Booster Energy\n|-activate|p2b: Roaring Moon|ability: Protosynthesis|[fromitem]\n|-start|p2b: Roaring Moon|protosynthesisspe\n|turn|1\n|\n|t:|1699655031\n|-end|p2b: Roaring Moon|Protosynthesis|[silent]\n|switch|p2b: Ogerpon|Ogerpon-Wellspring, L50, F|100\/100\n|-terastallize|p1a: Landorus|Flying\n|move|p2a: Kommo-o|Protect|p2a: Kommo-o\n|-singleturn|p2a: Kommo-o|Protect\n|move|p1b: Iron Hands|Fake Out|p2b: Ogerpon\n|-damage|p2b: Ogerpon|80\/100\n|move|p1a: Landorus|Tera Blast|p2a: Kommo-o|[anim] Tera Blast Flying\n|-activate|p2a: Kommo-o|move: Protect\n|\n|upkeep\n|turn|2\n|\n|t:|1699655060\n|move|p2b: Ogerpon|Spiky Shield|p2b: Ogerpon\n|-singleturn|p2b: Ogerpon|move: Protect\n|move|p1a: Landorus|Tera Blast|p2a: Kommo-o|[anim] Tera Blast Flying\n|-supereffective|p2a: Kommo-o\n|-damage|p2a: Kommo-o|0 fnt\n|faint|p2a: Kommo-o\n|move|p1b: Iron Hands|Drain Punch|p2b: Ogerpon\n|-activate|p2b: Ogerpon|move: Protect\n|-damage|p1b: Iron Hands|88\/100|[from] Spiky Shield|[of] p2b: Ogerpon\n|\n|upkeep\n|\n|t:|1699655066\n|switch|p2a: Roaring Moon|Roaring Moon, L50|100\/100\n|turn|3\n|\n|t:|1699655076\n|-terastallize|p2a: Roaring Moon|Flying\n|move|p1a: Landorus|Tera Blast|p2b: Ogerpon|[anim] Tera Blast Flying\n|-supereffective|p2b: Ogerpon\n|-damage|p2b: Ogerpon|0 fnt\n|faint|p2b: Ogerpon\n|move|p2a: Roaring Moon|Dragon Dance|p2a: Roaring Moon\n|-boost|p2a: Roaring Moon|atk|1\n|-boost|p2a: Roaring Moon|spe|1\n|move|p1b: Iron Hands|Drain Punch|p2a: Roaring Moon\n|-resisted|p2a: Roaring Moon\n|-damage|p2a: Roaring Moon|74\/100\n|-heal|p1b: Iron Hands|99\/100|[from] drain|[of] p2a: Roaring Moon\n|\n|upkeep\n|\n|t:|1699655080\n|switch|p2b: Sinistcha|Sinistcha-Masterpiece, L50|100\/100\n|-heal|p2a: Roaring Moon|99\/100|[from] ability: Hospitality|[of] p2b: Sinistcha\n|turn|4\n|\n|t:|1699655098\n|move|p2b: Sinistcha|Protect|p2b: Sinistcha\n|-singleturn|p2b: Sinistcha|Protect\n|move|p2a: Roaring Moon|Acrobatics|p1a: Landorus\n|-damage|p1a: Landorus|2\/100\n|move|p1a: Landorus|Tera Blast|p2b: Sinistcha|[anim] Tera Blast Flying\n|-activate|p2b: Sinistcha|move: Protect\n|move|p1b: Iron Hands|Wild Charge|p2a: Roaring Moon\n|-supereffective|p2a: Roaring Moon\n|-damage|p2a: Roaring Moon|0 fnt\n|faint|p2a: Roaring Moon\n|-end|p2a: Roaring Moon|Protosynthesis|[silent]\n|-damage|p1b: Iron Hands|79\/100|[from] Recoil\n|\n|upkeep\n|turn|5\n|-message|Zaphy forfeited.\n|\n|win|topfox444\n|raw|topfox444's rating: 1367 &rarr; <strong>1385<\/strong><br \/>(+18 for winning)\n|raw|Zaphy's rating: 1336 &rarr; <strong>1318<\/strong><br \/>(-18 for losing)\n|l|\u2606Zaphy\n","uploadtime":1699655118,"views":15,"p1id":"topfox444","p2id":"zaphy","formatid":"gen9vgc2023regulatione","rating":1318,"private":0,"password":""}