{"id":"gen9vgc2023regulatione-1988636442","p1":"spiderboi6969","p2":"Alienatedfob1","format":"[Gen 9] VGC 2023 Regulation E","log":"|j|\u2606spiderboi6969\n|j|\u2606Alienatedfob1\n|t:|1699744647\n|gametype|doubles\n|player|p1|spiderboi6969|169|1125\n|player|p2|Alienatedfob1|riley|1186\n|teamsize|p1|6\n|teamsize|p2|6\n|gen|9\n|tier|[Gen 9] VGC 2023 Regulation E\n|rated|\n|rule|Species Clause: Limit one of each Pok\u00e9mon\n|rule|Item Clause: Limit one of each item\n|clearpoke\n|poke|p1|Heatran, L50, F|\n|poke|p1|Spectrier, L50|\n|poke|p1|Okidogi, L50, M|\n|poke|p1|Amoonguss, L50, M|\n|poke|p1|Gastrodon, L50, F|\n|poke|p1|Grimmsnarl, L50, M|\n|poke|p2|Flutter Mane, L50|\n|poke|p2|Ogerpon-Hearthflame, L50, F|\n|poke|p2|Iron Hands, L50|\n|poke|p2|Tornadus, L50, M|\n|poke|p2|Urshifu-*, L50, M|\n|poke|p2|Rillaboom, L50, F|\n|teampreview|4\n|inactive|Battle timer is ON: inactive players will automatically lose when time's up. (requested by spiderboi6969)\n|\n|t:|1699744681\n|start\n|switch|p1a: Grimmsnarl|Grimmsnarl, L50, M|100\/100\n|switch|p1b: Spectrier|Spectrier, L50|100\/100\n|switch|p2a: Rillaboom|Rillaboom, L50, F|100\/100\n|switch|p2b: Tornadus|Tornadus, L50, M|100\/100\n|-fieldstart|move: Grassy Terrain|[from] ability: Grassy Surge|[of] p2a: Rillaboom\n|turn|1\n|inactive|Alienatedfob1 has 30 seconds left.\n|\n|t:|1699744711\n|move|p2a: Rillaboom|Fake Out|p1a: Grimmsnarl\n|-damage|p1a: Grimmsnarl|88\/100\n|move|p2b: Tornadus|Tailwind|p2b: Tornadus\n|-sidestart|p2: Alienatedfob1|move: Tailwind\n|cant|p1a: Grimmsnarl|flinch\n|move|p1b: Spectrier|Nasty Plot|p1b: Spectrier\n|-boost|p1b: Spectrier|spa|2\n|\n|-heal|p1a: Grimmsnarl|94\/100|[from] Grassy Terrain\n|upkeep\n|turn|2\n|\n|t:|1699744730\n|switch|p2b: Flutter Mane|Flutter Mane, L50|100\/100\n|-terastallize|p1b: Spectrier|Ghost\n|move|p1a: Grimmsnarl|Misty Terrain|p1a: Grimmsnarl\n|-fieldstart|move: Misty Terrain\n|move|p2a: Rillaboom|Wood Hammer|p1a: Grimmsnarl\n|-damage|p1a: Grimmsnarl|24\/100\n|-damage|p2a: Rillaboom|77\/100|[from] Recoil\n|move|p1b: Spectrier|Shadow Ball|p2a: Rillaboom\n|-damage|p2a: Rillaboom|0 fnt\n|faint|p2a: Rillaboom\n|-ability|p1b: Spectrier|Grim Neigh|boost\n|-boost|p1b: Spectrier|spa|1\n|\n|upkeep\n|\n|t:|1699744746\n|switch|p2a: Ogerpon|Ogerpon-Hearthflame, L50, F|100\/100\n|-ability|p2a: Ogerpon|Mold Breaker\n|turn|3\n|\n|t:|1699744758\n|move|p2a: Ogerpon|Follow Me|p2a: Ogerpon\n|-singleturn|p2a: Ogerpon|move: Follow Me\n|move|p1a: Grimmsnarl|Reflect|p1a: Grimmsnarl\n|-sidestart|p1: spiderboi6969|Reflect\n|move|p2b: Flutter Mane|Shadow Ball|p1b: Spectrier\n|-supereffective|p1b: Spectrier\n|-enditem|p1b: Spectrier|Focus Sash\n|-damage|p1b: Spectrier|1\/100\n|-unboost|p1b: Spectrier|spd|1\n|move|p1b: Spectrier|Shadow Ball|p2a: Ogerpon\n|-damage|p2a: Ogerpon|0 fnt\n|faint|p2a: Ogerpon\n|-ability|p1b: Spectrier|Grim Neigh|boost\n|-boost|p1b: Spectrier|spa|1\n|\n|upkeep\n|\n|t:|1699744771\n|switch|p2a: Tornadus|Tornadus, L50, M|100\/100\n|turn|4\n|\n|t:|1699744791\n|move|p1a: Grimmsnarl|Parting Shot|p2b: Flutter Mane\n|-unboost|p2b: Flutter Mane|atk|1\n|-unboost|p2b: Flutter Mane|spa|1\n|\n|t:|1699744794\n|switch|p1a: Gastrodon|Gastrodon, L50, F|100\/100|[from] Parting Shot\n|move|p2b: Flutter Mane|Shadow Ball|p1a: Gastrodon\n|-damage|p1a: Gastrodon|57\/100\n|-unboost|p1a: Gastrodon|spd|1\n|move|p2a: Tornadus|Bleakwind Storm|p1a: Gastrodon|[spread] p1a,p1b\n|-damage|p1a: Gastrodon|6\/100\n|-damage|p1b: Spectrier|0 fnt\n|-unboost|p1a: Gastrodon|spe|1\n|faint|p1b: Spectrier\n|\n|-sideend|p2: Alienatedfob1|move: Tailwind\n|upkeep\n|\n|t:|1699744805\n|switch|p1b: Heatran|Heatran, L50, F|100\/100\n|turn|5\n|\n|t:|1699744815\n|move|p2a: Tornadus|Rain Dance|p2a: Tornadus\n|-weather|RainDance\n|move|p2b: Flutter Mane|Shadow Ball|p1b: Heatran\n|-damage|p1b: Heatran|57\/100\n|move|p1b: Heatran|Flash Cannon|p2b: Flutter Mane\n|-supereffective|p2b: Flutter Mane\n|-damage|p2b: Flutter Mane|0 fnt\n|faint|p2b: Flutter Mane\n|-end|p2b: Flutter Mane|Protosynthesis|[silent]\n|-damage|p1b: Heatran|48\/100|[from] item: Life Orb\n|move|p1a: Gastrodon|Recover|p1a: Gastrodon\n|-heal|p1a: Gastrodon|56\/100\n|\n|-weather|RainDance|[upkeep]\n|upkeep\n|turn|6\n|\n|t:|1699744828\n|move|p2a: Tornadus|Bleakwind Storm|p1b: Heatran|[spread] p1a,p1b\n|-resisted|p1b: Heatran\n|-crit|p1b: Heatran\n|-damage|p1a: Gastrodon|8\/100\n|-damage|p1b: Heatran|23\/100\n|move|p1b: Heatran|Flash Cannon|p2a: Tornadus\n|-damage|p2a: Tornadus|56\/100\n|-damage|p1b: Heatran|14\/100|[from] item: Life Orb\n|move|p1a: Gastrodon|Muddy Water|p2a: Tornadus\n|-damage|p2a: Tornadus|19\/100\n|\n|-weather|RainDance|[upkeep]\n|-fieldend|Misty Terrain\n|upkeep\n|turn|7\n|\n|t:|1699744843\n|switch|p1a: Grimmsnarl|Grimmsnarl, L50, M|24\/100\n|move|p1b: Heatran|Protect|p1b: Heatran\n|-singleturn|p1b: Heatran|Protect\n|move|p2a: Tornadus|Bleakwind Storm|p1b: Heatran|[spread] p1a\n|-activate|p1b: Heatran|move: Protect\n|-damage|p1a: Grimmsnarl|0 fnt\n|faint|p1a: Grimmsnarl\n|\n|-weather|RainDance|[upkeep]\n|upkeep\n|\n|t:|1699744850\n|switch|p1a: Gastrodon|Gastrodon, L50, F|8\/100\n|turn|8\n|\n|t:|1699744856\n|move|p2a: Tornadus|Bleakwind Storm|p1a: Gastrodon|[spread] p1a,p1b\n|-resisted|p1b: Heatran\n|-damage|p1a: Gastrodon|0 fnt\n|-damage|p1b: Heatran|0 fnt\n|faint|p1a: Gastrodon\n|faint|p1b: Heatran\n|\n|win|Alienatedfob1\n|raw|spiderboi6969's rating: 1125 &rarr; <strong>1104<\/strong><br \/>(-21 for losing)\n|raw|Alienatedfob1's rating: 1186 &rarr; <strong>1207<\/strong><br \/>(+21 for winning)\n|l|\u2606spiderboi6969\n","uploadtime":1699744875,"views":12,"p1id":"spiderboi6969","p2id":"alienatedfob1","formatid":"gen9vgc2023regulatione","rating":1104,"private":0,"password":""}