{"id":"gen9vgc2023regulatione-1989995960","p1":"Fake business 08","p2":"DoggoGGO","format":"[Gen 9] VGC 2023 Regulation E","log":"|j|\u2606Fake business 08\n|j|\u2606DoggoGGO\n|t:|1699913675\n|gametype|doubles\n|player|p1|Fake business 08|102|1070\n|player|p2|DoggoGGO|pokemonrangerf|1040\n|teamsize|p1|6\n|teamsize|p2|6\n|gen|9\n|tier|[Gen 9] VGC 2023 Regulation E\n|rated|\n|rule|Species Clause: Limit one of each Pok\u00e9mon\n|rule|Item Clause: Limit one of each item\n|clearpoke\n|poke|p1|Ninetales-Alola, L50, M|\n|poke|p1|Iron Bundle, L50|\n|poke|p1|Kingambit, L50, F|\n|poke|p1|Landorus-Therian, L50, M|\n|poke|p1|Rillaboom, L50, M|\n|poke|p1|Chi-Yu, L50|\n|poke|p2|Jolteon, L50, M|\n|poke|p2|Dudunsparce-*, L50, M|\n|poke|p2|Sinistcha, L50|\n|poke|p2|Tinkaton, L50, F|\n|poke|p2|Arcanine-Hisui, L50, F|\n|poke|p2|Flutter Mane, L50|\n|teampreview|4\n|\n|t:|1699913699\n|start\n|switch|p1a: Ninetales|Ninetales-Alola, L50, M|100\/100\n|switch|p1b: Iron Bundle|Iron Bundle, L50|100\/100\n|switch|p2a: Nightmare|Dudunsparce, L50, M, shiny|100\/100\n|switch|p2b: The Boy :)|Jolteon, L50, M|100\/100\n|-weather|Snow|[from] ability: Snow Warning|[of] p1a: Ninetales\n|-enditem|p1b: Iron Bundle|Booster Energy\n|-activate|p1b: Iron Bundle|ability: Quark Drive|[fromitem]\n|-start|p1b: Iron Bundle|quarkdrivespe\n|turn|1\n|\n|t:|1699913729\n|-terastallize|p2a: Nightmare|Psychic\n|move|p1b: Iron Bundle|Protect|p1b: Iron Bundle\n|-singleturn|p1b: Iron Bundle|Protect\n|move|p2b: The Boy :)|Pin Missile|p2a: Nightmare\n|-supereffective|p2a: Nightmare\n|-damage|p2a: Nightmare|92\/100\n|-ability|p2a: Nightmare|Rattled|boost\n|-boost|p2a: Nightmare|spe|1\n|-enditem|p2a: Nightmare|Weakness Policy\n|-boost|p2a: Nightmare|atk|2|[from] item: Weakness Policy\n|-boost|p2a: Nightmare|spa|2|[from] item: Weakness Policy\n|-supereffective|p2a: Nightmare\n|-damage|p2a: Nightmare|84\/100\n|-ability|p2a: Nightmare|Rattled|boost\n|-boost|p2a: Nightmare|spe|1\n|-supereffective|p2a: Nightmare\n|-damage|p2a: Nightmare|76\/100\n|-ability|p2a: Nightmare|Rattled|boost\n|-boost|p2a: Nightmare|spe|1\n|-supereffective|p2a: Nightmare\n|-damage|p2a: Nightmare|67\/100\n|-ability|p2a: Nightmare|Rattled|boost\n|-boost|p2a: Nightmare|spe|1\n|-supereffective|p2a: Nightmare\n|-damage|p2a: Nightmare|59\/100\n|-ability|p2a: Nightmare|Rattled|boost\n|-boost|p2a: Nightmare|spe|1\n|-hitcount|p2a: Nightmare|5\n|move|p2a: Nightmare|Stored Power|p1b: Iron Bundle\n|-activate|p1b: Iron Bundle|move: Protect\n|move|p1a: Ninetales|Aurora Veil|p1a: Ninetales\n|-sidestart|p1: Fake business 08|move: Aurora Veil\n|\n|-weather|Snow|[upkeep]\n|upkeep\n|turn|2\n|\n|t:|1699913783\n|switch|p2b: The Tea Sis|Sinistcha, L50|100\/100\n|-heal|p2a: Nightmare|84\/100|[from] ability: Hospitality|[of] p2b: The Tea Sis\n|move|p2a: Nightmare|Stored Power|p1b: Iron Bundle\n|-damage|p1b: Iron Bundle|0 fnt\n|faint|p1b: Iron Bundle\n|-end|p1b: Iron Bundle|Quark Drive|[silent]\n|move|p1a: Ninetales|Blizzard|p2a: Nightmare|[spread] p2a,p2b\n|-supereffective|p2b: The Tea Sis\n|-damage|p2a: Nightmare|59\/100\n|-damage|p2b: The Tea Sis|40\/100\n|\n|-weather|Snow|[upkeep]\n|-heal|p2b: The Tea Sis|46\/100|[from] item: Leftovers\n|upkeep\n|\n|t:|1699913797\n|switch|p1b: Rillaboom|Rillaboom, L50, M|100\/100\n|-fieldstart|move: Grassy Terrain|[from] ability: Grassy Surge|[of] p1b: Rillaboom\n|turn|3\n|\n|t:|1699913832\n|move|p1b: Rillaboom|Fake Out|p2a: Nightmare\n|-damage|p2a: Nightmare|45\/100\n|move|p2b: The Tea Sis|Rage Powder|p2b: The Tea Sis\n|-singleturn|p2b: The Tea Sis|move: Rage Powder\n|cant|p2a: Nightmare|flinch\n|move|p1a: Ninetales|Blizzard|p2a: Nightmare|[spread] p2a,p2b\n|-supereffective|p2b: The Tea Sis\n|-damage|p2a: Nightmare|18\/100\n|-damage|p2b: The Tea Sis|0 fnt\n|faint|p2b: The Tea Sis\n|\n|-weather|Snow|[upkeep]\n|-heal|p2a: Nightmare|24\/100|[from] Grassy Terrain\n|upkeep\n|\n|t:|1699913849\n|switch|p2b: 4x Weakness Guy|Arcanine-Hisui, L50, F|100\/100\n|-ability|p2b: 4x Weakness Guy|Intimidate|boost\n|-unboost|p1a: Ninetales|atk|1\n|-unboost|p1b: Rillaboom|atk|1\n|turn|4\n|\n|t:|1699913871\n|-terastallize|p1a: Ninetales|Water\n|move|p2a: Nightmare|Protect|p2a: Nightmare\n|-singleturn|p2a: Nightmare|Protect\n|move|p1b: Rillaboom|Grassy Glide|p2a: Nightmare\n|-activate|p2a: Nightmare|move: Protect\n|move|p2b: 4x Weakness Guy|Flare Blitz|p1a: Ninetales\n|-resisted|p1a: Ninetales\n|-damage|p1a: Ninetales|75\/100\n|-damage|p2b: 4x Weakness Guy|92\/100|[from] Recoil\n|move|p1a: Ninetales|Blizzard|p2a: Nightmare|[spread] p2b\n|-activate|p2a: Nightmare|move: Protect\n|-resisted|p2b: 4x Weakness Guy\n|-damage|p2b: 4x Weakness Guy|76\/100\n|\n|-weather|Snow|[upkeep]\n|-heal|p2a: Nightmare|30\/100|[from] Grassy Terrain\n|-heal|p2b: 4x Weakness Guy|82\/100|[from] Grassy Terrain\n|-heal|p1a: Ninetales|81\/100|[from] Grassy Terrain\n|upkeep\n|turn|5\n|\n|t:|1699913895\n|move|p1b: Rillaboom|Grassy Glide|p2a: Nightmare\n|-damage|p2a: Nightmare|6\/100\n|move|p2a: Nightmare|Stored Power|p1a: Ninetales\n|-damage|p1a: Ninetales|0 fnt\n|faint|p1a: Ninetales\n|move|p2b: 4x Weakness Guy|Flare Blitz|p1b: Rillaboom\n|-supereffective|p1b: Rillaboom\n|-damage|p1b: Rillaboom|0 fnt\n|faint|p1b: Rillaboom\n|-damage|p2b: 4x Weakness Guy|45\/100|[from] Recoil\n|\n|-weather|none\n|-heal|p2a: Nightmare|12\/100|[from] Grassy Terrain\n|-heal|p2b: 4x Weakness Guy|51\/100|[from] Grassy Terrain\n|upkeep\n|\n|t:|1699913914\n|switch|p1a: Landorus|Landorus-Therian, L50, M|100\/100\n|-ability|p1a: Landorus|Intimidate|boost\n|-unboost|p2a: Nightmare|atk|1\n|-ability|p2a: Nightmare|Rattled|boost\n|-boost|p2a: Nightmare|spe|1\n|-unboost|p2b: 4x Weakness Guy|atk|1\n|turn|6\n|\n|t:|1699913924\n|move|p2a: Nightmare|Stored Power|p1a: Landorus\n|-damage|p1a: Landorus|0 fnt\n|faint|p1a: Landorus\n|\n|win|DoggoGGO\n|raw|Fake business 08's rating: 1070 &rarr; <strong>1048<\/strong><br \/>(-22 for losing)\n|raw|DoggoGGO's rating: 1040 &rarr; <strong>1077<\/strong><br \/>(+37 for winning)\n","uploadtime":1699913931,"views":11,"p1id":"fakebusiness08","p2id":"doggoggo","formatid":"gen9vgc2023regulatione","rating":1048,"private":0,"password":""}