{"id":"gen9vgc2023regulatione-1988608503","p1":"Steakman5","p2":"farangjake","format":"[Gen 9] VGC 2023 Regulation E","log":"|j|\u2606Steakman5\n|j|\u2606farangjake\n|t:|1699741479\n|gametype|doubles\n|player|p1|Steakman5|acetrainer|1165\n|player|p2|farangjake|266|1183\n|teamsize|p1|6\n|teamsize|p2|6\n|gen|9\n|tier|[Gen 9] VGC 2023 Regulation E\n|rated|\n|rule|Species Clause: Limit one of each Pok\u00e9mon\n|rule|Item Clause: Limit one of each item\n|clearpoke\n|poke|p1|Tornadus, L50, M|\n|poke|p1|Moltres, L50|\n|poke|p1|Ogerpon-Wellspring, L50, F|\n|poke|p1|Sinistcha, L50|\n|poke|p1|Flutter Mane, L50|\n|poke|p1|Basculegion, L50, M|\n|poke|p2|Grimmsnarl, L50, M|\n|poke|p2|Arcanine-Hisui, L50, M|\n|poke|p2|Gholdengo, L50|\n|poke|p2|Rillaboom, L50, F|\n|poke|p2|Iron Hands, L50|\n|poke|p2|Ogerpon-Wellspring, L50, F|\n|teampreview|4\n|\n|t:|1699741520\n|start\n|switch|p1a: Tornadus|Tornadus, L50, M|100\/100\n|switch|p1b: Moltres|Moltres, L50|100\/100\n|switch|p2a: Rillaboom|Rillaboom, L50, F, shiny|100\/100\n|switch|p2b: Iron Hands|Iron Hands, L50|100\/100\n|-ability|p1b: Moltres|Pressure\n|-fieldstart|move: Grassy Terrain|[from] ability: Grassy Surge|[of] p2a: Rillaboom\n|turn|1\n|\n|t:|1699741541\n|switch|p2a: Arcanine|Arcanine-Hisui, L50, M|100\/100\n|-ability|p2a: Arcanine|Intimidate|boost\n|-unboost|p1a: Tornadus|atk|1\n|-unboost|p1b: Moltres|atk|1\n|move|p1a: Tornadus|Protect|p1a: Tornadus\n|-singleturn|p1a: Tornadus|Protect\n|move|p1b: Moltres|Protect|p1b: Moltres\n|-singleturn|p1b: Moltres|Protect\n|move|p2b: Iron Hands|Wild Charge|p1a: Tornadus\n|-activate|p1a: Tornadus|move: Protect\n|\n|upkeep\n|turn|2\n|\n|t:|1699741560\n|-terastallize|p1b: Moltres|Water\n|move|p1a: Tornadus|Rain Dance|p1a: Tornadus\n|-weather|RainDance\n|move|p1b: Moltres|Tera Blast|p2a: Arcanine|[anim] Tera Blast Water\n|-supereffective|p2a: Arcanine\n|-damage|p2a: Arcanine|0 fnt\n|faint|p2a: Arcanine\n|move|p2b: Iron Hands|Wild Charge|p1a: Tornadus\n|-supereffective|p1a: Tornadus\n|-enditem|p1a: Tornadus|Focus Sash\n|-damage|p1a: Tornadus|1\/100\n|-damage|p2b: Iron Hands|80\/100|[from] Recoil\n|\n|-weather|RainDance|[upkeep]\n|-heal|p2b: Iron Hands|87\/100|[from] Grassy Terrain\n|upkeep\n|\n|t:|1699741572\n|switch|p2a: Rillaboom|Rillaboom, L50, F, shiny|100\/100\n|turn|3\n|\n|t:|1699741581\n|move|p2a: Rillaboom|Fake Out|p1a: Tornadus\n|-damage|p1a: Tornadus|0 fnt\n|faint|p1a: Tornadus\n|move|p1b: Moltres|Hurricane|p2a: Rillaboom\n|-supereffective|p2a: Rillaboom\n|-damage|p2a: Rillaboom|0 fnt\n|faint|p2a: Rillaboom\n|move|p2b: Iron Hands|Wild Charge|p1b: Moltres\n|-supereffective|p1b: Moltres\n|-damage|p1b: Moltres|0 fnt\n|faint|p1b: Moltres\n|-damage|p2b: Iron Hands|69\/100|[from] Recoil\n|\n|-weather|RainDance|[upkeep]\n|-heal|p2b: Iron Hands|75\/100|[from] Grassy Terrain\n|upkeep\n|\n|t:|1699741596\n|switch|p1b: Basculegion|Basculegion, L50, M|100\/100\n|switch|p1a: Ogerpon|Ogerpon-Wellspring, L50, F|100\/100\n|switch|p2a: Ogerpon|Ogerpon-Wellspring, L50, F|100\/100\n|turn|4\n|\n|t:|1699741615\n|-terastallize|p2b: Iron Hands|Grass\n|move|p1b: Basculegion|Last Respects|p2a: Ogerpon\n|-damage|p2a: Ogerpon|6\/100\n|-damage|p1b: Basculegion|91\/100|[from] item: Life Orb\n|move|p1a: Ogerpon|Ivy Cudgel|p2b: Iron Hands\n|-resisted|p2b: Iron Hands\n|-damage|p2b: Iron Hands|44\/100\n|move|p2a: Ogerpon|Horn Leech|p1b: Basculegion\n|-supereffective|p1b: Basculegion\n|-damage|p1b: Basculegion|0 fnt\n|-heal|p2a: Ogerpon|62\/100|[from] drain|[of] p1b: Basculegion\n|faint|p1b: Basculegion\n|move|p2b: Iron Hands|Drain Punch|p1a: Ogerpon\n|-damage|p1a: Ogerpon|40\/100\n|-heal|p2b: Iron Hands|64\/100|[from] drain|[of] p1a: Ogerpon\n|\n|-weather|RainDance|[upkeep]\n|-heal|p1a: Ogerpon|46\/100|[from] Grassy Terrain\n|-heal|p2a: Ogerpon|68\/100|[from] Grassy Terrain\n|-heal|p2b: Iron Hands|70\/100|[from] Grassy Terrain\n|upkeep\n|turn|5\n|\n|t:|1699741639\n|move|p1a: Ogerpon|Ivy Cudgel|p2a: Ogerpon\n|-heal|p2a: Ogerpon|93\/100|[from] ability: Water Absorb|[of] p1a: Ogerpon\n|move|p2a: Ogerpon|Horn Leech|p1a: Ogerpon\n|-damage|p1a: Ogerpon|0 fnt\n|-heal|p2a: Ogerpon|100\/100|[from] drain|[of] p1a: Ogerpon\n|faint|p1a: Ogerpon\n|\n|win|farangjake\n|raw|Steakman5's rating: 1165 &rarr; <strong>1141<\/strong><br \/>(-24 for losing)\n|raw|farangjake's rating: 1183 &rarr; <strong>1207<\/strong><br \/>(+24 for winning)\n","uploadtime":1699741645,"views":10,"p1id":"steakman5","p2id":"farangjake","formatid":"gen9vgc2023regulatione","rating":1141,"private":0,"password":""}