{"id":"gen9vgc2023regulatione-1990219925","p1":"jeikono","p2":"Leader","format":"[Gen 9] VGC 2023 Regulation E","log":"|j|\u2606jeikono\n|j|\u2606Leader\n|t:|1699939345\n|gametype|doubles\n|player|p1|jeikono|whitney|1053\n|player|p2|Leader|lucian|1041\n|teamsize|p1|6\n|teamsize|p2|6\n|gen|9\n|tier|[Gen 9] VGC 2023 Regulation E\n|rated|\n|rule|Species Clause: Limit one of each Pok\u00e9mon\n|rule|Item Clause: Limit one of each item\n|clearpoke\n|poke|p1|Indeedee-F, L50, F|\n|poke|p1|Torkoal, L50, F|\n|poke|p1|Armarouge, L50, M|\n|poke|p1|Sinistcha-Masterpiece, L50|\n|poke|p1|Gothitelle, L50, M|\n|poke|p1|Sableye, L50, F|\n|poke|p2|Oricorio-Pom-Pom, L50, M|\n|poke|p2|Kommo-o, L50, F|\n|poke|p2|Vivillon, L50, M|\n|poke|p2|Flamigo, L50, F|\n|poke|p2|Zoroark, L50, F|\n|poke|p2|Gliscor, L50, F|\n|teampreview|4\n|inactive|Battle timer is ON: inactive players will automatically lose when time's up. (requested by jeikono)\n|\n|t:|1699939359\n|start\n|switch|p1a: Sableye|Sableye, L50, F|100\/100\n|switch|p1b: Gothitelle|Gothitelle, L50, M|100\/100\n|switch|p2a: Oricorio|Oricorio-Pom-Pom, L50, M|100\/100\n|switch|p2b: Kommo-o|Kommo-o, L50, F|100\/100\n|turn|1\n|\n|t:|1699939374\n|move|p1a: Sableye|Fake Out|p2a: Oricorio\n|-damage|p2a: Oricorio|87\/100\n|move|p2b: Kommo-o|Clangorous Soul|p2b: Kommo-o\n|-boost|p2b: Kommo-o|atk|1\n|-boost|p2b: Kommo-o|def|1\n|-boost|p2b: Kommo-o|spa|1\n|-boost|p2b: Kommo-o|spd|1\n|-boost|p2b: Kommo-o|spe|1\n|-damage|p2b: Kommo-o|68\/100\n|-activate|p2a: Oricorio|ability: Dancer\n|cant|p2a: Oricorio|flinch\n|cant|p2a: Oricorio|flinch\n|move|p1b: Gothitelle|Trick|p2b: Kommo-o\n|-activate|p1b: Gothitelle|move: Trick|[of] p2b: Kommo-o\n|-item|p2b: Kommo-o|Choice Scarf|[from] move: Trick\n|-item|p1b: Gothitelle|Lum Berry|[from] move: Trick\n|\n|upkeep\n|turn|2\n|\n|t:|1699939396\n|move|p1a: Sableye|Encore|p2b: Kommo-o\n|-start|p2b: Kommo-o|Encore\n|move|p2b: Kommo-o|Clangorous Soul|p2b: Kommo-o\n|-boost|p2b: Kommo-o|atk|1\n|-boost|p2b: Kommo-o|def|1\n|-boost|p2b: Kommo-o|spa|1\n|-boost|p2b: Kommo-o|spd|1\n|-boost|p2b: Kommo-o|spe|1\n|-damage|p2b: Kommo-o|35\/100\n|-activate|p2a: Oricorio|ability: Dancer\n|move|p2a: Oricorio|Clangorous Soul|p2a: Oricorio|[from]ability: Dancer\n|-boost|p2a: Oricorio|atk|1\n|-boost|p2a: Oricorio|def|1\n|-boost|p2a: Oricorio|spa|1\n|-boost|p2a: Oricorio|spd|1\n|-boost|p2a: Oricorio|spe|1\n|-damage|p2a: Oricorio|54\/100\n|-enditem|p2a: Oricorio|Throat Spray\n|-boost|p2a: Oricorio|spa|1|[from] item: Throat Spray\n|move|p2a: Oricorio|Baton Pass|p2a: Oricorio\n|inactive|Leader has 30 seconds left.\n|\n|t:|1699939428\n|switch|p2a: Flamigo|Flamigo, L50, F|100\/100|[from] Baton Pass\n|-copyboost|p2a: Flamigo|p2b: Kommo-o|[from] ability: Costar\n|move|p1b: Gothitelle|Trick Room|p1b: Gothitelle\n|-fieldstart|move: Trick Room|[of] p1b: Gothitelle\n|\n|upkeep\n|turn|3\n|inactive|Leader has 30 seconds left.\n|\n|t:|1699939457\n|-terastallize|p2a: Flamigo|Fairy\n|move|p1a: Sableye|Gravity|p1a: Sableye\n|-fieldstart|move: Gravity\n|move|p1b: Gothitelle|Hypnosis|p2a: Flamigo\n|-status|p2a: Flamigo|slp|[from] move: Hypnosis\n|cant|p2a: Flamigo|slp\n|move|p2b: Kommo-o|Clangorous Soul|p2b: Kommo-o\n|-boost|p2b: Kommo-o|atk|1\n|-boost|p2b: Kommo-o|def|1\n|-boost|p2b: Kommo-o|spa|1\n|-boost|p2b: Kommo-o|spd|1\n|-boost|p2b: Kommo-o|spe|1\n|-damage|p2b: Kommo-o|2\/100\n|\n|upkeep\n|turn|4\n|inactive|jeikono has 30 seconds left.\n|\n|t:|1699939487\n|switch|p1a: Armarouge|Armarouge, L50, M|100\/100\n|move|p1b: Gothitelle|Focus Blast|p2a: Flamigo\n|-resisted|p2a: Flamigo\n|-damage|p2a: Flamigo|86\/100 slp\n|cant|p2a: Flamigo|slp\n|move|p2b: Kommo-o|Clangorous Soul||[still]\n|-fail|p2b: Kommo-o\n|\n|-end|p2b: Kommo-o|Encore\n|upkeep\n|turn|5\n|inactive|jeikono has 30 seconds left.\n|\n|t:|1699939513\n|move|p1a: Armarouge|Expanding Force|p2a: Flamigo\n|-damage|p2a: Flamigo|36\/100 slp\n|-damage|p1a: Armarouge|91\/100|[from] item: Life Orb\n|move|p1b: Gothitelle|Focus Blast|p2a: Flamigo\n|-resisted|p2a: Flamigo\n|-damage|p2a: Flamigo|21\/100 slp\n|-curestatus|p2a: Flamigo|slp|[msg]\n|move|p2a: Flamigo|Brave Bird|p1a: Armarouge\n|-damage|p1a: Armarouge|0 fnt\n|faint|p1a: Armarouge\n|-damage|p2a: Flamigo|0 fnt|[from] Recoil\n|faint|p2a: Flamigo\n|move|p2b: Kommo-o|Clangorous Soul||[still]\n|-fail|p2b: Kommo-o\n|\n|upkeep\n|\n|t:|1699939528\n|switch|p1a: Sableye|Sableye, L50, F|100\/100\n|switch|p2a: Oricorio|Oricorio-Pom-Pom, L50, M|54\/100\n|turn|6\n|\n|t:|1699939550\n|move|p1a: Sableye|Fake Out|p2a: Oricorio\n|-damage|p2a: Oricorio|42\/100\n|move|p1b: Gothitelle|Focus Blast|p2a: Oricorio\n|-resisted|p2a: Oricorio\n|-damage|p2a: Oricorio|22\/100\n|cant|p2a: Oricorio|flinch\n|move|p2b: Kommo-o|Clangorous Soul||[still]\n|-fail|p2b: Kommo-o\n|\n|-fieldend|move: Trick Room\n|upkeep\n|turn|7\n|\n|t:|1699939568\n|switch|p1a: Torkoal|Torkoal, L50, F|100\/100\n|-weather|SunnyDay|[from] ability: Drought|[of] p1a: Torkoal\n|move|p2b: Kommo-o|Clangorous Soul||[still]\n|-fail|p2b: Kommo-o\n|move|p2a: Oricorio|Revelation Dance|p1b: Gothitelle\n|-damage|p1b: Gothitelle|64\/100\n|move|p1b: Gothitelle|Hypnosis|p2a: Oricorio\n|-status|p2a: Oricorio|slp|[from] move: Hypnosis\n|\n|-weather|SunnyDay|[upkeep]\n|-fieldend|move: Gravity\n|upkeep\n|turn|8\n|-message|Leader forfeited.\n|\n|win|jeikono\n|raw|jeikono's rating: 1053 &rarr; <strong>1084<\/strong><br \/>(+31 for winning)\n|raw|Leader's rating: 1041 &rarr; <strong>1025<\/strong><br \/>(-16 for losing)\n|l|\u2606Leader\n","uploadtime":1699939580,"views":38,"p1id":"jeikono","p2id":"leader","formatid":"gen9vgc2023regulatione","rating":1025,"private":0,"password":""}