{"id":"gen9vgc2023regulatione-1998727136","p1":"esquizofernia","p2":"py123456","format":"[Gen 9] VGC 2023 Regulation E","log":"|j|\u2606esquizofernia\n|j|\u2606py123456\n|t:|1700978734\n|gametype|doubles\n|player|p1|esquizofernia|2|1086\n|player|p2|py123456|steven|1176\n|teamsize|p1|6\n|teamsize|p2|6\n|gen|9\n|tier|[Gen 9] VGC 2023 Regulation E\n|rated|\n|rule|Species Clause: Limit one of each Pok\u00e9mon\n|rule|Item Clause: Limit one of each item\n|clearpoke\n|poke|p1|Rillaboom, L50, F|\n|poke|p1|Chi-Yu, L50|\n|poke|p1|Tornadus, L50, M|\n|poke|p1|Mimikyu, L50, F|\n|poke|p1|Regidrago, L50|\n|poke|p1|Ogerpon-Wellspring, L50, F|\n|poke|p2|Flutter Mane, L50|\n|poke|p2|Ogerpon-Wellspring, L50, F|\n|poke|p2|Iron Hands, L50|\n|poke|p2|Sableye, L50, M|\n|poke|p2|Espathra, L50, F|\n|poke|p2|Chi-Yu, L50|\n|teampreview|4\n|inactive|Battle timer is ON: inactive players will automatically lose when time's up. (requested by py123456)\n|\n|t:|1700978765\n|start\n|switch|p1a: Tornadus|Tornadus, L50, M|100\/100\n|switch|p1b: Rillaboom|Rillaboom, L50, F|100\/100\n|switch|p2a: Sableye|Sableye, L50, M, shiny|100\/100\n|switch|p2b: Espathra|Espathra, L50, F|100\/100\n|-fieldstart|move: Grassy Terrain|[from] ability: Grassy Surge|[of] p1b: Rillaboom\n|turn|1\n|\n|t:|1700978788\n|move|p2b: Espathra|Protect|p2b: Espathra\n|-singleturn|p2b: Espathra|Protect\n|move|p1b: Rillaboom|Fake Out|p2b: Espathra\n|-activate|p2b: Espathra|move: Protect\n|move|p1a: Tornadus|Tailwind|p1a: Tornadus\n|-sidestart|p1: esquizofernia|move: Tailwind\n|move|p2a: Sableye|Gravity|p2a: Sableye\n|-fieldstart|move: Gravity\n|\n|-ability|p2b: Espathra|Speed Boost|boost\n|-boost|p2b: Espathra|spe|1\n|upkeep\n|turn|2\n|\n|t:|1700978810\n|move|p2a: Sableye|Encore|p1a: Tornadus\n|-start|p1a: Tornadus|Encore\n|move|p1a: Tornadus|Tailwind||[still]\n|-fail|p1a: Tornadus\n|move|p2b: Espathra|Hypnosis|p1b: Rillaboom\n|-status|p1b: Rillaboom|slp|[from] move: Hypnosis\n|cant|p1b: Rillaboom|slp\n|\n|-ability|p2b: Espathra|Speed Boost|boost\n|-boost|p2b: Espathra|spe|1\n|upkeep\n|turn|3\n|inactive|py123456 has 30 seconds left.\n|inactive|py123456 has 20 seconds left.\n|\n|t:|1700978846\n|switch|p1a: Ogerpon|Ogerpon-Wellspring, L50, F|100\/100\n|switch|p1b: Regidrago|Regidrago, L50|100\/100\n|switch|p2a: Iron Hands|Iron Hands, L50|100\/100\n|move|p2b: Espathra|Hypnosis|p1a: Ogerpon\n|-status|p1a: Ogerpon|slp|[from] move: Hypnosis\n|\n|-ability|p2b: Espathra|Speed Boost|boost\n|-boost|p2b: Espathra|spe|1\n|upkeep\n|turn|4\n|\n|t:|1700978874\n|move|p2b: Espathra|Hypnosis|p1b: Regidrago\n|-status|p1b: Regidrago|slp|[from] move: Hypnosis\n|cant|p1a: Ogerpon|slp\n|cant|p1b: Regidrago|slp\n|move|p2a: Iron Hands|Belly Drum|p2a: Iron Hands\n|-damage|p2a: Iron Hands|50\/100\n|-setboost|p2a: Iron Hands|atk|6|[from] move: Belly Drum\n|-enditem|p2a: Iron Hands|Sitrus Berry|[eat]\n|-heal|p2a: Iron Hands|75\/100|[from] item: Sitrus Berry\n|\n|-heal|p2a: Iron Hands|81\/100|[from] Grassy Terrain\n|-sideend|p1: esquizofernia|move: Tailwind\n|-ability|p2b: Espathra|Speed Boost|boost\n|-boost|p2b: Espathra|spe|1\n|upkeep\n|turn|5\n|-message|esquizofernia forfeited.\n|\n|win|py123456\n|raw|esquizofernia's rating: 1086 &rarr; <strong>1069<\/strong><br \/>(-17 for losing)\n|raw|py123456's rating: 1176 &rarr; <strong>1195<\/strong><br \/>(+19 for winning)\n|l|\u2606esquizofernia\n","uploadtime":1700978886,"views":8,"p1id":"esquizofernia","p2id":"py123456","formatid":"gen9vgc2023regulatione","rating":1069,"private":0,"password":""}