{"id":"gen9vgc2023regulatione-1998628557","p1":"Kzjrhzk","p2":"111johan111","format":"[Gen 9] VGC 2023 Regulation E","log":"|j|\u2606Kzjrhzk\n|j|\u2606111johan111\n|t:|1700964895\n|gametype|doubles\n|player|p1|Kzjrhzk|lance|1287\n|player|p2|111johan111|266|1269\n|teamsize|p1|6\n|teamsize|p2|6\n|gen|9\n|tier|[Gen 9] VGC 2023 Regulation E\n|rated|\n|rule|Species Clause: Limit one of each Pok\u00e9mon\n|rule|Item Clause: Limit one of each item\n|clearpoke\n|poke|p1|Flutter Mane, L50|\n|poke|p1|Tornadus, L50, M|\n|poke|p1|Rillaboom, L50, F|\n|poke|p1|Garganacl, L50, M|\n|poke|p1|Arcanine-Hisui, L50, F|\n|poke|p1|Chien-Pao, L50|\n|poke|p2|Shiftry, L50, F|\n|poke|p2|Palafin, L50, M|\n|poke|p2|Goodra, L50, F|\n|poke|p2|Kilowattrel, L50, F|\n|poke|p2|Chi-Yu, L50|\n|poke|p2|Pelipper, L50, F|\n|teampreview|4\n|\n|t:|1700964919\n|start\n|switch|p1a: Tornadus|Tornadus, L50, M|100\/100\n|switch|p1b: Garganacl|Garganacl, L50, M|100\/100\n|switch|p2a: Palafin|Palafin, L50, M|100\/100\n|switch|p2b: Kilowattrel|Kilowattrel, L50, F|100\/100\n|turn|1\n|\n|t:|1700964947\n|-terastallize|p1b: Garganacl|Ghost\n|move|p1a: Tornadus|Taunt|p2b: Kilowattrel\n|-start|p2b: Kilowattrel|move: Taunt\n|move|p2a: Palafin|Flip Turn|p1a: Tornadus\n|-damage|p1a: Tornadus|69\/100\n|-damage|p2a: Palafin|84\/100|[from] item: Rocky Helmet|[of] p1a: Tornadus\n|\n|t:|1700964957\n|detailschange|p2a: Palafin|Palafin-Hero, L50, M\n|switch|p2a: Goodra|Goodra, L50, F|100\/100|[from] Flip Turn\n|move|p2b: Kilowattrel|Volt Switch|p1a: Tornadus\n|-supereffective|p1a: Tornadus\n|-crit|p1a: Tornadus\n|-damage|p1a: Tornadus|0 fnt\n|faint|p1a: Tornadus\n|\n|t:|1700964965\n|switch|p2b: Palafin|Palafin-Hero, L50, M|84\/100|[from] Volt Switch\n|-activate|p2b: Palafin|ability: Zero to Hero\n|move|p1b: Garganacl|Salt Cure|p2a: Goodra\n|-damage|p2a: Goodra|84\/100\n|-start|p2a: Goodra|Salt Cure\n|\n|-heal|p2a: Goodra|90\/100|[from] item: Leftovers\n|-damage|p2a: Goodra|78\/100|[from] Salt Cure\n|upkeep\n|\n|t:|1700964969\n|switch|p1a: Arcanine|Arcanine-Hisui, L50, F|100\/100\n|-ability|p1a: Arcanine|Intimidate|boost\n|-unboost|p2a: Goodra|atk|1\n|-unboost|p2b: Palafin|atk|1\n|turn|2\n|\n|t:|1700964991\n|switch|p1a: Rillaboom|Rillaboom, L50, F|100\/100\n|-fieldstart|move: Grassy Terrain|[from] ability: Grassy Surge|[of] p1a: Rillaboom\n|switch|p2a: Pelipper|Pelipper, L50, F|100\/100\n|-weather|RainDance|[from] ability: Drizzle|[of] p2a: Pelipper\n|move|p2b: Palafin|Flip Turn|p1a: Rillaboom\n|-resisted|p1a: Rillaboom\n|-damage|p1a: Rillaboom|80\/100\n|\n|t:|1700965002\n|switch|p2b: Kilowattrel|Kilowattrel, L50, F|100\/100|[from] Flip Turn\n|move|p1b: Garganacl|Iron Defense|p1b: Garganacl\n|-boost|p1b: Garganacl|def|2\n|\n|-weather|RainDance|[upkeep]\n|-heal|p1a: Rillaboom|86\/100|[from] Grassy Terrain\n|upkeep\n|turn|3\n|\n|t:|1700965018\n|-terastallize|p2b: Kilowattrel|Ghost\n|move|p1a: Rillaboom|Fake Out|p2a: Pelipper\n|-damage|p2a: Pelipper|90\/100\n|move|p2b: Kilowattrel|Tera Blast|p1b: Garganacl|[anim] Tera Blast Ghost\n|-supereffective|p1b: Garganacl\n|-damage|p1b: Garganacl|62\/100\n|cant|p2a: Pelipper|flinch\n|move|p1b: Garganacl|Salt Cure|p2b: Kilowattrel\n|-damage|p2b: Kilowattrel|76\/100\n|-start|p2b: Kilowattrel|Salt Cure\n|\n|-weather|RainDance|[upkeep]\n|-heal|p2b: Kilowattrel|82\/100|[from] Grassy Terrain\n|-heal|p1a: Rillaboom|91\/100|[from] Grassy Terrain\n|-heal|p1b: Garganacl|68\/100|[from] Grassy Terrain\n|-damage|p2b: Kilowattrel|69\/100|[from] Salt Cure\n|upkeep\n|turn|4\n|\n|t:|1700965037\n|move|p1a: Rillaboom|Grassy Glide|p2b: Kilowattrel\n|-damage|p2b: Kilowattrel|0 fnt\n|faint|p2b: Kilowattrel\n|move|p2a: Pelipper|Hurricane|p1b: Garganacl\n|-damage|p1b: Garganacl|43\/100\n|-enditem|p1b: Garganacl|Sitrus Berry|[eat]\n|-heal|p1b: Garganacl|68\/100|[from] item: Sitrus Berry\n|move|p1b: Garganacl|Salt Cure|p2a: Pelipper\n|-supereffective|p2a: Pelipper\n|-damage|p2a: Pelipper|67\/100\n|-start|p2a: Pelipper|Salt Cure\n|\n|-weather|RainDance|[upkeep]\n|-heal|p1a: Rillaboom|97\/100|[from] Grassy Terrain\n|-heal|p1b: Garganacl|73\/100|[from] Grassy Terrain\n|-damage|p2a: Pelipper|42\/100|[from] Salt Cure\n|upkeep\n|\n|t:|1700965042\n|switch|p2b: Palafin|Palafin-Hero, L50, M|84\/100\n|turn|5\n|\n|t:|1700965053\n|switch|p2b: Goodra|Goodra, L50, F|78\/100\n|move|p1a: Rillaboom|Grassy Glide|p2b: Goodra\n|-resisted|p2b: Goodra\n|-damage|p2b: Goodra|56\/100\n|move|p2a: Pelipper|Hurricane|p1a: Rillaboom\n|-supereffective|p1a: Rillaboom\n|-damage|p1a: Rillaboom|45\/100\n|move|p1b: Garganacl|Iron Defense|p1b: Garganacl\n|-boost|p1b: Garganacl|def|2\n|\n|-weather|RainDance|[upkeep]\n|-heal|p1a: Rillaboom|51\/100|[from] Grassy Terrain\n|-heal|p2b: Goodra|62\/100|[from] Grassy Terrain\n|-heal|p2b: Goodra|68\/100|[from] item: Leftovers\n|-heal|p1b: Garganacl|79\/100|[from] Grassy Terrain\n|-damage|p2a: Pelipper|18\/100|[from] Salt Cure\n|upkeep\n|turn|6\n|\n|t:|1700965068\n|move|p1a: Rillaboom|Grassy Glide|p2a: Pelipper\n|-damage|p2a: Pelipper|0 fnt\n|faint|p2a: Pelipper\n|move|p2b: Goodra|Acid Armor|p2b: Goodra\n|-boost|p2b: Goodra|def|2\n|move|p1b: Garganacl|Salt Cure|p2b: Goodra\n|-damage|p2b: Goodra|59\/100\n|-start|p2b: Goodra|Salt Cure\n|\n|-weather|RainDance|[upkeep]\n|-heal|p1a: Rillaboom|57\/100|[from] Grassy Terrain\n|-heal|p2b: Goodra|65\/100|[from] Grassy Terrain\n|-heal|p2b: Goodra|71\/100|[from] item: Leftovers\n|-heal|p1b: Garganacl|85\/100|[from] Grassy Terrain\n|-damage|p2b: Goodra|59\/100|[from] Salt Cure\n|-fieldend|move: Grassy Terrain\n|upkeep\n|\n|t:|1700965071\n|switch|p2a: Palafin|Palafin-Hero, L50, M|84\/100\n|turn|7\n|\n|t:|1700965084\n|switch|p1a: Arcanine|Arcanine-Hisui, L50, F|100\/100\n|-ability|p1a: Arcanine|Intimidate|boost\n|-unboost|p2a: Palafin|atk|1\n|-unboost|p2b: Goodra|atk|1\n|move|p2a: Palafin|Wave Crash|p1a: Arcanine\n|-supereffective|p1a: Arcanine\n|-damage|p1a: Arcanine|0 fnt\n|faint|p1a: Arcanine\n|-damage|p2a: Palafin|52\/100|[from] Recoil\n|move|p2b: Goodra|Acid Armor|p2b: Goodra\n|-boost|p2b: Goodra|def|2\n|move|p1b: Garganacl|Salt Cure|p2a: Palafin\n|-damage|p2a: Palafin|36\/100\n|-start|p2a: Palafin|Salt Cure\n|\n|-weather|RainDance|[upkeep]\n|-heal|p2b: Goodra|65\/100|[from] item: Leftovers\n|-damage|p2a: Palafin|11\/100|[from] Salt Cure\n|-damage|p2b: Goodra|53\/100|[from] Salt Cure\n|upkeep\n|\n|t:|1700965088\n|switch|p1a: Rillaboom|Rillaboom, L50, F|57\/100\n|-fieldstart|move: Grassy Terrain|[from] ability: Grassy Surge|[of] p1a: Rillaboom\n|turn|8\n|\n|t:|1700965103\n|move|p1a: Rillaboom|Fake Out|p2b: Goodra\n|-damage|p2b: Goodra|47\/100\n|move|p2a: Palafin|Wave Crash|p1b: Garganacl\n|-damage|p1b: Garganacl|66\/100\n|-damage|p2a: Palafin|4\/100|[from] Recoil\n|cant|p2b: Goodra|flinch\n|move|p1b: Garganacl|Recover|p1b: Garganacl\n|-heal|p1b: Garganacl|100\/100\n|\n|-weather|RainDance|[upkeep]\n|-heal|p2a: Palafin|10\/100|[from] Grassy Terrain\n|-heal|p1a: Rillaboom|62\/100|[from] Grassy Terrain\n|-heal|p2b: Goodra|53\/100|[from] Grassy Terrain\n|-heal|p2b: Goodra|59\/100|[from] item: Leftovers\n|-damage|p2a: Palafin|0 fnt|[from] Salt Cure\n|faint|p2a: Palafin\n|-damage|p2b: Goodra|47\/100|[from] Salt Cure\n|upkeep\n|turn|9\n|\n|t:|1700965115\n|move|p1a: Rillaboom|Wood Hammer|p2b: Goodra\n|-resisted|p2b: Goodra\n|-damage|p2b: Goodra|28\/100\n|-damage|p1a: Rillaboom|57\/100|[from] Recoil\n|move|p2b: Goodra|Acid Armor|p2b: Goodra\n|-boost|p2b: Goodra|def|2\n|move|p1b: Garganacl|Iron Defense|p1b: Garganacl\n|-boost|p1b: Garganacl|def|2\n|\n|-weather|none\n|-heal|p1a: Rillaboom|62\/100|[from] Grassy Terrain\n|-heal|p2b: Goodra|35\/100|[from] Grassy Terrain\n|-heal|p2b: Goodra|41\/100|[from] item: Leftovers\n|-damage|p2b: Goodra|28\/100|[from] Salt Cure\n|upkeep\n|turn|10\n|\n|t:|1700965126\n|move|p1a: Rillaboom|Wood Hammer|p2b: Goodra\n|-resisted|p2b: Goodra\n|-crit|p2b: Goodra\n|-damage|p2b: Goodra|0 fnt\n|faint|p2b: Goodra\n|-damage|p1a: Rillaboom|54\/100|[from] Recoil\n|\n|win|Kzjrhzk\n|raw|Kzjrhzk's rating: 1287 &rarr; <strong>1311<\/strong><br \/>(+24 for winning)\n|raw|111johan111's rating: 1269 &rarr; <strong>1245<\/strong><br \/>(-24 for losing)\n","uploadtime":1700965130,"views":2,"p1id":"kzjrhzk","p2id":"111johan111","formatid":"gen9vgc2023regulatione","rating":1245,"private":0,"password":""}