{"id":"gen9vgc2023regulatione-1988029546","p1":"dandure9","p2":"Xikirito","format":"[Gen 9] VGC 2023 Regulation E","log":"|j|\u2606dandure9\n|j|\u2606Xikirito\n|t:|1699661031\n|gametype|doubles\n|player|p1|dandure9|hiker-gen4|1027\n|player|p2|Xikirito|volkner|1063\n|teamsize|p1|6\n|teamsize|p2|6\n|gen|9\n|tier|[Gen 9] VGC 2023 Regulation E\n|rated|\n|rule|Species Clause: Limit one of each Pok\u00e9mon\n|rule|Item Clause: Limit one of each item\n|clearpoke\n|poke|p1|Hatterene, L50, F|\n|poke|p1|Rabsca, L50, F|\n|poke|p1|Golem-Alola, L50, F|\n|poke|p1|Indeedee-F, L50, F|\n|poke|p1|Houndstone, L50, M|\n|poke|p1|Garganacl, L50, M|\n|poke|p2|Chi-Yu, L50|\n|poke|p2|Iron Hands, L50|\n|poke|p2|Landorus-Therian, L50, M|\n|poke|p2|Dusclops, L50, M|\n|poke|p2|Ogerpon-Wellspring, L50, F|\n|poke|p2|Ursaluna-Bloodmoon, L50, M|\n|teampreview|4\n|inactive|Battle timer is ON: inactive players will automatically lose when time's up. (requested by Xikirito)\n|\n|t:|1699661066\n|start\n|switch|p1a: PooPeetle|Rabsca, L50, F, shiny|100\/100\n|switch|p1b: Outdoodoo|Indeedee-F, L50, F|100\/100\n|switch|p2a: Chi-Yu|Chi-Yu, L50|100\/100\n|switch|p2b: Iron Hands|Iron Hands, L50|100\/100\n|-ability|p2a: Chi-Yu|Beads of Ruin\n|-fieldstart|move: Psychic Terrain|[from] ability: Psychic Surge|[of] p1b: Outdoodoo\n|turn|1\n|inactive|Xikirito has 30 seconds left.\n|\n|t:|1699661096\n|-terastallize|p1b: Outdoodoo|Fairy\n|move|p1b: Outdoodoo|Follow Me|p1b: Outdoodoo\n|-singleturn|p1b: Outdoodoo|move: Follow Me\n|move|p2a: Chi-Yu|Dark Pulse|p1b: Outdoodoo\n|-resisted|p1b: Outdoodoo\n|-damage|p1b: Outdoodoo|62\/100\n|-enditem|p1b: Outdoodoo|Eject Button\n|\n|t:|1699661104\n|switch|p1b: MedicineBall|Golem-Alola, L50, F, shiny|100\/100\n|move|p2b: Iron Hands|Wild Charge|p1a: PooPeetle\n|-damage|p1a: PooPeetle|48\/100\n|-damage|p2b: Iron Hands|91\/100|[from] Recoil\n|move|p1a: PooPeetle|Trick Room|p1a: PooPeetle\n|-fieldstart|move: Trick Room|[of] p1a: PooPeetle\n|\n|upkeep\n|turn|2\n|\n|t:|1699661120\n|move|p1b: MedicineBall|Explosion|p2b: Iron Hands|[spread] p2a,p2b\n|-activate|p1a: PooPeetle|ability: Telepathy\n|-resisted|p2b: Iron Hands\n|-damage|p2a: Chi-Yu|0 fnt\n|-damage|p2b: Iron Hands|35\/100\n|faint|p1b: MedicineBall\n|faint|p2a: Chi-Yu\n|move|p1a: PooPeetle|Recover|p1a: PooPeetle\n|-heal|p1a: PooPeetle|98\/100\n|move|p2b: Iron Hands|Drain Punch|p1a: PooPeetle\n|-resisted|p1a: PooPeetle\n|-damage|p1a: PooPeetle|87\/100\n|-heal|p2b: Iron Hands|39\/100|[from] drain|[of] p1a: PooPeetle\n|\n|upkeep\n|inactive|Xikirito has 30 seconds left.\n|inactive|Xikirito has 20 seconds left.\n|\n|t:|1699661159\n|switch|p1b: BoneDaddy|Houndstone, L50, M|100\/100\n|switch|p2a: Ursaluna|Ursaluna-Bloodmoon, L50, M|100\/100\n|turn|3\n|inactive|dandure9 has 30 seconds left.\n|inactive|dandure9 has 20 seconds left.\n|inactive|dandure9 has 15 seconds left.\n|\n|t:|1699661200\n|move|p1b: BoneDaddy|Ally Switch|p1b: BoneDaddy\n|swap|p1b: BoneDaddy|0|[from] move: Ally Switch\n|move|p1b: PooPeetle|Revival Blessing|p1b: PooPeetle\n|\n|t:|1699661206\n|-heal|p1: MedicineBall|50\/100|[from] move: Revival Blessing\n|move|p2a: Ursaluna|Hyper Voice|p1a: BoneDaddy|[spread] p1a,p1b\n|-damage|p1a: BoneDaddy|64\/100\n|-damage|p1b: PooPeetle|60\/100\n|move|p2b: Iron Hands|Wild Charge|p1b: PooPeetle\n|-damage|p1b: PooPeetle|4\/100\n|-damage|p2b: Iron Hands|28\/100|[from] Recoil\n|\n|-heal|p1a: BoneDaddy|70\/100|[from] item: Leftovers\n|upkeep\n|turn|4\n|\n|t:|1699661222\n|move|p1b: PooPeetle|Recover|p1b: PooPeetle\n|-heal|p1b: PooPeetle|54\/100\n|move|p2a: Ursaluna|Hyper Voice|p1b: PooPeetle|[spread] p1a,p1b\n|-damage|p1a: BoneDaddy|29\/100\n|-damage|p1b: PooPeetle|27\/100\n|move|p1a: BoneDaddy|Last Respects|p2b: Iron Hands\n|-damage|p2b: Iron Hands|0 fnt\n|faint|p2b: Iron Hands\n|-end|p2b: Iron Hands|Quark Drive|[silent]\n|\n|-heal|p1a: BoneDaddy|35\/100|[from] item: Leftovers\n|upkeep\n|\n|t:|1699661232\n|switch|p2b: Dusclops|Dusclops, L50, M|100\/100\n|-item|p1a: BoneDaddy|Leftovers|[from] ability: Frisk|[of] p2b: Dusclops|[identify]\n|-item|p1b: PooPeetle|Mental Herb|[from] ability: Frisk|[of] p2b: Dusclops|[identify]\n|turn|5\n|inactive|dandure9 has 30 seconds left.\n|\n|t:|1699661258\n|switch|p1b: Outdoodoo|Indeedee-F, L50, F, tera:Fairy|62\/100\n|move|p2b: Dusclops|Will-O-Wisp|p1a: BoneDaddy\n|-status|p1a: BoneDaddy|brn\n|move|p2a: Ursaluna|Hyper Voice|p1a: BoneDaddy|[spread] p1a,p1b\n|-damage|p1a: BoneDaddy|0 fnt\n|-damage|p1b: Outdoodoo|24\/100\n|faint|p1a: BoneDaddy\n|\n|-fieldend|move: Trick Room\n|-fieldend|move: Psychic Terrain\n|upkeep\n|\n|t:|1699661269\n|switch|p1a: PooPeetle|Rabsca, L50, F, shiny|27\/100\n|turn|6\n|\n|t:|1699661275\n|move|p1b: Outdoodoo|Follow Me|p1b: Outdoodoo\n|-singleturn|p1b: Outdoodoo|move: Follow Me\n|move|p2a: Ursaluna|Hyper Voice|p1b: Outdoodoo|[spread] p1a,p1b\n|-damage|p1a: PooPeetle|2\/100\n|-damage|p1b: Outdoodoo|0 fnt\n|faint|p1b: Outdoodoo\n|move|p2b: Dusclops|Trick Room|p2b: Dusclops\n|-fieldstart|move: Trick Room|[of] p2b: Dusclops\n|move|p1a: PooPeetle|Trick Room|p1a: PooPeetle\n|-fieldend|move: Trick Room\n|\n|upkeep\n|-message|dandure9 forfeited.\n|\n|win|Xikirito\n|raw|dandure9's rating: 1027 &rarr; <strong>1014<\/strong><br \/>(-13 for losing)\n|raw|Xikirito's rating: 1063 &rarr; <strong>1090<\/strong><br \/>(+27 for winning)\n|l|\u2606dandure9\n","uploadtime":1699661288,"views":14,"p1id":"dandure9","p2id":"xikirito","formatid":"gen9vgc2023regulatione","rating":1014,"private":0,"password":""}