{"id":"gen9vgc2023regulatione-1988007058","p1":"MohrPeaches","p2":"filthytrashgoblin","format":"[Gen 9] VGC 2023 Regulation E","log":"|j|\u2606MohrPeaches\n|j|\u2606filthytrashgoblin\n|t:|1699658437\n|gametype|doubles\n|player|p1|MohrPeaches|bugcatcher-gen4dp|1188\n|player|p2|filthytrashgoblin|ghetsis|1160\n|teamsize|p1|6\n|teamsize|p2|6\n|gen|9\n|tier|[Gen 9] VGC 2023 Regulation E\n|rated|\n|rule|Species Clause: Limit one of each Pok\u00e9mon\n|rule|Item Clause: Limit one of each item\n|clearpoke\n|poke|p1|Iron Hands, L50|\n|poke|p1|Amoonguss, L50, M|\n|poke|p1|Arcanine-Hisui, L50, M|\n|poke|p1|Ninetales-Alola, L50, F|\n|poke|p1|Baxcalibur, L50, F|\n|poke|p1|Rillaboom, L50, M|\n|poke|p2|Cresselia, L50, F|\n|poke|p2|Urshifu-*, L50, F|\n|poke|p2|Ogerpon-Hearthflame, L50, F|\n|poke|p2|Flutter Mane, L50|\n|poke|p2|Landorus-Therian, L50, M|\n|poke|p2|Heatran, L50, M|\n|teampreview|4\n|inactive|Battle timer is ON: inactive players will automatically lose when time's up. (requested by filthytrashgoblin)\n|inactive|MohrPeaches also wants the timer to be on.\nMohrPeaches has agreed to open team sheets.\n|\n|t:|1699658465\n|start\n|switch|p1a: Arcanine|Arcanine-Hisui, L50, M|100\/100\n|switch|p1b: Rillaboom|Rillaboom, L50, M|100\/100\n|switch|p2a: floofadoof|Flutter Mane, L50|100\/100\n|switch|p2b: poyo!!|Ogerpon-Hearthflame, L50, F|100\/100\n|-ability|p1a: Arcanine|Intimidate|boost\n|-unboost|p2a: floofadoof|atk|1\n|-unboost|p2b: poyo!!|atk|1\n|-ability|p2b: poyo!!|Mold Breaker\n|-fieldstart|move: Grassy Terrain|[from] ability: Grassy Surge|[of] p1b: Rillaboom\n|-enditem|p2a: floofadoof|Booster Energy\n|-activate|p2a: floofadoof|ability: Protosynthesis|[fromitem]\n|-start|p2a: floofadoof|protosynthesisspe\n|turn|1\n|\n|t:|1699658487\n|move|p1b: Rillaboom|Fake Out|p2b: poyo!!\n|-damage|p2b: poyo!!|85\/100\n|move|p2a: floofadoof|Icy Wind|p1a: Arcanine|[spread] p1a,p1b\n|-resisted|p1a: Arcanine\n|-supereffective|p1b: Rillaboom\n|-damage|p1a: Arcanine|94\/100\n|-damage|p1b: Rillaboom|68\/100\n|-unboost|p1a: Arcanine|spe|1\n|-unboost|p1b: Rillaboom|spe|1\n|cant|p2b: poyo!!|flinch\n|move|p1a: Arcanine|Rock Slide|p2a: floofadoof|[spread] p2a\n|-miss|p1a: Arcanine|p2b: poyo!!\n|-damage|p2a: floofadoof|65\/100\n|\n|-heal|p2a: floofadoof|71\/100|[from] Grassy Terrain\n|-heal|p2b: poyo!!|91\/100|[from] Grassy Terrain\n|-heal|p1a: Arcanine|99\/100|[from] Grassy Terrain\n|-heal|p1b: Rillaboom|74\/100|[from] Grassy Terrain\n|upkeep\n|turn|2\n|\n|t:|1699658508\n|switch|p1b: Iron Hands|Iron Hands, L50|100\/100\n|move|p2a: floofadoof|Protect|p2a: floofadoof\n|-singleturn|p2a: floofadoof|Protect\n|move|p2b: poyo!!|Ivy Cudgel|p1b: Iron Hands\n|-damage|p1b: Iron Hands|77\/100\n|move|p1a: Arcanine|Rock Slide|p2a: floofadoof|[spread] p2b\n|-activate|p2a: floofadoof|move: Protect\n|-supereffective|p2b: poyo!!\n|-damage|p2b: poyo!!|42\/100\n|\n|-heal|p2a: floofadoof|77\/100|[from] Grassy Terrain\n|-heal|p2b: poyo!!|47\/100|[from] Grassy Terrain\n|-heal|p1a: Arcanine|100\/100|[from] Grassy Terrain\n|-heal|p1b: Iron Hands|83\/100|[from] Grassy Terrain\n|upkeep\n|turn|3\n|\n|t:|1699658530\n|move|p2b: poyo!!|Spiky Shield|p2b: poyo!!\n|-singleturn|p2b: poyo!!|move: Protect\n|move|p2a: floofadoof|Moonblast|p1b: Iron Hands\n|-supereffective|p1b: Iron Hands\n|-damage|p1b: Iron Hands|32\/100\n|-unboost|p1b: Iron Hands|spa|1\n|move|p1a: Arcanine|Rock Slide|p2b: poyo!!|[spread] p2a\n|-activate|p2b: poyo!!|move: Protect\n|-damage|p2a: floofadoof|40\/100\n|move|p1b: Iron Hands|Heavy Slam|p2a: floofadoof\n|-supereffective|p2a: floofadoof\n|-damage|p2a: floofadoof|0 fnt\n|faint|p2a: floofadoof\n|-end|p2a: floofadoof|Protosynthesis|[silent]\n|\n|-heal|p2b: poyo!!|53\/100|[from] Grassy Terrain\n|-heal|p1b: Iron Hands|38\/100|[from] Grassy Terrain\n|upkeep\n|\n|t:|1699658546\n|switch|p2a: DOG|Landorus-Therian, L50, M|100\/100\n|-ability|p2a: DOG|Intimidate|boost\n|-unboost|p1a: Arcanine|atk|1\n|-unboost|p1b: Iron Hands|atk|1\n|turn|4\n|\n|t:|1699658564\n|-terastallize|p1a: Arcanine|Water\n|move|p2a: DOG|U-turn|p1b: Iron Hands\n|-resisted|p1b: Iron Hands\n|-damage|p1b: Iron Hands|29\/100\n|\n|t:|1699658587\n|switch|p2a: swoona|Cresselia, L50, F|100\/100|[from] U-turn\n|move|p2b: poyo!!|Horn Leech|p1b: Iron Hands\n|-damage|p1b: Iron Hands|6\/100\n|-heal|p2b: poyo!!|70\/100|[from] drain|[of] p1b: Iron Hands\n|move|p1a: Arcanine|Will-O-Wisp|p2a: swoona\n|-status|p2a: swoona|brn\n|move|p1b: Iron Hands|Drain Punch|p2b: poyo!!\n|-damage|p2b: poyo!!|42\/100\n|-heal|p1b: Iron Hands|16\/100|[from] drain|[of] p2b: poyo!!\n|\n|-heal|p2b: poyo!!|48\/100|[from] Grassy Terrain\n|-heal|p1b: Iron Hands|22\/100|[from] Grassy Terrain\n|-damage|p2a: swoona|94\/100 brn|[from] brn\n|upkeep\n|turn|5\n|\n|t:|1699658609\n|move|p2b: poyo!!|Horn Leech|p1a: Arcanine\n|-supereffective|p1a: Arcanine\n|-damage|p1a: Arcanine|18\/100\n|-heal|p2b: poyo!!|95\/100|[from] drain|[of] p1a: Arcanine\n|-enditem|p1a: Arcanine|Sitrus Berry|[eat]\n|-heal|p1a: Arcanine|43\/100|[from] item: Sitrus Berry\n|move|p2a: swoona|Calm Mind|p2a: swoona\n|-boost|p2a: swoona|spa|1\n|-boost|p2a: swoona|spd|1\n|move|p1a: Arcanine|Rock Slide|p2b: poyo!!|[spread] p2a,p2b\n|-supereffective|p2b: poyo!!\n|-damage|p2a: swoona|86\/100 brn\n|-damage|p2b: poyo!!|60\/100\n|move|p1b: Iron Hands|Drain Punch|p2b: poyo!!\n|-crit|p2b: poyo!!\n|-damage|p2b: poyo!!|0 fnt\n|-heal|p1b: Iron Hands|44\/100|[from] drain|[of] p2b: poyo!!\n|faint|p2b: poyo!!\n|\n|-heal|p1a: Arcanine|49\/100|[from] Grassy Terrain\n|-heal|p1b: Iron Hands|50\/100|[from] Grassy Terrain\n|-damage|p2a: swoona|80\/100 brn|[from] brn\n|-fieldend|move: Grassy Terrain\n|upkeep\n|\n|t:|1699658629\n|switch|p2b: DOG|Landorus-Therian, L50, M|100\/100\n|-ability|p2b: DOG|Intimidate|boost\n|-unboost|p1a: Arcanine|atk|1\n|-unboost|p1b: Iron Hands|atk|1\n|turn|6\n|inactive|MohrPeaches has 30 seconds left.\n|\n|t:|1699658655\n|move|p2b: DOG|Stomping Tantrum|p1b: Iron Hands\n|-supereffective|p1b: Iron Hands\n|-damage|p1b: Iron Hands|0 fnt\n|faint|p1b: Iron Hands\n|-end|p1b: Iron Hands|Quark Drive|[silent]\n|move|p2a: swoona|Moonblast|p1a: Arcanine\n|-damage|p1a: Arcanine|22\/100\n|-unboost|p1a: Arcanine|spa|1\n|move|p1a: Arcanine|Will-O-Wisp|p2b: DOG\n|-status|p2b: DOG|brn\n|\n|-damage|p2b: DOG|95\/100 brn|[from] brn\n|-damage|p2a: swoona|74\/100 brn|[from] brn\n|upkeep\n|inactive|MohrPeaches has 30 seconds left.\n|\n|t:|1699658681\n|switch|p1b: Baxcalibur|Baxcalibur, L50, F|100\/100\n|turn|7\n|\n|t:|1699658694\n|move|p2b: DOG|Stomping Tantrum|p1a: Arcanine\n|-damage|p1a: Arcanine|0 fnt\n|faint|p1a: Arcanine\n|move|p1b: Baxcalibur|Icicle Spear|p2b: DOG\n|-supereffective|p2b: DOG\n|-damage|p2b: DOG|32\/100 brn\n|-supereffective|p2b: DOG\n|-damage|p2b: DOG|0 fnt\n|faint|p2b: DOG\n|-hitcount|p2: DOG|2\n|move|p2a: swoona|Moonblast|p1b: Baxcalibur\n|-supereffective|p1b: Baxcalibur\n|-damage|p1b: Baxcalibur|50\/100\n|\n|-damage|p2a: swoona|68\/100 brn|[from] brn\n|upkeep\n|\n|t:|1699658709\n|switch|p1a: Rillaboom|Rillaboom, L50, M|74\/100\n|-fieldstart|move: Grassy Terrain|[from] ability: Grassy Surge|[of] p1a: Rillaboom\n|turn|8\n|\n|t:|1699658723\n|-terastallize|p2a: swoona|Fairy\n|move|p1b: Baxcalibur|Icicle Spear|p2a: swoona\n|-damage|p2a: swoona|60\/100 brn\n|-damage|p2a: swoona|52\/100 brn\n|-damage|p2a: swoona|43\/100 brn\n|-damage|p2a: swoona|35\/100 brn\n|-hitcount|p2a: swoona|4\n|move|p1a: Rillaboom|Wood Hammer|p2a: swoona\n|-damage|p2a: swoona|0 fnt\n|faint|p2a: swoona\n|-damage|p1a: Rillaboom|61\/100|[from] Recoil\n|\n|win|MohrPeaches\n|raw|MohrPeaches's rating: 1188 &rarr; <strong>1211<\/strong><br \/>(+23 for winning)\n|raw|filthytrashgoblin's rating: 1160 &rarr; <strong>1137<\/strong><br \/>(-23 for losing)\n","uploadtime":1699658736,"views":18,"p1id":"mohrpeaches","p2id":"filthytrashgoblin","formatid":"gen9vgc2023regulatione","rating":1137,"private":0,"password":""}