{"id":"gen9vgc2023regulatione-1997477855","p1":"Its andreas tbh","p2":"Shadow Registeel","format":"[Gen 9] VGC 2023 Regulation E","log":"|j|\u2606Its andreas tbh\n|j|\u203dShadow Registeel\n|t:|1700812323\n|gametype|doubles\n|player|p1|Its andreas tbh|169|1207\n|player|p2|Shadow Registeel|carmine-festival|1298\n|teamsize|p1|6\n|teamsize|p2|6\n|gen|9\n|tier|[Gen 9] VGC 2023 Regulation E\n|rated|\n|rule|Species Clause: Limit one of each Pok\u00e9mon\n|rule|Item Clause: Limit one of each item\n|clearpoke\n|poke|p1|Clodsire, L50, M|\n|poke|p1|Regidrago, L50|\n|poke|p1|Ursaluna-Bloodmoon, L50, M|\n|poke|p1|Arcanine-Hisui, L50, M|\n|poke|p1|Iron Hands, L50|\n|poke|p1|Gyarados, L50, M|\n|poke|p2|Ogerpon-Hearthflame, L50, F|\n|poke|p2|Flutter Mane, L50|\n|poke|p2|Chien-Pao, L50|\n|poke|p2|Urshifu-*, L50, F|\n|poke|p2|Iron Hands, L50|\n|poke|p2|Tornadus, L50, M|\n|teampreview|4\n|\n|t:|1700812356\n|start\n|switch|p1a: Clodsire|Clodsire, L50, M|100\/100\n|switch|p1b: Iron Hands|Iron Hands, L50|100\/100\n|switch|p2a: Urshifu|Urshifu-Rapid-Strike, L50, F|100\/100\n|switch|p2b: Tornadus|Tornadus, L50, M|100\/100\n|turn|1\n|\n|t:|1700812389\n|move|p2a: Urshifu|Detect|p2a: Urshifu\n|-singleturn|p2a: Urshifu|Protect\n|move|p1b: Iron Hands|Fake Out|p2a: Urshifu\n|-activate|p2a: Urshifu|move: Protect\n|move|p2b: Tornadus|Bleakwind Storm|p1a: Clodsire|[spread] p1a,p1b\n|-damage|p1a: Clodsire|73\/100\n|-damage|p1b: Iron Hands|80\/100\n|move|p1a: Clodsire|Toxic|p2a: Urshifu\n|-activate|p2a: Urshifu|move: Protect\n|\n|upkeep\n|turn|2\n|\n|t:|1700812424\n|switch|p2a: Ogerpon|Ogerpon-Hearthflame, L50, F|100\/100\n|-ability|p2a: Ogerpon|Mold Breaker\n|move|p2b: Tornadus|Taunt|p1a: Clodsire\n|-start|p1a: Clodsire|move: Taunt\n|move|p1b: Iron Hands|Wild Charge|p2a: Ogerpon\n|-resisted|p2a: Ogerpon\n|-damage|p2a: Ogerpon|70\/100\n|-damage|p1b: Iron Hands|75\/100|[from] Recoil\n|cant|p1a: Clodsire|move: Taunt|Toxic\n|\n|upkeep\n|turn|3\n|\n|t:|1700812467\n|switch|p1a: Arcanine|Arcanine-Hisui, L50, M|100\/100\n|-terastallize|p2b: Tornadus|Ground\n|move|p2b: Tornadus|Bleakwind Storm|p1a: Arcanine|[spread] p1a,p1b\n|-resisted|p1a: Arcanine\n|-damage|p1a: Arcanine|75\/100\n|-damage|p1b: Iron Hands|56\/100\n|-unboost|p1a: Arcanine|spe|1\n|move|p2a: Ogerpon|Ivy Cudgel|p1b: Iron Hands|[anim] Ivy Cudgel Fire\n|-damage|p1b: Iron Hands|20\/100\n|move|p1b: Iron Hands|Wild Charge|p2b: Tornadus\n|-immune|p2b: Tornadus\n|\n|upkeep\n|turn|4\n|\n|t:|1700812505\n|move|p2b: Tornadus|Tailwind|p2b: Tornadus\n|-sidestart|p2: Shadow Registeel|move: Tailwind\n|move|p2a: Ogerpon|Ivy Cudgel|p1b: Iron Hands|[anim] Ivy Cudgel Fire\n|-damage|p1b: Iron Hands|0 fnt\n|faint|p1b: Iron Hands\n|-end|p1b: Iron Hands|Quark Drive|[silent]\n|move|p1a: Arcanine|Flare Blitz|p2b: Tornadus\n|-damage|p2b: Tornadus|0 fnt\n|faint|p2b: Tornadus\n|\n|upkeep\n|\n|t:|1700812520\n|switch|p2b: Urshifu|Urshifu-Rapid-Strike, L50, F|100\/100\n|switch|p1b: Clodsire|Clodsire, L50, M|73\/100\n|turn|5\n|\n|t:|1700812537\n|move|p2a: Ogerpon|Spiky Shield|p2a: Ogerpon\n|-singleturn|p2a: Ogerpon|move: Protect\n|move|p2b: Urshifu|Detect|p2b: Urshifu\n|-singleturn|p2b: Urshifu|Protect\n|move|p1a: Arcanine|Flare Blitz|p2a: Ogerpon\n|-activate|p2a: Ogerpon|move: Protect\n|-damage|p1a: Arcanine|63\/100|[from] Spiky Shield|[of] p2a: Ogerpon\n|move|p1b: Clodsire|Toxic|p2b: Urshifu\n|-activate|p2b: Urshifu|move: Protect\n|\n|upkeep\n|turn|6\n|\n|t:|1700812560\n|move|p2a: Ogerpon|Ivy Cudgel|p1b: Clodsire|[anim] Ivy Cudgel Fire\n|-damage|p1b: Clodsire|22\/100\n|move|p2b: Urshifu|Surging Strikes|p1a: Arcanine\n|-supereffective|p1a: Arcanine\n|-crit|p1a: Arcanine\n|-damage|p1a: Arcanine|0 fnt\n|faint|p1a: Arcanine\n|-hitcount|p1: Arcanine|1\n|move|p1b: Clodsire|Toxic|p2b: Urshifu\n|-status|p2b: Urshifu|tox\n|\n|-damage|p2b: Urshifu|95\/100 tox|[from] psn\n|upkeep\n|\n|t:|1700812574\n|switch|p1a: Regidrago|Regidrago, L50|100\/100\n|turn|7\n|\n|t:|1700812598\n|move|p1b: Clodsire|Protect|p1b: Clodsire\n|-singleturn|p1b: Clodsire|Protect\n|move|p2a: Ogerpon|Ivy Cudgel|p1a: Regidrago|[anim] Ivy Cudgel Fire\n|-resisted|p1a: Regidrago\n|-damage|p1a: Regidrago|67\/100\n|move|p2b: Urshifu|Close Combat|p1a: Regidrago\n|-damage|p1a: Regidrago|2\/100\n|-unboost|p2b: Urshifu|def|1\n|-unboost|p2b: Urshifu|spd|1\n|move|p1a: Regidrago|Dragon Energy|p2b: Urshifu|[spread] p2a,p2b\n|-damage|p2a: Ogerpon|70\/100\n|-damage|p2b: Urshifu|93\/100 tox\n|\n|-damage|p2b: Urshifu|82\/100 tox|[from] psn\n|-sideend|p2: Shadow Registeel|move: Tailwind\n|upkeep\n|turn|8\n|\n|t:|1700812617\n|move|p2b: Urshifu|Aqua Jet|p1a: Regidrago\n|-resisted|p1a: Regidrago\n|-damage|p1a: Regidrago|0 fnt\n|faint|p1a: Regidrago\n|move|p2a: Ogerpon|Horn Leech|p1b: Clodsire\n|-damage|p1b: Clodsire|0 fnt\n|-heal|p2a: Ogerpon|84\/100|[from] drain|[of] p1b: Clodsire\n|-damage|p2a: Ogerpon|68\/100|[from] item: Rocky Helmet|[of] p1b: Clodsire\n|faint|p1b: Clodsire\n|\n|win|Shadow Registeel\n|raw|Its andreas tbh's rating: 1207 &rarr; <strong>1188<\/strong><br \/>(-19 for losing)\n|raw|Shadow Registeel's rating: 1298 &rarr; <strong>1317<\/strong><br \/>(+19 for winning)\n|l|\u2606Its andreas tbh\n","uploadtime":1700812635,"views":28,"p1id":"itsandreastbh","p2id":"shadowregisteel","formatid":"gen9vgc2023regulatione","rating":1188,"private":0,"password":""}