{"id":"gen9vgc2023regulatione-1998729238","p1":"ungeshine","p2":"whyismynamejeff","format":"[Gen 9] VGC 2023 Regulation E","log":"|j|\u2606ungeshine\n|j|\u2606whyismynamejeff\n|t:|1700979106\n|gametype|doubles\n|player|p1|ungeshine|2|1000\n|player|p2|whyismynamejeff|colress|1053\n|teamsize|p1|6\n|teamsize|p2|6\n|gen|9\n|tier|[Gen 9] VGC 2023 Regulation E\n|rated|\n|rule|Species Clause: Limit one of each Pok\u00e9mon\n|rule|Item Clause: Limit one of each item\n|clearpoke\n|poke|p1|Glimmora, L50, F|\n|poke|p1|Dondozo, L50, F|\n|poke|p1|Tatsugiri, L50, F|\n|poke|p1|Ogerpon-Wellspring, L50, F|\n|poke|p1|Chien-Pao, L50|\n|poke|p1|Roaring Moon, L50|\n|poke|p2|Ogerpon-Wellspring, L50, F|\n|poke|p2|Regieleki, L50|\n|poke|p2|Indeedee-F, L50, F|\n|poke|p2|Tornadus, L50, M|\n|poke|p2|Chi-Yu, L50|\n|poke|p2|Flutter Mane, L50|\n|teampreview|4\n|inactive|Battle timer is ON: inactive players will automatically lose when time's up. (requested by ungeshine)\n|inactive|whyismynamejeff has 60 seconds left.\n|\n|t:|1700979154\n|start\n|switch|p1a: Roaring Moon|Roaring Moon, L50|100\/100\n|switch|p1b: Glimmora|Glimmora, L50, F|100\/100\n|switch|p2a: Tornadus|Tornadus, L50, M|100\/100\n|switch|p2b: Flutter Mane|Flutter Mane, L50|100\/100\n|-enditem|p1a: Roaring Moon|Booster Energy\n|-activate|p1a: Roaring Moon|ability: Protosynthesis|[fromitem]\n|-start|p1a: Roaring Moon|protosynthesisspe\n|turn|1\n|inactive|ungeshine has 30 seconds left.\n|inactive|ungeshine has 20 seconds left.\n|\n|t:|1700979189\n|move|p2a: Tornadus|Tailwind|p2a: Tornadus\n|-sidestart|p2: whyismynamejeff|move: Tailwind\n|move|p2b: Flutter Mane|Dazzling Gleam|p1b: Glimmora|[spread] p1a,p1b\n|-supereffective|p1a: Roaring Moon\n|-resisted|p1b: Glimmora\n|-damage|p1a: Roaring Moon|0 fnt\n|-damage|p1b: Glimmora|87\/100\n|faint|p1a: Roaring Moon\n|-end|p1a: Roaring Moon|Protosynthesis|[silent]\n|move|p1b: Glimmora|Toxic Spikes|p2b: Flutter Mane\n|-sidestart|p2: whyismynamejeff|move: Toxic Spikes\n|\n|upkeep\n|\n|t:|1700979198\n|switch|p1a: Dondozo|Dondozo, L50, F|100\/100\n|turn|2\n|\n|t:|1700979209\n|move|p1a: Dondozo|Protect|p1a: Dondozo\n|-singleturn|p1a: Dondozo|Protect\n|move|p2a: Tornadus|Rain Dance|p2a: Tornadus\n|-weather|RainDance\n|move|p2b: Flutter Mane|Shadow Ball|p1a: Dondozo\n|-activate|p1a: Dondozo|move: Protect\n|move|p1b: Glimmora|Power Gem|p2a: Tornadus\n|-supereffective|p2a: Tornadus\n|-damage|p2a: Tornadus|8\/100\n|\n|-weather|RainDance|[upkeep]\n|upkeep\n|turn|3\n|inactive|ungeshine has 30 seconds left.\n|inactive|ungeshine has 20 seconds left.\n|inactive|ungeshine has 15 seconds left.\n|inactive|ungeshine has 10 seconds left.\n|\n|t:|1700979257\n|switch|p1b: Tatsugiri|Tatsugiri, L50, F|100\/100\n|-activate|p1b: Tatsugiri|ability: Commander|[of] p1a: Dondozo\n|-boost|p1a: Dondozo|atk|2\n|-boost|p1a: Dondozo|spa|2\n|-boost|p1a: Dondozo|spe|2\n|-boost|p1a: Dondozo|def|2\n|-boost|p1a: Dondozo|spd|2\n|move|p2b: Flutter Mane|Moonblast|p1b: Tatsugiri|[miss]\n|-miss|p2b: Flutter Mane|p1b: Tatsugiri\n|move|p2a: Tornadus|Bleakwind Storm|p1a: Dondozo|[spread] p1a\n|-miss|p2a: Tornadus|p1b: Tatsugiri\n|-damage|p1a: Dondozo|82\/100\n|-unboost|p1a: Dondozo|spe|1\n|move|p1a: Dondozo|Body Press|p2a: Tornadus\n|-resisted|p2a: Tornadus\n|-crit|p2a: Tornadus\n|-damage|p2a: Tornadus|0 fnt\n|faint|p2a: Tornadus\n|\n|-weather|RainDance|[upkeep]\n|-heal|p1a: Dondozo|88\/100|[from] item: Leftovers\n|upkeep\n|\n|t:|1700979282\n|switch|p2a: Regieleki|Regieleki, L50|100\/100\n|-status|p2a: Regieleki|psn\n|turn|4\n|\n|t:|1700979289\n|move|p2b: Flutter Mane|Protect|p2b: Flutter Mane\n|-singleturn|p2b: Flutter Mane|Protect\n|move|p1a: Dondozo|Protect|p1a: Dondozo\n|-singleturn|p1a: Dondozo|Protect\n|move|p2a: Regieleki|Thunderbolt|p1a: Dondozo\n|-activate|p1a: Dondozo|move: Protect\n|\n|-weather|RainDance|[upkeep]\n|-heal|p1a: Dondozo|94\/100|[from] item: Leftovers\n|-damage|p2a: Regieleki|88\/100 psn|[from] psn\n|-sideend|p2: whyismynamejeff|move: Tailwind\n|upkeep\n|turn|5\n|\n|t:|1700979302\n|-terastallize|p1a: Dondozo|Fairy\n|move|p2a: Regieleki|Thunderbolt|p1a: Dondozo\n|-damage|p1a: Dondozo|66\/100\n|-status|p1a: Dondozo|par\n|move|p2b: Flutter Mane|Moonblast|p1a: Dondozo\n|-damage|p1a: Dondozo|43\/100 par\n|cant|p1a: Dondozo|par\n|\n|-weather|RainDance|[upkeep]\n|-heal|p1a: Dondozo|49\/100 par|[from] item: Leftovers\n|-damage|p2a: Regieleki|76\/100 psn|[from] psn\n|upkeep\n|turn|6\n|inactive|whyismynamejeff has 30 seconds left.\n|\n|t:|1700979335\n|move|p2a: Regieleki|Protect|p2a: Regieleki\n|-singleturn|p2a: Regieleki|Protect\n|move|p1a: Dondozo|Protect|p1a: Dondozo\n|-singleturn|p1a: Dondozo|Protect\n|move|p2b: Flutter Mane|Moonblast|p1a: Dondozo\n|-activate|p1a: Dondozo|move: Protect\n|\n|-weather|none\n|-heal|p1a: Dondozo|55\/100 par|[from] item: Leftovers\n|-damage|p2a: Regieleki|63\/100 psn|[from] psn\n|upkeep\n|turn|7\n|\n|t:|1700979352\n|move|p2a: Regieleki|Thunderbolt|p1a: Dondozo\n|-damage|p1a: Dondozo|29\/100 par\n|move|p2b: Flutter Mane|Moonblast|p1a: Dondozo\n|-damage|p1a: Dondozo|7\/100 par\n|move|p1a: Dondozo|Body Press|p2a: Regieleki\n|-damage|p2a: Regieleki|0 fnt\n|faint|p2a: Regieleki\n|\n|-heal|p1a: Dondozo|14\/100 par|[from] item: Leftovers\n|upkeep\n|\n|t:|1700979365\n|switch|p2a: Ogerpon|Ogerpon-Wellspring, L50, F|100\/100\n|-status|p2a: Ogerpon|psn\n|turn|8\n|\n|t:|1700979373\n|move|p1a: Dondozo|Protect|p1a: Dondozo\n|-singleturn|p1a: Dondozo|Protect\n|move|p2b: Flutter Mane|Moonblast|p1a: Dondozo\n|-activate|p1a: Dondozo|move: Protect\n|move|p2a: Ogerpon|Swords Dance|p2a: Ogerpon\n|-boost|p2a: Ogerpon|atk|2\n|\n|-heal|p1a: Dondozo|20\/100 par|[from] item: Leftovers\n|-damage|p2a: Ogerpon|88\/100 psn|[from] psn\n|upkeep\n|turn|9\n|-message|ungeshine forfeited.\n|\n|win|whyismynamejeff\n|raw|ungeshine's rating: 1000 &rarr; <strong>1000<\/strong><br \/>(+0 for losing)\n|raw|whyismynamejeff's rating: 1053 &rarr; <strong>1080<\/strong><br \/>(+27 for winning)\n|l|\u2606ungeshine\n","uploadtime":1700979388,"views":13,"p1id":"ungeshine","p2id":"whyismynamejeff","formatid":"gen9vgc2023regulatione","rating":1000,"private":0,"password":""}