{"id":"gen9vgc2023regulatione-1990732194","p1":"wdytyaia","p2":"extrafabulous","format":"[Gen 9] VGC 2023 Regulation E","log":"|j|\u2606wdytyaia\n|j|\u2606extrafabulous\n|t:|1699995690\n|gametype|doubles\n|player|p1|wdytyaia|may-masters|1091\n|player|p2|extrafabulous|2|1144\n|teamsize|p1|6\n|teamsize|p2|6\n|gen|9\n|tier|[Gen 9] VGC 2023 Regulation E\n|rated|\n|rule|Species Clause: Limit one of each Pok\u00e9mon\n|rule|Item Clause: Limit one of each item\n|clearpoke\n|poke|p1|Roaring Moon, L50|\n|poke|p1|Arcanine-Hisui, L50, F|\n|poke|p1|Iron Hands, L50|\n|poke|p1|Amoonguss, L50, F|\n|poke|p1|Gholdengo, L50|\n|poke|p1|Zapdos-Galar, L50|\n|poke|p2|Amoonguss, L50, M|\n|poke|p2|Pelipper, L50, F|\n|poke|p2|Gholdengo, L50|\n|poke|p2|Urshifu-*, L50, M|\n|poke|p2|Ogerpon-Wellspring, L50, F|\n|poke|p2|Tornadus, L50, M|\n|teampreview|4\n|inactive|Battle timer is ON: inactive players will automatically lose when time's up. (requested by extrafabulous)\nwdytyaia has agreed to open team sheets.\n|inactive|wdytyaia has 60 seconds left.\n|\n|t:|1699995731\n|start\n|switch|p1a: Iron Hands|Iron Hands, L50|100\/100\n|switch|p1b: Zapdos|Zapdos-Galar, L50|100\/100\n|switch|p2a: Tornadus|Tornadus, L50, M|100\/100\n|switch|p2b: Urshifu|Urshifu-Rapid-Strike, L50, M|100\/100\n|turn|1\n|inactive|extrafabulous has 30 seconds left.\n|inactive|extrafabulous has 20 seconds left.\n|inactive|extrafabulous has 15 seconds left.\n|inactive|extrafabulous has 10 seconds left.\n|inactive|extrafabulous has 5 seconds left.\n|\n|t:|1699995786\n|move|p2a: Tornadus|Tailwind|p2a: Tornadus\n|-sidestart|p2: extrafabulous|move: Tailwind\n|move|p2b: Urshifu|Surging Strikes|p1b: Zapdos\n|-crit|p1b: Zapdos\n|-damage|p1b: Zapdos|71\/100\n|-crit|p1b: Zapdos\n|-damage|p1b: Zapdos|43\/100\n|-crit|p1b: Zapdos\n|-damage|p1b: Zapdos|14\/100\n|-hitcount|p1b: Zapdos|3\n|move|p1b: Zapdos|U-turn|p2a: Tornadus\n|-resisted|p2a: Tornadus\n|-damage|p2a: Tornadus|83\/100\n|\n|t:|1699995796\n|switch|p1b: Amoonguss|Amoonguss, L50, F|100\/100|[from] U-turn\n|move|p1a: Iron Hands|Wild Charge|p2a: Tornadus\n|-supereffective|p2a: Tornadus\n|-damage|p2a: Tornadus|0 fnt\n|faint|p2a: Tornadus\n|-damage|p1a: Iron Hands|84\/100|[from] Recoil\n|\n|upkeep\n|inactive|extrafabulous has 30 seconds left.\n|inactive|extrafabulous has 20 seconds left.\n|inactive|extrafabulous has 15 seconds left.\n|inactive|extrafabulous has 10 seconds left.\n|\n|t:|1699995843\n|switch|p2a: Amoonguss|Amoonguss, L50, M, shiny|100\/100\n|turn|2\n|\n|t:|1699995859\n|switch|p2b: Ogerpon|Ogerpon-Wellspring, L50, F|100\/100\n|move|p2a: Amoonguss|Spore|p1a: Iron Hands\n|-status|p1a: Iron Hands|slp|[from] move: Spore\n|cant|p1a: Iron Hands|slp\n|move|p1b: Amoonguss|Spore|p2b: Ogerpon\n|-immune|p2b: Ogerpon\n|\n|upkeep\n|turn|3\n|inactive|extrafabulous has 30 seconds left.\n|inactive|extrafabulous has 20 seconds left.\n|inactive|extrafabulous has 15 seconds left.\n|inactive|extrafabulous has 10 seconds left.\n|inactive|extrafabulous has 5 seconds left.\n|\n|t:|1699995914\n|move|p2b: Ogerpon|Ivy Cudgel|p1a: Iron Hands|[anim] Ivy Cudgel Water\n|-crit|p1a: Iron Hands\n|-damage|p1a: Iron Hands|29\/100 slp\n|move|p2a: Amoonguss|Clear Smog|p1b: Amoonguss\n|-damage|p1b: Amoonguss|87\/100\n|-clearboost|p1b: Amoonguss\n|cant|p1a: Iron Hands|slp\n|move|p1b: Amoonguss|Pollen Puff|p2b: Ogerpon\n|-supereffective|p2b: Ogerpon\n|-damage|p2b: Ogerpon|66\/100\n|\n|upkeep\n|turn|4\n|\n|t:|1699995929\n|move|p2b: Ogerpon|Ivy Cudgel|p1a: Iron Hands|[anim] Ivy Cudgel Water\n|-damage|p1a: Iron Hands|0 fnt\n|faint|p1a: Iron Hands\n|-end|p1a: Iron Hands|Quark Drive|[silent]\n|move|p2a: Amoonguss|Pollen Puff|p2b: Ogerpon\n|-heal|p2b: Ogerpon|100\/100\n|move|p1b: Amoonguss|Pollen Puff|p1: Iron Hands|[notarget]\n|-fail|p1b: Amoonguss\n|\n|-sideend|p2: extrafabulous|move: Tailwind\n|upkeep\n|\n|t:|1699995935\n|switch|p1a: Zapdos|Zapdos-Galar, L50|14\/100\n|turn|5\n|\n|t:|1699995948\n|move|p2a: Amoonguss|Rage Powder|p2a: Amoonguss\n|-singleturn|p2a: Amoonguss|move: Rage Powder\n|move|p1a: Zapdos|Brave Bird|p2a: Amoonguss\n|-supereffective|p2a: Amoonguss\n|-damage|p2a: Amoonguss|0 fnt\n|faint|p2a: Amoonguss\n|-damage|p1a: Zapdos|0 fnt|[from] Recoil\n|faint|p1a: Zapdos\n|move|p2b: Ogerpon|Ivy Cudgel|p1b: Amoonguss|[anim] Ivy Cudgel Water\n|-resisted|p1b: Amoonguss\n|-damage|p1b: Amoonguss|66\/100\n|move|p1b: Amoonguss|Pollen Puff|p2b: Ogerpon\n|-supereffective|p2b: Ogerpon\n|-damage|p2b: Ogerpon|64\/100\n|\n|upkeep\n|\n|t:|1699995958\n|switch|p1a: Roaring Moon|Roaring Moon, L50|100\/100\n|switch|p2a: Urshifu|Urshifu-Rapid-Strike, L50, M|100\/100\n|-enditem|p1a: Roaring Moon|Booster Energy\n|-activate|p1a: Roaring Moon|ability: Protosynthesis|[fromitem]\n|-start|p1a: Roaring Moon|protosynthesisspe\n|turn|6\n|\n|t:|1699995971\n|-terastallize|p2a: Urshifu|Water\n|move|p1b: Amoonguss|Rage Powder|p1b: Amoonguss\n|-singleturn|p1b: Amoonguss|move: Rage Powder\n|move|p1a: Roaring Moon|Breaking Swipe|p2a: Urshifu|[spread] p2a,p2b\n|-damage|p2a: Urshifu|81\/100\n|-damage|p2b: Ogerpon|32\/100\n|-unboost|p2a: Urshifu|atk|1\n|-unboost|p2b: Ogerpon|atk|1\n|move|p2b: Ogerpon|Ivy Cudgel|p1a: Roaring Moon|[anim] Ivy Cudgel Water\n|-resisted|p1a: Roaring Moon\n|-damage|p1a: Roaring Moon|85\/100\n|move|p2a: Urshifu|Surging Strikes|p1b: Amoonguss\n|-resisted|p1b: Amoonguss\n|-crit|p1b: Amoonguss\n|-damage|p1b: Amoonguss|54\/100\n|-resisted|p1b: Amoonguss\n|-crit|p1b: Amoonguss\n|-damage|p1b: Amoonguss|41\/100\n|-enditem|p1b: Amoonguss|Sitrus Berry|[eat]\n|-heal|p1b: Amoonguss|66\/100|[from] item: Sitrus Berry\n|-resisted|p1b: Amoonguss\n|-crit|p1b: Amoonguss\n|-damage|p1b: Amoonguss|54\/100\n|-hitcount|p1b: Amoonguss|3\n|\n|upkeep\n|turn|7\n|inactive|wdytyaia has 30 seconds left.\n|\n|t:|1699996005\n|move|p1b: Amoonguss|Rage Powder|p1b: Amoonguss\n|-singleturn|p1b: Amoonguss|move: Rage Powder\n|move|p1a: Roaring Moon|Breaking Swipe|p2a: Urshifu|[spread] p2a,p2b\n|-damage|p2a: Urshifu|59\/100\n|-damage|p2b: Ogerpon|1\/100\n|-unboost|p2a: Urshifu|atk|1\n|-unboost|p2b: Ogerpon|atk|1\n|move|p2b: Ogerpon|Horn Leech|p1b: Amoonguss\n|-resisted|p1b: Amoonguss\n|-damage|p1b: Amoonguss|51\/100\n|-heal|p2b: Ogerpon|4\/100|[from] drain|[of] p1b: Amoonguss\n|move|p2a: Urshifu|Surging Strikes|p1b: Amoonguss\n|-resisted|p1b: Amoonguss\n|-crit|p1b: Amoonguss\n|-damage|p1b: Amoonguss|38\/100\n|-resisted|p1b: Amoonguss\n|-crit|p1b: Amoonguss\n|-damage|p1b: Amoonguss|26\/100\n|-resisted|p1b: Amoonguss\n|-crit|p1b: Amoonguss\n|-damage|p1b: Amoonguss|15\/100\n|-hitcount|p1b: Amoonguss|3\n|\n|upkeep\n|turn|8\n|inactive|wdytyaia has 30 seconds left.\n|inactive|wdytyaia has 20 seconds left.\n|inactive|wdytyaia has 15 seconds left.\n|\n|t:|1699996047\n|move|p2b: Ogerpon|Spiky Shield|p2b: Ogerpon\n|-singleturn|p2b: Ogerpon|move: Protect\n|move|p1b: Amoonguss|Rage Powder|p1b: Amoonguss\n|-singleturn|p1b: Amoonguss|move: Rage Powder\n|move|p1a: Roaring Moon|Breaking Swipe|p2b: Ogerpon|[spread] p2a\n|-activate|p2b: Ogerpon|move: Protect\n|-damage|p1a: Roaring Moon|73\/100|[from] Spiky Shield|[of] p2b: Ogerpon\n|-damage|p2a: Urshifu|38\/100\n|-unboost|p2a: Urshifu|atk|1\n|move|p2a: Urshifu|Surging Strikes|p1b: Amoonguss\n|-resisted|p1b: Amoonguss\n|-crit|p1b: Amoonguss\n|-damage|p1b: Amoonguss|1\/100\n|-resisted|p1b: Amoonguss\n|-crit|p1b: Amoonguss\n|-damage|p1b: Amoonguss|0 fnt\n|faint|p1b: Amoonguss\n|-hitcount|p1: Amoonguss|2\n|\n|upkeep\n|turn|9\n|\n|t:|1699996065\n|move|p1a: Roaring Moon|Knock Off|p2a: Urshifu\n|-damage|p2a: Urshifu|0 fnt\n|-enditem|p2a: Urshifu|Mystic Water|[from] move: Knock Off|[of] p1a: Roaring Moon\n|faint|p2a: Urshifu\n|move|p2b: Ogerpon|Ivy Cudgel|p1a: Roaring Moon|[anim] Ivy Cudgel Water\n|-resisted|p1a: Roaring Moon\n|-crit|p1a: Roaring Moon\n|-damage|p1a: Roaring Moon|35\/100\n|\n|upkeep\n|turn|10\n|\n|t:|1699996075\n|move|p1a: Roaring Moon|Breaking Swipe|p2b: Ogerpon\n|-damage|p2b: Ogerpon|0 fnt\n|faint|p2b: Ogerpon\n|\n|win|wdytyaia\n|raw|wdytyaia's rating: 1091 &rarr; <strong>1121<\/strong><br \/>(+30 for winning)\n|raw|extrafabulous's rating: 1144 &rarr; <strong>1115<\/strong><br \/>(-29 for losing)\n|l|\u2606extrafabulous\n","uploadtime":1699996101,"views":7,"p1id":"wdytyaia","p2id":"extrafabulous","formatid":"gen9vgc2023regulatione","rating":1115,"private":0,"password":""}