{"id":"gen9vgc2023regulatione-1989062538","p1":"beeki","p2":"NiceSimplicity","format":"[Gen 9] VGC 2023 Regulation E","log":"|j|\u2606beeki\n|j|\u2606NiceSimplicity\n|t:|1699808042\n|gametype|doubles\n|player|p1|beeki|larry|1269\n|player|p2|NiceSimplicity|169|1278\n|teamsize|p1|6\n|teamsize|p2|6\n|gen|9\n|tier|[Gen 9] VGC 2023 Regulation E\n|rated|\n|rule|Species Clause: Limit one of each Pok\u00e9mon\n|rule|Item Clause: Limit one of each item\n|clearpoke\n|poke|p1|Urshifu-*, L50, F|\n|poke|p1|Tornadus, L50, M|\n|poke|p1|Gholdengo, L50|\n|poke|p1|Ogerpon-Wellspring, L50, F|\n|poke|p1|Heatran, L50, M|\n|poke|p1|Rillaboom, L50, M|\n|poke|p2|Dragapult, L50, M|\n|poke|p2|Annihilape, L50, M|\n|poke|p2|Clefable, L50, F|\n|poke|p2|Volcarona, L50, F|\n|poke|p2|Sableye, L50, F|\n|poke|p2|Tornadus, L50, M|\n|teampreview|4\n|inactive|Battle timer is ON: inactive players will automatically lose when time's up. (requested by NiceSimplicity)\n|\n|t:|1699808076\n|start\n|switch|p1a: Tornadus|Tornadus, L50, M|100\/100\n|switch|p1b: Urshifu|Urshifu, L50, F|100\/100\n|switch|p2a: Dragapult|Dragapult, L50, M|100\/100\n|switch|p2b: Annihilape|Annihilape, L50, M|100\/100\n|turn|1\n|\n|t:|1699808096\n|-terastallize|p2a: Dragapult|Steel\n|move|p1b: Urshifu|Sucker Punch|p2a: Dragapult\n|-damage|p2a: Dragapult|49\/100\n|move|p2b: Annihilape|Vacuum Wave|p2a: Dragapult\n|-supereffective|p2a: Dragapult\n|-damage|p2a: Dragapult|31\/100\n|-enditem|p2a: Dragapult|Weakness Policy\n|-boost|p2a: Dragapult|atk|2|[from] item: Weakness Policy\n|-boost|p2a: Dragapult|spa|2|[from] item: Weakness Policy\n|move|p2a: Dragapult|Psychic Fangs|p1b: Urshifu\n|-immune|p1b: Urshifu\n|move|p1a: Tornadus|Bleakwind Storm|p2b: Annihilape|[spread] p2a,p2b\n|-resisted|p2a: Dragapult\n|-supereffective|p2b: Annihilape\n|-damage|p2a: Dragapult|6\/100\n|-damage|p2b: Annihilape|48\/100\n|-unboost|p2b: Annihilape|spe|1\n|-ability|p2b: Annihilape|Defiant|boost\n|-boost|p2b: Annihilape|atk|2\n|\n|upkeep\n|turn|2\n|c|\u2606beeki|??\n|inactive|beeki has 30 seconds left.\n|inactive|NiceSimplicity has 30 seconds left.\n|inactive|beeki has 20 seconds left.\n|inactive|beeki has 15 seconds left.\n|inactive|beeki has 10 seconds left.\n|\n|t:|1699808145\n|move|p2a: Dragapult|Sucker Punch|p1b: Urshifu\n|-resisted|p1b: Urshifu\n|-damage|p1b: Urshifu|88\/100\n|move|p1a: Tornadus|Tailwind|p1a: Tornadus\n|-sidestart|p1: beeki|move: Tailwind\n|move|p1b: Urshifu|Wicked Blow|p2b: Annihilape\n|-crit|p2b: Annihilape\n|-damage|p2b: Annihilape|0 fnt\n|faint|p2b: Annihilape\n|\n|upkeep\n|\n|t:|1699808155\n|switch|p2b: Clefable|Clefable, L50, F|100\/100\n|turn|3\n|\n|t:|1699808174\n|move|p2b: Clefable|Follow Me|p2b: Clefable\n|-singleturn|p2b: Clefable|move: Follow Me\n|move|p2a: Dragapult|Sucker Punch|p1a: Tornadus\n|-damage|p1a: Tornadus|40\/100\n|move|p1b: Urshifu|Wicked Blow|p2b: Clefable\n|-resisted|p2b: Clefable\n|-crit|p2b: Clefable\n|-damage|p2b: Clefable|73\/100\n|move|p1a: Tornadus|Bleakwind Storm|p2b: Clefable|[spread] p2a,p2b\n|-resisted|p2a: Dragapult\n|-damage|p2a: Dragapult|0 fnt\n|-damage|p2b: Clefable|37\/100\n|faint|p2a: Dragapult\n|\n|-heal|p2b: Clefable|43\/100|[from] item: Leftovers\n|upkeep\n|\n|t:|1699808188\n|switch|p2a: Tornadus|Tornadus, L50, M|100\/100\n|turn|4\n|\n|t:|1699808208\n|-terastallize|p1b: Urshifu|Dark\n|move|p2b: Clefable|Follow Me|p2b: Clefable\n|-singleturn|p2b: Clefable|move: Follow Me\n|move|p1b: Urshifu|Sucker Punch||[still]\n|-fail|p1b: Urshifu\n|move|p2a: Tornadus|Tailwind|p2a: Tornadus\n|-sidestart|p2: NiceSimplicity|move: Tailwind\n|move|p1a: Tornadus|Bleakwind Storm|p2b: Clefable|[spread] \n|-miss|p1a: Tornadus|p2a: Tornadus\n|-miss|p1a: Tornadus|p2b: Clefable\n|\n|-heal|p2b: Clefable|49\/100|[from] item: Leftovers\n|upkeep\n|turn|5\n|\n|t:|1699808232\n|move|p1b: Urshifu|Detect|p1b: Urshifu\n|-singleturn|p1b: Urshifu|Protect\n|move|p2b: Clefable|Follow Me|p2b: Clefable\n|-singleturn|p2b: Clefable|move: Follow Me\n|move|p2a: Tornadus|Bleakwind Storm|p1b: Urshifu|[spread] p1a\n|-activate|p1b: Urshifu|move: Protect\n|-damage|p1a: Tornadus|0 fnt\n|faint|p1a: Tornadus\n|\n|-heal|p2b: Clefable|55\/100|[from] item: Leftovers\n|-sideend|p1: beeki|move: Tailwind\n|upkeep\n|\n|t:|1699808241\n|switch|p1a: Heatran|Heatran, L50, M|100\/100\n|turn|6\n|\n|t:|1699808259\n|switch|p1b: Ogerpon|Ogerpon-Wellspring, L50, F|100\/100\n|move|p2b: Clefable|Follow Me|p2b: Clefable\n|-singleturn|p2b: Clefable|move: Follow Me\n|move|p2a: Tornadus|Chilling Water|p1a: Heatran\n|-supereffective|p1a: Heatran\n|-damage|p1a: Heatran|68\/100\n|-unboost|p1a: Heatran|atk|1\n|move|p1a: Heatran|Flash Cannon|p2b: Clefable\n|-supereffective|p2b: Clefable\n|-damage|p2b: Clefable|0 fnt\n|faint|p2b: Clefable\n|-damage|p1a: Heatran|59\/100|[from] item: Life Orb\n|\n|upkeep\n|turn|7\n|\n|t:|1699808276\n|move|p2a: Tornadus|Bleakwind Storm|p1b: Ogerpon|[spread] p1b\n|-miss|p2a: Tornadus|p1a: Heatran\n|-supereffective|p1b: Ogerpon\n|-damage|p1b: Ogerpon|21\/100\n|move|p1b: Ogerpon|Ivy Cudgel|p2a: Tornadus\n|-damage|p2a: Tornadus|19\/100\n|move|p1a: Heatran|Flash Cannon|p2a: Tornadus\n|-damage|p2a: Tornadus|0 fnt\n|faint|p2a: Tornadus\n|-damage|p1a: Heatran|49\/100|[from] item: Life Orb\n|\n|win|beeki\n|raw|beeki's rating: 1269 &rarr; <strong>1295<\/strong><br \/>(+26 for winning)\n|raw|NiceSimplicity's rating: 1278 &rarr; <strong>1252<\/strong><br \/>(-26 for losing)\n|c|\u2606beeki|Er\n|c|\u2606beeki|Gg\n|c|\u2606NiceSimplicity|gg\n|c|\u2606NiceSimplicity|miss click before\n","uploadtime":1699808306,"views":18,"p1id":"beeki","p2id":"nicesimplicity","formatid":"gen9vgc2023regulatione","rating":1252,"private":0,"password":""}