{"id":"gen9vgc2023regulatione-1990037457","p1":"Rexluser","p2":"nchfgcc","format":"[Gen 9] VGC 2023 Regulation E","log":"|j|\u2606Rexluser\n|j|\u2606nchfgcc\n|t:|1699917831\n|gametype|doubles\n|player|p1|Rexluser|2|1071\n|player|p2|nchfgcc|102|1000\n|teamsize|p1|6\n|teamsize|p2|6\n|gen|9\n|tier|[Gen 9] VGC 2023 Regulation E\n|rated|\n|rule|Species Clause: Limit one of each Pok\u00e9mon\n|rule|Item Clause: Limit one of each item\n|clearpoke\n|poke|p1|Enamorus, L50, F|\n|poke|p1|Passimian, L50, M|\n|poke|p1|Dugtrio-Alola, L50, F|\n|poke|p1|Tornadus, L50, M|\n|poke|p1|Farigiraf, L50, M|\n|poke|p1|Rillaboom, L50, F|\n|poke|p2|Garganacl, L50, F|\n|poke|p2|Ninetales-Alola, L50, M|\n|poke|p2|Breloom, L50, M|\n|poke|p2|Iron Hands, L50|\n|poke|p2|Gastrodon, L50, F|\n|poke|p2|Rotom-Heat, L50|\n|teampreview|4\n|inactive|Battle timer is ON: inactive players will automatically lose when time's up. (requested by Rexluser)\n|inactive|nchfgcc has 60 seconds left.\n|inactive|nchfgcc has 30 seconds left.\n|inactive|nchfgcc has 20 seconds left.\n|inactive|nchfgcc has 15 seconds left.\n|inactive|nchfgcc has 10 seconds left.\n|inactive|nchfgcc has 5 seconds left.\n|\n|t:|1699917928\n|start\n|switch|p1a: Enamorus|Enamorus, L50, F|100\/100\n|switch|p1b: Passimian|Passimian, L50, M|100\/100\n|switch|p2a: Garganacl|Garganacl, L50, F|100\/100\n|switch|p2b: Ninetales|Ninetales-Alola, L50, M|100\/100\n|-weather|Snow|[from] ability: Snow Warning|[of] p2b: Ninetales\n|turn|1\n|inactive|nchfgcc has 30 seconds left.\n|inactive|nchfgcc has 20 seconds left.\n|inactive|nchfgcc has 15 seconds left.\n|inactive|nchfgcc has 10 seconds left.\n|inactive|nchfgcc has 5 seconds left.\n|\n|t:|1699917983\n|move|p1b: Passimian|Protect|p1b: Passimian\n|-singleturn|p1b: Passimian|Protect\n|move|p2b: Ninetales|Blizzard|p1b: Passimian|[spread] p1a\n|-activate|p1b: Passimian|move: Protect\n|-supereffective|p1a: Enamorus\n|-damage|p1a: Enamorus|33\/100\n|move|p1a: Enamorus|Misty Explosion|p2b: Ninetales|[spread] p2a,p2b\n|-activate|p1b: Passimian|move: Protect\n|-damage|p2a: Garganacl|60\/100\n|-damage|p2b: Ninetales|39\/100\n|faint|p1a: Enamorus\n|-ability|p1b: Passimian|Contrary|[from] ability: Receiver|[of] p1a: Enamorus\n|move|p2a: Garganacl|Salt Cure|p1b: Passimian\n|-activate|p1b: Passimian|move: Protect\n|\n|-weather|Snow|[upkeep]\n|-heal|p2a: Garganacl|66\/100|[from] item: Leftovers\n|upkeep\n|\n|t:|1699917999\n|switch|p1a: Dugtrio|Dugtrio-Alola, L50, F|100\/100\n|turn|2\n|inactive|nchfgcc has 30 seconds left.\n|inactive|nchfgcc has 20 seconds left.\n|inactive|nchfgcc has 15 seconds left.\n|inactive|nchfgcc has 10 seconds left.\n|inactive|nchfgcc has 5 seconds left.\n|\n|t:|1699918054\n|-terastallize|p1b: Passimian|Fire\n|move|p1a: Dugtrio|Charm|p1b: Passimian\n|-boost|p1b: Passimian|atk|2\n|move|p2b: Ninetales|Blizzard|p1a: Dugtrio|[spread] p1a,p1b\n|-resisted|p1b: Passimian\n|-damage|p1a: Dugtrio|52\/100\n|-damage|p1b: Passimian|83\/100\n|move|p1b: Passimian|Close Combat|p2a: Garganacl\n|-supereffective|p2a: Garganacl\n|-damage|p2a: Garganacl|0 fnt\n|-boost|p1b: Passimian|def|1\n|-boost|p1b: Passimian|spd|1\n|faint|p2a: Garganacl\n|\n|-weather|Snow|[upkeep]\n|-heal|p1b: Passimian|89\/100|[from] item: Leftovers\n|upkeep\n|inactive|nchfgcc has 30 seconds left.\n|inactive|nchfgcc has 20 seconds left.\n|inactive|nchfgcc has 15 seconds left.\n|inactive|nchfgcc has 10 seconds left.\n|inactive|nchfgcc has 5 seconds left.\n|\n|t:|1699918109\n|switch|p2a: Breloom|Breloom, L50, M|100\/100\n|turn|3\n|\n|t:|1699918133\n|move|p1a: Dugtrio|Charm|p1b: Passimian\n|-boost|p1b: Passimian|atk|2\n|move|p2b: Ninetales|Aurora Veil|p2b: Ninetales\n|-sidestart|p2: nchfgcc|move: Aurora Veil\n|move|p1b: Passimian|Close Combat|p2a: Breloom\n|-enditem|p2a: Breloom|Focus Sash\n|-damage|p2a: Breloom|1\/100\n|-boost|p1b: Passimian|def|1\n|-boost|p1b: Passimian|spd|1\n|move|p2a: Breloom|Toxic|p1b: Passimian\n|-status|p1b: Passimian|tox\n|\n|-weather|Snow|[upkeep]\n|-heal|p1b: Passimian|95\/100 tox|[from] item: Leftovers\n|-damage|p1b: Passimian|89\/100 tox|[from] psn\n|upkeep\n|turn|4\n|\n|t:|1699918153\n|move|p2b: Ninetales|Protect|p2b: Ninetales\n|-singleturn|p2b: Ninetales|Protect\n|move|p2a: Breloom|Protect|p2a: Breloom\n|-singleturn|p2a: Breloom|Protect\n|move|p1a: Dugtrio|Charm|p1b: Passimian\n|-boost|p1b: Passimian|atk|2\n|move|p1b: Passimian|Close Combat|p2b: Ninetales\n|-activate|p2b: Ninetales|move: Protect\n|\n|-weather|Snow|[upkeep]\n|-heal|p1b: Passimian|95\/100 tox|[from] item: Leftovers\n|-damage|p1b: Passimian|83\/100 tox|[from] psn\n|upkeep\n|turn|5\n|\n|t:|1699918172\n|move|p2a: Breloom|Mach Punch|p1a: Dugtrio\n|-supereffective|p1a: Dugtrio\n|-damage|p1a: Dugtrio|0 fnt\n|-ability|p1a: Dugtrio|Tangling Hair\n|-unboost|p2a: Breloom|spe|1\n|faint|p1a: Dugtrio\n|move|p2b: Ninetales|Blizzard|p1b: Passimian\n|-resisted|p1b: Passimian\n|-damage|p1b: Passimian|70\/100 tox\n|move|p1b: Passimian|Close Combat|p2b: Ninetales\n|-damage|p2b: Ninetales|0 fnt\n|-boost|p1b: Passimian|def|1\n|-boost|p1b: Passimian|spd|1\n|faint|p2b: Ninetales\n|\n|-weather|none\n|-heal|p1b: Passimian|77\/100 tox|[from] item: Leftovers\n|-damage|p1b: Passimian|58\/100 tox|[from] psn\n|upkeep\n|\n|t:|1699918184\n|switch|p1a: Rillaboom|Rillaboom, L50, F|100\/100\n|switch|p2b: Iron Hands|Iron Hands, L50|100\/100\n|-fieldstart|move: Grassy Terrain|[from] ability: Grassy Surge|[of] p1a: Rillaboom\n|turn|6\n|\n|t:|1699918193\n|move|p2a: Breloom|Protect|p2a: Breloom\n|-singleturn|p2a: Breloom|Protect\n|move|p1a: Rillaboom|Fake Out|p2b: Iron Hands\n|-damage|p2b: Iron Hands|94\/100\n|cant|p2b: Iron Hands|flinch\n|move|p1b: Passimian|Drain Punch|p2b: Iron Hands\n|-damage|p2b: Iron Hands|25\/100\n|-heal|p1b: Passimian|100\/100 tox|[from] drain|[of] p2b: Iron Hands\n|\n|-heal|p2b: Iron Hands|31\/100|[from] Grassy Terrain\n|-heal|p2a: Breloom|7\/100|[from] Grassy Terrain\n|-damage|p1b: Passimian|76\/100 tox|[from] psn\n|upkeep\n|turn|7\n|-message|nchfgcc forfeited.\n|\n|win|Rexluser\n|raw|Rexluser's rating: 1071 &rarr; <strong>1094<\/strong><br \/>(+23 for winning)\n|raw|nchfgcc's rating: 1000 &rarr; <strong>1000<\/strong><br \/>(+0 for losing)\n|l|\u2606nchfgcc\n","uploadtime":1699918203,"views":16,"p1id":"rexluser","p2id":"nchfgcc","formatid":"gen9vgc2023regulatione","rating":1000,"private":0,"password":""}