{"id":"gen9vgc2023regulatione-1987929045","p1":"RocketshipJakob","p2":"5Dbroccoli","format":"[Gen 9] VGC 2023 Regulation E","log":"|j|\u2606RocketshipJakob\n|j|\u26065Dbroccoli\n|t:|1699650130\n|gametype|doubles\n|player|p1|RocketshipJakob|265|1256\n|player|p2|5Dbroccoli|n|1188\n|teamsize|p1|6\n|teamsize|p2|6\n|gen|9\n|tier|[Gen 9] VGC 2023 Regulation E\n|rated|\n|rule|Species Clause: Limit one of each Pok\u00e9mon\n|rule|Item Clause: Limit one of each item\n|clearpoke\n|poke|p1|Flutter Mane, L50|\n|poke|p1|Gothitelle, L50, M|\n|poke|p1|Urshifu-*, L50, M|\n|poke|p1|Chien-Pao, L50|\n|poke|p1|Iron Hands, L50|\n|poke|p1|Tornadus, L50, M|\n|poke|p2|Arcanine-Hisui, L50, M|\n|poke|p2|Landorus-Therian, L50, M|\n|poke|p2|Iron Hands, L50|\n|poke|p2|Ogerpon-Wellspring, L50, F|\n|poke|p2|Chien-Pao, L50|\n|poke|p2|Dragonite, L50, F|\n|teampreview|4\n|inactive|Battle timer is ON: inactive players will automatically lose when time's up. (requested by 5Dbroccoli)\n|inactive|5Dbroccoli has 60 seconds left.\n|\n|t:|1699650172\n|start\n|switch|p1a: Flutter Mane|Flutter Mane, L50|100\/100\n|switch|p1b: Gothitelle|Gothitelle, L50, M|100\/100\n|switch|p2a: Iron Hands|Iron Hands, L50|100\/100\n|switch|p2b: Arcanine|Arcanine-Hisui, L50, M|100\/100\n|-ability|p2b: Arcanine|Intimidate|boost\n|-unboost|p1a: Flutter Mane|atk|1\n|-unboost|p1b: Gothitelle|atk|1\n|turn|1\n|\n|t:|1699650194\n|-terastallize|p1a: Flutter Mane|Fairy\n|move|p1b: Gothitelle|Fake Out|p2b: Arcanine\n|-resisted|p2b: Arcanine\n|-damage|p2b: Arcanine|98\/100\n|move|p1a: Flutter Mane|Moonblast|p2a: Iron Hands\n|-supereffective|p2a: Iron Hands\n|-damage|p2a: Iron Hands|0 fnt\n|faint|p2a: Iron Hands\n|-end|p2a: Iron Hands|Quark Drive|[silent]\n|cant|p2b: Arcanine|flinch\n|\n|upkeep\n|\n|t:|1699650207\n|switch|p2a: Ogerpon|Ogerpon-Wellspring, L50, F|100\/100\n|turn|2\n|\n|t:|1699650224\n|-end|p1a: Flutter Mane|Protosynthesis|[silent]\n|switch|p1a: Urshifu|Urshifu-Rapid-Strike, L50, M|100\/100\n|move|p2a: Ogerpon|Spiky Shield|p2a: Ogerpon\n|-singleturn|p2a: Ogerpon|move: Protect\n|move|p1b: Gothitelle|Protect|p1b: Gothitelle\n|-singleturn|p1b: Gothitelle|Protect\n|move|p2b: Arcanine|Flare Blitz|p1a: Urshifu\n|-resisted|p1a: Urshifu\n|-damage|p1a: Urshifu|66\/100\n|-damage|p2b: Arcanine|86\/100|[from] Recoil\n|\n|upkeep\n|turn|3\n|\n|t:|1699650241\n|move|p1b: Gothitelle|Helping Hand|p1a: Urshifu\n|-singleturn|p1a: Urshifu|Helping Hand|[of] p1b: Gothitelle\n|move|p1a: Urshifu|U-turn|p2a: Ogerpon\n|-supereffective|p2a: Ogerpon\n|-damage|p2a: Ogerpon|0 fnt\n|faint|p2a: Ogerpon\n|\n|t:|1699650249\n|switch|p1a: Flutter Mane|Flutter Mane, L50, tera:Fairy|100\/100|[from] U-turn\n|move|p2b: Arcanine|Flare Blitz|p1b: Gothitelle\n|-damage|p1b: Gothitelle|48\/100\n|-enditem|p1b: Gothitelle|Sitrus Berry|[eat]\n|-heal|p1b: Gothitelle|73\/100|[from] item: Sitrus Berry\n|-damage|p2b: Arcanine|68\/100|[from] Recoil\n|\n|upkeep\n|\n|t:|1699650251\n|switch|p2a: Chien-Pao|Chien-Pao, L50|100\/100\n|-ability|p2a: Chien-Pao|Sword of Ruin\n|turn|4\n|c|\u26065Dbroccoli|You are really outplaying me\n|c|\u2606RocketshipJakob|gg\n|inactive|5Dbroccoli has 30 seconds left.\n|\n|t:|1699650284\n|switch|p1b: Urshifu|Urshifu-Rapid-Strike, L50, M|66\/100\n|move|p2a: Chien-Pao|Crunch|p1b: Urshifu\n|-resisted|p1b: Urshifu\n|-damage|p1b: Urshifu|36\/100\n|move|p1a: Flutter Mane|Perish Song|p1a: Flutter Mane\n|-start|p1a: Flutter Mane|perish3|[silent]\n|-start|p1b: Urshifu|perish3|[silent]\n|-start|p2a: Chien-Pao|perish3|[silent]\n|-start|p2b: Arcanine|perish3|[silent]\n|-fieldactivate|move: Perish Song\n|move|p2b: Arcanine|Flare Blitz|p1a: Flutter Mane\n|-damage|p1a: Flutter Mane|0 fnt\n|faint|p1a: Flutter Mane\n|-end|p1a: Flutter Mane|Protosynthesis|[silent]\n|-damage|p2b: Arcanine|43\/100|[from] Recoil\n|\n|-start|p1b: Urshifu|perish3\n|-start|p2a: Chien-Pao|perish3\n|-start|p2b: Arcanine|perish3\n|upkeep\n|\n|t:|1699650299\n|switch|p1a: Gothitelle|Gothitelle, L50, M|73\/100\n|turn|5\n|\n|t:|1699650322\n|-terastallize|p2b: Arcanine|Grass\n|move|p1a: Gothitelle|Fake Out|p2a: Chien-Pao\n|-damage|p2a: Chien-Pao|91\/100\n|move|p2b: Arcanine|Extreme Speed|p1b: Urshifu\n|-damage|p1b: Urshifu|1\/100\n|move|p1b: Urshifu|Surging Strikes|p2b: Arcanine\n|-resisted|p2b: Arcanine\n|-crit|p2b: Arcanine\n|-damage|p2b: Arcanine|27\/100\n|-resisted|p2b: Arcanine\n|-crit|p2b: Arcanine\n|-damage|p2b: Arcanine|11\/100\n|-enditem|p2b: Arcanine|Iapapa Berry|[eat]\n|-heal|p2b: Arcanine|44\/100|[from] item: Iapapa Berry\n|-resisted|p2b: Arcanine\n|-crit|p2b: Arcanine\n|-damage|p2b: Arcanine|28\/100\n|-hitcount|p2b: Arcanine|3\n|cant|p2a: Chien-Pao|flinch\n|\n|-start|p1b: Urshifu|perish2\n|-start|p2a: Chien-Pao|perish2\n|-start|p2b: Arcanine|perish2\n|upkeep\n|turn|6\n|inactive|RocketshipJakob has 30 seconds left.\n|inactive|RocketshipJakob has 20 seconds left.\n|\n|t:|1699650358\n|move|p1a: Gothitelle|Protect|p1a: Gothitelle\n|-singleturn|p1a: Gothitelle|Protect\n|move|p2b: Arcanine|Extreme Speed|p1b: Urshifu\n|-damage|p1b: Urshifu|0 fnt\n|faint|p1b: Urshifu\n|move|p2a: Chien-Pao|Crunch|p1a: Gothitelle\n|-activate|p1a: Gothitelle|move: Protect\n|\n|-start|p2a: Chien-Pao|perish1\n|-start|p2b: Arcanine|perish1\n|upkeep\n|\n|t:|1699650369\n|switch|p1b: Chien-Pao|Chien-Pao, L50|100\/100\n|-ability|p1b: Chien-Pao|Sword of Ruin\n|turn|7\n|\n|t:|1699650380\n|move|p1b: Chien-Pao|Protect|p1b: Chien-Pao\n|-singleturn|p1b: Chien-Pao|Protect\n|move|p2a: Chien-Pao|Haze|p2a: Chien-Pao\n|-clearallboost\n|move|p2b: Arcanine|Flare Blitz|p1b: Chien-Pao\n|-activate|p1b: Chien-Pao|move: Protect\n|move|p1a: Gothitelle|Psychic|p2b: Arcanine\n|-damage|p2b: Arcanine|0 fnt\n|faint|p2b: Arcanine\n|\n|-start|p2a: Chien-Pao|perish0\n|faint|p2a: Chien-Pao\n|\n|win|RocketshipJakob\n|upkeep\n|raw|RocketshipJakob's rating: 1256 &rarr; <strong>1276<\/strong><br \/>(+20 for winning)\n|raw|5Dbroccoli's rating: 1188 &rarr; <strong>1168<\/strong><br \/>(-20 for losing)\n|c|\u26065Dbroccoli|gg\n|c|\u26065Dbroccoli|i really hoped haze would have worked\n|c|\u2606RocketshipJakob|lol\n|c|\u26065Dbroccoli|You played really good, gg\n|l|\u26065Dbroccoli\n|c|\u2606RocketshipJakob|thanks, gg\n|l|\u2606RocketshipJakob\n|j|\u2606RocketshipJakob\n|player|p1|RocketshipJakob|265\n","uploadtime":1699650483,"views":24,"p1id":"rocketshipjakob","p2id":"5dbroccoli","formatid":"gen9vgc2023regulatione","rating":1168,"private":0,"password":""}