{"id":"gen9vgc2023regulatione-1998525566","p1":"Inventor30","p2":"meesterkrebs","format":"[Gen 9] VGC 2023 Regulation E","log":"|j|\u2606Inventor30\n|j|\u2606meesterkrebs\n|t:|1700952280\n|gametype|doubles\n|player|p1|Inventor30|gambler|1117\n|player|p2|meesterkrebs|steven|1162\n|teamsize|p1|6\n|teamsize|p2|6\n|gen|9\n|tier|[Gen 9] VGC 2023 Regulation E\n|rated|\n|rule|Species Clause: Limit one of each Pok\u00e9mon\n|rule|Item Clause: Limit one of each item\n|clearpoke\n|poke|p1|Torterra, L50, F|\n|poke|p1|Tornadus, L50, M|\n|poke|p1|Baxcalibur, L50, F|\n|poke|p1|Ninetales-Alola, L50, M|\n|poke|p1|Heatran, L50, M|\n|poke|p1|Milotic, L50, M|\n|poke|p2|Urshifu-*, L50, M|\n|poke|p2|Gholdengo, L50|\n|poke|p2|Arcanine, L50, M|\n|poke|p2|Rillaboom, L50, F|\n|poke|p2|Sableye, L50, F|\n|poke|p2|Iron Bundle, L50|\n|teampreview|4\n|inactive|Battle timer is ON: inactive players will automatically lose when time's up. (requested by Inventor30)\nInventor30 has agreed to open team sheets.\n|inactive|meesterkrebs has 60 seconds left.\n|inactive|meesterkrebs has 30 seconds left.\n|inactive|meesterkrebs has 20 seconds left.\n|\n|t:|1700952355\n|start\n|switch|p1a: Tornadus|Tornadus, L50, M|100\/100\n|switch|p1b: Torterra|Torterra, L50, F|100\/100\n|switch|p2a: Iron Bundle|Iron Bundle, L50|100\/100\n|switch|p2b: Sableye|Sableye, L50, F|100\/100\n|-enditem|p2a: Iron Bundle|Booster Energy\n|-activate|p2a: Iron Bundle|ability: Quark Drive|[fromitem]\n|-start|p2a: Iron Bundle|quarkdrivespe\n|turn|1\n|inactive|Inventor30 has 30 seconds left.\n|inactive|Inventor30 has 20 seconds left.\n|\n|t:|1700952394\n|move|p1a: Tornadus|Tailwind|p1a: Tornadus\n|-sidestart|p1: Inventor30|move: Tailwind\n|move|p2b: Sableye|Will-O-Wisp|p1b: Torterra\n|-status|p1b: Torterra|brn\n|move|p2a: Iron Bundle|Freeze-Dry|p1a: Tornadus\n|-supereffective|p1a: Tornadus\n|-damage|p1a: Tornadus|35\/100\n|move|p1b: Torterra|Wood Hammer|p2a: Iron Bundle\n|-supereffective|p2a: Iron Bundle\n|-damage|p2a: Iron Bundle|56\/100\n|-damage|p1b: Torterra|89\/100 brn|[from] Recoil\n|\n|-damage|p1b: Torterra|83\/100 brn|[from] brn\n|upkeep\n|turn|2\n|inactive|Inventor30 has 30 seconds left.\n|inactive|meesterkrebs has 30 seconds left.\n|\n|t:|1700952426\n|switch|p1a: Baxcalibur|Baxcalibur, L50, F|100\/100\n|move|p1b: Torterra|Protect|p1b: Torterra\n|-singleturn|p1b: Torterra|Protect\n|move|p2b: Sableye|Encore||[still]\n|-fail|p2b: Sableye\n|move|p2a: Iron Bundle|Freeze-Dry|p1a: Baxcalibur\n|-damage|p1a: Baxcalibur|73\/100\n|\n|-damage|p1b: Torterra|77\/100 brn|[from] brn\n|upkeep\n|turn|3\n|\n|t:|1700952451\n|switch|p1b: Heatran|Heatran, L50, M|100\/100\n|move|p2a: Iron Bundle|Protect|p2a: Iron Bundle\n|-singleturn|p2a: Iron Bundle|Protect\n|move|p2b: Sableye|Encore||[still]\n|-fail|p2b: Sableye\n|move|p1a: Baxcalibur|Brick Break|p2a: Iron Bundle\n|-activate|p2a: Iron Bundle|move: Protect\n|\n|upkeep\n|turn|4\n|inactive|Inventor30 has 30 seconds left.\n|\n|t:|1700952479\n|-end|p2a: Iron Bundle|Quark Drive|[silent]\n|switch|p2a: Urshifu|Urshifu-Rapid-Strike, L50, M|100\/100\n|move|p1a: Baxcalibur|Ice Shard|p2b: Sableye\n|-damage|p2b: Sableye|68\/100\n|move|p2b: Sableye|Encore|p1a: Baxcalibur\n|-start|p1a: Baxcalibur|Encore\n|move|p1b: Heatran|Flamethrower|p2a: Urshifu\n|-resisted|p2a: Urshifu\n|-damage|p2a: Urshifu|75\/100\n|\n|-sideend|p1: Inventor30|move: Tailwind\n|upkeep\n|turn|5\n|inactive|meesterkrebs has 30 seconds left.\n|\n|t:|1700952507\n|switch|p1b: Torterra|Torterra, L50, F|77\/100 brn\n|-terastallize|p2a: Urshifu|Water\n|move|p1a: Baxcalibur|Ice Shard|p2a: Urshifu\n|-resisted|p2a: Urshifu\n|-damage|p2a: Urshifu|65\/100\n|move|p2b: Sableye|Encore||[still]\n|-fail|p2b: Sableye\n|move|p2a: Urshifu|Surging Strikes|p1a: Baxcalibur\n|-resisted|p1a: Baxcalibur\n|-crit|p1a: Baxcalibur\n|-damage|p1a: Baxcalibur|62\/100\n|-resisted|p1a: Baxcalibur\n|-crit|p1a: Baxcalibur\n|-damage|p1a: Baxcalibur|50\/100\n|-resisted|p1a: Baxcalibur\n|-crit|p1a: Baxcalibur\n|-damage|p1a: Baxcalibur|36\/100\n|-hitcount|p1a: Baxcalibur|3\n|\n|-damage|p1b: Torterra|71\/100 brn|[from] brn\n|upkeep\n|turn|6\n|inactive|Inventor30 has 30 seconds left.\n|inactive|meesterkrebs has 30 seconds left.\n|inactive|Inventor30 has 20 seconds left.\n|\n|t:|1700952546\n|move|p2a: Urshifu|Detect|p2a: Urshifu\n|-singleturn|p2a: Urshifu|Protect\n|move|p1a: Baxcalibur|Ice Shard|p2b: Sableye\n|-damage|p2b: Sableye|34\/100\n|move|p2b: Sableye|Disable|p1a: Baxcalibur\n|-start|p1a: Baxcalibur|Disable|Ice Shard\n|move|p1b: Torterra|Wood Hammer|p2a: Urshifu\n|-activate|p2a: Urshifu|move: Protect\n|\n|-damage|p1b: Torterra|65\/100 brn|[from] brn\n|upkeep\n|turn|7\n|inactive|meesterkrebs has 30 seconds left.\n|\n|t:|1700952572\n|switch|p1a: Tornadus|Tornadus, L50, M|35\/100\n|move|p2b: Sableye|Disable|p1b: Torterra\n|-start|p1b: Torterra|Disable|Wood Hammer\n|move|p2a: Urshifu|Surging Strikes|p1b: Torterra\n|-damage|p1b: Torterra|46\/100 brn\n|-damage|p1b: Torterra|29\/100 brn\n|-damage|p1b: Torterra|12\/100 brn\n|-hitcount|p1b: Torterra|3\n|cant|p1b: Torterra|Disable|Wood Hammer\n|\n|-damage|p1b: Torterra|6\/100 brn|[from] brn\n|upkeep\n|turn|8\n|inactive|Inventor30 has 30 seconds left.\n|inactive|meesterkrebs has 30 seconds left.\n|\n|t:|1700952600\n|move|p1a: Tornadus|Tailwind|p1a: Tornadus\n|-sidestart|p1: Inventor30|move: Tailwind\n|move|p2a: Urshifu|Aqua Jet|p1a: Tornadus\n|-damage|p1a: Tornadus|0 fnt\n|faint|p1a: Tornadus\n|move|p2b: Sableye|Encore|p1b: Torterra\n|-start|p1b: Torterra|Encore\n|cant|p1b: Torterra|Disable|Wood Hammer\n|\n|-damage|p1b: Torterra|0 fnt|[from] brn\n|faint|p1b: Torterra\n|upkeep\n|\n|t:|1700952615\n|switch|p1a: Baxcalibur|Baxcalibur, L50, F|36\/100\n|switch|p1b: Heatran|Heatran, L50, M|100\/100\n|turn|9\n|inactive|meesterkrebs has 30 seconds left.\n|inactive|Inventor30 has 30 seconds left.\n|inactive|meesterkrebs has 20 seconds left.\n|\n|t:|1700952650\n|switch|p2b: Rillaboom|Rillaboom, L50, F|100\/100\n|-fieldstart|move: Grassy Terrain|[from] ability: Grassy Surge|[of] p2b: Rillaboom\n|move|p2a: Urshifu|Detect|p2a: Urshifu\n|-singleturn|p2a: Urshifu|Protect\n|move|p1a: Baxcalibur|Glaive Rush|p2a: Urshifu\n|-activate|p2a: Urshifu|move: Protect\n|move|p1b: Heatran|Earth Power|p2b: Rillaboom\n|-resisted|p2b: Rillaboom\n|-damage|p2b: Rillaboom|89\/100\n|\n|-heal|p1a: Baxcalibur|41\/100|[from] Grassy Terrain\n|-heal|p2a: Urshifu|71\/100|[from] Grassy Terrain\n|-heal|p2b: Rillaboom|95\/100|[from] Grassy Terrain\n|upkeep\n|turn|10\n|inactive|meesterkrebs has 30 seconds left.\n|inactive|meesterkrebs has 20 seconds left.\n|\n|t:|1700952689\n|move|p2b: Rillaboom|Fake Out|p1b: Heatran\n|-resisted|p1b: Heatran\n|-damage|p1b: Heatran|94\/100\n|move|p1a: Baxcalibur|Glaive Rush|p2a: Urshifu\n|-damage|p2a: Urshifu|8\/100\n|-singlemove|p1a: Baxcalibur|Glaive Rush|[silent]\n|cant|p1b: Heatran|flinch\n|move|p2a: Urshifu|Surging Strikes|p1a: Baxcalibur\n|-resisted|p1a: Baxcalibur\n|-crit|p1a: Baxcalibur\n|-damage|p1a: Baxcalibur|18\/100\n|-resisted|p1a: Baxcalibur\n|-crit|p1a: Baxcalibur\n|-damage|p1a: Baxcalibur|0 fnt\n|faint|p1a: Baxcalibur\n|-hitcount|p1: Baxcalibur|2\n|\n|-heal|p1b: Heatran|100\/100|[from] Grassy Terrain\n|-heal|p2a: Urshifu|14\/100|[from] Grassy Terrain\n|-heal|p2b: Rillaboom|100\/100|[from] Grassy Terrain\n|upkeep\n|turn|11\n|inactive|Inventor30 has 30 seconds left.\n|inactive|meesterkrebs has 30 seconds left.\n|inactive|meesterkrebs has 20 seconds left.\n|\n|t:|1700952726\n|switch|p2a: Sableye|Sableye, L50, F|34\/100\n|move|p1b: Heatran|Earth Power|p2a: Sableye\n|-damage|p2a: Sableye|0 fnt\n|faint|p2a: Sableye\n|move|p2b: Rillaboom|High Horsepower|p1b: Heatran\n|-supereffective|p1b: Heatran\n|-damage|p1b: Heatran|0 fnt\n|faint|p1b: Heatran\n|\n|win|meesterkrebs\n|raw|Inventor30's rating: 1117 &rarr; <strong>1095<\/strong><br \/>(-22 for losing)\n|raw|meesterkrebs's rating: 1162 &rarr; <strong>1184<\/strong><br \/>(+22 for winning)\n|l|\u2606Inventor30\n","uploadtime":1700952737,"views":26,"p1id":"inventor30","p2id":"meesterkrebs","formatid":"gen9vgc2023regulatione","rating":1095,"private":0,"password":""}