{"id":"gen9vgc2023regulatione-1990689785","p1":"PritzShow","p2":"MosquitoKiller7000","format":"[Gen 9] VGC 2023 Regulation E","log":"|j|\u2606PritzShow\n|j|\u2606MosquitoKiller7000\n|t:|1699992015\n|gametype|doubles\n|player|p1|PritzShow|fisherman-gen4|1605\n|player|p2|MosquitoKiller7000|lucas|1575\n|teamsize|p1|6\n|teamsize|p2|6\n|gen|9\n|tier|[Gen 9] VGC 2023 Regulation E\n|rated|\n|rule|Species Clause: Limit one of each Pok\u00e9mon\n|rule|Item Clause: Limit one of each item\n|clearpoke\n|poke|p1|Flutter Mane, L50|\n|poke|p1|Landorus-Therian, L50, M|\n|poke|p1|Ogerpon-Wellspring, L50, F|\n|poke|p1|Kingambit, L50, M|\n|poke|p1|Weezing, L50, M|\n|poke|p1|Grimmsnarl, L50, M|\n|poke|p2|Urshifu-*, L50, F|\n|poke|p2|Iron Hands, L50|\n|poke|p2|Chien-Pao, L50|\n|poke|p2|Arcanine-Hisui, L50, F|\n|poke|p2|Amoonguss, L50, M|\n|poke|p2|Gholdengo, L50|\n|teampreview|4\n|inactive|Battle timer is ON: inactive players will automatically lose when time's up. (requested by PritzShow)\n|inactive|MosquitoKiller7000 has 60 seconds left.\n|\n|t:|1699992055\n|start\n|switch|p1a: Landorus|Landorus-Therian, L50, M|100\/100\n|switch|p1b: Weezing|Weezing, L50, M|100\/100\n|switch|p2a: Gholdengo|Gholdengo, L50|100\/100\n|switch|p2b: Amoonguss|Amoonguss, L50, M|100\/100\n|-ability|p1b: Weezing|Neutralizing Gas\n|-block|p1a: Landorus|item: Ability Shield\n|-ability|p1a: Landorus|Intimidate|boost\n|-unboost|p2a: Gholdengo|atk|1\n|-unboost|p2b: Amoonguss|atk|1\n|turn|1\n|\n|t:|1699992075\n|move|p2b: Amoonguss|Rage Powder|p2b: Amoonguss\n|-singleturn|p2b: Amoonguss|move: Rage Powder\n|move|p1a: Landorus|Stomping Tantrum|p2b: Amoonguss\n|-damage|p2b: Amoonguss|70\/100\n|-damage|p1a: Landorus|84\/100|[from] item: Rocky Helmet|[of] p2b: Amoonguss\n|move|p2a: Gholdengo|Nasty Plot|p2a: Gholdengo\n|-boost|p2a: Gholdengo|spa|2\n|move|p1b: Weezing|Taunt|p2b: Amoonguss\n|-start|p2b: Amoonguss|move: Taunt\n|\n|upkeep\n|turn|2\n|inactive|MosquitoKiller7000 has 30 seconds left.\n|\n|t:|1699992101\n|switch|p2b: Iron Hands|Iron Hands, L50|100\/100\n|-terastallize|p2a: Gholdengo|Dragon\n|move|p1a: Landorus|Stomping Tantrum|p2a: Gholdengo\n|-damage|p2a: Gholdengo|61\/100\n|move|p2a: Gholdengo|Make It Rain|p1a: Landorus|[spread] p1a,p1b\n|-damage|p1a: Landorus|0 fnt\n|-damage|p1b: Weezing|9\/100\n|-unboost|p2a: Gholdengo|spa|1\n|-enditem|p1b: Weezing|Sitrus Berry|[eat]\n|-heal|p1b: Weezing|34\/100|[from] item: Sitrus Berry\n|faint|p1a: Landorus\n|move|p1b: Weezing|Taunt|p2a: Gholdengo\n|-start|p2a: Gholdengo|move: Taunt\n|\n|upkeep\n|\n|t:|1699992107\n|switch|p1a: Flutter Mane|Flutter Mane, L50|100\/100\n|-enditem|p1a: Flutter Mane|Booster Energy\n|-activate|p1a: Flutter Mane|ability: Protosynthesis|[fromitem]\n|-start|p1a: Flutter Mane|protosynthesisspa\n|turn|3\n|inactive|MosquitoKiller7000 has 30 seconds left.\n|\n|t:|1699992137\n|switch|p2a: Amoonguss|Amoonguss, L50, M|70\/100\n|move|p1a: Flutter Mane|Moonblast|p2a: Amoonguss\n|-resisted|p2a: Amoonguss\n|-damage|p2a: Amoonguss|43\/100\n|move|p2b: Iron Hands|Wild Charge|p1a: Flutter Mane\n|-damage|p1a: Flutter Mane|26\/100\n|-damage|p2b: Iron Hands|87\/100|[from] Recoil\n|move|p1b: Weezing|Will-O-Wisp|p2b: Iron Hands\n|-status|p2b: Iron Hands|brn\n|\n|-damage|p2b: Iron Hands|81\/100 brn|[from] brn\n|upkeep\n|turn|4\n|\n|t:|1699992161\n|move|p1a: Flutter Mane|Protect|p1a: Flutter Mane\n|-singleturn|p1a: Flutter Mane|Protect\n|move|p2a: Amoonguss|Rage Powder|p2a: Amoonguss\n|-singleturn|p2a: Amoonguss|move: Rage Powder\n|move|p2b: Iron Hands|Wild Charge|p1a: Flutter Mane\n|-activate|p1a: Flutter Mane|move: Protect\n|move|p1b: Weezing|Sludge Bomb|p2a: Amoonguss\n|-damage|p2a: Amoonguss|16\/100\n|\n|-damage|p2b: Iron Hands|75\/100 brn|[from] brn\n|upkeep\n|turn|5\n|\n|t:|1699992175\n|move|p2a: Amoonguss|Rage Powder|p2a: Amoonguss\n|-singleturn|p2a: Amoonguss|move: Rage Powder\n|move|p1a: Flutter Mane|Substitute|p1a: Flutter Mane\n|-start|p1a: Flutter Mane|Substitute\n|-damage|p1a: Flutter Mane|2\/100\n|move|p2b: Iron Hands|Wild Charge|p1a: Flutter Mane\n|-end|p1a: Flutter Mane|Substitute\n|-damage|p2b: Iron Hands|71\/100 brn|[from] Recoil|[of] p1a: Flutter Mane\n|move|p1b: Weezing|Sludge Bomb|p2a: Amoonguss\n|-damage|p2a: Amoonguss|0 fnt\n|faint|p2a: Amoonguss\n|\n|-damage|p2b: Iron Hands|65\/100 brn|[from] brn\n|upkeep\n|\n|t:|1699992187\n|switch|p2a: Chien-Pao|Chien-Pao, L50|100\/100\n|turn|6\n|\n|t:|1699992197\n|move|p2a: Chien-Pao|Icicle Crash|p1b: Weezing\n|-damage|p1b: Weezing|0 fnt\n|faint|p1b: Weezing\n|-end|p1b: Weezing|ability: Neutralizing Gas\n|-ability|p2a: Chien-Pao|Sword of Ruin\n|move|p1a: Flutter Mane|Moonblast|p2b: Iron Hands\n|-supereffective|p2b: Iron Hands\n|-damage|p2b: Iron Hands|0 fnt\n|faint|p2b: Iron Hands\n|-end|p2b: Iron Hands|Quark Drive|[silent]\n|\n|upkeep\n|\n|t:|1699992206\n|switch|p2b: Gholdengo|Gholdengo, L50, tera:Dragon|61\/100\n|switch|p1b: Kingambit|Kingambit, L50, M|100\/100\n|turn|7\n|\n|t:|1699992227\n|-terastallize|p1b: Kingambit|Dark\n|move|p1a: Flutter Mane|Protect|p1a: Flutter Mane\n|-singleturn|p1a: Flutter Mane|Protect\n|move|p2a: Chien-Pao|Icicle Crash|p1a: Flutter Mane\n|-activate|p1a: Flutter Mane|move: Protect\n|move|p2b: Gholdengo|Nasty Plot|p2b: Gholdengo\n|-boost|p2b: Gholdengo|spa|2\n|move|p1b: Kingambit|Kowtow Cleave|p2a: Chien-Pao\n|-resisted|p2a: Chien-Pao\n|-damage|p2a: Chien-Pao|50\/100\n|\n|upkeep\n|turn|8\n|inactive|MosquitoKiller7000 has 30 seconds left.\n|inactive|MosquitoKiller7000 has 20 seconds left.\n|inactive|PritzShow has 30 seconds left.\n|inactive|MosquitoKiller7000 has 15 seconds left.\n|j| oRinNeGa7V1\n|\n|t:|1699992276\n|move|p2a: Chien-Pao|Sucker Punch|p1a: Flutter Mane\n|-damage|p1a: Flutter Mane|0 fnt\n|faint|p1a: Flutter Mane\n|-end|p1a: Flutter Mane|Protosynthesis|[silent]\n|move|p2b: Gholdengo|Make It Rain|p1b: Kingambit\n|-damage|p1b: Kingambit|0 fnt\n|-unboost|p2b: Gholdengo|spa|1\n|faint|p1b: Kingambit\n|\n|win|MosquitoKiller7000\n|raw|PritzShow's rating: 1605 &rarr; <strong>1583<\/strong><br \/>(-22 for losing)\n|raw|MosquitoKiller7000's rating: 1575 &rarr; <strong>1597<\/strong><br \/>(+22 for winning)\n|c|\u2606PritzShow|gg\n|l|\u2606PritzShow\n|l| oRinNeGa7V1\n|c|\u2606MosquitoKiller7000|gg\n","uploadtime":1699992846,"views":14,"p1id":"pritzshow","p2id":"mosquitokiller7000","formatid":"gen9vgc2023regulatione","rating":1583,"private":0,"password":""}