{"id":"gen9vgc2023regulatione-2000507657","p1":"c3rb3ros","p2":"Willipino","format":"[Gen 9] VGC 2023 Regulation E","log":"|j|\u2606c3rb3ros\n|j|\u2606Willipino\n|t:|1701200638\n|gametype|doubles\n|player|p1|c3rb3ros|n|1211\n|player|p2|Willipino|102|1196\n|teamsize|p1|6\n|teamsize|p2|6\n|gen|9\n|tier|[Gen 9] VGC 2023 Regulation E\n|rated|\n|rule|Species Clause: Limit one of each Pok\u00e9mon\n|rule|Item Clause: Limit one of each item\n|clearpoke\n|poke|p1|Farigiraf, L50, F|\n|poke|p1|Chien-Pao, L50|\n|poke|p1|Urshifu-*, L50, F|\n|poke|p1|Dragapult, L50, F|\n|poke|p1|Rillaboom, L50, F|\n|poke|p1|Heatran, L50, F|\n|poke|p2|Flutter Mane, L50|\n|poke|p2|Gholdengo, L50|\n|poke|p2|Tornadus, L50, M|\n|poke|p2|Heatran, L50, M|\n|poke|p2|Urshifu-*, L50, M|\n|poke|p2|Farigiraf, L50, F|\n|teampreview|4\n|inactive|Battle timer is ON: inactive players will automatically lose when time's up. (requested by c3rb3ros)\n|\n|t:|1701200681\n|start\n|switch|p1a: Urshifu|Urshifu-Rapid-Strike, L50, F|100\/100\n|switch|p1b: Chien-Pao|Chien-Pao, L50|100\/100\n|switch|p2a: Tornadus|Tornadus, L50, M|100\/100\n|switch|p2b: Heatran|Heatran, L50, M|100\/100\n|-ability|p1b: Chien-Pao|Sword of Ruin\n|turn|1\n|inactive|c3rb3ros has 30 seconds left.\n|\n|t:|1701200710\n|-terastallize|p2b: Heatran|Fairy\n|move|p2a: Tornadus|Sunny Day|p2a: Tornadus\n|-weather|SunnyDay\n|move|p1a: Urshifu|U-turn|p2b: Heatran\n|-resisted|p2b: Heatran\n|-damage|p2b: Heatran|83\/100\n|\n|t:|1701200716\n|switch|p1a: Heatran|Heatran, L50, F|100\/100|[from] U-turn\n|move|p1b: Chien-Pao|Icicle Crash|p2b: Heatran\n|-damage|p2b: Heatran|32\/100\n|move|p2b: Heatran|Heat Wave|p1a: Heatran|[spread] p1b\n|-start|p1a: Heatran|ability: Flash Fire\n|-supereffective|p1b: Chien-Pao\n|-enditem|p1b: Chien-Pao|Focus Sash\n|-damage|p1b: Chien-Pao|1\/100\n|-damage|p2b: Heatran|22\/100|[from] item: Life Orb\n|\n|-weather|SunnyDay|[upkeep]\n|upkeep\n|turn|2\n|inactive|c3rb3ros has 30 seconds left.\n|\n|t:|1701200749\n|-terastallize|p1a: Heatran|Grass\n|move|p2b: Heatran|Protect|p2b: Heatran\n|-singleturn|p2b: Heatran|Protect\n|move|p2a: Tornadus|Tailwind|p2a: Tornadus\n|-sidestart|p2: Willipino|move: Tailwind\n|move|p1b: Chien-Pao|Icicle Crash|p2a: Tornadus\n|-supereffective|p2a: Tornadus\n|-damage|p2a: Tornadus|0 fnt\n|faint|p2a: Tornadus\n|move|p1a: Heatran|Earth Power|p2b: Heatran\n|-activate|p2b: Heatran|move: Protect\n|\n|-weather|SunnyDay|[upkeep]\n|upkeep\n|\n|t:|1701200762\n|switch|p2a: Urshifu|Urshifu, L50, M|100\/100\n|turn|3\n|inactive|Willipino has 30 seconds left.\n|\n|t:|1701200788\n|move|p1b: Chien-Pao|Sucker Punch|p2a: Urshifu\n|-resisted|p2a: Urshifu\n|-damage|p2a: Urshifu|90\/100\n|move|p2a: Urshifu|U-turn|p1a: Heatran\n|-supereffective|p1a: Heatran\n|-damage|p1a: Heatran|37\/100\n|\n|t:|1701200795\n|switch|p2a: Gholdengo|Gholdengo, L50|100\/100|[from] U-turn\n|move|p2b: Heatran|Flash Cannon|p1b: Chien-Pao\n|-supereffective|p1b: Chien-Pao\n|-damage|p1b: Chien-Pao|0 fnt\n|faint|p1b: Chien-Pao\n|-damage|p2b: Heatran|12\/100|[from] item: Life Orb\n|move|p1a: Heatran|Earth Power|p2b: Heatran\n|-damage|p2b: Heatran|0 fnt\n|faint|p2b: Heatran\n|\n|-weather|SunnyDay|[upkeep]\n|-heal|p1a: Heatran|43\/100|[from] item: Leftovers\n|upkeep\n|\n|t:|1701200813\n|switch|p1b: Rillaboom|Rillaboom, L50, F|100\/100\n|switch|p2b: Urshifu|Urshifu, L50, M|90\/100\n|-fieldstart|move: Grassy Terrain|[from] ability: Grassy Surge|[of] p1b: Rillaboom\n|turn|4\n|\n|t:|1701200837\n|move|p2b: Urshifu|Wicked Blow|p1b: Rillaboom\n|-crit|p1b: Rillaboom\n|-damage|p1b: Rillaboom|41\/100\n|move|p2a: Gholdengo|Make It Rain|p1b: Rillaboom|[spread] p1a,p1b\n|-damage|p1a: Heatran|0 fnt\n|-damage|p1b: Rillaboom|0 fnt\n|-unboost|p2a: Gholdengo|spa|1\n|faint|p1a: Heatran\n|faint|p1b: Rillaboom\n|\n|-weather|SunnyDay|[upkeep]\n|-heal|p2b: Urshifu|95\/100|[from] Grassy Terrain\n|upkeep\n|\n|t:|1701200849\n|switch|p1b: Urshifu|Urshifu-Rapid-Strike, L50, F|100\/100\n|turn|5\n|\n|t:|1701200855\n|move|p2b: Urshifu|Wicked Blow|p1b: Urshifu\n|-resisted|p1b: Urshifu\n|-crit|p1b: Urshifu\n|-damage|p1b: Urshifu|70\/100\n|move|p2a: Gholdengo|Make It Rain|p1b: Urshifu\n|-resisted|p1b: Urshifu\n|-damage|p1b: Urshifu|22\/100\n|-unboost|p2a: Gholdengo|spa|1\n|move|p1b: Urshifu|Surging Strikes|p2b: Urshifu\n|-crit|p2b: Urshifu\n|-damage|p2b: Urshifu|86\/100\n|-crit|p2b: Urshifu\n|-damage|p2b: Urshifu|76\/100\n|-crit|p2b: Urshifu\n|-damage|p2b: Urshifu|67\/100\n|-hitcount|p2b: Urshifu|3\n|\n|-weather|none\n|-heal|p2b: Urshifu|72\/100|[from] Grassy Terrain\n|-heal|p1b: Urshifu|27\/100|[from] Grassy Terrain\n|-sideend|p2: Willipino|move: Tailwind\n|upkeep\n|turn|6\n|inactive|c3rb3ros has 30 seconds left.\n|-message|c3rb3ros forfeited.\n|\n|win|Willipino\n|raw|c3rb3ros's rating: 1211 &rarr; <strong>1185<\/strong><br \/>(-26 for losing)\n|raw|Willipino's rating: 1196 &rarr; <strong>1222<\/strong><br \/>(+26 for winning)\n|l|\u2606c3rb3ros\n","uploadtime":1701200889,"views":5,"p1id":"c3rb3ros","p2id":"willipino","formatid":"gen9vgc2023regulatione","rating":1185,"private":0,"password":""}