{"id":"gen9vgc2023regulatione-1992501411","p1":"iStockphoto","p2":"Sakurambo","format":"[Gen 9] VGC 2023 Regulation E","log":"|j|\u2606iStockphoto\n|j|\u2606Sakurambo\n|t:|1700195780\n|gametype|doubles\n|player|p1|iStockphoto|2|1093\n|player|p2|Sakurambo|266|1162\n|teamsize|p1|6\n|teamsize|p2|6\n|gen|9\n|tier|[Gen 9] VGC 2023 Regulation E\n|rated|\n|rule|Species Clause: Limit one of each Pok\u00e9mon\n|rule|Item Clause: Limit one of each item\n|clearpoke\n|poke|p1|Fezandipiti, L50, M|\n|poke|p1|Iron Hands, L50|\n|poke|p1|Glimmora, L50, M|\n|poke|p1|Flutter Mane, L50|\n|poke|p1|Sinistcha, L50|\n|poke|p1|Gyarados, L50, M|\n|poke|p2|Pelipper, L50, M|\n|poke|p2|Weavile, L50, F|\n|poke|p2|Tinkaton, L50, F|\n|poke|p2|Ursaluna-Bloodmoon, L50, M|\n|poke|p2|Cinderace, L50, F|\n|poke|p2|Mimikyu, L50, F|\n|teampreview|4\niStockphoto has agreed to open team sheets.\n|inactive|Battle timer is ON: inactive players will automatically lose when time's up. (requested by iStockphoto)\n|\n|t:|1700195820\n|start\n|switch|p1a: Tobias|Fezandipiti, L50, M|100\/100\n|switch|p1b: Marco|Iron Hands, L50|100\/100\n|switch|p2a: Weavile|Weavile, L50, F|100\/100\n|switch|p2b: Tinkaton|Tinkaton, L50, F|100\/100\n|-ability|p2b: Tinkaton|Mold Breaker\n|turn|1\n|\n|t:|1700195837\n|move|p2a: Weavile|Fake Out|p1b: Marco\n|-damage|p1b: Marco|94\/100\n|cant|p1b: Marco|flinch\n|move|p1a: Tobias|Heat Wave|p2b: Tinkaton|[spread] p2a,p2b\n|-supereffective|p2a: Weavile\n|-supereffective|p2b: Tinkaton\n|-damage|p2a: Weavile|54\/100\n|-damage|p2b: Tinkaton|78\/100\n|-status|p2a: Weavile|tox|[from] ability: Toxic Chain|[of] p1a: Tobias\n|move|p2b: Tinkaton|Gigaton Hammer|p1a: Tobias\n|-supereffective|p1a: Tobias\n|-damage|p1a: Tobias|0 fnt\n|faint|p1a: Tobias\n|\n|-damage|p2a: Weavile|47\/100 tox|[from] psn\n|upkeep\n|\n|t:|1700195853\n|switch|p1a: Ax|Glimmora, L50, M|100\/100\n|turn|2\n|\n|t:|1700195870\n|move|p1b: Marco|Protect|p1b: Marco\n|-singleturn|p1b: Marco|Protect\n|move|p2a: Weavile|Taunt|p1a: Ax\n|-start|p1a: Ax|move: Taunt\n|cant|p1a: Ax|move: Taunt|Toxic\n|move|p2b: Tinkaton|Play Rough|p1b: Marco\n|-activate|p1b: Marco|move: Protect\n|\n|-damage|p2a: Weavile|35\/100 tox|[from] psn\n|upkeep\n|turn|3\n|inactive|iStockphoto has 30 seconds left.\n|\n|t:|1700195895\n|move|p2a: Weavile|Knock Off|p1a: Ax\n|-damage|p1a: Ax|36\/100\n|-enditem|p1a: Ax|Focus Sash|[from] move: Knock Off|[of] p2a: Weavile\n|move|p1a: Ax|Venoshock|p2a: Weavile\n|-damage|p2a: Weavile|0 fnt\n|faint|p2a: Weavile\n|move|p2b: Tinkaton|Play Rough|p1b: Marco\n|-supereffective|p1b: Marco\n|-damage|p1b: Marco|54\/100\n|move|p1b: Marco|Drain Punch|p2b: Tinkaton\n|-damage|p2b: Tinkaton|33\/100\n|-heal|p1b: Marco|70\/100|[from] drain|[of] p2b: Tinkaton\n|\n|upkeep\n|\n|t:|1700195910\n|switch|p2a: Cinderace|Cinderace, L50, F|100\/100\n|turn|4\n|\n|t:|1700195924\n|move|p1b: Marco|Protect|p1b: Marco\n|-singleturn|p1b: Marco|Protect\n|move|p2a: Cinderace|Iron Head|p1a: Ax\n|-start|p2a: Cinderace|typechange|Steel|[from] ability: Libero\n|-supereffective|p1a: Ax\n|-damage|p1a: Ax|0 fnt\n|faint|p1a: Ax\n|move|p2b: Tinkaton|Play Rough|p1b: Marco\n|-activate|p1b: Marco|move: Protect\n|\n|upkeep\n|\n|t:|1700195934\n|switch|p1a: Rachel|Flutter Mane, L50|100\/100\n|-enditem|p1a: Rachel|Booster Energy\n|-activate|p1a: Rachel|ability: Protosynthesis|[fromitem]\n|-start|p1a: Rachel|protosynthesisspa\n|turn|5\n|\n|t:|1700195946\n|-terastallize|p1a: Rachel|Ghost\n|-terastallize|p2b: Tinkaton|Fairy\n|move|p2a: Cinderace|Iron Head|p1b: Marco\n|-resisted|p1b: Marco\n|-damage|p1b: Marco|59\/100\n|move|p1a: Rachel|Hex|p2b: Tinkaton\n|-damage|p2b: Tinkaton|0 fnt\n|faint|p2b: Tinkaton\n|move|p1b: Marco|Drain Punch|p2a: Cinderace\n|-supereffective|p2a: Cinderace\n|-damage|p2a: Cinderace|0 fnt\n|-heal|p1b: Marco|94\/100|[from] drain|[of] p2a: Cinderace\n|faint|p2a: Cinderace\n|\n|upkeep\n|\n|t:|1700195957\n|switch|p2a: Ursaluna|Ursaluna-Bloodmoon, L50, M|100\/100\n|turn|6\n|\n|t:|1700195975\n|move|p1b: Marco|Protect|p1b: Marco\n|-singleturn|p1b: Marco|Protect\n|move|p1a: Rachel|Moonblast|p2a: Ursaluna\n|-damage|p2a: Ursaluna|4\/100\n|move|p2a: Ursaluna|Earth Power|p1b: Marco\n|-activate|p1b: Marco|move: Protect\n|\n|upkeep\n|turn|7\n|\n|t:|1700195988\n|move|p2a: Ursaluna|Vacuum Wave|p1a: Rachel\n|-damage|p1a: Rachel|89\/100\n|move|p1a: Rachel|Moonblast|p2a: Ursaluna\n|-damage|p2a: Ursaluna|0 fnt\n|faint|p2a: Ursaluna\n|\n|win|iStockphoto\n|raw|iStockphoto's rating: 1093 &rarr; <strong>1124<\/strong><br \/>(+31 for winning)\n|raw|Sakurambo's rating: 1162 &rarr; <strong>1132<\/strong><br \/>(-30 for losing)\n|l|\u2606Sakurambo\n|c|\u2606iStockphoto|gg!\n","uploadtime":1700195999,"views":10,"p1id":"istockphoto","p2id":"sakurambo","formatid":"gen9vgc2023regulatione","rating":1124,"private":0,"password":""}