{"id":"gen9vgc2023regulatione-1999301084","p1":"Ensioa","p2":"Tagiruz","format":"[Gen 9] VGC 2023 Regulation E","log":"|j|\u2606Ensioa\n|j|\u2606Tagiruz\n|n|\u2606Ensioa|ensioa\n|n|\u2606Tagiruz|tagiruz\n|html|View the match progress at <a href=\"\/game-bestof3-gen9vgc2023regulatione-1999301083\">game-bestof3-gen9vgc2023regulatione-1999301083<\/a>\n|t:|1701057126\n|gametype|doubles\n|player|p1|Ensioa|cynthia-anime|\n|player|p2|Tagiruz|hugh|\n|teamsize|p1|6\n|teamsize|p2|6\n|gen|9\n|tier|[Gen 9] VGC 2023 Regulation E\n|rated|Tournament battle\n|rule|Species Clause: Limit one of each Pok\u00e9mon\n|rule|Item Clause: Limit one of each item\n|clearpoke\n|poke|p1|Chien-Pao, L50|\n|poke|p1|Arcanine-Hisui, L50, M|\n|poke|p1|Rillaboom, L50, M|\n|poke|p1|Urshifu-*, L50, F|\n|poke|p1|Tornadus, L50, M|\n|poke|p1|Gholdengo, L50|\n|poke|p2|Baxcalibur, L50, F|\n|poke|p2|Tornadus, L50, M|\n|poke|p2|Arcanine-Hisui, L50, M|\n|poke|p2|Rillaboom, L50, F|\n|poke|p2|Ninetales-Alola, L50, F|\n|poke|p2|Urshifu-*, L50, M|\n|teampreview|4\n|showteam|p1|Chien-Pao||FocusSash|SwordofRuin|IcicleCrash,SuckerPunch,SacredSword,Protect||||||50|,,,,,Ghost]Arcanine-Hisui||ChoiceBand|Intimidate|FlareBlitz,RockSlide,ExtremeSpeed,TeraBlast|||M|||50|,,,,,Fairy]Rillaboom||AssaultVest|GrassySurge|Uturn,WoodHammer,GrassyGlide,FakeOut|||M|||50|,,,,,Grass]Urshifu-Rapid-Strike||ChoiceScarf|UnseenFist|SurgingStrikes,CloseCombat,AquaJet,Uturn|||F|||50|,,,,,Water]Tornadus||RockyHelmet|Prankster|BleakwindStorm,Tailwind,RainDance,Protect|||M|||50|,,,,,Steel]Gholdengo||Leftovers|GoodasGold|MakeItRain,ShadowBall,NastyPlot,Protect||||||50|,,,,,Dragon\n|showteam|p2|Baxcalibur||LoadedDice|ThermalExchange|IcicleSpear,HighHorsepower,DragonDance,Protect|||F|||50|,,,,,Poison]Tornadus||CovertCloak|Prankster|BleakwindStorm,RainDance,Taunt,Tailwind|||M|||50|,,,,,Dark]Arcanine-Hisui||SitrusBerry|Intimidate|RockSlide,FlareBlitz,WillOWisp,Protect|||M|||50|,,,,,Fairy]Rillaboom||MiracleSeed|GrassySurge|GrassyGlide,WoodHammer,FakeOut,Protect|||F|||50|,,,,,Poison]Ninetales-Alola||LightClay|SnowWarning|FreezeDry,Moonblast,Encore,AuroraVeil|||F|||50|,,,,,Water]Urshifu-Rapid-Strike||ChoiceScarf|UnseenFist|AquaJet,SurgingStrikes,CloseCombat,Uturn|||M|||50|,,,,,Dark\n|inactive|Battle timer is ON: inactive players will automatically lose when time's up. (requested by Ensioa)\n|inactive|Ensioa has 60 seconds left.\n|inactive|Tagiruz has 60 seconds left.\n|inactive|Tagiruz has 30 seconds left.\n|\n|t:|1701057191\n|start\n|switch|p1a: Rillaboom|Rillaboom, L50, M, shiny|100\/100\n|switch|p1b: Gholdengo|Gholdengo, L50, shiny|100\/100\n|switch|p2a: Cobra Kai|Urshifu-Rapid-Strike, L50, M|100\/100\n|switch|p2b: Otis|Arcanine-Hisui, L50, M|100\/100\n|-fieldstart|move: Grassy Terrain|[from] ability: Grassy Surge|[of] p1a: Rillaboom\n|-ability|p2b: Otis|Intimidate|boost\n|-unboost|p1a: Rillaboom|atk|1\n|-unboost|p1b: Gholdengo|atk|1\n|turn|1\n|inactive|Ensioa has 30 seconds left.\n|inactive|Tagiruz has 30 seconds left.\n|inactive|Ensioa has 20 seconds left.\n|inactive|Tagiruz has 20 seconds left.\n|inactive|Ensioa has 15 seconds left.\n|\n|t:|1701057231\n|-terastallize|p1b: Gholdengo|Dragon\n|move|p1a: Rillaboom|Fake Out|p2b: Otis\n|-resisted|p2b: Otis\n|-damage|p2b: Otis|96\/100\n|move|p2a: Cobra Kai|Surging Strikes|p1b: Gholdengo\n|-resisted|p1b: Gholdengo\n|-crit|p1b: Gholdengo\n|-damage|p1b: Gholdengo|90\/100\n|-resisted|p1b: Gholdengo\n|-crit|p1b: Gholdengo\n|-damage|p1b: Gholdengo|81\/100\n|-resisted|p1b: Gholdengo\n|-crit|p1b: Gholdengo\n|-damage|p1b: Gholdengo|71\/100\n|-hitcount|p1b: Gholdengo|3\n|move|p1b: Gholdengo|Nasty Plot|p1b: Gholdengo\n|-boost|p1b: Gholdengo|spa|2\n|cant|p2b: Otis|flinch\n|\n|-heal|p1b: Gholdengo|78\/100|[from] Grassy Terrain\n|-heal|p1b: Gholdengo|84\/100|[from] item: Leftovers\n|-heal|p2b: Otis|100\/100|[from] Grassy Terrain\n|upkeep\n|turn|2\n|\n|t:|1701057248\n|move|p1a: Rillaboom|Grassy Glide|p2a: Cobra Kai\n|-supereffective|p2a: Cobra Kai\n|-damage|p2a: Cobra Kai|53\/100\n|move|p2a: Cobra Kai|Surging Strikes|p1b: Gholdengo\n|-resisted|p1b: Gholdengo\n|-crit|p1b: Gholdengo\n|-damage|p1b: Gholdengo|75\/100\n|-resisted|p1b: Gholdengo\n|-crit|p1b: Gholdengo\n|-damage|p1b: Gholdengo|65\/100\n|-resisted|p1b: Gholdengo\n|-crit|p1b: Gholdengo\n|-damage|p1b: Gholdengo|55\/100\n|-hitcount|p1b: Gholdengo|3\n|move|p1b: Gholdengo|Make It Rain|p2a: Cobra Kai|[spread] p2a,p2b\n|-resisted|p2a: Cobra Kai\n|-damage|p2a: Cobra Kai|0 fnt\n|-damage|p2b: Otis|16\/100\n|-unboost|p1b: Gholdengo|spa|1\n|-enditem|p2b: Otis|Sitrus Berry|[eat]\n|-heal|p2b: Otis|41\/100|[from] item: Sitrus Berry\n|faint|p2a: Cobra Kai\n|move|p2b: Otis|Flare Blitz|p1b: Gholdengo\n|-resisted|p1b: Gholdengo\n|-crit|p1b: Gholdengo\n|-damage|p1b: Gholdengo|18\/100\n|-damage|p2b: Otis|30\/100|[from] Recoil\n|\n|-heal|p1b: Gholdengo|24\/100|[from] Grassy Terrain\n|-heal|p1b: Gholdengo|31\/100|[from] item: Leftovers\n|-heal|p2b: Otis|36\/100|[from] Grassy Terrain\n|upkeep\n|\n|t:|1701057269\n|switch|p2a: Rajang|Rillaboom, L50, F|100\/100\n|turn|3\n|\n|t:|1701057296\n|switch|p1a: Arcanine|Arcanine-Hisui, L50, M, shiny|100\/100\n|-ability|p1a: Arcanine|Intimidate|boost\n|-unboost|p2a: Rajang|atk|1\n|-unboost|p2b: Otis|atk|1\n|move|p1b: Gholdengo|Protect|p1b: Gholdengo\n|-singleturn|p1b: Gholdengo|Protect\n|move|p2a: Rajang|Fake Out|p1b: Gholdengo\n|-activate|p1b: Gholdengo|move: Protect\n|move|p2b: Otis|Flare Blitz|p1a: Arcanine\n|-resisted|p1a: Arcanine\n|-damage|p1a: Arcanine|90\/100\n|-damage|p2b: Otis|33\/100|[from] Recoil\n|\n|-heal|p1a: Arcanine|96\/100|[from] Grassy Terrain\n|-heal|p1b: Gholdengo|37\/100|[from] Grassy Terrain\n|-heal|p1b: Gholdengo|43\/100|[from] item: Leftovers\n|-heal|p2b: Otis|39\/100|[from] Grassy Terrain\n|upkeep\n|turn|4\n|inactive|Ensioa has 30 seconds left.\n|\n|t:|1701057324\n|-terastallize|p2b: Otis|Fairy\n|move|p2a: Rajang|Grassy Glide|p1b: Gholdengo\n|-resisted|p1b: Gholdengo\n|-damage|p1b: Gholdengo|27\/100\n|move|p1a: Arcanine|Rock Slide|p2a: Rajang|[spread] p2a,p2b\n|-damage|p2a: Rajang|59\/100\n|-damage|p2b: Otis|0 fnt\n|faint|p2b: Otis\n|move|p1b: Gholdengo|Nasty Plot|p1b: Gholdengo\n|-boost|p1b: Gholdengo|spa|2\n|\n|-heal|p1a: Arcanine|100\/100|[from] Grassy Terrain\n|-heal|p1b: Gholdengo|33\/100|[from] Grassy Terrain\n|-heal|p1b: Gholdengo|40\/100|[from] item: Leftovers\n|-heal|p2a: Rajang|65\/100|[from] Grassy Terrain\n|upkeep\n|\n|t:|1701057334\n|switch|p2b: Cloudy|Tornadus, L50, M|100\/100\n|turn|5\n|\n|t:|1701057340\n|move|p1b: Gholdengo|Protect|p1b: Gholdengo\n|-singleturn|p1b: Gholdengo|Protect\n|move|p2b: Cloudy|Tailwind|p2b: Cloudy\n|-sidestart|p2: Tagiruz|move: Tailwind\n|move|p2a: Rajang|Wood Hammer|p1b: Gholdengo\n|-activate|p1b: Gholdengo|move: Protect\n|move|p1a: Arcanine|Rock Slide|p2a: Rajang|[spread] p2a,p2b\n|-supereffective|p2b: Cloudy\n|-damage|p2a: Rajang|27\/100\n|-damage|p2b: Cloudy|7\/100\n|\n|-heal|p2a: Rajang|33\/100|[from] Grassy Terrain\n|-heal|p1b: Gholdengo|46\/100|[from] Grassy Terrain\n|-heal|p1b: Gholdengo|52\/100|[from] item: Leftovers\n|-fieldend|move: Grassy Terrain\n|upkeep\n|turn|6\n|\n|t:|1701057352\n|move|p2b: Cloudy|Bleakwind Storm|p1a: Arcanine|[spread] p1a,p1b\n|-resisted|p1a: Arcanine\n|-damage|p1a: Arcanine|79\/100\n|-damage|p1b: Gholdengo|15\/100\n|move|p2a: Rajang|Wood Hammer|p1b: Gholdengo\n|-resisted|p1b: Gholdengo\n|-damage|p1b: Gholdengo|0 fnt\n|faint|p1b: Gholdengo\n|-damage|p2a: Rajang|29\/100|[from] Recoil\n|move|p1a: Arcanine|Rock Slide|p2a: Rajang|[spread] p2a,p2b\n|-supereffective|p2b: Cloudy\n|-damage|p2a: Rajang|0 fnt\n|-damage|p2b: Cloudy|0 fnt\n|faint|p2a: Rajang\n|faint|p2b: Cloudy\n|\n|win|Ensioa\n|c|&|\/uhtml prompt-ensioa,Ensioa is ready for game 2!\n|c|&|\/uhtml prompt-tagiruz,Tagiruz is ready for game 2!\nBoth players are ready! Starting next match!\n|l|\u2606Ensioa\n|l|\u2606Tagiruz\n|j|\u2606Tagiruz\n|player|p2|Tagiruz|hugh\n","uploadtime":1701058355,"views":2,"p1id":"ensioa","p2id":"tagiruz","formatid":"gen9vgc2023regulatione","rating":0,"private":0,"password":""}