{"id":"gen9vgc2023regulatione-1989449597","p1":"remoremo","p2":"realxqt","format":"[Gen 9] VGC 2023 Regulation E","log":"|j|\u2606remoremo\n|j|\u2606realxqt\n|t:|1699852203\n|gametype|doubles\n|player|p1|remoremo|clown|1178\n|player|p2|realxqt|dragontamer|1121\n|teamsize|p1|6\n|teamsize|p2|6\n|gen|9\n|tier|[Gen 9] VGC 2023 Regulation E\n|rated|\n|rule|Species Clause: Limit one of each Pok\u00e9mon\n|rule|Item Clause: Limit one of each item\n|clearpoke\n|poke|p1|Ogerpon-Hearthflame, L50, F|\n|poke|p1|Amoonguss, L50, F|\n|poke|p1|Baxcalibur, L50, F|\n|poke|p1|Gholdengo, L50|\n|poke|p1|Urshifu-*, L50, M|\n|poke|p1|Landorus-Therian, L50, M|\n|poke|p2|Haxorus, L50, F|\n|poke|p2|Clefairy, L50, F|\n|poke|p2|Oranguru, L50, F|\n|poke|p2|Chandelure, L50, M|\n|poke|p2|Stonjourner, L50, F|\n|poke|p2|Rillaboom, L50, M|\n|teampreview|4\n|\n|t:|1699852264\n|start\n|switch|p1a: Landorus|Landorus-Therian, L50, M|100\/100\n|switch|p1b: Urshifu|Urshifu, L50, M|100\/100\n|switch|p2a: Haxorus|Haxorus, L50, F|100\/100\n|switch|p2b: Rillaboom|Rillaboom, L50, M|100\/100\n|-ability|p1a: Landorus|Intimidate|boost\n|-unboost|p2a: Haxorus|atk|1\n|-unboost|p2b: Rillaboom|atk|1\n|-ability|p2a: Haxorus|Mold Breaker\n|turn|1\n|\n|t:|1699852313\n|switch|p1b: Amoonguss|Amoonguss, L50, F|100\/100\n|-terastallize|p2a: Haxorus|Water\n|move|p2b: Rillaboom|Fake Out|p1a: Landorus\n|-damage|p1a: Landorus|90\/100\n|cant|p1a: Landorus|flinch\n|move|p2a: Haxorus|Dragon Dance|p2a: Haxorus\n|-boost|p2a: Haxorus|atk|1\n|-boost|p2a: Haxorus|spe|1\n|\n|upkeep\n|turn|2\n|\n|t:|1699852380\n|move|p1a: Landorus|U-turn|p2b: Rillaboom\n|-supereffective|p2b: Rillaboom\n|-damage|p2b: Rillaboom|41\/100\n|\n|t:|1699852388\n|switch|p1a: Urshifu|Urshifu, L50, M|100\/100|[from] U-turn\n|move|p2b: Rillaboom|Grassy Glide|p1a: Urshifu\n|-damage|p1a: Urshifu|84\/100\n|move|p2a: Haxorus|Tera Blast|p1a: Urshifu|[anim] Tera Blast Water\n|-damage|p1a: Urshifu|37\/100\n|move|p1b: Amoonguss|Spore|p2a: Haxorus\n|-status|p2a: Haxorus|slp|[from] move: Spore\n|\n|upkeep\n|turn|3\n|\n|t:|1699852409\n|move|p1b: Amoonguss|Rage Powder|p1b: Amoonguss\n|-singleturn|p1b: Amoonguss|move: Rage Powder\n|move|p2b: Rillaboom|Hammer Arm|p1a: Urshifu\n|-supereffective|p1a: Urshifu\n|-damage|p1a: Urshifu|1\/100\n|-unboost|p2b: Rillaboom|spe|1\n|cant|p2a: Haxorus|slp\n|move|p1a: Urshifu|Wicked Blow|p2b: Rillaboom\n|-crit|p2b: Rillaboom\n|-damage|p2b: Rillaboom|0 fnt\n|faint|p2b: Rillaboom\n|\n|upkeep\n|\n|t:|1699852423\n|switch|p2b: Stonjourner|Stonjourner, L50, F|100\/100\n|turn|4\n|\n|t:|1699852431\n|cant|p2a: Haxorus|slp\n|move|p1a: Urshifu|Brick Break|p2b: Stonjourner\n|-supereffective|p2b: Stonjourner\n|-damage|p2b: Stonjourner|53\/100\n|move|p2b: Stonjourner|Curse|p2b: Stonjourner\n|-unboost|p2b: Stonjourner|spe|1\n|-boost|p2b: Stonjourner|atk|1\n|-boost|p2b: Stonjourner|def|1\n|move|p1b: Amoonguss|Giga Drain|p2a: Haxorus\n|-supereffective|p2a: Haxorus\n|-damage|p2a: Haxorus|44\/100 slp\n|\n|-heal|p2b: Stonjourner|59\/100|[from] item: Leftovers\n|upkeep\n|turn|5\n|\n|t:|1699852461\n|-curestatus|p2a: Haxorus|slp|[msg]\n|move|p2a: Haxorus|Dragon Dance|p2a: Haxorus\n|-boost|p2a: Haxorus|atk|1\n|-boost|p2a: Haxorus|spe|1\n|move|p1a: Urshifu|Brick Break|p2b: Stonjourner\n|-supereffective|p2b: Stonjourner\n|-damage|p2b: Stonjourner|27\/100\n|move|p2b: Stonjourner|Body Press|p1a: Urshifu\n|-supereffective|p1a: Urshifu\n|-damage|p1a: Urshifu|0 fnt\n|faint|p1a: Urshifu\n|move|p1b: Amoonguss|Giga Drain|p2a: Haxorus\n|-supereffective|p2a: Haxorus\n|-damage|p2a: Haxorus|0 fnt\n|faint|p2a: Haxorus\n|\n|-heal|p2b: Stonjourner|33\/100|[from] item: Leftovers\n|upkeep\n|\n|t:|1699852476\n|switch|p1a: Landorus|Landorus-Therian, L50, M|90\/100\n|switch|p2a: Oranguru|Oranguru, L50, F|100\/100\n|-ability|p1a: Landorus|Intimidate|boost\n|-fail|p2a: Oranguru|unboost|Attack|[from] ability: Inner Focus|[of] p2a: Oranguru\n|-unboost|p2b: Stonjourner|atk|1\n|turn|6\n|\n|t:|1699852498\n|move|p1a: Landorus|Crunch|p2a: Oranguru\n|-supereffective|p2a: Oranguru\n|-damage|p2a: Oranguru|39\/100\n|move|p2b: Stonjourner|Curse|p2b: Stonjourner\n|-unboost|p2b: Stonjourner|spe|1\n|-boost|p2b: Stonjourner|atk|1\n|-boost|p2b: Stonjourner|def|1\n|move|p1b: Amoonguss|Spore|p2b: Stonjourner\n|-status|p2b: Stonjourner|slp|[from] move: Spore\n|move|p2a: Oranguru|Trick Room|p2a: Oranguru\n|-fieldstart|move: Trick Room|[of] p2a: Oranguru\n|\n|-heal|p2b: Stonjourner|39\/100 slp|[from] item: Leftovers\n|upkeep\n|turn|7\n|\n|t:|1699852530\n|move|p2a: Oranguru|Protect|p2a: Oranguru\n|-singleturn|p2a: Oranguru|Protect\n|cant|p2b: Stonjourner|slp\n|move|p1b: Amoonguss|Giga Drain|p2b: Stonjourner\n|-supereffective|p2b: Stonjourner\n|-damage|p2b: Stonjourner|0 fnt\n|faint|p2b: Stonjourner\n|move|p1a: Landorus|Crunch|p2a: Oranguru\n|-activate|p2a: Oranguru|move: Protect\n|\n|upkeep\n|turn|8\n|-message|realxqt forfeited.\n|\n|win|remoremo\n|raw|remoremo's rating: 1178 &rarr; <strong>1199<\/strong><br \/>(+21 for winning)\n|raw|realxqt's rating: 1121 &rarr; <strong>1100<\/strong><br \/>(-21 for losing)\n|l|\u2606realxqt\n","uploadtime":1699852940,"views":18,"p1id":"remoremo","p2id":"realxqt","formatid":"gen9vgc2023regulatione","rating":1100,"private":0,"password":""}