{"id":"gen9vgc2023regulatione-1996287400","p1":"12soul","p2":"Bulba9933","format":"[Gen 9] VGC 2023 Regulation E","log":"|j|\u260612soul\n|j|\u2606Bulba9933\n|t:|1700667727\n|gametype|doubles\n|player|p1|12soul|cynthia|1071\n|player|p2|Bulba9933|170|1055\n|teamsize|p1|6\n|teamsize|p2|6\n|gen|9\n|tier|[Gen 9] VGC 2023 Regulation E\n|rated|\n|rule|Species Clause: Limit one of each Pok\u00e9mon\n|rule|Item Clause: Limit one of each item\n|clearpoke\n|poke|p1|Armarouge, L50, M|\n|poke|p1|Indeedee-F, L50, F|\n|poke|p1|Goodra-Hisui, L50, F|\n|poke|p1|Rillaboom, L50, M|\n|poke|p1|Flutter Mane, L50|\n|poke|p1|Chi-Yu, L50|\n|poke|p2|Politoed, L50, M|\n|poke|p2|Gothitelle, L50, M|\n|poke|p2|Flutter Mane, L50|\n|poke|p2|Amoonguss, L50, M|\n|poke|p2|Kingambit, L50, F|\n|poke|p2|Arcanine-Hisui, L50, M|\n|teampreview|4\n|inactive|Battle timer is ON: inactive players will automatically lose when time's up. (requested by 12soul)\n|inactive|12soul has 60 seconds left.\n|\n|t:|1700667765\n|start\n|switch|p1a: Rillaboom|Rillaboom, L50, M|100\/100\n|switch|p1b: Goodra|Goodra-Hisui, L50, F|100\/100\n|switch|p2a: Politoed|Politoed, L50, M, shiny|100\/100\n|switch|p2b: Gothitelle|Gothitelle, L50, M, shiny|100\/100\n|-fieldstart|move: Grassy Terrain|[from] ability: Grassy Surge|[of] p1a: Rillaboom\n|-weather|RainDance|[from] ability: Drizzle|[of] p2a: Politoed\n|turn|1\n|\n|t:|1700667782\n|move|p1a: Rillaboom|Fake Out|p2a: Politoed\n|-damage|p2a: Politoed|90\/100\n|move|p2b: Gothitelle|Fake Out|p1a: Rillaboom\n|-damage|p1a: Rillaboom|95\/100\n|cant|p2a: Politoed|flinch\n|move|p1b: Goodra|Curse|p1b: Goodra\n|-unboost|p1b: Goodra|spe|1\n|-boost|p1b: Goodra|atk|1\n|-boost|p1b: Goodra|def|1\n|\n|-weather|RainDance|[upkeep]\n|-heal|p1a: Rillaboom|100\/100|[from] Grassy Terrain\n|-heal|p2a: Politoed|96\/100|[from] Grassy Terrain\n|upkeep\n|turn|2\n|inactive|Bulba9933 has 30 seconds left.\n|\n|t:|1700667807\n|-terastallize|p2a: Politoed|Grass\n|move|p1a: Rillaboom|Wood Hammer|p2a: Politoed\n|-resisted|p2a: Politoed\n|-damage|p2a: Politoed|65\/100\n|-damage|p1a: Rillaboom|89\/100|[from] Recoil\n|move|p2a: Politoed|Perish Song|p2a: Politoed\n|-start|p1a: Rillaboom|perish3|[silent]\n|-start|p1b: Goodra|perish3|[silent]\n|-start|p2a: Politoed|perish3|[silent]\n|-start|p2b: Gothitelle|perish3|[silent]\n|-fieldactivate|move: Perish Song\n|move|p2b: Gothitelle|Psychic|p1b: Goodra\n|-resisted|p1b: Goodra\n|-damage|p1b: Goodra|91\/100\n|move|p1b: Goodra|Curse|p1b: Goodra\n|-unboost|p1b: Goodra|spe|1\n|-boost|p1b: Goodra|atk|1\n|-boost|p1b: Goodra|def|1\n|\n|-weather|RainDance|[upkeep]\n|-heal|p1a: Rillaboom|95\/100|[from] Grassy Terrain\n|-heal|p2a: Politoed|72\/100|[from] Grassy Terrain\n|-heal|p1b: Goodra|97\/100|[from] Grassy Terrain\n|-heal|p1b: Goodra|100\/100|[from] item: Leftovers\n|-start|p1a: Rillaboom|perish3\n|-start|p2a: Politoed|perish3\n|-start|p2b: Gothitelle|perish3\n|-start|p1b: Goodra|perish3\n|upkeep\n|turn|3\n|inactive|Bulba9933 has 30 seconds left.\n|\n|t:|1700667839\n|switch|p2a: Amoonguss|Amoonguss, L50, M, shiny|100\/100\n|move|p2b: Gothitelle|Protect|p2b: Gothitelle\n|-singleturn|p2b: Gothitelle|Protect\n|move|p1a: Rillaboom|Wood Hammer|p2b: Gothitelle\n|-activate|p2b: Gothitelle|move: Protect\n|move|p1b: Goodra|Body Press|p2a: Amoonguss\n|-resisted|p2a: Amoonguss\n|-damage|p2a: Amoonguss|79\/100\n|\n|-weather|RainDance|[upkeep]\n|-heal|p1a: Rillaboom|100\/100|[from] Grassy Terrain\n|-heal|p2a: Amoonguss|85\/100|[from] Grassy Terrain\n|-start|p1a: Rillaboom|perish2\n|-start|p2b: Gothitelle|perish2\n|-start|p1b: Goodra|perish2\n|upkeep\n|turn|4\n|\n|t:|1700667861\n|move|p2a: Amoonguss|Rage Powder|p2a: Amoonguss\n|-singleturn|p2a: Amoonguss|move: Rage Powder\n|move|p1a: Rillaboom|Wood Hammer|p2b: Gothitelle\n|-damage|p2b: Gothitelle|25\/100\n|-damage|p1a: Rillaboom|75\/100|[from] Recoil\n|move|p1b: Goodra|Heavy Slam|p2a: Amoonguss\n|-damage|p2a: Amoonguss|12\/100\n|-enditem|p2a: Amoonguss|Wiki Berry|[eat]\n|-heal|p2a: Amoonguss|45\/100|[from] item: Wiki Berry\n|move|p2b: Gothitelle|Trick Room|p2b: Gothitelle\n|-fieldstart|move: Trick Room|[of] p2b: Gothitelle\n|\n|-weather|RainDance|[upkeep]\n|-heal|p2a: Amoonguss|51\/100|[from] Grassy Terrain\n|-heal|p2b: Gothitelle|32\/100|[from] Grassy Terrain\n|-heal|p1a: Rillaboom|81\/100|[from] Grassy Terrain\n|-start|p1b: Goodra|perish1\n|-start|p2b: Gothitelle|perish1\n|-start|p1a: Rillaboom|perish1\n|upkeep\n|turn|5\n|\n|t:|1700667880\n|move|p2a: Amoonguss|Protect|p2a: Amoonguss\n|-singleturn|p2a: Amoonguss|Protect\n|move|p2b: Gothitelle|Protect|p2b: Gothitelle\n|-singleturn|p2b: Gothitelle|Protect\n|move|p1a: Rillaboom|Grassy Glide|p2b: Gothitelle\n|-activate|p2b: Gothitelle|move: Protect\n|move|p1b: Goodra|Heavy Slam|p2a: Amoonguss\n|-activate|p2a: Amoonguss|move: Protect\n|\n|-weather|none\n|-heal|p2a: Amoonguss|57\/100|[from] Grassy Terrain\n|-heal|p2b: Gothitelle|38\/100|[from] Grassy Terrain\n|-heal|p1a: Rillaboom|87\/100|[from] Grassy Terrain\n|-start|p1b: Goodra|perish0\n|-start|p2b: Gothitelle|perish0\n|-start|p1a: Rillaboom|perish0\n|faint|p1b: Goodra\n|faint|p2b: Gothitelle\n|faint|p1a: Rillaboom\n|-fieldend|move: Grassy Terrain\n|upkeep\n|-message|12soul forfeited.\n|\n|win|Bulba9933\n|raw|12soul's rating: 1071 &rarr; <strong>1049<\/strong><br \/>(-22 for losing)\n|raw|Bulba9933's rating: 1055 &rarr; <strong>1088<\/strong><br \/>(+33 for winning)\n|l|\u260612soul\n","uploadtime":1700667900,"views":11,"p1id":"12soul","p2id":"bulba9933","formatid":"gen9vgc2023regulatione","rating":1049,"private":0,"password":""}