{"id":"gen9vgc2023regulatione-1992502878","p1":"IAmAnissue","p2":"benjc","format":"[Gen 9] VGC 2023 Regulation E","log":"|j|\u2606IAmAnissue\n|j|\u2606benjc\n|n|\u2606IAmAnissue|iamanissue\n|n|\u2606benjc|benjc\n|html|View the match progress at <a href=\"\/game-bestof3-gen9vgc2023regulatione-1992502877\">game-bestof3-gen9vgc2023regulatione-1992502877<\/a>\n|t:|1700195994\n|gametype|doubles\n|player|p1|IAmAnissue|101|\n|player|p2|benjc|preschooler|\n|teamsize|p1|6\n|teamsize|p2|6\n|gen|9\n|tier|[Gen 9] VGC 2023 Regulation E\n|rule|Species Clause: Limit one of each Pok\u00e9mon\n|rule|Item Clause: Limit one of each item\n|clearpoke\n|poke|p1|Toxtricity-Low-Key, L50, M|\n|poke|p1|Clawitzer, L50, M|\n|poke|p1|Haunter, L50, M|\n|poke|p1|Gothita, L50, M|\n|poke|p1|Espeon, L50, M|\n|poke|p1|Lokix, L50, M|\n|poke|p2|Samurott-Hisui, L50, M|\n|poke|p2|Persian, L50, F|\n|poke|p2|Gliscor, L50, M|\n|poke|p2|Delphox, L50, M|\n|poke|p2|Decidueye, L50, M|\n|poke|p2|Falinks, L50|\n|teampreview|4\n|inactive|Battle timer is ON: inactive players will automatically lose when time's up. (requested by IAmAnissue)\n|inactive|benjc also wants the timer to be on.\n|inactive|benjc no longer wants the timer on, but the timer is staying on because iamanissue still does.\nIAmAnissue rejected open team sheets.\n|c|\u2606benjc|gl hf\n|inactiveoff|Battle timer is now OFF.\n|c|\u2606IAmAnissue|glhf\n|\n|t:|1700196046\n|start\n|switch|p1a: Haunter|Haunter, L50, M|100\/100\n|switch|p1b: Espeon|Espeon, L50, M|100\/100\n|switch|p2a: Persian|Persian, L50, F|100\/100\n|switch|p2b: Samurott|Samurott-Hisui, L50, M|100\/100\n|turn|1\n|\n|t:|1700196067\n|move|p1b: Espeon|Detect|p1b: Espeon\n|-singleturn|p1b: Espeon|Protect\n|move|p1a: Haunter|Protect|p1a: Haunter\n|-singleturn|p1a: Haunter|Protect\n|move|p2a: Persian|Fake Out|p1b: Espeon\n|-activate|p1b: Espeon|move: Protect\n|move|p2b: Samurott|Ceaseless Edge|p1a: Haunter\n|-activate|p1a: Haunter|move: Protect\n|\n|upkeep\n|turn|2\n|\n|t:|1700196080\n|move|p1a: Haunter|Sucker Punch|p1b: Espeon\n|-supereffective|p1b: Espeon\n|-damage|p1b: Espeon|69\/100\n|-enditem|p1b: Espeon|Weakness Policy\n|-boost|p1b: Espeon|atk|2|[from] item: Weakness Policy\n|-boost|p1b: Espeon|spa|2|[from] item: Weakness Policy\n|move|p2a: Persian|Icy Wind|p1a: Haunter|[spread] p1a,p1b\n|-damage|p1a: Haunter|79\/100\n|-damage|p1b: Espeon|57\/100\n|-unboost|p1a: Haunter|spe|1\n|-unboost|p1b: Espeon|spe|1\n|move|p2b: Samurott|Ceaseless Edge|p1b: Espeon\n|-supereffective|p1b: Espeon\n|-damage|p1b: Espeon|0 fnt\n|-sidestart|p1: IAmAnissue|Spikes\n|faint|p1b: Espeon\n|\n|upkeep\n|\n|t:|1700196089\n|switch|p1b: Lokix|Lokix, L50, M, shiny|100\/100\n|-damage|p1b: Lokix|88\/100|[from] Spikes\n|turn|3\n|\n|t:|1700196100\n|move|p1b: Lokix|First Impression|p2b: Samurott\n|-supereffective|p2b: Samurott\n|-damage|p2b: Samurott|0 fnt\n|faint|p2b: Samurott\n|-damage|p1b: Lokix|79\/100|[from] item: Life Orb\n|move|p2a: Persian|Icy Wind|p1b: Lokix|[spread] p1a,p1b\n|-damage|p1a: Haunter|60\/100\n|-damage|p1b: Lokix|62\/100\n|-unboost|p1a: Haunter|spe|1\n|-unboost|p1b: Lokix|spe|1\n|move|p1a: Haunter|Sludge Bomb|p2a: Persian\n|-damage|p2a: Persian|41\/100\n|\n|upkeep\n|\n|t:|1700196121\n|switch|p2b: Gliscor|Gliscor, L50, M|100\/100\n|turn|4\n|\n|t:|1700196149\n|move|p1b: Lokix|Detect|p1b: Lokix\n|-singleturn|p1b: Lokix|Protect\n|move|p2a: Persian|Icy Wind|p1a: Haunter|[spread] p1a\n|-activate|p1b: Lokix|move: Protect\n|-damage|p1a: Haunter|39\/100\n|-unboost|p1a: Haunter|spe|1\n|move|p2b: Gliscor|Knock Off|p1a: Haunter\n|-supereffective|p1a: Haunter\n|-damage|p1a: Haunter|0 fnt\n|-enditem|p1a: Haunter|Focus Sash|[from] move: Knock Off|[of] p2b: Gliscor\n|faint|p1a: Haunter\n|\n|-status|p2b: Gliscor|tox|[from] item: Toxic Orb\n|upkeep\n|\n|t:|1700196153\n|switch|p1a: Toxtricity|Toxtricity-Low-Key, L50, M|100\/100\n|-damage|p1a: Toxtricity|88\/100|[from] Spikes\n|turn|5\n|\n|t:|1700196173\n|move|p1b: Lokix|Sucker Punch|p2a: Persian\n|-damage|p2a: Persian|0 fnt\n|faint|p2a: Persian\n|-damage|p1b: Lokix|53\/100|[from] item: Life Orb\n|move|p2b: Gliscor|High Horsepower|p1a: Toxtricity\n|-supereffective|p1a: Toxtricity\n|-damage|p1a: Toxtricity|0 fnt\n|faint|p1a: Toxtricity\n|\n|upkeep\n|\n|t:|1700196182\n|switch|p2a: Decidueye|Decidueye, L50, M|100\/100\n|turn|6\n|\n|t:|1700196197\n|move|p1b: Lokix|Detect|p1b: Lokix\n|-singleturn|p1b: Lokix|Protect\n|move|p2b: Gliscor|High Horsepower|p1b: Lokix\n|-activate|p1b: Lokix|move: Protect\n|move|p2a: Decidueye|Roost||[still]\n|-fail|p2a: Decidueye|heal\n|\n|upkeep\n|turn|7\n|\n|t:|1700196206\n|move|p1b: Lokix|Sucker Punch|p2b: Gliscor\n|-damage|p2b: Gliscor|63\/100 tox\n|-damage|p1b: Lokix|43\/100|[from] item: Life Orb\n|move|p2b: Gliscor|High Horsepower|p1b: Lokix\n|-resisted|p1b: Lokix\n|-damage|p1b: Lokix|21\/100\n|move|p2a: Decidueye|Poltergeist|p1b: Lokix\n|-activate|p1b: Lokix|move: Poltergeist|Life Orb\n|-resisted|p1b: Lokix\n|-damage|p1b: Lokix|0 fnt\n|faint|p1b: Lokix\n|\n|win|benjc\n|c|&|\/uhtml prompt-iamanissue,IAmAnissue is ready for game 2!\n|c|&|\/uhtml prompt-benjc,benjc is ready for game 2!\nBoth players are ready! Starting next match!\n|j| matthewssandslash\n","uploadtime":1700196504,"views":28,"p1id":"iamanissue","p2id":"benjc","formatid":"gen9vgc2023regulatione","rating":0,"private":0,"password":""}