{"id":"gen9vgc2023regulatione-1989774380","p1":"starling01","p2":"itsE","format":"[Gen 9] VGC 2023 Regulation E","log":"|j|\u2606starling01\n|j|\u203ditsE\n|n|\u2606starling01|starling01\n|n|\u203ditsE|itse\n|html|View the match progress at <a href=\"\/game-bestof3-gen9vgc2023regulatione-1989774379\">game-bestof3-gen9vgc2023regulatione-1989774379<\/a>\n|t:|1699894612\n|gametype|doubles\n|player|p1|starling01|hilda|\n|player|p2|itsE|jogger|\n|teamsize|p1|6\n|teamsize|p2|6\n|gen|9\n|tier|[Gen 9] VGC 2023 Regulation E\n|rule|Species Clause: Limit one of each Pok\u00e9mon\n|rule|Item Clause: Limit one of each item\n|clearpoke\n|poke|p1|Indeedee-F, L50, F|\n|poke|p1|Armarouge, L50, F|\n|poke|p1|Talonflame, L50, F|\n|poke|p1|Tyranitar, L50, F|\n|poke|p1|Ursaluna-Bloodmoon, L50, M|\n|poke|p1|Kommo-o, L50, F|\n|poke|p2|Kommo-o, L50, F|\n|poke|p2|Garganacl, L50, F|\n|poke|p2|Gholdengo, L50|\n|poke|p2|Meowscarada, L50, F|\n|poke|p2|Fezandipiti, L50, M|\n|poke|p2|Okidogi, L50, M|\n|teampreview|4\n|inactive|Battle timer is ON: inactive players will automatically lose when time's up. (requested by itsE)\nstarling01 has agreed to open team sheets.\n|inactiveoff|Battle timer is now OFF.\nitsE has agreed to open team sheets.\n|showteam|p1|Indeedee-F||FocusSash|PsychicSurge|FollowMe,TrickRoom,HelpingHand,DazzlingGleam|||F|||50|,,,,,Fairy]Armarouge||TwistedSpoon|FlashFire|ExpandingForce,ArmorCannon,TrickRoom,Protect|||F|||50|,,,,,Psychic]Talonflame||CovertCloak|GaleWings|Tailwind,WillOWisp,BraveBird,Uturn|||F|||50|,,,,,Flying]Tyranitar||WeaknessPolicy|SandStream|RockSlide,KnockOff,Protect,TeraBlast|||F|||50|,,,,,Flying]Ursaluna-Bloodmoon||SilkScarf|MindsEye|HyperVoice,BloodMoon,EarthPower,Protect|||M|||50|,,,,,Normal]Kommo-o||Leftovers|Soundproof|BodyPress,IronDefense,Protect,IronHead|||F|||50|,,,,,Steel\n|showteam|p2|Kommo-o||ThroatSpray|Soundproof|ClangorousSoul,Boomburst,ClangingScales,Flamethrower|||F|||50|,,,,,Steel]Garganacl||Leftovers|PurifyingSalt|SaltCure,Recover,WideGuard,Protect|||F|||50|,,,,,Dragon]Gholdengo||ChoiceSpecs|GoodasGold|MakeItRain,ShadowBall,PowerGem,FocusBlast||||||50|,,,,,Fairy]Meowscarada||FocusSash|Overgrow|FlowerTrick,KnockOff,SuckerPunch,Protect|||F|||50|,,,,,Dark]Fezandipiti||KingsRock|ToxicChain|BeatUp,Protect,DazzlingGleam,Tailwind|||M|||50|,,,,,Poison]Okidogi||AssaultVest|ToxicChain|Snarl,KnockOff,DrainPunch,PoisonJab|||M|||50|,,,,,Dark\n|\n|t:|1699894645\n|start\n|switch|p1a: Talonflame|Talonflame, L50, F|100\/100\n|switch|p1b: Armarouge|Armarouge, L50, F|100\/100\n|switch|p2a: Fezandipiti|Fezandipiti, L50, M|100\/100\n|switch|p2b: Garganacl|Garganacl, L50, F|100\/100\n|turn|1\n|\n|t:|1699894690\n|-terastallize|p1b: Armarouge|Psychic\n|move|p1a: Talonflame|Tailwind|p1a: Talonflame\n|-sidestart|p1: starling01|move: Tailwind\n|move|p1b: Armarouge|Expanding Force|p2a: Fezandipiti\n|-supereffective|p2a: Fezandipiti\n|-damage|p2a: Fezandipiti|6\/100\n|move|p2a: Fezandipiti|Beat Up|p1b: Armarouge\n|-supereffective|p1b: Armarouge\n|-damage|p1b: Armarouge|95\/100\n|-supereffective|p1b: Armarouge\n|-damage|p1b: Armarouge|88\/100\n|-supereffective|p1b: Armarouge\n|-damage|p1b: Armarouge|83\/100\n|-supereffective|p1b: Armarouge\n|-damage|p1b: Armarouge|76\/100\n|-status|p1b: Armarouge|tox|[from] ability: Toxic Chain|[of] p2a: Fezandipiti\n|-hitcount|p1b: Armarouge|4\n|move|p2b: Garganacl|Salt Cure|p1a: Talonflame\n|-supereffective|p1a: Talonflame\n|-damage|p1a: Talonflame|16\/100\n|\n|-damage|p1b: Armarouge|71\/100 tox|[from] psn\n|upkeep\n|turn|2\n|c|\u2606starling01|ok then\n|\n|t:|1699894766\n|move|p2a: Fezandipiti|Protect|p2a: Fezandipiti\n|-singleturn|p2a: Fezandipiti|Protect\n|move|p1a: Talonflame|U-turn|p2a: Fezandipiti\n|-activate|p2a: Fezandipiti|move: Protect\n|move|p1b: Armarouge|Expanding Force|p2b: Garganacl\n|-damage|p2b: Garganacl|41\/100\n|move|p2b: Garganacl|Salt Cure|p1b: Armarouge\n|-damage|p1b: Armarouge|57\/100 tox\n|-start|p1b: Armarouge|Salt Cure\n|\n|-heal|p2b: Garganacl|46\/100|[from] item: Leftovers\n|-damage|p1b: Armarouge|46\/100 tox|[from] psn\n|-damage|p1b: Armarouge|34\/100 tox|[from] Salt Cure\n|upkeep\n|turn|3\n|j| Llama_Llord\n|\n|t:|1699894789\n|switch|p2a: Gholdengo|Gholdengo, L50|100\/100\n|move|p2b: Garganacl|Protect|p2b: Garganacl\n|-singleturn|p2b: Garganacl|Protect\n|move|p1a: Talonflame|U-turn|p2a: Gholdengo\n|-resisted|p2a: Gholdengo\n|-crit|p2a: Gholdengo\n|-damage|p2a: Gholdengo|94\/100\n|\n|t:|1699894826\n|switch|p1a: Indeedee|Indeedee-F, L50, F|100\/100|[from] U-turn\n|-fieldstart|move: Psychic Terrain|[from] ability: Psychic Surge|[of] p1a: Indeedee\n|move|p1b: Armarouge|Expanding Force|p2a: Gholdengo|[spread] p2a\n|-activate|p2b: Garganacl|move: Protect\n|-resisted|p2a: Gholdengo\n|-damage|p2a: Gholdengo|34\/100\n|\n|-heal|p2b: Garganacl|52\/100|[from] item: Leftovers\n|-damage|p1b: Armarouge|16\/100 tox|[from] psn\n|-damage|p1b: Armarouge|4\/100 tox|[from] Salt Cure\n|upkeep\n|turn|4\n|\n|t:|1699894850\n|move|p2b: Garganacl|Wide Guard|p2b: Garganacl\n|-singleturn|p2b: Garganacl|Wide Guard\n|move|p1a: Indeedee|Follow Me|p1a: Indeedee\n|-singleturn|p1a: Indeedee|move: Follow Me\n|move|p1b: Armarouge|Armor Cannon|p2a: Gholdengo\n|-supereffective|p2a: Gholdengo\n|-damage|p2a: Gholdengo|0 fnt\n|-unboost|p1b: Armarouge|def|1\n|-unboost|p1b: Armarouge|spd|1\n|faint|p2a: Gholdengo\n|\n|-heal|p2b: Garganacl|58\/100|[from] item: Leftovers\n|-damage|p1b: Armarouge|0 fnt|[from] psn\n|faint|p1b: Armarouge\n|-sideend|p1: starling01|move: Tailwind\n|upkeep\n|\n|t:|1699894874\n|switch|p2a: Meowscarada|Meowscarada, L50, F|100\/100\n|switch|p1b: Talonflame|Talonflame, L50, F|16\/100\n|turn|5\n|\n|t:|1699894908\n|move|p2a: Meowscarada|Protect|p2a: Meowscarada\n|-singleturn|p2a: Meowscarada|Protect\n|move|p1b: Talonflame|U-turn|p2a: Meowscarada\n|-activate|p2a: Meowscarada|move: Protect\n|move|p1a: Indeedee|Dazzling Gleam|p2a: Meowscarada|[spread] p2b\n|-activate|p2a: Meowscarada|move: Protect\n|-damage|p2b: Garganacl|48\/100\n|move|p2b: Garganacl|Salt Cure|p1b: Talonflame\n|-supereffective|p1b: Talonflame\n|-damage|p1b: Talonflame|0 fnt\n|faint|p1b: Talonflame\n|\n|-heal|p2b: Garganacl|54\/100|[from] item: Leftovers\n|upkeep\n|c|\u2606starling01|right\n|\n|t:|1699894915\n|switch|p1b: Kommo-o|Kommo-o, L50, F|100\/100\n|turn|6\n|\n|t:|1699894945\n|move|p2b: Garganacl|Wide Guard|p2b: Garganacl\n|-singleturn|p2b: Garganacl|Wide Guard\n|move|p1a: Indeedee|Follow Me|p1a: Indeedee\n|-singleturn|p1a: Indeedee|move: Follow Me\n|move|p2a: Meowscarada|Knock Off|p1a: Indeedee\n|-supereffective|p1a: Indeedee\n|-damage|p1a: Indeedee|11\/100\n|-enditem|p1a: Indeedee|Focus Sash|[from] move: Knock Off|[of] p2a: Meowscarada\n|move|p1b: Kommo-o|Iron Defense|p1b: Kommo-o\n|-boost|p1b: Kommo-o|def|2\n|\n|-heal|p2b: Garganacl|59\/100|[from] item: Leftovers\n|upkeep\n|turn|7\n|\n|t:|1699894971\n|move|p2a: Meowscarada|Knock Off|p1a: Indeedee\n|-supereffective|p1a: Indeedee\n|-damage|p1a: Indeedee|0 fnt\n|faint|p1a: Indeedee\n|move|p1b: Kommo-o|Body Press|p2a: Meowscarada\n|-supereffective|p2a: Meowscarada\n|-enditem|p2a: Meowscarada|Focus Sash\n|-damage|p2a: Meowscarada|1\/100\n|move|p2b: Garganacl|Salt Cure|p1b: Kommo-o\n|-resisted|p1b: Kommo-o\n|-damage|p1b: Kommo-o|98\/100\n|-start|p1b: Kommo-o|Salt Cure\n|\n|-heal|p1b: Kommo-o|100\/100|[from] item: Leftovers\n|-heal|p2b: Garganacl|65\/100|[from] item: Leftovers\n|-damage|p1b: Kommo-o|88\/100|[from] Salt Cure\n|-fieldend|move: Psychic Terrain\n|upkeep\n|turn|8\n|\n|t:|1699894992\n|-terastallize|p2b: Garganacl|Dragon\n|move|p2a: Meowscarada|Flower Trick|p1b: Kommo-o\n|-resisted|p1b: Kommo-o\n|-crit|p1b: Kommo-o\n|-damage|p1b: Kommo-o|63\/100\n|move|p1b: Kommo-o|Body Press|p2b: Garganacl\n|-damage|p2b: Garganacl|15\/100\n|move|p2b: Garganacl|Recover|p2b: Garganacl\n|-heal|p2b: Garganacl|66\/100\n|\n|-heal|p1b: Kommo-o|70\/100|[from] item: Leftovers\n|-heal|p2b: Garganacl|72\/100|[from] item: Leftovers\n|-damage|p1b: Kommo-o|57\/100|[from] Salt Cure\n|upkeep\n|turn|9\n|\n|t:|1699895008\n|move|p2a: Meowscarada|Flower Trick|p1b: Kommo-o\n|-resisted|p1b: Kommo-o\n|-crit|p1b: Kommo-o\n|-damage|p1b: Kommo-o|33\/100\n|move|p1b: Kommo-o|Body Press|p2a: Meowscarada\n|-supereffective|p2a: Meowscarada\n|-damage|p2a: Meowscarada|0 fnt\n|faint|p2a: Meowscarada\n|move|p2b: Garganacl|Salt Cure|p1b: Kommo-o\n|-resisted|p1b: Kommo-o\n|-damage|p1b: Kommo-o|30\/100\n|\n|-heal|p1b: Kommo-o|36\/100|[from] item: Leftovers\n|-heal|p2b: Garganacl|77\/100|[from] item: Leftovers\n|-damage|p1b: Kommo-o|24\/100|[from] Salt Cure\n|upkeep\n|\n|t:|1699895015\n|switch|p2a: Fezandipiti|Fezandipiti, L50, M|6\/100\n|turn|10\n|\n|t:|1699895040\n|move|p2a: Fezandipiti|Beat Up|p1b: Kommo-o\n|-resisted|p1b: Kommo-o\n|-damage|p1b: Kommo-o|23\/100\n|-resisted|p1b: Kommo-o\n|-damage|p1b: Kommo-o|23\/100\n|-hitcount|p1b: Kommo-o|2\n|move|p1b: Kommo-o|Iron Head|p2a: Fezandipiti\n|-supereffective|p2a: Fezandipiti\n|-damage|p2a: Fezandipiti|0 fnt\n|faint|p2a: Fezandipiti\n|move|p2b: Garganacl|Recover|p2b: Garganacl\n|-heal|p2b: Garganacl|100\/100\n|\n|-heal|p1b: Kommo-o|29\/100|[from] item: Leftovers\n|-damage|p1b: Kommo-o|17\/100|[from] Salt Cure\n|upkeep\n|turn|11\n|\n|t:|1699895054\n|move|p2b: Garganacl|Protect|p2b: Garganacl\n|-singleturn|p2b: Garganacl|Protect\n|move|p1b: Kommo-o|Body Press|p2b: Garganacl\n|-activate|p2b: Garganacl|move: Protect\n|\n|-heal|p1b: Kommo-o|23\/100|[from] item: Leftovers\n|-damage|p1b: Kommo-o|10\/100|[from] Salt Cure\n|upkeep\n|turn|12\n|\n|t:|1699895062\n|move|p1b: Kommo-o|Body Press|p2b: Garganacl\n|-damage|p2b: Garganacl|53\/100\n|move|p2b: Garganacl|Salt Cure|p1b: Kommo-o\n|-resisted|p1b: Kommo-o\n|-damage|p1b: Kommo-o|8\/100\n|\n|-heal|p1b: Kommo-o|14\/100|[from] item: Leftovers\n|-heal|p2b: Garganacl|58\/100|[from] item: Leftovers\n|-damage|p1b: Kommo-o|2\/100|[from] Salt Cure\n|upkeep\n|turn|13\n|\n|t:|1699895071\n|move|p2b: Garganacl|Protect|p2b: Garganacl\n|-singleturn|p2b: Garganacl|Protect\n|move|p1b: Kommo-o|Body Press|p2b: Garganacl\n|-activate|p2b: Garganacl|move: Protect\n|\n|-heal|p1b: Kommo-o|8\/100|[from] item: Leftovers\n|-heal|p2b: Garganacl|64\/100|[from] item: Leftovers\n|-damage|p1b: Kommo-o|0 fnt|[from] Salt Cure\n|faint|p1b: Kommo-o\n|\n|win|itsE\n|upkeep\n|c|&|\/uhtml prompt-starling01,starling01 is ready for game 2!\n","uploadtime":1699895078,"views":9,"p1id":"starling01","p2id":"itse","formatid":"gen9vgc2023regulatione","rating":0,"private":0,"password":""}