{"id":"gen9vgc2023regulatione-1994888073","p1":"zeldafuked","p2":"TheTantricPoke","format":"[Gen 9] VGC 2023 Regulation E","log":"|j|\u2606zeldafuked\n|j|\u2606TheTantricPoke\n|t:|1700501882\n|gametype|doubles\n|player|p1|zeldafuked|beauty-gen4dp|1063\n|player|p2|TheTantricPoke|shauntal|1149\n|teamsize|p1|6\n|teamsize|p2|6\n|gen|9\n|tier|[Gen 9] VGC 2023 Regulation E\n|rated|\n|rule|Species Clause: Limit one of each Pok\u00e9mon\n|rule|Item Clause: Limit one of each item\n|clearpoke\n|poke|p1|Tatsugiri, L50, F|\n|poke|p1|Dondozo, L50, M|\n|poke|p1|Dragonite, L50, M|\n|poke|p1|Chien-Pao, L50|\n|poke|p1|Flutter Mane, L50|\n|poke|p1|Glimmora, L50, F|\n|poke|p2|Heatran, L50, M|\n|poke|p2|Urshifu-*, L50, M|\n|poke|p2|Dragonite, L50, M|\n|poke|p2|Chien-Pao, L50|\n|poke|p2|Amoonguss, L50, M|\n|poke|p2|Flutter Mane, L50|\n|teampreview|4\n|c|\u2606TheTantricPoke|yeah! series 2 team!\n|inactive|Battle timer is ON: inactive players will automatically lose when time's up. (requested by zeldafuked)\n|c|\u2606TheTantricPoke|do not know what to do\n|\n|t:|1700502002\n|start\n|switch|p1a: Flutter Mane|Flutter Mane, L50|100\/100\n|switch|p1b: Glimmora|Glimmora, L50, F|100\/100\n|switch|p2a: Urshifu|Urshifu-Rapid-Strike, L50, M|100\/100\n|switch|p2b: Flutter Mane|Flutter Mane, L50|100\/100\n|-enditem|p2b: Flutter Mane|Booster Energy\n|-activate|p2b: Flutter Mane|ability: Protosynthesis|[fromitem]\n|-start|p2b: Flutter Mane|protosynthesisspe\n|-enditem|p1a: Flutter Mane|Booster Energy\n|-activate|p1a: Flutter Mane|ability: Protosynthesis|[fromitem]\n|-start|p1a: Flutter Mane|protosynthesisspa\n|turn|1\n|inactive|TheTantricPoke has 30 seconds left.\n|inactive|TheTantricPoke has 20 seconds left.\n|inactive|TheTantricPoke has 15 seconds left.\n|\n|t:|1700502045\n|move|p2b: Flutter Mane|Dazzling Gleam|p1b: Glimmora|[spread] p1a,p1b\n|-resisted|p1b: Glimmora\n|-damage|p1a: Flutter Mane|71\/100\n|-damage|p1b: Glimmora|88\/100\n|move|p2a: Urshifu|Surging Strikes|p1a: Flutter Mane\n|-crit|p1a: Flutter Mane\n|-damage|p1a: Flutter Mane|31\/100\n|-crit|p1a: Flutter Mane\n|-damage|p1a: Flutter Mane|0 fnt\n|faint|p1a: Flutter Mane\n|-end|p1a: Flutter Mane|Protosynthesis|[silent]\n|-hitcount|p1: Flutter Mane|2\n|move|p1b: Glimmora|Sludge Bomb|p2b: Flutter Mane\n|-damage|p2b: Flutter Mane|48\/100\n|\n|upkeep\n|\n|t:|1700502058\n|switch|p1a: Dondozo|Dondozo, L50, M|100\/100\n|turn|2\n|\n|t:|1700502075\n|switch|p2a: Amoonguss|Amoonguss, L50, M|100\/100\n|switch|p1b: Tatsugiri|Tatsugiri, L50, F|100\/100\n|-activate|p1b: Tatsugiri|ability: Commander|[of] p1a: Dondozo\n|-boost|p1a: Dondozo|atk|2\n|-boost|p1a: Dondozo|spa|2\n|-boost|p1a: Dondozo|spe|2\n|-boost|p1a: Dondozo|def|2\n|-boost|p1a: Dondozo|spd|2\n|-terastallize|p1a: Dondozo|Dragon\n|move|p2b: Flutter Mane|Protect|p2b: Flutter Mane\n|-singleturn|p2b: Flutter Mane|Protect\n|move|p1a: Dondozo|Earthquake|p2a: Amoonguss|[spread] p2a\n|-miss|p1a: Dondozo|p1b: Tatsugiri\n|-activate|p2b: Flutter Mane|move: Protect\n|-damage|p2a: Amoonguss|67\/100\n|\n|upkeep\n|turn|3\n|\n|t:|1700502093\n|-end|p2b: Flutter Mane|Protosynthesis|[silent]\n|switch|p2b: Urshifu|Urshifu-Rapid-Strike, L50, M|100\/100\n|move|p1a: Dondozo|Substitute|p1a: Dondozo\n|-start|p1a: Dondozo|Substitute\n|-damage|p1a: Dondozo|76\/100\n|move|p2a: Amoonguss|Spore||[still]\n|-fail|p2a: Amoonguss\n|\n|-heal|p1a: Dondozo|82\/100|[from] item: Leftovers\n|upkeep\n|turn|4\n|\n|t:|1700502116\n|move|p2b: Urshifu|Surging Strikes|p1a: Dondozo\n|-resisted|p1a: Dondozo\n|-crit|p1a: Dondozo\n|-activate|p1a: Dondozo|move: Substitute|[damage]\n|-resisted|p1a: Dondozo\n|-crit|p1a: Dondozo\n|-activate|p1a: Dondozo|move: Substitute|[damage]\n|-resisted|p1a: Dondozo\n|-crit|p1a: Dondozo\n|-activate|p1a: Dondozo|move: Substitute|[damage]\n|-hitcount|p1a: Dondozo|3\n|move|p1a: Dondozo|Earthquake|p2b: Urshifu|[spread] p2a,p2b\n|-miss|p1a: Dondozo|p1b: Tatsugiri\n|-damage|p2a: Amoonguss|33\/100\n|-damage|p2b: Urshifu|62\/100\n|-enditem|p2a: Amoonguss|Sitrus Berry|[eat]\n|-heal|p2a: Amoonguss|58\/100|[from] item: Sitrus Berry\n|move|p2a: Amoonguss|Spore||[still]\n|-fail|p2a: Amoonguss\n|\n|-heal|p1a: Dondozo|88\/100|[from] item: Leftovers\n|upkeep\n|turn|5\n|\n|t:|1700502136\n|move|p2b: Urshifu|Surging Strikes|p1a: Dondozo\n|-resisted|p1a: Dondozo\n|-crit|p1a: Dondozo\n|-end|p1a: Dondozo|Substitute\n|-resisted|p1a: Dondozo\n|-crit|p1a: Dondozo\n|-damage|p1a: Dondozo|81\/100\n|-resisted|p1a: Dondozo\n|-crit|p1a: Dondozo\n|-damage|p1a: Dondozo|74\/100\n|-hitcount|p1a: Dondozo|3\n|move|p1a: Dondozo|Substitute|p1a: Dondozo\n|-start|p1a: Dondozo|Substitute\n|-damage|p1a: Dondozo|49\/100\n|move|p2a: Amoonguss|Spore||[still]\n|-fail|p2a: Amoonguss\n|\n|-heal|p1a: Dondozo|55\/100|[from] item: Leftovers\n|upkeep\n|turn|6\n|c|\u2606TheTantricPoke|nice!\n|inactive|TheTantricPoke has 30 seconds left.\n|\n|t:|1700502166\n|move|p2b: Urshifu|Surging Strikes|p1a: Dondozo\n|-resisted|p1a: Dondozo\n|-crit|p1a: Dondozo\n|-activate|p1a: Dondozo|move: Substitute|[damage]\n|-resisted|p1a: Dondozo\n|-crit|p1a: Dondozo\n|-activate|p1a: Dondozo|move: Substitute|[damage]\n|-resisted|p1a: Dondozo\n|-crit|p1a: Dondozo\n|-activate|p1a: Dondozo|move: Substitute|[damage]\n|-hitcount|p1a: Dondozo|3\n|move|p1a: Dondozo|Order Up|p2a: Amoonguss\n|-damage|p2a: Amoonguss|9\/100\n|-boost|p1a: Dondozo|atk|1\n|move|p2a: Amoonguss|Pollen Puff|p2b: Urshifu\n|-heal|p2b: Urshifu|100\/100\n|\n|-heal|p1a: Dondozo|61\/100|[from] item: Leftovers\n|upkeep\n|turn|7\n|inactive|TheTantricPoke has 30 seconds left.\n|inactive|TheTantricPoke has 20 seconds left.\n|inactive|TheTantricPoke has 15 seconds left.\n|inactive|TheTantricPoke has 10 seconds left.\n|inactive|TheTantricPoke has 5 seconds left.\n|\n|t:|1700502217\n|switch|p2b: Flutter Mane|Flutter Mane, L50|48\/100\n|move|p2a: Amoonguss|Protect|p2a: Amoonguss\n|-singleturn|p2a: Amoonguss|Protect\n|move|p1a: Dondozo|Earthquake|p2a: Amoonguss|[spread] p2b\n|-miss|p1a: Dondozo|p1b: Tatsugiri\n|-activate|p2a: Amoonguss|move: Protect\n|-damage|p2b: Flutter Mane|0 fnt\n|faint|p2b: Flutter Mane\n|-end|p2b: Flutter Mane|Protosynthesis|[silent]\n|\n|-heal|p1a: Dondozo|67\/100|[from] item: Leftovers\n|upkeep\n|\n|t:|1700502234\n|switch|p2b: Urshifu|Urshifu-Rapid-Strike, L50, M|100\/100\n|turn|8\n|inactive|TheTantricPoke has 30 seconds left.\n|\n|t:|1700502263\n|switch|p2a: Heatran|Heatran, L50, M|100\/100\n|move|p2b: Urshifu|U-turn|p1a: Dondozo\n|-end|p1a: Dondozo|Substitute\n|\n|t:|1700502268\n|switch|p2b: Amoonguss|Amoonguss, L50, M|42\/100|[from] U-turn\n|move|p1a: Dondozo|Earthquake|p2b: Amoonguss|[spread] p2a,p2b\n|-miss|p1a: Dondozo|p1b: Tatsugiri\n|-supereffective|p2a: Heatran\n|-damage|p2a: Heatran|0 fnt\n|-damage|p2b: Amoonguss|4\/100\n|faint|p2a: Heatran\n|\n|-heal|p1a: Dondozo|74\/100|[from] item: Leftovers\n|upkeep\n|-message|TheTantricPoke forfeited.\n|\n|win|zeldafuked\n|raw|zeldafuked's rating: 1063 &rarr; <strong>1101<\/strong><br \/>(+38 for winning)\n|raw|TheTantricPoke's rating: 1149 &rarr; <strong>1118<\/strong><br \/>(-31 for losing)\n|l|\u2606TheTantricPoke\n","uploadtime":1700502296,"views":3,"p1id":"zeldafuked","p2id":"thetantricpoke","formatid":"gen9vgc2023regulatione","rating":1101,"private":0,"password":""}