{"id":"gen9vgc2023regulatione-1999896394","p1":"Fernanch","p2":"TheblackGotenks","format":"[Gen 9] VGC 2023 Regulation E","log":"|j|\u2606Fernanch\n|j|\u2606TheblackGotenks\n|n|\u2606Fernanch|fernanch\n|n|\u2606TheblackGotenks|theblackgotenks\n|html|View the match progress at <a href=\"\/game-bestof3-gen9vgc2023regulatione-1999896393\">game-bestof3-gen9vgc2023regulatione-1999896393<\/a>\n|t:|1701127483\n|gametype|doubles\n|player|p1|Fernanch|waiter-gen4dp|\n|player|p2|TheblackGotenks|ghetsis-gen5bw|\n|teamsize|p1|6\n|teamsize|p2|6\n|gen|9\n|tier|[Gen 9] VGC 2023 Regulation E\n|rule|Species Clause: Limit one of each Pok\u00e9mon\n|rule|Item Clause: Limit one of each item\n|clearpoke\n|poke|p1|Flutter Mane, L50|\n|poke|p1|Amoonguss, L50, M|\n|poke|p1|Chi-Yu, L50|\n|poke|p1|Slaking, L50, M|\n|poke|p1|Golduck, L50, M|\n|poke|p1|Pawmot, L50, F|\n|poke|p2|Tornadus, L50, M|\n|poke|p2|Ogerpon-Hearthflame, L50, F|\n|poke|p2|Foongus, L50, M|\n|poke|p2|Salamence, L50, M|\n|poke|p2|Palafin, L50, M|\n|poke|p2|Kingambit, L50, F|\n|teampreview|4\n|c|\u2606TheblackGotenks|Glhf\nFernanch rejected open team sheets.\n|c|\u2606Fernanch|Glhf\n|\n|t:|1701127526\n|start\n|switch|p1a: Flutter Mane|Flutter Mane, L50|100\/100\n|switch|p1b: Pawmot|Pawmot, L50, F|100\/100\n|switch|p2a: Tornadus|Tornadus, L50, M|100\/100\n|switch|p2b: Foongus|Foongus, L50, M|100\/100\n|turn|1\n|\n|t:|1701127550\n|move|p1a: Flutter Mane|Protect|p1a: Flutter Mane\n|-singleturn|p1a: Flutter Mane|Protect\n|move|p2b: Foongus|Rage Powder|p2b: Foongus\n|-singleturn|p2b: Foongus|move: Rage Powder\n|move|p2a: Tornadus|Tailwind|p2a: Tornadus\n|-sidestart|p2: TheblackGotenks|move: Tailwind\n|move|p1b: Pawmot|Double Shock|p2b: Foongus\n|-resisted|p2b: Foongus\n|-damage|p2b: Foongus|79\/100\n|-start|p1b: Pawmot|typechange|???\/Fighting|[from] move: Double Shock\n|\n|upkeep\n|turn|2\n|\n|t:|1701127574\n|move|p2a: Tornadus|Bleakwind Storm|p1b: Pawmot|[spread] p1b\n|-miss|p2a: Tornadus|p1a: Flutter Mane\n|-supereffective|p1b: Pawmot\n|-damage|p1b: Pawmot|0 fnt\n|faint|p1b: Pawmot\n|move|p1a: Flutter Mane|Shadow Ball|p2b: Foongus\n|-damage|p2b: Foongus|37\/100\n|move|p2b: Foongus|Spore|p1a: Flutter Mane\n|-status|p1a: Flutter Mane|slp|[from] move: Spore\n|\n|upkeep\n|\n|t:|1701127584\n|switch|p1b: Chi-Yu|Chi-Yu, L50|100\/100\n|-ability|p1b: Chi-Yu|Beads of Ruin\n|turn|3\n|\n|t:|1701127593\n|cant|p1a: Flutter Mane|slp\n|move|p2a: Tornadus|Bleakwind Storm|p1b: Chi-Yu|[spread] p1a,p1b\n|-damage|p1a: Flutter Mane|45\/100 slp\n|-damage|p1b: Chi-Yu|63\/100\n|-unboost|p1b: Chi-Yu|spe|1\n|move|p1b: Chi-Yu|Heat Wave|p2a: Tornadus|[spread] p2a,p2b\n|-supereffective|p2b: Foongus\n|-damage|p2a: Tornadus|39\/100\n|-damage|p2b: Foongus|0 fnt\n|faint|p2b: Foongus\n|\n|upkeep\n|\n|t:|1701127603\n|switch|p2b: Salamence|Salamence, L50, M|100\/100\n|-ability|p2b: Salamence|Intimidate|boost\n|-unboost|p1a: Flutter Mane|atk|1\n|-unboost|p1b: Chi-Yu|atk|1\n|turn|4\n|\n|t:|1701127611\n|switch|p1b: Amoonguss|Amoonguss, L50, M|100\/100\n|move|p2a: Tornadus|Bleakwind Storm|p1a: Flutter Mane|[spread] p1a,p1b\n|-supereffective|p1b: Amoonguss\n|-damage|p1a: Flutter Mane|5\/100 slp\n|-damage|p1b: Amoonguss|29\/100\n|move|p2b: Salamence|Rock Slide|p1a: Flutter Mane|[spread] p1a,p1b\n|-damage|p1a: Flutter Mane|0 fnt\n|-damage|p1b: Amoonguss|15\/100\n|faint|p1a: Flutter Mane\n|-end|p1a: Flutter Mane|Protosynthesis|[silent]\n|\n|-sideend|p2: TheblackGotenks|move: Tailwind\n|upkeep\n|\n|t:|1701127619\n|switch|p1a: Chi-Yu|Chi-Yu, L50|63\/100\n|-ability|p1a: Chi-Yu|Beads of Ruin\n|turn|5\n|\n|t:|1701127625\n|move|p2a: Tornadus|Tailwind|p2a: Tornadus\n|-sidestart|p2: TheblackGotenks|move: Tailwind\n|move|p2b: Salamence|Rock Slide|p1a: Chi-Yu|[spread] p1a,p1b\n|-supereffective|p1a: Chi-Yu\n|-damage|p1a: Chi-Yu|7\/100\n|-damage|p1b: Amoonguss|0 fnt\n|faint|p1b: Amoonguss\n|move|p1a: Chi-Yu|Will-O-Wisp|p2b: Salamence\n|-status|p2b: Salamence|brn\n|\n|-damage|p2b: Salamence|95\/100 brn|[from] brn\n|upkeep\n|turn|6\n|c|\u2606Fernanch|ggs\n|\n|t:|1701127636\n|move|p2a: Tornadus|Bleakwind Storm|p1a: Chi-Yu|[miss]\n|-miss|p2a: Tornadus|p1a: Chi-Yu\n|move|p2b: Salamence|Dual Wingbeat|p1a: Chi-Yu\n|-damage|p1a: Chi-Yu|0 fnt\n|faint|p1a: Chi-Yu\n|-hitcount|p1: Chi-Yu|1\n|\n|win|TheblackGotenks\n|c|&|\/uhtml prompt-fernanch,Fernanch is ready for game 2!\n|c|&|\/uhtml prompt-theblackgotenks,TheblackGotenks is ready for game 2!\nBoth players are ready! Starting next match!\n|l|\u2606TheblackGotenks\n|l|\u2606Fernanch\n|j|\u2606Fernanch\n|player|p1|Fernanch|waiter-gen4dp\n","uploadtime":1701128566,"views":8,"p1id":"fernanch","p2id":"theblackgotenks","formatid":"gen9vgc2023regulatione","rating":0,"private":0,"password":""}