{"id":"gen9vgc2023regulatione-1998675423","p1":"MentalSyndrome","p2":"Junkman3713","format":"[Gen 9] VGC 2023 Regulation E","log":"|j|\u2606MentalSyndrome\n|j|\u2606Junkman3713\n|t:|1700970929\n|gametype|doubles\n|player|p1|MentalSyndrome|byron|1168\n|player|p2|Junkman3713|170|1199\n|teamsize|p1|6\n|teamsize|p2|6\n|gen|9\n|tier|[Gen 9] VGC 2023 Regulation E\n|rated|\n|rule|Species Clause: Limit one of each Pok\u00e9mon\n|rule|Item Clause: Limit one of each item\n|clearpoke\n|poke|p1|Tornadus, L50, M|\n|poke|p1|Zapdos, L50|\n|poke|p1|Lucario, L50, F|\n|poke|p1|Arbok, L50, M|\n|poke|p1|Breloom, L50, M|\n|poke|p1|Tinkaton, L50, F|\n|poke|p2|Roaring Moon, L50|\n|poke|p2|Medicham, L50, M|\n|poke|p2|Scream Tail, L50|\n|poke|p2|Torkoal, L50, M|\n|poke|p2|Armarouge, L50, F|\n|poke|p2|Indeedee-F, L50, F|\n|teampreview|4\n|\n|t:|1700970969\n|start\n|switch|p1a: Breloom|Breloom, L50, M|100\/100\n|switch|p1b: Arbok|Arbok, L50, M, shiny|100\/100\n|switch|p2a: Roaring Moon|Roaring Moon, L50|100\/100\n|switch|p2b: Indeedee|Indeedee-F, L50, F|100\/100\n|-ability|p1b: Arbok|Intimidate|boost\n|-unboost|p2a: Roaring Moon|atk|1\n|-unboost|p2b: Indeedee|atk|1\n|-fieldstart|move: Psychic Terrain|[from] ability: Psychic Surge|[of] p2b: Indeedee\n|-enditem|p2a: Roaring Moon|Booster Energy\n|-activate|p2a: Roaring Moon|ability: Protosynthesis|[fromitem]\n|-start|p2a: Roaring Moon|protosynthesisspe\n|turn|1\n|\n|t:|1700970998\n|move|p2a: Roaring Moon|Acrobatics|p1a: Breloom\n|-supereffective|p1a: Breloom\n|-enditem|p1a: Breloom|Focus Sash\n|-damage|p1a: Breloom|1\/100\n|move|p1a: Breloom|Spore|p2a: Roaring Moon\n|-status|p2a: Roaring Moon|slp|[from] move: Spore\n|move|p1b: Arbok|Glare|p2b: Indeedee\n|-status|p2b: Indeedee|par\n|move|p2b: Indeedee|Psychic|p1b: Arbok\n|-supereffective|p1b: Arbok\n|-damage|p1b: Arbok|0 fnt\n|faint|p1b: Arbok\n|\n|upkeep\n|\n|t:|1700971010\n|switch|p1b: Tornadus|Tornadus, L50, M|100\/100\n|turn|2\n|\n|t:|1700971023\n|switch|p1a: Zapdos|Zapdos, L50|100\/100\n|move|p1b: Tornadus|Rain Dance|p1b: Tornadus\n|-weather|RainDance\n|cant|p2a: Roaring Moon|slp\n|move|p2b: Indeedee|Trick Room|p2b: Indeedee\n|-fieldstart|move: Trick Room|[of] p2b: Indeedee\n|\n|-weather|RainDance|[upkeep]\n|upkeep\n|turn|3\n|\n|t:|1700971043\n|switch|p2b: Torkoal|Torkoal, L50, M|100\/100\n|-weather|SunnyDay|[from] ability: Drought|[of] p2b: Torkoal\n|move|p1a: Zapdos|Thunder|p2b: Torkoal|[miss]\n|-miss|p1a: Zapdos|p2b: Torkoal\n|move|p1b: Tornadus|Bleakwind Storm|p2b: Torkoal|[spread] p2a,p2b\n|-damage|p2a: Roaring Moon|72\/100 slp\n|-damage|p2b: Torkoal|68\/100\n|-curestatus|p2a: Roaring Moon|slp|[msg]\n|move|p2a: Roaring Moon|Knock Off|p1a: Zapdos\n|-damage|p1a: Zapdos|66\/100\n|-enditem|p1a: Zapdos|Assault Vest|[from] move: Knock Off|[of] p2a: Roaring Moon\n|\n|-weather|SunnyDay|[upkeep]\n|upkeep\n|turn|4\n|\n|t:|1700971064\n|move|p2b: Torkoal|Protect|p2b: Torkoal\n|-singleturn|p2b: Torkoal|Protect\n|move|p1b: Tornadus|Rain Dance|p1b: Tornadus\n|-weather|RainDance\n|move|p1a: Zapdos|Thunder|p2b: Torkoal\n|-activate|p2b: Torkoal|move: Protect\n|move|p2a: Roaring Moon|Knock Off|p1b: Tornadus\n|-damage|p1b: Tornadus|59\/100\n|-enditem|p1b: Tornadus|Covert Cloak|[from] move: Knock Off|[of] p2a: Roaring Moon\n|\n|-weather|RainDance|[upkeep]\n|upkeep\n|turn|5\n|\n|t:|1700971092\n|switch|p2b: Indeedee|Indeedee-F, L50, F|100\/100 par\n|move|p1b: Tornadus|Protect|p1b: Tornadus\n|-singleturn|p1b: Tornadus|Protect\n|move|p2a: Roaring Moon|Protect|p2a: Roaring Moon\n|-singleturn|p2a: Roaring Moon|Protect\n|move|p1a: Zapdos|Hurricane|p2a: Roaring Moon\n|-activate|p2a: Roaring Moon|move: Protect\n|\n|-weather|RainDance|[upkeep]\n|-fieldend|move: Psychic Terrain\n|upkeep\n|turn|6\n|\n|t:|1700971116\n|move|p2b: Indeedee|Psychic|p1a: Zapdos\n|-damage|p1a: Zapdos|24\/100\n|move|p1a: Zapdos|Hurricane|p2a: Roaring Moon\n|-damage|p2a: Roaring Moon|15\/100\n|-start|p2a: Roaring Moon|confusion\n|move|p1b: Tornadus|Bleakwind Storm|p2b: Indeedee|[spread] p2a,p2b\n|-damage|p2a: Roaring Moon|0 fnt\n|-damage|p2b: Indeedee|69\/100 par\n|faint|p2a: Roaring Moon\n|-end|p2a: Roaring Moon|Protosynthesis|[silent]\n|\n|-weather|RainDance|[upkeep]\n|-fieldend|move: Trick Room\n|upkeep\n|\n|t:|1700971128\n|switch|p2a: Armarouge|Armarouge, L50, F|100\/100\n|turn|7\n|\n|t:|1700971148\n|-terastallize|p1a: Zapdos|Water\n|move|p2a: Armarouge|Wide Guard|p2a: Armarouge\n|-singleturn|p2a: Armarouge|Wide Guard\n|move|p1b: Tornadus|Tailwind|p1b: Tornadus\n|-sidestart|p1: MentalSyndrome|move: Tailwind\n|move|p1a: Zapdos|Thunder|p2b: Indeedee\n|-damage|p2b: Indeedee|7\/100 par\n|-enditem|p2b: Indeedee|Sitrus Berry|[eat]\n|-heal|p2b: Indeedee|32\/100 par|[from] item: Sitrus Berry\n|move|p2b: Indeedee|Trick Room|p2b: Indeedee\n|-fieldstart|move: Trick Room|[of] p2b: Indeedee\n|\n|-weather|RainDance|[upkeep]\n|upkeep\n|turn|8\n|\n|t:|1700971171\n|switch|p2b: Torkoal|Torkoal, L50, M|68\/100\n|-weather|SunnyDay|[from] ability: Drought|[of] p2b: Torkoal\n|move|p1b: Tornadus|Protect|p1b: Tornadus\n|-singleturn|p1b: Tornadus|Protect\n|move|p2a: Armarouge|Heat Wave|p1a: Zapdos|[spread] p1a\n|-activate|p1b: Tornadus|move: Protect\n|-resisted|p1a: Zapdos\n|-crit|p1a: Zapdos\n|-damage|p1a: Zapdos|0 fnt\n|faint|p1a: Zapdos\n|\n|-weather|SunnyDay|[upkeep]\n|upkeep\n|\n|t:|1700971179\n|switch|p1a: Breloom|Breloom, L50, M|1\/100\n|turn|9\n|\n|t:|1700971193\n|switch|p2b: Indeedee|Indeedee-F, L50, F|32\/100 par\n|-fieldstart|move: Psychic Terrain|[from] ability: Psychic Surge|[of] p2b: Indeedee\n|-enditem|p2a: Armarouge|Psychic Seed\n|-boost|p2a: Armarouge|spd|1|[from] item: Psychic Seed\n|move|p1b: Tornadus|Rain Dance|p1b: Tornadus\n|-weather|RainDance\n|move|p2a: Armarouge|Expanding Force|p1b: Tornadus|[spread] p1a,p1b\n|-supereffective|p1a: Breloom\n|-damage|p1a: Breloom|0 fnt\n|-damage|p1b: Tornadus|0 fnt\n|faint|p1a: Breloom\n|faint|p1b: Tornadus\n|\n|win|Junkman3713\n|raw|MentalSyndrome's rating: 1168 &rarr; <strong>1145<\/strong><br \/>(-23 for losing)\n|raw|Junkman3713's rating: 1199 &rarr; <strong>1222<\/strong><br \/>(+23 for winning)\n","uploadtime":1700971198,"views":8,"p1id":"mentalsyndrome","p2id":"junkman3713","formatid":"gen9vgc2023regulatione","rating":1145,"private":0,"password":""}