{"id":"gen9vgc2023regulatione-1991696861","p1":"booliojulio","p2":"WillieDangerously","format":"[Gen 9] VGC 2023 Regulation E","log":"|j|\u2606booliojulio\n|j|\u2606WillieDangerously\n|t:|1700103827\n|gametype|doubles\n|player|p1|booliojulio|169|1293\n|player|p2|WillieDangerously|101|1198\n|teamsize|p1|6\n|teamsize|p2|6\n|gen|9\n|tier|[Gen 9] VGC 2023 Regulation E\n|rated|\n|rule|Species Clause: Limit one of each Pok\u00e9mon\n|rule|Item Clause: Limit one of each item\n|clearpoke\n|poke|p1|Poliwrath, L50, M|\n|poke|p1|Pelipper, L50, F|\n|poke|p1|Ludicolo, L50, M|\n|poke|p1|Thundurus, L50, M|\n|poke|p1|Dondozo, L50, M|\n|poke|p1|Tatsugiri-Stretchy, L50, M|\n|poke|p2|Iron Hands, L50|\n|poke|p2|Iron Bundle, L50|\n|poke|p2|Sinistcha, L50|\n|poke|p2|Landorus-Therian, L50, M|\n|poke|p2|Heatran, L50, M|\n|poke|p2|Ninetales-Alola, L50, M|\n|teampreview|4\n|inactive|Battle timer is ON: inactive players will automatically lose when time's up. (requested by booliojulio)\n|inactive|WillieDangerously also wants the timer to be on.\n|\n|t:|1700103927\n|start\n|switch|p1a: Thundurus|Thundurus, L50, M|100\/100\n|switch|p1b: Dondozo|Dondozo, L50, M|100\/100\n|switch|p2a: Iron Bundle|Iron Bundle, L50|100\/100\n|switch|p2b: Iron Hands|Iron Hands, L50|100\/100\n|-enditem|p2a: Iron Bundle|Booster Energy\n|-activate|p2a: Iron Bundle|ability: Quark Drive|[fromitem]\n|-start|p2a: Iron Bundle|quarkdrivespe\n|turn|1\n|inactive|booliojulio has 30 seconds left.\n|inactive|WillieDangerously has 30 seconds left.\n|inactive|WillieDangerously has 20 seconds left.\n|\n|t:|1700103963\n|switch|p1a: Pelipper|Pelipper, L50, F|100\/100\n|-weather|RainDance|[from] ability: Drizzle|[of] p1a: Pelipper\n|-end|p2b: Iron Hands|Quark Drive|[silent]\n|switch|p2b: Ninetales|Ninetales-Alola, L50, M|100\/100\n|-weather|Snow|[from] ability: Snow Warning|[of] p2b: Ninetales\n|move|p1b: Dondozo|Protect|p1b: Dondozo\n|-singleturn|p1b: Dondozo|Protect\n|move|p2a: Iron Bundle|Blizzard|p1b: Dondozo|[spread] p1a\n|-activate|p1b: Dondozo|move: Protect\n|-damage|p1a: Pelipper|54\/100\n|\n|-weather|Snow|[upkeep]\n|upkeep\n|turn|2\n|inactive|booliojulio has 30 seconds left.\n|inactive|WillieDangerously has 30 seconds left.\n|inactive|booliojulio has 20 seconds left.\n|inactive|booliojulio has 15 seconds left.\n|inactive|booliojulio has 10 seconds left.\n|\n|t:|1700104011\n|-terastallize|p2a: Iron Bundle|Ice\n|-terastallize|p1b: Dondozo|Steel\n|move|p1a: Pelipper|Wide Guard|p1a: Pelipper\n|-singleturn|p1a: Pelipper|Wide Guard\n|move|p2a: Iron Bundle|Blizzard|p1a: Pelipper|[spread] \n|-activate|p1a: Pelipper|move: Wide Guard\n|-activate|p1b: Dondozo|move: Wide Guard\n|move|p2b: Ninetales|Aurora Veil|p2b: Ninetales\n|-sidestart|p2: WillieDangerously|move: Aurora Veil\n|move|p1b: Dondozo|Wave Crash|p2b: Ninetales\n|-damage|p2b: Ninetales|71\/100\n|-damage|p1b: Dondozo|94\/100|[from] Recoil\n|\n|-weather|Snow|[upkeep]\n|-heal|p1b: Dondozo|99\/100|[from] item: Leftovers\n|upkeep\n|turn|3\n|inactive|booliojulio has 30 seconds left.\n|inactive|booliojulio has 20 seconds left.\n|inactive|WillieDangerously has 30 seconds left.\n|\n|t:|1700104051\n|switch|p2b: Iron Hands|Iron Hands, L50|100\/100\n|switch|p1a: Ludicolo|Ludicolo, L50, M|100\/100\n|move|p2a: Iron Bundle|Blizzard|p1a: Ludicolo|[spread] p1a,p1b\n|-resisted|p1b: Dondozo\n|-damage|p1a: Ludicolo|36\/100\n|-damage|p1b: Dondozo|73\/100\n|-status|p1b: Dondozo|frz\n|-enditem|p1a: Ludicolo|Sitrus Berry|[eat]\n|-heal|p1a: Ludicolo|61\/100|[from] item: Sitrus Berry\n|cant|p1b: Dondozo|frz\n|\n|-weather|Snow|[upkeep]\n|-heal|p1b: Dondozo|79\/100 frz|[from] item: Leftovers\n|upkeep\n|turn|4\n|\n|t:|1700104076\n|move|p1a: Ludicolo|Fake Out|p2a: Iron Bundle\n|-damage|p2a: Iron Bundle|97\/100\n|cant|p2a: Iron Bundle|flinch\n|cant|p1b: Dondozo|frz\n|move|p2b: Iron Hands|Drain Punch|p1b: Dondozo\n|-supereffective|p1b: Dondozo\n|-damage|p1b: Dondozo|17\/100 frz\n|\n|-weather|Snow|[upkeep]\n|-heal|p1b: Dondozo|23\/100 frz|[from] item: Leftovers\n|upkeep\n|turn|5\n|\n|t:|1700104101\n|switch|p1b: Pelipper|Pelipper, L50, F|54\/100\n|-weather|RainDance|[from] ability: Drizzle|[of] p1b: Pelipper\n|move|p2a: Iron Bundle|Blizzard|p1b: Pelipper|[spread] p1a,p1b\n|-damage|p1a: Ludicolo|2\/100\n|-damage|p1b: Pelipper|0 fnt\n|faint|p1b: Pelipper\n|move|p1a: Ludicolo|Giga Drain|p2a: Iron Bundle\n|-damage|p2a: Iron Bundle|56\/100\n|-heal|p1a: Ludicolo|18\/100|[from] drain|[of] p2a: Iron Bundle\n|move|p2b: Iron Hands|Drain Punch|p1a: Ludicolo\n|-damage|p1a: Ludicolo|0 fnt\n|faint|p1a: Ludicolo\n|\n|-weather|RainDance|[upkeep]\n|upkeep\n|\n|t:|1700104115\n|switch|p1a: Dondozo|Dondozo, L50, M, tera:Steel|23\/100 frz\n|switch|p1b: Thundurus|Thundurus, L50, M|100\/100\n|turn|6\n|-message|booliojulio forfeited.\n|\n|win|WillieDangerously\n|raw|booliojulio's rating: 1293 &rarr; <strong>1261<\/strong><br \/>(-32 for losing)\n|raw|WillieDangerously's rating: 1198 &rarr; <strong>1230<\/strong><br \/>(+32 for winning)\n|l|\u2606booliojulio\n","uploadtime":1700104132,"views":15,"p1id":"booliojulio","p2id":"williedangerously","formatid":"gen9vgc2023regulatione","rating":1230,"private":0,"password":""}