{"id":"gen9vgc2023regulatione-1990694520","p1":"Ramesses_the_II","p2":"miguel-eustache","format":"[Gen 9] VGC 2023 Regulation E","log":"|j|\u2606Ramesses_the_II\n|j|\u2606miguel-eustache\n|t:|1699992418\n|gametype|doubles\n|player|p1|Ramesses_the_II|elesa|1170\n|player|p2|miguel-eustache|265|1087\n|teamsize|p1|6\n|teamsize|p2|6\n|gen|9\n|tier|[Gen 9] VGC 2023 Regulation E\n|rated|\n|rule|Species Clause: Limit one of each Pok\u00e9mon\n|rule|Item Clause: Limit one of each item\n|clearpoke\n|poke|p1|Ogerpon-Wellspring, L50, F|\n|poke|p1|Rillaboom, L50, F|\n|poke|p1|Chien-Pao, L50|\n|poke|p1|Arcanine-Hisui, L50, F|\n|poke|p1|Flutter Mane, L50|\n|poke|p1|Tornadus, L50, M|\n|poke|p2|Gliscor, L50, F|\n|poke|p2|Grafaiai, L50, M|\n|poke|p2|Farigiraf, L50, F|\n|poke|p2|Empoleon, L50, M|\n|poke|p2|Arbok, L50, F|\n|poke|p2|Amoonguss, L50, M|\n|teampreview|4\nRamesses_the_II has agreed to open team sheets.\nmiguel-eustache has agreed to open team sheets.\n|inactive|Battle timer is ON: inactive players will automatically lose when time's up. (requested by miguel-eustache)\n|inactive|Ramesses_the_II has 60 seconds left.\n|\n|t:|1699992478\n|start\n|switch|p1a: Chien-Pao|Chien-Pao, L50|100\/100\n|switch|p1b: Tornadus|Tornadus, L50, M|100\/100\n|switch|p2a: Gliscor|Gliscor, L50, F, shiny|100\/100\n|switch|p2b: Grafaiai|Grafaiai, L50, M, shiny|100\/100\n|-ability|p1a: Chien-Pao|Sword of Ruin\n|turn|1\n|inactive|Ramesses_the_II has 30 seconds left.\n|inactive|Ramesses_the_II has 20 seconds left.\n|inactive|Ramesses_the_II has 15 seconds left.\n|\n|t:|1699992519\n|move|p2a: Gliscor|Protect|p2a: Gliscor\n|-singleturn|p2a: Gliscor|Protect\n|move|p1b: Tornadus|Taunt|p2a: Gliscor\n|-activate|p2a: Gliscor|move: Protect\n|move|p2b: Grafaiai|Parting Shot|p1a: Chien-Pao\n|-hint|Since gen 7, Dark is immune to Prankster moves.\n|-immune|p1a: Chien-Pao\n|move|p1a: Chien-Pao|Lash Out|p2a: Gliscor\n|-activate|p2a: Gliscor|move: Protect\n|\n|upkeep\n|turn|2\n|inactive|Ramesses_the_II has 30 seconds left.\n|inactive|miguel-eustache has 30 seconds left.\n|inactive|Ramesses_the_II has 20 seconds left.\n|\n|t:|1699992554\n|switch|p2a: Empoleon|Empoleon, L50, M|100\/100\n|move|p1b: Tornadus|Taunt|p2b: Grafaiai\n|-start|p2b: Grafaiai|move: Taunt\n|move|p1a: Chien-Pao|Icicle Crash|p2a: Empoleon\n|-resisted|p2a: Empoleon\n|-damage|p2a: Empoleon|85\/100\n|move|p2b: Grafaiai|Knock Off|p1a: Chien-Pao\n|-resisted|p1a: Chien-Pao\n|-damage|p1a: Chien-Pao|87\/100\n|-enditem|p1a: Chien-Pao|Focus Sash|[from] move: Knock Off|[of] p2b: Grafaiai\n|\n|upkeep\n|turn|3\n|\n|t:|1699992568\n|switch|p2b: Arbok|Arbok, L50, F|100\/100\n|-ability|p2b: Arbok|Intimidate|boost\n|-unboost|p1a: Chien-Pao|atk|1\n|-unboost|p1b: Tornadus|atk|1\n|move|p1b: Tornadus|Tailwind|p1b: Tornadus\n|-sidestart|p1: Ramesses_the_II|move: Tailwind\n|move|p2a: Empoleon|Vacuum Wave|p1a: Chien-Pao\n|-supereffective|p1a: Chien-Pao\n|-damage|p1a: Chien-Pao|2\/100\n|move|p1a: Chien-Pao|Sacred Sword|p2a: Empoleon\n|-supereffective|p2a: Empoleon\n|-damage|p2a: Empoleon|32\/100\n|\n|upkeep\n|turn|4\n|inactive|Ramesses_the_II has 30 seconds left.\n|\n|t:|1699992594\n|-terastallize|p1a: Chien-Pao|Ghost\n|move|p2b: Arbok|Sucker Punch|p1a: Chien-Pao\n|-supereffective|p1a: Chien-Pao\n|-damage|p1a: Chien-Pao|0 fnt\n|faint|p1a: Chien-Pao\n|move|p1b: Tornadus|Bleakwind Storm|p2a: Empoleon|[spread] \n|-miss|p1b: Tornadus|p2a: Empoleon\n|-miss|p1b: Tornadus|p2b: Arbok\n|move|p2a: Empoleon|Icy Wind|p1b: Tornadus|[miss]\n|-miss|p2a: Empoleon|p1b: Tornadus\n|\n|upkeep\n|\n|t:|1699992613\n|switch|p1a: Arcanine|Arcanine-Hisui, L50, F|100\/100\n|-ability|p1a: Arcanine|Intimidate|boost\n|-unboost|p2a: Empoleon|atk|1\n|-ability|p2a: Empoleon|Competitive|boost\n|-boost|p2a: Empoleon|spa|2\n|-unboost|p2b: Arbok|atk|1\n|turn|5\n|\n|t:|1699992636\n|move|p2a: Empoleon|Vacuum Wave|p1a: Arcanine\n|-supereffective|p1a: Arcanine\n|-damage|p1a: Arcanine|39\/100\n|move|p1b: Tornadus|Bleakwind Storm|p2b: Arbok|[spread] p2a,p2b\n|-resisted|p2a: Empoleon\n|-damage|p2a: Empoleon|19\/100\n|-damage|p2b: Arbok|51\/100\n|move|p1a: Arcanine|Flare Blitz|p2a: Empoleon\n|-damage|p2a: Empoleon|0 fnt\n|faint|p2a: Empoleon\n|-damage|p1a: Arcanine|33\/100|[from] Recoil\n|move|p2b: Arbok|Ice Fang|p1b: Tornadus|[miss]\n|-miss|p2b: Arbok|p1b: Tornadus\n|\n|upkeep\n|\n|t:|1699992644\n|switch|p2a: Grafaiai|Grafaiai, L50, M, shiny|100\/100\n|turn|6\n|\n|t:|1699992660\n|move|p1b: Tornadus|Taunt|p2a: Grafaiai\n|-start|p2a: Grafaiai|move: Taunt\n|move|p1a: Arcanine|Flare Blitz|p2b: Arbok\n|-damage|p2b: Arbok|0 fnt\n|faint|p2b: Arbok\n|-damage|p1a: Arcanine|19\/100|[from] Recoil\n|move|p2a: Grafaiai|Knock Off|p1b: Tornadus\n|-damage|p1b: Tornadus|75\/100\n|-enditem|p1b: Tornadus|Wide Lens|[from] move: Knock Off|[of] p2a: Grafaiai\n|\n|-sideend|p1: Ramesses_the_II|move: Tailwind\n|upkeep\n|\n|t:|1699992663\n|switch|p2b: Gliscor|Gliscor, L50, F, shiny|100\/100\n|turn|7\n|\n|t:|1699992679\n|move|p1b: Tornadus|Taunt|p2b: Gliscor\n|-start|p2b: Gliscor|move: Taunt\n|move|p2b: Gliscor|Rock Slide|p1a: Arcanine|[spread] p1a,p1b\n|-supereffective|p1a: Arcanine\n|-supereffective|p1b: Tornadus\n|-damage|p1a: Arcanine|0 fnt\n|-damage|p1b: Tornadus|42\/100\n|faint|p1a: Arcanine\n|move|p2a: Grafaiai|Knock Off|p1b: Tornadus\n|-damage|p1b: Tornadus|24\/100\n|\n|upkeep\n|\n|t:|1699992688\n|switch|p1a: Flutter Mane|Flutter Mane, L50|100\/100\n|-enditem|p1a: Flutter Mane|Booster Energy\n|-activate|p1a: Flutter Mane|ability: Protosynthesis|[fromitem]\n|-start|p1a: Flutter Mane|protosynthesisspe\n|turn|8\n|\n|t:|1699992703\n|-terastallize|p2b: Gliscor|Steel\n|move|p1a: Flutter Mane|Shadow Ball|p2a: Grafaiai\n|-immune|p2a: Grafaiai\n|move|p2b: Gliscor|Rock Slide|p1a: Flutter Mane|[spread] p1a,p1b\n|-supereffective|p1b: Tornadus\n|-damage|p1a: Flutter Mane|75\/100\n|-damage|p1b: Tornadus|0 fnt\n|faint|p1b: Tornadus\n|move|p2a: Grafaiai|Knock Off|p1a: Flutter Mane\n|-damage|p1a: Flutter Mane|42\/100\n|\n|-end|p2a: Grafaiai|move: Taunt\n|upkeep\n|turn|9\n|\n|t:|1699992716\n|move|p2a: Grafaiai|Encore|p1a: Flutter Mane\n|-start|p1a: Flutter Mane|Encore\n|move|p1a: Flutter Mane|Shadow Ball|p2b: Gliscor\n|-damage|p2b: Gliscor|44\/100\n|move|p2b: Gliscor|Rock Slide|p1a: Flutter Mane\n|-damage|p1a: Flutter Mane|9\/100\n|\n|-heal|p2b: Gliscor|50\/100|[from] item: Leftovers\n|-end|p2b: Gliscor|move: Taunt\n|upkeep\n|turn|10\n|\n|t:|1699992727\n|move|p2b: Gliscor|Protect|p2b: Gliscor\n|-singleturn|p2b: Gliscor|Protect\n|move|p1a: Flutter Mane|Shadow Ball|p2b: Gliscor\n|-activate|p2b: Gliscor|move: Protect\n|move|p2a: Grafaiai|Knock Off|p1a: Flutter Mane\n|-damage|p1a: Flutter Mane|0 fnt\n|faint|p1a: Flutter Mane\n|-end|p1a: Flutter Mane|Protosynthesis|[silent]\n|\n|win|miguel-eustache\n|raw|Ramesses_the_II's rating: 1170 &rarr; <strong>1139<\/strong><br \/>(-31 for losing)\n|raw|miguel-eustache's rating: 1087 &rarr; <strong>1120<\/strong><br \/>(+33 for winning)\n|l|\u2606Ramesses_the_II\n","uploadtime":1699992743,"views":10,"p1id":"ramessestheii","p2id":"migueleustache","formatid":"gen9vgc2023regulatione","rating":1120,"private":0,"password":""}