{"id":"gen9vgc2023regulatione-1996034340","p1":"hjgklm3k","p2":"ModestOddish","format":"[Gen 9] VGC 2023 Regulation E","log":"|j|\u2606hjgklm3k\n|j|\u2606ModestOddish\n|t:|1700632741\n|gametype|doubles\n|player|p1|hjgklm3k|169|1370\n|player|p2|ModestOddish|lance|1461\n|teamsize|p1|6\n|teamsize|p2|6\n|gen|9\n|tier|[Gen 9] VGC 2023 Regulation E\n|rated|\n|rule|Species Clause: Limit one of each Pok\u00e9mon\n|rule|Item Clause: Limit one of each item\n|clearpoke\n|poke|p1|Tornadus, L50, M|\n|poke|p1|Ogerpon-Hearthflame, L50, F|\n|poke|p1|Flutter Mane, L50|\n|poke|p1|Dragonite, L50, M|\n|poke|p1|Chi-Yu, L50|\n|poke|p1|Iron Bundle, L50|\n|poke|p2|Tornadus, L50, M|\n|poke|p2|Rillaboom, L50, M|\n|poke|p2|Landorus-Therian, L50, M|\n|poke|p2|Urshifu-*, L50, M|\n|poke|p2|Flutter Mane, L50|\n|poke|p2|Heatran, L50, F|\n|teampreview|4\n|\n|t:|1700632794\n|start\n|switch|p1a: Tornadus|Tornadus, L50, M|100\/100\n|switch|p1b: Iron Bundle|Iron Bundle, L50|100\/100\n|switch|p2a: terndus|Tornadus, L50, M|100\/100\n|switch|p2b: lllllllllllllll|Flutter Mane, L50|100\/100\n|-enditem|p1b: Iron Bundle|Booster Energy\n|-activate|p1b: Iron Bundle|ability: Quark Drive|[fromitem]\n|-start|p1b: Iron Bundle|quarkdrivespe\n|turn|1\n|\n|t:|1700632835\n|move|p2a: terndus|Tailwind|p2a: terndus\n|-sidestart|p2: ModestOddish|move: Tailwind\n|move|p1a: Tornadus|Tailwind|p1a: Tornadus\n|-sidestart|p1: hjgklm3k|move: Tailwind\n|move|p1b: Iron Bundle|Icy Wind|p2a: terndus|[spread] p2a,p2b\n|-supereffective|p2a: terndus\n|-crit|p2a: terndus\n|-damage|p2a: terndus|12\/100\n|-damage|p2b: lllllllllllllll|80\/100\n|-unboost|p2b: lllllllllllllll|spe|1\n|move|p2b: lllllllllllllll|Moonblast|p1b: Iron Bundle\n|-damage|p1b: Iron Bundle|0 fnt\n|faint|p1b: Iron Bundle\n|-end|p1b: Iron Bundle|Quark Drive|[silent]\n|\n|upkeep\n|\n|t:|1700632849\n|switch|p1b: Chi-Yu|Chi-Yu, L50|100\/100\n|-ability|p1b: Chi-Yu|Beads of Ruin\n|turn|2\n|\n|t:|1700632866\n|-end|p2b: lllllllllllllll|Protosynthesis|[silent]\n|switch|p2b: dontmatter|Urshifu-Rapid-Strike, L50, M|100\/100\n|move|p1a: Tornadus|Icy Wind|p2a: terndus|[spread] p2a,p2b\n|-supereffective|p2a: terndus\n|-resisted|p2b: dontmatter\n|-damage|p2a: terndus|0 fnt\n|-damage|p2b: dontmatter|88\/100\n|-unboost|p2b: dontmatter|spe|1\n|faint|p2a: terndus\n|move|p1b: Chi-Yu|Dark Pulse|p2b: dontmatter\n|-resisted|p2b: dontmatter\n|-damage|p2b: dontmatter|31\/100\n|-damage|p1b: Chi-Yu|90\/100|[from] item: Life Orb\n|\n|upkeep\n|j| yarcii\n|\n|t:|1700632889\n|switch|p2a: lllllllllllllll|Flutter Mane, L50|80\/100\n|turn|3\n|\n|t:|1700632907\n|-terastallize|p2a: lllllllllllllll|Fairy\n|move|p2b: dontmatter|Protect|p2b: dontmatter\n|-singleturn|p2b: dontmatter|Protect\n|move|p2a: lllllllllllllll|Dazzling Gleam|p1a: Tornadus|[spread] p1a,p1b\n|-damage|p1a: Tornadus|21\/100\n|-damage|p1b: Chi-Yu|21\/100\n|move|p1a: Tornadus|Icy Wind|p2a: lllllllllllllll|[spread] p2a\n|-activate|p2b: dontmatter|move: Protect\n|-damage|p2a: lllllllllllllll|65\/100\n|-unboost|p2a: lllllllllllllll|spe|1\n|move|p1b: Chi-Yu|Heat Wave|p2a: lllllllllllllll|[spread] p2a\n|-activate|p2b: dontmatter|move: Protect\n|-damage|p2a: lllllllllllllll|0 fnt\n|faint|p2a: lllllllllllllll\n|-end|p2a: lllllllllllllll|Protosynthesis|[silent]\n|-damage|p1b: Chi-Yu|11\/100|[from] item: Life Orb\n|\n|upkeep\n|\n|t:|1700632922\n|switch|p2a: spread|Landorus-Therian, L50, M|100\/100\n|-ability|p2a: spread|Intimidate|boost\n|-unboost|p1a: Tornadus|atk|1\n|-unboost|p1b: Chi-Yu|atk|1\n|turn|4\n|\n|t:|1700632938\n|move|p1a: Tornadus|Sunny Day|p1a: Tornadus\n|-weather|SunnyDay\n|move|p2b: dontmatter|Aqua Jet|p1b: Chi-Yu\n|-supereffective|p1b: Chi-Yu\n|-damage|p1b: Chi-Yu|0 fnt\n|faint|p1b: Chi-Yu\n|move|p2a: spread|Rock Slide|p1a: Tornadus\n|-supereffective|p1a: Tornadus\n|-damage|p1a: Tornadus|0 fnt\n|faint|p1a: Tornadus\n|\n|-weather|SunnyDay|[upkeep]\n|-sideend|p2: ModestOddish|move: Tailwind\n|-sideend|p1: hjgklm3k|move: Tailwind\n|upkeep\n|\n|t:|1700632943\n|switch|p1b: Dragonite|Dragonite, L50, M|100\/100\n|turn|5\n|\n|t:|1700632961\n|-terastallize|p1b: Dragonite|Normal\n|move|p2b: dontmatter|Protect|p2b: dontmatter\n|-singleturn|p2b: dontmatter|Protect\n|move|p1b: Dragonite|Extreme Speed|p2b: dontmatter\n|-activate|p2b: dontmatter|move: Protect\n|move|p2a: spread|Rock Slide|p1b: Dragonite\n|-crit|p1b: Dragonite\n|-damage|p1b: Dragonite|62\/100\n|\n|-weather|SunnyDay|[upkeep]\n|upkeep\n|turn|6\n|\n|t:|1700632979\n|move|p1b: Dragonite|Extreme Speed|p2b: dontmatter\n|-damage|p2b: dontmatter|0 fnt\n|faint|p2b: dontmatter\n|move|p2a: spread|Rock Slide|p1b: Dragonite|[miss]\n|-miss|p2a: spread|p1b: Dragonite\n|\n|-weather|SunnyDay|[upkeep]\n|upkeep\n|turn|7\n|\n|t:|1700632987\n|move|p1b: Dragonite|Extreme Speed|p2a: spread\n|-damage|p2a: spread|29\/100\n|move|p2a: spread|Rock Slide|p1b: Dragonite\n|-damage|p1b: Dragonite|37\/100\n|\n|-weather|SunnyDay|[upkeep]\n|upkeep\n|turn|8\n|\n|t:|1700632996\n|move|p1b: Dragonite|Extreme Speed|p2a: spread\n|-damage|p2a: spread|0 fnt\n|faint|p2a: spread\n|\n|win|hjgklm3k\n|raw|hjgklm3k's rating: 1370 &rarr; <strong>1395<\/strong><br \/>(+25 for winning)\n|raw|ModestOddish's rating: 1461 &rarr; <strong>1436<\/strong><br \/>(-25 for losing)\n|l|\u2606ModestOddish\n","uploadtime":1700633002,"views":0,"p1id":"hjgklm3k","p2id":"modestoddish","formatid":"gen9vgc2023regulatione","rating":1395,"private":0,"password":""}