{"id":"gen9vgc2023regulatione-1993655547","p1":"balfcyur","p2":"yokai19","format":"[Gen 9] VGC 2023 Regulation E","log":"|j|\u2606balfcyur\n|j|\u2606yokai19\n|t:|1700342142\n|gametype|doubles\n|player|p1|balfcyur|silver|1342\n|player|p2|yokai19|2|1348\n|teamsize|p1|6\n|teamsize|p2|6\n|gen|9\n|tier|[Gen 9] VGC 2023 Regulation E\n|rated|\n|rule|Species Clause: Limit one of each Pok\u00e9mon\n|rule|Item Clause: Limit one of each item\n|clearpoke\n|poke|p1|Ogerpon-Hearthflame, L50, F|\n|poke|p1|Tornadus, L50, M|\n|poke|p1|Urshifu-*, L50, M|\n|poke|p1|Flutter Mane, L50|\n|poke|p1|Clefairy, L50, M|\n|poke|p1|Kingambit, L50, M|\n|poke|p2|Dusclops, L50, M|\n|poke|p2|Ursaluna-Bloodmoon, L50, M|\n|poke|p2|Ogerpon-Wellspring, L50, F|\n|poke|p2|Heatran, L50, F|\n|poke|p2|Iron Hands, L50|\n|poke|p2|Landorus-Therian, L50, M|\n|teampreview|4\nbalfcyur has agreed to open team sheets.\n|inactive|Battle timer is ON: inactive players will automatically lose when time's up. (requested by balfcyur)\n|\n|t:|1700342190\n|start\n|switch|p1a: Tornadus|Tornadus, L50, M|100\/100\n|switch|p1b: Flutter Mane|Flutter Mane, L50|100\/100\n|switch|p2a: Iron Hands|Iron Hands, L50|100\/100\n|switch|p2b: Ogerpon|Ogerpon-Wellspring, L50, F|100\/100\n|turn|1\n|inactive|yokai19 has 30 seconds left.\n|inactive|yokai19 has 20 seconds left.\n|inactive|yokai19 has 15 seconds left.\n|inactive|yokai19 has 10 seconds left.\n|\n|t:|1700342238\n|move|p1a: Tornadus|Tailwind|p1a: Tornadus\n|-sidestart|p1: balfcyur|move: Tailwind\n|move|p1b: Flutter Mane|Moonblast|p2a: Iron Hands\n|-supereffective|p2a: Iron Hands\n|-damage|p2a: Iron Hands|28\/100\n|move|p2b: Ogerpon|Ivy Cudgel|p1b: Flutter Mane|[anim] Ivy Cudgel Water\n|-damage|p1b: Flutter Mane|0 fnt\n|faint|p1b: Flutter Mane\n|-end|p1b: Flutter Mane|Protosynthesis|[silent]\n|move|p2a: Iron Hands|Wild Charge|p1a: Tornadus\n|-supereffective|p1a: Tornadus\n|-enditem|p1a: Tornadus|Focus Sash\n|-damage|p1a: Tornadus|1\/100\n|-damage|p2a: Iron Hands|8\/100|[from] Recoil\n|\n|upkeep\n|\n|t:|1700342252\n|switch|p1b: Kingambit|Kingambit, L50, M|100\/100\n|turn|2\n|\n|t:|1700342270\n|move|p2b: Ogerpon|Spiky Shield|p2b: Ogerpon\n|-singleturn|p2b: Ogerpon|move: Protect\n|move|p1a: Tornadus|Bleakwind Storm|p2a: Iron Hands|[spread] \n|-activate|p2b: Ogerpon|move: Protect\n|-miss|p1a: Tornadus|p2a: Iron Hands\n|move|p1b: Kingambit|Kowtow Cleave|p2b: Ogerpon\n|-activate|p2b: Ogerpon|move: Protect\n|-damage|p1b: Kingambit|88\/100|[from] Spiky Shield|[of] p2b: Ogerpon\n|move|p2a: Iron Hands|Wild Charge|p1b: Kingambit\n|-damage|p1b: Kingambit|52\/100\n|-damage|p2a: Iron Hands|0 fnt|[from] Recoil\n|faint|p2a: Iron Hands\n|-end|p2a: Iron Hands|Quark Drive|[silent]\n|\n|upkeep\n|\n|t:|1700342289\n|switch|p2a: Dusclops|Dusclops, L50, M|100\/100\n|-ability|p2a: Dusclops|Pressure\n|turn|3\n|inactive|yokai19 has 30 seconds left.\n|\n|t:|1700342323\n|move|p2b: Ogerpon|Follow Me|p2b: Ogerpon\n|-singleturn|p2b: Ogerpon|move: Follow Me\n|move|p1a: Tornadus|Taunt|p2b: Ogerpon\n|-start|p2b: Ogerpon|move: Taunt\n|move|p1b: Kingambit|Kowtow Cleave|p2b: Ogerpon\n|-damage|p2b: Ogerpon|33\/100\n|move|p2a: Dusclops|Trick Room|p2a: Dusclops\n|-fieldstart|move: Trick Room|[of] p2a: Dusclops\n|\n|upkeep\n|turn|4\n|\n|t:|1700342347\n|move|p1a: Tornadus|Protect|p1a: Tornadus\n|-singleturn|p1a: Tornadus|Protect\n|move|p2a: Dusclops|Will-O-Wisp|p1b: Kingambit\n|-status|p1b: Kingambit|brn\n|move|p1b: Kingambit|Kowtow Cleave|p2b: Ogerpon\n|-damage|p2b: Ogerpon|0 fnt\n|faint|p2b: Ogerpon\n|\n|-damage|p1b: Kingambit|46\/100 brn|[from] brn\n|-sideend|p1: balfcyur|move: Tailwind\n|upkeep\n|\n|t:|1700342359\n|switch|p2b: Ursaluna|Ursaluna-Bloodmoon, L50, M|100\/100\n|turn|5\n|\n|t:|1700342376\n|move|p1a: Tornadus|Tailwind|p1a: Tornadus\n|-sidestart|p1: balfcyur|move: Tailwind\n|move|p2a: Dusclops|Brick Break|p1a: Tornadus\n|-resisted|p1a: Tornadus\n|-damage|p1a: Tornadus|0 fnt\n|faint|p1a: Tornadus\n|move|p2b: Ursaluna|Earth Power|p1b: Kingambit\n|-supereffective|p1b: Kingambit\n|-damage|p1b: Kingambit|0 fnt\n|faint|p1b: Kingambit\n|\n|upkeep\n|\n|t:|1700342385\n|switch|p1a: Urshifu|Urshifu-Rapid-Strike, L50, M|100\/100\n|turn|6\n|\n|t:|1700342400\n|-terastallize|p2b: Ursaluna|Normal\n|move|p1a: Urshifu|Protect|p1a: Urshifu\n|-singleturn|p1a: Urshifu|Protect\n|move|p2a: Dusclops|Brick Break|p2b: Ursaluna\n|-supereffective|p2b: Ursaluna\n|-damage|p2b: Ursaluna|82\/100\n|-enditem|p2b: Ursaluna|Weakness Policy\n|-boost|p2b: Ursaluna|atk|2|[from] item: Weakness Policy\n|-boost|p2b: Ursaluna|spa|2|[from] item: Weakness Policy\n|move|p2b: Ursaluna|Blood Moon|p1a: Urshifu\n|-activate|p1a: Urshifu|move: Protect\n|\n|upkeep\n|turn|7\n|\n|t:|1700342422\n|-terastallize|p1a: Urshifu|Water\n|move|p1a: Urshifu|Protect||[still]\n|-fail|p1a: Urshifu\n|move|p2a: Dusclops|Will-O-Wisp|p1a: Urshifu\n|-status|p1a: Urshifu|brn\n|move|p2b: Ursaluna|Hyper Voice|p1a: Urshifu\n|-damage|p1a: Urshifu|0 fnt\n|faint|p1a: Urshifu\n|\n|win|yokai19\n|raw|balfcyur's rating: 1342 &rarr; <strong>1322<\/strong><br \/>(-20 for losing)\n|raw|yokai19's rating: 1348 &rarr; <strong>1368<\/strong><br \/>(+20 for winning)\n|l|\u2606balfcyur\n","uploadtime":1700342440,"views":21,"p1id":"balfcyur","p2id":"yokai19","formatid":"gen9vgc2023regulatione","rating":1322,"private":0,"password":""}