{"id":"gen9vgc2023regulatione-1989772744","p1":"Jippt351","p2":"Dyoufhch","format":"[Gen 9] VGC 2023 Regulation E","log":"|j|\u2606Jippt351\n|j|\u2606Dyoufhch\n|t:|1699894470\n|gametype|doubles\n|player|p1|Jippt351|2|1085\n|player|p2|Dyoufhch|102|1000\n|teamsize|p1|6\n|teamsize|p2|6\n|gen|9\n|tier|[Gen 9] VGC 2023 Regulation E\n|rated|\n|rule|Species Clause: Limit one of each Pok\u00e9mon\n|rule|Item Clause: Limit one of each item\n|clearpoke\n|poke|p1|Landorus-Therian, L50, M|\n|poke|p1|Flutter Mane, L50|\n|poke|p1|Weezing, L50, M|\n|poke|p1|Roaring Moon, L50|\n|poke|p1|Iron Hands, L50|\n|poke|p1|Ogerpon-Wellspring, L50, F|\n|poke|p2|Ludicolo, L50, F|\n|poke|p2|Pelipper, L50, F|\n|poke|p2|Rillaboom, L50, F|\n|poke|p2|Flutter Mane, L50|\n|poke|p2|Gholdengo, L50|\n|poke|p2|Basculegion, L50, M|\n|teampreview|4\n|inactive|Battle timer is ON: inactive players will automatically lose when time's up. (requested by Jippt351)\n|l|\u2606Jippt351\n|inactive|Jippt351 disconnected and has a minute to reconnect!\n|player|p1|\n|j|\u2606Jippt351\n|inactive|Jippt351 reconnected and has 55 seconds left.\n|player|p1|Jippt351|2\n|l|\u2606Jippt351\n|inactive|Jippt351 disconnected and has a minute to reconnect!\n|player|p1|\n|j|\u2606Jippt351\n|inactive|Jippt351 reconnected and has 35 seconds left.\n|player|p1|Jippt351|2\n|inactive|Jippt351 has 30 seconds left.\n|inactive|Jippt351 has 20 seconds left.\n|\n|t:|1699894543\n|start\n|switch|p1a: Roaring Moon|Roaring Moon, L50|100\/100\n|switch|p1b: Iron Hands|Iron Hands, L50|100\/100\n|switch|p2a: Flutter Mane|Flutter Mane, L50|100\/100\n|switch|p2b: Ludicolo|Ludicolo, L50, F|100\/100\n|-enditem|p1a: Roaring Moon|Booster Energy\n|-activate|p1a: Roaring Moon|ability: Protosynthesis|[fromitem]\n|-start|p1a: Roaring Moon|protosynthesisspe\n|turn|1\n|l|\u2606Jippt351\n|inactive|Jippt351 disconnected and has a minute to reconnect!\n|player|p1|\n|inactive|Jippt351 has 30 seconds left.\n|inactive|Dyoufhch has 30 seconds left.\n|j|\u2606Jippt351\n|inactive|Jippt351 reconnected and has 25 seconds left.\n|player|p1|Jippt351|2\n|inactive|Jippt351 has 20 seconds left.\n|inactive|Jippt351 has 15 seconds left.\n|\n|t:|1699894588\n|-terastallize|p1a: Roaring Moon|Flying\n|move|p2b: Ludicolo|Protect|p2b: Ludicolo\n|-singleturn|p2b: Ludicolo|Protect\n|move|p1a: Roaring Moon|Knock Off|p2a: Flutter Mane\n|-damage|p2a: Flutter Mane|7\/100\n|-enditem|p2a: Flutter Mane|Pixie Plate|[from] move: Knock Off|[of] p1a: Roaring Moon\n|move|p2a: Flutter Mane|Dazzling Gleam|p1b: Iron Hands|[spread] p1a,p1b\n|-supereffective|p1b: Iron Hands\n|-damage|p1a: Roaring Moon|71\/100\n|-damage|p1b: Iron Hands|65\/100\n|move|p1b: Iron Hands|Wild Charge|p2b: Ludicolo\n|-activate|p2b: Ludicolo|move: Protect\n|\n|upkeep\n|turn|2\n|inactive|Dyoufhch has 30 seconds left.\n|\n|t:|1699894623\n|-end|p2a: Flutter Mane|Protosynthesis|[silent]\n|switch|p2a: Pelipper|Pelipper, L50, F|100\/100\n|-weather|RainDance|[from] ability: Drizzle|[of] p2a: Pelipper\n|move|p1a: Roaring Moon|Knock Off|p2a: Pelipper\n|-damage|p2a: Pelipper|32\/100\n|-enditem|p2a: Pelipper|Focus Sash|[from] move: Knock Off|[of] p1a: Roaring Moon\n|move|p2b: Ludicolo|Ice Beam|p1a: Roaring Moon\n|-supereffective|p1a: Roaring Moon\n|-damage|p1a: Roaring Moon|5\/100\n|move|p1b: Iron Hands|Wild Charge|p2b: Ludicolo\n|-damage|p2b: Ludicolo|26\/100\n|-damage|p1b: Iron Hands|53\/100|[from] Recoil\n|\n|-weather|RainDance|[upkeep]\n|upkeep\n|turn|3\n|l|\u2606Jippt351\n|inactive|Jippt351 disconnected and has a minute to reconnect!\n|player|p1|\n|inactive|Jippt351 has 30 seconds left.\n|j|\u2606Jippt351\n|inactive|Jippt351 reconnected and has 30 seconds left.\n|player|p1|Jippt351|2\n|inactive|Jippt351 has 20 seconds left.\n|\n|t:|1699894659\n|move|p2a: Pelipper|Protect|p2a: Pelipper\n|-singleturn|p2a: Pelipper|Protect\n|move|p1a: Roaring Moon|Acrobatics|p2a: Pelipper\n|-activate|p2a: Pelipper|move: Protect\n|move|p2b: Ludicolo|Ice Beam|p1a: Roaring Moon\n|-supereffective|p1a: Roaring Moon\n|-damage|p1a: Roaring Moon|0 fnt\n|faint|p1a: Roaring Moon\n|-end|p1a: Roaring Moon|Protosynthesis|[silent]\n|move|p1b: Iron Hands|Wild Charge|p2b: Ludicolo\n|-damage|p2b: Ludicolo|0 fnt\n|faint|p2b: Ludicolo\n|-damage|p1b: Iron Hands|49\/100|[from] Recoil\n|\n|-weather|RainDance|[upkeep]\n|upkeep\n|\n|t:|1699894674\n|switch|p1a: Ogerpon|Ogerpon-Wellspring, L50, F|100\/100\n|switch|p2b: Flutter Mane|Flutter Mane, L50|7\/100\n|turn|4\n|\n|t:|1699894685\n|move|p2b: Flutter Mane|Moonblast|p1b: Iron Hands\n|-supereffective|p1b: Iron Hands\n|-damage|p1b: Iron Hands|0 fnt\n|faint|p1b: Iron Hands\n|-end|p1b: Iron Hands|Quark Drive|[silent]\n|move|p1a: Ogerpon|Horn Leech|p2a: Pelipper\n|-damage|p2a: Pelipper|0 fnt\n|faint|p2a: Pelipper\n|\n|-weather|RainDance|[upkeep]\n|upkeep\n|\n|t:|1699894694\n|switch|p2a: Basculegion|Basculegion, L50, M|100\/100\n|switch|p1b: Flutter Mane|Flutter Mane, L50|100\/100\n|turn|5\n|\n|t:|1699894705\n|-terastallize|p2a: Basculegion|Water\n|move|p2a: Basculegion|Last Respects|p1b: Flutter Mane\n|-supereffective|p1b: Flutter Mane\n|-damage|p1b: Flutter Mane|0 fnt\n|faint|p1b: Flutter Mane\n|-end|p1b: Flutter Mane|Protosynthesis|[silent]\n|-damage|p2a: Basculegion|91\/100|[from] item: Life Orb\n|move|p2b: Flutter Mane|Moonblast|p1a: Ogerpon\n|-crit|p1a: Ogerpon\n|-damage|p1a: Ogerpon|18\/100\n|move|p1a: Ogerpon|Horn Leech|p2a: Basculegion\n|-supereffective|p2a: Basculegion\n|-damage|p2a: Basculegion|0 fnt\n|-heal|p1a: Ogerpon|66\/100|[from] drain|[of] p2a: Basculegion\n|faint|p2a: Basculegion\n|\n|-weather|RainDance|[upkeep]\n|upkeep\n|turn|6\n|inactive|Jippt351 has 30 seconds left.\n|\n|t:|1699894731\n|move|p2b: Flutter Mane|Moonblast|p1a: Ogerpon\n|-damage|p1a: Ogerpon|11\/100\n|move|p1a: Ogerpon|Horn Leech|p2b: Flutter Mane\n|-damage|p2b: Flutter Mane|0 fnt\n|-heal|p1a: Ogerpon|14\/100|[from] drain|[of] p2b: Flutter Mane\n|faint|p2b: Flutter Mane\n|-end|p2b: Flutter Mane|Protosynthesis|[silent]\n|\n|win|Jippt351\n|raw|Jippt351's rating: 1085 &rarr; <strong>1106<\/strong><br \/>(+21 for winning)\n|raw|Dyoufhch's rating: 1000 &rarr; <strong>1000<\/strong><br \/>(+0 for losing)\n|l|\u2606Dyoufhch\n","uploadtime":1699894742,"views":7,"p1id":"jippt351","p2id":"dyoufhch","formatid":"gen9vgc2023regulatione","rating":1000,"private":0,"password":""}