{"id":"gen9vgc2023regulatione-1991688639","p1":"Surged55","p2":"bibellykelly","format":"[Gen 9] VGC 2023 Regulation E","log":"|j|\u203dSurged55\n|j|\u2606bibellykelly\n|t:|1700102866\n|gametype|doubles\n|player|p1|Surged55|cress|1078\n|player|p2|bibellykelly|1|1049\n|teamsize|p1|6\n|teamsize|p2|6\n|gen|9\n|tier|[Gen 9] VGC 2023 Regulation E\n|rated|\n|rule|Species Clause: Limit one of each Pok\u00e9mon\n|rule|Item Clause: Limit one of each item\n|clearpoke\n|poke|p1|Torkoal, L50, M|\n|poke|p1|Lilligant-Hisui, L50, F|\n|poke|p1|Landorus, L50, M|\n|poke|p1|Roaring Moon, L50|\n|poke|p1|Flutter Mane, L50|\n|poke|p1|Rillaboom, L50, M|\n|poke|p2|Cresselia, L50, F|\n|poke|p2|Greedent, L50, M|\n|poke|p2|Chi-Yu, L50|\n|poke|p2|Flamigo, L50, F|\n|poke|p2|Dondozo, L50, F|\n|poke|p2|Tatsugiri, L50, F|\n|teampreview|4\nbibellykelly rejected open team sheets.\n|c|\u2606bibellykelly|glhf\n|\n|t:|1700102896\n|start\n|switch|p1a: Flutter Mane|Flutter Mane, L50|100\/100\n|switch|p1b: Rillaboom|Rillaboom, L50, M|100\/100\n|switch|p2a: Cresselia|Cresselia, L50, F|100\/100\n|switch|p2b: Greedent|Greedent, L50, M|100\/100\n|-fieldstart|move: Grassy Terrain|[from] ability: Grassy Surge|[of] p1b: Rillaboom\n|turn|1\n|\n|t:|1700102916\n|-end|p1a: Flutter Mane|Protosynthesis|[silent]\n|switch|p1a: Roaring Moon|Roaring Moon, L50|100\/100\n|-enditem|p1a: Roaring Moon|Grassy Seed\n|-boost|p1a: Roaring Moon|def|1|[from] item: Grassy Seed\n|move|p1b: Rillaboom|Fake Out|p2a: Cresselia\n|-damage|p2a: Cresselia|89\/100\n|move|p2b: Greedent|Belly Drum|p2b: Greedent\n|-damage|p2b: Greedent|50\/100\n|-setboost|p2b: Greedent|atk|6|[from] move: Belly Drum\n|-enditem|p2b: Greedent|Sitrus Berry|[eat]\n|-heal|p2b: Greedent|75\/100|[from] item: Sitrus Berry\n|-heal|p2b: Greedent|100\/100|[from] ability: Cheek Pouch\n|cant|p2a: Cresselia|flinch\n|\n|-heal|p2a: Cresselia|95\/100|[from] item: Leftovers\n|upkeep\n|turn|2\n|\n|t:|1700102941\n|move|p1a: Roaring Moon|Knock Off|p2a: Cresselia\n|-supereffective|p2a: Cresselia\n|-damage|p2a: Cresselia|12\/100\n|-enditem|p2a: Cresselia|Leftovers|[from] move: Knock Off|[of] p1a: Roaring Moon\n|move|p1b: Rillaboom|Knock Off|p2a: Cresselia\n|-supereffective|p2a: Cresselia\n|-damage|p2a: Cresselia|0 fnt\n|faint|p2a: Cresselia\n|move|p2b: Greedent|Earthquake|p1a: Roaring Moon|[spread] p1a,p1b\n|-resisted|p1b: Rillaboom\n|-damage|p1a: Roaring Moon|62\/100\n|-damage|p1b: Rillaboom|77\/100\n|\n|-heal|p1a: Roaring Moon|68\/100|[from] Grassy Terrain\n|-heal|p1b: Rillaboom|83\/100|[from] Grassy Terrain\n|upkeep\n|\n|t:|1700102954\n|switch|p2a: Flamigo|Flamigo, L50, F|100\/100\n|-copyboost|p2a: Flamigo|p2b: Greedent|[from] ability: Costar\n|turn|3\n|\n|t:|1700102969\n|-terastallize|p1a: Roaring Moon|Flying\n|move|p1b: Rillaboom|Grassy Glide|p2b: Greedent\n|-damage|p2b: Greedent|66\/100\n|move|p1a: Roaring Moon|Acrobatics|p2a: Flamigo\n|-supereffective|p2a: Flamigo\n|-damage|p2a: Flamigo|0 fnt\n|faint|p2a: Flamigo\n|move|p2b: Greedent|Body Slam|p1a: Roaring Moon\n|-damage|p1a: Roaring Moon|0 fnt\n|faint|p1a: Roaring Moon\n|-end|p1a: Roaring Moon|Protosynthesis|[silent]\n|\n|-heal|p1b: Rillaboom|89\/100|[from] Grassy Terrain\n|-heal|p2b: Greedent|72\/100|[from] Grassy Terrain\n|upkeep\n|\n|t:|1700102982\n|switch|p1a: Landorus|Landorus, L50, M|100\/100\n|switch|p2a: Chi-Yu|Chi-Yu, L50|100\/100\n|-ability|p2a: Chi-Yu|Beads of Ruin\n|turn|4\n|\n|t:|1700103019\n|-terastallize|p2b: Greedent|Ghost\n|move|p1b: Rillaboom|Grassy Glide|p2b: Greedent\n|-damage|p2b: Greedent|39\/100\n|move|p1a: Landorus|Earth Power|p2a: Chi-Yu\n|-supereffective|p2a: Chi-Yu\n|-damage|p2a: Chi-Yu|0 fnt\n|faint|p2a: Chi-Yu\n|move|p2b: Greedent|Body Slam|p1a: Landorus\n|-damage|p1a: Landorus|0 fnt\n|faint|p1a: Landorus\n|\n|-heal|p1b: Rillaboom|95\/100|[from] Grassy Terrain\n|-heal|p2b: Greedent|45\/100|[from] Grassy Terrain\n|upkeep\n|\n|t:|1700103028\n|switch|p1a: Flutter Mane|Flutter Mane, L50|100\/100\n|turn|5\n|\n|t:|1700103046\n|move|p1a: Flutter Mane|Shadow Ball|p2b: Greedent\n|-supereffective|p2b: Greedent\n|-damage|p2b: Greedent|0 fnt\n|faint|p2b: Greedent\n|\n|win|Surged55\n|raw|Surged55's rating: 1078 &rarr; <strong>1104<\/strong><br \/>(+26 for winning)\n|raw|bibellykelly's rating: 1049 &rarr; <strong>1033<\/strong><br \/>(-16 for losing)\n|l|\u2606bibellykelly\n","uploadtime":1700103057,"views":12,"p1id":"surged55","p2id":"bibellykelly","formatid":"gen9vgc2023regulatione","rating":1033,"private":0,"password":""}