{"id":"gen9vgc2023regulatione-1993914616","p1":"Gasteh","p2":"Josuee_29","format":"[Gen 9] VGC 2023 Regulation E","log":"|j|\u2606Gasteh\n|j|\u2606Josuee_29\n|t:|1700374639\n|gametype|doubles\n|player|p1|Gasteh|169|1277\n|player|p2|Josuee_29|red|1202\n|teamsize|p1|6\n|teamsize|p2|6\n|gen|9\n|tier|[Gen 9] VGC 2023 Regulation E\n|rated|\n|rule|Species Clause: Limit one of each Pok\u00e9mon\n|rule|Item Clause: Limit one of each item\n|clearpoke\n|poke|p1|Tornadus, L50, M|\n|poke|p1|Arcanine-Hisui, L50, F|\n|poke|p1|Iron Hands, L50|\n|poke|p1|Gholdengo, L50|\n|poke|p1|Urshifu-*, L50, M|\n|poke|p1|Ogerpon-Wellspring, L50, F|\n|poke|p2|Landorus-Therian, L50, M|\n|poke|p2|Iron Hands, L50|\n|poke|p2|Heatran, L50, M|\n|poke|p2|Flutter Mane, L50|\n|poke|p2|Roaring Moon, L50|\n|poke|p2|Tornadus, L50, M|\n|teampreview|4\n|inactive|Battle timer is ON: inactive players will automatically lose when time's up. (requested by Gasteh)\n|inactive|Gasteh has 60 seconds left.\n|inactive|Josuee_29 has 60 seconds left.\n|inactive|Josuee_29 has 30 seconds left.\n|\n|t:|1700374703\n|start\n|switch|p1a: Tornadus|Tornadus, L50, M|100\/100\n|switch|p1b: Urshifu|Urshifu-Rapid-Strike, L50, M|100\/100\n|switch|p2a: Landorus|Landorus-Therian, L50, M|100\/100\n|switch|p2b: Tornadus|Tornadus, L50, M, shiny|100\/100\n|-ability|p2a: Landorus|Intimidate|boost\n|-unboost|p1a: Tornadus|atk|1\n|-unboost|p1b: Urshifu|atk|1\n|turn|1\n|inactive|Gasteh has 30 seconds left.\n|inactive|Josuee_29 has 30 seconds left.\n|\n|t:|1700374736\n|move|p2b: Tornadus|Tailwind|p2b: Tornadus\n|-sidestart|p2: Josuee_29|move: Tailwind\n|move|p1a: Tornadus|Rain Dance|p1a: Tornadus\n|-weather|RainDance\n|move|p2a: Landorus|Rock Slide|p1a: Tornadus|[spread] p1a\n|-miss|p2a: Landorus|p1b: Urshifu\n|-supereffective|p1a: Tornadus\n|-damage|p1a: Tornadus|57\/100\n|move|p1b: Urshifu|Surging Strikes|p2a: Landorus\n|-supereffective|p2a: Landorus\n|-crit|p2a: Landorus\n|-damage|p2a: Landorus|23\/100\n|-supereffective|p2a: Landorus\n|-crit|p2a: Landorus\n|-damage|p2a: Landorus|0 fnt\n|faint|p2a: Landorus\n|-hitcount|p2: Landorus|2\n|\n|-weather|RainDance|[upkeep]\n|upkeep\n|inactive|Josuee_29 has 30 seconds left.\n|\n|t:|1700374762\n|switch|p2a: Heatran|Heatran, L50, M|100\/100\n|turn|2\n|\n|t:|1700374777\n|switch|p1b: Ogerpon|Ogerpon-Wellspring, L50, F|100\/100\n|-terastallize|p2a: Heatran|Grass\n|move|p2b: Tornadus|Taunt|p1a: Tornadus\n|-start|p1a: Tornadus|move: Taunt\n|cant|p1a: Tornadus|move: Taunt|Tailwind\n|move|p2a: Heatran|Tera Blast|p1b: Ogerpon|[anim] Tera Blast Grass\n|-damage|p1b: Ogerpon|60\/100\n|\n|-weather|RainDance|[upkeep]\n|upkeep\n|turn|3\n|inactive|Josuee_29 has 30 seconds left.\n|\n|t:|1700374805\n|switch|p1a: Gholdengo|Gholdengo, L50|100\/100\n|move|p1b: Ogerpon|Spiky Shield|p1b: Ogerpon\n|-singleturn|p1b: Ogerpon|move: Protect\n|move|p2b: Tornadus|Bleakwind Storm|p1a: Gholdengo|[spread] p1a\n|-activate|p1b: Ogerpon|move: Protect\n|-resisted|p1a: Gholdengo\n|-crit|p1a: Gholdengo\n|-damage|p1a: Gholdengo|76\/100\n|move|p2a: Heatran|Tera Blast|p1b: Ogerpon|[anim] Tera Blast Grass\n|-activate|p1b: Ogerpon|move: Protect\n|\n|-weather|RainDance|[upkeep]\n|-heal|p1a: Gholdengo|82\/100|[from] item: Leftovers\n|upkeep\n|turn|4\n|inactive|Gasteh has 30 seconds left.\n|inactive|Josuee_29 has 30 seconds left.\n|inactive|Josuee_29 has 20 seconds left.\n|\n|t:|1700374844\n|move|p2b: Tornadus|Bleakwind Storm|p1a: Gholdengo|[spread] p1a,p1b\n|-resisted|p1a: Gholdengo\n|-supereffective|p1b: Ogerpon\n|-damage|p1a: Gholdengo|66\/100\n|-damage|p1b: Ogerpon|0 fnt\n|-unboost|p1a: Gholdengo|spe|1\n|faint|p1b: Ogerpon\n|move|p2a: Heatran|Earth Power|p1a: Gholdengo\n|-supereffective|p1a: Gholdengo\n|-damage|p1a: Gholdengo|5\/100\n|move|p1a: Gholdengo|Nasty Plot|p1a: Gholdengo\n|-boost|p1a: Gholdengo|spa|2\n|\n|-weather|RainDance|[upkeep]\n|-heal|p1a: Gholdengo|11\/100|[from] item: Leftovers\n|-sideend|p2: Josuee_29|move: Tailwind\n|upkeep\n|\n|t:|1700374855\n|switch|p1b: Tornadus|Tornadus, L50, M|57\/100\n|turn|5\n|\n|t:|1700374867\n|move|p2b: Tornadus|Taunt|p1b: Tornadus\n|-start|p1b: Tornadus|move: Taunt\n|cant|p1b: Tornadus|move: Taunt|Tailwind\n|move|p2a: Heatran|Heat Wave|p1a: Gholdengo|[spread] p1a,p1b\n|-supereffective|p1a: Gholdengo\n|-crit|p1b: Tornadus\n|-damage|p1a: Gholdengo|0 fnt\n|-damage|p1b: Tornadus|31\/100\n|faint|p1a: Gholdengo\n|\n|-weather|none\n|upkeep\n|\n|t:|1700374872\n|switch|p1a: Urshifu|Urshifu-Rapid-Strike, L50, M|100\/100\n|turn|6\n|\n|t:|1700374894\n|-terastallize|p1a: Urshifu|Water\n|move|p2b: Tornadus|Tailwind|p2b: Tornadus\n|-sidestart|p2: Josuee_29|move: Tailwind\n|move|p1a: Urshifu|Surging Strikes|p2b: Tornadus\n|-crit|p2b: Tornadus\n|-damage|p2b: Tornadus|67\/100\n|-crit|p2b: Tornadus\n|-damage|p2b: Tornadus|33\/100\n|-crit|p2b: Tornadus\n|-damage|p2b: Tornadus|0 fnt\n|faint|p2b: Tornadus\n|-hitcount|p2: Tornadus|3\n|move|p2a: Heatran|Heat Wave|p1a: Urshifu|[spread] p1b\n|-miss|p2a: Heatran|p1a: Urshifu\n|-damage|p1b: Tornadus|0 fnt\n|faint|p1b: Tornadus\n|\n|upkeep\n|\n|t:|1700374911\n|switch|p2b: Roaring Moon|Roaring Moon, L50, shiny|100\/100\n|-enditem|p2b: Roaring Moon|Booster Energy\n|-activate|p2b: Roaring Moon|ability: Protosynthesis|[fromitem]\n|-start|p2b: Roaring Moon|protosynthesisatk\n|turn|7\n|c|\u2606Gasteh|gg\n|-message|Gasteh forfeited.\n|\n|win|Josuee_29\n|raw|Gasteh's rating: 1277 &rarr; <strong>1247<\/strong><br \/>(-30 for losing)\n|raw|Josuee_29's rating: 1202 &rarr; <strong>1232<\/strong><br \/>(+30 for winning)\n|l|\u2606Gasteh\n","uploadtime":1700374925,"views":9,"p1id":"gasteh","p2id":"josuee29","formatid":"gen9vgc2023regulatione","rating":1232,"private":0,"password":""}