{"id":"gen9vgc2023regulatione-1994656777","p1":"F4R4W4Y","p2":"GUAN0603","format":"[Gen 9] VGC 2023 Regulation E","log":"|j|\u2606F4R4W4Y\n|j|\u2606GUAN0603\n|t:|1700476540\n|gametype|doubles\n|player|p1|F4R4W4Y|pokemonranger-gen4|1270\n|player|p2|GUAN0603|unknown|1392\n|teamsize|p1|6\n|teamsize|p2|6\n|gen|9\n|tier|[Gen 9] VGC 2023 Regulation E\n|rated|\n|rule|Species Clause: Limit one of each Pok\u00e9mon\n|rule|Item Clause: Limit one of each item\n|clearpoke\n|poke|p1|Gallade, L50, M|\n|poke|p1|Roaring Moon, L50|\n|poke|p1|Volcarona, L50, M|\n|poke|p1|Grimmsnarl, L50, M|\n|poke|p1|Gastrodon, L50, M|\n|poke|p1|Arcanine, L50, M|\n|poke|p2|Murkrow, L50, F|\n|poke|p2|Urshifu-*, L50, M|\n|poke|p2|Tsareena, L50, F|\n|poke|p2|Flutter Mane, L50|\n|poke|p2|Iron Bundle, L50|\n|poke|p2|Chi-Yu, L50|\n|teampreview|4\nGUAN0603 has agreed to open team sheets.\n|inactive|Battle timer is ON: inactive players will automatically lose when time's up. (requested by GUAN0603)\n|inactive|GUAN0603 has 60 seconds left.\nF4R4W4Y rejected open team sheets.\n|\n|t:|1700476609\n|start\n|switch|p1a: Volcarona|Volcarona, L50, M|100\/100\n|switch|p1b: Grimmsnarl|Grimmsnarl, L50, M|100\/100\n|switch|p2a: \u5ee2\u589f\u5361\u5230\u9670|Flutter Mane, L50|100\/100\n|switch|p2b: \u6d6a\u6f2b\u56e0\u5b50|Chi-Yu, L50|100\/100\n|-ability|p2b: \u6d6a\u6f2b\u56e0\u5b50|Beads of Ruin\n|turn|1\n|\n|t:|1700476626\n|-terastallize|p2b: \u6d6a\u6f2b\u56e0\u5b50|Fire\n|move|p1b: Grimmsnarl|Light Screen|p1b: Grimmsnarl\n|-sidestart|p1: F4R4W4Y|move: Light Screen\n|move|p2a: \u5ee2\u589f\u5361\u5230\u9670|Dazzling Gleam|p1b: Grimmsnarl|[spread] p1a,p1b\n|-resisted|p1a: Volcarona\n|-supereffective|p1b: Grimmsnarl\n|-damage|p1a: Volcarona|91\/100\n|-damage|p1b: Grimmsnarl|46\/100\n|-damage|p2a: \u5ee2\u589f\u5361\u5230\u9670|91\/100|[from] item: Life Orb\n|move|p2b: \u6d6a\u6f2b\u56e0\u5b50|Heat Wave|p1a: Volcarona|[spread] p1a,p1b\n|-damage|p1a: Volcarona|53\/100\n|-damage|p1b: Grimmsnarl|2\/100\n|move|p1a: Volcarona|Struggle Bug|p2a: \u5ee2\u589f\u5361\u5230\u9670|[spread] p2a,p2b\n|-resisted|p2a: \u5ee2\u589f\u5361\u5230\u9670\n|-crit|p2a: \u5ee2\u589f\u5361\u5230\u9670\n|-resisted|p2b: \u6d6a\u6f2b\u56e0\u5b50\n|-damage|p2a: \u5ee2\u589f\u5361\u5230\u9670|85\/100\n|-damage|p2b: \u6d6a\u6f2b\u56e0\u5b50|93\/100\n|-unboost|p2a: \u5ee2\u589f\u5361\u5230\u9670|spa|1\n|-unboost|p2b: \u6d6a\u6f2b\u56e0\u5b50|spa|1\n|\n|upkeep\n|turn|2\n|\n|t:|1700476648\n|move|p1b: Grimmsnarl|Thunder Wave|p2a: \u5ee2\u589f\u5361\u5230\u9670\n|-status|p2a: \u5ee2\u589f\u5361\u5230\u9670|par\n|move|p2b: \u6d6a\u6f2b\u56e0\u5b50|Heat Wave|p1a: Volcarona|[spread] p1a,p1b\n|-damage|p1a: Volcarona|25\/100\n|-damage|p1b: Grimmsnarl|0 fnt\n|faint|p1b: Grimmsnarl\n|move|p1a: Volcarona|Struggle Bug|p2a: \u5ee2\u589f\u5361\u5230\u9670|[spread] p2a,p2b\n|-resisted|p2a: \u5ee2\u589f\u5361\u5230\u9670\n|-resisted|p2b: \u6d6a\u6f2b\u56e0\u5b50\n|-damage|p2a: \u5ee2\u589f\u5361\u5230\u9670|80\/100 par\n|-damage|p2b: \u6d6a\u6f2b\u56e0\u5b50|85\/100\n|-unboost|p2a: \u5ee2\u589f\u5361\u5230\u9670|spa|1\n|-unboost|p2b: \u6d6a\u6f2b\u56e0\u5b50|spa|1\n|cant|p2a: \u5ee2\u589f\u5361\u5230\u9670|par\n|\n|upkeep\n|\n|t:|1700476665\n|switch|p1b: Roaring Moon|Roaring Moon, L50|100\/100\n|-enditem|p1b: Roaring Moon|Booster Energy\n|-activate|p1b: Roaring Moon|ability: Protosynthesis|[fromitem]\n|-start|p1b: Roaring Moon|protosynthesisatk\n|turn|3\n|\n|t:|1700476679\n|switch|p2b: \u52de\u52d5\u795e\u9df9|Iron Bundle, L50, shiny|100\/100\n|-enditem|p2b: \u52de\u52d5\u795e\u9df9|Booster Energy\n|-activate|p2b: \u52de\u52d5\u795e\u9df9|ability: Quark Drive|[fromitem]\n|-start|p2b: \u52de\u52d5\u795e\u9df9|quarkdrivespe\n|-terastallize|p1b: Roaring Moon|Fairy\n|move|p1b: Roaring Moon|Stomping Tantrum|p2b: \u52de\u52d5\u795e\u9df9\n|-damage|p2b: \u52de\u52d5\u795e\u9df9|57\/100\n|move|p1a: Volcarona|Struggle Bug|p2b: \u52de\u52d5\u795e\u9df9|[spread] p2a,p2b\n|-resisted|p2a: \u5ee2\u589f\u5361\u5230\u9670\n|-damage|p2a: \u5ee2\u589f\u5361\u5230\u9670|77\/100 par\n|-damage|p2b: \u52de\u52d5\u795e\u9df9|26\/100\n|-unboost|p2a: \u5ee2\u589f\u5361\u5230\u9670|spa|1\n|-unboost|p2b: \u52de\u52d5\u795e\u9df9|spa|1\n|move|p2a: \u5ee2\u589f\u5361\u5230\u9670|Shadow Ball|p1a: Volcarona\n|-damage|p1a: Volcarona|16\/100\n|-damage|p2a: \u5ee2\u589f\u5361\u5230\u9670|68\/100 par|[from] item: Life Orb\n|\n|upkeep\n|turn|4\n|inactive|F4R4W4Y has 30 seconds left.\n|\n|t:|1700476709\n|switch|p1a: Gastrodon|Gastrodon, L50, M|100\/100\n|move|p2b: \u52de\u52d5\u795e\u9df9|Protect|p2b: \u52de\u52d5\u795e\u9df9\n|-singleturn|p2b: \u52de\u52d5\u795e\u9df9|Protect\n|move|p1b: Roaring Moon|Stomping Tantrum|p2b: \u52de\u52d5\u795e\u9df9\n|-activate|p2b: \u52de\u52d5\u795e\u9df9|move: Protect\n|move|p2a: \u5ee2\u589f\u5361\u5230\u9670|Shadow Ball|p1a: Gastrodon\n|-damage|p1a: Gastrodon|92\/100\n|-unboost|p1a: Gastrodon|spd|1\n|-damage|p2a: \u5ee2\u589f\u5361\u5230\u9670|58\/100 par|[from] item: Life Orb\n|\n|upkeep\n|turn|5\n|\n|t:|1700476731\n|move|p2b: \u52de\u52d5\u795e\u9df9|Icy Wind|p1a: Gastrodon|[spread] p1a,p1b\n|-damage|p1a: Gastrodon|83\/100\n|-damage|p1b: Roaring Moon|92\/100\n|-unboost|p1a: Gastrodon|spe|1\n|-unboost|p1b: Roaring Moon|spe|1\n|move|p1b: Roaring Moon|Stomping Tantrum|p2b: \u52de\u52d5\u795e\u9df9\n|-damage|p2b: \u52de\u52d5\u795e\u9df9|0 fnt\n|faint|p2b: \u52de\u52d5\u795e\u9df9\n|-end|p2b: \u52de\u52d5\u795e\u9df9|Quark Drive|[silent]\n|move|p2a: \u5ee2\u589f\u5361\u5230\u9670|Dazzling Gleam|p1b: Roaring Moon|[spread] p1a,p1b\n|-damage|p1a: Gastrodon|74\/100\n|-damage|p1b: Roaring Moon|82\/100\n|-damage|p2a: \u5ee2\u589f\u5361\u5230\u9670|49\/100 par|[from] item: Life Orb\n|move|p1a: Gastrodon|Earth Power|p2a: \u5ee2\u589f\u5361\u5230\u9670\n|-damage|p2a: \u5ee2\u589f\u5361\u5230\u9670|18\/100 par\n|\n|upkeep\n|\n|t:|1700476751\n|switch|p2b: \u89e3\u6688\u8239\u9577|Urshifu, L50, M|100\/100\n|turn|6\n|\n|t:|1700476769\n|switch|p1a: Volcarona|Volcarona, L50, M|16\/100\n|move|p2b: \u89e3\u6688\u8239\u9577|Iron Head|p1b: Roaring Moon\n|-supereffective|p1b: Roaring Moon\n|-damage|p1b: Roaring Moon|0 fnt\n|faint|p1b: Roaring Moon\n|-end|p1b: Roaring Moon|Protosynthesis|[silent]\n|move|p2a: \u5ee2\u589f\u5361\u5230\u9670|Shadow Ball|p1a: Volcarona\n|-damage|p1a: Volcarona|8\/100\n|-damage|p2a: \u5ee2\u589f\u5361\u5230\u9670|9\/100 par|[from] item: Life Orb\n|\n|upkeep\n|\n|t:|1700476778\n|switch|p1b: Gastrodon|Gastrodon, L50, M|74\/100\n|turn|7\n|\n|t:|1700476787\n|switch|p2b: \u6d6a\u6f2b\u56e0\u5b50|Chi-Yu, L50, tera:Fire|85\/100\n|-ability|p2b: \u6d6a\u6f2b\u56e0\u5b50|Beads of Ruin\n|move|p1a: Volcarona|Rage Powder|p1a: Volcarona\n|-singleturn|p1a: Volcarona|move: Rage Powder\n|move|p2a: \u5ee2\u589f\u5361\u5230\u9670|Shadow Ball|p1a: Volcarona\n|-damage|p1a: Volcarona|0 fnt\n|faint|p1a: Volcarona\n|-damage|p2a: \u5ee2\u589f\u5361\u5230\u9670|0 fnt|[from] item: Life Orb\n|faint|p2a: \u5ee2\u589f\u5361\u5230\u9670\n|-end|p2a: \u5ee2\u589f\u5361\u5230\u9670|Protosynthesis|[silent]\n|move|p1b: Gastrodon|Chilling Water|p2b: \u6d6a\u6f2b\u56e0\u5b50\n|-supereffective|p2b: \u6d6a\u6f2b\u56e0\u5b50\n|-damage|p2b: \u6d6a\u6f2b\u56e0\u5b50|50\/100\n|-unboost|p2b: \u6d6a\u6f2b\u56e0\u5b50|atk|1\n|\n|upkeep\n|\n|t:|1700476800\n|switch|p2a: \u89e3\u6688\u8239\u9577|Urshifu, L50, M|100\/100\n|turn|8\n|\n|t:|1700476807\n|move|p2b: \u6d6a\u6f2b\u56e0\u5b50|Dark Pulse|p1b: Gastrodon\n|-damage|p1b: Gastrodon|44\/100\n|move|p2a: \u89e3\u6688\u8239\u9577|Wicked Blow|p1b: Gastrodon\n|-crit|p1b: Gastrodon\n|-damage|p1b: Gastrodon|0 fnt\n|faint|p1b: Gastrodon\n|\n|win|GUAN0603\n|raw|F4R4W4Y's rating: 1270 &rarr; <strong>1253<\/strong><br \/>(-17 for losing)\n|raw|GUAN0603's rating: 1392 &rarr; <strong>1405<\/strong><br \/>(+13 for winning)\n|l|\u2606F4R4W4Y\n","uploadtime":1700476834,"views":17,"p1id":"f4r4w4y","p2id":"guan0603","formatid":"gen9vgc2023regulatione","rating":1253,"private":0,"password":""}