{"id":"gen9vgc2023regulatione-1990073193","p1":"darrybest","p2":"Bubbles303","format":"[Gen 9] VGC 2023 Regulation E","log":"|j|\u2606darrybest\n|j|\u2606Bubbles303\n|t:|1699921644\n|gametype|doubles\n|player|p1|darrybest|102|1094\n|player|p2|Bubbles303|blackbelt-gen4dp|1201\n|teamsize|p1|6\n|teamsize|p2|6\n|gen|9\n|tier|[Gen 9] VGC 2023 Regulation E\n|rated|\n|rule|Species Clause: Limit one of each Pok\u00e9mon\n|rule|Item Clause: Limit one of each item\n|clearpoke\n|poke|p1|Slaking, L50, F|\n|poke|p1|Grafaiai, L50, F|\n|poke|p1|Lilligant-Hisui, L50, F|\n|poke|p1|Torkoal, L50, M|\n|poke|p1|Wo-Chien, L50|\n|poke|p1|Gyarados, L50, M|\n|poke|p2|Tornadus, L50, M|\n|poke|p2|Arcanine-Hisui, L50, F|\n|poke|p2|Iron Hands, L50|\n|poke|p2|Gholdengo, L50|\n|poke|p2|Urshifu-*, L50, M|\n|poke|p2|Ogerpon-Wellspring, L50, F|\n|teampreview|4\n|inactive|Battle timer is ON: inactive players will automatically lose when time's up. (requested by Bubbles303)\n|inactive|Bubbles303 has 60 seconds left.\n|\n|t:|1699921681\n|start\n|switch|p1a: Wo-Chien|Wo-Chien, L50|100\/100\n|switch|p1b: Gyarados|Gyarados, L50, M|100\/100\n|switch|p2a: Tornadus|Tornadus, L50, M|100\/100\n|switch|p2b: Iron Hands|Iron Hands, L50, shiny|100\/100\n|-ability|p1b: Gyarados|Intimidate|boost\n|-unboost|p2a: Tornadus|atk|1\n|-unboost|p2b: Iron Hands|atk|1\n|-ability|p1a: Wo-Chien|Tablets of Ruin\n|turn|1\n|\n|t:|1699921699\n|move|p1a: Wo-Chien|Protect|p1a: Wo-Chien\n|-singleturn|p1a: Wo-Chien|Protect\n|move|p2b: Iron Hands|Fake Out|p1a: Wo-Chien\n|-activate|p1a: Wo-Chien|move: Protect\n|move|p2a: Tornadus|Tailwind|p2a: Tornadus\n|-sidestart|p2: Bubbles303|move: Tailwind\n|move|p1b: Gyarados|Thunder Wave|p2a: Tornadus\n|-status|p2a: Tornadus|par\n|\n|upkeep\n|turn|2\n|\n|t:|1699921721\n|-terastallize|p1a: Wo-Chien|Electric\n|move|p2a: Tornadus|Rain Dance|p2a: Tornadus\n|-weather|RainDance\n|move|p2b: Iron Hands|Wild Charge|p1b: Gyarados\n|-supereffective|p1b: Gyarados\n|-damage|p1b: Gyarados|15\/100\n|-damage|p2b: Iron Hands|84\/100|[from] Recoil\n|move|p1b: Gyarados|Whirlpool|p2b: Iron Hands\n|-damage|p2b: Iron Hands|77\/100\n|-activate|p2b: Iron Hands|move: Whirlpool|[of] p1b: Gyarados\n|move|p1a: Wo-Chien|Leech Seed|p2b: Iron Hands|[miss]\n|-miss|p1a: Wo-Chien|p2b: Iron Hands\n|\n|-weather|RainDance|[upkeep]\n|-heal|p1b: Gyarados|21\/100|[from] item: Leftovers\n|-damage|p2b: Iron Hands|65\/100|[from] move: Whirlpool|[partiallytrapped]\n|upkeep\n|turn|3\n|inactive|Bubbles303 has 30 seconds left.\n|\n|t:|1699921754\n|-terastallize|p2b: Iron Hands|Grass\n|move|p1b: Gyarados|Protect|p1b: Gyarados\n|-singleturn|p1b: Gyarados|Protect\n|move|p2b: Iron Hands|Wild Charge|p1b: Gyarados\n|-activate|p1b: Gyarados|move: Protect\n|move|p2a: Tornadus|Bleakwind Storm|p1b: Gyarados|[spread] p1a\n|-activate|p1b: Gyarados|move: Protect\n|-resisted|p1a: Wo-Chien\n|-damage|p1a: Wo-Chien|92\/100\n|-unboost|p1a: Wo-Chien|spe|1\n|move|p1a: Wo-Chien|Leech Seed|p2b: Iron Hands\n|-immune|p2b: Iron Hands\n|\n|-weather|RainDance|[upkeep]\n|-heal|p1b: Gyarados|27\/100|[from] item: Leftovers\n|-damage|p2b: Iron Hands|52\/100|[from] move: Whirlpool|[partiallytrapped]\n|upkeep\n|turn|4\n|inactive|Bubbles303 has 30 seconds left.\n|\n|t:|1699921785\n|switch|p2a: Urshifu|Urshifu-Rapid-Strike, L50, M|100\/100\n|switch|p1b: Torkoal|Torkoal, L50, M|100\/100\n|-weather|SunnyDay|[from] ability: Drought|[of] p1b: Torkoal\n|move|p2b: Iron Hands|Wild Charge|p1b: Torkoal\n|-damage|p1b: Torkoal|81\/100\n|-damage|p2b: Iron Hands|49\/100|[from] Recoil\n|move|p1a: Wo-Chien|Substitute|p1a: Wo-Chien\n|-start|p1a: Wo-Chien|Substitute\n|-damage|p1a: Wo-Chien|67\/100\n|\n|-weather|SunnyDay|[upkeep]\n|-end|p2b: Iron Hands|Whirlpool|[partiallytrapped]|[silent]\n|-sideend|p2: Bubbles303|move: Tailwind\n|upkeep\n|turn|5\n|\n|t:|1699921804\n|-end|p2b: Iron Hands|Quark Drive|[silent]\n|switch|p2b: Tornadus|Tornadus, L50, M|100\/100 par\n|switch|p1b: Gyarados|Gyarados, L50, M|27\/100\n|-ability|p1b: Gyarados|Intimidate|boost\n|-unboost|p2a: Urshifu|atk|1\n|-unboost|p2b: Tornadus|atk|1\n|move|p2a: Urshifu|Surging Strikes|p1b: Gyarados\n|-resisted|p1b: Gyarados\n|-crit|p1b: Gyarados\n|-damage|p1b: Gyarados|23\/100\n|-resisted|p1b: Gyarados\n|-crit|p1b: Gyarados\n|-damage|p1b: Gyarados|20\/100\n|-resisted|p1b: Gyarados\n|-crit|p1b: Gyarados\n|-damage|p1b: Gyarados|17\/100\n|-hitcount|p1b: Gyarados|3\n|move|p1a: Wo-Chien|Leech Seed|p2a: Urshifu\n|-start|p2a: Urshifu|move: Leech Seed\n|\n|-weather|SunnyDay|[upkeep]\n|-heal|p1b: Gyarados|23\/100|[from] item: Leftovers\n|-damage|p2a: Urshifu|88\/100|[from] Leech Seed|[of] p1a: Wo-Chien\n|-heal|p1a: Wo-Chien|83\/100|[silent]\n|upkeep\n|turn|6\n|\n|t:|1699921828\n|cant|p2b: Tornadus|par\n|move|p2a: Urshifu|Surging Strikes|p1b: Gyarados\n|-resisted|p1b: Gyarados\n|-crit|p1b: Gyarados\n|-damage|p1b: Gyarados|20\/100\n|-resisted|p1b: Gyarados\n|-crit|p1b: Gyarados\n|-damage|p1b: Gyarados|16\/100\n|-resisted|p1b: Gyarados\n|-crit|p1b: Gyarados\n|-damage|p1b: Gyarados|13\/100\n|-hitcount|p1b: Gyarados|3\n|move|p1b: Gyarados|Thunder Wave|p2a: Urshifu\n|-status|p2a: Urshifu|par\n|move|p1a: Wo-Chien|Leech Seed|p2b: Tornadus\n|-start|p2b: Tornadus|move: Leech Seed\n|\n|-weather|SunnyDay|[upkeep]\n|-heal|p1b: Gyarados|19\/100|[from] item: Leftovers\n|-damage|p2a: Urshifu|76\/100 par|[from] Leech Seed|[of] p1a: Wo-Chien\n|-heal|p1a: Wo-Chien|98\/100|[silent]\n|-damage|p2b: Tornadus|88\/100 par|[from] Leech Seed|[of] p1a: Wo-Chien\n|-heal|p1a: Wo-Chien|100\/100|[silent]\n|upkeep\n|turn|7\n|\n|t:|1699921853\n|switch|p2a: Iron Hands|Iron Hands, L50, shiny, tera:Grass|49\/100\n|cant|p2b: Tornadus|par\n|move|p1b: Gyarados|Whirlpool|p2a: Iron Hands\n|-resisted|p2a: Iron Hands\n|-damage|p2a: Iron Hands|48\/100\n|-activate|p2a: Iron Hands|move: Whirlpool|[of] p1b: Gyarados\n|move|p1a: Wo-Chien|Ruination|p2b: Tornadus\n|-damage|p2b: Tornadus|45\/100 par\n|\n|-weather|SunnyDay|[upkeep]\n|-heal|p1b: Gyarados|25\/100|[from] item: Leftovers\n|-damage|p2b: Tornadus|32\/100 par|[from] Leech Seed|[of] p1a: Wo-Chien\n|-damage|p2a: Iron Hands|35\/100|[from] move: Whirlpool|[partiallytrapped]\n|upkeep\n|turn|8\n|\n|t:|1699921877\n|move|p1b: Gyarados|Protect|p1b: Gyarados\n|-singleturn|p1b: Gyarados|Protect\n|cant|p2b: Tornadus|par\n|move|p2a: Iron Hands|Wild Charge|p1b: Gyarados\n|-activate|p1b: Gyarados|move: Protect\n|move|p1a: Wo-Chien|Ruination|p2a: Iron Hands\n|-damage|p2a: Iron Hands|18\/100\n|\n|-weather|none\n|-heal|p1b: Gyarados|31\/100|[from] item: Leftovers\n|-damage|p2b: Tornadus|20\/100 par|[from] Leech Seed|[of] p1a: Wo-Chien\n|-damage|p2a: Iron Hands|5\/100|[from] move: Whirlpool|[partiallytrapped]\n|upkeep\n|turn|9\n|inactive|Bubbles303 has 30 seconds left.\n|\n|t:|1699921903\n|switch|p1b: Torkoal|Torkoal, L50, M|81\/100\n|-weather|SunnyDay|[from] ability: Drought|[of] p1b: Torkoal\n|move|p1a: Wo-Chien|Protect|p1a: Wo-Chien\n|-singleturn|p1a: Wo-Chien|Protect\n|move|p2b: Tornadus|Rain Dance|p2b: Tornadus\n|-weather|RainDance\n|move|p2a: Iron Hands|Wild Charge|p1b: Torkoal\n|-damage|p1b: Torkoal|55\/100\n|-damage|p2a: Iron Hands|0 fnt|[from] Recoil\n|faint|p2a: Iron Hands\n|-end|p2a: Iron Hands|Quark Drive|[silent]\n|\n|-weather|RainDance|[upkeep]\n|-damage|p2b: Tornadus|7\/100 par|[from] Leech Seed|[of] p1a: Wo-Chien\n|upkeep\n|\n|t:|1699921917\n|switch|p2a: Urshifu|Urshifu-Rapid-Strike, L50, M|76\/100 par\n|turn|10\n|\n|t:|1699921922\n|switch|p1b: Gyarados|Gyarados, L50, M|31\/100\n|-ability|p1b: Gyarados|Intimidate|boost\n|-unboost|p2a: Urshifu|atk|1\n|-unboost|p2b: Tornadus|atk|1\n|move|p2a: Urshifu|Surging Strikes|p1b: Gyarados\n|-resisted|p1b: Gyarados\n|-crit|p1b: Gyarados\n|-damage|p1b: Gyarados|20\/100\n|-resisted|p1b: Gyarados\n|-crit|p1b: Gyarados\n|-damage|p1b: Gyarados|8\/100\n|-resisted|p1b: Gyarados\n|-crit|p1b: Gyarados\n|-damage|p1b: Gyarados|0 fnt\n|faint|p1b: Gyarados\n|-hitcount|p1: Gyarados|3\n|move|p2b: Tornadus|Bleakwind Storm|p1a: Wo-Chien\n|-resisted|p1a: Wo-Chien\n|-activate|p1a: Wo-Chien|move: Substitute|[damage]\n|move|p1a: Wo-Chien|Leech Seed|p2a: Urshifu\n|-start|p2a: Urshifu|move: Leech Seed\n|\n|-weather|RainDance|[upkeep]\n|-damage|p2a: Urshifu|64\/100 par|[from] Leech Seed|[of] p1a: Wo-Chien\n|-damage|p2b: Tornadus|0 fnt|[from] Leech Seed|[of] p1a: Wo-Chien\n|faint|p2b: Tornadus\n|upkeep\n|\n|t:|1699921941\n|switch|p2b: Arcanine|Arcanine-Hisui, L50, F, shiny|100\/100\n|switch|p1b: Torkoal|Torkoal, L50, M|55\/100\n|-ability|p2b: Arcanine|Intimidate|boost\n|-immune|p1a: Wo-Chien\n|-unboost|p1b: Torkoal|atk|1\n|-weather|SunnyDay|[from] ability: Drought|[of] p1b: Torkoal\n|turn|11\n|\n|t:|1699921952\n|move|p2b: Arcanine|Extreme Speed|p1a: Wo-Chien\n|-end|p1a: Wo-Chien|Substitute\n|move|p2a: Urshifu|Surging Strikes|p1b: Torkoal\n|-supereffective|p1b: Torkoal\n|-crit|p1b: Torkoal\n|-damage|p1b: Torkoal|45\/100\n|-enditem|p1b: Torkoal|Sitrus Berry|[eat]\n|-heal|p1b: Torkoal|70\/100|[from] item: Sitrus Berry\n|-supereffective|p1b: Torkoal\n|-crit|p1b: Torkoal\n|-damage|p1b: Torkoal|60\/100\n|-supereffective|p1b: Torkoal\n|-crit|p1b: Torkoal\n|-damage|p1b: Torkoal|50\/100\n|-hitcount|p1b: Torkoal|3\n|move|p1a: Wo-Chien|Leech Seed|p2b: Arcanine\n|-start|p2b: Arcanine|move: Leech Seed\n|move|p1b: Torkoal|Yawn|p2b: Arcanine\n|-start|p2b: Arcanine|move: Yawn|[of] p1b: Torkoal\n|\n|-weather|SunnyDay|[upkeep]\n|-damage|p2b: Arcanine|88\/100|[from] Leech Seed|[of] p1a: Wo-Chien\n|-damage|p2a: Urshifu|52\/100 par|[from] Leech Seed|[of] p1a: Wo-Chien\n|upkeep\n|turn|12\n|\n|t:|1699921974\n|switch|p1b: Lilligant|Lilligant-Hisui, L50, F|100\/100\n|move|p2b: Arcanine|Extreme Speed|p1b: Lilligant\n|-damage|p1b: Lilligant|52\/100\n|move|p2a: Urshifu|Surging Strikes|p1b: Lilligant\n|-resisted|p1b: Lilligant\n|-crit|p1b: Lilligant\n|-damage|p1b: Lilligant|45\/100\n|-resisted|p1b: Lilligant\n|-crit|p1b: Lilligant\n|-damage|p1b: Lilligant|38\/100\n|-resisted|p1b: Lilligant\n|-crit|p1b: Lilligant\n|-damage|p1b: Lilligant|32\/100\n|-hitcount|p1b: Lilligant|3\n|move|p1a: Wo-Chien|Substitute|p1a: Wo-Chien\n|-start|p1a: Wo-Chien|Substitute\n|-damage|p1a: Wo-Chien|76\/100\n|\n|-weather|SunnyDay|[upkeep]\n|-damage|p2b: Arcanine|76\/100|[from] Leech Seed|[of] p1a: Wo-Chien\n|-heal|p1a: Wo-Chien|92\/100|[silent]\n|-damage|p2a: Urshifu|40\/100 par|[from] Leech Seed|[of] p1a: Wo-Chien\n|-heal|p1a: Wo-Chien|100\/100|[silent]\n|-end|p2b: Arcanine|move: Yawn|[silent]\n|-status|p2b: Arcanine|slp\n|upkeep\n|turn|13\n|-message|Bubbles303 forfeited.\n|\n|win|darrybest\n|raw|darrybest's rating: 1094 &rarr; <strong>1128<\/strong><br \/>(+34 for winning)\n|raw|Bubbles303's rating: 1201 &rarr; <strong>1169<\/strong><br \/>(-32 for losing)\n|l|\u2606Bubbles303\n","uploadtime":1699921996,"views":10,"p1id":"darrybest","p2id":"bubbles303","formatid":"gen9vgc2023regulatione","rating":1128,"private":0,"password":""}