{"id":"gen9vgc2023regulatione-1998314615","p1":"mega mega gallde","p2":"gonegeb","format":"[Gen 9] VGC 2023 Regulation E","log":"|j|\u2606mega mega gallde\n|j|\u2606gonegeb\n|t:|1700928369\n|gametype|doubles\n|player|p1|mega mega gallde|brycen|1058\n|player|p2|gonegeb|alain|1120\n|teamsize|p1|6\n|teamsize|p2|6\n|gen|9\n|tier|[Gen 9] VGC 2023 Regulation E\n|rated|\n|rule|Species Clause: Limit one of each Pok\u00e9mon\n|rule|Item Clause: Limit one of each item\n|clearpoke\n|poke|p1|Clodsire, L50, M|\n|poke|p1|Indeedee-F, L50, F|\n|poke|p1|Iron Hands, L50|\n|poke|p1|Maushold-Four, L50|\n|poke|p1|Garganacl, L50, F|\n|poke|p1|Cresselia, L50, F|\n|poke|p2|Lucario, L50, M|\n|poke|p2|Umbreon, L50, M|\n|poke|p2|Arcanine, L50, F|\n|poke|p2|Ceruledge, L50, M|\n|poke|p2|Maushold, L50|\n|poke|p2|Ursaluna-Bloodmoon, L50, M|\n|teampreview|4\n|inactive|Battle timer is ON: inactive players will automatically lose when time's up. (requested by mega mega gallde)\n|\n|t:|1700928389\n|start\n|switch|p1a: Chunky|Clodsire, L50, M, shiny|100\/100\n|switch|p1b: brock|Garganacl, L50, F|100\/100\n|switch|p2a: Bjorn|Ursaluna-Bloodmoon, L50, M|100\/100\n|switch|p2b: Howlite|Maushold, L50|100\/100\n|turn|1\n|\n|t:|1700928408\n|move|p2b: Howlite|Taunt|p1a: Chunky\n|-start|p1a: Chunky|move: Taunt\n|move|p2a: Bjorn|Hyper Voice|p1b: brock|[spread] p1a,p1b\n|-resisted|p1b: brock\n|-damage|p1a: Chunky|71\/100\n|-damage|p1b: brock|83\/100\n|-enditem|p2a: Bjorn|Throat Spray\n|-boost|p2a: Bjorn|spa|1|[from] item: Throat Spray\n|move|p1b: brock|Salt Cure|p2a: Bjorn\n|-resisted|p2a: Bjorn\n|-damage|p2a: Bjorn|95\/100\n|-start|p2a: Bjorn|Salt Cure\n|cant|p1a: Chunky|move: Taunt|Stockpile\n|\n|-heal|p1a: Chunky|77\/100|[from] item: Leftovers\n|-damage|p2a: Bjorn|83\/100|[from] Salt Cure\n|upkeep\n|turn|2\n|inactive|gonegeb has 30 seconds left.\n|\n|t:|1700928436\n|-terastallize|p2a: Bjorn|Normal\n|move|p2b: Howlite|Taunt|p1b: brock\n|-start|p1b: brock|move: Taunt\n|move|p2a: Bjorn|Hyper Voice|p1a: Chunky|[spread] p1a,p1b\n|-resisted|p1b: brock\n|-damage|p1a: Chunky|38\/100\n|-damage|p1b: brock|50\/100\n|move|p1b: brock|Salt Cure|p2b: Howlite\n|-damage|p2b: Howlite|81\/100\n|-start|p2b: Howlite|Salt Cure\n|move|p1a: Chunky|Body Press|p2b: Howlite\n|-supereffective|p2b: Howlite\n|-damage|p2b: Howlite|28\/100\n|-enditem|p2b: Howlite|Sitrus Berry|[eat]\n|-heal|p2b: Howlite|52\/100|[from] item: Sitrus Berry\n|-heal|p2b: Howlite|86\/100|[from] ability: Cheek Pouch\n|\n|-heal|p1a: Chunky|44\/100|[from] item: Leftovers\n|-damage|p2b: Howlite|73\/100|[from] Salt Cure\n|-damage|p2a: Bjorn|71\/100|[from] Salt Cure\n|upkeep\n|turn|3\n|inactive|mega mega gallde has 30 seconds left.\n|\n|t:|1700928464\n|switch|p2b: Obsidian|Ceruledge, L50, M, shiny|100\/100\n|switch|p1a: fam|Maushold-Four, L50, shiny|100\/100\n|move|p2a: Bjorn|Hyper Voice|p1a: fam|[spread] p1a,p1b\n|-resisted|p1b: brock\n|-damage|p1a: fam|26\/100\n|-damage|p1b: brock|15\/100\n|move|p1b: brock|Body Press|p2b: Obsidian\n|-immune|p2b: Obsidian\n|\n|-damage|p2a: Bjorn|59\/100|[from] Salt Cure\n|upkeep\n|turn|4\n|inactive|gonegeb has 30 seconds left.\n|\n|t:|1700928491\n|-terastallize|p1a: fam|Normal\n|move|p2a: Bjorn|Vacuum Wave|p1a: fam\n|-supereffective|p1a: fam\n|-damage|p1a: fam|0 fnt\n|faint|p1a: fam\n|move|p2b: Obsidian|Bulk Up|p2b: Obsidian\n|-boost|p2b: Obsidian|atk|1\n|-boost|p2b: Obsidian|def|1\n|move|p1b: brock|Salt Cure|p2b: Obsidian\n|-supereffective|p2b: Obsidian\n|-damage|p2b: Obsidian|80\/100\n|-start|p2b: Obsidian|Salt Cure\n|-enditem|p2b: Obsidian|Weakness Policy\n|-boost|p2b: Obsidian|atk|2|[from] item: Weakness Policy\n|-boost|p2b: Obsidian|spa|2|[from] item: Weakness Policy\n|\n|-damage|p2b: Obsidian|68\/100|[from] Salt Cure\n|-damage|p2a: Bjorn|46\/100|[from] Salt Cure\n|-end|p1b: brock|move: Taunt\n|upkeep\n|c|\u2606gonegeb|thamk you\n|\n|t:|1700928510\n|switch|p1a: Chunky|Clodsire, L50, M, shiny|44\/100\n|turn|5\n|\n|t:|1700928519\n|move|p2b: Obsidian|Bitter Blade|p1a: Chunky\n|-damage|p1a: Chunky|18\/100\n|-heal|p2b: Obsidian|85\/100|[from] drain|[of] p1a: Chunky\n|move|p2a: Bjorn|Hyper Voice|p1a: Chunky|[spread] p1a,p1b\n|-resisted|p1b: brock\n|-damage|p1a: Chunky|0 fnt\n|-damage|p1b: brock|0 fnt\n|faint|p1a: Chunky\n|faint|p1b: brock\n|\n|-damage|p2b: Obsidian|72\/100|[from] Salt Cure\n|-damage|p2a: Bjorn|34\/100|[from] Salt Cure\n|upkeep\n|-message|mega mega gallde forfeited.\n|\n|win|gonegeb\n|raw|mega mega gallde's rating: 1058 &rarr; <strong>1043<\/strong><br \/>(-15 for losing)\n|raw|gonegeb's rating: 1120 &rarr; <strong>1141<\/strong><br \/>(+21 for winning)\n|l|\u2606mega mega gallde\n","uploadtime":1700928537,"views":0,"p1id":"megamegagallde","p2id":"gonegeb","formatid":"gen9vgc2023regulatione","rating":1043,"private":0,"password":""}