{"id":"gen9vgc2023regulatione-1995672161","p1":"CEO_OF_RNG","p2":"TobiYume","format":"[Gen 9] VGC 2023 Regulation E","log":"|j|\u2606CEO_OF_RNG\n|j|\u2606TobiYume\n|n|\u2606CEO_OF_RNG|ceoofrng\n|n|\u2606TobiYume|tobiyume\n|html|View the match progress at <a href=\"\/game-bestof3-gen9vgc2023regulatione-1995668167\">game-bestof3-gen9vgc2023regulatione-1995668167<\/a>\n|t:|1700592664\n|gametype|doubles\n|player|p1|CEO_OF_RNG|lady-gen4|\n|player|p2|TobiYume|n|\n|teamsize|p1|6\n|teamsize|p2|6\n|gen|9\n|tier|[Gen 9] VGC 2023 Regulation E\n|rule|Species Clause: Limit one of each Pok\u00e9mon\n|rule|Item Clause: Limit one of each item\n|clearpoke\n|poke|p1|Samurott, L50, F|\n|poke|p1|Armarouge, L50, F|\n|poke|p1|Ogerpon-Wellspring, L50, F|\n|poke|p1|Ceruledge, L50, F|\n|poke|p1|Cresselia, L50, F|\n|poke|p1|Amoonguss, L50, F|\n|poke|p2|Kommo-o, L50, M|\n|poke|p2|Arcanine-Hisui, L50, M|\n|poke|p2|Rillaboom, L50, M|\n|poke|p2|Moltres-Galar, L50|\n|poke|p2|Ninetales-Alola, L50, F|\n|poke|p2|Sinistcha, L50|\n|teampreview|4\nCEO_OF_RNG has agreed to open team sheets.\nTobiYume has agreed to open team sheets.\n|showteam|p1|Samurott||MysticWater|ShellArmor|Surf,IceBeam,AirSlash,Protect|||F|||50|,,,,,Water]Armarouge||LifeOrb|FlashFire|ArmorCannon,ExpandingForce,TrickRoom,Protect|||F|||50|,,,,,Grass]Ogerpon-Wellspring||WellspringMask|WaterAbsorb|FollowMe,IvyCudgel,HornLeech,SpikyShield|||F|||50|,,,,,Water]Ceruledge||FocusSash|FlashFire|BitterBlade,SwordsDance,BrickBreak|||F|||50|,,,,,Grass]Cresselia||MentalHerb|Levitate|TrickRoom,LunarBlessing,CalmMind,Moonblast|||F|||50|,,,,,Steel]Amoonguss||RockyHelmet|Regenerator|ClearSmog,PollenPuff,RagePowder,Protect|||F|||50|,,,,,Grass\n|showteam|p2|Kommo-o||Leftovers|Bulletproof|IronDefense,BodyPress,IronHead,Protect|||M|||50|,,,,,Steel]Arcanine-Hisui||SafetyGoggles|Intimidate|FlareBlitz,RockSlide,ExtremeSpeed,WillOWisp|||M|||50|,,,,,Water]Rillaboom||AssaultVest|GrassySurge|FakeOut,GrassyGlide,WoodHammer,Uturn|||M|||50|,,,,,Fire]Moltres-Galar||SitrusBerry|Berserk|FieryWrath,AirSlash,NastyPlot,Protect||||||50|,,,,,Poison]Ninetales-Alola||LightClay|SnowWarning|AuroraVeil,IcyWind,Moonblast,HelpingHand|||F|||50|,,,,,Water]Sinistcha||RockyHelmet|Hospitality|MatchaGotcha,LifeDew,TrickRoom,RagePowder||||||50|,,,,,Fairy\n|\n|t:|1700592692\n|start\n|switch|p1a: Armarouge|Armarouge, L50, F|100\/100\n|switch|p1b: Cresselia|Cresselia, L50, F|100\/100\n|switch|p2a: Rillaboom|Rillaboom, L50, M|100\/100\n|switch|p2b: Arcanine|Arcanine-Hisui, L50, M|100\/100\n|-ability|p2b: Arcanine|Intimidate|boost\n|-unboost|p1a: Armarouge|atk|1\n|-unboost|p1b: Cresselia|atk|1\n|-fieldstart|move: Grassy Terrain|[from] ability: Grassy Surge|[of] p2a: Rillaboom\n|turn|1\n|\n|t:|1700592723\n|move|p1a: Armarouge|Protect|p1a: Armarouge\n|-singleturn|p1a: Armarouge|Protect\n|move|p2b: Arcanine|Rock Slide|p1a: Armarouge|[spread] p1b\n|-activate|p1a: Armarouge|move: Protect\n|-damage|p1b: Cresselia|86\/100\n|move|p2a: Rillaboom|Wood Hammer|p1a: Armarouge\n|-activate|p1a: Armarouge|move: Protect\n|move|p1b: Cresselia|Trick Room|p1b: Cresselia\n|-fieldstart|move: Trick Room|[of] p1b: Cresselia\n|\n|upkeep\n|turn|2\n|\n|t:|1700592748\n|-terastallize|p2a: Rillaboom|Fire\n|move|p1a: Armarouge|Armor Cannon|p2a: Rillaboom\n|-resisted|p2a: Rillaboom\n|-damage|p2a: Rillaboom|71\/100\n|-unboost|p1a: Armarouge|def|1\n|-unboost|p1a: Armarouge|spd|1\n|-damage|p1a: Armarouge|91\/100|[from] item: Life Orb\n|move|p1b: Cresselia|Calm Mind|p1b: Cresselia\n|-boost|p1b: Cresselia|spa|1\n|-boost|p1b: Cresselia|spd|1\n|move|p2a: Rillaboom|Wood Hammer|p1a: Armarouge\n|-resisted|p1a: Armarouge\n|-damage|p1a: Armarouge|33\/100\n|-damage|p2a: Rillaboom|54\/100|[from] Recoil\n|move|p2b: Arcanine|Rock Slide|p1b: Cresselia|[spread] p1a,p1b\n|-supereffective|p1a: Armarouge\n|-crit|p1a: Armarouge\n|-damage|p1a: Armarouge|0 fnt\n|-damage|p1b: Cresselia|71\/100\n|faint|p1a: Armarouge\n|\n|-heal|p2a: Rillaboom|60\/100|[from] Grassy Terrain\n|upkeep\n|\n|t:|1700592768\n|switch|p1a: Ogerpon|Ogerpon-Wellspring, L50, F|100\/100\n|turn|3\n|\n|t:|1700592780\n|move|p2a: Rillaboom|Grassy Glide|p1b: Cresselia\n|-damage|p1b: Cresselia|48\/100\n|move|p1b: Cresselia|Moonblast|p2b: Arcanine\n|-resisted|p2b: Arcanine\n|-damage|p2b: Arcanine|87\/100\n|move|p1a: Ogerpon|Ivy Cudgel|p2b: Arcanine|[anim] Ivy Cudgel Water\n|-supereffective|p2b: Arcanine\n|-damage|p2b: Arcanine|0 fnt\n|faint|p2b: Arcanine\n|\n|-heal|p2a: Rillaboom|66\/100|[from] Grassy Terrain\n|upkeep\n|\n|t:|1700592790\n|switch|p2b: Moltres|Moltres-Galar, L50|100\/100\n|turn|4\n|\n|t:|1700592816\n|move|p2b: Moltres|Protect|p2b: Moltres\n|-singleturn|p2b: Moltres|Protect\n|move|p1a: Ogerpon|Follow Me|p1a: Ogerpon\n|-singleturn|p1a: Ogerpon|move: Follow Me\n|move|p2a: Rillaboom|Grassy Glide|p1a: Ogerpon\n|-damage|p1a: Ogerpon|62\/100\n|move|p1b: Cresselia|Moonblast|p2b: Moltres\n|-activate|p2b: Moltres|move: Protect\n|\n|-heal|p2a: Rillaboom|71\/100|[from] Grassy Terrain\n|-heal|p1a: Ogerpon|68\/100|[from] Grassy Terrain\n|upkeep\n|turn|5\n|\n|t:|1700592835\n|switch|p2b: Sinistcha|Sinistcha, L50|100\/100\n|-heal|p2a: Rillaboom|96\/100|[from] ability: Hospitality|[of] p2b: Sinistcha\n|move|p1a: Ogerpon|Follow Me|p1a: Ogerpon\n|-singleturn|p1a: Ogerpon|move: Follow Me\n|move|p2a: Rillaboom|Grassy Glide|p1a: Ogerpon\n|-damage|p1a: Ogerpon|32\/100\n|move|p1b: Cresselia|Moonblast|p2b: Sinistcha\n|-damage|p2b: Sinistcha|79\/100\n|-unboost|p2b: Sinistcha|spa|1\n|\n|-heal|p2b: Sinistcha|85\/100|[from] Grassy Terrain\n|-heal|p2a: Rillaboom|100\/100|[from] Grassy Terrain\n|-heal|p1a: Ogerpon|38\/100|[from] Grassy Terrain\n|-fieldend|move: Trick Room\n|-fieldend|move: Grassy Terrain\n|upkeep\n|turn|6\n|\n|t:|1700592856\n|move|p1a: Ogerpon|Spiky Shield|p1a: Ogerpon\n|-singleturn|p1a: Ogerpon|move: Protect\n|move|p2a: Rillaboom|Wood Hammer|p1b: Cresselia\n|-damage|p1b: Cresselia|9\/100\n|-damage|p2a: Rillaboom|87\/100|[from] Recoil\n|move|p2b: Sinistcha|Matcha Gotcha|p1b: Cresselia|[spread] p1b\n|-activate|p1a: Ogerpon|move: Protect\n|-damage|p1b: Cresselia|3\/100\n|-heal|p2b: Sinistcha|89\/100|[from] drain|[of] p1b: Cresselia\n|move|p1b: Cresselia|Trick Room|p1b: Cresselia\n|-fieldstart|move: Trick Room|[of] p1b: Cresselia\n|\n|upkeep\n|turn|7\n|\n|t:|1700592883\n|switch|p2a: Moltres|Moltres-Galar, L50|100\/100\n|move|p1b: Cresselia|Lunar Blessing|p1b: Cresselia|[spread] p1a,p1b\n|-heal|p1a: Ogerpon|63\/100\n|-heal|p1b: Cresselia|28\/100\n|move|p1a: Ogerpon|Ivy Cudgel|p2a: Moltres|[anim] Ivy Cudgel Water\n|-damage|p2a: Moltres|55\/100\n|move|p2b: Sinistcha|Trick Room|p2b: Sinistcha\n|-fieldend|move: Trick Room\n|\n|upkeep\n|turn|8\n|\n|t:|1700592905\n|move|p1a: Ogerpon|Follow Me|p1a: Ogerpon\n|-singleturn|p1a: Ogerpon|move: Follow Me\n|move|p2a: Moltres|Fiery Wrath|p1a: Ogerpon|[spread] p1a,p1b\n|-supereffective|p1b: Cresselia\n|-damage|p1a: Ogerpon|35\/100\n|-damage|p1b: Cresselia|5\/100\n|move|p2b: Sinistcha|Life Dew|p2b: Sinistcha|[spread] p2a,p2b\n|-heal|p2a: Moltres|80\/100\n|-heal|p2b: Sinistcha|100\/100\n|cant|p1b: Cresselia|flinch\n|\n|upkeep\n|turn|9\n|\n|t:|1700592938\n|switch|p1b: Amoonguss|Amoonguss, L50, F|100\/100\n|move|p2a: Moltres|Fiery Wrath|p1b: Amoonguss|[spread] p1a,p1b\n|-damage|p1a: Ogerpon|8\/100\n|-damage|p1b: Amoonguss|78\/100\n|move|p1a: Ogerpon|Ivy Cudgel|p2a: Moltres|[anim] Ivy Cudgel Water\n|-damage|p2a: Moltres|33\/100\n|-ability|p2a: Moltres|Berserk|boost\n|-boost|p2a: Moltres|spa|1\n|-enditem|p2a: Moltres|Sitrus Berry|[eat]\n|-heal|p2a: Moltres|58\/100|[from] item: Sitrus Berry\n|move|p2b: Sinistcha|Life Dew||[still]|[spread] p2a,p2b\n|-heal|p2a: Moltres|83\/100\n|-fail|p2b: Sinistcha|heal\n|\n|upkeep\n|turn|10\n|\n|t:|1700592957\n|move|p1a: Ogerpon|Follow Me|p1a: Ogerpon\n|-singleturn|p1a: Ogerpon|move: Follow Me\n|move|p2a: Moltres|Air Slash|p1a: Ogerpon\n|-supereffective|p1a: Ogerpon\n|-damage|p1a: Ogerpon|0 fnt\n|faint|p1a: Ogerpon\n|move|p2b: Sinistcha|Matcha Gotcha|p1b: Amoonguss\n|-resisted|p1b: Amoonguss\n|-damage|p1b: Amoonguss|74\/100\n|move|p1b: Amoonguss|Clear Smog|p2a: Moltres\n|-damage|p2a: Moltres|71\/100\n|-clearboost|p2a: Moltres\n|\n|upkeep\n|\n|t:|1700592970\n|switch|p1a: Cresselia|Cresselia, L50, F|5\/100\n|turn|11\n|\n|t:|1700593002\n|switch|p2b: Rillaboom|Rillaboom, L50, M, tera:Fire|87\/100\n|-fieldstart|move: Grassy Terrain|[from] ability: Grassy Surge|[of] p2b: Rillaboom\n|-terastallize|p1a: Cresselia|Steel\n|move|p1b: Amoonguss|Rage Powder|p1b: Amoonguss\n|-singleturn|p1b: Amoonguss|move: Rage Powder\n|move|p2a: Moltres|Fiery Wrath|p1a: Cresselia|[spread] p1a,p1b\n|-damage|p1a: Cresselia|0 fnt\n|-damage|p1b: Amoonguss|50\/100\n|faint|p1a: Cresselia\n|\n|-heal|p2b: Rillaboom|93\/100|[from] Grassy Terrain\n|-heal|p1b: Amoonguss|56\/100|[from] Grassy Terrain\n|upkeep\n|turn|12\n|\n|t:|1700593020\n|move|p2a: Moltres|Air Slash|p1b: Amoonguss\n|-supereffective|p1b: Amoonguss\n|-damage|p1b: Amoonguss|1\/100\n|move|p2b: Rillaboom|Wood Hammer|p1b: Amoonguss\n|-resisted|p1b: Amoonguss\n|-damage|p1b: Amoonguss|0 fnt\n|-damage|p2b: Rillaboom|76\/100|[from] item: Rocky Helmet|[of] p1b: Amoonguss\n|faint|p1b: Amoonguss\n|-damage|p2b: Rillaboom|76\/100|[from] Recoil\n|\n|win|TobiYume\n|c|&|\/uhtml prompt-ceoofrng,CEO_OF_RNG is ready for game 3!\n|c|&|\/uhtml prompt-tobiyume,TobiYume is ready for game 3!\nBoth players are ready! Starting next match!\n|l|\u2606CEO_OF_RNG\n","uploadtime":1700593266,"views":0,"p1id":"ceoofrng","p2id":"tobiyume","formatid":"gen9vgc2023regulatione","rating":0,"private":0,"password":""}