{"id":"gen9vgc2023regulatione-1988355302","p1":"Onassi267","p2":"the_indecisive","format":"[Gen 9] VGC 2023 Regulation E","log":"|j|\u2606Onassi267\n|j|\u2606the_indecisive\n|t:|1699713135\n|gametype|doubles\n|player|p1|Onassi267|lance|1340\n|player|p2|the_indecisive|1|1248\n|teamsize|p1|6\n|teamsize|p2|6\n|gen|9\n|tier|[Gen 9] VGC 2023 Regulation E\n|rated|\n|rule|Species Clause: Limit one of each Pok\u00e9mon\n|rule|Item Clause: Limit one of each item\n|clearpoke\n|poke|p1|Zoroark-Hisui, L50, F|\n|poke|p1|Kingambit, L50, F|\n|poke|p1|Tornadus, L50, M|\n|poke|p1|Urshifu-*, L50, F|\n|poke|p1|Gholdengo, L50|\n|poke|p1|Ogerpon-Wellspring, L50, F|\n|poke|p2|Weezing, L50, F|\n|poke|p2|Roaring Moon, L50|\n|poke|p2|Gothitelle, L50, M|\n|poke|p2|Iron Hands, L50|\n|poke|p2|Flutter Mane, L50|\n|poke|p2|Rillaboom, L50, F|\n|teampreview|4\n|inactive|Battle timer is ON: inactive players will automatically lose when time's up. (requested by Onassi267)\n|\n|t:|1699713189\n|start\n|switch|p1a: Ogerpon|Ogerpon-Wellspring, L50, F|100\/100\n|switch|p1b: Gholdengo|Gholdengo, L50|100\/100\n|switch|p2a: Roaring Moon|Roaring Moon, L50|100\/100\n|switch|p2b: Weezing|Weezing, L50, F|100\/100\n|-ability|p2b: Weezing|Neutralizing Gas\n|-enditem|p2a: Roaring Moon|Booster Energy\n|-activate|p2a: Roaring Moon|ability: Protosynthesis|[fromitem]\n|-start|p2a: Roaring Moon|protosynthesisspe\n|turn|1\n|inactive|the_indecisive has 30 seconds left.\n|\n|t:|1699713221\n|move|p1a: Ogerpon|Follow Me|p1a: Ogerpon\n|-singleturn|p1a: Ogerpon|move: Follow Me\n|move|p2a: Roaring Moon|Tailwind|p2a: Roaring Moon\n|-sidestart|p2: the_indecisive|move: Tailwind\n|move|p2b: Weezing|Will-O-Wisp|p1a: Ogerpon\n|-status|p1a: Ogerpon|brn\n|move|p1b: Gholdengo|Nasty Plot|p1b: Gholdengo\n|-boost|p1b: Gholdengo|spa|2\n|\n|-damage|p1a: Ogerpon|95\/100 brn|[from] brn\n|upkeep\n|turn|2\n|inactive|the_indecisive has 30 seconds left.\n|inactive|the_indecisive has 20 seconds left.\n|inactive|the_indecisive has 15 seconds left.\n|inactive|the_indecisive has 10 seconds left.\n|\n|t:|1699713266\n|-end|p2a: Roaring Moon|Protosynthesis|[silent]\n|switch|p2a: Iron Hands|Iron Hands, L50|100\/100\n|move|p1a: Ogerpon|Follow Me|p1a: Ogerpon\n|-singleturn|p1a: Ogerpon|move: Follow Me\n|move|p2b: Weezing|Taunt|p1a: Ogerpon\n|-start|p1a: Ogerpon|move: Taunt\n|move|p1b: Gholdengo|Nasty Plot|p1b: Gholdengo\n|-boost|p1b: Gholdengo|spa|2\n|\n|-damage|p1a: Ogerpon|89\/100 brn|[from] brn\n|upkeep\n|turn|3\n|inactive|Onassi267 has 30 seconds left.\n|inactive|the_indecisive has 30 seconds left.\n|inactive|the_indecisive has 20 seconds left.\n|\n|t:|1699713305\n|move|p2b: Weezing|Protect|p2b: Weezing\n|-singleturn|p2b: Weezing|Protect\n|move|p2a: Iron Hands|Thunder Punch|p1a: Ogerpon\n|-damage|p1a: Ogerpon|43\/100 brn\n|-damage|p2a: Iron Hands|91\/100|[from] item: Life Orb\n|move|p1a: Ogerpon|Ivy Cudgel|p2a: Iron Hands\n|-damage|p2a: Iron Hands|75\/100\n|move|p1b: Gholdengo|Make It Rain|p2b: Weezing|[spread] p2a\n|-activate|p2b: Weezing|move: Protect\n|-resisted|p2a: Iron Hands\n|-damage|p2a: Iron Hands|0 fnt\n|-unboost|p1b: Gholdengo|spa|1\n|faint|p2a: Iron Hands\n|-end|p2a: Iron Hands|Quark Drive|[silent]\n|\n|-damage|p1a: Ogerpon|37\/100 brn|[from] brn\n|upkeep\n|\n|t:|1699713319\n|switch|p2a: Roaring Moon|Roaring Moon, L50|100\/100\n|turn|4\n|inactive|the_indecisive has 30 seconds left.\n|\n|t:|1699713346\n|-terastallize|p1b: Gholdengo|Fairy\n|move|p2a: Roaring Moon|Knock Off|p1b: Gholdengo\n|-resisted|p1b: Gholdengo\n|-damage|p1b: Gholdengo|74\/100\n|-enditem|p1b: Gholdengo|Metal Coat|[from] move: Knock Off|[of] p2a: Roaring Moon\n|move|p2b: Weezing|Clear Smog|p1a: Ogerpon\n|-supereffective|p1a: Ogerpon\n|-damage|p1a: Ogerpon|5\/100 brn\n|-clearboost|p1a: Ogerpon\n|move|p1a: Ogerpon|Ivy Cudgel|p2b: Weezing\n|-damage|p2b: Weezing|80\/100\n|move|p1b: Gholdengo|Make It Rain|p2b: Weezing|[spread] p2a,p2b\n|-damage|p2a: Roaring Moon|0 fnt\n|-damage|p2b: Weezing|0 fnt\n|-unboost|p1b: Gholdengo|spa|1\n|faint|p2a: Roaring Moon\n|-end|p2a: Roaring Moon|Protosynthesis|[silent]\n|faint|p2b: Weezing\n|-end|p2b: Weezing|ability: Neutralizing Gas\n|\n|-damage|p1a: Ogerpon|0 fnt|[from] brn\n|faint|p1a: Ogerpon\n|-sideend|p2: the_indecisive|move: Tailwind\n|upkeep\n|\n|t:|1699713361\n|switch|p1a: Tornadus|Tornadus, L50, M|100\/100\n|switch|p2b: Flutter Mane|Flutter Mane, L50|100\/100\n|turn|5\n|\n|t:|1699713373\n|move|p1a: Tornadus|Tailwind|p1a: Tornadus\n|-sidestart|p1: Onassi267|move: Tailwind\n|move|p1b: Gholdengo|Make It Rain|p2b: Flutter Mane\n|-supereffective|p2b: Flutter Mane\n|-damage|p2b: Flutter Mane|0 fnt\n|-unboost|p1b: Gholdengo|spa|1\n|faint|p2b: Flutter Mane\n|-end|p2b: Flutter Mane|Protosynthesis|[silent]\n|\n|win|Onassi267\n|raw|Onassi267's rating: 1340 &rarr; <strong>1355<\/strong><br \/>(+15 for winning)\n|raw|the_indecisive's rating: 1248 &rarr; <strong>1229<\/strong><br \/>(-19 for losing)\n|l|\u2606the_indecisive\n","uploadtime":1699713391,"views":25,"p1id":"onassi267","p2id":"theindecisive","formatid":"gen9vgc2023regulatione","rating":1229,"private":0,"password":""}