{"id":"gen9vgc2023regulatione-1994781595","p1":"NiceSimplicity","p2":"JaySwifty25","format":"[Gen 9] VGC 2023 Regulation E","log":"|j|\u2606NiceSimplicity\n|j|\u2606JaySwifty25\n|t:|1700492175\n|gametype|doubles\n|player|p1|NiceSimplicity|170|1153\n|player|p2|JaySwifty25|hilda-wonderlauncher|1127\n|teamsize|p1|6\n|teamsize|p2|6\n|gen|9\n|tier|[Gen 9] VGC 2023 Regulation E\n|rated|\n|rule|Species Clause: Limit one of each Pok\u00e9mon\n|rule|Item Clause: Limit one of each item\n|clearpoke\n|poke|p1|Annihilape, L50, M|\n|poke|p1|Dragapult, L50, M|\n|poke|p1|Clefable, L50, F|\n|poke|p1|Tornadus, L50, M|\n|poke|p1|Volcarona, L50, M|\n|poke|p1|Sableye, L50, F|\n|poke|p2|Tornadus, L50, M|\n|poke|p2|Ogerpon-Wellspring, L50, F|\n|poke|p2|Urshifu-*, L50, M|\n|poke|p2|Tatsugiri, L50, F|\n|poke|p2|Dondozo, L50, M|\n|poke|p2|Regieleki, L50|\n|teampreview|4\n|\n|t:|1700492211\n|start\n|switch|p1a: Clefable|Clefable, L50, F|100\/100\n|switch|p1b: Volcarona|Volcarona, L50, M|100\/100\n|switch|p2a: Tornadus|Tornadus, L50, M|100\/100\n|switch|p2b: Urshifu|Urshifu-Rapid-Strike, L50, M|100\/100\n|turn|1\n|\n|t:|1700492254\n|-terastallize|p1b: Volcarona|Grass\n|move|p1a: Clefable|Follow Me|p1a: Clefable\n|-singleturn|p1a: Clefable|move: Follow Me\n|move|p2a: Tornadus|Tailwind|p2a: Tornadus\n|-sidestart|p2: JaySwifty25|move: Tailwind\n|move|p2b: Urshifu|Surging Strikes|p1a: Clefable\n|-crit|p1a: Clefable\n|-damage|p1a: Clefable|83\/100\n|-crit|p1a: Clefable\n|-damage|p1a: Clefable|64\/100\n|-crit|p1a: Clefable\n|-damage|p1a: Clefable|45\/100\n|-hitcount|p1a: Clefable|3\n|move|p1b: Volcarona|Quiver Dance|p1b: Volcarona\n|-boost|p1b: Volcarona|spa|1\n|-boost|p1b: Volcarona|spd|1\n|-boost|p1b: Volcarona|spe|1\n|\n|-heal|p1a: Clefable|50\/100|[from] item: Leftovers\n|upkeep\n|turn|2\n|\n|t:|1700492289\n|move|p1a: Clefable|Follow Me|p1a: Clefable\n|-singleturn|p1a: Clefable|move: Follow Me\n|move|p2a: Tornadus|Rain Dance|p2a: Tornadus\n|-weather|RainDance\n|move|p2b: Urshifu|Surging Strikes|p1a: Clefable\n|-crit|p1a: Clefable\n|-damage|p1a: Clefable|23\/100\n|-crit|p1a: Clefable\n|-damage|p1a: Clefable|0 fnt\n|faint|p1a: Clefable\n|-hitcount|p1: Clefable|2\n|move|p1b: Volcarona|Giga Drain|p2b: Urshifu\n|-supereffective|p2b: Urshifu\n|-damage|p2b: Urshifu|0 fnt\n|faint|p2b: Urshifu\n|-damage|p1b: Volcarona|91\/100|[from] item: Life Orb\n|\n|-weather|RainDance|[upkeep]\n|upkeep\n|\n|t:|1700492308\n|switch|p2b: Dondozo|Dondozo, L50, M|100\/100\n|switch|p1a: Sableye|Sableye, L50, F|100\/100\n|turn|3\n|\n|t:|1700492334\n|move|p2b: Dondozo|Protect|p2b: Dondozo\n|-singleturn|p2b: Dondozo|Protect\n|move|p1a: Sableye|Encore|p2a: Tornadus\n|-start|p2a: Tornadus|Encore\n|-enditem|p2a: Tornadus|Mental Herb\n|-end|p2a: Tornadus|Encore\n|move|p2a: Tornadus|Bleakwind Storm|p1a: Sableye|[spread] p1a,p1b\n|-supereffective|p1b: Volcarona\n|-damage|p1a: Sableye|62\/100\n|-damage|p1b: Volcarona|49\/100\n|-unboost|p1a: Sableye|spe|1\n|move|p1b: Volcarona|Giga Drain|p2b: Dondozo\n|-activate|p2b: Dondozo|move: Protect\n|\n|-weather|RainDance|[upkeep]\n|upkeep\n|turn|4\n|\n|t:|1700492377\n|-terastallize|p2b: Dondozo|Grass\n|move|p1a: Sableye|Light Screen|p1a: Sableye\n|-sidestart|p1: NiceSimplicity|move: Light Screen\n|move|p2a: Tornadus|Bleakwind Storm|p1b: Volcarona|[spread] p1a,p1b\n|-supereffective|p1b: Volcarona\n|-damage|p1a: Sableye|34\/100\n|-damage|p1b: Volcarona|23\/100\n|move|p1b: Volcarona|Giga Drain|p2b: Dondozo\n|-resisted|p2b: Dondozo\n|-damage|p2b: Dondozo|76\/100\n|-heal|p1b: Volcarona|41\/100|[from] drain|[of] p2b: Dondozo\n|-damage|p1b: Volcarona|32\/100|[from] item: Life Orb\n|move|p2b: Dondozo|Earthquake|p1a: Sableye|[spread] p1a,p1b\n|-immune|p2a: Tornadus\n|-resisted|p1b: Volcarona\n|-crit|p1b: Volcarona\n|-damage|p1a: Sableye|13\/100\n|-damage|p1b: Volcarona|18\/100\n|\n|-weather|RainDance|[upkeep]\n|-heal|p2b: Dondozo|82\/100|[from] item: Leftovers\n|-sideend|p2: JaySwifty25|move: Tailwind\n|upkeep\n|turn|5\n|\n|t:|1700492423\n|switch|p1a: Tornadus|Tornadus, L50, M|100\/100\n|move|p2b: Dondozo|Protect|p2b: Dondozo\n|-singleturn|p2b: Dondozo|Protect\n|move|p1b: Volcarona|Heat Wave|p2b: Dondozo|[spread] p2a\n|-activate|p2b: Dondozo|move: Protect\n|-damage|p2a: Tornadus|73\/100\n|-damage|p1b: Volcarona|8\/100|[from] item: Life Orb\n|move|p2a: Tornadus|Bleakwind Storm|p1a: Tornadus|[spread] p1a,p1b\n|-crit|p1a: Tornadus\n|-supereffective|p1b: Volcarona\n|-damage|p1a: Tornadus|48\/100\n|-damage|p1b: Volcarona|0 fnt\n|faint|p1b: Volcarona\n|\n|-weather|RainDance|[upkeep]\n|-heal|p2b: Dondozo|88\/100|[from] item: Leftovers\n|upkeep\n|\n|t:|1700492441\n|switch|p1b: Sableye|Sableye, L50, F|13\/100\n|turn|6\n|\n|t:|1700492458\n|move|p1b: Sableye|Encore|p2b: Dondozo\n|-start|p2b: Dondozo|Encore\n|move|p2a: Tornadus|Bleakwind Storm|p1a: Tornadus|[spread] p1a,p1b\n|-damage|p1a: Tornadus|25\/100\n|-damage|p1b: Sableye|0 fnt\n|faint|p1b: Sableye\n|move|p1a: Tornadus|Bleakwind Storm|p2b: Dondozo|[spread] p2a,p2b\n|-supereffective|p2b: Dondozo\n|-crit|p2b: Dondozo\n|-damage|p2a: Tornadus|41\/100\n|-damage|p2b: Dondozo|0 fnt\n|faint|p2b: Dondozo\n|\n|-weather|none\n|upkeep\n|\n|t:|1700492465\n|switch|p2b: Tatsugiri|Tatsugiri, L50, F|100\/100\n|turn|7\n|\n|t:|1700492476\n|move|p2b: Tatsugiri|Icy Wind|p1a: Tornadus\n|-supereffective|p1a: Tornadus\n|-damage|p1a: Tornadus|0 fnt\n|faint|p1a: Tornadus\n|\n|win|JaySwifty25\n|raw|NiceSimplicity's rating: 1153 &rarr; <strong>1128<\/strong><br \/>(-25 for losing)\n|raw|JaySwifty25's rating: 1150 &rarr; <strong>1175<\/strong><br \/>(+25 for winning)\n|c|\u2606NiceSimplicity|gg\n|c|\u2606JaySwifty25|gg\n|l|\u2606NiceSimplicity\n","uploadtime":1700492489,"views":2,"p1id":"nicesimplicity","p2id":"jayswifty25","formatid":"gen9vgc2023regulatione","rating":1128,"private":0,"password":""}