{"id":"gen9vgc2023regulatione-1998516236","p1":"huntchaser","p2":"PotatomonPlayz","format":"[Gen 9] VGC 2023 Regulation E","log":"|j|\u2606huntchaser\n|j|\u2606PotatomonPlayz\n|t:|1700951197\n|gametype|doubles\n|player|p1|huntchaser|atticus|1041\n|player|p2|PotatomonPlayz|dawn|1055\n|teamsize|p1|6\n|teamsize|p2|6\n|gen|9\n|tier|[Gen 9] VGC 2023 Regulation E\n|rated|\n|rule|Species Clause: Limit one of each Pok\u00e9mon\n|rule|Item Clause: Limit one of each item\n|clearpoke\n|poke|p1|Raichu-Alola, L50, M|\n|poke|p1|Pincurchin, L50, F|\n|poke|p1|Iron Treads, L50|\n|poke|p1|Tauros-Paldea-Blaze, L50, M|\n|poke|p1|Ogerpon-Wellspring, L50, F|\n|poke|p1|Gholdengo, L50|\n|poke|p2|Moltres-Galar, L50|\n|poke|p2|Landorus-Therian, L50, M|\n|poke|p2|Flutter Mane, L50|\n|poke|p2|Chi-Yu, L50|\n|poke|p2|Urshifu-*, L50, F|\n|poke|p2|Tornadus, L50, M|\n|teampreview|4\n|inactive|Battle timer is ON: inactive players will automatically lose when time's up. (requested by huntchaser)\n|\n|t:|1700951216\n|start\n|switch|p1a: Pincurchin|Pincurchin, L50, F|100\/100\n|switch|p1b: Raichu|Raichu-Alola, L50, M|100\/100\n|switch|p2a: Moltres|Moltres-Galar, L50|100\/100\n|switch|p2b: Flutter Mane|Flutter Mane, L50|100\/100\n|-fieldstart|move: Electric Terrain|[from] ability: Electric Surge|[of] p1a: Pincurchin\n|-enditem|p2b: Flutter Mane|Booster Energy\n|-activate|p2b: Flutter Mane|ability: Protosynthesis|[fromitem]\n|-start|p2b: Flutter Mane|protosynthesisspe\n|turn|1\n|c|\u2606huntchaser|glhf\n|c|\u2606PotatomonPlayz|you too\n|\n|t:|1700951241\n|-terastallize|p2a: Moltres|Dark\n|move|p1b: Raichu|Protect|p1b: Raichu\n|-singleturn|p1b: Raichu|Protect\n|move|p2b: Flutter Mane|Shadow Ball|p1b: Raichu\n|-activate|p1b: Raichu|move: Protect\n|move|p2a: Moltres|Nasty Plot|p2a: Moltres\n|-boost|p2a: Moltres|spa|2\n|move|p1a: Pincurchin|Thunder Wave|p2a: Moltres\n|-status|p2a: Moltres|par\n|\n|upkeep\n|turn|2\n|\n|t:|1700951264\n|-terastallize|p1b: Raichu|Poison\n|move|p2b: Flutter Mane|Protect|p2b: Flutter Mane\n|-singleturn|p2b: Flutter Mane|Protect\n|move|p1b: Raichu|Thunderbolt|p2a: Moltres\n|-damage|p2a: Moltres|61\/100 par\n|cant|p2a: Moltres|par\n|move|p1a: Pincurchin|Toxic Spikes|p2a: Moltres\n|-sidestart|p2: PotatomonPlayz|move: Toxic Spikes\n|\n|upkeep\n|turn|3\n|\n|t:|1700951283\n|move|p1a: Pincurchin|Sucker Punch|p2b: Flutter Mane\n|-damage|p2b: Flutter Mane|65\/100\n|move|p1b: Raichu|Thunderbolt|p2a: Moltres\n|-crit|p2a: Moltres\n|-damage|p2a: Moltres|0 fnt\n|faint|p2a: Moltres\n|move|p2b: Flutter Mane|Icy Wind|p1b: Raichu|[spread] p1a,p1b\n|-damage|p1a: Pincurchin|84\/100\n|-damage|p1b: Raichu|77\/100\n|-unboost|p1a: Pincurchin|spe|1\n|-unboost|p1b: Raichu|spe|1\n|\n|upkeep\n|\n|t:|1700951299\n|switch|p2a: Urshifu|Urshifu-Rapid-Strike, L50, F|100\/100\n|-status|p2a: Urshifu|psn\n|turn|4\n|\n|t:|1700951320\n|move|p2b: Flutter Mane|Shadow Ball|p1b: Raichu\n|-damage|p1b: Raichu|14\/100\n|-enditem|p1b: Raichu|Sitrus Berry|[eat]\n|-heal|p1b: Raichu|38\/100|[from] item: Sitrus Berry\n|move|p1b: Raichu|Psychic|p2a: Urshifu\n|-supereffective|p2a: Urshifu\n|-damage|p2a: Urshifu|0 fnt\n|faint|p2a: Urshifu\n|move|p1a: Pincurchin|Thunder Wave|p2b: Flutter Mane\n|-status|p2b: Flutter Mane|par\n|\n|upkeep\n|\n|t:|1700951333\n|switch|p2a: Tornadus|Tornadus, L50, M|100\/100\n|turn|5\n|-message|PotatomonPlayz forfeited.\n|\n|win|huntchaser\n|raw|huntchaser's rating: 1041 &rarr; <strong>1076<\/strong><br \/>(+35 for winning)\n|raw|PotatomonPlayz's rating: 1055 &rarr; <strong>1036<\/strong><br \/>(-19 for losing)\n|l|\u2606PotatomonPlayz\n|c|\u2606huntchaser|gg\n","uploadtime":1700951344,"views":2,"p1id":"huntchaser","p2id":"potatomonplayz","formatid":"gen9vgc2023regulatione","rating":1036,"private":0,"password":""}