{"id":"gen9vgc2023regulatione-1988609359","p1":"wugtrio lover","p2":"tsfynadamas","format":"[Gen 9] VGC 2023 Regulation E","log":"|j|\u2606wugtrio lover\n|j|\u2606tsfynadamas\n|t:|1699741573\n|gametype|doubles\n|player|p1|wugtrio lover|unknownf|1060\n|player|p2|tsfynadamas|102|1057\n|teamsize|p1|6\n|teamsize|p2|6\n|gen|9\n|tier|[Gen 9] VGC 2023 Regulation E\n|rated|\n|rule|Species Clause: Limit one of each Pok\u00e9mon\n|rule|Item Clause: Limit one of each item\n|clearpoke\n|poke|p1|Medicham, L50, M|\n|poke|p1|Wugtrio, L50, M|\n|poke|p1|Tyranitar, L50, F|\n|poke|p1|Poliwrath, L50, M|\n|poke|p1|Overqwil, L50, F|\n|poke|p1|Sinistcha-Masterpiece, L50|\n|poke|p2|Delphox, L50, M|\n|poke|p2|Milotic, L50, M|\n|poke|p2|Wo-Chien, L50|\n|poke|p2|Hawlucha, L50, F|\n|poke|p2|Weezing-Galar, L50, M|\n|poke|p2|Salamence, L50, F|\n|teampreview|4\n|c|\u2606tsfynadamas|GL F\n|c|\u2606tsfynadamas|HF*\n|inactive|Battle timer is ON: inactive players will automatically lose when time's up. (requested by tsfynadamas)\n|\n|t:|1699741602\n|start\n|switch|p1a: Tyranitar|Tyranitar, L50, F|100\/100\n|switch|p1b: Poliwrath|Poliwrath, L50, M|100\/100\n|switch|p2a: Hawlucha|Hawlucha, L50, F|100\/100\n|switch|p2b: Weezing|Weezing-Galar, L50, M|100\/100\n|-fieldstart|move: Misty Terrain|[from] ability: Misty Surge|[of] p2b: Weezing\n|-enditem|p2a: Hawlucha|Misty Seed\n|-boost|p2a: Hawlucha|spd|1|[from] item: Misty Seed\n|-weather|Sandstorm|[from] ability: Sand Stream|[of] p1a: Tyranitar\n|turn|1\n|\n|t:|1699741626\n|-terastallize|p1a: Tyranitar|Fairy\n|move|p2a: Hawlucha|Swords Dance|p2a: Hawlucha\n|-boost|p2a: Hawlucha|atk|2\n|move|p1b: Poliwrath|Belly Drum|p1b: Poliwrath\n|-damage|p1b: Poliwrath|51\/100\n|-setboost|p1b: Poliwrath|atk|6|[from] move: Belly Drum\n|move|p2b: Weezing|Thunderbolt|p1b: Poliwrath\n|-supereffective|p1b: Poliwrath\n|-damage|p1b: Poliwrath|14\/100\n|move|p1a: Tyranitar|Tera Blast|p2a: Hawlucha|[anim] Tera Blast Fairy\n|-supereffective|p2a: Hawlucha\n|-damage|p2a: Hawlucha|0 fnt\n|faint|p2a: Hawlucha\n|\n|-weather|Sandstorm|[upkeep]\n|-damage|p1b: Poliwrath|8\/100|[from] Sandstorm\n|-damage|p2b: Weezing|95\/100|[from] Sandstorm\n|-damage|p1a: Tyranitar|95\/100|[from] Sandstorm\n|upkeep\n|\n|t:|1699741647\n|switch|p2a: Delphox|Delphox, L50, M|100\/100\n|turn|2\n|\n|t:|1699741663\n|-terastallize|p2a: Delphox|Ghost\n|move|p2a: Delphox|Will-O-Wisp|p1a: Tyranitar\n|-activate|p1a: Tyranitar|move: Misty Terrain\n|move|p1b: Poliwrath|Baton Pass|p1b: Poliwrath\n|\n|t:|1699741668\n|switch|p1b: Wugtrio|Wugtrio, L50, M|100\/100|[from] Baton Pass\n|move|p2b: Weezing|Thunderbolt|p1a: Tyranitar\n|-damage|p1a: Tyranitar|84\/100\n|move|p1a: Tyranitar|Knock Off|p2a: Delphox\n|-supereffective|p2a: Delphox\n|-damage|p2a: Delphox|0 fnt\n|-enditem|p2a: Delphox|Aguav Berry|[from] move: Knock Off|[of] p1a: Tyranitar\n|faint|p2a: Delphox\n|\n|-weather|Sandstorm|[upkeep]\n|-damage|p2b: Weezing|89\/100|[from] Sandstorm\n|-damage|p1a: Tyranitar|78\/100|[from] Sandstorm\n|upkeep\n|\n|t:|1699741675\n|switch|p2a: Wo-Chien|Wo-Chien, L50|100\/100\n|-ability|p2a: Wo-Chien|Tablets of Ruin\n|turn|3\n|\n|t:|1699741695\n|switch|p1a: Medicham|Medicham, L50, M|100\/100\n|move|p2a: Wo-Chien|Protect|p2a: Wo-Chien\n|-singleturn|p2a: Wo-Chien|Protect\n|move|p1b: Wugtrio|Stomping Tantrum|p2b: Weezing\n|-supereffective|p2b: Weezing\n|-damage|p2b: Weezing|0 fnt\n|faint|p2b: Weezing\n|\n|-weather|Sandstorm|[upkeep]\n|-damage|p1a: Medicham|95\/100|[from] Sandstorm\n|-damage|p2a: Wo-Chien|94\/100|[from] Sandstorm\n|upkeep\n|turn|4\n|c|\u2606tsfynadamas|GGWP\n|\n|t:|1699741709\n|move|p1b: Wugtrio|Substitute|p1b: Wugtrio\n|-start|p1b: Wugtrio|Substitute\n|-damage|p1b: Wugtrio|76\/100\n|move|p1a: Medicham|Skill Swap|p1b: Wugtrio\n|-activate|p1a: Medicham|move: Skill Swap|||[of] p1b: Wugtrio\n|move|p2a: Wo-Chien|Ruination|p1b: Wugtrio\n|-end|p1b: Wugtrio|Substitute\n|\n|-weather|Sandstorm|[upkeep]\n|-damage|p1b: Wugtrio|70\/100|[from] Sandstorm\n|-damage|p2a: Wo-Chien|88\/100|[from] Sandstorm\n|upkeep\n|turn|5\n|inactive|wugtrio lover has 30 seconds left.\n|inactive|wugtrio lover has 20 seconds left.\n|inactive|wugtrio lover has 15 seconds left.\n|\n|t:|1699741750\n|move|p1b: Wugtrio|Triple Dive|p2a: Wo-Chien\n|-resisted|p2a: Wo-Chien\n|-damage|p2a: Wo-Chien|57\/100\n|-resisted|p2a: Wo-Chien\n|-damage|p2a: Wo-Chien|21\/100\n|-resisted|p2a: Wo-Chien\n|-damage|p2a: Wo-Chien|0 fnt\n|faint|p2a: Wo-Chien\n|-hitcount|p2: Wo-Chien|3\n|\n|win|wugtrio lover\n|raw|wugtrio lover's rating: 1060 &rarr; <strong>1091<\/strong><br \/>(+31 for winning)\n|raw|tsfynadamas's rating: 1057 &rarr; <strong>1039<\/strong><br \/>(-18 for losing)\n|l|\u2606tsfynadamas\n","uploadtime":1699741759,"views":33,"p1id":"wugtriolover","p2id":"tsfynadamas","formatid":"gen9vgc2023regulatione","rating":1039,"private":0,"password":""}