{"id":"gen9vgc2023regulatione-1992917803","p1":"Icewolf35","p2":"whykeyVGC","format":"[Gen 9] VGC 2023 Regulation E","log":"|j|\u2606Icewolf35\n|j|\u2606whykeyVGC\n|t:|1700246692\n|gametype|doubles\n|player|p1|Icewolf35|1|1323\n|player|p2|whykeyVGC|265|1294\n|teamsize|p1|6\n|teamsize|p2|6\n|gen|9\n|tier|[Gen 9] VGC 2023 Regulation E\n|rated|\n|rule|Species Clause: Limit one of each Pok\u00e9mon\n|rule|Item Clause: Limit one of each item\n|clearpoke\n|poke|p1|Flutter Mane, L50|\n|poke|p1|Chien-Pao, L50|\n|poke|p1|Iron Hands, L50|\n|poke|p1|Tornadus, L50, M|\n|poke|p1|Ogerpon-Wellspring, L50, F|\n|poke|p1|Arcanine-Hisui, L50, M|\n|poke|p2|Landorus-Therian, L50, M|\n|poke|p2|Ogerpon-Wellspring, L50, F|\n|poke|p2|Kingambit, L50, F|\n|poke|p2|Flutter Mane, L50|\n|poke|p2|Heatran, L50, M|\n|poke|p2|Iron Hands, L50|\n|teampreview|4\nwhykeyVGC has agreed to open team sheets.\n|inactive|Battle timer is ON: inactive players will automatically lose when time's up. (requested by whykeyVGC)\n|\n|t:|1700246727\n|start\n|switch|p1a: Arcanine|Arcanine-Hisui, L50, M|100\/100\n|switch|p1b: Tornadus|Tornadus, L50, M|100\/100\n|switch|p2a: Ogerpon|Ogerpon-Wellspring, L50, F|100\/100\n|switch|p2b: Landorus|Landorus-Therian, L50, M|100\/100\n|-ability|p2b: Landorus|Intimidate|boost\n|-unboost|p1a: Arcanine|atk|1\n|-unboost|p1b: Tornadus|atk|1\n|-ability|p1a: Arcanine|Intimidate|boost\n|-unboost|p2a: Ogerpon|atk|1\n|-unboost|p2b: Landorus|atk|1\n|turn|1\n|inactive|Icewolf35 has 30 seconds left.\n|\n|t:|1700246760\n|switch|p1a: Ogerpon|Ogerpon-Wellspring, L50, F|100\/100\n|move|p2b: Landorus|Rock Slide|p1b: Tornadus|[spread] p1a,p1b\n|-supereffective|p1b: Tornadus\n|-damage|p1a: Ogerpon|86\/100\n|-damage|p1b: Tornadus|59\/100\n|move|p2a: Ogerpon|Ivy Cudgel|p1a: Ogerpon|[anim] Ivy Cudgel Water\n|-heal|p1a: Ogerpon|100\/100|[from] ability: Water Absorb|[of] p2a: Ogerpon\n|move|p1b: Tornadus|Bleakwind Storm|p2b: Landorus|[spread] p2a\n|-miss|p1b: Tornadus|p2b: Landorus\n|-supereffective|p2a: Ogerpon\n|-crit|p2a: Ogerpon\n|-damage|p2a: Ogerpon|2\/100\n|\n|upkeep\n|turn|2\n|inactive|whykeyVGC has 30 seconds left.\n|\n|t:|1700246787\n|move|p2a: Ogerpon|Spiky Shield|p2a: Ogerpon\n|-singleturn|p2a: Ogerpon|move: Protect\n|move|p1a: Ogerpon|Spiky Shield|p1a: Ogerpon\n|-singleturn|p1a: Ogerpon|move: Protect\n|move|p1b: Tornadus|Tailwind|p1b: Tornadus\n|-sidestart|p1: Icewolf35|move: Tailwind\n|move|p2b: Landorus|Rock Slide|p1b: Tornadus|[spread] p1b\n|-activate|p1a: Ogerpon|move: Protect\n|-supereffective|p1b: Tornadus\n|-damage|p1b: Tornadus|22\/100\n|-enditem|p1b: Tornadus|Sitrus Berry|[eat]\n|-heal|p1b: Tornadus|47\/100|[from] item: Sitrus Berry\n|\n|upkeep\n|turn|3\n|inactive|Icewolf35 has 30 seconds left.\n|\n|t:|1700246819\n|-terastallize|p1a: Ogerpon|Water\n|detailschange|p1a: Ogerpon|Ogerpon-Wellspring-Tera, L50, F, tera:Water\n|-ability|p1a: Ogerpon|Embody Aspect (Wellspring)|boost\n|-boost|p1a: Ogerpon|spd|1\n|move|p2a: Ogerpon|Follow Me|p2a: Ogerpon\n|-singleturn|p2a: Ogerpon|move: Follow Me\n|move|p1a: Ogerpon|Ivy Cudgel|p2a: Ogerpon|[anim] Ivy Cudgel Water\n|-heal|p2a: Ogerpon|27\/100|[from] ability: Water Absorb|[of] p1a: Ogerpon\n|move|p1b: Tornadus|Bleakwind Storm|p2b: Landorus|[spread] p2a,p2b\n|-supereffective|p2a: Ogerpon\n|-damage|p2a: Ogerpon|0 fnt\n|-damage|p2b: Landorus|57\/100\n|faint|p2a: Ogerpon\n|move|p2b: Landorus|Rock Slide|p1a: Ogerpon|[spread] p1a,p1b\n|-supereffective|p1b: Tornadus\n|-damage|p1a: Ogerpon|84\/100\n|-damage|p1b: Tornadus|10\/100\n|\n|upkeep\n|\n|t:|1700246835\n|switch|p2a: Iron Hands|Iron Hands, L50|100\/100\n|turn|4\n|inactive|Icewolf35 has 30 seconds left.\n|inactive|whykeyVGC has 30 seconds left.\n|inactive|whykeyVGC has 20 seconds left.\n|inactive|Icewolf35 has 20 seconds left.\n|inactive|whykeyVGC has 15 seconds left.\n|\n|t:|1700246879\n|switch|p1b: Iron Hands|Iron Hands, L50|100\/100\n|switch|p2b: Flutter Mane|Flutter Mane, L50|100\/100\n|move|p1a: Ogerpon|Spiky Shield|p1a: Ogerpon\n|-singleturn|p1a: Ogerpon|move: Protect\n|move|p2a: Iron Hands|Fake Out|p1a: Ogerpon\n|-activate|p1a: Ogerpon|move: Protect\n|-damage|p2a: Iron Hands|88\/100|[from] Spiky Shield|[of] p1a: Ogerpon\n|\n|upkeep\n|turn|5\n|\n|t:|1700246902\n|switch|p1a: Arcanine|Arcanine-Hisui, L50, M|100\/100\n|-ability|p1a: Arcanine|Intimidate|boost\n|-unboost|p2a: Iron Hands|atk|1\n|-unboost|p2b: Flutter Mane|atk|1\n|-end|p2b: Flutter Mane|Protosynthesis|[silent]\n|switch|p2b: Landorus|Landorus-Therian, L50, M|57\/100\n|-ability|p2b: Landorus|Intimidate|boost\n|-unboost|p1a: Arcanine|atk|1\n|-unboost|p1b: Iron Hands|atk|1\n|-terastallize|p2a: Iron Hands|Water\n|move|p1b: Iron Hands|Heavy Slam|p2b: Landorus\n|-damage|p2b: Landorus|21\/100\n|move|p2a: Iron Hands|Wild Charge|p1a: Arcanine\n|-damage|p1a: Arcanine|62\/100\n|-damage|p2a: Iron Hands|72\/100|[from] item: Rocky Helmet|[of] p1a: Arcanine\n|-damage|p2a: Iron Hands|63\/100|[from] Recoil\n|\n|-sideend|p1: Icewolf35|move: Tailwind\n|upkeep\n|turn|6\n|inactive|Icewolf35 has 30 seconds left.\n|inactive|whykeyVGC has 30 seconds left.\n|inactive|Icewolf35 has 20 seconds left.\n|inactive|Icewolf35 has 15 seconds left.\n|\n|t:|1700246942\n|move|p2b: Landorus|Stomping Tantrum|p1b: Iron Hands\n|-supereffective|p1b: Iron Hands\n|-damage|p1b: Iron Hands|37\/100\n|move|p1a: Arcanine|Will-O-Wisp|p2a: Iron Hands\n|-status|p2a: Iron Hands|brn\n|move|p2a: Iron Hands|Drain Punch|p1a: Arcanine\n|-supereffective|p1a: Arcanine\n|-damage|p1a: Arcanine|31\/100\n|-heal|p2a: Iron Hands|77\/100 brn|[from] drain|[of] p1a: Arcanine\n|-damage|p2a: Iron Hands|60\/100 brn|[from] item: Rocky Helmet|[of] p1a: Arcanine\n|move|p1b: Iron Hands|Heavy Slam|p2b: Landorus\n|-damage|p2b: Landorus|0 fnt\n|faint|p2b: Landorus\n|\n|-damage|p2a: Iron Hands|54\/100 brn|[from] brn\n|upkeep\n|\n|t:|1700246947\n|switch|p2b: Flutter Mane|Flutter Mane, L50|100\/100\n|turn|7\n|inactive|Icewolf35 has 30 seconds left.\n|inactive|Icewolf35 has 20 seconds left.\n|inactive|Icewolf35 has 15 seconds left.\n|inactive|Icewolf35 has 10 seconds left.\n|inactive|Icewolf35 has 5 seconds left.\n|\n|t:|1700246999\n|move|p1a: Arcanine|Extreme Speed|p2a: Iron Hands\n|-damage|p2a: Iron Hands|42\/100 brn\n|move|p2b: Flutter Mane|Moonblast|p1b: Iron Hands\n|-supereffective|p1b: Iron Hands\n|-damage|p1b: Iron Hands|0 fnt\n|faint|p1b: Iron Hands\n|-end|p1b: Iron Hands|Quark Drive|[silent]\n|move|p2a: Iron Hands|Drain Punch|p1a: Arcanine\n|-supereffective|p1a: Arcanine\n|-damage|p1a: Arcanine|0 fnt\n|-heal|p2a: Iron Hands|56\/100 brn|[from] drain|[of] p1a: Arcanine\n|-damage|p2a: Iron Hands|39\/100 brn|[from] item: Rocky Helmet|[of] p1a: Arcanine\n|faint|p1a: Arcanine\n|\n|-damage|p2a: Iron Hands|33\/100 brn|[from] brn\n|upkeep\n|\n|t:|1700247012\n|switch|p1a: Tornadus|Tornadus, L50, M|10\/100\n|switch|p1b: Ogerpon|Ogerpon-Wellspring-Tera, L50, F, tera:Water|84\/100\n|-ability|p1b: Ogerpon|Embody Aspect (Wellspring)|boost\n|-boost|p1b: Ogerpon|spd|1\n|turn|8\n|\n|t:|1700247031\n|move|p1a: Tornadus|Tailwind|p1a: Tornadus\n|-sidestart|p1: Icewolf35|move: Tailwind\n|move|p1b: Ogerpon|Ivy Cudgel|p2b: Flutter Mane|[anim] Ivy Cudgel Water\n|-damage|p2b: Flutter Mane|0 fnt\n|faint|p2b: Flutter Mane\n|-end|p2b: Flutter Mane|Protosynthesis|[silent]\n|move|p2a: Iron Hands|Wild Charge|p1b: Ogerpon\n|-supereffective|p1b: Ogerpon\n|-crit|p1b: Ogerpon\n|-damage|p1b: Ogerpon|4\/100\n|-damage|p2a: Iron Hands|17\/100 brn|[from] Recoil\n|\n|-damage|p2a: Iron Hands|10\/100 brn|[from] brn\n|upkeep\n|turn|9\n|\n|t:|1700247046\n|move|p1a: Tornadus|Tailwind||[still]\n|-fail|p1a: Tornadus\n|move|p1b: Ogerpon|Horn Leech|p2a: Iron Hands\n|-supereffective|p2a: Iron Hands\n|-damage|p2a: Iron Hands|0 fnt\n|-heal|p1b: Ogerpon|11\/100|[from] drain|[of] p2a: Iron Hands\n|faint|p2a: Iron Hands\n|-end|p2a: Iron Hands|Quark Drive|[silent]\n|\n|win|Icewolf35\n|raw|Icewolf35's rating: 1323 &rarr; <strong>1341<\/strong><br \/>(+18 for winning)\n|raw|whykeyVGC's rating: 1294 &rarr; <strong>1271<\/strong><br \/>(-23 for losing)\n","uploadtime":1700247054,"views":10,"p1id":"icewolf35","p2id":"whykeyvgc","formatid":"gen9vgc2023regulatione","rating":1271,"private":0,"password":""}