{"id":"gen9vgc2023regulatione-1990842521","p1":"High Rat Lord","p2":"Atlat","format":"[Gen 9] VGC 2023 Regulation E","log":"|j|\u2606High Rat Lord\n|j|\u2606Atlat\n|n|\u2606High Rat Lord|highratlord\n|n|\u2606Atlat|atlat\n|html|View the match progress at <a href=\"\/game-bestof3-gen9vgc2023regulatione-1990837996\">game-bestof3-gen9vgc2023regulatione-1990837996<\/a>\n|t:|1700006574\n|gametype|doubles\n|player|p1|High Rat Lord|gentleman-gen4|\n|player|p2|Atlat|psychicf-gen4|\n|teamsize|p1|6\n|teamsize|p2|6\n|gen|9\n|tier|[Gen 9] VGC 2023 Regulation E\n|rule|Species Clause: Limit one of each Pok\u00e9mon\n|rule|Item Clause: Limit one of each item\n|clearpoke\n|poke|p1|Klefki, L50, F|\n|poke|p1|Ursaluna-Bloodmoon, L50, M|\n|poke|p1|Garganacl, L50, M|\n|poke|p1|Avalugg, L50, M|\n|poke|p1|Hariyama, L50, F|\n|poke|p1|Kingambit, L50, M|\n|poke|p2|Greavard, L50, M|\n|poke|p2|Skeledirge, L50, M|\n|poke|p2|Toedscruel, L50, F|\n|poke|p2|Chesnaught, L50, F|\n|poke|p2|Weezing, L50, F|\n|poke|p2|Whiscash, L50, M|\n|teampreview|4\n|\n|t:|1700006649\n|start\n|switch|p1a: Counter-Strike 2|Klefki, L50, F|100\/100\n|switch|p1b: Big Randy|Hariyama, L50, F|100\/100\n|switch|p2a: Greavard|Greavard, L50, M|100\/100\n|switch|p2b: Toedscruel|Toedscruel, L50, F|100\/100\n|turn|1\n|\n|t:|1700006749\n|move|p1b: Big Randy|Fake Out|p2b: Toedscruel\n|-damage|p2b: Toedscruel|84\/100\n|move|p2a: Greavard|Ally Switch|p2a: Greavard\n|swap|p2a: Greavard|1|[from] move: Ally Switch\n|move|p1a: Counter-Strike 2|Light Screen|p1a: Counter-Strike 2\n|-sidestart|p1: High Rat Lord|move: Light Screen\n|cant|p2a: Toedscruel|flinch\n|\n|-status|p1b: Big Randy|brn|[from] item: Flame Orb\n|upkeep\n|turn|2\n|\n|t:|1700006776\n|move|p1a: Counter-Strike 2|Reflect|p1a: Counter-Strike 2\n|-sidestart|p1: High Rat Lord|Reflect\n|move|p1b: Big Randy|Close Combat|p2a: Toedscruel\n|-damage|p2a: Toedscruel|0 fnt\n|-unboost|p1b: Big Randy|def|1\n|-unboost|p1b: Big Randy|spd|1\n|faint|p2a: Toedscruel\n|move|p2b: Greavard|Psychic Fangs|p1b: Big Randy\n|-sideend|p1: High Rat Lord|Reflect\n|-sideend|p1: High Rat Lord|move: Light Screen\n|-supereffective|p1b: Big Randy\n|-damage|p1b: Big Randy|54\/100 brn\n|\n|-damage|p1b: Big Randy|48\/100 brn|[from] brn\n|upkeep\n|\n|t:|1700006825\n|switch|p2a: Chesnaught|Chesnaught, L50, F, shiny|100\/100\n|turn|3\n|\n|t:|1700006868\n|-terastallize|p2a: Chesnaught|Ghost\n|move|p2a: Chesnaught|Iron Defense|p2a: Chesnaught\n|-boost|p2a: Chesnaught|def|2\n|move|p1a: Counter-Strike 2|Foul Play|p2b: Greavard\n|-supereffective|p2b: Greavard\n|-damage|p2b: Greavard|81\/100\n|move|p1b: Big Randy|Close Combat|p2a: Chesnaught\n|-immune|p2a: Chesnaught\n|move|p2b: Greavard|Psychic Fangs|p1b: Big Randy\n|-supereffective|p1b: Big Randy\n|-damage|p1b: Big Randy|0 fnt\n|faint|p1b: Big Randy\n|\n|upkeep\n|\n|t:|1700006883\n|switch|p1b: Vergil|Kingambit, L50, M|100\/100\n|turn|4\n|\n|t:|1700006927\n|move|p2b: Greavard|Ally Switch|p2b: Greavard\n|swap|p2b: Greavard|0|[from] move: Ally Switch\n|move|p1a: Counter-Strike 2|Reflect|p1a: Counter-Strike 2\n|-sidestart|p1: High Rat Lord|Reflect\n|move|p2b: Chesnaught|Body Press|p1b: Vergil\n|-supereffective|p1b: Vergil\n|-crit|p1b: Vergil\n|-damage|p1b: Vergil|0 fnt\n|faint|p1b: Vergil\n|\n|upkeep\n|\n|t:|1700006934\n|switch|p1b: Agent Maine|Garganacl, L50, M|100\/100\n|turn|5\n|\n|t:|1700006963\n|switch|p2a: Skeledirge|Skeledirge, L50, M|100\/100\n|-item|p2a: Skeledirge|Air Balloon\n|-terastallize|p1b: Agent Maine|Grass\n|move|p2b: Chesnaught|Body Press|p1b: Agent Maine\n|-damage|p1b: Agent Maine|69\/100\n|move|p1b: Agent Maine|Iron Defense|p1b: Agent Maine\n|-boost|p1b: Agent Maine|def|2\n|move|p1a: Counter-Strike 2|Trick Room|p1a: Counter-Strike 2\n|-fieldstart|move: Trick Room|[of] p1a: Counter-Strike 2\n|\n|-heal|p1b: Agent Maine|75\/100|[from] item: Leftovers\n|upkeep\n|turn|6\n|\n|t:|1700007000\n|move|p1a: Counter-Strike 2|Light Screen|p1a: Counter-Strike 2\n|-sidestart|p1: High Rat Lord|move: Light Screen\n|move|p1b: Agent Maine|Body Press|p2a: Skeledirge\n|-immune|p2a: Skeledirge\n|move|p2a: Skeledirge|Fire Pledge|p1a: Counter-Strike 2\n|-waiting|p2a: Skeledirge|p2b: Chesnaught\n|move|p2b: Chesnaught|Grass Pledge|p1a: Counter-Strike 2|[from]move: Fire Pledge\n|-combine\n|-supereffective|p1a: Counter-Strike 2\n|-damage|p1a: Counter-Strike 2|41\/100\n|-sidestart|p1: High Rat Lord|Fire Pledge\n|\n|-damage|p1b: Agent Maine|63\/100|[from] Fire Pledge\n|-heal|p1b: Agent Maine|69\/100|[from] item: Leftovers\n|-damage|p1a: Counter-Strike 2|29\/100|[from] Fire Pledge\n|upkeep\n|turn|7\n|\n|t:|1700007036\n|move|p1b: Agent Maine|Salt Cure|p2b: Chesnaught\n|-damage|p2b: Chesnaught|94\/100\n|move|p2a: Skeledirge|Fire Pledge|p1b: Agent Maine\n|-waiting|p2a: Skeledirge|p2b: Chesnaught\n|move|p2b: Chesnaught|Grass Pledge|p1b: Agent Maine|[from]move: Fire Pledge\n|-combine\n|-supereffective|p1b: Agent Maine\n|-damage|p1b: Agent Maine|39\/100\n|move|p1a: Counter-Strike 2|Foul Play|p2a: Skeledirge\n|-supereffective|p2a: Skeledirge\n|-damage|p2a: Skeledirge|78\/100\n|-enditem|p2a: Skeledirge|Air Balloon\n|\n|-damage|p1b: Agent Maine|27\/100|[from] Fire Pledge\n|-heal|p1b: Agent Maine|33\/100|[from] item: Leftovers\n|-damage|p1a: Counter-Strike 2|17\/100|[from] Fire Pledge\n|upkeep\n|turn|8\n|\n|t:|1700007058\n|move|p1b: Agent Maine|Salt Cure|p2a: Skeledirge\n|-supereffective|p2a: Skeledirge\n|-damage|p2a: Skeledirge|58\/100\n|-start|p2a: Skeledirge|Salt Cure\n|move|p2a: Skeledirge|Torch Song|p1a: Counter-Strike 2\n|-supereffective|p1a: Counter-Strike 2\n|-damage|p1a: Counter-Strike 2|0 fnt\n|-boost|p2a: Skeledirge|spa|1\n|faint|p1a: Counter-Strike 2\n|move|p2b: Chesnaught|Iron Defense|p2b: Chesnaught\n|-boost|p2b: Chesnaught|def|2\n|\n|-damage|p1b: Agent Maine|21\/100|[from] Fire Pledge\n|-heal|p1b: Agent Maine|27\/100|[from] item: Leftovers\n|-damage|p2a: Skeledirge|46\/100|[from] Salt Cure\n|upkeep\n|turn|9\n|\n|t:|1700007090\n|move|p1b: Agent Maine|Recover|p1b: Agent Maine\n|-heal|p1b: Agent Maine|77\/100\n|move|p2a: Skeledirge|Fire Pledge|p1b: Agent Maine\n|-waiting|p2a: Skeledirge|p2b: Chesnaught\n|move|p2b: Chesnaught|Grass Pledge|p1b: Agent Maine|[from]move: Fire Pledge\n|-combine\n|-supereffective|p1b: Agent Maine\n|-damage|p1b: Agent Maine|44\/100\n|\n|-damage|p1b: Agent Maine|32\/100|[from] Fire Pledge\n|-heal|p1b: Agent Maine|38\/100|[from] item: Leftovers\n|-damage|p2a: Skeledirge|34\/100|[from] Salt Cure\n|-sideend|p1: High Rat Lord|Fire Pledge\n|-fieldend|move: Trick Room\n|upkeep\n|turn|10\n|\n|t:|1700007102\n|move|p2b: Chesnaught|Grass Pledge|p1b: Agent Maine\n|-waiting|p2b: Chesnaught|p2a: Skeledirge\n|move|p2a: Skeledirge|Fire Pledge|p1b: Agent Maine|[from]move: Grass Pledge\n|-combine\n|-supereffective|p1b: Agent Maine\n|-damage|p1b: Agent Maine|0 fnt\n|-sidestart|p1: High Rat Lord|Fire Pledge\n|faint|p1b: Agent Maine\n|\n|win|Atlat\n","uploadtime":1700007113,"views":69,"p1id":"highratlord","p2id":"atlat","formatid":"gen9vgc2023regulatione","rating":0,"private":0,"password":""}