{"id":"gen9vgc2023regulatione-1994125573","p1":"dointi","p2":"GeoGreenBeanz","format":"[Gen 9] VGC 2023 Regulation E","log":"|j|\u2606dointi\n|j|\u2606GeoGreenBeanz\n|t:|1700409899\n|gametype|doubles\n|player|p1|dointi|170|1088\n|player|p2|GeoGreenBeanz|101|1030\n|teamsize|p1|6\n|teamsize|p2|6\n|gen|9\n|tier|[Gen 9] VGC 2023 Regulation E\n|rated|\n|rule|Species Clause: Limit one of each Pok\u00e9mon\n|rule|Item Clause: Limit one of each item\n|clearpoke\n|poke|p1|Farigiraf, L50, F|\n|poke|p1|Iron Hands, L50|\n|poke|p1|Ursaluna-Bloodmoon, L50, M|\n|poke|p1|Carbink, L50|\n|poke|p1|Dondozo, L50, F|\n|poke|p1|Tatsugiri, L50, M|\n|poke|p2|Cyclizar, L50, F|\n|poke|p2|Chi-Yu, L50|\n|poke|p2|Sinistcha, L50|\n|poke|p2|Slaking, L50, F|\n|poke|p2|Espathra, L50, F|\n|poke|p2|Zoroark-Hisui, L50, M|\n|teampreview|4\ndointi has agreed to open team sheets.\n|inactive|Battle timer is ON: inactive players will automatically lose when time's up. (requested by dointi)\n|inactive|GeoGreenBeanz has 60 seconds left.\n|inactive|GeoGreenBeanz has 30 seconds left.\n|inactive|GeoGreenBeanz has 20 seconds left.\n|inactive|GeoGreenBeanz has 15 seconds left.\n|inactive|GeoGreenBeanz has 10 seconds left.\n|inactive|GeoGreenBeanz has 5 seconds left.\n|\n|t:|1700410021\n|start\n|switch|p1a: Carbink|Carbink, L50|100\/100\n|switch|p1b: Dondozo|Dondozo, L50, F|100\/100\n|switch|p2a: Cyclizar|Cyclizar, L50, F|100\/100\n|switch|p2b: Chi-Yu|Chi-Yu, L50|100\/100\n|-ability|p2b: Chi-Yu|Beads of Ruin\n|turn|1\n|inactive|GeoGreenBeanz has 30 seconds left.\n|\n|t:|1700410051\n|move|p2a: Cyclizar|Shed Tail|p2a: Cyclizar\n|-start|p2a: Cyclizar|Substitute|[from] move: Shed Tail\n|-damage|p2a: Cyclizar|50\/100\n|-enditem|p2a: Cyclizar|Sitrus Berry|[eat]\n|-heal|p2a: Cyclizar|75\/100|[from] item: Sitrus Berry\n|\n|t:|1700410059\n|switch|p2a: Sinistcha|Sinistcha, L50|100\/100|[from] Shed Tail\n|move|p2b: Chi-Yu|Heat Wave|p1b: Dondozo|[spread] p1a,p1b\n|-resisted|p1a: Carbink\n|-resisted|p1b: Dondozo\n|-damage|p1a: Carbink|82\/100\n|-damage|p1b: Dondozo|81\/100\n|move|p1a: Carbink|Guard Split|p1b: Dondozo\n|-activate|p1a: Carbink|move: Guard Split|[of] p1b: Dondozo\n|move|p1b: Dondozo|Waterfall|p2b: Chi-Yu\n|-supereffective|p2b: Chi-Yu\n|-damage|p2b: Chi-Yu|4\/100\n|\n|upkeep\n|turn|2\n|\n|t:|1700410083\n|move|p1b: Dondozo|Protect|p1b: Dondozo\n|-singleturn|p1b: Dondozo|Protect\n|move|p2b: Chi-Yu|Dark Pulse|p1b: Dondozo\n|-activate|p1b: Dondozo|move: Protect\n|move|p2a: Sinistcha|Matcha Gotcha|p1b: Dondozo|[spread] p1a\n|-activate|p1b: Dondozo|move: Protect\n|-supereffective|p1a: Carbink\n|-damage|p1a: Carbink|16\/100\n|move|p1a: Carbink|Trick Room|p1a: Carbink\n|-fieldstart|move: Trick Room|[of] p1a: Carbink\n|\n|upkeep\n|turn|3\n|inactive|dointi has 30 seconds left.\n|\n|t:|1700410109\n|-terastallize|p1b: Dondozo|Dragon\n|move|p1b: Dondozo|Order Up|p2a: Sinistcha\n|-end|p2a: Sinistcha|Substitute\n|move|p1a: Carbink|Dazzling Gleam|p2a: Sinistcha|[spread] p2a,p2b\n|-crit|p2a: Sinistcha\n|-damage|p2a: Sinistcha|79\/100\n|-damage|p2b: Chi-Yu|0 fnt\n|faint|p2b: Chi-Yu\n|move|p2a: Sinistcha|Matcha Gotcha|p1a: Carbink|[spread] p1a,p1b\n|-supereffective|p1a: Carbink\n|-resisted|p1b: Dondozo\n|-damage|p1a: Carbink|0 fnt\n|-heal|p2a: Sinistcha|84\/100|[from] drain|[of] p1a: Carbink\n|-damage|p1b: Dondozo|74\/100\n|-heal|p2a: Sinistcha|89\/100|[from] drain|[of] p1b: Dondozo\n|faint|p1a: Carbink\n|\n|upkeep\n|\n|t:|1700410131\n|switch|p1a: Iron Hands|Iron Hands, L50|100\/100\n|switch|p2b: Cyclizar|Cyclizar, L50, F|100\/100\n|turn|4\n|inactive|GeoGreenBeanz has 30 seconds left.\n|\n|t:|1700410157\n|move|p1a: Iron Hands|Fake Out|p2b: Cyclizar\n|-immune|p2b: Cyclizar\n|move|p2a: Sinistcha|Rage Powder|p2a: Sinistcha\n|-singleturn|p2a: Sinistcha|move: Rage Powder\n|move|p1b: Dondozo|Order Up|p2a: Sinistcha\n|-damage|p2a: Sinistcha|65\/100\n|move|p2b: Cyclizar|Bitter Malice|p1a: Iron Hands\n|-damage|p1a: Iron Hands|73\/100\n|-unboost|p1a: Iron Hands|atk|1\n|\n|upkeep\n|turn|5\n|inactive|dointi has 30 seconds left.\n|inactive|GeoGreenBeanz has 30 seconds left.\n|\n|t:|1700410186\n|move|p1b: Dondozo|Order Up|p2b: Cyclizar\n|-damage|p2b: Cyclizar|40\/100\n|replace|p2b: Zoroark|Zoroark-Hisui, L50, M, shiny\n|-end|p2b: Zoroark|Illusion\n|move|p1a: Iron Hands|Drain Punch|p2b: Zoroark\n|-immune|p2b: Zoroark\n|move|p2a: Sinistcha|Strength Sap|p1b: Dondozo\n|-unboost|p1b: Dondozo|atk|1\n|-heal|p2a: Sinistcha|100\/100\n|move|p2b: Zoroark|Bitter Malice|p1b: Dondozo\n|-damage|p1b: Dondozo|55\/100\n|-unboost|p1b: Dondozo|atk|1\n|\n|upkeep\n|turn|6\n|inactive|GeoGreenBeanz has 30 seconds left.\n|\n|t:|1700410212\n|move|p1b: Dondozo|Waterfall|p2a: Sinistcha\n|-resisted|p2a: Sinistcha\n|-damage|p2a: Sinistcha|94\/100\n|move|p1a: Iron Hands|Thunder Punch|p2b: Zoroark\n|-damage|p2b: Zoroark|0 fnt\n|faint|p2b: Zoroark\n|move|p2a: Sinistcha|Matcha Gotcha|p1a: Iron Hands|[spread] p1a,p1b\n|-resisted|p1b: Dondozo\n|-damage|p1a: Iron Hands|56\/100\n|-heal|p2a: Sinistcha|100\/100|[from] drain|[of] p1a: Iron Hands\n|-damage|p1b: Dondozo|48\/100\n|\n|-fieldend|move: Trick Room\n|upkeep\n|\n|t:|1700410228\n|switch|p2b: Cyclizar|Cyclizar, L50, F|100\/100\n|turn|7\n|inactive|GeoGreenBeanz has 30 seconds left.\n|inactive|GeoGreenBeanz has 20 seconds left.\n|\n|t:|1700410266\n|-end|p1a: Iron Hands|Quark Drive|[silent]\n|switch|p1a: Tatsugiri|Tatsugiri, L50, M|100\/100\n|-activate|p1a: Tatsugiri|ability: Commander|[of] p1b: Dondozo\n|-boost|p1b: Dondozo|atk|2\n|-boost|p1b: Dondozo|spa|2\n|-boost|p1b: Dondozo|spe|2\n|-boost|p1b: Dondozo|def|2\n|-boost|p1b: Dondozo|spd|2\n|move|p2b: Cyclizar|Ice Spinner|p1b: Dondozo\n|-supereffective|p1b: Dondozo\n|-damage|p1b: Dondozo|36\/100\n|move|p2a: Sinistcha|Matcha Gotcha|p1a: Tatsugiri|[spread] p1b\n|-miss|p2a: Sinistcha|p1a: Tatsugiri\n|-resisted|p1b: Dondozo\n|-damage|p1b: Dondozo|33\/100\n|-status|p1b: Dondozo|brn\n|move|p1b: Dondozo|Order Up|p2b: Cyclizar\n|-supereffective|p2b: Cyclizar\n|-damage|p2b: Cyclizar|46\/100\n|-boost|p1b: Dondozo|atk|1\n|\n|-damage|p1b: Dondozo|27\/100 brn|[from] brn\n|upkeep\n|turn|8\n|inactive|GeoGreenBeanz has 30 seconds left.\n|inactive|GeoGreenBeanz has 20 seconds left.\n|\n|t:|1700410302\n|move|p2a: Sinistcha|Rage Powder|p2a: Sinistcha\n|-singleturn|p2a: Sinistcha|move: Rage Powder\n|move|p2b: Cyclizar|Shift Gear|p2b: Cyclizar\n|-boost|p2b: Cyclizar|spe|2\n|-boost|p2b: Cyclizar|atk|1\n|move|p1b: Dondozo|Rest|p1b: Dondozo\n|-status|p1b: Dondozo|slp|[from] move: Rest\n|-heal|p1b: Dondozo|100\/100 slp|[silent]\n|-enditem|p1b: Dondozo|Chesto Berry|[eat]\n|-curestatus|p1b: Dondozo|slp|[msg]\n|\n|upkeep\n|turn|9\n|\n|t:|1700410316\n|move|p2a: Sinistcha|Rage Powder|p2a: Sinistcha\n|-singleturn|p2a: Sinistcha|move: Rage Powder\n|move|p2b: Cyclizar|Shift Gear|p2b: Cyclizar\n|-boost|p2b: Cyclizar|spe|2\n|-boost|p2b: Cyclizar|atk|1\n|move|p1b: Dondozo|Order Up|p2a: Sinistcha\n|-damage|p2a: Sinistcha|61\/100\n|-boost|p1b: Dondozo|atk|1\n|\n|upkeep\n|turn|10\n|\n|t:|1700410339\n|move|p2b: Cyclizar|Ice Spinner|p1b: Dondozo\n|-supereffective|p1b: Dondozo\n|-damage|p1b: Dondozo|88\/100\n|move|p2a: Sinistcha|Strength Sap|p1b: Dondozo\n|-unboost|p1b: Dondozo|atk|1\n|-heal|p2a: Sinistcha|100\/100\n|move|p1b: Dondozo|Order Up|p2b: Cyclizar\n|-supereffective|p2b: Cyclizar\n|-damage|p2b: Cyclizar|0 fnt\n|faint|p2b: Cyclizar\n|-boost|p1b: Dondozo|atk|1\n|\n|upkeep\n|turn|11\n|\n|t:|1700410356\n|move|p2a: Sinistcha|Strength Sap|p1b: Dondozo\n|-unboost|p1b: Dondozo|atk|1\n|move|p1b: Dondozo|Order Up|p2a: Sinistcha\n|-damage|p2a: Sinistcha|65\/100\n|-boost|p1b: Dondozo|atk|1\n|\n|upkeep\n|turn|12\n|\n|t:|1700410365\n|move|p2a: Sinistcha|Strength Sap|p1b: Dondozo\n|-unboost|p1b: Dondozo|atk|1\n|-heal|p2a: Sinistcha|100\/100\n|move|p1b: Dondozo|Order Up|p2a: Sinistcha\n|-damage|p2a: Sinistcha|63\/100\n|-boost|p1b: Dondozo|atk|1\n|\n|upkeep\n|turn|13\n|\n|t:|1700410385\n|move|p2a: Sinistcha|Strength Sap|p1b: Dondozo\n|-unboost|p1b: Dondozo|atk|1\n|-heal|p2a: Sinistcha|100\/100\n|move|p1b: Dondozo|Order Up|p2a: Sinistcha\n|-damage|p2a: Sinistcha|63\/100\n|-boost|p1b: Dondozo|atk|1\n|\n|upkeep\n|turn|14\n|\n|t:|1700410395\n|move|p2a: Sinistcha|Strength Sap|p1b: Dondozo\n|-unboost|p1b: Dondozo|atk|1\n|-heal|p2a: Sinistcha|100\/100\n|move|p1b: Dondozo|Order Up|p2a: Sinistcha\n|-damage|p2a: Sinistcha|65\/100\n|-boost|p1b: Dondozo|atk|1\n|\n|upkeep\n|turn|15\n|\n|t:|1700410405\n|move|p2a: Sinistcha|Strength Sap|p1b: Dondozo\n|-unboost|p1b: Dondozo|atk|1\n|-heal|p2a: Sinistcha|100\/100\n|move|p1b: Dondozo|Order Up|p2a: Sinistcha\n|-damage|p2a: Sinistcha|65\/100\n|-boost|p1b: Dondozo|atk|1\n|\n|upkeep\n|turn|16\n|\n|t:|1700410414\n|move|p2a: Sinistcha|Strength Sap|p1b: Dondozo\n|-unboost|p1b: Dondozo|atk|1\n|-heal|p2a: Sinistcha|100\/100\n|move|p1b: Dondozo|Order Up|p2a: Sinistcha\n|-damage|p2a: Sinistcha|61\/100\n|-boost|p1b: Dondozo|atk|1\n|\n|upkeep\n|turn|17\n|\n|t:|1700410423\n|move|p2a: Sinistcha|Strength Sap|p1b: Dondozo\n|-unboost|p1b: Dondozo|atk|1\n|-heal|p2a: Sinistcha|100\/100\n|move|p1b: Dondozo|Order Up|p2a: Sinistcha\n|-damage|p2a: Sinistcha|65\/100\n|-boost|p1b: Dondozo|atk|1\n|\n|upkeep\n|turn|18\n|\n|t:|1700410434\n|move|p2a: Sinistcha|Strength Sap|p1b: Dondozo\n|-unboost|p1b: Dondozo|atk|1\n|-heal|p2a: Sinistcha|100\/100\n|move|p1b: Dondozo|Order Up|p2a: Sinistcha\n|-damage|p2a: Sinistcha|63\/100\n|-boost|p1b: Dondozo|atk|1\n|\n|upkeep\n|turn|19\n|-message|GeoGreenBeanz forfeited.\n|\n|win|dointi\n|raw|dointi's rating: 1088 &rarr; <strong>1110<\/strong><br \/>(+22 for winning)\n|raw|GeoGreenBeanz's rating: 1030 &rarr; <strong>1018<\/strong><br \/>(-12 for losing)\n|l|\u2606GeoGreenBeanz\n","uploadtime":1700410468,"views":35,"p1id":"dointi","p2id":"geogreenbeanz","formatid":"gen9vgc2023regulatione","rating":1018,"private":0,"password":""}