{"id":"gen9vgc2023regulatione-1996117651","p1":"pachonaco","p2":"Zaxis Loxar","format":"[Gen 9] VGC 2023 Regulation E","log":"|j|\u2606pachonaco\n|j|\u2606Zaxis Loxar\n|t:|1700646818\n|gametype|doubles\n|player|p1|pachonaco|cynthia-gen4|1137\n|player|p2|Zaxis Loxar|cynthia-gen4|1190\n|teamsize|p1|6\n|teamsize|p2|6\n|gen|9\n|tier|[Gen 9] VGC 2023 Regulation E\n|rated|\n|rule|Species Clause: Limit one of each Pok\u00e9mon\n|rule|Item Clause: Limit one of each item\n|clearpoke\n|poke|p1|Iron Hands, L50|\n|poke|p1|Snorlax, L50, M|\n|poke|p1|Sinistcha-Masterpiece, L50|\n|poke|p1|Kommo-o, L50, F|\n|poke|p1|Clefairy, L50, M|\n|poke|p1|Landorus-Therian, L50, M|\n|poke|p2|Greninja-*, L50, F|\n|poke|p2|Rillaboom, L50, F|\n|poke|p2|Tauros-Paldea-Blaze, L50, M|\n|poke|p2|Urshifu-*, L50, F|\n|poke|p2|Landorus-Therian, L50, M|\n|poke|p2|Muk-Alola, L50, F|\n|teampreview|4\n|inactive|Battle timer is ON: inactive players will automatically lose when time's up. (requested by Zaxis Loxar)\n|inactive|pachonaco has 60 seconds left.\n|\n|t:|1700646852\n|start\n|switch|p1a: Iron Hands|Iron Hands, L50|100\/100\n|switch|p1b: Snorlax|Snorlax, L50, M|100\/100\n|switch|p2a: Rillaboom|Rillaboom, L50, F|100\/100\n|switch|p2b: Muk|Muk-Alola, L50, F|100\/100\n|-fieldstart|move: Grassy Terrain|[from] ability: Grassy Surge|[of] p2a: Rillaboom\n|turn|1\n|\n|t:|1700646866\n|move|p2a: Rillaboom|Fake Out|p1a: Iron Hands\n|-damage|p1a: Iron Hands|90\/100\n|cant|p1a: Iron Hands|flinch\n|move|p2b: Muk|Knock Off|p1b: Snorlax\n|-damage|p1b: Snorlax|75\/100\n|-enditem|p1b: Snorlax|Sitrus Berry|[from] move: Knock Off|[of] p2b: Muk\n|move|p1b: Snorlax|Belly Drum|p1b: Snorlax\n|-damage|p1b: Snorlax|25\/100\n|-setboost|p1b: Snorlax|atk|6|[from] move: Belly Drum\n|\n|-heal|p1a: Iron Hands|96\/100|[from] Grassy Terrain\n|-heal|p1b: Snorlax|31\/100|[from] Grassy Terrain\n|upkeep\n|turn|2\n|inactive|pachonaco has 30 seconds left.\n|\n|t:|1700646897\n|-end|p1a: Iron Hands|Quark Drive|[silent]\n|switch|p1a: Sinistcha|Sinistcha-Masterpiece, L50, shiny|100\/100\n|-heal|p1b: Snorlax|56\/100|[from] ability: Hospitality|[of] p1a: Sinistcha\n|move|p1b: Snorlax|Protect|p1b: Snorlax\n|-singleturn|p1b: Snorlax|Protect\n|move|p2a: Rillaboom|Wood Hammer|p1b: Snorlax\n|-activate|p1b: Snorlax|move: Protect\n|move|p2b: Muk|Knock Off|p1a: Sinistcha\n|-supereffective|p1a: Sinistcha\n|-damage|p1a: Sinistcha|40\/100\n|-status|p1a: Sinistcha|psn|[from] ability: Poison Touch|[of] p2b: Muk\n|-enditem|p1a: Sinistcha|Mental Herb|[from] move: Knock Off|[of] p2b: Muk\n|\n|-heal|p1a: Sinistcha|46\/100 psn|[from] Grassy Terrain\n|-heal|p1b: Snorlax|62\/100|[from] Grassy Terrain\n|-damage|p1a: Sinistcha|34\/100 psn|[from] psn\n|upkeep\n|turn|3\n|inactive|pachonaco has 30 seconds left.\n|inactive|Zaxis Loxar has 30 seconds left.\n|\n|t:|1700646925\n|switch|p2a: Tauros|Tauros-Paldea-Blaze, L50, M|100\/100\n|-ability|p2a: Tauros|Intimidate|boost\n|-unboost|p1a: Sinistcha|atk|1\n|-unboost|p1b: Snorlax|atk|1\n|move|p2b: Muk|Knock Off|p1a: Sinistcha\n|-supereffective|p1a: Sinistcha\n|-damage|p1a: Sinistcha|0 fnt\n|faint|p1a: Sinistcha\n|move|p1b: Snorlax|Facade|p2a: Tauros\n|-damage|p2a: Tauros|0 fnt\n|faint|p2a: Tauros\n|\n|-heal|p1b: Snorlax|68\/100|[from] Grassy Terrain\n|upkeep\n|\n|t:|1700646940\n|switch|p2a: Rillaboom|Rillaboom, L50, F|100\/100\n|switch|p1a: Clefairy|Clefairy, L50, M|100\/100\n|turn|4\n|inactive|pachonaco has 30 seconds left.\n|\n|t:|1700646966\n|move|p1b: Snorlax|Protect|p1b: Snorlax\n|-singleturn|p1b: Snorlax|Protect\n|move|p2a: Rillaboom|Wood Hammer|p1a: Clefairy\n|-crit|p1a: Clefairy\n|-damage|p1a: Clefairy|0 fnt\n|faint|p1a: Clefairy\n|-damage|p2a: Rillaboom|72\/100|[from] Recoil\n|move|p2b: Muk|Drain Punch|p1b: Snorlax\n|-activate|p1b: Snorlax|move: Protect\n|\n|-heal|p2a: Rillaboom|78\/100|[from] Grassy Terrain\n|-heal|p1b: Snorlax|74\/100|[from] Grassy Terrain\n|upkeep\n|\n|t:|1700646979\n|switch|p1a: Iron Hands|Iron Hands, L50|96\/100\n|turn|5\n|\n|t:|1700646997\n|move|p2b: Muk|Protect|p2b: Muk\n|-singleturn|p2b: Muk|Protect\n|move|p1a: Iron Hands|Fake Out|p2b: Muk\n|-activate|p2b: Muk|move: Protect\n|move|p2a: Rillaboom|U-turn|p1b: Snorlax\n|-crit|p1b: Snorlax\n|-damage|p1b: Snorlax|45\/100\n|\n|t:|1700647005\n|switch|p2a: Urshifu|Urshifu, L50, F|100\/100|[from] U-turn\n|move|p1b: Snorlax|Facade|p2b: Muk\n|-activate|p2b: Muk|move: Protect\n|\n|-heal|p1a: Iron Hands|100\/100|[from] Grassy Terrain\n|-heal|p1b: Snorlax|50\/100|[from] Grassy Terrain\n|-fieldend|move: Grassy Terrain\n|upkeep\n|turn|6\n|c|\u2606pachonaco|why do u hit that much crit?\n|c|\u2606Zaxis Loxar|That's what I'm saying lol\n|inactive|pachonaco has 30 seconds left.\n|inactive|Zaxis Loxar has 30 seconds left.\n|c|\u2606Zaxis Loxar|That crit mattered\n|inactive|pachonaco has 20 seconds left.\n|inactive|Zaxis Loxar has 20 seconds left.\n|inactive|pachonaco has 15 seconds left.\n|\n|t:|1700647048\n|-terastallize|p1b: Snorlax|Water\n|move|p2a: Urshifu|Close Combat|p1b: Snorlax\n|-damage|p1b: Snorlax|0 fnt\n|-unboost|p2a: Urshifu|def|1\n|-unboost|p2a: Urshifu|spd|1\n|faint|p1b: Snorlax\n|move|p1a: Iron Hands|Drain Punch|p2a: Urshifu\n|-supereffective|p2a: Urshifu\n|-damage|p2a: Urshifu|0 fnt\n|faint|p2a: Urshifu\n|move|p2b: Muk|Knock Off|p1a: Iron Hands\n|-resisted|p1a: Iron Hands\n|-damage|p1a: Iron Hands|87\/100\n|-enditem|p1a: Iron Hands|Assault Vest|[from] move: Knock Off|[of] p2b: Muk\n|\n|upkeep\n|\n|t:|1700647057\n|switch|p2a: Rillaboom|Rillaboom, L50, F|78\/100\n|-fieldstart|move: Grassy Terrain|[from] ability: Grassy Surge|[of] p2a: Rillaboom\n|turn|7\n|\n|t:|1700647070\n|move|p2a: Rillaboom|Fake Out|p1a: Iron Hands\n|-damage|p1a: Iron Hands|76\/100\n|cant|p1a: Iron Hands|flinch\n|move|p2b: Muk|Poison Jab|p1a: Iron Hands\n|-damage|p1a: Iron Hands|54\/100\n|\n|-heal|p2a: Rillaboom|84\/100|[from] Grassy Terrain\n|-heal|p1a: Iron Hands|60\/100|[from] Grassy Terrain\n|upkeep\n|turn|8\n|c|\u2606Zaxis Loxar|I think the game would've been infinitely harder for me if I didn't crit\n|\n|t:|1700647089\n|move|p2a: Rillaboom|Wood Hammer|p1a: Iron Hands\n|-damage|p1a: Iron Hands|0 fnt\n|faint|p1a: Iron Hands\n|-end|p1a: Iron Hands|Quark Drive|[silent]\n|-damage|p2a: Rillaboom|62\/100|[from] Recoil\n|\n|win|Zaxis Loxar\n|raw|pachonaco's rating: 1137 &rarr; <strong>1116<\/strong><br \/>(-21 for losing)\n|raw|Zaxis Loxar's rating: 1190 &rarr; <strong>1211<\/strong><br \/>(+21 for winning)\n|c|\u2606Zaxis Loxar|Gg\n","uploadtime":1700647108,"views":9,"p1id":"pachonaco","p2id":"zaxisloxar","formatid":"gen9vgc2023regulatione","rating":1116,"private":0,"password":""}