{"id":"gen9vgc2023regulatione-1989885224","p1":"lcnrcr06","p2":"rennui-","format":"[Gen 9] VGC 2023 Regulation E","log":"|j|\u2606lcnrcr06\n|j|\u2606rennui-\n|t:|1699903836\n|gametype|doubles\n|player|p1|lcnrcr06|drayden|1469\n|player|p2|rennui-|erika|1529\n|teamsize|p1|6\n|teamsize|p2|6\n|gen|9\n|tier|[Gen 9] VGC 2023 Regulation E\n|rated|\n|rule|Species Clause: Limit one of each Pok\u00e9mon\n|rule|Item Clause: Limit one of each item\n|clearpoke\n|poke|p1|Ninetales, L50, M|\n|poke|p1|Dipplin, L50, F|\n|poke|p1|Ogerpon-Hearthflame, L50, F|\n|poke|p1|Landorus-Therian, L50, M|\n|poke|p1|Mudsdale, L50, F|\n|poke|p1|Wyrdeer, L50, M|\n|poke|p2|Flutter Mane, L50|\n|poke|p2|Chi-Yu, L50|\n|poke|p2|Torkoal, L50, M|\n|poke|p2|Ogerpon-Wellspring, L50, F|\n|poke|p2|Farigiraf, L50, M|\n|poke|p2|Iron Hands, L50|\n|teampreview|4\nrennui- has agreed to open team sheets.\n|inactive|Battle timer is ON: inactive players will automatically lose when time's up. (requested by lcnrcr06)\n|\n|t:|1699903882\n|start\n|switch|p1a: Dipplin|Dipplin, L50, F|100\/100\n|switch|p1b: Landorus|Landorus-Therian, L50, M|100\/100\n|switch|p2a: Iron Hands|Iron Hands, L50|100\/100\n|switch|p2b: Chi-Yu|Chi-Yu, L50|100\/100\n|-ability|p1b: Landorus|Intimidate|boost\n|-unboost|p2a: Iron Hands|atk|1\n|-unboost|p2b: Chi-Yu|atk|1\n|-ability|p2b: Chi-Yu|Beads of Ruin\n|-ability|p1a: Dipplin|Supersweet Syrup\n|-ability|p1a: Dipplin|Supersweet Syrup|boost\n|-unboost|p2a: Iron Hands|evasion|1\n|-unboost|p2b: Chi-Yu|evasion|1\n|turn|1\n|\n|t:|1699903907\n|switch|p1a: Mudsdale|Mudsdale, L50, F|100\/100\n|move|p2a: Iron Hands|Fake Out|p1b: Landorus\n|-damage|p1b: Landorus|88\/100\n|cant|p1b: Landorus|flinch\n|move|p2b: Chi-Yu|Overheat|p1b: Landorus\n|-damage|p1b: Landorus|0 fnt\n|-unboost|p2b: Chi-Yu|spa|2\n|faint|p1b: Landorus\n|-damage|p2b: Chi-Yu|91\/100|[from] item: Life Orb\n|\n|upkeep\n|inactive|lcnrcr06 has 30 seconds left.\n|\n|t:|1699903932\n|switch|p1b: Dipplin|Dipplin, L50, F|100\/100\n|turn|2\n|\n|t:|1699903948\n|switch|p2b: Torkoal|Torkoal, L50, M, shiny|100\/100\n|-weather|SunnyDay|[from] ability: Drought|[of] p2b: Torkoal\n|switch|p1a: Ninetales|Ninetales, L50, M|100\/100\n|move|p2a: Iron Hands|Drain Punch|p1b: Dipplin\n|-damage|p1b: Dipplin|84\/100\n|move|p1b: Dipplin|Growth|p1b: Dipplin\n|-boost|p1b: Dipplin|atk|2\n|-boost|p1b: Dipplin|spa|2\n|\n|-weather|SunnyDay|[upkeep]\n|upkeep\n|turn|3\n|inactive|lcnrcr06 has 30 seconds left.\n|inactive|rennui- has 30 seconds left.\n|inactive|lcnrcr06 has 20 seconds left.\n|\n|t:|1699903984\n|-terastallize|p1b: Dipplin|Water\n|move|p1a: Ninetales|Will-O-Wisp|p2a: Iron Hands\n|-status|p2a: Iron Hands|brn\n|move|p2a: Iron Hands|Drain Punch|p1b: Dipplin\n|-damage|p1b: Dipplin|76\/100\n|move|p1b: Dipplin|Growth|p1b: Dipplin\n|-boost|p1b: Dipplin|atk|2\n|-boost|p1b: Dipplin|spa|2\n|move|p2b: Torkoal|Eruption|p1a: Ninetales|[spread] p1a,p1b\n|-resisted|p1a: Ninetales\n|-resisted|p1b: Dipplin\n|-damage|p1a: Ninetales|50\/100\n|-damage|p1b: Dipplin|50\/100\n|\n|-weather|SunnyDay|[upkeep]\n|-damage|p2a: Iron Hands|94\/100 brn|[from] brn\n|upkeep\n|turn|4\n|inactive|lcnrcr06 has 30 seconds left.\n|\n|t:|1699904015\n|move|p1a: Ninetales|Heat Wave|p2a: Iron Hands|[spread] p2a,p2b\n|-resisted|p2b: Torkoal\n|-damage|p2a: Iron Hands|73\/100 brn\n|-damage|p2b: Torkoal|77\/100\n|move|p2a: Iron Hands|Wild Charge|p1b: Dipplin\n|-supereffective|p1b: Dipplin\n|-damage|p1b: Dipplin|33\/100\n|-damage|p2a: Iron Hands|70\/100 brn|[from] Recoil\n|move|p1b: Dipplin|Dragon Pulse|p2b: Torkoal\n|-damage|p2b: Torkoal|0 fnt\n|faint|p2b: Torkoal\n|\n|-weather|SunnyDay|[upkeep]\n|-damage|p2a: Iron Hands|63\/100 brn|[from] brn\n|upkeep\n|\n|t:|1699904023\n|switch|p2b: Flutter Mane|Flutter Mane, L50|100\/100\n|-activate|p2b: Flutter Mane|ability: Protosynthesis\n|-start|p2b: Flutter Mane|protosynthesisspa\n|turn|5\n|\n|t:|1699904040\n|-end|p2a: Iron Hands|Quark Drive|[silent]\n|switch|p2a: Chi-Yu|Chi-Yu, L50|91\/100\n|-ability|p2a: Chi-Yu|Beads of Ruin\n|-terastallize|p2b: Flutter Mane|Fairy\n|move|p1b: Dipplin|Protect|p1b: Dipplin\n|-singleturn|p1b: Dipplin|Protect\n|move|p2b: Flutter Mane|Dazzling Gleam|p1b: Dipplin|[spread] p1a\n|-activate|p1b: Dipplin|move: Protect\n|-resisted|p1a: Ninetales\n|-damage|p1a: Ninetales|0 fnt\n|faint|p1a: Ninetales\n|\n|-weather|SunnyDay|[upkeep]\n|upkeep\n|\n|t:|1699904051\n|switch|p1a: Mudsdale|Mudsdale, L50, F|100\/100\n|turn|6\n|\n|t:|1699904061\n|move|p2b: Flutter Mane|Dazzling Gleam|p1a: Mudsdale|[spread] p1a,p1b\n|-damage|p1a: Mudsdale|17\/100\n|-damage|p1b: Dipplin|0 fnt\n|-ability|p1a: Mudsdale|Stamina|boost\n|-boost|p1a: Mudsdale|def|1\n|faint|p1b: Dipplin\n|move|p2a: Chi-Yu|Heat Wave|p1a: Mudsdale\n|-damage|p1a: Mudsdale|0 fnt\n|faint|p1a: Mudsdale\n|-damage|p2a: Chi-Yu|81\/100|[from] item: Life Orb\n|\n|win|rennui-\n|raw|lcnrcr06's rating: 1469 &rarr; <strong>1452<\/strong><br \/>(-17 for losing)\n|raw|rennui-'s rating: 1529 &rarr; <strong>1546<\/strong><br \/>(+17 for winning)\n","uploadtime":1699904087,"views":27,"p1id":"lcnrcr06","p2id":"rennui","formatid":"gen9vgc2023regulatione","rating":1452,"private":0,"password":""}