{"id":"gen9vgc2023regulatione-1994984979","p1":"Ginot","p2":"PennyPennyPenPen","format":"[Gen 9] VGC 2023 Regulation E","log":"|j|\u2606Ginot\n|j|\u2606PennyPennyPenPen\n|t:|1700510566\n|gametype|doubles\n|player|p1|Ginot|2|1130\n|player|p2|PennyPennyPenPen|wattson|1027\n|teamsize|p1|6\n|teamsize|p2|6\n|gen|9\n|tier|[Gen 9] VGC 2023 Regulation E\n|rated|\n|rule|Species Clause: Limit one of each Pok\u00e9mon\n|rule|Item Clause: Limit one of each item\n|clearpoke\n|poke|p1|Articuno-Galar, L50|\n|poke|p1|Ursaluna, L50, F|\n|poke|p1|Indeedee-F, L50, F|\n|poke|p1|Amoonguss, L50, M|\n|poke|p1|Torkoal, L50, F|\n|poke|p1|Annihilape, L50, M|\n|poke|p2|Gengar, L50, M|\n|poke|p2|Clefable, L50, F|\n|poke|p2|Snorlax, L50, M|\n|poke|p2|Quagsire, L50, M|\n|poke|p2|Raichu, L50, M|\n|poke|p2|Quilladin, L50, M|\n|teampreview|4\nPennyPennyPenPen rejected open team sheets.\n|inactive|Battle timer is ON: inactive players will automatically lose when time's up. (requested by PennyPennyPenPen)\n|\n|t:|1700510636\n|start\n|switch|p1a: Indeedee|Indeedee-F, L50, F|100\/100\n|switch|p1b: Amoonguss|Amoonguss, L50, M|100\/100\n|switch|p2a: Sammy|Snorlax, L50, M|100\/100\n|switch|p2b: Christopher|Quagsire, L50, M|100\/100\n|-fieldstart|move: Psychic Terrain|[from] ability: Psychic Surge|[of] p1a: Indeedee\n|turn|1\n|inactive|Ginot has 30 seconds left.\n|\n|t:|1700510670\n|switch|p1a: Ursaluna|Ursaluna, L50, F|100\/100\n|move|p2b: Christopher|Stomping Tantrum|p1b: Amoonguss\n|-damage|p1b: Amoonguss|80\/100\n|-damage|p2b: Christopher|84\/100|[from] item: Rocky Helmet|[of] p1b: Amoonguss\n|move|p2a: Sammy|Hammer Arm|p1a: Ursaluna\n|-supereffective|p1a: Ursaluna\n|-damage|p1a: Ursaluna|63\/100\n|-unboost|p2a: Sammy|spe|1\n|move|p1b: Amoonguss|Spore|p2a: Sammy\n|-status|p2a: Sammy|slp|[from] move: Spore\n|\n|-status|p1a: Ursaluna|brn|[from] item: Flame Orb\n|upkeep\n|turn|2\n|inactive|Ginot has 30 seconds left.\n|inactive|PennyPennyPenPen has 30 seconds left.\n|\n|t:|1700510704\n|move|p2b: Christopher|Ice Beam|p1a: Ursaluna\n|-supereffective|p1a: Ursaluna\n|-damage|p1a: Ursaluna|36\/100 brn\n|move|p1a: Ursaluna|Facade|p2a: Sammy\n|-damage|p2a: Sammy|0 fnt\n|faint|p2a: Sammy\n|move|p1b: Amoonguss|Pollen Puff|p1a: Ursaluna\n|-heal|p1a: Ursaluna|86\/100 brn\n|\n|-damage|p1a: Ursaluna|80\/100 brn|[from] brn\n|upkeep\n|\n|t:|1700510716\n|switch|p2a: Marissa|Clefable, L50, F|100\/100\n|turn|3\n|\n|t:|1700510728\n|-terastallize|p1a: Ursaluna|Ghost\n|move|p2a: Marissa|Meteor Mash|p1b: Amoonguss\n|-damage|p1b: Amoonguss|61\/100\n|move|p2b: Christopher|Ice Beam|p1a: Ursaluna\n|-damage|p1a: Ursaluna|68\/100 brn\n|move|p1a: Ursaluna|Facade|p2a: Marissa\n|-damage|p2a: Marissa|0 fnt\n|faint|p2a: Marissa\n|move|p1b: Amoonguss|Spore|p2b: Christopher\n|-status|p2b: Christopher|slp|[from] move: Spore\n|\n|-damage|p1a: Ursaluna|62\/100 brn|[from] brn\n|upkeep\n|\n|t:|1700510744\n|switch|p2a: Kyle|Gengar, L50, M|100\/100\n|turn|4\n|\n|t:|1700510755\n|-terastallize|p2a: Kyle|Ghost\n|move|p1b: Amoonguss|Rage Powder|p1b: Amoonguss\n|-singleturn|p1b: Amoonguss|move: Rage Powder\n|move|p2a: Kyle|Shadow Ball|p1b: Amoonguss\n|-damage|p1b: Amoonguss|18\/100\n|cant|p2b: Christopher|slp\n|move|p1a: Ursaluna|Facade|p2b: Christopher\n|-damage|p2b: Christopher|0 fnt\n|faint|p2b: Christopher\n|\n|-damage|p1a: Ursaluna|56\/100 brn|[from] brn\n|upkeep\n|turn|5\n|\n|t:|1700510772\n|switch|p1b: Indeedee|Indeedee-F, L50, F|100\/100\n|move|p1a: Ursaluna|Protect|p1a: Ursaluna\n|-singleturn|p1a: Ursaluna|Protect\n|move|p2a: Kyle|Shadow Ball|p1a: Ursaluna\n|-activate|p1a: Ursaluna|move: Protect\n|\n|-damage|p1a: Ursaluna|50\/100 brn|[from] brn\n|-fieldend|move: Psychic Terrain\n|upkeep\n|turn|6\n|\n|t:|1700510787\n|move|p1b: Indeedee|Follow Me|p1b: Indeedee\n|-singleturn|p1b: Indeedee|move: Follow Me\n|move|p2a: Kyle|Shadow Ball|p1b: Indeedee\n|-immune|p1b: Indeedee\n|move|p1a: Ursaluna|High Horsepower|p2a: Kyle\n|-damage|p2a: Kyle|0 fnt\n|-damage|p1a: Ursaluna|34\/100 brn|[from] item: Rocky Helmet|[of] p2a: Kyle\n|faint|p2a: Kyle\n|\n|win|Ginot\n|raw|Ginot's rating: 1130 &rarr; <strong>1148<\/strong><br \/>(+18 for winning)\n|raw|PennyPennyPenPen's rating: 1027 &rarr; <strong>1017<\/strong><br \/>(-10 for losing)\n|c|\u2606PennyPennyPenPen|Good games!\n|l|\u2606Ginot\n","uploadtime":1700510809,"views":16,"p1id":"ginot","p2id":"pennypennypenpen","formatid":"gen9vgc2023regulatione","rating":1017,"private":0,"password":""}