{"id":"gen9vgc2023regulatione-1988166519","p1":"notmonica","p2":"kevszion2","format":"[Gen 9] VGC 2023 Regulation E","log":"|j|\u2606notmonica\n|j|\u2606kevszion2\n|t:|1699678353\n|gametype|doubles\n|player|p1|notmonica|266|1270\n|player|p2|kevszion2|101|1203\n|teamsize|p1|6\n|teamsize|p2|6\n|gen|9\n|tier|[Gen 9] VGC 2023 Regulation E\n|rated|\n|rule|Species Clause: Limit one of each Pok\u00e9mon\n|rule|Item Clause: Limit one of each item\n|clearpoke\n|poke|p1|Spectrier, L50|\n|poke|p1|Grimmsnarl, L50, M|\n|poke|p1|Rillaboom, L50, M|\n|poke|p1|Ogerpon-Hearthflame, L50, F|\n|poke|p1|Poliwrath, L50, F|\n|poke|p1|Landorus-Therian, L50, M|\n|poke|p2|Kommo-o, L50, M|\n|poke|p2|Clefairy, L50, F|\n|poke|p2|Iron Hands, L50|\n|poke|p2|Landorus, L50, M|\n|poke|p2|Urshifu-*, L50, F|\n|poke|p2|Chien-Pao, L50|\n|teampreview|4\n|\n|t:|1699678398\n|start\n|switch|p1a: Grimmsnarl|Grimmsnarl, L50, M|100\/100\n|switch|p1b: Spectrier|Spectrier, L50|100\/100\n|switch|p2a: Chien-Pao|Chien-Pao, L50|100\/100\n|switch|p2b: Iron Hands|Iron Hands, L50|100\/100\n|-ability|p2a: Chien-Pao|Sword of Ruin\n|turn|1\n|\n|t:|1699678420\n|move|p2b: Iron Hands|Fake Out|p1a: Grimmsnarl\n|-damage|p1a: Grimmsnarl|82\/100\n|cant|p1a: Grimmsnarl|flinch\n|move|p2a: Chien-Pao|Ice Spinner|p1a: Grimmsnarl\n|-damage|p1a: Grimmsnarl|31\/100\n|move|p1b: Spectrier|Will-O-Wisp|p2b: Iron Hands\n|-status|p2b: Iron Hands|brn\n|\n|-damage|p2b: Iron Hands|95\/100 brn|[from] brn\n|upkeep\n|turn|2\n|\n|t:|1699678434\n|move|p1a: Grimmsnarl|Reflect|p1a: Grimmsnarl\n|-sidestart|p1: notmonica|Reflect\n|move|p2a: Chien-Pao|Ice Spinner|p1a: Grimmsnarl\n|-crit|p1a: Grimmsnarl\n|-damage|p1a: Grimmsnarl|0 fnt\n|faint|p1a: Grimmsnarl\n|move|p1b: Spectrier|Will-O-Wisp|p2a: Chien-Pao\n|-status|p2a: Chien-Pao|brn\n|move|p2b: Iron Hands|Heavy Slam|p1b: Spectrier\n|-damage|p1b: Spectrier|81\/100\n|\n|-damage|p2a: Chien-Pao|95\/100 brn|[from] brn\n|-damage|p2b: Iron Hands|89\/100 brn|[from] brn\n|upkeep\n|\n|t:|1699678447\n|switch|p1a: Landorus|Landorus-Therian, L50, M|100\/100\n|-ability|p1a: Landorus|Intimidate|boost\n|-unboost|p2a: Chien-Pao|atk|1\n|-unboost|p2b: Iron Hands|atk|1\n|turn|3\n|\n|t:|1699678463\n|switch|p1b: Poliwrath|Poliwrath, L50, F|100\/100\n|move|p1a: Landorus|Stomping Tantrum|p2a: Chien-Pao\n|-crit|p2a: Chien-Pao\n|-damage|p2a: Chien-Pao|2\/100 brn\n|move|p2a: Chien-Pao|Ice Spinner|p1a: Landorus\n|-supereffective|p1a: Landorus\n|-damage|p1a: Landorus|44\/100\n|move|p2b: Iron Hands|Heavy Slam|p1a: Landorus\n|-damage|p1a: Landorus|29\/100\n|\n|-damage|p2a: Chien-Pao|0 fnt|[from] brn\n|faint|p2a: Chien-Pao\n|-damage|p2b: Iron Hands|83\/100 brn|[from] brn\n|upkeep\n|\n|t:|1699678480\n|switch|p2a: Urshifu|Urshifu-Rapid-Strike, L50, F|100\/100\n|turn|4\n|\n|t:|1699678510\n|switch|p1a: Spectrier|Spectrier, L50|81\/100\n|move|p2a: Urshifu|Surging Strikes|p1a: Spectrier\n|-crit|p1a: Spectrier\n|-damage|p1a: Spectrier|58\/100\n|-crit|p1a: Spectrier\n|-damage|p1a: Spectrier|34\/100\n|-enditem|p1a: Spectrier|Sitrus Berry|[eat]\n|-heal|p1a: Spectrier|59\/100|[from] item: Sitrus Berry\n|-crit|p1a: Spectrier\n|-damage|p1a: Spectrier|34\/100\n|-hitcount|p1a: Spectrier|3\n|move|p1b: Poliwrath|Bulk Up|p1b: Poliwrath\n|-boost|p1b: Poliwrath|atk|1\n|-boost|p1b: Poliwrath|def|1\n|move|p2b: Iron Hands|Wild Charge|p1b: Poliwrath\n|-supereffective|p1b: Poliwrath\n|-damage|p1b: Poliwrath|86\/100\n|-damage|p2b: Iron Hands|80\/100 brn|[from] Recoil\n|\n|-heal|p1b: Poliwrath|92\/100|[from] item: Leftovers\n|-damage|p2b: Iron Hands|75\/100 brn|[from] brn\n|upkeep\n|turn|5\n|\n|t:|1699678543\n|move|p2a: Urshifu|Surging Strikes|p1a: Spectrier\n|-crit|p1a: Spectrier\n|-damage|p1a: Spectrier|12\/100\n|-crit|p1a: Spectrier\n|-damage|p1a: Spectrier|0 fnt\n|faint|p1a: Spectrier\n|-hitcount|p1: Spectrier|2\n|move|p1b: Poliwrath|Bulk Up|p1b: Poliwrath\n|-boost|p1b: Poliwrath|atk|1\n|-boost|p1b: Poliwrath|def|1\n|move|p2b: Iron Hands|Wild Charge|p1b: Poliwrath\n|-supereffective|p1b: Poliwrath\n|-damage|p1b: Poliwrath|79\/100\n|-damage|p2b: Iron Hands|73\/100 brn|[from] Recoil\n|\n|-heal|p1b: Poliwrath|85\/100|[from] item: Leftovers\n|-damage|p2b: Iron Hands|67\/100 brn|[from] brn\n|upkeep\n|\n|t:|1699678558\n|switch|p1a: Landorus|Landorus-Therian, L50, M|29\/100\n|-ability|p1a: Landorus|Intimidate|boost\n|-unboost|p2a: Urshifu|atk|1\n|-unboost|p2b: Iron Hands|atk|1\n|turn|6\n|\n|t:|1699678585\n|-terastallize|p1b: Poliwrath|Fire\n|move|p2a: Urshifu|Surging Strikes|p1a: Landorus\n|-supereffective|p1a: Landorus\n|-crit|p1a: Landorus\n|-damage|p1a: Landorus|0 fnt\n|faint|p1a: Landorus\n|-hitcount|p1: Landorus|1\n|move|p1b: Poliwrath|Waterfall|p2b: Iron Hands\n|-damage|p2b: Iron Hands|19\/100 brn\n|cant|p2b: Iron Hands|flinch\n|\n|-heal|p1b: Poliwrath|91\/100|[from] item: Leftovers\n|-damage|p2b: Iron Hands|13\/100 brn|[from] brn\n|upkeep\n|turn|7\n|\n|t:|1699678603\n|move|p2a: Urshifu|Surging Strikes|p1b: Poliwrath\n|-heal|p1b: Poliwrath|100\/100|[from] ability: Water Absorb|[of] p2a: Urshifu\n|move|p1b: Poliwrath|Waterfall|p2b: Iron Hands\n|-damage|p2b: Iron Hands|0 fnt\n|faint|p2b: Iron Hands\n|-end|p2b: Iron Hands|Quark Drive|[silent]\n|\n|upkeep\n|\n|t:|1699678609\n|switch|p2b: Landorus|Landorus, L50, M|100\/100\n|turn|8\n|\n|t:|1699678615\n|-terastallize|p2b: Landorus|Poison\n|move|p2a: Urshifu|Surging Strikes|p1b: Poliwrath\n|-immune|p1b: Poliwrath|[from] ability: Water Absorb\n|move|p2b: Landorus|Earth Power|p1b: Poliwrath\n|-supereffective|p1b: Poliwrath\n|-damage|p1b: Poliwrath|0 fnt\n|faint|p1b: Poliwrath\n|\n|win|kevszion2\n|raw|notmonica's rating: 1270 &rarr; <strong>1240<\/strong><br \/>(-30 for losing)\n|raw|kevszion2's rating: 1203 &rarr; <strong>1233<\/strong><br \/>(+30 for winning)\n","uploadtime":1699678629,"views":19,"p1id":"notmonica","p2id":"kevszion2","formatid":"gen9vgc2023regulatione","rating":1233,"private":0,"password":""}