{"id":"gen9vgc2023regulatione-2000433164","p1":"Rokhy","p2":"Jeff101416","format":"[Gen 9] VGC 2023 Regulation E","log":"|j|\u2606Rokhy\n|j|\u2606Jeff101416\n|t:|1701194388\n|gametype|doubles\n|player|p1|Rokhy|101|1279\n|player|p2|Jeff101416|benga|1381\n|teamsize|p1|6\n|teamsize|p2|6\n|gen|9\n|tier|[Gen 9] VGC 2023 Regulation E\n|rated|\n|rule|Species Clause: Limit one of each Pok\u00e9mon\n|rule|Item Clause: Limit one of each item\n|clearpoke\n|poke|p1|Tyranitar, L50, M|\n|poke|p1|Roaring Moon, L50|\n|poke|p1|Milotic, L50, M|\n|poke|p1|Cresselia, L50, F|\n|poke|p1|Arcanine-Hisui, L50, F|\n|poke|p1|Scyther, L50, M|\n|poke|p2|Oranguru, L50, M|\n|poke|p2|Maushold-Four, L50|\n|poke|p2|Torkoal, L50, M|\n|poke|p2|Ursaluna-Bloodmoon, L50, M|\n|poke|p2|Farigiraf, L50, F|\n|poke|p2|Urshifu-*, L50, M|\n|teampreview|4\n|inactive|Battle timer is ON: inactive players will automatically lose when time's up. (requested by Jeff101416)\n|\n|t:|1701194418\n|start\n|switch|p1a: Cresselia|Cresselia, L50, F|100\/100\n|switch|p1b: Scyther|Scyther, L50, M, shiny|100\/100\n|switch|p2a: Urshifu|Urshifu, L50, M|100\/100\n|switch|p2b: Oranguru|Oranguru, L50, M|100\/100\n|turn|1\n|\n|t:|1701194438\n|-terastallize|p2b: Oranguru|Fairy\n|move|p1b: Scyther|Swords Dance|p1b: Scyther\n|-boost|p1b: Scyther|atk|2\n|move|p2a: Urshifu|Wicked Blow|p1a: Cresselia\n|-supereffective|p1a: Cresselia\n|-crit|p1a: Cresselia\n|-damage|p1a: Cresselia|12\/100\n|-damage|p2a: Urshifu|84\/100|[from] item: Rocky Helmet|[of] p1a: Cresselia\n|move|p1a: Cresselia|Moonblast|p2a: Urshifu\n|-supereffective|p2a: Urshifu\n|-damage|p2a: Urshifu|0 fnt\n|faint|p2a: Urshifu\n|move|p2b: Oranguru|Trick Room|p2b: Oranguru\n|-fieldstart|move: Trick Room|[of] p2b: Oranguru\n|\n|upkeep\n|\n|t:|1701194444\n|switch|p2a: Torkoal|Torkoal, L50, M|100\/100\n|-weather|SunnyDay|[from] ability: Drought|[of] p2a: Torkoal\n|turn|2\n|\n|t:|1701194461\n|-terastallize|p1b: Scyther|Normal\n|move|p1a: Cresselia|Helping Hand|p1b: Scyther\n|-singleturn|p1b: Scyther|Helping Hand|[of] p1a: Cresselia\n|move|p1b: Scyther|Quick Attack|p2a: Torkoal\n|-damage|p2a: Torkoal|35\/100\n|move|p2a: Torkoal|Eruption|p1a: Cresselia|[spread] p1a,p1b\n|-damage|p1a: Cresselia|0 fnt\n|-damage|p1b: Scyther|73\/100\n|faint|p1a: Cresselia\n|move|p2b: Oranguru|Instruct|p2a: Torkoal\n|-singleturn|p2a: Torkoal|move: Instruct|[of] p2b: Oranguru\n|move|p2a: Torkoal|Eruption|p1b: Scyther\n|-damage|p1b: Scyther|31\/100\n|\n|-weather|SunnyDay|[upkeep]\n|upkeep\n|\n|t:|1701194474\n|switch|p1a: Tyranitar|Tyranitar, L50, M, shiny|100\/100\n|-weather|Sandstorm|[from] ability: Sand Stream|[of] p1a: Tyranitar\n|turn|3\n|\n|t:|1701194483\n|move|p1b: Scyther|Quick Attack|p2a: Torkoal\n|-damage|p2a: Torkoal|0 fnt\n|faint|p2a: Torkoal\n|move|p2b: Oranguru|Psychic|p1b: Scyther\n|-damage|p1b: Scyther|5\/100\n|move|p1a: Tyranitar|Ancient Power|p2b: Oranguru\n|-damage|p2b: Oranguru|86\/100\n|\n|-weather|Sandstorm|[upkeep]\n|-damage|p2b: Oranguru|80\/100|[from] Sandstorm\n|-damage|p1b: Scyther|0 fnt|[from] Sandstorm\n|faint|p1b: Scyther\n|upkeep\n|\n|t:|1701194494\n|switch|p2a: Ursaluna|Ursaluna-Bloodmoon, L50, M|100\/100\n|switch|p1b: Milotic|Milotic, L50, M, shiny|100\/100\n|turn|4\n|\n|t:|1701194510\n|move|p2a: Ursaluna|Earth Power|p1a: Tyranitar\n|-supereffective|p1a: Tyranitar\n|-crit|p1a: Tyranitar\n|-damage|p1a: Tyranitar|23\/100\n|-enditem|p1a: Tyranitar|Weakness Policy\n|-boost|p1a: Tyranitar|atk|2|[from] item: Weakness Policy\n|-boost|p1a: Tyranitar|spa|2|[from] item: Weakness Policy\n|move|p2b: Oranguru|Instruct|p2a: Ursaluna\n|-singleturn|p2a: Ursaluna|move: Instruct|[of] p2b: Oranguru\n|move|p2a: Ursaluna|Earth Power|p1a: Tyranitar\n|-supereffective|p1a: Tyranitar\n|-damage|p1a: Tyranitar|0 fnt\n|faint|p1a: Tyranitar\n|move|p1b: Milotic|Scald|p2a: Ursaluna\n|-supereffective|p2a: Ursaluna\n|-damage|p2a: Ursaluna|40\/100\n|\n|-weather|Sandstorm|[upkeep]\n|-damage|p2b: Oranguru|74\/100|[from] Sandstorm\n|upkeep\n|turn|5\n|\n|t:|1701194528\n|move|p1b: Milotic|Protect|p1b: Milotic\n|-singleturn|p1b: Milotic|Protect\n|move|p2a: Ursaluna|Blood Moon|p1b: Milotic\n|-activate|p1b: Milotic|move: Protect\n|move|p2b: Oranguru|Instruct|p2a: Ursaluna\n|-singleturn|p2a: Ursaluna|move: Instruct|[of] p2b: Oranguru\n|move|p2a: Ursaluna|Blood Moon|p1b: Milotic\n|-activate|p1b: Milotic|move: Protect\n|-hint|Some effects can force a Pokemon to use Blood Moon again in a row.\n|\n|-weather|Sandstorm|[upkeep]\n|-damage|p2b: Oranguru|69\/100|[from] Sandstorm\n|-fieldend|move: Trick Room\n|upkeep\n|turn|6\n|\n|t:|1701194551\n|move|p1b: Milotic|Scald|p2a: Ursaluna\n|-supereffective|p2a: Ursaluna\n|-damage|p2a: Ursaluna|0 fnt\n|faint|p2a: Ursaluna\n|move|p2b: Oranguru|Trick Room|p2b: Oranguru\n|-fieldstart|move: Trick Room|[of] p2b: Oranguru\n|\n|-weather|Sandstorm|[upkeep]\n|-damage|p2b: Oranguru|63\/100|[from] Sandstorm\n|upkeep\n|turn|7\n|-message|Jeff101416 forfeited.\n|\n|win|Rokhy\n|raw|Rokhy's rating: 1279 &rarr; <strong>1311<\/strong><br \/>(+32 for winning)\n|raw|Jeff101416's rating: 1381 &rarr; <strong>1355<\/strong><br \/>(-26 for losing)\n|l|\u2606Jeff101416\n","uploadtime":1701194562,"views":1,"p1id":"rokhy","p2id":"jeff101416","formatid":"gen9vgc2023regulatione","rating":1311,"private":0,"password":""}