{"id":"gen9vgc2023regulatione-1991324654","p1":"guillespia","p2":"Judang","format":"[Gen 9] VGC 2023 Regulation E","log":"|j|\u2606guillespia\n|j|\u2606Judang\n|t:|1700067680\n|gametype|doubles\n|player|p1|guillespia|1|1442\n|player|p2|Judang|ruinmaniac|1538\n|teamsize|p1|6\n|teamsize|p2|6\n|gen|9\n|tier|[Gen 9] VGC 2023 Regulation E\n|rated|\n|rule|Species Clause: Limit one of each Pok\u00e9mon\n|rule|Item Clause: Limit one of each item\n|clearpoke\n|poke|p1|Tatsugiri, L50, F|\n|poke|p1|Dondozo, L50, M|\n|poke|p1|Tornadus, L50, M|\n|poke|p1|Iron Hands, L50|\n|poke|p1|Ogerpon-Hearthflame, L50, F|\n|poke|p1|Glimmora, L50, F|\n|poke|p2|Tyranitar, L50, F|\n|poke|p2|Farigiraf, L50, F|\n|poke|p2|Garchomp, L50, M|\n|poke|p2|Chien-Pao, L50|\n|poke|p2|Glimmora, L50, M|\n|poke|p2|Zapdos-Galar, L50|\n|teampreview|4\n|inactive|Battle timer is ON: inactive players will automatically lose when time's up. (requested by guillespia)\n|\n|t:|1700067733\n|start\n|switch|p1a: Ogerpon|Ogerpon-Hearthflame, L50, F|100\/100\n|switch|p1b: Iron Hands|Iron Hands, L50|100\/100\n|switch|p2a: Garchomp|Garchomp, L50, M|100\/100\n|switch|p2b: Tyranitar|Tyranitar, L50, F|100\/100\n|-ability|p1a: Ogerpon|Mold Breaker\n|-weather|Sandstorm|[from] ability: Sand Stream|[of] p2b: Tyranitar\n|turn|1\n|inactive|guillespia has 30 seconds left.\n|\n|t:|1700067758\n|-terastallize|p2b: Tyranitar|Flying\n|move|p1b: Iron Hands|Fake Out|p2a: Garchomp\n|-damage|p2a: Garchomp|87\/100\n|move|p1a: Ogerpon|Wood Hammer|p2b: Tyranitar\n|-resisted|p2b: Tyranitar\n|-damage|p2b: Tyranitar|74\/100\n|-damage|p1a: Ogerpon|89\/100|[from] Recoil\n|cant|p2a: Garchomp|flinch\n|move|p2b: Tyranitar|Tera Blast|p1a: Ogerpon|[anim] Tera Blast Flying\n|-supereffective|p1a: Ogerpon\n|-damage|p1a: Ogerpon|0 fnt\n|faint|p1a: Ogerpon\n|\n|-weather|Sandstorm|[upkeep]\n|-damage|p2b: Tyranitar|68\/100|[from] Sandstorm\n|-damage|p1b: Iron Hands|94\/100|[from] Sandstorm\n|upkeep\n|\n|t:|1700067765\n|switch|p1a: Dondozo|Dondozo, L50, M|100\/100\n|turn|2\n|\n|t:|1700067785\n|-end|p1b: Iron Hands|Quark Drive|[silent]\n|switch|p1b: Tatsugiri|Tatsugiri, L50, F|100\/100\n|-activate|p1b: Tatsugiri|ability: Commander|[of] p1a: Dondozo\n|-boost|p1a: Dondozo|atk|2\n|-boost|p1a: Dondozo|spa|2\n|-boost|p1a: Dondozo|spe|2\n|-boost|p1a: Dondozo|def|2\n|-boost|p1a: Dondozo|spd|2\n|move|p1a: Dondozo|Order Up|p2a: Garchomp\n|-supereffective|p2a: Garchomp\n|-damage|p2a: Garchomp|17\/100\n|-boost|p1a: Dondozo|atk|1\n|move|p2a: Garchomp|Earthquake|p1b: Tatsugiri|[spread] p1a\n|-miss|p2a: Garchomp|p1b: Tatsugiri\n|-immune|p2b: Tyranitar\n|-damage|p1a: Dondozo|90\/100\n|move|p2b: Tyranitar|Knock Off|p1a: Dondozo\n|-damage|p1a: Dondozo|72\/100\n|-enditem|p1a: Dondozo|Leftovers|[from] move: Knock Off|[of] p2b: Tyranitar\n|\n|-weather|Sandstorm|[upkeep]\n|-damage|p1a: Dondozo|65\/100|[from] Sandstorm\n|-damage|p1b: Tatsugiri|95\/100|[from] Sandstorm\n|-damage|p2b: Tyranitar|62\/100|[from] Sandstorm\n|upkeep\n|turn|3\n|inactive|Judang has 30 seconds left.\n|\n|t:|1700067815\n|move|p1a: Dondozo|Order Up|p2a: Garchomp\n|-supereffective|p2a: Garchomp\n|-damage|p2a: Garchomp|0 fnt\n|faint|p2a: Garchomp\n|-boost|p1a: Dondozo|atk|1\n|move|p2b: Tyranitar|Tera Blast|p1a: Dondozo|[anim] Tera Blast Flying\n|-damage|p1a: Dondozo|52\/100\n|\n|-weather|Sandstorm|[upkeep]\n|-damage|p1a: Dondozo|46\/100|[from] Sandstorm\n|-damage|p1b: Tatsugiri|89\/100|[from] Sandstorm\n|-damage|p2b: Tyranitar|56\/100|[from] Sandstorm\n|upkeep\n|\n|t:|1700067829\n|switch|p2a: Zapdos|Zapdos-Galar, L50|100\/100\n|turn|4\n|inactive|guillespia has 30 seconds left.\n|\n|t:|1700067863\n|move|p2a: Zapdos|Thunderous Kick|p1a: Dondozo\n|-damage|p1a: Dondozo|31\/100\n|-unboost|p1a: Dondozo|def|1\n|move|p1a: Dondozo|Order Up|p2b: Tyranitar\n|-damage|p2b: Tyranitar|15\/100\n|-boost|p1a: Dondozo|atk|1\n|move|p2b: Tyranitar|Tera Blast|p1a: Dondozo|[anim] Tera Blast Flying\n|-damage|p1a: Dondozo|11\/100\n|\n|-weather|Sandstorm|[upkeep]\n|-damage|p2a: Zapdos|94\/100|[from] Sandstorm\n|-damage|p1a: Dondozo|4\/100|[from] Sandstorm\n|-damage|p1b: Tatsugiri|84\/100|[from] Sandstorm\n|-damage|p2b: Tyranitar|9\/100|[from] Sandstorm\n|upkeep\n|turn|5\n|j| Playsterco\n|\n|t:|1700067888\n|move|p1a: Dondozo|Protect|p1a: Dondozo\n|-singleturn|p1a: Dondozo|Protect\n|move|p2a: Zapdos|Thunderous Kick|p1a: Dondozo\n|-activate|p1a: Dondozo|move: Protect\n|move|p2b: Tyranitar|Knock Off|p1a: Dondozo\n|-activate|p1a: Dondozo|move: Protect\n|\n|-weather|none\n|upkeep\n|turn|6\n|\n|t:|1700067908\n|move|p2a: Zapdos|Thunderous Kick|p1a: Dondozo\n|-damage|p1a: Dondozo|0 fnt\n|faint|p1a: Dondozo\n|move|p2b: Tyranitar|Knock Off|p1b: Tatsugiri\n|-damage|p1b: Tatsugiri|0 fnt\n|-enditem|p1b: Tatsugiri|Ability Shield|[from] move: Knock Off|[of] p2b: Tyranitar\n|faint|p1b: Tatsugiri\n|\n|upkeep\n|\n|t:|1700067912\n|switch|p1b: Iron Hands|Iron Hands, L50|94\/100\n|turn|7\n|\n|t:|1700067932\n|move|p1b: Iron Hands|Fake Out|p2b: Tyranitar\n|-damage|p2b: Tyranitar|0 fnt\n|faint|p2b: Tyranitar\n|move|p2a: Zapdos|Thunderous Kick|p1b: Iron Hands\n|-damage|p1b: Iron Hands|67\/100\n|-unboost|p1b: Iron Hands|def|1\n|\n|upkeep\n|\n|t:|1700067940\n|switch|p2b: Glimmora|Glimmora, L50, M|100\/100\n|turn|8\n|\n|t:|1700067959\n|-terastallize|p1b: Iron Hands|Flying\n|move|p2a: Zapdos|Thunderous Kick|p1b: Iron Hands\n|-resisted|p1b: Iron Hands\n|-damage|p1b: Iron Hands|46\/100\n|-unboost|p1b: Iron Hands|def|1\n|move|p2b: Glimmora|Earth Power|p1b: Iron Hands\n|-immune|p1b: Iron Hands\n|move|p1b: Iron Hands|Heavy Slam|p2b: Glimmora\n|-supereffective|p2b: Glimmora\n|-damage|p2b: Glimmora|25\/100\n|-activate|p2b: Glimmora|ability: Toxic Debris\n|-sidestart|p1: guillespia|move: Toxic Spikes\n|\n|upkeep\n|turn|9\n|c|\u2606Judang|Lol\n|c|\u2606Judang|Gg\n|\n|t:|1700067978\n|move|p2a: Zapdos|Thunderous Kick|p1b: Iron Hands\n|-resisted|p1b: Iron Hands\n|-damage|p1b: Iron Hands|18\/100\n|-unboost|p1b: Iron Hands|def|1\n|move|p2b: Glimmora|Earth Power|p1b: Iron Hands\n|-immune|p1b: Iron Hands\n|move|p1b: Iron Hands|Heavy Slam|p2b: Glimmora\n|-supereffective|p2b: Glimmora\n|-damage|p2b: Glimmora|0 fnt\n|-activate|p2b: Glimmora|ability: Toxic Debris\n|-sidestart|p1: guillespia|move: Toxic Spikes\n|faint|p2b: Glimmora\n|\n|upkeep\n|turn|10\n|inactive|guillespia has 30 seconds left.\n|\n|t:|1700068008\n|move|p2a: Zapdos|Thunderous Kick|p1b: Iron Hands\n|-resisted|p1b: Iron Hands\n|-damage|p1b: Iron Hands|0 fnt\n|faint|p1b: Iron Hands\n|-end|p1b: Iron Hands|Quark Drive|[silent]\n|\n|win|Judang\n|raw|guillespia's rating: 1442 &rarr; <strong>1427<\/strong><br \/>(-15 for losing)\n|raw|Judang's rating: 1538 &rarr; <strong>1553<\/strong><br \/>(+15 for winning)\n","uploadtime":1700068025,"views":18,"p1id":"guillespia","p2id":"judang","formatid":"gen9vgc2023regulatione","rating":1427,"private":0,"password":""}