{"id":"gen9vgc2023regulatione-1997502558","p1":"Yhdessa","p2":"BunnyWarrior","format":"[Gen 9] VGC 2023 Regulation E","log":"|j|\u2606Yhdessa\n|j|\u2606BunnyWarrior\n|n|\u2606Yhdessa|yhdessa\n|n|\u2606BunnyWarrior|bunnywarrior\n|html|View the match progress at <a href=\"\/game-bestof3-gen9vgc2023regulatione-1997502557\">game-bestof3-gen9vgc2023regulatione-1997502557<\/a>\n|t:|1700816462\n|gametype|doubles\n|player|p1|Yhdessa|lance|\n|player|p2|BunnyWarrior|skyla|\n|teamsize|p1|6\n|teamsize|p2|6\n|gen|9\n|tier|[Gen 9] VGC 2023 Regulation E\n|rule|Species Clause: Limit one of each Pok\u00e9mon\n|rule|Item Clause: Limit one of each item\n|clearpoke\n|poke|p1|Politoed, L50, F|\n|poke|p1|Hariyama, L50, M|\n|poke|p1|Dusclops, L50, M|\n|poke|p1|Vikavolt, L50, M|\n|poke|p1|Amoonguss, L50, F|\n|poke|p1|Cresselia, L50, F|\n|poke|p2|Tyranitar, L50, F|\n|poke|p2|Kommo-o, L50, F|\n|poke|p2|Clefable, L50, M|\n|poke|p2|Rotom-Wash, L50|\n|poke|p2|Tauros-Paldea-Blaze, L50, M|\n|poke|p2|Volbeat, L50, M|\n|teampreview|4\n|c|\u2606Yhdessa|hey!\n|c|\u2606Yhdessa|I didnt know it changed \u00e4 into an a\n|c|\u2606BunnyWarrior|hey\n|c|\u2606Yhdessa|https:\/\/pokepast.es\/6e7f222c232a698c\n|c|\u2606BunnyWarrior|i forgot to make to pokepaste gimme a sec\n|c|\u2606Yhdessa|yeah no worries\nBunnyWarrior rejected open team sheets.\n|c|\u2606BunnyWarrior|https:\/\/pokepast.es\/cb6e10cab12213b6\n|c|\u2606Yhdessa|just noticed this is game 2, I will switch to the other\n|c|\u2606Yhdessa|oh maybe not\n|c|\u2606Yhdessa|nvm\n|c|\u2606BunnyWarrior|this is g1\n|c|\u2606Yhdessa|r?\n|c|\u2606BunnyWarrior|ye\n|c|\u2606Yhdessa|gl!\n|c|\u2606BunnyWarrior|glhf\n|\n|t:|1700816699\n|start\n|switch|p1a: Dusclops|Dusclops, L50, M|100\/100\n|switch|p1b: Master Ball?!?!|Amoonguss, L50, F, shiny|100\/100\n|switch|p2a: bad5|Volbeat, L50, M|100\/100\n|switch|p2b: bad4|Tauros-Paldea-Blaze, L50, M|100\/100\n|-ability|p2b: bad4|Intimidate|boost\n|-unboost|p1a: Dusclops|atk|1\n|-unboost|p1b: Master Ball?!?!|atk|1\n|-ability|p1a: Dusclops|Pressure\n|turn|1\n|\n|t:|1700816741\n|switch|p1a: Cresselia|Cresselia, L50, F, shiny|100\/100\n|move|p2a: bad5|Taunt|p1a: Cresselia\n|-start|p1a: Cresselia|move: Taunt\n|move|p2b: bad4|Raging Bull|p1b: Master Ball?!?!\n|-supereffective|p1b: Master Ball?!?!\n|-damage|p1b: Master Ball?!?!|37\/100\n|move|p1b: Master Ball?!?!|Spore|p2a: bad5\n|-status|p2a: bad5|slp|[from] move: Spore\n|\n|-heal|p1b: Master Ball?!?!|43\/100|[from] item: Leftovers\n|upkeep\n|turn|2\n|\n|t:|1700816761\n|switch|p1a: Dusclops|Dusclops, L50, M|100\/100\n|-ability|p1a: Dusclops|Pressure\n|move|p2b: bad4|Protect|p2b: bad4\n|-singleturn|p2b: bad4|Protect\n|move|p1b: Master Ball?!?!|Protect|p1b: Master Ball?!?!\n|-singleturn|p1b: Master Ball?!?!|Protect\n|cant|p2a: bad5|slp\n|\n|-heal|p1b: Master Ball?!?!|48\/100|[from] item: Leftovers\n|upkeep\n|turn|3\n|\n|t:|1700816789\n|-curestatus|p2a: bad5|slp|[msg]\n|move|p2a: bad5|Taunt|p1a: Dusclops\n|-start|p1a: Dusclops|move: Taunt\n|move|p2b: bad4|Raging Bull|p1b: Master Ball?!?!\n|-supereffective|p1b: Master Ball?!?!\n|-damage|p1b: Master Ball?!?!|0 fnt\n|faint|p1b: Master Ball?!?!\n|cant|p1a: Dusclops|move: Taunt|Trick Room\n|\n|upkeep\n|\n|t:|1700816802\n|switch|p1b: Cresselia|Cresselia, L50, F, shiny|100\/100\n|turn|4\n|c|\u2606BunnyWarrior|that was lucky\n|c|\u2606Yhdessa|it really was xD\n|\n|t:|1700816830\n|switch|p2b: bad|Tyranitar, L50, F|100\/100\n|-weather|Sandstorm|[from] ability: Sand Stream|[of] p2b: bad\n|move|p2a: bad5|Thunder Wave|p1b: Cresselia\n|-status|p1b: Cresselia|par\n|move|p1b: Cresselia|Dazzling Gleam|p2b: bad|[spread] p2a,p2b\n|-supereffective|p2b: bad\n|-damage|p2a: bad5|91\/100\n|-damage|p2b: bad|91\/100\n|move|p1a: Dusclops|Night Shade|p2a: bad5\n|-damage|p2a: bad5|62\/100\n|\n|-weather|Sandstorm|[upkeep]\n|-damage|p2a: bad5|56\/100|[from] Sandstorm\n|-damage|p1b: Cresselia|94\/100 par|[from] Sandstorm\n|-damage|p1a: Dusclops|94\/100|[from] Sandstorm\n|upkeep\n|turn|5\n|\n|t:|1700816854\n|move|p2a: bad5|Thunder Wave|p1a: Dusclops\n|-status|p1a: Dusclops|par\n|move|p2b: bad|Knock Off|p1b: Cresselia\n|-supereffective|p1b: Cresselia\n|-damage|p1b: Cresselia|32\/100 par\n|-damage|p2b: bad|75\/100|[from] item: Rocky Helmet|[of] p1b: Cresselia\n|-enditem|p1b: Cresselia|Rocky Helmet|[from] move: Knock Off|[of] p2b: bad\n|move|p1a: Dusclops|Night Shade|p2a: bad5\n|-damage|p2a: bad5|27\/100\n|move|p1b: Cresselia|Trick Room|p1b: Cresselia\n|-fieldstart|move: Trick Room|[of] p1b: Cresselia\n|\n|-weather|Sandstorm|[upkeep]\n|-damage|p1a: Dusclops|88\/100 par|[from] Sandstorm\n|-damage|p1b: Cresselia|25\/100 par|[from] Sandstorm\n|-damage|p2a: bad5|21\/100|[from] Sandstorm\n|-end|p1a: Dusclops|move: Taunt\n|upkeep\n|turn|6\n|\n|t:|1700816886\n|move|p2a: bad5|Taunt|p1b: Cresselia\n|-start|p1b: Cresselia|move: Taunt\n|move|p1a: Dusclops|Night Shade|p2a: bad5\n|-damage|p2a: bad5|0 fnt\n|faint|p2a: bad5\n|cant|p1b: Cresselia|move: Taunt|Lunar Blessing\n|move|p2b: bad|Knock Off|p1b: Cresselia\n|-supereffective|p1b: Cresselia\n|-damage|p1b: Cresselia|0 fnt\n|faint|p1b: Cresselia\n|\n|-weather|Sandstorm|[upkeep]\n|-damage|p1a: Dusclops|82\/100 par|[from] Sandstorm\n|upkeep\n|\n|t:|1700816899\n|switch|p1b: Tubbz|Hariyama, L50, M|100\/100\n|switch|p2a: bad4|Tauros-Paldea-Blaze, L50, M|100\/100\n|-ability|p2a: bad4|Intimidate|boost\n|-unboost|p1a: Dusclops|atk|1\n|-unboost|p1b: Tubbz|atk|1\n|turn|7\n|c|\u2606Yhdessa|this is going really bad for me xD\n|c|\u2606BunnyWarrior|its only game 1\n|\n|t:|1700816938\n|-terastallize|p1b: Tubbz|Steel\n|-terastallize|p2b: bad|Flying\n|move|p1a: Dusclops|Will-O-Wisp|p2b: bad\n|-status|p2b: bad|brn\n|move|p1b: Tubbz|Drain Punch|p2a: bad4\n|-crit|p2a: bad4\n|-damage|p2a: bad4|44\/100\n|-enditem|p2a: bad4|Sitrus Berry|[eat]\n|-heal|p2a: bad4|69\/100|[from] item: Sitrus Berry\n|move|p2b: bad|Tera Blast|p1b: Tubbz|[anim] Tera Blast Flying\n|-resisted|p1b: Tubbz\n|-damage|p1b: Tubbz|87\/100\n|move|p2a: bad4|Raging Bull|p1b: Tubbz\n|-supereffective|p1b: Tubbz\n|-damage|p1b: Tubbz|0 fnt\n|faint|p1b: Tubbz\n|\n|-weather|Sandstorm|[upkeep]\n|-damage|p1a: Dusclops|76\/100 par|[from] Sandstorm\n|-damage|p2b: bad|69\/100 brn|[from] Sandstorm\n|-damage|p2a: bad4|63\/100|[from] Sandstorm\n|-damage|p2b: bad|62\/100 brn|[from] brn\n|upkeep\n|turn|8\n|\n|t:|1700816963\n|cant|p1a: Dusclops|par\n|move|p2b: bad|Knock Off|p1a: Dusclops\n|-supereffective|p1a: Dusclops\n|-damage|p1a: Dusclops|39\/100 par\n|-enditem|p1a: Dusclops|Eviolite|[from] move: Knock Off|[of] p2b: bad\n|move|p2a: bad4|Raging Bull|p1a: Dusclops\n|-damage|p1a: Dusclops|6\/100 par\n|\n|-weather|none\n|-damage|p2b: bad|56\/100 brn|[from] brn\n|upkeep\n|turn|9\n|\n|t:|1700817007\n|cant|p1a: Dusclops|par\n|move|p2b: bad|Knock Off|p1a: Dusclops\n|-supereffective|p1a: Dusclops\n|-damage|p1a: Dusclops|0 fnt\n|faint|p1a: Dusclops\n|\n|win|BunnyWarrior\n|inactive|Yhdessa has 50 seconds to confirm battle start!\n|inactive|BunnyWarrior has 50 seconds to confirm battle start!\n|c|&|\/uhtml prompt-bunnywarrior,BunnyWarrior is ready for game 2!\n|c|&|\/uhtml prompt-yhdessa,Yhdessa is ready for game 2!\nBoth players are ready! Starting next match!\n|l|\u2606Yhdessa\n","uploadtime":1700817564,"views":7,"p1id":"yhdessa","p2id":"bunnywarrior","formatid":"gen9vgc2023regulatione","rating":0,"private":0,"password":""}