{"id":"gen9vgc2023regulatione-1990960247","p1":"j1m13o","p2":"k4w4ji","format":"[Gen 9] VGC 2023 Regulation E","log":"|j|\u2606j1m13o\n|j|\u2606k4w4ji\n|t:|1700020049\n|gametype|doubles\n|player|p1|j1m13o|102|1191\n|player|p2|k4w4ji|red|1152\n|teamsize|p1|6\n|teamsize|p2|6\n|gen|9\n|tier|[Gen 9] VGC 2023 Regulation E\n|rated|\n|rule|Species Clause: Limit one of each Pok\u00e9mon\n|rule|Item Clause: Limit one of each item\n|clearpoke\n|poke|p1|Ursaluna-Bloodmoon, L50, M|\n|poke|p1|Torkoal, L50, M|\n|poke|p1|Dusclops, L50, M|\n|poke|p1|Clefable, L50, F|\n|poke|p1|Golem-Alola, L50, F|\n|poke|p1|Lucario, L50, M|\n|poke|p2|Chien-Pao, L50|\n|poke|p2|Arcanine-Hisui, L50, M|\n|poke|p2|Tornadus, L50, M|\n|poke|p2|Urshifu-*, L50, M|\n|poke|p2|Rillaboom, L50, F|\n|poke|p2|Flutter Mane, L50|\n|teampreview|4\n|inactive|Battle timer is ON: inactive players will automatically lose when time's up. (requested by j1m13o)\n|inactive|k4w4ji has 60 seconds left.\n|\n|t:|1700020100\n|start\n|switch|p1a: Mr. Hands|Dusclops, L50, M|100\/100\n|switch|p1b: Clefable|Clefable, L50, F|100\/100\n|switch|p2a: Chien-Pao|Chien-Pao, L50|100\/100\n|switch|p2b: Arcanine|Arcanine-Hisui, L50, M|100\/100\n|-ability|p2a: Chien-Pao|Sword of Ruin\n|-ability|p2b: Arcanine|Intimidate|boost\n|-unboost|p1a: Mr. Hands|atk|1\n|-unboost|p1b: Clefable|atk|1\n|-item|p2a: Chien-Pao|Life Orb|[from] ability: Frisk|[of] p1a: Mr. Hands|[identify]\n|-item|p2b: Arcanine|Choice Band|[from] ability: Frisk|[of] p1a: Mr. Hands|[identify]\n|turn|1\n|inactive|k4w4ji has 30 seconds left.\n|\n|t:|1700020135\n|move|p1b: Clefable|Follow Me|p1b: Clefable\n|-singleturn|p1b: Clefable|move: Follow Me\n|move|p2a: Chien-Pao|Crunch|p1b: Clefable\n|-resisted|p1b: Clefable\n|-damage|p1b: Clefable|63\/100\n|-unboost|p1b: Clefable|def|1\n|-enditem|p1b: Clefable|Eject Button\n|-damage|p2a: Chien-Pao|91\/100|[from] item: Life Orb\n|\n|t:|1700020142\n|switch|p1b: Ursaluna|Ursaluna-Bloodmoon, L50, M|100\/100\n|move|p2b: Arcanine|Flare Blitz|p1b: Ursaluna\n|-damage|p1b: Ursaluna|14\/100\n|-damage|p2b: Arcanine|63\/100|[from] Recoil\n|move|p1a: Mr. Hands|Trick Room|p1a: Mr. Hands\n|-fieldstart|move: Trick Room|[of] p1a: Mr. Hands\n|\n|upkeep\n|turn|2\n|\n|t:|1700020160\n|-terastallize|p1b: Ursaluna|Normal\n|move|p1a: Mr. Hands|Helping Hand|p1b: Ursaluna\n|-singleturn|p1b: Ursaluna|Helping Hand|[of] p1a: Mr. Hands\n|move|p2a: Chien-Pao|Ice Shard|p1b: Ursaluna\n|-damage|p1b: Ursaluna|0 fnt\n|faint|p1b: Ursaluna\n|-damage|p2a: Chien-Pao|81\/100|[from] item: Life Orb\n|move|p2b: Arcanine|Flare Blitz|p1a: Mr. Hands\n|-damage|p1a: Mr. Hands|28\/100\n|-status|p1a: Mr. Hands|brn\n|-damage|p2b: Arcanine|43\/100|[from] Recoil\n|\n|-damage|p1a: Mr. Hands|22\/100 brn|[from] brn\n|upkeep\n|\n|t:|1700020169\n|switch|p1b: Torkoal|Torkoal, L50, M|100\/100\n|-weather|SunnyDay|[from] ability: Drought|[of] p1b: Torkoal\n|turn|3\n|inactive|k4w4ji has 30 seconds left.\n|\n|t:|1700020203\n|move|p1a: Mr. Hands|Helping Hand|p1b: Torkoal\n|-singleturn|p1b: Torkoal|Helping Hand|[of] p1a: Mr. Hands\n|move|p2a: Chien-Pao|Protect|p2a: Chien-Pao\n|-singleturn|p2a: Chien-Pao|Protect\n|move|p1b: Torkoal|Earth Power|p2b: Arcanine\n|-supereffective|p2b: Arcanine\n|-damage|p2b: Arcanine|0 fnt\n|faint|p2b: Arcanine\n|\n|-weather|SunnyDay|[upkeep]\n|-damage|p1a: Mr. Hands|16\/100 brn|[from] brn\n|upkeep\n|\n|t:|1700020217\n|switch|p2b: Urshifu|Urshifu-Rapid-Strike, L50, M|100\/100\n|turn|4\n|\n|t:|1700020236\n|move|p1a: Mr. Hands|Helping Hand|p1b: Torkoal\n|-singleturn|p1b: Torkoal|Helping Hand|[of] p1a: Mr. Hands\n|move|p2b: Urshifu|Aqua Jet|p1b: Torkoal\n|-supereffective|p1b: Torkoal\n|-damage|p1b: Torkoal|77\/100\n|move|p2a: Chien-Pao|Ice Shard|p1b: Torkoal\n|-resisted|p1b: Torkoal\n|-damage|p1b: Torkoal|64\/100\n|-damage|p2a: Chien-Pao|72\/100|[from] item: Life Orb\n|move|p1b: Torkoal|Eruption|p2b: Urshifu|[spread] p2a,p2b\n|-supereffective|p2a: Chien-Pao\n|-resisted|p2b: Urshifu\n|-damage|p2a: Chien-Pao|0 fnt\n|-damage|p2b: Urshifu|37\/100\n|faint|p2a: Chien-Pao\n|\n|-weather|SunnyDay|[upkeep]\n|-damage|p1a: Mr. Hands|10\/100 brn|[from] brn\n|upkeep\n|\n|t:|1700020255\n|switch|p2a: Tornadus|Tornadus, L50, M|100\/100\n|turn|5\n|\n|t:|1700020272\n|move|p1a: Mr. Hands|Helping Hand|p1b: Torkoal\n|-singleturn|p1b: Torkoal|Helping Hand|[of] p1a: Mr. Hands\n|move|p2b: Urshifu|Protect|p2b: Urshifu\n|-singleturn|p2b: Urshifu|Protect\n|move|p1b: Torkoal|Eruption|p2a: Tornadus|[spread] p2a\n|-activate|p2b: Urshifu|move: Protect\n|-damage|p2a: Tornadus|6\/100\n|move|p2a: Tornadus|Bleakwind Storm|p1b: Torkoal|[spread] p1a\n|-miss|p2a: Tornadus|p1b: Torkoal\n|-damage|p1a: Mr. Hands|0 fnt\n|faint|p1a: Mr. Hands\n|\n|-weather|SunnyDay|[upkeep]\n|-fieldend|move: Trick Room\n|upkeep\n|\n|t:|1700020285\n|switch|p1a: Clefable|Clefable, L50, F|63\/100\n|turn|6\n|\n|t:|1700020312\n|move|p1a: Clefable|Follow Me|p1a: Clefable\n|-singleturn|p1a: Clefable|move: Follow Me\n|move|p2a: Tornadus|Bleakwind Storm|p1a: Clefable|[spread] p1a,p1b\n|-damage|p1a: Clefable|41\/100\n|-damage|p1b: Torkoal|25\/100\n|-unboost|p1a: Clefable|spe|1\n|move|p2b: Urshifu|Surging Strikes|p1a: Clefable\n|-crit|p1a: Clefable\n|-damage|p1a: Clefable|30\/100\n|-crit|p1a: Clefable\n|-damage|p1a: Clefable|18\/100\n|-crit|p1a: Clefable\n|-damage|p1a: Clefable|7\/100\n|-hitcount|p1a: Clefable|3\n|move|p1b: Torkoal|Eruption|p2b: Urshifu|[spread] p2a,p2b\n|-resisted|p2b: Urshifu\n|-damage|p2a: Tornadus|0 fnt\n|-damage|p2b: Urshifu|21\/100\n|faint|p2a: Tornadus\n|\n|-weather|SunnyDay|[upkeep]\n|upkeep\n|turn|7\n|inactive|j1m13o has 30 seconds left.\n|inactive|k4w4ji has 30 seconds left.\n|\n|t:|1700020347\n|move|p1a: Clefable|Helping Hand|p1b: Torkoal\n|-singleturn|p1b: Torkoal|Helping Hand|[of] p1a: Clefable\n|move|p2b: Urshifu|Surging Strikes|p1a: Clefable\n|-crit|p1a: Clefable\n|-damage|p1a: Clefable|0 fnt\n|faint|p1a: Clefable\n|-hitcount|p1: Clefable|1\n|move|p1b: Torkoal|Heat Wave|p2b: Urshifu\n|-resisted|p2b: Urshifu\n|-damage|p2b: Urshifu|0 fnt\n|faint|p2b: Urshifu\n|\n|win|j1m13o\n|raw|j1m13o's rating: 1191 &rarr; <strong>1213<\/strong><br \/>(+22 for winning)\n|raw|k4w4ji's rating: 1152 &rarr; <strong>1130<\/strong><br \/>(-22 for losing)\n","uploadtime":1700020353,"views":21,"p1id":"j1m13o","p2id":"k4w4ji","formatid":"gen9vgc2023regulatione","rating":1130,"private":0,"password":""}