{"id":"gen9vgc2023regulatione-1994389322","p1":"DarkCanucks4006","p2":"colby2935","format":"[Gen 9] VGC 2023 Regulation E","log":"|j|\u2606DarkCanucks4006\n|j|\u2606colby2935\n|t:|1700438332\n|gametype|doubles\n|player|p1|DarkCanucks4006|169|1224\n|player|p2|colby2935|giovanni|1219\n|teamsize|p1|6\n|teamsize|p2|6\n|gen|9\n|tier|[Gen 9] VGC 2023 Regulation E\n|rated|\n|rule|Species Clause: Limit one of each Pok\u00e9mon\n|rule|Item Clause: Limit one of each item\n|clearpoke\n|poke|p1|Regieleki, L50|\n|poke|p1|Tornadus, L50, M|\n|poke|p1|Landorus-Therian, L50, M|\n|poke|p1|Iron Bundle, L50|\n|poke|p1|Amoonguss, L50, F|\n|poke|p1|Arcanine, L50, M|\n|poke|p2|Medicham, L50, F|\n|poke|p2|Muk-Alola, L50, F|\n|poke|p2|Goodra-Hisui, L50, M|\n|poke|p2|Iron Bundle, L50|\n|poke|p2|Flutter Mane, L50|\n|poke|p2|Milotic, L50, M|\n|teampreview|4\n|\n|t:|1700438353\n|start\n|switch|p1a: Regieleki|Regieleki, L50|100\/100\n|switch|p1b: Tornadus|Tornadus, L50, M|100\/100\n|switch|p2a: Medicham|Medicham, L50, F|100\/100\n|switch|p2b: Milotic|Milotic, L50, M|100\/100\n|turn|1\n|\n|t:|1700438370\n|move|p2a: Medicham|Fake Out|p1a: Regieleki\n|-damage|p1a: Regieleki|68\/100\n|cant|p1a: Regieleki|flinch\n|move|p1b: Tornadus|Bleakwind Storm|p2b: Milotic|[spread] p2a,p2b\n|-supereffective|p2a: Medicham\n|-damage|p2a: Medicham|0 fnt\n|-damage|p2b: Milotic|72\/100\n|faint|p2a: Medicham\n|move|p2b: Milotic|Scald|p1a: Regieleki\n|-damage|p1a: Regieleki|0 fnt\n|faint|p1a: Regieleki\n|\n|upkeep\n|inactive|Battle timer is ON: inactive players will automatically lose when time's up. (requested by DarkCanucks4006)\n|\n|t:|1700438384\n|switch|p1a: Iron Bundle|Iron Bundle, L50|100\/100\n|switch|p2a: Flutter Mane|Flutter Mane, L50|100\/100\n|-enditem|p1a: Iron Bundle|Booster Energy\n|-activate|p1a: Iron Bundle|ability: Quark Drive|[fromitem]\n|-start|p1a: Iron Bundle|quarkdrivespa\n|turn|2\n|\n|t:|1700438400\n|move|p2a: Flutter Mane|Dazzling Gleam|p1b: Tornadus|[spread] p1a,p1b\n|-damage|p1a: Iron Bundle|9\/100\n|-damage|p1b: Tornadus|28\/100\n|move|p1a: Iron Bundle|Freeze-Dry|p2b: Milotic\n|-supereffective|p2b: Milotic\n|-damage|p2b: Milotic|0 fnt\n|faint|p2b: Milotic\n|move|p1b: Tornadus|Bleakwind Storm|p2a: Flutter Mane\n|-damage|p2a: Flutter Mane|47\/100\n|\n|upkeep\n|\n|t:|1700438412\n|switch|p2b: Muk|Muk-Alola, L50, F, shiny|100\/100\n|turn|3\n|\n|t:|1700438420\n|-terastallize|p1a: Iron Bundle|Ice\n|move|p1b: Tornadus|Tailwind|p1b: Tornadus\n|-sidestart|p1: DarkCanucks4006|move: Tailwind\n|move|p1a: Iron Bundle|Freeze-Dry|p2a: Flutter Mane\n|-damage|p2a: Flutter Mane|0 fnt\n|faint|p2a: Flutter Mane\n|-end|p2a: Flutter Mane|Protosynthesis|[silent]\n|move|p2b: Muk|Knock Off|p1a: Iron Bundle\n|-damage|p1a: Iron Bundle|0 fnt\n|faint|p1a: Iron Bundle\n|-end|p1a: Iron Bundle|Quark Drive|[silent]\n|\n|upkeep\n|\n|t:|1700438426\n|switch|p1a: Amoonguss|Amoonguss, L50, F|100\/100\n|turn|4\n|\n|t:|1700438443\n|-terastallize|p2b: Muk|Flying\n|move|p1b: Tornadus|Bleakwind Storm|p2b: Muk\n|-damage|p2b: Muk|69\/100\n|move|p1a: Amoonguss|Spore|p2b: Muk\n|-status|p2b: Muk|slp|[from] move: Spore\n|cant|p2b: Muk|slp\n|\n|upkeep\n|turn|5\n|\n|t:|1700438454\n|move|p1b: Tornadus|Bleakwind Storm|p2b: Muk\n|-damage|p2b: Muk|39\/100 slp\n|move|p1a: Amoonguss|Pollen Puff|p1b: Tornadus\n|-heal|p1b: Tornadus|78\/100\n|cant|p2b: Muk|slp\n|\n|upkeep\n|turn|6\n|\n|t:|1700438465\n|move|p1b: Tornadus|Bleakwind Storm|p2b: Muk\n|-damage|p2b: Muk|8\/100 slp\n|-unboost|p2b: Muk|spe|1\n|move|p1a: Amoonguss|Pollen Puff|p2b: Muk\n|-resisted|p2b: Muk\n|-damage|p2b: Muk|3\/100 slp\n|-curestatus|p2b: Muk|slp|[msg]\n|move|p2b: Muk|Gunk Shot|p1a: Amoonguss\n|-damage|p1a: Amoonguss|37\/100\n|\n|-sideend|p1: DarkCanucks4006|move: Tailwind\n|upkeep\n|turn|7\n|\n|t:|1700438482\n|move|p1b: Tornadus|Bleakwind Storm|p2b: Muk|[miss]\n|-miss|p1b: Tornadus|p2b: Muk\n|move|p1a: Amoonguss|Spore|p2b: Muk\n|-status|p2b: Muk|slp|[from] move: Spore\n|cant|p2b: Muk|slp\n|\n|upkeep\n|turn|8\n|n|!colby2935|colby2935\n|-message|colby2935 forfeited.\n|\n|win|DarkCanucks4006\n|raw|DarkCanucks4006's rating: 1224 &rarr; <strong>1249<\/strong><br \/>(+25 for winning)\n|raw|colby2935's rating: 1219 &rarr; <strong>1194<\/strong><br \/>(-25 for losing)\n","uploadtime":1700438497,"views":8,"p1id":"darkcanucks4006","p2id":"colby2935","formatid":"gen9vgc2023regulatione","rating":1194,"private":0,"password":""}