{"id":"gen9vgc2023regulatione-1991259459","p1":"atlasdab01","p2":"Biosector02","format":"[Gen 9] VGC 2023 Regulation E","log":"|j|\u2606atlasdab01\n|j|\u2606Biosector02\n|t:|1700062074\n|gametype|doubles\n|player|p1|atlasdab01|elesa|1194\n|player|p2|Biosector02|170|1114\n|teamsize|p1|6\n|teamsize|p2|6\n|gen|9\n|tier|[Gen 9] VGC 2023 Regulation E\n|rated|\n|rule|Species Clause: Limit one of each Pok\u00e9mon\n|rule|Item Clause: Limit one of each item\n|clearpoke\n|poke|p1|Ogerpon-Wellspring, L50, F|\n|poke|p1|Cresselia, L50, F|\n|poke|p1|Heatran, L50, M|\n|poke|p1|Landorus-Therian, L50, M|\n|poke|p1|Iron Hands, L50|\n|poke|p1|Chien-Pao, L50|\n|poke|p2|Salamence, L50, M|\n|poke|p2|Iron Hands, L50|\n|poke|p2|Gholdengo, L50|\n|poke|p2|Iron Bundle, L50|\n|poke|p2|Amoonguss, L50, F|\n|poke|p2|Pelipper, L50, M|\n|teampreview|4\n|inactive|Battle timer is ON: inactive players will automatically lose when time's up. (requested by Biosector02)\natlasdab01 has agreed to open team sheets.\n|inactive|atlasdab01 has 60 seconds left.\n|inactive|Biosector02 has 60 seconds left.\n|\n|t:|1700062117\n|start\n|switch|p1a: Heatran|Heatran, L50, M, shiny|100\/100\n|switch|p1b: Cresselia|Cresselia, L50, F, shiny|100\/100\n|switch|p2a: Iron Hands|Iron Hands, L50|100\/100\n|switch|p2b: Iron Bundle|Iron Bundle, L50|100\/100\n|-enditem|p2b: Iron Bundle|Booster Energy\n|-activate|p2b: Iron Bundle|ability: Quark Drive|[fromitem]\n|-start|p2b: Iron Bundle|quarkdrivespe\n|turn|1\n|\n|t:|1700062141\n|move|p1a: Heatran|Protect|p1a: Heatran\n|-singleturn|p1a: Heatran|Protect\n|move|p2a: Iron Hands|Fake Out|p1b: Cresselia\n|-damage|p1b: Cresselia|89\/100\n|move|p2b: Iron Bundle|Hydro Pump|p1a: Heatran\n|-activate|p1a: Heatran|move: Protect\n|cant|p1b: Cresselia|flinch\n|\n|upkeep\n|turn|2\n|inactive|Biosector02 has 30 seconds left.\n|inactive|Biosector02 has 20 seconds left.\n|\n|t:|1700062178\n|move|p2b: Iron Bundle|Hydro Pump|p1b: Cresselia\n|-damage|p1b: Cresselia|61\/100\n|move|p1a: Heatran|Heat Wave|p2a: Iron Hands|[spread] p2a,p2b\n|-damage|p2a: Iron Hands|80\/100\n|-damage|p2b: Iron Bundle|48\/100\n|-status|p2a: Iron Hands|brn\n|move|p2a: Iron Hands|Heavy Slam|p1b: Cresselia\n|-damage|p1b: Cresselia|48\/100\n|move|p1b: Cresselia|Trick Room|p1b: Cresselia\n|-fieldstart|move: Trick Room|[of] p1b: Cresselia\n|\n|-damage|p2a: Iron Hands|74\/100 brn|[from] brn\n|upkeep\n|turn|3\n|inactive|Biosector02 has 30 seconds left.\n|\n|t:|1700062208\n|move|p2b: Iron Bundle|Protect|p2b: Iron Bundle\n|-singleturn|p2b: Iron Bundle|Protect\n|move|p2a: Iron Hands|Drain Punch|p1a: Heatran\n|-supereffective|p1a: Heatran\n|-damage|p1a: Heatran|55\/100\n|-heal|p2a: Iron Hands|90\/100 brn|[from] drain|[of] p1a: Heatran\n|move|p1b: Cresselia|Lunar Blessing|p1b: Cresselia|[spread] p1a,p1b\n|-heal|p1a: Heatran|80\/100\n|-heal|p1b: Cresselia|73\/100\n|move|p1a: Heatran|Heat Wave|p2a: Iron Hands|[spread] p2a\n|-activate|p2b: Iron Bundle|move: Protect\n|-damage|p2a: Iron Hands|70\/100 brn\n|\n|-heal|p1a: Heatran|86\/100|[from] item: Leftovers\n|-damage|p2a: Iron Hands|63\/100 brn|[from] brn\n|upkeep\n|turn|4\n|inactive|atlasdab01 has 30 seconds left.\n|\n|t:|1700062234\n|move|p2a: Iron Hands|Drain Punch|p1a: Heatran\n|-supereffective|p1a: Heatran\n|-damage|p1a: Heatran|41\/100\n|-heal|p2a: Iron Hands|79\/100 brn|[from] drain|[of] p1a: Heatran\n|move|p1b: Cresselia|Dazzling Gleam|p2b: Iron Bundle|[spread] p2a,p2b\n|-supereffective|p2a: Iron Hands\n|-damage|p2a: Iron Hands|67\/100 brn\n|-damage|p2b: Iron Bundle|31\/100\n|move|p1a: Heatran|Earth Power|p2a: Iron Hands\n|-supereffective|p2a: Iron Hands\n|-damage|p2a: Iron Hands|31\/100 brn\n|move|p2b: Iron Bundle|Hydro Pump|p1a: Heatran|[miss]\n|-miss|p2b: Iron Bundle|p1a: Heatran\n|\n|-heal|p1a: Heatran|47\/100|[from] item: Leftovers\n|-damage|p2a: Iron Hands|25\/100 brn|[from] brn\n|upkeep\n|turn|5\n|\n|t:|1700062256\n|move|p1a: Heatran|Protect|p1a: Heatran\n|-singleturn|p1a: Heatran|Protect\n|move|p2b: Iron Bundle|Protect|p2b: Iron Bundle\n|-singleturn|p2b: Iron Bundle|Protect\n|move|p2a: Iron Hands|Drain Punch|p1a: Heatran\n|-activate|p1a: Heatran|move: Protect\n|move|p1b: Cresselia|Lunar Blessing|p1b: Cresselia|[spread] p1a,p1b\n|-heal|p1a: Heatran|72\/100\n|-heal|p1b: Cresselia|98\/100\n|\n|-heal|p1a: Heatran|78\/100|[from] item: Leftovers\n|-damage|p2a: Iron Hands|18\/100 brn|[from] brn\n|upkeep\n|turn|6\n|inactive|Biosector02 has 30 seconds left.\n|inactive|Biosector02 has 20 seconds left.\n|inactive|Biosector02 has 15 seconds left.\n|inactive|atlasdab01 has 30 seconds left.\n|\n|t:|1700062301\n|switch|p1a: Ogerpon|Ogerpon-Wellspring, L50, F|100\/100\n|-end|p2b: Iron Bundle|Quark Drive|[silent]\n|switch|p2b: Amoonguss|Amoonguss, L50, F|100\/100\n|move|p2a: Iron Hands|Drain Punch|p1a: Ogerpon\n|-damage|p1a: Ogerpon|74\/100\n|-heal|p2a: Iron Hands|27\/100 brn|[from] drain|[of] p1a: Ogerpon\n|move|p1b: Cresselia|Dazzling Gleam|p2a: Iron Hands|[spread] p2a,p2b\n|-supereffective|p2a: Iron Hands\n|-resisted|p2b: Amoonguss\n|-damage|p2a: Iron Hands|15\/100 brn\n|-damage|p2b: Amoonguss|95\/100\n|\n|-damage|p2a: Iron Hands|9\/100 brn|[from] brn\n|-fieldend|move: Trick Room\n|upkeep\n|turn|7\n|inactive|atlasdab01 has 30 seconds left.\n|inactive|Biosector02 has 30 seconds left.\n|\n|t:|1700062335\n|move|p1a: Ogerpon|Follow Me|p1a: Ogerpon\n|-singleturn|p1a: Ogerpon|move: Follow Me\n|move|p1b: Cresselia|Dazzling Gleam|p2a: Iron Hands|[spread] p2a,p2b\n|-supereffective|p2a: Iron Hands\n|-resisted|p2b: Amoonguss\n|-damage|p2a: Iron Hands|0 fnt\n|-damage|p2b: Amoonguss|89\/100\n|faint|p2a: Iron Hands\n|-end|p2a: Iron Hands|Quark Drive|[silent]\n|move|p2b: Amoonguss|Spore|p1a: Ogerpon\n|-immune|p1a: Ogerpon\n|\n|upkeep\n|\n|t:|1700062347\n|switch|p2a: Iron Bundle|Iron Bundle, L50|31\/100\n|turn|8\n|inactive|atlasdab01 has 30 seconds left.\n|\n|t:|1700062376\n|-terastallize|p1a: Ogerpon|Water\n|detailschange|p1a: Ogerpon|Ogerpon-Wellspring-Tera, L50, F, tera:Water\n|-ability|p1a: Ogerpon|Embody Aspect (Wellspring)|boost\n|-boost|p1a: Ogerpon|spd|1\n|move|p1a: Ogerpon|Ivy Cudgel|p2a: Iron Bundle|[anim] Ivy Cudgel Water\n|-resisted|p2a: Iron Bundle\n|-damage|p2a: Iron Bundle|0 fnt\n|faint|p2a: Iron Bundle\n|-end|p2a: Iron Bundle|Quark Drive|[silent]\n|move|p1b: Cresselia|Icy Wind|p2b: Amoonguss\n|-supereffective|p2b: Amoonguss\n|-damage|p2b: Amoonguss|70\/100\n|-unboost|p2b: Amoonguss|spe|1\n|move|p2b: Amoonguss|Pollen Puff|p2: Iron Bundle|[notarget]\n|-fail|p2b: Amoonguss\n|\n|upkeep\n|\n|t:|1700062394\n|switch|p2a: Pelipper|Pelipper, L50, M|100\/100\n|-weather|RainDance|[from] ability: Drizzle|[of] p2a: Pelipper\n|turn|9\n|\n|t:|1700062411\n|move|p1a: Ogerpon|Horn Leech|p2a: Pelipper\n|-damage|p2a: Pelipper|46\/100\n|-heal|p1a: Ogerpon|99\/100|[from] drain|[of] p2a: Pelipper\n|move|p2a: Pelipper|Hurricane|p1a: Ogerpon\n|-damage|p1a: Ogerpon|68\/100\n|move|p1b: Cresselia|Icy Wind|p2a: Pelipper|[spread] p2a,p2b\n|-supereffective|p2b: Amoonguss\n|-damage|p2a: Pelipper|33\/100\n|-damage|p2b: Amoonguss|56\/100\n|-unboost|p2a: Pelipper|spe|1\n|-unboost|p2b: Amoonguss|spe|1\n|move|p2b: Amoonguss|Spore|p1a: Ogerpon\n|-status|p1a: Ogerpon|slp|[from] move: Spore\n|\n|-weather|RainDance|[upkeep]\n|upkeep\n|turn|10\n|inactive|Biosector02 has 30 seconds left.\n|inactive|Biosector02 has 20 seconds left.\n|\n|t:|1700062446\n|switch|p1b: Iron Hands|Iron Hands, L50|100\/100\n|cant|p1a: Ogerpon|slp\n|move|p2a: Pelipper|Hurricane|p1a: Ogerpon\n|-damage|p1a: Ogerpon|33\/100 slp\n|-start|p1a: Ogerpon|confusion\n|move|p2b: Amoonguss|Spore|p1b: Iron Hands\n|-status|p1b: Iron Hands|slp|[from] move: Spore\n|\n|-weather|RainDance|[upkeep]\n|upkeep\n|turn|11\n|\n|t:|1700062471\n|-curestatus|p1a: Ogerpon|slp|[msg]\n|-activate|p1a: Ogerpon|confusion\n|move|p1a: Ogerpon|Spiky Shield|p1a: Ogerpon\n|-singleturn|p1a: Ogerpon|move: Protect\n|cant|p1b: Iron Hands|slp\n|move|p2a: Pelipper|Hurricane|p1a: Ogerpon\n|-activate|p1a: Ogerpon|move: Protect\n|move|p2b: Amoonguss|Pollen Puff|p2a: Pelipper\n|-heal|p2a: Pelipper|83\/100\n|\n|-weather|RainDance|[upkeep]\n|upkeep\n|turn|12\n|inactive|atlasdab01 has 30 seconds left.\n|\n|t:|1700062501\n|move|p2b: Amoonguss|Rage Powder|p2b: Amoonguss\n|-singleturn|p2b: Amoonguss|move: Rage Powder\n|-activate|p1a: Ogerpon|confusion\n|-damage|p1a: Ogerpon|17\/100|[from] confusion\n|move|p2a: Pelipper|Hurricane|p1a: Ogerpon\n|-damage|p1a: Ogerpon|0 fnt\n|faint|p1a: Ogerpon\n|cant|p1b: Iron Hands|slp\n|\n|-weather|RainDance|[upkeep]\n|upkeep\n|\n|t:|1700062512\n|switch|p1a: Heatran|Heatran, L50, M, shiny|78\/100\n|turn|13\n|\n|t:|1700062529\n|move|p1a: Heatran|Protect|p1a: Heatran\n|-singleturn|p1a: Heatran|Protect\n|move|p2a: Pelipper|Weather Ball|p1a: Heatran\n|-activate|p1a: Heatran|move: Protect\n|cant|p1b: Iron Hands|slp\n|move|p2b: Amoonguss|Spore|p1b: Iron Hands\n|-fail|p1b: Iron Hands|slp\n|\n|-weather|none\n|-heal|p1a: Heatran|84\/100|[from] item: Leftovers\n|upkeep\n|turn|14\n|\n|t:|1700062554\n|move|p1a: Heatran|Heat Wave|p2a: Pelipper|[spread] p2a,p2b\n|-resisted|p2a: Pelipper\n|-supereffective|p2b: Amoonguss\n|-damage|p2a: Pelipper|50\/100\n|-damage|p2b: Amoonguss|0 fnt\n|faint|p2b: Amoonguss\n|move|p2a: Pelipper|Hurricane|p1b: Iron Hands\n|-damage|p1b: Iron Hands|76\/100 slp\n|-curestatus|p1b: Iron Hands|slp|[msg]\n|move|p1b: Iron Hands|Wild Charge|p2a: Pelipper\n|-supereffective|p2a: Pelipper\n|-damage|p2a: Pelipper|0 fnt\n|faint|p2a: Pelipper\n|-damage|p1b: Iron Hands|69\/100|[from] Recoil\n|\n|win|atlasdab01\n|raw|atlasdab01's rating: 1194 &rarr; <strong>1213<\/strong><br \/>(+19 for winning)\n|raw|Biosector02's rating: 1114 &rarr; <strong>1095<\/strong><br \/>(-19 for losing)\n|c|\u2606atlasdab01|gg\n","uploadtime":1700062569,"views":7,"p1id":"atlasdab01","p2id":"biosector02","formatid":"gen9vgc2023regulatione","rating":1095,"private":0,"password":""}