{"id":"gen9vgc2023regulatione-2000432309","p1":"Jesuuuus","p2":"JacobMR527","format":"[Gen 9] VGC 2023 Regulation E","log":"|j|\u2606Jesuuuus\n|j|\u2606JacobMR527\n|t:|1701194315\n|gametype|doubles\n|player|p1|Jesuuuus|alec-anime|\n|player|p2|JacobMR527|volo|\n|teamsize|p1|6\n|teamsize|p2|6\n|gen|9\n|tier|[Gen 9] VGC 2023 Regulation E\n|rated|Tournament battle\n|rule|Species Clause: Limit one of each Pok\u00e9mon\n|rule|Item Clause: Limit one of each item\n|clearpoke\n|poke|p1|Torkoal, L50, F|\n|poke|p1|Ursaluna-Bloodmoon, L50, M|\n|poke|p1|Roaring Moon, L50|\n|poke|p1|Flutter Mane, L50|\n|poke|p1|Thundurus, L50, M|\n|poke|p1|Rillaboom, L50, M|\n|poke|p2|Landorus-Therian, L50, M|\n|poke|p2|Chien-Pao, L50|\n|poke|p2|Ting-Lu, L50|\n|poke|p2|Iron Hands, L50|\n|poke|p2|Dragonite, L50, M|\n|poke|p2|Arcanine-Hisui, L50, F|\n|teampreview|4\n|showteam|p1|Torkoal||EjectPack|Drought|HelpingHand,WillOWisp,Overheat,Yawn|||F|||50|,,,,,Fire]Ursaluna-Bloodmoon||ThroatSpray|MindsEye|Moonlight,HyperVoice,EarthPower,Protect|||M|||50|,,,,,Poison]Roaring Moon||ClearAmulet|Protosynthesis|BreakingSwipe,KnockOff,Tailwind,Protect||||||50|,,,,,Poison]Flutter Mane||PixiePlate|Protosynthesis|Moonblast,DazzlingGleam,TrickRoom,Protect||||||50|,,,,,Fairy]Thundurus||MentalHerb|Prankster|SunnyDay,Thunderbolt,ThunderWave,Protect|||M|||50|,,,,,Ghost]Rillaboom||AssaultVest|GrassySurge|WoodHammer,GrassyGlide,FakeOut,Uturn|||M|||50|,,,,,Fire\n|showteam|p2|Landorus-Therian||ChoiceScarf|Intimidate|TeraBlast,StompingTantrum,RockSlide,Uturn|||M|||50|,,,,,Flying]Chien-Pao||FocusSash|SwordofRuin|SacredSword,SuckerPunch,IcicleCrash,Protect||||||50|,,,,,Ghost]Ting-Lu||LumBerry|VesselofRuin|Ruination,BodyPress,Taunt,Protect||||||50|,,,,,Poison]Iron Hands||AssaultVest|QuarkDrive|FakeOut,WildCharge,HeavySlam,DrainPunch||||||50|,,,,,Grass]Dragonite||ChoiceBand|InnerFocus|ExtremeSpeed,Outrage,StompingTantrum,AerialAce|||M|||50|,,,,,Normal]Arcanine-Hisui||Leftovers|Intimidate|ExtremeSpeed,FlareBlitz,RockSlide,Howl|||F|||50|,,,,,Normal\n|inactive|Battle timer is ON: inactive players will automatically lose when time's up. (requested by JacobMR527)\n|j| bloodcurseuk\n|c|\u2606Jesuuuus|gl hf\n|j| FatalEspresso\n|j|%Radio Free C-Side\n|c|\u2606JacobMR527|u2\n|inactive|Jesuuuus has 60 seconds left.\n|\n|t:|1701194363\n|start\n|switch|p1a: Torkoal|Torkoal, L50, F|100\/100\n|switch|p1b: Roaring Moon|Roaring Moon, L50|100\/100\n|switch|p2a: French vanilla|Chien-Pao, L50|100\/100\n|switch|p2b: Good nite moon|Dragonite, L50, M|100\/100\n|-ability|p2a: French vanilla|Sword of Ruin\n|-weather|SunnyDay|[from] ability: Drought|[of] p1a: Torkoal\n|-activate|p1b: Roaring Moon|ability: Protosynthesis\n|-start|p1b: Roaring Moon|protosynthesisspe\n|turn|1\n|inactive|JacobMR527 has 30 seconds left.\n|\n|t:|1701194389\n|-terastallize|p2b: Good nite moon|Normal\n|move|p1b: Roaring Moon|Protect|p1b: Roaring Moon\n|-singleturn|p1b: Roaring Moon|Protect\n|move|p2b: Good nite moon|Extreme Speed|p1b: Roaring Moon\n|-activate|p1b: Roaring Moon|move: Protect\n|move|p2a: French vanilla|Sacred Sword|p1b: Roaring Moon\n|-activate|p1b: Roaring Moon|move: Protect\n|move|p1a: Torkoal|Will-O-Wisp|p2b: Good nite moon\n|-status|p2b: Good nite moon|brn\n|\n|-weather|SunnyDay|[upkeep]\n|-damage|p2b: Good nite moon|94\/100 brn|[from] brn\n|upkeep\n|turn|2\n|inactive|Jesuuuus has 30 seconds left.\n|\n|t:|1701194414\n|-end|p1b: Roaring Moon|Protosynthesis|[silent]\n|switch|p1b: Flutter Mane|Flutter Mane, L50|100\/100\n|-activate|p1b: Flutter Mane|ability: Protosynthesis\n|-start|p1b: Flutter Mane|protosynthesisspa\n|move|p2b: Good nite moon|Extreme Speed|p1a: Torkoal\n|-damage|p1a: Torkoal|70\/100\n|move|p2a: French vanilla|Icicle Crash|p1b: Flutter Mane\n|-crit|p1b: Flutter Mane\n|-damage|p1b: Flutter Mane|0 fnt\n|faint|p1b: Flutter Mane\n|-end|p1b: Flutter Mane|Protosynthesis|[silent]\n|move|p1a: Torkoal|Overheat|p2a: French vanilla\n|-supereffective|p2a: French vanilla\n|-enditem|p2a: French vanilla|Focus Sash\n|-damage|p2a: French vanilla|1\/100\n|-unboost|p1a: Torkoal|spa|2\n|-enditem|p1a: Torkoal|Eject Pack\n|c|\u2606Jesuuuus|:0\n|\n|t:|1701194430\n|switch|p1a: Roaring Moon|Roaring Moon, L50|100\/100\n|-activate|p1a: Roaring Moon|ability: Protosynthesis\n|-start|p1a: Roaring Moon|protosynthesisspe\n|\n|-weather|SunnyDay|[upkeep]\n|-damage|p2b: Good nite moon|88\/100 brn|[from] brn\n|upkeep\n|\n|t:|1701194432\n|switch|p1b: Ursaluna|Ursaluna-Bloodmoon, L50, M|100\/100\n|turn|3\n|c|\u2606JacobMR527|IT WORKED\n|c|\u2606JacobMR527|that was what i was trying to make happen\n|inactive|JacobMR527 has 30 seconds left.\n|\n|t:|1701194458\n|switch|p2b: Mr Bacon|Ting-Lu, L50|100\/100\n|-ability|p2b: Mr Bacon|Vessel of Ruin\n|move|p2a: French vanilla|Protect|p2a: French vanilla\n|-singleturn|p2a: French vanilla|Protect\n|move|p1a: Roaring Moon|Breaking Swipe|p2b: Mr Bacon|[spread] p2b\n|-activate|p2a: French vanilla|move: Protect\n|-damage|p2b: Mr Bacon|84\/100\n|-unboost|p2b: Mr Bacon|atk|1\n|move|p1b: Ursaluna|Hyper Voice|p2b: Mr Bacon|[spread] p2b\n|-activate|p2a: French vanilla|move: Protect\n|-damage|p2b: Mr Bacon|69\/100\n|-enditem|p1b: Ursaluna|Throat Spray\n|-boost|p1b: Ursaluna|spa|1|[from] item: Throat Spray\n|\n|-weather|SunnyDay|[upkeep]\n|upkeep\n|turn|4\n|inactive|Jesuuuus has 30 seconds left.\n|inactive|JacobMR527 has 30 seconds left.\n|\n|t:|1701194485\n|switch|p2a: Good nite moon|Dragonite, L50, M, tera:Normal|88\/100 brn\n|move|p1a: Roaring Moon|Breaking Swipe|p2a: Good nite moon|[spread] p2a,p2b\n|-damage|p2a: Good nite moon|65\/100 brn\n|-damage|p2b: Mr Bacon|59\/100\n|-unboost|p2a: Good nite moon|atk|1\n|-unboost|p2b: Mr Bacon|atk|1\n|move|p1b: Ursaluna|Hyper Voice|p2b: Mr Bacon|[spread] p2a,p2b\n|-crit|p2b: Mr Bacon\n|-damage|p2a: Good nite moon|23\/100 brn\n|-damage|p2b: Mr Bacon|23\/100\n|move|p2b: Mr Bacon|Body Press|p1a: Roaring Moon\n|-supereffective|p1a: Roaring Moon\n|-damage|p1a: Roaring Moon|38\/100\n|\n|-weather|SunnyDay|[upkeep]\n|-damage|p2a: Good nite moon|17\/100 brn|[from] brn\n|upkeep\n|turn|5\n|\n|t:|1701194508\n|move|p1a: Roaring Moon|Protect|p1a: Roaring Moon\n|-singleturn|p1a: Roaring Moon|Protect\n|move|p2a: Good nite moon|Extreme Speed|p1a: Roaring Moon\n|-activate|p1a: Roaring Moon|move: Protect\n|move|p1b: Ursaluna|Hyper Voice|p2b: Mr Bacon|[spread] p2a,p2b\n|-damage|p2a: Good nite moon|0 fnt\n|-damage|p2b: Mr Bacon|0 fnt\n|faint|p2a: Good nite moon\n|faint|p2b: Mr Bacon\n|\n|-weather|none\n|-end|p1a: Roaring Moon|Protosynthesis\n|upkeep\n|\n|t:|1701194512\n|switch|p2a: Landsworth|Landorus-Therian, L50, M|100\/100\n|switch|p2b: French vanilla|Chien-Pao, L50|1\/100\n|-ability|p2a: Landsworth|Intimidate|boost\n|-fail|p1a: Roaring Moon|unboost|[from] item: Clear Amulet|[of] p1a: Roaring Moon\n|-unboost|p1b: Ursaluna|atk|1\n|-ability|p2b: French vanilla|Sword of Ruin\n|turn|6\n|\n|t:|1701194531\n|-end|p1a: Roaring Moon|Protosynthesis|[silent]\n|switch|p1a: Torkoal|Torkoal, L50, F|70\/100\n|-weather|SunnyDay|[from] ability: Drought|[of] p1a: Torkoal\n|move|p1b: Ursaluna|Protect|p1b: Ursaluna\n|-singleturn|p1b: Ursaluna|Protect\n|move|p2a: Landsworth|Stomping Tantrum|p1a: Torkoal\n|-supereffective|p1a: Torkoal\n|-damage|p1a: Torkoal|0 fnt\n|faint|p1a: Torkoal\n|move|p2b: French vanilla|Icicle Crash|p1b: Ursaluna\n|-activate|p1b: Ursaluna|move: Protect\n|\n|-weather|SunnyDay|[upkeep]\n|upkeep\n|\n|t:|1701194539\n|switch|p1a: Roaring Moon|Roaring Moon, L50|38\/100\n|-activate|p1a: Roaring Moon|ability: Protosynthesis\n|-start|p1a: Roaring Moon|protosynthesisspe\n|turn|7\n|\n|t:|1701194549\n|move|p2b: French vanilla|Sucker Punch|p1b: Ursaluna\n|-damage|p1b: Ursaluna|68\/100\n|move|p1a: Roaring Moon|Breaking Swipe|p2b: French vanilla|[spread] p2a,p2b\n|-damage|p2a: Landsworth|67\/100\n|-damage|p2b: French vanilla|0 fnt\n|-unboost|p2a: Landsworth|atk|1\n|faint|p2b: French vanilla\n|move|p2a: Landsworth|Stomping Tantrum|p1a: Roaring Moon\n|-damage|p1a: Roaring Moon|8\/100\n|move|p1b: Ursaluna|Hyper Voice|p2a: Landsworth\n|-damage|p2a: Landsworth|0 fnt\n|faint|p2a: Landsworth\n|\n|win|Jesuuuus\n|n|\u2606Jesuuuus|jesuuuus\n|n|\u2606JacobMR527|jacobmr527\n|n| bloodcurseuk|bloodcurseuk\n|n| FatalEspresso|fatalespresso\n|n| Radio Free C-Side|radiofreecside\n","uploadtime":1701194550,"views":1,"p1id":"jesuuuus","p2id":"jacobmr527","formatid":"gen9vgc2023regulatione","rating":0,"private":0,"password":""}