{"id":"gen9vgc2023regulatione-2000146049","p1":"lolgz","p2":"xingshen","format":"[Gen 9] VGC 2023 Regulation E","log":"|j|\u2606lolgz\n|j|\u2606xingshen\n|t:|1701162850\n|gametype|doubles\n|player|p1|lolgz|1|1370\n|player|p2|xingshen|101|1275\n|teamsize|p1|6\n|teamsize|p2|6\n|gen|9\n|tier|[Gen 9] VGC 2023 Regulation E\n|rated|\n|rule|Species Clause: Limit one of each Pok\u00e9mon\n|rule|Item Clause: Limit one of each item\n|clearpoke\n|poke|p1|Tornadus, L50, M|\n|poke|p1|Ogerpon-Hearthflame, L50, F|\n|poke|p1|Flutter Mane, L50|\n|poke|p1|Roaring Moon, L50|\n|poke|p1|Landorus-Therian, L50, M|\n|poke|p1|Chi-Yu, L50|\n|poke|p2|Indeedee-F, L50, F|\n|poke|p2|Sneasler, L50, F|\n|poke|p2|Salamence, L50, M|\n|poke|p2|Gholdengo, L50|\n|poke|p2|Ogerpon-Wellspring, L50, F|\n|poke|p2|Urshifu-*, L50, F|\n|teampreview|4\n|inactive|Battle timer is ON: inactive players will automatically lose when time's up. (requested by lolgz)\n|inactive|lolgz has 60 seconds left.\n|inactive|xingshen has 60 seconds left.\n|\n|t:|1701162890\n|start\n|switch|p1a: Tornadus|Tornadus, L50, M|100\/100\n|switch|p1b: Ogerpon|Ogerpon-Hearthflame, L50, F|100\/100\n|switch|p2a: Salamence|Salamence, L50, M|100\/100\n|switch|p2b: Urshifu|Urshifu-Rapid-Strike, L50, F|100\/100\n|-ability|p2a: Salamence|Intimidate|boost\n|-unboost|p1a: Tornadus|atk|1\n|-unboost|p1b: Ogerpon|atk|1\n|-ability|p1b: Ogerpon|Mold Breaker\n|turn|1\n|\n|t:|1701162912\n|switch|p2b: Ogerpon|Ogerpon-Wellspring, L50, F|100\/100\n|move|p1a: Tornadus|Tailwind|p1a: Tornadus\n|-sidestart|p1: lolgz|move: Tailwind\n|move|p1b: Ogerpon|Horn Leech|p2b: Ogerpon\n|-damage|p2b: Ogerpon|72\/100\n|move|p2a: Salamence|Tailwind|p2a: Salamence\n|-sidestart|p2: xingshen|move: Tailwind\n|\n|upkeep\n|turn|2\n|\n|t:|1701162934\n|move|p2b: Ogerpon|Spiky Shield|p2b: Ogerpon\n|-singleturn|p2b: Ogerpon|move: Protect\n|move|p2a: Salamence|Air Slash|p1a: Tornadus\n|-crit|p1a: Tornadus\n|-damage|p1a: Tornadus|52\/100\n|move|p1b: Ogerpon|Swords Dance|p1b: Ogerpon\n|-boost|p1b: Ogerpon|atk|2\n|move|p1a: Tornadus|Bleakwind Storm|p2b: Ogerpon|[spread] \n|-activate|p2b: Ogerpon|move: Protect\n|-miss|p1a: Tornadus|p2a: Salamence\n|\n|upkeep\n|turn|3\n|\n|t:|1701162958\n|move|p1a: Tornadus|Sunny Day|p1a: Tornadus\n|-weather|SunnyDay\n|move|p2a: Salamence|Air Slash|p1b: Ogerpon\n|-supereffective|p1b: Ogerpon\n|-damage|p1b: Ogerpon|37\/100\n|cant|p1b: Ogerpon|flinch\n|move|p2b: Ogerpon|Ivy Cudgel|p1b: Ogerpon|[anim] Ivy Cudgel Water\n|-damage|p1b: Ogerpon|6\/100\n|\n|-weather|SunnyDay|[upkeep]\n|upkeep\n|turn|4\n|\n|t:|1701162979\n|move|p2b: Ogerpon|Spiky Shield|p2b: Ogerpon\n|-singleturn|p2b: Ogerpon|move: Protect\n|move|p2a: Salamence|Air Slash|p1b: Ogerpon\n|-supereffective|p1b: Ogerpon\n|-damage|p1b: Ogerpon|0 fnt\n|faint|p1b: Ogerpon\n|move|p1a: Tornadus|Bleakwind Storm|p2b: Ogerpon|[spread] \n|-activate|p2b: Ogerpon|move: Protect\n|-miss|p1a: Tornadus|p2a: Salamence\n|\n|-weather|SunnyDay|[upkeep]\n|-sideend|p2: xingshen|move: Tailwind\n|-sideend|p1: lolgz|move: Tailwind\n|upkeep\n|\n|t:|1701162983\n|switch|p1b: Flutter Mane|Flutter Mane, L50|100\/100\n|-activate|p1b: Flutter Mane|ability: Protosynthesis\n|-start|p1b: Flutter Mane|protosynthesisspe\n|turn|5\n|\n|t:|1701163006\n|-terastallize|p1b: Flutter Mane|Fairy\n|-terastallize|p2a: Salamence|Steel\n|move|p1b: Flutter Mane|Dazzling Gleam|p2a: Salamence|[spread] p2a,p2b\n|-resisted|p2a: Salamence\n|-damage|p2a: Salamence|66\/100\n|-damage|p2b: Ogerpon|13\/100\n|move|p2a: Salamence|Tailwind|p2a: Salamence\n|-sidestart|p2: xingshen|move: Tailwind\n|move|p2b: Ogerpon|Wood Hammer|p1b: Flutter Mane\n|-damage|p1b: Flutter Mane|0 fnt\n|faint|p1b: Flutter Mane\n|-end|p1b: Flutter Mane|Protosynthesis|[silent]\n|-damage|p2b: Ogerpon|0 fnt|[from] Recoil\n|faint|p2b: Ogerpon\n|move|p1a: Tornadus|Bleakwind Storm|p2a: Salamence\n|-resisted|p2a: Salamence\n|-damage|p2a: Salamence|37\/100\n|-unboost|p2a: Salamence|spe|1\n|\n|-weather|SunnyDay|[upkeep]\n|upkeep\n|inactive|lolgz has 30 seconds left.\n|inactive|xingshen has 30 seconds left.\n|inactive|lolgz has 20 seconds left.\n|inactive|lolgz has 15 seconds left.\n|inactive|lolgz has 10 seconds left.\n|inactive|lolgz has 5 seconds left.\n|\n|t:|1701163061\n|switch|p1b: Roaring Moon|Roaring Moon, L50|100\/100\n|switch|p2b: Gholdengo|Gholdengo, L50|100\/100\n|-activate|p1b: Roaring Moon|ability: Protosynthesis\n|-start|p1b: Roaring Moon|protosynthesisatk\n|turn|6\n|inactive|lolgz has 30 seconds left.\n|inactive|lolgz has 20 seconds left.\n|\n|t:|1701163098\n|switch|p2a: Urshifu|Urshifu-Rapid-Strike, L50, F|100\/100\n|move|p2b: Gholdengo|Protect|p2b: Gholdengo\n|-singleturn|p2b: Gholdengo|Protect\n|move|p1a: Tornadus|Tailwind|p1a: Tornadus\n|-sidestart|p1: lolgz|move: Tailwind\n|move|p1b: Roaring Moon|Knock Off|p2b: Gholdengo\n|-activate|p2b: Gholdengo|move: Protect\n|\n|-weather|SunnyDay|[upkeep]\n|upkeep\n|turn|7\n|inactive|xingshen has 30 seconds left.\n|\n|t:|1701163128\n|switch|p2b: Salamence|Salamence, L50, M, tera:Steel|37\/100\n|-ability|p2b: Salamence|Intimidate|boost\n|-unboost|p1a: Tornadus|atk|1\n|-unboost|p1b: Roaring Moon|atk|1\n|move|p2a: Urshifu|Ice Spinner|p1a: Tornadus\n|-supereffective|p1a: Tornadus\n|-damage|p1a: Tornadus|0 fnt\n|faint|p1a: Tornadus\n|move|p1b: Roaring Moon|Knock Off|p2b: Salamence\n|-damage|p2b: Salamence|0 fnt\n|-damage|p1b: Roaring Moon|84\/100|[from] item: Rocky Helmet|[of] p2b: Salamence\n|-enditem|p2b: Salamence|Rocky Helmet|[from] move: Knock Off|[of] p1b: Roaring Moon\n|faint|p2b: Salamence\n|\n|-weather|none\n|-end|p1b: Roaring Moon|Protosynthesis\n|upkeep\n|-enditem|p1b: Roaring Moon|Booster Energy\n|-activate|p1b: Roaring Moon|ability: Protosynthesis|[fromitem]\n|-start|p1b: Roaring Moon|protosynthesisspe\n|\n|t:|1701163147\n|switch|p2b: Gholdengo|Gholdengo, L50|100\/100\n|turn|8\n|\n|t:|1701163158\n|move|p1b: Roaring Moon|Knock Off|p2b: Gholdengo\n|-supereffective|p2b: Gholdengo\n|-damage|p2b: Gholdengo|29\/100\n|-enditem|p2b: Gholdengo|Leftovers|[from] move: Knock Off|[of] p1b: Roaring Moon\n|move|p2a: Urshifu|Ice Spinner|p1b: Roaring Moon\n|-supereffective|p1b: Roaring Moon\n|-damage|p1b: Roaring Moon|14\/100\n|move|p2b: Gholdengo|Make It Rain|p1b: Roaring Moon\n|-damage|p1b: Roaring Moon|0 fnt\n|-unboost|p2b: Gholdengo|spa|1\n|faint|p1b: Roaring Moon\n|-end|p1b: Roaring Moon|Protosynthesis|[silent]\n|\n|win|xingshen\n|raw|lolgz's rating: 1370 &rarr; <strong>1343<\/strong><br \/>(-27 for losing)\n|raw|xingshen's rating: 1240 &rarr; <strong>1274<\/strong><br \/>(+34 for winning)\n|l|\u2606lolgz\n","uploadtime":1701163176,"views":7,"p1id":"lolgz","p2id":"xingshen","formatid":"gen9vgc2023regulatione","rating":1274,"private":0,"password":""}