{"id":"gen9vgc2023regulatione-1997036387","p1":"Mrbombi1","p2":"CattMagle","format":"[Gen 9] VGC 2023 Regulation E","log":"|j|\u2606Mrbombi1\n|j|\u2606CattMagle\n|t:|1700758071\n|gametype|doubles\n|player|p1|Mrbombi1|1|1102\n|player|p2|CattMagle|alder|1000\n|teamsize|p1|6\n|teamsize|p2|6\n|gen|9\n|tier|[Gen 9] VGC 2023 Regulation E\n|rated|\n|rule|Species Clause: Limit one of each Pok\u00e9mon\n|rule|Item Clause: Limit one of each item\n|clearpoke\n|poke|p1|Iron Hands, L50|\n|poke|p1|Ogerpon-Wellspring, L50, F|\n|poke|p1|Scizor, L50, F|\n|poke|p1|Arcanine-Hisui, L50, F|\n|poke|p1|Rillaboom, L50, F|\n|poke|p1|Chien-Pao, L50|\n|poke|p2|Amoonguss, L50, F|\n|poke|p2|Arcanine-Hisui, L50, F|\n|poke|p2|Farigiraf, L50, M|\n|poke|p2|Roaring Moon, L50|\n|poke|p2|Ogerpon-Wellspring, L50, F|\n|poke|p2|Urshifu-*, L50, M|\n|teampreview|4\n|\n|t:|1700758131\n|start\n|switch|p1a: Arcanine|Arcanine-Hisui, L50, F|100\/100\n|switch|p1b: Scizor|Scizor, L50, F|100\/100\n|switch|p2a: Farigiraf|Farigiraf, L50, M|100\/100\n|switch|p2b: Amoonguss|Amoonguss, L50, F|100\/100\n|-ability|p1a: Arcanine|Intimidate|boost\n|-unboost|p2a: Farigiraf|atk|1\n|-unboost|p2b: Amoonguss|atk|1\n|turn|1\n|\n|t:|1700758160\n|move|p2a: Farigiraf|Protect|p2a: Farigiraf\n|-singleturn|p2a: Farigiraf|Protect\n|move|p1a: Arcanine|Flare Blitz|p2b: Amoonguss\n|-supereffective|p2b: Amoonguss\n|-damage|p2b: Amoonguss|0 fnt\n|-damage|p1a: Arcanine|84\/100|[from] item: Rocky Helmet|[of] p2b: Amoonguss\n|faint|p2b: Amoonguss\n|-damage|p1a: Arcanine|41\/100|[from] Recoil\n|move|p1b: Scizor|U-turn|p2a: Farigiraf\n|-activate|p2a: Farigiraf|move: Protect\n|\n|upkeep\n|\n|t:|1700758177\n|switch|p2b: Roaring Moon|Roaring Moon, L50|100\/100\n|-enditem|p2b: Roaring Moon|Booster Energy\n|-activate|p2b: Roaring Moon|ability: Protosynthesis|[fromitem]\n|-start|p2b: Roaring Moon|protosynthesisspe\n|turn|2\n|\n|t:|1700758200\n|switch|p1a: Iron Hands|Iron Hands, L50|100\/100\n|move|p2b: Roaring Moon|Tailwind|p2b: Roaring Moon\n|-sidestart|p2: CattMagle|move: Tailwind\n|move|p2a: Farigiraf|Psychic|p1a: Iron Hands\n|-supereffective|p1a: Iron Hands\n|-damage|p1a: Iron Hands|27\/100\n|move|p1b: Scizor|U-turn|p2a: Farigiraf\n|-supereffective|p2a: Farigiraf\n|-damage|p2a: Farigiraf|36\/100\n|\n|t:|1700758211\n|switch|p1b: Rillaboom|Rillaboom, L50, F|100\/100|[from] U-turn\n|-fieldstart|move: Grassy Terrain|[from] ability: Grassy Surge|[of] p1b: Rillaboom\n|\n|-heal|p2a: Farigiraf|42\/100|[from] Grassy Terrain\n|-heal|p1a: Iron Hands|33\/100|[from] Grassy Terrain\n|upkeep\n|turn|3\n|\n|t:|1700758236\n|move|p2b: Roaring Moon|Acrobatics|p1b: Rillaboom\n|-supereffective|p1b: Rillaboom\n|-damage|p1b: Rillaboom|15\/100\n|-enditem|p1b: Rillaboom|Sitrus Berry|[eat]\n|-heal|p1b: Rillaboom|39\/100|[from] item: Sitrus Berry\n|move|p2a: Farigiraf|Wish|p2a: Farigiraf\n|move|p1b: Rillaboom|U-turn|p2a: Farigiraf\n|-supereffective|p2a: Farigiraf\n|-damage|p2a: Farigiraf|5\/100\n|\n|t:|1700758245\n|switch|p1b: Scizor|Scizor, L50, F|100\/100|[from] U-turn\n|move|p1a: Iron Hands|Wild Charge|p2b: Roaring Moon\n|-resisted|p2b: Roaring Moon\n|-damage|p2b: Roaring Moon|69\/100\n|-damage|p1a: Iron Hands|26\/100|[from] Recoil\n|\n|-heal|p2b: Roaring Moon|75\/100|[from] Grassy Terrain\n|-heal|p2a: Farigiraf|12\/100|[from] Grassy Terrain\n|-heal|p1a: Iron Hands|32\/100|[from] Grassy Terrain\n|upkeep\n|turn|4\n|\n|t:|1700758272\n|-end|p1a: Iron Hands|Quark Drive|[silent]\n|switch|p1a: Arcanine|Arcanine-Hisui, L50, F|41\/100\n|-ability|p1a: Arcanine|Intimidate|boost\n|-unboost|p2a: Farigiraf|atk|1\n|-unboost|p2b: Roaring Moon|atk|1\n|move|p2a: Farigiraf|Protect|p2a: Farigiraf\n|-singleturn|p2a: Farigiraf|Protect\n|move|p2b: Roaring Moon|Breaking Swipe|p1b: Scizor|[spread] p1a,p1b\n|-resisted|p1b: Scizor\n|-damage|p1a: Arcanine|20\/100\n|-damage|p1b: Scizor|92\/100\n|-unboost|p1a: Arcanine|atk|1\n|-unboost|p1b: Scizor|atk|1\n|move|p1b: Scizor|Close Combat|p2b: Roaring Moon\n|-supereffective|p2b: Roaring Moon\n|-damage|p2b: Roaring Moon|0 fnt\n|-unboost|p1b: Scizor|def|1\n|-unboost|p1b: Scizor|spd|1\n|faint|p2b: Roaring Moon\n|-end|p2b: Roaring Moon|Protosynthesis|[silent]\n|\n|-heal|p2a: Farigiraf|61\/100|[from] move: Wish|[wisher] Farigiraf\n|-heal|p2a: Farigiraf|67\/100|[from] Grassy Terrain\n|-heal|p1a: Arcanine|26\/100|[from] Grassy Terrain\n|-heal|p1b: Scizor|98\/100|[from] Grassy Terrain\n|upkeep\n|\n|t:|1700758296\n|switch|p2b: Arcanine|Arcanine-Hisui, L50, F|100\/100\n|-ability|p2b: Arcanine|Intimidate|boost\n|-unboost|p1a: Arcanine|atk|1\n|-unboost|p1b: Scizor|atk|1\n|turn|5\n|\n|t:|1700758327\n|-terastallize|p1b: Scizor|Water\n|move|p2b: Arcanine|Will-O-Wisp|p1b: Scizor\n|-status|p1b: Scizor|brn\n|move|p2a: Farigiraf|Dazzling Gleam|p1a: Arcanine|[spread] p1a,p1b\n|-resisted|p1a: Arcanine\n|-damage|p1a: Arcanine|15\/100\n|-damage|p1b: Scizor|79\/100 brn\n|move|p1a: Arcanine|Rock Slide|p2b: Arcanine|[spread] p2a,p2b\n|-supereffective|p2b: Arcanine\n|-damage|p2a: Farigiraf|50\/100\n|-damage|p2b: Arcanine|62\/100\n|move|p1b: Scizor|U-turn|p2a: Farigiraf\n|-supereffective|p2a: Farigiraf\n|-damage|p2a: Farigiraf|33\/100\n|\n|t:|1700758345\n|switch|p1b: Iron Hands|Iron Hands, L50|32\/100|[from] U-turn\n|\n|-heal|p2b: Arcanine|68\/100|[from] Grassy Terrain\n|-heal|p2a: Farigiraf|39\/100|[from] Grassy Terrain\n|-heal|p1a: Arcanine|20\/100|[from] Grassy Terrain\n|-heal|p1b: Iron Hands|38\/100|[from] Grassy Terrain\n|-sideend|p2: CattMagle|move: Tailwind\n|upkeep\n|turn|6\n|\n|t:|1700758373\n|move|p2b: Arcanine|Extreme Speed|p1a: Arcanine\n|-resisted|p1a: Arcanine\n|-damage|p1a: Arcanine|3\/100\n|-damage|p2b: Arcanine|58\/100|[from] item: Life Orb\n|move|p1a: Arcanine|Rock Slide|p2b: Arcanine|[spread] p2a,p2b\n|-supereffective|p2b: Arcanine\n|-damage|p2a: Farigiraf|24\/100\n|-damage|p2b: Arcanine|13\/100\n|cant|p2a: Farigiraf|flinch\n|move|p1b: Iron Hands|Close Combat|p2a: Farigiraf\n|-damage|p2a: Farigiraf|0 fnt\n|-unboost|p1b: Iron Hands|def|1\n|-unboost|p1b: Iron Hands|spd|1\n|faint|p2a: Farigiraf\n|\n|-heal|p1a: Arcanine|9\/100|[from] Grassy Terrain\n|-heal|p2b: Arcanine|19\/100|[from] Grassy Terrain\n|-heal|p1b: Iron Hands|44\/100|[from] Grassy Terrain\n|-fieldend|move: Grassy Terrain\n|upkeep\n|turn|7\n|\n|t:|1700758406\n|switch|p1a: Scizor|Scizor, L50, F, tera:Water|79\/100 brn\n|-end|p1b: Iron Hands|Quark Drive|[silent]\n|switch|p1b: Rillaboom|Rillaboom, L50, F|39\/100\n|-fieldstart|move: Grassy Terrain|[from] ability: Grassy Surge|[of] p1b: Rillaboom\n|move|p2b: Arcanine|Extreme Speed|p1a: Scizor\n|-damage|p1a: Scizor|49\/100 brn\n|-damage|p2b: Arcanine|9\/100|[from] item: Life Orb\n|\n|-heal|p1b: Rillaboom|45\/100|[from] Grassy Terrain\n|-heal|p2b: Arcanine|15\/100|[from] Grassy Terrain\n|-heal|p1a: Scizor|55\/100 brn|[from] Grassy Terrain\n|-damage|p1a: Scizor|49\/100 brn|[from] brn\n|upkeep\n|turn|8\n|\n|t:|1700758429\n|move|p1b: Rillaboom|Fake Out|p2b: Arcanine\n|-resisted|p2b: Arcanine\n|-damage|p2b: Arcanine|8\/100\n|move|p1a: Scizor|Bullet Punch|p2b: Arcanine\n|-damage|p2b: Arcanine|0 fnt\n|faint|p2b: Arcanine\n|\n|win|Mrbombi1\n|raw|Mrbombi1's rating: 1102 &rarr; <strong>1120<\/strong><br \/>(+18 for winning)\n|raw|CattMagle's rating: 1000 &rarr; <strong>1000<\/strong><br \/>(+0 for losing)\n|l|\u2606CattMagle\n","uploadtime":1700758444,"views":4,"p1id":"mrbombi1","p2id":"cattmagle","formatid":"gen9vgc2023regulatione","rating":1000,"private":0,"password":""}