{"id":"gen9vgc2023regulatione-1998254346","p1":"Fhfnfur","p2":"quocdep","format":"[Gen 9] VGC 2023 Regulation E","log":"|j|\u2606Fhfnfur\n|j|\u2606quocdep\n|t:|1700920439\n|gametype|doubles\n|player|p1|Fhfnfur|102|\n|player|p2|quocdep|wattson|\n|teamsize|p1|6\n|teamsize|p2|6\n|gen|9\n|tier|[Gen 9] VGC 2023 Regulation E\n|rule|Species Clause: Limit one of each Pok\u00e9mon\n|rule|Item Clause: Limit one of each item\n|clearpoke\n|poke|p1|Gholdengo, L50|\n|poke|p1|Iron Hands, L50|\n|poke|p1|Amoonguss, L50, M|\n|poke|p1|Iron Bundle, L50|\n|poke|p1|Pelipper, L50, M|\n|poke|p1|Salamence, L50, M|\n|poke|p2|Crabominable, L50, F|\n|poke|p2|Urshifu-*, L50, F|\n|poke|p2|Ursaluna-Bloodmoon, L50, M|\n|poke|p2|Slowking-Galar, L50, F|\n|poke|p2|Baxcalibur, L50, F|\n|poke|p2|Eiscue, L50, F|\n|teampreview|4\n|\n|t:|1700920474\n|start\n|switch|p1a: Pelipper|Pelipper, L50, M|100\/100\n|switch|p1b: Salamence|Salamence, L50, M|100\/100\n|switch|p2a: Urshifu|Urshifu, L50, F|100\/100\n|switch|p2b: Slowking|Slowking-Galar, L50, F, shiny|100\/100\n|-ability|p1b: Salamence|Intimidate|boost\n|-unboost|p2a: Urshifu|atk|1\n|-unboost|p2b: Slowking|atk|1\n|-weather|RainDance|[from] ability: Drizzle|[of] p1a: Pelipper\n|turn|1\n|\n|t:|1700920508\n|move|p1b: Salamence|Hurricane|p2a: Urshifu\n|-supereffective|p2a: Urshifu\n|-damage|p2a: Urshifu|0 fnt\n|faint|p2a: Urshifu\n|move|p1a: Pelipper|Hurricane|p2b: Slowking\n|-damage|p2b: Slowking|67\/100\n|-start|p2b: Slowking|confusion\n|-activate|p2b: Slowking|confusion\n|move|p2b: Slowking|Chilly Reception|p2b: Slowking\n|-weather|Snow\n|\n|t:|1700920513\n|switch|p2b: Baxcalibur|Baxcalibur, L50, F, shiny|100\/100|[from] Chilly Reception\n|\n|-weather|Snow|[upkeep]\n|upkeep\n|\n|t:|1700920514\n|switch|p2a: Slowking|Slowking-Galar, L50, F, shiny|99\/100\n|turn|2\n|\n|t:|1700920548\n|switch|p1b: Iron Hands|Iron Hands, L50|100\/100\n|move|p1a: Pelipper|Protect|p1a: Pelipper\n|-singleturn|p1a: Pelipper|Protect\n|move|p2b: Baxcalibur|Icicle Crash|p1b: Iron Hands\n|-damage|p1b: Iron Hands|69\/100\n|move|p2a: Slowking|Sludge Bomb|p1b: Iron Hands\n|-damage|p1b: Iron Hands|45\/100\n|\n|-weather|Snow|[upkeep]\n|upkeep\n|turn|3\n|\n|t:|1700920573\n|switch|p1a: Salamence|Salamence, L50, M|100\/100\n|-ability|p1a: Salamence|Intimidate|boost\n|-unboost|p2a: Slowking|atk|1\n|-unboost|p2b: Baxcalibur|atk|1\n|-terastallize|p2b: Baxcalibur|Electric\n|move|p1b: Iron Hands|Fake Out|p2b: Baxcalibur\n|-damage|p2b: Baxcalibur|83\/100\n|-damage|p1b: Iron Hands|28\/100|[from] item: Rocky Helmet|[of] p2b: Baxcalibur\n|cant|p2b: Baxcalibur|flinch\n|move|p2a: Slowking|Psychic|p1b: Iron Hands\n|-supereffective|p1b: Iron Hands\n|-damage|p1b: Iron Hands|0 fnt\n|faint|p1b: Iron Hands\n|-end|p1b: Iron Hands|Quark Drive|[silent]\n|\n|-weather|Snow|[upkeep]\n|upkeep\n|\n|t:|1700920592\n|switch|p1b: Pelipper|Pelipper, L50, M|100\/100\n|-weather|RainDance|[from] ability: Drizzle|[of] p1b: Pelipper\n|turn|4\n|\n|t:|1700920610\n|-terastallize|p1a: Salamence|Flying\n|move|p1a: Salamence|Draco Meteor|p2b: Baxcalibur\n|-damage|p2b: Baxcalibur|24\/100\n|-unboost|p1a: Salamence|spa|2\n|move|p2b: Baxcalibur|Icicle Crash|p1a: Salamence\n|-supereffective|p1a: Salamence\n|-damage|p1a: Salamence|26\/100\n|move|p1b: Pelipper|Hurricane|p2b: Baxcalibur\n|-resisted|p2b: Baxcalibur\n|-damage|p2b: Baxcalibur|3\/100\n|move|p2a: Slowking|Chilly Reception|p2a: Slowking\n|-weather|Snow\n|\n|t:|1700920623\n|switch|p2a: Ursaluna|Ursaluna-Bloodmoon, L50, M|100\/100|[from] Chilly Reception\n|\n|-weather|Snow|[upkeep]\n|upkeep\n|turn|5\n|\n|t:|1700920639\n|move|p1b: Pelipper|Wide Guard|p1b: Pelipper\n|-singleturn|p1b: Pelipper|Wide Guard\n|move|p1a: Salamence|Draco Meteor|p2b: Baxcalibur\n|-damage|p2b: Baxcalibur|0 fnt\n|-unboost|p1a: Salamence|spa|2\n|faint|p2b: Baxcalibur\n|move|p2a: Ursaluna|Hyper Voice|p1b: Pelipper|[spread] \n|-activate|p1a: Salamence|move: Wide Guard\n|-activate|p1b: Pelipper|move: Wide Guard\n|\n|-weather|Snow|[upkeep]\n|upkeep\n|\n|t:|1700920644\n|switch|p2b: Slowking|Slowking-Galar, L50, F, shiny|100\/100\n|turn|6\n|\n|t:|1700920661\n|switch|p1a: Iron Bundle|Iron Bundle, L50|100\/100\n|-enditem|p1a: Iron Bundle|Booster Energy\n|-activate|p1a: Iron Bundle|ability: Quark Drive|[fromitem]\n|-start|p1a: Iron Bundle|quarkdrivespe\n|move|p1b: Pelipper|Weather Ball|p2a: Ursaluna\n|-supereffective|p2a: Ursaluna\n|-damage|p2a: Ursaluna|44\/100\n|move|p2a: Ursaluna|Blood Moon|p1b: Pelipper\n|-enditem|p1b: Pelipper|Focus Sash\n|-damage|p1b: Pelipper|1\/100\n|move|p2b: Slowking|Trick Room|p2b: Slowking\n|-fieldstart|move: Trick Room|[of] p2b: Slowking\n|\n|-weather|Snow|[upkeep]\n|upkeep\n|turn|7\n|\n|t:|1700920693\n|move|p1b: Pelipper|Wide Guard|p1b: Pelipper\n|-singleturn|p1b: Pelipper|Wide Guard\n|move|p2b: Slowking|Sludge Bomb|p1b: Pelipper\n|-damage|p1b: Pelipper|0 fnt\n|faint|p1b: Pelipper\n|move|p2a: Ursaluna|Earth Power|p1a: Iron Bundle\n|-damage|p1a: Iron Bundle|23\/100\n|move|p1a: Iron Bundle|Freeze-Dry|p2a: Ursaluna\n|-supereffective|p2a: Ursaluna\n|-damage|p2a: Ursaluna|0 fnt\n|faint|p2a: Ursaluna\n|\n|-weather|Snow|[upkeep]\n|upkeep\n|\n|t:|1700920707\n|switch|p1b: Salamence|Salamence, L50, M, tera:Flying|26\/100\n|-ability|p1b: Salamence|Intimidate|boost\n|-unboost|p2b: Slowking|atk|1\n|turn|8\n|\n|t:|1700920725\n|move|p2b: Slowking|Psychic|p1b: Salamence\n|-damage|p1b: Salamence|0 fnt\n|faint|p1b: Salamence\n|move|p1a: Iron Bundle|Freeze-Dry|p2b: Slowking\n|-damage|p2b: Slowking|77\/100\n|-status|p2b: Slowking|frz\n|\n|-weather|none\n|upkeep\n|turn|9\n|\n|t:|1700920741\n|cant|p2b: Slowking|frz\n|move|p1a: Iron Bundle|Hydro Pump|p2b: Slowking|[miss]\n|-miss|p1a: Iron Bundle|p2b: Slowking\n|\n|upkeep\n|turn|10\n|\n|t:|1700920747\n|move|p1a: Iron Bundle|Protect|p1a: Iron Bundle\n|-singleturn|p1a: Iron Bundle|Protect\n|cant|p2b: Slowking|frz\n|\n|-fieldend|move: Trick Room\n|upkeep\n|turn|11\n|\n|t:|1700920755\n|move|p1a: Iron Bundle|Hydro Pump|p2b: Slowking\n|-damage|p2b: Slowking|40\/100 frz\n|cant|p2b: Slowking|frz\n|\n|upkeep\n|turn|12\n|\n|t:|1700920762\n|move|p1a: Iron Bundle|Hydro Pump|p2b: Slowking\n|-damage|p2b: Slowking|4\/100 frz\n|cant|p2b: Slowking|frz\n|\n|upkeep\n|turn|13\n|\n|t:|1700920768\n|move|p1a: Iron Bundle|Icy Wind|p2b: Slowking\n|-damage|p2b: Slowking|0 fnt\n|faint|p2b: Slowking\n|\n|win|Fhfnfur\n","uploadtime":1700920804,"views":6,"p1id":"fhfnfur","p2id":"quocdep","formatid":"gen9vgc2023regulatione","rating":0,"private":0,"password":""}