{"id":"gen9vgc2023regulatione-1989234197","p1":"SakuroYakami","p2":"Marcostap","format":"[Gen 9] VGC 2023 Regulation E","log":"|j|\u2606SakuroYakami\n|j|\u2606Marcostap\n|n|\u2606SakuroYakami|sakuroyakami\n|n|\u2606Marcostap|marcostap\n|html|View the match progress at <a href=\"\/game-bestof3-gen9vgc2023regulatione-1989230456\">game-bestof3-gen9vgc2023regulatione-1989230456<\/a>\n|t:|1699826287\n|gametype|doubles\n|player|p1|SakuroYakami|turo-ai|\n|player|p2|Marcostap|cynthia-gen4|\n|teamsize|p1|6\n|teamsize|p2|6\n|gen|9\n|tier|[Gen 9] VGC 2023 Regulation E\n|rule|Species Clause: Limit one of each Pok\u00e9mon\n|rule|Item Clause: Limit one of each item\n|clearpoke\n|poke|p1|Urshifu-*, L50, M|\n|poke|p1|Tornadus, L50, M|\n|poke|p1|Ogerpon-Hearthflame, L50, F|\n|poke|p1|Flutter Mane, L50|\n|poke|p1|Landorus-Therian, L50, M|\n|poke|p1|Kingambit, L50, M|\n|poke|p2|Rillaboom, L50, F|\n|poke|p2|Pelipper, L50, M|\n|poke|p2|Palafin, L50, F|\n|poke|p2|Ursaluna-Bloodmoon, L50, M|\n|poke|p2|Dusclops, L50, M|\n|poke|p2|Cresselia, L50, F|\n|teampreview|4\nMarcostap has agreed to open team sheets.\n|j| ShimeNaruka\n|c|\u2606Marcostap|aceita o ots\nSakuroYakami has agreed to open team sheets.\n|showteam|p1|Urshifu-Rapid-Strike||FocusSash|UnseenFist|SurgingStrikes,AquaJet,CloseCombat,Protect|||M|||50|,,,,,Water]Tornadus||SitrusBerry|Prankster|BleakwindStorm,Tailwind,RainDance,Protect|||M|||50|,,,,,Poison]Ogerpon-Hearthflame||HearthflameMask|MoldBreaker|IvyCudgel,HornLeech,FollowMe,SpikyShield|||F|||50|,,,,,Fire]Flutter Mane||ChoiceSpecs|Protosynthesis|ShadowBall,DazzlingGleam,Moonblast,MysticalFire||||||50|,,,,,Fairy]Landorus-Therian||ChoiceScarf|Intimidate|StompingTantrum,RockSlide,Uturn,TeraBlast|||M|||50|,,,,,Flying]Kingambit||BlackGlasses|Defiant|KowtowCleave,SuckerPunch,SwordsDance,Protect|||M|||50|,,,,,Dark\n|showteam|p2|Rillaboom||AssaultVest|GrassySurge|FakeOut,Uturn,GrassyGlide,WoodHammer|||F|||50|,,,,,Grass]Pelipper||Leftovers|Drizzle|Hurricane,HelpingHand,WideGuard,Protect|||M|||50|,,,,,Flying]Palafin||ChoiceBand|ZerotoHero|JetPunch,WaveCrash,FlipTurn,DrainPunch|||F|||50|,,,,,Fighting]Ursaluna-Bloodmoon||LifeOrb|MindsEye|Protect,EarthPower,BloodMoon,HyperVoice|||M|||50|,,,,,Normal]Dusclops||Eviolite|Pressure|NightShade,WillOWisp,PainSplit,TrickRoom|||M|||50|,,,,,Poison]Cresselia||RockyHelmet|Levitate|LunarBlessing,Psychic,HelpingHand,Protect|||F|||50|,,,,,Psychic\n|c| ShimeNaruka|Podem come\u00e7ar!!\n|c| ShimeNaruka|Marcos, qualquer coisa eu to salvando as partidas aqui tbm\n|c|\u2606Marcostap|blz, vlw\n|\n|t:|1699826400\n|start\n|switch|p1a: Kingambit|Kingambit, L50, M|100\/100\n|switch|p1b: Flutter Mane|Flutter Mane, L50|100\/100\n|switch|p2a: Dusclops|Dusclops, L50, M|100\/100\n|switch|p2b: Ursaluna|Ursaluna-Bloodmoon, L50, M|100\/100\n|-ability|p2a: Dusclops|Pressure\n|turn|1\n|\n|t:|1699826440\n|-terastallize|p2a: Dusclops|Poison\n|move|p2b: Ursaluna|Protect|p2b: Ursaluna\n|-singleturn|p2b: Ursaluna|Protect\n|move|p1b: Flutter Mane|Dazzling Gleam|p2b: Ursaluna|[spread] p2a\n|-activate|p2b: Ursaluna|move: Protect\n|-resisted|p2a: Dusclops\n|-damage|p2a: Dusclops|87\/100\n|move|p1a: Kingambit|Kowtow Cleave|p2a: Dusclops\n|-damage|p2a: Dusclops|48\/100\n|move|p2a: Dusclops|Trick Room|p2a: Dusclops\n|-fieldstart|move: Trick Room|[of] p2a: Dusclops\n|\n|upkeep\n|turn|2\n|\n|t:|1699826460\n|move|p2a: Dusclops|Will-O-Wisp|p1a: Kingambit\n|-status|p1a: Kingambit|brn\n|move|p2b: Ursaluna|Blood Moon|p1b: Flutter Mane\n|-damage|p1b: Flutter Mane|0 fnt\n|faint|p1b: Flutter Mane\n|-end|p1b: Flutter Mane|Protosynthesis|[silent]\n|-damage|p2b: Ursaluna|91\/100|[from] item: Life Orb\n|move|p1a: Kingambit|Kowtow Cleave|p2a: Dusclops\n|-damage|p2a: Dusclops|28\/100\n|\n|-damage|p1a: Kingambit|95\/100 brn|[from] brn\n|upkeep\n|j| Rebornsan93\n|\n|t:|1699826479\n|switch|p1b: Urshifu|Urshifu-Rapid-Strike, L50, M|100\/100\n|turn|3\n|\n|t:|1699826496\n|move|p2b: Ursaluna|Protect|p2b: Ursaluna\n|-singleturn|p2b: Ursaluna|Protect\n|move|p2a: Dusclops|Pain Split|p1b: Urshifu\n|-sethp|p1b: Urshifu|62\/100|[from] move: Pain Split|[silent]\n|-sethp|p2a: Dusclops|74\/100|[from] move: Pain Split\n|move|p1a: Kingambit|Swords Dance|p1a: Kingambit\n|-boost|p1a: Kingambit|atk|2\n|move|p1b: Urshifu|Close Combat|p2b: Ursaluna\n|-supereffective|p2b: Ursaluna\n|-damage|p2b: Ursaluna|0 fnt\n|-unboost|p1b: Urshifu|def|1\n|-unboost|p1b: Urshifu|spd|1\n|faint|p2b: Ursaluna\n|\n|-damage|p1a: Kingambit|89\/100 brn|[from] brn\n|upkeep\n|c|\u2606Marcostap|sempre\n|c|\u2606Marcostap|esque\u00e7o\n|\n|t:|1699826513\n|switch|p2b: Rillaboom|Rillaboom, L50, F|100\/100\n|-fieldstart|move: Grassy Terrain|[from] ability: Grassy Surge|[of] p2b: Rillaboom\n|turn|4\n|\n|t:|1699826533\n|move|p1b: Urshifu|Protect|p1b: Urshifu\n|-singleturn|p1b: Urshifu|Protect\n|move|p2a: Dusclops|Night Shade|p1a: Kingambit\n|-damage|p1a: Kingambit|65\/100 brn\n|move|p1a: Kingambit|Kowtow Cleave|p2a: Dusclops\n|-damage|p2a: Dusclops|33\/100\n|move|p2b: Rillaboom|U-turn|p1a: Kingambit\n|-damage|p1a: Kingambit|46\/100 brn\n|\n|t:|1699826542\n|switch|p2b: Palafin|Palafin, L50, F|100\/100|[from] U-turn\n|\n|-heal|p2a: Dusclops|39\/100|[from] Grassy Terrain\n|-heal|p1a: Kingambit|52\/100 brn|[from] Grassy Terrain\n|-heal|p1b: Urshifu|68\/100|[from] Grassy Terrain\n|-damage|p1a: Kingambit|46\/100 brn|[from] brn\n|upkeep\n|turn|5\n|\n|t:|1699826573\n|move|p2a: Dusclops|Will-O-Wisp|p1b: Urshifu\n|-status|p1b: Urshifu|brn\n|move|p1a: Kingambit|Kowtow Cleave|p2a: Dusclops\n|-damage|p2a: Dusclops|0 fnt\n|faint|p2a: Dusclops\n|move|p2b: Palafin|Flip Turn|p1a: Kingambit\n|-damage|p1a: Kingambit|20\/100 brn\n|\n|t:|1699826581\n|detailschange|p2b: Palafin|Palafin-Hero, L50, F\n|switch|p2b: Rillaboom|Rillaboom, L50, F|100\/100|[from] Flip Turn\n|move|p1b: Urshifu|Close Combat|p2b: Rillaboom\n|-damage|p2b: Rillaboom|72\/100\n|-unboost|p1b: Urshifu|def|1\n|-unboost|p1b: Urshifu|spd|1\n|\n|-heal|p1a: Kingambit|26\/100 brn|[from] Grassy Terrain\n|-heal|p2b: Rillaboom|78\/100|[from] Grassy Terrain\n|-heal|p1b: Urshifu|74\/100 brn|[from] Grassy Terrain\n|-damage|p1a: Kingambit|20\/100 brn|[from] brn\n|-damage|p1b: Urshifu|68\/100 brn|[from] brn\n|-fieldend|move: Trick Room\n|upkeep\n|\n|t:|1699826593\n|switch|p2a: Palafin|Palafin-Hero, L50, F|100\/100\n|-activate|p2a: Palafin|ability: Zero to Hero\n|turn|6\n|\n|t:|1699826606\n|move|p1b: Urshifu|Protect|p1b: Urshifu\n|-singleturn|p1b: Urshifu|Protect\n|move|p2a: Palafin|Jet Punch|p1a: Kingambit\n|-damage|p1a: Kingambit|0 fnt\n|faint|p1a: Kingambit\n|move|p2b: Rillaboom|Grassy Glide|p1b: Urshifu\n|-activate|p1b: Urshifu|move: Protect\n|\n|-heal|p1b: Urshifu|74\/100 brn|[from] Grassy Terrain\n|-heal|p2b: Rillaboom|85\/100|[from] Grassy Terrain\n|-damage|p1b: Urshifu|68\/100 brn|[from] brn\n|upkeep\n|j| lucasarreguy\n|\n|t:|1699826617\n|switch|p1a: Landorus|Landorus-Therian, L50, M|100\/100\n|-ability|p1a: Landorus|Intimidate|boost\n|-unboost|p2a: Palafin|atk|1\n|-unboost|p2b: Rillaboom|atk|1\n|turn|7\n|\n|t:|1699826634\n|-terastallize|p1a: Landorus|Flying\n|move|p2a: Palafin|Jet Punch|p1a: Landorus\n|-damage|p1a: Landorus|57\/100\n|move|p2b: Rillaboom|Grassy Glide|p1b: Urshifu\n|-supereffective|p1b: Urshifu\n|-damage|p1b: Urshifu|0 fnt\n|faint|p1b: Urshifu\n|move|p1a: Landorus|Tera Blast|p2b: Rillaboom|[anim] Tera Blast Flying\n|-supereffective|p2b: Rillaboom\n|-damage|p2b: Rillaboom|0 fnt\n|faint|p2b: Rillaboom\n|\n|upkeep\n|turn|8\n|j| bb_hachi8\n|\n|t:|1699826646\n|move|p2a: Palafin|Jet Punch|p1a: Landorus\n|-damage|p1a: Landorus|11\/100\n|move|p1a: Landorus|Tera Blast|p2a: Palafin|[anim] Tera Blast Flying\n|-damage|p2a: Palafin|46\/100\n|\n|-heal|p2a: Palafin|51\/100|[from] Grassy Terrain\n|-fieldend|move: Grassy Terrain\n|upkeep\n|turn|9\n|c|\u2606SakuroYakami|gg\n|\n|t:|1699826655\n|move|p2a: Palafin|Jet Punch|p1a: Landorus\n|-damage|p1a: Landorus|0 fnt\n|faint|p1a: Landorus\n|\n|win|Marcostap\n|c|\u2606Marcostap|qq\n|c|\u2606SakuroYakami|vlws\n|c|\u2606Marcostap|vlws\n|l|\u2606SakuroYakami\n|c| bb_hachi8|flws\n|l| bb_hachi8\n|j| Yuri\n|l| Rebornsan93\n|l| Yuri\n|j| Yuri\n|l| Yuri\n","uploadtime":1699826708,"views":14,"p1id":"sakuroyakami","p2id":"marcostap","formatid":"gen9vgc2023regulatione","rating":0,"private":0,"password":""}