{"id":"gen9vgc2023regulatione-1990121460","p1":"ClubSandwichBread","p2":"Atiko0928","format":"[Gen 9] VGC 2023 Regulation E","log":"|j|\u2606ClubSandwichBread\n|j|\u2606Atiko0928\n|t:|1699926837\n|gametype|doubles\n|player|p1|ClubSandwichBread|swimmer-gen4dp|1109\n|player|p2|Atiko0928|dawn-gen4pt|1192\n|teamsize|p1|6\n|teamsize|p2|6\n|gen|9\n|tier|[Gen 9] VGC 2023 Regulation E\n|rated|\n|rule|Species Clause: Limit one of each Pok\u00e9mon\n|rule|Item Clause: Limit one of each item\n|clearpoke\n|poke|p1|Amoonguss, L50, F|\n|poke|p1|Roaring Moon, L50|\n|poke|p1|Tornadus, L50, M|\n|poke|p1|Urshifu-*, L50, M|\n|poke|p1|Arcanine-Hisui, L50, F|\n|poke|p1|Tinkaton, L50, F|\n|poke|p2|Ninetales-Alola, L50, F|\n|poke|p2|Landorus-Therian, L50, M|\n|poke|p2|Heatran, L50, F|\n|poke|p2|Iron Hands, L50|\n|poke|p2|Ogerpon-Hearthflame, L50, F|\n|poke|p2|Milotic, L50, F|\n|teampreview|4\n|inactive|Battle timer is ON: inactive players will automatically lose when time's up. (requested by ClubSandwichBread)\nClubSandwichBread has agreed to open team sheets.\n|inactive|ClubSandwichBread has 60 seconds left.\nAtiko0928 has agreed to open team sheets.\n|\n|t:|1699926901\n|start\n|switch|p1a: Tornadus|Tornadus, L50, M|100\/100\n|switch|p1b: Urshifu|Urshifu-Rapid-Strike, L50, M|100\/100\n|switch|p2a: Landorus|Landorus-Therian, L50, M|100\/100\n|switch|p2b: Iron Hands|Iron Hands, L50|100\/100\n|-ability|p2a: Landorus|Intimidate|boost\n|-unboost|p1a: Tornadus|atk|1\n|-unboost|p1b: Urshifu|atk|1\n|turn|1\n|\n|t:|1699926925\n|switch|p1b: Amoonguss|Amoonguss, L50, F|100\/100\n|move|p2b: Iron Hands|Fake Out|p1b: Amoonguss\n|-damage|p1b: Amoonguss|89\/100\n|-damage|p2b: Iron Hands|84\/100|[from] item: Rocky Helmet|[of] p1b: Amoonguss\n|move|p1a: Tornadus|Rain Dance|p1a: Tornadus\n|-weather|RainDance\n|move|p2a: Landorus|U-turn|p1b: Amoonguss\n|-damage|p1b: Amoonguss|66\/100\n|-damage|p2a: Landorus|84\/100|[from] item: Rocky Helmet|[of] p1b: Amoonguss\n|\n|t:|1699926937\n|switch|p2a: Ninetales|Ninetales-Alola, L50, F|100\/100|[from] U-turn\n|-weather|Snow|[from] ability: Snow Warning|[of] p2a: Ninetales\n|\n|-weather|Snow|[upkeep]\n|upkeep\n|turn|2\n|\n|t:|1699926950\n|switch|p2a: Landorus|Landorus-Therian, L50, M|84\/100\n|-ability|p2a: Landorus|Intimidate|boost\n|-unboost|p1a: Tornadus|atk|1\n|-unboost|p1b: Amoonguss|atk|1\n|move|p1a: Tornadus|Rain Dance|p1a: Tornadus\n|-weather|RainDance\n|move|p2b: Iron Hands|Wild Charge|p1a: Tornadus\n|-supereffective|p1a: Tornadus\n|-damage|p1a: Tornadus|0 fnt\n|faint|p1a: Tornadus\n|-damage|p2b: Iron Hands|66\/100|[from] Recoil\n|move|p1b: Amoonguss|Spore|p2b: Iron Hands\n|-status|p2b: Iron Hands|slp|[from] move: Spore\n|\n|-weather|RainDance|[upkeep]\n|upkeep\n|\n|t:|1699926967\n|switch|p1a: Roaring Moon|Roaring Moon, L50|100\/100\n|-enditem|p1a: Roaring Moon|Booster Energy\n|-activate|p1a: Roaring Moon|ability: Protosynthesis|[fromitem]\n|-start|p1a: Roaring Moon|protosynthesisatk\n|turn|3\n|\n|t:|1699926980\n|-end|p2b: Iron Hands|Quark Drive|[silent]\n|switch|p2b: Ninetales|Ninetales-Alola, L50, F|100\/100\n|-weather|Snow|[from] ability: Snow Warning|[of] p2b: Ninetales\n|-terastallize|p2a: Landorus|Flying\n|move|p1b: Amoonguss|Protect|p1b: Amoonguss\n|-singleturn|p1b: Amoonguss|Protect\n|move|p2a: Landorus|Tera Blast|p1b: Amoonguss|[anim] Tera Blast Flying\n|-activate|p1b: Amoonguss|move: Protect\n|move|p1a: Roaring Moon|Dragon Dance|p1a: Roaring Moon\n|-boost|p1a: Roaring Moon|atk|1\n|-boost|p1a: Roaring Moon|spe|1\n|\n|-weather|Snow|[upkeep]\n|upkeep\n|turn|4\n|\n|t:|1699927002\n|move|p1a: Roaring Moon|Knock Off|p2a: Landorus\n|-damage|p2a: Landorus|0 fnt\n|-enditem|p2a: Landorus|Choice Scarf|[from] move: Knock Off|[of] p1a: Roaring Moon\n|faint|p2a: Landorus\n|move|p2b: Ninetales|Aurora Veil|p2b: Ninetales\n|-sidestart|p2: Atiko0928|move: Aurora Veil\n|move|p1b: Amoonguss|Spore|p2b: Ninetales\n|-status|p2b: Ninetales|slp|[from] move: Spore\n|\n|-weather|Snow|[upkeep]\n|upkeep\n|\n|t:|1699927013\n|switch|p2a: Milotic|Milotic, L50, F, shiny|100\/100\n|turn|5\n|inactive|ClubSandwichBread has 30 seconds left.\n|inactive|ClubSandwichBread has 20 seconds left.\n|inactive|ClubSandwichBread has 15 seconds left.\n|\n|t:|1699927055\n|switch|p2b: Iron Hands|Iron Hands, L50|66\/100 slp\n|move|p1a: Roaring Moon|Knock Off|p2a: Milotic\n|-damage|p2a: Milotic|41\/100\n|-damage|p1a: Roaring Moon|84\/100|[from] item: Rocky Helmet|[of] p2a: Milotic\n|-enditem|p2a: Milotic|Rocky Helmet|[from] move: Knock Off|[of] p1a: Roaring Moon\n|move|p2a: Milotic|Scald|p1a: Roaring Moon\n|-resisted|p1a: Roaring Moon\n|-damage|p1a: Roaring Moon|69\/100\n|move|p1b: Amoonguss|Spore|p2a: Milotic\n|-status|p2a: Milotic|slp|[from] move: Spore\n|\n|-weather|Snow|[upkeep]\n|upkeep\n|turn|6\n|c|\u2606Atiko0928|Gg\n|-message|Atiko0928 forfeited.\n|\n|win|ClubSandwichBread\n|raw|ClubSandwichBread's rating: 1109 &rarr; <strong>1140<\/strong><br \/>(+31 for winning)\n|raw|Atiko0928's rating: 1192 &rarr; <strong>1161<\/strong><br \/>(-31 for losing)\n|l|\u2606Atiko0928\n","uploadtime":1699927082,"views":12,"p1id":"clubsandwichbread","p2id":"atiko0928","formatid":"gen9vgc2023regulatione","rating":1140,"private":0,"password":""}