{"id":"gen9vgc2023regulatione-1994289655","p1":"STGHMAAV","p2":"christianfinity","format":"[Gen 9] VGC 2023 Regulation E","log":"|j|\u2606STGHMAAV\n|j|\u2606christianfinity\n|n|\u2606STGHMAAV|stghmaav\n|n|\u2606christianfinity|christianfinity\n|html|View the match progress at <a href=\"\/game-bestof3-gen9vgc2023regulatione-1994285266\">game-bestof3-gen9vgc2023regulatione-1994285266<\/a>\n|t:|1700427510\n|gametype|doubles\n|player|p1|STGHMAAV|101|\n|player|p2|christianfinity|youngathlete|\n|teamsize|p1|6\n|teamsize|p2|6\n|gen|9\n|tier|[Gen 9] VGC 2023 Regulation E\n|rated|Tournament battle\n|rule|Species Clause: Limit one of each Pok\u00e9mon\n|rule|Item Clause: Limit one of each item\n|clearpoke\n|poke|p1|Iron Hands, L50|\n|poke|p1|Rillaboom, L50, M|\n|poke|p1|Urshifu-*, L50, M|\n|poke|p1|Flutter Mane, L50|\n|poke|p1|Heatran, L50, F|\n|poke|p1|Arcanine-Hisui, L50, F|\n|poke|p2|Ninetales-Alola, L50, M|\n|poke|p2|Ogerpon-Wellspring, L50, F|\n|poke|p2|Baxcalibur, L50, M|\n|poke|p2|Arcanine-Hisui, L50, M|\n|poke|p2|Gholdengo, L50|\n|poke|p2|Rillaboom, L50, M|\n|teampreview|4\n|showteam|p1|Iron Hands||AssaultVest|QuarkDrive|FakeOut,DrainPunch,HeavySlam,WildCharge||||||50|,,,,,Grass]Rillaboom||MiracleSeed|GrassySurge|FakeOut,GrassyGlide,Uturn,Protect|||M|||50|,,,,,Fire]Urshifu-Rapid-Strike||MysticWater|UnseenFist|Detect,SurgingStrikes,CloseCombat,AquaJet|||M|||50|,,,,,Water]Flutter Mane||BoosterEnergy|Protosynthesis|ShadowBall,Moonblast,DazzlingGleam,Protect||||||50|,,,,,Fairy]Heatran||Leftovers|FlashFire|EarthPower,MagmaStorm,TeraBlast,Protect|||F|||50|,,,,,Fairy]Arcanine-Hisui||SafetyGoggles|Intimidate|Protect,WillOWisp,FlareBlitz,RockSlide|||F|||50|,,,,,Water\n|showteam|p2|Ninetales-Alola||LightClay|SnowWarning|AuroraVeil,IcyWind,Moonblast,Encore|||M|||50|,,,,,Ghost]Ogerpon-Wellspring||WellspringMask|WaterAbsorb|SwordsDance,IvyCudgel,HornLeech,SpikyShield|||F|||50|,,,,,Water]Baxcalibur||ClearAmulet|IceBody|DragonDance,IcicleCrash,HighHorsepower,Protect|||M|||50|,,,,,Poison]Arcanine-Hisui||ChoiceBand|Intimidate|FlareBlitz,RockSlide,ExtremeSpeed,TeraBlast|||M|||50|,,,,,Fairy]Gholdengo||Leftovers|GoodasGold|NastyPlot,MakeItRain,ShadowBall,Protect||||||50|,,,,,Fairy]Rillaboom||AssaultVest|GrassySurge|FakeOut,GrassyGlide,DrumBeating,HighHorsepower|||M|||50|,,,,,Fire\n|j| ale cog\n|j| mocha_06\n|j| Luke111192\n|j|%Radio Free C-Side\n|\n|t:|1700427546\n|start\n|switch|p1a: Iron Hands|Iron Hands, L50|100\/100\n|switch|p1b: Arcanine|Arcanine-Hisui, L50, F|100\/100\n|switch|p2a: Serendipity|Ninetales-Alola, L50, M, shiny|100\/100\n|switch|p2b: Vacuole|Ogerpon-Wellspring, L50, F|100\/100\n|-weather|Snow|[from] ability: Snow Warning|[of] p2a: Serendipity\n|-ability|p1b: Arcanine|Intimidate|boost\n|-unboost|p2a: Serendipity|atk|1\n|-unboost|p2b: Vacuole|atk|1\n|turn|1\n|\n|t:|1700427567\n|move|p2a: Serendipity|Aurora Veil|p2a: Serendipity\n|-sidestart|p2: christianfinity|move: Aurora Veil\n|move|p1b: Arcanine|Will-O-Wisp|p2b: Vacuole\n|-status|p2b: Vacuole|brn\n|move|p2b: Vacuole|Ivy Cudgel|p1b: Arcanine|[anim] Ivy Cudgel Water\n|-supereffective|p1b: Arcanine\n|-damage|p1b: Arcanine|4\/100\n|move|p1a: Iron Hands|Heavy Slam|p2a: Serendipity\n|-supereffective|p2a: Serendipity\n|-damage|p2a: Serendipity|0 fnt\n|faint|p2a: Serendipity\n|\n|-weather|Snow|[upkeep]\n|-damage|p2b: Vacuole|95\/100 brn|[from] brn\n|upkeep\n|c|%Radio Free C-Side|lmao ivy cudgel almost kills harc twice over\n|\n|t:|1700427603\n|switch|p2a: 50 Cent|Gholdengo, L50, shiny|100\/100\n|turn|2\n|\n|t:|1700427622\n|move|p1b: Arcanine|Flare Blitz|p2a: 50 Cent\n|-supereffective|p2a: 50 Cent\n|-damage|p2a: 50 Cent|30\/100\n|-damage|p1b: Arcanine|0 fnt|[from] Recoil\n|faint|p1b: Arcanine\n|move|p2b: Vacuole|Horn Leech|p1a: Iron Hands\n|-damage|p1a: Iron Hands|91\/100\n|-heal|p2b: Vacuole|100\/100 brn|[from] drain|[of] p1a: Iron Hands\n|move|p2a: 50 Cent|Nasty Plot|p2a: 50 Cent\n|-boost|p2a: 50 Cent|spa|2\n|move|p1a: Iron Hands|Heavy Slam|p2a: 50 Cent\n|-resisted|p2a: 50 Cent\n|-damage|p2a: 50 Cent|17\/100\n|\n|-weather|Snow|[upkeep]\n|-heal|p2a: 50 Cent|23\/100|[from] item: Leftovers\n|-damage|p2b: Vacuole|95\/100 brn|[from] brn\n|upkeep\n|c|\u2606christianfinity|Jolly arcanine was not on my radar up until now\n|\n|t:|1700427631\n|switch|p1b: Flutter Mane|Flutter Mane, L50|100\/100\n|-enditem|p1b: Flutter Mane|Booster Energy\n|-activate|p1b: Flutter Mane|ability: Protosynthesis|[fromitem]\n|-start|p1b: Flutter Mane|protosynthesisspe\n|turn|3\n|\n|t:|1700427696\n|move|p1b: Flutter Mane|Protect|p1b: Flutter Mane\n|-singleturn|p1b: Flutter Mane|Protect\n|move|p2b: Vacuole|Ivy Cudgel|p1a: Iron Hands|[anim] Ivy Cudgel Water\n|-damage|p1a: Iron Hands|78\/100\n|move|p2a: 50 Cent|Make It Rain|p1a: Iron Hands|[spread] p1a\n|-activate|p1b: Flutter Mane|move: Protect\n|-resisted|p1a: Iron Hands\n|-damage|p1a: Iron Hands|53\/100\n|-unboost|p2a: 50 Cent|spa|1\n|move|p1a: Iron Hands|Wild Charge|p2b: Vacuole\n|-damage|p2b: Vacuole|57\/100 brn\n|-damage|p1a: Iron Hands|46\/100|[from] Recoil\n|\n|-weather|Snow|[upkeep]\n|-heal|p2a: 50 Cent|29\/100|[from] item: Leftovers\n|-damage|p2b: Vacuole|51\/100 brn|[from] brn\n|upkeep\n|turn|4\n|\n|t:|1700427734\n|move|p2a: 50 Cent|Protect|p2a: 50 Cent\n|-singleturn|p2a: 50 Cent|Protect\n|move|p1b: Flutter Mane|Shadow Ball|p2a: 50 Cent\n|-activate|p2a: 50 Cent|move: Protect\n|move|p2b: Vacuole|Ivy Cudgel|p1a: Iron Hands|[anim] Ivy Cudgel Water\n|-damage|p1a: Iron Hands|35\/100\n|move|p1a: Iron Hands|Drain Punch|p2b: Vacuole\n|-damage|p2b: Vacuole|18\/100 brn\n|-heal|p1a: Iron Hands|46\/100|[from] drain|[of] p2b: Vacuole\n|\n|-weather|Snow|[upkeep]\n|-heal|p2a: 50 Cent|36\/100|[from] item: Leftovers\n|-damage|p2b: Vacuole|12\/100 brn|[from] brn\n|upkeep\n|turn|5\n|\n|t:|1700427778\n|-terastallize|p2a: 50 Cent|Fairy\n|move|p1b: Flutter Mane|Shadow Ball|p2a: 50 Cent\n|-damage|p2a: 50 Cent|7\/100\n|move|p2b: Vacuole|Ivy Cudgel|p1a: Iron Hands|[anim] Ivy Cudgel Water\n|-damage|p1a: Iron Hands|35\/100\n|move|p2a: 50 Cent|Make It Rain|p1a: Iron Hands|[spread] p1a,p1b\n|-resisted|p1a: Iron Hands\n|-supereffective|p1b: Flutter Mane\n|-damage|p1a: Iron Hands|15\/100\n|-damage|p1b: Flutter Mane|0 fnt\n|-unboost|p2a: 50 Cent|spa|1\n|faint|p1b: Flutter Mane\n|-end|p1b: Flutter Mane|Protosynthesis|[silent]\n|move|p1a: Iron Hands|Drain Punch|p2b: Vacuole\n|-damage|p2b: Vacuole|0 fnt\n|-heal|p1a: Iron Hands|19\/100|[from] drain|[of] p2b: Vacuole\n|faint|p2b: Vacuole\n|\n|-weather|none\n|-heal|p2a: 50 Cent|13\/100|[from] item: Leftovers\n|upkeep\n|\n|t:|1700427790\n|switch|p1b: Heatran|Heatran, L50, F|100\/100\n|switch|p2b: Baxter|Baxcalibur, L50, M|100\/100\n|turn|6\n|\n|t:|1700427818\n|move|p2a: 50 Cent|Protect|p2a: 50 Cent\n|-singleturn|p2a: 50 Cent|Protect\n|move|p1b: Heatran|Protect|p1b: Heatran\n|-singleturn|p1b: Heatran|Protect\n|move|p2b: Baxter|High Horsepower|p1a: Iron Hands\n|-supereffective|p1a: Iron Hands\n|-damage|p1a: Iron Hands|0 fnt\n|faint|p1a: Iron Hands\n|-end|p1a: Iron Hands|Quark Drive|[silent]\n|\n|-heal|p2a: 50 Cent|20\/100|[from] item: Leftovers\n|upkeep\n|turn|7\n|\n|t:|1700427836\n|-terastallize|p1b: Heatran|Fairy\n|move|p2b: Baxter|High Horsepower|p1b: Heatran\n|-damage|p1b: Heatran|71\/100\n|move|p2a: 50 Cent|Make It Rain|p1b: Heatran\n|-supereffective|p1b: Heatran\n|-damage|p1b: Heatran|0 fnt\n|-unboost|p2a: 50 Cent|spa|1\n|faint|p1b: Heatran\n|\n|win|christianfinity\n|c|\u2606christianfinity|gg\n|c|\u2606STGHMAAV|Ggs! Congratz!\n|l| mocha_06\n|l| Luke111192\n|l| Radio Free C-Side\n|l| ale cog\n","uploadtime":1700428405,"views":13,"p1id":"stghmaav","p2id":"christianfinity","formatid":"gen9vgc2023regulatione","rating":0,"private":0,"password":""}