{"id":"gen9vgc2023regulatione-1989168883","p1":"CharlienoB","p2":"Sc90","format":"[Gen 9] VGC 2023 Regulation E","log":"|j|\u2606CharlienoB\n|j|\u2606Sc90\n|t:|1699819501\n|gametype|doubles\n|player|p1|CharlienoB|1|1062\n|player|p2|Sc90|dawn-gen4pt|1000\n|teamsize|p1|6\n|teamsize|p2|6\n|gen|9\n|tier|[Gen 9] VGC 2023 Regulation E\n|rated|\n|rule|Species Clause: Limit one of each Pok\u00e9mon\n|rule|Item Clause: Limit one of each item\n|clearpoke\n|poke|p1|Brute Bonnet, L50|\n|poke|p1|Chi-Yu, L50|\n|poke|p1|Dondozo, L50, M|\n|poke|p1|Tatsugiri, L50, F|\n|poke|p1|Flamigo, L50, F|\n|poke|p1|Landorus-Therian, L50, M|\n|poke|p2|Zoroark-Hisui, L50, F|\n|poke|p2|Lycanroc-Dusk, L50, F|\n|poke|p2|Donphan, L50, F|\n|poke|p2|Hippowdon, L50, M|\n|poke|p2|Hydreigon, L50, F|\n|poke|p2|Mamoswine, L50, M|\n|teampreview|4\n|\n|t:|1699819519\n|start\n|switch|p1a: Brute Bonnet|Brute Bonnet, L50|100\/100\n|switch|p1b: Tatsugiri|Tatsugiri, L50, F|100\/100\n|switch|p2a: Mamoswine|Mamoswine, L50, M|100\/100\n|switch|p2b: Hydreigon|Hydreigon, L50, F|100\/100\n|turn|1\n|\n|t:|1699819566\n|-terastallize|p1a: Brute Bonnet|Water\n|move|p1a: Brute Bonnet|Rage Powder|p1a: Brute Bonnet\n|-singleturn|p1a: Brute Bonnet|move: Rage Powder\n|move|p2b: Hydreigon|Dark Pulse|p1a: Brute Bonnet\n|-damage|p1a: Brute Bonnet|75\/100\n|move|p2a: Mamoswine|High Horsepower|p1a: Brute Bonnet\n|-crit|p1a: Brute Bonnet\n|-damage|p1a: Brute Bonnet|22\/100\n|-enditem|p1a: Brute Bonnet|Sitrus Berry|[eat]\n|-heal|p1a: Brute Bonnet|47\/100|[from] item: Sitrus Berry\n|move|p1b: Tatsugiri|Draco Meteor|p2b: Hydreigon\n|-supereffective|p2b: Hydreigon\n|-damage|p2b: Hydreigon|0 fnt\n|-unboost|p1b: Tatsugiri|spa|2\n|faint|p2b: Hydreigon\n|\n|upkeep\n|\n|t:|1699819581\n|switch|p2b: Hippowdon|Hippowdon, L50, M|100\/100\n|turn|2\n|\n|t:|1699819600\n|move|p2b: Hippowdon|Protect|p2b: Hippowdon\n|-singleturn|p2b: Hippowdon|Protect\n|move|p1a: Brute Bonnet|Sucker Punch||[still]\n|-fail|p1a: Brute Bonnet\n|move|p2a: Mamoswine|High Horsepower|p1a: Brute Bonnet\n|-damage|p1a: Brute Bonnet|12\/100\n|move|p1b: Tatsugiri|Nasty Plot|p1b: Tatsugiri\n|-boost|p1b: Tatsugiri|spa|2\n|\n|upkeep\n|turn|3\n|\n|t:|1699819622\n|move|p2b: Hippowdon|Protect|p2b: Hippowdon\n|-singleturn|p2b: Hippowdon|Protect\n|move|p2a: Mamoswine|High Horsepower|p1a: Brute Bonnet\n|-damage|p1a: Brute Bonnet|0 fnt\n|faint|p1a: Brute Bonnet\n|-end|p1a: Brute Bonnet|Protosynthesis|[silent]\n|move|p1b: Tatsugiri|Nasty Plot|p1b: Tatsugiri\n|-boost|p1b: Tatsugiri|spa|2\n|\n|upkeep\n|\n|t:|1699819641\n|switch|p1a: Landorus|Landorus-Therian, L50, M|100\/100\n|-ability|p1a: Landorus|Intimidate|boost\n|-fail|p2a: Mamoswine|unboost|Attack|[from] ability: Oblivious|[of] p2a: Mamoswine\n|-unboost|p2b: Hippowdon|atk|1\n|turn|4\n|\n|t:|1699819657\n|move|p2b: Hippowdon|Protect||[still]\n|-fail|p2b: Hippowdon\n|move|p2a: Mamoswine|Ice Fang|p1a: Landorus\n|-supereffective|p1a: Landorus\n|-damage|p1a: Landorus|0 fnt\n|faint|p1a: Landorus\n|move|p1b: Tatsugiri|Icy Wind|p2a: Mamoswine|[spread] p2a,p2b\n|-damage|p2a: Mamoswine|69\/100\n|-damage|p2b: Hippowdon|52\/100\n|-unboost|p2a: Mamoswine|spe|1\n|-unboost|p2b: Hippowdon|spe|1\n|replace|p2b: Zoroark|Zoroark-Hisui, L50, F\n|-end|p2b: Zoroark|Illusion\n|\n|upkeep\n|\n|t:|1699819669\n|switch|p1a: Chi-Yu|Chi-Yu, L50|100\/100\n|-ability|p1a: Chi-Yu|Beads of Ruin\n|turn|5\n|\n|t:|1699819680\n|move|p1a: Chi-Yu|Overheat|p2a: Mamoswine\n|-supereffective|p2a: Mamoswine\n|-crit|p2a: Mamoswine\n|-damage|p2a: Mamoswine|0 fnt\n|-unboost|p1a: Chi-Yu|spa|2\n|faint|p2a: Mamoswine\n|-damage|p1a: Chi-Yu|90\/100|[from] item: Life Orb\n|move|p1b: Tatsugiri|Nasty Plot|p1b: Tatsugiri\n|-boost|p1b: Tatsugiri|spa|2\n|move|p2b: Zoroark|Bitter Malice|p1a: Chi-Yu\n|-resisted|p1a: Chi-Yu\n|-damage|p1a: Chi-Yu|72\/100\n|-unboost|p1a: Chi-Yu|atk|1\n|\n|upkeep\n|\n|t:|1699819697\n|switch|p2a: Hippowdon|Hippowdon, L50, M|100\/100\n|-weather|Sandstorm|[from] ability: Sand Stream|[of] p2a: Hippowdon\n|turn|6\n|\n|t:|1699819715\n|-terastallize|p2b: Zoroark|Normal\n|move|p1a: Chi-Yu|Will-O-Wisp|p2a: Hippowdon\n|-status|p2a: Hippowdon|brn\n|move|p1b: Tatsugiri|Icy Wind|p2a: Hippowdon|[spread] p2a,p2b\n|-supereffective|p2a: Hippowdon\n|-damage|p2a: Hippowdon|12\/100 brn\n|-damage|p2b: Zoroark|0 fnt\n|-unboost|p2a: Hippowdon|spe|1\n|faint|p2b: Zoroark\n|move|p2a: Hippowdon|Stomping Tantrum|p1a: Chi-Yu\n|-supereffective|p1a: Chi-Yu\n|-damage|p1a: Chi-Yu|22\/100\n|\n|-weather|Sandstorm|[upkeep]\n|-damage|p1a: Chi-Yu|15\/100|[from] Sandstorm\n|-damage|p1b: Tatsugiri|95\/100|[from] Sandstorm\n|-damage|p2a: Hippowdon|6\/100 brn|[from] brn\n|upkeep\n|turn|7\n|\n|t:|1699819737\n|move|p1a: Chi-Yu|Protect|p1a: Chi-Yu\n|-singleturn|p1a: Chi-Yu|Protect\n|move|p1b: Tatsugiri|Nasty Plot|p1b: Tatsugiri\n|-boost|p1b: Tatsugiri|spa|2\n|move|p2a: Hippowdon|Stomping Tantrum|p1a: Chi-Yu\n|-activate|p1a: Chi-Yu|move: Protect\n|\n|-weather|Sandstorm|[upkeep]\n|-damage|p1a: Chi-Yu|9\/100|[from] Sandstorm\n|-damage|p1b: Tatsugiri|89\/100|[from] Sandstorm\n|-damage|p2a: Hippowdon|0 fnt|[from] brn\n|faint|p2a: Hippowdon\n|\n|win|CharlienoB\n|upkeep\n|raw|CharlienoB's rating: 1062 &rarr; <strong>1087<\/strong><br \/>(+25 for winning)\n|raw|Sc90's rating: 1000 &rarr; <strong>1000<\/strong><br \/>(+0 for losing)\n|l|\u2606Sc90\n","uploadtime":1699819759,"views":10,"p1id":"charlienob","p2id":"sc90","formatid":"gen9vgc2023regulatione","rating":1000,"private":0,"password":""}