{"id":"gen9vgc2023regulatione-1988772426","p1":"u7h7hh798","p2":"PokimaineTier4","format":"[Gen 9] VGC 2023 Regulation E","log":"|j|\u2606u7h7hh798\n|j|\u2606PokimaineTier4\n|t:|1699761154\n|gametype|doubles\n|player|p1|u7h7hh798|silver|1225\n|player|p2|PokimaineTier4|102|1262\n|teamsize|p1|6\n|teamsize|p2|6\n|gen|9\n|tier|[Gen 9] VGC 2023 Regulation E\n|rated|\n|rule|Species Clause: Limit one of each Pok\u00e9mon\n|rule|Item Clause: Limit one of each item\n|clearpoke\n|poke|p1|Dondozo, L50, M|\n|poke|p1|Tatsugiri, L50, F|\n|poke|p1|Glimmora, L50, F|\n|poke|p1|Urshifu-*, L50, M|\n|poke|p1|Ogerpon-Wellspring, L50, F|\n|poke|p1|Chi-Yu, L50|\n|poke|p2|Tornadus, L50, M|\n|poke|p2|Arcanine-Hisui, L50, F|\n|poke|p2|Iron Hands, L50|\n|poke|p2|Gholdengo, L50|\n|poke|p2|Urshifu-*, L50, M|\n|poke|p2|Ogerpon-Wellspring, L50, F|\n|teampreview|4\n|inactive|Battle timer is ON: inactive players will automatically lose when time's up. (requested by u7h7hh798)\n|inactive|u7h7hh798 has 60 seconds left.\n|inactive|PokimaineTier4 has 60 seconds left.\n|\n|t:|1699761203\n|start\n|switch|p1a: Dondozo|Dondozo, L50, M|100\/100\n|switch|p1b: Glimmora|Glimmora, L50, F|100\/100\n|switch|p2a: Ogerpon|Ogerpon-Wellspring, L50, F|100\/100\n|switch|p2b: Tornadus|Tornadus, L50, M|100\/100\n|turn|1\n|\n|t:|1699761219\n|move|p2a: Ogerpon|Spiky Shield|p2a: Ogerpon\n|-singleturn|p2a: Ogerpon|move: Protect\n|move|p1a: Dondozo|Protect|p1a: Dondozo\n|-singleturn|p1a: Dondozo|Protect\n|move|p2b: Tornadus|Tailwind|p2b: Tornadus\n|-sidestart|p2: PokimaineTier4|move: Tailwind\n|move|p1b: Glimmora|Mortal Spin|p2a: Ogerpon|[spread] p2b\n|-activate|p2a: Ogerpon|move: Protect\n|-damage|p1b: Glimmora|88\/100|[from] Spiky Shield|[of] p2a: Ogerpon\n|-damage|p2b: Tornadus|95\/100\n|\n|upkeep\n|turn|2\n|\n|t:|1699761242\n|switch|p1b: Tatsugiri|Tatsugiri, L50, F|100\/100\n|-activate|p1b: Tatsugiri|ability: Commander|[of] p1a: Dondozo\n|-boost|p1a: Dondozo|atk|2\n|-boost|p1a: Dondozo|spa|2\n|-boost|p1a: Dondozo|spe|2\n|-boost|p1a: Dondozo|def|2\n|-boost|p1a: Dondozo|spd|2\n|-terastallize|p1a: Dondozo|Dragon\n|move|p2b: Tornadus|Rain Dance|p2b: Tornadus\n|-weather|RainDance\n|move|p2a: Ogerpon|Ivy Cudgel|p1b: Tatsugiri|[miss]\n|-miss|p2a: Ogerpon|p1b: Tatsugiri\n|move|p1a: Dondozo|Order Up|p2b: Tornadus\n|-damage|p2b: Tornadus|32\/100\n|-boost|p1a: Dondozo|atk|1\n|\n|-weather|RainDance|[upkeep]\n|upkeep\n|turn|3\n|\n|t:|1699761258\n|move|p2b: Tornadus|Taunt|p1a: Dondozo\n|-immune|p1a: Dondozo|[from] ability: Oblivious\n|move|p2a: Ogerpon|Ivy Cudgel|p1a: Dondozo\n|-resisted|p1a: Dondozo\n|-damage|p1a: Dondozo|88\/100\n|move|p1a: Dondozo|Order Up|p2b: Tornadus\n|-damage|p2b: Tornadus|0 fnt\n|faint|p2b: Tornadus\n|-boost|p1a: Dondozo|atk|1\n|\n|-weather|RainDance|[upkeep]\n|-heal|p1a: Dondozo|94\/100|[from] item: Leftovers\n|upkeep\n|\n|t:|1699761269\n|switch|p2b: Gholdengo|Gholdengo, L50|100\/100\n|turn|4\n|\n|t:|1699761285\n|move|p1a: Dondozo|Protect|p1a: Dondozo\n|-singleturn|p1a: Dondozo|Protect\n|move|p2a: Ogerpon|Follow Me|p2a: Ogerpon\n|-singleturn|p2a: Ogerpon|move: Follow Me\n|move|p2b: Gholdengo|Nasty Plot|p2b: Gholdengo\n|-boost|p2b: Gholdengo|spa|2\n|\n|-weather|RainDance|[upkeep]\n|-heal|p1a: Dondozo|99\/100|[from] item: Leftovers\n|-sideend|p2: PokimaineTier4|move: Tailwind\n|upkeep\n|turn|5\n|\n|t:|1699761291\n|move|p2a: Ogerpon|Follow Me|p2a: Ogerpon\n|-singleturn|p2a: Ogerpon|move: Follow Me\n|move|p1a: Dondozo|Earthquake|p2b: Gholdengo|[spread] p2a,p2b\n|-miss|p1a: Dondozo|p1b: Tatsugiri\n|-resisted|p2a: Ogerpon\n|-supereffective|p2b: Gholdengo\n|-damage|p2a: Ogerpon|75\/100\n|-damage|p2b: Gholdengo|16\/100\n|move|p2b: Gholdengo|Nasty Plot|p2b: Gholdengo\n|-boost|p2b: Gholdengo|spa|2\n|\n|-weather|RainDance|[upkeep]\n|-heal|p1a: Dondozo|100\/100|[from] item: Leftovers\n|-heal|p2b: Gholdengo|22\/100|[from] item: Leftovers\n|upkeep\n|turn|6\n|inactive|PokimaineTier4 has 30 seconds left.\n|\n|t:|1699761316\n|move|p2b: Gholdengo|Protect|p2b: Gholdengo\n|-singleturn|p2b: Gholdengo|Protect\n|move|p1a: Dondozo|Earthquake|p2a: Ogerpon|[spread] p2a\n|-miss|p1a: Dondozo|p1b: Tatsugiri\n|-activate|p2b: Gholdengo|move: Protect\n|-resisted|p2a: Ogerpon\n|-damage|p2a: Ogerpon|49\/100\n|move|p2a: Ogerpon|Power Whip|p1a: Dondozo|[miss]\n|-miss|p2a: Ogerpon|p1a: Dondozo\n|\n|-weather|none\n|-heal|p2b: Gholdengo|28\/100|[from] item: Leftovers\n|upkeep\n|turn|7\n|\n|t:|1699761328\n|-terastallize|p2b: Gholdengo|Dragon\n|move|p2a: Ogerpon|Follow Me|p2a: Ogerpon\n|-singleturn|p2a: Ogerpon|move: Follow Me\n|move|p1a: Dondozo|Earthquake|p2a: Ogerpon|[spread] p2a,p2b\n|-miss|p1a: Dondozo|p1b: Tatsugiri\n|-resisted|p2a: Ogerpon\n|-damage|p2a: Ogerpon|23\/100\n|-damage|p2b: Gholdengo|0 fnt\n|faint|p2b: Gholdengo\n|\n|upkeep\n|-message|PokimaineTier4 forfeited.\n|\n|win|u7h7hh798\n|raw|u7h7hh798's rating: 1225 &rarr; <strong>1253<\/strong><br \/>(+28 for winning)\n|raw|PokimaineTier4's rating: 1262 &rarr; <strong>1234<\/strong><br \/>(-28 for losing)\n|l|\u2606PokimaineTier4\n","uploadtime":1699761339,"views":16,"p1id":"u7h7hh798","p2id":"pokimainetier4","formatid":"gen9vgc2023regulatione","rating":1234,"private":0,"password":""}