{"id":"gen9vgc2023regulatione-1989365512","p1":"Junkkinggaming","p2":"tpw989","format":"[Gen 9] VGC 2023 Regulation E","log":"|j|\u2606Junkkinggaming\n|j|\u2606tpw989\n|t:|1699841240\n|gametype|doubles\n|player|p1|Junkkinggaming|2|1109\n|player|p2|tpw989|blackbelt|1020\n|teamsize|p1|6\n|teamsize|p2|6\n|gen|9\n|tier|[Gen 9] VGC 2023 Regulation E\n|rated|\n|rule|Species Clause: Limit one of each Pok\u00e9mon\n|rule|Item Clause: Limit one of each item\n|clearpoke\n|poke|p1|Charizard, L50, F|\n|poke|p1|Rillaboom, L50, F|\n|poke|p1|Volbeat, L50, M|\n|poke|p1|Urshifu-*, L50, F|\n|poke|p1|Flutter Mane, L50|\n|poke|p1|Torkoal, L50, F|\n|poke|p2|Oricorio, L50, F|\n|poke|p2|Volcarona, L50, F|\n|poke|p2|Dragapult, L50, F|\n|poke|p2|Milotic, L50, M|\n|poke|p2|Ninetales-Alola, L50, F|\n|poke|p2|Breloom, L50, M|\n|teampreview|4\nJunkkinggaming has agreed to open team sheets.\n|inactive|Battle timer is ON: inactive players will automatically lose when time's up. (requested by tpw989)\n|\n|t:|1699841331\n|start\n|switch|p1a: Torkoal|Torkoal, L50, F|100\/100\n|switch|p1b: Urshifu|Urshifu, L50, F|100\/100\n|switch|p2a: Oricorio|Oricorio, L50, F, shiny|100\/100\n|switch|p2b: Volcarona|Volcarona, L50, F|100\/100\n|-weather|SunnyDay|[from] ability: Drought|[of] p1a: Torkoal\n|turn|1\n|inactive|Junkkinggaming has 30 seconds left.\n|\n|t:|1699841363\n|move|p2a: Oricorio|Hurricane|p1b: Urshifu|[miss]\n|-miss|p2a: Oricorio|p1b: Urshifu\n|move|p2b: Volcarona|Quiver Dance|p2b: Volcarona\n|-boost|p2b: Volcarona|spa|1\n|-boost|p2b: Volcarona|spd|1\n|-boost|p2b: Volcarona|spe|1\n|-activate|p2a: Oricorio|ability: Dancer\n|move|p2a: Oricorio|Quiver Dance|p2a: Oricorio|[from]ability: Dancer\n|-boost|p2a: Oricorio|spa|1\n|-boost|p2a: Oricorio|spd|1\n|-boost|p2a: Oricorio|spe|1\n|move|p1b: Urshifu|Wicked Blow|p2a: Oricorio\n|-crit|p2a: Oricorio\n|-damage|p2a: Oricorio|0 fnt\n|faint|p2a: Oricorio\n|move|p1a: Torkoal|Yawn|p2b: Volcarona\n|-start|p2b: Volcarona|move: Yawn|[of] p1a: Torkoal\n|\n|-weather|SunnyDay|[upkeep]\n|upkeep\n|\n|t:|1699841379\n|switch|p2a: Dragapult|Dragapult, L50, F, shiny|100\/100\n|turn|2\n|inactive|tpw989 has 30 seconds left.\n|\n|t:|1699841407\n|move|p2b: Volcarona|Bug Buzz|p1b: Urshifu\n|-damage|p1b: Urshifu|12\/100\n|move|p2a: Dragapult|Dragon Darts|p1b: Urshifu\n|-damage|p1b: Urshifu|0 fnt\n|-anim|p2a: Dragapult|Dragon Darts|p1a: Torkoal\n|-damage|p1a: Torkoal|73\/100\n|faint|p1b: Urshifu\n|-damage|p2a: Dragapult|91\/100|[from] item: Life Orb\n|move|p1a: Torkoal|Overheat|p2a: Dragapult\n|-resisted|p2a: Dragapult\n|-damage|p2a: Dragapult|50\/100\n|-unboost|p1a: Torkoal|spa|2\n|-enditem|p1a: Torkoal|Eject Pack\n|\n|t:|1699841422\n|switch|p1a: Flutter Mane|Flutter Mane, L50|100\/100\n|-activate|p1a: Flutter Mane|ability: Protosynthesis\n|-start|p1a: Flutter Mane|protosynthesisspa\n|\n|-weather|SunnyDay|[upkeep]\n|-end|p2b: Volcarona|move: Yawn|[silent]\n|-status|p2b: Volcarona|slp\n|upkeep\n|\n|t:|1699841431\n|switch|p1b: Charizard|Charizard, L50, F|100\/100\n|turn|3\n|inactive|Junkkinggaming has 30 seconds left.\n|\n|t:|1699841463\n|switch|p2b: Milotic|Milotic, L50, M, shiny|100\/100\n|-terastallize|p1a: Flutter Mane|Fairy\n|move|p2a: Dragapult|Phantom Force||[still]\n|-prepare|p2a: Dragapult|Phantom Force\n|move|p1a: Flutter Mane|Dazzling Gleam|p2b: Milotic|[spread] p2b\n|-miss|p1a: Flutter Mane|p2a: Dragapult\n|-damage|p2b: Milotic|49\/100\n|-enditem|p2b: Milotic|Sitrus Berry|[eat]\n|-heal|p2b: Milotic|73\/100|[from] item: Sitrus Berry\n|move|p1b: Charizard|Air Slash|p2b: Milotic\n|-damage|p2b: Milotic|8\/100\n|\n|-weather|SunnyDay|[upkeep]\n|-damage|p1b: Charizard|88\/100|[from] ability: Solar Power|[of] p1b: Charizard\n|upkeep\n|turn|4\n|\n|t:|1699841484\n|move|p2b: Milotic|Protect|p2b: Milotic\n|-singleturn|p2b: Milotic|Protect\n|move|p2a: Dragapult|Phantom Force|p1a: Flutter Mane|[from]lockedmove\n|-enditem|p1a: Flutter Mane|Focus Sash\n|-damage|p1a: Flutter Mane|1\/100\n|-damage|p2a: Dragapult|40\/100|[from] item: Life Orb\n|move|p1a: Flutter Mane|Dazzling Gleam|p2b: Milotic|[spread] p2a\n|-activate|p2b: Milotic|move: Protect\n|-supereffective|p2a: Dragapult\n|-damage|p2a: Dragapult|0 fnt\n|faint|p2a: Dragapult\n|move|p1b: Charizard|Air Slash|p2b: Milotic\n|-activate|p2b: Milotic|move: Protect\n|\n|-weather|SunnyDay|[upkeep]\n|-damage|p1b: Charizard|76\/100|[from] ability: Solar Power|[of] p1b: Charizard\n|upkeep\n|\n|t:|1699841499\n|switch|p2a: Volcarona|Volcarona, L50, F|100\/100 slp\n|turn|5\n|inactive|Junkkinggaming has 30 seconds left.\n|inactive|Junkkinggaming has 20 seconds left.\n|\n|t:|1699841535\n|move|p1a: Flutter Mane|Dazzling Gleam|p2a: Volcarona|[spread] p2a,p2b\n|-resisted|p2a: Volcarona\n|-damage|p2a: Volcarona|72\/100 slp\n|-damage|p2b: Milotic|0 fnt\n|faint|p2b: Milotic\n|move|p1b: Charizard|Air Slash|p2a: Volcarona\n|-supereffective|p2a: Volcarona\n|-damage|p2a: Volcarona|0 fnt\n|faint|p2a: Volcarona\n|\n|win|Junkkinggaming\n|raw|Junkkinggaming's rating: 1109 &rarr; <strong>1128<\/strong><br \/>(+19 for winning)\n|raw|tpw989's rating: 1020 &rarr; <strong>1010<\/strong><br \/>(-10 for losing)\n|l|\u2606tpw989\n","uploadtime":1699841676,"views":37,"p1id":"junkkinggaming","p2id":"tpw989","formatid":"gen9vgc2023regulatione","rating":1010,"private":0,"password":""}