{"id":"gen9vgc2023regulatione-1998240542","p1":"ElQuePruebaTimsUwU","p2":"orange779","format":"[Gen 9] VGC 2023 Regulation E","log":"|j|\u2606ElQuePruebaTimsUwU\n|j|\u2606orange779\n|t:|1700918340\n|gametype|doubles\n|player|p1|ElQuePruebaTimsUwU|cyrus|1297\n|player|p2|orange779|169|1351\n|teamsize|p1|6\n|teamsize|p2|6\n|gen|9\n|tier|[Gen 9] VGC 2023 Regulation E\n|rated|\n|rule|Species Clause: Limit one of each Pok\u00e9mon\n|rule|Item Clause: Limit one of each item\n|clearpoke\n|poke|p1|Gogoat, L50, M|\n|poke|p1|Florges-White, L50, F|\n|poke|p1|Cinderace, L50, M|\n|poke|p1|Kingambit, L50, M|\n|poke|p1|Iron Hands, L50|\n|poke|p1|Tornadus, L50, M|\n|poke|p2|Gholdengo, L50|\n|poke|p2|Iron Hands, L50|\n|poke|p2|Amoonguss, L50, M|\n|poke|p2|Iron Bundle, L50|\n|poke|p2|Pelipper, L50, M|\n|poke|p2|Salamence, L50, M|\n|teampreview|4\n|inactive|Battle timer is ON: inactive players will automatically lose when time's up. (requested by ElQuePruebaTimsUwU)\nElQuePruebaTimsUwU rejected open team sheets.\n|\n|t:|1700918410\n|start\n|switch|p1a: Tornadus|Tornadus, L50, M|100\/100\n|switch|p1b: Cinderace|Cinderace, L50, M|100\/100\n|switch|p2a: Iron Bundle|Iron Bundle, L50|100\/100\n|switch|p2b: Iron Hands|Iron Hands, L50|100\/100\n|-enditem|p2a: Iron Bundle|Booster Energy\n|-activate|p2a: Iron Bundle|ability: Quark Drive|[fromitem]\n|-start|p2a: Iron Bundle|quarkdrivespe\n|turn|1\n|\n|t:|1700918424\n|move|p1b: Cinderace|Protect|p1b: Cinderace\n|-start|p1b: Cinderace|typechange|Normal|[from] ability: Libero\n|-singleturn|p1b: Cinderace|Protect\n|move|p2b: Iron Hands|Fake Out|p1b: Cinderace\n|-activate|p1b: Cinderace|move: Protect\n|move|p1a: Tornadus|Sunny Day|p1a: Tornadus\n|-weather|SunnyDay\n|move|p2a: Iron Bundle|Icy Wind|p1b: Cinderace|[spread] \n|-activate|p1b: Cinderace|move: Protect\n|-miss|p2a: Iron Bundle|p1a: Tornadus\n|\n|-weather|SunnyDay|[upkeep]\n|upkeep\n|turn|2\n|inactive|ElQuePruebaTimsUwU has 30 seconds left.\n|inactive|ElQuePruebaTimsUwU has 20 seconds left.\n|inactive|ElQuePruebaTimsUwU has 15 seconds left.\n|\n|t:|1700918466\n|-terastallize|p1b: Cinderace|Ghost\n|move|p2a: Iron Bundle|Icy Wind|p1b: Cinderace|[spread] p1a,p1b\n|-supereffective|p1a: Tornadus\n|-damage|p1a: Tornadus|63\/100\n|-damage|p1b: Cinderace|77\/100\n|move|p1b: Cinderace|Pyro Ball|p2a: Iron Bundle\n|-damage|p2a: Iron Bundle|42\/100\n|move|p1a: Tornadus|Bleakwind Storm|p2b: Iron Hands|[spread] p2b\n|-miss|p1a: Tornadus|p2a: Iron Bundle\n|-damage|p2b: Iron Hands|81\/100\n|move|p2b: Iron Hands|Drain Punch|p1b: Cinderace\n|-immune|p1b: Cinderace\n|\n|-weather|SunnyDay|[upkeep]\n|upkeep\n|turn|3\n|inactive|ElQuePruebaTimsUwU has 30 seconds left.\n|inactive|orange779 has 30 seconds left.\n|inactive|ElQuePruebaTimsUwU has 20 seconds left.\n|\n|t:|1700918502\n|move|p1b: Cinderace|Protect|p1b: Cinderace\n|-singleturn|p1b: Cinderace|Protect\n|move|p2a: Iron Bundle|Icy Wind|p1a: Tornadus|[spread] p1a\n|-activate|p1b: Cinderace|move: Protect\n|-supereffective|p1a: Tornadus\n|-crit|p1a: Tornadus\n|-damage|p1a: Tornadus|8\/100\n|move|p1a: Tornadus|Bleakwind Storm|p2a: Iron Bundle|[spread] p2a,p2b\n|-damage|p2a: Iron Bundle|0 fnt\n|-damage|p2b: Iron Hands|63\/100\n|faint|p2a: Iron Bundle\n|-end|p2a: Iron Bundle|Quark Drive|[silent]\n|move|p2b: Iron Hands|Wild Charge|p1a: Tornadus\n|-supereffective|p1a: Tornadus\n|-damage|p1a: Tornadus|0 fnt\n|faint|p1a: Tornadus\n|-damage|p2b: Iron Hands|62\/100|[from] Recoil\n|\n|-weather|SunnyDay|[upkeep]\n|upkeep\n|\n|t:|1700918522\n|switch|p2a: Amoonguss|Amoonguss, L50, M|100\/100\n|switch|p1a: Iron Hands|Iron Hands, L50, shiny|100\/100\n|-enditem|p1a: Iron Hands|Booster Energy\n|-activate|p1a: Iron Hands|ability: Quark Drive|[fromitem]\n|-start|p1a: Iron Hands|quarkdriveatk\n|turn|4\n|inactive|ElQuePruebaTimsUwU has 30 seconds left.\n|inactive|ElQuePruebaTimsUwU has 20 seconds left.\n|\n|t:|1700918559\n|-end|p2b: Iron Hands|Quark Drive|[silent]\n|switch|p2b: Gholdengo|Gholdengo, L50|100\/100\n|move|p2a: Amoonguss|Protect|p2a: Amoonguss\n|-singleturn|p2a: Amoonguss|Protect\n|move|p1a: Iron Hands|Fake Out|p2a: Amoonguss\n|-activate|p2a: Amoonguss|move: Protect\n|move|p1b: Cinderace|Feint|p2a: Amoonguss\n|-activate|p2a: Amoonguss|move: Feint\n|-damage|p2a: Amoonguss|89\/100\n|\n|-weather|SunnyDay|[upkeep]\n|upkeep\n|turn|5\n|inactive|ElQuePruebaTimsUwU has 30 seconds left.\n|inactive|orange779 has 30 seconds left.\n|\n|t:|1700918592\n|-end|p1a: Iron Hands|Quark Drive|[silent]\n|switch|p1a: Kingambit|Kingambit, L50, M|100\/100\n|-terastallize|p2a: Amoonguss|Water\n|move|p2b: Gholdengo|Protect|p2b: Gholdengo\n|-singleturn|p2b: Gholdengo|Protect\n|move|p1b: Cinderace|Pyro Ball|p2b: Gholdengo\n|-activate|p2b: Gholdengo|move: Protect\n|move|p2a: Amoonguss|Spore|p1a: Kingambit\n|-status|p1a: Kingambit|slp|[from] move: Spore\n|\n|-weather|none\n|upkeep\n|turn|6\n|\n|t:|1700918613\n|move|p2a: Amoonguss|Rage Powder|p2a: Amoonguss\n|-singleturn|p2a: Amoonguss|move: Rage Powder\n|move|p1b: Cinderace|Pyro Ball|p2a: Amoonguss\n|-resisted|p2a: Amoonguss\n|-damage|p2a: Amoonguss|74\/100\n|-status|p2a: Amoonguss|brn\n|move|p2b: Gholdengo|Nasty Plot|p2b: Gholdengo\n|-boost|p2b: Gholdengo|spa|2\n|cant|p1a: Kingambit|slp\n|\n|-damage|p2a: Amoonguss|68\/100 brn|[from] brn\n|upkeep\n|turn|7\n|\n|t:|1700918632\n|move|p1b: Cinderace|Protect|p1b: Cinderace\n|-singleturn|p1b: Cinderace|Protect\n|move|p2a: Amoonguss|Rage Powder|p2a: Amoonguss\n|-singleturn|p2a: Amoonguss|move: Rage Powder\n|move|p2b: Gholdengo|Nasty Plot|p2b: Gholdengo\n|-boost|p2b: Gholdengo|spa|2\n|-curestatus|p1a: Kingambit|slp|[msg]\n|move|p1a: Kingambit|Kowtow Cleave|p2a: Amoonguss\n|-damage|p2a: Amoonguss|20\/100 brn\n|-enditem|p2a: Amoonguss|Sitrus Berry|[eat]\n|-heal|p2a: Amoonguss|45\/100 brn|[from] item: Sitrus Berry\n|\n|-damage|p2a: Amoonguss|39\/100 brn|[from] brn\n|upkeep\n|turn|8\n|\n|t:|1700918656\n|move|p2b: Gholdengo|Protect|p2b: Gholdengo\n|-singleturn|p2b: Gholdengo|Protect\n|move|p1b: Cinderace|Feint|p2a: Amoonguss\n|-damage|p2a: Amoonguss|26\/100 brn\n|move|p1a: Kingambit|Kowtow Cleave|p2a: Amoonguss\n|-damage|p2a: Amoonguss|0 fnt\n|faint|p2a: Amoonguss\n|\n|upkeep\n|\n|t:|1700918663\n|switch|p2a: Iron Hands|Iron Hands, L50|62\/100\n|turn|9\n|\n|t:|1700918671\n|move|p1b: Cinderace|Protect|p1b: Cinderace\n|-singleturn|p1b: Cinderace|Protect\n|move|p2b: Gholdengo|Protect||[still]\n|-fail|p2b: Gholdengo\n|move|p1a: Kingambit|Protect|p1a: Kingambit\n|-singleturn|p1a: Kingambit|Protect\n|move|p2a: Iron Hands|Fake Out|p1a: Kingambit\n|-activate|p1a: Kingambit|move: Protect\n|\n|upkeep\n|turn|10\n|\n|t:|1700918686\n|move|p1a: Kingambit|Sucker Punch|p2b: Gholdengo\n|-supereffective|p2b: Gholdengo\n|-damage|p2b: Gholdengo|0 fnt\n|faint|p2b: Gholdengo\n|move|p1b: Cinderace|Pyro Ball|p2a: Iron Hands\n|-damage|p2a: Iron Hands|35\/100\n|move|p2a: Iron Hands|Drain Punch|p1a: Kingambit\n|-supereffective|p1a: Kingambit\n|-damage|p1a: Kingambit|0 fnt\n|-heal|p2a: Iron Hands|75\/100|[from] drain|[of] p1a: Kingambit\n|faint|p1a: Kingambit\n|\n|upkeep\n|\n|t:|1700918699\n|switch|p1a: Iron Hands|Iron Hands, L50, shiny|100\/100\n|turn|11\n|\n|t:|1700918709\n|move|p1b: Cinderace|Pyro Ball|p2a: Iron Hands\n|-damage|p2a: Iron Hands|45\/100\n|move|p2a: Iron Hands|Drain Punch|p1a: Iron Hands\n|-crit|p1a: Iron Hands\n|-damage|p1a: Iron Hands|56\/100\n|-heal|p2a: Iron Hands|66\/100|[from] drain|[of] p1a: Iron Hands\n|move|p1a: Iron Hands|Swords Dance|p1a: Iron Hands\n|-boost|p1a: Iron Hands|atk|2\n|\n|upkeep\n|turn|12\n|\n|t:|1700918723\n|move|p1b: Cinderace|Pyro Ball|p2a: Iron Hands|[miss]\n|-miss|p1b: Cinderace|p2a: Iron Hands\n|move|p2a: Iron Hands|Wild Charge|p1b: Cinderace\n|-damage|p1b: Cinderace|8\/100\n|-damage|p2a: Iron Hands|55\/100|[from] Recoil\n|move|p1a: Iron Hands|Drain Punch|p2a: Iron Hands\n|-damage|p2a: Iron Hands|0 fnt\n|-heal|p1a: Iron Hands|84\/100|[from] drain|[of] p2a: Iron Hands\n|faint|p2a: Iron Hands\n|-end|p2a: Iron Hands|Quark Drive|[silent]\n|\n|win|ElQuePruebaTimsUwU\n|raw|ElQuePruebaTimsUwU's rating: 1297 &rarr; <strong>1326<\/strong><br \/>(+29 for winning)\n|raw|orange779's rating: 1351 &rarr; <strong>1328<\/strong><br \/>(-23 for losing)\n|l|\u2606orange779\n","uploadtime":1700918942,"views":2,"p1id":"elquepruebatimsuwu","p2id":"orange779","formatid":"gen9vgc2023regulatione","rating":1326,"private":0,"password":""}