{"id":"gen9vgc2023regulatione-1989837488","p1":"MrRedBeard24","p2":"Shunsuke Hiyama","format":"[Gen 9] VGC 2023 Regulation E","log":"|j|\u2606MrRedBeard24\n|j|\u2606Shunsuke Hiyama\n|t:|1699899884\n|gametype|doubles\n|player|p1|MrRedBeard24|cyclist|1069\n|player|p2|Shunsuke Hiyama|unknownf|1129\n|teamsize|p1|6\n|teamsize|p2|6\n|gen|9\n|tier|[Gen 9] VGC 2023 Regulation E\n|rated|\n|rule|Species Clause: Limit one of each Pok\u00e9mon\n|rule|Item Clause: Limit one of each item\n|clearpoke\n|poke|p1|Ursaluna-Bloodmoon, L50, M|\n|poke|p1|Clefairy, L50, M|\n|poke|p1|Farigiraf, L50, M|\n|poke|p1|Ogerpon-Hearthflame, L50, F|\n|poke|p1|Okidogi, L50, M|\n|poke|p1|Urshifu-*, L50, M|\n|poke|p2|Dragonite, L50, M|\n|poke|p2|Pelipper, L50, M|\n|poke|p2|Kingambit, L50, F|\n|poke|p2|Armarouge, L50, F|\n|poke|p2|Indeedee-F, L50, F|\n|poke|p2|Garganacl, L50, M|\n|teampreview|4\nMrRedBeard24 rejected open team sheets.\n|inactive|Battle timer is ON: inactive players will automatically lose when time's up. (requested by MrRedBeard24)\n|inactive|Shunsuke Hiyama has 60 seconds left.\n|inactive|Shunsuke Hiyama has 30 seconds left.\n|inactive|Shunsuke Hiyama has 20 seconds left.\n|inactive|Shunsuke Hiyama has 15 seconds left.\n|inactive|Shunsuke Hiyama has 10 seconds left.\n|c|\u2606MrRedBeard24|really not gonna play?\n|inactive|Shunsuke Hiyama has 5 seconds left.\n|\n|t:|1699900026\n|start\n|switch|p1a: Farigiraf|Farigiraf, L50, M|100\/100\n|switch|p1b: Urshifu|Urshifu-Rapid-Strike, L50, M|100\/100\n|switch|p2a: Dragonite|Dragonite, L50, M|100\/100\n|switch|p2b: Pelipper|Pelipper, L50, M|100\/100\n|-weather|RainDance|[from] ability: Drizzle|[of] p2b: Pelipper\n|turn|1\n|inactive|MrRedBeard24 has 30 seconds left.\n|inactive|Shunsuke Hiyama has 30 seconds left.\n|inactive|MrRedBeard24 has 20 seconds left.\n|\n|t:|1699900063\n|move|p1b: Urshifu|Ice Spinner|p2a: Dragonite\n|-supereffective|p2a: Dragonite\n|-damage|p2a: Dragonite|44\/100\n|move|p2a: Dragonite|Hurricane|p1b: Urshifu\n|-supereffective|p1b: Urshifu\n|-damage|p1b: Urshifu|0 fnt\n|faint|p1b: Urshifu\n|move|p2b: Pelipper|Hurricane|p1a: Farigiraf\n|-damage|p1a: Farigiraf|66\/100\n|-start|p1a: Farigiraf|confusion\n|-activate|p1a: Farigiraf|confusion\n|-damage|p1a: Farigiraf|59\/100|[from] confusion\n|\n|-weather|RainDance|[upkeep]\n|upkeep\n|c|\u2606Shunsuke Hiyama|i play\n|\n|t:|1699900078\n|switch|p1b: Clefairy|Clefairy, L50, M, shiny|100\/100\n|turn|2\n|inactive|Shunsuke Hiyama has 30 seconds left.\n|\n|t:|1699900107\n|move|p1b: Clefairy|Follow Me|p1b: Clefairy\n|-singleturn|p1b: Clefairy|move: Follow Me\n|move|p2a: Dragonite|Hurricane|p1b: Clefairy\n|-damage|p1b: Clefairy|46\/100\n|move|p2b: Pelipper|Tailwind|p2b: Pelipper\n|-sidestart|p2: Shunsuke Hiyama|move: Tailwind\n|-activate|p1a: Farigiraf|confusion\n|move|p1a: Farigiraf|Trick Room|p1a: Farigiraf\n|-fieldstart|move: Trick Room|[of] p1a: Farigiraf\n|\n|-weather|RainDance|[upkeep]\n|upkeep\n|turn|3\n|\n|t:|1699900119\n|move|p1b: Clefairy|Helping Hand|p1a: Farigiraf\n|-singleturn|p1a: Farigiraf|Helping Hand|[of] p1b: Clefairy\n|move|p2b: Pelipper|Wide Guard|p2b: Pelipper\n|-singleturn|p2b: Pelipper|Wide Guard\n|-activate|p1a: Farigiraf|confusion\n|move|p1a: Farigiraf|Dazzling Gleam|p2a: Dragonite|[spread] \n|-activate|p2a: Dragonite|move: Wide Guard\n|-activate|p2b: Pelipper|move: Wide Guard\n|move|p2a: Dragonite|Hurricane|p1b: Clefairy\n|-damage|p1b: Clefairy|0 fnt\n|faint|p1b: Clefairy\n|\n|-weather|RainDance|[upkeep]\n|upkeep\n|\n|t:|1699900131\n|switch|p1b: Ursaluna|Ursaluna-Bloodmoon, L50, M|100\/100\n|turn|4\n|inactive|Shunsuke Hiyama has 30 seconds left.\n|inactive|Shunsuke Hiyama has 20 seconds left.\n|inactive|Shunsuke Hiyama has 15 seconds left.\n|\n|t:|1699900172\n|move|p2b: Pelipper|Wide Guard|p2b: Pelipper\n|-singleturn|p2b: Pelipper|Wide Guard\n|move|p1b: Ursaluna|Blood Moon|p2b: Pelipper\n|-damage|p2b: Pelipper|0 fnt\n|faint|p2b: Pelipper\n|-damage|p1b: Ursaluna|91\/100|[from] item: Life Orb\n|-end|p1a: Farigiraf|confusion\n|move|p1a: Farigiraf|Psychic|p2a: Dragonite\n|-damage|p2a: Dragonite|20\/100\n|move|p2a: Dragonite|Hurricane|p1a: Farigiraf\n|-damage|p1a: Farigiraf|13\/100\n|-start|p1a: Farigiraf|confusion\n|-enditem|p1a: Farigiraf|Sitrus Berry|[eat]\n|-heal|p1a: Farigiraf|38\/100|[from] item: Sitrus Berry\n|\n|-weather|RainDance|[upkeep]\n|upkeep\n|\n|t:|1699900189\n|switch|p2b: Kingambit|Kingambit, L50, F|100\/100\n|turn|5\n|inactive|MrRedBeard24 has 30 seconds left.\n|inactive|Shunsuke Hiyama has 30 seconds left.\n|\n|t:|1699900229\n|-terastallize|p1a: Farigiraf|Fire\n|move|p2a: Dragonite|Extreme Speed||[still]\n|cant|p1a: Farigiraf|ability: Armor Tail|Extreme Speed|[of] p2a: Dragonite\n|move|p2b: Kingambit|Sucker Punch||[still]\n|cant|p1a: Farigiraf|ability: Armor Tail|Sucker Punch|[of] p2b: Kingambit\n|move|p1b: Ursaluna|Earth Power|p2b: Kingambit\n|-supereffective|p2b: Kingambit\n|-damage|p2b: Kingambit|0 fnt\n|faint|p2b: Kingambit\n|-damage|p1b: Ursaluna|81\/100|[from] item: Life Orb\n|-activate|p1a: Farigiraf|confusion\n|move|p1a: Farigiraf|Dazzling Gleam|p2a: Dragonite\n|-supereffective|p2a: Dragonite\n|-damage|p2a: Dragonite|0 fnt\n|faint|p2a: Dragonite\n|\n|-weather|none\n|-sideend|p2: Shunsuke Hiyama|move: Tailwind\n|upkeep\n|c|\u2606Shunsuke Hiyama|wow\n|c|\u2606Shunsuke Hiyama|XD\n|c|\u2606Shunsuke Hiyama|nice\n|\n|t:|1699900245\n|switch|p2b: Armarouge|Armarouge, L50, F|100\/100\n|turn|6\n|c|\u2606MrRedBeard24|tnx\n|\n|t:|1699900260\n|-terastallize|p2b: Armarouge|Grass\n|move|p1b: Ursaluna|Blood Moon|p2b: Armarouge\n|-damage|p2b: Armarouge|0 fnt\n|faint|p2b: Armarouge\n|-damage|p1b: Ursaluna|72\/100|[from] item: Life Orb\n|\n|win|MrRedBeard24\n|raw|MrRedBeard24's rating: 1069 &rarr; <strong>1104<\/strong><br \/>(+35 for winning)\n|raw|Shunsuke Hiyama's rating: 1129 &rarr; <strong>1100<\/strong><br \/>(-29 for losing)\n|c|\u2606MrRedBeard24|gg\n|c|\u2606Shunsuke Hiyama|lol\n|c|\u2606Shunsuke Hiyama|na\n|c|\u2606Shunsuke Hiyama|boring plays\n|c|\u2606Shunsuke Hiyama|vs trick room\n|c|\u2606Shunsuke Hiyama|only noobs play that\n|l|\u2606Shunsuke Hiyama\n|c|\u2606MrRedBeard24|ok?\n","uploadtime":1699900310,"views":35,"p1id":"mrredbeard24","p2id":"shunsukehiyama","formatid":"gen9vgc2023regulatione","rating":1100,"private":0,"password":""}