{"id":"gen9vgc2023regulatione-1995972678","p1":"kavonpokebros","p2":"seanisgoo","format":"[Gen 9] VGC 2023 Regulation E","log":"|j|\u2606kavonpokebros\n|j|\u2606seanisgoo\n|t:|1700623831\n|gametype|doubles\n|player|p1|kavonpokebros|worker-gen4|1314\n|player|p2|seanisgoo|pokemaniac|1239\n|teamsize|p1|6\n|teamsize|p2|6\n|gen|9\n|tier|[Gen 9] VGC 2023 Regulation E\n|rated|\n|rule|Species Clause: Limit one of each Pok\u00e9mon\n|rule|Item Clause: Limit one of each item\n|clearpoke\n|poke|p1|Persian-Alola, L50, M|\n|poke|p1|Arcanine, L50, M|\n|poke|p1|Milotic, L50, M|\n|poke|p1|Mimikyu, L50, M|\n|poke|p1|Appletun, L50, M|\n|poke|p1|Sneasler, L50, M|\n|poke|p2|Urshifu-*, L50, F|\n|poke|p2|Farigiraf, L50, M|\n|poke|p2|Clefairy, L50, F|\n|poke|p2|Ursaluna-Bloodmoon, L50, M|\n|poke|p2|Flutter Mane, L50|\n|poke|p2|Roaring Moon, L50|\n|teampreview|4\n|\n|t:|1700623872\n|start\n|switch|p1a: Persian|Persian-Alola, L50, M|100\/100\n|switch|p1b: Sneasler|Sneasler, L50, M|100\/100\n|switch|p2a: Clefairy|Clefairy, L50, F|100\/100\n|switch|p2b: Farigiraf|Farigiraf, L50, M|100\/100\n|turn|1\n|\n|t:|1700623920\n|move|p2a: Clefairy|Follow Me|p2a: Clefairy\n|-singleturn|p2a: Clefairy|move: Follow Me\n|move|p1a: Persian|Snarl|p2a: Clefairy|[spread] p2a,p2b\n|-resisted|p2a: Clefairy\n|-supereffective|p2b: Farigiraf\n|-damage|p2a: Clefairy|95\/100\n|-damage|p2b: Farigiraf|84\/100\n|-unboost|p2a: Clefairy|spa|1\n|-unboost|p2b: Farigiraf|spa|1\n|move|p1b: Sneasler|Dire Claw|p2a: Clefairy\n|-supereffective|p2a: Clefairy\n|-damage|p2a: Clefairy|0 fnt\n|faint|p2a: Clefairy\n|move|p2b: Farigiraf|Trick Room|p2b: Farigiraf\n|-fieldstart|move: Trick Room|[of] p2b: Farigiraf\n|\n|upkeep\n|\n|t:|1700623937\n|switch|p2a: Ursaluna|Ursaluna-Bloodmoon, L50, M|100\/100\n|turn|2\n|\n|t:|1700623953\n|switch|p1b: Appletun|Appletun, L50, M|100\/100\n|move|p2a: Ursaluna|Earth Power|p1b: Appletun\n|-resisted|p1b: Appletun\n|-damage|p1b: Appletun|70\/100\n|-damage|p2a: Ursaluna|91\/100|[from] item: Life Orb\n|move|p2b: Farigiraf|Psyshock|p1b: Appletun\n|-damage|p1b: Appletun|48\/100\n|move|p1a: Persian|Snarl|p2b: Farigiraf|[spread] p2a,p2b\n|-supereffective|p2b: Farigiraf\n|-damage|p2a: Ursaluna|79\/100\n|-damage|p2b: Farigiraf|62\/100\n|-unboost|p2a: Ursaluna|spa|1\n|-unboost|p2b: Farigiraf|spa|1\n|\n|upkeep\n|turn|3\n|\n|t:|1700623984\n|switch|p2b: Urshifu|Urshifu-Rapid-Strike, L50, F|100\/100\n|move|p2a: Ursaluna|Protect|p2a: Ursaluna\n|-singleturn|p2a: Ursaluna|Protect\n|move|p1b: Appletun|Apple Acid|p2a: Ursaluna\n|-activate|p2a: Ursaluna|move: Protect\n|move|p1a: Persian|Snarl|p2b: Urshifu|[spread] \n|-activate|p2a: Ursaluna|move: Protect\n|-miss|p1a: Persian|p2b: Urshifu\n|\n|upkeep\n|turn|4\n|\n|t:|1700624011\n|move|p1b: Appletun|Apple Acid|p2a: Ursaluna\n|-supereffective|p2a: Ursaluna\n|-crit|p2a: Ursaluna\n|-damage|p2a: Ursaluna|0 fnt\n|faint|p2a: Ursaluna\n|move|p2b: Urshifu|Ice Spinner|p1b: Appletun\n|-supereffective|p1b: Appletun\n|-damage|p1b: Appletun|2\/100\n|-damage|p2b: Urshifu|84\/100|[from] item: Rocky Helmet|[of] p1b: Appletun\n|move|p1a: Persian|Snarl|p2b: Urshifu\n|-resisted|p2b: Urshifu\n|-damage|p2b: Urshifu|78\/100\n|-unboost|p2b: Urshifu|spa|1\n|\n|upkeep\n|\n|t:|1700624018\n|switch|p2a: Farigiraf|Farigiraf, L50, M|62\/100\n|turn|5\n|\n|t:|1700624035\n|switch|p1b: Milotic|Milotic, L50, M|100\/100\n|move|p2b: Urshifu|Aqua Jet|p1b: Milotic\n|-resisted|p1b: Milotic\n|-damage|p1b: Milotic|90\/100\n|move|p2a: Farigiraf|Dazzling Gleam|p1b: Milotic|[spread] p1a,p1b\n|-supereffective|p1a: Persian\n|-damage|p1a: Persian|49\/100\n|-damage|p1b: Milotic|77\/100\n|move|p1a: Persian|Snarl|p2b: Urshifu|[spread] p2a,p2b\n|-supereffective|p2a: Farigiraf\n|-resisted|p2b: Urshifu\n|-damage|p2a: Farigiraf|40\/100\n|-damage|p2b: Urshifu|73\/100\n|-unboost|p2a: Farigiraf|spa|1\n|-unboost|p2b: Urshifu|spa|1\n|-enditem|p2a: Farigiraf|Sitrus Berry|[eat]\n|-heal|p2a: Farigiraf|65\/100|[from] item: Sitrus Berry\n|\n|-fieldend|move: Trick Room\n|upkeep\n|turn|6\n|\n|t:|1700624060\n|move|p1a: Persian|Snarl|p2a: Farigiraf|[spread] p2a,p2b\n|-supereffective|p2a: Farigiraf\n|-resisted|p2b: Urshifu\n|-damage|p2a: Farigiraf|45\/100\n|-damage|p2b: Urshifu|69\/100\n|-unboost|p2a: Farigiraf|spa|1\n|-unboost|p2b: Urshifu|spa|1\n|move|p1b: Milotic|Scald|p2a: Farigiraf\n|-damage|p2a: Farigiraf|1\/100\n|move|p2b: Urshifu|Drain Punch|p2a: Farigiraf\n|-damage|p2a: Farigiraf|0 fnt\n|-heal|p2b: Urshifu|69\/100|[from] drain|[of] p2a: Farigiraf\n|faint|p2a: Farigiraf\n|\n|upkeep\n|turn|7\n|-message|seanisgoo forfeited.\n|\n|win|kavonpokebros\n|raw|kavonpokebros's rating: 1314 &rarr; <strong>1330<\/strong><br \/>(+16 for winning)\n|raw|seanisgoo's rating: 1239 &rarr; <strong>1219<\/strong><br \/>(-20 for losing)\n|l|\u2606seanisgoo\n","uploadtime":1700624080,"views":11,"p1id":"kavonpokebros","p2id":"seanisgoo","formatid":"gen9vgc2023regulatione","rating":1219,"private":0,"password":""}