{"id":"gen9vgc2023regulatione-1989531422","p1":"fudii","p2":"Tilzie","format":"[Gen 9] VGC 2023 Regulation E","log":"|j|\u2606fudii\n|j|\u2606Tilzie\n|t:|1699866688\n|gametype|doubles\n|player|p1|fudii|elesa|\n|player|p2|Tilzie|2|\n|teamsize|p1|6\n|teamsize|p2|6\n|gen|9\n|tier|[Gen 9] VGC 2023 Regulation E\n|rated|Tournament battle\n|rule|Species Clause: Limit one of each Pok\u00e9mon\n|rule|Item Clause: Limit one of each item\n|clearpoke\n|poke|p1|Tornadus, L50, M|\n|poke|p1|Chi-Yu, L50|\n|poke|p1|Amoonguss, L50, M|\n|poke|p1|Indeedee-F, L50, F|\n|poke|p1|Sneasler, L50, F|\n|poke|p1|Basculegion, L50, M|\n|poke|p2|Regidrago, L50|\n|poke|p2|Tornadus, L50, M|\n|poke|p2|Urshifu-*, L50, F|\n|poke|p2|Rillaboom, L50, F|\n|poke|p2|Gholdengo, L50|\n|poke|p2|Ogerpon-Hearthflame, L50, F|\n|teampreview|4\n|showteam|p1|Tornadus||SitrusBerry|Prankster|BleakwindStorm,Tailwind,SunnyDay,RainDance|||M|||50|,,,,,Ghost]Chi-Yu||ChoiceSpecs|BeadsofRuin|HeatWave,DarkPulse,Overheat,Snarl||||||50|,,,,,Fire]Amoonguss||AguavBerry|Regenerator|GrassKnot,RagePowder,Spore,SludgeBomb|||M|||50|,,,,,Water]Indeedee-F||RockyHelmet|PsychicSurge|HelpingHand,Psychic,FollowMe,TrickRoom|||F|||50|,,,,,Fairy]Sneasler||PsychicSeed|Unburden|DireClaw,CloseCombat,Protect,RockSlide|||F|||50|,,,,,Rock]Basculegion||LifeOrb|SwiftSwim|WaveCrash,LastRespects,Protect,AquaJet|||M|||50|,,,,,Water\n|showteam|p2|Regidrago||DragonFang|DragonsMaw|DragonEnergy,DragonPulse,EarthPower,Protect||||||50|,,,,,Steel]Tornadus||FocusSash|Prankster|IcyWind,Protect,BleakwindStorm,Tailwind|||M|||50|,,,,,Ghost]Urshifu-Rapid-Strike||ChoiceScarf|UnseenFist|SurgingStrikes,CloseCombat,AquaJet,RockSlide|||F|||50|,,,,,Water]Rillaboom||AssaultVest|GrassySurge|GrassyGlide,HighHorsepower,WoodHammer,FakeOut|||F|||50|,,,,,Fire]Gholdengo||ChoiceSpecs|GoodasGold|MakeItRain,ShadowBall,Thunderbolt,PowerGem||||||50|,,,,,Steel]Ogerpon-Hearthflame||HearthflameMask|MoldBreaker|IvyCudgel,GrassyGlide,FollowMe,SpikyShield|||F|||50|,,,,,Fire\n|j| SOLOLUMINEONING\n|\n|t:|1699866723\n|start\n|switch|p1a: Tornadus|Tornadus, L50, M|100\/100\n|switch|p1b: Chi-Yu|Chi-Yu, L50|100\/100\n|switch|p2a: Gholdengo|Gholdengo, L50, shiny|100\/100\n|switch|p2b: Tornadus|Tornadus, L50, M, shiny|100\/100\n|-ability|p1b: Chi-Yu|Beads of Ruin\n|turn|1\n|\n|t:|1699866739\n|-terastallize|p1b: Chi-Yu|Fire\n|move|p2b: Tornadus|Tailwind|p2b: Tornadus\n|-sidestart|p2: Tilzie|move: Tailwind\n|move|p1a: Tornadus|Sunny Day|p1a: Tornadus\n|-weather|SunnyDay\n|move|p2a: Gholdengo|Power Gem|p1b: Chi-Yu\n|-supereffective|p1b: Chi-Yu\n|-damage|p1b: Chi-Yu|7\/100\n|move|p1b: Chi-Yu|Heat Wave|p2a: Gholdengo|[spread] p2a\n|-miss|p1b: Chi-Yu|p2b: Tornadus\n|-supereffective|p2a: Gholdengo\n|-damage|p2a: Gholdengo|0 fnt\n|faint|p2a: Gholdengo\n|\n|-weather|SunnyDay|[upkeep]\n|upkeep\n|j| Choruto\n|\n|t:|1699866748\n|switch|p2a: Rillaboom|Rillaboom, L50, F, shiny|100\/100\n|-fieldstart|move: Grassy Terrain|[from] ability: Grassy Surge|[of] p2a: Rillaboom\n|turn|2\n|j| Lawrence_lmao\n|\n|t:|1699866769\n|switch|p1a: Indeedee|Indeedee-F, L50, F|100\/100\n|-fieldstart|move: Psychic Terrain|[from] ability: Psychic Surge|[of] p1a: Indeedee\n|move|p2a: Rillaboom|Fake Out|p1a: Indeedee\n|-activate|p1a: Indeedee|move: Psychic Terrain\n|move|p2b: Tornadus|Bleakwind Storm|p1b: Chi-Yu|[spread] p1a\n|-miss|p2b: Tornadus|p1b: Chi-Yu\n|-damage|p1a: Indeedee|52\/100\n|move|p1b: Chi-Yu|Heat Wave|p2b: Tornadus|[spread] p2a,p2b\n|-supereffective|p2a: Rillaboom\n|-damage|p2a: Rillaboom|0 fnt\n|-enditem|p2b: Tornadus|Focus Sash\n|-damage|p2b: Tornadus|1\/100\n|faint|p2a: Rillaboom\n|\n|-weather|SunnyDay|[upkeep]\n|upkeep\n|\n|t:|1699866777\n|switch|p2a: Ogerpon|Ogerpon-Hearthflame, L50, F|100\/100\n|-ability|p2a: Ogerpon|Mold Breaker\n|turn|3\n|c|\u2606Tilzie|that miss..\n|c|\u2606fudii|that misss\n|\n|t:|1699866806\n|switch|p1b: Sneasler|Sneasler, L50, F|100\/100\n|-enditem|p1b: Sneasler|Psychic Seed\n|-boost|p1b: Sneasler|spd|1|[from] item: Psychic Seed\n|move|p2b: Tornadus|Bleakwind Storm|p1b: Sneasler|[spread] p1b\n|-miss|p2b: Tornadus|p1a: Indeedee\n|-supereffective|p1b: Sneasler\n|-damage|p1b: Sneasler|38\/100\n|move|p2a: Ogerpon|Ivy Cudgel|p1a: Indeedee\n|-damage|p1a: Indeedee|0 fnt\n|faint|p1a: Indeedee\n|\n|-weather|SunnyDay|[upkeep]\n|upkeep\n|\n|t:|1699866821\n|switch|p1a: Tornadus|Tornadus, L50, M|100\/100\n|turn|4\n|j| WhimsicalTeaParty\n|\n|t:|1699866827\n|-terastallize|p2a: Ogerpon|Fire\n|detailschange|p2a: Ogerpon|Ogerpon-Hearthflame-Tera, L50, F, tera:Fire\n|-ability|p2a: Ogerpon|Embody Aspect (Hearthflame)|boost\n|-boost|p2a: Ogerpon|atk|1\n|move|p2b: Tornadus|Protect|p2b: Tornadus\n|-singleturn|p2b: Tornadus|Protect\n|move|p1a: Tornadus|Tailwind|p1a: Tornadus\n|-sidestart|p1: fudii|move: Tailwind\n|move|p1b: Sneasler|Rock Slide|p2a: Ogerpon|[spread] p2a\n|-activate|p2b: Tornadus|move: Protect\n|-supereffective|p2a: Ogerpon\n|-damage|p2a: Ogerpon|56\/100\n|move|p2a: Ogerpon|Ivy Cudgel|p1b: Sneasler\n|-damage|p1b: Sneasler|0 fnt\n|faint|p1b: Sneasler\n|\n|-weather|SunnyDay|[upkeep]\n|-sideend|p2: Tilzie|move: Tailwind\n|upkeep\n|j| Aeiou123456\n|\n|t:|1699866847\n|switch|p1b: Chi-Yu|Chi-Yu, L50, tera:Fire|7\/100\n|-ability|p1b: Chi-Yu|Beads of Ruin\n|turn|5\n|\n|t:|1699866860\n|move|p2b: Tornadus|Tailwind|p2b: Tornadus\n|-sidestart|p2: Tilzie|move: Tailwind\n|move|p1b: Chi-Yu|Heat Wave|p2a: Ogerpon|[spread] p2b\n|-miss|p1b: Chi-Yu|p2a: Ogerpon\n|-damage|p2b: Tornadus|0 fnt\n|faint|p2b: Tornadus\n|move|p1a: Tornadus|Bleakwind Storm|p2a: Ogerpon\n|-damage|p2a: Ogerpon|0 fnt\n|faint|p2a: Ogerpon\n|\n|win|fudii\n|n|\u2606fudii|fudii\n|n|\u2606Tilzie|tilzie\n|n| SOLOLUMINEONING|sololumineoning\n|n| Choruto|choruto\n|n| Lawrence_lmao|lawrencelmao\n|n| WhimsicalTeaParty|whimsicalteaparty\n|n| Aeiou123456|aeiou123456\n","uploadtime":1699866861,"views":11,"p1id":"fudii","p2id":"tilzie","formatid":"gen9vgc2023regulatione","rating":0,"private":0,"password":""}