{"id":"gen9vgc2023regulatione-1997813915","p1":"samo00001","p2":"l4z4r0","format":"[Gen 9] VGC 2023 Regulation E","log":"|j|\u2606samo00001\n|j|\u2606l4z4r0\n|t:|1700855530\n|gametype|doubles\n|player|p1|samo00001|2|1196\n|player|p2|l4z4r0|supernerd|1167\n|teamsize|p1|6\n|teamsize|p2|6\n|gen|9\n|tier|[Gen 9] VGC 2023 Regulation E\n|rated|\n|rule|Species Clause: Limit one of each Pok\u00e9mon\n|rule|Item Clause: Limit one of each item\n|clearpoke\n|poke|p1|Murkrow, L50, F|\n|poke|p1|Iron Valiant, L50|\n|poke|p1|Arcanine, L50, F|\n|poke|p1|Rillaboom, L50, M|\n|poke|p1|Landorus-Therian, L50, M|\n|poke|p1|Urshifu-*, L50, F|\n|poke|p2|Iron Hands, L50|\n|poke|p2|Rillaboom, L50, F|\n|poke|p2|Cresselia, L50, F|\n|poke|p2|Sinistcha, L50|\n|poke|p2|Glimmora, L50, M|\n|poke|p2|Urshifu-*, L50, F|\n|teampreview|4\n|inactive|Battle timer is ON: inactive players will automatically lose when time's up. (requested by l4z4r0)\nl4z4r0 rejected open team sheets.\n|\n|t:|1700855568\n|start\n|switch|p1a: Landorus|Landorus-Therian, L50, M|100\/100\n|switch|p1b: Arcanine|Arcanine, L50, F|100\/100\n|switch|p2a: Glimmora|Glimmora, L50, M, shiny|100\/100\n|switch|p2b: Urshifu|Urshifu, L50, F|100\/100\n|-ability|p1a: Landorus|Intimidate|boost\n|-unboost|p2a: Glimmora|atk|1\n|-unboost|p2b: Urshifu|atk|1\n|-ability|p1b: Arcanine|Intimidate|boost\n|-unboost|p2a: Glimmora|atk|1\n|-unboost|p2b: Urshifu|atk|1\n|turn|1\n|inactive|l4z4r0 has 30 seconds left.\n|inactive|l4z4r0 has 20 seconds left.\n|\n|t:|1700855605\n|switch|p2b: TerenceHill|Cresselia, L50, F|100\/100\n|move|p1a: Landorus|U-turn|p2b: TerenceHill\n|-supereffective|p2b: TerenceHill\n|-damage|p2b: TerenceHill|65\/100\n|\n|t:|1700855613\n|switch|p1a: Urshifu|Urshifu-Rapid-Strike, L50, F|100\/100|[from] U-turn\n|move|p2a: Glimmora|Mortal Spin|p1b: Arcanine|[spread] p1a,p1b\n|-damage|p1a: Urshifu|98\/100\n|-damage|p1b: Arcanine|98\/100\n|-status|p1a: Urshifu|psn\n|-status|p1b: Arcanine|psn\n|move|p1b: Arcanine|Will-O-Wisp|p2b: TerenceHill\n|-status|p2b: TerenceHill|brn\n|\n|-damage|p1a: Urshifu|86\/100 psn|[from] psn\n|-damage|p1b: Arcanine|86\/100 psn|[from] psn\n|-damage|p2b: TerenceHill|59\/100 brn|[from] brn\n|upkeep\n|turn|2\n|inactive|samo00001 has 30 seconds left.\n|inactive|l4z4r0 has 30 seconds left.\n|inactive|l4z4r0 has 20 seconds left.\n|\n|t:|1700855652\n|switch|p1b: Iron Valiant|Iron Valiant, L50|100\/100\n|-enditem|p1b: Iron Valiant|Booster Energy\n|-activate|p1b: Iron Valiant|ability: Quark Drive|[fromitem]\n|-start|p1b: Iron Valiant|quarkdrivespe\n|switch|p2b: MatchaLatte|Sinistcha, L50|100\/100\n|move|p2a: Glimmora|Spiky Shield|p2a: Glimmora\n|-singleturn|p2a: Glimmora|move: Protect\n|move|p1a: Urshifu|Surging Strikes|p2a: Glimmora\n|-supereffective|p2a: Glimmora\n|-crit|p2a: Glimmora\n|-damage|p2a: Glimmora|50\/100\n|-activate|p2a: Glimmora|ability: Toxic Debris\n|-sidestart|p1: samo00001|move: Toxic Spikes\n|-supereffective|p2a: Glimmora\n|-crit|p2a: Glimmora\n|-damage|p2a: Glimmora|0 fnt\n|-activate|p2a: Glimmora|ability: Toxic Debris\n|-sidestart|p1: samo00001|move: Toxic Spikes\n|faint|p2a: Glimmora\n|-hitcount|p2: Glimmora|2\n|\n|-damage|p1a: Urshifu|74\/100 psn|[from] psn\n|upkeep\n|\n|t:|1700855672\n|switch|p2a: Urshifu|Urshifu, L50, F|100\/100\n|turn|3\n|\n|t:|1700855695\n|switch|p1a: Arcanine|Arcanine, L50, F|86\/100 psn\n|-ability|p1a: Arcanine|Intimidate|boost\n|-unboost|p2a: Urshifu|atk|1\n|-unboost|p2b: MatchaLatte|atk|1\n|-terastallize|p1b: Iron Valiant|Fairy\n|-terastallize|p2a: Urshifu|Dark\n|move|p2b: MatchaLatte|Rage Powder|p2b: MatchaLatte\n|-singleturn|p2b: MatchaLatte|move: Rage Powder\n|move|p1b: Iron Valiant|Tera Blast|p2b: MatchaLatte|[anim] Tera Blast Fairy\n|-damage|p2b: MatchaLatte|50\/100\n|move|p2a: Urshifu|Wicked Blow|p1b: Iron Valiant\n|-resisted|p1b: Iron Valiant\n|-crit|p1b: Iron Valiant\n|-damage|p1b: Iron Valiant|13\/100\n|\n|-damage|p1a: Arcanine|74\/100 psn|[from] psn\n|upkeep\n|turn|4\n|inactive|samo00001 has 30 seconds left.\n|inactive|l4z4r0 has 30 seconds left.\n|inactive|l4z4r0 has 20 seconds left.\n|\n|t:|1700855734\n|-end|p1b: Iron Valiant|Quark Drive|[silent]\n|switch|p1b: Urshifu|Urshifu-Rapid-Strike, L50, F|74\/100 psn\n|move|p2b: MatchaLatte|Rage Powder|p2b: MatchaLatte\n|-singleturn|p2b: MatchaLatte|move: Rage Powder\n|move|p2a: Urshifu|Wicked Blow|p1b: Urshifu\n|-resisted|p1b: Urshifu\n|-crit|p1b: Urshifu\n|-damage|p1b: Urshifu|13\/100 psn\n|move|p1a: Arcanine|Flamethrower|p2b: MatchaLatte\n|-supereffective|p2b: MatchaLatte\n|-damage|p2b: MatchaLatte|0 fnt\n|faint|p2b: MatchaLatte\n|\n|-damage|p1b: Urshifu|1\/100 psn|[from] psn\n|-damage|p1a: Arcanine|62\/100 psn|[from] psn\n|upkeep\n|\n|t:|1700855748\n|switch|p2b: TerenceHill|Cresselia, L50, F|59\/100 brn\n|turn|5\n|\n|t:|1700855761\n|move|p1b: Urshifu|Close Combat|p2a: Urshifu\n|-supereffective|p2a: Urshifu\n|-damage|p2a: Urshifu|0 fnt\n|-unboost|p1b: Urshifu|def|1\n|-unboost|p1b: Urshifu|spd|1\n|faint|p2a: Urshifu\n|move|p1a: Arcanine|Will-O-Wisp|p2b: TerenceHill\n|-fail|p2b: TerenceHill|brn\n|move|p2b: TerenceHill|Lunar Blessing|p2b: TerenceHill\n|-heal|p2b: TerenceHill|84\/100 brn\n|-curestatus|p2b: TerenceHill|brn|[msg]\n|\n|-damage|p1b: Urshifu|0 fnt|[from] psn\n|faint|p1b: Urshifu\n|-damage|p1a: Arcanine|50\/100 psn|[from] psn\n|upkeep\n|\n|t:|1700855780\n|switch|p1b: Landorus|Landorus-Therian, L50, M|100\/100\n|-ability|p1b: Landorus|Intimidate|boost\n|-unboost|p2b: TerenceHill|atk|1\n|turn|6\n|\n|t:|1700855786\n|move|p1b: Landorus|U-turn|p2b: TerenceHill\n|-supereffective|p2b: TerenceHill\n|-damage|p2b: TerenceHill|49\/100\n|\n|t:|1700855790\n|switch|p1b: Iron Valiant|Iron Valiant, L50, tera:Fairy|13\/100|[from] U-turn\n|-status|p1b: Iron Valiant|tox\n|move|p1a: Arcanine|Snarl|p2b: TerenceHill\n|-supereffective|p2b: TerenceHill\n|-crit|p2b: TerenceHill\n|-damage|p2b: TerenceHill|24\/100\n|-unboost|p2b: TerenceHill|spa|1\n|move|p2b: TerenceHill|Ice Beam|p1b: Iron Valiant\n|-damage|p1b: Iron Valiant|0 fnt\n|faint|p1b: Iron Valiant\n|-end|p1b: Iron Valiant|Quark Drive|[silent]\n|-damage|p2b: TerenceHill|15\/100|[from] item: Life Orb\n|\n|-damage|p1a: Arcanine|38\/100 psn|[from] psn\n|upkeep\n|\n|t:|1700855797\n|switch|p1b: Landorus|Landorus-Therian, L50, M|100\/100\n|-ability|p1b: Landorus|Intimidate|boost\n|-unboost|p2b: TerenceHill|atk|1\n|turn|7\n|-message|l4z4r0 forfeited.\n|\n|win|samo00001\n|raw|samo00001's rating: 1196 &rarr; <strong>1219<\/strong><br \/>(+23 for winning)\n|raw|l4z4r0's rating: 1167 &rarr; <strong>1144<\/strong><br \/>(-23 for losing)\n|l|\u2606l4z4r0\n","uploadtime":1700855804,"views":3,"p1id":"samo00001","p2id":"l4z4r0","formatid":"gen9vgc2023regulatione","rating":1144,"private":0,"password":""}