{"id":"gen9vgc2023regulatione-1999962808","p1":"under2n2","p2":"who1658","format":"[Gen 9] VGC 2023 Regulation E","log":"|j|\u2606under2n2\n|j|\u2606who1658\n|t:|1701135120\n|gametype|doubles\n|player|p1|under2n2|2|1200\n|player|p2|who1658|brycen|1118\n|teamsize|p1|6\n|teamsize|p2|6\n|gen|9\n|tier|[Gen 9] VGC 2023 Regulation E\n|rated|\n|rule|Species Clause: Limit one of each Pok\u00e9mon\n|rule|Item Clause: Limit one of each item\n|clearpoke\n|poke|p1|Ninetales-Alola, L50, M|\n|poke|p1|Baxcalibur, L50, F|\n|poke|p1|Sinistcha-Masterpiece, L50|\n|poke|p1|Conkeldurr, L50, F|\n|poke|p1|Armarouge, L50, F|\n|poke|p1|Ogerpon-Wellspring, L50, F|\n|poke|p2|Iron Hands, L50|\n|poke|p2|Kingambit, L50, M|\n|poke|p2|Flutter Mane, L50|\n|poke|p2|Chien-Pao, L50|\n|poke|p2|Trevenant, L50, M|\n|poke|p2|Ursaluna-Bloodmoon, L50, M|\n|teampreview|4\n|\n|t:|1701135176\n|start\n|switch|p1a: Ogerpon|Ogerpon-Wellspring, L50, F|100\/100\n|switch|p1b: Ninetales|Ninetales-Alola, L50, M|100\/100\n|switch|p2a: Kingambit|Kingambit, L50, M, shiny|100\/100\n|switch|p2b: Trevenant|Trevenant, L50, M, shiny|100\/100\n|-weather|Snow|[from] ability: Snow Warning|[of] p1b: Ninetales\n|turn|1\n|\n|t:|1701135212\n|-terastallize|p1b: Ninetales|Steel\n|move|p1a: Ogerpon|U-turn|p2b: Trevenant\n|-damage|p2b: Trevenant|69\/100\n|\n|t:|1701135218\n|switch|p1a: Conkeldurr|Conkeldurr, L50, F|100\/100|[from] U-turn\n|move|p1b: Ninetales|Aurora Veil|p1b: Ninetales\n|-sidestart|p1: under2n2|move: Aurora Veil\n|move|p2a: Kingambit|Kowtow Cleave|p1b: Ninetales\n|-damage|p1b: Ninetales|67\/100\n|move|p2b: Trevenant|Trick Room|p2b: Trevenant\n|-fieldstart|move: Trick Room|[of] p2b: Trevenant\n|\n|-weather|Snow|[upkeep]\n|upkeep\n|turn|2\n|\n|t:|1701135272\n|-terastallize|p2a: Kingambit|Flying\n|move|p2b: Trevenant|Ally Switch|p2b: Trevenant\n|swap|p2b: Trevenant|0|[from] move: Ally Switch\n|move|p2b: Kingambit|Tera Blast|p1a: Conkeldurr|[anim] Tera Blast Flying\n|-supereffective|p1a: Conkeldurr\n|-damage|p1a: Conkeldurr|47\/100\n|move|p1a: Conkeldurr|Drain Punch|p2a: Trevenant\n|-immune|p2a: Trevenant\n|move|p1b: Ninetales|Blizzard|p2a: Trevenant|[spread] p2a,p2b\n|-supereffective|p2a: Trevenant\n|-supereffective|p2b: Kingambit\n|-damage|p2a: Trevenant|9\/100\n|-damage|p2b: Kingambit|45\/100\n|-status|p2a: Trevenant|frz\n|-enditem|p2a: Trevenant|Sitrus Berry|[eat]\n|-heal|p2a: Trevenant|34\/100 frz|[from] item: Sitrus Berry\n|\n|-weather|Snow|[upkeep]\n|upkeep\n|turn|3\n|\n|t:|1701135316\n|switch|p2b: Iron Hands|Iron Hands, L50, shiny|100\/100\n|switch|p1b: Sinistcha|Sinistcha-Masterpiece, L50|100\/100\n|-heal|p1a: Conkeldurr|72\/100|[from] ability: Hospitality|[of] p1b: Sinistcha\n|cant|p2a: Trevenant|frz\n|move|p1a: Conkeldurr|Thunder Punch|p2b: Iron Hands\n|-resisted|p2b: Iron Hands\n|-damage|p2b: Iron Hands|88\/100\n|\n|-weather|Snow|[upkeep]\n|-item|p2a: Trevenant|Sitrus Berry|[from] ability: Harvest\n|upkeep\n|-enditem|p2a: Trevenant|Sitrus Berry|[eat]\n|-heal|p2a: Trevenant|59\/100 frz|[from] item: Sitrus Berry\n|turn|4\n|\n|t:|1701135348\n|-curestatus|p2a: Trevenant|frz|[msg]\n|move|p2a: Trevenant|Protect|p2a: Trevenant\n|-singleturn|p2a: Trevenant|Protect\n|move|p2b: Iron Hands|Fake Out|p1a: Conkeldurr\n|-damage|p1a: Conkeldurr|63\/100\n|cant|p1a: Conkeldurr|flinch\n|move|p1b: Sinistcha|Strength Sap|p2b: Iron Hands\n|-unboost|p2b: Iron Hands|atk|1\n|\n|-weather|Snow|[upkeep]\n|upkeep\n|turn|5\n|\n|t:|1701135379\n|-end|p2b: Iron Hands|Quark Drive|[silent]\n|switch|p2b: Flutter Mane|Flutter Mane, L50|100\/100\n|-enditem|p2b: Flutter Mane|Booster Energy\n|-activate|p2b: Flutter Mane|ability: Protosynthesis|[fromitem]\n|-start|p2b: Flutter Mane|protosynthesisspa\n|move|p2a: Trevenant|Ally Switch|p2a: Trevenant\n|swap|p2a: Trevenant|1|[from] move: Ally Switch\n|move|p1a: Conkeldurr|Knock Off|p2a: Flutter Mane\n|-damage|p2a: Flutter Mane|47\/100\n|move|p1b: Sinistcha|Strength Sap|p2b: Trevenant\n|-unboost|p2b: Trevenant|atk|1\n|\n|-weather|Snow|[upkeep]\n|-sideend|p1: under2n2|move: Aurora Veil\n|-fieldend|move: Trick Room\n|upkeep\n|turn|6\n|\n|t:|1701135426\n|switch|p1a: Ninetales|Ninetales-Alola, L50, M, tera:Steel|67\/100\n|move|p2b: Trevenant|Protect||[still]\n|-fail|p2b: Trevenant\n|move|p2a: Flutter Mane|Dazzling Gleam|p1a: Ninetales|[spread] p1a,p1b\n|-resisted|p1a: Ninetales\n|-damage|p1a: Ninetales|44\/100\n|-damage|p1b: Sinistcha|59\/100\n|move|p1b: Sinistcha|Matcha Gotcha|p2b: Trevenant|[spread] p2a,p2b\n|-resisted|p2b: Trevenant\n|-damage|p2a: Flutter Mane|20\/100\n|-heal|p1b: Sinistcha|70\/100|[from] drain|[of] p2a: Flutter Mane\n|-damage|p2b: Trevenant|47\/100\n|-heal|p1b: Sinistcha|76\/100|[from] drain|[of] p2b: Trevenant\n|-status|p2a: Flutter Mane|brn\n|\n|-weather|Snow|[upkeep]\n|-damage|p2a: Flutter Mane|13\/100 brn|[from] brn\n|upkeep\n|turn|7\n|\n|t:|1701135452\n|switch|p1b: Ogerpon|Ogerpon-Wellspring, L50, F|100\/100\n|move|p2b: Trevenant|Protect|p2b: Trevenant\n|-singleturn|p2b: Trevenant|Protect\n|move|p2a: Flutter Mane|Shadow Ball|p1b: Ogerpon\n|-damage|p1b: Ogerpon|31\/100\n|-unboost|p1b: Ogerpon|spd|1\n|move|p1a: Ninetales|Aurora Veil|p1a: Ninetales\n|-sidestart|p1: under2n2|move: Aurora Veil\n|\n|-weather|Snow|[upkeep]\n|-damage|p2a: Flutter Mane|7\/100 brn|[from] brn\n|upkeep\n|turn|8\n|\n|t:|1701135490\n|move|p1b: Ogerpon|Spiky Shield|p1b: Ogerpon\n|-singleturn|p1b: Ogerpon|move: Protect\n|move|p2a: Flutter Mane|Moonblast|p1b: Ogerpon\n|-activate|p1b: Ogerpon|move: Protect\n|move|p1a: Ninetales|Disable|p2b: Trevenant\n|-start|p2b: Trevenant|Disable|Protect\n|move|p2b: Trevenant|Trick Room|p2b: Trevenant\n|-fieldstart|move: Trick Room|[of] p2b: Trevenant\n|\n|-weather|none\n|-damage|p2a: Flutter Mane|1\/100 brn|[from] brn\n|upkeep\n|turn|9\n|\n|t:|1701135518\n|move|p2b: Trevenant|Wood Hammer|p1b: Ogerpon\n|-damage|p1b: Ogerpon|0 fnt\n|faint|p1b: Ogerpon\n|-damage|p2b: Trevenant|39\/100|[from] Recoil\n|move|p1a: Ninetales|Blizzard|p2a: Flutter Mane|[spread] p2b\n|-miss|p1a: Ninetales|p2a: Flutter Mane\n|-supereffective|p2b: Trevenant\n|-damage|p2b: Trevenant|0 fnt\n|faint|p2b: Trevenant\n|move|p2a: Flutter Mane|Moonblast|p1a: Ninetales\n|-resisted|p1a: Ninetales\n|-damage|p1a: Ninetales|23\/100\n|-unboost|p1a: Ninetales|spa|1\n|\n|-damage|p2a: Flutter Mane|0 fnt|[from] brn\n|faint|p2a: Flutter Mane\n|-end|p2a: Flutter Mane|Protosynthesis|[silent]\n|upkeep\n|\n|t:|1701135538\n|switch|p2b: Kingambit|Kingambit, L50, M, shiny, tera:Flying|45\/100\n|switch|p1b: Sinistcha|Sinistcha-Masterpiece, L50|76\/100\n|switch|p2a: Iron Hands|Iron Hands, L50, shiny|88\/100\n|-heal|p1a: Ninetales|47\/100|[from] ability: Hospitality|[of] p1b: Sinistcha\n|turn|10\n|\n|t:|1701135562\n|switch|p1a: Conkeldurr|Conkeldurr, L50, F|63\/100\n|move|p2b: Kingambit|Kowtow Cleave|p1a: Conkeldurr\n|-resisted|p1a: Conkeldurr\n|-damage|p1a: Conkeldurr|49\/100\n|move|p2a: Iron Hands|Drain Punch|p1a: Conkeldurr\n|-damage|p1a: Conkeldurr|24\/100\n|-heal|p2a: Iron Hands|97\/100|[from] drain|[of] p1a: Conkeldurr\n|move|p1b: Sinistcha|Trick Room|p1b: Sinistcha\n|-fieldend|move: Trick Room\n|\n|upkeep\n|turn|11\n|\n|t:|1701135597\n|move|p2b: Kingambit|Sucker Punch|p1a: Conkeldurr\n|-resisted|p1a: Conkeldurr\n|-damage|p1a: Conkeldurr|13\/100\n|move|p1b: Sinistcha|Strength Sap|p2a: Iron Hands\n|-unboost|p2a: Iron Hands|atk|1\n|-heal|p1b: Sinistcha|100\/100\n|move|p1a: Conkeldurr|Thunder Punch|p2b: Kingambit\n|-supereffective|p2b: Kingambit\n|-damage|p2b: Kingambit|0 fnt\n|faint|p2b: Kingambit\n|move|p2a: Iron Hands|Heavy Slam|p1b: Sinistcha\n|-damage|p1b: Sinistcha|84\/100\n|-damage|p2a: Iron Hands|81\/100|[from] item: Rocky Helmet|[of] p1b: Sinistcha\n|\n|-sideend|p1: under2n2|move: Aurora Veil\n|upkeep\n|turn|12\n|\n|t:|1701135616\n|move|p1b: Sinistcha|Strength Sap|p2a: Iron Hands\n|-unboost|p2a: Iron Hands|atk|1\n|-heal|p1b: Sinistcha|100\/100\n|move|p1a: Conkeldurr|Drain Punch|p2a: Iron Hands\n|-damage|p2a: Iron Hands|47\/100\n|-heal|p1a: Conkeldurr|37\/100|[from] drain|[of] p2a: Iron Hands\n|move|p2a: Iron Hands|Wild Charge|p1b: Sinistcha\n|-resisted|p1b: Sinistcha\n|-damage|p1b: Sinistcha|90\/100\n|-damage|p2a: Iron Hands|31\/100|[from] item: Rocky Helmet|[of] p1b: Sinistcha\n|-damage|p2a: Iron Hands|29\/100|[from] Recoil\n|\n|upkeep\n|turn|13\n|-message|who1658 forfeited.\n|\n|win|under2n2\n|raw|under2n2's rating: 1200 &rarr; <strong>1219<\/strong><br \/>(+19 for winning)\n|raw|who1658's rating: 1118 &rarr; <strong>1099<\/strong><br \/>(-19 for losing)\n|l|\u2606who1658\n","uploadtime":1701135638,"views":2,"p1id":"under2n2","p2id":"who1658","formatid":"gen9vgc2023regulatione","rating":1099,"private":0,"password":""}