{"id":"gen9vgc2023regulatione-1999321592","p1":"Velius_Gigas","p2":"Calmnic","format":"[Gen 9] VGC 2023 Regulation E","log":"|j|\u2606Velius_Gigas\n|j|\u2606Calmnic\n|t:|1701060041\n|gametype|doubles\n|player|p1|Velius_Gigas|falkner|1179\n|player|p2|Calmnic|petrel|1279\n|teamsize|p1|6\n|teamsize|p2|6\n|gen|9\n|tier|[Gen 9] VGC 2023 Regulation E\n|rated|\n|rule|Species Clause: Limit one of each Pok\u00e9mon\n|rule|Item Clause: Limit one of each item\n|clearpoke\n|poke|p1|Ninetales-Alola, L50, F|\n|poke|p1|Roaring Moon, L50|\n|poke|p1|Flutter Mane, L50|\n|poke|p1|Landorus-Therian, L50, M|\n|poke|p1|Iron Hands, L50|\n|poke|p1|Heatran, L50, F|\n|poke|p2|Amoonguss, L50, M|\n|poke|p2|Tornadus, L50, M|\n|poke|p2|Iron Hands, L50|\n|poke|p2|Arcanine-Hisui, L50, F|\n|poke|p2|Gholdengo, L50|\n|poke|p2|Urshifu-*, L50, M|\n|teampreview|4\n|inactive|Battle timer is ON: inactive players will automatically lose when time's up. (requested by Calmnic)\n|inactive|Velius_Gigas has 60 seconds left.\n|inactive|Velius_Gigas has 30 seconds left.\n|\n|t:|1701060106\n|start\n|switch|p1a: Landorus|Landorus-Therian, L50, M|100\/100\n|switch|p1b: Iron Hands|Iron Hands, L50|100\/100\n|switch|p2a: Urshifu|Urshifu-Rapid-Strike, L50, M|100\/100\n|switch|p2b: Tornadus|Tornadus, L50, M|100\/100\n|-ability|p1a: Landorus|Intimidate|boost\n|-unboost|p2a: Urshifu|atk|1\n|-unboost|p2b: Tornadus|atk|1\n|turn|1\n|inactive|Velius_Gigas has 30 seconds left.\n|\n|t:|1701060136\n|move|p2a: Urshifu|Detect|p2a: Urshifu\n|-singleturn|p2a: Urshifu|Protect\n|move|p1b: Iron Hands|Fake Out|p2a: Urshifu\n|-activate|p2a: Urshifu|move: Protect\n|move|p2b: Tornadus|Tailwind|p2b: Tornadus\n|-sidestart|p2: Calmnic|move: Tailwind\n|move|p1a: Landorus|Rock Slide|p2a: Urshifu|[spread] p2b\n|-activate|p2a: Urshifu|move: Protect\n|-supereffective|p2b: Tornadus\n|-damage|p2b: Tornadus|26\/100\n|\n|upkeep\n|turn|2\n|inactive|Calmnic has 30 seconds left.\n|\n|t:|1701060170\n|switch|p1a: Ninetales|Ninetales-Alola, L50, F|100\/100\n|-weather|Snow|[from] ability: Snow Warning|[of] p1a: Ninetales\n|move|p2b: Tornadus|Bleakwind Storm|p1a: Ninetales|[spread] p1a,p1b\n|-damage|p1a: Ninetales|67\/100\n|-damage|p1b: Iron Hands|80\/100\n|-unboost|p1a: Ninetales|spe|1\n|move|p2a: Urshifu|Surging Strikes|p1a: Ninetales\n|-crit|p1a: Ninetales\n|-damage|p1a: Ninetales|49\/100\n|-crit|p1a: Ninetales\n|-damage|p1a: Ninetales|33\/100\n|-crit|p1a: Ninetales\n|-damage|p1a: Ninetales|15\/100\n|-hitcount|p1a: Ninetales|3\n|move|p1b: Iron Hands|Wild Charge|p2a: Urshifu\n|-supereffective|p2a: Urshifu\n|-damage|p2a: Urshifu|2\/100\n|-damage|p1b: Iron Hands|61\/100|[from] Recoil\n|\n|-weather|Snow|[upkeep]\n|upkeep\n|turn|3\n|inactive|Velius_Gigas has 30 seconds left.\n|inactive|Calmnic has 30 seconds left.\n|\n|t:|1701060200\n|move|p2b: Tornadus|Rain Dance|p2b: Tornadus\n|-weather|RainDance\n|move|p2a: Urshifu|Close Combat|p1b: Iron Hands\n|-damage|p1b: Iron Hands|29\/100\n|-unboost|p2a: Urshifu|def|1\n|-unboost|p2a: Urshifu|spd|1\n|move|p1b: Iron Hands|Drain Punch|p2a: Urshifu\n|-damage|p2a: Urshifu|0 fnt\n|-heal|p1b: Iron Hands|30\/100|[from] drain|[of] p2a: Urshifu\n|faint|p2a: Urshifu\n|move|p1a: Ninetales|Icy Wind|p2b: Tornadus|[miss]\n|-miss|p1a: Ninetales|p2b: Tornadus\n|\n|-weather|RainDance|[upkeep]\n|upkeep\n|\n|t:|1701060216\n|switch|p2a: Gholdengo|Gholdengo, L50|100\/100\n|turn|4\n|\n|t:|1701060235\n|move|p1a: Ninetales|Protect|p1a: Ninetales\n|-singleturn|p1a: Ninetales|Protect\n|move|p2b: Tornadus|Bleakwind Storm|p1b: Iron Hands|[spread] p1b\n|-activate|p1a: Ninetales|move: Protect\n|-damage|p1b: Iron Hands|12\/100\n|move|p2a: Gholdengo|Nasty Plot|p2a: Gholdengo\n|-boost|p2a: Gholdengo|spa|2\n|move|p1b: Iron Hands|Wild Charge|p2b: Tornadus\n|-supereffective|p2b: Tornadus\n|-damage|p2b: Tornadus|0 fnt\n|-damage|p1b: Iron Hands|0 fnt|[from] item: Rocky Helmet|[of] p2b: Tornadus\n|faint|p2b: Tornadus\n|faint|p1b: Iron Hands\n|-end|p1b: Iron Hands|Quark Drive|[silent]\n|\n|-weather|RainDance|[upkeep]\n|-sideend|p2: Calmnic|move: Tailwind\n|upkeep\n|\n|t:|1701060254\n|switch|p2b: Amoonguss|Amoonguss, L50, M|100\/100\n|switch|p1b: Landorus|Landorus-Therian, L50, M|100\/100\n|-ability|p1b: Landorus|Intimidate|boost\n|-unboost|p2a: Gholdengo|atk|1\n|-unboost|p2b: Amoonguss|atk|1\n|turn|5\n|inactive|Calmnic has 30 seconds left.\n|\n|t:|1701060285\n|-terastallize|p1b: Landorus|Flying\n|move|p2b: Amoonguss|Protect|p2b: Amoonguss\n|-singleturn|p2b: Amoonguss|Protect\n|move|p1b: Landorus|Tera Blast|p2b: Amoonguss|[anim] Tera Blast Flying\n|-activate|p2b: Amoonguss|move: Protect\n|move|p2a: Gholdengo|Make It Rain|p1b: Landorus|[spread] p1a,p1b\n|-supereffective|p1a: Ninetales\n|-damage|p1a: Ninetales|0 fnt\n|-damage|p1b: Landorus|0 fnt\n|-unboost|p2a: Gholdengo|spa|1\n|faint|p1a: Ninetales\n|faint|p1b: Landorus\n|\n|-weather|RainDance|[upkeep]\n|upkeep\n|-message|Velius_Gigas forfeited.\n|\n|win|Calmnic\n|raw|Velius_Gigas's rating: 1179 &rarr; <strong>1161<\/strong><br \/>(-18 for losing)\n|raw|Calmnic's rating: 1279 &rarr; <strong>1297<\/strong><br \/>(+18 for winning)\n|l|\u2606Velius_Gigas\n","uploadtime":1701060299,"views":1,"p1id":"veliusgigas","p2id":"calmnic","formatid":"gen9vgc2023regulatione","rating":1161,"private":0,"password":""}