{"id":"gen9vgc2023regulatione-1989117971","p1":"Wesleihas","p2":"Vengeful potato","format":"[Gen 9] VGC 2023 Regulation E","log":"|j|\u2606Wesleihas\n|j|\u2606Vengeful potato\n|t:|1699814159\n|gametype|doubles\n|player|p1|Wesleihas|ethan|1504\n|player|p2|Vengeful potato|170|1663\n|teamsize|p1|6\n|teamsize|p2|6\n|gen|9\n|tier|[Gen 9] VGC 2023 Regulation E\n|rated|\n|rule|Species Clause: Limit one of each Pok\u00e9mon\n|rule|Item Clause: Limit one of each item\n|clearpoke\n|poke|p1|Rillaboom, L50, M|\n|poke|p1|Ogerpon-Hearthflame, L50, F|\n|poke|p1|Landorus-Therian, L50, M|\n|poke|p1|Farigiraf, L50, F|\n|poke|p1|Ursaluna-Bloodmoon, L50, M|\n|poke|p1|Clefairy, L50, F|\n|poke|p2|Articuno-Galar, L50|\n|poke|p2|Maushold, L50|\n|poke|p2|Urshifu-*, L50, F|\n|poke|p2|Sinistcha-Masterpiece, L50|\n|poke|p2|Heatran, L50, F|\n|poke|p2|Regidrago, L50|\n|teampreview|4\nWesleihas has agreed to open team sheets.\nVengeful potato has agreed to open team sheets.\n|\n|t:|1699814213\n|start\n|switch|p1a: Farigiraf|Farigiraf, L50, F, shiny|100\/100\n|switch|p1b: Landorus|Landorus-Therian, L50, M|100\/100\n|switch|p2a: The Rizzler\ud83d\ude31\ud83d\udcaf\ud83d\udde3\ufe0f|Articuno-Galar, L50, shiny|100\/100\n|switch|p2b: Despereaux|Maushold, L50, shiny|100\/100\n|-ability|p1b: Landorus|Intimidate|boost\n|-unboost|p2a: The Rizzler\ud83d\ude31\ud83d\udcaf\ud83d\udde3\ufe0f|atk|1\n|-ability|p2a: The Rizzler\ud83d\ude31\ud83d\udcaf\ud83d\udde3\ufe0f|Competitive|boost\n|-boost|p2a: The Rizzler\ud83d\ude31\ud83d\udcaf\ud83d\udde3\ufe0f|spa|2\n|-unboost|p2b: Despereaux|atk|1\n|turn|1\n|\n|t:|1699814231\n|move|p1b: Landorus|U-turn|p2a: The Rizzler\ud83d\ude31\ud83d\udcaf\ud83d\udde3\ufe0f\n|-damage|p2a: The Rizzler\ud83d\ude31\ud83d\udcaf\ud83d\udde3\ufe0f|84\/100\n|\n|t:|1699814233\n|switch|p1b: Clefairy|Clefairy, L50, F|100\/100|[from] U-turn\n|move|p2b: Despereaux|Taunt|p1a: Farigiraf\n|-start|p1a: Farigiraf|move: Taunt\n|move|p2a: The Rizzler\ud83d\ude31\ud83d\udcaf\ud83d\udde3\ufe0f|Freezing Glare|p1b: Clefairy\n|-damage|p1b: Clefairy|24\/100\n|cant|p1a: Farigiraf|move: Taunt|Trick Room\n|\n|upkeep\n|turn|2\n|\n|t:|1699814254\n|move|p1b: Clefairy|Protect|p1b: Clefairy\n|-singleturn|p1b: Clefairy|Protect\n|move|p2b: Despereaux|Super Fang|p1a: Farigiraf\n|-damage|p1a: Farigiraf|51\/100\n|move|p2a: The Rizzler\ud83d\ude31\ud83d\udcaf\ud83d\udde3\ufe0f|Air Slash|p1a: Farigiraf\n|-damage|p1a: Farigiraf|5\/100\n|-enditem|p1a: Farigiraf|Sitrus Berry|[eat]\n|-heal|p1a: Farigiraf|29\/100|[from] item: Sitrus Berry\n|cant|p1a: Farigiraf|flinch\n|\n|upkeep\n|turn|3\n|\n|t:|1699814284\n|move|p2b: Despereaux|Protect|p2b: Despereaux\n|-singleturn|p2b: Despereaux|Protect\n|move|p2a: The Rizzler\ud83d\ude31\ud83d\udcaf\ud83d\udde3\ufe0f|Freezing Glare|p1b: Clefairy\n|-damage|p1b: Clefairy|0 fnt\n|faint|p1b: Clefairy\n|move|p1a: Farigiraf|Psychic|p2b: Despereaux\n|-activate|p2b: Despereaux|move: Protect\n|\n|-end|p1a: Farigiraf|move: Taunt\n|upkeep\n|\n|t:|1699814296\n|switch|p1b: Ursaluna|Ursaluna-Bloodmoon, L50, M|100\/100\n|turn|4\n|\n|t:|1699814307\n|-terastallize|p1b: Ursaluna|Ghost\n|move|p2b: Despereaux|Taunt|p1a: Farigiraf\n|-start|p1a: Farigiraf|move: Taunt\n|move|p2a: The Rizzler\ud83d\ude31\ud83d\udcaf\ud83d\udde3\ufe0f|Freezing Glare|p1b: Ursaluna\n|-damage|p1b: Ursaluna|40\/100\n|move|p1b: Ursaluna|Blood Moon|p2a: The Rizzler\ud83d\ude31\ud83d\udcaf\ud83d\udde3\ufe0f\n|-damage|p2a: The Rizzler\ud83d\ude31\ud83d\udcaf\ud83d\udde3\ufe0f|35\/100\n|cant|p1a: Farigiraf|move: Taunt|Trick Room\n|\n|upkeep\n|turn|5\n|\n|t:|1699814333\n|move|p2b: Despereaux|Super Fang|p1a: Farigiraf\n|-damage|p1a: Farigiraf|15\/100\n|move|p2a: The Rizzler\ud83d\ude31\ud83d\udcaf\ud83d\udde3\ufe0f|Freezing Glare|p1b: Ursaluna\n|-damage|p1b: Ursaluna|0 fnt\n|faint|p1b: Ursaluna\n|move|p1a: Farigiraf|Psychic|p2a: The Rizzler\ud83d\ude31\ud83d\udcaf\ud83d\udde3\ufe0f\n|-resisted|p2a: The Rizzler\ud83d\ude31\ud83d\udcaf\ud83d\udde3\ufe0f\n|-damage|p2a: The Rizzler\ud83d\ude31\ud83d\udcaf\ud83d\udde3\ufe0f|24\/100\n|\n|upkeep\n|\n|t:|1699814343\n|switch|p1b: Landorus|Landorus-Therian, L50, M|100\/100\n|-ability|p1b: Landorus|Intimidate|boost\n|-unboost|p2a: The Rizzler\ud83d\ude31\ud83d\udcaf\ud83d\udde3\ufe0f|atk|1\n|-ability|p2a: The Rizzler\ud83d\ude31\ud83d\udcaf\ud83d\udde3\ufe0f|Competitive|boost\n|-boost|p2a: The Rizzler\ud83d\ude31\ud83d\udcaf\ud83d\udde3\ufe0f|spa|2\n|-unboost|p2b: Despereaux|atk|1\n|turn|6\n|\n|t:|1699814357\n|-terastallize|p2a: The Rizzler\ud83d\ude31\ud83d\udcaf\ud83d\udde3\ufe0f|Steel\n|move|p2b: Despereaux|Follow Me|p2b: Despereaux\n|-singleturn|p2b: Despereaux|move: Follow Me\n|move|p1b: Landorus|Stomping Tantrum|p2b: Despereaux\n|-damage|p2b: Despereaux|63\/100\n|-damage|p1b: Landorus|84\/100|[from] item: Rocky Helmet|[of] p2b: Despereaux\n|move|p2a: The Rizzler\ud83d\ude31\ud83d\udcaf\ud83d\udde3\ufe0f|Freezing Glare|p1b: Landorus\n|-damage|p1b: Landorus|0 fnt\n|faint|p1b: Landorus\n|move|p1a: Farigiraf|Psychic|p2b: Despereaux\n|-damage|p2b: Despereaux|21\/100\n|\n|-end|p1a: Farigiraf|move: Taunt\n|upkeep\n|turn|7\n|\n|t:|1699814373\n|move|p2b: Despereaux|Super Fang|p1a: Farigiraf\n|-damage|p1a: Farigiraf|8\/100\n|move|p2a: The Rizzler\ud83d\ude31\ud83d\udcaf\ud83d\udde3\ufe0f|Freezing Glare|p1a: Farigiraf\n|-resisted|p1a: Farigiraf\n|-damage|p1a: Farigiraf|0 fnt\n|faint|p1a: Farigiraf\n|\n|win|Vengeful potato\n|raw|Wesleihas's rating: 1504 &rarr; <strong>1493<\/strong><br \/>(-11 for losing)\n|raw|Vengeful potato's rating: 1663 &rarr; <strong>1674<\/strong><br \/>(+11 for winning)\n|c|\u2606Vengeful potato|Gg\n","uploadtime":1699814380,"views":13,"p1id":"wesleihas","p2id":"vengefulpotato","formatid":"gen9vgc2023regulatione","rating":1493,"private":0,"password":""}