{"id":"gen9vgc2023regulatione-1990356276","p1":"comprestrict","p2":"MrMaro","format":"[Gen 9] VGC 2023 Regulation E","log":"|j|\u2606comprestrict\n|j|\u2606MrMaro\n|t:|1699961475\n|gametype|doubles\n|player|p1|comprestrict|hooligans|1447\n|player|p2|MrMaro|266|1334\n|teamsize|p1|6\n|teamsize|p2|6\n|gen|9\n|tier|[Gen 9] VGC 2023 Regulation E\n|rated|\n|rule|Species Clause: Limit one of each Pok\u00e9mon\n|rule|Item Clause: Limit one of each item\n|clearpoke\n|poke|p1|Flutter Mane, L50|\n|poke|p1|Regieleki, L50|\n|poke|p1|Landorus-Therian, L50, M|\n|poke|p1|Ogerpon-Wellspring, L50, F|\n|poke|p1|Roaring Moon, L50|\n|poke|p1|Arcanine, L50, M|\n|poke|p2|Roaring Moon, L50|\n|poke|p2|Gholdengo, L50|\n|poke|p2|Arcanine-Hisui, L50, F|\n|poke|p2|Ogerpon-Wellspring, L50, F|\n|poke|p2|Iron Hands, L50|\n|poke|p2|Landorus, L50, M|\n|teampreview|4\n|inactive|Battle timer is ON: inactive players will automatically lose when time's up. (requested by comprestrict)\n|inactive|comprestrict has 60 seconds left.\n|\n|t:|1699961526\n|start\n|switch|p1a: Landorus|Landorus-Therian, L50, M|100\/100\n|switch|p1b: Flutter Mane|Flutter Mane, L50|100\/100\n|switch|p2a: Iron Hands|Iron Hands, L50|100\/100\n|switch|p2b: Landorus|Landorus, L50, M|100\/100\n|-ability|p1a: Landorus|Intimidate|boost\n|-unboost|p2a: Iron Hands|atk|1\n|-unboost|p2b: Landorus|atk|1\n|turn|1\n|inactive|comprestrict has 30 seconds left.\n|inactive|MrMaro has 30 seconds left.\n|\n|t:|1699961553\n|move|p2b: Landorus|Protect|p2b: Landorus\n|-singleturn|p2b: Landorus|Protect\n|move|p1b: Flutter Mane|Dazzling Gleam|p2b: Landorus|[spread] p2a\n|-activate|p2b: Landorus|move: Protect\n|-supereffective|p2a: Iron Hands\n|-damage|p2a: Iron Hands|66\/100\n|move|p1a: Landorus|Rock Slide|p2b: Landorus|[spread] p2a\n|-activate|p2b: Landorus|move: Protect\n|-resisted|p2a: Iron Hands\n|-damage|p2a: Iron Hands|58\/100\n|cant|p2a: Iron Hands|flinch\n|\n|upkeep\n|turn|2\n|\n|t:|1699961572\n|move|p1b: Flutter Mane|Dazzling Gleam|p2b: Landorus|[spread] p2a,p2b\n|-supereffective|p2a: Iron Hands\n|-damage|p2a: Iron Hands|27\/100\n|-damage|p2b: Landorus|68\/100\n|move|p2b: Landorus|Sludge Bomb|p1b: Flutter Mane\n|-damage|p1b: Flutter Mane|58\/100\n|move|p1a: Landorus|Stomping Tantrum|p2a: Iron Hands\n|-supereffective|p2a: Iron Hands\n|-damage|p2a: Iron Hands|0 fnt\n|faint|p2a: Iron Hands\n|-end|p2a: Iron Hands|Quark Drive|[silent]\n|\n|upkeep\n|\n|t:|1699961585\n|switch|p2a: Ogerpon|Ogerpon-Wellspring, L50, F|100\/100\n|turn|3\n|\n|t:|1699961608\n|switch|p1a: Ogerpon|Ogerpon-Wellspring, L50, F|100\/100\n|-terastallize|p2a: Ogerpon|Water\n|detailschange|p2a: Ogerpon|Ogerpon-Wellspring-Tera, L50, F, tera:Water\n|-ability|p2a: Ogerpon|Embody Aspect (Wellspring)|boost\n|-boost|p2a: Ogerpon|spd|1\n|move|p1b: Flutter Mane|Dazzling Gleam|p2a: Ogerpon|[spread] p2a,p2b\n|-damage|p2a: Ogerpon|79\/100\n|-damage|p2b: Landorus|34\/100\n|move|p2b: Landorus|Substitute|p2b: Landorus\n|-start|p2b: Landorus|Substitute\n|-damage|p2b: Landorus|10\/100\n|move|p2a: Ogerpon|Ivy Cudgel|p1a: Ogerpon|[anim] Ivy Cudgel Water\n|-immune|p1a: Ogerpon|[from] ability: Water Absorb\n|\n|upkeep\n|turn|4\n|inactive|comprestrict has 30 seconds left.\n|inactive|MrMaro has 30 seconds left.\n|\n|t:|1699961643\n|switch|p2a: Arcanine|Arcanine-Hisui, L50, F|100\/100\n|-ability|p2a: Arcanine|Intimidate|boost\n|-unboost|p1a: Ogerpon|atk|1\n|-unboost|p1b: Flutter Mane|atk|1\n|move|p1b: Flutter Mane|Dazzling Gleam|p2b: Landorus|[spread] p2a,p2b\n|-end|p2b: Landorus|Substitute\n|-resisted|p2a: Arcanine\n|-damage|p2a: Arcanine|83\/100\n|move|p2b: Landorus|Sludge Bomb|p1a: Ogerpon\n|-supereffective|p1a: Ogerpon\n|-damage|p1a: Ogerpon|13\/100\n|move|p1a: Ogerpon|Horn Leech|p2b: Landorus\n|-damage|p2b: Landorus|0 fnt\n|-heal|p1a: Ogerpon|18\/100|[from] drain|[of] p2b: Landorus\n|faint|p2b: Landorus\n|\n|upkeep\n|\n|t:|1699961660\n|switch|p2b: Ogerpon|Ogerpon-Wellspring-Tera, L50, F, tera:Water|79\/100\n|-ability|p2b: Ogerpon|Embody Aspect (Wellspring)|boost\n|-boost|p2b: Ogerpon|spd|1\n|turn|5\n|\n|t:|1699961681\n|-end|p1b: Flutter Mane|Protosynthesis|[silent]\n|switch|p1b: Arcanine|Arcanine, L50, M|100\/100\n|-ability|p1b: Arcanine|Intimidate|boost\n|-unboost|p2a: Arcanine|atk|1\n|-unboost|p2b: Ogerpon|atk|1\n|move|p1a: Ogerpon|Spiky Shield|p1a: Ogerpon\n|-singleturn|p1a: Ogerpon|move: Protect\n|move|p2a: Arcanine|Extreme Speed|p1a: Ogerpon\n|-activate|p1a: Ogerpon|move: Protect\n|-damage|p2a: Arcanine|71\/100|[from] Spiky Shield|[of] p1a: Ogerpon\n|move|p2b: Ogerpon|Ivy Cudgel|p1b: Arcanine|[anim] Ivy Cudgel Water\n|-supereffective|p1b: Arcanine\n|-crit|p1b: Arcanine\n|-damage|p1b: Arcanine|0 fnt\n|faint|p1b: Arcanine\n|\n|upkeep\n|\n|t:|1699961695\n|switch|p1b: Landorus|Landorus-Therian, L50, M|100\/100\n|-ability|p1b: Landorus|Intimidate|boost\n|-unboost|p2a: Arcanine|atk|1\n|-unboost|p2b: Ogerpon|atk|1\n|turn|6\n|\n|t:|1699961713\n|move|p2a: Arcanine|Extreme Speed|p1a: Ogerpon\n|-damage|p1a: Ogerpon|0 fnt\n|faint|p1a: Ogerpon\n|move|p2b: Ogerpon|Ivy Cudgel|p1b: Landorus|[anim] Ivy Cudgel Water\n|-supereffective|p1b: Landorus\n|-damage|p1b: Landorus|25\/100\n|move|p1b: Landorus|Rock Slide|p2b: Ogerpon|[spread] p2a,p2b\n|-supereffective|p2a: Arcanine\n|-damage|p2a: Arcanine|14\/100\n|-damage|p2b: Ogerpon|58\/100\n|\n|upkeep\n|\n|t:|1699961727\n|switch|p1a: Flutter Mane|Flutter Mane, L50|58\/100\n|turn|7\n|inactive|comprestrict has 30 seconds left.\n|inactive|comprestrict has 20 seconds left.\n|inactive|comprestrict has 15 seconds left.\n|inactive|comprestrict has 10 seconds left.\n|\n|t:|1699961774\n|move|p2a: Arcanine|Extreme Speed|p1b: Landorus\n|-damage|p1b: Landorus|5\/100\n|move|p1a: Flutter Mane|Shadow Ball|p2a: Arcanine\n|-damage|p2a: Arcanine|0 fnt\n|faint|p2a: Arcanine\n|move|p2b: Ogerpon|Ivy Cudgel|p1a: Flutter Mane|[anim] Ivy Cudgel Water\n|-damage|p1a: Flutter Mane|3\/100\n|-enditem|p1a: Flutter Mane|Sitrus Berry|[eat]\n|-heal|p1a: Flutter Mane|28\/100|[from] item: Sitrus Berry\n|move|p1b: Landorus|Rock Slide|p2b: Ogerpon\n|-damage|p2b: Ogerpon|30\/100\n|\n|upkeep\n|turn|8\n|\n|t:|1699961795\n|-terastallize|p1a: Flutter Mane|Water\n|move|p1a: Flutter Mane|Shadow Ball|p2b: Ogerpon\n|-damage|p2b: Ogerpon|1\/100\n|-unboost|p2b: Ogerpon|spd|1\n|move|p2b: Ogerpon|Horn Leech|p1a: Flutter Mane\n|-supereffective|p1a: Flutter Mane\n|-damage|p1a: Flutter Mane|0 fnt\n|-heal|p2b: Ogerpon|13\/100|[from] drain|[of] p1a: Flutter Mane\n|faint|p1a: Flutter Mane\n|-end|p1a: Flutter Mane|Protosynthesis|[silent]\n|move|p1b: Landorus|Stomping Tantrum|p2b: Ogerpon\n|-damage|p2b: Ogerpon|0 fnt\n|faint|p2b: Ogerpon\n|\n|win|comprestrict\n|raw|comprestrict's rating: 1447 &rarr; <strong>1461<\/strong><br \/>(+14 for winning)\n|raw|MrMaro's rating: 1334 &rarr; <strong>1320<\/strong><br \/>(-14 for losing)\n","uploadtime":1699961816,"views":8,"p1id":"comprestrict","p2id":"mrmaro","formatid":"gen9vgc2023regulatione","rating":1320,"private":0,"password":""}