{"id":"gen9vgc2023regulatione-1993508526","p1":"Tucidides","p2":"Strin","format":"[Gen 9] VGC 2023 Regulation E","log":"|j|\u2606Tucidides\n|j|\u2606Strin\n|t:|1700326170\n|gametype|doubles\n|player|p1|Tucidides|101|1265\n|player|p2|Strin|265|1324\n|teamsize|p1|6\n|teamsize|p2|6\n|gen|9\n|tier|[Gen 9] VGC 2023 Regulation E\n|rated|\n|rule|Species Clause: Limit one of each Pok\u00e9mon\n|rule|Item Clause: Limit one of each item\n|clearpoke\n|poke|p1|Chi-Yu, L50|\n|poke|p1|Poliwrath, L50, M|\n|poke|p1|Rillaboom, L50, M|\n|poke|p1|Clefairy, L50, F|\n|poke|p1|Spectrier, L50|\n|poke|p1|Corviknight, L50, M|\n|poke|p2|Charjabug, L50, F|\n|poke|p2|Chi-Yu, L50|\n|poke|p2|Tornadus, L50, M|\n|poke|p2|Grimmsnarl, L50, M|\n|poke|p2|Urshifu-*, L50, F|\n|poke|p2|Flutter Mane, L50|\n|teampreview|4\n|inactive|Battle timer is ON: inactive players will automatically lose when time's up. (requested by Tucidides)\n|\n|t:|1700326214\n|start\n|switch|p1a: Corviknight|Corviknight, L50, M|100\/100\n|switch|p1b: Clefairy|Clefairy, L50, F|100\/100\n|switch|p2a: \u201cDon\u2019tWryBoutHim\u201d|Charjabug, L50, F, shiny|100\/100\n|switch|p2b: Her|Flutter Mane, L50|100\/100\n|turn|1\n|\n|t:|1700326231\n|-terastallize|p2b: Her|Ghost\n|move|p1b: Clefairy|Helping Hand|p1a: Corviknight\n|-singleturn|p1a: Corviknight|Helping Hand|[of] p1b: Clefairy\n|move|p2b: Her|Shadow Ball|p1a: Corviknight\n|-damage|p1a: Corviknight|30\/100\n|move|p1a: Corviknight|Iron Head|p2b: Her\n|-damage|p2b: Her|0 fnt\n|faint|p2b: Her\n|-end|p2b: Her|Protosynthesis|[silent]\n|move|p2a: \u201cDon\u2019tWryBoutHim\u201d|Sticky Web|p1b: Clefairy\n|-sidestart|p1: Tucidides|move: Sticky Web\n|\n|upkeep\n|\n|t:|1700326243\n|switch|p2b: Her goldfish|Chi-Yu, L50|100\/100\n|-ability|p2b: Her goldfish|Beads of Ruin\n|turn|2\n|\n|t:|1700326257\n|move|p2b: Her goldfish|Nasty Plot|p2b: Her goldfish\n|-boost|p2b: Her goldfish|spa|2\n|move|p1a: Corviknight|Brave Bird|p2b: Her goldfish\n|-damage|p2b: Her goldfish|29\/100\n|-damage|p1a: Corviknight|15\/100|[from] Recoil\n|move|p2a: \u201cDon\u2019tWryBoutHim\u201d|String Shot|p1b: Clefairy|[spread] p1a,p1b\n|-ability|p1a: Corviknight|Mirror Armor\n|-unboost|p2a: \u201cDon\u2019tWryBoutHim\u201d|spe|2\n|-unboost|p1b: Clefairy|spe|2\n|move|p1b: Clefairy|Heal Pulse|p1a: Corviknight\n|-heal|p1a: Corviknight|65\/100\n|\n|upkeep\n|turn|3\n|\n|t:|1700326280\n|move|p1b: Clefairy|Follow Me|p1b: Clefairy\n|-singleturn|p1b: Clefairy|move: Follow Me\n|move|p2b: Her goldfish|Heat Wave|p1b: Clefairy|[spread] p1a,p1b\n|-supereffective|p1a: Corviknight\n|-damage|p1a: Corviknight|0 fnt\n|-damage|p1b: Clefairy|0 fnt\n|faint|p1a: Corviknight\n|faint|p1b: Clefairy\n|-damage|p2b: Her goldfish|19\/100|[from] item: Life Orb\n|move|p2a: \u201cDon\u2019tWryBoutHim\u201d|Struggle Bug|p1: Corviknight|[notarget]\n|-fail|p2a: \u201cDon\u2019tWryBoutHim\u201d\n|\n|upkeep\n|\n|t:|1700326291\n|switch|p1a: Spectrier|Spectrier, L50|100\/100\n|switch|p1b: Chi-Yu|Chi-Yu, L50|100\/100\n|-activate|p1a: Spectrier|move: Sticky Web\n|-unboost|p1a: Spectrier|spe|1\n|-activate|p1b: Chi-Yu|move: Sticky Web\n|-unboost|p1b: Chi-Yu|spe|1\n|-ability|p1b: Chi-Yu|Beads of Ruin\n|turn|4\n|\n|t:|1700326310\n|move|p2b: Her goldfish|Protect|p2b: Her goldfish\n|-singleturn|p2b: Her goldfish|Protect\n|move|p1a: Spectrier|Protect|p1a: Spectrier\n|-singleturn|p1a: Spectrier|Protect\n|move|p1b: Chi-Yu|Heat Wave|p2b: Her goldfish|[spread] p2a\n|-activate|p2b: Her goldfish|move: Protect\n|-supereffective|p2a: \u201cDon\u2019tWryBoutHim\u201d\n|-damage|p2a: \u201cDon\u2019tWryBoutHim\u201d|13\/100\n|move|p2a: \u201cDon\u2019tWryBoutHim\u201d|Struggle Bug|p1a: Spectrier|[spread] p1b\n|-activate|p1a: Spectrier|move: Protect\n|-damage|p1b: Chi-Yu|91\/100\n|-unboost|p1b: Chi-Yu|spa|1\n|\n|upkeep\n|turn|5\n|\n|t:|1700326330\n|-terastallize|p1a: Spectrier|Fairy\n|move|p2b: Her goldfish|Heat Wave|p1b: Chi-Yu|[spread] p1a,p1b\n|-resisted|p1b: Chi-Yu\n|-damage|p1a: Spectrier|0 fnt\n|-damage|p1b: Chi-Yu|12\/100\n|faint|p1a: Spectrier\n|-damage|p2b: Her goldfish|9\/100|[from] item: Life Orb\n|move|p1b: Chi-Yu|Heat Wave|p2b: Her goldfish|[spread] p2a,p2b\n|-supereffective|p2a: \u201cDon\u2019tWryBoutHim\u201d\n|-resisted|p2b: Her goldfish\n|-damage|p2a: \u201cDon\u2019tWryBoutHim\u201d|0 fnt\n|-damage|p2b: Her goldfish|0 fnt\n|faint|p2a: \u201cDon\u2019tWryBoutHim\u201d\n|faint|p2b: Her goldfish\n|\n|upkeep\n|\n|t:|1700326345\n|switch|p2b: Her brother|Urshifu-Rapid-Strike, L50, F|100\/100\n|turn|6\n|-message|Tucidides forfeited.\n|\n|win|Strin\n|raw|Tucidides's rating: 1265 &rarr; <strong>1244<\/strong><br \/>(-21 for losing)\n|raw|Strin's rating: 1324 &rarr; <strong>1341<\/strong><br \/>(+17 for winning)\n|l|\u2606Tucidides\n","uploadtime":1700326449,"views":18,"p1id":"tucidides","p2id":"strin","formatid":"gen9vgc2023regulatione","rating":1244,"private":0,"password":""}