{"id":"gen9vgc2023regulatione-1996971241","p1":"BinaryBishop","p2":"Aghostdf","format":"[Gen 9] VGC 2023 Regulation E","log":"|j|\u2606BinaryBishop\n|j|\u2606Aghostdf\n|t:|1700751102\n|gametype|doubles\n|player|p1|BinaryBishop|will|1119\n|player|p2|Aghostdf|265|1106\n|teamsize|p1|6\n|teamsize|p2|6\n|gen|9\n|tier|[Gen 9] VGC 2023 Regulation E\n|rated|\n|rule|Species Clause: Limit one of each Pok\u00e9mon\n|rule|Item Clause: Limit one of each item\n|clearpoke\n|poke|p1|Wo-Chien, L50|\n|poke|p1|Salazzle, L50, F|\n|poke|p1|Grimmsnarl, L50, M|\n|poke|p1|Goodra-Hisui, L50, M|\n|poke|p1|Sinistcha, L50|\n|poke|p1|Ursaluna, L50, M|\n|poke|p2|Sinistcha, L50|\n|poke|p2|Munkidori, L50, M|\n|poke|p2|Rillaboom, L50, F|\n|poke|p2|Clefairy, L50, F|\n|poke|p2|Dondozo, L50, M|\n|poke|p2|Arbok, L50, M|\n|teampreview|4\n|inactive|Battle timer is ON: inactive players will automatically lose when time's up. (requested by BinaryBishop)\n|\n|t:|1700751122\n|start\n|switch|p1a: Wo-Chien|Wo-Chien, L50|100\/100\n|switch|p1b: Salazzle|Salazzle, L50, F|100\/100\n|switch|p2a: Munkidori|Munkidori, L50, M|100\/100\n|switch|p2b: Arbok|Arbok, L50, M|100\/100\n|-ability|p2b: Arbok|Intimidate|boost\n|-unboost|p1a: Wo-Chien|atk|1\n|-unboost|p1b: Salazzle|atk|1\n|-ability|p1a: Wo-Chien|Tablets of Ruin\n|turn|1\n|\n|t:|1700751145\n|-terastallize|p1a: Wo-Chien|Ghost\n|move|p2a: Munkidori|Fake Out|p1b: Salazzle\n|-damage|p1b: Salazzle|91\/100\n|cant|p1b: Salazzle|flinch\n|move|p2b: Arbok|Coil|p2b: Arbok\n|-boost|p2b: Arbok|atk|1\n|-boost|p2b: Arbok|def|1\n|-boost|p2b: Arbok|accuracy|1\n|move|p1a: Wo-Chien|Substitute|p1a: Wo-Chien\n|-start|p1a: Wo-Chien|Substitute\n|-damage|p1a: Wo-Chien|75\/100\n|\n|-heal|p1a: Wo-Chien|82\/100|[from] item: Leftovers\n|upkeep\n|turn|2\n|\n|t:|1700751169\n|move|p1b: Salazzle|Poison Gas|p2a: Munkidori|[spread] p2a,p2b\n|-status|p2a: Munkidori|psn\n|-status|p2b: Arbok|psn\n|move|p2a: Munkidori|Parting Shot|p1b: Salazzle\n|-unboost|p1b: Salazzle|atk|1\n|-unboost|p1b: Salazzle|spa|1\n|\n|t:|1700751177\n|switch|p2a: Rillaboom|Rillaboom, L50, F, shiny|100\/100|[from] Parting Shot\n|-fieldstart|move: Grassy Terrain|[from] ability: Grassy Surge|[of] p2a: Rillaboom\n|-enditem|p2a: Rillaboom|Grassy Seed\n|-boost|p2a: Rillaboom|def|1|[from] item: Grassy Seed\n|move|p2b: Arbok|Fire Fang|p1a: Wo-Chien\n|-activate|p1a: Wo-Chien|move: Substitute|[damage]\n|move|p1a: Wo-Chien|Leech Seed|p2b: Arbok\n|-start|p2b: Arbok|move: Leech Seed\n|\n|-heal|p1b: Salazzle|97\/100|[from] Grassy Terrain\n|-heal|p1a: Wo-Chien|88\/100|[from] Grassy Terrain\n|-heal|p1a: Wo-Chien|94\/100|[from] item: Leftovers\n|-damage|p2b: Arbok|88\/100 psn|[from] Leech Seed|[of] p1a: Wo-Chien\n|-heal|p1a: Wo-Chien|100\/100|[silent]\n|-damage|p2b: Arbok|76\/100 psn|[from] psn\n|upkeep\n|turn|3\n|\n|t:|1700751196\n|switch|p2b: Sinistcha|Sinistcha, L50, shiny|100\/100\n|move|p1b: Salazzle|Protect|p1b: Salazzle\n|-singleturn|p1b: Salazzle|Protect\n|move|p1a: Wo-Chien|Protect|p1a: Wo-Chien\n|-singleturn|p1a: Wo-Chien|Protect\n|move|p2a: Rillaboom|Fake Out|p1b: Salazzle\n|-activate|p1b: Salazzle|move: Protect\n|\n|-heal|p1b: Salazzle|100\/100|[from] Grassy Terrain\n|upkeep\n|turn|4\n|\n|t:|1700751213\n|switch|p2a: Munkidori|Munkidori, L50, M|100\/100 psn\n|move|p1b: Salazzle|Poison Gas|p2b: Sinistcha|[spread] p2a,p2b\n|-fail|p2a: Munkidori|psn\n|-status|p2b: Sinistcha|psn\n|move|p2b: Sinistcha|Nasty Plot|p2b: Sinistcha\n|-boost|p2b: Sinistcha|spa|2\n|move|p1a: Wo-Chien|Snarl|p2a: Munkidori|[spread] p2a,p2b\n|-supereffective|p2a: Munkidori\n|-supereffective|p2b: Sinistcha\n|-damage|p2a: Munkidori|77\/100 psn\n|-damage|p2b: Sinistcha|70\/100 psn\n|-unboost|p2a: Munkidori|spa|1\n|-unboost|p2b: Sinistcha|spa|1\n|\n|-heal|p2a: Munkidori|83\/100 psn|[from] Grassy Terrain\n|-heal|p2a: Munkidori|89\/100 psn|[from] item: Black Sludge\n|-heal|p2b: Sinistcha|76\/100 psn|[from] Grassy Terrain\n|-damage|p2a: Munkidori|77\/100 psn|[from] psn\n|-damage|p2b: Sinistcha|64\/100 psn|[from] psn\n|upkeep\n|turn|5\n|\n|t:|1700751234\n|move|p1b: Salazzle|Protect|p1b: Salazzle\n|-singleturn|p1b: Salazzle|Protect\n|move|p2a: Munkidori|Fake Out|p1b: Salazzle\n|-activate|p1b: Salazzle|move: Protect\n|move|p1a: Wo-Chien|Snarl|p2a: Munkidori|[spread] p2a,p2b\n|-supereffective|p2a: Munkidori\n|-supereffective|p2b: Sinistcha\n|-damage|p2a: Munkidori|54\/100 psn\n|-damage|p2b: Sinistcha|36\/100 psn\n|-unboost|p2a: Munkidori|spa|1\n|-unboost|p2b: Sinistcha|spa|1\n|move|p2b: Sinistcha|Matcha Gotcha|p1b: Salazzle|[spread] p1a\n|-activate|p1b: Salazzle|move: Protect\n|-end|p1a: Wo-Chien|Substitute\n|-heal|p2b: Sinistcha|41\/100 psn|[from] drain|[of] p1a: Wo-Chien\n|\n|-heal|p2a: Munkidori|60\/100 psn|[from] Grassy Terrain\n|-heal|p2a: Munkidori|66\/100 psn|[from] item: Black Sludge\n|-heal|p2b: Sinistcha|47\/100 psn|[from] Grassy Terrain\n|-damage|p2a: Munkidori|54\/100 psn|[from] psn\n|-damage|p2b: Sinistcha|35\/100 psn|[from] psn\n|upkeep\n|turn|6\n|inactive|BinaryBishop has 30 seconds left.\n|inactive|Aghostdf has 30 seconds left.\n|\n|t:|1700751267\n|switch|p1b: Grimmsnarl|Grimmsnarl, L50, M|100\/100\n|move|p2a: Munkidori|Parting Shot|p1a: Wo-Chien\n|-unboost|p1a: Wo-Chien|atk|1\n|-unboost|p1a: Wo-Chien|spa|1\n|\n|t:|1700751274\n|switch|p2a: Arbok|Arbok, L50, M|76\/100 psn|[from] Parting Shot\n|-ability|p2a: Arbok|Intimidate|boost\n|-unboost|p1a: Wo-Chien|atk|1\n|-unboost|p1b: Grimmsnarl|atk|1\n|move|p1a: Wo-Chien|Leech Seed|p2a: Arbok|[miss]\n|-miss|p1a: Wo-Chien|p2a: Arbok\n|move|p2b: Sinistcha|Strength Sap|p1b: Grimmsnarl\n|-unboost|p1b: Grimmsnarl|atk|1\n|-heal|p2b: Sinistcha|94\/100 psn\n|\n|-heal|p2a: Arbok|82\/100 psn|[from] Grassy Terrain\n|-heal|p2b: Sinistcha|99\/100 psn|[from] Grassy Terrain\n|-damage|p2a: Arbok|70\/100 psn|[from] psn\n|-damage|p2b: Sinistcha|88\/100 psn|[from] psn\n|-fieldend|move: Grassy Terrain\n|upkeep\n|turn|7\n|\n|t:|1700751298\n|move|p1b: Grimmsnarl|Reflect|p1b: Grimmsnarl\n|-sidestart|p1: BinaryBishop|Reflect\n|move|p2a: Arbok|Scale Shot|p1a: Wo-Chien\n|-damage|p1a: Wo-Chien|97\/100\n|-damage|p1a: Wo-Chien|94\/100\n|-damage|p1a: Wo-Chien|92\/100\n|-damage|p1a: Wo-Chien|89\/100\n|-damage|p1a: Wo-Chien|86\/100\n|-hitcount|p1a: Wo-Chien|5\n|-unboost|p2a: Arbok|def|1\n|-boost|p2a: Arbok|spe|1\n|move|p1a: Wo-Chien|Leech Seed|p2a: Arbok\n|-start|p2a: Arbok|move: Leech Seed\n|move|p2b: Sinistcha|Nasty Plot|p2b: Sinistcha\n|-boost|p2b: Sinistcha|spa|2\n|\n|-heal|p1a: Wo-Chien|92\/100|[from] item: Leftovers\n|-damage|p2a: Arbok|57\/100 psn|[from] Leech Seed|[of] p1a: Wo-Chien\n|-heal|p1a: Wo-Chien|100\/100|[silent]\n|-damage|p2a: Arbok|45\/100 psn|[from] psn\n|-damage|p2b: Sinistcha|76\/100 psn|[from] psn\n|upkeep\n|turn|8\n|\n|t:|1700751317\n|move|p1b: Grimmsnarl|Light Screen|p1b: Grimmsnarl\n|-sidestart|p1: BinaryBishop|move: Light Screen\n|move|p2a: Arbok|Fire Fang|p1a: Wo-Chien\n|-damage|p1a: Wo-Chien|94\/100\n|move|p1a: Wo-Chien|Substitute|p1a: Wo-Chien\n|-start|p1a: Wo-Chien|Substitute\n|-damage|p1a: Wo-Chien|69\/100\n|move|p2b: Sinistcha|Matcha Gotcha|p1a: Wo-Chien|[spread] p1a,p1b\n|-end|p1a: Wo-Chien|Substitute\n|-heal|p2b: Sinistcha|91\/100 psn|[from] drain|[of] p1a: Wo-Chien\n|-damage|p1b: Grimmsnarl|55\/100\n|-heal|p2b: Sinistcha|100\/100 psn|[from] drain|[of] p1b: Grimmsnarl\n|-status|p1b: Grimmsnarl|brn\n|\n|-heal|p1a: Wo-Chien|75\/100|[from] item: Leftovers\n|-damage|p2a: Arbok|33\/100 psn|[from] Leech Seed|[of] p1a: Wo-Chien\n|-heal|p1a: Wo-Chien|84\/100|[silent]\n|-damage|p2a: Arbok|21\/100 psn|[from] psn\n|-damage|p2b: Sinistcha|88\/100 psn|[from] psn\n|-damage|p1b: Grimmsnarl|50\/100 brn|[from] brn\n|upkeep\n|turn|9\n|inactive|BinaryBishop has 30 seconds left.\n|inactive|BinaryBishop has 20 seconds left.\n|\n|t:|1700751356\n|move|p1b: Grimmsnarl|Parting Shot|p2b: Sinistcha\n|-unboost|p2b: Sinistcha|atk|1\n|-unboost|p2b: Sinistcha|spa|1\n|\n|t:|1700751361\n|switch|p1b: Salazzle|Salazzle, L50, F|100\/100|[from] Parting Shot\n|move|p2a: Arbok|Scale Shot|p1a: Wo-Chien\n|-damage|p1a: Wo-Chien|81\/100\n|-damage|p1a: Wo-Chien|78\/100\n|-damage|p1a: Wo-Chien|75\/100\n|-damage|p1a: Wo-Chien|72\/100\n|-damage|p1a: Wo-Chien|69\/100\n|-hitcount|p1a: Wo-Chien|5\n|-unboost|p2a: Arbok|def|1\n|-boost|p2a: Arbok|spe|1\n|move|p2b: Sinistcha|Matcha Gotcha|p1b: Salazzle|[spread] p1a,p1b\n|-resisted|p1b: Salazzle\n|-damage|p1a: Wo-Chien|44\/100\n|-heal|p2b: Sinistcha|100\/100 psn|[from] drain|[of] p1a: Wo-Chien\n|-damage|p1b: Salazzle|82\/100\n|move|p1a: Wo-Chien|Snarl|p2b: Sinistcha|[spread] p2a,p2b\n|-supereffective|p2b: Sinistcha\n|-damage|p2a: Arbok|6\/100 psn\n|-damage|p2b: Sinistcha|82\/100 psn\n|-unboost|p2a: Arbok|spa|1\n|-unboost|p2b: Sinistcha|spa|1\n|\n|-heal|p1a: Wo-Chien|50\/100|[from] item: Leftovers\n|-damage|p2a: Arbok|0 fnt|[from] Leech Seed|[of] p1a: Wo-Chien\n|-heal|p1a: Wo-Chien|54\/100|[silent]\n|faint|p2a: Arbok\n|-damage|p2b: Sinistcha|69\/100 psn|[from] psn\n|upkeep\n|\n|t:|1700751384\n|switch|p2a: Rillaboom|Rillaboom, L50, F, shiny|100\/100\n|-fieldstart|move: Grassy Terrain|[from] ability: Grassy Surge|[of] p2a: Rillaboom\n|turn|10\n|\n|t:|1700751400\n|move|p1b: Salazzle|Protect|p1b: Salazzle\n|-singleturn|p1b: Salazzle|Protect\n|move|p2a: Rillaboom|Fake Out|p1b: Salazzle\n|-activate|p1b: Salazzle|move: Protect\n|move|p2b: Sinistcha|Nasty Plot|p2b: Sinistcha\n|-boost|p2b: Sinistcha|spa|2\n|move|p1a: Wo-Chien|Snarl|p2b: Sinistcha|[spread] p2a,p2b\n|-crit|p2a: Rillaboom\n|-supereffective|p2b: Sinistcha\n|-damage|p2a: Rillaboom|81\/100\n|-damage|p2b: Sinistcha|50\/100 psn\n|-unboost|p2a: Rillaboom|spa|1\n|-unboost|p2b: Sinistcha|spa|1\n|\n|-heal|p1b: Salazzle|88\/100|[from] Grassy Terrain\n|-heal|p2a: Rillaboom|87\/100|[from] Grassy Terrain\n|-heal|p1a: Wo-Chien|60\/100|[from] Grassy Terrain\n|-heal|p2b: Sinistcha|56\/100 psn|[from] Grassy Terrain\n|-heal|p1a: Wo-Chien|66\/100|[from] item: Leftovers\n|-damage|p2b: Sinistcha|44\/100 psn|[from] psn\n|upkeep\n|turn|11\n|\n|t:|1700751421\n|-terastallize|p2b: Sinistcha|Fire\n|move|p2a: Rillaboom|Protect|p2a: Rillaboom\n|-singleturn|p2a: Rillaboom|Protect\n|move|p1a: Wo-Chien|Protect|p1a: Wo-Chien\n|-singleturn|p1a: Wo-Chien|Protect\n|move|p1b: Salazzle|Poison Gas|p2b: Sinistcha|[spread] \n|-activate|p2a: Rillaboom|move: Protect\n|-fail|p2b: Sinistcha|psn\n|move|p2b: Sinistcha|Matcha Gotcha|p1b: Salazzle|[spread] p1b\n|-activate|p1a: Wo-Chien|move: Protect\n|-resisted|p1b: Salazzle\n|-damage|p1b: Salazzle|68\/100\n|-heal|p2b: Sinistcha|54\/100 psn|[from] drain|[of] p1b: Salazzle\n|\n|-heal|p1b: Salazzle|73\/100|[from] Grassy Terrain\n|-heal|p2a: Rillaboom|93\/100|[from] Grassy Terrain\n|-heal|p1a: Wo-Chien|72\/100|[from] Grassy Terrain\n|-heal|p2b: Sinistcha|59\/100 psn|[from] Grassy Terrain\n|-heal|p1a: Wo-Chien|79\/100|[from] item: Leftovers\n|-damage|p2b: Sinistcha|47\/100 psn|[from] psn\n|upkeep\n|turn|12\n|\n|t:|1700751446\n|move|p1b: Salazzle|Poison Gas|p2b: Sinistcha|[spread] p2a,p2b\n|-status|p2a: Rillaboom|psn\n|-fail|p2b: Sinistcha|psn\n|move|p2a: Rillaboom|Drum Beating|p1a: Wo-Chien\n|-damage|p1a: Wo-Chien|58\/100\n|-unboost|p1a: Wo-Chien|spe|1\n|move|p2b: Sinistcha|Matcha Gotcha|p1b: Salazzle|[spread] p1b\n|-miss|p2b: Sinistcha|p1a: Wo-Chien\n|-resisted|p1b: Salazzle\n|-damage|p1b: Salazzle|52\/100\n|-heal|p2b: Sinistcha|57\/100 psn|[from] drain|[of] p1b: Salazzle\n|move|p1a: Wo-Chien|Leech Seed|p2b: Sinistcha\n|-start|p2b: Sinistcha|move: Leech Seed\n|\n|-heal|p1b: Salazzle|58\/100|[from] Grassy Terrain\n|-heal|p2a: Rillaboom|98\/100 psn|[from] Grassy Terrain\n|-heal|p2b: Sinistcha|63\/100 psn|[from] Grassy Terrain\n|-heal|p1a: Wo-Chien|65\/100|[from] Grassy Terrain\n|-heal|p1a: Wo-Chien|71\/100|[from] item: Leftovers\n|-damage|p2b: Sinistcha|50\/100 psn|[from] Leech Seed|[of] p1a: Wo-Chien\n|-heal|p1a: Wo-Chien|81\/100|[silent]\n|-damage|p2a: Rillaboom|86\/100 psn|[from] psn\n|-damage|p2b: Sinistcha|38\/100 psn|[from] psn\n|upkeep\n|turn|13\n|inactive|BinaryBishop has 30 seconds left.\n|\n|t:|1700751475\n|move|p1a: Wo-Chien|Protect|p1a: Wo-Chien\n|-singleturn|p1a: Wo-Chien|Protect\n|move|p1b: Salazzle|Overheat|p2a: Rillaboom\n|-supereffective|p2a: Rillaboom\n|-damage|p2a: Rillaboom|0 fnt\n|-unboost|p1b: Salazzle|spa|2\n|faint|p2a: Rillaboom\n|move|p2b: Sinistcha|Strength Sap|p1b: Salazzle\n|-unboost|p1b: Salazzle|atk|1\n|-heal|p2b: Sinistcha|86\/100 psn\n|\n|-heal|p1b: Salazzle|63\/100|[from] Grassy Terrain\n|-heal|p2b: Sinistcha|92\/100 psn|[from] Grassy Terrain\n|-heal|p1a: Wo-Chien|87\/100|[from] Grassy Terrain\n|-heal|p1a: Wo-Chien|93\/100|[from] item: Leftovers\n|-damage|p2b: Sinistcha|80\/100 psn|[from] Leech Seed|[of] p1a: Wo-Chien\n|-heal|p1a: Wo-Chien|100\/100|[silent]\n|-damage|p2b: Sinistcha|68\/100 psn|[from] psn\n|upkeep\n|\n|t:|1700751486\n|switch|p2a: Munkidori|Munkidori, L50, M|54\/100 psn\n|turn|14\n|\n|t:|1700751494\n|switch|p1b: Sinistcha|Sinistcha, L50|100\/100\n|move|p2a: Munkidori|Sludge Bomb|p1a: Wo-Chien\n|-resisted|p1a: Wo-Chien\n|-damage|p1a: Wo-Chien|91\/100\n|-status|p1a: Wo-Chien|tox|[from] ability: Toxic Chain|[of] p2a: Munkidori\n|move|p2b: Sinistcha|Matcha Gotcha|p1b: Sinistcha|[spread] p1a,p1b\n|-resisted|p1b: Sinistcha\n|-damage|p1a: Wo-Chien|59\/100 tox\n|-heal|p2b: Sinistcha|87\/100 psn|[from] drain|[of] p1a: Wo-Chien\n|-damage|p1b: Sinistcha|78\/100\n|-heal|p2b: Sinistcha|99\/100 psn|[from] drain|[of] p1b: Sinistcha\n|-status|p1b: Sinistcha|brn\n|move|p1a: Wo-Chien|Leech Seed|p2a: Munkidori\n|-start|p2a: Munkidori|move: Leech Seed\n|\n|-heal|p2a: Munkidori|60\/100 psn|[from] Grassy Terrain\n|-heal|p2a: Munkidori|66\/100 psn|[from] item: Black Sludge\n|-heal|p1b: Sinistcha|84\/100 brn|[from] Grassy Terrain\n|-heal|p2b: Sinistcha|100\/100 psn|[from] Grassy Terrain\n|-heal|p1a: Wo-Chien|65\/100 tox|[from] Grassy Terrain\n|-heal|p1a: Wo-Chien|71\/100 tox|[from] item: Leftovers\n|-damage|p2a: Munkidori|54\/100 psn|[from] Leech Seed|[of] p1a: Wo-Chien\n|-heal|p1a: Wo-Chien|82\/100 tox|[silent]\n|-damage|p2b: Sinistcha|88\/100 psn|[from] Leech Seed|[of] p1a: Wo-Chien\n|-heal|p1a: Wo-Chien|92\/100 tox|[silent]\n|-damage|p2a: Munkidori|42\/100 psn|[from] psn\n|-damage|p2b: Sinistcha|76\/100 psn|[from] psn\n|-damage|p1a: Wo-Chien|85\/100 tox|[from] psn\n|-damage|p1b: Sinistcha|78\/100 brn|[from] brn\n|-sideend|p1: BinaryBishop|Reflect\n|-fieldend|move: Grassy Terrain\n|upkeep\n|turn|15\n|inactive|BinaryBishop has 30 seconds left.\n|\n|t:|1700751523\n|move|p2a: Munkidori|Helping Hand|p2b: Sinistcha\n|-singleturn|p2b: Sinistcha|Helping Hand|[of] p2a: Munkidori\n|move|p1a: Wo-Chien|Protect|p1a: Wo-Chien\n|-singleturn|p1a: Wo-Chien|Protect\n|move|p2b: Sinistcha|Matcha Gotcha|p1a: Wo-Chien|[spread] p1b\n|-activate|p1a: Wo-Chien|move: Protect\n|-resisted|p1b: Sinistcha\n|-damage|p1b: Sinistcha|49\/100 brn\n|-heal|p2b: Sinistcha|93\/100 psn|[from] drain|[of] p1b: Sinistcha\n|move|p1b: Sinistcha|Trick Room|p1b: Sinistcha\n|-fieldstart|move: Trick Room|[of] p1b: Sinistcha\n|\n|-heal|p1a: Wo-Chien|92\/100 tox|[from] item: Leftovers\n|-heal|p2a: Munkidori|48\/100 psn|[from] item: Black Sludge\n|-damage|p2b: Sinistcha|81\/100 psn|[from] Leech Seed|[of] p1a: Wo-Chien\n|-heal|p1a: Wo-Chien|100\/100 tox|[silent]\n|-damage|p2a: Munkidori|35\/100 psn|[from] Leech Seed|[of] p1a: Wo-Chien\n|-damage|p1a: Wo-Chien|88\/100 tox|[from] psn\n|-damage|p2b: Sinistcha|69\/100 psn|[from] psn\n|-damage|p2a: Munkidori|23\/100 psn|[from] psn\n|-damage|p1b: Sinistcha|43\/100 brn|[from] brn\n|-sideend|p1: BinaryBishop|move: Light Screen\n|upkeep\n|turn|16\n|\n|t:|1700751540\n|move|p2a: Munkidori|Helping Hand|p2b: Sinistcha\n|-singleturn|p2b: Sinistcha|Helping Hand|[of] p2a: Munkidori\n|move|p1a: Wo-Chien|Snarl|p2b: Sinistcha|[spread] p2a,p2b\n|-supereffective|p2a: Munkidori\n|-damage|p2a: Munkidori|7\/100 psn\n|-damage|p2b: Sinistcha|59\/100 psn\n|-unboost|p2a: Munkidori|spa|1\n|-unboost|p2b: Sinistcha|spa|1\n|move|p2b: Sinistcha|Matcha Gotcha|p1b: Sinistcha|[spread] p1a,p1b\n|-resisted|p1b: Sinistcha\n|-damage|p1a: Wo-Chien|49\/100 tox\n|-heal|p2b: Sinistcha|83\/100 psn|[from] drain|[of] p1a: Wo-Chien\n|-damage|p1b: Sinistcha|16\/100 brn\n|-heal|p2b: Sinistcha|98\/100 psn|[from] drain|[of] p1b: Sinistcha\n|move|p1b: Sinistcha|Life Dew|p1b: Sinistcha|[spread] p1a,p1b\n|-heal|p1a: Wo-Chien|74\/100 tox\n|-heal|p1b: Sinistcha|42\/100 brn\n|\n|-heal|p1a: Wo-Chien|80\/100 tox|[from] item: Leftovers\n|-heal|p2a: Munkidori|13\/100 psn|[from] item: Black Sludge\n|-damage|p2b: Sinistcha|86\/100 psn|[from] Leech Seed|[of] p1a: Wo-Chien\n|-heal|p1a: Wo-Chien|90\/100 tox|[silent]\n|-damage|p2a: Munkidori|1\/100 psn|[from] Leech Seed|[of] p1a: Wo-Chien\n|-heal|p1a: Wo-Chien|100\/100 tox|[silent]\n|-damage|p1a: Wo-Chien|82\/100 tox|[from] psn\n|-damage|p2b: Sinistcha|74\/100 psn|[from] psn\n|-damage|p2a: Munkidori|0 fnt|[from] psn\n|faint|p2a: Munkidori\n|-damage|p1b: Sinistcha|35\/100 brn|[from] brn\n|upkeep\n|turn|17\n|inactive|BinaryBishop has 30 seconds left.\n|\n|t:|1700751572\n|move|p1a: Wo-Chien|Snarl|p2b: Sinistcha|[miss]\n|-miss|p1a: Wo-Chien|p2b: Sinistcha\n|move|p2b: Sinistcha|Matcha Gotcha|p1a: Wo-Chien|[spread] p1a,p1b\n|-resisted|p1b: Sinistcha\n|-damage|p1a: Wo-Chien|57\/100 tox\n|-heal|p2b: Sinistcha|89\/100 psn|[from] drain|[of] p1a: Wo-Chien\n|-damage|p1b: Sinistcha|17\/100 brn\n|-heal|p2b: Sinistcha|99\/100 psn|[from] drain|[of] p1b: Sinistcha\n|move|p1b: Sinistcha|Life Dew|p1b: Sinistcha|[spread] p1a,p1b\n|-heal|p1a: Wo-Chien|82\/100 tox\n|-heal|p1b: Sinistcha|42\/100 brn\n|\n|-heal|p1a: Wo-Chien|88\/100 tox|[from] item: Leftovers\n|-damage|p2b: Sinistcha|88\/100 psn|[from] Leech Seed|[of] p1a: Wo-Chien\n|-heal|p1a: Wo-Chien|98\/100 tox|[silent]\n|-damage|p1a: Wo-Chien|73\/100 tox|[from] psn\n|-damage|p2b: Sinistcha|76\/100 psn|[from] psn\n|-damage|p1b: Sinistcha|36\/100 brn|[from] brn\n|upkeep\n|turn|18\n|inactive|Aghostdf has 30 seconds left.\n|\n|t:|1700751597\n|move|p2b: Sinistcha|Protect|p2b: Sinistcha\n|-singleturn|p2b: Sinistcha|Protect\n|move|p1a: Wo-Chien|Snarl|p2b: Sinistcha\n|-activate|p2b: Sinistcha|move: Protect\n|move|p1b: Sinistcha|Life Dew|p1b: Sinistcha|[spread] p1a,p1b\n|-heal|p1a: Wo-Chien|98\/100 tox\n|-heal|p1b: Sinistcha|61\/100 brn\n|\n|-heal|p1a: Wo-Chien|100\/100 tox|[from] item: Leftovers\n|-damage|p2b: Sinistcha|64\/100 psn|[from] Leech Seed|[of] p1a: Wo-Chien\n|-damage|p1a: Wo-Chien|69\/100 tox|[from] psn\n|-damage|p2b: Sinistcha|52\/100 psn|[from] psn\n|-damage|p1b: Sinistcha|55\/100 brn|[from] brn\n|upkeep\n|turn|19\n|\n|t:|1700751607\n|move|p1a: Wo-Chien|Snarl|p2b: Sinistcha\n|-damage|p2b: Sinistcha|38\/100 psn\n|-unboost|p2b: Sinistcha|spa|1\n|move|p2b: Sinistcha|Matcha Gotcha|p1b: Sinistcha|[spread] p1a,p1b\n|-resisted|p1b: Sinistcha\n|-damage|p1a: Wo-Chien|50\/100 tox\n|-heal|p2b: Sinistcha|50\/100 psn|[from] drain|[of] p1a: Wo-Chien\n|-damage|p1b: Sinistcha|42\/100 brn\n|-heal|p2b: Sinistcha|57\/100 psn|[from] drain|[of] p1b: Sinistcha\n|move|p1b: Sinistcha|Life Dew|p1b: Sinistcha|[spread] p1a,p1b\n|-heal|p1a: Wo-Chien|75\/100 tox\n|-heal|p1b: Sinistcha|67\/100 brn\n|\n|-heal|p1a: Wo-Chien|82\/100 tox|[from] item: Leftovers\n|-damage|p2b: Sinistcha|45\/100 psn|[from] Leech Seed|[of] p1a: Wo-Chien\n|-heal|p1a: Wo-Chien|92\/100 tox|[silent]\n|-damage|p1a: Wo-Chien|54\/100 tox|[from] psn\n|-damage|p2b: Sinistcha|33\/100 psn|[from] psn\n|-damage|p1b: Sinistcha|61\/100 brn|[from] brn\n|-fieldend|move: Trick Room\n|upkeep\n|turn|20\n|inactive|BinaryBishop has 30 seconds left.\n|\n|t:|1700751634\n|move|p1b: Sinistcha|Life Dew|p1b: Sinistcha|[spread] p1a,p1b\n|-heal|p1a: Wo-Chien|79\/100 tox\n|-heal|p1b: Sinistcha|86\/100 brn\n|move|p2b: Sinistcha|Nasty Plot|p2b: Sinistcha\n|-boost|p2b: Sinistcha|spa|2\n|move|p1a: Wo-Chien|Snarl|p2b: Sinistcha\n|-crit|p2b: Sinistcha\n|-damage|p2b: Sinistcha|5\/100 psn\n|-unboost|p2b: Sinistcha|spa|1\n|\n|-heal|p1a: Wo-Chien|85\/100 tox|[from] item: Leftovers\n|-damage|p2b: Sinistcha|0 fnt|[from] Leech Seed|[of] p1a: Wo-Chien\n|-heal|p1a: Wo-Chien|89\/100 tox|[silent]\n|faint|p2b: Sinistcha\n|\n|win|BinaryBishop\n|upkeep\n|raw|BinaryBishop's rating: 1119 &rarr; <strong>1143<\/strong><br \/>(+24 for winning)\n|raw|Aghostdf's rating: 1106 &rarr; <strong>1082<\/strong><br \/>(-24 for losing)\n|l|\u2606Aghostdf\n","uploadtime":1700751649,"views":0,"p1id":"binarybishop","p2id":"aghostdf","formatid":"gen9vgc2023regulatione","rating":1082,"private":0,"password":""}