{"id":"gen9vgc2023regulatione-1996430025","p1":"The Carkol Rider","p2":"LogIce","format":"[Gen 9] VGC 2023 Regulation E","log":"|j|\u2606The Carkol Rider\n|j|\u2606LogIce\n|n|\u2606The Carkol Rider|thecarkolrider\n|n|\u2606LogIce|logice\n|html|View the match progress at <a href=\"\/game-bestof3-gen9vgc2023regulatione-1996430024\">game-bestof3-gen9vgc2023regulatione-1996430024<\/a>\n|t:|1700681235\n|gametype|doubles\n|player|p1|The Carkol Rider|grimsley|\n|player|p2|LogIce|giovanni-masters|\n|teamsize|p1|6\n|teamsize|p2|6\n|gen|9\n|tier|[Gen 9] VGC 2023 Regulation E\n|rule|Species Clause: Limit one of each Pok\u00e9mon\n|rule|Item Clause: Limit one of each item\n|clearpoke\n|poke|p1|Urshifu-*, L50, F|\n|poke|p1|Roaring Moon, L50|\n|poke|p1|Arcanine-Hisui, L50, F|\n|poke|p1|Gholdengo, L50|\n|poke|p1|Poltchageist, L50|\n|poke|p1|Landorus-Therian, L50, M|\n|poke|p2|Chien-Pao, L50|\n|poke|p2|Dragonite, L50, F|\n|poke|p2|Jumpluff, L50, F|\n|poke|p2|Sneasler, L50, F|\n|poke|p2|Azumarill, L50, F|\n|poke|p2|Thwackey, L50, F|\n|teampreview|4\n|inactive|Battle timer is ON: inactive players will automatically lose when time's up. (requested by LogIce)\n|inactiveoff|Battle timer is now OFF.\n|c|\u2606The Carkol Rider|glhf\nThe Carkol Rider rejected open team sheets.\n|c|\u2606LogIce|glhf\n|\n|t:|1700681319\n|start\n|switch|p1a: Roaring Moon|Roaring Moon, L50|100\/100\n|switch|p1b: Landorus|Landorus-Therian, L50, M|100\/100\n|switch|p2a: Jumpluff|Jumpluff, L50, F|100\/100\n|switch|p2b: Azumarill|Azumarill, L50, F|100\/100\n|-ability|p1b: Landorus|Intimidate|boost\n|-unboost|p2a: Jumpluff|atk|1\n|-unboost|p2b: Azumarill|atk|1\n|-enditem|p1a: Roaring Moon|Booster Energy\n|-activate|p1a: Roaring Moon|ability: Protosynthesis|[fromitem]\n|-start|p1a: Roaring Moon|protosynthesisspe\n|turn|1\n|\n|t:|1700681338\n|move|p1a: Roaring Moon|Acrobatics|p2a: Jumpluff\n|-supereffective|p2a: Jumpluff\n|-damage|p2a: Jumpluff|8\/100\n|-damage|p1a: Roaring Moon|84\/100|[from] item: Rocky Helmet|[of] p2a: Jumpluff\n|move|p2a: Jumpluff|Sleep Powder|p1a: Roaring Moon|[miss]\n|-miss|p2a: Jumpluff|p1a: Roaring Moon\n|move|p1b: Landorus|Rock Slide|p2b: Azumarill|[spread] p2a,p2b\n|-supereffective|p2a: Jumpluff\n|-damage|p2a: Jumpluff|0 fnt\n|-damage|p2b: Azumarill|78\/100\n|faint|p2a: Jumpluff\n|cant|p2b: Azumarill|flinch\n|\n|upkeep\n|c|\u2606LogIce|well\n|c|\u2606LogIce|that stinks\n|c|\u2606The Carkol Rider|sorry bout that\n|\n|t:|1700681360\n|switch|p2a: Thwackey|Thwackey, L50, F|100\/100\n|-fieldstart|move: Grassy Terrain|[from] ability: Grassy Surge|[of] p2a: Thwackey\n|turn|2\n|\n|t:|1700681369\n|move|p1a: Roaring Moon|Protect|p1a: Roaring Moon\n|-singleturn|p1a: Roaring Moon|Protect\n|move|p2a: Thwackey|Fake Out|p1a: Roaring Moon\n|-activate|p1a: Roaring Moon|move: Protect\n|move|p1b: Landorus|U-turn|p2a: Thwackey\n|-supereffective|p2a: Thwackey\n|-damage|p2a: Thwackey|49\/100\n|\n|t:|1700681382\n|switch|p1b: Arcanine|Arcanine-Hisui, L50, F|100\/100|[from] U-turn\n|-ability|p1b: Arcanine|Intimidate|boost\n|-unboost|p2a: Thwackey|atk|1\n|-unboost|p2b: Azumarill|atk|1\n|move|p2b: Azumarill|Belly Drum|p2b: Azumarill\n|-damage|p2b: Azumarill|28\/100\n|-setboost|p2b: Azumarill|atk|6|[from] move: Belly Drum\n|-enditem|p2b: Azumarill|Sitrus Berry|[eat]\n|-heal|p2b: Azumarill|53\/100|[from] item: Sitrus Berry\n|\n|-heal|p1a: Roaring Moon|90\/100|[from] Grassy Terrain\n|-heal|p2a: Thwackey|55\/100|[from] Grassy Terrain\n|-heal|p2b: Azumarill|59\/100|[from] Grassy Terrain\n|upkeep\n|turn|3\n|\n|t:|1700681399\n|switch|p2a: Sneasler|Sneasler, L50, F|100\/100\n|-enditem|p2a: Sneasler|Grassy Seed\n|-boost|p2a: Sneasler|def|1|[from] item: Grassy Seed\n|-terastallize|p1a: Roaring Moon|Steel\n|-terastallize|p2b: Azumarill|Water\n|move|p1b: Arcanine|Extreme Speed|p2b: Azumarill\n|-damage|p2b: Azumarill|27\/100\n|move|p2b: Azumarill|Aqua Jet|p1b: Arcanine\n|-supereffective|p1b: Arcanine\n|-enditem|p1b: Arcanine|Focus Sash\n|-damage|p1b: Arcanine|1\/100\n|move|p1a: Roaring Moon|Acrobatics|p2b: Azumarill\n|-damage|p2b: Azumarill|0 fnt\n|faint|p2b: Azumarill\n|\n|-heal|p1a: Roaring Moon|96\/100|[from] Grassy Terrain\n|-heal|p1b: Arcanine|7\/100|[from] Grassy Terrain\n|upkeep\n|\n|t:|1700681414\n|switch|p2b: Thwackey|Thwackey, L50, F|55\/100\n|turn|4\n|\n|t:|1700681433\n|switch|p1b: Landorus|Landorus-Therian, L50, M|100\/100\n|-ability|p1b: Landorus|Intimidate|boost\n|-unboost|p2a: Sneasler|atk|1\n|-unboost|p2b: Thwackey|atk|1\n|move|p1a: Roaring Moon|Protect|p1a: Roaring Moon\n|-singleturn|p1a: Roaring Moon|Protect\n|move|p2b: Thwackey|Fake Out|p1b: Landorus\n|-damage|p1b: Landorus|92\/100\n|move|p2a: Sneasler|Close Combat|p1a: Roaring Moon\n|-activate|p1a: Roaring Moon|move: Protect\n|\n|-heal|p1a: Roaring Moon|100\/100|[from] Grassy Terrain\n|-heal|p2b: Thwackey|61\/100|[from] Grassy Terrain\n|upkeep\n|turn|5\n|\n|t:|1700681449\n|-end|p1a: Roaring Moon|Protosynthesis|[silent]\n|switch|p1a: Arcanine|Arcanine-Hisui, L50, F|7\/100\n|-ability|p1a: Arcanine|Intimidate|boost\n|-unboost|p2a: Sneasler|atk|1\n|-unboost|p2b: Thwackey|atk|1\n|move|p2b: Thwackey|Grassy Glide|p1b: Landorus\n|-damage|p1b: Landorus|75\/100\n|move|p2a: Sneasler|Close Combat|p1a: Arcanine\n|-supereffective|p1a: Arcanine\n|-damage|p1a: Arcanine|0 fnt\n|-unboost|p2a: Sneasler|def|1\n|-unboost|p2a: Sneasler|spd|1\n|faint|p1a: Arcanine\n|move|p1b: Landorus|Stomping Tantrum|p2a: Sneasler\n|-supereffective|p2a: Sneasler\n|-damage|p2a: Sneasler|0 fnt\n|faint|p2a: Sneasler\n|\n|-heal|p2b: Thwackey|67\/100|[from] Grassy Terrain\n|upkeep\n|\n|t:|1700681457\n|switch|p1a: Roaring Moon|Roaring Moon, L50, tera:Steel|100\/100\n|turn|6\n|c|\u2606LogIce|gg\n|\n|t:|1700681462\n|move|p2b: Thwackey|Grassy Glide|p1b: Landorus\n|-damage|p1b: Landorus|55\/100\n|move|p1a: Roaring Moon|Acrobatics|p2b: Thwackey\n|-supereffective|p2b: Thwackey\n|-damage|p2b: Thwackey|0 fnt\n|faint|p2b: Thwackey\n|\n|win|The Carkol Rider\n|c|\u2606The Carkol Rider|gg\n|c|&|\/uhtml prompt-logice,LogIce is ready for game 2!\n|c|&|\/uhtml prompt-thecarkolrider,The Carkol Rider is ready for game 2!\nBoth players are ready! Starting next match!\n|l|\u2606LogIce\n","uploadtime":1700681679,"views":7,"p1id":"thecarkolrider","p2id":"logice","formatid":"gen9vgc2023regulatione","rating":0,"private":0,"password":""}