{"id":"gen9vgc2023regulatione-1991027655","p1":"hjgklm3k","p2":"Rusho M.M.R.K.L.A","format":"[Gen 9] VGC 2023 Regulation E","log":"|j|\u2606hjgklm3k\n|j|\u2606Rusho M.M.R.K.L.A\n|t:|1700030536\n|gametype|doubles\n|player|p1|hjgklm3k|101|1312\n|player|p2|Rusho M.M.R.K.L.A|1|1407\n|teamsize|p1|6\n|teamsize|p2|6\n|gen|9\n|tier|[Gen 9] VGC 2023 Regulation E\n|rated|\n|rule|Species Clause: Limit one of each Pok\u00e9mon\n|rule|Item Clause: Limit one of each item\n|clearpoke\n|poke|p1|Tornadus, L50, M|\n|poke|p1|Ogerpon-Hearthflame, L50, F|\n|poke|p1|Flutter Mane, L50|\n|poke|p1|Dragonite, L50, M|\n|poke|p1|Chi-Yu, L50|\n|poke|p1|Iron Bundle, L50|\n|poke|p2|Weezing, L50, M|\n|poke|p2|Landorus-Therian, L50, M|\n|poke|p2|Ogerpon-Hearthflame, L50, F|\n|poke|p2|Iron Hands, L50|\n|poke|p2|Milotic, L50, F|\n|poke|p2|Urshifu-*, L50, M|\n|teampreview|4\n|\n|t:|1700030573\n|start\n|switch|p1a: Tornadus|Tornadus, L50, M|100\/100\n|switch|p1b: Flutter Mane|Flutter Mane, L50|100\/100\n|switch|p2a: Weezing|Weezing, L50, M|100\/100\n|switch|p2b: Landorus|Landorus-Therian, L50, M|100\/100\n|-ability|p2a: Weezing|Neutralizing Gas\n|-block|p2b: Landorus|item: Ability Shield\n|-ability|p2b: Landorus|Intimidate|boost\n|-unboost|p1a: Tornadus|atk|1\n|-unboost|p1b: Flutter Mane|atk|1\n|turn|1\n|\n|t:|1700030610\n|-terastallize|p2b: Landorus|Flying\n|move|p1b: Flutter Mane|Moonblast|p2b: Landorus\n|-damage|p2b: Landorus|29\/100\n|move|p1a: Tornadus|Icy Wind|p2a: Weezing|[spread] p2a,p2b\n|-supereffective|p2b: Landorus\n|-crit|p2b: Landorus\n|-damage|p2a: Weezing|88\/100\n|-damage|p2b: Landorus|0 fnt\n|-unboost|p2a: Weezing|spe|1\n|faint|p2b: Landorus\n|move|p2a: Weezing|Pain Split|p1a: Tornadus\n|-sethp|p1a: Tornadus|93\/100|[from] move: Pain Split|[silent]\n|-sethp|p2a: Weezing|95\/100|[from] move: Pain Split\n|\n|upkeep\n|\n|t:|1700030624\n|switch|p2b: Iron Hands|Iron Hands, L50|100\/100\n|turn|2\n|\n|t:|1700030669\n|-end|p1b: Flutter Mane|Protosynthesis|[silent]\n|switch|p1b: Dragonite|Dragonite, L50, M|100\/100\n|-end|p2a: Weezing|ability: Neutralizing Gas\n|switch|p2a: Ogerpon|Ogerpon-Hearthflame, L50, F|100\/100\n|-ability|p2a: Ogerpon|Mold Breaker\n|move|p1a: Tornadus|Taunt|p2a: Ogerpon\n|-start|p2a: Ogerpon|move: Taunt\n|move|p2b: Iron Hands|Heavy Slam|p1b: Dragonite\n|-damage|p1b: Dragonite|86\/100\n|\n|upkeep\n|turn|3\n|\n|t:|1700030714\n|switch|p2a: Weezing|Weezing, L50, M|95\/100\n|-ability|p2a: Weezing|Neutralizing Gas\n|move|p1b: Dragonite|Extreme Speed|p2b: Iron Hands\n|-damage|p2b: Iron Hands|72\/100\n|move|p1a: Tornadus|Icy Wind|p2a: Weezing|[spread] p2a,p2b\n|-damage|p2a: Weezing|82\/100\n|-damage|p2b: Iron Hands|66\/100\n|-unboost|p2a: Weezing|spe|1\n|-unboost|p2b: Iron Hands|spe|1\n|move|p2b: Iron Hands|Wild Charge|p1a: Tornadus\n|-supereffective|p1a: Tornadus\n|-damage|p1a: Tornadus|0 fnt\n|-damage|p2b: Iron Hands|50\/100|[from] item: Rocky Helmet|[of] p1a: Tornadus\n|faint|p1a: Tornadus\n|-damage|p2b: Iron Hands|35\/100|[from] Recoil\n|\n|upkeep\n|\n|t:|1700030732\n|switch|p1a: Chi-Yu|Chi-Yu, L50|100\/100\n|turn|4\n|\n|t:|1700030743\n|move|p1b: Dragonite|Extreme Speed|p2a: Weezing\n|-damage|p2a: Weezing|45\/100\n|move|p1a: Chi-Yu|Heat Wave|p2b: Iron Hands|[spread] p2a,p2b\n|-damage|p2a: Weezing|0 fnt\n|-damage|p2b: Iron Hands|11\/100\n|faint|p2a: Weezing\n|-end|p2a: Weezing|ability: Neutralizing Gas\n|-ability|p1a: Chi-Yu|Beads of Ruin\n|-damage|p1a: Chi-Yu|90\/100|[from] item: Life Orb\n|move|p2b: Iron Hands|Drain Punch|p1a: Chi-Yu\n|-supereffective|p1a: Chi-Yu\n|-damage|p1a: Chi-Yu|0 fnt\n|-heal|p2b: Iron Hands|35\/100|[from] drain|[of] p1a: Chi-Yu\n|faint|p1a: Chi-Yu\n|\n|upkeep\n|\n|t:|1700030750\n|switch|p1a: Flutter Mane|Flutter Mane, L50|100\/100\n|switch|p2a: Ogerpon|Ogerpon-Hearthflame, L50, F|100\/100\n|-ability|p2a: Ogerpon|Mold Breaker\n|turn|5\n|\n|t:|1700030771\n|move|p1b: Dragonite|Extreme Speed|p2a: Ogerpon\n|-damage|p2a: Ogerpon|43\/100\n|move|p1a: Flutter Mane|Dazzling Gleam|p2b: Iron Hands|[spread] p2a,p2b\n|-resisted|p2a: Ogerpon\n|-supereffective|p2b: Iron Hands\n|-damage|p2a: Ogerpon|17\/100\n|-damage|p2b: Iron Hands|0 fnt\n|faint|p2b: Iron Hands\n|-end|p2b: Iron Hands|Quark Drive|[silent]\n|move|p2a: Ogerpon|Ivy Cudgel|p1a: Flutter Mane|[anim] Ivy Cudgel Fire\n|-damage|p1a: Flutter Mane|2\/100\n|\n|upkeep\n|turn|6\n|\n|t:|1700030784\n|move|p2a: Ogerpon|Spiky Shield|p2a: Ogerpon\n|-singleturn|p2a: Ogerpon|move: Protect\n|move|p1b: Dragonite|Extreme Speed|p2a: Ogerpon\n|-activate|p2a: Ogerpon|move: Protect\n|-damage|p1b: Dragonite|74\/100|[from] Spiky Shield|[of] p2a: Ogerpon\n|move|p1a: Flutter Mane|Dazzling Gleam|p2a: Ogerpon\n|-activate|p2a: Ogerpon|move: Protect\n|\n|upkeep\n|turn|7\n|\n|t:|1700030794\n|move|p1b: Dragonite|Extreme Speed|p2a: Ogerpon\n|-damage|p2a: Ogerpon|0 fnt\n|faint|p2a: Ogerpon\n|\n|win|hjgklm3k\n|raw|hjgklm3k's rating: 1312 &rarr; <strong>1337<\/strong><br \/>(+25 for winning)\n|raw|Rusho M.M.R.K.L.A's rating: 1407 &rarr; <strong>1382<\/strong><br \/>(-25 for losing)\n|l|\u2606Rusho M.M.R.K.L.A\n","uploadtime":1700030831,"views":10,"p1id":"hjgklm3k","p2id":"rushommrkla","formatid":"gen9vgc2023regulatione","rating":1337,"private":0,"password":""}