{"id":"gen9vgc2023regulatione-1991732288","p1":"ShadowForce64","p2":"TapedCrusader","format":"[Gen 9] VGC 2023 Regulation E","log":"|j|\u2606ShadowForce64\n|j|\u2606TapedCrusader\n|t:|1700108299\n|gametype|doubles\n|player|p1|ShadowForce64|crasherwake|1379\n|player|p2|TapedCrusader|blue|1375\n|teamsize|p1|6\n|teamsize|p2|6\n|gen|9\n|tier|[Gen 9] VGC 2023 Regulation E\n|rated|\n|rule|Species Clause: Limit one of each Pok\u00e9mon\n|rule|Item Clause: Limit one of each item\n|clearpoke\n|poke|p1|Clefairy, L50, F|\n|poke|p1|Sinistcha, L50|\n|poke|p1|Landorus-Therian, L50, M|\n|poke|p1|Kommo-o, L50, M|\n|poke|p1|Tornadus, L50, M|\n|poke|p1|Flutter Mane, L50|\n|poke|p2|Oranguru, L50, M|\n|poke|p2|Ursaluna-Bloodmoon, L50, M|\n|poke|p2|Iron Hands, L50|\n|poke|p2|Rillaboom, L50, F|\n|poke|p2|Ogerpon-Cornerstone, L50, F|\n|poke|p2|Kingambit, L50, M|\n|teampreview|4\n|inactive|Battle timer is ON: inactive players will automatically lose when time's up. (requested by TapedCrusader)\n|inactive|ShadowForce64 has 60 seconds left.\n|inactive|TapedCrusader has 60 seconds left.\n|\n|t:|1700108344\n|start\n|switch|p1a: Clefairy|Clefairy, L50, F|100\/100\n|switch|p1b: Kommo-o|Kommo-o, L50, M|100\/100\n|switch|p2a: Kingambit|Kingambit, L50, M|100\/100\n|switch|p2b: Oranguru|Oranguru, L50, M|100\/100\n|turn|1\n|\n|t:|1700108368\n|move|p1b: Kommo-o|Clangorous Soul|p1b: Kommo-o\n|-boost|p1b: Kommo-o|atk|1\n|-boost|p1b: Kommo-o|def|1\n|-boost|p1b: Kommo-o|spa|1\n|-boost|p1b: Kommo-o|spd|1\n|-boost|p1b: Kommo-o|spe|1\n|-damage|p1b: Kommo-o|68\/100\n|move|p2a: Kingambit|Iron Head|p1a: Clefairy\n|-supereffective|p1a: Clefairy\n|-damage|p1a: Clefairy|16\/100\n|move|p2b: Oranguru|Encore|p1b: Kommo-o\n|-start|p1b: Kommo-o|Encore\n|move|p1a: Clefairy|Heal Pulse|p1b: Kommo-o\n|-heal|p1b: Kommo-o|100\/100\n|\n|upkeep\n|turn|2\n|inactive|ShadowForce64 has 30 seconds left.\n|\n|t:|1700108395\n|move|p1a: Clefairy|Follow Me|p1a: Clefairy\n|-singleturn|p1a: Clefairy|move: Follow Me\n|move|p1b: Kommo-o|Clangorous Soul|p1b: Kommo-o\n|-boost|p1b: Kommo-o|atk|1\n|-boost|p1b: Kommo-o|def|1\n|-boost|p1b: Kommo-o|spa|1\n|-boost|p1b: Kommo-o|spd|1\n|-boost|p1b: Kommo-o|spe|1\n|-damage|p1b: Kommo-o|68\/100\n|move|p2a: Kingambit|Iron Head|p1a: Clefairy\n|-supereffective|p1a: Clefairy\n|-damage|p1a: Clefairy|0 fnt\n|faint|p1a: Clefairy\n|move|p2b: Oranguru|Trick Room|p2b: Oranguru\n|-fieldstart|move: Trick Room|[of] p2b: Oranguru\n|\n|-heal|p1b: Kommo-o|74\/100|[from] item: Leftovers\n|upkeep\n|\n|t:|1700108412\n|switch|p1a: Sinistcha|Sinistcha, L50|100\/100\n|-heal|p1b: Kommo-o|98\/100|[from] ability: Hospitality|[of] p1a: Sinistcha\n|turn|3\n|j| LasermanZ11\n|\n|t:|1700108430\n|switch|p1a: Landorus|Landorus-Therian, L50, M|100\/100\n|-ability|p1a: Landorus|Intimidate|boost\n|-unboost|p2a: Kingambit|atk|1\n|-ability|p2a: Kingambit|Defiant|boost\n|-boost|p2a: Kingambit|atk|2\n|-fail|p2b: Oranguru|unboost|Attack|[from] ability: Inner Focus|[of] p2b: Oranguru\n|-terastallize|p2a: Kingambit|Dark\n|move|p2b: Oranguru|Instruct|p2a: Kingambit\n|-singleturn|p2a: Kingambit|move: Instruct|[of] p2b: Oranguru\n|move|p2a: Kingambit|Iron Head|p1a: Landorus\n|-damage|p1a: Landorus|13\/100\n|move|p2a: Kingambit|Kowtow Cleave|p1a: Landorus\n|-damage|p1a: Landorus|0 fnt\n|faint|p1a: Landorus\n|move|p1b: Kommo-o|Clangorous Soul|p1b: Kommo-o\n|-boost|p1b: Kommo-o|atk|1\n|-boost|p1b: Kommo-o|def|1\n|-boost|p1b: Kommo-o|spa|1\n|-boost|p1b: Kommo-o|spd|1\n|-boost|p1b: Kommo-o|spe|1\n|-damage|p1b: Kommo-o|65\/100\n|\n|-heal|p1b: Kommo-o|71\/100|[from] item: Leftovers\n|upkeep\n|\n|t:|1700108451\n|switch|p1a: Sinistcha|Sinistcha, L50|100\/100\n|-heal|p1b: Kommo-o|96\/100|[from] ability: Hospitality|[of] p1a: Sinistcha\n|turn|4\n|\n|t:|1700108466\n|move|p1a: Sinistcha|Rage Powder|p1a: Sinistcha\n|-singleturn|p1a: Sinistcha|move: Rage Powder\n|move|p2b: Oranguru|Instruct|p1a: Sinistcha\n|-singleturn|p1a: Sinistcha|move: Instruct|[of] p2b: Oranguru\n|move|p1a: Sinistcha|Rage Powder||[still]\n|-fail|p1a: Sinistcha\n|move|p2a: Kingambit|Kowtow Cleave|p1a: Sinistcha\n|-supereffective|p1a: Sinistcha\n|-damage|p1a: Sinistcha|0 fnt\n|-damage|p2a: Kingambit|84\/100|[from] item: Rocky Helmet|[of] p1a: Sinistcha\n|faint|p1a: Sinistcha\n|move|p1b: Kommo-o|Clangorous Soul|p1b: Kommo-o\n|-boost|p1b: Kommo-o|atk|1\n|-boost|p1b: Kommo-o|def|1\n|-boost|p1b: Kommo-o|spa|1\n|-boost|p1b: Kommo-o|spd|1\n|-boost|p1b: Kommo-o|spe|1\n|-damage|p1b: Kommo-o|63\/100\n|\n|-heal|p1b: Kommo-o|69\/100|[from] item: Leftovers\n|-end|p1b: Kommo-o|Encore\n|upkeep\n|turn|5\n|inactive|TapedCrusader has 30 seconds left.\n|\n|t:|1700108494\n|move|p2b: Oranguru|Encore|p1b: Kommo-o\n|-start|p1b: Kommo-o|Encore\n|move|p2a: Kingambit|Kowtow Cleave|p1b: Kommo-o\n|-resisted|p1b: Kommo-o\n|-damage|p1b: Kommo-o|53\/100\n|move|p1b: Kommo-o|Clangorous Soul|p1b: Kommo-o\n|-boost|p1b: Kommo-o|atk|1\n|-boost|p1b: Kommo-o|def|1\n|-boost|p1b: Kommo-o|spa|1\n|-boost|p1b: Kommo-o|spd|1\n|-boost|p1b: Kommo-o|spe|1\n|-damage|p1b: Kommo-o|20\/100\n|\n|-heal|p1b: Kommo-o|26\/100|[from] item: Leftovers\n|upkeep\n|turn|6\n|-message|ShadowForce64 forfeited.\n|\n|win|TapedCrusader\n|raw|ShadowForce64's rating: 1379 &rarr; <strong>1359<\/strong><br \/>(-20 for losing)\n|raw|TapedCrusader's rating: 1375 &rarr; <strong>1395<\/strong><br \/>(+20 for winning)\n|l|\u2606ShadowForce64\n","uploadtime":1700108572,"views":20,"p1id":"shadowforce64","p2id":"tapedcrusader","formatid":"gen9vgc2023regulatione","rating":1359,"private":0,"password":""}