{"id":"gen9vgc2023regulatione-1988802039","p1":"Matty1919","p2":"ultrabide","format":"[Gen 9] VGC 2023 Regulation E","log":"|j|\u2606Matty1919\n|j|\u2606ultrabide\n|t:|1699765211\n|gametype|doubles\n|player|p1|Matty1919|101|\n|player|p2|ultrabide|brock|\n|teamsize|p1|6\n|teamsize|p2|6\n|gen|9\n|tier|[Gen 9] VGC 2023 Regulation E\n|rule|Species Clause: Limit one of each Pok\u00e9mon\n|rule|Item Clause: Limit one of each item\n|clearpoke\n|poke|p1|Iron Hands, L50|\n|poke|p1|Dusclops, L50, M|\n|poke|p1|Ursaluna-Bloodmoon, L50, M|\n|poke|p1|Ogerpon-Wellspring, L50, F|\n|poke|p1|Flutter Mane, L50|\n|poke|p1|Chi-Yu, L50|\n|poke|p2|Annihilape, L50, F|\n|poke|p2|Rillaboom, L50, F|\n|poke|p2|Sinistcha, L50|\n|poke|p2|Grimmsnarl, L50, M|\n|poke|p2|Breloom, L50, M|\n|poke|p2|Iron Bundle, L50|\n|teampreview|4\n|l|\u2606Matty1919\n|player|p1|\n|inactive|Battle timer is ON: inactive players will automatically lose when time's up. (requested by ultrabide)\n|j|\u2606Matty1919\n|inactive|Matty1919 reconnected and has 90 seconds left.\n|player|p1|Matty1919|101\n|c|\u2606ultrabide|i will destroy u\n|\n|t:|1699765233\n|start\n|switch|p1a: Iron Hands|Iron Hands, L50|100\/100\n|switch|p1b: Chi-Yu|Chi-Yu, L50|100\/100\n|switch|p2a: Breloom|Breloom, L50, M|100\/100\n|switch|p2b: Iron Bundle|Iron Bundle, L50|100\/100\n|-ability|p1b: Chi-Yu|Beads of Ruin\n|-enditem|p2b: Iron Bundle|Booster Energy\n|-activate|p2b: Iron Bundle|ability: Quark Drive|[fromitem]\n|-start|p2b: Iron Bundle|quarkdrivespe\n|turn|1\n|c|\u2606ultrabide|insides\n|\n|t:|1699765250\n|-terastallize|p2b: Iron Bundle|Ghost\n|-terastallize|p1b: Chi-Yu|Ghost\n|move|p1a: Iron Hands|Fake Out|p2a: Breloom\n|-damage|p2a: Breloom|75\/100\n|move|p2b: Iron Bundle|Hydro Pump|p1b: Chi-Yu\n|-damage|p1b: Chi-Yu|38\/100\n|move|p1b: Chi-Yu|Heat Wave|p2a: Breloom|[spread] p2a,p2b\n|-supereffective|p2a: Breloom\n|-damage|p2a: Breloom|0 fnt\n|-damage|p2b: Iron Bundle|0 fnt\n|faint|p2a: Breloom\n|faint|p2b: Iron Bundle\n|-end|p2b: Iron Bundle|Quark Drive|[silent]\n|\n|upkeep\n|\n|t:|1699765254\n|switch|p2b: Annihilape|Annihilape, L50, F|100\/100\n|switch|p2a: Rillaboom|Rillaboom, L50, F|100\/100\n|-fieldstart|move: Grassy Terrain|[from] ability: Grassy Surge|[of] p2a: Rillaboom\n|turn|2\n|inactive|Matty1919 has 30 seconds left.\n|inactive|Matty1919 has 20 seconds left.\n|inactive|Matty1919 has 15 seconds left.\n|\n|t:|1699765298\n|switch|p1b: Ogerpon|Ogerpon-Wellspring, L50, F|100\/100\n|move|p2a: Rillaboom|Grassy Glide|p1b: Ogerpon\n|-damage|p1b: Ogerpon|62\/100\n|move|p2b: Annihilape|Bulk Up|p2b: Annihilape\n|-boost|p2b: Annihilape|atk|1\n|-boost|p2b: Annihilape|def|1\n|move|p1a: Iron Hands|Drain Punch|p2a: Rillaboom\n|-damage|p2a: Rillaboom|57\/100\n|\n|-heal|p1b: Ogerpon|68\/100|[from] Grassy Terrain\n|-heal|p2a: Rillaboom|62\/100|[from] Grassy Terrain\n|upkeep\n|turn|3\n|inactive|Matty1919 has 30 seconds left.\n|\n|t:|1699765324\n|move|p1b: Ogerpon|Ivy Cudgel|p2a: Rillaboom\n|-resisted|p2a: Rillaboom\n|-damage|p2a: Rillaboom|38\/100\n|move|p2b: Annihilape|Drain Punch|p1a: Iron Hands\n|-damage|p1a: Iron Hands|71\/100\n|move|p2a: Rillaboom|Wood Hammer|p1b: Ogerpon\n|-damage|p1b: Ogerpon|0 fnt\n|faint|p1b: Ogerpon\n|-damage|p2a: Rillaboom|17\/100|[from] Recoil\n|move|p1a: Iron Hands|Drain Punch|p2a: Rillaboom\n|-damage|p2a: Rillaboom|0 fnt\n|-heal|p1a: Iron Hands|78\/100|[from] drain|[of] p2a: Rillaboom\n|faint|p2a: Rillaboom\n|\n|-heal|p1a: Iron Hands|84\/100|[from] Grassy Terrain\n|upkeep\n|inactive|Matty1919 has 30 seconds left.\n|\n|t:|1699765351\n|switch|p1b: Chi-Yu|Chi-Yu, L50, tera:Ghost|38\/100\n|-ability|p1b: Chi-Yu|Beads of Ruin\n|turn|4\n|\n|t:|1699765359\n|move|p1b: Chi-Yu|Dark Pulse|p2b: Annihilape\n|-damage|p2b: Annihilape|34\/100\n|move|p2b: Annihilape|Rage Fist|p1b: Chi-Yu\n|-supereffective|p1b: Chi-Yu\n|-damage|p1b: Chi-Yu|0 fnt\n|faint|p1b: Chi-Yu\n|move|p1a: Iron Hands|Wild Charge|p2b: Annihilape\n|-damage|p2b: Annihilape|5\/100\n|-damage|p1a: Iron Hands|78\/100|[from] Recoil\n|\n|-heal|p2b: Annihilape|11\/100|[from] Grassy Terrain\n|-heal|p2b: Annihilape|17\/100|[from] item: Leftovers\n|-heal|p1a: Iron Hands|84\/100|[from] Grassy Terrain\n|upkeep\n|\n|t:|1699765374\n|switch|p1b: Flutter Mane|Flutter Mane, L50|100\/100\n|-enditem|p1b: Flutter Mane|Booster Energy\n|-activate|p1b: Flutter Mane|ability: Protosynthesis|[fromitem]\n|-start|p1b: Flutter Mane|protosynthesisspe\n|turn|5\n|\n|t:|1699765383\n|move|p1b: Flutter Mane|Shadow Ball|p2b: Annihilape\n|-supereffective|p2b: Annihilape\n|-damage|p2b: Annihilape|0 fnt\n|faint|p2b: Annihilape\n|\n|win|Matty1919\n|l|\u2606ultrabide\n","uploadtime":1699765391,"views":9,"p1id":"matty1919","p2id":"ultrabide","formatid":"gen9vgc2023regulatione","rating":0,"private":0,"password":""}