{"id":"gen9vgc2023regulatione-1989758783","p1":"Chaizen Hirussa","p2":"taco_bowl_mx","format":"[Gen 9] VGC 2023 Regulation E","log":"|j|\u2606Chaizen Hirussa\n|j|\u2606taco_bowl_mx\n|t:|1699893291\n|gametype|doubles\n|player|p1|Chaizen Hirussa|bugcatcher-gen4dp|1367\n|player|p2|taco_bowl_mx|dawn-gen4pt|1433\n|teamsize|p1|6\n|teamsize|p2|6\n|gen|9\n|tier|[Gen 9] VGC 2023 Regulation E\n|rated|\n|rule|Species Clause: Limit one of each Pok\u00e9mon\n|rule|Item Clause: Limit one of each item\n|clearpoke\n|poke|p1|Flutter Mane, L50|\n|poke|p1|Zapdos-Galar, L50|\n|poke|p1|Chien-Pao, L50|\n|poke|p1|Arcanine-Hisui, L50, F|\n|poke|p1|Ogerpon-Wellspring, L50, F|\n|poke|p1|Farigiraf, L50, M|\n|poke|p2|Flutter Mane, L50|\n|poke|p2|Chien-Pao, L50|\n|poke|p2|Iron Hands, L50|\n|poke|p2|Heatran, L50, F|\n|poke|p2|Ogerpon-Wellspring, L50, F|\n|poke|p2|Landorus-Therian, L50, M|\n|teampreview|4\ntaco_bowl_mx has agreed to open team sheets.\n|inactive|Battle timer is ON: inactive players will automatically lose when time's up. (requested by Chaizen Hirussa)\n|inactive|Chaizen Hirussa has 60 seconds left.\n|\n|t:|1699893336\n|start\n|switch|p1a: Zapdos|Zapdos-Galar, L50|100\/100\n|switch|p1b: Arcanine|Arcanine-Hisui, L50, F|100\/100\n|switch|p2a: Iron Hands|Iron Hands, L50, shiny|100\/100\n|switch|p2b: Flutter Mane|Flutter Mane, L50|100\/100\n|-ability|p1b: Arcanine|Intimidate|boost\n|-unboost|p2a: Iron Hands|atk|1\n|-unboost|p2b: Flutter Mane|atk|1\n|turn|1\n|\n|t:|1699893354\n|-end|p2b: Flutter Mane|Protosynthesis|[silent]\n|switch|p2b: Landorus|Landorus-Therian, L50, M|100\/100\n|-ability|p2b: Landorus|Intimidate|boost\n|-unboost|p1a: Zapdos|atk|1\n|-ability|p1a: Zapdos|Defiant|boost\n|-boost|p1a: Zapdos|atk|2\n|-unboost|p1b: Arcanine|atk|1\n|switch|p1b: Farigiraf|Farigiraf, L50, M|100\/100\n|move|p1a: Zapdos|Brave Bird|p2b: Landorus\n|-damage|p2b: Landorus|1\/100\n|-damage|p1a: Zapdos|67\/100|[from] Recoil\n|move|p2a: Iron Hands|Wild Charge|p1a: Zapdos\n|-supereffective|p1a: Zapdos\n|-damage|p1a: Zapdos|0 fnt\n|faint|p1a: Zapdos\n|-damage|p2a: Iron Hands|89\/100|[from] Recoil\n|\n|upkeep\n|\n|t:|1699893373\n|switch|p1a: Arcanine|Arcanine-Hisui, L50, F|100\/100\n|-ability|p1a: Arcanine|Intimidate|boost\n|-unboost|p2a: Iron Hands|atk|1\n|-unboost|p2b: Landorus|atk|1\n|turn|2\n|\n|t:|1699893394\n|-terastallize|p1a: Arcanine|Fairy\n|move|p1a: Arcanine|Extreme Speed|p2b: Landorus\n|-damage|p2b: Landorus|0 fnt\n|faint|p2b: Landorus\n|move|p1b: Farigiraf|Psychic|p2a: Iron Hands\n|-supereffective|p2a: Iron Hands\n|-damage|p2a: Iron Hands|53\/100\n|move|p2a: Iron Hands|Drain Punch|p1a: Arcanine\n|-resisted|p1a: Arcanine\n|-damage|p1a: Arcanine|88\/100\n|-heal|p2a: Iron Hands|57\/100|[from] drain|[of] p1a: Arcanine\n|\n|upkeep\n|\n|t:|1699893406\n|switch|p2b: Ogerpon|Ogerpon-Wellspring, L50, F|100\/100\n|turn|3\n|\n|t:|1699893416\n|switch|p1a: Ogerpon|Ogerpon-Wellspring, L50, F|100\/100\n|-terastallize|p2a: Iron Hands|Water\n|move|p2b: Ogerpon|Follow Me|p2b: Ogerpon\n|-singleturn|p2b: Ogerpon|move: Follow Me\n|move|p1b: Farigiraf|Psychic|p2b: Ogerpon\n|-damage|p2b: Ogerpon|66\/100\n|move|p2a: Iron Hands|Heavy Slam|p1a: Ogerpon\n|-resisted|p1a: Ogerpon\n|-damage|p1a: Ogerpon|87\/100\n|\n|upkeep\n|turn|4\n|inactive|Chaizen Hirussa has 30 seconds left.\n|inactive|taco_bowl_mx has 30 seconds left.\n|inactive|taco_bowl_mx has 20 seconds left.\n|inactive|Chaizen Hirussa has 20 seconds left.\n|\n|t:|1699893460\n|move|p2b: Ogerpon|Horn Leech|p1a: Ogerpon\n|-damage|p1a: Ogerpon|47\/100\n|-heal|p2b: Ogerpon|85\/100|[from] drain|[of] p1a: Ogerpon\n|move|p1a: Ogerpon|Horn Leech|p2a: Iron Hands\n|-supereffective|p2a: Iron Hands\n|-damage|p2a: Iron Hands|0 fnt\n|-heal|p1a: Ogerpon|86\/100|[from] drain|[of] p2a: Iron Hands\n|faint|p2a: Iron Hands\n|-end|p2a: Iron Hands|Quark Drive|[silent]\n|move|p1b: Farigiraf|Psychic|p2b: Ogerpon\n|-damage|p2b: Ogerpon|52\/100\n|\n|upkeep\n|\n|t:|1699893470\n|switch|p2a: Flutter Mane|Flutter Mane, L50|100\/100\n|turn|5\n|\n|t:|1699893484\n|move|p1a: Ogerpon|Spiky Shield|p1a: Ogerpon\n|-singleturn|p1a: Ogerpon|move: Protect\n|move|p2a: Flutter Mane|Moonblast|p1a: Ogerpon\n|-activate|p1a: Ogerpon|move: Protect\n|move|p2b: Ogerpon|Horn Leech|p1a: Ogerpon\n|-activate|p1a: Ogerpon|move: Protect\n|-damage|p2b: Ogerpon|40\/100|[from] Spiky Shield|[of] p1a: Ogerpon\n|move|p1b: Farigiraf|Light Screen|p1b: Farigiraf\n|-sidestart|p1: Chaizen Hirussa|move: Light Screen\n|\n|upkeep\n|turn|6\n|inactive|Chaizen Hirussa has 30 seconds left.\n|\n|t:|1699893511\n|switch|p1a: Arcanine|Arcanine-Hisui, L50, F, tera:Fairy|88\/100\n|-ability|p1a: Arcanine|Intimidate|boost\n|-unboost|p2a: Flutter Mane|atk|1\n|-unboost|p2b: Ogerpon|atk|1\n|move|p2a: Flutter Mane|Moonblast|p1a: Arcanine\n|-damage|p1a: Arcanine|29\/100\n|move|p2b: Ogerpon|Horn Leech|p1a: Arcanine\n|-damage|p1a: Arcanine|0 fnt\n|-heal|p2b: Ogerpon|53\/100|[from] drain|[of] p1a: Arcanine\n|faint|p1a: Arcanine\n|move|p1b: Farigiraf|Psychic|p2b: Ogerpon\n|-damage|p2b: Ogerpon|17\/100\n|\n|upkeep\n|\n|t:|1699893524\n|switch|p1a: Ogerpon|Ogerpon-Wellspring, L50, F|86\/100\n|turn|7\n|\n|t:|1699893541\n|move|p2a: Flutter Mane|Moonblast|p1b: Farigiraf\n|-damage|p1b: Farigiraf|60\/100\n|move|p2b: Ogerpon|Horn Leech|p1b: Farigiraf\n|-crit|p1b: Farigiraf\n|-damage|p1b: Farigiraf|7\/100\n|-heal|p2b: Ogerpon|50\/100|[from] drain|[of] p1b: Farigiraf\n|-enditem|p1b: Farigiraf|Sitrus Berry|[eat]\n|-heal|p1b: Farigiraf|31\/100|[from] item: Sitrus Berry\n|move|p1a: Ogerpon|Horn Leech|p2a: Flutter Mane\n|-damage|p2a: Flutter Mane|23\/100\n|-heal|p1a: Ogerpon|100\/100|[from] drain|[of] p2a: Flutter Mane\n|move|p1b: Farigiraf|Psychic|p2b: Ogerpon\n|-damage|p2b: Ogerpon|18\/100\n|\n|upkeep\n|turn|8\n|inactive|Chaizen Hirussa has 30 seconds left.\n|inactive|taco_bowl_mx has 30 seconds left.\n|inactive|Chaizen Hirussa has 20 seconds left.\n|\n|t:|1699893577\n|move|p2b: Ogerpon|Spiky Shield|p2b: Ogerpon\n|-singleturn|p2b: Ogerpon|move: Protect\n|move|p1a: Ogerpon|Spiky Shield|p1a: Ogerpon\n|-singleturn|p1a: Ogerpon|move: Protect\n|move|p2a: Flutter Mane|Moonblast|p1b: Farigiraf\n|-damage|p1b: Farigiraf|0 fnt\n|faint|p1b: Farigiraf\n|\n|upkeep\n|turn|9\n|\n|t:|1699893594\n|move|p2a: Flutter Mane|Moonblast|p1a: Ogerpon\n|-damage|p1a: Ogerpon|53\/100\n|move|p2b: Ogerpon|Horn Leech|p1a: Ogerpon\n|-damage|p1a: Ogerpon|22\/100\n|-heal|p2b: Ogerpon|32\/100|[from] drain|[of] p1a: Ogerpon\n|move|p1a: Ogerpon|Horn Leech|p2a: Flutter Mane\n|-damage|p2a: Flutter Mane|0 fnt\n|-heal|p1a: Ogerpon|32\/100|[from] drain|[of] p2a: Flutter Mane\n|faint|p2a: Flutter Mane\n|-end|p2a: Flutter Mane|Protosynthesis|[silent]\n|\n|-sideend|p1: Chaizen Hirussa|move: Light Screen\n|upkeep\n|turn|10\n|\n|t:|1699893610\n|move|p1a: Ogerpon|Spiky Shield|p1a: Ogerpon\n|-singleturn|p1a: Ogerpon|move: Protect\n|move|p2b: Ogerpon|Horn Leech|p1a: Ogerpon\n|-activate|p1a: Ogerpon|move: Protect\n|-damage|p2b: Ogerpon|19\/100|[from] Spiky Shield|[of] p1a: Ogerpon\n|\n|upkeep\n|turn|11\n|\n|t:|1699893624\n|move|p2b: Ogerpon|Spiky Shield|p2b: Ogerpon\n|-singleturn|p2b: Ogerpon|move: Protect\n|move|p1a: Ogerpon|Horn Leech|p2b: Ogerpon\n|-activate|p2b: Ogerpon|move: Protect\n|-damage|p1a: Ogerpon|20\/100|[from] Spiky Shield|[of] p2b: Ogerpon\n|\n|upkeep\n|turn|12\n|\n|t:|1699893634\n|move|p2b: Ogerpon|Spiky Shield||[still]\n|-fail|p2b: Ogerpon\n|move|p1a: Ogerpon|Spiky Shield||[still]\n|-fail|p1a: Ogerpon\n|\n|upkeep\n|turn|13\n|\n|t:|1699893639\n|move|p1a: Ogerpon|Spiky Shield|p1a: Ogerpon\n|-singleturn|p1a: Ogerpon|move: Protect\n|move|p2b: Ogerpon|Horn Leech|p1a: Ogerpon\n|-activate|p1a: Ogerpon|move: Protect\n|-damage|p2b: Ogerpon|7\/100|[from] Spiky Shield|[of] p1a: Ogerpon\n|\n|upkeep\n|turn|14\n|\n|t:|1699893649\n|move|p1a: Ogerpon|Spiky Shield||[still]\n|-fail|p1a: Ogerpon\n|move|p2b: Ogerpon|Horn Leech|p1a: Ogerpon\n|-damage|p1a: Ogerpon|0 fnt\n|-heal|p2b: Ogerpon|16\/100|[from] drain|[of] p1a: Ogerpon\n|faint|p1a: Ogerpon\n|\n|win|taco_bowl_mx\n|raw|Chaizen Hirussa's rating: 1367 &rarr; <strong>1351<\/strong><br \/>(-16 for losing)\n|raw|taco_bowl_mx's rating: 1433 &rarr; <strong>1449<\/strong><br \/>(+16 for winning)\n|c|\u2606taco_bowl_mx|gg\n","uploadtime":1699893663,"views":23,"p1id":"chaizenhirussa","p2id":"tacobowlmx","formatid":"gen9vgc2023regulatione","rating":1351,"private":0,"password":""}