{"id":"gen9vgc2023regulatione-1997675738","p1":"TheRicoSuave","p2":"FloridaParkingLot","format":"[Gen 9] VGC 2023 Regulation E","log":"|j|\u2606TheRicoSuave\n|j|\u2606FloridaParkingLot\n|t:|1700840541\n|gametype|doubles\n|player|p1|TheRicoSuave|1|1293\n|player|p2|FloridaParkingLot|2|1354\n|teamsize|p1|6\n|teamsize|p2|6\n|gen|9\n|tier|[Gen 9] VGC 2023 Regulation E\n|rated|\n|rule|Species Clause: Limit one of each Pok\u00e9mon\n|rule|Item Clause: Limit one of each item\n|clearpoke\n|poke|p1|Grimmsnarl, L50, M|\n|poke|p1|Moltres-Galar, L50|\n|poke|p1|Sinistcha-Masterpiece, L50|\n|poke|p1|Arcanine-Hisui, L50, M|\n|poke|p1|Gholdengo, L50|\n|poke|p1|Kommo-o, L50, M|\n|poke|p2|Iron Hands, L50|\n|poke|p2|Chi-Yu, L50|\n|poke|p2|Flutter Mane, L50|\n|poke|p2|Tornadus, L50, M|\n|poke|p2|Landorus-Therian, L50, M|\n|poke|p2|Urshifu-*, L50, F|\n|teampreview|4\n|inactive|Battle timer is ON: inactive players will automatically lose when time's up. (requested by TheRicoSuave)\n|\n|t:|1700840560\n|start\n|switch|p1a: Grimmsnarl|Grimmsnarl, L50, M|100\/100\n|switch|p1b: Kommo-o|Kommo-o, L50, M|100\/100\n|switch|p2a: Iron Hands|Iron Hands, L50|100\/100\n|switch|p2b: Flutter Mane|Flutter Mane, L50|100\/100\n|turn|1\n|\n|t:|1700840580\n|move|p1b: Kommo-o|Protect|p1b: Kommo-o\n|-singleturn|p1b: Kommo-o|Protect\n|move|p2a: Iron Hands|Fake Out|p1b: Kommo-o\n|-activate|p1b: Kommo-o|move: Protect\n|move|p1a: Grimmsnarl|Light Screen|p1a: Grimmsnarl\n|-sidestart|p1: TheRicoSuave|move: Light Screen\n|move|p2b: Flutter Mane|Dazzling Gleam|p1b: Kommo-o|[spread] p1a\n|-activate|p1b: Kommo-o|move: Protect\n|-supereffective|p1a: Grimmsnarl\n|-damage|p1a: Grimmsnarl|58\/100\n|\n|upkeep\n|turn|2\n|\n|t:|1700840592\n|-terastallize|p1b: Kommo-o|Steel\n|move|p2b: Flutter Mane|Protect|p2b: Flutter Mane\n|-singleturn|p2b: Flutter Mane|Protect\n|move|p1a: Grimmsnarl|Reflect|p1a: Grimmsnarl\n|-sidestart|p1: TheRicoSuave|Reflect\n|move|p1b: Kommo-o|Iron Defense|p1b: Kommo-o\n|-boost|p1b: Kommo-o|def|2\n|move|p2a: Iron Hands|Heavy Slam|p1a: Grimmsnarl\n|-supereffective|p1a: Grimmsnarl\n|-damage|p1a: Grimmsnarl|0 fnt\n|faint|p1a: Grimmsnarl\n|\n|upkeep\n|\n|t:|1700840597\n|switch|p1a: Arcanine|Arcanine-Hisui, L50, M|100\/100\n|-ability|p1a: Arcanine|Intimidate|boost\n|-unboost|p2a: Iron Hands|atk|1\n|-unboost|p2b: Flutter Mane|atk|1\n|turn|3\n|\n|t:|1700840607\n|-terastallize|p2b: Flutter Mane|Water\n|move|p2b: Flutter Mane|Tera Blast|p1a: Arcanine|[anim] Tera Blast Water\n|-supereffective|p1a: Arcanine\n|-damage|p1a: Arcanine|0 fnt\n|faint|p1a: Arcanine\n|move|p1b: Kommo-o|Iron Defense|p1b: Kommo-o\n|-boost|p1b: Kommo-o|def|2\n|move|p2a: Iron Hands|Drain Punch|p1b: Kommo-o\n|-supereffective|p1b: Kommo-o\n|-damage|p1b: Kommo-o|92\/100\n|\n|upkeep\n|\n|t:|1700840611\n|switch|p1a: Sinistcha|Sinistcha-Masterpiece, L50|100\/100\n|-heal|p1b: Kommo-o|100\/100|[from] ability: Hospitality|[of] p1a: Sinistcha\n|turn|4\n|\n|t:|1700840623\n|move|p2b: Flutter Mane|Shadow Ball|p1a: Sinistcha\n|-supereffective|p1a: Sinistcha\n|-damage|p1a: Sinistcha|31\/100\n|-unboost|p1a: Sinistcha|spd|1\n|move|p1b: Kommo-o|Body Press|p2a: Iron Hands\n|-damage|p2a: Iron Hands|26\/100\n|move|p2a: Iron Hands|Heavy Slam|p1a: Sinistcha\n|-damage|p1a: Sinistcha|16\/100\n|-damage|p2a: Iron Hands|9\/100|[from] item: Rocky Helmet|[of] p1a: Sinistcha\n|move|p1a: Sinistcha|Trick Room|p1a: Sinistcha\n|-fieldstart|move: Trick Room|[of] p1a: Sinistcha\n|\n|upkeep\n|turn|5\n|\n|t:|1700840643\n|-end|p2a: Iron Hands|Quark Drive|[silent]\n|switch|p2a: Chi-Yu|Chi-Yu, L50|100\/100\n|-ability|p2a: Chi-Yu|Beads of Ruin\n|move|p2b: Flutter Mane|Protect|p2b: Flutter Mane\n|-singleturn|p2b: Flutter Mane|Protect\n|move|p1a: Sinistcha|Matcha Gotcha|p2a: Chi-Yu|[spread] p2a\n|-activate|p2b: Flutter Mane|move: Protect\n|-resisted|p2a: Chi-Yu\n|-damage|p2a: Chi-Yu|86\/100\n|-heal|p1a: Sinistcha|21\/100|[from] drain|[of] p2a: Chi-Yu\n|move|p1b: Kommo-o|Body Press|p2b: Flutter Mane\n|-activate|p2b: Flutter Mane|move: Protect\n|\n|upkeep\n|turn|6\n|\n|t:|1700840665\n|move|p2a: Chi-Yu|Protect|p2a: Chi-Yu\n|-singleturn|p2a: Chi-Yu|Protect\n|move|p1a: Sinistcha|Life Dew||[still]|[spread] p1a,p1b\n|-heal|p1a: Sinistcha|47\/100\n|-fail|p1b: Kommo-o|heal\n|move|p1b: Kommo-o|Body Press|p2a: Chi-Yu\n|-activate|p2a: Chi-Yu|move: Protect\n|move|p2b: Flutter Mane|Shadow Ball|p1a: Sinistcha\n|-supereffective|p1a: Sinistcha\n|-damage|p1a: Sinistcha|0 fnt\n|faint|p1a: Sinistcha\n|\n|upkeep\n|turn|7\n|\n|t:|1700840682\n|switch|p2a: Iron Hands|Iron Hands, L50|9\/100\n|move|p2b: Flutter Mane|Protect|p2b: Flutter Mane\n|-singleturn|p2b: Flutter Mane|Protect\n|move|p1b: Kommo-o|Body Press|p2a: Iron Hands\n|-damage|p2a: Iron Hands|0 fnt\n|faint|p2a: Iron Hands\n|-end|p2a: Iron Hands|Quark Drive|[silent]\n|\n|upkeep\n|\n|t:|1700840691\n|switch|p2a: Urshifu|Urshifu, L50, F|100\/100\n|turn|8\n|\n|t:|1700840699\n|move|p2a: Urshifu|Detect|p2a: Urshifu\n|-singleturn|p2a: Urshifu|Protect\n|move|p1b: Kommo-o|Body Press|p2a: Urshifu\n|-activate|p2a: Urshifu|move: Protect\n|move|p2b: Flutter Mane|Tera Blast|p1b: Kommo-o|[anim] Tera Blast Water\n|-damage|p1b: Kommo-o|74\/100\n|\n|-sideend|p1: TheRicoSuave|move: Light Screen\n|-fieldend|move: Trick Room\n|upkeep\n|turn|9\n|\n|t:|1700840711\n|move|p2b: Flutter Mane|Tera Blast|p1b: Kommo-o|[anim] Tera Blast Water\n|-damage|p1b: Kommo-o|37\/100\n|move|p2a: Urshifu|Wicked Blow|p1b: Kommo-o\n|-crit|p1b: Kommo-o\n|-damage|p1b: Kommo-o|0 fnt\n|faint|p1b: Kommo-o\n|\n|win|FloridaParkingLot\n|raw|TheRicoSuave's rating: 1293 &rarr; <strong>1272<\/strong><br \/>(-21 for losing)\n|raw|FloridaParkingLot's rating: 1354 &rarr; <strong>1371<\/strong><br \/>(+17 for winning)\n|l|\u2606TheRicoSuave\n","uploadtime":1700840720,"views":2,"p1id":"thericosuave","p2id":"floridaparkinglot","formatid":"gen9vgc2023regulatione","rating":1272,"private":0,"password":""}