{"id":"gen9vgc2023regulatione-1988521402","p1":"BlindMagneton","p2":"DingusMcRingus","format":"[Gen 9] VGC 2023 Regulation E","log":"|j|\u2606BlindMagneton\n|j|\u2606DingusMcRingus\n|t:|1699731854\n|gametype|doubles\n|player|p1|BlindMagneton|wattson|1329\n|player|p2|DingusMcRingus|ethan|1328\n|teamsize|p1|6\n|teamsize|p2|6\n|gen|9\n|tier|[Gen 9] VGC 2023 Regulation E\n|rated|\n|rule|Species Clause: Limit one of each Pok\u00e9mon\n|rule|Item Clause: Limit one of each item\n|clearpoke\n|poke|p1|Zoroark-Hisui, L50, F|\n|poke|p1|Grimmsnarl, L50, M|\n|poke|p1|Magnezone, L50|\n|poke|p1|Sinistcha, L50|\n|poke|p1|Farigiraf, L50, F|\n|poke|p1|Pelipper, L50, F|\n|poke|p2|Heatran, L50, F|\n|poke|p2|Landorus-Therian, L50, M|\n|poke|p2|Iron Hands, L50|\n|poke|p2|Iron Bundle, L50|\n|poke|p2|Rillaboom, L50, M|\n|poke|p2|Ogerpon-Hearthflame, L50, F|\n|teampreview|4\n|inactive|Battle timer is ON: inactive players will automatically lose when time's up. (requested by DingusMcRingus)\n|inactive|BlindMagneton has 60 seconds left.\n|inactive|DingusMcRingus has 60 seconds left.\n|\n|t:|1699731902\n|start\n|switch|p1a: Grimmsnarl|Grimmsnarl, L50, M|100\/100\n|switch|p1b: Magnezone|Magnezone, L50|100\/100\n|switch|p2a: Landorus|Landorus-Therian, L50, M|100\/100\n|switch|p2b: Iron Bundle|Iron Bundle, L50|100\/100\n|-ability|p2a: Landorus|Intimidate|boost\n|-unboost|p1a: Grimmsnarl|atk|1\n|-unboost|p1b: Magnezone|atk|1\n|-enditem|p2b: Iron Bundle|Booster Energy\n|-activate|p2b: Iron Bundle|ability: Quark Drive|[fromitem]\n|-start|p2b: Iron Bundle|quarkdrivespe\n|turn|1\n|inactive|DingusMcRingus has 30 seconds left.\n|\n|t:|1699731931\n|move|p2b: Iron Bundle|Protect|p2b: Iron Bundle\n|-singleturn|p2b: Iron Bundle|Protect\n|move|p1a: Grimmsnarl|Fake Out|p2a: Landorus\n|-damage|p2a: Landorus|91\/100\n|cant|p2a: Landorus|flinch\n|move|p1b: Magnezone|Trick|p2a: Landorus\n|-activate|p1b: Magnezone|move: Trick|[of] p2a: Landorus\n|-item|p2a: Landorus|Choice Specs|[from] move: Trick\n|-item|p1b: Magnezone|Choice Scarf|[from] move: Trick\n|\n|upkeep\n|turn|2\n|inactive|BlindMagneton has 30 seconds left.\n|inactive|BlindMagneton has 20 seconds left.\n|inactive|BlindMagneton has 15 seconds left.\n|inactive|BlindMagneton has 10 seconds left.\n|\n|t:|1699731977\n|move|p1a: Grimmsnarl|Thunder Wave|p2b: Iron Bundle\n|-status|p2b: Iron Bundle|par\n|move|p1b: Magnezone|Hyper Voice|p2b: Iron Bundle|[spread] p2a,p2b\n|-damage|p2a: Landorus|50\/100\n|-damage|p2b: Iron Bundle|27\/100 par\n|move|p2a: Landorus|Stomping Tantrum|p1b: Magnezone\n|-damage|p1b: Magnezone|0 fnt\n|replace|p1b: Zoroark|Zoroark-Hisui, L50, F\n|-end|p1b: Zoroark|Illusion\n|faint|p1b: Zoroark\n|cant|p2b: Iron Bundle|par\n|\n|upkeep\n|inactive|BlindMagneton has 30 seconds left.\n|\n|t:|1699732011\n|switch|p1b: Magnezone|Magnezone, L50|100\/100\n|turn|3\n|\n|t:|1699732035\n|move|p1b: Magnezone|Protect|p1b: Magnezone\n|-singleturn|p1b: Magnezone|Protect\n|move|p1a: Grimmsnarl|Sucker Punch|p2b: Iron Bundle\n|-damage|p2b: Iron Bundle|2\/100 par\n|move|p2a: Landorus|Stomping Tantrum|p1b: Magnezone\n|-activate|p1b: Magnezone|move: Protect\n|move|p2b: Iron Bundle|Icy Wind|p1a: Grimmsnarl|[spread] p1a\n|-activate|p1b: Magnezone|move: Protect\n|-damage|p1a: Grimmsnarl|83\/100\n|\n|upkeep\n|turn|4\n|\n|t:|1699732058\n|switch|p1b: Pelipper|Pelipper, L50, F|100\/100\n|-weather|RainDance|[from] ability: Drizzle|[of] p1b: Pelipper\n|move|p1a: Grimmsnarl|Sucker Punch|p2b: Iron Bundle\n|-damage|p2b: Iron Bundle|0 fnt\n|faint|p2b: Iron Bundle\n|-end|p2b: Iron Bundle|Quark Drive|[silent]\n|move|p2a: Landorus|Stomping Tantrum|p1b: Pelipper\n|-immune|p1b: Pelipper\n|\n|-weather|RainDance|[upkeep]\n|upkeep\n|\n|t:|1699732062\n|switch|p2b: Rillaboom|Rillaboom, L50, M|100\/100\n|-fieldstart|move: Grassy Terrain|[from] ability: Grassy Surge|[of] p2b: Rillaboom\n|turn|5\n|\n|t:|1699732083\n|move|p1b: Pelipper|Protect|p1b: Pelipper\n|-singleturn|p1b: Pelipper|Protect\n|move|p2b: Rillaboom|Fake Out|p1b: Pelipper\n|-activate|p1b: Pelipper|move: Protect\n|move|p1a: Grimmsnarl|Thunder Wave|p2b: Rillaboom\n|-status|p2b: Rillaboom|par\n|move|p2a: Landorus|Stomping Tantrum|p1a: Grimmsnarl\n|-damage|p1a: Grimmsnarl|6\/100\n|\n|-weather|RainDance|[upkeep]\n|-heal|p1a: Grimmsnarl|12\/100|[from] Grassy Terrain\n|upkeep\n|turn|6\n|inactive|BlindMagneton has 30 seconds left.\n|inactive|DingusMcRingus has 30 seconds left.\n|inactive|BlindMagneton has 20 seconds left.\n|inactive|BlindMagneton has 15 seconds left.\n|inactive|BlindMagneton has 10 seconds left.\n|\n|t:|1699732130\n|switch|p1b: Magnezone|Magnezone, L50|100\/100\n|move|p1a: Grimmsnarl|Parting Shot|p2a: Landorus\n|-unboost|p2a: Landorus|atk|1\n|-unboost|p2a: Landorus|spa|1\n|\n|t:|1699732136\n|switch|p1a: Pelipper|Pelipper, L50, F|100\/100|[from] Parting Shot\n|move|p2a: Landorus|Stomping Tantrum|p1a: Pelipper\n|-immune|p1a: Pelipper\n|move|p2b: Rillaboom|Knock Off|p1b: Magnezone\n|-damage|p1b: Magnezone|78\/100\n|-enditem|p1b: Magnezone|Leftovers|[from] move: Knock Off|[of] p2b: Rillaboom\n|\n|-weather|RainDance|[upkeep]\n|-heal|p1b: Magnezone|84\/100|[from] Grassy Terrain\n|upkeep\n|turn|7\n|\n|t:|1699732152\n|move|p1b: Magnezone|Protect|p1b: Magnezone\n|-singleturn|p1b: Magnezone|Protect\n|move|p2a: Landorus|Stomping Tantrum|p1b: Magnezone\n|-activate|p1b: Magnezone|move: Protect\n|move|p1a: Pelipper|Weather Ball|p2a: Landorus\n|-supereffective|p2a: Landorus\n|-damage|p2a: Landorus|0 fnt\n|faint|p2a: Landorus\n|cant|p2b: Rillaboom|par\n|\n|-weather|RainDance|[upkeep]\n|-heal|p1b: Magnezone|90\/100|[from] Grassy Terrain\n|upkeep\n|\n|t:|1699732159\n|switch|p2a: Ogerpon|Ogerpon-Hearthflame, L50, F|100\/100\n|-ability|p2a: Ogerpon|Mold Breaker\n|turn|8\n|inactive|BlindMagneton has 30 seconds left.\n|inactive|DingusMcRingus has 30 seconds left.\n|\n|t:|1699732190\n|-terastallize|p1b: Magnezone|Dragon\n|move|p2a: Ogerpon|Spiky Shield|p2a: Ogerpon\n|-singleturn|p2a: Ogerpon|move: Protect\n|move|p2b: Rillaboom|Grassy Glide|p1a: Pelipper\n|-damage|p1a: Pelipper|52\/100\n|move|p1a: Pelipper|Hurricane|p2a: Ogerpon\n|-activate|p2a: Ogerpon|move: Protect\n|move|p1b: Magnezone|Iron Defense|p1b: Magnezone\n|-boost|p1b: Magnezone|def|2\n|\n|-weather|none\n|-heal|p1b: Magnezone|97\/100|[from] Grassy Terrain\n|upkeep\n|turn|9\n|inactive|DingusMcRingus has 30 seconds left.\n|inactive|DingusMcRingus has 20 seconds left.\n|inactive|DingusMcRingus has 15 seconds left.\n|inactive|DingusMcRingus has 10 seconds left.\n|inactive|DingusMcRingus has 5 seconds left.\n|\n|t:|1699732242\n|switch|p1a: Grimmsnarl|Grimmsnarl, L50, M|12\/100\n|move|p1b: Magnezone|Protect|p1b: Magnezone\n|-singleturn|p1b: Magnezone|Protect\n|move|p2b: Rillaboom|Grassy Glide|p1a: Grimmsnarl\n|-damage|p1a: Grimmsnarl|0 fnt\n|faint|p1a: Grimmsnarl\n|move|p2a: Ogerpon|Swords Dance|p2a: Ogerpon\n|-boost|p2a: Ogerpon|atk|2\n|\n|-heal|p1b: Magnezone|100\/100|[from] Grassy Terrain\n|-fieldend|move: Grassy Terrain\n|upkeep\n|\n|t:|1699732251\n|switch|p1a: Pelipper|Pelipper, L50, F|52\/100\n|-weather|RainDance|[from] ability: Drizzle|[of] p1a: Pelipper\n|turn|10\n|inactive|DingusMcRingus has 30 seconds left.\n|\n|t:|1699732285\n|move|p2a: Ogerpon|Spiky Shield|p2a: Ogerpon\n|-singleturn|p2a: Ogerpon|move: Protect\n|move|p1a: Pelipper|Hurricane|p2b: Rillaboom\n|-supereffective|p2b: Rillaboom\n|-damage|p2b: Rillaboom|0 fnt\n|faint|p2b: Rillaboom\n|move|p1b: Magnezone|Body Press|p2a: Ogerpon\n|-activate|p2a: Ogerpon|move: Protect\n|-damage|p1b: Magnezone|88\/100|[from] Spiky Shield|[of] p2a: Ogerpon\n|\n|-weather|RainDance|[upkeep]\n|upkeep\n|turn|11\n|\n|t:|1699732298\n|-terastallize|p2a: Ogerpon|Fire\n|detailschange|p2a: Ogerpon|Ogerpon-Hearthflame-Tera, L50, F, tera:Fire\n|-ability|p2a: Ogerpon|Embody Aspect (Hearthflame)|boost\n|-boost|p2a: Ogerpon|atk|1\n|move|p2a: Ogerpon|Ivy Cudgel|p1a: Pelipper\n|-resisted|p1a: Pelipper\n|-damage|p1a: Pelipper|0 fnt\n|faint|p1a: Pelipper\n|move|p1b: Magnezone|Iron Defense|p1b: Magnezone\n|-boost|p1b: Magnezone|def|2\n|\n|-weather|RainDance|[upkeep]\n|upkeep\n|turn|12\n|\n|t:|1699732316\n|move|p2a: Ogerpon|Spiky Shield|p2a: Ogerpon\n|-singleturn|p2a: Ogerpon|move: Protect\n|move|p1b: Magnezone|Iron Defense|p1b: Magnezone\n|-boost|p1b: Magnezone|def|2\n|\n|-weather|RainDance|[upkeep]\n|upkeep\n|turn|13\n|\n|t:|1699732325\n|move|p2a: Ogerpon|Ivy Cudgel|p1b: Magnezone\n|-resisted|p1b: Magnezone\n|-damage|p1b: Magnezone|80\/100\n|move|p1b: Magnezone|Body Press|p2a: Ogerpon\n|-damage|p2a: Ogerpon|0 fnt\n|faint|p2a: Ogerpon\n|\n|win|BlindMagneton\n|raw|BlindMagneton's rating: 1329 &rarr; <strong>1349<\/strong><br \/>(+20 for winning)\n|raw|DingusMcRingus's rating: 1328 &rarr; <strong>1308<\/strong><br \/>(-20 for losing)\n","uploadtime":1699732333,"views":19,"p1id":"blindmagneton","p2id":"dingusmcringus","formatid":"gen9vgc2023regulatione","rating":1308,"private":0,"password":""}