{"id":"gen9vgc2023regulatione-1999577078","p1":"tkinthemiddle","p2":"haamgamer07","format":"[Gen 9] VGC 2023 Regulation E","log":"|j|\u2606tkinthemiddle\n|j|\u2606haamgamer07\n|t:|1701097859\n|gametype|doubles\n|player|p1|tkinthemiddle|pokemonbreederf-gen4|1327\n|player|p2|haamgamer07|102|1331\n|teamsize|p1|6\n|teamsize|p2|6\n|gen|9\n|tier|[Gen 9] VGC 2023 Regulation E\n|rated|\n|rule|Species Clause: Limit one of each Pok\u00e9mon\n|rule|Item Clause: Limit one of each item\n|clearpoke\n|poke|p1|Cresselia, L50, F|\n|poke|p1|Scizor, L50, F|\n|poke|p1|Overqwil, L50, M|\n|poke|p1|Roaring Moon, L50|\n|poke|p1|Flutter Mane, L50|\n|poke|p1|Amoonguss, L50, M|\n|poke|p2|Flutter Mane, L50|\n|poke|p2|Iron Hands, L50|\n|poke|p2|Ogerpon-Hearthflame, L50, F|\n|poke|p2|Cresselia, L50, F|\n|poke|p2|Ursaluna, L50, F|\n|poke|p2|Empoleon, L50, M|\n|teampreview|4\n|inactive|Battle timer is ON: inactive players will automatically lose when time's up. (requested by haamgamer07)\n|inactive|tkinthemiddle has 60 seconds left.\n|inactive|haamgamer07 has 60 seconds left.\n|inactive|tkinthemiddle has 30 seconds left.\n|inactive|tkinthemiddle has 20 seconds left.\n|inactive|tkinthemiddle has 15 seconds left.\n|inactive|tkinthemiddle has 10 seconds left.\n|inactive|tkinthemiddle has 5 seconds left.\n|\n|t:|1701097965\n|start\n|switch|p1a: Cresselia|Cresselia, L50, F|100\/100\n|switch|p1b: Scizor|Scizor, L50, F|100\/100\n|switch|p2a: Flutter Mane|Flutter Mane, L50|100\/100\n|switch|p2b: Iron Hands|Iron Hands, L50|100\/100\n|turn|1\n|inactive|tkinthemiddle has 30 seconds left.\n|inactive|haamgamer07 has 30 seconds left.\n|inactive|tkinthemiddle has 20 seconds left.\n|inactive|haamgamer07 has 20 seconds left.\n|inactive|tkinthemiddle has 15 seconds left.\n|inactive|tkinthemiddle has 10 seconds left.\n|inactive|tkinthemiddle has 5 seconds left.\n|\n|t:|1701098016\n|move|p2b: Iron Hands|Fake Out|p1b: Scizor\n|-resisted|p1b: Scizor\n|-damage|p1b: Scizor|91\/100\n|cant|p1b: Scizor|flinch\n|move|p2a: Flutter Mane|Shadow Ball|p1a: Cresselia\n|-supereffective|p1a: Cresselia\n|-damage|p1a: Cresselia|49\/100\n|move|p1a: Cresselia|Calm Mind|p1a: Cresselia\n|-boost|p1a: Cresselia|spa|1\n|-boost|p1a: Cresselia|spd|1\n|\n|-heal|p1a: Cresselia|55\/100|[from] item: Leftovers\n|upkeep\n|turn|2\n|inactive|haamgamer07 has 30 seconds left.\n|\n|t:|1701098044\n|-terastallize|p2b: Iron Hands|Fire\n|move|p1b: Scizor|Bullet Punch|p2a: Flutter Mane\n|-supereffective|p2a: Flutter Mane\n|-enditem|p2a: Flutter Mane|Focus Sash\n|-damage|p2a: Flutter Mane|1\/100\n|move|p2a: Flutter Mane|Shadow Ball|p1a: Cresselia\n|-supereffective|p1a: Cresselia\n|-damage|p1a: Cresselia|22\/100\n|-unboost|p1a: Cresselia|spd|1\n|move|p1a: Cresselia|Lunar Blessing|p1a: Cresselia|[spread] p1a,p1b\n|-heal|p1a: Cresselia|47\/100\n|-heal|p1b: Scizor|100\/100\n|move|p2b: Iron Hands|Swords Dance|p2b: Iron Hands\n|-boost|p2b: Iron Hands|atk|2\n|\n|-heal|p1a: Cresselia|53\/100|[from] item: Leftovers\n|upkeep\n|turn|3\n|inactive|tkinthemiddle has 30 seconds left.\n|inactive|tkinthemiddle has 20 seconds left.\n|inactive|tkinthemiddle has 15 seconds left.\n|inactive|tkinthemiddle has 10 seconds left.\n|inactive|tkinthemiddle has 5 seconds left.\n|\n|t:|1701098099\n|move|p2a: Flutter Mane|Protect|p2a: Flutter Mane\n|-singleturn|p2a: Flutter Mane|Protect\n|move|p1b: Scizor|Bullet Punch|p2a: Flutter Mane\n|-activate|p2a: Flutter Mane|move: Protect\n|move|p1a: Cresselia|Psychic|p2b: Iron Hands\n|-damage|p2b: Iron Hands|70\/100\n|move|p2b: Iron Hands|Wild Charge|p1a: Cresselia\n|-damage|p1a: Cresselia|0 fnt\n|faint|p1a: Cresselia\n|-damage|p2b: Iron Hands|58\/100|[from] Recoil\n|\n|upkeep\n|inactive|tkinthemiddle has 30 seconds left.\n|inactive|tkinthemiddle has 20 seconds left.\n|inactive|tkinthemiddle has 15 seconds left.\n|inactive|tkinthemiddle has 10 seconds left.\n|\n|t:|1701098145\n|switch|p1a: Overqwil|Overqwil, L50, M|100\/100\n|-ability|p1a: Overqwil|Intimidate|boost\n|-unboost|p2a: Flutter Mane|atk|1\n|-unboost|p2b: Iron Hands|atk|1\n|turn|4\n|\n|t:|1701098164\n|-end|p2a: Flutter Mane|Protosynthesis|[silent]\n|switch|p2a: Ursaluna|Ursaluna, L50, F|100\/100\n|move|p1b: Scizor|Bullet Punch|p2a: Ursaluna\n|-crit|p2a: Ursaluna\n|-damage|p2a: Ursaluna|58\/100\n|move|p1a: Overqwil|Barb Barrage|p2b: Iron Hands\n|-damage|p2b: Iron Hands|41\/100\n|-enditem|p2b: Iron Hands|Sitrus Berry|[eat]\n|-heal|p2b: Iron Hands|65\/100|[from] item: Sitrus Berry\n|move|p2b: Iron Hands|Drain Punch|p1b: Scizor\n|-damage|p1b: Scizor|22\/100\n|-heal|p2b: Iron Hands|93\/100|[from] drain|[of] p1b: Scizor\n|\n|-status|p2a: Ursaluna|brn|[from] item: Flame Orb\n|upkeep\n|turn|5\n|inactive|tkinthemiddle has 30 seconds left.\n|inactive|haamgamer07 has 30 seconds left.\n|inactive|tkinthemiddle has 20 seconds left.\n|inactive|tkinthemiddle has 15 seconds left.\n|inactive|tkinthemiddle has 10 seconds left.\n|inactive|tkinthemiddle has 5 seconds left.\n|\n|t:|1701098219\n|move|p1b: Scizor|Bullet Punch|p2a: Ursaluna\n|-damage|p2a: Ursaluna|29\/100 brn\n|move|p1a: Overqwil|Barb Barrage|p2b: Iron Hands\n|-damage|p2b: Iron Hands|75\/100\n|move|p2b: Iron Hands|Drain Punch|p1b: Scizor\n|-damage|p1b: Scizor|0 fnt\n|-heal|p2b: Iron Hands|82\/100|[from] drain|[of] p1b: Scizor\n|faint|p1b: Scizor\n|move|p2a: Ursaluna|Facade|p1a: Overqwil\n|-damage|p1a: Overqwil|0 fnt\n|-damage|p2a: Ursaluna|13\/100 brn|[from] item: Rocky Helmet|[of] p1a: Overqwil\n|faint|p1a: Overqwil\n|\n|-damage|p2a: Ursaluna|7\/100 brn|[from] brn\n|upkeep\n|inactive|tkinthemiddle has 30 seconds left.\n|inactive|tkinthemiddle has 20 seconds left.\n|inactive|tkinthemiddle has 15 seconds left.\n|inactive|tkinthemiddle has 10 seconds left.\n|inactive|tkinthemiddle has 5 seconds left.\n|\n|t:|1701098274\n|switch|p1a: Roaring Moon|Roaring Moon, L50|100\/100\n|-enditem|p1a: Roaring Moon|Booster Energy\n|-activate|p1a: Roaring Moon|ability: Protosynthesis|[fromitem]\n|-start|p1a: Roaring Moon|protosynthesisspe\n|turn|6\n|inactive|tkinthemiddle has 30 seconds left.\n|inactive|haamgamer07 has 30 seconds left.\n|inactive|tkinthemiddle has 20 seconds left.\n|inactive|tkinthemiddle has 15 seconds left.\n|inactive|tkinthemiddle has 10 seconds left.\n|inactive|tkinthemiddle has 5 seconds left.\n|\n|t:|1701098329\n|move|p1a: Roaring Moon|Breaking Swipe|p2b: Iron Hands|[spread] p2a,p2b\n|-damage|p2a: Ursaluna|0 fnt\n|-damage|p2b: Iron Hands|67\/100\n|-unboost|p2b: Iron Hands|atk|1\n|faint|p2a: Ursaluna\n|move|p2b: Iron Hands|Wild Charge|p1a: Roaring Moon\n|-resisted|p1a: Roaring Moon\n|-crit|p1a: Roaring Moon\n|-damage|p1a: Roaring Moon|55\/100\n|-damage|p2b: Iron Hands|57\/100|[from] Recoil\n|\n|upkeep\n|\n|t:|1701098340\n|switch|p2a: Empoleon|Empoleon, L50, M|100\/100\n|turn|7\n|inactive|tkinthemiddle has 30 seconds left.\n|l|\u2606haamgamer07\n|inactive|haamgamer07 disconnected and has a minute to reconnect!\n|player|p2|\n|inactive|tkinthemiddle has 20 seconds left.\n|j|\u2606haamgamer07\n|inactive|haamgamer07 reconnected.\n|player|p2|haamgamer07|102\n|inactive|tkinthemiddle has 15 seconds left.\n|inactive|tkinthemiddle has 10 seconds left.\n|inactive|tkinthemiddle has 5 seconds left.\n|\n|t:|1701098395\n|move|p1a: Roaring Moon|Breaking Swipe|p2a: Empoleon|[spread] p2a,p2b\n|-resisted|p2a: Empoleon\n|-damage|p2a: Empoleon|89\/100\n|-damage|p2b: Iron Hands|43\/100\n|-unboost|p2a: Empoleon|atk|1\n|-ability|p2a: Empoleon|Competitive|boost\n|-boost|p2a: Empoleon|spa|2\n|-unboost|p2b: Iron Hands|atk|1\n|move|p2b: Iron Hands|Wild Charge|p1a: Roaring Moon\n|-resisted|p1a: Roaring Moon\n|-damage|p1a: Roaring Moon|34\/100\n|-damage|p2b: Iron Hands|38\/100|[from] Recoil\n|move|p2a: Empoleon|Ice Beam|p1a: Roaring Moon\n|-supereffective|p1a: Roaring Moon\n|-damage|p1a: Roaring Moon|0 fnt\n|faint|p1a: Roaring Moon\n|-end|p1a: Roaring Moon|Protosynthesis|[silent]\n|\n|win|haamgamer07\n|inactive|tkinthemiddle has 30 seconds left this turn.\n|raw|tkinthemiddle's rating: 1327 &rarr; <strong>1307<\/strong><br \/>(-20 for losing)\n|raw|haamgamer07's rating: 1331 &rarr; <strong>1351<\/strong><br \/>(+20 for winning)\n","uploadtime":1701098588,"views":14,"p1id":"tkinthemiddle","p2id":"haamgamer07","formatid":"gen9vgc2023regulatione","rating":1307,"private":0,"password":""}