{"id":"gen9vgc2023regulatione-1989367045","p1":"solstardragon","p2":"LegacyKiwi","format":"[Gen 9] VGC 2023 Regulation E","log":"|j|\u2606solstardragon\n|j|\u2606LegacyKiwi\n|t:|1699841420\n|gametype|doubles\n|player|p1|solstardragon|gambler|1101\n|player|p2|LegacyKiwi|102|1007\n|teamsize|p1|6\n|teamsize|p2|6\n|gen|9\n|tier|[Gen 9] VGC 2023 Regulation E\n|rated|\n|rule|Species Clause: Limit one of each Pok\u00e9mon\n|rule|Item Clause: Limit one of each item\n|clearpoke\n|poke|p1|Dipplin, L50, M|\n|poke|p1|Skeledirge, L50, F|\n|poke|p1|Dondozo, L50, F|\n|poke|p1|Tatsugiri, L50, F|\n|poke|p1|Indeedee-F, L50, F|\n|poke|p1|Glimmora, L50, M|\n|poke|p2|Altaria, L50, M|\n|poke|p2|Azumarill, L50, F|\n|poke|p2|Toxapex, L50, F|\n|poke|p2|Koffing, L50, F|\n|poke|p2|Decidueye, L50, M|\n|poke|p2|Kommo-o, L50, M|\n|teampreview|4\n|\n|t:|1699841467\n|start\n|switch|p1a: Indeedee|Indeedee-F, L50, F|100\/100\n|switch|p1b: Glimmora|Glimmora, L50, M|100\/100\n|switch|p2a: Altaria|Altaria, L50, M, shiny|100\/100\n|switch|p2b: Decidueye|Decidueye, L50, M, shiny|100\/100\n|-fieldstart|move: Psychic Terrain|[from] ability: Psychic Surge|[of] p1a: Indeedee\n|-ability|p2a: Altaria|Cloud Nine\n|turn|1\n|\n|t:|1699841496\n|move|p1a: Indeedee|Follow Me|p1a: Indeedee\n|-singleturn|p1a: Indeedee|move: Follow Me\n|move|p1b: Glimmora|Sludge Bomb|p2b: Decidueye\n|-damage|p2b: Decidueye|68\/100\n|move|p2a: Altaria|Perish Song|p2a: Altaria\n|-start|p1a: Indeedee|perish3|[silent]\n|-start|p1b: Glimmora|perish3|[silent]\n|-start|p2a: Altaria|perish3|[silent]\n|-start|p2b: Decidueye|perish3|[silent]\n|-fieldactivate|move: Perish Song\n|move|p2b: Decidueye|Spirit Shackle|p1a: Indeedee\n|-immune|p1a: Indeedee\n|\n|-start|p1b: Glimmora|perish3\n|-start|p1a: Indeedee|perish3\n|-start|p2a: Altaria|perish3\n|-start|p2b: Decidueye|perish3\n|upkeep\n|turn|2\n|\n|t:|1699841518\n|move|p1a: Indeedee|Follow Me|p1a: Indeedee\n|-singleturn|p1a: Indeedee|move: Follow Me\n|move|p1b: Glimmora|Mortal Spin|p2b: Decidueye|[spread] p2a,p2b\n|-damage|p2a: Altaria|96\/100\n|-damage|p2b: Decidueye|63\/100\n|-status|p2a: Altaria|psn\n|-status|p2b: Decidueye|psn\n|move|p2a: Altaria|Fire Spin|p1a: Indeedee\n|-damage|p1a: Indeedee|94\/100\n|-activate|p1a: Indeedee|move: Fire Spin|[of] p2a: Altaria\n|move|p2b: Decidueye|Synthesis|p2b: Decidueye\n|-heal|p2b: Decidueye|100\/100 psn\n|\n|-damage|p2a: Altaria|83\/100 psn|[from] psn\n|-damage|p2b: Decidueye|88\/100 psn|[from] psn\n|-damage|p1a: Indeedee|81\/100|[from] move: Fire Spin|[partiallytrapped]\n|-start|p1b: Glimmora|perish2\n|-start|p1a: Indeedee|perish2\n|-start|p2a: Altaria|perish2\n|-start|p2b: Decidueye|perish2\n|upkeep\n|turn|3\n|\n|t:|1699841547\n|move|p1b: Glimmora|Power Gem|p2a: Altaria\n|-supereffective|p2a: Altaria\n|-damage|p2a: Altaria|23\/100 psn\n|move|p1a: Indeedee|Dazzling Gleam|p2a: Altaria|[spread] p2a,p2b\n|-supereffective|p2a: Altaria\n|-damage|p2a: Altaria|2\/100 psn\n|-damage|p2b: Decidueye|79\/100 psn\n|move|p2a: Altaria|Fire Spin|p1b: Glimmora\n|-resisted|p1b: Glimmora\n|-damage|p1b: Glimmora|96\/100\n|-activate|p1b: Glimmora|move: Fire Spin|[of] p2a: Altaria\n|move|p2b: Decidueye|Spirit Shackle|p1b: Glimmora\n|-damage|p1b: Glimmora|60\/100\n|-activate|p1b: Glimmora|trapped\n|-activate|p1b: Glimmora|ability: Toxic Debris\n|-sidestart|p2: LegacyKiwi|move: Toxic Spikes\n|\n|-damage|p2a: Altaria|0 fnt|[from] psn\n|faint|p2a: Altaria\n|-damage|p2b: Decidueye|67\/100 psn|[from] psn\n|-end|p1b: Glimmora|Fire Spin|[partiallytrapped]|[silent]\n|-end|p1a: Indeedee|Fire Spin|[partiallytrapped]|[silent]\n|-start|p1b: Glimmora|perish1\n|-start|p1a: Indeedee|perish1\n|-start|p2b: Decidueye|perish1\n|upkeep\n|\n|t:|1699841570\n|switch|p2a: Toxapex|Toxapex, L50, F, shiny|100\/100\n|-sideend|p2: LegacyKiwi|move: Toxic Spikes|[of] p2a: Toxapex\n|turn|4\n|\n|t:|1699841598\n|switch|p2b: Kommo-o|Kommo-o, L50, M|100\/100\n|move|p1a: Indeedee|Helping Hand|p1b: Glimmora\n|-singleturn|p1b: Glimmora|Helping Hand|[of] p1a: Indeedee\n|move|p1b: Glimmora|Power Gem|p2a: Toxapex\n|-damage|p2a: Toxapex|62\/100\n|move|p2a: Toxapex|Infestation|p1a: Indeedee\n|-supereffective|p1a: Indeedee\n|-damage|p1a: Indeedee|75\/100\n|-activate|p1a: Indeedee|move: Infestation|[of] p2a: Toxapex\n|-damage|p2a: Toxapex|45\/100|[from] item: Rocky Helmet|[of] p1a: Indeedee\n|\n|-heal|p2a: Toxapex|51\/100|[from] item: Black Sludge\n|-damage|p1a: Indeedee|62\/100|[from] move: Infestation|[partiallytrapped]\n|-start|p1b: Glimmora|perish0\n|-start|p1a: Indeedee|perish0\n|faint|p1b: Glimmora\n|faint|p1a: Indeedee\n|upkeep\n|\n|t:|1699841613\n|switch|p1b: Skeledirge|Skeledirge, L50, F|100\/100\n|switch|p1a: Dipplin|Dipplin, L50, M, shiny|100\/100\n|-enditem|p1b: Skeledirge|Psychic Seed\n|-boost|p1b: Skeledirge|spd|1|[from] item: Psychic Seed\n|-ability|p1a: Dipplin|Supersweet Syrup\n|-ability|p1a: Dipplin|Supersweet Syrup|boost\n|-unboost|p2a: Toxapex|evasion|1\n|-unboost|p2b: Kommo-o|evasion|1\n|turn|5\n|\n|t:|1699841649\n|-terastallize|p1b: Skeledirge|Fire\n|move|p2b: Kommo-o|Protect|p2b: Kommo-o\n|-singleturn|p2b: Kommo-o|Protect\n|move|p2a: Toxapex|Baneful Bunker|p2a: Toxapex\n|-singleturn|p2a: Toxapex|move: Protect\n|move|p1b: Skeledirge|Torch Song|p2a: Toxapex\n|-activate|p2a: Toxapex|move: Protect\n|move|p1a: Dipplin|Pollen Puff|p1b: Skeledirge\n|-immune|p1b: Skeledirge\n|\n|-heal|p2a: Toxapex|57\/100|[from] item: Black Sludge\n|-fieldend|move: Psychic Terrain\n|upkeep\n|turn|6\n|\n|t:|1699841682\n|move|p2b: Kommo-o|Noble Roar|p1b: Skeledirge\n|-unboost|p1b: Skeledirge|atk|1\n|-unboost|p1b: Skeledirge|spa|1\n|move|p1b: Skeledirge|Torch Song|p2a: Toxapex\n|-resisted|p2a: Toxapex\n|-damage|p2a: Toxapex|46\/100\n|-boost|p1b: Skeledirge|spa|1\n|move|p1a: Dipplin|Syrup Bomb|p2a: Toxapex\n|-damage|p2a: Toxapex|32\/100\n|-start|p2a: Toxapex|Syrup Bomb\n|move|p2a: Toxapex|Infestation|p1b: Skeledirge\n|-resisted|p1b: Skeledirge\n|-damage|p1b: Skeledirge|99\/100\n|-activate|p1b: Skeledirge|move: Infestation|[of] p2a: Toxapex\n|\n|-heal|p2a: Toxapex|38\/100|[from] item: Black Sludge\n|-damage|p1b: Skeledirge|87\/100|[from] move: Infestation|[partiallytrapped]\n|-unboost|p2a: Toxapex|spe|1\n|upkeep\n|turn|7\n|\n|t:|1699841707\n|move|p2a: Toxapex|Baneful Bunker|p2a: Toxapex\n|-singleturn|p2a: Toxapex|move: Protect\n|move|p2b: Kommo-o|Noble Roar|p1a: Dipplin\n|-unboost|p1a: Dipplin|atk|1\n|-unboost|p1a: Dipplin|spa|1\n|move|p1b: Skeledirge|Torch Song|p2b: Kommo-o\n|-immune|p2b: Kommo-o|[from] ability: Soundproof\n|move|p1a: Dipplin|Draco Meteor|p2b: Kommo-o\n|-supereffective|p2b: Kommo-o\n|-damage|p2b: Kommo-o|57\/100\n|-unboost|p1a: Dipplin|spa|2\n|\n|-heal|p2b: Kommo-o|63\/100|[from] item: Leftovers\n|-heal|p2a: Toxapex|44\/100|[from] item: Black Sludge\n|-damage|p1b: Skeledirge|75\/100|[from] move: Infestation|[partiallytrapped]\n|-unboost|p2a: Toxapex|spe|1\n|upkeep\n|turn|8\n|\n|t:|1699841733\n|move|p2b: Kommo-o|Noble Roar|p1b: Skeledirge\n|-unboost|p1b: Skeledirge|atk|1\n|-unboost|p1b: Skeledirge|spa|1\n|move|p1b: Skeledirge|Will-O-Wisp|p2a: Toxapex\n|-status|p2a: Toxapex|brn\n|move|p1a: Dipplin|Draco Meteor|p2b: Kommo-o\n|-supereffective|p2b: Kommo-o\n|-damage|p2b: Kommo-o|36\/100\n|-unboost|p1a: Dipplin|spa|2\n|move|p2a: Toxapex|Infestation|p1b: Skeledirge\n|-resisted|p1b: Skeledirge\n|-damage|p1b: Skeledirge|74\/100\n|\n|-heal|p2b: Kommo-o|42\/100|[from] item: Leftovers\n|-heal|p2a: Toxapex|50\/100 brn|[from] item: Black Sludge\n|-damage|p2a: Toxapex|44\/100 brn|[from] brn\n|-damage|p1b: Skeledirge|61\/100|[from] move: Infestation|[partiallytrapped]\n|-unboost|p2a: Toxapex|spe|1\n|upkeep\n|turn|9\n|\n|t:|1699841754\n|move|p2b: Kommo-o|Protect|p2b: Kommo-o\n|-singleturn|p2b: Kommo-o|Protect\n|move|p2a: Toxapex|Baneful Bunker|p2a: Toxapex\n|-singleturn|p2a: Toxapex|move: Protect\n|move|p1b: Skeledirge|Will-O-Wisp|p2b: Kommo-o\n|-activate|p2b: Kommo-o|move: Protect\n|move|p1a: Dipplin|Pollen Puff|p1b: Skeledirge\n|-heal|p1b: Skeledirge|100\/100\n|\n|-heal|p2b: Kommo-o|48\/100|[from] item: Leftovers\n|-heal|p2a: Toxapex|50\/100 brn|[from] item: Black Sludge\n|-damage|p2a: Toxapex|44\/100 brn|[from] brn\n|-damage|p1b: Skeledirge|88\/100|[from] move: Infestation|[partiallytrapped]\n|-end|p2a: Toxapex|Syrup Bomb|[silent]\n|upkeep\n|turn|10\n|\n|t:|1699841785\n|move|p2b: Kommo-o|Drain Punch|p1b: Skeledirge\n|-damage|p1b: Skeledirge|66\/100\n|-heal|p2b: Kommo-o|61\/100|[from] drain|[of] p1b: Skeledirge\n|move|p1b: Skeledirge|Will-O-Wisp|p2b: Kommo-o\n|-status|p2b: Kommo-o|brn\n|move|p1a: Dipplin|Draco Meteor|p2b: Kommo-o\n|-supereffective|p2b: Kommo-o\n|-damage|p2b: Kommo-o|43\/100 brn\n|-unboost|p1a: Dipplin|spa|1\n|move|p2a: Toxapex|Infestation|p1a: Dipplin\n|-supereffective|p1a: Dipplin\n|-damage|p1a: Dipplin|96\/100\n|-activate|p1a: Dipplin|move: Infestation|[of] p2a: Toxapex\n|\n|-heal|p2b: Kommo-o|49\/100 brn|[from] item: Leftovers\n|-heal|p2a: Toxapex|50\/100 brn|[from] item: Black Sludge\n|-damage|p2b: Kommo-o|43\/100 brn|[from] brn\n|-damage|p2a: Toxapex|44\/100 brn|[from] brn\n|-end|p1b: Skeledirge|Infestation|[partiallytrapped]\n|-damage|p1a: Dipplin|84\/100|[from] move: Infestation|[partiallytrapped]\n|upkeep\n|turn|11\n|\n|t:|1699841822\n|move|p2b: Kommo-o|Noble Roar|p1b: Skeledirge\n|-unboost|p1b: Skeledirge|atk|1\n|-unboost|p1b: Skeledirge|spa|1\n|move|p1b: Skeledirge|Hex|p2a: Toxapex\n|-damage|p2a: Toxapex|27\/100 brn\n|move|p1a: Dipplin|Pollen Puff|p1b: Skeledirge\n|-heal|p1b: Skeledirge|100\/100\n|move|p2a: Toxapex|Infestation|p1a: Dipplin\n|-supereffective|p1a: Dipplin\n|-damage|p1a: Dipplin|79\/100\n|\n|-heal|p2b: Kommo-o|49\/100 brn|[from] item: Leftovers\n|-heal|p2a: Toxapex|32\/100 brn|[from] item: Black Sludge\n|-damage|p2b: Kommo-o|43\/100 brn|[from] brn\n|-damage|p2a: Toxapex|27\/100 brn|[from] brn\n|-damage|p1a: Dipplin|66\/100|[from] move: Infestation|[partiallytrapped]\n|upkeep\n|turn|12\n|\n|t:|1699841853\n|switch|p2a: Decidueye|Decidueye, L50, M, shiny|67\/100 psn\n|move|p2b: Kommo-o|Drain Punch|p1a: Dipplin\n|-damage|p1a: Dipplin|59\/100\n|-heal|p2b: Kommo-o|47\/100 brn|[from] drain|[of] p1a: Dipplin\n|move|p1b: Skeledirge|Hex|p2a: Decidueye\n|-supereffective|p2a: Decidueye\n|-enditem|p2a: Decidueye|Kasib Berry|[eat]\n|-enditem|p2a: Decidueye|Kasib Berry|[weaken]\n|-damage|p2a: Decidueye|48\/100 psn\n|move|p1a: Dipplin|Draco Meteor|p2b: Kommo-o\n|-supereffective|p2b: Kommo-o\n|-damage|p2b: Kommo-o|31\/100 brn\n|\n|-heal|p2b: Kommo-o|37\/100 brn|[from] item: Leftovers\n|-damage|p2a: Decidueye|35\/100 psn|[from] psn\n|-damage|p2b: Kommo-o|31\/100 brn|[from] brn\n|-end|p1a: Dipplin|Infestation|[partiallytrapped]|[silent]\n|upkeep\n|turn|13\n|\n|t:|1699841879\n|-terastallize|p2a: Decidueye|Fire\n|move|p2b: Kommo-o|Drain Punch|p1a: Dipplin\n|-damage|p1a: Dipplin|51\/100\n|-heal|p2b: Kommo-o|35\/100 brn|[from] drain|[of] p1a: Dipplin\n|move|p1b: Skeledirge|Hex|p2a: Decidueye\n|-damage|p2a: Decidueye|13\/100 psn\n|move|p2a: Decidueye|Synthesis|p2a: Decidueye\n|-heal|p2a: Decidueye|63\/100 psn\n|move|p1a: Dipplin|Draco Meteor|p2b: Kommo-o\n|-supereffective|p2b: Kommo-o\n|-damage|p2b: Kommo-o|21\/100 brn\n|\n|-heal|p2b: Kommo-o|27\/100 brn|[from] item: Leftovers\n|-damage|p2a: Decidueye|51\/100 psn|[from] psn\n|-damage|p2b: Kommo-o|21\/100 brn|[from] brn\n|upkeep\n|turn|14\n|\n|t:|1699841904\n|switch|p2b: Toxapex|Toxapex, L50, F, shiny|60\/100 brn\n|move|p1b: Skeledirge|Hex|p2a: Decidueye\n|-damage|p2a: Decidueye|30\/100 psn\n|move|p2a: Decidueye|Synthesis|p2a: Decidueye\n|-heal|p2a: Decidueye|79\/100 psn\n|move|p1a: Dipplin|Draco Meteor|p2b: Toxapex\n|-damage|p2b: Toxapex|53\/100 brn\n|\n|-heal|p2b: Toxapex|59\/100 brn|[from] item: Black Sludge\n|-damage|p2a: Decidueye|67\/100 psn|[from] psn\n|-damage|p2b: Toxapex|53\/100 brn|[from] brn\n|upkeep\n|turn|15\n|\n|t:|1699841942\n|move|p1a: Dipplin|Protect|p1a: Dipplin\n|-singleturn|p1a: Dipplin|Protect\n|move|p1b: Skeledirge|Torch Song|p2a: Decidueye\n|-resisted|p2a: Decidueye\n|-damage|p2a: Decidueye|58\/100 psn\n|-boost|p1b: Skeledirge|spa|1\n|move|p2a: Decidueye|Synthesis|p2a: Decidueye\n|-heal|p2a: Decidueye|100\/100 psn\n|move|p2b: Toxapex|Infestation|p1a: Dipplin\n|-activate|p1a: Dipplin|move: Protect\n|\n|-heal|p2b: Toxapex|59\/100 brn|[from] item: Black Sludge\n|-damage|p2a: Decidueye|88\/100 psn|[from] psn\n|-damage|p2b: Toxapex|53\/100 brn|[from] brn\n|upkeep\n|turn|16\n|\n|t:|1699841963\n|move|p1b: Skeledirge|Torch Song|p2a: Decidueye\n|-resisted|p2a: Decidueye\n|-damage|p2a: Decidueye|77\/100 psn\n|-boost|p1b: Skeledirge|spa|1\n|move|p2a: Decidueye|Spirit Shackle|p1a: Dipplin\n|-damage|p1a: Dipplin|35\/100\n|-activate|p1a: Dipplin|trapped\n|move|p1a: Dipplin|Syrup Bomb|p2a: Decidueye\n|-resisted|p2a: Decidueye\n|-damage|p2a: Decidueye|76\/100 psn\n|-start|p2a: Decidueye|Syrup Bomb\n|move|p2b: Toxapex|Infestation|p1a: Dipplin\n|-supereffective|p1a: Dipplin\n|-damage|p1a: Dipplin|31\/100\n|-activate|p1a: Dipplin|move: Infestation|[of] p2b: Toxapex\n|\n|-heal|p2b: Toxapex|59\/100 brn|[from] item: Black Sludge\n|-damage|p2a: Decidueye|63\/100 psn|[from] psn\n|-damage|p2b: Toxapex|53\/100 brn|[from] brn\n|-damage|p1a: Dipplin|19\/100|[from] move: Infestation|[partiallytrapped]\n|-unboost|p2a: Decidueye|spe|1\n|upkeep\n|turn|17\n|\n|t:|1699841991\n|switch|p2b: Kommo-o|Kommo-o, L50, M|21\/100 brn\n|move|p1a: Dipplin|Protect|p1a: Dipplin\n|-singleturn|p1a: Dipplin|Protect\n|move|p2a: Decidueye|Protect|p2a: Decidueye\n|-singleturn|p2a: Decidueye|Protect\n|move|p1b: Skeledirge|Hex|p2a: Decidueye\n|-activate|p2a: Decidueye|move: Protect\n|\n|-heal|p2b: Kommo-o|27\/100 brn|[from] item: Leftovers\n|-damage|p2a: Decidueye|51\/100 psn|[from] psn\n|-damage|p2b: Kommo-o|21\/100 brn|[from] brn\n|-end|p1a: Dipplin|Infestation|[partiallytrapped]|[silent]\n|-unboost|p2a: Decidueye|spe|1\n|upkeep\n|turn|18\n|\n|t:|1699842018\n|switch|p2a: Toxapex|Toxapex, L50, F, shiny|86\/100 brn\n|move|p2b: Kommo-o|Noble Roar|p1b: Skeledirge\n|-unboost|p1b: Skeledirge|atk|1\n|-unboost|p1b: Skeledirge|spa|1\n|move|p1b: Skeledirge|Torch Song|p2b: Kommo-o\n|-immune|p2b: Kommo-o|[from] ability: Soundproof\n|move|p1a: Dipplin|Draco Meteor|p2b: Kommo-o\n|-supereffective|p2b: Kommo-o\n|-damage|p2b: Kommo-o|4\/100 brn\n|\n|-heal|p2b: Kommo-o|10\/100 brn|[from] item: Leftovers\n|-heal|p2a: Toxapex|92\/100 brn|[from] item: Black Sludge\n|-damage|p2b: Kommo-o|4\/100 brn|[from] brn\n|-damage|p2a: Toxapex|86\/100 brn|[from] brn\n|upkeep\n|turn|19\n|\n|t:|1699842040\n|move|p2b: Kommo-o|Drain Punch|p1a: Dipplin\n|-damage|p1a: Dipplin|11\/100\n|-heal|p2b: Kommo-o|8\/100 brn|[from] drain|[of] p1a: Dipplin\n|move|p1b: Skeledirge|Torch Song|p2a: Toxapex\n|-resisted|p2a: Toxapex\n|-damage|p2a: Toxapex|76\/100 brn\n|-boost|p1b: Skeledirge|spa|1\n|move|p1a: Dipplin|Draco Meteor|p2b: Kommo-o\n|-supereffective|p2b: Kommo-o\n|-damage|p2b: Kommo-o|0 fnt\n|faint|p2b: Kommo-o\n|move|p2a: Toxapex|Infestation|p1a: Dipplin\n|-supereffective|p1a: Dipplin\n|-damage|p1a: Dipplin|7\/100\n|-activate|p1a: Dipplin|move: Infestation|[of] p2a: Toxapex\n|\n|-heal|p2a: Toxapex|82\/100 brn|[from] item: Black Sludge\n|-damage|p2a: Toxapex|76\/100 brn|[from] brn\n|-damage|p1a: Dipplin|0 fnt|[from] move: Infestation|[partiallytrapped]\n|faint|p1a: Dipplin\n|upkeep\n|\n|t:|1699842061\n|switch|p2b: Decidueye|Decidueye, L50, M, shiny, tera:Fire|51\/100 psn\n|turn|20\n|\n|t:|1699842072\n|move|p1b: Skeledirge|Torch Song|p2b: Decidueye\n|-resisted|p2b: Decidueye\n|-damage|p2b: Decidueye|32\/100 psn\n|-boost|p1b: Skeledirge|spa|1\n|move|p2b: Decidueye|Synthesis|p2b: Decidueye\n|-heal|p2b: Decidueye|82\/100 psn\n|move|p2a: Toxapex|Infestation|p1b: Skeledirge\n|-resisted|p1b: Skeledirge\n|-damage|p1b: Skeledirge|99\/100\n|-activate|p1b: Skeledirge|move: Infestation|[of] p2a: Toxapex\n|\n|-heal|p2a: Toxapex|82\/100 brn|[from] item: Black Sludge\n|-damage|p2b: Decidueye|70\/100 psn|[from] psn\n|-damage|p2a: Toxapex|76\/100 brn|[from] brn\n|-damage|p1b: Skeledirge|87\/100|[from] move: Infestation|[partiallytrapped]\n|upkeep\n|turn|21\n|\n|t:|1699842099\n|move|p2a: Toxapex|Baneful Bunker|p2a: Toxapex\n|-singleturn|p2a: Toxapex|move: Protect\n|move|p1b: Skeledirge|Hex|p2b: Decidueye\n|-damage|p2b: Decidueye|12\/100 psn\n|move|p2b: Decidueye|Phantom Force||[still]\n|-prepare|p2b: Decidueye|Phantom Force\n|\n|-heal|p2a: Toxapex|82\/100 brn|[from] item: Black Sludge\n|-damage|p2b: Decidueye|0 fnt|[from] psn\n|faint|p2b: Decidueye\n|-damage|p2a: Toxapex|76\/100 brn|[from] brn\n|-damage|p1b: Skeledirge|75\/100|[from] move: Infestation|[partiallytrapped]\n|upkeep\n|turn|22\n|\n|t:|1699842117\n|move|p2a: Toxapex|Baneful Bunker||[still]\n|-fail|p2a: Toxapex\n|move|p1b: Skeledirge|Torch Song|p2a: Toxapex\n|-resisted|p2a: Toxapex\n|-damage|p2a: Toxapex|51\/100 brn\n|-boost|p1b: Skeledirge|spa|1\n|\n|-heal|p2a: Toxapex|57\/100 brn|[from] item: Black Sludge\n|-damage|p2a: Toxapex|51\/100 brn|[from] brn\n|-damage|p1b: Skeledirge|62\/100|[from] move: Infestation|[partiallytrapped]\n|upkeep\n|turn|23\n|\n|t:|1699842130\n|move|p1b: Skeledirge|Hex|p2a: Toxapex\n|-damage|p2a: Toxapex|0 fnt\n|faint|p2a: Toxapex\n|\n|win|solstardragon\n|raw|solstardragon's rating: 1101 &rarr; <strong>1119<\/strong><br \/>(+18 for winning)\n|raw|LegacyKiwi's rating: 1007 &rarr; <strong>1000<\/strong><br \/>(-7 for losing)\n|l|\u2606solstardragon\n|c|\u2606LegacyKiwi|gg\n","uploadtime":1699842140,"views":12,"p1id":"solstardragon","p2id":"legacykiwi","formatid":"gen9vgc2023regulatione","rating":1000,"private":0,"password":""}