{"id":"gen9vgc2023regulatione-1990025957","p1":"Rexluser","p2":"Lalo131015","format":"[Gen 9] VGC 2023 Regulation E","log":"|j|\u2606Rexluser\n|j|\u2606Lalo131015\n|t:|1699916658\n|gametype|doubles\n|player|p1|Rexluser|2|1021\n|player|p2|Lalo131015|1|1035\n|teamsize|p1|6\n|teamsize|p2|6\n|gen|9\n|tier|[Gen 9] VGC 2023 Regulation E\n|rated|\n|rule|Species Clause: Limit one of each Pok\u00e9mon\n|rule|Item Clause: Limit one of each item\n|clearpoke\n|poke|p1|Enamorus, L50, F|\n|poke|p1|Passimian, L50, M|\n|poke|p1|Dugtrio-Alola, L50, F|\n|poke|p1|Tornadus, L50, M|\n|poke|p1|Farigiraf, L50, M|\n|poke|p1|Rillaboom, L50, F|\n|poke|p2|Milotic, L50, F|\n|poke|p2|Moltres-Galar, L50|\n|poke|p2|Amoonguss, L50, M|\n|poke|p2|Sylveon, L50, F|\n|poke|p2|Klefki, L50, F|\n|poke|p2|Volcarona, L50, M|\n|teampreview|4\n|inactive|Battle timer is ON: inactive players will automatically lose when time's up. (requested by Rexluser)\n|inactive|Lalo131015 has 60 seconds left.\n|\n|t:|1699916702\n|start\n|switch|p1a: Enamorus|Enamorus, L50, F|100\/100\n|switch|p1b: Passimian|Passimian, L50, M|100\/100\n|switch|p2a: Volcarona|Volcarona, L50, M|100\/100\n|switch|p2b: Klefki|Klefki, L50, F|100\/100\n|turn|1\n|\n|t:|1699916721\n|move|p1b: Passimian|Protect|p1b: Passimian\n|-singleturn|p1b: Passimian|Protect\n|move|p2b: Klefki|Reflect|p2b: Klefki\n|-sidestart|p2: Lalo131015|Reflect\n|move|p2a: Volcarona|Fiery Dance|p1b: Passimian\n|-activate|p1b: Passimian|move: Protect\n|move|p1a: Enamorus|Misty Explosion|p2a: Volcarona|[spread] p2a,p2b\n|-activate|p1b: Passimian|move: Protect\n|-resisted|p2a: Volcarona\n|-resisted|p2b: Klefki\n|-damage|p2a: Volcarona|79\/100\n|-damage|p2b: Klefki|71\/100\n|faint|p1a: Enamorus\n|-ability|p1b: Passimian|Contrary|[from] ability: Receiver|[of] p1a: Enamorus\n|\n|upkeep\n|\n|t:|1699916736\n|switch|p1a: Dugtrio|Dugtrio-Alola, L50, F|100\/100\n|turn|2\n|\n|t:|1699916748\n|-terastallize|p1b: Passimian|Fire\n|move|p1a: Dugtrio|Charm|p1b: Passimian\n|-boost|p1b: Passimian|atk|2\n|move|p2a: Volcarona|Giga Drain|p1a: Dugtrio\n|-damage|p1a: Dugtrio|41\/100\n|-heal|p2a: Volcarona|100\/100|[from] drain|[of] p1a: Dugtrio\n|-damage|p2a: Volcarona|91\/100|[from] item: Life Orb\n|move|p1b: Passimian|Close Combat|p2a: Volcarona\n|-resisted|p2a: Volcarona\n|-crit|p2a: Volcarona\n|-damage|p2a: Volcarona|0 fnt\n|-boost|p1b: Passimian|def|1\n|-boost|p1b: Passimian|spd|1\n|faint|p2a: Volcarona\n|move|p2b: Klefki|Psychic|p1b: Passimian\n|-damage|p1b: Passimian|89\/100\n|\n|-heal|p1b: Passimian|95\/100|[from] item: Leftovers\n|upkeep\n|\n|t:|1699916766\n|switch|p2a: Milotic|Milotic, L50, F|100\/100\n|turn|3\n|\n|t:|1699916778\n|-terastallize|p2a: Milotic|Grass\n|move|p2b: Klefki|Light Screen|p2b: Klefki\n|-sidestart|p2: Lalo131015|move: Light Screen\n|move|p1a: Dugtrio|Charm|p1b: Passimian\n|-boost|p1b: Passimian|atk|2\n|move|p1b: Passimian|Close Combat|p2a: Milotic\n|-damage|p2a: Milotic|0 fnt\n|-boost|p1b: Passimian|def|1\n|-boost|p1b: Passimian|spd|1\n|faint|p2a: Milotic\n|\n|-heal|p1b: Passimian|100\/100|[from] item: Leftovers\n|upkeep\n|\n|t:|1699916791\n|switch|p2a: Sylveon|Sylveon, L50, F|100\/100\n|turn|4\n|\n|t:|1699916814\n|move|p1a: Dugtrio|Charm|p1b: Passimian\n|-boost|p1b: Passimian|atk|2\n|move|p1b: Passimian|Iron Head|p2a: Sylveon\n|-supereffective|p2a: Sylveon\n|-damage|p2a: Sylveon|0 fnt\n|faint|p2a: Sylveon\n|move|p2b: Klefki|Dazzling Gleam|p1b: Passimian|[spread] p1a,p1b\n|-resisted|p1a: Dugtrio\n|-resisted|p1b: Passimian\n|-damage|p1a: Dugtrio|29\/100\n|-damage|p1b: Passimian|96\/100\n|\n|-heal|p1b: Passimian|100\/100|[from] item: Leftovers\n|upkeep\n|turn|5\n|-message|Lalo131015 forfeited.\n|\n|win|Rexluser\n|raw|Rexluser's rating: 1021 &rarr; <strong>1059<\/strong><br \/>(+38 for winning)\n|raw|Lalo131015's rating: 1035 &rarr; <strong>1019<\/strong><br \/>(-16 for losing)\n|l|\u2606Lalo131015\n","uploadtime":1699916829,"views":12,"p1id":"rexluser","p2id":"lalo131015","formatid":"gen9vgc2023regulatione","rating":1019,"private":0,"password":""}