{"id":"gen9vgc2023regulatione-1990776969","p1":"bigmeatyclaws445","p2":"CharlienoB","format":"[Gen 9] VGC 2023 Regulation E","log":"|j|\u2606bigmeatyclaws445\n|j|\u2606CharlienoB\n|t:|1699999807\n|gametype|doubles\n|player|p1|bigmeatyclaws445|1|1069\n|player|p2|CharlienoB|169|1010\n|teamsize|p1|6\n|teamsize|p2|6\n|gen|9\n|tier|[Gen 9] VGC 2023 Regulation E\n|rated|\n|rule|Species Clause: Limit one of each Pok\u00e9mon\n|rule|Item Clause: Limit one of each item\n|clearpoke\n|poke|p1|Kingambit, L50, F|\n|poke|p1|Ceruledge, L50, M|\n|poke|p1|Rillaboom, L50, F|\n|poke|p1|Iron Hands, L50|\n|poke|p1|Urshifu-*, L50, M|\n|poke|p1|Dragonite, L50, M|\n|poke|p2|Espathra, L50, M|\n|poke|p2|Sinistcha, L50|\n|poke|p2|Chi-Yu, L50|\n|poke|p2|Basculegion, L50, M|\n|poke|p2|Hydreigon, L50, M|\n|poke|p2|Annihilape, L50, F|\n|teampreview|4\n|\n|t:|1699999834\n|start\n|switch|p1a: Rillaboom|Rillaboom, L50, F|100\/100\n|switch|p1b: Dragonite|Dragonite, L50, M|100\/100\n|switch|p2a: Annihilape|Annihilape, L50, F|100\/100\n|switch|p2b: Chi-Yu|Chi-Yu, L50|100\/100\n|-ability|p2b: Chi-Yu|Beads of Ruin\n|-fieldstart|move: Grassy Terrain|[from] ability: Grassy Surge|[of] p1a: Rillaboom\n|turn|1\n|\n|t:|1699999860\n|move|p2b: Chi-Yu|Protect|p2b: Chi-Yu\n|-singleturn|p2b: Chi-Yu|Protect\n|move|p1a: Rillaboom|Fake Out|p2b: Chi-Yu\n|-activate|p2b: Chi-Yu|move: Protect\n|move|p2a: Annihilape|U-turn|p1a: Rillaboom\n|-supereffective|p1a: Rillaboom\n|-damage|p1a: Rillaboom|30\/100\n|\n|t:|1699999869\n|switch|p2a: Sinistcha|Sinistcha, L50|100\/100|[from] U-turn\n|move|p1b: Dragonite|Tailwind|p1b: Dragonite\n|-sidestart|p1: bigmeatyclaws445|move: Tailwind\n|\n|-heal|p1a: Rillaboom|36\/100|[from] Grassy Terrain\n|upkeep\n|turn|2\n|\n|t:|1699999901\n|-terastallize|p1a: Rillaboom|Grass\n|move|p2a: Sinistcha|Rage Powder|p2a: Sinistcha\n|-singleturn|p2a: Sinistcha|move: Rage Powder\n|move|p1b: Dragonite|Stomping Tantrum|p2a: Sinistcha\n|-resisted|p2a: Sinistcha\n|-damage|p2a: Sinistcha|89\/100\n|move|p1a: Rillaboom|Wood Hammer|p2a: Sinistcha\n|-resisted|p2a: Sinistcha\n|-damage|p2a: Sinistcha|34\/100\n|-damage|p1a: Rillaboom|19\/100|[from] Recoil\n|move|p2b: Chi-Yu|Overheat|p1a: Rillaboom\n|-supereffective|p1a: Rillaboom\n|-damage|p1a: Rillaboom|0 fnt\n|-unboost|p2b: Chi-Yu|spa|2\n|faint|p1a: Rillaboom\n|\n|-heal|p2a: Sinistcha|40\/100|[from] Grassy Terrain\n|upkeep\n|\n|t:|1699999923\n|switch|p1a: Ceruledge|Ceruledge, L50, M|100\/100\n|turn|3\n|\n|t:|1699999949\n|-terastallize|p2a: Sinistcha|Dragon\n|move|p1a: Ceruledge|Bitter Blade|p2a: Sinistcha\n|-resisted|p2a: Sinistcha\n|-damage|p2a: Sinistcha|22\/100\n|-enditem|p2a: Sinistcha|Wiki Berry|[eat]\n|-heal|p2a: Sinistcha|55\/100|[from] item: Wiki Berry\n|move|p1b: Dragonite|Aerial Ace|p2b: Chi-Yu\n|-damage|p2b: Chi-Yu|69\/100\n|move|p2b: Chi-Yu|Nasty Plot|p2b: Chi-Yu\n|-boost|p2b: Chi-Yu|spa|2\n|move|p2a: Sinistcha|Strength Sap|p1a: Ceruledge\n|-unboost|p1a: Ceruledge|atk|1\n|-heal|p2a: Sinistcha|100\/100\n|\n|-heal|p2b: Chi-Yu|75\/100|[from] Grassy Terrain\n|upkeep\n|turn|4\n|\n|t:|1699999980\n|move|p1b: Dragonite|Extreme Speed|p2a: Sinistcha\n|-damage|p2a: Sinistcha|80\/100\n|move|p1a: Ceruledge|Poltergeist||[still]\n|-fail|p1a: Ceruledge\n|move|p2b: Chi-Yu|Snarl|p1b: Dragonite|[spread] p1a,p1b\n|-supereffective|p1a: Ceruledge\n|-damage|p1a: Ceruledge|35\/100\n|-damage|p1b: Dragonite|86\/100\n|-unboost|p1a: Ceruledge|spa|1\n|move|p2a: Sinistcha|Shadow Ball|p1a: Ceruledge\n|-supereffective|p1a: Ceruledge\n|-damage|p1a: Ceruledge|0 fnt\n|faint|p1a: Ceruledge\n|\n|-heal|p2b: Chi-Yu|81\/100|[from] Grassy Terrain\n|-heal|p2a: Sinistcha|86\/100|[from] Grassy Terrain\n|-sideend|p1: bigmeatyclaws445|move: Tailwind\n|upkeep\n|\n|t:|1699999988\n|switch|p1a: Urshifu|Urshifu-Rapid-Strike, L50, M|100\/100\n|turn|5\n|\n|t:|1700000007\n|move|p1b: Dragonite|Extreme Speed|p2a: Sinistcha\n|-damage|p2a: Sinistcha|63\/100\n|move|p2a: Sinistcha|Rage Powder|p2a: Sinistcha\n|-singleturn|p2a: Sinistcha|move: Rage Powder\n|move|p1a: Urshifu|Surging Strikes|p2a: Sinistcha\n|-resisted|p2a: Sinistcha\n|-crit|p2a: Sinistcha\n|-damage|p2a: Sinistcha|51\/100\n|-resisted|p2a: Sinistcha\n|-crit|p2a: Sinistcha\n|-damage|p2a: Sinistcha|38\/100\n|-resisted|p2a: Sinistcha\n|-crit|p2a: Sinistcha\n|-damage|p2a: Sinistcha|26\/100\n|-hitcount|p2a: Sinistcha|3\n|move|p2b: Chi-Yu|Nasty Plot|p2b: Chi-Yu\n|-boost|p2b: Chi-Yu|spa|2\n|\n|-heal|p2b: Chi-Yu|88\/100|[from] Grassy Terrain\n|-heal|p2a: Sinistcha|33\/100|[from] Grassy Terrain\n|-fieldend|move: Grassy Terrain\n|upkeep\n|turn|6\n|\n|t:|1700000047\n|move|p2a: Sinistcha|Rage Powder|p2a: Sinistcha\n|-singleturn|p2a: Sinistcha|move: Rage Powder\n|move|p1a: Urshifu|Surging Strikes|p2a: Sinistcha\n|-resisted|p2a: Sinistcha\n|-crit|p2a: Sinistcha\n|-damage|p2a: Sinistcha|20\/100\n|-resisted|p2a: Sinistcha\n|-crit|p2a: Sinistcha\n|-damage|p2a: Sinistcha|7\/100\n|-resisted|p2a: Sinistcha\n|-crit|p2a: Sinistcha\n|-damage|p2a: Sinistcha|0 fnt\n|faint|p2a: Sinistcha\n|-hitcount|p2: Sinistcha|3\n|move|p1b: Dragonite|Tailwind|p1b: Dragonite\n|-sidestart|p1: bigmeatyclaws445|move: Tailwind\n|move|p2b: Chi-Yu|Snarl|p1a: Urshifu|[spread] p1a,p1b\n|-resisted|p1a: Urshifu\n|-damage|p1a: Urshifu|57\/100\n|-damage|p1b: Dragonite|37\/100\n|-unboost|p1a: Urshifu|spa|1\n|\n|upkeep\n|\n|t:|1700000069\n|switch|p2a: Espathra|Espathra, L50, M|100\/100\n|turn|7\n|\n|t:|1700000081\n|switch|p2b: Annihilape|Annihilape, L50, F|100\/100\n|move|p1a: Urshifu|Surging Strikes|p2b: Annihilape\n|-crit|p2b: Annihilape\n|-damage|p2b: Annihilape|63\/100\n|-crit|p2b: Annihilape\n|-damage|p2b: Annihilape|26\/100\n|-crit|p2b: Annihilape\n|-damage|p2b: Annihilape|0 fnt\n|faint|p2b: Annihilape\n|-hitcount|p2: Annihilape|3\n|move|p1b: Dragonite|Stomping Tantrum|p2a: Espathra\n|-damage|p2a: Espathra|76\/100\n|move|p2a: Espathra|Dazzling Gleam|p1b: Dragonite|[spread] p1a,p1b\n|-supereffective|p1a: Urshifu\n|-supereffective|p1b: Dragonite\n|-damage|p1a: Urshifu|15\/100\n|-damage|p1b: Dragonite|11\/100\n|\n|-ability|p2a: Espathra|Speed Boost|boost\n|-boost|p2a: Espathra|spe|1\n|upkeep\n|\n|t:|1700000100\n|switch|p2b: Chi-Yu|Chi-Yu, L50|88\/100\n|-ability|p2b: Chi-Yu|Beads of Ruin\n|turn|8\n|inactive|Battle timer is ON: inactive players will automatically lose when time's up. (requested by CharlienoB)\n|\n|t:|1700000123\n|move|p1a: Urshifu|Surging Strikes|p2b: Chi-Yu\n|-supereffective|p2b: Chi-Yu\n|-crit|p2b: Chi-Yu\n|-damage|p2b: Chi-Yu|25\/100\n|-supereffective|p2b: Chi-Yu\n|-crit|p2b: Chi-Yu\n|-damage|p2b: Chi-Yu|0 fnt\n|faint|p2b: Chi-Yu\n|-hitcount|p2: Chi-Yu|2\n|move|p1b: Dragonite|Aerial Ace|p2a: Espathra\n|-damage|p2a: Espathra|47\/100\n|-enditem|p2a: Espathra|Sitrus Berry|[eat]\n|-heal|p2a: Espathra|72\/100|[from] item: Sitrus Berry\n|move|p2a: Espathra|Dazzling Gleam|p1b: Dragonite|[spread] p1a,p1b\n|-supereffective|p1a: Urshifu\n|-supereffective|p1b: Dragonite\n|-damage|p1a: Urshifu|0 fnt\n|-damage|p1b: Dragonite|0 fnt\n|faint|p1a: Urshifu\n|faint|p1b: Dragonite\n|\n|win|CharlienoB\n|raw|bigmeatyclaws445's rating: 1069 &rarr; <strong>1045<\/strong><br \/>(-24 for losing)\n|raw|CharlienoB's rating: 1010 &rarr; <strong>1055<\/strong><br \/>(+45 for winning)\n|l|\u2606bigmeatyclaws445\n","uploadtime":1700000145,"views":17,"p1id":"bigmeatyclaws445","p2id":"charlienob","formatid":"gen9vgc2023regulatione","rating":1045,"private":0,"password":""}