{"id":"gen9vgc2023regulatione-1987984709","p1":"therealrumpleman","p2":"Snandndj","format":"[Gen 9] VGC 2023 Regulation E","log":"|j|\u2606therealrumpleman\n|j|\u2606Snandndj\n|t:|1699655988\n|gametype|doubles\n|player|p1|therealrumpleman|koga|1368\n|player|p2|Snandndj|unknown|1422\n|teamsize|p1|6\n|teamsize|p2|6\n|gen|9\n|tier|[Gen 9] VGC 2023 Regulation E\n|rated|\n|rule|Species Clause: Limit one of each Pok\u00e9mon\n|rule|Item Clause: Limit one of each item\n|clearpoke\n|poke|p1|Tornadus, L50, M|\n|poke|p1|Flutter Mane, L50|\n|poke|p1|Glimmora, L50, F|\n|poke|p1|Urshifu-*, L50, F|\n|poke|p1|Tatsugiri, L50, F|\n|poke|p1|Dondozo, L50, F|\n|poke|p2|Farigiraf, L50, M|\n|poke|p2|Iron Hands, L50|\n|poke|p2|Sableye, L50, M|\n|poke|p2|Flutter Mane, L50|\n|poke|p2|Lilligant-Hisui, L50, F|\n|poke|p2|Torkoal, L50, M|\n|teampreview|4\n|inactive|Battle timer is ON: inactive players will automatically lose when time's up. (requested by Snandndj)\ntherealrumpleman has agreed to open team sheets.\n|inactive|therealrumpleman has 60 seconds left.\n|\n|t:|1699656019\n|start\n|switch|p1a: Oscar The Grouch|Glimmora, L50, F|100\/100\n|switch|p1b: Count Von Count|Urshifu, L50, F|100\/100\n|switch|p2a: Melman|Farigiraf, L50, M|100\/100\n|switch|p2b: Mittens|Iron Hands, L50|100\/100\n|turn|1\n|\n|t:|1699656038\n|move|p2b: Mittens|Fake Out|p1b: Count Von Count\n|-crit|p1b: Count Von Count\n|-damage|p1b: Count Von Count|80\/100\n|move|p1a: Oscar The Grouch|Mortal Spin|p2b: Mittens|[spread] p2a,p2b\n|-damage|p2a: Melman|96\/100\n|-damage|p2b: Mittens|98\/100\n|-status|p2a: Melman|psn\n|-status|p2b: Mittens|psn\n|cant|p1b: Count Von Count|flinch\n|move|p2a: Melman|Trick Room|p2a: Melman\n|-fieldstart|move: Trick Room|[of] p2a: Melman\n|\n|-damage|p2b: Mittens|86\/100 psn|[from] psn\n|-damage|p2a: Melman|84\/100 psn|[from] psn\n|upkeep\n|turn|2\n|inactive|Snandndj has 30 seconds left.\n|\n|t:|1699656063\n|move|p1b: Count Von Count|Protect|p1b: Count Von Count\n|-singleturn|p1b: Count Von Count|Protect\n|move|p1a: Oscar The Grouch|Spiky Shield|p1a: Oscar The Grouch\n|-singleturn|p1a: Oscar The Grouch|move: Protect\n|move|p2b: Mittens|Drain Punch|p1a: Oscar The Grouch\n|-activate|p1a: Oscar The Grouch|move: Protect\n|-damage|p2b: Mittens|73\/100 psn|[from] Spiky Shield|[of] p1a: Oscar The Grouch\n|move|p2a: Melman|Dazzling Gleam|p1a: Oscar The Grouch|[spread] \n|-activate|p1a: Oscar The Grouch|move: Protect\n|-activate|p1b: Count Von Count|move: Protect\n|\n|-damage|p2b: Mittens|61\/100 psn|[from] psn\n|-damage|p2a: Melman|71\/100 psn|[from] psn\n|upkeep\n|turn|3\n|inactive|therealrumpleman has 30 seconds left.\n|inactive|therealrumpleman has 20 seconds left.\n|inactive|therealrumpleman has 15 seconds left.\n|inactive|therealrumpleman has 10 seconds left.\n|inactive|therealrumpleman has 5 seconds left.\n|\n|t:|1699656118\n|move|p2b: Mittens|Drain Punch|p1a: Oscar The Grouch\n|-damage|p1a: Oscar The Grouch|50\/100\n|-heal|p2b: Mittens|76\/100 psn|[from] drain|[of] p1a: Oscar The Grouch\n|-activate|p1a: Oscar The Grouch|ability: Toxic Debris\n|-sidestart|p2: Snandndj|move: Toxic Spikes\n|move|p2a: Melman|Dazzling Gleam|p1b: Count Von Count|[spread] p1a,p1b\n|-resisted|p1a: Oscar The Grouch\n|-supereffective|p1b: Count Von Count\n|-damage|p1a: Oscar The Grouch|37\/100\n|-damage|p1b: Count Von Count|0 fnt\n|faint|p1b: Count Von Count\n|move|p1a: Oscar The Grouch|Sludge Bomb|p2a: Melman\n|-damage|p2a: Melman|24\/100 psn\n|\n|-damage|p2b: Mittens|64\/100 psn|[from] psn\n|-damage|p2a: Melman|12\/100 psn|[from] psn\n|upkeep\n|\n|t:|1699656140\n|switch|p1b: Cookie Monster|Dondozo, L50, F|100\/100\n|turn|4\n|inactive|therealrumpleman has 30 seconds left.\n|inactive|Snandndj has 30 seconds left.\n|inactive|therealrumpleman has 20 seconds left.\n|inactive|therealrumpleman has 15 seconds left.\n|inactive|therealrumpleman has 10 seconds left.\n|\n|t:|1699656189\n|move|p1b: Cookie Monster|Protect|p1b: Cookie Monster\n|-singleturn|p1b: Cookie Monster|Protect\n|move|p1a: Oscar The Grouch|Spiky Shield|p1a: Oscar The Grouch\n|-singleturn|p1a: Oscar The Grouch|move: Protect\n|move|p2b: Mittens|Wild Charge|p1b: Cookie Monster\n|-activate|p1b: Cookie Monster|move: Protect\n|move|p2a: Melman|Psychic|p1a: Oscar The Grouch\n|-activate|p1a: Oscar The Grouch|move: Protect\n|\n|-damage|p2b: Mittens|52\/100 psn|[from] psn\n|-damage|p2a: Melman|0 fnt|[from] psn\n|faint|p2a: Melman\n|upkeep\n|inactive|Snandndj has 30 seconds left.\n|inactive|Snandndj has 20 seconds left.\n|\n|t:|1699656226\n|switch|p2a: Mellow Bowser|Torkoal, L50, M|100\/100\n|-status|p2a: Mellow Bowser|psn\n|-weather|SunnyDay|[from] ability: Drought|[of] p2a: Mellow Bowser\n|turn|5\n|inactive|therealrumpleman has 30 seconds left.\n|\n|t:|1699656260\n|switch|p1a: Elmo|Tatsugiri, L50, F|100\/100\n|-activate|p1a: Elmo|ability: Commander|[of] p1b: Cookie Monster\n|-boost|p1b: Cookie Monster|atk|2\n|-boost|p1b: Cookie Monster|spa|2\n|-boost|p1b: Cookie Monster|spe|2\n|-boost|p1b: Cookie Monster|def|2\n|-boost|p1b: Cookie Monster|spd|2\n|-terastallize|p1b: Cookie Monster|Dragon\n|move|p2a: Mellow Bowser|Solar Beam||[still]\n|-prepare|p2a: Mellow Bowser|Solar Beam\n|-anim|p2a: Mellow Bowser|Solar Beam|p1b: Cookie Monster\n|-resisted|p1b: Cookie Monster\n|-damage|p1b: Cookie Monster|91\/100\n|-damage|p2a: Mellow Bowser|91\/100 psn|[from] item: Life Orb\n|move|p2b: Mittens|Wild Charge|p1b: Cookie Monster\n|-resisted|p1b: Cookie Monster\n|-damage|p1b: Cookie Monster|82\/100\n|-damage|p2b: Mittens|50\/100 psn|[from] Recoil\n|move|p1b: Cookie Monster|Earthquake|p2b: Mittens|[spread] p2a,p2b\n|-miss|p1b: Cookie Monster|p1a: Elmo\n|-supereffective|p2a: Mellow Bowser\n|-supereffective|p2b: Mittens\n|-damage|p2a: Mellow Bowser|21\/100 psn\n|-damage|p2b: Mittens|0 fnt\n|faint|p2b: Mittens\n|-end|p2b: Mittens|Quark Drive|[silent]\n|\n|-weather|SunnyDay|[upkeep]\n|-heal|p1b: Cookie Monster|88\/100|[from] item: Leftovers\n|-damage|p2a: Mellow Bowser|8\/100 psn|[from] psn\n|-fieldend|move: Trick Room\n|upkeep\n|\n|t:|1699656270\n|switch|p2b: Vegan|Lilligant-Hisui, L50, F|100\/100\n|-status|p2b: Vegan|psn\n|turn|6\n|\n|t:|1699656288\n|move|p1b: Cookie Monster|Protect|p1b: Cookie Monster\n|-singleturn|p1b: Cookie Monster|Protect\n|move|p2b: Vegan|Close Combat|p1b: Cookie Monster\n|-activate|p1b: Cookie Monster|move: Protect\n|move|p2a: Mellow Bowser|Heat Wave|p1a: Elmo|[spread] \n|-miss|p2a: Mellow Bowser|p1a: Elmo\n|-activate|p1b: Cookie Monster|move: Protect\n|\n|-weather|SunnyDay|[upkeep]\n|-heal|p1b: Cookie Monster|94\/100|[from] item: Leftovers\n|-damage|p2b: Vegan|88\/100 psn|[from] psn\n|-damage|p2a: Mellow Bowser|0 fnt|[from] psn\n|faint|p2a: Mellow Bowser\n|upkeep\n|turn|7\n|\n|t:|1699656298\n|move|p2b: Vegan|Encore|p1b: Cookie Monster\n|-start|p1b: Cookie Monster|Encore\n|move|p1b: Cookie Monster|Protect||[still]\n|-fail|p1b: Cookie Monster\n|\n|-weather|SunnyDay|[upkeep]\n|-heal|p1b: Cookie Monster|100\/100|[from] item: Leftovers\n|-damage|p2b: Vegan|76\/100 psn|[from] psn\n|upkeep\n|turn|8\n|-message|Snandndj forfeited.\n|\n|win|therealrumpleman\n|raw|therealrumpleman's rating: 1368 &rarr; <strong>1394<\/strong><br \/>(+26 for winning)\n|raw|Snandndj's rating: 1483 &rarr; <strong>1457<\/strong><br \/>(-26 for losing)\n|l|\u2606Snandndj\n","uploadtime":1699656314,"views":21,"p1id":"therealrumpleman","p2id":"snandndj","formatid":"gen9vgc2023regulatione","rating":1394,"private":0,"password":""}