{"id":"gen9vgc2023regulatione-1989496936","p1":"qz231113","p2":"acerofspade","format":"[Gen 9] VGC 2023 Regulation E","log":"|j|\u2606qz231113\n|j|\u2606acerofspade\n|t:|1699860636\n|gametype|doubles\n|player|p1|qz231113|1|1117\n|player|p2|acerofspade|170|1163\n|teamsize|p1|6\n|teamsize|p2|6\n|gen|9\n|tier|[Gen 9] VGC 2023 Regulation E\n|rated|\n|rule|Species Clause: Limit one of each Pok\u00e9mon\n|rule|Item Clause: Limit one of each item\n|clearpoke\n|poke|p1|Ursaluna-Bloodmoon, L50, M|\n|poke|p1|Dusclops, L50, F|\n|poke|p1|Oricorio-Sensu, L50, M|\n|poke|p1|Volcarona, L50, M|\n|poke|p1|Kommo-o, L50, F|\n|poke|p1|Regieleki, L50|\n|poke|p2|Tornadus, L50, M|\n|poke|p2|Arcanine-Hisui, L50, M|\n|poke|p2|Iron Hands, L50|\n|poke|p2|Gholdengo, L50|\n|poke|p2|Urshifu-*, L50, M|\n|poke|p2|Ogerpon-Wellspring, L50, F|\n|teampreview|4\n|inactive|Battle timer is ON: inactive players will automatically lose when time's up. (requested by qz231113)\n|\n|t:|1699860677\n|start\n|switch|p1a: I_LOVE_BOOBS|Dusclops, L50, F|100\/100\n|switch|p1b: Hamas|Regieleki, L50|100\/100\n|switch|p2a: Tornadus|Tornadus, L50, M|100\/100\n|switch|p2b: Iron Hands|Iron Hands, L50|100\/100\n|-item|p2a: Tornadus|Covert Cloak|[from] ability: Frisk|[of] p1a: I_LOVE_BOOBS|[identify]\n|-item|p2b: Iron Hands|Assault Vest|[from] ability: Frisk|[of] p1a: I_LOVE_BOOBS|[identify]\n|turn|1\n|inactive|qz231113 has 30 seconds left.\n|inactive|qz231113 has 20 seconds left.\n|inactive|qz231113 has 15 seconds left.\n|inactive|qz231113 has 10 seconds left.\n|\n|t:|1699860725\n|move|p1a: I_LOVE_BOOBS|Helping Hand|p1b: Hamas\n|-singleturn|p1b: Hamas|Helping Hand|[of] p1a: I_LOVE_BOOBS\n|move|p2b: Iron Hands|Fake Out|p1b: Hamas\n|-damage|p1b: Hamas|70\/100\n|move|p2a: Tornadus|Tailwind|p2a: Tornadus\n|-sidestart|p2: acerofspade|move: Tailwind\n|cant|p1b: Hamas|flinch\n|\n|upkeep\n|turn|2\n|inactive|acerofspade has 30 seconds left.\n|inactive|acerofspade has 20 seconds left.\n|inactive|acerofspade has 15 seconds left.\n|inactive|acerofspade has 10 seconds left.\n|\n|t:|1699860770\n|-terastallize|p2a: Tornadus|Dragon\n|-terastallize|p1b: Hamas|Normal\n|move|p1a: I_LOVE_BOOBS|Helping Hand|p1b: Hamas\n|-singleturn|p1b: Hamas|Helping Hand|[of] p1a: I_LOVE_BOOBS\n|move|p2a: Tornadus|Bleakwind Storm|p1a: I_LOVE_BOOBS|[spread] p1a,p1b\n|-damage|p1a: I_LOVE_BOOBS|81\/100\n|-damage|p1b: Hamas|6\/100\n|-unboost|p1a: I_LOVE_BOOBS|spe|1\n|move|p1b: Hamas|Explosion|p2a: Tornadus|[spread] p2a,p2b\n|-immune|p1a: I_LOVE_BOOBS\n|-enditem|p1b: Hamas|Normal Gem|[from] gem\n|-damage|p2a: Tornadus|0 fnt\n|-damage|p2b: Iron Hands|0 fnt\n|faint|p1b: Hamas\n|faint|p2a: Tornadus\n|faint|p2b: Iron Hands\n|-end|p2b: Iron Hands|Quark Drive|[silent]\n|\n|upkeep\n|\n|t:|1699860789\n|switch|p1b: Apollo|Volcarona, L50, M|100\/100\n|switch|p2a: Urshifu|Urshifu-Rapid-Strike, L50, M|100\/100\n|switch|p2b: Ogerpon|Ogerpon-Wellspring, L50, F|100\/100\n|turn|3\n|inactive|acerofspade has 30 seconds left.\n|\n|t:|1699860820\n|move|p2a: Urshifu|Surging Strikes|p1b: Apollo\n|-supereffective|p1b: Apollo\n|-crit|p1b: Apollo\n|-damage|p1b: Apollo|62\/100\n|-damage|p2a: Urshifu|84\/100|[from] item: Rocky Helmet|[of] p1b: Apollo\n|-status|p2a: Urshifu|brn|[from] ability: Flame Body|[of] p1b: Apollo\n|-supereffective|p1b: Apollo\n|-crit|p1b: Apollo\n|-damage|p1b: Apollo|41\/100\n|-damage|p2a: Urshifu|67\/100 brn|[from] item: Rocky Helmet|[of] p1b: Apollo\n|-supereffective|p1b: Apollo\n|-crit|p1b: Apollo\n|-damage|p1b: Apollo|23\/100\n|-damage|p2a: Urshifu|51\/100 brn|[from] item: Rocky Helmet|[of] p1b: Apollo\n|-hitcount|p1b: Apollo|3\n|move|p2b: Ogerpon|Ivy Cudgel|p1a: I_LOVE_BOOBS\n|-damage|p1a: I_LOVE_BOOBS|49\/100\n|move|p1b: Apollo|Giga Drain|p2a: Urshifu\n|-supereffective|p2a: Urshifu\n|-damage|p2a: Urshifu|0 fnt\n|-heal|p1b: Apollo|47\/100|[from] drain|[of] p2a: Urshifu\n|faint|p2a: Urshifu\n|move|p1a: I_LOVE_BOOBS|Trick Room|p1a: I_LOVE_BOOBS\n|-fieldstart|move: Trick Room|[of] p1a: I_LOVE_BOOBS\n|\n|upkeep\n|turn|4\n|inactive|qz231113 has 30 seconds left.\n|\n|t:|1699860848\n|move|p1a: I_LOVE_BOOBS|Pain Split|p2b: Ogerpon\n|-sethp|p2b: Ogerpon|69\/100|[from] move: Pain Split|[silent]\n|-sethp|p1a: I_LOVE_BOOBS|88\/100|[from] move: Pain Split\n|move|p1b: Apollo|Fiery Dance|p2b: Ogerpon\n|-damage|p2b: Ogerpon|38\/100\n|-boost|p1b: Apollo|spa|1\n|move|p2b: Ogerpon|Ivy Cudgel|p1b: Apollo\n|-supereffective|p1b: Apollo\n|-crit|p1b: Apollo\n|-damage|p1b: Apollo|0 fnt\n|faint|p1b: Apollo\n|\n|-sideend|p2: acerofspade|move: Tailwind\n|upkeep\n|\n|t:|1699860856\n|switch|p1b: Ursaluna|Ursaluna-Bloodmoon, L50, M|100\/100\n|turn|5\n|inactive|acerofspade has 30 seconds left.\n|inactive|acerofspade has 20 seconds left.\n|\n|t:|1699860892\n|move|p2b: Ogerpon|Spiky Shield|p2b: Ogerpon\n|-singleturn|p2b: Ogerpon|move: Protect\n|move|p1a: I_LOVE_BOOBS|Brick Break|p1b: Ursaluna\n|-supereffective|p1b: Ursaluna\n|-damage|p1b: Ursaluna|88\/100\n|-enditem|p1b: Ursaluna|Weakness Policy\n|-boost|p1b: Ursaluna|atk|2|[from] item: Weakness Policy\n|-boost|p1b: Ursaluna|spa|2|[from] item: Weakness Policy\n|move|p1b: Ursaluna|Blood Moon|p2b: Ogerpon\n|-activate|p2b: Ogerpon|move: Protect\n|\n|upkeep\n|turn|6\n|\n|t:|1699860908\n|move|p1a: I_LOVE_BOOBS|Helping Hand|p1b: Ursaluna\n|-singleturn|p1b: Ursaluna|Helping Hand|[of] p1a: I_LOVE_BOOBS\n|move|p1b: Ursaluna|Hyper Voice|p2b: Ogerpon\n|-crit|p2b: Ogerpon\n|-damage|p2b: Ogerpon|0 fnt\n|faint|p2b: Ogerpon\n|\n|win|qz231113\n|raw|qz231113's rating: 1117 &rarr; <strong>1145<\/strong><br \/>(+28 for winning)\n|raw|acerofspade's rating: 1163 &rarr; <strong>1135<\/strong><br \/>(-28 for losing)\n|l|\u2606acerofspade\n","uploadtime":1699860916,"views":7,"p1id":"qz231113","p2id":"acerofspade","formatid":"gen9vgc2023regulatione","rating":1135,"private":0,"password":""}