{"id":"gen9vgc2023regulatione-1993240623","p1":"Lynarto","p2":"shiny relicanth","format":"[Gen 9] VGC 2023 Regulation E","log":"|j|\u2606Lynarto\n|j|\u2606shiny relicanth\n|t:|1700282772\n|gametype|doubles\n|player|p1|Lynarto|ltsurge|\n|player|p2|shiny relicanth|acetrainer-gen4dp|\n|teamsize|p1|6\n|teamsize|p2|6\n|gen|9\n|tier|[Gen 9] VGC 2023 Regulation E\n|rated|Tournament battle\n|rule|Species Clause: Limit one of each Pok\u00e9mon\n|rule|Item Clause: Limit one of each item\n|clearpoke\n|poke|p1|Arcanine-Hisui, L50, F|\n|poke|p1|Enamorus, L50, F|\n|poke|p1|Gholdengo, L50|\n|poke|p1|Great Tusk, L50|\n|poke|p1|Thundurus, L50, M|\n|poke|p1|Roaring Moon, L50|\n|poke|p2|Armarouge, L50, F|\n|poke|p2|Ursaluna-Bloodmoon, L50, M|\n|poke|p2|Urshifu-*, L50, M|\n|poke|p2|Indeedee-F, L50, F|\n|poke|p2|Flutter Mane, L50|\n|poke|p2|Tornadus, L50, M|\n|teampreview|4\n|showteam|p1|Arcanine-Hisui||AssaultVest|Intimidate|FlareBlitz,RockSlide,ExtremeSpeed,TeraBlast|||F|||50|,,,,,Grass]Enamorus||ChoiceSpecs|Contrary|Moonblast,DazzlingGleam,MysticalFire,EarthPower|||F|||50|,,,,,Fire]Gholdengo||Leftovers|GoodasGold|NastyPlot,Protect,MakeItRain,ShadowBall||||||50|,,,,,Dragon]Great Tusk||FocusSash|Protosynthesis|HeadlongRush,IceSpinner,CloseCombat,Protect||||||50|,,,,,Ground]Thundurus||RockyHelmet|Prankster|EerieImpulse,Taunt,WildboltStorm,ScaryFace|||M|||50|,,,,,Ghost]Roaring Moon||BoosterEnergy|Protosynthesis|BreakingSwipe,Tailwind,Protect,Acrobatics||||||50|,,,,,Flying\n|showteam|p2|Armarouge||LifeOrb|FlashFire|ExpandingForce,ArmorCannon,TrickRoom,Protect|||F|||50|,,,,,Grass]Ursaluna-Bloodmoon||ThroatSpray|MindsEye|BloodMoon,HyperVoice,EarthPower,Protect|||M|||50|,,,,,Normal]Urshifu-Rapid-Strike||ChoiceScarf|UnseenFist|SurgingStrikes,CloseCombat,Uturn,IceSpinner|||M|||50|,,,,,Steel]Indeedee-F||PsychicSeed|PsychicSurge|FollowMe,DazzlingGleam,TrickRoom,HelpingHand|||F|||50|,,,,,Fairy]Flutter Mane||BoosterEnergy|Protosynthesis|Moonblast,DazzlingGleam,ShadowBall,Protect||||||50|,,,,,Fairy]Tornadus||MentalHerb|Prankster|Tailwind,BleakwindStorm,RainDance,Protect|||M|||50|,,,,,Ghost\n|j| SavvyP09\n|j| EmceeMikey\n|c|\u2606Lynarto|hf\n|c|\u2606shiny relicanth|hf\n|j| christianfinity\n|j|%Radio Free C-Side\n|\n|t:|1700282827\n|start\n|switch|p1a: Roaring Moon|Roaring Moon, L50|100\/100\n|switch|p1b: Great Tusk|Great Tusk, L50|100\/100\n|switch|p2a: Tornadus|Tornadus, L50, M|100\/100\n|switch|p2b: Urshifu|Urshifu-Rapid-Strike, L50, M|100\/100\n|-enditem|p1a: Roaring Moon|Booster Energy\n|-activate|p1a: Roaring Moon|ability: Protosynthesis|[fromitem]\n|-start|p1a: Roaring Moon|protosynthesisspe\n|turn|1\n|j| Flarefox_7\n|\n|t:|1700282875\n|-terastallize|p2b: Urshifu|Steel\n|move|p2a: Tornadus|Rain Dance|p2a: Tornadus\n|-weather|RainDance\n|move|p1a: Roaring Moon|Breaking Swipe|p2a: Tornadus|[spread] p2a,p2b\n|-resisted|p2b: Urshifu\n|-damage|p2a: Tornadus|77\/100\n|-damage|p2b: Urshifu|90\/100\n|-unboost|p2a: Tornadus|atk|1\n|-unboost|p2b: Urshifu|atk|1\n|move|p2b: Urshifu|Surging Strikes|p1b: Great Tusk\n|-supereffective|p1b: Great Tusk\n|-crit|p1b: Great Tusk\n|-damage|p1b: Great Tusk|46\/100\n|-supereffective|p1b: Great Tusk\n|-crit|p1b: Great Tusk\n|-damage|p1b: Great Tusk|0 fnt\n|faint|p1b: Great Tusk\n|-end|p1b: Great Tusk|Protosynthesis|[silent]\n|-hitcount|p1: Great Tusk|2\n|\n|-weather|RainDance|[upkeep]\n|upkeep\n|l| SavvyP09\n|\n|t:|1700282892\n|switch|p1b: Thundurus|Thundurus, L50, M|100\/100\n|turn|2\n|\n|t:|1700282919\n|move|p2a: Tornadus|Tailwind|p2a: Tornadus\n|-sidestart|p2: shiny relicanth|move: Tailwind\n|move|p2b: Urshifu|Surging Strikes|p1b: Thundurus\n|-crit|p1b: Thundurus\n|-damage|p1b: Thundurus|69\/100\n|-damage|p2b: Urshifu|73\/100|[from] item: Rocky Helmet|[of] p1b: Thundurus\n|-crit|p1b: Thundurus\n|-damage|p1b: Thundurus|37\/100\n|-damage|p2b: Urshifu|57\/100|[from] item: Rocky Helmet|[of] p1b: Thundurus\n|-crit|p1b: Thundurus\n|-damage|p1b: Thundurus|3\/100\n|-damage|p2b: Urshifu|40\/100|[from] item: Rocky Helmet|[of] p1b: Thundurus\n|-hitcount|p1b: Thundurus|3\n|move|p1a: Roaring Moon|Acrobatics|p2b: Urshifu\n|-resisted|p2b: Urshifu\n|-damage|p2b: Urshifu|22\/100\n|move|p1b: Thundurus|Wildbolt Storm|p2a: Tornadus|[spread] p2a,p2b\n|-supereffective|p2a: Tornadus\n|-damage|p2a: Tornadus|11\/100\n|-damage|p2b: Urshifu|0 fnt\n|-status|p2a: Tornadus|par\n|faint|p2b: Urshifu\n|\n|-weather|RainDance|[upkeep]\n|upkeep\n|\n|t:|1700282929\n|switch|p2b: Flutter Mane|Flutter Mane, L50|100\/100\n|-enditem|p2b: Flutter Mane|Booster Energy\n|-activate|p2b: Flutter Mane|ability: Protosynthesis|[fromitem]\n|-start|p2b: Flutter Mane|protosynthesisspa\n|turn|3\n|\n|t:|1700282967\n|switch|p2a: Indeedee|Indeedee-F, L50, F|100\/100\n|-fieldstart|move: Psychic Terrain|[from] ability: Psychic Surge|[of] p2a: Indeedee\n|-enditem|p2a: Indeedee|Psychic Seed\n|-boost|p2a: Indeedee|spd|1|[from] item: Psychic Seed\n|-terastallize|p1a: Roaring Moon|Flying\n|move|p1b: Thundurus|Eerie Impulse|p2b: Flutter Mane\n|-activate|p2b: Flutter Mane|move: Psychic Terrain\n|move|p2b: Flutter Mane|Moonblast|p1a: Roaring Moon\n|-damage|p1a: Roaring Moon|40\/100\n|move|p1a: Roaring Moon|Acrobatics|p2b: Flutter Mane\n|-damage|p2b: Flutter Mane|17\/100\n|\n|-weather|RainDance|[upkeep]\n|upkeep\n|turn|4\n|\n|t:|1700282988\n|move|p1a: Roaring Moon|Protect|p1a: Roaring Moon\n|-singleturn|p1a: Roaring Moon|Protect\n|move|p2a: Indeedee|Follow Me|p2a: Indeedee\n|-singleturn|p2a: Indeedee|move: Follow Me\n|move|p2b: Flutter Mane|Dazzling Gleam|p1a: Roaring Moon|[spread] p1b\n|-activate|p1a: Roaring Moon|move: Protect\n|-damage|p1b: Thundurus|0 fnt\n|faint|p1b: Thundurus\n|\n|-weather|RainDance|[upkeep]\n|upkeep\n|\n|t:|1700282998\n|switch|p1b: Gholdengo|Gholdengo, L50|100\/100\n|turn|5\n|\n|t:|1700283015\n|move|p2a: Indeedee|Follow Me|p2a: Indeedee\n|-singleturn|p2a: Indeedee|move: Follow Me\n|move|p2b: Flutter Mane|Shadow Ball|p1b: Gholdengo\n|-supereffective|p1b: Gholdengo\n|-damage|p1b: Gholdengo|0 fnt\n|faint|p1b: Gholdengo\n|move|p1a: Roaring Moon|Acrobatics|p2a: Indeedee\n|-damage|p2a: Indeedee|48\/100\n|\n|-weather|none\n|-sideend|p2: shiny relicanth|move: Tailwind\n|upkeep\n|turn|6\n|c|\u2606Lynarto|gg wp\n|c|\u2606shiny relicanth|gg\n|\n|t:|1700283031\n|move|p2a: Indeedee|Follow Me|p2a: Indeedee\n|-singleturn|p2a: Indeedee|move: Follow Me\n|move|p1a: Roaring Moon|Acrobatics|p2a: Indeedee\n|-damage|p2a: Indeedee|0 fnt\n|faint|p2a: Indeedee\n|move|p2b: Flutter Mane|Moonblast|p1a: Roaring Moon\n|-damage|p1a: Roaring Moon|0 fnt\n|faint|p1a: Roaring Moon\n|-end|p1a: Roaring Moon|Protosynthesis|[silent]\n|\n|win|shiny relicanth\n|n|\u2606Lynarto|lynarto\n|n|\u2606shiny relicanth|shinyrelicanth\n|n| EmceeMikey|emceemikey\n|n| christianfinity|christianfinity\n|n| Radio Free C-Side|radiofreecside\n|n| Flarefox_7|flarefox7\n","uploadtime":1700283032,"views":10,"p1id":"lynarto","p2id":"shinyrelicanth","formatid":"gen9vgc2023regulatione","rating":0,"private":0,"password":""}