{"id":"gen9vgc2023regulatione-1998687514","p1":"testthisisatest2","p2":"MentalSyndrome","format":"[Gen 9] VGC 2023 Regulation E","log":"|j|\u2606testthisisatest2\n|j|\u2606MentalSyndrome\n|t:|1700972620\n|gametype|doubles\n|player|p1|testthisisatest2|marshal|1125\n|player|p2|MentalSyndrome|byron|1161\n|teamsize|p1|6\n|teamsize|p2|6\n|gen|9\n|tier|[Gen 9] VGC 2023 Regulation E\n|rated|\n|rule|Species Clause: Limit one of each Pok\u00e9mon\n|rule|Item Clause: Limit one of each item\n|clearpoke\n|poke|p1|Urshifu-*, L50, F|\n|poke|p1|Amoonguss, L50, F|\n|poke|p1|Iron Hands, L50|\n|poke|p1|Arcanine-Hisui, L50, M|\n|poke|p1|Iron Bundle, L50|\n|poke|p1|Landorus, L50, M|\n|poke|p2|Tornadus, L50, M|\n|poke|p2|Zapdos, L50|\n|poke|p2|Lucario, L50, M|\n|poke|p2|Arbok, L50, F|\n|poke|p2|Breloom, L50, F|\n|poke|p2|Tinkaton, L50, F|\n|teampreview|4\n|\n|t:|1700972647\n|start\n|switch|p1a: Iron Bundle|Iron Bundle, L50|100\/100\n|switch|p1b: Arcanine|Arcanine-Hisui, L50, M|100\/100\n|switch|p2a: Tornadus|Tornadus, L50, M|100\/100\n|switch|p2b: Breloom|Breloom, L50, F|100\/100\n|-ability|p1b: Arcanine|Intimidate|boost\n|-unboost|p2a: Tornadus|atk|1\n|-unboost|p2b: Breloom|atk|1\n|-enditem|p1a: Iron Bundle|Booster Energy\n|-activate|p1a: Iron Bundle|ability: Quark Drive|[fromitem]\n|-start|p1a: Iron Bundle|quarkdrivespe\n|turn|1\n|\n|t:|1700972683\n|move|p2a: Tornadus|Tailwind|p2a: Tornadus\n|-sidestart|p2: MentalSyndrome|move: Tailwind\n|move|p1a: Iron Bundle|Icy Wind|p2b: Breloom|[spread] p2a,p2b\n|-supereffective|p2a: Tornadus\n|-supereffective|p2b: Breloom\n|-damage|p2a: Tornadus|62\/100\n|-damage|p2b: Breloom|35\/100\n|-unboost|p2b: Breloom|spe|1\n|move|p2b: Breloom|Spore|p1a: Iron Bundle\n|-status|p1a: Iron Bundle|slp|[from] move: Spore\n|move|p1b: Arcanine|Rock Slide|p2b: Breloom|[spread] p2a,p2b\n|-supereffective|p2a: Tornadus\n|-resisted|p2b: Breloom\n|-damage|p2a: Tornadus|0 fnt\n|-damage|p2b: Breloom|3\/100\n|faint|p2a: Tornadus\n|\n|upkeep\n|\n|t:|1700972696\n|switch|p2a: Lucario|Lucario, L50, M|100\/100\n|turn|2\n|\n|t:|1700972716\n|-terastallize|p1b: Arcanine|Fairy\n|cant|p1a: Iron Bundle|slp\n|move|p2a: Lucario|Drain Punch|p1a: Iron Bundle\n|-supereffective|p1a: Iron Bundle\n|-damage|p1a: Iron Bundle|0 fnt\n|faint|p1a: Iron Bundle\n|-end|p1a: Iron Bundle|Quark Drive|[silent]\n|-damage|p2a: Lucario|91\/100|[from] item: Life Orb\n|move|p2b: Breloom|Spore|p1b: Arcanine\n|-status|p1b: Arcanine|slp|[from] move: Spore\n|cant|p1b: Arcanine|slp\n|\n|upkeep\n|\n|t:|1700972729\n|switch|p1a: Urshifu|Urshifu, L50, F|100\/100\n|turn|3\n|\n|t:|1700972746\n|-terastallize|p2a: Lucario|Steel\n|move|p1a: Urshifu|Detect|p1a: Urshifu\n|-singleturn|p1a: Urshifu|Protect\n|move|p2a: Lucario|Bullet Punch|p1b: Arcanine\n|-supereffective|p1b: Arcanine\n|-damage|p1b: Arcanine|25\/100 slp\n|-damage|p2a: Lucario|81\/100|[from] item: Life Orb\n|move|p2b: Breloom|Spore|p1a: Urshifu\n|-activate|p1a: Urshifu|move: Protect\n|cant|p1b: Arcanine|slp\n|\n|upkeep\n|turn|4\n|\n|t:|1700972777\n|switch|p1b: Landorus|Landorus, L50, M|100\/100\n|move|p2a: Lucario|Bullet Punch|p1b: Landorus\n|-damage|p1b: Landorus|60\/100\n|-damage|p2a: Lucario|71\/100|[from] item: Life Orb\n|move|p2b: Breloom|Mach Punch|p1a: Urshifu\n|-supereffective|p1a: Urshifu\n|-damage|p1a: Urshifu|53\/100\n|move|p1a: Urshifu|Wicked Blow|p2b: Breloom\n|-resisted|p2b: Breloom\n|-crit|p2b: Breloom\n|-damage|p2b: Breloom|0 fnt\n|faint|p2b: Breloom\n|\n|-sideend|p2: MentalSyndrome|move: Tailwind\n|upkeep\n|\n|t:|1700972787\n|switch|p2b: Zapdos|Zapdos, L50|100\/100\n|turn|5\n|\n|t:|1700972820\n|move|p1a: Urshifu|Sucker Punch|p2b: Zapdos\n|-damage|p2b: Zapdos|61\/100\n|move|p2a: Lucario|Bullet Punch|p1a: Urshifu\n|-damage|p1a: Urshifu|14\/100\n|-damage|p2a: Lucario|61\/100|[from] item: Life Orb\n|move|p1b: Landorus|Earth Power|p2a: Lucario\n|-supereffective|p2a: Lucario\n|-damage|p2a: Lucario|0 fnt\n|faint|p2a: Lucario\n|move|p2b: Zapdos|Hurricane|p1b: Landorus|[miss]\n|-miss|p2b: Zapdos|p1b: Landorus\n|\n|upkeep\n|turn|6\n|\n|t:|1700972837\n|move|p1a: Urshifu|Sucker Punch|p2b: Zapdos\n|-damage|p2b: Zapdos|18\/100\n|-status|p1a: Urshifu|par|[from] ability: Static|[of] p2b: Zapdos\n|move|p1b: Landorus|Sludge Bomb|p2b: Zapdos\n|-damage|p2b: Zapdos|0 fnt\n|faint|p2b: Zapdos\n|\n|win|testthisisatest2\n|raw|testthisisatest2's rating: 1125 &rarr; <strong>1153<\/strong><br \/>(+28 for winning)\n|raw|MentalSyndrome's rating: 1161 &rarr; <strong>1133<\/strong><br \/>(-28 for losing)\n|c|\u2606MentalSyndrome|gg\n","uploadtime":1700972844,"views":8,"p1id":"testthisisatest2","p2id":"mentalsyndrome","formatid":"gen9vgc2023regulatione","rating":1133,"private":0,"password":""}