{"id":"gen9vgc2023regulatione-1990552282","p1":"teabottlew","p2":"rulrus","format":"[Gen 9] VGC 2023 Regulation E","log":"|j|\u2606teabottlew\n|j|\u2606rulrus\n|t:|1699980826\n|gametype|doubles\n|player|p1|teabottlew|102|1536\n|player|p2|rulrus|zinzolin|1436\n|teamsize|p1|6\n|teamsize|p2|6\n|gen|9\n|tier|[Gen 9] VGC 2023 Regulation E\n|rated|\n|rule|Species Clause: Limit one of each Pok\u00e9mon\n|rule|Item Clause: Limit one of each item\n|clearpoke\n|poke|p1|Mamoswine, L50, F|\n|poke|p1|Gholdengo, L50|\n|poke|p1|Ninetales-Alola, L50, M|\n|poke|p1|Sinistcha, L50|\n|poke|p1|Roaring Moon, L50|\n|poke|p1|Iron Hands, L50|\n|poke|p2|Arcanine-Hisui, L50, M|\n|poke|p2|Annihilape, L50, F|\n|poke|p2|Ogerpon-Wellspring, L50, F|\n|poke|p2|Tornadus, L50, M|\n|poke|p2|Muk-Alola, L50, F|\n|poke|p2|Sinistcha-Masterpiece, L50|\n|teampreview|4\n|inactive|Battle timer is ON: inactive players will automatically lose when time's up. (requested by rulrus)\n|inactive|rulrus has 60 seconds left.\n|\n|t:|1699980860\n|start\n|switch|p1a: Iron Hands|Iron Hands, L50|100\/100\n|switch|p1b: Roaring Moon|Roaring Moon, L50|100\/100\n|switch|p2a: Annihilape|Annihilape, L50, F|100\/100\n|switch|p2b: Arcanine|Arcanine-Hisui, L50, M|100\/100\n|-ability|p2b: Arcanine|Intimidate|boost\n|-unboost|p1a: Iron Hands|atk|1\n|-unboost|p1b: Roaring Moon|atk|1\n|-enditem|p1b: Roaring Moon|Booster Energy\n|-activate|p1b: Roaring Moon|ability: Protosynthesis|[fromitem]\n|-start|p1b: Roaring Moon|protosynthesisspe\n|turn|1\n|\n|t:|1699980880\n|move|p1a: Iron Hands|Fake Out|p2b: Arcanine\n|-resisted|p2b: Arcanine\n|-damage|p2b: Arcanine|95\/100\n|move|p1b: Roaring Moon|Tailwind|p1b: Roaring Moon\n|-sidestart|p1: teabottlew|move: Tailwind\n|move|p2a: Annihilape|Drain Punch|p1b: Roaring Moon\n|-supereffective|p1b: Roaring Moon\n|-damage|p1b: Roaring Moon|9\/100\n|cant|p2b: Arcanine|flinch\n|\n|upkeep\n|turn|2\n|\n|t:|1699980899\n|-terastallize|p2a: Annihilape|Fire\n|move|p1b: Roaring Moon|Knock Off|p2b: Arcanine\n|-damage|p2b: Arcanine|55\/100\n|-enditem|p2b: Arcanine|Choice Band|[from] move: Knock Off|[of] p1b: Roaring Moon\n|move|p1a: Iron Hands|Drain Punch|p2b: Arcanine\n|-supereffective|p2b: Arcanine\n|-damage|p2b: Arcanine|0 fnt\n|faint|p2b: Arcanine\n|move|p2a: Annihilape|Drain Punch|p1a: Iron Hands\n|-damage|p1a: Iron Hands|77\/100\n|\n|upkeep\n|\n|t:|1699980909\n|switch|p2b: Tornadus|Tornadus, L50, M|100\/100\n|turn|3\n|\n|t:|1699980917\n|move|p1b: Roaring Moon|Knock Off|p2b: Tornadus\n|-damage|p2b: Tornadus|60\/100\n|-enditem|p2b: Tornadus|Covert Cloak|[from] move: Knock Off|[of] p1b: Roaring Moon\n|move|p1a: Iron Hands|Wild Charge|p2b: Tornadus\n|-supereffective|p2b: Tornadus\n|-damage|p2b: Tornadus|0 fnt\n|faint|p2b: Tornadus\n|-damage|p1a: Iron Hands|67\/100|[from] Recoil\n|move|p2a: Annihilape|Bulk Up|p2a: Annihilape\n|-boost|p2a: Annihilape|atk|1\n|-boost|p2a: Annihilape|def|1\n|\n|upkeep\n|\n|t:|1699980922\n|switch|p2b: Muk|Muk-Alola, L50, F|100\/100\n|turn|4\n|\n|t:|1699980934\n|-end|p1b: Roaring Moon|Protosynthesis|[silent]\n|switch|p1b: Ninetales|Ninetales-Alola, L50, M|100\/100\n|-weather|Snow|[from] ability: Snow Warning|[of] p1b: Ninetales\n|move|p1a: Iron Hands|Drain Punch|p2b: Muk\n|-damage|p2b: Muk|75\/100\n|-heal|p1a: Iron Hands|78\/100|[from] drain|[of] p2b: Muk\n|move|p2a: Annihilape|Bulk Up|p2a: Annihilape\n|-boost|p2a: Annihilape|atk|1\n|-boost|p2a: Annihilape|def|1\n|move|p2b: Muk|Knock Off|p1b: Ninetales\n|-resisted|p1b: Ninetales\n|-damage|p1b: Ninetales|81\/100\n|-enditem|p1b: Ninetales|Light Clay|[from] move: Knock Off|[of] p2b: Muk\n|\n|-weather|Snow|[upkeep]\n|-sideend|p1: teabottlew|move: Tailwind\n|upkeep\n|turn|5\n|\n|t:|1699980944\n|move|p1b: Ninetales|Aurora Veil|p1b: Ninetales\n|-sidestart|p1: teabottlew|move: Aurora Veil\n|move|p2a: Annihilape|Bulk Up|p2a: Annihilape\n|-boost|p2a: Annihilape|atk|1\n|-boost|p2a: Annihilape|def|1\n|move|p1a: Iron Hands|Drain Punch|p2b: Muk\n|-damage|p2b: Muk|46\/100\n|-heal|p1a: Iron Hands|90\/100|[from] drain|[of] p2b: Muk\n|move|p2b: Muk|Gunk Shot|p1b: Ninetales\n|-supereffective|p1b: Ninetales\n|-damage|p1b: Ninetales|12\/100\n|\n|-weather|Snow|[upkeep]\n|upkeep\n|turn|6\n|\n|t:|1699980955\n|move|p1b: Ninetales|Protect|p1b: Ninetales\n|-singleturn|p1b: Ninetales|Protect\n|move|p2a: Annihilape|Drain Punch|p1a: Iron Hands\n|-damage|p1a: Iron Hands|51\/100\n|move|p1a: Iron Hands|Drain Punch|p2b: Muk\n|-damage|p2b: Muk|21\/100\n|-heal|p1a: Iron Hands|61\/100|[from] drain|[of] p2b: Muk\n|move|p2b: Muk|Brick Break|p1b: Ninetales\n|-activate|p1b: Ninetales|move: Protect\n|\n|-weather|Snow|[upkeep]\n|upkeep\n|turn|7\n|\n|t:|1699980967\n|move|p1b: Ninetales|Dazzling Gleam|p2b: Muk|[spread] p2a,p2b\n|-resisted|p2a: Annihilape\n|-damage|p2a: Annihilape|90\/100\n|-damage|p2b: Muk|2\/100\n|move|p2a: Annihilape|Drain Punch|p1a: Iron Hands\n|-damage|p1a: Iron Hands|24\/100\n|-heal|p2a: Annihilape|100\/100|[from] drain|[of] p1a: Iron Hands\n|move|p1a: Iron Hands|Drain Punch|p2b: Muk\n|-damage|p2b: Muk|0 fnt\n|-heal|p1a: Iron Hands|25\/100|[from] drain|[of] p2b: Muk\n|faint|p2b: Muk\n|\n|-weather|Snow|[upkeep]\n|upkeep\n|turn|8\n|\n|t:|1699980978\n|move|p1b: Ninetales|Icy Wind|p2a: Annihilape\n|-resisted|p2a: Annihilape\n|-damage|p2a: Annihilape|91\/100\n|-unboost|p2a: Annihilape|spe|1\n|-ability|p2a: Annihilape|Defiant|boost\n|-boost|p2a: Annihilape|atk|2\n|move|p2a: Annihilape|Bulk Up|p2a: Annihilape\n|-boost|p2a: Annihilape|atk|1\n|-boost|p2a: Annihilape|def|1\n|move|p1a: Iron Hands|Drain Punch|p2a: Annihilape\n|-damage|p2a: Annihilape|81\/100\n|-heal|p1a: Iron Hands|29\/100|[from] drain|[of] p2a: Annihilape\n|\n|-weather|none\n|-heal|p2a: Annihilape|87\/100|[from] item: Leftovers\n|upkeep\n|turn|9\n|\n|t:|1699980995\n|-end|p1a: Iron Hands|Quark Drive|[silent]\n|switch|p1a: Roaring Moon|Roaring Moon, L50|9\/100\n|move|p1b: Ninetales|Icy Wind|p2a: Annihilape\n|-resisted|p2a: Annihilape\n|-damage|p2a: Annihilape|77\/100\n|-unboost|p2a: Annihilape|spe|1\n|-boost|p2a: Annihilape|atk|0\n|move|p2a: Annihilape|Drain Punch|p1a: Roaring Moon\n|-supereffective|p1a: Roaring Moon\n|-damage|p1a: Roaring Moon|0 fnt\n|-heal|p2a: Annihilape|81\/100|[from] drain|[of] p1a: Roaring Moon\n|faint|p1a: Roaring Moon\n|-end|p1a: Roaring Moon|Protosynthesis|[silent]\n|\n|-heal|p2a: Annihilape|87\/100|[from] item: Leftovers\n|-sideend|p1: teabottlew|move: Aurora Veil\n|upkeep\n|\n|t:|1699980998\n|switch|p1a: Iron Hands|Iron Hands, L50|29\/100\n|turn|10\n|\n|t:|1699981004\n|move|p2a: Annihilape|Protect|p2a: Annihilape\n|-singleturn|p2a: Annihilape|Protect\n|move|p1a: Iron Hands|Fake Out|p2a: Annihilape\n|-activate|p2a: Annihilape|move: Protect\n|move|p1b: Ninetales|Dazzling Gleam|p2a: Annihilape\n|-activate|p2a: Annihilape|move: Protect\n|\n|-heal|p2a: Annihilape|93\/100|[from] item: Leftovers\n|upkeep\n|turn|11\n|\n|t:|1699981014\n|switch|p1b: Gholdengo|Gholdengo, L50|100\/100\n|move|p1a: Iron Hands|Drain Punch|p2a: Annihilape\n|-damage|p2a: Annihilape|76\/100\n|-heal|p1a: Iron Hands|36\/100|[from] drain|[of] p2a: Annihilape\n|move|p2a: Annihilape|Drain Punch|p1a: Iron Hands\n|-damage|p1a: Iron Hands|0 fnt\n|-heal|p2a: Annihilape|97\/100|[from] drain|[of] p1a: Iron Hands\n|faint|p1a: Iron Hands\n|-end|p1a: Iron Hands|Quark Drive|[silent]\n|\n|-heal|p2a: Annihilape|100\/100|[from] item: Leftovers\n|upkeep\n|\n|t:|1699981018\n|switch|p1a: Ninetales|Ninetales-Alola, L50, M|12\/100\n|-weather|Snow|[from] ability: Snow Warning|[of] p1a: Ninetales\n|turn|12\n|\n|t:|1699981027\n|move|p1b: Gholdengo|Protect|p1b: Gholdengo\n|-singleturn|p1b: Gholdengo|Protect\n|move|p1a: Ninetales|Aurora Veil|p1a: Ninetales\n|-sidestart|p1: teabottlew|move: Aurora Veil\n|move|p2a: Annihilape|Rage Fist|p1b: Gholdengo\n|-activate|p1b: Gholdengo|move: Protect\n|\n|-weather|Snow|[upkeep]\n|upkeep\n|turn|13\n|\n|t:|1699981034\n|-terastallize|p1b: Gholdengo|Dragon\n|move|p1a: Ninetales|Protect|p1a: Ninetales\n|-singleturn|p1a: Ninetales|Protect\n|move|p1b: Gholdengo|Nasty Plot|p1b: Gholdengo\n|-boost|p1b: Gholdengo|spa|2\n|move|p2a: Annihilape|Rage Fist|p1b: Gholdengo\n|-damage|p1b: Gholdengo|0 fnt\n|faint|p1b: Gholdengo\n|\n|-weather|Snow|[upkeep]\n|upkeep\n|turn|14\n|-message|teabottlew forfeited.\n|\n|win|rulrus\n|raw|teabottlew's rating: 1536 &rarr; <strong>1510<\/strong><br \/>(-26 for losing)\n|raw|rulrus's rating: 1436 &rarr; <strong>1462<\/strong><br \/>(+26 for winning)\n|l|\u2606teabottlew\n","uploadtime":1699981050,"views":14,"p1id":"teabottlew","p2id":"rulrus","formatid":"gen9vgc2023regulatione","rating":1462,"private":0,"password":""}