{"id":"gen9vgc2023regulatione-1995840418","p1":"Sund3wz","p2":"Lucasdermeister","format":"[Gen 9] VGC 2023 Regulation E","log":"|j|\u2606Sund3wz\n|j|\u2606Lucasdermeister\n|t:|1700608456\n|gametype|doubles\n|player|p1|Sund3wz|unknown|1198\n|player|p2|Lucasdermeister|lucas|1193\n|teamsize|p1|6\n|teamsize|p2|6\n|gen|9\n|tier|[Gen 9] VGC 2023 Regulation E\n|rated|\n|rule|Species Clause: Limit one of each Pok\u00e9mon\n|rule|Item Clause: Limit one of each item\n|clearpoke\n|poke|p1|Ogerpon-Hearthflame, L50, F|\n|poke|p1|Iron Bundle, L50|\n|poke|p1|Landorus-Therian, L50, M|\n|poke|p1|Farigiraf, L50, M|\n|poke|p1|Iron Hands, L50|\n|poke|p1|Sinistcha, L50|\n|poke|p2|Farigiraf, L50, M|\n|poke|p2|Landorus, L50, M|\n|poke|p2|Urshifu-*, L50, F|\n|poke|p2|Iron Bundle, L50|\n|poke|p2|Heatran, L50, M|\n|poke|p2|Rillaboom, L50, F|\n|teampreview|4\n|inactive|Battle timer is ON: inactive players will automatically lose when time's up. (requested by Sund3wz)\nLucasdermeister rejected open team sheets.\n|inactive|Lucasdermeister has 60 seconds left.\n|\n|t:|1700608500\n|start\n|switch|p1a: Ogerpon|Ogerpon-Hearthflame, L50, F|100\/100\n|switch|p1b: Iron Hands|Iron Hands, L50|100\/100\n|switch|p2a: Farigiraf|Farigiraf, L50, M|100\/100\n|switch|p2b: Urshifu|Urshifu, L50, F|100\/100\n|-ability|p1a: Ogerpon|Mold Breaker\n|turn|1\n|inactive|Lucasdermeister has 30 seconds left.\n|\n|t:|1700608528\n|-terastallize|p1a: Ogerpon|Fire\n|detailschange|p1a: Ogerpon|Ogerpon-Hearthflame-Tera, L50, F, tera:Fire\n|-ability|p1a: Ogerpon|Embody Aspect (Hearthflame)|boost\n|-boost|p1a: Ogerpon|atk|1\n|move|p1a: Ogerpon|Ivy Cudgel|p2b: Urshifu|[anim] Ivy Cudgel Fire\n|-enditem|p2b: Urshifu|Focus Sash\n|-damage|p2b: Urshifu|1\/100\n|move|p2b: Urshifu|Wicked Blow|p1a: Ogerpon\n|-crit|p1a: Ogerpon\n|-damage|p1a: Ogerpon|17\/100\n|move|p2a: Farigiraf|Hyper Voice|p1b: Iron Hands|[spread] p1a,p1b\n|-damage|p1a: Ogerpon|0 fnt\n|-damage|p1b: Iron Hands|82\/100\n|faint|p1a: Ogerpon\n|-enditem|p2a: Farigiraf|Throat Spray\n|-boost|p2a: Farigiraf|spa|1|[from] item: Throat Spray\n|move|p1b: Iron Hands|Drain Punch|p2b: Urshifu\n|-supereffective|p2b: Urshifu\n|-damage|p2b: Urshifu|0 fnt\n|-heal|p1b: Iron Hands|82\/100|[from] drain|[of] p2b: Urshifu\n|faint|p2b: Urshifu\n|\n|upkeep\n|\n|t:|1700608551\n|switch|p1a: Iron Bundle|Iron Bundle, L50|100\/100\n|switch|p2b: Landorus|Landorus, L50, M|100\/100\n|-enditem|p1a: Iron Bundle|Booster Energy\n|-activate|p1a: Iron Bundle|ability: Quark Drive|[fromitem]\n|-start|p1a: Iron Bundle|quarkdrivespe\n|turn|2\n|\n|t:|1700608574\n|move|p2b: Landorus|Protect|p2b: Landorus\n|-singleturn|p2b: Landorus|Protect\n|move|p1a: Iron Bundle|Icy Wind|p2b: Landorus|[spread] p2a\n|-activate|p2b: Landorus|move: Protect\n|-damage|p2a: Farigiraf|79\/100\n|-unboost|p2a: Farigiraf|spe|1\n|move|p1b: Iron Hands|Drain Punch|p2a: Farigiraf\n|-damage|p2a: Farigiraf|37\/100\n|-heal|p1b: Iron Hands|99\/100|[from] drain|[of] p2a: Farigiraf\n|move|p2a: Farigiraf|Trick Room|p2a: Farigiraf\n|-fieldstart|move: Trick Room|[of] p2a: Farigiraf\n|\n|upkeep\n|turn|3\n|\n|t:|1700608593\n|move|p1a: Iron Bundle|Protect|p1a: Iron Bundle\n|-singleturn|p1a: Iron Bundle|Protect\n|move|p2a: Farigiraf|Hyper Voice|p1b: Iron Hands|[spread] p1b\n|-activate|p1a: Iron Bundle|move: Protect\n|-damage|p1b: Iron Hands|70\/100\n|move|p1b: Iron Hands|Drain Punch|p2a: Farigiraf\n|-damage|p2a: Farigiraf|0 fnt\n|-heal|p1b: Iron Hands|85\/100|[from] drain|[of] p2a: Farigiraf\n|faint|p2a: Farigiraf\n|move|p2b: Landorus|Sandsear Storm|p1a: Iron Bundle|[spread] p1b\n|-activate|p1a: Iron Bundle|move: Protect\n|-supereffective|p1b: Iron Hands\n|-damage|p1b: Iron Hands|12\/100\n|\n|upkeep\n|\n|t:|1700608603\n|switch|p2a: Heatran|Heatran, L50, M, shiny|100\/100\n|turn|4\n|inactive|Sund3wz has 30 seconds left.\n|inactive|Sund3wz has 20 seconds left.\n|inactive|Sund3wz has 15 seconds left.\n|\n|t:|1700608646\n|-terastallize|p2a: Heatran|Fairy\n|move|p1b: Iron Hands|Drain Punch|p2a: Heatran\n|-resisted|p2a: Heatran\n|-damage|p2a: Heatran|82\/100\n|-heal|p1b: Iron Hands|19\/100|[from] drain|[of] p2a: Heatran\n|move|p2a: Heatran|Heat Wave|p1b: Iron Hands|[spread] p1b\n|-miss|p2a: Heatran|p1a: Iron Bundle\n|-damage|p1b: Iron Hands|0 fnt\n|faint|p1b: Iron Hands\n|-end|p1b: Iron Hands|Quark Drive|[silent]\n|move|p2b: Landorus|Sandsear Storm|p1a: Iron Bundle\n|-damage|p1a: Iron Bundle|0 fnt\n|faint|p1a: Iron Bundle\n|-end|p1a: Iron Bundle|Quark Drive|[silent]\n|\n|upkeep\n|\n|t:|1700608659\n|switch|p1b: Sinistcha|Sinistcha, L50|100\/100\n|turn|5\n|\n|t:|1700608675\n|move|p1b: Sinistcha|Matcha Gotcha|p2a: Heatran|[spread] p2a,p2b\n|-damage|p2a: Heatran|62\/100\n|-damage|p2b: Landorus|62\/100\n|-status|p2a: Heatran|brn\n|-status|p2b: Landorus|brn\n|move|p2a: Heatran|Magma Storm|p1b: Sinistcha\n|-supereffective|p1b: Sinistcha\n|-damage|p1b: Sinistcha|0 fnt\n|faint|p1b: Sinistcha\n|\n|win|Lucasdermeister\n|raw|Sund3wz's rating: 1198 &rarr; <strong>1173<\/strong><br \/>(-25 for losing)\n|raw|Lucasdermeister's rating: 1193 &rarr; <strong>1218<\/strong><br \/>(+25 for winning)\n|l|\u2606Sund3wz\n","uploadtime":1700608688,"views":5,"p1id":"sund3wz","p2id":"lucasdermeister","formatid":"gen9vgc2023regulatione","rating":1173,"private":0,"password":""}