{"id":"gen9vgc2023regulatione-1991326336","p1":"Therazer456","p2":"Emirnent","format":"[Gen 9] VGC 2023 Regulation E","log":"|j|\u2606Therazer456\n|j|\u2606Emirnent\n|t:|1700067822\n|gametype|doubles\n|player|p1|Therazer456|ghetsis|1551\n|player|p2|Emirnent|1|1709\n|teamsize|p1|6\n|teamsize|p2|6\n|gen|9\n|tier|[Gen 9] VGC 2023 Regulation E\n|rated|\n|rule|Species Clause: Limit one of each Pok\u00e9mon\n|rule|Item Clause: Limit one of each item\n|clearpoke\n|poke|p1|Empoleon, L50, M|\n|poke|p1|Rillaboom, L50, M|\n|poke|p1|Roaring Moon, L50|\n|poke|p1|Moltres, L50|\n|poke|p1|Grimmsnarl, L50, M|\n|poke|p1|Landorus-Therian, L50, M|\n|poke|p2|Tornadus, L50, M|\n|poke|p2|Urshifu-*, L50, M|\n|poke|p2|Gholdengo, L50|\n|poke|p2|Perrserker, L50, F|\n|poke|p2|Ogerpon-Wellspring, L50, F|\n|poke|p2|Iron Hands, L50|\n|teampreview|4\n|j| Playsterco\n|\n|t:|1700067876\n|start\n|switch|p1a: Moltres|Moltres, L50|100\/100\n|switch|p1b: Grimmsnarl|Grimmsnarl, L50, M|100\/100\n|switch|p2a: Gholdengo|Gholdengo, L50|100\/100\n|switch|p2b: Perrserker|Perrserker, L50, F|100\/100\n|turn|1\n|inactive|Battle timer is ON: inactive players will automatically lose when time's up. (requested by Emirnent)\n|\n|t:|1700067889\n|-terastallize|p1b: Grimmsnarl|Ghost\n|move|p2b: Perrserker|Fake Out|p1a: Moltres\n|-crit|p1a: Moltres\n|-damage|p1a: Moltres|84\/100\n|-status|p2b: Perrserker|brn|[from] ability: Flame Body|[of] p1a: Moltres\n|move|p1b: Grimmsnarl|Light Screen|p1b: Grimmsnarl\n|-sidestart|p1: Therazer456|move: Light Screen\n|move|p2a: Gholdengo|Make It Rain|p1a: Moltres|[spread] p1a,p1b\n|-resisted|p1a: Moltres\n|-damage|p1a: Moltres|60\/100\n|-damage|p1b: Grimmsnarl|55\/100\n|-unboost|p2a: Gholdengo|spa|1\n|cant|p1a: Moltres|flinch\n|\n|-damage|p2b: Perrserker|94\/100 brn|[from] brn\n|upkeep\n|turn|2\n|\n|t:|1700067910\n|switch|p2a: Ogerpon|Ogerpon-Wellspring, L50, F|100\/100\n|move|p1b: Grimmsnarl|Reflect|p1b: Grimmsnarl\n|-sidestart|p1: Therazer456|Reflect\n|move|p1a: Moltres|Flamethrower|p2a: Ogerpon\n|-damage|p2a: Ogerpon|61\/100\n|move|p2b: Perrserker|Knock Off|p1b: Grimmsnarl\n|-supereffective|p1b: Grimmsnarl\n|-damage|p1b: Grimmsnarl|34\/100\n|-enditem|p1b: Grimmsnarl|Light Clay|[from] move: Knock Off|[of] p2b: Perrserker\n|\n|-damage|p2b: Perrserker|88\/100 brn|[from] brn\n|upkeep\n|turn|3\n|j| Skylark11\n|\n|t:|1700067935\n|move|p1b: Grimmsnarl|Parting Shot|p2a: Ogerpon\n|-unboost|p2a: Ogerpon|atk|1\n|-unboost|p2a: Ogerpon|spa|1\n|\n|t:|1700067937\n|switch|p1b: Landorus|Landorus-Therian, L50, M|100\/100|[from] Parting Shot\n|-ability|p1b: Landorus|Intimidate|boost\n|-unboost|p2a: Ogerpon|atk|1\n|-unboost|p2b: Perrserker|atk|1\n|move|p2a: Ogerpon|Ivy Cudgel|p1a: Moltres|[anim] Ivy Cudgel Water\n|-supereffective|p1a: Moltres\n|-damage|p1a: Moltres|30\/100\n|move|p1a: Moltres|Tailwind|p1a: Moltres\n|-sidestart|p1: Therazer456|move: Tailwind\n|move|p2b: Perrserker|Iron Head|p1b: Landorus\n|-damage|p1b: Landorus|85\/100\n|\n|-damage|p2b: Perrserker|82\/100 brn|[from] brn\n|upkeep\n|turn|4\n|\n|t:|1700067958\n|move|p2a: Ogerpon|Spiky Shield|p2a: Ogerpon\n|-singleturn|p2a: Ogerpon|move: Protect\n|move|p1b: Landorus|U-turn|p2a: Ogerpon\n|-activate|p2a: Ogerpon|move: Protect\n|-damage|p1b: Landorus|72\/100|[from] Spiky Shield|[of] p2a: Ogerpon\n|move|p1a: Moltres|Flamethrower|p2b: Perrserker\n|-supereffective|p2b: Perrserker\n|-damage|p2b: Perrserker|0 fnt\n|faint|p2b: Perrserker\n|\n|upkeep\n|\n|t:|1700067966\n|switch|p2b: Iron Hands|Iron Hands, L50|100\/100\n|turn|5\n|\n|t:|1700067980\n|switch|p1b: Grimmsnarl|Grimmsnarl, L50, M, tera:Ghost|34\/100\n|move|p2b: Iron Hands|Fake Out|p1b: Grimmsnarl\n|-immune|p1b: Grimmsnarl\n|move|p1a: Moltres|Will-O-Wisp|p2b: Iron Hands\n|-status|p2b: Iron Hands|brn\n|move|p2a: Ogerpon|Ivy Cudgel|p1a: Moltres|[anim] Ivy Cudgel Water\n|-supereffective|p1a: Moltres\n|-damage|p1a: Moltres|0 fnt\n|faint|p1a: Moltres\n|\n|-damage|p2b: Iron Hands|94\/100 brn|[from] brn\n|upkeep\n|\n|t:|1700067993\n|switch|p1a: Roaring Moon|Roaring Moon, L50|100\/100\n|-enditem|p1a: Roaring Moon|Booster Energy\n|-activate|p1a: Roaring Moon|ability: Protosynthesis|[fromitem]\n|-start|p1a: Roaring Moon|protosynthesisatk\n|turn|6\n|\n|t:|1700068007\n|move|p2a: Ogerpon|Spiky Shield|p2a: Ogerpon\n|-singleturn|p2a: Ogerpon|move: Protect\n|move|p1b: Grimmsnarl|Parting Shot|p2b: Iron Hands\n|-unboost|p2b: Iron Hands|atk|1\n|-unboost|p2b: Iron Hands|spa|1\n|\n|t:|1700068028\n|switch|p1b: Landorus|Landorus-Therian, L50, M|72\/100|[from] Parting Shot\n|-ability|p1b: Landorus|Intimidate|boost\n|-unboost|p2a: Ogerpon|atk|1\n|-unboost|p2b: Iron Hands|atk|1\n|move|p1a: Roaring Moon|Dragon Dance|p1a: Roaring Moon\n|-boost|p1a: Roaring Moon|atk|1\n|-boost|p1a: Roaring Moon|spe|1\n|move|p2b: Iron Hands|Drain Punch|p1a: Roaring Moon\n|-supereffective|p1a: Roaring Moon\n|-crit|p1a: Roaring Moon\n|-damage|p1a: Roaring Moon|32\/100\n|-heal|p2b: Iron Hands|100\/100 brn|[from] drain|[of] p1a: Roaring Moon\n|\n|-damage|p2b: Iron Hands|94\/100 brn|[from] brn\n|-sideend|p1: Therazer456|move: Tailwind\n|upkeep\n|turn|7\n|\n|t:|1700068040\n|move|p1a: Roaring Moon|Breaking Swipe|p2b: Iron Hands|[spread] p2a,p2b\n|-damage|p2a: Ogerpon|14\/100\n|-damage|p2b: Iron Hands|62\/100 brn\n|-unboost|p2a: Ogerpon|atk|1\n|-unboost|p2b: Iron Hands|atk|1\n|move|p2a: Ogerpon|Ivy Cudgel|p1a: Roaring Moon|[anim] Ivy Cudgel Water\n|-resisted|p1a: Roaring Moon\n|-damage|p1a: Roaring Moon|25\/100\n|move|p1b: Landorus|Stomping Tantrum|p2b: Iron Hands\n|-supereffective|p2b: Iron Hands\n|-damage|p2b: Iron Hands|0 fnt\n|faint|p2b: Iron Hands\n|-end|p2b: Iron Hands|Quark Drive|[silent]\n|\n|upkeep\n|j| Mut-antVGC\n|\n|t:|1700068049\n|switch|p2b: Gholdengo|Gholdengo, L50|100\/100\n|turn|8\n|\n|t:|1700068067\n|-terastallize|p2b: Gholdengo|Steel\n|move|p2a: Ogerpon|Follow Me|p2a: Ogerpon\n|-singleturn|p2a: Ogerpon|move: Follow Me\n|move|p1a: Roaring Moon|Breaking Swipe|p2b: Gholdengo|[spread] p2a,p2b\n|-resisted|p2b: Gholdengo\n|-damage|p2a: Ogerpon|0 fnt\n|-damage|p2b: Gholdengo|77\/100\n|-unboost|p2b: Gholdengo|atk|1\n|faint|p2a: Ogerpon\n|move|p2b: Gholdengo|Make It Rain|p1b: Landorus|[spread] p1a,p1b\n|-damage|p1a: Roaring Moon|0 fnt\n|-damage|p1b: Landorus|29\/100\n|-unboost|p2b: Gholdengo|spa|1\n|faint|p1a: Roaring Moon\n|-end|p1a: Roaring Moon|Protosynthesis|[silent]\n|move|p1b: Landorus|Stomping Tantrum|p2b: Gholdengo\n|-supereffective|p2b: Gholdengo\n|-damage|p2b: Gholdengo|0 fnt\n|faint|p2b: Gholdengo\n|\n|win|Therazer456\n|raw|Therazer456's rating: 1539 &rarr; <strong>1568<\/strong><br \/>(+29 for winning)\n|raw|Emirnent's rating: 1709 &rarr; <strong>1680<\/strong><br \/>(-29 for losing)\n|l|\u2606Emirnent\n|l|\u2606Therazer456\n","uploadtime":1700068085,"views":20,"p1id":"therazer456","p2id":"emirnent","formatid":"gen9vgc2023regulatione","rating":1568,"private":0,"password":""}