{"id":"gen9vgc2023regulatione-1992363135","p1":"zanethrillseek","p2":"Wild248","format":"[Gen 9] VGC 2023 Regulation E","log":"|j|\u2606zanethrillseek\n|j|\u2606Wild248\n|t:|1700178940\n|gametype|doubles\n|player|p1|zanethrillseek|hilbert-wonderlauncher|1226\n|player|p2|Wild248|ltsurge|1312\n|teamsize|p1|6\n|teamsize|p2|6\n|gen|9\n|tier|[Gen 9] VGC 2023 Regulation E\n|rated|\n|rule|Species Clause: Limit one of each Pok\u00e9mon\n|rule|Item Clause: Limit one of each item\n|clearpoke\n|poke|p1|Tornadus, L50, M|\n|poke|p1|Chien-Pao, L50|\n|poke|p1|Rillaboom, L50, F|\n|poke|p1|Arcanine-Hisui, L50, F|\n|poke|p1|Flutter Mane, L50|\n|poke|p1|Urshifu-*, L50, M|\n|poke|p2|Tyranitar, L50, M|\n|poke|p2|Arcanine-Hisui, L50, M|\n|poke|p2|Rillaboom, L50, M|\n|poke|p2|Tornadus, L50, M|\n|poke|p2|Flutter Mane, L50|\n|poke|p2|Urshifu-*, L50, M|\n|teampreview|4\n|inactive|Battle timer is ON: inactive players will automatically lose when time's up. (requested by Wild248)\n|\n|t:|1700178986\n|start\n|switch|p1a: Rillaboom|Rillaboom, L50, F|100\/100\n|switch|p1b: Arcanine|Arcanine-Hisui, L50, F|100\/100\n|switch|p2a: Tornadus|Tornadus, L50, M|100\/100\n|switch|p2b: Urshifu|Urshifu-Rapid-Strike, L50, M|100\/100\n|-ability|p1b: Arcanine|Intimidate|boost\n|-unboost|p2a: Tornadus|atk|1\n|-unboost|p2b: Urshifu|atk|1\n|-fieldstart|move: Grassy Terrain|[from] ability: Grassy Surge|[of] p1a: Rillaboom\n|turn|1\n|inactive|zanethrillseek has 30 seconds left.\n|inactive|zanethrillseek has 20 seconds left.\n|\n|t:|1700179025\n|switch|p2a: Arcanine|Arcanine-Hisui, L50, M|100\/100\n|-ability|p2a: Arcanine|Intimidate|boost\n|-unboost|p1a: Rillaboom|atk|1\n|-unboost|p1b: Arcanine|atk|1\n|-terastallize|p1b: Arcanine|Normal\n|move|p2b: Urshifu|Protect|p2b: Urshifu\n|-singleturn|p2b: Urshifu|Protect\n|move|p1b: Arcanine|Rock Slide|p2a: Arcanine|[spread] p2a\n|-activate|p2b: Urshifu|move: Protect\n|-supereffective|p2a: Arcanine\n|-damage|p2a: Arcanine|35\/100\n|move|p1a: Rillaboom|Wood Hammer|p2b: Urshifu\n|-activate|p2b: Urshifu|move: Protect\n|\n|-heal|p2a: Arcanine|40\/100|[from] Grassy Terrain\n|upkeep\n|turn|2\n|inactive|zanethrillseek has 30 seconds left.\n|inactive|Wild248 has 30 seconds left.\n|inactive|zanethrillseek has 20 seconds left.\n|inactive|zanethrillseek has 15 seconds left.\n|\n|t:|1700179066\n|switch|p2b: Rillaboom|Rillaboom, L50, M|100\/100\n|switch|p1a: Urshifu|Urshifu-Rapid-Strike, L50, M|100\/100\n|move|p2a: Arcanine|Flare Blitz|p1a: Urshifu\n|-resisted|p1a: Urshifu\n|-damage|p1a: Urshifu|52\/100\n|-damage|p2a: Arcanine|25\/100|[from] Recoil\n|move|p1b: Arcanine|Rock Slide|p2b: Rillaboom|[spread] p2a,p2b\n|-supereffective|p2a: Arcanine\n|-damage|p2a: Arcanine|0 fnt\n|-damage|p2b: Rillaboom|75\/100\n|faint|p2a: Arcanine\n|\n|-heal|p1a: Urshifu|58\/100|[from] Grassy Terrain\n|-heal|p2b: Rillaboom|81\/100|[from] Grassy Terrain\n|upkeep\n|\n|t:|1700179077\n|switch|p2a: Urshifu|Urshifu-Rapid-Strike, L50, M|100\/100\n|turn|3\n|inactive|zanethrillseek has 30 seconds left.\n|inactive|zanethrillseek has 20 seconds left.\n|\n|t:|1700179115\n|switch|p1b: Chien-Pao|Chien-Pao, L50|100\/100\n|-ability|p1b: Chien-Pao|Sword of Ruin\n|move|p2b: Rillaboom|Grassy Glide|p1a: Urshifu\n|-supereffective|p1a: Urshifu\n|-damage|p1a: Urshifu|0 fnt\n|faint|p1a: Urshifu\n|move|p2a: Urshifu|Close Combat|p1b: Chien-Pao\n|-supereffective|p1b: Chien-Pao\n|-enditem|p1b: Chien-Pao|Focus Sash\n|-damage|p1b: Chien-Pao|1\/100\n|-unboost|p2a: Urshifu|def|1\n|-unboost|p2a: Urshifu|spd|1\n|\n|-heal|p1b: Chien-Pao|7\/100|[from] Grassy Terrain\n|-heal|p2b: Rillaboom|87\/100|[from] Grassy Terrain\n|upkeep\n|\n|t:|1700179136\n|switch|p1a: Arcanine|Arcanine-Hisui, L50, F, tera:Normal|100\/100\n|-ability|p1a: Arcanine|Intimidate|boost\n|-unboost|p2a: Urshifu|atk|1\n|-unboost|p2b: Rillaboom|atk|1\n|turn|4\n|\n|t:|1700179160\n|switch|p2a: Tornadus|Tornadus, L50, M|100\/100\n|move|p2b: Rillaboom|Protect|p2b: Rillaboom\n|-singleturn|p2b: Rillaboom|Protect\n|move|p1b: Chien-Pao|Sacred Sword|p2a: Tornadus\n|-resisted|p2a: Tornadus\n|-damage|p2a: Tornadus|78\/100\n|move|p1a: Arcanine|Flare Blitz|p2b: Rillaboom\n|-activate|p2b: Rillaboom|move: Protect\n|\n|-heal|p1b: Chien-Pao|13\/100|[from] Grassy Terrain\n|-heal|p2b: Rillaboom|94\/100|[from] Grassy Terrain\n|upkeep\n|turn|5\n|inactive|zanethrillseek has 30 seconds left.\n|\n|t:|1700179189\n|switch|p2b: Urshifu|Urshifu-Rapid-Strike, L50, M|100\/100\n|move|p2a: Tornadus|Tailwind|p2a: Tornadus\n|-sidestart|p2: Wild248|move: Tailwind\n|move|p1b: Chien-Pao|Icicle Crash|p2a: Tornadus\n|-supereffective|p2a: Tornadus\n|-damage|p2a: Tornadus|0 fnt\n|faint|p2a: Tornadus\n|move|p1a: Arcanine|Flare Blitz|p2b: Urshifu\n|-resisted|p2b: Urshifu\n|-damage|p2b: Urshifu|48\/100\n|-damage|p1a: Arcanine|85\/100|[from] Recoil\n|\n|-heal|p2b: Urshifu|54\/100|[from] Grassy Terrain\n|-heal|p1b: Chien-Pao|19\/100|[from] Grassy Terrain\n|-heal|p1a: Arcanine|91\/100|[from] Grassy Terrain\n|-fieldend|move: Grassy Terrain\n|upkeep\n|\n|t:|1700179199\n|switch|p2a: Rillaboom|Rillaboom, L50, M|94\/100\n|-fieldstart|move: Grassy Terrain|[from] ability: Grassy Surge|[of] p2a: Rillaboom\n|turn|6\n|inactive|zanethrillseek has 30 seconds left.\n|inactive|Wild248 has 30 seconds left.\n|\n|t:|1700179236\n|switch|p1a: Rillaboom|Rillaboom, L50, F|100\/100\n|-terastallize|p2b: Urshifu|Water\n|move|p2a: Rillaboom|Fake Out|p1a: Rillaboom\n|-damage|p1a: Rillaboom|82\/100\n|move|p2b: Urshifu|Aqua Jet|p1b: Chien-Pao\n|-damage|p1b: Chien-Pao|0 fnt\n|faint|p1b: Chien-Pao\n|\n|-heal|p2b: Urshifu|60\/100|[from] Grassy Terrain\n|-heal|p2a: Rillaboom|99\/100|[from] Grassy Terrain\n|-heal|p1a: Rillaboom|88\/100|[from] Grassy Terrain\n|upkeep\n|\n|t:|1700179249\n|switch|p1b: Arcanine|Arcanine-Hisui, L50, F, tera:Normal|91\/100\n|-ability|p1b: Arcanine|Intimidate|boost\n|-unboost|p2a: Rillaboom|atk|1\n|-unboost|p2b: Urshifu|atk|1\n|turn|7\n|\n|t:|1700179271\n|move|p2b: Urshifu|Protect|p2b: Urshifu\n|-singleturn|p2b: Urshifu|Protect\n|move|p2a: Rillaboom|Protect|p2a: Rillaboom\n|-singleturn|p2a: Rillaboom|Protect\n|move|p1a: Rillaboom|Fake Out|p2b: Urshifu\n|-activate|p2b: Urshifu|move: Protect\n|move|p1b: Arcanine|Flare Blitz|p2a: Rillaboom\n|-activate|p2a: Rillaboom|move: Protect\n|\n|-heal|p2b: Urshifu|66\/100|[from] Grassy Terrain\n|-heal|p2a: Rillaboom|100\/100|[from] Grassy Terrain\n|-heal|p1b: Arcanine|97\/100|[from] Grassy Terrain\n|-heal|p1a: Rillaboom|94\/100|[from] Grassy Terrain\n|upkeep\n|turn|8\n|\n|t:|1700179294\n|move|p2b: Urshifu|Aqua Jet|p1b: Arcanine\n|-damage|p1b: Arcanine|73\/100\n|move|p1a: Rillaboom|Grassy Glide|p2b: Urshifu\n|-supereffective|p2b: Urshifu\n|-damage|p2b: Urshifu|0 fnt\n|faint|p2b: Urshifu\n|move|p2a: Rillaboom|Wood Hammer|p1b: Arcanine\n|-crit|p1b: Arcanine\n|-damage|p1b: Arcanine|0 fnt\n|faint|p1b: Arcanine\n|-damage|p2a: Rillaboom|75\/100|[from] Recoil\n|\n|-heal|p2a: Rillaboom|81\/100|[from] Grassy Terrain\n|-heal|p1a: Rillaboom|99\/100|[from] Grassy Terrain\n|-sideend|p2: Wild248|move: Tailwind\n|upkeep\n|turn|9\n|inactive|zanethrillseek has 30 seconds left.\n|\n|t:|1700179324\n|move|p2a: Rillaboom|Protect|p2a: Rillaboom\n|-singleturn|p2a: Rillaboom|Protect\n|move|p1a: Rillaboom|U-turn|p2a: Rillaboom\n|-activate|p2a: Rillaboom|move: Protect\n|\n|-heal|p1a: Rillaboom|100\/100|[from] Grassy Terrain\n|-heal|p2a: Rillaboom|87\/100|[from] Grassy Terrain\n|upkeep\n|turn|10\n|\n|t:|1700179334\n|move|p1a: Rillaboom|U-turn|p2a: Rillaboom\n|-supereffective|p2a: Rillaboom\n|-damage|p2a: Rillaboom|39\/100\n|move|p2a: Rillaboom|Wood Hammer|p1a: Rillaboom\n|-resisted|p1a: Rillaboom\n|-crit|p1a: Rillaboom\n|-damage|p1a: Rillaboom|27\/100\n|-damage|p2a: Rillaboom|12\/100|[from] Recoil\n|\n|-heal|p1a: Rillaboom|32\/100|[from] Grassy Terrain\n|-heal|p2a: Rillaboom|19\/100|[from] Grassy Terrain\n|-fieldend|move: Grassy Terrain\n|upkeep\n|turn|11\n|\n|t:|1700179349\n|move|p1a: Rillaboom|U-turn|p2a: Rillaboom\n|-supereffective|p2a: Rillaboom\n|-damage|p2a: Rillaboom|0 fnt\n|faint|p2a: Rillaboom\n|\n|win|zanethrillseek\n|raw|zanethrillseek's rating: 1226 &rarr; <strong>1257<\/strong><br \/>(+31 for winning)\n|raw|Wild248's rating: 1312 &rarr; <strong>1287<\/strong><br \/>(-25 for losing)\n|l|\u2606Wild248\n","uploadtime":1700179357,"views":13,"p1id":"zanethrillseek","p2id":"wild248","formatid":"gen9vgc2023regulatione","rating":1257,"private":0,"password":""}