{"id":"gen9vgc2023regulatione-1988754724","p1":"Osgar","p2":"JL_GAMER7","format":"[Gen 9] VGC 2023 Regulation E","log":"|j|\u2606Osgar\n|j|\u2606JL_GAMER7\n|t:|1699758904\n|gametype|doubles\n|player|p1|Osgar|giovanni|1309\n|player|p2|JL_GAMER7|hilbert|1235\n|teamsize|p1|6\n|teamsize|p2|6\n|gen|9\n|tier|[Gen 9] VGC 2023 Regulation E\n|rated|\n|rule|Species Clause: Limit one of each Pok\u00e9mon\n|rule|Item Clause: Limit one of each item\n|clearpoke\n|poke|p1|Annihilape, L50, F|\n|poke|p1|Farigiraf, L50, F|\n|poke|p1|Torkoal, L50, F|\n|poke|p1|Kingambit, L50, M|\n|poke|p1|Ursaluna-Bloodmoon, L50, M|\n|poke|p1|Pelipper, L50, M|\n|poke|p2|Armarouge, L50, F|\n|poke|p2|Indeedee-F, L50, F|\n|poke|p2|Torkoal, L50, M|\n|poke|p2|Kingambit, L50, M|\n|poke|p2|Lilligant, L50, F|\n|poke|p2|Iron Hands, L50|\n|teampreview|4\n|\n|t:|1699758932\n|start\n|switch|p1a: Farigiraf|Farigiraf, L50, F|100\/100\n|switch|p1b: Pelipper|Pelipper, L50, M|100\/100\n|switch|p2a: El fuegitos|Armarouge, L50, F|100\/100\n|switch|p2b: zi|Indeedee-F, L50, F|100\/100\n|-fieldstart|move: Psychic Terrain|[from] ability: Psychic Surge|[of] p2b: zi\n|-enditem|p2b: zi|Psychic Seed\n|-boost|p2b: zi|spd|1|[from] item: Psychic Seed\n|-weather|RainDance|[from] ability: Drizzle|[of] p1b: Pelipper\n|turn|1\n|\n|t:|1699758951\n|move|p2b: zi|Helping Hand|p2a: El fuegitos\n|-singleturn|p2a: El fuegitos|Helping Hand|[of] p2b: zi\n|move|p1b: Pelipper|Wide Guard|p1b: Pelipper\n|-singleturn|p1b: Pelipper|Wide Guard\n|move|p2a: El fuegitos|Expanding Force|p1b: Pelipper|[spread] \n|-activate|p1a: Farigiraf|move: Wide Guard\n|-activate|p1b: Pelipper|move: Wide Guard\n|move|p1a: Farigiraf|Trick Room|p1a: Farigiraf\n|-fieldstart|move: Trick Room|[of] p1a: Farigiraf\n|\n|-weather|RainDance|[upkeep]\n|upkeep\n|turn|2\n|\n|t:|1699758978\n|switch|p1a: Kingambit|Kingambit, L50, M|100\/100\n|-terastallize|p2a: El fuegitos|Grass\n|move|p2b: zi|Helping Hand|p2a: El fuegitos\n|-singleturn|p2a: El fuegitos|Helping Hand|[of] p2b: zi\n|move|p1b: Pelipper|Surf|p2a: El fuegitos|[spread] p1a,p2a,p2b\n|-resisted|p2a: El fuegitos\n|-damage|p1a: Kingambit|70\/100\n|-damage|p2a: El fuegitos|75\/100\n|-damage|p2b: zi|75\/100\n|move|p2a: El fuegitos|Expanding Force|p1b: Pelipper|[spread] p1b\n|-immune|p1a: Kingambit\n|-damage|p1b: Pelipper|0 fnt\n|faint|p1b: Pelipper\n|-damage|p2a: El fuegitos|66\/100|[from] item: Life Orb\n|\n|-weather|RainDance|[upkeep]\n|upkeep\n|\n|t:|1699758991\n|switch|p1b: Ursaluna|Ursaluna-Bloodmoon, L50, M|100\/100\n|turn|3\n|\n|t:|1699759001\n|-terastallize|p1b: Ursaluna|Normal\n|move|p2b: zi|Follow Me|p2b: zi\n|-singleturn|p2b: zi|move: Follow Me\n|move|p1a: Kingambit|Kowtow Cleave|p2b: zi\n|-supereffective|p2b: zi\n|-damage|p2b: zi|0 fnt\n|faint|p2b: zi\n|move|p1b: Ursaluna|Blood Moon|p2a: El fuegitos\n|-damage|p2a: El fuegitos|0 fnt\n|faint|p2a: El fuegitos\n|\n|-weather|RainDance|[upkeep]\n|upkeep\n|\n|t:|1699759012\n|switch|p2a: Est\u00e1 que arde|Torkoal, L50, M|100\/100\n|switch|p2b: La plantica|Lilligant, L50, F|100\/100\n|-weather|SunnyDay|[from] ability: Drought|[of] p2a: Est\u00e1 que arde\n|turn|4\n|\n|t:|1699759023\n|move|p2b: La plantica|Protect|p2b: La plantica\n|-singleturn|p2b: La plantica|Protect\n|move|p2a: Est\u00e1 que arde|Eruption|p1b: Ursaluna|[spread] p1a,p1b\n|-supereffective|p1a: Kingambit\n|-damage|p1a: Kingambit|0 fnt\n|-damage|p1b: Ursaluna|0 fnt\n|faint|p1a: Kingambit\n|faint|p1b: Ursaluna\n|\n|-weather|SunnyDay|[upkeep]\n|upkeep\n|\n|t:|1699759028\n|switch|p1b: Farigiraf|Farigiraf, L50, F|100\/100\n|turn|5\n|\n|t:|1699759033\n|move|p2a: Est\u00e1 que arde|Eruption|p1b: Farigiraf\n|-damage|p1b: Farigiraf|0 fnt\n|faint|p1b: Farigiraf\n|\n|win|JL_GAMER7\n|raw|Osgar's rating: 1288 &rarr; <strong>1259<\/strong><br \/>(-29 for losing)\n|raw|JL_GAMER7's rating: 1235 &rarr; <strong>1264<\/strong><br \/>(+29 for winning)\n","uploadtime":1699759043,"views":10,"p1id":"osgar","p2id":"jlgamer7","formatid":"gen9vgc2023regulatione","rating":1259,"private":0,"password":""}