{"id":"gen9vgc2023regulatione-1996890965","p1":"luk29powavgcwp","p2":"onitake90","format":"[Gen 9] VGC 2023 Regulation E","log":"|j|\u2606luk29powavgcwp\n|j|\u2606onitake90\n|t:|1700741018\n|gametype|doubles\n|player|p1|luk29powavgcwp|265|1330\n|player|p2|onitake90|265|1409\n|teamsize|p1|6\n|teamsize|p2|6\n|gen|9\n|tier|[Gen 9] VGC 2023 Regulation E\n|rated|\n|rule|Species Clause: Limit one of each Pok\u00e9mon\n|rule|Item Clause: Limit one of each item\n|clearpoke\n|poke|p1|Dondozo, L50, F|\n|poke|p1|Tatsugiri, L50, M|\n|poke|p1|Ninetales-Alola, L50, M|\n|poke|p1|Glimmora, L50, M|\n|poke|p1|Ogerpon-Hearthflame, L50, F|\n|poke|p1|Iron Hands, L50|\n|poke|p2|Empoleon, L50, F|\n|poke|p2|Baxcalibur, L50, M|\n|poke|p2|Sableye, L50, F|\n|poke|p2|Iron Hands, L50|\n|poke|p2|Arcanine-Hisui, L50, F|\n|poke|p2|Sinistcha, L50|\n|teampreview|4\n|inactive|Battle timer is ON: inactive players will automatically lose when time's up. (requested by luk29powavgcwp)\nonitake90 has agreed to open team sheets.\n|inactive|luk29powavgcwp has 60 seconds left.\n|inactive|onitake90 has 60 seconds left.\n|\n|t:|1700741063\n|start\n|switch|p1a: Ninetales|Ninetales-Alola, L50, M|100\/100\n|switch|p1b: Glimmora|Glimmora, L50, M|100\/100\n|switch|p2a: Empoleon|Empoleon, L50, F|100\/100\n|switch|p2b: Sableye|Sableye, L50, F|100\/100\n|-weather|Snow|[from] ability: Snow Warning|[of] p1a: Ninetales\n|turn|1\n|inactive|luk29powavgcwp has 30 seconds left.\n|inactive|onitake90 has 30 seconds left.\n|inactive|luk29powavgcwp has 20 seconds left.\n|\n|t:|1700741099\n|-terastallize|p1b: Glimmora|Grass\n|move|p2b: Sableye|Light Screen|p2b: Sableye\n|-sidestart|p2: onitake90|move: Light Screen\n|move|p1a: Ninetales|Aurora Veil|p1a: Ninetales\n|-sidestart|p1: luk29powavgcwp|move: Aurora Veil\n|move|p1b: Glimmora|Sludge Bomb|p2b: Sableye\n|-resisted|p2b: Sableye\n|-damage|p2b: Sableye|79\/100\n|move|p2a: Empoleon|Yawn|p1a: Ninetales\n|-start|p1a: Ninetales|move: Yawn|[of] p2a: Empoleon\n|\n|-weather|Snow|[upkeep]\n|upkeep\n|turn|2\n|inactive|luk29powavgcwp has 30 seconds left.\n|inactive|onitake90 has 30 seconds left.\n|\n|t:|1700741133\n|switch|p1a: Ogerpon|Ogerpon-Hearthflame, L50, F|100\/100\n|-ability|p1a: Ogerpon|Mold Breaker\n|switch|p2b: Doc|Iron Hands, L50|100\/100\n|move|p1b: Glimmora|Mortal Spin|p2a: Empoleon|[spread] p2b\n|-immune|p2a: Empoleon\n|-damage|p2b: Doc|98\/100\n|-status|p2b: Doc|psn\n|move|p2a: Empoleon|Yawn|p1b: Glimmora\n|-start|p1b: Glimmora|move: Yawn|[of] p2a: Empoleon\n|\n|-weather|Snow|[upkeep]\n|-damage|p2b: Doc|85\/100 psn|[from] psn\n|upkeep\n|turn|3\n|inactive|onitake90 has 30 seconds left.\n|\n|t:|1700741159\n|switch|p1b: Ninetales|Ninetales-Alola, L50, M|100\/100\n|switch|p2a: Sableye|Sableye, L50, F|79\/100\n|move|p1a: Ogerpon|Spiky Shield|p1a: Ogerpon\n|-singleturn|p1a: Ogerpon|move: Protect\n|move|p2b: Doc|Fake Out|p1a: Ogerpon\n|-activate|p1a: Ogerpon|move: Protect\n|-damage|p2b: Doc|73\/100 psn|[from] Spiky Shield|[of] p1a: Ogerpon\n|\n|-weather|Snow|[upkeep]\n|-damage|p2b: Doc|60\/100 psn|[from] psn\n|upkeep\n|turn|4\n|inactive|luk29powavgcwp has 30 seconds left.\n|inactive|onitake90 has 30 seconds left.\n|\n|t:|1700741193\n|switch|p1b: Glimmora|Glimmora, L50, M, tera:Grass|100\/100\n|move|p2a: Sableye|Reflect|p2a: Sableye\n|-sidestart|p2: onitake90|Reflect\n|move|p1a: Ogerpon|Horn Leech|p2a: Sableye\n|-damage|p2a: Sableye|40\/100\n|move|p2b: Doc|Drain Punch|p1a: Ogerpon\n|-damage|p1a: Ogerpon|75\/100\n|-heal|p2b: Doc|70\/100 psn|[from] drain|[of] p1a: Ogerpon\n|\n|-weather|Snow|[upkeep]\n|-damage|p2b: Doc|57\/100 psn|[from] psn\n|upkeep\n|turn|5\n|inactive|luk29powavgcwp has 30 seconds left.\n|inactive|onitake90 has 30 seconds left.\n|inactive|onitake90 has 20 seconds left.\n|\n|t:|1700741232\n|-end|p2b: Doc|Quark Drive|[silent]\n|switch|p2b: Baxcalibur|Baxcalibur, L50, M|100\/100\n|move|p1a: Ogerpon|Spiky Shield|p1a: Ogerpon\n|-singleturn|p1a: Ogerpon|move: Protect\n|move|p2a: Sableye|Will-O-Wisp|p1b: Glimmora\n|-status|p1b: Glimmora|brn\n|move|p1b: Glimmora|Mortal Spin|p2b: Baxcalibur|[spread] p2a,p2b\n|-resisted|p2a: Sableye\n|-damage|p2a: Sableye|39\/100\n|-damage|p2b: Baxcalibur|99\/100\n|-status|p2a: Sableye|psn\n|-status|p2b: Baxcalibur|psn\n|\n|-weather|none\n|-damage|p2b: Baxcalibur|87\/100 psn|[from] psn\n|-damage|p2a: Sableye|27\/100 psn|[from] psn\n|-damage|p1b: Glimmora|95\/100 brn|[from] brn\n|upkeep\n|turn|6\n|inactive|luk29powavgcwp has 30 seconds left.\n|inactive|onitake90 has 30 seconds left.\n|inactive|onitake90 has 20 seconds left.\n|inactive|onitake90 has 15 seconds left.\n|inactive|luk29powavgcwp has 20 seconds left.\n|inactive|luk29powavgcwp has 15 seconds left.\n|\n|t:|1700741285\n|-terastallize|p2b: Baxcalibur|Poison\n|move|p1b: Glimmora|Spiky Shield|p1b: Glimmora\n|-singleturn|p1b: Glimmora|move: Protect\n|move|p1a: Ogerpon|Horn Leech|p2b: Baxcalibur\n|-resisted|p2b: Baxcalibur\n|-damage|p2b: Baxcalibur|75\/100 psn\n|-heal|p1a: Ogerpon|82\/100|[from] drain|[of] p2b: Baxcalibur\n|move|p2b: Baxcalibur|Swords Dance|p2b: Baxcalibur\n|-boost|p2b: Baxcalibur|atk|2\n|move|p2a: Sableye|Foul Play|p1a: Ogerpon\n|-damage|p1a: Ogerpon|53\/100\n|\n|-damage|p2b: Baxcalibur|63\/100 psn|[from] psn\n|-damage|p2a: Sableye|15\/100 psn|[from] psn\n|-damage|p1b: Glimmora|89\/100 brn|[from] brn\n|upkeep\n|turn|7\n|inactive|luk29powavgcwp has 30 seconds left.\n|\n|t:|1700741311\n|switch|p1b: Ninetales|Ninetales-Alola, L50, M|100\/100\n|-weather|Snow|[from] ability: Snow Warning|[of] p1b: Ninetales\n|switch|p2a: Doc|Iron Hands, L50|57\/100 psn\n|move|p1a: Ogerpon|Ivy Cudgel|p2b: Baxcalibur|[anim] Ivy Cudgel Fire\n|-damage|p2b: Baxcalibur|28\/100 psn\n|-ability|p2b: Baxcalibur|Thermal Exchange|boost\n|-boost|p2b: Baxcalibur|atk|1\n|move|p2b: Baxcalibur|Glaive Rush|p1b: Ninetales\n|-immune|p1b: Ninetales\n|\n|-weather|Snow|[upkeep]\n|-damage|p2b: Baxcalibur|15\/100 psn|[from] psn\n|-damage|p2a: Doc|45\/100 psn|[from] psn\n|upkeep\n|turn|8\n|inactive|luk29powavgcwp has 30 seconds left.\n|inactive|onitake90 has 30 seconds left.\n|\n|t:|1700741344\n|move|p1b: Ninetales|Protect|p1b: Ninetales\n|-singleturn|p1b: Ninetales|Protect\n|move|p1a: Ogerpon|Spiky Shield|p1a: Ogerpon\n|-singleturn|p1a: Ogerpon|move: Protect\n|move|p2b: Baxcalibur|Ice Shard|p1a: Ogerpon\n|-activate|p1a: Ogerpon|move: Protect\n|move|p2a: Doc|Drain Punch|p1b: Ninetales\n|-activate|p1b: Ninetales|move: Protect\n|\n|-weather|Snow|[upkeep]\n|-damage|p2b: Baxcalibur|3\/100 psn|[from] psn\n|-damage|p2a: Doc|32\/100 psn|[from] psn\n|-sideend|p2: onitake90|move: Light Screen\n|-sideend|p1: luk29powavgcwp|move: Aurora Veil\n|upkeep\n|turn|9\n|inactive|luk29powavgcwp has 30 seconds left.\n|\n|t:|1700741373\n|move|p2b: Baxcalibur|Ice Shard|p1a: Ogerpon\n|-damage|p1a: Ogerpon|0 fnt\n|faint|p1a: Ogerpon\n|move|p1b: Ninetales|Aurora Veil|p1b: Ninetales\n|-sidestart|p1: luk29powavgcwp|move: Aurora Veil\n|move|p2a: Doc|Drain Punch|p1b: Ninetales\n|-damage|p1b: Ninetales|77\/100\n|-heal|p2a: Doc|41\/100 psn|[from] drain|[of] p1b: Ninetales\n|\n|-weather|Snow|[upkeep]\n|-damage|p2b: Baxcalibur|0 fnt|[from] psn\n|faint|p2b: Baxcalibur\n|-damage|p2a: Doc|28\/100 psn|[from] psn\n|upkeep\n|\n|t:|1700741390\n|switch|p1a: Glimmora|Glimmora, L50, M, tera:Grass|89\/100 brn\n|switch|p2b: Sableye|Sableye, L50, F|15\/100 psn\n|turn|10\n|inactive|luk29powavgcwp has 30 seconds left.\n|inactive|onitake90 has 30 seconds left.\n|\n|t:|1700741421\n|move|p2b: Sableye|Light Screen|p2b: Sableye\n|-sidestart|p2: onitake90|move: Light Screen\n|move|p1b: Ninetales|Blizzard|p2b: Sableye|[spread] p2a,p2b\n|-damage|p2a: Doc|21\/100 psn\n|-damage|p2b: Sableye|0 fnt\n|faint|p2b: Sableye\n|move|p1a: Glimmora|Sludge Bomb|p2a: Doc\n|-damage|p2a: Doc|5\/100 psn\n|move|p2a: Doc|Drain Punch|p1b: Ninetales\n|-damage|p1b: Ninetales|54\/100\n|-heal|p2a: Doc|13\/100 psn|[from] drain|[of] p1b: Ninetales\n|\n|-weather|Snow|[upkeep]\n|-damage|p2a: Doc|1\/100 psn|[from] psn\n|-damage|p1a: Glimmora|83\/100 brn|[from] brn\n|upkeep\n|\n|t:|1700741435\n|switch|p2b: Empoleon|Empoleon, L50, F|100\/100\n|turn|11\n|\n|t:|1700741457\n|move|p1b: Ninetales|Protect|p1b: Ninetales\n|-singleturn|p1b: Ninetales|Protect\n|move|p1a: Glimmora|Spiky Shield|p1a: Glimmora\n|-singleturn|p1a: Glimmora|move: Protect\n|move|p2b: Empoleon|Flash Cannon|p1a: Glimmora\n|-activate|p1a: Glimmora|move: Protect\n|move|p2a: Doc|Heavy Slam|p1b: Ninetales\n|-activate|p1b: Ninetales|move: Protect\n|\n|-weather|none\n|-damage|p2a: Doc|0 fnt|[from] psn\n|faint|p2a: Doc\n|-end|p2a: Doc|Quark Drive|[silent]\n|-damage|p1a: Glimmora|77\/100 brn|[from] brn\n|-sideend|p2: onitake90|Reflect\n|upkeep\n|turn|12\n|inactive|luk29powavgcwp has 30 seconds left.\n|\n|t:|1700741483\n|move|p1b: Ninetales|Blizzard|p2b: Empoleon\n|-resisted|p2b: Empoleon\n|-damage|p2b: Empoleon|95\/100\n|-status|p2b: Empoleon|frz\n|move|p1a: Glimmora|Power Gem|p2b: Empoleon\n|-resisted|p2b: Empoleon\n|-damage|p2b: Empoleon|81\/100 frz\n|cant|p2b: Empoleon|frz\n|\n|-heal|p2b: Empoleon|87\/100 frz|[from] item: Leftovers\n|-damage|p1a: Glimmora|72\/100 brn|[from] brn\n|upkeep\n|turn|13\n|-message|onitake90 forfeited.\n|\n|win|luk29powavgcwp\n|raw|luk29powavgcwp's rating: 1330 &rarr; <strong>1354<\/strong><br \/>(+24 for winning)\n|raw|onitake90's rating: 1409 &rarr; <strong>1385<\/strong><br \/>(-24 for losing)\n|l|\u2606onitake90\n","uploadtime":1700741500,"views":9,"p1id":"luk29powavgcwp","p2id":"onitake90","formatid":"gen9vgc2023regulatione","rating":1354,"private":0,"password":""}