{"id":"gen9vgc2023regulatione-1993114496","p1":"whatshamidt","p2":"Hammyman513","format":"[Gen 9] VGC 2023 Regulation E","log":"|j|\u2606whatshamidt\n|j|\u2606Hammyman513\n|n|\u2606whatshamidt|whatshamidt\n|n|\u2606Hammyman513|hammyman513\n|html|View the match progress at <a href=\"\/game-bestof3-gen9vgc2023regulatione-1993110147\">game-bestof3-gen9vgc2023regulatione-1993110147<\/a>\n|t:|1700266453\n|gametype|doubles\n|player|p1|whatshamidt|266|\n|player|p2|Hammyman513|pokekid|\n|teamsize|p1|6\n|teamsize|p2|6\n|gen|9\n|tier|[Gen 9] VGC 2023 Regulation E\n|rule|Species Clause: Limit one of each Pok\u00e9mon\n|rule|Item Clause: Limit one of each item\n|clearpoke\n|poke|p1|Landorus-Therian, L50, M|\n|poke|p1|Volcarona, L50, F|\n|poke|p1|Kingambit, L50, M|\n|poke|p1|Zapdos-Galar, L50|\n|poke|p1|Orthworm, L50, M|\n|poke|p1|Dipplin, L50, F|\n|poke|p2|Ogerpon-Hearthflame, L50, F|\n|poke|p2|Urshifu-*, L50, M|\n|poke|p2|Clefairy, L50, F|\n|poke|p2|Zapdos, L50|\n|poke|p2|Grafaiai, L50, F|\n|poke|p2|Azelf, L50|\n|teampreview|4\nHammyman513 rejected open team sheets.\n|c|\u2606whatshamidt|ah there we go\n|j| Raikia\n|j| Lkynmbr24\n|j| LookItUpVGC\n|c|\u2606Hammyman513|Ogerpon tera type fire urshifu ghost clafairy is fairy zapdos is fighting grafaiai is ghost azelf is psychic\n|c|\u2606whatshamidt|glhf!\n|c|\u2606whatshamidt|https:\/\/pokepast.es\/747c10d49752e0e0\n|\n|t:|1700266510\n|start\n|switch|p1a: CoolGuy64|Kingambit, L50, M, shiny|100\/100\n|switch|p1b: :D|Orthworm, L50, M|100\/100\n|switch|p2a: Azelf|Azelf, L50|100\/100\n|switch|p2b: Urshifu|Urshifu, L50, M|100\/100\n|turn|1\n|\n|t:|1700266528\n|-terastallize|p1a: CoolGuy64|Fairy\n|move|p2b: Urshifu|Drain Punch|p1a: CoolGuy64\n|-resisted|p1a: CoolGuy64\n|-crit|p1a: CoolGuy64\n|-damage|p1a: CoolGuy64|65\/100\n|-damage|p2b: Urshifu|91\/100|[from] item: Life Orb\n|move|p2a: Azelf|Dazzling Gleam|p1a: CoolGuy64|[spread] p1a,p1b\n|-resisted|p1b: :D\n|-damage|p1a: CoolGuy64|51\/100\n|-damage|p1b: :D|89\/100\n|move|p1b: :D|Shed Tail|p1b: :D\n|-start|p1b: :D|Substitute|[from] move: Shed Tail\n|-damage|p1b: :D|38\/100\n|-enditem|p1b: :D|Sitrus Berry|[eat]\n|-heal|p1b: :D|63\/100|[from] item: Sitrus Berry\n|\n|t:|1700266541\n|switch|p1b: L A M P|Volcarona, L50, F|100\/100|[from] Shed Tail\n|move|p1a: CoolGuy64|Tera Blast|p2b: Urshifu|[anim] Tera Blast Fairy\n|-supereffective|p2b: Urshifu\n|-damage|p2b: Urshifu|0 fnt\n|faint|p2b: Urshifu\n|\n|upkeep\n|\n|t:|1700266553\n|switch|p2b: Grafaiai|Grafaiai, L50, F|100\/100\n|turn|2\n|\n|t:|1700266564\n|move|p2b: Grafaiai|Parting Shot|p1b: L A M P\n|-unboost|p1b: L A M P|atk|1\n|-unboost|p1b: L A M P|spa|1\n|\n|t:|1700266570\n|switch|p2b: Ogerpon|Ogerpon-Hearthflame, L50, F|100\/100|[from] Parting Shot\n|-ability|p2b: Ogerpon|Mold Breaker\n|move|p1a: CoolGuy64|Sucker Punch|p2a: Azelf\n|-supereffective|p2a: Azelf\n|-damage|p2a: Azelf|7\/100\n|move|p1b: L A M P|Quiver Dance|p1b: L A M P\n|-boost|p1b: L A M P|spa|1\n|-boost|p1b: L A M P|spd|1\n|-boost|p1b: L A M P|spe|1\n|move|p2a: Azelf|Dazzling Gleam|p1a: CoolGuy64|[spread] p1a,p1b\n|-resisted|p1b: L A M P\n|-activate|p1b: L A M P|move: Substitute|[damage]\n|-damage|p1a: CoolGuy64|37\/100\n|\n|upkeep\n|turn|3\n|\n|t:|1700266590\n|switch|p1a: Air Jordan|Landorus-Therian, L50, M|100\/100\n|-ability|p1a: Air Jordan|Intimidate|boost\n|-unboost|p2a: Azelf|atk|1\n|-unboost|p2b: Ogerpon|atk|1\n|move|p2b: Ogerpon|Spiky Shield|p2b: Ogerpon\n|-singleturn|p2b: Ogerpon|move: Protect\n|move|p1b: L A M P|Quiver Dance|p1b: L A M P\n|-boost|p1b: L A M P|spa|1\n|-boost|p1b: L A M P|spd|1\n|-boost|p1b: L A M P|spe|1\n|move|p2a: Azelf|Dazzling Gleam|p1b: L A M P|[spread] p1a,p1b\n|-resisted|p1b: L A M P\n|-activate|p1b: L A M P|move: Substitute|[damage]\n|-damage|p1a: Air Jordan|72\/100\n|\n|upkeep\n|turn|4\n|\n|t:|1700266611\n|switch|p2b: Grafaiai|Grafaiai, L50, F|100\/100\n|move|p1b: L A M P|Heat Wave|p2a: Azelf|[spread] p2a,p2b\n|-damage|p2a: Azelf|0 fnt\n|-damage|p2b: Grafaiai|36\/100\n|-enditem|p2b: Grafaiai|Sitrus Berry|[eat]\n|-heal|p2b: Grafaiai|60\/100|[from] item: Sitrus Berry\n|faint|p2a: Azelf\n|move|p1a: Air Jordan|Stomping Tantrum|p2b: Grafaiai\n|-supereffective|p2b: Grafaiai\n|-damage|p2b: Grafaiai|0 fnt\n|faint|p2b: Grafaiai\n|\n|upkeep\n|\n|t:|1700266664\n|switch|p2b: Ogerpon|Ogerpon-Hearthflame, L50, F|100\/100\n|-ability|p2b: Ogerpon|Mold Breaker\n|turn|5\n|\n|t:|1700266699\n|-terastallize|p2b: Ogerpon|Fire\n|detailschange|p2b: Ogerpon|Ogerpon-Hearthflame-Tera, L50, F, tera:Fire\n|-ability|p2b: Ogerpon|Embody Aspect (Hearthflame)|boost\n|-boost|p2b: Ogerpon|atk|1\n|move|p1b: L A M P|Heat Wave|p2b: Ogerpon\n|-resisted|p2b: Ogerpon\n|-damage|p2b: Ogerpon|60\/100\n|move|p1a: Air Jordan|Stomping Tantrum|p2b: Ogerpon\n|-supereffective|p2b: Ogerpon\n|-damage|p2b: Ogerpon|0 fnt\n|faint|p2b: Ogerpon\n|\n|win|whatshamidt\n|c|\u2606whatshamidt|GG!\n|c|\u2606Hammyman513|gg\n|l| Lkynmbr24\n|l|\u2606Hammyman513\n|l| Raikia\n","uploadtime":1700266777,"views":12,"p1id":"whatshamidt","p2id":"hammyman513","formatid":"gen9vgc2023regulatione","rating":0,"private":0,"password":""}