{"id":"gen9vgc2023regulatione-1988846937","p1":"ben dumdum","p2":"Dark Zerzes","format":"[Gen 9] VGC 2023 Regulation E","log":"|j|\u2606ben dumdum\n|j|\u2606Dark Zerzes\n|t:|1699772880\n|gametype|doubles\n|player|p1|ben dumdum|2|1077\n|player|p2|Dark Zerzes|grimsley|1150\n|teamsize|p1|6\n|teamsize|p2|6\n|gen|9\n|tier|[Gen 9] VGC 2023 Regulation E\n|rated|\n|rule|Species Clause: Limit one of each Pok\u00e9mon\n|rule|Item Clause: Limit one of each item\n|clearpoke\n|poke|p1|Scream Tail, L50|\n|poke|p1|Flutter Mane, L50|\n|poke|p1|Gothitelle, L50, F|\n|poke|p1|Arcanine, L50, F|\n|poke|p1|Amoonguss, L50, M|\n|poke|p1|Palafin, L50, M|\n|poke|p2|Gholdengo, L50|\n|poke|p2|Murkrow, L50, F|\n|poke|p2|Kommo-o, L50, F|\n|poke|p2|Arcanine-Hisui, L50, F|\n|poke|p2|Sinistcha-Masterpiece, L50|\n|poke|p2|Glastrier, L50|\n|teampreview|4\n|c|\u2606Dark Zerzes|Glhf\n|c|\u2606ben dumdum|glhf\n|\n|t:|1699772968\n|start\n|switch|p1a: Scream Tail|Scream Tail, L50|100\/100\n|switch|p1b: Arcanine|Arcanine, L50, F|100\/100\n|switch|p2a: Gholdengo|Gholdengo, L50, shiny|100\/100\n|switch|p2b: Murkrow|Murkrow, L50, F, shiny|100\/100\n|-ability|p1b: Arcanine|Intimidate|boost\n|-unboost|p2a: Gholdengo|atk|1\n|-unboost|p2b: Murkrow|atk|1\n|-enditem|p1a: Scream Tail|Booster Energy\n|-activate|p1a: Scream Tail|ability: Protosynthesis|[fromitem]\n|-start|p1a: Scream Tail|protosynthesisspe\n|turn|1\n|\n|t:|1699772995\n|-terastallize|p2a: Gholdengo|Dragon\n|move|p1a: Scream Tail|Protect|p1a: Scream Tail\n|-singleturn|p1a: Scream Tail|Protect\n|move|p2b: Murkrow|Taunt|p1a: Scream Tail\n|-activate|p1a: Scream Tail|move: Protect\n|move|p1b: Arcanine|Flare Blitz|p2a: Gholdengo\n|-resisted|p2a: Gholdengo\n|-damage|p2a: Gholdengo|72\/100\n|-damage|p1b: Arcanine|90\/100|[from] Recoil\n|move|p2a: Gholdengo|Nasty Plot|p2a: Gholdengo\n|-boost|p2a: Gholdengo|spa|2\n|\n|upkeep\n|turn|2\n|\n|t:|1699773038\n|move|p1b: Arcanine|Protect|p1b: Arcanine\n|-singleturn|p1b: Arcanine|Protect\n|move|p2b: Murkrow|Taunt|p1a: Scream Tail\n|-start|p1a: Scream Tail|move: Taunt\n|move|p1a: Scream Tail|Play Rough|p2a: Gholdengo\n|-supereffective|p2a: Gholdengo\n|-damage|p2a: Gholdengo|26\/100\n|-enditem|p2a: Gholdengo|Sitrus Berry|[eat]\n|-heal|p2a: Gholdengo|51\/100|[from] item: Sitrus Berry\n|move|p2a: Gholdengo|Make It Rain|p1b: Arcanine|[spread] p1a\n|-activate|p1b: Arcanine|move: Protect\n|-supereffective|p1a: Scream Tail\n|-damage|p1a: Scream Tail|0 fnt\n|-unboost|p2a: Gholdengo|spa|1\n|faint|p1a: Scream Tail\n|-end|p1a: Scream Tail|Protosynthesis|[silent]\n|\n|upkeep\n|\n|t:|1699773060\n|switch|p1a: Flutter Mane|Flutter Mane, L50|100\/100\n|turn|3\n|\n|t:|1699773098\n|-terastallize|p1a: Flutter Mane|Grass\n|move|p2a: Gholdengo|Protect|p2a: Gholdengo\n|-singleturn|p2a: Gholdengo|Protect\n|move|p1b: Arcanine|Extreme Speed|p2a: Gholdengo\n|-activate|p2a: Gholdengo|move: Protect\n|move|p2b: Murkrow|Tailwind|p2b: Murkrow\n|-sidestart|p2: Dark Zerzes|move: Tailwind\n|move|p1a: Flutter Mane|Moonblast|p2a: Gholdengo\n|-activate|p2a: Gholdengo|move: Protect\n|\n|upkeep\n|turn|4\n|\n|t:|1699773134\n|move|p1b: Arcanine|Extreme Speed|p2a: Gholdengo\n|-damage|p2a: Gholdengo|26\/100\n|move|p2a: Gholdengo|Make It Rain|p1a: Flutter Mane|[spread] p1a,p1b\n|-resisted|p1b: Arcanine\n|-damage|p1a: Flutter Mane|30\/100\n|-damage|p1b: Arcanine|47\/100\n|-unboost|p2a: Gholdengo|spa|1\n|move|p2b: Murkrow|Icy Wind|p1b: Arcanine|[spread] p1a,p1b\n|-supereffective|p1a: Flutter Mane\n|-resisted|p1b: Arcanine\n|-damage|p1a: Flutter Mane|11\/100\n|-damage|p1b: Arcanine|42\/100\n|-unboost|p1a: Flutter Mane|spe|1\n|-unboost|p1b: Arcanine|spe|1\n|move|p1a: Flutter Mane|Moonblast|p2a: Gholdengo\n|-supereffective|p2a: Gholdengo\n|-damage|p2a: Gholdengo|0 fnt\n|faint|p2a: Gholdengo\n|\n|upkeep\n|\n|t:|1699773156\n|switch|p2a: Kommo-o|Kommo-o, L50, F|100\/100\n|turn|5\n|\n|t:|1699773205\n|move|p2a: Kommo-o|Aura Sphere|p1a: Flutter Mane\n|-damage|p1a: Flutter Mane|0 fnt\n|faint|p1a: Flutter Mane\n|-end|p1a: Flutter Mane|Protosynthesis|[silent]\n|move|p2b: Murkrow|Icy Wind|p1b: Arcanine\n|-resisted|p1b: Arcanine\n|-damage|p1b: Arcanine|34\/100\n|-unboost|p1b: Arcanine|spe|1\n|move|p1b: Arcanine|Will-O-Wisp|p2b: Murkrow|[miss]\n|-miss|p1b: Arcanine|p2b: Murkrow\n|\n|upkeep\n|\n|t:|1699773216\n|switch|p1a: Gothitelle|Gothitelle, L50, F|100\/100\n|turn|6\n|\n|t:|1699773245\n|move|p2b: Murkrow|Perish Song|p2b: Murkrow\n|-start|p1a: Gothitelle|perish3|[silent]\n|-start|p1b: Arcanine|perish3|[silent]\n|-immune|p2a: Kommo-o|[from] ability: Soundproof\n|-start|p2b: Murkrow|perish3|[silent]\n|-fieldactivate|move: Perish Song\n|move|p2a: Kommo-o|Clangorous Soul|p2a: Kommo-o\n|-boost|p2a: Kommo-o|atk|1\n|-boost|p2a: Kommo-o|def|1\n|-boost|p2a: Kommo-o|spa|1\n|-boost|p2a: Kommo-o|spd|1\n|-boost|p2a: Kommo-o|spe|1\n|-damage|p2a: Kommo-o|68\/100\n|-enditem|p2a: Kommo-o|Throat Spray\n|-boost|p2a: Kommo-o|spa|1|[from] item: Throat Spray\n|move|p1a: Gothitelle|Heal Pulse|p1b: Arcanine\n|-heal|p1b: Arcanine|84\/100\n|move|p1b: Arcanine|Flare Blitz|p2a: Kommo-o\n|-resisted|p2a: Kommo-o\n|-damage|p2a: Kommo-o|50\/100\n|-damage|p1b: Arcanine|78\/100|[from] Recoil\n|\n|-start|p2b: Murkrow|perish3\n|-start|p1a: Gothitelle|perish3\n|-start|p1b: Arcanine|perish3\n|-sideend|p2: Dark Zerzes|move: Tailwind\n|upkeep\n|turn|7\n|\n|t:|1699773286\n|move|p2b: Murkrow|Taunt|p1a: Gothitelle\n|-start|p1a: Gothitelle|move: Taunt\n|move|p2a: Kommo-o|Aura Sphere|p1b: Arcanine\n|-damage|p1b: Arcanine|0 fnt\n|faint|p1b: Arcanine\n|move|p1a: Gothitelle|Psychic|p2a: Kommo-o\n|-supereffective|p2a: Kommo-o\n|-damage|p2a: Kommo-o|8\/100\n|\n|-start|p2b: Murkrow|perish2\n|-start|p1a: Gothitelle|perish2\n|upkeep\n|turn|8\n|\n|t:|1699773306\n|move|p2a: Kommo-o|Protect|p2a: Kommo-o\n|-singleturn|p2a: Kommo-o|Protect\n|move|p2b: Murkrow|Icy Wind|p1a: Gothitelle\n|-damage|p1a: Gothitelle|93\/100\n|-unboost|p1a: Gothitelle|spe|1\n|move|p1a: Gothitelle|Psychic|p2a: Kommo-o\n|-activate|p2a: Kommo-o|move: Protect\n|\n|-start|p2b: Murkrow|perish1\n|-start|p1a: Gothitelle|perish1\n|upkeep\n|turn|9\n|c|\u2606ben dumdum|gg\n|\n|t:|1699773328\n|move|p2a: Kommo-o|Flash Cannon|p1a: Gothitelle\n|-damage|p1a: Gothitelle|60\/100\n|move|p2b: Murkrow|Icy Wind|p1a: Gothitelle\n|-damage|p1a: Gothitelle|51\/100\n|-unboost|p1a: Gothitelle|spe|1\n|move|p1a: Gothitelle|Psychic|p2a: Kommo-o\n|-supereffective|p2a: Kommo-o\n|-damage|p2a: Kommo-o|0 fnt\n|faint|p2a: Kommo-o\n|\n|-end|p1a: Gothitelle|move: Taunt\n|-start|p2b: Murkrow|perish0\n|-start|p1a: Gothitelle|perish0\n|upkeep\n|faint|p2b: Murkrow\n|faint|p1a: Gothitelle\n|\n|win|Dark Zerzes\n|raw|ben dumdum's rating: 1077 &rarr; <strong>1060<\/strong><br \/>(-17 for losing)\n|raw|Dark Zerzes's rating: 1150 &rarr; <strong>1170<\/strong><br \/>(+20 for winning)\n|c|\u2606Dark Zerzes|GG\n|c|\u2606ben dumdum|ggs\n|l|\u2606ben dumdum\n","uploadtime":1699773371,"views":22,"p1id":"bendumdum","p2id":"darkzerzes","formatid":"gen9vgc2023regulatione","rating":1060,"private":0,"password":""}