{"id":"gen9vgc2023regulatione-1996642820","p1":"ThePhantom_356","p2":"lulululuuuu","format":"[Gen 9] VGC 2023 Regulation E","log":"|j|\u2606ThePhantom_356\n|j|\u2606lulululuuuu\n|t:|1700704272\n|gametype|doubles\n|player|p1|ThePhantom_356|fantina|1048\n|player|p2|lulululuuuu|101|1073\n|teamsize|p1|6\n|teamsize|p2|6\n|gen|9\n|tier|[Gen 9] VGC 2023 Regulation E\n|rated|\n|rule|Species Clause: Limit one of each Pok\u00e9mon\n|rule|Item Clause: Limit one of each item\n|clearpoke\n|poke|p1|Hatterene, L50, F|\n|poke|p1|Indeedee-F, L50, F|\n|poke|p1|Torkoal, L50, F|\n|poke|p1|Ursaluna, L50, F|\n|poke|p1|Lilligant-Hisui, L50, F|\n|poke|p1|Flutter Mane, L50|\n|poke|p2|Arcanine-Hisui, L50, M|\n|poke|p2|Rillaboom, L50, F|\n|poke|p2|Tornadus, L50, M|\n|poke|p2|Gholdengo, L50|\n|poke|p2|Flutter Mane, L50|\n|poke|p2|Sneasler, L50, F|\n|teampreview|4\n|\n|t:|1700704312\n|start\n|switch|p1a: Tiffany|Lilligant-Hisui, L50, F, shiny|100\/100\n|switch|p1b: Torq|Torkoal, L50, F|100\/100\n|switch|p2a: Monke|Rillaboom, L50, F|100\/100\n|switch|p2b: Tozawa|Gholdengo, L50|100\/100\n|-fieldstart|move: Grassy Terrain|[from] ability: Grassy Surge|[of] p2a: Monke\n|-weather|SunnyDay|[from] ability: Drought|[of] p1b: Torq\n|turn|1\n|\n|t:|1700704350\n|move|p2b: Tozawa|Protect|p2b: Tozawa\n|-singleturn|p2b: Tozawa|Protect\n|move|p1b: Torq|Protect|p1b: Torq\n|-singleturn|p1b: Torq|Protect\n|move|p2a: Monke|Fake Out|p1a: Tiffany\n|-damage|p1a: Tiffany|78\/100\n|cant|p1a: Tiffany|flinch\n|\n|-weather|SunnyDay|[upkeep]\n|-heal|p1a: Tiffany|84\/100|[from] Grassy Terrain\n|upkeep\n|turn|2\n|\n|t:|1700704373\n|-terastallize|p1b: Torq|Fire\n|move|p1a: Tiffany|After You|p1b: Torq\n|-activate|p1b: Torq|move: After You\n|move|p1b: Torq|Eruption|p2b: Tozawa|[spread] p2a,p2b\n|-supereffective|p2a: Monke\n|-supereffective|p2b: Tozawa\n|-damage|p2a: Monke|0 fnt\n|-damage|p2b: Tozawa|0 fnt\n|faint|p2a: Monke\n|faint|p2b: Tozawa\n|\n|-weather|SunnyDay|[upkeep]\n|-heal|p1a: Tiffany|90\/100|[from] Grassy Terrain\n|upkeep\n|\n|t:|1700704382\n|switch|p2b: SNEASLER?|Sneasler, L50, F|100\/100\n|switch|p2a: Tailwind whore|Tornadus, L50, M|100\/100\n|-enditem|p2b: SNEASLER?|Grassy Seed\n|-boost|p2b: SNEASLER?|def|1|[from] item: Grassy Seed\n|turn|3\n|\n|t:|1700704390\n|move|p2b: SNEASLER?|Fake Out|p1a: Tiffany\n|-damage|p1a: Tiffany|64\/100\n|move|p2a: Tailwind whore|Rain Dance|p2a: Tailwind whore\n|-weather|RainDance\n|cant|p1a: Tiffany|flinch\n|move|p1b: Torq|Eruption|p2a: Tailwind whore|[spread] p2a,p2b\n|-damage|p2a: Tailwind whore|61\/100\n|-damage|p2b: SNEASLER?|50\/100\n|\n|-weather|RainDance|[upkeep]\n|-heal|p2b: SNEASLER?|56\/100|[from] Grassy Terrain\n|-heal|p1a: Tiffany|70\/100|[from] Grassy Terrain\n|upkeep\n|turn|4\n|\n|t:|1700704412\n|move|p1b: Torq|Protect|p1b: Torq\n|-singleturn|p1b: Torq|Protect\n|move|p2b: SNEASLER?|Dire Claw|p1a: Tiffany\n|-supereffective|p1a: Tiffany\n|-damage|p1a: Tiffany|0 fnt\n|faint|p1a: Tiffany\n|move|p2a: Tailwind whore|Bleakwind Storm|p1b: Torq\n|-activate|p1b: Torq|move: Protect\n|\n|-weather|RainDance|[upkeep]\n|-heal|p2b: SNEASLER?|62\/100|[from] Grassy Terrain\n|upkeep\n|\n|t:|1700704423\n|switch|p1a: Wednesday|Flutter Mane, L50|100\/100\n|turn|5\n|\n|t:|1700704434\n|-terastallize|p2b: SNEASLER?|Poison\n|move|p2a: Tailwind whore|Tailwind|p2a: Tailwind whore\n|-sidestart|p2: lulululuuuu|move: Tailwind\n|move|p2b: SNEASLER?|Dire Claw|p1a: Wednesday\n|-damage|p1a: Wednesday|9\/100\n|-status|p1a: Wednesday|slp\n|cant|p1a: Wednesday|slp\n|move|p1b: Torq|Heat Wave|p2a: Tailwind whore|[spread] p2a,p2b\n|-damage|p2a: Tailwind whore|36\/100\n|-damage|p2b: SNEASLER?|26\/100\n|\n|-weather|RainDance|[upkeep]\n|-heal|p2b: SNEASLER?|32\/100|[from] Grassy Terrain\n|-heal|p1a: Wednesday|15\/100 slp|[from] Grassy Terrain\n|-fieldend|move: Grassy Terrain\n|upkeep\n|turn|6\n|\n|t:|1700704458\n|move|p2b: SNEASLER?|Close Combat|p1b: Torq\n|-damage|p1b: Torq|46\/100\n|-unboost|p2b: SNEASLER?|def|1\n|-unboost|p2b: SNEASLER?|spd|1\n|move|p2a: Tailwind whore|Bleakwind Storm|p1a: Wednesday|[spread] p1a,p1b\n|-crit|p1b: Torq\n|-damage|p1a: Wednesday|0 fnt\n|-damage|p1b: Torq|0 fnt\n|faint|p1a: Wednesday\n|-end|p1a: Wednesday|Protosynthesis|[silent]\n|faint|p1b: Torq\n|\n|-weather|RainDance|[upkeep]\n|upkeep\n|\n|t:|1700704474\n|switch|p1a: Cecilia|Indeedee-F, L50, F|100\/100\n|-fieldstart|move: Psychic Terrain|[from] ability: Psychic Surge|[of] p1a: Cecilia\n|turn|7\n|\n|t:|1700704490\n|move|p2b: SNEASLER?|Dire Claw|p1a: Cecilia\n|-damage|p1a: Cecilia|41\/100\n|-damage|p2b: SNEASLER?|15\/100|[from] item: Rocky Helmet|[of] p1a: Cecilia\n|move|p2a: Tailwind whore|Bleakwind Storm|p1a: Cecilia\n|-damage|p1a: Cecilia|0 fnt\n|faint|p1a: Cecilia\n|\n|win|lulululuuuu\n|raw|ThePhantom_356's rating: 1048 &rarr; <strong>1032<\/strong><br \/>(-16 for losing)\n|raw|lulululuuuu's rating: 1073 &rarr; <strong>1100<\/strong><br \/>(+27 for winning)\n|l|\u2606lulululuuuu\n","uploadtime":1700704502,"views":11,"p1id":"thephantom356","p2id":"lulululuuuu","formatid":"gen9vgc2023regulatione","rating":1032,"private":0,"password":""}