{"id":"gen9vgc2023regulatione-1992435949","p1":"Jard13255","p2":"Minimugs","format":"[Gen 9] VGC 2023 Regulation E","log":"|j|\u2606Jard13255\n|j|\u2606Minimugs\n|t:|1700187332\n|gametype|doubles\n|player|p1|Jard13255|psychic-gen4|1131\n|player|p2|Minimugs|steven|1097\n|teamsize|p1|6\n|teamsize|p2|6\n|gen|9\n|tier|[Gen 9] VGC 2023 Regulation E\n|rated|\n|rule|Species Clause: Limit one of each Pok\u00e9mon\n|rule|Item Clause: Limit one of each item\n|clearpoke\n|poke|p1|Gyarados, L50, F|\n|poke|p1|Garganacl, L50, F|\n|poke|p1|Sinistcha, L50|\n|poke|p1|Iron Hands, L50|\n|poke|p1|Grimmsnarl, L50, M|\n|poke|p1|Glimmora, L50, M|\n|poke|p2|Grimmsnarl, L50, M|\n|poke|p2|Iron Hands, L50|\n|poke|p2|Rillaboom, L50, F|\n|poke|p2|Munkidori, L50, M|\n|poke|p2|Gothitelle, L50, M|\n|poke|p2|Heatran, L50, M|\n|teampreview|4\n|inactive|Battle timer is ON: inactive players will automatically lose when time's up. (requested by Minimugs)\n|inactive|Jard13255 has 60 seconds left.\n|\n|t:|1700187368\n|start\n|switch|p1a: Grimmsnarl|Grimmsnarl, L50, M|100\/100\n|switch|p1b: Sinistcha|Sinistcha, L50|100\/100\n|switch|p2a: Heatran|Heatran, L50, M|100\/100\n|switch|p2b: Iron Hands|Iron Hands, L50|100\/100\n|turn|1\n|\n|t:|1700187391\n|switch|p1b: Gyarados|Gyarados, L50, F|100\/100\n|-ability|p1b: Gyarados|Intimidate|boost\n|-unboost|p2a: Heatran|atk|1\n|-unboost|p2b: Iron Hands|atk|1\n|move|p2b: Iron Hands|Fake Out|p1a: Grimmsnarl\n|-damage|p1a: Grimmsnarl|89\/100\n|cant|p1a: Grimmsnarl|flinch\n|move|p2a: Heatran|Heat Wave|p1a: Grimmsnarl|[spread] p1a,p1b\n|-resisted|p1b: Gyarados\n|-damage|p1a: Grimmsnarl|47\/100\n|-damage|p1b: Gyarados|82\/100\n|-damage|p2a: Heatran|91\/100|[from] item: Life Orb\n|\n|upkeep\n|turn|2\n|inactive|Jard13255 has 30 seconds left.\n|\n|t:|1700187417\n|switch|p2a: Rillaboom|Rillaboom, L50, F|100\/100\n|-fieldstart|move: Grassy Terrain|[from] ability: Grassy Surge|[of] p2a: Rillaboom\n|move|p1a: Grimmsnarl|Parting Shot|p2b: Iron Hands\n|-unboost|p2b: Iron Hands|atk|1\n|-unboost|p2b: Iron Hands|spa|1\n|\n|t:|1700187424\n|switch|p1a: Sinistcha|Sinistcha, L50|100\/100|[from] Parting Shot\n|-heal|p1b: Gyarados|100\/100|[from] ability: Hospitality|[of] p1a: Sinistcha\n|move|p1b: Gyarados|Waterfall|p2a: Rillaboom\n|-resisted|p2a: Rillaboom\n|-damage|p2a: Rillaboom|81\/100\n|move|p2b: Iron Hands|Volt Switch|p1b: Gyarados\n|-supereffective|p1b: Gyarados\n|-damage|p1b: Gyarados|69\/100\n|\n|t:|1700187436\n|-end|p2b: Iron Hands|Quark Drive|[silent]\n|switch|p2b: Munkidori|Munkidori, L50, M|100\/100|[from] Volt Switch\n|\n|-heal|p2a: Rillaboom|87\/100|[from] Grassy Terrain\n|upkeep\n|turn|3\n|\n|t:|1700187451\n|-terastallize|p2b: Munkidori|Steel\n|move|p1b: Gyarados|Protect|p1b: Gyarados\n|-singleturn|p1b: Gyarados|Protect\n|move|p2a: Rillaboom|Fake Out|p1b: Gyarados\n|-activate|p1b: Gyarados|move: Protect\n|move|p2b: Munkidori|U-turn|p1a: Sinistcha\n|-damage|p1a: Sinistcha|90\/100\n|-damage|p2b: Munkidori|84\/100|[from] item: Rocky Helmet|[of] p1a: Sinistcha\n|\n|t:|1700187462\n|switch|p2b: Heatran|Heatran, L50, M|91\/100|[from] U-turn\n|move|p1a: Sinistcha|Matcha Gotcha|p2b: Heatran|[spread] p2a,p2b\n|-resisted|p2a: Rillaboom\n|-resisted|p2b: Heatran\n|-damage|p2a: Rillaboom|70\/100\n|-heal|p1a: Sinistcha|99\/100|[from] drain|[of] p2a: Rillaboom\n|-damage|p2b: Heatran|84\/100\n|-heal|p1a: Sinistcha|100\/100|[from] drain|[of] p2b: Heatran\n|\n|-heal|p2b: Heatran|90\/100|[from] Grassy Terrain\n|-heal|p2a: Rillaboom|76\/100|[from] Grassy Terrain\n|upkeep\n|turn|4\n|\n|t:|1700187485\n|move|p2b: Heatran|Protect|p2b: Heatran\n|-singleturn|p2b: Heatran|Protect\n|move|p1a: Sinistcha|Protect|p1a: Sinistcha\n|-singleturn|p1a: Sinistcha|Protect\n|move|p2a: Rillaboom|Grassy Glide|p1b: Gyarados\n|-damage|p1b: Gyarados|36\/100\n|move|p1b: Gyarados|Waterfall|p2b: Heatran\n|-activate|p2b: Heatran|move: Protect\n|\n|-heal|p2b: Heatran|96\/100|[from] Grassy Terrain\n|-heal|p2a: Rillaboom|82\/100|[from] Grassy Terrain\n|upkeep\n|turn|5\n|\n|t:|1700187501\n|move|p1b: Gyarados|Protect|p1b: Gyarados\n|-singleturn|p1b: Gyarados|Protect\n|move|p2a: Rillaboom|Grassy Glide|p1b: Gyarados\n|-activate|p1b: Gyarados|move: Protect\n|move|p2b: Heatran|Heat Wave|p1a: Sinistcha|[spread] p1a\n|-activate|p1b: Gyarados|move: Protect\n|-supereffective|p1a: Sinistcha\n|-damage|p1a: Sinistcha|8\/100\n|-damage|p2b: Heatran|86\/100|[from] item: Life Orb\n|move|p1a: Sinistcha|Strength Sap|p2a: Rillaboom\n|-unboost|p2a: Rillaboom|atk|1\n|-heal|p1a: Sinistcha|100\/100\n|\n|-heal|p2b: Heatran|92\/100|[from] Grassy Terrain\n|-heal|p2a: Rillaboom|88\/100|[from] Grassy Terrain\n|upkeep\n|turn|6\n|inactive|Jard13255 has 30 seconds left.\n|\n|t:|1700187528\n|move|p2b: Heatran|Protect|p2b: Heatran\n|-singleturn|p2b: Heatran|Protect\n|move|p2a: Rillaboom|U-turn|p1a: Sinistcha\n|-damage|p1a: Sinistcha|86\/100\n|-damage|p2a: Rillaboom|71\/100|[from] item: Rocky Helmet|[of] p1a: Sinistcha\n|\n|t:|1700187536\n|switch|p2a: Iron Hands|Iron Hands, L50|100\/100|[from] U-turn\n|move|p1b: Gyarados|Waterfall|p2b: Heatran\n|-activate|p2b: Heatran|move: Protect\n|move|p1a: Sinistcha|Matcha Gotcha|p2a: Iron Hands|[spread] p2a\n|-activate|p2b: Heatran|move: Protect\n|-damage|p2a: Iron Hands|85\/100\n|-heal|p1a: Sinistcha|96\/100|[from] drain|[of] p2a: Iron Hands\n|\n|-heal|p2b: Heatran|98\/100|[from] Grassy Terrain\n|-heal|p1a: Sinistcha|100\/100|[from] Grassy Terrain\n|-heal|p2a: Iron Hands|91\/100|[from] Grassy Terrain\n|-fieldend|move: Grassy Terrain\n|upkeep\n|turn|7\n|\n|t:|1700187553\n|move|p1b: Gyarados|Protect|p1b: Gyarados\n|-singleturn|p1b: Gyarados|Protect\n|move|p2a: Iron Hands|Fake Out|p1b: Gyarados\n|-activate|p1b: Gyarados|move: Protect\n|move|p2b: Heatran|Heat Wave|p1b: Gyarados|[spread] p1a\n|-activate|p1b: Gyarados|move: Protect\n|-supereffective|p1a: Sinistcha\n|-damage|p1a: Sinistcha|22\/100\n|-status|p1a: Sinistcha|brn\n|-damage|p2b: Heatran|88\/100|[from] item: Life Orb\n|move|p1a: Sinistcha|Strength Sap|p2a: Iron Hands\n|-unboost|p2a: Iron Hands|atk|1\n|-heal|p1a: Sinistcha|100\/100 brn\n|\n|-damage|p1a: Sinistcha|94\/100 brn|[from] brn\n|upkeep\n|turn|8\n|inactive|Jard13255 has 30 seconds left.\n|inactive|Minimugs has 30 seconds left.\n|\n|t:|1700187580\n|switch|p1b: Iron Hands|Iron Hands, L50|100\/100\n|move|p2b: Heatran|Protect|p2b: Heatran\n|-singleturn|p2b: Heatran|Protect\n|move|p1a: Sinistcha|Matcha Gotcha|p2a: Iron Hands|[spread] p2a\n|-activate|p2b: Heatran|move: Protect\n|-damage|p2a: Iron Hands|79\/100\n|-heal|p1a: Sinistcha|100\/100 brn|[from] drain|[of] p2a: Iron Hands\n|move|p2a: Iron Hands|Volt Switch|p1b: Iron Hands\n|-resisted|p1b: Iron Hands\n|-damage|p1b: Iron Hands|96\/100\n|\n|t:|1700187591\n|-end|p2a: Iron Hands|Quark Drive|[silent]\n|switch|p2a: Rillaboom|Rillaboom, L50, F|71\/100|[from] Volt Switch\n|-fieldstart|move: Grassy Terrain|[from] ability: Grassy Surge|[of] p2a: Rillaboom\n|\n|-heal|p2b: Heatran|94\/100|[from] Grassy Terrain\n|-heal|p2a: Rillaboom|77\/100|[from] Grassy Terrain\n|-heal|p1b: Iron Hands|100\/100|[from] Grassy Terrain\n|-damage|p1a: Sinistcha|94\/100 brn|[from] brn\n|upkeep\n|turn|9\n|\n|t:|1700187614\n|move|p2a: Rillaboom|Fake Out|p1b: Iron Hands\n|-damage|p1b: Iron Hands|91\/100\n|cant|p1b: Iron Hands|flinch\n|move|p2b: Heatran|Heat Wave|p1a: Sinistcha|[spread] p1a,p1b\n|-supereffective|p1a: Sinistcha\n|-damage|p1a: Sinistcha|16\/100 brn\n|-damage|p1b: Iron Hands|61\/100\n|-damage|p2b: Heatran|84\/100|[from] item: Life Orb\n|move|p1a: Sinistcha|Strength Sap|p2a: Rillaboom\n|-unboost|p2a: Rillaboom|atk|1\n|-heal|p1a: Sinistcha|100\/100 brn\n|\n|-heal|p2b: Heatran|90\/100|[from] Grassy Terrain\n|-heal|p2a: Rillaboom|83\/100|[from] Grassy Terrain\n|-heal|p1b: Iron Hands|67\/100|[from] Grassy Terrain\n|-damage|p1a: Sinistcha|94\/100 brn|[from] brn\n|upkeep\n|turn|10\n|inactive|Jard13255 has 30 seconds left.\n|\n|t:|1700187643\n|switch|p1a: Grimmsnarl|Grimmsnarl, L50, M|47\/100\n|-end|p1b: Iron Hands|Quark Drive|[silent]\n|switch|p1b: Gyarados|Gyarados, L50, F|36\/100\n|-ability|p1b: Gyarados|Intimidate|boost\n|-unboost|p2a: Rillaboom|atk|1\n|-unboost|p2b: Heatran|atk|1\n|move|p2b: Heatran|Heat Wave|p1b: Gyarados|[spread] p1a,p1b\n|-resisted|p1b: Gyarados\n|-damage|p1a: Grimmsnarl|0 fnt\n|-damage|p1b: Gyarados|14\/100\n|-enditem|p1b: Gyarados|Aguav Berry|[eat]\n|-heal|p1b: Gyarados|47\/100|[from] item: Aguav Berry\n|faint|p1a: Grimmsnarl\n|-damage|p2b: Heatran|81\/100|[from] item: Life Orb\n|move|p2a: Rillaboom|U-turn|p1b: Gyarados\n|-resisted|p1b: Gyarados\n|-damage|p1b: Gyarados|41\/100\n|\n|t:|1700187660\n|switch|p2a: Iron Hands|Iron Hands, L50|79\/100|[from] U-turn\n|\n|-heal|p2b: Heatran|87\/100|[from] Grassy Terrain\n|-heal|p2a: Iron Hands|85\/100|[from] Grassy Terrain\n|upkeep\n|\n|t:|1700187665\n|switch|p1a: Iron Hands|Iron Hands, L50|67\/100\n|turn|11\n|\n|t:|1700187678\n|switch|p2b: Munkidori|Munkidori, L50, M, tera:Steel|84\/100\n|move|p1a: Iron Hands|Fake Out|p2a: Iron Hands\n|-damage|p2a: Iron Hands|74\/100\n|cant|p2a: Iron Hands|flinch\n|move|p1b: Gyarados|Waterfall|p2b: Munkidori\n|-damage|p2b: Munkidori|23\/100\n|\n|-heal|p2b: Munkidori|29\/100|[from] Grassy Terrain\n|-heal|p2b: Munkidori|35\/100|[from] item: Leftovers\n|-heal|p2a: Iron Hands|80\/100|[from] Grassy Terrain\n|-heal|p1a: Iron Hands|73\/100|[from] Grassy Terrain\n|upkeep\n|turn|12\n|\n|t:|1700187701\n|move|p1b: Gyarados|Protect|p1b: Gyarados\n|-singleturn|p1b: Gyarados|Protect\n|move|p2b: Munkidori|Fake Out|p1a: Iron Hands\n|-damage|p1a: Iron Hands|68\/100\n|move|p2a: Iron Hands|Volt Switch|p1b: Gyarados\n|-activate|p1b: Gyarados|move: Protect\n|cant|p1a: Iron Hands|flinch\n|\n|-heal|p2b: Munkidori|41\/100|[from] Grassy Terrain\n|-heal|p2b: Munkidori|47\/100|[from] item: Leftovers\n|-heal|p1a: Iron Hands|75\/100|[from] Grassy Terrain\n|-heal|p2a: Iron Hands|86\/100|[from] Grassy Terrain\n|-fieldend|move: Grassy Terrain\n|upkeep\n|turn|13\n|inactive|Jard13255 has 30 seconds left.\n|\n|t:|1700187731\n|-terastallize|p1b: Gyarados|Dragon\n|move|p2b: Munkidori|Psychic|p1a: Iron Hands\n|-supereffective|p1a: Iron Hands\n|-damage|p1a: Iron Hands|2\/100\n|-enditem|p1a: Iron Hands|Figy Berry|[eat]\n|-heal|p1a: Iron Hands|35\/100|[from] item: Figy Berry\n|move|p1b: Gyarados|Waterfall|p2a: Iron Hands\n|-damage|p2a: Iron Hands|58\/100\n|move|p2a: Iron Hands|Volt Switch|p1b: Gyarados\n|-resisted|p1b: Gyarados\n|-crit|p1b: Gyarados\n|-damage|p1b: Gyarados|32\/100\n|\n|t:|1700187746\n|-end|p2a: Iron Hands|Quark Drive|[silent]\n|switch|p2a: Rillaboom|Rillaboom, L50, F|83\/100|[from] Volt Switch\n|-fieldstart|move: Grassy Terrain|[from] ability: Grassy Surge|[of] p2a: Rillaboom\n|move|p1a: Iron Hands|Drain Punch|p2b: Munkidori\n|-supereffective|p2b: Munkidori\n|-damage|p2b: Munkidori|0 fnt\n|-heal|p1a: Iron Hands|50\/100|[from] drain|[of] p2b: Munkidori\n|faint|p2b: Munkidori\n|\n|-heal|p2a: Rillaboom|89\/100|[from] Grassy Terrain\n|-heal|p1b: Gyarados|38\/100|[from] Grassy Terrain\n|-heal|p1a: Iron Hands|56\/100|[from] Grassy Terrain\n|upkeep\n|\n|t:|1700187749\n|switch|p2b: Heatran|Heatran, L50, M|87\/100\n|turn|14\n|\n|t:|1700187765\n|move|p2b: Heatran|Protect|p2b: Heatran\n|-singleturn|p2b: Heatran|Protect\n|move|p1b: Gyarados|Protect|p1b: Gyarados\n|-singleturn|p1b: Gyarados|Protect\n|move|p1a: Iron Hands|Protect|p1a: Iron Hands\n|-singleturn|p1a: Iron Hands|Protect\n|move|p2a: Rillaboom|Fake Out|p1a: Iron Hands\n|-activate|p1a: Iron Hands|move: Protect\n|\n|-heal|p2b: Heatran|92\/100|[from] Grassy Terrain\n|-heal|p2a: Rillaboom|95\/100|[from] Grassy Terrain\n|-heal|p1b: Gyarados|44\/100|[from] Grassy Terrain\n|-heal|p1a: Iron Hands|62\/100|[from] Grassy Terrain\n|upkeep\n|turn|15\n|\n|t:|1700187784\n|move|p2a: Rillaboom|Grassy Glide|p1b: Gyarados\n|-resisted|p1b: Gyarados\n|-damage|p1b: Gyarados|26\/100\n|move|p2b: Heatran|Heat Wave|p1a: Iron Hands|[spread] p1a,p1b\n|-resisted|p1b: Gyarados\n|-damage|p1a: Iron Hands|26\/100\n|-damage|p1b: Gyarados|6\/100\n|-status|p1a: Iron Hands|brn\n|-damage|p2b: Heatran|83\/100|[from] item: Life Orb\n|move|p1b: Gyarados|Waterfall|p2b: Heatran\n|-supereffective|p2b: Heatran\n|-damage|p2b: Heatran|14\/100\n|move|p1a: Iron Hands|Drain Punch|p2b: Heatran\n|-supereffective|p2b: Heatran\n|-damage|p2b: Heatran|0 fnt\n|-heal|p1a: Iron Hands|31\/100 brn|[from] drain|[of] p2b: Heatran\n|faint|p2b: Heatran\n|\n|-heal|p2a: Rillaboom|100\/100|[from] Grassy Terrain\n|-heal|p1b: Gyarados|12\/100|[from] Grassy Terrain\n|-heal|p1a: Iron Hands|37\/100 brn|[from] Grassy Terrain\n|-damage|p1a: Iron Hands|31\/100 brn|[from] brn\n|upkeep\n|\n|t:|1700187792\n|switch|p2b: Iron Hands|Iron Hands, L50|58\/100\n|turn|16\n|\n|t:|1700187814\n|move|p1b: Gyarados|Protect|p1b: Gyarados\n|-singleturn|p1b: Gyarados|Protect\n|move|p1a: Iron Hands|Protect|p1a: Iron Hands\n|-singleturn|p1a: Iron Hands|Protect\n|move|p2b: Iron Hands|Fake Out|p1a: Iron Hands\n|-activate|p1a: Iron Hands|move: Protect\n|move|p2a: Rillaboom|Grassy Glide|p1b: Gyarados\n|-activate|p1b: Gyarados|move: Protect\n|\n|-heal|p1b: Gyarados|18\/100|[from] Grassy Terrain\n|-heal|p1a: Iron Hands|37\/100 brn|[from] Grassy Terrain\n|-heal|p2b: Iron Hands|64\/100|[from] Grassy Terrain\n|-damage|p1a: Iron Hands|31\/100 brn|[from] brn\n|upkeep\n|turn|17\n|inactive|Jard13255 has 30 seconds left.\n|\n|t:|1700187845\n|switch|p1b: Sinistcha|Sinistcha, L50|94\/100 brn\n|-heal|p1a: Iron Hands|56\/100 brn|[from] ability: Hospitality|[of] p1b: Sinistcha\n|move|p2a: Rillaboom|Grassy Glide|p1b: Sinistcha\n|-resisted|p1b: Sinistcha\n|-damage|p1b: Sinistcha|77\/100 brn\n|-damage|p2a: Rillaboom|84\/100|[from] item: Rocky Helmet|[of] p1b: Sinistcha\n|move|p1a: Iron Hands|Drain Punch|p2b: Iron Hands\n|-damage|p2b: Iron Hands|49\/100\n|-heal|p1a: Iron Hands|63\/100 brn|[from] drain|[of] p2b: Iron Hands\n|move|p2b: Iron Hands|Wild Charge|p1a: Iron Hands\n|-resisted|p1a: Iron Hands\n|-damage|p1a: Iron Hands|45\/100 brn\n|-damage|p2b: Iron Hands|44\/100|[from] Recoil\n|\n|-heal|p2a: Rillaboom|90\/100|[from] Grassy Terrain\n|-heal|p1b: Sinistcha|84\/100 brn|[from] Grassy Terrain\n|-heal|p2b: Iron Hands|50\/100|[from] Grassy Terrain\n|-heal|p1a: Iron Hands|51\/100 brn|[from] Grassy Terrain\n|-damage|p1b: Sinistcha|77\/100 brn|[from] brn\n|-damage|p1a: Iron Hands|45\/100 brn|[from] brn\n|-fieldend|move: Grassy Terrain\n|upkeep\n|turn|18\n|-message|Minimugs forfeited.\n|\n|win|Jard13255\n|raw|Jard13255's rating: 1131 &rarr; <strong>1154<\/strong><br \/>(+23 for winning)\n|raw|Minimugs's rating: 1097 &rarr; <strong>1075<\/strong><br \/>(-22 for losing)\n|l|\u2606Minimugs\n","uploadtime":1700187870,"views":31,"p1id":"jard13255","p2id":"minimugs","formatid":"gen9vgc2023regulatione","rating":1075,"private":0,"password":""}