{"id":"gen9vgc2023regulatione-1999315300","p1":"Jdawgin13","p2":"foiledfeline","format":"[Gen 9] VGC 2023 Regulation E","log":"|j|\u2606Jdawgin13\n|j|\u2606foiledfeline\n|t:|1701059110\n|gametype|doubles\n|player|p1|Jdawgin13|hilbert|1508\n|player|p2|foiledfeline|169|1609\n|teamsize|p1|6\n|teamsize|p2|6\n|gen|9\n|tier|[Gen 9] VGC 2023 Regulation E\n|rated|\n|rule|Species Clause: Limit one of each Pok\u00e9mon\n|rule|Item Clause: Limit one of each item\n|clearpoke\n|poke|p1|Ninetales-Alola, L50, F|\n|poke|p1|Baxcalibur, L50, M|\n|poke|p1|Iron Bundle, L50|\n|poke|p1|Ogerpon-Hearthflame, L50, F|\n|poke|p1|Iron Treads, L50|\n|poke|p1|Iron Hands, L50|\n|poke|p2|Ursaluna, L50, M|\n|poke|p2|Urshifu-*, L50, M|\n|poke|p2|Iron Hands, L50|\n|poke|p2|Torkoal, L50, M|\n|poke|p2|Ogerpon-Hearthflame, L50, F|\n|poke|p2|Cresselia, L50, F|\n|teampreview|4\nJdawgin13 has agreed to open team sheets.\n|j| Blue Parfait\nfoiledfeline has agreed to open team sheets.\n|inactive|Battle timer is ON: inactive players will automatically lose when time's up. (requested by foiledfeline)\n|\n|t:|1701059207\n|start\n|switch|p1a: Iron Hands|Iron Hands, L50|100\/100\n|switch|p1b: Baxcalibur|Baxcalibur, L50, M|100\/100\n|switch|p2a: Iron Hands|Iron Hands, L50, shiny|100\/100\n|switch|p2b: Cresselia|Cresselia, L50, F, shiny|100\/100\n|turn|1\n|inactive|Jdawgin13 has 30 seconds left.\n|\n|t:|1701059234\n|move|p1a: Iron Hands|Fake Out|p2b: Cresselia\n|-damage|p2b: Cresselia|91\/100\n|move|p2a: Iron Hands|Fake Out|p1b: Baxcalibur\n|-damage|p1b: Baxcalibur|85\/100\n|cant|p1b: Baxcalibur|flinch\n|cant|p2b: Cresselia|flinch\n|\n|upkeep\n|turn|2\n|\n|t:|1701059254\n|move|p1b: Baxcalibur|Glaive Rush|p2b: Cresselia\n|-damage|p2b: Cresselia|44\/100\n|-singlemove|p1b: Baxcalibur|Glaive Rush|[silent]\n|move|p1a: Iron Hands|Thunder Punch|p2b: Cresselia\n|-damage|p2b: Cresselia|15\/100\n|move|p2a: Iron Hands|Drain Punch|p1b: Baxcalibur\n|-supereffective|p1b: Baxcalibur\n|-damage|p1b: Baxcalibur|0 fnt\n|faint|p1b: Baxcalibur\n|move|p2b: Cresselia|Trick Room|p2b: Cresselia\n|-fieldstart|move: Trick Room|[of] p2b: Cresselia\n|\n|upkeep\n|\n|t:|1701059267\n|switch|p1b: Iron Bundle|Iron Bundle, L50|100\/100\n|-enditem|p1b: Iron Bundle|Booster Energy\n|-activate|p1b: Iron Bundle|ability: Quark Drive|[fromitem]\n|-start|p1b: Iron Bundle|quarkdrivespe\n|turn|3\n|inactive|Jdawgin13 has 30 seconds left.\n|inactive|foiledfeline has 30 seconds left.\n|inactive|Jdawgin13 has 20 seconds left.\n|inactive|Jdawgin13 has 15 seconds left.\n|\n|t:|1701059309\n|move|p1b: Iron Bundle|Protect|p1b: Iron Bundle\n|-singleturn|p1b: Iron Bundle|Protect\n|move|p2a: Iron Hands|Wild Charge|p1b: Iron Bundle\n|-activate|p1b: Iron Bundle|move: Protect\n|move|p1a: Iron Hands|Drain Punch|p2b: Cresselia\n|-resisted|p2b: Cresselia\n|-damage|p2b: Cresselia|2\/100\n|move|p2b: Cresselia|Lunar Blessing|p2b: Cresselia|[spread] p2a,p2b\n|-heal|p2b: Cresselia|27\/100\n|\n|upkeep\n|turn|4\n|\n|t:|1701059327\n|-end|p1b: Iron Bundle|Quark Drive|[silent]\n|switch|p1b: Ninetales|Ninetales-Alola, L50, F|100\/100\n|-weather|Snow|[from] ability: Snow Warning|[of] p1b: Ninetales\n|move|p2a: Iron Hands|Wild Charge|p1b: Ninetales\n|-damage|p1b: Ninetales|58\/100\n|-damage|p2a: Iron Hands|93\/100|[from] Recoil\n|move|p1a: Iron Hands|Thunder Punch|p2b: Cresselia\n|-damage|p2b: Cresselia|0 fnt\n|faint|p2b: Cresselia\n|\n|-weather|Snow|[upkeep]\n|upkeep\n|\n|t:|1701059341\n|switch|p2b: Torkoal|Torkoal, L50, M|100\/100\n|-weather|SunnyDay|[from] ability: Drought|[of] p2b: Torkoal\n|turn|5\n|\n|t:|1701059356\n|-terastallize|p2b: Torkoal|Fire\n|move|p1b: Ninetales|Protect|p1b: Ninetales\n|-singleturn|p1b: Ninetales|Protect\n|move|p2b: Torkoal|Eruption|p1b: Ninetales|[spread] p1a\n|-activate|p1b: Ninetales|move: Protect\n|-damage|p1a: Iron Hands|45\/100\n|move|p2a: Iron Hands|Drain Punch|p1a: Iron Hands\n|-damage|p1a: Iron Hands|11\/100\n|-heal|p2a: Iron Hands|100\/100|[from] drain|[of] p1a: Iron Hands\n|move|p1a: Iron Hands|Drain Punch|p2b: Torkoal\n|-damage|p2b: Torkoal|70\/100\n|-heal|p1a: Iron Hands|22\/100|[from] drain|[of] p2b: Torkoal\n|\n|-weather|SunnyDay|[upkeep]\n|upkeep\n|turn|6\n|\n|t:|1701059380\n|-end|p2a: Iron Hands|Quark Drive|[silent]\n|switch|p2a: Ogerpon|Ogerpon-Hearthflame, L50, F|100\/100\n|-ability|p2a: Ogerpon|Mold Breaker\n|move|p1b: Ninetales|Protect|p1b: Ninetales\n|-singleturn|p1b: Ninetales|Protect\n|move|p2b: Torkoal|Eruption|p1a: Iron Hands|[spread] p1a\n|-activate|p1b: Ninetales|move: Protect\n|-damage|p1a: Iron Hands|0 fnt\n|faint|p1a: Iron Hands\n|-end|p1a: Iron Hands|Quark Drive|[silent]\n|\n|-weather|SunnyDay|[upkeep]\n|-fieldend|move: Trick Room\n|upkeep\n|\n|t:|1701059387\n|switch|p1a: Iron Bundle|Iron Bundle, L50|100\/100\n|turn|7\n|inactive|Jdawgin13 has 30 seconds left.\n|\n|t:|1701059418\n|move|p2a: Ogerpon|Follow Me|p2a: Ogerpon\n|-singleturn|p2a: Ogerpon|move: Follow Me\n|move|p1a: Iron Bundle|Icy Wind|p2b: Torkoal|[spread] p2a,p2b\n|-resisted|p2b: Torkoal\n|-damage|p2a: Ogerpon|79\/100\n|-damage|p2b: Torkoal|55\/100\n|-unboost|p2a: Ogerpon|spe|1\n|-unboost|p2b: Torkoal|spe|1\n|-enditem|p2b: Torkoal|Eject Pack\n|\n|t:|1701059428\n|switch|p2b: Iron Hands|Iron Hands, L50, shiny|100\/100\n|move|p1b: Ninetales|Blizzard|p2a: Ogerpon|[spread] p2b\n|-miss|p1b: Ninetales|p2a: Ogerpon\n|-damage|p2b: Iron Hands|88\/100\n|\n|-weather|SunnyDay|[upkeep]\n|upkeep\n|turn|8\n|\n|t:|1701059447\n|-terastallize|p1a: Iron Bundle|Ghost\n|move|p1b: Ninetales|Protect|p1b: Ninetales\n|-singleturn|p1b: Ninetales|Protect\n|move|p1a: Iron Bundle|Freeze-Dry|p2b: Iron Hands\n|-damage|p2b: Iron Hands|69\/100\n|move|p2a: Ogerpon|Ivy Cudgel|p1b: Ninetales|[anim] Ivy Cudgel Fire\n|-activate|p1b: Ninetales|move: Protect\n|move|p2b: Iron Hands|Wild Charge|p1a: Iron Bundle\n|-damage|p1a: Iron Bundle|39\/100\n|-damage|p2b: Iron Hands|61\/100|[from] Recoil\n|\n|-weather|SunnyDay|[upkeep]\n|upkeep\n|turn|9\n|inactive|Jdawgin13 has 30 seconds left.\n|\n|t:|1701059477\n|move|p1a: Iron Bundle|Freeze-Dry|p2a: Ogerpon\n|-damage|p2a: Ogerpon|45\/100\n|move|p1b: Ninetales|Moonblast|p2b: Iron Hands\n|-supereffective|p2b: Iron Hands\n|-damage|p2b: Iron Hands|29\/100\n|move|p2a: Ogerpon|Ivy Cudgel|p1b: Ninetales|[anim] Ivy Cudgel Fire\n|-supereffective|p1b: Ninetales\n|-damage|p1b: Ninetales|0 fnt\n|faint|p1b: Ninetales\n|move|p2b: Iron Hands|Wild Charge|p1a: Iron Bundle\n|-damage|p1a: Iron Bundle|0 fnt\n|faint|p1a: Iron Bundle\n|-end|p1a: Iron Bundle|Quark Drive|[silent]\n|-damage|p2b: Iron Hands|24\/100|[from] Recoil\n|\n|win|foiledfeline\n|raw|Jdawgin13's rating: 1508 &rarr; <strong>1494<\/strong><br \/>(-14 for losing)\n|raw|foiledfeline's rating: 1609 &rarr; <strong>1623<\/strong><br \/>(+14 for winning)\n|l|\u2606Jdawgin13\n|l| Blue Parfait\n","uploadtime":1701059496,"views":2,"p1id":"jdawgin13","p2id":"foiledfeline","formatid":"gen9vgc2023regulatione","rating":1494,"private":0,"password":""}