{"id":"gen9vgc2023regulatione-1996938519","p1":"xingshen","p2":"FireBladeX","format":"[Gen 9] VGC 2023 Regulation E","log":"|j|\u2606xingshen\n|j|\u2606FireBladeX\n|t:|1700747235\n|gametype|doubles\n|player|p1|xingshen|265|1124\n|player|p2|FireBladeX|101|1138\n|teamsize|p1|6\n|teamsize|p2|6\n|gen|9\n|tier|[Gen 9] VGC 2023 Regulation E\n|rated|\n|rule|Species Clause: Limit one of each Pok\u00e9mon\n|rule|Item Clause: Limit one of each item\n|clearpoke\n|poke|p1|Iron Hands, L50|\n|poke|p1|Sableye, L50, M|\n|poke|p1|Milotic, L50, F|\n|poke|p1|Landorus, L50, M|\n|poke|p1|Bronzong, L50|\n|poke|p1|Zapdos, L50|\n|poke|p2|Amoonguss, L50, M|\n|poke|p2|Heatran, L50, F|\n|poke|p2|Urshifu-*, L50, M|\n|poke|p2|Roaring Moon, L50|\n|poke|p2|Landorus-Therian, L50, M|\n|poke|p2|Iron Hands, L50|\n|teampreview|4\nFireBladeX rejected open team sheets.\n|\n|t:|1700747274\n|start\n|switch|p1a: Sableye|Sableye, L50, M|100\/100\n|switch|p1b: Milotic|Milotic, L50, F|100\/100\n|switch|p2a: Heatran|Heatran, L50, F|100\/100\n|switch|p2b: Amoonguss|Amoonguss, L50, M|100\/100\n|turn|1\n|\n|t:|1700747293\n|-terastallize|p2a: Heatran|Fairy\n|-terastallize|p1b: Milotic|Grass\n|move|p1a: Sableye|Gravity|p1a: Sableye\n|-fieldstart|move: Gravity\n|move|p2a: Heatran|Tera Blast|p1a: Sableye|[anim] Tera Blast Fairy\n|-supereffective|p1a: Sableye\n|-damage|p1a: Sableye|0 fnt\n|faint|p1a: Sableye\n|-damage|p2a: Heatran|91\/100|[from] item: Life Orb\n|move|p1b: Milotic|Hypnosis|p2a: Heatran\n|-status|p2a: Heatran|slp|[from] move: Hypnosis\n|move|p2b: Amoonguss|Spore|p1b: Milotic\n|-immune|p1b: Milotic\n|\n|upkeep\n|\n|t:|1700747315\n|switch|p1a: Landorus|Landorus, L50, M|100\/100\n|turn|2\n|\n|t:|1700747334\n|move|p1a: Landorus|Protect|p1a: Landorus\n|-singleturn|p1a: Landorus|Protect\n|cant|p2a: Heatran|slp\n|move|p1b: Milotic|Hypnosis|p2b: Amoonguss\n|-status|p2b: Amoonguss|slp|[from] move: Hypnosis\n|cant|p2b: Amoonguss|slp\n|\n|upkeep\n|turn|3\n|\n|t:|1700747353\n|move|p1a: Landorus|Sludge Bomb|p2a: Heatran\n|-supereffective|p2a: Heatran\n|-damage|p2a: Heatran|0 fnt\n|faint|p2a: Heatran\n|move|p1b: Milotic|Icy Wind|p2b: Amoonguss\n|-supereffective|p2b: Amoonguss\n|-damage|p2b: Amoonguss|82\/100 slp\n|-unboost|p2b: Amoonguss|spe|1\n|cant|p2b: Amoonguss|slp\n|\n|upkeep\n|\n|t:|1700747372\n|switch|p2a: Roaring Moon|Roaring Moon, L50|100\/100\n|-enditem|p2a: Roaring Moon|Booster Energy\n|-activate|p2a: Roaring Moon|ability: Protosynthesis|[fromitem]\n|-start|p2a: Roaring Moon|protosynthesisspe\n|turn|4\n|\n|t:|1700747391\n|switch|p1b: Zapdos|Zapdos, L50|100\/100\n|move|p2a: Roaring Moon|Taunt|p1b: Zapdos\n|-start|p1b: Zapdos|move: Taunt\n|move|p1a: Landorus|Sandsear Storm|p2b: Amoonguss|[spread] p2a,p2b\n|-damage|p2a: Roaring Moon|51\/100\n|-damage|p2b: Amoonguss|43\/100 slp\n|cant|p2b: Amoonguss|slp\n|\n|upkeep\n|turn|5\n|\n|t:|1700747412\n|move|p2a: Roaring Moon|Tailwind|p2a: Roaring Moon\n|-sidestart|p2: FireBladeX|move: Tailwind\n|move|p1a: Landorus|Sandsear Storm|p2a: Roaring Moon|[spread] p2a,p2b\n|-damage|p2a: Roaring Moon|4\/100\n|-damage|p2b: Amoonguss|3\/100 slp\n|move|p1b: Zapdos|Hurricane|p2b: Amoonguss\n|-supereffective|p2b: Amoonguss\n|-damage|p2b: Amoonguss|0 fnt\n|faint|p2b: Amoonguss\n|\n|-fieldend|move: Gravity\n|upkeep\n|\n|t:|1700747419\n|switch|p2b: Urshifu|Urshifu-Rapid-Strike, L50, M|100\/100\n|turn|6\n|\n|t:|1700747434\n|switch|p1a: Milotic|Milotic, L50, F, tera:Grass|100\/100\n|move|p2a: Roaring Moon|Knock Off|p1b: Zapdos\n|-damage|p1b: Zapdos|57\/100\n|-enditem|p1b: Zapdos|Covert Cloak|[from] move: Knock Off|[of] p2a: Roaring Moon\n|move|p2b: Urshifu|Surging Strikes|p1a: Milotic\n|-resisted|p1a: Milotic\n|-crit|p1a: Milotic\n|-damage|p1a: Milotic|90\/100\n|-damage|p2b: Urshifu|84\/100|[from] item: Rocky Helmet|[of] p1a: Milotic\n|-resisted|p1a: Milotic\n|-crit|p1a: Milotic\n|-damage|p1a: Milotic|81\/100\n|-damage|p2b: Urshifu|67\/100|[from] item: Rocky Helmet|[of] p1a: Milotic\n|-resisted|p1a: Milotic\n|-crit|p1a: Milotic\n|-damage|p1a: Milotic|72\/100\n|-damage|p2b: Urshifu|51\/100|[from] item: Rocky Helmet|[of] p1a: Milotic\n|-hitcount|p1a: Milotic|3\n|move|p1b: Zapdos|Heat Wave|p2b: Urshifu|[spread] p2a,p2b\n|-resisted|p2a: Roaring Moon\n|-resisted|p2b: Urshifu\n|-damage|p2a: Roaring Moon|0 fnt\n|-damage|p2b: Urshifu|31\/100\n|faint|p2a: Roaring Moon\n|-end|p2a: Roaring Moon|Protosynthesis|[silent]\n|\n|-end|p1b: Zapdos|move: Taunt\n|upkeep\n|turn|7\n|-message|FireBladeX forfeited.\n|\n|win|xingshen\n|raw|xingshen's rating: 1124 &rarr; <strong>1150<\/strong><br \/>(+26 for winning)\n|raw|FireBladeX's rating: 1138 &rarr; <strong>1112<\/strong><br \/>(-26 for losing)\n|l|\u2606FireBladeX\n","uploadtime":1700747463,"views":1,"p1id":"xingshen","p2id":"firebladex","formatid":"gen9vgc2023regulatione","rating":1112,"private":0,"password":""}