{"id":"gen9vgc2023regulatione-1988851409","p1":"outv cruciani","p2":"yunaker","format":"[Gen 9] VGC 2023 Regulation E","log":"|j|\u2606outv cruciani\n|j|\u2606yunaker\n|t:|1699773817\n|gametype|doubles\n|player|p1|outv cruciani|2|\n|player|p2|yunaker|elesa-masters|\n|teamsize|p1|6\n|teamsize|p2|6\n|gen|9\n|tier|[Gen 9] VGC 2023 Regulation E\n|rated|Tournament battle\n|rule|Species Clause: Limit one of each Pok\u00e9mon\n|rule|Item Clause: Limit one of each item\n|clearpoke\n|poke|p1|Sneasler, L50, M|\n|poke|p1|Indeedee-F, L50, F|\n|poke|p1|Armarouge, L50, F|\n|poke|p1|Urshifu-*, L50, M|\n|poke|p1|Chien-Pao, L50|\n|poke|p1|Tornadus, L50, M|\n|poke|p2|Flutter Mane, L50|\n|poke|p2|Chien-Pao, L50|\n|poke|p2|Urshifu-*, L50, F|\n|poke|p2|Farigiraf, L50, F|\n|poke|p2|Tornadus, L50, M|\n|poke|p2|Iron Hands, L50|\n|teampreview|4\nyunaker has agreed to open team sheets.\noutv cruciani has agreed to open team sheets.\n|showteam|p1|Sneasler||PsychicSeed|Unburden|DireClaw,CloseCombat,RockSlide,Protect|||M|||50|,,,,,Rock]Indeedee-F||RockyHelmet|PsychicSurge|FollowMe,Psyshock,HelpingHand,Protect|||F|||50|,,,,,Water]Armarouge||FocusSash|WeakArmor|ExpandingForce,ArmorCannon,Endure,WideGuard|||F|||50|,,,,,Grass]Urshifu-Rapid-Strike||ChoiceScarf|UnseenFist|SurgingStrikes,CloseCombat,Uturn,AquaJet|||M|||50|,,,,,Water]Chien-Pao||LifeOrb|SwordofRuin|IcicleCrash,IceShard,Crunch,Protect||||||50|,,,,,Poison]Tornadus||SharpBeak|Prankster|BleakwindStorm,Substitute,Tailwind,Protect|||M|||50|,,,,,Water\n|showteam|p2|Flutter Mane||ChoiceSpecs|Protosynthesis|ShadowBall,Moonblast,PowerGem,DazzlingGleam||||||50|,,,,,Fairy]Chien-Pao||LifeOrb|SwordofRuin|SacredSword,IceSpinner,SuckerPunch,Protect||||||50|,,,,,Ghost]Urshifu-Rapid-Strike||ChoiceScarf|UnseenFist|SurgingStrikes,CloseCombat,AquaJet,Uturn|||F|||50|,,,,,Water]Farigiraf||SitrusBerry|ArmorTail|Imprison,TrickRoom,Psychic,DazzlingGleam|||F|||50|,,,,,Fairy]Tornadus||CovertCloak|Prankster|Tailwind,BleakwindStorm,RainDance,Taunt|||M|||50|,,,,,Ghost]Iron Hands||AssaultVest|QuarkDrive|WildCharge,DrainPunch,HeavySlam,FakeOut||||||50|,,,,,Grass\n|\n|t:|1699773875\n|start\n|switch|p1a: Armarouge|Armarouge, L50, F|100\/100\n|switch|p1b: Urshifu|Urshifu-Rapid-Strike, L50, M|100\/100\n|switch|p2a: Farigiraf|Farigiraf, L50, F, shiny|100\/100\n|switch|p2b: Iron Hands|Iron Hands, L50|100\/100\n|turn|1\n|\n|t:|1699773908\n|switch|p1b: Indeedee|Indeedee-F, L50, F|100\/100\n|-fieldstart|move: Psychic Terrain|[from] ability: Psychic Surge|[of] p1b: Indeedee\n|move|p1a: Armarouge|Expanding Force|p2b: Iron Hands|[spread] p2a,p2b\n|-resisted|p2a: Farigiraf\n|-supereffective|p2b: Iron Hands\n|-damage|p2a: Farigiraf|69\/100\n|-damage|p2b: Iron Hands|40\/100\n|move|p2a: Farigiraf|Psychic|p1b: Indeedee\n|-resisted|p1b: Indeedee\n|-damage|p1b: Indeedee|77\/100\n|move|p2b: Iron Hands|Drain Punch|p1a: Armarouge\n|-resisted|p1a: Armarouge\n|-damage|p1a: Armarouge|80\/100\n|-heal|p2b: Iron Hands|47\/100|[from] drain|[of] p1a: Armarouge\n|-ability|p1a: Armarouge|Weak Armor|boost\n|-unboost|p1a: Armarouge|def|1\n|-boost|p1a: Armarouge|spe|2\n|\n|upkeep\n|turn|2\n|\n|t:|1699773953\n|-terastallize|p2b: Iron Hands|Grass\n|move|p1a: Armarouge|Armor Cannon|p2b: Iron Hands\n|-supereffective|p2b: Iron Hands\n|-damage|p2b: Iron Hands|0 fnt\n|-unboost|p1a: Armarouge|def|1\n|-unboost|p1a: Armarouge|spd|1\n|faint|p2b: Iron Hands\n|-end|p2b: Iron Hands|Quark Drive|[silent]\n|move|p1b: Indeedee|Psyshock|p2a: Farigiraf\n|-resisted|p2a: Farigiraf\n|-damage|p2a: Farigiraf|53\/100\n|move|p2a: Farigiraf|Imprison|p2a: Farigiraf\n|-start|p2a: Farigiraf|move: Imprison\n|\n|upkeep\n|\n|t:|1699773971\n|switch|p2b: Shinatsu|Chien-Pao, L50|100\/100\n|-ability|p2b: Shinatsu|Sword of Ruin\n|turn|3\n|\n|t:|1699773993\n|move|p1a: Armarouge|Armor Cannon|p2b: Shinatsu\n|-supereffective|p2b: Shinatsu\n|-damage|p2b: Shinatsu|0 fnt\n|-unboost|p1a: Armarouge|def|1\n|-unboost|p1a: Armarouge|spd|1\n|faint|p2b: Shinatsu\n|move|p1b: Indeedee|Psyshock|p2a: Farigiraf\n|-resisted|p2a: Farigiraf\n|-damage|p2a: Farigiraf|38\/100\n|-enditem|p2a: Farigiraf|Sitrus Berry|[eat]\n|-heal|p2a: Farigiraf|63\/100|[from] item: Sitrus Berry\n|move|p2a: Farigiraf|Dazzling Gleam|p1b: Indeedee|[spread] p1a,p1b\n|-resisted|p1a: Armarouge\n|-damage|p1a: Armarouge|58\/100\n|-damage|p1b: Indeedee|62\/100\n|\n|upkeep\n|\n|t:|1699773996\n|switch|p2b: Mishelam|Urshifu-Rapid-Strike, L50, F|100\/100\n|turn|4\n|\n|t:|1699774008\n|move|p1b: Indeedee|Follow Me|p1b: Indeedee\n|-singleturn|p1b: Indeedee|move: Follow Me\n|move|p1a: Armarouge|Expanding Force|p2a: Farigiraf|[spread] p2a,p2b\n|-resisted|p2a: Farigiraf\n|-supereffective|p2b: Mishelam\n|-damage|p2a: Farigiraf|33\/100\n|-damage|p2b: Mishelam|0 fnt\n|faint|p2b: Mishelam\n|move|p2a: Farigiraf|Dazzling Gleam|p1a: Armarouge|[spread] p1a,p1b\n|-resisted|p1a: Armarouge\n|-damage|p1a: Armarouge|37\/100\n|-damage|p1b: Indeedee|46\/100\n|\n|upkeep\n|turn|5\n|\n|t:|1699774016\n|move|p1b: Indeedee|Helping Hand|p1a: Armarouge\n|-singleturn|p1a: Armarouge|Helping Hand|[of] p1b: Indeedee\n|move|p1a: Armarouge|Armor Cannon|p2a: Farigiraf\n|-damage|p2a: Farigiraf|0 fnt\n|-unboost|p1a: Armarouge|def|1\n|-unboost|p1a: Armarouge|spd|1\n|faint|p2a: Farigiraf\n|\n|win|outv cruciani\n|n|\u2606outv cruciani|outvcruciani\n|n|\u2606yunaker|yunaker\n","uploadtime":1699774017,"views":9,"p1id":"outvcruciani","p2id":"yunaker","formatid":"gen9vgc2023regulatione","rating":0,"private":0,"password":""}