{"id":"gen9vgc2023regulatione-1991213654","p1":"suffyrin","p2":"blindfishptsd","format":"[Gen 9] VGC 2023 Regulation E","log":"|j|\u2606suffyrin\n|j|\u2606blindfishptsd\n|n|\u2606suffyrin|suffyrin\n|n|\u2606blindfishptsd|blindfishptsd\n|html|View the match progress at <a href=\"\/game-bestof3-gen9vgc2023regulatione-1991213653\">game-bestof3-gen9vgc2023regulatione-1991213653<\/a>\n|t:|1700057826\n|gametype|doubles\n|player|p1|suffyrin|1|\n|player|p2|blindfishptsd|medium|\n|teamsize|p1|6\n|teamsize|p2|6\n|gen|9\n|tier|[Gen 9] VGC 2023 Regulation E\n|rated|Tournament battle\n|rule|Species Clause: Limit one of each Pok\u00e9mon\n|rule|Item Clause: Limit one of each item\n|clearpoke\n|poke|p1|Ogerpon-Wellspring, L50, F|\n|poke|p1|Heatran, L50, M|\n|poke|p1|Chien-Pao, L50|\n|poke|p1|Amoonguss, L50, M|\n|poke|p1|Landorus-Therian, L50, M|\n|poke|p1|Iron Hands, L50|\n|poke|p2|Chien-Pao, L50|\n|poke|p2|Dragonite, L50, M|\n|poke|p2|Rillaboom, L50, M|\n|poke|p2|Urshifu-*, L50, F|\n|poke|p2|Farigiraf, L50, F|\n|poke|p2|Heatran, L50, M|\n|teampreview|4\n|showteam|p1|Ogerpon-Wellspring||WellspringMask|WaterAbsorb|IvyCudgel,HornLeech,FollowMe,SpikyShield|||F|||50|,,,,,Water]Heatran||LifeOrb|FlashFire|HeatWave,FlashCannon,Protect,EarthPower|||M|||50|,,,,,Fairy]Chien-Pao||FocusSash|SwordofRuin|IceSpinner,LashOut,SuckerPunch,Protect||||||50|,,,,,Ghost]Amoonguss||SitrusBerry|Regenerator|Protect,RagePowder,PollenPuff,Spore|||M|||50|,,,,,Water]Landorus-Therian||ChoiceScarf|Intimidate|StompingTantrum,RockSlide,Uturn,TeraBlast|||M|||50|,,,,,Flying]Iron Hands||AssaultVest|QuarkDrive|WildCharge,FakeOut,DrainPunch,VoltSwitch||||||50|,,,,,Fire\n|showteam|p2|Chien-Pao||FocusSash|SwordofRuin|Protect,SuckerPunch,SacredSword,IcicleCrash||||||50|,,,,,Ghost]Dragonite||ChoiceBand|InnerFocus|ExtremeSpeed,AerialAce,StompingTantrum,Outrage|||M|||50|,,,,,Normal]Rillaboom||MiracleSeed|GrassySurge|WoodHammer,GrassyGlide,Protect,FakeOut|||M|||50|,,,,,Grass]Urshifu-Rapid-Strike||ChoiceScarf|UnseenFist|SurgingStrikes,CloseCombat,AquaJet,Uturn|||F|||50|,,,,,Water]Farigiraf||RockyHelmet|ArmorTail|Psychic,DazzlingGleam,HelpingHand,TrickRoom|||F|||50|,,,,,Fairy]Heatran||AssaultVest|FlashFire|HeatWave,FlashCannon,TeraBlast,EarthPower|||M|||50|,,,,,Fairy\n|inactive|Battle timer is ON: inactive players will automatically lose when time's up. (requested by blindfishptsd)\n|c|\u2606blindfishptsd|glhf\n|c|\u2606suffyrin|gl\n|j| friskfall\n|inactive|suffyrin has 60 seconds left.\n|inactive|blindfishptsd has 60 seconds left.\n|\n|t:|1700057868\n|start\n|switch|p1a: Heatran|Heatran, L50, M|100\/100\n|switch|p1b: Amoonguss|Amoonguss, L50, M|100\/100\n|switch|p2a: Urshifu|Urshifu-Rapid-Strike, L50, F|100\/100\n|switch|p2b: Rillaboom|Rillaboom, L50, M|100\/100\n|-fieldstart|move: Grassy Terrain|[from] ability: Grassy Surge|[of] p2b: Rillaboom\n|turn|1\n|inactive|suffyrin has 30 seconds left.\n|inactive|blindfishptsd has 30 seconds left.\n|inactive|suffyrin has 20 seconds left.\n|inactive|blindfishptsd has 20 seconds left.\n|inactive|blindfishptsd has 15 seconds left.\n|inactive|suffyrin has 15 seconds left.\n|inactive|blindfishptsd has 10 seconds left.\n|inactive|suffyrin has 10 seconds left.\n|\n|t:|1700057920\n|-terastallize|p2a: Urshifu|Water\n|-terastallize|p1a: Heatran|Fairy\n|move|p2b: Rillaboom|Fake Out|p1b: Amoonguss\n|-damage|p1b: Amoonguss|90\/100\n|cant|p1b: Amoonguss|flinch\n|move|p2a: Urshifu|Surging Strikes|p1a: Heatran\n|-crit|p1a: Heatran\n|-damage|p1a: Heatran|74\/100\n|-crit|p1a: Heatran\n|-damage|p1a: Heatran|49\/100\n|-crit|p1a: Heatran\n|-damage|p1a: Heatran|25\/100\n|-hitcount|p1a: Heatran|3\n|move|p1a: Heatran|Heat Wave|p2b: Rillaboom|[spread] p2a,p2b\n|-resisted|p2a: Urshifu\n|-supereffective|p2b: Rillaboom\n|-damage|p2a: Urshifu|60\/100\n|-damage|p2b: Rillaboom|0 fnt\n|faint|p2b: Rillaboom\n|-damage|p1a: Heatran|15\/100|[from] item: Life Orb\n|\n|-heal|p2a: Urshifu|66\/100|[from] Grassy Terrain\n|-heal|p1a: Heatran|21\/100|[from] Grassy Terrain\n|-heal|p1b: Amoonguss|95\/100|[from] Grassy Terrain\n|upkeep\n|j| MorningElegy\n|\n|t:|1700057944\n|switch|p2b: Dragonite|Dragonite, L50, M|100\/100\n|turn|2\n|\n|t:|1700057960\n|switch|p2a: Chien-Pao|Chien-Pao, L50|100\/100\n|-ability|p2a: Chien-Pao|Sword of Ruin\n|move|p1b: Amoonguss|Rage Powder|p1b: Amoonguss\n|-singleturn|p1b: Amoonguss|move: Rage Powder\n|move|p1a: Heatran|Flash Cannon|p2b: Dragonite\n|-damage|p2b: Dragonite|40\/100\n|-damage|p1a: Heatran|12\/100|[from] item: Life Orb\n|move|p2b: Dragonite|Aerial Ace|p1b: Amoonguss\n|-supereffective|p1b: Amoonguss\n|-damage|p1b: Amoonguss|0 fnt\n|faint|p1b: Amoonguss\n|\n|-heal|p1a: Heatran|18\/100|[from] Grassy Terrain\n|upkeep\n|inactive|suffyrin has 30 seconds left.\n|\n|t:|1700057989\n|switch|p1b: Iron Hands|Iron Hands, L50|100\/100\n|turn|3\n|\n|t:|1700057999\n|switch|p2b: Urshifu|Urshifu-Rapid-Strike, L50, F, tera:Water|66\/100\n|move|p2a: Chien-Pao|Protect|p2a: Chien-Pao\n|-singleturn|p2a: Chien-Pao|Protect\n|move|p1b: Iron Hands|Fake Out|p2a: Chien-Pao\n|-activate|p2a: Chien-Pao|move: Protect\n|move|p1a: Heatran|Flash Cannon|p2b: Urshifu\n|-resisted|p2b: Urshifu\n|-damage|p2b: Urshifu|22\/100\n|-damage|p1a: Heatran|8\/100|[from] item: Life Orb\n|\n|-heal|p2b: Urshifu|28\/100|[from] Grassy Terrain\n|-heal|p1a: Heatran|14\/100|[from] Grassy Terrain\n|upkeep\n|turn|4\n|\n|t:|1700058017\n|move|p2b: Urshifu|Surging Strikes|p1a: Heatran\n|-crit|p1a: Heatran\n|-damage|p1a: Heatran|0 fnt\n|faint|p1a: Heatran\n|-hitcount|p1: Heatran|1\n|move|p2a: Chien-Pao|Icicle Crash|p1b: Iron Hands\n|-damage|p1b: Iron Hands|57\/100\n|move|p1b: Iron Hands|Volt Switch|p2a: Chien-Pao\n|-damage|p2a: Chien-Pao|79\/100\n|\n|t:|1700058025\n|-end|p1b: Iron Hands|Quark Drive|[silent]\n|switch|p1b: Landorus|Landorus-Therian, L50, M|100\/100|[from] Volt Switch\n|-ability|p1b: Landorus|Intimidate|boost\n|-unboost|p2a: Chien-Pao|atk|1\n|-unboost|p2b: Urshifu|atk|1\n|\n|-heal|p2b: Urshifu|34\/100|[from] Grassy Terrain\n|-heal|p2a: Chien-Pao|84\/100|[from] Grassy Terrain\n|upkeep\n|\n|t:|1700058027\n|switch|p1a: Iron Hands|Iron Hands, L50|57\/100\n|turn|5\n|inactive|suffyrin has 30 seconds left.\n|inactive|suffyrin has 20 seconds left.\n|inactive|suffyrin has 15 seconds left.\n|\n|t:|1700058071\n|switch|p2b: Dragonite|Dragonite, L50, M|40\/100\n|move|p2a: Chien-Pao|Protect|p2a: Chien-Pao\n|-singleturn|p2a: Chien-Pao|Protect\n|move|p1a: Iron Hands|Fake Out|p2b: Dragonite\n|-damage|p2b: Dragonite|21\/100\n|move|p1b: Landorus|Rock Slide|p2a: Chien-Pao|[spread] p2b\n|-activate|p2a: Chien-Pao|move: Protect\n|-supereffective|p2b: Dragonite\n|-damage|p2b: Dragonite|0 fnt\n|faint|p2b: Dragonite\n|\n|-heal|p2a: Chien-Pao|90\/100|[from] Grassy Terrain\n|-heal|p1a: Iron Hands|63\/100|[from] Grassy Terrain\n|-fieldend|move: Grassy Terrain\n|upkeep\n|\n|t:|1700058083\n|switch|p2b: Urshifu|Urshifu-Rapid-Strike, L50, F, tera:Water|34\/100\n|turn|6\n|\n|t:|1700058089\n|move|p2b: Urshifu|Surging Strikes|p1b: Landorus\n|-supereffective|p1b: Landorus\n|-crit|p1b: Landorus\n|-damage|p1b: Landorus|32\/100\n|-supereffective|p1b: Landorus\n|-crit|p1b: Landorus\n|-damage|p1b: Landorus|0 fnt\n|faint|p1b: Landorus\n|-hitcount|p1: Landorus|2\n|move|p2a: Chien-Pao|Icicle Crash|p1a: Iron Hands\n|-damage|p1a: Iron Hands|37\/100\n|move|p1a: Iron Hands|Drain Punch|p2a: Chien-Pao\n|-supereffective|p2a: Chien-Pao\n|-damage|p2a: Chien-Pao|0 fnt\n|-heal|p1a: Iron Hands|66\/100|[from] drain|[of] p2a: Chien-Pao\n|faint|p2a: Chien-Pao\n|\n|upkeep\n|turn|7\n|\n|t:|1700058100\n|move|p2b: Urshifu|Surging Strikes|p1a: Iron Hands\n|-crit|p1a: Iron Hands\n|-damage|p1a: Iron Hands|48\/100\n|-crit|p1a: Iron Hands\n|-damage|p1a: Iron Hands|29\/100\n|-crit|p1a: Iron Hands\n|-damage|p1a: Iron Hands|11\/100\n|-hitcount|p1a: Iron Hands|3\n|move|p1a: Iron Hands|Wild Charge|p2b: Urshifu\n|-supereffective|p2b: Urshifu\n|-damage|p2b: Urshifu|0 fnt\n|faint|p2b: Urshifu\n|-damage|p1a: Iron Hands|5\/100|[from] Recoil\n|\n|win|suffyrin\n|c|&|\/uhtml prompt-suffyrin,suffyrin is ready for game 2!\n|c|&|\/uhtml prompt-blindfishptsd,blindfishptsd is ready for game 2!\nBoth players are ready! Starting next match!\n","uploadtime":1700058110,"views":16,"p1id":"suffyrin","p2id":"blindfishptsd","formatid":"gen9vgc2023regulatione","rating":0,"private":0,"password":""}