{"id":"gen9vgc2023regulatione-1999824870","p1":"secretstudent","p2":"Dr. Ausar The Vile","format":"[Gen 9] VGC 2023 Regulation E","log":"|j|\u2606secretstudent\n|j|\u2606Dr. Ausar The Vile\n|t:|1701120181\n|gametype|doubles\n|player|p1|secretstudent|beauty|1205\n|player|p2|Dr. Ausar The Vile|170|1206\n|teamsize|p1|6\n|teamsize|p2|6\n|gen|9\n|tier|[Gen 9] VGC 2023 Regulation E\n|rated|\n|rule|Species Clause: Limit one of each Pok\u00e9mon\n|rule|Item Clause: Limit one of each item\n|clearpoke\n|poke|p1|Chien-Pao, L50|\n|poke|p1|Amoonguss, L50, F|\n|poke|p1|Hatterene, L50, F|\n|poke|p1|Gyarados, L50, F|\n|poke|p1|Volcarona, L50, F|\n|poke|p1|Ogerpon, L50, F|\n|poke|p2|Flutter Mane, L50|\n|poke|p2|Heatran, L50, M|\n|poke|p2|Iron Hands, L50|\n|poke|p2|Roaring Moon, L50|\n|poke|p2|Urshifu-*, L50, F|\n|poke|p2|Chien-Pao, L50|\n|teampreview|4\n|inactive|Battle timer is ON: inactive players will automatically lose when time's up. (requested by Dr. Ausar The Vile)\n|\n|t:|1701120211\n|start\n|switch|p1a: Hatterene|Hatterene, L50, F|100\/100\n|switch|p1b: Gyarados|Gyarados, L50, F|100\/100\n|switch|p2a: Metah|Flutter Mane, L50, shiny|100\/100\n|switch|p2b: Syndrome|Iron Hands, L50|100\/100\n|-ability|p1b: Gyarados|Intimidate|boost\n|-unboost|p2a: Metah|atk|1\n|-unboost|p2b: Syndrome|atk|1\n|turn|1\n|\n|t:|1701120232\n|move|p1a: Hatterene|Protect|p1a: Hatterene\n|-singleturn|p1a: Hatterene|Protect\n|move|p2a: Metah|Shadow Ball|p1a: Hatterene\n|-activate|p1a: Hatterene|move: Protect\n|move|p1b: Gyarados|Thunder Wave|p2a: Metah\n|-status|p2a: Metah|par\n|move|p2b: Syndrome|Swords Dance|p2b: Syndrome\n|-boost|p2b: Syndrome|atk|2\n|\n|upkeep\n|turn|2\n|inactive|secretstudent has 30 seconds left.\n|inactive|Dr. Ausar The Vile has 30 seconds left.\n|inactive|Dr. Ausar The Vile has 20 seconds left.\n|\n|t:|1701120275\n|-terastallize|p1a: Hatterene|Fairy\n|move|p1b: Gyarados|Waterfall|p2a: Metah\n|-damage|p2a: Metah|36\/100 par\n|move|p2a: Metah|Shadow Ball|p1a: Hatterene\n|-damage|p1a: Hatterene|34\/100\n|move|p2b: Syndrome|Ice Punch|p1b: Gyarados\n|-damage|p1b: Gyarados|48\/100\n|-enditem|p1b: Gyarados|Sitrus Berry|[eat]\n|-heal|p1b: Gyarados|72\/100|[from] item: Sitrus Berry\n|move|p1a: Hatterene|Dazzling Gleam|p2a: Metah|[spread] p2a,p2b\n|-supereffective|p2b: Syndrome\n|-damage|p2a: Metah|0 fnt\n|-damage|p2b: Syndrome|30\/100\n|faint|p2a: Metah\n|-end|p2a: Metah|Protosynthesis|[silent]\n|\n|-heal|p2b: Syndrome|36\/100|[from] item: Leftovers\n|upkeep\n|\n|t:|1701120293\n|switch|p2a: Lambo|Roaring Moon, L50|100\/100\n|-enditem|p2a: Lambo|Booster Energy\n|-activate|p2a: Lambo|ability: Protosynthesis|[fromitem]\n|-start|p2a: Lambo|protosynthesisatk\n|turn|3\n|inactive|Dr. Ausar The Vile has 30 seconds left.\n|\n|t:|1701120323\n|-terastallize|p2a: Lambo|Flying\n|move|p2a: Lambo|Dragon Dance|p2a: Lambo\n|-boost|p2a: Lambo|atk|1\n|-boost|p2a: Lambo|spe|1\n|move|p1b: Gyarados|Thunder Wave|p2a: Lambo\n|-status|p2a: Lambo|par\n|move|p2b: Syndrome|Wild Charge|p1b: Gyarados\n|-supereffective|p1b: Gyarados\n|-damage|p1b: Gyarados|0 fnt\n|faint|p1b: Gyarados\n|-damage|p2b: Syndrome|24\/100|[from] Recoil\n|move|p1a: Hatterene|Dazzling Gleam|p2b: Syndrome|[spread] p2a,p2b\n|-supereffective|p2b: Syndrome\n|-damage|p2a: Lambo|63\/100 par\n|-damage|p2b: Syndrome|0 fnt\n|faint|p2b: Syndrome\n|-end|p2b: Syndrome|Quark Drive|[silent]\n|\n|upkeep\n|\n|t:|1701120339\n|switch|p1b: Amoonguss|Amoonguss, L50, F|100\/100\n|switch|p2b: Spoider|Heatran, L50, M, shiny|100\/100\n|turn|4\n|\n|t:|1701120355\n|move|p2b: Spoider|Heat Wave|p1a: Hatterene|[spread] \n|-miss|p2b: Spoider|p1a: Hatterene\n|-miss|p2b: Spoider|p1b: Amoonguss\n|move|p2a: Lambo|Acrobatics|p1b: Amoonguss\n|-supereffective|p1b: Amoonguss\n|-damage|p1b: Amoonguss|0 fnt\n|faint|p1b: Amoonguss\n|move|p1a: Hatterene|Psychic|p2a: Lambo\n|-damage|p2a: Lambo|17\/100 par\n|\n|upkeep\n|\n|t:|1701120365\n|switch|p1b: Ogerpon|Ogerpon, L50, F|100\/100\n|turn|5\n|\n|t:|1701120381\n|move|p2a: Lambo|Protect|p2a: Lambo\n|-singleturn|p2a: Lambo|Protect\n|move|p1b: Ogerpon|Stomping Tantrum|p2b: Spoider\n|-supereffective|p2b: Spoider\n|-damage|p2b: Spoider|0 fnt\n|faint|p2b: Spoider\n|-damage|p1b: Ogerpon|91\/100|[from] item: Life Orb\n|move|p1a: Hatterene|Dazzling Gleam|p2a: Lambo\n|-activate|p2a: Lambo|move: Protect\n|\n|upkeep\n|turn|6\n|\n|t:|1701120401\n|move|p1b: Ogerpon|Follow Me|p1b: Ogerpon\n|-singleturn|p1b: Ogerpon|move: Follow Me\n|move|p2a: Lambo|Acrobatics|p1b: Ogerpon\n|-supereffective|p1b: Ogerpon\n|-damage|p1b: Ogerpon|0 fnt\n|faint|p1b: Ogerpon\n|move|p1a: Hatterene|Psychic|p2a: Lambo\n|-damage|p2a: Lambo|0 fnt\n|faint|p2a: Lambo\n|-end|p2a: Lambo|Protosynthesis|[silent]\n|\n|win|secretstudent\n|raw|secretstudent's rating: 1205 &rarr; <strong>1230<\/strong><br \/>(+25 for winning)\n|raw|Dr. Ausar The Vile's rating: 1206 &rarr; <strong>1181<\/strong><br \/>(-25 for losing)\n|l|\u2606Dr. Ausar The Vile\n","uploadtime":1701120407,"views":1,"p1id":"secretstudent","p2id":"drausarthevile","formatid":"gen9vgc2023regulatione","rating":1181,"private":0,"password":""}