{"id":"gen9vgc2023regulatione-1993938137","p1":"Hayoongapaindekk","p2":"averagerandbats","format":"[Gen 9] VGC 2023 Regulation E","log":"|j|\u2606Hayoongapaindekk\n|j|\u2606averagerandbats\n|t:|1700378880\n|gametype|doubles\n|player|p1|Hayoongapaindekk|n-masters3|1230\n|player|p2|averagerandbats|janitor|1244\n|teamsize|p1|6\n|teamsize|p2|6\n|gen|9\n|tier|[Gen 9] VGC 2023 Regulation E\n|rated|\n|rule|Species Clause: Limit one of each Pok\u00e9mon\n|rule|Item Clause: Limit one of each item\n|clearpoke\n|poke|p1|Arcanine-Hisui, L50, M|\n|poke|p1|Chien-Pao, L50|\n|poke|p1|Tornadus, L50, M|\n|poke|p1|Gholdengo, L50|\n|poke|p1|Flutter Mane, L50|\n|poke|p1|Urshifu-*, L50, M|\n|poke|p2|Zapdos, L50|\n|poke|p2|Arcanine-Hisui, L50, M|\n|poke|p2|Urshifu-*, L50, F|\n|poke|p2|Rillaboom, L50, F|\n|poke|p2|Gholdengo, L50|\n|poke|p2|Ogerpon-Wellspring, L50, F|\n|teampreview|4\n|\n|t:|1700378907\n|start\n|switch|p1a: Gholdengo|Gholdengo, L50|100\/100\n|switch|p1b: Arcanine|Arcanine-Hisui, L50, M|100\/100\n|switch|p2a: Arcanine|Arcanine-Hisui, L50, M|100\/100\n|switch|p2b: Gholdengo|Gholdengo, L50|100\/100\n|-ability|p1b: Arcanine|Intimidate|boost\n|-unboost|p2a: Arcanine|atk|1\n|-unboost|p2b: Gholdengo|atk|1\n|-ability|p2a: Arcanine|Intimidate|boost\n|-unboost|p1a: Gholdengo|atk|1\n|-unboost|p1b: Arcanine|atk|1\n|turn|1\n|\n|t:|1700378935\n|switch|p2a: Rillaboom|Rillaboom, L50, F, shiny|100\/100\n|-fieldstart|move: Grassy Terrain|[from] ability: Grassy Surge|[of] p2a: Rillaboom\n|move|p1a: Gholdengo|Protect|p1a: Gholdengo\n|-singleturn|p1a: Gholdengo|Protect\n|move|p2b: Gholdengo|Protect|p2b: Gholdengo\n|-singleturn|p2b: Gholdengo|Protect\n|move|p1b: Arcanine|Close Combat|p2a: Rillaboom\n|-damage|p2a: Rillaboom|64\/100\n|-unboost|p1b: Arcanine|def|1\n|-unboost|p1b: Arcanine|spd|1\n|\n|-heal|p2a: Rillaboom|70\/100|[from] Grassy Terrain\n|upkeep\n|turn|2\n|\n|t:|1700378964\n|-terastallize|p1a: Gholdengo|Water\n|-terastallize|p2a: Rillaboom|Fire\n|move|p1b: Arcanine|Close Combat|p2a: Rillaboom\n|-damage|p2a: Rillaboom|37\/100\n|-unboost|p1b: Arcanine|def|1\n|-unboost|p1b: Arcanine|spd|1\n|move|p1a: Gholdengo|Nasty Plot|p1a: Gholdengo\n|-boost|p1a: Gholdengo|spa|2\n|move|p2b: Gholdengo|Shadow Ball|p1a: Gholdengo\n|-damage|p1a: Gholdengo|56\/100\n|move|p2a: Rillaboom|High Horsepower|p1b: Arcanine\n|-supereffective|p1b: Arcanine\n|-damage|p1b: Arcanine|0 fnt\n|faint|p1b: Arcanine\n|\n|-heal|p1a: Gholdengo|62\/100|[from] Grassy Terrain\n|-heal|p1a: Gholdengo|68\/100|[from] item: Leftovers\n|-heal|p2a: Rillaboom|43\/100|[from] Grassy Terrain\n|upkeep\n|\n|t:|1700378993\n|switch|p1b: Chien-Pao|Chien-Pao, L50|100\/100\n|-ability|p1b: Chien-Pao|Sword of Ruin\n|turn|3\n|\n|t:|1700379012\n|switch|p2a: Arcanine|Arcanine-Hisui, L50, M|100\/100\n|-ability|p2a: Arcanine|Intimidate|boost\n|-unboost|p1a: Gholdengo|atk|1\n|-unboost|p1b: Chien-Pao|atk|1\n|move|p1a: Gholdengo|Protect|p1a: Gholdengo\n|-singleturn|p1a: Gholdengo|Protect\n|move|p1b: Chien-Pao|Sucker Punch||[still]\n|-fail|p1b: Chien-Pao\n|move|p2b: Gholdengo|Nasty Plot|p2b: Gholdengo\n|-boost|p2b: Gholdengo|spa|2\n|\n|-heal|p1a: Gholdengo|74\/100|[from] Grassy Terrain\n|-heal|p1a: Gholdengo|79\/100|[from] item: Leftovers\n|upkeep\n|turn|4\n|\n|t:|1700379041\n|switch|p1b: Flutter Mane|Flutter Mane, L50|100\/100\n|switch|p2b: Rillaboom|Rillaboom, L50, F, shiny, tera:Fire|43\/100\n|move|p2a: Arcanine|Rock Slide|p1a: Gholdengo|[spread] p1a,p1b\n|-damage|p1a: Gholdengo|37\/100\n|-damage|p1b: Flutter Mane|42\/100\n|move|p1a: Gholdengo|Shadow Ball|p2b: Rillaboom\n|-damage|p2b: Rillaboom|0 fnt\n|faint|p2b: Rillaboom\n|\n|-heal|p1b: Flutter Mane|48\/100|[from] Grassy Terrain\n|-heal|p1a: Gholdengo|43\/100|[from] Grassy Terrain\n|-heal|p1a: Gholdengo|49\/100|[from] item: Leftovers\n|upkeep\n|\n|t:|1700379061\n|switch|p2b: Gholdengo|Gholdengo, L50|100\/100\n|turn|5\n|\n|t:|1700379085\n|move|p1a: Gholdengo|Protect|p1a: Gholdengo\n|-singleturn|p1a: Gholdengo|Protect\n|move|p2b: Gholdengo|Protect|p2b: Gholdengo\n|-singleturn|p2b: Gholdengo|Protect\n|move|p1b: Flutter Mane|Shadow Ball|p2b: Gholdengo\n|-activate|p2b: Gholdengo|move: Protect\n|move|p2a: Arcanine|Rock Slide|p1a: Gholdengo|[spread] p1b\n|-activate|p1a: Gholdengo|move: Protect\n|-damage|p1b: Flutter Mane|0 fnt\n|faint|p1b: Flutter Mane\n|-end|p1b: Flutter Mane|Protosynthesis|[silent]\n|\n|-heal|p1a: Gholdengo|55\/100|[from] Grassy Terrain\n|-heal|p1a: Gholdengo|61\/100|[from] item: Leftovers\n|-fieldend|move: Grassy Terrain\n|upkeep\n|\n|t:|1700379098\n|switch|p1b: Chien-Pao|Chien-Pao, L50|100\/100\n|-ability|p1b: Chien-Pao|Sword of Ruin\n|turn|6\n|\n|t:|1700379114\n|move|p1b: Chien-Pao|Sacred Sword|p2a: Arcanine\n|-supereffective|p2a: Arcanine\n|-damage|p2a: Arcanine|17\/100\n|move|p2a: Arcanine|Rock Slide|p1b: Chien-Pao|[spread] p1a,p1b\n|-crit|p1a: Gholdengo\n|-supereffective|p1b: Chien-Pao\n|-damage|p1a: Gholdengo|0 fnt\n|-enditem|p1b: Chien-Pao|Focus Sash\n|-damage|p1b: Chien-Pao|1\/100\n|faint|p1a: Gholdengo\n|move|p2b: Gholdengo|Shadow Ball|p1b: Chien-Pao\n|-resisted|p1b: Chien-Pao\n|-damage|p1b: Chien-Pao|0 fnt\n|faint|p1b: Chien-Pao\n|\n|win|averagerandbats\n|raw|Hayoongapaindekk's rating: 1230 &rarr; <strong>1206<\/strong><br \/>(-24 for losing)\n|raw|averagerandbats's rating: 1244 &rarr; <strong>1268<\/strong><br \/>(+24 for winning)\n|l|\u2606Hayoongapaindekk\n","uploadtime":1700379458,"views":8,"p1id":"hayoongapaindekk","p2id":"averagerandbats","formatid":"gen9vgc2023regulatione","rating":1206,"private":0,"password":""}