{"id":"gen9vgc2023regulatione-1988553761","p1":"spiderboi6969","p2":"filthytrashgoblin","format":"[Gen 9] VGC 2023 Regulation E","log":"|j|\u2606spiderboi6969\n|j|\u2606filthytrashgoblin\n|t:|1699735444\n|gametype|doubles\n|player|p1|spiderboi6969|169|1053\n|player|p2|filthytrashgoblin|ghetsis|1131\n|teamsize|p1|6\n|teamsize|p2|6\n|gen|9\n|tier|[Gen 9] VGC 2023 Regulation E\n|rated|\n|rule|Species Clause: Limit one of each Pok\u00e9mon\n|rule|Item Clause: Limit one of each item\n|clearpoke\n|poke|p1|Perrserker, L50, M|\n|poke|p1|Indeedee-F, L50, F|\n|poke|p1|Gholdengo, L50|\n|poke|p1|Armarouge, L50, F|\n|poke|p1|Azumarill, L50, F|\n|poke|p1|Slither Wing, L50|\n|poke|p2|Cresselia, L50, F|\n|poke|p2|Urshifu-*, L50, M|\n|poke|p2|Ogerpon-Hearthflame, L50, F|\n|poke|p2|Flutter Mane, L50|\n|poke|p2|Landorus-Therian, L50, M|\n|poke|p2|Heatran, L50, M|\n|teampreview|4\n|inactive|Battle timer is ON: inactive players will automatically lose when time's up. (requested by filthytrashgoblin)\nfilthytrashgoblin has agreed to open team sheets.\n|inactive|spiderboi6969 has 60 seconds left.\n|\n|t:|1699735491\n|start\n|switch|p1a: Indeedee|Indeedee-F, L50, F|100\/100\n|switch|p1b: Armarouge|Armarouge, L50, F|100\/100\n|switch|p2a: poyo!!|Ogerpon-Hearthflame, L50, F|100\/100\n|switch|p2b: floofadoof|Flutter Mane, L50|100\/100\n|-ability|p2a: poyo!!|Mold Breaker\n|-fieldstart|move: Psychic Terrain|[from] ability: Psychic Surge|[of] p1a: Indeedee\n|-enditem|p2b: floofadoof|Booster Energy\n|-activate|p2b: floofadoof|ability: Protosynthesis|[fromitem]\n|-start|p2b: floofadoof|protosynthesisspe\n|turn|1\n|\n|t:|1699735512\n|move|p2b: floofadoof|Moonblast|p1b: Armarouge\n|-resisted|p1b: Armarouge\n|-damage|p1b: Armarouge|81\/100\n|move|p2a: poyo!!|Swords Dance|p2a: poyo!!\n|-boost|p2a: poyo!!|atk|2\n|move|p1b: Armarouge|Expanding Force|p2a: poyo!!|[spread] p2a,p2b\n|-damage|p2a: poyo!!|31\/100\n|-damage|p2b: floofadoof|37\/100\n|move|p1a: Indeedee|Trick Room|p1a: Indeedee\n|-fieldstart|move: Trick Room|[of] p1a: Indeedee\n|\n|upkeep\n|turn|2\n|\n|t:|1699735534\n|switch|p1a: Azumarill|Azumarill, L50, F|100\/100\n|move|p1b: Armarouge|Expanding Force|p2a: poyo!!|[spread] p2a,p2b\n|-crit|p2a: poyo!!\n|-damage|p2a: poyo!!|0 fnt\n|-damage|p2b: floofadoof|0 fnt\n|faint|p2a: poyo!!\n|faint|p2b: floofadoof\n|-end|p2b: floofadoof|Protosynthesis|[silent]\n|\n|upkeep\n|\n|t:|1699735541\n|switch|p2a: BEAR!!!|Urshifu, L50, M|100\/100\n|switch|p2b: head|Heatran, L50, M|100\/100\n|turn|3\n|\n|t:|1699735555\n|move|p2a: BEAR!!!|Detect|p2a: BEAR!!!\n|-singleturn|p2a: BEAR!!!|Protect\n|move|p1a: Azumarill|Play Rough|p2a: BEAR!!!\n|-activate|p2a: BEAR!!!|move: Protect\n|move|p1b: Armarouge|Aura Sphere|p2b: head\n|-supereffective|p2b: head\n|-crit|p2b: head\n|-damage|p2b: head|18\/100\n|move|p2b: head|Flash Cannon|p1a: Azumarill\n|-damage|p1a: Azumarill|27\/100\n|-damage|p2b: head|8\/100|[from] item: Life Orb\n|\n|upkeep\n|turn|4\n|\n|t:|1699735575\n|move|p2b: head|Protect|p2b: head\n|-singleturn|p2b: head|Protect\n|move|p2a: BEAR!!!|Sucker Punch|p1b: Armarouge\n|-activate|p1b: Armarouge|move: Psychic Terrain\n|move|p1a: Azumarill|Play Rough|p2a: BEAR!!!\n|-supereffective|p2a: BEAR!!!\n|-enditem|p2a: BEAR!!!|Focus Sash\n|-damage|p2a: BEAR!!!|1\/100\n|move|p1b: Armarouge|Aura Sphere|p2b: head\n|-activate|p2b: head|move: Protect\n|\n|upkeep\n|turn|5\n|\n|t:|1699735593\n|move|p1a: Azumarill|Play Rough|p2a: BEAR!!!\n|-supereffective|p2a: BEAR!!!\n|-damage|p2a: BEAR!!!|0 fnt\n|faint|p2a: BEAR!!!\n|move|p1b: Armarouge|Aura Sphere|p2b: head\n|-supereffective|p2b: head\n|-damage|p2b: head|0 fnt\n|faint|p2b: head\n|\n|win|spiderboi6969\n|raw|spiderboi6969's rating: 1053 &rarr; <strong>1092<\/strong><br \/>(+39 for winning)\n|raw|filthytrashgoblin's rating: 1131 &rarr; <strong>1100<\/strong><br \/>(-31 for losing)\n|l|\u2606filthytrashgoblin\n","uploadtime":1699735611,"views":12,"p1id":"spiderboi6969","p2id":"filthytrashgoblin","formatid":"gen9vgc2023regulatione","rating":1092,"private":0,"password":""}