{"id":"gen9vgc2023regulatione-1989135090","p1":"MurphyTheMut","p2":"Loussay","format":"[Gen 9] VGC 2023 Regulation E","log":"|j|\u2606MurphyTheMut\n|j|\u2606Loussay\n|t:|1699815986\n|gametype|doubles\n|player|p1|MurphyTheMut|roughneck-gen4|1118\n|player|p2|Loussay|265|1068\n|teamsize|p1|6\n|teamsize|p2|6\n|gen|9\n|tier|[Gen 9] VGC 2023 Regulation E\n|rated|\n|rule|Species Clause: Limit one of each Pok\u00e9mon\n|rule|Item Clause: Limit one of each item\n|clearpoke\n|poke|p1|Hippowdon, L50, F|\n|poke|p1|Tyranitar, L50, M|\n|poke|p1|Flutter Mane, L50|\n|poke|p1|Indeedee-F, L50, F|\n|poke|p1|Armarouge, L50, F|\n|poke|p1|Kommo-o, L50, M|\n|poke|p2|Farigiraf, L50, M|\n|poke|p2|Ursaluna-Bloodmoon, L50, M|\n|poke|p2|Urshifu-*, L50, M|\n|poke|p2|Cresselia, L50, F|\n|poke|p2|Amoonguss, L50, M|\n|poke|p2|Tornadus, L50, M|\n|teampreview|4\nMurphyTheMut has agreed to open team sheets.\n|inactive|Battle timer is ON: inactive players will automatically lose when time's up. (requested by MurphyTheMut)\n|\n|t:|1699816033\n|start\n|switch|p1a: Indeedee|Indeedee-F, L50, F|100\/100\n|switch|p1b: Kommo-o|Kommo-o, L50, M|100\/100\n|switch|p2a: Urshifu|Urshifu-Rapid-Strike, L50, M|100\/100\n|switch|p2b: Tornadus|Tornadus, L50, M|100\/100\n|-fieldstart|move: Psychic Terrain|[from] ability: Psychic Surge|[of] p1a: Indeedee\n|turn|1\n|inactive|Loussay has 30 seconds left.\n|\n|t:|1699816063\n|switch|p2a: Ursaluna|Ursaluna-Bloodmoon, L50, M|100\/100\n|-terastallize|p1b: Kommo-o|Steel\n|move|p1a: Indeedee|Follow Me|p1a: Indeedee\n|-singleturn|p1a: Indeedee|move: Follow Me\n|move|p2b: Tornadus|Bleakwind Storm|p1b: Kommo-o|[spread] p1a,p1b\n|-resisted|p1b: Kommo-o\n|-damage|p1a: Indeedee|71\/100\n|-damage|p1b: Kommo-o|87\/100\n|move|p1b: Kommo-o|Iron Defense|p1b: Kommo-o\n|-boost|p1b: Kommo-o|def|2\n|\n|-heal|p1b: Kommo-o|93\/100|[from] item: Leftovers\n|upkeep\n|turn|2\n|\n|t:|1699816086\n|move|p1a: Indeedee|Follow Me|p1a: Indeedee\n|-singleturn|p1a: Indeedee|move: Follow Me\n|move|p2b: Tornadus|Bleakwind Storm|p1a: Indeedee|[spread] p1a,p1b\n|-resisted|p1b: Kommo-o\n|-damage|p1a: Indeedee|42\/100\n|-damage|p1b: Kommo-o|79\/100\n|move|p1b: Kommo-o|Iron Defense|p1b: Kommo-o\n|-boost|p1b: Kommo-o|def|2\n|move|p2a: Ursaluna|Earth Power|p1a: Indeedee\n|-damage|p1a: Indeedee|0 fnt\n|faint|p1a: Indeedee\n|-damage|p2a: Ursaluna|90\/100|[from] item: Life Orb\n|\n|-heal|p1b: Kommo-o|85\/100|[from] item: Leftovers\n|upkeep\n|\n|t:|1699816103\n|switch|p1a: Tyranitar|Tyranitar, L50, M|100\/100\n|-weather|Sandstorm|[from] ability: Sand Stream|[of] p1a: Tyranitar\n|-enditem|p1a: Tyranitar|Psychic Seed\n|-boost|p1a: Tyranitar|spd|1|[from] item: Psychic Seed\n|turn|3\n|\n|t:|1699816123\n|switch|p2b: Amoonguss|Amoonguss, L50, M|100\/100\n|move|p2a: Ursaluna|Protect|p2a: Ursaluna\n|-singleturn|p2a: Ursaluna|Protect\n|move|p1b: Kommo-o|Body Press|p2a: Ursaluna\n|-activate|p2a: Ursaluna|move: Protect\n|move|p1a: Tyranitar|Rock Slide|p2a: Ursaluna|[spread] p2b\n|-activate|p2a: Ursaluna|move: Protect\n|-damage|p2b: Amoonguss|64\/100\n|\n|-weather|Sandstorm|[upkeep]\n|-damage|p2b: Amoonguss|58\/100|[from] Sandstorm\n|-heal|p1b: Kommo-o|91\/100|[from] item: Leftovers\n|-heal|p2b: Amoonguss|64\/100|[from] item: Black Sludge\n|upkeep\n|turn|4\n|inactive|MurphyTheMut has 30 seconds left.\n|\n|t:|1699816150\n|move|p2b: Amoonguss|Rage Powder|p2b: Amoonguss\n|-singleturn|p2b: Amoonguss|move: Rage Powder\n|move|p1b: Kommo-o|Body Press|p2a: Ursaluna\n|-supereffective|p2a: Ursaluna\n|-damage|p2a: Ursaluna|0 fnt\n|faint|p2a: Ursaluna\n|move|p1a: Tyranitar|Knock Off|p2b: Amoonguss\n|-damage|p2b: Amoonguss|5\/100\n|-enditem|p2b: Amoonguss|Black Sludge|[from] move: Knock Off|[of] p1a: Tyranitar\n|\n|-weather|Sandstorm|[upkeep]\n|-damage|p2b: Amoonguss|0 fnt|[from] Sandstorm\n|faint|p2b: Amoonguss\n|-heal|p1b: Kommo-o|97\/100|[from] item: Leftovers\n|upkeep\n|\n|t:|1699816169\n|switch|p2a: Urshifu|Urshifu-Rapid-Strike, L50, M|100\/100\n|switch|p2b: Tornadus|Tornadus, L50, M|100\/100\n|turn|5\n|\n|t:|1699816185\n|move|p2a: Urshifu|Surging Strikes|p1b: Kommo-o\n|-crit|p1b: Kommo-o\n|-damage|p1b: Kommo-o|78\/100\n|-crit|p1b: Kommo-o\n|-damage|p1b: Kommo-o|60\/100\n|-crit|p1b: Kommo-o\n|-damage|p1b: Kommo-o|43\/100\n|-hitcount|p1b: Kommo-o|3\n|move|p2b: Tornadus|Bleakwind Storm|p1b: Kommo-o|[spread] p1a,p1b\n|-resisted|p1a: Tyranitar\n|-resisted|p1b: Kommo-o\n|-damage|p1a: Tyranitar|95\/100\n|-damage|p1b: Kommo-o|30\/100\n|move|p1b: Kommo-o|Body Press|p2a: Urshifu\n|-damage|p2a: Urshifu|0 fnt\n|faint|p2a: Urshifu\n|move|p1a: Tyranitar|Rock Slide|p2b: Tornadus\n|-supereffective|p2b: Tornadus\n|-damage|p2b: Tornadus|12\/100\n|\n|-weather|Sandstorm|[upkeep]\n|-damage|p2b: Tornadus|6\/100|[from] Sandstorm\n|-heal|p1b: Kommo-o|36\/100|[from] item: Leftovers\n|-fieldend|move: Psychic Terrain\n|upkeep\n|turn|6\n|inactive|Loussay has 30 seconds left.\n|-message|Loussay forfeited.\n|\n|win|MurphyTheMut\n|raw|MurphyTheMut's rating: 1118 &rarr; <strong>1139<\/strong><br \/>(+21 for winning)\n|raw|Loussay's rating: 1068 &rarr; <strong>1051<\/strong><br \/>(-17 for losing)\n|l|\u2606Loussay\n","uploadtime":1699816229,"views":32,"p1id":"murphythemut","p2id":"loussay","formatid":"gen9vgc2023regulatione","rating":1051,"private":0,"password":""}