{"id":"gen9vgc2023regulatione-1988009531","p1":"MattyyKM","p2":"RAW_TOAST_94","format":"[Gen 9] VGC 2023 Regulation E","log":"|j|\u2606MattyyKM\n|j|\u2606RAW_TOAST_94\n|t:|1699658718\n|gametype|doubles\n|player|p1|MattyyKM|169|1130\n|player|p2|RAW_TOAST_94|cynthia|1122\n|teamsize|p1|6\n|teamsize|p2|6\n|gen|9\n|tier|[Gen 9] VGC 2023 Regulation E\n|rated|\n|rule|Species Clause: Limit one of each Pok\u00e9mon\n|rule|Item Clause: Limit one of each item\n|clearpoke\n|poke|p1|Heatran, L50, F|\n|poke|p1|Chien-Pao, L50|\n|poke|p1|Iron Hands, L50|\n|poke|p1|Dusclops, L50, F|\n|poke|p1|Sinistcha, L50|\n|poke|p1|Scizor, L50, F|\n|poke|p2|Landorus, L50, M|\n|poke|p2|Chien-Pao, L50|\n|poke|p2|Ogerpon-Wellspring, L50, F|\n|poke|p2|Arcanine-Hisui, L50, M|\n|poke|p2|Roaring Moon, L50|\n|poke|p2|Iron Hands, L50|\n|teampreview|4\n|inactive|Battle timer is ON: inactive players will automatically lose when time's up. (requested by MattyyKM)\nRAW_TOAST_94 has agreed to open team sheets.\n|inactive|MattyyKM has 60 seconds left.\n|\n|t:|1699658762\n|start\n|switch|p1a: Scizor|Scizor, L50, F|100\/100\n|switch|p1b: Iron Hands|Iron Hands, L50|100\/100\n|switch|p2a: Fang|Chien-Pao, L50|100\/100\n|switch|p2b: Zeus|Arcanine-Hisui, L50, M, shiny|100\/100\n|-ability|p2a: Fang|Sword of Ruin\n|-ability|p2b: Zeus|Intimidate|boost\n|-unboost|p1a: Scizor|atk|1\n|-unboost|p1b: Iron Hands|atk|1\n|turn|1\n|inactive|MattyyKM has 30 seconds left.\n|inactive|RAW_TOAST_94 has 30 seconds left.\n|inactive|RAW_TOAST_94 has 20 seconds left.\n|\n|t:|1699658801\n|move|p2a: Fang|Protect|p2a: Fang\n|-singleturn|p2a: Fang|Protect\n|move|p1a: Scizor|Protect|p1a: Scizor\n|-singleturn|p1a: Scizor|Protect\n|move|p2b: Zeus|Flare Blitz|p1a: Scizor\n|-activate|p1a: Scizor|move: Protect\n|move|p1b: Iron Hands|Drain Punch|p2b: Zeus\n|-supereffective|p2b: Zeus\n|-damage|p2b: Zeus|34\/100\n|\n|upkeep\n|turn|2\n|inactive|MattyyKM has 30 seconds left.\n|\n|t:|1699658832\n|switch|p2b: Iron Hands|Iron Hands, L50, shiny|100\/100\n|switch|p1a: Heatran|Heatran, L50, F|100\/100\n|move|p2a: Fang|Sacred Sword|p1a: Heatran\n|-supereffective|p1a: Heatran\n|-damage|p1a: Heatran|33\/100\n|move|p1b: Iron Hands|Drain Punch|p2b: Iron Hands\n|-damage|p2b: Iron Hands|81\/100\n|\n|-heal|p1a: Heatran|40\/100|[from] item: Leftovers\n|upkeep\n|turn|3\n|\n|t:|1699658853\n|-end|p1b: Iron Hands|Quark Drive|[silent]\n|switch|p1b: Sinistcha|Sinistcha, L50|100\/100\n|-heal|p1a: Heatran|64\/100|[from] ability: Hospitality|[of] p1b: Sinistcha\n|-terastallize|p1a: Heatran|Fairy\n|move|p2b: Iron Hands|Fake Out|p1b: Sinistcha\n|-immune|p1b: Sinistcha\n|move|p2a: Fang|Ice Spinner|p1a: Heatran\n|-damage|p1a: Heatran|19\/100\n|move|p1a: Heatran|Heat Wave|p2a: Fang|[spread] p2b\n|-miss|p1a: Heatran|p2a: Fang\n|-damage|p2b: Iron Hands|64\/100\n|-status|p2b: Iron Hands|brn\n|\n|-heal|p1a: Heatran|25\/100|[from] item: Leftovers\n|-damage|p2b: Iron Hands|58\/100 brn|[from] brn\n|upkeep\n|turn|4\n|\n|t:|1699658875\n|switch|p1b: Iron Hands|Iron Hands, L50|100\/100\n|move|p1a: Heatran|Protect|p1a: Heatran\n|-singleturn|p1a: Heatran|Protect\n|move|p2a: Fang|Ice Spinner|p1b: Iron Hands\n|-damage|p1b: Iron Hands|64\/100\n|move|p2b: Iron Hands|Heavy Slam|p1a: Heatran\n|-activate|p1a: Heatran|move: Protect\n|\n|-heal|p1a: Heatran|31\/100|[from] item: Leftovers\n|-damage|p2b: Iron Hands|52\/100 brn|[from] brn\n|upkeep\n|turn|5\n|inactive|MattyyKM has 30 seconds left.\n|inactive|RAW_TOAST_94 has 30 seconds left.\n|\n|t:|1699658904\n|-end|p2b: Iron Hands|Quark Drive|[silent]\n|switch|p2b: Lando|Landorus, L50, M|100\/100\n|move|p2a: Fang|Protect|p2a: Fang\n|-singleturn|p2a: Fang|Protect\n|move|p1b: Iron Hands|Fake Out|p2a: Fang\n|-activate|p2a: Fang|move: Protect\n|move|p1a: Heatran|Heat Wave|p2b: Lando|[spread] p2b\n|-activate|p2a: Fang|move: Protect\n|-damage|p2b: Lando|63\/100\n|\n|-heal|p1a: Heatran|37\/100|[from] item: Leftovers\n|upkeep\n|turn|6\n|inactive|MattyyKM has 30 seconds left.\n|inactive|RAW_TOAST_94 has 30 seconds left.\n|inactive|MattyyKM has 20 seconds left.\n|\n|t:|1699658940\n|-end|p1b: Iron Hands|Quark Drive|[silent]\n|switch|p1b: Sinistcha|Sinistcha, L50|100\/100\n|-heal|p1a: Heatran|62\/100|[from] ability: Hospitality|[of] p1b: Sinistcha\n|-terastallize|p2a: Fang|Ghost\n|move|p1a: Heatran|Protect|p1a: Heatran\n|-singleturn|p1a: Heatran|Protect\n|move|p2a: Fang|Ice Spinner|p1b: Sinistcha\n|-supereffective|p1b: Sinistcha\n|-damage|p1b: Sinistcha|0 fnt\n|faint|p1b: Sinistcha\n|move|p2b: Lando|Sludge Bomb|p1a: Heatran\n|-activate|p1a: Heatran|move: Protect\n|\n|-heal|p1a: Heatran|68\/100|[from] item: Leftovers\n|upkeep\n|\n|t:|1699658961\n|switch|p1b: Iron Hands|Iron Hands, L50|64\/100\n|turn|7\n|\n|t:|1699658973\n|move|p2b: Lando|Protect|p2b: Lando\n|-singleturn|p2b: Lando|Protect\n|move|p2a: Fang|Ice Spinner|p1a: Heatran\n|-damage|p1a: Heatran|19\/100\n|move|p1b: Iron Hands|Wild Charge|p2a: Fang\n|-damage|p2a: Fang|42\/100\n|-damage|p1b: Iron Hands|55\/100|[from] Recoil\n|move|p1a: Heatran|Heat Wave|p2a: Fang|[spread] p2a\n|-activate|p2b: Lando|move: Protect\n|-damage|p2a: Fang|0 fnt\n|faint|p2a: Fang\n|\n|-heal|p1a: Heatran|25\/100|[from] item: Leftovers\n|upkeep\n|\n|t:|1699658993\n|switch|p2a: Zeus|Arcanine-Hisui, L50, M, shiny|34\/100\n|-ability|p2a: Zeus|Intimidate|boost\n|-unboost|p1a: Heatran|atk|1\n|-unboost|p1b: Iron Hands|atk|1\n|turn|8\n|\n|t:|1699659011\n|move|p2b: Lando|Sludge Bomb|p1a: Heatran\n|-supereffective|p1a: Heatran\n|-damage|p1a: Heatran|0 fnt\n|faint|p1a: Heatran\n|move|p2a: Zeus|Rock Slide|p1b: Iron Hands\n|-resisted|p1b: Iron Hands\n|-damage|p1b: Iron Hands|35\/100\n|cant|p1b: Iron Hands|flinch\n|\n|upkeep\n|\n|t:|1699659019\n|switch|p1a: Scizor|Scizor, L50, F|100\/100\n|turn|9\n|inactive|MattyyKM has 30 seconds left.\n|inactive|MattyyKM has 20 seconds left.\n|inactive|MattyyKM has 15 seconds left.\n|\n|t:|1699659060\n|move|p1a: Scizor|Protect|p1a: Scizor\n|-singleturn|p1a: Scizor|Protect\n|move|p2b: Lando|Sandsear Storm|p1b: Iron Hands|[spread] p1b\n|-activate|p1a: Scizor|move: Protect\n|-supereffective|p1b: Iron Hands\n|-damage|p1b: Iron Hands|0 fnt\n|faint|p1b: Iron Hands\n|-end|p1b: Iron Hands|Quark Drive|[silent]\n|move|p2a: Zeus|Rock Slide|p1a: Scizor\n|-activate|p1a: Scizor|move: Protect\n|\n|upkeep\n|turn|10\n|\n|t:|1699659077\n|move|p2b: Lando|Earth Power|p1a: Scizor\n|-damage|p1a: Scizor|15\/100\n|move|p2a: Zeus|Rock Slide|p1a: Scizor\n|-damage|p1a: Scizor|0 fnt\n|faint|p1a: Scizor\n|\n|win|RAW_TOAST_94\n|raw|MattyyKM's rating: 1130 &rarr; <strong>1104<\/strong><br \/>(-26 for losing)\n|raw|RAW_TOAST_94's rating: 1122 &rarr; <strong>1148<\/strong><br \/>(+26 for winning)\n|l|\u2606MattyyKM\n|c|\u2606RAW_TOAST_94|gg\n","uploadtime":1699659089,"views":18,"p1id":"mattyykm","p2id":"rawtoast94","formatid":"gen9vgc2023regulatione","rating":1104,"private":0,"password":""}