{"id":"gen9vgc2023regulatione-1992881650","p1":"Comett7778","p2":"H_Necromantic","format":"[Gen 9] VGC 2023 Regulation E","log":"|j|\u2606Comett7778\n|j|\u2606H_Necromantic\n|t:|1700243541\n|gametype|doubles\n|player|p1|Comett7778|hero2-conquest|1101\n|player|p2|H_Necromantic|darach-caitlin|1014\n|teamsize|p1|6\n|teamsize|p2|6\n|gen|9\n|tier|[Gen 9] VGC 2023 Regulation E\n|rated|\n|rule|Species Clause: Limit one of each Pok\u00e9mon\n|rule|Item Clause: Limit one of each item\n|clearpoke\n|poke|p1|Ogerpon, L50, F|\n|poke|p1|Iron Hands, L50|\n|poke|p1|Landorus-Therian, L50, M|\n|poke|p1|Clefairy, L50, M|\n|poke|p1|Espathra, L50, M|\n|poke|p1|Sinistcha, L50|\n|poke|p2|Rillaboom, L50, F|\n|poke|p2|Sneasler, L50, F|\n|poke|p2|Ogerpon-Wellspring, L50, F|\n|poke|p2|Snorlax, L50, M|\n|poke|p2|Sinistcha-Masterpiece, L50|\n|poke|p2|Lurantis, L50, M|\n|teampreview|4\n|inactive|Battle timer is ON: inactive players will automatically lose when time's up. (requested by Comett7778)\n|inactive|Comett7778 has 60 seconds left.\n|\n|t:|1700243581\n|start\n|switch|p1a: Burb|Espathra, L50, M, shiny|100\/100\n|switch|p1b: Catch These Handz|Iron Hands, L50, shiny|100\/100\n|switch|p2a: Rillaboom|Rillaboom, L50, F|100\/100\n|switch|p2b: Sneasler|Sneasler, L50, F|100\/100\n|-fieldstart|move: Grassy Terrain|[from] ability: Grassy Surge|[of] p2a: Rillaboom\n|-enditem|p2b: Sneasler|Grassy Seed\n|-boost|p2b: Sneasler|def|1|[from] item: Grassy Seed\n|turn|1\n|inactive|Comett7778 has 30 seconds left.\n|inactive|H_Necromantic has 30 seconds left.\n|\n|t:|1700243610\n|-terastallize|p2b: Sneasler|Flying\n|move|p2a: Rillaboom|Fake Out|p1b: Catch These Handz\n|-damage|p1b: Catch These Handz|91\/100\n|cant|p1b: Catch These Handz|flinch\n|move|p2b: Sneasler|Acrobatics|p1b: Catch These Handz\n|-damage|p1b: Catch These Handz|47\/100\n|move|p1a: Burb|Calm Mind|p1a: Burb\n|-boost|p1a: Burb|spa|1\n|-boost|p1a: Burb|spd|1\n|\n|-heal|p1b: Catch These Handz|53\/100|[from] Grassy Terrain\n|-ability|p1a: Burb|Speed Boost|boost\n|-boost|p1a: Burb|spe|1\n|upkeep\n|turn|2\n|\n|t:|1700243628\n|move|p2a: Rillaboom|Grassy Glide|p1b: Catch These Handz\n|-damage|p1b: Catch These Handz|30\/100\n|move|p2b: Sneasler|Acrobatics|p1b: Catch These Handz\n|-damage|p1b: Catch These Handz|0 fnt\n|faint|p1b: Catch These Handz\n|-end|p1b: Catch These Handz|Quark Drive|[silent]\n|move|p1a: Burb|Stored Power|p2b: Sneasler\n|-damage|p2b: Sneasler|17\/100\n|\n|-ability|p1a: Burb|Speed Boost|boost\n|-boost|p1a: Burb|spe|1\n|upkeep\n|\n|t:|1700243634\n|switch|p1b: PeiPi|Clefairy, L50, M|100\/100\n|turn|3\n|inactive|H_Necromantic has 30 seconds left.\n|\n|t:|1700243668\n|move|p1b: PeiPi|Follow Me|p1b: PeiPi\n|-singleturn|p1b: PeiPi|move: Follow Me\n|move|p2a: Rillaboom|Grassy Glide|p1b: PeiPi\n|-damage|p1b: PeiPi|62\/100\n|move|p2b: Sneasler|Acrobatics|p1b: PeiPi\n|-crit|p1b: PeiPi\n|-damage|p1b: PeiPi|0 fnt\n|faint|p1b: PeiPi\n|move|p1a: Burb|Calm Mind|p1a: Burb\n|-boost|p1a: Burb|spa|1\n|-boost|p1a: Burb|spd|1\n|\n|-ability|p1a: Burb|Speed Boost|boost\n|-boost|p1a: Burb|spe|1\n|upkeep\n|\n|t:|1700243671\n|switch|p1b: Maybe Kinda Decent|Sinistcha, L50, shiny|100\/100\n|turn|4\n|inactive|H_Necromantic has 30 seconds left.\n|\n|t:|1700243701\n|move|p1a: Burb|Protect|p1a: Burb\n|-singleturn|p1a: Burb|Protect\n|move|p2a: Rillaboom|Grassy Glide|p1a: Burb\n|-activate|p1a: Burb|move: Protect\n|move|p2b: Sneasler|Acrobatics|p1a: Burb\n|-activate|p1a: Burb|move: Protect\n|move|p1b: Maybe Kinda Decent|Matcha Gotcha|p2a: Rillaboom|[spread] p2a,p2b\n|-resisted|p2a: Rillaboom\n|-resisted|p2b: Sneasler\n|-damage|p2a: Rillaboom|89\/100\n|-damage|p2b: Sneasler|0 fnt\n|faint|p2b: Sneasler\n|\n|-heal|p2a: Rillaboom|95\/100|[from] Grassy Terrain\n|-ability|p1a: Burb|Speed Boost|boost\n|-boost|p1a: Burb|spe|1\n|upkeep\n|\n|t:|1700243717\n|switch|p2b: Ogerpon|Ogerpon-Wellspring, L50, F|100\/100\n|turn|5\n|\n|t:|1700243732\n|move|p1a: Burb|Stored Power|p2b: Ogerpon\n|-damage|p2b: Ogerpon|0 fnt\n|faint|p2b: Ogerpon\n|move|p2a: Rillaboom|U-turn|p1a: Burb\n|-supereffective|p1a: Burb\n|-damage|p1a: Burb|27\/100\n|\n|t:|1700243737\n|switch|p2a: Sinistcha|Sinistcha-Masterpiece, L50|100\/100|[from] U-turn\n|move|p1b: Maybe Kinda Decent|Matcha Gotcha|p2a: Sinistcha\n|-resisted|p2a: Sinistcha\n|-damage|p2a: Sinistcha|73\/100\n|\n|-heal|p1a: Burb|33\/100|[from] Grassy Terrain\n|-heal|p1a: Burb|39\/100|[from] item: Leftovers\n|-heal|p2a: Sinistcha|79\/100|[from] Grassy Terrain\n|-fieldend|move: Grassy Terrain\n|-ability|p1a: Burb|Speed Boost|boost\n|-boost|p1a: Burb|spe|1\n|upkeep\n|\n|t:|1700243749\n|switch|p2b: Rillaboom|Rillaboom, L50, F|95\/100\n|-fieldstart|move: Grassy Terrain|[from] ability: Grassy Surge|[of] p2b: Rillaboom\n|turn|6\n|\n|t:|1700243762\n|move|p1a: Burb|Protect|p1a: Burb\n|-singleturn|p1a: Burb|Protect\n|move|p2b: Rillaboom|Fake Out|p1a: Burb\n|-activate|p1a: Burb|move: Protect\n|move|p1b: Maybe Kinda Decent|Strength Sap|p2b: Rillaboom\n|-unboost|p2b: Rillaboom|atk|1\n|move|p2a: Sinistcha|Trick Room|p2a: Sinistcha\n|-fieldstart|move: Trick Room|[of] p2a: Sinistcha\n|\n|-heal|p2a: Sinistcha|85\/100|[from] Grassy Terrain\n|-heal|p2b: Rillaboom|100\/100|[from] Grassy Terrain\n|-heal|p1a: Burb|44\/100|[from] Grassy Terrain\n|-heal|p1a: Burb|50\/100|[from] item: Leftovers\n|-ability|p1a: Burb|Speed Boost|boost\n|-boost|p1a: Burb|spe|1\n|upkeep\n|turn|7\n|inactive|H_Necromantic has 30 seconds left.\n|\n|t:|1700243796\n|-terastallize|p1a: Burb|Fighting\n|move|p2b: Rillaboom|Grassy Glide|p1a: Burb\n|-damage|p1a: Burb|10\/100\n|move|p2a: Sinistcha|Matcha Gotcha|p1a: Burb|[spread] p1a,p1b\n|-resisted|p1b: Maybe Kinda Decent\n|-damage|p1a: Burb|0 fnt\n|-heal|p2a: Sinistcha|90\/100|[from] drain|[of] p1a: Burb\n|-damage|p1b: Maybe Kinda Decent|85\/100\n|-heal|p2a: Sinistcha|98\/100|[from] drain|[of] p1b: Maybe Kinda Decent\n|faint|p1a: Burb\n|move|p1b: Maybe Kinda Decent|Life Dew|p1b: Maybe Kinda Decent\n|-heal|p1b: Maybe Kinda Decent|100\/100\n|\n|-heal|p2a: Sinistcha|100\/100|[from] Grassy Terrain\n|upkeep\n|turn|8\n|inactive|H_Necromantic has 30 seconds left.\n|\n|t:|1700243825\n|move|p2b: Rillaboom|Grassy Glide|p1b: Maybe Kinda Decent\n|-resisted|p1b: Maybe Kinda Decent\n|-damage|p1b: Maybe Kinda Decent|91\/100\n|move|p2a: Sinistcha|Matcha Gotcha|p1b: Maybe Kinda Decent\n|-resisted|p1b: Maybe Kinda Decent\n|-damage|p1b: Maybe Kinda Decent|70\/100\n|move|p1b: Maybe Kinda Decent|Strength Sap|p2b: Rillaboom\n|-unboost|p2b: Rillaboom|atk|1\n|-heal|p1b: Maybe Kinda Decent|100\/100\n|\n|upkeep\n|turn|9\n|\n|t:|1700243842\n|move|p2a: Sinistcha|Rage Powder|p2a: Sinistcha\n|-singleturn|p2a: Sinistcha|move: Rage Powder\n|move|p1b: Maybe Kinda Decent|Strength Sap|p2b: Rillaboom\n|-unboost|p2b: Rillaboom|atk|1\n|move|p2b: Rillaboom|U-turn|p1b: Maybe Kinda Decent\n|-damage|p1b: Maybe Kinda Decent|93\/100\n|\n|-heal|p1b: Maybe Kinda Decent|99\/100|[from] Grassy Terrain\n|upkeep\n|turn|10\n|\n|t:|1700243852\n|move|p2a: Sinistcha|Rage Powder|p2a: Sinistcha\n|-singleturn|p2a: Sinistcha|move: Rage Powder\n|move|p1b: Maybe Kinda Decent|Strength Sap|p2b: Rillaboom\n|-unboost|p2b: Rillaboom|atk|1\n|-heal|p1b: Maybe Kinda Decent|100\/100\n|move|p2b: Rillaboom|U-turn|p1b: Maybe Kinda Decent\n|-damage|p1b: Maybe Kinda Decent|93\/100\n|\n|-heal|p1b: Maybe Kinda Decent|99\/100|[from] Grassy Terrain\n|-fieldend|move: Trick Room\n|-fieldend|move: Grassy Terrain\n|upkeep\n|turn|11\n|\n|t:|1700243867\n|move|p2a: Sinistcha|Rage Powder|p2a: Sinistcha\n|-singleturn|p2a: Sinistcha|move: Rage Powder\n|move|p2b: Rillaboom|U-turn|p1b: Maybe Kinda Decent\n|-damage|p1b: Maybe Kinda Decent|92\/100\n|move|p1b: Maybe Kinda Decent|Strength Sap|p2b: Rillaboom\n|-unboost|p2b: Rillaboom|atk|1\n|-heal|p1b: Maybe Kinda Decent|100\/100\n|\n|upkeep\n|turn|12\n|\n|t:|1700243880\n|move|p2a: Sinistcha|Rage Powder|p2a: Sinistcha\n|-singleturn|p2a: Sinistcha|move: Rage Powder\n|move|p2b: Rillaboom|Drum Beating|p1b: Maybe Kinda Decent\n|-resisted|p1b: Maybe Kinda Decent\n|-damage|p1b: Maybe Kinda Decent|95\/100\n|-unboost|p1b: Maybe Kinda Decent|spe|1\n|move|p1b: Maybe Kinda Decent|Matcha Gotcha|p2a: Sinistcha|[spread] p2a,p2b\n|-resisted|p2a: Sinistcha\n|-resisted|p2b: Rillaboom\n|-damage|p2a: Sinistcha|86\/100\n|-heal|p1b: Maybe Kinda Decent|100\/100|[from] drain|[of] p2a: Sinistcha\n|-damage|p2b: Rillaboom|92\/100\n|-status|p2a: Sinistcha|brn\n|\n|-damage|p2a: Sinistcha|80\/100 brn|[from] brn\n|upkeep\n|turn|13\n|\n|t:|1700243898\n|move|p2b: Rillaboom|Drum Beating|p1b: Maybe Kinda Decent\n|-resisted|p1b: Maybe Kinda Decent\n|-damage|p1b: Maybe Kinda Decent|95\/100\n|-unboost|p1b: Maybe Kinda Decent|spe|1\n|move|p2a: Sinistcha|Matcha Gotcha|p1b: Maybe Kinda Decent\n|-resisted|p1b: Maybe Kinda Decent\n|-damage|p1b: Maybe Kinda Decent|80\/100\n|-heal|p2a: Sinistcha|88\/100 brn|[from] drain|[of] p1b: Maybe Kinda Decent\n|-status|p1b: Maybe Kinda Decent|brn\n|move|p1b: Maybe Kinda Decent|Matcha Gotcha|p2a: Sinistcha|[spread] p2a,p2b\n|-resisted|p2a: Sinistcha\n|-resisted|p2b: Rillaboom\n|-damage|p2a: Sinistcha|75\/100 brn\n|-heal|p1b: Maybe Kinda Decent|87\/100 brn|[from] drain|[of] p2a: Sinistcha\n|-damage|p2b: Rillaboom|83\/100\n|-heal|p1b: Maybe Kinda Decent|92\/100 brn|[from] drain|[of] p2b: Rillaboom\n|\n|-damage|p2a: Sinistcha|68\/100 brn|[from] brn\n|-damage|p1b: Maybe Kinda Decent|86\/100 brn|[from] brn\n|upkeep\n|turn|14\n|inactive|Comett7778 has 30 seconds left.\n|inactive|H_Necromantic has 30 seconds left.\n|\n|t:|1700243927\n|move|p2b: Rillaboom|Drum Beating|p1b: Maybe Kinda Decent\n|-resisted|p1b: Maybe Kinda Decent\n|-crit|p1b: Maybe Kinda Decent\n|-damage|p1b: Maybe Kinda Decent|62\/100 brn\n|-unboost|p1b: Maybe Kinda Decent|spe|1\n|move|p2a: Sinistcha|Strength Sap|p1b: Maybe Kinda Decent\n|-unboost|p1b: Maybe Kinda Decent|atk|1\n|-heal|p2a: Sinistcha|100\/100 brn\n|move|p1b: Maybe Kinda Decent|Strength Sap|p2b: Rillaboom\n|-unboost|p2b: Rillaboom|atk|1\n|-heal|p1b: Maybe Kinda Decent|90\/100 brn\n|\n|-damage|p2a: Sinistcha|94\/100 brn|[from] brn\n|-damage|p1b: Maybe Kinda Decent|84\/100 brn|[from] brn\n|upkeep\n|turn|15\n|\n|t:|1700243947\n|move|p2b: Rillaboom|Drum Beating|p1b: Maybe Kinda Decent\n|-resisted|p1b: Maybe Kinda Decent\n|-damage|p1b: Maybe Kinda Decent|80\/100 brn\n|-unboost|p1b: Maybe Kinda Decent|spe|1\n|move|p2a: Sinistcha|Strength Sap|p1b: Maybe Kinda Decent\n|-unboost|p1b: Maybe Kinda Decent|atk|1\n|-heal|p2a: Sinistcha|100\/100 brn\n|move|p1b: Maybe Kinda Decent|Matcha Gotcha|p2b: Rillaboom|[spread] p2a,p2b\n|-resisted|p2a: Sinistcha\n|-resisted|p2b: Rillaboom\n|-damage|p2a: Sinistcha|87\/100 brn\n|-heal|p1b: Maybe Kinda Decent|86\/100 brn|[from] drain|[of] p2a: Sinistcha\n|-damage|p2b: Rillaboom|75\/100\n|-heal|p1b: Maybe Kinda Decent|92\/100 brn|[from] drain|[of] p2b: Rillaboom\n|\n|-damage|p2a: Sinistcha|81\/100 brn|[from] brn\n|-damage|p1b: Maybe Kinda Decent|85\/100 brn|[from] brn\n|upkeep\n|turn|16\n|\n|t:|1700243967\n|move|p2b: Rillaboom|Drum Beating|p1b: Maybe Kinda Decent\n|-resisted|p1b: Maybe Kinda Decent\n|-damage|p1b: Maybe Kinda Decent|81\/100 brn\n|-unboost|p1b: Maybe Kinda Decent|spe|1\n|move|p2a: Sinistcha|Matcha Gotcha|p1b: Maybe Kinda Decent\n|-resisted|p1b: Maybe Kinda Decent\n|-damage|p1b: Maybe Kinda Decent|66\/100 brn\n|-heal|p2a: Sinistcha|89\/100 brn|[from] drain|[of] p1b: Maybe Kinda Decent\n|move|p1b: Maybe Kinda Decent|Strength Sap||[still]\n|-fail|p1b: Maybe Kinda Decent\n|\n|-damage|p2a: Sinistcha|83\/100 brn|[from] brn\n|-damage|p1b: Maybe Kinda Decent|59\/100 brn|[from] brn\n|upkeep\n|turn|17\n|\n|t:|1700243981\n|move|p2b: Rillaboom|Drum Beating|p1b: Maybe Kinda Decent\n|-resisted|p1b: Maybe Kinda Decent\n|-damage|p1b: Maybe Kinda Decent|55\/100 brn\n|-unboost|p1b: Maybe Kinda Decent|spe|1\n|move|p2a: Sinistcha|Matcha Gotcha|p1b: Maybe Kinda Decent\n|-resisted|p1b: Maybe Kinda Decent\n|-damage|p1b: Maybe Kinda Decent|40\/100 brn\n|-heal|p2a: Sinistcha|90\/100 brn|[from] drain|[of] p1b: Maybe Kinda Decent\n|move|p1b: Maybe Kinda Decent|Life Dew|p1b: Maybe Kinda Decent\n|-heal|p1b: Maybe Kinda Decent|65\/100 brn\n|\n|-damage|p2a: Sinistcha|84\/100 brn|[from] brn\n|-damage|p1b: Maybe Kinda Decent|59\/100 brn|[from] brn\n|upkeep\n|turn|18\n|\n|t:|1700243996\n|move|p2b: Rillaboom|Drum Beating|p1b: Maybe Kinda Decent\n|-resisted|p1b: Maybe Kinda Decent\n|-damage|p1b: Maybe Kinda Decent|54\/100 brn\n|move|p2a: Sinistcha|Matcha Gotcha|p1b: Maybe Kinda Decent\n|-resisted|p1b: Maybe Kinda Decent\n|-damage|p1b: Maybe Kinda Decent|39\/100 brn\n|-heal|p2a: Sinistcha|92\/100 brn|[from] drain|[of] p1b: Maybe Kinda Decent\n|move|p1b: Maybe Kinda Decent|Matcha Gotcha|p2b: Rillaboom|[spread] p2a,p2b\n|-resisted|p2a: Sinistcha\n|-resisted|p2b: Rillaboom\n|-damage|p2a: Sinistcha|77\/100 brn\n|-heal|p1b: Maybe Kinda Decent|47\/100 brn|[from] drain|[of] p2a: Sinistcha\n|-damage|p2b: Rillaboom|67\/100\n|-heal|p1b: Maybe Kinda Decent|51\/100 brn|[from] drain|[of] p2b: Rillaboom\n|\n|-damage|p2a: Sinistcha|71\/100 brn|[from] brn\n|-damage|p1b: Maybe Kinda Decent|45\/100 brn|[from] brn\n|upkeep\n|turn|19\n|\n|t:|1700244014\n|move|p2b: Rillaboom|Drum Beating|p1b: Maybe Kinda Decent\n|-resisted|p1b: Maybe Kinda Decent\n|-damage|p1b: Maybe Kinda Decent|40\/100 brn\n|move|p2a: Sinistcha|Matcha Gotcha|p1b: Maybe Kinda Decent\n|-resisted|p1b: Maybe Kinda Decent\n|-damage|p1b: Maybe Kinda Decent|22\/100 brn\n|-heal|p2a: Sinistcha|80\/100 brn|[from] drain|[of] p1b: Maybe Kinda Decent\n|-enditem|p1b: Maybe Kinda Decent|Aguav Berry|[eat]\n|-heal|p1b: Maybe Kinda Decent|56\/100 brn|[from] item: Aguav Berry\n|move|p1b: Maybe Kinda Decent|Matcha Gotcha|p2a: Sinistcha|[spread] p2a,p2b\n|-resisted|p2a: Sinistcha\n|-resisted|p2b: Rillaboom\n|-damage|p2a: Sinistcha|65\/100 brn\n|-heal|p1b: Maybe Kinda Decent|63\/100 brn|[from] drain|[of] p2a: Sinistcha\n|-damage|p2b: Rillaboom|59\/100\n|-heal|p1b: Maybe Kinda Decent|68\/100 brn|[from] drain|[of] p2b: Rillaboom\n|\n|-damage|p2a: Sinistcha|58\/100 brn|[from] brn\n|-damage|p1b: Maybe Kinda Decent|62\/100 brn|[from] brn\n|upkeep\n|turn|20\n|\n|t:|1700244037\n|move|p2b: Rillaboom|Drum Beating|p1b: Maybe Kinda Decent\n|-resisted|p1b: Maybe Kinda Decent\n|-damage|p1b: Maybe Kinda Decent|58\/100 brn\n|move|p2a: Sinistcha|Strength Sap|p1b: Maybe Kinda Decent\n|-unboost|p1b: Maybe Kinda Decent|atk|1\n|-heal|p2a: Sinistcha|75\/100 brn\n|move|p1b: Maybe Kinda Decent|Matcha Gotcha|p2a: Sinistcha|[spread] p2a,p2b\n|-resisted|p2a: Sinistcha\n|-resisted|p2b: Rillaboom\n|-damage|p2a: Sinistcha|61\/100 brn\n|-heal|p1b: Maybe Kinda Decent|65\/100 brn|[from] drain|[of] p2a: Sinistcha\n|-damage|p2b: Rillaboom|50\/100\n|-heal|p1b: Maybe Kinda Decent|70\/100 brn|[from] drain|[of] p2b: Rillaboom\n|\n|-damage|p2a: Sinistcha|54\/100 brn|[from] brn\n|-damage|p1b: Maybe Kinda Decent|64\/100 brn|[from] brn\n|upkeep\n|turn|21\n|inactive|H_Necromantic has 30 seconds left.\n|\n|t:|1700244054\n|move|p2b: Rillaboom|Drum Beating|p1b: Maybe Kinda Decent\n|-resisted|p1b: Maybe Kinda Decent\n|-damage|p1b: Maybe Kinda Decent|59\/100 brn\n|move|p2a: Sinistcha|Matcha Gotcha|p1b: Maybe Kinda Decent\n|-resisted|p1b: Maybe Kinda Decent\n|-damage|p1b: Maybe Kinda Decent|44\/100 brn\n|-heal|p2a: Sinistcha|62\/100 brn|[from] drain|[of] p1b: Maybe Kinda Decent\n|move|p1b: Maybe Kinda Decent|Matcha Gotcha|p2a: Sinistcha|[spread] p2a,p2b\n|-resisted|p2a: Sinistcha\n|-resisted|p2b: Rillaboom\n|-damage|p2a: Sinistcha|48\/100 brn\n|-heal|p1b: Maybe Kinda Decent|52\/100 brn|[from] drain|[of] p2a: Sinistcha\n|-damage|p2b: Rillaboom|41\/100\n|-heal|p1b: Maybe Kinda Decent|57\/100 brn|[from] drain|[of] p2b: Rillaboom\n|-status|p2b: Rillaboom|brn\n|\n|-damage|p2b: Rillaboom|35\/100 brn|[from] brn\n|-damage|p2a: Sinistcha|42\/100 brn|[from] brn\n|-damage|p1b: Maybe Kinda Decent|50\/100 brn|[from] brn\n|upkeep\n|turn|22\n|inactive|H_Necromantic has 30 seconds left this turn.\n|inactive|H_Necromantic has 20 seconds left.\n|inactive|H_Necromantic has 15 seconds left.\n|inactive|H_Necromantic has 10 seconds left.\n|\n|t:|1700244074\n|move|p2b: Rillaboom|Drum Beating|p1b: Maybe Kinda Decent\n|-resisted|p1b: Maybe Kinda Decent\n|-damage|p1b: Maybe Kinda Decent|49\/100 brn\n|move|p2a: Sinistcha|Matcha Gotcha|p1b: Maybe Kinda Decent\n|-resisted|p1b: Maybe Kinda Decent\n|-damage|p1b: Maybe Kinda Decent|32\/100 brn\n|-heal|p2a: Sinistcha|50\/100 brn|[from] drain|[of] p1b: Maybe Kinda Decent\n|move|p1b: Maybe Kinda Decent|Matcha Gotcha|p2b: Rillaboom|[spread] p2a,p2b\n|-resisted|p2a: Sinistcha\n|-resisted|p2b: Rillaboom\n|-damage|p2a: Sinistcha|36\/100 brn\n|-heal|p1b: Maybe Kinda Decent|39\/100 brn|[from] drain|[of] p2a: Sinistcha\n|-damage|p2b: Rillaboom|26\/100 brn\n|-heal|p1b: Maybe Kinda Decent|44\/100 brn|[from] drain|[of] p2b: Rillaboom\n|\n|-damage|p2b: Rillaboom|20\/100 brn|[from] brn\n|-damage|p2a: Sinistcha|30\/100 brn|[from] brn\n|-damage|p1b: Maybe Kinda Decent|38\/100 brn|[from] brn\n|upkeep\n|turn|23\n|inactive|H_Necromantic has 10 seconds left this turn.\n|inactive|H_Necromantic has 5 seconds left.\n|c|\u2606H_Necromantic|this is ludicrus\n|-message|H_Necromantic lost due to inactivity.\n|\n|win|Comett7778\n|raw|Comett7778's rating: 1101 &rarr; <strong>1120<\/strong><br \/>(+19 for winning)\n|raw|H_Necromantic's rating: 1014 &rarr; <strong>1005<\/strong><br \/>(-9 for losing)\n|c|\u2606Comett7778|Yay!\n|c|\u2606H_Necromantic|gg\n","uploadtime":1700244095,"views":10,"p1id":"comett7778","p2id":"hnecromantic","formatid":"gen9vgc2023regulatione","rating":1005,"private":0,"password":""}