{"id":"gen9vgc2023regulatione-1990754122","p1":"lilbitybaby","p2":"NSFH","format":"[Gen 9] VGC 2023 Regulation E","log":"|j|\u2606lilbitybaby\n|j|\u2606NSFH\n|t:|1699997685\n|gametype|doubles\n|player|p1|lilbitybaby|1|1490\n|player|p2|NSFH|ghetsis|1398\n|teamsize|p1|6\n|teamsize|p2|6\n|gen|9\n|tier|[Gen 9] VGC 2023 Regulation E\n|rated|\n|rule|Species Clause: Limit one of each Pok\u00e9mon\n|rule|Item Clause: Limit one of each item\n|clearpoke\n|poke|p1|Moltres-Galar, L50|\n|poke|p1|Grimmsnarl, L50, M|\n|poke|p1|Urshifu-*, L50, M|\n|poke|p1|Sinistcha, L50|\n|poke|p1|Arcanine-Hisui, L50, F|\n|poke|p1|Goodra-Hisui, L50, M|\n|poke|p2|Weezing, L50, F|\n|poke|p2|Roaring Moon, L50|\n|poke|p2|Landorus-Therian, L50, M|\n|poke|p2|Iron Hands, L50|\n|poke|p2|Tornadus, L50, M|\n|poke|p2|Urshifu-*, L50, F|\n|teampreview|4\n|inactive|Battle timer is ON: inactive players will automatically lose when time's up. (requested by NSFH)\n|\n|t:|1699997765\n|start\n|switch|p1a: Grimmsnarl|Grimmsnarl, L50, M, shiny|100\/100\n|switch|p1b: Moltres|Moltres-Galar, L50|100\/100\n|switch|p2a: Weezing|Weezing, L50, F, shiny|100\/100\n|switch|p2b: Iron Hands|Iron Hands, L50|100\/100\n|-ability|p2a: Weezing|Neutralizing Gas\n|turn|1\n|inactive|lilbitybaby has 30 seconds left.\n|inactive|NSFH has 30 seconds left.\n|inactive|lilbitybaby has 20 seconds left.\n|inactive|lilbitybaby has 15 seconds left.\n|\n|t:|1699997806\n|move|p1b: Moltres|Protect|p1b: Moltres\n|-singleturn|p1b: Moltres|Protect\n|move|p2a: Weezing|Protect|p2a: Weezing\n|-singleturn|p2a: Weezing|Protect\n|move|p1a: Grimmsnarl|Reflect|p1a: Grimmsnarl\n|-sidestart|p1: lilbitybaby|Reflect\n|move|p2b: Iron Hands|Heavy Slam|p1a: Grimmsnarl\n|-supereffective|p1a: Grimmsnarl\n|-damage|p1a: Grimmsnarl|31\/100\n|\n|upkeep\n|turn|2\n|inactive|lilbitybaby has 30 seconds left.\n|inactive|lilbitybaby has 20 seconds left.\n|inactive|lilbitybaby has 15 seconds left.\n|\n|t:|1699997850\n|move|p1b: Moltres|Nasty Plot|p1b: Moltres\n|-boost|p1b: Moltres|spa|2\n|move|p1a: Grimmsnarl|Parting Shot|p2b: Iron Hands\n|-unboost|p2b: Iron Hands|atk|1\n|-unboost|p2b: Iron Hands|spa|1\n|\n|t:|1699997859\n|switch|p1a: Arcanine|Arcanine-Hisui, L50, F|100\/100|[from] Parting Shot\n|move|p2a: Weezing|Taunt|p1a: Arcanine\n|-start|p1a: Arcanine|move: Taunt\n|move|p2b: Iron Hands|Thunder Punch|p1b: Moltres\n|-supereffective|p1b: Moltres\n|-damage|p1b: Moltres|63\/100\n|\n|upkeep\n|turn|3\n|inactive|lilbitybaby has 30 seconds left.\n|inactive|lilbitybaby has 20 seconds left.\n|inactive|lilbitybaby has 15 seconds left.\n|inactive|lilbitybaby has 10 seconds left.\n|\n|t:|1699997908\n|-end|p2b: Iron Hands|Quark Drive|[silent]\n|switch|p2b: Tornadus|Tornadus, L50, M|100\/100\n|-terastallize|p1b: Moltres|Poison\n|move|p2a: Weezing|Protect|p2a: Weezing\n|-singleturn|p2a: Weezing|Protect\n|move|p1a: Arcanine|Flare Blitz|p2a: Weezing\n|-activate|p2a: Weezing|move: Protect\n|move|p1b: Moltres|Air Slash|p2a: Weezing\n|-activate|p2a: Weezing|move: Protect\n|\n|upkeep\n|turn|4\n|inactive|NSFH has 30 seconds left.\n|inactive|NSFH has 20 seconds left.\n|\n|t:|1699997948\n|-end|p2a: Weezing|ability: Neutralizing Gas\n|-ability|p1a: Arcanine|Intimidate|boost\n|-unboost|p2a: Weezing|atk|1\n|-unboost|p2b: Tornadus|atk|1\n|switch|p2a: Iron Hands|Iron Hands, L50|100\/100\n|move|p2b: Tornadus|Rain Dance|p2b: Tornadus\n|-weather|RainDance\n|move|p1a: Arcanine|Rock Slide|p2b: Tornadus|[spread] p2a\n|-miss|p1a: Arcanine|p2b: Tornadus\n|-resisted|p2a: Iron Hands\n|-damage|p2a: Iron Hands|90\/100\n|move|p1b: Moltres|Fiery Wrath|p2b: Tornadus|[spread] p2a,p2b\n|-resisted|p2a: Iron Hands\n|-damage|p2a: Iron Hands|72\/100\n|-damage|p2b: Tornadus|34\/100\n|\n|-weather|RainDance|[upkeep]\n|-end|p1a: Arcanine|move: Taunt\n|upkeep\n|turn|5\n|inactive|lilbitybaby has 30 seconds left.\n|inactive|lilbitybaby has 20 seconds left.\n|inactive|lilbitybaby has 15 seconds left.\n|\n|t:|1699997992\n|switch|p1a: Sinistcha|Sinistcha, L50|100\/100\n|-heal|p1b: Moltres|88\/100|[from] ability: Hospitality|[of] p1a: Sinistcha\n|move|p1b: Moltres|Protect|p1b: Moltres\n|-singleturn|p1b: Moltres|Protect\n|move|p2b: Tornadus|Tailwind|p2b: Tornadus\n|-sidestart|p2: NSFH|move: Tailwind\n|move|p2a: Iron Hands|Drain Punch|p1a: Sinistcha\n|-immune|p1a: Sinistcha\n|\n|-weather|RainDance|[upkeep]\n|upkeep\n|turn|6\n|inactive|NSFH has 30 seconds left.\n|inactive|lilbitybaby has 30 seconds left.\n|inactive|lilbitybaby has 20 seconds left.\n|\n|t:|1699998033\n|move|p2b: Tornadus|Bleakwind Storm|p1b: Moltres|[spread] p1a,p1b\n|-supereffective|p1a: Sinistcha\n|-damage|p1a: Sinistcha|42\/100\n|-damage|p1b: Moltres|64\/100\n|-unboost|p1a: Sinistcha|spe|1\n|-unboost|p1b: Moltres|spe|1\n|move|p2a: Iron Hands|Heavy Slam|p1a: Sinistcha\n|-damage|p1a: Sinistcha|18\/100\n|-damage|p2a: Iron Hands|56\/100|[from] item: Rocky Helmet|[of] p1a: Sinistcha\n|move|p1b: Moltres|Air Slash|p2a: Iron Hands\n|-damage|p2a: Iron Hands|10\/100\n|move|p1a: Sinistcha|Trick Room|p1a: Sinistcha\n|-fieldstart|move: Trick Room|[of] p1a: Sinistcha\n|\n|-weather|RainDance|[upkeep]\n|upkeep\n|turn|7\n|c|\u2606NSFH|gg\n|c|\u2606lilbitybaby|gg\n|inactive|NSFH has 30 seconds left.\n|\n|t:|1699998062\n|move|p1a: Sinistcha|Strength Sap|p2a: Iron Hands\n|-unboost|p2a: Iron Hands|atk|1\n|-heal|p1a: Sinistcha|100\/100\n|move|p1b: Moltres|Fiery Wrath|p2a: Iron Hands|[spread] p2a,p2b\n|-resisted|p2a: Iron Hands\n|-damage|p2a: Iron Hands|0 fnt\n|-damage|p2b: Tornadus|0 fnt\n|faint|p2a: Iron Hands\n|-end|p2a: Iron Hands|Quark Drive|[silent]\n|faint|p2b: Tornadus\n|\n|-weather|RainDance|[upkeep]\n|upkeep\n|c|\u2606lilbitybaby|weezing is so cool\n|c|\u2606lilbitybaby|and hard to play around\n|c|\u2606NSFH|indeed\n|c|\u2606NSFH|he is very cool and unpredictable\n|inactive|NSFH has 30 seconds left.\n|c|\u2606lilbitybaby|yeah. i want to make a weezing team soon\n|c|\u2606NSFH|i played bad but not mad, you were smart\n|inactive|NSFH has 20 seconds left.\n|c|\u2606NSFH|gg\n|inactive|NSFH has 15 seconds left.\n|c|\u2606lilbitybaby|it's all good, I know the feeling\n|c|\u2606lilbitybaby|if it makes you feel any better\n|inactive|NSFH has 10 seconds left.\n|\n|t:|1699998110\n|switch|p2a: Panda Man|Urshifu-Rapid-Strike, L50, F|100\/100\n|switch|p2b: Weezing|Weezing, L50, F, shiny|100\/100\n|-ability|p2b: Weezing|Neutralizing Gas\n|turn|8\n|c|\u2606lilbitybaby|I think I'm about to hit 1500 ELO for the first time\n|c|\u2606lilbitybaby|if I win\n|c|\u2606NSFH|oh super cool\n|c|\u2606NSFH|I will gladly step down then haha\n|c|\u2606lilbitybaby|haha\n|c|\u2606NSFH|gg\n|c|\u2606lilbitybaby|gg mate\n|inactive|lilbitybaby has 30 seconds left.\n|inactive|NSFH has 30 seconds left.\n|-message|NSFH forfeited.\n|\n|win|lilbitybaby\n|raw|lilbitybaby's rating: 1490 &rarr; <strong>1505<\/strong><br \/>(+15 for winning)\n|raw|NSFH's rating: 1398 &rarr; <strong>1383<\/strong><br \/>(-15 for losing)\n|c|\u2606lilbitybaby|1505 :)\n|c|\u2606NSFH|noice\n|l|\u2606NSFH\n|c|\u2606lilbitybaby|have a good one!\n","uploadtime":1699998159,"views":21,"p1id":"lilbitybaby","p2id":"nsfh","formatid":"gen9vgc2023regulatione","rating":1383,"private":0,"password":""}