{"id":"gen9vgc2023regulatione-1995751763","p1":"KAIRYU D.69","p2":"assprinatschool","format":"[Gen 9] VGC 2023 Regulation E","log":"|j|\u2606KAIRYU D.69\n|j|\u2606assprinatschool\n|t:|1700599792\n|gametype|doubles\n|player|p1|KAIRYU D.69|lance|1366\n|player|p2|assprinatschool|mira|1333\n|teamsize|p1|6\n|teamsize|p2|6\n|gen|9\n|tier|[Gen 9] VGC 2023 Regulation E\n|rated|\n|rule|Species Clause: Limit one of each Pok\u00e9mon\n|rule|Item Clause: Limit one of each item\n|clearpoke\n|poke|p1|Weezing, L50, F|\n|poke|p1|Roaring Moon, L50|\n|poke|p1|Iron Hands, L50|\n|poke|p1|Sinistcha-Masterpiece, L50|\n|poke|p1|Ogerpon-Hearthflame, L50, F|\n|poke|p1|Arcanine-Hisui, L50, F|\n|poke|p2|Tauros-Paldea-Blaze, L50, M|\n|poke|p2|Flutter Mane, L50|\n|poke|p2|Tornadus, L50, M|\n|poke|p2|Ogerpon-Wellspring, L50, F|\n|poke|p2|Landorus-Therian, L50, M|\n|poke|p2|Kingambit, L50, M|\n|teampreview|4\nassprinatschool has agreed to open team sheets.\n|\n|t:|1700599829\n|start\n|switch|p1a: Roaring Moon|Roaring Moon, L50, shiny|100\/100\n|switch|p1b: Weezing|Weezing, L50, F, shiny|100\/100\n|switch|p2a: Kingambit|Kingambit, L50, M|100\/100\n|switch|p2b: Tornadus|Tornadus, L50, M|100\/100\n|-ability|p1b: Weezing|Neutralizing Gas\n|-enditem|p1a: Roaring Moon|Booster Energy\n|-activate|p1a: Roaring Moon|ability: Protosynthesis|[fromitem]\n|-start|p1a: Roaring Moon|protosynthesisspe\n|turn|1\n|\n|t:|1700599853\n|move|p2a: Kingambit|Protect|p2a: Kingambit\n|-singleturn|p2a: Kingambit|Protect\n|move|p1a: Roaring Moon|Tailwind|p1a: Roaring Moon\n|-sidestart|p1: KAIRYU D.69|move: Tailwind\n|move|p1b: Weezing|Will-O-Wisp|p2a: Kingambit\n|-activate|p2a: Kingambit|move: Protect\n|move|p2b: Tornadus|Tailwind|p2b: Tornadus\n|-sidestart|p2: assprinatschool|move: Tailwind\n|\n|upkeep\n|turn|2\n|\n|t:|1700599875\n|move|p1a: Roaring Moon|Knock Off|p2a: Kingambit\n|-resisted|p2a: Kingambit\n|-damage|p2a: Kingambit|82\/100\n|-enditem|p2a: Kingambit|Black Glasses|[from] move: Knock Off|[of] p1a: Roaring Moon\n|move|p2b: Tornadus|Taunt|p1b: Weezing\n|-start|p1b: Weezing|move: Taunt\n|move|p1b: Weezing|Sludge Bomb|p2b: Tornadus\n|-damage|p2b: Tornadus|70\/100\n|move|p2a: Kingambit|Swords Dance|p2a: Kingambit\n|-boost|p2a: Kingambit|atk|2\n|\n|upkeep\n|turn|3\n|\n|t:|1700599903\n|-end|p1b: Weezing|ability: Neutralizing Gas\n|switch|p1b: Iron Hands|Iron Hands, L50, shiny|100\/100\n|-terastallize|p2a: Kingambit|Dark\n|move|p1a: Roaring Moon|Knock Off|p2b: Tornadus\n|-damage|p2b: Tornadus|21\/100\n|-enditem|p2b: Tornadus|Covert Cloak|[from] move: Knock Off|[of] p1a: Roaring Moon\n|move|p2b: Tornadus|Bleakwind Storm|p1a: Roaring Moon|[spread] p1a,p1b\n|-damage|p1a: Roaring Moon|67\/100\n|-damage|p1b: Iron Hands|84\/100\n|-unboost|p1b: Iron Hands|spe|1\n|move|p2a: Kingambit|Kowtow Cleave|p1a: Roaring Moon\n|-resisted|p1a: Roaring Moon\n|-damage|p1a: Roaring Moon|0 fnt\n|faint|p1a: Roaring Moon\n|-end|p1a: Roaring Moon|Protosynthesis|[silent]\n|\n|upkeep\n|\n|t:|1700599923\n|switch|p1a: Weezing|Weezing, L50, F, shiny|100\/100\n|-ability|p1a: Weezing|Neutralizing Gas\n|turn|4\n|\n|t:|1700599947\n|switch|p2b: Landorus|Landorus-Therian, L50, M|100\/100\n|move|p2a: Kingambit|Protect|p2a: Kingambit\n|-singleturn|p2a: Kingambit|Protect\n|move|p1b: Iron Hands|Fake Out|p2b: Landorus\n|-damage|p2b: Landorus|83\/100\n|move|p1a: Weezing|Sludge Bomb|p2b: Landorus\n|-resisted|p2b: Landorus\n|-damage|p2b: Landorus|67\/100\n|\n|-sideend|p1: KAIRYU D.69|move: Tailwind\n|-sideend|p2: assprinatschool|move: Tailwind\n|upkeep\n|turn|5\n|\n|t:|1700599968\n|move|p1a: Weezing|Protect|p1a: Weezing\n|-singleturn|p1a: Weezing|Protect\n|move|p2b: Landorus|Stomping Tantrum|p1b: Iron Hands\n|-supereffective|p1b: Iron Hands\n|-damage|p1b: Iron Hands|24\/100\n|move|p2a: Kingambit|Kowtow Cleave|p1b: Iron Hands\n|-resisted|p1b: Iron Hands\n|-damage|p1b: Iron Hands|0 fnt\n|faint|p1b: Iron Hands\n|-end|p1b: Iron Hands|Quark Drive|[silent]\n|\n|upkeep\n|\n|t:|1700599979\n|switch|p1b: Sinistcha|Sinistcha-Masterpiece, L50|100\/100\n|turn|6\n|\n|t:|1700599989\n|-terastallize|p1b: Sinistcha|Fairy\n|move|p2b: Landorus|Stomping Tantrum|p1a: Weezing\n|-supereffective|p1a: Weezing\n|-damage|p1a: Weezing|20\/100\n|-enditem|p1a: Weezing|Sitrus Berry|[eat]\n|-heal|p1a: Weezing|45\/100|[from] item: Sitrus Berry\n|move|p1b: Sinistcha|Matcha Gotcha|p2a: Kingambit|[spread] p2a,p2b\n|-damage|p2a: Kingambit|63\/100\n|-damage|p2b: Landorus|40\/100\n|move|p1a: Weezing|Will-O-Wisp|p2a: Kingambit\n|-status|p2a: Kingambit|brn\n|move|p2a: Kingambit|Kowtow Cleave|p1a: Weezing\n|-damage|p1a: Weezing|0 fnt\n|faint|p1a: Weezing\n|-end|p1a: Weezing|ability: Neutralizing Gas\n|-ability|p2b: Landorus|Intimidate|boost\n|-unboost|p1b: Sinistcha|atk|1\n|\n|-damage|p2a: Kingambit|57\/100 brn|[from] brn\n|upkeep\n|turn|7\n|\n|t:|1700600019\n|move|p2b: Landorus|Stomping Tantrum|p1b: Sinistcha\n|-damage|p1b: Sinistcha|57\/100\n|move|p1b: Sinistcha|Matcha Gotcha|p2a: Kingambit|[spread] p2a,p2b\n|-damage|p2a: Kingambit|33\/100 brn\n|-heal|p1b: Sinistcha|70\/100|[from] drain|[of] p2a: Kingambit\n|-damage|p2b: Landorus|13\/100\n|-heal|p1b: Sinistcha|84\/100|[from] drain|[of] p2b: Landorus\n|move|p2a: Kingambit|Kowtow Cleave|p1b: Sinistcha\n|-resisted|p1b: Sinistcha\n|-damage|p1b: Sinistcha|54\/100\n|\n|-heal|p1b: Sinistcha|60\/100|[from] item: Leftovers\n|-damage|p2a: Kingambit|27\/100 brn|[from] brn\n|upkeep\n|turn|8\n|\n|t:|1700600045\n|move|p2b: Landorus|Stomping Tantrum|p1b: Sinistcha\n|-damage|p1b: Sinistcha|18\/100\n|move|p1b: Sinistcha|Strength Sap|p2b: Landorus\n|-unboost|p2b: Landorus|atk|1\n|-heal|p1b: Sinistcha|100\/100\n|move|p2a: Kingambit|Kowtow Cleave|p1b: Sinistcha\n|-resisted|p1b: Sinistcha\n|-damage|p1b: Sinistcha|72\/100\n|\n|-heal|p1b: Sinistcha|78\/100|[from] item: Leftovers\n|-damage|p2a: Kingambit|21\/100 brn|[from] brn\n|upkeep\n|turn|9\n|\n|t:|1700600059\n|move|p2b: Landorus|Stomping Tantrum|p1b: Sinistcha\n|-damage|p1b: Sinistcha|47\/100\n|move|p1b: Sinistcha|Matcha Gotcha|p2a: Kingambit|[spread] p2a,p2b\n|-crit|p2b: Landorus\n|-damage|p2a: Kingambit|0 fnt\n|-heal|p1b: Sinistcha|59\/100|[from] drain|[of] p2a: Kingambit\n|-damage|p2b: Landorus|0 fnt\n|-heal|p1b: Sinistcha|65\/100|[from] drain|[of] p2b: Landorus\n|faint|p2a: Kingambit\n|faint|p2b: Landorus\n|\n|-heal|p1b: Sinistcha|71\/100|[from] item: Leftovers\n|upkeep\n|\n|t:|1700600067\n|switch|p2b: Ogerpon|Ogerpon-Wellspring, L50, F|100\/100\n|switch|p2a: Tornadus|Tornadus, L50, M|21\/100\n|turn|10\n|\n|t:|1700600088\n|move|p2a: Tornadus|Rain Dance|p2a: Tornadus\n|-weather|RainDance\n|move|p2b: Ogerpon|Ivy Cudgel|p1b: Sinistcha|[anim] Ivy Cudgel Water\n|-damage|p1b: Sinistcha|0 fnt\n|faint|p1b: Sinistcha\n|\n|win|assprinatschool\n|raw|KAIRYU D.69's rating: 1366 &rarr; <strong>1344<\/strong><br \/>(-22 for losing)\n|raw|assprinatschool's rating: 1333 &rarr; <strong>1355<\/strong><br \/>(+22 for winning)\n|l|\u2606KAIRYU D.69\n","uploadtime":1700600103,"views":7,"p1id":"kairyud69","p2id":"assprinatschool","formatid":"gen9vgc2023regulatione","rating":1344,"private":0,"password":""}