{"id":"gen9vgc2023regulatione-1994538005","p1":"tetora115","p2":"PhantomOrionVgc","format":"[Gen 9] VGC 2023 Regulation E","log":"|j|\u2606tetora115\n|j|\u2606PhantomOrionVgc\n|t:|1700456381\n|gametype|doubles\n|player|p1|tetora115|psychicf|1344\n|player|p2|PhantomOrionVgc|caitlin-masters|1320\n|teamsize|p1|6\n|teamsize|p2|6\n|gen|9\n|tier|[Gen 9] VGC 2023 Regulation E\n|rated|\n|rule|Species Clause: Limit one of each Pok\u00e9mon\n|rule|Item Clause: Limit one of each item\n|clearpoke\n|poke|p1|Kommo-o, L50, M|\n|poke|p1|Sinistcha-Masterpiece, L50|\n|poke|p1|Rillaboom, L50, M|\n|poke|p1|Ursaluna-Bloodmoon, L50, M|\n|poke|p1|Grimmsnarl, L50, M|\n|poke|p1|Heatran, L50, F|\n|poke|p2|Ninetales-Alola, L50, F|\n|poke|p2|Roaring Moon, L50|\n|poke|p2|Flutter Mane, L50|\n|poke|p2|Landorus-Therian, L50, M|\n|poke|p2|Iron Hands, L50|\n|poke|p2|Heatran, L50, F|\n|teampreview|4\nPhantomOrionVgc has agreed to open team sheets.\n|\n|t:|1700456420\n|start\n|switch|p1a: Grimmsnarl|Grimmsnarl, L50, M|100\/100\n|switch|p1b: Kommo-o|Kommo-o, L50, M|100\/100\n|switch|p2a: Heatran|Heatran, L50, F|100\/100\n|switch|p2b: Iron Hands|Iron Hands, L50|100\/100\n|turn|1\n|\n|t:|1700456434\n|move|p1a: Grimmsnarl|Fake Out|p2b: Iron Hands\n|-damage|p2b: Iron Hands|94\/100\n|cant|p2b: Iron Hands|flinch\n|move|p1b: Kommo-o|Clangorous Soul|p1b: Kommo-o\n|-boost|p1b: Kommo-o|atk|1\n|-boost|p1b: Kommo-o|def|1\n|-boost|p1b: Kommo-o|spa|1\n|-boost|p1b: Kommo-o|spd|1\n|-boost|p1b: Kommo-o|spe|1\n|-damage|p1b: Kommo-o|68\/100\n|move|p2a: Heatran|Flash Cannon|p1a: Grimmsnarl\n|-supereffective|p1a: Grimmsnarl\n|-damage|p1a: Grimmsnarl|13\/100\n|\n|upkeep\n|turn|2\n|\n|t:|1700456464\n|move|p2a: Heatran|Protect|p2a: Heatran\n|-singleturn|p2a: Heatran|Protect\n|move|p1a: Grimmsnarl|Reflect|p1a: Grimmsnarl\n|-sidestart|p1: tetora115|Reflect\n|move|p1b: Kommo-o|Drain Punch|p2a: Heatran\n|-activate|p2a: Heatran|move: Protect\n|move|p2b: Iron Hands|Heavy Slam|p1a: Grimmsnarl\n|-supereffective|p1a: Grimmsnarl\n|-damage|p1a: Grimmsnarl|0 fnt\n|faint|p1a: Grimmsnarl\n|\n|upkeep\n|\n|t:|1700456472\n|switch|p1a: Sinistcha|Sinistcha-Masterpiece, L50|100\/100\n|-heal|p1b: Kommo-o|93\/100|[from] ability: Hospitality|[of] p1a: Sinistcha\n|turn|3\n|\n|t:|1700456494\n|switch|p2a: Flutter Mane|Flutter Mane, L50|100\/100\n|-end|p2b: Iron Hands|Quark Drive|[silent]\n|switch|p2b: Ninetales|Ninetales-Alola, L50, F|100\/100\n|-weather|Snow|[from] ability: Snow Warning|[of] p2b: Ninetales\n|move|p1b: Kommo-o|Drain Punch|p2a: Flutter Mane\n|-immune|p2a: Flutter Mane\n|move|p1a: Sinistcha|Calm Mind|p1a: Sinistcha\n|-boost|p1a: Sinistcha|spa|1\n|-boost|p1a: Sinistcha|spd|1\n|\n|-weather|Snow|[upkeep]\n|upkeep\n|turn|4\n|\n|t:|1700456521\n|-terastallize|p2b: Ninetales|Ghost\n|-terastallize|p1a: Sinistcha|Water\n|move|p1b: Kommo-o|Iron Head|p2a: Flutter Mane\n|-supereffective|p2a: Flutter Mane\n|-damage|p2a: Flutter Mane|0 fnt\n|faint|p2a: Flutter Mane\n|-end|p2a: Flutter Mane|Protosynthesis|[silent]\n|move|p2b: Ninetales|Moonblast|p1b: Kommo-o\n|-supereffective|p1b: Kommo-o\n|-damage|p1b: Kommo-o|3\/100\n|move|p1a: Sinistcha|Matcha Gotcha|p2b: Ninetales\n|-damage|p2b: Ninetales|51\/100\n|\n|-weather|Snow|[upkeep]\n|upkeep\n|\n|t:|1700456526\n|switch|p2a: Iron Hands|Iron Hands, L50|94\/100\n|turn|5\n|\n|t:|1700456542\n|move|p1b: Kommo-o|Protect|p1b: Kommo-o\n|-singleturn|p1b: Kommo-o|Protect\n|move|p2a: Iron Hands|Fake Out|p1b: Kommo-o\n|-activate|p1b: Kommo-o|move: Protect\n|move|p2b: Ninetales|Aurora Veil|p2b: Ninetales\n|-sidestart|p2: PhantomOrionVgc|move: Aurora Veil\n|move|p1a: Sinistcha|Matcha Gotcha|p2b: Ninetales|[spread] p2a,p2b\n|-damage|p2a: Iron Hands|77\/100\n|-damage|p2b: Ninetales|28\/100\n|\n|-weather|Snow|[upkeep]\n|upkeep\n|turn|6\n|\n|t:|1700456581\n|move|p1b: Kommo-o|Drain Punch|p2a: Iron Hands\n|-damage|p2a: Iron Hands|52\/100\n|-heal|p1b: Kommo-o|25\/100|[from] drain|[of] p2a: Iron Hands\n|move|p2b: Ninetales|Icy Wind|p1b: Kommo-o|[spread] p1a,p1b\n|-resisted|p1a: Sinistcha\n|-supereffective|p1b: Kommo-o\n|-damage|p1a: Sinistcha|95\/100\n|-damage|p1b: Kommo-o|8\/100\n|-unboost|p1a: Sinistcha|spe|1\n|move|p2a: Iron Hands|Drain Punch|p1b: Kommo-o\n|-damage|p1b: Kommo-o|0 fnt\n|-heal|p2a: Iron Hands|55\/100|[from] drain|[of] p1b: Kommo-o\n|faint|p1b: Kommo-o\n|move|p1a: Sinistcha|Trick Room|p1a: Sinistcha\n|-fieldstart|move: Trick Room|[of] p1a: Sinistcha\n|\n|-weather|Snow|[upkeep]\n|upkeep\n|\n|t:|1700456598\n|switch|p1b: Ursaluna|Ursaluna-Bloodmoon, L50, M|100\/100\n|turn|7\n|\n|t:|1700456618\n|move|p2a: Iron Hands|Wild Charge|p1a: Sinistcha\n|-supereffective|p1a: Sinistcha\n|-damage|p1a: Sinistcha|39\/100\n|-enditem|p1a: Sinistcha|Sitrus Berry|[eat]\n|-heal|p1a: Sinistcha|64\/100|[from] item: Sitrus Berry\n|-damage|p2a: Iron Hands|45\/100|[from] Recoil\n|move|p1b: Ursaluna|Blood Moon|p2a: Iron Hands\n|-damage|p2a: Iron Hands|4\/100\n|move|p1a: Sinistcha|Matcha Gotcha|p2a: Iron Hands|[spread] p2a,p2b\n|-damage|p2a: Iron Hands|0 fnt\n|-heal|p1a: Sinistcha|67\/100|[from] drain|[of] p2a: Iron Hands\n|-damage|p2b: Ninetales|6\/100\n|-heal|p1a: Sinistcha|77\/100|[from] drain|[of] p2b: Ninetales\n|-status|p2b: Ninetales|brn\n|faint|p2a: Iron Hands\n|-end|p2a: Iron Hands|Quark Drive|[silent]\n|move|p2b: Ninetales|Moonblast|p1b: Ursaluna\n|-damage|p1b: Ursaluna|71\/100\n|\n|-weather|none\n|-damage|p2b: Ninetales|0 fnt|[from] brn\n|faint|p2b: Ninetales\n|upkeep\n|\n|t:|1700456628\n|switch|p2b: Heatran|Heatran, L50, F|100\/100\n|turn|8\n|\n|t:|1700456644\n|move|p1b: Ursaluna|Protect|p1b: Ursaluna\n|-singleturn|p1b: Ursaluna|Protect\n|move|p1a: Sinistcha|Matcha Gotcha|p2b: Heatran\n|-resisted|p2b: Heatran\n|-damage|p2b: Heatran|93\/100\n|-heal|p1a: Sinistcha|81\/100|[from] drain|[of] p2b: Heatran\n|move|p2b: Heatran|Heat Wave|p1b: Ursaluna|[spread] p1a\n|-activate|p1b: Ursaluna|move: Protect\n|-resisted|p1a: Sinistcha\n|-damage|p1a: Sinistcha|67\/100\n|\n|-heal|p2b: Heatran|99\/100|[from] item: Leftovers\n|upkeep\n|turn|9\n|-message|PhantomOrionVgc forfeited.\n|\n|win|tetora115\n|raw|tetora115's rating: 1344 &rarr; <strong>1363<\/strong><br \/>(+19 for winning)\n|raw|PhantomOrionVgc's rating: 1320 &rarr; <strong>1301<\/strong><br \/>(-19 for losing)\n","uploadtime":1700456656,"views":7,"p1id":"tetora115","p2id":"phantomorionvgc","formatid":"gen9vgc2023regulatione","rating":1301,"private":0,"password":""}