{"id":"gen9vgc2023regulatione-1999106261","p1":"Yusha77","p2":"the hoe battle","format":"[Gen 9] VGC 2023 Regulation E","log":"|j|\u2606Yusha77\n|j|\u2606the hoe battle\n|t:|1701033785\n|gametype|doubles\n|player|p1|Yusha77|rosa|1115\n|player|p2|the hoe battle|winona|1211\n|teamsize|p1|6\n|teamsize|p2|6\n|gen|9\n|tier|[Gen 9] VGC 2023 Regulation E\n|rated|\n|rule|Species Clause: Limit one of each Pok\u00e9mon\n|rule|Item Clause: Limit one of each item\n|clearpoke\n|poke|p1|Glastrier, L50|\n|poke|p1|Hatterene, L50, F|\n|poke|p1|Ursaluna-Bloodmoon, L50, M|\n|poke|p1|Iron Hands, L50|\n|poke|p1|Torkoal, L50, F|\n|poke|p1|Lilligant-Hisui, L50, F|\n|poke|p2|Landorus-Therian, L50, M|\n|poke|p2|Farigiraf, L50, F|\n|poke|p2|Iron Hands, L50|\n|poke|p2|Ogerpon-Wellspring, L50, F|\n|poke|p2|Grimmsnarl, L50, M|\n|poke|p2|Spectrier, L50|\n|teampreview|4\n|inactive|Battle timer is ON: inactive players will automatically lose when time's up. (requested by Yusha77)\n|\n|t:|1701033834\n|start\n|switch|p1a: Torkoal|Torkoal, L50, F|100\/100\n|switch|p1b: Lilligant|Lilligant-Hisui, L50, F|100\/100\n|switch|p2a: Landorus|Landorus-Therian, L50, M|100\/100\n|switch|p2b: Farigiraf|Farigiraf, L50, F|100\/100\n|-ability|p2a: Landorus|Intimidate|boost\n|-unboost|p1a: Torkoal|atk|1\n|-unboost|p1b: Lilligant|atk|1\n|-weather|SunnyDay|[from] ability: Drought|[of] p1a: Torkoal\n|turn|1\n|\n|t:|1701033848\n|move|p1b: Lilligant|After You|p1a: Torkoal\n|-activate|p1a: Torkoal|move: After You\n|move|p1a: Torkoal|Eruption|p2a: Landorus|[spread] p2a,p2b\n|-damage|p2a: Landorus|0 fnt\n|-damage|p2b: Farigiraf|9\/100\n|faint|p2a: Landorus\n|move|p2b: Farigiraf|Dazzling Gleam|p1b: Lilligant|[spread] p1a,p1b\n|-resisted|p1a: Torkoal\n|-supereffective|p1b: Lilligant\n|-damage|p1a: Torkoal|89\/100\n|-damage|p1b: Lilligant|51\/100\n|\n|-weather|SunnyDay|[upkeep]\n|upkeep\n|\n|t:|1701033858\n|switch|p2a: Iron Hands|Iron Hands, L50|100\/100\n|turn|2\n|\n|t:|1701033868\n|move|p2a: Iron Hands|Fake Out|p1b: Lilligant\n|-damage|p1b: Lilligant|27\/100\n|cant|p1b: Lilligant|flinch\n|move|p2b: Farigiraf|Psychic|p1b: Lilligant\n|-supereffective|p1b: Lilligant\n|-damage|p1b: Lilligant|0 fnt\n|faint|p1b: Lilligant\n|move|p1a: Torkoal|Heat Wave|p2b: Farigiraf|[spread] p2b\n|-miss|p1a: Torkoal|p2a: Iron Hands\n|-damage|p2b: Farigiraf|0 fnt\n|faint|p2b: Farigiraf\n|\n|-weather|SunnyDay|[upkeep]\n|upkeep\n|\n|t:|1701033883\n|switch|p1b: Hatterene|Hatterene, L50, F|100\/100\n|switch|p2b: Spectrier|Spectrier, L50|100\/100\n|turn|3\n|\n|t:|1701033893\n|-terastallize|p1b: Hatterene|Water\n|move|p1a: Torkoal|Protect|p1a: Torkoal\n|-singleturn|p1a: Torkoal|Protect\n|move|p2b: Spectrier|Nasty Plot|p2b: Spectrier\n|-boost|p2b: Spectrier|spa|2\n|move|p2a: Iron Hands|Heavy Slam|p1b: Hatterene\n|-resisted|p1b: Hatterene\n|-damage|p1b: Hatterene|77\/100\n|move|p1b: Hatterene|Trick Room|p1b: Hatterene\n|-fieldstart|move: Trick Room|[of] p1b: Hatterene\n|\n|-weather|SunnyDay|[upkeep]\n|upkeep\n|turn|4\n|\n|t:|1701033910\n|-terastallize|p2b: Spectrier|Fairy\n|move|p1b: Hatterene|Helping Hand|p1a: Torkoal\n|-singleturn|p1a: Torkoal|Helping Hand|[of] p1b: Hatterene\n|move|p1a: Torkoal|Eruption|p2a: Iron Hands|[spread] p2a,p2b\n|-damage|p2a: Iron Hands|35\/100\n|-damage|p2b: Spectrier|0 fnt\n|faint|p2b: Spectrier\n|move|p2a: Iron Hands|Wild Charge|p1a: Torkoal\n|-damage|p1a: Torkoal|45\/100\n|-damage|p2a: Iron Hands|26\/100|[from] Recoil\n|\n|-weather|SunnyDay|[upkeep]\n|upkeep\n|turn|5\n|-message|the hoe battle forfeited.\n|\n|win|Yusha77\n|raw|Yusha77's rating: 1115 &rarr; <strong>1147<\/strong><br \/>(+32 for winning)\n|raw|the hoe battle's rating: 1211 &rarr; <strong>1179<\/strong><br \/>(-32 for losing)\n|l|\u2606the hoe battle\n","uploadtime":1701034024,"views":17,"p1id":"yusha77","p2id":"thehoebattle","formatid":"gen9vgc2023regulatione","rating":1147,"private":0,"password":""}