{"id":"gen9vgc2023regulatione-1999947552","p1":"Madelaine2","p2":"Samythril","format":"[Gen 9] VGC 2023 Regulation E","log":"|j|\u2606Madelaine2\n|j|\u2606Samythril\n|t:|1701133327\n|gametype|doubles\n|player|p1|Madelaine2|caitlin|\n|player|p2|Samythril|will|\n|teamsize|p1|6\n|teamsize|p2|6\n|gen|9\n|tier|[Gen 9] VGC 2023 Regulation E\n|rule|Species Clause: Limit one of each Pok\u00e9mon\n|rule|Item Clause: Limit one of each item\n|clearpoke\n|poke|p1|Landorus-Therian, L50, M|\n|poke|p1|Gothitelle, L50, F|\n|poke|p1|Torkoal, L50, F|\n|poke|p1|Lilligant-Hisui, L50, F|\n|poke|p1|Spectrier, L50|\n|poke|p1|Walking Wake, L50|\n|poke|p2|Iron Hands, L50|\n|poke|p2|Cresselia, L50, F|\n|poke|p2|Sableye, L50, M|\n|poke|p2|Goodra, L50, M|\n|poke|p2|Iron Jugulis, L50|\n|poke|p2|Sinistcha, L50|\n|teampreview|4\n|inactive|Battle timer is ON: inactive players will automatically lose when time's up. (requested by Madelaine2)\n|j| Puttheslayinthey\n|inactive|Madelaine2 has 60 seconds left.\n|inactiveoff|Battle timer is now OFF.\n|\n|t:|1701133378\n|start\n|switch|p1a: Walking Wake|Walking Wake, L50|100\/100\n|switch|p1b: Just Torkoal|Torkoal, L50, F|100\/100\n|switch|p2a: Goodra|Goodra, L50, M|100\/100\n|switch|p2b: Sableye|Sableye, L50, M|100\/100\n|-weather|SunnyDay|[from] ability: Drought|[of] p1b: Just Torkoal\n|-activate|p1a: Walking Wake|ability: Protosynthesis\n|-start|p1a: Walking Wake|protosynthesisspa\n|turn|1\n|\n|t:|1701133399\n|switch|p1b: Kiss and telle|Gothitelle, L50, F|100\/100\n|-terastallize|p1a: Walking Wake|Electric\n|move|p2b: Sableye|Rain Dance|p2b: Sableye\n|-weather|RainDance\n|-end|p1a: Walking Wake|Protosynthesis\n|move|p1a: Walking Wake|Snarl|p2b: Sableye|[spread] p2a,p2b\n|-damage|p2a: Goodra|93\/100\n|-damage|p2b: Sableye|83\/100\n|-unboost|p2a: Goodra|spa|1\n|-unboost|p2b: Sableye|spa|1\n|move|p2a: Goodra|Draco Meteor|p1a: Walking Wake\n|-damage|p1a: Walking Wake|64\/100\n|-unboost|p2a: Goodra|spa|2\n|\n|-weather|RainDance|[upkeep]\n|upkeep\n|turn|2\n|\n|t:|1701133439\n|move|p1b: Kiss and telle|Fake Out|p2a: Goodra\n|-damage|p2a: Goodra|87\/100\n|move|p1a: Walking Wake|Hydro Steam|p2b: Sableye\n|-damage|p2b: Sableye|2\/100\n|cant|p2a: Goodra|flinch\n|move|p2b: Sableye|Foul Play|p1b: Kiss and telle\n|-supereffective|p1b: Kiss and telle\n|-damage|p1b: Kiss and telle|69\/100\n|\n|-weather|RainDance|[upkeep]\n|upkeep\n|turn|3\n|\n|t:|1701133481\n|move|p2b: Sableye|Taunt|p1a: Walking Wake\n|-start|p1a: Walking Wake|move: Taunt\n|move|p1a: Walking Wake|Snarl|p2b: Sableye|[spread] p2a,p2b\n|-damage|p2a: Goodra|80\/100\n|-damage|p2b: Sableye|0 fnt\n|-unboost|p2a: Goodra|spa|1\n|faint|p2b: Sableye\n|move|p2a: Goodra|Knock Off|p1a: Walking Wake\n|-damage|p1a: Walking Wake|42\/100\n|-enditem|p1a: Walking Wake|Assault Vest|[from] move: Knock Off|[of] p2a: Goodra\n|move|p1b: Kiss and telle|Psychic|p2a: Goodra\n|-damage|p2a: Goodra|68\/100\n|\n|-weather|RainDance|[upkeep]\n|upkeep\n|l| Puttheslayinthey\n|\n|t:|1701133522\n|switch|p2b: Iron Jugulis|Iron Jugulis, L50|100\/100\n|-enditem|p2b: Iron Jugulis|Booster Energy\n|-activate|p2b: Iron Jugulis|ability: Quark Drive|[fromitem]\n|-start|p2b: Iron Jugulis|quarkdrivespe\n|turn|4\n|\n|t:|1701133545\n|move|p2b: Iron Jugulis|Dark Pulse|p1a: Walking Wake\n|-damage|p1a: Walking Wake|0 fnt\n|faint|p1a: Walking Wake\n|-end|p1a: Walking Wake|Protosynthesis|[silent]\n|move|p2a: Goodra|Knock Off|p1b: Kiss and telle\n|-supereffective|p1b: Kiss and telle\n|-damage|p1b: Kiss and telle|36\/100\n|-enditem|p1b: Kiss and telle|Mental Herb|[from] move: Knock Off|[of] p2a: Goodra\n|move|p1b: Kiss and telle|Psychic|p2a: Goodra\n|-damage|p2a: Goodra|56\/100\n|\n|-weather|RainDance|[upkeep]\n|upkeep\n|\n|t:|1701133560\n|switch|p1a: Serving Cvnt|Lilligant-Hisui, L50, F|100\/100\n|turn|5\n|\n|t:|1701133576\n|switch|p1b: Just Torkoal|Torkoal, L50, F|100\/100\n|-weather|SunnyDay|[from] ability: Drought|[of] p1b: Just Torkoal\n|move|p2b: Iron Jugulis|Protect|p2b: Iron Jugulis\n|-singleturn|p2b: Iron Jugulis|Protect\n|move|p1a: Serving Cvnt|Sleep Powder|p2b: Iron Jugulis\n|-activate|p2b: Iron Jugulis|move: Protect\n|move|p2a: Goodra|Fire Blast|p1a: Serving Cvnt|[miss]\n|-miss|p2a: Goodra|p1a: Serving Cvnt\n|\n|-weather|SunnyDay|[upkeep]\n|upkeep\n|turn|6\n|\n|t:|1701133600\n|move|p1a: Serving Cvnt|Sleep Powder|p2b: Iron Jugulis\n|-status|p2b: Iron Jugulis|slp|[from] move: Sleep Powder\n|cant|p2b: Iron Jugulis|slp\n|move|p2a: Goodra|Fire Blast|p1a: Serving Cvnt\n|-supereffective|p1a: Serving Cvnt\n|-crit|p1a: Serving Cvnt\n|-damage|p1a: Serving Cvnt|0 fnt\n|faint|p1a: Serving Cvnt\n|move|p1b: Just Torkoal|Yawn|p2a: Goodra\n|-start|p2a: Goodra|move: Yawn|[of] p1b: Just Torkoal\n|\n|-weather|SunnyDay|[upkeep]\n|upkeep\n|\n|t:|1701133610\n|switch|p1a: Kiss and telle|Gothitelle, L50, F|36\/100\n|turn|7\n|c|\u2606Samythril|i needed that last turn goodra...\n|c|\u2606Madelaine2|LOL\n|\n|t:|1701133623\n|move|p1b: Just Torkoal|Protect|p1b: Just Torkoal\n|-singleturn|p1b: Just Torkoal|Protect\n|-curestatus|p2b: Iron Jugulis|slp|[msg]\n|move|p2b: Iron Jugulis|Dark Pulse|p1a: Kiss and telle\n|-supereffective|p1a: Kiss and telle\n|-damage|p1a: Kiss and telle|0 fnt\n|faint|p1a: Kiss and telle\n|move|p2a: Goodra|Knock Off|p1b: Just Torkoal\n|-activate|p1b: Just Torkoal|move: Protect\n|\n|-weather|SunnyDay|[upkeep]\n|-end|p2a: Goodra|move: Yawn|[silent]\n|-status|p2a: Goodra|slp\n|upkeep\n|turn|8\n|c|\u2606Madelaine2|damn\n|c|\u2606Samythril|still gaming\n|c|\u2606Madelaine2|so luna\n|c|\u2606Madelaine2|oh wait\n|c|\u2606Madelaine2|they aint here\n|c|\u2606Samythril|lmao\n|\n|t:|1701133649\n|switch|p2a: Iron Hands|Iron Hands, L50|100\/100\n|move|p2b: Iron Jugulis|Dark Pulse|p1b: Just Torkoal\n|-damage|p1b: Just Torkoal|45\/100\n|move|p1b: Just Torkoal|Eruption|p2a: Iron Hands|[spread] p2a,p2b\n|-damage|p2a: Iron Hands|74\/100\n|-damage|p2b: Iron Jugulis|56\/100\n|\n|-weather|SunnyDay|[upkeep]\n|upkeep\n|turn|9\n|c|\u2606Madelaine2|I think ima just force sun room\n|c|\u2606Madelaine2|that's what I did all season\n|c|\u2606Madelaine2|ggs\n|c|\u2606Samythril|ggs\n|-message|Madelaine2 forfeited.\n|\n|win|Samythril\n|l|\u2606Madelaine2\n|c|\u2606Samythril|i made sure i had hard stops to sunroom\n","uploadtime":1701133699,"views":12,"p1id":"madelaine2","p2id":"samythril","formatid":"gen9vgc2023regulatione","rating":0,"private":0,"password":""}