{"id":"gen9vgc2023regulatione-2000315196","p1":"likestars","p2":"iMatCia","format":"[Gen 9] VGC 2023 Regulation E","log":"|j|\u2606likestars\n|j|\u2606iMatCia\n|t:|1701184213\n|gametype|doubles\n|player|p1|likestars|1|1122\n|player|p2|iMatCia|1|1103\n|teamsize|p1|6\n|teamsize|p2|6\n|gen|9\n|tier|[Gen 9] VGC 2023 Regulation E\n|rated|\n|rule|Species Clause: Limit one of each Pok\u00e9mon\n|rule|Item Clause: Limit one of each item\n|clearpoke\n|poke|p1|Tornadus-Therian, L50, M|\n|poke|p1|Illumise, L50, F|\n|poke|p1|Arcanine, L50, F|\n|poke|p1|Farigiraf, L50, F|\n|poke|p1|Sneasler, L50, F|\n|poke|p1|Rillaboom, L50, F|\n|poke|p2|Ogerpon-Hearthflame, L50, F|\n|poke|p2|Iron Hands, L50|\n|poke|p2|Tornadus, L50, M|\n|poke|p2|Roaring Moon, L50|\n|poke|p2|Flutter Mane, L50|\n|poke|p2|Landorus-Therian, L50, M|\n|teampreview|4\n|inactive|Battle timer is ON: inactive players will automatically lose when time's up. (requested by iMatCia)\n|inactive|likestars has 60 seconds left.\n|\n|t:|1701184249\n|start\n|switch|p1a: Tornadus|Tornadus-Therian, L50, M|100\/100\n|switch|p1b: Illumise|Illumise, L50, F|100\/100\n|switch|p2a: Landorus|Landorus-Therian, L50, M|100\/100\n|switch|p2b: Roaring Moon|Roaring Moon, L50, shiny|100\/100\n|-ability|p2a: Landorus|Intimidate|boost\n|-unboost|p1a: Tornadus|atk|1\n|-unboost|p1b: Illumise|atk|1\n|-enditem|p2b: Roaring Moon|Booster Energy\n|-activate|p2b: Roaring Moon|ability: Protosynthesis|[fromitem]\n|-start|p2b: Roaring Moon|protosynthesisatk\n|turn|1\n|inactive|iMatCia has 30 seconds left.\n|\n|t:|1701184276\n|move|p1b: Illumise|Fake Tears|p2b: Roaring Moon\n|-hint|Since gen 7, Dark is immune to Prankster moves.\n|-immune|p2b: Roaring Moon\n|move|p2a: Landorus|Rock Slide|p1b: Illumise|[spread] p1a,p1b\n|-supereffective|p1a: Tornadus\n|-supereffective|p1b: Illumise\n|-damage|p1a: Tornadus|38\/100\n|-damage|p1b: Illumise|40\/100\n|move|p1a: Tornadus|Icy Wind|p2b: Roaring Moon|[spread] p2a,p2b\n|-supereffective|p2a: Landorus\n|-supereffective|p2b: Roaring Moon\n|-damage|p2a: Landorus|0 fnt\n|-damage|p2b: Roaring Moon|69\/100\n|-unboost|p2b: Roaring Moon|spe|1\n|faint|p2a: Landorus\n|-damage|p1a: Tornadus|28\/100|[from] item: Life Orb\n|move|p2b: Roaring Moon|Acrobatics|p1b: Illumise\n|-supereffective|p1b: Illumise\n|-damage|p1b: Illumise|0 fnt\n|faint|p1b: Illumise\n|\n|upkeep\n|\n|t:|1701184298\n|switch|p2a: Iron Hands|Iron Hands, L50|100\/100\n|switch|p1b: Sneasler|Sneasler, L50, F|100\/100\n|turn|2\n|\n|t:|1701184313\n|switch|p1a: Rillaboom|Rillaboom, L50, F|100\/100\n|-fieldstart|move: Grassy Terrain|[from] ability: Grassy Surge|[of] p1a: Rillaboom\n|-enditem|p1b: Sneasler|Grassy Seed\n|-boost|p1b: Sneasler|def|1|[from] item: Grassy Seed\n|-terastallize|p1b: Sneasler|Flying\n|-terastallize|p2b: Roaring Moon|Flying\n|move|p2a: Iron Hands|Fake Out|p1b: Sneasler\n|-damage|p1b: Sneasler|82\/100\n|cant|p1b: Sneasler|flinch\n|move|p2b: Roaring Moon|Acrobatics|p1b: Sneasler\n|-damage|p1b: Sneasler|0 fnt\n|faint|p1b: Sneasler\n|\n|upkeep\n|\n|t:|1701184325\n|switch|p1b: Tornadus|Tornadus-Therian, L50, M|62\/100\n|turn|3\n|\n|t:|1701184336\n|move|p1a: Rillaboom|Fake Out|p2b: Roaring Moon\n|-damage|p2b: Roaring Moon|50\/100\n|move|p1b: Tornadus|Icy Wind|p2b: Roaring Moon|[spread] p2a,p2b\n|-supereffective|p2b: Roaring Moon\n|-damage|p2a: Iron Hands|91\/100\n|-damage|p2b: Roaring Moon|15\/100\n|-unboost|p2a: Iron Hands|spe|1\n|-unboost|p2b: Roaring Moon|spe|1\n|-damage|p1b: Tornadus|52\/100|[from] item: Life Orb\n|cant|p2b: Roaring Moon|flinch\n|move|p2a: Iron Hands|Wild Charge|p1b: Tornadus\n|-supereffective|p1b: Tornadus\n|-damage|p1b: Tornadus|0 fnt\n|faint|p1b: Tornadus\n|-damage|p2a: Iron Hands|83\/100|[from] Recoil\n|\n|-heal|p2a: Iron Hands|89\/100|[from] Grassy Terrain\n|upkeep\n|turn|4\n|\n|t:|1701184355\n|move|p1a: Rillaboom|Grassy Glide|p2b: Roaring Moon\n|-resisted|p2b: Roaring Moon\n|-crit|p2b: Roaring Moon\n|-damage|p2b: Roaring Moon|0 fnt\n|faint|p2b: Roaring Moon\n|-end|p2b: Roaring Moon|Protosynthesis|[silent]\n|move|p2a: Iron Hands|Drain Punch|p1a: Rillaboom\n|-damage|p1a: Rillaboom|59\/100\n|-heal|p2a: Iron Hands|100\/100|[from] drain|[of] p1a: Rillaboom\n|\n|-heal|p1a: Rillaboom|65\/100|[from] Grassy Terrain\n|upkeep\n|\n|t:|1701184364\n|switch|p2b: Ogerpon|Ogerpon-Hearthflame, L50, F|100\/100\n|-ability|p2b: Ogerpon|Mold Breaker\n|turn|5\n|\n|t:|1701184378\n|move|p2b: Ogerpon|Ivy Cudgel|p1a: Rillaboom|[anim] Ivy Cudgel Fire\n|-supereffective|p1a: Rillaboom\n|-damage|p1a: Rillaboom|0 fnt\n|faint|p1a: Rillaboom\n|\n|win|iMatCia\n|raw|likestars's rating: 1122 &rarr; <strong>1096<\/strong><br \/>(-26 for losing)\n|raw|iMatCia's rating: 1103 &rarr; <strong>1129<\/strong><br \/>(+26 for winning)\n|l|\u2606likestars\n","uploadtime":1701184387,"views":7,"p1id":"likestars","p2id":"imatcia","formatid":"gen9vgc2023regulatione","rating":1096,"private":0,"password":""}