{"id":"gen9vgc2023regulatione-1989813417","p1":"Casper614","p2":"wolfenite","format":"[Gen 9] VGC 2023 Regulation E","log":"|j|\u2606Casper614\n|j|\u2606wolfenite\n|t:|1699897889\n|gametype|doubles\n|player|p1|Casper614|1|1202\n|player|p2|wolfenite|pokemonranger-gen4|1161\n|teamsize|p1|6\n|teamsize|p2|6\n|gen|9\n|tier|[Gen 9] VGC 2023 Regulation E\n|rated|\n|rule|Species Clause: Limit one of each Pok\u00e9mon\n|rule|Item Clause: Limit one of each item\n|clearpoke\n|poke|p1|Dusclops, L50, F|\n|poke|p1|Bellibolt, L50, F|\n|poke|p1|Ting-Lu, L50|\n|poke|p1|Dragapult, L50, F|\n|poke|p1|Landorus-Therian, L50, M|\n|poke|p1|Dragalge, L50, F|\n|poke|p2|Ogerpon, L50, F|\n|poke|p2|Garchomp, L50, F|\n|poke|p2|Rotom-Wash, L50|\n|poke|p2|Chien-Pao, L50|\n|poke|p2|Orthworm, L50, F|\n|poke|p2|Chandelure, L50, F|\n|teampreview|4\n|inactive|Battle timer is ON: inactive players will automatically lose when time's up. (requested by wolfenite)\n|inactive|wolfenite has 60 seconds left.\n|\n|t:|1699897923\n|start\n|switch|p1a: Dusclops|Dusclops, L50, F|100\/100\n|switch|p1b: Dragalge|Dragalge, L50, F|100\/100\n|switch|p2a: Ogerpon|Ogerpon, L50, F|100\/100\n|switch|p2b: Chien-Pao|Chien-Pao, L50|100\/100\n|-ability|p2b: Chien-Pao|Sword of Ruin\n|-ability|p1a: Dusclops|Pressure\n|turn|1\n|inactive|Casper614 has 30 seconds left.\n|\n|t:|1699897949\n|-terastallize|p2a: Ogerpon|Grass\n|detailschange|p2a: Ogerpon|Ogerpon-Teal-Tera, L50, F, tera:Grass\n|-ability|p2a: Ogerpon|Embody Aspect (Teal)|boost\n|-boost|p2a: Ogerpon|spe|1\n|move|p1b: Dragalge|Protect|p1b: Dragalge\n|-singleturn|p1b: Dragalge|Protect\n|move|p2b: Chien-Pao|Sucker Punch||[still]\n|-fail|p2b: Chien-Pao\n|move|p2a: Ogerpon|Stomping Tantrum|p1b: Dragalge\n|-activate|p1b: Dragalge|move: Protect\n|move|p1a: Dusclops|Trick Room|p1a: Dusclops\n|-fieldstart|move: Trick Room|[of] p1a: Dusclops\n|\n|upkeep\n|turn|2\n|\n|t:|1699897973\n|-terastallize|p1b: Dragalge|Dragon\n|move|p1a: Dusclops|Will-O-Wisp|p2b: Chien-Pao\n|-status|p2b: Chien-Pao|brn\n|move|p1b: Dragalge|Draco Meteor|p2a: Ogerpon\n|-damage|p2a: Ogerpon|0 fnt\n|-unboost|p1b: Dragalge|spa|2\n|-enditem|p1b: Dragalge|White Herb\n|-clearnegativeboost|p1b: Dragalge|[silent]\n|faint|p2a: Ogerpon\n|move|p2b: Chien-Pao|Icicle Crash|p1b: Dragalge\n|-supereffective|p1b: Dragalge\n|-damage|p1b: Dragalge|37\/100\n|\n|-damage|p2b: Chien-Pao|95\/100 brn|[from] brn\n|upkeep\n|\n|t:|1699897989\n|switch|p2a: Orthworm|Orthworm, L50, F|100\/100\n|turn|3\n|\n|t:|1699898002\n|move|p1b: Dragalge|Protect|p1b: Dragalge\n|-singleturn|p1b: Dragalge|Protect\n|move|p1a: Dusclops|Will-O-Wisp|p2a: Orthworm\n|-status|p2a: Orthworm|brn\n|move|p2a: Orthworm|Iron Defense|p2a: Orthworm\n|-boost|p2a: Orthworm|def|2\n|move|p2b: Chien-Pao|Icicle Crash|p1b: Dragalge\n|-activate|p1b: Dragalge|move: Protect\n|\n|-damage|p2a: Orthworm|94\/100 brn|[from] brn\n|-damage|p2b: Chien-Pao|89\/100 brn|[from] brn\n|upkeep\n|turn|4\n|inactive|Casper614 has 30 seconds left.\n|\n|t:|1699898029\n|move|p1a: Dusclops|Haze|p1a: Dusclops\n|-clearallboost\n|move|p1b: Dragalge|Draco Meteor|p2b: Chien-Pao\n|-damage|p2b: Chien-Pao|0 fnt\n|-unboost|p1b: Dragalge|spa|2\n|faint|p2b: Chien-Pao\n|move|p2a: Orthworm|Iron Defense|p2a: Orthworm\n|-boost|p2a: Orthworm|def|2\n|\n|-heal|p2a: Orthworm|100\/100 brn|[from] item: Leftovers\n|-damage|p2a: Orthworm|94\/100 brn|[from] brn\n|upkeep\n|\n|t:|1699898040\n|switch|p2b: Rotom|Rotom-Wash, L50|100\/100\n|turn|5\n|\n|t:|1699898048\n|move|p1a: Dusclops|Haze|p1a: Dusclops\n|-clearallboost\n|move|p1b: Dragalge|Draco Meteor|p2b: Rotom\n|-damage|p2b: Rotom|20\/100\n|-unboost|p1b: Dragalge|spa|2\n|-enditem|p2b: Rotom|Sitrus Berry|[eat]\n|-heal|p2b: Rotom|45\/100|[from] item: Sitrus Berry\n|move|p2a: Orthworm|Body Press|p1b: Dragalge\n|-damage|p1b: Dragalge|22\/100\n|move|p2b: Rotom|Thunderbolt|p1a: Dusclops\n|-damage|p1a: Dusclops|79\/100\n|\n|-heal|p2a: Orthworm|100\/100 brn|[from] item: Leftovers\n|-damage|p2a: Orthworm|94\/100 brn|[from] brn\n|-fieldend|move: Trick Room\n|upkeep\n|turn|6\n|\n|t:|1699898065\n|move|p1b: Dragalge|Protect|p1b: Dragalge\n|-singleturn|p1b: Dragalge|Protect\n|move|p2b: Rotom|Hydro Pump|p1a: Dusclops\n|-damage|p1a: Dusclops|52\/100\n|move|p2a: Orthworm|Iron Head|p1a: Dusclops\n|-damage|p1a: Dusclops|44\/100\n|cant|p1a: Dusclops|flinch\n|\n|-heal|p2a: Orthworm|100\/100 brn|[from] item: Leftovers\n|-damage|p2a: Orthworm|94\/100 brn|[from] brn\n|upkeep\n|turn|7\n|\n|t:|1699898078\n|switch|p1b: Dragapult|Dragapult, L50, F|100\/100\n|move|p2b: Rotom|Hydro Pump|p1b: Dragapult\n|-resisted|p1b: Dragapult\n|-damage|p1b: Dragapult|73\/100\n|move|p2a: Orthworm|Body Press|p1b: Dragapult\n|-immune|p1b: Dragapult\n|move|p1a: Dusclops|Trick Room|p1a: Dusclops\n|-fieldstart|move: Trick Room|[of] p1a: Dusclops\n|\n|-heal|p2a: Orthworm|100\/100 brn|[from] item: Leftovers\n|-damage|p2a: Orthworm|94\/100 brn|[from] brn\n|upkeep\n|turn|8\n|\n|t:|1699898096\n|switch|p1b: Dragalge|Dragalge, L50, F, tera:Dragon|22\/100\n|move|p1a: Dusclops|Pain Split|p2a: Orthworm\n|-sethp|p2a: Orthworm|62\/100 brn|[from] move: Pain Split|[silent]\n|-sethp|p1a: Dusclops|94\/100|[from] move: Pain Split\n|move|p2a: Orthworm|Iron Head|p1a: Dusclops\n|-damage|p1a: Dusclops|85\/100\n|move|p2b: Rotom|Hydro Pump|p1a: Dusclops\n|-damage|p1a: Dusclops|57\/100\n|\n|-heal|p2a: Orthworm|68\/100 brn|[from] item: Leftovers\n|-damage|p2a: Orthworm|62\/100 brn|[from] brn\n|upkeep\n|turn|9\n|\n|t:|1699898115\n|move|p1a: Dusclops|Pain Split|p2a: Orthworm\n|-sethp|p2a: Orthworm|49\/100 brn|[from] move: Pain Split|[silent]\n|-sethp|p1a: Dusclops|75\/100|[from] move: Pain Split\n|move|p1b: Dragalge|Draco Meteor|p2a: Orthworm\n|-resisted|p2a: Orthworm\n|-damage|p2a: Orthworm|0 fnt\n|-unboost|p1b: Dragalge|spa|2\n|faint|p2a: Orthworm\n|move|p2b: Rotom|Hydro Pump|p1a: Dusclops|[miss]\n|-miss|p2b: Rotom|p1a: Dusclops\n|\n|upkeep\n|turn|10\n|\n|t:|1699898125\n|move|p1a: Dusclops|Haze|p1a: Dusclops\n|-clearallboost\n|move|p1b: Dragalge|Draco Meteor|p2b: Rotom\n|-damage|p2b: Rotom|0 fnt\n|-unboost|p1b: Dragalge|spa|2\n|faint|p2b: Rotom\n|\n|win|Casper614\n|raw|Casper614's rating: 1202 &rarr; <strong>1224<\/strong><br \/>(+22 for winning)\n|raw|wolfenite's rating: 1161 &rarr; <strong>1139<\/strong><br \/>(-22 for losing)\n|l|\u2606wolfenite\n","uploadtime":1699898132,"views":7,"p1id":"casper614","p2id":"wolfenite","formatid":"gen9vgc2023regulatione","rating":1139,"private":0,"password":""}