{"id":"gen9vgc2023regulatione-1997964409","p1":"LameLiarLeo","p2":"Adroqk","format":"[Gen 9] VGC 2023 Regulation E","log":"|j|\u2606LameLiarLeo\n|j|\u203dAdroqk\n|n|\u2606LameLiarLeo|lameliarleo\n|n|\u203dAdroqk|adroqk\n|html|View the match progress at <a href=\"\/game-bestof3-gen9vgc2023regulatione-1997962277\">game-bestof3-gen9vgc2023regulatione-1997962277<\/a>\n|t:|1700872914\n|gametype|doubles\n|player|p1|LameLiarLeo|caitlin|\n|player|p2|Adroqk|170|\n|teamsize|p1|6\n|teamsize|p2|6\n|gen|9\n|tier|[Gen 9] VGC 2023 Regulation E\n|rule|Species Clause: Limit one of each Pok\u00e9mon\n|rule|Item Clause: Limit one of each item\n|clearpoke\n|poke|p1|Chi-Yu, L50|\n|poke|p1|Iron Hands, L50|\n|poke|p1|Amoonguss, L50, M|\n|poke|p1|Landorus-Therian, L50, M|\n|poke|p1|Flutter Mane, L50|\n|poke|p1|Chien-Pao, L50|\n|poke|p2|Chien-Pao, L50|\n|poke|p2|Ambipom, L50, F|\n|poke|p2|Tornadus, L50, M|\n|poke|p2|Dragonite, L50, F|\n|poke|p2|Ogerpon, L50, F|\n|poke|p2|Scizor, L50, F|\n|teampreview|4\n|inactive|Battle timer is ON: inactive players will automatically lose when time's up. (requested by LameLiarLeo)\n|inactive|LameLiarLeo has 60 seconds left.\n|inactive|Adroqk has 60 seconds left.\n|\n|t:|1700872952\n|start\n|switch|p1a: Nebula|Flutter Mane, L50|100\/100\n|switch|p1b: Tiger Rawr|Chien-Pao, L50|100\/100\n|switch|p2a: Tornadus|Tornadus, L50, M|100\/100\n|switch|p2b: Scizor|Scizor, L50, F|100\/100\n|-ability|p1b: Tiger Rawr|Sword of Ruin\n|turn|1\n|inactive|Adroqk has 30 seconds left.\n|c|\u2606LameLiarLeo|!showteam hidestats\n|c| LameLiarLeo|\/raw <div class=\"infobox\"><details><summary>View team<\/summary>Levi (Chi-Yu) @ Safety Goggles  <br \/>Ability: Beads of Ruin  <br \/>Level: 50  <br \/>Tera Type: Fairy  <br \/>- Heat Wave  <br \/>- Dark Pulse  <br \/>- Nasty Plot  <br \/>- Protect  <br \/><br \/>One Puch Mon (Iron Hands) @ Assault Vest  <br \/>Ability: Quark Drive  <br \/>Level: 50  <br \/>Tera Type: Fairy  <br \/>- Fake Out  <br \/>- Drain Punch  <br \/>- Wild Charge  <br \/>- Heavy Slam  <br \/><br \/>Urshi-Who (Amoonguss) (M) @ Sitrus Berry  <br \/>Ability: Regenerator  <br \/>Level: 50  <br \/>Tera Type: Water  <br \/>- Spore  <br \/>- Rage Powder  <br \/>- Pollen Puff  <br \/>- Protect  <br \/><br \/>Old King (Landorus-Therian) (M) @ Choice Scarf  <br \/>Ability: Intimidate  <br \/>Level: 50  <br \/>Tera Type: Flying  <br \/>- Stomping Tantrum  <br \/>- Tera Blast  <br \/>- Rock Tomb  <br \/>- U-turn  <br \/><br \/>Nebula (Flutter Mane) @ Choice Specs  <br \/>Ability: Protosynthesis  <br \/>Level: 50  <br \/>Tera Type: Fairy  <br \/>- Moonblast  <br \/>- Shadow Ball  <br \/>- Dazzling Gleam  <br \/>- Icy Wind  <br \/><br \/>Tiger Rawr (Chien-Pao) @ Focus Sash  <br \/>Ability: Sword of Ruin  <br \/>Level: 50  <br \/>Tera Type: Dark  <br \/>- Ice Spinner  <br \/>- Crunch  <br \/>- Sucker Punch  <br \/>- Protect  <br \/><br \/><\/details><\/div>\n|c|\u2606LameLiarLeo|my ots if you need\n|inactive|Adroqk has 20 seconds left.\n|inactive|Adroqk has 15 seconds left.\n|inactiveoff|Battle timer is now OFF.\n|\n|t:|1700873008\n|-end|p1a: Nebula|Protosynthesis|[silent]\n|switch|p1a: One Puch Mon|Iron Hands, L50|100\/100\n|switch|p2b: Ambipom|Ambipom, L50, F|100\/100\n|move|p2a: Tornadus|Substitute|p2a: Tornadus\n|-start|p2a: Tornadus|Substitute\n|-damage|p2a: Tornadus|76\/100\n|move|p1b: Tiger Rawr|Ice Spinner|p2a: Tornadus\n|-supereffective|p2a: Tornadus\n|-end|p2a: Tornadus|Substitute\n|\n|upkeep\n|turn|2\n|\n|t:|1700873039\n|switch|p2a: Scizor|Scizor, L50, F|100\/100\n|move|p2b: Ambipom|Fake Out|p1a: One Puch Mon\n|-damage|p1a: One Puch Mon|69\/100\n|move|p1b: Tiger Rawr|Ice Spinner|p2a: Scizor\n|-resisted|p2a: Scizor\n|-damage|p2a: Scizor|69\/100\n|cant|p1a: One Puch Mon|flinch\n|\n|upkeep\n|turn|3\n|\n|t:|1700873066\n|switch|p1b: Old King|Landorus-Therian, L50, M|100\/100\n|-ability|p1b: Old King|Intimidate|boost\n|-unboost|p2a: Scizor|atk|1\n|-unboost|p2b: Ambipom|atk|1\n|-terastallize|p2b: Ambipom|Normal\n|move|p2b: Ambipom|Last Resort|p1a: One Puch Mon\n|-damage|p1a: One Puch Mon|26\/100\n|move|p2a: Scizor|Swords Dance|p2a: Scizor\n|-boost|p2a: Scizor|atk|2\n|move|p1a: One Puch Mon|Drain Punch|p2b: Ambipom\n|-supereffective|p2b: Ambipom\n|-damage|p2b: Ambipom|0 fnt\n|-heal|p1a: One Puch Mon|58\/100|[from] drain|[of] p2b: Ambipom\n|faint|p2b: Ambipom\n|\n|upkeep\n|\n|t:|1700873117\n|switch|p2b: Tornadus|Tornadus, L50, M|76\/100\n|turn|4\n|\n|t:|1700873132\n|-terastallize|p1b: Old King|Flying\n|move|p2b: Tornadus|Substitute|p2b: Tornadus\n|-start|p2b: Tornadus|Substitute\n|-damage|p2b: Tornadus|51\/100\n|move|p1b: Old King|Tera Blast|p2a: Scizor|[anim] Tera Blast Flying\n|-damage|p2a: Scizor|12\/100\n|-enditem|p2a: Scizor|Sitrus Berry|[eat]\n|-heal|p2a: Scizor|37\/100|[from] item: Sitrus Berry\n|move|p2a: Scizor|Swords Dance|p2a: Scizor\n|-boost|p2a: Scizor|atk|2\n|move|p1a: One Puch Mon|Wild Charge|p2b: Tornadus\n|-supereffective|p2b: Tornadus\n|-end|p2b: Tornadus|Substitute\n|-damage|p1a: One Puch Mon|54\/100|[from] Recoil|[of] p2b: Tornadus\n|\n|upkeep\n|turn|5\n|\n|t:|1700873154\n|move|p2a: Scizor|Protect|p2a: Scizor\n|-singleturn|p2a: Scizor|Protect\n|move|p2b: Tornadus|Leer|p1b: Old King|[spread] p1a,p1b\n|-unboost|p1a: One Puch Mon|def|1\n|-unboost|p1b: Old King|def|1\n|move|p1b: Old King|Tera Blast|p2a: Scizor|[anim] Tera Blast Flying\n|-activate|p2a: Scizor|move: Protect\n|move|p1a: One Puch Mon|Wild Charge|p2b: Tornadus\n|-supereffective|p2b: Tornadus\n|-damage|p2b: Tornadus|0 fnt\n|faint|p2b: Tornadus\n|-damage|p1a: One Puch Mon|45\/100|[from] Recoil\n|\n|upkeep\n|\n|t:|1700873161\n|switch|p2b: Chien-Pao|Chien-Pao, L50|100\/100\n|-ability|p2b: Chien-Pao|Sword of Ruin\n|turn|6\n|\n|t:|1700873168\n|switch|p1b: Nebula|Flutter Mane, L50|100\/100\n|-end|p1a: One Puch Mon|Quark Drive|[silent]\n|switch|p1a: Tiger Rawr|Chien-Pao, L50|100\/100\n|-ability|p1a: Tiger Rawr|Sword of Ruin\n|move|p2a: Scizor|Bullet Punch|p1a: Tiger Rawr\n|-supereffective|p1a: Tiger Rawr\n|-crit|p1a: Tiger Rawr\n|-enditem|p1a: Tiger Rawr|Focus Sash\n|-damage|p1a: Tiger Rawr|1\/100\n|move|p2b: Chien-Pao|Icicle Crash|p1b: Nebula|[miss]\n|-miss|p2b: Chien-Pao|p1b: Nebula\n|\n|upkeep\n|turn|7\n|\n|t:|1700873183\n|move|p2b: Chien-Pao|Sucker Punch|p1a: Tiger Rawr\n|-resisted|p1a: Tiger Rawr\n|-crit|p1a: Tiger Rawr\n|-damage|p1a: Tiger Rawr|0 fnt\n|faint|p1a: Tiger Rawr\n|move|p2a: Scizor|Bullet Punch|p1b: Nebula\n|-supereffective|p1b: Nebula\n|-damage|p1b: Nebula|0 fnt\n|faint|p1b: Nebula\n|-end|p1b: Nebula|Protosynthesis|[silent]\n|\n|upkeep\n|\n|t:|1700873187\n|switch|p1b: Old King|Landorus-Therian, L50, M, tera:Flying|100\/100\n|switch|p1a: One Puch Mon|Iron Hands, L50|45\/100\n|-ability|p1b: Old King|Intimidate|boost\n|-unboost|p2a: Scizor|atk|1\n|-unboost|p2b: Chien-Pao|atk|1\n|turn|8\n|\n|t:|1700873207\n|move|p2b: Chien-Pao|Protect|p2b: Chien-Pao\n|-singleturn|p2b: Chien-Pao|Protect\n|move|p2a: Scizor|Protect|p2a: Scizor\n|-singleturn|p2a: Scizor|Protect\n|move|p1a: One Puch Mon|Fake Out|p2b: Chien-Pao\n|-activate|p2b: Chien-Pao|move: Protect\n|move|p1b: Old King|Tera Blast|p2a: Scizor|[anim] Tera Blast Flying\n|-activate|p2a: Scizor|move: Protect\n|\n|upkeep\n|turn|9\n|\n|t:|1700873226\n|move|p2a: Scizor|Bullet Punch|p1b: Old King\n|-damage|p1b: Old King|7\/100\n|move|p1b: Old King|Tera Blast|p2a: Scizor|[anim] Tera Blast Flying\n|-damage|p2a: Scizor|0 fnt\n|faint|p2a: Scizor\n|move|p2b: Chien-Pao|Icicle Crash|p1b: Old King\n|-supereffective|p1b: Old King\n|-damage|p1b: Old King|0 fnt\n|faint|p1b: Old King\n|move|p1a: One Puch Mon|Drain Punch|p2b: Chien-Pao\n|-supereffective|p2b: Chien-Pao\n|-enditem|p2b: Chien-Pao|Focus Sash\n|-damage|p2b: Chien-Pao|1\/100\n|-heal|p1a: One Puch Mon|79\/100|[from] drain|[of] p2b: Chien-Pao\n|\n|upkeep\n|turn|10\n|\n|t:|1700873236\n|move|p2b: Chien-Pao|Icicle Crash|p1a: One Puch Mon\n|-damage|p1a: One Puch Mon|54\/100\n|move|p1a: One Puch Mon|Drain Punch|p2b: Chien-Pao\n|-supereffective|p2b: Chien-Pao\n|-damage|p2b: Chien-Pao|0 fnt\n|-heal|p1a: One Puch Mon|54\/100|[from] drain|[of] p2b: Chien-Pao\n|faint|p2b: Chien-Pao\n|\n|win|LameLiarLeo\n","uploadtime":1700873265,"views":16,"p1id":"lameliarleo","p2id":"adroqk","formatid":"gen9vgc2023regulatione","rating":0,"private":0,"password":""}