{"id":"gen9vgc2023regulatione-1998095658","p1":"BieberDialga","p2":"kaloseevee","format":"[Gen 9] VGC 2023 Regulation E","log":"|j|\u2606BieberDialga\n|j|\u2606kaloseevee\n|n|\u2606BieberDialga|bieberdialga\n|n|\u2606kaloseevee|kaloseevee\n|html|View the match progress at <a href=\"\/game-bestof3-gen9vgc2023regulatione-1998090276\">game-bestof3-gen9vgc2023regulatione-1998090276<\/a>\n|t:|1700890539\n|gametype|doubles\n|player|p1|BieberDialga|larry|\n|player|p2|kaloseevee|serena|\n|teamsize|p1|6\n|teamsize|p2|6\n|gen|9\n|tier|[Gen 9] VGC 2023 Regulation E\n|rule|Species Clause: Limit one of each Pok\u00e9mon\n|rule|Item Clause: Limit one of each item\n|clearpoke\n|poke|p1|Landorus-Therian, L50, M|\n|poke|p1|Amoonguss, L50, M|\n|poke|p1|Iron Hands, L50|\n|poke|p1|Flutter Mane, L50|\n|poke|p1|Chien-Pao, L50|\n|poke|p1|Ogerpon-Wellspring, L50, F|\n|poke|p2|Landorus-Therian, L50, M|\n|poke|p2|Iron Hands, L50|\n|poke|p2|Chien-Pao, L50|\n|poke|p2|Flutter Mane, L50|\n|poke|p2|Ogerpon-Wellspring, L50, F|\n|poke|p2|Arcanine-Hisui, L50, F|\n|teampreview|4\nkaloseevee has agreed to open team sheets.\nBieberDialga has agreed to open team sheets.\n|showteam|p1|Landorus-Therian||ChoiceScarf|Intimidate|StompingTantrum,TeraBlast,Uturn,RockSlide|||M|||50|,,,,,Flying]Amoonguss||SitrusBerry|Regenerator|Protect,Spore,RagePowder,PollenPuff|||M|||50|,,,,,Water]Iron Hands||AssaultVest|QuarkDrive|DrainPunch,WildCharge,FakeOut,VoltSwitch||||||50|,,,,,Fire]Flutter Mane||ChoiceSpecs|Protosynthesis|Moonblast,DazzlingGleam,ShadowBall,IcyWind||||||50|,,,,,Fairy]Chien-Pao||FocusSash|SwordofRuin|IceSpinner,SuckerPunch,SacredSword,Protect||||||50|,,,,,Ghost]Ogerpon-Wellspring||WellspringMask|WaterAbsorb|SwordsDance,HornLeech,IvyCudgel,SpikyShield|||F|||50|,,,,,Water\n|showteam|p2|Landorus-Therian||ChoiceScarf|Intimidate|StompingTantrum,RockSlide,Uturn,TeraBlast|||M|||50|,,,,,Flying]Iron Hands||AssaultVest|QuarkDrive|DrainPunch,WildCharge,HeavySlam,FakeOut||||||50|,,,,,Water]Chien-Pao||FocusSash|SwordofRuin|IceSpinner,SacredSword,SuckerPunch,Protect||||||50|,,,,,Ghost]Flutter Mane||ChoiceSpecs|Protosynthesis|Moonblast,ShadowBall,DazzlingGleam,IcyWind||||||50|,,,,,Fairy]Ogerpon-Wellspring||WellspringMask|WaterAbsorb|IvyCudgel,HornLeech,SwordsDance,SpikyShield|||F|||50|,,,,,Water]Arcanine-Hisui||ChoiceBand|Intimidate|FlareBlitz,RockSlide,ExtremeSpeed,HeadSmash|||F|||50|,,,,,Normal\n|j| C4CTUSK1NG\n|inactive|Battle timer is ON: inactive players will automatically lose when time's up. (requested by kaloseevee)\n|\n|t:|1700890617\n|start\n|switch|p1a: King Dedede|Iron Hands, L50|100\/100\n|switch|p1b: Wario|Landorus-Therian, L50, M|100\/100\n|switch|p2a: Iron Hands|Iron Hands, L50|100\/100\n|switch|p2b: Chien-Pao|Chien-Pao, L50|100\/100\n|-ability|p1b: Wario|Intimidate|boost\n|-unboost|p2a: Iron Hands|atk|1\n|-unboost|p2b: Chien-Pao|atk|1\n|-ability|p2b: Chien-Pao|Sword of Ruin\n|turn|1\n|inactive|BieberDialga has 30 seconds left.\n|inactive|kaloseevee has 30 seconds left.\n|inactive|BieberDialga has 20 seconds left.\n|inactive|kaloseevee has 20 seconds left.\n|inactive|BieberDialga has 15 seconds left.\n|inactive|kaloseevee has 15 seconds left.\n|inactive|BieberDialga has 10 seconds left.\n|\n|t:|1700890664\n|-end|p2a: Iron Hands|Quark Drive|[silent]\n|switch|p2a: Landorus|Landorus-Therian, L50, M|100\/100\n|-ability|p2a: Landorus|Intimidate|boost\n|-unboost|p1a: King Dedede|atk|1\n|-unboost|p1b: Wario|atk|1\n|-terastallize|p2b: Chien-Pao|Ghost\n|move|p1a: King Dedede|Fake Out|p2b: Chien-Pao\n|-immune|p2b: Chien-Pao\n|move|p1b: Wario|Stomping Tantrum|p2b: Chien-Pao\n|-damage|p2b: Chien-Pao|64\/100\n|move|p2b: Chien-Pao|Ice Spinner|p1b: Wario\n|-supereffective|p1b: Wario\n|-damage|p1b: Wario|0 fnt\n|faint|p1b: Wario\n|\n|upkeep\n|inactive|BieberDialga has 30 seconds left.\n|inactive|BieberDialga has 20 seconds left.\n|inactive|BieberDialga has 15 seconds left.\n|\n|t:|1700890707\n|switch|p1b: Samus|Ogerpon-Wellspring, L50, F|100\/100\n|turn|2\n|\n|t:|1700890723\n|-end|p1a: King Dedede|Quark Drive|[silent]\n|switch|p1a: Olimar|Amoonguss, L50, M|100\/100\n|move|p2b: Chien-Pao|Protect|p2b: Chien-Pao\n|-singleturn|p2b: Chien-Pao|Protect\n|move|p1b: Samus|Spiky Shield|p1b: Samus\n|-singleturn|p1b: Samus|move: Protect\n|move|p2a: Landorus|U-turn|p1b: Samus\n|-activate|p1b: Samus|move: Protect\n|-damage|p2a: Landorus|88\/100|[from] Spiky Shield|[of] p1b: Samus\n|\n|upkeep\n|turn|3\n|inactive|BieberDialga has 30 seconds left.\n|inactive|BieberDialga has 20 seconds left.\n|inactive|BieberDialga has 15 seconds left.\n|\n|t:|1700890768\n|switch|p1a: King Dedede|Iron Hands, L50|100\/100\n|move|p2a: Landorus|U-turn|p1a: King Dedede\n|-resisted|p1a: King Dedede\n|-damage|p1a: King Dedede|88\/100\n|\n|t:|1700890776\n|switch|p2a: Flutter Mane|Flutter Mane, L50|100\/100|[from] U-turn\n|move|p2b: Chien-Pao|Ice Spinner|p1a: King Dedede\n|-damage|p1a: King Dedede|61\/100\n|move|p1b: Samus|Horn Leech|p2b: Chien-Pao\n|-crit|p2b: Chien-Pao\n|-damage|p2b: Chien-Pao|0 fnt\n|faint|p2b: Chien-Pao\n|\n|upkeep\n|\n|t:|1700890787\n|switch|p2b: Iron Hands|Iron Hands, L50|100\/100\n|turn|4\n|inactive|BieberDialga has 30 seconds left.\n|inactive|kaloseevee has 30 seconds left.\n|inactive|BieberDialga has 20 seconds left.\n|inactive|BieberDialga has 15 seconds left.\n|inactive|BieberDialga has 10 seconds left.\n|\n|t:|1700890836\n|-terastallize|p1b: Samus|Water\n|detailschange|p1b: Samus|Ogerpon-Wellspring-Tera, L50, F, tera:Water\n|-ability|p1b: Samus|Embody Aspect (Wellspring)|boost\n|-boost|p1b: Samus|spd|1\n|move|p1a: King Dedede|Fake Out|p2b: Iron Hands\n|-damage|p2b: Iron Hands|90\/100\n|cant|p2b: Iron Hands|flinch\n|move|p2a: Flutter Mane|Dazzling Gleam|p1a: King Dedede|[spread] p1a,p1b\n|-supereffective|p1a: King Dedede\n|-damage|p1a: King Dedede|14\/100\n|-damage|p1b: Samus|73\/100\n|move|p1b: Samus|Ivy Cudgel|p2a: Flutter Mane|[anim] Ivy Cudgel Water\n|-damage|p2a: Flutter Mane|0 fnt\n|faint|p2a: Flutter Mane\n|-end|p2a: Flutter Mane|Protosynthesis|[silent]\n|\n|upkeep\n|\n|t:|1700890850\n|switch|p2a: Landorus|Landorus-Therian, L50, M|88\/100\n|-ability|p2a: Landorus|Intimidate|boost\n|-unboost|p1a: King Dedede|atk|1\n|-unboost|p1b: Samus|atk|1\n|turn|5\n|inactive|kaloseevee has 30 seconds left.\n|\n|t:|1700890876\n|-end|p1a: King Dedede|Quark Drive|[silent]\n|switch|p1a: Olimar|Amoonguss, L50, M|100\/100\n|move|p1b: Samus|Spiky Shield|p1b: Samus\n|-singleturn|p1b: Samus|move: Protect\n|move|p2a: Landorus|Stomping Tantrum|p1a: Olimar\n|-damage|p1a: Olimar|70\/100\n|move|p2b: Iron Hands|Wild Charge|p1b: Samus\n|-activate|p1b: Samus|move: Protect\n|-damage|p2b: Iron Hands|78\/100|[from] Spiky Shield|[of] p1b: Samus\n|\n|upkeep\n|turn|6\n|\n|t:|1700890896\n|move|p1a: Olimar|Rage Powder|p1a: Olimar\n|-singleturn|p1a: Olimar|move: Rage Powder\n|move|p2a: Landorus|Stomping Tantrum|p1a: Olimar\n|-damage|p1a: Olimar|40\/100\n|-enditem|p1a: Olimar|Sitrus Berry|[eat]\n|-heal|p1a: Olimar|65\/100|[from] item: Sitrus Berry\n|move|p1b: Samus|Ivy Cudgel|p2a: Landorus|[anim] Ivy Cudgel Water\n|-supereffective|p2a: Landorus\n|-damage|p2a: Landorus|0 fnt\n|faint|p2a: Landorus\n|move|p2b: Iron Hands|Wild Charge|p1a: Olimar\n|-resisted|p1a: Olimar\n|-damage|p1a: Olimar|46\/100\n|-damage|p2b: Iron Hands|74\/100|[from] Recoil\n|\n|upkeep\n|turn|7\n|inactive|BieberDialga has 30 seconds left.\n|\n|t:|1700890924\n|move|p1b: Samus|Spiky Shield|p1b: Samus\n|-singleturn|p1b: Samus|move: Protect\n|move|p2b: Iron Hands|Drain Punch|p1a: Olimar\n|-resisted|p1a: Olimar\n|-damage|p1a: Olimar|31\/100\n|-heal|p2b: Iron Hands|81\/100|[from] drain|[of] p1a: Olimar\n|move|p1a: Olimar|Spore|p2b: Iron Hands\n|-status|p2b: Iron Hands|slp|[from] move: Spore\n|\n|upkeep\n|turn|8\n|\n|t:|1700890947\n|move|p1b: Samus|Swords Dance|p1b: Samus\n|-boost|p1b: Samus|atk|2\n|cant|p2b: Iron Hands|slp\n|move|p1a: Olimar|Pollen Puff|p1b: Samus\n|-heal|p1b: Samus|100\/100\n|\n|upkeep\n|turn|9\n|\n|t:|1700890961\n|move|p1a: Olimar|Rage Powder|p1a: Olimar\n|-singleturn|p1a: Olimar|move: Rage Powder\n|move|p1b: Samus|Ivy Cudgel|p2b: Iron Hands|[anim] Ivy Cudgel Water\n|-damage|p2b: Iron Hands|9\/100 slp\n|-curestatus|p2b: Iron Hands|slp|[msg]\n|move|p2b: Iron Hands|Drain Punch|p1a: Olimar\n|-resisted|p1a: Olimar\n|-damage|p1a: Olimar|14\/100\n|-heal|p2b: Iron Hands|17\/100|[from] drain|[of] p1a: Olimar\n|\n|upkeep\n|turn|10\n|inactive|kaloseevee has 30 seconds left.\n|\n|t:|1700890991\n|move|p1a: Olimar|Rage Powder|p1a: Olimar\n|-singleturn|p1a: Olimar|move: Rage Powder\n|move|p1b: Samus|Ivy Cudgel|p2b: Iron Hands|[anim] Ivy Cudgel Water\n|-damage|p2b: Iron Hands|0 fnt\n|faint|p2b: Iron Hands\n|-end|p2b: Iron Hands|Quark Drive|[silent]\n|\n|win|BieberDialga\n|l|\u2606kaloseevee\n","uploadtime":1700891702,"views":3,"p1id":"bieberdialga","p2id":"kaloseevee","formatid":"gen9vgc2023regulatione","rating":0,"private":0,"password":""}