{"id":"gen9vgc2023regulatione-1996413685","p1":"LogIce","p2":"Eukil","format":"[Gen 9] VGC 2023 Regulation E","log":"|j|\u2606LogIce\n|j|\u2606Eukil\n|n|\u2606LogIce|logice\n|n|\u2606Eukil|eukil\n|html|View the match progress at <a href=\"\/game-bestof3-gen9vgc2023regulatione-1996413684\">game-bestof3-gen9vgc2023regulatione-1996413684<\/a>\n|t:|1700679667\n|gametype|doubles\n|player|p1|LogIce|giovanni-masters|\n|player|p2|Eukil|cress|\n|teamsize|p1|6\n|teamsize|p2|6\n|gen|9\n|tier|[Gen 9] VGC 2023 Regulation E\n|rule|Species Clause: Limit one of each Pok\u00e9mon\n|rule|Item Clause: Limit one of each item\n|clearpoke\n|poke|p1|Chien-Pao, L50|\n|poke|p1|Dragonite, L50, M|\n|poke|p1|Azumarill, L50, F|\n|poke|p1|Farigiraf, L50, M|\n|poke|p1|Sneasler, L50, F|\n|poke|p1|Thwackey, L50, F|\n|poke|p2|Illumise, L50, F|\n|poke|p2|Gardevoir, L50, F|\n|poke|p2|Golem-Alola, L50, M|\n|poke|p2|Ogerpon-Hearthflame, L50, F|\n|poke|p2|Kommo-o, L50, M|\n|poke|p2|Samurott, L50, F|\n|teampreview|4\n|inactive|Battle timer is ON: inactive players will automatically lose when time's up. (requested by LogIce)\n|inactiveoff|Battle timer is now OFF.\n|c|\u2606Eukil|glhf\n|c|\u2606LogIce|glhf\n|\n|t:|1700679733\n|start\n|switch|p1a: Thwackey|Thwackey, L50, F|100\/100\n|switch|p1b: Sneasler|Sneasler, L50, F|100\/100\n|switch|p2a: Gardevoir|Gardevoir, L50, F|100\/100\n|switch|p2b: Golem|Golem-Alola, L50, M|100\/100\n|-fieldstart|move: Grassy Terrain|[from] ability: Grassy Surge|[of] p1a: Thwackey\n|-enditem|p1b: Sneasler|Grassy Seed\n|-boost|p1b: Sneasler|def|1|[from] item: Grassy Seed\n|turn|1\n|\n|t:|1700679756\n|switch|p2b: Illumise|Illumise, L50, F|100\/100\n|move|p1a: Thwackey|Fake Out|p2b: Illumise\n|-damage|p2b: Illumise|90\/100\n|move|p1b: Sneasler|Dire Claw|p2a: Gardevoir\n|-supereffective|p2a: Gardevoir\n|-enditem|p2a: Gardevoir|Focus Sash\n|-damage|p2a: Gardevoir|1\/100\n|move|p2a: Gardevoir|Icy Wind|p1a: Thwackey|[spread] p1a,p1b\n|-supereffective|p1a: Thwackey\n|-damage|p1a: Thwackey|70\/100\n|-damage|p1b: Sneasler|80\/100\n|-unboost|p1a: Thwackey|spe|1\n|-unboost|p1b: Sneasler|spe|1\n|\n|-heal|p1b: Sneasler|86\/100|[from] Grassy Terrain\n|-heal|p2a: Gardevoir|7\/100|[from] Grassy Terrain\n|-heal|p2b: Illumise|96\/100|[from] Grassy Terrain\n|-heal|p1a: Thwackey|76\/100|[from] Grassy Terrain\n|upkeep\n|turn|2\n|\n|t:|1700679787\n|move|p2b: Illumise|Tailwind|p2b: Illumise\n|-sidestart|p2: Eukil|move: Tailwind\n|move|p1a: Thwackey|Grassy Glide|p2a: Gardevoir\n|-damage|p2a: Gardevoir|0 fnt\n|faint|p2a: Gardevoir\n|move|p1b: Sneasler|Swords Dance|p1b: Sneasler\n|-boost|p1b: Sneasler|atk|2\n|\n|-heal|p1b: Sneasler|92\/100|[from] Grassy Terrain\n|-heal|p2b: Illumise|100\/100|[from] Grassy Terrain\n|-heal|p1a: Thwackey|82\/100|[from] Grassy Terrain\n|upkeep\n|\n|t:|1700679800\n|switch|p2a: Kommo-o|Kommo-o, L50, M|100\/100\n|turn|3\n|\n|t:|1700679814\n|switch|p1a: Chien-Pao|Chien-Pao, L50|100\/100\n|-ability|p1a: Chien-Pao|Sword of Ruin\n|-terastallize|p1b: Sneasler|Dark\n|move|p2b: Illumise|Helping Hand|p2a: Kommo-o\n|-singleturn|p2a: Kommo-o|Helping Hand|[of] p2b: Illumise\n|move|p1b: Sneasler|Close Combat|p2a: Kommo-o\n|-damage|p2a: Kommo-o|0 fnt\n|-unboost|p1b: Sneasler|def|1\n|-unboost|p1b: Sneasler|spd|1\n|faint|p2a: Kommo-o\n|\n|-heal|p1b: Sneasler|98\/100|[from] Grassy Terrain\n|upkeep\n|\n|t:|1700679825\n|switch|p2a: Golem|Golem-Alola, L50, M|100\/100\n|turn|4\n|\n|t:|1700679836\n|move|p1b: Sneasler|Close Combat|p2a: Golem\n|-supereffective|p2a: Golem\n|-damage|p2a: Golem|0 fnt\n|-unboost|p1b: Sneasler|def|1\n|-unboost|p1b: Sneasler|spd|1\n|faint|p2a: Golem\n|move|p2b: Illumise|Struggle Bug|p1a: Chien-Pao|[spread] p1a,p1b\n|-supereffective|p1a: Chien-Pao\n|-supereffective|p1b: Sneasler\n|-damage|p1a: Chien-Pao|66\/100\n|-damage|p1b: Sneasler|46\/100\n|-unboost|p1a: Chien-Pao|spa|1\n|-unboost|p1b: Sneasler|spa|1\n|move|p1a: Chien-Pao|Sacred Sword|p2b: Illumise\n|-resisted|p2b: Illumise\n|-damage|p2b: Illumise|81\/100\n|\n|-heal|p1b: Sneasler|52\/100|[from] Grassy Terrain\n|-heal|p2b: Illumise|87\/100|[from] Grassy Terrain\n|-heal|p1a: Chien-Pao|71\/100|[from] Grassy Terrain\n|upkeep\n|turn|5\n|\n|t:|1700679849\n|move|p1b: Sneasler|Dire Claw|p2b: Illumise\n|-damage|p2b: Illumise|0 fnt\n|faint|p2b: Illumise\n|\n|win|LogIce\n|c|\u2606LogIce|gg\n|c|&|\/uhtml prompt-eukil,Eukil is ready for game 2!\n|c|\u2606Eukil|gg\n|inactive|LogIce has 50 seconds to confirm battle start!\n|c|&|\/uhtml prompt-logice,LogIce is ready for game 2!\nBoth players are ready! Starting next match!\n","uploadtime":1700679858,"views":5,"p1id":"logice","p2id":"eukil","formatid":"gen9vgc2023regulatione","rating":0,"private":0,"password":""}