{"id":"gen9vgc2023regulatione-1989145966","p1":"CharlienoB","p2":"moonb0y","format":"[Gen 9] VGC 2023 Regulation E","log":"|j|\u2606CharlienoB\n|j|\u2606moonb0y\n|t:|1699817119\n|gametype|doubles\n|player|p1|CharlienoB|1|1069\n|player|p2|moonb0y|juggler|1067\n|teamsize|p1|6\n|teamsize|p2|6\n|gen|9\n|tier|[Gen 9] VGC 2023 Regulation E\n|rated|\n|rule|Species Clause: Limit one of each Pok\u00e9mon\n|rule|Item Clause: Limit one of each item\n|clearpoke\n|poke|p1|Dondozo, L50, M|\n|poke|p1|Tatsugiri, L50, F|\n|poke|p1|Flamigo, L50, M|\n|poke|p1|Rillaboom, L50, M|\n|poke|p1|Volcarona, L50, F|\n|poke|p1|Landorus-Therian, L50, M|\n|poke|p2|Cresselia, L50, F|\n|poke|p2|Ursaluna-Bloodmoon, L50, M|\n|poke|p2|Torkoal, L50, F|\n|poke|p2|Iron Hands, L50|\n|poke|p2|Hatterene, L50, F|\n|poke|p2|Copperajah, L50, F|\n|teampreview|4\n|inactive|Battle timer is ON: inactive players will automatically lose when time's up. (requested by moonb0y)\n|\n|t:|1699817130\n|start\n|switch|p1a: Volcarona|Volcarona, L50, F|100\/100\n|switch|p1b: Landorus|Landorus-Therian, L50, M|100\/100\n|switch|p2a: Cresselia|Cresselia, L50, F|100\/100\n|switch|p2b: Ursaluna|Ursaluna-Bloodmoon, L50, M|100\/100\n|-ability|p1b: Landorus|Intimidate|boost\n|-unboost|p2a: Cresselia|atk|1\n|-unboost|p2b: Ursaluna|atk|1\n|turn|1\n|\n|t:|1699817151\n|-terastallize|p1a: Volcarona|Dragon\n|-terastallize|p2a: Cresselia|Electric\n|move|p2b: Ursaluna|Protect|p2b: Ursaluna\n|-singleturn|p2b: Ursaluna|Protect\n|move|p1b: Landorus|U-turn|p2a: Cresselia\n|-damage|p2a: Cresselia|88\/100\n|\n|t:|1699817161\n|switch|p1b: Rillaboom|Rillaboom, L50, M|100\/100|[from] U-turn\n|-fieldstart|move: Grassy Terrain|[from] ability: Grassy Surge|[of] p1b: Rillaboom\n|move|p1a: Volcarona|Fiery Dance|p2a: Cresselia\n|-damage|p2a: Cresselia|63\/100\n|-boost|p1a: Volcarona|spa|1\n|move|p2a: Cresselia|Trick Room|p2a: Cresselia\n|-fieldstart|move: Trick Room|[of] p2a: Cresselia\n|\n|upkeep\n|turn|2\n|inactive|moonb0y has 30 seconds left.\n|inactive|moonb0y has 20 seconds left.\n|inactive|moonb0y has 15 seconds left.\n|\n|t:|1699817202\n|move|p2b: Ursaluna|Blood Moon|p1b: Rillaboom\n|-damage|p1b: Rillaboom|11\/100\n|-damage|p2b: Ursaluna|90\/100|[from] item: Life Orb\n|move|p2a: Cresselia|Ice Beam|p1b: Rillaboom\n|-supereffective|p1b: Rillaboom\n|-damage|p1b: Rillaboom|0 fnt\n|faint|p1b: Rillaboom\n|move|p1a: Volcarona|Giga Drain|p2b: Ursaluna\n|-supereffective|p2b: Ursaluna\n|-damage|p2b: Ursaluna|0 fnt\n|faint|p2b: Ursaluna\n|\n|upkeep\n|\n|t:|1699817216\n|switch|p2b: Iron Hands|Iron Hands, L50|100\/100\n|switch|p1b: Landorus|Landorus-Therian, L50, M|100\/100\n|-ability|p1b: Landorus|Intimidate|boost\n|-unboost|p2a: Cresselia|atk|1\n|-unboost|p2b: Iron Hands|atk|1\n|turn|3\n|\n|t:|1699817230\n|move|p1a: Volcarona|Protect|p1a: Volcarona\n|-singleturn|p1a: Volcarona|Protect\n|move|p2b: Iron Hands|Fake Out|p1b: Landorus\n|-damage|p1b: Landorus|87\/100\n|move|p2a: Cresselia|Ice Beam|p1a: Volcarona\n|-activate|p1a: Volcarona|move: Protect\n|cant|p1b: Landorus|flinch\n|\n|upkeep\n|turn|4\n|\n|t:|1699817248\n|switch|p1b: Flamigo|Flamigo, L50, M|100\/100\n|-copyboost|p1b: Flamigo|p1a: Volcarona|[from] ability: Costar\n|move|p2b: Iron Hands|Thunder Punch|p1a: Volcarona\n|-resisted|p1a: Volcarona\n|-damage|p1a: Volcarona|83\/100\n|move|p2a: Cresselia|Ice Beam|p1a: Volcarona\n|-supereffective|p1a: Volcarona\n|-damage|p1a: Volcarona|52\/100\n|move|p1a: Volcarona|Fiery Dance|p2a: Cresselia\n|-damage|p2a: Cresselia|29\/100\n|\n|-heal|p1a: Volcarona|58\/100|[from] Grassy Terrain\n|upkeep\n|turn|5\n|\n|t:|1699817269\n|move|p1a: Volcarona|Protect|p1a: Volcarona\n|-singleturn|p1a: Volcarona|Protect\n|move|p1b: Flamigo|Protect|p1b: Flamigo\n|-singleturn|p1b: Flamigo|Protect\n|move|p2b: Iron Hands|Thunder Punch|p1b: Flamigo\n|-activate|p1b: Flamigo|move: Protect\n|move|p2a: Cresselia|Ice Beam|p1b: Flamigo\n|-activate|p1b: Flamigo|move: Protect\n|\n|-heal|p1a: Volcarona|65\/100|[from] Grassy Terrain\n|-fieldend|move: Trick Room\n|-fieldend|move: Grassy Terrain\n|upkeep\n|turn|6\n|\n|t:|1699817287\n|move|p1b: Flamigo|Brave Bird|p2b: Iron Hands\n|-damage|p2b: Iron Hands|66\/100\n|-damage|p1b: Flamigo|81\/100|[from] Recoil\n|move|p1a: Volcarona|Fiery Dance|p2a: Cresselia\n|-damage|p2a: Cresselia|0 fnt\n|faint|p2a: Cresselia\n|move|p2b: Iron Hands|Thunder Punch|p1b: Flamigo\n|-supereffective|p1b: Flamigo\n|-damage|p1b: Flamigo|0 fnt\n|faint|p1b: Flamigo\n|\n|upkeep\n|\n|t:|1699817300\n|switch|p1b: Landorus|Landorus-Therian, L50, M|87\/100\n|switch|p2a: Torkoal|Torkoal, L50, F|100\/100\n|-ability|p1b: Landorus|Intimidate|boost\n|-unboost|p2a: Torkoal|atk|1\n|-unboost|p2b: Iron Hands|atk|1\n|-weather|SunnyDay|[from] ability: Drought|[of] p2a: Torkoal\n|turn|7\n|\n|t:|1699817316\n|move|p1b: Landorus|Stomping Tantrum|p2a: Torkoal\n|-supereffective|p2a: Torkoal\n|-damage|p2a: Torkoal|35\/100\n|move|p1a: Volcarona|Fiery Dance|p2b: Iron Hands\n|-damage|p2b: Iron Hands|0 fnt\n|faint|p2b: Iron Hands\n|-end|p2b: Iron Hands|Quark Drive|[silent]\n|move|p2a: Torkoal|Eruption|p1a: Volcarona|[spread] p1a,p1b\n|-resisted|p1a: Volcarona\n|-damage|p1a: Volcarona|53\/100\n|-damage|p1b: Landorus|52\/100\n|\n|-weather|SunnyDay|[upkeep]\n|upkeep\n|turn|8\n|\n|t:|1699817332\n|move|p1b: Landorus|Stomping Tantrum|p2a: Torkoal\n|-supereffective|p2a: Torkoal\n|-damage|p2a: Torkoal|0 fnt\n|faint|p2a: Torkoal\n|\n|win|CharlienoB\n|raw|CharlienoB's rating: 1069 &rarr; <strong>1098<\/strong><br \/>(+29 for winning)\n|raw|moonb0y's rating: 1067 &rarr; <strong>1047<\/strong><br \/>(-20 for losing)\n","uploadtime":1699817354,"views":20,"p1id":"charlienob","p2id":"moonb0y","formatid":"gen9vgc2023regulatione","rating":1047,"private":0,"password":""}