{"id":"gen9vgc2023regulatione-1998563527","p1":"newusernovice","p2":"rowlet 13z13","format":"[Gen 9] VGC 2023 Regulation E","log":"|j|\u2606newusernovice\n|j|\u2606rowlet 13z13\n|t:|1700956814\n|gametype|doubles\n|player|p1|newusernovice|brawly|1388\n|player|p2|rowlet 13z13|aaron|1306\n|teamsize|p1|6\n|teamsize|p2|6\n|gen|9\n|tier|[Gen 9] VGC 2023 Regulation E\n|rated|\n|rule|Species Clause: Limit one of each Pok\u00e9mon\n|rule|Item Clause: Limit one of each item\n|clearpoke\n|poke|p1|Armarouge, L50, M|\n|poke|p1|Gothitelle, L50, M|\n|poke|p1|Torkoal, L50, M|\n|poke|p1|Flutter Mane, L50|\n|poke|p1|Indeedee-F, L50, F|\n|poke|p1|Urshifu-*, L50, M|\n|poke|p2|Dondozo, L50, M|\n|poke|p2|Tatsugiri, L50, M|\n|poke|p2|Iron Hands, L50|\n|poke|p2|Amoonguss, L50, F|\n|poke|p2|Murkrow, L50, M|\n|poke|p2|Arcanine-Hisui, L50, M|\n|teampreview|4\n|inactive|Battle timer is ON: inactive players will automatically lose when time's up. (requested by newusernovice)\n|inactive|newusernovice has 60 seconds left.\n|inactive|rowlet 13z13 has 60 seconds left.\nrowlet 13z13 has agreed to open team sheets.\n|\n|t:|1700956874\n|start\n|switch|p1a: Armarouge|Armarouge, L50, M|100\/100\n|switch|p1b: Indeedee|Indeedee-F, L50, F|100\/100\n|switch|p2a: Dondozo|Dondozo, L50, M|100\/100\n|switch|p2b: Tatsugiri|Tatsugiri, L50, M|100\/100\n|-activate|p2b: Tatsugiri|ability: Commander|[of] p2a: Dondozo\n|-boost|p2a: Dondozo|atk|2\n|-boost|p2a: Dondozo|spa|2\n|-boost|p2a: Dondozo|spe|2\n|-boost|p2a: Dondozo|def|2\n|-boost|p2a: Dondozo|spd|2\n|-fieldstart|move: Psychic Terrain|[from] ability: Psychic Surge|[of] p1b: Indeedee\n|turn|1\n|inactive|newusernovice has 30 seconds left.\n|\n|t:|1700956907\n|move|p1a: Armarouge|Wide Guard|p1a: Armarouge\n|-singleturn|p1a: Armarouge|Wide Guard\n|move|p2a: Dondozo|Earthquake|p1b: Indeedee|[spread] \n|-miss|p2a: Dondozo|p2b: Tatsugiri\n|-activate|p1a: Armarouge|move: Wide Guard\n|-activate|p1b: Indeedee|move: Wide Guard\n|move|p1b: Indeedee|Trick Room|p1b: Indeedee\n|-fieldstart|move: Trick Room|[of] p1b: Indeedee\n|\n|upkeep\n|turn|2\n|\n|t:|1700956926\n|-terastallize|p1a: Armarouge|Psychic\n|move|p1b: Indeedee|Helping Hand|p1a: Armarouge\n|-singleturn|p1a: Armarouge|Helping Hand|[of] p1b: Indeedee\n|move|p1a: Armarouge|Expanding Force|p2b: Tatsugiri|[spread] p2a\n|-miss|p1a: Armarouge|p2b: Tatsugiri\n|-damage|p2a: Dondozo|13\/100\n|-damage|p1a: Armarouge|91\/100|[from] item: Life Orb\n|move|p2a: Dondozo|Wave Crash|p1a: Armarouge\n|-crit|p1a: Armarouge\n|-damage|p1a: Armarouge|0 fnt\n|faint|p1a: Armarouge\n|-damage|p2a: Dondozo|0 fnt|[from] Recoil\n|faint|p2a: Dondozo\n|\n|upkeep\n|inactive|rowlet 13z13 has 30 seconds left.\n|inactive|rowlet 13z13 has 20 seconds left.\n|inactive|rowlet 13z13 has 15 seconds left.\n|inactive|rowlet 13z13 has 10 seconds left.\n|inactive|rowlet 13z13 has 5 seconds left.\n|\n|t:|1700956981\n|switch|p1a: Torkoal|Torkoal, L50, M|100\/100\n|switch|p2a: Arcanine|Arcanine-Hisui, L50, M|100\/100\n|-weather|SunnyDay|[from] ability: Drought|[of] p1a: Torkoal\n|-ability|p2a: Arcanine|Intimidate|boost\n|-unboost|p1a: Torkoal|atk|1\n|-unboost|p1b: Indeedee|atk|1\n|turn|3\n|inactive|rowlet 13z13 has 30 seconds left.\n|inactive|rowlet 13z13 has 20 seconds left.\n|inactive|rowlet 13z13 has 15 seconds left.\n|\n|t:|1700957022\n|move|p1b: Indeedee|Follow Me|p1b: Indeedee\n|-singleturn|p1b: Indeedee|move: Follow Me\n|move|p1a: Torkoal|Earth Power|p2a: Arcanine\n|-supereffective|p2a: Arcanine\n|-damage|p2a: Arcanine|0 fnt\n|faint|p2a: Arcanine\n|move|p2b: Tatsugiri|Muddy Water|p1a: Torkoal|[spread] p1a,p1b\n|-supereffective|p1a: Torkoal\n|-damage|p1a: Torkoal|56\/100\n|-damage|p1b: Indeedee|87\/100\n|\n|-weather|SunnyDay|[upkeep]\n|upkeep\n|\n|t:|1700957026\n|switch|p2a: Murkrow|Murkrow, L50, M|100\/100\n|turn|4\n|\n|t:|1700957041\n|move|p1b: Indeedee|Helping Hand|p1a: Torkoal\n|-singleturn|p1a: Torkoal|Helping Hand|[of] p1b: Indeedee\n|move|p1a: Torkoal|Heat Wave|p2b: Tatsugiri|[spread] p2a,p2b\n|-resisted|p2b: Tatsugiri\n|-damage|p2a: Murkrow|0 fnt\n|-damage|p2b: Tatsugiri|77\/100\n|-status|p2b: Tatsugiri|brn\n|faint|p2a: Murkrow\n|move|p2b: Tatsugiri|Muddy Water|p1b: Indeedee|[spread] p1a,p1b\n|-supereffective|p1a: Torkoal\n|-damage|p1a: Torkoal|15\/100\n|-damage|p1b: Indeedee|73\/100\n|-unboost|p1a: Torkoal|accuracy|1\n|\n|-weather|SunnyDay|[upkeep]\n|-damage|p2b: Tatsugiri|71\/100 brn|[from] brn\n|upkeep\n|turn|5\n|\n|t:|1700957057\n|move|p1a: Torkoal|Heat Wave|p2b: Tatsugiri|[miss]\n|-miss|p1a: Torkoal|p2b: Tatsugiri\n|move|p1b: Indeedee|Dazzling Gleam|p2b: Tatsugiri\n|-supereffective|p2b: Tatsugiri\n|-damage|p2b: Tatsugiri|30\/100 brn\n|move|p2b: Tatsugiri|Muddy Water|p1b: Indeedee|[spread] p1a,p1b\n|-supereffective|p1a: Torkoal\n|-damage|p1a: Torkoal|0 fnt\n|-damage|p1b: Indeedee|59\/100\n|-unboost|p1b: Indeedee|accuracy|1\n|faint|p1a: Torkoal\n|\n|-weather|SunnyDay|[upkeep]\n|-damage|p2b: Tatsugiri|24\/100 brn|[from] brn\n|-fieldend|move: Trick Room\n|-fieldend|move: Psychic Terrain\n|upkeep\n|\n|t:|1700957063\n|switch|p1a: Flutter Mane|Flutter Mane, L50|100\/100\n|-activate|p1a: Flutter Mane|ability: Protosynthesis\n|-start|p1a: Flutter Mane|protosynthesisspa\n|turn|6\n|\n|t:|1700957069\n|-terastallize|p2b: Tatsugiri|Steel\n|move|p1b: Indeedee|Helping Hand|p1a: Flutter Mane\n|-singleturn|p1a: Flutter Mane|Helping Hand|[of] p1b: Indeedee\n|move|p1a: Flutter Mane|Moonblast|p2b: Tatsugiri\n|-resisted|p2b: Tatsugiri\n|-damage|p2b: Tatsugiri|0 fnt\n|faint|p2b: Tatsugiri\n|\n|win|newusernovice\n|raw|newusernovice's rating: 1388 &rarr; <strong>1403<\/strong><br \/>(+15 for winning)\n|raw|rowlet 13z13's rating: 1306 &rarr; <strong>1291<\/strong><br \/>(-15 for losing)\n|l|\u2606rowlet 13z13\n","uploadtime":1700957097,"views":3,"p1id":"newusernovice","p2id":"rowlet13z13","formatid":"gen9vgc2023regulatione","rating":1291,"private":0,"password":""}