{"id":"gen9vgc2023regulatione-1998174034","p1":"anotherhito","p2":"Yellowflash 2509","format":"[Gen 9] VGC 2023 Regulation E","log":"|j|\u2606anotherhito\n|j|\u2606Yellowflash 2509\n|t:|1700906220\n|gametype|doubles\n|player|p1|anotherhito|170|1074\n|player|p2|Yellowflash 2509|riley|1189\n|teamsize|p1|6\n|teamsize|p2|6\n|gen|9\n|tier|[Gen 9] VGC 2023 Regulation E\n|rated|\n|rule|Species Clause: Limit one of each Pok\u00e9mon\n|rule|Item Clause: Limit one of each item\n|clearpoke\n|poke|p1|Azumarill, L50, M|\n|poke|p1|Jumpluff, L50, F|\n|poke|p1|Farigiraf, L50, F|\n|poke|p1|Braviary-Hisui, L50, M|\n|poke|p1|Pachirisu, L50, F|\n|poke|p1|Sneasel, L50, F|\n|poke|p2|Toxapex, L50, F|\n|poke|p2|Goodra-Hisui, L50, M|\n|poke|p2|Grimmsnarl, L50, M|\n|poke|p2|Sinistcha-Masterpiece, L50|\n|poke|p2|Landorus-Therian, L50, M|\n|poke|p2|Iron Hands, L50|\n|teampreview|4\n|inactive|Battle timer is ON: inactive players will automatically lose when time's up. (requested by Yellowflash 2509)\n|inactive|anotherhito has 60 seconds left.\n|inactive|Yellowflash 2509 has 60 seconds left.\n|\n|t:|1700906258\n|start\n|switch|p1a: Pachirisu|Pachirisu, L50, F|100\/100\n|switch|p1b: Sneasel|Sneasel, L50, F|100\/100\n|switch|p2a: Toxapex|Toxapex, L50, F, shiny|100\/100\n|switch|p2b: Goodra|Goodra-Hisui, L50, M|100\/100\n|turn|1\n|inactive|anotherhito has 30 seconds left.\n|inactive|Yellowflash 2509 has 30 seconds left.\n|\n|t:|1700906300\n|move|p1b: Sneasel|Swords Dance|p1b: Sneasel\n|-boost|p1b: Sneasel|atk|2\n|move|p1a: Pachirisu|Nuzzle|p2b: Goodra\n|-resisted|p2b: Goodra\n|-damage|p2b: Goodra|99\/100\n|-status|p2b: Goodra|par\n|move|p2a: Toxapex|Infestation|p1a: Pachirisu\n|-damage|p1a: Pachirisu|98\/100\n|-activate|p1a: Pachirisu|move: Infestation|[of] p2a: Toxapex\n|move|p2b: Goodra|Body Press|p1b: Sneasel\n|-supereffective|p1b: Sneasel\n|-damage|p1b: Sneasel|0 fnt\n|faint|p1b: Sneasel\n|\n|-heal|p2b: Goodra|100\/100 par|[from] item: Leftovers\n|-damage|p1a: Pachirisu|81\/100|[from] move: Infestation|[partiallytrapped]\n|upkeep\n|\n|t:|1700906314\n|switch|p1b: Azumarill|Azumarill, L50, M|100\/100\n|turn|2\n|\n|t:|1700906331\n|move|p1a: Pachirisu|Nuzzle|p2a: Toxapex\n|-supereffective|p2a: Toxapex\n|-damage|p2a: Toxapex|95\/100\n|-status|p2a: Toxapex|par\n|move|p1b: Azumarill|Belly Drum|p1b: Azumarill\n|-damage|p1b: Azumarill|50\/100\n|-setboost|p1b: Azumarill|atk|6|[from] move: Belly Drum\n|-enditem|p1b: Azumarill|Sitrus Berry|[eat]\n|-heal|p1b: Azumarill|75\/100|[from] item: Sitrus Berry\n|move|p2b: Goodra|Shelter|p2b: Goodra\n|-boost|p2b: Goodra|def|2\n|move|p2a: Toxapex|Substitute|p2a: Toxapex\n|-start|p2a: Toxapex|Substitute\n|-damage|p2a: Toxapex|71\/100 par\n|\n|-damage|p1a: Pachirisu|65\/100|[from] move: Infestation|[partiallytrapped]\n|upkeep\n|turn|3\n|inactive|anotherhito has 30 seconds left.\n|\n|t:|1700906359\n|move|p1a: Pachirisu|Follow Me|p1a: Pachirisu\n|-singleturn|p1a: Pachirisu|move: Follow Me\n|move|p1b: Azumarill|Play Rough|p2b: Goodra\n|-damage|p2b: Goodra|26\/100 par\n|cant|p2b: Goodra|par\n|move|p2a: Toxapex|Infestation|p1a: Pachirisu\n|-damage|p1a: Pachirisu|62\/100\n|\n|-heal|p2b: Goodra|32\/100 par|[from] item: Leftovers\n|-damage|p1a: Pachirisu|46\/100|[from] move: Infestation|[partiallytrapped]\n|upkeep\n|turn|4\n|inactive|Yellowflash 2509 has 30 seconds left.\n|\n|t:|1700906389\n|switch|p2b: Sinistcha|Sinistcha-Masterpiece, L50|100\/100\n|-heal|p2a: Toxapex|95\/100 par|[from] ability: Hospitality|[of] p2b: Sinistcha\n|move|p1a: Pachirisu|Super Fang|p2a: Toxapex\n|-end|p2a: Toxapex|Substitute\n|move|p1b: Azumarill|Play Rough|p2b: Sinistcha\n|-damage|p2b: Sinistcha|0 fnt\n|faint|p2b: Sinistcha\n|move|p2a: Toxapex|Infestation|p1b: Azumarill\n|-resisted|p1b: Azumarill\n|-damage|p1b: Azumarill|73\/100\n|-activate|p1b: Azumarill|move: Infestation|[of] p2a: Toxapex\n|\n|-damage|p1a: Pachirisu|30\/100|[from] move: Infestation|[partiallytrapped]\n|-damage|p1b: Azumarill|57\/100|[from] move: Infestation|[partiallytrapped]\n|upkeep\n|\n|t:|1700906406\n|switch|p2b: Iron Hands|Iron Hands, L50|100\/100\n|turn|5\n|\n|t:|1700906435\n|-terastallize|p2b: Iron Hands|Grass\n|move|p1b: Azumarill|Protect|p1b: Azumarill\n|-singleturn|p1b: Azumarill|Protect\n|move|p2a: Toxapex|Baneful Bunker|p2a: Toxapex\n|-singleturn|p2a: Toxapex|move: Protect\n|move|p1a: Pachirisu|Super Fang|p2a: Toxapex\n|-activate|p2a: Toxapex|move: Protect\n|-status|p1a: Pachirisu|psn\n|move|p2b: Iron Hands|Wild Charge|p1b: Azumarill\n|-activate|p1b: Azumarill|move: Protect\n|\n|-damage|p1a: Pachirisu|18\/100 psn|[from] psn\n|-damage|p1a: Pachirisu|2\/100 psn|[from] move: Infestation|[partiallytrapped]\n|-damage|p1b: Azumarill|40\/100|[from] move: Infestation|[partiallytrapped]\n|upkeep\n|turn|6\n|\n|t:|1700906454\n|move|p1a: Pachirisu|Follow Me|p1a: Pachirisu\n|-singleturn|p1a: Pachirisu|move: Follow Me\n|move|p2b: Iron Hands|Wild Charge|p1a: Pachirisu\n|-resisted|p1a: Pachirisu\n|-damage|p1a: Pachirisu|0 fnt\n|faint|p1a: Pachirisu\n|-damage|p2b: Iron Hands|99\/100|[from] Recoil\n|move|p1b: Azumarill|Play Rough|p2b: Iron Hands\n|-damage|p2b: Iron Hands|0 fnt\n|faint|p2b: Iron Hands\n|-end|p2b: Iron Hands|Quark Drive|[silent]\n|move|p2a: Toxapex|Infestation|p1b: Azumarill\n|-resisted|p1b: Azumarill\n|-damage|p1b: Azumarill|39\/100\n|\n|-damage|p1b: Azumarill|22\/100|[from] move: Infestation|[partiallytrapped]\n|upkeep\n|\n|t:|1700906472\n|switch|p1a: Jumpluff|Jumpluff, L50, F|100\/100\n|switch|p2b: Goodra|Goodra-Hisui, L50, M|32\/100 par\n|turn|7\n|\n|t:|1700906485\n|move|p2a: Toxapex|Baneful Bunker|p2a: Toxapex\n|-singleturn|p2a: Toxapex|move: Protect\n|move|p1b: Azumarill|Aqua Jet|p2b: Goodra\n|-resisted|p2b: Goodra\n|-damage|p2b: Goodra|0 fnt\n|faint|p2b: Goodra\n|move|p1a: Jumpluff|Pollen Puff|p1b: Azumarill\n|-heal|p1b: Azumarill|72\/100\n|\n|-damage|p1b: Azumarill|56\/100|[from] move: Infestation|[partiallytrapped]\n|upkeep\n|turn|8\n|\n|t:|1700906500\n|move|p1a: Jumpluff|Pollen Puff|p1b: Azumarill\n|-heal|p1b: Azumarill|100\/100\n|move|p1b: Azumarill|Play Rough|p2a: Toxapex\n|-resisted|p2a: Toxapex\n|-damage|p2a: Toxapex|21\/100 par\n|cant|p2a: Toxapex|par\n|\n|-damage|p1b: Azumarill|84\/100|[from] move: Infestation|[partiallytrapped]\n|upkeep\n|turn|9\n|-message|Yellowflash 2509 forfeited.\n|\n|win|anotherhito\n|raw|anotherhito's rating: 1074 &rarr; <strong>1112<\/strong><br \/>(+38 for winning)\n|raw|Yellowflash 2509's rating: 1189 &rarr; <strong>1156<\/strong><br \/>(-33 for losing)\n|l|\u2606Yellowflash 2509\n","uploadtime":1700906515,"views":5,"p1id":"anotherhito","p2id":"yellowflash2509","formatid":"gen9vgc2023regulatione","rating":1112,"private":0,"password":""}