{"id":"gen9vgc2023regulatione-1994307862","p1":"yokai19","p2":"naboadictivo","format":"[Gen 9] VGC 2023 Regulation E","log":"|j|\u2606yokai19\n|j|\u2606naboadictivo\n|t:|1700429427\n|gametype|doubles\n|player|p1|yokai19|2|1370\n|player|p2|naboadictivo|169|1321\n|teamsize|p1|6\n|teamsize|p2|6\n|gen|9\n|tier|[Gen 9] VGC 2023 Regulation E\n|rated|\n|rule|Species Clause: Limit one of each Pok\u00e9mon\n|rule|Item Clause: Limit one of each item\n|clearpoke\n|poke|p1|Dusclops, L50, F|\n|poke|p1|Ursaluna-Bloodmoon, L50, M|\n|poke|p1|Ogerpon-Wellspring, L50, F|\n|poke|p1|Heatran, L50, M|\n|poke|p1|Iron Hands, L50|\n|poke|p1|Landorus-Therian, L50, M|\n|poke|p2|Tornadus, L50, M|\n|poke|p2|Urshifu-*, L50, F|\n|poke|p2|Flutter Mane, L50|\n|poke|p2|Arcanine-Hisui, L50, F|\n|poke|p2|Ogerpon-Wellspring, L50, F|\n|poke|p2|Iron Hands, L50|\n|teampreview|4\n|inactive|Battle timer is ON: inactive players will automatically lose when time's up. (requested by naboadictivo)\n|\n|t:|1700429496\n|start\n|switch|p1a: Dusclops|Dusclops, L50, F|100\/100\n|switch|p1b: Iron Hands|Iron Hands, L50|100\/100\n|switch|p2a: Flutter Mane|Flutter Mane, L50|100\/100\n|switch|p2b: Urshifu|Urshifu-Rapid-Strike, L50, F|100\/100\n|-ability|p1a: Dusclops|Pressure\n|turn|1\n|inactive|naboadictivo has 30 seconds left.\n|\n|t:|1700429527\n|switch|p2b: Iron Hands|Iron Hands, L50|100\/100\n|move|p1b: Iron Hands|Fake Out|p2b: Iron Hands\n|-damage|p2b: Iron Hands|89\/100\n|move|p2a: Flutter Mane|Moonblast|p1b: Iron Hands\n|-supereffective|p1b: Iron Hands\n|-damage|p1b: Iron Hands|32\/100\n|-unboost|p1b: Iron Hands|spa|1\n|move|p1a: Dusclops|Trick Room|p1a: Dusclops\n|-fieldstart|move: Trick Room|[of] p1a: Dusclops\n|\n|upkeep\n|turn|2\n|inactive|yokai19 has 30 seconds left.\n|inactive|naboadictivo has 30 seconds left.\n|\n|t:|1700429561\n|move|p2b: Iron Hands|Fake Out|p1b: Iron Hands\n|-damage|p1b: Iron Hands|21\/100\n|move|p1a: Dusclops|Will-O-Wisp|p2b: Iron Hands\n|-status|p2b: Iron Hands|brn\n|cant|p1b: Iron Hands|flinch\n|move|p2a: Flutter Mane|Moonblast|p1b: Iron Hands\n|-supereffective|p1b: Iron Hands\n|-damage|p1b: Iron Hands|0 fnt\n|faint|p1b: Iron Hands\n|-end|p1b: Iron Hands|Quark Drive|[silent]\n|\n|-damage|p2b: Iron Hands|83\/100 brn|[from] brn\n|upkeep\n|\n|t:|1700429575\n|switch|p1b: Ursaluna|Ursaluna-Bloodmoon, L50, M|100\/100\n|turn|3\n|inactive|naboadictivo has 30 seconds left.\n|\n|t:|1700429604\n|-terastallize|p1b: Ursaluna|Normal\n|move|p1a: Dusclops|Pain Split|p1b: Ursaluna\n|-sethp|p1b: Ursaluna|86\/100|[from] move: Pain Split|[silent]\n|-sethp|p1a: Dusclops|100\/100|[from] move: Pain Split\n|move|p1b: Ursaluna|Blood Moon|p2a: Flutter Mane\n|-damage|p2a: Flutter Mane|0 fnt\n|faint|p2a: Flutter Mane\n|-end|p2a: Flutter Mane|Protosynthesis|[silent]\n|move|p2b: Iron Hands|Wild Charge|p1b: Ursaluna\n|-damage|p1b: Ursaluna|68\/100\n|-damage|p2b: Iron Hands|79\/100 brn|[from] Recoil\n|\n|-damage|p2b: Iron Hands|73\/100 brn|[from] brn\n|upkeep\n|\n|t:|1700429618\n|switch|p2a: Ogerpon|Ogerpon-Wellspring, L50, F|100\/100\n|turn|4\n|\n|t:|1700429636\n|move|p1a: Dusclops|Brick Break|p1b: Ursaluna\n|-supereffective|p1b: Ursaluna\n|-damage|p1b: Ursaluna|48\/100\n|-enditem|p1b: Ursaluna|Weakness Policy\n|-boost|p1b: Ursaluna|atk|2|[from] item: Weakness Policy\n|-boost|p1b: Ursaluna|spa|2|[from] item: Weakness Policy\n|move|p1b: Ursaluna|Hyper Voice|p2a: Ogerpon|[spread] p2a,p2b\n|-damage|p2a: Ogerpon|0 fnt\n|-damage|p2b: Iron Hands|18\/100 brn\n|faint|p2a: Ogerpon\n|move|p2b: Iron Hands|Drain Punch|p1b: Ursaluna\n|-supereffective|p1b: Ursaluna\n|-damage|p1b: Ursaluna|16\/100\n|-heal|p2b: Iron Hands|33\/100 brn|[from] drain|[of] p1b: Ursaluna\n|\n|-damage|p2b: Iron Hands|27\/100 brn|[from] brn\n|upkeep\n|\n|t:|1700429649\n|switch|p2a: Urshifu|Urshifu-Rapid-Strike, L50, F|100\/100\n|turn|5\n|\n|t:|1700429668\n|move|p2a: Urshifu|Aqua Jet|p1b: Ursaluna\n|-damage|p1b: Ursaluna|0 fnt\n|faint|p1b: Ursaluna\n|move|p1a: Dusclops|Will-O-Wisp|p2a: Urshifu|[miss]\n|-miss|p1a: Dusclops|p2a: Urshifu\n|move|p2b: Iron Hands|Drain Punch|p1a: Dusclops\n|-immune|p1a: Dusclops\n|\n|-damage|p2b: Iron Hands|21\/100 brn|[from] brn\n|-fieldend|move: Trick Room\n|upkeep\n|\n|t:|1700429684\n|switch|p1b: Ogerpon|Ogerpon-Wellspring, L50, F|100\/100\n|turn|6\n|-message|naboadictivo forfeited.\n|\n|win|yokai19\n|raw|yokai19's rating: 1370 &rarr; <strong>1387<\/strong><br \/>(+17 for winning)\n|raw|naboadictivo's rating: 1321 &rarr; <strong>1304<\/strong><br \/>(-17 for losing)\n|l|\u2606naboadictivo\n","uploadtime":1700429694,"views":16,"p1id":"yokai19","p2id":"naboadictivo","formatid":"gen9vgc2023regulatione","rating":1304,"private":0,"password":""}