{"id":"gen9vgc2023regulatione-1999830371","p1":"LegendOfShuckle","p2":"Matthiasr56","format":"[Gen 9] VGC 2023 Regulation E","log":"|j|\u2606LegendOfShuckle\n|j|\u2606Matthiasr56\n|t:|1701120709\n|gametype|doubles\n|player|p1|LegendOfShuckle|1|1475\n|player|p2|Matthiasr56|lucas|1388\n|teamsize|p1|6\n|teamsize|p2|6\n|gen|9\n|tier|[Gen 9] VGC 2023 Regulation E\n|rated|\n|rule|Species Clause: Limit one of each Pok\u00e9mon\n|rule|Item Clause: Limit one of each item\n|clearpoke\n|poke|p1|Dondozo, L50, F|\n|poke|p1|Tatsugiri, L50, M|\n|poke|p1|Volcarona, L50, F|\n|poke|p1|Iron Hands, L50|\n|poke|p1|Iron Bundle, L50|\n|poke|p1|Sinistcha, L50|\n|poke|p2|Tornadus, L50, M|\n|poke|p2|Urshifu-*, L50, M|\n|poke|p2|Glimmora, L50, F|\n|poke|p2|Dondozo, L50, F|\n|poke|p2|Tatsugiri, L50, F|\n|poke|p2|Flutter Mane, L50|\n|teampreview|4\n|inactive|Battle timer is ON: inactive players will automatically lose when time's up. (requested by Matthiasr56)\nMatthiasr56 rejected open team sheets.\n|\n|t:|1701120735\n|start\n|switch|p1a: Dondozo|Dondozo, L50, F|100\/100\n|switch|p1b: Iron Bundle|Iron Bundle, L50|100\/100\n|switch|p2a: Dondozo|Dondozo, L50, F, shiny|100\/100\n|switch|p2b: Tatsugiri|Tatsugiri, L50, F, shiny|100\/100\n|-activate|p2b: Tatsugiri|ability: Commander|[of] p2a: Dondozo\n|-boost|p2a: Dondozo|atk|2\n|-boost|p2a: Dondozo|spa|2\n|-boost|p2a: Dondozo|spe|2\n|-boost|p2a: Dondozo|def|2\n|-boost|p2a: Dondozo|spd|2\n|turn|1\n|\n|t:|1701120758\n|move|p1a: Dondozo|Protect|p1a: Dondozo\n|-singleturn|p1a: Dondozo|Protect\n|move|p1b: Iron Bundle|Freeze-Dry|p2a: Dondozo\n|-supereffective|p2a: Dondozo\n|-damage|p2a: Dondozo|65\/100\n|move|p2a: Dondozo|Earthquake|p1b: Iron Bundle|[spread] p1b\n|-miss|p2a: Dondozo|p2b: Tatsugiri\n|-activate|p1a: Dondozo|move: Protect\n|-damage|p1b: Iron Bundle|48\/100\n|\n|-heal|p2a: Dondozo|71\/100|[from] item: Leftovers\n|upkeep\n|turn|2\n|\n|t:|1701120781\n|switch|p1a: Sinistcha|Sinistcha, L50|100\/100\n|-heal|p1b: Iron Bundle|73\/100|[from] ability: Hospitality|[of] p1a: Sinistcha\n|move|p1b: Iron Bundle|Protect|p1b: Iron Bundle\n|-singleturn|p1b: Iron Bundle|Protect\n|move|p2a: Dondozo|Protect||[still]\n|-fail|p2a: Dondozo\n|\n|-heal|p2a: Dondozo|77\/100|[from] item: Leftovers\n|upkeep\n|turn|3\n|\n|t:|1701120803\n|move|p1b: Iron Bundle|Encore|p2a: Dondozo\n|-start|p2a: Dondozo|Encore\n|move|p2a: Dondozo|Protect|p2a: Dondozo\n|-singleturn|p2a: Dondozo|Protect\n|move|p1a: Sinistcha|Matcha Gotcha|p2a: Dondozo|[spread] \n|-miss|p1a: Sinistcha|p2b: Tatsugiri\n|-activate|p2a: Dondozo|move: Protect\n|\n|-heal|p2a: Dondozo|84\/100|[from] item: Leftovers\n|upkeep\n|turn|4\n|inactive|LegendOfShuckle has 30 seconds left.\n|\n|t:|1701120828\n|move|p2a: Dondozo|Protect||[still]\n|-fail|p2a: Dondozo\n|move|p1b: Iron Bundle|Freeze-Dry|p2a: Dondozo\n|-supereffective|p2a: Dondozo\n|-damage|p2a: Dondozo|49\/100\n|move|p1a: Sinistcha|Matcha Gotcha|p2b: Tatsugiri|[spread] p2a\n|-miss|p1a: Sinistcha|p2b: Tatsugiri\n|-supereffective|p2a: Dondozo\n|-damage|p2a: Dondozo|27\/100\n|\n|-heal|p2a: Dondozo|33\/100|[from] item: Leftovers\n|upkeep\n|turn|5\n|inactive|LegendOfShuckle has 30 seconds left.\n|\n|t:|1701120854\n|move|p2a: Dondozo|Protect|p2a: Dondozo\n|-singleturn|p2a: Dondozo|Protect\n|move|p1b: Iron Bundle|Freeze-Dry|p2a: Dondozo\n|-activate|p2a: Dondozo|move: Protect\n|move|p1a: Sinistcha|Matcha Gotcha|p2b: Tatsugiri|[spread] \n|-miss|p1a: Sinistcha|p2b: Tatsugiri\n|-activate|p2a: Dondozo|move: Protect\n|\n|-heal|p2a: Dondozo|39\/100|[from] item: Leftovers\n|-end|p2a: Dondozo|Encore\n|upkeep\n|turn|6\n|\n|t:|1701120871\n|move|p1b: Iron Bundle|Encore|p2a: Dondozo\n|-start|p2a: Dondozo|Encore\n|move|p2a: Dondozo|Protect||[still]\n|-fail|p2a: Dondozo\n|move|p1a: Sinistcha|Matcha Gotcha|p2b: Tatsugiri|[spread] \n|-miss|p1a: Sinistcha|p2b: Tatsugiri\n|-miss|p1a: Sinistcha|p2a: Dondozo\n|\n|-heal|p2a: Dondozo|46\/100|[from] item: Leftovers\n|upkeep\n|turn|7\n|\n|t:|1701120889\n|move|p2a: Dondozo|Protect|p2a: Dondozo\n|-singleturn|p2a: Dondozo|Protect\n|move|p1b: Iron Bundle|Freeze-Dry|p2a: Dondozo\n|-activate|p2a: Dondozo|move: Protect\n|move|p1a: Sinistcha|Matcha Gotcha|p2b: Tatsugiri|[spread] \n|-miss|p1a: Sinistcha|p2b: Tatsugiri\n|-activate|p2a: Dondozo|move: Protect\n|\n|-heal|p2a: Dondozo|52\/100|[from] item: Leftovers\n|upkeep\n|turn|8\n|\n|t:|1701120909\n|switch|p1a: Dondozo|Dondozo, L50, F|100\/100\n|move|p2a: Dondozo|Protect||[still]\n|-fail|p2a: Dondozo\n|move|p1b: Iron Bundle|Freeze-Dry|p2a: Dondozo\n|-supereffective|p2a: Dondozo\n|-damage|p2a: Dondozo|15\/100\n|\n|-heal|p2a: Dondozo|21\/100|[from] item: Leftovers\n|-end|p2a: Dondozo|Encore\n|upkeep\n|turn|9\n|\n|t:|1701120923\n|switch|p1a: Sinistcha|Sinistcha, L50|100\/100\n|-heal|p1b: Iron Bundle|98\/100|[from] ability: Hospitality|[of] p1a: Sinistcha\n|move|p1b: Iron Bundle|Encore|p2a: Dondozo\n|-start|p2a: Dondozo|Encore\n|move|p2a: Dondozo|Protect||[still]\n|-fail|p2a: Dondozo\n|\n|-heal|p2a: Dondozo|27\/100|[from] item: Leftovers\n|upkeep\n|turn|10\n|\n|t:|1701120942\n|switch|p1a: Dondozo|Dondozo, L50, F|100\/100\n|move|p1b: Iron Bundle|Protect|p1b: Iron Bundle\n|-singleturn|p1b: Iron Bundle|Protect\n|move|p2a: Dondozo|Protect||[still]\n|-fail|p2a: Dondozo\n|\n|-heal|p2a: Dondozo|33\/100|[from] item: Leftovers\n|upkeep\n|turn|11\n|\n|t:|1701120953\n|switch|p1a: Sinistcha|Sinistcha, L50|100\/100\n|-heal|p1b: Iron Bundle|100\/100|[from] ability: Hospitality|[of] p1a: Sinistcha\n|move|p1b: Iron Bundle|Protect|p1b: Iron Bundle\n|-singleturn|p1b: Iron Bundle|Protect\n|move|p2a: Dondozo|Protect||[still]\n|-fail|p2a: Dondozo\n|\n|-heal|p2a: Dondozo|39\/100|[from] item: Leftovers\n|-end|p2a: Dondozo|Encore\n|upkeep\n|turn|12\n|\n|t:|1701120974\n|move|p1b: Iron Bundle|Encore|p2a: Dondozo\n|-start|p2a: Dondozo|Encore\n|move|p2a: Dondozo|Protect|p2a: Dondozo\n|-singleturn|p2a: Dondozo|Protect\n|move|p1a: Sinistcha|Matcha Gotcha|p2b: Tatsugiri|[spread] \n|-miss|p1a: Sinistcha|p2b: Tatsugiri\n|-activate|p2a: Dondozo|move: Protect\n|\n|-heal|p2a: Dondozo|46\/100|[from] item: Leftovers\n|upkeep\n|turn|13\n|\n|t:|1701120989\n|move|p1b: Iron Bundle|Protect|p1b: Iron Bundle\n|-singleturn|p1b: Iron Bundle|Protect\n|move|p2a: Dondozo|Protect||[still]\n|-fail|p2a: Dondozo\n|move|p1a: Sinistcha|Matcha Gotcha|p2a: Dondozo|[spread] p2a\n|-miss|p1a: Sinistcha|p2b: Tatsugiri\n|-supereffective|p2a: Dondozo\n|-damage|p2a: Dondozo|24\/100\n|\n|-heal|p2a: Dondozo|30\/100|[from] item: Leftovers\n|upkeep\n|turn|14\n|\n|t:|1701121007\n|move|p2a: Dondozo|Protect|p2a: Dondozo\n|-singleturn|p2a: Dondozo|Protect\n|move|p1b: Iron Bundle|Freeze-Dry|p2a: Dondozo\n|-activate|p2a: Dondozo|move: Protect\n|move|p1a: Sinistcha|Matcha Gotcha|p2a: Dondozo|[spread] \n|-miss|p1a: Sinistcha|p2b: Tatsugiri\n|-activate|p2a: Dondozo|move: Protect\n|\n|-heal|p2a: Dondozo|36\/100|[from] item: Leftovers\n|-end|p2a: Dondozo|Encore\n|upkeep\n|turn|15\n|\n|t:|1701121026\n|move|p1b: Iron Bundle|Encore|p2a: Dondozo\n|-start|p2a: Dondozo|Encore\n|move|p2a: Dondozo|Protect||[still]\n|-fail|p2a: Dondozo\n|move|p1a: Sinistcha|Matcha Gotcha|p2a: Dondozo|[spread] p2a\n|-miss|p1a: Sinistcha|p2b: Tatsugiri\n|-supereffective|p2a: Dondozo\n|-damage|p2a: Dondozo|12\/100\n|\n|-heal|p2a: Dondozo|18\/100|[from] item: Leftovers\n|upkeep\n|turn|16\n|\n|t:|1701121046\n|switch|p1a: Dondozo|Dondozo, L50, F|100\/100\n|move|p2a: Dondozo|Protect|p2a: Dondozo\n|-singleturn|p2a: Dondozo|Protect\n|move|p1b: Iron Bundle|Freeze-Dry|p2a: Dondozo\n|-activate|p2a: Dondozo|move: Protect\n|\n|-heal|p2a: Dondozo|24\/100|[from] item: Leftovers\n|upkeep\n|turn|17\n|\n|t:|1701121062\n|move|p2a: Dondozo|Protect|p2a: Dondozo\n|-singleturn|p2a: Dondozo|Protect\n|move|p1b: Iron Bundle|Freeze-Dry|p2a: Dondozo\n|-activate|p2a: Dondozo|move: Protect\n|move|p1a: Dondozo|Order Up|p2a: Dondozo\n|-activate|p2a: Dondozo|move: Protect\n|\n|-heal|p2a: Dondozo|31\/100|[from] item: Leftovers\n|-end|p2a: Dondozo|Encore\n|upkeep\n|turn|18\n|\n|t:|1701121078\n|move|p1b: Iron Bundle|Freeze-Dry|p2a: Dondozo\n|-supereffective|p2a: Dondozo\n|-damage|p2a: Dondozo|0 fnt\n|faint|p2a: Dondozo\n|move|p1a: Dondozo|Order Up|p2b: Tatsugiri\n|-supereffective|p2b: Tatsugiri\n|-damage|p2b: Tatsugiri|48\/100\n|\n|upkeep\n|\n|t:|1701121087\n|switch|p2a: Urshifu|Urshifu, L50, M|100\/100\n|turn|19\n|\n|t:|1701121101\n|-end|p1b: Iron Bundle|Quark Drive|[silent]\n|switch|p1b: Tatsugiri|Tatsugiri, L50, M|100\/100\n|-activate|p1b: Tatsugiri|ability: Commander|[of] p1a: Dondozo\n|-boost|p1a: Dondozo|atk|2\n|-boost|p1a: Dondozo|spa|2\n|-boost|p1a: Dondozo|spe|2\n|-boost|p1a: Dondozo|def|2\n|-boost|p1a: Dondozo|spd|2\n|move|p1a: Dondozo|Earthquake|p2b: Tatsugiri|[spread] p2a,p2b\n|-miss|p1a: Dondozo|p1b: Tatsugiri\n|-crit|p2b: Tatsugiri\n|-damage|p2a: Urshifu|55\/100\n|-damage|p2b: Tatsugiri|0 fnt\n|faint|p2b: Tatsugiri\n|move|p2a: Urshifu|Close Combat|p1b: Tatsugiri|[miss]\n|-miss|p2a: Urshifu|p1b: Tatsugiri\n|\n|upkeep\n|\n|t:|1701121117\n|switch|p2b: Glimmora|Glimmora, L50, F, shiny|100\/100\n|turn|20\n|\n|t:|1701121125\n|move|p1a: Dondozo|Earthquake|p2b: Glimmora|[spread] p2a,p2b\n|-miss|p1a: Dondozo|p1b: Tatsugiri\n|-supereffective|p2b: Glimmora\n|-damage|p2a: Urshifu|2\/100\n|-enditem|p2b: Glimmora|Focus Sash\n|-damage|p2b: Glimmora|1\/100\n|-activate|p2b: Glimmora|ability: Toxic Debris\n|-sidestart|p1: LegendOfShuckle|move: Toxic Spikes\n|move|p2a: Urshifu|Wicked Blow|p1a: Dondozo\n|-crit|p1a: Dondozo\n|-damage|p1a: Dondozo|45\/100\n|-damage|p2a: Urshifu|0 fnt|[from] item: Life Orb\n|faint|p2a: Urshifu\n|move|p2b: Glimmora|Sludge Bomb|p1a: Dondozo\n|-damage|p1a: Dondozo|14\/100\n|\n|-heal|p1a: Dondozo|20\/100|[from] item: Leftovers\n|upkeep\n|turn|21\n|inactive|LegendOfShuckle has 30 seconds left.\n|\n|t:|1701121151\n|move|p2b: Glimmora|Spiky Shield|p2b: Glimmora\n|-singleturn|p2b: Glimmora|move: Protect\n|move|p1a: Dondozo|Order Up|p2b: Glimmora\n|-activate|p2b: Glimmora|move: Protect\n|\n|-heal|p1a: Dondozo|27\/100|[from] item: Leftovers\n|upkeep\n|turn|22\n|n|!Matthiasr56|matthiasr56\n|inactive|Matthiasr56 has 30 seconds left.\n|inactive|Matthiasr56 has 20 seconds left.\n|l|!Matthiasr56\n|inactive|Matthiasr56 disconnected and has a minute to reconnect!\n|player|p2|\n|inactive|Matthiasr56 has 15 seconds left.\n|inactive|Matthiasr56 has 10 seconds left.\n|inactive|Matthiasr56 has 5 seconds left.\n|-message|Matthiasr56 lost due to inactivity.\n|\n|win|LegendOfShuckle\n|raw|LegendOfShuckle's rating: 1475 &rarr; <strong>1490<\/strong><br \/>(+15 for winning)\n|raw|Matthiasr56's rating: 1388 &rarr; <strong>1373<\/strong><br \/>(-15 for losing)\n","uploadtime":1701121159,"views":1,"p1id":"legendofshuckle","p2id":"matthiasr56","formatid":"gen9vgc2023regulatione","rating":1373,"private":0,"password":""}