{"id":"gen9vgc2023regulatione-1991214576","p1":"allanterry52","p2":"Patata Navidenya","format":"[Gen 9] VGC 2023 Regulation E","log":"|j|\u2606allanterry52\n|j|\u2606Patata Navidenya\n|t:|1700057916\n|gametype|doubles\n|player|p1|allanterry52|pokekid|1100\n|player|p2|Patata Navidenya|cilan|1082\n|teamsize|p1|6\n|teamsize|p2|6\n|gen|9\n|tier|[Gen 9] VGC 2023 Regulation E\n|rated|\n|rule|Species Clause: Limit one of each Pok\u00e9mon\n|rule|Item Clause: Limit one of each item\n|clearpoke\n|poke|p1|Armarouge, L50, F|\n|poke|p1|Dragonite, L50, M|\n|poke|p1|Magnezone, L50|\n|poke|p1|Mimikyu, L50, F|\n|poke|p1|Hariyama, L50, F|\n|poke|p1|Skuntank, L50, F|\n|poke|p2|Falinks, L50|\n|poke|p2|Tornadus, L50, M|\n|poke|p2|Indeedee-F, L50, F|\n|poke|p2|Arcanine-Hisui, L50, F|\n|poke|p2|Flutter Mane, L50|\n|poke|p2|Ogerpon-Wellspring, L50, F|\n|teampreview|4\n|inactive|Battle timer is ON: inactive players will automatically lose when time's up. (requested by Patata Navidenya)\n|\n|t:|1700057945\n|start\n|switch|p1a: Dragonite|Dragonite, L50, M|100\/100\n|switch|p1b: Skuntank|Skuntank, L50, F, shiny|100\/100\n|switch|p2a: Falinks|Falinks, L50|100\/100\n|switch|p2b: Flutter Mane|Flutter Mane, L50|100\/100\n|turn|1\n|inactive|allanterry52 has 30 seconds left.\n|\n|t:|1700057972\n|-end|p2b: Flutter Mane|Protosynthesis|[silent]\n|switch|p2b: Indeedee|Indeedee-F, L50, F|100\/100\n|-fieldstart|move: Psychic Terrain|[from] ability: Psychic Surge|[of] p2b: Indeedee\n|-terastallize|p1a: Dragonite|Fire\n|move|p1a: Dragonite|Ice Spinner|p2b: Indeedee\n|-damage|p2b: Indeedee|68\/100\n|-damage|p1a: Dragonite|84\/100|[from] item: Rocky Helmet|[of] p2b: Indeedee\n|-fieldend|move: Psychic Terrain\n|move|p1b: Skuntank|Poison Jab|p2b: Indeedee\n|-damage|p2b: Indeedee|34\/100\n|-damage|p1b: Skuntank|84\/100|[from] item: Rocky Helmet|[of] p2b: Indeedee\n|move|p2a: Falinks|No Retreat|p2a: Falinks\n|-boost|p2a: Falinks|atk|1\n|-boost|p2a: Falinks|def|1\n|-boost|p2a: Falinks|spa|1\n|-boost|p2a: Falinks|spd|1\n|-boost|p2a: Falinks|spe|1\n|-start|p2a: Falinks|move: No Retreat\n|\n|upkeep\n|turn|2\n|inactive|allanterry52 has 30 seconds left.\n|inactive|Patata Navidenya has 30 seconds left.\n|inactive|allanterry52 has 20 seconds left.\n|inactive|Patata Navidenya has 20 seconds left.\n|\n|t:|1700058011\n|move|p2b: Indeedee|Follow Me|p2b: Indeedee\n|-singleturn|p2b: Indeedee|move: Follow Me\n|move|p2a: Falinks|Close Combat|p1b: Skuntank\n|-damage|p1b: Skuntank|0 fnt\n|-unboost|p2a: Falinks|def|1\n|-unboost|p2a: Falinks|spd|1\n|faint|p1b: Skuntank\n|move|p1a: Dragonite|Dragon Claw|p2b: Indeedee\n|-damage|p2b: Indeedee|0 fnt\n|-damage|p1a: Dragonite|67\/100|[from] item: Rocky Helmet|[of] p2b: Indeedee\n|faint|p2b: Indeedee\n|\n|upkeep\n|\n|t:|1700058028\n|switch|p1b: Magnezone|Magnezone, L50|100\/100\n|switch|p2b: Arcanine|Arcanine-Hisui, L50, F|100\/100\n|-ability|p2b: Arcanine|Intimidate|boost\n|-fail|p1a: Dragonite|unboost|Attack|[from] ability: Inner Focus|[of] p1a: Dragonite\n|-unboost|p1b: Magnezone|atk|1\n|turn|3\n|\n|t:|1700058044\n|move|p2a: Falinks|Protect|p2a: Falinks\n|-singleturn|p2a: Falinks|Protect\n|move|p1a: Dragonite|Protect|p1a: Dragonite\n|-singleturn|p1a: Dragonite|Protect\n|move|p2b: Arcanine|Rock Slide|p1b: Magnezone|[spread] p1b\n|-activate|p1a: Dragonite|move: Protect\n|-resisted|p1b: Magnezone\n|-damage|p1b: Magnezone|88\/100\n|cant|p1b: Magnezone|flinch\n|\n|upkeep\n|turn|4\n|\n|t:|1700058061\n|move|p2a: Falinks|Close Combat|p1b: Magnezone\n|-supereffective|p1b: Magnezone\n|-crit|p1b: Magnezone\n|-damage|p1b: Magnezone|0 fnt\n|-unboost|p2a: Falinks|def|1\n|-unboost|p2a: Falinks|spd|1\n|faint|p1b: Magnezone\n|move|p2b: Arcanine|Rock Slide|p1a: Dragonite\n|-supereffective|p1a: Dragonite\n|-damage|p1a: Dragonite|0 fnt\n|faint|p1a: Dragonite\n|\n|upkeep\n|\n|t:|1700058070\n|switch|p1b: Armarouge|Armarouge, L50, F|100\/100\n|turn|5\n|\n|t:|1700058088\n|move|p1b: Armarouge|Protect|p1b: Armarouge\n|-singleturn|p1b: Armarouge|Protect\n|move|p2a: Falinks|Iron Head|p1b: Armarouge\n|-activate|p1b: Armarouge|move: Protect\n|move|p2b: Arcanine|Rock Slide|p1b: Armarouge\n|-activate|p1b: Armarouge|move: Protect\n|\n|upkeep\n|turn|6\n|\n|t:|1700058102\n|move|p2a: Falinks|Iron Head|p1b: Armarouge\n|-resisted|p1b: Armarouge\n|-damage|p1b: Armarouge|80\/100\n|-ability|p1b: Armarouge|Weak Armor|boost\n|-unboost|p1b: Armarouge|def|1\n|-boost|p1b: Armarouge|spe|2\n|move|p1b: Armarouge|Psyshock|p2a: Falinks\n|-supereffective|p2a: Falinks\n|-damage|p2a: Falinks|0 fnt\n|faint|p2a: Falinks\n|move|p2b: Arcanine|Rock Slide|p1b: Armarouge\n|-supereffective|p1b: Armarouge\n|-crit|p1b: Armarouge\n|-damage|p1b: Armarouge|0 fnt\n|faint|p1b: Armarouge\n|\n|win|Patata Navidenya\n|raw|allanterry52's rating: 1100 &rarr; <strong>1074<\/strong><br \/>(-26 for losing)\n|raw|Patata Navidenya's rating: 1082 &rarr; <strong>1111<\/strong><br \/>(+29 for winning)\n|l|\u2606allanterry52\n","uploadtime":1700058119,"views":6,"p1id":"allanterry52","p2id":"patatanavidenya","formatid":"gen9vgc2023regulatione","rating":1074,"private":0,"password":""}