{"id":"gen9vgc2023regulatione-1999398204","p1":"chrisbilledk","p2":"NoahDaGr81","format":"[Gen 9] VGC 2023 Regulation E","log":"|j|\u2606chrisbilledk\n|j|\u2606NoahDaGr81\n|t:|1701073710\n|gametype|doubles\n|player|p1|chrisbilledk|265|1142\n|player|p2|NoahDaGr81|pokemonbreeder|1056\n|teamsize|p1|6\n|teamsize|p2|6\n|gen|9\n|tier|[Gen 9] VGC 2023 Regulation E\n|rated|\n|rule|Species Clause: Limit one of each Pok\u00e9mon\n|rule|Item Clause: Limit one of each item\n|clearpoke\n|poke|p1|Landorus-Therian, L50, M|\n|poke|p1|Flutter Mane, L50|\n|poke|p1|Amoonguss, L50, F|\n|poke|p1|Iron Hands, L50|\n|poke|p1|Heatran, L50, F|\n|poke|p1|Urshifu-*, L50, F|\n|poke|p2|Meowscarada, L50, F|\n|poke|p2|Flutter Mane, L50|\n|poke|p2|Chi-Yu, L50|\n|poke|p2|Ninetales, L50, M|\n|poke|p2|Espeon, L50, M|\n|poke|p2|Roaring Moon, L50|\n|teampreview|4\n|inactive|Battle timer is ON: inactive players will automatically lose when time's up. (requested by chrisbilledk)\nchrisbilledk has agreed to open team sheets.\n|inactive|NoahDaGr81 has 60 seconds left.\n|\n|t:|1701073747\n|start\n|switch|p1a: Flutter Mane|Flutter Mane, L50|100\/100\n|switch|p1b: Urshifu|Urshifu, L50, F|100\/100\n|switch|p2a: Osborne|Flutter Mane, L50, shiny|100\/100\n|switch|p2b: Tsakurai|Ninetales, L50, M, shiny|100\/100\n|-weather|SunnyDay|[from] ability: Drought|[of] p2b: Tsakurai\n|-activate|p1a: Flutter Mane|ability: Protosynthesis\n|-start|p1a: Flutter Mane|protosynthesisspe\n|-activate|p2a: Osborne|ability: Protosynthesis\n|-start|p2a: Osborne|protosynthesisspe\n|turn|1\n|\n|t:|1701073771\n|-terastallize|p2b: Tsakurai|Grass\n|move|p1b: Urshifu|Sucker Punch|p2a: Osborne\n|-damage|p2a: Osborne|17\/100\n|move|p1a: Flutter Mane|Icy Wind|p2b: Tsakurai|[spread] p2b\n|-miss|p1a: Flutter Mane|p2a: Osborne\n|-supereffective|p2b: Tsakurai\n|-damage|p2b: Tsakurai|58\/100\n|-unboost|p2b: Tsakurai|spe|1\n|move|p2a: Osborne|Shadow Ball|p1a: Flutter Mane\n|-supereffective|p1a: Flutter Mane\n|-damage|p1a: Flutter Mane|0 fnt\n|faint|p1a: Flutter Mane\n|-end|p1a: Flutter Mane|Protosynthesis|[silent]\n|-damage|p2a: Osborne|7\/100|[from] item: Life Orb\n|move|p2b: Tsakurai|Energy Ball|p1b: Urshifu\n|-damage|p1b: Urshifu|51\/100\n|\n|-weather|SunnyDay|[upkeep]\n|upkeep\n|\n|t:|1701073781\n|switch|p1a: Landorus|Landorus-Therian, L50, M|100\/100\n|-ability|p1a: Landorus|Intimidate|boost\n|-unboost|p2a: Osborne|atk|1\n|-unboost|p2b: Tsakurai|atk|1\n|turn|2\n|\n|t:|1701073799\n|move|p2a: Osborne|Protect|p2a: Osborne\n|-singleturn|p2a: Osborne|Protect\n|move|p1b: Urshifu|Detect|p1b: Urshifu\n|-singleturn|p1b: Urshifu|Protect\n|move|p1a: Landorus|Rock Slide|p2a: Osborne|[spread] p2b\n|-activate|p2a: Osborne|move: Protect\n|-damage|p2b: Tsakurai|32\/100\n|cant|p2b: Tsakurai|flinch\n|\n|-weather|SunnyDay|[upkeep]\n|upkeep\n|turn|3\n|inactive|NoahDaGr81 has 30 seconds left.\n|\n|t:|1701073825\n|-end|p2a: Osborne|Protosynthesis|[silent]\n|switch|p2a: Ancalagan|Roaring Moon, L50, shiny|100\/100\n|-activate|p2a: Ancalagan|ability: Protosynthesis\n|-start|p2a: Ancalagan|protosynthesisspe\n|move|p1b: Urshifu|Sucker Punch||[still]\n|-fail|p1b: Urshifu\n|move|p1a: Landorus|Rock Slide|p2a: Ancalagan|[spread] \n|-miss|p1a: Landorus|p2a: Ancalagan\n|-miss|p1a: Landorus|p2b: Tsakurai\n|move|p2b: Tsakurai|Burning Jealousy|p1a: Landorus|[spread] p1a,p1b\n|-damage|p1a: Landorus|66\/100\n|-damage|p1b: Urshifu|5\/100\n|\n|-weather|SunnyDay|[upkeep]\n|upkeep\n|turn|4\n|l|\u2606chrisbilledk\n|inactive|chrisbilledk disconnected and has a minute to reconnect!\n|player|p1|\n|inactive|NoahDaGr81 has 30 seconds left.\n|\n|t:|1701073850\n|move|p2a: Ancalagan|Tailwind|p2a: Ancalagan\n|-sidestart|p2: NoahDaGr81|move: Tailwind\n|move|p1a: Landorus|Rock Slide|p2a: Ancalagan|[spread] p2a,p2b\n|-damage|p2a: Ancalagan|79\/100\n|-damage|p2b: Tsakurai|7\/100\n|move|p2b: Tsakurai|Burning Jealousy|p1b: Urshifu|[spread] p1a,p1b\n|-damage|p1a: Landorus|33\/100\n|-damage|p1b: Urshifu|0 fnt\n|faint|p1b: Urshifu\n|\n|-weather|SunnyDay|[upkeep]\n|upkeep\n|j|\u2606chrisbilledk\n|inactive|chrisbilledk reconnected and has 45 seconds left.\n|player|p1|chrisbilledk|265\n|\n|t:|1701073868\n|switch|p1b: Iron Hands|Iron Hands, L50|100\/100\n|turn|5\n|\n|t:|1701073882\n|move|p2b: Tsakurai|Helping Hand|p2a: Ancalagan\n|-singleturn|p2a: Ancalagan|Helping Hand|[of] p2b: Tsakurai\n|move|p1b: Iron Hands|Fake Out|p2a: Ancalagan\n|-damage|p2a: Ancalagan|60\/100\n|move|p2a: Ancalagan|Stomping Tantrum|p1b: Iron Hands\n|-supereffective|p1b: Iron Hands\n|-damage|p1b: Iron Hands|54\/100\n|move|p1a: Landorus|Rock Slide|p2a: Ancalagan|[spread] p2a,p2b\n|-damage|p2a: Ancalagan|39\/100\n|-damage|p2b: Tsakurai|0 fnt\n|faint|p2b: Tsakurai\n|\n|-weather|SunnyDay|[upkeep]\n|upkeep\n|\n|t:|1701073897\n|switch|p2b: Osborne|Flutter Mane, L50, shiny|7\/100\n|-activate|p2b: Osborne|ability: Protosynthesis\n|-start|p2b: Osborne|protosynthesisspe\n|turn|6\n|\n|t:|1701073913\n|move|p2b: Osborne|Icy Wind|p1b: Iron Hands|[spread] p1a,p1b\n|-supereffective|p1a: Landorus\n|-damage|p1a: Landorus|0 fnt\n|-damage|p1b: Iron Hands|42\/100\n|-unboost|p1b: Iron Hands|spe|1\n|faint|p1a: Landorus\n|-damage|p2b: Osborne|0 fnt|[from] item: Life Orb\n|faint|p2b: Osborne\n|-end|p2b: Osborne|Protosynthesis|[silent]\n|move|p2a: Ancalagan|Stomping Tantrum|p1b: Iron Hands\n|-supereffective|p1b: Iron Hands\n|-damage|p1b: Iron Hands|8\/100\n|move|p1b: Iron Hands|Drain Punch|p2a: Ancalagan\n|-supereffective|p2a: Ancalagan\n|-damage|p2a: Ancalagan|0 fnt\n|-heal|p1b: Iron Hands|22\/100|[from] drain|[of] p2a: Ancalagan\n|faint|p2a: Ancalagan\n|-end|p2a: Ancalagan|Protosynthesis|[silent]\n|\n|-weather|SunnyDay|[upkeep]\n|upkeep\n|\n|t:|1701073932\n|switch|p2a: Mercurius|Chi-Yu, L50|100\/100\n|-ability|p2a: Mercurius|Beads of Ruin\n|turn|7\n|\n|t:|1701073942\n|-terastallize|p1b: Iron Hands|Water\n|move|p2a: Mercurius|Lava Plume|p1b: Iron Hands\n|-resisted|p1b: Iron Hands\n|-damage|p1b: Iron Hands|0 fnt\n|faint|p1b: Iron Hands\n|-end|p1b: Iron Hands|Quark Drive|[silent]\n|\n|win|NoahDaGr81\n|raw|chrisbilledk's rating: 1112 &rarr; <strong>1083<\/strong><br \/>(-29 for losing)\n|raw|NoahDaGr81's rating: 1056 &rarr; <strong>1093<\/strong><br \/>(+37 for winning)\n|l|\u2606chrisbilledk\n","uploadtime":1701073951,"views":14,"p1id":"chrisbilledk","p2id":"noahdagr81","formatid":"gen9vgc2023regulatione","rating":1083,"private":0,"password":""}