{"id":"gen9vgc2023regulatione-1991302420","p1":"Zadom123","p2":"Lego superman","format":"[Gen 9] VGC 2023 Regulation E","log":"|j|\u203dZadom123\n|j|\u2606Lego superman\n|t:|1700065757\n|gametype|doubles\n|player|p1|Zadom123|benga|1082\n|player|p2|Lego superman|gentleman-gen4|1116\n|teamsize|p1|6\n|teamsize|p2|6\n|gen|9\n|tier|[Gen 9] VGC 2023 Regulation E\n|rated|\n|rule|Species Clause: Limit one of each Pok\u00e9mon\n|rule|Item Clause: Limit one of each item\n|clearpoke\n|poke|p1|Urshifu-*, L50, F|\n|poke|p1|Amoonguss, L50, F|\n|poke|p1|Arcanine-Hisui, L50, F|\n|poke|p1|Iron Hands, L50|\n|poke|p1|Tornadus, L50, M|\n|poke|p1|Gholdengo, L50|\n|poke|p2|Iron Thorns, L50|\n|poke|p2|Sinistcha-Masterpiece, L50|\n|poke|p2|Thundurus, L50, M|\n|poke|p2|Raichu-Alola, L50, F|\n|poke|p2|Iron Bundle, L50|\n|poke|p2|Sableye, L50, M|\n|teampreview|4\n|inactive|Battle timer is ON: inactive players will automatically lose when time's up. (requested by Zadom123)\n|inactive|Zadom123 has 60 seconds left.\n|inactive|Lego superman has 60 seconds left.\n|inactive|Lego superman has 30 seconds left.\n|inactive|Lego superman has 20 seconds left.\n|inactive|Lego superman has 15 seconds left.\n|\n|t:|1700065836\n|start\n|switch|p1a: Tornadus|Tornadus, L50, M|100\/100\n|switch|p1b: Arcanine|Arcanine-Hisui, L50, F|100\/100\n|switch|p2a: Sableye|Sableye, L50, M|100\/100\n|switch|p2b: Iron Thorns|Iron Thorns, L50|100\/100\n|-ability|p1b: Arcanine|Intimidate|boost\n|-unboost|p2a: Sableye|atk|1\n|-fail|p2b: Iron Thorns|unboost|[from] item: Clear Amulet|[of] p2b: Iron Thorns\n|turn|1\n|\n|t:|1700065858\n|move|p2a: Sableye|Fake Out|p1b: Arcanine\n|-resisted|p1b: Arcanine\n|-damage|p1b: Arcanine|98\/100\n|move|p1a: Tornadus|Tailwind|p1a: Tornadus\n|-sidestart|p1: Zadom123|move: Tailwind\n|cant|p1b: Arcanine|flinch\n|move|p2b: Iron Thorns|Dragon Dance|p2b: Iron Thorns\n|-boost|p2b: Iron Thorns|atk|1\n|-boost|p2b: Iron Thorns|spe|1\n|\n|upkeep\n|turn|2\n|inactive|Lego superman has 30 seconds left.\n|\n|t:|1700065885\n|move|p2a: Sableye|Reflect|p2a: Sableye\n|-sidestart|p2: Lego superman|Reflect\n|move|p1a: Tornadus|Bleakwind Storm|p2a: Sableye|[spread] p2a,p2b\n|-resisted|p2b: Iron Thorns\n|-damage|p2a: Sableye|58\/100\n|-damage|p2b: Iron Thorns|93\/100\n|-unboost|p2a: Sableye|spe|1\n|move|p1b: Arcanine|Will-O-Wisp|p2b: Iron Thorns\n|-status|p2b: Iron Thorns|brn\n|move|p2b: Iron Thorns|Dragon Dance|p2b: Iron Thorns\n|-boost|p2b: Iron Thorns|atk|1\n|-boost|p2b: Iron Thorns|spe|1\n|\n|-damage|p2b: Iron Thorns|87\/100 brn|[from] brn\n|upkeep\n|turn|3\n|\n|t:|1700065905\n|move|p2a: Sableye|Light Screen|p2a: Sableye\n|-sidestart|p2: Lego superman|move: Light Screen\n|move|p1a: Tornadus|Bleakwind Storm|p2a: Sableye|[spread] p2b\n|-miss|p1a: Tornadus|p2a: Sableye\n|-resisted|p2b: Iron Thorns\n|-damage|p2b: Iron Thorns|82\/100 brn\n|move|p1b: Arcanine|Flare Blitz|p2b: Iron Thorns\n|-resisted|p2b: Iron Thorns\n|-damage|p2b: Iron Thorns|69\/100 brn\n|-damage|p1b: Arcanine|93\/100|[from] Recoil\n|move|p2b: Iron Thorns|Dragon Dance|p2b: Iron Thorns\n|-boost|p2b: Iron Thorns|atk|1\n|-boost|p2b: Iron Thorns|spe|1\n|\n|-damage|p2b: Iron Thorns|63\/100 brn|[from] brn\n|upkeep\n|turn|4\n|inactive|Zadom123 has 30 seconds left.\n|\n|t:|1700065931\n|switch|p1a: Urshifu|Urshifu-Rapid-Strike, L50, F|100\/100\n|move|p2a: Sableye|Encore|p1b: Arcanine\n|-start|p1b: Arcanine|Encore\n|move|p2b: Iron Thorns|Dragon Dance|p2b: Iron Thorns\n|-boost|p2b: Iron Thorns|atk|1\n|-boost|p2b: Iron Thorns|spe|1\n|move|p1b: Arcanine|Flare Blitz|p2b: Iron Thorns\n|-resisted|p2b: Iron Thorns\n|-damage|p2b: Iron Thorns|51\/100 brn\n|-damage|p1b: Arcanine|88\/100|[from] Recoil\n|\n|-damage|p2b: Iron Thorns|45\/100 brn|[from] brn\n|-sideend|p1: Zadom123|move: Tailwind\n|upkeep\n|turn|5\n|\n|t:|1700065956\n|switch|p2a: Sinistcha|Sinistcha-Masterpiece, L50|100\/100\n|-heal|p2b: Iron Thorns|70\/100 brn|[from] ability: Hospitality|[of] p2a: Sinistcha\n|-terastallize|p2b: Iron Thorns|Dragon\n|move|p1a: Urshifu|Aqua Jet|p2b: Iron Thorns\n|-resisted|p2b: Iron Thorns\n|-damage|p2b: Iron Thorns|63\/100 brn\n|move|p2b: Iron Thorns|Dragon Claw|p1a: Urshifu\n|-damage|p1a: Urshifu|33\/100\n|move|p1b: Arcanine|Flare Blitz|p2b: Iron Thorns\n|-resisted|p2b: Iron Thorns\n|-damage|p2b: Iron Thorns|52\/100 brn\n|-damage|p1b: Arcanine|84\/100|[from] Recoil\n|\n|-damage|p2b: Iron Thorns|46\/100 brn|[from] brn\n|upkeep\n|turn|6\n|inactive|Lego superman has 30 seconds left.\n|\n|t:|1700065990\n|switch|p2a: Sableye|Sableye, L50, M|58\/100\n|move|p2b: Iron Thorns|Rock Slide|p1a: Urshifu|[spread] p1a,p1b\n|-resisted|p1a: Urshifu\n|-supereffective|p1b: Arcanine\n|-damage|p1a: Urshifu|10\/100\n|-damage|p1b: Arcanine|0 fnt\n|faint|p1b: Arcanine\n|cant|p1a: Urshifu|flinch\n|\n|-damage|p2b: Iron Thorns|40\/100 brn|[from] brn\n|upkeep\n|\n|t:|1700065999\n|switch|p1b: Iron Hands|Iron Hands, L50|100\/100\n|turn|7\n|\n|t:|1700066008\n|switch|p2a: Sinistcha|Sinistcha-Masterpiece, L50|100\/100\n|-heal|p2b: Iron Thorns|65\/100 brn|[from] ability: Hospitality|[of] p2a: Sinistcha\n|move|p2b: Iron Thorns|Protect|p2b: Iron Thorns\n|-singleturn|p2b: Iron Thorns|Protect\n|move|p1b: Iron Hands|Fake Out|p2b: Iron Thorns\n|-activate|p2b: Iron Thorns|move: Protect\n|move|p1a: Urshifu|Close Combat|p2b: Iron Thorns\n|-damage|p2b: Iron Thorns|25\/100 brn\n|-unboost|p1a: Urshifu|def|1\n|-unboost|p1a: Urshifu|spd|1\n|\n|-damage|p2b: Iron Thorns|19\/100 brn|[from] brn\n|upkeep\n|turn|8\n|inactive|Lego superman has 30 seconds left.\n|\n|t:|1700066038\n|move|p2a: Sinistcha|Rage Powder|p2a: Sinistcha\n|-singleturn|p2a: Sinistcha|move: Rage Powder\n|move|p2b: Iron Thorns|Rock Slide|p1a: Urshifu|[spread] \n|-miss|p2b: Iron Thorns|p1a: Urshifu\n|-miss|p2b: Iron Thorns|p1b: Iron Hands\n|move|p1a: Urshifu|Close Combat|p2a: Sinistcha\n|-immune|p2a: Sinistcha\n|move|p1b: Iron Hands|Wild Charge|p2a: Sinistcha\n|-resisted|p2a: Sinistcha\n|-damage|p2a: Sinistcha|89\/100\n|-damage|p1b: Iron Hands|98\/100|[from] Recoil\n|\n|-heal|p2a: Sinistcha|95\/100|[from] item: Leftovers\n|-damage|p2b: Iron Thorns|13\/100 brn|[from] brn\n|upkeep\n|turn|9\n|-message|Zadom123 forfeited.\n|\n|win|Lego superman\n|raw|Zadom123's rating: 1082 &rarr; <strong>1062<\/strong><br \/>(-20 for losing)\n|raw|Lego superman's rating: 1116 &rarr; <strong>1139<\/strong><br \/>(+23 for winning)\n|l|\u203dZadom123\n","uploadtime":1700066201,"views":10,"p1id":"zadom123","p2id":"legosuperman","formatid":"gen9vgc2023regulatione","rating":1062,"private":0,"password":""}