{"id":"gen9vgc2023regulatione-1998007890","p1":"Vicentefc2","p2":"Yankee love youuu","format":"[Gen 9] VGC 2023 Regulation E","log":"|j|\u2606Vicentefc2\n|j|\u2606Yankee love youuu\n|t:|1700878293\n|gametype|doubles\n|player|p1|Vicentefc2|265|1405\n|player|p2|Yankee love youuu|lady-gen4|1583\n|teamsize|p1|6\n|teamsize|p2|6\n|gen|9\n|tier|[Gen 9] VGC 2023 Regulation E\n|rated|\n|rule|Species Clause: Limit one of each Pok\u00e9mon\n|rule|Item Clause: Limit one of each item\n|clearpoke\n|poke|p1|Amoonguss, L50, F|\n|poke|p1|Iron Hands, L50|\n|poke|p1|Arcanine-Hisui, L50, M|\n|poke|p1|Gholdengo, L50|\n|poke|p1|Tornadus, L50, M|\n|poke|p1|Urshifu-*, L50, M|\n|poke|p2|Iron Hands, L50|\n|poke|p2|Kingambit, L50, M|\n|poke|p2|Gyarados, L50, M|\n|poke|p2|Sinistcha-Masterpiece, L50|\n|poke|p2|Grimmsnarl, L50, M|\n|poke|p2|Chi-Yu, L50|\n|teampreview|4\n|inactive|Battle timer is ON: inactive players will automatically lose when time's up. (requested by Vicentefc2)\n|inactive|Vicentefc2 has 60 seconds left.\n|inactive|Yankee love youuu has 60 seconds left.\n|\n|t:|1700878356\n|start\n|switch|p1a: Tornadus|Tornadus, L50, M|100\/100\n|switch|p1b: Gholdengo|Gholdengo, L50|100\/100\n|switch|p2a: Grimmsnarl|Grimmsnarl, L50, M|100\/100\n|switch|p2b: Chi-Yu|Chi-Yu, L50|100\/100\n|-ability|p2b: Chi-Yu|Beads of Ruin\n|turn|1\n|\n|t:|1700878371\n|move|p1b: Gholdengo|Protect|p1b: Gholdengo\n|-singleturn|p1b: Gholdengo|Protect\n|move|p1a: Tornadus|Tailwind|p1a: Tornadus\n|-sidestart|p1: Vicentefc2|move: Tailwind\n|move|p2a: Grimmsnarl|Light Screen|p2a: Grimmsnarl\n|-sidestart|p2: Yankee love youuu|move: Light Screen\n|move|p2b: Chi-Yu|Nasty Plot|p2b: Chi-Yu\n|-boost|p2b: Chi-Yu|spa|2\n|\n|upkeep\n|turn|2\n|\n|t:|1700878385\n|-terastallize|p1b: Gholdengo|Dragon\n|move|p1a: Tornadus|Rain Dance|p1a: Tornadus\n|-weather|RainDance\n|move|p2a: Grimmsnarl|Thunder Wave|p1a: Tornadus\n|-status|p1a: Tornadus|par\n|move|p1b: Gholdengo|Nasty Plot|p1b: Gholdengo\n|-boost|p1b: Gholdengo|spa|2\n|move|p2b: Chi-Yu|Dark Pulse|p1b: Gholdengo\n|-damage|p1b: Gholdengo|0 fnt\n|faint|p1b: Gholdengo\n|\n|-weather|RainDance|[upkeep]\n|upkeep\n|\n|t:|1700878396\n|switch|p1b: Arcanine|Arcanine-Hisui, L50, M|100\/100\n|-ability|p1b: Arcanine|Intimidate|boost\n|-unboost|p2a: Grimmsnarl|atk|1\n|-unboost|p2b: Chi-Yu|atk|1\n|turn|3\n|\n|t:|1700878403\n|switch|p1a: Iron Hands|Iron Hands, L50|100\/100\n|move|p2b: Chi-Yu|Protect|p2b: Chi-Yu\n|-singleturn|p2b: Chi-Yu|Protect\n|move|p2a: Grimmsnarl|Thunder Wave|p1b: Arcanine\n|-status|p1b: Arcanine|par\n|cant|p1b: Arcanine|par\n|\n|-weather|RainDance|[upkeep]\n|upkeep\n|turn|4\n|\n|t:|1700878423\n|-terastallize|p2b: Chi-Yu|Ghost\n|move|p2a: Grimmsnarl|Reflect|p2a: Grimmsnarl\n|-sidestart|p2: Yankee love youuu|Reflect\n|move|p2b: Chi-Yu|Dark Pulse|p1b: Arcanine\n|-damage|p1b: Arcanine|0 fnt\n|faint|p1b: Arcanine\n|move|p1a: Iron Hands|Heavy Slam|p2a: Grimmsnarl\n|-supereffective|p2a: Grimmsnarl\n|-damage|p2a: Grimmsnarl|37\/100\n|\n|-weather|RainDance|[upkeep]\n|-sideend|p1: Vicentefc2|move: Tailwind\n|upkeep\n|\n|t:|1700878429\n|switch|p1b: Tornadus|Tornadus, L50, M|100\/100 par\n|turn|5\n|\n|t:|1700878442\n|move|p2b: Chi-Yu|Protect|p2b: Chi-Yu\n|-singleturn|p2b: Chi-Yu|Protect\n|move|p1b: Tornadus|Tailwind|p1b: Tornadus\n|-sidestart|p1: Vicentefc2|move: Tailwind\n|move|p1a: Iron Hands|Wild Charge|p2b: Chi-Yu\n|-activate|p2b: Chi-Yu|move: Protect\n|move|p2a: Grimmsnarl|Spirit Break|p1a: Iron Hands\n|-supereffective|p1a: Iron Hands\n|-damage|p1a: Iron Hands|74\/100\n|-unboost|p1a: Iron Hands|spa|1\n|\n|-weather|RainDance|[upkeep]\n|upkeep\n|turn|6\n|\n|t:|1700878453\n|move|p2b: Chi-Yu|Heat Wave|p1b: Tornadus|[spread] p1a,p1b\n|-damage|p1a: Iron Hands|41\/100\n|-damage|p1b: Tornadus|35\/100 par\n|move|p1a: Iron Hands|Wild Charge|p2b: Chi-Yu\n|-damage|p2b: Chi-Yu|40\/100\n|-damage|p1a: Iron Hands|32\/100|[from] Recoil\n|move|p1b: Tornadus|Bleakwind Storm|p2b: Chi-Yu|[spread] p2a,p2b\n|-damage|p2a: Grimmsnarl|6\/100\n|-damage|p2b: Chi-Yu|13\/100\n|move|p2a: Grimmsnarl|Spirit Break|p1a: Iron Hands\n|-supereffective|p1a: Iron Hands\n|-damage|p1a: Iron Hands|6\/100\n|-unboost|p1a: Iron Hands|spa|1\n|\n|-weather|none\n|upkeep\n|turn|7\n|\n|t:|1700878468\n|switch|p2a: Sinistcha|Sinistcha-Masterpiece, L50|100\/100\n|-heal|p2b: Chi-Yu|37\/100|[from] ability: Hospitality|[of] p2a: Sinistcha\n|move|p2b: Chi-Yu|Heat Wave|p1a: Iron Hands|[spread] p1a,p1b\n|-damage|p1a: Iron Hands|0 fnt\n|-damage|p1b: Tornadus|0 fnt\n|faint|p1a: Iron Hands\n|-end|p1a: Iron Hands|Quark Drive|[silent]\n|faint|p1b: Tornadus\n|\n|win|Yankee love youuu\n|raw|Vicentefc2's rating: 1405 &rarr; <strong>1394<\/strong><br \/>(-11 for losing)\n|raw|Yankee love youuu's rating: 1583 &rarr; <strong>1594<\/strong><br \/>(+11 for winning)\n|l|\u2606Vicentefc2\n","uploadtime":1700878488,"views":12,"p1id":"vicentefc2","p2id":"yankeeloveyouuu","formatid":"gen9vgc2023regulatione","rating":1394,"private":0,"password":""}