{"id":"gen9vgc2023regulatione-1993136231","p1":"The Carkol Rider","p2":"Fernanch","format":"[Gen 9] VGC 2023 Regulation E","log":"|j|\u2606The Carkol Rider\n|j|\u2606Fernanch\n|n|\u2606The Carkol Rider|thecarkolrider\n|n|\u2606Fernanch|fernanch\n|html|View the match progress at <a href=\"\/game-bestof3-gen9vgc2023regulatione-1993136230\">game-bestof3-gen9vgc2023regulatione-1993136230<\/a>\n|t:|1700269056\n|gametype|doubles\n|player|p1|The Carkol Rider|grimsley|\n|player|p2|Fernanch|waiter-gen4dp|\n|teamsize|p1|6\n|teamsize|p2|6\n|gen|9\n|tier|[Gen 9] VGC 2023 Regulation E\n|rule|Species Clause: Limit one of each Pok\u00e9mon\n|rule|Item Clause: Limit one of each item\n|clearpoke\n|poke|p1|Ogerpon-Hearthflame, L50, F|\n|poke|p1|Tornadus, L50, M|\n|poke|p1|Sandy Shocks, L50|\n|poke|p1|Espathra, L50, M|\n|poke|p1|Gholdengo, L50|\n|poke|p1|Kommo-o, L50, M|\n|poke|p2|Iron Hands, L50|\n|poke|p2|Amoonguss, L50, F|\n|poke|p2|Chi-Yu, L50|\n|poke|p2|Grafaiai, L50, F|\n|poke|p2|Regieleki, L50|\n|poke|p2|Jigglypuff, L50, M|\n|teampreview|4\n|c|\u2606The Carkol Rider|I just saw the bo3 option on the challenge page\n|c|\u2606The Carkol Rider|silly me\n|c|\u2606The Carkol Rider|glhf\n|c|\u2606Fernanch|Glhf\n|c|\u2606Fernanch|Yeah it is very easy to do\n|\n|t:|1700269152\n|start\n|switch|p1a: Tornadus|Tornadus, L50, M|100\/100\n|switch|p1b: Ogerpon|Ogerpon-Hearthflame, L50, F|100\/100\n|switch|p2a: Iron Hands|Iron Hands, L50|100\/100\n|switch|p2b: Grafaiai|Grafaiai, L50, F|100\/100\n|-ability|p1b: Ogerpon|Mold Breaker\n|turn|1\n|\n|t:|1700269170\n|move|p1b: Ogerpon|Spiky Shield|p1b: Ogerpon\n|-singleturn|p1b: Ogerpon|move: Protect\n|move|p2a: Iron Hands|Fake Out|p1b: Ogerpon\n|-activate|p1b: Ogerpon|move: Protect\n|-damage|p2a: Iron Hands|88\/100|[from] Spiky Shield|[of] p1b: Ogerpon\n|move|p1a: Tornadus|Taunt|p2b: Grafaiai\n|-start|p2b: Grafaiai|move: Taunt\n|cant|p2b: Grafaiai|move: Taunt|Taunt\n|\n|upkeep\n|turn|2\n|\n|t:|1700269191\n|switch|p2b: Amoonguss|Amoonguss, L50, F|100\/100\n|move|p1a: Tornadus|Sunny Day|p1a: Tornadus\n|-weather|SunnyDay\n|move|p1b: Ogerpon|Ivy Cudgel|p2b: Amoonguss|[anim] Ivy Cudgel Fire\n|-supereffective|p2b: Amoonguss\n|-damage|p2b: Amoonguss|0 fnt\n|faint|p2b: Amoonguss\n|move|p2a: Iron Hands|Wild Charge|p1a: Tornadus\n|-supereffective|p1a: Tornadus\n|-damage|p1a: Tornadus|0 fnt\n|faint|p1a: Tornadus\n|-damage|p2a: Iron Hands|72\/100|[from] Recoil\n|\n|-weather|SunnyDay|[upkeep]\n|upkeep\n|\n|t:|1700269203\n|switch|p1a: Espathra|Espathra, L50, M|100\/100\n|switch|p2b: Regieleki|Regieleki, L50|100\/100\n|turn|3\n|\n|t:|1700269214\n|-end|p2a: Iron Hands|Quark Drive|[silent]\n|switch|p2a: Grafaiai|Grafaiai, L50, F|100\/100\n|move|p1a: Espathra|Helping Hand|p1b: Ogerpon\n|-singleturn|p1b: Ogerpon|Helping Hand|[of] p1a: Espathra\n|move|p2b: Regieleki|Volt Switch|p1a: Espathra\n|-damage|p1a: Espathra|42\/100\n|\n|t:|1700269222\n|switch|p2b: Iron Hands|Iron Hands, L50|72\/100|[from] Volt Switch\n|move|p1b: Ogerpon|Ivy Cudgel|p2a: Grafaiai|[anim] Ivy Cudgel Fire\n|-crit|p2a: Grafaiai\n|-enditem|p2a: Grafaiai|Focus Sash\n|-damage|p2a: Grafaiai|1\/100\n|\n|-weather|SunnyDay|[upkeep]\n|-ability|p1a: Espathra|Speed Boost|boost\n|-boost|p1a: Espathra|spe|1\n|upkeep\n|turn|4\n|\n|t:|1700269283\n|move|p1a: Espathra|Protect|p1a: Espathra\n|-singleturn|p1a: Espathra|Protect\n|move|p1b: Ogerpon|Spiky Shield|p1b: Ogerpon\n|-singleturn|p1b: Ogerpon|move: Protect\n|move|p2a: Grafaiai|Taunt|p1b: Ogerpon\n|-activate|p1b: Ogerpon|move: Protect\n|move|p2b: Iron Hands|Wild Charge|p1a: Espathra\n|-activate|p1a: Espathra|move: Protect\n|\n|-weather|SunnyDay|[upkeep]\n|-ability|p1a: Espathra|Speed Boost|boost\n|-boost|p1a: Espathra|spe|1\n|upkeep\n|turn|5\n|\n|t:|1700269296\n|-terastallize|p1b: Ogerpon|Fire\n|detailschange|p1b: Ogerpon|Ogerpon-Hearthflame-Tera, L50, F, tera:Fire\n|-ability|p1b: Ogerpon|Embody Aspect (Hearthflame)|boost\n|-boost|p1b: Ogerpon|atk|1\n|move|p2a: Grafaiai|Encore|p1b: Ogerpon\n|-start|p1b: Ogerpon|Encore\n|move|p1a: Espathra|Lumina Crash|p2a: Grafaiai\n|-supereffective|p2a: Grafaiai\n|-damage|p2a: Grafaiai|0 fnt\n|faint|p2a: Grafaiai\n|move|p1b: Ogerpon|Spiky Shield||[still]\n|-fail|p1b: Ogerpon\n|move|p2b: Iron Hands|Wild Charge|p1a: Espathra\n|-damage|p1a: Espathra|0 fnt\n|faint|p1a: Espathra\n|-damage|p2b: Iron Hands|64\/100|[from] Recoil\n|\n|-weather|SunnyDay|[upkeep]\n|upkeep\n|\n|t:|1700269305\n|switch|p2a: Regieleki|Regieleki, L50|100\/100\n|switch|p1a: Kommo-o|Kommo-o, L50, M|100\/100\n|turn|6\n|\n|t:|1700269322\n|-terastallize|p2a: Regieleki|Ice\n|move|p1b: Ogerpon|Spiky Shield|p1b: Ogerpon\n|-singleturn|p1b: Ogerpon|move: Protect\n|move|p2a: Regieleki|Tera Blast|p1a: Kommo-o|[anim] Tera Blast Ice\n|-supereffective|p1a: Kommo-o\n|-damage|p1a: Kommo-o|22\/100\n|move|p1a: Kommo-o|Clanging Scales|p2a: Regieleki|[spread] p2a,p2b\n|-damage|p2a: Regieleki|28\/100\n|-damage|p2b: Iron Hands|45\/100\n|-unboost|p1a: Kommo-o|def|1\n|-enditem|p1a: Kommo-o|Throat Spray\n|-boost|p1a: Kommo-o|spa|1|[from] item: Throat Spray\n|move|p2b: Iron Hands|Drain Punch|p1a: Kommo-o\n|-damage|p1a: Kommo-o|0 fnt\n|-heal|p2b: Iron Hands|53\/100|[from] drain|[of] p1a: Kommo-o\n|faint|p1a: Kommo-o\n|\n|-weather|none\n|upkeep\n|turn|7\n|\n|t:|1700269331\n|move|p1b: Ogerpon|Spiky Shield||[still]\n|-fail|p1b: Ogerpon\n|move|p2a: Regieleki|Thunderbolt|p1b: Ogerpon\n|-damage|p1b: Ogerpon|35\/100\n|move|p2b: Iron Hands|Wild Charge|p1b: Ogerpon\n|-damage|p1b: Ogerpon|0 fnt\n|faint|p1b: Ogerpon\n|-damage|p2b: Iron Hands|47\/100|[from] Recoil\n|\n|win|Fernanch\n|c|\u2606The Carkol Rider|gg\n","uploadtime":1700269337,"views":22,"p1id":"thecarkolrider","p2id":"fernanch","formatid":"gen9vgc2023regulatione","rating":0,"private":0,"password":""}