{"id":"gen9vgc2023regulatione-1994910576","p1":"Miner_908","p2":"PhaseKnight25","format":"[Gen 9] VGC 2023 Regulation E","log":"|j|\u2606Miner_908\n|j|\u2606PhaseKnight25\n|t:|1700503894\n|gametype|doubles\n|player|p1|Miner_908|170|1008\n|player|p2|PhaseKnight25|1|1106\n|teamsize|p1|6\n|teamsize|p2|6\n|gen|9\n|tier|[Gen 9] VGC 2023 Regulation E\n|rated|\n|rule|Species Clause: Limit one of each Pok\u00e9mon\n|rule|Item Clause: Limit one of each item\n|clearpoke\n|poke|p1|Cresselia, L50, F|\n|poke|p1|Chien-Pao, L50|\n|poke|p1|Urshifu-*, L50, F|\n|poke|p1|Ninetales-Alola, L50, M|\n|poke|p1|Baxcalibur, L50, M|\n|poke|p1|Flutter Mane, L50|\n|poke|p2|Ceruledge, L50, M|\n|poke|p2|Gastrodon, L50, M|\n|poke|p2|Sinistcha, L50|\n|poke|p2|Baxcalibur, L50, F|\n|poke|p2|Tornadus, L50, M|\n|poke|p2|Iron Valiant, L50|\n|teampreview|4\nMiner_908 has agreed to open team sheets.\nPhaseKnight25 has agreed to open team sheets.\n|inactive|Battle timer is ON: inactive players will automatically lose when time's up. (requested by PhaseKnight25)\n|\n|t:|1700503949\n|start\n|switch|p1a: Ninetales|Ninetales-Alola, L50, M, shiny|100\/100\n|switch|p1b: Chien-Pao|Chien-Pao, L50|100\/100\n|switch|p2a: Tornadus|Tornadus, L50, M|100\/100\n|switch|p2b: Ceruledge|Ceruledge, L50, M|100\/100\n|-ability|p1b: Chien-Pao|Sword of Ruin\n|-weather|Snow|[from] ability: Snow Warning|[of] p1a: Ninetales\n|turn|1\n|inactive|PhaseKnight25 has 30 seconds left.\n|\n|t:|1700503975\n|switch|p2b: Gastrodon|Gastrodon, L50, M|100\/100\n|move|p1b: Chien-Pao|Sucker Punch||[still]\n|-fail|p1b: Chien-Pao\n|move|p2a: Tornadus|Taunt|p1a: Ninetales\n|-start|p1a: Ninetales|move: Taunt\n|cant|p1a: Ninetales|move: Taunt|Aurora Veil\n|\n|-weather|Snow|[upkeep]\n|upkeep\n|turn|2\n|\n|t:|1700503997\n|move|p2a: Tornadus|Tailwind|p2a: Tornadus\n|-sidestart|p2: PhaseKnight25|move: Tailwind\n|move|p1b: Chien-Pao|Icicle Crash|p2a: Tornadus\n|-supereffective|p2a: Tornadus\n|-damage|p2a: Tornadus|0 fnt\n|faint|p2a: Tornadus\n|move|p1a: Ninetales|Icy Wind|p2b: Gastrodon\n|-damage|p2b: Gastrodon|85\/100\n|-unboost|p2b: Gastrodon|spe|1\n|move|p2b: Gastrodon|Liquidation|p1a: Ninetales\n|-damage|p1a: Ninetales|78\/100\n|-unboost|p1a: Ninetales|def|1\n|\n|-weather|Snow|[upkeep]\n|upkeep\n|\n|t:|1700504011\n|switch|p2a: Ceruledge|Ceruledge, L50, M|100\/100\n|turn|3\n|\n|t:|1700504027\n|switch|p1a: Flutter Mane|Flutter Mane, L50|100\/100\n|move|p1b: Chien-Pao|Sucker Punch|p2a: Ceruledge\n|-supereffective|p2a: Ceruledge\n|-damage|p2a: Ceruledge|0 fnt\n|faint|p2a: Ceruledge\n|move|p2b: Gastrodon|Earth Power|p1b: Chien-Pao\n|-damage|p1b: Chien-Pao|48\/100\n|\n|-weather|Snow|[upkeep]\n|upkeep\n|\n|t:|1700504036\n|switch|p2a: Sinistcha|Sinistcha, L50|100\/100\n|-heal|p2b: Gastrodon|100\/100|[from] ability: Hospitality|[of] p2a: Sinistcha\n|turn|4\n|\n|t:|1700504056\n|-terastallize|p2a: Sinistcha|Fire\n|move|p1b: Chien-Pao|Icicle Crash|p2a: Sinistcha\n|-resisted|p2a: Sinistcha\n|-damage|p2a: Sinistcha|75\/100\n|move|p1a: Flutter Mane|Dazzling Gleam|p2b: Gastrodon|[spread] p2a,p2b\n|-resisted|p2a: Sinistcha\n|-damage|p2a: Sinistcha|62\/100\n|-damage|p2b: Gastrodon|67\/100\n|cant|p2a: Sinistcha|flinch\n|move|p2b: Gastrodon|Earth Power|p1b: Chien-Pao\n|-damage|p1b: Chien-Pao|0 fnt\n|faint|p1b: Chien-Pao\n|\n|-weather|Snow|[upkeep]\n|upkeep\n|\n|t:|1700504071\n|switch|p1b: Ninetales|Ninetales-Alola, L50, M, shiny|78\/100\n|turn|5\n|inactive|PhaseKnight25 has 30 seconds left.\n|inactive|Miner_908 has 30 seconds left.\n|\n|t:|1700504108\n|move|p2b: Gastrodon|Helping Hand|p2a: Sinistcha\n|-singleturn|p2a: Sinistcha|Helping Hand|[of] p2b: Gastrodon\n|move|p1a: Flutter Mane|Shadow Ball|p2a: Sinistcha\n|-damage|p2a: Sinistcha|26\/100\n|move|p2a: Sinistcha|Matcha Gotcha|p1a: Flutter Mane|[spread] p1a,p1b\n|-damage|p1a: Flutter Mane|73\/100\n|-heal|p2a: Sinistcha|36\/100|[from] drain|[of] p1a: Flutter Mane\n|-damage|p1b: Ninetales|38\/100\n|-heal|p2a: Sinistcha|56\/100|[from] drain|[of] p1b: Ninetales\n|-enditem|p1b: Ninetales|Sitrus Berry|[eat]\n|-heal|p1b: Ninetales|63\/100|[from] item: Sitrus Berry\n|move|p1b: Ninetales|Icy Wind|p2b: Gastrodon|[spread] p2a,p2b\n|-resisted|p2a: Sinistcha\n|-damage|p2a: Sinistcha|51\/100\n|-damage|p2b: Gastrodon|55\/100\n|-unboost|p2a: Sinistcha|spe|1\n|-unboost|p2b: Gastrodon|spe|1\n|\n|-weather|none\n|-sideend|p2: PhaseKnight25|move: Tailwind\n|upkeep\n|turn|6\n|inactive|Miner_908 has 30 seconds left.\n|inactive|PhaseKnight25 has 30 seconds left.\n|\n|t:|1700504139\n|move|p1a: Flutter Mane|Shadow Ball|p2a: Sinistcha\n|-damage|p2a: Sinistcha|12\/100\n|move|p1b: Ninetales|Disable|p2a: Sinistcha\n|-start|p2a: Sinistcha|Disable|Matcha Gotcha\n|-enditem|p2a: Sinistcha|Mental Herb\n|-end|p2a: Sinistcha|Disable\n|move|p2a: Sinistcha|Strength Sap|p1a: Flutter Mane\n|-unboost|p1a: Flutter Mane|atk|1\n|-heal|p2a: Sinistcha|46\/100\n|move|p2b: Gastrodon|Earth Power|p1b: Ninetales\n|-damage|p1b: Ninetales|28\/100\n|\n|upkeep\n|turn|7\n|inactive|PhaseKnight25 has 30 seconds left.\n|\n|t:|1700504167\n|move|p1a: Flutter Mane|Shadow Ball|p2a: Sinistcha\n|-damage|p2a: Sinistcha|7\/100\n|move|p1b: Ninetales|Disable|p2a: Sinistcha\n|-start|p2a: Sinistcha|Disable|Strength Sap\n|move|p2a: Sinistcha|Shadow Ball|p1a: Flutter Mane\n|-supereffective|p1a: Flutter Mane\n|-damage|p1a: Flutter Mane|27\/100\n|move|p2b: Gastrodon|Earth Power|p1b: Ninetales\n|-damage|p1b: Ninetales|0 fnt\n|faint|p1b: Ninetales\n|\n|upkeep\n|\n|t:|1700504178\n|switch|p1b: Baxcalibur|Baxcalibur, L50, M|100\/100\n|turn|8\n|\n|t:|1700504198\n|move|p1a: Flutter Mane|Icy Wind|p2a: Sinistcha|[spread] p2a,p2b\n|-resisted|p2a: Sinistcha\n|-damage|p2a: Sinistcha|0 fnt\n|-damage|p2b: Gastrodon|42\/100\n|-unboost|p2b: Gastrodon|spe|1\n|faint|p2a: Sinistcha\n|move|p1b: Baxcalibur|Glaive Rush|p2b: Gastrodon\n|-damage|p2b: Gastrodon|0 fnt\n|-singlemove|p1b: Baxcalibur|Glaive Rush|[silent]\n|-damage|p1b: Baxcalibur|84\/100|[from] item: Rocky Helmet|[of] p2b: Gastrodon\n|faint|p2b: Gastrodon\n|\n|win|Miner_908\n|raw|Miner_908's rating: 1008 &rarr; <strong>1057<\/strong><br \/>(+49 for winning)\n|raw|PhaseKnight25's rating: 1106 &rarr; <strong>1074<\/strong><br \/>(-32 for losing)\n|l|\u2606PhaseKnight25\n","uploadtime":1700504213,"views":1,"p1id":"miner908","p2id":"phaseknight25","formatid":"gen9vgc2023regulatione","rating":1057,"private":0,"password":""}