{"id":"gen9vgc2023regulatione-1997424638","p1":"BonleyVGC","p2":"GravityTheGhost","format":"[Gen 9] VGC 2023 Regulation E","log":"|j|\u2606BonleyVGC\n|j|\u2606GravityTheGhost\n|t:|1700802989\n|gametype|doubles\n|player|p1|BonleyVGC|dancer|1147\n|player|p2|GravityTheGhost|pokemonbreeder-gen4|1090\n|teamsize|p1|6\n|teamsize|p2|6\n|gen|9\n|tier|[Gen 9] VGC 2023 Regulation E\n|rated|\n|rule|Species Clause: Limit one of each Pok\u00e9mon\n|rule|Item Clause: Limit one of each item\n|clearpoke\n|poke|p1|Ogerpon-Cornerstone, L50, F|\n|poke|p1|Heatran, L50, F|\n|poke|p1|Tornadus, L50, M|\n|poke|p1|Landorus-Therian, L50, M|\n|poke|p1|Tyranitar, L50, M|\n|poke|p1|Gastrodon, L50, F|\n|poke|p2|Landorus-Therian, L50, M|\n|poke|p2|Flutter Mane, L50|\n|poke|p2|Palafin, L50, F|\n|poke|p2|Weezing, L50, F|\n|poke|p2|Slaking, L50, F|\n|poke|p2|Toedscruel, L50, M|\n|teampreview|4\n|\n|t:|1700803027\n|start\n|switch|p1a: Gastrodon|Gastrodon, L50, F|100\/100\n|switch|p1b: Tornadus|Tornadus, L50, M|100\/100\n|switch|p2a: Top Dogg|Palafin, L50, F|100\/100\n|switch|p2b: blaze da weed|Weezing, L50, F|100\/100\n|-ability|p2b: blaze da weed|Neutralizing Gas\n|turn|1\n|\n|t:|1700803051\n|move|p2a: Top Dogg|Ice Punch|p1b: Tornadus\n|-supereffective|p1b: Tornadus\n|-damage|p1b: Tornadus|38\/100\n|move|p1b: Tornadus|Taunt|p2b: blaze da weed\n|-start|p2b: blaze da weed|move: Taunt\n|cant|p2b: blaze da weed|move: Taunt|Will-O-Wisp\n|move|p1a: Gastrodon|Yawn|p2a: Top Dogg\n|-start|p2a: Top Dogg|move: Yawn|[of] p1a: Gastrodon\n|\n|upkeep\n|turn|2\n|\n|t:|1700803075\n|detailschange|p2a: Top Dogg|Palafin-Hero, L50, F\n|switch|p2a: the DRE|Landorus-Therian, L50, M|100\/100\n|-ability|p2a: the DRE|Intimidate|boost\n|-unboost|p1a: Gastrodon|atk|1\n|-unboost|p1b: Tornadus|atk|1\n|move|p1b: Tornadus|Sandstorm|p1b: Tornadus\n|-weather|Sandstorm\n|move|p2b: blaze da weed|Sludge Bomb|p1a: Gastrodon\n|-resisted|p1a: Gastrodon\n|-damage|p1a: Gastrodon|89\/100\n|move|p1a: Gastrodon|Earth Power|p2b: blaze da weed\n|-supereffective|p2b: blaze da weed\n|-damage|p2b: blaze da weed|19\/100\n|\n|-weather|Sandstorm|[upkeep]\n|-damage|p2b: blaze da weed|13\/100|[from] Sandstorm\n|-heal|p2b: blaze da weed|19\/100|[from] item: Leftovers\n|-heal|p1a: Gastrodon|95\/100|[from] item: Leftovers\n|upkeep\n|turn|3\n|\n|t:|1700803100\n|-end|p2b: blaze da weed|ability: Neutralizing Gas\n|switch|p2b: Top Dogg|Palafin-Hero, L50, F|100\/100\n|-activate|p2b: Top Dogg|ability: Zero to Hero\n|move|p1b: Tornadus|Tailwind|p1b: Tornadus\n|-sidestart|p1: BonleyVGC|move: Tailwind\n|move|p2a: the DRE|Stomping Tantrum|p1a: Gastrodon\n|-damage|p1a: Gastrodon|53\/100\n|move|p1a: Gastrodon|Ice Beam|p2a: the DRE\n|-supereffective|p2a: the DRE\n|-damage|p2a: the DRE|0 fnt\n|faint|p2a: the DRE\n|\n|-weather|Sandstorm|[upkeep]\n|-damage|p2b: Top Dogg|95\/100|[from] Sandstorm\n|-heal|p1a: Gastrodon|59\/100|[from] item: Leftovers\n|upkeep\n|\n|t:|1700803114\n|switch|p2a: snoop pre smoke|Slaking, L50, F|100\/100\n|turn|4\n|\n|t:|1700803129\n|switch|p1b: Landorus|Landorus-Therian, L50, M, shiny|100\/100\n|-ability|p1b: Landorus|Intimidate|boost\n|-unboost|p2a: snoop pre smoke|atk|1\n|-unboost|p2b: Top Dogg|atk|1\n|move|p2b: Top Dogg|Ice Punch|p1b: Landorus\n|-supereffective|p1b: Landorus\n|-damage|p1b: Landorus|5\/100\n|move|p2a: snoop pre smoke|Body Slam|p1a: Gastrodon\n|-damage|p1a: Gastrodon|19\/100\n|move|p1a: Gastrodon|Yawn|p2a: snoop pre smoke\n|-start|p2a: snoop pre smoke|move: Yawn|[of] p1a: Gastrodon\n|\n|-weather|Sandstorm|[upkeep]\n|-damage|p2b: Top Dogg|89\/100|[from] Sandstorm\n|-damage|p2a: snoop pre smoke|94\/100|[from] Sandstorm\n|-heal|p1a: Gastrodon|25\/100|[from] item: Leftovers\n|upkeep\n|turn|5\n|-message|GravityTheGhost forfeited.\n|\n|win|BonleyVGC\n|raw|BonleyVGC's rating: 1147 &rarr; <strong>1168<\/strong><br \/>(+21 for winning)\n|raw|GravityTheGhost's rating: 1090 &rarr; <strong>1070<\/strong><br \/>(-20 for losing)\n|l|\u2606GravityTheGhost\n","uploadtime":1700803174,"views":3,"p1id":"bonleyvgc","p2id":"gravitytheghost","formatid":"gen9vgc2023regulatione","rating":1070,"private":0,"password":""}