{"id":"gen9vgc2023regulatione-1998132684","p1":"kubilicious","p2":"WWWWTF","format":"[Gen 9] VGC 2023 Regulation E","log":"|j|\u2606kubilicious\n|j|\u2606WWWWTF\n|t:|1700897422\n|gametype|doubles\n|player|p1|kubilicious|skyla|1181\n|player|p2|WWWWTF|hiker-gen4|1254\n|teamsize|p1|6\n|teamsize|p2|6\n|gen|9\n|tier|[Gen 9] VGC 2023 Regulation E\n|rated|\n|rule|Species Clause: Limit one of each Pok\u00e9mon\n|rule|Item Clause: Limit one of each item\n|clearpoke\n|poke|p1|Farigiraf, L50, F|\n|poke|p1|Landorus, L50, M|\n|poke|p1|Urshifu-*, L50, F|\n|poke|p1|Heatran, L50, M|\n|poke|p1|Iron Bundle, L50|\n|poke|p1|Rillaboom, L50, M|\n|poke|p2|Annihilape, L50, F|\n|poke|p2|Maushold-Four, L50|\n|poke|p2|Florges, L50, F|\n|poke|p2|Gyarados, L50, F|\n|poke|p2|Dusclops, L50, M|\n|poke|p2|Magcargo, L50, M|\n|teampreview|4\n|\n|t:|1700897464\n|start\n|switch|p1a: Iron Bundle|Iron Bundle, L50|100\/100\n|switch|p1b: Landorus|Landorus, L50, M|100\/100\n|switch|p2a: Annihilape|Annihilape, L50, F|100\/100\n|switch|p2b: Dusclops|Dusclops, L50, M|100\/100\n|-item|p1a: Iron Bundle|Booster Energy|[from] ability: Frisk|[of] p2b: Dusclops|[identify]\n|-item|p1b: Landorus|Life Orb|[from] ability: Frisk|[of] p2b: Dusclops|[identify]\n|-enditem|p1a: Iron Bundle|Booster Energy\n|-activate|p1a: Iron Bundle|ability: Quark Drive|[fromitem]\n|-start|p1a: Iron Bundle|quarkdrivespe\n|turn|1\n|\n|t:|1700897489\n|move|p2a: Annihilape|Protect|p2a: Annihilape\n|-singleturn|p2a: Annihilape|Protect\n|move|p1a: Iron Bundle|Icy Wind|p2a: Annihilape|[spread] p2b\n|-activate|p2a: Annihilape|move: Protect\n|-damage|p2b: Dusclops|92\/100\n|-unboost|p2b: Dusclops|spe|1\n|move|p1b: Landorus|Sandsear Storm|p2b: Dusclops|[spread] \n|-activate|p2a: Annihilape|move: Protect\n|-miss|p1b: Landorus|p2b: Dusclops\n|move|p2b: Dusclops|Trick Room|p2b: Dusclops\n|-fieldstart|move: Trick Room|[of] p2b: Dusclops\n|\n|upkeep\n|turn|2\n|\n|t:|1700897512\n|move|p2b: Dusclops|Shadow Sneak|p2a: Annihilape\n|-supereffective|p2a: Annihilape\n|-damage|p2a: Annihilape|84\/100\n|-enditem|p2a: Annihilape|Weakness Policy\n|-boost|p2a: Annihilape|atk|2|[from] item: Weakness Policy\n|-boost|p2a: Annihilape|spa|2|[from] item: Weakness Policy\n|move|p2a: Annihilape|Rage Fist|p1b: Landorus\n|-damage|p1b: Landorus|0 fnt\n|faint|p1b: Landorus\n|move|p1a: Iron Bundle|Encore|p2a: Annihilape\n|-start|p2a: Annihilape|Encore\n|\n|upkeep\n|\n|t:|1700897523\n|switch|p1b: Heatran|Heatran, L50, M|100\/100\n|turn|3\n|\n|t:|1700897539\n|switch|p2b: Florges|Florges, L50, F|100\/100\n|move|p1a: Iron Bundle|Protect|p1a: Iron Bundle\n|-singleturn|p1a: Iron Bundle|Protect\n|move|p1b: Heatran|Earth Power|p2a: Annihilape\n|-damage|p2a: Annihilape|55\/100\n|move|p2a: Annihilape|Rage Fist|p1b: Heatran\n|-damage|p1b: Heatran|0 fnt\n|faint|p1b: Heatran\n|\n|upkeep\n|\n|t:|1700897551\n|switch|p1b: Urshifu|Urshifu, L50, F|100\/100\n|turn|4\n|\n|t:|1700897569\n|-terastallize|p1b: Urshifu|Dark\n|move|p2b: Florges|Pollen Puff|p2a: Annihilape\n|-heal|p2a: Annihilape|100\/100\n|move|p2a: Annihilape|Rage Fist|p1a: Iron Bundle\n|-damage|p1a: Iron Bundle|0 fnt\n|faint|p1a: Iron Bundle\n|-end|p1a: Iron Bundle|Quark Drive|[silent]\n|move|p1b: Urshifu|Wicked Blow|p2a: Annihilape\n|-crit|p2a: Annihilape\n|-damage|p2a: Annihilape|13\/100\n|\n|upkeep\n|turn|5\n|\n|t:|1700897617\n|switch|p2a: Gyarados|Gyarados, L50, F|100\/100\n|-ability|p2a: Gyarados|Intimidate|boost\n|-unboost|p1b: Urshifu|atk|1\n|move|p2b: Florges|Dazzling Gleam|p1b: Urshifu\n|-supereffective|p1b: Urshifu\n|-damage|p1b: Urshifu|6\/100\n|move|p1b: Urshifu|Wicked Blow|p2b: Florges\n|-resisted|p2b: Florges\n|-crit|p2b: Florges\n|-damage|p2b: Florges|61\/100\n|\n|-heal|p2b: Florges|67\/100|[from] item: Leftovers\n|-fieldend|move: Trick Room\n|upkeep\n|turn|6\n|\n|t:|1700897648\n|move|p1b: Urshifu|Wicked Blow|p2a: Gyarados\n|-crit|p2a: Gyarados\n|-damage|p2a: Gyarados|6\/100\n|move|p2a: Gyarados|Waterfall|p1b: Urshifu\n|-damage|p1b: Urshifu|0 fnt\n|faint|p1b: Urshifu\n|\n|win|WWWWTF\n|raw|kubilicious's rating: 1181 &rarr; <strong>1161<\/strong><br \/>(-20 for losing)\n|raw|WWWWTF's rating: 1254 &rarr; <strong>1274<\/strong><br \/>(+20 for winning)\n|l|\u2606kubilicious\n","uploadtime":1700897659,"views":12,"p1id":"kubilicious","p2id":"wwwwtf","formatid":"gen9vgc2023regulatione","rating":1161,"private":0,"password":""}