{"id":"gen9vgc2023regulatione-1993125916","p1":"exigency","p2":"onemcwolf","format":"[Gen 9] VGC 2023 Regulation E","log":"|j|\u2606exigency\n|j|\u2606onemcwolf\n|t:|1700267810\n|gametype|doubles\n|player|p1|exigency|scientist-gen4|1051\n|player|p2|onemcwolf|265|1000\n|teamsize|p1|6\n|teamsize|p2|6\n|gen|9\n|tier|[Gen 9] VGC 2023 Regulation E\n|rated|\n|rule|Species Clause: Limit one of each Pok\u00e9mon\n|rule|Item Clause: Limit one of each item\n|clearpoke\n|poke|p1|Arcanine-Hisui, L50, M|\n|poke|p1|Gastrodon, L50, F|\n|poke|p1|Rillaboom, L50, M|\n|poke|p1|Gholdengo, L50|\n|poke|p1|Roaring Moon, L50|\n|poke|p1|Okidogi, L50, M|\n|poke|p2|Chi-Yu, L50|\n|poke|p2|Ursaluna-Bloodmoon, L50, M|\n|poke|p2|Conkeldurr, L50, F|\n|poke|p2|Amoonguss, L50, F|\n|poke|p2|Iron Bundle, L50|\n|poke|p2|Gothitelle, L50, F|\n|teampreview|4\nexigency rejected open team sheets.\n|\n|t:|1700267872\n|start\n|switch|p1a: Rillaboom|Rillaboom, L50, M|100\/100\n|switch|p1b: Arcanine|Arcanine-Hisui, L50, M|100\/100\n|switch|p2a: Gothitelle|Gothitelle, L50, F|100\/100\n|switch|p2b: Chi-Yu|Chi-Yu, L50|100\/100\n|-ability|p2b: Chi-Yu|Beads of Ruin\n|-ability|p1b: Arcanine|Intimidate|boost\n|-unboost|p2a: Gothitelle|atk|1\n|-unboost|p2b: Chi-Yu|atk|1\n|-fieldstart|move: Grassy Terrain|[from] ability: Grassy Surge|[of] p1a: Rillaboom\n|turn|1\n|\n|t:|1700267916\n|-terastallize|p1a: Rillaboom|Fire\n|move|p1a: Rillaboom|Fake Out|p2a: Gothitelle\n|-damage|p2a: Gothitelle|88\/100\n|cant|p2a: Gothitelle|flinch\n|move|p2b: Chi-Yu|Heat Wave|p1b: Arcanine|[spread] p1a,p1b\n|-resisted|p1a: Rillaboom\n|-resisted|p1b: Arcanine\n|-damage|p1a: Rillaboom|78\/100\n|-damage|p1b: Arcanine|81\/100\n|move|p1b: Arcanine|Rock Slide|p2a: Gothitelle|[spread] p2a,p2b\n|-supereffective|p2b: Chi-Yu\n|-damage|p2a: Gothitelle|47\/100\n|-damage|p2b: Chi-Yu|0 fnt\n|-enditem|p2a: Gothitelle|Sitrus Berry|[eat]\n|-heal|p2a: Gothitelle|72\/100|[from] item: Sitrus Berry\n|faint|p2b: Chi-Yu\n|\n|-heal|p1b: Arcanine|87\/100|[from] Grassy Terrain\n|-heal|p1a: Rillaboom|84\/100|[from] Grassy Terrain\n|-heal|p2a: Gothitelle|78\/100|[from] Grassy Terrain\n|upkeep\n|\n|t:|1700267939\n|switch|p2b: Ursaluna|Ursaluna-Bloodmoon, L50, M|100\/100\n|turn|2\n|\n|t:|1700267966\n|-terastallize|p2b: Ursaluna|Grass\n|move|p1b: Arcanine|Rock Slide|p2a: Gothitelle|[spread] p2b\n|-miss|p1b: Arcanine|p2a: Gothitelle\n|-damage|p2b: Ursaluna|69\/100\n|move|p1a: Rillaboom|Wood Hammer|p2b: Ursaluna\n|-resisted|p2b: Ursaluna\n|-damage|p2b: Ursaluna|44\/100\n|-damage|p1a: Rillaboom|75\/100|[from] Recoil\n|move|p2b: Ursaluna|Hyper Voice|p1a: Rillaboom|[spread] p1a,p1b\n|-resisted|p1b: Arcanine\n|-damage|p1a: Rillaboom|48\/100\n|-damage|p1b: Arcanine|66\/100\n|-enditem|p2b: Ursaluna|Throat Spray\n|-boost|p2b: Ursaluna|spa|1|[from] item: Throat Spray\n|move|p2a: Gothitelle|Trick Room|p2a: Gothitelle\n|-fieldstart|move: Trick Room|[of] p2a: Gothitelle\n|\n|-heal|p2b: Ursaluna|50\/100|[from] Grassy Terrain\n|-heal|p2a: Gothitelle|85\/100|[from] Grassy Terrain\n|-heal|p1a: Rillaboom|54\/100|[from] Grassy Terrain\n|-heal|p1b: Arcanine|72\/100|[from] Grassy Terrain\n|upkeep\n|turn|3\n|\n|t:|1700268011\n|switch|p2a: Amoonguss|Amoonguss, L50, F|100\/100\n|move|p2b: Ursaluna|Earth Power|p1b: Arcanine\n|-supereffective|p1b: Arcanine\n|-damage|p1b: Arcanine|0 fnt\n|faint|p1b: Arcanine\n|move|p1a: Rillaboom|U-turn|p2b: Ursaluna\n|-supereffective|p2b: Ursaluna\n|-damage|p2b: Ursaluna|17\/100\n|\n|t:|1700268019\n|switch|p1a: Gholdengo|Gholdengo, L50, shiny|100\/100|[from] U-turn\n|\n|-heal|p2b: Ursaluna|23\/100|[from] Grassy Terrain\n|upkeep\n|\n|t:|1700268023\n|switch|p1b: Rillaboom|Rillaboom, L50, M, tera:Fire|54\/100\n|turn|4\n|\n|t:|1700268071\n|move|p1b: Rillaboom|Fake Out|p2a: Amoonguss\n|-damage|p2a: Amoonguss|89\/100\n|cant|p2a: Amoonguss|flinch\n|move|p2b: Ursaluna|Earth Power|p1a: Gholdengo\n|-supereffective|p1a: Gholdengo\n|-damage|p1a: Gholdengo|0 fnt\n|faint|p1a: Gholdengo\n|\n|-heal|p2a: Amoonguss|95\/100|[from] Grassy Terrain\n|-heal|p2a: Amoonguss|100\/100|[from] item: Leftovers\n|-heal|p2b: Ursaluna|29\/100|[from] Grassy Terrain\n|-heal|p1b: Rillaboom|60\/100|[from] Grassy Terrain\n|upkeep\n|\n|t:|1700268079\n|switch|p1a: Gastrodon|Gastrodon, L50, F, shiny|100\/100\n|turn|5\n|\n|t:|1700268115\n|move|p2a: Amoonguss|Pollen Puff|p2b: Ursaluna\n|-heal|p2b: Ursaluna|79\/100\n|move|p2b: Ursaluna|Hyper Voice|p1a: Gastrodon|[spread] p1a,p1b\n|-damage|p1a: Gastrodon|36\/100\n|-damage|p1b: Rillaboom|22\/100\n|move|p1a: Gastrodon|Ice Beam|p2b: Ursaluna\n|-supereffective|p2b: Ursaluna\n|-damage|p2b: Ursaluna|27\/100\n|move|p1b: Rillaboom|U-turn|p2b: Ursaluna\n|-supereffective|p2b: Ursaluna\n|-damage|p2b: Ursaluna|0 fnt\n|faint|p2b: Ursaluna\n|\n|-heal|p1a: Gastrodon|42\/100|[from] Grassy Terrain\n|-heal|p1a: Gastrodon|48\/100|[from] item: Leftovers\n|-heal|p1b: Rillaboom|28\/100|[from] Grassy Terrain\n|-fieldend|move: Grassy Terrain\n|upkeep\n|\n|t:|1700268134\n|switch|p2b: Gothitelle|Gothitelle, L50, F|85\/100\n|turn|6\n|\n|t:|1700268200\n|move|p2a: Amoonguss|Rage Powder|p2a: Amoonguss\n|-singleturn|p2a: Amoonguss|move: Rage Powder\n|move|p1a: Gastrodon|Yawn|p2a: Amoonguss\n|-start|p2a: Amoonguss|move: Yawn|[of] p1a: Gastrodon\n|move|p2b: Gothitelle|Psychic|p1b: Rillaboom\n|-damage|p1b: Rillaboom|7\/100\n|move|p1b: Rillaboom|U-turn|p2a: Amoonguss\n|-crit|p2a: Amoonguss\n|-damage|p2a: Amoonguss|72\/100\n|\n|-heal|p2a: Amoonguss|78\/100|[from] item: Leftovers\n|-heal|p1a: Gastrodon|54\/100|[from] item: Leftovers\n|-fieldend|move: Trick Room\n|upkeep\n|turn|7\n|\n|t:|1700268229\n|move|p1b: Rillaboom|U-turn|p2b: Gothitelle\n|-supereffective|p2b: Gothitelle\n|-damage|p2b: Gothitelle|42\/100\n|move|p2b: Gothitelle|Psychic|p1b: Rillaboom\n|-damage|p1b: Rillaboom|0 fnt\n|faint|p1b: Rillaboom\n|move|p1a: Gastrodon|Ice Beam|p2b: Gothitelle\n|-damage|p2b: Gothitelle|26\/100\n|move|p2a: Amoonguss|Spore|p1a: Gastrodon\n|-status|p1a: Gastrodon|slp|[from] move: Spore\n|\n|-heal|p1a: Gastrodon|61\/100 slp|[from] item: Leftovers\n|-heal|p2a: Amoonguss|84\/100|[from] item: Leftovers\n|-end|p2a: Amoonguss|move: Yawn|[silent]\n|-status|p2a: Amoonguss|slp\n|upkeep\n|turn|8\n|\n|t:|1700268255\n|cant|p1a: Gastrodon|slp\n|move|p2b: Gothitelle|Psychic|p1a: Gastrodon\n|-damage|p1a: Gastrodon|31\/100 slp\n|cant|p2a: Amoonguss|slp\n|\n|-heal|p1a: Gastrodon|38\/100 slp|[from] item: Leftovers\n|-heal|p2a: Amoonguss|90\/100 slp|[from] item: Leftovers\n|upkeep\n|turn|9\n|\n|t:|1700268273\n|move|p2b: Gothitelle|Psychic|p1a: Gastrodon\n|-damage|p1a: Gastrodon|10\/100 slp\n|-curestatus|p1a: Gastrodon|slp|[msg]\n|move|p1a: Gastrodon|Earth Power|p2b: Gothitelle\n|-damage|p2b: Gothitelle|0 fnt\n|faint|p2b: Gothitelle\n|cant|p2a: Amoonguss|slp\n|\n|-heal|p1a: Gastrodon|16\/100|[from] item: Leftovers\n|-heal|p2a: Amoonguss|96\/100 slp|[from] item: Leftovers\n|upkeep\n|turn|10\n|\n|t:|1700268289\n|move|p1a: Gastrodon|Ice Beam|p2a: Amoonguss\n|-supereffective|p2a: Amoonguss\n|-damage|p2a: Amoonguss|55\/100 slp\n|cant|p2a: Amoonguss|slp\n|\n|-heal|p1a: Gastrodon|22\/100|[from] item: Leftovers\n|-heal|p2a: Amoonguss|61\/100 slp|[from] item: Leftovers\n|upkeep\n|turn|11\n|\n|t:|1700268306\n|move|p1a: Gastrodon|Ice Beam|p2a: Amoonguss\n|-supereffective|p2a: Amoonguss\n|-damage|p2a: Amoonguss|25\/100 slp\n|-curestatus|p2a: Amoonguss|slp|[msg]\n|move|p2a: Amoonguss|Spore|p1a: Gastrodon\n|-status|p1a: Gastrodon|slp|[from] move: Spore\n|\n|-heal|p1a: Gastrodon|28\/100 slp|[from] item: Leftovers\n|-heal|p2a: Amoonguss|31\/100|[from] item: Leftovers\n|upkeep\n|turn|12\n|\n|t:|1700268319\n|cant|p1a: Gastrodon|slp\n|move|p2a: Amoonguss|Pollen Puff|p1a: Gastrodon\n|-damage|p1a: Gastrodon|8\/100 slp\n|\n|-heal|p1a: Gastrodon|14\/100 slp|[from] item: Leftovers\n|-heal|p2a: Amoonguss|37\/100|[from] item: Leftovers\n|upkeep\n|turn|13\n|\n|t:|1700268329\n|-curestatus|p1a: Gastrodon|slp|[msg]\n|move|p1a: Gastrodon|Protect|p1a: Gastrodon\n|-singleturn|p1a: Gastrodon|Protect\n|move|p2a: Amoonguss|Pollen Puff|p1a: Gastrodon\n|-activate|p1a: Gastrodon|move: Protect\n|\n|-heal|p1a: Gastrodon|21\/100|[from] item: Leftovers\n|-heal|p2a: Amoonguss|43\/100|[from] item: Leftovers\n|upkeep\n|turn|14\n|\n|t:|1700268383\n|move|p1a: Gastrodon|Ice Beam|p2a: Amoonguss\n|-supereffective|p2a: Amoonguss\n|-damage|p2a: Amoonguss|2\/100\n|move|p2a: Amoonguss|Spore|p1a: Gastrodon\n|-status|p1a: Gastrodon|slp|[from] move: Spore\n|\n|-heal|p1a: Gastrodon|27\/100 slp|[from] item: Leftovers\n|-heal|p2a: Amoonguss|8\/100|[from] item: Leftovers\n|upkeep\n|turn|15\n|\n|t:|1700268394\n|cant|p1a: Gastrodon|slp\n|move|p2a: Amoonguss|Pollen Puff|p1a: Gastrodon\n|-damage|p1a: Gastrodon|7\/100 slp\n|\n|-heal|p1a: Gastrodon|13\/100 slp|[from] item: Leftovers\n|-heal|p2a: Amoonguss|14\/100|[from] item: Leftovers\n|upkeep\n|turn|16\n|\n|t:|1700268405\n|-curestatus|p1a: Gastrodon|slp|[msg]\n|move|p1a: Gastrodon|Protect|p1a: Gastrodon\n|-singleturn|p1a: Gastrodon|Protect\n|move|p2a: Amoonguss|Pollen Puff|p1a: Gastrodon\n|-activate|p1a: Gastrodon|move: Protect\n|\n|-heal|p1a: Gastrodon|20\/100|[from] item: Leftovers\n|-heal|p2a: Amoonguss|20\/100|[from] item: Leftovers\n|upkeep\n|turn|17\n|\n|t:|1700268418\n|move|p1a: Gastrodon|Ice Beam|p2a: Amoonguss\n|-supereffective|p2a: Amoonguss\n|-damage|p2a: Amoonguss|0 fnt\n|faint|p2a: Amoonguss\n|\n|win|exigency\n|raw|exigency's rating: 1051 &rarr; <strong>1079<\/strong><br \/>(+28 for winning)\n|raw|onemcwolf's rating: 1000 &rarr; <strong>1000<\/strong><br \/>(+0 for losing)\n|c|\u2606exigency|I am terribly sorry\n","uploadtime":1700268428,"views":10,"p1id":"exigency","p2id":"onemcwolf","formatid":"gen9vgc2023regulatione","rating":1000,"private":0,"password":""}