{"id":"gen9vgc2023regulatione-1991017982","p1":"Loyalogerbugs","p2":"j1m13o","format":"[Gen 9] VGC 2023 Regulation E","log":"|j|\u2606Loyalogerbugs\n|j|\u2606j1m13o\n|t:|1700028787\n|gametype|doubles\n|player|p1|Loyalogerbugs|lass-gen4|1119\n|player|p2|j1m13o|101|1208\n|teamsize|p1|6\n|teamsize|p2|6\n|gen|9\n|tier|[Gen 9] VGC 2023 Regulation E\n|rated|\n|rule|Species Clause: Limit one of each Pok\u00e9mon\n|rule|Item Clause: Limit one of each item\n|clearpoke\n|poke|p1|Volbeat, L50, M|\n|poke|p1|Illumise, L50, F|\n|poke|p1|Munkidori, L50, M|\n|poke|p1|Fezandipiti, L50, M|\n|poke|p1|Okidogi, L50, M|\n|poke|p1|Ogerpon-Hearthflame, L50, F|\n|poke|p2|Ursaluna-Bloodmoon, L50, M|\n|poke|p2|Torkoal, L50, M|\n|poke|p2|Dusclops, L50, M|\n|poke|p2|Clefable, L50, F|\n|poke|p2|Golem-Alola, L50, F|\n|poke|p2|Lucario, L50, M|\n|teampreview|4\n|inactive|Battle timer is ON: inactive players will automatically lose when time's up. (requested by Loyalogerbugs)\n|inactive|Loyalogerbugs has 60 seconds left.\n|\n|t:|1700028828\n|start\n|switch|p1a: Bubbles|Munkidori, L50, M|100\/100\n|switch|p1b: Fool's Gold|Illumise, L50, F, shiny|100\/100\n|switch|p2a: Mr. Hands|Dusclops, L50, M|100\/100\n|switch|p2b: Clefable|Clefable, L50, F|100\/100\n|-item|p1a: Bubbles|Focus Sash|[from] ability: Frisk|[of] p2a: Mr. Hands|[identify]\n|-item|p1b: Fool's Gold|Toxic Orb|[from] ability: Frisk|[of] p2a: Mr. Hands|[identify]\n|turn|1\n|\n|t:|1700028845\n|move|p1a: Bubbles|Fake Out|p2b: Clefable\n|-damage|p2b: Clefable|92\/100\n|-enditem|p2b: Clefable|Eject Button\n|\n|t:|1700028854\n|switch|p2b: Torkoal|Torkoal, L50, M|100\/100\n|-weather|SunnyDay|[from] ability: Drought|[of] p2b: Torkoal\n|move|p1b: Fool's Gold|Trick|p2a: Mr. Hands\n|-activate|p1b: Fool's Gold|move: Trick|[of] p2a: Mr. Hands\n|-item|p2a: Mr. Hands|Toxic Orb|[from] move: Trick\n|-item|p1b: Fool's Gold|Eviolite|[from] move: Trick\n|move|p2a: Mr. Hands|Trick Room|p2a: Mr. Hands\n|-fieldstart|move: Trick Room|[of] p2a: Mr. Hands\n|\n|-weather|SunnyDay|[upkeep]\n|-status|p2a: Mr. Hands|tox|[from] item: Toxic Orb\n|upkeep\n|turn|2\n|\n|t:|1700028877\n|move|p1b: Fool's Gold|Thunder Wave|p2b: Torkoal\n|-status|p2b: Torkoal|par\n|cant|p2b: Torkoal|par\n|move|p2a: Mr. Hands|Skill Swap|p1a: Bubbles\n|-activate|p2a: Mr. Hands|move: Skill Swap|Toxic Chain|Frisk|[of] p1a: Bubbles\n|-item|p2a: Mr. Hands|Toxic Orb|[from] ability: Frisk|[of] p1a: Bubbles|[identify]\n|-item|p2b: Torkoal|Charcoal|[from] ability: Frisk|[of] p1a: Bubbles|[identify]\n|move|p1a: Bubbles|Parting Shot|p2b: Torkoal\n|-unboost|p2b: Torkoal|atk|1\n|-unboost|p2b: Torkoal|spa|1\n|\n|t:|1700028889\n|switch|p1a: Buttercup|Okidogi, L50, M|100\/100|[from] Parting Shot\n|\n|-weather|SunnyDay|[upkeep]\n|-damage|p2a: Mr. Hands|94\/100 tox|[from] psn\n|upkeep\n|turn|3\n|\n|t:|1700028905\n|move|p2a: Mr. Hands|Helping Hand|p2b: Torkoal\n|-singleturn|p2b: Torkoal|Helping Hand|[of] p2a: Mr. Hands\n|move|p1b: Fool's Gold|Trick|p2b: Torkoal\n|-activate|p1b: Fool's Gold|move: Trick|[of] p2b: Torkoal\n|-item|p2b: Torkoal|Eviolite|[from] move: Trick\n|-item|p1b: Fool's Gold|Charcoal|[from] move: Trick\n|move|p2b: Torkoal|Eruption|p1a: Buttercup|[spread] p1a,p1b\n|-supereffective|p1b: Fool's Gold\n|-damage|p1a: Buttercup|26\/100\n|-damage|p1b: Fool's Gold|0 fnt\n|faint|p1b: Fool's Gold\n|move|p1a: Buttercup|Knock Off|p2b: Torkoal\n|-damage|p2b: Torkoal|72\/100 par\n|-enditem|p2b: Torkoal|Eviolite|[from] move: Knock Off|[of] p1a: Buttercup\n|\n|-weather|SunnyDay|[upkeep]\n|-heal|p1a: Buttercup|32\/100|[from] item: Leftovers\n|-damage|p2a: Mr. Hands|82\/100 tox|[from] psn\n|upkeep\n|\n|t:|1700028916\n|switch|p1b: Bubbles|Munkidori, L50, M|100\/100\n|turn|4\n|\n|t:|1700028938\n|cant|p2b: Torkoal|par\n|move|p1b: Bubbles|Fake Out|p2b: Torkoal\n|-damage|p2b: Torkoal|67\/100 par\n|move|p2a: Mr. Hands|Poltergeist|p1b: Bubbles\n|-activate|p1b: Bubbles|move: Poltergeist|Focus Sash\n|-supereffective|p1b: Bubbles\n|-damage|p1b: Bubbles|4\/100\n|move|p1a: Buttercup|Drain Punch|p2b: Torkoal\n|-damage|p2b: Torkoal|34\/100 par\n|-heal|p1a: Buttercup|47\/100|[from] drain|[of] p2b: Torkoal\n|\n|-weather|SunnyDay|[upkeep]\n|-heal|p1a: Buttercup|53\/100|[from] item: Leftovers\n|-damage|p2a: Mr. Hands|64\/100 tox|[from] psn\n|upkeep\n|turn|5\n|\n|t:|1700028957\n|move|p2a: Mr. Hands|Helping Hand|p2b: Torkoal\n|-singleturn|p2b: Torkoal|Helping Hand|[of] p2a: Mr. Hands\n|cant|p2b: Torkoal|par\n|move|p1a: Buttercup|Drain Punch|p2b: Torkoal\n|-damage|p2b: Torkoal|3\/100 par\n|-heal|p1a: Buttercup|68\/100|[from] drain|[of] p2b: Torkoal\n|move|p1b: Bubbles|Hex|p2a: Mr. Hands\n|-supereffective|p2a: Mr. Hands\n|-damage|p2a: Mr. Hands|0 fnt\n|faint|p2a: Mr. Hands\n|\n|-weather|none\n|-heal|p1a: Buttercup|74\/100|[from] item: Leftovers\n|-fieldend|move: Trick Room\n|upkeep\n|\n|t:|1700028969\n|switch|p2a: Clefable|Clefable, L50, F|92\/100\n|turn|6\n|\n|t:|1700028982\n|move|p1b: Bubbles|Hex|p2b: Torkoal\n|-damage|p2b: Torkoal|0 fnt\n|faint|p2b: Torkoal\n|move|p1a: Buttercup|Knock Off|p2a: Clefable\n|-resisted|p2a: Clefable\n|-crit|p2a: Clefable\n|-damage|p2a: Clefable|70\/100\n|move|p2a: Clefable|Heal Pulse|p2: Torkoal|[notarget]\n|-fail|p2a: Clefable\n|\n|-heal|p1a: Buttercup|80\/100|[from] item: Leftovers\n|upkeep\n|\n|t:|1700028987\n|switch|p2b: Ursaluna|Ursaluna-Bloodmoon, L50, M|100\/100\n|turn|7\n|\n|t:|1700028995\n|-terastallize|p2b: Ursaluna|Normal\n|move|p2a: Clefable|Follow Me|p2a: Clefable\n|-singleturn|p2a: Clefable|move: Follow Me\n|move|p1b: Bubbles|Parting Shot|p2a: Clefable\n|-unboost|p2a: Clefable|atk|1\n|-unboost|p2a: Clefable|spa|1\n|\n|t:|1700029000\n|switch|p1b: Blossom|Fezandipiti, L50, M|100\/100|[from] Parting Shot\n|move|p1a: Buttercup|Drain Punch|p2a: Clefable\n|-resisted|p2a: Clefable\n|-damage|p2a: Clefable|49\/100\n|-heal|p1a: Buttercup|91\/100|[from] drain|[of] p2a: Clefable\n|move|p2b: Ursaluna|Hyper Voice|p1a: Buttercup|[spread] p1a,p1b\n|-enditem|p2b: Ursaluna|Normal Gem|[from] gem\n|-damage|p1a: Buttercup|21\/100\n|-damage|p1b: Blossom|43\/100\n|\n|-heal|p1a: Buttercup|27\/100|[from] item: Leftovers\n|upkeep\n|turn|8\n|\n|t:|1700029015\n|move|p2a: Clefable|Follow Me|p2a: Clefable\n|-singleturn|p2a: Clefable|move: Follow Me\n|move|p1b: Blossom|Icy Wind|p2b: Ursaluna|[spread] p2a,p2b\n|-damage|p2a: Clefable|37\/100\n|-damage|p2b: Ursaluna|84\/100\n|-unboost|p2a: Clefable|spe|1\n|-unboost|p2b: Ursaluna|spe|1\n|-status|p2a: Clefable|tox|[from] ability: Toxic Chain|[of] p1b: Blossom\n|move|p1a: Buttercup|Rest|p1a: Buttercup\n|-status|p1a: Buttercup|slp|[from] move: Rest\n|-heal|p1a: Buttercup|100\/100 slp|[silent]\n|move|p2b: Ursaluna|Hyper Voice|p1b: Blossom|[spread] p1a,p1b\n|-damage|p1a: Buttercup|46\/100 slp\n|-damage|p1b: Blossom|0 fnt\n|faint|p1b: Blossom\n|\n|-heal|p1a: Buttercup|52\/100 slp|[from] item: Leftovers\n|upkeep\n|\n|t:|1700029028\n|switch|p1b: Bubbles|Munkidori, L50, M|4\/100\n|turn|9\n|\n|t:|1700029037\n|move|p1b: Bubbles|Fake Out|p2b: Ursaluna\n|-damage|p2b: Ursaluna|79\/100\n|move|p2a: Clefable|Follow Me|p2a: Clefable\n|-singleturn|p2a: Clefable|move: Follow Me\n|cant|p1a: Buttercup|slp\n|cant|p2b: Ursaluna|flinch\n|\n|-heal|p1a: Buttercup|58\/100 slp|[from] item: Leftovers\n|upkeep\n|turn|10\n|\n|t:|1700029056\n|move|p2a: Clefable|Follow Me|p2a: Clefable\n|-singleturn|p2a: Clefable|move: Follow Me\n|move|p1b: Bubbles|Hex|p2a: Clefable\n|-damage|p2a: Clefable|5\/100 tox\n|cant|p1a: Buttercup|slp\n|move|p2b: Ursaluna|Hyper Voice|p1b: Bubbles|[spread] p1a,p1b\n|-damage|p1a: Buttercup|6\/100 slp\n|-damage|p1b: Bubbles|0 fnt\n|faint|p1b: Bubbles\n|\n|-heal|p1a: Buttercup|12\/100 slp|[from] item: Leftovers\n|upkeep\n|turn|11\n|\n|t:|1700029074\n|move|p2a: Clefable|Follow Me|p2a: Clefable\n|-singleturn|p2a: Clefable|move: Follow Me\n|-curestatus|p1a: Buttercup|slp|[msg]\n|move|p1a: Buttercup|Rest|p1a: Buttercup\n|-status|p1a: Buttercup|slp|[from] move: Rest\n|-heal|p1a: Buttercup|100\/100 slp|[silent]\n|move|p2b: Ursaluna|Earth Power|p1a: Buttercup\n|-supereffective|p1a: Buttercup\n|-damage|p1a: Buttercup|1\/100 slp\n|\n|-heal|p1a: Buttercup|7\/100 slp|[from] item: Leftovers\n|upkeep\n|turn|12\n|\n|t:|1700029085\n|move|p2a: Clefable|Follow Me|p2a: Clefable\n|-singleturn|p2a: Clefable|move: Follow Me\n|cant|p1a: Buttercup|slp\n|move|p2b: Ursaluna|Earth Power|p1a: Buttercup\n|-supereffective|p1a: Buttercup\n|-damage|p1a: Buttercup|0 fnt\n|faint|p1a: Buttercup\n|\n|win|j1m13o\n|raw|Loyalogerbugs's rating: 1119 &rarr; <strong>1100<\/strong><br \/>(-19 for losing)\n|raw|j1m13o's rating: 1208 &rarr; <strong>1227<\/strong><br \/>(+19 for winning)\n|l|\u2606Loyalogerbugs\n|c|\u2606j1m13o|lol\n","uploadtime":1700029096,"views":12,"p1id":"loyalogerbugs","p2id":"j1m13o","formatid":"gen9vgc2023regulatione","rating":1100,"private":0,"password":""}