{"id":"gen9vgc2023regulatione-1989746881","p1":"kcazrou","p2":"brando7654","format":"[Gen 9] VGC 2023 Regulation E","log":"|j|\u2606kcazrou\n|j|\u2606brando7654\n|t:|1699892276\n|gametype|doubles\n|player|p1|kcazrou|emma|1527\n|player|p2|brando7654|mira|1681\n|teamsize|p1|6\n|teamsize|p2|6\n|gen|9\n|tier|[Gen 9] VGC 2023 Regulation E\n|rated|\n|rule|Species Clause: Limit one of each Pok\u00e9mon\n|rule|Item Clause: Limit one of each item\n|clearpoke\n|poke|p1|Ursaluna, L50, M|\n|poke|p1|Enamorus-Therian, L50, F|\n|poke|p1|Oranguru, L50, M|\n|poke|p1|Iron Hands, L50|\n|poke|p1|Chi-Yu, L50|\n|poke|p1|Tornadus, L50, M|\n|poke|p2|Volcarona, L50, F|\n|poke|p2|Landorus-Therian, L50, M|\n|poke|p2|Iron Hands, L50|\n|poke|p2|Ogerpon-Wellspring, L50, F|\n|poke|p2|Sylveon, L50, M|\n|poke|p2|Clefairy, L50, M|\n|teampreview|4\n|inactive|Battle timer is ON: inactive players will automatically lose when time's up. (requested by kcazrou)\nkcazrou rejected open team sheets.\n|inactive|brando7654 has 60 seconds left.\n|j| pollovino\n|\n|t:|1699892351\n|start\n|switch|p1a: Iron Hands|Iron Hands, L50|100\/100\n|switch|p1b: Oranguru|Oranguru, L50, M|100\/100\n|switch|p2a: Sylveon|Sylveon, L50, M|100\/100\n|switch|p2b: Iron Hands|Iron Hands, L50|100\/100\n|turn|1\n|inactive|kcazrou has 30 seconds left.\n|\n|t:|1699892384\n|-terastallize|p2a: Sylveon|Water\n|move|p1a: Iron Hands|Fake Out|p2a: Sylveon\n|-damage|p2a: Sylveon|84\/100\n|cant|p2a: Sylveon|flinch\n|move|p2b: Iron Hands|Drain Punch|p1a: Iron Hands\n|-damage|p1a: Iron Hands|74\/100\n|move|p1b: Oranguru|Trick Room|p1b: Oranguru\n|-fieldstart|move: Trick Room|[of] p1b: Oranguru\n|\n|upkeep\n|turn|2\n|inactive|kcazrou has 30 seconds left.\n|\n|t:|1699892419\n|switch|p2a: Landorus|Landorus-Therian, L50, M|100\/100\n|-ability|p2a: Landorus|Intimidate|boost\n|-unboost|p1a: Iron Hands|atk|1\n|-unboost|p1b: Oranguru|atk|1\n|move|p1a: Iron Hands|Wild Charge|p2a: Landorus\n|-immune|p2a: Landorus\n|move|p2b: Iron Hands|Drain Punch|p1a: Iron Hands\n|-damage|p1a: Iron Hands|45\/100\n|move|p1b: Oranguru|Instruct|p1a: Iron Hands\n|-singleturn|p1a: Iron Hands|move: Instruct|[of] p1b: Oranguru\n|move|p1a: Iron Hands|Wild Charge|p2a: Landorus\n|-immune|p2a: Landorus\n|\n|upkeep\n|turn|3\n|\n|t:|1699892440\n|-end|p1a: Iron Hands|Quark Drive|[silent]\n|switch|p1a: Enamorus|Enamorus-Therian, L50, F|100\/100\n|-end|p2b: Iron Hands|Quark Drive|[silent]\n|switch|p2b: Clefairy|Clefairy, L50, M|100\/100\n|move|p1b: Oranguru|Encore||[still]\n|-fail|p1b: Oranguru\n|move|p2a: Landorus|Stomping Tantrum|p1a: Enamorus\n|-immune|p1a: Enamorus\n|\n|upkeep\n|turn|4\n|inactive|kcazrou has 30 seconds left.\n|\n|t:|1699892471\n|move|p2b: Clefairy|Protect|p2b: Clefairy\n|-singleturn|p2b: Clefairy|Protect\n|move|p1b: Oranguru|Protect|p1b: Oranguru\n|-singleturn|p1b: Oranguru|Protect\n|move|p1a: Enamorus|Dazzling Gleam|p2a: Landorus|[spread] p2a\n|-activate|p2b: Clefairy|move: Protect\n|-damage|p2a: Landorus|49\/100\n|move|p2a: Landorus|Stomping Tantrum|p1b: Oranguru\n|-activate|p1b: Oranguru|move: Protect\n|\n|upkeep\n|turn|5\n|inactive|brando7654 has 30 seconds left.\n|\n|t:|1699892500\n|move|p2b: Clefairy|Follow Me|p2b: Clefairy\n|-singleturn|p2b: Clefairy|move: Follow Me\n|move|p1a: Enamorus|Dazzling Gleam|p2b: Clefairy|[spread] p2a,p2b\n|-damage|p2a: Landorus|0 fnt\n|-damage|p2b: Clefairy|56\/100\n|faint|p2a: Landorus\n|move|p1b: Oranguru|Encore|p2b: Clefairy\n|-start|p2b: Clefairy|Encore\n|\n|-fieldend|move: Trick Room\n|upkeep\n|\n|t:|1699892510\n|switch|p2a: Sylveon|Sylveon, L50, M, tera:Water|84\/100\n|turn|6\n|\n|t:|1699892529\n|switch|p2b: Iron Hands|Iron Hands, L50|100\/100\n|-terastallize|p1a: Enamorus|Fairy\n|move|p2a: Sylveon|Hyper Voice|p1b: Oranguru|[spread] p1a,p1b\n|-damage|p1a: Enamorus|63\/100\n|-damage|p1b: Oranguru|74\/100\n|-enditem|p2a: Sylveon|Throat Spray\n|-boost|p2a: Sylveon|spa|1|[from] item: Throat Spray\n|move|p1a: Enamorus|Dazzling Gleam|p2b: Iron Hands|[spread] p2a,p2b\n|-supereffective|p2b: Iron Hands\n|-damage|p2a: Sylveon|31\/100\n|-damage|p2b: Iron Hands|23\/100\n|move|p1b: Oranguru|Trick Room|p1b: Oranguru\n|-fieldstart|move: Trick Room|[of] p1b: Oranguru\n|\n|upkeep\n|turn|7\n|\n|t:|1699892551\n|move|p2b: Iron Hands|Fake Out|p1a: Enamorus\n|-damage|p1a: Enamorus|47\/100\n|cant|p1a: Enamorus|flinch\n|move|p1b: Oranguru|Instruct|p1a: Enamorus\n|-singleturn|p1a: Enamorus|move: Instruct|[of] p1b: Oranguru\n|cant|p1a: Enamorus|flinch\n|move|p2a: Sylveon|Hyper Voice|p1a: Enamorus|[spread] p1a,p1b\n|-damage|p1a: Enamorus|0 fnt\n|-damage|p1b: Oranguru|36\/100\n|faint|p1a: Enamorus\n|\n|upkeep\n|\n|t:|1699892562\n|switch|p1a: Ursaluna|Ursaluna, L50, M|100\/100\n|turn|8\n|\n|t:|1699892581\n|move|p2a: Sylveon|Protect|p2a: Sylveon\n|-singleturn|p2a: Sylveon|Protect\n|move|p1a: Ursaluna|Earthquake|p2b: Iron Hands|[spread] p2b\n|-activate|p2a: Sylveon|move: Protect\n|-activate|p1b: Oranguru|ability: Telepathy\n|-supereffective|p2b: Iron Hands\n|-damage|p2b: Iron Hands|0 fnt\n|faint|p2b: Iron Hands\n|-end|p2b: Iron Hands|Quark Drive|[silent]\n|move|p1b: Oranguru|Instruct|p1a: Ursaluna\n|-singleturn|p1a: Ursaluna|move: Instruct|[of] p1b: Oranguru\n|move|p1a: Ursaluna|Earthquake|p2a: Sylveon|[spread] \n|-activate|p2a: Sylveon|move: Protect\n|-activate|p1b: Oranguru|ability: Telepathy\n|\n|-status|p1a: Ursaluna|brn|[from] item: Flame Orb\n|upkeep\n|\n|t:|1699892588\n|switch|p2b: Clefairy|Clefairy, L50, M|56\/100\n|turn|9\n|inactive|brando7654 has 30 seconds left.\n|\n|t:|1699892618\n|move|p2b: Clefairy|After You|p2a: Sylveon\n|-activate|p2a: Sylveon|move: After You\n|move|p2a: Sylveon|Hyper Voice|p1a: Ursaluna|[spread] p1a,p1b\n|-damage|p1a: Ursaluna|56\/100 brn\n|-damage|p1b: Oranguru|2\/100\n|move|p1a: Ursaluna|Earthquake|p2a: Sylveon|[spread] p2a,p2b\n|-activate|p1b: Oranguru|ability: Telepathy\n|-damage|p2a: Sylveon|0 fnt\n|-damage|p2b: Clefairy|3\/100\n|faint|p2a: Sylveon\n|move|p1b: Oranguru|Instruct|p1a: Ursaluna\n|-singleturn|p1a: Ursaluna|move: Instruct|[of] p1b: Oranguru\n|move|p1a: Ursaluna|Earthquake|p2b: Clefairy|[spread] p2b\n|-activate|p1b: Oranguru|ability: Telepathy\n|-damage|p2b: Clefairy|0 fnt\n|faint|p2b: Clefairy\n|\n|win|kcazrou\n|raw|kcazrou's rating: 1527 &rarr; <strong>1555<\/strong><br \/>(+28 for winning)\n|raw|brando7654's rating: 1681 &rarr; <strong>1653<\/strong><br \/>(-28 for losing)\n|l|\u2606brando7654\n","uploadtime":1699892633,"views":8,"p1id":"kcazrou","p2id":"brando7654","formatid":"gen9vgc2023regulatione","rating":1555,"private":0,"password":""}