{"id":"gen9vgc2023regulatione-1991198084","p1":"mad skwovet","p2":"JayoticNL","format":"[Gen 9] VGC 2023 Regulation E","log":"|j|\u2606mad skwovet\n|j|\u2606JayoticNL\n|t:|1700056211\n|gametype|doubles\n|player|p1|mad skwovet|pokemaniac|1469\n|player|p2|JayoticNL|169|1465\n|teamsize|p1|6\n|teamsize|p2|6\n|gen|9\n|tier|[Gen 9] VGC 2023 Regulation E\n|rated|\n|rule|Species Clause: Limit one of each Pok\u00e9mon\n|rule|Item Clause: Limit one of each item\n|clearpoke\n|poke|p1|Gyarados, L50, M|\n|poke|p1|Cinderace, L50, M|\n|poke|p1|Rillaboom, L50, M|\n|poke|p1|Flutter Mane, L50|\n|poke|p1|Scizor, L50, F|\n|poke|p1|Urshifu-*, L50, F|\n|poke|p2|Wo-Chien, L50|\n|poke|p2|Glimmora, L50, M|\n|poke|p2|Thundurus, L50, M|\n|poke|p2|Arcanine, L50, M|\n|poke|p2|Gastrodon, L50, M|\n|poke|p2|Ogerpon-Wellspring, L50, F|\n|teampreview|4\n|\n|t:|1700056256\n|start\n|switch|p1a: Urshifu|Urshifu, L50, F|100\/100\n|switch|p1b: Scizor|Scizor, L50, F|100\/100\n|switch|p2a: Thundurus|Thundurus, L50, M|100\/100\n|switch|p2b: Arcanine|Arcanine, L50, M|100\/100\n|-ability|p2b: Arcanine|Intimidate|boost\n|-unboost|p1a: Urshifu|atk|1\n|-fail|p1b: Scizor|unboost|[from] item: Clear Amulet|[of] p1b: Scizor\n|turn|1\n|\n|t:|1700056285\n|-terastallize|p1b: Scizor|Dragon\n|move|p1a: Urshifu|Wicked Blow|p2b: Arcanine\n|-crit|p2b: Arcanine\n|-damage|p2b: Arcanine|35\/100\n|-enditem|p2b: Arcanine|Sitrus Berry|[eat]\n|-heal|p2b: Arcanine|59\/100|[from] item: Sitrus Berry\n|move|p2b: Arcanine|Will-O-Wisp|p1a: Urshifu\n|-status|p1a: Urshifu|brn\n|move|p2a: Thundurus|Wildbolt Storm|p1a: Urshifu|[spread] p1a,p1b\n|-resisted|p1b: Scizor\n|-damage|p1a: Urshifu|50\/100 brn\n|-damage|p1b: Scizor|86\/100\n|move|p1b: Scizor|Swords Dance|p1b: Scizor\n|-boost|p1b: Scizor|atk|2\n|\n|-damage|p1a: Urshifu|44\/100 brn|[from] brn\n|upkeep\n|turn|2\n|\n|t:|1700056313\n|switch|p2a: Wo-Chien|Wo-Chien, L50|100\/100\n|-ability|p2a: Wo-Chien|Tablets of Ruin\n|move|p1b: Scizor|Protect|p1b: Scizor\n|-singleturn|p1b: Scizor|Protect\n|move|p1a: Urshifu|Wicked Blow|p2b: Arcanine\n|-crit|p2b: Arcanine\n|-damage|p2b: Arcanine|32\/100\n|move|p2b: Arcanine|Will-O-Wisp|p1b: Scizor\n|-activate|p1b: Scizor|move: Protect\n|\n|-damage|p1a: Urshifu|38\/100 brn|[from] brn\n|upkeep\n|turn|3\n|\n|t:|1700056334\n|switch|p2b: Ogerpon|Ogerpon-Wellspring, L50, F|100\/100\n|-terastallize|p2a: Wo-Chien|Poison\n|move|p1b: Scizor|Bullet Punch|p2b: Ogerpon\n|-resisted|p2b: Ogerpon\n|-damage|p2b: Ogerpon|80\/100\n|move|p1a: Urshifu|Wicked Blow|p2b: Ogerpon\n|-crit|p2b: Ogerpon\n|-damage|p2b: Ogerpon|57\/100\n|move|p2a: Wo-Chien|Foul Play|p1b: Scizor\n|-damage|p1b: Scizor|0 fnt\n|faint|p1b: Scizor\n|\n|-damage|p1a: Urshifu|32\/100 brn|[from] brn\n|upkeep\n|\n|t:|1700056353\n|switch|p1b: Rillaboom|Rillaboom, L50, M|100\/100\n|-fieldstart|move: Grassy Terrain|[from] ability: Grassy Surge|[of] p1b: Rillaboom\n|turn|4\n|\n|t:|1700056374\n|switch|p1a: Gyarados|Gyarados, L50, M|100\/100\n|-ability|p1a: Gyarados|Intimidate|boost\n|-unboost|p2a: Wo-Chien|atk|1\n|-unboost|p2b: Ogerpon|atk|1\n|move|p2b: Ogerpon|Ivy Cudgel|p1a: Gyarados|[anim] Ivy Cudgel Water\n|-resisted|p1a: Gyarados\n|-damage|p1a: Gyarados|87\/100\n|move|p1b: Rillaboom|High Horsepower|p2a: Wo-Chien\n|-supereffective|p2a: Wo-Chien\n|-damage|p2a: Wo-Chien|61\/100\n|move|p2a: Wo-Chien|Pollen Puff|p2b: Ogerpon\n|-heal|p2b: Ogerpon|100\/100\n|\n|-heal|p2a: Wo-Chien|67\/100|[from] Grassy Terrain\n|-heal|p2a: Wo-Chien|73\/100|[from] item: Leftovers\n|upkeep\n|turn|5\n|\n|t:|1700056403\n|switch|p2a: Arcanine|Arcanine, L50, M|32\/100\n|-ability|p2a: Arcanine|Intimidate|boost\n|-unboost|p1a: Gyarados|atk|1\n|-unboost|p1b: Rillaboom|atk|1\n|move|p2b: Ogerpon|Swords Dance|p2b: Ogerpon\n|-boost|p2b: Ogerpon|atk|2\n|move|p1b: Rillaboom|High Horsepower|p2a: Arcanine\n|-supereffective|p2a: Arcanine\n|-damage|p2a: Arcanine|0 fnt\n|faint|p2a: Arcanine\n|move|p1a: Gyarados|Taunt|p2b: Ogerpon\n|-start|p2b: Ogerpon|move: Taunt\n|\n|upkeep\n|\n|t:|1700056415\n|switch|p2a: Thundurus|Thundurus, L50, M|100\/100\n|turn|6\n|\n|t:|1700056438\n|switch|p1a: Urshifu|Urshifu, L50, F|32\/100 brn\n|move|p2a: Thundurus|Wildbolt Storm|p1a: Urshifu|[spread] p1a,p1b\n|-resisted|p1b: Rillaboom\n|-damage|p1a: Urshifu|0 fnt\n|-damage|p1b: Rillaboom|89\/100\n|faint|p1a: Urshifu\n|move|p2b: Ogerpon|Ivy Cudgel|p1b: Rillaboom|[anim] Ivy Cudgel Water\n|-resisted|p1b: Rillaboom\n|-damage|p1b: Rillaboom|48\/100\n|move|p1b: Rillaboom|U-turn|p2b: Ogerpon\n|-supereffective|p2b: Ogerpon\n|-damage|p2b: Ogerpon|68\/100\n|\n|t:|1700056449\n|switch|p1b: Gyarados|Gyarados, L50, M|87\/100|[from] U-turn\n|-ability|p1b: Gyarados|Intimidate|boost\n|-unboost|p2a: Thundurus|atk|1\n|-unboost|p2b: Ogerpon|atk|1\n|\n|-heal|p2b: Ogerpon|74\/100|[from] Grassy Terrain\n|upkeep\n|\n|t:|1700056455\n|switch|p1a: Rillaboom|Rillaboom, L50, M|48\/100\n|turn|7\n|\n|t:|1700056463\n|move|p1a: Rillaboom|Fake Out|p2a: Thundurus\n|-damage|p2a: Thundurus|89\/100\n|move|p2a: Thundurus|Wildbolt Storm|p1a: Rillaboom|[spread] p1b\n|-miss|p2a: Thundurus|p1a: Rillaboom\n|-supereffective|p1b: Gyarados\n|-damage|p1b: Gyarados|0 fnt\n|faint|p1b: Gyarados\n|move|p2b: Ogerpon|Ivy Cudgel|p1a: Rillaboom|[anim] Ivy Cudgel Water\n|-resisted|p1a: Rillaboom\n|-damage|p1a: Rillaboom|23\/100\n|\n|-heal|p2b: Ogerpon|80\/100|[from] Grassy Terrain\n|-heal|p1a: Rillaboom|29\/100|[from] Grassy Terrain\n|upkeep\n|turn|8\n|-message|mad skwovet forfeited.\n|\n|win|JayoticNL\n|raw|mad skwovet's rating: 1469 &rarr; <strong>1449<\/strong><br \/>(-20 for losing)\n|raw|JayoticNL's rating: 1465 &rarr; <strong>1485<\/strong><br \/>(+20 for winning)\n|l|\u2606mad skwovet\n","uploadtime":1700057396,"views":19,"p1id":"madskwovet","p2id":"jayoticnl","formatid":"gen9vgc2023regulatione","rating":1449,"private":0,"password":""}