{"id":"gen9vgc2023regulatione-1996166868","p1":"MaksiDbetter","p2":"Th3D3b","format":"[Gen 9] VGC 2023 Regulation E","log":"|j|\u2606MaksiDbetter\n|j|\u2606Th3D3b\n|t:|1700654012\n|gametype|doubles\n|player|p1|MaksiDbetter|alder|1352\n|player|p2|Th3D3b|102|1455\n|teamsize|p1|6\n|teamsize|p2|6\n|gen|9\n|tier|[Gen 9] VGC 2023 Regulation E\n|rated|\n|rule|Species Clause: Limit one of each Pok\u00e9mon\n|rule|Item Clause: Limit one of each item\n|clearpoke\n|poke|p1|Tornadus, L50, M|\n|poke|p1|Urshifu-*, L50, M|\n|poke|p1|Arcanine-Hisui, L50, F|\n|poke|p1|Gholdengo, L50|\n|poke|p1|Amoonguss, L50, F|\n|poke|p1|Chien-Pao, L50|\n|poke|p2|Roaring Moon, L50|\n|poke|p2|Urshifu-*, L50, F|\n|poke|p2|Gholdengo, L50|\n|poke|p2|Brambleghast, L50, F|\n|poke|p2|Arcanine-Hisui, L50, F|\n|poke|p2|Iron Hands, L50|\n|teampreview|4\n|inactive|Battle timer is ON: inactive players will automatically lose when time's up. (requested by Th3D3b)\n|inactive|MaksiDbetter has 60 seconds left.\n|inactive|Th3D3b has 60 seconds left.\n|\n|t:|1700654059\n|start\n|switch|p1a: Chien-Pao|Chien-Pao, L50|100\/100\n|switch|p1b: Gholdengo|Gholdengo, L50|100\/100\n|switch|p2a: Roaring Moon|Roaring Moon, L50|100\/100\n|switch|p2b: Arcanine|Arcanine-Hisui, L50, F|100\/100\n|-ability|p1a: Chien-Pao|Sword of Ruin\n|-ability|p2b: Arcanine|Intimidate|boost\n|-unboost|p1a: Chien-Pao|atk|1\n|-unboost|p1b: Gholdengo|atk|1\n|-enditem|p2a: Roaring Moon|Booster Energy\n|-activate|p2a: Roaring Moon|ability: Protosynthesis|[fromitem]\n|-start|p2a: Roaring Moon|protosynthesisspe\n|turn|1\n|inactive|Th3D3b has 30 seconds left.\n|\n|t:|1700654090\n|switch|p1b: Arcanine|Arcanine-Hisui, L50, F, shiny|100\/100\n|-ability|p1b: Arcanine|Intimidate|boost\n|-unboost|p2a: Roaring Moon|atk|1\n|-unboost|p2b: Arcanine|atk|1\n|move|p2a: Roaring Moon|Tailwind|p2a: Roaring Moon\n|-sidestart|p2: Th3D3b|move: Tailwind\n|move|p2b: Arcanine|Rock Slide|p1a: Chien-Pao|[spread] p1a,p1b\n|-supereffective|p1a: Chien-Pao\n|-supereffective|p1b: Arcanine\n|-damage|p1a: Chien-Pao|27\/100\n|-damage|p1b: Arcanine|11\/100\n|move|p1a: Chien-Pao|Ice Spinner|p2a: Roaring Moon\n|-supereffective|p2a: Roaring Moon\n|-damage|p2a: Roaring Moon|17\/100\n|\n|upkeep\n|turn|2\n|\n|t:|1700654113\n|-end|p2a: Roaring Moon|Protosynthesis|[silent]\n|switch|p2a: Iron Hands|Iron Hands, L50|100\/100\n|switch|p1b: Urshifu|Urshifu-Rapid-Strike, L50, M|100\/100\n|move|p1a: Chien-Pao|Sucker Punch||[still]\n|-fail|p1a: Chien-Pao\n|move|p2b: Arcanine|Rock Slide|p1b: Urshifu|[spread] p1a\n|-miss|p2b: Arcanine|p1b: Urshifu\n|-supereffective|p1a: Chien-Pao\n|-damage|p1a: Chien-Pao|0 fnt\n|faint|p1a: Chien-Pao\n|\n|upkeep\n|\n|t:|1700654116\n|switch|p1a: Arcanine|Arcanine-Hisui, L50, F, shiny|11\/100\n|-ability|p1a: Arcanine|Intimidate|boost\n|-unboost|p2a: Iron Hands|atk|1\n|-unboost|p2b: Arcanine|atk|1\n|turn|3\n|inactive|Th3D3b has 30 seconds left.\n|\n|t:|1700654141\n|switch|p2b: Roaring Moon|Roaring Moon, L50|17\/100\n|switch|p1a: Gholdengo|Gholdengo, L50|100\/100\n|-terastallize|p2a: Iron Hands|Water\n|move|p1b: Urshifu|Protect|p1b: Urshifu\n|-singleturn|p1b: Urshifu|Protect\n|move|p2a: Iron Hands|Fake Out|p1a: Gholdengo\n|-immune|p1a: Gholdengo\n|\n|upkeep\n|turn|4\n|\n|t:|1700654160\n|-end|p2a: Iron Hands|Quark Drive|[silent]\n|switch|p2a: Arcanine|Arcanine-Hisui, L50, F|100\/100\n|-ability|p2a: Arcanine|Intimidate|boost\n|-unboost|p1a: Gholdengo|atk|1\n|-unboost|p1b: Urshifu|atk|1\n|move|p1b: Urshifu|Aqua Jet|p2b: Roaring Moon\n|-resisted|p2b: Roaring Moon\n|-damage|p2b: Roaring Moon|5\/100\n|move|p2b: Roaring Moon|Knock Off|p1a: Gholdengo\n|-supereffective|p1a: Gholdengo\n|-damage|p1a: Gholdengo|0 fnt\n|-enditem|p1a: Gholdengo|Choice Specs|[from] move: Knock Off|[of] p2b: Roaring Moon\n|faint|p1a: Gholdengo\n|\n|-sideend|p2: Th3D3b|move: Tailwind\n|upkeep\n|\n|t:|1700654167\n|switch|p1a: Arcanine|Arcanine-Hisui, L50, F, shiny|11\/100\n|-ability|p1a: Arcanine|Intimidate|boost\n|-unboost|p2a: Arcanine|atk|1\n|-unboost|p2b: Roaring Moon|atk|1\n|turn|5\n|\n|t:|1700654180\n|switch|p2a: Iron Hands|Iron Hands, L50, tera:Water|100\/100\n|-terastallize|p1b: Urshifu|Water\n|move|p1b: Urshifu|Aqua Jet|p2a: Iron Hands\n|-resisted|p2a: Iron Hands\n|-damage|p2a: Iron Hands|93\/100\n|move|p2b: Roaring Moon|Tailwind|p2b: Roaring Moon\n|-sidestart|p2: Th3D3b|move: Tailwind\n|move|p1a: Arcanine|Rock Slide|p2a: Iron Hands|[spread] p2a,p2b\n|-damage|p2a: Iron Hands|67\/100\n|-damage|p2b: Roaring Moon|0 fnt\n|faint|p2b: Roaring Moon\n|-end|p2b: Roaring Moon|Protosynthesis|[silent]\n|\n|upkeep\n|\n|t:|1700654194\n|switch|p2b: Arcanine|Arcanine-Hisui, L50, F|100\/100\n|-ability|p2b: Arcanine|Intimidate|boost\n|-unboost|p1a: Arcanine|atk|1\n|-unboost|p1b: Urshifu|atk|1\n|turn|6\n|\n|t:|1700654203\n|move|p1b: Urshifu|Protect|p1b: Urshifu\n|-singleturn|p1b: Urshifu|Protect\n|move|p2b: Arcanine|Extreme Speed|p1a: Arcanine\n|-resisted|p1a: Arcanine\n|-damage|p1a: Arcanine|0 fnt\n|faint|p1a: Arcanine\n|move|p2a: Iron Hands|Wild Charge|p1b: Urshifu\n|-activate|p1b: Urshifu|move: Protect\n|\n|upkeep\n|turn|7\n|j| El Gringo 10.000\n|\n|t:|1700654214\n|switch|p2b: Brambleghast|Brambleghast, L50, F|100\/100\n|-ability|p2b: Brambleghast|Wind Rider|boost\n|-boost|p2b: Brambleghast|atk|1\n|move|p1b: Urshifu|Surging Strikes|p2b: Brambleghast\n|-resisted|p2b: Brambleghast\n|-crit|p2b: Brambleghast\n|-damage|p2b: Brambleghast|71\/100\n|-resisted|p2b: Brambleghast\n|-crit|p2b: Brambleghast\n|-damage|p2b: Brambleghast|36\/100\n|-resisted|p2b: Brambleghast\n|-crit|p2b: Brambleghast\n|-damage|p2b: Brambleghast|3\/100\n|-hitcount|p2b: Brambleghast|3\n|move|p2a: Iron Hands|Wild Charge|p1b: Urshifu\n|-supereffective|p1b: Urshifu\n|-damage|p1b: Urshifu|15\/100\n|-damage|p2a: Iron Hands|53\/100|[from] Recoil\n|\n|upkeep\n|turn|8\n|-message|MaksiDbetter forfeited.\n|\n|win|Th3D3b\n|raw|MaksiDbetter's rating: 1352 &rarr; <strong>1338<\/strong><br \/>(-14 for losing)\n|raw|Th3D3b's rating: 1455 &rarr; <strong>1469<\/strong><br \/>(+14 for winning)\n|l|\u2606MaksiDbetter\n","uploadtime":1700654252,"views":1,"p1id":"maksidbetter","p2id":"th3d3b","formatid":"gen9vgc2023regulatione","rating":1338,"private":0,"password":""}