{"id":"gen9vgc2023regulatione-1989127140","p1":"Axs00","p2":"Vengeful potato","format":"[Gen 9] VGC 2023 Regulation E","log":"|j|\u2606Axs00\n|j|\u2606Vengeful potato\n|t:|1699815136\n|gametype|doubles\n|player|p1|Axs00|265|1547\n|player|p2|Vengeful potato|170|1649\n|teamsize|p1|6\n|teamsize|p2|6\n|gen|9\n|tier|[Gen 9] VGC 2023 Regulation E\n|rated|\n|rule|Species Clause: Limit one of each Pok\u00e9mon\n|rule|Item Clause: Limit one of each item\n|clearpoke\n|poke|p1|Urshifu-*, L50, M|\n|poke|p1|Roaring Moon, L50|\n|poke|p1|Gholdengo, L50|\n|poke|p1|Arcanine-Hisui, L50, F|\n|poke|p1|Ninetales-Alola, L50, F|\n|poke|p1|Rillaboom, L50, F|\n|poke|p2|Articuno-Galar, L50|\n|poke|p2|Maushold, L50|\n|poke|p2|Urshifu-*, L50, F|\n|poke|p2|Sinistcha-Masterpiece, L50|\n|poke|p2|Heatran, L50, F|\n|poke|p2|Regidrago, L50|\n|teampreview|4\nAxs00 rejected open team sheets.\n|inactive|Battle timer is ON: inactive players will automatically lose when time's up. (requested by Axs00)\n|inactive|Axs00 has 60 seconds left.\n|\n|t:|1699815182\n|start\n|switch|p1a: Ninetales|Ninetales-Alola, L50, F|100\/100\n|switch|p1b: Rillaboom|Rillaboom, L50, F|100\/100\n|switch|p2a: The Rizzler\ud83d\ude31\ud83d\udcaf\ud83d\udde3\ufe0f|Articuno-Galar, L50, shiny|100\/100\n|switch|p2b: Despereaux|Maushold, L50, shiny|100\/100\n|-weather|Snow|[from] ability: Snow Warning|[of] p1a: Ninetales\n|-fieldstart|move: Grassy Terrain|[from] ability: Grassy Surge|[of] p1b: Rillaboom\n|turn|1\n|inactive|Axs00 has 30 seconds left.\n|inactive|Axs00 has 20 seconds left.\n|\n|t:|1699815221\n|move|p1b: Rillaboom|Grassy Glide|p2a: The Rizzler\ud83d\ude31\ud83d\udcaf\ud83d\udde3\ufe0f\n|-resisted|p2a: The Rizzler\ud83d\ude31\ud83d\udcaf\ud83d\udde3\ufe0f\n|-damage|p2a: The Rizzler\ud83d\ude31\ud83d\udcaf\ud83d\udde3\ufe0f|89\/100\n|move|p1a: Ninetales|Blizzard|p2b: Despereaux|[spread] p2a,p2b\n|-supereffective|p2a: The Rizzler\ud83d\ude31\ud83d\udcaf\ud83d\udde3\ufe0f\n|-damage|p2a: The Rizzler\ud83d\ude31\ud83d\udcaf\ud83d\udde3\ufe0f|43\/100\n|-damage|p2b: Despereaux|62\/100\n|move|p2b: Despereaux|Super Fang|p1b: Rillaboom\n|-damage|p1b: Rillaboom|51\/100\n|move|p2a: The Rizzler\ud83d\ude31\ud83d\udcaf\ud83d\udde3\ufe0f|Air Slash|p1b: Rillaboom|[miss]\n|-miss|p2a: The Rizzler\ud83d\ude31\ud83d\udcaf\ud83d\udde3\ufe0f|p1b: Rillaboom\n|\n|-weather|Snow|[upkeep]\n|-heal|p2b: Despereaux|68\/100|[from] Grassy Terrain\n|-heal|p1b: Rillaboom|57\/100|[from] Grassy Terrain\n|upkeep\n|turn|2\n|inactive|Axs00 has 30 seconds left.\n|inactive|Vengeful potato has 30 seconds left.\n|\n|t:|1699815255\n|-terastallize|p2a: The Rizzler\ud83d\ude31\ud83d\udcaf\ud83d\udde3\ufe0f|Steel\n|move|p2b: Despereaux|Follow Me|p2b: Despereaux\n|-singleturn|p2b: Despereaux|move: Follow Me\n|move|p1a: Ninetales|Blizzard|p2a: The Rizzler\ud83d\ude31\ud83d\udcaf\ud83d\udde3\ufe0f|[spread] p2a,p2b\n|-resisted|p2a: The Rizzler\ud83d\ude31\ud83d\udcaf\ud83d\udde3\ufe0f\n|-damage|p2a: The Rizzler\ud83d\ude31\ud83d\udcaf\ud83d\udde3\ufe0f|32\/100\n|-damage|p2b: Despereaux|28\/100\n|move|p1b: Rillaboom|U-turn|p2b: Despereaux\n|-damage|p2b: Despereaux|6\/100\n|-damage|p1b: Rillaboom|40\/100|[from] item: Rocky Helmet|[of] p2b: Despereaux\n|\n|t:|1699815273\n|switch|p1b: Arcanine|Arcanine-Hisui, L50, F|100\/100|[from] U-turn\n|-ability|p1b: Arcanine|Intimidate|boost\n|-unboost|p2a: The Rizzler\ud83d\ude31\ud83d\udcaf\ud83d\udde3\ufe0f|atk|1\n|-ability|p2a: The Rizzler\ud83d\ude31\ud83d\udcaf\ud83d\udde3\ufe0f|Competitive|boost\n|-boost|p2a: The Rizzler\ud83d\ude31\ud83d\udcaf\ud83d\udde3\ufe0f|spa|2\n|-unboost|p2b: Despereaux|atk|1\n|move|p2a: The Rizzler\ud83d\ude31\ud83d\udcaf\ud83d\udde3\ufe0f|Trick Room|p2a: The Rizzler\ud83d\ude31\ud83d\udcaf\ud83d\udde3\ufe0f\n|-fieldstart|move: Trick Room|[of] p2a: The Rizzler\ud83d\ude31\ud83d\udcaf\ud83d\udde3\ufe0f\n|\n|-weather|Snow|[upkeep]\n|-heal|p2a: The Rizzler\ud83d\ude31\ud83d\udcaf\ud83d\udde3\ufe0f|38\/100|[from] Grassy Terrain\n|-heal|p2b: Despereaux|12\/100|[from] Grassy Terrain\n|upkeep\n|turn|3\n|inactive|Axs00 has 30 seconds left.\n|\n|t:|1699815306\n|move|p1b: Arcanine|Extreme Speed|p2a: The Rizzler\ud83d\ude31\ud83d\udcaf\ud83d\udde3\ufe0f\n|-resisted|p2a: The Rizzler\ud83d\ude31\ud83d\udcaf\ud83d\udde3\ufe0f\n|-damage|p2a: The Rizzler\ud83d\ude31\ud83d\udcaf\ud83d\udde3\ufe0f|24\/100\n|move|p2a: The Rizzler\ud83d\ude31\ud83d\udcaf\ud83d\udde3\ufe0f|Freezing Glare|p1b: Arcanine\n|-damage|p1b: Arcanine|0 fnt\n|faint|p1b: Arcanine\n|move|p2b: Despereaux|Super Fang|p1a: Ninetales\n|-damage|p1a: Ninetales|51\/100\n|move|p1a: Ninetales|Blizzard|p2a: The Rizzler\ud83d\ude31\ud83d\udcaf\ud83d\udde3\ufe0f|[spread] p2a,p2b\n|-resisted|p2a: The Rizzler\ud83d\ude31\ud83d\udcaf\ud83d\udde3\ufe0f\n|-damage|p2a: The Rizzler\ud83d\ude31\ud83d\udcaf\ud83d\udde3\ufe0f|13\/100\n|-damage|p2b: Despereaux|0 fnt\n|faint|p2b: Despereaux\n|\n|-weather|Snow|[upkeep]\n|-heal|p2a: The Rizzler\ud83d\ude31\ud83d\udcaf\ud83d\udde3\ufe0f|19\/100|[from] Grassy Terrain\n|-heal|p1a: Ninetales|57\/100|[from] Grassy Terrain\n|upkeep\n|inactive|Vengeful potato has 30 seconds left.\n|inactive|Vengeful potato has 20 seconds left.\n|inactive|Vengeful potato has 15 seconds left.\n|inactive|Vengeful potato has 10 seconds left.\n|inactive|Vengeful potato has 5 seconds left.\n|\n|t:|1699815361\n|switch|p2b: C418 - Wet Hands|Urshifu-Rapid-Strike, L50, F|100\/100\n|switch|p1b: Urshifu|Urshifu-Rapid-Strike, L50, M|100\/100\n|turn|4\n|inactive|Axs00 has 30 seconds left.\n|inactive|Axs00 has 20 seconds left.\n|inactive|Axs00 has 15 seconds left.\n|\n|t:|1699815405\n|-terastallize|p1b: Urshifu|Water\n|move|p2b: C418 - Wet Hands|Surging Strikes|p1a: Ninetales\n|-crit|p1a: Ninetales\n|-damage|p1a: Ninetales|33\/100\n|-crit|p1a: Ninetales\n|-damage|p1a: Ninetales|9\/100\n|-crit|p1a: Ninetales\n|-damage|p1a: Ninetales|0 fnt\n|faint|p1a: Ninetales\n|-hitcount|p1: Ninetales|3\n|move|p2a: The Rizzler\ud83d\ude31\ud83d\udcaf\ud83d\udde3\ufe0f|Freezing Glare|p1b: Urshifu\n|-enditem|p1b: Urshifu|Focus Sash\n|-damage|p1b: Urshifu|1\/100\n|move|p1b: Urshifu|Surging Strikes|p2b: C418 - Wet Hands\n|-resisted|p2b: C418 - Wet Hands\n|-crit|p2b: C418 - Wet Hands\n|-damage|p2b: C418 - Wet Hands|88\/100\n|-resisted|p2b: C418 - Wet Hands\n|-crit|p2b: C418 - Wet Hands\n|-damage|p2b: C418 - Wet Hands|74\/100\n|-resisted|p2b: C418 - Wet Hands\n|-crit|p2b: C418 - Wet Hands\n|-damage|p2b: C418 - Wet Hands|60\/100\n|-hitcount|p2b: C418 - Wet Hands|3\n|\n|-weather|Snow|[upkeep]\n|-heal|p2b: C418 - Wet Hands|66\/100|[from] Grassy Terrain\n|-heal|p2a: The Rizzler\ud83d\ude31\ud83d\udcaf\ud83d\udde3\ufe0f|25\/100|[from] Grassy Terrain\n|-heal|p1b: Urshifu|7\/100|[from] Grassy Terrain\n|upkeep\n|\n|t:|1699815427\n|switch|p1a: Rillaboom|Rillaboom, L50, F|40\/100\n|turn|5\n|\n|t:|1699815439\n|move|p1a: Rillaboom|Fake Out|p2b: C418 - Wet Hands\n|-damage|p2b: C418 - Wet Hands|55\/100\n|move|p1b: Urshifu|Aqua Jet|p2a: The Rizzler\ud83d\ude31\ud83d\udcaf\ud83d\udde3\ufe0f\n|-damage|p2a: The Rizzler\ud83d\ude31\ud83d\udcaf\ud83d\udde3\ufe0f|0 fnt\n|faint|p2a: The Rizzler\ud83d\ude31\ud83d\udcaf\ud83d\udde3\ufe0f\n|cant|p2b: C418 - Wet Hands|flinch\n|\n|-weather|none\n|-heal|p1a: Rillaboom|46\/100|[from] Grassy Terrain\n|-heal|p2b: C418 - Wet Hands|61\/100|[from] Grassy Terrain\n|-heal|p1b: Urshifu|14\/100|[from] Grassy Terrain\n|-fieldend|move: Grassy Terrain\n|upkeep\n|\n|t:|1699815443\n|switch|p2a: Krakatoa|Heatran, L50, F, shiny|100\/100\n|turn|6\n|inactive|Vengeful potato has 30 seconds left.\n|\n|t:|1699815469\n|move|p1b: Urshifu|Detect|p1b: Urshifu\n|-singleturn|p1b: Urshifu|Protect\n|move|p2a: Krakatoa|Heat Wave|p1a: Rillaboom|[spread] p1a\n|-activate|p1b: Urshifu|move: Protect\n|-supereffective|p1a: Rillaboom\n|-damage|p1a: Rillaboom|0 fnt\n|faint|p1a: Rillaboom\n|-damage|p2a: Krakatoa|91\/100|[from] item: Life Orb\n|move|p2b: C418 - Wet Hands|Surging Strikes|p1b: Urshifu\n|-resisted|p1b: Urshifu\n|-crit|p1b: Urshifu\n|-damage|p1b: Urshifu|0 fnt\n|faint|p1b: Urshifu\n|-hitcount|p1: Urshifu|1\n|\n|win|Vengeful potato\n|raw|Axs00's rating: 1547 &rarr; <strong>1533<\/strong><br \/>(-14 for losing)\n|raw|Vengeful potato's rating: 1649 &rarr; <strong>1663<\/strong><br \/>(+14 for winning)\n|c|\u2606Vengeful potato|Gg\n","uploadtime":1699815484,"views":13,"p1id":"axs00","p2id":"vengefulpotato","formatid":"gen9vgc2023regulatione","rating":1533,"private":0,"password":""}