{"id":"gen9vgc2023regulatione-1990051193","p1":"Mich_92","p2":"carpe_panem","format":"[Gen 9] VGC 2023 Regulation E","log":"|j|\u2606Mich_92\n|j|\u2606carpe_panem\n|t:|1699919271\n|gametype|doubles\n|player|p1|Mich_92|102|1099\n|player|p2|carpe_panem|266|1060\n|teamsize|p1|6\n|teamsize|p2|6\n|gen|9\n|tier|[Gen 9] VGC 2023 Regulation E\n|rated|\n|rule|Species Clause: Limit one of each Pok\u00e9mon\n|rule|Item Clause: Limit one of each item\n|clearpoke\n|poke|p1|Urshifu-*, L50, M|\n|poke|p1|Ninetales-Alola, L50, F|\n|poke|p1|Tornadus, L50, M|\n|poke|p1|Sinistcha, L50|\n|poke|p1|Landorus-Therian, L50, M|\n|poke|p1|Annihilape, L50, M|\n|poke|p2|Torterra, L50, M|\n|poke|p2|Grimmsnarl, L50, M|\n|poke|p2|Urshifu-*, L50, M|\n|poke|p2|Cresselia, L50, F|\n|poke|p2|Ursaluna-Bloodmoon, L50, M|\n|poke|p2|Dusclops, L50, M|\n|teampreview|4\n|\n|t:|1699919311\n|start\n|switch|p1a: Sinistcha|Sinistcha, L50|100\/100\n|switch|p1b: Annihilape|Annihilape, L50, M|100\/100\n|switch|p2a: Torterra|Torterra, L50, M|100\/100\n|switch|p2b: Grimmsnarl|Grimmsnarl, L50, M|100\/100\n|turn|1\n|\n|t:|1699919345\n|move|p2b: Grimmsnarl|Reflect|p2b: Grimmsnarl\n|-sidestart|p2: carpe_panem|Reflect\n|move|p1b: Annihilape|Bulk Up|p1b: Annihilape\n|-boost|p1b: Annihilape|atk|1\n|-boost|p1b: Annihilape|def|1\n|move|p1a: Sinistcha|Matcha Gotcha|p2b: Grimmsnarl|[spread] p2a,p2b\n|-damage|p2a: Torterra|72\/100\n|-damage|p2b: Grimmsnarl|70\/100\n|move|p2a: Torterra|Iron Defense|p2a: Torterra\n|-boost|p2a: Torterra|def|2\n|\n|upkeep\n|turn|2\n|inactive|Battle timer is ON: inactive players will automatically lose when time's up. (requested by Mich_92)\n|\n|t:|1699919365\n|move|p2b: Grimmsnarl|Light Screen|p2b: Grimmsnarl\n|-sidestart|p2: carpe_panem|move: Light Screen\n|move|p1b: Annihilape|Bulk Up|p1b: Annihilape\n|-boost|p1b: Annihilape|atk|1\n|-boost|p1b: Annihilape|def|1\n|move|p1a: Sinistcha|Matcha Gotcha|p2b: Grimmsnarl|[spread] p2a,p2b\n|-damage|p2a: Torterra|52\/100\n|-damage|p2b: Grimmsnarl|50\/100\n|-status|p2a: Torterra|brn\n|move|p2a: Torterra|Iron Defense|p2a: Torterra\n|-boost|p2a: Torterra|def|2\n|\n|-damage|p2a: Torterra|47\/100 brn|[from] brn\n|upkeep\n|-enditem|p2a: Torterra|Sitrus Berry|[eat]\n|-heal|p2a: Torterra|71\/100 brn|[from] item: Sitrus Berry\n|turn|3\n|inactive|Mich_92 has 30 seconds left.\n|\n|t:|1699919390\n|move|p1b: Annihilape|Bulk Up|p1b: Annihilape\n|-boost|p1b: Annihilape|atk|1\n|-boost|p1b: Annihilape|def|1\n|move|p1a: Sinistcha|Matcha Gotcha|p2a: Torterra|[spread] p2a,p2b\n|-damage|p2a: Torterra|52\/100 brn\n|-damage|p2b: Grimmsnarl|30\/100\n|-status|p2b: Grimmsnarl|brn\n|move|p2b: Grimmsnarl|Foul Play|p1b: Annihilape\n|-damage|p1b: Annihilape|78\/100\n|move|p2a: Torterra|Amnesia|p2a: Torterra\n|-boost|p2a: Torterra|spd|2\n|\n|-damage|p2b: Grimmsnarl|24\/100 brn|[from] brn\n|-damage|p2a: Torterra|46\/100 brn|[from] brn\n|upkeep\n|turn|4\n|inactive|Mich_92 has 30 seconds left.\n|inactive|carpe_panem has 30 seconds left.\n|inactive|Mich_92 has 20 seconds left.\n|\n|t:|1699919425\n|switch|p2a: Cresselia|Cresselia, L50, F|100\/100\n|move|p1b: Annihilape|Drain Punch|p2a: Cresselia\n|-resisted|p2a: Cresselia\n|-damage|p2a: Cresselia|86\/100\n|-heal|p1b: Annihilape|86\/100|[from] drain|[of] p2a: Cresselia\n|move|p1a: Sinistcha|Matcha Gotcha|p2b: Grimmsnarl|[spread] p2a,p2b\n|-damage|p2a: Cresselia|70\/100\n|-damage|p2b: Grimmsnarl|5\/100 brn\n|move|p2b: Grimmsnarl|Foul Play|p1b: Annihilape\n|-damage|p1b: Annihilape|64\/100\n|\n|-damage|p2b: Grimmsnarl|0 fnt|[from] brn\n|faint|p2b: Grimmsnarl\n|upkeep\n|\n|t:|1699919440\n|switch|p2b: Urshifu|Urshifu, L50, M|100\/100\n|turn|5\n|inactive|Mich_92 has 30 seconds left.\n|inactive|carpe_panem has 30 seconds left.\n|\n|t:|1699919471\n|move|p1a: Sinistcha|Rage Powder|p1a: Sinistcha\n|-singleturn|p1a: Sinistcha|move: Rage Powder\n|move|p2b: Urshifu|Wicked Blow|p1a: Sinistcha\n|-supereffective|p1a: Sinistcha\n|-crit|p1a: Sinistcha\n|-damage|p1a: Sinistcha|0 fnt\n|-damage|p2b: Urshifu|84\/100|[from] item: Rocky Helmet|[of] p1a: Sinistcha\n|faint|p1a: Sinistcha\n|move|p1b: Annihilape|Rage Fist|p2a: Cresselia\n|-supereffective|p2a: Cresselia\n|-crit|p2a: Cresselia\n|-damage|p2a: Cresselia|0 fnt\n|faint|p2a: Cresselia\n|\n|upkeep\n|\n|t:|1699919486\n|switch|p1a: Urshifu|Urshifu, L50, M|100\/100\n|switch|p2a: Torterra|Torterra, L50, M|46\/100 brn\n|turn|6\n|inactive|Mich_92 has 30 seconds left.\n|\n|t:|1699919514\n|-terastallize|p1a: Urshifu|Fairy\n|move|p2b: Urshifu|Wicked Blow|p1b: Annihilape\n|-crit|p1b: Annihilape\n|-damage|p1b: Annihilape|0 fnt\n|faint|p1b: Annihilape\n|move|p1a: Urshifu|Drain Punch|p2b: Urshifu\n|-supereffective|p2b: Urshifu\n|-damage|p2b: Urshifu|24\/100\n|move|p2a: Torterra|Synthesis|p2a: Torterra\n|-heal|p2a: Torterra|96\/100 brn\n|\n|-damage|p2a: Torterra|90\/100 brn|[from] brn\n|upkeep\n|\n|t:|1699919528\n|switch|p1b: Landorus|Landorus-Therian, L50, M|100\/100\n|-ability|p1b: Landorus|Intimidate|boost\n|-unboost|p2a: Torterra|atk|1\n|-unboost|p2b: Urshifu|atk|1\n|turn|7\n|\n|t:|1699919550\n|move|p2b: Urshifu|Detect|p2b: Urshifu\n|-singleturn|p2b: Urshifu|Protect\n|move|p1b: Landorus|Stomping Tantrum|p2b: Urshifu\n|-activate|p2b: Urshifu|move: Protect\n|move|p1a: Urshifu|Wicked Blow|p2a: Torterra\n|-damage|p2a: Torterra|71\/100 brn\n|move|p2a: Torterra|Iron Defense|p2a: Torterra\n|-boost|p2a: Torterra|def|2\n|\n|-damage|p2a: Torterra|65\/100 brn|[from] brn\n|upkeep\n|turn|8\n|inactive|carpe_panem has 30 seconds left.\n|inactive|carpe_panem has 20 seconds left.\n|inactive|carpe_panem has 15 seconds left.\n|\n|t:|1699919592\n|move|p1b: Landorus|Stomping Tantrum|p2b: Urshifu\n|-damage|p2b: Urshifu|0 fnt\n|faint|p2b: Urshifu\n|move|p1a: Urshifu|Wicked Blow|p2a: Torterra\n|-damage|p2a: Torterra|55\/100 brn\n|move|p2a: Torterra|Iron Defense|p2a: Torterra\n|-boost|p2a: Torterra|def|2\n|\n|-damage|p2a: Torterra|49\/100 brn|[from] brn\n|-sideend|p2: carpe_panem|Reflect\n|upkeep\n|turn|9\n|inactive|carpe_panem has 30 seconds left.\n|\n|t:|1699919619\n|move|p1b: Landorus|Stomping Tantrum|p2a: Torterra\n|-resisted|p2a: Torterra\n|-damage|p2a: Torterra|44\/100 brn\n|move|p1a: Urshifu|Wicked Blow|p2a: Torterra\n|-damage|p2a: Torterra|34\/100 brn\n|move|p2a: Torterra|Iron Defense|p2a: Torterra\n|-boost|p2a: Torterra|def|2\n|\n|-damage|p2a: Torterra|28\/100 brn|[from] brn\n|-sideend|p2: carpe_panem|move: Light Screen\n|upkeep\n|turn|10\n|\n|t:|1699919636\n|move|p1b: Landorus|Stomping Tantrum|p2a: Torterra\n|-resisted|p2a: Torterra\n|-damage|p2a: Torterra|24\/100 brn\n|move|p1a: Urshifu|Wicked Blow|p2a: Torterra\n|-damage|p2a: Torterra|16\/100 brn\n|move|p2a: Torterra|Synthesis|p2a: Torterra\n|-heal|p2a: Torterra|66\/100 brn\n|\n|-damage|p2a: Torterra|60\/100 brn|[from] brn\n|upkeep\n|turn|11\n|\n|t:|1699919655\n|move|p1b: Landorus|Stomping Tantrum|p2a: Torterra\n|-resisted|p2a: Torterra\n|-damage|p2a: Torterra|56\/100 brn\n|move|p1a: Urshifu|Wicked Blow|p2a: Torterra\n|-damage|p2a: Torterra|49\/100 brn\n|move|p2a: Torterra|Synthesis|p2a: Torterra\n|-heal|p2a: Torterra|99\/100 brn\n|\n|-damage|p2a: Torterra|93\/100 brn|[from] brn\n|upkeep\n|turn|12\n|\n|t:|1699919673\n|move|p1b: Landorus|Stomping Tantrum|p2a: Torterra\n|-resisted|p2a: Torterra\n|-damage|p2a: Torterra|88\/100 brn\n|move|p1a: Urshifu|Wicked Blow|p2a: Torterra\n|-damage|p2a: Torterra|81\/100 brn\n|move|p2a: Torterra|Body Press|p1b: Landorus\n|-resisted|p1b: Landorus\n|-damage|p1b: Landorus|74\/100\n|\n|-damage|p2a: Torterra|75\/100 brn|[from] brn\n|upkeep\n|turn|13\n|\n|t:|1699919696\n|move|p1b: Landorus|Stomping Tantrum|p2a: Torterra\n|-resisted|p2a: Torterra\n|-damage|p2a: Torterra|70\/100 brn\n|move|p1a: Urshifu|Tera Blast|p2a: Torterra|[anim] Tera Blast Fairy\n|-damage|p2a: Torterra|62\/100 brn\n|move|p2a: Torterra|Body Press|p1b: Landorus\n|-resisted|p1b: Landorus\n|-damage|p1b: Landorus|45\/100\n|\n|-damage|p2a: Torterra|56\/100 brn|[from] brn\n|upkeep\n|turn|14\n|\n|t:|1699919711\n|move|p1b: Landorus|Stomping Tantrum|p2a: Torterra\n|-resisted|p2a: Torterra\n|-damage|p2a: Torterra|52\/100 brn\n|move|p1a: Urshifu|Tera Blast|p2a: Torterra|[anim] Tera Blast Fairy\n|-damage|p2a: Torterra|43\/100 brn\n|move|p2a: Torterra|Body Press|p1b: Landorus\n|-resisted|p1b: Landorus\n|-damage|p1b: Landorus|19\/100\n|\n|-damage|p2a: Torterra|37\/100 brn|[from] brn\n|upkeep\n|turn|15\n|inactive|carpe_panem has 30 seconds left.\n|inactive|carpe_panem has 20 seconds left.\n|inactive|carpe_panem has 15 seconds left.\n|\n|t:|1699919755\n|move|p1b: Landorus|Stomping Tantrum|p2a: Torterra\n|-resisted|p2a: Torterra\n|-damage|p2a: Torterra|33\/100 brn\n|move|p1a: Urshifu|Tera Blast|p2a: Torterra|[anim] Tera Blast Fairy\n|-damage|p2a: Torterra|24\/100 brn\n|move|p2a: Torterra|Synthesis|p2a: Torterra\n|-heal|p2a: Torterra|74\/100 brn\n|\n|-damage|p2a: Torterra|68\/100 brn|[from] brn\n|upkeep\n|turn|16\n|\n|t:|1699919770\n|move|p1b: Landorus|Stomping Tantrum|p2a: Torterra\n|-resisted|p2a: Torterra\n|-damage|p2a: Torterra|64\/100 brn\n|move|p1a: Urshifu|Tera Blast|p2a: Torterra|[anim] Tera Blast Fairy\n|-damage|p2a: Torterra|55\/100 brn\n|move|p2a: Torterra|Body Press|p1b: Landorus\n|-resisted|p1b: Landorus\n|-damage|p1b: Landorus|0 fnt\n|faint|p1b: Landorus\n|\n|-damage|p2a: Torterra|49\/100 brn|[from] brn\n|upkeep\n|turn|17\n|\n|t:|1699919785\n|move|p1a: Urshifu|Tera Blast|p2a: Torterra|[anim] Tera Blast Fairy\n|-damage|p2a: Torterra|41\/100 brn\n|move|p2a: Torterra|Synthesis|p2a: Torterra\n|-heal|p2a: Torterra|91\/100 brn\n|\n|-damage|p2a: Torterra|85\/100 brn|[from] brn\n|upkeep\n|turn|18\n|\n|t:|1699919795\n|-terastallize|p2a: Torterra|Fairy\n|move|p1a: Urshifu|Drain Punch|p2a: Torterra\n|-resisted|p2a: Torterra\n|-damage|p2a: Torterra|81\/100 brn\n|move|p2a: Torterra|Body Press|p1a: Urshifu\n|-resisted|p1a: Urshifu\n|-damage|p1a: Urshifu|77\/100\n|\n|-damage|p2a: Torterra|75\/100 brn|[from] brn\n|upkeep\n|turn|19\n|\n|t:|1699919810\n|move|p1a: Urshifu|Sucker Punch|p2a: Torterra\n|-resisted|p2a: Torterra\n|-damage|p2a: Torterra|72\/100 brn\n|move|p2a: Torterra|Body Press|p1a: Urshifu\n|-resisted|p1a: Urshifu\n|-damage|p1a: Urshifu|53\/100\n|\n|-damage|p2a: Torterra|66\/100 brn|[from] brn\n|upkeep\n|turn|20\n|-message|Mich_92 forfeited.\n|\n|win|carpe_panem\n|raw|Mich_92's rating: 1099 &rarr; <strong>1071<\/strong><br \/>(-28 for losing)\n|raw|carpe_panem's rating: 1060 &rarr; <strong>1094<\/strong><br \/>(+34 for winning)\n|l|\u2606Mich_92\n","uploadtime":1699919824,"views":33,"p1id":"mich92","p2id":"carpepanem","formatid":"gen9vgc2023regulatione","rating":1071,"private":0,"password":""}