{"id":"gen9vgc2023regulatione-1990094104","p1":"qz231113B","p2":"Drag000nite","format":"[Gen 9] VGC 2023 Regulation E","log":"|j|\u2606qz231113B\n|j|\u2606Drag000nite\n|t:|1699923884\n|gametype|doubles\n|player|p1|qz231113B|266|1055\n|player|p2|Drag000nite|riley|1029\n|teamsize|p1|6\n|teamsize|p2|6\n|gen|9\n|tier|[Gen 9] VGC 2023 Regulation E\n|rated|\n|rule|Species Clause: Limit one of each Pok\u00e9mon\n|rule|Item Clause: Limit one of each item\n|clearpoke\n|poke|p1|Tornadus, L50, M|\n|poke|p1|Volcarona, L50, F|\n|poke|p1|Basculegion, L50, M|\n|poke|p1|Ludicolo, L50, F|\n|poke|p1|Scizor, L50, F|\n|poke|p1|Flutter Mane, L50|\n|poke|p2|Roaring Moon, L50|\n|poke|p2|Volcarona, L50, F|\n|poke|p2|Sinistcha-Masterpiece, L50|\n|poke|p2|Landorus-Therian, L50, M|\n|poke|p2|Flutter Mane, L50|\n|poke|p2|Ambipom, L50, M|\n|teampreview|4\n|inactive|Battle timer is ON: inactive players will automatically lose when time's up. (requested by Drag000nite)\nqz231113B rejected open team sheets.\n|inactive|Drag000nite has 60 seconds left.\n|\n|t:|1699923921\n|start\n|switch|p1a: Tornadus|Tornadus, L50, M|100\/100\n|switch|p1b: Basculegion|Basculegion, L50, M|100\/100\n|switch|p2a: Flutter Mane|Flutter Mane, L50|100\/100\n|switch|p2b: Ambipom|Ambipom, L50, M, shiny|100\/100\n|turn|1\n|\n|t:|1699923942\n|switch|p1b: Scizor|Scizor, L50, F|100\/100\n|move|p2b: Ambipom|Fake Out|p1a: Tornadus\n|-damage|p1a: Tornadus|67\/100\n|cant|p1a: Tornadus|flinch\n|move|p2a: Flutter Mane|Thunderbolt|p1a: Tornadus\n|-supereffective|p1a: Tornadus\n|-damage|p1a: Tornadus|0 fnt\n|faint|p1a: Tornadus\n|\n|upkeep\n|\n|t:|1699923955\n|switch|p1a: Volcarona|Volcarona, L50, F|100\/100\n|turn|2\n|\n|t:|1699923970\n|-end|p2a: Flutter Mane|Protosynthesis|[silent]\n|switch|p2a: Volcarona|Volcarona, L50, F, shiny|100\/100\n|move|p2b: Ambipom|Knock Off|p1a: Volcarona\n|-damage|p1a: Volcarona|74\/100\n|-damage|p2b: Ambipom|84\/100|[from] item: Rocky Helmet|[of] p1a: Volcarona\n|-status|p2b: Ambipom|brn|[from] ability: Flame Body|[of] p1a: Volcarona\n|-enditem|p1a: Volcarona|Rocky Helmet|[from] move: Knock Off|[of] p2b: Ambipom\n|move|p1a: Volcarona|Quiver Dance|p1a: Volcarona\n|-boost|p1a: Volcarona|spa|1\n|-boost|p1a: Volcarona|spd|1\n|-boost|p1a: Volcarona|spe|1\n|move|p1b: Scizor|Dual Wingbeat|p2a: Volcarona\n|-supereffective|p2a: Volcarona\n|-damage|p2a: Volcarona|32\/100\n|-supereffective|p2a: Volcarona\n|-crit|p2a: Volcarona\n|-damage|p2a: Volcarona|0 fnt\n|-status|p1b: Scizor|brn|[from] ability: Flame Body|[of] p2a: Volcarona\n|faint|p2a: Volcarona\n|-hitcount|p2: Volcarona|2\n|\n|-damage|p2b: Ambipom|78\/100 brn|[from] brn\n|-damage|p1b: Scizor|94\/100 brn|[from] brn\n|upkeep\n|\n|t:|1699923988\n|switch|p2a: Roaring Moon|Roaring Moon, L50|100\/100\n|-enditem|p2a: Roaring Moon|Booster Energy\n|-activate|p2a: Roaring Moon|ability: Protosynthesis|[fromitem]\n|-start|p2a: Roaring Moon|protosynthesisspe\n|turn|3\n|inactive|Drag000nite has 30 seconds left.\n|inactive|Drag000nite has 20 seconds left.\n|inactive|Drag000nite has 15 seconds left.\n|\n|t:|1699924029\n|switch|p2b: Flutter Mane|Flutter Mane, L50|100\/100\n|-terastallize|p2a: Roaring Moon|Flying\n|-terastallize|p1a: Volcarona|Water\n|move|p2a: Roaring Moon|Acrobatics|p1a: Volcarona\n|-damage|p1a: Volcarona|28\/100\n|move|p1a: Volcarona|Tera Blast|p2a: Roaring Moon|[anim] Tera Blast Water\n|-damage|p2a: Roaring Moon|47\/100\n|move|p1b: Scizor|Swords Dance|p1b: Scizor\n|-boost|p1b: Scizor|atk|2\n|\n|-heal|p1b: Scizor|100\/100 brn|[from] item: Leftovers\n|-damage|p1b: Scizor|94\/100 brn|[from] brn\n|upkeep\n|turn|4\n|\n|t:|1699924053\n|move|p1b: Scizor|Bullet Punch|p2b: Flutter Mane\n|-supereffective|p2b: Flutter Mane\n|-damage|p2b: Flutter Mane|0 fnt\n|faint|p2b: Flutter Mane\n|-end|p2b: Flutter Mane|Protosynthesis|[silent]\n|move|p2a: Roaring Moon|Acrobatics|p1a: Volcarona\n|-damage|p1a: Volcarona|0 fnt\n|faint|p1a: Volcarona\n|\n|-heal|p1b: Scizor|100\/100 brn|[from] item: Leftovers\n|-damage|p1b: Scizor|94\/100 brn|[from] brn\n|upkeep\n|\n|t:|1699924065\n|switch|p2b: Ambipom|Ambipom, L50, M, shiny|78\/100 brn\n|switch|p1a: Basculegion|Basculegion, L50, M|100\/100\n|turn|5\n|\n|t:|1699924076\n|move|p2b: Ambipom|Fake Out|p1b: Scizor\n|-resisted|p1b: Scizor\n|-damage|p1b: Scizor|87\/100 brn\n|move|p1a: Basculegion|Aqua Jet|p2a: Roaring Moon\n|-damage|p2a: Roaring Moon|13\/100\n|cant|p1b: Scizor|flinch\n|move|p2a: Roaring Moon|Knock Off|p1a: Basculegion\n|-supereffective|p1a: Basculegion\n|-damage|p1a: Basculegion|0 fnt\n|-enditem|p1a: Basculegion|Choice Band|[from] move: Knock Off|[of] p2a: Roaring Moon\n|faint|p1a: Basculegion\n|\n|-heal|p1b: Scizor|93\/100 brn|[from] item: Leftovers\n|-damage|p2b: Ambipom|72\/100 brn|[from] brn\n|-damage|p1b: Scizor|87\/100 brn|[from] brn\n|upkeep\n|turn|6\n|inactive|Drag000nite has 30 seconds left.\n|\n|t:|1699924109\n|move|p2a: Roaring Moon|Protect|p2a: Roaring Moon\n|-singleturn|p2a: Roaring Moon|Protect\n|move|p1b: Scizor|Bullet Punch|p2a: Roaring Moon\n|-activate|p2a: Roaring Moon|move: Protect\n|move|p2b: Ambipom|Aerial Ace|p1b: Scizor\n|-damage|p1b: Scizor|73\/100 brn\n|\n|-heal|p1b: Scizor|80\/100 brn|[from] item: Leftovers\n|-damage|p2b: Ambipom|66\/100 brn|[from] brn\n|-damage|p1b: Scizor|73\/100 brn|[from] brn\n|upkeep\n|turn|7\n|\n|t:|1699924129\n|move|p1b: Scizor|Bullet Punch|p2a: Roaring Moon\n|-damage|p2a: Roaring Moon|0 fnt\n|faint|p2a: Roaring Moon\n|-end|p2a: Roaring Moon|Protosynthesis|[silent]\n|move|p2b: Ambipom|Knock Off|p1b: Scizor\n|-damage|p1b: Scizor|59\/100 brn\n|-enditem|p1b: Scizor|Leftovers|[from] move: Knock Off|[of] p2b: Ambipom\n|\n|-damage|p2b: Ambipom|60\/100 brn|[from] brn\n|-damage|p1b: Scizor|52\/100 brn|[from] brn\n|upkeep\n|turn|8\n|inactive|Drag000nite has 30 seconds left.\n|\n|t:|1699924159\n|move|p1b: Scizor|Bullet Punch|p2b: Ambipom\n|-damage|p2b: Ambipom|0 fnt\n|faint|p2b: Ambipom\n|\n|win|qz231113B\n|raw|qz231113B's rating: 1055 &rarr; <strong>1084<\/strong><br \/>(+29 for winning)\n|raw|Drag000nite's rating: 1029 &rarr; <strong>1016<\/strong><br \/>(-13 for losing)\n|l|\u2606Drag000nite\n","uploadtime":1699924166,"views":9,"p1id":"qz231113b","p2id":"drag000nite","formatid":"gen9vgc2023regulatione","rating":1016,"private":0,"password":""}