{"id":"gen9vgc2023regulatione-1996617622","p1":"Nemmy23","p2":"py123456","format":"[Gen 9] VGC 2023 Regulation E","log":"|j|\u2606Nemmy23\n|j|\u2606py123456\n|t:|1700701171\n|gametype|doubles\n|player|p1|Nemmy23|nate|1192\n|player|p2|py123456|2|1209\n|teamsize|p1|6\n|teamsize|p2|6\n|gen|9\n|tier|[Gen 9] VGC 2023 Regulation E\n|rated|\n|rule|Species Clause: Limit one of each Pok\u00e9mon\n|rule|Item Clause: Limit one of each item\n|clearpoke\n|poke|p1|Ogerpon-Hearthflame, L50, F|\n|poke|p1|Iron Bundle, L50|\n|poke|p1|Iron Hands, L50|\n|poke|p1|Iron Treads, L50|\n|poke|p1|Glimmora, L50, F|\n|poke|p1|Grimmsnarl, L50, M|\n|poke|p2|Flutter Mane, L50|\n|poke|p2|Ogerpon-Wellspring, L50, F|\n|poke|p2|Iron Hands, L50|\n|poke|p2|Sableye, L50, F|\n|poke|p2|Espathra, L50, F|\n|poke|p2|Chi-Yu, L50|\n|teampreview|4\n|inactive|Battle timer is ON: inactive players will automatically lose when time's up. (requested by Nemmy23)\n|\n|t:|1700701198\n|start\n|switch|p1a: Iron Hands|Iron Hands, L50|100\/100\n|switch|p1b: Iron Treads|Iron Treads, L50|100\/100\n|switch|p2a: Sableye|Sableye, L50, F, shiny|100\/100\n|switch|p2b: Espathra|Espathra, L50, F|100\/100\n|turn|1\n|\n|t:|1700701207\n|move|p2b: Espathra|Protect|p2b: Espathra\n|-singleturn|p2b: Espathra|Protect\n|move|p2a: Sableye|Gravity|p2a: Sableye\n|-fieldstart|move: Gravity\n|move|p1b: Iron Treads|Rapid Spin|p2b: Espathra\n|-activate|p2b: Espathra|move: Protect\n|move|p1a: Iron Hands|Electric Terrain|p1a: Iron Hands\n|-fieldstart|move: Electric Terrain\n|-activate|p1b: Iron Treads|ability: Quark Drive\n|-start|p1b: Iron Treads|quarkdriveatk\n|-enditem|p1a: Iron Hands|Electric Seed\n|-boost|p1a: Iron Hands|def|1|[from] item: Electric Seed\n|-activate|p1a: Iron Hands|ability: Quark Drive\n|-start|p1a: Iron Hands|quarkdrivedef\n|\n|-ability|p2b: Espathra|Speed Boost|boost\n|-boost|p2b: Espathra|spe|1\n|upkeep\n|turn|2\n|inactive|Nemmy23 has 30 seconds left.\n|\n|t:|1700701232\n|move|p2a: Sableye|Encore|p1a: Iron Hands\n|-start|p1a: Iron Hands|Encore\n|move|p2b: Espathra|Hypnosis|p1b: Iron Treads\n|-activate|p1b: Iron Treads|move: Electric Terrain\n|move|p1b: Iron Treads|Rapid Spin|p2b: Espathra\n|-damage|p2b: Espathra|74\/100\n|-boost|p1b: Iron Treads|spe|1\n|move|p1a: Iron Hands|Electric Terrain||[still]\n|-fail|p1a: Iron Hands\n|\n|-ability|p2b: Espathra|Speed Boost|boost\n|-boost|p2b: Espathra|spe|1\n|upkeep\n|turn|3\n|\n|t:|1700701251\n|switch|p2b: Iron Hands|Iron Hands, L50|100\/100\n|-activate|p2b: Iron Hands|ability: Quark Drive\n|-start|p2b: Iron Hands|quarkdriveatk\n|-end|p1a: Iron Hands|Quark Drive|[silent]\n|switch|p1a: Iron Bundle|Iron Bundle, L50|100\/100\n|-activate|p1a: Iron Bundle|ability: Quark Drive\n|-start|p1a: Iron Bundle|quarkdrivespa\n|move|p2a: Sableye|Will-O-Wisp|p1b: Iron Treads\n|-status|p1b: Iron Treads|brn\n|move|p1b: Iron Treads|Iron Head|p2b: Iron Hands\n|-resisted|p2b: Iron Hands\n|-damage|p2b: Iron Hands|92\/100\n|\n|-damage|p1b: Iron Treads|94\/100 brn|[from] brn\n|upkeep\n|turn|4\n|inactive|Nemmy23 has 30 seconds left.\n|\n|t:|1700701279\n|-terastallize|p1a: Iron Bundle|Flying\n|move|p2a: Sableye|Quash|p1a: Iron Bundle\n|-activate|p1a: Iron Bundle|move: Quash\n|move|p1b: Iron Treads|Earthquake|p2a: Sableye|[spread] p1a,p2a,p2b\n|-supereffective|p2b: Iron Hands\n|-damage|p1a: Iron Bundle|75\/100\n|-damage|p2a: Sableye|71\/100\n|-damage|p2b: Iron Hands|63\/100\n|-enditem|p2a: Sableye|Eject Button\n|\n|t:|1700701288\n|switch|p2a: Ogerpon|Ogerpon-Wellspring, L50, F|100\/100\n|move|p2b: Iron Hands|Thunder Punch|p1a: Iron Bundle\n|-supereffective|p1a: Iron Bundle\n|-damage|p1a: Iron Bundle|0 fnt\n|faint|p1a: Iron Bundle\n|-end|p1a: Iron Bundle|Quark Drive|[silent]\n|\n|-damage|p1b: Iron Treads|88\/100 brn|[from] brn\n|upkeep\n|\n|t:|1700701298\n|switch|p1a: Ogerpon|Ogerpon-Hearthflame, L50, F|100\/100\n|-ability|p1a: Ogerpon|Mold Breaker\n|turn|5\n|\n|t:|1700701323\n|move|p2a: Ogerpon|Follow Me|p2a: Ogerpon\n|-singleturn|p2a: Ogerpon|move: Follow Me\n|move|p1b: Iron Treads|Iron Head|p2a: Ogerpon\n|-resisted|p2a: Ogerpon\n|-damage|p2a: Ogerpon|87\/100\n|move|p1a: Ogerpon|Ivy Cudgel|p2a: Ogerpon|[anim] Ivy Cudgel Fire\n|-crit|p2a: Ogerpon\n|-damage|p2a: Ogerpon|0 fnt\n|faint|p2a: Ogerpon\n|move|p2b: Iron Hands|Drain Punch|p1b: Iron Treads\n|-supereffective|p1b: Iron Treads\n|-damage|p1b: Iron Treads|0 fnt\n|-heal|p2b: Iron Hands|92\/100|[from] drain|[of] p1b: Iron Treads\n|faint|p1b: Iron Treads\n|-end|p1b: Iron Treads|Quark Drive|[silent]\n|\n|-fieldend|move: Gravity\n|-fieldend|move: Electric Terrain\n|-end|p2b: Iron Hands|Quark Drive\n|upkeep\n|l|\u2606py123456\n|inactive|py123456 disconnected and has a minute to reconnect!\n|player|p2|\n|inactive|py123456 has 30 seconds left.\n|j|\u2606py123456\n|inactive|py123456 reconnected and has 30 seconds left.\n|player|p2|py123456|2\n|\n|t:|1700701357\n|switch|p1b: Iron Hands|Iron Hands, L50|100\/100\n|switch|p2a: Sableye|Sableye, L50, F, shiny|71\/100\n|turn|6\n|\n|t:|1700701374\n|move|p1a: Ogerpon|Spiky Shield|p1a: Ogerpon\n|-singleturn|p1a: Ogerpon|move: Protect\n|move|p2a: Sableye|Gravity|p2a: Sableye\n|-fieldstart|move: Gravity\n|move|p2b: Iron Hands|Belly Drum|p2b: Iron Hands\n|-damage|p2b: Iron Hands|42\/100\n|-setboost|p2b: Iron Hands|atk|6|[from] move: Belly Drum\n|-enditem|p2b: Iron Hands|Sitrus Berry|[eat]\n|-heal|p2b: Iron Hands|67\/100|[from] item: Sitrus Berry\n|move|p1b: Iron Hands|Wild Charge|p2a: Sableye\n|-damage|p2a: Sableye|13\/100\n|-damage|p1b: Iron Hands|92\/100|[from] Recoil\n|\n|upkeep\n|turn|7\n|\n|t:|1700701393\n|move|p2a: Sableye|Will-O-Wisp|p1b: Iron Hands\n|-status|p1b: Iron Hands|brn\n|move|p1a: Ogerpon|Ivy Cudgel|p2b: Iron Hands|[anim] Ivy Cudgel Fire\n|-damage|p2b: Iron Hands|26\/100\n|move|p2b: Iron Hands|Drain Punch|p1b: Iron Hands\n|-damage|p1b: Iron Hands|0 fnt\n|-heal|p2b: Iron Hands|74\/100|[from] drain|[of] p1b: Iron Hands\n|faint|p1b: Iron Hands\n|-end|p1b: Iron Hands|Quark Drive|[silent]\n|\n|upkeep\n|turn|8\n|l|\u2606py123456\n|inactive|py123456 disconnected and has a minute to reconnect!\n|player|p2|\n|-message|Nemmy23 forfeited.\n|\n|win|py123456\n|raw|Nemmy23's rating: 1192 &rarr; <strong>1168<\/strong><br \/>(-24 for losing)\n|raw|py123456's rating: 1209 &rarr; <strong>1233<\/strong><br \/>(+24 for winning)\n|l|\u2606Nemmy23\n|j|\u2606py123456\n|player|p2|py123456|2\n","uploadtime":1700701426,"views":2,"p1id":"nemmy23","p2id":"py123456","formatid":"gen9vgc2023regulatione","rating":1168,"private":0,"password":""}