{"id":"gen9vgc2023regulatione-1988306511","p1":"Nargacuga123","p2":"Sleeping Demons","format":"[Gen 9] VGC 2023 Regulation E","log":"|j|\u2606Nargacuga123\n|j|\u2606Sleeping Demons\n|t:|1699705645\n|gametype|doubles\n|player|p1|Nargacuga123|265|\n|player|p2|Sleeping Demons|169|\n|teamsize|p1|6\n|teamsize|p2|6\n|gen|9\n|tier|[Gen 9] VGC 2023 Regulation E\n|rule|Species Clause: Limit one of each Pok\u00e9mon\n|rule|Item Clause: Limit one of each item\n|clearpoke\n|poke|p1|Tornadus, L50, M|\n|poke|p1|Chien-Pao, L50|\n|poke|p1|Chi-Yu, L50|\n|poke|p1|Flutter Mane, L50|\n|poke|p1|Urshifu-*, L50, F|\n|poke|p1|Rillaboom, L50, M|\n|poke|p2|Landorus-Therian, L50, M|\n|poke|p2|Flutter Mane, L50|\n|poke|p2|Ogerpon-Hearthflame, L50, F|\n|poke|p2|Rillaboom, L50, F|\n|poke|p2|Kingambit, L50, M|\n|poke|p2|Iron Hands, L50|\n|teampreview|4\n|inactive|Battle timer is ON: inactive players will automatically lose when time's up. (requested by Sleeping Demons)\n|\n|t:|1699705675\n|start\n|switch|p1a: Tornadus|Tornadus, L50, M, shiny|100\/100\n|switch|p1b: Urshifu|Urshifu-Rapid-Strike, L50, F|100\/100\n|switch|p2a: Ogerpon|Ogerpon-Hearthflame, L50, F|100\/100\n|switch|p2b: Landorus|Landorus-Therian, L50, M, shiny|100\/100\n|-ability|p2b: Landorus|Intimidate|boost\n|-unboost|p1a: Tornadus|atk|1\n|-unboost|p1b: Urshifu|atk|1\n|-ability|p2a: Ogerpon|Mold Breaker\n|turn|1\n|inactive|Nargacuga123 has 30 seconds left.\n|inactive|Sleeping Demons has 30 seconds left.\n|\n|t:|1699705703\n|switch|p2b: Rillaboom|Rillaboom, L50, F, shiny|100\/100\n|-fieldstart|move: Grassy Terrain|[from] ability: Grassy Surge|[of] p2b: Rillaboom\n|-terastallize|p2a: Ogerpon|Fire\n|detailschange|p2a: Ogerpon|Ogerpon-Hearthflame-Tera, L50, F, tera:Fire\n|-ability|p2a: Ogerpon|Embody Aspect (Hearthflame)|boost\n|-boost|p2a: Ogerpon|atk|1\n|move|p1b: Urshifu|Protect|p1b: Urshifu\n|-singleturn|p1b: Urshifu|Protect\n|move|p1a: Tornadus|Tailwind|p1a: Tornadus\n|-sidestart|p1: Nargacuga123|move: Tailwind\n|move|p2a: Ogerpon|Ivy Cudgel|p1a: Tornadus\n|-damage|p1a: Tornadus|0 fnt\n|faint|p1a: Tornadus\n|\n|upkeep\n|\n|t:|1699705718\n|switch|p1a: Chien-Pao|Chien-Pao, L50|100\/100\n|-ability|p1a: Chien-Pao|Sword of Ruin\n|turn|2\n|\n|t:|1699705737\n|-terastallize|p1b: Urshifu|Water\n|move|p2b: Rillaboom|Fake Out|p1a: Chien-Pao\n|-damage|p1a: Chien-Pao|80\/100\n|cant|p1a: Chien-Pao|flinch\n|move|p1b: Urshifu|Aqua Jet|p2a: Ogerpon\n|-supereffective|p2a: Ogerpon\n|-damage|p2a: Ogerpon|13\/100\n|move|p2a: Ogerpon|Ivy Cudgel|p1a: Chien-Pao\n|-supereffective|p1a: Chien-Pao\n|-damage|p1a: Chien-Pao|0 fnt\n|faint|p1a: Chien-Pao\n|\n|-heal|p2a: Ogerpon|19\/100|[from] Grassy Terrain\n|upkeep\n|\n|t:|1699705750\n|switch|p1a: Chi-Yu|Chi-Yu, L50|100\/100\n|-ability|p1a: Chi-Yu|Beads of Ruin\n|turn|3\n|\n|t:|1699705770\n|move|p2a: Ogerpon|Grassy Glide|p1a: Chi-Yu\n|-resisted|p1a: Chi-Yu\n|-damage|p1a: Chi-Yu|44\/100\n|move|p2b: Rillaboom|Grassy Glide|p1b: Urshifu\n|-supereffective|p1b: Urshifu\n|-damage|p1b: Urshifu|10\/100\n|move|p1a: Chi-Yu|Heat Wave|p2b: Rillaboom|[spread] p2a,p2b\n|-resisted|p2a: Ogerpon\n|-supereffective|p2b: Rillaboom\n|-damage|p2a: Ogerpon|0 fnt\n|-damage|p2b: Rillaboom|0 fnt\n|faint|p2a: Ogerpon\n|faint|p2b: Rillaboom\n|move|p1b: Urshifu|Close Combat|p2: Ogerpon|[notarget]\n|-fail|p1b: Urshifu\n|\n|-heal|p1a: Chi-Yu|50\/100|[from] Grassy Terrain\n|-heal|p1b: Urshifu|16\/100|[from] Grassy Terrain\n|upkeep\n|\n|t:|1699705782\n|switch|p2a: Landorus|Landorus-Therian, L50, M, shiny|100\/100\n|switch|p2b: Iron Hands|Iron Hands, L50, shiny|100\/100\n|-ability|p2a: Landorus|Intimidate|boost\n|-unboost|p1a: Chi-Yu|atk|1\n|-unboost|p1b: Urshifu|atk|1\n|turn|4\n|\n|t:|1699705797\n|move|p2b: Iron Hands|Fake Out|p1b: Urshifu\n|-damage|p1b: Urshifu|0 fnt\n|faint|p1b: Urshifu\n|move|p1a: Chi-Yu|Heat Wave|p2a: Landorus|[spread] p2a,p2b\n|-damage|p2a: Landorus|0 fnt\n|-damage|p2b: Iron Hands|57\/100\n|faint|p2a: Landorus\n|\n|-heal|p1a: Chi-Yu|57\/100|[from] Grassy Terrain\n|-heal|p2b: Iron Hands|63\/100|[from] Grassy Terrain\n|-sideend|p1: Nargacuga123|move: Tailwind\n|upkeep\n|turn|5\n|\n|t:|1699705809\n|move|p1a: Chi-Yu|Heat Wave|p2b: Iron Hands\n|-damage|p2b: Iron Hands|5\/100\n|move|p2b: Iron Hands|Drain Punch|p1a: Chi-Yu\n|-supereffective|p1a: Chi-Yu\n|-damage|p1a: Chi-Yu|0 fnt\n|-heal|p2b: Iron Hands|19\/100|[from] drain|[of] p1a: Chi-Yu\n|faint|p1a: Chi-Yu\n|\n|win|Sleeping Demons\n|l|\u2606Nargacuga123\n","uploadtime":1699705819,"views":10,"p1id":"nargacuga123","p2id":"sleepingdemons","formatid":"gen9vgc2023regulatione","rating":0,"private":0,"password":""}