{"id":"gen9vgc2023regulatione-1995923737","p1":"Inferno prodigy","p2":"AGSilver935","format":"[Gen 9] VGC 2023 Regulation E","log":"|j|\u2606Inferno prodigy\n|j|\u2606AGSilver935\n|n|\u2606Inferno prodigy|infernoprodigy\n|n|\u2606AGSilver935|agsilver935\n|html|View the match progress at <a href=\"\/game-bestof3-gen9vgc2023regulatione-1995923736\">game-bestof3-gen9vgc2023regulatione-1995923736<\/a>\n|t:|1700617915\n|gametype|doubles\n|player|p1|Inferno prodigy|169|\n|player|p2|AGSilver935|ghetsis|\n|teamsize|p1|6\n|teamsize|p2|6\n|gen|9\n|tier|[Gen 9] VGC 2023 Regulation E\n|rule|Species Clause: Limit one of each Pok\u00e9mon\n|rule|Item Clause: Limit one of each item\n|clearpoke\n|poke|p1|Arcanine-Hisui, L50, F|\n|poke|p1|Tornadus, L50, M|\n|poke|p1|Flutter Mane, L50|\n|poke|p1|Iron Hands, L50|\n|poke|p1|Ogerpon-Wellspring, L50, F|\n|poke|p1|Urshifu-*, L50, M|\n|poke|p2|Tornadus, L50, M|\n|poke|p2|Urshifu-*, L50, M|\n|poke|p2|Regidrago, L50|\n|poke|p2|Gholdengo, L50|\n|poke|p2|Rillaboom, L50, M|\n|poke|p2|Arcanine-Hisui, L50, F|\n|teampreview|4\nAGSilver935 has agreed to open team sheets.\n|c|\u2606AGSilver935|Good luck!\nInferno prodigy has agreed to open team sheets.\n|showteam|p1|Arcanine-Hisui||ChoiceBand|Intimidate|FlareBlitz,RockSlide,ExtremeSpeed,TeraBlast|||F|||50|,,,,,Fairy]Tornadus||CovertCloak|Prankster|Tailwind,BleakwindStorm,SunnyDay,Taunt|||M|||50|,,,,,Steel]Flutter Mane||ChoiceSpecs|Protosynthesis|DazzlingGleam,Moonblast,ShadowBall,Thunderbolt||||||50|,,,,,Fairy]Iron Hands||AssaultVest|QuarkDrive|FakeOut,WildCharge,DrainPunch,HeavySlam||||||50|,,,,,Fire]Ogerpon-Wellspring||WellspringMask|WaterAbsorb|IvyCudgel,HornLeech,SwordsDance,SpikyShield|||F|||50|,,,,,Water]Urshifu||FocusSash|UnseenFist|WickedBlow,CloseCombat,SuckerPunch,Detect|||M|||50|,,,,,Dark\n|showteam|p2|Tornadus||RockyHelmet|Prankster|BleakwindStorm,RainDance,Protect,Tailwind|||M|||50|,,,,,Steel]Urshifu-Rapid-Strike||ChoiceScarf|UnseenFist|SurgingStrikes,AquaJet,Uturn,CloseCombat|||M|||50|,,,,,Water]Regidrago||DragonFang|DragonsMaw|DragonEnergy,DracoMeteor,Protect,EarthPower||||||50|,,,,,Steel]Gholdengo||MetalCoat|GoodasGold|MakeItRain,ShadowBall,Protect,NastyPlot||||||50|,,,,,Dragon]Rillaboom||AssaultVest|GrassySurge|WoodHammer,Uturn,GrassyGlide,FakeOut|||M|||50|,,,,,Grass]Arcanine-Hisui||SitrusBerry|Intimidate|RockSlide,ExtremeSpeed,WillOWisp,FlareBlitz|||F|||50|,,,,,Water\n|c|\u2606Inferno prodigy|You too\n|\n|t:|1700617984\n|start\n|switch|p1a: Tornadus|Tornadus, L50, M|100\/100\n|switch|p1b: Arcanine|Arcanine-Hisui, L50, F|100\/100\n|switch|p2a: Arcanine|Arcanine-Hisui, L50, F|100\/100\n|switch|p2b: Tornadus|Tornadus, L50, M|100\/100\n|-ability|p1b: Arcanine|Intimidate|boost\n|-unboost|p2a: Arcanine|atk|1\n|-unboost|p2b: Tornadus|atk|1\n|-ability|p2a: Arcanine|Intimidate|boost\n|-unboost|p1a: Tornadus|atk|1\n|-unboost|p1b: Arcanine|atk|1\n|turn|1\n|\n|t:|1700618048\n|switch|p2a: Rillaboom|Rillaboom, L50, M|100\/100\n|-fieldstart|move: Grassy Terrain|[from] ability: Grassy Surge|[of] p2a: Rillaboom\n|move|p1a: Tornadus|Taunt|p2b: Tornadus\n|-start|p2b: Tornadus|move: Taunt\n|cant|p2b: Tornadus|move: Taunt|Tailwind\n|move|p1b: Arcanine|Rock Slide|p2b: Tornadus|[spread] p2a,p2b\n|-supereffective|p2b: Tornadus\n|-damage|p2a: Rillaboom|75\/100\n|-damage|p2b: Tornadus|42\/100\n|\n|-heal|p2a: Rillaboom|81\/100|[from] Grassy Terrain\n|upkeep\n|turn|2\n|\n|t:|1700618071\n|switch|p1b: Flutter Mane|Flutter Mane, L50|100\/100\n|switch|p2b: Arcanine|Arcanine-Hisui, L50, F|100\/100\n|-ability|p2b: Arcanine|Intimidate|boost\n|-unboost|p1a: Tornadus|atk|1\n|-unboost|p1b: Flutter Mane|atk|1\n|move|p1a: Tornadus|Bleakwind Storm|p2a: Rillaboom|[spread] p2a,p2b\n|-supereffective|p2a: Rillaboom\n|-resisted|p2b: Arcanine\n|-damage|p2a: Rillaboom|36\/100\n|-damage|p2b: Arcanine|82\/100\n|-unboost|p2b: Arcanine|spe|1\n|move|p2a: Rillaboom|Wood Hammer|p1b: Flutter Mane\n|-damage|p1b: Flutter Mane|0 fnt\n|faint|p1b: Flutter Mane\n|-end|p1b: Flutter Mane|Protosynthesis|[silent]\n|-damage|p2a: Rillaboom|12\/100|[from] Recoil\n|\n|-heal|p2a: Rillaboom|18\/100|[from] Grassy Terrain\n|-heal|p2b: Arcanine|88\/100|[from] Grassy Terrain\n|upkeep\n|\n|t:|1700618107\n|switch|p1b: Arcanine|Arcanine-Hisui, L50, F|100\/100\n|-ability|p1b: Arcanine|Intimidate|boost\n|-unboost|p2a: Rillaboom|atk|1\n|-unboost|p2b: Arcanine|atk|1\n|turn|3\n|\n|t:|1700618133\n|switch|p2b: Gholdengo|Gholdengo, L50|100\/100\n|move|p1a: Tornadus|Tailwind|p1a: Tornadus\n|-sidestart|p1: Inferno prodigy|move: Tailwind\n|move|p2a: Rillaboom|Grassy Glide|p1b: Arcanine\n|-damage|p1b: Arcanine|69\/100\n|move|p1b: Arcanine|Rock Slide|p2a: Rillaboom|[spread] p2a,p2b\n|-resisted|p2b: Gholdengo\n|-damage|p2a: Rillaboom|0 fnt\n|-damage|p2b: Gholdengo|78\/100\n|faint|p2a: Rillaboom\n|\n|-heal|p1b: Arcanine|75\/100|[from] Grassy Terrain\n|-heal|p2b: Gholdengo|84\/100|[from] Grassy Terrain\n|upkeep\n|\n|t:|1700618149\n|switch|p2a: Arcanine|Arcanine-Hisui, L50, F|88\/100\n|-ability|p2a: Arcanine|Intimidate|boost\n|-unboost|p1a: Tornadus|atk|1\n|-unboost|p1b: Arcanine|atk|1\n|turn|4\n|\n|t:|1700618167\n|move|p1a: Tornadus|Bleakwind Storm|p2b: Gholdengo|[spread] p2a,p2b\n|-resisted|p2a: Arcanine\n|-resisted|p2b: Gholdengo\n|-damage|p2a: Arcanine|70\/100\n|-damage|p2b: Gholdengo|68\/100\n|-unboost|p2a: Arcanine|spe|1\n|-unboost|p2b: Gholdengo|spe|1\n|move|p1b: Arcanine|Rock Slide|p2b: Gholdengo|[spread] p2b\n|-miss|p1b: Arcanine|p2a: Arcanine\n|-resisted|p2b: Gholdengo\n|-damage|p2b: Gholdengo|54\/100\n|move|p2a: Arcanine|Rock Slide|p1b: Arcanine|[spread] p1a,p1b\n|-supereffective|p1a: Tornadus\n|-supereffective|p1b: Arcanine\n|-damage|p1a: Tornadus|53\/100\n|-damage|p1b: Arcanine|16\/100\n|move|p2b: Gholdengo|Make It Rain|p1b: Arcanine|[spread] p1a,p1b\n|-damage|p1a: Tornadus|0 fnt\n|-damage|p1b: Arcanine|0 fnt\n|-unboost|p2b: Gholdengo|spa|1\n|faint|p1a: Tornadus\n|faint|p1b: Arcanine\n|\n|-heal|p2a: Arcanine|76\/100|[from] Grassy Terrain\n|-heal|p2b: Gholdengo|60\/100|[from] Grassy Terrain\n|upkeep\n|l|\u2606Inferno prodigy\n|player|p1|\n|j|\u2606Inferno prodigy\n|player|p1|Inferno prodigy|169\n|\n|t:|1700618205\n|switch|p1b: Urshifu|Urshifu, L50, M|100\/100\n|turn|5\n|\n|t:|1700618224\n|switch|p2b: Tornadus|Tornadus, L50, M|42\/100\n|-terastallize|p1b: Urshifu|Dark\n|move|p1b: Urshifu|Wicked Blow|p2a: Arcanine\n|-crit|p2a: Arcanine\n|-damage|p2a: Arcanine|0 fnt\n|faint|p2a: Arcanine\n|\n|-fieldend|move: Grassy Terrain\n|upkeep\n|\n|t:|1700618232\n|switch|p2a: Gholdengo|Gholdengo, L50|60\/100\n|turn|6\n|\n|t:|1700618257\n|-terastallize|p2a: Gholdengo|Dragon\n|move|p2b: Tornadus|Tailwind|p2b: Tornadus\n|-sidestart|p2: AGSilver935|move: Tailwind\n|move|p1b: Urshifu|Wicked Blow|p2a: Gholdengo\n|-crit|p2a: Gholdengo\n|-damage|p2a: Gholdengo|0 fnt\n|faint|p2a: Gholdengo\n|\n|-sideend|p1: Inferno prodigy|move: Tailwind\n|upkeep\n|turn|7\n|j| muzikal\n|\n|t:|1700618273\n|move|p2b: Tornadus|Bleakwind Storm|p1b: Urshifu\n|-damage|p1b: Urshifu|40\/100\n|move|p1b: Urshifu|Wicked Blow|p2b: Tornadus\n|-crit|p2b: Tornadus\n|-damage|p2b: Tornadus|0 fnt\n|-damage|p1b: Urshifu|23\/100|[from] item: Rocky Helmet|[of] p2b: Tornadus\n|faint|p2b: Tornadus\n|\n|win|Inferno prodigy\n|c|\u2606AGSilver935|gg\n|l|\u2606Inferno prodigy\n","uploadtime":1700618284,"views":8,"p1id":"infernoprodigy","p2id":"agsilver935","formatid":"gen9vgc2023regulatione","rating":0,"private":0,"password":""}