{"id":"gen9vgc2023regulatione-1994099627","p1":"lorisaur","p2":"SicGatto","format":"[Gen 9] VGC 2023 Regulation E","log":"|j|\u2606lorisaur\n|j|\u2606SicGatto\n|n|\u2606lorisaur|lorisaur\n|n|\u2606SicGatto|sicgatto\n|html|View the match progress at <a href=\"\/game-bestof3-gen9vgc2023regulatione-1994094817\">game-bestof3-gen9vgc2023regulatione-1994094817<\/a>\n|t:|1700406756\n|gametype|doubles\n|player|p1|lorisaur|tate|\n|player|p2|SicGatto|169|\n|teamsize|p1|6\n|teamsize|p2|6\n|gen|9\n|tier|[Gen 9] VGC 2023 Regulation E\n|rule|Species Clause: Limit one of each Pok\u00e9mon\n|rule|Item Clause: Limit one of each item\n|clearpoke\n|poke|p1|Arcanine-Hisui, L50, F|\n|poke|p1|Ogerpon-Wellspring, L50, F|\n|poke|p1|Ursaluna-Bloodmoon, L50, M|\n|poke|p1|Cresselia, L50, F|\n|poke|p1|Rillaboom, L50, F|\n|poke|p1|Ninetales-Alola, L50, M|\n|poke|p2|Urshifu-*, L50, F|\n|poke|p2|Flutter Mane, L50|\n|poke|p2|Brambleghast, L50, M|\n|poke|p2|Chi-Yu, L50|\n|poke|p2|Tornadus, L50, M|\n|poke|p2|Gholdengo, L50|\n|teampreview|4\nSicGatto has agreed to open team sheets.\n|j| DubiousVGC\n|j| dracozoltommemerd\n|j| Drednaw N?\nlorisaur has agreed to open team sheets.\n|showteam|p1|Arcanine-Hisui||ChoiceBand|Intimidate|RockSlide,FlareBlitz,ExtremeSpeed,HeadSmash|||F|||50|,,,,,Normal]Ogerpon-Wellspring||WellspringMask|WaterAbsorb|IvyCudgel,WoodHammer,FollowMe,SpikyShield|||F|||50|,,,,,Water]Ursaluna-Bloodmoon||Leftovers|MindsEye|BloodMoon,EarthPower,CalmMind,Protect|||M|||50|,,,,,Ghost]Cresselia||RockyHelmet|Levitate|Moonblast,LunarBlessing,TrickRoom,SkillSwap|||F|||50|,,,,,Fairy]Rillaboom||AssaultVest|GrassySurge|FakeOut,WoodHammer,GrassyGlide,Uturn|||F|||50|,,,,,Fire]Ninetales-Alola||LightClay|SnowWarning|Blizzard,Moonblast,Encore,AuroraVeil|||M|||50|,,,,,Ghost\n|showteam|p2|Urshifu-Rapid-Strike||MysticWater|UnseenFist|SurgingStrikes,CloseCombat,AquaJet,Detect|||F|||50|,,,,,Water]Flutter Mane||BoosterEnergy|Protosynthesis|Moonblast,ShadowBall,DazzlingGleam,Protect||||||50|,,,,,Fairy]Brambleghast||FocusSash|WindRider|PowerWhip,Poltergeist,ShadowSneak,StrengthSap|||M|||50|,,,,,Ghost]Chi-Yu||LifeOrb|BeadsofRuin|DarkPulse,HeatWave,Overheat,Protect||||||50|,,,,,Ghost]Tornadus||CovertCloak|Prankster|BleakwindStorm,SunnyDay,Tailwind,Taunt|||M|||50|,,,,,Steel]Gholdengo||ChoiceSpecs|GoodasGold|MakeItRain,ShadowBall,Thunderbolt,SteelBeam||||||50|,,,,,Steel\n|j| KyuremBiancoEtero\n|\n|t:|1700406841\n|start\n|switch|p1a: Aylanda|Cresselia, L50, F|100\/100\n|switch|p1b: Berit|Ogerpon-Wellspring, L50, F|100\/100\n|switch|p2a: Tornadus|Tornadus, L50, M|100\/100\n|switch|p2b: Chi-Yu|Chi-Yu, L50|100\/100\n|-ability|p2b: Chi-Yu|Beads of Ruin\n|turn|1\n|j| Matrix bug\n|\n|t:|1700406886\n|-terastallize|p1b: Berit|Water\n|detailschange|p1b: Berit|Ogerpon-Wellspring-Tera, L50, F, tera:Water\n|-ability|p1b: Berit|Embody Aspect (Wellspring)|boost\n|-boost|p1b: Berit|spd|1\n|move|p2b: Chi-Yu|Protect|p2b: Chi-Yu\n|-singleturn|p2b: Chi-Yu|Protect\n|move|p1b: Berit|Follow Me|p1b: Berit\n|-singleturn|p1b: Berit|move: Follow Me\n|move|p2a: Tornadus|Taunt|p1b: Berit\n|-start|p1b: Berit|move: Taunt\n|move|p1a: Aylanda|Trick Room|p1a: Aylanda\n|-fieldstart|move: Trick Room|[of] p1a: Aylanda\n|\n|upkeep\n|turn|2\n|\n|t:|1700406923\n|switch|p2b: Urshifu|Urshifu-Rapid-Strike, L50, F|100\/100\n|move|p1a: Aylanda|Moonblast|p2b: Urshifu\n|-supereffective|p2b: Urshifu\n|-damage|p2b: Urshifu|58\/100\n|move|p1b: Berit|Ivy Cudgel|p2b: Urshifu|[anim] Ivy Cudgel Water\n|-resisted|p2b: Urshifu\n|-damage|p2b: Urshifu|24\/100\n|move|p2a: Tornadus|Bleakwind Storm|p1b: Berit|[spread] p1b\n|-miss|p2a: Tornadus|p1a: Aylanda\n|-crit|p1b: Berit\n|-damage|p1b: Berit|59\/100\n|\n|upkeep\n|turn|3\n|\n|t:|1700406964\n|move|p2b: Urshifu|Detect|p2b: Urshifu\n|-singleturn|p2b: Urshifu|Protect\n|move|p1a: Aylanda|Moonblast|p2a: Tornadus\n|-damage|p2a: Tornadus|82\/100\n|move|p1b: Berit|Ivy Cudgel|p2a: Tornadus|[anim] Ivy Cudgel Water\n|-damage|p2a: Tornadus|21\/100\n|move|p2a: Tornadus|Bleakwind Storm|p1b: Berit|[spread] p1a,p1b\n|-damage|p1a: Aylanda|82\/100\n|-damage|p1b: Berit|41\/100\n|\n|upkeep\n|turn|4\n|\n|t:|1700406985\n|switch|p2b: Gholdengo|Gholdengo, L50|100\/100\n|move|p2a: Tornadus|Sunny Day|p2a: Tornadus\n|-weather|SunnyDay\n|move|p1a: Aylanda|Lunar Blessing|p1a: Aylanda|[spread] p1a,p1b\n|-heal|p1a: Aylanda|100\/100\n|-heal|p1b: Berit|66\/100\n|move|p1b: Berit|Ivy Cudgel|p2b: Gholdengo|[anim] Ivy Cudgel Water\n|-damage|p2b: Gholdengo|67\/100\n|\n|-weather|SunnyDay|[upkeep]\n|-end|p1b: Berit|move: Taunt\n|upkeep\n|turn|5\n|\n|t:|1700407017\n|move|p2a: Tornadus|Taunt|p1a: Aylanda\n|-start|p1a: Aylanda|move: Taunt\n|cant|p1a: Aylanda|move: Taunt|Lunar Blessing\n|move|p1b: Berit|Ivy Cudgel|p2b: Gholdengo|[anim] Ivy Cudgel Water\n|-damage|p2b: Gholdengo|31\/100\n|move|p2b: Gholdengo|Shadow Ball|p1b: Berit\n|-damage|p1b: Berit|30\/100\n|-unboost|p1b: Berit|spd|1\n|\n|-weather|SunnyDay|[upkeep]\n|-fieldend|move: Trick Room\n|upkeep\n|turn|6\n|\n|t:|1700407049\n|switch|p2a: Chi-Yu|Chi-Yu, L50|100\/100\n|-ability|p2a: Chi-Yu|Beads of Ruin\n|switch|p1a: Albert|Ursaluna-Bloodmoon, L50, M|100\/100\n|move|p1b: Berit|Spiky Shield|p1b: Berit\n|-singleturn|p1b: Berit|move: Protect\n|move|p2b: Gholdengo|Shadow Ball|p1b: Berit\n|-activate|p1b: Berit|move: Protect\n|\n|-weather|SunnyDay|[upkeep]\n|upkeep\n|turn|7\n|\n|t:|1700407090\n|switch|p2b: Tornadus|Tornadus, L50, M|21\/100\n|move|p1b: Berit|Follow Me|p1b: Berit\n|-singleturn|p1b: Berit|move: Follow Me\n|move|p2a: Chi-Yu|Heat Wave|p1a: Albert|[spread] p1b\n|-miss|p2a: Chi-Yu|p1a: Albert\n|-resisted|p1b: Berit\n|-damage|p1b: Berit|0 fnt\n|faint|p1b: Berit\n|-damage|p2a: Chi-Yu|91\/100|[from] item: Life Orb\n|move|p1a: Albert|Earth Power|p2a: Chi-Yu\n|-supereffective|p2a: Chi-Yu\n|-damage|p2a: Chi-Yu|0 fnt\n|faint|p2a: Chi-Yu\n|\n|-weather|SunnyDay|[upkeep]\n|upkeep\n|\n|t:|1700407112\n|switch|p2a: Gholdengo|Gholdengo, L50|31\/100\n|switch|p1b: Baudimon|Arcanine-Hisui, L50, F|100\/100\n|-ability|p1b: Baudimon|Intimidate|boost\n|-unboost|p2a: Gholdengo|atk|1\n|-unboost|p2b: Tornadus|atk|1\n|turn|8\n|\n|t:|1700407166\n|switch|p1b: Aylanda|Cresselia, L50, F|100\/100\n|-terastallize|p2a: Gholdengo|Steel\n|move|p1a: Albert|Protect|p1a: Albert\n|-singleturn|p1a: Albert|Protect\n|move|p2b: Tornadus|Tailwind|p2b: Tornadus\n|-sidestart|p2: SicGatto|move: Tailwind\n|move|p2a: Gholdengo|Make It Rain|p1a: Albert|[spread] p1b\n|-activate|p1a: Albert|move: Protect\n|-damage|p1b: Aylanda|41\/100\n|-unboost|p2a: Gholdengo|spa|1\n|\n|-weather|none\n|upkeep\n|turn|9\n|\n|t:|1700407199\n|move|p2b: Tornadus|Bleakwind Storm|p1a: Albert|[spread] p1a,p1b\n|-damage|p1a: Albert|70\/100\n|-damage|p1b: Aylanda|21\/100\n|-unboost|p1a: Albert|spe|1\n|move|p2a: Gholdengo|Make It Rain|p1a: Albert|[spread] p1a,p1b\n|-damage|p1a: Albert|1\/100\n|-damage|p1b: Aylanda|0 fnt\n|-unboost|p2a: Gholdengo|spa|1\n|faint|p1b: Aylanda\n|move|p1a: Albert|Earth Power|p2a: Gholdengo\n|-supereffective|p2a: Gholdengo\n|-damage|p2a: Gholdengo|0 fnt\n|faint|p2a: Gholdengo\n|\n|-heal|p1a: Albert|7\/100|[from] item: Leftovers\n|upkeep\n|\n|t:|1700407210\n|switch|p2a: Urshifu|Urshifu-Rapid-Strike, L50, F|24\/100\n|switch|p1b: Baudimon|Arcanine-Hisui, L50, F|100\/100\n|-ability|p1b: Baudimon|Intimidate|boost\n|-unboost|p2a: Urshifu|atk|1\n|-unboost|p2b: Tornadus|atk|1\n|turn|10\n|\n|t:|1700407237\n|move|p1b: Baudimon|Extreme Speed|p2b: Tornadus\n|-damage|p2b: Tornadus|0 fnt\n|faint|p2b: Tornadus\n|move|p2a: Urshifu|Surging Strikes|p1b: Baudimon\n|-supereffective|p1b: Baudimon\n|-crit|p1b: Baudimon\n|-damage|p1b: Baudimon|0 fnt\n|faint|p1b: Baudimon\n|-hitcount|p1: Baudimon|1\n|move|p1a: Albert|Earth Power|p2a: Urshifu\n|-damage|p2a: Urshifu|0 fnt\n|faint|p2a: Urshifu\n|\n|win|lorisaur\n|c|\u2606lorisaur|Ggs\n|c|\u2606SicGatto|gg\n|l| Drednaw N?\n|l| DubiousVGC\n|l| dracozoltommemerd\n|l| KyuremBiancoEtero\n|l|\u2606lorisaur\n|l|\u2606SicGatto\n","uploadtime":1700407248,"views":34,"p1id":"lorisaur","p2id":"sicgatto","formatid":"gen9vgc2023regulatione","rating":0,"private":0,"password":""}