{"id":"gen9vgc2023regulatione-1989942414","p1":"Xeko03","p2":"AvianRoseline","format":"[Gen 9] VGC 2023 Regulation E","log":"|j|\u2606Xeko03\n|j|\u2606AvianRoseline\n|t:|1699908748\n|gametype|doubles\n|player|p1|Xeko03|102|1187\n|player|p2|AvianRoseline|cynthia-gen4|1197\n|teamsize|p1|6\n|teamsize|p2|6\n|gen|9\n|tier|[Gen 9] VGC 2023 Regulation E\n|rated|\n|rule|Species Clause: Limit one of each Pok\u00e9mon\n|rule|Item Clause: Limit one of each item\n|clearpoke\n|poke|p1|Torterra, L50, M|\n|poke|p1|Infernape, L50, F|\n|poke|p1|Empoleon, L50, M|\n|poke|p1|Sinistcha-Masterpiece, L50|\n|poke|p1|Ninetales-Alola, L50, F|\n|poke|p1|Mimikyu, L50, M|\n|poke|p2|Ditto, L50|\n|poke|p2|Snorlax, L50, F|\n|poke|p2|Ogerpon-Hearthflame, L50, F|\n|poke|p2|Cresselia, L50, F|\n|poke|p2|Baxcalibur, L50, F|\n|poke|p2|Glastrier, L50|\n|teampreview|4\n|inactive|Battle timer is ON: inactive players will automatically lose when time's up. (requested by Xeko03)\n|inactive|Xeko03 has 60 seconds left.\n|\n|t:|1699908779\n|start\n|switch|p1a: Empoleon|Empoleon, L50, M|100\/100\n|switch|p1b: Infernape|Infernape, L50, F|100\/100\n|switch|p2a: Support Madness|Cresselia, L50, F, shiny|100\/100\n|switch|p2b: Snoozelax|Snorlax, L50, F, shiny|100\/100\n|turn|1\n|inactive|Xeko03 has 30 seconds left.\n|\n|t:|1699908811\n|move|p1b: Infernape|Fake Out|p2a: Support Madness\n|-damage|p2a: Support Madness|92\/100\n|move|p1a: Empoleon|Flash Cannon|p2a: Support Madness\n|-crit|p2a: Support Madness\n|-damage|p2a: Support Madness|50\/100\n|move|p2b: Snoozelax|Belly Drum|p2b: Snoozelax\n|-damage|p2b: Snoozelax|51\/100\n|-setboost|p2b: Snoozelax|atk|6|[from] move: Belly Drum\n|cant|p2a: Support Madness|flinch\n|\n|upkeep\n|turn|2\n|inactive|AvianRoseline has 30 seconds left.\n|\n|t:|1699908842\n|-terastallize|p2b: Snoozelax|Fairy\n|move|p1a: Empoleon|Flash Cannon|p2a: Support Madness\n|-damage|p2a: Support Madness|23\/100\n|move|p2b: Snoozelax|Earthquake|p1b: Infernape|[spread] p1a,p1b\n|-immune|p2a: Support Madness|[from] ability: Levitate\n|-supereffective|p1a: Empoleon\n|-supereffective|p1b: Infernape\n|-damage|p1a: Empoleon|0 fnt\n|-enditem|p1b: Infernape|Focus Sash\n|-damage|p1b: Infernape|1\/100\n|faint|p1a: Empoleon\n|move|p1b: Infernape|Counter|p2b: Snoozelax\n|-damage|p2b: Snoozelax|0 fnt\n|faint|p2b: Snoozelax\n|move|p2a: Support Madness|Trick Room|p2a: Support Madness\n|-fieldstart|move: Trick Room|[of] p2a: Support Madness\n|\n|upkeep\n|\n|t:|1699908862\n|switch|p2b: Chilling Bing|Glastrier, L50|100\/100\n|switch|p1a: Torterra|Torterra, L50, M|100\/100\n|turn|3\n|inactive|Xeko03 has 30 seconds left.\n|\n|t:|1699908890\n|-terastallize|p1a: Torterra|Fairy\n|move|p2b: Chilling Bing|Icicle Crash|p1a: Torterra\n|-damage|p1a: Torterra|60\/100\n|move|p1a: Torterra|Iron Defense|p1a: Torterra\n|-boost|p1a: Torterra|def|2\n|move|p2a: Support Madness|Psychic|p1b: Infernape\n|-supereffective|p1b: Infernape\n|-damage|p1b: Infernape|0 fnt\n|faint|p1b: Infernape\n|\n|upkeep\n|\n|t:|1699908903\n|switch|p1b: Sinistcha|Sinistcha-Masterpiece, L50|100\/100\n|-heal|p1a: Torterra|85\/100|[from] ability: Hospitality|[of] p1b: Sinistcha\n|turn|4\n|\n|t:|1699908918\n|move|p2b: Chilling Bing|Icicle Crash|p1b: Sinistcha|[miss]\n|-miss|p2b: Chilling Bing|p1b: Sinistcha\n|move|p1a: Torterra|Iron Defense|p1a: Torterra\n|-boost|p1a: Torterra|def|2\n|move|p1b: Sinistcha|Strength Sap|p2b: Chilling Bing\n|-unboost|p2b: Chilling Bing|atk|1\n|move|p2a: Support Madness|Lunar Blessing|p2a: Support Madness|[spread] p2a,p2b\n|-heal|p2a: Support Madness|49\/100\n|\n|upkeep\n|turn|5\n|inactive|Xeko03 has 30 seconds left.\n|\n|t:|1699908945\n|move|p2b: Chilling Bing|Icicle Crash|p1b: Sinistcha\n|-supereffective|p1b: Sinistcha\n|-damage|p1b: Sinistcha|39\/100\n|move|p1a: Torterra|Iron Defense|p1a: Torterra\n|-boost|p1a: Torterra|def|2\n|move|p1b: Sinistcha|Matcha Gotcha|p2a: Support Madness|[spread] p2a\n|-miss|p1b: Sinistcha|p2b: Chilling Bing\n|-damage|p2a: Support Madness|31\/100\n|-heal|p1b: Sinistcha|53\/100|[from] drain|[of] p2a: Support Madness\n|move|p2a: Support Madness|Lunar Blessing|p2a: Support Madness|[spread] p2a,p2b\n|-heal|p2a: Support Madness|56\/100\n|\n|upkeep\n|turn|6\n|\n|t:|1699908968\n|move|p2b: Chilling Bing|Icicle Crash|p1b: Sinistcha\n|-supereffective|p1b: Sinistcha\n|-damage|p1b: Sinistcha|0 fnt\n|faint|p1b: Sinistcha\n|-ability|p2b: Chilling Bing|Chilling Neigh|boost\n|-boost|p2b: Chilling Bing|atk|1\n|move|p1a: Torterra|Body Press|p2b: Chilling Bing\n|-supereffective|p2b: Chilling Bing\n|-damage|p2b: Chilling Bing|0 fnt\n|faint|p2b: Chilling Bing\n|move|p2a: Support Madness|Lunar Blessing|p2a: Support Madness\n|-heal|p2a: Support Madness|82\/100\n|\n|-fieldend|move: Trick Room\n|upkeep\n|\n|t:|1699908983\n|switch|p2b: Sus Amogus|Ditto, L50|100\/100\n|turn|7\n|\n|t:|1699908996\n|move|p2a: Support Madness|Psychic|p1a: Torterra\n|-damage|p1a: Torterra|49\/100\n|-unboost|p1a: Torterra|spd|1\n|-enditem|p1a: Torterra|Sitrus Berry|[eat]\n|-heal|p1a: Torterra|74\/100|[from] item: Sitrus Berry\n|move|p1a: Torterra|Body Press|p2b: Sus Amogus\n|-supereffective|p2b: Sus Amogus\n|-enditem|p2b: Sus Amogus|Focus Sash\n|-damage|p2b: Sus Amogus|1\/100\n|move|p2b: Sus Amogus|Transform|p1a: Torterra\n|-transform|p2b: Sus Amogus|p1a: Torterra\n|\n|upkeep\n|-start|p2b: Sus Amogus|typechange|Grass\/Ground|[silent]\n|turn|8\n|inactive|AvianRoseline has 30 seconds left.\n|\n|t:|1699909024\n|move|p2a: Support Madness|Lunar Blessing|p2a: Support Madness|[spread] p2a,p2b\n|-heal|p2a: Support Madness|100\/100\n|-heal|p2b: Sus Amogus|26\/100\n|move|p1a: Torterra|Body Press|p2b: Sus Amogus\n|-damage|p2b: Sus Amogus|6\/100\n|move|p2b: Sus Amogus|Synthesis|p2b: Sus Amogus\n|-heal|p2b: Sus Amogus|55\/100\n|\n|upkeep\n|turn|9\n|\n|t:|1699909040\n|move|p2a: Support Madness|Lunar Blessing|p2a: Support Madness|[spread] p2a,p2b\n|-heal|p2b: Sus Amogus|80\/100\n|move|p1a: Torterra|Amnesia|p1a: Torterra\n|-boost|p1a: Torterra|spd|2\n|move|p2b: Sus Amogus|Synthesis|p2b: Sus Amogus\n|-heal|p2b: Sus Amogus|100\/100\n|\n|upkeep\n|turn|10\n|\n|t:|1699909056\n|move|p2a: Support Madness|Psychic|p1a: Torterra\n|-damage|p1a: Torterra|50\/100\n|move|p2b: Sus Amogus|Body Press|p1a: Torterra\n|-resisted|p1a: Torterra\n|-damage|p1a: Torterra|41\/100\n|move|p1a: Torterra|Amnesia|p1a: Torterra\n|-boost|p1a: Torterra|spd|2\n|\n|upkeep\n|turn|11\n|\n|t:|1699909069\n|move|p2a: Support Madness|Psychic|p1a: Torterra\n|-damage|p1a: Torterra|29\/100\n|move|p1a: Torterra|Synthesis|p1a: Torterra\n|-heal|p1a: Torterra|78\/100\n|move|p2b: Sus Amogus|Amnesia|p2b: Sus Amogus\n|-boost|p2b: Sus Amogus|spd|2\n|\n|upkeep\n|turn|12\n|\n|t:|1699909080\n|move|p2a: Support Madness|Psychic|p1a: Torterra\n|-damage|p1a: Torterra|64\/100\n|move|p2b: Sus Amogus|Amnesia|p2b: Sus Amogus\n|-boost|p2b: Sus Amogus|spd|2\n|move|p1a: Torterra|Amnesia|p1a: Torterra\n|-boost|p1a: Torterra|spd|2\n|\n|upkeep\n|turn|13\n|\n|t:|1699909091\n|move|p2a: Support Madness|Psychic|p1a: Torterra\n|-damage|p1a: Torterra|54\/100\n|move|p1a: Torterra|Amnesia|p1a: Torterra\n|-boost|p1a: Torterra|spd|1\n|move|p2b: Sus Amogus|Amnesia|p2b: Sus Amogus\n|-boost|p2b: Sus Amogus|spd|2\n|\n|upkeep\n|turn|14\n|\n|t:|1699909104\n|move|p2b: Sus Amogus|Amnesia|p2b: Sus Amogus\n|-boost|p2b: Sus Amogus|spd|1\n|move|p1a: Torterra|Body Press|p2a: Support Madness\n|-resisted|p2a: Support Madness\n|-damage|p2a: Support Madness|62\/100\n|move|p2a: Support Madness|Trick Room|p2a: Support Madness\n|-fieldstart|move: Trick Room|[of] p2a: Support Madness\n|\n|upkeep\n|turn|15\n|\n|t:|1699909120\n|move|p1a: Torterra|Body Press|p2a: Support Madness\n|-resisted|p2a: Support Madness\n|-crit|p2a: Support Madness\n|-damage|p2a: Support Madness|2\/100\n|move|p2b: Sus Amogus|Body Press|p1a: Torterra\n|-resisted|p1a: Torterra\n|-damage|p1a: Torterra|43\/100\n|move|p2a: Support Madness|Lunar Blessing|p2a: Support Madness|[spread] p2a,p2b\n|-heal|p2a: Support Madness|27\/100\n|\n|upkeep\n|turn|16\n|\n|t:|1699909135\n|move|p2b: Sus Amogus|Body Press|p1a: Torterra\n|-resisted|p1a: Torterra\n|-damage|p1a: Torterra|34\/100\n|move|p1a: Torterra|Body Press|p2a: Support Madness\n|-resisted|p2a: Support Madness\n|-damage|p2a: Support Madness|0 fnt\n|faint|p2a: Support Madness\n|\n|upkeep\n|turn|17\n|inactive|AvianRoseline has 30 seconds left.\n|\n|t:|1699909162\n|move|p1a: Torterra|Synthesis|p1a: Torterra\n|-heal|p1a: Torterra|84\/100\n|move|p2b: Sus Amogus|Body Press|p1a: Torterra\n|-resisted|p1a: Torterra\n|-damage|p1a: Torterra|74\/100\n|\n|upkeep\n|turn|18\n|\n|t:|1699909171\n|move|p1a: Torterra|Body Press|p2b: Sus Amogus\n|-damage|p2b: Sus Amogus|79\/100\n|move|p2b: Sus Amogus|Body Press|p1a: Torterra\n|-resisted|p1a: Torterra\n|-damage|p1a: Torterra|65\/100\n|\n|-fieldend|move: Trick Room\n|upkeep\n|turn|19\n|\n|t:|1699909188\n|move|p2b: Sus Amogus|Amnesia|p2b: Sus Amogus\n|-boost|p2b: Sus Amogus|spd|0\n|move|p1a: Torterra|Body Press|p2b: Sus Amogus\n|-damage|p2b: Sus Amogus|57\/100\n|\n|upkeep\n|turn|20\n|\n|t:|1699909196\n|move|p1a: Torterra|Body Press|p2b: Sus Amogus\n|-damage|p2b: Sus Amogus|35\/100\n|move|p2b: Sus Amogus|Synthesis|p2b: Sus Amogus\n|-heal|p2b: Sus Amogus|85\/100\n|\n|upkeep\n|turn|21\n|inactive|AvianRoseline has 30 seconds left.\n|\n|t:|1699909225\n|move|p2b: Sus Amogus|Synthesis|p2b: Sus Amogus\n|-heal|p2b: Sus Amogus|100\/100\n|move|p1a: Torterra|Body Press|p2b: Sus Amogus\n|-damage|p2b: Sus Amogus|80\/100\n|\n|upkeep\n|turn|22\n|\n|t:|1699909234\n|move|p2b: Sus Amogus|Iron Defense|p2b: Sus Amogus\n|-boost|p2b: Sus Amogus|def|0\n|move|p1a: Torterra|Body Press|p2b: Sus Amogus\n|-damage|p2b: Sus Amogus|57\/100\n|\n|upkeep\n|turn|23\n|\n|t:|1699909241\n|move|p2b: Sus Amogus|Synthesis|p2b: Sus Amogus\n|-heal|p2b: Sus Amogus|100\/100\n|move|p1a: Torterra|Body Press|p2b: Sus Amogus\n|-damage|p2b: Sus Amogus|77\/100\n|\n|upkeep\n|turn|24\n|\n|t:|1699909249\n|move|p2b: Sus Amogus|Iron Defense|p2b: Sus Amogus\n|-boost|p2b: Sus Amogus|def|0\n|move|p1a: Torterra|Body Press|p2b: Sus Amogus\n|-damage|p2b: Sus Amogus|54\/100\n|\n|upkeep\n|turn|25\n|\n|t:|1699909256\n|move|p2b: Sus Amogus|Iron Defense|p2b: Sus Amogus\n|-boost|p2b: Sus Amogus|def|0\n|move|p1a: Torterra|Body Press|p2b: Sus Amogus\n|-damage|p2b: Sus Amogus|33\/100\n|\n|upkeep\n|turn|26\n|\n|t:|1699909264\n|move|p2b: Sus Amogus|Iron Defense|p2b: Sus Amogus\n|-boost|p2b: Sus Amogus|def|0\n|move|p1a: Torterra|Body Press|p2b: Sus Amogus\n|-damage|p2b: Sus Amogus|13\/100\n|\n|upkeep\n|turn|27\n|\n|t:|1699909272\n|move|p1a: Torterra|Body Press|p2b: Sus Amogus\n|-damage|p2b: Sus Amogus|0 fnt\n|faint|p2b: Sus Amogus\n|\n|win|Xeko03\n|raw|Xeko03's rating: 1187 &rarr; <strong>1213<\/strong><br \/>(+26 for winning)\n|raw|AvianRoseline's rating: 1197 &rarr; <strong>1171<\/strong><br \/>(-26 for losing)\n|l|\u2606Xeko03\n","uploadtime":1699909289,"views":11,"p1id":"xeko03","p2id":"avianroseline","formatid":"gen9vgc2023regulatione","rating":1171,"private":0,"password":""}