{"id":"gen9vgc2023regulatione-1991162333","p1":"Libgen","p2":"Refanner","format":"[Gen 9] VGC 2023 Regulation E","log":"|j|\u2606Libgen\n|j|\u2606Refanner\n|t:|1700052069\n|gametype|doubles\n|player|p1|Libgen|170|1322\n|player|p2|Refanner|169|1211\n|teamsize|p1|6\n|teamsize|p2|6\n|gen|9\n|tier|[Gen 9] VGC 2023 Regulation E\n|rated|\n|rule|Species Clause: Limit one of each Pok\u00e9mon\n|rule|Item Clause: Limit one of each item\n|clearpoke\n|poke|p1|Flutter Mane, L50|\n|poke|p1|Chi-Yu, L50|\n|poke|p1|Landorus-Therian, L50, M|\n|poke|p1|Wyrdeer, L50, M|\n|poke|p1|Ursaluna, L50, F|\n|poke|p1|Iron Hands, L50|\n|poke|p2|Glimmora, L50, M|\n|poke|p2|Urshifu-*, L50, M|\n|poke|p2|Tornadus, L50, M|\n|poke|p2|Rillaboom, L50, F|\n|poke|p2|Clefairy, L50, F|\n|poke|p2|Regieleki, L50|\n|teampreview|4\n|inactive|Battle timer is ON: inactive players will automatically lose when time's up. (requested by Libgen)\n|inactive|Refanner has 60 seconds left.\n|inactive|Refanner has 30 seconds left.\n|\n|t:|1700052150\n|start\n|switch|p1a: Wyrdeer|Wyrdeer, L50, M|100\/100\n|switch|p1b: Flutter Mane|Flutter Mane, L50|100\/100\n|switch|p2a: Tornadus|Tornadus, L50, M|100\/100\n|switch|p2b: Glimmora|Glimmora, L50, M|100\/100\n|-ability|p1a: Wyrdeer|Intimidate|boost\n|-unboost|p2a: Tornadus|atk|1\n|-unboost|p2b: Glimmora|atk|1\n|turn|1\n|inactive|Refanner has 30 seconds left.\n|inactive|Refanner has 20 seconds left.\n|inactive|Refanner has 15 seconds left.\n|inactive|Refanner has 10 seconds left.\n|\n|t:|1700052198\n|-terastallize|p2b: Glimmora|Grass\n|move|p2a: Tornadus|Tailwind|p2a: Tornadus\n|-sidestart|p2: Refanner|move: Tailwind\n|move|p2b: Glimmora|Sludge Bomb|p1b: Flutter Mane\n|-damage|p1b: Flutter Mane|54\/100\n|move|p1b: Flutter Mane|Moonblast|p2a: Tornadus\n|-damage|p2a: Tornadus|42\/100\n|move|p1a: Wyrdeer|Psychic|p2b: Glimmora\n|-damage|p2b: Glimmora|64\/100\n|\n|upkeep\n|turn|2\n|\n|t:|1700052222\n|move|p2b: Glimmora|Spiky Shield|p2b: Glimmora\n|-singleturn|p2b: Glimmora|move: Protect\n|move|p1b: Flutter Mane|Protect|p1b: Flutter Mane\n|-singleturn|p1b: Flutter Mane|Protect\n|move|p2a: Tornadus|Bleakwind Storm|p1b: Flutter Mane|[spread] p1a\n|-activate|p1b: Flutter Mane|move: Protect\n|-damage|p1a: Wyrdeer|72\/100\n|move|p1a: Wyrdeer|Trick Room|p1a: Wyrdeer\n|-fieldstart|move: Trick Room|[of] p1a: Wyrdeer\n|\n|upkeep\n|turn|3\n|\n|t:|1700052246\n|move|p1a: Wyrdeer|Psychic|p2b: Glimmora\n|-damage|p2b: Glimmora|25\/100\n|move|p1b: Flutter Mane|Dazzling Gleam|p2a: Tornadus|[spread] p2a,p2b\n|-damage|p2a: Tornadus|2\/100\n|-damage|p2b: Glimmora|0 fnt\n|faint|p2b: Glimmora\n|move|p2a: Tornadus|Bleakwind Storm|p1b: Flutter Mane|[spread] p1a,p1b\n|-damage|p1a: Wyrdeer|44\/100\n|-damage|p1b: Flutter Mane|25\/100\n|\n|upkeep\n|\n|t:|1700052257\n|switch|p2b: Rillaboom|Rillaboom, L50, F|100\/100\n|-fieldstart|move: Grassy Terrain|[from] ability: Grassy Surge|[of] p2b: Rillaboom\n|turn|4\n|\n|t:|1700052278\n|move|p2b: Rillaboom|Fake Out|p1a: Wyrdeer\n|-damage|p1a: Wyrdeer|30\/100\n|cant|p1a: Wyrdeer|flinch\n|move|p1b: Flutter Mane|Dazzling Gleam|p2a: Tornadus|[spread] p2a,p2b\n|-damage|p2a: Tornadus|0 fnt\n|-damage|p2b: Rillaboom|77\/100\n|faint|p2a: Tornadus\n|\n|-heal|p1a: Wyrdeer|36\/100|[from] Grassy Terrain\n|-heal|p1b: Flutter Mane|31\/100|[from] Grassy Terrain\n|-heal|p2b: Rillaboom|83\/100|[from] Grassy Terrain\n|-sideend|p2: Refanner|move: Tailwind\n|upkeep\n|\n|t:|1700052289\n|switch|p2a: Urshifu|Urshifu, L50, M|100\/100\n|turn|5\n|\n|t:|1700052302\n|move|p1a: Wyrdeer|Psychic|p2b: Rillaboom\n|-damage|p2b: Rillaboom|61\/100\n|move|p2b: Rillaboom|Wood Hammer|p1b: Flutter Mane\n|-damage|p1b: Flutter Mane|0 fnt\n|faint|p1b: Flutter Mane\n|-end|p1b: Flutter Mane|Protosynthesis|[silent]\n|-damage|p2b: Rillaboom|54\/100|[from] Recoil\n|move|p2a: Urshifu|Substitute|p2a: Urshifu\n|-start|p2a: Urshifu|Substitute\n|-damage|p2a: Urshifu|76\/100\n|\n|-heal|p1a: Wyrdeer|42\/100|[from] Grassy Terrain\n|-heal|p2b: Rillaboom|60\/100|[from] Grassy Terrain\n|-heal|p2a: Urshifu|82\/100|[from] Grassy Terrain\n|upkeep\n|\n|t:|1700052309\n|switch|p1b: Chi-Yu|Chi-Yu, L50|100\/100\n|-ability|p1b: Chi-Yu|Beads of Ruin\n|turn|6\n|inactive|Refanner has 30 seconds left.\n|inactive|Refanner has 20 seconds left.\n|\n|t:|1700052346\n|switch|p1a: Ursaluna|Ursaluna, L50, F|100\/100\n|-terastallize|p1b: Chi-Yu|Grass\n|move|p2b: Rillaboom|Wood Hammer|p1a: Ursaluna\n|-supereffective|p1a: Ursaluna\n|-damage|p1a: Ursaluna|0 fnt\n|faint|p1a: Ursaluna\n|-damage|p2b: Rillaboom|22\/100|[from] Recoil\n|move|p2a: Urshifu|Close Combat|p1b: Chi-Yu\n|-damage|p1b: Chi-Yu|8\/100\n|-unboost|p2a: Urshifu|def|1\n|-unboost|p2a: Urshifu|spd|1\n|move|p1b: Chi-Yu|Heat Wave|p2b: Rillaboom|[spread] p2a,p2b\n|-end|p2a: Urshifu|Substitute\n|-supereffective|p2b: Rillaboom\n|-damage|p2b: Rillaboom|0 fnt\n|faint|p2b: Rillaboom\n|-damage|p1b: Chi-Yu|0 fnt|[from] item: Life Orb\n|faint|p1b: Chi-Yu\n|\n|-heal|p2a: Urshifu|88\/100|[from] Grassy Terrain\n|-fieldend|move: Trick Room\n|upkeep\n|-message|Libgen forfeited.\n|\n|win|Refanner\n|raw|Libgen's rating: 1322 &rarr; <strong>1296<\/strong><br \/>(-26 for losing)\n|raw|Refanner's rating: 1211 &rarr; <strong>1244<\/strong><br \/>(+33 for winning)\n|l|\u2606Libgen\n","uploadtime":1700052372,"views":14,"p1id":"libgen","p2id":"refanner","formatid":"gen9vgc2023regulatione","rating":1244,"private":0,"password":""}