{"id":"gen9vgc2023regulatione-1998559783","p1":"Dummy Sauce","p2":"AStupidAsian","format":"[Gen 9] VGC 2023 Regulation E","log":"|j|\u2606Dummy Sauce\n|j|\u2606AStupidAsian\n|t:|1700956354\n|gametype|doubles\n|player|p1|Dummy Sauce|waiter|1404\n|player|p2|AStupidAsian|sordward|1291\n|teamsize|p1|6\n|teamsize|p2|6\n|gen|9\n|tier|[Gen 9] VGC 2023 Regulation E\n|rated|\n|rule|Species Clause: Limit one of each Pok\u00e9mon\n|rule|Item Clause: Limit one of each item\n|clearpoke\n|poke|p1|Zapdos-Galar, L50|\n|poke|p1|Dragapult, L50, F|\n|poke|p1|Chien-Pao, L50|\n|poke|p1|Tornadus, L50, M|\n|poke|p1|Ogerpon-Wellspring, L50, F|\n|poke|p1|Rillaboom, L50, M|\n|poke|p2|Baxcalibur, L50, M|\n|poke|p2|Ninetales-Alola, L50, M|\n|poke|p2|Ogerpon-Wellspring, L50, F|\n|poke|p2|Landorus-Therian, L50, M|\n|poke|p2|Heatran, L50, M|\n|poke|p2|Sinistcha, L50|\n|teampreview|4\n|inactive|Battle timer is ON: inactive players will automatically lose when time's up. (requested by Dummy Sauce)\nAStupidAsian rejected open team sheets.\n|\n|t:|1700956378\n|start\n|switch|p1a: Tornadus|Tornadus, L50, M|100\/100\n|switch|p1b: Chien-Pao|Chien-Pao, L50|100\/100\n|switch|p2a: Ninetales|Ninetales-Alola, L50, M|100\/100\n|switch|p2b: Baxcalibur|Baxcalibur, L50, M|100\/100\n|-ability|p1b: Chien-Pao|Sword of Ruin\n|-weather|Snow|[from] ability: Snow Warning|[of] p2a: Ninetales\n|turn|1\n|\n|t:|1700956392\n|move|p1a: Tornadus|Rain Dance|p1a: Tornadus\n|-weather|RainDance\n|move|p1b: Chien-Pao|Sacred Sword|p2b: Baxcalibur\n|-supereffective|p2b: Baxcalibur\n|-damage|p2b: Baxcalibur|26\/100\n|move|p2a: Ninetales|Aurora Veil||[still]\n|-fail|p2a: Ninetales\n|move|p2b: Baxcalibur|Icicle Spear|p1a: Tornadus\n|-supereffective|p1a: Tornadus\n|-damage|p1a: Tornadus|62\/100\n|-supereffective|p1a: Tornadus\n|-damage|p1a: Tornadus|23\/100\n|-supereffective|p1a: Tornadus\n|-damage|p1a: Tornadus|0 fnt\n|faint|p1a: Tornadus\n|-hitcount|p1: Tornadus|3\n|\n|-weather|RainDance|[upkeep]\n|upkeep\n|\n|t:|1700956401\n|switch|p1a: Zapdos|Zapdos-Galar, L50|100\/100\n|turn|2\n|\n|t:|1700956412\n|switch|p2a: Sinistcha|Sinistcha, L50|100\/100\n|-heal|p2b: Baxcalibur|51\/100|[from] ability: Hospitality|[of] p2a: Sinistcha\n|-terastallize|p1a: Zapdos|Fire\n|move|p2b: Baxcalibur|Protect|p2b: Baxcalibur\n|-singleturn|p2b: Baxcalibur|Protect\n|move|p1b: Chien-Pao|Sucker Punch||[still]\n|-fail|p1b: Chien-Pao\n|move|p1a: Zapdos|Thunderous Kick|p2a: Sinistcha\n|-immune|p2a: Sinistcha\n|\n|-weather|RainDance|[upkeep]\n|upkeep\n|turn|3\n|\n|t:|1700956434\n|switch|p2b: Ninetales|Ninetales-Alola, L50, M|100\/100\n|-weather|Snow|[from] ability: Snow Warning|[of] p2b: Ninetales\n|move|p1a: Zapdos|Thunderous Kick|p2b: Ninetales\n|-damage|p2b: Ninetales|29\/100\n|-unboost|p2b: Ninetales|def|1\n|move|p1b: Chien-Pao|Ice Spinner|p2a: Sinistcha\n|-supereffective|p2a: Sinistcha\n|-damage|p2a: Sinistcha|5\/100\n|-damage|p1b: Chien-Pao|84\/100|[from] item: Rocky Helmet|[of] p2a: Sinistcha\n|move|p2a: Sinistcha|Strength Sap|p1b: Chien-Pao\n|-unboost|p1b: Chien-Pao|atk|1\n|-heal|p2a: Sinistcha|100\/100\n|\n|-weather|Snow|[upkeep]\n|upkeep\n|turn|4\n|inactive|Dummy Sauce has 30 seconds left.\n|inactive|AStupidAsian has 30 seconds left.\n|inactive|Dummy Sauce has 20 seconds left.\n|inactive|AStupidAsian has 20 seconds left.\n|inactive|Dummy Sauce has 15 seconds left.\n|\n|t:|1700956476\n|move|p1a: Zapdos|Thunderous Kick|p2b: Ninetales\n|-crit|p2b: Ninetales\n|-damage|p2b: Ninetales|0 fnt\n|faint|p2b: Ninetales\n|move|p1b: Chien-Pao|Ice Spinner|p2a: Sinistcha\n|-supereffective|p2a: Sinistcha\n|-damage|p2a: Sinistcha|43\/100\n|-damage|p1b: Chien-Pao|68\/100|[from] item: Rocky Helmet|[of] p2a: Sinistcha\n|move|p2a: Sinistcha|Strength Sap|p1b: Chien-Pao\n|-unboost|p1b: Chien-Pao|atk|1\n|-heal|p2a: Sinistcha|100\/100\n|\n|-weather|Snow|[upkeep]\n|upkeep\n|\n|t:|1700956489\n|switch|p2b: Baxcalibur|Baxcalibur, L50, M|51\/100\n|turn|5\n|\n|t:|1700956504\n|move|p1b: Chien-Pao|Protect|p1b: Chien-Pao\n|-singleturn|p1b: Chien-Pao|Protect\n|move|p1a: Zapdos|Thunderous Kick|p2b: Baxcalibur\n|-supereffective|p2b: Baxcalibur\n|-damage|p2b: Baxcalibur|0 fnt\n|faint|p2b: Baxcalibur\n|move|p2a: Sinistcha|Strength Sap|p1b: Chien-Pao\n|-activate|p1b: Chien-Pao|move: Protect\n|\n|-weather|Snow|[upkeep]\n|upkeep\n|\n|t:|1700956506\n|switch|p2b: Ogerpon|Ogerpon-Wellspring, L50, F|100\/100\n|turn|6\n|\n|t:|1700956515\n|move|p1a: Zapdos|Thunderous Kick|p2b: Ogerpon\n|-damage|p2b: Ogerpon|38\/100\n|-unboost|p2b: Ogerpon|def|1\n|move|p1b: Chien-Pao|Ice Spinner|p2b: Ogerpon\n|-damage|p2b: Ogerpon|1\/100\n|move|p2b: Ogerpon|Ivy Cudgel|p1a: Zapdos|[anim] Ivy Cudgel Water\n|-supereffective|p1a: Zapdos\n|-damage|p1a: Zapdos|0 fnt\n|faint|p1a: Zapdos\n|move|p2a: Sinistcha|Strength Sap|p1b: Chien-Pao\n|-unboost|p1b: Chien-Pao|atk|1\n|\n|-weather|Snow|[upkeep]\n|upkeep\n|\n|t:|1700956528\n|switch|p1a: Ogerpon|Ogerpon-Wellspring, L50, F|100\/100\n|turn|7\n|\n|t:|1700956547\n|move|p2b: Ogerpon|Spiky Shield|p2b: Ogerpon\n|-singleturn|p2b: Ogerpon|move: Protect\n|move|p1b: Chien-Pao|Ice Spinner|p2b: Ogerpon\n|-activate|p2b: Ogerpon|move: Protect\n|-damage|p1b: Chien-Pao|56\/100|[from] Spiky Shield|[of] p2b: Ogerpon\n|move|p1a: Ogerpon|Ivy Cudgel|p2a: Sinistcha|[anim] Ivy Cudgel Water\n|-resisted|p2a: Sinistcha\n|-damage|p2a: Sinistcha|66\/100\n|move|p2a: Sinistcha|Matcha Gotcha|p1a: Ogerpon|[spread] p1a,p1b\n|-damage|p1a: Ogerpon|71\/100\n|-heal|p2a: Sinistcha|81\/100|[from] drain|[of] p1a: Ogerpon\n|-damage|p1b: Chien-Pao|9\/100\n|-heal|p2a: Sinistcha|100\/100|[from] drain|[of] p1b: Chien-Pao\n|\n|-weather|none\n|upkeep\n|turn|8\n|\n|t:|1700956567\n|move|p1a: Ogerpon|Spiky Shield|p1a: Ogerpon\n|-singleturn|p1a: Ogerpon|move: Protect\n|move|p2b: Ogerpon|Follow Me|p2b: Ogerpon\n|-singleturn|p2b: Ogerpon|move: Follow Me\n|move|p1b: Chien-Pao|Ice Spinner|p2b: Ogerpon\n|-damage|p2b: Ogerpon|0 fnt\n|faint|p2b: Ogerpon\n|move|p2a: Sinistcha|Matcha Gotcha|p1a: Ogerpon|[spread] p1b\n|-activate|p1a: Ogerpon|move: Protect\n|-damage|p1b: Chien-Pao|0 fnt\n|faint|p1b: Chien-Pao\n|\n|upkeep\n|turn|9\n|\n|t:|1700956580\n|move|p1a: Ogerpon|Ivy Cudgel|p2a: Sinistcha|[anim] Ivy Cudgel Water\n|-resisted|p2a: Sinistcha\n|-damage|p2a: Sinistcha|74\/100\n|move|p2a: Sinistcha|Matcha Gotcha|p1a: Ogerpon|[miss]\n|-miss|p2a: Sinistcha|p1a: Ogerpon\n|\n|upkeep\n|turn|10\n|\n|t:|1700956586\n|move|p1a: Ogerpon|Ivy Cudgel|p2a: Sinistcha|[anim] Ivy Cudgel Water\n|-resisted|p2a: Sinistcha\n|-damage|p2a: Sinistcha|49\/100\n|move|p2a: Sinistcha|Strength Sap|p1a: Ogerpon\n|-unboost|p1a: Ogerpon|atk|1\n|-heal|p2a: Sinistcha|100\/100\n|\n|upkeep\n|turn|11\n|-message|Dummy Sauce forfeited.\n|\n|win|AStupidAsian\n|raw|Dummy Sauce's rating: 1404 &rarr; <strong>1378<\/strong><br \/>(-26 for losing)\n|raw|AStupidAsian's rating: 1291 &rarr; <strong>1324<\/strong><br \/>(+33 for winning)\n|l|\u2606Dummy Sauce\n","uploadtime":1700956603,"views":4,"p1id":"dummysauce","p2id":"astupidasian","formatid":"gen9vgc2023regulatione","rating":1324,"private":0,"password":""}