{"id":"gen9vgc2023regulatione-1989002540","p1":"fjll233","p2":"jebongskiman","format":"[Gen 9] VGC 2023 Regulation E","log":"|j|\u2606fjll233\n|j|\u2606jebongskiman\n|t:|1699800820\n|gametype|doubles\n|player|p1|fjll233|roughneck-gen4|1247\n|player|p2|jebongskiman|blue|1290\n|teamsize|p1|6\n|teamsize|p2|6\n|gen|9\n|tier|[Gen 9] VGC 2023 Regulation E\n|rated|\n|rule|Species Clause: Limit one of each Pok\u00e9mon\n|rule|Item Clause: Limit one of each item\n|clearpoke\n|poke|p1|Weezing, L50, M|\n|poke|p1|Iron Bundle, L50|\n|poke|p1|Urshifu-*, L50, M|\n|poke|p1|Gholdengo, L50|\n|poke|p1|Rillaboom, L50, M|\n|poke|p1|Arcanine-Hisui, L50, F|\n|poke|p2|Sableye, L50, M|\n|poke|p2|Landorus-Therian, L50, M|\n|poke|p2|Sinistcha, L50|\n|poke|p2|Heatran, L50, M|\n|poke|p2|Espathra, L50, M|\n|poke|p2|Urshifu-*, L50, M|\n|teampreview|4\n|inactive|Battle timer is ON: inactive players will automatically lose when time's up. (requested by fjll233)\njebongskiman has agreed to open team sheets.\n|inactive|fjll233 has 60 seconds left.\n|inactive|jebongskiman has 60 seconds left.\n|\n|t:|1699800867\n|start\n|switch|p1a: \u7761\u5b8c\u5de6\u8fb9|Weezing, L50, M|100\/100\n|switch|p1b: Gholdengo|Gholdengo, L50|100\/100\n|switch|p2a: Espathra|Espathra, L50, M|100\/100\n|switch|p2b: Landorus|Landorus-Therian, L50, M|100\/100\n|-ability|p1a: \u7761\u5b8c\u5de6\u8fb9|Neutralizing Gas\n|turn|1\n|inactive|fjll233 has 30 seconds left.\n|\n|t:|1699800901\n|-terastallize|p1b: Gholdengo|Dragon\n|move|p1b: Gholdengo|Shadow Ball|p2a: Espathra\n|-supereffective|p2a: Espathra\n|-enditem|p2a: Espathra|Focus Sash\n|-damage|p2a: Espathra|1\/100\n|move|p2a: Espathra|Lumina Crash|p1a: \u7761\u5b8c\u5de6\u8fb9\n|-supereffective|p1a: \u7761\u5b8c\u5de6\u8fb9\n|-damage|p1a: \u7761\u5b8c\u5de6\u8fb9|38\/100\n|-unboost|p1a: \u7761\u5b8c\u5de6\u8fb9|spd|2\n|move|p2b: Landorus|Stomping Tantrum|p1a: \u7761\u5b8c\u5de6\u8fb9\n|-supereffective|p1a: \u7761\u5b8c\u5de6\u8fb9\n|-damage|p1a: \u7761\u5b8c\u5de6\u8fb9|0 fnt\n|faint|p1a: \u7761\u5b8c\u5de6\u8fb9\n|-end|p1a: \u7761\u5b8c\u5de6\u8fb9|ability: Neutralizing Gas\n|-ability|p2b: Landorus|Intimidate|boost\n|-unboost|p1b: Gholdengo|atk|1\n|\n|-ability|p2a: Espathra|Speed Boost|boost\n|-boost|p2a: Espathra|spe|1\n|upkeep\n|\n|t:|1699800919\n|switch|p1a: Rillaboom|Rillaboom, L50, M|100\/100\n|-fieldstart|move: Grassy Terrain|[from] ability: Grassy Surge|[of] p1a: Rillaboom\n|turn|2\n|\n|t:|1699800941\n|move|p2a: Espathra|Protect|p2a: Espathra\n|-singleturn|p2a: Espathra|Protect\n|move|p1a: Rillaboom|Fake Out|p2b: Landorus\n|-damage|p2b: Landorus|84\/100\n|move|p1b: Gholdengo|Shadow Ball|p2a: Espathra\n|-activate|p2a: Espathra|move: Protect\n|cant|p2b: Landorus|flinch\n|\n|-heal|p2a: Espathra|7\/100|[from] Grassy Terrain\n|-ability|p2a: Espathra|Speed Boost|boost\n|-boost|p2a: Espathra|spe|1\n|upkeep\n|turn|3\n|\n|t:|1699800957\n|move|p1a: Rillaboom|Grassy Glide|p2a: Espathra\n|-damage|p2a: Espathra|0 fnt\n|faint|p2a: Espathra\n|move|p1b: Gholdengo|Shadow Ball|p2b: Landorus\n|-damage|p2b: Landorus|49\/100\n|move|p2b: Landorus|U-turn|p1a: Rillaboom\n|-supereffective|p1a: Rillaboom\n|-damage|p1a: Rillaboom|51\/100\n|\n|t:|1699800964\n|switch|p2b: Sableye|Sableye, L50, M|100\/100|[from] U-turn\n|\n|-heal|p1a: Rillaboom|57\/100|[from] Grassy Terrain\n|upkeep\n|\n|t:|1699800969\n|switch|p2a: Heatran|Heatran, L50, M|100\/100\n|turn|4\n|\n|t:|1699800986\n|move|p2a: Heatran|Protect|p2a: Heatran\n|-singleturn|p2a: Heatran|Protect\n|move|p2b: Sableye|Light Screen|p2b: Sableye\n|-sidestart|p2: jebongskiman|move: Light Screen\n|move|p1b: Gholdengo|Shadow Ball|p2b: Sableye\n|-damage|p2b: Sableye|58\/100\n|move|p1a: Rillaboom|High Horsepower|p2a: Heatran\n|-activate|p2a: Heatran|move: Protect\n|\n|-heal|p1a: Rillaboom|63\/100|[from] Grassy Terrain\n|-heal|p2b: Sableye|64\/100|[from] Grassy Terrain\n|upkeep\n|turn|5\n|inactive|jebongskiman has 30 seconds left.\n|inactive|jebongskiman has 20 seconds left.\n|inactive|jebongskiman has 15 seconds left.\n|\n|t:|1699801030\n|switch|p1b: Urshifu|Urshifu, L50, M|100\/100\n|-terastallize|p2a: Heatran|Fairy\n|move|p2b: Sableye|Gravity|p2b: Sableye\n|-fieldstart|move: Gravity\n|move|p2a: Heatran|Magma Storm|p1b: Urshifu\n|-damage|p1b: Urshifu|5\/100\n|-activate|p1b: Urshifu|move: Magma Storm|[of] p2a: Heatran\n|move|p1a: Rillaboom|Knock Off|p2b: Sableye\n|-damage|p2b: Sableye|25\/100\n|-damage|p1a: Rillaboom|46\/100|[from] item: Rocky Helmet|[of] p2b: Sableye\n|-enditem|p2b: Sableye|Rocky Helmet|[from] move: Knock Off|[of] p1a: Rillaboom\n|\n|-heal|p1b: Urshifu|11\/100|[from] Grassy Terrain\n|-heal|p1a: Rillaboom|52\/100|[from] Grassy Terrain\n|-heal|p2b: Sableye|31\/100|[from] Grassy Terrain\n|-damage|p1b: Urshifu|0 fnt|[from] move: Magma Storm|[partiallytrapped]\n|faint|p1b: Urshifu\n|upkeep\n|\n|t:|1699801047\n|switch|p1b: Gholdengo|Gholdengo, L50, tera:Dragon|100\/100\n|turn|6\n|\n|t:|1699801058\n|move|p1a: Rillaboom|Grassy Glide|p2b: Sableye\n|-damage|p2b: Sableye|0 fnt\n|faint|p2b: Sableye\n|move|p1b: Gholdengo|Make It Rain|p2a: Heatran\n|-supereffective|p2a: Heatran\n|-damage|p2a: Heatran|23\/100\n|-unboost|p1b: Gholdengo|spa|1\n|move|p2a: Heatran|Magma Storm|p1a: Rillaboom\n|-supereffective|p1a: Rillaboom\n|-damage|p1a: Rillaboom|0 fnt\n|faint|p1a: Rillaboom\n|\n|-heal|p2a: Heatran|28\/100|[from] Grassy Terrain\n|-heal|p2a: Heatran|34\/100|[from] item: Leftovers\n|-fieldend|move: Grassy Terrain\n|upkeep\n|\n|t:|1699801067\n|switch|p2b: Landorus|Landorus-Therian, L50, M|49\/100\n|-ability|p2b: Landorus|Intimidate|boost\n|-unboost|p1b: Gholdengo|atk|1\n|turn|7\n|\n|t:|1699801084\n|move|p1b: Gholdengo|Make It Rain|p2b: Landorus|[spread] p2a,p2b\n|-supereffective|p2a: Heatran\n|-damage|p2a: Heatran|0 fnt\n|-damage|p2b: Landorus|28\/100\n|-unboost|p1b: Gholdengo|spa|1\n|faint|p2a: Heatran\n|move|p2b: Landorus|Rock Slide|p1b: Gholdengo\n|-damage|p1b: Gholdengo|69\/100\n|\n|upkeep\n|turn|8\n|\n|t:|1699801091\n|move|p1b: Gholdengo|Make It Rain|p2b: Landorus\n|-damage|p2b: Landorus|9\/100\n|-unboost|p1b: Gholdengo|spa|1\n|move|p2b: Landorus|Stomping Tantrum|p1b: Gholdengo\n|-damage|p1b: Gholdengo|17\/100\n|\n|-sideend|p2: jebongskiman|move: Light Screen\n|upkeep\n|turn|9\n|\n|t:|1699801104\n|move|p1b: Gholdengo|Make It Rain|p2b: Landorus\n|-damage|p2b: Landorus|0 fnt\n|-unboost|p1b: Gholdengo|spa|1\n|faint|p2b: Landorus\n|\n|win|fjll233\n|raw|fjll233's rating: 1247 &rarr; <strong>1275<\/strong><br \/>(+28 for winning)\n|raw|jebongskiman's rating: 1290 &rarr; <strong>1262<\/strong><br \/>(-28 for losing)\n","uploadtime":1699801108,"views":14,"p1id":"fjll233","p2id":"jebongskiman","formatid":"gen9vgc2023regulatione","rating":1262,"private":0,"password":""}