{"id":"gen9vgc2023regulatione-1996119195","p1":"KathyKane","p2":"BlesseyTheBlissey","format":"[Gen 9] VGC 2023 Regulation E","log":"|j|\u2606KathyKane\n|j|\u2606BlesseyTheBlissey\n|t:|1700647048\n|gametype|doubles\n|player|p1|KathyKane|raifort|1092\n|player|p2|BlesseyTheBlissey|dawn-gen4pt|1106\n|teamsize|p1|6\n|teamsize|p2|6\n|gen|9\n|tier|[Gen 9] VGC 2023 Regulation E\n|rated|\n|rule|Species Clause: Limit one of each Pok\u00e9mon\n|rule|Item Clause: Limit one of each item\n|clearpoke\n|poke|p1|Iron Hands, L50|\n|poke|p1|Arcanine-Hisui, L50, M|\n|poke|p1|Urshifu-*, L50, F|\n|poke|p1|Gholdengo, L50|\n|poke|p1|Roaring Moon, L50|\n|poke|p1|Ogerpon, L50, F|\n|poke|p2|Florges, L50, F|\n|poke|p2|Sinistcha-Masterpiece, L50|\n|poke|p2|Urshifu-*, L50, M|\n|poke|p2|Appletun, L50, F|\n|poke|p2|Grimmsnarl, L50, M|\n|poke|p2|Cresselia, L50, F|\n|teampreview|4\nKathyKane has agreed to open team sheets.\n|inactive|Battle timer is ON: inactive players will automatically lose when time's up. (requested by KathyKane)\n|\n|t:|1700647126\n|start\n|switch|p1a: Salamence lite|Roaring Moon, L50|100\/100\n|switch|p1b: cheese|Gholdengo, L50|100\/100\n|switch|p2a: Appletun|Appletun, L50, F|100\/100\n|switch|p2b: Florges|Florges, L50, F|100\/100\n|-enditem|p1a: Salamence lite|Booster Energy\n|-activate|p1a: Salamence lite|ability: Protosynthesis|[fromitem]\n|-start|p1a: Salamence lite|protosynthesisspe\n|turn|1\n|inactive|KathyKane has 30 seconds left.\n|inactive|BlesseyTheBlissey has 30 seconds left.\n|inactive|KathyKane has 20 seconds left.\n|inactive|BlesseyTheBlissey has 20 seconds left.\n|inactive|BlesseyTheBlissey has 15 seconds left.\n|inactive|BlesseyTheBlissey has 10 seconds left.\n|\n|t:|1700647175\n|move|p1a: Salamence lite|Protect|p1a: Salamence lite\n|-singleturn|p1a: Salamence lite|Protect\n|move|p1b: cheese|Nasty Plot|p1b: cheese\n|-boost|p1b: cheese|spa|2\n|move|p2b: Florges|Dazzling Gleam|p1a: Salamence lite|[spread] p1b\n|-activate|p1a: Salamence lite|move: Protect\n|-resisted|p1b: cheese\n|-damage|p1b: cheese|84\/100\n|move|p2a: Appletun|Body Press|p1a: Salamence lite\n|-activate|p1a: Salamence lite|move: Protect\n|\n|upkeep\n|turn|2\n|inactive|BlesseyTheBlissey has 30 seconds left.\n|inactive|BlesseyTheBlissey has 20 seconds left.\n|inactive|BlesseyTheBlissey has 15 seconds left.\n|inactive|BlesseyTheBlissey has 10 seconds left.\n|\n|t:|1700647224\n|-terastallize|p1a: Salamence lite|Poison\n|-terastallize|p2b: Florges|Steel\n|move|p1a: Salamence lite|Tailwind|p1a: Salamence lite\n|-sidestart|p1: KathyKane|move: Tailwind\n|move|p1b: cheese|Make It Rain|p2b: Florges|[spread] p2a,p2b\n|-resisted|p2b: Florges\n|-damage|p2a: Appletun|0 fnt\n|-damage|p2b: Florges|62\/100\n|-unboost|p1b: cheese|spa|1\n|faint|p2a: Appletun\n|move|p2b: Florges|Dazzling Gleam|p1a: Salamence lite|[spread] p1a,p1b\n|-resisted|p1a: Salamence lite\n|-crit|p1a: Salamence lite\n|-resisted|p1b: cheese\n|-damage|p1a: Salamence lite|83\/100\n|-damage|p1b: cheese|68\/100\n|\n|-heal|p2b: Florges|68\/100|[from] item: Leftovers\n|upkeep\n|\n|t:|1700647246\n|switch|p2a: Sinistcha|Sinistcha-Masterpiece, L50|100\/100\n|-heal|p2b: Florges|92\/100|[from] ability: Hospitality|[of] p2a: Sinistcha\n|turn|3\n|\n|t:|1700647269\n|move|p1a: Salamence lite|Knock Off|p2b: Florges\n|-damage|p2b: Florges|30\/100\n|-enditem|p2b: Florges|Leftovers|[from] move: Knock Off|[of] p1a: Salamence lite\n|move|p1b: cheese|Shadow Ball|p2a: Sinistcha\n|-supereffective|p2a: Sinistcha\n|-crit|p2a: Sinistcha\n|-damage|p2a: Sinistcha|0 fnt\n|faint|p2a: Sinistcha\n|move|p2b: Florges|Light Screen|p2b: Florges\n|-sidestart|p2: BlesseyTheBlissey|move: Light Screen\n|\n|upkeep\n|\n|t:|1700647277\n|switch|p2a: Urshifu|Urshifu-Rapid-Strike, L50, M|100\/100\n|turn|4\n|inactive|BlesseyTheBlissey has 30 seconds left.\n|inactive|BlesseyTheBlissey has 20 seconds left.\n|\n|t:|1700647316\n|move|p1a: Salamence lite|Breaking Swipe|p2b: Florges|[spread] p2a,p2b\n|-crit|p2a: Urshifu\n|-resisted|p2b: Florges\n|-damage|p2a: Urshifu|65\/100\n|-damage|p2b: Florges|17\/100\n|-unboost|p2a: Urshifu|atk|1\n|-unboost|p2b: Florges|atk|1\n|move|p1b: cheese|Shadow Ball|p2a: Urshifu\n|-damage|p2a: Urshifu|17\/100\n|move|p2a: Urshifu|Surging Strikes|p1b: cheese\n|-crit|p1b: cheese\n|-damage|p1b: cheese|46\/100\n|-crit|p1b: cheese\n|-damage|p1b: cheese|26\/100\n|-crit|p1b: cheese\n|-damage|p1b: cheese|4\/100\n|-hitcount|p1b: cheese|3\n|move|p2b: Florges|Pollen Puff|p2a: Urshifu\n|-heal|p2a: Urshifu|67\/100\n|\n|upkeep\n|turn|5\n|inactive|KathyKane has 30 seconds left.\n|inactive|BlesseyTheBlissey has 30 seconds left.\n|\n|t:|1700647348\n|move|p2a: Urshifu|Aqua Jet|p1b: cheese\n|-damage|p1b: cheese|0 fnt\n|faint|p1b: cheese\n|move|p1a: Salamence lite|Breaking Swipe|p2a: Urshifu|[spread] p2a,p2b\n|-resisted|p2b: Florges\n|-damage|p2a: Urshifu|44\/100\n|-damage|p2b: Florges|4\/100\n|-unboost|p2a: Urshifu|atk|1\n|-unboost|p2b: Florges|atk|1\n|move|p2b: Florges|Pollen Puff|p2a: Urshifu\n|-heal|p2a: Urshifu|94\/100\n|\n|-sideend|p1: KathyKane|move: Tailwind\n|upkeep\n|\n|t:|1700647353\n|switch|p1b: Ogerpon|Ogerpon, L50, F|100\/100\n|turn|6\n|inactive|BlesseyTheBlissey has 30 seconds left.\n|\n|t:|1700647386\n|move|p1a: Salamence lite|Breaking Swipe|p2a: Urshifu|[spread] p2a,p2b\n|-resisted|p2b: Florges\n|-damage|p2a: Urshifu|70\/100\n|-damage|p2b: Florges|0 fnt\n|-unboost|p2a: Urshifu|atk|1\n|faint|p2b: Florges\n|move|p1b: Ogerpon|Ivy Cudgel|p2a: Urshifu\n|-supereffective|p2a: Urshifu\n|-crit|p2a: Urshifu\n|-damage|p2a: Urshifu|0 fnt\n|faint|p2a: Urshifu\n|\n|win|KathyKane\n|raw|KathyKane's rating: 1092 &rarr; <strong>1119<\/strong><br \/>(+27 for winning)\n|raw|BlesseyTheBlissey's rating: 1106 &rarr; <strong>1080<\/strong><br \/>(-26 for losing)\n|l|\u2606BlesseyTheBlissey\n|l|\u2606KathyKane\n|j|\u2606KathyKane\n|player|p1|KathyKane|raifort\n","uploadtime":1700647449,"views":7,"p1id":"kathykane","p2id":"blesseytheblissey","formatid":"gen9vgc2023regulatione","rating":1080,"private":0,"password":""}