{"id":"gen9vgc2023regulatione-1992496412","p1":"Abro hilo","p2":"totolaw","format":"[Gen 9] VGC 2023 Regulation E","log":"|j|\u2606Abro hilo\n|j|\u2606totolaw\n|t:|1700195053\n|gametype|doubles\n|player|p1|Abro hilo|pilot|1364\n|player|p2|totolaw|266|1477\n|teamsize|p1|6\n|teamsize|p2|6\n|gen|9\n|tier|[Gen 9] VGC 2023 Regulation E\n|rated|\n|rule|Species Clause: Limit one of each Pok\u00e9mon\n|rule|Item Clause: Limit one of each item\n|clearpoke\n|poke|p1|Empoleon, L50, M|\n|poke|p1|Arcanine-Hisui, L50, M|\n|poke|p1|Landorus-Therian, L50, M|\n|poke|p1|Iron Hands, L50|\n|poke|p1|Flutter Mane, L50|\n|poke|p1|Amoonguss, L50, M|\n|poke|p2|Dondozo, L50, M|\n|poke|p2|Tatsugiri, L50, M|\n|poke|p2|Ninetales-Alola, L50, F|\n|poke|p2|Heatran, L50, M|\n|poke|p2|Glimmora, L50, F|\n|poke|p2|Landorus-Therian, L50, M|\n|teampreview|4\n|\n|t:|1700195079\n|start\n|switch|p1a: Landorus|Landorus-Therian, L50, M|100\/100\n|switch|p1b: Amoonguss|Amoonguss, L50, M, shiny|100\/100\n|switch|p2a: Ninetales|Ninetales-Alola, L50, F|100\/100\n|switch|p2b: Dondozo|Dondozo, L50, M|100\/100\n|-weather|Snow|[from] ability: Snow Warning|[of] p2a: Ninetales\n|-ability|p1a: Landorus|Intimidate|boost\n|-unboost|p2a: Ninetales|atk|1\n|-unboost|p2b: Dondozo|atk|1\n|turn|1\n|\n|t:|1700195098\n|switch|p1a: Iron Hands|Iron Hands, L50|100\/100\n|move|p2a: Ninetales|Icy Wind|p1a: Iron Hands|[spread] p1a,p1b\n|-supereffective|p1b: Amoonguss\n|-damage|p1a: Iron Hands|91\/100\n|-damage|p1b: Amoonguss|78\/100\n|-unboost|p1a: Iron Hands|spe|1\n|-unboost|p1b: Amoonguss|spe|1\n|move|p2b: Dondozo|Substitute|p2b: Dondozo\n|-start|p2b: Dondozo|Substitute\n|-damage|p2b: Dondozo|76\/100\n|move|p1b: Amoonguss|Spore||[still]\n|-fail|p1b: Amoonguss\n|\n|-weather|Snow|[upkeep]\n|-heal|p2b: Dondozo|82\/100|[from] item: Leftovers\n|upkeep\n|turn|2\n|\n|t:|1700195118\n|switch|p1b: Empoleon|Empoleon, L50, M, shiny|100\/100\n|move|p2a: Ninetales|Protect|p2a: Ninetales\n|-singleturn|p2a: Ninetales|Protect\n|move|p2b: Dondozo|Protect|p2b: Dondozo\n|-singleturn|p2b: Dondozo|Protect\n|move|p1a: Iron Hands|Drain Punch|p2b: Dondozo\n|-activate|p2b: Dondozo|move: Protect\n|\n|-weather|Snow|[upkeep]\n|-heal|p2b: Dondozo|88\/100|[from] item: Leftovers\n|upkeep\n|turn|3\n|\n|t:|1700195149\n|switch|p2a: Tatsugiri|Tatsugiri, L50, M|100\/100\n|-activate|p2a: Tatsugiri|ability: Commander|[of] p2b: Dondozo\n|-boost|p2b: Dondozo|atk|2\n|-boost|p2b: Dondozo|spa|2\n|-boost|p2b: Dondozo|spe|2\n|-boost|p2b: Dondozo|def|2\n|-boost|p2b: Dondozo|spd|2\n|move|p2b: Dondozo|Order Up|p1a: Iron Hands\n|-damage|p1a: Iron Hands|69\/100\n|-boost|p2b: Dondozo|atk|1\n|move|p1b: Empoleon|Flash Cannon|p2a: Tatsugiri|[miss]\n|-miss|p1b: Empoleon|p2a: Tatsugiri\n|move|p1a: Iron Hands|Wild Charge|p2b: Dondozo\n|-supereffective|p2b: Dondozo\n|-end|p2b: Dondozo|Substitute\n|-damage|p1a: Iron Hands|63\/100|[from] Recoil|[of] p2b: Dondozo\n|\n|-weather|Snow|[upkeep]\n|-heal|p2b: Dondozo|94\/100|[from] item: Leftovers\n|upkeep\n|turn|4\n|\n|t:|1700195170\n|-end|p1a: Iron Hands|Quark Drive|[silent]\n|switch|p1a: Amoonguss|Amoonguss, L50, M, shiny|100\/100\n|move|p2b: Dondozo|Earthquake|p1b: Empoleon|[spread] p1a,p1b\n|-miss|p2b: Dondozo|p2a: Tatsugiri\n|-supereffective|p1b: Empoleon\n|-damage|p1a: Amoonguss|63\/100\n|-damage|p1b: Empoleon|23\/100\n|move|p1b: Empoleon|Ice Beam|p2b: Dondozo\n|-resisted|p2b: Dondozo\n|-damage|p2b: Dondozo|87\/100\n|-status|p2b: Dondozo|frz\n|\n|-weather|Snow|[upkeep]\n|-heal|p2b: Dondozo|93\/100 frz|[from] item: Leftovers\n|upkeep\n|turn|5\n|\n|t:|1700195186\n|switch|p1b: Iron Hands|Iron Hands, L50|63\/100\n|cant|p2b: Dondozo|frz\n|move|p1a: Amoonguss|Clear Smog|p2b: Dondozo\n|-damage|p2b: Dondozo|85\/100 frz\n|-clearboost|p2b: Dondozo\n|\n|-weather|none\n|-heal|p2b: Dondozo|92\/100 frz|[from] item: Leftovers\n|upkeep\n|turn|6\n|-message|totolaw forfeited.\n|\n|win|Abro hilo\n|raw|Abro hilo's rating: 1364 &rarr; <strong>1390<\/strong><br \/>(+26 for winning)\n|raw|totolaw's rating: 1477 &rarr; <strong>1451<\/strong><br \/>(-26 for losing)\n|l|\u2606totolaw\n","uploadtime":1700195201,"views":17,"p1id":"abrohilo","p2id":"totolaw","formatid":"gen9vgc2023regulatione","rating":1390,"private":0,"password":""}