{"id":"gen9vgc2023regulatione-1993293966","p1":"jadestar63","p2":"JDPhoenix","format":"[Gen 9] VGC 2023 Regulation E","log":"|j|\u2606jadestar63\n|j|\u2606JDPhoenix\n|t:|1700292126\n|gametype|doubles\n|player|p1|jadestar63|170|1062\n|player|p2|JDPhoenix|169|1142\n|teamsize|p1|6\n|teamsize|p2|6\n|gen|9\n|tier|[Gen 9] VGC 2023 Regulation E\n|rated|\n|rule|Species Clause: Limit one of each Pok\u00e9mon\n|rule|Item Clause: Limit one of each item\n|clearpoke\n|poke|p1|Tornadus, L50, M|\n|poke|p1|Glimmora, L50, M|\n|poke|p1|Heatran, L50, M|\n|poke|p1|Ogerpon-Wellspring, L50, F|\n|poke|p1|Urshifu-*, L50, F|\n|poke|p1|Flutter Mane, L50|\n|poke|p2|Dusclops, L50, F|\n|poke|p2|Ursaluna-Bloodmoon, L50, M|\n|poke|p2|Iron Hands, L50|\n|poke|p2|Landorus-Therian, L50, M|\n|poke|p2|Sinistcha, L50|\n|poke|p2|Ogerpon-Wellspring, L50, F|\n|teampreview|4\n|\n|t:|1700292145\n|start\n|switch|p1a: Glimmora|Glimmora, L50, M, shiny|100\/100\n|switch|p1b: Urshifu|Urshifu, L50, F|100\/100\n|switch|p2a: Dusclops|Dusclops, L50, F, shiny|100\/100\n|switch|p2b: Iron Hands|Iron Hands, L50|100\/100\n|-ability|p2a: Dusclops|Pressure\n|turn|1\n|\n|t:|1700292156\n|move|p1b: Urshifu|Detect|p1b: Urshifu\n|-singleturn|p1b: Urshifu|Protect\n|move|p2b: Iron Hands|Fake Out|p1b: Urshifu\n|-activate|p1b: Urshifu|move: Protect\n|move|p1a: Glimmora|Mortal Spin|p2b: Iron Hands|[spread] p2a,p2b\n|-resisted|p2a: Dusclops\n|-damage|p2a: Dusclops|99\/100\n|-damage|p2b: Iron Hands|98\/100\n|-status|p2a: Dusclops|psn\n|-status|p2b: Iron Hands|psn\n|move|p2a: Dusclops|Trick Room|p2a: Dusclops\n|-fieldstart|move: Trick Room|[of] p2a: Dusclops\n|\n|-damage|p2a: Dusclops|87\/100 psn|[from] psn\n|-damage|p2b: Iron Hands|86\/100 psn|[from] psn\n|upkeep\n|turn|2\n|\n|t:|1700292184\n|switch|p2a: Ursaluna|Ursaluna-Bloodmoon, L50, M|100\/100\n|switch|p1a: Ogerpon|Ogerpon-Wellspring, L50, F|100\/100\n|move|p2b: Iron Hands|Wild Charge|p1b: Urshifu\n|-damage|p1b: Urshifu|56\/100\n|-damage|p2b: Iron Hands|77\/100 psn|[from] Recoil\n|move|p1b: Urshifu|Wicked Blow|p2a: Ursaluna\n|-crit|p2a: Ursaluna\n|-damage|p2a: Ursaluna|54\/100\n|\n|-damage|p2b: Iron Hands|64\/100 psn|[from] psn\n|upkeep\n|turn|3\n|\n|t:|1700292208\n|-terastallize|p2a: Ursaluna|Normal\n|move|p1a: Ogerpon|Follow Me|p1a: Ogerpon\n|-singleturn|p1a: Ogerpon|move: Follow Me\n|move|p2b: Iron Hands|Wild Charge|p1a: Ogerpon\n|-damage|p1a: Ogerpon|37\/100\n|-damage|p2b: Iron Hands|53\/100 psn|[from] Recoil\n|move|p2a: Ursaluna|Hyper Voice|p1b: Urshifu|[spread] p1a,p1b\n|-crit|p1a: Ogerpon\n|-damage|p1a: Ogerpon|0 fnt\n|-damage|p1b: Urshifu|0 fnt\n|faint|p1a: Ogerpon\n|faint|p1b: Urshifu\n|-damage|p2a: Ursaluna|44\/100|[from] item: Life Orb\n|\n|-damage|p2b: Iron Hands|41\/100 psn|[from] psn\n|upkeep\n|\n|t:|1700292219\n|switch|p1b: Glimmora|Glimmora, L50, M, shiny|100\/100\n|switch|p1a: Heatran|Heatran, L50, M|100\/100\n|turn|4\n|\n|t:|1700292238\n|-terastallize|p1a: Heatran|Grass\n|move|p2b: Iron Hands|Drain Punch|p1b: Glimmora\n|-damage|p1b: Glimmora|54\/100\n|-heal|p2b: Iron Hands|56\/100 psn|[from] drain|[of] p1b: Glimmora\n|-activate|p1b: Glimmora|ability: Toxic Debris\n|-sidestart|p2: JDPhoenix|move: Toxic Spikes\n|move|p2a: Ursaluna|Blood Moon|p1b: Glimmora\n|-resisted|p1b: Glimmora\n|-damage|p1b: Glimmora|0 fnt\n|faint|p1b: Glimmora\n|-damage|p2a: Ursaluna|34\/100|[from] item: Life Orb\n|move|p1a: Heatran|Earth Power|p2b: Iron Hands\n|-supereffective|p2b: Iron Hands\n|-damage|p2b: Iron Hands|23\/100 psn\n|-unboost|p2b: Iron Hands|spd|1\n|\n|-damage|p2b: Iron Hands|10\/100 psn|[from] psn\n|upkeep\n|turn|5\n|\n|t:|1700292264\n|move|p2b: Iron Hands|Drain Punch|p1a: Heatran\n|-damage|p1a: Heatran|67\/100\n|-heal|p2b: Iron Hands|23\/100 psn|[from] drain|[of] p1a: Heatran\n|move|p2a: Ursaluna|Earth Power|p1a: Heatran\n|-resisted|p1a: Heatran\n|-damage|p1a: Heatran|37\/100\n|-damage|p2a: Ursaluna|24\/100|[from] item: Life Orb\n|move|p1a: Heatran|Heat Wave|p2b: Iron Hands|[spread] p2a,p2b\n|-damage|p2a: Ursaluna|0 fnt\n|-damage|p2b: Iron Hands|0 fnt\n|faint|p2a: Ursaluna\n|faint|p2b: Iron Hands\n|-end|p2b: Iron Hands|Quark Drive|[silent]\n|\n|-heal|p1a: Heatran|43\/100|[from] item: Leftovers\n|-fieldend|move: Trick Room\n|upkeep\n|\n|t:|1700292282\n|switch|p2a: Dusclops|Dusclops, L50, F, shiny|87\/100 psn\n|switch|p2b: Ogerpon|Ogerpon-Wellspring, L50, F|100\/100\n|-status|p2b: Ogerpon|psn\n|-ability|p2a: Dusclops|Pressure\n|turn|6\n|\n|t:|1700292294\n|move|p2b: Ogerpon|Ivy Cudgel|p1a: Heatran|[anim] Ivy Cudgel Water\n|-resisted|p1a: Heatran\n|-damage|p1a: Heatran|22\/100\n|move|p1a: Heatran|Heat Wave|p2a: Dusclops|[spread] p2a,p2b\n|-damage|p2a: Dusclops|69\/100 psn\n|-damage|p2b: Ogerpon|64\/100 psn\n|move|p2a: Dusclops|Night Shade|p1a: Heatran\n|-damage|p1a: Heatran|0 fnt\n|faint|p1a: Heatran\n|\n|win|JDPhoenix\n|raw|jadestar63's rating: 1062 &rarr; <strong>1047<\/strong><br \/>(-15 for losing)\n|raw|JDPhoenix's rating: 1142 &rarr; <strong>1161<\/strong><br \/>(+19 for winning)\n|l|\u2606jadestar63\n","uploadtime":1700292308,"views":16,"p1id":"jadestar63","p2id":"jdphoenix","formatid":"gen9vgc2023regulatione","rating":1047,"private":0,"password":""}