{"id":"gen9vgc2023regulatione-1991202306","p1":"bigpika95","p2":"ShockucA","format":"[Gen 9] VGC 2023 Regulation E","log":"|j|\u2606bigpika95\n|j|\u2606ShockucA\n|t:|1700056651\n|gametype|doubles\n|player|p1|bigpika95|bellepa|1324\n|player|p2|ShockucA|scientistf|1224\n|teamsize|p1|6\n|teamsize|p2|6\n|gen|9\n|tier|[Gen 9] VGC 2023 Regulation E\n|rated|\n|rule|Species Clause: Limit one of each Pok\u00e9mon\n|rule|Item Clause: Limit one of each item\n|clearpoke\n|poke|p1|Rillaboom, L50, M|\n|poke|p1|Volcarona, L50, F|\n|poke|p1|Sneasler, L50, F|\n|poke|p1|Iron Bundle, L50|\n|poke|p1|Chi-Yu, L50|\n|poke|p1|Spectrier, L50|\n|poke|p2|Rillaboom, L50, F|\n|poke|p2|Flutter Mane, L50|\n|poke|p2|Iron Hands, L50|\n|poke|p2|Torkoal, L50, F|\n|poke|p2|Cresselia, L50, F|\n|poke|p2|Iron Bundle, L50|\n|teampreview|4\n|c|\u2606bigpika95|Glhf\n|\n|t:|1700056693\n|start\n|switch|p1a: Sneasler|Sneasler, L50, F|100\/100\n|switch|p1b: Spectrier|Spectrier, L50|100\/100\n|switch|p2a: Iron Hands|Iron Hands, L50|100\/100\n|switch|p2b: Cresselia|Cresselia, L50, F|100\/100\n|turn|1\n|\n|t:|1700056736\n|move|p1a: Sneasler|Fake Out|p2b: Cresselia\n|-enditem|p1a: Sneasler|Normal Gem|[from] gem\n|-damage|p2b: Cresselia|91\/100\n|move|p1b: Spectrier|Nasty Plot|p1b: Spectrier\n|-boost|p1b: Spectrier|spa|2\n|move|p2a: Iron Hands|Wild Charge|p1a: Sneasler\n|-damage|p1a: Sneasler|43\/100\n|-damage|p2a: Iron Hands|90\/100|[from] Recoil\n|cant|p2b: Cresselia|flinch\n|\n|upkeep\n|turn|2\n|\n|t:|1700056773\n|-terastallize|p2b: Cresselia|Fire\n|move|p1a: Sneasler|Acid Spray|p2b: Cresselia\n|-damage|p2b: Cresselia|86\/100\n|-unboost|p2b: Cresselia|spd|2\n|move|p1b: Spectrier|Shadow Ball|p2b: Cresselia\n|-damage|p2b: Cresselia|0 fnt\n|faint|p2b: Cresselia\n|-ability|p1b: Spectrier|Grim Neigh|boost\n|-boost|p1b: Spectrier|spa|1\n|move|p2a: Iron Hands|Wild Charge|p1a: Sneasler\n|-damage|p1a: Sneasler|0 fnt\n|faint|p1a: Sneasler\n|-damage|p2a: Iron Hands|83\/100|[from] Recoil\n|\n|upkeep\n|\n|t:|1700056793\n|switch|p1a: Chi-Yu|Chi-Yu, L50|100\/100\n|switch|p2b: Flutter Mane|Flutter Mane, L50|100\/100\n|-ability|p1a: Chi-Yu|Beads of Ruin\n|turn|3\n|\n|t:|1700056810\n|-terastallize|p1b: Spectrier|Fairy\n|move|p1a: Chi-Yu|Protect|p1a: Chi-Yu\n|-singleturn|p1a: Chi-Yu|Protect\n|move|p2b: Flutter Mane|Power Gem|p1a: Chi-Yu\n|-activate|p1a: Chi-Yu|move: Protect\n|move|p1b: Spectrier|Draining Kiss|p2a: Iron Hands\n|-supereffective|p2a: Iron Hands\n|-damage|p2a: Iron Hands|0 fnt\n|faint|p2a: Iron Hands\n|-end|p2a: Iron Hands|Quark Drive|[silent]\n|-ability|p1b: Spectrier|Grim Neigh|boost\n|-boost|p1b: Spectrier|spa|1\n|\n|upkeep\n|\n|t:|1700056815\n|switch|p2a: Torkoal|Torkoal, L50, F|100\/100\n|-weather|SunnyDay|[from] ability: Drought|[of] p2a: Torkoal\n|-activate|p2b: Flutter Mane|ability: Protosynthesis\n|-start|p2b: Flutter Mane|protosynthesisspe\n|turn|4\n|\n|t:|1700056836\n|move|p2b: Flutter Mane|Power Gem|p1a: Chi-Yu\n|-supereffective|p1a: Chi-Yu\n|-damage|p1a: Chi-Yu|8\/100\n|move|p1b: Spectrier|Shadow Ball|p2a: Torkoal\n|-damage|p2a: Torkoal|0 fnt\n|faint|p2a: Torkoal\n|-ability|p1b: Spectrier|Grim Neigh|boost\n|-boost|p1b: Spectrier|spa|1\n|move|p1a: Chi-Yu|Snarl|p2b: Flutter Mane\n|-damage|p2b: Flutter Mane|59\/100\n|-unboost|p2b: Flutter Mane|spa|1\n|\n|-weather|SunnyDay|[upkeep]\n|upkeep\n|turn|5\n|-message|ShockucA forfeited.\n|\n|win|bigpika95\n|raw|bigpika95's rating: 1324 &rarr; <strong>1338<\/strong><br \/>(+14 for winning)\n|raw|ShockucA's rating: 1224 &rarr; <strong>1206<\/strong><br \/>(-18 for losing)\n|l|\u2606ShockucA\n","uploadtime":1700056851,"views":8,"p1id":"bigpika95","p2id":"shockuca","formatid":"gen9vgc2023regulatione","rating":1206,"private":0,"password":""}