{"id":"gen9vgc2023regulatione-1993188976","p1":"RotovicVGC","p2":"Tenken11","format":"[Gen 9] VGC 2023 Regulation E","log":"|j|\u2606RotovicVGC\n|j|\u2606Tenken11\n|n|\u2606RotovicVGC|rotovicvgc\n|n|\u2606Tenken11|tenken11\n|html|View the match progress at <a href=\"\/game-bestof3-gen9vgc2023regulatione-1993188975\">game-bestof3-gen9vgc2023regulatione-1993188975<\/a>\n|t:|1700275723\n|gametype|doubles\n|player|p1|RotovicVGC|170|\n|player|p2|Tenken11|1|\n|teamsize|p1|6\n|teamsize|p2|6\n|gen|9\n|tier|[Gen 9] VGC 2023 Regulation E\n|rule|Species Clause: Limit one of each Pok\u00e9mon\n|rule|Item Clause: Limit one of each item\n|clearpoke\n|poke|p1|Tornadus, L50, M|\n|poke|p1|Urshifu-*, L50, F|\n|poke|p1|Chien-Pao, L50|\n|poke|p1|Arcanine-Hisui, L50, F|\n|poke|p1|Rillaboom, L50, M|\n|poke|p1|Flutter Mane, L50|\n|poke|p2|Sinistcha, L50|\n|poke|p2|Moltres-Galar, L50|\n|poke|p2|Grimmsnarl, L50, M|\n|poke|p2|Arcanine-Hisui, L50, M|\n|poke|p2|Milotic, L50, F|\n|poke|p2|Iron Hands, L50|\n|teampreview|4\nTenken11 has agreed to open team sheets.\nRotovicVGC has agreed to open team sheets.\n|showteam|p1|Tornadus||RockyHelmet|Prankster|BleakwindStorm,Tailwind,Taunt,RainDance|||M|||50|,,,,,Ghost]Urshifu-Rapid-Strike||ChoiceScarf|UnseenFist|SurgingStrikes,CloseCombat,Uturn,AquaJet|||F|||50|,,,,,Water]Chien-Pao||FocusSash|SwordofRuin|SuckerPunch,IcicleCrash,Protect,SacredSword||||||50|,,,,,Ghost]Arcanine-Hisui||ChoiceBand|Intimidate|ExtremeSpeed,FlareBlitz,RockSlide,TeraBlast|||F|||50|,,,,,Fairy]Rillaboom||AssaultVest|GrassySurge|FakeOut,GrassyGlide,Uturn,WoodHammer|||M|||50|,,,,,Poison]Flutter Mane||BoosterEnergy|Protosynthesis|DazzlingGleam,ShadowBall,Moonblast,Protect||||||50|,,,,,Fairy\n|showteam|p2|Sinistcha||RockyHelmet|Hospitality|MatchaGotcha,RagePowder,LifeDew,TrickRoom||||||50|,,,,,Dragon]Moltres-Galar||SitrusBerry|Berserk|FieryWrath,AirSlash,NastyPlot,Protect||||||50|,,,,,Poison]Grimmsnarl||LightClay|Prankster|LowKick,LightScreen,Reflect,PartingShot|||M|||50|,,,,,Fire]Arcanine-Hisui||ChoiceBand|Intimidate|ExtremeSpeed,RockSlide,FlareBlitz,TeraBlast|||M|||50|,,,,,Fairy]Milotic||WideLens|Competitive|HydroPump,IcyWind,Hypnosis,LifeDew|||F|||50|,,,,,Grass]Iron Hands||AssaultVest|QuarkDrive|DrainPunch,WildCharge,HeavySlam,FakeOut||||||50|,,,,,Water\n|inactive|Battle timer is ON: inactive players will automatically lose when time's up. (requested by Tenken11)\n|inactive|RotovicVGC has 60 seconds left.\n|inactive|RotovicVGC has 30 seconds left.\n|inactive|RotovicVGC has 20 seconds left.\n|inactive|RotovicVGC has 15 seconds left.\n|inactive|RotovicVGC has 10 seconds left.\n|\n|t:|1700275825\n|start\n|switch|p1a: Mi Kokoro|Arcanine-Hisui, L50, F|100\/100\n|switch|p1b: Rillaboom|Rillaboom, L50, M|100\/100\n|switch|p2a: Grimmsnarl|Grimmsnarl, L50, M, shiny|100\/100\n|switch|p2b: Iron Hands|Iron Hands, L50|100\/100\n|-ability|p1a: Mi Kokoro|Intimidate|boost\n|-unboost|p2a: Grimmsnarl|atk|1\n|-unboost|p2b: Iron Hands|atk|1\n|-fieldstart|move: Grassy Terrain|[from] ability: Grassy Surge|[of] p1b: Rillaboom\n|turn|1\n|inactive|RotovicVGC has 30 seconds left.\n|inactive|RotovicVGC has 20 seconds left.\n|inactive|RotovicVGC has 15 seconds left.\n|\n|t:|1700275866\n|-terastallize|p1a: Mi Kokoro|Fairy\n|move|p1b: Rillaboom|Fake Out|p2b: Iron Hands\n|-damage|p2b: Iron Hands|91\/100\n|cant|p2b: Iron Hands|flinch\n|move|p2a: Grimmsnarl|Reflect|p2a: Grimmsnarl\n|-sidestart|p2: Tenken11|Reflect\n|move|p1a: Mi Kokoro|Tera Blast|p2b: Iron Hands|[anim] Tera Blast Fairy\n|-supereffective|p2b: Iron Hands\n|-damage|p2b: Iron Hands|35\/100\n|\n|-heal|p2b: Iron Hands|41\/100|[from] Grassy Terrain\n|upkeep\n|turn|2\n|inactive|RotovicVGC has 30 seconds left.\n|\n|t:|1700275900\n|move|p2a: Grimmsnarl|Parting Shot|p1a: Mi Kokoro\n|-unboost|p1a: Mi Kokoro|atk|1\n|-unboost|p1a: Mi Kokoro|spa|1\n|\n|t:|1700275904\n|switch|p2a: Moltres|Moltres-Galar, L50|100\/100|[from] Parting Shot\n|move|p1a: Mi Kokoro|Tera Blast|p2b: Iron Hands|[anim] Tera Blast Fairy\n|-supereffective|p2b: Iron Hands\n|-damage|p2b: Iron Hands|3\/100\n|move|p1b: Rillaboom|Wood Hammer|p2b: Iron Hands\n|-damage|p2b: Iron Hands|0 fnt\n|faint|p2b: Iron Hands\n|-end|p2b: Iron Hands|Quark Drive|[silent]\n|-damage|p1b: Rillaboom|99\/100|[from] Recoil\n|\n|-heal|p1b: Rillaboom|100\/100|[from] Grassy Terrain\n|upkeep\n|\n|t:|1700275913\n|switch|p2b: Grimmsnarl|Grimmsnarl, L50, M, shiny|100\/100\n|turn|3\n|inactive|RotovicVGC has 30 seconds left.\n|inactive|Tenken11 has 30 seconds left.\n|inactive|RotovicVGC has 20 seconds left.\n|\n|t:|1700275950\n|-terastallize|p2a: Moltres|Poison\n|move|p2b: Grimmsnarl|Parting Shot|p1a: Mi Kokoro\n|-unboost|p1a: Mi Kokoro|atk|1\n|-unboost|p1a: Mi Kokoro|spa|1\n|\n|t:|1700275954\n|switch|p2b: Milotic|Milotic, L50, F|100\/100|[from] Parting Shot\n|move|p1a: Mi Kokoro|Tera Blast|p2b: Milotic|[anim] Tera Blast Fairy\n|-damage|p2b: Milotic|78\/100\n|move|p2a: Moltres|Nasty Plot|p2a: Moltres\n|-boost|p2a: Moltres|spa|2\n|move|p1b: Rillaboom|U-turn|p2a: Moltres\n|-resisted|p2a: Moltres\n|-damage|p2a: Moltres|93\/100\n|inactive|RotovicVGC has 30 seconds left.\n|inactive|RotovicVGC has 20 seconds left.\n|inactive|RotovicVGC has 15 seconds left.\n|inactive|RotovicVGC has 10 seconds left.\n|\n|t:|1700276000\n|switch|p1b: Urshifu|Urshifu-Rapid-Strike, L50, F|100\/100|[from] U-turn\n|\n|-heal|p2b: Milotic|84\/100|[from] Grassy Terrain\n|-heal|p2a: Moltres|99\/100|[from] Grassy Terrain\n|upkeep\n|turn|4\n|inactive|RotovicVGC has 30 seconds left.\n|inactive|RotovicVGC has 20 seconds left.\n|inactive|RotovicVGC has 15 seconds left.\n|inactive|RotovicVGC has 10 seconds left.\n|\n|t:|1700276045\n|switch|p1a: Rillaboom|Rillaboom, L50, M|100\/100\n|move|p1b: Urshifu|Surging Strikes|p2a: Moltres\n|-crit|p2a: Moltres\n|-damage|p2a: Moltres|77\/100\n|-crit|p2a: Moltres\n|-damage|p2a: Moltres|55\/100\n|-crit|p2a: Moltres\n|-damage|p2a: Moltres|34\/100\n|-enditem|p2a: Moltres|Sitrus Berry|[eat]\n|-heal|p2a: Moltres|59\/100|[from] item: Sitrus Berry\n|-hitcount|p2a: Moltres|3\n|move|p2b: Milotic|Icy Wind|p1b: Urshifu|[spread] p1a,p1b\n|-supereffective|p1a: Rillaboom\n|-resisted|p1b: Urshifu\n|-damage|p1a: Rillaboom|83\/100\n|-damage|p1b: Urshifu|93\/100\n|-unboost|p1a: Rillaboom|spe|1\n|-unboost|p1b: Urshifu|spe|1\n|move|p2a: Moltres|Air Slash|p1b: Urshifu\n|-supereffective|p1b: Urshifu\n|-damage|p1b: Urshifu|0 fnt\n|faint|p1b: Urshifu\n|\n|-heal|p2b: Milotic|89\/100|[from] Grassy Terrain\n|-heal|p2a: Moltres|65\/100|[from] Grassy Terrain\n|-heal|p1a: Rillaboom|89\/100|[from] Grassy Terrain\n|upkeep\n|inactive|RotovicVGC has 30 seconds left.\n|inactive|RotovicVGC has 20 seconds left.\n|inactive|RotovicVGC has 15 seconds left.\n|inactive|RotovicVGC has 10 seconds left.\n|\n|t:|1700276093\n|switch|p1b: Mi Kokoro|Arcanine-Hisui, L50, F, tera:Fairy|100\/100\n|-ability|p1b: Mi Kokoro|Intimidate|boost\n|-unboost|p2a: Moltres|atk|1\n|-unboost|p2b: Milotic|atk|1\n|-ability|p2b: Milotic|Competitive|boost\n|-boost|p2b: Milotic|spa|2\n|turn|5\n|\n|t:|1700276115\n|switch|p2b: Grimmsnarl|Grimmsnarl, L50, M, shiny|100\/100\n|move|p2a: Moltres|Protect|p2a: Moltres\n|-singleturn|p2a: Moltres|Protect\n|move|p1a: Rillaboom|Fake Out|p2b: Grimmsnarl\n|-damage|p2b: Grimmsnarl|92\/100\n|move|p1b: Mi Kokoro|Flare Blitz|p2a: Moltres\n|-activate|p2a: Moltres|move: Protect\n|\n|-heal|p2a: Moltres|71\/100|[from] Grassy Terrain\n|-heal|p2b: Grimmsnarl|98\/100|[from] Grassy Terrain\n|-heal|p1a: Rillaboom|95\/100|[from] Grassy Terrain\n|-fieldend|move: Grassy Terrain\n|upkeep\n|turn|6\n|inactive|RotovicVGC has 30 seconds left.\n|inactive|Tenken11 has 30 seconds left.\n|\n|t:|1700276143\n|switch|p1a: Chien-Pao|Chien-Pao, L50|100\/100\n|-ability|p1a: Chien-Pao|Sword of Ruin\n|move|p2b: Grimmsnarl|Parting Shot|p1b: Mi Kokoro\n|-unboost|p1b: Mi Kokoro|atk|1\n|-unboost|p1b: Mi Kokoro|spa|1\n|\n|t:|1700276149\n|switch|p2b: Milotic|Milotic, L50, F|89\/100|[from] Parting Shot\n|move|p1b: Mi Kokoro|Flare Blitz|p2a: Moltres\n|-damage|p2a: Moltres|18\/100\n|-damage|p1b: Mi Kokoro|82\/100|[from] Recoil\n|-ability|p2a: Moltres|Berserk|boost\n|-boost|p2a: Moltres|spa|1\n|move|p2a: Moltres|Air Slash|p1a: Chien-Pao|[miss]\n|-miss|p2a: Moltres|p1a: Chien-Pao\n|\n|upkeep\n|turn|7\n|inactive|RotovicVGC has 30 seconds left.\n|inactive|RotovicVGC has 20 seconds left.\n|inactive|RotovicVGC has 15 seconds left.\n|inactive|RotovicVGC has 10 seconds left.\n|\n|t:|1700276198\n|move|p2a: Moltres|Protect|p2a: Moltres\n|-singleturn|p2a: Moltres|Protect\n|move|p1a: Chien-Pao|Icicle Crash|p2b: Milotic\n|-resisted|p2b: Milotic\n|-damage|p2b: Milotic|67\/100\n|cant|p2b: Milotic|flinch\n|move|p1b: Mi Kokoro|Flare Blitz|p2a: Moltres\n|-activate|p2a: Moltres|move: Protect\n|\n|upkeep\n|turn|8\n|inactive|RotovicVGC has 30 seconds left.\n|\n|t:|1700276231\n|switch|p2a: Grimmsnarl|Grimmsnarl, L50, M, shiny|98\/100\n|move|p1a: Chien-Pao|Icicle Crash|p2b: Milotic\n|-resisted|p2b: Milotic\n|-damage|p2b: Milotic|45\/100\n|move|p2b: Milotic|Icy Wind|p1a: Chien-Pao|[spread] p1a,p1b\n|-resisted|p1a: Chien-Pao\n|-damage|p1a: Chien-Pao|92\/100\n|-damage|p1b: Mi Kokoro|69\/100\n|-unboost|p1a: Chien-Pao|spe|1\n|-unboost|p1b: Mi Kokoro|spe|1\n|move|p1b: Mi Kokoro|Flare Blitz|p2a: Grimmsnarl\n|-damage|p2a: Grimmsnarl|51\/100\n|-status|p2a: Grimmsnarl|brn\n|-damage|p1b: Mi Kokoro|52\/100|[from] Recoil\n|\n|-damage|p2a: Grimmsnarl|45\/100 brn|[from] brn\n|-sideend|p2: Tenken11|Reflect\n|upkeep\n|turn|9\n|inactive|RotovicVGC has 30 seconds left.\n|inactive|RotovicVGC has 20 seconds left.\n|inactive|RotovicVGC has 15 seconds left.\n|\n|t:|1700276276\n|move|p2a: Grimmsnarl|Reflect|p2a: Grimmsnarl\n|-sidestart|p2: Tenken11|Reflect\n|move|p2b: Milotic|Life Dew|p2b: Milotic|[spread] p2a,p2b\n|-heal|p2a: Grimmsnarl|70\/100 brn\n|-heal|p2b: Milotic|70\/100\n|move|p1a: Chien-Pao|Sacred Sword|p2b: Milotic\n|-crit|p2b: Milotic\n|-damage|p2b: Milotic|1\/100\n|move|p1b: Mi Kokoro|Flare Blitz|p2a: Grimmsnarl\n|-damage|p2a: Grimmsnarl|19\/100 brn\n|-damage|p1b: Mi Kokoro|33\/100|[from] Recoil\n|\n|-damage|p2a: Grimmsnarl|13\/100 brn|[from] brn\n|upkeep\n|turn|10\n|inactive|RotovicVGC has 20 seconds left this turn.\n|j| Tampico11\n|inactive|RotovicVGC has 15 seconds left.\n|inactive|RotovicVGC has 10 seconds left.\n|inactive|RotovicVGC has 5 seconds left.\n|\n|t:|1700276298\n|move|p2a: Grimmsnarl|Parting Shot|p1b: Mi Kokoro\n|-unboost|p1b: Mi Kokoro|atk|1\n|-unboost|p1b: Mi Kokoro|spa|1\n|inactive|RotovicVGC has 5 seconds left this turn.\n|\n|t:|1700276302\n|switch|p2a: Moltres|Moltres-Galar, L50, tera:Poison|18\/100|[from] Parting Shot\n|move|p2b: Milotic|Hypnosis|p1a: Chien-Pao\n|-status|p1a: Chien-Pao|slp|[from] move: Hypnosis\n|cant|p1a: Chien-Pao|slp\n|move|p1b: Mi Kokoro|Flare Blitz|p2a: Moltres\n|-damage|p2a: Moltres|0 fnt\n|faint|p2a: Moltres\n|-damage|p1b: Mi Kokoro|26\/100|[from] Recoil\n|\n|upkeep\n|inactive|RotovicVGC has 5 seconds left this turn.\n|\n|t:|1700276310\n|switch|p2a: Grimmsnarl|Grimmsnarl, L50, M, shiny|13\/100 brn\n|turn|11\n|inactive|RotovicVGC has 5 seconds left this turn.\n|\n|t:|1700276320\n|switch|p1b: Rillaboom|Rillaboom, L50, M|95\/100\n|-fieldstart|move: Grassy Terrain|[from] ability: Grassy Surge|[of] p1b: Rillaboom\n|move|p2b: Milotic|Life Dew|p2b: Milotic|[spread] p2a,p2b\n|-heal|p2a: Grimmsnarl|38\/100 brn\n|-heal|p2b: Milotic|26\/100\n|cant|p1a: Chien-Pao|slp\n|move|p2a: Grimmsnarl|Low Kick|p1a: Chien-Pao\n|-supereffective|p1a: Chien-Pao\n|-damage|p1a: Chien-Pao|22\/100 slp\n|\n|-heal|p2b: Milotic|32\/100|[from] Grassy Terrain\n|-heal|p1a: Chien-Pao|28\/100 slp|[from] Grassy Terrain\n|-heal|p1b: Rillaboom|100\/100|[from] Grassy Terrain\n|-heal|p2a: Grimmsnarl|44\/100 brn|[from] Grassy Terrain\n|-damage|p2a: Grimmsnarl|38\/100 brn|[from] brn\n|upkeep\n|turn|12\n|inactive|RotovicVGC has 5 seconds left this turn.\n|\n|t:|1700276339\n|move|p1b: Rillaboom|Grassy Glide|p2b: Milotic\n|-supereffective|p2b: Milotic\n|-damage|p2b: Milotic|0 fnt\n|faint|p2b: Milotic\n|move|p2a: Grimmsnarl|Parting Shot|p1b: Rillaboom\n|-unboost|p1b: Rillaboom|atk|1\n|-unboost|p1b: Rillaboom|spa|1\n|cant|p1a: Chien-Pao|slp\n|\n|-heal|p1a: Chien-Pao|34\/100 slp|[from] Grassy Terrain\n|-heal|p2a: Grimmsnarl|44\/100 brn|[from] Grassy Terrain\n|-damage|p2a: Grimmsnarl|38\/100 brn|[from] brn\n|upkeep\n|turn|13\n|inactive|RotovicVGC has 5 seconds left this turn.\n|-message|Tenken11 forfeited.\n|\n|win|RotovicVGC\n|inactive|RotovicVGC has 5 seconds left this turn.\n","uploadtime":1700276351,"views":13,"p1id":"rotovicvgc","p2id":"tenken11","formatid":"gen9vgc2023regulatione","rating":0,"private":0,"password":""}