{"id":"gen9vgc2023regulatione-1990575283","p1":"Loussay","p2":"ThatOneDedenne","format":"[Gen 9] VGC 2023 Regulation E","log":"|j|\u2606Loussay\n|j|\u2606ThatOneDedenne\n|t:|1699982700\n|gametype|doubles\n|player|p1|Loussay|1|1150\n|player|p2|ThatOneDedenne|klara|1033\n|teamsize|p1|6\n|teamsize|p2|6\n|gen|9\n|tier|[Gen 9] VGC 2023 Regulation E\n|rated|\n|rule|Species Clause: Limit one of each Pok\u00e9mon\n|rule|Item Clause: Limit one of each item\n|clearpoke\n|poke|p1|Farigiraf, L50, M|\n|poke|p1|Ursaluna-Bloodmoon, L50, M|\n|poke|p1|Urshifu-*, L50, F|\n|poke|p1|Cresselia, L50, F|\n|poke|p1|Amoonguss, L50, F|\n|poke|p1|Tornadus, L50, M|\n|poke|p2|Grimmsnarl, L50, M|\n|poke|p2|Hatterene, L50, F|\n|poke|p2|Ursaluna, L50, F|\n|poke|p2|Dusclops, L50, M|\n|poke|p2|Garganacl, L50, M|\n|poke|p2|Snorlax, L50, F|\n|teampreview|4\n|inactive|Battle timer is ON: inactive players will automatically lose when time's up. (requested by ThatOneDedenne)\n|\n|t:|1699982724\n|start\n|switch|p1a: Ursaluna|Ursaluna-Bloodmoon, L50, M|100\/100\n|switch|p1b: Cresselia|Cresselia, L50, F|100\/100\n|switch|p2a: Dusclops|Dusclops, L50, M, shiny|100\/100\n|switch|p2b: Snorlax|Snorlax, L50, F|100\/100\n|-ability|p2a: Dusclops|Pressure\n|turn|1\n|\n|t:|1699982742\n|move|p1a: Ursaluna|Protect|p1a: Ursaluna\n|-singleturn|p1a: Ursaluna|Protect\n|move|p2b: Snorlax|Protect|p2b: Snorlax\n|-singleturn|p2b: Snorlax|Protect\n|move|p1b: Cresselia|Trick Room|p1b: Cresselia\n|-fieldstart|move: Trick Room|[of] p1b: Cresselia\n|move|p2a: Dusclops|Trick Room|p2a: Dusclops\n|-fieldend|move: Trick Room\n|\n|upkeep\n|turn|2\n|\n|t:|1699982767\n|move|p1a: Ursaluna|Blood Moon|p2a: Dusclops\n|-damage|p2a: Dusclops|45\/100\n|-damage|p1a: Ursaluna|90\/100|[from] item: Life Orb\n|move|p2b: Snorlax|Body Slam|p1a: Ursaluna\n|-damage|p1a: Ursaluna|58\/100\n|move|p1b: Cresselia|Trick Room|p1b: Cresselia\n|-fieldstart|move: Trick Room|[of] p1b: Cresselia\n|move|p2a: Dusclops|Trick Room|p2a: Dusclops\n|-fieldend|move: Trick Room\n|\n|upkeep\n|turn|3\n|\n|t:|1699982785\n|move|p1a: Ursaluna|Protect|p1a: Ursaluna\n|-singleturn|p1a: Ursaluna|Protect\n|move|p2b: Snorlax|Protect|p2b: Snorlax\n|-singleturn|p2b: Snorlax|Protect\n|move|p1b: Cresselia|Lunar Blessing|p1b: Cresselia|[spread] p1a,p1b\n|-heal|p1a: Ursaluna|83\/100\n|move|p2a: Dusclops|Trick Room|p2a: Dusclops\n|-fieldstart|move: Trick Room|[of] p2a: Dusclops\n|\n|upkeep\n|turn|4\n|\n|t:|1699982806\n|-terastallize|p1a: Ursaluna|Normal\n|move|p1b: Cresselia|Helping Hand|p1a: Ursaluna\n|-singleturn|p1a: Ursaluna|Helping Hand|[of] p1b: Cresselia\n|move|p2a: Dusclops|Will-O-Wisp|p1a: Ursaluna\n|-status|p1a: Ursaluna|brn\n|move|p2b: Snorlax|Belly Drum|p2b: Snorlax\n|-damage|p2b: Snorlax|50\/100\n|-setboost|p2b: Snorlax|atk|6|[from] move: Belly Drum\n|-enditem|p2b: Snorlax|Sitrus Berry|[eat]\n|-heal|p2b: Snorlax|75\/100|[from] item: Sitrus Berry\n|move|p1a: Ursaluna|Hyper Voice|p2b: Snorlax|[spread] p2a,p2b\n|-damage|p2a: Dusclops|0 fnt\n|-damage|p2b: Snorlax|18\/100\n|faint|p2a: Dusclops\n|-damage|p1a: Ursaluna|73\/100 brn|[from] item: Life Orb\n|\n|-damage|p1a: Ursaluna|67\/100 brn|[from] brn\n|upkeep\n|\n|t:|1699982812\n|switch|p2a: Hatterene|Hatterene, L50, F, shiny|100\/100\n|turn|5\n|\n|t:|1699982833\n|move|p1a: Ursaluna|Protect|p1a: Ursaluna\n|-singleturn|p1a: Ursaluna|Protect\n|move|p2a: Hatterene|Dazzling Gleam|p1b: Cresselia|[spread] p1b\n|-activate|p1a: Ursaluna|move: Protect\n|-damage|p1b: Cresselia|76\/100\n|-damage|p2a: Hatterene|91\/100|[from] item: Life Orb\n|move|p2b: Snorlax|Body Slam|p1a: Ursaluna\n|-activate|p1a: Ursaluna|move: Protect\n|move|p1b: Cresselia|Trick Room|p1b: Cresselia\n|-fieldend|move: Trick Room\n|\n|-damage|p1a: Ursaluna|61\/100 brn|[from] brn\n|upkeep\n|turn|6\n|c|\u2606ThatOneDedenne|what is this match\n|\n|t:|1699982854\n|move|p2b: Snorlax|Protect|p2b: Snorlax\n|-singleturn|p2b: Snorlax|Protect\n|move|p1b: Cresselia|Lunar Blessing|p1b: Cresselia|[spread] p1a,p1b\n|-heal|p1a: Ursaluna|86\/100 brn\n|-curestatus|p1a: Ursaluna|brn|[msg]\n|-heal|p1b: Cresselia|100\/100\n|move|p1a: Ursaluna|Hyper Voice|p2a: Hatterene|[spread] p2a\n|-activate|p2b: Snorlax|move: Protect\n|-damage|p2a: Hatterene|40\/100\n|-damage|p1a: Ursaluna|76\/100|[from] item: Life Orb\n|move|p2a: Hatterene|Trick Room|p2a: Hatterene\n|-fieldstart|move: Trick Room|[of] p2a: Hatterene\n|\n|upkeep\n|turn|7\n|inactive|Loussay has 30 seconds left.\n|inactive|ThatOneDedenne has 30 seconds left.\n|inactive|Loussay has 20 seconds left.\n|\n|t:|1699982891\n|move|p1a: Ursaluna|Protect|p1a: Ursaluna\n|-singleturn|p1a: Ursaluna|Protect\n|move|p2a: Hatterene|Dazzling Gleam|p1a: Ursaluna|[spread] p1b\n|-activate|p1a: Ursaluna|move: Protect\n|-damage|p1b: Cresselia|78\/100\n|-damage|p2a: Hatterene|30\/100|[from] item: Life Orb\n|move|p2b: Snorlax|Body Slam|p1a: Ursaluna\n|-activate|p1a: Ursaluna|move: Protect\n|move|p1b: Cresselia|Trick Room|p1b: Cresselia\n|-fieldend|move: Trick Room\n|\n|upkeep\n|turn|8\n|\n|t:|1699982911\n|move|p2b: Snorlax|Protect|p2b: Snorlax\n|-singleturn|p2b: Snorlax|Protect\n|move|p1a: Ursaluna|Hyper Voice|p2b: Snorlax|[spread] p2a\n|-activate|p2b: Snorlax|move: Protect\n|-damage|p2a: Hatterene|0 fnt\n|faint|p2a: Hatterene\n|-damage|p1a: Ursaluna|66\/100|[from] item: Life Orb\n|move|p1b: Cresselia|Trick Room|p1b: Cresselia\n|-fieldstart|move: Trick Room|[of] p1b: Cresselia\n|\n|upkeep\n|\n|t:|1699982917\n|switch|p2a: Ursaluna|Ursaluna, L50, F|100\/100\n|turn|9\n|\n|t:|1699982942\n|move|p2a: Ursaluna|Protect|p2a: Ursaluna\n|-singleturn|p2a: Ursaluna|Protect\n|move|p1a: Ursaluna|Protect|p1a: Ursaluna\n|-singleturn|p1a: Ursaluna|Protect\n|move|p2b: Snorlax|Body Slam|p1b: Cresselia\n|-damage|p1b: Cresselia|0 fnt\n|faint|p1b: Cresselia\n|\n|-status|p2a: Ursaluna|brn|[from] item: Flame Orb\n|upkeep\n|\n|t:|1699982954\n|switch|p1b: Amoonguss|Amoonguss, L50, F|100\/100\n|turn|10\n|\n|t:|1699982973\n|move|p2b: Snorlax|Belly Drum||[still]\n|-fail|p2b: Snorlax\n|move|p1b: Amoonguss|Spore|p2b: Snorlax\n|-status|p2b: Snorlax|slp|[from] move: Spore\n|move|p2a: Ursaluna|Facade|p1b: Amoonguss\n|-damage|p1b: Amoonguss|0 fnt\n|faint|p1b: Amoonguss\n|move|p1a: Ursaluna|Blood Moon|p2a: Ursaluna\n|-damage|p2a: Ursaluna|0 fnt\n|faint|p2a: Ursaluna\n|-damage|p1a: Ursaluna|56\/100|[from] item: Life Orb\n|\n|upkeep\n|\n|t:|1699982989\n|switch|p1b: Urshifu|Urshifu-Rapid-Strike, L50, F|100\/100\n|turn|11\n|\n|t:|1699983005\n|cant|p2b: Snorlax|slp\n|move|p1a: Ursaluna|Hyper Voice|p2b: Snorlax\n|-damage|p2b: Snorlax|0 fnt\n|faint|p2b: Snorlax\n|-damage|p1a: Ursaluna|46\/100|[from] item: Life Orb\n|\n|win|Loussay\n|raw|Loussay's rating: 1150 &rarr; <strong>1167<\/strong><br \/>(+17 for winning)\n|raw|ThatOneDedenne's rating: 1033 &rarr; <strong>1023<\/strong><br \/>(-10 for losing)\n|l|\u2606Loussay\n|c|\u2606ThatOneDedenne|thank you for the weirdest match ive ever had\n","uploadtime":1699983019,"views":9,"p1id":"loussay","p2id":"thatonededenne","formatid":"gen9vgc2023regulatione","rating":1023,"private":0,"password":""}