{"id":"gen9vgc2023regulatione-1988184678","p1":"King_Rexal","p2":"amaterassu2001","format":"[Gen 9] VGC 2023 Regulation E","log":"|j|\u2606King_Rexal\n|j|\u2606amaterassu2001\n|t:|1699681222\n|gametype|doubles\n|player|p1|King_Rexal|ghetsis|1047\n|player|p2|amaterassu2001|grimsley|1024\n|teamsize|p1|6\n|teamsize|p2|6\n|gen|9\n|tier|[Gen 9] VGC 2023 Regulation E\n|rated|\n|rule|Species Clause: Limit one of each Pok\u00e9mon\n|rule|Item Clause: Limit one of each item\n|clearpoke\n|poke|p1|Weezing, L50, M|\n|poke|p1|Roaring Moon, L50|\n|poke|p1|Gothitelle, L50, F|\n|poke|p1|Regieleki, L50|\n|poke|p1|Flutter Mane, L50|\n|poke|p1|Torkoal, L50, M|\n|poke|p2|Tyranitar, L50, M|\n|poke|p2|Lycanroc, L50, F|\n|poke|p2|Gastrodon, L50, F|\n|poke|p2|Gliscor, L50, M|\n|poke|p2|Sinistcha-Masterpiece, L50|\n|poke|p2|Inteleon, L50, M|\n|teampreview|4\nKing_Rexal has agreed to open team sheets.\n|\n|t:|1699681261\n|start\n|switch|p1a: Flutter Mane|Flutter Mane, L50|100\/100\n|switch|p1b: Weezing|Weezing, L50, M|100\/100\n|switch|p2a: Tyranitar|Tyranitar, L50, M, shiny|100\/100\n|switch|p2b: Lycanroc|Lycanroc, L50, F|100\/100\n|-ability|p1b: Weezing|Neutralizing Gas\n|turn|1\n|\n|t:|1699681283\n|-terastallize|p1a: Flutter Mane|Fairy\n|-terastallize|p2a: Tyranitar|Flying\n|move|p2b: Lycanroc|Protect|p2b: Lycanroc\n|-singleturn|p2b: Lycanroc|Protect\n|move|p1a: Flutter Mane|Dazzling Gleam|p2b: Lycanroc|[spread] p2a\n|-activate|p2b: Lycanroc|move: Protect\n|-damage|p2a: Tyranitar|62\/100\n|move|p1b: Weezing|Will-O-Wisp|p2a: Tyranitar\n|-status|p2a: Tyranitar|brn\n|move|p2a: Tyranitar|Heavy Slam|p1a: Flutter Mane\n|-supereffective|p1a: Flutter Mane\n|-damage|p1a: Flutter Mane|3\/100\n|\n|-damage|p2a: Tyranitar|56\/100 brn|[from] brn\n|upkeep\n|turn|2\n|inactive|Battle timer is ON: inactive players will automatically lose when time's up. (requested by King_Rexal)\n|\n|t:|1699681325\n|-end|p1a: Flutter Mane|Protosynthesis|[silent]\n|switch|p1a: Gothitelle|Gothitelle, L50, F|100\/100\n|switch|p2b: Gliscor|Gliscor, L50, M, shiny|100\/100\n|move|p1b: Weezing|Will-O-Wisp|p2b: Gliscor\n|-status|p2b: Gliscor|brn\n|move|p2a: Tyranitar|Rock Slide|p1a: Gothitelle|[spread] p1a,p1b\n|-damage|p1a: Gothitelle|85\/100\n|-damage|p1b: Weezing|90\/100\n|\n|-heal|p1b: Weezing|96\/100|[from] item: Leftovers\n|-damage|p2b: Gliscor|94\/100 brn|[from] brn\n|-damage|p2a: Tyranitar|50\/100 brn|[from] brn\n|upkeep\n|turn|3\n|\n|t:|1699681349\n|move|p1b: Weezing|Protect|p1b: Weezing\n|-singleturn|p1b: Weezing|Protect\n|move|p2b: Gliscor|High Horsepower|p1b: Weezing\n|-activate|p1b: Weezing|move: Protect\n|move|p1a: Gothitelle|Psychic|p2a: Tyranitar\n|-damage|p2a: Tyranitar|32\/100 brn\n|-unboost|p2a: Tyranitar|spd|1\n|move|p2a: Tyranitar|Crunch|p1a: Gothitelle\n|-supereffective|p1a: Gothitelle\n|-damage|p1a: Gothitelle|44\/100\n|-enditem|p1a: Gothitelle|Sitrus Berry|[eat]\n|-heal|p1a: Gothitelle|69\/100|[from] item: Sitrus Berry\n|\n|-heal|p1b: Weezing|100\/100|[from] item: Leftovers\n|-damage|p2b: Gliscor|88\/100 brn|[from] brn\n|-damage|p2a: Tyranitar|26\/100 brn|[from] brn\n|upkeep\n|turn|4\n|\n|t:|1699681372\n|move|p1a: Gothitelle|Protect|p1a: Gothitelle\n|-singleturn|p1a: Gothitelle|Protect\n|move|p2b: Gliscor|High Horsepower|p1b: Weezing\n|-supereffective|p1b: Weezing\n|-damage|p1b: Weezing|67\/100\n|move|p1b: Weezing|Acid Spray|p2b: Gliscor\n|-resisted|p2b: Gliscor\n|-damage|p2b: Gliscor|78\/100 brn\n|-unboost|p2b: Gliscor|spd|2\n|move|p2a: Tyranitar|Crunch|p1a: Gothitelle\n|-activate|p1a: Gothitelle|move: Protect\n|\n|-heal|p1b: Weezing|73\/100|[from] item: Leftovers\n|-damage|p2b: Gliscor|72\/100 brn|[from] brn\n|-damage|p2a: Tyranitar|20\/100 brn|[from] brn\n|upkeep\n|turn|5\n|c|\u2606amaterassu2001|Fvck u rreally pssy\n|inactive|amaterassu2001 has 30 seconds left.\n|\n|t:|1699681397\n|move|p1b: Weezing|Protect|p1b: Weezing\n|-singleturn|p1b: Weezing|Protect\n|move|p2b: Gliscor|High Horsepower|p1b: Weezing\n|-activate|p1b: Weezing|move: Protect\n|move|p1a: Gothitelle|Psychic|p2a: Tyranitar\n|-damage|p2a: Tyranitar|0 fnt\n|faint|p2a: Tyranitar\n|\n|-heal|p1b: Weezing|79\/100|[from] item: Leftovers\n|-damage|p2b: Gliscor|66\/100 brn|[from] brn\n|upkeep\n|c|\u2606King_Rexal|L\n|c|\u2606amaterassu2001|Pssy\n|c|\u2606King_Rexal|L\n|\n|t:|1699681411\n|switch|p2a: Gastrodon|Gastrodon, L50, F, shiny|100\/100\n|turn|6\n|\n|t:|1699681421\n|-end|p1b: Weezing|ability: Neutralizing Gas\n|switch|p1b: Roaring Moon|Roaring Moon, L50|100\/100\n|-enditem|p1b: Roaring Moon|Booster Energy\n|-activate|p1b: Roaring Moon|ability: Protosynthesis|[fromitem]\n|-start|p1b: Roaring Moon|protosynthesisspe\n|move|p2a: Gastrodon|Helping Hand|p2b: Gliscor\n|-singleturn|p2b: Gliscor|Helping Hand|[of] p2a: Gastrodon\n|move|p2b: Gliscor|High Horsepower|p1b: Roaring Moon\n|-damage|p1b: Roaring Moon|59\/100\n|move|p1a: Gothitelle|Psychic|p2b: Gliscor\n|-damage|p2b: Gliscor|0 fnt\n|faint|p2b: Gliscor\n|\n|upkeep\n|c|\u2606amaterassu2001|Really u think u a great player?\n|\n|t:|1699681441\n|switch|p2b: Lycanroc|Lycanroc, L50, F|100\/100\n|turn|7\n|c|\u2606King_Rexal|Better than you lol\n|c|\u2606amaterassu2001|ROAMING ROOM FLUTER MANR JAJAJAJAJAJ LOLL\n|c|\u2606amaterassu2001|U ARE A NPC\n|inactive|King_Rexal has 30 seconds left.\n|inactive|amaterassu2001 has 30 seconds left.\n|c|\u2606amaterassu2001|JAJAJAJAJA\n|inactive|King_Rexal has 20 seconds left.\n|inactive|amaterassu2001 has 20 seconds left.\n|inactive|amaterassu2001 has 15 seconds left.\n|c|\u2606amaterassu2001|NPC\n|inactive|amaterassu2001 has 10 seconds left.\n|\n|t:|1699681488\n|move|p2a: Gastrodon|Helping Hand|p2b: Lycanroc\n|-singleturn|p2b: Lycanroc|Helping Hand|[of] p2a: Gastrodon\n|move|p1b: Roaring Moon|Knock Off|p2b: Lycanroc\n|-damage|p2b: Lycanroc|8\/100\n|-enditem|p2b: Lycanroc|Focus Sash|[from] move: Knock Off|[of] p1b: Roaring Moon\n|move|p2b: Lycanroc|Rock Slide|p1b: Roaring Moon|[spread] p1a,p1b\n|-damage|p1a: Gothitelle|28\/100\n|-damage|p1b: Roaring Moon|6\/100\n|cant|p1a: Gothitelle|flinch\n|\n|upkeep\n|turn|8\n|c|\u2606King_Rexal|Not using an outdated team lamo\n|\n|t:|1699681509\n|move|p2b: Lycanroc|Protect|p2b: Lycanroc\n|-singleturn|p2b: Lycanroc|Protect\n|move|p1a: Gothitelle|Protect|p1a: Gothitelle\n|-singleturn|p1a: Gothitelle|Protect\n|move|p1b: Roaring Moon|Knock Off|p2a: Gastrodon\n|-damage|p2a: Gastrodon|55\/100\n|-damage|p1b: Roaring Moon|0 fnt|[from] item: Rocky Helmet|[of] p2a: Gastrodon\n|faint|p1b: Roaring Moon\n|-end|p1b: Roaring Moon|Protosynthesis|[silent]\n|move|p2a: Gastrodon|Muddy Water|p1a: Gothitelle\n|-activate|p1a: Gothitelle|move: Protect\n|\n|upkeep\n|c|\u2606amaterassu2001|NPC\n|c|\u2606King_Rexal|L]\n|c|\u2606amaterassu2001|FLUTTER MANE ROAMING ROOM HAHAJAJA\n|inactive|King_Rexal has 30 seconds left.\n|c|\u2606amaterassu2001|HE REALLY THINK IS GREAT PLAYER HAHAHAHA\n|\n|t:|1699681543\n|switch|p1b: Flutter Mane|Flutter Mane, L50, tera:Fairy|3\/100\n|turn|9\n|\n|t:|1699681554\n|move|p1b: Flutter Mane|Dazzling Gleam|p2a: Gastrodon|[spread] p2a,p2b\n|-damage|p2a: Gastrodon|0 fnt\n|-damage|p2b: Lycanroc|0 fnt\n|faint|p2a: Gastrodon\n|faint|p2b: Lycanroc\n|\n|win|King_Rexal\n|raw|King_Rexal's rating: 1047 &rarr; <strong>1078<\/strong><br \/>(+31 for winning)\n|raw|amaterassu2001's rating: 1024 &rarr; <strong>1011<\/strong><br \/>(-13 for losing)\n","uploadtime":1699681388,"views":13,"p1id":"kingrexal","p2id":"amaterassu2001","formatid":"gen9vgc2023regulatione","rating":1011,"private":0,"password":""}