{"id":"gen9vgc2023regulatione-1993209851","p1":"4dudes1trickroom","p2":"Saulinho_P1","format":"[Gen 9] VGC 2023 Regulation E","log":"|j|\u26064dudes1trickroom\n|j|\u2606Saulinho_P1\n|t:|1700278422\n|gametype|doubles\n|player|p1|4dudes1trickroom|102|1399\n|player|p2|Saulinho_P1|will|1484\n|teamsize|p1|6\n|teamsize|p2|6\n|gen|9\n|tier|[Gen 9] VGC 2023 Regulation E\n|rated|\n|rule|Species Clause: Limit one of each Pok\u00e9mon\n|rule|Item Clause: Limit one of each item\n|clearpoke\n|poke|p1|Farigiraf, L50, F|\n|poke|p1|Ursaluna-Bloodmoon, L50, M|\n|poke|p1|Urshifu-*, L50, F|\n|poke|p1|Flutter Mane, L50|\n|poke|p1|Torkoal, L50, M|\n|poke|p1|Ogerpon-Hearthflame, L50, F|\n|poke|p2|Roaring Moon, L50|\n|poke|p2|Arcanine-Hisui, L50, M|\n|poke|p2|Gholdengo, L50|\n|poke|p2|Iron Hands, L50|\n|poke|p2|Landorus, L50, M|\n|poke|p2|Ogerpon-Wellspring, L50, F|\n|teampreview|4\n|inactive|Battle timer is ON: inactive players will automatically lose when time's up. (requested by Saulinho_P1)\nSaulinho_P1 has agreed to open team sheets.\n|\n|t:|1700278457\n|start\n|switch|p1a: Farigiraf|Farigiraf, L50, F|100\/100\n|switch|p1b: Ogerpon|Ogerpon-Hearthflame, L50, F|100\/100\n|switch|p2a: Roaring Moon|Roaring Moon, L50|100\/100\n|switch|p2b: Gholdengo|Gholdengo, L50|100\/100\n|-ability|p1b: Ogerpon|Mold Breaker\n|-enditem|p2a: Roaring Moon|Booster Energy\n|-activate|p2a: Roaring Moon|ability: Protosynthesis|[fromitem]\n|-start|p2a: Roaring Moon|protosynthesisspe\n|turn|1\n|\n|t:|1700278480\n|-terastallize|p2b: Gholdengo|Dragon\n|move|p1b: Ogerpon|Follow Me|p1b: Ogerpon\n|-singleturn|p1b: Ogerpon|move: Follow Me\n|move|p2a: Roaring Moon|Breaking Swipe|p1a: Farigiraf|[spread] p1a,p1b\n|-crit|p1a: Farigiraf\n|-damage|p1a: Farigiraf|75\/100\n|-damage|p1b: Ogerpon|72\/100\n|-unboost|p1a: Farigiraf|atk|1\n|-unboost|p1b: Ogerpon|atk|1\n|move|p2b: Gholdengo|Nasty Plot|p2b: Gholdengo\n|-boost|p2b: Gholdengo|spa|2\n|move|p1a: Farigiraf|Trick Room|p1a: Farigiraf\n|-fieldstart|move: Trick Room|[of] p1a: Farigiraf\n|\n|upkeep\n|turn|2\n|inactive|4dudes1trickroom has 30 seconds left.\n|inactive|Saulinho_P1 has 30 seconds left.\n|inactive|4dudes1trickroom has 20 seconds left.\n|inactive|Saulinho_P1 has 20 seconds left.\n|inactive|4dudes1trickroom has 15 seconds left.\n|inactive|Saulinho_P1 has 15 seconds left.\n|\n|t:|1700278522\n|move|p1a: Farigiraf|Dazzling Gleam|p2b: Gholdengo|[spread] p2a,p2b\n|-supereffective|p2a: Roaring Moon\n|-supereffective|p2b: Gholdengo\n|-damage|p2a: Roaring Moon|52\/100\n|-damage|p2b: Gholdengo|71\/100\n|move|p2b: Gholdengo|Shadow Ball|p1b: Ogerpon\n|-damage|p1b: Ogerpon|0 fnt\n|faint|p1b: Ogerpon\n|move|p2a: Roaring Moon|Knock Off|p1a: Farigiraf\n|-supereffective|p1a: Farigiraf\n|-damage|p1a: Farigiraf|1\/100\n|-enditem|p1a: Farigiraf|Safety Goggles|[from] move: Knock Off|[of] p2a: Roaring Moon\n|\n|-heal|p2b: Gholdengo|78\/100|[from] item: Leftovers\n|upkeep\n|\n|t:|1700278531\n|switch|p1b: Ursaluna|Ursaluna-Bloodmoon, L50, M|100\/100\n|turn|3\n|\n|t:|1700278550\n|-end|p2a: Roaring Moon|Protosynthesis|[silent]\n|switch|p2a: Iron Hands|Iron Hands, L50|100\/100\n|-terastallize|p1b: Ursaluna|Normal\n|move|p2b: Gholdengo|Protect|p2b: Gholdengo\n|-singleturn|p2b: Gholdengo|Protect\n|move|p1a: Farigiraf|Double Kick|p1b: Ursaluna\n|-supereffective|p1b: Ursaluna\n|-damage|p1b: Ursaluna|94\/100\n|-enditem|p1b: Ursaluna|Weakness Policy\n|-boost|p1b: Ursaluna|atk|2|[from] item: Weakness Policy\n|-boost|p1b: Ursaluna|spa|2|[from] item: Weakness Policy\n|-supereffective|p1b: Ursaluna\n|-damage|p1b: Ursaluna|88\/100\n|-hitcount|p1b: Ursaluna|2\n|move|p1b: Ursaluna|Hyper Voice|p2b: Gholdengo|[spread] p2a\n|-activate|p2b: Gholdengo|move: Protect\n|-damage|p2a: Iron Hands|43\/100\n|\n|-heal|p2b: Gholdengo|84\/100|[from] item: Leftovers\n|upkeep\n|turn|4\n|inactive|Saulinho_P1 has 30 seconds left.\n|inactive|Saulinho_P1 has 20 seconds left.\n|inactive|Saulinho_P1 has 15 seconds left.\n|inactive|Saulinho_P1 has 10 seconds left.\n|\n|t:|1700278597\n|switch|p2b: Roaring Moon|Roaring Moon, L50|52\/100\n|move|p1a: Farigiraf|Helping Hand|p1b: Ursaluna\n|-singleturn|p1b: Ursaluna|Helping Hand|[of] p1a: Farigiraf\n|move|p1b: Ursaluna|Hyper Voice|p2b: Roaring Moon|[spread] p2a,p2b\n|-damage|p2a: Iron Hands|0 fnt\n|-damage|p2b: Roaring Moon|0 fnt\n|faint|p2a: Iron Hands\n|-end|p2a: Iron Hands|Quark Drive|[silent]\n|faint|p2b: Roaring Moon\n|-end|p2b: Roaring Moon|Protosynthesis|[silent]\n|\n|upkeep\n|\n|t:|1700278607\n|switch|p2a: Ogerpon|Ogerpon-Wellspring, L50, F|100\/100\n|switch|p2b: Gholdengo|Gholdengo, L50, tera:Dragon|84\/100\n|turn|5\n|\n|t:|1700278630\n|switch|p1a: Torkoal|Torkoal, L50, M|100\/100\n|-weather|SunnyDay|[from] ability: Drought|[of] p1a: Torkoal\n|move|p2b: Gholdengo|Protect|p2b: Gholdengo\n|-singleturn|p2b: Gholdengo|Protect\n|move|p2a: Ogerpon|Spiky Shield|p2a: Ogerpon\n|-singleturn|p2a: Ogerpon|move: Protect\n|move|p1b: Ursaluna|Blood Moon|p2a: Ogerpon\n|-activate|p2a: Ogerpon|move: Protect\n|\n|-weather|SunnyDay|[upkeep]\n|-heal|p2b: Gholdengo|90\/100|[from] item: Leftovers\n|-fieldend|move: Trick Room\n|upkeep\n|turn|6\n|inactive|Saulinho_P1 has 30 seconds left.\n|\n|t:|1700278659\n|move|p2a: Ogerpon|Ivy Cudgel|p1a: Torkoal|[anim] Ivy Cudgel Water\n|-supereffective|p1a: Torkoal\n|-damage|p1a: Torkoal|62\/100\n|move|p2b: Gholdengo|Nasty Plot|p2b: Gholdengo\n|-boost|p2b: Gholdengo|spa|2\n|move|p1b: Ursaluna|Hyper Voice|p2b: Gholdengo|[spread] p2a,p2b\n|-damage|p2a: Ogerpon|3\/100\n|-damage|p2b: Gholdengo|0 fnt\n|faint|p2b: Gholdengo\n|move|p1a: Torkoal|Overheat|p2a: Ogerpon\n|-damage|p2a: Ogerpon|0 fnt\n|-unboost|p1a: Torkoal|spa|2\n|-enditem|p1a: Torkoal|Eject Pack\n|faint|p2a: Ogerpon\n|\n|win|4dudes1trickroom\n|raw|4dudes1trickroom's rating: 1399 &rarr; <strong>1424<\/strong><br \/>(+25 for winning)\n|raw|Saulinho_P1's rating: 1484 &rarr; <strong>1459<\/strong><br \/>(-25 for losing)\n|l|\u2606Saulinho_P1\n","uploadtime":1700278676,"views":26,"p1id":"4dudes1trickroom","p2id":"saulinhop1","formatid":"gen9vgc2023regulatione","rating":1424,"private":0,"password":""}