{"id":"gen9vgc2023regulatione-1993842858","p1":"GrovePlaysGames","p2":"Llama_Llord","format":"[Gen 9] VGC 2023 Regulation E","log":"|j|\u2606GrovePlaysGames\n|j|\u2606Llama_Llord\n|n|\u2606GrovePlaysGames|groveplaysgames\n|n|\u2606Llama_Llord|llamallord\n|html|View the match progress at <a href=\"\/game-bestof3-gen9vgc2023regulatione-1993839631\">game-bestof3-gen9vgc2023regulatione-1993839631<\/a>\n|t:|1700364151\n|gametype|doubles\n|player|p1|GrovePlaysGames|hilda|\n|player|p2|Llama_Llord|harlequin|\n|teamsize|p1|6\n|teamsize|p2|6\n|gen|9\n|tier|[Gen 9] VGC 2023 Regulation E\n|rule|Species Clause: Limit one of each Pok\u00e9mon\n|rule|Item Clause: Limit one of each item\n|clearpoke\n|poke|p1|Kingambit, L50, F|\n|poke|p1|Torkoal, L50, M|\n|poke|p1|Indeedee-F, L50, F|\n|poke|p1|Armarouge, L50, F|\n|poke|p1|Lilligant-Hisui, L50, F|\n|poke|p1|Arcanine-Hisui, L50, M|\n|poke|p2|Chandelure, L50, M|\n|poke|p2|Grimmsnarl, L50, M|\n|poke|p2|Amoonguss, L50, F|\n|poke|p2|Glimmora, L50, M|\n|poke|p2|Dondozo, L50, F|\n|poke|p2|Tatsugiri-Droopy, L50, M|\n|teampreview|4\n|inactive|Battle timer is ON: inactive players will automatically lose when time's up. (requested by GrovePlaysGames)\n|j| CyborgPigeon\n|inactiveoff|Battle timer is now OFF.\nLlama_Llord has agreed to open team sheets.\nGrovePlaysGames has agreed to open team sheets.\n|showteam|p1|Kingambit||AssaultVest|Defiant|TeraBlast,KowtowCleave,SuckerPunch,IronHead|||F|||50|,,,,,Fairy]Torkoal||ChoiceSpecs|Drought|Eruption,Flamethrower,HeatWave,EarthPower|||M|||50|,,,,,Fire]Indeedee-F||PsychicSeed|PsychicSurge|FollowMe,HelpingHand,DazzlingGleam,TrickRoom|||F|||50|,,,,,Fire]Armarouge||LifeOrb|FlashFire|ArmorCannon,ExpandingForce,WideGuard,EnergyBall|||F|||50|,,,,,Grass]Lilligant-Hisui||FocusSash|Chlorophyll|SolarBlade,CloseCombat,Encore,AfterYou|||F|||50|,,,,,Ghost]Arcanine-Hisui||ChoiceBand|Intimidate|FlareBlitz,RockSlide,TeraBlast,ExtremeSpeed|||M|||50|,,,,,Fairy\n|showteam|p2|Chandelure||FocusSash|FlashFire|HeatWave,Protect,ShadowBall,EnergyBall|||M|||50|,,,,,Grass]Grimmsnarl||LightClay|Prankster|Reflect,LightScreen,Taunt,SpiritBreak|||M|||50|,,,,,Ghost]Amoonguss||RockyHelmet|Regenerator|PollenPuff,RagePowder,Spore,ClearSmog|||F|||50|,,,,,Fire]Glimmora||ChoiceSpecs|ToxicDebris|EarthPower,DazzlingGleam,PowerGem,SludgeBomb|||M|||50|,,,,,Grass]Dondozo||Leftovers|Unaware|Protect,OrderUp,WaveCrash,Earthquake|||F|||50|,,,,,Flying]Tatsugiri-Droopy||SitrusBerry|Commander|IcyWind,DracoMeteor,MuddyWater,Protect|||M|||50|,,,,,Steel\n|j| ShinyLucarioXD\n|\n|t:|1700364203\n|start\n|switch|p1a: Haven't|Torkoal, L50, M|100\/100\n|switch|p1b: DLC|Arcanine-Hisui, L50, M|100\/100\n|switch|p2a: Bouillabaisse|Dondozo, L50, F|100\/100\n|switch|p2b: Mie Goreng|Grimmsnarl, L50, M|100\/100\n|-ability|p1b: DLC|Intimidate|boost\n|-unboost|p2a: Bouillabaisse|atk|1\n|-unboost|p2b: Mie Goreng|atk|1\n|-weather|SunnyDay|[from] ability: Drought|[of] p1a: Haven't\n|turn|1\n|\n|t:|1700364230\n|move|p2a: Bouillabaisse|Protect|p2a: Bouillabaisse\n|-singleturn|p2a: Bouillabaisse|Protect\n|move|p2b: Mie Goreng|Reflect|p2b: Mie Goreng\n|-sidestart|p2: Llama_Llord|Reflect\n|move|p1b: DLC|Rock Slide|p2b: Mie Goreng|[spread] p2b\n|-activate|p2a: Bouillabaisse|move: Protect\n|-damage|p2b: Mie Goreng|67\/100\n|move|p1a: Haven't|Eruption|p2a: Bouillabaisse|[spread] p2b\n|-activate|p2a: Bouillabaisse|move: Protect\n|-damage|p2b: Mie Goreng|0 fnt\n|faint|p2b: Mie Goreng\n|\n|-weather|SunnyDay|[upkeep]\n|upkeep\n|\n|t:|1700364249\n|switch|p2b: Buri Daikon|Tatsugiri-Droopy, L50, M, shiny|100\/100\n|-activate|p2b: Buri Daikon|ability: Commander|[of] p2a: Bouillabaisse\n|-boost|p2a: Bouillabaisse|atk|2\n|-boost|p2a: Bouillabaisse|spa|2\n|-boost|p2a: Bouillabaisse|spe|2\n|-boost|p2a: Bouillabaisse|def|2\n|-boost|p2a: Bouillabaisse|spd|2\n|turn|2\n|\n|t:|1700364263\n|switch|p1a: Mask|Lilligant-Hisui, L50, F|100\/100\n|move|p1b: DLC|Rock Slide|p2b: Buri Daikon|[spread] p2a\n|-miss|p1b: DLC|p2b: Buri Daikon\n|-damage|p2a: Bouillabaisse|92\/100\n|move|p2a: Bouillabaisse|Earthquake|p1a: Mask|[spread] p1a,p1b\n|-miss|p2a: Bouillabaisse|p2b: Buri Daikon\n|-resisted|p1a: Mask\n|-supereffective|p1b: DLC\n|-damage|p1a: Mask|75\/100\n|-damage|p1b: DLC|0 fnt\n|faint|p1b: DLC\n|\n|-weather|SunnyDay|[upkeep]\n|-heal|p2a: Bouillabaisse|98\/100|[from] item: Leftovers\n|upkeep\n|\n|t:|1700364286\n|switch|p1b: Haven't|Torkoal, L50, M|100\/100\n|turn|3\n|\n|t:|1700364305\n|move|p1a: Mask|Solar Blade||[still]\n|-prepare|p1a: Mask|Solar Blade\n|-anim|p1a: Mask|Solar Blade|p2a: Bouillabaisse\n|-supereffective|p2a: Bouillabaisse\n|-damage|p2a: Bouillabaisse|73\/100\n|move|p2a: Bouillabaisse|Earthquake|p1b: Haven't|[spread] p1a,p1b\n|-miss|p2a: Bouillabaisse|p2b: Buri Daikon\n|-resisted|p1a: Mask\n|-supereffective|p1b: Haven't\n|-damage|p1a: Mask|49\/100\n|-damage|p1b: Haven't|50\/100\n|move|p1b: Haven't|Earth Power|p2a: Bouillabaisse\n|-damage|p2a: Bouillabaisse|56\/100\n|\n|-weather|SunnyDay|[upkeep]\n|-heal|p2a: Bouillabaisse|62\/100|[from] item: Leftovers\n|upkeep\n|turn|4\n|\n|t:|1700364321\n|move|p2a: Bouillabaisse|Protect|p2a: Bouillabaisse\n|-singleturn|p2a: Bouillabaisse|Protect\n|move|p1a: Mask|Solar Blade||[still]\n|-prepare|p1a: Mask|Solar Blade\n|-anim|p1a: Mask|Solar Blade|p2a: Bouillabaisse\n|-activate|p2a: Bouillabaisse|move: Protect\n|move|p1b: Haven't|Earth Power|p2a: Bouillabaisse\n|-activate|p2a: Bouillabaisse|move: Protect\n|\n|-weather|SunnyDay|[upkeep]\n|-heal|p2a: Bouillabaisse|68\/100|[from] item: Leftovers\n|upkeep\n|turn|5\n|\n|t:|1700364338\n|-terastallize|p2a: Bouillabaisse|Flying\n|move|p1a: Mask|Solar Blade||[still]\n|-prepare|p1a: Mask|Solar Blade\n|-anim|p1a: Mask|Solar Blade|p2a: Bouillabaisse\n|-resisted|p2a: Bouillabaisse\n|-damage|p2a: Bouillabaisse|63\/100\n|move|p2a: Bouillabaisse|Earthquake|p1a: Mask|[spread] p1a,p1b\n|-miss|p2a: Bouillabaisse|p2b: Buri Daikon\n|-resisted|p1a: Mask\n|-supereffective|p1b: Haven't\n|-damage|p1a: Mask|24\/100\n|-damage|p1b: Haven't|6\/100\n|move|p1b: Haven't|Earth Power|p2a: Bouillabaisse\n|-immune|p2a: Bouillabaisse\n|\n|-weather|none\n|-heal|p2a: Bouillabaisse|69\/100|[from] item: Leftovers\n|upkeep\n|turn|6\n|l| ShinyLucarioXD\n|\n|t:|1700364380\n|move|p1a: Mask|Solar Blade||[still]\n|-prepare|p1a: Mask|Solar Blade\n|move|p2a: Bouillabaisse|Earthquake|p1b: Haven't|[spread] p1a,p1b\n|-miss|p2a: Bouillabaisse|p2b: Buri Daikon\n|-resisted|p1a: Mask\n|-supereffective|p1b: Haven't\n|-damage|p1a: Mask|1\/100\n|-damage|p1b: Haven't|0 fnt\n|faint|p1b: Haven't\n|\n|-heal|p2a: Bouillabaisse|75\/100|[from] item: Leftovers\n|upkeep\n|\n|t:|1700364389\n|switch|p1b: Teal|Armarouge, L50, F|100\/100\n|turn|7\n|\n|t:|1700364397\n|move|p2a: Bouillabaisse|Protect|p2a: Bouillabaisse\n|-singleturn|p2a: Bouillabaisse|Protect\n|move|p1a: Mask|Solar Blade|p2a: Bouillabaisse|[from]lockedmove\n|-activate|p2a: Bouillabaisse|move: Protect\n|move|p1b: Teal|Armor Cannon|p2a: Bouillabaisse\n|-activate|p2a: Bouillabaisse|move: Protect\n|\n|-heal|p2a: Bouillabaisse|81\/100|[from] item: Leftovers\n|upkeep\n|turn|8\n|\n|t:|1700364411\n|move|p1a: Mask|Encore|p2a: Bouillabaisse\n|-start|p2a: Bouillabaisse|Encore\n|move|p2a: Bouillabaisse|Protect||[still]\n|-fail|p2a: Bouillabaisse\n|move|p1b: Teal|Armor Cannon|p2a: Bouillabaisse\n|-damage|p2a: Bouillabaisse|46\/100\n|-unboost|p1b: Teal|def|1\n|-unboost|p1b: Teal|spd|1\n|-damage|p1b: Teal|91\/100|[from] item: Life Orb\n|\n|-heal|p2a: Bouillabaisse|52\/100|[from] item: Leftovers\n|-sideend|p2: Llama_Llord|Reflect\n|upkeep\n|turn|9\n|\n|t:|1700364433\n|move|p2a: Bouillabaisse|Protect|p2a: Bouillabaisse\n|-singleturn|p2a: Bouillabaisse|Protect\n|move|p1a: Mask|Solar Blade||[still]\n|-prepare|p1a: Mask|Solar Blade\n|move|p1b: Teal|Expanding Force|p2a: Bouillabaisse\n|-activate|p2a: Bouillabaisse|move: Protect\n|\n|-heal|p2a: Bouillabaisse|58\/100|[from] item: Leftovers\n|upkeep\n|turn|10\n|\n|t:|1700364443\n|move|p2a: Bouillabaisse|Protect|p2a: Bouillabaisse\n|-singleturn|p2a: Bouillabaisse|Protect\n|move|p1a: Mask|Solar Blade|p2a: Bouillabaisse|[from]lockedmove\n|-activate|p2a: Bouillabaisse|move: Protect\n|move|p1b: Teal|Armor Cannon|p2a: Bouillabaisse\n|-activate|p2a: Bouillabaisse|move: Protect\n|\n|-heal|p2a: Bouillabaisse|65\/100|[from] item: Leftovers\n|-end|p2a: Bouillabaisse|Encore\n|upkeep\n|turn|11\n|\n|t:|1700364457\n|move|p1a: Mask|Encore|p2a: Bouillabaisse\n|-start|p2a: Bouillabaisse|Encore\n|move|p2a: Bouillabaisse|Protect||[still]\n|-fail|p2a: Bouillabaisse\n|move|p1b: Teal|Armor Cannon|p2a: Bouillabaisse\n|-damage|p2a: Bouillabaisse|32\/100\n|-unboost|p1b: Teal|def|1\n|-unboost|p1b: Teal|spd|1\n|-damage|p1b: Teal|81\/100|[from] item: Life Orb\n|\n|-heal|p2a: Bouillabaisse|39\/100|[from] item: Leftovers\n|upkeep\n|turn|12\n|\n|t:|1700364478\n|move|p2a: Bouillabaisse|Protect|p2a: Bouillabaisse\n|-singleturn|p2a: Bouillabaisse|Protect\n|move|p1a: Mask|Solar Blade||[still]\n|-prepare|p1a: Mask|Solar Blade\n|move|p1b: Teal|Expanding Force|p2a: Bouillabaisse\n|-activate|p2a: Bouillabaisse|move: Protect\n|\n|-heal|p2a: Bouillabaisse|45\/100|[from] item: Leftovers\n|upkeep\n|turn|13\n|\n|t:|1700364493\n|move|p2a: Bouillabaisse|Protect|p2a: Bouillabaisse\n|-singleturn|p2a: Bouillabaisse|Protect\n|move|p1a: Mask|Solar Blade|p2a: Bouillabaisse|[from]lockedmove\n|-activate|p2a: Bouillabaisse|move: Protect\n|move|p1b: Teal|Armor Cannon|p2a: Bouillabaisse\n|-activate|p2a: Bouillabaisse|move: Protect\n|\n|-heal|p2a: Bouillabaisse|51\/100|[from] item: Leftovers\n|-end|p2a: Bouillabaisse|Encore\n|upkeep\n|turn|14\n|c|\u2606GrovePlaysGames|god i hate protect rngh\n|\n|t:|1700364510\n|move|p1a: Mask|Encore|p2a: Bouillabaisse\n|-start|p2a: Bouillabaisse|Encore\n|move|p2a: Bouillabaisse|Protect||[still]\n|-fail|p2a: Bouillabaisse\n|move|p1b: Teal|Armor Cannon|p2a: Bouillabaisse\n|-damage|p2a: Bouillabaisse|14\/100\n|-unboost|p1b: Teal|def|1\n|-unboost|p1b: Teal|spd|1\n|-damage|p1b: Teal|72\/100|[from] item: Life Orb\n|\n|-heal|p2a: Bouillabaisse|20\/100|[from] item: Leftovers\n|upkeep\n|turn|15\n|c|\u2606Llama_Llord|it's rough\n|\n|t:|1700364528\n|move|p2a: Bouillabaisse|Protect|p2a: Bouillabaisse\n|-singleturn|p2a: Bouillabaisse|Protect\n|move|p1b: Teal|Wide Guard|p1b: Teal\n|-singleturn|p1b: Teal|Wide Guard\n|move|p1a: Mask|Solar Blade||[still]\n|-prepare|p1a: Mask|Solar Blade\n|\n|-heal|p2a: Bouillabaisse|27\/100|[from] item: Leftovers\n|upkeep\n|turn|16\n|\n|t:|1700364540\n|move|p2a: Bouillabaisse|Protect||[still]\n|-fail|p2a: Bouillabaisse\n|move|p1a: Mask|Solar Blade|p2a: Bouillabaisse|[from]lockedmove\n|-resisted|p2a: Bouillabaisse\n|-damage|p2a: Bouillabaisse|18\/100\n|move|p1b: Teal|Energy Ball|p2a: Bouillabaisse\n|-resisted|p2a: Bouillabaisse\n|-damage|p2a: Bouillabaisse|10\/100\n|-unboost|p2a: Bouillabaisse|spd|1\n|-damage|p1b: Teal|62\/100|[from] item: Life Orb\n|\n|-heal|p2a: Bouillabaisse|16\/100|[from] item: Leftovers\n|-end|p2a: Bouillabaisse|Encore\n|upkeep\n|turn|17\n|\n|t:|1700364556\n|move|p1b: Teal|Wide Guard|p1b: Teal\n|-singleturn|p1b: Teal|Wide Guard\n|move|p1a: Mask|Encore|p2a: Bouillabaisse\n|-start|p2a: Bouillabaisse|Encore\n|move|p2a: Bouillabaisse|Protect||[still]\n|-fail|p2a: Bouillabaisse\n|\n|-heal|p2a: Bouillabaisse|23\/100|[from] item: Leftovers\n|upkeep\n|turn|18\n|\n|t:|1700364590\n|move|p2a: Bouillabaisse|Protect|p2a: Bouillabaisse\n|-singleturn|p2a: Bouillabaisse|Protect\n|move|p1a: Mask|Solar Blade||[still]\n|-prepare|p1a: Mask|Solar Blade\n|move|p1b: Teal|Expanding Force|p2a: Bouillabaisse\n|-activate|p2a: Bouillabaisse|move: Protect\n|\n|-heal|p2a: Bouillabaisse|29\/100|[from] item: Leftovers\n|upkeep\n|turn|19\n|\n|t:|1700364601\n|move|p2a: Bouillabaisse|Protect||[still]\n|-fail|p2a: Bouillabaisse\n|move|p1a: Mask|Solar Blade|p2b: Buri Daikon|[from]lockedmove|[miss]\n|-miss|p1a: Mask|p2b: Buri Daikon\n|move|p1b: Teal|Armor Cannon|p2a: Bouillabaisse\n|-damage|p2a: Bouillabaisse|0 fnt\n|-unboost|p1b: Teal|def|1\n|-unboost|p1b: Teal|spd|1\n|faint|p2a: Bouillabaisse\n|-damage|p1b: Teal|53\/100|[from] item: Life Orb\n|\n|upkeep\n|\n|t:|1700364612\n|switch|p2a: Souffl\u00e9|Chandelure, L50, M, shiny|100\/100\n|turn|20\n|c|\u2606GrovePlaysGames|lmao\n|c|\u2606Llama_Llord|that took soo long LOL\n|c|\u2606GrovePlaysGames|no shit LOL\n|\n|t:|1700364642\n|-terastallize|p1b: Teal|Grass\n|move|p1a: Mask|Solar Blade||[still]\n|-prepare|p1a: Mask|Solar Blade\n|move|p2b: Buri Daikon|Icy Wind|p1b: Teal|[spread] p1a,p1b\n|-supereffective|p1a: Mask\n|-supereffective|p1b: Teal\n|-damage|p1a: Mask|0 fnt\n|-damage|p1b: Teal|0 fnt\n|faint|p1a: Mask\n|faint|p1b: Teal\n|\n|win|Llama_Llord\n|c|\u2606Llama_Llord|gg\n|c|\u2606GrovePlaysGames|ggs\n","uploadtime":1700364654,"views":12,"p1id":"groveplaysgames","p2id":"llamallord","formatid":"gen9vgc2023regulatione","rating":0,"private":0,"password":""}