{"id":"gen9vgc2023regulatione-2000376697","p1":"Basically A Trap","p2":"Blu is Cute","format":"[Gen 9] VGC 2023 Regulation E","log":"|j|\u2606Basically A Trap\n|j|\u2606Blu is Cute\n|t:|1701189645\n|gametype|doubles\n|player|p1|Basically A Trap|iris-gen5bw2|1131\n|player|p2|Blu is Cute|waitress-gen4|1051\n|teamsize|p1|6\n|teamsize|p2|6\n|gen|9\n|tier|[Gen 9] VGC 2023 Regulation E\n|rated|\n|rule|Species Clause: Limit one of each Pok\u00e9mon\n|rule|Item Clause: Limit one of each item\n|clearpoke\n|poke|p1|Mimikyu, L50, F|\n|poke|p1|Salamence, L50, M|\n|poke|p1|Illumise, L50, F|\n|poke|p1|Politoed, L50, F|\n|poke|p1|Ludicolo, L50, M|\n|poke|p1|Arcanine-Hisui, L50, F|\n|poke|p2|Enamorus, L50, F|\n|poke|p2|Grimmsnarl, L50, M|\n|poke|p2|Urshifu-*, L50, M|\n|poke|p2|Amoonguss, L50, F|\n|poke|p2|Tornadus, L50, M|\n|poke|p2|Iron Hands, L50|\n|teampreview|4\n|\n|t:|1701189710\n|start\n|switch|p1a: Politoed|Politoed, L50, F|100\/100\n|switch|p1b: Ludicolo|Ludicolo, L50, M|100\/100\n|switch|p2a: Attis|Tornadus, L50, M, shiny|100\/100\n|switch|p2b: Urshifu|Urshifu-Rapid-Strike, L50, M|100\/100\n|-weather|RainDance|[from] ability: Drizzle|[of] p1a: Politoed\n|turn|1\n|\n|t:|1701189735\n|move|p1b: Ludicolo|Fake Out|p2a: Attis\n|-damage|p2a: Attis|91\/100\n|cant|p2a: Attis|flinch\n|move|p2b: Urshifu|U-turn|p1b: Ludicolo\n|-supereffective|p1b: Ludicolo\n|-damage|p1b: Ludicolo|34\/100\n|\n|t:|1701189742\n|switch|p2b: Carmen|Enamorus, L50, F|100\/100|[from] U-turn\n|move|p1a: Politoed|Icy Wind|p2b: Carmen|[spread] p2a,p2b\n|-supereffective|p2a: Attis\n|-supereffective|p2b: Carmen\n|-damage|p2a: Attis|64\/100\n|-damage|p2b: Carmen|83\/100\n|-unboost|p2a: Attis|spe|1\n|-boost|p2b: Carmen|spe|1\n|\n|-weather|RainDance|[upkeep]\n|upkeep\n|turn|2\n|\n|t:|1701189769\n|-terastallize|p1b: Ludicolo|Electric\n|move|p1a: Politoed|Helping Hand|p1b: Ludicolo\n|-singleturn|p1b: Ludicolo|Helping Hand|[of] p1a: Politoed\n|move|p2a: Attis|Tailwind|p2a: Attis\n|-sidestart|p2: Blu is Cute|move: Tailwind\n|move|p2b: Carmen|Superpower|p1b: Ludicolo\n|-damage|p1b: Ludicolo|0 fnt\n|-boost|p2b: Carmen|atk|1\n|-boost|p2b: Carmen|def|1\n|faint|p1b: Ludicolo\n|\n|-weather|RainDance|[upkeep]\n|upkeep\n|\n|t:|1701189783\n|switch|p1b: Illumise|Illumise, L50, F|100\/100\n|turn|3\n|\n|t:|1701189796\n|switch|p1a: Salamence|Salamence, L50, M|100\/100\n|-ability|p1a: Salamence|Intimidate|boost\n|-unboost|p2a: Attis|atk|1\n|-boost|p2b: Carmen|atk|1\n|move|p1b: Illumise|Tailwind|p1b: Illumise\n|-sidestart|p1: Basically A Trap|move: Tailwind\n|move|p2b: Carmen|Superpower|p1b: Illumise\n|-resisted|p1b: Illumise\n|-damage|p1b: Illumise|60\/100\n|-boost|p2b: Carmen|atk|1\n|-boost|p2b: Carmen|def|1\n|move|p2a: Attis|Bleakwind Storm|p1b: Illumise|[spread] p1a,p1b\n|-supereffective|p1b: Illumise\n|-damage|p1a: Salamence|60\/100\n|-damage|p1b: Illumise|0 fnt\n|faint|p1b: Illumise\n|\n|-weather|RainDance|[upkeep]\n|upkeep\n|\n|t:|1701189798\n|switch|p1b: Politoed|Politoed, L50, F|100\/100\n|turn|4\n|\n|t:|1701189822\n|move|p1b: Politoed|Helping Hand|p1a: Salamence\n|-singleturn|p1a: Salamence|Helping Hand|[of] p1b: Politoed\n|move|p2b: Carmen|Moonblast|p1a: Salamence\n|-supereffective|p1a: Salamence\n|-damage|p1a: Salamence|0 fnt\n|faint|p1a: Salamence\n|move|p2a: Attis|Bleakwind Storm|p1b: Politoed\n|-damage|p1b: Politoed|55\/100\n|\n|-weather|RainDance|[upkeep]\n|-heal|p1b: Politoed|61\/100|[from] item: Leftovers\n|upkeep\n|turn|5\n|-message|Basically A Trap forfeited.\n|\n|win|Blu is Cute\n|raw|Basically A Trap's rating: 1131 &rarr; <strong>1100<\/strong><br \/>(-31 for losing)\n|raw|Blu is Cute's rating: 1051 &rarr; <strong>1091<\/strong><br \/>(+40 for winning)\n|l|\u2606Basically A Trap\n","uploadtime":1701189843,"views":14,"p1id":"basicallyatrap","p2id":"bluiscute","formatid":"gen9vgc2023regulatione","rating":1091,"private":0,"password":""}