{"id":"gen9vgc2023regulatione-1993554189","p1":"tt11823","p2":"Moth die Motte","format":"[Gen 9] VGC 2023 Regulation E","log":"|j|\u2606tt11823\n|j|\u2606Moth die Motte\n|t:|1700331143\n|gametype|doubles\n|player|p1|tt11823|waiter-gen9|1352\n|player|p2|Moth die Motte|170|1428\n|teamsize|p1|6\n|teamsize|p2|6\n|gen|9\n|tier|[Gen 9] VGC 2023 Regulation E\n|rated|\n|rule|Species Clause: Limit one of each Pok\u00e9mon\n|rule|Item Clause: Limit one of each item\n|clearpoke\n|poke|p1|Heatran, L50, M|\n|poke|p1|Iron Hands, L50|\n|poke|p1|Sinistcha, L50|\n|poke|p1|Goodra-Hisui, L50, M|\n|poke|p1|Urshifu-*, L50, M|\n|poke|p1|Tornadus, L50, M|\n|poke|p2|Heatran, L50, M|\n|poke|p2|Annihilape, L50, F|\n|poke|p2|Grimmsnarl, L50, M|\n|poke|p2|Zapdos, L50|\n|poke|p2|Rillaboom, L50, M|\n|poke|p2|Gyarados, L50, M|\n|teampreview|4\n|inactive|Battle timer is ON: inactive players will automatically lose when time's up. (requested by Moth die Motte)\n|inactive|tt11823 has 60 seconds left.\n|\n|t:|1700331206\n|start\n|switch|p1a: Tornadus|Tornadus, L50, M|100\/100\n|switch|p1b: Goodra|Goodra-Hisui, L50, M|100\/100\n|switch|p2a: Annihilape|Annihilape, L50, F|100\/100\n|switch|p2b: Rillaboom|Rillaboom, L50, M|100\/100\n|-fieldstart|move: Grassy Terrain|[from] ability: Grassy Surge|[of] p2b: Rillaboom\n|turn|1\n|\n|t:|1700331223\n|move|p1a: Tornadus|Taunt|p2a: Annihilape\n|-start|p2a: Annihilape|move: Taunt\n|cant|p2a: Annihilape|move: Taunt|Bulk Up\n|move|p2b: Rillaboom|Taunt|p1b: Goodra\n|-start|p1b: Goodra|move: Taunt\n|cant|p1b: Goodra|move: Taunt|Shelter\n|\n|upkeep\n|turn|2\n|\n|t:|1700331237\n|switch|p2b: Gyarados|Gyarados, L50, M|100\/100\n|-ability|p2b: Gyarados|Intimidate|boost\n|-unboost|p1a: Tornadus|atk|1\n|-unboost|p1b: Goodra|atk|1\n|move|p1a: Tornadus|Bleakwind Storm|p2a: Annihilape|[spread] p2a,p2b\n|-supereffective|p2a: Annihilape\n|-crit|p2b: Gyarados\n|-damage|p2a: Annihilape|49\/100\n|-damage|p2b: Gyarados|52\/100\n|-unboost|p2b: Gyarados|spe|1\n|move|p2a: Annihilape|Drain Punch|p1b: Goodra\n|-supereffective|p1b: Goodra\n|-damage|p1b: Goodra|52\/100\n|-heal|p2a: Annihilape|70\/100|[from] drain|[of] p1b: Goodra\n|-damage|p2a: Annihilape|54\/100|[from] item: Rocky Helmet|[of] p1b: Goodra\n|move|p1b: Goodra|Body Press|p2b: Gyarados\n|-resisted|p2b: Gyarados\n|-damage|p2b: Gyarados|41\/100\n|-damage|p1b: Goodra|36\/100|[from] item: Rocky Helmet|[of] p2b: Gyarados\n|\n|-heal|p2a: Annihilape|60\/100|[from] Grassy Terrain\n|-heal|p2a: Annihilape|66\/100|[from] item: Leftovers\n|-heal|p1b: Goodra|42\/100|[from] Grassy Terrain\n|upkeep\n|turn|3\n|inactive|tt11823 has 30 seconds left.\n|inactive|Moth die Motte has 30 seconds left.\n|\n|t:|1700331270\n|-terastallize|p2a: Annihilape|Fire\n|move|p1a: Tornadus|Bleakwind Storm|p2b: Gyarados|[spread] p2a\n|-miss|p1a: Tornadus|p2b: Gyarados\n|-damage|p2a: Annihilape|41\/100\n|move|p2a: Annihilape|Drain Punch|p1b: Goodra\n|-supereffective|p1b: Goodra\n|-damage|p1b: Goodra|0 fnt\n|-heal|p2a: Annihilape|60\/100|[from] drain|[of] p1b: Goodra\n|-damage|p2a: Annihilape|44\/100|[from] item: Rocky Helmet|[of] p1b: Goodra\n|faint|p1b: Goodra\n|move|p2b: Gyarados|Thunder Wave|p1a: Tornadus\n|-status|p1a: Tornadus|par\n|\n|-heal|p2a: Annihilape|50\/100|[from] Grassy Terrain\n|-heal|p2a: Annihilape|56\/100|[from] item: Leftovers\n|-end|p2a: Annihilape|move: Taunt\n|upkeep\n|\n|t:|1700331286\n|switch|p1b: Heatran|Heatran, L50, M|100\/100\n|turn|4\n|\n|t:|1700331300\n|move|p2b: Gyarados|Helping Hand|p2a: Annihilape\n|-singleturn|p2a: Annihilape|Helping Hand|[of] p2b: Gyarados\n|move|p1b: Heatran|Protect|p1b: Heatran\n|-singleturn|p1b: Heatran|Protect\n|move|p2a: Annihilape|Drain Punch|p1b: Heatran\n|-activate|p1b: Heatran|move: Protect\n|cant|p1a: Tornadus|par\n|\n|-heal|p2a: Annihilape|63\/100|[from] Grassy Terrain\n|-heal|p2a: Annihilape|69\/100|[from] item: Leftovers\n|upkeep\n|turn|5\n|\n|t:|1700331315\n|-terastallize|p1b: Heatran|Grass\n|move|p2b: Gyarados|Helping Hand|p2a: Annihilape\n|-singleturn|p2a: Annihilape|Helping Hand|[of] p2b: Gyarados\n|move|p1a: Tornadus|Taunt|p2b: Gyarados\n|-start|p2b: Gyarados|move: Taunt\n|move|p2a: Annihilape|Drain Punch|p1b: Heatran\n|-damage|p1b: Heatran|56\/100\n|-heal|p2a: Annihilape|90\/100|[from] drain|[of] p1b: Heatran\n|move|p1b: Heatran|Earth Power|p2a: Annihilape\n|-supereffective|p2a: Annihilape\n|-damage|p2a: Annihilape|43\/100\n|\n|-heal|p2a: Annihilape|49\/100|[from] Grassy Terrain\n|-heal|p2a: Annihilape|55\/100|[from] item: Leftovers\n|-heal|p1b: Heatran|62\/100|[from] Grassy Terrain\n|-heal|p1b: Heatran|68\/100|[from] item: Leftovers\n|-fieldend|move: Grassy Terrain\n|upkeep\n|turn|6\n|\n|t:|1700331338\n|switch|p2b: Grimmsnarl|Grimmsnarl, L50, M, shiny|100\/100\n|move|p2a: Annihilape|Protect|p2a: Annihilape\n|-singleturn|p2a: Annihilape|Protect\n|move|p1b: Heatran|Protect|p1b: Heatran\n|-singleturn|p1b: Heatran|Protect\n|move|p1a: Tornadus|Icy Wind|p2b: Grimmsnarl|[spread] p2b\n|-activate|p2a: Annihilape|move: Protect\n|-damage|p2b: Grimmsnarl|90\/100\n|-unboost|p2b: Grimmsnarl|spe|1\n|\n|-heal|p2a: Annihilape|62\/100|[from] item: Leftovers\n|-heal|p1b: Heatran|74\/100|[from] item: Leftovers\n|upkeep\n|turn|7\n|\n|t:|1700331359\n|switch|p1b: Sinistcha|Sinistcha, L50|100\/100\n|move|p1a: Tornadus|Taunt|p2a: Annihilape\n|-start|p2a: Annihilape|move: Taunt\n|move|p2b: Grimmsnarl|Light Screen|p2b: Grimmsnarl\n|-sidestart|p2: Moth die Motte|move: Light Screen\n|move|p2a: Annihilape|Rage Fist|p1b: Sinistcha\n|-supereffective|p1b: Sinistcha\n|-damage|p1b: Sinistcha|0 fnt\n|faint|p1b: Sinistcha\n|\n|-heal|p2a: Annihilape|68\/100|[from] item: Leftovers\n|upkeep\n|\n|t:|1700331370\n|switch|p1b: Heatran|Heatran, L50, M, tera:Grass|74\/100\n|turn|8\n|\n|t:|1700331378\n|move|p1a: Tornadus|Protect|p1a: Tornadus\n|-singleturn|p1a: Tornadus|Protect\n|move|p1b: Heatran|Protect|p1b: Heatran\n|-singleturn|p1b: Heatran|Protect\n|move|p2a: Annihilape|Rage Fist|p1b: Heatran\n|-activate|p1b: Heatran|move: Protect\n|move|p2b: Grimmsnarl|Spirit Break|p1b: Heatran\n|-activate|p1b: Heatran|move: Protect\n|\n|-heal|p2a: Annihilape|74\/100|[from] item: Leftovers\n|-heal|p1b: Heatran|80\/100|[from] item: Leftovers\n|upkeep\n|turn|9\n|\n|t:|1700331386\n|move|p2a: Annihilape|Rage Fist|p1b: Heatran\n|-damage|p1b: Heatran|3\/100\n|move|p1b: Heatran|Earth Power|p2a: Annihilape\n|-supereffective|p2a: Annihilape\n|-damage|p2a: Annihilape|42\/100\n|cant|p1a: Tornadus|par\n|move|p2b: Grimmsnarl|Spirit Break|p1b: Heatran\n|-damage|p1b: Heatran|0 fnt\n|faint|p1b: Heatran\n|\n|-heal|p2a: Annihilape|48\/100|[from] item: Leftovers\n|-end|p2a: Annihilape|move: Taunt\n|upkeep\n|turn|10\n|-message|tt11823 forfeited.\n|\n|win|Moth die Motte\n|raw|tt11823's rating: 1352 &rarr; <strong>1336<\/strong><br \/>(-16 for losing)\n|raw|Moth die Motte's rating: 1428 &rarr; <strong>1444<\/strong><br \/>(+16 for winning)\n|l|\u2606tt11823\n","uploadtime":1700331415,"views":20,"p1id":"tt11823","p2id":"mothdiemotte","formatid":"gen9vgc2023regulatione","rating":1336,"private":0,"password":""}