{"id":"gen9vgc2023regulatione-1994288802","p1":"eljokersamasito","p2":"NekrosM0S","format":"[Gen 9] VGC 2023 Regulation E","log":"|j|\u2606eljokersamasito\n|j|\u2606NekrosM0S\n|t:|1700427421\n|gametype|doubles\n|player|p1|eljokersamasito|buck|1145\n|player|p2|NekrosM0S|colress|1222\n|teamsize|p1|6\n|teamsize|p2|6\n|gen|9\n|tier|[Gen 9] VGC 2023 Regulation E\n|rated|\n|rule|Species Clause: Limit one of each Pok\u00e9mon\n|rule|Item Clause: Limit one of each item\n|clearpoke\n|poke|p1|Moltres-Galar, L50|\n|poke|p1|Iron Hands, L50|\n|poke|p1|Milotic, L50, M|\n|poke|p1|Heatran, L50, M|\n|poke|p1|Ogerpon-Cornerstone, L50, F|\n|poke|p1|Thundurus-Therian, L50, M|\n|poke|p2|Iron Moth, L50|\n|poke|p2|Flutter Mane, L50|\n|poke|p2|Iron Hands, L50|\n|poke|p2|Landorus-Therian, L50, M|\n|poke|p2|Ogerpon-Wellspring, L50, F|\n|poke|p2|Gholdengo, L50|\n|teampreview|4\nNekrosM0S has agreed to open team sheets.\n|\n|t:|1700427478\n|start\n|switch|p1a: Milotic|Milotic, L50, M, shiny|100\/100\n|switch|p1b: Heatran|Heatran, L50, M|100\/100\n|switch|p2a: Landorus|Landorus-Therian, L50, M|100\/100\n|switch|p2b: Iron Hands|Iron Hands, L50, shiny|100\/100\n|-ability|p2a: Landorus|Intimidate|boost\n|-unboost|p1a: Milotic|atk|1\n|-ability|p1a: Milotic|Competitive|boost\n|-boost|p1a: Milotic|spa|2\n|-unboost|p1b: Heatran|atk|1\n|turn|1\n|\n|t:|1700427528\n|switch|p2a: Ogerpon|Ogerpon-Wellspring, L50, F|100\/100\n|-terastallize|p1b: Heatran|Fairy\n|move|p1b: Heatran|Earth Power|p2b: Iron Hands\n|-supereffective|p2b: Iron Hands\n|-damage|p2b: Iron Hands|71\/100\n|move|p1a: Milotic|Icy Wind|p2b: Iron Hands|[spread] p2a,p2b\n|-damage|p2a: Ogerpon|81\/100\n|-damage|p2b: Iron Hands|62\/100\n|-unboost|p2a: Ogerpon|spe|1\n|-unboost|p2b: Iron Hands|spe|1\n|move|p2b: Iron Hands|Drain Punch|p1b: Heatran\n|-resisted|p1b: Heatran\n|-damage|p1b: Heatran|82\/100\n|-heal|p2b: Iron Hands|70\/100|[from] drain|[of] p1b: Heatran\n|\n|-heal|p1b: Heatran|88\/100|[from] item: Leftovers\n|upkeep\n|turn|2\n|\n|t:|1700427558\n|move|p2a: Ogerpon|Follow Me|p2a: Ogerpon\n|-singleturn|p2a: Ogerpon|move: Follow Me\n|move|p1b: Heatran|Heat Wave|p2b: Iron Hands|[spread] p2b\n|-miss|p1b: Heatran|p2a: Ogerpon\n|-damage|p2b: Iron Hands|53\/100\n|move|p1a: Milotic|Icy Wind|p2b: Iron Hands|[spread] p2a,p2b\n|-damage|p2a: Ogerpon|59\/100\n|-damage|p2b: Iron Hands|42\/100\n|-unboost|p2a: Ogerpon|spe|1\n|-unboost|p2b: Iron Hands|spe|1\n|move|p2b: Iron Hands|Heavy Slam|p1b: Heatran\n|-supereffective|p1b: Heatran\n|-damage|p1b: Heatran|61\/100\n|\n|-heal|p1b: Heatran|67\/100|[from] item: Leftovers\n|upkeep\n|turn|3\n|\n|t:|1700427580\n|switch|p2a: Iron Moth|Iron Moth, L50, shiny|100\/100\n|-enditem|p2a: Iron Moth|Booster Energy\n|-activate|p2a: Iron Moth|ability: Quark Drive|[fromitem]\n|-start|p2a: Iron Moth|quarkdrivespe\n|move|p1b: Heatran|Heat Wave|p2b: Iron Hands|[spread] p2a,p2b\n|-resisted|p2a: Iron Moth\n|-damage|p2a: Iron Moth|82\/100\n|-damage|p2b: Iron Hands|24\/100\n|move|p1a: Milotic|Icy Wind|p2a: Iron Moth|[spread] p2a,p2b\n|-resisted|p2a: Iron Moth\n|-damage|p2a: Iron Moth|72\/100\n|-damage|p2b: Iron Hands|15\/100\n|-unboost|p2a: Iron Moth|spe|1\n|-unboost|p2b: Iron Hands|spe|1\n|move|p2b: Iron Hands|Wild Charge|p1a: Milotic\n|-supereffective|p1a: Milotic\n|-damage|p1a: Milotic|18\/100\n|-damage|p2b: Iron Hands|0 fnt|[from] Recoil\n|faint|p2b: Iron Hands\n|-end|p2b: Iron Hands|Quark Drive|[silent]\n|\n|-heal|p1b: Heatran|73\/100|[from] item: Leftovers\n|upkeep\n|\n|t:|1700427598\n|switch|p2b: Landorus|Landorus-Therian, L50, M|100\/100\n|-ability|p2b: Landorus|Intimidate|boost\n|-unboost|p1a: Milotic|atk|1\n|-ability|p1a: Milotic|Competitive|boost\n|-boost|p1a: Milotic|spa|2\n|-unboost|p1b: Heatran|atk|1\n|turn|4\n|\n|t:|1700427625\n|move|p1a: Milotic|Protect|p1a: Milotic\n|-singleturn|p1a: Milotic|Protect\n|move|p2b: Landorus|Rock Slide|p1a: Milotic|[spread] p1b\n|-activate|p1a: Milotic|move: Protect\n|-damage|p1b: Heatran|54\/100\n|move|p2a: Iron Moth|Acid Spray|p1b: Heatran\n|-supereffective|p1b: Heatran\n|-damage|p1b: Heatran|15\/100\n|-unboost|p1b: Heatran|spd|2\n|cant|p1b: Heatran|flinch\n|\n|-heal|p1b: Heatran|21\/100|[from] item: Leftovers\n|upkeep\n|turn|5\n|\n|t:|1700427652\n|move|p1b: Heatran|Protect|p1b: Heatran\n|-singleturn|p1b: Heatran|Protect\n|move|p2b: Landorus|Rock Slide|p1a: Milotic|[spread] p1a\n|-activate|p1b: Heatran|move: Protect\n|-damage|p1a: Milotic|0 fnt\n|faint|p1a: Milotic\n|move|p2a: Iron Moth|Acid Spray|p1b: Heatran\n|-activate|p1b: Heatran|move: Protect\n|\n|-heal|p1b: Heatran|27\/100|[from] item: Leftovers\n|upkeep\n|\n|t:|1700427664\n|switch|p1a: Iron Hands|Iron Hands, L50|100\/100\n|turn|6\n|\n|t:|1700427673\n|move|p1a: Iron Hands|Fake Out|p2a: Iron Moth\n|-damage|p2a: Iron Moth|48\/100\n|move|p2b: Landorus|Rock Slide|p1b: Heatran|[spread] p1a\n|-miss|p2b: Landorus|p1b: Heatran\n|-resisted|p1a: Iron Hands\n|-damage|p1a: Iron Hands|94\/100\n|cant|p2a: Iron Moth|flinch\n|move|p1b: Heatran|Earth Power|p2a: Iron Moth\n|-supereffective|p2a: Iron Moth\n|-damage|p2a: Iron Moth|0 fnt\n|faint|p2a: Iron Moth\n|-end|p2a: Iron Moth|Quark Drive|[silent]\n|\n|-heal|p1b: Heatran|33\/100|[from] item: Leftovers\n|upkeep\n|\n|t:|1700427686\n|switch|p2a: Ogerpon|Ogerpon-Wellspring, L50, F|59\/100\n|turn|7\n|\n|t:|1700427702\n|move|p2b: Landorus|Rock Slide|p1b: Heatran|[spread] p1a\n|-miss|p2b: Landorus|p1b: Heatran\n|-resisted|p1a: Iron Hands\n|-damage|p1a: Iron Hands|86\/100\n|move|p2a: Ogerpon|Ivy Cudgel|p1b: Heatran|[anim] Ivy Cudgel Water\n|-crit|p1b: Heatran\n|-damage|p1b: Heatran|0 fnt\n|faint|p1b: Heatran\n|move|p1a: Iron Hands|Heavy Slam|p2b: Landorus\n|-damage|p2b: Landorus|52\/100\n|\n|upkeep\n|\n|t:|1700427712\n|switch|p1b: Moltres|Moltres-Galar, L50|100\/100\n|turn|8\n|\n|t:|1700427723\n|move|p2b: Landorus|Rock Slide|p1b: Moltres|[spread] p1a,p1b\n|-resisted|p1a: Iron Hands\n|-supereffective|p1b: Moltres\n|-damage|p1a: Iron Hands|79\/100\n|-damage|p1b: Moltres|55\/100\n|move|p2a: Ogerpon|Ivy Cudgel|p1b: Moltres|[anim] Ivy Cudgel Water\n|-damage|p1b: Moltres|0 fnt\n|faint|p1b: Moltres\n|move|p1a: Iron Hands|Heavy Slam|p2b: Landorus\n|-damage|p2b: Landorus|0 fnt\n|faint|p2b: Landorus\n|\n|upkeep\n|turn|9\n|\n|t:|1700427737\n|move|p2a: Ogerpon|Spiky Shield|p2a: Ogerpon\n|-singleturn|p2a: Ogerpon|move: Protect\n|move|p1a: Iron Hands|Wild Charge|p2a: Ogerpon\n|-activate|p2a: Ogerpon|move: Protect\n|-damage|p1a: Iron Hands|67\/100|[from] Spiky Shield|[of] p2a: Ogerpon\n|\n|upkeep\n|turn|10\n|\n|t:|1700427748\n|move|p2a: Ogerpon|Horn Leech|p1a: Iron Hands\n|-damage|p1a: Iron Hands|35\/100\n|-heal|p2a: Ogerpon|82\/100|[from] drain|[of] p1a: Iron Hands\n|move|p1a: Iron Hands|Wild Charge|p2a: Ogerpon\n|-damage|p2a: Ogerpon|29\/100\n|-damage|p1a: Iron Hands|25\/100|[from] Recoil\n|\n|upkeep\n|turn|11\n|\n|t:|1700427758\n|move|p2a: Ogerpon|Spiky Shield|p2a: Ogerpon\n|-singleturn|p2a: Ogerpon|move: Protect\n|move|p1a: Iron Hands|Drain Punch|p2a: Ogerpon\n|-activate|p2a: Ogerpon|move: Protect\n|-damage|p1a: Iron Hands|13\/100|[from] Spiky Shield|[of] p2a: Ogerpon\n|\n|upkeep\n|turn|12\n|\n|t:|1700427772\n|-terastallize|p2a: Ogerpon|Water\n|detailschange|p2a: Ogerpon|Ogerpon-Wellspring-Tera, L50, F, tera:Water\n|-ability|p2a: Ogerpon|Embody Aspect (Wellspring)|boost\n|-boost|p2a: Ogerpon|spd|1\n|move|p2a: Ogerpon|Ivy Cudgel|p1a: Iron Hands|[anim] Ivy Cudgel Water\n|-damage|p1a: Iron Hands|0 fnt\n|faint|p1a: Iron Hands\n|-end|p1a: Iron Hands|Quark Drive|[silent]\n|\n|win|NekrosM0S\n|raw|eljokersamasito's rating: 1145 &rarr; <strong>1125<\/strong><br \/>(-20 for losing)\n|raw|NekrosM0S's rating: 1222 &rarr; <strong>1242<\/strong><br \/>(+20 for winning)\n|l|\u2606eljokersamasito\n","uploadtime":1700427785,"views":8,"p1id":"eljokersamasito","p2id":"nekrosm0s","formatid":"gen9vgc2023regulatione","rating":1125,"private":0,"password":""}