{"id":"gen9vgc2023regulatione-1990104160","p1":"Houghpuff98","p2":"SpoonStealer","format":"[Gen 9] VGC 2023 Regulation E","log":"|j|\u2606Houghpuff98\n|j|\u2606SpoonStealer\n|t:|1699924957\n|gametype|doubles\n|player|p1|Houghpuff98|265|1213\n|player|p2|SpoonStealer|101|1259\n|teamsize|p1|6\n|teamsize|p2|6\n|gen|9\n|tier|[Gen 9] VGC 2023 Regulation E\n|rated|\n|rule|Species Clause: Limit one of each Pok\u00e9mon\n|rule|Item Clause: Limit one of each item\n|clearpoke\n|poke|p1|Illumise, L50, F|\n|poke|p1|Zoroark-Hisui, L50, F|\n|poke|p1|Typhlosion-Hisui, L50, M|\n|poke|p1|Kingambit, L50, F|\n|poke|p1|Brambleghast, L50, F|\n|poke|p1|Iron Valiant, L50|\n|poke|p2|Shiftry, L50, F|\n|poke|p2|Tornadus, L50, M|\n|poke|p2|Basculegion, L50, M|\n|poke|p2|Politoed, L50, M|\n|poke|p2|Cinderace, L50, M|\n|poke|p2|Regieleki, L50|\n|teampreview|4\n|\n|t:|1699924985\n|start\n|switch|p1a: Illumise|Illumise, L50, F|100\/100\n|switch|p1b: Kingambit|Kingambit, L50, F|100\/100\n|switch|p2a: Tornadus|Tornadus, L50, M|100\/100\n|switch|p2b: Shiftry|Shiftry, L50, F|100\/100\n|turn|1\n|inactive|Battle timer is ON: inactive players will automatically lose when time's up. (requested by Houghpuff98)\n|inactive|Houghpuff98 has 60 seconds left.\n|inactive|Houghpuff98 has 30 seconds left.\n|inactive|Houghpuff98 has 20 seconds left.\n|inactive|Houghpuff98 has 15 seconds left.\n|inactive|Houghpuff98 has 10 seconds left.\n|inactive|Houghpuff98 has 5 seconds left.\n|\n|t:|1699925072\n|move|p2b: Shiftry|Fake Out|p1b: Kingambit\n|-immune|p1b: Kingambit\n|move|p2a: Tornadus|Tailwind|p2a: Tornadus\n|-sidestart|p2: SpoonStealer|move: Tailwind\n|-ability|p2b: Shiftry|Wind Rider|boost\n|-boost|p2b: Shiftry|atk|1\n|move|p1a: Illumise|Tailwind|p1a: Illumise\n|-sidestart|p1: Houghpuff98|move: Tailwind\n|move|p1b: Kingambit|Hyper Voice|p2a: Tornadus|[spread] p2a,p2b\n|-damage|p2a: Tornadus|53\/100\n|-damage|p2b: Shiftry|42\/100\n|\n|upkeep\n|turn|2\n|\n|t:|1699925090\n|move|p1a: Illumise|Fake Tears|p2a: Tornadus\n|-unboost|p2a: Tornadus|spd|2\n|move|p2a: Tornadus|Bleakwind Storm|p1a: Illumise|[spread] p1a\n|-miss|p2a: Tornadus|p1b: Kingambit\n|-supereffective|p1a: Illumise\n|-damage|p1a: Illumise|16\/100\n|move|p1b: Kingambit|Hyper Voice|p2a: Tornadus|[spread] p2a,p2b\n|-damage|p2a: Tornadus|0 fnt\n|-damage|p2b: Shiftry|0 fnt\n|faint|p2a: Tornadus\n|faint|p2b: Shiftry\n|\n|upkeep\n|\n|t:|1699925100\n|switch|p2a: Cinderace|Cinderace, L50, M|100\/100\n|switch|p2b: Basculegion|Basculegion, L50, M|100\/100\n|turn|3\n|\n|t:|1699925114\n|move|p2b: Basculegion|Aqua Jet|p1b: Kingambit\n|-damage|p1b: Kingambit|23\/100\n|replace|p1b: Zoroark|Zoroark-Hisui, L50, F\n|-end|p1b: Zoroark|Illusion\n|-damage|p2b: Basculegion|91\/100|[from] item: Life Orb\n|move|p1a: Illumise|Sunny Day|p1a: Illumise\n|-weather|SunnyDay\n|move|p2a: Cinderace|Pyro Ball|p1b: Zoroark\n|-damage|p1b: Zoroark|0 fnt\n|faint|p1b: Zoroark\n|\n|-weather|SunnyDay|[upkeep]\n|upkeep\n|\n|t:|1699925129\n|switch|p1b: Typhlosion|Typhlosion-Hisui, L50, M|100\/100\n|-item|p2a: Cinderace|Choice Band|[from] ability: Frisk|[of] p1b: Typhlosion|[identify]\n|-item|p2b: Basculegion|Life Orb|[from] ability: Frisk|[of] p1b: Typhlosion|[identify]\n|turn|4\n|\n|t:|1699925151\n|-terastallize|p2b: Basculegion|Water\n|move|p1b: Typhlosion|Protect|p1b: Typhlosion\n|-singleturn|p1b: Typhlosion|Protect\n|move|p1a: Illumise|Fake Tears|p2a: Cinderace\n|-unboost|p2a: Cinderace|spd|2\n|move|p2a: Cinderace|Pyro Ball|p1a: Illumise|[miss]\n|-miss|p2a: Cinderace|p1a: Illumise\n|move|p2b: Basculegion|Last Respects|p1b: Typhlosion\n|-activate|p1b: Typhlosion|move: Protect\n|\n|-weather|SunnyDay|[upkeep]\n|-sideend|p2: SpoonStealer|move: Tailwind\n|-sideend|p1: Houghpuff98|move: Tailwind\n|upkeep\n|turn|5\n|inactive|Houghpuff98 has 30 seconds left.\n|\n|t:|1699925184\n|move|p1a: Illumise|Tailwind|p1a: Illumise\n|-sidestart|p1: Houghpuff98|move: Tailwind\n|move|p1b: Typhlosion|Eruption|p2b: Basculegion|[spread] p2a,p2b\n|-resisted|p2a: Cinderace\n|-resisted|p2b: Basculegion\n|-damage|p2a: Cinderace|0 fnt\n|-damage|p2b: Basculegion|32\/100\n|faint|p2a: Cinderace\n|move|p2b: Basculegion|Last Respects|p1b: Typhlosion\n|-supereffective|p1b: Typhlosion\n|-damage|p1b: Typhlosion|0 fnt\n|faint|p1b: Typhlosion\n|-damage|p2b: Basculegion|23\/100|[from] item: Life Orb\n|\n|-weather|SunnyDay|[upkeep]\n|upkeep\n|\n|t:|1699925198\n|switch|p1b: Kingambit|Kingambit, L50, F|100\/100\n|turn|6\n|\n|t:|1699925205\n|move|p1b: Kingambit|Sucker Punch|p2b: Basculegion\n|-damage|p2b: Basculegion|0 fnt\n|faint|p2b: Basculegion\n|\n|win|Houghpuff98\n|raw|Houghpuff98's rating: 1213 &rarr; <strong>1241<\/strong><br \/>(+28 for winning)\n|raw|SpoonStealer's rating: 1259 &rarr; <strong>1231<\/strong><br \/>(-28 for losing)\n|l|\u2606SpoonStealer\n","uploadtime":1699925212,"views":35,"p1id":"houghpuff98","p2id":"spoonstealer","formatid":"gen9vgc2023regulatione","rating":1231,"private":0,"password":""}