{"id":"gen9vgc2023regulatione-1994220640","p1":"huntaaahr","p2":"eugeo1234","format":"[Gen 9] VGC 2023 Regulation E","log":"|j|\u2606huntaaahr\n|j|\u2606eugeo1234\n|t:|1700420365\n|gametype|doubles\n|player|p1|huntaaahr|101|1127\n|player|p2|eugeo1234|cynthia|1179\n|teamsize|p1|6\n|teamsize|p2|6\n|gen|9\n|tier|[Gen 9] VGC 2023 Regulation E\n|rated|\n|rule|Species Clause: Limit one of each Pok\u00e9mon\n|rule|Item Clause: Limit one of each item\n|clearpoke\n|poke|p1|Dusclops, L50, M|\n|poke|p1|Farigiraf, L50, M|\n|poke|p1|Torkoal, L50, M|\n|poke|p1|Conkeldurr, L50, F|\n|poke|p1|Lilligant-Hisui, L50, F|\n|poke|p1|Ursaluna-Bloodmoon, L50, M|\n|poke|p2|Regidrago, L50|\n|poke|p2|Tornadus, L50, M|\n|poke|p2|Urshifu-*, L50, F|\n|poke|p2|Flutter Mane, L50|\n|poke|p2|Sinistcha, L50|\n|poke|p2|Heatran, L50, F|\n|teampreview|4\nhuntaaahr has agreed to open team sheets.\n|inactive|Battle timer is ON: inactive players will automatically lose when time's up. (requested by eugeo1234)\n|\n|t:|1700420401\n|start\n|switch|p1a: Dusclops|Dusclops, L50, M|100\/100\n|switch|p1b: Ursaluna|Ursaluna-Bloodmoon, L50, M|100\/100\n|switch|p2a: Regidrago|Regidrago, L50|100\/100\n|switch|p2b: Flutter Mane|Flutter Mane, L50|100\/100\n|-item|p2a: Regidrago|Sitrus Berry|[from] ability: Frisk|[of] p1a: Dusclops|[identify]\n|-item|p2b: Flutter Mane|Choice Specs|[from] ability: Frisk|[of] p1a: Dusclops|[identify]\n|turn|1\n|inactive|huntaaahr has 30 seconds left.\n|inactive|eugeo1234 has 30 seconds left.\n|\n|t:|1700420430\n|-terastallize|p2b: Flutter Mane|Steel\n|-terastallize|p1a: Dusclops|Grass\n|move|p2b: Flutter Mane|Shadow Ball|p1a: Dusclops\n|-damage|p1a: Dusclops|58\/100\n|move|p2a: Regidrago|Dragon Energy|p1b: Ursaluna|[spread] p1a,p1b\n|-damage|p1a: Dusclops|10\/100\n|-damage|p1b: Ursaluna|12\/100\n|move|p1b: Ursaluna|Hyper Voice|p2a: Regidrago|[spread] p2a,p2b\n|-resisted|p2b: Flutter Mane\n|-damage|p2a: Regidrago|61\/100\n|-damage|p2b: Flutter Mane|79\/100\n|-enditem|p1b: Ursaluna|Throat Spray\n|-boost|p1b: Ursaluna|spa|1|[from] item: Throat Spray\n|move|p1a: Dusclops|Trick Room|p1a: Dusclops\n|-fieldstart|move: Trick Room|[of] p1a: Dusclops\n|\n|upkeep\n|turn|2\n|inactive|huntaaahr has 30 seconds left.\n|inactive|huntaaahr has 20 seconds left.\n|inactive|huntaaahr has 15 seconds left.\n|inactive|huntaaahr has 10 seconds left.\n|inactive|huntaaahr has 5 seconds left.\n|\n|t:|1700420485\n|-end|p2b: Flutter Mane|Protosynthesis|[silent]\n|switch|p2b: Sinistcha|Sinistcha, L50|100\/100\n|-heal|p2a: Regidrago|86\/100|[from] ability: Hospitality|[of] p2b: Sinistcha\n|move|p1a: Dusclops|Night Shade|p2b: Sinistcha\n|-damage|p2b: Sinistcha|72\/100\n|move|p1b: Ursaluna|Blood Moon|p2a: Regidrago\n|-damage|p2a: Regidrago|0 fnt\n|faint|p2a: Regidrago\n|\n|-heal|p2b: Sinistcha|79\/100|[from] item: Leftovers\n|upkeep\n|\n|t:|1700420497\n|switch|p2a: Heatran|Heatran, L50, F|100\/100\n|turn|3\n|inactive|huntaaahr has 30 seconds left.\n|\n|t:|1700420526\n|move|p1a: Dusclops|Pain Split|p2b: Sinistcha\n|-sethp|p2b: Sinistcha|43\/100|[from] move: Pain Split|[silent]\n|-sethp|p1a: Dusclops|56\/100|[from] move: Pain Split\n|move|p1b: Ursaluna|Hyper Voice|p2b: Sinistcha|[spread] p2a,p2b\n|-resisted|p2a: Heatran\n|-damage|p2a: Heatran|83\/100\n|-damage|p2b: Sinistcha|0 fnt\n|faint|p2b: Sinistcha\n|move|p2a: Heatran|Heat Wave|p1a: Dusclops|[spread] p1a,p1b\n|-supereffective|p1a: Dusclops\n|-damage|p1a: Dusclops|6\/100\n|-damage|p1b: Ursaluna|0 fnt\n|faint|p1b: Ursaluna\n|\n|upkeep\n|\n|t:|1700420538\n|switch|p1b: Conkeldurr|Conkeldurr, L50, F|100\/100\n|switch|p2b: Flutter Mane|Flutter Mane, L50, tera:Steel|79\/100\n|turn|4\n|\n|t:|1700420556\n|move|p1a: Dusclops|Pain Split|p2a: Heatran\n|-sethp|p2a: Heatran|43\/100|[from] move: Pain Split|[silent]\n|-sethp|p1a: Dusclops|62\/100|[from] move: Pain Split\n|move|p1b: Conkeldurr|Drain Punch|p2a: Heatran\n|-supereffective|p2a: Heatran\n|-damage|p2a: Heatran|0 fnt\n|faint|p2a: Heatran\n|move|p2b: Flutter Mane|Dazzling Gleam|p1b: Conkeldurr|[spread] p1a,p1b\n|-supereffective|p1b: Conkeldurr\n|-damage|p1a: Dusclops|29\/100\n|-damage|p1b: Conkeldurr|0 fnt\n|faint|p1b: Conkeldurr\n|\n|upkeep\n|\n|t:|1700420566\n|switch|p1b: Lilligant|Lilligant-Hisui, L50, F|100\/100\n|turn|5\n|\n|t:|1700420576\n|move|p1a: Dusclops|Pain Split|p2b: Flutter Mane\n|-sethp|p2b: Flutter Mane|54\/100|[from] move: Pain Split|[silent]\n|-sethp|p1a: Dusclops|51\/100|[from] move: Pain Split\n|move|p1b: Lilligant|Close Combat|p2b: Flutter Mane\n|-supereffective|p2b: Flutter Mane\n|-damage|p2b: Flutter Mane|0 fnt\n|-unboost|p1b: Lilligant|def|1\n|-unboost|p1b: Lilligant|spd|1\n|faint|p2b: Flutter Mane\n|-end|p2b: Flutter Mane|Protosynthesis|[silent]\n|\n|win|huntaaahr\n|raw|huntaaahr's rating: 1127 &rarr; <strong>1156<\/strong><br \/>(+29 for winning)\n|raw|eugeo1234's rating: 1179 &rarr; <strong>1150<\/strong><br \/>(-29 for losing)\n","uploadtime":1700420588,"views":15,"p1id":"huntaaahr","p2id":"eugeo1234","formatid":"gen9vgc2023regulatione","rating":1150,"private":0,"password":""}