{"id":"gen9vgc2023regulatione-1993473191","p1":"Mortipherus","p2":"Negdogoc","format":"[Gen 9] VGC 2023 Regulation E","log":"|j|\u2606Mortipherus\n|j|\u2606Negdogoc\n|t:|1700322154\n|gametype|doubles\n|player|p1|Mortipherus|biker-gen4|1284\n|player|p2|Negdogoc|2|1298\n|teamsize|p1|6\n|teamsize|p2|6\n|gen|9\n|tier|[Gen 9] VGC 2023 Regulation E\n|rated|\n|rule|Species Clause: Limit one of each Pok\u00e9mon\n|rule|Item Clause: Limit one of each item\n|clearpoke\n|poke|p1|Ursaluna-Bloodmoon, L50, M|\n|poke|p1|Iron Hands, L50|\n|poke|p1|Flutter Mane, L50|\n|poke|p1|Urshifu-*, L50, F|\n|poke|p1|Ogerpon-Cornerstone, L50, F|\n|poke|p1|Farigiraf, L50, F|\n|poke|p2|Arcanine-Hisui, L50, F|\n|poke|p2|Sandy Shocks, L50|\n|poke|p2|Milotic, L50, M|\n|poke|p2|Sinistcha-Masterpiece, L50|\n|poke|p2|Snorlax, L50, M|\n|poke|p2|Cresselia, L50, F|\n|teampreview|4\n|inactive|Battle timer is ON: inactive players will automatically lose when time's up. (requested by Negdogoc)\n|inactive|Negdogoc has 60 seconds left.\nMortipherus has agreed to open team sheets.\n|\n|t:|1700322200\n|start\n|switch|p1a: Ogerpon|Ogerpon-Cornerstone, L50, F|100\/100\n|switch|p1b: Urshifu|Urshifu-Rapid-Strike, L50, F|100\/100\n|switch|p2a: Arcanine|Arcanine-Hisui, L50, F|100\/100\n|switch|p2b: Milotic|Milotic, L50, M|100\/100\n|-ability|p2a: Arcanine|Intimidate|boost\n|-unboost|p1a: Ogerpon|atk|1\n|-unboost|p1b: Urshifu|atk|1\n|turn|1\n|inactive|Negdogoc has 30 seconds left.\n|\n|t:|1700322231\n|switch|p2a: Cresselia|Cresselia, L50, F|100\/100\n|-terastallize|p2b: Milotic|Poison\n|move|p1b: Urshifu|Surging Strikes|p2a: Cresselia\n|-crit|p2a: Cresselia\n|-damage|p2a: Cresselia|86\/100\n|-crit|p2a: Cresselia\n|-damage|p2a: Cresselia|69\/100\n|-crit|p2a: Cresselia\n|-damage|p2a: Cresselia|53\/100\n|-hitcount|p2a: Cresselia|3\n|move|p1a: Ogerpon|Wood Hammer|p2b: Milotic\n|-resisted|p2b: Milotic\n|-damage|p2b: Milotic|78\/100\n|-damage|p1a: Ogerpon|92\/100|[from] Recoil\n|move|p2b: Milotic|Coil|p2b: Milotic\n|-boost|p2b: Milotic|atk|1\n|-boost|p2b: Milotic|def|1\n|-boost|p2b: Milotic|accuracy|1\n|\n|-heal|p2a: Cresselia|59\/100|[from] item: Leftovers\n|-status|p2b: Milotic|brn|[from] item: Flame Orb\n|upkeep\n|turn|2\n|inactive|Mortipherus has 30 seconds left.\n|\n|t:|1700322262\n|switch|p1b: Iron Hands|Iron Hands, L50|100\/100\n|move|p1a: Ogerpon|Follow Me|p1a: Ogerpon\n|-singleturn|p1a: Ogerpon|move: Follow Me\n|move|p2b: Milotic|Hypnosis|p1a: Ogerpon|[miss]\n|-miss|p2b: Milotic|p1a: Ogerpon\n|move|p2a: Cresselia|Trick Room|p2a: Cresselia\n|-fieldstart|move: Trick Room|[of] p2a: Cresselia\n|\n|-heal|p2a: Cresselia|65\/100|[from] item: Leftovers\n|-damage|p2b: Milotic|72\/100 brn|[from] brn\n|upkeep\n|turn|3\n|\n|t:|1700322284\n|switch|p2a: Arcanine|Arcanine-Hisui, L50, F|100\/100\n|-ability|p2a: Arcanine|Intimidate|boost\n|-unboost|p1a: Ogerpon|atk|1\n|-unboost|p1b: Iron Hands|atk|1\n|move|p1b: Iron Hands|Fake Out|p2b: Milotic\n|-damage|p2b: Milotic|67\/100 brn\n|cant|p2b: Milotic|flinch\n|move|p1a: Ogerpon|Ivy Cudgel|p2a: Arcanine|[anim] Ivy Cudgel Rock\n|-supereffective|p2a: Arcanine\n|-damage|p2a: Arcanine|30\/100\n|\n|-damage|p2b: Milotic|61\/100 brn|[from] brn\n|upkeep\n|turn|4\n|\n|t:|1700322306\n|move|p1a: Ogerpon|Follow Me|p1a: Ogerpon\n|-singleturn|p1a: Ogerpon|move: Follow Me\n|move|p2a: Arcanine|Extreme Speed|p1a: Ogerpon\n|-resisted|p1a: Ogerpon\n|-damage|p1a: Ogerpon|75\/100\n|move|p1b: Iron Hands|Ice Punch|p2b: Milotic\n|-damage|p2b: Milotic|52\/100 brn\n|move|p2b: Milotic|Hypnosis|p1a: Ogerpon\n|-status|p1a: Ogerpon|slp|[from] move: Hypnosis\n|\n|-damage|p2b: Milotic|47\/100 brn|[from] brn\n|upkeep\n|turn|5\n|\n|t:|1700322329\n|switch|p2a: Cresselia|Cresselia, L50, F|65\/100\n|cant|p1a: Ogerpon|slp\n|move|p1b: Iron Hands|Drain Punch|p2a: Cresselia\n|-resisted|p2a: Cresselia\n|-damage|p2a: Cresselia|55\/100\n|move|p2b: Milotic|Coil|p2b: Milotic\n|-boost|p2b: Milotic|atk|1\n|-boost|p2b: Milotic|def|1\n|-boost|p2b: Milotic|accuracy|1\n|\n|-heal|p2a: Cresselia|61\/100|[from] item: Leftovers\n|-damage|p2b: Milotic|41\/100 brn|[from] brn\n|upkeep\n|turn|6\n|\n|t:|1700322343\n|-end|p1b: Iron Hands|Quark Drive|[silent]\n|switch|p1b: Flutter Mane|Flutter Mane, L50, shiny|100\/100\n|-enditem|p1b: Flutter Mane|Booster Energy\n|-activate|p1b: Flutter Mane|ability: Protosynthesis|[fromitem]\n|-start|p1b: Flutter Mane|protosynthesisspe\n|move|p2a: Cresselia|Lunar Blessing|p2a: Cresselia|[spread] p2a,p2b\n|-heal|p2a: Cresselia|86\/100\n|-heal|p2b: Milotic|65\/100 brn\n|-curestatus|p2b: Milotic|brn|[msg]\n|move|p2b: Milotic|Scald|p1a: Ogerpon\n|-damage|p1a: Ogerpon|50\/100 slp\n|-curestatus|p1a: Ogerpon|slp|[msg]\n|move|p1a: Ogerpon|Ivy Cudgel|p2b: Milotic|[anim] Ivy Cudgel Rock\n|-damage|p2b: Milotic|49\/100\n|\n|-heal|p2a: Cresselia|92\/100|[from] item: Leftovers\n|-fieldend|move: Trick Room\n|-status|p2b: Milotic|brn|[from] item: Flame Orb\n|upkeep\n|turn|7\n|inactive|Mortipherus has 30 seconds left.\n|\n|t:|1700322369\n|switch|p1a: Iron Hands|Iron Hands, L50|100\/100\n|move|p1b: Flutter Mane|Shadow Ball|p2a: Cresselia\n|-supereffective|p2a: Cresselia\n|-damage|p2a: Cresselia|52\/100\n|move|p2b: Milotic|Recover|p2b: Milotic\n|-heal|p2b: Milotic|99\/100 brn\n|move|p2a: Cresselia|Trick Room|p2a: Cresselia\n|-fieldstart|move: Trick Room|[of] p2a: Cresselia\n|\n|-heal|p2a: Cresselia|59\/100|[from] item: Leftovers\n|-damage|p2b: Milotic|93\/100 brn|[from] brn\n|upkeep\n|turn|8\n|inactive|Negdogoc has 30 seconds left.\n|\n|t:|1700322398\n|switch|p2a: Arcanine|Arcanine-Hisui, L50, F|30\/100\n|-ability|p2a: Arcanine|Intimidate|boost\n|-unboost|p1a: Iron Hands|atk|1\n|-unboost|p1b: Flutter Mane|atk|1\n|move|p1a: Iron Hands|Ice Punch|p2a: Arcanine\n|-resisted|p2a: Arcanine\n|-damage|p2a: Arcanine|18\/100\n|move|p2b: Milotic|Hypnosis|p1b: Flutter Mane\n|-status|p1b: Flutter Mane|slp|[from] move: Hypnosis\n|cant|p1b: Flutter Mane|slp\n|\n|-damage|p2b: Milotic|87\/100 brn|[from] brn\n|upkeep\n|turn|9\n|\n|t:|1700322418\n|-end|p1b: Flutter Mane|Protosynthesis|[silent]\n|switch|p1b: Ogerpon|Ogerpon-Cornerstone, L50, F|50\/100\n|move|p1a: Iron Hands|Ice Punch|p2a: Arcanine\n|-resisted|p2a: Arcanine\n|-damage|p2a: Arcanine|5\/100\n|move|p2b: Milotic|Hypnosis|p1a: Iron Hands\n|-status|p1a: Iron Hands|slp|[from] move: Hypnosis\n|move|p2a: Arcanine|Rock Slide|p1b: Ogerpon|[spread] p1b\n|-miss|p2a: Arcanine|p1a: Iron Hands\n|-damage|p1b: Ogerpon|10\/100\n|\n|-damage|p2b: Milotic|81\/100 brn|[from] brn\n|upkeep\n|turn|10\n|\n|t:|1700322443\n|switch|p2a: Cresselia|Cresselia, L50, F|59\/100\n|move|p1b: Ogerpon|Spiky Shield|p1b: Ogerpon\n|-singleturn|p1b: Ogerpon|move: Protect\n|cant|p1a: Iron Hands|slp\n|move|p2b: Milotic|Scald|p1b: Ogerpon\n|-activate|p1b: Ogerpon|move: Protect\n|\n|-heal|p2a: Cresselia|65\/100|[from] item: Leftovers\n|-damage|p2b: Milotic|75\/100 brn|[from] brn\n|upkeep\n|turn|11\n|\n|t:|1700322466\n|-end|p1a: Iron Hands|Quark Drive|[silent]\n|switch|p1a: Flutter Mane|Flutter Mane, L50, shiny|100\/100 slp\n|move|p2a: Cresselia|Lunar Blessing|p2a: Cresselia|[spread] p2a,p2b\n|-heal|p2a: Cresselia|90\/100\n|-heal|p2b: Milotic|99\/100 brn\n|-curestatus|p2b: Milotic|brn|[msg]\n|move|p2b: Milotic|Scald|p1b: Ogerpon\n|-damage|p1b: Ogerpon|0 fnt\n|faint|p1b: Ogerpon\n|\n|-heal|p2a: Cresselia|96\/100|[from] item: Leftovers\n|-fieldend|move: Trick Room\n|-status|p2b: Milotic|brn|[from] item: Flame Orb\n|upkeep\n|\n|t:|1700322483\n|switch|p1b: Urshifu|Urshifu-Rapid-Strike, L50, F|100\/100\n|turn|12\n|\n|t:|1700322494\n|-terastallize|p1b: Urshifu|Water\n|cant|p1a: Flutter Mane|slp\n|move|p1b: Urshifu|Surging Strikes|p2b: Milotic\n|-crit|p2b: Milotic\n|-damage|p2b: Milotic|78\/100 brn\n|-crit|p2b: Milotic\n|-damage|p2b: Milotic|54\/100 brn\n|-crit|p2b: Milotic\n|-damage|p2b: Milotic|33\/100 brn\n|-hitcount|p2b: Milotic|3\n|move|p2b: Milotic|Hypnosis|p1b: Urshifu\n|-status|p1b: Urshifu|slp|[from] move: Hypnosis\n|move|p2a: Cresselia|Trick Room|p2a: Cresselia\n|-fieldstart|move: Trick Room|[of] p2a: Cresselia\n|\n|-heal|p2a: Cresselia|100\/100|[from] item: Leftovers\n|-damage|p2b: Milotic|27\/100 brn|[from] brn\n|upkeep\n|turn|13\n|inactive|Mortipherus has 30 seconds left.\n|\n|t:|1700322523\n|cant|p1b: Urshifu|slp\n|move|p2a: Cresselia|Moonblast|p1b: Urshifu\n|-damage|p1b: Urshifu|73\/100 slp\n|move|p2b: Milotic|Recover|p2b: Milotic\n|-heal|p2b: Milotic|77\/100 brn\n|-curestatus|p1a: Flutter Mane|slp|[msg]\n|move|p1a: Flutter Mane|Shadow Ball|p2b: Milotic\n|-damage|p2b: Milotic|53\/100 brn\n|\n|-damage|p2b: Milotic|47\/100 brn|[from] brn\n|upkeep\n|turn|14\n|\n|t:|1700322543\n|move|p2a: Cresselia|Moonblast|p1b: Urshifu\n|-damage|p1b: Urshifu|47\/100 slp\n|-unboost|p1b: Urshifu|spa|1\n|move|p2b: Milotic|Hypnosis|p1a: Flutter Mane\n|-status|p1a: Flutter Mane|slp|[from] move: Hypnosis\n|cant|p1b: Urshifu|slp\n|cant|p1a: Flutter Mane|slp\n|\n|-damage|p2b: Milotic|41\/100 brn|[from] brn\n|upkeep\n|turn|15\n|\n|t:|1700322558\n|move|p2a: Cresselia|Moonblast|p1b: Urshifu\n|-damage|p1b: Urshifu|22\/100 slp\n|move|p2b: Milotic|Recover|p2b: Milotic\n|-heal|p2b: Milotic|91\/100 brn\n|-curestatus|p1b: Urshifu|slp|[msg]\n|move|p1b: Urshifu|Surging Strikes|p2b: Milotic\n|-crit|p2b: Milotic\n|-damage|p2b: Milotic|71\/100 brn\n|-crit|p2b: Milotic\n|-damage|p2b: Milotic|49\/100 brn\n|-crit|p2b: Milotic\n|-damage|p2b: Milotic|29\/100 brn\n|-hitcount|p2b: Milotic|3\n|cant|p1a: Flutter Mane|slp\n|\n|-damage|p2b: Milotic|23\/100 brn|[from] brn\n|upkeep\n|turn|16\n|\n|t:|1700322582\n|move|p1b: Urshifu|Aqua Jet|p2b: Milotic\n|-damage|p2b: Milotic|12\/100 brn\n|move|p2a: Cresselia|Moonblast|p1b: Urshifu\n|-damage|p1b: Urshifu|0 fnt\n|faint|p1b: Urshifu\n|move|p2b: Milotic|Recover|p2b: Milotic\n|-heal|p2b: Milotic|62\/100 brn\n|-curestatus|p1a: Flutter Mane|slp|[msg]\n|move|p1a: Flutter Mane|Shadow Ball|p2b: Milotic\n|-damage|p2b: Milotic|35\/100 brn\n|\n|-damage|p2b: Milotic|29\/100 brn|[from] brn\n|-fieldend|move: Trick Room\n|upkeep\n|\n|t:|1700322598\n|switch|p1b: Iron Hands|Iron Hands, L50|100\/100 slp\n|turn|17\n|\n|t:|1700322614\n|switch|p2a: Arcanine|Arcanine-Hisui, L50, F|5\/100\n|-ability|p2a: Arcanine|Intimidate|boost\n|-unboost|p1a: Flutter Mane|atk|1\n|-unboost|p1b: Iron Hands|atk|1\n|cant|p1b: Iron Hands|slp\n|move|p1a: Flutter Mane|Shadow Ball|p2b: Milotic\n|-damage|p2b: Milotic|3\/100 brn\n|-unboost|p2b: Milotic|spd|1\n|move|p2b: Milotic|Recover|p2b: Milotic\n|-heal|p2b: Milotic|53\/100 brn\n|\n|-damage|p2b: Milotic|48\/100 brn|[from] brn\n|upkeep\n|turn|18\n|\n|t:|1700322638\n|move|p1a: Flutter Mane|Shadow Ball|p2b: Milotic\n|-damage|p2b: Milotic|7\/100 brn\n|move|p2a: Arcanine|Rock Slide|p1b: Iron Hands|[spread] p1a,p1b\n|-resisted|p1b: Iron Hands\n|-damage|p1a: Flutter Mane|27\/100\n|-damage|p1b: Iron Hands|85\/100 slp\n|move|p2b: Milotic|Hypnosis|p1a: Flutter Mane\n|-status|p1a: Flutter Mane|slp|[from] move: Hypnosis\n|-curestatus|p1b: Iron Hands|slp|[msg]\n|move|p1b: Iron Hands|Ice Punch|p2a: Arcanine\n|-resisted|p2a: Arcanine\n|-damage|p2a: Arcanine|0 fnt\n|faint|p2a: Arcanine\n|\n|-damage|p2b: Milotic|1\/100 brn|[from] brn\n|upkeep\n|\n|t:|1700322647\n|switch|p2a: Cresselia|Cresselia, L50, F|100\/100\n|turn|19\n|\n|t:|1700322660\n|cant|p1a: Flutter Mane|slp\n|move|p2b: Milotic|Hypnosis|p1b: Iron Hands\n|-status|p1b: Iron Hands|slp|[from] move: Hypnosis\n|move|p2a: Cresselia|Lunar Blessing|p2a: Cresselia|[spread] p2a,p2b\n|-heal|p2b: Milotic|26\/100 brn\n|-curestatus|p2b: Milotic|brn|[msg]\n|cant|p1b: Iron Hands|slp\n|\n|-status|p2b: Milotic|brn|[from] item: Flame Orb\n|upkeep\n|turn|20\n|inactive|Mortipherus has 30 seconds left.\n|inactive|Mortipherus has 20 seconds left.\n|inactive|Mortipherus has 15 seconds left.\n|inactive|Mortipherus has 10 seconds left.\n|inactive|Mortipherus has 5 seconds left.\n|\n|t:|1700322715\n|cant|p1a: Flutter Mane|slp\n|cant|p1b: Iron Hands|slp\n|move|p2b: Milotic|Scald|p1a: Flutter Mane\n|-damage|p1a: Flutter Mane|0 fnt\n|faint|p1a: Flutter Mane\n|-end|p1a: Flutter Mane|Protosynthesis|[silent]\n|move|p2a: Cresselia|Moonblast|p1b: Iron Hands\n|-supereffective|p1b: Iron Hands\n|-damage|p1b: Iron Hands|67\/100 slp\n|\n|-damage|p2b: Milotic|20\/100 brn|[from] brn\n|upkeep\n|turn|21\n|inactive|Mortipherus has 20 seconds left this turn.\n|inactive|Mortipherus has 15 seconds left.\n|inactive|Mortipherus has 10 seconds left.\n|inactive|Mortipherus has 5 seconds left.\n|-message|Mortipherus lost due to inactivity.\n|\n|win|Negdogoc\n|raw|Mortipherus's rating: 1284 &rarr; <strong>1260<\/strong><br \/>(-24 for losing)\n|raw|Negdogoc's rating: 1298 &rarr; <strong>1322<\/strong><br \/>(+24 for winning)\n|l|\u2606Negdogoc\n|l|\u2606Mortipherus\n|j|\u2606Mortipherus\n|player|p1|Mortipherus|biker-gen4\n","uploadtime":1700322791,"views":12,"p1id":"mortipherus","p2id":"negdogoc","formatid":"gen9vgc2023regulatione","rating":1260,"private":0,"password":""}