{"id":"gen9vgc2023regulatione-1989325833","p1":"Vengeful potato","p2":"Noob Noob for real","format":"[Gen 9] VGC 2023 Regulation E","log":"|j|\u2606Vengeful potato\n|j|\u2606Noob Noob for real\n|t:|1699836627\n|gametype|doubles\n|player|p1|Vengeful potato|swimmer|1654\n|player|p2|Noob Noob for real|169|1547\n|teamsize|p1|6\n|teamsize|p2|6\n|gen|9\n|tier|[Gen 9] VGC 2023 Regulation E\n|rated|\n|rule|Species Clause: Limit one of each Pok\u00e9mon\n|rule|Item Clause: Limit one of each item\n|clearpoke\n|poke|p1|Articuno-Galar, L50|\n|poke|p1|Maushold, L50|\n|poke|p1|Urshifu-*, L50, F|\n|poke|p1|Sinistcha-Masterpiece, L50|\n|poke|p1|Heatran, L50, F|\n|poke|p1|Regidrago, L50|\n|poke|p2|Mimikyu, L50, F|\n|poke|p2|Ursaluna-Bloodmoon, L50, M|\n|poke|p2|Zapdos-Galar, L50|\n|poke|p2|Amoonguss, L50, F|\n|poke|p2|Ogerpon-Hearthflame, L50, F|\n|poke|p2|Chien-Pao, L50|\n|teampreview|4\n|inactive|Battle timer is ON: inactive players will automatically lose when time's up. (requested by Noob Noob for real)\n|\n|t:|1699836663\n|start\n|switch|p1a: The Rizzler\ud83d\ude31\ud83d\udcaf\ud83d\udde3\ufe0f|Articuno-Galar, L50, shiny|100\/100\n|switch|p1b: Despereaux|Maushold, L50, shiny|100\/100\n|switch|p2a: Mimikyu|Mimikyu, L50, F|100\/100\n|switch|p2b: Zapdos|Zapdos-Galar, L50|100\/100\n|turn|1\n|\n|t:|1699836682\n|move|p2b: Zapdos|U-turn|p1a: The Rizzler\ud83d\ude31\ud83d\udcaf\ud83d\udde3\ufe0f\n|-damage|p1a: The Rizzler\ud83d\ude31\ud83d\udcaf\ud83d\udde3\ufe0f|85\/100\n|\n|t:|1699836685\n|switch|p2b: Amoonguss|Amoonguss, L50, F|100\/100|[from] U-turn\n|move|p1b: Despereaux|Taunt|p2a: Mimikyu\n|-start|p2a: Mimikyu|move: Taunt\n|-enditem|p2a: Mimikyu|Mental Herb\n|-end|p2a: Mimikyu|move: Taunt\n|move|p2a: Mimikyu|Will-O-Wisp|p1b: Despereaux\n|-status|p1b: Despereaux|brn\n|move|p1a: The Rizzler\ud83d\ude31\ud83d\udcaf\ud83d\udde3\ufe0f|Freezing Glare|p2b: Amoonguss\n|-supereffective|p2b: Amoonguss\n|-damage|p2b: Amoonguss|18\/100\n|\n|-damage|p1b: Despereaux|94\/100 brn|[from] brn\n|upkeep\n|turn|2\n|\n|t:|1699836703\n|move|p2b: Amoonguss|Protect|p2b: Amoonguss\n|-singleturn|p2b: Amoonguss|Protect\n|move|p2a: Mimikyu|Shadow Sneak|p1a: The Rizzler\ud83d\ude31\ud83d\udcaf\ud83d\udde3\ufe0f\n|-supereffective|p1a: The Rizzler\ud83d\ude31\ud83d\udcaf\ud83d\udde3\ufe0f\n|-damage|p1a: The Rizzler\ud83d\ude31\ud83d\udcaf\ud83d\udde3\ufe0f|68\/100\n|move|p1b: Despereaux|Taunt|p2a: Mimikyu\n|-start|p2a: Mimikyu|move: Taunt\n|move|p1a: The Rizzler\ud83d\ude31\ud83d\udcaf\ud83d\udde3\ufe0f|Air Slash|p2b: Amoonguss\n|-activate|p2b: Amoonguss|move: Protect\n|\n|-damage|p1b: Despereaux|88\/100 brn|[from] brn\n|upkeep\n|turn|3\n|\n|t:|1699836719\n|switch|p2b: Zapdos|Zapdos-Galar, L50|100\/100\n|move|p1b: Despereaux|Follow Me|p1b: Despereaux\n|-singleturn|p1b: Despereaux|move: Follow Me\n|move|p2a: Mimikyu|Play Rough|p1b: Despereaux\n|-damage|p1b: Despereaux|59\/100 brn\n|-damage|p2a: Mimikyu|84\/100|[from] item: Rocky Helmet|[of] p1b: Despereaux\n|move|p1a: The Rizzler\ud83d\ude31\ud83d\udcaf\ud83d\udde3\ufe0f|Freezing Glare|p2a: Mimikyu\n|-activate|p2a: Mimikyu|ability: Disguise\n|-damage|p2a: Mimikyu|84\/100\n|detailschange|p2a: Mimikyu|Mimikyu-Busted, L50, F\n|-damage|p2a: Mimikyu|71\/100|[from] pokemon: Mimikyu-Busted\n|\n|-damage|p1b: Despereaux|53\/100 brn|[from] brn\n|upkeep\n|turn|4\n|inactive|Noob Noob for real has 30 seconds left.\n|\n|t:|1699836744\n|switch|p2a: Amoonguss|Amoonguss, L50, F|52\/100\n|-terastallize|p2b: Zapdos|Steel\n|move|p1b: Despereaux|Follow Me|p1b: Despereaux\n|-singleturn|p1b: Despereaux|move: Follow Me\n|move|p2b: Zapdos|Brave Bird|p1b: Despereaux\n|-damage|p1b: Despereaux|0 fnt\n|-damage|p2b: Zapdos|84\/100|[from] item: Rocky Helmet|[of] p1b: Despereaux\n|faint|p1b: Despereaux\n|-damage|p2b: Zapdos|66\/100|[from] Recoil\n|move|p1a: The Rizzler\ud83d\ude31\ud83d\udcaf\ud83d\udde3\ufe0f|Freezing Glare|p2b: Zapdos\n|-resisted|p2b: Zapdos\n|-damage|p2b: Zapdos|40\/100\n|\n|upkeep\n|\n|t:|1699836757\n|switch|p1b: C418 - Wet Hands|Urshifu-Rapid-Strike, L50, F|100\/100\n|turn|5\n|\n|t:|1699836775\n|move|p1b: C418 - Wet Hands|Protect|p1b: C418 - Wet Hands\n|-singleturn|p1b: C418 - Wet Hands|Protect\n|move|p2a: Amoonguss|Rage Powder|p2a: Amoonguss\n|-singleturn|p2a: Amoonguss|move: Rage Powder\n|move|p2b: Zapdos|Brave Bird|p1a: The Rizzler\ud83d\ude31\ud83d\udcaf\ud83d\udde3\ufe0f\n|-damage|p1a: The Rizzler\ud83d\ude31\ud83d\udcaf\ud83d\udde3\ufe0f|16\/100\n|-damage|p2b: Zapdos|20\/100|[from] Recoil\n|move|p1a: The Rizzler\ud83d\ude31\ud83d\udcaf\ud83d\udde3\ufe0f|Freezing Glare|p2a: Amoonguss\n|-supereffective|p2a: Amoonguss\n|-damage|p2a: Amoonguss|0 fnt\n|faint|p2a: Amoonguss\n|\n|upkeep\n|\n|t:|1699836787\n|switch|p2a: Mimikyu|Mimikyu-Busted, L50, F|71\/100\n|turn|6\n|inactive|Vengeful potato has 30 seconds left.\n|\n|t:|1699836813\n|-terastallize|p1b: C418 - Wet Hands|Steel\n|move|p2a: Mimikyu|Shadow Sneak|p1a: The Rizzler\ud83d\ude31\ud83d\udcaf\ud83d\udde3\ufe0f\n|-supereffective|p1a: The Rizzler\ud83d\ude31\ud83d\udcaf\ud83d\udde3\ufe0f\n|-crit|p1a: The Rizzler\ud83d\ude31\ud83d\udcaf\ud83d\udde3\ufe0f\n|-damage|p1a: The Rizzler\ud83d\ude31\ud83d\udcaf\ud83d\udde3\ufe0f|0 fnt\n|faint|p1a: The Rizzler\ud83d\ude31\ud83d\udcaf\ud83d\udde3\ufe0f\n|move|p2b: Zapdos|Brave Bird|p1b: C418 - Wet Hands\n|-resisted|p1b: C418 - Wet Hands\n|-damage|p1b: C418 - Wet Hands|73\/100\n|-damage|p2b: Zapdos|8\/100|[from] Recoil\n|move|p1b: C418 - Wet Hands|Surging Strikes|p2b: Zapdos\n|-crit|p2b: Zapdos\n|-damage|p2b: Zapdos|0 fnt\n|faint|p2b: Zapdos\n|-hitcount|p2: Zapdos|1\n|\n|upkeep\n|\n|t:|1699836823\n|switch|p2b: Ursaluna|Ursaluna-Bloodmoon, L50, M|100\/100\n|switch|p1a: THE DRAGON BALL\ud83e\udd76|Regidrago, L50, shiny|100\/100\n|turn|7\n|\n|t:|1699836843\n|move|p2b: Ursaluna|Protect|p2b: Ursaluna\n|-singleturn|p2b: Ursaluna|Protect\n|move|p1b: C418 - Wet Hands|Surging Strikes|p2a: Mimikyu\n|-crit|p2a: Mimikyu\n|-damage|p2a: Mimikyu|47\/100\n|-crit|p2a: Mimikyu\n|-damage|p2a: Mimikyu|22\/100\n|-crit|p2a: Mimikyu\n|-damage|p2a: Mimikyu|0 fnt\n|faint|p2a: Mimikyu\n|-hitcount|p2: Mimikyu|3\n|move|p1a: THE DRAGON BALL\ud83e\udd76|Draco Meteor|p2b: Ursaluna\n|-activate|p2b: Ursaluna|move: Protect\n|\n|upkeep\n|turn|8\n|-message|Noob Noob for real forfeited.\n|\n|win|Vengeful potato\n|raw|Vengeful potato's rating: 1654 &rarr; <strong>1668<\/strong><br \/>(+14 for winning)\n|raw|Noob Noob for real's rating: 1547 &rarr; <strong>1533<\/strong><br \/>(-14 for losing)\n|l|\u2606Noob Noob for real\n|c|\u2606Vengeful potato|Gg\n","uploadtime":1699836861,"views":11,"p1id":"vengefulpotato","p2id":"noobnoobforreal","formatid":"gen9vgc2023regulatione","rating":1533,"private":0,"password":""}