{"id":"gen9vgc2023regulatione-1990229051","p1":"jeikono","p2":"Romeo","format":"[Gen 9] VGC 2023 Regulation E","log":"|j|\u2606jeikono\n|j|\u2606Romeo\n|t:|1699940856\n|gametype|doubles\n|player|p1|jeikono|whitney|1132\n|player|p2|Romeo|1|1043\n|teamsize|p1|6\n|teamsize|p2|6\n|gen|9\n|tier|[Gen 9] VGC 2023 Regulation E\n|rated|\n|rule|Species Clause: Limit one of each Pok\u00e9mon\n|rule|Item Clause: Limit one of each item\n|clearpoke\n|poke|p1|Indeedee-F, L50, F|\n|poke|p1|Torkoal, L50, F|\n|poke|p1|Armarouge, L50, M|\n|poke|p1|Sinistcha-Masterpiece, L50|\n|poke|p1|Gothitelle, L50, F|\n|poke|p1|Sableye, L50, F|\n|poke|p2|Golem-Alola, L50, M|\n|poke|p2|Sinistcha, L50|\n|poke|p2|Dondozo, L50, F|\n|poke|p2|Iron Hands, L50|\n|poke|p2|Maushold, L50|\n|poke|p2|Rabsca, L50, M|\n|teampreview|4\n|inactive|Battle timer is ON: inactive players will automatically lose when time's up. (requested by jeikono)\n|inactive|jeikono has 60 seconds left.\n|\n|t:|1699940889\n|start\n|switch|p1a: Sableye|Sableye, L50, F|100\/100\n|switch|p1b: Gothitelle|Gothitelle, L50, F|100\/100\n|switch|p2a: Golem|Golem-Alola, L50, M|100\/100\n|switch|p2b: Rabsca|Rabsca, L50, M|100\/100\n|turn|1\n|\n|t:|1699940901\n|-terastallize|p2a: Golem|Electric\n|move|p1a: Sableye|Fake Out|p2a: Golem\n|-damage|p2a: Golem|95\/100\n|move|p1b: Gothitelle|Trick|p2b: Rabsca\n|-activate|p1b: Gothitelle|move: Trick|[of] p2b: Rabsca\n|-item|p2b: Rabsca|Choice Scarf|[from] move: Trick\n|-item|p1b: Gothitelle|Leppa Berry|[from] move: Trick\n|cant|p2a: Golem|flinch\n|move|p2b: Rabsca|Trick Room|p2b: Rabsca\n|-fieldstart|move: Trick Room|[of] p2b: Rabsca\n|\n|upkeep\n|turn|2\n|\n|t:|1699940923\n|move|p1a: Sableye|Disable|p2b: Rabsca\n|-start|p2b: Rabsca|Disable|Trick Room\n|move|p2a: Golem|Explosion|p1b: Gothitelle|[spread] p1a,p1b\n|-activate|p2b: Rabsca|ability: Telepathy\n|-damage|p1a: Sableye|0 fnt\n|-damage|p1b: Gothitelle|0 fnt\n|faint|p2a: Golem\n|faint|p1a: Sableye\n|faint|p1b: Gothitelle\n|cant|p2b: Rabsca|Disable|Trick Room\n|\n|upkeep\n|c|\u2606Romeo|lol fu\n|\n|t:|1699940936\n|switch|p2a: Iron Hands|Iron Hands, L50|100\/100\n|switch|p1a: Torkoal|Torkoal, L50, F|100\/100\n|switch|p1b: Sinistcha|Sinistcha-Masterpiece, L50|100\/100\n|-weather|SunnyDay|[from] ability: Drought|[of] p1a: Torkoal\n|turn|3\n|\n|t:|1699940950\n|switch|p2b: Dondozo|Dondozo, L50, F|100\/100\n|move|p2a: Iron Hands|Fake Out|p1a: Torkoal\n|-damage|p1a: Torkoal|89\/100\n|cant|p1a: Torkoal|flinch\n|move|p1b: Sinistcha|Shadow Ball|p2a: Iron Hands\n|-damage|p2a: Iron Hands|68\/100\n|\n|-weather|SunnyDay|[upkeep]\n|upkeep\n|turn|4\n|\n|t:|1699940972\n|switch|p2b: Rabsca|Rabsca, L50, M|100\/100\n|move|p1a: Torkoal|Earth Power|p2a: Iron Hands\n|-supereffective|p2a: Iron Hands\n|-damage|p2a: Iron Hands|30\/100\n|-enditem|p2a: Iron Hands|Sitrus Berry|[eat]\n|-heal|p2a: Iron Hands|55\/100|[from] item: Sitrus Berry\n|move|p2a: Iron Hands|Electric Terrain|p2a: Iron Hands\n|-fieldstart|move: Electric Terrain\n|-activate|p2a: Iron Hands|ability: Quark Drive\n|-start|p2a: Iron Hands|quarkdriveatk\n|move|p1b: Sinistcha|Matcha Gotcha|p2b: Rabsca|[spread] p2a\n|-miss|p1b: Sinistcha|p2b: Rabsca\n|-damage|p2a: Iron Hands|30\/100\n|-status|p2a: Iron Hands|brn\n|\n|-weather|SunnyDay|[upkeep]\n|-damage|p2a: Iron Hands|24\/100 brn|[from] brn\n|upkeep\n|turn|5\n|\n|t:|1699940996\n|move|p1a: Torkoal|Heat Wave|p2a: Iron Hands|[spread] p2a,p2b\n|-supereffective|p2b: Rabsca\n|-damage|p2a: Iron Hands|0 fnt\n|-damage|p2b: Rabsca|18\/100\n|faint|p2a: Iron Hands\n|-end|p2a: Iron Hands|Quark Drive|[silent]\n|move|p1b: Sinistcha|Matcha Gotcha|p2b: Rabsca|[miss]\n|-miss|p1b: Sinistcha|p2b: Rabsca\n|move|p2b: Rabsca|Revival Blessing|p2b: Rabsca\n|\n|t:|1699941003\n|-heal|p2: Golem|50\/100|[from] move: Revival Blessing\n|\n|-weather|SunnyDay|[upkeep]\n|-fieldend|move: Trick Room\n|upkeep\n|\n|t:|1699941010\n|switch|p2a: Dondozo|Dondozo, L50, F|100\/100\n|turn|6\n|\n|t:|1699941024\n|move|p1a: Torkoal|Protect|p1a: Torkoal\n|-singleturn|p1a: Torkoal|Protect\n|-activate|p2b: Rabsca|move: Struggle\n|move|p2b: Rabsca|Struggle|p1a: Torkoal\n|-activate|p1a: Torkoal|move: Protect\n|move|p2a: Dondozo|Yawn|p1a: Torkoal\n|-activate|p1a: Torkoal|move: Protect\n|move|p1b: Sinistcha|Trick Room|p1b: Sinistcha\n|-fieldstart|move: Trick Room|[of] p1b: Sinistcha\n|\n|-weather|SunnyDay|[upkeep]\n|upkeep\n|turn|7\n|\n|t:|1699941038\n|move|p1a: Torkoal|Heat Wave|p2b: Rabsca|[spread] p2a,p2b\n|-resisted|p2a: Dondozo\n|-supereffective|p2b: Rabsca\n|-damage|p2a: Dondozo|80\/100\n|-damage|p2b: Rabsca|0 fnt\n|faint|p2b: Rabsca\n|move|p2a: Dondozo|Soak|p1b: Sinistcha\n|-start|p1b: Sinistcha|typechange|Water\n|move|p1b: Sinistcha|Matcha Gotcha|p2a: Dondozo\n|-supereffective|p2a: Dondozo\n|-damage|p2a: Dondozo|42\/100\n|\n|-weather|none\n|-heal|p2a: Dondozo|48\/100|[from] item: Leftovers\n|upkeep\n|\n|t:|1699941049\n|switch|p2b: Golem|Golem-Alola, L50, M|50\/100\n|turn|8\n|\n|t:|1699941065\n|move|p2a: Dondozo|Protect|p2a: Dondozo\n|-singleturn|p2a: Dondozo|Protect\n|move|p1a: Torkoal|Earth Power|p2b: Golem\n|-supereffective|p2b: Golem\n|-damage|p2b: Golem|0 fnt\n|faint|p2b: Golem\n|move|p1b: Sinistcha|Matcha Gotcha|p2a: Dondozo\n|-activate|p2a: Dondozo|move: Protect\n|\n|-heal|p2a: Dondozo|54\/100|[from] item: Leftovers\n|-fieldend|move: Electric Terrain\n|upkeep\n|turn|9\n|\n|t:|1699941080\n|-terastallize|p1b: Sinistcha|Grass\n|move|p1a: Torkoal|Clear Smog|p2a: Dondozo\n|-damage|p2a: Dondozo|43\/100\n|-clearboost|p2a: Dondozo\n|move|p2a: Dondozo|Wave Crash|p1a: Torkoal\n|-supereffective|p1a: Torkoal\n|-damage|p1a: Torkoal|21\/100\n|-damage|p2a: Dondozo|27\/100|[from] Recoil\n|move|p1b: Sinistcha|Matcha Gotcha|p2a: Dondozo\n|-supereffective|p2a: Dondozo\n|-damage|p2a: Dondozo|0 fnt\n|faint|p2a: Dondozo\n|\n|win|jeikono\n|raw|jeikono's rating: 1132 &rarr; <strong>1151<\/strong><br \/>(+19 for winning)\n|raw|Romeo's rating: 1043 &rarr; <strong>1031<\/strong><br \/>(-12 for losing)\n|c|\u2606jeikono|Gg\n|l|\u2606Romeo\n","uploadtime":1699941102,"views":24,"p1id":"jeikono","p2id":"romeo","formatid":"gen9vgc2023regulatione","rating":1031,"private":0,"password":""}