{"id":"gen9vgc2023regulatione-1996935610","p1":"valennnn44","p2":"xingshen","format":"[Gen 9] VGC 2023 Regulation E","log":"|j|\u2606valennnn44\n|j|\u2606xingshen\n|t:|1700746877\n|gametype|doubles\n|player|p1|valennnn44|roxie|1064\n|player|p2|xingshen|265|1132\n|teamsize|p1|6\n|teamsize|p2|6\n|gen|9\n|tier|[Gen 9] VGC 2023 Regulation E\n|rated|\n|rule|Species Clause: Limit one of each Pok\u00e9mon\n|rule|Item Clause: Limit one of each item\n|clearpoke\n|poke|p1|Rotom-Wash, L50|\n|poke|p1|Gastrodon, L50, F|\n|poke|p1|Arcanine-Hisui, L50, M|\n|poke|p1|Flutter Mane, L50|\n|poke|p1|Murkrow, L50, F|\n|poke|p1|Ambipom, L50, F|\n|poke|p2|Iron Hands, L50|\n|poke|p2|Sableye, L50, M|\n|poke|p2|Milotic, L50, F|\n|poke|p2|Landorus, L50, M|\n|poke|p2|Bronzong, L50|\n|poke|p2|Zapdos, L50|\n|teampreview|4\n|inactive|Battle timer is ON: inactive players will automatically lose when time's up. (requested by valennnn44)\nvalennnn44 rejected open team sheets.\n|\n|t:|1700746899\n|start\n|switch|p1a: Gastrodon|Gastrodon, L50, F|100\/100\n|switch|p1b: Rotom|Rotom-Wash, L50, shiny|100\/100\n|switch|p2a: Sableye|Sableye, L50, M|100\/100\n|switch|p2b: Zapdos|Zapdos, L50|100\/100\n|turn|1\n|\n|t:|1700746923\n|move|p2a: Sableye|Gravity|p2a: Sableye\n|-fieldstart|move: Gravity\n|move|p1b: Rotom|Discharge|p2a: Sableye|[spread] p2a,p2b\n|-immune|p1a: Gastrodon\n|-damage|p2a: Sableye|55\/100\n|-damage|p2b: Zapdos|68\/100\n|-status|p2a: Sableye|par\n|-enditem|p2a: Sableye|Eject Button\n|\n|t:|1700746936\n|switch|p2a: Landorus|Landorus, L50, M|100\/100\n|move|p2b: Zapdos|Hurricane|p1a: Gastrodon\n|-damage|p1a: Gastrodon|74\/100\n|move|p1a: Gastrodon|Ice Beam|p2b: Zapdos\n|-supereffective|p2b: Zapdos\n|-damage|p2b: Zapdos|30\/100\n|\n|upkeep\n|turn|2\n|\n|t:|1700746955\n|switch|p2b: Milotic|Milotic, L50, F|100\/100\n|move|p2a: Landorus|Sandsear Storm|p1b: Rotom|[spread] p1a,p1b\n|-supereffective|p1b: Rotom\n|-damage|p1a: Gastrodon|45\/100\n|-damage|p1b: Rotom|0 fnt\n|faint|p1b: Rotom\n|move|p1a: Gastrodon|Ice Beam|p2a: Landorus\n|-supereffective|p2a: Landorus\n|-damage|p2a: Landorus|3\/100\n|\n|upkeep\n|\n|t:|1700746966\n|switch|p1b: Murkrow|Murkrow, L50, F, shiny|100\/100\n|turn|3\n|\n|t:|1700746980\n|move|p2a: Landorus|Protect|p2a: Landorus\n|-singleturn|p2a: Landorus|Protect\n|move|p1b: Murkrow|Tailwind|p1b: Murkrow\n|-sidestart|p1: valennnn44|move: Tailwind\n|move|p2b: Milotic|Hypnosis|p1a: Gastrodon\n|-status|p1a: Gastrodon|slp|[from] move: Hypnosis\n|cant|p1a: Gastrodon|slp\n|\n|upkeep\n|turn|4\n|\n|t:|1700746999\n|switch|p2a: Zapdos|Zapdos, L50|30\/100\n|move|p1b: Murkrow|Foul Play|p2a: Zapdos\n|-damage|p2a: Zapdos|6\/100\n|move|p2b: Milotic|Icy Wind|p1a: Gastrodon|[spread] p1a,p1b\n|-supereffective|p1b: Murkrow\n|-damage|p1a: Gastrodon|41\/100 slp\n|-damage|p1b: Murkrow|73\/100\n|-unboost|p1a: Gastrodon|spe|1\n|-unboost|p1b: Murkrow|spe|1\n|cant|p1a: Gastrodon|slp\n|\n|upkeep\n|turn|5\n|\n|t:|1700747019\n|move|p1b: Murkrow|Thunder Wave|p2b: Milotic\n|-status|p2b: Milotic|par\n|move|p2a: Zapdos|Roost|p2a: Zapdos\n|-heal|p2a: Zapdos|57\/100\n|-singleturn|p2a: Zapdos|move: Roost\n|cant|p1a: Gastrodon|slp\n|move|p2b: Milotic|Life Dew||[still]|[spread] p2a,p2b\n|-heal|p2a: Zapdos|82\/100\n|-fail|p2b: Milotic|heal\n|\n|-fieldend|move: Gravity\n|upkeep\n|turn|6\n|inactive|xingshen has 30 seconds left.\n|inactive|xingshen has 20 seconds left.\n|\n|t:|1700747057\n|move|p1b: Murkrow|Taunt|p2b: Milotic\n|-start|p2b: Milotic|move: Taunt\n|move|p2a: Zapdos|Heat Wave|p1a: Gastrodon|[spread] p1a,p1b\n|-resisted|p1a: Gastrodon\n|-damage|p1a: Gastrodon|35\/100 slp\n|-damage|p1b: Murkrow|39\/100\n|-curestatus|p1a: Gastrodon|slp|[msg]\n|move|p1a: Gastrodon|Earth Power|p2a: Zapdos\n|-immune|p2a: Zapdos\n|cant|p2b: Milotic|par\n|\n|-sideend|p1: valennnn44|move: Tailwind\n|upkeep\n|turn|7\n|\n|t:|1700747080\n|move|p1b: Murkrow|Tailwind|p1b: Murkrow\n|-sidestart|p1: valennnn44|move: Tailwind\n|move|p2a: Zapdos|Heat Wave|p1a: Gastrodon|[spread] p1a,p1b\n|-resisted|p1a: Gastrodon\n|-damage|p1a: Gastrodon|30\/100\n|-damage|p1b: Murkrow|2\/100\n|-status|p1a: Gastrodon|brn\n|move|p1a: Gastrodon|Earth Power|p2b: Milotic\n|-damage|p2b: Milotic|79\/100 par\n|move|p2b: Milotic|Icy Wind|p1a: Gastrodon|[spread] p1a,p1b\n|-supereffective|p1b: Murkrow\n|-damage|p1a: Gastrodon|26\/100 brn\n|-damage|p1b: Murkrow|0 fnt\n|-unboost|p1a: Gastrodon|spe|1\n|faint|p1b: Murkrow\n|\n|-damage|p1a: Gastrodon|20\/100 brn|[from] brn\n|upkeep\n|\n|t:|1700747092\n|switch|p1b: Flutter Mane|Flutter Mane, L50, shiny|100\/100\n|-enditem|p1b: Flutter Mane|Booster Energy\n|-activate|p1b: Flutter Mane|ability: Protosynthesis|[fromitem]\n|-start|p1b: Flutter Mane|protosynthesisspa\n|turn|8\n|\n|t:|1700747117\n|-terastallize|p1b: Flutter Mane|Fairy\n|move|p1b: Flutter Mane|Moonblast|p2a: Zapdos\n|-damage|p2a: Zapdos|0 fnt\n|faint|p2a: Zapdos\n|move|p2b: Milotic|Icy Wind|p1a: Gastrodon|[spread] p1a,p1b\n|-damage|p1a: Gastrodon|15\/100 brn\n|-damage|p1b: Flutter Mane|90\/100\n|-unboost|p1a: Gastrodon|spe|1\n|-unboost|p1b: Flutter Mane|spe|1\n|move|p1a: Gastrodon|Earth Power|p2b: Milotic\n|-damage|p2b: Milotic|58\/100 par\n|-unboost|p2b: Milotic|spd|1\n|\n|-damage|p1a: Gastrodon|9\/100 brn|[from] brn\n|-end|p2b: Milotic|move: Taunt\n|upkeep\n|\n|t:|1700747136\n|switch|p2a: Sableye|Sableye, L50, M|55\/100 par\n|turn|9\n|\n|t:|1700747148\n|move|p2a: Sableye|Gravity|p2a: Sableye\n|-fieldstart|move: Gravity\n|move|p1b: Flutter Mane|Dazzling Gleam|p2b: Milotic|[spread] p2a,p2b\n|-supereffective|p2a: Sableye\n|-damage|p2a: Sableye|0 fnt\n|-damage|p2b: Milotic|0 fnt\n|faint|p2a: Sableye\n|faint|p2b: Milotic\n|move|p1a: Gastrodon|Earth Power|p2: Sableye|[notarget]\n|-fail|p1a: Gastrodon\n|\n|-damage|p1a: Gastrodon|3\/100 brn|[from] brn\n|upkeep\n|\n|t:|1700747166\n|switch|p2b: Landorus|Landorus, L50, M|3\/100\n|turn|10\n|\n|t:|1700747176\n|move|p2b: Landorus|Protect|p2b: Landorus\n|-singleturn|p2b: Landorus|Protect\n|move|p1b: Flutter Mane|Dazzling Gleam|p2b: Landorus\n|-activate|p2b: Landorus|move: Protect\n|move|p1a: Gastrodon|Ice Beam|p2b: Landorus\n|-activate|p2b: Landorus|move: Protect\n|\n|-damage|p1a: Gastrodon|0 fnt|[from] brn\n|faint|p1a: Gastrodon\n|-sideend|p1: valennnn44|move: Tailwind\n|upkeep\n|turn|11\n|\n|t:|1700747192\n|-terastallize|p2b: Landorus|Poison\n|move|p2b: Landorus|Sludge Bomb|p1b: Flutter Mane\n|-supereffective|p1b: Flutter Mane\n|-damage|p1b: Flutter Mane|0 fnt\n|faint|p1b: Flutter Mane\n|-end|p1b: Flutter Mane|Protosynthesis|[silent]\n|\n|win|xingshen\n|raw|valennnn44's rating: 1064 &rarr; <strong>1048<\/strong><br \/>(-16 for losing)\n|raw|xingshen's rating: 1132 &rarr; <strong>1152<\/strong><br \/>(+20 for winning)\n|l|\u2606valennnn44\n","uploadtime":1700747202,"views":1,"p1id":"valennnn44","p2id":"xingshen","formatid":"gen9vgc2023regulatione","rating":1048,"private":0,"password":""}