{"id":"gen9vgc2023regulatione-1999629980","p1":"Pauliet456","p2":"PsychoR&R","format":"[Gen 9] VGC 2023 Regulation E","log":"|j|\u2606Pauliet456\n|j|\u2606PsychoR&R\n|t:|1701102754\n|gametype|doubles\n|player|p1|Pauliet456|266|1531\n|player|p2|PsychoR&R|170|1553\n|teamsize|p1|6\n|teamsize|p2|6\n|gen|9\n|tier|[Gen 9] VGC 2023 Regulation E\n|rated|\n|rule|Species Clause: Limit one of each Pok\u00e9mon\n|rule|Item Clause: Limit one of each item\n|clearpoke\n|poke|p1|Dondozo, L50, M|\n|poke|p1|Tatsugiri, L50, F|\n|poke|p1|Ninetales-Alola, L50, M|\n|poke|p1|Glimmora, L50, F|\n|poke|p1|Ogerpon-Hearthflame, L50, F|\n|poke|p1|Iron Hands, L50|\n|poke|p2|Roaring Moon, L50|\n|poke|p2|Weezing, L50, F|\n|poke|p2|Landorus-Therian, L50, M|\n|poke|p2|Iron Hands, L50|\n|poke|p2|Flutter Mane, L50|\n|poke|p2|Ogerpon-Wellspring, L50, F|\n|teampreview|4\nPsychoR&R has agreed to open team sheets.\n|inactive|Battle timer is ON: inactive players will automatically lose when time's up. (requested by Pauliet456)\n|\n|t:|1701102790\n|start\n|switch|p1a: Iron Hands|Iron Hands, L50|100\/100\n|switch|p1b: Ogerpon|Ogerpon-Hearthflame, L50, F|100\/100\n|switch|p2a: Landorus|Landorus-Therian, L50, M|100\/100\n|switch|p2b: Ogerpon|Ogerpon-Wellspring, L50, F|100\/100\n|-ability|p2a: Landorus|Intimidate|boost\n|-unboost|p1a: Iron Hands|atk|1\n|-unboost|p1b: Ogerpon|atk|1\n|-ability|p1b: Ogerpon|Mold Breaker\n|turn|1\n|inactive|PsychoR&R has 30 seconds left.\n|inactive|PsychoR&R has 20 seconds left.\n|inactive|PsychoR&R has 15 seconds left.\n|inactive|PsychoR&R has 10 seconds left.\n|\n|t:|1701102837\n|-terastallize|p2b: Ogerpon|Water\n|detailschange|p2b: Ogerpon|Ogerpon-Wellspring-Tera, L50, F, tera:Water\n|-ability|p2b: Ogerpon|Embody Aspect (Wellspring)|boost\n|-boost|p2b: Ogerpon|spd|1\n|move|p1a: Iron Hands|Fake Out|p2a: Landorus\n|-damage|p2a: Landorus|89\/100\n|cant|p2a: Landorus|flinch\n|move|p1b: Ogerpon|Swords Dance|p1b: Ogerpon\n|-boost|p1b: Ogerpon|atk|2\n|move|p2b: Ogerpon|Ivy Cudgel|p1b: Ogerpon|[anim] Ivy Cudgel Water\n|-damage|p1b: Ogerpon|22\/100\n|\n|upkeep\n|turn|2\n|j| Asacado\n|\n|t:|1701102857\n|switch|p1b: Tatsugiri|Tatsugiri, L50, F|100\/100\n|-end|p1a: Iron Hands|Quark Drive|[silent]\n|switch|p1a: Dondozo|Dondozo, L50, M|100\/100\n|-activate|p1b: Tatsugiri|ability: Commander|[of] p1a: Dondozo\n|-boost|p1a: Dondozo|atk|2\n|-boost|p1a: Dondozo|spa|2\n|-boost|p1a: Dondozo|spe|2\n|-boost|p1a: Dondozo|def|2\n|-boost|p1a: Dondozo|spd|2\n|move|p2a: Landorus|Stomping Tantrum|p1b: Tatsugiri|[miss]\n|-miss|p2a: Landorus|p1b: Tatsugiri\n|move|p2b: Ogerpon|Ivy Cudgel|p1a: Dondozo|[anim] Ivy Cudgel Water\n|-resisted|p1a: Dondozo\n|-crit|p1a: Dondozo\n|-damage|p1a: Dondozo|63\/100\n|\n|-heal|p1a: Dondozo|70\/100|[from] item: Leftovers\n|upkeep\n|turn|3\n|\n|t:|1701102875\n|switch|p2a: Flutter Mane|Flutter Mane, L50|100\/100\n|-terastallize|p1a: Dondozo|Dragon\n|move|p1a: Dondozo|Order Up|p2a: Flutter Mane\n|-immune|p2a: Flutter Mane\n|move|p2b: Ogerpon|Horn Leech|p1a: Dondozo\n|-resisted|p1a: Dondozo\n|-damage|p1a: Dondozo|62\/100\n|\n|-heal|p1a: Dondozo|68\/100|[from] item: Leftovers\n|upkeep\n|turn|4\n|\n|t:|1701102886\n|switch|p2b: Landorus|Landorus-Therian, L50, M|89\/100\n|-ability|p2b: Landorus|Intimidate|boost\n|-unboost|p1a: Dondozo|atk|1\n|-unboost|p1b: Tatsugiri|atk|1\n|move|p2a: Flutter Mane|Moonblast|p1a: Dondozo\n|-supereffective|p1a: Dondozo\n|-damage|p1a: Dondozo|0 fnt\n|faint|p1a: Dondozo\n|\n|upkeep\n|\n|t:|1701102892\n|switch|p1a: Iron Hands|Iron Hands, L50|100\/100\n|turn|5\n|\n|t:|1701102900\n|switch|p2b: Ogerpon|Ogerpon-Wellspring-Tera, L50, F, tera:Water|100\/100\n|-ability|p2b: Ogerpon|Embody Aspect (Wellspring)|boost\n|-boost|p2b: Ogerpon|spd|1\n|move|p1b: Tatsugiri|Icy Wind|p2b: Ogerpon|[spread] p2a,p2b\n|-resisted|p2b: Ogerpon\n|-crit|p2b: Ogerpon\n|-damage|p2a: Flutter Mane|88\/100\n|-damage|p2b: Ogerpon|91\/100\n|-unboost|p2a: Flutter Mane|spe|1\n|-unboost|p2b: Ogerpon|spe|1\n|move|p2a: Flutter Mane|Moonblast|p1a: Iron Hands\n|-supereffective|p1a: Iron Hands\n|-damage|p1a: Iron Hands|23\/100\n|move|p1a: Iron Hands|Heavy Slam|p2a: Flutter Mane\n|-supereffective|p2a: Flutter Mane\n|-damage|p2a: Flutter Mane|0 fnt\n|faint|p2a: Flutter Mane\n|-end|p2a: Flutter Mane|Protosynthesis|[silent]\n|\n|upkeep\n|\n|t:|1701102915\n|switch|p2a: Weezing|Weezing, L50, F|100\/100\n|-ability|p2a: Weezing|Neutralizing Gas\n|turn|6\n|\n|t:|1701102922\n|move|p1b: Tatsugiri|Icy Wind|p2a: Weezing|[spread] p2a,p2b\n|-resisted|p2b: Ogerpon\n|-damage|p2a: Weezing|87\/100\n|-damage|p2b: Ogerpon|87\/100\n|-unboost|p2a: Weezing|spe|1\n|-unboost|p2b: Ogerpon|spe|1\n|move|p1a: Iron Hands|Heavy Slam|p2a: Weezing\n|-damage|p2a: Weezing|48\/100\n|-enditem|p2a: Weezing|Sitrus Berry|[eat]\n|-heal|p2a: Weezing|73\/100|[from] item: Sitrus Berry\n|move|p2b: Ogerpon|Horn Leech|p1b: Tatsugiri\n|-damage|p1b: Tatsugiri|35\/100\n|-heal|p2b: Ogerpon|100\/100|[from] drain|[of] p1b: Tatsugiri\n|move|p2a: Weezing|Will-O-Wisp|p1a: Iron Hands\n|-status|p1a: Iron Hands|brn\n|\n|-damage|p1a: Iron Hands|17\/100 brn|[from] brn\n|upkeep\n|turn|7\n|j| lswagh\n|l| lswagh\n|inactive|PsychoR&R has 30 seconds left.\n|\n|t:|1701102952\n|switch|p2b: Landorus|Landorus-Therian, L50, M|89\/100\n|move|p1b: Tatsugiri|Icy Wind|p2b: Landorus|[spread] p2a,p2b\n|-supereffective|p2b: Landorus\n|-damage|p2a: Weezing|60\/100\n|-damage|p2b: Landorus|33\/100\n|-unboost|p2a: Weezing|spe|1\n|-unboost|p2b: Landorus|spe|1\n|move|p1a: Iron Hands|Wild Charge|p2b: Landorus\n|-immune|p2b: Landorus\n|move|p2a: Weezing|Gunk Shot|p1b: Tatsugiri|[miss]\n|-miss|p2a: Weezing|p1b: Tatsugiri\n|\n|-damage|p1a: Iron Hands|11\/100 brn|[from] brn\n|upkeep\n|turn|8\n|\n|t:|1701102971\n|move|p1b: Tatsugiri|Icy Wind|p2a: Weezing|[spread] p2a,p2b\n|-supereffective|p2b: Landorus\n|-damage|p2a: Weezing|48\/100\n|-damage|p2b: Landorus|0 fnt\n|-unboost|p2a: Weezing|spe|1\n|faint|p2b: Landorus\n|move|p1a: Iron Hands|Heavy Slam|p2a: Weezing\n|-damage|p2a: Weezing|27\/100\n|move|p2a: Weezing|Gunk Shot|p1b: Tatsugiri\n|-damage|p1b: Tatsugiri|0 fnt\n|faint|p1b: Tatsugiri\n|\n|-damage|p1a: Iron Hands|5\/100 brn|[from] brn\n|upkeep\n|\n|t:|1701102983\n|switch|p1b: Ogerpon|Ogerpon-Hearthflame, L50, F|22\/100\n|switch|p2b: Ogerpon|Ogerpon-Wellspring-Tera, L50, F, tera:Water|100\/100\n|turn|9\n|inactive|Pauliet456 has 30 seconds left.\n|inactive|Pauliet456 has 20 seconds left.\n|\n|t:|1701103018\n|move|p2b: Ogerpon|Spiky Shield|p2b: Ogerpon\n|-singleturn|p2b: Ogerpon|move: Protect\n|move|p2a: Weezing|Protect|p2a: Weezing\n|-singleturn|p2a: Weezing|Protect\n|move|p1b: Ogerpon|Horn Leech|p2b: Ogerpon\n|-activate|p2b: Ogerpon|move: Protect\n|-damage|p1b: Ogerpon|10\/100|[from] Spiky Shield|[of] p2b: Ogerpon\n|move|p1a: Iron Hands|Wild Charge|p2b: Ogerpon\n|-activate|p2b: Ogerpon|move: Protect\n|-damage|p1a: Iron Hands|0 fnt|[from] Spiky Shield|[of] p2b: Ogerpon\n|faint|p1a: Iron Hands\n|-end|p1a: Iron Hands|Quark Drive|[silent]\n|\n|upkeep\n|turn|10\n|\n|t:|1701103032\n|move|p1b: Ogerpon|Horn Leech|p2b: Ogerpon\n|-supereffective|p2b: Ogerpon\n|-damage|p2b: Ogerpon|20\/100\n|-heal|p1b: Ogerpon|50\/100|[from] drain|[of] p2b: Ogerpon\n|move|p2b: Ogerpon|Ivy Cudgel|p1b: Ogerpon|[anim] Ivy Cudgel Water\n|-damage|p1b: Ogerpon|0 fnt\n|faint|p1b: Ogerpon\n|\n|win|PsychoR&R\n|raw|Pauliet456's rating: 1531 &rarr; <strong>1512<\/strong><br \/>(-19 for losing)\n|raw|PsychoR&amp;R's rating: 1553 &rarr; <strong>1572<\/strong><br \/>(+19 for winning)\n|l|\u2606Pauliet456\n|l|\u2606PsychoR&R\n","uploadtime":1701103066,"views":1,"p1id":"pauliet456","p2id":"psychorr","formatid":"gen9vgc2023regulatione","rating":1512,"private":0,"password":""}