{"id":"gen9vgc2023regulatione-1997379324","p1":"lisa594264","p2":"TestPunchThought","format":"[Gen 9] VGC 2023 Regulation E","log":"|j|\u2606lisa594264\n|j|\u2606TestPunchThought\n|t:|1700796483\n|gametype|doubles\n|player|p1|lisa594264|fisherman-gen4|1444\n|player|p2|TestPunchThought|unknown|1460\n|teamsize|p1|6\n|teamsize|p2|6\n|gen|9\n|tier|[Gen 9] VGC 2023 Regulation E\n|rated|\n|rule|Species Clause: Limit one of each Pok\u00e9mon\n|rule|Item Clause: Limit one of each item\n|clearpoke\n|poke|p1|Chien-Pao, L50|\n|poke|p1|Dragonite, L50, M|\n|poke|p1|Farigiraf, L50, F|\n|poke|p1|Iron Hands, L50|\n|poke|p1|Flutter Mane, L50|\n|poke|p1|Arcanine-Hisui, L50, M|\n|poke|p2|Farigiraf, L50, F|\n|poke|p2|Iron Hands, L50|\n|poke|p2|Ursaluna, L50, F|\n|poke|p2|Chi-Yu, L50|\n|poke|p2|Flutter Mane, L50|\n|poke|p2|Torkoal, L50, F|\n|teampreview|4\n|inactive|Battle timer is ON: inactive players will automatically lose when time's up. (requested by lisa594264)\nTestPunchThought has agreed to open team sheets.\n|inactive|TestPunchThought has 60 seconds left.\n|\n|t:|1700796530\n|start\n|switch|p1a: Flutter Mane|Flutter Mane, L50|100\/100\n|switch|p1b: Arcanine|Arcanine-Hisui, L50, M|100\/100\n|switch|p2a: Farigiraf|Farigiraf, L50, F|100\/100\n|switch|p2b: Chi-Yu|Chi-Yu, L50|100\/100\n|-ability|p2b: Chi-Yu|Beads of Ruin\n|-ability|p1b: Arcanine|Intimidate|boost\n|-unboost|p2a: Farigiraf|atk|1\n|-unboost|p2b: Chi-Yu|atk|1\n|-enditem|p1a: Flutter Mane|Booster Energy\n|-activate|p1a: Flutter Mane|ability: Protosynthesis|[fromitem]\n|-start|p1a: Flutter Mane|protosynthesisspe\n|turn|1\n|\n|t:|1700796553\n|-end|p1a: Flutter Mane|Protosynthesis|[silent]\n|switch|p1a: Farigiraf|Farigiraf, L50, F|100\/100\n|-terastallize|p2b: Chi-Yu|Ghost\n|move|p2b: Chi-Yu|Overheat|p1a: Farigiraf\n|-damage|p1a: Farigiraf|4\/100\n|-unboost|p2b: Chi-Yu|spa|2\n|-enditem|p1a: Farigiraf|Sitrus Berry|[eat]\n|-heal|p1a: Farigiraf|29\/100|[from] item: Sitrus Berry\n|move|p1b: Arcanine|Rock Slide|p2b: Chi-Yu|[spread] p2a,p2b\n|-damage|p2a: Farigiraf|61\/100\n|-damage|p2b: Chi-Yu|39\/100\n|move|p2a: Farigiraf|Trick Room|p2a: Farigiraf\n|-fieldstart|move: Trick Room|[of] p2a: Farigiraf\n|\n|upkeep\n|turn|2\n|inactive|lisa594264 has 30 seconds left.\n|\n|t:|1700796586\n|switch|p1b: Dragonite|Dragonite, L50, M|100\/100\n|switch|p2b: Ursaluna|Ursaluna, L50, F|100\/100\n|move|p1a: Farigiraf|Protect|p1a: Farigiraf\n|-singleturn|p1a: Farigiraf|Protect\n|move|p2a: Farigiraf|Dazzling Gleam|p1b: Dragonite|[spread] p1b\n|-activate|p1a: Farigiraf|move: Protect\n|-supereffective|p1b: Dragonite\n|-damage|p1b: Dragonite|83\/100\n|\n|-status|p2b: Ursaluna|brn|[from] item: Flame Orb\n|upkeep\n|turn|3\n|\n|t:|1700796601\n|move|p1b: Dragonite|Protect|p1b: Dragonite\n|-singleturn|p1b: Dragonite|Protect\n|move|p2b: Ursaluna|Facade|p1b: Dragonite\n|-activate|p1b: Dragonite|move: Protect\n|move|p2a: Farigiraf|Dazzling Gleam|p1a: Farigiraf|[spread] p1a\n|-activate|p1b: Dragonite|move: Protect\n|-damage|p1a: Farigiraf|10\/100\n|move|p1a: Farigiraf|Trick Room|p1a: Farigiraf\n|-fieldend|move: Trick Room\n|\n|-damage|p2b: Ursaluna|95\/100 brn|[from] brn\n|upkeep\n|turn|4\n|\n|t:|1700796615\n|-terastallize|p1b: Dragonite|Flying\n|move|p1b: Dragonite|Tera Blast|p2a: Farigiraf|[anim] Tera Blast Flying\n|-damage|p2a: Farigiraf|0 fnt\n|faint|p2a: Farigiraf\n|move|p1a: Farigiraf|Psychic|p2b: Ursaluna\n|-damage|p2b: Ursaluna|66\/100 brn\n|move|p2b: Ursaluna|Facade|p1b: Dragonite\n|-damage|p1b: Dragonite|0 fnt\n|faint|p1b: Dragonite\n|\n|-damage|p2b: Ursaluna|60\/100 brn|[from] brn\n|upkeep\n|\n|t:|1700796628\n|switch|p1b: Flutter Mane|Flutter Mane, L50|100\/100\n|switch|p2a: Chi-Yu|Chi-Yu, L50, tera:Ghost|39\/100\n|-ability|p2a: Chi-Yu|Beads of Ruin\n|turn|5\n|\n|t:|1700796642\n|move|p1b: Flutter Mane|Protect|p1b: Flutter Mane\n|-singleturn|p1b: Flutter Mane|Protect\n|move|p2a: Chi-Yu|Protect|p2a: Chi-Yu\n|-singleturn|p2a: Chi-Yu|Protect\n|move|p2b: Ursaluna|Protect|p2b: Ursaluna\n|-singleturn|p2b: Ursaluna|Protect\n|move|p1a: Farigiraf|Psychic|p2b: Ursaluna\n|-activate|p2b: Ursaluna|move: Protect\n|\n|-damage|p2b: Ursaluna|55\/100 brn|[from] brn\n|upkeep\n|turn|6\n|\n|t:|1700796655\n|move|p1b: Flutter Mane|Dazzling Gleam|p2a: Chi-Yu|[spread] p2a,p2b\n|-damage|p2a: Chi-Yu|5\/100\n|-damage|p2b: Ursaluna|19\/100 brn\n|move|p2a: Chi-Yu|Snarl|p1b: Flutter Mane|[spread] p1a,p1b\n|-supereffective|p1a: Farigiraf\n|-crit|p1b: Flutter Mane\n|-damage|p1a: Farigiraf|0 fnt\n|-damage|p1b: Flutter Mane|52\/100\n|-unboost|p1b: Flutter Mane|spa|1\n|faint|p1a: Farigiraf\n|move|p2b: Ursaluna|Headlong Rush|p1b: Flutter Mane\n|-damage|p1b: Flutter Mane|0 fnt\n|-unboost|p2b: Ursaluna|def|1\n|-unboost|p2b: Ursaluna|spd|1\n|faint|p1b: Flutter Mane\n|-end|p1b: Flutter Mane|Protosynthesis|[silent]\n|\n|-damage|p2b: Ursaluna|13\/100 brn|[from] brn\n|upkeep\n|\n|t:|1700796671\n|switch|p1b: Arcanine|Arcanine-Hisui, L50, M|100\/100\n|-ability|p1b: Arcanine|Intimidate|boost\n|-unboost|p2a: Chi-Yu|atk|1\n|-unboost|p2b: Ursaluna|atk|1\n|turn|7\n|\n|t:|1700796675\n|move|p2b: Ursaluna|Protect|p2b: Ursaluna\n|-singleturn|p2b: Ursaluna|Protect\n|move|p2a: Chi-Yu|Snarl|p1b: Arcanine\n|-damage|p1b: Arcanine|58\/100\n|-unboost|p1b: Arcanine|spa|1\n|move|p1b: Arcanine|Rock Slide|p2b: Ursaluna|[spread] p2a\n|-activate|p2b: Ursaluna|move: Protect\n|-damage|p2a: Chi-Yu|0 fnt\n|faint|p2a: Chi-Yu\n|\n|-damage|p2b: Ursaluna|7\/100 brn|[from] brn\n|upkeep\n|\n|t:|1700796679\n|switch|p2a: Torkoal|Torkoal, L50, F|100\/100\n|-weather|SunnyDay|[from] ability: Drought|[of] p2a: Torkoal\n|turn|8\n|\n|t:|1700796690\n|move|p1b: Arcanine|Rock Slide|p2b: Ursaluna|[spread] p2a,p2b\n|-supereffective|p2a: Torkoal\n|-resisted|p2b: Ursaluna\n|-damage|p2a: Torkoal|36\/100\n|-damage|p2b: Ursaluna|0 fnt\n|faint|p2b: Ursaluna\n|move|p2a: Torkoal|Earth Power|p1b: Arcanine\n|-supereffective|p1b: Arcanine\n|-damage|p1b: Arcanine|0 fnt\n|faint|p1b: Arcanine\n|\n|win|TestPunchThought\n|raw|lisa594264's rating: 1444 &rarr; <strong>1425<\/strong><br \/>(-19 for losing)\n|raw|TestPunchThought's rating: 1460 &rarr; <strong>1479<\/strong><br \/>(+19 for winning)\n|l|\u2606lisa594264\n","uploadtime":1700796721,"views":21,"p1id":"lisa594264","p2id":"testpunchthought","formatid":"gen9vgc2023regulatione","rating":1425,"private":0,"password":""}