{"id":"gen9vgc2023regulatione-1995594671","p1":"karping","p2":"AJB0000","format":"[Gen 9] VGC 2023 Regulation E","log":"|j|\u2606karping\n|j|\u2606AJB0000\n|t:|1700585898\n|gametype|doubles\n|player|p1|karping|crasherwake|1104\n|player|p2|AJB0000|1|1048\n|teamsize|p1|6\n|teamsize|p2|6\n|gen|9\n|tier|[Gen 9] VGC 2023 Regulation E\n|rated|\n|rule|Species Clause: Limit one of each Pok\u00e9mon\n|rule|Item Clause: Limit one of each item\n|clearpoke\n|poke|p1|Empoleon, L50, M|\n|poke|p1|Wyrdeer, L50, F|\n|poke|p1|Great Tusk, L50|\n|poke|p1|Ogerpon-Hearthflame, L50, F|\n|poke|p1|Gliscor, L50, M|\n|poke|p1|Gholdengo, L50|\n|poke|p2|Dudunsparce-*, L50, F|\n|poke|p2|Sinistcha, L50|\n|poke|p2|Indeedee-F, L50, F|\n|poke|p2|Sylveon, L50, M|\n|poke|p2|Palafin, L50, F|\n|poke|p2|Iron Hands, L50|\n|teampreview|4\nkarping rejected open team sheets.\n|inactive|Battle timer is ON: inactive players will automatically lose when time's up. (requested by karping)\n|\n|t:|1700585938\n|start\n|switch|p1a: The Bird|Empoleon, L50, M|100\/100\n|switch|p1b: The Skilled|Wyrdeer, L50, F|100\/100\n|switch|p2a: The Tinker|Sinistcha, L50, shiny|100\/100\n|switch|p2b: Problem|Palafin, L50, F, shiny|100\/100\n|-ability|p1b: The Skilled|Intimidate|boost\n|-unboost|p2a: The Tinker|atk|1\n|-unboost|p2b: Problem|atk|1\n|turn|1\n|\n|t:|1700585957\n|move|p1a: The Bird|Protect|p1a: The Bird\n|-singleturn|p1a: The Bird|Protect\n|move|p2b: Problem|Flip Turn|p1b: The Skilled\n|-damage|p1b: The Skilled|75\/100\n|-damage|p2b: Problem|84\/100|[from] item: Rocky Helmet|[of] p1b: The Skilled\n|\n|t:|1700585971\n|detailschange|p2b: Problem|Palafin-Hero, L50, F, shiny\n|switch|p2b: Hat|Iron Hands, L50|100\/100|[from] Flip Turn\n|move|p1b: The Skilled|Skill Swap||[still]\n|-fail|p1b: The Skilled\n|move|p2a: The Tinker|Trick Room|p2a: The Tinker\n|-fieldstart|move: Trick Room|[of] p2a: The Tinker\n|\n|upkeep\n|turn|2\n|\n|t:|1700585989\n|move|p2b: Hat|Fake Out|p1a: The Bird\n|-resisted|p1a: The Bird\n|-damage|p1a: The Bird|90\/100\n|move|p2a: The Tinker|Matcha Gotcha|p1a: The Bird|[spread] p1a,p1b\n|-damage|p1a: The Bird|57\/100\n|-damage|p1b: The Skilled|50\/100\n|move|p1b: The Skilled|Skill Swap|p2a: The Tinker\n|-activate|p1b: The Skilled|move: Skill Swap|Hospitality|Intimidate|[of] p2a: The Tinker\n|-heal|p1a: The Bird|82\/100|[from] ability: Hospitality|[of] p1b: The Skilled\n|-ability|p2a: The Tinker|Intimidate|boost\n|-unboost|p1a: The Bird|atk|1\n|-ability|p1a: The Bird|Competitive|boost\n|-boost|p1a: The Bird|spa|2\n|-unboost|p1b: The Skilled|atk|1\n|cant|p1a: The Bird|flinch\n|\n|upkeep\n|turn|3\n|inactive|karping has 30 seconds left.\n|inactive|AJB0000 has 30 seconds left.\n|\n|t:|1700586016\n|-terastallize|p2b: Hat|Grass\n|move|p1b: The Skilled|Helping Hand|p1a: The Bird\n|-singleturn|p1a: The Bird|Helping Hand|[of] p1b: The Skilled\n|move|p2a: The Tinker|Rage Powder|p2a: The Tinker\n|-singleturn|p2a: The Tinker|move: Rage Powder\n|move|p2b: Hat|Drain Punch|p1a: The Bird\n|-supereffective|p1a: The Bird\n|-damage|p1a: The Bird|0 fnt\n|faint|p1a: The Bird\n|\n|upkeep\n|\n|t:|1700586028\n|switch|p1a: The Masked|Ogerpon-Hearthflame, L50, F|100\/100\n|-ability|p1a: The Masked|Mold Breaker\n|turn|4\n|\n|t:|1700586053\n|-terastallize|p1a: The Masked|Fire\n|detailschange|p1a: The Masked|Ogerpon-Hearthflame-Tera, L50, F, tera:Fire\n|-ability|p1a: The Masked|Embody Aspect (Hearthflame)|boost\n|-boost|p1a: The Masked|atk|1\n|move|p1b: The Skilled|Protect|p1b: The Skilled\n|-singleturn|p1b: The Skilled|Protect\n|move|p2a: The Tinker|Rage Powder|p2a: The Tinker\n|-singleturn|p2a: The Tinker|move: Rage Powder\n|move|p2b: Hat|Drain Punch|p1b: The Skilled\n|-activate|p1b: The Skilled|move: Protect\n|move|p1a: The Masked|Ivy Cudgel|p2a: The Tinker|[anim] Ivy Cudgel Fire\n|-supereffective|p2a: The Tinker\n|-damage|p2a: The Tinker|0 fnt\n|faint|p2a: The Tinker\n|\n|upkeep\n|\n|t:|1700586067\n|switch|p2a: Problem|Palafin-Hero, L50, F, shiny|84\/100\n|-activate|p2a: Problem|ability: Zero to Hero\n|turn|5\n|\n|t:|1700586083\n|move|p2b: Hat|Drain Punch|p1b: The Skilled\n|-damage|p1b: The Skilled|0 fnt\n|-damage|p2b: Hat|84\/100|[from] item: Rocky Helmet|[of] p1b: The Skilled\n|faint|p1b: The Skilled\n|move|p2a: Problem|Wave Crash|p1a: The Masked\n|-supereffective|p1a: The Masked\n|-crit|p1a: The Masked\n|-damage|p1a: The Masked|0 fnt\n|faint|p1a: The Masked\n|-damage|p2a: Problem|59\/100|[from] Recoil\n|\n|-fieldend|move: Trick Room\n|upkeep\n|-message|karping forfeited.\n|\n|win|AJB0000\n|raw|karping's rating: 1104 &rarr; <strong>1075<\/strong><br \/>(-29 for losing)\n|raw|AJB0000's rating: 1048 &rarr; <strong>1086<\/strong><br \/>(+38 for winning)\n|l|\u2606karping\n","uploadtime":1700586098,"views":17,"p1id":"karping","p2id":"ajb0000","formatid":"gen9vgc2023regulatione","rating":1075,"private":0,"password":""}