{"id":"gen9vgc2023regulatione-1993960217","p1":"PsychoR&R","p2":"GB Five","format":"[Gen 9] VGC 2023 Regulation E","log":"|j|\u2606PsychoR&R\n|j|\u2606GB Five\n|t:|1700383216\n|gametype|doubles\n|player|p1|PsychoR&R|2|1501\n|player|p2|GB Five|102|1610\n|teamsize|p1|6\n|teamsize|p2|6\n|gen|9\n|tier|[Gen 9] VGC 2023 Regulation E\n|rated|\n|rule|Species Clause: Limit one of each Pok\u00e9mon\n|rule|Item Clause: Limit one of each item\n|clearpoke\n|poke|p1|Roaring Moon, L50|\n|poke|p1|Weezing, L50, F|\n|poke|p1|Landorus-Therian, L50, M|\n|poke|p1|Iron Hands, L50|\n|poke|p1|Flutter Mane, L50|\n|poke|p1|Ogerpon-Wellspring, L50, F|\n|poke|p2|Flutter Mane, L50|\n|poke|p2|Urshifu-*, L50, M|\n|poke|p2|Tornadus, L50, M|\n|poke|p2|Lucario, L50, M|\n|poke|p2|Farigiraf, L50, F|\n|poke|p2|Ogerpon-Wellspring, L50, F|\n|teampreview|4\nPsychoR&R has agreed to open team sheets.\n|\n|t:|1700383247\n|start\n|switch|p1a: Iron Hands|Iron Hands, L50|100\/100\n|switch|p1b: Flutter Mane|Flutter Mane, L50|100\/100\n|switch|p2a: \u6211\u4f1a\u5f00\u7a7a\u95f4|Flutter Mane, L50|100\/100\n|switch|p2b: \u6211\u4f1a\u518d\u6765\u4e00\u6b21|Ogerpon-Wellspring, L50, F|100\/100\n|-enditem|p2a: \u6211\u4f1a\u5f00\u7a7a\u95f4|Booster Energy\n|-activate|p2a: \u6211\u4f1a\u5f00\u7a7a\u95f4|ability: Protosynthesis|[fromitem]\n|-start|p2a: \u6211\u4f1a\u5f00\u7a7a\u95f4|protosynthesisspe\n|turn|1\n|inactive|Battle timer is ON: inactive players will automatically lose when time's up. (requested by PsychoR&R)\n|\n|t:|1700383262\n|-terastallize|p1b: Flutter Mane|Fairy\n|move|p2a: \u6211\u4f1a\u5f00\u7a7a\u95f4|Protect|p2a: \u6211\u4f1a\u5f00\u7a7a\u95f4\n|-singleturn|p2a: \u6211\u4f1a\u5f00\u7a7a\u95f4|Protect\n|move|p2b: \u6211\u4f1a\u518d\u6765\u4e00\u6b21|Spiky Shield|p2b: \u6211\u4f1a\u518d\u6765\u4e00\u6b21\n|-singleturn|p2b: \u6211\u4f1a\u518d\u6765\u4e00\u6b21|move: Protect\n|move|p1b: Flutter Mane|Moonblast|p2b: \u6211\u4f1a\u518d\u6765\u4e00\u6b21\n|-activate|p2b: \u6211\u4f1a\u518d\u6765\u4e00\u6b21|move: Protect\n|move|p1a: Iron Hands|Heavy Slam|p2a: \u6211\u4f1a\u5f00\u7a7a\u95f4\n|-activate|p2a: \u6211\u4f1a\u5f00\u7a7a\u95f4|move: Protect\n|\n|upkeep\n|turn|2\n|inactive|GB Five has 30 seconds left.\n|c|\u2606PsychoR&R|\u6211\u6703\u6253\u624b\u69cd\n|inactive|GB Five has 20 seconds left.\n|\n|t:|1700383299\n|-terastallize|p2b: \u6211\u4f1a\u518d\u6765\u4e00\u6b21|Water\n|detailschange|p2b: \u6211\u4f1a\u518d\u6765\u4e00\u6b21|Ogerpon-Wellspring-Tera, L50, F, tera:Water\n|-ability|p2b: \u6211\u4f1a\u518d\u6765\u4e00\u6b21|Embody Aspect (Wellspring)|boost\n|-boost|p2b: \u6211\u4f1a\u518d\u6765\u4e00\u6b21|spd|1\n|move|p2a: \u6211\u4f1a\u5f00\u7a7a\u95f4|Icy Wind|p1b: Flutter Mane|[spread] p1a,p1b\n|-damage|p1a: Iron Hands|94\/100\n|-damage|p1b: Flutter Mane|89\/100\n|-unboost|p1a: Iron Hands|spe|1\n|-unboost|p1b: Flutter Mane|spe|1\n|move|p2b: \u6211\u4f1a\u518d\u6765\u4e00\u6b21|Ivy Cudgel|p1b: Flutter Mane|[anim] Ivy Cudgel Water\n|-damage|p1b: Flutter Mane|0 fnt\n|faint|p1b: Flutter Mane\n|-end|p1b: Flutter Mane|Protosynthesis|[silent]\n|move|p1a: Iron Hands|Heavy Slam|p2a: \u6211\u4f1a\u5f00\u7a7a\u95f4\n|-supereffective|p2a: \u6211\u4f1a\u5f00\u7a7a\u95f4\n|-damage|p2a: \u6211\u4f1a\u5f00\u7a7a\u95f4|0 fnt\n|faint|p2a: \u6211\u4f1a\u5f00\u7a7a\u95f4\n|-end|p2a: \u6211\u4f1a\u5f00\u7a7a\u95f4|Protosynthesis|[silent]\n|\n|upkeep\n|inactive|GB Five has 30 seconds left.\n|\n|t:|1700383326\n|switch|p1b: Ogerpon|Ogerpon-Wellspring, L50, F|100\/100\n|switch|p2a: \u98ce\u66b4\u306e\u5b50|Tornadus, L50, M|100\/100\n|turn|3\n|\n|t:|1700383350\n|switch|p2b: \u3053\u308c\u308f\u9752\u6625\u3060\uff01|Urshifu, L50, M|100\/100\n|-end|p1a: Iron Hands|Quark Drive|[silent]\n|switch|p1a: Weezing|Weezing, L50, F|100\/100\n|-ability|p1a: Weezing|Neutralizing Gas\n|move|p1b: Ogerpon|Horn Leech|p2b: \u3053\u308c\u308f\u9752\u6625\u3060\uff01\n|-damage|p2b: \u3053\u308c\u308f\u9752\u6625\u3060\uff01|63\/100\n|move|p2a: \u98ce\u66b4\u306e\u5b50|Bleakwind Storm|p1a: Weezing|[spread] p1a\n|-miss|p2a: \u98ce\u66b4\u306e\u5b50|p1b: Ogerpon\n|-damage|p1a: Weezing|55\/100\n|-unboost|p1a: Weezing|spe|1\n|-damage|p2a: \u98ce\u66b4\u306e\u5b50|91\/100|[from] item: Life Orb\n|\n|upkeep\n|turn|4\n|c|\u2606PsychoR&R|\u7956\u570b\u725b\u903c\n|\n|t:|1700383373\n|switch|p1b: Iron Hands|Iron Hands, L50|94\/100\n|move|p2a: \u98ce\u66b4\u306e\u5b50|Bleakwind Storm|p1b: Iron Hands|[spread] p1b\n|-miss|p2a: \u98ce\u66b4\u306e\u5b50|p1a: Weezing\n|-damage|p1b: Iron Hands|68\/100\n|-damage|p2a: \u98ce\u66b4\u306e\u5b50|82\/100|[from] item: Life Orb\n|move|p2b: \u3053\u308c\u308f\u9752\u6625\u3060\uff01|Wicked Blow|p1a: Weezing\n|-crit|p1a: Weezing\n|-damage|p1a: Weezing|0 fnt\n|faint|p1a: Weezing\n|-end|p1a: Weezing|ability: Neutralizing Gas\n|\n|upkeep\n|\n|t:|1700383382\n|switch|p1a: Ogerpon|Ogerpon-Wellspring, L50, F|100\/100\n|turn|5\n|j| mpudi\n|\n|t:|1700383391\n|move|p2a: \u98ce\u66b4\u306e\u5b50|Protect|p2a: \u98ce\u66b4\u306e\u5b50\n|-singleturn|p2a: \u98ce\u66b4\u306e\u5b50|Protect\n|move|p1a: Ogerpon|Horn Leech|p2b: \u3053\u308c\u308f\u9752\u6625\u3060\uff01\n|-damage|p2b: \u3053\u308c\u308f\u9752\u6625\u3060\uff01|22\/100\n|move|p2b: \u3053\u308c\u308f\u9752\u6625\u3060\uff01|Wicked Blow|p1a: Ogerpon\n|-crit|p1a: Ogerpon\n|-damage|p1a: Ogerpon|0 fnt\n|faint|p1a: Ogerpon\n|move|p1b: Iron Hands|Wild Charge|p2a: \u98ce\u66b4\u306e\u5b50\n|-activate|p2a: \u98ce\u66b4\u306e\u5b50|move: Protect\n|\n|upkeep\n|turn|6\n|\n|t:|1700383408\n|switch|p2b: \u6211\u4f1a\u518d\u6765\u4e00\u6b21|Ogerpon-Wellspring-Tera, L50, F, tera:Water|100\/100\n|-ability|p2b: \u6211\u4f1a\u518d\u6765\u4e00\u6b21|Embody Aspect (Wellspring)|boost\n|-boost|p2b: \u6211\u4f1a\u518d\u6765\u4e00\u6b21|spd|1\n|move|p2a: \u98ce\u66b4\u306e\u5b50|Bleakwind Storm|p1b: Iron Hands|[miss]\n|-miss|p2a: \u98ce\u66b4\u306e\u5b50|p1b: Iron Hands\n|move|p1b: Iron Hands|Drain Punch|p2b: \u6211\u4f1a\u518d\u6765\u4e00\u6b21\n|-damage|p2b: \u6211\u4f1a\u518d\u6765\u4e00\u6b21|56\/100\n|-heal|p1b: Iron Hands|85\/100|[from] drain|[of] p2b: \u6211\u4f1a\u518d\u6765\u4e00\u6b21\n|\n|upkeep\n|turn|7\n|\n|t:|1700383422\n|move|p2a: \u98ce\u66b4\u306e\u5b50|Bleakwind Storm|p1b: Iron Hands\n|-damage|p1b: Iron Hands|46\/100\n|-damage|p2a: \u98ce\u66b4\u306e\u5b50|72\/100|[from] item: Life Orb\n|move|p2b: \u6211\u4f1a\u518d\u6765\u4e00\u6b21|Ivy Cudgel|p1b: Iron Hands|[anim] Ivy Cudgel Water\n|-damage|p1b: Iron Hands|0 fnt\n|faint|p1b: Iron Hands\n|-end|p1b: Iron Hands|Quark Drive|[silent]\n|\n|win|GB Five\n|raw|PsychoR&amp;R's rating: 1501 &rarr; <strong>1487<\/strong><br \/>(-14 for losing)\n|raw|GB Five's rating: 1610 &rarr; <strong>1624<\/strong><br \/>(+14 for winning)\n","uploadtime":1700383436,"views":27,"p1id":"psychorr","p2id":"gbfive","formatid":"gen9vgc2023regulatione","rating":1487,"private":0,"password":""}