{"id":"gen9vgc2023regulatione-1989631199","p1":"OznerolVGC","p2":"la regulatione","format":"[Gen 9] VGC 2023 Regulation E","log":"|j|\u2606OznerolVGC\n|j|\u2606la regulatione\n|t:|1699881067\n|gametype|doubles\n|player|p1|OznerolVGC|266|1605\n|player|p2|la regulatione|roark|1677\n|teamsize|p1|6\n|teamsize|p2|6\n|gen|9\n|tier|[Gen 9] VGC 2023 Regulation E\n|rated|\n|rule|Species Clause: Limit one of each Pok\u00e9mon\n|rule|Item Clause: Limit one of each item\n|clearpoke\n|poke|p1|Dondozo, L50, M|\n|poke|p1|Tatsugiri, L50, M|\n|poke|p1|Glimmora, L50, M|\n|poke|p1|Ogerpon-Hearthflame, L50, F|\n|poke|p1|Flutter Mane, L50|\n|poke|p1|Landorus-Therian, L50, M|\n|poke|p2|Tornadus, L50, M|\n|poke|p2|Heatran, L50, M|\n|poke|p2|Flutter Mane, L50|\n|poke|p2|Landorus-Therian, L50, M|\n|poke|p2|Amoonguss, L50, F|\n|poke|p2|Ogerpon-Wellspring, L50, F|\n|teampreview|4\n|inactive|Battle timer is ON: inactive players will automatically lose when time's up. (requested by la regulatione)\n|inactive|OznerolVGC has 60 seconds left.\n|\n|t:|1699881123\n|start\n|switch|p1a: Landorus|Landorus-Therian, L50, M|100\/100\n|switch|p1b: Tatsugiri|Tatsugiri, L50, M|100\/100\n|switch|p2a: Tornadus|Tornadus, L50, M|100\/100\n|switch|p2b: Heatran|Heatran, L50, M|100\/100\n|-ability|p1a: Landorus|Intimidate|boost\n|-unboost|p2a: Tornadus|atk|1\n|-unboost|p2b: Heatran|atk|1\n|turn|1\n|j| RoyquazaVGC\n|inactive|OznerolVGC has 30 seconds left.\n|inactive|la regulatione has 30 seconds left.\n|\n|t:|1699881156\n|-terastallize|p2b: Heatran|Fairy\n|move|p2a: Tornadus|Sunny Day|p2a: Tornadus\n|-weather|SunnyDay\n|move|p1a: Landorus|U-turn|p2a: Tornadus\n|-resisted|p2a: Tornadus\n|-damage|p2a: Tornadus|88\/100\n|\n|t:|1699881168\n|switch|p1a: Dondozo|Dondozo, L50, M|100\/100|[from] U-turn\n|-activate|p1b: Tatsugiri|ability: Commander|[of] p1a: Dondozo\n|-boost|p1a: Dondozo|atk|2\n|-boost|p1a: Dondozo|spa|2\n|-boost|p1a: Dondozo|spe|2\n|-boost|p1a: Dondozo|def|2\n|-boost|p1a: Dondozo|spd|2\n|move|p2b: Heatran|Solar Beam||[still]\n|-prepare|p2b: Heatran|Solar Beam\n|-anim|p2b: Heatran|Solar Beam|p1a: Dondozo\n|-supereffective|p1a: Dondozo\n|-crit|p1a: Dondozo\n|-damage|p1a: Dondozo|0 fnt\n|faint|p1a: Dondozo\n|\n|-weather|SunnyDay|[upkeep]\n|upkeep\n|\n|t:|1699881185\n|switch|p1a: Ogerpon|Ogerpon-Hearthflame, L50, F|100\/100\n|-ability|p1a: Ogerpon|Mold Breaker\n|turn|2\n|\n|t:|1699881196\n|move|p2a: Tornadus|Tailwind|p2a: Tornadus\n|-sidestart|p2: la regulatione|move: Tailwind\n|move|p2b: Heatran|Earth Power|p1a: Ogerpon\n|-damage|p1a: Ogerpon|69\/100\n|move|p1b: Tatsugiri|Icy Wind|p2a: Tornadus|[spread] p2a\n|-miss|p1b: Tatsugiri|p2b: Heatran\n|-supereffective|p2a: Tornadus\n|-damage|p2a: Tornadus|63\/100\n|-unboost|p2a: Tornadus|spe|1\n|move|p1a: Ogerpon|Ivy Cudgel|p2b: Heatran\n|-crit|p2b: Heatran\n|-damage|p2b: Heatran|0 fnt\n|faint|p2b: Heatran\n|\n|-weather|SunnyDay|[upkeep]\n|upkeep\n|\n|t:|1699881209\n|switch|p2b: Landorus|Landorus-Therian, L50, M|100\/100\n|-ability|p2b: Landorus|Intimidate|boost\n|-unboost|p1a: Ogerpon|atk|1\n|-unboost|p1b: Tatsugiri|atk|1\n|turn|3\n|inactive|OznerolVGC has 30 seconds left.\n|\n|t:|1699881244\n|move|p1a: Ogerpon|Spiky Shield|p1a: Ogerpon\n|-singleturn|p1a: Ogerpon|move: Protect\n|move|p2b: Landorus|Stomping Tantrum|p1b: Tatsugiri\n|-damage|p1b: Tatsugiri|38\/100\n|move|p2a: Tornadus|Air Slash|p1b: Tatsugiri\n|-damage|p1b: Tatsugiri|0 fnt\n|faint|p1b: Tatsugiri\n|\n|-weather|SunnyDay|[upkeep]\n|upkeep\n|\n|t:|1699881251\n|switch|p1b: Landorus|Landorus-Therian, L50, M|100\/100\n|-ability|p1b: Landorus|Intimidate|boost\n|-unboost|p2a: Tornadus|atk|1\n|-unboost|p2b: Landorus|atk|1\n|turn|4\n|\n|t:|1699881263\n|-terastallize|p1a: Ogerpon|Fire\n|detailschange|p1a: Ogerpon|Ogerpon-Hearthflame-Tera, L50, F, tera:Fire\n|-ability|p1a: Ogerpon|Embody Aspect (Hearthflame)|boost\n|-boost|p1a: Ogerpon|atk|1\n|move|p2b: Landorus|Stomping Tantrum|p1a: Ogerpon\n|-supereffective|p1a: Ogerpon\n|-damage|p1a: Ogerpon|8\/100\n|move|p1b: Landorus|Rock Slide|p2a: Tornadus|[spread] p2a,p2b\n|-supereffective|p2a: Tornadus\n|-damage|p2a: Tornadus|17\/100\n|-damage|p2b: Landorus|81\/100\n|cant|p2a: Tornadus|flinch\n|move|p1a: Ogerpon|Ivy Cudgel|p2b: Landorus\n|-damage|p2b: Landorus|0 fnt\n|faint|p2b: Landorus\n|\n|-weather|SunnyDay|[upkeep]\n|upkeep\n|\n|t:|1699881273\n|switch|p2b: Flutter Mane|Flutter Mane, L50|100\/100\n|-activate|p2b: Flutter Mane|ability: Protosynthesis\n|-start|p2b: Flutter Mane|protosynthesisspa\n|turn|5\n|\n|t:|1699881288\n|move|p1a: Ogerpon|Spiky Shield|p1a: Ogerpon\n|-singleturn|p1a: Ogerpon|move: Protect\n|move|p2b: Flutter Mane|Moonblast|p1b: Landorus\n|-damage|p1b: Landorus|0 fnt\n|faint|p1b: Landorus\n|move|p2a: Tornadus|Air Slash|p1a: Ogerpon\n|-activate|p1a: Ogerpon|move: Protect\n|\n|-weather|none\n|-end|p2b: Flutter Mane|Protosynthesis\n|-sideend|p2: la regulatione|move: Tailwind\n|upkeep\n|turn|6\n|l| RoyquazaVGC\n|-message|OznerolVGC forfeited.\n|\n|win|la regulatione\n|raw|OznerolVGC's rating: 1605 &rarr; <strong>1589<\/strong><br \/>(-16 for losing)\n|raw|la regulatione's rating: 1677 &rarr; <strong>1693<\/strong><br \/>(+16 for winning)\n|l|\u2606OznerolVGC\n","uploadtime":1699881309,"views":32,"p1id":"oznerolvgc","p2id":"laregulatione","formatid":"gen9vgc2023regulatione","rating":1589,"private":0,"password":""}