{"id":"gen9vgc2023regulatione-1992464575","p1":"1Rebound1","p2":"sxlver","format":"[Gen 9] VGC 2023 Regulation E","log":"|j|\u26061Rebound1\n|j|\u2606sxlver\n|t:|1700190801\n|gametype|doubles\n|player|p1|1Rebound1|burgh|1205\n|player|p2|sxlver|ghetsis-gen5bw|1188\n|teamsize|p1|6\n|teamsize|p2|6\n|gen|9\n|tier|[Gen 9] VGC 2023 Regulation E\n|rated|\n|rule|Species Clause: Limit one of each Pok\u00e9mon\n|rule|Item Clause: Limit one of each item\n|clearpoke\n|poke|p1|Golem-Alola, L50, F|\n|poke|p1|Rabsca, L50, M|\n|poke|p1|Sinistcha-Masterpiece, L50|\n|poke|p1|Landorus-Therian, L50, M|\n|poke|p1|Iron Hands, L50|\n|poke|p1|Milotic, L50, M|\n|poke|p2|Chi-Yu, L50|\n|poke|p2|Ninetales-Alola, L50, F|\n|poke|p2|Talonflame, L50, M|\n|poke|p2|Thundurus-Therian, L50, M|\n|poke|p2|Espathra, L50, F|\n|poke|p2|Meowscarada, L50, F|\n|teampreview|4\n|\n|t:|1700190863\n|start\n|switch|p1a: Iron Hands|Iron Hands, L50|100\/100\n|switch|p1b: Milotic|Milotic, L50, M|100\/100\n|switch|p2a: J'quavious|Ninetales-Alola, L50, F|100\/100\n|switch|p2b: Wendy's|Thundurus-Therian, L50, M|100\/100\n|-weather|Snow|[from] ability: Snow Warning|[of] p2a: J'quavious\n|turn|1\n|\n|t:|1700190917\n|move|p2a: J'quavious|Protect|p2a: J'quavious\n|-singleturn|p2a: J'quavious|Protect\n|move|p1a: Iron Hands|Fake Out|p2b: Wendy's\n|-damage|p2b: Wendy's|81\/100\n|cant|p2b: Wendy's|flinch\n|move|p1b: Milotic|Ice Beam|p2b: Wendy's\n|-supereffective|p2b: Wendy's\n|-damage|p2b: Wendy's|21\/100\n|\n|-weather|Snow|[upkeep]\n|upkeep\n|turn|2\n|\n|t:|1700190938\n|move|p2a: J'quavious|Aurora Veil|p2a: J'quavious\n|-sidestart|p2: sxlver|move: Aurora Veil\n|move|p2b: Wendy's|Volt Switch|p1b: Milotic\n|-supereffective|p1b: Milotic\n|-damage|p1b: Milotic|30\/100\n|-damage|p2b: Wendy's|12\/100|[from] item: Life Orb\n|\n|t:|1700190960\n|switch|p2b: Cheese|Chi-Yu, L50|100\/100|[from] Volt Switch\n|-ability|p2b: Cheese|Beads of Ruin\n|move|p1b: Milotic|Scald|p2b: Cheese\n|-supereffective|p2b: Cheese\n|-damage|p2b: Cheese|49\/100\n|move|p1a: Iron Hands|Heavy Slam|p2a: J'quavious\n|-supereffective|p2a: J'quavious\n|-damage|p2a: J'quavious|0 fnt\n|faint|p2a: J'quavious\n|\n|-weather|Snow|[upkeep]\n|-heal|p1b: Milotic|36\/100|[from] item: Leftovers\n|upkeep\n|\n|t:|1700190981\n|switch|p2a: Circle|Meowscarada, L50, F|100\/100\n|turn|3\n|\n|t:|1700191004\n|-terastallize|p2b: Cheese|Ghost\n|move|p1b: Milotic|Protect|p1b: Milotic\n|-singleturn|p1b: Milotic|Protect\n|move|p2a: Circle|Flower Trick|p1a: Iron Hands\n|-crit|p1a: Iron Hands\n|-damage|p1a: Iron Hands|65\/100\n|move|p2b: Cheese|Snarl|p1b: Milotic|[spread] p1a\n|-activate|p1b: Milotic|move: Protect\n|-resisted|p1a: Iron Hands\n|-damage|p1a: Iron Hands|54\/100\n|-unboost|p1a: Iron Hands|spa|1\n|move|p1a: Iron Hands|Drain Punch|p2b: Cheese\n|-immune|p2b: Cheese\n|\n|-weather|Snow|[upkeep]\n|-heal|p1b: Milotic|42\/100|[from] item: Leftovers\n|upkeep\n|turn|4\n|\n|t:|1700191041\n|move|p2a: Circle|Flower Trick|p1b: Milotic\n|-supereffective|p1b: Milotic\n|-crit|p1b: Milotic\n|-damage|p1b: Milotic|0 fnt\n|faint|p1b: Milotic\n|move|p2b: Cheese|Snarl|p1a: Iron Hands\n|-resisted|p1a: Iron Hands\n|-crit|p1a: Iron Hands\n|-damage|p1a: Iron Hands|33\/100\n|-unboost|p1a: Iron Hands|spa|1\n|move|p1a: Iron Hands|Drain Punch|p2a: Circle\n|-supereffective|p2a: Circle\n|-damage|p2a: Circle|18\/100\n|-heal|p1a: Iron Hands|58\/100|[from] drain|[of] p2a: Circle\n|\n|-weather|Snow|[upkeep]\n|upkeep\n|\n|t:|1700191054\n|switch|p1b: Rabsca|Rabsca, L50, M|100\/100\n|turn|5\n|\n|t:|1700191073\n|-terastallize|p1b: Rabsca|Dark\n|move|p2a: Circle|Flower Trick|p1a: Iron Hands\n|-crit|p1a: Iron Hands\n|-damage|p1a: Iron Hands|13\/100\n|move|p2b: Cheese|Snarl|p1b: Rabsca|[spread] p1a,p1b\n|-resisted|p1a: Iron Hands\n|-resisted|p1b: Rabsca\n|-damage|p1a: Iron Hands|1\/100\n|-damage|p1b: Rabsca|81\/100\n|-unboost|p1a: Iron Hands|spa|1\n|-unboost|p1b: Rabsca|spa|1\n|move|p1a: Iron Hands|Drain Punch|p2a: Circle\n|-supereffective|p2a: Circle\n|-damage|p2a: Circle|0 fnt\n|-heal|p1a: Iron Hands|6\/100|[from] drain|[of] p2a: Circle\n|faint|p2a: Circle\n|move|p1b: Rabsca|Trick Room|p1b: Rabsca\n|-fieldstart|move: Trick Room|[of] p1b: Rabsca\n|\n|-weather|none\n|upkeep\n|\n|t:|1700191090\n|switch|p2a: Wendy's|Thundurus-Therian, L50, M|12\/100\n|turn|6\n|c|\u2606sxlver|damn\n|c|\u2606sxlver|gg\n|\n|t:|1700191126\n|move|p1b: Rabsca|Revival Blessing|p1b: Rabsca\n|-enditem|p1b: Rabsca|Leppa Berry|[eat]\n|-activate|p1b: Rabsca|item: Leppa Berry|Revival Blessing|[consumed]\n|\n|t:|1700191128\n|-heal|p1: Milotic|50\/100|[from] move: Revival Blessing\n|move|p1a: Iron Hands|Heavy Slam|p2a: Wendy's\n|-resisted|p2a: Wendy's\n|-damage|p2a: Wendy's|0 fnt\n|faint|p2a: Wendy's\n|move|p2b: Cheese|Snarl|p1b: Rabsca|[spread] p1a,p1b\n|-resisted|p1a: Iron Hands\n|-resisted|p1b: Rabsca\n|-damage|p1a: Iron Hands|0 fnt\n|-damage|p1b: Rabsca|60\/100\n|-unboost|p1b: Rabsca|spa|1\n|faint|p1a: Iron Hands\n|-end|p1a: Iron Hands|Quark Drive|[silent]\n|\n|upkeep\n|\n|t:|1700191139\n|switch|p1a: Golem|Golem-Alola, L50, F|100\/100\n|turn|7\n|\n|t:|1700191145\n|move|p1a: Golem|Explosion|p2b: Cheese|[spread] p2b\n|-activate|p1b: Rabsca|ability: Telepathy\n|-damage|p2b: Cheese|0 fnt\n|faint|p1a: Golem\n|faint|p2b: Cheese\n|\n|win|1Rebound1\n|raw|1Rebound1's rating: 1205 &rarr; <strong>1229<\/strong><br \/>(+24 for winning)\n|raw|sxlver's rating: 1188 &rarr; <strong>1164<\/strong><br \/>(-24 for losing)\n|c|\u26061Rebound1|gg\n|l|\u26061Rebound1\n","uploadtime":1700191164,"views":16,"p1id":"1rebound1","p2id":"sxlver","formatid":"gen9vgc2023regulatione","rating":1164,"private":0,"password":""}