{"id":"gen9vgc2023regulatione-1998979257","p1":"DomDaBomb886","p2":"masenkoEX","format":"[Gen 9] VGC 2023 Regulation E","log":"|j|\u2606DomDaBomb886\n|j|\u2606masenkoEX\n|n|\u2606DomDaBomb886|domdabomb886\n|n|\u2606masenkoEX|masenkoex\n|html|View the match progress at <a href=\"\/game-bestof3-gen9vgc2023regulatione-1998975205\">game-bestof3-gen9vgc2023regulatione-1998975205<\/a>\n|t:|1701020171\n|gametype|doubles\n|player|p1|DomDaBomb886|ingo|\n|player|p2|masenkoEX|bertha|\n|teamsize|p1|6\n|teamsize|p2|6\n|gen|9\n|tier|[Gen 9] VGC 2023 Regulation E\n|rule|Species Clause: Limit one of each Pok\u00e9mon\n|rule|Item Clause: Limit one of each item\n|clearpoke\n|poke|p1|Great Tusk, L50|\n|poke|p1|Kilowattrel, L50, F|\n|poke|p1|Chandelure, L50, M|\n|poke|p1|Bruxish, L50, F|\n|poke|p1|Persian-Alola, L50, M|\n|poke|p1|Avalugg-Hisui, L50, F|\n|poke|p2|Coalossal, L50, F|\n|poke|p2|Wugtrio, L50, M|\n|poke|p2|Mudsdale, L50, F|\n|poke|p2|Oranguru, L50, M|\n|poke|p2|Enamorus-Therian, L50, F|\n|poke|p2|Arcanine, L50, M|\n|teampreview|4\n|inactive|Battle timer is ON: inactive players will automatically lose when time's up. (requested by DomDaBomb886)\n|\n|t:|1701020209\n|start\n|switch|p1a: Bruxish|Bruxish, L50, F|100\/100\n|switch|p1b: Persian|Persian-Alola, L50, M|100\/100\n|switch|p2a: Thomas|Coalossal, L50, F|100\/100\n|switch|p2b: Shakira|Wugtrio, L50, M|100\/100\n|turn|1\n|inactive|DomDaBomb886 has 30 seconds left.\n|inactive|masenkoEX has 30 seconds left.\n|inactive|masenkoEX has 20 seconds left.\n|\n|t:|1701020244\n|-terastallize|p2a: Thomas|Grass\n|move|p1b: Persian|Fake Out|p2b: Shakira\n|-damage|p2b: Shakira|85\/100\n|-ability|p2b: Shakira|Gooey\n|-unboost|p1b: Persian|spe|1\n|cant|p2b: Shakira|flinch\n|move|p1a: Bruxish|Reflect|p1a: Bruxish\n|-sidestart|p1: DomDaBomb886|Reflect\n|move|p2a: Thomas|Tera Blast|p1a: Bruxish|[anim] Tera Blast Grass\n|-supereffective|p1a: Bruxish\n|-damage|p1a: Bruxish|8\/100\n|\n|upkeep\n|turn|2\n|inactive|DomDaBomb886 has 30 seconds left.\n|\n|t:|1701020277\n|move|p2b: Shakira|Surf|p1b: Persian|[spread] p2a,p1a,p1b\n|-resisted|p2a: Thomas\n|-resisted|p1a: Bruxish\n|-damage|p2a: Thomas|93\/100\n|-damage|p1a: Bruxish|0 fnt\n|-damage|p1b: Persian|85\/100\n|-ability|p2a: Thomas|Steam Engine|boost\n|-boost|p2a: Thomas|spe|6\n|-enditem|p2a: Thomas|Absorb Bulb\n|-boost|p2a: Thomas|spa|1|[from] item: Absorb Bulb\n|faint|p1a: Bruxish\n|move|p2a: Thomas|Power Gem|p1b: Persian\n|-damage|p1b: Persian|20\/100\n|-enditem|p1b: Persian|Sitrus Berry|[eat]\n|-heal|p1b: Persian|45\/100|[from] item: Sitrus Berry\n|move|p1b: Persian|Snarl|p2b: Shakira|[spread] p2a,p2b\n|-damage|p2a: Thomas|82\/100\n|-damage|p2b: Shakira|64\/100\n|-unboost|p2a: Thomas|spa|1\n|-unboost|p2b: Shakira|spa|1\n|\n|upkeep\n|inactive|DomDaBomb886 has 30 seconds left.\n|\n|t:|1701020304\n|switch|p1a: Great Tusk|Great Tusk, L50|100\/100\n|turn|3\n|inactive|masenkoEX has 30 seconds left.\n|inactive|masenkoEX has 20 seconds left.\n|inactive|masenkoEX has 15 seconds left.\n|\n|t:|1701020344\n|move|p2b: Shakira|Surf|p1a: Great Tusk|[spread] p2a,p1a,p1b\n|-resisted|p2a: Thomas\n|-supereffective|p1a: Great Tusk\n|-damage|p2a: Thomas|78\/100\n|-damage|p1a: Great Tusk|84\/100\n|-damage|p1b: Persian|34\/100\n|move|p2a: Thomas|Tera Blast|p1a: Great Tusk|[anim] Tera Blast Grass\n|-supereffective|p1a: Great Tusk\n|-damage|p1a: Great Tusk|11\/100\n|move|p1a: Great Tusk|Ice Spinner|p2a: Thomas\n|-supereffective|p2a: Thomas\n|-damage|p2a: Thomas|36\/100\n|move|p1b: Persian|Snarl|p2a: Thomas|[spread] p2a,p2b\n|-crit|p2a: Thomas\n|-damage|p2a: Thomas|20\/100\n|-damage|p2b: Shakira|41\/100\n|-unboost|p2a: Thomas|spa|1\n|-unboost|p2b: Shakira|spa|1\n|\n|upkeep\n|turn|4\n|inactive|DomDaBomb886 has 30 seconds left.\n|\n|t:|1701020379\n|switch|p2b: Lassie|Arcanine, L50, M|100\/100\n|move|p2a: Thomas|Heat Wave|p1a: Great Tusk|[spread] p1a,p1b\n|-crit|p1a: Great Tusk\n|-damage|p1a: Great Tusk|0 fnt\n|-damage|p1b: Persian|10\/100\n|-status|p1b: Persian|brn\n|faint|p1a: Great Tusk\n|-end|p1a: Great Tusk|Protosynthesis|[silent]\n|move|p1b: Persian|Foul Play|p2a: Thomas\n|-damage|p2a: Thomas|12\/100\n|\n|-damage|p1b: Persian|4\/100 brn|[from] brn\n|upkeep\n|\n|t:|1701020390\n|switch|p1a: Avalugg|Avalugg-Hisui, L50, F|100\/100\n|turn|5\n|inactive|masenkoEX has 30 seconds left.\n|inactive|DomDaBomb886 has 30 seconds left.\n|\n|t:|1701020430\n|-terastallize|p1a: Avalugg|Fire\n|move|p2a: Thomas|Power Gem|p1a: Avalugg\n|-supereffective|p1a: Avalugg\n|-damage|p1a: Avalugg|14\/100\n|move|p2b: Lassie|Tera Blast|p1a: Avalugg\n|-damage|p1a: Avalugg|0 fnt\n|faint|p1a: Avalugg\n|move|p1b: Persian|Snarl|p2a: Thomas|[spread] p2a\n|-miss|p1b: Persian|p2b: Lassie\n|-damage|p2a: Thomas|1\/100\n|-unboost|p2a: Thomas|spa|1\n|\n|-damage|p1b: Persian|0 fnt|[from] brn\n|faint|p1b: Persian\n|\n|win|masenkoEX\n|upkeep\n|c|\u2606masenkoEX|GGs\n|c|\u2606DomDaBomb886|Ggs\n|c|\u2606DomDaBomb886|i assumed the coal would be phys\n|c|\u2606DomDaBomb886|firgot abt absorb bulb\n|l|\u2606DomDaBomb886\n|c|\u2606masenkoEX|All good, I imagine you don't have much time to prep rn\n|j| Patmac\n","uploadtime":1701020671,"views":23,"p1id":"domdabomb886","p2id":"masenkoex","formatid":"gen9vgc2023regulatione","rating":0,"private":0,"password":""}