{"id":"gen9vgc2023regulatione-1990872438","p1":"Matcha Man Savage","p2":"The Pringle Pirate","format":"[Gen 9] VGC 2023 Regulation E","log":"|j|\u2606Matcha Man Savage\n|j|\u2606The Pringle Pirate\n|t:|1700009879\n|gametype|doubles\n|player|p1|Matcha Man Savage|pokemaniac|1315\n|player|p2|The Pringle Pirate|sailor|1413\n|teamsize|p1|6\n|teamsize|p2|6\n|gen|9\n|tier|[Gen 9] VGC 2023 Regulation E\n|rated|\n|rule|Species Clause: Limit one of each Pok\u00e9mon\n|rule|Item Clause: Limit one of each item\n|clearpoke\n|poke|p1|Chi-Yu, L50|\n|poke|p1|Flutter Mane, L50|\n|poke|p1|Torkoal, L50, F|\n|poke|p1|Lilligant-Hisui, L50, F|\n|poke|p1|Iron Bundle, L50|\n|poke|p1|Landorus-Therian, L50, M|\n|poke|p2|Honchkrow, L50, F|\n|poke|p2|Sandy Shocks, L50|\n|poke|p2|Espathra, L50, F|\n|poke|p2|Basculegion, L50, M|\n|poke|p2|Tauros-Paldea-Blaze, L50, M|\n|poke|p2|Sinistcha, L50|\n|teampreview|4\n|inactive|Battle timer is ON: inactive players will automatically lose when time's up. (requested by Matcha Man Savage)\n|inactive|Matcha Man Savage has 60 seconds left.\n|\n|t:|1700009911\n|start\n|switch|p1a: Torque|Torkoal, L50, F|100\/100\n|switch|p1b: Genus Lilium|Lilligant-Hisui, L50, F, shiny|100\/100\n|switch|p2a: Sinistcha|Sinistcha, L50|100\/100\n|switch|p2b: Honchkrow|Honchkrow, L50, F|100\/100\n|-weather|SunnyDay|[from] ability: Drought|[of] p1a: Torque\n|turn|1\n|inactive|The Pringle Pirate has 30 seconds left.\n|\n|t:|1700009939\n|-terastallize|p2a: Sinistcha|Water\n|move|p2b: Honchkrow|Sucker Punch|p1a: Torque\n|-damage|p1a: Torque|68\/100\n|move|p1b: Genus Lilium|After You|p1a: Torque\n|-activate|p1a: Torque|move: After You\n|move|p1a: Torque|Eruption|p2a: Sinistcha|[spread] p2a,p2b\n|-resisted|p2a: Sinistcha\n|-damage|p2a: Sinistcha|78\/100\n|-damage|p2b: Honchkrow|40\/100\n|move|p2a: Sinistcha|Matcha Gotcha|p1a: Torque|[spread] p1a,p1b\n|-resisted|p1a: Torque\n|-resisted|p1b: Genus Lilium\n|-damage|p1a: Torque|54\/100\n|-heal|p2a: Sinistcha|86\/100|[from] drain|[of] p1a: Torque\n|-damage|p1b: Genus Lilium|84\/100\n|-heal|p2a: Sinistcha|93\/100|[from] drain|[of] p1b: Genus Lilium\n|\n|-weather|SunnyDay|[upkeep]\n|upkeep\n|turn|2\n|inactive|The Pringle Pirate has 30 seconds left.\n|\n|t:|1700009972\n|move|p2b: Honchkrow|Sucker Punch|p1a: Torque\n|-crit|p1a: Torque\n|-damage|p1a: Torque|9\/100\n|move|p1b: Genus Lilium|Solar Blade||[still]\n|-prepare|p1b: Genus Lilium|Solar Blade\n|-anim|p1b: Genus Lilium|Solar Blade|p2a: Sinistcha\n|-supereffective|p2a: Sinistcha\n|-damage|p2a: Sinistcha|0 fnt\n|-damage|p1b: Genus Lilium|67\/100|[from] item: Rocky Helmet|[of] p2a: Sinistcha\n|faint|p2a: Sinistcha\n|move|p1a: Torque|Overheat|p2b: Honchkrow|[miss]\n|-miss|p1a: Torque|p2b: Honchkrow\n|\n|-weather|SunnyDay|[upkeep]\n|upkeep\n|\n|t:|1700009980\n|switch|p2a: Sandy Shocks|Sandy Shocks, L50|100\/100\n|-activate|p2a: Sandy Shocks|ability: Protosynthesis\n|-start|p2a: Sandy Shocks|protosynthesisspe\n|turn|3\n|\n|t:|1700010003\n|switch|p1a: Landorus|Landorus-Therian, L50, M|100\/100\n|-ability|p1a: Landorus|Intimidate|boost\n|-unboost|p2a: Sandy Shocks|atk|1\n|-unboost|p2b: Honchkrow|atk|1\n|move|p2a: Sandy Shocks|Protect|p2a: Sandy Shocks\n|-singleturn|p2a: Sandy Shocks|Protect\n|move|p1b: Genus Lilium|Solar Blade||[still]\n|-prepare|p1b: Genus Lilium|Solar Blade\n|-anim|p1b: Genus Lilium|Solar Blade|p2a: Sandy Shocks\n|-activate|p2a: Sandy Shocks|move: Protect\n|move|p2b: Honchkrow|Brave Bird|p1b: Genus Lilium\n|-supereffective|p1b: Genus Lilium\n|-damage|p1b: Genus Lilium|0 fnt\n|faint|p1b: Genus Lilium\n|-damage|p2b: Honchkrow|21\/100|[from] Recoil\n|\n|-weather|SunnyDay|[upkeep]\n|upkeep\n|\n|t:|1700010019\n|switch|p1b: RoboSanta|Iron Bundle, L50|100\/100\n|-enditem|p1b: RoboSanta|Booster Energy\n|-activate|p1b: RoboSanta|ability: Quark Drive|[fromitem]\n|-start|p1b: RoboSanta|quarkdrivespe\n|turn|4\n|inactive|Matcha Man Savage has 30 seconds left.\n|\n|t:|1700010050\n|move|p2b: Honchkrow|Sucker Punch|p1a: Landorus\n|-crit|p1a: Landorus\n|-damage|p1a: Landorus|33\/100\n|move|p1b: RoboSanta|Icy Wind|p2b: Honchkrow|[spread] p2a,p2b\n|-supereffective|p2a: Sandy Shocks\n|-supereffective|p2b: Honchkrow\n|-damage|p2a: Sandy Shocks|53\/100\n|-damage|p2b: Honchkrow|0 fnt\n|-unboost|p2a: Sandy Shocks|spe|1\n|faint|p2b: Honchkrow\n|move|p1a: Landorus|Stomping Tantrum|p2a: Sandy Shocks\n|-supereffective|p2a: Sandy Shocks\n|-damage|p2a: Sandy Shocks|0 fnt\n|faint|p2a: Sandy Shocks\n|-end|p2a: Sandy Shocks|Protosynthesis|[silent]\n|\n|-weather|SunnyDay|[upkeep]\n|upkeep\n|\n|t:|1700010065\n|switch|p2b: Basculegion|Basculegion, L50, M|100\/100\n|turn|5\n|\n|t:|1700010076\n|move|p1b: RoboSanta|Freeze-Dry|p2b: Basculegion\n|-supereffective|p2b: Basculegion\n|-damage|p2b: Basculegion|56\/100\n|move|p1a: Landorus|Stomping Tantrum|p2b: Basculegion\n|-damage|p2b: Basculegion|9\/100\n|move|p2b: Basculegion|Last Respects|p1b: RoboSanta\n|-damage|p1b: RoboSanta|0 fnt\n|faint|p1b: RoboSanta\n|-end|p1b: RoboSanta|Quark Drive|[silent]\n|\n|-weather|none\n|upkeep\n|\n|t:|1700010083\n|switch|p1b: Torque|Torkoal, L50, F|9\/100\n|-weather|SunnyDay|[from] ability: Drought|[of] p1b: Torque\n|turn|6\n|\n|t:|1700010092\n|move|p2b: Basculegion|Aqua Jet|p1a: Landorus\n|-supereffective|p1a: Landorus\n|-damage|p1a: Landorus|0 fnt\n|faint|p1a: Landorus\n|move|p1b: Torque|Earth Power|p2b: Basculegion\n|-damage|p2b: Basculegion|0 fnt\n|faint|p2b: Basculegion\n|\n|win|Matcha Man Savage\n|raw|Matcha Man Savage's rating: 1315 &rarr; <strong>1340<\/strong><br \/>(+25 for winning)\n|raw|The Pringle Pirate's rating: 1413 &rarr; <strong>1388<\/strong><br \/>(-25 for losing)\n|c|\u2606Matcha Man Savage|gg\n|l|\u2606The Pringle Pirate\n","uploadtime":1700010106,"views":12,"p1id":"matchamansavage","p2id":"thepringlepirate","formatid":"gen9vgc2023regulatione","rating":1340,"private":0,"password":""}