{"id":"gen9vgc2023regulatione-1992523369","p1":"helio list","p2":"kidturtle","format":"[Gen 9] VGC 2023 Regulation E","log":"|j|\u2606helio list\n|j|\u2606kidturtle\n|t:|1700199219\n|gametype|doubles\n|player|p1|helio list|pokemonbreederf|\n|player|p2|kidturtle|hoopster|\n|teamsize|p1|6\n|teamsize|p2|6\n|gen|9\n|tier|[Gen 9] VGC 2023 Regulation E\n|rated|Tournament battle\n|rule|Species Clause: Limit one of each Pok\u00e9mon\n|rule|Item Clause: Limit one of each item\n|clearpoke\n|poke|p1|Chi-Yu, L50|\n|poke|p1|Flutter Mane, L50|\n|poke|p1|Iron Hands, L50|\n|poke|p1|Ogerpon-Wellspring, L50, F|\n|poke|p1|Landorus-Therian, L50, M|\n|poke|p1|Farigiraf, L50, M|\n|poke|p2|Ursaluna, L50, M|\n|poke|p2|Cresselia, L50, F|\n|poke|p2|Flutter Mane, L50|\n|poke|p2|Chi-Yu, L50|\n|poke|p2|Iron Hands, L50|\n|poke|p2|Urshifu-*, L50, M|\n|teampreview|4\n|showteam|p1|Chi-Yu||ChoiceSpecs|BeadsofRuin|HeatWave,DarkPulse,Snarl,Overheat||||||50|,,,,,Ghost]Flutter Mane||BoosterEnergy|Protosynthesis|IcyWind,DazzlingGleam,Protect,Moonblast||||||50|,,,,,Fairy]Iron Hands||AssaultVest|QuarkDrive|FakeOut,WildCharge,DrainPunch,HeavySlam||||||50|,,,,,Fire]Ogerpon-Wellspring||WellspringMask|WaterAbsorb|SpikyShield,FollowMe,IvyCudgel,PowerWhip|||F|||50|,,,,,Water]Landorus-Therian||ChoiceScarf|Intimidate|StompingTantrum,RockSlide,TeraBlast,Uturn|||M|||50|,,,,,Flying]Farigiraf||SitrusBerry|ArmorTail|TrickRoom,GuardSwap,Psychic,HyperVoice|||M|||50|,,,,,Poison\n|showteam|p2|Ursaluna||FlameOrb|Guts|Facade,Earthquake,SwordsDance,Protect|||M|||50|,,,,,Ghost]Cresselia||MentalHerb|Levitate|IceBeam,AllySwitch,LunarBlessing,TrickRoom|||F|||50|,,,,,Fairy]Flutter Mane||BoosterEnergy|Protosynthesis|IcyWind,ShadowBall,Moonblast,Protect||||||50|,,,,,Fairy]Chi-Yu||ChoiceSpecs|BeadsofRuin|BurningJealousy,DarkPulse,Overheat,Snarl||||||50|,,,,,Ghost]Iron Hands||SitrusBerry|QuarkDrive|DrainPunch,WildCharge,FakeOut,SwordsDance||||||50|,,,,,Fire]Urshifu||FocusSash|UnseenFist|Detect,WickedBlow,CloseCombat,SuckerPunch|||M|||50|,,,,,Dark\n|inactive|Battle timer is ON: inactive players will automatically lose when time's up. (requested by helio list)\n|j| KnighLt\n|j|%Radio Free C-Side\n|j| Grewt\n|inactive|helio list has 60 seconds left.\n|\n|t:|1700199277\n|start\n|switch|p1a: POYO!!|Ogerpon-Wellspring, L50, F|100\/100\n|switch|p1b: Heat Waves|Chi-Yu, L50|100\/100\n|switch|p2a: Flutter Mane|Flutter Mane, L50, shiny|100\/100\n|switch|p2b: Chi-Yu|Chi-Yu, L50|100\/100\n|-ability|p2b: Chi-Yu|Beads of Ruin\n|-ability|p1b: Heat Waves|Beads of Ruin\n|-enditem|p2a: Flutter Mane|Booster Energy\n|-activate|p2a: Flutter Mane|ability: Protosynthesis|[fromitem]\n|-start|p2a: Flutter Mane|protosynthesisspe\n|turn|1\n|\n|t:|1700199295\n|move|p2a: Flutter Mane|Protect|p2a: Flutter Mane\n|-singleturn|p2a: Flutter Mane|Protect\n|move|p1a: POYO!!|Spiky Shield|p1a: POYO!!\n|-singleturn|p1a: POYO!!|move: Protect\n|move|p2b: Chi-Yu|Snarl|p1b: Heat Waves|[spread] p1b\n|-activate|p1a: POYO!!|move: Protect\n|-resisted|p1b: Heat Waves\n|-damage|p1b: Heat Waves|82\/100\n|-unboost|p1b: Heat Waves|spa|1\n|move|p1b: Heat Waves|Snarl|p2a: Flutter Mane|[spread] p2b\n|-activate|p2a: Flutter Mane|move: Protect\n|-resisted|p2b: Chi-Yu\n|-damage|p2b: Chi-Yu|87\/100\n|-unboost|p2b: Chi-Yu|spa|1\n|\n|upkeep\n|turn|2\n|\n|t:|1700199317\n|-terastallize|p1a: POYO!!|Water\n|detailschange|p1a: POYO!!|Ogerpon-Wellspring-Tera, L50, F, tera:Water\n|-ability|p1a: POYO!!|Embody Aspect (Wellspring)|boost\n|-boost|p1a: POYO!!|spd|1\n|move|p2a: Flutter Mane|Moonblast|p1a: POYO!!\n|-damage|p1a: POYO!!|51\/100\n|-unboost|p1a: POYO!!|spa|1\n|move|p2b: Chi-Yu|Snarl|p1b: Heat Waves|[spread] p1a,p1b\n|-resisted|p1b: Heat Waves\n|-damage|p1a: POYO!!|28\/100\n|-damage|p1b: Heat Waves|71\/100\n|-unboost|p1a: POYO!!|spa|1\n|-unboost|p1b: Heat Waves|spa|1\n|move|p1b: Heat Waves|Snarl|p2b: Chi-Yu|[spread] p2a,p2b\n|-crit|p2a: Flutter Mane\n|-resisted|p2b: Chi-Yu\n|-damage|p2a: Flutter Mane|21\/100\n|-damage|p2b: Chi-Yu|75\/100\n|-unboost|p2a: Flutter Mane|spa|1\n|-unboost|p2b: Chi-Yu|spa|1\n|move|p1a: POYO!!|Ivy Cudgel|p2a: Flutter Mane|[anim] Ivy Cudgel Water\n|-damage|p2a: Flutter Mane|0 fnt\n|faint|p2a: Flutter Mane\n|-end|p2a: Flutter Mane|Protosynthesis|[silent]\n|\n|upkeep\n|\n|t:|1700199327\n|switch|p2a: Cresselia|Cresselia, L50, F|100\/100\n|turn|3\n|\n|t:|1700199346\n|move|p2b: Chi-Yu|Snarl|p1a: POYO!!|[spread] p1a,p1b\n|-resisted|p1b: Heat Waves\n|-damage|p1a: POYO!!|11\/100\n|-damage|p1b: Heat Waves|61\/100\n|-unboost|p1a: POYO!!|spa|1\n|-unboost|p1b: Heat Waves|spa|1\n|move|p1a: POYO!!|Ivy Cudgel|p2a: Cresselia|[anim] Ivy Cudgel Water\n|-damage|p2a: Cresselia|55\/100\n|move|p1b: Heat Waves|Snarl|p2a: Cresselia|[spread] p2a,p2b\n|-supereffective|p2a: Cresselia\n|-resisted|p2b: Chi-Yu\n|-damage|p2a: Cresselia|33\/100\n|-damage|p2b: Chi-Yu|66\/100\n|-unboost|p2a: Cresselia|spa|1\n|-unboost|p2b: Chi-Yu|spa|1\n|move|p2a: Cresselia|Trick Room|p2a: Cresselia\n|-fieldstart|move: Trick Room|[of] p2a: Cresselia\n|\n|upkeep\n|turn|4\n|inactive|helio list has 30 seconds left.\n|\n|t:|1700199381\n|switch|p2a: Ursaluna|Ursaluna, L50, M|100\/100\n|move|p1a: POYO!!|Ivy Cudgel|p2b: Chi-Yu|[anim] Ivy Cudgel Water\n|-supereffective|p2b: Chi-Yu\n|-damage|p2b: Chi-Yu|0 fnt\n|faint|p2b: Chi-Yu\n|move|p1b: Heat Waves|Snarl|p2a: Ursaluna\n|-damage|p2a: Ursaluna|78\/100\n|-unboost|p2a: Ursaluna|spa|1\n|\n|-status|p2a: Ursaluna|brn|[from] item: Flame Orb\n|upkeep\n|\n|t:|1700199383\n|switch|p2b: Cresselia|Cresselia, L50, F|33\/100\n|turn|5\n|j| PLSWIGIS\n|inactive|kidturtle has 30 seconds left.\n|j| eebgm\n|\n|t:|1700199416\n|-terastallize|p2a: Ursaluna|Ghost\n|move|p1a: POYO!!|Spiky Shield|p1a: POYO!!\n|-singleturn|p1a: POYO!!|move: Protect\n|move|p2a: Ursaluna|Facade|p1b: Heat Waves\n|-damage|p1b: Heat Waves|0 fnt\n|faint|p1b: Heat Waves\n|move|p2b: Cresselia|Ice Beam|p1a: POYO!!\n|-activate|p1a: POYO!!|move: Protect\n|\n|-damage|p2a: Ursaluna|72\/100 brn|[from] brn\n|upkeep\n|\n|t:|1700199428\n|switch|p1b: The loneliness|Flutter Mane, L50|100\/100\n|-enditem|p1b: The loneliness|Booster Energy\n|-activate|p1b: The loneliness|ability: Protosynthesis|[fromitem]\n|-start|p1b: The loneliness|protosynthesisspe\n|turn|6\n|\n|t:|1700199439\n|switch|p1a: Fak'n me out|Iron Hands, L50|100\/100\n|move|p1b: The loneliness|Protect|p1b: The loneliness\n|-singleturn|p1b: The loneliness|Protect\n|move|p2a: Ursaluna|Earthquake|p1b: The loneliness|[spread] p1a\n|-activate|p1b: The loneliness|move: Protect\n|-immune|p2b: Cresselia|[from] ability: Levitate\n|-supereffective|p1a: Fak'n me out\n|-damage|p1a: Fak'n me out|3\/100\n|move|p2b: Cresselia|Ice Beam|p1b: The loneliness\n|-activate|p1b: The loneliness|move: Protect\n|\n|-damage|p2a: Ursaluna|66\/100 brn|[from] brn\n|upkeep\n|turn|7\n|\n|t:|1700199455\n|move|p1b: The loneliness|Protect||[still]\n|-fail|p1b: The loneliness\n|move|p1a: Fak'n me out|Fake Out|p2b: Cresselia\n|-damage|p2b: Cresselia|23\/100\n|move|p2a: Ursaluna|Earthquake|p1a: Fak'n me out|[spread] p1a,p1b\n|-immune|p2b: Cresselia|[from] ability: Levitate\n|-supereffective|p1a: Fak'n me out\n|-damage|p1a: Fak'n me out|0 fnt\n|-damage|p1b: The loneliness|0 fnt\n|faint|p1a: Fak'n me out\n|-end|p1a: Fak'n me out|Quark Drive|[silent]\n|faint|p1b: The loneliness\n|-end|p1b: The loneliness|Protosynthesis|[silent]\n|cant|p2b: Cresselia|flinch\n|\n|-damage|p2a: Ursaluna|60\/100 brn|[from] brn\n|-fieldend|move: Trick Room\n|upkeep\n|\n|t:|1700199459\n|switch|p1b: POYO!!|Ogerpon-Wellspring-Tera, L50, F, tera:Water|11\/100\n|-ability|p1b: POYO!!|Embody Aspect (Wellspring)|boost\n|-boost|p1b: POYO!!|spd|1\n|turn|8\n|\n|t:|1700199476\n|move|p1b: POYO!!|Ivy Cudgel|p2b: Cresselia|[anim] Ivy Cudgel Water\n|-damage|p2b: Cresselia|0 fnt\n|faint|p2b: Cresselia\n|move|p2a: Ursaluna|Facade|p1b: POYO!!\n|-damage|p1b: POYO!!|0 fnt\n|faint|p1b: POYO!!\n|\n|win|kidturtle\n|n|\u2606helio list|heliolist\n|n|\u2606kidturtle|kidturtle\n|n| KnighLt|knighlt\n|n| Radio Free C-Side|radiofreecside\n|n| Grewt|grewt\n|n| PLSWIGIS|plswigis\n|n| eebgm|eebgm\n|c|\u2606helio list|gg\n","uploadtime":1700199484,"views":13,"p1id":"heliolist","p2id":"kidturtle","formatid":"gen9vgc2023regulatione","rating":0,"private":0,"password":""}