{"id":"gen9vgc2023regulatione-1990903902","p1":"Qwano","p2":"thebuggerman","format":"[Gen 9] VGC 2023 Regulation E","log":"|j|\u2606Qwano\n|j|\u2606thebuggerman\n|t:|1700013382\n|gametype|doubles\n|player|p1|Qwano|1|1167\n|player|p2|thebuggerman|crasherwake|1242\n|teamsize|p1|6\n|teamsize|p2|6\n|gen|9\n|tier|[Gen 9] VGC 2023 Regulation E\n|rated|\n|rule|Species Clause: Limit one of each Pok\u00e9mon\n|rule|Item Clause: Limit one of each item\n|clearpoke\n|poke|p1|Glimmora, L50, M|\n|poke|p1|Articuno-Galar, L50|\n|poke|p1|Kommo-o, L50, M|\n|poke|p1|Fezandipiti, L50, M|\n|poke|p1|Sinistcha, L50|\n|poke|p1|Mimikyu, L50, M|\n|poke|p2|Sinistcha-Masterpiece, L50|\n|poke|p2|Iron Hands, L50|\n|poke|p2|Flutter Mane, L50|\n|poke|p2|Vivillon-Polar, L50, M|\n|poke|p2|Annihilape, L50, M|\n|poke|p2|Ninetales-Alola, L50, M|\n|teampreview|4\nthebuggerman rejected open team sheets.\n|inactive|Battle timer is ON: inactive players will automatically lose when time's up. (requested by thebuggerman)\n|inactive|Qwano has 60 seconds left.\n|\n|t:|1700013434\n|start\n|switch|p1a: Fezandipiti|Fezandipiti, L50, M|100\/100\n|switch|p1b: Mimikyu|Mimikyu, L50, M|100\/100\n|switch|p2a: Iron Hands|Iron Hands, L50|100\/100\n|switch|p2b: Ninetales|Ninetales-Alola, L50, M|100\/100\n|-weather|Snow|[from] ability: Snow Warning|[of] p2b: Ninetales\n|turn|1\n|\n|t:|1700013449\n|move|p2a: Iron Hands|Fake Out|p1a: Fezandipiti\n|-damage|p1a: Fezandipiti|82\/100\n|move|p2b: Ninetales|Aurora Veil|p2b: Ninetales\n|-sidestart|p2: thebuggerman|move: Aurora Veil\n|move|p1a: Fezandipiti|Tailwind|p1a: Fezandipiti\n|-sidestart|p1: Qwano|move: Tailwind\n|move|p1b: Mimikyu|Will-O-Wisp|p2a: Iron Hands\n|-status|p2a: Iron Hands|brn\n|\n|-weather|Snow|[upkeep]\n|-damage|p2a: Iron Hands|94\/100 brn|[from] brn\n|upkeep\n|turn|2\n|\n|t:|1700013470\n|move|p1a: Fezandipiti|Dazzling Gleam|p2b: Ninetales|[spread] p2a,p2b\n|-supereffective|p2a: Iron Hands\n|-crit|p2b: Ninetales\n|-damage|p2a: Iron Hands|73\/100 brn\n|-damage|p2b: Ninetales|74\/100\n|-status|p2b: Ninetales|tox|[from] ability: Toxic Chain|[of] p1a: Fezandipiti\n|move|p1b: Mimikyu|Play Rough|p2a: Iron Hands\n|-supereffective|p2a: Iron Hands\n|-damage|p2a: Iron Hands|28\/100 brn\n|-enditem|p2a: Iron Hands|Sitrus Berry|[eat]\n|-heal|p2a: Iron Hands|53\/100 brn|[from] item: Sitrus Berry\n|-damage|p1b: Mimikyu|90\/100|[from] item: Life Orb\n|move|p2b: Ninetales|Blizzard|p1b: Mimikyu|[spread] p1a,p1b\n|-damage|p1a: Fezandipiti|63\/100\n|-activate|p1b: Mimikyu|ability: Disguise\n|-damage|p1b: Mimikyu|90\/100\n|detailschange|p1b: Mimikyu|Mimikyu-Busted, L50, M\n|-damage|p1b: Mimikyu|78\/100|[from] pokemon: Mimikyu-Busted\n|move|p2a: Iron Hands|Earthquake|p1a: Fezandipiti|[spread] p2b,p1a,p1b\n|-supereffective|p1a: Fezandipiti\n|-damage|p2b: Ninetales|64\/100 tox\n|-damage|p1a: Fezandipiti|27\/100\n|-damage|p1b: Mimikyu|53\/100\n|\n|-weather|Snow|[upkeep]\n|-damage|p2b: Ninetales|58\/100 tox|[from] psn\n|-damage|p2a: Iron Hands|47\/100 brn|[from] brn\n|upkeep\n|turn|3\n|inactive|Qwano has 30 seconds left.\n|inactive|thebuggerman has 30 seconds left.\n|\n|t:|1700013499\n|move|p1a: Fezandipiti|Protect|p1a: Fezandipiti\n|-singleturn|p1a: Fezandipiti|Protect\n|move|p1b: Mimikyu|Play Rough|p2a: Iron Hands\n|-supereffective|p2a: Iron Hands\n|-crit|p2a: Iron Hands\n|-damage|p2a: Iron Hands|0 fnt\n|faint|p2a: Iron Hands\n|-end|p2a: Iron Hands|Quark Drive|[silent]\n|-damage|p1b: Mimikyu|43\/100|[from] item: Life Orb\n|move|p2b: Ninetales|Blizzard|p1b: Mimikyu|[spread] p1b\n|-activate|p1a: Fezandipiti|move: Protect\n|-damage|p1b: Mimikyu|14\/100\n|-status|p1b: Mimikyu|frz\n|\n|-weather|Snow|[upkeep]\n|-damage|p2b: Ninetales|46\/100 tox|[from] psn\n|upkeep\n|\n|t:|1700013513\n|switch|p2a: Sinistcha|Sinistcha-Masterpiece, L50|100\/100\n|-heal|p2b: Ninetales|70\/100 tox|[from] ability: Hospitality|[of] p2a: Sinistcha\n|turn|4\n|\n|t:|1700013530\n|switch|p2b: Vivillon|Vivillon-Polar, L50, M, shiny|100\/100\n|move|p1a: Fezandipiti|Icy Wind|p2b: Vivillon|[spread] p2a,p2b\n|-supereffective|p2a: Sinistcha\n|-supereffective|p2b: Vivillon\n|-damage|p2a: Sinistcha|86\/100\n|-damage|p2b: Vivillon|83\/100\n|-unboost|p2a: Sinistcha|spe|1\n|-unboost|p2b: Vivillon|spe|1\n|-status|p2b: Vivillon|tox|[from] ability: Toxic Chain|[of] p1a: Fezandipiti\n|cant|p1b: Mimikyu|frz\n|move|p2a: Sinistcha|Matcha Gotcha|p1b: Mimikyu|[spread] p1a,p1b\n|-resisted|p1a: Fezandipiti\n|-damage|p1a: Fezandipiti|13\/100\n|-heal|p2a: Sinistcha|94\/100|[from] drain|[of] p1a: Fezandipiti\n|-damage|p1b: Mimikyu|0 fnt\n|-heal|p2a: Sinistcha|99\/100|[from] drain|[of] p1b: Mimikyu\n|faint|p1b: Mimikyu\n|\n|-weather|Snow|[upkeep]\n|-heal|p2a: Sinistcha|100\/100|[from] item: Leftovers\n|-damage|p2b: Vivillon|77\/100 tox|[from] psn\n|-sideend|p1: Qwano|move: Tailwind\n|upkeep\n|\n|t:|1700013554\n|switch|p1b: Articuno|Articuno-Galar, L50|100\/100\n|turn|5\n|\n|t:|1700013572\n|move|p1a: Fezandipiti|Tailwind|p1a: Fezandipiti\n|-sidestart|p1: Qwano|move: Tailwind\n|move|p1b: Articuno|Hurricane|p2a: Sinistcha\n|-supereffective|p2a: Sinistcha\n|-damage|p2a: Sinistcha|6\/100\n|move|p2b: Vivillon|Sleep Powder|p1b: Articuno\n|-status|p1b: Articuno|slp|[from] move: Sleep Powder\n|move|p2a: Sinistcha|Matcha Gotcha|p1b: Articuno|[spread] p1a,p1b\n|-resisted|p1a: Fezandipiti\n|-resisted|p1b: Articuno\n|-damage|p1a: Fezandipiti|1\/100\n|-heal|p2a: Sinistcha|12\/100|[from] drain|[of] p1a: Fezandipiti\n|-damage|p1b: Articuno|84\/100 slp\n|-heal|p2a: Sinistcha|20\/100|[from] drain|[of] p1b: Articuno\n|\n|-weather|none\n|-heal|p2a: Sinistcha|26\/100|[from] item: Leftovers\n|-damage|p2b: Vivillon|65\/100 tox|[from] psn\n|upkeep\n|turn|6\n|inactive|Qwano has 30 seconds left.\n|inactive|Qwano has 20 seconds left.\n|inactive|Qwano has 15 seconds left.\n|\n|t:|1700013617\n|switch|p2b: Ninetales|Ninetales-Alola, L50, M|70\/100 tox\n|-weather|Snow|[from] ability: Snow Warning|[of] p2b: Ninetales\n|cant|p1b: Articuno|slp\n|move|p1a: Fezandipiti|Dazzling Gleam|p2a: Sinistcha|[spread] p2a,p2b\n|-damage|p2a: Sinistcha|11\/100\n|-damage|p2b: Ninetales|58\/100 tox\n|move|p2a: Sinistcha|Strength Sap|p1a: Fezandipiti\n|-unboost|p1a: Fezandipiti|atk|1\n|-heal|p2a: Sinistcha|59\/100\n|\n|-weather|Snow|[upkeep]\n|-heal|p2a: Sinistcha|66\/100|[from] item: Leftovers\n|-damage|p2b: Ninetales|52\/100 tox|[from] psn\n|upkeep\n|turn|7\n|inactive|Qwano has 30 seconds left.\n|\n|t:|1700013643\n|move|p1a: Fezandipiti|Icy Wind|p2a: Sinistcha|[spread] p2a,p2b\n|-supereffective|p2a: Sinistcha\n|-resisted|p2b: Ninetales\n|-damage|p2a: Sinistcha|52\/100\n|-damage|p2b: Ninetales|49\/100 tox\n|-unboost|p2a: Sinistcha|spe|1\n|-unboost|p2b: Ninetales|spe|1\n|-status|p2a: Sinistcha|tox|[from] ability: Toxic Chain|[of] p1a: Fezandipiti\n|cant|p1b: Articuno|slp\n|move|p2b: Ninetales|Blizzard|p1b: Articuno|[spread] p1a,p1b\n|-supereffective|p1b: Articuno\n|-damage|p1a: Fezandipiti|0 fnt\n|-damage|p1b: Articuno|31\/100 slp\n|-enditem|p1b: Articuno|Weakness Policy\n|-boost|p1b: Articuno|atk|2|[from] item: Weakness Policy\n|-boost|p1b: Articuno|spa|2|[from] item: Weakness Policy\n|faint|p1a: Fezandipiti\n|move|p2a: Sinistcha|Matcha Gotcha|p1b: Articuno\n|-resisted|p1b: Articuno\n|-damage|p1b: Articuno|7\/100 slp\n|-heal|p2a: Sinistcha|63\/100 tox|[from] drain|[of] p1b: Articuno\n|\n|-weather|Snow|[upkeep]\n|-heal|p2a: Sinistcha|69\/100 tox|[from] item: Leftovers\n|-damage|p2b: Ninetales|37\/100 tox|[from] psn\n|-damage|p2a: Sinistcha|63\/100 tox|[from] psn\n|upkeep\n|\n|t:|1700013664\n|switch|p1a: Glimmora|Glimmora, L50, M|100\/100\n|turn|8\n|\n|t:|1700013674\n|-curestatus|p1b: Articuno|slp|[msg]\n|move|p1b: Articuno|Shadow Ball|p2a: Sinistcha\n|-supereffective|p2a: Sinistcha\n|-damage|p2a: Sinistcha|0 fnt\n|faint|p2a: Sinistcha\n|move|p1a: Glimmora|Power Gem|p2b: Ninetales\n|-supereffective|p2b: Ninetales\n|-damage|p2b: Ninetales|0 fnt\n|faint|p2b: Ninetales\n|\n|-weather|Snow|[upkeep]\n|-sideend|p1: Qwano|move: Tailwind\n|-sideend|p2: thebuggerman|move: Aurora Veil\n|upkeep\n|\n|t:|1700013685\n|switch|p2b: Vivillon|Vivillon-Polar, L50, M, shiny|65\/100 tox\n|turn|9\n|\n|t:|1700013694\n|-terastallize|p2b: Vivillon|Steel\n|move|p1b: Articuno|Hurricane|p2b: Vivillon\n|-resisted|p2b: Vivillon\n|-damage|p2b: Vivillon|0 fnt\n|faint|p2b: Vivillon\n|\n|win|Qwano\n|raw|Qwano's rating: 1167 &rarr; <strong>1197<\/strong><br \/>(+30 for winning)\n|raw|thebuggerman's rating: 1242 &rarr; <strong>1212<\/strong><br \/>(-30 for losing)\n|c|\u2606thebuggerman|gg\n","uploadtime":1700013702,"views":13,"p1id":"qwano","p2id":"thebuggerman","formatid":"gen9vgc2023regulatione","rating":1197,"private":0,"password":""}