{"id":"gen9vgc2023regulatione-1998230118","p1":"flotandocomoespuma","p2":"Y2023","format":"[Gen 9] VGC 2023 Regulation E","log":"|j|\u2606flotandocomoespuma\n|j|\u2606Y2023\n|t:|1700916630\n|gametype|doubles\n|player|p1|flotandocomoespuma|clown|1475\n|player|p2|Y2023|lucas|1570\n|teamsize|p1|6\n|teamsize|p2|6\n|gen|9\n|tier|[Gen 9] VGC 2023 Regulation E\n|rated|\n|rule|Species Clause: Limit one of each Pok\u00e9mon\n|rule|Item Clause: Limit one of each item\n|clearpoke\n|poke|p1|Tornadus, L50, M|\n|poke|p1|Ogerpon, L50, F|\n|poke|p1|Urshifu-*, L50, F|\n|poke|p1|Flutter Mane, L50|\n|poke|p1|Heatran, L50, M|\n|poke|p1|Iron Hands, L50|\n|poke|p2|Basculegion, L50, M|\n|poke|p2|Ogerpon-Hearthflame, L50, F|\n|poke|p2|Tornadus, L50, M|\n|poke|p2|Flutter Mane, L50|\n|poke|p2|Arcanine-Hisui, L50, M|\n|poke|p2|Urshifu-*, L50, F|\n|teampreview|4\n|inactive|Battle timer is ON: inactive players will automatically lose when time's up. (requested by Y2023)\nY2023 rejected open team sheets.\n|\n|t:|1700916658\n|start\n|switch|p1a: Tornadus|Tornadus, L50, M|100\/100\n|switch|p1b: Urshifu|Urshifu-Rapid-Strike, L50, F|100\/100\n|switch|p2a: Ouragan du Soleil|Tornadus, L50, M|100\/100\n|switch|p2b: Yip Man|Urshifu, L50, F|100\/100\n|turn|1\n|\n|t:|1700916676\n|move|p2a: Ouragan du Soleil|Taunt|p1a: Tornadus\n|-start|p1a: Tornadus|move: Taunt\n|cant|p1a: Tornadus|move: Taunt|Tailwind\n|move|p2b: Yip Man|Close Combat|p1b: Urshifu\n|-damage|p1b: Urshifu|10\/100\n|-unboost|p2b: Yip Man|def|1\n|-unboost|p2b: Yip Man|spd|1\n|move|p1b: Urshifu|Surging Strikes|p2b: Yip Man\n|-crit|p2b: Yip Man\n|-damage|p2b: Yip Man|65\/100\n|-crit|p2b: Yip Man\n|-damage|p2b: Yip Man|27\/100\n|-crit|p2b: Yip Man\n|-damage|p2b: Yip Man|0 fnt\n|faint|p2b: Yip Man\n|-hitcount|p2: Yip Man|3\n|\n|upkeep\n|\n|t:|1700916681\n|switch|p2b: Lune Spectrale|Flutter Mane, L50|100\/100\n|turn|2\n|\n|t:|1700916701\n|move|p2a: Ouragan du Soleil|Sunny Day|p2a: Ouragan du Soleil\n|-weather|SunnyDay\n|-activate|p2b: Lune Spectrale|ability: Protosynthesis\n|-start|p2b: Lune Spectrale|protosynthesisspa\n|move|p1b: Urshifu|Aqua Jet|p2b: Lune Spectrale\n|-damage|p2b: Lune Spectrale|70\/100\n|move|p2b: Lune Spectrale|Dazzling Gleam|p1b: Urshifu|[spread] p1a,p1b\n|-supereffective|p1b: Urshifu\n|-damage|p1a: Tornadus|25\/100\n|-damage|p1b: Urshifu|0 fnt\n|faint|p1b: Urshifu\n|move|p1a: Tornadus|Bleakwind Storm|p2a: Ouragan du Soleil|[spread] \n|-miss|p1a: Tornadus|p2a: Ouragan du Soleil\n|-miss|p1a: Tornadus|p2b: Lune Spectrale\n|\n|-weather|SunnyDay|[upkeep]\n|upkeep\n|\n|t:|1700916718\n|switch|p1b: Ogerpon|Ogerpon, L50, F|100\/100\n|turn|3\n|\n|t:|1700916735\n|-terastallize|p2b: Lune Spectrale|Fairy\n|move|p1b: Ogerpon|Spiky Shield|p1b: Ogerpon\n|-singleturn|p1b: Ogerpon|move: Protect\n|move|p2a: Ouragan du Soleil|Tailwind|p2a: Ouragan du Soleil\n|-sidestart|p2: Y2023|move: Tailwind\n|move|p2b: Lune Spectrale|Dazzling Gleam|p1b: Ogerpon|[spread] p1a\n|-activate|p1b: Ogerpon|move: Protect\n|-damage|p1a: Tornadus|0 fnt\n|faint|p1a: Tornadus\n|\n|-weather|SunnyDay|[upkeep]\n|upkeep\n|\n|t:|1700916744\n|switch|p1a: El Mafioso|Iron Hands, L50, shiny|100\/100\n|turn|4\n|\n|t:|1700916752\n|-end|p2b: Lune Spectrale|Protosynthesis|[silent]\n|switch|p2b: Vengeance|Basculegion, L50, M|100\/100\n|-terastallize|p1b: Ogerpon|Grass\n|detailschange|p1b: Ogerpon|Ogerpon-Teal-Tera, L50, F, tera:Grass\n|-ability|p1b: Ogerpon|Embody Aspect (Teal)|boost\n|-boost|p1b: Ogerpon|spe|1\n|move|p1a: El Mafioso|Fake Out|p2a: Ouragan du Soleil\n|-damage|p2a: Ouragan du Soleil|79\/100\n|move|p2a: Ouragan du Soleil|Bleakwind Storm|p1a: El Mafioso|[spread] p1a,p1b\n|-supereffective|p1b: Ogerpon\n|-damage|p1a: El Mafioso|83\/100\n|-damage|p1b: Ogerpon|30\/100\n|-unboost|p1a: El Mafioso|spe|1\n|-unboost|p1b: Ogerpon|spe|1\n|move|p1b: Ogerpon|Ivy Cudgel|p2b: Vengeance\n|-supereffective|p2b: Vengeance\n|-crit|p2b: Vengeance\n|-damage|p2b: Vengeance|0 fnt\n|faint|p2b: Vengeance\n|\n|-weather|SunnyDay|[upkeep]\n|upkeep\n|\n|t:|1700916757\n|switch|p2b: Lune Spectrale|Flutter Mane, L50, tera:Fairy|70\/100\n|-activate|p2b: Lune Spectrale|ability: Protosynthesis\n|-start|p2b: Lune Spectrale|protosynthesisspa\n|turn|5\n|\n|t:|1700916774\n|move|p1b: Ogerpon|Spiky Shield|p1b: Ogerpon\n|-singleturn|p1b: Ogerpon|move: Protect\n|move|p2b: Lune Spectrale|Dazzling Gleam|p1a: El Mafioso|[spread] p1a\n|-activate|p1b: Ogerpon|move: Protect\n|-supereffective|p1a: El Mafioso\n|-damage|p1a: El Mafioso|2\/100\n|move|p2a: Ouragan du Soleil|Bleakwind Storm|p1a: El Mafioso|[spread] \n|-activate|p1b: Ogerpon|move: Protect\n|-miss|p2a: Ouragan du Soleil|p1a: El Mafioso\n|move|p1a: El Mafioso|Wild Charge|p2a: Ouragan du Soleil\n|-supereffective|p2a: Ouragan du Soleil\n|-damage|p2a: Ouragan du Soleil|0 fnt\n|faint|p2a: Ouragan du Soleil\n|-damage|p1a: El Mafioso|0 fnt|[from] Recoil\n|faint|p1a: El Mafioso\n|-end|p1a: El Mafioso|Quark Drive|[silent]\n|\n|-weather|SunnyDay|[upkeep]\n|upkeep\n|turn|6\n|c|\u2606Y2023|gg\n|\n|t:|1700916794\n|move|p1b: Ogerpon|Spiky Shield||[still]\n|-fail|p1b: Ogerpon\n|move|p2b: Lune Spectrale|Dazzling Gleam|p1b: Ogerpon\n|-damage|p1b: Ogerpon|0 fnt\n|faint|p1b: Ogerpon\n|\n|win|Y2023\n|raw|flotandocomoespuma's rating: 1475 &rarr; <strong>1460<\/strong><br \/>(-15 for losing)\n|raw|Y2023's rating: 1570 &rarr; <strong>1585<\/strong><br \/>(+15 for winning)\n|l|\u2606flotandocomoespuma\n","uploadtime":1700916811,"views":3,"p1id":"flotandocomoespuma","p2id":"y2023","formatid":"gen9vgc2023regulatione","rating":1460,"private":0,"password":""}