{"id":"gen9vgc2023regulatione-1999345927","p1":"soleilfe","p2":"Zealssb1899","format":"[Gen 9] VGC 2023 Regulation E","log":"|j|\u2606soleilfe\n|j|\u2606Zealssb1899\n|n|\u2606soleilfe|soleilfe\n|n|\u2606Zealssb1899|zealssb1899\n|html|View the match progress at <a href=\"\/game-bestof3-gen9vgc2023regulatione-1999345926\">game-bestof3-gen9vgc2023regulatione-1999345926<\/a>\n|t:|1701063985\n|gametype|doubles\n|player|p1|soleilfe|hilda-wonderlauncher|\n|player|p2|Zealssb1899|roxanne|\n|teamsize|p1|6\n|teamsize|p2|6\n|gen|9\n|tier|[Gen 9] VGC 2023 Regulation E\n|rule|Species Clause: Limit one of each Pok\u00e9mon\n|rule|Item Clause: Limit one of each item\n|clearpoke\n|poke|p1|Ogerpon-Wellspring, L50, F|\n|poke|p1|Zapdos-Galar, L50|\n|poke|p1|Milotic, L50, F|\n|poke|p1|Vaporeon, L50, F|\n|poke|p1|Salamence, L50, F|\n|poke|p1|Victreebel, L50, F|\n|poke|p2|Garchomp, L50, F|\n|poke|p2|Meowscarada, L50, F|\n|poke|p2|Skeledirge, L50, M|\n|poke|p2|Scream Tail, L50|\n|poke|p2|Lilligant-Hisui, L50, F|\n|poke|p2|Ogerpon-Hearthflame, L50, F|\n|teampreview|4\n|\n|t:|1701064058\n|start\n|switch|p1a: Saladmince|Salamence, L50, F|100\/100\n|switch|p1b: Slay Queen|Milotic, L50, F, shiny|100\/100\n|switch|p2a: Kirb|Scream Tail, L50|100\/100\n|switch|p2b: Gex|Skeledirge, L50, M|100\/100\n|-ability|p1a: Saladmince|Intimidate|boost\n|-unboost|p2a: Kirb|atk|1\n|-unboost|p2b: Gex|atk|1\n|turn|1\n|inactive|Battle timer is ON: inactive players will automatically lose when time's up. (requested by soleilfe)\n|\n|t:|1701064093\n|-terastallize|p2b: Gex|Grass\n|move|p2a: Kirb|Light Screen|p2a: Kirb\n|-sidestart|p2: Zealssb1899|move: Light Screen\n|move|p1b: Slay Queen|Coil|p1b: Slay Queen\n|-boost|p1b: Slay Queen|atk|1\n|-boost|p1b: Slay Queen|def|1\n|-boost|p1b: Slay Queen|accuracy|1\n|move|p1a: Saladmince|Tailwind|p1a: Saladmince\n|-sidestart|p1: soleilfe|move: Tailwind\n|move|p2b: Gex|Tera Blast|p1b: Slay Queen|[anim] Tera Blast Grass\n|-supereffective|p1b: Slay Queen\n|-damage|p1b: Slay Queen|50\/100\n|\n|upkeep\n|turn|2\n|inactive|soleilfe has 30 seconds left.\n|inactive|Zealssb1899 has 30 seconds left.\n|inactive|Zealssb1899 has 20 seconds left.\n|\n|t:|1701064132\n|move|p1b: Slay Queen|Hypnosis|p2a: Kirb\n|-status|p2a: Kirb|slp|[from] move: Hypnosis\n|move|p1a: Saladmince|Dual Wingbeat|p2b: Gex\n|-supereffective|p2b: Gex\n|-damage|p2b: Gex|78\/100\n|-supereffective|p2b: Gex\n|-damage|p2b: Gex|55\/100\n|-hitcount|p2b: Gex|2\n|cant|p2a: Kirb|slp\n|move|p2b: Gex|Tera Blast|p1b: Slay Queen|[anim] Tera Blast Grass\n|-supereffective|p1b: Slay Queen\n|-damage|p1b: Slay Queen|0 fnt\n|faint|p1b: Slay Queen\n|\n|-heal|p2b: Gex|61\/100|[from] item: Leftovers\n|upkeep\n|\n|t:|1701064146\n|switch|p1b: Choco-bro|Zapdos-Galar, L50, shiny|100\/100\n|turn|3\n|inactive|soleilfe has 30 seconds left.\n|\n|t:|1701064181\n|move|p1b: Choco-bro|Brave Bird|p2b: Gex\n|-supereffective|p2b: Gex\n|-damage|p2b: Gex|0 fnt\n|faint|p2b: Gex\n|-damage|p1b: Choco-bro|75\/100|[from] Recoil\n|move|p1a: Saladmince|Dual Wingbeat|p2a: Kirb|[miss]\n|-miss|p1a: Saladmince|p2a: Kirb\n|cant|p2a: Kirb|slp\n|\n|upkeep\n|\n|t:|1701064184\n|switch|p2b: Pyra Fsmash|Ogerpon-Hearthflame, L50, F|100\/100\n|-ability|p2b: Pyra Fsmash|Mold Breaker\n|turn|4\n|inactive|soleilfe has 30 seconds left.\n|\n|t:|1701064211\n|switch|p1a: ( \u0361\u00b0 \u035c\u0296 \u0361\u00b0)|Vaporeon, L50, F|100\/100\n|move|p2b: Pyra Fsmash|Spiky Shield|p2b: Pyra Fsmash\n|-singleturn|p2b: Pyra Fsmash|move: Protect\n|move|p1b: Choco-bro|Brave Bird|p2b: Pyra Fsmash\n|-activate|p2b: Pyra Fsmash|move: Protect\n|-damage|p1b: Choco-bro|63\/100|[from] Spiky Shield|[of] p2b: Pyra Fsmash\n|cant|p2a: Kirb|slp\n|\n|-sideend|p1: soleilfe|move: Tailwind\n|upkeep\n|turn|5\n|inactive|Zealssb1899 has 30 seconds left.\n|\n|t:|1701064236\n|switch|p1b: Saladmince|Salamence, L50, F|100\/100\n|-ability|p1b: Saladmince|Intimidate|boost\n|-unboost|p2a: Kirb|atk|1\n|-unboost|p2b: Pyra Fsmash|atk|1\n|switch|p2b: Dancer|Lilligant-Hisui, L50, F|100\/100\n|-curestatus|p2a: Kirb|slp|[msg]\n|move|p2a: Kirb|Dazzling Gleam|p1b: Saladmince|[spread] p1a,p1b\n|-supereffective|p1b: Saladmince\n|-damage|p1a: ( \u0361\u00b0 \u035c\u0296 \u0361\u00b0)|88\/100\n|-damage|p1b: Saladmince|82\/100\n|move|p1a: ( \u0361\u00b0 \u035c\u0296 \u0361\u00b0)|Icy Wind|p2b: Dancer|[spread] p2a,p2b\n|-supereffective|p2b: Dancer\n|-damage|p2a: Kirb|95\/100\n|-damage|p2b: Dancer|79\/100\n|-unboost|p2a: Kirb|spe|1\n|-unboost|p2b: Dancer|spe|1\n|\n|-heal|p1a: ( \u0361\u00b0 \u035c\u0296 \u0361\u00b0)|94\/100|[from] item: Leftovers\n|upkeep\n|turn|6\n|\n|t:|1701064259\n|move|p1b: Saladmince|Tailwind|p1b: Saladmince\n|-sidestart|p1: soleilfe|move: Tailwind\n|move|p1a: ( \u0361\u00b0 \u035c\u0296 \u0361\u00b0)|Icy Wind|p2b: Dancer|[spread] p2a,p2b\n|-supereffective|p2b: Dancer\n|-damage|p2a: Kirb|90\/100\n|-damage|p2b: Dancer|58\/100\n|-unboost|p2a: Kirb|spe|1\n|-unboost|p2b: Dancer|spe|1\n|move|p2a: Kirb|Dazzling Gleam|p1b: Saladmince|[spread] p1a,p1b\n|-crit|p1a: ( \u0361\u00b0 \u035c\u0296 \u0361\u00b0)\n|-supereffective|p1b: Saladmince\n|-damage|p1a: ( \u0361\u00b0 \u035c\u0296 \u0361\u00b0)|77\/100\n|-damage|p1b: Saladmince|61\/100\n|move|p2b: Dancer|Sleep Powder|p1a: ( \u0361\u00b0 \u035c\u0296 \u0361\u00b0)\n|-status|p1a: ( \u0361\u00b0 \u035c\u0296 \u0361\u00b0)|slp|[from] move: Sleep Powder\n|\n|-heal|p1a: ( \u0361\u00b0 \u035c\u0296 \u0361\u00b0)|83\/100 slp|[from] item: Leftovers\n|upkeep\n|turn|7\n|\n|t:|1701064283\n|move|p1b: Saladmince|Draco Meteor|p2b: Dancer\n|-damage|p2b: Dancer|7\/100\n|-unboost|p1b: Saladmince|spa|2\n|cant|p1a: ( \u0361\u00b0 \u035c\u0296 \u0361\u00b0)|slp\n|move|p2a: Kirb|Reflect|p2a: Kirb\n|-sidestart|p2: Zealssb1899|Reflect\n|move|p2b: Dancer|Sleep Powder|p1b: Saladmince\n|-status|p1b: Saladmince|slp|[from] move: Sleep Powder\n|\n|-heal|p1a: ( \u0361\u00b0 \u035c\u0296 \u0361\u00b0)|89\/100 slp|[from] item: Leftovers\n|upkeep\n|turn|8\n|\n|t:|1701064296\n|cant|p1b: Saladmince|slp\n|-curestatus|p1a: ( \u0361\u00b0 \u035c\u0296 \u0361\u00b0)|slp|[msg]\n|move|p1a: ( \u0361\u00b0 \u035c\u0296 \u0361\u00b0)|Icy Wind|p2b: Dancer|[spread] p2a,p2b\n|-supereffective|p2b: Dancer\n|-damage|p2a: Kirb|85\/100\n|-damage|p2b: Dancer|0 fnt\n|-unboost|p2a: Kirb|spe|1\n|faint|p2b: Dancer\n|move|p2a: Kirb|Dazzling Gleam|p1a: ( \u0361\u00b0 \u035c\u0296 \u0361\u00b0)|[spread] p1a,p1b\n|-supereffective|p1b: Saladmince\n|-damage|p1a: ( \u0361\u00b0 \u035c\u0296 \u0361\u00b0)|77\/100\n|-damage|p1b: Saladmince|39\/100 slp\n|\n|-heal|p1a: ( \u0361\u00b0 \u035c\u0296 \u0361\u00b0)|83\/100|[from] item: Leftovers\n|-sideend|p2: Zealssb1899|move: Light Screen\n|upkeep\n|\n|t:|1701064301\n|switch|p2b: Pyra Fsmash|Ogerpon-Hearthflame, L50, F|100\/100\n|-ability|p2b: Pyra Fsmash|Mold Breaker\n|turn|9\n|\n|t:|1701064320\n|switch|p1b: Choco-bro|Zapdos-Galar, L50, shiny|63\/100\n|move|p1a: ( \u0361\u00b0 \u035c\u0296 \u0361\u00b0)|Protect|p1a: ( \u0361\u00b0 \u035c\u0296 \u0361\u00b0)\n|-singleturn|p1a: ( \u0361\u00b0 \u035c\u0296 \u0361\u00b0)|Protect\n|move|p2b: Pyra Fsmash|Horn Leech|p1a: ( \u0361\u00b0 \u035c\u0296 \u0361\u00b0)\n|-activate|p1a: ( \u0361\u00b0 \u035c\u0296 \u0361\u00b0)|move: Protect\n|move|p2a: Kirb|Dazzling Gleam|p1a: ( \u0361\u00b0 \u035c\u0296 \u0361\u00b0)|[spread] p1b\n|-activate|p1a: ( \u0361\u00b0 \u035c\u0296 \u0361\u00b0)|move: Protect\n|-supereffective|p1b: Choco-bro\n|-damage|p1b: Choco-bro|29\/100\n|\n|-heal|p1a: ( \u0361\u00b0 \u035c\u0296 \u0361\u00b0)|89\/100|[from] item: Leftovers\n|-sideend|p1: soleilfe|move: Tailwind\n|upkeep\n|turn|10\n|\n|t:|1701064350\n|-terastallize|p1a: ( \u0361\u00b0 \u035c\u0296 \u0361\u00b0)|Fire\n|move|p1b: Choco-bro|U-turn|p2a: Kirb\n|-damage|p2a: Kirb|73\/100\n|\n|t:|1701064353\n|switch|p1b: Saladmince|Salamence, L50, F|39\/100 slp|[from] U-turn\n|-ability|p1b: Saladmince|Intimidate|boost\n|-unboost|p2a: Kirb|atk|1\n|-unboost|p2b: Pyra Fsmash|atk|1\n|move|p2b: Pyra Fsmash|Play Rough|p1b: Saladmince\n|-supereffective|p1b: Saladmince\n|-damage|p1b: Saladmince|0 fnt\n|faint|p1b: Saladmince\n|move|p1a: ( \u0361\u00b0 \u035c\u0296 \u0361\u00b0)|Scald|p2b: Pyra Fsmash\n|-damage|p2b: Pyra Fsmash|75\/100\n|move|p2a: Kirb|Dazzling Gleam|p1a: ( \u0361\u00b0 \u035c\u0296 \u0361\u00b0)\n|-resisted|p1a: ( \u0361\u00b0 \u035c\u0296 \u0361\u00b0)\n|-damage|p1a: ( \u0361\u00b0 \u035c\u0296 \u0361\u00b0)|81\/100\n|\n|-heal|p1a: ( \u0361\u00b0 \u035c\u0296 \u0361\u00b0)|87\/100|[from] item: Leftovers\n|upkeep\n|\n|t:|1701064367\n|switch|p1b: Choco-bro|Zapdos-Galar, L50, shiny|29\/100\n|turn|11\n|inactive|soleilfe has 30 seconds left.\n|inactive|Zealssb1899 has 30 seconds left.\n|\n|t:|1701064400\n|move|p1b: Choco-bro|Brave Bird|p2b: Pyra Fsmash\n|-supereffective|p2b: Pyra Fsmash\n|-damage|p2b: Pyra Fsmash|0 fnt\n|faint|p2b: Pyra Fsmash\n|-damage|p1b: Choco-bro|6\/100|[from] Recoil\n|move|p1a: ( \u0361\u00b0 \u035c\u0296 \u0361\u00b0)|Scald|p2a: Kirb\n|-damage|p2a: Kirb|50\/100\n|move|p2a: Kirb|Reflect||[still]\n|-fail|p2a: Kirb\n|\n|-heal|p1a: ( \u0361\u00b0 \u035c\u0296 \u0361\u00b0)|93\/100|[from] item: Leftovers\n|upkeep\n|turn|12\n|\n|t:|1701064415\n|move|p1b: Choco-bro|Brave Bird|p2a: Kirb\n|-damage|p2a: Kirb|15\/100\n|-damage|p1b: Choco-bro|0 fnt|[from] Recoil\n|faint|p1b: Choco-bro\n|move|p1a: ( \u0361\u00b0 \u035c\u0296 \u0361\u00b0)|Scald|p2a: Kirb\n|-damage|p2a: Kirb|0 fnt\n|faint|p2a: Kirb\n|-end|p2a: Kirb|Protosynthesis|[silent]\n|\n|win|soleilfe\n|c|&|\/uhtml prompt-zealssb1899,Zealssb1899 is ready for game 2!\n|c|&|\/uhtml prompt-soleilfe,soleilfe is ready for game 2!\nBoth players are ready! Starting next match!\n|l|\u2606Zealssb1899\n","uploadtime":1701064725,"views":42,"p1id":"soleilfe","p2id":"zealssb1899","formatid":"gen9vgc2023regulatione","rating":0,"private":0,"password":""}