{"id":"gen9vgc2023regulatione-1991408700","p1":"QTwo","p2":"previouslyunnamed","format":"[Gen 9] VGC 2023 Regulation E","log":"|j|\u2606QTwo\n|j|\u2606previouslyunnamed\n|t:|1700074630\n|gametype|doubles\n|player|p1|QTwo|red|1611\n|player|p2|previouslyunnamed|ryuki|1719\n|teamsize|p1|6\n|teamsize|p2|6\n|gen|9\n|tier|[Gen 9] VGC 2023 Regulation E\n|rated|\n|rule|Species Clause: Limit one of each Pok\u00e9mon\n|rule|Item Clause: Limit one of each item\n|clearpoke\n|poke|p1|Chi-Yu, L50|\n|poke|p1|Iron Hands, L50|\n|poke|p1|Torkoal, L50, F|\n|poke|p1|Dusclops, L50, M|\n|poke|p1|Iron Bundle, L50|\n|poke|p1|Rillaboom, L50, F|\n|poke|p2|Farigiraf, L50, M|\n|poke|p2|Ursaluna, L50, M|\n|poke|p2|Flutter Mane, L50|\n|poke|p2|Heatran, L50, M|\n|poke|p2|Urshifu-*, L50, M|\n|poke|p2|Tornadus, L50, M|\n|teampreview|4\n|inactive|Battle timer is ON: inactive players will automatically lose when time's up. (requested by previouslyunnamed)\n|inactive|QTwo also wants the timer to be on.\n|\n|t:|1700074657\n|start\n|switch|p1a: Iron Bundle|Iron Bundle, L50|100\/100\n|switch|p1b: Chi-Yu|Chi-Yu, L50|100\/100\n|switch|p2a: Farigiraf|Farigiraf, L50, M, shiny|100\/100\n|switch|p2b: Flutter Mane|Flutter Mane, L50|100\/100\n|-ability|p1b: Chi-Yu|Beads of Ruin\n|-enditem|p1a: Iron Bundle|Booster Energy\n|-activate|p1a: Iron Bundle|ability: Quark Drive|[fromitem]\n|-start|p1a: Iron Bundle|quarkdrivespe\n|turn|1\n|\n|t:|1700074673\n|switch|p2a: Heatran|Heatran, L50, M|100\/100\n|-terastallize|p2b: Flutter Mane|Fairy\n|move|p1a: Iron Bundle|Icy Wind|p2b: Flutter Mane|[spread] p2a,p2b\n|-resisted|p2a: Heatran\n|-damage|p2a: Heatran|93\/100\n|-damage|p2b: Flutter Mane|74\/100\n|-unboost|p2a: Heatran|spe|1\n|-unboost|p2b: Flutter Mane|spe|1\n|move|p1b: Chi-Yu|Snarl|p2a: Heatran|[spread] p2a,p2b\n|-resisted|p2b: Flutter Mane\n|-damage|p2a: Heatran|46\/100\n|-damage|p2b: Flutter Mane|49\/100\n|-unboost|p2a: Heatran|spa|1\n|-unboost|p2b: Flutter Mane|spa|1\n|move|p2b: Flutter Mane|Moonblast|p1b: Chi-Yu\n|-damage|p1b: Chi-Yu|19\/100\n|\n|upkeep\n|turn|2\n|\n|t:|1700074689\n|move|p1a: Iron Bundle|Icy Wind|p2b: Flutter Mane|[spread] p2a\n|-miss|p1a: Iron Bundle|p2b: Flutter Mane\n|-resisted|p2a: Heatran\n|-damage|p2a: Heatran|39\/100\n|-unboost|p2a: Heatran|spe|1\n|move|p1b: Chi-Yu|Snarl|p2a: Heatran|[spread] p2b\n|-miss|p1b: Chi-Yu|p2a: Heatran\n|-resisted|p2b: Flutter Mane\n|-damage|p2b: Flutter Mane|25\/100\n|-unboost|p2b: Flutter Mane|spa|1\n|move|p2b: Flutter Mane|Moonblast|p1a: Iron Bundle\n|-crit|p1a: Iron Bundle\n|-damage|p1a: Iron Bundle|0 fnt\n|faint|p1a: Iron Bundle\n|-end|p1a: Iron Bundle|Quark Drive|[silent]\n|move|p2a: Heatran|Heat Wave|p1b: Chi-Yu\n|-resisted|p1b: Chi-Yu\n|-damage|p1b: Chi-Yu|0 fnt\n|faint|p1b: Chi-Yu\n|-damage|p2a: Heatran|30\/100|[from] item: Life Orb\n|\n|upkeep\n|\n|t:|1700074702\n|switch|p1a: Iron Hands|Iron Hands, L50|100\/100\n|switch|p1b: Rillaboom|Rillaboom, L50, F|100\/100\n|-fieldstart|move: Grassy Terrain|[from] ability: Grassy Surge|[of] p1b: Rillaboom\n|turn|3\n|\n|t:|1700074724\n|-end|p2b: Flutter Mane|Protosynthesis|[silent]\n|switch|p2b: Urshifu|Urshifu, L50, M|100\/100\n|switch|p2a: Farigiraf|Farigiraf, L50, M, shiny|100\/100\n|-terastallize|p1a: Iron Hands|Water\n|move|p1b: Rillaboom|High Horsepower|p2a: Farigiraf\n|-damage|p2a: Farigiraf|74\/100\n|move|p1a: Iron Hands|Heavy Slam|p2b: Urshifu\n|-damage|p2b: Urshifu|70\/100\n|\n|-heal|p2b: Urshifu|76\/100|[from] Grassy Terrain\n|-heal|p2a: Farigiraf|80\/100|[from] Grassy Terrain\n|upkeep\n|turn|4\n|inactive|previouslyunnamed has 30 seconds left.\n|\n|t:|1700074751\n|move|p2b: Urshifu|Detect|p2b: Urshifu\n|-singleturn|p2b: Urshifu|Protect\n|move|p1b: Rillaboom|Knock Off|p2a: Farigiraf\n|-supereffective|p2a: Farigiraf\n|-damage|p2a: Farigiraf|21\/100\n|-enditem|p2a: Farigiraf|Safety Goggles|[from] move: Knock Off|[of] p1b: Rillaboom\n|move|p2a: Farigiraf|Dazzling Gleam|p1b: Rillaboom|[spread] p1a,p1b\n|-damage|p1a: Iron Hands|93\/100\n|-damage|p1b: Rillaboom|85\/100\n|move|p1a: Iron Hands|Drain Punch|p2b: Urshifu\n|-activate|p2b: Urshifu|move: Protect\n|\n|-heal|p2b: Urshifu|82\/100|[from] Grassy Terrain\n|-heal|p1b: Rillaboom|90\/100|[from] Grassy Terrain\n|-heal|p2a: Farigiraf|27\/100|[from] Grassy Terrain\n|-heal|p1a: Iron Hands|99\/100|[from] Grassy Terrain\n|upkeep\n|turn|5\n|j| neusrel\n|\n|t:|1700074769\n|move|p2a: Farigiraf|Helping Hand|p2b: Urshifu\n|-singleturn|p2b: Urshifu|Helping Hand|[of] p2a: Farigiraf\n|move|p2b: Urshifu|Wicked Blow|p1a: Iron Hands\n|-crit|p1a: Iron Hands\n|-damage|p1a: Iron Hands|38\/100\n|move|p1b: Rillaboom|High Horsepower|p2a: Farigiraf\n|-damage|p2a: Farigiraf|0 fnt\n|faint|p2a: Farigiraf\n|move|p1a: Iron Hands|Drain Punch|p2b: Urshifu\n|-supereffective|p2b: Urshifu\n|-damage|p2b: Urshifu|0 fnt\n|-heal|p1a: Iron Hands|68\/100|[from] drain|[of] p2b: Urshifu\n|faint|p2b: Urshifu\n|\n|-heal|p1b: Rillaboom|96\/100|[from] Grassy Terrain\n|-heal|p1a: Iron Hands|74\/100|[from] Grassy Terrain\n|upkeep\n|\n|t:|1700074780\n|switch|p2b: Flutter Mane|Flutter Mane, L50, tera:Fairy|25\/100\n|switch|p2a: Heatran|Heatran, L50, M|30\/100\n|turn|6\n|\n|t:|1700074788\n|move|p1b: Rillaboom|Grassy Glide|p2b: Flutter Mane\n|-damage|p2b: Flutter Mane|0 fnt\n|faint|p2b: Flutter Mane\n|-end|p2b: Flutter Mane|Protosynthesis|[silent]\n|move|p2a: Heatran|Heat Wave|p1a: Iron Hands|[spread] p1a,p1b\n|-resisted|p1a: Iron Hands\n|-supereffective|p1b: Rillaboom\n|-damage|p1a: Iron Hands|60\/100\n|-damage|p1b: Rillaboom|0 fnt\n|faint|p1b: Rillaboom\n|-damage|p2a: Heatran|20\/100|[from] item: Life Orb\n|move|p1a: Iron Hands|Drain Punch|p2a: Heatran\n|-supereffective|p2a: Heatran\n|-crit|p2a: Heatran\n|-damage|p2a: Heatran|0 fnt\n|-heal|p1a: Iron Hands|67\/100|[from] drain|[of] p2a: Heatran\n|faint|p2a: Heatran\n|\n|win|QTwo\n|raw|QTwo's rating: 1611 &rarr; <strong>1637<\/strong><br \/>(+26 for winning)\n|raw|previouslyunnamed's rating: 1719 &rarr; <strong>1693<\/strong><br \/>(-26 for losing)\n|l|\u2606previouslyunnamed\n|c|\u2606QTwo|gg\n","uploadtime":1700074802,"views":18,"p1id":"qtwo","p2id":"previouslyunnamed","formatid":"gen9vgc2023regulatione","rating":1637,"private":0,"password":""}