{"id":"gen9vgc2023regulatione-2000057869","p1":"hehheiamcheese","p2":"innapproppriate","format":"[Gen 9] VGC 2023 Regulation E","log":"|j|\u2606hehheiamcheese\n|j|\u2606innapproppriate\n|t:|1701147349\n|gametype|doubles\n|player|p1|hehheiamcheese|hilbert|1066\n|player|p2|innapproppriate|dawn|1128\n|teamsize|p1|6\n|teamsize|p2|6\n|gen|9\n|tier|[Gen 9] VGC 2023 Regulation E\n|rated|\n|rule|Species Clause: Limit one of each Pok\u00e9mon\n|rule|Item Clause: Limit one of each item\n|clearpoke\n|poke|p1|Baxcalibur, L50, M|\n|poke|p1|Flutter Mane, L50|\n|poke|p1|Arcanine-Hisui, L50, M|\n|poke|p1|Torterra, L50, M|\n|poke|p1|Iron Bundle, L50|\n|poke|p1|Grimmsnarl, L50, M|\n|poke|p2|Urshifu-*, L50, M|\n|poke|p2|Rillaboom, L50, M|\n|poke|p2|Chien-Pao, L50|\n|poke|p2|Tornadus, L50, M|\n|poke|p2|Heatran, L50, M|\n|poke|p2|Regieleki, L50|\n|teampreview|4\n|inactive|Battle timer is ON: inactive players will automatically lose when time's up. (requested by innapproppriate)\nhehheiamcheese rejected open team sheets.\n|c|\u2606hehheiamcheese|I love walmart\n|\n|t:|1701147376\n|start\n|switch|p1a: Walmart Incineroar|Grimmsnarl, L50, M|100\/100\n|switch|p1b: Arcanine|Arcanine-Hisui, L50, M|100\/100\n|switch|p2a: Regieleki|Regieleki, L50|100\/100\n|switch|p2b: Heatran|Heatran, L50, M, shiny|100\/100\n|-ability|p1b: Arcanine|Intimidate|boost\n|-unboost|p2a: Regieleki|atk|1\n|-unboost|p2b: Heatran|atk|1\n|-item|p2a: Regieleki|Life Orb|[from] ability: Frisk|[of] p1a: Walmart Incineroar|[identify]\n|-item|p2b: Heatran|Leftovers|[from] ability: Frisk|[of] p1a: Walmart Incineroar|[identify]\n|turn|1\n|c|\u2606hehheiamcheese|Snd Incineroar\n|c|\u2606innapproppriate|tf\n|c|\u2606hehheiamcheese|What\n|inactive|innapproppriate has 30 seconds left.\n|c|\u2606innapproppriate|what tf u saying\n|\n|t:|1701147409\n|move|p1a: Walmart Incineroar|Fake Out|p2a: Regieleki\n|-damage|p2a: Regieleki|75\/100\n|cant|p2a: Regieleki|flinch\n|move|p1b: Arcanine|Rock Slide|p2b: Heatran|[spread] p2a,p2b\n|-damage|p2a: Regieleki|25\/100\n|-damage|p2b: Heatran|81\/100\n|move|p2b: Heatran|Earth Power|p1b: Arcanine\n|-supereffective|p1b: Arcanine\n|-damage|p1b: Arcanine|0 fnt\n|faint|p1b: Arcanine\n|\n|-heal|p2b: Heatran|87\/100|[from] item: Leftovers\n|upkeep\n|c|\u2606hehheiamcheese|IDK\n|\n|t:|1701147423\n|switch|p1b: Flutter Mane|Flutter Mane, L50|100\/100\n|-enditem|p1b: Flutter Mane|Booster Energy\n|-activate|p1b: Flutter Mane|ability: Protosynthesis|[fromitem]\n|-start|p1b: Flutter Mane|protosynthesisspa\n|turn|2\n|c|\u2606hehheiamcheese|Am just saying stuff\n|c|\u2606innapproppriate|bro i can't see what it boosted\n|c|\u2606innapproppriate|walmat incin is too long\n|inactive|hehheiamcheese has 30 seconds left.\n|c|\u2606innapproppriate|yea\n|\n|t:|1701147454\n|-terastallize|p1a: Walmart Incineroar|Steel\n|move|p2a: Regieleki|Protect|p2a: Regieleki\n|-singleturn|p2a: Regieleki|Protect\n|move|p1b: Flutter Mane|Dazzling Gleam|p2a: Regieleki|[spread] p2b\n|-activate|p2a: Regieleki|move: Protect\n|-resisted|p2b: Heatran\n|-damage|p2b: Heatran|76\/100\n|move|p2b: Heatran|Heat Wave|p1a: Walmart Incineroar|[spread] p1a,p1b\n|-supereffective|p1a: Walmart Incineroar\n|-damage|p1a: Walmart Incineroar|23\/100\n|-damage|p1b: Flutter Mane|60\/100\n|-enditem|p1a: Walmart Incineroar|Iapapa Berry|[eat]\n|-heal|p1a: Walmart Incineroar|57\/100|[from] item: Iapapa Berry\n|move|p1a: Walmart Incineroar|Parting Shot|p2b: Heatran\n|-unboost|p2b: Heatran|atk|1\n|-unboost|p2b: Heatran|spa|1\n|\n|t:|1701147469\n|switch|p1a: Iron Bundle|Iron Bundle, L50|100\/100|[from] Parting Shot\n|\n|-heal|p2b: Heatran|82\/100|[from] item: Leftovers\n|upkeep\n|turn|3\n|\n|t:|1701147484\n|move|p1a: Iron Bundle|Protect|p1a: Iron Bundle\n|-singleturn|p1a: Iron Bundle|Protect\n|move|p2a: Regieleki|Volt Switch|p1a: Iron Bundle\n|-activate|p1a: Iron Bundle|move: Protect\n|move|p1b: Flutter Mane|Shadow Ball|p2a: Regieleki\n|-damage|p2a: Regieleki|0 fnt\n|faint|p2a: Regieleki\n|move|p2b: Heatran|Heat Wave|p1b: Flutter Mane|[spread] p1b\n|-activate|p1a: Iron Bundle|move: Protect\n|-damage|p1b: Flutter Mane|34\/100\n|\n|-heal|p2b: Heatran|88\/100|[from] item: Leftovers\n|upkeep\n|\n|t:|1701147495\n|switch|p2a: Urshifu|Urshifu-Rapid-Strike, L50, M|100\/100\n|turn|4\n|\n|t:|1701147510\n|switch|p2b: Chien-Pao|Chien-Pao, L50|100\/100\n|-ability|p2b: Chien-Pao|Sword of Ruin\n|move|p2a: Urshifu|Protect|p2a: Urshifu\n|-singleturn|p2a: Urshifu|Protect\n|move|p1a: Iron Bundle|Hydro Pump|p2b: Chien-Pao\n|-enditem|p2b: Chien-Pao|Focus Sash\n|-damage|p2b: Chien-Pao|1\/100\n|-damage|p1a: Iron Bundle|91\/100|[from] item: Life Orb\n|move|p1b: Flutter Mane|Dazzling Gleam|p2b: Chien-Pao|[spread] p2b\n|-activate|p2a: Urshifu|move: Protect\n|-supereffective|p2b: Chien-Pao\n|-damage|p2b: Chien-Pao|0 fnt\n|faint|p2b: Chien-Pao\n|\n|upkeep\n|\n|t:|1701147518\n|switch|p2b: Heatran|Heatran, L50, M, shiny|88\/100\n|turn|5\n|\n|t:|1701147535\n|-terastallize|p2a: Urshifu|Water\n|move|p2a: Urshifu|Aqua Jet|p1b: Flutter Mane\n|-damage|p1b: Flutter Mane|0 fnt\n|faint|p1b: Flutter Mane\n|-end|p1b: Flutter Mane|Protosynthesis|[silent]\n|move|p1a: Iron Bundle|Hydro Pump|p2b: Heatran\n|-supereffective|p2b: Heatran\n|-damage|p2b: Heatran|0 fnt\n|faint|p2b: Heatran\n|-damage|p1a: Iron Bundle|82\/100|[from] item: Life Orb\n|\n|upkeep\n|\n|t:|1701147545\n|switch|p1b: Walmart Incineroar|Grimmsnarl, L50, M, tera:Steel|57\/100\n|-item|p2a: Urshifu|Mystic Water|[from] ability: Frisk|[of] p1b: Walmart Incineroar|[identify]\n|turn|6\n|\n|t:|1701147557\n|move|p1b: Walmart Incineroar|Fake Out|p2a: Urshifu\n|-damage|p2a: Urshifu|88\/100\n|move|p1a: Iron Bundle|Freeze-Dry|p2a: Urshifu\n|-supereffective|p2a: Urshifu\n|-damage|p2a: Urshifu|0 fnt\n|faint|p2a: Urshifu\n|-damage|p1a: Iron Bundle|72\/100|[from] item: Life Orb\n|\n|win|hehheiamcheese\n|raw|hehheiamcheese's rating: 1066 &rarr; <strong>1101<\/strong><br \/>(+35 for winning)\n|raw|innapproppriate's rating: 1128 &rarr; <strong>1099<\/strong><br \/>(-29 for losing)\n|l|\u2606innapproppriate\n|c|\u2606hehheiamcheese|Do you love him?\n","uploadtime":1701147577,"views":2,"p1id":"hehheiamcheese","p2id":"innapproppriate","formatid":"gen9vgc2023regulatione","rating":1099,"private":0,"password":""}