{"id":"gen9vgc2023regulatione-1993390410","p1":"Slowbro1234","p2":"iadsa","format":"[Gen 9] VGC 2023 Regulation E","log":"|j|\u2606Slowbro1234\n|j|\u2606iadsa\n|t:|1700311033\n|gametype|doubles\n|player|p1|Slowbro1234|169|1024\n|player|p2|iadsa|169|1020\n|teamsize|p1|6\n|teamsize|p2|6\n|gen|9\n|tier|[Gen 9] VGC 2023 Regulation E\n|rated|\n|rule|Species Clause: Limit one of each Pok\u00e9mon\n|rule|Item Clause: Limit one of each item\n|clearpoke\n|poke|p1|Dondozo, L50, F|\n|poke|p1|Tatsugiri, L50, F|\n|poke|p1|Annihilape, L50, M|\n|poke|p1|Flamigo, L50, M|\n|poke|p1|Cetitan, L50, M|\n|poke|p1|Ting-Lu, L50|\n|poke|p2|Cresselia, L50, F|\n|poke|p2|Urshifu-*, L50, F|\n|poke|p2|Ursaluna-Bloodmoon, L50, M|\n|poke|p2|Glastrier, L50|\n|poke|p2|Iron Hands, L50|\n|poke|p2|Flutter Mane, L50|\n|teampreview|4\n|inactive|Battle timer is ON: inactive players will automatically lose when time's up. (requested by Slowbro1234)\n|\n|t:|1700311070\n|start\n|switch|p1a: Cetitan|Cetitan, L50, M|100\/100\n|switch|p1b: Annihilape|Annihilape, L50, M|100\/100\n|switch|p2a: Cresselia|Cresselia, L50, F|100\/100\n|switch|p2b: Ursaluna|Ursaluna-Bloodmoon, L50, M|100\/100\n|turn|1\n|inactive|Slowbro1234 has 30 seconds left.\n|\n|t:|1700311100\n|switch|p2b: Urshifu|Urshifu-Rapid-Strike, L50, F|100\/100\n|move|p1b: Annihilape|Protect|p1b: Annihilape\n|-singleturn|p1b: Annihilape|Protect\n|move|p2a: Cresselia|Ally Switch|p2a: Cresselia\n|swap|p2a: Cresselia|1|[from] move: Ally Switch\n|move|p1a: Cetitan|Earthquake|p2a: Urshifu|[spread] p2a\n|-activate|p1b: Annihilape|move: Protect\n|-immune|p2b: Cresselia|[from] ability: Levitate\n|-damage|p2a: Urshifu|77\/100\n|\n|upkeep\n|turn|2\n|\n|t:|1700311121\n|move|p1b: Annihilape|Rage Fist|p2b: Cresselia\n|-supereffective|p2b: Cresselia\n|-damage|p2b: Cresselia|73\/100\n|move|p2a: Urshifu|Close Combat|p1a: Cetitan\n|-supereffective|p1a: Cetitan\n|-damage|p1a: Cetitan|0 fnt\n|-unboost|p2a: Urshifu|def|1\n|-unboost|p2a: Urshifu|spd|1\n|faint|p1a: Cetitan\n|move|p2b: Cresselia|Lunar Blessing|p2b: Cresselia|[spread] p2a,p2b\n|-heal|p2a: Urshifu|100\/100\n|-heal|p2b: Cresselia|98\/100\n|\n|upkeep\n|\n|t:|1700311134\n|switch|p1a: Ting-Lu|Ting-Lu, L50|100\/100\n|-ability|p1a: Ting-Lu|Vessel of Ruin\n|turn|3\n|inactive|Slowbro1234 has 30 seconds left.\n|\n|t:|1700311170\n|move|p2b: Cresselia|Ally Switch|p2b: Cresselia\n|swap|p2b: Cresselia|0|[from] move: Ally Switch\n|move|p1b: Annihilape|Rage Fist|p2b: Urshifu\n|-damage|p2b: Urshifu|72\/100\n|move|p2b: Urshifu|Surging Strikes|p1a: Ting-Lu\n|-supereffective|p1a: Ting-Lu\n|-crit|p1a: Ting-Lu\n|-damage|p1a: Ting-Lu|72\/100\n|-supereffective|p1a: Ting-Lu\n|-crit|p1a: Ting-Lu\n|-damage|p1a: Ting-Lu|42\/100\n|-supereffective|p1a: Ting-Lu\n|-crit|p1a: Ting-Lu\n|-damage|p1a: Ting-Lu|13\/100\n|-hitcount|p1a: Ting-Lu|3\n|move|p1a: Ting-Lu|Earth Power|p2a: Cresselia\n|-immune|p2a: Cresselia|[from] ability: Levitate\n|\n|upkeep\n|turn|4\n|inactive|Slowbro1234 has 30 seconds left.\n|inactive|iadsa has 30 seconds left.\n|inactive|iadsa has 20 seconds left.\n|\n|t:|1700311208\n|move|p1b: Annihilape|Protect|p1b: Annihilape\n|-singleturn|p1b: Annihilape|Protect\n|move|p2b: Urshifu|U-turn|p1a: Ting-Lu\n|-supereffective|p1a: Ting-Lu\n|-damage|p1a: Ting-Lu|0 fnt\n|faint|p1a: Ting-Lu\n|\n|t:|1700311215\n|switch|p2b: Ursaluna|Ursaluna-Bloodmoon, L50, M|100\/100|[from] U-turn\n|move|p2a: Cresselia|Trick Room|p2a: Cresselia\n|-fieldstart|move: Trick Room|[of] p2a: Cresselia\n|\n|upkeep\n|\n|t:|1700311221\n|switch|p1a: Flamigo|Flamigo, L50, M|100\/100\n|-copyboost|p1a: Flamigo|p1b: Annihilape|[from] ability: Costar\n|turn|5\n|inactive|Slowbro1234 has 30 seconds left.\n|inactive|iadsa has 30 seconds left.\n|inactive|iadsa has 20 seconds left.\n|\n|t:|1700311259\n|-terastallize|p2b: Ursaluna|Grass\n|move|p2b: Ursaluna|Blood Moon|p1a: Flamigo\n|-damage|p1a: Flamigo|0 fnt\n|faint|p1a: Flamigo\n|move|p2a: Cresselia|Ice Beam|p1b: Annihilape\n|-damage|p1b: Annihilape|84\/100\n|move|p1b: Annihilape|Rage Fist|p2b: Ursaluna\n|-damage|p2b: Ursaluna|75\/100\n|\n|upkeep\n|turn|6\n|-message|Slowbro1234 forfeited.\n|\n|win|iadsa\n|raw|Slowbro1234's rating: 1024 &rarr; <strong>1010<\/strong><br \/>(-14 for losing)\n|raw|iadsa's rating: 1020 &rarr; <strong>1057<\/strong><br \/>(+37 for winning)\n|l|\u2606Slowbro1234\n","uploadtime":1700311279,"views":8,"p1id":"slowbro1234","p2id":"iadsa","formatid":"gen9vgc2023regulatione","rating":1010,"private":0,"password":""}