{"id":"gen9vgc2023regulatione-1998534248","p1":"haamgamer07","p2":"1crash94","format":"[Gen 9] VGC 2023 Regulation E","log":"|j|\u2606haamgamer07\n|j|\u26061crash94\n|t:|1700953294\n|gametype|doubles\n|player|p1|haamgamer07|265|1314\n|player|p2|1crash94|red|1425\n|teamsize|p1|6\n|teamsize|p2|6\n|gen|9\n|tier|[Gen 9] VGC 2023 Regulation E\n|rated|\n|rule|Species Clause: Limit one of each Pok\u00e9mon\n|rule|Item Clause: Limit one of each item\n|clearpoke\n|poke|p1|Flutter Mane, L50|\n|poke|p1|Iron Hands, L50|\n|poke|p1|Ogerpon-Hearthflame, L50, F|\n|poke|p1|Cresselia, L50, F|\n|poke|p1|Ursaluna, L50, M|\n|poke|p1|Empoleon, L50, F|\n|poke|p2|Baxcalibur, L50, M|\n|poke|p2|Ogerpon-Wellspring, L50, F|\n|poke|p2|Arcanine-Hisui, L50, M|\n|poke|p2|Ninetales-Alola, L50, F|\n|poke|p2|Rillaboom, L50, M|\n|poke|p2|Gengar, L50, M|\n|teampreview|4\n|inactive|Battle timer is ON: inactive players will automatically lose when time's up. (requested by haamgamer07)\n|inactive|haamgamer07 has 60 seconds left.\n|\n|t:|1700953342\n|start\n|switch|p1a: Empoleon|Empoleon, L50, F|100\/100\n|switch|p1b: Cresselia|Cresselia, L50, F|100\/100\n|switch|p2a: Krystal|Ninetales-Alola, L50, F|100\/100\n|switch|p2b: Gengar|Gengar, L50, M|100\/100\n|-weather|Snow|[from] ability: Snow Warning|[of] p2a: Krystal\n|turn|1\n|\n|t:|1700953360\n|switch|p1b: Ursaluna|Ursaluna, L50, M|100\/100\n|-terastallize|p2a: Krystal|Water\n|move|p2b: Gengar|Imprison|p2b: Gengar\n|-start|p2b: Gengar|move: Imprison\n|move|p2a: Krystal|Aurora Veil|p2a: Krystal\n|-sidestart|p2: 1crash94|move: Aurora Veil\n|move|p1a: Empoleon|Flash Cannon|p2a: Krystal\n|-resisted|p2a: Krystal\n|-damage|p2a: Krystal|88\/100\n|\n|-weather|Snow|[upkeep]\n|-status|p1b: Ursaluna|brn|[from] item: Flame Orb\n|upkeep\n|turn|2\n|inactive|haamgamer07 has 30 seconds left.\n|inactive|1crash94 has 30 seconds left.\n|\n|t:|1700953394\n|switch|p2b: Roll|Ogerpon-Wellspring, L50, F|100\/100\n|switch|p1a: Cresselia|Cresselia, L50, F|100\/100\n|-terastallize|p1b: Ursaluna|Ghost\n|move|p2a: Krystal|Moonblast|p1b: Ursaluna\n|-damage|p1b: Ursaluna|76\/100 brn\n|move|p1b: Ursaluna|Earthquake|p2b: Roll|[spread] p2a,p2b\n|-immune|p1a: Cresselia|[from] ability: Levitate\n|-resisted|p2b: Roll\n|-damage|p2a: Krystal|35\/100\n|-damage|p2b: Roll|79\/100\n|\n|-weather|Snow|[upkeep]\n|-damage|p1b: Ursaluna|70\/100 brn|[from] brn\n|upkeep\n|turn|3\n|\n|t:|1700953419\n|move|p1b: Ursaluna|Protect|p1b: Ursaluna\n|-singleturn|p1b: Ursaluna|Protect\n|move|p2a: Krystal|Moonblast|p1a: Cresselia\n|-damage|p1a: Cresselia|81\/100\n|move|p2b: Roll|Ivy Cudgel|p1a: Cresselia|[anim] Ivy Cudgel Water\n|-damage|p1a: Cresselia|47\/100\n|move|p1a: Cresselia|Trick Room|p1a: Cresselia\n|-fieldstart|move: Trick Room|[of] p1a: Cresselia\n|\n|-weather|Snow|[upkeep]\n|-damage|p1b: Ursaluna|64\/100 brn|[from] brn\n|upkeep\n|turn|4\n|\n|t:|1700953440\n|move|p1b: Ursaluna|Earthquake|p2a: Krystal|[spread] p2a,p2b\n|-immune|p1a: Cresselia|[from] ability: Levitate\n|-resisted|p2b: Roll\n|-damage|p2a: Krystal|0 fnt\n|-damage|p2b: Roll|57\/100\n|faint|p2a: Krystal\n|move|p1a: Cresselia|Lunar Blessing|p1a: Cresselia|[spread] p1a,p1b\n|-heal|p1a: Cresselia|72\/100\n|-heal|p1b: Ursaluna|89\/100 brn\n|-curestatus|p1b: Ursaluna|brn|[msg]\n|move|p2b: Roll|Ivy Cudgel|p1b: Ursaluna|[anim] Ivy Cudgel Water\n|-damage|p1b: Ursaluna|45\/100\n|\n|-weather|Snow|[upkeep]\n|-status|p1b: Ursaluna|brn|[from] item: Flame Orb\n|upkeep\n|\n|t:|1700953455\n|switch|p2a: Baxcalibur|Baxcalibur, L50, M, shiny|100\/100\n|turn|5\n|\n|t:|1700953480\n|switch|p1b: Empoleon|Empoleon, L50, F|100\/100\n|move|p1a: Cresselia|Lunar Blessing|p1a: Cresselia|[spread] p1a,p1b\n|-heal|p1a: Cresselia|97\/100\n|move|p2a: Baxcalibur|Icicle Spear|p1b: Empoleon\n|-resisted|p1b: Empoleon\n|-damage|p1b: Empoleon|97\/100\n|-resisted|p1b: Empoleon\n|-damage|p1b: Empoleon|94\/100\n|-resisted|p1b: Empoleon\n|-damage|p1b: Empoleon|90\/100\n|-resisted|p1b: Empoleon\n|-damage|p1b: Empoleon|86\/100\n|-hitcount|p1b: Empoleon|4\n|move|p2b: Roll|Ivy Cudgel|p1b: Empoleon|[anim] Ivy Cudgel Water\n|-resisted|p1b: Empoleon\n|-damage|p1b: Empoleon|60\/100\n|\n|-weather|none\n|-sideend|p2: 1crash94|move: Aurora Veil\n|upkeep\n|turn|6\n|inactive|haamgamer07 has 30 seconds left.\n|\n|t:|1700953510\n|move|p2a: Baxcalibur|Protect|p2a: Baxcalibur\n|-singleturn|p2a: Baxcalibur|Protect\n|move|p1b: Empoleon|Ice Beam|p2b: Roll\n|-damage|p2b: Roll|29\/100\n|move|p1a: Cresselia|Lunar Blessing|p1a: Cresselia|[spread] p1a,p1b\n|-heal|p1a: Cresselia|100\/100\n|-heal|p1b: Empoleon|85\/100\n|move|p2b: Roll|Horn Leech|p1b: Empoleon\n|-damage|p1b: Empoleon|38\/100\n|-heal|p2b: Roll|53\/100|[from] drain|[of] p1b: Empoleon\n|\n|upkeep\n|turn|7\n|inactive|haamgamer07 has 30 seconds left.\n|\n|t:|1700953536\n|switch|p1b: Iron Hands|Iron Hands, L50|100\/100\n|switch|p2a: Gengar|Gengar, L50, M|100\/100\n|move|p2b: Roll|Spiky Shield|p2b: Roll\n|-singleturn|p2b: Roll|move: Protect\n|move|p1a: Cresselia|Psychic|p2b: Roll\n|-activate|p2b: Roll|move: Protect\n|\n|-fieldend|move: Trick Room\n|upkeep\n|turn|8\n|inactive|1crash94 has 30 seconds left.\n|inactive|1crash94 has 20 seconds left.\n|\n|t:|1700953571\n|move|p2a: Gengar|Imprison|p2a: Gengar\n|-start|p2a: Gengar|move: Imprison\n|move|p2b: Roll|Horn Leech|p1a: Cresselia\n|-damage|p1a: Cresselia|76\/100\n|-heal|p2b: Roll|68\/100|[from] drain|[of] p1a: Cresselia\n|move|p1a: Cresselia|Psychic|p2a: Gengar\n|-supereffective|p2a: Gengar\n|-damage|p2a: Gengar|19\/100\n|-start|p1a: Cresselia|Disable|Psychic|[from] ability: Cursed Body|[of] p2a: Gengar\n|move|p1b: Iron Hands|Swords Dance|p1b: Iron Hands\n|-boost|p1b: Iron Hands|atk|2\n|\n|upkeep\n|turn|9\n|\n|t:|1700953593\n|move|p2a: Gengar|Shadow Ball|p1a: Cresselia\n|-supereffective|p1a: Cresselia\n|-damage|p1a: Cresselia|24\/100\n|move|p2b: Roll|Ivy Cudgel|p1a: Cresselia|[anim] Ivy Cudgel Water\n|-damage|p1a: Cresselia|0 fnt\n|faint|p1a: Cresselia\n|move|p1b: Iron Hands|Drain Punch|p2b: Roll\n|-crit|p2b: Roll\n|-damage|p2b: Roll|0 fnt\n|faint|p2b: Roll\n|\n|upkeep\n|\n|t:|1700953610\n|switch|p2b: Baxcalibur|Baxcalibur, L50, M, shiny|100\/100\n|switch|p1a: Empoleon|Empoleon, L50, F|38\/100\n|turn|10\n|\n|t:|1700953635\n|move|p2a: Gengar|Clear Smog|p1b: Iron Hands\n|-damage|p1b: Iron Hands|79\/100\n|-clearboost|p1b: Iron Hands\n|move|p2b: Baxcalibur|Swords Dance|p2b: Baxcalibur\n|-boost|p2b: Baxcalibur|atk|2\n|move|p1b: Iron Hands|Wild Charge|p2a: Gengar\n|-damage|p2a: Gengar|0 fnt\n|faint|p2a: Gengar\n|-damage|p1b: Iron Hands|77\/100|[from] Recoil\n|move|p1a: Empoleon|Flash Cannon|p2b: Baxcalibur\n|-supereffective|p2b: Baxcalibur\n|-damage|p2b: Baxcalibur|20\/100\n|\n|upkeep\n|turn|11\n|\n|t:|1700953652\n|move|p2b: Baxcalibur|Icicle Spear|p1b: Iron Hands\n|-damage|p1b: Iron Hands|57\/100\n|-damage|p1b: Iron Hands|37\/100\n|-enditem|p1b: Iron Hands|Sitrus Berry|[eat]\n|-heal|p1b: Iron Hands|62\/100|[from] item: Sitrus Berry\n|-damage|p1b: Iron Hands|43\/100\n|-damage|p1b: Iron Hands|22\/100\n|-hitcount|p1b: Iron Hands|4\n|move|p1b: Iron Hands|Drain Punch|p2b: Baxcalibur\n|-supereffective|p2b: Baxcalibur\n|-damage|p2b: Baxcalibur|0 fnt\n|-heal|p1b: Iron Hands|31\/100|[from] drain|[of] p2b: Baxcalibur\n|faint|p2b: Baxcalibur\n|\n|win|haamgamer07\n|raw|haamgamer07's rating: 1314 &rarr; <strong>1340<\/strong><br \/>(+26 for winning)\n|raw|1crash94's rating: 1425 &rarr; <strong>1399<\/strong><br \/>(-26 for losing)\n","uploadtime":1700953673,"views":12,"p1id":"haamgamer07","p2id":"1crash94","formatid":"gen9vgc2023regulatione","rating":1340,"private":0,"password":""}