{"id":"gen9vgc2023regulatione-1993541905","p1":"matthewssandslash","p2":"Muy Fuecoco","format":"[Gen 9] VGC 2023 Regulation E","log":"|j|\u2606matthewssandslash\n|j|\u2606Muy Fuecoco\n|n|\u2606matthewssandslash|matthewssandslash\n|n|\u2606Muy Fuecoco|muyfuecoco\n|html|View the match progress at <a href=\"\/game-bestof3-gen9vgc2023regulatione-1993537880\">game-bestof3-gen9vgc2023regulatione-1993537880<\/a>\n|t:|1700329808\n|gametype|doubles\n|player|p1|matthewssandslash|266|\n|player|p2|Muy Fuecoco|ingo|\n|teamsize|p1|6\n|teamsize|p2|6\n|gen|9\n|tier|[Gen 9] VGC 2023 Regulation E\n|rule|Species Clause: Limit one of each Pok\u00e9mon\n|rule|Item Clause: Limit one of each item\n|clearpoke\n|poke|p1|Mesprit, L50|\n|poke|p1|Illumise, L50, F|\n|poke|p1|Enamorus, L50, F|\n|poke|p1|Haxorus, L50, F|\n|poke|p1|Mightyena, L50, F|\n|poke|p1|Donphan, L50, F|\n|poke|p2|Armarouge, L50, F|\n|poke|p2|Indeedee-F, L50, F|\n|poke|p2|Torkoal, L50, F|\n|poke|p2|Lilligant-Hisui, L50, F|\n|poke|p2|Iron Hands, L50|\n|poke|p2|Trevenant, L50, F|\n|teampreview|4\n|c|\u2606Muy Fuecoco|glhf x2\n|c|\u2606matthewssandslash|good luck\n|c|\u2606matthewssandslash|have fun\n|\n|t:|1700329921\n|start\n|switch|p1a: Is|Illumise, L50, F|100\/100\n|switch|p1b: The|Enamorus, L50, F|100\/100\n|switch|p2a: Armarouge|Armarouge, L50, F|100\/100\n|switch|p2b: Indeedee|Indeedee-F, L50, F|100\/100\n|-fieldstart|move: Psychic Terrain|[from] ability: Psychic Surge|[of] p2b: Indeedee\n|turn|1\n|\n|t:|1700330000\n|move|p2b: Indeedee|Follow Me|p2b: Indeedee\n|-singleturn|p2b: Indeedee|move: Follow Me\n|move|p1a: Is|Light Screen|p1a: Is\n|-sidestart|p1: matthewssandslash|move: Light Screen\n|move|p1b: The|Moonblast|p2b: Indeedee\n|-damage|p2b: Indeedee|47\/100\n|-unboost|p2b: Indeedee|spa|1\n|-enditem|p2b: Indeedee|Eject Button\n|\n|t:|1700330008\n|switch|p2b: Iron Hands|Iron Hands, L50|100\/100\n|move|p2a: Armarouge|Expanding Force|p1b: The|[spread] p1a,p1b\n|-damage|p1a: Is|67\/100\n|-damage|p1b: The|64\/100\n|\n|upkeep\n|turn|2\n|c|\u2606matthewssandslash|ooh!\n|\n|t:|1700330030\n|switch|p1b: Mesprit|Mesprit, L50|100\/100\n|move|p2a: Armarouge|Heat Wave|p1a: Is|[spread] p1a,p1b\n|-supereffective|p1a: Is\n|-damage|p1a: Is|23\/100\n|-damage|p1b: Mesprit|83\/100\n|move|p1a: Is|Struggle Bug|p2a: Armarouge|[spread] p2a,p2b\n|-resisted|p2b: Iron Hands\n|-damage|p2a: Armarouge|89\/100\n|-damage|p2b: Iron Hands|98\/100\n|-unboost|p2a: Armarouge|spa|1\n|-unboost|p2b: Iron Hands|spa|1\n|move|p2b: Iron Hands|Wild Charge|p1b: Mesprit\n|-damage|p1b: Mesprit|37\/100\n|-damage|p2b: Iron Hands|88\/100|[from] Recoil\n|\n|upkeep\n|turn|3\n|\n|t:|1700330078\n|switch|p2a: Lilligant|Lilligant-Hisui, L50, F|100\/100\n|move|p1a: Is|Rain Dance|p1a: Is\n|-weather|RainDance\n|move|p2b: Iron Hands|Wild Charge|p1b: Mesprit\n|-damage|p1b: Mesprit|0 fnt\n|faint|p1b: Mesprit\n|-damage|p2b: Iron Hands|81\/100|[from] Recoil\n|\n|-weather|RainDance|[upkeep]\n|upkeep\n|\n|t:|1700330090\n|switch|p1b: The|Enamorus, L50, F|64\/100\n|turn|4\n|\n|t:|1700330116\n|-terastallize|p1b: The|Ground\n|move|p1b: The|Dazzling Gleam|p2a: Lilligant|[spread] p2a,p2b\n|-supereffective|p2a: Lilligant\n|-supereffective|p2b: Iron Hands\n|-damage|p2a: Lilligant|7\/100\n|-damage|p2b: Iron Hands|45\/100\n|move|p2a: Lilligant|Sleep Powder|p1b: The\n|-status|p1b: The|slp|[from] move: Sleep Powder\n|move|p1a: Is|Struggle Bug|p2a: Lilligant|[spread] p2a,p2b\n|-resisted|p2b: Iron Hands\n|-damage|p2a: Lilligant|0 fnt\n|-damage|p2b: Iron Hands|42\/100\n|-unboost|p2b: Iron Hands|spa|1\n|faint|p2a: Lilligant\n|move|p2b: Iron Hands|Wild Charge|p1a: Is\n|-damage|p1a: Is|0 fnt\n|faint|p1a: Is\n|-damage|p2b: Iron Hands|38\/100|[from] Recoil\n|\n|-weather|RainDance|[upkeep]\n|upkeep\n|\n|t:|1700330134\n|switch|p2a: Armarouge|Armarouge, L50, F|89\/100\n|switch|p1a: Female|Donphan, L50, F|100\/100\n|turn|5\n|\n|t:|1700330143\n|move|p2a: Armarouge|Endure|p2a: Armarouge\n|-singleturn|p2a: Armarouge|move: Endure\n|cant|p1b: The|slp\n|move|p1a: Female|Knock Off|p2a: Armarouge\n|-supereffective|p2a: Armarouge\n|-damage|p2a: Armarouge|6\/100\n|-ability|p2a: Armarouge|Weak Armor|boost\n|-unboost|p2a: Armarouge|def|1\n|-boost|p2a: Armarouge|spe|2\n|-enditem|p2a: Armarouge|Weakness Policy\n|-boost|p2a: Armarouge|atk|2|[from] item: Weakness Policy\n|-boost|p2a: Armarouge|spa|2|[from] item: Weakness Policy\n|move|p2b: Iron Hands|Drain Punch|p1a: Female\n|-damage|p1a: Female|63\/100\n|-heal|p2b: Iron Hands|52\/100|[from] drain|[of] p1a: Female\n|\n|-weather|RainDance|[upkeep]\n|-sideend|p1: matthewssandslash|move: Light Screen\n|-fieldend|move: Psychic Terrain\n|upkeep\n|turn|6\n|\n|t:|1700330169\n|-end|p2b: Iron Hands|Quark Drive|[silent]\n|switch|p2b: Indeedee|Indeedee-F, L50, F|47\/100\n|-fieldstart|move: Psychic Terrain|[from] ability: Psychic Surge|[of] p2b: Indeedee\n|move|p1a: Female|Ice Shard|p2a: Armarouge\n|-activate|p2a: Armarouge|move: Psychic Terrain\n|move|p2a: Armarouge|Expanding Force|p1a: Female|[spread] p1a,p1b\n|-damage|p1a: Female|0 fnt\n|-damage|p1b: The|0 fnt\n|faint|p1a: Female\n|faint|p1b: The\n|\n|win|Muy Fuecoco\n|c|\u2606matthewssandslash|ugh\n|c|\u2606Muy Fuecoco|gg\n|c|\u2606matthewssandslash|nice switch\n|inactive|matthewssandslash has 50 seconds to confirm battle start!\n|inactive|Muy Fuecoco has 50 seconds to confirm battle start!\n|c|&|\/uhtml prompt-muyfuecoco,Muy Fuecoco is ready for game 3!\n|c|&|\/uhtml prompt-matthewssandslash,matthewssandslash is ready for game 3!\nBoth players are ready! Starting next match!\n","uploadtime":1700330182,"views":36,"p1id":"matthewssandslash","p2id":"muyfuecoco","formatid":"gen9vgc2023regulatione","rating":0,"private":0,"password":""}