{"id":"gen9vgc2023regulatione-1996543323","p1":"Jazz hansd","p2":"goop knight","format":"[Gen 9] VGC 2023 Regulation E","log":"|j|\u2606Jazz hansd\n|j|\u2606goop knight\n|t:|1700692498\n|gametype|doubles\n|player|p1|Jazz hansd|hiker-gen4|1021\n|player|p2|goop knight|flannery|1000\n|teamsize|p1|6\n|teamsize|p2|6\n|gen|9\n|tier|[Gen 9] VGC 2023 Regulation E\n|rated|\n|rule|Species Clause: Limit one of each Pok\u00e9mon\n|rule|Item Clause: Limit one of each item\n|clearpoke\n|poke|p1|Iron Hands, L50|\n|poke|p1|Kommo-o, L50, F|\n|poke|p1|Snorlax, L50, F|\n|poke|p1|Clefairy, L50, M|\n|poke|p1|Sinistcha, L50|\n|poke|p1|Landorus-Therian, L50, M|\n|poke|p2|Amoonguss, L50, M|\n|poke|p2|Flutter Mane, L50|\n|poke|p2|Chien-Pao, L50|\n|poke|p2|Gastrodon, L50, F|\n|poke|p2|Landorus-Therian, L50, M|\n|poke|p2|Iron Hands, L50|\n|teampreview|4\n|\n|t:|1700692534\n|start\n|switch|p1a: Snorlax|Snorlax, L50, F|100\/100\n|switch|p1b: PiePi|Clefairy, L50, M|100\/100\n|switch|p2a: Iron Hands|Iron Hands, L50|100\/100\n|switch|p2b: Chien-Pao|Chien-Pao, L50|100\/100\n|-ability|p2b: Chien-Pao|Sword of Ruin\n|turn|1\n|\n|t:|1700692566\n|move|p2a: Iron Hands|Fake Out|p1a: Snorlax\n|-damage|p1a: Snorlax|87\/100\n|move|p1b: PiePi|Follow Me|p1b: PiePi\n|-singleturn|p1b: PiePi|move: Follow Me\n|move|p2b: Chien-Pao|Taunt|p1b: PiePi\n|-start|p1b: PiePi|move: Taunt\n|cant|p1a: Snorlax|flinch\n|\n|upkeep\n|turn|2\n|\n|t:|1700692603\n|switch|p2b: Landorus|Landorus-Therian, L50, M|100\/100\n|-ability|p2b: Landorus|Intimidate|boost\n|-unboost|p1a: Snorlax|atk|1\n|-unboost|p1b: PiePi|atk|1\n|switch|p1b: Iron Hands|Iron Hands, L50|100\/100\n|move|p1a: Snorlax|Protect|p1a: Snorlax\n|-singleturn|p1a: Snorlax|Protect\n|move|p2a: Iron Hands|Drain Punch|p1a: Snorlax\n|-activate|p1a: Snorlax|move: Protect\n|\n|upkeep\n|turn|3\n|\n|t:|1700692636\n|-terastallize|p1a: Snorlax|Water\n|move|p1b: Iron Hands|Fake Out|p2a: Iron Hands\n|-damage|p2a: Iron Hands|90\/100\n|move|p2b: Landorus|Stomping Tantrum|p1b: Iron Hands\n|-supereffective|p1b: Iron Hands\n|-damage|p1b: Iron Hands|38\/100\n|-damage|p2b: Landorus|84\/100|[from] item: Rocky Helmet|[of] p1b: Iron Hands\n|cant|p2a: Iron Hands|flinch\n|move|p1a: Snorlax|Belly Drum|p1a: Snorlax\n|-damage|p1a: Snorlax|37\/100\n|-setboost|p1a: Snorlax|atk|6|[from] move: Belly Drum\n|-enditem|p1a: Snorlax|Sitrus Berry|[eat]\n|-heal|p1a: Snorlax|62\/100|[from] item: Sitrus Berry\n|\n|upkeep\n|turn|4\n|\n|t:|1700692670\n|-end|p1b: Iron Hands|Quark Drive|[silent]\n|switch|p1b: Sinistcha|Sinistcha, L50|100\/100\n|-heal|p1a: Snorlax|87\/100|[from] ability: Hospitality|[of] p1b: Sinistcha\n|move|p1a: Snorlax|Protect|p1a: Snorlax\n|-singleturn|p1a: Snorlax|Protect\n|move|p2b: Landorus|Stomping Tantrum|p1a: Snorlax\n|-activate|p1a: Snorlax|move: Protect\n|move|p2a: Iron Hands|Drain Punch|p1a: Snorlax\n|-activate|p1a: Snorlax|move: Protect\n|\n|upkeep\n|turn|5\n|\n|t:|1700692689\n|move|p2b: Landorus|U-turn|p1b: Sinistcha\n|-damage|p1b: Sinistcha|82\/100\n|\n|t:|1700692692\n|switch|p2b: Flutter Mane|Flutter Mane, L50|100\/100|[from] U-turn\n|-enditem|p2b: Flutter Mane|Booster Energy\n|-activate|p2b: Flutter Mane|ability: Protosynthesis|[fromitem]\n|-start|p2b: Flutter Mane|protosynthesisspe\n|move|p2a: Iron Hands|Drain Punch|p1a: Snorlax\n|-damage|p1a: Snorlax|50\/100\n|-heal|p2a: Iron Hands|100\/100|[from] drain|[of] p1a: Snorlax\n|move|p1a: Snorlax|Facade|p2a: Iron Hands\n|-damage|p2a: Iron Hands|21\/100\n|move|p1b: Sinistcha|Trick Room|p1b: Sinistcha\n|-fieldstart|move: Trick Room|[of] p1b: Sinistcha\n|\n|upkeep\n|turn|6\n|inactive|Battle timer is ON: inactive players will automatically lose when time's up. (requested by goop knight)\n|\n|t:|1700692756\n|-end|p2a: Iron Hands|Quark Drive|[silent]\n|switch|p2a: Landorus|Landorus-Therian, L50, M|84\/100\n|-ability|p2a: Landorus|Intimidate|boost\n|-unboost|p1a: Snorlax|atk|1\n|-unboost|p1b: Sinistcha|atk|1\n|move|p2b: Flutter Mane|Protect|p2b: Flutter Mane\n|-singleturn|p2b: Flutter Mane|Protect\n|move|p1a: Snorlax|Facade|p2a: Landorus\n|-damage|p2a: Landorus|0 fnt\n|faint|p2a: Landorus\n|move|p1b: Sinistcha|Matcha Gotcha|p2b: Flutter Mane\n|-activate|p2b: Flutter Mane|move: Protect\n|\n|upkeep\n|\n|t:|1700692765\n|switch|p2a: Iron Hands|Iron Hands, L50|21\/100\n|turn|7\n|inactive|Jazz hansd has 30 seconds left.\n|inactive|goop knight has 30 seconds left.\n|inactive|Jazz hansd has 20 seconds left.\n|\n|t:|1700692800\n|switch|p1b: PiePi|Clefairy, L50, M|100\/100\n|-terastallize|p2b: Flutter Mane|Fairy\n|move|p2a: Iron Hands|Fake Out|p1a: Snorlax\n|-damage|p1a: Snorlax|41\/100\n|cant|p1a: Snorlax|flinch\n|move|p2b: Flutter Mane|Moonblast|p1b: PiePi\n|-damage|p1b: PiePi|38\/100\n|\n|upkeep\n|turn|8\n|\n|t:|1700692817\n|move|p1a: Snorlax|Facade|p2a: Iron Hands\n|-damage|p2a: Iron Hands|0 fnt\n|faint|p2a: Iron Hands\n|-end|p2a: Iron Hands|Quark Drive|[silent]\n|move|p1b: PiePi|Heal Pulse|p1a: Snorlax\n|-heal|p1a: Snorlax|91\/100\n|move|p2b: Flutter Mane|Moonblast|p1b: PiePi\n|-damage|p1b: PiePi|0 fnt\n|faint|p1b: PiePi\n|\n|upkeep\n|\n|t:|1700692829\n|switch|p1b: Iron Hands|Iron Hands, L50|38\/100\n|switch|p2a: Chien-Pao|Chien-Pao, L50|100\/100\n|-ability|p2a: Chien-Pao|Sword of Ruin\n|turn|9\n|\n|t:|1700692852\n|move|p2a: Chien-Pao|Protect|p2a: Chien-Pao\n|-singleturn|p2a: Chien-Pao|Protect\n|move|p2b: Flutter Mane|Protect|p2b: Flutter Mane\n|-singleturn|p2b: Flutter Mane|Protect\n|move|p1a: Snorlax|Facade|p2a: Chien-Pao\n|-activate|p2a: Chien-Pao|move: Protect\n|move|p1b: Iron Hands|Heavy Slam|p2b: Flutter Mane\n|-activate|p2b: Flutter Mane|move: Protect\n|\n|-fieldend|move: Trick Room\n|upkeep\n|turn|10\n|inactive|Jazz hansd has 30 seconds left.\n|\n|t:|1700692878\n|move|p1a: Snorlax|Protect|p1a: Snorlax\n|-singleturn|p1a: Snorlax|Protect\n|move|p2b: Flutter Mane|Dazzling Gleam|p1b: Iron Hands|[spread] p1b\n|-activate|p1a: Snorlax|move: Protect\n|-supereffective|p1b: Iron Hands\n|-damage|p1b: Iron Hands|0 fnt\n|faint|p1b: Iron Hands\n|-end|p1b: Iron Hands|Quark Drive|[silent]\n|move|p2a: Chien-Pao|Crunch|p1a: Snorlax\n|-activate|p1a: Snorlax|move: Protect\n|\n|upkeep\n|\n|t:|1700692887\n|switch|p1b: Sinistcha|Sinistcha, L50|82\/100\n|-heal|p1a: Snorlax|100\/100|[from] ability: Hospitality|[of] p1b: Sinistcha\n|turn|11\n|\n|t:|1700692900\n|move|p2b: Flutter Mane|Moonblast|p1a: Snorlax\n|-damage|p1a: Snorlax|53\/100\n|-unboost|p1a: Snorlax|spa|1\n|move|p2a: Chien-Pao|Crunch|p1a: Snorlax\n|-damage|p1a: Snorlax|16\/100\n|move|p1a: Snorlax|Facade|p2a: Chien-Pao\n|-enditem|p2a: Chien-Pao|Focus Sash\n|-damage|p2a: Chien-Pao|1\/100\n|move|p1b: Sinistcha|Trick Room|p1b: Sinistcha\n|-fieldstart|move: Trick Room|[of] p1b: Sinistcha\n|\n|upkeep\n|turn|12\n|\n|t:|1700692920\n|move|p1a: Snorlax|Facade|p2b: Flutter Mane\n|-damage|p2b: Flutter Mane|0 fnt\n|faint|p2b: Flutter Mane\n|-end|p2b: Flutter Mane|Protosynthesis|[silent]\n|move|p1b: Sinistcha|Matcha Gotcha|p2a: Chien-Pao\n|-damage|p2a: Chien-Pao|0 fnt\n|-heal|p1b: Sinistcha|83\/100|[from] drain|[of] p2a: Chien-Pao\n|faint|p2a: Chien-Pao\n|\n|win|Jazz hansd\n|raw|Jazz hansd's rating: 1021 &rarr; <strong>1056<\/strong><br \/>(+35 for winning)\n|raw|goop knight's rating: 1000 &rarr; <strong>1000<\/strong><br \/>(+0 for losing)\n|l|\u2606goop knight\n","uploadtime":1700693207,"views":15,"p1id":"jazzhansd","p2id":"goopknight","formatid":"gen9vgc2023regulatione","rating":1000,"private":0,"password":""}