{"id":"gen9vgc2023regulatione-1990171099","p1":"MannyDoinFunnyStuf","p2":"adyu1","format":"[Gen 9] VGC 2023 Regulation E","log":"|j|\u2606MannyDoinFunnyStuf\n|j|\u2606adyu1\n|t:|1699932519\n|gametype|doubles\n|player|p1|MannyDoinFunnyStuf|red|1180\n|player|p2|adyu1|102|1173\n|teamsize|p1|6\n|teamsize|p2|6\n|gen|9\n|tier|[Gen 9] VGC 2023 Regulation E\n|rated|\n|rule|Species Clause: Limit one of each Pok\u00e9mon\n|rule|Item Clause: Limit one of each item\n|clearpoke\n|poke|p1|Iron Bundle, L50|\n|poke|p1|Iron Hands, L50|\n|poke|p1|Ting-Lu, L50|\n|poke|p1|Scream Tail, L50|\n|poke|p1|Ninetales-Alola, L50, M|\n|poke|p1|Ogerpon-Hearthflame, L50, F|\n|poke|p2|Farigiraf, L50, F|\n|poke|p2|Chien-Pao, L50|\n|poke|p2|Iron Hands, L50|\n|poke|p2|Arcanine-Hisui, L50, M|\n|poke|p2|Urshifu-*, L50, F|\n|poke|p2|Flutter Mane, L50|\n|teampreview|4\n|inactive|Battle timer is ON: inactive players will automatically lose when time's up. (requested by adyu1)\n|inactive|MannyDoinFunnyStuf has 60 seconds left.\n|inactive|adyu1 has 60 seconds left.\n|\n|t:|1699932563\n|start\n|switch|p1a: Ninetales|Ninetales-Alola, L50, M|100\/100\n|switch|p1b: Iron Bundle|Iron Bundle, L50|100\/100\n|switch|p2a: Arcanine|Arcanine-Hisui, L50, M|100\/100\n|switch|p2b: Chien-Pao|Chien-Pao, L50|100\/100\n|-ability|p2b: Chien-Pao|Sword of Ruin\n|-weather|Snow|[from] ability: Snow Warning|[of] p1a: Ninetales\n|-ability|p2a: Arcanine|Intimidate|boost\n|-unboost|p1a: Ninetales|atk|1\n|-unboost|p1b: Iron Bundle|atk|1\n|-enditem|p1b: Iron Bundle|Booster Energy\n|-activate|p1b: Iron Bundle|ability: Quark Drive|[fromitem]\n|-start|p1b: Iron Bundle|quarkdrivespe\n|turn|1\n|inactive|adyu1 has 30 seconds left.\n|inactive|adyu1 has 20 seconds left.\n|inactive|adyu1 has 15 seconds left.\n|inactive|adyu1 has 10 seconds left.\n|inactive|adyu1 has 5 seconds left.\n|\n|t:|1699932616\n|-terastallize|p2a: Arcanine|Normal\n|move|p1b: Iron Bundle|Hydro Pump|p2a: Arcanine\n|-damage|p2a: Arcanine|25\/100\n|move|p2b: Chien-Pao|Ice Spinner|p1a: Ninetales\n|-resisted|p1a: Ninetales\n|-damage|p1a: Ninetales|75\/100\n|move|p1a: Ninetales|Aurora Veil|p1a: Ninetales\n|-sidestart|p1: MannyDoinFunnyStuf|move: Aurora Veil\n|move|p2a: Arcanine|Rock Slide|p1b: Iron Bundle|[spread] p1a,p1b\n|-supereffective|p1a: Ninetales\n|-supereffective|p1b: Iron Bundle\n|-crit|p1b: Iron Bundle\n|-damage|p1a: Ninetales|0 fnt\n|-damage|p1b: Iron Bundle|0 fnt\n|faint|p1a: Ninetales\n|faint|p1b: Iron Bundle\n|-end|p1b: Iron Bundle|Quark Drive|[silent]\n|\n|-weather|Snow|[upkeep]\n|upkeep\n|\n|t:|1699932636\n|switch|p1b: Ting-Lu|Ting-Lu, L50|100\/100\n|switch|p1a: Iron Hands|Iron Hands, L50|100\/100\n|-ability|p1b: Ting-Lu|Vessel of Ruin\n|turn|2\n|\n|t:|1699932662\n|move|p2b: Chien-Pao|Ice Spinner|p1b: Ting-Lu\n|-supereffective|p1b: Ting-Lu\n|-damage|p1b: Ting-Lu|59\/100\n|move|p2a: Arcanine|Rock Slide|p1a: Iron Hands|[spread] p1a,p1b\n|-resisted|p1a: Iron Hands\n|-resisted|p1b: Ting-Lu\n|-damage|p1a: Iron Hands|89\/100\n|-damage|p1b: Ting-Lu|50\/100\n|cant|p1a: Iron Hands|flinch\n|cant|p1b: Ting-Lu|flinch\n|\n|-weather|Snow|[upkeep]\n|-heal|p1a: Iron Hands|95\/100|[from] item: Leftovers\n|upkeep\n|turn|3\n|\n|t:|1699932681\n|move|p2b: Chien-Pao|Ice Spinner|p1b: Ting-Lu\n|-supereffective|p1b: Ting-Lu\n|-damage|p1b: Ting-Lu|11\/100\n|move|p2a: Arcanine|Rock Slide|p1a: Iron Hands|[spread] p1a,p1b\n|-resisted|p1a: Iron Hands\n|-resisted|p1b: Ting-Lu\n|-damage|p1a: Iron Hands|83\/100\n|-damage|p1b: Ting-Lu|2\/100\n|move|p1a: Iron Hands|Drain Punch|p2a: Arcanine\n|-supereffective|p2a: Arcanine\n|-damage|p2a: Arcanine|0 fnt\n|-heal|p1a: Iron Hands|91\/100|[from] drain|[of] p2a: Arcanine\n|faint|p2a: Arcanine\n|move|p1b: Ting-Lu|Heavy Slam|p2b: Chien-Pao\n|-supereffective|p2b: Chien-Pao\n|-damage|p2b: Chien-Pao|40\/100\n|\n|-weather|Snow|[upkeep]\n|-heal|p1a: Iron Hands|97\/100|[from] item: Leftovers\n|upkeep\n|\n|t:|1699932706\n|switch|p2a: Urshifu|Urshifu-Rapid-Strike, L50, F|100\/100\n|turn|4\n|inactive|MannyDoinFunnyStuf has 30 seconds left.\n|\n|t:|1699932737\n|-terastallize|p1a: Iron Hands|Grass\n|move|p2a: Urshifu|Surging Strikes|p1b: Ting-Lu\n|-supereffective|p1b: Ting-Lu\n|-crit|p1b: Ting-Lu\n|-damage|p1b: Ting-Lu|0 fnt\n|faint|p1b: Ting-Lu\n|-hitcount|p1: Ting-Lu|1\n|move|p2b: Chien-Pao|Ice Spinner|p1a: Iron Hands\n|-supereffective|p1a: Iron Hands\n|-damage|p1a: Iron Hands|50\/100\n|move|p1a: Iron Hands|Drain Punch|p2b: Chien-Pao\n|-supereffective|p2b: Chien-Pao\n|-damage|p2b: Chien-Pao|0 fnt\n|-heal|p1a: Iron Hands|62\/100|[from] drain|[of] p2b: Chien-Pao\n|faint|p2b: Chien-Pao\n|\n|-weather|Snow|[upkeep]\n|-heal|p1a: Iron Hands|68\/100|[from] item: Leftovers\n|upkeep\n|\n|t:|1699932762\n|switch|p2b: Flutter Mane|Flutter Mane, L50|100\/100\n|turn|5\n|\n|t:|1699932771\n|move|p2a: Urshifu|Surging Strikes|p1a: Iron Hands\n|-resisted|p1a: Iron Hands\n|-crit|p1a: Iron Hands\n|-damage|p1a: Iron Hands|62\/100\n|-resisted|p1a: Iron Hands\n|-crit|p1a: Iron Hands\n|-damage|p1a: Iron Hands|55\/100\n|-resisted|p1a: Iron Hands\n|-crit|p1a: Iron Hands\n|-damage|p1a: Iron Hands|48\/100\n|-hitcount|p1a: Iron Hands|3\n|move|p2b: Flutter Mane|Moonblast|p1a: Iron Hands\n|-damage|p1a: Iron Hands|16\/100\n|move|p1a: Iron Hands|Heavy Slam|p2b: Flutter Mane\n|-supereffective|p2b: Flutter Mane\n|-damage|p2b: Flutter Mane|0 fnt\n|faint|p2b: Flutter Mane\n|-end|p2b: Flutter Mane|Protosynthesis|[silent]\n|\n|-weather|none\n|-heal|p1a: Iron Hands|22\/100|[from] item: Leftovers\n|upkeep\n|turn|6\n|\n|t:|1699932790\n|move|p2a: Urshifu|Surging Strikes|p1a: Iron Hands\n|-resisted|p1a: Iron Hands\n|-crit|p1a: Iron Hands\n|-damage|p1a: Iron Hands|16\/100\n|-resisted|p1a: Iron Hands\n|-crit|p1a: Iron Hands\n|-damage|p1a: Iron Hands|9\/100\n|-resisted|p1a: Iron Hands\n|-crit|p1a: Iron Hands\n|-damage|p1a: Iron Hands|3\/100\n|-hitcount|p1a: Iron Hands|3\n|move|p1a: Iron Hands|Wild Charge|p2a: Urshifu\n|-supereffective|p2a: Urshifu\n|-damage|p2a: Urshifu|4\/100\n|-damage|p1a: Iron Hands|0 fnt|[from] Recoil\n|faint|p1a: Iron Hands\n|-end|p1a: Iron Hands|Quark Drive|[silent]\n|\n|win|adyu1\n|raw|MannyDoinFunnyStuf's rating: 1180 &rarr; <strong>1154<\/strong><br \/>(-26 for losing)\n|raw|adyu1's rating: 1173 &rarr; <strong>1199<\/strong><br \/>(+26 for winning)\n|c|\u2606MannyDoinFunnyStuf|Gg\n","uploadtime":1699932811,"views":8,"p1id":"mannydoinfunnystuf","p2id":"adyu1","formatid":"gen9vgc2023regulatione","rating":1154,"private":0,"password":""}