{"id":"gen9vgc2023regulatione-1993450354","p1":"mashuu02","p2":"Olive_096","format":"[Gen 9] VGC 2023 Regulation E","log":"|j|\u2606mashuu02\n|j|\u2606Olive_096\n|t:|1700319433\n|gametype|doubles\n|player|p1|mashuu02|102|1197\n|player|p2|Olive_096|iris-gen5bw2|1140\n|teamsize|p1|6\n|teamsize|p2|6\n|gen|9\n|tier|[Gen 9] VGC 2023 Regulation E\n|rated|\n|rule|Species Clause: Limit one of each Pok\u00e9mon\n|rule|Item Clause: Limit one of each item\n|clearpoke\n|poke|p1|Snorlax, L50, F|\n|poke|p1|Landorus-Therian, L50, M|\n|poke|p1|Sinistcha, L50|\n|poke|p1|Kommo-o, L50, M|\n|poke|p1|Rillaboom, L50, M|\n|poke|p1|Heatran, L50, F|\n|poke|p2|Thundurus-Therian, L50, M|\n|poke|p2|Pelipper, L50, F|\n|poke|p2|Rillaboom, L50, M|\n|poke|p2|Ogerpon-Wellspring, L50, F|\n|poke|p2|Roaring Moon, L50|\n|poke|p2|Gholdengo, L50|\n|teampreview|4\n|inactive|Battle timer is ON: inactive players will automatically lose when time's up. (requested by mashuu02)\n|\n|t:|1700319463\n|start\n|switch|p1a: Snorlax|Snorlax, L50, F|100\/100\n|switch|p1b: Landorus|Landorus-Therian, L50, M|100\/100\n|switch|p2a: Roaring Moon|Roaring Moon, L50|100\/100\n|switch|p2b: Gholdengo|Gholdengo, L50|100\/100\n|-ability|p1b: Landorus|Intimidate|boost\n|-unboost|p2a: Roaring Moon|atk|1\n|-unboost|p2b: Gholdengo|atk|1\n|-enditem|p2a: Roaring Moon|Booster Energy\n|-activate|p2a: Roaring Moon|ability: Protosynthesis|[fromitem]\n|-start|p2a: Roaring Moon|protosynthesisspe\n|turn|1\n|\n|t:|1700319476\n|-terastallize|p2b: Gholdengo|Fairy\n|move|p2a: Roaring Moon|Knock Off|p1a: Snorlax\n|-damage|p1a: Snorlax|78\/100\n|-enditem|p1a: Snorlax|Sitrus Berry|[from] move: Knock Off|[of] p2a: Roaring Moon\n|move|p2b: Gholdengo|Dazzling Gleam|p1b: Landorus|[spread] p1a,p1b\n|-damage|p1a: Snorlax|57\/100\n|-damage|p1b: Landorus|62\/100\n|move|p1b: Landorus|U-turn|p2a: Roaring Moon\n|-supereffective|p2a: Roaring Moon\n|-damage|p2a: Roaring Moon|29\/100\n|\n|t:|1700319486\n|switch|p1b: Sinistcha|Sinistcha, L50|100\/100|[from] U-turn\n|-heal|p1a: Snorlax|82\/100|[from] ability: Hospitality|[of] p1b: Sinistcha\n|move|p1a: Snorlax|Belly Drum|p1a: Snorlax\n|-damage|p1a: Snorlax|32\/100\n|-setboost|p1a: Snorlax|atk|6|[from] move: Belly Drum\n|\n|upkeep\n|turn|2\n|\n|t:|1700319496\n|move|p1a: Snorlax|Protect|p1a: Snorlax\n|-singleturn|p1a: Snorlax|Protect\n|move|p2a: Roaring Moon|Acrobatics|p1a: Snorlax\n|-activate|p1a: Snorlax|move: Protect\n|move|p2b: Gholdengo|Dazzling Gleam|p1b: Sinistcha|[spread] p1b\n|-activate|p1a: Snorlax|move: Protect\n|-damage|p1b: Sinistcha|71\/100\n|move|p1b: Sinistcha|Trick Room|p1b: Sinistcha\n|-fieldstart|move: Trick Room|[of] p1b: Sinistcha\n|\n|upkeep\n|turn|3\n|\n|t:|1700319504\n|move|p2a: Roaring Moon|Protect|p2a: Roaring Moon\n|-singleturn|p2a: Roaring Moon|Protect\n|move|p1a: Snorlax|Facade|p2b: Gholdengo\n|-damage|p2b: Gholdengo|0 fnt\n|faint|p2b: Gholdengo\n|move|p1b: Sinistcha|Matcha Gotcha|p2a: Roaring Moon\n|-activate|p2a: Roaring Moon|move: Protect\n|\n|upkeep\n|\n|t:|1700319523\n|switch|p2b: Pelipper|Pelipper, L50, F|100\/100\n|-weather|RainDance|[from] ability: Drizzle|[of] p2b: Pelipper\n|turn|4\n|inactive|Olive_096 has 30 seconds left.\n|inactive|Olive_096 has 20 seconds left.\n|inactive|Olive_096 has 15 seconds left.\n|inactive|Olive_096 has 10 seconds left.\n|\n|t:|1700319572\n|move|p1a: Snorlax|Facade|p2b: Pelipper\n|-damage|p2b: Pelipper|0 fnt\n|faint|p2b: Pelipper\n|move|p1b: Sinistcha|Matcha Gotcha|p2a: Roaring Moon\n|-resisted|p2a: Roaring Moon\n|-damage|p2a: Roaring Moon|13\/100\n|-heal|p1b: Sinistcha|79\/100|[from] drain|[of] p2a: Roaring Moon\n|move|p2a: Roaring Moon|Acrobatics|p1b: Sinistcha\n|-supereffective|p1b: Sinistcha\n|-damage|p1b: Sinistcha|42\/100\n|-damage|p2a: Roaring Moon|0 fnt|[from] item: Rocky Helmet|[of] p1b: Sinistcha\n|faint|p2a: Roaring Moon\n|-end|p2a: Roaring Moon|Protosynthesis|[silent]\n|\n|-weather|RainDance|[upkeep]\n|upkeep\n|\n|t:|1700319582\n|switch|p2a: Ogerpon|Ogerpon-Wellspring, L50, F|100\/100\n|turn|5\n|\n|t:|1700319586\n|move|p2a: Ogerpon|Spiky Shield|p2a: Ogerpon\n|-singleturn|p2a: Ogerpon|move: Protect\n|move|p1a: Snorlax|Facade|p2a: Ogerpon\n|-activate|p2a: Ogerpon|move: Protect\n|-damage|p1a: Snorlax|20\/100|[from] Spiky Shield|[of] p2a: Ogerpon\n|move|p1b: Sinistcha|Matcha Gotcha|p2a: Ogerpon\n|-activate|p2a: Ogerpon|move: Protect\n|\n|-weather|RainDance|[upkeep]\n|upkeep\n|turn|6\n|-message|Olive_096 forfeited.\n|\n|win|mashuu02\n|raw|mashuu02's rating: 1197 &rarr; <strong>1218<\/strong><br \/>(+21 for winning)\n|raw|Olive_096's rating: 1140 &rarr; <strong>1119<\/strong><br \/>(-21 for losing)\n|l|\u2606Olive_096\n","uploadtime":1700319591,"views":6,"p1id":"mashuu02","p2id":"olive096","formatid":"gen9vgc2023regulatione","rating":1119,"private":0,"password":""}