{"id":"gen9vgc2023regulatione-1989652736","p1":"Anjos323","p2":"Tawn","format":"[Gen 9] VGC 2023 Regulation E","log":"|j|\u2606Anjos323\n|j|\u2606Tawn\n|t:|1699883465\n|gametype|doubles\n|player|p1|Anjos323|iris-gen5bw2|1061\n|player|p2|Tawn|red|1164\n|teamsize|p1|6\n|teamsize|p2|6\n|gen|9\n|tier|[Gen 9] VGC 2023 Regulation E\n|rated|\n|rule|Species Clause: Limit one of each Pok\u00e9mon\n|rule|Item Clause: Limit one of each item\n|clearpoke\n|poke|p1|Rillaboom, L50, M|\n|poke|p1|Sneasler, L50, M|\n|poke|p1|Chi-Yu, L50|\n|poke|p1|Flutter Mane, L50|\n|poke|p1|Urshifu-*, L50, F|\n|poke|p1|Amoonguss, L50, F|\n|poke|p2|Arcanine-Hisui, L50, M|\n|poke|p2|Iron Bundle, L50|\n|poke|p2|Ogerpon, L50, F|\n|poke|p2|Girafarig, L50, F|\n|poke|p2|Ursaluna, L50, F|\n|poke|p2|Skeledirge, L50, F|\n|teampreview|4\n|inactive|Battle timer is ON: inactive players will automatically lose when time's up. (requested by Anjos323)\nAnjos323 has agreed to open team sheets.\n|\n|t:|1699883481\n|start\n|switch|p1a: Rillaboom|Rillaboom, L50, M|100\/100\n|switch|p1b: Sneasler|Sneasler, L50, M|100\/100\n|switch|p2a: Girafarig|Girafarig, L50, F|100\/100\n|switch|p2b: Arcanine|Arcanine-Hisui, L50, M|100\/100\n|-fieldstart|move: Grassy Terrain|[from] ability: Grassy Surge|[of] p1a: Rillaboom\n|-enditem|p1b: Sneasler|Grassy Seed\n|-boost|p1b: Sneasler|def|1|[from] item: Grassy Seed\n|turn|1\n|\n|t:|1699883496\n|move|p2a: Girafarig|Helping Hand|p2b: Arcanine\n|-singleturn|p2b: Arcanine|Helping Hand|[of] p2a: Girafarig\n|move|p1a: Rillaboom|Fake Out|p2a: Girafarig\n|-damage|p2a: Girafarig|89\/100\n|move|p1b: Sneasler|Close Combat|p2b: Arcanine\n|-supereffective|p2b: Arcanine\n|-damage|p2b: Arcanine|0 fnt\n|-unboost|p1b: Sneasler|def|1\n|-unboost|p1b: Sneasler|spd|1\n|faint|p2b: Arcanine\n|\n|-heal|p2a: Girafarig|95\/100|[from] Grassy Terrain\n|upkeep\n|\n|t:|1699883504\n|switch|p2b: Skeledirge|Skeledirge, L50, F|100\/100\n|turn|2\n|\n|t:|1699883513\n|move|p1b: Sneasler|Protect|p1b: Sneasler\n|-singleturn|p1b: Sneasler|Protect\n|move|p2b: Skeledirge|Protect|p2b: Skeledirge\n|-singleturn|p2b: Skeledirge|Protect\n|move|p1a: Rillaboom|Grassy Glide|p2a: Girafarig\n|-ability|p2a: Girafarig|Sap Sipper|boost\n|-boost|p2a: Girafarig|atk|1\n|move|p2a: Girafarig|Trick Room|p2a: Girafarig\n|-fieldstart|move: Trick Room|[of] p2a: Girafarig\n|\n|-heal|p2a: Girafarig|100\/100|[from] Grassy Terrain\n|upkeep\n|turn|3\n|\n|t:|1699883537\n|move|p2b: Skeledirge|Torch Song|p1a: Rillaboom\n|-supereffective|p1a: Rillaboom\n|-damage|p1a: Rillaboom|25\/100\n|-boost|p2b: Skeledirge|spa|1\n|-enditem|p2b: Skeledirge|Throat Spray\n|-boost|p2b: Skeledirge|spa|1|[from] item: Throat Spray\n|move|p2a: Girafarig|Foul Play|p1b: Sneasler\n|-resisted|p1b: Sneasler\n|-damage|p1b: Sneasler|71\/100\n|move|p1a: Rillaboom|U-turn|p2b: Skeledirge\n|-resisted|p2b: Skeledirge\n|-damage|p2b: Skeledirge|97\/100\n|\n|t:|1699883551\n|switch|p1a: Amoonguss|Amoonguss, L50, F, shiny|100\/100|[from] U-turn\n|move|p1b: Sneasler|Dire Claw|p2a: Girafarig\n|-damage|p2a: Girafarig|66\/100\n|\n|-heal|p2b: Skeledirge|100\/100|[from] Grassy Terrain\n|-heal|p2a: Girafarig|72\/100|[from] Grassy Terrain\n|-heal|p1b: Sneasler|77\/100|[from] Grassy Terrain\n|upkeep\n|turn|4\n|\n|t:|1699883563\n|move|p2a: Girafarig|Ally Switch|p2a: Girafarig\n|swap|p2a: Girafarig|1|[from] move: Ally Switch\n|move|p1a: Amoonguss|Spore|p2b: Girafarig\n|-ability|p2b: Girafarig|Sap Sipper|boost\n|-boost|p2b: Girafarig|atk|1\n|move|p2a: Skeledirge|Torch Song|p1a: Amoonguss\n|-supereffective|p1a: Amoonguss\n|-damage|p1a: Amoonguss|0 fnt\n|-boost|p2a: Skeledirge|spa|1\n|faint|p1a: Amoonguss\n|move|p1b: Sneasler|Dire Claw|p2a: Skeledirge\n|-resisted|p2a: Skeledirge\n|-damage|p2a: Skeledirge|88\/100\n|\n|-heal|p2a: Skeledirge|94\/100|[from] Grassy Terrain\n|-heal|p2b: Girafarig|78\/100|[from] Grassy Terrain\n|-heal|p1b: Sneasler|82\/100|[from] Grassy Terrain\n|upkeep\n|\n|t:|1699883572\n|switch|p1a: Urshifu|Urshifu-Rapid-Strike, L50, F|100\/100\n|turn|5\n|\n|t:|1699883581\n|move|p2b: Girafarig|Helping Hand|p2a: Skeledirge\n|-singleturn|p2a: Skeledirge|Helping Hand|[of] p2b: Girafarig\n|move|p1a: Urshifu|Detect|p1a: Urshifu\n|-singleturn|p1a: Urshifu|Protect\n|move|p2a: Skeledirge|Shadow Ball|p1a: Urshifu\n|-activate|p1a: Urshifu|move: Protect\n|move|p1b: Sneasler|Dire Claw|p2a: Skeledirge\n|-resisted|p2a: Skeledirge\n|-crit|p2a: Skeledirge\n|-damage|p2a: Skeledirge|73\/100\n|\n|-heal|p2a: Skeledirge|79\/100|[from] Grassy Terrain\n|-heal|p2b: Girafarig|85\/100|[from] Grassy Terrain\n|-heal|p1b: Sneasler|88\/100|[from] Grassy Terrain\n|-fieldend|move: Grassy Terrain\n|upkeep\n|turn|6\n|\n|t:|1699883603\n|switch|p1a: Rillaboom|Rillaboom, L50, M|25\/100\n|-fieldstart|move: Grassy Terrain|[from] ability: Grassy Surge|[of] p1a: Rillaboom\n|move|p2a: Skeledirge|Shadow Ball|p1a: Rillaboom\n|-damage|p1a: Rillaboom|0 fnt\n|faint|p1a: Rillaboom\n|move|p2b: Girafarig|Foul Play|p1b: Sneasler\n|-resisted|p1b: Sneasler\n|-damage|p1b: Sneasler|55\/100\n|move|p1b: Sneasler|Dire Claw|p2a: Skeledirge\n|-resisted|p2a: Skeledirge\n|-damage|p2a: Skeledirge|64\/100\n|-status|p2a: Skeledirge|par\n|\n|-heal|p2a: Skeledirge|71\/100 par|[from] Grassy Terrain\n|-heal|p2b: Girafarig|91\/100|[from] Grassy Terrain\n|-heal|p1b: Sneasler|61\/100|[from] Grassy Terrain\n|-fieldend|move: Trick Room\n|upkeep\n|\n|t:|1699883606\n|switch|p1a: Urshifu|Urshifu-Rapid-Strike, L50, F|100\/100\n|turn|7\n|\n|t:|1699883617\n|-terastallize|p1a: Urshifu|Water\n|-terastallize|p2a: Skeledirge|Grass\n|move|p1b: Sneasler|Dire Claw|p2b: Girafarig\n|-damage|p2b: Girafarig|54\/100\n|move|p1a: Urshifu|Surging Strikes|p2a: Skeledirge\n|-resisted|p2a: Skeledirge\n|-crit|p2a: Skeledirge\n|-damage|p2a: Skeledirge|61\/100 par\n|-resisted|p2a: Skeledirge\n|-crit|p2a: Skeledirge\n|-damage|p2a: Skeledirge|52\/100 par\n|-resisted|p2a: Skeledirge\n|-crit|p2a: Skeledirge\n|-damage|p2a: Skeledirge|42\/100 par\n|-hitcount|p2a: Skeledirge|3\n|move|p2a: Skeledirge|Shadow Ball|p1a: Urshifu\n|-damage|p1a: Urshifu|0 fnt\n|faint|p1a: Urshifu\n|move|p2b: Girafarig|Trick Room|p2b: Girafarig\n|-fieldstart|move: Trick Room|[of] p2b: Girafarig\n|\n|-heal|p2a: Skeledirge|48\/100 par|[from] Grassy Terrain\n|-heal|p2b: Girafarig|60\/100|[from] Grassy Terrain\n|-heal|p1b: Sneasler|67\/100|[from] Grassy Terrain\n|upkeep\n|turn|8\n|-message|Anjos323 forfeited.\n|\n|win|Tawn\n|raw|Anjos323's rating: 1061 &rarr; <strong>1047<\/strong><br \/>(-14 for losing)\n|raw|Tawn's rating: 1164 &rarr; <strong>1182<\/strong><br \/>(+18 for winning)\n|l|\u2606Anjos323\n","uploadtime":1699883644,"views":28,"p1id":"anjos323","p2id":"tawn","formatid":"gen9vgc2023regulatione","rating":1047,"private":0,"password":""}