{"id":"gen9vgc2023regulatione-1995469942","p1":"FreezyPop439","p2":"Darkjuninn","format":"[Gen 9] VGC 2023 Regulation E","log":"|j|\u2606FreezyPop439\n|j|\u2606Darkjuninn\n|t:|1700574371\n|gametype|doubles\n|player|p1|FreezyPop439|collector|1449\n|player|p2|Darkjuninn|cynthia|1354\n|teamsize|p1|6\n|teamsize|p2|6\n|gen|9\n|tier|[Gen 9] VGC 2023 Regulation E\n|rated|\n|rule|Species Clause: Limit one of each Pok\u00e9mon\n|rule|Item Clause: Limit one of each item\n|clearpoke\n|poke|p1|Rillaboom, L50, F|\n|poke|p1|Urshifu-*, L50, F|\n|poke|p1|Flutter Mane, L50|\n|poke|p1|Tornadus, L50, M|\n|poke|p1|Chien-Pao, L50|\n|poke|p1|Arcanine-Hisui, L50, F|\n|poke|p2|Tornadus, L50, M|\n|poke|p2|Landorus-Therian, L50, M|\n|poke|p2|Rillaboom, L50, M|\n|poke|p2|Urshifu-*, L50, F|\n|poke|p2|Flutter Mane, L50|\n|poke|p2|Ogerpon-Hearthflame, L50, F|\n|teampreview|4\nDarkjuninn has agreed to open team sheets.\n|\n|t:|1700574418\n|start\n|switch|p1a: Chien-Pao|Chien-Pao, L50|100\/100\n|switch|p1b: Arcanine|Arcanine-Hisui, L50, F|100\/100\n|switch|p2a: treme terra|Landorus-Therian, L50, M|100\/100\n|switch|p2b: hue hue br|Rillaboom, L50, M|100\/100\n|-ability|p1a: Chien-Pao|Sword of Ruin\n|-ability|p1b: Arcanine|Intimidate|boost\n|-unboost|p2a: treme terra|atk|1\n|-unboost|p2b: hue hue br|atk|1\n|-ability|p2a: treme terra|Intimidate|boost\n|-unboost|p1a: Chien-Pao|atk|1\n|-unboost|p1b: Arcanine|atk|1\n|-fieldstart|move: Grassy Terrain|[from] ability: Grassy Surge|[of] p2b: hue hue br\n|turn|1\n|\n|t:|1700574480\n|-terastallize|p1b: Arcanine|Normal\n|move|p2b: hue hue br|Fake Out|p1a: Chien-Pao\n|-damage|p1a: Chien-Pao|87\/100\n|cant|p1a: Chien-Pao|flinch\n|move|p1b: Arcanine|Flare Blitz|p2b: hue hue br\n|-supereffective|p2b: hue hue br\n|-damage|p2b: hue hue br|0 fnt\n|faint|p2b: hue hue br\n|-damage|p1b: Arcanine|62\/100|[from] Recoil\n|move|p2a: treme terra|U-turn|p1a: Chien-Pao\n|-supereffective|p1a: Chien-Pao\n|-damage|p1a: Chien-Pao|20\/100\n|\n|t:|1700574496\n|switch|p2a: katrina|Tornadus, L50, M|100\/100|[from] U-turn\n|\n|-heal|p1a: Chien-Pao|26\/100|[from] Grassy Terrain\n|-heal|p1b: Arcanine|68\/100|[from] Grassy Terrain\n|upkeep\n|\n|t:|1700574502\n|switch|p2b: treme terra|Landorus-Therian, L50, M|100\/100\n|-ability|p2b: treme terra|Intimidate|boost\n|-unboost|p1a: Chien-Pao|atk|1\n|-unboost|p1b: Arcanine|atk|1\n|turn|2\n|\n|t:|1700574517\n|switch|p1b: Tornadus|Tornadus, L50, M|100\/100\n|move|p1a: Chien-Pao|Protect|p1a: Chien-Pao\n|-singleturn|p1a: Chien-Pao|Protect\n|move|p2a: katrina|Tailwind|p2a: katrina\n|-sidestart|p2: Darkjuninn|move: Tailwind\n|move|p2b: treme terra|Rock Slide|p1a: Chien-Pao|[spread] p1b\n|-activate|p1a: Chien-Pao|move: Protect\n|-supereffective|p1b: Tornadus\n|-damage|p1b: Tornadus|0 fnt\n|faint|p1b: Tornadus\n|\n|-heal|p1a: Chien-Pao|32\/100|[from] Grassy Terrain\n|upkeep\n|\n|t:|1700574530\n|switch|p1b: Urshifu|Urshifu-Rapid-Strike, L50, F|100\/100\n|turn|3\n|\n|t:|1700574539\n|switch|p1a: Arcanine|Arcanine-Hisui, L50, F, tera:Normal|68\/100\n|-ability|p1a: Arcanine|Intimidate|boost\n|-unboost|p2a: katrina|atk|1\n|-unboost|p2b: treme terra|atk|1\n|-terastallize|p2b: treme terra|Flying\n|move|p1b: Urshifu|Protect|p1b: Urshifu\n|-singleturn|p1b: Urshifu|Protect\n|move|p2a: katrina|Bleakwind Storm|p1a: Arcanine|[spread] p1a\n|-activate|p1b: Urshifu|move: Protect\n|-damage|p1a: Arcanine|29\/100\n|move|p2b: treme terra|Rock Slide|p1b: Urshifu|[spread] p1a\n|-activate|p1b: Urshifu|move: Protect\n|-damage|p1a: Arcanine|5\/100\n|\n|-heal|p1a: Arcanine|11\/100|[from] Grassy Terrain\n|upkeep\n|turn|4\n|\n|t:|1700574569\n|switch|p1b: Chien-Pao|Chien-Pao, L50|32\/100\n|-ability|p1b: Chien-Pao|Sword of Ruin\n|move|p1a: Arcanine|Extreme Speed|p2b: treme terra\n|-damage|p2b: treme terra|22\/100\n|move|p2a: katrina|Bleakwind Storm|p1b: Chien-Pao|[spread] p1b\n|-miss|p2a: katrina|p1a: Arcanine\n|-crit|p1b: Chien-Pao\n|-damage|p1b: Chien-Pao|0 fnt\n|faint|p1b: Chien-Pao\n|move|p2b: treme terra|Rock Slide|p1a: Arcanine|[miss]\n|-miss|p2b: treme terra|p1a: Arcanine\n|\n|-heal|p1a: Arcanine|17\/100|[from] Grassy Terrain\n|upkeep\n|\n|t:|1700574585\n|switch|p1b: Urshifu|Urshifu-Rapid-Strike, L50, F|100\/100\n|turn|5\n|\n|t:|1700574606\n|switch|p2b: Wanda|Flutter Mane, L50|100\/100\n|-enditem|p2b: Wanda|Booster Energy\n|-activate|p2b: Wanda|ability: Protosynthesis|[fromitem]\n|-start|p2b: Wanda|protosynthesisspa\n|move|p1a: Arcanine|Extreme Speed|p2a: katrina\n|-damage|p2a: katrina|33\/100\n|-damage|p1a: Arcanine|0 fnt|[from] item: Rocky Helmet|[of] p2a: katrina\n|faint|p1a: Arcanine\n|move|p1b: Urshifu|Aqua Jet|p2b: Wanda\n|-damage|p2b: Wanda|62\/100\n|move|p2a: katrina|Bleakwind Storm|p1b: Urshifu\n|-supereffective|p1b: Urshifu\n|-damage|p1b: Urshifu|0 fnt\n|faint|p1b: Urshifu\n|\n|win|Darkjuninn\n|raw|FreezyPop439's rating: 1449 &rarr; <strong>1424<\/strong><br \/>(-25 for losing)\n|raw|Darkjuninn's rating: 1354 &rarr; <strong>1379<\/strong><br \/>(+25 for winning)\n|l|\u2606FreezyPop439\n","uploadtime":1700574635,"views":1,"p1id":"freezypop439","p2id":"darkjuninn","formatid":"gen9vgc2023regulatione","rating":1379,"private":0,"password":""}