{"id":"gen9vgc2023regulatione-1995852743","p1":"as-fly-as-sly","p2":"Thudgore","format":"[Gen 9] VGC 2023 Regulation E","log":"|j|\u2606as-fly-as-sly\n|j|\u2606Thudgore\n|n|\u2606as-fly-as-sly|asflyassly\n|n|\u2606Thudgore|thudgore\n|html|View the match progress at <a href=\"\/game-bestof3-gen9vgc2023regulatione-1995852742\">game-bestof3-gen9vgc2023regulatione-1995852742<\/a>\n|t:|1700609788\n|gametype|doubles\n|player|p1|as-fly-as-sly|volkner|\n|player|p2|Thudgore|teamrocket|\n|teamsize|p1|6\n|teamsize|p2|6\n|gen|9\n|tier|[Gen 9] VGC 2023 Regulation E\n|rule|Species Clause: Limit one of each Pok\u00e9mon\n|rule|Item Clause: Limit one of each item\n|clearpoke\n|poke|p1|Ogerpon-Hearthflame, L50, F|\n|poke|p1|Haxorus, L50, M|\n|poke|p1|Morgrem, L50, M|\n|poke|p1|Articuno-Galar, L50|\n|poke|p1|Regieleki, L50|\n|poke|p1|Mudbray, L50, M|\n|poke|p2|Iron Hands, L50|\n|poke|p2|Ursaluna-Bloodmoon, L50, M|\n|poke|p2|Jumpluff, L50, M|\n|poke|p2|Mimikyu, L50, F|\n|poke|p2|Inteleon, L50, F|\n|poke|p2|Bombirdier, L50, M|\n|teampreview|4\n|c|\u2606as-fly-as-sly|hf\n|c|\u2606Thudgore|you to\n|\n|t:|1700609908\n|start\n|switch|p1a: Supa|Haxorus, L50, M, shiny|100\/100\n|switch|p1b: Bari|Morgrem, L50, M|100\/100\n|switch|p2a: Ursaluna|Ursaluna-Bloodmoon, L50, M|100\/100\n|switch|p2b: Mimikyu|Mimikyu, L50, F|100\/100\n|-ability|p1a: Supa|Mold Breaker\n|turn|1\n|\n|t:|1700610013\n|-terastallize|p1a: Supa|Ghost\n|move|p2a: Ursaluna|Protect|p2a: Ursaluna\n|-singleturn|p2a: Ursaluna|Protect\n|move|p1b: Bari|Swagger|p1a: Supa|[miss]\n|-miss|p1b: Bari|p1a: Supa\n|move|p1a: Supa|Shadow Claw|p2b: Mimikyu\n|-supereffective|p2b: Mimikyu\n|-damage|p2b: Mimikyu|0 fnt\n|faint|p2b: Mimikyu\n|\n|upkeep\n|\n|t:|1700610022\n|switch|p2b: Jumpluff|Jumpluff, L50, M|100\/100\n|turn|2\n|\n|t:|1700610056\n|-terastallize|p2a: Ursaluna|Normal\n|move|p2b: Jumpluff|Rage Powder|p2b: Jumpluff\n|-singleturn|p2b: Jumpluff|move: Rage Powder\n|move|p1b: Bari|Swagger|p2b: Jumpluff|[miss]\n|-miss|p1b: Bari|p2b: Jumpluff\n|move|p1a: Supa|Shadow Claw|p2b: Jumpluff\n|-crit|p2b: Jumpluff\n|-damage|p2b: Jumpluff|34\/100\n|-damage|p1a: Supa|84\/100|[from] item: Rocky Helmet|[of] p2b: Jumpluff\n|move|p2a: Ursaluna|Blood Moon|p1a: Supa\n|-damage|p1a: Supa|0 fnt\n|faint|p1a: Supa\n|\n|upkeep\n|\n|t:|1700610070\n|switch|p1a: Goro|Regieleki, L50, shiny|100\/100\n|turn|3\n|\n|t:|1700610090\n|move|p2b: Jumpluff|Rage Powder|p2b: Jumpluff\n|-singleturn|p2b: Jumpluff|move: Rage Powder\n|move|p1b: Bari|Swagger|p2b: Jumpluff\n|-boost|p2b: Jumpluff|atk|2\n|-start|p2b: Jumpluff|confusion\n|move|p1a: Goro|Volt Switch|p2b: Jumpluff\n|-damage|p2b: Jumpluff|0 fnt\n|faint|p2b: Jumpluff\n|\n|t:|1700610093\n|switch|p1a: Mera|Ogerpon-Hearthflame, L50, F|100\/100|[from] Volt Switch\n|-ability|p1a: Mera|Mold Breaker\n|move|p2a: Ursaluna|Hyper Voice|p1a: Mera|[spread] p1a,p1b\n|-damage|p1a: Mera|27\/100\n|-damage|p1b: Bari|28\/100\n|\n|upkeep\n|\n|t:|1700610098\n|switch|p2b: Iron Hands|Iron Hands, L50|100\/100\n|-enditem|p2b: Iron Hands|Booster Energy\n|-activate|p2b: Iron Hands|ability: Quark Drive|[fromitem]\n|-start|p2b: Iron Hands|quarkdriveatk\n|turn|4\n|\n|t:|1700610120\n|move|p1a: Mera|Spiky Shield|p1a: Mera\n|-singleturn|p1a: Mera|move: Protect\n|move|p2b: Iron Hands|Fake Out|p1a: Mera\n|-activate|p1a: Mera|move: Protect\n|-damage|p2b: Iron Hands|88\/100|[from] Spiky Shield|[of] p1a: Mera\n|move|p1b: Bari|Swagger|p2a: Ursaluna\n|-boost|p2a: Ursaluna|atk|2\n|-start|p2a: Ursaluna|confusion\n|-activate|p2a: Ursaluna|confusion\n|move|p2a: Ursaluna|Hyper Voice|p1a: Mera|[spread] p1b\n|-activate|p1a: Mera|move: Protect\n|-damage|p1b: Bari|0 fnt\n|faint|p1b: Bari\n|\n|upkeep\n|\n|t:|1700610131\n|switch|p1b: Goro|Regieleki, L50, shiny|100\/100\n|turn|5\n|\n|t:|1700610147\n|move|p1b: Goro|Tera Blast|p2b: Iron Hands\n|-damage|p2b: Iron Hands|63\/100\n|move|p1a: Mera|Ivy Cudgel|p2b: Iron Hands|[anim] Ivy Cudgel Fire\n|-damage|p2b: Iron Hands|25\/100\n|-activate|p2a: Ursaluna|confusion\n|move|p2a: Ursaluna|Hyper Voice|p1a: Mera|[spread] p1a,p1b\n|-damage|p1a: Mera|0 fnt\n|-damage|p1b: Goro|0 fnt\n|faint|p1a: Mera\n|faint|p1b: Goro\n|\n|win|Thudgore\n|c|\u2606as-fly-as-sly|gg\n|c|\u2606Thudgore|gg\n|inactive|as-fly-as-sly has 50 seconds to confirm battle start!\n|inactive|Thudgore has 50 seconds to confirm battle start!\n|c|&|\/uhtml prompt-asflyassly,as-fly-as-sly is ready for game 2!\n|c|&|\/uhtml prompt-thudgore,Thudgore is ready for game 2!\nBoth players are ready! Starting next match!\n|l|\u2606as-fly-as-sly\n","uploadtime":1700610784,"views":43,"p1id":"asflyassly","p2id":"thudgore","formatid":"gen9vgc2023regulatione","rating":0,"private":0,"password":""}