{"id":"gen9vgc2023regulatione-1989175308","p1":"chadABOMASNOW","p2":"testpip90","format":"[Gen 9] VGC 2023 Regulation E","log":"|j|\u2606chadABOMASNOW\n|j|\u2606testpip90\n|t:|1699820162\n|gametype|doubles\n|player|p1|chadABOMASNOW|266|1297\n|player|p2|testpip90|giovanni|1332\n|teamsize|p1|6\n|teamsize|p2|6\n|gen|9\n|tier|[Gen 9] VGC 2023 Regulation E\n|rated|\n|rule|Species Clause: Limit one of each Pok\u00e9mon\n|rule|Item Clause: Limit one of each item\n|clearpoke\n|poke|p1|Dragonite, L50, F|\n|poke|p1|Chien-Pao, L50|\n|poke|p1|Houndstone, L50, F|\n|poke|p1|Sinistcha, L50|\n|poke|p1|Empoleon, L50, F|\n|poke|p1|Iron Hands, L50|\n|poke|p2|Okidogi, L50, M|\n|poke|p2|Flutter Mane, L50|\n|poke|p2|Urshifu-*, L50, M|\n|poke|p2|Arcanine-Hisui, L50, F|\n|poke|p2|Chi-Yu, L50|\n|poke|p2|Rillaboom, L50, M|\n|teampreview|4\n|inactive|Battle timer is ON: inactive players will automatically lose when time's up. (requested by chadABOMASNOW)\n|j| Thehombre\n|\n|t:|1699820207\n|start\n|switch|p1a: Empoleon|Empoleon, L50, F|100\/100\n|switch|p1b: Iron Hands|Iron Hands, L50|100\/100\n|switch|p2a: Okidogi|Okidogi, L50, M|100\/100\n|switch|p2b: Chi-Yu|Chi-Yu, L50|100\/100\n|-ability|p2b: Chi-Yu|Beads of Ruin\n|turn|1\n|\n|t:|1699820226\n|-terastallize|p1b: Iron Hands|Fire\n|move|p2b: Chi-Yu|Protect|p2b: Chi-Yu\n|-singleturn|p2b: Chi-Yu|Protect\n|move|p2a: Okidogi|Bulk Up|p2a: Okidogi\n|-boost|p2a: Okidogi|atk|1\n|-boost|p2a: Okidogi|def|1\n|move|p1a: Empoleon|Icy Wind|p2a: Okidogi|[spread] p2a\n|-activate|p2b: Chi-Yu|move: Protect\n|-damage|p2a: Okidogi|85\/100\n|-unboost|p2a: Okidogi|spe|1\n|move|p1b: Iron Hands|Swords Dance|p1b: Iron Hands\n|-boost|p1b: Iron Hands|atk|2\n|\n|-heal|p2a: Okidogi|92\/100|[from] item: Leftovers\n|upkeep\n|turn|2\n|inactive|chadABOMASNOW has 30 seconds left.\n|inactive|testpip90 has 30 seconds left.\n|\n|t:|1699820257\n|switch|p1a: Dragonite|Dragonite, L50, F|100\/100\n|-terastallize|p2b: Chi-Yu|Ghost\n|move|p2b: Chi-Yu|Tera Blast|p1b: Iron Hands|[anim] Tera Blast Ghost\n|-damage|p1b: Iron Hands|56\/100\n|move|p2a: Okidogi|Drain Punch|p1a: Dragonite\n|-resisted|p1a: Dragonite\n|-damage|p1a: Dragonite|86\/100\n|-heal|p2a: Okidogi|99\/100|[from] drain|[of] p1a: Dragonite\n|move|p1b: Iron Hands|Drain Punch|p2b: Chi-Yu\n|-immune|p2b: Chi-Yu\n|\n|-heal|p2a: Okidogi|100\/100|[from] item: Leftovers\n|upkeep\n|turn|3\n|inactive|testpip90 has 30 seconds left.\n|inactive|testpip90 has 20 seconds left.\n|\n|t:|1699820295\n|move|p1b: Iron Hands|Protect|p1b: Iron Hands\n|-singleturn|p1b: Iron Hands|Protect\n|move|p1a: Dragonite|Dragon Dance|p1a: Dragonite\n|-boost|p1a: Dragonite|atk|1\n|-boost|p1a: Dragonite|spe|1\n|move|p2b: Chi-Yu|Snarl|p1a: Dragonite|[spread] \n|-activate|p1b: Iron Hands|move: Protect\n|-miss|p2b: Chi-Yu|p1a: Dragonite\n|move|p2a: Okidogi|Drain Punch|p1b: Iron Hands\n|-activate|p1b: Iron Hands|move: Protect\n|\n|upkeep\n|turn|4\n|inactive|chadABOMASNOW has 30 seconds left.\n|\n|t:|1699820320\n|switch|p2b: Arcanine|Arcanine-Hisui, L50, F|100\/100\n|-ability|p2b: Arcanine|Intimidate|boost\n|-fail|p1a: Dragonite|unboost|[from] item: Clear Amulet|[of] p1a: Dragonite\n|-unboost|p1b: Iron Hands|atk|1\n|-end|p1b: Iron Hands|Quark Drive|[silent]\n|switch|p1b: Houndstone|Houndstone, L50, F, shiny|100\/100\n|move|p1a: Dragonite|Earthquake|p2b: Arcanine|[spread] p1b,p2a,p2b\n|-supereffective|p2a: Okidogi\n|-supereffective|p2b: Arcanine\n|-damage|p1b: Houndstone|68\/100\n|-damage|p2a: Okidogi|59\/100\n|-damage|p2b: Arcanine|0 fnt\n|faint|p2b: Arcanine\n|move|p2a: Okidogi|Drain Punch|p1b: Houndstone\n|-immune|p1b: Houndstone\n|\n|-heal|p2a: Okidogi|65\/100|[from] item: Leftovers\n|upkeep\n|\n|t:|1699820340\n|switch|p2b: Urshifu|Urshifu-Rapid-Strike, L50, M|100\/100\n|turn|5\n|\n|t:|1699820352\n|move|p1b: Houndstone|Ally Switch|p1b: Houndstone\n|swap|p1b: Houndstone|0|[from] move: Ally Switch\n|move|p2b: Urshifu|Surging Strikes|p1b: Dragonite\n|-resisted|p1b: Dragonite\n|-crit|p1b: Dragonite\n|-damage|p1b: Dragonite|75\/100\n|-resisted|p1b: Dragonite\n|-crit|p1b: Dragonite\n|-damage|p1b: Dragonite|65\/100\n|-resisted|p1b: Dragonite\n|-crit|p1b: Dragonite\n|-damage|p1b: Dragonite|54\/100\n|-hitcount|p1b: Dragonite|3\n|move|p1b: Dragonite|Outrage|p2a: Okidogi\n|-damage|p2a: Okidogi|14\/100\n|move|p2a: Okidogi|Knock Off|p1b: Dragonite\n|-damage|p1b: Dragonite|4\/100\n|-enditem|p1b: Dragonite|Clear Amulet|[from] move: Knock Off|[of] p2a: Okidogi\n|\n|-heal|p2a: Okidogi|20\/100|[from] item: Leftovers\n|upkeep\n|turn|6\n|\n|t:|1699820376\n|move|p2a: Okidogi|Protect|p2a: Okidogi\n|-singleturn|p2a: Okidogi|Protect\n|move|p2b: Urshifu|Surging Strikes|p1b: Dragonite\n|-resisted|p1b: Dragonite\n|-crit|p1b: Dragonite\n|-damage|p1b: Dragonite|0 fnt\n|faint|p1b: Dragonite\n|-hitcount|p1: Dragonite|1\n|move|p1a: Houndstone|Will-O-Wisp|p2b: Urshifu\n|-status|p2b: Urshifu|brn\n|\n|-heal|p2a: Okidogi|26\/100|[from] item: Leftovers\n|-damage|p2b: Urshifu|94\/100 brn|[from] brn\n|upkeep\n|\n|t:|1699820389\n|switch|p1b: Empoleon|Empoleon, L50, F|100\/100\n|turn|7\n|\n|t:|1699820409\n|move|p2b: Urshifu|Surging Strikes|p1a: Houndstone\n|-crit|p1a: Houndstone\n|-damage|p1a: Houndstone|64\/100\n|-damage|p2b: Urshifu|78\/100 brn|[from] item: Rocky Helmet|[of] p1a: Houndstone\n|-crit|p1a: Houndstone\n|-damage|p1a: Houndstone|60\/100\n|-damage|p2b: Urshifu|62\/100 brn|[from] item: Rocky Helmet|[of] p1a: Houndstone\n|-crit|p1a: Houndstone\n|-damage|p1a: Houndstone|55\/100\n|-damage|p2b: Urshifu|45\/100 brn|[from] item: Rocky Helmet|[of] p1a: Houndstone\n|-hitcount|p1a: Houndstone|3\n|move|p1a: Houndstone|Last Respects|p2b: Urshifu\n|-damage|p2b: Urshifu|8\/100 brn\n|move|p1b: Empoleon|Flash Cannon|p2a: Okidogi\n|-damage|p2a: Okidogi|0 fnt\n|faint|p2a: Okidogi\n|\n|-damage|p2b: Urshifu|2\/100 brn|[from] brn\n|upkeep\n|c|\u2606chadABOMASNOW|oof\n|c|\u2606chadABOMASNOW|never surging stikes my houndstone\n|\n|t:|1699820428\n|switch|p2a: Chi-Yu|Chi-Yu, L50, tera:Ghost|100\/100\n|-ability|p2a: Chi-Yu|Beads of Ruin\n|turn|8\n|\n|t:|1699820444\n|move|p1b: Empoleon|Vacuum Wave|p2b: Urshifu\n|-damage|p2b: Urshifu|0 fnt\n|faint|p2b: Urshifu\n|move|p2a: Chi-Yu|Tera Blast|p1a: Houndstone|[anim] Tera Blast Ghost\n|-supereffective|p1a: Houndstone\n|-damage|p1a: Houndstone|0 fnt\n|faint|p1a: Houndstone\n|\n|upkeep\n|\n|t:|1699820451\n|switch|p1a: Iron Hands|Iron Hands, L50, tera:Fire|56\/100\n|turn|9\n|\n|t:|1699820460\n|move|p2a: Chi-Yu|Heat Wave|p1b: Empoleon|[spread] p1a,p1b\n|-resisted|p1a: Iron Hands\n|-damage|p1a: Iron Hands|37\/100\n|-damage|p1b: Empoleon|69\/100\n|move|p1b: Empoleon|Flash Cannon|p2a: Chi-Yu\n|-damage|p2a: Chi-Yu|70\/100\n|move|p1a: Iron Hands|Heavy Slam|p2a: Chi-Yu\n|-damage|p2a: Chi-Yu|15\/100\n|\n|upkeep\n|turn|10\n|\n|t:|1699820474\n|move|p2a: Chi-Yu|Tera Blast|p1a: Iron Hands|[anim] Tera Blast Ghost\n|-damage|p1a: Iron Hands|0 fnt\n|faint|p1a: Iron Hands\n|-end|p1a: Iron Hands|Quark Drive|[silent]\n|move|p1b: Empoleon|Flash Cannon|p2a: Chi-Yu\n|-damage|p2a: Chi-Yu|0 fnt\n|faint|p2a: Chi-Yu\n|\n|win|chadABOMASNOW\n|raw|chadABOMASNOW's rating: 1297 &rarr; <strong>1325<\/strong><br \/>(+28 for winning)\n|raw|testpip90's rating: 1332 &rarr; <strong>1310<\/strong><br \/>(-22 for losing)\n","uploadtime":1699820479,"views":12,"p1id":"chadabomasnow","p2id":"testpip90","formatid":"gen9vgc2023regulatione","rating":1310,"private":0,"password":""}