{"id":"gen9vgc2023regulatione-1994099273","p1":"Pipo44","p2":"Shadow Ballers","format":"[Gen 9] VGC 2023 Regulation E","log":"|j|\u2606Pipo44\n|j|\u2606Shadow Ballers\n|t:|1700406712\n|gametype|doubles\n|player|p1|Pipo44|swimmer|1268\n|player|p2|Shadow Ballers|roughneck|1364\n|teamsize|p1|6\n|teamsize|p2|6\n|gen|9\n|tier|[Gen 9] VGC 2023 Regulation E\n|rated|\n|rule|Species Clause: Limit one of each Pok\u00e9mon\n|rule|Item Clause: Limit one of each item\n|clearpoke\n|poke|p1|Scizor, L50, M|\n|poke|p1|Ogerpon-Hearthflame, L50, F|\n|poke|p1|Sinistcha, L50|\n|poke|p1|Sneasler, L50, F|\n|poke|p1|Empoleon, L50, M|\n|poke|p1|Landorus-Therian, L50, M|\n|poke|p2|Iron Bundle, L50|\n|poke|p2|Toedscruel, L50, F|\n|poke|p2|Weezing-Galar, L50, F|\n|poke|p2|Weavile, L50, F|\n|poke|p2|Rillaboom, L50, F|\n|poke|p2|Ceruledge, L50, M|\n|teampreview|4\n|inactive|Battle timer is ON: inactive players will automatically lose when time's up. (requested by Shadow Ballers)\n|\n|t:|1700406759\n|start\n|switch|p1a: Scizor|Scizor, L50, M|100\/100\n|switch|p1b: Landorus|Landorus-Therian, L50, M|100\/100\n|switch|p2a: Weezing|Weezing-Galar, L50, F, shiny|100\/100\n|switch|p2b: Weavile|Weavile, L50, F, shiny|100\/100\n|-ability|p2a: Weezing|Neutralizing Gas\n|turn|1\n|inactive|Pipo44 has 30 seconds left.\n|inactive|Pipo44 has 20 seconds left.\n|\n|t:|1700406798\n|switch|p1b: Empoleon|Empoleon, L50, M|100\/100\n|-terastallize|p2a: Weezing|Water\n|move|p2b: Weavile|Fake Out|p1b: Empoleon\n|-resisted|p1b: Empoleon\n|-damage|p1b: Empoleon|94\/100\n|move|p1a: Scizor|Bullet Punch|p2b: Weavile\n|-supereffective|p2b: Weavile\n|-damage|p2b: Weavile|26\/100\n|move|p2a: Weezing|Tera Blast|p1b: Empoleon|[anim] Tera Blast Water\n|-resisted|p1b: Empoleon\n|-damage|p1b: Empoleon|75\/100\n|\n|upkeep\n|turn|2\n|\n|t:|1700406817\n|switch|p2b: Ceruledge|Ceruledge, L50, M, shiny|100\/100\n|move|p1a: Scizor|Bullet Punch|p2b: Ceruledge\n|-resisted|p2b: Ceruledge\n|-damage|p2b: Ceruledge|88\/100\n|move|p1b: Empoleon|Flash Cannon|p2b: Ceruledge\n|-resisted|p2b: Ceruledge\n|-damage|p2b: Ceruledge|69\/100\n|move|p2a: Weezing|Tera Blast|p1a: Scizor|[anim] Tera Blast Water\n|-damage|p1a: Scizor|62\/100\n|\n|upkeep\n|turn|3\n|inactive|Pipo44 has 30 seconds left.\n|inactive|Pipo44 has 20 seconds left.\n|inactive|Shadow Ballers has 30 seconds left.\n|\n|t:|1700406855\n|switch|p1a: Landorus|Landorus-Therian, L50, M|100\/100\n|-terastallize|p1b: Empoleon|Water\n|move|p2b: Ceruledge|Protect|p2b: Ceruledge\n|-singleturn|p2b: Ceruledge|Protect\n|move|p1b: Empoleon|Hydro Pump|p2b: Ceruledge\n|-activate|p2b: Ceruledge|move: Protect\n|move|p2a: Weezing|Tera Blast|p1a: Landorus|[anim] Tera Blast Water\n|-supereffective|p1a: Landorus\n|-damage|p1a: Landorus|35\/100\n|\n|upkeep\n|turn|4\n|inactive|Shadow Ballers has 30 seconds left.\n|inactive|Shadow Ballers has 20 seconds left.\n|\n|t:|1700406891\n|switch|p1a: Sinistcha|Sinistcha, L50|100\/100\n|switch|p2b: Toedscruel|Toedscruel, L50, F, shiny|100\/100\n|move|p1b: Empoleon|Hydro Pump|p2b: Toedscruel\n|-damage|p2b: Toedscruel|28\/100\n|move|p2a: Weezing|Tera Blast|p1a: Sinistcha|[anim] Tera Blast Water\n|-resisted|p1a: Sinistcha\n|-damage|p1a: Sinistcha|85\/100\n|\n|upkeep\n|turn|5\n|\n|t:|1700406915\n|switch|p1b: Scizor|Scizor, L50, M|62\/100\n|move|p2b: Toedscruel|Spore|p1b: Scizor\n|-status|p1b: Scizor|slp|[from] move: Spore\n|move|p1a: Sinistcha|Matcha Gotcha|p2b: Toedscruel|[spread] p2a,p2b\n|-supereffective|p2a: Weezing\n|-damage|p2a: Weezing|26\/100\n|-heal|p1a: Sinistcha|100\/100|[from] drain|[of] p2a: Weezing\n|-damage|p2b: Toedscruel|3\/100\n|-status|p2b: Toedscruel|brn\n|move|p2a: Weezing|Play Rough|p1a: Sinistcha\n|-damage|p1a: Sinistcha|63\/100\n|-damage|p2a: Weezing|10\/100|[from] item: Rocky Helmet|[of] p1a: Sinistcha\n|\n|-damage|p2b: Toedscruel|0 fnt|[from] brn\n|faint|p2b: Toedscruel\n|upkeep\n|\n|t:|1700406937\n|switch|p2b: Ceruledge|Ceruledge, L50, M, shiny|69\/100\n|turn|6\n|inactive|Pipo44 has 30 seconds left.\n|\n|t:|1700406963\n|switch|p1a: Empoleon|Empoleon, L50, M, tera:Water|75\/100\n|switch|p1b: Landorus|Landorus-Therian, L50, M|35\/100\n|move|p2b: Ceruledge|Bitter Blade|p1a: Empoleon\n|-resisted|p1a: Empoleon\n|-damage|p1a: Empoleon|50\/100\n|-heal|p2b: Ceruledge|82\/100|[from] drain|[of] p1a: Empoleon\n|move|p2a: Weezing|Tera Blast|p1b: Landorus|[anim] Tera Blast Water\n|-supereffective|p1b: Landorus\n|-crit|p1b: Landorus\n|-damage|p1b: Landorus|0 fnt\n|faint|p1b: Landorus\n|\n|upkeep\n|\n|t:|1700406987\n|switch|p1b: Scizor|Scizor, L50, M|62\/100 slp\n|turn|7\n|\n|t:|1700407004\n|move|p2b: Ceruledge|Protect|p2b: Ceruledge\n|-singleturn|p2b: Ceruledge|Protect\n|cant|p1b: Scizor|slp\n|move|p1a: Empoleon|Vacuum Wave|p2a: Weezing\n|-damage|p2a: Weezing|0 fnt\n|faint|p2a: Weezing\n|-end|p2a: Weezing|ability: Neutralizing Gas\n|\n|upkeep\n|\n|t:|1700407010\n|switch|p2a: Weavile|Weavile, L50, F, shiny|26\/100\n|turn|8\n|\n|t:|1700407023\n|switch|p1b: Sinistcha|Sinistcha, L50|63\/100\n|-heal|p1a: Empoleon|75\/100|[from] ability: Hospitality|[of] p1b: Sinistcha\n|move|p2a: Weavile|Fake Out|p1a: Empoleon\n|-damage|p1a: Empoleon|60\/100\n|move|p2b: Ceruledge|Bitter Blade|p1b: Sinistcha\n|-supereffective|p1b: Sinistcha\n|-damage|p1b: Sinistcha|0 fnt\n|-heal|p2b: Ceruledge|100\/100|[from] drain|[of] p1b: Sinistcha\n|-damage|p2b: Ceruledge|84\/100|[from] item: Rocky Helmet|[of] p1b: Sinistcha\n|faint|p1b: Sinistcha\n|cant|p1a: Empoleon|flinch\n|\n|upkeep\n|\n|t:|1700407038\n|switch|p1b: Scizor|Scizor, L50, M|62\/100 slp\n|turn|9\n|\n|t:|1700407044\n|cant|p1b: Scizor|slp\n|move|p2a: Weavile|Knock Off|p1a: Empoleon\n|-damage|p1a: Empoleon|13\/100\n|-enditem|p1a: Empoleon|Assault Vest|[from] move: Knock Off|[of] p2a: Weavile\n|move|p2b: Ceruledge|Bitter Blade|p1b: Scizor\n|-supereffective|p1b: Scizor\n|-damage|p1b: Scizor|0 fnt\n|-heal|p2b: Ceruledge|100\/100|[from] drain|[of] p1b: Scizor\n|faint|p1b: Scizor\n|move|p1a: Empoleon|Hydro Pump|p2b: Ceruledge|[miss]\n|-miss|p1a: Empoleon|p2b: Ceruledge\n|\n|upkeep\n|turn|10\n|c|\u2606Shadow Ballers|Gg\n|\n|t:|1700407063\n|move|p2b: Ceruledge|Shadow Sneak|p1a: Empoleon\n|-damage|p1a: Empoleon|0 fnt\n|faint|p1a: Empoleon\n|\n|win|Shadow Ballers\n|raw|Pipo44's rating: 1268 &rarr; <strong>1250<\/strong><br \/>(-18 for losing)\n|raw|Shadow Ballers's rating: 1364 &rarr; <strong>1379<\/strong><br \/>(+15 for winning)\n|c|\u2606Pipo44|Gg\n|c|\u2606Shadow Ballers|Love empoleon\n|c|\u2606Shadow Ballers|Water pledge on it would have won it for you\n","uploadtime":1700407121,"views":6,"p1id":"pipo44","p2id":"shadowballers","formatid":"gen9vgc2023regulatione","rating":1250,"private":0,"password":""}