{"id":"gen9vgc2023regulatione-1988482364","p1":"thunderdog_32","p2":"Thundrix","format":"[Gen 9] VGC 2023 Regulation E","log":"|j|\u2606thunderdog_32\n|j|\u2606Thundrix\n|t:|1699727686\n|gametype|doubles\n|player|p1|thunderdog_32|102|1127\n|player|p2|Thundrix|volkner|1122\n|teamsize|p1|6\n|teamsize|p2|6\n|gen|9\n|tier|[Gen 9] VGC 2023 Regulation E\n|rated|\n|rule|Species Clause: Limit one of each Pok\u00e9mon\n|rule|Item Clause: Limit one of each item\n|clearpoke\n|poke|p1|Annihilape, L50, M|\n|poke|p1|Fezandipiti, L50, M|\n|poke|p1|Iron Bundle, L50|\n|poke|p1|Kingambit, L50, F|\n|poke|p1|Landorus-Therian, L50, M|\n|poke|p1|Heatran, L50, M|\n|poke|p2|Torkoal, L50, F|\n|poke|p2|Iron Thorns, L50|\n|poke|p2|Volbeat, L50, M|\n|poke|p2|Klefki, L50, M|\n|poke|p2|Mamoswine, L50, F|\n|poke|p2|Staraptor, L50, M|\n|teampreview|4\nThundrix rejected open team sheets.\n|inactive|Battle timer is ON: inactive players will automatically lose when time's up. (requested by thunderdog_32)\n|inactive|thunderdog_32 has 60 seconds left.\n|\n|t:|1699727726\n|start\n|switch|p1a: Annihilape|Annihilape, L50, M|100\/100\n|switch|p1b: Heatran|Heatran, L50, M|100\/100\n|switch|p2a: Mamoswine|Mamoswine, L50, F|100\/100\n|switch|p2b: Staraptor|Staraptor, L50, M|100\/100\n|-ability|p2b: Staraptor|Intimidate|boost\n|-unboost|p1a: Annihilape|atk|1\n|-ability|p1a: Annihilape|Defiant|boost\n|-boost|p1a: Annihilape|atk|2\n|-unboost|p1b: Heatran|atk|1\n|turn|1\n|inactive|Thundrix has 30 seconds left.\n|\n|t:|1699727756\n|switch|p1b: Landorus|Landorus-Therian, L50, M|100\/100\n|-ability|p1b: Landorus|Intimidate|boost\n|-unboost|p2a: Mamoswine|atk|1\n|-unboost|p2b: Staraptor|atk|1\n|move|p1a: Annihilape|Final Gambit|p2b: Staraptor\n|-damage|p2b: Staraptor|0 fnt\n|faint|p1a: Annihilape\n|faint|p2b: Staraptor\n|move|p2a: Mamoswine|High Horsepower|p1b: Landorus\n|-immune|p1b: Landorus\n|\n|upkeep\n|inactive|thunderdog_32 has 30 seconds left.\n|\n|t:|1699727788\n|switch|p1a: Iron Bundle|Iron Bundle, L50|100\/100\n|switch|p2b: Klefki|Klefki, L50, M|100\/100\n|-enditem|p1a: Iron Bundle|Booster Energy\n|-activate|p1a: Iron Bundle|ability: Quark Drive|[fromitem]\n|-start|p1a: Iron Bundle|quarkdrivespe\n|turn|2\n|\n|t:|1699727801\n|switch|p2a: Torkoal|Torkoal, L50, F|100\/100\n|-weather|SunnyDay|[from] ability: Drought|[of] p2a: Torkoal\n|-terastallize|p1b: Landorus|Water\n|move|p1a: Iron Bundle|Protect|p1a: Iron Bundle\n|-singleturn|p1a: Iron Bundle|Protect\n|move|p1b: Landorus|Earthquake|p2b: Klefki|[spread] p2a,p2b\n|-activate|p1a: Iron Bundle|move: Protect\n|-supereffective|p2a: Torkoal\n|-supereffective|p2b: Klefki\n|-damage|p2a: Torkoal|29\/100\n|-damage|p2b: Klefki|27\/100\n|-enditem|p2b: Klefki|Sitrus Berry|[eat]\n|-heal|p2b: Klefki|52\/100|[from] item: Sitrus Berry\n|move|p2b: Klefki|Trick Room|p2b: Klefki\n|-fieldstart|move: Trick Room|[of] p2b: Klefki\n|\n|-weather|SunnyDay|[upkeep]\n|upkeep\n|turn|3\n|\n|t:|1699727826\n|-end|p1a: Iron Bundle|Quark Drive|[silent]\n|switch|p1a: Heatran|Heatran, L50, M|100\/100\n|move|p2b: Klefki|Calm Mind|p2b: Klefki\n|-boost|p2b: Klefki|spa|1\n|-boost|p2b: Klefki|spd|1\n|move|p2a: Torkoal|Solar Beam||[still]\n|-prepare|p2a: Torkoal|Solar Beam\n|-anim|p2a: Torkoal|Solar Beam|p1b: Landorus\n|-supereffective|p1b: Landorus\n|-damage|p1b: Landorus|49\/100\n|move|p1b: Landorus|Stomping Tantrum|p2a: Torkoal\n|-supereffective|p2a: Torkoal\n|-damage|p2a: Torkoal|0 fnt\n|faint|p2a: Torkoal\n|\n|-weather|SunnyDay|[upkeep]\n|upkeep\n|\n|t:|1699727838\n|switch|p2a: Mamoswine|Mamoswine, L50, F|100\/100\n|turn|4\n|\n|t:|1699727854\n|move|p2b: Klefki|Calm Mind|p2b: Klefki\n|-boost|p2b: Klefki|spa|1\n|-boost|p2b: Klefki|spd|1\n|move|p1a: Heatran|Magma Storm|p2b: Klefki\n|-supereffective|p2b: Klefki\n|-damage|p2b: Klefki|0 fnt\n|faint|p2b: Klefki\n|move|p2a: Mamoswine|High Horsepower|p1b: Landorus\n|-damage|p1b: Landorus|0 fnt\n|faint|p1b: Landorus\n|\n|-weather|SunnyDay|[upkeep]\n|upkeep\n|\n|t:|1699727860\n|switch|p1b: Iron Bundle|Iron Bundle, L50|100\/100\n|turn|5\n|inactive|thunderdog_32 has 30 seconds left.\n|\n|t:|1699727888\n|-terastallize|p2a: Mamoswine|Water\n|move|p1a: Heatran|Protect|p1a: Heatran\n|-singleturn|p1a: Heatran|Protect\n|move|p2a: Mamoswine|High Horsepower|p1a: Heatran\n|-activate|p1a: Heatran|move: Protect\n|move|p1b: Iron Bundle|Freeze-Dry|p2a: Mamoswine\n|-supereffective|p2a: Mamoswine\n|-damage|p2a: Mamoswine|53\/100\n|\n|-weather|SunnyDay|[upkeep]\n|upkeep\n|turn|6\n|c|\u2606thunderdog_32|ggs\n|\n|t:|1699727907\n|move|p1a: Heatran|Earth Power|p2a: Mamoswine\n|-damage|p2a: Mamoswine|15\/100\n|move|p2a: Mamoswine|High Horsepower|p1a: Heatran\n|-supereffective|p1a: Heatran\n|-damage|p1a: Heatran|0 fnt\n|faint|p1a: Heatran\n|move|p1b: Iron Bundle|Freeze-Dry|p2a: Mamoswine\n|-supereffective|p2a: Mamoswine\n|-damage|p2a: Mamoswine|0 fnt\n|faint|p2a: Mamoswine\n|\n|win|thunderdog_32\n|raw|thunderdog_32's rating: 1127 &rarr; <strong>1152<\/strong><br \/>(+25 for winning)\n|raw|Thundrix's rating: 1122 &rarr; <strong>1097<\/strong><br \/>(-25 for losing)\n","uploadtime":1699727916,"views":12,"p1id":"thunderdog32","p2id":"thundrix","formatid":"gen9vgc2023regulatione","rating":1097,"private":0,"password":""}