{"id":"gen9vgc2023regulatione-1995016461","p1":"Kentakio","p2":"CuteBombee","format":"[Gen 9] VGC 2023 Regulation E","log":"|j|\u2606Kentakio\n|j|\u2606CuteBombee\n|t:|1700513697\n|gametype|doubles\n|player|p1|Kentakio|guitarist|1511\n|player|p2|CuteBombee|265|1414\n|teamsize|p1|6\n|teamsize|p2|6\n|gen|9\n|tier|[Gen 9] VGC 2023 Regulation E\n|rated|\n|rule|Species Clause: Limit one of each Pok\u00e9mon\n|rule|Item Clause: Limit one of each item\n|clearpoke\n|poke|p1|Baxcalibur, L50, M|\n|poke|p1|Ninetales-Alola, L50, F|\n|poke|p1|Gholdengo, L50|\n|poke|p1|Gothitelle, L50, M|\n|poke|p1|Urshifu-*, L50, M|\n|poke|p1|Ogerpon-Hearthflame, L50, F|\n|poke|p2|Sinistcha, L50|\n|poke|p2|Bruxish, L50, F|\n|poke|p2|Iron Hands, L50|\n|poke|p2|Ogerpon-Hearthflame, L50, F|\n|poke|p2|Articuno-Galar, L50|\n|poke|p2|Chien-Pao, L50|\n|teampreview|4\n|inactive|Battle timer is ON: inactive players will automatically lose when time's up. (requested by Kentakio)\n|\n|t:|1700513748\n|start\n|switch|p1a: Ogerpon|Ogerpon-Hearthflame, L50, F|100\/100\n|switch|p1b: Gothitelle|Gothitelle, L50, M|100\/100\n|switch|p2a: Iron Hands|Iron Hands, L50|100\/100\n|switch|p2b: Articuno|Articuno-Galar, L50|100\/100\n|-ability|p1a: Ogerpon|Mold Breaker\n|-enditem|p2a: Iron Hands|Booster Energy\n|-activate|p2a: Iron Hands|ability: Quark Drive|[fromitem]\n|-start|p2a: Iron Hands|quarkdriveatk\n|turn|1\n|inactive|CuteBombee has 30 seconds left.\n|\n|t:|1700513783\n|-terastallize|p1a: Ogerpon|Fire\n|detailschange|p1a: Ogerpon|Ogerpon-Hearthflame-Tera, L50, F, tera:Fire\n|-ability|p1a: Ogerpon|Embody Aspect (Hearthflame)|boost\n|-boost|p1a: Ogerpon|atk|1\n|move|p1b: Gothitelle|Fake Out|p2b: Articuno\n|-damage|p2b: Articuno|95\/100\n|move|p1a: Ogerpon|Swords Dance|p1a: Ogerpon\n|-boost|p1a: Ogerpon|atk|2\n|move|p2b: Articuno|Tailwind|p2b: Articuno\n|-sidestart|p2: CuteBombee|move: Tailwind\n|move|p2a: Iron Hands|Swords Dance|p2a: Iron Hands\n|-boost|p2a: Iron Hands|atk|2\n|\n|upkeep\n|turn|2\n|\n|t:|1700513801\n|move|p1a: Ogerpon|Spiky Shield|p1a: Ogerpon\n|-singleturn|p1a: Ogerpon|move: Protect\n|move|p2b: Articuno|Psyshock|p1a: Ogerpon\n|-activate|p1a: Ogerpon|move: Protect\n|move|p2a: Iron Hands|Drain Punch|p1a: Ogerpon\n|-activate|p1a: Ogerpon|move: Protect\n|-damage|p2a: Iron Hands|88\/100|[from] Spiky Shield|[of] p1a: Ogerpon\n|move|p1b: Gothitelle|Trick Room|p1b: Gothitelle\n|-fieldstart|move: Trick Room|[of] p1b: Gothitelle\n|\n|upkeep\n|turn|3\n|inactive|CuteBombee has 30 seconds left.\n|\n|t:|1700513828\n|move|p1b: Gothitelle|Psychic|p2a: Iron Hands\n|-supereffective|p2a: Iron Hands\n|-damage|p2a: Iron Hands|43\/100\n|move|p2a: Iron Hands|Drain Punch|p1a: Ogerpon\n|-damage|p1a: Ogerpon|0 fnt\n|-heal|p2a: Iron Hands|77\/100|[from] drain|[of] p1a: Ogerpon\n|faint|p1a: Ogerpon\n|move|p2b: Articuno|Psyshock|p1b: Gothitelle\n|-resisted|p1b: Gothitelle\n|-damage|p1b: Gothitelle|86\/100\n|\n|upkeep\n|\n|t:|1700513840\n|switch|p1a: Baxcalibur|Baxcalibur, L50, M|100\/100\n|turn|4\n|\n|t:|1700513856\n|move|p1b: Gothitelle|Psychic|p2a: Iron Hands\n|-supereffective|p2a: Iron Hands\n|-damage|p2a: Iron Hands|34\/100\n|move|p2a: Iron Hands|Drain Punch|p1a: Baxcalibur\n|-supereffective|p1a: Baxcalibur\n|-damage|p1a: Baxcalibur|0 fnt\n|-heal|p2a: Iron Hands|76\/100|[from] drain|[of] p1a: Baxcalibur\n|faint|p1a: Baxcalibur\n|move|p2b: Articuno|Air Cutter|p1b: Gothitelle\n|-damage|p1b: Gothitelle|66\/100\n|\n|-sideend|p2: CuteBombee|move: Tailwind\n|upkeep\n|\n|t:|1700513864\n|switch|p1a: Urshifu|Urshifu-Rapid-Strike, L50, M|100\/100\n|turn|5\n|-message|Kentakio forfeited.\n|\n|win|CuteBombee\n|raw|Kentakio's rating: 1511 &rarr; <strong>1486<\/strong><br \/>(-25 for losing)\n|raw|CuteBombee's rating: 1414 &rarr; <strong>1439<\/strong><br \/>(+25 for winning)\n|l|\u2606Kentakio\n","uploadtime":1700513880,"views":9,"p1id":"kentakio","p2id":"cutebombee","formatid":"gen9vgc2023regulatione","rating":1439,"private":0,"password":""}