{"id":"gen9vgc2023regulatione-1992191068","p1":"Yawnchamp","p2":"iljone","format":"[Gen 9] VGC 2023 Regulation E","log":"|j|\u2606Yawnchamp\n|j|\u2606iljone\n|n|\u2606Yawnchamp|yawnchamp\n|n|\u2606iljone|iljone\n|html|View the match progress at <a href=\"\/game-bestof3-gen9vgc2023regulatione-1992185281\">game-bestof3-gen9vgc2023regulatione-1992185281<\/a>\n|t:|1700162536\n|gametype|doubles\n|player|p1|Yawnchamp|clair|\n|player|p2|iljone|acetrainer-gen4dp|\n|teamsize|p1|6\n|teamsize|p2|6\n|gen|9\n|tier|[Gen 9] VGC 2023 Regulation E\n|rule|Species Clause: Limit one of each Pok\u00e9mon\n|rule|Item Clause: Limit one of each item\n|clearpoke\n|poke|p1|Fezandipiti, L50, M|\n|poke|p1|Gholdengo, L50|\n|poke|p1|Politoed, L50, F|\n|poke|p1|Ludicolo, L50, M|\n|poke|p1|Arcanine-Hisui, L50, F|\n|poke|p1|Farigiraf, L50, M|\n|poke|p2|Sinistcha-Masterpiece, L50|\n|poke|p2|Arcanine-Hisui, L50, M|\n|poke|p2|Kommo-o, L50, M|\n|poke|p2|Fezandipiti, L50, M|\n|poke|p2|Milotic, L50, M|\n|poke|p2|Kingambit, L50, F|\n|teampreview|4\niljone has agreed to open team sheets.\nYawnchamp has agreed to open team sheets.\n|showteam|p1|Fezandipiti||CovertCloak|ToxicChain|DazzlingGleam,IcyWind,Protect,Tailwind|||M|||50|,,,,,Flying]Gholdengo||ChoiceSpecs|GoodasGold|Hex,ShadowBall,MakeItRain,Trick||||||50|,,,,,Steel]Politoed||SitrusBerry|Drizzle|HelpingHand,ChillingWater,IcyWind,MuddyWater|||F|||50|,,,,,Grass]Ludicolo||AssaultVest|SwiftSwim|HydroPump,GigaDrain,IceBeam,FakeOut|||M|||50|,,,,,Steel]Arcanine-Hisui||ChoiceScarf|Intimidate|FlareBlitz,RockSlide,ExtremeSpeed,TeraBlast|||F|||50|,,,,,Grass]Farigiraf||AguavBerry|ArmorTail|TrickRoom,Protect,DazzlingGleam,Psychic|||M|||50|,,,,,Fairy\n|showteam|p2|Sinistcha-Masterpiece||BigRoot|Hospitality|MatchaGotcha,RagePowder,Protect,StrengthSap||||||50|,,,,,Water]Arcanine-Hisui||SafetyGoggles|Intimidate|RockSlide,ExtremeSpeed,FlareBlitz,Protect|||M|||50|,,,,,Water]Kommo-o||ThroatSpray|Overcoat|ClangorousSoul,Protect,ClangingScales,FlashCannon|||M|||50|,,,,,Steel]Fezandipiti||CovertCloak|ToxicChain|IcyWind,DazzlingGleam,Taunt,Protect|||M|||50|,,,,,Grass]Milotic||Leftovers|Competitive|Scald,Protect,IcyWind,IceBeam|||M|||50|,,,,,Grass]Kingambit||AssaultVest|Defiant|SuckerPunch,KowtowCleave,IronHead,TeraBlast|||F|||50|,,,,,Fairy\n|j| Llama_Llord\n|\n|t:|1700162594\n|start\n|switch|p1a: Ludicolo|Ludicolo, L50, M|100\/100\n|switch|p1b: Politoed|Politoed, L50, F|100\/100\n|switch|p2a: Milotic|Milotic, L50, M|100\/100\n|switch|p2b: Kingambit|Kingambit, L50, F|100\/100\n|-weather|RainDance|[from] ability: Drizzle|[of] p1b: Politoed\n|turn|1\n|inactive|Battle timer is ON: inactive players will automatically lose when time's up. (requested by Yawnchamp)\n|inactive|iljone has 60 seconds left.\n|\n|t:|1700162640\n|switch|p2a: Kommo-o|Kommo-o, L50, M|100\/100\n|-terastallize|p1a: Ludicolo|Steel\n|move|p1b: Politoed|Helping Hand|p1a: Ludicolo\n|-singleturn|p1a: Ludicolo|Helping Hand|[of] p1b: Politoed\n|move|p1a: Ludicolo|Giga Drain|p2a: Kommo-o\n|-resisted|p2a: Kommo-o\n|-damage|p2a: Kommo-o|69\/100\n|move|p2b: Kingambit|Kowtow Cleave|p1a: Ludicolo\n|-damage|p1a: Ludicolo|40\/100\n|\n|-weather|RainDance|[upkeep]\n|upkeep\n|turn|2\n|inactive|Yawnchamp has 30 seconds left.\n|inactive|iljone has 30 seconds left.\n|\n|t:|1700162671\n|move|p1a: Ludicolo|Ice Beam|p2a: Kommo-o\n|-supereffective|p2a: Kommo-o\n|-damage|p2a: Kommo-o|5\/100\n|move|p2a: Kommo-o|Clangorous Soul||[still]\n|-fail|p2a: Kommo-o\n|move|p1b: Politoed|Muddy Water|p2b: Kingambit|[spread] p2a,p2b\n|-resisted|p2a: Kommo-o\n|-damage|p2a: Kommo-o|0 fnt\n|-damage|p2b: Kingambit|76\/100\n|faint|p2a: Kommo-o\n|move|p2b: Kingambit|Kowtow Cleave|p1a: Ludicolo\n|-damage|p1a: Ludicolo|0 fnt\n|faint|p1a: Ludicolo\n|\n|-weather|RainDance|[upkeep]\n|upkeep\n|\n|t:|1700162691\n|switch|p2a: Sinistcha|Sinistcha-Masterpiece, L50|100\/100\n|switch|p1a: Gholdengo|Gholdengo, L50|100\/100\n|-heal|p2b: Kingambit|100\/100|[from] ability: Hospitality|[of] p2a: Sinistcha\n|turn|3\n|inactive|iljone has 30 seconds left.\n|inactive|Yawnchamp has 30 seconds left.\n|\n|t:|1700162729\n|-terastallize|p2a: Sinistcha|Water\n|move|p2b: Kingambit|Sucker Punch||[still]\n|-fail|p2b: Kingambit\n|move|p1a: Gholdengo|Trick|p1b: Politoed\n|-activate|p1a: Gholdengo|move: Trick|[of] p1b: Politoed\n|-item|p1b: Politoed|Choice Specs|[from] move: Trick\n|-item|p1a: Gholdengo|Sitrus Berry|[from] move: Trick\n|move|p1b: Politoed|Muddy Water|p2b: Kingambit|[spread] p2b\n|-miss|p1b: Politoed|p2a: Sinistcha\n|-damage|p2b: Kingambit|69\/100\n|move|p2a: Sinistcha|Matcha Gotcha|p1b: Politoed|[spread] p1a,p1b\n|-resisted|p1a: Gholdengo\n|-supereffective|p1b: Politoed\n|-damage|p1a: Gholdengo|88\/100\n|-damage|p1b: Politoed|57\/100\n|\n|-weather|RainDance|[upkeep]\n|upkeep\n|turn|4\n|inactive|Yawnchamp has 30 seconds left.\n|inactive|iljone has 30 seconds left.\n|inactive|iljone has 20 seconds left.\n|\n|t:|1700162766\n|move|p1a: Gholdengo|Trick|p2b: Kingambit\n|-activate|p1a: Gholdengo|move: Trick|[of] p2b: Kingambit\n|-item|p2b: Kingambit|Sitrus Berry|[from] move: Trick\n|-item|p1a: Gholdengo|Assault Vest|[from] move: Trick\n|move|p1b: Politoed|Muddy Water|p2b: Kingambit|[spread] p2a,p2b\n|-resisted|p2a: Sinistcha\n|-damage|p2a: Sinistcha|67\/100\n|-damage|p2b: Kingambit|18\/100\n|-enditem|p2b: Kingambit|Sitrus Berry|[eat]\n|-heal|p2b: Kingambit|43\/100|[from] item: Sitrus Berry\n|move|p2a: Sinistcha|Matcha Gotcha|p1b: Politoed|[spread] p1a\n|-miss|p2a: Sinistcha|p1b: Politoed\n|-resisted|p1a: Gholdengo\n|-damage|p1a: Gholdengo|80\/100\n|-heal|p2a: Sinistcha|73\/100|[from] drain|[of] p1a: Gholdengo\n|move|p2b: Kingambit|Kowtow Cleave|p1a: Gholdengo\n|-supereffective|p1a: Gholdengo\n|-damage|p1a: Gholdengo|0 fnt\n|faint|p1a: Gholdengo\n|\n|-weather|RainDance|[upkeep]\n|upkeep\n|\n|t:|1700162789\n|switch|p1a: Arcanine|Arcanine-Hisui, L50, F|100\/100\n|-ability|p1a: Arcanine|Intimidate|boost\n|-unboost|p2a: Sinistcha|atk|1\n|-unboost|p2b: Kingambit|atk|1\n|-ability|p2b: Kingambit|Defiant|boost\n|-boost|p2b: Kingambit|atk|2\n|turn|5\n|\n|t:|1700162804\n|move|p1a: Arcanine|Extreme Speed|p2a: Sinistcha\n|-damage|p2a: Sinistcha|52\/100\n|move|p2b: Kingambit|Sucker Punch||[still]\n|-fail|p2b: Kingambit\n|move|p1b: Politoed|Muddy Water|p2b: Kingambit|[spread] p2a,p2b\n|-resisted|p2a: Sinistcha\n|-damage|p2a: Sinistcha|22\/100\n|-damage|p2b: Kingambit|0 fnt\n|faint|p2b: Kingambit\n|move|p2a: Sinistcha|Matcha Gotcha|p1b: Politoed|[spread] p1a,p1b\n|-supereffective|p1b: Politoed\n|-damage|p1a: Arcanine|70\/100\n|-heal|p2a: Sinistcha|43\/100|[from] drain|[of] p1a: Arcanine\n|-damage|p1b: Politoed|10\/100\n|-heal|p2a: Sinistcha|77\/100|[from] drain|[of] p1b: Politoed\n|\n|-weather|none\n|upkeep\n|\n|t:|1700162819\n|switch|p2b: Milotic|Milotic, L50, M|100\/100\n|turn|6\n|\n|t:|1700162829\n|move|p1a: Arcanine|Extreme Speed|p2b: Milotic\n|-damage|p2b: Milotic|69\/100\n|move|p2b: Milotic|Scald|p1a: Arcanine\n|-supereffective|p1a: Arcanine\n|-damage|p1a: Arcanine|0 fnt\n|faint|p1a: Arcanine\n|move|p1b: Politoed|Muddy Water|p2a: Sinistcha|[spread] p2b\n|-miss|p1b: Politoed|p2a: Sinistcha\n|-resisted|p2b: Milotic\n|-damage|p2b: Milotic|57\/100\n|move|p2a: Sinistcha|Matcha Gotcha|p1b: Politoed\n|-supereffective|p1b: Politoed\n|-damage|p1b: Politoed|0 fnt\n|-heal|p2a: Sinistcha|84\/100|[from] drain|[of] p1b: Politoed\n|faint|p1b: Politoed\n|\n|win|iljone\n|c|\u2606Yawnchamp|gg\n|c|\u2606iljone|gg\n","uploadtime":1700162846,"views":62,"p1id":"yawnchamp","p2id":"iljone","formatid":"gen9vgc2023regulatione","rating":0,"private":0,"password":""}