{"id":"gen9vgc2023regulatione-1995029369","p1":"xXElementalordXx","p2":"claradollz","format":"[Gen 9] VGC 2023 Regulation E","log":"|j|\u2606xXElementalordXx\n|j|\u2606claradollz\n|t:|1700515010\n|gametype|doubles\n|player|p1|xXElementalordXx|n-masters|1467\n|player|p2|claradollz|lady-gen4|1556\n|teamsize|p1|6\n|teamsize|p2|6\n|gen|9\n|tier|[Gen 9] VGC 2023 Regulation E\n|rated|\n|rule|Species Clause: Limit one of each Pok\u00e9mon\n|rule|Item Clause: Limit one of each item\n|clearpoke\n|poke|p1|Oranguru, L50, M|\n|poke|p1|Maushold-Four, L50|\n|poke|p1|Enamorus-Therian, L50, F|\n|poke|p1|Urshifu-*, L50, M|\n|poke|p1|Bruxish, L50, F|\n|poke|p1|Ursaluna, L50, M|\n|poke|p2|Ninetales-Alola, L50, F|\n|poke|p2|Sinistcha-Masterpiece, L50|\n|poke|p2|Heatran, L50, F|\n|poke|p2|Iron Hands, L50|\n|poke|p2|Landorus-Therian, L50, M|\n|poke|p2|Urshifu-*, L50, M|\n|teampreview|4\n|inactive|Battle timer is ON: inactive players will automatically lose when time's up. (requested by xXElementalordXx)\n|\n|t:|1700515030\n|start\n|switch|p1a: Oranguru|Oranguru, L50, M, shiny|100\/100\n|switch|p1b: Maushold|Maushold-Four, L50, shiny|100\/100\n|switch|p2a: Ninetales|Ninetales-Alola, L50, F, shiny|100\/100\n|switch|p2b: Iron Hands|Iron Hands, L50, shiny|100\/100\n|-weather|Snow|[from] ability: Snow Warning|[of] p2a: Ninetales\n|turn|1\n|inactive|xXElementalordXx has 30 seconds left.\n|inactive|xXElementalordXx has 20 seconds left.\n|inactive|xXElementalordXx has 15 seconds left.\n|j| Lando129\n|inactive|xXElementalordXx has 10 seconds left.\n|\n|t:|1700515077\n|switch|p1b: Enamorus|Enamorus-Therian, L50, F|100\/100\n|move|p2a: Ninetales|Aurora Veil|p2a: Ninetales\n|-sidestart|p2: claradollz|move: Aurora Veil\n|move|p2b: Iron Hands|Belly Drum|p2b: Iron Hands\n|-damage|p2b: Iron Hands|50\/100\n|-setboost|p2b: Iron Hands|atk|6|[from] move: Belly Drum\n|-enditem|p2b: Iron Hands|Sitrus Berry|[eat]\n|-heal|p2b: Iron Hands|75\/100|[from] item: Sitrus Berry\n|move|p1a: Oranguru|Trick Room|p1a: Oranguru\n|-fieldstart|move: Trick Room|[of] p1a: Oranguru\n|\n|-weather|Snow|[upkeep]\n|upkeep\n|turn|2\n|c| Lando129|Oh wow.\n|\n|t:|1700515098\n|switch|p2a: Sinistcha|Sinistcha-Masterpiece, L50, shiny|100\/100\n|-heal|p2b: Iron Hands|100\/100|[from] ability: Hospitality|[of] p2a: Sinistcha\n|-terastallize|p1b: Enamorus|Fairy\n|-terastallize|p2b: Iron Hands|Water\n|move|p1b: Enamorus|Dazzling Gleam|p2a: Sinistcha|[spread] p2a,p2b\n|-damage|p2a: Sinistcha|41\/100\n|-damage|p2b: Iron Hands|65\/100\n|move|p1a: Oranguru|Encore|p2b: Iron Hands\n|-start|p2b: Iron Hands|Encore\n|move|p2b: Iron Hands|Belly Drum||[still]\n|-fail|p2b: Iron Hands\n|\n|-weather|Snow|[upkeep]\n|upkeep\n|turn|3\n|c| Lando129|Welp, that's probably a wrap.\n|c| Lando129|Geez, nice.\n|c|\u2606xXElementalordXx|tyty\n|inactive|claradollz has 30 seconds left.\n|c| Lando129|Good save with the Encore.\n|c|\u2606xXElementalordXx|belly drum is sick actually\n|c|\u2606xXElementalordXx|i was expecting fake out\n|inactive|claradollz has 20 seconds left.\n|inactive|claradollz has 15 seconds left.\n|\n|t:|1700515140\n|-end|p2b: Iron Hands|Quark Drive|[silent]\n|switch|p2b: Ninetales|Ninetales-Alola, L50, F, shiny|100\/100\n|switch|p2a: Heatran|Heatran, L50, F, shiny|100\/100\n|move|p1b: Enamorus|Dazzling Gleam|p2a: Heatran|[spread] p2a,p2b\n|-resisted|p2a: Heatran\n|-damage|p2a: Heatran|90\/100\n|-damage|p2b: Ninetales|45\/100\n|move|p1a: Oranguru|Instruct|p1b: Enamorus\n|-singleturn|p1b: Enamorus|move: Instruct|[of] p1a: Oranguru\n|move|p1b: Enamorus|Dazzling Gleam|p2a: Heatran|[spread] p2a,p2b\n|-resisted|p2a: Heatran\n|-damage|p2a: Heatran|79\/100\n|-damage|p2b: Ninetales|0 fnt\n|faint|p2b: Ninetales\n|\n|-weather|Snow|[upkeep]\n|-heal|p2a: Heatran|85\/100|[from] item: Leftovers\n|upkeep\n|\n|t:|1700515155\n|switch|p2b: Iron Hands|Iron Hands, L50, shiny, tera:Water|65\/100\n|turn|4\n|\n|t:|1700515176\n|switch|p1b: Urshifu|Urshifu, L50, M|100\/100\n|move|p2b: Iron Hands|Fake Out|p1b: Urshifu\n|-damage|p1b: Urshifu|87\/100\n|move|p1a: Oranguru|Encore|p2b: Iron Hands\n|-start|p2b: Iron Hands|Encore\n|move|p2a: Heatran|Flash Cannon|p1b: Urshifu\n|-damage|p1b: Urshifu|29\/100\n|\n|-weather|Snow|[upkeep]\n|-heal|p2a: Heatran|91\/100|[from] item: Leftovers\n|upkeep\n|turn|5\n|c| Lando129|A fairy type knowing Earth Power is just kinda broken.\n|inactive|claradollz has 30 seconds left.\n|\n|t:|1700515207\n|switch|p2a: Sinistcha|Sinistcha-Masterpiece, L50, shiny|41\/100\n|-heal|p2b: Iron Hands|90\/100|[from] ability: Hospitality|[of] p2a: Sinistcha\n|move|p2b: Iron Hands|Fake Out||[still]\n|-hint|Fake Out only works on your first turn out.\n|-fail|p2b: Iron Hands\n|move|p1b: Urshifu|Wicked Blow|p2a: Sinistcha\n|-supereffective|p2a: Sinistcha\n|-crit|p2a: Sinistcha\n|-damage|p2a: Sinistcha|0 fnt\n|-damage|p1b: Urshifu|13\/100|[from] item: Rocky Helmet|[of] p2a: Sinistcha\n|faint|p2a: Sinistcha\n|move|p1a: Oranguru|Instruct|p1b: Urshifu\n|-singleturn|p1b: Urshifu|move: Instruct|[of] p1a: Oranguru\n|move|p1b: Urshifu|Wicked Blow|p2b: Iron Hands\n|-crit|p2b: Iron Hands\n|-damage|p2b: Iron Hands|49\/100\n|\n|-weather|none\n|-fieldend|move: Trick Room\n|upkeep\n|c| Lando129|Better be able to setup trick room again or you're dead.\n|c|\u2606xXElementalordXx|yeah but enamorus-t is like ok at best\n|\n|t:|1700515223\n|switch|p2a: Heatran|Heatran, L50, F, shiny|91\/100\n|turn|6\n|c| Lando129|Or... maybe he'll just switch out.\n|c| Lando129|XD\n|c|\u2606xXElementalordXx|lol\n|\n|t:|1700515240\n|switch|p1b: Maushold|Maushold-Four, L50, shiny|100\/100\n|move|p2b: Iron Hands|Fake Out||[still]\n|-hint|Fake Out only works on your first turn out.\n|-fail|p2b: Iron Hands\n|move|p2a: Heatran|Heat Wave|p1b: Maushold|[spread] p1a,p1b\n|-damage|p1a: Oranguru|81\/100\n|-damage|p1b: Maushold|47\/100\n|-status|p1b: Maushold|brn\n|move|p1a: Oranguru|Trick Room|p1a: Oranguru\n|-fieldstart|move: Trick Room|[of] p1a: Oranguru\n|\n|-heal|p2a: Heatran|97\/100|[from] item: Leftovers\n|-damage|p1b: Maushold|41\/100 brn|[from] brn\n|upkeep\n|turn|7\n|\n|t:|1700515264\n|move|p2b: Iron Hands|Fake Out||[still]\n|-hint|Fake Out only works on your first turn out.\n|-fail|p2b: Iron Hands\n|move|p1a: Oranguru|Psychic|p2a: Heatran\n|-resisted|p2a: Heatran\n|-damage|p2a: Heatran|89\/100\n|move|p2a: Heatran|Heat Wave|p1a: Oranguru|[spread] p1a,p1b\n|-damage|p1a: Oranguru|60\/100\n|-damage|p1b: Maushold|0 fnt\n|faint|p1b: Maushold\n|\n|-heal|p2a: Heatran|95\/100|[from] item: Leftovers\n|-end|p2b: Iron Hands|Encore\n|upkeep\n|\n|t:|1700515277\n|switch|p1b: Urshifu|Urshifu, L50, M|13\/100\n|turn|8\n|c| Lando129|Oh no.\n|\n|t:|1700515286\n|move|p1b: Urshifu|Detect|p1b: Urshifu\n|-singleturn|p1b: Urshifu|Protect\n|move|p1a: Oranguru|Encore|p2b: Iron Hands\n|-start|p2b: Iron Hands|Encore\n|move|p2b: Iron Hands|Fake Out||[still]\n|-hint|Fake Out only works on your first turn out.\n|-fail|p2b: Iron Hands\n|move|p2a: Heatran|Heat Wave|p1a: Oranguru|[spread] p1a\n|-activate|p1b: Urshifu|move: Protect\n|-damage|p1a: Oranguru|32\/100\n|\n|-heal|p2a: Heatran|100\/100|[from] item: Leftovers\n|-sideend|p2: claradollz|move: Aurora Veil\n|upkeep\n|turn|9\n|c|\u2606xXElementalordXx|oh yes\n|c| Lando129|That poor Iron Hands.\n|\n|t:|1700515301\n|move|p2b: Iron Hands|Fake Out||[still]\n|-hint|Fake Out only works on your first turn out.\n|-fail|p2b: Iron Hands\n|move|p1b: Urshifu|Close Combat|p2a: Heatran\n|-supereffective|p2a: Heatran\n|-damage|p2a: Heatran|0 fnt\n|-unboost|p1b: Urshifu|def|1\n|-unboost|p1b: Urshifu|spd|1\n|faint|p2a: Heatran\n|move|p1a: Oranguru|Instruct|p1b: Urshifu\n|-singleturn|p1b: Urshifu|move: Instruct|[of] p1a: Oranguru\n|move|p1b: Urshifu|Close Combat|p2b: Iron Hands\n|-damage|p2b: Iron Hands|5\/100\n|-unboost|p1b: Urshifu|def|1\n|-unboost|p1b: Urshifu|spd|1\n|\n|upkeep\n|turn|10\n|c| Lando129|He just wants to attack.\n|-message|claradollz forfeited.\n|\n|win|xXElementalordXx\n|raw|xXElementalordXx's rating: 1467 &rarr; <strong>1492<\/strong><br \/>(+25 for winning)\n|raw|claradollz's rating: 1556 &rarr; <strong>1531<\/strong><br \/>(-25 for losing)\n|l|\u2606claradollz\n|c|\u2606xXElementalordXx|dude he's so excited\n|c|\u2606xXElementalordXx|he's playing for the crowd\n|c|\u2606xXElementalordXx|ggwp\n|c| Lando129|Instruct is kinda cheap tho.\n","uploadtime":1700515333,"views":8,"p1id":"xxelementalordxx","p2id":"claradollz","formatid":"gen9vgc2023regulatione","rating":1492,"private":0,"password":""}