{"id":"gen9vgc2023regulatione-1994549699","p1":"Leek_Alt","p2":"testhan92","format":"[Gen 9] VGC 2023 Regulation E","log":"|j|\u2606Leek_Alt\n|j|\u2606testhan92\n|t:|1700458194\n|gametype|doubles\n|player|p1|Leek_Alt|blue|1342\n|player|p2|testhan92|101|1365\n|teamsize|p1|6\n|teamsize|p2|6\n|gen|9\n|tier|[Gen 9] VGC 2023 Regulation E\n|rated|\n|rule|Species Clause: Limit one of each Pok\u00e9mon\n|rule|Item Clause: Limit one of each item\n|clearpoke\n|poke|p1|Roaring Moon, L50|\n|poke|p1|Landorus, L50, M|\n|poke|p1|Gholdengo, L50|\n|poke|p1|Ogerpon-Wellspring, L50, F|\n|poke|p1|Iron Hands, L50|\n|poke|p1|Arcanine-Hisui, L50, M|\n|poke|p2|Urshifu-*, L50, M|\n|poke|p2|Gholdengo, L50|\n|poke|p2|Chien-Pao, L50|\n|poke|p2|Rillaboom, L50, F|\n|poke|p2|Pelipper, L50, F|\n|poke|p2|Iron Hands, L50|\n|teampreview|4\nLeek_Alt has agreed to open team sheets.\ntesthan92 has agreed to open team sheets.\n|\n|t:|1700458256\n|start\n|switch|p1a: Roaring Moon|Roaring Moon, L50|100\/100\n|switch|p1b: Iron Hands|Iron Hands, L50|100\/100\n|switch|p2a: Urshifu|Urshifu-Rapid-Strike, L50, M|100\/100\n|switch|p2b: Rillaboom|Rillaboom, L50, F|100\/100\n|-fieldstart|move: Grassy Terrain|[from] ability: Grassy Surge|[of] p2b: Rillaboom\n|-enditem|p1a: Roaring Moon|Booster Energy\n|-activate|p1a: Roaring Moon|ability: Protosynthesis|[fromitem]\n|-start|p1a: Roaring Moon|protosynthesisatk\n|turn|1\n|\n|t:|1700458318\n|move|p2b: Rillaboom|Fake Out|p1b: Iron Hands\n|-damage|p1b: Iron Hands|90\/100\n|cant|p1b: Iron Hands|flinch\n|move|p2a: Urshifu|U-turn|p1a: Roaring Moon\n|-supereffective|p1a: Roaring Moon\n|-damage|p1a: Roaring Moon|50\/100\n|\n|t:|1700458329\n|switch|p2a: Pelipper|Pelipper, L50, F|100\/100|[from] U-turn\n|-weather|RainDance|[from] ability: Drizzle|[of] p2a: Pelipper\n|move|p1a: Roaring Moon|Dragon Dance|p1a: Roaring Moon\n|-boost|p1a: Roaring Moon|atk|1\n|-boost|p1a: Roaring Moon|spe|1\n|\n|-weather|RainDance|[upkeep]\n|-heal|p1a: Roaring Moon|57\/100|[from] Grassy Terrain\n|-heal|p1b: Iron Hands|96\/100|[from] Grassy Terrain\n|upkeep\n|turn|2\n|\n|t:|1700458353\n|switch|p2a: Chien-Pao|Chien-Pao, L50|100\/100\n|-ability|p2a: Chien-Pao|Sword of Ruin\n|-terastallize|p2b: Rillaboom|Grass\n|move|p2b: Rillaboom|Grassy Glide|p1a: Roaring Moon\n|-resisted|p1a: Roaring Moon\n|-damage|p1a: Roaring Moon|9\/100\n|move|p1a: Roaring Moon|Acrobatics|p2b: Rillaboom\n|-supereffective|p2b: Rillaboom\n|-damage|p2b: Rillaboom|0 fnt\n|faint|p2b: Rillaboom\n|move|p1b: Iron Hands|Wild Charge|p2a: Chien-Pao\n|-damage|p2a: Chien-Pao|37\/100\n|-damage|p1b: Iron Hands|85\/100|[from] Recoil\n|\n|-weather|RainDance|[upkeep]\n|-heal|p1a: Roaring Moon|15\/100|[from] Grassy Terrain\n|-heal|p2a: Chien-Pao|42\/100|[from] Grassy Terrain\n|-heal|p1b: Iron Hands|91\/100|[from] Grassy Terrain\n|upkeep\n|\n|t:|1700458374\n|switch|p2b: Pelipper|Pelipper, L50, F|100\/100\n|turn|3\n|\n|t:|1700458402\n|move|p2a: Chien-Pao|Sucker Punch|p1a: Roaring Moon\n|-resisted|p1a: Roaring Moon\n|-crit|p1a: Roaring Moon\n|-damage|p1a: Roaring Moon|0 fnt\n|faint|p1a: Roaring Moon\n|-end|p1a: Roaring Moon|Protosynthesis|[silent]\n|move|p2b: Pelipper|Weather Ball|p1b: Iron Hands\n|-damage|p1b: Iron Hands|67\/100\n|move|p1b: Iron Hands|Drain Punch|p2a: Chien-Pao\n|-supereffective|p2a: Chien-Pao\n|-damage|p2a: Chien-Pao|0 fnt\n|-heal|p1b: Iron Hands|81\/100|[from] drain|[of] p2a: Chien-Pao\n|faint|p2a: Chien-Pao\n|\n|-weather|RainDance|[upkeep]\n|-heal|p1b: Iron Hands|87\/100|[from] Grassy Terrain\n|upkeep\n|\n|t:|1700458415\n|switch|p2a: Urshifu|Urshifu-Rapid-Strike, L50, M|100\/100\n|switch|p1a: Ogerpon|Ogerpon-Wellspring, L50, F|100\/100\n|turn|4\n|\n|t:|1700458422\n|move|p1a: Ogerpon|Follow Me|p1a: Ogerpon\n|-singleturn|p1a: Ogerpon|move: Follow Me\n|move|p2a: Urshifu|Surging Strikes|p1a: Ogerpon\n|-immune|p1a: Ogerpon|[from] ability: Water Absorb\n|move|p2b: Pelipper|Hurricane|p1a: Ogerpon\n|-supereffective|p1a: Ogerpon\n|-damage|p1a: Ogerpon|23\/100\n|-start|p1a: Ogerpon|confusion\n|move|p1b: Iron Hands|Wild Charge|p2b: Pelipper\n|-supereffective|p2b: Pelipper\n|-damage|p2b: Pelipper|0 fnt\n|-damage|p1b: Iron Hands|71\/100|[from] item: Rocky Helmet|[of] p2b: Pelipper\n|faint|p2b: Pelipper\n|-damage|p1b: Iron Hands|54\/100|[from] Recoil\n|\n|-weather|RainDance|[upkeep]\n|-heal|p1a: Ogerpon|29\/100|[from] Grassy Terrain\n|-heal|p1b: Iron Hands|60\/100|[from] Grassy Terrain\n|upkeep\n|turn|5\n|c|\u2606Leek_Alt|gg\n|\n|t:|1700458440\n|-activate|p1a: Ogerpon|confusion\n|move|p1a: Ogerpon|Follow Me|p1a: Ogerpon\n|-singleturn|p1a: Ogerpon|move: Follow Me\n|move|p2a: Urshifu|Surging Strikes|p1a: Ogerpon\n|-heal|p1a: Ogerpon|54\/100|[from] ability: Water Absorb|[of] p2a: Urshifu\n|move|p1b: Iron Hands|Wild Charge|p2a: Urshifu\n|-supereffective|p2a: Urshifu\n|-damage|p2a: Urshifu|4\/100\n|-damage|p1b: Iron Hands|40\/100|[from] Recoil\n|\n|-weather|none\n|-heal|p2a: Urshifu|10\/100|[from] Grassy Terrain\n|-heal|p1a: Ogerpon|60\/100|[from] Grassy Terrain\n|-heal|p1b: Iron Hands|47\/100|[from] Grassy Terrain\n|-fieldend|move: Grassy Terrain\n|upkeep\n|turn|6\n|c|\u2606testhan92|gg\n|\n|t:|1700458454\n|move|p2a: Urshifu|Surging Strikes|p1b: Iron Hands\n|-crit|p1b: Iron Hands\n|-damage|p1b: Iron Hands|31\/100\n|-crit|p1b: Iron Hands\n|-damage|p1b: Iron Hands|18\/100\n|-crit|p1b: Iron Hands\n|-damage|p1b: Iron Hands|3\/100\n|-hitcount|p1b: Iron Hands|3\n|-activate|p1a: Ogerpon|confusion\n|-damage|p1a: Ogerpon|47\/100|[from] confusion\n|move|p1b: Iron Hands|Wild Charge|p2a: Urshifu\n|-supereffective|p2a: Urshifu\n|-damage|p2a: Urshifu|0 fnt\n|faint|p2a: Urshifu\n|-damage|p1b: Iron Hands|1\/100|[from] Recoil\n|\n|win|Leek_Alt\n|raw|Leek_Alt's rating: 1342 &rarr; <strong>1363<\/strong><br \/>(+21 for winning)\n|raw|testhan92's rating: 1365 &rarr; <strong>1344<\/strong><br \/>(-21 for losing)\n|l|\u2606testhan92\n","uploadtime":1700458491,"views":5,"p1id":"leekalt","p2id":"testhan92","formatid":"gen9vgc2023regulatione","rating":1344,"private":0,"password":""}