{"id":"gen9vgc2023regulatione-1994685399","p1":"Meta Warriors","p2":"Little Blade","format":"[Gen 9] VGC 2023 Regulation E","log":"|j|\u2606Meta Warriors\n|j|\u2606Little Blade\n|t:|1700480807\n|gametype|doubles\n|player|p1|Meta Warriors|pearlclanmember|1157\n|player|p2|Little Blade|yellow|1144\n|teamsize|p1|6\n|teamsize|p2|6\n|gen|9\n|tier|[Gen 9] VGC 2023 Regulation E\n|rated|\n|rule|Species Clause: Limit one of each Pok\u00e9mon\n|rule|Item Clause: Limit one of each item\n|clearpoke\n|poke|p1|Ogerpon-Hearthflame, L50, F|\n|poke|p1|Torkoal, L50, M|\n|poke|p1|Flutter Mane, L50|\n|poke|p1|Chien-Pao, L50|\n|poke|p1|Great Tusk, L50|\n|poke|p1|Weezing-Galar, L50, M|\n|poke|p2|Rillaboom, L50, F|\n|poke|p2|Sneasler, L50, M|\n|poke|p2|Arcanine-Hisui, L50, F|\n|poke|p2|Hydreigon, L50, F|\n|poke|p2|Gholdengo, L50|\n|poke|p2|Mandibuzz, L50, F|\n|teampreview|4\n|inactive|Battle timer is ON: inactive players will automatically lose when time's up. (requested by Meta Warriors)\n|\n|t:|1700480827\n|start\n|switch|p1a: Ogerpon|Ogerpon-Hearthflame, L50, F|100\/100\n|switch|p1b: Torkoal|Torkoal, L50, M|100\/100\n|switch|p2a: Gholdengo|Gholdengo, L50|100\/100\n|switch|p2b: Arcanine|Arcanine-Hisui, L50, F, shiny|100\/100\n|-ability|p1a: Ogerpon|Mold Breaker\n|-ability|p2b: Arcanine|Intimidate|boost\n|-unboost|p1a: Ogerpon|atk|1\n|-unboost|p1b: Torkoal|atk|1\n|-weather|SunnyDay|[from] ability: Drought|[of] p1b: Torkoal\n|turn|1\n|\n|t:|1700480841\n|move|p2a: Gholdengo|Protect|p2a: Gholdengo\n|-singleturn|p2a: Gholdengo|Protect\n|move|p1a: Ogerpon|Swords Dance|p1a: Ogerpon\n|-boost|p1a: Ogerpon|atk|2\n|move|p2b: Arcanine|Rock Slide|p1a: Ogerpon|[spread] p1a,p1b\n|-supereffective|p1a: Ogerpon\n|-supereffective|p1b: Torkoal\n|-damage|p1a: Ogerpon|2\/100\n|-damage|p1b: Torkoal|35\/100\n|move|p1b: Torkoal|Heat Wave|p2a: Gholdengo|[spread] p2b\n|-activate|p2a: Gholdengo|move: Protect\n|-resisted|p2b: Arcanine\n|-damage|p2b: Arcanine|87\/100\n|\n|-weather|SunnyDay|[upkeep]\n|upkeep\n|turn|2\n|inactive|Meta Warriors has 30 seconds left.\n|inactive|Little Blade has 30 seconds left.\n|inactive|Meta Warriors has 20 seconds left.\n|\n|t:|1700480881\n|-terastallize|p2a: Gholdengo|Dragon\n|move|p1a: Ogerpon|Ivy Cudgel|p2a: Gholdengo|[anim] Ivy Cudgel Fire\n|-resisted|p2a: Gholdengo\n|-damage|p2a: Gholdengo|36\/100\n|move|p2b: Arcanine|Rock Slide|p1b: Torkoal|[spread] p1a,p1b\n|-supereffective|p1a: Ogerpon\n|-supereffective|p1b: Torkoal\n|-damage|p1a: Ogerpon|0 fnt\n|-damage|p1b: Torkoal|0 fnt\n|faint|p1a: Ogerpon\n|faint|p1b: Torkoal\n|move|p2a: Gholdengo|Shadow Ball|p1: Ogerpon|[notarget]\n|-fail|p2a: Gholdengo\n|\n|-weather|SunnyDay|[upkeep]\n|-heal|p2a: Gholdengo|42\/100|[from] item: Leftovers\n|upkeep\n|\n|t:|1700480888\n|switch|p1a: Flutter Mane|Flutter Mane, L50|100\/100\n|switch|p1b: Great Tusk|Great Tusk, L50|100\/100\n|-activate|p1b: Great Tusk|ability: Protosynthesis\n|-start|p1b: Great Tusk|protosynthesisatk\n|-activate|p1a: Flutter Mane|ability: Protosynthesis\n|-start|p1a: Flutter Mane|protosynthesisspe\n|turn|3\n|inactive|Meta Warriors has 30 seconds left.\n|inactive|Little Blade has 30 seconds left.\n|inactive|Meta Warriors has 20 seconds left.\n|\n|t:|1700480927\n|switch|p2b: Rillaboom|Rillaboom, L50, F, shiny|100\/100\n|-fieldstart|move: Grassy Terrain|[from] ability: Grassy Surge|[of] p2b: Rillaboom\n|move|p2a: Gholdengo|Protect|p2a: Gholdengo\n|-singleturn|p2a: Gholdengo|Protect\n|move|p1a: Flutter Mane|Moonblast|p2a: Gholdengo\n|-activate|p2a: Gholdengo|move: Protect\n|move|p1b: Great Tusk|Close Combat|p2b: Rillaboom\n|-damage|p2b: Rillaboom|12\/100\n|-unboost|p1b: Great Tusk|def|1\n|-unboost|p1b: Great Tusk|spd|1\n|\n|-weather|SunnyDay|[upkeep]\n|-heal|p2a: Gholdengo|48\/100|[from] Grassy Terrain\n|-heal|p2a: Gholdengo|54\/100|[from] item: Leftovers\n|-heal|p2b: Rillaboom|17\/100|[from] Grassy Terrain\n|upkeep\n|turn|4\n|inactive|Little Blade has 30 seconds left.\n|\n|t:|1700480955\n|switch|p2a: Sneasler|Sneasler, L50, M, shiny|100\/100\n|-enditem|p2a: Sneasler|Grassy Seed\n|-boost|p2a: Sneasler|def|1|[from] item: Grassy Seed\n|move|p2b: Rillaboom|Grassy Glide|p1b: Great Tusk\n|-supereffective|p1b: Great Tusk\n|-damage|p1b: Great Tusk|5\/100\n|move|p1a: Flutter Mane|Moonblast|p2a: Sneasler\n|-damage|p2a: Sneasler|0 fnt\n|faint|p2a: Sneasler\n|move|p1b: Great Tusk|Close Combat|p2b: Rillaboom\n|-damage|p2b: Rillaboom|0 fnt\n|-unboost|p1b: Great Tusk|def|1\n|-unboost|p1b: Great Tusk|spd|1\n|faint|p2b: Rillaboom\n|\n|-weather|SunnyDay|[upkeep]\n|-heal|p1b: Great Tusk|10\/100|[from] Grassy Terrain\n|upkeep\n|c|\u2606Meta Warriors|lol\n|\n|t:|1700480973\n|switch|p2a: Arcanine|Arcanine-Hisui, L50, F, shiny|87\/100\n|switch|p2b: Gholdengo|Gholdengo, L50, tera:Dragon|54\/100\n|-ability|p2a: Arcanine|Intimidate|boost\n|-unboost|p1a: Flutter Mane|atk|1\n|-unboost|p1b: Great Tusk|atk|1\n|turn|5\n|inactive|Little Blade has 30 seconds left.\n|inactive|Little Blade has 20 seconds left.\n|inactive|Little Blade has 15 seconds left.\n|\n|t:|1700481018\n|move|p2b: Gholdengo|Protect|p2b: Gholdengo\n|-singleturn|p2b: Gholdengo|Protect\n|move|p2a: Arcanine|Extreme Speed|p1b: Great Tusk\n|-damage|p1b: Great Tusk|0 fnt\n|faint|p1b: Great Tusk\n|-end|p1b: Great Tusk|Protosynthesis|[silent]\n|move|p1a: Flutter Mane|Moonblast|p2b: Gholdengo\n|-activate|p2b: Gholdengo|move: Protect\n|\n|-weather|SunnyDay|[upkeep]\n|-heal|p2a: Arcanine|93\/100|[from] Grassy Terrain\n|-heal|p2b: Gholdengo|59\/100|[from] Grassy Terrain\n|-heal|p2b: Gholdengo|65\/100|[from] item: Leftovers\n|upkeep\n|turn|6\n|inactive|Little Blade has 30 seconds left.\n|\n|t:|1700481051\n|move|p2a: Arcanine|Extreme Speed|p1a: Flutter Mane\n|-immune|p1a: Flutter Mane\n|move|p1a: Flutter Mane|Moonblast|p2b: Gholdengo\n|-supereffective|p2b: Gholdengo\n|-damage|p2b: Gholdengo|0 fnt\n|faint|p2b: Gholdengo\n|\n|-weather|SunnyDay|[upkeep]\n|-heal|p2a: Arcanine|99\/100|[from] Grassy Terrain\n|upkeep\n|turn|7\n|-message|Little Blade forfeited.\n|\n|win|Meta Warriors\n|raw|Meta Warriors's rating: 1157 &rarr; <strong>1181<\/strong><br \/>(+24 for winning)\n|raw|Little Blade's rating: 1144 &rarr; <strong>1120<\/strong><br \/>(-24 for losing)\n|l|\u2606Little Blade\n","uploadtime":1700481067,"views":3,"p1id":"metawarriors","p2id":"littleblade","formatid":"gen9vgc2023regulatione","rating":1120,"private":0,"password":""}