{"id":"gen9vgc2023regulatione-1997538041","p1":"sqrtof15","p2":"Battonia","format":"[Gen 9] VGC 2023 Regulation E","log":"|j|\u2606sqrtof15\n|j|\u2606Battonia\n|t:|1700822174\n|gametype|doubles\n|player|p1|sqrtof15|red|1019\n|player|p2|Battonia|pokemonranger|1125\n|teamsize|p1|6\n|teamsize|p2|6\n|gen|9\n|tier|[Gen 9] VGC 2023 Regulation E\n|rated|\n|rule|Species Clause: Limit one of each Pok\u00e9mon\n|rule|Item Clause: Limit one of each item\n|clearpoke\n|poke|p1|Kommo-o, L50, M|\n|poke|p1|Espeon, L50, F|\n|poke|p1|Tornadus, L50, M|\n|poke|p1|Iron Hands, L50|\n|poke|p1|Arcanine-Hisui, L50, F|\n|poke|p1|Sinistcha-Masterpiece, L50|\n|poke|p2|Torkoal, L50, M|\n|poke|p2|Indeedee-F, L50, F|\n|poke|p2|Enamorus-Therian, L50, F|\n|poke|p2|Armarouge, L50, M|\n|poke|p2|Urshifu-*, L50, M|\n|poke|p2|Thundurus-Therian, L50, M|\n|teampreview|4\n|\n|t:|1700822201\n|start\n|switch|p1a: Sinistcha|Sinistcha-Masterpiece, L50|100\/100\n|switch|p1b: Iron Hands|Iron Hands, L50|100\/100\n|switch|p2a: Thank|Indeedee-F, L50, F|100\/100\n|switch|p2b: Mistral|Enamorus-Therian, L50, F|100\/100\n|-fieldstart|move: Psychic Terrain|[from] ability: Psychic Surge|[of] p2a: Thank\n|turn|1\n|\n|t:|1700822228\n|-terastallize|p2b: Mistral|Psychic\n|move|p1a: Sinistcha|Matcha Gotcha|p2b: Mistral|[spread] p2a\n|-miss|p1a: Sinistcha|p2b: Mistral\n|-damage|p2a: Thank|80\/100\n|-status|p2a: Thank|brn\n|move|p1b: Iron Hands|Volt Switch|p2b: Mistral\n|-damage|p2b: Mistral|88\/100\n|\n|t:|1700822239\n|-end|p1b: Iron Hands|Quark Drive|[silent]\n|switch|p1b: Arcanine|Arcanine-Hisui, L50, F|100\/100|[from] Volt Switch\n|-ability|p1b: Arcanine|Intimidate|boost\n|-unboost|p2a: Thank|atk|1\n|-unboost|p2b: Mistral|atk|1\n|move|p2b: Mistral|Psychic|p1b: Arcanine\n|-damage|p1b: Arcanine|17\/100\n|move|p2a: Thank|Trick Room|p2a: Thank\n|-fieldstart|move: Trick Room|[of] p2a: Thank\n|\n|-heal|p2b: Mistral|94\/100|[from] item: Leftovers\n|-damage|p2a: Thank|74\/100 brn|[from] brn\n|upkeep\n|turn|2\n|\n|t:|1700822259\n|switch|p1b: Iron Hands|Iron Hands, L50|100\/100\n|move|p2a: Thank|Helping Hand|p2b: Mistral\n|-singleturn|p2b: Mistral|Helping Hand|[of] p2a: Thank\n|move|p2b: Mistral|Springtide Storm|p1a: Sinistcha|[spread] p1a,p1b\n|-supereffective|p1b: Iron Hands\n|-damage|p1a: Sinistcha|33\/100\n|-damage|p1b: Iron Hands|20\/100\n|-enditem|p1a: Sinistcha|Sitrus Berry|[eat]\n|-heal|p1a: Sinistcha|58\/100|[from] item: Sitrus Berry\n|move|p1a: Sinistcha|Trick Room|p1a: Sinistcha\n|-fieldend|move: Trick Room\n|\n|-heal|p2b: Mistral|99\/100|[from] item: Leftovers\n|-damage|p2a: Thank|68\/100 brn|[from] brn\n|upkeep\n|turn|3\n|\n|t:|1700822276\n|move|p1a: Sinistcha|Matcha Gotcha|p2b: Mistral|[spread] p2a\n|-miss|p1a: Sinistcha|p2b: Mistral\n|-damage|p2a: Thank|46\/100 brn\n|-heal|p1a: Sinistcha|68\/100|[from] drain|[of] p2a: Thank\n|move|p1b: Iron Hands|Drain Punch|p2a: Thank\n|-crit|p2a: Thank\n|-damage|p2a: Thank|0 fnt\n|-heal|p1b: Iron Hands|36\/100|[from] drain|[of] p2a: Thank\n|faint|p2a: Thank\n|move|p2b: Mistral|Springtide Storm|p1a: Sinistcha|[spread] p1a,p1b\n|-supereffective|p1b: Iron Hands\n|-damage|p1a: Sinistcha|21\/100\n|-damage|p1b: Iron Hands|0 fnt\n|-unboost|p1a: Sinistcha|atk|1\n|faint|p1b: Iron Hands\n|-end|p1b: Iron Hands|Quark Drive|[silent]\n|\n|-heal|p2b: Mistral|100\/100|[from] item: Leftovers\n|upkeep\n|\n|t:|1700822296\n|switch|p2a: Sam|Urshifu, L50, M|100\/100\n|switch|p1b: Espeon|Espeon, L50, F|100\/100\n|turn|4\n|\n|t:|1700822309\n|-terastallize|p1b: Espeon|Fairy\n|move|p1b: Espeon|Draining Kiss|p2a: Sam\n|-supereffective|p2a: Sam\n|-damage|p2a: Sam|0 fnt\n|faint|p2a: Sam\n|move|p1a: Sinistcha|Matcha Gotcha|p2b: Mistral\n|-damage|p2b: Mistral|64\/100\n|-heal|p1a: Sinistcha|37\/100|[from] drain|[of] p2b: Mistral\n|-status|p2b: Mistral|brn\n|move|p2b: Mistral|Psychic|p1a: Sinistcha\n|-damage|p1a: Sinistcha|0 fnt\n|faint|p1a: Sinistcha\n|\n|-heal|p2b: Mistral|70\/100 brn|[from] item: Leftovers\n|-damage|p2b: Mistral|64\/100 brn|[from] brn\n|upkeep\n|\n|t:|1700822324\n|switch|p2a: Monsoon|Armarouge, L50, M|100\/100\n|switch|p1a: Arcanine|Arcanine-Hisui, L50, F|17\/100\n|-ability|p1a: Arcanine|Intimidate|boost\n|-unboost|p2a: Monsoon|atk|1\n|-unboost|p2b: Mistral|atk|1\n|turn|5\n|\n|t:|1700822346\n|move|p1a: Arcanine|Rock Slide|p2b: Mistral|[spread] p2a,p2b\n|-supereffective|p2a: Monsoon\n|-damage|p2a: Monsoon|11\/100\n|-damage|p2b: Mistral|19\/100 brn\n|move|p1b: Espeon|Draining Kiss|p2b: Mistral\n|-damage|p2b: Mistral|0 fnt\n|faint|p2b: Mistral\n|move|p2a: Monsoon|Expanding Force|p1b: Espeon|[spread] p1a,p1b\n|-damage|p1a: Arcanine|0 fnt\n|-damage|p1b: Espeon|30\/100\n|faint|p1a: Arcanine\n|\n|-fieldend|move: Psychic Terrain\n|upkeep\n|turn|6\n|\n|t:|1700822359\n|move|p1b: Espeon|Draining Kiss|p2a: Monsoon\n|-resisted|p2a: Monsoon\n|-damage|p2a: Monsoon|0 fnt\n|-heal|p1b: Espeon|40\/100|[from] drain|[of] p2a: Monsoon\n|faint|p2a: Monsoon\n|\n|win|sqrtof15\n|raw|sqrtof15's rating: 1019 &rarr; <strong>1067<\/strong><br \/>(+48 for winning)\n|raw|Battonia's rating: 1125 &rarr; <strong>1093<\/strong><br \/>(-32 for losing)\n|l|\u2606Battonia\n","uploadtime":1700822405,"views":3,"p1id":"sqrtof15","p2id":"battonia","formatid":"gen9vgc2023regulatione","rating":1067,"private":0,"password":""}