{"id":"gen9vgc2023regulatione-1997024647","p1":"zhz2021","p2":"Qwitt","format":"[Gen 9] VGC 2023 Regulation E","log":"|j|\u2606zhz2021\n|j|\u2606Qwitt\n|t:|1700756871\n|gametype|doubles\n|player|p1|zhz2021|marley|1666\n|player|p2|Qwitt|1|1571\n|teamsize|p1|6\n|teamsize|p2|6\n|gen|9\n|tier|[Gen 9] VGC 2023 Regulation E\n|rated|\n|rule|Species Clause: Limit one of each Pok\u00e9mon\n|rule|Item Clause: Limit one of each item\n|clearpoke\n|poke|p1|Weezing-Galar, L50, F|\n|poke|p1|Flutter Mane, L50|\n|poke|p1|Roaring Moon, L50|\n|poke|p1|Iron Hands, L50|\n|poke|p1|Arcanine-Hisui, L50, F|\n|poke|p1|Brambleghast, L50, F|\n|poke|p2|Gholdengo, L50|\n|poke|p2|Iron Hands, L50|\n|poke|p2|Amoonguss, L50, F|\n|poke|p2|Iron Bundle, L50|\n|poke|p2|Pelipper, L50, M|\n|poke|p2|Salamence, L50, M|\n|teampreview|4\nQwitt has agreed to open team sheets.\nzhz2021 has agreed to open team sheets.\n|\n|t:|1700756921\n|start\n|switch|p1a: Victroria Moon|Roaring Moon, L50|100\/100\n|switch|p1b: Arcueid|Flutter Mane, L50|100\/100\n|switch|p2a: Iron Hands|Iron Hands, L50|100\/100\n|switch|p2b: Salamence|Salamence, L50, M|100\/100\n|-ability|p2b: Salamence|Intimidate|boost\n|-unboost|p1a: Victroria Moon|atk|1\n|-unboost|p1b: Arcueid|atk|1\n|-enditem|p1a: Victroria Moon|Booster Energy\n|-activate|p1a: Victroria Moon|ability: Protosynthesis|[fromitem]\n|-start|p1a: Victroria Moon|protosynthesisspe\n|turn|1\n|inactive|Battle timer is ON: inactive players will automatically lose when time's up. (requested by Qwitt)\n|j| Sinwt\n|inactive|Qwitt has 60 seconds left.\n|\n|t:|1700756966\n|switch|p2b: Amoonguss|Amoonguss, L50, F|100\/100\n|-terastallize|p1a: Victroria Moon|Ghost\n|-terastallize|p2a: Iron Hands|Water\n|move|p1a: Victroria Moon|Tailwind|p1a: Victroria Moon\n|-sidestart|p1: zhz2021|move: Tailwind\n|move|p1b: Arcueid|Dazzling Gleam|p2a: Iron Hands|[spread] p2a,p2b\n|-resisted|p2b: Amoonguss\n|-damage|p2a: Iron Hands|75\/100\n|-damage|p2b: Amoonguss|81\/100\n|move|p2a: Iron Hands|Heavy Slam|p1b: Arcueid\n|-supereffective|p1b: Arcueid\n|-damage|p1b: Arcueid|0 fnt\n|faint|p1b: Arcueid\n|-end|p1b: Arcueid|Protosynthesis|[silent]\n|\n|upkeep\n|\n|t:|1700756984\n|switch|p1b: Brambleghast|Brambleghast, L50, F|100\/100\n|-ability|p1b: Brambleghast|Wind Rider|boost\n|-boost|p1b: Brambleghast|atk|1\n|turn|2\n|inactive|Qwitt has 30 seconds left.\n|\n|t:|1700757009\n|-end|p2a: Iron Hands|Quark Drive|[silent]\n|switch|p2a: Salamence|Salamence, L50, M|100\/100\n|-ability|p2a: Salamence|Intimidate|boost\n|-unboost|p1a: Victroria Moon|atk|1\n|-unboost|p1b: Brambleghast|atk|1\n|move|p1a: Victroria Moon|Knock Off|p2b: Amoonguss\n|-damage|p2b: Amoonguss|61\/100\n|-enditem|p2b: Amoonguss|Sitrus Berry|[from] move: Knock Off|[of] p1a: Victroria Moon\n|move|p1b: Brambleghast|Power Whip|p2a: Salamence\n|-resisted|p2a: Salamence\n|-damage|p2a: Salamence|77\/100\n|-damage|p1b: Brambleghast|91\/100|[from] item: Life Orb\n|move|p2b: Amoonguss|Spore|p1a: Victroria Moon\n|-status|p1a: Victroria Moon|slp|[from] move: Spore\n|\n|upkeep\n|turn|3\n|inactive|zhz2021 has 30 seconds left.\n|inactive|Qwitt has 30 seconds left.\n|inactive|zhz2021 has 20 seconds left.\n|inactive|Qwitt has 20 seconds left.\n|inactive|zhz2021 has 15 seconds left.\n|inactive|zhz2021 has 10 seconds left.\n|inactive|Qwitt has 15 seconds left.\n|inactive|zhz2021 has 5 seconds left.\n|\n|t:|1700757059\n|cant|p1a: Victroria Moon|slp\n|move|p1b: Brambleghast|Poltergeist|p2a: Salamence\n|-activate|p2a: Salamence|move: Poltergeist|Choice Scarf\n|-damage|p2a: Salamence|0 fnt\n|faint|p2a: Salamence\n|-damage|p1b: Brambleghast|81\/100|[from] item: Life Orb\n|move|p2b: Amoonguss|Spore|p1b: Brambleghast\n|-immune|p1b: Brambleghast\n|\n|upkeep\n|\n|t:|1700757071\n|switch|p2a: Iron Bundle|Iron Bundle, L50|100\/100\n|-enditem|p2a: Iron Bundle|Booster Energy\n|-activate|p2a: Iron Bundle|ability: Quark Drive|[fromitem]\n|-start|p2a: Iron Bundle|quarkdrivespe\n|turn|4\n|inactive|zhz2021 has 30 seconds left.\n|\n|t:|1700757100\n|switch|p1b: Arcanine|Arcanine-Hisui, L50, F|100\/100\n|-ability|p1b: Arcanine|Intimidate|boost\n|-unboost|p2a: Iron Bundle|atk|1\n|-unboost|p2b: Amoonguss|atk|1\n|move|p2b: Amoonguss|Rage Powder|p2b: Amoonguss\n|-singleturn|p2b: Amoonguss|move: Rage Powder\n|-curestatus|p1a: Victroria Moon|slp|[msg]\n|move|p1a: Victroria Moon|Acrobatics|p2b: Amoonguss\n|-supereffective|p2b: Amoonguss\n|-damage|p2b: Amoonguss|31\/100\n|move|p2a: Iron Bundle|Freeze-Dry|p1b: Arcanine\n|-resisted|p1b: Arcanine\n|-crit|p1b: Arcanine\n|-damage|p1b: Arcanine|72\/100\n|\n|-sideend|p1: zhz2021|move: Tailwind\n|upkeep\n|turn|5\n|inactive|Qwitt has 30 seconds left.\n|j| zdmszrj\n|\n|t:|1700757135\n|switch|p2b: Iron Hands|Iron Hands, L50, tera:Water|75\/100\n|move|p2a: Iron Bundle|Protect|p2a: Iron Bundle\n|-singleturn|p2a: Iron Bundle|Protect\n|move|p1b: Arcanine|Protect|p1b: Arcanine\n|-singleturn|p1b: Arcanine|Protect\n|move|p1a: Victroria Moon|Acrobatics|p2b: Iron Hands\n|-damage|p2b: Iron Hands|62\/100\n|\n|upkeep\n|turn|6\n|l| Sinwt\n|\n|t:|1700757159\n|switch|p1b: Brambleghast|Brambleghast, L50, F|81\/100\n|move|p1a: Victroria Moon|Tailwind|p1a: Victroria Moon\n|-sidestart|p1: zhz2021|move: Tailwind\n|-ability|p1b: Brambleghast|Wind Rider|boost\n|-boost|p1b: Brambleghast|atk|1\n|move|p2a: Iron Bundle|Hydro Pump|p1b: Brambleghast|[miss]\n|-miss|p2a: Iron Bundle|p1b: Brambleghast\n|move|p2b: Iron Hands|Heavy Slam|p1b: Brambleghast\n|-damage|p1b: Brambleghast|0 fnt\n|faint|p1b: Brambleghast\n|\n|upkeep\n|l| zdmszrj\n|\n|t:|1700757183\n|switch|p1b: Arcanine|Arcanine-Hisui, L50, F|72\/100\n|-ability|p1b: Arcanine|Intimidate|boost\n|-unboost|p2a: Iron Bundle|atk|1\n|-unboost|p2b: Iron Hands|atk|1\n|turn|7\n|-message|zhz2021 forfeited.\n|\n|win|Qwitt\n|raw|zhz2021's rating: 1666 &rarr; <strong>1641<\/strong><br \/>(-25 for losing)\n|raw|Qwitt's rating: 1571 &rarr; <strong>1596<\/strong><br \/>(+25 for winning)\n|l|\u2606zhz2021\n","uploadtime":1700757199,"views":0,"p1id":"zhz2021","p2id":"qwitt","formatid":"gen9vgc2023regulatione","rating":1596,"private":0,"password":""}