{"id":"gen9vgc2023regulatione-1993747653","p1":"Kehorie","p2":"BlindMagneton","format":"[Gen 9] VGC 2023 Regulation E","log":"|j|\u2606Kehorie\n|j|\u2606BlindMagneton\n|t:|1700352484\n|gametype|doubles\n|player|p1|Kehorie|caitlin|1453\n|player|p2|BlindMagneton|wattson|1444\n|teamsize|p1|6\n|teamsize|p2|6\n|gen|9\n|tier|[Gen 9] VGC 2023 Regulation E\n|rated|\n|rule|Species Clause: Limit one of each Pok\u00e9mon\n|rule|Item Clause: Limit one of each item\n|clearpoke\n|poke|p1|Baxcalibur, L50, M|\n|poke|p1|Ninetales-Alola, L50, M|\n|poke|p1|Gholdengo, L50|\n|poke|p1|Roaring Moon, L50|\n|poke|p1|Arcanine-Hisui, L50, F|\n|poke|p1|Rillaboom, L50, M|\n|poke|p2|Mandibuzz, L50, F|\n|poke|p2|Ninetales-Alola, L50, M|\n|poke|p2|Iron Hands, L50|\n|poke|p2|Flamigo, L50, M|\n|poke|p2|Farigiraf, L50, F|\n|poke|p2|Hydreigon, L50, F|\n|teampreview|4\n|\n|t:|1700352524\n|start\n|switch|p1a: Ninetales|Ninetales-Alola, L50, M|100\/100\n|switch|p1b: Gholdengo|Gholdengo, L50|100\/100\n|switch|p2a: Ninetales|Ninetales-Alola, L50, M|100\/100\n|switch|p2b: Hydreigon|Hydreigon, L50, F|100\/100\n|-weather|Snow|[from] ability: Snow Warning|[of] p2a: Ninetales\n|turn|1\n|\n|t:|1700352549\n|move|p2b: Hydreigon|Flash Cannon|p1a: Ninetales\n|-supereffective|p1a: Ninetales\n|-crit|p1a: Ninetales\n|-damage|p1a: Ninetales|0 fnt\n|faint|p1a: Ninetales\n|move|p2a: Ninetales|Blizzard|p1b: Gholdengo\n|-resisted|p1b: Gholdengo\n|-damage|p1b: Gholdengo|82\/100\n|move|p1b: Gholdengo|Make It Rain|p2b: Hydreigon|[spread] p2a,p2b\n|-supereffective|p2a: Ninetales\n|-enditem|p2a: Ninetales|Focus Sash\n|-damage|p2a: Ninetales|1\/100\n|-damage|p2b: Hydreigon|59\/100\n|-unboost|p1b: Gholdengo|spa|1\n|\n|-weather|Snow|[upkeep]\n|-heal|p1b: Gholdengo|88\/100|[from] item: Leftovers\n|upkeep\n|\n|t:|1700352564\n|switch|p1a: Roaring Moon|Roaring Moon, L50, shiny|100\/100\n|-enditem|p1a: Roaring Moon|Booster Energy\n|-activate|p1a: Roaring Moon|ability: Protosynthesis|[fromitem]\n|-start|p1a: Roaring Moon|protosynthesisatk\n|turn|2\n|\n|t:|1700352616\n|switch|p2b: Mandibuzz|Mandibuzz, L50, F|100\/100\n|-terastallize|p1a: Roaring Moon|Flying\n|move|p2a: Ninetales|Protect|p2a: Ninetales\n|-singleturn|p2a: Ninetales|Protect\n|move|p1a: Roaring Moon|Tailwind|p1a: Roaring Moon\n|-sidestart|p1: Kehorie|move: Tailwind\n|move|p1b: Gholdengo|Make It Rain|p2b: Mandibuzz|[spread] p2b\n|-activate|p2a: Ninetales|move: Protect\n|-damage|p2b: Mandibuzz|75\/100\n|-unboost|p1b: Gholdengo|spa|1\n|\n|-weather|Snow|[upkeep]\n|-heal|p1b: Gholdengo|94\/100|[from] item: Leftovers\n|upkeep\n|turn|3\n|\n|t:|1700352656\n|move|p2a: Ninetales|Ice Shard|p2b: Mandibuzz\n|-supereffective|p2b: Mandibuzz\n|-damage|p2b: Mandibuzz|58\/100\n|-ability|p2b: Mandibuzz|Weak Armor|boost\n|-unboost|p2b: Mandibuzz|def|1\n|-boost|p2b: Mandibuzz|spe|2\n|-enditem|p2b: Mandibuzz|Weakness Policy\n|-boost|p2b: Mandibuzz|atk|2|[from] item: Weakness Policy\n|-boost|p2b: Mandibuzz|spa|2|[from] item: Weakness Policy\n|move|p1a: Roaring Moon|Knock Off|p2a: Ninetales\n|-resisted|p2a: Ninetales\n|-damage|p2a: Ninetales|0 fnt\n|faint|p2a: Ninetales\n|move|p2b: Mandibuzz|Lash Out|p1b: Gholdengo\n|-supereffective|p1b: Gholdengo\n|-damage|p1b: Gholdengo|0 fnt\n|faint|p1b: Gholdengo\n|\n|-weather|Snow|[upkeep]\n|upkeep\n|\n|t:|1700352698\n|switch|p2a: Hydreigon|Hydreigon, L50, F|59\/100\n|switch|p1b: Baxcalibur|Baxcalibur, L50, M, shiny|100\/100\n|turn|4\n|\n|t:|1700352719\n|-terastallize|p2a: Hydreigon|Steel\n|move|p2b: Mandibuzz|Protect|p2b: Mandibuzz\n|-singleturn|p2b: Mandibuzz|Protect\n|move|p1a: Roaring Moon|Acrobatics|p2a: Hydreigon\n|-resisted|p2a: Hydreigon\n|-damage|p2a: Hydreigon|13\/100\n|move|p1b: Baxcalibur|Icicle Spear|p2b: Mandibuzz\n|-activate|p2b: Mandibuzz|move: Protect\n|move|p2a: Hydreigon|Draco Meteor|p1b: Baxcalibur\n|-supereffective|p1b: Baxcalibur\n|-damage|p1b: Baxcalibur|0 fnt\n|-unboost|p2a: Hydreigon|spa|2\n|faint|p1b: Baxcalibur\n|\n|-weather|Snow|[upkeep]\n|upkeep\n|turn|5\n|\n|t:|1700352758\n|switch|p2a: Farigiraf|Farigiraf, L50, F|100\/100\n|move|p2b: Mandibuzz|Protect|p2b: Mandibuzz\n|-singleturn|p2b: Mandibuzz|Protect\n|move|p1a: Roaring Moon|Acrobatics|p2b: Mandibuzz\n|-activate|p2b: Mandibuzz|move: Protect\n|\n|-weather|none\n|-sideend|p1: Kehorie|move: Tailwind\n|upkeep\n|turn|6\n|inactive|Battle timer is ON: inactive players will automatically lose when time's up. (requested by BlindMagneton)\n|inactive|Kehorie has 60 seconds left.\n|inactive|Kehorie has 30 seconds left.\n|inactive|Kehorie has 20 seconds left.\n|inactive|Kehorie has 15 seconds left.\n|inactive|Kehorie has 10 seconds left.\n|inactive|Kehorie has 5 seconds left.\n|\n|t:|1700352923\n|move|p2b: Mandibuzz|Acrobatics|p1a: Roaring Moon\n|-damage|p1a: Roaring Moon|0 fnt\n|faint|p1a: Roaring Moon\n|-end|p1a: Roaring Moon|Protosynthesis|[silent]\n|\n|win|BlindMagneton\n|raw|Kehorie's rating: 1453 &rarr; <strong>1432<\/strong><br \/>(-21 for losing)\n|raw|BlindMagneton's rating: 1444 &rarr; <strong>1465<\/strong><br \/>(+21 for winning)\n","uploadtime":1700352935,"views":16,"p1id":"kehorie","p2id":"blindmagneton","formatid":"gen9vgc2023regulatione","rating":1432,"private":0,"password":""}