{"id":"gen9vgc2023regulatione-1990149333","p1":"sun goes wrong","p2":"Pakkard","format":"[Gen 9] VGC 2023 Regulation E","log":"|j|\u2606sun goes wrong\n|j|\u2606Pakkard\n|t:|1699929962\n|gametype|doubles\n|player|p1|sun goes wrong|2|1196\n|player|p2|Pakkard|101|1248\n|teamsize|p1|6\n|teamsize|p2|6\n|gen|9\n|tier|[Gen 9] VGC 2023 Regulation E\n|rated|\n|rule|Species Clause: Limit one of each Pok\u00e9mon\n|rule|Item Clause: Limit one of each item\n|clearpoke\n|poke|p1|Magneton, L50|\n|poke|p1|Meditite, L50, M|\n|poke|p1|Foongus, L50, F|\n|poke|p1|Rufflet, L50, M|\n|poke|p1|Dusclops, L50, M|\n|poke|p1|Gurdurr, L50, F|\n|poke|p2|Farigiraf, L50, F|\n|poke|p2|Ogerpon-Wellspring, L50, F|\n|poke|p2|Arcanine-Hisui, L50, M|\n|poke|p2|Grimmsnarl, L50, M|\n|poke|p2|Spectrier, L50|\n|poke|p2|Iron Hands, L50|\n|teampreview|4\nsun goes wrong has agreed to open team sheets.\n|inactive|Battle timer is ON: inactive players will automatically lose when time's up. (requested by sun goes wrong)\n|\n|t:|1699930021\n|start\n|switch|p1a: Meditite|Meditite, L50, M|100\/100\n|switch|p1b: Rufflet|Rufflet, L50, M|100\/100\n|switch|p2a: Farigiraf|Farigiraf, L50, F, shiny|100\/100\n|switch|p2b: Spectrier|Spectrier, L50|100\/100\n|turn|1\n|\n|t:|1699930044\n|move|p2b: Spectrier|Nasty Plot|p2b: Spectrier\n|-boost|p2b: Spectrier|spa|2\n|move|p1a: Meditite|Close Combat|p2a: Farigiraf\n|-damage|p2a: Farigiraf|45\/100\n|-unboost|p1a: Meditite|def|1\n|-unboost|p1a: Meditite|spd|1\n|-damage|p1a: Meditite|84\/100|[from] item: Rocky Helmet|[of] p2a: Farigiraf\n|move|p1b: Rufflet|Body Slam|p2a: Farigiraf\n|-damage|p2a: Farigiraf|0 fnt\n|-damage|p1b: Rufflet|84\/100|[from] item: Rocky Helmet|[of] p2a: Farigiraf\n|faint|p2a: Farigiraf\n|\n|upkeep\n|\n|t:|1699930063\n|switch|p2a: Arcanine|Arcanine-Hisui, L50, M|100\/100\n|-ability|p2a: Arcanine|Intimidate|boost\n|-unboost|p1a: Meditite|atk|1\n|-unboost|p1b: Rufflet|atk|1\n|turn|2\n|\n|t:|1699930078\n|switch|p1b: Gurdurr|Gurdurr, L50, F|100\/100\n|move|p1a: Meditite|Detect|p1a: Meditite\n|-singleturn|p1a: Meditite|Protect\n|move|p2b: Spectrier|Draining Kiss|p1a: Meditite\n|-activate|p1a: Meditite|move: Protect\n|move|p2a: Arcanine|Rock Slide|p1b: Gurdurr|[spread] p1b\n|-activate|p1a: Meditite|move: Protect\n|-resisted|p1b: Gurdurr\n|-damage|p1b: Gurdurr|88\/100\n|\n|-status|p1b: Gurdurr|brn|[from] item: Flame Orb\n|upkeep\n|turn|3\n|\n|t:|1699930102\n|switch|p1a: Magneton|Magneton, L50|100\/100\n|-terastallize|p2b: Spectrier|Fairy\n|move|p2a: Arcanine|Protect|p2a: Arcanine\n|-singleturn|p2a: Arcanine|Protect\n|move|p1b: Gurdurr|Mach Punch|p2a: Arcanine\n|-activate|p2a: Arcanine|move: Protect\n|move|p2b: Spectrier|Draining Kiss|p1a: Magneton\n|-resisted|p1a: Magneton\n|-damage|p1a: Magneton|41\/100\n|\n|-damage|p1b: Gurdurr|83\/100 brn|[from] brn\n|upkeep\n|turn|4\n|\n|t:|1699930122\n|move|p1b: Gurdurr|Mach Punch|p2a: Arcanine\n|-supereffective|p2a: Arcanine\n|-damage|p2a: Arcanine|41\/100\n|-enditem|p2a: Arcanine|Sitrus Berry|[eat]\n|-heal|p2a: Arcanine|66\/100|[from] item: Sitrus Berry\n|move|p2b: Spectrier|Draining Kiss|p1b: Gurdurr\n|-supereffective|p1b: Gurdurr\n|-damage|p1b: Gurdurr|0 fnt\n|faint|p1b: Gurdurr\n|-ability|p2b: Spectrier|Grim Neigh|boost\n|-boost|p2b: Spectrier|spa|1\n|move|p2a: Arcanine|Flare Blitz|p1a: Magneton\n|-supereffective|p1a: Magneton\n|-damage|p1a: Magneton|0 fnt\n|faint|p1a: Magneton\n|-damage|p2a: Arcanine|57\/100|[from] Recoil\n|\n|upkeep\n|\n|t:|1699930130\n|switch|p1a: Rufflet|Rufflet, L50, M|84\/100\n|switch|p1b: Meditite|Meditite, L50, M|84\/100\n|turn|5\n|\n|t:|1699930154\n|-terastallize|p1a: Rufflet|Normal\n|move|p1b: Meditite|Fake Out|p2b: Spectrier\n|-damage|p2b: Spectrier|83\/100\n|cant|p2b: Spectrier|flinch\n|move|p2a: Arcanine|Rock Slide|p1a: Rufflet|[spread] p1a,p1b\n|-resisted|p1b: Meditite\n|-damage|p1a: Rufflet|36\/100\n|-damage|p1b: Meditite|54\/100\n|move|p1a: Rufflet|Tailwind|p1a: Rufflet\n|-sidestart|p1: sun goes wrong|move: Tailwind\n|\n|-heal|p2b: Spectrier|89\/100|[from] item: Leftovers\n|upkeep\n|turn|6\n|\n|t:|1699930175\n|move|p1b: Meditite|Close Combat|p2a: Arcanine\n|-supereffective|p2a: Arcanine\n|-damage|p2a: Arcanine|0 fnt\n|-unboost|p1b: Meditite|def|1\n|-unboost|p1b: Meditite|spd|1\n|faint|p2a: Arcanine\n|move|p1a: Rufflet|Body Slam|p2b: Spectrier\n|-damage|p2b: Spectrier|0 fnt\n|faint|p2b: Spectrier\n|\n|upkeep\n|\n|t:|1699930187\n|switch|p2b: Ogerpon|Ogerpon-Wellspring, L50, F|100\/100\n|turn|7\n|\n|t:|1699930192\n|move|p2b: Ogerpon|Spiky Shield|p2b: Ogerpon\n|-singleturn|p2b: Ogerpon|move: Protect\n|move|p1b: Meditite|Close Combat|p2b: Ogerpon\n|-activate|p2b: Ogerpon|move: Protect\n|-damage|p1b: Meditite|41\/100|[from] Spiky Shield|[of] p2b: Ogerpon\n|move|p1a: Rufflet|Brave Bird|p2b: Ogerpon\n|-activate|p2b: Ogerpon|move: Protect\n|-damage|p1a: Rufflet|24\/100|[from] Spiky Shield|[of] p2b: Ogerpon\n|\n|upkeep\n|turn|8\n|inactive|Pakkard has 30 seconds left.\n|\n|t:|1699930219\n|move|p1b: Meditite|Close Combat|p2b: Ogerpon\n|-damage|p2b: Ogerpon|24\/100\n|-unboost|p1b: Meditite|def|1\n|-unboost|p1b: Meditite|spd|1\n|move|p1a: Rufflet|Brave Bird|p2b: Ogerpon\n|-supereffective|p2b: Ogerpon\n|-damage|p2b: Ogerpon|0 fnt\n|faint|p2b: Ogerpon\n|-damage|p1a: Rufflet|15\/100|[from] Recoil\n|-damage|p1a: Rufflet|5\/100|[from] item: Life Orb\n|\n|win|sun goes wrong\n|raw|sun goes wrong's rating: 1196 &rarr; <strong>1225<\/strong><br \/>(+29 for winning)\n|raw|Pakkard's rating: 1248 &rarr; <strong>1219<\/strong><br \/>(-29 for losing)\n|l|\u2606Pakkard\n","uploadtime":1699930236,"views":45,"p1id":"sungoeswrong","p2id":"pakkard","formatid":"gen9vgc2023regulatione","rating":1219,"private":0,"password":""}