{"id":"gen9vgc2023regulatione-1998681860","p1":"haamgamer07","p2":"supaflytnt","format":"[Gen 9] VGC 2023 Regulation E","log":"|j|\u2606haamgamer07\n|j|\u2606supaflytnt\n|t:|1700971825\n|gametype|doubles\n|player|p1|haamgamer07|169|1369\n|player|p2|supaflytnt|101|1387\n|teamsize|p1|6\n|teamsize|p2|6\n|gen|9\n|tier|[Gen 9] VGC 2023 Regulation E\n|rated|\n|rule|Species Clause: Limit one of each Pok\u00e9mon\n|rule|Item Clause: Limit one of each item\n|clearpoke\n|poke|p1|Flutter Mane, L50|\n|poke|p1|Iron Hands, L50|\n|poke|p1|Ogerpon-Hearthflame, L50, F|\n|poke|p1|Cresselia, L50, F|\n|poke|p1|Ursaluna, L50, F|\n|poke|p1|Empoleon, L50, F|\n|poke|p2|Ogerpon-Wellspring, L50, F|\n|poke|p2|Heatran, L50, F|\n|poke|p2|Salamence, L50, F|\n|poke|p2|Rillaboom, L50, M|\n|poke|p2|Kingambit, L50, F|\n|poke|p2|Flutter Mane, L50|\n|teampreview|4\n|inactive|Battle timer is ON: inactive players will automatically lose when time's up. (requested by haamgamer07)\n|\n|t:|1700971913\n|start\n|switch|p1a: Flutter Mane|Flutter Mane, L50|100\/100\n|switch|p1b: Iron Hands|Iron Hands, L50|100\/100\n|switch|p2a: Donkey Konga|Rillaboom, L50, M|100\/100\n|switch|p2b: Samurai Jack|Kingambit, L50, F, shiny|100\/100\n|-fieldstart|move: Grassy Terrain|[from] ability: Grassy Surge|[of] p2a: Donkey Konga\n|turn|1\n|inactive|haamgamer07 has 30 seconds left.\n|inactive|haamgamer07 has 20 seconds left.\n|\n|t:|1700971948\n|-terastallize|p2b: Samurai Jack|Poison\n|move|p1b: Iron Hands|Fake Out|p2b: Samurai Jack\n|-damage|p2b: Samurai Jack|88\/100\n|move|p1a: Flutter Mane|Dazzling Gleam|p2b: Samurai Jack|[spread] p2a,p2b\n|-resisted|p2b: Samurai Jack\n|-damage|p2a: Donkey Konga|72\/100\n|-damage|p2b: Samurai Jack|71\/100\n|move|p2a: Donkey Konga|Wood Hammer|p1a: Flutter Mane\n|-enditem|p1a: Flutter Mane|Focus Sash\n|-damage|p1a: Flutter Mane|1\/100\n|-damage|p2a: Donkey Konga|49\/100|[from] Recoil\n|cant|p2b: Samurai Jack|flinch\n|\n|-heal|p1a: Flutter Mane|7\/100|[from] Grassy Terrain\n|-heal|p2a: Donkey Konga|55\/100|[from] Grassy Terrain\n|-heal|p2b: Samurai Jack|77\/100|[from] Grassy Terrain\n|upkeep\n|turn|2\n|inactive|haamgamer07 has 30 seconds left.\n|inactive|haamgamer07 has 20 seconds left.\n|\n|t:|1700971986\n|move|p1a: Flutter Mane|Protect|p1a: Flutter Mane\n|-singleturn|p1a: Flutter Mane|Protect\n|move|p2a: Donkey Konga|Grassy Glide|p1a: Flutter Mane\n|-activate|p1a: Flutter Mane|move: Protect\n|move|p2b: Samurai Jack|Swords Dance|p2b: Samurai Jack\n|-boost|p2b: Samurai Jack|atk|2\n|move|p1b: Iron Hands|Swords Dance|p1b: Iron Hands\n|-boost|p1b: Iron Hands|atk|2\n|\n|-heal|p1a: Flutter Mane|12\/100|[from] Grassy Terrain\n|-heal|p2a: Donkey Konga|61\/100|[from] Grassy Terrain\n|-heal|p2b: Samurai Jack|83\/100|[from] Grassy Terrain\n|upkeep\n|turn|3\n|inactive|haamgamer07 has 30 seconds left.\n|inactive|supaflytnt has 30 seconds left.\n|\n|t:|1700972014\n|move|p2b: Samurai Jack|Protect|p2b: Samurai Jack\n|-singleturn|p2b: Samurai Jack|Protect\n|move|p1a: Flutter Mane|Dazzling Gleam|p2a: Donkey Konga|[spread] p2a\n|-activate|p2b: Samurai Jack|move: Protect\n|-damage|p2a: Donkey Konga|33\/100\n|move|p2a: Donkey Konga|Wood Hammer|p1b: Iron Hands\n|-damage|p1b: Iron Hands|50\/100\n|-enditem|p1b: Iron Hands|Sitrus Berry|[eat]\n|-heal|p1b: Iron Hands|75\/100|[from] item: Sitrus Berry\n|-damage|p2a: Donkey Konga|13\/100|[from] Recoil\n|move|p1b: Iron Hands|Drain Punch|p2a: Donkey Konga\n|-damage|p2a: Donkey Konga|0 fnt\n|-heal|p1b: Iron Hands|80\/100|[from] drain|[of] p2a: Donkey Konga\n|faint|p2a: Donkey Konga\n|\n|-heal|p1a: Flutter Mane|18\/100|[from] Grassy Terrain\n|-heal|p2b: Samurai Jack|89\/100|[from] Grassy Terrain\n|-heal|p1b: Iron Hands|86\/100|[from] Grassy Terrain\n|upkeep\n|inactive|supaflytnt has 30 seconds left.\n|\n|t:|1700972040\n|switch|p2a: Ogerpon|Ogerpon-Wellspring, L50, F|100\/100\n|turn|4\n|\n|t:|1700972051\n|move|p1a: Flutter Mane|Protect|p1a: Flutter Mane\n|-singleturn|p1a: Flutter Mane|Protect\n|move|p2a: Ogerpon|Spiky Shield|p2a: Ogerpon\n|-singleturn|p2a: Ogerpon|move: Protect\n|move|p2b: Samurai Jack|Swords Dance|p2b: Samurai Jack\n|-boost|p2b: Samurai Jack|atk|2\n|move|p1b: Iron Hands|Wild Charge|p2b: Samurai Jack\n|-damage|p2b: Samurai Jack|5\/100\n|-damage|p1b: Iron Hands|70\/100|[from] Recoil\n|\n|-heal|p1a: Flutter Mane|24\/100|[from] Grassy Terrain\n|-heal|p2b: Samurai Jack|11\/100|[from] Grassy Terrain\n|-heal|p1b: Iron Hands|76\/100|[from] Grassy Terrain\n|upkeep\n|turn|5\n|inactive|haamgamer07 has 30 seconds left.\n|inactive|supaflytnt has 30 seconds left.\n|inactive|supaflytnt has 20 seconds left.\n|\n|t:|1700972090\n|move|p2b: Samurai Jack|Sucker Punch|p1b: Iron Hands\n|-resisted|p1b: Iron Hands\n|-damage|p1b: Iron Hands|35\/100\n|move|p1a: Flutter Mane|Dazzling Gleam|p2a: Ogerpon|[spread] p2a,p2b\n|-resisted|p2b: Samurai Jack\n|-damage|p2a: Ogerpon|58\/100\n|-damage|p2b: Samurai Jack|0 fnt\n|faint|p2b: Samurai Jack\n|move|p2a: Ogerpon|Ivy Cudgel|p1b: Iron Hands|[anim] Ivy Cudgel Water\n|-damage|p1b: Iron Hands|0 fnt\n|faint|p1b: Iron Hands\n|-end|p1b: Iron Hands|Quark Drive|[silent]\n|\n|-heal|p1a: Flutter Mane|29\/100|[from] Grassy Terrain\n|-heal|p2a: Ogerpon|64\/100|[from] Grassy Terrain\n|-fieldend|move: Grassy Terrain\n|upkeep\n|\n|t:|1700972115\n|switch|p2b: Flutter Mane|Flutter Mane, L50|100\/100\n|switch|p1b: Ursaluna|Ursaluna, L50, F|100\/100\n|-enditem|p2b: Flutter Mane|Booster Energy\n|-activate|p2b: Flutter Mane|ability: Protosynthesis|[fromitem]\n|-start|p2b: Flutter Mane|protosynthesisspa\n|turn|6\n|inactive|haamgamer07 has 30 seconds left.\n|inactive|supaflytnt has 30 seconds left.\n|\n|t:|1700972145\n|-terastallize|p1b: Ursaluna|Ghost\n|move|p2b: Flutter Mane|Moonblast|p1b: Ursaluna\n|-damage|p1b: Ursaluna|50\/100\n|-unboost|p1b: Ursaluna|spa|1\n|move|p1a: Flutter Mane|Dazzling Gleam|p2a: Ogerpon|[spread] p2a,p2b\n|-damage|p2a: Ogerpon|20\/100\n|-damage|p2b: Flutter Mane|65\/100\n|move|p2a: Ogerpon|Horn Leech|p1a: Flutter Mane\n|-damage|p1a: Flutter Mane|0 fnt\n|-heal|p2a: Ogerpon|34\/100|[from] drain|[of] p1a: Flutter Mane\n|faint|p1a: Flutter Mane\n|-end|p1a: Flutter Mane|Protosynthesis|[silent]\n|move|p1b: Ursaluna|Headlong Rush|p2b: Flutter Mane\n|-damage|p2b: Flutter Mane|0 fnt\n|-unboost|p1b: Ursaluna|def|1\n|-unboost|p1b: Ursaluna|spd|1\n|faint|p2b: Flutter Mane\n|-end|p2b: Flutter Mane|Protosynthesis|[silent]\n|\n|-status|p1b: Ursaluna|brn|[from] item: Flame Orb\n|upkeep\n|\n|t:|1700972167\n|switch|p1a: Empoleon|Empoleon, L50, F|100\/100\n|turn|7\n|\n|t:|1700972177\n|move|p1b: Ursaluna|Protect|p1b: Ursaluna\n|-singleturn|p1b: Ursaluna|Protect\n|move|p2a: Ogerpon|Horn Leech|p1b: Ursaluna\n|-activate|p1b: Ursaluna|move: Protect\n|move|p1a: Empoleon|Ice Beam|p2a: Ogerpon\n|-damage|p2a: Ogerpon|0 fnt\n|faint|p2a: Ogerpon\n|\n|win|haamgamer07\n|raw|haamgamer07's rating: 1369 &rarr; <strong>1390<\/strong><br \/>(+21 for winning)\n|raw|supaflytnt's rating: 1387 &rarr; <strong>1366<\/strong><br \/>(-21 for losing)\n|l|\u2606supaflytnt\n","uploadtime":1700972198,"views":2,"p1id":"haamgamer07","p2id":"supaflytnt","formatid":"gen9vgc2023regulatione","rating":1366,"private":0,"password":""}