{"id":"gen9vgc2023regulatione-1988989762","p1":"Nnight57","p2":"Jinthewindmaster","format":"[Gen 9] VGC 2023 Regulation E","log":"|j|\u2606Nnight57\n|j|\u2606Jinthewindmaster\n|t:|1699799137\n|gametype|doubles\n|player|p1|Nnight57|richboy-gen4|1067\n|player|p2|Jinthewindmaster|bruno|1131\n|teamsize|p1|6\n|teamsize|p2|6\n|gen|9\n|tier|[Gen 9] VGC 2023 Regulation E\n|rated|\n|rule|Species Clause: Limit one of each Pok\u00e9mon\n|rule|Item Clause: Limit one of each item\n|clearpoke\n|poke|p1|Urshifu-*, L50, F|\n|poke|p1|Basculegion, L50, M|\n|poke|p1|Flutter Mane, L50|\n|poke|p1|Tornadus, L50, M|\n|poke|p1|Ceruledge, L50, F|\n|poke|p1|Thundurus-Therian, L50, M|\n|poke|p2|Indeedee, L50, M|\n|poke|p2|Armarouge, L50, M|\n|poke|p2|Amoonguss, L50, F|\n|poke|p2|Iron Hands, L50|\n|poke|p2|Tornadus, L50, M|\n|poke|p2|Urshifu-*, L50, M|\n|teampreview|4\n|\n|t:|1699799172\n|start\n|switch|p1a: Tornadus|Tornadus, L50, M|100\/100\n|switch|p1b: Thundurus|Thundurus-Therian, L50, M|100\/100\n|switch|p2a: Amoonguss|Amoonguss, L50, F, shiny|100\/100\n|switch|p2b: Iron Hands|Iron Hands, L50, shiny|100\/100\n|turn|1\n|\n|t:|1699799203\n|move|p1a: Tornadus|Tailwind|p1a: Tornadus\n|-sidestart|p1: Nnight57|move: Tailwind\n|move|p1b: Thundurus|Flash Cannon|p2b: Iron Hands\n|-resisted|p2b: Iron Hands\n|-damage|p2b: Iron Hands|90\/100\n|move|p2b: Iron Hands|Swords Dance|p2b: Iron Hands\n|-boost|p2b: Iron Hands|atk|2\n|move|p2a: Amoonguss|Spore|p1b: Thundurus\n|-status|p1b: Thundurus|slp|[from] move: Spore\n|\n|upkeep\n|turn|2\n|\n|t:|1699799225\n|cant|p1b: Thundurus|slp\n|move|p1a: Tornadus|Bleakwind Storm|p2a: Amoonguss|[spread] p2a,p2b\n|-supereffective|p2a: Amoonguss\n|-damage|p2a: Amoonguss|36\/100\n|-damage|p2b: Iron Hands|66\/100\n|move|p2b: Iron Hands|Swords Dance|p2b: Iron Hands\n|-boost|p2b: Iron Hands|atk|2\n|move|p2a: Amoonguss|Spore|p1a: Tornadus\n|-status|p1a: Tornadus|slp|[from] move: Spore\n|\n|upkeep\n|turn|3\n|\n|t:|1699799261\n|cant|p1b: Thundurus|slp\n|cant|p1a: Tornadus|slp\n|move|p2b: Iron Hands|Swords Dance|p2b: Iron Hands\n|-boost|p2b: Iron Hands|atk|2\n|move|p2a: Amoonguss|Pollen Puff|p2b: Iron Hands\n|-heal|p2b: Iron Hands|100\/100\n|\n|upkeep\n|turn|4\n|\n|t:|1699799275\n|switch|p2a: Indeedee|Indeedee, L50, M|100\/100\n|-fieldstart|move: Psychic Terrain|[from] ability: Psychic Surge|[of] p2a: Indeedee\n|-curestatus|p1b: Thundurus|slp|[msg]\n|move|p1b: Thundurus|Wildbolt Storm|p2b: Iron Hands|[spread] p2a\n|-miss|p1b: Thundurus|p2b: Iron Hands\n|-damage|p2a: Indeedee|45\/100\n|cant|p1a: Tornadus|slp\n|move|p2b: Iron Hands|Ice Punch|p1a: Tornadus\n|-supereffective|p1a: Tornadus\n|-damage|p1a: Tornadus|0 fnt\n|faint|p1a: Tornadus\n|\n|-sideend|p1: Nnight57|move: Tailwind\n|upkeep\n|\n|t:|1699799296\n|switch|p1a: Flutter Mane|Flutter Mane, L50|100\/100\n|turn|5\n|\n|t:|1699799318\n|-terastallize|p2b: Iron Hands|Fire\n|move|p2a: Indeedee|After You|p2b: Iron Hands\n|-activate|p2b: Iron Hands|move: After You\n|move|p2b: Iron Hands|Ice Punch|p1b: Thundurus\n|-supereffective|p1b: Thundurus\n|-damage|p1b: Thundurus|0 fnt\n|faint|p1b: Thundurus\n|move|p1a: Flutter Mane|Moonblast|p2b: Iron Hands\n|-resisted|p2b: Iron Hands\n|-damage|p2b: Iron Hands|74\/100\n|\n|upkeep\n|\n|t:|1699799330\n|switch|p1b: Urshifu|Urshifu-Rapid-Strike, L50, F|100\/100\n|turn|6\n|\n|t:|1699799343\n|-terastallize|p1a: Flutter Mane|Fairy\n|move|p2a: Indeedee|After You|p2b: Iron Hands\n|-activate|p2b: Iron Hands|move: After You\n|move|p2b: Iron Hands|Drain Punch|p1b: Urshifu\n|-damage|p1b: Urshifu|0 fnt\n|-heal|p2b: Iron Hands|100\/100|[from] drain|[of] p1b: Urshifu\n|faint|p1b: Urshifu\n|move|p1a: Flutter Mane|Moonblast|p2a: Indeedee\n|-damage|p2a: Indeedee|0 fnt\n|faint|p2a: Indeedee\n|\n|upkeep\n|\n|t:|1699799357\n|switch|p2a: Amoonguss|Amoonguss, L50, F, shiny|69\/100\n|turn|7\n|\n|t:|1699799363\n|move|p1a: Flutter Mane|Moonblast|p2b: Iron Hands\n|-resisted|p2b: Iron Hands\n|-damage|p2b: Iron Hands|66\/100\n|move|p2b: Iron Hands|Ice Punch|p1a: Flutter Mane\n|-damage|p1a: Flutter Mane|0 fnt\n|faint|p1a: Flutter Mane\n|-end|p1a: Flutter Mane|Protosynthesis|[silent]\n|\n|win|Jinthewindmaster\n|raw|Nnight57's rating: 1067 &rarr; <strong>1051<\/strong><br \/>(-16 for losing)\n|raw|Jinthewindmaster's rating: 1131 &rarr; <strong>1151<\/strong><br \/>(+20 for winning)\n","uploadtime":1699799373,"views":26,"p1id":"nnight57","p2id":"jinthewindmaster","formatid":"gen9vgc2023regulatione","rating":1051,"private":0,"password":""}