{"id":"gen9vgc2023regulatione-1999114958","p1":"swaggsenal","p2":"Heyo10","format":"[Gen 9] VGC 2023 Regulation E","log":"|j|\u2606swaggsenal\n|j|\u2606Heyo10\n|t:|1701034722\n|gametype|doubles\n|player|p1|swaggsenal|102|1102\n|player|p2|Heyo10|2|1019\n|teamsize|p1|6\n|teamsize|p2|6\n|gen|9\n|tier|[Gen 9] VGC 2023 Regulation E\n|rated|\n|rule|Species Clause: Limit one of each Pok\u00e9mon\n|rule|Item Clause: Limit one of each item\n|clearpoke\n|poke|p1|Milotic, L50, F|\n|poke|p1|Sableye, L50, M|\n|poke|p1|Torterra, L50, M|\n|poke|p1|Sinistcha, L50|\n|poke|p1|Masquerain, L50, M|\n|poke|p1|Chien-Pao, L50|\n|poke|p2|Shiftry, L50, M|\n|poke|p2|Volcarona, L50, M|\n|poke|p2|Kommo-o, L50, M|\n|poke|p2|Clefairy, L50, F|\n|poke|p2|Iron Hands, L50|\n|poke|p2|Flutter Mane, L50|\n|teampreview|4\nswaggsenal rejected open team sheets.\n|\n|t:|1701034810\n|start\n|switch|p1a: the_prehistoric|Chien-Pao, L50|100\/100\n|switch|p1b: the_other_moth|Masquerain, L50, M|100\/100\n|switch|p2a: Shiftry|Shiftry, L50, M|100\/100\n|switch|p2b: Volcarona|Volcarona, L50, M|100\/100\n|-ability|p1a: the_prehistoric|Sword of Ruin\n|-ability|p1b: the_other_moth|Intimidate|boost\n|-unboost|p2a: Shiftry|atk|1\n|-unboost|p2b: Volcarona|atk|1\n|turn|1\n|\n|t:|1701034844\n|move|p2a: Shiftry|Protect|p2a: Shiftry\n|-singleturn|p2a: Shiftry|Protect\n|move|p1a: the_prehistoric|Sucker Punch||[still]\n|-fail|p1a: the_prehistoric\n|move|p2b: Volcarona|Tailwind|p2b: Volcarona\n|-sidestart|p2: Heyo10|move: Tailwind\n|-ability|p2a: Shiftry|Wind Rider|boost\n|-boost|p2a: Shiftry|atk|1\n|move|p1b: the_other_moth|Struggle Bug|p2a: Shiftry|[spread] p2b\n|-activate|p2a: Shiftry|move: Protect\n|-resisted|p2b: Volcarona\n|-damage|p2b: Volcarona|96\/100\n|-unboost|p2b: Volcarona|spa|1\n|\n|upkeep\n|turn|2\n|\n|t:|1701034872\n|switch|p1a: Sableye|Sableye, L50, M, shiny|100\/100\n|move|p2b: Volcarona|Rage Powder|p2b: Volcarona\n|-singleturn|p2b: Volcarona|move: Rage Powder\n|move|p2a: Shiftry|Swords Dance|p2a: Shiftry\n|-boost|p2a: Shiftry|atk|2\n|move|p1b: the_other_moth|Struggle Bug|p2a: Shiftry|[spread] p2a,p2b\n|-supereffective|p2a: Shiftry\n|-resisted|p2b: Volcarona\n|-damage|p2a: Shiftry|18\/100\n|-damage|p2b: Volcarona|92\/100\n|-unboost|p2a: Shiftry|spa|1\n|-unboost|p2b: Volcarona|spa|1\n|\n|upkeep\n|turn|3\n|\n|t:|1701034901\n|move|p2a: Shiftry|Sucker Punch|p1b: the_other_moth\n|-damage|p1b: the_other_moth|10\/100\n|move|p2b: Volcarona|Fiery Dance|p1b: the_other_moth\n|-supereffective|p1b: the_other_moth\n|-damage|p1b: the_other_moth|0 fnt\n|-boost|p2b: Volcarona|spa|1\n|faint|p1b: the_other_moth\n|move|p1a: Sableye|Snarl|p2b: Volcarona|[spread] p2a,p2b\n|-resisted|p2a: Shiftry\n|-damage|p2a: Shiftry|10\/100\n|-damage|p2b: Volcarona|85\/100\n|-unboost|p2a: Shiftry|spa|1\n|-unboost|p2b: Volcarona|spa|1\n|\n|upkeep\n|\n|t:|1701034921\n|switch|p1b: the_island|Torterra, L50, M|100\/100\n|turn|4\n|\n|t:|1701034945\n|-terastallize|p2a: Shiftry|Grass\n|-terastallize|p1b: the_island|Fire\n|move|p2a: Shiftry|Bullet Seed|p1a: Sableye\n|-damage|p1a: Sableye|64\/100\n|-damage|p1a: Sableye|29\/100\n|-damage|p1a: Sableye|0 fnt\n|faint|p1a: Sableye\n|-hitcount|p1: Sableye|3\n|move|p2b: Volcarona|Fiery Dance|p1b: the_island\n|-resisted|p1b: the_island\n|-damage|p1b: the_island|92\/100\n|-boost|p2b: Volcarona|spa|1\n|move|p1b: the_island|Shell Smash|p1b: the_island\n|-unboost|p1b: the_island|def|1\n|-unboost|p1b: the_island|spd|1\n|-boost|p1b: the_island|atk|2\n|-boost|p1b: the_island|spa|2\n|-boost|p1b: the_island|spe|2\n|\n|-sideend|p2: Heyo10|move: Tailwind\n|upkeep\n|\n|t:|1701034956\n|switch|p1a: the_prehistoric|Chien-Pao, L50|100\/100\n|-ability|p1a: the_prehistoric|Sword of Ruin\n|turn|5\n|\n|t:|1701034967\n|move|p2b: Volcarona|Rage Powder|p2b: Volcarona\n|-singleturn|p2b: Volcarona|move: Rage Powder\n|move|p1a: the_prehistoric|Sucker Punch||[still]\n|-fail|p1a: the_prehistoric\n|move|p2a: Shiftry|Sucker Punch|p1b: the_island\n|-damage|p1b: the_island|0 fnt\n|faint|p1b: the_island\n|\n|upkeep\n|turn|6\n|-message|swaggsenal forfeited.\n|\n|win|Heyo10\n|raw|swaggsenal's rating: 1102 &rarr; <strong>1071<\/strong><br \/>(-31 for losing)\n|raw|Heyo10's rating: 1019 &rarr; <strong>1065<\/strong><br \/>(+46 for winning)\n|l|\u2606swaggsenal\n","uploadtime":1701034983,"views":10,"p1id":"swaggsenal","p2id":"heyo10","formatid":"gen9vgc2023regulatione","rating":1065,"private":0,"password":""}