{"id":"gen9vgc2023regulatione-1999973253","p1":"AWOLxSick","p2":"PsychoR&R","format":"[Gen 9] VGC 2023 Regulation E","log":"|j|\u2606AWOLxSick\n|j|\u2606PsychoR&R\n|t:|1701136341\n|gametype|doubles\n|player|p1|AWOLxSick|biker|1502\n|player|p2|PsychoR&R|170|1630\n|teamsize|p1|6\n|teamsize|p2|6\n|gen|9\n|tier|[Gen 9] VGC 2023 Regulation E\n|rated|\n|rule|Species Clause: Limit one of each Pok\u00e9mon\n|rule|Item Clause: Limit one of each item\n|clearpoke\n|poke|p1|Moltres-Galar, L50|\n|poke|p1|Arcanine-Hisui, L50, M|\n|poke|p1|Munkidori, L50, M|\n|poke|p1|Iron Hands, L50|\n|poke|p1|Ninetales-Alola, L50, F|\n|poke|p1|Ogerpon-Wellspring, L50, F|\n|poke|p2|Roaring Moon, L50|\n|poke|p2|Weezing, L50, F|\n|poke|p2|Arcanine-Hisui, L50, F|\n|poke|p2|Gholdengo, L50|\n|poke|p2|Urshifu-*, L50, M|\n|poke|p2|Brambleghast, L50, F|\n|teampreview|4\nPsychoR&R has agreed to open team sheets.\n|inactive|Battle timer is ON: inactive players will automatically lose when time's up. (requested by AWOLxSick)\n|j| previouslyunnamed\n|l| previouslyunnamed\n|inactive|AWOLxSick has 60 seconds left.\n|\n|t:|1701136389\n|start\n|switch|p1a: Munkidori|Munkidori, L50, M|100\/100\n|switch|p1b: Ninetales|Ninetales-Alola, L50, F|100\/100\n|switch|p2a: Roaring Moon|Roaring Moon, L50|100\/100\n|switch|p2b: Weezing|Weezing, L50, F|100\/100\n|-ability|p2b: Weezing|Neutralizing Gas\n|-enditem|p2a: Roaring Moon|Booster Energy\n|-activate|p2a: Roaring Moon|ability: Protosynthesis|[fromitem]\n|-start|p2a: Roaring Moon|protosynthesisspe\n|turn|1\n|inactive|PsychoR&R has 30 seconds left.\n|\n|t:|1701136415\n|-terastallize|p2a: Roaring Moon|Poison\n|move|p2a: Roaring Moon|Tailwind|p2a: Roaring Moon\n|-sidestart|p2: PsychoR&R|move: Tailwind\n|move|p1b: Ninetales|Icy Wind|p2a: Roaring Moon|[spread] p2a,p2b\n|-damage|p2a: Roaring Moon|90\/100\n|-damage|p2b: Weezing|88\/100\n|-unboost|p2a: Roaring Moon|spe|1\n|-unboost|p2b: Weezing|spe|1\n|move|p1a: Munkidori|Psyshock|p2b: Weezing\n|-supereffective|p2b: Weezing\n|-damage|p2b: Weezing|18\/100\n|-enditem|p2b: Weezing|Sitrus Berry|[eat]\n|-heal|p2b: Weezing|42\/100|[from] item: Sitrus Berry\n|move|p2b: Weezing|Gunk Shot|p1b: Ninetales\n|-supereffective|p1b: Ninetales\n|-damage|p1b: Ninetales|12\/100\n|\n|upkeep\n|turn|2\n|inactive|AWOLxSick has 30 seconds left.\n|inactive|AWOLxSick has 20 seconds left.\n|inactive|AWOLxSick has 15 seconds left.\n|\n|t:|1701136456\n|switch|p1b: Moltres|Moltres-Galar, L50|100\/100\n|move|p2a: Roaring Moon|Knock Off|p1a: Munkidori\n|-supereffective|p1a: Munkidori\n|-enditem|p1a: Munkidori|Focus Sash\n|-damage|p1a: Munkidori|1\/100\n|move|p1a: Munkidori|Psyshock|p2b: Weezing\n|-supereffective|p2b: Weezing\n|-damage|p2b: Weezing|0 fnt\n|faint|p2b: Weezing\n|-end|p2b: Weezing|ability: Neutralizing Gas\n|\n|upkeep\n|\n|t:|1701136466\n|switch|p2b: Arcanine|Arcanine-Hisui, L50, F|100\/100\n|-ability|p2b: Arcanine|Intimidate|boost\n|-unboost|p1a: Munkidori|atk|1\n|-unboost|p1b: Moltres|atk|1\n|turn|3\n|\n|t:|1701136480\n|switch|p1a: Ogerpon|Ogerpon-Wellspring, L50, F|100\/100\n|move|p1b: Moltres|Protect|p1b: Moltres\n|-singleturn|p1b: Moltres|Protect\n|move|p2a: Roaring Moon|Knock Off|p1b: Moltres\n|-activate|p1b: Moltres|move: Protect\n|move|p2b: Arcanine|Rock Slide|p1b: Moltres|[spread] p1a\n|-activate|p1b: Moltres|move: Protect\n|-damage|p1a: Ogerpon|60\/100\n|\n|upkeep\n|turn|4\n|inactive|AWOLxSick has 30 seconds left.\n|inactive|AWOLxSick has 20 seconds left.\n|inactive|AWOLxSick has 15 seconds left.\n|\n|t:|1701136521\n|move|p1a: Ogerpon|Spiky Shield|p1a: Ogerpon\n|-singleturn|p1a: Ogerpon|move: Protect\n|move|p2a: Roaring Moon|Knock Off|p1b: Moltres\n|-resisted|p1b: Moltres\n|-damage|p1b: Moltres|79\/100\n|-enditem|p1b: Moltres|Sitrus Berry|[from] move: Knock Off|[of] p2a: Roaring Moon\n|move|p2b: Arcanine|Rock Slide|p1a: Ogerpon|[spread] p1b\n|-activate|p1a: Ogerpon|move: Protect\n|-supereffective|p1b: Moltres\n|-damage|p1b: Moltres|0 fnt\n|faint|p1b: Moltres\n|\n|-sideend|p2: PsychoR&R|move: Tailwind\n|upkeep\n|\n|t:|1701136539\n|switch|p1b: Ninetales|Ninetales-Alola, L50, F|12\/100\n|-weather|Snow|[from] ability: Snow Warning|[of] p1b: Ninetales\n|turn|5\n|\n|t:|1701136558\n|move|p1b: Ninetales|Aurora Veil|p1b: Ninetales\n|-sidestart|p1: AWOLxSick|move: Aurora Veil\n|move|p2a: Roaring Moon|Tailwind|p2a: Roaring Moon\n|-sidestart|p2: PsychoR&R|move: Tailwind\n|move|p2b: Arcanine|Rock Slide|p1a: Ogerpon|[spread] p1a,p1b\n|-supereffective|p1b: Ninetales\n|-crit|p1b: Ninetales\n|-damage|p1a: Ogerpon|32\/100\n|-damage|p1b: Ninetales|0 fnt\n|faint|p1b: Ninetales\n|move|p1a: Ogerpon|Ivy Cudgel|p2b: Arcanine|[anim] Ivy Cudgel Water\n|-supereffective|p2b: Arcanine\n|-damage|p2b: Arcanine|0 fnt\n|faint|p2b: Arcanine\n|\n|-weather|Snow|[upkeep]\n|upkeep\n|\n|t:|1701136569\n|switch|p1b: Munkidori|Munkidori, L50, M|1\/100\n|switch|p2b: Urshifu|Urshifu-Rapid-Strike, L50, M|100\/100\n|-item|p2b: Urshifu|Mystic Water|[from] ability: Frisk|[of] p1b: Munkidori|[identify]\n|turn|6\n|\n|t:|1701136588\n|move|p2b: Urshifu|Protect|p2b: Urshifu\n|-singleturn|p2b: Urshifu|Protect\n|move|p1a: Ogerpon|Spiky Shield|p1a: Ogerpon\n|-singleturn|p1a: Ogerpon|move: Protect\n|move|p2a: Roaring Moon|Breaking Swipe|p1a: Ogerpon|[spread] p1b\n|-activate|p1a: Ogerpon|move: Protect\n|-damage|p2a: Roaring Moon|78\/100|[from] Spiky Shield|[of] p1a: Ogerpon\n|-damage|p1b: Munkidori|0 fnt\n|faint|p1b: Munkidori\n|\n|-weather|Snow|[upkeep]\n|upkeep\n|turn|7\n|\n|t:|1701136598\n|move|p2a: Roaring Moon|Breaking Swipe|p1a: Ogerpon\n|-damage|p1a: Ogerpon|12\/100\n|-unboost|p1a: Ogerpon|atk|1\n|move|p2b: Urshifu|Close Combat|p1a: Ogerpon\n|-damage|p1a: Ogerpon|0 fnt\n|-unboost|p2b: Urshifu|def|1\n|-unboost|p2b: Urshifu|spd|1\n|faint|p1a: Ogerpon\n|\n|win|PsychoR&R\n|raw|AWOLxSick's rating: 1502 &rarr; <strong>1489<\/strong><br \/>(-13 for losing)\n|raw|PsychoR&amp;R's rating: 1630 &rarr; <strong>1643<\/strong><br \/>(+13 for winning)\n|l|\u2606AWOLxSick\n|l|\u2606PsychoR&R\n","uploadtime":1701136686,"views":2,"p1id":"awolxsick","p2id":"psychorr","formatid":"gen9vgc2023regulatione","rating":1489,"private":0,"password":""}