{"id":"gen9vgc2023regulatione-1993218812","p1":"Wottl3y","p2":"LasermanZ11","format":"[Gen 9] VGC 2023 Regulation E","log":"|j|\u2606Wottl3y\n|j|\u2606LasermanZ11\n|t:|1700279627\n|gametype|doubles\n|player|p1|Wottl3y|blue-masters|\n|player|p2|LasermanZ11|ash|\n|teamsize|p1|6\n|teamsize|p2|6\n|gen|9\n|tier|[Gen 9] VGC 2023 Regulation E\n|rated|Tournament battle\n|rule|Species Clause: Limit one of each Pok\u00e9mon\n|rule|Item Clause: Limit one of each item\n|clearpoke\n|poke|p1|Arcanine-Hisui, L50, M|\n|poke|p1|Enamorus-Therian, L50, F|\n|poke|p1|Iron Hands, L50|\n|poke|p1|Chien-Pao, L50|\n|poke|p1|Clefairy, L50, F|\n|poke|p1|Farigiraf, L50, F|\n|poke|p2|Mamoswine, L50, M|\n|poke|p2|Roaring Moon, L50|\n|poke|p2|Heatran, L50, M|\n|poke|p2|Flutter Mane, L50|\n|poke|p2|Ogerpon-Wellspring, L50, F|\n|poke|p2|Iron Hands, L50|\n|teampreview|4\n|showteam|p1|Arcanine-Hisui||AssaultVest|Intimidate|RockSlide,FlareBlitz,ExtremeSpeed,TeraBlast|||M|||50|,,,,,Fairy]Enamorus-Therian||ChoiceSpecs|Overcoat|DazzlingGleam,Moonblast,EarthPower,MysticalFire|||F|||50|,,,,,Fire]Iron Hands||BoosterEnergy|QuarkDrive|CloseCombat,WildCharge,HeavySlam,FakeOut||||||50|,,,,,Fire]Chien-Pao||LifeOrb|SwordofRuin|Protect,IcicleCrash,LashOut,IceShard||||||50|,,,,,Ice]Clefairy||Eviolite|FriendGuard|Protect,HelpingHand,FollowMe,HealPulse|||F|||50|,,,,,Water]Farigiraf||SitrusBerry|ArmorTail|Psychic,TeraBlast,NastyPlot,TrickRoom|||F|||50|,,,,,Fire\n|showteam|p2|Mamoswine||ExpertBelt|Oblivious|IceShard,HighHorsepower,IcicleCrash,Protect|||M|||50|,,,,,Poison]Roaring Moon||BoosterEnergy|Protosynthesis|Acrobatics,KnockOff,Protect,Tailwind||||||50|,,,,,Flying]Heatran||LifeOrb|FlashFire|HeatWave,FlashCannon,EarthPower,Protect|||M|||50|,,,,,Fairy]Flutter Mane||FairyFeather|Protosynthesis|ShadowBall,Moonblast,Protect,IcyWind||||||50|,,,,,Fairy]Ogerpon-Wellspring||WellspringMask|WaterAbsorb|IvyCudgel,HornLeech,FollowMe,SpikyShield|||F|||50|,,,,,Water]Iron Hands||AssaultVest|QuarkDrive|DrainPunch,FakeOut,WildCharge,HeavySlam||||||50|,,,,,Water\n|j| O1OOO11O\n|\n|t:|1700279723\n|start\n|switch|p1a: Farigiraf|Farigiraf, L50, F|100\/100\n|switch|p1b: Iron Hands|Iron Hands, L50|100\/100\n|switch|p2a: Heatran|Heatran, L50, M|100\/100\n|switch|p2b: Iron Hands|Iron Hands, L50|100\/100\n|-enditem|p1b: Iron Hands|Booster Energy\n|-activate|p1b: Iron Hands|ability: Quark Drive|[fromitem]\n|-start|p1b: Iron Hands|quarkdriveatk\n|turn|1\n|\n|t:|1700279776\n|-terastallize|p2a: Heatran|Fairy\n|move|p1b: Iron Hands|Fake Out|p2a: Heatran\n|-damage|p2a: Heatran|79\/100\n|cant|p2a: Heatran|flinch\n|move|p2b: Iron Hands|Drain Punch|p1b: Iron Hands\n|-damage|p1b: Iron Hands|71\/100\n|move|p1a: Farigiraf|Trick Room|p1a: Farigiraf\n|-fieldstart|move: Trick Room|[of] p1a: Farigiraf\n|\n|upkeep\n|turn|2\n|j| Flarefox_7\n|\n|t:|1700279800\n|move|p1b: Iron Hands|Wild Charge|p2a: Heatran\n|-damage|p2a: Heatran|21\/100\n|-damage|p1b: Iron Hands|59\/100|[from] Recoil\n|move|p1a: Farigiraf|Nasty Plot|p1a: Farigiraf\n|-boost|p1a: Farigiraf|spa|2\n|move|p2b: Iron Hands|Drain Punch|p1b: Iron Hands\n|-damage|p1b: Iron Hands|25\/100\n|move|p2a: Heatran|Earth Power|p1b: Iron Hands\n|-supereffective|p1b: Iron Hands\n|-damage|p1b: Iron Hands|0 fnt\n|faint|p1b: Iron Hands\n|-end|p1b: Iron Hands|Quark Drive|[silent]\n|-damage|p2a: Heatran|11\/100|[from] item: Life Orb\n|\n|upkeep\n|c| Flarefox_7|that clefairy is a threat\n|\n|t:|1700279814\n|switch|p1b: Enamorus|Enamorus-Therian, L50, F|100\/100\n|turn|3\n|c| Flarefox_7|better kill it fast\n|\n|t:|1700279840\n|move|p2a: Heatran|Protect|p2a: Heatran\n|-singleturn|p2a: Heatran|Protect\n|move|p1b: Enamorus|Dazzling Gleam|p2a: Heatran|[spread] p2b\n|-activate|p2a: Heatran|move: Protect\n|-supereffective|p2b: Iron Hands\n|-damage|p2b: Iron Hands|48\/100\n|move|p1a: Farigiraf|Psychic|p2b: Iron Hands\n|-supereffective|p2b: Iron Hands\n|-damage|p2b: Iron Hands|0 fnt\n|faint|p2b: Iron Hands\n|-end|p2b: Iron Hands|Quark Drive|[silent]\n|\n|upkeep\n|\n|t:|1700279851\n|switch|p2b: Ogerpon|Ogerpon-Wellspring, L50, F|100\/100\n|turn|4\n|\n|t:|1700279867\n|move|p2b: Ogerpon|Follow Me|p2b: Ogerpon\n|-singleturn|p2b: Ogerpon|move: Follow Me\n|move|p1b: Enamorus|Dazzling Gleam|p2b: Ogerpon|[spread] p2a,p2b\n|-crit|p2a: Heatran\n|-damage|p2a: Heatran|0 fnt\n|-damage|p2b: Ogerpon|49\/100\n|faint|p2a: Heatran\n|move|p1a: Farigiraf|Psychic|p2b: Ogerpon\n|-damage|p2b: Ogerpon|0 fnt\n|faint|p2b: Ogerpon\n|\n|upkeep\n|j| mythikz\n|\n|t:|1700279878\n|switch|p2a: Flutter Mane|Flutter Mane, L50|100\/100\n|turn|5\n|c| Flarefox_7|wott ur haxing ur opponent :(\n|\n|t:|1700279883\n|move|p2a: Flutter Mane|Protect|p2a: Flutter Mane\n|-singleturn|p2a: Flutter Mane|Protect\n|move|p1b: Enamorus|Dazzling Gleam|p2a: Flutter Mane\n|-activate|p2a: Flutter Mane|move: Protect\n|move|p1a: Farigiraf|Psychic|p2a: Flutter Mane\n|-activate|p2a: Flutter Mane|move: Protect\n|\n|-fieldend|move: Trick Room\n|upkeep\n|turn|6\n|c| Flarefox_7|that heatran crit cost the gam\n|\n|t:|1700279894\n|move|p2a: Flutter Mane|Moonblast|p1a: Farigiraf\n|-crit|p1a: Farigiraf\n|-damage|p1a: Farigiraf|23\/100\n|-enditem|p1a: Farigiraf|Sitrus Berry|[eat]\n|-heal|p1a: Farigiraf|48\/100|[from] item: Sitrus Berry\n|move|p1a: Farigiraf|Psychic|p2a: Flutter Mane\n|-damage|p2a: Flutter Mane|16\/100\n|move|p1b: Enamorus|Dazzling Gleam|p2a: Flutter Mane\n|-damage|p2a: Flutter Mane|0 fnt\n|faint|p2a: Flutter Mane\n|-end|p2a: Flutter Mane|Protosynthesis|[silent]\n|\n|win|Wottl3y\n|n|\u2606Wottl3y|wottl3y\n|n|\u2606LasermanZ11|lasermanz11\n|n| O1OOO11O|o1ooo11o\n|n| Flarefox_7|flarefox7\n|n| mythikz|mythikz\n|l| O1OOO11O\n|c|\u2606Wottl3y|gg\n|l| Flarefox_7\n|l|\u2606Wottl3y\n","uploadtime":1700279924,"views":12,"p1id":"wottl3y","p2id":"lasermanz11","formatid":"gen9vgc2023regulatione","rating":0,"private":0,"password":""}