{"id":"gen9vgc2023regulatione-1995412598","p1":"Ph4ntom03","p2":"Vulpex.19","format":"[Gen 9] VGC 2023 Regulation E","log":"|j|\u2606Ph4ntom03\n|j|\u2606Vulpex.19\n|t:|1700567433\n|gametype|doubles\n|player|p1|Ph4ntom03|linebacker|1321\n|player|p2|Vulpex.19|hiker|1359\n|teamsize|p1|6\n|teamsize|p2|6\n|gen|9\n|tier|[Gen 9] VGC 2023 Regulation E\n|rated|\n|rule|Species Clause: Limit one of each Pok\u00e9mon\n|rule|Item Clause: Limit one of each item\n|clearpoke\n|poke|p1|Gholdengo, L50|\n|poke|p1|Gastrodon-East, L50, F|\n|poke|p1|Gyarados, L50, M|\n|poke|p1|Baxcalibur, L50, M|\n|poke|p1|Landorus-Therian, L50, M|\n|poke|p1|Iron Valiant, L50|\n|poke|p2|Arcanine-Hisui, L50, F|\n|poke|p2|Barraskewda, L50, M|\n|poke|p2|Ursaluna, L50, F|\n|poke|p2|Glaceon, L50, M|\n|poke|p2|Corviknight, L50, F|\n|poke|p2|Espeon, L50, F|\n|teampreview|4\n|inactive|Battle timer is ON: inactive players will automatically lose when time's up. (requested by Vulpex.19)\n|inactive|Vulpex.19 has 60 seconds left.\n|\n|t:|1700567469\n|start\n|switch|p1a: Gholdengo|Gholdengo, L50|100\/100\n|switch|p1b: Iron Valiant|Iron Valiant, L50|100\/100\n|switch|p2a: Frost|Glaceon, L50, M|100\/100\n|switch|p2b: Valk|Corviknight, L50, F, shiny|100\/100\n|turn|1\n|\n|t:|1700567489\n|-terastallize|p2a: Frost|Ghost\n|move|p2a: Frost|Shadow Ball|p1a: Gholdengo\n|-supereffective|p1a: Gholdengo\n|-damage|p1a: Gholdengo|11\/100\n|move|p1b: Iron Valiant|Drain Punch|p2b: Valk\n|-damage|p2b: Valk|75\/100\n|-damage|p1b: Iron Valiant|84\/100|[from] item: Rocky Helmet|[of] p2b: Valk\n|move|p1a: Gholdengo|Make It Rain|p2a: Frost|[spread] p2a,p2b\n|-resisted|p2b: Valk\n|-damage|p2a: Frost|0 fnt\n|-damage|p2b: Valk|37\/100\n|-unboost|p1a: Gholdengo|spa|1\n|faint|p2a: Frost\n|move|p2b: Valk|Iron Defense|p2b: Valk\n|-boost|p2b: Valk|def|2\n|\n|upkeep\n|\n|t:|1700567511\n|switch|p2a: Spearhead|Barraskewda, L50, M|100\/100\n|turn|2\n|inactive|Ph4ntom03 has 30 seconds left.\n|\n|t:|1700567537\n|-end|p1b: Iron Valiant|Quark Drive|[silent]\n|switch|p1b: Gastrodon|Gastrodon-East, L50, F|100\/100\n|move|p2a: Spearhead|Liquidation|p1b: Gastrodon\n|-activate|p1b: Gastrodon|ability: Storm Drain\n|-ability|p1b: Gastrodon|Storm Drain|boost\n|-boost|p1b: Gastrodon|spa|1\n|move|p1a: Gholdengo|Make It Rain|p2b: Valk|[spread] p2a,p2b\n|-resisted|p2a: Spearhead\n|-resisted|p2b: Valk\n|-damage|p2a: Spearhead|41\/100\n|-damage|p2b: Valk|11\/100\n|-unboost|p1a: Gholdengo|spa|1\n|move|p2b: Valk|Roost|p2b: Valk\n|-heal|p2b: Valk|61\/100\n|-singleturn|p2b: Valk|move: Roost\n|\n|upkeep\n|turn|3\n|\n|t:|1700567556\n|move|p2a: Spearhead|Psychic Fangs|p1a: Gholdengo\n|-resisted|p1a: Gholdengo\n|-damage|p1a: Gholdengo|0 fnt\n|faint|p1a: Gholdengo\n|-damage|p2a: Spearhead|31\/100|[from] item: Life Orb\n|move|p2b: Valk|Roost|p2b: Valk\n|-heal|p2b: Valk|100\/100\n|-singleturn|p2b: Valk|move: Roost\n|move|p1b: Gastrodon|Muddy Water|p2a: Spearhead|[spread] p2a,p2b\n|-resisted|p2a: Spearhead\n|-damage|p2a: Spearhead|0 fnt\n|-damage|p2b: Valk|67\/100\n|faint|p2a: Spearhead\n|\n|upkeep\n|\n|t:|1700567568\n|switch|p2a: Arcanine|Arcanine-Hisui, L50, F|100\/100\n|switch|p1a: Iron Valiant|Iron Valiant, L50|84\/100\n|-ability|p2a: Arcanine|Intimidate|boost\n|-unboost|p1a: Iron Valiant|atk|1\n|-unboost|p1b: Gastrodon|atk|1\n|turn|4\n|\n|t:|1700567586\n|move|p2a: Arcanine|Rock Slide|p1a: Iron Valiant|[spread] p1a,p1b\n|-resisted|p1a: Iron Valiant\n|-resisted|p1b: Gastrodon\n|-damage|p1a: Iron Valiant|61\/100\n|-damage|p1b: Gastrodon|83\/100\n|cant|p1a: Iron Valiant|flinch\n|move|p2b: Valk|Iron Defense|p2b: Valk\n|-boost|p2b: Valk|def|2\n|move|p1b: Gastrodon|Muddy Water|p2b: Valk|[spread] p2a,p2b\n|-supereffective|p2a: Arcanine\n|-damage|p2a: Arcanine|0 fnt\n|-damage|p2b: Valk|32\/100\n|-ability|p2b: Valk|Mirror Armor\n|-unboost|p1b: Gastrodon|accuracy|1\n|faint|p2a: Arcanine\n|\n|upkeep\n|turn|5\n|inactive|Ph4ntom03 has 30 seconds left.\n|\n|t:|1700567616\n|move|p1a: Iron Valiant|Drain Punch|p2b: Valk\n|-damage|p2b: Valk|25\/100\n|-heal|p1a: Iron Valiant|65\/100|[from] drain|[of] p2b: Valk\n|-damage|p1a: Iron Valiant|49\/100|[from] item: Rocky Helmet|[of] p2b: Valk\n|move|p2b: Valk|Roost|p2b: Valk\n|-heal|p2b: Valk|76\/100\n|-singleturn|p2b: Valk|move: Roost\n|move|p1b: Gastrodon|Earth Power|p2b: Valk\n|-supereffective|p2b: Valk\n|-damage|p2b: Valk|0 fnt\n|faint|p2b: Valk\n|\n|win|Ph4ntom03\n|raw|Ph4ntom03's rating: 1321 &rarr; <strong>1343<\/strong><br \/>(+22 for winning)\n|raw|Vulpex.19's rating: 1359 &rarr; <strong>1337<\/strong><br \/>(-22 for losing)\n|l|\u2606Vulpex.19\n","uploadtime":1700567662,"views":8,"p1id":"ph4ntom03","p2id":"vulpex19","formatid":"gen9vgc2023regulatione","rating":1337,"private":0,"password":""}