{"id":"gen9vgc2023regulatione-1990627852","p1":"LPSR","p2":"SethLikesCombusken","format":"[Gen 9] VGC 2023 Regulation E","log":"|j|\u2606LPSR\n|j|\u2606SethLikesCombusken\n|t:|1699986936\n|gametype|doubles\n|player|p1|LPSR|lucas-gen4pt|1325\n|player|p2|SethLikesCombusken|youngcouple-gen4dp|1238\n|teamsize|p1|6\n|teamsize|p2|6\n|gen|9\n|tier|[Gen 9] VGC 2023 Regulation E\n|rated|\n|rule|Species Clause: Limit one of each Pok\u00e9mon\n|rule|Item Clause: Limit one of each item\n|clearpoke\n|poke|p1|Iron Hands, L50|\n|poke|p1|Indeedee-F, L50, F|\n|poke|p1|Armarouge, L50, M|\n|poke|p1|Sinistcha, L50|\n|poke|p1|Landorus-Therian, L50, M|\n|poke|p1|Florges, L50, F|\n|poke|p2|Heatran, L50, F|\n|poke|p2|Landorus-Therian, L50, M|\n|poke|p2|Ogerpon-Cornerstone, L50, F|\n|poke|p2|Cresselia, L50, F|\n|poke|p2|Tyranitar, L50, M|\n|poke|p2|Ursaluna-Bloodmoon, L50, M|\n|teampreview|4\n|inactive|Battle timer is ON: inactive players will automatically lose when time's up. (requested by LPSR)\n|\n|t:|1699986959\n|start\n|switch|p1a: Iron Hands|Iron Hands, L50|100\/100\n|switch|p1b: Landorus|Landorus-Therian, L50, M|100\/100\n|switch|p2a: Cresselia|Cresselia, L50, F, shiny|100\/100\n|switch|p2b: Ogerpon|Ogerpon-Cornerstone, L50, F|100\/100\n|-ability|p1b: Landorus|Intimidate|boost\n|-unboost|p2a: Cresselia|atk|1\n|-unboost|p2b: Ogerpon|atk|1\n|turn|1\n|\n|t:|1699986971\n|move|p2b: Ogerpon|Follow Me|p2b: Ogerpon\n|-singleturn|p2b: Ogerpon|move: Follow Me\n|move|p1b: Landorus|U-turn|p2b: Ogerpon\n|-supereffective|p2b: Ogerpon\n|-damage|p2b: Ogerpon|39\/100\n|\n|t:|1699986978\n|switch|p1b: Sinistcha|Sinistcha, L50|100\/100|[from] U-turn\n|move|p1a: Iron Hands|Ice Punch|p2b: Ogerpon\n|-supereffective|p2b: Ogerpon\n|-damage|p2b: Ogerpon|0 fnt\n|faint|p2b: Ogerpon\n|move|p2a: Cresselia|Trick Room|p2a: Cresselia\n|-fieldstart|move: Trick Room|[of] p2a: Cresselia\n|\n|upkeep\n|\n|t:|1699986992\n|switch|p2b: Ursaluna|Ursaluna-Bloodmoon, L50, M|100\/100\n|turn|2\n|\n|t:|1699987003\n|move|p2b: Ursaluna|Blood Moon|p1a: Iron Hands\n|-damage|p1a: Iron Hands|16\/100\n|-damage|p2b: Ursaluna|91\/100|[from] item: Life Orb\n|move|p1a: Iron Hands|Drain Punch|p2b: Ursaluna\n|-supereffective|p2b: Ursaluna\n|-damage|p2b: Ursaluna|36\/100\n|-heal|p1a: Iron Hands|40\/100|[from] drain|[of] p2b: Ursaluna\n|move|p2a: Cresselia|Psyshock|p1a: Iron Hands\n|-supereffective|p1a: Iron Hands\n|-damage|p1a: Iron Hands|13\/100\n|move|p1b: Sinistcha|Trick Room|p1b: Sinistcha\n|-fieldend|move: Trick Room\n|\n|upkeep\n|turn|3\n|inactive|LPSR has 30 seconds left.\n|inactive|SethLikesCombusken has 30 seconds left.\n|inactive|LPSR has 20 seconds left.\n|inactive|SethLikesCombusken has 20 seconds left.\n|inactive|SethLikesCombusken has 15 seconds left.\n|\n|t:|1699987043\n|-end|p1a: Iron Hands|Quark Drive|[silent]\n|switch|p1a: Landorus|Landorus-Therian, L50, M|100\/100\n|-ability|p1a: Landorus|Intimidate|boost\n|-unboost|p2a: Cresselia|atk|1\n|-unboost|p2b: Ursaluna|atk|1\n|move|p2b: Ursaluna|Protect|p2b: Ursaluna\n|-singleturn|p2b: Ursaluna|Protect\n|move|p2a: Cresselia|Ice Beam|p1a: Landorus\n|-supereffective|p1a: Landorus\n|-damage|p1a: Landorus|4\/100\n|move|p1b: Sinistcha|Trick Room|p1b: Sinistcha\n|-fieldstart|move: Trick Room|[of] p1b: Sinistcha\n|\n|upkeep\n|turn|4\n|\n|t:|1699987063\n|move|p1b: Sinistcha|Rage Powder|p1b: Sinistcha\n|-singleturn|p1b: Sinistcha|move: Rage Powder\n|move|p2b: Ursaluna|Blood Moon|p1b: Sinistcha\n|-damage|p1b: Sinistcha|0 fnt\n|faint|p1b: Sinistcha\n|-damage|p2b: Ursaluna|27\/100|[from] item: Life Orb\n|move|p2a: Cresselia|Psyshock|p1a: Landorus\n|-damage|p1a: Landorus|0 fnt\n|faint|p1a: Landorus\n|\n|upkeep\n|\n|t:|1699987072\n|switch|p1b: Iron Hands|Iron Hands, L50|13\/100\n|switch|p1a: Florges|Florges, L50, F|100\/100\n|turn|5\n|-message|LPSR forfeited.\n|\n|win|SethLikesCombusken\n|raw|LPSR's rating: 1325 &rarr; <strong>1300<\/strong><br \/>(-25 for losing)\n|raw|SethLikesCombusken's rating: 1238 &rarr; <strong>1269<\/strong><br \/>(+31 for winning)\n|l|\u2606LPSR\n","uploadtime":1699987113,"views":7,"p1id":"lpsr","p2id":"sethlikescombusken","formatid":"gen9vgc2023regulatione","rating":1269,"private":0,"password":""}