{"id":"gen9vgc2023regulatione-1995307950","p1":"biei525","p2":"jiegg123456","format":"[Gen 9] VGC 2023 Regulation E","log":"|j|\u2606biei525\n|j|\u2606jiegg123456\n|t:|1700550940\n|gametype|doubles\n|player|p1|biei525|lillie-z|1459\n|player|p2|jiegg123456|dawn|1568\n|teamsize|p1|6\n|teamsize|p2|6\n|gen|9\n|tier|[Gen 9] VGC 2023 Regulation E\n|rated|\n|rule|Species Clause: Limit one of each Pok\u00e9mon\n|rule|Item Clause: Limit one of each item\n|clearpoke\n|poke|p1|Pelipper, L50, F|\n|poke|p1|Sylveon, L50, F|\n|poke|p1|Torkoal, L50, F|\n|poke|p1|Oranguru, L50, F|\n|poke|p1|Sableye, L50, M|\n|poke|p1|Lurantis, L50, F|\n|poke|p2|Heatran, L50, F|\n|poke|p2|Landorus-Therian, L50, M|\n|poke|p2|Grimmsnarl, L50, M|\n|poke|p2|Enamorus, L50, F|\n|poke|p2|Palafin, L50, F|\n|poke|p2|Ogerpon-Wellspring, L50, F|\n|teampreview|4\n|j| FatalEspresso\n|j| meowmeowjoe\n|\n|t:|1700550990\n|start\n|switch|p1a: Sableye|Sableye, L50, M|100\/100\n|switch|p1b: Sylveon|Sylveon, L50, F|100\/100\n|switch|p2a: Palafin|Palafin, L50, F, shiny|100\/100\n|switch|p2b: Grimmsnarl|Grimmsnarl, L50, M, shiny|100\/100\n|turn|1\n|\n|t:|1700551005\n|move|p1a: Sableye|Fake Out|p2b: Grimmsnarl\n|-damage|p2b: Grimmsnarl|94\/100\n|cant|p2b: Grimmsnarl|flinch\n|move|p2a: Palafin|Flip Turn|p1b: Sylveon\n|-damage|p1b: Sylveon|81\/100\n|\n|t:|1700551012\n|detailschange|p2a: Palafin|Palafin-Hero, L50, F, shiny\n|switch|p2a: Heatran|Heatran, L50, F, shiny|100\/100|[from] Flip Turn\n|move|p1b: Sylveon|Hyper Voice|p2b: Grimmsnarl|[spread] p2a,p2b\n|-resisted|p2a: Heatran\n|-supereffective|p2b: Grimmsnarl\n|-damage|p2a: Heatran|91\/100\n|-damage|p2b: Grimmsnarl|1\/100\n|-enditem|p1b: Sylveon|Throat Spray\n|-boost|p1b: Sylveon|spa|1|[from] item: Throat Spray\n|\n|upkeep\n|turn|2\n|\n|t:|1700551049\n|move|p1a: Sableye|Light Screen|p1a: Sableye\n|-sidestart|p1: biei525|move: Light Screen\n|move|p2b: Grimmsnarl|Light Screen|p2b: Grimmsnarl\n|-sidestart|p2: jiegg123456|move: Light Screen\n|move|p2a: Heatran|Heat Wave|p1b: Sylveon|[spread] p1a,p1b\n|-crit|p1a: Sableye\n|-damage|p1a: Sableye|10\/100\n|-damage|p1b: Sylveon|63\/100\n|-status|p1a: Sableye|brn\n|move|p1b: Sylveon|Hyper Voice|p2b: Grimmsnarl|[spread] p2a,p2b\n|-resisted|p2a: Heatran\n|-supereffective|p2b: Grimmsnarl\n|-damage|p2a: Heatran|82\/100\n|-damage|p2b: Grimmsnarl|0 fnt\n|faint|p2b: Grimmsnarl\n|\n|-damage|p1a: Sableye|4\/100 brn|[from] brn\n|upkeep\n|\n|t:|1700551068\n|switch|p2b: Palafin|Palafin-Hero, L50, F, shiny|100\/100\n|-activate|p2b: Palafin|ability: Zero to Hero\n|turn|3\n|\n|t:|1700551077\n|move|p1a: Sableye|Encore|p1b: Sylveon\n|-start|p1b: Sylveon|Encore\n|move|p2b: Palafin|Jet Punch|p1b: Sylveon\n|-damage|p1b: Sylveon|22\/100\n|move|p1b: Sylveon|Hyper Voice|p2a: Heatran|[spread] p2a,p2b\n|-resisted|p2a: Heatran\n|-damage|p2a: Heatran|73\/100\n|-damage|p2b: Palafin|75\/100\n|move|p2a: Heatran|Flash Cannon|p1b: Sylveon\n|-supereffective|p1b: Sylveon\n|-damage|p1b: Sylveon|0 fnt\n|faint|p1b: Sylveon\n|\n|-damage|p1a: Sableye|0 fnt|[from] brn\n|faint|p1a: Sableye\n|upkeep\n|\n|t:|1700551084\n|switch|p1a: Oranguru|Oranguru, L50, F|100\/100\n|switch|p1b: Lurantis|Lurantis, L50, F|100\/100\n|turn|4\n|\n|t:|1700551104\n|-terastallize|p1b: Lurantis|Water\n|move|p2b: Palafin|Jet Punch|p1a: Oranguru\n|-damage|p1a: Oranguru|76\/100\n|move|p2a: Heatran|Heat Wave|p1b: Lurantis|[spread] p1a,p1b\n|-resisted|p1b: Lurantis\n|-damage|p1a: Oranguru|55\/100\n|-damage|p1b: Lurantis|93\/100\n|move|p1b: Lurantis|Leaf Blade|p2b: Palafin\n|-supereffective|p2b: Palafin\n|-damage|p2b: Palafin|22\/100\n|move|p1a: Oranguru|Trick Room|p1a: Oranguru\n|-fieldstart|move: Trick Room|[of] p1a: Oranguru\n|\n|upkeep\n|turn|5\n|\n|t:|1700551138\n|-terastallize|p2a: Heatran|Grass\n|move|p2b: Palafin|Jet Punch|p1a: Oranguru\n|-damage|p1a: Oranguru|30\/100\n|move|p1b: Lurantis|Superpower|p2b: Palafin\n|-damage|p2b: Palafin|0 fnt\n|-boost|p1b: Lurantis|atk|1\n|-boost|p1b: Lurantis|def|1\n|faint|p2b: Palafin\n|move|p1a: Oranguru|Encore|p1b: Lurantis\n|-start|p1b: Lurantis|Encore\n|move|p2a: Heatran|Tera Blast|p1b: Lurantis|[anim] Tera Blast Grass\n|-supereffective|p1b: Lurantis\n|-damage|p1b: Lurantis|61\/100\n|\n|upkeep\n|\n|t:|1700551154\n|switch|p2b: Ogerpon|Ogerpon-Wellspring, L50, F|100\/100\n|turn|6\n|\n|t:|1700551172\n|move|p1b: Lurantis|Superpower|p2a: Heatran\n|-damage|p2a: Heatran|33\/100\n|-boost|p1b: Lurantis|atk|1\n|-boost|p1b: Lurantis|def|1\n|-enditem|p2a: Heatran|Sitrus Berry|[eat]\n|-heal|p2a: Heatran|58\/100|[from] item: Sitrus Berry\n|move|p1a: Oranguru|Instruct|p1b: Lurantis\n|-singleturn|p1b: Lurantis|move: Instruct|[of] p1a: Oranguru\n|move|p1b: Lurantis|Superpower|p2a: Heatran\n|-damage|p2a: Heatran|1\/100\n|-boost|p1b: Lurantis|atk|1\n|-boost|p1b: Lurantis|def|1\n|move|p2a: Heatran|Flash Cannon|p1a: Oranguru\n|-crit|p1a: Oranguru\n|-damage|p1a: Oranguru|0 fnt\n|faint|p1a: Oranguru\n|move|p2b: Ogerpon|Leech Seed|p1b: Lurantis\n|-start|p1b: Lurantis|move: Leech Seed\n|\n|-damage|p1b: Lurantis|49\/100|[from] Leech Seed|[of] p2b: Ogerpon\n|-sideend|p1: biei525|move: Light Screen\n|upkeep\n|turn|7\n|\n|t:|1700551195\n|move|p2a: Heatran|Protect|p2a: Heatran\n|-singleturn|p2a: Heatran|Protect\n|move|p2b: Ogerpon|Spiky Shield|p2b: Ogerpon\n|-singleturn|p2b: Ogerpon|move: Protect\n|move|p1b: Lurantis|Superpower|p2a: Heatran\n|-activate|p2a: Heatran|move: Protect\n|\n|-damage|p1b: Lurantis|36\/100|[from] Leech Seed|[of] p2b: Ogerpon\n|upkeep\n|turn|8\n|\n|t:|1700551215\n|move|p1b: Lurantis|Superpower|p2a: Heatran\n|-damage|p2a: Heatran|0 fnt\n|-boost|p1b: Lurantis|atk|1\n|-boost|p1b: Lurantis|def|1\n|faint|p2a: Heatran\n|move|p2b: Ogerpon|Horn Leech|p1b: Lurantis\n|-supereffective|p1b: Lurantis\n|-damage|p1b: Lurantis|11\/100\n|\n|-damage|p1b: Lurantis|0 fnt|[from] Leech Seed|[of] p2b: Ogerpon\n|faint|p1b: Lurantis\n|\n|win|jiegg123456\n|upkeep\n|raw|biei525's rating: 1459 &rarr; <strong>1445<\/strong><br \/>(-14 for losing)\n|raw|jiegg123456's rating: 1568 &rarr; <strong>1582<\/strong><br \/>(+14 for winning)\n|l|\u2606biei525\n|l| FatalEspresso\n","uploadtime":1700551240,"views":12,"p1id":"biei525","p2id":"jiegg123456","formatid":"gen9vgc2023regulatione","rating":1445,"private":0,"password":""}