{"id":"gen9vgc2023regulatione-1988036811","p1":"number86","p2":"misoup28","format":"[Gen 9] VGC 2023 Regulation E","log":"|j|\u2606number86\n|j|\u2606misoup28\n|t:|1699661859\n|gametype|doubles\n|player|p1|number86|266|1447\n|player|p2|misoup28|102|1364\n|teamsize|p1|6\n|teamsize|p2|6\n|gen|9\n|tier|[Gen 9] VGC 2023 Regulation E\n|rated|\n|rule|Species Clause: Limit one of each Pok\u00e9mon\n|rule|Item Clause: Limit one of each item\n|clearpoke\n|poke|p1|Milotic, L50, F|\n|poke|p1|Ninetales-Alola, L50, M|\n|poke|p1|Heatran, L50, M|\n|poke|p1|Landorus-Therian, L50, M|\n|poke|p1|Iron Hands, L50|\n|poke|p1|Amoonguss, L50, M|\n|poke|p2|Kommo-o, L50, F|\n|poke|p2|Tyranitar, L50, F|\n|poke|p2|Rillaboom, L50, F|\n|poke|p2|Flutter Mane, L50|\n|poke|p2|Arcanine-Hisui, L50, F|\n|poke|p2|Iron Bundle, L50|\n|teampreview|4\n|inactive|Battle timer is ON: inactive players will automatically lose when time's up. (requested by misoup28)\n|inactive|number86 has 60 seconds left.\n|inactive|number86 has 30 seconds left.\n|\n|t:|1699661921\n|start\n|switch|p1a: Iron Hands|Iron Hands, L50|100\/100\n|switch|p1b: Ninetales|Ninetales-Alola, L50, M|100\/100\n|switch|p2a: Iron Bundle|Iron Bundle, L50|100\/100\n|switch|p2b: Rillaboom|Rillaboom, L50, F|100\/100\n|-weather|Snow|[from] ability: Snow Warning|[of] p1b: Ninetales\n|-fieldstart|move: Grassy Terrain|[from] ability: Grassy Surge|[of] p2b: Rillaboom\n|-enditem|p2a: Iron Bundle|Booster Energy\n|-activate|p2a: Iron Bundle|ability: Quark Drive|[fromitem]\n|-start|p2a: Iron Bundle|quarkdrivespe\n|turn|1\n|inactive|misoup28 has 30 seconds left.\n|inactive|misoup28 has 20 seconds left.\n|\n|t:|1699661958\n|-end|p2a: Iron Bundle|Quark Drive|[silent]\n|switch|p2a: Tyranitar|Tyranitar, L50, F|100\/100\n|-weather|Sandstorm|[from] ability: Sand Stream|[of] p2a: Tyranitar\n|-terastallize|p1b: Ninetales|Ghost\n|move|p1b: Ninetales|Aurora Veil||[still]\n|-fail|p1b: Ninetales\n|move|p2b: Rillaboom|Wood Hammer|p1a: Iron Hands\n|-damage|p1a: Iron Hands|35\/100\n|-damage|p2b: Rillaboom|75\/100|[from] Recoil\n|move|p1a: Iron Hands|Wild Charge|p2a: Tyranitar\n|-damage|p2a: Tyranitar|56\/100\n|-damage|p1a: Iron Hands|27\/100|[from] Recoil\n|\n|-weather|Sandstorm|[upkeep]\n|-damage|p1b: Ninetales|94\/100|[from] Sandstorm\n|-damage|p2b: Rillaboom|69\/100|[from] Sandstorm\n|-damage|p1a: Iron Hands|21\/100|[from] Sandstorm\n|-heal|p1b: Ninetales|100\/100|[from] Grassy Terrain\n|-heal|p2a: Tyranitar|62\/100|[from] Grassy Terrain\n|-heal|p2b: Rillaboom|75\/100|[from] Grassy Terrain\n|-heal|p1a: Iron Hands|27\/100|[from] Grassy Terrain\n|upkeep\n|turn|2\n|inactive|number86 has 30 seconds left.\n|inactive|misoup28 has 30 seconds left.\n|inactive|misoup28 has 20 seconds left.\n|\n|t:|1699661998\n|-end|p1a: Iron Hands|Quark Drive|[silent]\n|switch|p1a: Heatran|Heatran, L50, M|100\/100\n|move|p1b: Ninetales|Protect|p1b: Ninetales\n|-singleturn|p1b: Ninetales|Protect\n|move|p2b: Rillaboom|Grassy Glide|p1a: Heatran\n|-resisted|p1a: Heatran\n|-damage|p1a: Heatran|90\/100\n|move|p2a: Tyranitar|Knock Off|p1b: Ninetales\n|-activate|p1b: Ninetales|move: Protect\n|\n|-weather|Sandstorm|[upkeep]\n|-damage|p1b: Ninetales|94\/100|[from] Sandstorm\n|-damage|p2b: Rillaboom|69\/100|[from] Sandstorm\n|-heal|p1b: Ninetales|100\/100|[from] Grassy Terrain\n|-heal|p2a: Tyranitar|69\/100|[from] Grassy Terrain\n|-heal|p2b: Rillaboom|75\/100|[from] Grassy Terrain\n|-heal|p1a: Heatran|96\/100|[from] Grassy Terrain\n|-heal|p1a: Heatran|100\/100|[from] item: Leftovers\n|upkeep\n|turn|3\n|inactive|number86 has 30 seconds left.\n|inactive|misoup28 has 30 seconds left.\n|\n|t:|1699662032\n|switch|p1b: Iron Hands|Iron Hands, L50|27\/100\n|switch|p2b: Arcanine|Arcanine-Hisui, L50, F|100\/100\n|-ability|p2b: Arcanine|Intimidate|boost\n|-unboost|p1a: Heatran|atk|1\n|-unboost|p1b: Iron Hands|atk|1\n|-terastallize|p2a: Tyranitar|Psychic\n|move|p1a: Heatran|Protect|p1a: Heatran\n|-singleturn|p1a: Heatran|Protect\n|move|p2a: Tyranitar|Low Kick|p1a: Heatran\n|-activate|p1a: Heatran|move: Protect\n|\n|-weather|Sandstorm|[upkeep]\n|-damage|p2a: Tyranitar|62\/100|[from] Sandstorm\n|-damage|p1b: Iron Hands|21\/100|[from] Sandstorm\n|-heal|p2a: Tyranitar|69\/100|[from] Grassy Terrain\n|-heal|p1b: Iron Hands|27\/100|[from] Grassy Terrain\n|upkeep\n|turn|4\n|inactive|misoup28 has 30 seconds left.\n|\n|t:|1699662065\n|move|p1b: Iron Hands|Fake Out|p2a: Tyranitar\n|-damage|p2a: Tyranitar|59\/100\n|move|p2b: Arcanine|Flare Blitz|p1b: Iron Hands\n|-damage|p1b: Iron Hands|0 fnt\n|faint|p1b: Iron Hands\n|-end|p1b: Iron Hands|Quark Drive|[silent]\n|-damage|p2b: Arcanine|90\/100|[from] Recoil\n|cant|p2a: Tyranitar|flinch\n|move|p1a: Heatran|Substitute|p1a: Heatran\n|-start|p1a: Heatran|Substitute\n|-damage|p1a: Heatran|76\/100\n|\n|-weather|Sandstorm|[upkeep]\n|-damage|p2a: Tyranitar|53\/100|[from] Sandstorm\n|-heal|p2b: Arcanine|96\/100|[from] Grassy Terrain\n|-heal|p2a: Tyranitar|59\/100|[from] Grassy Terrain\n|-heal|p1a: Heatran|81\/100|[from] Grassy Terrain\n|-heal|p1a: Heatran|87\/100|[from] item: Leftovers\n|upkeep\n|\n|t:|1699662089\n|switch|p1b: Ninetales|Ninetales-Alola, L50, M, tera:Ghost|100\/100\n|-weather|Snow|[from] ability: Snow Warning|[of] p1b: Ninetales\n|turn|5\n|inactive|misoup28 has 30 seconds left.\n|inactive|misoup28 has 20 seconds left.\n|\n|t:|1699662128\n|switch|p2b: Rillaboom|Rillaboom, L50, F|75\/100\n|switch|p2a: Iron Bundle|Iron Bundle, L50|100\/100\n|move|p1b: Ninetales|Aurora Veil|p1b: Ninetales\n|-sidestart|p1: number86|move: Aurora Veil\n|move|p1a: Heatran|Earth Power|p2b: Rillaboom\n|-resisted|p2b: Rillaboom\n|-damage|p2b: Rillaboom|53\/100\n|-unboost|p2b: Rillaboom|spd|1\n|\n|-weather|Snow|[upkeep]\n|-heal|p2b: Rillaboom|59\/100|[from] Grassy Terrain\n|-heal|p1a: Heatran|93\/100|[from] Grassy Terrain\n|-heal|p1a: Heatran|99\/100|[from] item: Leftovers\n|-fieldend|move: Grassy Terrain\n|upkeep\n|turn|6\n|inactive|misoup28 has 30 seconds left.\n|\n|t:|1699662157\n|-end|p2a: Iron Bundle|Quark Drive|[silent]\n|switch|p2a: Arcanine|Arcanine-Hisui, L50, F|96\/100\n|-ability|p2a: Arcanine|Intimidate|boost\n|-immune|p1a: Heatran\n|-unboost|p1b: Ninetales|atk|1\n|switch|p1b: Milotic|Milotic, L50, F|100\/100\n|switch|p2b: Tyranitar|Tyranitar, L50, F, tera:Psychic|59\/100\n|-weather|Sandstorm|[from] ability: Sand Stream|[of] p2b: Tyranitar\n|move|p1a: Heatran|Heat Wave|p2b: Tyranitar|[spread] p2a,p2b\n|-resisted|p2a: Arcanine\n|-damage|p2a: Arcanine|89\/100\n|-damage|p2b: Tyranitar|30\/100\n|\n|-weather|Sandstorm|[upkeep]\n|-damage|p2b: Tyranitar|24\/100|[from] Sandstorm\n|-damage|p1b: Milotic|94\/100|[from] Sandstorm\n|-heal|p1a: Heatran|100\/100|[from] item: Leftovers\n|upkeep\n|turn|7\n|inactive|misoup28 has 30 seconds left.\n|\n|t:|1699662189\n|switch|p2a: Rillaboom|Rillaboom, L50, F|59\/100\n|-fieldstart|move: Grassy Terrain|[from] ability: Grassy Surge|[of] p2a: Rillaboom\n|move|p1a: Heatran|Protect|p1a: Heatran\n|-singleturn|p1a: Heatran|Protect\n|move|p2b: Tyranitar|Rock Slide|p1b: Milotic|[spread] p1b\n|-activate|p1a: Heatran|move: Protect\n|-damage|p1b: Milotic|73\/100\n|move|p1b: Milotic|Icy Wind|p2b: Tyranitar|[spread] p2a,p2b\n|-supereffective|p2a: Rillaboom\n|-damage|p2a: Rillaboom|31\/100\n|-damage|p2b: Tyranitar|16\/100\n|-unboost|p2a: Rillaboom|spe|1\n|-unboost|p2b: Tyranitar|spe|1\n|\n|-weather|Sandstorm|[upkeep]\n|-damage|p1b: Milotic|67\/100|[from] Sandstorm\n|-damage|p2b: Tyranitar|10\/100|[from] Sandstorm\n|-damage|p2a: Rillaboom|25\/100|[from] Sandstorm\n|-heal|p1b: Milotic|73\/100|[from] Grassy Terrain\n|-heal|p2b: Tyranitar|16\/100|[from] Grassy Terrain\n|-heal|p2a: Rillaboom|31\/100|[from] Grassy Terrain\n|upkeep\n|turn|8\n|inactive|number86 has 30 seconds left.\n|inactive|misoup28 has 30 seconds left.\n|\n|t:|1699662220\n|switch|p1b: Ninetales|Ninetales-Alola, L50, M, tera:Ghost|100\/100\n|-weather|Snow|[from] ability: Snow Warning|[of] p1b: Ninetales\n|switch|p2b: Iron Bundle|Iron Bundle, L50|100\/100\n|switch|p2a: Arcanine|Arcanine-Hisui, L50, F|89\/100\n|-ability|p2a: Arcanine|Intimidate|boost\n|-immune|p1a: Heatran\n|-unboost|p1b: Ninetales|atk|1\n|move|p1a: Heatran|Heat Wave|p2b: Iron Bundle|[spread] p2a,p2b\n|-resisted|p2a: Arcanine\n|-damage|p2a: Arcanine|80\/100\n|-damage|p2b: Iron Bundle|13\/100\n|\n|-weather|Snow|[upkeep]\n|-heal|p2b: Iron Bundle|19\/100|[from] Grassy Terrain\n|-heal|p2a: Arcanine|86\/100|[from] Grassy Terrain\n|upkeep\n|turn|9\n|inactive|number86 has 30 seconds left.\n|inactive|misoup28 has 30 seconds left.\n|\n|t:|1699662250\n|-end|p2b: Iron Bundle|Quark Drive|[silent]\n|switch|p2b: Tyranitar|Tyranitar, L50, F, tera:Psychic|16\/100\n|-weather|Sandstorm|[from] ability: Sand Stream|[of] p2b: Tyranitar\n|move|p1b: Ninetales|Blizzard|p2b: Tyranitar|[spread] p2a\n|-miss|p1b: Ninetales|p2b: Tyranitar\n|-resisted|p2a: Arcanine\n|-damage|p2a: Arcanine|77\/100\n|move|p2a: Arcanine|Flare Blitz|p1b: Ninetales\n|-damage|p1b: Ninetales|65\/100\n|-damage|p2a: Arcanine|67\/100|[from] Recoil\n|move|p1a: Heatran|Earth Power|p2a: Arcanine\n|-supereffective|p2a: Arcanine\n|-damage|p2a: Arcanine|0 fnt\n|faint|p2a: Arcanine\n|\n|-weather|Sandstorm|[upkeep]\n|-damage|p1b: Ninetales|59\/100|[from] Sandstorm\n|-damage|p2b: Tyranitar|10\/100|[from] Sandstorm\n|-heal|p1b: Ninetales|65\/100|[from] Grassy Terrain\n|-heal|p2b: Tyranitar|16\/100|[from] Grassy Terrain\n|upkeep\n|inactive|misoup28 has 30 seconds left.\n|\n|t:|1699662278\n|switch|p2a: Iron Bundle|Iron Bundle, L50|19\/100\n|turn|10\n|\n|t:|1699662290\n|move|p2a: Iron Bundle|Protect|p2a: Iron Bundle\n|-singleturn|p2a: Iron Bundle|Protect\n|move|p1b: Ninetales|Moonblast|p2b: Tyranitar\n|-damage|p2b: Tyranitar|0 fnt\n|faint|p2b: Tyranitar\n|move|p1a: Heatran|Heat Wave|p2a: Iron Bundle\n|-activate|p2a: Iron Bundle|move: Protect\n|\n|-weather|Sandstorm|[upkeep]\n|-damage|p2a: Iron Bundle|13\/100|[from] Sandstorm\n|-damage|p1b: Ninetales|59\/100|[from] Sandstorm\n|-heal|p2a: Iron Bundle|19\/100|[from] Grassy Terrain\n|-heal|p1b: Ninetales|65\/100|[from] Grassy Terrain\n|upkeep\n|\n|t:|1699662304\n|switch|p2b: Rillaboom|Rillaboom, L50, F|31\/100\n|turn|11\n|\n|t:|1699662313\n|switch|p1b: Milotic|Milotic, L50, F|73\/100\n|move|p2a: Iron Bundle|Protect||[still]\n|-fail|p2a: Iron Bundle\n|move|p2b: Rillaboom|Grassy Glide|p1b: Milotic\n|-supereffective|p1b: Milotic\n|-damage|p1b: Milotic|12\/100\n|-enditem|p1b: Milotic|Sitrus Berry|[eat]\n|-heal|p1b: Milotic|37\/100|[from] item: Sitrus Berry\n|move|p1a: Heatran|Heat Wave|p2b: Rillaboom|[spread] p2a,p2b\n|-supereffective|p2b: Rillaboom\n|-damage|p2a: Iron Bundle|0 fnt\n|-damage|p2b: Rillaboom|0 fnt\n|faint|p2a: Iron Bundle\n|-end|p2a: Iron Bundle|Quark Drive|[silent]\n|faint|p2b: Rillaboom\n|\n|win|number86\n|raw|number86's rating: 1447 &rarr; <strong>1462<\/strong><br \/>(+15 for winning)\n|raw|misoup28's rating: 1364 &rarr; <strong>1349<\/strong><br \/>(-15 for losing)\n","uploadtime":1699662344,"views":31,"p1id":"number86","p2id":"misoup28","formatid":"gen9vgc2023regulatione","rating":1349,"private":0,"password":""}