{"id":"gen9vgc2023regulatione-1988571504","p1":"DjPr1me","p2":"Momentai24","format":"[Gen 9] VGC 2023 Regulation E","log":"|j|\u2606DjPr1me\n|j|\u2606Momentai24\n|t:|1699737404\n|gametype|doubles\n|player|p1|DjPr1me|acetrainer|1187\n|player|p2|Momentai24|iono|1188\n|teamsize|p1|6\n|teamsize|p2|6\n|gen|9\n|tier|[Gen 9] VGC 2023 Regulation E\n|rated|\n|rule|Species Clause: Limit one of each Pok\u00e9mon\n|rule|Item Clause: Limit one of each item\n|clearpoke\n|poke|p1|Tinkaton, L50, F|\n|poke|p1|Sneasler, L50, M|\n|poke|p1|Grimmsnarl, L50, M|\n|poke|p1|Gyarados, L50, M|\n|poke|p1|Flutter Mane, L50|\n|poke|p1|Thundurus, L50, M|\n|poke|p2|Weezing, L50, F|\n|poke|p2|Roaring Moon, L50|\n|poke|p2|Landorus-Therian, L50, M|\n|poke|p2|Flutter Mane, L50|\n|poke|p2|Ogerpon-Wellspring, L50, F|\n|poke|p2|Volcarona, L50, M|\n|teampreview|4\n|inactive|Battle timer is ON: inactive players will automatically lose when time's up. (requested by DjPr1me)\n|inactive|DjPr1me has 60 seconds left.\n|\n|t:|1699737460\n|start\n|switch|p1a: Flutter Mane|Flutter Mane, L50|100\/100\n|switch|p1b: Gyarados|Gyarados, L50, M, shiny|100\/100\n|switch|p2a: Weezing|Weezing, L50, F|100\/100\n|switch|p2b: Volcarona|Volcarona, L50, M|100\/100\n|-ability|p2a: Weezing|Neutralizing Gas\n|-enditem|p1a: Flutter Mane|Booster Energy\n|-activate|p1a: Flutter Mane|ability: Protosynthesis|[fromitem]\n|-start|p1a: Flutter Mane|protosynthesisspa\n|turn|1\n|inactive|Momentai24 has 30 seconds left.\n|\n|t:|1699737486\n|move|p1a: Flutter Mane|Protect|p1a: Flutter Mane\n|-singleturn|p1a: Flutter Mane|Protect\n|move|p2b: Volcarona|Rage Powder|p2b: Volcarona\n|-singleturn|p2b: Volcarona|move: Rage Powder\n|move|p1b: Gyarados|Taunt|p2b: Volcarona\n|-start|p2b: Volcarona|move: Taunt\n|move|p2a: Weezing|Will-O-Wisp|p1b: Gyarados\n|-status|p1b: Gyarados|brn\n|\n|-damage|p1b: Gyarados|94\/100 brn|[from] brn\n|upkeep\n|turn|2\n|\n|t:|1699737508\n|switch|p2b: Roaring Moon|Roaring Moon, L50|100\/100\n|-enditem|p2b: Roaring Moon|Booster Energy\n|-activate|p2b: Roaring Moon|ability: Protosynthesis|[fromitem]\n|-start|p2b: Roaring Moon|protosynthesisatk\n|move|p2a: Weezing|Protect|p2a: Weezing\n|-singleturn|p2a: Weezing|Protect\n|move|p1a: Flutter Mane|Substitute|p1a: Flutter Mane\n|-start|p1a: Flutter Mane|Substitute\n|-damage|p1a: Flutter Mane|76\/100\n|move|p1b: Gyarados|Thunder Wave|p2a: Weezing\n|-activate|p2a: Weezing|move: Protect\n|\n|-damage|p1b: Gyarados|88\/100 brn|[from] brn\n|upkeep\n|turn|3\n|\n|t:|1699737529\n|move|p2b: Roaring Moon|Protect|p2b: Roaring Moon\n|-singleturn|p2b: Roaring Moon|Protect\n|move|p1a: Flutter Mane|Moonblast|p2b: Roaring Moon\n|-activate|p2b: Roaring Moon|move: Protect\n|move|p1b: Gyarados|Thunder Wave|p2a: Weezing\n|-status|p2a: Weezing|par\n|move|p2a: Weezing|Sludge Bomb|p1a: Flutter Mane\n|-end|p1a: Flutter Mane|Substitute\n|\n|-damage|p1b: Gyarados|82\/100 brn|[from] brn\n|upkeep\n|turn|4\n|inactive|DjPr1me has 30 seconds left.\n|\n|t:|1699737563\n|-end|p2b: Roaring Moon|Protosynthesis|[silent]\n|switch|p2b: Volcarona|Volcarona, L50, M|100\/100\n|move|p1a: Flutter Mane|Protect|p1a: Flutter Mane\n|-singleturn|p1a: Flutter Mane|Protect\n|move|p1b: Gyarados|Thunder Wave|p2b: Volcarona\n|-status|p2b: Volcarona|par\n|move|p2a: Weezing|Sludge Bomb|p1a: Flutter Mane\n|-activate|p1a: Flutter Mane|move: Protect\n|\n|-damage|p1b: Gyarados|76\/100 brn|[from] brn\n|upkeep\n|turn|5\n|\n|t:|1699737583\n|move|p2b: Volcarona|Rage Powder|p2b: Volcarona\n|-singleturn|p2b: Volcarona|move: Rage Powder\n|move|p1a: Flutter Mane|Substitute|p1a: Flutter Mane\n|-start|p1a: Flutter Mane|Substitute\n|-damage|p1a: Flutter Mane|51\/100\n|move|p1b: Gyarados|Waterfall|p2b: Volcarona\n|-supereffective|p2b: Volcarona\n|-damage|p2b: Volcarona|66\/100 par\n|move|p2a: Weezing|Taunt|p1a: Flutter Mane\n|-start|p1a: Flutter Mane|move: Taunt\n|\n|-heal|p2b: Volcarona|72\/100 par|[from] item: Leftovers\n|-damage|p1b: Gyarados|70\/100 brn|[from] brn\n|upkeep\n|turn|6\n|\n|t:|1699737605\n|move|p1a: Flutter Mane|Shadow Ball|p2a: Weezing\n|-damage|p2a: Weezing|12\/100 par\n|-unboost|p2a: Weezing|spd|1\n|-enditem|p2a: Weezing|Sitrus Berry|[eat]\n|-heal|p2a: Weezing|37\/100 par|[from] item: Sitrus Berry\n|move|p1b: Gyarados|Taunt|p2a: Weezing\n|-start|p2a: Weezing|move: Taunt\n|move|p2b: Volcarona|Heat Wave|p1b: Gyarados|[spread] p1a,p1b\n|-end|p1a: Flutter Mane|Substitute\n|-resisted|p1b: Gyarados\n|-damage|p1b: Gyarados|55\/100 brn\n|move|p2a: Weezing|Sludge Bomb|p1a: Flutter Mane\n|-damage|p1a: Flutter Mane|24\/100\n|\n|-heal|p2b: Volcarona|79\/100 par|[from] item: Leftovers\n|-damage|p1b: Gyarados|49\/100 brn|[from] brn\n|upkeep\n|turn|7\n|inactive|DjPr1me has 30 seconds left.\n|inactive|Momentai24 has 30 seconds left.\n|\n|t:|1699737637\n|move|p1b: Gyarados|Helping Hand|p1a: Flutter Mane\n|-singleturn|p1a: Flutter Mane|Helping Hand|[of] p1b: Gyarados\n|move|p1a: Flutter Mane|Shadow Ball|p2b: Volcarona\n|-damage|p2b: Volcarona|0 fnt\n|faint|p2b: Volcarona\n|move|p2a: Weezing|Sludge Bomb|p1a: Flutter Mane\n|-damage|p1a: Flutter Mane|0 fnt\n|faint|p1a: Flutter Mane\n|-end|p1a: Flutter Mane|Protosynthesis|[silent]\n|\n|-damage|p1b: Gyarados|43\/100 brn|[from] brn\n|upkeep\n|\n|t:|1699737650\n|switch|p1a: Thundurus|Thundurus, L50, M|100\/100\n|switch|p2b: Landorus|Landorus-Therian, L50, M|100\/100\n|turn|8\n|\n|t:|1699737673\n|switch|p1b: Sneasler|Sneasler, L50, M|100\/100\n|move|p2b: Landorus|Rock Slide|p1a: Thundurus|[spread] p1a,p1b\n|-supereffective|p1a: Thundurus\n|-resisted|p1b: Sneasler\n|-damage|p1a: Thundurus|60\/100\n|-damage|p1b: Sneasler|86\/100\n|move|p1a: Thundurus|Swagger|p2a: Weezing|[miss]\n|-miss|p1a: Thundurus|p2a: Weezing\n|move|p2a: Weezing|Sludge Bomb|p1a: Thundurus\n|-damage|p1a: Thundurus|30\/100\n|\n|-end|p2a: Weezing|move: Taunt\n|upkeep\n|turn|9\n|inactive|DjPr1me has 30 seconds left.\n|inactive|DjPr1me has 20 seconds left.\n|\n|t:|1699737711\n|cant|p2a: Weezing|par\n|move|p1b: Sneasler|Fake Out|p2b: Landorus\n|-damage|p2b: Landorus|85\/100\n|cant|p2b: Landorus|flinch\n|move|p1a: Thundurus|Swagger|p2a: Weezing\n|-boost|p2a: Weezing|atk|2\n|-enditem|p1b: Sneasler|Mirror Herb\n|-boost|p1b: Sneasler|atk|2|[from] item: Mirror Herb\n|-start|p2a: Weezing|confusion\n|\n|upkeep\n|turn|10\n|\n|t:|1699737736\n|switch|p1a: Gyarados|Gyarados, L50, M, shiny|43\/100 brn\n|-end|p2a: Weezing|ability: Neutralizing Gas\n|-ability|p2b: Landorus|Intimidate|boost\n|-unboost|p1a: Gyarados|atk|1\n|-unboost|p1b: Sneasler|atk|1\n|-ability|p1a: Gyarados|Intimidate|boost\n|-unboost|p2a: Weezing|atk|1\n|-unboost|p2b: Landorus|atk|1\n|switch|p2a: Roaring Moon|Roaring Moon, L50|100\/100\n|-terastallize|p1b: Sneasler|Ghost\n|move|p2b: Landorus|Rock Slide|p1a: Gyarados|[spread] p1b\n|-miss|p2b: Landorus|p1a: Gyarados\n|-crit|p1b: Sneasler\n|-damage|p1b: Sneasler|41\/100\n|cant|p1b: Sneasler|flinch\n|\n|-damage|p1a: Gyarados|37\/100 brn|[from] brn\n|upkeep\n|turn|11\n|inactive|DjPr1me has 30 seconds left.\n|inactive|Momentai24 has 30 seconds left.\n|\n|t:|1699737762\n|-end|p2a: Roaring Moon|Protosynthesis|[silent]\n|switch|p2a: Weezing|Weezing, L50, F|37\/100 par\n|-ability|p2a: Weezing|Neutralizing Gas\n|move|p2b: Landorus|Rock Slide|p1a: Gyarados|[spread] p1a,p1b\n|-supereffective|p1a: Gyarados\n|-damage|p1a: Gyarados|14\/100 brn\n|-damage|p1b: Sneasler|22\/100\n|cant|p1b: Sneasler|flinch\n|cant|p1a: Gyarados|flinch\n|\n|-damage|p1a: Gyarados|8\/100 brn|[from] brn\n|upkeep\n|turn|12\n|\n|t:|1699737780\n|move|p1a: Gyarados|Helping Hand|p1b: Sneasler\n|-singleturn|p1b: Sneasler|Helping Hand|[of] p1a: Gyarados\n|cant|p2a: Weezing|par\n|move|p2b: Landorus|Rock Slide|p1b: Sneasler|[spread] p1a,p1b\n|-supereffective|p1a: Gyarados\n|-damage|p1a: Gyarados|0 fnt\n|-damage|p1b: Sneasler|1\/100\n|faint|p1a: Gyarados\n|cant|p1b: Sneasler|flinch\n|\n|upkeep\n|c|\u2606DjPr1me|...\n|c|\u2606DjPr1me|What the fuck\n|c|\u2606DjPr1me|Ok\n|c|\u2606DjPr1me|Sure\n|inactive|DjPr1me has 30 seconds left.\n|c|\u2606DjPr1me|Unburden just doesnt work i get that\n|inactive|DjPr1me has 20 seconds left.\n|c|\u2606DjPr1me|BUT 3 FLINCHES IN A FUCKING ROW!?\n|inactive|DjPr1me has 15 seconds left.\n|inactive|DjPr1me has 10 seconds left.\n|-message|DjPr1me forfeited.\n|\n|win|Momentai24\n|raw|DjPr1me's rating: 1187 &rarr; <strong>1162<\/strong><br \/>(-25 for losing)\n|raw|Momentai24's rating: 1188 &rarr; <strong>1213<\/strong><br \/>(+25 for winning)\n|l|\u2606DjPr1me\n","uploadtime":1699737830,"views":13,"p1id":"djpr1me","p2id":"momentai24","formatid":"gen9vgc2023regulatione","rating":1162,"private":0,"password":""}