{"id":"gen9vgc2023regulatione-1987916937","p1":"relder","p2":"SicGatto","format":"[Gen 9] VGC 2023 Regulation E","log":"|j|\u2606relder\n|j|\u2606SicGatto\n|n|\u2606relder|relder\n|n|\u2606SicGatto|sicgatto\n|html|View the match progress at <a href=\"\/game-bestof3-gen9vgc2023regulatione-1987911550\">game-bestof3-gen9vgc2023regulatione-1987911550<\/a>\n|t:|1699648921\n|gametype|doubles\n|player|p1|relder|whitney-gen2|\n|player|p2|SicGatto|170|\n|teamsize|p1|6\n|teamsize|p2|6\n|gen|9\n|tier|[Gen 9] VGC 2023 Regulation E\n|rule|Species Clause: Limit one of each Pok\u00e9mon\n|rule|Item Clause: Limit one of each item\n|clearpoke\n|poke|p1|Weezing, L50, F|\n|poke|p1|Gholdengo, L50|\n|poke|p1|Salamence, L50, F|\n|poke|p1|Urshifu-*, L50, M|\n|poke|p1|Ogerpon-Hearthflame, L50, F|\n|poke|p1|Iron Hands, L50|\n|poke|p2|Iron Hands, L50|\n|poke|p2|Rillaboom, L50, M|\n|poke|p2|Arcanine-Hisui, L50, M|\n|poke|p2|Milotic, L50, F|\n|poke|p2|Tornadus, L50, M|\n|poke|p2|Chien-Pao, L50|\n|teampreview|4\nSicGatto has agreed to open team sheets.\nrelder has agreed to open team sheets.\n|showteam|p1|Weezing||SitrusBerry|NeutralizingGas|SludgeBomb,WillOWisp,Taunt,Protect|||F|||50|,,,,,Water]Gholdengo||Leftovers|GoodasGold|MakeItRain,ShadowBall,NastyPlot,Protect||||||50|,,,,,Dragon]Salamence||AbilityShield|Intimidate|DragonClaw,DualWingbeat,Tailwind,Protect|||F|||50|,,,,,Steel]Urshifu-Rapid-Strike||ChoiceScarf|UnseenFist|SurgingStrikes,CloseCombat,IceSpinner,Uturn|||M|||50|,,,,,Water]Ogerpon-Hearthflame||HearthflameMask|MoldBreaker|WoodHammer,IvyCudgel,SwordsDance,SpikyShield|||F|||50|,,,,,Fire]Iron Hands||AssaultVest|QuarkDrive|FakeOut,WildCharge,DrainPunch,VoltSwitch||||||50|,,,,,Grass\n|showteam|p2|Iron Hands||AssaultVest|QuarkDrive|DrainPunch,WildCharge,FakeOut,HeavySlam||||||50|,,,,,Water]Rillaboom||MiracleSeed|GrassySurge|WoodHammer,GrassyGlide,FakeOut,Uturn|||M|||50|,,,,,Grass]Arcanine-Hisui||ChoiceBand|Intimidate|FlareBlitz,RockSlide,ExtremeSpeed,HeadSmash|||M|||50|,,,,,Normal]Milotic||SitrusBerry|Competitive|Scald,IceBeam,Haze,Protect|||F|||50|,,,,,Fairy]Tornadus||CovertCloak|Prankster|BleakwindStorm,IcyWind,Tailwind,Taunt|||M|||50|,,,,,Dark]Chien-Pao||FocusSash|SwordofRuin|IceSpinner,SuckerPunch,SacredSword,Protect||||||50|,,,,,Ghost\n|j| KyuremBiancoEtero\n|j| dan_DES\n|j| Spindina\n|j| yo soy basato\n|\n|t:|1699649036\n|start\n|switch|p1a: Urshifu|Urshifu-Rapid-Strike, L50, M|100\/100\n|switch|p1b: Iron Hands|Iron Hands, L50|100\/100\n|switch|p2a: Arcanine|Arcanine-Hisui, L50, M|100\/100\n|switch|p2b: Chien-Pao|Chien-Pao, L50|100\/100\n|-ability|p2b: Chien-Pao|Sword of Ruin\n|-ability|p2a: Arcanine|Intimidate|boost\n|-unboost|p1a: Urshifu|atk|1\n|-unboost|p1b: Iron Hands|atk|1\n|turn|1\n|\n|t:|1699649084\n|switch|p2b: Milotic|Milotic, L50, F|100\/100\n|switch|p2a: Tornadus|Tornadus, L50, M|100\/100\n|move|p1b: Iron Hands|Fake Out|p2a: Tornadus\n|-damage|p2a: Tornadus|91\/100\n|move|p1a: Urshifu|U-turn|p2b: Milotic\n|-damage|p2b: Milotic|85\/100\n|\n|t:|1699649094\n|switch|p1a: Gholdengo|Gholdengo, L50|100\/100|[from] U-turn\n|\n|upkeep\n|turn|2\n|\n|t:|1699649116\n|switch|p2b: Arcanine|Arcanine-Hisui, L50, M|100\/100\n|-ability|p2b: Arcanine|Intimidate|boost\n|-unboost|p1a: Gholdengo|atk|1\n|-unboost|p1b: Iron Hands|atk|1\n|move|p2a: Tornadus|Tailwind|p2a: Tornadus\n|-sidestart|p2: SicGatto|move: Tailwind\n|move|p1a: Gholdengo|Nasty Plot|p1a: Gholdengo\n|-boost|p1a: Gholdengo|spa|2\n|move|p1b: Iron Hands|Wild Charge|p2a: Tornadus\n|-supereffective|p2a: Tornadus\n|-damage|p2a: Tornadus|42\/100\n|-damage|p1b: Iron Hands|91\/100|[from] Recoil\n|\n|upkeep\n|turn|3\n|\n|t:|1699649202\n|switch|p2a: Chien-Pao|Chien-Pao, L50|100\/100\n|-ability|p2a: Chien-Pao|Sword of Ruin\n|move|p1a: Gholdengo|Protect|p1a: Gholdengo\n|-singleturn|p1a: Gholdengo|Protect\n|move|p2b: Arcanine|Head Smash|p1a: Gholdengo\n|-activate|p1a: Gholdengo|move: Protect\n|move|p1b: Iron Hands|Volt Switch|p2a: Chien-Pao\n|-crit|p2a: Chien-Pao\n|-damage|p2a: Chien-Pao|71\/100\n|\n|t:|1699649216\n|-end|p1b: Iron Hands|Quark Drive|[silent]\n|switch|p1b: Urshifu|Urshifu-Rapid-Strike, L50, M|100\/100|[from] Volt Switch\n|\n|upkeep\n|turn|4\n|\n|t:|1699649239\n|switch|p2a: Milotic|Milotic, L50, F|85\/100\n|switch|p2b: Tornadus|Tornadus, L50, M|42\/100\n|move|p1b: Urshifu|Close Combat|p2b: Tornadus\n|-resisted|p2b: Tornadus\n|-damage|p2b: Tornadus|13\/100\n|-unboost|p1b: Urshifu|def|1\n|-unboost|p1b: Urshifu|spd|1\n|move|p1a: Gholdengo|Nasty Plot|p1a: Gholdengo\n|-boost|p1a: Gholdengo|spa|2\n|\n|upkeep\n|turn|5\n|\n|t:|1699649256\n|switch|p1b: Iron Hands|Iron Hands, L50|91\/100\n|move|p2b: Tornadus|Bleakwind Storm|p1a: Gholdengo|[spread] p1a\n|-miss|p2b: Tornadus|p1b: Iron Hands\n|-resisted|p1a: Gholdengo\n|-damage|p1a: Gholdengo|86\/100\n|move|p2a: Milotic|Haze|p2a: Milotic\n|-clearallboost\n|move|p1a: Gholdengo|Nasty Plot|p1a: Gholdengo\n|-boost|p1a: Gholdengo|spa|2\n|\n|-heal|p1a: Gholdengo|92\/100|[from] item: Leftovers\n|-sideend|p2: SicGatto|move: Tailwind\n|upkeep\n|turn|6\n|\n|t:|1699649274\n|move|p2a: Milotic|Protect|p2a: Milotic\n|-singleturn|p2a: Milotic|Protect\n|move|p1b: Iron Hands|Fake Out|p2b: Tornadus\n|-damage|p2b: Tornadus|0 fnt\n|faint|p2b: Tornadus\n|move|p1a: Gholdengo|Shadow Ball|p2a: Milotic\n|-activate|p2a: Milotic|move: Protect\n|\n|-heal|p1a: Gholdengo|98\/100|[from] item: Leftovers\n|upkeep\n|\n|t:|1699649286\n|switch|p2b: Arcanine|Arcanine-Hisui, L50, M|100\/100\n|-ability|p2b: Arcanine|Intimidate|boost\n|-unboost|p1a: Gholdengo|atk|1\n|-unboost|p1b: Iron Hands|atk|1\n|turn|7\n|\n|t:|1699649312\n|move|p1a: Gholdengo|Protect|p1a: Gholdengo\n|-singleturn|p1a: Gholdengo|Protect\n|move|p2b: Arcanine|Flare Blitz|p1b: Iron Hands\n|-damage|p1b: Iron Hands|31\/100\n|-damage|p2b: Arcanine|74\/100|[from] Recoil\n|move|p2a: Milotic|Scald|p1b: Iron Hands\n|-damage|p1b: Iron Hands|10\/100\n|-status|p1b: Iron Hands|brn\n|move|p1b: Iron Hands|Wild Charge|p2a: Milotic\n|-supereffective|p2a: Milotic\n|-damage|p2a: Milotic|49\/100\n|-enditem|p2a: Milotic|Sitrus Berry|[eat]\n|-heal|p2a: Milotic|74\/100|[from] item: Sitrus Berry\n|-damage|p1b: Iron Hands|3\/100 brn|[from] Recoil\n|\n|-heal|p1a: Gholdengo|100\/100|[from] item: Leftovers\n|-damage|p1b: Iron Hands|0 fnt|[from] brn\n|faint|p1b: Iron Hands\n|-end|p1b: Iron Hands|Quark Drive|[silent]\n|upkeep\n|\n|t:|1699649327\n|switch|p1b: Urshifu|Urshifu-Rapid-Strike, L50, M|100\/100\n|turn|8\n|\n|t:|1699649363\n|move|p1b: Urshifu|Close Combat|p2b: Arcanine\n|-supereffective|p2b: Arcanine\n|-damage|p2b: Arcanine|0 fnt\n|-unboost|p1b: Urshifu|def|1\n|-unboost|p1b: Urshifu|spd|1\n|faint|p2b: Arcanine\n|move|p1a: Gholdengo|Shadow Ball|p2a: Milotic\n|-damage|p2a: Milotic|23\/100\n|move|p2a: Milotic|Ice Beam|p1a: Gholdengo\n|-resisted|p1a: Gholdengo\n|-damage|p1a: Gholdengo|89\/100\n|\n|-heal|p1a: Gholdengo|95\/100|[from] item: Leftovers\n|upkeep\n|\n|t:|1699649367\n|switch|p2b: Chien-Pao|Chien-Pao, L50|71\/100\n|-ability|p2b: Chien-Pao|Sword of Ruin\n|turn|9\n|\n|t:|1699649401\n|-terastallize|p1a: Gholdengo|Dragon\n|move|p2b: Chien-Pao|Sucker Punch|p1a: Gholdengo\n|-damage|p1a: Gholdengo|47\/100\n|move|p1b: Urshifu|Close Combat|p2b: Chien-Pao\n|-supereffective|p2b: Chien-Pao\n|-crit|p2b: Chien-Pao\n|-damage|p2b: Chien-Pao|0 fnt\n|-unboost|p1b: Urshifu|def|1\n|-unboost|p1b: Urshifu|spd|1\n|faint|p2b: Chien-Pao\n|move|p1a: Gholdengo|Shadow Ball|p2a: Milotic\n|-damage|p2a: Milotic|0 fnt\n|faint|p2a: Milotic\n|\n|win|relder\n|c|\u2606relder|gg\n|l| KyuremBiancoEtero\n|inactive|relder has 50 seconds to confirm battle start!\n|inactive|SicGatto has 50 seconds to confirm battle start!\n|c|\u2606SicGatto|gg\n|c|&|\/uhtml prompt-relder,relder is ready for game 3!\n|l| Spindina\n|c|&|\/uhtml prompt-relder,relder is ready for game 3!\n|inactive|SicGatto has 39 seconds to confirm battle start!\n|c|&|\/uhtml prompt-sicgatto,SicGatto is ready for game 3!\nBoth players are ready! Starting next match!\n|j| KyuremBiancoEtero\n|l| yo soy basato\n|l| KyuremBiancoEtero\n","uploadtime":1699649920,"views":28,"p1id":"relder","p2id":"sicgatto","formatid":"gen9vgc2023regulatione","rating":0,"private":0,"password":""}