{"id":"gen9vgc2023regulatione-1988963074","p1":"PsychoR&R","p2":"johnnychiou36","format":"[Gen 9] VGC 2023 Regulation E","log":"|j|\u2606PsychoR&R\n|j|\u2606johnnychiou36\n|t:|1699795281\n|gametype|doubles\n|player|p1|PsychoR&R|101|1634\n|player|p2|johnnychiou36|lillie|1658\n|teamsize|p1|6\n|teamsize|p2|6\n|gen|9\n|tier|[Gen 9] VGC 2023 Regulation E\n|rated|\n|rule|Species Clause: Limit one of each Pok\u00e9mon\n|rule|Item Clause: Limit one of each item\n|clearpoke\n|poke|p1|Chien-Pao, L50|\n|poke|p1|Arcanine-Hisui, L50, M|\n|poke|p1|Rillaboom, L50, F|\n|poke|p1|Tornadus, L50, M|\n|poke|p1|Flutter Mane, L50|\n|poke|p1|Urshifu-*, L50, M|\n|poke|p2|Chien-Pao, L50|\n|poke|p2|Dragonite, L50, M|\n|poke|p2|Arcanine-Hisui, L50, F|\n|poke|p2|Rillaboom, L50, M|\n|poke|p2|Flutter Mane, L50|\n|poke|p2|Farigiraf, L50, F|\n|teampreview|4\nPsychoR&R has agreed to open team sheets.\njohnnychiou36 has agreed to open team sheets.\n|c|\u2606PsychoR&R|piyan\n|inactive|Battle timer is ON: inactive players will automatically lose when time's up. (requested by PsychoR&R)\n|\n|t:|1699795336\n|start\n|switch|p1a: Arcanine|Arcanine-Hisui, L50, M|100\/100\n|switch|p1b: Flutter Mane|Flutter Mane, L50|100\/100\n|switch|p2a: Dragonite|Dragonite, L50, M, shiny|100\/100\n|switch|p2b: Farigiraf|Farigiraf, L50, F, shiny|100\/100\n|-ability|p1a: Arcanine|Intimidate|boost\n|-fail|p2a: Dragonite|unboost|Attack|[from] ability: Inner Focus|[of] p2a: Dragonite\n|-unboost|p2b: Farigiraf|atk|1\n|-enditem|p1b: Flutter Mane|Booster Energy\n|-activate|p1b: Flutter Mane|ability: Protosynthesis|[fromitem]\n|-start|p1b: Flutter Mane|protosynthesisspe\n|turn|1\n|\n|t:|1699795358\n|-terastallize|p1a: Arcanine|Normal\n|move|p2a: Dragonite|Aqua Jet|p1a: Arcanine\n|-damage|p1a: Arcanine|72\/100\n|move|p1b: Flutter Mane|Taunt|p2b: Farigiraf\n|-start|p2b: Farigiraf|move: Taunt\n|move|p1a: Arcanine|Rock Slide|p2b: Farigiraf|[spread] p2a,p2b\n|-supereffective|p2a: Dragonite\n|-damage|p2a: Dragonite|19\/100\n|-damage|p2b: Farigiraf|69\/100\n|cant|p2b: Farigiraf|move: Taunt|Trick Room\n|\n|upkeep\n|turn|2\n|inactive|johnnychiou36 has 30 seconds left.\n|\n|t:|1699795385\n|move|p2a: Dragonite|Aqua Jet|p1b: Flutter Mane\n|-damage|p1b: Flutter Mane|69\/100\n|move|p1b: Flutter Mane|Moonblast|p2b: Farigiraf\n|-damage|p2b: Farigiraf|20\/100\n|move|p1a: Arcanine|Rock Slide|p2b: Farigiraf|[spread] p2b\n|-miss|p1a: Arcanine|p2a: Dragonite\n|-damage|p2b: Farigiraf|0 fnt\n|faint|p2b: Farigiraf\n|\n|upkeep\n|j| randomuser0000\n|\n|t:|1699795400\n|switch|p2b: Rillaboom|Rillaboom, L50, M, shiny|100\/100\n|-fieldstart|move: Grassy Terrain|[from] ability: Grassy Surge|[of] p2b: Rillaboom\n|turn|3\n|\n|t:|1699795424\n|move|p2a: Dragonite|Aqua Jet|p1b: Flutter Mane\n|-damage|p1b: Flutter Mane|36\/100\n|move|p2b: Rillaboom|Grassy Glide|p1a: Arcanine\n|-damage|p1a: Arcanine|10\/100\n|move|p1b: Flutter Mane|Moonblast|p2a: Dragonite\n|-supereffective|p2a: Dragonite\n|-damage|p2a: Dragonite|0 fnt\n|faint|p2a: Dragonite\n|move|p1a: Arcanine|Rock Slide|p2b: Rillaboom\n|-damage|p2b: Rillaboom|44\/100\n|\n|-heal|p1b: Flutter Mane|43\/100|[from] Grassy Terrain\n|-heal|p1a: Arcanine|16\/100|[from] Grassy Terrain\n|-heal|p2b: Rillaboom|50\/100|[from] Grassy Terrain\n|upkeep\n|\n|t:|1699795429\n|switch|p2a: Chien-Pao|Chien-Pao, L50|100\/100\n|-ability|p2a: Chien-Pao|Sword of Ruin\n|turn|4\n|\n|t:|1699795450\n|-end|p1b: Flutter Mane|Protosynthesis|[silent]\n|switch|p1b: Chien-Pao|Chien-Pao, L50|100\/100\n|-ability|p1b: Chien-Pao|Sword of Ruin\n|switch|p1a: Rillaboom|Rillaboom, L50, F|100\/100\n|move|p2a: Chien-Pao|Sucker Punch||[still]\n|-fail|p2a: Chien-Pao\n|move|p2b: Rillaboom|Grassy Glide|p1a: Rillaboom\n|-resisted|p1a: Rillaboom\n|-damage|p1a: Rillaboom|72\/100\n|\n|-heal|p1a: Rillaboom|78\/100|[from] Grassy Terrain\n|-heal|p2b: Rillaboom|55\/100|[from] Grassy Terrain\n|upkeep\n|turn|5\n|\n|t:|1699795465\n|move|p2a: Chien-Pao|Protect|p2a: Chien-Pao\n|-singleturn|p2a: Chien-Pao|Protect\n|move|p2b: Rillaboom|Protect|p2b: Rillaboom\n|-singleturn|p2b: Rillaboom|Protect\n|move|p1a: Rillaboom|Fake Out|p2a: Chien-Pao\n|-activate|p2a: Chien-Pao|move: Protect\n|move|p1b: Chien-Pao|Icicle Crash|p2b: Rillaboom\n|-activate|p2b: Rillaboom|move: Protect\n|\n|-heal|p1a: Rillaboom|84\/100|[from] Grassy Terrain\n|-heal|p2b: Rillaboom|61\/100|[from] Grassy Terrain\n|upkeep\n|turn|6\n|l| randomuser0000\n|inactive|johnnychiou36 has 30 seconds left.\n|\n|t:|1699795499\n|move|p2b: Rillaboom|Protect|p2b: Rillaboom\n|-singleturn|p2b: Rillaboom|Protect\n|move|p1b: Chien-Pao|Sucker Punch||[still]\n|-fail|p1b: Chien-Pao\n|move|p2a: Chien-Pao|Icicle Crash|p1a: Rillaboom|[miss]\n|-miss|p2a: Chien-Pao|p1a: Rillaboom\n|move|p1a: Rillaboom|U-turn|p2b: Rillaboom\n|-activate|p2b: Rillaboom|move: Protect\n|\n|-heal|p1a: Rillaboom|90\/100|[from] Grassy Terrain\n|-heal|p2b: Rillaboom|67\/100|[from] Grassy Terrain\n|upkeep\n|turn|7\n|\n|t:|1699795523\n|-terastallize|p2a: Chien-Pao|Poison\n|move|p2b: Rillaboom|Fake Out||[still]\n|-hint|Fake Out only works on your first turn out.\n|-fail|p2b: Rillaboom\n|move|p1b: Chien-Pao|Sucker Punch||[still]\n|-fail|p1b: Chien-Pao\n|move|p2a: Chien-Pao|Icicle Crash|p1a: Rillaboom\n|-supereffective|p1a: Rillaboom\n|-damage|p1a: Rillaboom|0 fnt\n|faint|p1a: Rillaboom\n|-damage|p2a: Chien-Pao|91\/100|[from] item: Life Orb\n|\n|-heal|p2a: Chien-Pao|97\/100|[from] Grassy Terrain\n|-heal|p2b: Rillaboom|73\/100|[from] Grassy Terrain\n|-fieldend|move: Grassy Terrain\n|upkeep\n|\n|t:|1699795534\n|switch|p1a: Arcanine|Arcanine-Hisui, L50, M, tera:Normal|16\/100\n|-ability|p1a: Arcanine|Intimidate|boost\n|-unboost|p2a: Chien-Pao|atk|1\n|-unboost|p2b: Rillaboom|atk|1\n|turn|8\n|\n|t:|1699795556\n|move|p2b: Rillaboom|Protect|p2b: Rillaboom\n|-singleturn|p2b: Rillaboom|Protect\n|move|p1a: Arcanine|Extreme Speed|p2b: Rillaboom\n|-activate|p2b: Rillaboom|move: Protect\n|move|p2a: Chien-Pao|Lash Out|p1a: Arcanine\n|-damage|p1a: Arcanine|0 fnt\n|faint|p1a: Arcanine\n|-damage|p2a: Chien-Pao|87\/100|[from] item: Life Orb\n|move|p1b: Chien-Pao|Icicle Crash|p2b: Rillaboom\n|-activate|p2b: Rillaboom|move: Protect\n|\n|upkeep\n|\n|t:|1699795559\n|switch|p1a: Flutter Mane|Flutter Mane, L50|43\/100\n|turn|9\n|j| powerjehun\n|\n|t:|1699795576\n|move|p2a: Chien-Pao|Sucker Punch|p1a: Flutter Mane\n|-damage|p1a: Flutter Mane|0 fnt\n|faint|p1a: Flutter Mane\n|-end|p1a: Flutter Mane|Protosynthesis|[silent]\n|-damage|p2a: Chien-Pao|77\/100|[from] item: Life Orb\n|move|p1b: Chien-Pao|Icicle Crash|p2b: Rillaboom\n|-supereffective|p2b: Rillaboom\n|-damage|p2b: Rillaboom|0 fnt\n|faint|p2b: Rillaboom\n|-damage|p1b: Chien-Pao|91\/100|[from] item: Life Orb\n|\n|upkeep\n|turn|10\n|inactive|johnnychiou36 has 30 seconds left.\n|inactive|johnnychiou36 has 20 seconds left.\n|inactive|johnnychiou36 has 15 seconds left.\n|\n|t:|1699795618\n|move|p1b: Chien-Pao|Protect|p1b: Chien-Pao\n|-singleturn|p1b: Chien-Pao|Protect\n|move|p2a: Chien-Pao|Sucker Punch||[still]\n|-fail|p2a: Chien-Pao\n|\n|upkeep\n|turn|11\n|j| Like_a_Poyo\n|inactive|johnnychiou36 has 30 seconds left.\n|\n|t:|1699795644\n|move|p2a: Chien-Pao|Icicle Crash|p1b: Chien-Pao|[miss]\n|-miss|p2a: Chien-Pao|p1b: Chien-Pao\n|move|p1b: Chien-Pao|Icicle Crash|p2a: Chien-Pao\n|-damage|p2a: Chien-Pao|1\/100\n|-damage|p1b: Chien-Pao|82\/100|[from] item: Life Orb\n|\n|upkeep\n|turn|12\n|-message|johnnychiou36 forfeited.\n|\n|win|PsychoR&R\n|raw|PsychoR&amp;R's rating: 1634 &rarr; <strong>1655<\/strong><br \/>(+21 for winning)\n|raw|johnnychiou36's rating: 1658 &rarr; <strong>1637<\/strong><br \/>(-21 for losing)\n|l|\u2606johnnychiou36\n","uploadtime":1699795665,"views":39,"p1id":"psychorr","p2id":"johnnychiou36","formatid":"gen9vgc2023regulatione","rating":1637,"private":0,"password":""}