{"id":"gen9vgc2023regulatione-1991019706","p1":"TrASh_MasTER_blaze","p2":"GubbemonVGC","format":"[Gen 9] VGC 2023 Regulation E","log":"|j|\u2606TrASh_MasTER_blaze\n|j|\u2606GubbemonVGC\n|t:|1700029101\n|gametype|doubles\n|player|p1|TrASh_MasTER_blaze|2|1210\n|player|p2|GubbemonVGC|pokemaniac|1150\n|teamsize|p1|6\n|teamsize|p2|6\n|gen|9\n|tier|[Gen 9] VGC 2023 Regulation E\n|rated|\n|rule|Species Clause: Limit one of each Pok\u00e9mon\n|rule|Item Clause: Limit one of each item\n|clearpoke\n|poke|p1|Ninetales-Alola, L50, M|\n|poke|p1|Empoleon, L50, F|\n|poke|p1|Roaring Moon, L50|\n|poke|p1|Sinistcha, L50|\n|poke|p1|Urshifu-*, L50, M|\n|poke|p1|Arcanine-Hisui, L50, F|\n|poke|p2|Dusclops, L50, M|\n|poke|p2|Snorlax, L50, F|\n|poke|p2|Heatran, L50, F|\n|poke|p2|Ogerpon-Wellspring, L50, F|\n|poke|p2|Ninetales-Alola, L50, F|\n|poke|p2|Iron Hands, L50|\n|teampreview|4\n|inactive|Battle timer is ON: inactive players will automatically lose when time's up. (requested by TrASh_MasTER_blaze)\n|\n|t:|1700029132\n|start\n|switch|p1a: Arcanine|Arcanine-Hisui, L50, F|100\/100\n|switch|p1b: Urshifu|Urshifu, L50, M|100\/100\n|switch|p2a: Dusclops|Dusclops, L50, M, shiny|100\/100\n|switch|p2b: Ninetales|Ninetales-Alola, L50, F, shiny|100\/100\n|-weather|Snow|[from] ability: Snow Warning|[of] p2b: Ninetales\n|-ability|p1a: Arcanine|Intimidate|boost\n|-unboost|p2a: Dusclops|atk|1\n|-unboost|p2b: Ninetales|atk|1\n|-item|p1a: Arcanine|Sitrus Berry|[from] ability: Frisk|[of] p2a: Dusclops|[identify]\n|-item|p1b: Urshifu|Focus Sash|[from] ability: Frisk|[of] p2a: Dusclops|[identify]\n|turn|1\n|\n|t:|1700029165\n|switch|p1b: Empoleon|Empoleon, L50, F|100\/100\n|move|p2b: Ninetales|Aurora Veil|p2b: Ninetales\n|-sidestart|p2: GubbemonVGC|move: Aurora Veil\n|move|p1a: Arcanine|Rock Slide|p2a: Dusclops|[spread] p2a,p2b\n|-supereffective|p2b: Ninetales\n|-damage|p2a: Dusclops|89\/100\n|-damage|p2b: Ninetales|68\/100\n|cant|p2a: Dusclops|flinch\n|\n|-weather|Snow|[upkeep]\n|upkeep\n|turn|2\n|\n|t:|1700029182\n|move|p2b: Ninetales|Protect|p2b: Ninetales\n|-singleturn|p2b: Ninetales|Protect\n|move|p1a: Arcanine|Rock Slide|p2a: Dusclops|[spread] p2a\n|-activate|p2b: Ninetales|move: Protect\n|-damage|p2a: Dusclops|77\/100\n|move|p1b: Empoleon|Flash Cannon|p2b: Ninetales\n|-activate|p2b: Ninetales|move: Protect\n|move|p2a: Dusclops|Trick Room|p2a: Dusclops\n|-fieldstart|move: Trick Room|[of] p2a: Dusclops\n|\n|-weather|Snow|[upkeep]\n|upkeep\n|turn|3\n|inactive|TrASh_MasTER_blaze has 30 seconds left.\n|inactive|TrASh_MasTER_blaze has 20 seconds left.\n|inactive|TrASh_MasTER_blaze has 15 seconds left.\n|inactive|TrASh_MasTER_blaze has 10 seconds left.\n|inactive|TrASh_MasTER_blaze has 5 seconds left.\n|\n|t:|1700029237\n|switch|p2b: Snorlax|Snorlax, L50, F, shiny|100\/100\n|move|p2a: Dusclops|Pain Split|p1a: Arcanine\n|-sethp|p1a: Arcanine|72\/100|[from] move: Pain Split|[silent]\n|-sethp|p2a: Dusclops|100\/100|[from] move: Pain Split\n|move|p1b: Empoleon|Ice Beam|p2a: Dusclops\n|-damage|p2a: Dusclops|87\/100\n|move|p1a: Arcanine|Flare Blitz|p2a: Dusclops\n|-damage|p2a: Dusclops|61\/100\n|-damage|p1a: Arcanine|67\/100|[from] Recoil\n|\n|-weather|Snow|[upkeep]\n|upkeep\n|turn|4\n|inactive|TrASh_MasTER_blaze has 30 seconds left.\n|inactive|GubbemonVGC has 30 seconds left.\n|inactive|TrASh_MasTER_blaze has 20 seconds left.\n|inactive|TrASh_MasTER_blaze has 15 seconds left.\n|inactive|TrASh_MasTER_blaze has 10 seconds left.\n|inactive|TrASh_MasTER_blaze has 5 seconds left.\n|\n|t:|1700029292\n|-terastallize|p2b: Snorlax|Ground\n|move|p2b: Snorlax|High Horsepower|p1a: Arcanine\n|-supereffective|p1a: Arcanine\n|-damage|p1a: Arcanine|0 fnt\n|faint|p1a: Arcanine\n|move|p2a: Dusclops|Pain Split|p1b: Empoleon\n|-sethp|p1b: Empoleon|69\/100|[from] move: Pain Split|[silent]\n|-sethp|p2a: Dusclops|100\/100|[from] move: Pain Split\n|move|p1b: Empoleon|Ice Beam|p2b: Snorlax\n|-supereffective|p2b: Snorlax\n|-damage|p2b: Snorlax|88\/100\n|\n|-weather|Snow|[upkeep]\n|-heal|p2b: Snorlax|94\/100|[from] item: Leftovers\n|upkeep\n|\n|t:|1700029316\n|switch|p1a: Ninetales|Ninetales-Alola, L50, M|100\/100\n|turn|5\n|\n|t:|1700029327\n|move|p2b: Snorlax|High Horsepower|p1b: Empoleon\n|-supereffective|p1b: Empoleon\n|-damage|p1b: Empoleon|0 fnt\n|faint|p1b: Empoleon\n|move|p2a: Dusclops|Poltergeist|p1a: Ninetales\n|-activate|p1a: Ninetales|move: Poltergeist|Light Clay\n|-damage|p1a: Ninetales|82\/100\n|move|p1a: Ninetales|Blizzard|p2b: Snorlax|[spread] p2a,p2b\n|-supereffective|p2b: Snorlax\n|-crit|p2b: Snorlax\n|-damage|p2a: Dusclops|90\/100\n|-damage|p2b: Snorlax|70\/100\n|-status|p2a: Dusclops|frz\n|\n|-weather|none\n|-heal|p2b: Snorlax|76\/100|[from] item: Leftovers\n|upkeep\n|\n|t:|1700029331\n|switch|p1b: Urshifu|Urshifu, L50, M|100\/100\n|turn|6\n|\n|t:|1700029356\n|move|p1b: Urshifu|Protect|p1b: Urshifu\n|-singleturn|p1b: Urshifu|Protect\n|move|p2b: Snorlax|Curse|p2b: Snorlax\n|-unboost|p2b: Snorlax|spe|1\n|-boost|p2b: Snorlax|atk|1\n|-boost|p2b: Snorlax|def|1\n|cant|p2a: Dusclops|frz\n|move|p1a: Ninetales|Blizzard|p2a: Dusclops|[spread] p2a,p2b\n|-supereffective|p2b: Snorlax\n|-damage|p2a: Dusclops|80\/100 frz\n|-damage|p2b: Snorlax|66\/100\n|\n|-heal|p2b: Snorlax|72\/100|[from] item: Leftovers\n|-fieldend|move: Trick Room\n|upkeep\n|turn|7\n|inactive|TrASh_MasTER_blaze has 30 seconds left.\n|\n|t:|1700029390\n|move|p1a: Ninetales|Blizzard|p2b: Snorlax|[spread] p2b\n|-miss|p1a: Ninetales|p2a: Dusclops\n|-supereffective|p2b: Snorlax\n|-damage|p2b: Snorlax|63\/100\n|-status|p2b: Snorlax|frz\n|move|p1b: Urshifu|Wicked Blow|p2b: Snorlax\n|-crit|p2b: Snorlax\n|-damage|p2b: Snorlax|21\/100 frz\n|-curestatus|p2b: Snorlax|frz|[msg]\n|move|p2b: Snorlax|Facade|p1b: Urshifu\n|-damage|p1b: Urshifu|54\/100\n|cant|p2a: Dusclops|frz\n|\n|-heal|p2b: Snorlax|27\/100|[from] item: Leftovers\n|upkeep\n|turn|8\n|inactive|GubbemonVGC has 30 seconds left.\n|\n|t:|1700029415\n|switch|p2b: Ninetales|Ninetales-Alola, L50, F, shiny|68\/100\n|-weather|Snow|[from] ability: Snow Warning|[of] p2b: Ninetales\n|move|p1a: Ninetales|Moonblast|p2b: Ninetales\n|-crit|p2b: Ninetales\n|-damage|p2b: Ninetales|22\/100\n|-unboost|p2b: Ninetales|spa|1\n|move|p1b: Urshifu|Wicked Blow|p2b: Ninetales\n|-resisted|p2b: Ninetales\n|-crit|p2b: Ninetales\n|-damage|p2b: Ninetales|0 fnt\n|faint|p2b: Ninetales\n|cant|p2a: Dusclops|frz\n|\n|-weather|Snow|[upkeep]\n|-sideend|p2: GubbemonVGC|move: Aurora Veil\n|upkeep\n|\n|t:|1700029431\n|switch|p2b: Ogerpon|Ogerpon-Wellspring, L50, F|100\/100\n|turn|9\n|inactive|TrASh_MasTER_blaze has 30 seconds left.\n|\n|t:|1700029458\n|move|p1a: Ninetales|Blizzard|p2b: Ogerpon|[spread] p2a,p2b\n|-damage|p2a: Dusclops|64\/100 frz\n|-damage|p2b: Ogerpon|78\/100\n|-status|p2b: Ogerpon|frz\n|move|p1b: Urshifu|Wicked Blow|p2b: Ogerpon\n|-crit|p2b: Ogerpon\n|-damage|p2b: Ogerpon|17\/100 frz\n|cant|p2b: Ogerpon|frz\n|cant|p2a: Dusclops|frz\n|\n|-weather|Snow|[upkeep]\n|upkeep\n|turn|10\n|c|\u2606GubbemonVGC|rng\n|\n|t:|1700029476\n|move|p1a: Ninetales|Blizzard|p2a: Dusclops|[spread] p2a,p2b\n|-damage|p2a: Dusclops|48\/100 frz\n|-damage|p2b: Ogerpon|0 fnt\n|faint|p2b: Ogerpon\n|move|p1b: Urshifu|Wicked Blow|p2a: Dusclops\n|-supereffective|p2a: Dusclops\n|-crit|p2a: Dusclops\n|-damage|p2a: Dusclops|0 fnt\n|faint|p2a: Dusclops\n|\n|-weather|Snow|[upkeep]\n|upkeep\n|c|\u2606GubbemonVGC|rng go brrr. . . fr fr\n|\n|t:|1700029493\n|switch|p2a: Snorlax|Snorlax, L50, F, shiny, tera:Ground|27\/100\n|turn|11\n|inactive|TrASh_MasTER_blaze has 30 seconds left.\n|inactive|TrASh_MasTER_blaze has 20 seconds left.\n|inactive|TrASh_MasTER_blaze has 15 seconds left.\n|inactive|TrASh_MasTER_blaze has 10 seconds left.\n|inactive|TrASh_MasTER_blaze has 5 seconds left.\n|\n|t:|1700029548\n|move|p1a: Ninetales|Aurora Veil|p1a: Ninetales\n|-sidestart|p1: TrASh_MasTER_blaze|move: Aurora Veil\n|move|p1b: Urshifu|Close Combat|p2a: Snorlax\n|-damage|p2a: Snorlax|0 fnt\n|-unboost|p1b: Urshifu|def|1\n|-unboost|p1b: Urshifu|spd|1\n|faint|p2a: Snorlax\n|\n|win|TrASh_MasTER_blaze\n|raw|TrASh_MasTER_blaze's rating: 1210 &rarr; <strong>1231<\/strong><br \/>(+21 for winning)\n|raw|GubbemonVGC's rating: 1150 &rarr; <strong>1129<\/strong><br \/>(-21 for losing)\n|c|\u2606GubbemonVGC|gg\n","uploadtime":1700029562,"views":14,"p1id":"trashmasterblaze","p2id":"gubbemonvgc","formatid":"gen9vgc2023regulatione","rating":1129,"private":0,"password":""}