{"id":"gen9vgc2023regulatione-1999837872","p1":"UltraEra","p2":"Juan El Macho","format":"[Gen 9] VGC 2023 Regulation E","log":"|j|\u2606UltraEra\n|j|\u2606Juan El Macho\n|t:|1701121433\n|gametype|doubles\n|player|p1|UltraEra|n|1280\n|player|p2|Juan El Macho|2|1335\n|teamsize|p1|6\n|teamsize|p2|6\n|gen|9\n|tier|[Gen 9] VGC 2023 Regulation E\n|rated|\n|rule|Species Clause: Limit one of each Pok\u00e9mon\n|rule|Item Clause: Limit one of each item\n|clearpoke\n|poke|p1|Urshifu-*, L50, M|\n|poke|p1|Ursaluna, L50, M|\n|poke|p1|Flutter Mane, L50|\n|poke|p1|Ogerpon-Wellspring, L50, F|\n|poke|p1|Cresselia, L50, F|\n|poke|p1|Arcanine-Hisui, L50, M|\n|poke|p2|Tornadus, L50, M|\n|poke|p2|Landorus-Therian, L50, M|\n|poke|p2|Urshifu-*, L50, M|\n|poke|p2|Gholdengo, L50|\n|poke|p2|Amoonguss, L50, M|\n|poke|p2|Iron Hands, L50|\n|teampreview|4\n|inactive|Battle timer is ON: inactive players will automatically lose when time's up. (requested by Juan El Macho)\nUltraEra rejected open team sheets.\n|inactive|Juan El Macho has 60 seconds left.\n|\n|t:|1701121521\n|start\n|switch|p1a: Ursaluna|Ursaluna, L50, M, shiny|100\/100\n|switch|p1b: Cresselia|Cresselia, L50, F, shiny|100\/100\n|switch|p2a: Tornadus|Tornadus, L50, M, shiny|100\/100\n|switch|p2b: Landorus|Landorus-Therian, L50, M, shiny|100\/100\n|-ability|p2b: Landorus|Intimidate|boost\n|-unboost|p1a: Ursaluna|atk|1\n|-unboost|p1b: Cresselia|atk|1\n|turn|1\n|inactive|UltraEra has 30 seconds left.\n|inactive|Juan El Macho has 30 seconds left.\n|\n|t:|1701121551\n|move|p2b: Landorus|U-turn|p1b: Cresselia\n|-supereffective|p1b: Cresselia\n|-damage|p1b: Cresselia|69\/100\n|-damage|p2b: Landorus|84\/100|[from] item: Rocky Helmet|[of] p1b: Cresselia\n|\n|t:|1701121562\n|switch|p2b: Gholdengo|Gholdengo, L50|100\/100|[from] U-turn\n|move|p2a: Tornadus|Bleakwind Storm|p1a: Ursaluna|[spread] p1a,p1b\n|-damage|p1a: Ursaluna|68\/100\n|-damage|p1b: Cresselia|49\/100\n|move|p1a: Ursaluna|Swords Dance|p1a: Ursaluna\n|-boost|p1a: Ursaluna|atk|2\n|move|p1b: Cresselia|Trick Room|p1b: Cresselia\n|-fieldstart|move: Trick Room|[of] p1b: Cresselia\n|\n|-status|p1a: Ursaluna|brn|[from] item: Flame Orb\n|upkeep\n|turn|2\n|\n|t:|1701121586\n|switch|p2a: Landorus|Landorus-Therian, L50, M, shiny|84\/100\n|-ability|p2a: Landorus|Intimidate|boost\n|-unboost|p1a: Ursaluna|atk|1\n|-unboost|p1b: Cresselia|atk|1\n|-terastallize|p2b: Gholdengo|Dragon\n|move|p1b: Cresselia|Ally Switch|p1b: Cresselia\n|swap|p1b: Cresselia|0|[from] move: Ally Switch\n|move|p1b: Ursaluna|Facade|p2a: Landorus\n|-damage|p2a: Landorus|0 fnt\n|faint|p2a: Landorus\n|move|p2b: Gholdengo|Make It Rain|p1a: Cresselia|[spread] p1a,p1b\n|-crit|p1b: Ursaluna\n|-damage|p1a: Cresselia|19\/100\n|-damage|p1b: Ursaluna|0 fnt\n|-unboost|p2b: Gholdengo|spa|1\n|faint|p1b: Ursaluna\n|\n|upkeep\n|inactive|UltraEra has 30 seconds left.\n|\n|t:|1701121611\n|switch|p1b: Flutter Mane|Flutter Mane, L50, shiny|100\/100\n|switch|p2a: Amoonguss|Amoonguss, L50, M, shiny|100\/100\n|turn|3\n|inactive|UltraEra has 30 seconds left.\n|\n|t:|1701121642\n|move|p2a: Amoonguss|Spore|p1b: Flutter Mane\n|-status|p1b: Flutter Mane|slp|[from] move: Spore\n|move|p1a: Cresselia|Dazzling Gleam|p2a: Amoonguss|[spread] p2a,p2b\n|-resisted|p2a: Amoonguss\n|-supereffective|p2b: Gholdengo\n|-damage|p2a: Amoonguss|95\/100\n|-damage|p2b: Gholdengo|76\/100\n|move|p2b: Gholdengo|Make It Rain|p1a: Cresselia|[spread] p1a,p1b\n|-supereffective|p1b: Flutter Mane\n|-damage|p1a: Cresselia|0 fnt\n|-damage|p1b: Flutter Mane|36\/100 slp\n|-unboost|p2b: Gholdengo|spa|1\n|faint|p1a: Cresselia\n|cant|p1b: Flutter Mane|slp\n|\n|upkeep\n|\n|t:|1701121644\n|switch|p1a: Arcanine|Arcanine-Hisui, L50, M, shiny|100\/100\n|-ability|p1a: Arcanine|Intimidate|boost\n|-unboost|p2a: Amoonguss|atk|1\n|-unboost|p2b: Gholdengo|atk|1\n|turn|4\n|inactive|Juan El Macho has 30 seconds left.\n|inactive|Juan El Macho has 20 seconds left.\n|\n|t:|1701121679\n|-terastallize|p1b: Flutter Mane|Water\n|move|p2a: Amoonguss|Spore|p1a: Arcanine\n|-status|p1a: Arcanine|slp|[from] move: Spore\n|cant|p1a: Arcanine|slp\n|move|p2b: Gholdengo|Make It Rain|p1b: Flutter Mane|[spread] p1a,p1b\n|-resisted|p1b: Flutter Mane\n|-damage|p1a: Arcanine|73\/100 slp\n|-damage|p1b: Flutter Mane|23\/100 slp\n|-unboost|p2b: Gholdengo|spa|1\n|cant|p1b: Flutter Mane|slp\n|\n|upkeep\n|turn|5\n|inactive|Juan El Macho has 30 seconds left.\n|\n|t:|1701121707\n|switch|p2b: Tornadus|Tornadus, L50, M, shiny|100\/100\n|move|p2a: Amoonguss|Pollen Puff|p1b: Flutter Mane\n|-damage|p1b: Flutter Mane|4\/100 slp\n|-curestatus|p1a: Arcanine|slp|[msg]\n|move|p1a: Arcanine|Flare Blitz|p2b: Tornadus\n|-damage|p2b: Tornadus|27\/100\n|-damage|p1a: Arcanine|50\/100|[from] Recoil\n|-damage|p1a: Arcanine|40\/100|[from] item: Life Orb\n|cant|p1b: Flutter Mane|slp\n|\n|-fieldend|move: Trick Room\n|upkeep\n|turn|6\n|inactive|Juan El Macho has 30 seconds left.\n|inactive|Juan El Macho has 20 seconds left.\n|inactive|Juan El Macho has 15 seconds left.\n|inactive|Juan El Macho has 10 seconds left.\n|inactive|Juan El Macho has 5 seconds left.\n|\n|t:|1701121760\n|move|p2a: Amoonguss|Rage Powder|p2a: Amoonguss\n|-singleturn|p2a: Amoonguss|move: Rage Powder\n|move|p2b: Tornadus|Tailwind|p2b: Tornadus\n|-sidestart|p2: Juan El Macho|move: Tailwind\n|-curestatus|p1b: Flutter Mane|slp|[msg]\n|move|p1b: Flutter Mane|Mystical Fire|p2a: Amoonguss\n|-supereffective|p2a: Amoonguss\n|-damage|p2a: Amoonguss|19\/100\n|-unboost|p2a: Amoonguss|spa|1\n|move|p1a: Arcanine|Rock Slide|p2a: Amoonguss|[spread] p2a,p2b\n|-supereffective|p2b: Tornadus\n|-damage|p2a: Amoonguss|0 fnt\n|-damage|p2b: Tornadus|0 fnt\n|faint|p2a: Amoonguss\n|faint|p2b: Tornadus\n|-damage|p1a: Arcanine|30\/100|[from] item: Life Orb\n|\n|upkeep\n|\n|t:|1701121779\n|switch|p2a: Gholdengo|Gholdengo, L50, tera:Dragon|76\/100\n|turn|7\n|\n|t:|1701121787\n|move|p1a: Arcanine|Extreme Speed|p2a: Gholdengo\n|-damage|p2a: Gholdengo|44\/100\n|-damage|p1a: Arcanine|20\/100|[from] item: Life Orb\n|move|p2a: Gholdengo|Make It Rain|p1a: Arcanine|[spread] p1a,p1b\n|-resisted|p1b: Flutter Mane\n|-damage|p1a: Arcanine|0 fnt\n|-damage|p1b: Flutter Mane|0 fnt\n|-unboost|p2a: Gholdengo|spa|1\n|faint|p1a: Arcanine\n|faint|p1b: Flutter Mane\n|-end|p1b: Flutter Mane|Protosynthesis|[silent]\n|\n|win|Juan El Macho\n|raw|UltraEra's rating: 1280 &rarr; <strong>1259<\/strong><br \/>(-21 for losing)\n|raw|Juan El Macho's rating: 1335 &rarr; <strong>1352<\/strong><br \/>(+17 for winning)\n|l|\u2606UltraEra\n","uploadtime":1701121803,"views":7,"p1id":"ultraera","p2id":"juanelmacho","formatid":"gen9vgc2023regulatione","rating":1259,"private":0,"password":""}