{"id":"gen9vgc2023regulatione-1995557336","p1":"Whiskeylemonade","p2":"secretstudent","format":"[Gen 9] VGC 2023 Regulation E","log":"|j|\u2606Whiskeylemonade\n|j|\u2606secretstudent\n|t:|1700582666\n|gametype|doubles\n|player|p1|Whiskeylemonade|lucas|1150\n|player|p2|secretstudent|beauty|1084\n|teamsize|p1|6\n|teamsize|p2|6\n|gen|9\n|tier|[Gen 9] VGC 2023 Regulation E\n|rated|\n|rule|Species Clause: Limit one of each Pok\u00e9mon\n|rule|Item Clause: Limit one of each item\n|clearpoke\n|poke|p1|Meowscarada, L50, F|\n|poke|p1|Espathra, L50, M|\n|poke|p1|Iron Hands, L50|\n|poke|p1|Milotic, L50, F|\n|poke|p1|Fezandipiti, L50, M|\n|poke|p1|Wyrdeer, L50, M|\n|poke|p2|Chien-Pao, L50|\n|poke|p2|Amoonguss, L50, M|\n|poke|p2|Hatterene, L50, F|\n|poke|p2|Gyarados, L50, F|\n|poke|p2|Volcarona, L50, M|\n|poke|p2|Ogerpon, L50, F|\n|teampreview|4\n|inactive|Battle timer is ON: inactive players will automatically lose when time's up. (requested by Whiskeylemonade)\n|inactive|secretstudent has 60 seconds left.\n|\n|t:|1700582718\n|start\n|switch|p1a: Milotic|Milotic, L50, F|100\/100\n|switch|p1b: Wyrdeer|Wyrdeer, L50, M|100\/100\n|switch|p2a: Hatterene|Hatterene, L50, F|100\/100\n|switch|p2b: Chien-Pao|Chien-Pao, L50|100\/100\n|-ability|p2b: Chien-Pao|Sword of Ruin\n|-ability|p1b: Wyrdeer|Intimidate|boost\n|-unboost|p2a: Hatterene|atk|1\n|-unboost|p2b: Chien-Pao|atk|1\n|turn|1\n|inactive|Whiskeylemonade has 30 seconds left.\n|inactive|Whiskeylemonade has 20 seconds left.\n|\n|t:|1700582754\n|move|p1a: Milotic|Protect|p1a: Milotic\n|-singleturn|p1a: Milotic|Protect\n|move|p2b: Chien-Pao|Sacred Sword|p1a: Milotic\n|-activate|p1a: Milotic|move: Protect\n|move|p1b: Wyrdeer|Skill Swap|p2b: Chien-Pao\n|-activate|p1b: Wyrdeer|move: Skill Swap|Sword of Ruin|Intimidate|[of] p2b: Chien-Pao\n|-ability|p1b: Wyrdeer|Sword of Ruin\n|-ability|p2b: Chien-Pao|Intimidate|boost\n|-unboost|p1a: Milotic|atk|1\n|-ability|p1a: Milotic|Competitive|boost\n|-boost|p1a: Milotic|spa|2\n|-fail|p1b: Wyrdeer|unboost|[from] item: Clear Amulet|[of] p1b: Wyrdeer\n|move|p2a: Hatterene|Trick Room|p2a: Hatterene\n|-fieldstart|move: Trick Room|[of] p2a: Hatterene\n|\n|upkeep\n|turn|2\n|inactive|Whiskeylemonade has 30 seconds left.\n|inactive|secretstudent has 30 seconds left.\n|inactive|secretstudent has 20 seconds left.\n|inactive|secretstudent has 15 seconds left.\n|\n|t:|1700582798\n|-terastallize|p2a: Hatterene|Fairy\n|move|p2a: Hatterene|Dazzling Gleam|p1b: Wyrdeer|[spread] p1a,p1b\n|-damage|p1a: Milotic|56\/100\n|-damage|p1b: Wyrdeer|47\/100\n|move|p1b: Wyrdeer|Psyshield Bash|p2a: Hatterene\n|-damage|p2a: Hatterene|55\/100\n|-boost|p1b: Wyrdeer|def|1\n|move|p1a: Milotic|Scald|p2a: Hatterene\n|-damage|p2a: Hatterene|0 fnt\n|faint|p2a: Hatterene\n|move|p2b: Chien-Pao|Sacred Sword|p1a: Milotic\n|-damage|p1a: Milotic|23\/100\n|\n|-heal|p1a: Milotic|29\/100|[from] item: Leftovers\n|upkeep\n|\n|t:|1700582810\n|switch|p2a: Amoonguss|Amoonguss, L50, M|100\/100\n|turn|3\n|\n|t:|1700582821\n|move|p2a: Amoonguss|Spore|p1a: Milotic\n|-status|p1a: Milotic|slp|[from] move: Spore\n|move|p1b: Wyrdeer|Psyshield Bash|p2a: Amoonguss\n|-supereffective|p2a: Amoonguss\n|-damage|p2a: Amoonguss|40\/100\n|-boost|p1b: Wyrdeer|def|1\n|cant|p1a: Milotic|slp\n|move|p2b: Chien-Pao|Sacred Sword|p1b: Wyrdeer\n|-damage|p1b: Wyrdeer|19\/100\n|\n|-heal|p1a: Milotic|35\/100 slp|[from] item: Leftovers\n|upkeep\n|turn|4\n|inactive|secretstudent has 30 seconds left.\n|\n|t:|1700582850\n|cant|p1a: Milotic|slp\n|move|p2a: Amoonguss|Spore|p1b: Wyrdeer\n|-status|p1b: Wyrdeer|slp|[from] move: Spore\n|cant|p1b: Wyrdeer|slp\n|move|p2b: Chien-Pao|Sacred Sword|p1a: Milotic\n|-damage|p1a: Milotic|2\/100 slp\n|\n|-heal|p1a: Milotic|8\/100 slp|[from] item: Leftovers\n|upkeep\n|turn|5\n|\n|t:|1700582868\n|cant|p1a: Milotic|slp\n|move|p2a: Amoonguss|Pollen Puff|p1a: Milotic\n|-damage|p1a: Milotic|0 fnt\n|faint|p1a: Milotic\n|cant|p1b: Wyrdeer|slp\n|move|p2b: Chien-Pao|Sacred Sword|p1b: Wyrdeer\n|-damage|p1b: Wyrdeer|0 fnt\n|faint|p1b: Wyrdeer\n|\n|-fieldend|move: Trick Room\n|upkeep\n|\n|t:|1700582880\n|switch|p1a: Fezandipiti|Fezandipiti, L50, M|100\/100\n|switch|p1b: Iron Hands|Iron Hands, L50|100\/100\n|turn|6\n|\n|t:|1700582892\n|switch|p2b: Gyarados|Gyarados, L50, F|100\/100\n|-ability|p2b: Gyarados|Intimidate|boost\n|-unboost|p1a: Fezandipiti|atk|1\n|-unboost|p1b: Iron Hands|atk|1\n|move|p1b: Iron Hands|Fake Out|p2a: Amoonguss\n|-damage|p2a: Amoonguss|33\/100\n|move|p1a: Fezandipiti|Dazzling Gleam|p2b: Gyarados|[spread] p2a,p2b\n|-resisted|p2a: Amoonguss\n|-damage|p2a: Amoonguss|25\/100\n|-damage|p2b: Gyarados|79\/100\n|-enditem|p2a: Amoonguss|Iapapa Berry|[eat]\n|-heal|p2a: Amoonguss|58\/100|[from] item: Iapapa Berry\n|cant|p2a: Amoonguss|flinch\n|\n|upkeep\n|turn|7\n|\n|t:|1700582916\n|move|p2a: Amoonguss|Rage Powder|p2a: Amoonguss\n|-singleturn|p2a: Amoonguss|move: Rage Powder\n|move|p2b: Gyarados|Waterfall|p1b: Iron Hands\n|-damage|p1b: Iron Hands|74\/100\n|move|p1a: Fezandipiti|Sludge Bomb|p2a: Amoonguss\n|-damage|p2a: Amoonguss|31\/100\n|move|p1b: Iron Hands|Heavy Slam|p2a: Amoonguss\n|-damage|p2a: Amoonguss|9\/100\n|\n|upkeep\n|turn|8\n|\n|t:|1700582933\n|move|p2a: Amoonguss|Protect|p2a: Amoonguss\n|-singleturn|p2a: Amoonguss|Protect\n|move|p2b: Gyarados|Waterfall|p1b: Iron Hands\n|-damage|p1b: Iron Hands|44\/100\n|move|p1a: Fezandipiti|Icy Wind|p2a: Amoonguss|[spread] p2b\n|-activate|p2a: Amoonguss|move: Protect\n|-damage|p2b: Gyarados|70\/100\n|-unboost|p2b: Gyarados|spe|1\n|-status|p2b: Gyarados|tox|[from] ability: Toxic Chain|[of] p1a: Fezandipiti\n|move|p1b: Iron Hands|Wild Charge|p2b: Gyarados\n|-supereffective|p2b: Gyarados\n|-damage|p2b: Gyarados|0 fnt\n|faint|p2b: Gyarados\n|-damage|p1b: Iron Hands|31\/100|[from] Recoil\n|\n|upkeep\n|\n|t:|1700582941\n|switch|p2b: Chien-Pao|Chien-Pao, L50|100\/100\n|-ability|p2b: Chien-Pao|Sword of Ruin\n|turn|9\n|\n|t:|1700582959\n|move|p2b: Chien-Pao|Icicle Crash|p1a: Fezandipiti\n|-damage|p1a: Fezandipiti|36\/100\n|-enditem|p1a: Fezandipiti|Sitrus Berry|[eat]\n|-heal|p1a: Fezandipiti|60\/100|[from] item: Sitrus Berry\n|move|p1a: Fezandipiti|Dazzling Gleam|p2b: Chien-Pao|[spread] p2a,p2b\n|-resisted|p2a: Amoonguss\n|-supereffective|p2b: Chien-Pao\n|-damage|p2a: Amoonguss|0 fnt\n|-damage|p2b: Chien-Pao|31\/100\n|faint|p2a: Amoonguss\n|move|p1b: Iron Hands|Drain Punch|p2b: Chien-Pao\n|-supereffective|p2b: Chien-Pao\n|-damage|p2b: Chien-Pao|0 fnt\n|-heal|p1b: Iron Hands|41\/100|[from] drain|[of] p2b: Chien-Pao\n|faint|p2b: Chien-Pao\n|\n|win|Whiskeylemonade\n|raw|Whiskeylemonade's rating: 1150 &rarr; <strong>1170<\/strong><br \/>(+20 for winning)\n|raw|secretstudent's rating: 1084 &rarr; <strong>1066<\/strong><br \/>(-18 for losing)\n","uploadtime":1700582964,"views":0,"p1id":"whiskeylemonade","p2id":"secretstudent","formatid":"gen9vgc2023regulatione","rating":1066,"private":0,"password":""}