{"id":"gen9vgc2023regulatione-1988514330","p1":"TurtleDerp47","p2":"N05ta1gia","format":"[Gen 9] VGC 2023 Regulation E","log":"|j|\u2606TurtleDerp47\n|j|\u2606N05ta1gia\n|t:|1699731085\n|gametype|doubles\n|player|p1|TurtleDerp47|1|1038\n|player|p2|N05ta1gia|drayden|1087\n|teamsize|p1|6\n|teamsize|p2|6\n|gen|9\n|tier|[Gen 9] VGC 2023 Regulation E\n|rated|\n|rule|Species Clause: Limit one of each Pok\u00e9mon\n|rule|Item Clause: Limit one of each item\n|clearpoke\n|poke|p1|Ninetales-Alola, L50, F|\n|poke|p1|Rillaboom, L50, M|\n|poke|p1|Sneasler, L50, M|\n|poke|p1|Milotic, L50, F|\n|poke|p1|Baxcalibur, L50, M|\n|poke|p1|Umbreon, L50, M|\n|poke|p2|Dusclops, L50, M|\n|poke|p2|Gallade, L50, M|\n|poke|p2|Heatran, L50, M|\n|poke|p2|Rillaboom, L50, F|\n|poke|p2|Hatterene, L50, F|\n|poke|p2|Tyranitar, L50, F|\n|teampreview|4\n|inactive|Battle timer is ON: inactive players will automatically lose when time's up. (requested by N05ta1gia)\n|inactive|TurtleDerp47 has 60 seconds left.\n|inactive|N05ta1gia has 60 seconds left.\n|\n|t:|1699731116\n|start\n|switch|p1a: Sebastion|Umbreon, L50, M, shiny|100\/100\n|switch|p1b: Garp|Rillaboom, L50, M, shiny|100\/100\n|switch|p2a: Dusclops|Dusclops, L50, M|100\/100\n|switch|p2b: Rillaboom|Rillaboom, L50, F|100\/100\n|-fieldstart|move: Grassy Terrain|[from] ability: Grassy Surge|[of] p2b: Rillaboom\n|-ability|p2a: Dusclops|Pressure\n|turn|1\n|inactive|TurtleDerp47 has 30 seconds left.\n|inactive|N05ta1gia has 30 seconds left.\n|\n|t:|1699731147\n|move|p1a: Sebastion|Helping Hand|p1b: Garp\n|-singleturn|p1b: Garp|Helping Hand|[of] p1a: Sebastion\n|move|p2b: Rillaboom|Fake Out|p1a: Sebastion\n|-damage|p1a: Sebastion|92\/100\n|move|p1b: Garp|Knock Off|p2a: Dusclops\n|-supereffective|p2a: Dusclops\n|-damage|p2a: Dusclops|47\/100\n|-enditem|p2a: Dusclops|Eviolite|[from] move: Knock Off|[of] p1b: Garp\n|move|p2a: Dusclops|Will-O-Wisp|p1b: Garp\n|-status|p1b: Garp|brn\n|\n|-heal|p1a: Sebastion|98\/100|[from] Grassy Terrain\n|-heal|p2a: Dusclops|54\/100|[from] Grassy Terrain\n|-damage|p1b: Garp|95\/100 brn|[from] brn\n|upkeep\n|turn|2\n|\n|t:|1699731170\n|move|p1b: Garp|Grassy Glide|p2a: Dusclops\n|-damage|p2a: Dusclops|37\/100\n|move|p2b: Rillaboom|U-turn|p1a: Sebastion\n|-supereffective|p1a: Sebastion\n|-damage|p1a: Sebastion|69\/100\n|\n|t:|1699731176\n|switch|p2b: Gallade|Gallade, L50, M|100\/100|[from] U-turn\n|move|p1a: Sebastion|Foul Play|p2b: Gallade\n|-damage|p2b: Gallade|28\/100\n|move|p2a: Dusclops|Trick Room|p2a: Dusclops\n|-fieldstart|move: Trick Room|[of] p2a: Dusclops\n|\n|-heal|p2a: Dusclops|43\/100|[from] Grassy Terrain\n|-heal|p1a: Sebastion|75\/100|[from] Grassy Terrain\n|-heal|p2b: Gallade|34\/100|[from] Grassy Terrain\n|-heal|p1b: Garp|100\/100 brn|[from] Grassy Terrain\n|-damage|p1b: Garp|95\/100 brn|[from] brn\n|upkeep\n|turn|3\n|inactive|N05ta1gia has 30 seconds left.\n|\n|t:|1699731205\n|move|p2b: Gallade|Protect|p2b: Gallade\n|-singleturn|p2b: Gallade|Protect\n|move|p2a: Dusclops|Pain Split|p1a: Sebastion\n|-sethp|p1a: Sebastion|53\/100|[from] move: Pain Split|[silent]\n|-sethp|p2a: Dusclops|73\/100|[from] move: Pain Split\n|move|p1a: Sebastion|Foul Play|p2b: Gallade\n|-activate|p2b: Gallade|move: Protect\n|move|p1b: Garp|Knock Off|p2a: Dusclops\n|-supereffective|p2a: Dusclops\n|-damage|p2a: Dusclops|54\/100\n|\n|-heal|p2a: Dusclops|60\/100|[from] Grassy Terrain\n|-heal|p1a: Sebastion|59\/100|[from] Grassy Terrain\n|-heal|p2b: Gallade|39\/100|[from] Grassy Terrain\n|-heal|p1b: Garp|100\/100 brn|[from] Grassy Terrain\n|-damage|p1b: Garp|95\/100 brn|[from] brn\n|upkeep\n|turn|4\n|inactive|N05ta1gia has 30 seconds left.\n|inactive|N05ta1gia has 20 seconds left.\n|\n|t:|1699731243\n|switch|p1b: Kaido|Baxcalibur, L50, M, shiny|100\/100\n|move|p2a: Dusclops|Will-O-Wisp|p1a: Sebastion|[miss]\n|-miss|p2a: Dusclops|p1a: Sebastion\n|move|p1a: Sebastion|Foul Play|p2b: Gallade\n|-damage|p2b: Gallade|0 fnt\n|faint|p2b: Gallade\n|\n|-heal|p2a: Dusclops|66\/100|[from] Grassy Terrain\n|-heal|p1a: Sebastion|65\/100|[from] Grassy Terrain\n|upkeep\n|\n|t:|1699731257\n|switch|p2b: Heatran|Heatran, L50, M|100\/100\n|turn|5\n|\n|t:|1699731270\n|move|p2a: Dusclops|Will-O-Wisp|p1b: Kaido\n|-immune|p1b: Kaido|[from] ability: Thermal Exchange\n|move|p1a: Sebastion|Foul Play|p2b: Heatran\n|-damage|p2b: Heatran|80\/100\n|move|p2b: Heatran|Heat Wave|p1b: Kaido|[spread] p1a,p1b\n|-damage|p1a: Sebastion|38\/100\n|-damage|p1b: Kaido|59\/100\n|-ability|p1b: Kaido|Thermal Exchange|boost\n|-boost|p1b: Kaido|atk|1\n|move|p1b: Kaido|Dragon Dance|p1b: Kaido\n|-boost|p1b: Kaido|atk|1\n|-boost|p1b: Kaido|spe|1\n|\n|-heal|p2a: Dusclops|73\/100|[from] Grassy Terrain\n|-heal|p1a: Sebastion|44\/100|[from] Grassy Terrain\n|-heal|p2b: Heatran|86\/100|[from] Grassy Terrain\n|-heal|p2b: Heatran|92\/100|[from] item: Leftovers\n|-heal|p1b: Kaido|65\/100|[from] Grassy Terrain\n|-fieldend|move: Grassy Terrain\n|upkeep\n|turn|6\n|inactive|TurtleDerp47 has 30 seconds left.\n|inactive|N05ta1gia has 30 seconds left.\n|\n|t:|1699731300\n|move|p2a: Dusclops|Haze|p2a: Dusclops\n|-clearallboost\n|move|p1a: Sebastion|Moonlight|p1a: Sebastion\n|-heal|p1a: Sebastion|94\/100\n|move|p2b: Heatran|Flash Cannon|p1b: Kaido\n|-supereffective|p1b: Kaido\n|-damage|p1b: Kaido|0 fnt\n|faint|p1b: Kaido\n|\n|-heal|p2b: Heatran|98\/100|[from] item: Leftovers\n|-fieldend|move: Trick Room\n|upkeep\n|\n|t:|1699731313\n|switch|p1b: Garp|Rillaboom, L50, M, shiny|95\/100 brn\n|-fieldstart|move: Grassy Terrain|[from] ability: Grassy Surge|[of] p1b: Garp\n|turn|7\n|inactive|N05ta1gia has 30 seconds left.\n|\n|t:|1699731339\n|move|p2b: Heatran|Protect|p2b: Heatran\n|-singleturn|p2b: Heatran|Protect\n|move|p1b: Garp|Fake Out|p2b: Heatran\n|-activate|p2b: Heatran|move: Protect\n|move|p1a: Sebastion|Foul Play|p2b: Heatran\n|-activate|p2b: Heatran|move: Protect\n|move|p2a: Dusclops|Trick Room|p2a: Dusclops\n|-fieldstart|move: Trick Room|[of] p2a: Dusclops\n|\n|-heal|p2a: Dusclops|79\/100|[from] Grassy Terrain\n|-heal|p1a: Sebastion|99\/100|[from] Grassy Terrain\n|-heal|p2b: Heatran|100\/100|[from] Grassy Terrain\n|-heal|p1b: Garp|100\/100 brn|[from] Grassy Terrain\n|-damage|p1b: Garp|95\/100 brn|[from] brn\n|upkeep\n|turn|8\n|inactive|TurtleDerp47 has 30 seconds left.\n|\n|t:|1699731369\n|switch|p1a: Kaguya|Ninetales-Alola, L50, F, shiny|100\/100\n|-weather|Snow|[from] ability: Snow Warning|[of] p1a: Kaguya\n|move|p2a: Dusclops|Will-O-Wisp|p1a: Kaguya\n|-status|p1a: Kaguya|brn\n|move|p2b: Heatran|Heat Wave|p1a: Kaguya|[spread] p1a,p1b\n|-supereffective|p1a: Kaguya\n|-supereffective|p1b: Garp\n|-crit|p1b: Garp\n|-damage|p1a: Kaguya|3\/100 brn\n|-damage|p1b: Garp|5\/100 brn\n|move|p1b: Garp|Knock Off|p2b: Heatran\n|-damage|p2b: Heatran|84\/100\n|-enditem|p2b: Heatran|Leftovers|[from] move: Knock Off|[of] p1b: Garp\n|\n|-weather|Snow|[upkeep]\n|-heal|p2a: Dusclops|85\/100|[from] Grassy Terrain\n|-heal|p2b: Heatran|90\/100|[from] Grassy Terrain\n|-heal|p1b: Garp|11\/100 brn|[from] Grassy Terrain\n|-heal|p1a: Kaguya|9\/100 brn|[from] Grassy Terrain\n|-damage|p1b: Garp|5\/100 brn|[from] brn\n|-damage|p1a: Kaguya|3\/100 brn|[from] brn\n|upkeep\n|turn|9\n|inactive|TurtleDerp47 has 30 seconds left.\n|inactive|N05ta1gia has 30 seconds left.\n|\n|t:|1699731401\n|switch|p2a: Rillaboom|Rillaboom, L50, F|100\/100\n|move|p2b: Heatran|Heat Wave|p1b: Garp|[spread] p1a,p1b\n|-supereffective|p1a: Kaguya\n|-supereffective|p1b: Garp\n|-damage|p1a: Kaguya|0 fnt\n|-damage|p1b: Garp|0 fnt\n|faint|p1a: Kaguya\n|faint|p1b: Garp\n|\n|-weather|Snow|[upkeep]\n|-heal|p2b: Heatran|96\/100|[from] Grassy Terrain\n|upkeep\n|\n|t:|1699731413\n|switch|p1b: Sebastion|Umbreon, L50, M, shiny|99\/100\n|turn|10\n|\n|t:|1699731420\n|move|p1b: Sebastion|Snarl|p2b: Heatran|[spread] p2a,p2b\n|-damage|p2a: Rillaboom|91\/100\n|-damage|p2b: Heatran|88\/100\n|-unboost|p2a: Rillaboom|spa|1\n|-unboost|p2b: Heatran|spa|1\n|move|p2b: Heatran|Flash Cannon|p1b: Sebastion\n|-damage|p1b: Sebastion|79\/100\n|move|p2a: Rillaboom|U-turn|p1b: Sebastion\n|-supereffective|p1b: Sebastion\n|-damage|p1b: Sebastion|46\/100\n|\n|t:|1699731430\n|switch|p2a: Dusclops|Dusclops, L50, M|85\/100|[from] U-turn\n|-ability|p2a: Dusclops|Pressure\n|\n|-weather|Snow|[upkeep]\n|-heal|p2a: Dusclops|91\/100|[from] Grassy Terrain\n|-heal|p1b: Sebastion|51\/100|[from] Grassy Terrain\n|-heal|p2b: Heatran|94\/100|[from] Grassy Terrain\n|upkeep\n|turn|11\n|inactive|TurtleDerp47 has 30 seconds left.\n|inactive|TurtleDerp47 has 20 seconds left.\n|\n|t:|1699731467\n|switch|p2b: Rillaboom|Rillaboom, L50, F|91\/100\n|move|p2a: Dusclops|Will-O-Wisp|p1b: Sebastion\n|-status|p1b: Sebastion|brn\n|move|p1b: Sebastion|Moonlight|p1b: Sebastion\n|-heal|p1b: Sebastion|76\/100 brn\n|\n|-weather|Snow|[upkeep]\n|-heal|p2a: Dusclops|97\/100|[from] Grassy Terrain\n|-heal|p1b: Sebastion|82\/100 brn|[from] Grassy Terrain\n|-heal|p2b: Rillaboom|97\/100|[from] Grassy Terrain\n|-damage|p1b: Sebastion|76\/100 brn|[from] brn\n|-fieldend|move: Trick Room\n|-fieldend|move: Grassy Terrain\n|upkeep\n|turn|12\n|\n|t:|1699731488\n|switch|p2a: Heatran|Heatran, L50, M|94\/100\n|-terastallize|p2b: Rillaboom|Grass\n|move|p2b: Rillaboom|Wood Hammer|p1b: Sebastion\n|-damage|p1b: Sebastion|20\/100 brn\n|-damage|p2b: Rillaboom|75\/100|[from] Recoil\n|move|p1b: Sebastion|Snarl|p2b: Rillaboom|[spread] p2a,p2b\n|-damage|p2a: Heatran|86\/100\n|-damage|p2b: Rillaboom|67\/100\n|-unboost|p2a: Heatran|spa|1\n|-unboost|p2b: Rillaboom|spa|1\n|\n|-weather|none\n|-damage|p1b: Sebastion|14\/100 brn|[from] brn\n|upkeep\n|turn|13\n|\n|t:|1699731507\n|move|p2b: Rillaboom|Wood Hammer|p1b: Sebastion\n|-crit|p1b: Sebastion\n|-damage|p1b: Sebastion|0 fnt\n|faint|p1b: Sebastion\n|-damage|p2b: Rillaboom|62\/100|[from] Recoil\n|\n|win|N05ta1gia\n|raw|TurtleDerp47's rating: 1038 &rarr; <strong>1024<\/strong><br \/>(-14 for losing)\n|raw|N05ta1gia's rating: 1087 &rarr; <strong>1110<\/strong><br \/>(+23 for winning)\n","uploadtime":1699731526,"views":14,"p1id":"turtlederp47","p2id":"n05ta1gia","formatid":"gen9vgc2023regulatione","rating":1024,"private":0,"password":""}