{"id":"gen9vgc2023regulatione-1998959584","p1":"IGiveHerOkidogi","p2":"D8finest","format":"[Gen 9] VGC 2023 Regulation E","log":"|j|\u2606IGiveHerOkidogi\n|j|\u2606D8finest\n|n|\u2606IGiveHerOkidogi|igiveherokidogi\n|n|\u2606D8finest|d8finest\n|html|View the match progress at <a href=\"\/game-bestof3-gen9vgc2023regulatione-1998959583\">game-bestof3-gen9vgc2023regulatione-1998959583<\/a>\n|t:|1701017923\n|gametype|doubles\n|player|p1|IGiveHerOkidogi|dancer|\n|player|p2|D8finest|265|\n|teamsize|p1|6\n|teamsize|p2|6\n|gen|9\n|tier|[Gen 9] VGC 2023 Regulation E\n|rule|Species Clause: Limit one of each Pok\u00e9mon\n|rule|Item Clause: Limit one of each item\n|clearpoke\n|poke|p1|Dondozo, L50, F|\n|poke|p1|Heatran, L50, F|\n|poke|p1|Rillaboom, L50, M|\n|poke|p1|Urshifu-*, L50, F|\n|poke|p1|Flutter Mane, L50|\n|poke|p1|Salamence, L50, M|\n|poke|p2|Tornadus, L50, M|\n|poke|p2|Chi-Yu, L50|\n|poke|p2|Gholdengo, L50|\n|poke|p2|Ogerpon-Wellspring, L50, F|\n|poke|p2|Iron Hands, L50|\n|poke|p2|Landorus-Therian, L50, M|\n|teampreview|4\n|inactive|Battle timer is ON: inactive players will automatically lose when time's up. (requested by IGiveHerOkidogi)\nD8finest has agreed to open team sheets.\n|inactiveoff|Battle timer is now OFF.\nIGiveHerOkidogi has agreed to open team sheets.\n|showteam|p1|Dondozo||Leftovers|Oblivious|WaveCrash,HeavySlam,Yawn,Protect|||F|||50|,,,,,Poison]Heatran||SitrusBerry|FlashFire|MagmaStorm,EarthPower,FlashCannon,Protect|||F|||50|,,,,,Grass]Rillaboom||AssaultVest|GrassySurge|WoodHammer,GrassyGlide,FakeOut,HighHorsepower|||M|||50|,,,,,Ghost]Urshifu||FocusSash|UnseenFist|WickedBlow,SuckerPunch,CloseCombat,Protect|||F|||50|,,,,,Dark]Flutter Mane||ChoiceSpecs|Protosynthesis|Moonblast,DazzlingGleam,ShadowBall,IcyWind||||||50|,,,,,Fairy]Salamence||RockyHelmet|Intimidate|Tailwind,DracoMeteor,Roost,AirSlash|||M|||50|,,,,,Water\n|showteam|p2|Tornadus||RockyHelmet|Prankster|BleakwindStorm,IcyWind,Tailwind,Taunt|||M|||50|,,,,,Ghost]Chi-Yu||SitrusBerry|BeadsofRuin|WillOWisp,Snarl,Flamethrower,Protect||||||50|,,,,,Ghost]Gholdengo||Leftovers|GoodasGold|NastyPlot,ShadowBall,MakeItRain,Protect||||||50|,,,,,Dragon]Ogerpon-Wellspring||WellspringMask|WaterAbsorb|SpikyShield,WoodHammer,FollowMe,IvyCudgel|||F|||50|,,,,,Water]Iron Hands||AssaultVest|QuarkDrive|FakeOut,HeavySlam,WildCharge,DrainPunch||||||50|,,,,,Fairy]Landorus-Therian||ChoiceBand|Intimidate|Uturn,Earthquake,RockSlide,StompingTantrum|||M|||50|,,,,,Water\n|\n|t:|1701018027\n|start\n|switch|p1a: Dondozo|Dondozo, L50, F, shiny|100\/100\n|switch|p1b: Heatran|Heatran, L50, F, shiny|100\/100\n|switch|p2a: Tornadus|Tornadus, L50, M|100\/100\n|switch|p2b: Landorus|Landorus-Therian, L50, M|100\/100\n|-ability|p2b: Landorus|Intimidate|boost\n|-fail|p1a: Dondozo|unboost|Attack|[from] ability: Oblivious|[of] p1a: Dondozo\n|-unboost|p1b: Heatran|atk|1\n|turn|1\n|\n|t:|1701018100\n|move|p1b: Heatran|Protect|p1b: Heatran\n|-singleturn|p1b: Heatran|Protect\n|move|p2a: Tornadus|Bleakwind Storm|p1b: Heatran|[spread] p1a\n|-activate|p1b: Heatran|move: Protect\n|-damage|p1a: Dondozo|76\/100\n|move|p2b: Landorus|Earthquake|p1a: Dondozo|[spread] p1a\n|-activate|p1b: Heatran|move: Protect\n|-immune|p2a: Tornadus\n|-damage|p1a: Dondozo|42\/100\n|move|p1a: Dondozo|Yawn|p2a: Tornadus\n|-start|p2a: Tornadus|move: Yawn|[of] p1a: Dondozo\n|\n|-heal|p1a: Dondozo|48\/100|[from] item: Leftovers\n|upkeep\n|turn|2\n|\n|t:|1701018178\n|switch|p1a: Salamence|Salamence, L50, M|100\/100\n|-ability|p1a: Salamence|Intimidate|boost\n|-unboost|p2a: Tornadus|atk|1\n|-unboost|p2b: Landorus|atk|1\n|-terastallize|p1b: Heatran|Grass\n|move|p2a: Tornadus|Bleakwind Storm|p1a: Salamence|[spread] p1a,p1b\n|-supereffective|p1b: Heatran\n|-damage|p1a: Salamence|69\/100\n|-damage|p1b: Heatran|46\/100\n|-unboost|p1b: Heatran|spe|1\n|-enditem|p1b: Heatran|Sitrus Berry|[eat]\n|-heal|p1b: Heatran|71\/100|[from] item: Sitrus Berry\n|move|p2b: Landorus|Earthquake|p1a: Salamence|[spread] p1b\n|-immune|p2a: Tornadus\n|-immune|p1a: Salamence\n|-resisted|p1b: Heatran\n|-damage|p1b: Heatran|55\/100\n|move|p1b: Heatran|Magma Storm|p2a: Tornadus\n|-damage|p2a: Tornadus|38\/100\n|-activate|p2a: Tornadus|move: Magma Storm|[of] p1b: Heatran\n|\n|-damage|p2a: Tornadus|25\/100|[from] move: Magma Storm|[partiallytrapped]\n|-end|p2a: Tornadus|move: Yawn|[silent]\n|-status|p2a: Tornadus|slp\n|upkeep\n|turn|3\n|\n|t:|1701018236\n|switch|p2b: Iron Hands|Iron Hands, L50|100\/100\n|move|p1a: Salamence|Draco Meteor|p2b: Iron Hands\n|-damage|p2b: Iron Hands|75\/100\n|-unboost|p1a: Salamence|spa|2\n|cant|p2a: Tornadus|slp\n|move|p1b: Heatran|Magma Storm|p2b: Iron Hands|[miss]\n|-miss|p1b: Heatran|p2b: Iron Hands\n|\n|-damage|p2a: Tornadus|13\/100 slp|[from] move: Magma Storm|[partiallytrapped]\n|upkeep\n|turn|4\n|\n|t:|1701018285\n|switch|p1a: Dondozo|Dondozo, L50, F, shiny|48\/100\n|move|p1b: Heatran|Protect|p1b: Heatran\n|-singleturn|p1b: Heatran|Protect\n|cant|p2a: Tornadus|slp\n|move|p2b: Iron Hands|Drain Punch|p1b: Heatran\n|-activate|p1b: Heatran|move: Protect\n|\n|-heal|p1a: Dondozo|54\/100|[from] item: Leftovers\n|-damage|p2a: Tornadus|0 fnt|[from] move: Magma Storm|[partiallytrapped]\n|faint|p2a: Tornadus\n|upkeep\n|\n|t:|1701018293\n|switch|p2a: Ogerpon|Ogerpon-Wellspring, L50, F|100\/100\n|turn|5\n|\n|t:|1701018327\n|switch|p1a: Salamence|Salamence, L50, M|69\/100\n|-ability|p1a: Salamence|Intimidate|boost\n|-unboost|p2a: Ogerpon|atk|1\n|-unboost|p2b: Iron Hands|atk|1\n|move|p2a: Ogerpon|Ivy Cudgel|p1b: Heatran|[anim] Ivy Cudgel Water\n|-resisted|p1b: Heatran\n|-damage|p1b: Heatran|41\/100\n|move|p2b: Iron Hands|Drain Punch|p1b: Heatran\n|-damage|p1b: Heatran|18\/100\n|-heal|p2b: Iron Hands|84\/100|[from] drain|[of] p1b: Heatran\n|move|p1b: Heatran|Magma Storm|p2a: Ogerpon\n|-damage|p2a: Ogerpon|47\/100\n|-activate|p2a: Ogerpon|move: Magma Storm|[of] p1b: Heatran\n|\n|-damage|p2a: Ogerpon|35\/100|[from] move: Magma Storm|[partiallytrapped]\n|upkeep\n|turn|6\n|-message|D8finest forfeited.\n|\n|win|IGiveHerOkidogi\n|c|&|\/uhtml prompt-igiveherokidogi,IGiveHerOkidogi is ready for game 2!\n","uploadtime":1701018351,"views":5,"p1id":"igiveherokidogi","p2id":"d8finest","formatid":"gen9vgc2023regulatione","rating":0,"private":0,"password":""}