{"id":"gen9vgc2023regulatione-1997441425","p1":"AdrianaCT","p2":"Eidocles","format":"[Gen 9] VGC 2023 Regulation E","log":"|j|\u2606AdrianaCT\n|j|\u2606Eidocles\n|t:|1700805758\n|gametype|doubles\n|player|p1|AdrianaCT|102|1275\n|player|p2|Eidocles|2|1349\n|teamsize|p1|6\n|teamsize|p2|6\n|gen|9\n|tier|[Gen 9] VGC 2023 Regulation E\n|rated|\n|rule|Species Clause: Limit one of each Pok\u00e9mon\n|rule|Item Clause: Limit one of each item\n|clearpoke\n|poke|p1|Moltres-Galar, L50|\n|poke|p1|Flutter Mane, L50|\n|poke|p1|Landorus-Therian, L50, M|\n|poke|p1|Ogerpon-Wellspring, L50, F|\n|poke|p1|Sinistcha, L50|\n|poke|p1|Arcanine-Hisui, L50, F|\n|poke|p2|Ursaluna-Bloodmoon, L50, M|\n|poke|p2|Cresselia, L50, F|\n|poke|p2|Dusclops, L50, M|\n|poke|p2|Torkoal, L50, M|\n|poke|p2|Chi-Yu, L50|\n|poke|p2|Copperajah, L50, M|\n|teampreview|4\n|inactive|Battle timer is ON: inactive players will automatically lose when time's up. (requested by AdrianaCT)\nAdrianaCT has agreed to open team sheets.\n|\n|t:|1700805778\n|start\n|switch|p1a: Flutter Mane|Flutter Mane, L50, shiny|100\/100\n|switch|p1b: Moltres|Moltres-Galar, L50|100\/100\n|switch|p2a: Ursaluna|Ursaluna-Bloodmoon, L50, M|100\/100\n|switch|p2b: Dusclops|Dusclops, L50, M|100\/100\n|-ability|p2b: Dusclops|Pressure\n|turn|1\n|\n|t:|1700805791\n|-terastallize|p2b: Dusclops|Dark\n|move|p2a: Ursaluna|Protect|p2a: Ursaluna\n|-singleturn|p2a: Ursaluna|Protect\n|move|p1a: Flutter Mane|Shadow Ball|p2b: Dusclops\n|-resisted|p2b: Dusclops\n|-damage|p2b: Dusclops|82\/100\n|move|p1b: Moltres|Fiery Wrath|p2b: Dusclops|[spread] p2b\n|-activate|p2a: Ursaluna|move: Protect\n|-resisted|p2b: Dusclops\n|-damage|p2b: Dusclops|75\/100\n|move|p2b: Dusclops|Trick Room|p2b: Dusclops\n|-fieldstart|move: Trick Room|[of] p2b: Dusclops\n|\n|upkeep\n|turn|2\n|\n|t:|1700805809\n|-end|p1a: Flutter Mane|Protosynthesis|[silent]\n|switch|p1a: Ogerpon|Ogerpon-Wellspring, L50, F|100\/100\n|move|p2b: Dusclops|Brick Break|p2a: Ursaluna\n|-supereffective|p2a: Ursaluna\n|-damage|p2a: Ursaluna|81\/100\n|-enditem|p2a: Ursaluna|Weakness Policy\n|-boost|p2a: Ursaluna|atk|2|[from] item: Weakness Policy\n|-boost|p2a: Ursaluna|spa|2|[from] item: Weakness Policy\n|move|p2a: Ursaluna|Hyper Voice|p1b: Moltres|[spread] p1a,p1b\n|-damage|p1a: Ogerpon|23\/100\n|-damage|p1b: Moltres|40\/100\n|-ability|p1b: Moltres|Berserk|boost\n|-boost|p1b: Moltres|spa|1\n|-enditem|p1b: Moltres|Sitrus Berry|[eat]\n|-heal|p1b: Moltres|64\/100|[from] item: Sitrus Berry\n|move|p1b: Moltres|Nasty Plot|p1b: Moltres\n|-boost|p1b: Moltres|spa|2\n|\n|upkeep\n|turn|3\n|\n|t:|1700805831\n|switch|p2b: Chi-Yu|Chi-Yu, L50|100\/100\n|-ability|p2b: Chi-Yu|Beads of Ruin\n|-terastallize|p1b: Moltres|Steel\n|move|p1a: Ogerpon|Spiky Shield|p1a: Ogerpon\n|-singleturn|p1a: Ogerpon|move: Protect\n|move|p2a: Ursaluna|Hyper Voice|p1a: Ogerpon|[spread] p1b\n|-activate|p1a: Ogerpon|move: Protect\n|-resisted|p1b: Moltres\n|-damage|p1b: Moltres|29\/100\n|-ability|p1b: Moltres|Berserk|boost\n|-boost|p1b: Moltres|spa|1\n|move|p1b: Moltres|Fiery Wrath|p2b: Chi-Yu|[spread] p2a,p2b\n|-resisted|p2b: Chi-Yu\n|-damage|p2a: Ursaluna|0 fnt\n|-damage|p2b: Chi-Yu|54\/100\n|faint|p2a: Ursaluna\n|\n|upkeep\n|\n|t:|1700805845\n|switch|p2a: Cresselia|Cresselia, L50, F|100\/100\n|turn|4\n|\n|t:|1700805870\n|switch|p2a: Dusclops|Dusclops, L50, M, tera:Dark|75\/100\n|-ability|p2a: Dusclops|Pressure\n|switch|p1a: Sinistcha|Sinistcha, L50, shiny|100\/100\n|-heal|p1b: Moltres|54\/100|[from] ability: Hospitality|[of] p1a: Sinistcha\n|move|p1b: Moltres|Fiery Wrath|p2a: Dusclops|[spread] p2a,p2b\n|-resisted|p2a: Dusclops\n|-resisted|p2b: Chi-Yu\n|-damage|p2a: Dusclops|47\/100\n|-damage|p2b: Chi-Yu|2\/100\n|move|p2b: Chi-Yu|Snarl|p1b: Moltres|[spread] p1a,p1b\n|-supereffective|p1a: Sinistcha\n|-damage|p1a: Sinistcha|33\/100\n|-damage|p1b: Moltres|33\/100\n|-unboost|p1a: Sinistcha|spa|1\n|-unboost|p1b: Moltres|spa|1\n|-ability|p1b: Moltres|Berserk|boost\n|-boost|p1b: Moltres|spa|1\n|\n|upkeep\n|turn|5\n|\n|t:|1700805890\n|move|p1a: Sinistcha|Protect|p1a: Sinistcha\n|-singleturn|p1a: Sinistcha|Protect\n|move|p2b: Chi-Yu|Protect|p2b: Chi-Yu\n|-singleturn|p2b: Chi-Yu|Protect\n|move|p2a: Dusclops|Brick Break|p1b: Moltres\n|-supereffective|p1b: Moltres\n|-damage|p1b: Moltres|9\/100\n|move|p1b: Moltres|Fiery Wrath|p2a: Dusclops|[spread] p2a\n|-activate|p2b: Chi-Yu|move: Protect\n|-resisted|p2a: Dusclops\n|-damage|p2a: Dusclops|16\/100\n|\n|-fieldend|move: Trick Room\n|upkeep\n|turn|6\n|\n|t:|1700805910\n|switch|p1a: Flutter Mane|Flutter Mane, L50, shiny|100\/100\n|move|p1b: Moltres|Protect|p1b: Moltres\n|-singleturn|p1b: Moltres|Protect\n|move|p2b: Chi-Yu|Snarl|p1b: Moltres|[spread] p1a\n|-activate|p1b: Moltres|move: Protect\n|-crit|p1a: Flutter Mane\n|-damage|p1a: Flutter Mane|59\/100\n|-unboost|p1a: Flutter Mane|spa|1\n|move|p2a: Dusclops|Trick Room|p2a: Dusclops\n|-fieldstart|move: Trick Room|[of] p2a: Dusclops\n|\n|upkeep\n|turn|7\n|inactive|Eidocles has 30 seconds left.\n|\n|t:|1700805936\n|-end|p1a: Flutter Mane|Protosynthesis|[silent]\n|switch|p1a: Sinistcha|Sinistcha, L50, shiny|33\/100\n|-heal|p1b: Moltres|33\/100|[from] ability: Hospitality|[of] p1a: Sinistcha\n|move|p2a: Dusclops|Brick Break|p1b: Moltres\n|-supereffective|p1b: Moltres\n|-damage|p1b: Moltres|12\/100\n|move|p1b: Moltres|Fiery Wrath|p2a: Dusclops|[spread] p2a,p2b\n|-resisted|p2a: Dusclops\n|-resisted|p2b: Chi-Yu\n|-damage|p2a: Dusclops|0 fnt\n|-damage|p2b: Chi-Yu|0 fnt\n|faint|p2a: Dusclops\n|faint|p2b: Chi-Yu\n|\n|upkeep\n|\n|t:|1700805946\n|switch|p2b: Cresselia|Cresselia, L50, F|100\/100\n|turn|8\n|\n|t:|1700805954\n|move|p1a: Sinistcha|Rage Powder|p1a: Sinistcha\n|-singleturn|p1a: Sinistcha|move: Rage Powder\n|move|p2b: Cresselia|Psychic|p1a: Sinistcha\n|-damage|p1a: Sinistcha|9\/100\n|move|p1b: Moltres|Fiery Wrath|p2b: Cresselia\n|-supereffective|p2b: Cresselia\n|-damage|p2b: Cresselia|0 fnt\n|faint|p2b: Cresselia\n|\n|win|AdrianaCT\n|raw|AdrianaCT's rating: 1275 &rarr; <strong>1305<\/strong><br \/>(+30 for winning)\n|raw|Eidocles's rating: 1349 &rarr; <strong>1325<\/strong><br \/>(-24 for losing)\n|l|\u2606Eidocles\n","uploadtime":1700805965,"views":11,"p1id":"adrianact","p2id":"eidocles","formatid":"gen9vgc2023regulatione","rating":1305,"private":0,"password":""}