{"id":"gen9vgc2023regulatione-1993687961","p1":"Plopy14","p2":"Flarefox_7","format":"[Gen 9] VGC 2023 Regulation E","log":"|j|\u2606Plopy14\n|j|\u2606Flarefox_7\n|t:|1700345683\n|gametype|doubles\n|player|p1|Plopy14|tuber-gen3|\n|player|p2|Flarefox_7|serena-masters3|\n|teamsize|p1|6\n|teamsize|p2|6\n|gen|9\n|tier|[Gen 9] VGC 2023 Regulation E\n|rated|Tournament battle\n|rule|Species Clause: Limit one of each Pok\u00e9mon\n|rule|Item Clause: Limit one of each item\n|clearpoke\n|poke|p1|Urshifu-*, L50, M|\n|poke|p1|Tornadus, L50, M|\n|poke|p1|Regidrago, L50|\n|poke|p1|Rillaboom, L50, M|\n|poke|p1|Arcanine-Hisui, L50, F|\n|poke|p1|Gholdengo, L50|\n|poke|p2|Dragapult, L50, F|\n|poke|p2|Chien-Pao, L50|\n|poke|p2|Farigiraf, L50, F|\n|poke|p2|Heatran, L50, F|\n|poke|p2|Rillaboom, L50, M|\n|poke|p2|Urshifu-*, L50, F|\n|teampreview|4\n|showteam|p1|Urshifu-Rapid-Strike||ChoiceScarf|UnseenFist|SurgingStrikes,CloseCombat,AquaJet,Uturn|||M|||50|,,,,,Poison]Tornadus||RockyHelmet|Prankster|BleakwindStorm,RainDance,Tailwind,Protect|||M|||50|,,,,,Ghost]Regidrago||DragonFang|DragonsMaw|DragonEnergy,DracoMeteor,EarthPower,Protect||||||50|,,,,,Steel]Rillaboom||AssaultVest|GrassySurge|FakeOut,WoodHammer,HighHorsepower,GrassyGlide|||M|||50|,,,,,Grass]Arcanine-Hisui||SitrusBerry|Intimidate|FlareBlitz,ExtremeSpeed,RockSlide,WillOWisp|||F|||50|,,,,,Water]Gholdengo||MetalCoat|GoodasGold|MakeItRain,ShadowBall,NastyPlot,Protect||||||50|,,,,,Dragon\n|showteam|p2|Dragapult||ChoiceBand|ClearBody|DragonDarts,PhantomForce,Uturn,TeraBlast|||F|||50|,,,,,Ghost]Chien-Pao||FocusSash|SwordofRuin|IcicleCrash,ThroatChop,SuckerPunch,Protect||||||50|,,,,,Dark]Farigiraf||SitrusBerry|ArmorTail|HelpingHand,TrickRoom,Psychic,DazzlingGleam|||F|||50|,,,,,Fairy]Heatran||AssaultVest|FlashFire|HeatWave,FlashCannon,EarthPower,TeraBlast|||F|||50|,,,,,Fairy]Rillaboom||MiracleSeed|GrassySurge|WoodHammer,GrassyGlide,FakeOut,Protect|||M|||50|,,,,,Grass]Urshifu-Rapid-Strike||ChoiceScarf|UnseenFist|SurgingStrikes,CloseCombat,AquaJet,Uturn|||F|||50|,,,,,Water\n|j| Winnie1906\n|c|\u2606Flarefox_7|glhf\n|j|%Radio Free C-Side\n|j| moony bunny\n|j| sweedish man\n|\n|t:|1700345735\n|start\n|switch|p1a: SICKO MODE|Regidrago, L50|100\/100\n|switch|p1b: God's Plan|Tornadus, L50, M|100\/100\n|switch|p2a: Farigiraf|Farigiraf, L50, F|100\/100\n|switch|p2b: Wottl3y|Chien-Pao, L50|100\/100\n|-ability|p2b: Wottl3y|Sword of Ruin\n|turn|1\n|l|\u2606Plopy14\n|player|p1|\n|j|\u2606Plopy14\n|player|p1|Plopy14|tuber-gen3\n|\n|t:|1700345754\n|switch|p1a: Passionfruit|Arcanine-Hisui, L50, F|100\/100\n|-ability|p1a: Passionfruit|Intimidate|boost\n|-unboost|p2a: Farigiraf|atk|1\n|-unboost|p2b: Wottl3y|atk|1\n|-terastallize|p2a: Farigiraf|Fairy\n|move|p2b: Wottl3y|Icicle Crash|p1a: Passionfruit\n|-resisted|p1a: Passionfruit\n|-damage|p1a: Passionfruit|77\/100\n|move|p1b: God's Plan|Bleakwind Storm|p2b: Wottl3y|[spread] p2a,p2b\n|-damage|p2a: Farigiraf|69\/100\n|-damage|p2b: Wottl3y|48\/100\n|-unboost|p2a: Farigiraf|spe|1\n|-unboost|p2b: Wottl3y|spe|1\n|move|p2a: Farigiraf|Trick Room|p2a: Farigiraf\n|-fieldstart|move: Trick Room|[of] p2a: Farigiraf\n|\n|upkeep\n|turn|2\n|\n|t:|1700345778\n|switch|p2b: Potato38683|Heatran, L50, F|100\/100\n|move|p2a: Farigiraf|Psychic|p1a: Passionfruit\n|-damage|p1a: Passionfruit|36\/100\n|-enditem|p1a: Passionfruit|Sitrus Berry|[eat]\n|-heal|p1a: Passionfruit|61\/100|[from] item: Sitrus Berry\n|move|p1a: Passionfruit|Flare Blitz|p2a: Farigiraf\n|-damage|p2a: Farigiraf|20\/100\n|-enditem|p2a: Farigiraf|Sitrus Berry|[eat]\n|-heal|p2a: Farigiraf|45\/100|[from] item: Sitrus Berry\n|-damage|p1a: Passionfruit|44\/100|[from] Recoil\n|move|p1b: God's Plan|Bleakwind Storm|p2a: Farigiraf|[spread] p2a,p2b\n|-resisted|p2b: Potato38683\n|-damage|p2a: Farigiraf|17\/100\n|-damage|p2b: Potato38683|91\/100\n|-unboost|p2a: Farigiraf|spe|1\n|-unboost|p2b: Potato38683|spe|1\n|\n|upkeep\n|turn|3\n|\n|t:|1700345802\n|switch|p1a: SICKO MODE|Regidrago, L50|100\/100\n|move|p2a: Farigiraf|Psychic|p1a: SICKO MODE\n|-damage|p1a: SICKO MODE|59\/100\n|move|p2b: Potato38683|Flash Cannon|p1b: God's Plan\n|-damage|p1b: God's Plan|47\/100\n|move|p1b: God's Plan|Bleakwind Storm|p2a: Farigiraf|[spread] p2a,p2b\n|-resisted|p2b: Potato38683\n|-crit|p2b: Potato38683\n|-damage|p2a: Farigiraf|0 fnt\n|-damage|p2b: Potato38683|77\/100\n|faint|p2a: Farigiraf\n|\n|upkeep\n|\n|t:|1700345811\n|switch|p2a: Wottl3y|Chien-Pao, L50|48\/100\n|-ability|p2a: Wottl3y|Sword of Ruin\n|turn|4\n|\n|t:|1700345816\n|move|p1b: God's Plan|Protect|p1b: God's Plan\n|-singleturn|p1b: God's Plan|Protect\n|move|p1a: SICKO MODE|Protect|p1a: SICKO MODE\n|-singleturn|p1a: SICKO MODE|Protect\n|move|p2a: Wottl3y|Sucker Punch||[still]\n|-fail|p2a: Wottl3y\n|move|p2b: Potato38683|Flash Cannon|p1b: God's Plan\n|-activate|p1b: God's Plan|move: Protect\n|\n|upkeep\n|turn|5\n|\n|t:|1700345829\n|switch|p1a: Passionfruit|Arcanine-Hisui, L50, F|44\/100\n|-ability|p1a: Passionfruit|Intimidate|boost\n|-unboost|p2a: Wottl3y|atk|1\n|-unboost|p2b: Potato38683|atk|1\n|move|p1b: God's Plan|Rain Dance|p1b: God's Plan\n|-weather|RainDance\n|move|p2a: Wottl3y|Sucker Punch||[still]\n|-fail|p2a: Wottl3y\n|move|p2b: Potato38683|Flash Cannon|p1b: God's Plan\n|-damage|p1b: God's Plan|0 fnt\n|faint|p1b: God's Plan\n|\n|-weather|RainDance|[upkeep]\n|-fieldend|move: Trick Room\n|upkeep\n|\n|t:|1700345839\n|switch|p1b: One Dance|Urshifu-Rapid-Strike, L50, M|100\/100\n|turn|6\n|\n|t:|1700345849\n|switch|p2b: Tempest Brute|Urshifu-Rapid-Strike, L50, F|100\/100\n|move|p1b: One Dance|Surging Strikes|p2b: Tempest Brute\n|-resisted|p2b: Tempest Brute\n|-crit|p2b: Tempest Brute\n|-damage|p2b: Tempest Brute|79\/100\n|-resisted|p2b: Tempest Brute\n|-crit|p2b: Tempest Brute\n|-damage|p2b: Tempest Brute|59\/100\n|-resisted|p2b: Tempest Brute\n|-crit|p2b: Tempest Brute\n|-damage|p2b: Tempest Brute|37\/100\n|-hitcount|p2b: Tempest Brute|3\n|move|p2a: Wottl3y|Throat Chop|p1a: Passionfruit\n|-damage|p1a: Passionfruit|6\/100\n|-start|p1a: Passionfruit|Throat Chop|[silent]\n|move|p1a: Passionfruit|Will-O-Wisp|p2b: Tempest Brute\n|-status|p2b: Tempest Brute|brn\n|\n|-weather|RainDance|[upkeep]\n|-damage|p2b: Tempest Brute|31\/100 brn|[from] brn\n|upkeep\n|turn|7\n|\n|t:|1700345868\n|move|p2a: Wottl3y|Protect|p2a: Wottl3y\n|-singleturn|p2a: Wottl3y|Protect\n|move|p1a: Passionfruit|Extreme Speed|p2a: Wottl3y\n|-activate|p2a: Wottl3y|move: Protect\n|move|p2b: Tempest Brute|Surging Strikes|p1b: One Dance\n|-resisted|p1b: One Dance\n|-crit|p1b: One Dance\n|-damage|p1b: One Dance|91\/100\n|-resisted|p1b: One Dance\n|-crit|p1b: One Dance\n|-damage|p1b: One Dance|80\/100\n|-resisted|p1b: One Dance\n|-crit|p1b: One Dance\n|-damage|p1b: One Dance|69\/100\n|-hitcount|p1b: One Dance|3\n|move|p1b: One Dance|Surging Strikes|p2b: Tempest Brute\n|-resisted|p2b: Tempest Brute\n|-crit|p2b: Tempest Brute\n|-damage|p2b: Tempest Brute|12\/100 brn\n|-resisted|p2b: Tempest Brute\n|-crit|p2b: Tempest Brute\n|-damage|p2b: Tempest Brute|0 fnt\n|faint|p2b: Tempest Brute\n|-hitcount|p2: Tempest Brute|2\n|\n|-weather|RainDance|[upkeep]\n|-end|p1a: Passionfruit|Throat Chop|[silent]\n|upkeep\n|j|@Bright Size\n|\n|t:|1700345871\n|switch|p2b: Potato38683|Heatran, L50, F|77\/100\n|turn|8\n|l|@Bright Size\n|c|\u2606Flarefox_7|gg\n|-message|Flarefox_7 forfeited.\n|\n|win|Plopy14\n|n|\u2606Flarefox_7|flarefox7\n|n| Winnie1906|winnie1906\n|n| Radio Free C-Side|radiofreecside\n|n| moony bunny|moonybunny\n|n| sweedish man|sweedishman\n|n|\u2606Plopy14|plopy14\n","uploadtime":1700345878,"views":7,"p1id":"plopy14","p2id":"flarefox7","formatid":"gen9vgc2023regulatione","rating":0,"private":0,"password":""}