{"id":"gen9vgc2023regulatione-2000459155","p1":"Mortipherus","p2":"yunfz","format":"[Gen 9] VGC 2023 Regulation E","log":"|j|\u2606Mortipherus\n|j|\u2606yunfz\n|n|\u2606Mortipherus|mortipherus\n|n|\u2606yunfz|yunfz\n|html|View the match progress at <a href=\"\/game-bestof3-gen9vgc2023regulatione-2000459154\">game-bestof3-gen9vgc2023regulatione-2000459154<\/a>\n|t:|1701196584\n|gametype|doubles\n|player|p1|Mortipherus|biker-gen4|\n|player|p2|yunfz|1|\n|teamsize|p1|6\n|teamsize|p2|6\n|gen|9\n|tier|[Gen 9] VGC 2023 Regulation E\n|rule|Species Clause: Limit one of each Pok\u00e9mon\n|rule|Item Clause: Limit one of each item\n|clearpoke\n|poke|p1|Ursaluna-Bloodmoon, L50, M|\n|poke|p1|Iron Hands, L50|\n|poke|p1|Flutter Mane, L50|\n|poke|p1|Ogerpon-Cornerstone, L50, F|\n|poke|p1|Farigiraf, L50, M|\n|poke|p1|Urshifu-*, L50, M|\n|poke|p2|Amoonguss, L50, M|\n|poke|p2|Iron Hands, L50|\n|poke|p2|Arcanine-Hisui, L50, F|\n|poke|p2|Tornadus, L50, M|\n|poke|p2|Urshifu-*, L50, F|\n|poke|p2|Gholdengo, L50|\n|teampreview|4\nMortipherus has agreed to open team sheets.\nyunfz has agreed to open team sheets.\n|showteam|p1|Ursaluna-Bloodmoon||LifeOrb|MindsEye|Protect,BloodMoon,HyperVoice,EarthPower|||M|||50|,,,,,Normal]Iron Hands||AssaultVest|QuarkDrive|FakeOut,DrainPunch,WildCharge,IcePunch||||||50|,,,,,Grass]Flutter Mane||BoosterEnergy|Protosynthesis|Protect,IcyWind,Moonblast,ShadowBall||||||50|,,,,,Fairy]Ogerpon-Cornerstone||CornerstoneMask|Sturdy|SpikyShield,FollowMe,IvyCudgel,WoodHammer|||F|||50|,,,,,Rock]Farigiraf||SitrusBerry|ArmorTail|TrickRoom,HelpingHand,Psychic,DazzlingGleam|||M|||50|,,,,,Fire]Urshifu||ChoiceBand|UnseenFist|WickedBlow,SuckerPunch,CloseCombat,PoisonJab|||M|||50|,,,,,Poison\n|showteam|p2|Amoonguss||RockyHelmet|Regenerator|Spore,RagePowder,PollenPuff,Protect|||M|||50|,,,,,Water]Iron Hands||AssaultVest|QuarkDrive|FakeOut,WildCharge,DrainPunch,HeavySlam||||||50|,,,,,Water]Arcanine-Hisui||ChoiceBand|Intimidate|FlareBlitz,RockSlide,ExtremeSpeed,TeraBlast|||F|||50|,,,,,Fairy]Tornadus||SitrusBerry|Prankster|Tailwind,BleakwindStorm,RainDance,Taunt|||M|||50|,,,,,Dragon]Urshifu-Rapid-Strike||ChoiceScarf|UnseenFist|SurgingStrikes,AquaJet,Uturn,CloseCombat|||F|||50|,,,,,Water]Gholdengo||Leftovers|GoodasGold|MakeItRain,ShadowBall,NastyPlot,Protect||||||50|,,,,,Dragon\n|c|\u2606yunfz|GL\n|c|\u2606Mortipherus|2\n|c|\u2606Mortipherus|u2\n|c|\u2606Mortipherus|timer?\n|c|\u2606yunfz|ok\n|inactive|Battle timer is ON: inactive players will automatically lose when time's up. (requested by yunfz)\n|inactive|Mortipherus also wants the timer to be on.\n|\n|t:|1701196661\n|start\n|switch|p1a: Urshifu|Urshifu, L50, M|100\/100\n|switch|p1b: Farigiraf|Farigiraf, L50, M|100\/100\n|switch|p2a: Amoonguss|Amoonguss, L50, M|100\/100\n|switch|p2b: Gholdengo|Gholdengo, L50|100\/100\n|turn|1\n|inactive|yunfz has 30 seconds left.\n|\n|t:|1701196688\n|switch|p2b: Iron Hands|Iron Hands, L50|100\/100\n|move|p1a: Urshifu|Wicked Blow|p2b: Iron Hands\n|-resisted|p2b: Iron Hands\n|-crit|p2b: Iron Hands\n|-damage|p2b: Iron Hands|70\/100\n|move|p1b: Farigiraf|Psychic|p2a: Amoonguss\n|-supereffective|p2a: Amoonguss\n|-damage|p2a: Amoonguss|34\/100\n|move|p2a: Amoonguss|Spore|p1b: Farigiraf\n|-status|p1b: Farigiraf|slp|[from] move: Spore\n|\n|upkeep\n|turn|2\n|inactive|Mortipherus has 30 seconds left.\n|inactive|yunfz has 30 seconds left.\n|inactive|Mortipherus has 20 seconds left.\n|inactive|yunfz has 20 seconds left.\n|inactive|Mortipherus has 15 seconds left.\n|inactive|yunfz has 15 seconds left.\n|inactive|Mortipherus has 10 seconds left.\n|inactive|yunfz has 10 seconds left.\n|\n|t:|1701196736\n|switch|p1a: Iron Hands|Iron Hands, L50|100\/100\n|switch|p2a: Urshifu|Urshifu-Rapid-Strike, L50, F|100\/100\n|move|p2b: Iron Hands|Drain Punch|p1b: Farigiraf\n|-damage|p1b: Farigiraf|63\/100 slp\n|-heal|p2b: Iron Hands|87\/100|[from] drain|[of] p1b: Farigiraf\n|cant|p1b: Farigiraf|slp\n|\n|upkeep\n|turn|3\n|inactive|yunfz has 30 seconds left.\n|inactive|yunfz has 20 seconds left.\n|\n|t:|1701196776\n|move|p2a: Urshifu|U-turn|p1b: Farigiraf\n|-supereffective|p1b: Farigiraf\n|-damage|p1b: Farigiraf|24\/100 slp\n|-enditem|p1b: Farigiraf|Sitrus Berry|[eat]\n|-heal|p1b: Farigiraf|49\/100 slp|[from] item: Sitrus Berry\n|\n|t:|1701196784\n|switch|p2a: Amoonguss|Amoonguss, L50, M|67\/100|[from] U-turn\n|move|p2b: Iron Hands|Drain Punch|p1b: Farigiraf\n|-damage|p1b: Farigiraf|13\/100 slp\n|-heal|p2b: Iron Hands|100\/100|[from] drain|[of] p1b: Farigiraf\n|move|p1a: Iron Hands|Wild Charge|p2a: Amoonguss\n|-resisted|p2a: Amoonguss\n|-crit|p2a: Amoonguss\n|-damage|p2a: Amoonguss|37\/100\n|-damage|p1a: Iron Hands|84\/100|[from] item: Rocky Helmet|[of] p2a: Amoonguss\n|-damage|p1a: Iron Hands|77\/100|[from] Recoil\n|-curestatus|p1b: Farigiraf|slp|[msg]\n|move|p1b: Farigiraf|Trick Room|p1b: Farigiraf\n|-fieldstart|move: Trick Room|[of] p1b: Farigiraf\n|\n|upkeep\n|turn|4\n|inactive|yunfz has 30 seconds left.\n|inactive|yunfz has 20 seconds left.\n|inactive|yunfz has 15 seconds left.\n|inactive|yunfz has 10 seconds left.\n|\n|t:|1701196835\n|switch|p2a: Gholdengo|Gholdengo, L50|100\/100\n|-terastallize|p1a: Iron Hands|Grass\n|move|p1a: Iron Hands|Ice Punch|p2a: Gholdengo\n|-resisted|p2a: Gholdengo\n|-damage|p2a: Gholdengo|87\/100\n|move|p2b: Iron Hands|Drain Punch|p1b: Farigiraf\n|-damage|p1b: Farigiraf|0 fnt\n|faint|p1b: Farigiraf\n|\n|-heal|p2a: Gholdengo|94\/100|[from] item: Leftovers\n|upkeep\n|\n|t:|1701196846\n|switch|p1b: Ursaluna|Ursaluna-Bloodmoon, L50, M|100\/100\n|turn|5\n|inactive|yunfz has 30 seconds left.\n|inactive|yunfz has 20 seconds left.\n|\n|t:|1701196882\n|move|p2a: Gholdengo|Protect|p2a: Gholdengo\n|-singleturn|p2a: Gholdengo|Protect\n|move|p1b: Ursaluna|Earth Power|p2a: Gholdengo\n|-activate|p2a: Gholdengo|move: Protect\n|move|p1a: Iron Hands|Ice Punch|p2b: Iron Hands\n|-damage|p2b: Iron Hands|80\/100\n|move|p2b: Iron Hands|Drain Punch|p1a: Iron Hands\n|-damage|p1a: Iron Hands|47\/100\n|-heal|p2b: Iron Hands|95\/100|[from] drain|[of] p1a: Iron Hands\n|\n|-heal|p2a: Gholdengo|99\/100|[from] item: Leftovers\n|upkeep\n|turn|6\n|inactive|yunfz has 30 seconds left.\n|\n|t:|1701196916\n|-end|p2b: Iron Hands|Quark Drive|[silent]\n|switch|p2b: Amoonguss|Amoonguss, L50, M|70\/100\n|-terastallize|p2a: Gholdengo|Dragon\n|move|p1b: Ursaluna|Hyper Voice|p2a: Gholdengo|[spread] p2a,p2b\n|-damage|p2a: Gholdengo|55\/100\n|-damage|p2b: Amoonguss|20\/100\n|-damage|p1b: Ursaluna|91\/100|[from] item: Life Orb\n|move|p1a: Iron Hands|Drain Punch|p2b: Amoonguss\n|-resisted|p2b: Amoonguss\n|-damage|p2b: Amoonguss|5\/100\n|-heal|p1a: Iron Hands|54\/100|[from] drain|[of] p2b: Amoonguss\n|-damage|p1a: Iron Hands|37\/100|[from] item: Rocky Helmet|[of] p2b: Amoonguss\n|move|p2a: Gholdengo|Make It Rain|p1b: Ursaluna|[spread] p1a,p1b\n|-damage|p1a: Iron Hands|15\/100\n|-damage|p1b: Ursaluna|39\/100\n|-unboost|p2a: Gholdengo|spa|1\n|\n|-heal|p2a: Gholdengo|61\/100|[from] item: Leftovers\n|upkeep\n|turn|7\n|inactive|Mortipherus has 30 seconds left.\n|inactive|yunfz has 30 seconds left.\n|inactive|yunfz has 20 seconds left.\n|inactive|yunfz has 15 seconds left.\n|inactive|yunfz has 10 seconds left.\n|inactive|yunfz has 5 seconds left.\n|\n|t:|1701196969\n|switch|p2a: Iron Hands|Iron Hands, L50|95\/100\n|move|p2b: Amoonguss|Pollen Puff|p1a: Iron Hands\n|-supereffective|p1a: Iron Hands\n|-damage|p1a: Iron Hands|0 fnt\n|faint|p1a: Iron Hands\n|-end|p1a: Iron Hands|Quark Drive|[silent]\n|move|p1b: Ursaluna|Blood Moon|p2a: Iron Hands\n|-damage|p2a: Iron Hands|32\/100\n|-damage|p1b: Ursaluna|30\/100|[from] item: Life Orb\n|\n|-fieldend|move: Trick Room\n|upkeep\n|\n|t:|1701196982\n|switch|p1a: Urshifu|Urshifu, L50, M|100\/100\n|turn|8\n|inactive|yunfz has 30 seconds left.\n|inactive|yunfz has 20 seconds left.\n|inactive|yunfz has 15 seconds left.\n|inactive|yunfz has 10 seconds left.\n|inactive|yunfz has 5 seconds left.\n|\n|t:|1701197035\n|move|p2b: Amoonguss|Rage Powder|p2b: Amoonguss\n|-singleturn|p2b: Amoonguss|move: Rage Powder\n|move|p1a: Urshifu|Wicked Blow|p2b: Amoonguss\n|-crit|p2b: Amoonguss\n|-damage|p2b: Amoonguss|0 fnt\n|-damage|p1a: Urshifu|84\/100|[from] item: Rocky Helmet|[of] p2b: Amoonguss\n|faint|p2b: Amoonguss\n|move|p2a: Iron Hands|Drain Punch|p1a: Urshifu\n|-supereffective|p1a: Urshifu\n|-damage|p1a: Urshifu|4\/100\n|-heal|p2a: Iron Hands|62\/100|[from] drain|[of] p1a: Urshifu\n|move|p1b: Ursaluna|Hyper Voice|p2a: Iron Hands\n|-damage|p2a: Iron Hands|25\/100\n|-damage|p1b: Ursaluna|20\/100|[from] item: Life Orb\n|\n|upkeep\n|\n|t:|1701197052\n|switch|p2b: Urshifu|Urshifu-Rapid-Strike, L50, F|100\/100\n|turn|9\n|\n|t:|1701197071\n|move|p2b: Urshifu|Surging Strikes|p1a: Urshifu\n|-crit|p1a: Urshifu\n|-damage|p1a: Urshifu|0 fnt\n|faint|p1a: Urshifu\n|-hitcount|p1: Urshifu|1\n|move|p2a: Iron Hands|Drain Punch|p1b: Ursaluna\n|-supereffective|p1b: Ursaluna\n|-damage|p1b: Ursaluna|0 fnt\n|-heal|p2a: Iron Hands|33\/100|[from] drain|[of] p1b: Ursaluna\n|faint|p1b: Ursaluna\n|\n|win|yunfz\n|c|&|\/uhtml prompt-yunfz,yunfz is ready for game 2!\n|inactive|Mortipherus has 50 seconds to confirm battle start!\n|c|&|\/uhtml prompt-yunfz,yunfz is ready for game 2!\n|c|&|\/uhtml prompt-mortipherus,Mortipherus is ready for game 2!\nBoth players are ready! Starting next match!\n","uploadtime":1701197187,"views":1,"p1id":"mortipherus","p2id":"yunfz","formatid":"gen9vgc2023regulatione","rating":0,"private":0,"password":""}