{"id":"gen9vgc2023regulatione-1988589946","p1":"slimester","p2":"Kizrhzk","format":"[Gen 9] VGC 2023 Regulation E","log":"|j|\u2606slimester\n|j|\u2606Kizrhzk\n|t:|1699739424\n|gametype|doubles\n|player|p1|slimester|101|1084\n|player|p2|Kizrhzk|lance|1000\n|teamsize|p1|6\n|teamsize|p2|6\n|gen|9\n|tier|[Gen 9] VGC 2023 Regulation E\n|rated|\n|rule|Species Clause: Limit one of each Pok\u00e9mon\n|rule|Item Clause: Limit one of each item\n|clearpoke\n|poke|p1|Iron Hands, L50|\n|poke|p1|Urshifu-*, L50, F|\n|poke|p1|Heatran, L50, M|\n|poke|p1|Chien-Pao, L50|\n|poke|p1|Cresselia, L50, F|\n|poke|p1|Amoonguss, L50, F|\n|poke|p2|Flutter Mane, L50|\n|poke|p2|Tornadus, L50, M|\n|poke|p2|Rillaboom, L50, F|\n|poke|p2|Garganacl, L50, F|\n|poke|p2|Arcanine-Hisui, L50, M|\n|poke|p2|Chien-Pao, L50|\n|teampreview|4\n|\n|t:|1699739486\n|start\n|switch|p1a: Urshifu|Urshifu-Rapid-Strike, L50, F|100\/100\n|switch|p1b: Chien-Pao|Chien-Pao, L50|100\/100\n|switch|p2a: Tornadus|Tornadus, L50, M|100\/100\n|switch|p2b: Garganacl|Garganacl, L50, F|100\/100\n|-ability|p1b: Chien-Pao|Sword of Ruin\n|turn|1\n|\n|t:|1699739504\n|-terastallize|p2b: Garganacl|Ghost\n|move|p2a: Tornadus|Tailwind|p2a: Tornadus\n|-sidestart|p2: Kizrhzk|move: Tailwind\n|move|p1a: Urshifu|Surging Strikes|p2b: Garganacl\n|-crit|p2b: Garganacl\n|-damage|p2b: Garganacl|80\/100\n|-crit|p2b: Garganacl\n|-damage|p2b: Garganacl|60\/100\n|-crit|p2b: Garganacl\n|-damage|p2b: Garganacl|39\/100\n|-enditem|p2b: Garganacl|Sitrus Berry|[eat]\n|-heal|p2b: Garganacl|64\/100|[from] item: Sitrus Berry\n|-hitcount|p2b: Garganacl|3\n|move|p1b: Chien-Pao|Ice Spinner|p2a: Tornadus\n|-supereffective|p2a: Tornadus\n|-damage|p2a: Tornadus|0 fnt\n|-damage|p1b: Chien-Pao|84\/100|[from] item: Rocky Helmet|[of] p2a: Tornadus\n|faint|p2a: Tornadus\n|move|p2b: Garganacl|Salt Cure|p1a: Urshifu\n|-resisted|p1a: Urshifu\n|-damage|p1a: Urshifu|91\/100\n|-start|p1a: Urshifu|Salt Cure\n|\n|-damage|p1a: Urshifu|67\/100|[from] Salt Cure\n|upkeep\n|\n|t:|1699739519\n|switch|p2a: Rillaboom|Rillaboom, L50, F|100\/100\n|-fieldstart|move: Grassy Terrain|[from] ability: Grassy Surge|[of] p2a: Rillaboom\n|turn|2\n|\n|t:|1699739535\n|switch|p1a: Amoonguss|Amoonguss, L50, F|100\/100\n|move|p1b: Chien-Pao|Protect|p1b: Chien-Pao\n|-singleturn|p1b: Chien-Pao|Protect\n|move|p2a: Rillaboom|Fake Out|p1b: Chien-Pao\n|-activate|p1b: Chien-Pao|move: Protect\n|move|p2b: Garganacl|Salt Cure|p1b: Chien-Pao\n|-activate|p1b: Chien-Pao|move: Protect\n|\n|-heal|p1b: Chien-Pao|90\/100|[from] Grassy Terrain\n|-heal|p2b: Garganacl|70\/100|[from] Grassy Terrain\n|upkeep\n|turn|3\n|\n|t:|1699739560\n|switch|p2a: Arcanine|Arcanine-Hisui, L50, M|100\/100\n|-ability|p2a: Arcanine|Intimidate|boost\n|-unboost|p1a: Amoonguss|atk|1\n|-unboost|p1b: Chien-Pao|atk|1\n|move|p1b: Chien-Pao|Ice Spinner|p2a: Arcanine\n|-resisted|p2a: Arcanine\n|-damage|p2a: Arcanine|77\/100\n|-fieldend|move: Grassy Terrain\n|move|p2b: Garganacl|Salt Cure|p1b: Chien-Pao\n|-supereffective|p1b: Chien-Pao\n|-damage|p1b: Chien-Pao|54\/100\n|-start|p1b: Chien-Pao|Salt Cure\n|move|p1a: Amoonguss|Spore|p2b: Garganacl\n|-immune|p2b: Garganacl|[from] ability: Purifying Salt\n|\n|-damage|p1b: Chien-Pao|42\/100|[from] Salt Cure\n|upkeep\n|turn|4\n|\n|t:|1699739598\n|switch|p1a: Urshifu|Urshifu-Rapid-Strike, L50, F|67\/100\n|move|p2a: Arcanine|Rock Slide|p1b: Chien-Pao|[spread] p1b\n|-miss|p2a: Arcanine|p1a: Urshifu\n|-supereffective|p1b: Chien-Pao\n|-damage|p1b: Chien-Pao|0 fnt\n|faint|p1b: Chien-Pao\n|move|p2b: Garganacl|Recover|p2b: Garganacl\n|-heal|p2b: Garganacl|100\/100\n|\n|-sideend|p2: Kizrhzk|move: Tailwind\n|upkeep\n|\n|t:|1699739612\n|switch|p1b: Amoonguss|Amoonguss, L50, F|100\/100\n|turn|5\n|\n|t:|1699739631\n|switch|p2a: Rillaboom|Rillaboom, L50, F|100\/100\n|-fieldstart|move: Grassy Terrain|[from] ability: Grassy Surge|[of] p2a: Rillaboom\n|-terastallize|p1a: Urshifu|Water\n|move|p1a: Urshifu|Aqua Jet|p2a: Rillaboom\n|-resisted|p2a: Rillaboom\n|-damage|p2a: Rillaboom|85\/100\n|move|p2b: Garganacl|Salt Cure|p1a: Urshifu\n|-damage|p1a: Urshifu|51\/100\n|-start|p1a: Urshifu|Salt Cure\n|move|p1b: Amoonguss|Pollen Puff|p1a: Urshifu\n|-heal|p1a: Urshifu|100\/100\n|\n|-heal|p2a: Rillaboom|90\/100|[from] Grassy Terrain\n|-damage|p1a: Urshifu|76\/100|[from] Salt Cure\n|upkeep\n|turn|6\n|\n|t:|1699739651\n|move|p1b: Amoonguss|Rage Powder|p1b: Amoonguss\n|-singleturn|p1b: Amoonguss|move: Rage Powder\n|move|p1a: Urshifu|Aqua Jet|p2b: Garganacl\n|-damage|p2b: Garganacl|78\/100\n|move|p2a: Rillaboom|Grassy Glide|p1a: Urshifu\n|-supereffective|p1a: Urshifu\n|-damage|p1a: Urshifu|0 fnt\n|faint|p1a: Urshifu\n|move|p2b: Garganacl|Salt Cure|p1b: Amoonguss\n|-damage|p1b: Amoonguss|89\/100\n|-start|p1b: Amoonguss|Salt Cure\n|\n|-heal|p2a: Rillaboom|96\/100|[from] Grassy Terrain\n|-heal|p2b: Garganacl|84\/100|[from] Grassy Terrain\n|-heal|p1b: Amoonguss|95\/100|[from] Grassy Terrain\n|-damage|p1b: Amoonguss|83\/100|[from] Salt Cure\n|upkeep\n|\n|t:|1699739657\n|switch|p1a: Iron Hands|Iron Hands, L50|100\/100\n|turn|7\n|\n|t:|1699739667\n|move|p1a: Iron Hands|Fake Out|p2a: Rillaboom\n|-damage|p2a: Rillaboom|81\/100\n|cant|p2a: Rillaboom|flinch\n|move|p2b: Garganacl|Iron Defense|p2b: Garganacl\n|-boost|p2b: Garganacl|def|2\n|move|p1b: Amoonguss|Grass Knot|p2b: Garganacl\n|-damage|p2b: Garganacl|55\/100\n|\n|-heal|p2a: Rillaboom|86\/100|[from] Grassy Terrain\n|-heal|p2b: Garganacl|60\/100|[from] Grassy Terrain\n|-heal|p1b: Amoonguss|89\/100|[from] Grassy Terrain\n|-damage|p1b: Amoonguss|76\/100|[from] Salt Cure\n|upkeep\n|turn|8\n|\n|t:|1699739707\n|move|p2b: Garganacl|Protect|p2b: Garganacl\n|-singleturn|p2b: Garganacl|Protect\n|move|p2a: Rillaboom|Drain Punch|p1a: Iron Hands\n|-damage|p1a: Iron Hands|82\/100\n|-heal|p2a: Rillaboom|98\/100|[from] drain|[of] p1a: Iron Hands\n|move|p1a: Iron Hands|Drain Punch|p2a: Rillaboom\n|-damage|p2a: Rillaboom|56\/100\n|-heal|p1a: Iron Hands|99\/100|[from] drain|[of] p2a: Rillaboom\n|move|p1b: Amoonguss|Pollen Puff|p1a: Iron Hands\n|-heal|p1a: Iron Hands|100\/100\n|\n|-heal|p2a: Rillaboom|61\/100|[from] Grassy Terrain\n|-heal|p2b: Garganacl|66\/100|[from] Grassy Terrain\n|-heal|p1b: Amoonguss|82\/100|[from] Grassy Terrain\n|-damage|p1b: Amoonguss|70\/100|[from] Salt Cure\n|upkeep\n|turn|9\n|\n|t:|1699739724\n|move|p2a: Rillaboom|Wood Hammer|p1a: Iron Hands\n|-damage|p1a: Iron Hands|42\/100\n|-damage|p2a: Rillaboom|38\/100|[from] Recoil\n|move|p1a: Iron Hands|Drain Punch|p2a: Rillaboom\n|-damage|p2a: Rillaboom|0 fnt\n|-heal|p1a: Iron Hands|57\/100|[from] drain|[of] p2a: Rillaboom\n|faint|p2a: Rillaboom\n|move|p2b: Garganacl|Salt Cure|p1a: Iron Hands\n|-resisted|p1a: Iron Hands\n|-damage|p1a: Iron Hands|53\/100\n|-start|p1a: Iron Hands|Salt Cure\n|move|p1b: Amoonguss|Grass Knot|p2b: Garganacl\n|-damage|p2b: Garganacl|34\/100\n|\n|-heal|p1a: Iron Hands|59\/100|[from] Grassy Terrain\n|-heal|p2b: Garganacl|40\/100|[from] Grassy Terrain\n|-heal|p1b: Amoonguss|76\/100|[from] Grassy Terrain\n|-damage|p1a: Iron Hands|47\/100|[from] Salt Cure\n|-damage|p1b: Amoonguss|64\/100|[from] Salt Cure\n|-fieldend|move: Grassy Terrain\n|upkeep\n|\n|t:|1699739728\n|switch|p2a: Arcanine|Arcanine-Hisui, L50, M|77\/100\n|-ability|p2a: Arcanine|Intimidate|boost\n|-unboost|p1a: Iron Hands|atk|1\n|-unboost|p1b: Amoonguss|atk|1\n|turn|10\n|\n|t:|1699739745\n|move|p2b: Garganacl|Protect|p2b: Garganacl\n|-singleturn|p2b: Garganacl|Protect\n|move|p1b: Amoonguss|Rage Powder|p1b: Amoonguss\n|-singleturn|p1b: Amoonguss|move: Rage Powder\n|move|p2a: Arcanine|Flare Blitz|p1b: Amoonguss\n|-supereffective|p1b: Amoonguss\n|-damage|p1b: Amoonguss|0 fnt\n|faint|p1b: Amoonguss\n|-damage|p2a: Arcanine|50\/100|[from] Recoil\n|move|p1a: Iron Hands|Drain Punch|p2a: Arcanine\n|-supereffective|p2a: Arcanine\n|-damage|p2a: Arcanine|0 fnt\n|-heal|p1a: Iron Hands|64\/100|[from] drain|[of] p2a: Arcanine\n|faint|p2a: Arcanine\n|\n|-damage|p1a: Iron Hands|51\/100|[from] Salt Cure\n|upkeep\n|turn|11\n|\n|t:|1699739753\n|move|p1a: Iron Hands|Wild Charge|p2b: Garganacl\n|-damage|p2b: Garganacl|27\/100\n|-damage|p1a: Iron Hands|49\/100|[from] Recoil\n|move|p2b: Garganacl|Recover|p2b: Garganacl\n|-heal|p2b: Garganacl|77\/100\n|\n|-damage|p1a: Iron Hands|36\/100|[from] Salt Cure\n|upkeep\n|turn|12\n|\n|t:|1699739760\n|move|p2b: Garganacl|Protect|p2b: Garganacl\n|-singleturn|p2b: Garganacl|Protect\n|move|p1a: Iron Hands|Wild Charge|p2b: Garganacl\n|-activate|p2b: Garganacl|move: Protect\n|\n|-damage|p1a: Iron Hands|24\/100|[from] Salt Cure\n|upkeep\n|turn|13\n|\n|t:|1699739764\n|move|p1a: Iron Hands|Wild Charge|p2b: Garganacl\n|-damage|p2b: Garganacl|65\/100\n|-damage|p1a: Iron Hands|22\/100|[from] Recoil\n|move|p2b: Garganacl|Iron Defense|p2b: Garganacl\n|-boost|p2b: Garganacl|def|2\n|\n|-damage|p1a: Iron Hands|10\/100|[from] Salt Cure\n|upkeep\n|turn|14\n|\n|t:|1699739766\n|move|p2b: Garganacl|Protect|p2b: Garganacl\n|-singleturn|p2b: Garganacl|Protect\n|move|p1a: Iron Hands|Wild Charge|p2b: Garganacl\n|-activate|p2b: Garganacl|move: Protect\n|\n|-damage|p1a: Iron Hands|0 fnt|[from] Salt Cure\n|faint|p1a: Iron Hands\n|-end|p1a: Iron Hands|Quark Drive|[silent]\n|\n|win|Kizrhzk\n|upkeep\n|raw|slimester's rating: 1084 &rarr; <strong>1056<\/strong><br \/>(-28 for losing)\n|raw|Kizrhzk's rating: 1000 &rarr; <strong>1049<\/strong><br \/>(+49 for winning)\n|l|\u2606slimester\n","uploadtime":1699739770,"views":8,"p1id":"slimester","p2id":"kizrhzk","formatid":"gen9vgc2023regulatione","rating":1049,"private":0,"password":""}