{"id":"gen9vgc2023regulatione-1992006391","p1":"mjs_12","p2":"ThatPikaMain_","format":"[Gen 9] VGC 2023 Regulation E","log":"|j|\u2606mjs_12\n|j|\u203dThatPikaMain_\n|t:|1700147120\n|gametype|doubles\n|player|p1|mjs_12|wattson|1092\n|player|p2|ThatPikaMain_|265|1000\n|teamsize|p1|6\n|teamsize|p2|6\n|gen|9\n|tier|[Gen 9] VGC 2023 Regulation E\n|rated|\n|rule|Species Clause: Limit one of each Pok\u00e9mon\n|rule|Item Clause: Limit one of each item\n|clearpoke\n|poke|p1|Typhlosion-Hisui, L50, F|\n|poke|p1|Torkoal, L50, F|\n|poke|p1|Regidrago, L50|\n|poke|p1|Slither Wing, L50|\n|poke|p1|Zapdos, L50|\n|poke|p1|Fezandipiti, L50, M|\n|poke|p2|Politoed, L50, M|\n|poke|p2|Ogerpon-Wellspring, L50, F|\n|poke|p2|Gothitelle, L50, M|\n|poke|p2|Iron Hands, L50|\n|poke|p2|Coalossal, L50, F|\n|poke|p2|Ting-Lu, L50|\n|teampreview|4\n|inactive|Battle timer is ON: inactive players will automatically lose when time's up. (requested by ThatPikaMain_)\n|\n|t:|1700147151\n|start\n|switch|p1a: Zapdos|Zapdos, L50|100\/100\n|switch|p1b: Regidrago|Regidrago, L50|100\/100\n|switch|p2a: Politoed|Politoed, L50, M|100\/100\n|switch|p2b: Gothitelle|Gothitelle, L50, M|100\/100\n|-weather|RainDance|[from] ability: Drizzle|[of] p2a: Politoed\n|turn|1\n|\n|t:|1700147174\n|move|p1b: Regidrago|Protect|p1b: Regidrago\n|-singleturn|p1b: Regidrago|Protect\n|move|p2b: Gothitelle|Fake Out|p1a: Zapdos\n|-crit|p1a: Zapdos\n|-damage|p1a: Zapdos|91\/100\n|-status|p2b: Gothitelle|par|[from] ability: Static|[of] p1a: Zapdos\n|cant|p1a: Zapdos|flinch\n|move|p2a: Politoed|Perish Song|p2a: Politoed\n|-start|p1a: Zapdos|perish3|[silent]\n|-start|p1b: Regidrago|perish3|[silent]\n|-start|p2a: Politoed|perish3|[silent]\n|-start|p2b: Gothitelle|perish3|[silent]\n|-fieldactivate|move: Perish Song\n|\n|-weather|RainDance|[upkeep]\n|-start|p1a: Zapdos|perish3\n|-start|p1b: Regidrago|perish3\n|-start|p2a: Politoed|perish3\n|-start|p2b: Gothitelle|perish3\n|upkeep\n|turn|2\n|\n|t:|1700147192\n|switch|p2a: Ogerpon|Ogerpon-Wellspring, L50, F|100\/100\n|move|p2b: Gothitelle|Protect|p2b: Gothitelle\n|-singleturn|p2b: Gothitelle|Protect\n|move|p1a: Zapdos|Tailwind|p1a: Zapdos\n|-sidestart|p1: mjs_12|move: Tailwind\n|move|p1b: Regidrago|Dragon Energy|p2b: Gothitelle|[spread] p2a\n|-activate|p2b: Gothitelle|move: Protect\n|-damage|p2a: Ogerpon|9\/100\n|\n|-weather|RainDance|[upkeep]\n|-start|p1a: Zapdos|perish2\n|-start|p1b: Regidrago|perish2\n|-start|p2b: Gothitelle|perish2\n|upkeep\n|turn|3\n|inactive|ThatPikaMain_ has 30 seconds left.\n|inactive|ThatPikaMain_ has 20 seconds left.\n|\n|t:|1700147232\n|move|p2a: Ogerpon|Spiky Shield|p2a: Ogerpon\n|-singleturn|p2a: Ogerpon|move: Protect\n|move|p1a: Zapdos|Thunderbolt|p2b: Gothitelle\n|-damage|p2b: Gothitelle|70\/100 par\n|move|p1b: Regidrago|Dragon Energy|p2a: Ogerpon|[spread] p2b\n|-activate|p2a: Ogerpon|move: Protect\n|-damage|p2b: Gothitelle|3\/100 par\n|-enditem|p2b: Gothitelle|Iapapa Berry|[eat]\n|-heal|p2b: Gothitelle|37\/100 par|[from] item: Iapapa Berry\n|move|p2b: Gothitelle|Shadow Ball|p1b: Regidrago\n|-damage|p1b: Regidrago|82\/100\n|-unboost|p1b: Regidrago|spd|1\n|\n|-weather|RainDance|[upkeep]\n|-start|p1a: Zapdos|perish1\n|-start|p1b: Regidrago|perish1\n|-start|p2b: Gothitelle|perish1\n|upkeep\n|turn|4\n|\n|t:|1700147256\n|switch|p2b: Iron Hands|Iron Hands, L50|100\/100\n|-enditem|p2b: Iron Hands|Booster Energy\n|-activate|p2b: Iron Hands|ability: Quark Drive|[fromitem]\n|-start|p2b: Iron Hands|quarkdriveatk\n|move|p1a: Zapdos|Thunderbolt|p2b: Iron Hands\n|-resisted|p2b: Iron Hands\n|-damage|p2b: Iron Hands|82\/100\n|move|p1b: Regidrago|Dragon Energy|p2a: Ogerpon|[spread] p2a,p2b\n|-damage|p2a: Ogerpon|0 fnt\n|-damage|p2b: Iron Hands|7\/100\n|faint|p2a: Ogerpon\n|\n|-weather|RainDance|[upkeep]\n|-start|p1a: Zapdos|perish0\n|-start|p1b: Regidrago|perish0\n|faint|p1a: Zapdos\n|faint|p1b: Regidrago\n|upkeep\n|\n|t:|1700147271\n|switch|p1a: Torkoal|Torkoal, L50, F|100\/100\n|switch|p2a: Politoed|Politoed, L50, M|100\/100\n|switch|p1b: Slither Wing|Slither Wing, L50|100\/100\n|-weather|SunnyDay|[from] ability: Drought|[of] p1a: Torkoal\n|-activate|p1b: Slither Wing|ability: Protosynthesis\n|-start|p1b: Slither Wing|protosynthesisatk\n|turn|5\n|inactive|ThatPikaMain_ has 30 seconds left.\n|\n|t:|1700147298\n|move|p2b: Iron Hands|Protect|p2b: Iron Hands\n|-singleturn|p2b: Iron Hands|Protect\n|move|p1b: Slither Wing|First Impression|p2b: Iron Hands\n|-activate|p2b: Iron Hands|move: Protect\n|move|p2a: Politoed|Perish Song|p2a: Politoed\n|-start|p1a: Torkoal|perish3|[silent]\n|-start|p1b: Slither Wing|perish3|[silent]\n|-start|p2a: Politoed|perish3|[silent]\n|-start|p2b: Iron Hands|perish3|[silent]\n|-fieldactivate|move: Perish Song\n|move|p1a: Torkoal|Yawn|p2a: Politoed\n|-start|p2a: Politoed|move: Yawn|[of] p1a: Torkoal\n|\n|-weather|SunnyDay|[upkeep]\n|-start|p1b: Slither Wing|perish3\n|-start|p2a: Politoed|perish3\n|-start|p1a: Torkoal|perish3\n|-start|p2b: Iron Hands|perish3\n|-sideend|p1: mjs_12|move: Tailwind\n|upkeep\n|turn|6\n|\n|t:|1700147320\n|switch|p2a: Gothitelle|Gothitelle, L50, M|37\/100 par\n|move|p1b: Slither Wing|Leech Life|p2b: Iron Hands\n|-resisted|p2b: Iron Hands\n|-damage|p2b: Iron Hands|0 fnt\n|faint|p2b: Iron Hands\n|-end|p2b: Iron Hands|Quark Drive|[silent]\n|move|p1a: Torkoal|Eruption|p2a: Gothitelle\n|-damage|p2a: Gothitelle|0 fnt\n|faint|p2a: Gothitelle\n|\n|-weather|SunnyDay|[upkeep]\n|-start|p1b: Slither Wing|perish2\n|-start|p1a: Torkoal|perish2\n|upkeep\n|\n|t:|1700147337\n|switch|p2b: Politoed|Politoed, L50, M|100\/100\n|-weather|RainDance|[from] ability: Drizzle|[of] p2b: Politoed\n|-end|p1b: Slither Wing|Protosynthesis\n|turn|7\n|\n|t:|1700147357\n|move|p1a: Torkoal|Helping Hand|p1b: Slither Wing\n|-singleturn|p1b: Slither Wing|Helping Hand|[of] p1a: Torkoal\n|move|p2b: Politoed|Protect|p2b: Politoed\n|-singleturn|p2b: Politoed|Protect\n|move|p1b: Slither Wing|Close Combat|p2b: Politoed\n|-activate|p2b: Politoed|move: Protect\n|\n|-weather|RainDance|[upkeep]\n|-start|p1b: Slither Wing|perish1\n|-start|p1a: Torkoal|perish1\n|upkeep\n|turn|8\n|\n|t:|1700147371\n|move|p1a: Torkoal|Helping Hand|p1b: Slither Wing\n|-singleturn|p1b: Slither Wing|Helping Hand|[of] p1a: Torkoal\n|move|p2b: Politoed|Protect||[still]\n|-fail|p2b: Politoed\n|move|p1b: Slither Wing|Close Combat|p2b: Politoed\n|-damage|p2b: Politoed|15\/100\n|-unboost|p1b: Slither Wing|def|1\n|-unboost|p1b: Slither Wing|spd|1\n|-enditem|p2b: Politoed|Aguav Berry|[eat]\n|-heal|p2b: Politoed|48\/100|[from] item: Aguav Berry\n|\n|-weather|RainDance|[upkeep]\n|-start|p1b: Slither Wing|perish0\n|-start|p1a: Torkoal|perish0\n|upkeep\n|faint|p1b: Slither Wing\n|-end|p1b: Slither Wing|Protosynthesis|[silent]\n|faint|p1a: Torkoal\n|\n|win|ThatPikaMain_\n|raw|mjs_12's rating: 1092 &rarr; <strong>1062<\/strong><br \/>(-30 for losing)\n|raw|ThatPikaMain_'s rating: 1000 &rarr; <strong>1050<\/strong><br \/>(+50 for winning)\n|l|\u2606mjs_12\n","uploadtime":1700147396,"views":22,"p1id":"mjs12","p2id":"thatpikamain","formatid":"gen9vgc2023regulatione","rating":1050,"private":0,"password":""}