{"id":"gen9vgc2023regulatione-1993166297","p1":"ComSeal","p2":"BigBusted","format":"[Gen 9] VGC 2023 Regulation E","log":"|j|\u2606ComSeal\n|j|\u2606BigBusted\n|t:|1700272847\n|gametype|doubles\n|player|p1|ComSeal|pokemonrangerf|1202\n|player|p2|BigBusted|unknown|1192\n|teamsize|p1|6\n|teamsize|p2|6\n|gen|9\n|tier|[Gen 9] VGC 2023 Regulation E\n|rated|\n|rule|Species Clause: Limit one of each Pok\u00e9mon\n|rule|Item Clause: Limit one of each item\n|clearpoke\n|poke|p1|Abomasnow, L50, F|\n|poke|p1|Froslass, L50, F|\n|poke|p1|Chien-Pao, L50|\n|poke|p1|Flutter Mane, L50|\n|poke|p1|Iron Hands, L50|\n|poke|p1|Roaring Moon, L50|\n|poke|p2|Okidogi, L50, M|\n|poke|p2|Flutter Mane, L50|\n|poke|p2|Landorus-Therian, L50, M|\n|poke|p2|Zapdos, L50|\n|poke|p2|Tornadus, L50, M|\n|poke|p2|Gyarados, L50, F|\n|teampreview|4\n|inactive|Battle timer is ON: inactive players will automatically lose when time's up. (requested by ComSeal)\n|\n|t:|1700272872\n|start\n|switch|p1a: Abomasnow|Abomasnow, L50, F|100\/100\n|switch|p1b: Froslass|Froslass, L50, F, shiny|100\/100\n|switch|p2a: Landorus|Landorus-Therian, L50, M|100\/100\n|switch|p2b: Zapdos|Zapdos, L50|100\/100\n|-ability|p2a: Landorus|Intimidate|boost\n|-unboost|p1a: Abomasnow|atk|1\n|-unboost|p1b: Froslass|atk|1\n|-weather|Snow|[from] ability: Snow Warning|[of] p1a: Abomasnow\n|turn|1\n|inactive|ComSeal has 30 seconds left.\n|inactive|BigBusted has 30 seconds left.\n|\n|t:|1700272902\n|-terastallize|p2a: Landorus|Water\n|move|p1b: Froslass|Trick|p2b: Zapdos\n|-activate|p1b: Froslass|move: Trick|[of] p2b: Zapdos\n|-item|p2b: Zapdos|Choice Scarf|[from] move: Trick\n|-item|p1b: Froslass|Rocky Helmet|[from] move: Trick\n|move|p2b: Zapdos|Weather Ball|p1a: Abomasnow\n|-damage|p1a: Abomasnow|60\/100\n|move|p2a: Landorus|Rock Slide|p1b: Froslass|[spread] p1a,p1b\n|-supereffective|p1a: Abomasnow\n|-supereffective|p1b: Froslass\n|-damage|p1a: Abomasnow|13\/100\n|-damage|p1b: Froslass|59\/100\n|move|p1a: Abomasnow|Aurora Veil|p1a: Abomasnow\n|-sidestart|p1: ComSeal|move: Aurora Veil\n|\n|-weather|Snow|[upkeep]\n|upkeep\n|turn|2\n|\n|t:|1700272921\n|move|p2b: Zapdos|Weather Ball|p1b: Froslass\n|-resisted|p1b: Froslass\n|-damage|p1b: Froslass|45\/100\n|move|p1b: Froslass|Icy Wind|p2b: Zapdos|[spread] p2a,p2b\n|-resisted|p2a: Landorus\n|-supereffective|p2b: Zapdos\n|-damage|p2a: Landorus|94\/100\n|-damage|p2b: Zapdos|77\/100\n|-unboost|p2a: Landorus|spe|1\n|-unboost|p2b: Zapdos|spe|1\n|move|p1a: Abomasnow|Giga Drain|p2a: Landorus\n|-supereffective|p2a: Landorus\n|-damage|p2a: Landorus|3\/100\n|-heal|p1a: Abomasnow|60\/100|[from] drain|[of] p2a: Landorus\n|move|p2a: Landorus|Rock Slide|p1b: Froslass|[spread] p1a,p1b\n|-supereffective|p1a: Abomasnow\n|-supereffective|p1b: Froslass\n|-damage|p1a: Abomasnow|34\/100\n|-damage|p1b: Froslass|20\/100\n|\n|-weather|Snow|[upkeep]\n|upkeep\n|turn|3\n|\n|t:|1700272945\n|move|p2a: Landorus|Protect|p2a: Landorus\n|-singleturn|p2a: Landorus|Protect\n|move|p1b: Froslass|Icy Wind|p2b: Zapdos|[spread] p2b\n|-activate|p2a: Landorus|move: Protect\n|-supereffective|p2b: Zapdos\n|-damage|p2b: Zapdos|53\/100\n|-unboost|p2b: Zapdos|spe|1\n|move|p1a: Abomasnow|Blizzard|p2a: Landorus|[spread] p2b\n|-activate|p2a: Landorus|move: Protect\n|-supereffective|p2b: Zapdos\n|-damage|p2b: Zapdos|0 fnt\n|faint|p2b: Zapdos\n|\n|-weather|Snow|[upkeep]\n|upkeep\n|\n|t:|1700272963\n|switch|p2b: Okidogi|Okidogi, L50, M|100\/100\n|turn|4\n|\n|t:|1700272982\n|move|p1b: Froslass|Will-O-Wisp|p2b: Okidogi\n|-status|p2b: Okidogi|brn\n|move|p1a: Abomasnow|Blizzard|p2b: Okidogi|[spread] p2a,p2b\n|-resisted|p2a: Landorus\n|-crit|p2a: Landorus\n|-damage|p2a: Landorus|0 fnt\n|-damage|p2b: Okidogi|77\/100 brn\n|faint|p2a: Landorus\n|move|p2b: Okidogi|Snarl|p1b: Froslass|[spread] p1a,p1b\n|-supereffective|p1b: Froslass\n|-damage|p1a: Abomasnow|29\/100\n|-damage|p1b: Froslass|9\/100\n|-unboost|p1a: Abomasnow|spa|1\n|-unboost|p1b: Froslass|spa|1\n|\n|-weather|Snow|[upkeep]\n|-damage|p2b: Okidogi|71\/100 brn|[from] brn\n|upkeep\n|\n|t:|1700272995\n|switch|p2a: Gyarados|Gyarados, L50, F|100\/100\n|-ability|p2a: Gyarados|Intimidate|boost\n|-unboost|p1a: Abomasnow|atk|1\n|-unboost|p1b: Froslass|atk|1\n|turn|5\n|\n|t:|1700273006\n|move|p2a: Gyarados|Protect|p2a: Gyarados\n|-singleturn|p2a: Gyarados|Protect\n|move|p1b: Froslass|Icy Wind|p2b: Okidogi|[spread] p2b\n|-activate|p2a: Gyarados|move: Protect\n|-damage|p2b: Okidogi|66\/100 brn\n|-unboost|p2b: Okidogi|spe|1\n|move|p1a: Abomasnow|Blizzard|p2a: Gyarados|[spread] p2b\n|-activate|p2a: Gyarados|move: Protect\n|-damage|p2b: Okidogi|51\/100 brn\n|move|p2b: Okidogi|Snarl|p1a: Abomasnow|[spread] p1a\n|-miss|p2b: Okidogi|p1b: Froslass\n|-damage|p1a: Abomasnow|24\/100\n|-unboost|p1a: Abomasnow|spa|1\n|\n|-weather|none\n|-damage|p2b: Okidogi|45\/100 brn|[from] brn\n|upkeep\n|turn|6\n|inactive|ComSeal has 30 seconds left.\n|inactive|BigBusted has 30 seconds left.\n|\n|t:|1700273037\n|switch|p1a: Iron Hands|Iron Hands, L50|100\/100\n|move|p1b: Froslass|Will-O-Wisp|p2a: Gyarados\n|-status|p2a: Gyarados|brn\n|move|p2a: Gyarados|Dragon Dance|p2a: Gyarados\n|-boost|p2a: Gyarados|atk|1\n|-boost|p2a: Gyarados|spe|1\n|move|p2b: Okidogi|Drain Punch|p1a: Iron Hands\n|-damage|p1a: Iron Hands|91\/100\n|-heal|p2b: Okidogi|51\/100 brn|[from] drain|[of] p1a: Iron Hands\n|\n|-damage|p2a: Gyarados|94\/100 brn|[from] brn\n|-damage|p2b: Okidogi|45\/100 brn|[from] brn\n|upkeep\n|turn|7\n|inactive|ComSeal has 30 seconds left.\n|inactive|BigBusted has 30 seconds left.\n|inactive|BigBusted has 20 seconds left.\n|\n|t:|1700273076\n|move|p2a: Gyarados|Protect|p2a: Gyarados\n|-singleturn|p2a: Gyarados|Protect\n|move|p1b: Froslass|Icy Wind|p2b: Okidogi|[spread] p2b\n|-activate|p2a: Gyarados|move: Protect\n|-damage|p2b: Okidogi|40\/100 brn\n|-unboost|p2b: Okidogi|spe|1\n|move|p1a: Iron Hands|Drain Punch|p2b: Okidogi\n|-resisted|p2b: Okidogi\n|-damage|p2b: Okidogi|23\/100 brn\n|-heal|p1a: Iron Hands|98\/100|[from] drain|[of] p2b: Okidogi\n|move|p2b: Okidogi|Poison Jab|p1a: Iron Hands\n|-damage|p1a: Iron Hands|88\/100\n|\n|-damage|p2a: Gyarados|88\/100 brn|[from] brn\n|-damage|p2b: Okidogi|17\/100 brn|[from] brn\n|upkeep\n|turn|8\n|inactive|BigBusted has 30 seconds left.\n|\n|t:|1700273104\n|move|p1b: Froslass|Icy Wind|p2a: Gyarados|[spread] p2a,p2b\n|-damage|p2a: Gyarados|82\/100 brn\n|-damage|p2b: Okidogi|12\/100 brn\n|-unboost|p2a: Gyarados|spe|1\n|-unboost|p2b: Okidogi|spe|1\n|move|p2a: Gyarados|Waterfall|p1a: Iron Hands\n|-damage|p1a: Iron Hands|73\/100\n|cant|p1a: Iron Hands|flinch\n|move|p2b: Okidogi|Snarl|p1b: Froslass|[spread] p1a,p1b\n|-resisted|p1a: Iron Hands\n|-supereffective|p1b: Froslass\n|-damage|p1a: Iron Hands|73\/100\n|-damage|p1b: Froslass|0 fnt\n|-unboost|p1a: Iron Hands|spa|1\n|faint|p1b: Froslass\n|\n|-damage|p2a: Gyarados|75\/100 brn|[from] brn\n|-damage|p2b: Okidogi|6\/100 brn|[from] brn\n|-sideend|p1: ComSeal|move: Aurora Veil\n|upkeep\n|\n|t:|1700273121\n|switch|p1b: Abomasnow|Abomasnow, L50, F|24\/100\n|-weather|Snow|[from] ability: Snow Warning|[of] p1b: Abomasnow\n|turn|9\n|\n|t:|1700273144\n|move|p2a: Gyarados|Earthquake|p1a: Iron Hands|[spread] p2b,p1a,p1b\n|-supereffective|p2b: Okidogi\n|-supereffective|p1a: Iron Hands\n|-resisted|p1b: Abomasnow\n|-damage|p2b: Okidogi|0 fnt\n|-damage|p1a: Iron Hands|43\/100\n|-damage|p1b: Abomasnow|14\/100\n|faint|p2b: Okidogi\n|move|p1b: Abomasnow|Blizzard|p2a: Gyarados\n|-damage|p2a: Gyarados|27\/100 brn\n|-enditem|p2a: Gyarados|Sitrus Berry|[eat]\n|-heal|p2a: Gyarados|52\/100 brn|[from] item: Sitrus Berry\n|move|p1a: Iron Hands|Wild Charge|p2a: Gyarados\n|-supereffective|p2a: Gyarados\n|-damage|p2a: Gyarados|0 fnt\n|faint|p2a: Gyarados\n|-damage|p1a: Iron Hands|34\/100|[from] Recoil\n|\n|win|ComSeal\n|raw|ComSeal's rating: 1202 &rarr; <strong>1226<\/strong><br \/>(+24 for winning)\n|raw|BigBusted's rating: 1192 &rarr; <strong>1168<\/strong><br \/>(-24 for losing)\n|l|\u2606BigBusted\n|c|\u2606ComSeal|gg\n","uploadtime":1700273171,"views":11,"p1id":"comseal","p2id":"bigbusted","formatid":"gen9vgc2023regulatione","rating":1168,"private":0,"password":""}