{"id":"gen9vgc2023regulatione-1990076768","p1":"wayne7715","p2":"matthewew","format":"[Gen 9] VGC 2023 Regulation E","log":"|j|\u2606wayne7715\n|j|\u2606matthewew\n|t:|1699922031\n|gametype|doubles\n|player|p1|wayne7715|benga|1321\n|player|p2|matthewew|harlequin|1380\n|teamsize|p1|6\n|teamsize|p2|6\n|gen|9\n|tier|[Gen 9] VGC 2023 Regulation E\n|rated|\n|rule|Species Clause: Limit one of each Pok\u00e9mon\n|rule|Item Clause: Limit one of each item\n|clearpoke\n|poke|p1|Weezing, L50, M|\n|poke|p1|Roaring Moon, L50|\n|poke|p1|Iron Hands, L50|\n|poke|p1|Ogerpon-Hearthflame, L50, F|\n|poke|p1|Flutter Mane, L50|\n|poke|p1|Landorus-Therian, L50, M|\n|poke|p2|Farigiraf, L50, M|\n|poke|p2|Chi-Yu, L50|\n|poke|p2|Scizor, L50, M|\n|poke|p2|Iron Hands, L50|\n|poke|p2|Dondozo, L50, M|\n|poke|p2|Tatsugiri, L50, M|\n|teampreview|4\n|inactive|Battle timer is ON: inactive players will automatically lose when time's up. (requested by wayne7715)\n|inactive|wayne7715 has 60 seconds left.\n|inactive|wayne7715 has 30 seconds left.\n|inactive|wayne7715 has 20 seconds left.\n|inactive|wayne7715 has 15 seconds left.\n|inactive|wayne7715 has 10 seconds left.\n|\n|t:|1699922119\n|start\n|switch|p1a: Weezing|Weezing, L50, M|100\/100\n|switch|p1b: Roaring Moon|Roaring Moon, L50|100\/100\n|switch|p2a: Chi-Yu|Chi-Yu, L50|100\/100\n|switch|p2b: Iron Hands|Iron Hands, L50|100\/100\n|-ability|p1a: Weezing|Neutralizing Gas\n|-enditem|p1b: Roaring Moon|Booster Energy\n|-activate|p1b: Roaring Moon|ability: Protosynthesis|[fromitem]\n|-start|p1b: Roaring Moon|protosynthesisspe\n|turn|1\n|j| 5Sscreen\n|inactive|matthewew has 30 seconds left.\n|\n|t:|1699922144\n|move|p1b: Roaring Moon|Protect|p1b: Roaring Moon\n|-singleturn|p1b: Roaring Moon|Protect\n|move|p1a: Weezing|Protect|p1a: Weezing\n|-singleturn|p1a: Weezing|Protect\n|move|p2b: Iron Hands|Fake Out|p1b: Roaring Moon\n|-activate|p1b: Roaring Moon|move: Protect\n|move|p2a: Chi-Yu|Heat Wave|p1b: Roaring Moon|[spread] \n|-activate|p1a: Weezing|move: Protect\n|-activate|p1b: Roaring Moon|move: Protect\n|\n|upkeep\n|turn|2\n|\n|t:|1699922159\n|move|p1b: Roaring Moon|Breaking Swipe|p2b: Iron Hands|[spread] p2a,p2b\n|-damage|p2a: Chi-Yu|59\/100\n|-damage|p2b: Iron Hands|84\/100\n|-unboost|p2a: Chi-Yu|atk|1\n|-unboost|p2b: Iron Hands|atk|1\n|move|p2a: Chi-Yu|Heat Wave|p1b: Roaring Moon|[spread] p1a,p1b\n|-resisted|p1b: Roaring Moon\n|-crit|p1b: Roaring Moon\n|-damage|p1a: Weezing|38\/100\n|-damage|p1b: Roaring Moon|60\/100\n|-enditem|p1a: Weezing|Sitrus Berry|[eat]\n|-heal|p1a: Weezing|63\/100|[from] item: Sitrus Berry\n|move|p1a: Weezing|Will-O-Wisp|p2b: Iron Hands\n|-status|p2b: Iron Hands|brn\n|move|p2b: Iron Hands|Drain Punch|p1b: Roaring Moon\n|-supereffective|p1b: Roaring Moon\n|-crit|p1b: Roaring Moon\n|-damage|p1b: Roaring Moon|0 fnt\n|-heal|p2b: Iron Hands|100\/100 brn|[from] drain|[of] p1b: Roaring Moon\n|faint|p1b: Roaring Moon\n|-end|p1b: Roaring Moon|Protosynthesis|[silent]\n|\n|-damage|p2b: Iron Hands|94\/100 brn|[from] brn\n|upkeep\n|inactive|wayne7715 has 30 seconds left.\n|\n|t:|1699922188\n|switch|p1b: Flutter Mane|Flutter Mane, L50|100\/100\n|turn|3\n|\n|t:|1699922200\n|-terastallize|p1b: Flutter Mane|Fairy\n|move|p1a: Weezing|Protect|p1a: Weezing\n|-singleturn|p1a: Weezing|Protect\n|move|p1b: Flutter Mane|Moonblast|p2b: Iron Hands\n|-supereffective|p2b: Iron Hands\n|-damage|p2b: Iron Hands|0 fnt\n|faint|p2b: Iron Hands\n|-end|p2b: Iron Hands|Quark Drive|[silent]\n|move|p2a: Chi-Yu|Heat Wave|p1a: Weezing|[spread] p1b\n|-activate|p1a: Weezing|move: Protect\n|-damage|p1b: Flutter Mane|49\/100\n|\n|upkeep\n|\n|t:|1699922209\n|switch|p2b: Farigiraf|Farigiraf, L50, M|100\/100\n|turn|4\n|\n|t:|1699922222\n|-end|p1a: Weezing|ability: Neutralizing Gas\n|-ability|p2a: Chi-Yu|Beads of Ruin\n|switch|p1a: Landorus|Landorus-Therian, L50, M|100\/100\n|-ability|p1a: Landorus|Intimidate|boost\n|-unboost|p2a: Chi-Yu|atk|1\n|-unboost|p2b: Farigiraf|atk|1\n|move|p1b: Flutter Mane|Moonblast|p2a: Chi-Yu\n|-crit|p2a: Chi-Yu\n|-damage|p2a: Chi-Yu|0 fnt\n|faint|p2a: Chi-Yu\n|move|p2b: Farigiraf|Trick Room|p2b: Farigiraf\n|-fieldstart|move: Trick Room|[of] p2b: Farigiraf\n|\n|upkeep\n|\n|t:|1699922232\n|switch|p2a: Scizor|Scizor, L50, M|100\/100\n|turn|5\n|\n|t:|1699922242\n|switch|p1a: Weezing|Weezing, L50, M|63\/100\n|-ability|p1a: Weezing|Neutralizing Gas\n|move|p2b: Farigiraf|Dazzling Gleam|p1a: Weezing|[spread] p1a,p1b\n|-resisted|p1a: Weezing\n|-damage|p1a: Weezing|53\/100\n|-damage|p1b: Flutter Mane|33\/100\n|move|p2a: Scizor|Swords Dance|p2a: Scizor\n|-boost|p2a: Scizor|atk|2\n|move|p1b: Flutter Mane|Moonblast|p2b: Farigiraf\n|-damage|p2b: Farigiraf|0 fnt\n|faint|p2b: Farigiraf\n|\n|upkeep\n|turn|6\n|inactive|matthewew has 30 seconds left.\n|inactive|matthewew has 20 seconds left.\n|\n|t:|1699922277\n|move|p2a: Scizor|Bullet Punch|p1a: Weezing\n|-damage|p1a: Weezing|14\/100\n|move|p1a: Weezing|Will-O-Wisp|p2a: Scizor\n|-status|p2a: Scizor|brn\n|move|p1b: Flutter Mane|Moonblast|p2a: Scizor\n|-resisted|p2a: Scizor\n|-crit|p2a: Scizor\n|-damage|p2a: Scizor|0 fnt\n|faint|p2a: Scizor\n|\n|win|wayne7715\n|raw|wayne7715's rating: 1321 &rarr; <strong>1344<\/strong><br \/>(+23 for winning)\n|raw|matthewew's rating: 1380 &rarr; <strong>1357<\/strong><br \/>(-23 for losing)\n|l|\u2606matthewew\n|l|\u2606wayne7715\n","uploadtime":1699922481,"views":15,"p1id":"wayne7715","p2id":"matthewew","formatid":"gen9vgc2023regulatione","rating":1344,"private":0,"password":""}