{"id":"gen9vgc2023regulatione-1993781174","p1":"PunkRockObstagoon","p2":"RealTomatoSoup","format":"[Gen 9] VGC 2023 Regulation E","log":"|j|\u2606PunkRockObstagoon\n|j|\u2606RealTomatoSoup\n|t:|1700356488\n|gametype|doubles\n|player|p1|PunkRockObstagoon|bruno|1437\n|player|p2|RealTomatoSoup|drayden|1392\n|teamsize|p1|6\n|teamsize|p2|6\n|gen|9\n|tier|[Gen 9] VGC 2023 Regulation E\n|rated|\n|rule|Species Clause: Limit one of each Pok\u00e9mon\n|rule|Item Clause: Limit one of each item\n|clearpoke\n|poke|p1|Spinarak, L50, M|\n|poke|p1|Tatsugiri-Droopy, L50, M|\n|poke|p1|Urshifu-*, L50, M|\n|poke|p1|Lurantis, L50, F|\n|poke|p1|Armarouge, L50, M|\n|poke|p1|Farigiraf, L50, F|\n|poke|p2|Iron Hands, L50|\n|poke|p2|Urshifu-*, L50, M|\n|poke|p2|Chien-Pao, L50|\n|poke|p2|Tornadus, L50, M|\n|poke|p2|Flutter Mane, L50|\n|poke|p2|Arcanine-Hisui, L50, M|\n|teampreview|4\n|inactive|Battle timer is ON: inactive players will automatically lose when time's up. (requested by PunkRockObstagoon)\n|inactive|PunkRockObstagoon has 60 seconds left.\n|\n|t:|1700356540\n|start\n|switch|p1a: Farigiraf|Farigiraf, L50, F|100\/100\n|switch|p1b: Urshifu|Urshifu-Rapid-Strike, L50, M|100\/100\n|switch|p2a: Flutter Mane|Flutter Mane, L50|100\/100\n|switch|p2b: Chien-Pao|Chien-Pao, L50|100\/100\n|-ability|p2b: Chien-Pao|Sword of Ruin\n|-enditem|p2a: Flutter Mane|Booster Energy\n|-activate|p2a: Flutter Mane|ability: Protosynthesis|[fromitem]\n|-start|p2a: Flutter Mane|protosynthesisspe\n|turn|1\n|\n|t:|1700356560\n|-terastallize|p1a: Farigiraf|Steel\n|move|p2a: Flutter Mane|Thunderbolt|p1b: Urshifu\n|-supereffective|p1b: Urshifu\n|-damage|p1b: Urshifu|29\/100\n|move|p1b: Urshifu|Surging Strikes|p2a: Flutter Mane\n|-crit|p2a: Flutter Mane\n|-damage|p2a: Flutter Mane|40\/100\n|-crit|p2a: Flutter Mane\n|-damage|p2a: Flutter Mane|0 fnt\n|faint|p2a: Flutter Mane\n|-end|p2a: Flutter Mane|Protosynthesis|[silent]\n|-hitcount|p2: Flutter Mane|2\n|move|p2b: Chien-Pao|Crunch|p1a: Farigiraf\n|-damage|p1a: Farigiraf|31\/100\n|move|p1a: Farigiraf|Trick Room|p1a: Farigiraf\n|-fieldstart|move: Trick Room|[of] p1a: Farigiraf\n|\n|upkeep\n|\n|t:|1700356576\n|switch|p2a: Iron Hands|Iron Hands, L50, shiny|100\/100\n|turn|2\n|\n|t:|1700356581\n|move|p2b: Chien-Pao|Protect|p2b: Chien-Pao\n|-singleturn|p2b: Chien-Pao|Protect\n|move|p1a: Farigiraf|Psychic|p2a: Iron Hands\n|-supereffective|p2a: Iron Hands\n|-crit|p2a: Iron Hands\n|-damage|p2a: Iron Hands|22\/100\n|move|p2a: Iron Hands|Thunder Punch|p1b: Urshifu\n|-supereffective|p1b: Urshifu\n|-damage|p1b: Urshifu|0 fnt\n|faint|p1b: Urshifu\n|\n|upkeep\n|\n|t:|1700356583\n|switch|p1b: Lurantis|Lurantis, L50, F|100\/100\n|turn|3\n|\n|t:|1700356600\n|move|p1b: Lurantis|Superpower|p2b: Chien-Pao\n|-supereffective|p2b: Chien-Pao\n|-enditem|p2b: Chien-Pao|Focus Sash\n|-damage|p2b: Chien-Pao|1\/100\n|-boost|p1b: Lurantis|atk|1\n|-boost|p1b: Lurantis|def|1\n|move|p1a: Farigiraf|Psychic|p2a: Iron Hands\n|-supereffective|p2a: Iron Hands\n|-damage|p2a: Iron Hands|0 fnt\n|faint|p2a: Iron Hands\n|-end|p2a: Iron Hands|Quark Drive|[silent]\n|move|p2b: Chien-Pao|Ice Spinner|p1b: Lurantis\n|-supereffective|p1b: Lurantis\n|-damage|p1b: Lurantis|21\/100\n|\n|upkeep\n|\n|t:|1700356614\n|switch|p2a: Urshifu|Urshifu-Rapid-Strike, L50, M|100\/100\n|turn|4\n|\n|t:|1700356623\n|-terastallize|p2a: Urshifu|Fire\n|move|p2b: Chien-Pao|Protect|p2b: Chien-Pao\n|-singleturn|p2b: Chien-Pao|Protect\n|move|p1b: Lurantis|Leaf Blade|p2a: Urshifu\n|-resisted|p2a: Urshifu\n|-damage|p2a: Urshifu|57\/100\n|move|p1a: Farigiraf|Hyper Voice|p2a: Urshifu|[spread] p2a\n|-activate|p2b: Chien-Pao|move: Protect\n|-damage|p2a: Urshifu|2\/100\n|move|p2a: Urshifu|Fire Punch|p1a: Farigiraf\n|-supereffective|p1a: Farigiraf\n|-damage|p1a: Farigiraf|0 fnt\n|faint|p1a: Farigiraf\n|\n|upkeep\n|\n|t:|1700356626\n|switch|p1a: Tatsugiri|Tatsugiri-Droopy, L50, M|100\/100\n|turn|5\n|\n|t:|1700356647\n|move|p2b: Chien-Pao|Sucker Punch|p1b: Lurantis\n|-damage|p1b: Lurantis|0 fnt\n|faint|p1b: Lurantis\n|move|p1a: Tatsugiri|Tera Blast|p2a: Urshifu\n|-damage|p2a: Urshifu|0 fnt\n|faint|p2a: Urshifu\n|\n|-fieldend|move: Trick Room\n|upkeep\n|turn|6\n|\n|t:|1700356657\n|move|p2b: Chien-Pao|Ice Spinner|p1a: Tatsugiri\n|-damage|p1a: Tatsugiri|16\/100\n|move|p1a: Tatsugiri|Tera Blast|p2b: Chien-Pao\n|-damage|p2b: Chien-Pao|0 fnt\n|faint|p2b: Chien-Pao\n|\n|win|PunkRockObstagoon\n|raw|PunkRockObstagoon's rating: 1437 &rarr; <strong>1454<\/strong><br \/>(+17 for winning)\n|raw|RealTomatoSoup's rating: 1392 &rarr; <strong>1375<\/strong><br \/>(-17 for losing)\n","uploadtime":1700356661,"views":13,"p1id":"punkrockobstagoon","p2id":"realtomatosoup","formatid":"gen9vgc2023regulatione","rating":1375,"private":0,"password":""}