{"id":"gen9vgc2023regulatione-1999412801","p1":"Wieso","p2":"haamgamer07","format":"[Gen 9] VGC 2023 Regulation E","log":"|j|\u2606Wieso\n|j|\u2606haamgamer07\n|t:|1701076277\n|gametype|doubles\n|player|p1|Wieso|169|1295\n|player|p2|haamgamer07|101|1321\n|teamsize|p1|6\n|teamsize|p2|6\n|gen|9\n|tier|[Gen 9] VGC 2023 Regulation E\n|rated|\n|rule|Species Clause: Limit one of each Pok\u00e9mon\n|rule|Item Clause: Limit one of each item\n|clearpoke\n|poke|p1|Sinistcha-Masterpiece, L50|\n|poke|p1|Garganacl, L50, M|\n|poke|p1|Armarouge, L50, F|\n|poke|p1|Indeedee-F, L50, F|\n|poke|p1|Ogerpon-Wellspring, L50, F|\n|poke|p1|Iron Hands, L50|\n|poke|p2|Flutter Mane, L50|\n|poke|p2|Iron Hands, L50|\n|poke|p2|Ogerpon-Hearthflame, L50, F|\n|poke|p2|Cresselia, L50, F|\n|poke|p2|Ursaluna, L50, F|\n|poke|p2|Empoleon, L50, F|\n|teampreview|4\n|inactive|Battle timer is ON: inactive players will automatically lose when time's up. (requested by haamgamer07)\n|inactive|haamgamer07 has 60 seconds left.\n|\n|t:|1701076321\n|start\n|switch|p1a: Ogerpon|Ogerpon-Wellspring, L50, F|100\/100\n|switch|p1b: Sinistcha|Sinistcha-Masterpiece, L50|100\/100\n|switch|p2a: Flutter Mane|Flutter Mane, L50|100\/100\n|switch|p2b: Ogerpon|Ogerpon-Hearthflame, L50, F|100\/100\n|-ability|p2b: Ogerpon|Mold Breaker\n|turn|1\n|inactive|Wieso has 30 seconds left.\n|inactive|Wieso has 20 seconds left.\n|\n|t:|1701076356\n|-terastallize|p1b: Sinistcha|Fairy\n|move|p1a: Ogerpon|Spiky Shield|p1a: Ogerpon\n|-singleturn|p1a: Ogerpon|move: Protect\n|move|p2b: Ogerpon|Follow Me|p2b: Ogerpon\n|-singleturn|p2b: Ogerpon|move: Follow Me\n|move|p2a: Flutter Mane|Dazzling Gleam|p1b: Sinistcha|[spread] p1b\n|-activate|p1a: Ogerpon|move: Protect\n|-damage|p1b: Sinistcha|68\/100\n|move|p1b: Sinistcha|Trick Room|p1b: Sinistcha\n|-fieldstart|move: Trick Room|[of] p1b: Sinistcha\n|\n|upkeep\n|turn|2\n|inactive|haamgamer07 has 30 seconds left.\n|inactive|haamgamer07 has 20 seconds left.\n|\n|t:|1701076396\n|move|p1b: Sinistcha|Matcha Gotcha|p2b: Ogerpon|[spread] p2a,p2b\n|-resisted|p2b: Ogerpon\n|-damage|p2a: Flutter Mane|77\/100\n|-heal|p1b: Sinistcha|77\/100|[from] drain|[of] p2a: Flutter Mane\n|-damage|p2b: Ogerpon|94\/100\n|-heal|p1b: Sinistcha|81\/100|[from] drain|[of] p2b: Ogerpon\n|-status|p2a: Flutter Mane|brn\n|move|p2b: Ogerpon|Horn Leech|p1b: Sinistcha\n|-damage|p1b: Sinistcha|42\/100\n|-heal|p2b: Ogerpon|100\/100|[from] drain|[of] p1b: Sinistcha\n|-enditem|p1b: Sinistcha|Sitrus Berry|[eat]\n|-heal|p1b: Sinistcha|67\/100|[from] item: Sitrus Berry\n|move|p1a: Ogerpon|Ivy Cudgel|p2b: Ogerpon|[anim] Ivy Cudgel Water\n|-damage|p2b: Ogerpon|38\/100\n|move|p2a: Flutter Mane|Trick Room|p2a: Flutter Mane\n|-fieldend|move: Trick Room\n|\n|-damage|p2a: Flutter Mane|71\/100 brn|[from] brn\n|upkeep\n|turn|3\n|inactive|haamgamer07 has 30 seconds left.\n|inactive|haamgamer07 has 20 seconds left.\n|inactive|haamgamer07 has 15 seconds left.\n|\n|t:|1701076438\n|move|p2a: Flutter Mane|Dazzling Gleam|p1b: Sinistcha|[spread] p1a,p1b\n|-damage|p1a: Ogerpon|62\/100\n|-damage|p1b: Sinistcha|36\/100\n|move|p1a: Ogerpon|Ivy Cudgel|p2a: Flutter Mane|[anim] Ivy Cudgel Water\n|-damage|p2a: Flutter Mane|0 fnt\n|faint|p2a: Flutter Mane\n|-end|p2a: Flutter Mane|Protosynthesis|[silent]\n|move|p2b: Ogerpon|Ivy Cudgel|p1b: Sinistcha|[anim] Ivy Cudgel Fire\n|-damage|p1b: Sinistcha|0 fnt\n|faint|p1b: Sinistcha\n|\n|upkeep\n|\n|t:|1701076455\n|switch|p2a: Cresselia|Cresselia, L50, F|100\/100\n|switch|p1b: Indeedee|Indeedee-F, L50, F|100\/100\n|-fieldstart|move: Psychic Terrain|[from] ability: Psychic Surge|[of] p1b: Indeedee\n|-enditem|p1b: Indeedee|Psychic Seed\n|-boost|p1b: Indeedee|spd|1|[from] item: Psychic Seed\n|turn|4\n|inactive|haamgamer07 has 30 seconds left.\n|inactive|haamgamer07 has 20 seconds left.\n|\n|t:|1701076491\n|move|p2b: Ogerpon|Spiky Shield|p2b: Ogerpon\n|-singleturn|p2b: Ogerpon|move: Protect\n|move|p1a: Ogerpon|Ivy Cudgel|p2b: Ogerpon|[anim] Ivy Cudgel Water\n|-activate|p2b: Ogerpon|move: Protect\n|move|p2a: Cresselia|Psychic|p1a: Ogerpon\n|-damage|p1a: Ogerpon|31\/100\n|move|p1b: Indeedee|Dazzling Gleam|p2a: Cresselia|[spread] p2a\n|-activate|p2b: Ogerpon|move: Protect\n|-damage|p2a: Cresselia|91\/100\n|\n|upkeep\n|turn|5\n|inactive|haamgamer07 has 30 seconds left.\n|\n|t:|1701076523\n|move|p1a: Ogerpon|Ivy Cudgel|p2b: Ogerpon|[anim] Ivy Cudgel Water\n|-damage|p2b: Ogerpon|0 fnt\n|faint|p2b: Ogerpon\n|move|p1b: Indeedee|Dazzling Gleam|p2a: Cresselia\n|-damage|p2a: Cresselia|80\/100\n|move|p2a: Cresselia|Trick Room|p2a: Cresselia\n|-fieldstart|move: Trick Room|[of] p2a: Cresselia\n|\n|upkeep\n|\n|t:|1701076532\n|switch|p2b: Ursaluna|Ursaluna, L50, F|100\/100\n|turn|6\n|\n|t:|1701076542\n|move|p2b: Ursaluna|Protect|p2b: Ursaluna\n|-singleturn|p2b: Ursaluna|Protect\n|move|p1b: Indeedee|Follow Me|p1b: Indeedee\n|-singleturn|p1b: Indeedee|move: Follow Me\n|move|p2a: Cresselia|Psychic|p1b: Indeedee\n|-resisted|p1b: Indeedee\n|-damage|p1b: Indeedee|92\/100\n|move|p1a: Ogerpon|Ivy Cudgel|p2b: Ursaluna|[anim] Ivy Cudgel Water\n|-activate|p2b: Ursaluna|move: Protect\n|\n|-status|p2b: Ursaluna|brn|[from] item: Flame Orb\n|upkeep\n|turn|7\n|inactive|haamgamer07 has 30 seconds left.\n|\n|t:|1701076571\n|move|p1b: Indeedee|Follow Me|p1b: Indeedee\n|-singleturn|p1b: Indeedee|move: Follow Me\n|move|p2b: Ursaluna|Earthquake|p1b: Indeedee|[spread] p1a,p1b\n|-immune|p2a: Cresselia|[from] ability: Levitate\n|-resisted|p1a: Ogerpon\n|-damage|p1a: Ogerpon|0 fnt\n|-damage|p1b: Indeedee|27\/100\n|faint|p1a: Ogerpon\n|move|p2a: Cresselia|Ice Beam|p1b: Indeedee\n|-damage|p1b: Indeedee|16\/100\n|\n|-damage|p2b: Ursaluna|95\/100 brn|[from] brn\n|upkeep\n|\n|t:|1701076578\n|switch|p1a: Armarouge|Armarouge, L50, F|100\/100\n|turn|8\n|-message|Wieso forfeited.\n|\n|win|haamgamer07\n|raw|Wieso's rating: 1295 &rarr; <strong>1272<\/strong><br \/>(-23 for losing)\n|raw|haamgamer07's rating: 1321 &rarr; <strong>1340<\/strong><br \/>(+19 for winning)\n|l|\u2606Wieso\n","uploadtime":1701076601,"views":15,"p1id":"wieso","p2id":"haamgamer07","formatid":"gen9vgc2023regulatione","rating":1272,"private":0,"password":""}