{"id":"gen9vgc2023regulatione-1997577256","p1":"Plasma616","p2":"jahasra","format":"[Gen 9] VGC 2023 Regulation E","log":"|j|\u2606Plasma616\n|j|\u2606jahasra\n|t:|1700828118\n|gametype|doubles\n|player|p1|Plasma616|candice|1113\n|player|p2|jahasra|jasmine|1061\n|teamsize|p1|6\n|teamsize|p2|6\n|gen|9\n|tier|[Gen 9] VGC 2023 Regulation E\n|rated|\n|rule|Species Clause: Limit one of each Pok\u00e9mon\n|rule|Item Clause: Limit one of each item\n|clearpoke\n|poke|p1|Amoonguss, L50, M|\n|poke|p1|Landorus-Therian, L50, M|\n|poke|p1|Tornadus, L50, M|\n|poke|p1|Ursaluna-Bloodmoon, L50, M|\n|poke|p1|Flutter Mane, L50|\n|poke|p1|Urshifu-*, L50, F|\n|poke|p2|Illumise, L50, F|\n|poke|p2|Chien-Pao, L50|\n|poke|p2|Iron Hands, L50|\n|poke|p2|Landorus-Therian, L50, M|\n|poke|p2|Flutter Mane, L50|\n|poke|p2|Ogerpon-Wellspring, L50, F|\n|teampreview|4\n|\n|t:|1700828156\n|start\n|switch|p1a: Amoonguss|Amoonguss, L50, M|100\/100\n|switch|p1b: Ursaluna|Ursaluna-Bloodmoon, L50, M|100\/100\n|switch|p2a: Illumise|Illumise, L50, F|100\/100\n|switch|p2b: Ogerpon|Ogerpon-Wellspring, L50, F|100\/100\n|turn|1\n|\n|t:|1700828185\n|-terastallize|p2b: Ogerpon|Water\n|detailschange|p2b: Ogerpon|Ogerpon-Wellspring-Tera, L50, F, tera:Water\n|-ability|p2b: Ogerpon|Embody Aspect (Wellspring)|boost\n|-boost|p2b: Ogerpon|spd|1\n|move|p1b: Ursaluna|Protect|p1b: Ursaluna\n|-singleturn|p1b: Ursaluna|Protect\n|move|p2a: Illumise|Rain Dance|p2a: Illumise\n|-weather|RainDance\n|move|p2b: Ogerpon|Ivy Cudgel|p1b: Ursaluna|[anim] Ivy Cudgel Water\n|-activate|p1b: Ursaluna|move: Protect\n|move|p1a: Amoonguss|Spore|p2a: Illumise\n|-status|p2a: Illumise|slp|[from] move: Spore\n|\n|-weather|RainDance|[upkeep]\n|upkeep\n|turn|2\n|c|\u2606jahasra|common\n|c|\u2606jahasra|don't just spore everything\n|\n|t:|1700828221\n|switch|p2a: Landorus|Landorus-Therian, L50, M|100\/100\n|-ability|p2a: Landorus|Intimidate|boost\n|-unboost|p1a: Amoonguss|atk|1\n|-unboost|p1b: Ursaluna|atk|1\n|move|p1a: Amoonguss|Rage Powder|p1a: Amoonguss\n|-singleturn|p1a: Amoonguss|move: Rage Powder\n|move|p2b: Ogerpon|Ivy Cudgel|p1a: Amoonguss|[anim] Ivy Cudgel Water\n|-resisted|p1a: Amoonguss\n|-damage|p1a: Amoonguss|56\/100\n|move|p1b: Ursaluna|Hyper Voice|p2a: Landorus|[spread] p2a,p2b\n|-damage|p2a: Landorus|46\/100\n|-damage|p2b: Ogerpon|68\/100\n|-enditem|p1b: Ursaluna|Throat Spray\n|-boost|p1b: Ursaluna|spa|1|[from] item: Throat Spray\n|\n|-weather|RainDance|[upkeep]\n|-heal|p1a: Amoonguss|62\/100|[from] item: Black Sludge\n|upkeep\n|turn|3\n|\n|t:|1700828240\n|move|p1a: Amoonguss|Rage Powder|p1a: Amoonguss\n|-singleturn|p1a: Amoonguss|move: Rage Powder\n|move|p2a: Landorus|U-turn|p1a: Amoonguss\n|-damage|p1a: Amoonguss|43\/100\n|\n|t:|1700828248\n|switch|p2a: Chien-Pao|Chien-Pao, L50|100\/100|[from] U-turn\n|-ability|p2a: Chien-Pao|Sword of Ruin\n|move|p2b: Ogerpon|Ivy Cudgel|p1a: Amoonguss|[anim] Ivy Cudgel Water\n|-resisted|p1a: Amoonguss\n|-damage|p1a: Amoonguss|0 fnt\n|faint|p1a: Amoonguss\n|move|p1b: Ursaluna|Hyper Voice|p2b: Ogerpon|[spread] p2a,p2b\n|-enditem|p2a: Chien-Pao|Focus Sash\n|-damage|p2a: Chien-Pao|1\/100\n|-damage|p2b: Ogerpon|23\/100\n|\n|-weather|RainDance|[upkeep]\n|upkeep\n|\n|t:|1700828271\n|switch|p1a: Urshifu|Urshifu-Rapid-Strike, L50, F|100\/100\n|turn|4\n|\n|t:|1700828292\n|move|p1b: Ursaluna|Protect|p1b: Ursaluna\n|-singleturn|p1b: Ursaluna|Protect\n|move|p2a: Chien-Pao|Icicle Crash|p1b: Ursaluna\n|-activate|p1b: Ursaluna|move: Protect\n|move|p2b: Ogerpon|Wood Hammer|p1a: Urshifu\n|-supereffective|p1a: Urshifu\n|-damage|p1a: Urshifu|0 fnt\n|faint|p1a: Urshifu\n|-damage|p2b: Ogerpon|0 fnt|[from] Recoil\n|faint|p2b: Ogerpon\n|\n|-weather|RainDance|[upkeep]\n|upkeep\n|\n|t:|1700828305\n|switch|p2b: Landorus|Landorus-Therian, L50, M|46\/100\n|switch|p1a: Landorus|Landorus-Therian, L50, M|100\/100\n|-ability|p2b: Landorus|Intimidate|boost\n|-unboost|p1a: Landorus|atk|1\n|-unboost|p1b: Ursaluna|atk|1\n|-ability|p1a: Landorus|Intimidate|boost\n|-unboost|p2a: Chien-Pao|atk|1\n|-unboost|p2b: Landorus|atk|1\n|turn|5\n|\n|t:|1700828334\n|move|p1b: Ursaluna|Vacuum Wave|p2a: Chien-Pao\n|-supereffective|p2a: Chien-Pao\n|-damage|p2a: Chien-Pao|0 fnt\n|faint|p2a: Chien-Pao\n|move|p2b: Landorus|U-turn|p1b: Ursaluna\n|-damage|p1b: Ursaluna|88\/100\n|\n|t:|1700828339\n|switch|p2b: Illumise|Illumise, L50, F|100\/100 slp|[from] U-turn\n|move|p1a: Landorus|Nasty Plot|p1a: Landorus\n|-boost|p1a: Landorus|spa|2\n|\n|-weather|none\n|upkeep\n|\n|t:|1700828345\n|switch|p2a: Landorus|Landorus-Therian, L50, M|46\/100\n|-ability|p2a: Landorus|Intimidate|boost\n|-unboost|p1a: Landorus|atk|1\n|-unboost|p1b: Ursaluna|atk|1\n|turn|6\n|\n|t:|1700828360\n|cant|p2b: Illumise|slp\n|move|p2a: Landorus|Rock Slide|p1b: Ursaluna|[spread] p1a,p1b\n|-resisted|p1b: Ursaluna\n|-damage|p1a: Landorus|75\/100\n|-damage|p1b: Ursaluna|80\/100\n|move|p1a: Landorus|Tera Blast|p2a: Landorus\n|-damage|p2a: Landorus|0 fnt\n|faint|p2a: Landorus\n|move|p1b: Ursaluna|Hyper Voice|p2b: Illumise\n|-damage|p2b: Illumise|15\/100 slp\n|\n|upkeep\n|turn|7\n|-message|jahasra forfeited.\n|\n|win|Plasma616\n|raw|Plasma616's rating: 1113 &rarr; <strong>1134<\/strong><br \/>(+21 for winning)\n|raw|jahasra's rating: 1061 &rarr; <strong>1045<\/strong><br \/>(-16 for losing)\n|l|\u2606jahasra\n","uploadtime":1700828412,"views":5,"p1id":"plasma616","p2id":"jahasra","formatid":"gen9vgc2023regulatione","rating":1045,"private":0,"password":""}