{"id":"gen9vgc2023regulatione-1994000882","p1":"Alejandro003","p2":"blazingfox4","format":"[Gen 9] VGC 2023 Regulation E","log":"|j|\u2606Alejandro003\n|j|\u2606blazingfox4\n|t:|1700391250\n|gametype|doubles\n|player|p1|Alejandro003|n|1154\n|player|p2|blazingfox4|blackbelt-gen4|1160\n|teamsize|p1|6\n|teamsize|p2|6\n|gen|9\n|tier|[Gen 9] VGC 2023 Regulation E\n|rated|\n|rule|Species Clause: Limit one of each Pok\u00e9mon\n|rule|Item Clause: Limit one of each item\n|clearpoke\n|poke|p1|Arcanine-Hisui, L50, F|\n|poke|p1|Grimmsnarl, L50, M|\n|poke|p1|Thundurus, L50, M|\n|poke|p1|Amoonguss, L50, M|\n|poke|p1|Urshifu-*, L50, F|\n|poke|p1|Gholdengo, L50|\n|poke|p2|Urshifu-*, L50, F|\n|poke|p2|Flutter Mane, L50|\n|poke|p2|Arcanine-Hisui, L50, F|\n|poke|p2|Iron Hands, L50|\n|poke|p2|Landorus-Therian, L50, M|\n|poke|p2|Tornadus, L50, M|\n|teampreview|4\n|inactive|Battle timer is ON: inactive players will automatically lose when time's up. (requested by blazingfox4)\n|inactive|Alejandro003 has 60 seconds left.\n|inactive|blazingfox4 has 60 seconds left.\nblazingfox4 rejected open team sheets.\n|\n|t:|1700391304\n|start\n|switch|p1a: Thundurus|Thundurus, L50, M|100\/100\n|switch|p1b: Arcanine|Arcanine-Hisui, L50, F|100\/100\n|switch|p2a: Iron Hands|Iron Hands, L50|100\/100\n|switch|p2b: Arcanine|Arcanine-Hisui, L50, F|100\/100\n|-ability|p2b: Arcanine|Intimidate|boost\n|-unboost|p1a: Thundurus|atk|1\n|-unboost|p1b: Arcanine|atk|1\n|-ability|p1b: Arcanine|Intimidate|boost\n|-unboost|p2a: Iron Hands|atk|1\n|-unboost|p2b: Arcanine|atk|1\n|turn|1\n|inactive|Alejandro003 has 30 seconds left.\n|\n|t:|1700391339\n|switch|p1b: Amoonguss|Amoonguss, L50, M|100\/100\n|move|p2a: Iron Hands|Fake Out|p1a: Thundurus\n|-damage|p1a: Thundurus|88\/100\n|-damage|p2a: Iron Hands|84\/100|[from] item: Rocky Helmet|[of] p1a: Thundurus\n|cant|p1a: Thundurus|flinch\n|move|p2b: Arcanine|Rock Slide|p1a: Thundurus|[spread] p1a,p1b\n|-supereffective|p1a: Thundurus\n|-damage|p1a: Thundurus|42\/100\n|-damage|p1b: Amoonguss|82\/100\n|\n|upkeep\n|turn|2\n|inactive|Alejandro003 has 30 seconds left.\n|inactive|blazingfox4 has 30 seconds left.\n|\n|t:|1700391368\n|switch|p1a: Arcanine|Arcanine-Hisui, L50, F|100\/100\n|-ability|p1a: Arcanine|Intimidate|boost\n|-unboost|p2a: Iron Hands|atk|1\n|-unboost|p2b: Arcanine|atk|1\n|-terastallize|p1b: Amoonguss|Fire\n|move|p2b: Arcanine|Flare Blitz|p1b: Amoonguss\n|-resisted|p1b: Amoonguss\n|-crit|p1b: Amoonguss\n|-damage|p1b: Amoonguss|32\/100\n|-damage|p2b: Arcanine|79\/100|[from] Recoil\n|move|p2a: Iron Hands|Wild Charge|p1a: Arcanine\n|-damage|p1a: Arcanine|70\/100\n|-damage|p2a: Iron Hands|79\/100|[from] Recoil\n|move|p1b: Amoonguss|Spore|p2b: Arcanine\n|-status|p2b: Arcanine|slp|[from] move: Spore\n|\n|upkeep\n|turn|3\n|inactive|Alejandro003 has 30 seconds left.\n|inactive|blazingfox4 has 30 seconds left.\n|\n|t:|1700391401\n|-end|p2a: Iron Hands|Quark Drive|[silent]\n|switch|p2a: Landorus|Landorus-Therian, L50, M|100\/100\n|-ability|p2a: Landorus|Intimidate|boost\n|-unboost|p1a: Arcanine|atk|1\n|-unboost|p1b: Amoonguss|atk|1\n|move|p1b: Amoonguss|Rage Powder|p1b: Amoonguss\n|-singleturn|p1b: Amoonguss|move: Rage Powder\n|cant|p2b: Arcanine|slp\n|move|p1a: Arcanine|Flare Blitz|p2a: Landorus\n|-damage|p2a: Landorus|35\/100\n|-damage|p1a: Arcanine|49\/100|[from] Recoil\n|\n|upkeep\n|turn|4\n|\n|t:|1700391426\n|switch|p1a: Thundurus|Thundurus, L50, M|42\/100\n|cant|p2b: Arcanine|slp\n|move|p2a: Landorus|Rock Slide|p1a: Thundurus|[spread] p1a,p1b\n|-supereffective|p1a: Thundurus\n|-supereffective|p1b: Amoonguss\n|-damage|p1a: Thundurus|0 fnt\n|-damage|p1b: Amoonguss|0 fnt\n|faint|p1a: Thundurus\n|faint|p1b: Amoonguss\n|-damage|p2a: Landorus|25\/100|[from] item: Life Orb\n|\n|upkeep\n|\n|t:|1700391436\n|switch|p1a: Arcanine|Arcanine-Hisui, L50, F|49\/100\n|switch|p1b: Gholdengo|Gholdengo, L50|100\/100\n|-ability|p1a: Arcanine|Intimidate|boost\n|-unboost|p2a: Landorus|atk|1\n|-unboost|p2b: Arcanine|atk|1\n|turn|5\n|\n|t:|1700391452\n|switch|p2a: Iron Hands|Iron Hands, L50|79\/100\n|move|p1a: Arcanine|Extreme Speed|p2a: Iron Hands\n|-damage|p2a: Iron Hands|56\/100\n|-curestatus|p2b: Arcanine|slp|[msg]\n|move|p2b: Arcanine|Flare Blitz|p1b: Gholdengo\n|-supereffective|p1b: Gholdengo\n|-damage|p1b: Gholdengo|45\/100\n|-damage|p2b: Arcanine|61\/100|[from] Recoil\n|move|p1b: Gholdengo|Nasty Plot|p1b: Gholdengo\n|-boost|p1b: Gholdengo|spa|2\n|\n|upkeep\n|turn|6\n|\n|t:|1700391469\n|move|p2a: Iron Hands|Fake Out|p1a: Arcanine\n|-resisted|p1a: Arcanine\n|-damage|p1a: Arcanine|40\/100\n|cant|p1a: Arcanine|flinch\n|move|p2b: Arcanine|Flare Blitz|p1b: Gholdengo\n|-supereffective|p1b: Gholdengo\n|-damage|p1b: Gholdengo|0 fnt\n|faint|p1b: Gholdengo\n|-damage|p2b: Arcanine|47\/100|[from] Recoil\n|-enditem|p2b: Arcanine|Sitrus Berry|[eat]\n|-heal|p2b: Arcanine|72\/100|[from] item: Sitrus Berry\n|\n|upkeep\n|turn|7\n|\n|t:|1700391481\n|move|p1a: Arcanine|Extreme Speed|p2a: Iron Hands\n|-damage|p2a: Iron Hands|31\/100\n|move|p2b: Arcanine|Rock Slide|p1a: Arcanine\n|-supereffective|p1a: Arcanine\n|-damage|p1a: Arcanine|4\/100\n|move|p2a: Iron Hands|Drain Punch|p1a: Arcanine\n|-supereffective|p1a: Arcanine\n|-damage|p1a: Arcanine|0 fnt\n|-heal|p2a: Iron Hands|32\/100|[from] drain|[of] p1a: Arcanine\n|faint|p1a: Arcanine\n|\n|win|blazingfox4\n|raw|Alejandro003's rating: 1154 &rarr; <strong>1129<\/strong><br \/>(-25 for losing)\n|raw|blazingfox4's rating: 1160 &rarr; <strong>1185<\/strong><br \/>(+25 for winning)\n|l|\u2606Alejandro003\n|l|\u2606blazingfox4\n|j|\u2606blazingfox4\n|player|p2|blazingfox4|blackbelt-gen4\n","uploadtime":1700391645,"views":11,"p1id":"alejandro003","p2id":"blazingfox4","formatid":"gen9vgc2023regulatione","rating":1129,"private":0,"password":""}