{"id":"gen9vgc2023regulatione-1988375219","p1":"k3ksmann","p2":"iAmGross","format":"[Gen 9] VGC 2023 Regulation E","log":"|j|\u2606k3ksmann\n|j|\u2606iAmGross\n|n|\u2606k3ksmann|k3ksmann\n|n|\u2606iAmGross|iamgross\n|html|View the match progress at <a href=\"\/game-bestof3-gen9vgc2023regulatione-1988371618\">game-bestof3-gen9vgc2023regulatione-1988371618<\/a>\n|t:|1699715733\n|gametype|doubles\n|player|p1|k3ksmann|whitney|\n|player|p2|iAmGross|101|\n|teamsize|p1|6\n|teamsize|p2|6\n|gen|9\n|tier|[Gen 9] VGC 2023 Regulation E\n|rule|Species Clause: Limit one of each Pok\u00e9mon\n|rule|Item Clause: Limit one of each item\n|clearpoke\n|poke|p1|Lycanroc-Dusk, L50, M|\n|poke|p1|Pawmot, L50, F|\n|poke|p1|Overqwil, L50, F|\n|poke|p1|Tatsugiri, L50, M|\n|poke|p1|Drifblim, L50, M|\n|poke|p1|Hippowdon, L50, F|\n|poke|p2|Ninetales, L50, F|\n|poke|p2|Typhlosion-Hisui, L50, M|\n|poke|p2|Glimmora, L50, F|\n|poke|p2|Toedscruel, L50, M|\n|poke|p2|Hariyama, L50, M|\n|poke|p2|Rotom-Frost, L50|\n|teampreview|4\niAmGross rejected open team sheets.\n|\n|t:|1699715789\n|start\n|switch|p1a: Drifblim|Drifblim, L50, M|100\/100\n|switch|p1b: Pawmot|Pawmot, L50, F|100\/100\n|switch|p2a: Toedscruel|Toedscruel, L50, M|100\/100\n|switch|p2b: Rotom|Rotom-Frost, L50|100\/100\n|turn|1\n|\n|t:|1699715834\n|-terastallize|p2b: Rotom|Electric\n|move|p1b: Pawmot|Close Combat|p2b: Rotom\n|-damage|p2b: Rotom|44\/100\n|-unboost|p1b: Pawmot|def|1\n|-unboost|p1b: Pawmot|spd|1\n|move|p1a: Drifblim|Phantom Force||[still]\n|-prepare|p1a: Drifblim|Phantom Force\n|move|p2b: Rotom|Will-O-Wisp|p1b: Pawmot\n|-status|p1b: Pawmot|brn\n|move|p2a: Toedscruel|Trick Room|p2a: Toedscruel\n|-fieldstart|move: Trick Room|[of] p2a: Toedscruel\n|\n|-damage|p1b: Pawmot|94\/100 brn|[from] brn\n|upkeep\n|turn|2\n|\n|t:|1699715858\n|-curestatus|p1b: Pawmot|brn|[from] ability: Natural Cure\n|switch|p1b: Tatsugiri|Tatsugiri, L50, M|100\/100\n|move|p2a: Toedscruel|Rage Powder|p2a: Toedscruel\n|-singleturn|p2a: Toedscruel|move: Rage Powder\n|move|p2b: Rotom|Nasty Plot|p2b: Rotom\n|-boost|p2b: Rotom|spa|2\n|move|p1a: Drifblim|Phantom Force|p2a: Toedscruel|[from]lockedmove\n|-crit|p2a: Toedscruel\n|-damage|p2a: Toedscruel|42\/100\n|\n|upkeep\n|turn|3\n|\n|t:|1699715898\n|switch|p1a: Pawmot|Pawmot, L50, F|94\/100\n|move|p2b: Rotom|Blizzard|p1b: Tatsugiri|[spread] p1a,p1b\n|-damage|p1a: Pawmot|0 fnt\n|-damage|p1b: Tatsugiri|0 fnt\n|faint|p1a: Pawmot\n|faint|p1b: Tatsugiri\n|move|p2a: Toedscruel|Energy Ball|p1: Pawmot|[notarget]\n|-fail|p2a: Toedscruel\n|\n|upkeep\n|\n|t:|1699715909\n|switch|p1b: Drifblim|Drifblim, L50, M|100\/100\n|switch|p1a: Lycanroc|Lycanroc-Dusk, L50, M|100\/100\n|turn|4\n|\n|t:|1699715954\n|move|p2a: Toedscruel|Rage Powder|p2a: Toedscruel\n|-singleturn|p2a: Toedscruel|move: Rage Powder\n|move|p2b: Rotom|Blizzard|p1a: Lycanroc|[spread] p1a\n|-miss|p2b: Rotom|p1b: Drifblim\n|-damage|p1a: Lycanroc|0 fnt\n|faint|p1a: Lycanroc\n|move|p1b: Drifblim|Phantom Force||[still]\n|-prepare|p1b: Drifblim|Phantom Force\n|\n|upkeep\n|turn|5\n|\n|t:|1699715975\n|switch|p2a: Typhlosion|Typhlosion-Hisui, L50, M|100\/100\n|-item|p1b: Drifblim|Weakness Policy|[from] ability: Frisk|[of] p2a: Typhlosion|[identify]\n|move|p2b: Rotom|Protect|p2b: Rotom\n|-singleturn|p2b: Rotom|Protect\n|move|p1b: Drifblim|Phantom Force|p2b: Rotom|[from]lockedmove\n|-activate|p2b: Rotom|move: Phantom Force|[broken]\n|-damage|p2b: Rotom|8\/100\n|\n|-fieldend|move: Trick Room\n|upkeep\n|turn|6\n|\n|t:|1699716005\n|switch|p2b: Toedscruel|Toedscruel, L50, M|42\/100\n|move|p2a: Typhlosion|Infernal Parade|p1b: Drifblim\n|-supereffective|p1b: Drifblim\n|-damage|p1b: Drifblim|42\/100\n|-enditem|p1b: Drifblim|Weakness Policy\n|-boost|p1b: Drifblim|atk|2|[from] item: Weakness Policy\n|-boost|p1b: Drifblim|spa|2|[from] item: Weakness Policy\n|move|p1b: Drifblim|Air Cutter|p2b: Toedscruel|[spread] p2a,p2b\n|-supereffective|p2b: Toedscruel\n|-crit|p2b: Toedscruel\n|-damage|p2a: Typhlosion|70\/100\n|-damage|p2b: Toedscruel|0 fnt\n|faint|p2b: Toedscruel\n|\n|upkeep\n|\n|t:|1699716022\n|switch|p2b: Rotom|Rotom-Frost, L50, tera:Electric|8\/100\n|turn|7\n|\n|t:|1699716034\n|-terastallize|p1b: Drifblim|Flying\n|move|p1b: Drifblim|Air Cutter|p2b: Rotom|[spread] p2a,p2b\n|-resisted|p2b: Rotom\n|-damage|p2a: Typhlosion|30\/100\n|-damage|p2b: Rotom|0 fnt\n|faint|p2b: Rotom\n|move|p2a: Typhlosion|Infernal Parade|p1b: Drifblim\n|-damage|p1b: Drifblim|8\/100\n|\n|upkeep\n|\n|t:|1699716038\n|switch|p2b: Hariyama|Hariyama, L50, M|100\/100\n|turn|8\n|\n|t:|1699716048\n|move|p1b: Drifblim|Protect|p1b: Drifblim\n|-singleturn|p1b: Drifblim|Protect\n|move|p2b: Hariyama|Fake Out|p1b: Drifblim\n|-activate|p1b: Drifblim|move: Protect\n|move|p2a: Typhlosion|Infernal Parade|p1b: Drifblim\n|-activate|p1b: Drifblim|move: Protect\n|\n|-status|p2b: Hariyama|brn|[from] item: Flame Orb\n|upkeep\n|turn|9\n|\n|t:|1699716066\n|move|p2b: Hariyama|Wide Guard|p2b: Hariyama\n|-singleturn|p2b: Hariyama|Wide Guard\n|move|p1b: Drifblim|Air Cutter|p2b: Hariyama|[spread] \n|-activate|p2a: Typhlosion|move: Wide Guard\n|-activate|p2b: Hariyama|move: Wide Guard\n|move|p2a: Typhlosion|Infernal Parade|p1b: Drifblim\n|-damage|p1b: Drifblim|0 fnt\n|faint|p1b: Drifblim\n|\n|win|iAmGross\n","uploadtime":1699716105,"views":31,"p1id":"k3ksmann","p2id":"iamgross","formatid":"gen9vgc2023regulatione","rating":0,"private":0,"password":""}