{"id":"gen9vgc2023regulatione-1993583902","p1":"DeathReaperTTV","p2":"VeversonJP","format":"[Gen 9] VGC 2023 Regulation E","log":"|j|\u2606DeathReaperTTV\n|j|\u2606VeversonJP\n|n|\u2606DeathReaperTTV|deathreaperttv\n|n|\u2606VeversonJP|veversonjp\n|html|View the match progress at <a href=\"\/game-bestof3-gen9vgc2023regulatione-1993577410\">game-bestof3-gen9vgc2023regulatione-1993577410<\/a>\n|t:|1700334372\n|gametype|doubles\n|player|p1|DeathReaperTTV|red|\n|player|p2|VeversonJP|swimmer-gen4dp|\n|teamsize|p1|6\n|teamsize|p2|6\n|gen|9\n|tier|[Gen 9] VGC 2023 Regulation E\n|rule|Species Clause: Limit one of each Pok\u00e9mon\n|rule|Item Clause: Limit one of each item\n|clearpoke\n|poke|p1|Urshifu-*, L50, M|\n|poke|p1|Flutter Mane, L50|\n|poke|p1|Amoonguss, L50, M|\n|poke|p1|Iron Hands, L50|\n|poke|p1|Chien-Pao, L50|\n|poke|p1|Dragonite, L50, M|\n|poke|p2|Basculegion, L50, M|\n|poke|p2|Pelipper, L50, M|\n|poke|p2|Alomomola, L50, F|\n|poke|p2|Ogerpon-Wellspring, L50, F|\n|poke|p2|Palafin, L50, F|\n|poke|p2|Azumarill, L50, F|\n|teampreview|4\n|inactive|Battle timer is ON: inactive players will automatically lose when time's up. (requested by DeathReaperTTV)\n|\n|t:|1700334396\n|start\n|switch|p1a: Banheta (kael)|Iron Hands, L50|100\/100\n|switch|p1b: Almondegas|Amoonguss, L50, M, shiny|100\/100\n|switch|p2a: Felipe|Pelipper, L50, M|100\/100\n|switch|p2b: Aqua|Ogerpon-Wellspring, L50, F|100\/100\n|-weather|RainDance|[from] ability: Drizzle|[of] p2a: Felipe\n|turn|1\n|\n|t:|1700334409\n|move|p2b: Aqua|Spiky Shield|p2b: Aqua\n|-singleturn|p2b: Aqua|move: Protect\n|move|p2a: Felipe|Protect|p2a: Felipe\n|-singleturn|p2a: Felipe|Protect\n|move|p1a: Banheta (kael)|Fake Out|p2a: Felipe\n|-activate|p2a: Felipe|move: Protect\n|move|p1b: Almondegas|Spore|p2a: Felipe\n|-activate|p2a: Felipe|move: Protect\n|\n|-weather|RainDance|[upkeep]\n|upkeep\n|turn|2\n|c|\u2606DeathReaperTTV|Kkkkkk\n|\n|t:|1700334428\n|move|p2b: Aqua|Swords Dance|p2b: Aqua\n|-boost|p2b: Aqua|atk|2\n|move|p2a: Felipe|Tailwind|p2a: Felipe\n|-sidestart|p2: VeversonJP|move: Tailwind\n|move|p1a: Banheta (kael)|Wild Charge|p2b: Aqua\n|-damage|p2b: Aqua|36\/100\n|-damage|p1a: Banheta (kael)|90\/100|[from] Recoil\n|move|p1b: Almondegas|Spore|p2a: Felipe\n|-status|p2a: Felipe|slp|[from] move: Spore\n|\n|-weather|RainDance|[upkeep]\n|upkeep\n|turn|3\n|inactive|DeathReaperTTV has 30 seconds left.\n|inactive|VeversonJP has 30 seconds left.\n|\n|t:|1700334460\n|switch|p2a: Azuma Ryuu|Azumarill, L50, F|100\/100\n|move|p2b: Aqua|Horn Leech|p1a: Banheta (kael)\n|-damage|p1a: Banheta (kael)|32\/100\n|-heal|p2b: Aqua|81\/100|[from] drain|[of] p1a: Banheta (kael)\n|move|p1a: Banheta (kael)|Wild Charge|p2b: Aqua\n|-damage|p2b: Aqua|15\/100\n|-damage|p1a: Banheta (kael)|22\/100|[from] Recoil\n|move|p1b: Almondegas|Pollen Puff|p2b: Aqua\n|-supereffective|p2b: Aqua\n|-damage|p2b: Aqua|0 fnt\n|faint|p2b: Aqua\n|\n|-weather|RainDance|[upkeep]\n|upkeep\n|\n|t:|1700334479\n|switch|p2b: Felipe|Pelipper, L50, M|100\/100 slp\n|turn|4\n|l|\u2606DeathReaperTTV\n|inactive|DeathReaperTTV disconnected!\n|player|p1|\n|inactive|DeathReaperTTV has 30 seconds left.\n|j|\u2606DeathReaperTTV\n|inactive|DeathReaperTTV reconnected and has 30 seconds left.\n|player|p1|DeathReaperTTV|red\n|\n|t:|1700334509\n|cant|p2b: Felipe|slp\n|move|p2a: Azuma Ryuu|Ice Spinner|p1b: Almondegas\n|-supereffective|p1b: Almondegas\n|-damage|p1b: Almondegas|23\/100\n|-damage|p2a: Azuma Ryuu|84\/100|[from] item: Rocky Helmet|[of] p1b: Almondegas\n|move|p1a: Banheta (kael)|Wild Charge|p2b: Felipe\n|-supereffective|p2b: Felipe\n|-damage|p2b: Felipe|0 fnt\n|faint|p2b: Felipe\n|-damage|p1a: Banheta (kael)|5\/100|[from] Recoil\n|move|p1b: Almondegas|Pollen Puff|p1a: Banheta (kael)\n|-heal|p1a: Banheta (kael)|55\/100\n|\n|-weather|RainDance|[upkeep]\n|upkeep\n|l|\u2606DeathReaperTTV\n|inactive|DeathReaperTTV disconnected!\n|player|p1|\n|j|\u2606DeathReaperTTV\n|inactive|DeathReaperTTV reconnected.\n|player|p1|DeathReaperTTV|red\n|\n|t:|1700334526\n|switch|p2b: Piranho|Basculegion, L50, M|100\/100\n|turn|5\n|\n|t:|1700334538\n|-end|p1a: Banheta (kael)|Quark Drive|[silent]\n|switch|p1a: Cheio de paum|Chien-Pao, L50|100\/100\n|-ability|p1a: Cheio de paum|Sword of Ruin\n|-terastallize|p2b: Piranho|Ghost\n|move|p2b: Piranho|Last Respects|p1a: Cheio de paum\n|-resisted|p1a: Cheio de paum\n|-crit|p1a: Cheio de paum\n|-enditem|p1a: Cheio de paum|Focus Sash\n|-damage|p1a: Cheio de paum|1\/100\n|-damage|p2b: Piranho|91\/100|[from] item: Life Orb\n|move|p2a: Azuma Ryuu|Ice Spinner|p1b: Almondegas\n|-supereffective|p1b: Almondegas\n|-damage|p1b: Almondegas|0 fnt\n|-damage|p2a: Azuma Ryuu|68\/100|[from] item: Rocky Helmet|[of] p1b: Almondegas\n|faint|p1b: Almondegas\n|\n|-weather|RainDance|[upkeep]\n|-sideend|p2: VeversonJP|move: Tailwind\n|upkeep\n|l|\u2606DeathReaperTTV\n|inactive|DeathReaperTTV disconnected!\n|player|p1|\n|j|\u2606DeathReaperTTV\n|inactive|DeathReaperTTV reconnected and has 35 seconds left.\n|player|p1|DeathReaperTTV|red\n|inactive|DeathReaperTTV has 30 seconds left.\n|c|\u2606VeversonJP|Sua net diff agora\n|\n|t:|1700334566\n|switch|p1b: Soca rapido|Urshifu-Rapid-Strike, L50, M|100\/100\n|turn|6\n|\n|t:|1700334578\n|move|p2b: Piranho|Protect|p2b: Piranho\n|-singleturn|p2b: Piranho|Protect\n|move|p1a: Cheio de paum|Sucker Punch||[still]\n|-fail|p1a: Cheio de paum\n|move|p2a: Azuma Ryuu|Aqua Jet|p1a: Cheio de paum\n|-damage|p1a: Cheio de paum|0 fnt\n|faint|p1a: Cheio de paum\n|move|p1b: Soca rapido|Surging Strikes|p2a: Azuma Ryuu\n|-resisted|p2a: Azuma Ryuu\n|-crit|p2a: Azuma Ryuu\n|-damage|p2a: Azuma Ryuu|50\/100\n|-resisted|p2a: Azuma Ryuu\n|-crit|p2a: Azuma Ryuu\n|-damage|p2a: Azuma Ryuu|29\/100\n|-resisted|p2a: Azuma Ryuu\n|-crit|p2a: Azuma Ryuu\n|-damage|p2a: Azuma Ryuu|9\/100\n|-hitcount|p2a: Azuma Ryuu|3\n|\n|-weather|RainDance|[upkeep]\n|upkeep\n|\n|t:|1700334592\n|switch|p1a: Banheta (kael)|Iron Hands, L50|55\/100\n|turn|7\n|\n|t:|1700334605\n|move|p1a: Banheta (kael)|Fake Out|p2a: Azuma Ryuu\n|-damage|p2a: Azuma Ryuu|0 fnt\n|faint|p2a: Azuma Ryuu\n|move|p2b: Piranho|Last Respects|p1b: Soca rapido\n|-damage|p1b: Soca rapido|0 fnt\n|faint|p1b: Soca rapido\n|-damage|p2b: Piranho|81\/100|[from] item: Life Orb\n|\n|-weather|RainDance|[upkeep]\n|upkeep\n|turn|8\n|c|\u2606DeathReaperTTV|Eu confio\n|c|\u2606VeversonJP|gg\n|\n|t:|1700334621\n|-terastallize|p1a: Banheta (kael)|Dark\n|move|p2b: Piranho|Last Respects|p1a: Banheta (kael)\n|-resisted|p1a: Banheta (kael)\n|-damage|p1a: Banheta (kael)|0 fnt\n|faint|p1a: Banheta (kael)\n|-end|p1a: Banheta (kael)|Quark Drive|[silent]\n|-damage|p2b: Piranho|71\/100|[from] item: Life Orb\n|\n|win|VeversonJP\n|c|\u2606VeversonJP|Piranho diff\n|c|\u2606DeathReaperTTV|Net diff\n|c|\u2606VeversonJP|TIME DE CHUVA \u00c9 BROKEN CONFIRMADO\n|c|\u2606DeathReaperTTV|Se for assim\n|c|\u2606VeversonJP|OBRIGAAAAADOOOOOOOO\n|c|\u2606DeathReaperTTV|Drago \u00e9 vroken\n|c|\u2606DeathReaperTTV|OBRIGAAAAADO\n|c|\u2606VeversonJP|Negativo\n|c|\u2606VeversonJP|Eu s\u00f3 n\u00e3o esperava o roost\n|c|\u2606DeathReaperTTV|Not agree\n|l|\u2606DeathReaperTTV\n","uploadtime":1700334667,"views":14,"p1id":"deathreaperttv","p2id":"veversonjp","formatid":"gen9vgc2023regulatione","rating":0,"private":0,"password":""}