{"id":"gen9vgc2023regulatione-1989235274","p1":"Ciaot","p2":"Vengeful potato","format":"[Gen 9] VGC 2023 Regulation E","log":"|j|\u2606Ciaot\n|j|\u2606Vengeful potato\n|t:|1699826402\n|gametype|doubles\n|player|p1|Ciaot|265|1400\n|player|p2|Vengeful potato|170|1607\n|teamsize|p1|6\n|teamsize|p2|6\n|gen|9\n|tier|[Gen 9] VGC 2023 Regulation E\n|rated|\n|rule|Species Clause: Limit one of each Pok\u00e9mon\n|rule|Item Clause: Limit one of each item\n|clearpoke\n|poke|p1|Iron Hands, L50|\n|poke|p1|Sinistcha, L50|\n|poke|p1|Moltres-Galar, L50|\n|poke|p1|Dondozo, L50, M|\n|poke|p1|Chien-Pao, L50|\n|poke|p1|Landorus-Therian, L50, M|\n|poke|p2|Articuno-Galar, L50|\n|poke|p2|Maushold, L50|\n|poke|p2|Urshifu-*, L50, F|\n|poke|p2|Sinistcha-Masterpiece, L50|\n|poke|p2|Heatran, L50, F|\n|poke|p2|Regidrago, L50|\n|teampreview|4\n|\n|t:|1699826436\n|start\n|switch|p1a: Moltres|Moltres-Galar, L50, shiny|100\/100\n|switch|p1b: Iron Hands|Iron Hands, L50|100\/100\n|switch|p2a: The Rizzler\ud83d\ude31\ud83d\udcaf\ud83d\udde3\ufe0f|Articuno-Galar, L50, shiny|100\/100\n|switch|p2b: Despereaux|Maushold, L50, shiny|100\/100\n|turn|1\n|\n|t:|1699826463\n|move|p1a: Moltres|Protect|p1a: Moltres\n|-singleturn|p1a: Moltres|Protect\n|move|p2b: Despereaux|Super Fang|p1a: Moltres\n|-activate|p1a: Moltres|move: Protect\n|move|p2a: The Rizzler\ud83d\ude31\ud83d\udcaf\ud83d\udde3\ufe0f|Air Slash|p1a: Moltres\n|-activate|p1a: Moltres|move: Protect\n|move|p1b: Iron Hands|Wild Charge|p2a: The Rizzler\ud83d\ude31\ud83d\udcaf\ud83d\udde3\ufe0f\n|-supereffective|p2a: The Rizzler\ud83d\ude31\ud83d\udcaf\ud83d\udde3\ufe0f\n|-damage|p2a: The Rizzler\ud83d\ude31\ud83d\udcaf\ud83d\udde3\ufe0f|47\/100\n|-damage|p1b: Iron Hands|91\/100|[from] Recoil\n|\n|upkeep\n|turn|2\n|\n|t:|1699826483\n|move|p1a: Moltres|Fiery Wrath|p2b: Despereaux|[spread] p2a,p2b\n|-supereffective|p2a: The Rizzler\ud83d\ude31\ud83d\udcaf\ud83d\udde3\ufe0f\n|-damage|p2a: The Rizzler\ud83d\ude31\ud83d\udcaf\ud83d\udde3\ufe0f|8\/100\n|-damage|p2b: Despereaux|65\/100\n|move|p2b: Despereaux|Super Fang|p1a: Moltres\n|-damage|p1a: Moltres|51\/100\n|move|p2a: The Rizzler\ud83d\ude31\ud83d\udcaf\ud83d\udde3\ufe0f|Tailwind|p2a: The Rizzler\ud83d\ude31\ud83d\udcaf\ud83d\udde3\ufe0f\n|-sidestart|p2: Vengeful potato|move: Tailwind\n|move|p1b: Iron Hands|Wild Charge|p2b: Despereaux\n|-crit|p2b: Despereaux\n|-damage|p2b: Despereaux|6\/100\n|-damage|p1b: Iron Hands|74\/100|[from] item: Rocky Helmet|[of] p2b: Despereaux\n|-damage|p1b: Iron Hands|64\/100|[from] Recoil\n|\n|upkeep\n|turn|3\n|\n|t:|1699826508\n|-end|p1b: Iron Hands|Quark Drive|[silent]\n|switch|p1b: Landorus|Landorus-Therian, L50, M|100\/100\n|-ability|p1b: Landorus|Intimidate|boost\n|-unboost|p2a: The Rizzler\ud83d\ude31\ud83d\udcaf\ud83d\udde3\ufe0f|atk|1\n|-ability|p2a: The Rizzler\ud83d\ude31\ud83d\udcaf\ud83d\udde3\ufe0f|Competitive|boost\n|-boost|p2a: The Rizzler\ud83d\ude31\ud83d\udcaf\ud83d\udde3\ufe0f|spa|2\n|-unboost|p2b: Despereaux|atk|1\n|move|p2b: Despereaux|Super Fang|p1b: Landorus\n|-damage|p1b: Landorus|51\/100\n|move|p2a: The Rizzler\ud83d\ude31\ud83d\udcaf\ud83d\udde3\ufe0f|Freezing Glare|p1b: Landorus\n|-damage|p1b: Landorus|0 fnt\n|faint|p1b: Landorus\n|move|p1a: Moltres|Fiery Wrath|p2a: The Rizzler\ud83d\ude31\ud83d\udcaf\ud83d\udde3\ufe0f|[spread] p2a,p2b\n|-supereffective|p2a: The Rizzler\ud83d\ude31\ud83d\udcaf\ud83d\udde3\ufe0f\n|-damage|p2a: The Rizzler\ud83d\ude31\ud83d\udcaf\ud83d\udde3\ufe0f|0 fnt\n|-damage|p2b: Despereaux|0 fnt\n|faint|p2a: The Rizzler\ud83d\ude31\ud83d\udcaf\ud83d\udde3\ufe0f\n|faint|p2b: Despereaux\n|\n|upkeep\n|\n|t:|1699826523\n|switch|p1b: Iron Hands|Iron Hands, L50|64\/100\n|switch|p2b: THE DRAGON BALL\ud83e\udd76|Regidrago, L50, shiny|100\/100\n|switch|p2a: C418 - Wet Hands|Urshifu-Rapid-Strike, L50, F|100\/100\n|turn|4\n|\n|t:|1699826562\n|move|p2a: C418 - Wet Hands|Surging Strikes|p1a: Moltres\n|-crit|p1a: Moltres\n|-damage|p1a: Moltres|23\/100\n|-enditem|p1a: Moltres|Sitrus Berry|[eat]\n|-heal|p1a: Moltres|47\/100|[from] item: Sitrus Berry\n|-crit|p1a: Moltres\n|-damage|p1a: Moltres|19\/100\n|-crit|p1a: Moltres\n|-damage|p1a: Moltres|0 fnt\n|faint|p1a: Moltres\n|-hitcount|p1: Moltres|3\n|move|p2b: THE DRAGON BALL\ud83e\udd76|Dragon Energy|p1b: Iron Hands\n|-damage|p1b: Iron Hands|0 fnt\n|faint|p1b: Iron Hands\n|-end|p1b: Iron Hands|Quark Drive|[silent]\n|\n|upkeep\n|\n|t:|1699826566\n|switch|p1b: Chien-Pao|Chien-Pao, L50|100\/100\n|-ability|p1b: Chien-Pao|Sword of Ruin\n|turn|5\n|\n|t:|1699826575\n|move|p1b: Chien-Pao|Protect|p1b: Chien-Pao\n|-singleturn|p1b: Chien-Pao|Protect\n|move|p2a: C418 - Wet Hands|Surging Strikes|p1b: Chien-Pao\n|-crit|p1b: Chien-Pao\n|-damage|p1b: Chien-Pao|65\/100\n|-crit|p1b: Chien-Pao\n|-damage|p1b: Chien-Pao|27\/100\n|-crit|p1b: Chien-Pao\n|-damage|p1b: Chien-Pao|0 fnt\n|faint|p1b: Chien-Pao\n|-hitcount|p1: Chien-Pao|3\n|\n|win|Vengeful potato\n|raw|Ciaot's rating: 1400 &rarr; <strong>1391<\/strong><br \/>(-9 for losing)\n|raw|Vengeful potato's rating: 1607 &rarr; <strong>1616<\/strong><br \/>(+9 for winning)\n|l|\u2606Ciaot\n|c|\u2606Vengeful potato|Gg\n","uploadtime":1699826584,"views":12,"p1id":"ciaot","p2id":"vengefulpotato","formatid":"gen9vgc2023regulatione","rating":1391,"private":0,"password":""}