{"id":"gen9vgc2023regulatione-1992223193","p1":"Urdadsmells","p2":"sgfsd","format":"[Gen 9] VGC 2023 Regulation E","log":"|j|\u2606Urdadsmells\n|j|\u2606sgfsd\n|t:|1700165273\n|gametype|doubles\n|player|p1|Urdadsmells|kimonogirl|1079\n|player|p2|sgfsd|1|1000\n|teamsize|p1|6\n|teamsize|p2|6\n|gen|9\n|tier|[Gen 9] VGC 2023 Regulation E\n|rated|\n|rule|Species Clause: Limit one of each Pok\u00e9mon\n|rule|Item Clause: Limit one of each item\n|clearpoke\n|poke|p1|Baxcalibur, L50, F|\n|poke|p1|Ninetales-Alola, L50, F|\n|poke|p1|Armarouge, L50, F|\n|poke|p1|Indeedee-F, L50, F|\n|poke|p1|Ursaluna-Bloodmoon, L50, M|\n|poke|p1|Tornadus, L50, M|\n|poke|p2|Roaring Moon, L50|\n|poke|p2|Gholdengo, L50|\n|poke|p2|Flutter Mane, L50|\n|poke|p2|Arcanine-Hisui, L50, F|\n|poke|p2|Urshifu-*, L50, F|\n|poke|p2|Rillaboom, L50, F|\n|teampreview|4\n|inactive|Battle timer is ON: inactive players will automatically lose when time's up. (requested by Urdadsmells)\nUrdadsmells has agreed to open team sheets.\nsgfsd has agreed to open team sheets.\n|\n|t:|1700165324\n|start\n|switch|p1a: Baxcalibur|Baxcalibur, L50, F|100\/100\n|switch|p1b: Ninetales|Ninetales-Alola, L50, F|100\/100\n|switch|p2a: Roaring Moon|Roaring Moon, L50|100\/100\n|switch|p2b: Arcanine|Arcanine-Hisui, L50, F|100\/100\n|-weather|Snow|[from] ability: Snow Warning|[of] p1b: Ninetales\n|-ability|p2b: Arcanine|Intimidate|boost\n|-unboost|p1a: Baxcalibur|atk|1\n|-unboost|p1b: Ninetales|atk|1\n|-enditem|p2a: Roaring Moon|Booster Energy\n|-activate|p2a: Roaring Moon|ability: Protosynthesis|[fromitem]\n|-start|p2a: Roaring Moon|protosynthesisspe\n|turn|1\n|inactive|sgfsd has 30 seconds left.\n|inactive|sgfsd has 20 seconds left.\n|\n|t:|1700165361\n|-terastallize|p2a: Roaring Moon|Poison\n|move|p1a: Baxcalibur|Protect|p1a: Baxcalibur\n|-singleturn|p1a: Baxcalibur|Protect\n|move|p2a: Roaring Moon|Knock Off|p1a: Baxcalibur\n|-activate|p1a: Baxcalibur|move: Protect\n|move|p1b: Ninetales|Aurora Veil|p1b: Ninetales\n|-sidestart|p1: Urdadsmells|move: Aurora Veil\n|move|p2b: Arcanine|Rock Slide|p1a: Baxcalibur|[spread] p1b\n|-activate|p1a: Baxcalibur|move: Protect\n|-supereffective|p1b: Ninetales\n|-damage|p1b: Ninetales|36\/100\n|\n|-weather|Snow|[upkeep]\n|upkeep\n|turn|2\n|\n|t:|1700165385\n|switch|p1a: Tornadus|Tornadus, L50, M|100\/100\n|move|p2a: Roaring Moon|Knock Off|p1a: Tornadus\n|-damage|p1a: Tornadus|61\/100\n|-enditem|p1a: Tornadus|Focus Sash|[from] move: Knock Off|[of] p2a: Roaring Moon\n|move|p1b: Ninetales|Icy Wind|p2a: Roaring Moon|[spread] p2a,p2b\n|-resisted|p2b: Arcanine\n|-damage|p2a: Roaring Moon|85\/100\n|-damage|p2b: Arcanine|93\/100\n|-unboost|p2a: Roaring Moon|spe|1\n|-unboost|p2b: Arcanine|spe|1\n|move|p2b: Arcanine|Rock Slide|p1a: Tornadus|[spread] p1a,p1b\n|-supereffective|p1a: Tornadus\n|-supereffective|p1b: Ninetales\n|-damage|p1a: Tornadus|0 fnt\n|-damage|p1b: Ninetales|0 fnt\n|faint|p1a: Tornadus\n|faint|p1b: Ninetales\n|\n|-weather|Snow|[upkeep]\n|upkeep\n|\n|t:|1700165391\n|switch|p1b: Baxcalibur|Baxcalibur, L50, F|100\/100\n|switch|p1a: Armarouge|Armarouge, L50, F|100\/100\n|turn|3\n|\n|t:|1700165412\n|-terastallize|p1a: Armarouge|Grass\n|move|p1a: Armarouge|Wide Guard|p1a: Armarouge\n|-singleturn|p1a: Armarouge|Wide Guard\n|move|p2a: Roaring Moon|Tailwind|p2a: Roaring Moon\n|-sidestart|p2: sgfsd|move: Tailwind\n|move|p2b: Arcanine|Rock Slide|p1b: Baxcalibur|[spread] \n|-activate|p1a: Armarouge|move: Wide Guard\n|-activate|p1b: Baxcalibur|move: Wide Guard\n|move|p1b: Baxcalibur|Swords Dance|p1b: Baxcalibur\n|-boost|p1b: Baxcalibur|atk|2\n|\n|-weather|Snow|[upkeep]\n|upkeep\n|turn|4\n|inactive|Urdadsmells has 30 seconds left.\n|inactive|sgfsd has 30 seconds left.\n|\n|t:|1700165441\n|switch|p2b: Rillaboom|Rillaboom, L50, F|100\/100\n|-fieldstart|move: Grassy Terrain|[from] ability: Grassy Surge|[of] p2b: Rillaboom\n|move|p2a: Roaring Moon|Protect|p2a: Roaring Moon\n|-singleturn|p2a: Roaring Moon|Protect\n|move|p1b: Baxcalibur|Protect|p1b: Baxcalibur\n|-singleturn|p1b: Baxcalibur|Protect\n|move|p1a: Armarouge|Expanding Force|p2a: Roaring Moon\n|-activate|p2a: Roaring Moon|move: Protect\n|\n|-weather|Snow|[upkeep]\n|-heal|p2a: Roaring Moon|91\/100|[from] Grassy Terrain\n|upkeep\n|turn|5\n|\n|t:|1700165463\n|move|p1a: Armarouge|Protect|p1a: Armarouge\n|-singleturn|p1a: Armarouge|Protect\n|move|p2b: Rillaboom|Fake Out|p1a: Armarouge\n|-activate|p1a: Armarouge|move: Protect\n|move|p2a: Roaring Moon|Knock Off|p1b: Baxcalibur\n|-damage|p1b: Baxcalibur|77\/100\n|-enditem|p1b: Baxcalibur|Loaded Dice|[from] move: Knock Off|[of] p2a: Roaring Moon\n|move|p1b: Baxcalibur|Scale Shot|p2a: Roaring Moon\n|-damage|p2a: Roaring Moon|62\/100\n|-crit|p2a: Roaring Moon\n|-damage|p2a: Roaring Moon|15\/100\n|-hitcount|p2a: Roaring Moon|2\n|-unboost|p1b: Baxcalibur|def|1\n|-boost|p1b: Baxcalibur|spe|1\n|\n|-weather|none\n|-heal|p2a: Roaring Moon|22\/100|[from] Grassy Terrain\n|-heal|p1b: Baxcalibur|83\/100|[from] Grassy Terrain\n|upkeep\n|turn|6\n|inactive|Urdadsmells has 30 seconds left.\n|\n|t:|1700165493\n|move|p2a: Roaring Moon|Protect|p2a: Roaring Moon\n|-singleturn|p2a: Roaring Moon|Protect\n|move|p2b: Rillaboom|U-turn|p1a: Armarouge\n|-supereffective|p1a: Armarouge\n|-damage|p1a: Armarouge|68\/100\n|-enditem|p1a: Armarouge|Weakness Policy\n|-boost|p1a: Armarouge|atk|2|[from] item: Weakness Policy\n|-boost|p1a: Armarouge|spa|2|[from] item: Weakness Policy\n|\n|t:|1700165510\n|switch|p2b: Arcanine|Arcanine-Hisui, L50, F|93\/100|[from] U-turn\n|-ability|p2b: Arcanine|Intimidate|boost\n|-unboost|p1a: Armarouge|atk|1\n|-unboost|p1b: Baxcalibur|atk|1\n|move|p1b: Baxcalibur|Scale Shot|p2a: Roaring Moon\n|-activate|p2a: Roaring Moon|move: Protect\n|move|p1a: Armarouge|Armor Cannon|p2b: Arcanine\n|-resisted|p2b: Arcanine\n|-damage|p2b: Arcanine|57\/100\n|-unboost|p1a: Armarouge|def|1\n|-unboost|p1a: Armarouge|spd|1\n|\n|-heal|p2a: Roaring Moon|28\/100|[from] Grassy Terrain\n|-heal|p2b: Arcanine|63\/100|[from] Grassy Terrain\n|-heal|p1b: Baxcalibur|89\/100|[from] Grassy Terrain\n|-heal|p1a: Armarouge|73\/100|[from] Grassy Terrain\n|-sideend|p2: sgfsd|move: Tailwind\n|upkeep\n|turn|7\n|inactive|sgfsd has 30 seconds left.\n|\n|t:|1700165539\n|move|p1a: Armarouge|Protect|p1a: Armarouge\n|-singleturn|p1a: Armarouge|Protect\n|move|p2b: Arcanine|Extreme Speed|p1a: Armarouge\n|-activate|p1a: Armarouge|move: Protect\n|move|p1b: Baxcalibur|Scale Shot|p2a: Roaring Moon\n|-damage|p2a: Roaring Moon|4\/100\n|-damage|p2a: Roaring Moon|0 fnt\n|faint|p2a: Roaring Moon\n|-end|p2a: Roaring Moon|Protosynthesis|[silent]\n|-hitcount|p2: Roaring Moon|2\n|-unboost|p1b: Baxcalibur|def|1\n|-boost|p1b: Baxcalibur|spe|1\n|\n|-heal|p1b: Baxcalibur|95\/100|[from] Grassy Terrain\n|-heal|p2b: Arcanine|69\/100|[from] Grassy Terrain\n|-heal|p1a: Armarouge|79\/100|[from] Grassy Terrain\n|upkeep\n|\n|t:|1700165551\n|switch|p2a: Rillaboom|Rillaboom, L50, F|100\/100\n|turn|8\n|\n|t:|1700165571\n|move|p2a: Rillaboom|Fake Out|p1a: Armarouge\n|-damage|p1a: Armarouge|66\/100\n|cant|p1a: Armarouge|flinch\n|move|p2b: Arcanine|Extreme Speed|p1a: Armarouge\n|-damage|p1a: Armarouge|25\/100\n|move|p1b: Baxcalibur|Icicle Spear|p2a: Rillaboom\n|-supereffective|p2a: Rillaboom\n|-damage|p2a: Rillaboom|60\/100\n|-supereffective|p2a: Rillaboom\n|-damage|p2a: Rillaboom|15\/100\n|-hitcount|p2a: Rillaboom|2\n|\n|-heal|p1b: Baxcalibur|100\/100|[from] Grassy Terrain\n|-heal|p2a: Rillaboom|20\/100|[from] Grassy Terrain\n|-heal|p2b: Arcanine|75\/100|[from] Grassy Terrain\n|-heal|p1a: Armarouge|30\/100|[from] Grassy Terrain\n|-sideend|p1: Urdadsmells|move: Aurora Veil\n|-fieldend|move: Grassy Terrain\n|upkeep\n|turn|9\n|inactive|sgfsd has 30 seconds left.\n|inactive|Urdadsmells has 30 seconds left.\n|inactive|sgfsd has 20 seconds left.\n|inactive|sgfsd has 15 seconds left.\n|\n|t:|1700165615\n|switch|p2a: Urshifu|Urshifu-Rapid-Strike, L50, F|100\/100\n|move|p2b: Arcanine|Extreme Speed|p1a: Armarouge\n|-damage|p1a: Armarouge|0 fnt\n|faint|p1a: Armarouge\n|move|p1b: Baxcalibur|Icicle Spear|p2a: Urshifu\n|-resisted|p2a: Urshifu\n|-damage|p2a: Urshifu|90\/100\n|-resisted|p2a: Urshifu\n|-damage|p2a: Urshifu|80\/100\n|-hitcount|p2a: Urshifu|2\n|\n|upkeep\n|turn|10\n|\n|t:|1700165630\n|switch|p2b: Rillaboom|Rillaboom, L50, F|20\/100\n|-fieldstart|move: Grassy Terrain|[from] ability: Grassy Surge|[of] p2b: Rillaboom\n|move|p2a: Urshifu|Protect|p2a: Urshifu\n|-singleturn|p2a: Urshifu|Protect\n|move|p1b: Baxcalibur|Scale Shot|p2a: Urshifu\n|-activate|p2a: Urshifu|move: Protect\n|\n|-heal|p2a: Urshifu|86\/100|[from] Grassy Terrain\n|-heal|p2b: Rillaboom|26\/100|[from] Grassy Terrain\n|upkeep\n|turn|11\n|\n|t:|1700165649\n|move|p1b: Baxcalibur|Protect|p1b: Baxcalibur\n|-singleturn|p1b: Baxcalibur|Protect\n|move|p2b: Rillaboom|Fake Out|p1b: Baxcalibur\n|-activate|p1b: Baxcalibur|move: Protect\n|move|p2a: Urshifu|Close Combat|p1b: Baxcalibur\n|-supereffective|p1b: Baxcalibur\n|-crit|p1b: Baxcalibur\n|-damage|p1b: Baxcalibur|0 fnt\n|-unboost|p2a: Urshifu|def|1\n|-unboost|p2a: Urshifu|spd|1\n|faint|p1b: Baxcalibur\n|\n|win|sgfsd\n|raw|Urdadsmells's rating: 1079 &rarr; <strong>1052<\/strong><br \/>(-27 for losing)\n|raw|sgfsd's rating: 1000 &rarr; <strong>1049<\/strong><br \/>(+49 for winning)\n|l|\u2606Urdadsmells\n","uploadtime":1700166032,"views":14,"p1id":"urdadsmells","p2id":"sgfsd","formatid":"gen9vgc2023regulatione","rating":1049,"private":0,"password":""}