{"id":"gen9vgc2023regulatione-1991712403","p1":"The Umpire","p2":"DominikMysterioVGC","format":"[Gen 9] VGC 2023 Regulation E","log":"|j|\u2606The Umpire\n|j|\u2606DominikMysterioVGC\n|t:|1700105740\n|gametype|doubles\n|player|p1|The Umpire|volkner|1658\n|player|p2|DominikMysterioVGC|rocketgrunt|1596\n|teamsize|p1|6\n|teamsize|p2|6\n|gen|9\n|tier|[Gen 9] VGC 2023 Regulation E\n|rated|\n|rule|Species Clause: Limit one of each Pok\u00e9mon\n|rule|Item Clause: Limit one of each item\n|clearpoke\n|poke|p1|Roaring Moon, L50|\n|poke|p1|Gholdengo, L50|\n|poke|p1|Arcanine-Hisui, L50, F|\n|poke|p1|Urshifu-*, L50, M|\n|poke|p1|Thundurus-Therian, L50, M|\n|poke|p1|Kingambit, L50, M|\n|poke|p2|Iron Hands, L50|\n|poke|p2|Landorus-Therian, L50, M|\n|poke|p2|Chi-Yu, L50|\n|poke|p2|Flutter Mane, L50|\n|poke|p2|Cresselia, L50, F|\n|poke|p2|Amoonguss, L50, F|\n|teampreview|4\n|inactive|Battle timer is ON: inactive players will automatically lose when time's up. (requested by DominikMysterioVGC)\nDominikMysterioVGC has agreed to open team sheets.\nThe Umpire has agreed to open team sheets.\n|inactive|DominikMysterioVGC has 30 seconds left.\n|inactive|DominikMysterioVGC has 20 seconds left.\n|\n|t:|1700105781\n|start\n|switch|p1a: Arcanine|Arcanine-Hisui, L50, F|100\/100\n|switch|p1b: Kingambit|Kingambit, L50, M, shiny|100\/100\n|switch|p2a: Chi-Yu|Chi-Yu, L50|100\/100\n|switch|p2b: Iron Hands|Iron Hands, L50|100\/100\n|-ability|p2a: Chi-Yu|Beads of Ruin\n|-ability|p1a: Arcanine|Intimidate|boost\n|-unboost|p2a: Chi-Yu|atk|1\n|-unboost|p2b: Iron Hands|atk|1\n|turn|1\n|\n|t:|1700105802\n|switch|p1b: Roaring Moon|Roaring Moon, L50|100\/100\n|-enditem|p1b: Roaring Moon|Booster Energy\n|-activate|p1b: Roaring Moon|ability: Protosynthesis|[fromitem]\n|-start|p1b: Roaring Moon|protosynthesisspe\n|move|p2b: Iron Hands|Fake Out|p1a: Arcanine\n|-resisted|p1a: Arcanine\n|-damage|p1a: Arcanine|95\/100\n|move|p2a: Chi-Yu|Dark Pulse|p1a: Arcanine\n|-damage|p1a: Arcanine|1\/100\n|cant|p1a: Arcanine|flinch\n|\n|upkeep\n|turn|2\n|\n|t:|1700105823\n|switch|p2a: Amoonguss|Amoonguss, L50, F|100\/100\n|move|p1b: Roaring Moon|Tailwind|p1b: Roaring Moon\n|-sidestart|p1: The Umpire|move: Tailwind\n|move|p1a: Arcanine|Flare Blitz|p2b: Iron Hands\n|-damage|p2b: Iron Hands|34\/100\n|-damage|p1a: Arcanine|0 fnt|[from] Recoil\n|faint|p1a: Arcanine\n|move|p2b: Iron Hands|Drain Punch|p1b: Roaring Moon\n|-supereffective|p1b: Roaring Moon\n|-damage|p1b: Roaring Moon|52\/100\n|-heal|p2b: Iron Hands|54\/100|[from] drain|[of] p1b: Roaring Moon\n|\n|upkeep\n|\n|t:|1700105833\n|switch|p1a: Gholdengo|Gholdengo, L50|100\/100\n|turn|3\n|\n|t:|1700105843\n|move|p1b: Roaring Moon|Protect|p1b: Roaring Moon\n|-singleturn|p1b: Roaring Moon|Protect\n|move|p1a: Gholdengo|Nasty Plot|p1a: Gholdengo\n|-boost|p1a: Gholdengo|spa|2\n|move|p2b: Iron Hands|Drain Punch|p1b: Roaring Moon\n|-activate|p1b: Roaring Moon|move: Protect\n|move|p2a: Amoonguss|Pollen Puff|p2b: Iron Hands\n|-heal|p2b: Iron Hands|100\/100\n|\n|upkeep\n|turn|4\n|\n|t:|1700105866\n|-terastallize|p1b: Roaring Moon|Poison\n|move|p1b: Roaring Moon|Knock Off|p2a: Amoonguss\n|-damage|p2a: Amoonguss|65\/100\n|-enditem|p2a: Amoonguss|Sitrus Berry|[from] move: Knock Off|[of] p1b: Roaring Moon\n|move|p1a: Gholdengo|Shadow Ball|p2a: Amoonguss\n|-damage|p2a: Amoonguss|0 fnt\n|faint|p2a: Amoonguss\n|move|p2b: Iron Hands|Drain Punch|p1b: Roaring Moon\n|-resisted|p1b: Roaring Moon\n|-damage|p1b: Roaring Moon|42\/100\n|\n|upkeep\n|\n|t:|1700105880\n|switch|p2a: Flutter Mane|Flutter Mane, L50|100\/100\n|-enditem|p2a: Flutter Mane|Booster Energy\n|-activate|p2a: Flutter Mane|ability: Protosynthesis|[fromitem]\n|-start|p2a: Flutter Mane|protosynthesisspe\n|turn|5\n|\n|t:|1700105891\n|move|p2a: Flutter Mane|Protect|p2a: Flutter Mane\n|-singleturn|p2a: Flutter Mane|Protect\n|move|p1b: Roaring Moon|Knock Off|p2b: Iron Hands\n|-resisted|p2b: Iron Hands\n|-damage|p2b: Iron Hands|87\/100\n|-enditem|p2b: Iron Hands|Assault Vest|[from] move: Knock Off|[of] p1b: Roaring Moon\n|move|p1a: Gholdengo|Shadow Ball|p2b: Iron Hands\n|-damage|p2b: Iron Hands|22\/100\n|move|p2b: Iron Hands|Wild Charge|p1b: Roaring Moon\n|-damage|p1b: Roaring Moon|15\/100\n|-damage|p2b: Iron Hands|16\/100|[from] Recoil\n|\n|-sideend|p1: The Umpire|move: Tailwind\n|upkeep\n|turn|6\n|j| mookystank\n|j| powerjehun\n|inactive|The Umpire has 30 seconds left.\n|inactive|DominikMysterioVGC has 30 seconds left.\n|\n|t:|1700105922\n|-end|p2b: Iron Hands|Quark Drive|[silent]\n|switch|p2b: Chi-Yu|Chi-Yu, L50|100\/100\n|-ability|p2b: Chi-Yu|Beads of Ruin\n|move|p2a: Flutter Mane|Shadow Ball|p1b: Roaring Moon\n|-damage|p1b: Roaring Moon|0 fnt\n|faint|p1b: Roaring Moon\n|-end|p1b: Roaring Moon|Protosynthesis|[silent]\n|move|p1a: Gholdengo|Make It Rain|p2b: Chi-Yu|[spread] p2a,p2b\n|-supereffective|p2a: Flutter Mane\n|-resisted|p2b: Chi-Yu\n|-damage|p2a: Flutter Mane|0 fnt\n|-damage|p2b: Chi-Yu|42\/100\n|-unboost|p1a: Gholdengo|spa|1\n|faint|p2a: Flutter Mane\n|-end|p2a: Flutter Mane|Protosynthesis|[silent]\n|\n|upkeep\n|\n|t:|1700105934\n|switch|p2a: Iron Hands|Iron Hands, L50|16\/100\n|switch|p1b: Kingambit|Kingambit, L50, M, shiny|100\/100\n|turn|7\n|j| OTSTO\n|\n|t:|1700105945\n|move|p1a: Gholdengo|Protect|p1a: Gholdengo\n|-singleturn|p1a: Gholdengo|Protect\n|move|p1b: Kingambit|Protect|p1b: Kingambit\n|-singleturn|p1b: Kingambit|Protect\n|move|p2a: Iron Hands|Fake Out|p1b: Kingambit\n|-activate|p1b: Kingambit|move: Protect\n|move|p2b: Chi-Yu|Heat Wave|p1a: Gholdengo|[spread] \n|-activate|p1a: Gholdengo|move: Protect\n|-activate|p1b: Kingambit|move: Protect\n|\n|upkeep\n|turn|8\n|\n|t:|1700105962\n|move|p1b: Kingambit|Sucker Punch|p2b: Chi-Yu\n|-resisted|p2b: Chi-Yu\n|-damage|p2b: Chi-Yu|7\/100\n|move|p2b: Chi-Yu|Heat Wave|p1b: Kingambit|[spread] p1a,p1b\n|-supereffective|p1a: Gholdengo\n|-supereffective|p1b: Kingambit\n|-damage|p1a: Gholdengo|0 fnt\n|-damage|p1b: Kingambit|0 fnt\n|faint|p1a: Gholdengo\n|faint|p1b: Kingambit\n|\n|win|DominikMysterioVGC\n|raw|The Umpire's rating: 1658 &rarr; <strong>1634<\/strong><br \/>(-24 for losing)\n|raw|DominikMysterioVGC's rating: 1596 &rarr; <strong>1620<\/strong><br \/>(+24 for winning)\n|l|\u2606The Umpire\n|l|\u2606DominikMysterioVGC\n|l| powerjehun\n|l| mookystank\n","uploadtime":1700106161,"views":19,"p1id":"theumpire","p2id":"dominikmysteriovgc","formatid":"gen9vgc2023regulatione","rating":1620,"private":0,"password":""}