{"id":"gen9vgc2023regulatione-1989872349","p1":"Kzjhzk","p2":"WeRrsome","format":"[Gen 9] VGC 2023 Regulation E","log":"|j|\u2606Kzjhzk\n|j|\u2606WeRrsome\n|t:|1699902771\n|gametype|doubles\n|player|p1|Kzjhzk|lance|1088\n|player|p2|WeRrsome|266|1182\n|teamsize|p1|6\n|teamsize|p2|6\n|gen|9\n|tier|[Gen 9] VGC 2023 Regulation E\n|rated|\n|rule|Species Clause: Limit one of each Pok\u00e9mon\n|rule|Item Clause: Limit one of each item\n|clearpoke\n|poke|p1|Flutter Mane, L50|\n|poke|p1|Tornadus, L50, M|\n|poke|p1|Rillaboom, L50, F|\n|poke|p1|Garganacl, L50, F|\n|poke|p1|Arcanine-Hisui, L50, M|\n|poke|p1|Chien-Pao, L50|\n|poke|p2|Raichu, L50, F|\n|poke|p2|Dusclops, L50, M|\n|poke|p2|Garganacl, L50, M|\n|poke|p2|Tornadus, L50, M|\n|poke|p2|Basculegion, L50, M|\n|poke|p2|Pelipper, L50, M|\n|teampreview|4\nWeRrsome rejected open team sheets.\n|inactive|Battle timer is ON: inactive players will automatically lose when time's up. (requested by Kzjhzk)\n|\n|t:|1699902868\n|start\n|switch|p1a: Tornadus|Tornadus, L50, M|100\/100\n|switch|p1b: Garganacl|Garganacl, L50, F|100\/100\n|switch|p2a: Basculegion|Basculegion, L50, M|100\/100\n|switch|p2b: Tornadus|Tornadus, L50, M|100\/100\n|turn|1\n|inactive|Kzjhzk has 30 seconds left.\n|inactive|WeRrsome has 30 seconds left.\n|inactive|WeRrsome has 20 seconds left.\n|j| ZonXJ\n|inactive|WeRrsome has 15 seconds left.\n|inactive|WeRrsome has 10 seconds left.\n|\n|t:|1699902914\n|move|p2b: Tornadus|Protect|p2b: Tornadus\n|-singleturn|p2b: Tornadus|Protect\n|move|p1b: Garganacl|Protect|p1b: Garganacl\n|-singleturn|p1b: Garganacl|Protect\n|move|p1a: Tornadus|Bleakwind Storm|p2b: Tornadus|[spread] p2a\n|-activate|p2b: Tornadus|move: Protect\n|-damage|p2a: Basculegion|65\/100\n|-unboost|p2a: Basculegion|spe|1\n|move|p2a: Basculegion|Waterfall|p1a: Tornadus\n|-crit|p1a: Tornadus\n|-damage|p1a: Tornadus|0 fnt\n|-damage|p2a: Basculegion|49\/100|[from] item: Rocky Helmet|[of] p1a: Tornadus\n|faint|p1a: Tornadus\n|\n|upkeep\n|\n|t:|1699902929\n|switch|p1a: Chien-Pao|Chien-Pao, L50|100\/100\n|-ability|p1a: Chien-Pao|Sword of Ruin\n|turn|2\n|\n|t:|1699902953\n|-terastallize|p1b: Garganacl|Ghost\n|move|p1a: Chien-Pao|Protect|p1a: Chien-Pao\n|-singleturn|p1a: Chien-Pao|Protect\n|move|p2a: Basculegion|Protect|p2a: Basculegion\n|-singleturn|p2a: Basculegion|Protect\n|move|p2b: Tornadus|Bleakwind Storm|p1a: Chien-Pao|[spread] \n|-activate|p1a: Chien-Pao|move: Protect\n|-miss|p2b: Tornadus|p1b: Garganacl\n|move|p1b: Garganacl|Salt Cure|p2a: Basculegion\n|-activate|p2a: Basculegion|move: Protect\n|\n|upkeep\n|turn|3\n|inactive|WeRrsome has 30 seconds left.\n|\n|t:|1699902979\n|switch|p2a: Pelipper|Pelipper, L50, M|100\/100\n|-weather|RainDance|[from] ability: Drizzle|[of] p2a: Pelipper\n|move|p1a: Chien-Pao|Ice Spinner|p2b: Tornadus\n|-supereffective|p2b: Tornadus\n|-damage|p2b: Tornadus|0 fnt\n|faint|p2b: Tornadus\n|move|p1b: Garganacl|Iron Defense|p1b: Garganacl\n|-boost|p1b: Garganacl|def|2\n|\n|-weather|RainDance|[upkeep]\n|upkeep\n|\n|t:|1699902998\n|switch|p2b: Basculegion|Basculegion, L50, M|49\/100\n|turn|4\n|\n|t:|1699903015\n|move|p1a: Chien-Pao|Protect|p1a: Chien-Pao\n|-singleturn|p1a: Chien-Pao|Protect\n|move|p2b: Basculegion|Protect|p2b: Basculegion\n|-singleturn|p2b: Basculegion|Protect\n|move|p2a: Pelipper|Weather Ball|p1b: Garganacl\n|-damage|p1b: Garganacl|56\/100\n|move|p1b: Garganacl|Salt Cure|p2b: Basculegion\n|-activate|p2b: Basculegion|move: Protect\n|\n|-weather|RainDance|[upkeep]\n|upkeep\n|turn|5\n|c| ZonXJ|perish song politoed would had been quite nice here for the garg\n|c|\u2606WeRrsome|oh hi lul\n|inactive|WeRrsome has 30 seconds left.\n|inactive|WeRrsome has 20 seconds left.\n|inactive|WeRrsome has 15 seconds left.\n|\n|t:|1699903058\n|move|p1b: Garganacl|Protect|p1b: Garganacl\n|-singleturn|p1b: Garganacl|Protect\n|move|p1a: Chien-Pao|Sucker Punch|p2b: Basculegion\n|-supereffective|p2b: Basculegion\n|-damage|p2b: Basculegion|0 fnt\n|faint|p2b: Basculegion\n|move|p2a: Pelipper|Weather Ball|p1a: Chien-Pao\n|-enditem|p1a: Chien-Pao|Focus Sash\n|-damage|p1a: Chien-Pao|1\/100\n|\n|-weather|RainDance|[upkeep]\n|upkeep\n|\n|t:|1699903067\n|switch|p2b: Garganacl|Garganacl, L50, M|100\/100\n|turn|6\n|inactive|WeRrsome has 30 seconds left.\n|\n|t:|1699903100\n|switch|p1a: Rillaboom|Rillaboom, L50, F|100\/100\n|-fieldstart|move: Grassy Terrain|[from] ability: Grassy Surge|[of] p1a: Rillaboom\n|-terastallize|p2b: Garganacl|Fire\n|move|p2a: Pelipper|Weather Ball|p1b: Garganacl\n|-damage|p1b: Garganacl|10\/100\n|-enditem|p1b: Garganacl|Sitrus Berry|[eat]\n|-heal|p1b: Garganacl|35\/100|[from] item: Sitrus Berry\n|move|p1b: Garganacl|Recover|p1b: Garganacl\n|-heal|p1b: Garganacl|85\/100\n|move|p2b: Garganacl|Salt Cure|p1b: Garganacl\n|-damage|p1b: Garganacl|79\/100\n|-start|p1b: Garganacl|Salt Cure\n|\n|-weather|RainDance|[upkeep]\n|-heal|p1b: Garganacl|85\/100|[from] Grassy Terrain\n|-damage|p1b: Garganacl|73\/100|[from] Salt Cure\n|upkeep\n|turn|7\n|inactive|WeRrsome has 30 seconds left.\n|inactive|WeRrsome has 20 seconds left.\n|\n|t:|1699903136\n|move|p2a: Pelipper|Protect|p2a: Pelipper\n|-singleturn|p2a: Pelipper|Protect\n|move|p1a: Rillaboom|Fake Out|p2a: Pelipper\n|-activate|p2a: Pelipper|move: Protect\n|move|p1b: Garganacl|Salt Cure|p2a: Pelipper\n|-activate|p2a: Pelipper|move: Protect\n|move|p2b: Garganacl|Salt Cure|p1a: Rillaboom\n|-damage|p1a: Rillaboom|87\/100\n|-start|p1a: Rillaboom|Salt Cure\n|\n|-weather|RainDance|[upkeep]\n|-heal|p1a: Rillaboom|93\/100|[from] Grassy Terrain\n|-heal|p1b: Garganacl|79\/100|[from] Grassy Terrain\n|-damage|p1a: Rillaboom|81\/100|[from] Salt Cure\n|-damage|p1b: Garganacl|67\/100|[from] Salt Cure\n|upkeep\n|turn|8\n|inactive|WeRrsome has 30 seconds left.\n|\n|t:|1699903169\n|move|p2a: Pelipper|Hurricane|p1a: Rillaboom\n|-supereffective|p1a: Rillaboom\n|-damage|p1a: Rillaboom|9\/100\n|-start|p1a: Rillaboom|confusion\n|-activate|p1a: Rillaboom|confusion\n|-damage|p1a: Rillaboom|0 fnt|[from] confusion\n|faint|p1a: Rillaboom\n|move|p1b: Garganacl|Salt Cure|p2a: Pelipper\n|-supereffective|p2a: Pelipper\n|-damage|p2a: Pelipper|65\/100\n|-start|p2a: Pelipper|Salt Cure\n|move|p2b: Garganacl|Salt Cure|p1b: Garganacl\n|-damage|p1b: Garganacl|61\/100\n|\n|-weather|RainDance|[upkeep]\n|-heal|p1b: Garganacl|67\/100|[from] Grassy Terrain\n|-damage|p2a: Pelipper|40\/100|[from] Salt Cure\n|-damage|p1b: Garganacl|55\/100|[from] Salt Cure\n|upkeep\n|c|\u2606WeRrsome|wow im lucky\n|\n|t:|1699903182\n|switch|p1a: Chien-Pao|Chien-Pao, L50|1\/100\n|-ability|p1a: Chien-Pao|Sword of Ruin\n|turn|9\n|inactive|WeRrsome has 30 seconds left.\n|c| ZonXJ|no its called ur very skillful\n|\n|t:|1699903212\n|move|p1a: Chien-Pao|Protect|p1a: Chien-Pao\n|-singleturn|p1a: Chien-Pao|Protect\n|move|p1b: Garganacl|Protect|p1b: Garganacl\n|-singleturn|p1b: Garganacl|Protect\n|move|p2a: Pelipper|Hurricane|p1a: Chien-Pao\n|-activate|p1a: Chien-Pao|move: Protect\n|move|p2b: Garganacl|Salt Cure|p1a: Chien-Pao\n|-activate|p1a: Chien-Pao|move: Protect\n|\n|-weather|RainDance|[upkeep]\n|-heal|p1a: Chien-Pao|7\/100|[from] Grassy Terrain\n|-heal|p1b: Garganacl|60\/100|[from] Grassy Terrain\n|-damage|p2a: Pelipper|16\/100|[from] Salt Cure\n|-damage|p1b: Garganacl|48\/100|[from] Salt Cure\n|upkeep\n|turn|10\n|c|\u2606WeRrsome|lul\n|c| ZonXJ|dont twist it\n|inactive|WeRrsome has 30 seconds left.\n|inactive|Kzjhzk has 30 seconds left.\n|\n|t:|1699903247\n|move|p1a: Chien-Pao|Sacred Sword|p2b: Garganacl\n|-damage|p2b: Garganacl|74\/100\n|move|p2a: Pelipper|Weather Ball|p1b: Garganacl\n|-damage|p1b: Garganacl|2\/100\n|move|p1b: Garganacl|Recover|p1b: Garganacl\n|-heal|p1b: Garganacl|52\/100\n|move|p2b: Garganacl|Salt Cure|p1a: Chien-Pao\n|-supereffective|p1a: Chien-Pao\n|-damage|p1a: Chien-Pao|0 fnt\n|faint|p1a: Chien-Pao\n|\n|-weather|none\n|-heal|p1b: Garganacl|58\/100|[from] Grassy Terrain\n|-heal|p2b: Garganacl|80\/100|[from] Grassy Terrain\n|-heal|p2b: Garganacl|86\/100|[from] item: Leftovers\n|-damage|p2a: Pelipper|0 fnt|[from] Salt Cure\n|faint|p2a: Pelipper\n|-damage|p1b: Garganacl|46\/100|[from] Salt Cure\n|-fieldend|move: Grassy Terrain\n|upkeep\n|turn|11\n|c|\u2606WeRrsome|hmm\n|c| ZonXJ|the game is over\n|inactive|WeRrsome has 30 seconds left.\n|\n|t:|1699903279\n|move|p1b: Garganacl|Salt Cure|p2b: Garganacl\n|-supereffective|p2b: Garganacl\n|-damage|p2b: Garganacl|68\/100\n|-start|p2b: Garganacl|Salt Cure\n|move|p2b: Garganacl|Salt Cure|p1b: Garganacl\n|-damage|p1b: Garganacl|40\/100\n|\n|-heal|p2b: Garganacl|73\/100|[from] item: Leftovers\n|-damage|p1b: Garganacl|28\/100|[from] Salt Cure\n|-damage|p2b: Garganacl|61\/100|[from] Salt Cure\n|upkeep\n|turn|12\n|\n|t:|1699903290\n|move|p1b: Garganacl|Recover|p1b: Garganacl\n|-heal|p1b: Garganacl|78\/100\n|move|p2b: Garganacl|Salt Cure|p1b: Garganacl\n|-damage|p1b: Garganacl|72\/100\n|\n|-heal|p2b: Garganacl|67\/100|[from] item: Leftovers\n|-damage|p1b: Garganacl|60\/100|[from] Salt Cure\n|-damage|p2b: Garganacl|55\/100|[from] Salt Cure\n|upkeep\n|turn|13\n|c|\u2606WeRrsome|this is just a stalling game now lmfao\n|\n|t:|1699903300\n|move|p2b: Garganacl|Protect|p2b: Garganacl\n|-singleturn|p2b: Garganacl|Protect\n|move|p1b: Garganacl|Salt Cure|p2b: Garganacl\n|-activate|p2b: Garganacl|move: Protect\n|\n|-heal|p2b: Garganacl|61\/100|[from] item: Leftovers\n|-damage|p1b: Garganacl|48\/100|[from] Salt Cure\n|-damage|p2b: Garganacl|49\/100|[from] Salt Cure\n|upkeep\n|turn|14\n|c| ZonXJ|i told u iron def is better\n|\n|t:|1699903312\n|move|p1b: Garganacl|Recover|p1b: Garganacl\n|-heal|p1b: Garganacl|99\/100\n|move|p2b: Garganacl|Salt Cure|p1b: Garganacl\n|-damage|p1b: Garganacl|93\/100\n|\n|-heal|p2b: Garganacl|55\/100|[from] item: Leftovers\n|-damage|p1b: Garganacl|81\/100|[from] Salt Cure\n|-damage|p2b: Garganacl|43\/100|[from] Salt Cure\n|upkeep\n|turn|15\n|c| ZonXJ|u already have peliper wide guard\n|\n|t:|1699903318\n|move|p1b: Garganacl|Salt Cure|p2b: Garganacl\n|-supereffective|p2b: Garganacl\n|-damage|p2b: Garganacl|21\/100\n|move|p2b: Garganacl|Recover|p2b: Garganacl\n|-heal|p2b: Garganacl|72\/100\n|\n|-heal|p2b: Garganacl|77\/100|[from] item: Leftovers\n|-damage|p1b: Garganacl|69\/100|[from] Salt Cure\n|-damage|p2b: Garganacl|65\/100|[from] Salt Cure\n|upkeep\n|turn|16\n|c|\u2606WeRrsome|its just who has more recovers\n|inactive|WeRrsome has 30 seconds left.\n|c|\u2606WeRrsome|he has 4, i have 7\n|\n|t:|1699903335\n|move|p2b: Garganacl|Protect|p2b: Garganacl\n|-singleturn|p2b: Garganacl|Protect\n|move|p1b: Garganacl|Salt Cure|p2b: Garganacl\n|-activate|p2b: Garganacl|move: Protect\n|\n|-heal|p2b: Garganacl|71\/100|[from] item: Leftovers\n|-damage|p1b: Garganacl|57\/100|[from] Salt Cure\n|-damage|p2b: Garganacl|59\/100|[from] Salt Cure\n|upkeep\n|turn|17\n|inactive|WeRrsome has 25 seconds left this turn.\n|inactive|WeRrsome has 20 seconds left.\n|\n|t:|1699903341\n|move|p2b: Garganacl|Wide Guard|p2b: Garganacl\n|-singleturn|p2b: Garganacl|Wide Guard\n|move|p1b: Garganacl|Iron Defense|p1b: Garganacl\n|-boost|p1b: Garganacl|def|2\n|\n|-heal|p2b: Garganacl|65\/100|[from] item: Leftovers\n|-damage|p1b: Garganacl|44\/100|[from] Salt Cure\n|-damage|p2b: Garganacl|53\/100|[from] Salt Cure\n|upkeep\n|turn|18\n|inactive|WeRrsome has 20 seconds left this turn.\n|\n|t:|1699903347\n|move|p2b: Garganacl|Wide Guard|p2b: Garganacl\n|-singleturn|p2b: Garganacl|Wide Guard\n|move|p1b: Garganacl|Recover|p1b: Garganacl\n|-heal|p1b: Garganacl|95\/100\n|\n|-heal|p2b: Garganacl|58\/100|[from] item: Leftovers\n|-damage|p1b: Garganacl|83\/100|[from] Salt Cure\n|-damage|p2b: Garganacl|46\/100|[from] Salt Cure\n|upkeep\n|turn|19\n|inactive|WeRrsome has 20 seconds left this turn.\n|\n|t:|1699903351\n|move|p1b: Garganacl|Salt Cure|p2b: Garganacl\n|-supereffective|p2b: Garganacl\n|-damage|p2b: Garganacl|28\/100\n|move|p2b: Garganacl|Recover|p2b: Garganacl\n|-heal|p2b: Garganacl|78\/100\n|\n|-heal|p2b: Garganacl|84\/100|[from] item: Leftovers\n|-damage|p1b: Garganacl|71\/100|[from] Salt Cure\n|-damage|p2b: Garganacl|72\/100|[from] Salt Cure\n|upkeep\n|turn|20\n|inactive|WeRrsome has 20 seconds left this turn.\n|c| ZonXJ|i guess so\n|\n|t:|1699903355\n|move|p2b: Garganacl|Wide Guard|p2b: Garganacl\n|-singleturn|p2b: Garganacl|Wide Guard\n|move|p1b: Garganacl|Salt Cure|p2b: Garganacl\n|-supereffective|p2b: Garganacl\n|-damage|p2b: Garganacl|54\/100\n|\n|-heal|p2b: Garganacl|59\/100|[from] item: Leftovers\n|-damage|p1b: Garganacl|58\/100|[from] Salt Cure\n|-damage|p2b: Garganacl|47\/100|[from] Salt Cure\n|upkeep\n|turn|21\n|inactive|WeRrsome has 20 seconds left this turn.\n|\n|t:|1699903359\n|move|p1b: Garganacl|Salt Cure|p2b: Garganacl\n|-supereffective|p2b: Garganacl\n|-damage|p2b: Garganacl|29\/100\n|move|p2b: Garganacl|Recover|p2b: Garganacl\n|-heal|p2b: Garganacl|79\/100\n|\n|-heal|p2b: Garganacl|85\/100|[from] item: Leftovers\n|-damage|p1b: Garganacl|46\/100|[from] Salt Cure\n|-damage|p2b: Garganacl|73\/100|[from] Salt Cure\n|upkeep\n|turn|22\n|inactive|WeRrsome has 20 seconds left this turn.\n|\n|t:|1699903363\n|move|p2b: Garganacl|Protect|p2b: Garganacl\n|-singleturn|p2b: Garganacl|Protect\n|move|p1b: Garganacl|Salt Cure|p2b: Garganacl\n|-activate|p2b: Garganacl|move: Protect\n|\n|-heal|p2b: Garganacl|79\/100|[from] item: Leftovers\n|-damage|p1b: Garganacl|34\/100|[from] Salt Cure\n|-damage|p2b: Garganacl|67\/100|[from] Salt Cure\n|upkeep\n|turn|23\n|inactive|WeRrsome has 20 seconds left this turn.\n|\n|t:|1699903367\n|move|p2b: Garganacl|Wide Guard|p2b: Garganacl\n|-singleturn|p2b: Garganacl|Wide Guard\n|move|p1b: Garganacl|Salt Cure|p2b: Garganacl\n|-supereffective|p2b: Garganacl\n|-damage|p2b: Garganacl|45\/100\n|\n|-heal|p2b: Garganacl|51\/100|[from] item: Leftovers\n|-damage|p1b: Garganacl|22\/100|[from] Salt Cure\n|-damage|p2b: Garganacl|39\/100|[from] Salt Cure\n|upkeep\n|turn|24\n|inactive|WeRrsome has 20 seconds left this turn.\n|\n|t:|1699903371\n|move|p1b: Garganacl|Recover|p1b: Garganacl\n|-heal|p1b: Garganacl|72\/100\n|move|p2b: Garganacl|Recover|p2b: Garganacl\n|-heal|p2b: Garganacl|89\/100\n|\n|-heal|p2b: Garganacl|95\/100|[from] item: Leftovers\n|-damage|p1b: Garganacl|60\/100|[from] Salt Cure\n|-damage|p2b: Garganacl|83\/100|[from] Salt Cure\n|upkeep\n|turn|25\n|inactive|WeRrsome has 20 seconds left this turn.\n|\n|t:|1699903375\n|move|p2b: Garganacl|Wide Guard|p2b: Garganacl\n|-singleturn|p2b: Garganacl|Wide Guard\n|move|p1b: Garganacl|Salt Cure|p2b: Garganacl\n|-supereffective|p2b: Garganacl\n|-damage|p2b: Garganacl|63\/100\n|\n|-heal|p2b: Garganacl|69\/100|[from] item: Leftovers\n|-damage|p1b: Garganacl|48\/100|[from] Salt Cure\n|-damage|p2b: Garganacl|57\/100|[from] Salt Cure\n|upkeep\n|turn|26\n|inactive|WeRrsome has 20 seconds left this turn.\n|c| ZonXJ|but there is no point in have 2 wide guarders on the same team\n|inactive|WeRrsome has 15 seconds left.\n|\n|t:|1699903383\n|move|p1b: Garganacl|Salt Cure|p2b: Garganacl\n|-supereffective|p2b: Garganacl\n|-damage|p2b: Garganacl|36\/100\n|move|p2b: Garganacl|Recover|p2b: Garganacl\n|-heal|p2b: Garganacl|86\/100\n|\n|-heal|p2b: Garganacl|92\/100|[from] item: Leftovers\n|-damage|p1b: Garganacl|36\/100|[from] Salt Cure\n|-damage|p2b: Garganacl|80\/100|[from] Salt Cure\n|upkeep\n|turn|27\n|inactive|WeRrsome has 15 seconds left this turn.\n|inactive|WeRrsome has 10 seconds left.\n|inactive|WeRrsome has 5 seconds left.\n|\n|t:|1699903394\n|move|p2b: Garganacl|Wide Guard|p2b: Garganacl\n|-singleturn|p2b: Garganacl|Wide Guard\n|move|p1b: Garganacl|Recover|p1b: Garganacl\n|-heal|p1b: Garganacl|86\/100\n|\n|-heal|p2b: Garganacl|86\/100|[from] item: Leftovers\n|-damage|p1b: Garganacl|74\/100|[from] Salt Cure\n|-damage|p2b: Garganacl|74\/100|[from] Salt Cure\n|upkeep\n|turn|28\n|inactive|WeRrsome has 5 seconds left this turn.\n|-message|WeRrsome lost due to inactivity.\n|\n|win|Kzjhzk\n|raw|Kzjhzk's rating: 1088 &rarr; <strong>1122<\/strong><br \/>(+34 for winning)\n|raw|WeRrsome's rating: 1182 &rarr; <strong>1150<\/strong><br \/>(-32 for losing)\n|c| ZonXJ|remember to presss skip animations\n","uploadtime":1699903406,"views":10,"p1id":"kzjhzk","p2id":"werrsome","formatid":"gen9vgc2023regulatione","rating":1122,"private":0,"password":""}