{"id":"gen9vgc2023regulatione-1992081439","p1":"UncleLanddrops","p2":"wingminmon2","format":"[Gen 9] VGC 2023 Regulation E","log":"|j|\u2606UncleLanddrops\n|j|\u2606wingminmon2\n|t:|1700153508\n|gametype|doubles\n|player|p1|UncleLanddrops|lady-gen4|1109\n|player|p2|wingminmon2|preschooler|1000\n|teamsize|p1|6\n|teamsize|p2|6\n|gen|9\n|tier|[Gen 9] VGC 2023 Regulation E\n|rated|\n|rule|Species Clause: Limit one of each Pok\u00e9mon\n|rule|Item Clause: Limit one of each item\n|clearpoke\n|poke|p1|Iron Bundle, L50|\n|poke|p1|Fezandipiti, L50, M|\n|poke|p1|Farigiraf, L50, F|\n|poke|p1|Iron Hands, L50|\n|poke|p1|Heracross, L50, M|\n|poke|p1|Chien-Pao, L50|\n|poke|p2|Dragapult, L50, M|\n|poke|p2|Ogerpon, L50, F|\n|poke|p2|Arcanine-Hisui, L50, F|\n|poke|p2|Chien-Pao, L50|\n|poke|p2|Iron Bundle, L50|\n|poke|p2|Cresselia, L50, F|\n|teampreview|4\n|c|\u2606wingminmon2|hello\nwingminmon2 has agreed to open team sheets.\n|inactive|Battle timer is ON: inactive players will automatically lose when time's up. (requested by UncleLanddrops)\n|inactive|UncleLanddrops has 60 seconds left.\n|\n|t:|1700153583\n|start\n|switch|p1a: Chien-Pao|Chien-Pao, L50|100\/100\n|switch|p1b: Iron Bundle|Iron Bundle, L50, shiny|100\/100\n|switch|p2a: Ogerpon|Ogerpon, L50, F|100\/100\n|switch|p2b: Arcanine|Arcanine-Hisui, L50, F|100\/100\n|-ability|p1a: Chien-Pao|Sword of Ruin\n|-ability|p2b: Arcanine|Intimidate|boost\n|-unboost|p1a: Chien-Pao|atk|1\n|-unboost|p1b: Iron Bundle|atk|1\n|-enditem|p1b: Iron Bundle|Booster Energy\n|-activate|p1b: Iron Bundle|ability: Quark Drive|[fromitem]\n|-start|p1b: Iron Bundle|quarkdrivespe\n|turn|1\n|inactive|UncleLanddrops has 30 seconds left.\n|inactive|wingminmon2 has 30 seconds left.\n|inactive|wingminmon2 has 20 seconds left.\n|\n|t:|1700153621\n|move|p1a: Chien-Pao|Protect|p1a: Chien-Pao\n|-singleturn|p1a: Chien-Pao|Protect\n|move|p1b: Iron Bundle|Freeze-Dry|p2a: Ogerpon\n|-supereffective|p2a: Ogerpon\n|-damage|p2a: Ogerpon|15\/100\n|move|p2a: Ogerpon|Swords Dance|p2a: Ogerpon\n|-boost|p2a: Ogerpon|atk|2\n|move|p2b: Arcanine|Rock Slide|p1b: Iron Bundle|[spread] p1b\n|-activate|p1a: Chien-Pao|move: Protect\n|-supereffective|p1b: Iron Bundle\n|-damage|p1b: Iron Bundle|0 fnt\n|faint|p1b: Iron Bundle\n|-end|p1b: Iron Bundle|Quark Drive|[silent]\n|\n|upkeep\n|inactive|UncleLanddrops has 30 seconds left.\n|\n|t:|1700153648\n|switch|p1b: Heracross|Heracross, L50, M|100\/100\n|turn|2\n|\n|t:|1700153668\n|-terastallize|p1b: Heracross|Rock\n|move|p2a: Ogerpon|Spiky Shield|p2a: Ogerpon\n|-singleturn|p2a: Ogerpon|move: Protect\n|move|p2b: Arcanine|Protect|p2b: Arcanine\n|-singleturn|p2b: Arcanine|Protect\n|move|p1b: Heracross|Rock Slide|p2a: Ogerpon|[spread] \n|-activate|p2a: Ogerpon|move: Protect\n|-activate|p2b: Arcanine|move: Protect\n|move|p1a: Chien-Pao|Sacred Sword|p2b: Arcanine\n|-activate|p2b: Arcanine|move: Protect\n|\n|upkeep\n|turn|3\n|inactive|wingminmon2 has 30 seconds left.\n|\n|t:|1700153696\n|switch|p2b: Dragapult|Dragapult, L50, M, shiny|100\/100\n|-terastallize|p2a: Ogerpon|Grass\n|detailschange|p2a: Ogerpon|Ogerpon-Teal-Tera, L50, F, tera:Grass\n|-ability|p2a: Ogerpon|Embody Aspect (Teal)|boost\n|-boost|p2a: Ogerpon|spe|1\n|move|p1a: Chien-Pao|Protect|p1a: Chien-Pao\n|-singleturn|p1a: Chien-Pao|Protect\n|move|p2a: Ogerpon|Stomping Tantrum|p1b: Heracross\n|-supereffective|p1b: Heracross\n|-damage|p1b: Heracross|0 fnt\n|faint|p1b: Heracross\n|\n|upkeep\n|\n|t:|1700153707\n|switch|p1b: Iron Hands|Iron Hands, L50|100\/100\n|turn|4\n|\n|t:|1700153728\n|move|p2a: Ogerpon|Spiky Shield|p2a: Ogerpon\n|-singleturn|p2a: Ogerpon|move: Protect\n|move|p2b: Dragapult|Dragon Dance|p2b: Dragapult\n|-boost|p2b: Dragapult|atk|1\n|-boost|p2b: Dragapult|spe|1\n|move|p1a: Chien-Pao|Ice Spinner|p2a: Ogerpon\n|-activate|p2a: Ogerpon|move: Protect\n|-damage|p1a: Chien-Pao|88\/100|[from] Spiky Shield|[of] p2a: Ogerpon\n|move|p1b: Iron Hands|Heavy Slam|p2b: Dragapult\n|-damage|p2b: Dragapult|23\/100\n|\n|upkeep\n|turn|5\n|inactive|wingminmon2 has 30 seconds left.\n|\n|t:|1700153755\n|move|p1a: Chien-Pao|Protect|p1a: Chien-Pao\n|-singleturn|p1a: Chien-Pao|Protect\n|move|p2b: Dragapult|Phantom Force||[still]\n|-prepare|p2b: Dragapult|Phantom Force\n|move|p2a: Ogerpon|Ivy Cudgel|p1a: Chien-Pao\n|-activate|p1a: Chien-Pao|move: Protect\n|move|p1b: Iron Hands|Heavy Slam|p2b: Dragapult|[miss]\n|-miss|p1b: Iron Hands|p2b: Dragapult\n|\n|upkeep\n|turn|6\n|\n|t:|1700153774\n|move|p2b: Dragapult|Phantom Force|p1b: Iron Hands|[from]lockedmove\n|-damage|p1b: Iron Hands|23\/100\n|-damage|p2b: Dragapult|13\/100|[from] item: Life Orb\n|move|p2a: Ogerpon|Ivy Cudgel|p1a: Chien-Pao\n|-crit|p1a: Chien-Pao\n|-damage|p1a: Chien-Pao|0 fnt\n|faint|p1a: Chien-Pao\n|move|p1b: Iron Hands|Heavy Slam|p2a: Ogerpon\n|-damage|p2a: Ogerpon|0 fnt\n|faint|p2a: Ogerpon\n|\n|upkeep\n|\n|t:|1700153785\n|switch|p2a: Arcanine|Arcanine-Hisui, L50, F|100\/100\n|-ability|p2a: Arcanine|Intimidate|boost\n|-unboost|p1b: Iron Hands|atk|1\n|turn|7\n|-message|UncleLanddrops forfeited.\n|\n|win|wingminmon2\n|raw|UncleLanddrops's rating: 1109 &rarr; <strong>1076<\/strong><br \/>(-33 for losing)\n|raw|wingminmon2's rating: 1000 &rarr; <strong>1052<\/strong><br \/>(+52 for winning)\n|l|\u2606UncleLanddrops\n","uploadtime":1700153872,"views":13,"p1id":"unclelanddrops","p2id":"wingminmon2","formatid":"gen9vgc2023regulatione","rating":1052,"private":0,"password":""}