{"id":"gen9vgc2023regulatione-1997954074","p1":"5ilver_F0x","p2":"Frozen_ATM","format":"[Gen 9] VGC 2023 Regulation E","log":"|j|\u26065ilver_F0x\n|j|\u2606Frozen_ATM\n|t:|1700871653\n|gametype|doubles\n|player|p1|5ilver_F0x|morty|\n|player|p2|Frozen_ATM|boarder|\n|teamsize|p1|6\n|teamsize|p2|6\n|gen|9\n|tier|[Gen 9] VGC 2023 Regulation E\n|rule|Species Clause: Limit one of each Pok\u00e9mon\n|rule|Item Clause: Limit one of each item\n|clearpoke\n|poke|p1|Urshifu-*, L50, M|\n|poke|p1|Ogerpon-Hearthflame, L50, F|\n|poke|p1|Klefki, L50, F|\n|poke|p1|Staraptor, L50, F|\n|poke|p1|Garganacl, L50, F|\n|poke|p1|Raichu-Alola, L50, F|\n|poke|p2|Lycanroc-Dusk, L50, M|\n|poke|p2|Pyroar, L50, F|\n|poke|p2|Fezandipiti, L50, M|\n|poke|p2|Sinistcha, L50|\n|poke|p2|Toxicroak, L50, M|\n|poke|p2|Camerupt, L50, M|\n|teampreview|4\n|c|\u2606Frozen_ATM|g2\n|j| Kokinopleiding\n|j| WaffleMoo\n|c|\u26065ilver_F0x|glhf\n|j| Jay Jingles\n|\n|t:|1700872367\n|start\n|switch|p1a: Urshifu|Urshifu-Rapid-Strike, L50, M|100\/100\n|switch|p1b: Staraptor|Staraptor, L50, F, shiny|100\/100\n|switch|p2a: Lycanroc|Lycanroc-Dusk, L50, M|100\/100\n|switch|p2b: Fezandipiti|Fezandipiti, L50, M|100\/100\n|-ability|p1b: Staraptor|Intimidate|boost\n|-unboost|p2a: Lycanroc|atk|1\n|-unboost|p2b: Fezandipiti|atk|1\n|turn|1\n|\n|t:|1700872412\n|move|p2b: Fezandipiti|Protect|p2b: Fezandipiti\n|-singleturn|p2b: Fezandipiti|Protect\n|move|p1b: Staraptor|Brave Bird|p2b: Fezandipiti\n|-activate|p2b: Fezandipiti|move: Protect\n|move|p2a: Lycanroc|Rock Slide|p1a: Urshifu|[spread] p1a,p1b\n|-resisted|p1a: Urshifu\n|-supereffective|p1b: Staraptor\n|-damage|p1a: Urshifu|89\/100\n|-damage|p1b: Staraptor|44\/100\n|-damage|p2a: Lycanroc|90\/100|[from] item: Life Orb\n|move|p1a: Urshifu|Surging Strikes|p2a: Lycanroc\n|-supereffective|p2a: Lycanroc\n|-crit|p2a: Lycanroc\n|-damage|p2a: Lycanroc|22\/100\n|-supereffective|p2a: Lycanroc\n|-crit|p2a: Lycanroc\n|-damage|p2a: Lycanroc|0 fnt\n|faint|p2a: Lycanroc\n|-hitcount|p2: Lycanroc|2\n|\n|upkeep\n|j| bambichild\n|\n|t:|1700872428\n|switch|p2a: Camerupt|Camerupt, L50, M|100\/100\n|turn|2\n|\n|t:|1700872460\n|move|p1a: Urshifu|Protect|p1a: Urshifu\n|-singleturn|p1a: Urshifu|Protect\n|move|p1b: Staraptor|Brave Bird|p2b: Fezandipiti\n|-damage|p2b: Fezandipiti|31\/100\n|-enditem|p2b: Fezandipiti|Sitrus Berry|[eat]\n|-heal|p2b: Fezandipiti|55\/100|[from] item: Sitrus Berry\n|-damage|p1b: Staraptor|20\/100|[from] Recoil\n|move|p2b: Fezandipiti|Dazzling Gleam|p1b: Staraptor|[spread] p1b\n|-activate|p1a: Urshifu|move: Protect\n|-damage|p1b: Staraptor|0 fnt\n|faint|p1b: Staraptor\n|move|p2a: Camerupt|Earth Power|p1a: Urshifu\n|-activate|p1a: Urshifu|move: Protect\n|\n|upkeep\n|\n|t:|1700872477\n|switch|p1b: Raichu|Raichu-Alola, L50, F, shiny|100\/100\n|turn|3\n|\n|t:|1700872503\n|-terastallize|p2a: Camerupt|Grass\n|move|p2b: Fezandipiti|Protect|p2b: Fezandipiti\n|-singleturn|p2b: Fezandipiti|Protect\n|move|p1b: Raichu|Psyshock|p2b: Fezandipiti\n|-activate|p2b: Fezandipiti|move: Protect\n|move|p1a: Urshifu|Surging Strikes|p2a: Camerupt\n|-resisted|p2a: Camerupt\n|-crit|p2a: Camerupt\n|-damage|p2a: Camerupt|86\/100\n|-resisted|p2a: Camerupt\n|-crit|p2a: Camerupt\n|-damage|p2a: Camerupt|71\/100\n|-resisted|p2a: Camerupt\n|-crit|p2a: Camerupt\n|-damage|p2a: Camerupt|56\/100\n|-hitcount|p2a: Camerupt|3\n|move|p2a: Camerupt|Earth Power|p1b: Raichu\n|-supereffective|p1b: Raichu\n|-damage|p1b: Raichu|0 fnt\n|faint|p1b: Raichu\n|\n|upkeep\n|\n|t:|1700872520\n|switch|p1b: Ogerpon|Ogerpon-Hearthflame, L50, F|100\/100\n|-ability|p1b: Ogerpon|Mold Breaker\n|turn|4\n|\n|t:|1700872569\n|switch|p2a: Sinistcha|Sinistcha, L50|100\/100\n|-heal|p2b: Fezandipiti|80\/100|[from] ability: Hospitality|[of] p2a: Sinistcha\n|-terastallize|p1b: Ogerpon|Fire\n|detailschange|p1b: Ogerpon|Ogerpon-Hearthflame-Tera, L50, F, tera:Fire\n|-ability|p1b: Ogerpon|Embody Aspect (Hearthflame)|boost\n|-boost|p1b: Ogerpon|atk|1\n|move|p1a: Urshifu|Protect|p1a: Urshifu\n|-singleturn|p1a: Urshifu|Protect\n|move|p2b: Fezandipiti|Tailwind|p2b: Fezandipiti\n|-sidestart|p2: Frozen_ATM|move: Tailwind\n|move|p1b: Ogerpon|Ivy Cudgel|p2a: Sinistcha|[anim] Ivy Cudgel Fire\n|-supereffective|p2a: Sinistcha\n|-damage|p2a: Sinistcha|0 fnt\n|faint|p2a: Sinistcha\n|\n|upkeep\n|\n|t:|1700872572\n|switch|p2a: Camerupt|Camerupt, L50, M, tera:Grass|56\/100\n|turn|5\n|c|\u2606Frozen_ATM|i lose\n|c|\u2606Frozen_ATM|ggs\n|\n|t:|1700872612\n|move|p2b: Fezandipiti|Dazzling Gleam|p1a: Urshifu|[spread] p1a,p1b\n|-supereffective|p1a: Urshifu\n|-resisted|p1b: Ogerpon\n|-damage|p1a: Urshifu|39\/100\n|-damage|p1b: Ogerpon|91\/100\n|-status|p1a: Urshifu|tox|[from] ability: Toxic Chain|[of] p2b: Fezandipiti\n|-status|p1b: Ogerpon|tox|[from] ability: Toxic Chain|[of] p2b: Fezandipiti\n|move|p1b: Ogerpon|Ivy Cudgel|p2a: Camerupt|[anim] Ivy Cudgel Fire\n|-supereffective|p2a: Camerupt\n|-damage|p2a: Camerupt|0 fnt\n|faint|p2a: Camerupt\n|move|p1a: Urshifu|Surging Strikes|p2b: Fezandipiti\n|-crit|p2b: Fezandipiti\n|-damage|p2b: Fezandipiti|55\/100\n|-crit|p2b: Fezandipiti\n|-damage|p2b: Fezandipiti|30\/100\n|-crit|p2b: Fezandipiti\n|-damage|p2b: Fezandipiti|7\/100\n|-hitcount|p2b: Fezandipiti|3\n|\n|-damage|p1b: Ogerpon|85\/100 tox|[from] psn\n|-damage|p1a: Urshifu|33\/100 tox|[from] psn\n|upkeep\n|turn|6\n|\n|t:|1700872632\n|move|p2b: Fezandipiti|Protect|p2b: Fezandipiti\n|-singleturn|p2b: Fezandipiti|Protect\n|move|p1a: Urshifu|Aqua Jet|p2b: Fezandipiti\n|-damage|p2b: Fezandipiti|0 fnt\n|faint|p2b: Fezandipiti\n|\n|win|5ilver_F0x\n|c|\u26065ilver_F0x|ggs\n|l|\u2606Frozen_ATM\n|l| WaffleMoo\n|l| Jay Jingles\n|j| Jay Jingles\n|l| Jay Jingles\n|l| Kokinopleiding\n","uploadtime":1700872656,"views":18,"p1id":"5ilverf0x","p2id":"frozenatm","formatid":"gen9vgc2023regulatione","rating":0,"private":0,"password":""}