{"id":"gen9vgc2023regulatione-1995115878","p1":"zenkiiVGC","p2":"Kzkrzvkzl","format":"[Gen 9] VGC 2023 Regulation E","log":"|j|\u2606zenkiiVGC\n|j|\u2606Kzkrzvkzl\n|t:|1700524297\n|gametype|doubles\n|player|p1|zenkiiVGC|shadowtriad|1025\n|player|p2|Kzkrzvkzl|lance|1000\n|teamsize|p1|6\n|teamsize|p2|6\n|gen|9\n|tier|[Gen 9] VGC 2023 Regulation E\n|rated|\n|rule|Species Clause: Limit one of each Pok\u00e9mon\n|rule|Item Clause: Limit one of each item\n|clearpoke\n|poke|p1|Braviary-Hisui, L50, M|\n|poke|p1|Zoroark, L50, M|\n|poke|p1|Greninja-*, L50, M|\n|poke|p1|Meowscarada, L50, F|\n|poke|p1|Florges-White, L50, F|\n|poke|p1|Gliscor, L50, M|\n|poke|p2|Flutter Mane, L50|\n|poke|p2|Tornadus, L50, M|\n|poke|p2|Rillaboom, L50, F|\n|poke|p2|Garganacl, L50, M|\n|poke|p2|Arcanine-Hisui, L50, F|\n|poke|p2|Chien-Pao, L50|\n|teampreview|4\n|\n|t:|1700524310\n|start\n|switch|p1a: Braviary|Braviary-Hisui, L50, M|100\/100\n|switch|p1b: Florges|Florges-White, L50, F, shiny|100\/100\n|switch|p2a: Tornadus|Tornadus, L50, M|100\/100\n|switch|p2b: Garganacl|Garganacl, L50, M|100\/100\n|turn|1\n|\n|t:|1700524351\n|move|p2a: Tornadus|Bleakwind Storm|p1a: Braviary|[spread] p1a,p1b\n|-damage|p1a: Braviary|58\/100\n|-damage|p1b: Florges|79\/100\n|-unboost|p1a: Braviary|spe|1\n|-unboost|p1b: Florges|spe|1\n|move|p1a: Braviary|Tailwind|p1a: Braviary\n|-sidestart|p1: zenkiiVGC|move: Tailwind\n|move|p1b: Florges|Calm Mind|p1b: Florges\n|-boost|p1b: Florges|spa|1\n|-boost|p1b: Florges|spd|1\n|move|p2b: Garganacl|Salt Cure|p1a: Braviary\n|-supereffective|p1a: Braviary\n|-damage|p1a: Braviary|22\/100\n|-start|p1a: Braviary|Salt Cure\n|\n|-heal|p1a: Braviary|28\/100|[from] item: Leftovers\n|-damage|p1a: Braviary|16\/100|[from] Salt Cure\n|upkeep\n|turn|2\n|\n|t:|1700524371\n|-terastallize|p2b: Garganacl|Ghost\n|move|p2a: Tornadus|Taunt|p1b: Florges\n|-start|p1b: Florges|move: Taunt\n|move|p1a: Braviary|Esper Wing|p2b: Garganacl\n|-damage|p2b: Garganacl|72\/100\n|-boost|p1a: Braviary|spe|1\n|cant|p1b: Florges|move: Taunt|Baton Pass\n|move|p2b: Garganacl|Salt Cure|p1b: Florges\n|-damage|p1b: Florges|59\/100\n|-start|p1b: Florges|Salt Cure\n|\n|-heal|p1a: Braviary|22\/100|[from] item: Leftovers\n|-damage|p1a: Braviary|9\/100|[from] Salt Cure\n|-damage|p1b: Florges|47\/100|[from] Salt Cure\n|upkeep\n|-enditem|p1b: Florges|Sitrus Berry|[eat]\n|-heal|p1b: Florges|72\/100|[from] item: Sitrus Berry\n|turn|3\n|\n|t:|1700524386\n|move|p2a: Tornadus|Tailwind|p2a: Tornadus\n|-sidestart|p2: Kzkrzvkzl|move: Tailwind\n|move|p1a: Braviary|Esper Wing|p2a: Tornadus\n|-damage|p2a: Tornadus|68\/100\n|-boost|p1a: Braviary|spe|1\n|move|p1b: Florges|Pollen Puff|p1a: Braviary\n|-heal|p1a: Braviary|59\/100\n|move|p2b: Garganacl|Iron Defense|p2b: Garganacl\n|-boost|p2b: Garganacl|def|2\n|\n|-heal|p1a: Braviary|65\/100|[from] item: Leftovers\n|-damage|p1a: Braviary|52\/100|[from] Salt Cure\n|-damage|p1b: Florges|59\/100|[from] Salt Cure\n|upkeep\n|turn|4\n|\n|t:|1700524406\n|move|p1a: Braviary|Icy Wind|p2b: Garganacl|[spread] p2a,p2b\n|-supereffective|p2a: Tornadus\n|-damage|p2a: Tornadus|46\/100\n|-damage|p2b: Garganacl|63\/100\n|-unboost|p2a: Tornadus|spe|1\n|-unboost|p2b: Garganacl|spe|1\n|move|p2a: Tornadus|Bleakwind Storm|p1a: Braviary|[spread] p1a,p1b\n|-damage|p1a: Braviary|16\/100\n|-damage|p1b: Florges|45\/100\n|-unboost|p1a: Braviary|spe|1\n|move|p1b: Florges|Pollen Puff|p1a: Braviary\n|-heal|p1a: Braviary|66\/100\n|move|p2b: Garganacl|Salt Cure|p1a: Braviary\n|-supereffective|p1a: Braviary\n|-damage|p1a: Braviary|27\/100\n|\n|-heal|p1a: Braviary|33\/100|[from] item: Leftovers\n|-damage|p1a: Braviary|20\/100|[from] Salt Cure\n|-damage|p1b: Florges|32\/100|[from] Salt Cure\n|-end|p1b: Florges|move: Taunt\n|-sideend|p1: zenkiiVGC|move: Tailwind\n|upkeep\n|turn|5\n|\n|t:|1700524429\n|move|p2a: Tornadus|Taunt|p1a: Braviary\n|-start|p1a: Braviary|move: Taunt\n|move|p1a: Braviary|Esper Wing|p2a: Tornadus\n|-damage|p2a: Tornadus|12\/100\n|-boost|p1a: Braviary|spe|1\n|move|p2b: Garganacl|Recover|p2b: Garganacl\n|-heal|p2b: Garganacl|100\/100\n|move|p1b: Florges|Baton Pass|p1b: Florges\n|\n|t:|1700524439\n|switch|p1b: Gliscor|Gliscor, L50, M|100\/100|[from] Baton Pass\n|\n|-heal|p1a: Braviary|26\/100|[from] item: Leftovers\n|-damage|p1a: Braviary|14\/100|[from] Salt Cure\n|upkeep\n|turn|6\n|\n|t:|1700524456\n|switch|p2a: Arcanine|Arcanine-Hisui, L50, F|100\/100\n|-ability|p2a: Arcanine|Intimidate|boost\n|-unboost|p1a: Braviary|atk|1\n|-unboost|p1b: Gliscor|atk|1\n|-terastallize|p1b: Gliscor|Dark\n|move|p1a: Braviary|Esper Wing|p2a: Arcanine\n|-damage|p2a: Arcanine|51\/100\n|-boost|p1a: Braviary|spe|1\n|move|p1b: Gliscor|Night Daze|p2b: Garganacl\n|-supereffective|p2b: Garganacl\n|-damage|p2b: Garganacl|0 fnt\n|faint|p2b: Garganacl\n|\n|-heal|p1a: Braviary|20\/100|[from] item: Leftovers\n|-damage|p1a: Braviary|8\/100|[from] Salt Cure\n|-sideend|p2: Kzkrzvkzl|move: Tailwind\n|upkeep\n|\n|t:|1700524469\n|switch|p2b: Tornadus|Tornadus, L50, M|12\/100\n|turn|7\n|\n|t:|1700524481\n|move|p2b: Tornadus|Tailwind|p2b: Tornadus\n|-sidestart|p2: Kzkrzvkzl|move: Tailwind\n|move|p2a: Arcanine|Rock Slide|p1a: Braviary|[spread] p1a,p1b\n|-supereffective|p1a: Braviary\n|-damage|p1a: Braviary|0 fnt\n|-damage|p1b: Gliscor|32\/100\n|replace|p1b: Zoroark|Zoroark, L50, M, shiny\n|-end|p1b: Zoroark|Illusion\n|faint|p1a: Braviary\n|cant|p1b: Zoroark|flinch\n|\n|upkeep\n|\n|t:|1700524490\n|switch|p1a: Gliscor|Gliscor, L50, M|100\/100\n|turn|8\n|\n|t:|1700524498\n|move|p2a: Arcanine|Rock Slide|p1a: Gliscor|[spread] p1a,p1b\n|-damage|p1a: Gliscor|64\/100\n|-damage|p1b: Zoroark|0 fnt\n|faint|p1b: Zoroark\n|move|p2b: Tornadus|Bleakwind Storm|p1a: Gliscor\n|-damage|p1a: Gliscor|0 fnt\n|faint|p1a: Gliscor\n|\n|upkeep\n|-message|zenkiiVGC forfeited.\n|\n|win|Kzkrzvkzl\n|raw|zenkiiVGC's rating: 1025 &rarr; <strong>1010<\/strong><br \/>(-15 for losing)\n|raw|Kzkrzvkzl's rating: 1000 &rarr; <strong>1043<\/strong><br \/>(+43 for winning)\n|l|\u2606zenkiiVGC\n","uploadtime":1700524509,"views":1,"p1id":"zenkiivgc","p2id":"kzkrzvkzl","formatid":"gen9vgc2023regulatione","rating":1010,"private":0,"password":""}