{"id":"gen9vgc2023regulatione-1996712022","p1":"meowmeowjoe","p2":"QuimeraVGC","format":"[Gen 9] VGC 2023 Regulation E","log":"|j|\u2606meowmeowjoe\n|j|\u2606QuimeraVGC\n|t:|1700713078\n|gametype|doubles\n|player|p1|meowmeowjoe|guitarist|1309\n|player|p2|QuimeraVGC|red|1251\n|teamsize|p1|6\n|teamsize|p2|6\n|gen|9\n|tier|[Gen 9] VGC 2023 Regulation E\n|rated|\n|rule|Species Clause: Limit one of each Pok\u00e9mon\n|rule|Item Clause: Limit one of each item\n|clearpoke\n|poke|p1|Ninetales-Alola, L50, M|\n|poke|p1|Iron Bundle, L50|\n|poke|p1|Dondozo, L50, M|\n|poke|p1|Tatsugiri, L50, M|\n|poke|p1|Cresselia, L50, F|\n|poke|p1|Ursaluna, L50, M|\n|poke|p2|Kommo-o, L50, M|\n|poke|p2|Lucario, L50, M|\n|poke|p2|Pawmot, L50, F|\n|poke|p2|Urshifu-*, L50, F|\n|poke|p2|Decidueye-Hisui, L50, F|\n|poke|p2|Tauros-Paldea-Blaze, L50, M|\n|teampreview|4\n|\n|t:|1700713109\n|start\n|switch|p1a: \u7a7a\u9593\u6700\u5f37\u8f14\u52a9\u624b|Cresselia, L50, F, shiny|100\/100\n|switch|p1b: \u8ab0\u80fd\u5403\u6211+2\u786c\u6490|Ursaluna, L50, M, shiny|100\/100\n|switch|p2a: Kommo-o|Kommo-o, L50, M|100\/100\n|switch|p2b: Pawmot|Pawmot, L50, F|100\/100\n|turn|1\n|\n|t:|1700713130\n|move|p1b: \u8ab0\u80fd\u5403\u6211+2\u786c\u6490|Protect|p1b: \u8ab0\u80fd\u5403\u6211+2\u786c\u6490\n|-singleturn|p1b: \u8ab0\u80fd\u5403\u6211+2\u786c\u6490|Protect\n|move|p2b: Pawmot|Fake Out|p1a: \u7a7a\u9593\u6700\u5f37\u8f14\u52a9\u624b\n|-damage|p1a: \u7a7a\u9593\u6700\u5f37\u8f14\u52a9\u624b|92\/100\n|move|p2a: Kommo-o|Iron Defense|p2a: Kommo-o\n|-boost|p2a: Kommo-o|def|2\n|cant|p1a: \u7a7a\u9593\u6700\u5f37\u8f14\u52a9\u624b|flinch\n|\n|-status|p1b: \u8ab0\u80fd\u5403\u6211+2\u786c\u6490|brn|[from] item: Flame Orb\n|upkeep\n|turn|2\n|\n|t:|1700713157\n|switch|p2b: Tauros|Tauros-Paldea-Blaze, L50, M|100\/100\n|-ability|p2b: Tauros|Intimidate|boost\n|-unboost|p1a: \u7a7a\u9593\u6700\u5f37\u8f14\u52a9\u624b|atk|1\n|-unboost|p1b: \u8ab0\u80fd\u5403\u6211+2\u786c\u6490|atk|1\n|move|p2a: Kommo-o|Protect|p2a: Kommo-o\n|-singleturn|p2a: Kommo-o|Protect\n|move|p1a: \u7a7a\u9593\u6700\u5f37\u8f14\u52a9\u624b|Ally Switch|p1a: \u7a7a\u9593\u6700\u5f37\u8f14\u52a9\u624b\n|swap|p1a: \u7a7a\u9593\u6700\u5f37\u8f14\u52a9\u624b|1|[from] move: Ally Switch\n|move|p1a: \u8ab0\u80fd\u5403\u6211+2\u786c\u6490|Earthquake|p2a: Kommo-o|[spread] p2b\n|-activate|p2a: Kommo-o|move: Protect\n|-immune|p1b: \u7a7a\u9593\u6700\u5f37\u8f14\u52a9\u624b|[from] ability: Levitate\n|-supereffective|p2b: Tauros\n|-damage|p2b: Tauros|12\/100\n|\n|-damage|p1a: \u8ab0\u80fd\u5403\u6211+2\u786c\u6490|94\/100 brn|[from] brn\n|upkeep\n|turn|3\n|\n|t:|1700713191\n|switch|p2b: Pawmot|Pawmot, L50, F|100\/100\n|move|p2a: Kommo-o|Iron Defense|p2a: Kommo-o\n|-boost|p2a: Kommo-o|def|2\n|move|p1b: \u7a7a\u9593\u6700\u5f37\u8f14\u52a9\u624b|Moonblast|p2a: Kommo-o\n|-supereffective|p2a: Kommo-o\n|-crit|p2a: Kommo-o\n|-damage|p2a: Kommo-o|15\/100\n|move|p1a: \u8ab0\u80fd\u5403\u6211+2\u786c\u6490|Earthquake|p2b: Pawmot|[spread] p2a,p2b\n|-immune|p1b: \u7a7a\u9593\u6700\u5f37\u8f14\u52a9\u624b|[from] ability: Levitate\n|-supereffective|p2b: Pawmot\n|-damage|p2a: Kommo-o|4\/100\n|-enditem|p2b: Pawmot|Focus Sash\n|-damage|p2b: Pawmot|1\/100\n|\n|-heal|p2a: Kommo-o|10\/100|[from] item: Leftovers\n|-damage|p1a: \u8ab0\u80fd\u5403\u6211+2\u786c\u6490|88\/100 brn|[from] brn\n|upkeep\n|turn|4\n|\n|t:|1700713219\n|-terastallize|p1a: \u8ab0\u80fd\u5403\u6211+2\u786c\u6490|Ghost\n|move|p2b: Pawmot|Fake Out|p1a: \u8ab0\u80fd\u5403\u6211+2\u786c\u6490\n|-immune|p1a: \u8ab0\u80fd\u5403\u6211+2\u786c\u6490\n|move|p2a: Kommo-o|Body Press|p1b: \u7a7a\u9593\u6700\u5f37\u8f14\u52a9\u624b\n|-resisted|p1b: \u7a7a\u9593\u6700\u5f37\u8f14\u52a9\u624b\n|-damage|p1b: \u7a7a\u9593\u6700\u5f37\u8f14\u52a9\u624b|51\/100\n|move|p1b: \u7a7a\u9593\u6700\u5f37\u8f14\u52a9\u624b|Lunar Blessing|p1b: \u7a7a\u9593\u6700\u5f37\u8f14\u52a9\u624b|[spread] p1a,p1b\n|-heal|p1a: \u8ab0\u80fd\u5403\u6211+2\u786c\u6490|100\/100 brn\n|-curestatus|p1a: \u8ab0\u80fd\u5403\u6211+2\u786c\u6490|brn|[msg]\n|-heal|p1b: \u7a7a\u9593\u6700\u5f37\u8f14\u52a9\u624b|76\/100\n|move|p1a: \u8ab0\u80fd\u5403\u6211+2\u786c\u6490|Earthquake|p2b: Pawmot|[spread] p2a,p2b\n|-immune|p1b: \u7a7a\u9593\u6700\u5f37\u8f14\u52a9\u624b|[from] ability: Levitate\n|-supereffective|p2b: Pawmot\n|-damage|p2a: Kommo-o|4\/100\n|-damage|p2b: Pawmot|0 fnt\n|faint|p2b: Pawmot\n|\n|-heal|p2a: Kommo-o|10\/100|[from] item: Leftovers\n|-status|p1a: \u8ab0\u80fd\u5403\u6211+2\u786c\u6490|brn|[from] item: Flame Orb\n|upkeep\n|\n|t:|1700713231\n|switch|p2b: Tauros|Tauros-Paldea-Blaze, L50, M|12\/100\n|-ability|p2b: Tauros|Intimidate|boost\n|-unboost|p1a: \u8ab0\u80fd\u5403\u6211+2\u786c\u6490|atk|1\n|-unboost|p1b: \u7a7a\u9593\u6700\u5f37\u8f14\u52a9\u624b|atk|1\n|turn|5\n|\n|t:|1700713248\n|move|p2b: Tauros|Flare Blitz|p1a: \u8ab0\u80fd\u5403\u6211+2\u786c\u6490\n|-damage|p1a: \u8ab0\u80fd\u5403\u6211+2\u786c\u6490|47\/100 brn\n|-damage|p2b: Tauros|0 fnt|[from] Recoil\n|faint|p2b: Tauros\n|move|p2a: Kommo-o|Iron Head|p1a: \u8ab0\u80fd\u5403\u6211+2\u786c\u6490\n|-damage|p1a: \u8ab0\u80fd\u5403\u6211+2\u786c\u6490|34\/100 brn\n|move|p1b: \u7a7a\u9593\u6700\u5f37\u8f14\u52a9\u624b|Moonblast|p2a: Kommo-o\n|-supereffective|p2a: Kommo-o\n|-damage|p2a: Kommo-o|0 fnt\n|faint|p2a: Kommo-o\n|cant|p1a: \u8ab0\u80fd\u5403\u6211+2\u786c\u6490|flinch\n|\n|-damage|p1a: \u8ab0\u80fd\u5403\u6211+2\u786c\u6490|28\/100 brn|[from] brn\n|upkeep\n|-message|QuimeraVGC forfeited.\n|\n|win|meowmeowjoe\n|raw|meowmeowjoe's rating: 1309 &rarr; <strong>1326<\/strong><br \/>(+17 for winning)\n|raw|QuimeraVGC's rating: 1251 &rarr; <strong>1230<\/strong><br \/>(-21 for losing)\n|l|\u2606QuimeraVGC\n|c|\u2606meowmeowjoe|gg\n","uploadtime":1700713267,"views":14,"p1id":"meowmeowjoe","p2id":"quimeravgc","formatid":"gen9vgc2023regulatione","rating":1230,"private":0,"password":""}