{"id":"gen9vgc2023regulatione-1998101802","p1":"MaximumDarkness","p2":"Shadowmime","format":"[Gen 9] VGC 2023 Regulation E","log":"|j|\u2606MaximumDarkness\n|j|\u2606Shadowmime\n|t:|1700891573\n|gametype|doubles\n|player|p1|MaximumDarkness|169|\n|player|p2|Shadowmime|101|\n|teamsize|p1|6\n|teamsize|p2|6\n|gen|9\n|tier|[Gen 9] VGC 2023 Regulation E\n|rule|Species Clause: Limit one of each Pok\u00e9mon\n|rule|Item Clause: Limit one of each item\n|clearpoke\n|poke|p1|Urshifu-*, L50, F|\n|poke|p1|Armarouge, L50, M|\n|poke|p1|Indeedee-F, L50, F|\n|poke|p1|Iron Hands, L50|\n|poke|p1|Sinistcha-Masterpiece, L50|\n|poke|p1|Goodra-Hisui, L50, M|\n|poke|p2|Armarouge, L50, M|\n|poke|p2|Indeedee-F, L50, F|\n|poke|p2|Roaring Moon, L50|\n|poke|p2|Urshifu-*, L50, F|\n|poke|p2|Flutter Mane, L50|\n|poke|p2|Rillaboom, L50, M|\n|teampreview|4\nMaximumDarkness has agreed to open team sheets.\nShadowmime has agreed to open team sheets.\n|showteam|p1|Urshifu-Rapid-Strike||ChoiceScarf|UnseenFist|SurgingStrikes,CloseCombat,AquaJet,Uturn|||F|||50|,,,,,Water]Armarouge||WeaknessPolicy|WeakArmor|ExpandingForce,Protect,ArmorCannon,WideGuard|||M|||50|,,,,,Psychic]Indeedee-F||PsychicSeed|PsychicSurge|FollowMe,TrickRoom,HelpingHand,DazzlingGleam|||F|||50|,,,,,Fairy]Iron Hands||AssaultVest|QuarkDrive|FakeOut,WildCharge,HeavySlam,DrainPunch||||||50|,,,,,Fire]Sinistcha-Masterpiece||SitrusBerry|Hospitality|MatchaGotcha,ShadowBall,RagePowder,CalmMind||||||50|,,,,,Water]Goodra-Hisui||Leftovers|SapSipper|BodyPress,HeavySlam,Protect,Shelter|||M|||50|,,,,,Water\n|showteam|p2|Armarouge||WeaknessPolicy|WeakArmor|Endure,StoredPower,HeatWave,ExpandingForce|||M|||50|,,,,,Psychic]Indeedee-F||RockyHelmet|PsychicSurge|TrickRoom,FollowMe,HelpingHand,DazzlingGleam|||F|||50|,,,,,Dragon]Roaring Moon||BoosterEnergy|Protosynthesis|Uturn,Tailwind,KnockOff,Earthquake||||||50|,,,,,Poison]Urshifu-Rapid-Strike||ChoiceScarf|UnseenFist|Uturn,SurgingStrikes,CloseCombat,AquaJet|||F|||50|,,,,,Water]Flutter Mane||ChoiceSpecs|Protosynthesis|DazzlingGleam,Moonblast,ShadowBall,PerishSong||||||50|,,,,,Fairy]Rillaboom||MiracleSeed|GrassySurge|GrassyGlide,WoodHammer,FakeOut,Protect|||M|||50|,,,,,Grass\n|\n|t:|1700891630\n|start\n|switch|p1a: Indeedee|Indeedee-F, L50, F|100\/100\n|switch|p1b: Urshifu|Urshifu-Rapid-Strike, L50, F|100\/100\n|switch|p2a: Armarouge|Armarouge, L50, M|100\/100\n|switch|p2b: Indeedee|Indeedee-F, L50, F|100\/100\n|-fieldstart|move: Psychic Terrain|[from] ability: Psychic Surge|[of] p2b: Indeedee\n|-enditem|p1a: Indeedee|Psychic Seed\n|-boost|p1a: Indeedee|spd|1|[from] item: Psychic Seed\n|turn|1\n|\n|t:|1700891666\n|move|p1a: Indeedee|Helping Hand|p1b: Urshifu\n|-singleturn|p1b: Urshifu|Helping Hand|[of] p1a: Indeedee\n|move|p2b: Indeedee|Follow Me|p2b: Indeedee\n|-singleturn|p2b: Indeedee|move: Follow Me\n|move|p1b: Urshifu|U-turn|p2b: Indeedee\n|-supereffective|p2b: Indeedee\n|-damage|p2b: Indeedee|20\/100\n|-damage|p1b: Urshifu|84\/100|[from] item: Rocky Helmet|[of] p2b: Indeedee\n|\n|t:|1700891676\n|switch|p1b: Goodra|Goodra-Hisui, L50, M, shiny|100\/100|[from] U-turn\n|move|p2a: Armarouge|Expanding Force|p1a: Indeedee|[spread] p1a,p1b\n|-resisted|p1a: Indeedee\n|-resisted|p1b: Goodra\n|-damage|p1a: Indeedee|79\/100\n|-damage|p1b: Goodra|79\/100\n|\n|-heal|p1b: Goodra|85\/100|[from] item: Leftovers\n|upkeep\n|turn|2\n|\n|t:|1700891700\n|move|p2b: Indeedee|Helping Hand|p2a: Armarouge\n|-singleturn|p2a: Armarouge|Helping Hand|[of] p2b: Indeedee\n|move|p2a: Armarouge|Heat Wave|p1a: Indeedee|[spread] p1a,p1b\n|-damage|p1a: Indeedee|40\/100\n|-damage|p1b: Goodra|46\/100\n|move|p1b: Goodra|Shelter|p1b: Goodra\n|-boost|p1b: Goodra|def|2\n|move|p1a: Indeedee|Dazzling Gleam|p2b: Indeedee|[spread] p2a,p2b\n|-resisted|p2a: Armarouge\n|-damage|p2a: Armarouge|92\/100\n|-damage|p2b: Indeedee|7\/100\n|\n|-heal|p1b: Goodra|52\/100|[from] item: Leftovers\n|upkeep\n|turn|3\n|\n|t:|1700891731\n|switch|p1a: Armarouge|Armarouge, L50, M|100\/100\n|move|p2b: Indeedee|Helping Hand|p2a: Armarouge\n|-singleturn|p2a: Armarouge|Helping Hand|[of] p2b: Indeedee\n|move|p1b: Goodra|Protect|p1b: Goodra\n|-singleturn|p1b: Goodra|Protect\n|move|p2a: Armarouge|Heat Wave|p1a: Armarouge|[spread] p1a\n|-activate|p1b: Goodra|move: Protect\n|-resisted|p1a: Armarouge\n|-damage|p1a: Armarouge|68\/100\n|\n|-heal|p1b: Goodra|58\/100|[from] item: Leftovers\n|upkeep\n|turn|4\n|j| C4CTUSK1NG\n|\n|t:|1700891777\n|switch|p2a: Roaring Moon|Roaring Moon, L50|100\/100\n|-enditem|p2a: Roaring Moon|Booster Energy\n|-activate|p2a: Roaring Moon|ability: Protosynthesis|[fromitem]\n|-start|p2a: Roaring Moon|protosynthesisspe\n|move|p2b: Indeedee|Follow Me|p2b: Indeedee\n|-singleturn|p2b: Indeedee|move: Follow Me\n|move|p1a: Armarouge|Expanding Force|p2b: Indeedee|[spread] p2b\n|-immune|p2a: Roaring Moon\n|-resisted|p2b: Indeedee\n|-damage|p2b: Indeedee|0 fnt\n|faint|p2b: Indeedee\n|move|p1b: Goodra|Shelter|p1b: Goodra\n|-boost|p1b: Goodra|def|2\n|\n|-heal|p1b: Goodra|64\/100|[from] item: Leftovers\n|upkeep\n|\n|t:|1700891790\n|switch|p2b: Armarouge|Armarouge, L50, M|92\/100\n|turn|5\n|\n|t:|1700891808\n|move|p1a: Armarouge|Wide Guard|p1a: Armarouge\n|-singleturn|p1a: Armarouge|Wide Guard\n|move|p2a: Roaring Moon|Earthquake|p1b: Goodra|[spread] p2b\n|-activate|p1a: Armarouge|move: Wide Guard\n|-activate|p1b: Goodra|move: Wide Guard\n|-supereffective|p2b: Armarouge\n|-damage|p2b: Armarouge|36\/100\n|-ability|p2b: Armarouge|Weak Armor|boost\n|-unboost|p2b: Armarouge|def|1\n|-boost|p2b: Armarouge|spe|2\n|-enditem|p2b: Armarouge|Weakness Policy\n|-boost|p2b: Armarouge|atk|2|[from] item: Weakness Policy\n|-boost|p2b: Armarouge|spa|2|[from] item: Weakness Policy\n|move|p2b: Armarouge|Stored Power|p1b: Goodra\n|-resisted|p1b: Goodra\n|-damage|p1b: Goodra|0 fnt\n|faint|p1b: Goodra\n|\n|-fieldend|move: Psychic Terrain\n|upkeep\n|\n|t:|1700891835\n|switch|p1b: Urshifu|Urshifu-Rapid-Strike, L50, F|84\/100\n|turn|6\n|\n|t:|1700891864\n|move|p2b: Armarouge|Endure|p2b: Armarouge\n|-singleturn|p2b: Armarouge|move: Endure\n|move|p1b: Urshifu|Aqua Jet|p2b: Armarouge\n|-supereffective|p2b: Armarouge\n|-activate|p2b: Armarouge|move: Endure\n|-damage|p2b: Armarouge|1\/100\n|-ability|p2b: Armarouge|Weak Armor|boost\n|-unboost|p2b: Armarouge|def|1\n|-boost|p2b: Armarouge|spe|2\n|move|p2a: Roaring Moon|Knock Off|p1a: Armarouge\n|-supereffective|p1a: Armarouge\n|-damage|p1a: Armarouge|0 fnt\n|-enditem|p1a: Armarouge|Weakness Policy|[from] move: Knock Off|[of] p2a: Roaring Moon\n|faint|p1a: Armarouge\n|\n|upkeep\n|\n|t:|1700891869\n|switch|p1a: Indeedee|Indeedee-F, L50, F|40\/100\n|-fieldstart|move: Psychic Terrain|[from] ability: Psychic Surge|[of] p1a: Indeedee\n|turn|7\n|\n|t:|1700891891\n|-terastallize|p2b: Armarouge|Psychic\n|move|p1b: Urshifu|Aqua Jet|p2a: Roaring Moon\n|-activate|p2a: Roaring Moon|move: Psychic Terrain\n|move|p2b: Armarouge|Expanding Force|p1a: Indeedee|[spread] p1a,p1b\n|-resisted|p1a: Indeedee\n|-supereffective|p1b: Urshifu\n|-damage|p1a: Indeedee|0 fnt\n|-damage|p1b: Urshifu|0 fnt\n|faint|p1a: Indeedee\n|faint|p1b: Urshifu\n|\n|win|Shadowmime\n","uploadtime":1700891937,"views":4,"p1id":"maximumdarkness","p2id":"shadowmime","formatid":"gen9vgc2023regulatione","rating":0,"private":0,"password":""}