{"id":"gen9vgc2023regulatione-1989366522","p1":"VigVigFan64","p2":"PacInBlac","format":"[Gen 9] VGC 2023 Regulation E","log":"|j|\u2606VigVigFan64\n|j|\u2606PacInBlac\n|t:|1699841363\n|gametype|doubles\n|player|p1|VigVigFan64|swimmerf-gen4|\n|player|p2|PacInBlac|hiker-gen4|\n|teamsize|p1|6\n|teamsize|p2|6\n|gen|9\n|tier|[Gen 9] VGC 2023 Regulation E\n|rule|Species Clause: Limit one of each Pok\u00e9mon\n|rule|Item Clause: Limit one of each item\n|clearpoke\n|poke|p1|Slaking, L50, M|\n|poke|p1|Weezing-Galar, L50, M|\n|poke|p1|Dusclops, L50, F|\n|poke|p1|Slowking-Galar, L50, F|\n|poke|p1|Meowscarada, L50, F|\n|poke|p1|Dragonite, L50, F|\n|poke|p2|Palafin, L50, M|\n|poke|p2|Pelipper, L50, F|\n|poke|p2|Basculegion, L50, M|\n|poke|p2|Sinistcha, L50|\n|poke|p2|Fezandipiti, L50, M|\n|poke|p2|Garchomp, L50, F|\n|teampreview|4\nVigVigFan64 has agreed to open team sheets.\nPacInBlac has agreed to open team sheets.\n|showteam|p1|Slaking||AguavBerry|Truant|BodySlam,Earthquake,BulkUp,HeavySlam|||M|||50|,,,,,Ghost]Weezing-Galar||SitrusBerry|NeutralizingGas|WillOWisp,Protect,SludgeBomb,DazzlingGleam|||M|||50|,,,,,Flying]Dusclops||Eviolite|Pressure|SkillSwap,PainSplit,Haze,BrickBreak|||F|||50|,,,,,Normal]Slowking-Galar||BlackSludge|Regenerator|TrickRoom,SludgeBomb,Psychic,IceBeam|||F|||50|,,,,,Dark]Meowscarada||ChoiceBand|Protean|FlowerTrick,SuckerPunch,Uturn,KnockOff|||F|||50|,,,,,Grass]Dragonite||LifeOrb|Multiscale|ExtremeSpeed,AerialAce,DragonClaw,TeraBlast|||F|||50|,,,,,Normal\n|showteam|p2|Palafin||MysticWater|ZerotoHero|CloseCombat,WaveCrash,JetPunch,Protect|||M|||50|,,,,,Grass]Pelipper||DampRock|Drizzle|Tailwind,Hurricane,HelpingHand,RainDance|||F|||50|,,,,,Ground]Basculegion||LifeOrb|SwiftSwim|AquaJet,LastRespects,WaveCrash,Protect|||M|||50|,,,,,Water]Sinistcha||RockyHelmet|Hospitality|MatchaGotcha,TrickRoom,ShadowBall,RagePowder||||||50|,,,,,Fire]Fezandipiti||CovertCloak|ToxicChain|IcyWind,Hurricane,DazzlingGleam,Venoshock|||M|||50|,,,,,Flying]Garchomp||ClearAmulet|RoughSkin|Earthquake,Protect,RockSlide,SwordsDance|||F|||50|,,,,,Steel\n|c|\u2606PacInBlac|gl!\n|c|\u2606VigVigFan64|gl\n|\n|t:|1699841465\n|start\n|switch|p1a: donkey wife|Dragonite, L50, F|100\/100\n|switch|p1b: fart|Weezing-Galar, L50, M|100\/100\n|switch|p2a: Pelipper|Pelipper, L50, F|100\/100\n|switch|p2b: Palafin|Palafin, L50, M|100\/100\n|-ability|p1b: fart|Neutralizing Gas\n|turn|1\n|\n|t:|1699841502\n|move|p2b: Palafin|Protect|p2b: Palafin\n|-singleturn|p2b: Palafin|Protect\n|move|p1a: donkey wife|Dragon Claw|p2a: Pelipper\n|-damage|p2a: Pelipper|42\/100\n|-damage|p1a: donkey wife|91\/100|[from] item: Life Orb\n|move|p2a: Pelipper|Rain Dance|p2a: Pelipper\n|-weather|RainDance\n|move|p1b: fart|Will-O-Wisp|p2b: Palafin\n|-activate|p2b: Palafin|move: Protect\n|\n|-weather|RainDance|[upkeep]\n|upkeep\n|turn|2\n|\n|t:|1699841533\n|detailschange|p2b: Palafin|Palafin-Hero, L50, M\n|switch|p2b: Fezandipiti|Fezandipiti, L50, M|100\/100\n|move|p1a: donkey wife|Dragon Claw|p2a: Pelipper\n|-damage|p2a: Pelipper|0 fnt\n|faint|p2a: Pelipper\n|-damage|p1a: donkey wife|81\/100|[from] item: Life Orb\n|move|p1b: fart|Will-O-Wisp|p2b: Fezandipiti\n|-status|p2b: Fezandipiti|brn\n|\n|-weather|RainDance|[upkeep]\n|-damage|p2b: Fezandipiti|94\/100 brn|[from] brn\n|upkeep\n|\n|t:|1699841545\n|switch|p2a: Palafin|Palafin-Hero, L50, M|100\/100\n|-activate|p2a: Palafin|ability: Zero to Hero\n|turn|3\n|\n|t:|1699841598\n|-end|p1b: fart|ability: Neutralizing Gas\n|switch|p1b: epicfh husband|Meowscarada, L50, F|100\/100\n|-terastallize|p1a: donkey wife|Normal\n|move|p1a: donkey wife|Extreme Speed|p2b: Fezandipiti\n|-damage|p2b: Fezandipiti|34\/100 brn\n|-damage|p1a: donkey wife|72\/100|[from] item: Life Orb\n|move|p2b: Fezandipiti|Icy Wind|p1a: donkey wife|[spread] p1a,p1b\n|-supereffective|p1b: epicfh husband\n|-damage|p1a: donkey wife|63\/100\n|-damage|p1b: epicfh husband|73\/100\n|-unboost|p1a: donkey wife|spe|1\n|-unboost|p1b: epicfh husband|spe|1\n|-status|p1b: epicfh husband|tox|[from] ability: Toxic Chain|[of] p2b: Fezandipiti\n|move|p2a: Palafin|Wave Crash|p1b: epicfh husband\n|-resisted|p1b: epicfh husband\n|-damage|p1b: epicfh husband|0 fnt\n|faint|p1b: epicfh husband\n|-damage|p2a: Palafin|83\/100|[from] Recoil\n|\n|-weather|RainDance|[upkeep]\n|-damage|p2b: Fezandipiti|28\/100 brn|[from] brn\n|upkeep\n|\n|t:|1699841632\n|switch|p1b: fart|Weezing-Galar, L50, M|100\/100\n|-ability|p1b: fart|Neutralizing Gas\n|turn|4\n|j| Yawnchamp\n|\n|t:|1699841675\n|switch|p2b: Garchomp|Garchomp, L50, F|100\/100\n|move|p2a: Palafin|Wave Crash|p1b: fart\n|-crit|p1b: fart\n|-damage|p1b: fart|0 fnt\n|faint|p1b: fart\n|-end|p1b: fart|ability: Neutralizing Gas\n|-damage|p2a: Palafin|56\/100|[from] Recoil\n|move|p1a: donkey wife|Dragon Claw|p2b: Garchomp\n|-supereffective|p2b: Garchomp\n|-damage|p2b: Garchomp|0 fnt\n|-damage|p1a: donkey wife|50\/100|[from] ability: Rough Skin|[of] p2b: Garchomp\n|faint|p2b: Garchomp\n|-damage|p1a: donkey wife|41\/100|[from] item: Life Orb\n|\n|-weather|RainDance|[upkeep]\n|upkeep\n|\n|t:|1699841693\n|switch|p2b: Fezandipiti|Fezandipiti, L50, M|28\/100 brn\n|switch|p1b: mmfmhfmnh|Slowking-Galar, L50, F|100\/100\n|turn|5\n|\n|t:|1699841717\n|-terastallize|p2b: Fezandipiti|Flying\n|move|p1a: donkey wife|Extreme Speed|p2a: Palafin\n|-damage|p2a: Palafin|10\/100\n|-damage|p1a: donkey wife|31\/100|[from] item: Life Orb\n|move|p2b: Fezandipiti|Hurricane|p1b: mmfmhfmnh\n|-damage|p1b: mmfmhfmnh|72\/100\n|move|p2a: Palafin|Wave Crash|p1b: mmfmhfmnh\n|-damage|p1b: mmfmhfmnh|0 fnt\n|faint|p1b: mmfmhfmnh\n|-damage|p2a: Palafin|0 fnt|[from] Recoil\n|faint|p2a: Palafin\n|\n|-weather|RainDance|[upkeep]\n|-damage|p2b: Fezandipiti|22\/100 brn|[from] brn\n|upkeep\n|turn|6\n|\n|t:|1699841737\n|move|p1a: donkey wife|Extreme Speed|p2b: Fezandipiti\n|-damage|p2b: Fezandipiti|0 fnt\n|faint|p2b: Fezandipiti\n|-damage|p1a: donkey wife|22\/100|[from] item: Life Orb\n|\n|win|VigVigFan64\n|c|\u2606PacInBlac|gg\n|c|\u2606VigVigFan64|gg\n|l|\u2606PacInBlac\n|j|\u2606PacInBlac\n|player|p2|PacInBlac|hiker-gen4\n","uploadtime":1699841744,"views":33,"p1id":"vigvigfan64","p2id":"pacinblac","formatid":"gen9vgc2023regulatione","rating":0,"private":0,"password":""}