{"id":"gen9vgc2023regulatione-1993490972","p1":"MoronicLunatic","p2":"David Gaggins","format":"[Gen 9] VGC 2023 Regulation E","log":"|j|\u2606MoronicLunatic\n|j|\u2606David Gaggins\n|t:|1700324203\n|gametype|doubles\n|player|p1|MoronicLunatic|101|1034\n|player|p2|David Gaggins|swimmer|1112\n|teamsize|p1|6\n|teamsize|p2|6\n|gen|9\n|tier|[Gen 9] VGC 2023 Regulation E\n|rated|\n|rule|Species Clause: Limit one of each Pok\u00e9mon\n|rule|Item Clause: Limit one of each item\n|clearpoke\n|poke|p1|Copperajah, L50, M|\n|poke|p1|Eelektross, L50, M|\n|poke|p1|Greedent, L50, M|\n|poke|p1|Sinistcha-Masterpiece, L50|\n|poke|p1|Arcanine-Hisui, L50, F|\n|poke|p1|Altaria, L50, M|\n|poke|p2|Basculegion, L50, M|\n|poke|p2|Politoed, L50, F|\n|poke|p2|Chien-Pao, L50|\n|poke|p2|Landorus-Therian, L50, M|\n|poke|p2|Iron Bundle, L50|\n|poke|p2|Iron Hands, L50|\n|teampreview|4\n|c|\u2606MoronicLunatic|glhf\n|\n|t:|1700324237\n|start\n|switch|p1a: Altaria|Altaria, L50, M|100\/100\n|switch|p1b: Eelektross|Eelektross, L50, M, shiny|100\/100\n|switch|p2a: Landorus|Landorus-Therian, L50, M|100\/100\n|switch|p2b: Basculegion|Basculegion, L50, M|100\/100\n|-ability|p2a: Landorus|Intimidate|boost\n|-unboost|p1a: Altaria|atk|1\n|-unboost|p1b: Eelektross|atk|1\n|-ability|p1a: Altaria|Cloud Nine\n|turn|1\n|\n|t:|1700324276\n|switch|p1a: Sinistcha|Sinistcha-Masterpiece, L50|100\/100\n|switch|p2b: Iron Hands|Iron Hands, L50|100\/100\n|move|p2a: Landorus|Rock Slide|p1b: Eelektross|[spread] p1b\n|-miss|p2a: Landorus|p1a: Sinistcha\n|-damage|p1b: Eelektross|75\/100\n|cant|p1b: Eelektross|flinch\n|\n|upkeep\n|turn|2\n|\n|t:|1700324301\n|switch|p2a: Politoed|Politoed, L50, F|100\/100\n|-weather|RainDance|[from] ability: Drizzle|[of] p2a: Politoed\n|switch|p1b: Greedent|Greedent, L50, M, shiny|100\/100\n|move|p2b: Iron Hands|Fake Out|p1b: Greedent\n|-damage|p1b: Greedent|85\/100\n|move|p1a: Sinistcha|Matcha Gotcha|p2b: Iron Hands|[spread] p2a,p2b\n|-supereffective|p2a: Politoed\n|-damage|p2a: Politoed|67\/100\n|-damage|p2b: Iron Hands|80\/100\n|-status|p2a: Politoed|brn\n|-status|p2b: Iron Hands|brn\n|\n|-weather|RainDance|[upkeep]\n|-damage|p2a: Politoed|61\/100 brn|[from] brn\n|-damage|p2b: Iron Hands|74\/100 brn|[from] brn\n|upkeep\n|turn|3\n|\n|t:|1700324311\n|switch|p1b: Altaria|Altaria, L50, M|100\/100\n|-ability|p1b: Altaria|Cloud Nine\n|move|p1a: Sinistcha|Rage Powder|p1a: Sinistcha\n|-singleturn|p1a: Sinistcha|move: Rage Powder\n|move|p2a: Politoed|Icy Wind|p1b: Altaria|[spread] p1a,p1b\n|-supereffective|p1a: Sinistcha\n|-supereffective|p1b: Altaria\n|-damage|p1a: Sinistcha|80\/100\n|-damage|p1b: Altaria|58\/100\n|-unboost|p1a: Sinistcha|spe|1\n|-unboost|p1b: Altaria|spe|1\n|move|p2b: Iron Hands|Drain Punch|p1a: Sinistcha\n|-immune|p1a: Sinistcha\n|\n|-weather|RainDance|[upkeep]\n|-damage|p2a: Politoed|55\/100 brn|[from] brn\n|-damage|p2b: Iron Hands|68\/100 brn|[from] brn\n|upkeep\n|turn|4\n|\n|t:|1700324330\n|move|p1b: Altaria|Earthquake|p2b: Iron Hands|[spread] p1a,p2a,p2b\n|-resisted|p1a: Sinistcha\n|-supereffective|p2b: Iron Hands\n|-damage|p1a: Sinistcha|74\/100\n|-damage|p2a: Politoed|33\/100 brn\n|-damage|p2b: Iron Hands|44\/100 brn\n|move|p2a: Politoed|Icy Wind|p1a: Sinistcha|[spread] p1a,p1b\n|-supereffective|p1a: Sinistcha\n|-supereffective|p1b: Altaria\n|-damage|p1a: Sinistcha|52\/100\n|-damage|p1b: Altaria|15\/100\n|-unboost|p1a: Sinistcha|spe|1\n|-unboost|p1b: Altaria|spe|1\n|-enditem|p1b: Altaria|Salac Berry|[eat]\n|-boost|p1b: Altaria|spe|1|[from] item: Salac Berry\n|move|p2b: Iron Hands|Heavy Slam|p1b: Altaria\n|-damage|p1b: Altaria|0 fnt\n|faint|p1b: Altaria\n|move|p1a: Sinistcha|Trick Room|p1a: Sinistcha\n|-fieldstart|move: Trick Room|[of] p1a: Sinistcha\n|\n|-weather|RainDance|[upkeep]\n|-damage|p2b: Iron Hands|38\/100 brn|[from] brn\n|-damage|p2a: Politoed|27\/100 brn|[from] brn\n|upkeep\n|\n|t:|1700324342\n|switch|p1b: Greedent|Greedent, L50, M, shiny|85\/100\n|turn|5\n|\n|t:|1700324351\n|move|p1a: Sinistcha|Rage Powder|p1a: Sinistcha\n|-singleturn|p1a: Sinistcha|move: Rage Powder\n|move|p1b: Greedent|Belly Drum|p1b: Greedent\n|-damage|p1b: Greedent|35\/100\n|-setboost|p1b: Greedent|atk|6|[from] move: Belly Drum\n|-enditem|p1b: Greedent|Sitrus Berry|[eat]\n|-heal|p1b: Greedent|60\/100|[from] item: Sitrus Berry\n|-heal|p1b: Greedent|93\/100|[from] ability: Cheek Pouch\n|move|p2b: Iron Hands|Drain Punch|p1a: Sinistcha\n|-immune|p1a: Sinistcha\n|move|p2a: Politoed|Muddy Water|p1b: Greedent|[spread] p1a,p1b\n|-resisted|p1a: Sinistcha\n|-damage|p1a: Sinistcha|33\/100\n|-damage|p1b: Greedent|54\/100\n|-unboost|p1b: Greedent|accuracy|1\n|\n|-weather|RainDance|[upkeep]\n|-damage|p2b: Iron Hands|32\/100 brn|[from] brn\n|-damage|p2a: Politoed|21\/100 brn|[from] brn\n|upkeep\n|turn|6\n|\n|t:|1700324374\n|switch|p1a: Eelektross|Eelektross, L50, M, shiny|75\/100\n|move|p1b: Greedent|Earthquake|p2b: Iron Hands|[spread] p2a,p2b\n|-immune|p1a: Eelektross|[from] ability: Levitate\n|-supereffective|p2b: Iron Hands\n|-damage|p2a: Politoed|0 fnt\n|-damage|p2b: Iron Hands|0 fnt\n|faint|p2a: Politoed\n|faint|p2b: Iron Hands\n|-end|p2b: Iron Hands|Quark Drive|[silent]\n|\n|-weather|RainDance|[upkeep]\n|upkeep\n|\n|t:|1700324377\n|switch|p2b: Basculegion|Basculegion, L50, M|100\/100\n|switch|p2a: Landorus|Landorus-Therian, L50, M|100\/100\n|-ability|p2a: Landorus|Intimidate|boost\n|-unboost|p1a: Eelektross|atk|1\n|-unboost|p1b: Greedent|atk|1\n|turn|7\n|\n|t:|1700324416\n|move|p1b: Greedent|Earthquake|p2b: Basculegion|[spread] \n|-immune|p1a: Eelektross|[from] ability: Levitate\n|-immune|p2a: Landorus\n|-miss|p1b: Greedent|p2b: Basculegion\n|move|p1a: Eelektross|Thunder Punch|p2b: Basculegion\n|-supereffective|p2b: Basculegion\n|-damage|p2b: Basculegion|24\/100\n|move|p2a: Landorus|Rock Slide|p1a: Eelektross|[spread] p1b\n|-miss|p2a: Landorus|p1a: Eelektross\n|-damage|p1b: Greedent|34\/100\n|move|p2b: Basculegion|Last Respects|p1a: Eelektross\n|-damage|p1a: Eelektross|0 fnt\n|faint|p1a: Eelektross\n|\n|-weather|RainDance|[upkeep]\n|upkeep\n|\n|t:|1700324426\n|switch|p1a: Sinistcha|Sinistcha-Masterpiece, L50|33\/100\n|-heal|p1b: Greedent|59\/100|[from] ability: Hospitality|[of] p1a: Sinistcha\n|turn|8\n|\n|t:|1700324444\n|move|p1b: Greedent|Earthquake|p2b: Basculegion|[spread] p1a,p2b\n|-immune|p2a: Landorus\n|-resisted|p1a: Sinistcha\n|-damage|p1a: Sinistcha|6\/100\n|-damage|p2b: Basculegion|0 fnt\n|faint|p2b: Basculegion\n|move|p1a: Sinistcha|Matcha Gotcha|p2a: Landorus\n|-damage|p2a: Landorus|55\/100\n|-heal|p1a: Sinistcha|27\/100|[from] drain|[of] p2a: Landorus\n|-status|p2a: Landorus|brn\n|move|p2a: Landorus|Rock Slide|p1a: Sinistcha|[spread] p1a,p1b\n|-damage|p1a: Sinistcha|20\/100\n|-damage|p1b: Greedent|50\/100\n|\n|-weather|RainDance|[upkeep]\n|-damage|p2a: Landorus|49\/100 brn|[from] brn\n|-fieldend|move: Trick Room\n|upkeep\n|turn|9\n|\n|t:|1700324467\n|-terastallize|p2a: Landorus|Flying\n|move|p2a: Landorus|Rock Slide|p1b: Greedent|[spread] p1a,p1b\n|-damage|p1a: Sinistcha|12\/100\n|-damage|p1b: Greedent|40\/100\n|move|p1a: Sinistcha|Matcha Gotcha|p2a: Landorus\n|-resisted|p2a: Landorus\n|-damage|p2a: Landorus|23\/100 brn\n|-heal|p1a: Sinistcha|24\/100|[from] drain|[of] p2a: Landorus\n|move|p1b: Greedent|Fire Fang|p2a: Landorus\n|-damage|p2a: Landorus|0 fnt\n|faint|p2a: Landorus\n|\n|win|MoronicLunatic\n|raw|MoronicLunatic's rating: 1034 &rarr; <strong>1077<\/strong><br \/>(+43 for winning)\n|raw|David Gaggins's rating: 1112 &rarr; <strong>1081<\/strong><br \/>(-31 for losing)\n|l|\u2606David Gaggins\n","uploadtime":1700324516,"views":7,"p1id":"moroniclunatic","p2id":"davidgaggins","formatid":"gen9vgc2023regulatione","rating":1077,"private":0,"password":""}