{"id":"gen9vgc2023regulatione-1990349634","p1":"Lucas5052","p2":"Mortipherus","format":"[Gen 9] VGC 2023 Regulation E","log":"|j|\u2606Lucas5052\n|j|\u2606Mortipherus\n|t:|1699960562\n|gametype|doubles\n|player|p1|Lucas5052|shadowtriad|1123\n|player|p2|Mortipherus|biker-gen4|1115\n|teamsize|p1|6\n|teamsize|p2|6\n|gen|9\n|tier|[Gen 9] VGC 2023 Regulation E\n|rated|\n|rule|Species Clause: Limit one of each Pok\u00e9mon\n|rule|Item Clause: Limit one of each item\n|clearpoke\n|poke|p1|Landorus-Therian, L50, M|\n|poke|p1|Urshifu-*, L50, F|\n|poke|p1|Rillaboom, L50, F|\n|poke|p1|Flutter Mane, L50|\n|poke|p1|Sneasler, L50, F|\n|poke|p1|Clefairy, L50, F|\n|poke|p2|Revavroom, L50, M|\n|poke|p2|Landorus-Therian, L50, M|\n|poke|p2|Iron Hands, L50|\n|poke|p2|Flutter Mane, L50|\n|poke|p2|Arcanine-Hisui, L50, F|\n|poke|p2|Ogerpon-Wellspring, L50, F|\n|teampreview|4\n|inactive|Battle timer is ON: inactive players will automatically lose when time's up. (requested by Lucas5052)\n|\n|t:|1699960580\n|start\n|switch|p1a: Landorus|Landorus-Therian, L50, M|100\/100\n|switch|p1b: Rillaboom|Rillaboom, L50, F|100\/100\n|switch|p2a: Revavroom|Revavroom, L50, M, shiny|100\/100\n|switch|p2b: Iron Hands|Iron Hands, L50|100\/100\n|-ability|p1a: Landorus|Intimidate|boost\n|-fail|p2a: Revavroom|unboost|[from] item: Clear Amulet|[of] p2a: Revavroom\n|-unboost|p2b: Iron Hands|atk|1\n|-fieldstart|move: Grassy Terrain|[from] ability: Grassy Surge|[of] p1b: Rillaboom\n|turn|1\n|\n|t:|1699960600\n|-terastallize|p2a: Revavroom|Dragon\n|move|p1b: Rillaboom|Fake Out|p2a: Revavroom\n|-damage|p2a: Revavroom|87\/100\n|move|p2b: Iron Hands|Fake Out|p1a: Landorus\n|-damage|p1a: Landorus|88\/100\n|cant|p1a: Landorus|flinch\n|cant|p2a: Revavroom|flinch\n|\n|-heal|p2a: Revavroom|93\/100|[from] Grassy Terrain\n|upkeep\n|turn|2\n|inactive|Lucas5052 has 30 seconds left.\n|\n|t:|1699960629\n|-end|p2b: Iron Hands|Quark Drive|[silent]\n|switch|p2b: Landorus|Landorus-Therian, L50, M|100\/100\n|-ability|p2b: Landorus|Intimidate|boost\n|-unboost|p1a: Landorus|atk|1\n|-unboost|p1b: Rillaboom|atk|1\n|move|p1b: Rillaboom|Protect|p1b: Rillaboom\n|-singleturn|p1b: Rillaboom|Protect\n|move|p1a: Landorus|Stomping Tantrum|p2b: Landorus\n|-immune|p2b: Landorus\n|move|p2a: Revavroom|Shift Gear|p2a: Revavroom\n|-boost|p2a: Revavroom|spe|2\n|-boost|p2a: Revavroom|atk|1\n|\n|-heal|p2a: Revavroom|99\/100|[from] Grassy Terrain\n|upkeep\n|turn|3\n|\n|t:|1699960645\n|switch|p1a: Sneasler|Sneasler, L50, F|100\/100\n|-enditem|p1a: Sneasler|Grassy Seed\n|-boost|p1a: Sneasler|def|1|[from] item: Grassy Seed\n|move|p2a: Revavroom|Poison Jab|p1b: Rillaboom\n|-supereffective|p1b: Rillaboom\n|-damage|p1b: Rillaboom|0 fnt\n|faint|p1b: Rillaboom\n|move|p2b: Landorus|U-turn|p1a: Sneasler\n|-resisted|p1a: Sneasler\n|-damage|p1a: Sneasler|93\/100\n|\n|t:|1699960656\n|switch|p2b: Iron Hands|Iron Hands, L50|100\/100|[from] U-turn\n|\n|-heal|p1a: Sneasler|99\/100|[from] Grassy Terrain\n|-heal|p2a: Revavroom|100\/100|[from] Grassy Terrain\n|upkeep\n|\n|t:|1699960662\n|switch|p1b: Landorus|Landorus-Therian, L50, M|88\/100\n|-ability|p1b: Landorus|Intimidate|boost\n|-fail|p2a: Revavroom|unboost|[from] item: Clear Amulet|[of] p2a: Revavroom\n|-unboost|p2b: Iron Hands|atk|1\n|turn|4\n|\n|t:|1699960673\n|-end|p2b: Iron Hands|Quark Drive|[silent]\n|switch|p2b: Landorus|Landorus-Therian, L50, M|100\/100\n|-ability|p2b: Landorus|Intimidate|boost\n|-unboost|p1a: Sneasler|atk|1\n|-unboost|p1b: Landorus|atk|1\n|-terastallize|p1a: Sneasler|Flying\n|move|p2a: Revavroom|Protect|p2a: Revavroom\n|-singleturn|p2a: Revavroom|Protect\n|move|p1a: Sneasler|Acrobatics|p2a: Revavroom\n|-activate|p2a: Revavroom|move: Protect\n|move|p1b: Landorus|Rock Slide|p2b: Landorus|[spread] p2b\n|-activate|p2a: Revavroom|move: Protect\n|-damage|p2b: Landorus|87\/100\n|\n|upkeep\n|turn|5\n|\n|t:|1699960692\n|move|p1a: Sneasler|Acrobatics|p2a: Revavroom\n|-damage|p2a: Revavroom|55\/100\n|move|p2a: Revavroom|Iron Head|p1a: Sneasler\n|-damage|p1a: Sneasler|28\/100\n|move|p1b: Landorus|Rock Slide|p2a: Revavroom|[spread] p2a,p2b\n|-damage|p2a: Revavroom|40\/100\n|-damage|p2b: Landorus|73\/100\n|move|p2b: Landorus|Rock Slide|p1a: Sneasler|[spread] p1a\n|-miss|p2b: Landorus|p1b: Landorus\n|-supereffective|p1a: Sneasler\n|-damage|p1a: Sneasler|0 fnt\n|faint|p1a: Sneasler\n|\n|-heal|p2a: Revavroom|47\/100|[from] Grassy Terrain\n|-fieldend|move: Grassy Terrain\n|upkeep\n|\n|t:|1699960703\n|switch|p1a: Flutter Mane|Flutter Mane, L50|100\/100\n|turn|6\n|\n|t:|1699960720\n|move|p2a: Revavroom|Iron Head|p1a: Flutter Mane\n|-supereffective|p1a: Flutter Mane\n|-damage|p1a: Flutter Mane|0 fnt\n|faint|p1a: Flutter Mane\n|-end|p1a: Flutter Mane|Protosynthesis|[silent]\n|move|p1b: Landorus|Rock Slide|p2b: Landorus|[spread] p2a,p2b\n|-damage|p2a: Revavroom|32\/100\n|-damage|p2b: Landorus|60\/100\n|cant|p2b: Landorus|flinch\n|\n|upkeep\n|turn|7\n|-message|Lucas5052 forfeited.\n|\n|win|Mortipherus\n|raw|Lucas5052's rating: 1123 &rarr; <strong>1097<\/strong><br \/>(-26 for losing)\n|raw|Mortipherus's rating: 1115 &rarr; <strong>1141<\/strong><br \/>(+26 for winning)\n|l|\u2606Lucas5052\n","uploadtime":1699960745,"views":18,"p1id":"lucas5052","p2id":"mortipherus","formatid":"gen9vgc2023regulatione","rating":1097,"private":0,"password":""}