{"id":"gen9vgc2023regulatione-1991983969","p1":"Dinozoic","p2":"bbttrrtgh","format":"[Gen 9] VGC 2023 Regulation E","log":"|j|\u2606Dinozoic\n|j|\u2606bbttrrtgh\n|t:|1700145061\n|gametype|doubles\n|player|p1|Dinozoic|scientist-gen4|1267\n|player|p2|bbttrrtgh|265|1166\n|teamsize|p1|6\n|teamsize|p2|6\n|gen|9\n|tier|[Gen 9] VGC 2023 Regulation E\n|rated|\n|rule|Species Clause: Limit one of each Pok\u00e9mon\n|rule|Item Clause: Limit one of each item\n|clearpoke\n|poke|p1|Kommo-o, L50, M|\n|poke|p1|Ninetales-Alola, L50, F|\n|poke|p1|Landorus-Therian, L50, M|\n|poke|p1|Ogerpon-Wellspring, L50, F|\n|poke|p1|Flutter Mane, L50|\n|poke|p1|Iron Hands, L50|\n|poke|p2|Clefairy, L50, M|\n|poke|p2|Pawmot, L50, F|\n|poke|p2|Torkoal, L50, F|\n|poke|p2|Mimikyu, L50, F|\n|poke|p2|Ursaluna-Bloodmoon, L50, M|\n|poke|p2|Annihilape, L50, F|\n|teampreview|4\n|inactive|Battle timer is ON: inactive players will automatically lose when time's up. (requested by Dinozoic)\n|inactive|Dinozoic has 60 seconds left.\n|\n|t:|1700145091\n|start\n|switch|p1a: Iron Hands|Iron Hands, L50|100\/100\n|switch|p1b: Ninetales|Ninetales-Alola, L50, F|100\/100\n|switch|p2a: Mimikyu|Mimikyu, L50, F|100\/100\n|switch|p2b: Annihilape|Annihilape, L50, F|100\/100\n|-weather|Snow|[from] ability: Snow Warning|[of] p1b: Ninetales\n|turn|1\n|\n|t:|1700145102\n|move|p2b: Annihilape|Final Gambit|p1b: Ninetales\n|-damage|p1b: Ninetales|0 fnt\n|faint|p2b: Annihilape\n|faint|p1b: Ninetales\n|move|p1a: Iron Hands|Wild Charge|p2a: Mimikyu\n|-activate|p2a: Mimikyu|ability: Disguise\n|-damage|p2a: Mimikyu|100\/100\n|detailschange|p2a: Mimikyu|Mimikyu-Busted, L50, F\n|-damage|p2a: Mimikyu|88\/100|[from] pokemon: Mimikyu-Busted\n|move|p2a: Mimikyu|Trick Room|p2a: Mimikyu\n|-fieldstart|move: Trick Room|[of] p2a: Mimikyu\n|\n|-weather|Snow|[upkeep]\n|upkeep\n|\n|t:|1700145118\n|switch|p2b: Torkoal|Torkoal, L50, F|100\/100\n|switch|p1b: Flutter Mane|Flutter Mane, L50|100\/100\n|-weather|SunnyDay|[from] ability: Drought|[of] p2b: Torkoal\n|-activate|p1b: Flutter Mane|ability: Protosynthesis\n|-start|p1b: Flutter Mane|protosynthesisspa\n|turn|2\n|\n|t:|1700145131\n|-end|p1a: Iron Hands|Quark Drive|[silent]\n|switch|p1a: Landorus|Landorus-Therian, L50, M|100\/100\n|-ability|p1a: Landorus|Intimidate|boost\n|-unboost|p2a: Mimikyu|atk|1\n|-unboost|p2b: Torkoal|atk|1\n|-terastallize|p2b: Torkoal|Fire\n|move|p1b: Flutter Mane|Protect|p1b: Flutter Mane\n|-singleturn|p1b: Flutter Mane|Protect\n|move|p2b: Torkoal|Eruption|p1b: Flutter Mane|[spread] p1a\n|-activate|p1b: Flutter Mane|move: Protect\n|-damage|p1a: Landorus|0 fnt\n|faint|p1a: Landorus\n|move|p2a: Mimikyu|Will-O-Wisp|p1b: Flutter Mane\n|-activate|p1b: Flutter Mane|move: Protect\n|\n|-weather|SunnyDay|[upkeep]\n|upkeep\n|\n|t:|1700145143\n|switch|p1a: Iron Hands|Iron Hands, L50|100\/100\n|turn|3\n|\n|t:|1700145161\n|switch|p2b: Ursaluna|Ursaluna-Bloodmoon, L50, M|100\/100\n|-terastallize|p1b: Flutter Mane|Fairy\n|move|p1a: Iron Hands|Fake Out|p2b: Ursaluna\n|-damage|p2b: Ursaluna|90\/100\n|move|p2a: Mimikyu|Will-O-Wisp|p1a: Iron Hands|[miss]\n|-miss|p2a: Mimikyu|p1a: Iron Hands\n|move|p1b: Flutter Mane|Shadow Ball|p2b: Ursaluna\n|-immune|p2b: Ursaluna\n|\n|-weather|SunnyDay|[upkeep]\n|upkeep\n|turn|4\n|\n|t:|1700145184\n|move|p1b: Flutter Mane|Protect|p1b: Flutter Mane\n|-singleturn|p1b: Flutter Mane|Protect\n|move|p2b: Ursaluna|Blood Moon|p1a: Iron Hands\n|-damage|p1a: Iron Hands|47\/100\n|-damage|p2b: Ursaluna|80\/100|[from] item: Life Orb\n|move|p1a: Iron Hands|Drain Punch|p2b: Ursaluna\n|-supereffective|p2b: Ursaluna\n|-damage|p2b: Ursaluna|26\/100\n|-heal|p1a: Iron Hands|72\/100|[from] drain|[of] p2b: Ursaluna\n|move|p2a: Mimikyu|Shadow Claw|p1a: Iron Hands\n|-damage|p1a: Iron Hands|55\/100\n|\n|-weather|SunnyDay|[upkeep]\n|upkeep\n|turn|5\n|\n|t:|1700145209\n|move|p2b: Ursaluna|Earth Power|p1a: Iron Hands\n|-supereffective|p1a: Iron Hands\n|-damage|p1a: Iron Hands|0 fnt\n|faint|p1a: Iron Hands\n|-end|p1a: Iron Hands|Quark Drive|[silent]\n|-damage|p2b: Ursaluna|16\/100|[from] item: Life Orb\n|move|p2a: Mimikyu|Shadow Claw|p1b: Flutter Mane\n|-damage|p1b: Flutter Mane|54\/100\n|move|p1b: Flutter Mane|Shadow Ball|p2a: Mimikyu\n|-supereffective|p2a: Mimikyu\n|-damage|p2a: Mimikyu|0 fnt\n|faint|p2a: Mimikyu\n|\n|-weather|SunnyDay|[upkeep]\n|-fieldend|move: Trick Room\n|upkeep\n|\n|t:|1700145218\n|switch|p2a: Torkoal|Torkoal, L50, F, tera:Fire|100\/100\n|turn|6\n|\n|t:|1700145227\n|move|p1b: Flutter Mane|Dazzling Gleam|p2a: Torkoal|[spread] p2a,p2b\n|-resisted|p2a: Torkoal\n|-damage|p2a: Torkoal|62\/100\n|-damage|p2b: Ursaluna|0 fnt\n|faint|p2b: Ursaluna\n|move|p2a: Torkoal|Heat Wave|p1b: Flutter Mane\n|-damage|p1b: Flutter Mane|0 fnt\n|faint|p1b: Flutter Mane\n|-end|p1b: Flutter Mane|Protosynthesis|[silent]\n|\n|win|bbttrrtgh\n|raw|Dinozoic's rating: 1267 &rarr; <strong>1235<\/strong><br \/>(-32 for losing)\n|raw|bbttrrtgh's rating: 1166 &rarr; <strong>1198<\/strong><br \/>(+32 for winning)\n","uploadtime":1700145234,"views":22,"p1id":"dinozoic","p2id":"bbttrrtgh","formatid":"gen9vgc2023regulatione","rating":1198,"private":0,"password":""}