{"id":"gen9vgc2023regulatione-1999010599","p1":"newusernovice","p2":"Xermaeus","format":"[Gen 9] VGC 2023 Regulation E","log":"|j|\u2606newusernovice\n|j|\u2606Xermaeus\n|t:|1701023588\n|gametype|doubles\n|player|p1|newusernovice|brawly|1439\n|player|p2|Xermaeus|266|1398\n|teamsize|p1|6\n|teamsize|p2|6\n|gen|9\n|tier|[Gen 9] VGC 2023 Regulation E\n|rated|\n|rule|Species Clause: Limit one of each Pok\u00e9mon\n|rule|Item Clause: Limit one of each item\n|clearpoke\n|poke|p1|Rillaboom, L50, M|\n|poke|p1|Tornadus, L50, M|\n|poke|p1|Arcanine-Hisui, L50, M|\n|poke|p1|Urshifu-*, L50, M|\n|poke|p1|Gholdengo, L50|\n|poke|p1|Flutter Mane, L50|\n|poke|p2|Indeedee-F, L50, F|\n|poke|p2|Armarouge, L50, F|\n|poke|p2|Sinistcha, L50|\n|poke|p2|Iron Hands, L50|\n|poke|p2|Ninetales-Alola, L50, F|\n|poke|p2|Roaring Moon, L50|\n|teampreview|4\n|inactive|Battle timer is ON: inactive players will automatically lose when time's up. (requested by newusernovice)\n|inactive|newusernovice has 60 seconds left.\n|inactive|Xermaeus has 60 seconds left.\n|inactive|Xermaeus has 30 seconds left.\n|inactive|Xermaeus has 20 seconds left.\n|inactive|Xermaeus has 15 seconds left.\n|inactive|Xermaeus has 10 seconds left.\n|inactive|Xermaeus has 5 seconds left.\n|\n|t:|1701023675\n|start\n|switch|p1a: Gholdengo|Gholdengo, L50|100\/100\n|switch|p1b: Flutter Mane|Flutter Mane, L50, shiny|100\/100\n|switch|p2a: Indeedee|Indeedee-F, L50, F|100\/100\n|switch|p2b: Armarouge|Armarouge, L50, F|100\/100\n|-fieldstart|move: Psychic Terrain|[from] ability: Psychic Surge|[of] p2a: Indeedee\n|turn|1\n|\n|t:|1701023694\n|-terastallize|p1a: Gholdengo|Steel\n|move|p2a: Indeedee|Follow Me|p2a: Indeedee\n|-singleturn|p2a: Indeedee|move: Follow Me\n|move|p1b: Flutter Mane|Dazzling Gleam|p2b: Armarouge|[spread] p2a,p2b\n|-resisted|p2b: Armarouge\n|-damage|p2a: Indeedee|68\/100\n|-damage|p2b: Armarouge|80\/100\n|move|p1a: Gholdengo|Make It Rain|p2a: Indeedee|[spread] p2a,p2b\n|-resisted|p2b: Armarouge\n|-damage|p2a: Indeedee|0 fnt\n|-damage|p2b: Armarouge|23\/100\n|-unboost|p1a: Gholdengo|spa|1\n|faint|p2a: Indeedee\n|move|p2b: Armarouge|Trick Room|p2b: Armarouge\n|-fieldstart|move: Trick Room|[of] p2b: Armarouge\n|\n|upkeep\n|inactive|Xermaeus has 30 seconds left.\n|\n|t:|1701023724\n|switch|p2a: Iron Hands|Iron Hands, L50|100\/100\n|turn|2\n|inactive|newusernovice has 30 seconds left.\n|inactive|newusernovice has 20 seconds left.\n|\n|t:|1701023761\n|switch|p1a: Arcanine|Arcanine-Hisui, L50, M|100\/100\n|-ability|p1a: Arcanine|Intimidate|boost\n|-unboost|p2a: Iron Hands|atk|1\n|-unboost|p2b: Armarouge|atk|1\n|move|p1b: Flutter Mane|Protect|p1b: Flutter Mane\n|-singleturn|p1b: Flutter Mane|Protect\n|move|p2a: Iron Hands|Drain Punch|p1a: Arcanine\n|-supereffective|p1a: Arcanine\n|-damage|p1a: Arcanine|29\/100\n|-enditem|p1a: Arcanine|Sitrus Berry|[eat]\n|-heal|p1a: Arcanine|54\/100|[from] item: Sitrus Berry\n|move|p2b: Armarouge|Expanding Force|p1b: Flutter Mane|[spread] p1a\n|-activate|p1b: Flutter Mane|move: Protect\n|-damage|p1a: Arcanine|0 fnt\n|faint|p1a: Arcanine\n|-damage|p2b: Armarouge|14\/100|[from] item: Life Orb\n|\n|upkeep\n|inactive|newusernovice has 30 seconds left.\n|\n|t:|1701023788\n|switch|p1a: Gholdengo|Gholdengo, L50, tera:Steel|100\/100\n|turn|3\n|\n|t:|1701023807\n|move|p2a: Iron Hands|Drain Punch|p1a: Gholdengo\n|-supereffective|p1a: Gholdengo\n|-damage|p1a: Gholdengo|37\/100\n|move|p2b: Armarouge|Flamethrower|p1b: Flutter Mane\n|-damage|p1b: Flutter Mane|37\/100\n|-damage|p2b: Armarouge|4\/100|[from] item: Life Orb\n|move|p1a: Gholdengo|Make It Rain|p2b: Armarouge|[spread] p2a,p2b\n|-resisted|p2a: Iron Hands\n|-resisted|p2b: Armarouge\n|-damage|p2a: Iron Hands|73\/100\n|-damage|p2b: Armarouge|0 fnt\n|-unboost|p1a: Gholdengo|spa|1\n|faint|p2b: Armarouge\n|move|p1b: Flutter Mane|Moonblast|p2a: Iron Hands\n|-supereffective|p2a: Iron Hands\n|-damage|p2a: Iron Hands|16\/100\n|\n|upkeep\n|\n|t:|1701023828\n|switch|p2b: Sinistcha|Sinistcha, L50|100\/100\n|-heal|p2a: Iron Hands|41\/100|[from] ability: Hospitality|[of] p2b: Sinistcha\n|turn|4\n|\n|t:|1701023844\n|switch|p1a: Urshifu|Urshifu-Rapid-Strike, L50, M|100\/100\n|-terastallize|p2b: Sinistcha|Poison\n|move|p1b: Flutter Mane|Protect|p1b: Flutter Mane\n|-singleturn|p1b: Flutter Mane|Protect\n|move|p2a: Iron Hands|Drain Punch|p1a: Urshifu\n|-damage|p1a: Urshifu|75\/100\n|-heal|p2a: Iron Hands|51\/100|[from] drain|[of] p1a: Urshifu\n|move|p2b: Sinistcha|Matcha Gotcha|p1a: Urshifu|[spread] p1a\n|-activate|p1b: Flutter Mane|move: Protect\n|-supereffective|p1a: Urshifu\n|-damage|p1a: Urshifu|19\/100\n|\n|upkeep\n|turn|5\n|inactive|newusernovice has 30 seconds left.\n|inactive|Xermaeus has 30 seconds left.\n|\n|t:|1701023875\n|move|p1a: Urshifu|Protect|p1a: Urshifu\n|-singleturn|p1a: Urshifu|Protect\n|move|p2a: Iron Hands|Wild Charge|p1b: Flutter Mane\n|-damage|p1b: Flutter Mane|0 fnt\n|faint|p1b: Flutter Mane\n|-end|p1b: Flutter Mane|Protosynthesis|[silent]\n|-damage|p2a: Iron Hands|46\/100|[from] Recoil\n|move|p2b: Sinistcha|Matcha Gotcha|p1a: Urshifu\n|-activate|p1a: Urshifu|move: Protect\n|\n|-fieldend|move: Trick Room\n|-fieldend|move: Psychic Terrain\n|upkeep\n|\n|t:|1701023886\n|switch|p1b: Gholdengo|Gholdengo, L50, tera:Steel|37\/100\n|turn|6\n|inactive|Xermaeus has 30 seconds left.\n|\n|t:|1701023912\n|move|p1a: Urshifu|Surging Strikes|p2a: Iron Hands\n|-crit|p2a: Iron Hands\n|-damage|p2a: Iron Hands|29\/100\n|-crit|p2a: Iron Hands\n|-damage|p2a: Iron Hands|11\/100\n|-crit|p2a: Iron Hands\n|-damage|p2a: Iron Hands|0 fnt\n|faint|p2a: Iron Hands\n|-end|p2a: Iron Hands|Quark Drive|[silent]\n|-hitcount|p2: Iron Hands|3\n|move|p1b: Gholdengo|Make It Rain|p2b: Sinistcha\n|-damage|p2b: Sinistcha|0 fnt\n|-unboost|p1b: Gholdengo|spa|1\n|faint|p2b: Sinistcha\n|\n|win|newusernovice\n|raw|newusernovice's rating: 1439 &rarr; <strong>1457<\/strong><br \/>(+18 for winning)\n|raw|Xermaeus's rating: 1398 &rarr; <strong>1380<\/strong><br \/>(-18 for losing)\n|l|\u2606Xermaeus\n","uploadtime":1701023938,"views":3,"p1id":"newusernovice","p2id":"xermaeus","formatid":"gen9vgc2023regulatione","rating":1380,"private":0,"password":""}