{"id":"gen9vgc2023regulatione-1999004507","p1":"FernandoT15","p2":"DeathZoom","format":"[Gen 9] VGC 2023 Regulation E","log":"|j|\u2606FernandoT15\n|j|\u2606DeathZoom\n|t:|1701022943\n|gametype|doubles\n|player|p1|FernandoT15|102|1337\n|player|p2|DeathZoom|170|1426\n|teamsize|p1|6\n|teamsize|p2|6\n|gen|9\n|tier|[Gen 9] VGC 2023 Regulation E\n|rated|\n|rule|Species Clause: Limit one of each Pok\u00e9mon\n|rule|Item Clause: Limit one of each item\n|clearpoke\n|poke|p1|Heatran, L50, M|\n|poke|p1|Rillaboom, L50, M|\n|poke|p1|Dragonite, L50, F|\n|poke|p1|Chien-Pao, L50|\n|poke|p1|Farigiraf, L50, F|\n|poke|p1|Urshifu-*, L50, M|\n|poke|p2|Arcanine, L50, M|\n|poke|p2|Sinistcha, L50|\n|poke|p2|Palafin, L50, F|\n|poke|p2|Cresselia, L50, F|\n|poke|p2|Iron Hands, L50|\n|poke|p2|Weezing, L50, M|\n|teampreview|4\nFernandoT15 rejected open team sheets.\n|inactive|Battle timer is ON: inactive players will automatically lose when time's up. (requested by FernandoT15)\n|inactive|FernandoT15 has 60 seconds left.\n|\n|t:|1701022998\n|start\n|switch|p1a: Rillaboom|Rillaboom, L50, M|100\/100\n|switch|p1b: Heatran|Heatran, L50, M|100\/100\n|switch|p2a: Arcanine|Arcanine, L50, M|100\/100\n|switch|p2b: Palafin|Palafin, L50, F|100\/100\n|-ability|p2a: Arcanine|Intimidate|boost\n|-unboost|p1a: Rillaboom|atk|1\n|-unboost|p1b: Heatran|atk|1\n|-fieldstart|move: Grassy Terrain|[from] ability: Grassy Surge|[of] p1a: Rillaboom\n|turn|1\n|inactive|FernandoT15 has 30 seconds left.\n|inactive|FernandoT15 has 20 seconds left.\n|inactive|FernandoT15 has 15 seconds left.\n|inactive|FernandoT15 has 10 seconds left.\n|inactive|FernandoT15 has 5 seconds left.\n|\n|t:|1701023053\n|detailschange|p2b: Palafin|Palafin-Hero, L50, F\n|switch|p2b: Iron Hands|Iron Hands, L50|100\/100\n|move|p2a: Arcanine|Protect|p2a: Arcanine\n|-singleturn|p2a: Arcanine|Protect\n|move|p1a: Rillaboom|Wood Hammer|p2b: Iron Hands\n|-damage|p2b: Iron Hands|55\/100\n|-damage|p1a: Rillaboom|83\/100|[from] Recoil\n|move|p1b: Heatran|Heat Wave|p2b: Iron Hands|[spread] p2b\n|-activate|p2a: Arcanine|move: Protect\n|-damage|p2b: Iron Hands|32\/100\n|\n|-heal|p1a: Rillaboom|89\/100|[from] Grassy Terrain\n|-heal|p2b: Iron Hands|38\/100|[from] Grassy Terrain\n|upkeep\n|turn|2\n|inactive|FernandoT15 has 30 seconds left.\n|inactive|DeathZoom has 30 seconds left.\n|inactive|FernandoT15 has 20 seconds left.\n|inactive|DeathZoom has 20 seconds left.\n|inactive|DeathZoom has 15 seconds left.\n|\n|t:|1701023100\n|switch|p1a: Dragonite|Dragonite, L50, F|100\/100\n|-terastallize|p1b: Heatran|Grass\n|move|p2b: Iron Hands|Fake Out|p1b: Heatran\n|-damage|p1b: Heatran|87\/100\n|move|p2a: Arcanine|Flare Blitz|p1a: Dragonite\n|-resisted|p1a: Dragonite\n|-damage|p1a: Dragonite|89\/100\n|-damage|p2a: Arcanine|97\/100|[from] Recoil\n|cant|p1b: Heatran|flinch\n|\n|-heal|p2a: Arcanine|100\/100|[from] Grassy Terrain\n|-heal|p1b: Heatran|93\/100|[from] Grassy Terrain\n|-heal|p2b: Iron Hands|44\/100|[from] Grassy Terrain\n|upkeep\n|turn|3\n|inactive|FernandoT15 has 30 seconds left.\n|inactive|DeathZoom has 30 seconds left.\n|inactive|FernandoT15 has 20 seconds left.\n|inactive|FernandoT15 has 15 seconds left.\n|\n|t:|1701023144\n|switch|p2a: Sinistcha|Sinistcha, L50|100\/100\n|-heal|p2b: Iron Hands|69\/100|[from] ability: Hospitality|[of] p2a: Sinistcha\n|move|p1a: Dragonite|Outrage|p2b: Iron Hands\n|-damage|p2b: Iron Hands|0 fnt\n|faint|p2b: Iron Hands\n|-end|p2b: Iron Hands|Quark Drive|[silent]\n|move|p1b: Heatran|Heat Wave|p2a: Sinistcha\n|-supereffective|p2a: Sinistcha\n|-damage|p2a: Sinistcha|0 fnt\n|faint|p2a: Sinistcha\n|\n|-heal|p1b: Heatran|99\/100|[from] Grassy Terrain\n|upkeep\n|\n|t:|1701023154\n|switch|p2a: Arcanine|Arcanine, L50, M|100\/100\n|switch|p2b: Palafin|Palafin-Hero, L50, F|100\/100\n|-activate|p2b: Palafin|ability: Zero to Hero\n|-ability|p2a: Arcanine|Intimidate|boost\n|-unboost|p1a: Dragonite|atk|1\n|-unboost|p1b: Heatran|atk|1\n|turn|4\n|inactive|FernandoT15 has 30 seconds left.\n|inactive|FernandoT15 has 20 seconds left.\n|inactive|FernandoT15 has 15 seconds left.\n|\n|t:|1701023199\n|move|p2b: Palafin|Bulk Up|p2b: Palafin\n|-boost|p2b: Palafin|atk|1\n|-boost|p2b: Palafin|def|1\n|move|p1a: Dragonite|Outrage|p2a: Arcanine|[from]lockedmove\n|-damage|p2a: Arcanine|47\/100\n|-enditem|p2a: Arcanine|Sitrus Berry|[eat]\n|-heal|p2a: Arcanine|72\/100|[from] item: Sitrus Berry\n|move|p2a: Arcanine|Howl|p2a: Arcanine|[spread] p2a,p2b\n|-boost|p2a: Arcanine|atk|1\n|-boost|p2b: Palafin|atk|1\n|move|p1b: Heatran|Tera Blast|p2b: Palafin|[anim] Tera Blast Grass\n|-supereffective|p2b: Palafin\n|-damage|p2b: Palafin|0 fnt\n|faint|p2b: Palafin\n|\n|-heal|p2a: Arcanine|78\/100|[from] Grassy Terrain\n|-heal|p1b: Heatran|100\/100|[from] Grassy Terrain\n|upkeep\n|turn|5\n|-message|DeathZoom forfeited.\n|\n|win|FernandoT15\n|raw|FernandoT15's rating: 1337 &rarr; <strong>1362<\/strong><br \/>(+25 for winning)\n|raw|DeathZoom's rating: 1426 &rarr; <strong>1401<\/strong><br \/>(-25 for losing)\n|l|\u2606DeathZoom\n","uploadtime":1701023222,"views":10,"p1id":"fernandot15","p2id":"deathzoom","formatid":"gen9vgc2023regulatione","rating":1362,"private":0,"password":""}