{"id":"gen9vgc2023regulatione-2000658868","p1":"Steel_jugulis","p2":"shuijunjun\u7ea2\u83b2\u94e0\u9a91\u4fa0","format":"[Gen 9] VGC 2023 Regulation E","log":"|j|\u2606Steel_jugulis\n|j|\u2606shuijunjun\u7ea2\u83b2\u94e0\u9a91\u4fa0\n|t:|1701215544\n|gametype|doubles\n|player|p1|Steel_jugulis|101|1527\n|player|p2|shuijunjun\u7ea2\u83b2\u94e0\u9a91\u4fa0|iono|1683\n|teamsize|p1|6\n|teamsize|p2|6\n|gen|9\n|tier|[Gen 9] VGC 2023 Regulation E\n|rated|\n|rule|Species Clause: Limit one of each Pok\u00e9mon\n|rule|Item Clause: Limit one of each item\n|clearpoke\n|poke|p1|Ogerpon-Wellspring, L50, F|\n|poke|p1|Tornadus, L50, M|\n|poke|p1|Urshifu-*, L50, M|\n|poke|p1|Chi-Yu, L50|\n|poke|p1|Regieleki, L50|\n|poke|p1|Flutter Mane, L50|\n|poke|p2|Armarouge, L50, F|\n|poke|p2|Indeedee-F, L50, F|\n|poke|p2|Roaring Moon, L50|\n|poke|p2|Ribombee, L50, F|\n|poke|p2|Annihilape, L50, M|\n|poke|p2|Torkoal, L50, M|\n|teampreview|4\n|\n|t:|1701215572\n|start\n|switch|p1a: Regieleki|Regieleki, L50|100\/100\n|switch|p1b: Chi-Yu|Chi-Yu, L50|100\/100\n|switch|p2a: Ribombee|Ribombee, L50, F, shiny|100\/100\n|switch|p2b: Roaring Moon|Roaring Moon, L50|100\/100\n|-ability|p1b: Chi-Yu|Beads of Ruin\n|-enditem|p2b: Roaring Moon|Booster Energy\n|-activate|p2b: Roaring Moon|ability: Protosynthesis|[fromitem]\n|-start|p2b: Roaring Moon|protosynthesisspe\n|turn|1\n|\n|t:|1701215596\n|move|p2b: Roaring Moon|Earthquake|p1b: Chi-Yu|[spread] p2a,p1a,p1b\n|-resisted|p2a: Ribombee\n|-supereffective|p1a: Regieleki\n|-supereffective|p1b: Chi-Yu\n|-damage|p2a: Ribombee|75\/100\n|-damage|p1a: Regieleki|33\/100\n|-damage|p1b: Chi-Yu|36\/100\n|move|p1a: Regieleki|Electroweb|p2b: Roaring Moon|[spread] p2a,p2b\n|-resisted|p2b: Roaring Moon\n|-damage|p2a: Ribombee|15\/100\n|-damage|p2b: Roaring Moon|84\/100\n|-unboost|p2b: Roaring Moon|spe|1\n|move|p2a: Ribombee|Tailwind|p2a: Ribombee\n|-sidestart|p2: shuijunjun\u7ea2\u83b2\u94e0\u9a91\u4fa0|move: Tailwind\n|move|p1b: Chi-Yu|Heat Wave|p2a: Ribombee|[spread] p2a,p2b\n|-supereffective|p2a: Ribombee\n|-resisted|p2b: Roaring Moon\n|-damage|p2a: Ribombee|0 fnt\n|-damage|p2b: Roaring Moon|52\/100\n|faint|p2a: Ribombee\n|\n|upkeep\n|\n|t:|1701215606\n|switch|p2a: Armarouge|Armarouge, L50, F|100\/100\n|turn|2\n|\n|t:|1701215631\n|switch|p1b: Ogerpon|Ogerpon-Wellspring, L50, F|100\/100\n|move|p1a: Regieleki|Protect|p1a: Regieleki\n|-singleturn|p1a: Regieleki|Protect\n|move|p2b: Roaring Moon|Earthquake|p1b: Ogerpon|[spread] p2a,p1b\n|-activate|p1a: Regieleki|move: Protect\n|-supereffective|p2a: Armarouge\n|-resisted|p1b: Ogerpon\n|-damage|p2a: Armarouge|44\/100\n|-damage|p1b: Ogerpon|85\/100\n|-ability|p2a: Armarouge|Weak Armor|boost\n|-unboost|p2a: Armarouge|def|1\n|-boost|p2a: Armarouge|spe|2\n|-enditem|p2a: Armarouge|Weakness Policy\n|-boost|p2a: Armarouge|atk|2|[from] item: Weakness Policy\n|-boost|p2a: Armarouge|spa|2|[from] item: Weakness Policy\n|move|p2a: Armarouge|Heat Wave|p1b: Ogerpon|[spread] \n|-activate|p1a: Regieleki|move: Protect\n|-miss|p2a: Armarouge|p1b: Ogerpon\n|\n|upkeep\n|turn|3\n|\n|t:|1701215672\n|switch|p1a: Chi-Yu|Chi-Yu, L50|36\/100\n|-ability|p1a: Chi-Yu|Beads of Ruin\n|-terastallize|p2a: Armarouge|Psychic\n|-terastallize|p1b: Ogerpon|Water\n|detailschange|p1b: Ogerpon|Ogerpon-Wellspring-Tera, L50, F, tera:Water\n|-ability|p1b: Ogerpon|Embody Aspect (Wellspring)|boost\n|-boost|p1b: Ogerpon|spd|1\n|move|p2a: Armarouge|Expanding Force|p1b: Ogerpon\n|-damage|p1b: Ogerpon|0 fnt\n|faint|p1b: Ogerpon\n|move|p2b: Roaring Moon|Knock Off|p1a: Chi-Yu\n|-resisted|p1a: Chi-Yu\n|-damage|p1a: Chi-Yu|4\/100\n|-enditem|p1a: Chi-Yu|Choice Specs|[from] move: Knock Off|[of] p2b: Roaring Moon\n|\n|upkeep\n|\n|t:|1701215687\n|switch|p1b: Flutter Mane|Flutter Mane, L50|100\/100\n|turn|4\n|\n|t:|1701215696\n|move|p2a: Armarouge|Endure|p2a: Armarouge\n|-singleturn|p2a: Armarouge|move: Endure\n|move|p1b: Flutter Mane|Protect|p1b: Flutter Mane\n|-singleturn|p1b: Flutter Mane|Protect\n|move|p2b: Roaring Moon|Earthquake|p1b: Flutter Mane|[spread] p2a,p1a\n|-activate|p1b: Flutter Mane|move: Protect\n|-supereffective|p1a: Chi-Yu\n|-activate|p2a: Armarouge|move: Endure\n|-damage|p2a: Armarouge|1\/100\n|-damage|p1a: Chi-Yu|0 fnt\n|-ability|p2a: Armarouge|Weak Armor|boost\n|-unboost|p2a: Armarouge|def|1\n|-boost|p2a: Armarouge|spe|2\n|faint|p1a: Chi-Yu\n|\n|-sideend|p2: shuijunjun\u7ea2\u83b2\u94e0\u9a91\u4fa0|move: Tailwind\n|upkeep\n|\n|t:|1701215709\n|switch|p1a: Regieleki|Regieleki, L50|33\/100\n|turn|5\n|\n|t:|1701215717\n|-end|p2b: Roaring Moon|Protosynthesis|[silent]\n|switch|p2b: Indeedee|Indeedee-F, L50, F|100\/100\n|-fieldstart|move: Psychic Terrain|[from] ability: Psychic Surge|[of] p2b: Indeedee\n|move|p2a: Armarouge|Expanding Force|p1b: Flutter Mane|[spread] p1a,p1b\n|-damage|p1a: Regieleki|0 fnt\n|-damage|p1b: Flutter Mane|0 fnt\n|faint|p1a: Regieleki\n|faint|p1b: Flutter Mane\n|-end|p1b: Flutter Mane|Protosynthesis|[silent]\n|\n|win|shuijunjun\u7ea2\u83b2\u94e0\u9a91\u4fa0\n|raw|Steel_jugulis's rating: 1527 &rarr; <strong>1515<\/strong><br \/>(-12 for losing)\n|raw|shuijunjun\u7ea2\u83b2\u94e0\u9a91\u4fa0's rating: 1683 &rarr; <strong>1695<\/strong><br \/>(+12 for winning)\n|l|\u2606shuijunjun\u7ea2\u83b2\u94e0\u9a91\u4fa0\n","uploadtime":1701215728,"views":1,"p1id":"steeljugulis","p2id":"shuijunjun","formatid":"gen9vgc2023regulatione","rating":1515,"private":0,"password":""}