{"id":"gen9vgc2023regulatione-1991630516","p1":"trsx277","p2":"ThePhantom_356","format":"[Gen 9] VGC 2023 Regulation E","log":"|j|\u2606trsx277\n|j|\u2606ThePhantom_356\n|t:|1700096207\n|gametype|doubles\n|player|p1|trsx277|266|1113\n|player|p2|ThePhantom_356|fantina|1106\n|teamsize|p1|6\n|teamsize|p2|6\n|gen|9\n|tier|[Gen 9] VGC 2023 Regulation E\n|rated|\n|rule|Species Clause: Limit one of each Pok\u00e9mon\n|rule|Item Clause: Limit one of each item\n|clearpoke\n|poke|p1|Arcanine-Hisui, L50, M|\n|poke|p1|Ogerpon-Wellspring, L50, F|\n|poke|p1|Flutter Mane, L50|\n|poke|p1|Sinistcha, L50|\n|poke|p1|Ninetales-Alola, L50, F|\n|poke|p1|Iron Hands, L50|\n|poke|p2|Lurantis, L50, F|\n|poke|p2|Iron Hands, L50|\n|poke|p2|Sylveon, L50, F|\n|poke|p2|Scizor, L50, F|\n|poke|p2|Slowbro-Galar, L50, F|\n|poke|p2|Tyranitar, L50, F|\n|teampreview|4\n|inactive|Battle timer is ON: inactive players will automatically lose when time's up. (requested by trsx277)\n|inactive|trsx277 has 60 seconds left.\n|\n|t:|1700096281\n|start\n|switch|p1a: Ninetales|Ninetales-Alola, L50, F|100\/100\n|switch|p1b: Flutter Mane|Flutter Mane, L50|100\/100\n|switch|p2a: Byron Hands|Iron Hands, L50|100\/100\n|switch|p2b: Scizor|Scizor, L50, F|100\/100\n|-weather|Snow|[from] ability: Snow Warning|[of] p1a: Ninetales\n|-enditem|p1b: Flutter Mane|Booster Energy\n|-activate|p1b: Flutter Mane|ability: Protosynthesis|[fromitem]\n|-start|p1b: Flutter Mane|protosynthesisspe\n|turn|1\n|inactive|trsx277 has 30 seconds left.\n|inactive|ThePhantom_356 has 30 seconds left.\n|\n|t:|1700096315\n|-end|p1b: Flutter Mane|Protosynthesis|[silent]\n|switch|p1b: Iron Hands|Iron Hands, L50|100\/100\n|move|p2b: Scizor|Bullet Punch|p1a: Ninetales\n|-supereffective|p1a: Ninetales\n|-damage|p1a: Ninetales|0 fnt\n|faint|p1a: Ninetales\n|move|p2a: Byron Hands|Heavy Slam|p1b: Iron Hands\n|-resisted|p1b: Iron Hands\n|-damage|p1b: Iron Hands|95\/100\n|\n|-weather|Snow|[upkeep]\n|upkeep\n|\n|t:|1700096325\n|switch|p1a: Ogerpon|Ogerpon-Wellspring, L50, F|100\/100\n|turn|2\n|\n|t:|1700096343\n|move|p1b: Iron Hands|Fake Out|p2b: Scizor\n|-resisted|p2b: Scizor\n|-damage|p2b: Scizor|93\/100\n|move|p1a: Ogerpon|Swords Dance|p1a: Ogerpon\n|-boost|p1a: Ogerpon|atk|2\n|cant|p2b: Scizor|flinch\n|move|p2a: Byron Hands|Drain Punch|p1a: Ogerpon\n|-damage|p1a: Ogerpon|52\/100\n|\n|-weather|Snow|[upkeep]\n|upkeep\n|turn|3\n|inactive|trsx277 has 30 seconds left.\n|inactive|trsx277 has 20 seconds left.\n|\n|t:|1700096380\n|-end|p1b: Iron Hands|Quark Drive|[silent]\n|switch|p1b: Flutter Mane|Flutter Mane, L50|100\/100\n|move|p2b: Scizor|Protect|p2b: Scizor\n|-singleturn|p2b: Scizor|Protect\n|move|p1a: Ogerpon|Ivy Cudgel|p2b: Scizor|[anim] Ivy Cudgel Water\n|-activate|p2b: Scizor|move: Protect\n|move|p2a: Byron Hands|Wild Charge|p1a: Ogerpon\n|-damage|p1a: Ogerpon|0 fnt\n|faint|p1a: Ogerpon\n|-damage|p2a: Byron Hands|90\/100|[from] Recoil\n|\n|-weather|Snow|[upkeep]\n|upkeep\n|\n|t:|1700096393\n|switch|p1a: Iron Hands|Iron Hands, L50|95\/100\n|turn|4\n|\n|t:|1700096407\n|move|p1a: Iron Hands|Fake Out|p2b: Scizor\n|-resisted|p2b: Scizor\n|-damage|p2b: Scizor|85\/100\n|cant|p2b: Scizor|flinch\n|move|p1b: Flutter Mane|Shadow Ball|p2b: Scizor\n|-damage|p2b: Scizor|38\/100\n|move|p2a: Byron Hands|Heavy Slam|p1b: Flutter Mane\n|-supereffective|p1b: Flutter Mane\n|-damage|p1b: Flutter Mane|0 fnt\n|faint|p1b: Flutter Mane\n|-end|p1b: Flutter Mane|Protosynthesis|[silent]\n|\n|-weather|Snow|[upkeep]\n|upkeep\n|turn|5\n|-message|trsx277 forfeited.\n|\n|win|ThePhantom_356\n|raw|trsx277's rating: 1113 &rarr; <strong>1087<\/strong><br \/>(-26 for losing)\n|raw|ThePhantom_356's rating: 1106 &rarr; <strong>1132<\/strong><br \/>(+26 for winning)\n","uploadtime":1700096427,"views":10,"p1id":"trsx277","p2id":"thephantom356","formatid":"gen9vgc2023regulatione","rating":1087,"private":0,"password":""}