{"id":"gen9vgc2023regulatione-1999331218","p1":"Scarlet Devil Flan","p2":"hkulahjkdas","format":"[Gen 9] VGC 2023 Regulation E","log":"|j|\u2606Scarlet Devil Flan\n|j|\u2606hkulahjkdas\n|t:|1701061537\n|gametype|doubles\n|player|p1|Scarlet Devil Flan|tate|1067\n|player|p2|hkulahjkdas|benga|1000\n|teamsize|p1|6\n|teamsize|p2|6\n|gen|9\n|tier|[Gen 9] VGC 2023 Regulation E\n|rated|\n|rule|Species Clause: Limit one of each Pok\u00e9mon\n|rule|Item Clause: Limit one of each item\n|clearpoke\n|poke|p1|Tinkaton, L50, F|\n|poke|p1|Tornadus, L50, M|\n|poke|p1|Oranguru, L50, M|\n|poke|p1|Clefairy, L50, F|\n|poke|p1|Lilligant-Hisui, L50, F|\n|poke|p1|Torkoal, L50, F|\n|poke|p2|Ninetales-Alola, L50, F|\n|poke|p2|Baxcalibur, L50, F|\n|poke|p2|Kommo-o, L50, F|\n|poke|p2|Urshifu-*, L50, M|\n|poke|p2|Ogerpon-Hearthflame, L50, F|\n|poke|p2|Sinistcha, L50|\n|teampreview|4\n|inactive|Battle timer is ON: inactive players will automatically lose when time's up. (requested by hkulahjkdas)\n|\n|t:|1701061553\n|start\n|switch|p1a: Ponka Donka|Tinkaton, L50, F|100\/100\n|switch|p1b: William|Tornadus, L50, M, shiny|100\/100\n|switch|p2a: Baxcalibur|Baxcalibur, L50, F|100\/100\n|switch|p2b: Urshifu|Urshifu-Rapid-Strike, L50, M|100\/100\n|-item|p1a: Ponka Donka|Air Balloon\n|turn|1\n|\n|t:|1701061571\n|-terastallize|p2a: Baxcalibur|Steel\n|move|p1a: Ponka Donka|Fake Out|p2a: Baxcalibur\n|-resisted|p2a: Baxcalibur\n|-damage|p2a: Baxcalibur|96\/100\n|move|p1b: William|Swagger|p1a: Ponka Donka\n|-boost|p1a: Ponka Donka|atk|2\n|-immune|p1a: Ponka Donka|confusion|[from] ability: Own Tempo\n|move|p2b: Urshifu|Surging Strikes|p1a: Ponka Donka\n|-crit|p1a: Ponka Donka\n|-damage|p1a: Ponka Donka|70\/100\n|-enditem|p1a: Ponka Donka|Air Balloon\n|-crit|p1a: Ponka Donka\n|-damage|p1a: Ponka Donka|40\/100\n|-crit|p1a: Ponka Donka\n|-damage|p1a: Ponka Donka|12\/100\n|-hitcount|p1a: Ponka Donka|3\n|cant|p2a: Baxcalibur|flinch\n|\n|upkeep\n|turn|2\n|\n|t:|1701061587\n|move|p1b: William|Tailwind|p1b: William\n|-sidestart|p1: Scarlet Devil Flan|move: Tailwind\n|move|p1a: Ponka Donka|Play Rough|p2b: Urshifu\n|-supereffective|p2b: Urshifu\n|-damage|p2b: Urshifu|0 fnt\n|faint|p2b: Urshifu\n|move|p2a: Baxcalibur|Swords Dance|p2a: Baxcalibur\n|-boost|p2a: Baxcalibur|atk|2\n|\n|upkeep\n|\n|t:|1701061596\n|switch|p2b: Ogerpon|Ogerpon-Hearthflame, L50, F|100\/100\n|-ability|p2b: Ogerpon|Mold Breaker\n|turn|3\n|\n|t:|1701061614\n|-terastallize|p1a: Ponka Donka|Steel\n|move|p1b: William|Swagger|p2a: Baxcalibur\n|-boost|p2a: Baxcalibur|atk|2\n|-start|p2a: Baxcalibur|confusion\n|move|p1a: Ponka Donka|Gigaton Hammer|p2b: Ogerpon\n|-resisted|p2b: Ogerpon\n|-damage|p2b: Ogerpon|0 fnt\n|faint|p2b: Ogerpon\n|-activate|p2a: Baxcalibur|confusion\n|move|p2a: Baxcalibur|Scale Shot|p1b: William\n|-damage|p1b: William|42\/100\n|-damage|p1b: William|0 fnt\n|faint|p1b: William\n|-hitcount|p1: William|2\n|-unboost|p2a: Baxcalibur|def|1\n|-boost|p2a: Baxcalibur|spe|1\n|\n|upkeep\n|\n|t:|1701061630\n|switch|p2b: Sinistcha|Sinistcha, L50|100\/100\n|switch|p1b: Mini Alomomola|Clefairy, L50, F|100\/100\n|-heal|p2a: Baxcalibur|100\/100|[from] ability: Hospitality|[of] p2b: Sinistcha\n|turn|4\n|\n|t:|1701061646\n|move|p1b: Mini Alomomola|Follow Me|p1b: Mini Alomomola\n|-singleturn|p1b: Mini Alomomola|move: Follow Me\n|move|p1a: Ponka Donka|Play Rough|p2b: Sinistcha\n|-damage|p2b: Sinistcha|47\/100\n|-activate|p2a: Baxcalibur|confusion\n|move|p2a: Baxcalibur|Icicle Spear|p1b: Mini Alomomola\n|-damage|p1b: Mini Alomomola|50\/100\n|-damage|p1b: Mini Alomomola|0 fnt\n|faint|p1b: Mini Alomomola\n|-hitcount|p1: Mini Alomomola|2\n|move|p2b: Sinistcha|Matcha Gotcha|p1a: Ponka Donka\n|-resisted|p1a: Ponka Donka\n|-damage|p1a: Ponka Donka|0 fnt\n|-heal|p2b: Sinistcha|52\/100|[from] drain|[of] p1a: Ponka Donka\n|faint|p1a: Ponka Donka\n|\n|-heal|p2b: Sinistcha|58\/100|[from] item: Leftovers\n|upkeep\n|\n|t:|1701061652\n|switch|p1a: Steam|Torkoal, L50, F, shiny|100\/100\n|-weather|SunnyDay|[from] ability: Drought|[of] p1a: Steam\n|turn|5\n|\n|t:|1701061664\n|-activate|p2a: Baxcalibur|confusion\n|-damage|p2a: Baxcalibur|20\/100|[from] confusion\n|move|p2b: Sinistcha|Matcha Gotcha|p1a: Steam\n|-resisted|p1a: Steam\n|-damage|p1a: Steam|78\/100\n|-heal|p2b: Sinistcha|69\/100|[from] drain|[of] p1a: Steam\n|move|p1a: Steam|Eruption|p2b: Sinistcha|[spread] p2a,p2b\n|-supereffective|p2a: Baxcalibur\n|-supereffective|p2b: Sinistcha\n|-damage|p2a: Baxcalibur|0 fnt\n|-damage|p2b: Sinistcha|0 fnt\n|faint|p2a: Baxcalibur\n|faint|p2b: Sinistcha\n|\n|win|Scarlet Devil Flan\n|raw|Scarlet Devil Flan's rating: 1067 &rarr; <strong>1091<\/strong><br \/>(+24 for winning)\n|raw|hkulahjkdas's rating: 1000 &rarr; <strong>1000<\/strong><br \/>(+0 for losing)\n|l|\u2606hkulahjkdas\n|c|\u2606Scarlet Devil Flan|That was an interesting game, gg\n","uploadtime":1701061687,"views":11,"p1id":"scarletdevilflan","p2id":"hkulahjkdas","formatid":"gen9vgc2023regulatione","rating":1000,"private":0,"password":""}