{"id":"gen9vgc2023regulatione-1995110714","p1":"dorom","p2":"gamer3DRider","format":"[Gen 9] VGC 2023 Regulation E","log":"|j|\u2606dorom\n|j|\u2606gamer3DRider\n|t:|1700523721\n|gametype|doubles\n|player|p1|dorom|madame|1143\n|player|p2|gamer3DRider|steven|1227\n|teamsize|p1|6\n|teamsize|p2|6\n|gen|9\n|tier|[Gen 9] VGC 2023 Regulation E\n|rated|\n|rule|Species Clause: Limit one of each Pok\u00e9mon\n|rule|Item Clause: Limit one of each item\n|clearpoke\n|poke|p1|Glastrier, L50|\n|poke|p1|Quaquaval, L50, F|\n|poke|p1|Farigiraf, L50, F|\n|poke|p1|Hawlucha, L50, F|\n|poke|p1|Oricorio-Pom-Pom, L50, M|\n|poke|p1|Volcarona, L50, F|\n|poke|p2|Ogerpon-Cornerstone, L50, F|\n|poke|p2|Volcarona, L50, M|\n|poke|p2|Oricorio-Pom-Pom, L50, M|\n|poke|p2|Rillaboom, L50, M|\n|poke|p2|Urshifu-*, L50, M|\n|poke|p2|Landorus-Therian, L50, M|\n|teampreview|4\n|c|\u2606dorom|a person of culture I see\n|\n|t:|1700523760\n|start\n|switch|p1a: Cheerles Darwin|Oricorio-Pom-Pom, L50, M|100\/100\n|switch|p1b: Dappy Duck|Quaquaval, L50, F|100\/100\n|switch|p2a: Urshifu|Urshifu, L50, M|100\/100\n|switch|p2b: Landorus|Landorus-Therian, L50, M|100\/100\n|-ability|p2b: Landorus|Intimidate|boost\n|-unboost|p1a: Cheerles Darwin|atk|1\n|-unboost|p1b: Dappy Duck|atk|1\n|turn|1\n|\n|t:|1700523796\n|-terastallize|p1b: Dappy Duck|Water\n|move|p2a: Urshifu|Wicked Blow|p1a: Cheerles Darwin\n|-crit|p1a: Cheerles Darwin\n|-damage|p1a: Cheerles Darwin|10\/100\n|move|p1b: Dappy Duck|Aqua Step|p2b: Landorus\n|-supereffective|p2b: Landorus\n|-damage|p2b: Landorus|13\/100\n|-boost|p1b: Dappy Duck|spe|1\n|-activate|p1a: Cheerles Darwin|ability: Dancer\n|move|p1a: Cheerles Darwin|Aqua Step|p2b: Landorus|[from]ability: Dancer\n|-supereffective|p2b: Landorus\n|-damage|p2b: Landorus|0 fnt\n|-boost|p1a: Cheerles Darwin|spe|1\n|faint|p2b: Landorus\n|move|p1a: Cheerles Darwin|Icy Wind|p2a: Urshifu\n|-damage|p2a: Urshifu|75\/100\n|-unboost|p2a: Urshifu|spe|1\n|\n|upkeep\n|\n|t:|1700523814\n|switch|p2b: Rillaboom|Rillaboom, L50, M|100\/100\n|-fieldstart|move: Grassy Terrain|[from] ability: Grassy Surge|[of] p2b: Rillaboom\n|turn|2\n|\n|t:|1700523845\n|move|p2b: Rillaboom|Fake Out|p1a: Cheerles Darwin\n|-damage|p1a: Cheerles Darwin|0 fnt\n|faint|p1a: Cheerles Darwin\n|move|p1b: Dappy Duck|Aqua Step|p2a: Urshifu\n|-damage|p2a: Urshifu|40\/100\n|-boost|p1b: Dappy Duck|spe|1\n|move|p2a: Urshifu|Wicked Blow|p1b: Dappy Duck\n|-crit|p1b: Dappy Duck\n|-damage|p1b: Dappy Duck|25\/100\n|\n|-heal|p1b: Dappy Duck|32\/100|[from] Grassy Terrain\n|-heal|p2a: Urshifu|46\/100|[from] Grassy Terrain\n|upkeep\n|\n|t:|1700523861\n|switch|p1a: Buena Girl|Hawlucha, L50, F|100\/100\n|turn|3\n|\n|t:|1700523905\n|move|p2b: Rillaboom|Grassy Glide|p1b: Dappy Duck\n|-supereffective|p1b: Dappy Duck\n|-damage|p1b: Dappy Duck|0 fnt\n|faint|p1b: Dappy Duck\n|move|p1a: Buena Girl|Fling|p2a: Urshifu\n|-resisted|p2a: Urshifu\n|-damage|p2a: Urshifu|43\/100\n|-enditem|p1a: Buena Girl|King's Rock|[from] move: Fling\n|cant|p2a: Urshifu|flinch\n|\n|-heal|p2a: Urshifu|49\/100|[from] Grassy Terrain\n|upkeep\n|\n|t:|1700523921\n|switch|p1b: SnowJack Horseman|Glastrier, L50|100\/100\n|turn|4\n|\n|t:|1700523954\n|-terastallize|p2b: Rillaboom|Ghost\n|move|p1a: Buena Girl|Acrobatics|p2b: Rillaboom\n|-damage|p2b: Rillaboom|55\/100\n|move|p2a: Urshifu|Wicked Blow|p1b: SnowJack Horseman\n|-crit|p1b: SnowJack Horseman\n|-damage|p1b: SnowJack Horseman|57\/100\n|move|p2b: Rillaboom|Knock Off|p1b: SnowJack Horseman\n|-damage|p1b: SnowJack Horseman|33\/100\n|-enditem|p1b: SnowJack Horseman|Assault Vest|[from] move: Knock Off|[of] p2b: Rillaboom\n|move|p1b: SnowJack Horseman|Stomping Tantrum|p2a: Urshifu\n|-damage|p2a: Urshifu|16\/100\n|\n|-heal|p2a: Urshifu|22\/100|[from] Grassy Terrain\n|-heal|p2b: Rillaboom|61\/100|[from] Grassy Terrain\n|-heal|p1b: SnowJack Horseman|39\/100|[from] Grassy Terrain\n|upkeep\n|turn|5\n|\n|t:|1700523983\n|move|p2b: Rillaboom|Grassy Glide|p1b: SnowJack Horseman\n|-damage|p1b: SnowJack Horseman|13\/100\n|move|p1a: Buena Girl|Acrobatics|p2a: Urshifu\n|-supereffective|p2a: Urshifu\n|-damage|p2a: Urshifu|0 fnt\n|faint|p2a: Urshifu\n|move|p1b: SnowJack Horseman|Crunch|p2b: Rillaboom\n|-supereffective|p2b: Rillaboom\n|-damage|p2b: Rillaboom|3\/100\n|\n|-heal|p2b: Rillaboom|9\/100|[from] Grassy Terrain\n|-heal|p1b: SnowJack Horseman|19\/100|[from] Grassy Terrain\n|upkeep\n|\n|t:|1700523990\n|switch|p2a: Ogerpon|Ogerpon-Cornerstone, L50, F|100\/100\n|turn|6\n|\n|t:|1700524037\n|move|p2b: Rillaboom|Grassy Glide|p1b: SnowJack Horseman\n|-damage|p1b: SnowJack Horseman|0 fnt\n|faint|p1b: SnowJack Horseman\n|move|p1a: Buena Girl|Close Combat|p2a: Ogerpon\n|-supereffective|p2a: Ogerpon\n|-ability|p2a: Ogerpon|Sturdy\n|-damage|p2a: Ogerpon|1\/100\n|-unboost|p1a: Buena Girl|def|1\n|-unboost|p1a: Buena Girl|spd|1\n|move|p2a: Ogerpon|Ivy Cudgel|p1a: Buena Girl|[anim] Ivy Cudgel Rock\n|-damage|p1a: Buena Girl|0 fnt\n|faint|p1a: Buena Girl\n|\n|win|gamer3DRider\n|raw|dorom's rating: 1143 &rarr; <strong>1124<\/strong><br \/>(-19 for losing)\n|raw|gamer3DRider's rating: 1227 &rarr; <strong>1246<\/strong><br \/>(+19 for winning)\n","uploadtime":1700524071,"views":3,"p1id":"dorom","p2id":"gamer3drider","formatid":"gen9vgc2023regulatione","rating":1124,"private":0,"password":""}