{"id":"gen9vgc2023regulatione-1996105368","p1":"Gmoltres fun guy","p2":"hjgklm3k","format":"[Gen 9] VGC 2023 Regulation E","log":"|j|\u2606Gmoltres fun guy\n|j|\u2606hjgklm3k\n|t:|1700644904\n|gametype|doubles\n|player|p1|Gmoltres fun guy|1|1412\n|player|p2|hjgklm3k|169|1394\n|teamsize|p1|6\n|teamsize|p2|6\n|gen|9\n|tier|[Gen 9] VGC 2023 Regulation E\n|rated|\n|rule|Species Clause: Limit one of each Pok\u00e9mon\n|rule|Item Clause: Limit one of each item\n|clearpoke\n|poke|p1|Moltres-Galar, L50|\n|poke|p1|Tauros-Paldea-Aqua, L50, M|\n|poke|p1|Rillaboom, L50, M|\n|poke|p1|Arcanine-Hisui, L50, F|\n|poke|p1|Ninetales-Alola, L50, F|\n|poke|p1|Sinistcha, L50|\n|poke|p2|Ogerpon-Cornerstone, L50, F|\n|poke|p2|Tyranitar, L50, F|\n|poke|p2|Ursaluna-Bloodmoon, L50, M|\n|poke|p2|Cresselia, L50, F|\n|poke|p2|Iron Hands, L50|\n|poke|p2|Gastrodon, L50, M|\n|teampreview|4\n|\n|t:|1700644976\n|start\n|switch|p1a: Ninetales|Ninetales-Alola, L50, F|100\/100\n|switch|p1b: Arcanine|Arcanine-Hisui, L50, F|100\/100\n|switch|p2a: Tyranitar|Tyranitar, L50, F|100\/100\n|switch|p2b: Ogerpon|Ogerpon-Cornerstone, L50, F|100\/100\n|-weather|Snow|[from] ability: Snow Warning|[of] p1a: Ninetales\n|-ability|p1b: Arcanine|Intimidate|boost\n|-unboost|p2a: Tyranitar|atk|1\n|-unboost|p2b: Ogerpon|atk|1\n|-weather|Sandstorm|[from] ability: Sand Stream|[of] p2a: Tyranitar\n|turn|1\n|\n|t:|1700645004\n|-terastallize|p1b: Arcanine|Normal\n|move|p1a: Ninetales|Moonblast|p2a: Tyranitar\n|-supereffective|p2a: Tyranitar\n|-damage|p2a: Tyranitar|82\/100\n|-unboost|p2a: Tyranitar|spa|1\n|move|p2b: Ogerpon|Stomping Tantrum|p1b: Arcanine\n|-damage|p1b: Arcanine|75\/100\n|move|p1b: Arcanine|Will-O-Wisp|p2b: Ogerpon\n|-status|p2b: Ogerpon|brn\n|move|p2a: Tyranitar|Heavy Slam|p1a: Ninetales\n|-supereffective|p1a: Ninetales\n|-damage|p1a: Ninetales|0 fnt\n|faint|p1a: Ninetales\n|\n|-weather|Sandstorm|[upkeep]\n|-damage|p1b: Arcanine|69\/100|[from] Sandstorm\n|-damage|p2b: Ogerpon|95\/100 brn|[from] brn\n|upkeep\n|\n|t:|1700645012\n|switch|p1a: Rillaboom|Rillaboom, L50, M|100\/100\n|-fieldstart|move: Grassy Terrain|[from] ability: Grassy Surge|[of] p1a: Rillaboom\n|turn|2\n|\n|t:|1700645030\n|switch|p1b: Moltres|Moltres-Galar, L50|100\/100\n|move|p2b: Ogerpon|Spiky Shield|p2b: Ogerpon\n|-singleturn|p2b: Ogerpon|move: Protect\n|move|p1a: Rillaboom|Grassy Glide|p2a: Tyranitar\n|-supereffective|p2a: Tyranitar\n|-damage|p2a: Tyranitar|13\/100\n|move|p2a: Tyranitar|Knock Off|p1b: Moltres\n|-resisted|p1b: Moltres\n|-damage|p1b: Moltres|87\/100\n|-enditem|p1b: Moltres|Sitrus Berry|[from] move: Knock Off|[of] p2a: Tyranitar\n|\n|-weather|Sandstorm|[upkeep]\n|-damage|p1b: Moltres|81\/100|[from] Sandstorm\n|-damage|p1a: Rillaboom|95\/100|[from] Sandstorm\n|-heal|p2b: Ogerpon|100\/100 brn|[from] Grassy Terrain\n|-heal|p1a: Rillaboom|100\/100|[from] Grassy Terrain\n|-heal|p2a: Tyranitar|18\/100|[from] Grassy Terrain\n|-damage|p2b: Ogerpon|95\/100 brn|[from] brn\n|upkeep\n|turn|3\n|\n|t:|1700645097\n|move|p1a: Rillaboom|Grassy Glide|p2a: Tyranitar\n|-supereffective|p2a: Tyranitar\n|-damage|p2a: Tyranitar|0 fnt\n|faint|p2a: Tyranitar\n|move|p2b: Ogerpon|Ivy Cudgel|p1b: Moltres|[anim] Ivy Cudgel Rock\n|-supereffective|p1b: Moltres\n|-damage|p1b: Moltres|43\/100\n|-ability|p1b: Moltres|Berserk|boost\n|-boost|p1b: Moltres|spa|1\n|move|p1b: Moltres|Fiery Wrath|p2b: Ogerpon\n|-damage|p2b: Ogerpon|56\/100 brn\n|\n|-weather|Sandstorm|[upkeep]\n|-damage|p1b: Moltres|37\/100|[from] Sandstorm\n|-damage|p1a: Rillaboom|95\/100|[from] Sandstorm\n|-heal|p2b: Ogerpon|62\/100 brn|[from] Grassy Terrain\n|-heal|p1a: Rillaboom|100\/100|[from] Grassy Terrain\n|-damage|p2b: Ogerpon|56\/100 brn|[from] brn\n|upkeep\n|\n|t:|1700645109\n|switch|p2a: Cresselia|Cresselia, L50, F|100\/100\n|turn|4\n|\n|t:|1700645119\n|switch|p1a: Arcanine|Arcanine-Hisui, L50, F, tera:Normal|69\/100\n|-ability|p1a: Arcanine|Intimidate|boost\n|-unboost|p2a: Cresselia|atk|1\n|-unboost|p2b: Ogerpon|atk|1\n|move|p2b: Ogerpon|Ivy Cudgel|p1b: Moltres|[anim] Ivy Cudgel Rock\n|-supereffective|p1b: Moltres\n|-damage|p1b: Moltres|10\/100\n|move|p1b: Moltres|Fiery Wrath|p2b: Ogerpon|[spread] p2a,p2b\n|-supereffective|p2a: Cresselia\n|-damage|p2a: Cresselia|49\/100\n|-damage|p2b: Ogerpon|30\/100 brn\n|cant|p2a: Cresselia|flinch\n|\n|-weather|Sandstorm|[upkeep]\n|-damage|p1b: Moltres|4\/100|[from] Sandstorm\n|-damage|p1a: Arcanine|63\/100|[from] Sandstorm\n|-damage|p2a: Cresselia|43\/100|[from] Sandstorm\n|-heal|p2b: Ogerpon|35\/100 brn|[from] Grassy Terrain\n|-heal|p1a: Arcanine|69\/100|[from] Grassy Terrain\n|-damage|p2b: Ogerpon|30\/100 brn|[from] brn\n|upkeep\n|turn|5\n|\n|t:|1700645141\n|move|p1a: Arcanine|Extreme Speed|p2b: Ogerpon\n|-resisted|p2b: Ogerpon\n|-damage|p2b: Ogerpon|6\/100 brn\n|move|p2b: Ogerpon|Ivy Cudgel|p1b: Moltres|[anim] Ivy Cudgel Rock\n|-supereffective|p1b: Moltres\n|-damage|p1b: Moltres|0 fnt\n|faint|p1b: Moltres\n|move|p2a: Cresselia|Trick Room|p2a: Cresselia\n|-fieldstart|move: Trick Room|[of] p2a: Cresselia\n|\n|-weather|none\n|-heal|p1a: Arcanine|75\/100|[from] Grassy Terrain\n|-heal|p2b: Ogerpon|12\/100 brn|[from] Grassy Terrain\n|-damage|p2b: Ogerpon|6\/100 brn|[from] brn\n|upkeep\n|\n|t:|1700645147\n|switch|p1b: Rillaboom|Rillaboom, L50, M|100\/100\n|turn|6\n|\n|t:|1700645159\n|move|p1a: Arcanine|Extreme Speed|p2a: Cresselia\n|-damage|p2a: Cresselia|17\/100\n|-damage|p1a: Arcanine|59\/100|[from] item: Rocky Helmet|[of] p2a: Cresselia\n|move|p1b: Rillaboom|Grassy Glide|p2a: Cresselia\n|-damage|p2a: Cresselia|0 fnt\n|-damage|p1b: Rillaboom|84\/100|[from] item: Rocky Helmet|[of] p2a: Cresselia\n|faint|p2a: Cresselia\n|move|p2b: Ogerpon|Horn Leech|p1a: Arcanine\n|-damage|p1a: Arcanine|43\/100\n|-heal|p2b: Ogerpon|14\/100 brn|[from] drain|[of] p1a: Arcanine\n|\n|-heal|p1b: Rillaboom|90\/100|[from] Grassy Terrain\n|-heal|p1a: Arcanine|49\/100|[from] Grassy Terrain\n|-heal|p2b: Ogerpon|20\/100 brn|[from] Grassy Terrain\n|-damage|p2b: Ogerpon|14\/100 brn|[from] brn\n|-fieldend|move: Grassy Terrain\n|upkeep\n|\n|t:|1700645169\n|switch|p2a: Ursaluna|Ursaluna-Bloodmoon, L50, M|100\/100\n|turn|7\n|\n|t:|1700645180\n|-terastallize|p2a: Ursaluna|Normal\n|move|p2a: Ursaluna|Hyper Voice|p1b: Rillaboom|[spread] p1a,p1b\n|-damage|p1a: Arcanine|0 fnt\n|-damage|p1b: Rillaboom|13\/100\n|faint|p1a: Arcanine\n|-damage|p2a: Ursaluna|90\/100|[from] item: Life Orb\n|move|p1b: Rillaboom|Grassy Glide|p2a: Ursaluna\n|-damage|p2a: Ursaluna|62\/100\n|move|p2b: Ogerpon|Ivy Cudgel|p1b: Rillaboom|[anim] Ivy Cudgel Rock\n|-damage|p1b: Rillaboom|0 fnt\n|faint|p1b: Rillaboom\n|\n|win|hjgklm3k\n|raw|Gmoltres fun guy's rating: 1412 &rarr; <strong>1391<\/strong><br \/>(-21 for losing)\n|raw|hjgklm3k's rating: 1394 &rarr; <strong>1415<\/strong><br \/>(+21 for winning)\n|l|\u2606Gmoltres fun guy\n","uploadtime":1700645192,"views":2,"p1id":"gmoltresfunguy","p2id":"hjgklm3k","formatid":"gen9vgc2023regulatione","rating":1391,"private":0,"password":""}