{"id":"gen9vgc2023regulatione-1999872911","p1":"MatJunkai","p2":"CheeeseBomber","format":"[Gen 9] VGC 2023 Regulation E","log":"|j|\u2606MatJunkai\n|j|\u2606CheeeseBomber\n|t:|1701124972\n|gametype|doubles\n|player|p1|MatJunkai|roxie|1210\n|player|p2|CheeeseBomber|265|1257\n|teamsize|p1|6\n|teamsize|p2|6\n|gen|9\n|tier|[Gen 9] VGC 2023 Regulation E\n|rated|\n|rule|Species Clause: Limit one of each Pok\u00e9mon\n|rule|Item Clause: Limit one of each item\n|clearpoke\n|poke|p1|Salamence, L50, F|\n|poke|p1|Rillaboom, L50, F|\n|poke|p1|Urshifu-*, L50, F|\n|poke|p1|Amoonguss, L50, M|\n|poke|p1|Heatran, L50, M|\n|poke|p1|Flutter Mane, L50|\n|poke|p2|Urshifu-*, L50, M|\n|poke|p2|Tornadus, L50, M|\n|poke|p2|Arcanine-Hisui, L50, F|\n|poke|p2|Gholdengo, L50|\n|poke|p2|Flutter Mane, L50|\n|poke|p2|Rillaboom, L50, M|\n|teampreview|4\n|inactive|Battle timer is ON: inactive players will automatically lose when time's up. (requested by CheeeseBomber)\n|inactive|CheeeseBomber has 60 seconds left.\n|\n|t:|1701125027\n|start\n|switch|p1a: Salamence|Salamence, L50, F|100\/100\n|switch|p1b: Rillaboom|Rillaboom, L50, F|100\/100\n|switch|p2a: Flutter Mane|Flutter Mane, L50|100\/100\n|switch|p2b: Tornadus|Tornadus, L50, M|100\/100\n|-ability|p1a: Salamence|Intimidate|boost\n|-unboost|p2a: Flutter Mane|atk|1\n|-unboost|p2b: Tornadus|atk|1\n|-fieldstart|move: Grassy Terrain|[from] ability: Grassy Surge|[of] p1b: Rillaboom\n|-enditem|p2a: Flutter Mane|Booster Energy\n|-activate|p2a: Flutter Mane|ability: Protosynthesis|[fromitem]\n|-start|p2a: Flutter Mane|protosynthesisspe\n|turn|1\n|\n|t:|1701125046\n|-terastallize|p1a: Salamence|Poison\n|move|p1b: Rillaboom|Fake Out|p2b: Tornadus\n|-damage|p2b: Tornadus|85\/100\n|move|p2a: Flutter Mane|Icy Wind|p1b: Rillaboom|[spread] p1a,p1b\n|-supereffective|p1b: Rillaboom\n|-damage|p1a: Salamence|86\/100\n|-damage|p1b: Rillaboom|77\/100\n|-unboost|p1a: Salamence|spe|1\n|-unboost|p1b: Rillaboom|spe|1\n|move|p2b: Tornadus|Bleakwind Storm|p1a: Salamence|[spread] p1a,p1b\n|-supereffective|p1b: Rillaboom\n|-damage|p1a: Salamence|52\/100\n|-damage|p1b: Rillaboom|27\/100\n|move|p1a: Salamence|Tailwind|p1a: Salamence\n|-sidestart|p1: MatJunkai|move: Tailwind\n|\n|-heal|p1a: Salamence|59\/100|[from] Grassy Terrain\n|-heal|p1b: Rillaboom|33\/100|[from] Grassy Terrain\n|upkeep\n|turn|2\n|\n|t:|1701125069\n|move|p2b: Tornadus|Tailwind|p2b: Tornadus\n|-sidestart|p2: CheeeseBomber|move: Tailwind\n|move|p2a: Flutter Mane|Shadow Ball|p1b: Rillaboom\n|-damage|p1b: Rillaboom|1\/100\n|move|p1a: Salamence|Air Slash|p2a: Flutter Mane\n|-damage|p2a: Flutter Mane|74\/100\n|move|p1b: Rillaboom|U-turn|p2a: Flutter Mane\n|-resisted|p2a: Flutter Mane\n|-damage|p2a: Flutter Mane|65\/100\n|\n|t:|1701125079\n|switch|p1b: Heatran|Heatran, L50, M|100\/100|[from] U-turn\n|\n|-heal|p2a: Flutter Mane|71\/100|[from] Grassy Terrain\n|-heal|p1a: Salamence|65\/100|[from] Grassy Terrain\n|upkeep\n|turn|3\n|\n|t:|1701125094\n|switch|p2b: Arcanine|Arcanine-Hisui, L50, F|100\/100\n|-ability|p2b: Arcanine|Intimidate|boost\n|-unboost|p1a: Salamence|atk|1\n|-unboost|p1b: Heatran|atk|1\n|move|p2a: Flutter Mane|Protect|p2a: Flutter Mane\n|-singleturn|p2a: Flutter Mane|Protect\n|move|p1a: Salamence|Draco Meteor|p2b: Arcanine\n|-damage|p2b: Arcanine|35\/100\n|-unboost|p1a: Salamence|spa|2\n|move|p1b: Heatran|Flash Cannon|p2a: Flutter Mane\n|-activate|p2a: Flutter Mane|move: Protect\n|\n|-heal|p2a: Flutter Mane|77\/100|[from] Grassy Terrain\n|-heal|p2b: Arcanine|41\/100|[from] Grassy Terrain\n|-heal|p1a: Salamence|71\/100|[from] Grassy Terrain\n|upkeep\n|turn|4\n|\n|t:|1701125114\n|move|p2a: Flutter Mane|Shadow Ball|p1a: Salamence\n|-damage|p1a: Salamence|25\/100\n|-unboost|p1a: Salamence|spd|1\n|move|p2b: Arcanine|Rock Slide|p1b: Heatran|[spread] p1a,p1b\n|-damage|p1a: Salamence|0 fnt\n|-damage|p1b: Heatran|63\/100\n|faint|p1a: Salamence\n|move|p1b: Heatran|Flash Cannon|p2a: Flutter Mane\n|-supereffective|p2a: Flutter Mane\n|-damage|p2a: Flutter Mane|5\/100\n|\n|-heal|p2a: Flutter Mane|11\/100|[from] Grassy Terrain\n|-heal|p2b: Arcanine|47\/100|[from] Grassy Terrain\n|-heal|p1b: Heatran|69\/100|[from] Grassy Terrain\n|-heal|p1b: Heatran|75\/100|[from] item: Leftovers\n|-sideend|p1: MatJunkai|move: Tailwind\n|upkeep\n|\n|t:|1701125129\n|switch|p1a: Urshifu|Urshifu-Rapid-Strike, L50, F|100\/100\n|turn|5\n|inactive|CheeeseBomber has 30 seconds left.\n|\n|t:|1701125159\n|switch|p2b: Tornadus|Tornadus, L50, M|85\/100\n|-terastallize|p2a: Flutter Mane|Water\n|move|p1a: Urshifu|Detect|p1a: Urshifu\n|-singleturn|p1a: Urshifu|Protect\n|move|p2a: Flutter Mane|Icy Wind|p1b: Heatran|[spread] p1b\n|-activate|p1a: Urshifu|move: Protect\n|-resisted|p1b: Heatran\n|-damage|p1b: Heatran|72\/100\n|-unboost|p1b: Heatran|spe|1\n|move|p1b: Heatran|Earth Power|p2b: Tornadus\n|-immune|p2b: Tornadus\n|\n|-heal|p2a: Flutter Mane|17\/100|[from] Grassy Terrain\n|-heal|p1b: Heatran|78\/100|[from] Grassy Terrain\n|-heal|p1b: Heatran|84\/100|[from] item: Leftovers\n|-sideend|p2: CheeeseBomber|move: Tailwind\n|-fieldend|move: Grassy Terrain\n|upkeep\n|turn|6\n|inactive|MatJunkai has 30 seconds left.\n|\n|t:|1701125187\n|move|p2a: Flutter Mane|Icy Wind|p1b: Heatran|[spread] p1a,p1b\n|-resisted|p1a: Urshifu\n|-resisted|p1b: Heatran\n|-damage|p1a: Urshifu|91\/100\n|-damage|p1b: Heatran|81\/100\n|-unboost|p1a: Urshifu|spe|1\n|-unboost|p1b: Heatran|spe|1\n|move|p2b: Tornadus|Bleakwind Storm|p1b: Heatran|[spread] p1a,p1b\n|-supereffective|p1a: Urshifu\n|-resisted|p1b: Heatran\n|-damage|p1a: Urshifu|0 fnt\n|-damage|p1b: Heatran|66\/100\n|-unboost|p1b: Heatran|spe|1\n|faint|p1a: Urshifu\n|move|p1b: Heatran|Flash Cannon|p2a: Flutter Mane\n|-resisted|p2a: Flutter Mane\n|-damage|p2a: Flutter Mane|0 fnt\n|faint|p2a: Flutter Mane\n|-end|p2a: Flutter Mane|Protosynthesis|[silent]\n|\n|-heal|p1b: Heatran|72\/100|[from] item: Leftovers\n|upkeep\n|\n|t:|1701125203\n|switch|p2a: Arcanine|Arcanine-Hisui, L50, F|47\/100\n|switch|p1a: Rillaboom|Rillaboom, L50, F|1\/100\n|-ability|p2a: Arcanine|Intimidate|boost\n|-unboost|p1a: Rillaboom|atk|1\n|-unboost|p1b: Heatran|atk|1\n|-fieldstart|move: Grassy Terrain|[from] ability: Grassy Surge|[of] p1a: Rillaboom\n|turn|7\n|\n|t:|1701125220\n|switch|p2a: Gholdengo|Gholdengo, L50|100\/100\n|move|p1a: Rillaboom|Fake Out|p2a: Gholdengo\n|-immune|p2a: Gholdengo\n|move|p2b: Tornadus|Bleakwind Storm|p1b: Heatran|[spread] p1a,p1b\n|-supereffective|p1a: Rillaboom\n|-resisted|p1b: Heatran\n|-damage|p1a: Rillaboom|0 fnt\n|-damage|p1b: Heatran|59\/100\n|faint|p1a: Rillaboom\n|move|p1b: Heatran|Magma Storm|p2b: Tornadus\n|-damage|p2b: Tornadus|28\/100\n|-activate|p2b: Tornadus|move: Magma Storm|[of] p1b: Heatran\n|\n|-heal|p1b: Heatran|65\/100|[from] Grassy Terrain\n|-heal|p1b: Heatran|71\/100|[from] item: Leftovers\n|-damage|p2b: Tornadus|16\/100|[from] move: Magma Storm|[partiallytrapped]\n|upkeep\n|turn|8\n|\n|t:|1701125243\n|move|p2b: Tornadus|Rain Dance|p2b: Tornadus\n|-weather|RainDance\n|move|p2a: Gholdengo|Shadow Ball|p1b: Heatran\n|-damage|p1b: Heatran|33\/100\n|move|p1b: Heatran|Magma Storm|p2a: Gholdengo\n|-supereffective|p2a: Gholdengo\n|-damage|p2a: Gholdengo|46\/100\n|-activate|p2a: Gholdengo|move: Magma Storm|[of] p1b: Heatran\n|\n|-weather|RainDance|[upkeep]\n|-heal|p2a: Gholdengo|52\/100|[from] Grassy Terrain\n|-heal|p2a: Gholdengo|58\/100|[from] item: Leftovers\n|-heal|p1b: Heatran|39\/100|[from] Grassy Terrain\n|-heal|p1b: Heatran|45\/100|[from] item: Leftovers\n|-damage|p2b: Tornadus|4\/100|[from] move: Magma Storm|[partiallytrapped]\n|-damage|p2a: Gholdengo|46\/100|[from] move: Magma Storm|[partiallytrapped]\n|upkeep\n|turn|9\n|\n|t:|1701125259\n|move|p1b: Heatran|Protect|p1b: Heatran\n|-singleturn|p1b: Heatran|Protect\n|move|p2b: Tornadus|Bleakwind Storm|p1b: Heatran\n|-activate|p1b: Heatran|move: Protect\n|move|p2a: Gholdengo|Shadow Ball|p1b: Heatran\n|-activate|p1b: Heatran|move: Protect\n|\n|-weather|RainDance|[upkeep]\n|-heal|p2a: Gholdengo|52\/100|[from] Grassy Terrain\n|-heal|p2a: Gholdengo|58\/100|[from] item: Leftovers\n|-heal|p1b: Heatran|51\/100|[from] Grassy Terrain\n|-heal|p1b: Heatran|57\/100|[from] item: Leftovers\n|-damage|p2b: Tornadus|0 fnt|[from] move: Magma Storm|[partiallytrapped]\n|faint|p2b: Tornadus\n|-damage|p2a: Gholdengo|46\/100|[from] move: Magma Storm|[partiallytrapped]\n|upkeep\n|\n|t:|1701125275\n|switch|p2b: Arcanine|Arcanine-Hisui, L50, F|47\/100\n|-ability|p2b: Arcanine|Intimidate|boost\n|-unboost|p1b: Heatran|atk|1\n|turn|10\n|\n|t:|1701125282\n|move|p2b: Arcanine|Rock Slide|p1b: Heatran\n|-damage|p1b: Heatran|9\/100\n|move|p2a: Gholdengo|Shadow Ball|p1b: Heatran\n|-damage|p1b: Heatran|0 fnt\n|faint|p1b: Heatran\n|\n|win|CheeeseBomber\n|raw|MatJunkai's rating: 1210 &rarr; <strong>1188<\/strong><br \/>(-22 for losing)\n|raw|CheeeseBomber's rating: 1257 &rarr; <strong>1279<\/strong><br \/>(+22 for winning)\n|l|\u2606MatJunkai\n","uploadtime":1701125295,"views":3,"p1id":"matjunkai","p2id":"cheeesebomber","formatid":"gen9vgc2023regulatione","rating":1188,"private":0,"password":""}