{"id":"gen9vgc2023regulatione-1994439286","p1":"SpadesHS","p2":"It'sJustKen VGC","format":"[Gen 9] VGC 2023 Regulation E","log":"|j|\u2606SpadesHS\n|j|\u2606It'sJustKen VGC\n|t:|1700444072\n|gametype|doubles\n|player|p1|SpadesHS|n|\n|player|p2|It'sJustKen VGC|turo|\n|teamsize|p1|6\n|teamsize|p2|6\n|gen|9\n|tier|[Gen 9] VGC 2023 Regulation E\n|rated|Tournament battle\n|rule|Species Clause: Limit one of each Pok\u00e9mon\n|rule|Item Clause: Limit one of each item\n|clearpoke\n|poke|p1|Ogerpon, L50, F|\n|poke|p1|Roaring Moon, L50|\n|poke|p1|Arcanine-Hisui, L50, M|\n|poke|p1|Gholdengo, L50|\n|poke|p1|Urshifu-*, L50, M|\n|poke|p1|Thundurus-Therian, L50, M|\n|poke|p2|Amoonguss, L50, M|\n|poke|p2|Tornadus, L50, M|\n|poke|p2|Iron Hands, L50|\n|poke|p2|Arcanine-Hisui, L50, M|\n|poke|p2|Gholdengo, L50|\n|poke|p2|Urshifu-*, L50, M|\n|teampreview|4\n|showteam|p1|Ogerpon||LifeOrb|Defiant|SpikyShield,IvyCudgel,StompingTantrum,SwordsDance|||F|||50|,,,,,Grass]Roaring Moon||BoosterEnergy|Protosynthesis|BreakingSwipe,KnockOff,Tailwind,Protect||||||50|,,,,,Poison]Arcanine-Hisui||ChoiceBand|Intimidate|FlareBlitz,RockSlide,ExtremeSpeed,TeraBlast|||M|||50|,,,,,Fairy]Gholdengo||Leftovers|GoodasGold|MakeItRain,ShadowBall,NastyPlot,Protect||||||50|,,,,,Dragon]Urshifu-Rapid-Strike||MysticWater|UnseenFist|SurgingStrikes,CloseCombat,Detect,AquaJet|||M|||50|,,,,,Water]Thundurus-Therian||AssaultVest|VoltAbsorb|Thunderbolt,TeraBlast,GrassKnot,WildboltStorm|||M|||50|,,,,,Flying\n|showteam|p2|Amoonguss||SitrusBerry|Regenerator|Protect,Spore,RagePowder,PollenPuff|||M|||50|,,,,,Water]Tornadus||RockyHelmet|Prankster|Protect,Tailwind,BleakwindStorm,RainDance|||M|||50|,,,,,Steel]Iron Hands||AssaultVest|QuarkDrive|FakeOut,DrainPunch,WildCharge,VoltSwitch||||||50|,,,,,Water]Arcanine-Hisui||ChoiceBand|Intimidate|FlareBlitz,RockSlide,ExtremeSpeed,HeadSmash|||M|||50|,,,,,Fairy]Gholdengo||Leftovers|GoodasGold|Protect,MakeItRain,ShadowBall,NastyPlot||||||50|,,,,,Dragon]Urshifu-Rapid-Strike||LifeOrb|UnseenFist|Detect,AquaJet,SurgingStrikes,CloseCombat|||M|||50|,,,,,Water\n|inactive|Battle timer is ON: inactive players will automatically lose when time's up. (requested by It'sJustKen VGC)\n|c|\u2606It'sJustKen VGC|glhf\n|inactive|SpadesHS has 60 seconds left.\n|inactive|It'sJustKen VGC has 60 seconds left.\n|inactive|It'sJustKen VGC has 30 seconds left.\n|inactive|It'sJustKen VGC has 20 seconds left.\n|inactive|It'sJustKen VGC has 15 seconds left.\n|inactive|It'sJustKen VGC has 10 seconds left.\n|inactive|It'sJustKen VGC has 5 seconds left.\n|\n|t:|1700444163\n|start\n|switch|p1a: Laet|Ogerpon, L50, F|100\/100\n|switch|p1b: Fun Police|Arcanine-Hisui, L50, M|100\/100\n|switch|p2a: Amoonguss|Amoonguss, L50, M|100\/100\n|switch|p2b: Tornadus|Tornadus, L50, M|100\/100\n|-ability|p1b: Fun Police|Intimidate|boost\n|-unboost|p2a: Amoonguss|atk|1\n|-unboost|p2b: Tornadus|atk|1\n|turn|1\n|inactive|SpadesHS has 30 seconds left.\n|inactive|It'sJustKen VGC has 30 seconds left.\n|\n|t:|1700444194\n|switch|p2a: Iron Hands|Iron Hands, L50|100\/100\n|-terastallize|p2b: Tornadus|Steel\n|move|p1a: Laet|Swords Dance|p1a: Laet\n|-boost|p1a: Laet|atk|2\n|move|p2b: Tornadus|Bleakwind Storm|p1b: Fun Police|[spread] \n|-miss|p2b: Tornadus|p1a: Laet\n|-miss|p2b: Tornadus|p1b: Fun Police\n|move|p1b: Fun Police|Flare Blitz|p2b: Tornadus\n|-supereffective|p2b: Tornadus\n|-crit|p2b: Tornadus\n|-damage|p2b: Tornadus|0 fnt\n|-damage|p1b: Fun Police|84\/100|[from] item: Rocky Helmet|[of] p2b: Tornadus\n|faint|p2b: Tornadus\n|-damage|p1b: Fun Police|54\/100|[from] Recoil\n|\n|upkeep\n|\n|t:|1700444205\n|switch|p2b: Arcanine|Arcanine-Hisui, L50, M|100\/100\n|-ability|p2b: Arcanine|Intimidate|boost\n|-unboost|p1a: Laet|atk|1\n|-ability|p1a: Laet|Defiant|boost\n|-boost|p1a: Laet|atk|2\n|-unboost|p1b: Fun Police|atk|1\n|turn|2\n|\n|t:|1700444218\n|switch|p1b: Atarka|Roaring Moon, L50|100\/100\n|-enditem|p1b: Atarka|Booster Energy\n|-activate|p1b: Atarka|ability: Protosynthesis|[fromitem]\n|-start|p1b: Atarka|protosynthesisspe\n|move|p1a: Laet|Spiky Shield|p1a: Laet\n|-singleturn|p1a: Laet|move: Protect\n|move|p2a: Iron Hands|Fake Out|p1b: Atarka\n|-damage|p1b: Atarka|83\/100\n|move|p2b: Arcanine|Rock Slide|p1a: Laet|[spread] p1b\n|-activate|p1a: Laet|move: Protect\n|-damage|p1b: Atarka|35\/100\n|\n|upkeep\n|turn|3\n|\n|t:|1700444237\n|switch|p2b: Amoonguss|Amoonguss, L50, M|100\/100\n|-terastallize|p1a: Laet|Grass\n|detailschange|p1a: Laet|Ogerpon-Teal-Tera, L50, F, tera:Grass\n|-ability|p1a: Laet|Embody Aspect (Teal)|boost\n|-boost|p1a: Laet|spe|1\n|move|p1b: Atarka|Breaking Swipe|p2b: Amoonguss|[spread] p2a,p2b\n|-damage|p2a: Iron Hands|86\/100\n|-damage|p2b: Amoonguss|80\/100\n|-unboost|p2a: Iron Hands|atk|1\n|-unboost|p2b: Amoonguss|atk|1\n|move|p1a: Laet|Ivy Cudgel|p2b: Amoonguss\n|-resisted|p2b: Amoonguss\n|-damage|p2b: Amoonguss|39\/100\n|-enditem|p2b: Amoonguss|Sitrus Berry|[eat]\n|-heal|p2b: Amoonguss|64\/100|[from] item: Sitrus Berry\n|-damage|p1a: Laet|91\/100|[from] item: Life Orb\n|move|p2a: Iron Hands|Drain Punch|p1b: Atarka\n|-supereffective|p1b: Atarka\n|-damage|p1b: Atarka|0 fnt\n|-heal|p2a: Iron Hands|100\/100|[from] drain|[of] p1b: Atarka\n|faint|p1b: Atarka\n|-end|p1b: Atarka|Protosynthesis|[silent]\n|\n|upkeep\n|j| IcicleStorm13\n|\n|t:|1700444246\n|switch|p1b: Fun Police|Arcanine-Hisui, L50, M|54\/100\n|-ability|p1b: Fun Police|Intimidate|boost\n|-unboost|p2a: Iron Hands|atk|1\n|-unboost|p2b: Amoonguss|atk|1\n|turn|4\n|\n|t:|1700444264\n|move|p2b: Amoonguss|Protect|p2b: Amoonguss\n|-singleturn|p2b: Amoonguss|Protect\n|move|p1a: Laet|Ivy Cudgel|p2a: Iron Hands\n|-damage|p2a: Iron Hands|0 fnt\n|faint|p2a: Iron Hands\n|-end|p2a: Iron Hands|Quark Drive|[silent]\n|-damage|p1a: Laet|81\/100|[from] item: Life Orb\n|move|p1b: Fun Police|Flare Blitz|p2b: Amoonguss\n|-activate|p2b: Amoonguss|move: Protect\n|\n|upkeep\n|j| FatalEspresso\n|\n|t:|1700444267\n|switch|p2a: Arcanine|Arcanine-Hisui, L50, M|100\/100\n|-ability|p2a: Arcanine|Intimidate|boost\n|-unboost|p1a: Laet|atk|1\n|-unboost|p1b: Fun Police|atk|1\n|turn|5\n|\n|t:|1700444280\n|move|p1a: Laet|Stomping Tantrum|p2a: Arcanine\n|-supereffective|p2a: Arcanine\n|-damage|p2a: Arcanine|0 fnt\n|faint|p2a: Arcanine\n|-damage|p1a: Laet|71\/100|[from] item: Life Orb\n|move|p1b: Fun Police|Flare Blitz|p2b: Amoonguss\n|-supereffective|p2b: Amoonguss\n|-damage|p2b: Amoonguss|0 fnt\n|faint|p2b: Amoonguss\n|-damage|p1b: Fun Police|31\/100|[from] Recoil\n|\n|win|SpadesHS\n|n|\u2606SpadesHS|spadeshs\n|n|\u2606It'sJustKen VGC|itsjustkenvgc\n|n| IcicleStorm13|iciclestorm13\n|n| FatalEspresso|fatalespresso\n|l| FatalEspresso\n|l|\u2606It'sJustKen VGC\n|l| IcicleStorm13\n","uploadtime":1700445755,"views":6,"p1id":"spadeshs","p2id":"itsjustkenvgc","formatid":"gen9vgc2023regulatione","rating":0,"private":0,"password":""}