{"id":"gen9vgc2023regulatione-2000351818","p1":"HyruleanTubist","p2":"Soolers2test","format":"[Gen 9] VGC 2023 Regulation E","log":"|j|\u2606HyruleanTubist\n|j|\u2606Soolers2test\n|t:|1701187472\n|gametype|doubles\n|player|p1|HyruleanTubist|265|1251\n|player|p2|Soolers2test|hooligans|1336\n|teamsize|p1|6\n|teamsize|p2|6\n|gen|9\n|tier|[Gen 9] VGC 2023 Regulation E\n|rated|\n|rule|Species Clause: Limit one of each Pok\u00e9mon\n|rule|Item Clause: Limit one of each item\n|clearpoke\n|poke|p1|Landorus-Therian, L50, M|\n|poke|p1|Kommo-o, L50, F|\n|poke|p1|Sinistcha, L50|\n|poke|p1|Regieleki, L50|\n|poke|p1|Kingambit, L50, M|\n|poke|p1|Ninetales-Alola, L50, F|\n|poke|p2|Stonjourner, L50, F|\n|poke|p2|Perrserker, L50, M|\n|poke|p2|Scizor, L50, M|\n|poke|p2|Gholdengo, L50|\n|poke|p2|Sinistcha, L50|\n|poke|p2|Gyarados, L50, F|\n|teampreview|4\n|inactive|Battle timer is ON: inactive players will automatically lose when time's up. (requested by HyruleanTubist)\n|inactive|Soolers2test also wants the timer to be on.\nHyruleanTubist has agreed to open team sheets.\n|inactive|HyruleanTubist has 60 seconds left.\n|\n|t:|1701187521\n|start\n|switch|p1a: Kommo-o|Kommo-o, L50, F|100\/100\n|switch|p1b: Kingambit|Kingambit, L50, M|100\/100\n|switch|p2a: Gholdengo|Gholdengo, L50|100\/100\n|switch|p2b: Stonjourner|Stonjourner, L50, F|100\/100\n|turn|1\n|\n|t:|1701187543\n|-terastallize|p1a: Kommo-o|Steel\n|move|p2b: Stonjourner|Low Kick|p1b: Kingambit\n|-supereffective|p1b: Kingambit\n|-damage|p1b: Kingambit|4\/100\n|move|p1a: Kommo-o|Clangorous Soul|p1a: Kommo-o\n|-boost|p1a: Kommo-o|atk|1\n|-boost|p1a: Kommo-o|def|1\n|-boost|p1a: Kommo-o|spa|1\n|-boost|p1a: Kommo-o|spd|1\n|-boost|p1a: Kommo-o|spe|1\n|-damage|p1a: Kommo-o|68\/100\n|-enditem|p1a: Kommo-o|Throat Spray\n|-boost|p1a: Kommo-o|spa|1|[from] item: Throat Spray\n|move|p2a: Gholdengo|Nasty Plot|p2a: Gholdengo\n|-boost|p2a: Gholdengo|spa|2\n|move|p1b: Kingambit|Kowtow Cleave|p2a: Gholdengo\n|-supereffective|p2a: Gholdengo\n|-damage|p2a: Gholdengo|5\/100\n|\n|upkeep\n|turn|2\n|\n|t:|1701187568\n|switch|p1b: Sinistcha|Sinistcha, L50|100\/100\n|-heal|p1a: Kommo-o|93\/100|[from] ability: Hospitality|[of] p1b: Sinistcha\n|move|p2a: Gholdengo|Protect|p2a: Gholdengo\n|-singleturn|p2a: Gholdengo|Protect\n|move|p1a: Kommo-o|Clanging Scales|p2b: Stonjourner|[spread] p2b\n|-activate|p2a: Gholdengo|move: Protect\n|-enditem|p2b: Stonjourner|Focus Sash\n|-damage|p2b: Stonjourner|1\/100\n|-unboost|p1a: Kommo-o|def|1\n|move|p2b: Stonjourner|Rock Slide|p1a: Kommo-o|[spread] p1a,p1b\n|-resisted|p1a: Kommo-o\n|-damage|p1a: Kommo-o|80\/100\n|-damage|p1b: Sinistcha|76\/100\n|\n|upkeep\n|turn|3\n|inactive|HyruleanTubist has 30 seconds left.\n|\n|t:|1701187593\n|move|p1b: Sinistcha|Protect|p1b: Sinistcha\n|-singleturn|p1b: Sinistcha|Protect\n|move|p2b: Stonjourner|Wide Guard|p2b: Stonjourner\n|-singleturn|p2b: Stonjourner|Wide Guard\n|move|p1a: Kommo-o|Clanging Scales|p2a: Gholdengo|[spread] \n|-activate|p2a: Gholdengo|move: Wide Guard\n|-activate|p2b: Stonjourner|move: Wide Guard\n|move|p2a: Gholdengo|Nasty Plot|p2a: Gholdengo\n|-boost|p2a: Gholdengo|spa|2\n|\n|upkeep\n|turn|4\n|\n|t:|1701187608\n|move|p1a: Kommo-o|Flash Cannon|p2a: Gholdengo\n|-resisted|p2a: Gholdengo\n|-damage|p2a: Gholdengo|0 fnt\n|faint|p2a: Gholdengo\n|move|p2b: Stonjourner|Low Kick|p1a: Kommo-o\n|-supereffective|p1a: Kommo-o\n|-damage|p1a: Kommo-o|30\/100\n|move|p1b: Sinistcha|Matcha Gotcha|p2b: Stonjourner\n|-supereffective|p2b: Stonjourner\n|-damage|p2b: Stonjourner|0 fnt\n|-heal|p1b: Sinistcha|76\/100|[from] drain|[of] p2b: Stonjourner\n|faint|p2b: Stonjourner\n|\n|upkeep\n|\n|t:|1701187611\n|switch|p2b: Sinistcha|Sinistcha, L50|100\/100\n|switch|p2a: Gyarados|Gyarados, L50, F|100\/100\n|-ability|p2a: Gyarados|Intimidate|boost\n|-unboost|p1a: Kommo-o|atk|1\n|-unboost|p1b: Sinistcha|atk|1\n|turn|5\n|\n|t:|1701187625\n|move|p1a: Kommo-o|Clanging Scales|p2a: Gyarados|[spread] p2a,p2b\n|-damage|p2a: Gyarados|51\/100\n|-damage|p2b: Sinistcha|11\/100\n|-enditem|p2b: Sinistcha|Sitrus Berry|[eat]\n|-heal|p2b: Sinistcha|35\/100|[from] item: Sitrus Berry\n|-unboost|p1a: Kommo-o|def|1\n|move|p2a: Gyarados|Crunch|p1b: Sinistcha\n|-supereffective|p1b: Sinistcha\n|-damage|p1b: Sinistcha|31\/100\n|-damage|p2a: Gyarados|35\/100|[from] item: Rocky Helmet|[of] p1b: Sinistcha\n|move|p1b: Sinistcha|Matcha Gotcha|p2b: Sinistcha|[spread] p2a,p2b\n|-resisted|p2b: Sinistcha\n|-damage|p2a: Gyarados|19\/100\n|-heal|p1b: Sinistcha|40\/100|[from] drain|[of] p2a: Gyarados\n|-damage|p2b: Sinistcha|21\/100\n|-heal|p1b: Sinistcha|47\/100|[from] drain|[of] p2b: Sinistcha\n|-status|p2b: Sinistcha|brn\n|move|p2b: Sinistcha|Matcha Gotcha|p1a: Kommo-o|[spread] p1a,p1b\n|-resisted|p1a: Kommo-o\n|-resisted|p1b: Sinistcha\n|-damage|p1a: Kommo-o|22\/100\n|-heal|p2b: Sinistcha|25\/100 brn|[from] drain|[of] p1a: Kommo-o\n|-damage|p1b: Sinistcha|36\/100\n|-heal|p2b: Sinistcha|30\/100 brn|[from] drain|[of] p1b: Sinistcha\n|\n|-damage|p2b: Sinistcha|24\/100 brn|[from] brn\n|upkeep\n|turn|6\n|inactive|HyruleanTubist has 30 seconds left.\n|\n|t:|1701187653\n|move|p1a: Kommo-o|Clanging Scales|p2a: Gyarados|[spread] p2a,p2b\n|-damage|p2a: Gyarados|0 fnt\n|-damage|p2b: Sinistcha|0 fnt\n|faint|p2a: Gyarados\n|faint|p2b: Sinistcha\n|\n|win|HyruleanTubist\n|raw|HyruleanTubist's rating: 1251 &rarr; <strong>1282<\/strong><br \/>(+31 for winning)\n|raw|Soolers2test's rating: 1336 &rarr; <strong>1311<\/strong><br \/>(-25 for losing)\n|l|\u2606Soolers2test\n","uploadtime":1701187663,"views":14,"p1id":"hyruleantubist","p2id":"soolers2test","formatid":"gen9vgc2023regulatione","rating":1282,"private":0,"password":""}