{"id":"gen9vgc2023regulatione-1990044864","p1":"CAT GO BRRRRRRR","p2":"Iamnewmetalol","format":"[Gen 9] VGC 2023 Regulation E","log":"|j|\u2606CAT GO BRRRRRRR\n|j|\u2606Iamnewmetalol\n|t:|1699918609\n|gametype|doubles\n|player|p1|CAT GO BRRRRRRR|clown|1096\n|player|p2|Iamnewmetalol|fisherman|1000\n|teamsize|p1|6\n|teamsize|p2|5\n|gen|9\n|tier|[Gen 9] VGC 2023 Regulation E\n|rated|\n|rule|Species Clause: Limit one of each Pok\u00e9mon\n|rule|Item Clause: Limit one of each item\n|clearpoke\n|poke|p1|Golem-Alola, L50, F|\n|poke|p1|Sinistcha, L50|\n|poke|p1|Dondozo, L50, M|\n|poke|p1|Iron Hands, L50|\n|poke|p1|Maushold, L50|\n|poke|p1|Rabsca, L50, M|\n|poke|p2|Greedent, L50, M|\n|poke|p2|Grafaiai, L50, F|\n|poke|p2|Arboliva, L50, M|\n|poke|p2|Ninetales, L50, F|\n|poke|p2|Muk-Alola, L50, F|\n|teampreview|4\n|\n|t:|1699918629\n|start\n|switch|p1a: Sinistcha|Sinistcha, L50|100\/100\n|switch|p1b: Golem|Golem-Alola, L50, F, shiny|100\/100\n|switch|p2a: Ninetales|Ninetales, L50, F|100\/100\n|switch|p2b: Grafaiai|Grafaiai, L50, F|100\/100\n|-weather|SunnyDay|[from] ability: Drought|[of] p2a: Ninetales\n|turn|1\n|\n|t:|1699918676\n|move|p1b: Golem|Wide Guard|p1b: Golem\n|-singleturn|p1b: Golem|Wide Guard\n|move|p2b: Grafaiai|Switcheroo|p1a: Sinistcha\n|-activate|p2b: Grafaiai|move: Trick|[of] p1a: Sinistcha\n|-item|p1a: Sinistcha|Ring Target|[from] move: Switcheroo\n|-item|p2b: Grafaiai|Mental Herb|[from] move: Switcheroo\n|move|p2a: Ninetales|Memento|p1b: Golem\n|-unboost|p1b: Golem|atk|2\n|-unboost|p1b: Golem|spa|2\n|faint|p2a: Ninetales\n|move|p1a: Sinistcha|Trick Room|p1a: Sinistcha\n|-fieldstart|move: Trick Room|[of] p1a: Sinistcha\n|\n|-weather|SunnyDay|[upkeep]\n|upkeep\n|\n|t:|1699918691\n|switch|p2a: bh_pk\u30c3|Greedent, L50, M|100\/100\n|turn|2\n|\n|t:|1699918740\n|switch|p1b: Iron Hands|Iron Hands, L50, shiny|100\/100\n|move|p2b: Grafaiai|Parting Shot|p1a: Sinistcha\n|-unboost|p1a: Sinistcha|atk|1\n|-unboost|p1a: Sinistcha|spa|1\n|\n|t:|1699918748\n|switch|p2b: Arboliva|Arboliva, L50, M|100\/100|[from] Parting Shot\n|move|p2a: bh_pk\u30c3|Amnesia|p2a: bh_pk\u30c3\n|-boost|p2a: bh_pk\u30c3|spd|2\n|move|p1a: Sinistcha|Nasty Plot|p1a: Sinistcha\n|-boost|p1a: Sinistcha|spa|2\n|\n|-weather|SunnyDay|[upkeep]\n|upkeep\n|turn|3\n|\n|t:|1699918783\n|-terastallize|p2a: bh_pk\u30c3|Fighting\n|move|p1b: Iron Hands|Fake Out|p2a: bh_pk\u30c3\n|-damage|p2a: bh_pk\u30c3|93\/100\n|cant|p2a: bh_pk\u30c3|flinch\n|move|p2b: Arboliva|Pollen Puff|p2a: bh_pk\u30c3\n|-heal|p2a: bh_pk\u30c3|100\/100\n|move|p1a: Sinistcha|Nasty Plot|p1a: Sinistcha\n|-boost|p1a: Sinistcha|spa|2\n|\n|-weather|SunnyDay|[upkeep]\n|upkeep\n|turn|4\n|\n|t:|1699918819\n|move|p2a: bh_pk\u30c3|Amnesia|p2a: bh_pk\u30c3\n|-boost|p2a: bh_pk\u30c3|spd|2\n|move|p2b: Arboliva|Weather Ball|p1a: Sinistcha\n|-supereffective|p1a: Sinistcha\n|-damage|p1a: Sinistcha|20\/100\n|move|p1b: Iron Hands|Electric Terrain|p1b: Iron Hands\n|-fieldstart|move: Electric Terrain\n|-activate|p1b: Iron Hands|ability: Quark Drive\n|-start|p1b: Iron Hands|quarkdriveatk\n|move|p1a: Sinistcha|Nasty Plot|p1a: Sinistcha\n|-boost|p1a: Sinistcha|spa|2\n|\n|-weather|SunnyDay|[upkeep]\n|upkeep\n|turn|5\n|\n|t:|1699918846\n|move|p2a: bh_pk\u30c3|Stockpile|p2a: bh_pk\u30c3\n|-start|p2a: bh_pk\u30c3|stockpile1\n|-boost|p2a: bh_pk\u30c3|def|1\n|-boost|p2a: bh_pk\u30c3|spd|1\n|move|p2b: Arboliva|Weather Ball|p1a: Sinistcha\n|-supereffective|p1a: Sinistcha\n|-damage|p1a: Sinistcha|0 fnt\n|faint|p1a: Sinistcha\n|move|p1b: Iron Hands|Drain Punch|p2b: Arboliva\n|-supereffective|p2b: Arboliva\n|-damage|p2b: Arboliva|0 fnt\n|faint|p2b: Arboliva\n|\n|-weather|SunnyDay|[upkeep]\n|-fieldend|move: Trick Room\n|upkeep\n|\n|t:|1699918863\n|switch|p1a: Golem|Golem-Alola, L50, F, shiny|100\/100\n|switch|p2b: Grafaiai|Grafaiai, L50, F|100\/100\n|turn|6\n|\n|t:|1699918904\n|-end|p1b: Iron Hands|Quark Drive|[silent]\n|switch|p1b: Maushold|Maushold, L50|100\/100\n|move|p1a: Golem|Protect|p1a: Golem\n|-singleturn|p1a: Golem|Protect\n|move|p2b: Grafaiai|Super Fang|p1b: Maushold\n|-damage|p1b: Maushold|51\/100\n|move|p2a: bh_pk\u30c3|Stockpile|p2a: bh_pk\u30c3\n|-start|p2a: bh_pk\u30c3|stockpile2\n|-boost|p2a: bh_pk\u30c3|def|1\n|-boost|p2a: bh_pk\u30c3|spd|1\n|\n|-weather|SunnyDay|[upkeep]\n|upkeep\n|turn|7\n|\n|t:|1699918934\n|-terastallize|p1a: Golem|Electric\n|move|p1b: Maushold|Protect|p1b: Maushold\n|-singleturn|p1b: Maushold|Protect\n|move|p2b: Grafaiai|Encore|p1a: Golem\n|-start|p1a: Golem|Encore\n|move|p1a: Golem|Protect||[still]\n|-fail|p1a: Golem\n|move|p2a: bh_pk\u30c3|Body Press|p1b: Maushold\n|-activate|p1b: Maushold|move: Protect\n|\n|-weather|SunnyDay|[upkeep]\n|upkeep\n|turn|8\n|\n|t:|1699918979\n|move|p1a: Golem|Protect|p1a: Golem\n|-singleturn|p1a: Golem|Protect\n|move|p1b: Maushold|Taunt|p2b: Grafaiai\n|-start|p2b: Grafaiai|move: Taunt\n|-enditem|p2b: Grafaiai|Mental Herb\n|-end|p2b: Grafaiai|move: Taunt\n|move|p2b: Grafaiai|Super Fang|p1a: Golem\n|-activate|p1a: Golem|move: Protect\n|move|p2a: bh_pk\u30c3|Body Press|p1b: Maushold\n|-supereffective|p1b: Maushold\n|-damage|p1b: Maushold|0 fnt\n|faint|p1b: Maushold\n|\n|-weather|none\n|-fieldend|move: Electric Terrain\n|upkeep\n|\n|t:|1699918992\n|switch|p1b: Iron Hands|Iron Hands, L50, shiny|100\/100\n|turn|9\n|\n|t:|1699919028\n|move|p1a: Golem|Protect||[still]\n|-fail|p1a: Golem\n|move|p2b: Grafaiai|Super Fang|p1b: Iron Hands\n|-damage|p1b: Iron Hands|51\/100\n|move|p1b: Iron Hands|Drain Punch|p2b: Grafaiai\n|-damage|p2b: Grafaiai|44\/100\n|-heal|p1b: Iron Hands|70\/100|[from] drain|[of] p2b: Grafaiai\n|move|p2a: bh_pk\u30c3|Body Press|p1b: Iron Hands\n|-damage|p1b: Iron Hands|25\/100\n|-enditem|p1b: Iron Hands|Sitrus Berry|[eat]\n|-heal|p1b: Iron Hands|49\/100|[from] item: Sitrus Berry\n|\n|-end|p1a: Golem|Encore\n|upkeep\n|turn|10\n|j| EndlessEra\n|c| EndlessEra|shiny golem\n|\n|t:|1699919064\n|move|p1a: Golem|Protect|p1a: Golem\n|-singleturn|p1a: Golem|Protect\n|move|p2b: Grafaiai|Encore|p1a: Golem\n|-activate|p1a: Golem|move: Protect\n|move|p1b: Iron Hands|Drain Punch|p2b: Grafaiai\n|-damage|p2b: Grafaiai|0 fnt\n|-heal|p1b: Iron Hands|65\/100|[from] drain|[of] p2b: Grafaiai\n|faint|p2b: Grafaiai\n|move|p2a: bh_pk\u30c3|Body Press|p1b: Iron Hands\n|-damage|p1b: Iron Hands|14\/100\n|\n|upkeep\n|turn|11\n|\n|t:|1699919091\n|move|p1b: Iron Hands|Electric Terrain|p1b: Iron Hands\n|-fieldstart|move: Electric Terrain\n|-activate|p1b: Iron Hands|ability: Quark Drive\n|-start|p1b: Iron Hands|quarkdriveatk\n|move|p1a: Golem|Explosion|p2a: bh_pk\u30c3|[spread] p1b,p2a\n|-resisted|p1b: Iron Hands\n|-damage|p1b: Iron Hands|0 fnt\n|-damage|p2a: bh_pk\u30c3|22\/100\n|-enditem|p2a: bh_pk\u30c3|Iapapa Berry|[eat]\n|-heal|p2a: bh_pk\u30c3|55\/100|[from] item: Iapapa Berry\n|-heal|p2a: bh_pk\u30c3|88\/100|[from] ability: Cheek Pouch\n|faint|p1a: Golem\n|faint|p1b: Iron Hands\n|-end|p1b: Iron Hands|Quark Drive|[silent]\n|\n|win|Iamnewmetalol\n|raw|CAT GO BRRRRRRR's rating: 1096 &rarr; <strong>1065<\/strong><br \/>(-31 for losing)\n|raw|Iamnewmetalol's rating: 1000 &rarr; <strong>1051<\/strong><br \/>(+51 for winning)\n|c| EndlessEra|YOOOOOOO\n|c|\u2606Iamnewmetalol|LOL\n|l|\u2606CAT GO BRRRRRRR\n|l| EndlessEra\n","uploadtime":1699919135,"views":35,"p1id":"catgobrrrrrrr","p2id":"iamnewmetalol","formatid":"gen9vgc2023regulatione","rating":1051,"private":0,"password":""}