{"id":"gen9vgc2023regulatione-1990198561","p1":"N + Ultra","p2":"Builts","format":"[Gen 9] VGC 2023 Regulation E","log":"|j|\u2606N + Ultra\n|j|\u203dBuilts\n|t:|1699936155\n|gametype|doubles\n|player|p1|N + Ultra|2|1207\n|player|p2|Builts|266|1267\n|teamsize|p1|6\n|teamsize|p2|6\n|gen|9\n|tier|[Gen 9] VGC 2023 Regulation E\n|rated|\n|rule|Species Clause: Limit one of each Pok\u00e9mon\n|rule|Item Clause: Limit one of each item\n|clearpoke\n|poke|p1|Flutter Mane, L50|\n|poke|p1|Rillaboom, L50, F|\n|poke|p1|Urshifu-*, L50, F|\n|poke|p1|Chien-Pao, L50|\n|poke|p1|Arcanine-Hisui, L50, F|\n|poke|p1|Tornadus, L50, M|\n|poke|p2|Indeedee-F, L50, F|\n|poke|p2|Armarouge, L50, M|\n|poke|p2|Sylveon, L50, F|\n|poke|p2|Ursaluna, L50, M|\n|poke|p2|Urshifu-*, L50, M|\n|poke|p2|Torkoal, L50, M|\n|teampreview|4\n|inactive|Battle timer is ON: inactive players will automatically lose when time's up. (requested by Builts)\n|inactive|N + Ultra has 60 seconds left.\n|\n|t:|1699936203\n|start\n|switch|p1a: Flutter Mane|Flutter Mane, L50|100\/100\n|switch|p1b: Arcanine|Arcanine-Hisui, L50, F|100\/100\n|switch|p2a: Indeedee|Indeedee-F, L50, F|100\/100\n|switch|p2b: Armarouge|Armarouge, L50, M|100\/100\n|-ability|p1b: Arcanine|Intimidate|boost\n|-unboost|p2a: Indeedee|atk|1\n|-unboost|p2b: Armarouge|atk|1\n|-fieldstart|move: Psychic Terrain|[from] ability: Psychic Surge|[of] p2a: Indeedee\n|-enditem|p2a: Indeedee|Psychic Seed\n|-boost|p2a: Indeedee|spd|1|[from] item: Psychic Seed\n|-enditem|p1a: Flutter Mane|Booster Energy\n|-activate|p1a: Flutter Mane|ability: Protosynthesis|[fromitem]\n|-start|p1a: Flutter Mane|protosynthesisspa\n|turn|1\n|inactive|N + Ultra has 30 seconds left.\n|inactive|Builts has 30 seconds left.\n|inactive|Builts has 20 seconds left.\n|inactive|Builts has 15 seconds left.\n|inactive|Builts has 10 seconds left.\n|\n|t:|1699936249\n|switch|p1b: Rillaboom|Rillaboom, L50, F|100\/100\n|-fieldstart|move: Grassy Terrain|[from] ability: Grassy Surge|[of] p1b: Rillaboom\n|-terastallize|p2b: Armarouge|Grass\n|move|p2a: Indeedee|Follow Me|p2a: Indeedee\n|-singleturn|p2a: Indeedee|move: Follow Me\n|move|p1a: Flutter Mane|Moonblast|p2a: Indeedee\n|-damage|p2a: Indeedee|49\/100\n|move|p2b: Armarouge|Trick Room|p2b: Armarouge\n|-fieldstart|move: Trick Room|[of] p2b: Armarouge\n|\n|-heal|p2a: Indeedee|55\/100|[from] Grassy Terrain\n|upkeep\n|turn|2\n|j| LegacyShowden\n|\n|t:|1699936273\n|move|p2a: Indeedee|Helping Hand|p2b: Armarouge\n|-singleturn|p2b: Armarouge|Helping Hand|[of] p2a: Indeedee\n|move|p1b: Rillaboom|Fake Out|p2b: Armarouge\n|-damage|p2b: Armarouge|86\/100\n|cant|p2b: Armarouge|flinch\n|move|p1a: Flutter Mane|Moonblast|p2a: Indeedee\n|-damage|p2a: Indeedee|4\/100\n|\n|-heal|p2b: Armarouge|93\/100|[from] Grassy Terrain\n|-heal|p2a: Indeedee|10\/100|[from] Grassy Terrain\n|upkeep\n|turn|3\n|\n|t:|1699936287\n|move|p2a: Indeedee|Helping Hand|p2b: Armarouge\n|-singleturn|p2b: Armarouge|Helping Hand|[of] p2a: Indeedee\n|move|p1b: Rillaboom|Grassy Glide|p2b: Armarouge\n|-resisted|p2b: Armarouge\n|-damage|p2b: Armarouge|75\/100\n|move|p2b: Armarouge|Heat Wave|p1b: Rillaboom|[spread] p1a,p1b\n|-supereffective|p1b: Rillaboom\n|-damage|p1a: Flutter Mane|32\/100\n|-damage|p1b: Rillaboom|5\/100\n|move|p1a: Flutter Mane|Dazzling Gleam|p2a: Indeedee|[spread] p2a,p2b\n|-damage|p2a: Indeedee|0 fnt\n|-damage|p2b: Armarouge|28\/100\n|faint|p2a: Indeedee\n|\n|-heal|p2b: Armarouge|34\/100|[from] Grassy Terrain\n|-heal|p1b: Rillaboom|11\/100|[from] Grassy Terrain\n|-heal|p1a: Flutter Mane|38\/100|[from] Grassy Terrain\n|upkeep\n|\n|t:|1699936302\n|switch|p2a: Sylveon|Sylveon, L50, F|100\/100\n|turn|4\n|inactive|N + Ultra has 30 seconds left.\n|inactive|N + Ultra has 20 seconds left.\n|\n|t:|1699936338\n|switch|p2b: Ursaluna|Ursaluna, L50, M|100\/100\n|move|p1b: Rillaboom|Grassy Glide|p2a: Sylveon\n|-damage|p2a: Sylveon|48\/100\n|move|p2a: Sylveon|Hyper Voice|p1a: Flutter Mane|[spread] p1a,p1b\n|-damage|p1a: Flutter Mane|0 fnt\n|-damage|p1b: Rillaboom|0 fnt\n|faint|p1a: Flutter Mane\n|-end|p1a: Flutter Mane|Protosynthesis|[silent]\n|faint|p1b: Rillaboom\n|-enditem|p2a: Sylveon|Throat Spray\n|-boost|p2a: Sylveon|spa|1|[from] item: Throat Spray\n|\n|-heal|p2a: Sylveon|54\/100|[from] Grassy Terrain\n|-status|p2b: Ursaluna|brn|[from] item: Flame Orb\n|upkeep\n|\n|t:|1699936348\n|switch|p1b: Chien-Pao|Chien-Pao, L50|100\/100\n|switch|p1a: Arcanine|Arcanine-Hisui, L50, F|100\/100\n|-ability|p1a: Arcanine|Intimidate|boost\n|-unboost|p2a: Sylveon|atk|1\n|-unboost|p2b: Ursaluna|atk|1\n|-ability|p1b: Chien-Pao|Sword of Ruin\n|turn|5\n|\n|t:|1699936372\n|-terastallize|p1a: Arcanine|Normal\n|move|p1a: Arcanine|Extreme Speed|p2b: Ursaluna\n|-damage|p2b: Ursaluna|44\/100 brn\n|move|p1b: Chien-Pao|Sucker Punch|p2a: Sylveon\n|-resisted|p2a: Sylveon\n|-damage|p2a: Sylveon|26\/100\n|move|p2b: Ursaluna|Headlong Rush|p1a: Arcanine\n|-damage|p1a: Arcanine|0 fnt\n|-unboost|p2b: Ursaluna|def|1\n|-unboost|p2b: Ursaluna|spd|1\n|faint|p1a: Arcanine\n|move|p2a: Sylveon|Hyper Voice|p1b: Chien-Pao\n|-supereffective|p1b: Chien-Pao\n|-enditem|p1b: Chien-Pao|Focus Sash\n|-damage|p1b: Chien-Pao|1\/100\n|\n|-heal|p2b: Ursaluna|49\/100 brn|[from] Grassy Terrain\n|-heal|p2a: Sylveon|32\/100|[from] Grassy Terrain\n|-heal|p1b: Chien-Pao|7\/100|[from] Grassy Terrain\n|-damage|p2b: Ursaluna|44\/100 brn|[from] brn\n|-fieldend|move: Trick Room\n|-fieldend|move: Grassy Terrain\n|upkeep\n|turn|6\n|\n|t:|1699936396\n|move|p1b: Chien-Pao|Sucker Punch|p2b: Ursaluna\n|-damage|p2b: Ursaluna|0 fnt\n|faint|p2b: Ursaluna\n|move|p2a: Sylveon|Hyper Voice|p1b: Chien-Pao\n|-supereffective|p1b: Chien-Pao\n|-damage|p1b: Chien-Pao|0 fnt\n|faint|p1b: Chien-Pao\n|\n|win|Builts\n|raw|N + Ultra's rating: 1207 &rarr; <strong>1186<\/strong><br \/>(-21 for losing)\n|raw|Builts's rating: 1267 &rarr; <strong>1288<\/strong><br \/>(+21 for winning)\n","uploadtime":1699936405,"views":15,"p1id":"nultra","p2id":"builts","formatid":"gen9vgc2023regulatione","rating":1186,"private":0,"password":""}