{"id":"gen9vgc2023regulatione-1997810908","p1":"LMac102103","p2":"SayYesToTheMess","format":"[Gen 9] VGC 2023 Regulation E","log":"|j|\u2606LMac102103\n|j|\u2606SayYesToTheMess\n|t:|1700855206\n|gametype|doubles\n|player|p1|LMac102103|2|1138\n|player|p2|SayYesToTheMess|266|1186\n|teamsize|p1|6\n|teamsize|p2|6\n|gen|9\n|tier|[Gen 9] VGC 2023 Regulation E\n|rated|\n|rule|Species Clause: Limit one of each Pok\u00e9mon\n|rule|Item Clause: Limit one of each item\n|clearpoke\n|poke|p1|Flutter Mane, L50|\n|poke|p1|Iron Hands, L50|\n|poke|p1|Tornadus, L50, M|\n|poke|p1|Arcanine-Hisui, L50, F|\n|poke|p1|Ogerpon-Wellspring, L50, F|\n|poke|p1|Kingambit, L50, M|\n|poke|p2|Iron Hands, L50|\n|poke|p2|Baxcalibur, L50, F|\n|poke|p2|Sylveon, L50, F|\n|poke|p2|Rillaboom, L50, M|\n|poke|p2|Tornadus, L50, M|\n|poke|p2|Arcanine-Hisui, L50, F|\n|teampreview|4\nLMac102103 has agreed to open team sheets.\n|inactive|Battle timer is ON: inactive players will automatically lose when time's up. (requested by LMac102103)\n|inactive|SayYesToTheMess has 60 seconds left.\n|\n|t:|1700855279\n|start\n|switch|p1a: Arcanine|Arcanine-Hisui, L50, F|100\/100\n|switch|p1b: Kingambit|Kingambit, L50, M, shiny|100\/100\n|switch|p2a: Tornadus|Tornadus, L50, M|100\/100\n|switch|p2b: Iron Hands|Iron Hands, L50|100\/100\n|-ability|p1a: Arcanine|Intimidate|boost\n|-unboost|p2a: Tornadus|atk|1\n|-unboost|p2b: Iron Hands|atk|1\n|turn|1\n|inactive|LMac102103 has 30 seconds left.\n|inactive|SayYesToTheMess has 30 seconds left.\n|inactive|SayYesToTheMess has 20 seconds left.\n|inactive|SayYesToTheMess has 15 seconds left.\n|\n|t:|1700855322\n|switch|p2a: Rillaboom|Rillaboom, L50, M|100\/100\n|-fieldstart|move: Grassy Terrain|[from] ability: Grassy Surge|[of] p2a: Rillaboom\n|-enditem|p2a: Rillaboom|Grassy Seed\n|-boost|p2a: Rillaboom|def|1|[from] item: Grassy Seed\n|move|p1a: Arcanine|Rock Slide|p2a: Rillaboom|[spread] p2a,p2b\n|-resisted|p2b: Iron Hands\n|-crit|p2b: Iron Hands\n|-damage|p2a: Rillaboom|75\/100\n|-damage|p2b: Iron Hands|81\/100\n|move|p1b: Kingambit|Swords Dance|p1b: Kingambit\n|-boost|p1b: Kingambit|atk|2\n|cant|p2b: Iron Hands|flinch\n|\n|-heal|p2a: Rillaboom|81\/100|[from] Grassy Terrain\n|-heal|p2b: Iron Hands|87\/100|[from] Grassy Terrain\n|upkeep\n|turn|2\n|\n|t:|1700855347\n|move|p2a: Rillaboom|Fake Out|p1b: Kingambit\n|-resisted|p1b: Kingambit\n|-damage|p1b: Kingambit|95\/100\n|cant|p1b: Kingambit|flinch\n|move|p1a: Arcanine|Rock Slide|p2b: Iron Hands|[spread] p2a,p2b\n|-resisted|p2b: Iron Hands\n|-damage|p2a: Rillaboom|56\/100\n|-damage|p2b: Iron Hands|74\/100\n|move|p2b: Iron Hands|Drain Punch|p1b: Kingambit\n|-supereffective|p1b: Kingambit\n|-damage|p1b: Kingambit|0 fnt\n|-heal|p2b: Iron Hands|100\/100|[from] drain|[of] p1b: Kingambit\n|faint|p1b: Kingambit\n|\n|-heal|p2a: Rillaboom|62\/100|[from] Grassy Terrain\n|upkeep\n|\n|t:|1700855364\n|switch|p1b: Flutter Mane|Flutter Mane, L50|100\/100\n|-enditem|p1b: Flutter Mane|Booster Energy\n|-activate|p1b: Flutter Mane|ability: Protosynthesis|[fromitem]\n|-start|p1b: Flutter Mane|protosynthesisspa\n|turn|3\n|inactive|SayYesToTheMess has 30 seconds left.\n|\n|t:|1700855391\n|-end|p2b: Iron Hands|Quark Drive|[silent]\n|switch|p2b: Tornadus|Tornadus, L50, M|100\/100\n|move|p2a: Rillaboom|Grassy Glide|p1b: Flutter Mane\n|-damage|p1b: Flutter Mane|33\/100\n|move|p1b: Flutter Mane|Dazzling Gleam|p2b: Tornadus|[spread] p2a,p2b\n|-damage|p2a: Rillaboom|16\/100\n|-damage|p2b: Tornadus|53\/100\n|move|p1a: Arcanine|Rock Slide|p2a: Rillaboom|[spread] p2a,p2b\n|-supereffective|p2b: Tornadus\n|-damage|p2a: Rillaboom|0 fnt\n|-damage|p2b: Tornadus|0 fnt\n|faint|p2a: Rillaboom\n|faint|p2b: Tornadus\n|\n|-heal|p1b: Flutter Mane|39\/100|[from] Grassy Terrain\n|upkeep\n|\n|t:|1700855406\n|switch|p2b: Iron Hands|Iron Hands, L50|100\/100\n|switch|p2a: Baxcalibur|Baxcalibur, L50, F|100\/100\n|turn|4\n|\n|t:|1700855432\n|-terastallize|p2a: Baxcalibur|Ghost\n|move|p1b: Flutter Mane|Dazzling Gleam|p2a: Baxcalibur|[spread] p2a,p2b\n|-supereffective|p2b: Iron Hands\n|-damage|p2a: Baxcalibur|64\/100\n|-damage|p2b: Iron Hands|52\/100\n|move|p1a: Arcanine|Rock Slide|p2b: Iron Hands|[spread] p2a,p2b\n|-resisted|p2b: Iron Hands\n|-damage|p2a: Baxcalibur|23\/100\n|-damage|p2b: Iron Hands|39\/100\n|cant|p2a: Baxcalibur|flinch\n|move|p2b: Iron Hands|Wild Charge|p1b: Flutter Mane\n|-damage|p1b: Flutter Mane|0 fnt\n|faint|p1b: Flutter Mane\n|-end|p1b: Flutter Mane|Protosynthesis|[silent]\n|-damage|p2b: Iron Hands|34\/100|[from] Recoil\n|\n|-heal|p2a: Baxcalibur|29\/100|[from] Grassy Terrain\n|-heal|p2b: Iron Hands|40\/100|[from] Grassy Terrain\n|upkeep\n|\n|t:|1700855448\n|switch|p1b: Ogerpon|Ogerpon-Wellspring, L50, F|100\/100\n|turn|5\n|\n|t:|1700855458\n|-terastallize|p1b: Ogerpon|Water\n|detailschange|p1b: Ogerpon|Ogerpon-Wellspring-Tera, L50, F, tera:Water\n|-ability|p1b: Ogerpon|Embody Aspect (Wellspring)|boost\n|-boost|p1b: Ogerpon|spd|1\n|move|p2a: Baxcalibur|Protect|p2a: Baxcalibur\n|-singleturn|p2a: Baxcalibur|Protect\n|move|p1b: Ogerpon|Spiky Shield|p1b: Ogerpon\n|-singleturn|p1b: Ogerpon|move: Protect\n|move|p1a: Arcanine|Rock Slide|p2b: Iron Hands|[spread] p2b\n|-activate|p2a: Baxcalibur|move: Protect\n|-resisted|p2b: Iron Hands\n|-damage|p2b: Iron Hands|26\/100\n|cant|p2b: Iron Hands|flinch\n|\n|-heal|p2a: Baxcalibur|35\/100|[from] Grassy Terrain\n|-heal|p2b: Iron Hands|32\/100|[from] Grassy Terrain\n|-fieldend|move: Grassy Terrain\n|upkeep\n|turn|6\n|c|\u2606SayYesToTheMess|bruh\n|inactive|SayYesToTheMess has 30 seconds left.\n|inactive|SayYesToTheMess has 20 seconds left.\n|inactive|SayYesToTheMess has 15 seconds left.\n|\n|t:|1700855499\n|move|p2a: Baxcalibur|High Horsepower|p1a: Arcanine\n|-supereffective|p1a: Arcanine\n|-damage|p1a: Arcanine|0 fnt\n|faint|p1a: Arcanine\n|move|p1b: Ogerpon|Ivy Cudgel|p2a: Baxcalibur|[anim] Ivy Cudgel Water\n|-crit|p2a: Baxcalibur\n|-damage|p2a: Baxcalibur|0 fnt\n|faint|p2a: Baxcalibur\n|move|p2b: Iron Hands|Wild Charge|p1b: Ogerpon\n|-supereffective|p1b: Ogerpon\n|-damage|p1b: Ogerpon|0 fnt\n|faint|p1b: Ogerpon\n|-damage|p2b: Iron Hands|14\/100|[from] Recoil\n|\n|win|SayYesToTheMess\n|raw|LMac102103's rating: 1138 &rarr; <strong>1116<\/strong><br \/>(-22 for losing)\n|raw|SayYesToTheMess's rating: 1186 &rarr; <strong>1208<\/strong><br \/>(+22 for winning)\n|c|\u2606SayYesToTheMess|gg\n|c|\u2606LMac102103|gg\n","uploadtime":1700855526,"views":6,"p1id":"lmac102103","p2id":"sayyestothemess","formatid":"gen9vgc2023regulatione","rating":1116,"private":0,"password":""}