{"id":"gen9vgc2023regulatione-1992443419","p1":"malvric","p2":"Snowfly96","format":"[Gen 9] VGC 2023 Regulation E","log":"|j|\u2606malvric\n|j|\u2606Snowfly96\n|n|\u2606malvric|malvric\n|n|\u2606Snowfly96|snowfly96\n|html|View the match progress at <a href=\"\/game-bestof3-gen9vgc2023regulatione-1992443418\">game-bestof3-gen9vgc2023regulatione-1992443418<\/a>\n|t:|1700188229\n|gametype|doubles\n|player|p1|malvric|2|\n|player|p2|Snowfly96|skier|\n|teamsize|p1|6\n|teamsize|p2|6\n|gen|9\n|tier|[Gen 9] VGC 2023 Regulation E\n|rule|Species Clause: Limit one of each Pok\u00e9mon\n|rule|Item Clause: Limit one of each item\n|clearpoke\n|poke|p1|Jolteon, L50, M|\n|poke|p1|Clefable, L50, F|\n|poke|p1|Tornadus, L50, M|\n|poke|p1|Palafin, L50, F|\n|poke|p1|Blissey, L50, F|\n|poke|p1|Salazzle, L50, F|\n|poke|p2|Ninetales-Alola, L50, F|\n|poke|p2|Glaceon, L50, M|\n|poke|p2|Salamence, L50, M|\n|poke|p2|Noctowl, L50, M|\n|poke|p2|Ditto, L50|\n|poke|p2|Tinkaton, L50, F|\n|teampreview|4\nmalvric has agreed to open team sheets.\nSnowfly96 has agreed to open team sheets.\n|showteam|p1|Jolteon||AirBalloon|VoltAbsorb|Thunder,Protect,VoltSwitch,FakeTears|||M|||50|,,,,,Electric]Clefable||Leftovers|MagicGuard|FollowMe,CalmMind,BatonPass,Flamethrower|||F|||50|,,,,,Normal]Tornadus||SitrusBerry|Prankster|BleakwindStorm,SunnyDay,RainDance,Uturn|||M|||50|,,,,,Flying]Palafin||LifeOrb|ZerotoHero|JetPunch,DrainPunch,WaveCrash,IceBeam|||F|||50|,,,,,Fighting]Blissey||AssaultVest|SereneGrace|Thunder,Blizzard,FocusBlast,Flamethrower|||F|||50|,,,,,Normal]Salazzle||WiseGlasses|Corrosion|FakeOut,HeatWave,TeraBlast,Toxic|||F|||50|,,,,,Steel\n|showteam|p2|Ninetales-Alola||LightClay|SnowWarning|AuroraVeil,IcyWind,FakeTears,HelpingHand|||F|||50|,,,,,Ice]Glaceon||NeverMeltIce|IceBody|Protect,Blizzard,FreezeDry,ShadowBall|||M|||50|,,,,,Ice]Salamence||LifeOrb|Intimidate|Tailwind,RockSlide,IronHead,Protect|||M|||50|,,,,,Rock]Noctowl||Leftovers|TintedLens|Substitute,CalmMind,TeraBlast,Roost|||M|||50|,,,,,Grass]Ditto||ChoiceScarf|Imposter|Transform||||||50|,,,,,Water]Tinkaton||SitrusBerry|Pickpocket|FakeOut,BabyDollEyes,KnockOff,GigatonHammer|||F|||50|,,,,,Steel\n|j| Xanej\n|j| justincaseuforgot\n|j| loneleon\n|\n|t:|1700188295\n|start\n|switch|p1a: Tornade dat ass|Tornadus, L50, M, shiny|100\/100\n|switch|p1b: Bolt|Jolteon, L50, M|100\/100\n|switch|p2a: Maverick|Salamence, L50, M|100\/100\n|switch|p2b: Bath|Noctowl, L50, M, shiny|100\/100\n|-item|p1b: Bolt|Air Balloon\n|-ability|p2a: Maverick|Intimidate|boost\n|-unboost|p1a: Tornade dat ass|atk|1\n|-unboost|p1b: Bolt|atk|1\n|turn|1\n|\n|t:|1700188332\n|move|p1a: Tornade dat ass|Rain Dance|p1a: Tornade dat ass\n|-weather|RainDance\n|move|p1b: Bolt|Thunder|p2a: Maverick\n|-damage|p2a: Maverick|48\/100\n|-status|p2a: Maverick|par\n|move|p2b: Bath|Substitute|p2b: Bath\n|-start|p2b: Bath|Substitute\n|-damage|p2b: Bath|75\/100\n|cant|p2a: Maverick|par\n|\n|-weather|RainDance|[upkeep]\n|-heal|p2b: Bath|82\/100|[from] item: Leftovers\n|upkeep\n|turn|2\n|\n|t:|1700188350\n|move|p1b: Bolt|Volt Switch|p2b: Bath\n|-supereffective|p2b: Bath\n|-end|p2b: Bath|Substitute\n|\n|t:|1700188356\n|switch|p1b: Blissey|Blissey, L50, F|100\/100|[from] Volt Switch\n|move|p1a: Tornade dat ass|Bleakwind Storm|p2b: Bath|[spread] p2a,p2b\n|-damage|p2a: Maverick|0 fnt\n|-damage|p2b: Bath|43\/100\n|faint|p2a: Maverick\n|move|p2b: Bath|Calm Mind|p2b: Bath\n|-boost|p2b: Bath|spa|1\n|-boost|p2b: Bath|spd|1\n|\n|-weather|RainDance|[upkeep]\n|-heal|p2b: Bath|49\/100|[from] item: Leftovers\n|upkeep\n|\n|t:|1700188372\n|switch|p2a: Winter|Ninetales-Alola, L50, F|100\/100\n|-weather|Snow|[from] ability: Snow Warning|[of] p2a: Winter\n|turn|3\n|\n|t:|1700188383\n|move|p1a: Tornade dat ass|Sunny Day|p1a: Tornade dat ass\n|-weather|SunnyDay\n|move|p2a: Winter|Aurora Veil||[still]\n|-fail|p2a: Winter\n|move|p2b: Bath|Tera Blast|p1a: Tornade dat ass\n|-damage|p1a: Tornade dat ass|36\/100\n|-enditem|p1a: Tornade dat ass|Sitrus Berry|[eat]\n|-heal|p1a: Tornade dat ass|60\/100|[from] item: Sitrus Berry\n|move|p1b: Blissey|Flamethrower|p2a: Winter\n|-supereffective|p2a: Winter\n|-damage|p2a: Winter|35\/100\n|\n|-weather|SunnyDay|[upkeep]\n|-heal|p2b: Bath|55\/100|[from] item: Leftovers\n|upkeep\n|turn|4\n|\n|t:|1700188407\n|move|p1a: Tornade dat ass|Rain Dance|p1a: Tornade dat ass\n|-weather|RainDance\n|move|p2a: Winter|Icy Wind|p1b: Blissey|[spread] p1a,p1b\n|-supereffective|p1a: Tornade dat ass\n|-damage|p1a: Tornade dat ass|30\/100\n|-damage|p1b: Blissey|98\/100\n|-unboost|p1a: Tornade dat ass|spe|1\n|-unboost|p1b: Blissey|spe|1\n|move|p2b: Bath|Tera Blast|p1a: Tornade dat ass\n|-damage|p1a: Tornade dat ass|0 fnt\n|faint|p1a: Tornade dat ass\n|move|p1b: Blissey|Thunder|p2b: Bath\n|-supereffective|p2b: Bath\n|-damage|p2b: Bath|22\/100\n|-status|p2b: Bath|par\n|\n|-weather|RainDance|[upkeep]\n|-heal|p2b: Bath|28\/100 par|[from] item: Leftovers\n|upkeep\n|\n|t:|1700188423\n|switch|p1a: Bolt|Jolteon, L50, M|100\/100\n|-item|p1a: Bolt|Air Balloon\n|turn|5\n|\n|t:|1700188442\n|move|p2a: Winter|Icy Wind|p1b: Blissey|[spread] p1a,p1b\n|-damage|p1a: Bolt|86\/100\n|-damage|p1b: Blissey|95\/100\n|-unboost|p1a: Bolt|spe|1\n|-unboost|p1b: Blissey|spe|1\n|-enditem|p1a: Bolt|Air Balloon\n|move|p1a: Bolt|Thunder|p2a: Winter\n|-damage|p2a: Winter|0 fnt\n|faint|p2a: Winter\n|move|p2b: Bath|Tera Blast|p1a: Bolt\n|-damage|p1a: Bolt|27\/100\n|move|p1b: Blissey|Thunder|p2b: Bath\n|-supereffective|p2b: Bath\n|-damage|p2b: Bath|0 fnt\n|faint|p2b: Bath\n|\n|-weather|RainDance|[upkeep]\n|upkeep\n|\n|t:|1700188455\n|switch|p2b: Boots|Glaceon, L50, M|100\/100\n|turn|6\n|\n|t:|1700188464\n|-terastallize|p2b: Boots|Ice\n|move|p1a: Bolt|Fake Tears|p2b: Boots\n|-unboost|p2b: Boots|spd|2\n|move|p2b: Boots|Blizzard|p1a: Bolt|[spread] p1a,p1b\n|-damage|p1a: Bolt|0 fnt\n|-damage|p1b: Blissey|74\/100\n|faint|p1a: Bolt\n|move|p1b: Blissey|Flamethrower|p2b: Boots\n|-supereffective|p2b: Boots\n|-damage|p2b: Boots|56\/100\n|\n|-weather|RainDance|[upkeep]\n|upkeep\n|\n|t:|1700188474\n|switch|p1a: Salazzle|Salazzle, L50, F, shiny|100\/100\n|turn|7\n|\n|t:|1700188482\n|move|p1a: Salazzle|Fake Out|p2b: Boots\n|-damage|p2b: Boots|49\/100\n|cant|p2b: Boots|flinch\n|move|p1b: Blissey|Flamethrower|p2b: Boots\n|-supereffective|p2b: Boots\n|-damage|p2b: Boots|0 fnt\n|faint|p2b: Boots\n|\n|win|malvric\n|inactive|malvric has 50 seconds to confirm battle start!\n|inactive|Snowfly96 has 50 seconds to confirm battle start!\n","uploadtime":1700188497,"views":14,"p1id":"malvric","p2id":"snowfly96","formatid":"gen9vgc2023regulatione","rating":0,"private":0,"password":""}