{"id":"gen9vgc2023regulatione-1996066010","p1":"Judang","p2":"Yungcameltoe","format":"[Gen 9] VGC 2023 Regulation E","log":"|j|\u2606Judang\n|j|\u2606Yungcameltoe\n|t:|1700638382\n|gametype|doubles\n|player|p1|Judang|ruinmaniac|1607\n|player|p2|Yungcameltoe|169|1569\n|teamsize|p1|6\n|teamsize|p2|6\n|gen|9\n|tier|[Gen 9] VGC 2023 Regulation E\n|rated|\n|rule|Species Clause: Limit one of each Pok\u00e9mon\n|rule|Item Clause: Limit one of each item\n|clearpoke\n|poke|p1|Indeedee-F, L50, F|\n|poke|p1|Urshifu-*, L50, F|\n|poke|p1|Ursaluna-Bloodmoon, L50, M|\n|poke|p1|Dragapult, L50, M|\n|poke|p1|Gyarados, L50, F|\n|poke|p1|Heatran, L50, M|\n|poke|p2|Tatsugiri, L50, M|\n|poke|p2|Grimmsnarl, L50, M|\n|poke|p2|Armarouge, L50, M|\n|poke|p2|Dondozo, L50, M|\n|poke|p2|Indeedee-F, L50, F|\n|poke|p2|Ursaluna-Bloodmoon, L50, M|\n|teampreview|4\n|\n|t:|1700638460\n|start\n|switch|p1a: Urshifu|Urshifu, L50, F|100\/100\n|switch|p1b: Heatran|Heatran, L50, M|100\/100\n|switch|p2a: Armarouge|Armarouge, L50, M, shiny|100\/100\n|switch|p2b: Dondozo|Dondozo, L50, M, shiny|100\/100\n|turn|1\n|\n|t:|1700638496\n|switch|p1b: Indeedee|Indeedee-F, L50, F|100\/100\n|-fieldstart|move: Psychic Terrain|[from] ability: Psychic Surge|[of] p1b: Indeedee\n|-enditem|p1b: Indeedee|Psychic Seed\n|-boost|p1b: Indeedee|spd|1|[from] item: Psychic Seed\n|switch|p2a: Tatsugiri|Tatsugiri, L50, M, shiny|100\/100\n|-activate|p2a: Tatsugiri|ability: Commander|[of] p2b: Dondozo\n|-boost|p2b: Dondozo|atk|2\n|-boost|p2b: Dondozo|spa|2\n|-boost|p2b: Dondozo|spe|2\n|-boost|p2b: Dondozo|def|2\n|-boost|p2b: Dondozo|spd|2\n|-terastallize|p2b: Dondozo|Fairy\n|move|p1a: Urshifu|Wicked Blow|p2b: Dondozo\n|-resisted|p2b: Dondozo\n|-crit|p2b: Dondozo\n|-damage|p2b: Dondozo|82\/100\n|move|p2b: Dondozo|Earthquake|p1a: Urshifu|[spread] p1a,p1b\n|-miss|p2b: Dondozo|p2a: Tatsugiri\n|-damage|p1a: Urshifu|56\/100\n|-damage|p1b: Indeedee|59\/100\n|\n|upkeep\n|turn|2\n|j| Hyperhit94\n|inactive|Battle timer is ON: inactive players will automatically lose when time's up. (requested by Yungcameltoe)\n|\n|t:|1700638523\n|move|p1b: Indeedee|Helping Hand|p1a: Urshifu\n|-singleturn|p1a: Urshifu|Helping Hand|[of] p1b: Indeedee\n|move|p1a: Urshifu|Poison Jab|p2b: Dondozo\n|-supereffective|p2b: Dondozo\n|-crit|p2b: Dondozo\n|-damage|p2b: Dondozo|2\/100\n|move|p2b: Dondozo|Order Up|p1a: Urshifu\n|-damage|p1a: Urshifu|9\/100\n|-boost|p2b: Dondozo|atk|1\n|\n|upkeep\n|turn|3\n|inactive|Judang has 30 seconds left.\n|inactive|Judang has 20 seconds left.\n|\n|t:|1700638560\n|move|p1a: Urshifu|Wicked Blow|p2b: Dondozo\n|-resisted|p2b: Dondozo\n|-crit|p2b: Dondozo\n|-damage|p2b: Dondozo|0 fnt\n|faint|p2b: Dondozo\n|move|p1b: Indeedee|Psychic|p2a: Tatsugiri\n|-damage|p2a: Tatsugiri|50\/100\n|\n|upkeep\n|\n|t:|1700638581\n|switch|p2b: Indeedee|Indeedee-F, L50, F, shiny|100\/100\n|-enditem|p2b: Indeedee|Psychic Seed\n|-boost|p2b: Indeedee|spd|1|[from] item: Psychic Seed\n|turn|4\n|\n|t:|1700638598\n|move|p2a: Tatsugiri|Dragon Pulse|p1a: Urshifu\n|-damage|p1a: Urshifu|0 fnt\n|faint|p1a: Urshifu\n|move|p1b: Indeedee|Psychic|p2a: Tatsugiri\n|-damage|p2a: Tatsugiri|0 fnt\n|faint|p2a: Tatsugiri\n|move|p2b: Indeedee|Trick Room|p2b: Indeedee\n|-fieldstart|move: Trick Room|[of] p2b: Indeedee\n|\n|upkeep\n|\n|t:|1700638614\n|switch|p1a: Heatran|Heatran, L50, M|100\/100\n|switch|p2a: Armarouge|Armarouge, L50, M, shiny|100\/100\n|turn|5\n|inactive|Judang has 30 seconds left.\n|inactive|Judang has 20 seconds left.\n|inactive|Judang has 15 seconds left.\n|\n|t:|1700638654\n|move|p1b: Indeedee|Helping Hand|p1a: Heatran\n|-singleturn|p1a: Heatran|Helping Hand|[of] p1b: Indeedee\n|move|p2b: Indeedee|Follow Me|p2b: Indeedee\n|-singleturn|p2b: Indeedee|move: Follow Me\n|move|p2a: Armarouge|Aura Sphere|p1a: Heatran\n|-supereffective|p1a: Heatran\n|-damage|p1a: Heatran|30\/100\n|-damage|p2a: Armarouge|91\/100|[from] item: Life Orb\n|move|p1a: Heatran|Earth Power|p2b: Indeedee\n|-damage|p2b: Indeedee|48\/100\n|-unboost|p2b: Indeedee|spd|1\n|\n|-fieldend|move: Psychic Terrain\n|upkeep\n|turn|6\n|inactive|Judang has 30 seconds left.\n|inactive|Judang has 20 seconds left.\n|\n|t:|1700638692\n|move|p1b: Indeedee|Follow Me|p1b: Indeedee\n|-singleturn|p1b: Indeedee|move: Follow Me\n|move|p2b: Indeedee|Follow Me|p2b: Indeedee\n|-singleturn|p2b: Indeedee|move: Follow Me\n|move|p2a: Armarouge|Expanding Force|p1b: Indeedee\n|-resisted|p1b: Indeedee\n|-damage|p1b: Indeedee|39\/100\n|-damage|p2a: Armarouge|81\/100|[from] item: Life Orb\n|move|p1a: Heatran|Earth Power|p2b: Indeedee\n|-damage|p2b: Indeedee|0 fnt\n|faint|p2b: Indeedee\n|\n|upkeep\n|turn|7\n|inactive|Yungcameltoe has 30 seconds left.\n|\n|t:|1700638718\n|move|p1b: Indeedee|Follow Me|p1b: Indeedee\n|-singleturn|p1b: Indeedee|move: Follow Me\n|move|p2a: Armarouge|Aura Sphere|p1b: Indeedee\n|-damage|p1b: Indeedee|12\/100\n|-damage|p2a: Armarouge|71\/100|[from] item: Life Orb\n|move|p1a: Heatran|Earth Power|p2a: Armarouge\n|-supereffective|p2a: Armarouge\n|-damage|p2a: Armarouge|0 fnt\n|faint|p2a: Armarouge\n|\n|win|Judang\n|raw|Judang's rating: 1607 &rarr; <strong>1625<\/strong><br \/>(+18 for winning)\n|raw|Yungcameltoe's rating: 1569 &rarr; <strong>1551<\/strong><br \/>(-18 for losing)\n|l|\u2606Yungcameltoe\n|l|\u2606Judang\n","uploadtime":1700638757,"views":7,"p1id":"judang","p2id":"yungcameltoe","formatid":"gen9vgc2023regulatione","rating":1551,"private":0,"password":""}