{"id":"gen9vgc2023regulatione-1993429839","p1":"Juanber13","p2":"thehi","format":"[Gen 9] VGC 2023 Regulation E","log":"|j|\u2606Juanber13\n|j|\u2606thehi\n|t:|1700316840\n|gametype|doubles\n|player|p1|Juanber13|169|1048\n|player|p2|thehi|266|1000\n|teamsize|p1|6\n|teamsize|p2|6\n|gen|9\n|tier|[Gen 9] VGC 2023 Regulation E\n|rated|\n|rule|Species Clause: Limit one of each Pok\u00e9mon\n|rule|Item Clause: Limit one of each item\n|clearpoke\n|poke|p1|Lilligant-Hisui, L50, F|\n|poke|p1|Torkoal, L50, M|\n|poke|p1|Tinkaton, L50, F|\n|poke|p1|Goodra, L50, F|\n|poke|p1|Ogerpon-Hearthflame, L50, F|\n|poke|p1|Clefable, L50, F|\n|poke|p2|Chien-Pao, L50|\n|poke|p2|Dragonite, L50, M|\n|poke|p2|Amoonguss, L50, M|\n|poke|p2|Flutter Mane, L50|\n|poke|p2|Moltres-Galar, L50|\n|poke|p2|Ogerpon-Wellspring, L50, F|\n|teampreview|4\n|\n|t:|1700316878\n|start\n|switch|p1a: Tinkaton|Tinkaton, L50, F|100\/100\n|switch|p1b: Ogerpon|Ogerpon-Hearthflame, L50, F|100\/100\n|switch|p2a: Dragonite|Dragonite, L50, M|100\/100\n|switch|p2b: Ogerpon|Ogerpon-Wellspring, L50, F|100\/100\n|-ability|p1b: Ogerpon|Mold Breaker\n|turn|1\n|\n|t:|1700316910\n|move|p2a: Dragonite|Protect|p2a: Dragonite\n|-singleturn|p2a: Dragonite|Protect\n|move|p1a: Tinkaton|Fake Out|p2b: Ogerpon\n|-damage|p2b: Ogerpon|81\/100\n|-damage|p1a: Tinkaton|91\/100|[from] item: Life Orb\n|cant|p2b: Ogerpon|flinch\n|move|p1b: Ogerpon|Horn Leech|p2b: Ogerpon\n|-damage|p2b: Ogerpon|26\/100\n|\n|upkeep\n|turn|2\n|\n|t:|1700316941\n|move|p1b: Ogerpon|Spiky Shield|p1b: Ogerpon\n|-singleturn|p1b: Ogerpon|move: Protect\n|move|p2a: Dragonite|Extreme Speed|p1b: Ogerpon\n|-activate|p1b: Ogerpon|move: Protect\n|-damage|p2a: Dragonite|88\/100|[from] Spiky Shield|[of] p1b: Ogerpon\n|move|p2b: Ogerpon|Ivy Cudgel|p1b: Ogerpon|[anim] Ivy Cudgel Water\n|-activate|p1b: Ogerpon|move: Protect\n|move|p1a: Tinkaton|Play Rough|p2a: Dragonite\n|-supereffective|p2a: Dragonite\n|-damage|p2a: Dragonite|2\/100\n|-damage|p1a: Tinkaton|81\/100|[from] item: Life Orb\n|\n|upkeep\n|turn|3\n|\n|t:|1700316973\n|move|p2a: Dragonite|Extreme Speed|p1b: Ogerpon\n|-damage|p1b: Ogerpon|61\/100\n|move|p1b: Ogerpon|Ivy Cudgel|p2b: Ogerpon|[anim] Ivy Cudgel Fire\n|-damage|p2b: Ogerpon|0 fnt\n|faint|p2b: Ogerpon\n|move|p1a: Tinkaton|Gigaton Hammer|p2a: Dragonite\n|-damage|p2a: Dragonite|0 fnt\n|faint|p2a: Dragonite\n|-damage|p1a: Tinkaton|71\/100|[from] item: Life Orb\n|\n|upkeep\n|\n|t:|1700316984\n|switch|p2b: Flutter Mane|Flutter Mane, L50|100\/100\n|switch|p2a: Moltres|Moltres-Galar, L50|100\/100\n|-enditem|p2b: Flutter Mane|Booster Energy\n|-activate|p2b: Flutter Mane|ability: Protosynthesis|[fromitem]\n|-start|p2b: Flutter Mane|protosynthesisspe\n|turn|4\n|\n|t:|1700317007\n|switch|p1a: Torkoal|Torkoal, L50, M|100\/100\n|-weather|SunnyDay|[from] ability: Drought|[of] p1a: Torkoal\n|move|p1b: Ogerpon|Spiky Shield|p1b: Ogerpon\n|-singleturn|p1b: Ogerpon|move: Protect\n|move|p2b: Flutter Mane|Dazzling Gleam|p1a: Torkoal|[spread] p1a\n|-activate|p1b: Ogerpon|move: Protect\n|-resisted|p1a: Torkoal\n|-damage|p1a: Torkoal|90\/100\n|move|p2a: Moltres|Fiery Wrath|p1b: Ogerpon|[spread] p1a\n|-activate|p1b: Ogerpon|move: Protect\n|-damage|p1a: Torkoal|65\/100\n|-damage|p2a: Moltres|91\/100|[from] item: Life Orb\n|\n|-weather|SunnyDay|[upkeep]\n|upkeep\n|turn|5\n|\n|t:|1700317047\n|-terastallize|p1a: Torkoal|Water\n|move|p2b: Flutter Mane|Psyshock|p1a: Torkoal\n|-damage|p1a: Torkoal|43\/100\n|move|p1b: Ogerpon|Ivy Cudgel|p2b: Flutter Mane|[anim] Ivy Cudgel Fire\n|-damage|p2b: Flutter Mane|0 fnt\n|faint|p2b: Flutter Mane\n|-end|p2b: Flutter Mane|Protosynthesis|[silent]\n|move|p2a: Moltres|Air Slash|p1b: Ogerpon\n|-supereffective|p1b: Ogerpon\n|-damage|p1b: Ogerpon|0 fnt\n|faint|p1b: Ogerpon\n|-damage|p2a: Moltres|81\/100|[from] item: Life Orb\n|move|p1a: Torkoal|Solar Beam||[still]\n|-prepare|p1a: Torkoal|Solar Beam\n|-anim|p1a: Torkoal|Solar Beam|p2a: Moltres\n|-resisted|p2a: Moltres\n|-damage|p2a: Moltres|71\/100\n|\n|-weather|SunnyDay|[upkeep]\n|upkeep\n|\n|t:|1700317078\n|switch|p1b: Tinkaton|Tinkaton, L50, F|71\/100\n|turn|6\n|\n|t:|1700317088\n|move|p1b: Tinkaton|Fake Out|p2a: Moltres\n|-damage|p2a: Moltres|53\/100\n|-damage|p1b: Tinkaton|61\/100|[from] item: Life Orb\n|cant|p2a: Moltres|flinch\n|move|p1a: Torkoal|Sludge Bomb|p2a: Moltres\n|-damage|p2a: Moltres|36\/100\n|-ability|p2a: Moltres|Berserk|boost\n|-boost|p2a: Moltres|spa|1\n|\n|-weather|SunnyDay|[upkeep]\n|upkeep\n|turn|7\n|\n|t:|1700317111\n|move|p2a: Moltres|Fiery Wrath|p1a: Torkoal|[spread] p1a,p1b\n|-resisted|p1b: Tinkaton\n|-damage|p1a: Torkoal|9\/100\n|-damage|p1b: Tinkaton|29\/100\n|-damage|p2a: Moltres|26\/100|[from] item: Life Orb\n|cant|p1b: Tinkaton|flinch\n|move|p1a: Torkoal|Sludge Bomb|p2a: Moltres\n|-damage|p2a: Moltres|11\/100\n|\n|-weather|SunnyDay|[upkeep]\n|upkeep\n|turn|8\n|\n|t:|1700317134\n|move|p2a: Moltres|Fiery Wrath|p1a: Torkoal|[spread] p1a,p1b\n|-resisted|p1b: Tinkaton\n|-damage|p1a: Torkoal|0 fnt\n|-damage|p1b: Tinkaton|0 fnt\n|faint|p1a: Torkoal\n|faint|p1b: Tinkaton\n|-damage|p2a: Moltres|1\/100|[from] item: Life Orb\n|\n|-weather|none\n|upkeep\n|\n|t:|1700317145\n|switch|p1b: Lilligant|Lilligant-Hisui, L50, F|100\/100\n|turn|9\n|\n|t:|1700317154\n|move|p1b: Lilligant|Close Combat|p2a: Moltres\n|-damage|p2a: Moltres|0 fnt\n|-unboost|p1b: Lilligant|def|1\n|-unboost|p1b: Lilligant|spd|1\n|faint|p2a: Moltres\n|\n|win|Juanber13\n|raw|Juanber13's rating: 1048 &rarr; <strong>1076<\/strong><br \/>(+28 for winning)\n|raw|thehi's rating: 1000 &rarr; <strong>1000<\/strong><br \/>(+0 for losing)\n|l|\u2606thehi\n","uploadtime":1700317163,"views":9,"p1id":"juanber13","p2id":"thehi","formatid":"gen9vgc2023regulatione","rating":1000,"private":0,"password":""}