{"id":"gen9vgc2023regulatione-1988741989","p1":"Da Burbo","p2":"jaden.patton","format":"[Gen 9] VGC 2023 Regulation E","log":"|j|\u2606Da Burbo\n|j|\u2606jaden.patton\n|t:|1699757314\n|gametype|doubles\n|player|p1|Da Burbo|janitor|1040\n|player|p2|jaden.patton|2|1000\n|teamsize|p1|6\n|teamsize|p2|6\n|gen|9\n|tier|[Gen 9] VGC 2023 Regulation E\n|rated|\n|rule|Species Clause: Limit one of each Pok\u00e9mon\n|rule|Item Clause: Limit one of each item\n|clearpoke\n|poke|p1|Ninetales-Alola, L50, F|\n|poke|p1|Articuno, L50|\n|poke|p1|Ting-Lu, L50|\n|poke|p1|Landorus-Therian, L50, M|\n|poke|p1|Sableye, L50, F|\n|poke|p1|Mamoswine, L50, M|\n|poke|p2|Kommo-o, L50, M|\n|poke|p2|Sinistcha-Masterpiece, L50|\n|poke|p2|Arcanine-Hisui, L50, F|\n|poke|p2|Espeon, L50, F|\n|poke|p2|Tornadus, L50, M|\n|poke|p2|Iron Hands, L50|\n|teampreview|4\n|\n|t:|1699757353\n|start\n|switch|p1a: Ninetales|Ninetales-Alola, L50, F|100\/100\n|switch|p1b: Articuno|Articuno, L50, shiny|100\/100\n|switch|p2a: Kommo-o|Kommo-o, L50, M, shiny|100\/100\n|switch|p2b: Sinistcha|Sinistcha-Masterpiece, L50, shiny|100\/100\n|-weather|Snow|[from] ability: Snow Warning|[of] p1a: Ninetales\n|turn|1\n|inactive|Battle timer is ON: inactive players will automatically lose when time's up. (requested by Da Burbo)\n|\n|t:|1699757372\n|move|p2b: Sinistcha|Rage Powder|p2b: Sinistcha\n|-singleturn|p2b: Sinistcha|move: Rage Powder\n|move|p1a: Ninetales|Aurora Veil|p1a: Ninetales\n|-sidestart|p1: Da Burbo|move: Aurora Veil\n|move|p2a: Kommo-o|Clangorous Soul|p2a: Kommo-o\n|-boost|p2a: Kommo-o|atk|1\n|-boost|p2a: Kommo-o|def|1\n|-boost|p2a: Kommo-o|spa|1\n|-boost|p2a: Kommo-o|spd|1\n|-boost|p2a: Kommo-o|spe|1\n|-damage|p2a: Kommo-o|68\/100\n|move|p1b: Articuno|Substitute|p1b: Articuno\n|-start|p1b: Articuno|Substitute\n|-damage|p1b: Articuno|76\/100\n|\n|-weather|Snow|[upkeep]\n|upkeep\n|turn|2\n|inactive|jaden.patton has 30 seconds left.\n|\n|t:|1699757400\n|move|p2a: Kommo-o|Drain Punch|p1a: Ninetales\n|-damage|p1a: Ninetales|70\/100\n|-heal|p2a: Kommo-o|82\/100|[from] drain|[of] p1a: Ninetales\n|move|p1a: Ninetales|Confuse Ray|p2a: Kommo-o\n|-start|p2a: Kommo-o|confusion\n|move|p1b: Articuno|Sheer Cold|p2a: Kommo-o\n|-damage|p2a: Kommo-o|0 fnt\n|faint|p2a: Kommo-o\n|-ohko\n|move|p2b: Sinistcha|Matcha Gotcha|p1a: Ninetales|[spread] p1a\n|-miss|p2b: Sinistcha|p1b: Articuno\n|-damage|p1a: Ninetales|55\/100\n|\n|-weather|Snow|[upkeep]\n|upkeep\n|\n|t:|1699757417\n|switch|p2a: Arcanine|Arcanine-Hisui, L50, F, shiny|100\/100\n|-ability|p2a: Arcanine|Intimidate|boost\n|-unboost|p1a: Ninetales|atk|1\n|-immune|p1b: Articuno\n|turn|3\n|inactive|Da Burbo has 30 seconds left.\n|\n|t:|1699757447\n|move|p2b: Sinistcha|Rage Powder|p2b: Sinistcha\n|-singleturn|p2b: Sinistcha|move: Rage Powder\n|move|p1a: Ninetales|Charm|p2b: Sinistcha\n|-unboost|p2b: Sinistcha|atk|2\n|move|p2a: Arcanine|Flare Blitz|p1b: Articuno\n|-supereffective|p1b: Articuno\n|-end|p1b: Articuno|Substitute\n|-damage|p2a: Arcanine|92\/100|[from] Recoil|[of] p1b: Articuno\n|move|p1b: Articuno|Sheer Cold|p2b: Sinistcha\n|-damage|p2b: Sinistcha|0 fnt\n|faint|p2b: Sinistcha\n|-ohko\n|\n|-weather|Snow|[upkeep]\n|upkeep\n|\n|t:|1699757460\n|switch|p2b: Espeon|Espeon, L50, F, shiny|100\/100\n|turn|4\n|\n|t:|1699757473\n|-terastallize|p1b: Articuno|Ground\n|move|p2b: Espeon|Protect|p2b: Espeon\n|-singleturn|p2b: Espeon|Protect\n|move|p1a: Ninetales|Hypnosis|p2a: Arcanine\n|-status|p2a: Arcanine|slp|[from] move: Hypnosis\n|cant|p2a: Arcanine|slp\n|move|p1b: Articuno|Roost|p1b: Articuno\n|-heal|p1b: Articuno|100\/100\n|\n|-weather|Snow|[upkeep]\n|upkeep\n|turn|5\n|\n|t:|1699757495\n|-terastallize|p2b: Espeon|Fairy\n|move|p1a: Ninetales|Charm|p2a: Arcanine\n|-unboost|p2a: Arcanine|atk|2\n|cant|p2a: Arcanine|slp\n|move|p2b: Espeon|Draining Kiss|p1a: Ninetales\n|-damage|p1a: Ninetales|38\/100\n|move|p1b: Articuno|Substitute|p1b: Articuno\n|-start|p1b: Articuno|Substitute\n|-damage|p1b: Articuno|76\/100\n|\n|-weather|none\n|upkeep\n|turn|6\n|\n|t:|1699757518\n|move|p1a: Ninetales|Hypnosis|p2b: Espeon\n|move|p2b: Espeon|Hypnosis|p1a: Ninetales|[from]ability: Magic Bounce\n|-status|p1a: Ninetales|slp|[from] move: Hypnosis\n|-curestatus|p2a: Arcanine|slp|[msg]\n|move|p2a: Arcanine|Flare Blitz|p1a: Ninetales\n|-supereffective|p1a: Ninetales\n|-damage|p1a: Ninetales|0 fnt\n|faint|p1a: Ninetales\n|-damage|p2a: Arcanine|79\/100|[from] Recoil\n|move|p2b: Espeon|Draining Kiss|p1b: Articuno\n|-activate|p1b: Articuno|move: Substitute|[damage]\n|move|p1b: Articuno|Sheer Cold|p2a: Arcanine\n|-damage|p2a: Arcanine|0 fnt\n|faint|p2a: Arcanine\n|-ohko\n|\n|upkeep\n|\n|t:|1699757532\n|switch|p1a: Mamoswine|Mamoswine, L50, M|100\/100\n|turn|7\n|-message|jaden.patton forfeited.\n|\n|win|Da Burbo\n|raw|Da Burbo's rating: 1040 &rarr; <strong>1070<\/strong><br \/>(+30 for winning)\n|raw|jaden.patton's rating: 1000 &rarr; <strong>1000<\/strong><br \/>(+0 for losing)\n|l|\u2606jaden.patton\n","uploadtime":1699757553,"views":40,"p1id":"daburbo","p2id":"jadenpatton","formatid":"gen9vgc2023regulatione","rating":1000,"private":0,"password":""}