{"id":"gen9vgc2023regulatione-1992777193","p1":"Strin","p2":"SERENA2024","format":"[Gen 9] VGC 2023 Regulation E","log":"|j|\u2606Strin\n|j|\u2606SERENA2024\n|t:|1700234542\n|gametype|doubles\n|player|p1|Strin|101|1447\n|player|p2|SERENA2024|hilda|1426\n|teamsize|p1|6\n|teamsize|p2|6\n|gen|9\n|tier|[Gen 9] VGC 2023 Regulation E\n|rated|\n|rule|Species Clause: Limit one of each Pok\u00e9mon\n|rule|Item Clause: Limit one of each item\n|clearpoke\n|poke|p1|Sinistcha, L50|\n|poke|p1|Moltres-Galar, L50|\n|poke|p1|Grimmsnarl, L50, M|\n|poke|p1|Arcanine-Hisui, L50, F|\n|poke|p1|Milotic, L50, F|\n|poke|p1|Munkidori, L50, M|\n|poke|p2|Scream Tail, L50|\n|poke|p2|Flutter Mane, L50|\n|poke|p2|Gothitelle, L50, M|\n|poke|p2|Amoonguss, L50, M|\n|poke|p2|Landorus-Therian, L50, M|\n|poke|p2|Urshifu-*, L50, F|\n|teampreview|4\n|\n|t:|1700234584\n|start\n|switch|p1a: Munkidori|Munkidori, L50, M|100\/100\n|switch|p1b: Moltres|Moltres-Galar, L50, shiny|100\/100\n|switch|p2a: Flutter Mane|Flutter Mane, L50|100\/100\n|switch|p2b: Urshifu|Urshifu, L50, F|100\/100\n|-item|p2a: Flutter Mane|Focus Sash|[from] ability: Frisk|[of] p1a: Munkidori|[identify]\n|-item|p2b: Urshifu|Choice Scarf|[from] ability: Frisk|[of] p1a: Munkidori|[identify]\n|turn|1\n|inactive|Battle timer is ON: inactive players will automatically lose when time's up. (requested by SERENA2024)\n|\n|t:|1700234606\n|-terastallize|p1b: Moltres|Poison\n|move|p1a: Munkidori|Fake Out|p2b: Urshifu\n|-damage|p2b: Urshifu|93\/100\n|cant|p2b: Urshifu|flinch\n|move|p2a: Flutter Mane|Moonblast|p1b: Moltres\n|-resisted|p1b: Moltres\n|-damage|p1b: Moltres|82\/100\n|move|p1b: Moltres|Nasty Plot|p1b: Moltres\n|-boost|p1b: Moltres|spa|2\n|\n|upkeep\n|turn|2\n|\n|t:|1700234624\n|move|p2b: Urshifu|Wicked Blow|p1b: Moltres\n|-crit|p1b: Moltres\n|-damage|p1b: Moltres|13\/100\n|-ability|p1b: Moltres|Berserk|boost\n|-boost|p1b: Moltres|spa|1\n|-enditem|p1b: Moltres|Sitrus Berry|[eat]\n|-heal|p1b: Moltres|38\/100|[from] item: Sitrus Berry\n|move|p2a: Flutter Mane|Shadow Ball|p1b: Moltres\n|-damage|p1b: Moltres|3\/100\n|move|p1a: Munkidori|Sludge Bomb|p2a: Flutter Mane\n|-damage|p2a: Flutter Mane|55\/100\n|-status|p2a: Flutter Mane|psn\n|move|p1b: Moltres|Air Slash|p2b: Urshifu\n|-supereffective|p2b: Urshifu\n|-damage|p2b: Urshifu|0 fnt\n|faint|p2b: Urshifu\n|\n|-damage|p2a: Flutter Mane|42\/100 psn|[from] psn\n|upkeep\n|\n|t:|1700234640\n|switch|p2b: Gothitelle|Gothitelle, L50, M|100\/100\n|turn|3\n|\n|t:|1700234648\n|move|p1b: Moltres|Protect|p1b: Moltres\n|-singleturn|p1b: Moltres|Protect\n|move|p2b: Gothitelle|Fake Out|p1b: Moltres\n|-activate|p1b: Moltres|move: Protect\n|move|p2a: Flutter Mane|Shadow Ball|p1a: Munkidori\n|-supereffective|p1a: Munkidori\n|-enditem|p1a: Munkidori|Focus Sash\n|-damage|p1a: Munkidori|1\/100\n|-unboost|p1a: Munkidori|spd|1\n|move|p1a: Munkidori|Parting Shot|p2a: Flutter Mane\n|-unboost|p2a: Flutter Mane|atk|1\n|-unboost|p2a: Flutter Mane|spa|1\n|\n|t:|1700234662\n|switch|p1a: Sinistcha|Sinistcha, L50|100\/100|[from] Parting Shot\n|-heal|p1b: Moltres|28\/100|[from] ability: Hospitality|[of] p1a: Sinistcha\n|\n|-damage|p2a: Flutter Mane|30\/100 psn|[from] psn\n|upkeep\n|turn|4\n|\n|t:|1700234685\n|-end|p2a: Flutter Mane|Protosynthesis|[silent]\n|switch|p2a: Scream Tail|Scream Tail, L50, shiny|100\/100\n|-enditem|p2a: Scream Tail|Booster Energy\n|-activate|p2a: Scream Tail|ability: Protosynthesis|[fromitem]\n|-start|p2a: Scream Tail|protosynthesisspe\n|move|p2b: Gothitelle|Protect|p2b: Gothitelle\n|-singleturn|p2b: Gothitelle|Protect\n|move|p1a: Sinistcha|Rage Powder|p1a: Sinistcha\n|-singleturn|p1a: Sinistcha|move: Rage Powder\n|move|p1b: Moltres|Fiery Wrath|p2a: Scream Tail|[spread] p2a\n|-activate|p2b: Gothitelle|move: Protect\n|-damage|p2a: Scream Tail|42\/100\n|\n|upkeep\n|turn|5\n|inactive|SERENA2024 has 30 seconds left.\n|-message|SERENA2024 forfeited.\n|\n|win|Strin\n|raw|Strin's rating: 1447 &rarr; <strong>1466<\/strong><br \/>(+19 for winning)\n|raw|SERENA2024's rating: 1426 &rarr; <strong>1407<\/strong><br \/>(-19 for losing)\n|l|\u2606SERENA2024\n","uploadtime":1700234757,"views":55,"p1id":"strin","p2id":"serena2024","formatid":"gen9vgc2023regulatione","rating":1407,"private":0,"password":""}