{"id":"gen9vgc2023regulatione-1994069874","p1":"XeolnorzHS","p2":"LuKromVGC","format":"[Gen 9] VGC 2023 Regulation E","log":"|j|\u2606XeolnorzHS\n|j|\u2606LuKromVGC\n|n|\u2606XeolnorzHS|xeolnorzhs\n|n|\u2606LuKromVGC|lukromvgc\n|html|View the match progress at <a href=\"\/game-bestof3-gen9vgc2023regulatione-1994069873\">game-bestof3-gen9vgc2023regulatione-1994069873<\/a>\n|t:|1700402879\n|gametype|doubles\n|player|p1|XeolnorzHS|linebacker|\n|player|p2|LuKromVGC|plasmagrunt|\n|teamsize|p1|6\n|teamsize|p2|6\n|gen|9\n|tier|[Gen 9] VGC 2023 Regulation E\n|rule|Species Clause: Limit one of each Pok\u00e9mon\n|rule|Item Clause: Limit one of each item\n|clearpoke\n|poke|p1|Tornadus, L50, M|\n|poke|p1|Urshifu-*, L50, M|\n|poke|p1|Flutter Mane, L50|\n|poke|p1|Arcanine-Hisui, L50, M|\n|poke|p1|Chien-Pao, L50|\n|poke|p1|Rillaboom, L50, M|\n|poke|p2|Dondozo, L50, M|\n|poke|p2|Tatsugiri, L50, M|\n|poke|p2|Ninetales-Alola, L50, F|\n|poke|p2|Glimmora, L50, F|\n|poke|p2|Iron Hands, L50|\n|poke|p2|Ogerpon-Hearthflame, L50, F|\n|teampreview|4\nXeolnorzHS has agreed to open team sheets.\nLuKromVGC has agreed to open team sheets.\n|showteam|p1|Tornadus||RockyHelmet|Prankster|BleakwindStorm,Taunt,Tailwind,RainDance|||M|||50|,,,,,Ghost]Urshifu-Rapid-Strike||MysticWater|UnseenFist|SurgingStrikes,AquaJet,CloseCombat,Protect|||M|||50|,,,,,Water]Flutter Mane||BoosterEnergy|Protosynthesis|Moonblast,ShadowBall,PerishSong,DazzlingGleam||||||50|,,,,,Fairy]Arcanine-Hisui||ChoiceBand|Intimidate|FlareBlitz,HeadSmash,RockSlide,ExtremeSpeed|||M|||50|,,,,,Normal]Chien-Pao||FocusSash|SwordofRuin|SuckerPunch,IcicleCrash,SacredSword,Protect||||||50|,,,,,Ghost]Rillaboom||AssaultVest|GrassySurge|WoodHammer,GrassyGlide,Uturn,FakeOut|||M|||50|,,,,,Fire\n|showteam|p2|Dondozo||Leftovers|Unaware|WaveCrash,OrderUp,Substitute,Protect|||M|||50|,,,,,Dragon]Tatsugiri||AbilityShield|Commander|MuddyWater,DracoMeteor,Taunt,Protect|||M|||50|,,,,,Steel]Ninetales-Alola||LightClay|SnowWarning|Blizzard,IcyWind,AuroraVeil,Protect|||F|||50|,,,,,Fire]Glimmora||FocusSash|ToxicDebris|PowerGem,SludgeBomb,MortalSpin,SpikyShield|||F|||50|,,,,,Dragon]Iron Hands||AssaultVest|QuarkDrive|DrainPunch,WildCharge,HeavySlam,FakeOut||||||50|,,,,,Water]Ogerpon-Hearthflame||HearthflameMask|MoldBreaker|IvyCudgel,HornLeech,SwordsDance,SpikyShield|||F|||50|,,,,,Fire\n|j| Dan_DES\n|j| DubiousVGC\n|\n|t:|1700402969\n|start\n|switch|p1a: Tornadus|Tornadus, L50, M|100\/100\n|switch|p1b: Urshifu|Urshifu-Rapid-Strike, L50, M|100\/100\n|switch|p2a: Iron Hands|Iron Hands, L50|100\/100\n|switch|p2b: Glimmora|Glimmora, L50, F, shiny|100\/100\n|turn|1\n|\n|t:|1700402980\n|move|p1b: Urshifu|Protect|p1b: Urshifu\n|-singleturn|p1b: Urshifu|Protect\n|move|p2a: Iron Hands|Fake Out|p1b: Urshifu\n|-activate|p1b: Urshifu|move: Protect\n|move|p1a: Tornadus|Tailwind|p1a: Tornadus\n|-sidestart|p1: XeolnorzHS|move: Tailwind\n|move|p2b: Glimmora|Mortal Spin|p1a: Tornadus|[spread] p1a\n|-activate|p1b: Urshifu|move: Protect\n|-damage|p1a: Tornadus|95\/100\n|-status|p1a: Tornadus|psn\n|-damage|p2b: Glimmora|84\/100|[from] item: Rocky Helmet|[of] p1a: Tornadus\n|\n|-damage|p1a: Tornadus|83\/100 psn|[from] psn\n|upkeep\n|turn|2\n|j| KyuremBiancoEtero\n|\n|t:|1700403022\n|move|p1b: Urshifu|Surging Strikes|p2b: Glimmora\n|-supereffective|p2b: Glimmora\n|-crit|p2b: Glimmora\n|-damage|p2b: Glimmora|15\/100\n|-activate|p2b: Glimmora|ability: Toxic Debris\n|-sidestart|p1: XeolnorzHS|move: Toxic Spikes\n|-supereffective|p2b: Glimmora\n|-crit|p2b: Glimmora\n|-damage|p2b: Glimmora|0 fnt\n|-activate|p2b: Glimmora|ability: Toxic Debris\n|-sidestart|p1: XeolnorzHS|move: Toxic Spikes\n|faint|p2b: Glimmora\n|-hitcount|p2: Glimmora|2\n|move|p1a: Tornadus|Bleakwind Storm|p2a: Iron Hands\n|-damage|p2a: Iron Hands|79\/100\n|move|p2a: Iron Hands|Wild Charge|p1b: Urshifu\n|-supereffective|p1b: Urshifu\n|-damage|p1b: Urshifu|9\/100\n|-damage|p2a: Iron Hands|62\/100|[from] Recoil\n|\n|-damage|p1a: Tornadus|70\/100 psn|[from] psn\n|upkeep\n|\n|t:|1700403027\n|switch|p2b: Dondozo|Dondozo, L50, M|100\/100\n|turn|3\n|\n|t:|1700403057\n|move|p1b: Urshifu|Protect|p1b: Urshifu\n|-singleturn|p1b: Urshifu|Protect\n|move|p1a: Tornadus|Taunt|p2b: Dondozo\n|-start|p2b: Dondozo|move: Taunt\n|move|p2b: Dondozo|Wave Crash|p1b: Urshifu\n|-activate|p1b: Urshifu|move: Protect\n|move|p2a: Iron Hands|Wild Charge|p1a: Tornadus\n|-supereffective|p1a: Tornadus\n|-damage|p1a: Tornadus|0 fnt\n|-damage|p2a: Iron Hands|46\/100|[from] item: Rocky Helmet|[of] p1a: Tornadus\n|faint|p1a: Tornadus\n|-damage|p2a: Iron Hands|32\/100|[from] Recoil\n|\n|upkeep\n|\n|t:|1700403071\n|switch|p1a: Flutter Mane|Flutter Mane, L50, shiny|100\/100\n|-status|p1a: Flutter Mane|tox\n|-enditem|p1a: Flutter Mane|Booster Energy\n|-activate|p1a: Flutter Mane|ability: Protosynthesis|[fromitem]\n|-start|p1a: Flutter Mane|protosynthesisspa\n|turn|4\n|\n|t:|1700403106\n|move|p1a: Flutter Mane|Dazzling Gleam|p2b: Dondozo|[spread] p2a,p2b\n|-supereffective|p2a: Iron Hands\n|-damage|p2a: Iron Hands|0 fnt\n|-damage|p2b: Dondozo|67\/100\n|faint|p2a: Iron Hands\n|-end|p2a: Iron Hands|Quark Drive|[silent]\n|move|p1b: Urshifu|Close Combat|p2b: Dondozo\n|-damage|p2b: Dondozo|19\/100\n|-unboost|p1b: Urshifu|def|1\n|-unboost|p1b: Urshifu|spd|1\n|move|p2b: Dondozo|Wave Crash|p1a: Flutter Mane\n|-damage|p1a: Flutter Mane|20\/100 tox\n|-damage|p2b: Dondozo|3\/100|[from] Recoil\n|\n|-heal|p2b: Dondozo|10\/100|[from] item: Leftovers\n|-damage|p1a: Flutter Mane|14\/100 tox|[from] psn\n|-sideend|p1: XeolnorzHS|move: Tailwind\n|upkeep\n|\n|t:|1700403114\n|switch|p2a: Tatsugiri|Tatsugiri, L50, M|100\/100\n|-activate|p2a: Tatsugiri|ability: Commander|[of] p2b: Dondozo\n|-boost|p2b: Dondozo|atk|2\n|-boost|p2b: Dondozo|spa|2\n|-boost|p2b: Dondozo|spe|2\n|-boost|p2b: Dondozo|def|2\n|-boost|p2b: Dondozo|spd|2\n|turn|5\n|\n|t:|1700403143\n|move|p1b: Urshifu|Protect|p1b: Urshifu\n|-singleturn|p1b: Urshifu|Protect\n|move|p1a: Flutter Mane|Moonblast|p2b: Dondozo\n|-damage|p2b: Dondozo|0 fnt\n|faint|p2b: Dondozo\n|\n|-damage|p1a: Flutter Mane|3\/100 tox|[from] psn\n|upkeep\n|turn|6\n|\n|t:|1700403157\n|move|p2a: Tatsugiri|Protect|p2a: Tatsugiri\n|-singleturn|p2a: Tatsugiri|Protect\n|move|p1a: Flutter Mane|Dazzling Gleam|p2a: Tatsugiri\n|-activate|p2a: Tatsugiri|move: Protect\n|move|p1b: Urshifu|Close Combat|p2a: Tatsugiri\n|-damage|p2a: Tatsugiri|4\/100\n|-unboost|p1b: Urshifu|def|1\n|-unboost|p1b: Urshifu|spd|1\n|\n|-damage|p1a: Flutter Mane|0 fnt|[from] psn\n|faint|p1a: Flutter Mane\n|-end|p1a: Flutter Mane|Protosynthesis|[silent]\n|upkeep\n|\n|t:|1700403168\n|switch|p1a: Rillaboom|Rillaboom, L50, M|100\/100\n|-status|p1a: Rillaboom|tox\n|-fieldstart|move: Grassy Terrain|[from] ability: Grassy Surge|[of] p1a: Rillaboom\n|turn|7\n|\n|t:|1700403183\n|move|p1b: Urshifu|Close Combat|p2a: Tatsugiri\n|-damage|p2a: Tatsugiri|0 fnt\n|-unboost|p1b: Urshifu|def|1\n|-unboost|p1b: Urshifu|spd|1\n|faint|p2a: Tatsugiri\n|\n|win|XeolnorzHS\n|l|\u2606LuKromVGC\n|c|&|\/uhtml prompt-lukromvgc,LuKromVGC is ready for game 2!\n|inactive|XeolnorzHS has 50 seconds to confirm battle start!\n|c|&|\/uhtml prompt-lukromvgc,LuKromVGC is ready for game 2!\n|c|&|\/uhtml prompt-lukromvgc,LuKromVGC is ready for game 2!\n|c|\u2606XeolnorzHS|gg\n|c|&|\/uhtml prompt-lukromvgc,LuKromVGC is ready for game 2!\n|c|&|\/uhtml prompt-xeolnorzhs,XeolnorzHS is ready for game 2!\nBoth players are ready! Starting next match!\n|j| Fragolinass\n|l| Fragolinass\n|j| Fragolinass\n|l| Fragolinass\n|j|\u2606LuKromVGC\n|player|p2|LuKromVGC|plasmagrunt\n|j| Fragolinass\n|l| Fragolinass\n|l| DubiousVGC\n|l| KyuremBiancoEtero\n|l|\u2606XeolnorzHS\n","uploadtime":1700403909,"views":23,"p1id":"xeolnorzhs","p2id":"lukromvgc","formatid":"gen9vgc2023regulatione","rating":0,"private":0,"password":""}