{"id":"gen9vgc2023regulatione-1989423918","p1":"Plazmic","p2":"yeetthe pokemon","format":"[Gen 9] VGC 2023 Regulation E","log":"|j|\u2606Plazmic\n|j|\u2606yeetthe pokemon\n|t:|1699848454\n|gametype|doubles\n|player|p1|Plazmic|170|1048\n|player|p2|yeetthe pokemon|2|1037\n|teamsize|p1|6\n|teamsize|p2|6\n|gen|9\n|tier|[Gen 9] VGC 2023 Regulation E\n|rated|\n|rule|Species Clause: Limit one of each Pok\u00e9mon\n|rule|Item Clause: Limit one of each item\n|clearpoke\n|poke|p1|Urshifu-*, L50, F|\n|poke|p1|Flutter Mane, L50|\n|poke|p1|Zangoose, L50, M|\n|poke|p1|Iron Hands, L50|\n|poke|p1|Brute Bonnet, L50|\n|poke|p1|Arcanine, L50, F|\n|poke|p2|Tauros-Paldea-Blaze, L50, M|\n|poke|p2|Flutter Mane, L50|\n|poke|p2|Tornadus, L50, M|\n|poke|p2|Ogerpon-Wellspring, L50, F|\n|poke|p2|Landorus-Therian, L50, M|\n|poke|p2|Kingambit, L50, F|\n|teampreview|4\n|inactive|Battle timer is ON: inactive players will automatically lose when time's up. (requested by yeetthe pokemon)\nyeetthe pokemon rejected open team sheets.\n|\n|t:|1699848475\n|start\n|switch|p1a: Flutter Mane|Flutter Mane, L50|100\/100\n|switch|p1b: Urshifu|Urshifu-Rapid-Strike, L50, F|100\/100\n|switch|p2a: Tauros|Tauros-Paldea-Blaze, L50, M|100\/100\n|switch|p2b: Tornadus|Tornadus, L50, M|100\/100\n|-ability|p2a: Tauros|Intimidate|boost\n|-unboost|p1a: Flutter Mane|atk|1\n|-unboost|p1b: Urshifu|atk|1\n|turn|1\n|\n|t:|1699848497\n|switch|p2a: Ogerpon|Ogerpon-Wellspring, L50, F|100\/100\n|move|p2b: Tornadus|Tailwind|p2b: Tornadus\n|-sidestart|p2: yeetthe pokemon|move: Tailwind\n|move|p1b: Urshifu|Surging Strikes|p2a: Ogerpon\n|-immune|p2a: Ogerpon|[from] ability: Water Absorb\n|move|p1a: Flutter Mane|Taunt|p2b: Tornadus\n|-start|p2b: Tornadus|move: Taunt\n|\n|upkeep\n|turn|2\n|inactive|Plazmic has 30 seconds left.\n|\n|t:|1699848528\n|switch|p2b: Landorus|Landorus-Therian, L50, M|100\/100\n|-ability|p2b: Landorus|Intimidate|boost\n|-unboost|p1a: Flutter Mane|atk|1\n|-unboost|p1b: Urshifu|atk|1\n|switch|p1b: Iron Hands|Iron Hands, L50|100\/100\n|-terastallize|p2a: Ogerpon|Water\n|detailschange|p2a: Ogerpon|Ogerpon-Wellspring-Tera, L50, F, tera:Water\n|-ability|p2a: Ogerpon|Embody Aspect (Wellspring)|boost\n|-boost|p2a: Ogerpon|spd|1\n|move|p2a: Ogerpon|Horn Leech|p1b: Iron Hands\n|-damage|p1b: Iron Hands|73\/100\n|move|p1a: Flutter Mane|Shadow Ball|p2b: Landorus\n|-damage|p2b: Landorus|44\/100\n|\n|upkeep\n|turn|3\n|\n|t:|1699848550\n|move|p1a: Flutter Mane|Protect|p1a: Flutter Mane\n|-singleturn|p1a: Flutter Mane|Protect\n|move|p1b: Iron Hands|Fake Out|p2a: Ogerpon\n|-damage|p2a: Ogerpon|82\/100\n|move|p2b: Landorus|Stomping Tantrum|p1b: Iron Hands\n|-supereffective|p1b: Iron Hands\n|-damage|p1b: Iron Hands|23\/100\n|-enditem|p1b: Iron Hands|Sitrus Berry|[eat]\n|-heal|p1b: Iron Hands|48\/100|[from] item: Sitrus Berry\n|cant|p2a: Ogerpon|flinch\n|\n|upkeep\n|turn|4\n|\n|t:|1699848571\n|move|p2b: Landorus|Stomping Tantrum|p1b: Iron Hands\n|-supereffective|p1b: Iron Hands\n|-damage|p1b: Iron Hands|0 fnt\n|faint|p1b: Iron Hands\n|-end|p1b: Iron Hands|Quark Drive|[silent]\n|move|p2a: Ogerpon|Ivy Cudgel|p1a: Flutter Mane\n|-enditem|p1a: Flutter Mane|Focus Sash\n|-damage|p1a: Flutter Mane|1\/100\n|move|p1a: Flutter Mane|Shadow Ball|p2b: Landorus\n|-damage|p2b: Landorus|0 fnt\n|faint|p2b: Landorus\n|\n|-sideend|p2: yeetthe pokemon|move: Tailwind\n|upkeep\n|\n|t:|1699848586\n|switch|p2b: Tornadus|Tornadus, L50, M|100\/100\n|switch|p1b: Brute Bonnet|Brute Bonnet, L50|100\/100\n|turn|5\n|\n|t:|1699848599\n|move|p1a: Flutter Mane|Protect|p1a: Flutter Mane\n|-singleturn|p1a: Flutter Mane|Protect\n|move|p2a: Ogerpon|Spiky Shield|p2a: Ogerpon\n|-singleturn|p2a: Ogerpon|move: Protect\n|move|p2b: Tornadus|Tailwind|p2b: Tornadus\n|-sidestart|p2: yeetthe pokemon|move: Tailwind\n|move|p1b: Brute Bonnet|Spore|p2a: Ogerpon\n|-activate|p2a: Ogerpon|move: Protect\n|\n|upkeep\n|turn|6\n|inactive|Plazmic has 30 seconds left.\n|\n|t:|1699848633\n|move|p1b: Brute Bonnet|Protect|p1b: Brute Bonnet\n|-singleturn|p1b: Brute Bonnet|Protect\n|move|p2b: Tornadus|Taunt|p1b: Brute Bonnet\n|-activate|p1b: Brute Bonnet|move: Protect\n|move|p2a: Ogerpon|Horn Leech|p1a: Flutter Mane\n|-damage|p1a: Flutter Mane|0 fnt\n|-heal|p2a: Ogerpon|83\/100|[from] drain|[of] p1a: Flutter Mane\n|faint|p1a: Flutter Mane\n|-end|p1a: Flutter Mane|Protosynthesis|[silent]\n|\n|upkeep\n|\n|t:|1699848644\n|switch|p1a: Urshifu|Urshifu-Rapid-Strike, L50, F|100\/100\n|turn|7\n|inactive|Plazmic has 30 seconds left.\n|\n|t:|1699848673\n|move|p2b: Tornadus|Taunt|p1b: Brute Bonnet\n|-hint|Since gen 7, Dark is immune to Prankster moves.\n|-immune|p1b: Brute Bonnet\n|move|p2a: Ogerpon|Horn Leech|p1a: Urshifu\n|-supereffective|p1a: Urshifu\n|-damage|p1a: Urshifu|7\/100\n|-heal|p2a: Ogerpon|100\/100|[from] drain|[of] p1a: Urshifu\n|move|p1a: Urshifu|Drain Punch|p2a: Ogerpon\n|-damage|p2a: Ogerpon|52\/100\n|-heal|p1a: Urshifu|31\/100|[from] drain|[of] p2a: Ogerpon\n|move|p1b: Brute Bonnet|Spore|p2b: Tornadus\n|-status|p2b: Tornadus|slp|[from] move: Spore\n|\n|upkeep\n|turn|8\n|\n|t:|1699848698\n|move|p1b: Brute Bonnet|Rage Powder|p1b: Brute Bonnet\n|-singleturn|p1b: Brute Bonnet|move: Rage Powder\n|move|p2a: Ogerpon|Horn Leech|p1b: Brute Bonnet\n|-resisted|p1b: Brute Bonnet\n|-damage|p1b: Brute Bonnet|83\/100\n|-heal|p2a: Ogerpon|62\/100|[from] drain|[of] p1b: Brute Bonnet\n|cant|p2b: Tornadus|slp\n|move|p1a: Urshifu|Drain Punch|p2a: Ogerpon\n|-damage|p2a: Ogerpon|12\/100\n|-heal|p1a: Urshifu|56\/100|[from] drain|[of] p2a: Ogerpon\n|\n|-heal|p1b: Brute Bonnet|90\/100|[from] item: Leftovers\n|-sideend|p2: yeetthe pokemon|move: Tailwind\n|upkeep\n|turn|9\n|\n|t:|1699848718\n|move|p1b: Brute Bonnet|Rage Powder|p1b: Brute Bonnet\n|-singleturn|p1b: Brute Bonnet|move: Rage Powder\n|cant|p2b: Tornadus|slp\n|move|p1a: Urshifu|Drain Punch|p2a: Ogerpon\n|-damage|p2a: Ogerpon|0 fnt\n|-heal|p1a: Urshifu|62\/100|[from] drain|[of] p2a: Ogerpon\n|faint|p2a: Ogerpon\n|\n|-heal|p1b: Brute Bonnet|96\/100|[from] item: Leftovers\n|upkeep\n|\n|t:|1699848723\n|switch|p2a: Tauros|Tauros-Paldea-Blaze, L50, M|100\/100\n|-ability|p2a: Tauros|Intimidate|boost\n|-unboost|p1a: Urshifu|atk|1\n|-unboost|p1b: Brute Bonnet|atk|1\n|turn|10\n|inactive|Plazmic has 30 seconds left.\n|\n|t:|1699848749\n|-terastallize|p1a: Urshifu|Water\n|-curestatus|p2b: Tornadus|slp|[msg]\n|move|p2b: Tornadus|Tailwind|p2b: Tornadus\n|-sidestart|p2: yeetthe pokemon|move: Tailwind\n|move|p2a: Tauros|Close Combat|p1b: Brute Bonnet\n|-supereffective|p1b: Brute Bonnet\n|-damage|p1b: Brute Bonnet|23\/100\n|-unboost|p2a: Tauros|def|1\n|-unboost|p2a: Tauros|spd|1\n|move|p1a: Urshifu|Drain Punch|p2a: Tauros\n|-damage|p2a: Tauros|60\/100\n|-heal|p1a: Urshifu|82\/100|[from] drain|[of] p2a: Tauros\n|move|p1b: Brute Bonnet|Spore|p2b: Tornadus\n|-status|p2b: Tornadus|slp|[from] move: Spore\n|\n|-heal|p1b: Brute Bonnet|30\/100|[from] item: Leftovers\n|upkeep\n|turn|11\n|\n|t:|1699848772\n|move|p1b: Brute Bonnet|Protect|p1b: Brute Bonnet\n|-singleturn|p1b: Brute Bonnet|Protect\n|move|p2a: Tauros|Will-O-Wisp|p1a: Urshifu\n|-status|p1a: Urshifu|brn\n|cant|p2b: Tornadus|slp\n|move|p1a: Urshifu|Drain Punch|p2a: Tauros\n|-damage|p2a: Tauros|38\/100\n|-heal|p1a: Urshifu|93\/100 brn|[from] drain|[of] p2a: Tauros\n|\n|-heal|p1b: Brute Bonnet|36\/100|[from] item: Leftovers\n|-damage|p1a: Urshifu|86\/100 brn|[from] brn\n|upkeep\n|turn|12\n|\n|t:|1699848795\n|move|p2a: Tauros|Protect|p2a: Tauros\n|-singleturn|p2a: Tauros|Protect\n|cant|p2b: Tornadus|slp\n|move|p1a: Urshifu|Drain Punch|p2a: Tauros\n|-damage|p2a: Tauros|19\/100\n|-heal|p1a: Urshifu|96\/100 brn|[from] drain|[of] p2a: Tauros\n|move|p1b: Brute Bonnet|Spore|p2a: Tauros\n|-activate|p2a: Tauros|move: Protect\n|\n|-heal|p1b: Brute Bonnet|42\/100|[from] item: Leftovers\n|-damage|p1a: Urshifu|90\/100 brn|[from] brn\n|upkeep\n|turn|13\n|\n|t:|1699848815\n|move|p2a: Tauros|Raging Bull|p1b: Brute Bonnet\n|-supereffective|p1b: Brute Bonnet\n|-damage|p1b: Brute Bonnet|0 fnt\n|faint|p1b: Brute Bonnet\n|-end|p1b: Brute Bonnet|Protosynthesis|[silent]\n|cant|p2b: Tornadus|slp\n|move|p1a: Urshifu|Drain Punch|p2a: Tauros\n|-crit|p2a: Tauros\n|-damage|p2a: Tauros|0 fnt\n|-heal|p1a: Urshifu|99\/100 brn|[from] drain|[of] p2a: Tauros\n|faint|p2a: Tauros\n|\n|-damage|p1a: Urshifu|93\/100 brn|[from] brn\n|-sideend|p2: yeetthe pokemon|move: Tailwind\n|upkeep\n|turn|14\n|\n|t:|1699848832\n|move|p1a: Urshifu|Drain Punch|p2b: Tornadus\n|-resisted|p2b: Tornadus\n|-damage|p2b: Tornadus|94\/100 slp\n|-heal|p1a: Urshifu|96\/100 brn|[from] drain|[of] p2b: Tornadus\n|-curestatus|p2b: Tornadus|slp|[msg]\n|move|p2b: Tornadus|Bleakwind Storm|p1a: Urshifu\n|-damage|p1a: Urshifu|26\/100 brn\n|-unboost|p1a: Urshifu|spe|1\n|\n|-damage|p1a: Urshifu|20\/100 brn|[from] brn\n|upkeep\n|turn|15\n|\n|t:|1699848847\n|move|p1a: Urshifu|Drain Punch|p2b: Tornadus\n|-resisted|p2b: Tornadus\n|-damage|p2b: Tornadus|87\/100\n|-heal|p1a: Urshifu|24\/100 brn|[from] drain|[of] p2b: Tornadus\n|move|p2b: Tornadus|Bleakwind Storm|p1a: Urshifu\n|-damage|p1a: Urshifu|0 fnt\n|faint|p1a: Urshifu\n|\n|win|yeetthe pokemon\n|raw|Plazmic's rating: 1048 &rarr; <strong>1030<\/strong><br \/>(-18 for losing)\n|raw|yeetthe pokemon's rating: 1037 &rarr; <strong>1073<\/strong><br \/>(+36 for winning)\n","uploadtime":1699848851,"views":24,"p1id":"plazmic","p2id":"yeetthepokemon","formatid":"gen9vgc2023regulatione","rating":1030,"private":0,"password":""}