{"id":"gen9vgc2023regulatione-1989100888","p1":"pkmnbongocat","p2":"Playeroftheone1","format":"[Gen 9] VGC 2023 Regulation E","log":"|j|\u2606pkmnbongocat\n|j|\u2606Playeroftheone1\n|t:|1699812249\n|gametype|doubles\n|player|p1|pkmnbongocat|169|1150\n|player|p2|Playeroftheone1|veteran|1054\n|teamsize|p1|6\n|teamsize|p2|6\n|gen|9\n|tier|[Gen 9] VGC 2023 Regulation E\n|rated|\n|rule|Species Clause: Limit one of each Pok\u00e9mon\n|rule|Item Clause: Limit one of each item\n|clearpoke\n|poke|p1|Roaring Moon, L50|\n|poke|p1|Empoleon, L50, M|\n|poke|p1|Ogerpon-Hearthflame, L50, F|\n|poke|p1|Landorus-Therian, L50, M|\n|poke|p1|Flutter Mane, L50|\n|poke|p1|Iron Hands, L50|\n|poke|p2|Spectrier, L50|\n|poke|p2|Regidrago, L50|\n|poke|p2|Urshifu-*, L50, M|\n|poke|p2|Rillaboom, L50, M|\n|poke|p2|Chien-Pao, L50|\n|poke|p2|Heatran, L50, F|\n|teampreview|4\n|\n|t:|1699812278\n|start\n|switch|p1a: Roaring Moon|Roaring Moon, L50|100\/100\n|switch|p1b: Iron Hands|Iron Hands, L50|100\/100\n|switch|p2a: Regidrago|Regidrago, L50|100\/100\n|switch|p2b: Rillaboom|Rillaboom, L50, M|100\/100\n|-enditem|p1a: Roaring Moon|Booster Energy\n|-activate|p1a: Roaring Moon|ability: Protosynthesis|[fromitem]\n|-start|p1a: Roaring Moon|protosynthesisspe\n|turn|1\n|\n|t:|1699812305\n|-terastallize|p2a: Regidrago|Dragon\n|move|p1a: Roaring Moon|Protect|p1a: Roaring Moon\n|-singleturn|p1a: Roaring Moon|Protect\n|move|p2b: Rillaboom|Fake Out|p1b: Iron Hands\n|-damage|p1b: Iron Hands|91\/100\n|move|p2a: Regidrago|Dragon Energy|p1b: Iron Hands|[spread] p1b\n|-activate|p1a: Roaring Moon|move: Protect\n|-damage|p1b: Iron Hands|27\/100\n|cant|p1b: Iron Hands|flinch\n|\n|upkeep\n|turn|2\n|\n|t:|1699812338\n|-end|p1b: Iron Hands|Quark Drive|[silent]\n|switch|p1b: Ogerpon|Ogerpon-Hearthflame, L50, F|100\/100\n|-ability|p1b: Ogerpon|Mold Breaker\n|-terastallize|p1a: Roaring Moon|Flying\n|move|p1a: Roaring Moon|Acrobatics|p2a: Regidrago\n|-damage|p2a: Regidrago|33\/100\n|move|p2b: Rillaboom|U-turn|p1a: Roaring Moon\n|-resisted|p1a: Roaring Moon\n|-damage|p1a: Roaring Moon|87\/100\n|\n|t:|1699812350\n|switch|p2b: Chien-Pao|Chien-Pao, L50|100\/100|[from] U-turn\n|-ability|p2b: Chien-Pao|Sword of Ruin\n|move|p2a: Regidrago|Dragon Energy|p1b: Ogerpon|[spread] p1a,p1b\n|-damage|p1a: Roaring Moon|50\/100\n|-damage|p1b: Ogerpon|59\/100\n|\n|upkeep\n|turn|3\n|\n|t:|1699812373\n|move|p1b: Ogerpon|Spiky Shield|p1b: Ogerpon\n|-singleturn|p1b: Ogerpon|move: Protect\n|move|p2a: Regidrago|Protect|p2a: Regidrago\n|-singleturn|p2a: Regidrago|Protect\n|move|p1a: Roaring Moon|Tailwind|p1a: Roaring Moon\n|-sidestart|p1: pkmnbongocat|move: Tailwind\n|move|p2b: Chien-Pao|Icicle Crash|p1b: Ogerpon\n|-activate|p1b: Ogerpon|move: Protect\n|\n|upkeep\n|turn|4\n|\n|t:|1699812397\n|switch|p2a: Heatran|Heatran, L50, F|100\/100\n|move|p1a: Roaring Moon|Acrobatics|p2b: Chien-Pao\n|-damage|p2b: Chien-Pao|19\/100\n|move|p1b: Ogerpon|Ivy Cudgel|p2b: Chien-Pao\n|-supereffective|p2b: Chien-Pao\n|-damage|p2b: Chien-Pao|0 fnt\n|faint|p2b: Chien-Pao\n|\n|upkeep\n|\n|t:|1699812407\n|switch|p2b: Rillaboom|Rillaboom, L50, M|100\/100\n|turn|5\n|\n|t:|1699812423\n|move|p2b: Rillaboom|Fake Out|p1b: Ogerpon\n|-damage|p1b: Ogerpon|43\/100\n|move|p1a: Roaring Moon|Acrobatics|p2b: Rillaboom\n|-supereffective|p2b: Rillaboom\n|-damage|p2b: Rillaboom|0 fnt\n|faint|p2b: Rillaboom\n|cant|p1b: Ogerpon|flinch\n|move|p2a: Heatran|Heat Wave|p1a: Roaring Moon|[spread] p1a,p1b\n|-damage|p1a: Roaring Moon|14\/100\n|-damage|p1b: Ogerpon|3\/100\n|\n|upkeep\n|\n|t:|1699812434\n|switch|p2b: Regidrago|Regidrago, L50, tera:Dragon|33\/100\n|turn|6\n|\n|t:|1699812450\n|move|p2b: Regidrago|Protect|p2b: Regidrago\n|-singleturn|p2b: Regidrago|Protect\n|move|p1a: Roaring Moon|Knock Off|p2a: Heatran\n|-damage|p2a: Heatran|59\/100\n|-enditem|p2a: Heatran|Leftovers|[from] move: Knock Off|[of] p1a: Roaring Moon\n|move|p1b: Ogerpon|Ivy Cudgel|p2a: Heatran\n|-crit|p2a: Heatran\n|-damage|p2a: Heatran|0 fnt\n|faint|p2a: Heatran\n|\n|-sideend|p1: pkmnbongocat|move: Tailwind\n|upkeep\n|turn|7\n|-message|Playeroftheone1 forfeited.\n|\n|win|pkmnbongocat\n|raw|pkmnbongocat's rating: 1150 &rarr; <strong>1168<\/strong><br \/>(+18 for winning)\n|raw|Playeroftheone1's rating: 1054 &rarr; <strong>1041<\/strong><br \/>(-13 for losing)\n|l|\u2606Playeroftheone1\n","uploadtime":1699812469,"views":13,"p1id":"pkmnbongocat","p2id":"playeroftheone1","formatid":"gen9vgc2023regulatione","rating":1041,"private":0,"password":""}