{"id":"gen9vgc2023regulatione-1994932507","p1":"sike038","p2":"kidturtle","format":"[Gen 9] VGC 2023 Regulation E","log":"|j|\u2606sike038\n|j|\u2606kidturtle\n|n|\u2606sike038|sike038\n|n|\u2606kidturtle|kidturtle\n|html|View the match progress at <a href=\"\/game-bestof3-gen9vgc2023regulatione-1994929537\">game-bestof3-gen9vgc2023regulatione-1994929537<\/a>\n|t:|1700505844\n|gametype|doubles\n|player|p1|sike038|gardenia|\n|player|p2|kidturtle|hoopster|\n|teamsize|p1|6\n|teamsize|p2|6\n|gen|9\n|tier|[Gen 9] VGC 2023 Regulation E\n|rated|Tournament battle\n|rule|Species Clause: Limit one of each Pok\u00e9mon\n|rule|Item Clause: Limit one of each item\n|clearpoke\n|poke|p1|Regidrago, L50|\n|poke|p1|Tornadus, L50, M|\n|poke|p1|Indeedee-F, L50, F|\n|poke|p1|Amoonguss, L50, M|\n|poke|p1|Arcanine-Hisui, L50, F|\n|poke|p1|Ursaluna-Bloodmoon, L50, M|\n|poke|p2|Ursaluna, L50, M|\n|poke|p2|Cresselia, L50, F|\n|poke|p2|Flutter Mane, L50|\n|poke|p2|Chi-Yu, L50|\n|poke|p2|Iron Hands, L50|\n|poke|p2|Urshifu-*, L50, M|\n|teampreview|4\n|showteam|p1|Regidrago||DragonFang|DragonsMaw|DragonEnergy,DracoMeteor,EarthPower,Protect||||||50|,,,,,Steel]Tornadus||CovertCloak|Prankster|Tailwind,Taunt,BleakwindStorm,RainDance|||M|||50|,,,,,Dark]Indeedee-F||SafetyGoggles|PsychicSurge|FollowMe,HelpingHand,DazzlingGleam,TrickRoom|||F|||50|,,,,,Fairy]Amoonguss||RockyHelmet|Regenerator|RagePowder,PollenPuff,Spore,GrassKnot|||M|||50|,,,,,Water]Arcanine-Hisui||ChoiceBand|Intimidate|RockSlide,FlareBlitz,ExtremeSpeed,TeraBlast|||F|||50|,,,,,Fairy]Ursaluna-Bloodmoon||ThroatSpray|MindsEye|HyperVoice,BloodMoon,EarthPower,Protect|||M|||50|,,,,,Normal\n|showteam|p2|Ursaluna||FlameOrb|Guts|Facade,Earthquake,SwordsDance,Protect|||M|||50|,,,,,Ghost]Cresselia||MentalHerb|Levitate|IceBeam,AllySwitch,LunarBlessing,TrickRoom|||F|||50|,,,,,Fairy]Flutter Mane||BoosterEnergy|Protosynthesis|IcyWind,ShadowBall,Moonblast,Protect||||||50|,,,,,Fairy]Chi-Yu||ChoiceSpecs|BeadsofRuin|BurningJealousy,DarkPulse,Overheat,Snarl||||||50|,,,,,Ghost]Iron Hands||SitrusBerry|QuarkDrive|DrainPunch,WildCharge,FakeOut,SwordsDance||||||50|,,,,,Fire]Urshifu||FocusSash|UnseenFist|Detect,WickedBlow,CloseCombat,SuckerPunch|||M|||50|,,,,,Dark\n|inactive|Battle timer is ON: inactive players will automatically lose when time's up. (requested by kidturtle)\n|j|%Radio Free C-Side\n|inactive|sike038 has 60 seconds left.\n|\n|t:|1700505881\n|start\n|switch|p1a: Tornadus|Tornadus, L50, M|100\/100\n|switch|p1b: Amoonguss|Amoonguss, L50, M|100\/100\n|switch|p2a: Iron Hands|Iron Hands, L50|100\/100\n|switch|p2b: Cresselia|Cresselia, L50, F|100\/100\n|turn|1\n|inactive|sike038 has 30 seconds left.\n|inactive|sike038 has 20 seconds left.\n|\n|t:|1700505916\n|move|p1a: Tornadus|Bleakwind Storm|p2a: Iron Hands|[spread] p2a\n|-miss|p1a: Tornadus|p2b: Cresselia\n|-damage|p2a: Iron Hands|74\/100\n|move|p2a: Iron Hands|Wild Charge|p1a: Tornadus\n|-supereffective|p1a: Tornadus\n|-damage|p1a: Tornadus|0 fnt\n|faint|p1a: Tornadus\n|-damage|p2a: Iron Hands|55\/100|[from] Recoil\n|move|p1b: Amoonguss|Spore|p2b: Cresselia\n|-status|p2b: Cresselia|slp|[from] move: Spore\n|cant|p2b: Cresselia|slp\n|\n|upkeep\n|\n|t:|1700505930\n|switch|p1a: Arcanine|Arcanine-Hisui, L50, F|100\/100\n|-ability|p1a: Arcanine|Intimidate|boost\n|-unboost|p2a: Iron Hands|atk|1\n|-unboost|p2b: Cresselia|atk|1\n|turn|2\n|\n|t:|1700505947\n|-terastallize|p1a: Arcanine|Fairy\n|move|p1b: Amoonguss|Rage Powder|p1b: Amoonguss\n|-singleturn|p1b: Amoonguss|move: Rage Powder\n|move|p1a: Arcanine|Tera Blast|p2a: Iron Hands|[anim] Tera Blast Fairy\n|-supereffective|p2a: Iron Hands\n|-damage|p2a: Iron Hands|0 fnt\n|faint|p2a: Iron Hands\n|-end|p2a: Iron Hands|Quark Drive|[silent]\n|-curestatus|p2b: Cresselia|slp|[msg]\n|move|p2b: Cresselia|Trick Room|p2b: Cresselia\n|-fieldstart|move: Trick Room|[of] p2b: Cresselia\n|\n|upkeep\n|\n|t:|1700505953\n|switch|p2a: Ursaluna|Ursaluna, L50, M|100\/100\n|turn|3\n|\n|t:|1700505965\n|move|p2a: Ursaluna|Protect|p2a: Ursaluna\n|-singleturn|p2a: Ursaluna|Protect\n|move|p2b: Cresselia|Ally Switch|p2b: Cresselia\n|swap|p2b: Cresselia|0|[from] move: Ally Switch\n|move|p1b: Amoonguss|Spore|p2b: Ursaluna\n|-activate|p2b: Ursaluna|move: Protect\n|move|p1a: Arcanine|Tera Blast|p2b: Ursaluna|[anim] Tera Blast Fairy\n|-activate|p2b: Ursaluna|move: Protect\n|\n|-status|p2b: Ursaluna|brn|[from] item: Flame Orb\n|upkeep\n|turn|4\n|\n|t:|1700505986\n|switch|p1a: Regidrago|Regidrago, L50|100\/100\n|move|p2a: Cresselia|Ally Switch|p2a: Cresselia\n|swap|p2a: Cresselia|1|[from] move: Ally Switch\n|move|p2a: Ursaluna|Earthquake|p1b: Amoonguss|[spread] p1a,p1b\n|-immune|p2b: Cresselia|[from] ability: Levitate\n|-damage|p1a: Regidrago|32\/100\n|-damage|p1b: Amoonguss|45\/100\n|move|p1b: Amoonguss|Grass Knot|p2b: Cresselia\n|-damage|p2b: Cresselia|85\/100\n|\n|-damage|p2a: Ursaluna|95\/100 brn|[from] brn\n|upkeep\n|turn|5\n|c|%Radio Free C-Side|solid 15%\n|c|\u2606sike038|damn\n|inactive|sike038 has 30 seconds left.\n|inactive|kidturtle has 30 seconds left.\n|\n|t:|1700506020\n|switch|p1b: Arcanine|Arcanine-Hisui, L50, F, tera:Fairy|100\/100\n|-ability|p1b: Arcanine|Intimidate|boost\n|-unboost|p2a: Ursaluna|atk|1\n|-unboost|p2b: Cresselia|atk|1\n|-terastallize|p2a: Ursaluna|Ghost\n|move|p2a: Ursaluna|Earthquake|p1b: Arcanine|[spread] p1a,p1b\n|-immune|p2b: Cresselia|[from] ability: Levitate\n|-damage|p1a: Regidrago|0 fnt\n|-damage|p1b: Arcanine|41\/100\n|faint|p1a: Regidrago\n|move|p2b: Cresselia|Ice Beam|p1b: Arcanine\n|-damage|p1b: Arcanine|22\/100\n|\n|-damage|p2a: Ursaluna|89\/100 brn|[from] brn\n|upkeep\n|\n|t:|1700506033\n|switch|p1a: Amoonguss|Amoonguss, L50, M|78\/100\n|turn|6\n|\n|t:|1700506047\n|move|p1b: Arcanine|Extreme Speed|p2a: Ursaluna\n|-immune|p2a: Ursaluna\n|move|p2a: Ursaluna|Earthquake|p1a: Amoonguss|[spread] p1a,p1b\n|-immune|p2b: Cresselia|[from] ability: Levitate\n|-damage|p1a: Amoonguss|44\/100\n|-damage|p1b: Arcanine|0 fnt\n|faint|p1b: Arcanine\n|move|p1a: Amoonguss|Grass Knot|p2a: Ursaluna\n|-damage|p2a: Ursaluna|55\/100 brn\n|move|p2b: Cresselia|Ice Beam|p1a: Amoonguss\n|-supereffective|p1a: Amoonguss\n|-damage|p1a: Amoonguss|15\/100\n|\n|-damage|p2a: Ursaluna|49\/100 brn|[from] brn\n|-fieldend|move: Trick Room\n|upkeep\n|turn|7\n|\n|t:|1700506061\n|move|p2b: Cresselia|Ice Beam|p1a: Amoonguss\n|-supereffective|p1a: Amoonguss\n|-damage|p1a: Amoonguss|0 fnt\n|faint|p1a: Amoonguss\n|\n|win|kidturtle\n|c|\u2606sike038|gg wp\n|c|\u2606kidturtle|gg\n","uploadtime":1700506072,"views":1,"p1id":"sike038","p2id":"kidturtle","formatid":"gen9vgc2023regulatione","rating":0,"private":0,"password":""}