{"id":"gen9vgc2023regulatione-1996394364","p1":"wafflemetal","p2":"Thehoppa117","format":"[Gen 9] VGC 2023 Regulation E","log":"|j|\u2606wafflemetal\n|j|\u2606Thehoppa117\n|t:|1700677868\n|gametype|doubles\n|player|p1|wafflemetal|2|1260\n|player|p2|Thehoppa117|benga|1191\n|teamsize|p1|6\n|teamsize|p2|6\n|gen|9\n|tier|[Gen 9] VGC 2023 Regulation E\n|rated|\n|rule|Species Clause: Limit one of each Pok\u00e9mon\n|rule|Item Clause: Limit one of each item\n|clearpoke\n|poke|p1|Flutter Mane, L50|\n|poke|p1|Ogerpon-Wellspring, L50, F|\n|poke|p1|Iron Hands, L50|\n|poke|p1|Clefairy, L50, M|\n|poke|p1|Kingambit, L50, F|\n|poke|p1|Landorus-Therian, L50, M|\n|poke|p2|Iron Jugulis, L50|\n|poke|p2|Iron Hands, L50|\n|poke|p2|Iron Moth, L50|\n|poke|p2|Ogerpon-Hearthflame, L50, F|\n|poke|p2|Flutter Mane, L50|\n|poke|p2|Sinistcha, L50|\n|teampreview|4\n|inactive|Battle timer is ON: inactive players will automatically lose when time's up. (requested by Thehoppa117)\n|inactive|wafflemetal has 60 seconds left.\n|inactive|Thehoppa117 has 60 seconds left.\n|\n|t:|1700677903\n|start\n|switch|p1a: Ogerpon|Ogerpon-Wellspring, L50, F|100\/100\n|switch|p1b: clefa|Clefairy, L50, M|100\/100\n|switch|p2a: Iron Jugulis|Iron Jugulis, L50|100\/100\n|switch|p2b: Flutter Mane|Flutter Mane, L50|100\/100\n|-enditem|p2a: Iron Jugulis|Booster Energy\n|-activate|p2a: Iron Jugulis|ability: Quark Drive|[fromitem]\n|-start|p2a: Iron Jugulis|quarkdrivespe\n|turn|1\n|inactive|wafflemetal has 30 seconds left.\n|inactive|Thehoppa117 has 30 seconds left.\n|\n|t:|1700677938\n|-terastallize|p1a: Ogerpon|Water\n|detailschange|p1a: Ogerpon|Ogerpon-Wellspring-Tera, L50, F, tera:Water\n|-ability|p1a: Ogerpon|Embody Aspect (Wellspring)|boost\n|-boost|p1a: Ogerpon|spd|1\n|move|p1b: clefa|Follow Me|p1b: clefa\n|-singleturn|p1b: clefa|move: Follow Me\n|move|p2a: Iron Jugulis|Electric Terrain|p2a: Iron Jugulis\n|-fieldstart|move: Electric Terrain\n|move|p2b: Flutter Mane|Dazzling Gleam|p1b: clefa|[spread] p1a,p1b\n|-damage|p1a: Ogerpon|77\/100\n|-damage|p1b: clefa|65\/100\n|-damage|p2b: Flutter Mane|90\/100|[from] item: Life Orb\n|move|p1a: Ogerpon|Ivy Cudgel|p2b: Flutter Mane|[anim] Ivy Cudgel Water\n|-damage|p2b: Flutter Mane|0 fnt\n|faint|p2b: Flutter Mane\n|-end|p2b: Flutter Mane|Protosynthesis|[silent]\n|\n|upkeep\n|\n|t:|1700677950\n|switch|p2b: Iron Moth|Iron Moth, L50|100\/100\n|-activate|p2b: Iron Moth|ability: Quark Drive\n|-start|p2b: Iron Moth|quarkdrivespa\n|turn|2\n|\n|t:|1700677961\n|-terastallize|p2a: Iron Jugulis|Steel\n|move|p1b: clefa|Follow Me|p1b: clefa\n|-singleturn|p1b: clefa|move: Follow Me\n|move|p2a: Iron Jugulis|Tailwind|p2a: Iron Jugulis\n|-sidestart|p2: Thehoppa117|move: Tailwind\n|move|p2b: Iron Moth|Sludge Wave|p1b: clefa|[spread] p1a,p1b\n|-immune|p2a: Iron Jugulis\n|-supereffective|p1b: clefa\n|-damage|p1a: Ogerpon|48\/100\n|-damage|p1b: clefa|0 fnt\n|faint|p1b: clefa\n|move|p1a: Ogerpon|Ivy Cudgel|p2b: Iron Moth|[anim] Ivy Cudgel Water\n|-supereffective|p2b: Iron Moth\n|-damage|p2b: Iron Moth|0 fnt\n|faint|p2b: Iron Moth\n|-end|p2b: Iron Moth|Quark Drive|[silent]\n|\n|upkeep\n|\n|t:|1700677976\n|switch|p2b: Iron Hands|Iron Hands, L50|100\/100\n|switch|p1b: Iron Hands|Iron Hands, L50|100\/100\n|-activate|p2b: Iron Hands|ability: Quark Drive\n|-start|p2b: Iron Hands|quarkdriveatk\n|-activate|p1b: Iron Hands|ability: Quark Drive\n|-start|p1b: Iron Hands|quarkdriveatk\n|turn|3\n|\n|t:|1700677992\n|move|p1a: Ogerpon|Spiky Shield|p1a: Ogerpon\n|-singleturn|p1a: Ogerpon|move: Protect\n|move|p2a: Iron Jugulis|Air Slash|p1a: Ogerpon\n|-activate|p1a: Ogerpon|move: Protect\n|move|p2b: Iron Hands|Drain Punch|p1b: Iron Hands\n|-damage|p1b: Iron Hands|56\/100\n|move|p1b: Iron Hands|Drain Punch|p2a: Iron Jugulis\n|-supereffective|p2a: Iron Jugulis\n|-damage|p2a: Iron Jugulis|0 fnt\n|-heal|p1b: Iron Hands|99\/100|[from] drain|[of] p2a: Iron Jugulis\n|faint|p2a: Iron Jugulis\n|-end|p2a: Iron Jugulis|Quark Drive|[silent]\n|\n|upkeep\n|turn|4\n|\n|t:|1700678008\n|move|p1a: Ogerpon|Horn Leech|p2b: Iron Hands\n|-damage|p2b: Iron Hands|74\/100\n|-heal|p1a: Ogerpon|70\/100|[from] drain|[of] p2b: Iron Hands\n|move|p2b: Iron Hands|Thunder Punch|p1a: Ogerpon\n|-supereffective|p1a: Ogerpon\n|-damage|p1a: Ogerpon|0 fnt\n|faint|p1a: Ogerpon\n|move|p1b: Iron Hands|Drain Punch|p2b: Iron Hands\n|-damage|p2b: Iron Hands|39\/100\n|-heal|p1b: Iron Hands|100\/100|[from] drain|[of] p2b: Iron Hands\n|\n|upkeep\n|\n|t:|1700678019\n|switch|p1a: Kingambit|Kingambit, L50, F|100\/100\n|turn|5\n|\n|t:|1700678026\n|move|p1a: Kingambit|Sucker Punch|p2b: Iron Hands\n|-resisted|p2b: Iron Hands\n|-damage|p2b: Iron Hands|25\/100\n|move|p2b: Iron Hands|Earthquake|p1b: Iron Hands|[spread] p1a,p1b\n|-supereffective|p1a: Kingambit\n|-supereffective|p1b: Iron Hands\n|-damage|p1a: Kingambit|37\/100\n|-damage|p1b: Iron Hands|46\/100\n|move|p1b: Iron Hands|Drain Punch|p2b: Iron Hands\n|-damage|p2b: Iron Hands|0 fnt\n|-heal|p1b: Iron Hands|60\/100|[from] drain|[of] p2b: Iron Hands\n|faint|p2b: Iron Hands\n|-end|p2b: Iron Hands|Quark Drive|[silent]\n|\n|win|wafflemetal\n|raw|wafflemetal's rating: 1260 &rarr; <strong>1280<\/strong><br \/>(+20 for winning)\n|raw|Thehoppa117's rating: 1191 &rarr; <strong>1171<\/strong><br \/>(-20 for losing)\n|l|\u2606wafflemetal\n","uploadtime":1700678064,"views":7,"p1id":"wafflemetal","p2id":"thehoppa117","formatid":"gen9vgc2023regulatione","rating":1171,"private":0,"password":""}