{"id":"gen9vgc2023regulatione-1988486183","p1":"I am cop","p2":"FunnyOwl27","format":"[Gen 9] VGC 2023 Regulation E","log":"|j|\u2606I am cop\n|j|\u2606FunnyOwl27\n|t:|1699728091\n|gametype|doubles\n|player|p1|I am cop|policeman-gen4|1025\n|player|p2|FunnyOwl27|giovanni|1121\n|teamsize|p1|6\n|teamsize|p2|6\n|gen|9\n|tier|[Gen 9] VGC 2023 Regulation E\n|rated|\n|rule|Species Clause: Limit one of each Pok\u00e9mon\n|rule|Item Clause: Limit one of each item\n|clearpoke\n|poke|p1|Farigiraf, L50, F|\n|poke|p1|Sinistcha, L50|\n|poke|p1|Salamence, L50, F|\n|poke|p1|Clefairy, L50, F|\n|poke|p1|Rillaboom, L50, F|\n|poke|p1|Poliwrath, L50, M|\n|poke|p2|Munkidori, L50, M|\n|poke|p2|Chi-Yu, L50|\n|poke|p2|Rillaboom, L50, F|\n|poke|p2|Sneasler, L50, F|\n|poke|p2|Tornadus, L50, M|\n|poke|p2|Iron Bundle, L50|\n|teampreview|4\nI am cop rejected open team sheets.\n|\n|t:|1699728136\n|start\n|switch|p1a: Clefairy|Clefairy, L50, F|100\/100\n|switch|p1b: Poliwrath|Poliwrath, L50, M|100\/100\n|switch|p2a: Rillaboom|Rillaboom, L50, F|100\/100\n|switch|p2b: Chi-Yu|Chi-Yu, L50|100\/100\n|-ability|p2b: Chi-Yu|Beads of Ruin\n|-fieldstart|move: Grassy Terrain|[from] ability: Grassy Surge|[of] p2a: Rillaboom\n|turn|1\n|\n|t:|1699728169\n|move|p2a: Rillaboom|Fake Out|p1b: Poliwrath\n|-crit|p1b: Poliwrath\n|-damage|p1b: Poliwrath|87\/100\n|move|p1a: Clefairy|Follow Me|p1a: Clefairy\n|-singleturn|p1a: Clefairy|move: Follow Me\n|move|p2b: Chi-Yu|Heat Wave|p1b: Poliwrath|[spread] p1a,p1b\n|-resisted|p1b: Poliwrath\n|-damage|p1a: Clefairy|61\/100\n|-damage|p1b: Poliwrath|67\/100\n|-damage|p2b: Chi-Yu|90\/100|[from] item: Life Orb\n|cant|p1b: Poliwrath|flinch\n|\n|-heal|p2b: Chi-Yu|97\/100|[from] Grassy Terrain\n|-heal|p1b: Poliwrath|73\/100|[from] Grassy Terrain\n|-heal|p1a: Clefairy|67\/100|[from] Grassy Terrain\n|upkeep\n|turn|2\n|\n|t:|1699728198\n|switch|p2b: Sneasler|Sneasler, L50, F|100\/100\n|-enditem|p2b: Sneasler|Grassy Seed\n|-boost|p2b: Sneasler|def|1|[from] item: Grassy Seed\n|-terastallize|p1b: Poliwrath|Poison\n|move|p2a: Rillaboom|Grassy Glide|p1b: Poliwrath\n|-resisted|p1b: Poliwrath\n|-crit|p1b: Poliwrath\n|-damage|p1b: Poliwrath|54\/100\n|move|p1b: Poliwrath|Belly Drum|p1b: Poliwrath\n|-damage|p1b: Poliwrath|4\/100\n|-setboost|p1b: Poliwrath|atk|6|[from] move: Belly Drum\n|-enditem|p1b: Poliwrath|Sitrus Berry|[eat]\n|-heal|p1b: Poliwrath|29\/100|[from] item: Sitrus Berry\n|move|p1a: Clefairy|Rain Dance|p1a: Clefairy\n|-weather|RainDance\n|\n|-weather|RainDance|[upkeep]\n|-heal|p1b: Poliwrath|35\/100|[from] Grassy Terrain\n|-heal|p1a: Clefairy|73\/100|[from] Grassy Terrain\n|upkeep\n|turn|3\n|\n|t:|1699728264\n|move|p2b: Sneasler|Close Combat|p1b: Poliwrath\n|-resisted|p1b: Poliwrath\n|-damage|p1b: Poliwrath|9\/100\n|-unboost|p2b: Sneasler|def|1\n|-unboost|p2b: Sneasler|spd|1\n|move|p1b: Poliwrath|Liquidation|p2b: Sneasler\n|-damage|p2b: Sneasler|0 fnt\n|faint|p2b: Sneasler\n|move|p2a: Rillaboom|Knock Off|p1a: Clefairy\n|-resisted|p1a: Clefairy\n|-damage|p1a: Clefairy|55\/100\n|-enditem|p1a: Clefairy|Eviolite|[from] move: Knock Off|[of] p2a: Rillaboom\n|move|p1a: Clefairy|Heal Pulse|p1b: Poliwrath\n|-heal|p1b: Poliwrath|59\/100\n|\n|-weather|RainDance|[upkeep]\n|-heal|p1b: Poliwrath|65\/100|[from] Grassy Terrain\n|-heal|p1a: Clefairy|62\/100|[from] Grassy Terrain\n|upkeep\n|\n|t:|1699728285\n|switch|p2b: Iron Bundle|Iron Bundle, L50|100\/100\n|-enditem|p2b: Iron Bundle|Booster Energy\n|-activate|p2b: Iron Bundle|ability: Quark Drive|[fromitem]\n|-start|p2b: Iron Bundle|quarkdrivespe\n|turn|4\n|\n|t:|1699728324\n|move|p1a: Clefairy|Follow Me|p1a: Clefairy\n|-singleturn|p1a: Clefairy|move: Follow Me\n|move|p2a: Rillaboom|Grassy Glide|p1a: Clefairy\n|-damage|p1a: Clefairy|0 fnt\n|faint|p1a: Clefairy\n|move|p2b: Iron Bundle|Hydro Pump|p1b: Poliwrath\n|-damage|p1b: Poliwrath|0 fnt\n|faint|p1b: Poliwrath\n|\n|-weather|RainDance|[upkeep]\n|upkeep\n|\n|t:|1699728353\n|switch|p1b: Farigiraf|Farigiraf, L50, F|100\/100\n|switch|p1a: Rillaboom|Rillaboom, L50, F|100\/100\n|turn|5\n|\n|t:|1699728395\n|switch|p2a: Chi-Yu|Chi-Yu, L50|97\/100\n|-ability|p2a: Chi-Yu|Beads of Ruin\n|move|p1a: Rillaboom|Fake Out|p2b: Iron Bundle\n|-damage|p2b: Iron Bundle|84\/100\n|cant|p2b: Iron Bundle|flinch\n|move|p1b: Farigiraf|Calm Mind|p1b: Farigiraf\n|-boost|p1b: Farigiraf|spa|1\n|-boost|p1b: Farigiraf|spd|1\n|\n|-weather|RainDance|[upkeep]\n|-heal|p2b: Iron Bundle|90\/100|[from] Grassy Terrain\n|-heal|p2a: Chi-Yu|100\/100|[from] Grassy Terrain\n|upkeep\n|turn|6\n|\n|t:|1699728437\n|-end|p2b: Iron Bundle|Quark Drive|[silent]\n|switch|p2b: Rillaboom|Rillaboom, L50, F|100\/100\n|move|p2a: Chi-Yu|Dark Pulse|p1b: Farigiraf\n|-supereffective|p1b: Farigiraf\n|-damage|p1b: Farigiraf|0 fnt\n|faint|p1b: Farigiraf\n|-damage|p2a: Chi-Yu|90\/100|[from] item: Life Orb\n|move|p1a: Rillaboom|High Horsepower|p2a: Chi-Yu\n|-supereffective|p2a: Chi-Yu\n|-damage|p2a: Chi-Yu|0 fnt\n|faint|p2a: Chi-Yu\n|\n|-weather|none\n|upkeep\n|\n|t:|1699728450\n|switch|p2a: Iron Bundle|Iron Bundle, L50|90\/100\n|turn|7\n|\n|t:|1699728459\n|-terastallize|p2a: Iron Bundle|Ice\n|move|p2b: Rillaboom|Fake Out|p1a: Rillaboom\n|-damage|p1a: Rillaboom|84\/100\n|move|p2a: Iron Bundle|Freeze-Dry|p1a: Rillaboom\n|-supereffective|p1a: Rillaboom\n|-damage|p1a: Rillaboom|0 fnt\n|faint|p1a: Rillaboom\n|\n|win|FunnyOwl27\n|raw|I am cop's rating: 1065 &rarr; <strong>1048<\/strong><br \/>(-17 for losing)\n|raw|FunnyOwl27's rating: 1121 &rarr; <strong>1142<\/strong><br \/>(+21 for winning)\n","uploadtime":1699728470,"views":17,"p1id":"iamcop","p2id":"funnyowl27","formatid":"gen9vgc2023regulatione","rating":1048,"private":0,"password":""}