{"id":"gen9vgc2023regulatione-1993780653","p1":"Berrybeans","p2":"LackieLackey","format":"[Gen 9] VGC 2023 Regulation E","log":"|j|\u2606Berrybeans\n|j|\u2606LackieLackey\n|n|\u2606Berrybeans|berrybeans\n|n|\u2606LackieLackey|lackielackey\n|html|View the match progress at <a href=\"\/game-bestof3-gen9vgc2023regulatione-1993776419\">game-bestof3-gen9vgc2023regulatione-1993776419<\/a>\n|t:|1700356420\n|gametype|doubles\n|player|p1|Berrybeans|benga|\n|player|p2|LackieLackey|102|\n|teamsize|p1|6\n|teamsize|p2|6\n|gen|9\n|tier|[Gen 9] VGC 2023 Regulation E\n|rule|Species Clause: Limit one of each Pok\u00e9mon\n|rule|Item Clause: Limit one of each item\n|clearpoke\n|poke|p1|Tauros-Paldea-Aqua, L50, M|\n|poke|p1|Cryogonal, L50|\n|poke|p1|Rotom-Heat, L50|\n|poke|p1|Sinistcha, L50|\n|poke|p1|Morgrem, L50, M|\n|poke|p1|Kommo-o, L50, M|\n|poke|p2|Ninetales, L50, M|\n|poke|p2|Victreebel, L50, M|\n|poke|p2|Thundurus-Therian, L50, M|\n|poke|p2|Houndstone, L50, M|\n|poke|p2|Murkrow, L50, F|\n|poke|p2|Heatran, L50, F|\n|teampreview|4\n|j| Stryke Out\n|j| LiluziHit\n|j| ryanogiggs11\n|j| kodiedunn\n|\n|t:|1700356465\n|start\n|switch|p1a: Tuxmux|Morgrem, L50, M|100\/100\n|switch|p1b: Just Dance|Kommo-o, L50, M|100\/100\n|switch|p2a: Murkrow|Murkrow, L50, F|100\/100\n|switch|p2b: Victreebel|Victreebel, L50, M|100\/100\n|turn|1\n|\n|t:|1700356496\n|switch|p1b: EZ bake|Rotom-Heat, L50|100\/100\n|move|p1a: Tuxmux|Fake Out|p2b: Victreebel\n|-damage|p2b: Victreebel|91\/100\n|move|p2a: Murkrow|Taunt|p1b: EZ bake\n|-start|p1b: EZ bake|move: Taunt\n|cant|p2b: Victreebel|flinch\n|\n|upkeep\n|turn|2\n|\n|t:|1700356534\n|-terastallize|p2b: Victreebel|Fire\n|move|p2a: Murkrow|Tailwind|p2a: Murkrow\n|-sidestart|p2: LackieLackey|move: Tailwind\n|move|p1a: Tuxmux|Scary Face|p2b: Victreebel\n|-unboost|p2b: Victreebel|spe|2\n|move|p2b: Victreebel|Sleep Powder|p1b: EZ bake\n|-status|p1b: EZ bake|slp|[from] move: Sleep Powder\n|cant|p1b: EZ bake|slp\n|\n|upkeep\n|turn|3\n|\n|t:|1700356556\n|move|p1a: Tuxmux|Parting Shot|p2b: Victreebel\n|-unboost|p2b: Victreebel|atk|1\n|-unboost|p2b: Victreebel|spa|1\n|\n|t:|1700356560\n|switch|p1a: Just Dance|Kommo-o, L50, M|100\/100|[from] Parting Shot\n|move|p2a: Murkrow|Brave Bird|p1a: Just Dance\n|-supereffective|p1a: Just Dance\n|-damage|p1a: Just Dance|11\/100\n|-damage|p2a: Murkrow|72\/100|[from] Recoil\n|move|p2b: Victreebel|Sludge Bomb|p1a: Just Dance\n|-immune|p1a: Just Dance|[from] ability: Bulletproof\n|-curestatus|p1b: EZ bake|slp|[msg]\n|move|p1b: EZ bake|Overheat|p2b: Victreebel\n|-resisted|p2b: Victreebel\n|-damage|p2b: Victreebel|17\/100\n|-unboost|p1b: EZ bake|spa|2\n|\n|-end|p1b: EZ bake|move: Taunt\n|upkeep\n|turn|4\n|\n|t:|1700356592\n|move|p2a: Murkrow|Brave Bird|p1a: Just Dance\n|-supereffective|p1a: Just Dance\n|-damage|p1a: Just Dance|0 fnt\n|faint|p1a: Just Dance\n|-damage|p2a: Murkrow|68\/100|[from] Recoil\n|move|p2b: Victreebel|Sleep Powder|p1b: EZ bake\n|-status|p1b: EZ bake|slp|[from] move: Sleep Powder\n|cant|p1b: EZ bake|slp\n|\n|upkeep\n|\n|t:|1700356607\n|switch|p1a: Tuxmux|Morgrem, L50, M|100\/100\n|turn|5\n|l| Stryke Out\n|\n|t:|1700356633\n|move|p1a: Tuxmux|Fake Out|p2b: Victreebel\n|-damage|p2b: Victreebel|8\/100\n|move|p2a: Murkrow|Brave Bird|p1a: Tuxmux\n|-damage|p1a: Tuxmux|28\/100\n|-damage|p2a: Murkrow|44\/100|[from] Recoil\n|cant|p2b: Victreebel|flinch\n|-curestatus|p1b: EZ bake|slp|[msg]\n|move|p1b: EZ bake|Overheat|p2b: Victreebel\n|-resisted|p2b: Victreebel\n|-damage|p2b: Victreebel|0 fnt\n|-unboost|p1b: EZ bake|spa|2\n|faint|p2b: Victreebel\n|\n|-sideend|p2: LackieLackey|move: Tailwind\n|upkeep\n|\n|t:|1700356639\n|switch|p2b: Ninetales|Ninetales, L50, M|100\/100\n|-weather|SunnyDay|[from] ability: Drought|[of] p2b: Ninetales\n|turn|6\n|\n|t:|1700356650\n|switch|p1b: Fancy a cuppa|Sinistcha, L50|100\/100\n|-heal|p1a: Tuxmux|53\/100|[from] ability: Hospitality|[of] p1b: Fancy a cuppa\n|move|p2a: Murkrow|Tailwind|p2a: Murkrow\n|-sidestart|p2: LackieLackey|move: Tailwind\n|move|p1a: Tuxmux|Scary Face|p2b: Ninetales\n|-unboost|p2b: Ninetales|spe|2\n|move|p2b: Ninetales|Heat Wave|p1a: Tuxmux|[spread] p1a,p1b\n|-supereffective|p1b: Fancy a cuppa\n|-damage|p1a: Tuxmux|20\/100\n|-damage|p1b: Fancy a cuppa|19\/100\n|\n|-weather|SunnyDay|[upkeep]\n|upkeep\n|turn|7\n|\n|t:|1700356688\n|switch|p1b: EZ bake|Rotom-Heat, L50|100\/100\n|move|p1a: Tuxmux|Scary Face|p2b: Ninetales\n|-unboost|p2b: Ninetales|spe|2\n|move|p2a: Murkrow|Brave Bird|p1b: EZ bake\n|-resisted|p1b: EZ bake\n|-damage|p1b: EZ bake|66\/100\n|-damage|p2a: Murkrow|34\/100|[from] Recoil\n|move|p2b: Ninetales|Heat Wave|p1a: Tuxmux|[spread] p1b\n|-miss|p2b: Ninetales|p1a: Tuxmux\n|-resisted|p1b: EZ bake\n|-damage|p1b: EZ bake|42\/100\n|\n|-weather|SunnyDay|[upkeep]\n|upkeep\n|turn|8\n|\n|t:|1700356726\n|move|p2a: Murkrow|Haze|p2a: Murkrow\n|-clearallboost\n|move|p1a: Tuxmux|Parting Shot|p2b: Ninetales\n|-unboost|p2b: Ninetales|atk|1\n|-unboost|p2b: Ninetales|spa|1\n|\n|t:|1700356732\n|switch|p1a: Fancy a cuppa|Sinistcha, L50|19\/100|[from] Parting Shot\n|-heal|p1b: EZ bake|66\/100|[from] ability: Hospitality|[of] p1a: Fancy a cuppa\n|move|p2b: Ninetales|Heat Wave|p1a: Fancy a cuppa|[spread] p1b\n|-miss|p2b: Ninetales|p1a: Fancy a cuppa\n|-resisted|p1b: EZ bake\n|-damage|p1b: EZ bake|50\/100\n|move|p1b: EZ bake|Thunderbolt|p2b: Ninetales\n|-damage|p2b: Ninetales|20\/100\n|\n|-weather|SunnyDay|[upkeep]\n|upkeep\n|turn|9\n|\n|t:|1700356782\n|switch|p1a: Tuxmux|Morgrem, L50, M|20\/100\n|move|p2b: Ninetales|Heat Wave|p1a: Tuxmux|[spread] p1a,p1b\n|-resisted|p1b: EZ bake\n|-damage|p1a: Tuxmux|0 fnt\n|-damage|p1b: EZ bake|32\/100\n|faint|p1a: Tuxmux\n|move|p2a: Murkrow|Brave Bird|p1b: EZ bake\n|-resisted|p1b: EZ bake\n|-damage|p1b: EZ bake|3\/100\n|-damage|p2a: Murkrow|26\/100|[from] Recoil\n|move|p1b: EZ bake|Thunderbolt|p2b: Ninetales\n|-damage|p2b: Ninetales|0 fnt\n|faint|p2b: Ninetales\n|\n|-weather|SunnyDay|[upkeep]\n|-sideend|p2: LackieLackey|move: Tailwind\n|upkeep\n|\n|t:|1700356796\n|switch|p2b: Houndstone|Houndstone, L50, M|100\/100\n|switch|p1a: Fancy a cuppa|Sinistcha, L50|19\/100\n|-heal|p1b: EZ bake|27\/100|[from] ability: Hospitality|[of] p1a: Fancy a cuppa\n|turn|10\n|\n|t:|1700356811\n|move|p1a: Fancy a cuppa|Rage Powder|p1a: Fancy a cuppa\n|-singleturn|p1a: Fancy a cuppa|move: Rage Powder\n|move|p2a: Murkrow|Tailwind|p2a: Murkrow\n|-sidestart|p2: LackieLackey|move: Tailwind\n|move|p2b: Houndstone|Last Respects|p1a: Fancy a cuppa\n|-supereffective|p1a: Fancy a cuppa\n|-damage|p1a: Fancy a cuppa|0 fnt\n|faint|p1a: Fancy a cuppa\n|move|p1b: EZ bake|Thunderbolt|p2b: Houndstone\n|-crit|p2b: Houndstone\n|-damage|p2b: Houndstone|0 fnt\n|faint|p2b: Houndstone\n|\n|-weather|none\n|upkeep\n|turn|11\n|\n|t:|1700356822\n|move|p2a: Murkrow|Brave Bird|p1b: EZ bake\n|-resisted|p1b: EZ bake\n|-damage|p1b: EZ bake|0 fnt\n|faint|p1b: EZ bake\n|-damage|p2a: Murkrow|18\/100|[from] Recoil\n|\n|win|LackieLackey\n|c|\u2606Berrybeans|gg\n|c|\u2606LackieLackey|gg\n|l|\u2606LackieLackey\n|j|\u2606LackieLackey\n|player|p2|LackieLackey|102\n","uploadtime":1700356921,"views":54,"p1id":"berrybeans","p2id":"lackielackey","formatid":"gen9vgc2023regulatione","rating":0,"private":0,"password":""}