{"id":"gen9vgc2023regulatione-1990560392","p1":"Frost314","p2":"qz201114B","format":"[Gen 9] VGC 2023 Regulation E","log":"|j|\u2606Frost314\n|j|\u2606qz201114B\n|t:|1699981490\n|gametype|doubles\n|player|p1|Frost314|backers|1090\n|player|p2|qz201114B|170|1000\n|teamsize|p1|6\n|teamsize|p2|6\n|gen|9\n|tier|[Gen 9] VGC 2023 Regulation E\n|rated|\n|rule|Species Clause: Limit one of each Pok\u00e9mon\n|rule|Item Clause: Limit one of each item\n|clearpoke\n|poke|p1|Raichu-Alola, L50, F|\n|poke|p1|Piloswine, L50, F|\n|poke|p1|Ninetales-Alola, L50, M|\n|poke|p1|Typhlosion, L50, M|\n|poke|p1|Jumpluff, L50, F|\n|poke|p1|Rillaboom, L50, F|\n|poke|p2|Tornadus, L50, M|\n|poke|p2|Volcarona, L50, F|\n|poke|p2|Basculegion, L50, M|\n|poke|p2|Ludicolo, L50, F|\n|poke|p2|Scizor, L50, F|\n|poke|p2|Flutter Mane, L50|\n|teampreview|4\n|inactive|Battle timer is ON: inactive players will automatically lose when time's up. (requested by Frost314)\n|\n|t:|1699981511\n|start\n|switch|p1a: Ninetales|Ninetales-Alola, L50, M|100\/100\n|switch|p1b: Piloswine|Piloswine, L50, F|100\/100\n|switch|p2a: Tornadus|Tornadus, L50, M|100\/100\n|switch|p2b: Ludicolo|Ludicolo, L50, F|100\/100\n|-weather|Snow|[from] ability: Snow Warning|[of] p1a: Ninetales\n|turn|1\n|\n|t:|1699981523\n|move|p2a: Tornadus|Rain Dance|p2a: Tornadus\n|-weather|RainDance\n|move|p2b: Ludicolo|Weather Ball|p1b: Piloswine\n|-supereffective|p1b: Piloswine\n|-damage|p1b: Piloswine|12\/100\n|move|p1a: Ninetales|Blizzard|p2a: Tornadus|[spread] p2a,p2b\n|-supereffective|p2a: Tornadus\n|-damage|p2a: Tornadus|35\/100\n|-damage|p2b: Ludicolo|81\/100\n|move|p1b: Piloswine|Trailblaze|p2b: Ludicolo\n|-damage|p2b: Ludicolo|58\/100\n|-boost|p1b: Piloswine|spe|1\n|\n|-weather|RainDance|[upkeep]\n|upkeep\n|turn|2\n|inactive|qz201114B has 30 seconds left.\n|\n|t:|1699981552\n|switch|p2a: Scizor|Scizor, L50, F|100\/100\n|switch|p1a: Rillaboom|Rillaboom, L50, F|100\/100\n|-fieldstart|move: Grassy Terrain|[from] ability: Grassy Surge|[of] p1a: Rillaboom\n|move|p1b: Piloswine|Protect|p1b: Piloswine\n|-singleturn|p1b: Piloswine|Protect\n|move|p2b: Ludicolo|Giga Drain|p1b: Piloswine\n|-activate|p1b: Piloswine|move: Protect\n|\n|-weather|RainDance|[upkeep]\n|-heal|p2b: Ludicolo|64\/100|[from] Grassy Terrain\n|-heal|p1b: Piloswine|18\/100|[from] Grassy Terrain\n|upkeep\n|turn|3\n|\n|t:|1699981569\n|switch|p1b: Jumpluff|Jumpluff, L50, F|100\/100\n|move|p2a: Scizor|Bullet Punch|p1b: Jumpluff\n|-damage|p1b: Jumpluff|59\/100\n|move|p2b: Ludicolo|Giga Drain|p1b: Jumpluff\n|-resisted|p1b: Jumpluff\n|-damage|p1b: Jumpluff|47\/100\n|-heal|p2b: Ludicolo|71\/100|[from] drain|[of] p1b: Jumpluff\n|move|p1a: Rillaboom|Sunny Day|p1a: Rillaboom\n|-weather|SunnyDay\n|\n|-weather|SunnyDay|[upkeep]\n|-heal|p1b: Jumpluff|53\/100|[from] item: Leftovers\n|-heal|p2b: Ludicolo|77\/100|[from] Grassy Terrain\n|upkeep\n|turn|4\n|\n|t:|1699981590\n|-terastallize|p1a: Rillaboom|Fighting\n|move|p2a: Scizor|Bullet Punch|p1b: Jumpluff\n|-damage|p1b: Jumpluff|11\/100\n|move|p1b: Jumpluff|Pollen Puff|p2b: Ludicolo\n|-supereffective|p2b: Ludicolo\n|-damage|p2b: Ludicolo|58\/100\n|move|p2b: Ludicolo|Weather Ball|p1b: Jumpluff\n|-supereffective|p1b: Jumpluff\n|-damage|p1b: Jumpluff|0 fnt\n|faint|p1b: Jumpluff\n|move|p1a: Rillaboom|Drain Punch|p2a: Scizor\n|-damage|p2a: Scizor|68\/100\n|\n|-weather|SunnyDay|[upkeep]\n|-heal|p2b: Ludicolo|63\/100|[from] Grassy Terrain\n|-heal|p2a: Scizor|74\/100|[from] Grassy Terrain\n|-heal|p2a: Scizor|80\/100|[from] item: Leftovers\n|upkeep\n|\n|t:|1699981609\n|switch|p1b: Ninetales|Ninetales-Alola, L50, M|100\/100\n|-weather|Snow|[from] ability: Snow Warning|[of] p1b: Ninetales\n|turn|5\n|\n|t:|1699981630\n|move|p1b: Ninetales|Protect|p1b: Ninetales\n|-singleturn|p1b: Ninetales|Protect\n|move|p2a: Scizor|Bullet Punch|p1b: Ninetales\n|-activate|p1b: Ninetales|move: Protect\n|move|p2b: Ludicolo|Giga Drain|p1b: Ninetales\n|-activate|p1b: Ninetales|move: Protect\n|move|p1a: Rillaboom|Drain Punch|p2a: Scizor\n|-damage|p2a: Scizor|51\/100\n|\n|-weather|Snow|[upkeep]\n|-heal|p2b: Ludicolo|69\/100|[from] Grassy Terrain\n|-heal|p2a: Scizor|57\/100|[from] Grassy Terrain\n|-heal|p2a: Scizor|63\/100|[from] item: Leftovers\n|upkeep\n|turn|6\n|\n|t:|1699981644\n|switch|p1b: Piloswine|Piloswine, L50, F|18\/100\n|switch|p2b: Volcarona|Volcarona, L50, F|100\/100\n|move|p2a: Scizor|Bullet Punch|p1b: Piloswine\n|-supereffective|p1b: Piloswine\n|-damage|p1b: Piloswine|0 fnt\n|faint|p1b: Piloswine\n|move|p1a: Rillaboom|Leech Seed|p2a: Scizor\n|-start|p2a: Scizor|move: Leech Seed\n|\n|-weather|Snow|[upkeep]\n|-heal|p2a: Scizor|69\/100|[from] Grassy Terrain\n|-heal|p2a: Scizor|76\/100|[from] item: Leftovers\n|-damage|p2a: Scizor|63\/100|[from] Leech Seed|[of] p1a: Rillaboom\n|-fieldend|move: Grassy Terrain\n|upkeep\n|\n|t:|1699981653\n|switch|p1b: Ninetales|Ninetales-Alola, L50, M|100\/100\n|turn|7\n|\n|t:|1699981661\n|move|p1b: Ninetales|Protect|p1b: Ninetales\n|-singleturn|p1b: Ninetales|Protect\n|move|p2b: Volcarona|Quiver Dance|p2b: Volcarona\n|-boost|p2b: Volcarona|spa|1\n|-boost|p2b: Volcarona|spd|1\n|-boost|p2b: Volcarona|spe|1\n|move|p1a: Rillaboom|Leech Seed|p2b: Volcarona\n|-start|p2b: Volcarona|move: Leech Seed\n|move|p2a: Scizor|Dual Wingbeat|p1a: Rillaboom\n|-supereffective|p1a: Rillaboom\n|-damage|p1a: Rillaboom|72\/100\n|-supereffective|p1a: Rillaboom\n|-damage|p1a: Rillaboom|41\/100\n|-hitcount|p1a: Rillaboom|2\n|\n|-weather|Snow|[upkeep]\n|-heal|p2a: Scizor|69\/100|[from] item: Leftovers\n|-damage|p2b: Volcarona|88\/100|[from] Leech Seed|[of] p1a: Rillaboom\n|-heal|p1a: Rillaboom|52\/100|[silent]\n|-damage|p2a: Scizor|57\/100|[from] Leech Seed|[of] p1a: Rillaboom\n|-heal|p1a: Rillaboom|63\/100|[silent]\n|upkeep\n|turn|8\n|\n|t:|1699981682\n|move|p2a: Scizor|Bullet Punch|p1b: Ninetales\n|-supereffective|p1b: Ninetales\n|-damage|p1b: Ninetales|0 fnt\n|faint|p1b: Ninetales\n|move|p2b: Volcarona|Giga Drain|p1a: Rillaboom\n|-damage|p1a: Rillaboom|26\/100\n|-heal|p2b: Volcarona|100\/100|[from] drain|[of] p1a: Rillaboom\n|move|p1a: Rillaboom|Drain Punch|p2a: Scizor\n|-damage|p2a: Scizor|24\/100\n|-heal|p1a: Rillaboom|40\/100|[from] drain|[of] p2a: Scizor\n|\n|-weather|Snow|[upkeep]\n|-heal|p2a: Scizor|30\/100|[from] item: Leftovers\n|-damage|p2b: Volcarona|88\/100|[from] Leech Seed|[of] p1a: Rillaboom\n|-heal|p1a: Rillaboom|52\/100|[silent]\n|-damage|p2a: Scizor|18\/100|[from] Leech Seed|[of] p1a: Rillaboom\n|-heal|p1a: Rillaboom|62\/100|[silent]\n|upkeep\n|turn|9\n|\n|t:|1699981694\n|switch|p2a: Tornadus|Tornadus, L50, M|35\/100\n|move|p1a: Rillaboom|Protect|p1a: Rillaboom\n|-singleturn|p1a: Rillaboom|Protect\n|move|p2b: Volcarona|Giga Drain|p1a: Rillaboom\n|-activate|p1a: Rillaboom|move: Protect\n|\n|-weather|none\n|-damage|p2b: Volcarona|75\/100|[from] Leech Seed|[of] p1a: Rillaboom\n|-heal|p1a: Rillaboom|74\/100|[silent]\n|upkeep\n|turn|10\n|\n|t:|1699981706\n|move|p2a: Tornadus|Rain Dance|p2a: Tornadus\n|-weather|RainDance\n|move|p2b: Volcarona|Hurricane|p1a: Rillaboom\n|-supereffective|p1a: Rillaboom\n|-damage|p1a: Rillaboom|0 fnt\n|faint|p1a: Rillaboom\n|\n|win|qz201114B\n|raw|Frost314's rating: 1090 &rarr; <strong>1061<\/strong><br \/>(-29 for losing)\n|raw|qz201114B's rating: 1000 &rarr; <strong>1050<\/strong><br \/>(+50 for winning)\n","uploadtime":1699981713,"views":9,"p1id":"frost314","p2id":"qz201114b","formatid":"gen9vgc2023regulatione","rating":1050,"private":0,"password":""}