{"id":"gen9vgc2023regulatione-1994368625","p1":"Rankedcheat16","p2":"TJVGC","format":"[Gen 9] VGC 2023 Regulation E","log":"|j|\u2606Rankedcheat16\n|j|\u2606TJVGC\n|t:|1700435990\n|gametype|doubles\n|player|p1|Rankedcheat16|169|1145\n|player|p2|TJVGC|170|1143\n|teamsize|p1|6\n|teamsize|p2|6\n|gen|9\n|tier|[Gen 9] VGC 2023 Regulation E\n|rated|\n|rule|Species Clause: Limit one of each Pok\u00e9mon\n|rule|Item Clause: Limit one of each item\n|clearpoke\n|poke|p1|Gholdengo, L50|\n|poke|p1|Iron Hands, L50|\n|poke|p1|Amoonguss, L50, F|\n|poke|p1|Iron Bundle, L50|\n|poke|p1|Pelipper, L50, F|\n|poke|p1|Salamence, L50, M|\n|poke|p2|Regieleki, L50|\n|poke|p2|Indeedee-F, L50, F|\n|poke|p2|Urshifu-*, L50, F|\n|poke|p2|Tornadus, L50, M|\n|poke|p2|Gholdengo, L50|\n|poke|p2|Ogerpon, L50, F|\n|teampreview|4\n|inactive|Battle timer is ON: inactive players will automatically lose when time's up. (requested by TJVGC)\nTJVGC has agreed to open team sheets.\n|inactive|Rankedcheat16 has 60 seconds left.\n|inactive|TJVGC has 60 seconds left.\n|inactive|Rankedcheat16 has 30 seconds left.\n|\n|t:|1700436061\n|start\n|switch|p1a: Iron Hands|Iron Hands, L50|100\/100\n|switch|p1b: Amoonguss|Amoonguss, L50, F|100\/100\n|switch|p2a: Regieleki|Regieleki, L50, shiny|100\/100\n|switch|p2b: Gholdengo|Gholdengo, L50|100\/100\n|turn|1\n|\n|t:|1700436081\n|switch|p2a: Indeedee|Indeedee-F, L50, F, shiny|100\/100\n|-fieldstart|move: Psychic Terrain|[from] ability: Psychic Surge|[of] p2a: Indeedee\n|move|p2b: Gholdengo|Protect|p2b: Gholdengo\n|-singleturn|p2b: Gholdengo|Protect\n|move|p1a: Iron Hands|Fake Out|p2a: Indeedee\n|-activate|p2a: Indeedee|move: Psychic Terrain\n|move|p1b: Amoonguss|Spore|p2a: Indeedee\n|-activate|p2a: Indeedee|item: Safety Goggles|Spore\n|\n|upkeep\n|turn|2\n|\n|t:|1700436100\n|-terastallize|p2a: Indeedee|Dragon\n|-terastallize|p1b: Amoonguss|Water\n|move|p2a: Indeedee|Follow Me|p2a: Indeedee\n|-singleturn|p2a: Indeedee|move: Follow Me\n|move|p2b: Gholdengo|Nasty Plot|p2b: Gholdengo\n|-boost|p2b: Gholdengo|spa|2\n|move|p1a: Iron Hands|Drain Punch|p2a: Indeedee\n|-damage|p2a: Indeedee|58\/100\n|move|p1b: Amoonguss|Pollen Puff|p2a: Indeedee\n|-damage|p2a: Indeedee|39\/100\n|\n|upkeep\n|turn|3\n|inactive|TJVGC has 30 seconds left.\n|\n|t:|1700436134\n|move|p1b: Amoonguss|Rage Powder|p1b: Amoonguss\n|-singleturn|p1b: Amoonguss|move: Rage Powder\n|move|p2b: Gholdengo|Make It Rain|p1a: Iron Hands|[spread] p1a,p1b\n|-resisted|p1a: Iron Hands\n|-resisted|p1b: Amoonguss\n|-crit|p1b: Amoonguss\n|-damage|p1a: Iron Hands|72\/100\n|-damage|p1b: Amoonguss|17\/100\n|-unboost|p2b: Gholdengo|spa|1\n|-enditem|p1b: Amoonguss|Sitrus Berry|[eat]\n|-heal|p1b: Amoonguss|42\/100|[from] item: Sitrus Berry\n|move|p2a: Indeedee|Psychic|p1b: Amoonguss\n|-damage|p1b: Amoonguss|6\/100\n|move|p1a: Iron Hands|Heavy Slam|p2a: Indeedee\n|-crit|p2a: Indeedee\n|-damage|p2a: Indeedee|0 fnt\n|faint|p2a: Indeedee\n|\n|upkeep\n|\n|t:|1700436139\n|switch|p2a: Regieleki|Regieleki, L50, shiny|100\/100\n|turn|4\n|\n|t:|1700436167\n|move|p1b: Amoonguss|Protect|p1b: Amoonguss\n|-singleturn|p1b: Amoonguss|Protect\n|move|p2a: Regieleki|Electroweb|p1b: Amoonguss|[spread] p1a\n|-activate|p1b: Amoonguss|move: Protect\n|-resisted|p1a: Iron Hands\n|-damage|p1a: Iron Hands|63\/100\n|-unboost|p1a: Iron Hands|spe|1\n|move|p2b: Gholdengo|Shadow Ball|p1a: Iron Hands\n|-damage|p1a: Iron Hands|27\/100\n|move|p1a: Iron Hands|Drain Punch|p2a: Regieleki\n|-damage|p2a: Regieleki|28\/100\n|-heal|p1a: Iron Hands|50\/100|[from] drain|[of] p2a: Regieleki\n|\n|upkeep\n|turn|5\n|\n|t:|1700436187\n|move|p1b: Amoonguss|Protect|p1b: Amoonguss\n|-singleturn|p1b: Amoonguss|Protect\n|move|p2a: Regieleki|Electroweb|p1b: Amoonguss|[spread] \n|-activate|p1b: Amoonguss|move: Protect\n|-miss|p2a: Regieleki|p1a: Iron Hands\n|move|p2b: Gholdengo|Shadow Ball|p1a: Iron Hands\n|-damage|p1a: Iron Hands|15\/100\n|move|p1a: Iron Hands|Drain Punch|p2a: Regieleki\n|-damage|p2a: Regieleki|0 fnt\n|-heal|p1a: Iron Hands|24\/100|[from] drain|[of] p2a: Regieleki\n|faint|p2a: Regieleki\n|\n|-fieldend|move: Psychic Terrain\n|upkeep\n|\n|t:|1700436192\n|switch|p2a: Ogerpon|Ogerpon, L50, F|100\/100\n|turn|6\n|\n|t:|1700436209\n|move|p2a: Ogerpon|Follow Me|p2a: Ogerpon\n|-singleturn|p2a: Ogerpon|move: Follow Me\n|move|p1b: Amoonguss|Rage Powder|p1b: Amoonguss\n|-singleturn|p1b: Amoonguss|move: Rage Powder\n|move|p2b: Gholdengo|Make It Rain|p1a: Iron Hands|[spread] p1a,p1b\n|-resisted|p1a: Iron Hands\n|-resisted|p1b: Amoonguss\n|-damage|p1a: Iron Hands|0 fnt\n|-damage|p1b: Amoonguss|0 fnt\n|-unboost|p2b: Gholdengo|spa|1\n|faint|p1a: Iron Hands\n|-end|p1a: Iron Hands|Quark Drive|[silent]\n|faint|p1b: Amoonguss\n|\n|upkeep\n|\n|t:|1700436217\n|switch|p1a: Iron Bundle|Iron Bundle, L50|100\/100\n|switch|p1b: Salamence|Salamence, L50, M|100\/100\n|-ability|p1b: Salamence|Intimidate|boost\n|-unboost|p2a: Ogerpon|atk|1\n|-ability|p2a: Ogerpon|Defiant|boost\n|-boost|p2a: Ogerpon|atk|2\n|-unboost|p2b: Gholdengo|atk|1\n|-enditem|p1a: Iron Bundle|Booster Energy\n|-activate|p1a: Iron Bundle|ability: Quark Drive|[fromitem]\n|-start|p1a: Iron Bundle|quarkdrivespe\n|turn|7\n|\n|t:|1700436227\n|move|p2a: Ogerpon|Follow Me|p2a: Ogerpon\n|-singleturn|p2a: Ogerpon|move: Follow Me\n|move|p1a: Iron Bundle|Freeze-Dry|p2a: Ogerpon\n|-supereffective|p2a: Ogerpon\n|-damage|p2a: Ogerpon|45\/100\n|-status|p2a: Ogerpon|frz\n|move|p1b: Salamence|Air Slash|p2a: Ogerpon\n|-supereffective|p2a: Ogerpon\n|-damage|p2a: Ogerpon|0 fnt\n|faint|p2a: Ogerpon\n|move|p2b: Gholdengo|Make It Rain|p1b: Salamence|[spread] p1a,p1b\n|-crit|p1b: Salamence\n|-damage|p1a: Iron Bundle|18\/100\n|-damage|p1b: Salamence|0 fnt\n|-unboost|p2b: Gholdengo|spa|1\n|faint|p1b: Salamence\n|\n|upkeep\n|turn|8\n|c|\u2606TJVGC|gg\n|\n|t:|1700436232\n|move|p1a: Iron Bundle|Hydro Pump|p2b: Gholdengo|[miss]\n|-miss|p1a: Iron Bundle|p2b: Gholdengo\n|move|p2b: Gholdengo|Shadow Ball|p1a: Iron Bundle\n|-crit|p1a: Iron Bundle\n|-damage|p1a: Iron Bundle|0 fnt\n|faint|p1a: Iron Bundle\n|-end|p1a: Iron Bundle|Quark Drive|[silent]\n|\n|win|TJVGC\n|raw|Rankedcheat16's rating: 1145 &rarr; <strong>1120<\/strong><br \/>(-25 for losing)\n|raw|TJVGC's rating: 1143 &rarr; <strong>1168<\/strong><br \/>(+25 for winning)\n|l|\u2606Rankedcheat16\n","uploadtime":1700436248,"views":21,"p1id":"rankedcheat16","p2id":"tjvgc","formatid":"gen9vgc2023regulatione","rating":1120,"private":0,"password":""}