{"id":"gen9vgc2023regulatione-1991319574","p1":"IceNovice4163","p2":"Thundrix","format":"[Gen 9] VGC 2023 Regulation E","log":"|j|\u2606IceNovice4163\n|j|\u2606Thundrix\n|t:|1700067237\n|gametype|doubles\n|player|p1|IceNovice4163|darach-caitlin|1051\n|player|p2|Thundrix|volkner|1081\n|teamsize|p1|6\n|teamsize|p2|6\n|gen|9\n|tier|[Gen 9] VGC 2023 Regulation E\n|rated|\n|rule|Species Clause: Limit one of each Pok\u00e9mon\n|rule|Item Clause: Limit one of each item\n|clearpoke\n|poke|p1|Iron Hands, L50|\n|poke|p1|Milotic, L50, F|\n|poke|p1|Sinistcha-Masterpiece, L50|\n|poke|p1|Snorlax, L50, M|\n|poke|p1|Clefairy, L50, M|\n|poke|p1|Cresselia, L50, F|\n|poke|p2|Torkoal, L50, M|\n|poke|p2|Volbeat, L50, M|\n|poke|p2|Klefki, L50, F|\n|poke|p2|Lycanroc, L50, F|\n|poke|p2|Hippowdon, L50, F|\n|poke|p2|Chien-Pao, L50|\n|teampreview|4\nThundrix rejected open team sheets.\n|\n|t:|1700067283\n|start\n|switch|p1a: Snorlax|Snorlax, L50, M|100\/100\n|switch|p1b: Clefairy|Clefairy, L50, M|100\/100\n|switch|p2a: Volbeat|Volbeat, L50, M|100\/100\n|switch|p2b: Torkoal|Torkoal, L50, M|100\/100\n|-weather|SunnyDay|[from] ability: Drought|[of] p2b: Torkoal\n|turn|1\n|\n|t:|1700067324\n|move|p2a: Volbeat|Light Screen|p2a: Volbeat\n|-sidestart|p2: Thundrix|move: Light Screen\n|move|p1b: Clefairy|Light Screen|p1b: Clefairy\n|-sidestart|p1: IceNovice4163|move: Light Screen\n|move|p1a: Snorlax|Rock Slide|p2a: Volbeat|[spread] p2a,p2b\n|-supereffective|p2a: Volbeat\n|-supereffective|p2b: Torkoal\n|-damage|p2a: Volbeat|56\/100\n|-damage|p2b: Torkoal|69\/100\n|cant|p2b: Torkoal|flinch\n|\n|-weather|SunnyDay|[upkeep]\n|upkeep\n|turn|2\n|\n|t:|1700067347\n|move|p1b: Clefairy|Follow Me|p1b: Clefairy\n|-singleturn|p1b: Clefairy|move: Follow Me\n|move|p2a: Volbeat|Encore|p1b: Clefairy\n|-start|p1b: Clefairy|Encore\n|move|p1a: Snorlax|Belly Drum|p1a: Snorlax\n|-damage|p1a: Snorlax|50\/100\n|-setboost|p1a: Snorlax|atk|6|[from] move: Belly Drum\n|-enditem|p1a: Snorlax|Figy Berry|[eat]\n|-heal|p1a: Snorlax|84\/100|[from] item: Figy Berry\n|move|p2b: Torkoal|Eruption|p1a: Snorlax|[spread] p1a,p1b\n|-damage|p1a: Snorlax|67\/100\n|-damage|p1b: Clefairy|80\/100\n|\n|-weather|SunnyDay|[upkeep]\n|upkeep\n|turn|3\n|\n|t:|1700067369\n|move|p2b: Torkoal|Protect|p2b: Torkoal\n|-singleturn|p2b: Torkoal|Protect\n|move|p1b: Clefairy|Follow Me|p1b: Clefairy\n|-singleturn|p1b: Clefairy|move: Follow Me\n|move|p2a: Volbeat|Tailwind|p2a: Volbeat\n|-sidestart|p2: Thundrix|move: Tailwind\n|move|p1a: Snorlax|Rock Slide|p2a: Volbeat|[spread] p2a\n|-activate|p2b: Torkoal|move: Protect\n|-supereffective|p2a: Volbeat\n|-damage|p2a: Volbeat|0 fnt\n|faint|p2a: Volbeat\n|\n|-weather|SunnyDay|[upkeep]\n|upkeep\n|\n|t:|1700067383\n|switch|p2a: Hippowdon|Hippowdon, L50, F|100\/100\n|-weather|Sandstorm|[from] ability: Sand Stream|[of] p2a: Hippowdon\n|turn|4\n|\n|t:|1700067401\n|switch|p1b: Sinistcha|Sinistcha-Masterpiece, L50|100\/100\n|-heal|p1a: Snorlax|91\/100|[from] ability: Hospitality|[of] p1b: Sinistcha\n|-terastallize|p1a: Snorlax|Ghost\n|move|p2a: Hippowdon|Curse|p2a: Hippowdon\n|-unboost|p2a: Hippowdon|spe|1\n|-boost|p2a: Hippowdon|atk|1\n|-boost|p2a: Hippowdon|def|1\n|move|p1a: Snorlax|Rock Slide|p2a: Hippowdon|[spread] p2a\n|-miss|p1a: Snorlax|p2b: Torkoal\n|-resisted|p2a: Hippowdon\n|-damage|p2a: Hippowdon|87\/100\n|move|p2b: Torkoal|Sludge Bomb|p1b: Sinistcha\n|-damage|p1b: Sinistcha|79\/100\n|\n|-weather|Sandstorm|[upkeep]\n|-damage|p1b: Sinistcha|72\/100|[from] Sandstorm\n|-damage|p1a: Snorlax|85\/100|[from] Sandstorm\n|-damage|p2b: Torkoal|63\/100|[from] Sandstorm\n|-heal|p2a: Hippowdon|93\/100|[from] item: Leftovers\n|upkeep\n|turn|5\n|\n|t:|1700067428\n|-terastallize|p2a: Hippowdon|Fighting\n|move|p2b: Torkoal|Protect|p2b: Torkoal\n|-singleturn|p2b: Torkoal|Protect\n|move|p1b: Sinistcha|Matcha Gotcha|p2b: Torkoal|[spread] p2a\n|-activate|p2b: Torkoal|move: Protect\n|-damage|p2a: Hippowdon|76\/100\n|-heal|p1b: Sinistcha|83\/100|[from] drain|[of] p2a: Hippowdon\n|-status|p2a: Hippowdon|brn\n|move|p2a: Hippowdon|Curse|p2a: Hippowdon\n|-unboost|p2a: Hippowdon|spe|1\n|-boost|p2a: Hippowdon|atk|1\n|-boost|p2a: Hippowdon|def|1\n|move|p1a: Snorlax|Facade|p2b: Torkoal\n|-activate|p2b: Torkoal|move: Protect\n|\n|-weather|Sandstorm|[upkeep]\n|-damage|p1b: Sinistcha|76\/100|[from] Sandstorm\n|-damage|p1a: Snorlax|79\/100|[from] Sandstorm\n|-damage|p2a: Hippowdon|70\/100 brn|[from] Sandstorm\n|-damage|p2b: Torkoal|56\/100|[from] Sandstorm\n|-heal|p2a: Hippowdon|76\/100 brn|[from] item: Leftovers\n|-damage|p2a: Hippowdon|70\/100 brn|[from] brn\n|-sideend|p1: IceNovice4163|move: Light Screen\n|-sideend|p2: Thundrix|move: Light Screen\n|upkeep\n|turn|6\n|\n|t:|1700067469\n|move|p1b: Sinistcha|Matcha Gotcha|p2b: Torkoal|[spread] p2a\n|-miss|p1b: Sinistcha|p2b: Torkoal\n|-damage|p2a: Hippowdon|44\/100 brn\n|-heal|p1b: Sinistcha|93\/100|[from] drain|[of] p2a: Hippowdon\n|move|p1a: Snorlax|Rock Slide|p2a: Hippowdon|[spread] p2a\n|-miss|p1a: Snorlax|p2b: Torkoal\n|-resisted|p2a: Hippowdon\n|-damage|p2a: Hippowdon|33\/100 brn\n|move|p2a: Hippowdon|Curse|p2a: Hippowdon\n|-unboost|p2a: Hippowdon|spe|1\n|-boost|p2a: Hippowdon|atk|1\n|-boost|p2a: Hippowdon|def|1\n|move|p2b: Torkoal|Sludge Bomb|p1b: Sinistcha\n|-damage|p1b: Sinistcha|61\/100\n|\n|-weather|Sandstorm|[upkeep]\n|-damage|p1b: Sinistcha|55\/100|[from] Sandstorm\n|-damage|p1a: Snorlax|73\/100|[from] Sandstorm\n|-damage|p2b: Torkoal|50\/100|[from] Sandstorm\n|-damage|p2a: Hippowdon|27\/100 brn|[from] Sandstorm\n|-heal|p2a: Hippowdon|33\/100 brn|[from] item: Leftovers\n|-damage|p2a: Hippowdon|27\/100 brn|[from] brn\n|-sideend|p2: Thundrix|move: Tailwind\n|upkeep\n|turn|7\n|\n|t:|1700067495\n|move|p2b: Torkoal|Protect|p2b: Torkoal\n|-singleturn|p2b: Torkoal|Protect\n|move|p1b: Sinistcha|Rage Powder|p1b: Sinistcha\n|-singleturn|p1b: Sinistcha|move: Rage Powder\n|move|p1a: Snorlax|Rock Slide|p2b: Torkoal|[spread] p2a\n|-activate|p2b: Torkoal|move: Protect\n|-resisted|p2a: Hippowdon\n|-damage|p2a: Hippowdon|19\/100 brn\n|move|p2a: Hippowdon|Slack Off|p2a: Hippowdon\n|-heal|p2a: Hippowdon|69\/100 brn\n|\n|-weather|Sandstorm|[upkeep]\n|-damage|p1b: Sinistcha|49\/100|[from] Sandstorm\n|-damage|p1a: Snorlax|67\/100|[from] Sandstorm\n|-damage|p2b: Torkoal|44\/100|[from] Sandstorm\n|-damage|p2a: Hippowdon|63\/100 brn|[from] Sandstorm\n|-heal|p2a: Hippowdon|69\/100 brn|[from] item: Leftovers\n|-damage|p2a: Hippowdon|63\/100 brn|[from] brn\n|upkeep\n|turn|8\n|\n|t:|1700067512\n|move|p1b: Sinistcha|Matcha Gotcha|p2a: Hippowdon|[spread] p2a,p2b\n|-resisted|p2b: Torkoal\n|-damage|p2a: Hippowdon|38\/100 brn\n|-heal|p1b: Sinistcha|65\/100|[from] drain|[of] p2a: Hippowdon\n|-damage|p2b: Torkoal|29\/100\n|-heal|p1b: Sinistcha|72\/100|[from] drain|[of] p2b: Torkoal\n|move|p1a: Snorlax|Rock Slide|p2a: Hippowdon|[spread] \n|-miss|p1a: Snorlax|p2a: Hippowdon\n|-miss|p1a: Snorlax|p2b: Torkoal\n|move|p2b: Torkoal|Sludge Bomb|p1b: Sinistcha\n|-damage|p1b: Sinistcha|43\/100\n|move|p2a: Hippowdon|Curse|p2a: Hippowdon\n|-unboost|p2a: Hippowdon|spe|1\n|-boost|p2a: Hippowdon|atk|1\n|-boost|p2a: Hippowdon|def|1\n|\n|-weather|none\n|-heal|p2a: Hippowdon|44\/100 brn|[from] item: Leftovers\n|-damage|p2a: Hippowdon|38\/100 brn|[from] brn\n|upkeep\n|turn|9\n|\n|t:|1700067535\n|move|p1b: Sinistcha|Life Dew|p1b: Sinistcha|[spread] p1a,p1b\n|-heal|p1a: Snorlax|93\/100\n|-heal|p1b: Sinistcha|68\/100\n|move|p1a: Snorlax|Rock Slide|p2b: Torkoal|[spread] p2a,p2b\n|-resisted|p2a: Hippowdon\n|-supereffective|p2b: Torkoal\n|-crit|p2b: Torkoal\n|-damage|p2a: Hippowdon|31\/100 brn\n|-damage|p2b: Torkoal|0 fnt\n|faint|p2b: Torkoal\n|move|p2a: Hippowdon|Slack Off|p2a: Hippowdon\n|-heal|p2a: Hippowdon|81\/100 brn\n|\n|-heal|p2a: Hippowdon|87\/100 brn|[from] item: Leftovers\n|-damage|p2a: Hippowdon|81\/100 brn|[from] brn\n|upkeep\n|\n|t:|1700067551\n|switch|p2b: Chien-Pao|Chien-Pao, L50|100\/100\n|-ability|p2b: Chien-Pao|Sword of Ruin\n|turn|10\n|\n|t:|1700067572\n|move|p2b: Chien-Pao|Protect|p2b: Chien-Pao\n|-singleturn|p2b: Chien-Pao|Protect\n|move|p1b: Sinistcha|Rage Powder|p1b: Sinistcha\n|-singleturn|p1b: Sinistcha|move: Rage Powder\n|move|p1a: Snorlax|Facade|p2b: Chien-Pao\n|-activate|p2b: Chien-Pao|move: Protect\n|move|p2a: Hippowdon|High Horsepower|p1b: Sinistcha\n|-resisted|p1b: Sinistcha\n|-damage|p1b: Sinistcha|43\/100\n|-damage|p2a: Hippowdon|65\/100 brn|[from] item: Rocky Helmet|[of] p1b: Sinistcha\n|\n|-heal|p2a: Hippowdon|71\/100 brn|[from] item: Leftovers\n|-damage|p2a: Hippowdon|65\/100 brn|[from] brn\n|upkeep\n|turn|11\n|\n|t:|1700067591\n|move|p1b: Sinistcha|Rage Powder|p1b: Sinistcha\n|-singleturn|p1b: Sinistcha|move: Rage Powder\n|move|p2b: Chien-Pao|Ice Spinner|p1b: Sinistcha\n|-supereffective|p1b: Sinistcha\n|-damage|p1b: Sinistcha|0 fnt\n|-damage|p2b: Chien-Pao|84\/100|[from] item: Rocky Helmet|[of] p1b: Sinistcha\n|faint|p1b: Sinistcha\n|move|p1a: Snorlax|Rock Slide|p2a: Hippowdon|[spread] p2a\n|-miss|p1a: Snorlax|p2b: Chien-Pao\n|-resisted|p2a: Hippowdon\n|-damage|p2a: Hippowdon|56\/100 brn\n|cant|p2a: Hippowdon|flinch\n|\n|-heal|p2a: Hippowdon|62\/100 brn|[from] item: Leftovers\n|-damage|p2a: Hippowdon|56\/100 brn|[from] brn\n|upkeep\n|\n|t:|1700067601\n|switch|p1b: Clefairy|Clefairy, L50, M|80\/100\n|turn|12\n|\n|t:|1700067610\n|move|p2b: Chien-Pao|Protect|p2b: Chien-Pao\n|-singleturn|p2b: Chien-Pao|Protect\n|move|p1b: Clefairy|Follow Me|p1b: Clefairy\n|-singleturn|p1b: Clefairy|move: Follow Me\n|move|p1a: Snorlax|Rock Slide|p2b: Chien-Pao|[spread] p2a\n|-activate|p2b: Chien-Pao|move: Protect\n|-resisted|p2a: Hippowdon\n|-damage|p2a: Hippowdon|47\/100 brn\n|move|p2a: Hippowdon|High Horsepower|p1b: Clefairy\n|-damage|p1b: Clefairy|0 fnt\n|faint|p1b: Clefairy\n|\n|-heal|p2a: Hippowdon|54\/100 brn|[from] item: Leftovers\n|-damage|p2a: Hippowdon|47\/100 brn|[from] brn\n|upkeep\n|\n|t:|1700067612\n|switch|p1b: Cresselia|Cresselia, L50, F|100\/100\n|turn|13\n|\n|t:|1700067632\n|move|p2b: Chien-Pao|Sucker Punch|p1a: Snorlax\n|-supereffective|p1a: Snorlax\n|-damage|p1a: Snorlax|2\/100\n|move|p1b: Cresselia|Dazzling Gleam|p2b: Chien-Pao|[spread] p2a,p2b\n|-supereffective|p2a: Hippowdon\n|-crit|p2a: Hippowdon\n|-supereffective|p2b: Chien-Pao\n|-damage|p2a: Hippowdon|12\/100 brn\n|-damage|p2b: Chien-Pao|45\/100\n|move|p1a: Snorlax|Facade|p2a: Hippowdon\n|-damage|p2a: Hippowdon|0 fnt\n|faint|p2a: Hippowdon\n|\n|upkeep\n|turn|14\n|\n|t:|1700067652\n|move|p1b: Cresselia|Ally Switch|p1b: Cresselia\n|swap|p1b: Cresselia|0|[from] move: Ally Switch\n|move|p2b: Chien-Pao|Ice Spinner|p1a: Cresselia\n|-damage|p1a: Cresselia|62\/100\n|move|p1b: Snorlax|Facade|p2b: Chien-Pao\n|-damage|p2b: Chien-Pao|0 fnt\n|faint|p2b: Chien-Pao\n|\n|win|IceNovice4163\n|raw|IceNovice4163's rating: 1051 &rarr; <strong>1086<\/strong><br \/>(+35 for winning)\n|raw|Thundrix's rating: 1081 &rarr; <strong>1057<\/strong><br \/>(-24 for losing)\n|l|\u2606Thundrix\n","uploadtime":1700067665,"views":21,"p1id":"icenovice4163","p2id":"thundrix","formatid":"gen9vgc2023regulatione","rating":1057,"private":0,"password":""}