{"id":"gen9vgc2023regulatione-1992843367","p1":"Lromy","p2":"Guakamou","format":"[Gen 9] VGC 2023 Regulation E","log":"|j|\u2606Lromy\n|j|\u2606Guakamou\n|n|\u2606Lromy|lromy\n|n|\u2606Guakamou|guakamou\n|html|View the match progress at <a href=\"\/game-bestof3-gen9vgc2023regulatione-1992839889\">game-bestof3-gen9vgc2023regulatione-1992839889<\/a>\n|t:|1700240248\n|gametype|doubles\n|player|p1|Lromy|artist-gen4|\n|player|p2|Guakamou|palmer|\n|teamsize|p1|6\n|teamsize|p2|6\n|gen|9\n|tier|[Gen 9] VGC 2023 Regulation E\n|rule|Species Clause: Limit one of each Pok\u00e9mon\n|rule|Item Clause: Limit one of each item\n|clearpoke\n|poke|p1|Pelipper, L50, F|\n|poke|p1|Urshifu-*, L50, M|\n|poke|p1|Salamence, L50, F|\n|poke|p1|Gholdengo, L50|\n|poke|p1|Iron Hands, L50|\n|poke|p1|Amoonguss, L50, F|\n|poke|p2|Heatran, L50, M|\n|poke|p2|Landorus-Therian, L50, M|\n|poke|p2|Iron Hands, L50|\n|poke|p2|Iron Bundle, L50|\n|poke|p2|Rillaboom, L50, M|\n|poke|p2|Ogerpon-Hearthflame, L50, F|\n|teampreview|4\nGuakamou has agreed to open team sheets.\n|c|\u2606Guakamou|je pouvais plus vori ta team list pske ma co avait bugg\u00e9\nLromy has agreed to open team sheets.\n|showteam|p1|Pelipper||FocusSash|Drizzle|Hurricane,WeatherBall,WideGuard,Protect|||F|||50|,,,,,Ghost]Urshifu-Rapid-Strike||ChoiceScarf|UnseenFist|SurgingStrikes,CloseCombat,AquaJet,Uturn|||M|||50|,,,,,Poison]Salamence||LifeOrb|Intimidate|Hurricane,DracoMeteor,Tailwind,Protect|||F|||50|,,,,,Steel]Gholdengo||SitrusBerry|GoodasGold|MakeItRain,ShadowBall,NastyPlot,Protect||||||50|,,,,,Dragon]Iron Hands||AssaultVest|QuarkDrive|DrainPunch,WildCharge,HeavySlam,FakeOut||||||50|,,,,,Grass]Amoonguss||MentalHerb|Regenerator|PollenPuff,RagePowder,Spore,Protect|||F|||50|,,,,,Water\n|showteam|p2|Heatran||LifeOrb|FlashFire|HeatWave,EarthPower,FlashCannon,Protect|||M|||50|,,,,,Fairy]Landorus-Therian||ChoiceScarf|Intimidate|TeraBlast,Uturn,RockSlide,StompingTantrum|||M|||50|,,,,,Flying]Iron Hands||AssaultVest|QuarkDrive|FakeOut,WildCharge,DrainPunch,HeavySlam||||||50|,,,,,Water]Iron Bundle||BoosterEnergy|QuarkDrive|IcyWind,Encore,FreezeDry,Protect||||||50|,,,,,Ghost]Rillaboom||MiracleSeed|GrassySurge|FakeOut,WoodHammer,Uturn,GrassyGlide|||M|||50|,,,,,Grass]Ogerpon-Hearthflame||HearthflameMask|MoldBreaker|IvyCudgel,GrassyGlide,SwordsDance,SpikyShield|||F|||50|,,,,,Fire\n|c|\u2606Lromy|Ah mdr\n|\n|t:|1700240316\n|start\n|switch|p1a: Pelipper|Pelipper, L50, F|100\/100\n|switch|p1b: Gholdengo|Gholdengo, L50|100\/100\n|switch|p2a: Iron Bundle|Iron Bundle, L50|100\/100\n|switch|p2b: Heatran|Heatran, L50, M|100\/100\n|-weather|RainDance|[from] ability: Drizzle|[of] p1a: Pelipper\n|-enditem|p2a: Iron Bundle|Booster Energy\n|-activate|p2a: Iron Bundle|ability: Quark Drive|[fromitem]\n|-start|p2a: Iron Bundle|quarkdrivespe\n|turn|1\n|\n|t:|1700240351\n|-terastallize|p1b: Gholdengo|Dragon\n|move|p2a: Iron Bundle|Icy Wind|p1b: Gholdengo|[spread] p1b\n|-miss|p2a: Iron Bundle|p1a: Pelipper\n|-supereffective|p1b: Gholdengo\n|-damage|p1b: Gholdengo|65\/100\n|-unboost|p1b: Gholdengo|spe|1\n|move|p1a: Pelipper|Hurricane|p2a: Iron Bundle\n|-damage|p2a: Iron Bundle|30\/100\n|move|p2b: Heatran|Earth Power|p1b: Gholdengo\n|-damage|p1b: Gholdengo|18\/100\n|-enditem|p1b: Gholdengo|Sitrus Berry|[eat]\n|-heal|p1b: Gholdengo|43\/100|[from] item: Sitrus Berry\n|-damage|p2b: Heatran|91\/100|[from] item: Life Orb\n|move|p1b: Gholdengo|Make It Rain|p2b: Heatran|[spread] p2a,p2b\n|-resisted|p2b: Heatran\n|-damage|p2a: Iron Bundle|0 fnt\n|-damage|p2b: Heatran|80\/100\n|-unboost|p1b: Gholdengo|spa|1\n|faint|p2a: Iron Bundle\n|-end|p2a: Iron Bundle|Quark Drive|[silent]\n|\n|-weather|RainDance|[upkeep]\n|upkeep\n|\n|t:|1700240377\n|switch|p2a: Iron Hands|Iron Hands, L50|100\/100\n|turn|2\n|c|\u2606Lromy|T'en a rien a fouttre de wide guard hein mdr\n|c|\u2606Guakamou|si tu fais wide guard je te encore et je suis bien\n|\n|t:|1700240395\n|switch|p1a: Salamence|Salamence, L50, F|100\/100\n|-ability|p1a: Salamence|Intimidate|boost\n|-unboost|p2a: Iron Hands|atk|1\n|-unboost|p2b: Heatran|atk|1\n|switch|p1b: Iron Hands|Iron Hands, L50|100\/100\n|move|p2a: Iron Hands|Fake Out|p1a: Salamence\n|-damage|p1a: Salamence|88\/100\n|move|p2b: Heatran|Flash Cannon|p1b: Iron Hands\n|-resisted|p1b: Iron Hands\n|-damage|p1b: Iron Hands|84\/100\n|-damage|p2b: Heatran|70\/100|[from] item: Life Orb\n|\n|-weather|RainDance|[upkeep]\n|upkeep\n|turn|3\n|\n|t:|1700240422\n|switch|p2b: Rillaboom|Rillaboom, L50, M|100\/100\n|-fieldstart|move: Grassy Terrain|[from] ability: Grassy Surge|[of] p2b: Rillaboom\n|move|p1a: Salamence|Hurricane|p2a: Iron Hands\n|-damage|p2a: Iron Hands|65\/100\n|-damage|p1a: Salamence|79\/100|[from] item: Life Orb\n|move|p1b: Iron Hands|Drain Punch|p2a: Iron Hands\n|-damage|p2a: Iron Hands|38\/100\n|-heal|p1b: Iron Hands|97\/100|[from] drain|[of] p2a: Iron Hands\n|move|p2a: Iron Hands|Drain Punch|p1b: Iron Hands\n|-damage|p1b: Iron Hands|80\/100\n|-heal|p2a: Iron Hands|47\/100|[from] drain|[of] p1b: Iron Hands\n|\n|-weather|RainDance|[upkeep]\n|-heal|p1b: Iron Hands|86\/100|[from] Grassy Terrain\n|-heal|p2a: Iron Hands|53\/100|[from] Grassy Terrain\n|upkeep\n|turn|4\n|c|\u2606Lromy|Bah \u00e7a me va de cliquer wide guard 2-3 tour au d\u00e9but en soit mdr\n|\n|t:|1700240456\n|switch|p1a: Gholdengo|Gholdengo, L50, tera:Dragon|43\/100\n|move|p2b: Rillaboom|Fake Out|p1a: Gholdengo\n|-damage|p1a: Gholdengo|29\/100\n|move|p1b: Iron Hands|Drain Punch|p2a: Iron Hands\n|-damage|p2a: Iron Hands|25\/100\n|-heal|p1b: Iron Hands|99\/100|[from] drain|[of] p2a: Iron Hands\n|move|p2a: Iron Hands|Wild Charge|p1a: Gholdengo\n|-resisted|p1a: Gholdengo\n|-damage|p1a: Gholdengo|14\/100\n|-damage|p2a: Iron Hands|22\/100|[from] Recoil\n|\n|-weather|RainDance|[upkeep]\n|-heal|p1a: Gholdengo|20\/100|[from] Grassy Terrain\n|-heal|p1b: Iron Hands|100\/100|[from] Grassy Terrain\n|-heal|p2a: Iron Hands|28\/100|[from] Grassy Terrain\n|upkeep\n|turn|5\n|\n|t:|1700240481\n|move|p1a: Gholdengo|Protect|p1a: Gholdengo\n|-singleturn|p1a: Gholdengo|Protect\n|move|p2b: Rillaboom|U-turn|p1b: Iron Hands\n|-resisted|p1b: Iron Hands\n|-damage|p1b: Iron Hands|91\/100\n|\n|t:|1700240485\n|switch|p2b: Heatran|Heatran, L50, M|70\/100|[from] U-turn\n|move|p1b: Iron Hands|Drain Punch|p2a: Iron Hands\n|-damage|p2a: Iron Hands|0 fnt\n|-heal|p1b: Iron Hands|100\/100|[from] drain|[of] p2a: Iron Hands\n|faint|p2a: Iron Hands\n|-end|p2a: Iron Hands|Quark Drive|[silent]\n|\n|-weather|none\n|-heal|p1a: Gholdengo|26\/100|[from] Grassy Terrain\n|-heal|p2b: Heatran|76\/100|[from] Grassy Terrain\n|upkeep\n|\n|t:|1700240489\n|switch|p2a: Rillaboom|Rillaboom, L50, M|100\/100\n|turn|6\n|\n|t:|1700240512\n|switch|p1a: Salamence|Salamence, L50, F|79\/100\n|-ability|p1a: Salamence|Intimidate|boost\n|-unboost|p2a: Rillaboom|atk|1\n|-unboost|p2b: Heatran|atk|1\n|-terastallize|p2a: Rillaboom|Grass\n|move|p2a: Rillaboom|Wood Hammer|p1b: Iron Hands\n|-damage|p1b: Iron Hands|37\/100\n|-damage|p2a: Rillaboom|76\/100|[from] Recoil\n|move|p2b: Heatran|Flash Cannon|p1a: Salamence\n|-damage|p1a: Salamence|9\/100\n|-unboost|p1a: Salamence|spd|1\n|-damage|p2b: Heatran|66\/100|[from] item: Life Orb\n|move|p1b: Iron Hands|Drain Punch|p2b: Heatran\n|-supereffective|p2b: Heatran\n|-damage|p2b: Heatran|0 fnt\n|-heal|p1b: Iron Hands|63\/100|[from] drain|[of] p2b: Heatran\n|faint|p2b: Heatran\n|\n|-heal|p2a: Rillaboom|82\/100|[from] Grassy Terrain\n|-heal|p1b: Iron Hands|69\/100|[from] Grassy Terrain\n|upkeep\n|turn|7\n|-message|Guakamou forfeited.\n|\n|win|Lromy\n|c|&|\/uhtml prompt-guakamou,Guakamou is ready for game 3!\n|c|&|\/uhtml prompt-lromy,Lromy is ready for game 3!\nBoth players are ready! Starting next match!\n","uploadtime":1700241069,"views":23,"p1id":"lromy","p2id":"guakamou","formatid":"gen9vgc2023regulatione","rating":0,"private":0,"password":""}