{"id":"gen9vgc2023regulatione-1988394414","p1":"Dumdunsparce","p2":"Mortipherus","format":"[Gen 9] VGC 2023 Regulation E","log":"|j|\u2606Dumdunsparce\n|j|\u2606Mortipherus\n|t:|1699718036\n|gametype|doubles\n|player|p1|Dumdunsparce|harlequin|1282\n|player|p2|Mortipherus|101|1202\n|teamsize|p1|6\n|teamsize|p2|6\n|gen|9\n|tier|[Gen 9] VGC 2023 Regulation E\n|rated|\n|rule|Species Clause: Limit one of each Pok\u00e9mon\n|rule|Item Clause: Limit one of each item\n|clearpoke\n|poke|p1|Zapdos-Galar, L50|\n|poke|p1|Chien-Pao, L50|\n|poke|p1|Arcanine-Hisui, L50, M|\n|poke|p1|Amoonguss, L50, M|\n|poke|p1|Roaring Moon, L50|\n|poke|p1|Bruxish, L50, M|\n|poke|p2|Zapdos-Galar, L50|\n|poke|p2|Flutter Mane, L50|\n|poke|p2|Chi-Yu, L50|\n|poke|p2|Iron Hands, L50|\n|poke|p2|Ogerpon-Wellspring, L50, F|\n|poke|p2|Farigiraf, L50, F|\n|teampreview|4\n|c|\u2606Dumdunsparce|ZAP!\n|inactive|Battle timer is ON: inactive players will automatically lose when time's up. (requested by Mortipherus)\n|c|\u2606Mortipherus|Yeah\n|\n|t:|1699718076\n|start\n|switch|p1a: Arcanine|Arcanine-Hisui, L50, M|100\/100\n|switch|p1b: Chien-Pao|Chien-Pao, L50|100\/100\n|switch|p2a: Flutter Mane|Flutter Mane, L50, shiny|100\/100\n|switch|p2b: Chi-Yu|Chi-Yu, L50|100\/100\n|-ability|p1b: Chien-Pao|Sword of Ruin\n|-ability|p2b: Chi-Yu|Beads of Ruin\n|-ability|p1a: Arcanine|Intimidate|boost\n|-unboost|p2a: Flutter Mane|atk|1\n|-unboost|p2b: Chi-Yu|atk|1\n|-enditem|p2a: Flutter Mane|Booster Energy\n|-activate|p2a: Flutter Mane|ability: Protosynthesis|[fromitem]\n|-start|p2a: Flutter Mane|protosynthesisspe\n|turn|1\n|\n|t:|1699718098\n|switch|p2b: Farigiraf|Farigiraf, L50, F|100\/100\n|move|p1b: Chien-Pao|Protect|p1b: Chien-Pao\n|-singleturn|p1b: Chien-Pao|Protect\n|move|p2a: Flutter Mane|Moonblast|p1b: Chien-Pao\n|-activate|p1b: Chien-Pao|move: Protect\n|move|p1a: Arcanine|Rock Slide|p2b: Farigiraf|[spread] p2a,p2b\n|-damage|p2a: Flutter Mane|3\/100\n|-damage|p2b: Farigiraf|65\/100\n|\n|upkeep\n|turn|2\n|\n|t:|1699718115\n|move|p2a: Flutter Mane|Moonblast|p1b: Chien-Pao\n|-supereffective|p1b: Chien-Pao\n|-enditem|p1b: Chien-Pao|Focus Sash\n|-damage|p1b: Chien-Pao|1\/100\n|move|p1b: Chien-Pao|Lash Out|p2b: Farigiraf\n|-supereffective|p2b: Farigiraf\n|-damage|p2b: Farigiraf|0 fnt\n|faint|p2b: Farigiraf\n|move|p1a: Arcanine|Rock Slide|p2a: Flutter Mane\n|-damage|p2a: Flutter Mane|0 fnt\n|faint|p2a: Flutter Mane\n|-end|p2a: Flutter Mane|Protosynthesis|[silent]\n|\n|upkeep\n|\n|t:|1699718130\n|switch|p2a: Zapdos|Zapdos-Galar, L50|100\/100\n|switch|p2b: Chi-Yu|Chi-Yu, L50|100\/100\n|-ability|p2b: Chi-Yu|Beads of Ruin\n|turn|3\n|\n|t:|1699718150\n|switch|p1a: Bruxish|Bruxish, L50, M|100\/100\n|-terastallize|p2a: Zapdos|Flying\n|move|p1b: Chien-Pao|Protect|p1b: Chien-Pao\n|-singleturn|p1b: Chien-Pao|Protect\n|move|p2a: Zapdos|Brave Bird|p1a: Bruxish\n|-damage|p1a: Bruxish|0 fnt\n|faint|p1a: Bruxish\n|-damage|p2a: Zapdos|71\/100|[from] Recoil\n|move|p2b: Chi-Yu|Heat Wave|p1b: Chien-Pao\n|-activate|p1b: Chien-Pao|move: Protect\n|\n|upkeep\n|\n|t:|1699718167\n|switch|p1a: Arcanine|Arcanine-Hisui, L50, M|100\/100\n|-ability|p1a: Arcanine|Intimidate|boost\n|-unboost|p2a: Zapdos|atk|1\n|-ability|p2a: Zapdos|Defiant|boost\n|-boost|p2a: Zapdos|atk|2\n|-unboost|p2b: Chi-Yu|atk|1\n|turn|4\n|\n|t:|1699718189\n|move|p1a: Arcanine|Extreme Speed|p2a: Zapdos\n|-damage|p2a: Zapdos|10\/100\n|move|p1b: Chien-Pao|Sucker Punch|p2b: Chi-Yu\n|-resisted|p2b: Chi-Yu\n|-damage|p2b: Chi-Yu|61\/100\n|move|p2a: Zapdos|Brave Bird|p1a: Arcanine\n|-resisted|p1a: Arcanine\n|-crit|p1a: Arcanine\n|-damage|p1a: Arcanine|0 fnt\n|faint|p1a: Arcanine\n|-damage|p2a: Zapdos|0 fnt|[from] Recoil\n|faint|p2a: Zapdos\n|move|p2b: Chi-Yu|Heat Wave|p1b: Chien-Pao\n|-supereffective|p1b: Chien-Pao\n|-damage|p1b: Chien-Pao|0 fnt\n|faint|p1b: Chien-Pao\n|\n|upkeep\n|\n|t:|1699718207\n|switch|p1b: Zapdos|Zapdos-Galar, L50|100\/100\n|turn|5\n|\n|t:|1699718214\n|-terastallize|p1b: Zapdos|Flying\n|move|p1b: Zapdos|Brave Bird|p2b: Chi-Yu\n|-damage|p2b: Chi-Yu|0 fnt\n|faint|p2b: Chi-Yu\n|-damage|p1b: Zapdos|84\/100|[from] Recoil\n|\n|win|Dumdunsparce\n|raw|Dumdunsparce's rating: 1282 &rarr; <strong>1301<\/strong><br \/>(+19 for winning)\n|raw|Mortipherus's rating: 1202 &rarr; <strong>1183<\/strong><br \/>(-19 for losing)\n|l|\u2606Mortipherus\n","uploadtime":1699718233,"views":36,"p1id":"dumdunsparce","p2id":"mortipherus","formatid":"gen9vgc2023regulatione","rating":1183,"private":0,"password":""}