{"id":"gen9vgc2023regulatione-1990888166","p1":"kick4life42","p2":"bigg.mac210","format":"[Gen 9] VGC 2023 Regulation E","log":"|j|\u2606kick4life42\n|j|\u2606bigg.mac210\n|t:|1700011634\n|gametype|doubles\n|player|p1|kick4life42|266|\n|player|p2|bigg.mac210|102|\n|teamsize|p1|6\n|teamsize|p2|6\n|gen|9\n|tier|[Gen 9] VGC 2023 Regulation E\n|rule|Species Clause: Limit one of each Pok\u00e9mon\n|rule|Item Clause: Limit one of each item\n|clearpoke\n|poke|p1|Flutter Mane, L50|\n|poke|p1|Tornadus, L50, M|\n|poke|p1|Mamoswine, L50, M|\n|poke|p1|Gholdengo, L50|\n|poke|p1|Grimmsnarl, L50, M|\n|poke|p1|Tauros-Paldea-Aqua, L50, M|\n|poke|p2|Jumpluff, L50, F|\n|poke|p2|Charizard, L50, M|\n|poke|p2|Ninetales, L50, M|\n|poke|p2|Orthworm, L50, M|\n|poke|p2|Mudsdale, L50, M|\n|poke|p2|Ambipom, L50, F|\n|teampreview|4\n|\n|t:|1700011663\n|start\n|switch|p1a: Mamoswine|Mamoswine, L50, M|100\/100\n|switch|p1b: Tauros|Tauros-Paldea-Aqua, L50, M|100\/100\n|switch|p2a: Jumpluff|Jumpluff, L50, F|100\/100\n|switch|p2b: Ambipom|Ambipom, L50, F|100\/100\n|-ability|p1b: Tauros|Intimidate|boost\n|-unboost|p2a: Jumpluff|atk|1\n|-unboost|p2b: Ambipom|atk|1\n|turn|1\n|\n|t:|1700011704\n|move|p2b: Ambipom|Fake Out|p1a: Mamoswine\n|-damage|p1a: Mamoswine|81\/100\n|cant|p1a: Mamoswine|flinch\n|move|p2a: Jumpluff|Tailwind|p2a: Jumpluff\n|-sidestart|p2: bigg.mac210|move: Tailwind\n|move|p1b: Tauros|Wild Charge|p2a: Jumpluff\n|-damage|p2a: Jumpluff|62\/100\n|-damage|p1b: Tauros|88\/100|[from] Recoil\n|\n|-heal|p1b: Tauros|94\/100|[from] item: Leftovers\n|upkeep\n|turn|2\n|\n|t:|1700011738\n|move|p1a: Mamoswine|Ice Shard|p2a: Jumpluff\n|-supereffective|p2a: Jumpluff\n|-damage|p2a: Jumpluff|0 fnt\n|faint|p2a: Jumpluff\n|move|p2b: Ambipom|Trailblaze|p1a: Mamoswine\n|-supereffective|p1a: Mamoswine\n|-crit|p1a: Mamoswine\n|-damage|p1a: Mamoswine|14\/100\n|-boost|p2b: Ambipom|spe|1\n|move|p1b: Tauros|Close Combat|p2b: Ambipom\n|-supereffective|p2b: Ambipom\n|-damage|p2b: Ambipom|0 fnt\n|-unboost|p1b: Tauros|def|1\n|-unboost|p1b: Tauros|spd|1\n|faint|p2b: Ambipom\n|\n|-heal|p1b: Tauros|100\/100|[from] item: Leftovers\n|upkeep\n|\n|t:|1700011753\n|switch|p2b: Charizard|Charizard, L50, M|100\/100\n|switch|p2a: Ninetales|Ninetales, L50, M|100\/100\n|-weather|SunnyDay|[from] ability: Drought|[of] p2a: Ninetales\n|turn|3\n|\n|t:|1700011787\n|-terastallize|p2b: Charizard|Fire\n|move|p1a: Mamoswine|Ice Shard|p2a: Ninetales\n|-resisted|p2a: Ninetales\n|-damage|p2a: Ninetales|84\/100\n|move|p2b: Charizard|Heat Wave|p1a: Mamoswine|[spread] p1a,p1b\n|-supereffective|p1a: Mamoswine\n|-resisted|p1b: Tauros\n|-damage|p1a: Mamoswine|0 fnt\n|-damage|p1b: Tauros|0 fnt\n|faint|p1a: Mamoswine\n|faint|p1b: Tauros\n|move|p2a: Ninetales|Solar Beam||[still]\n|-prepare|p2a: Ninetales|Solar Beam\n|-anim|p2a: Ninetales|Solar Beam|p1: Mamoswine|[notarget]\n|-fail|p2a: Ninetales\n|\n|-weather|SunnyDay|[upkeep]\n|-damage|p2b: Charizard|88\/100|[from] ability: Solar Power|[of] p2b: Charizard\n|upkeep\n|\n|t:|1700011801\n|switch|p1b: Tornadus|Tornadus, L50, M|100\/100\n|switch|p1a: Flutter Mane|Flutter Mane, L50|100\/100\n|-activate|p1a: Flutter Mane|ability: Protosynthesis\n|-start|p1a: Flutter Mane|protosynthesisspe\n|turn|4\n|\n|t:|1700011821\n|move|p1a: Flutter Mane|Protect|p1a: Flutter Mane\n|-singleturn|p1a: Flutter Mane|Protect\n|move|p1b: Tornadus|Rain Dance|p1b: Tornadus\n|-weather|RainDance\n|-end|p1a: Flutter Mane|Protosynthesis\n|-enditem|p1a: Flutter Mane|Booster Energy\n|-activate|p1a: Flutter Mane|ability: Protosynthesis|[fromitem]\n|-start|p1a: Flutter Mane|protosynthesisspe\n|move|p2b: Charizard|Heat Wave|p1a: Flutter Mane|[spread] p1b\n|-activate|p1a: Flutter Mane|move: Protect\n|-damage|p1b: Tornadus|72\/100\n|move|p2a: Ninetales|Overheat|p1a: Flutter Mane\n|-activate|p1a: Flutter Mane|move: Protect\n|\n|-weather|RainDance|[upkeep]\n|-sideend|p2: bigg.mac210|move: Tailwind\n|upkeep\n|turn|5\n|\n|t:|1700011843\n|move|p2a: Ninetales|Helping Hand|p2b: Charizard\n|-singleturn|p2b: Charizard|Helping Hand|[of] p2a: Ninetales\n|move|p1a: Flutter Mane|Shadow Ball|p2b: Charizard\n|-damage|p2b: Charizard|27\/100\n|move|p2b: Charizard|Heat Wave|p1a: Flutter Mane|[spread] p1a,p1b\n|-damage|p1a: Flutter Mane|65\/100\n|-damage|p1b: Tornadus|32\/100\n|move|p1b: Tornadus|Bleakwind Storm|p2a: Ninetales|[spread] p2a,p2b\n|-damage|p2a: Ninetales|40\/100\n|-damage|p2b: Charizard|0 fnt\n|faint|p2b: Charizard\n|\n|-weather|RainDance|[upkeep]\n|upkeep\n|turn|6\n|-message|bigg.mac210 forfeited.\n|\n|win|kick4life42\n|l|\u2606bigg.mac210\n","uploadtime":1700011861,"views":12,"p1id":"kick4life42","p2id":"biggmac210","formatid":"gen9vgc2023regulatione","rating":0,"private":0,"password":""}