{"id":"gen9vgc2023regulatione-1993577165","p1":"Montendoz","p2":"EdoEC","format":"[Gen 9] VGC 2023 Regulation E","log":"|j|\u2606Montendoz\n|j|\u2606EdoEC\n|t:|1700333643\n|gametype|doubles\n|player|p1|Montendoz|266|1377\n|player|p2|EdoEC|janine|1335\n|teamsize|p1|6\n|teamsize|p2|6\n|gen|9\n|tier|[Gen 9] VGC 2023 Regulation E\n|rated|\n|rule|Species Clause: Limit one of each Pok\u00e9mon\n|rule|Item Clause: Limit one of each item\n|clearpoke\n|poke|p1|Tornadus, L50, M|\n|poke|p1|Urshifu-*, L50, M|\n|poke|p1|Flutter Mane, L50|\n|poke|p1|Tinkaton, L50, F|\n|poke|p1|Landorus-Therian, L50, M|\n|poke|p1|Sinistcha, L50|\n|poke|p2|Gholdengo, L50|\n|poke|p2|Amoonguss, L50, F|\n|poke|p2|Iron Hands, L50|\n|poke|p2|Pelipper, L50, F|\n|poke|p2|Salamence, L50, M|\n|poke|p2|Iron Bundle, L50|\n|teampreview|4\n|\n|t:|1700333707\n|start\n|switch|p1a: Tornadus|Tornadus, L50, M|100\/100\n|switch|p1b: Tinkaton|Tinkaton, L50, F|100\/100\n|switch|p2a: OscarSoto|Gholdengo, L50|100\/100\n|switch|p2b: Willy|Iron Hands, L50, shiny|100\/100\n|turn|1\n|inactive|Battle timer is ON: inactive players will automatically lose when time's up. (requested by EdoEC)\n|\n|t:|1700333738\n|move|p1a: Tornadus|Tailwind|p1a: Tornadus\n|-sidestart|p1: Montendoz|move: Tailwind\n|move|p1b: Tinkaton|Gigaton Hammer|p2a: OscarSoto\n|-resisted|p2a: OscarSoto\n|-damage|p2a: OscarSoto|66\/100\n|move|p2a: OscarSoto|Nasty Plot|p2a: OscarSoto\n|-boost|p2a: OscarSoto|spa|2\n|move|p2b: Willy|Drain Punch|p1b: Tinkaton\n|-damage|p1b: Tinkaton|37\/100\n|\n|-heal|p2a: OscarSoto|72\/100|[from] item: Leftovers\n|upkeep\n|turn|2\n|\n|t:|1700333759\n|move|p2a: OscarSoto|Protect|p2a: OscarSoto\n|-singleturn|p2a: OscarSoto|Protect\n|move|p1a: Tornadus|Swagger|p1b: Tinkaton\n|-boost|p1b: Tinkaton|atk|2\n|-immune|p1b: Tinkaton|confusion|[from] ability: Own Tempo\n|move|p1b: Tinkaton|Play Rough|p2b: Willy\n|-supereffective|p2b: Willy\n|-damage|p2b: Willy|10\/100\n|-unboost|p2b: Willy|atk|1\n|move|p2b: Willy|Wild Charge|p1a: Tornadus\n|-supereffective|p1a: Tornadus\n|-damage|p1a: Tornadus|16\/100\n|-damage|p2b: Willy|0 fnt|[from] Recoil\n|faint|p2b: Willy\n|-end|p2b: Willy|Quark Drive|[silent]\n|\n|-heal|p2a: OscarSoto|78\/100|[from] item: Leftovers\n|upkeep\n|\n|t:|1700333778\n|switch|p2b: Palmito|Amoonguss, L50, F, shiny|100\/100\n|turn|3\n|inactive|Montendoz has 30 seconds left.\n|\n|t:|1700333812\n|-terastallize|p2b: Palmito|Water\n|move|p2b: Palmito|Rage Powder|p2b: Palmito\n|-singleturn|p2b: Palmito|move: Rage Powder\n|move|p1b: Tinkaton|Gigaton Hammer|p2b: Palmito\n|-resisted|p2b: Palmito\n|-damage|p2b: Palmito|45\/100\n|-enditem|p2b: Palmito|Sitrus Berry|[eat]\n|-heal|p2b: Palmito|70\/100|[from] item: Sitrus Berry\n|move|p1a: Tornadus|Bleakwind Storm|p2b: Palmito|[spread] p2a,p2b\n|-resisted|p2a: OscarSoto\n|-damage|p2a: OscarSoto|62\/100\n|-damage|p2b: Palmito|37\/100\n|move|p2a: OscarSoto|Make It Rain|p1b: Tinkaton|[spread] p1a,p1b\n|-damage|p1a: Tornadus|0 fnt\n|-damage|p1b: Tinkaton|0 fnt\n|-unboost|p2a: OscarSoto|spa|1\n|faint|p1a: Tornadus\n|faint|p1b: Tinkaton\n|\n|-heal|p2a: OscarSoto|68\/100|[from] item: Leftovers\n|upkeep\n|\n|t:|1700333830\n|switch|p1b: Urshifu|Urshifu-Rapid-Strike, L50, M|100\/100\n|switch|p1a: Flutter Mane|Flutter Mane, L50|100\/100\n|turn|4\n|\n|t:|1700333849\n|-terastallize|p1b: Urshifu|Water\n|move|p2b: Palmito|Rage Powder|p2b: Palmito\n|-singleturn|p2b: Palmito|move: Rage Powder\n|move|p1a: Flutter Mane|Shadow Ball|p2b: Palmito\n|-damage|p2b: Palmito|0 fnt\n|faint|p2b: Palmito\n|move|p1b: Urshifu|Surging Strikes|p2a: OscarSoto\n|-crit|p2a: OscarSoto\n|-damage|p2a: OscarSoto|35\/100\n|-crit|p2a: OscarSoto\n|-damage|p2a: OscarSoto|0 fnt\n|faint|p2a: OscarSoto\n|-hitcount|p2: OscarSoto|2\n|\n|-sideend|p1: Montendoz|move: Tailwind\n|upkeep\n|\n|t:|1700333864\n|switch|p2b: Iron Bundle|Iron Bundle, L50|100\/100\n|-enditem|p2b: Iron Bundle|Booster Energy\n|-activate|p2b: Iron Bundle|ability: Quark Drive|[fromitem]\n|-start|p2b: Iron Bundle|quarkdrivespe\n|turn|5\n|\n|t:|1700333882\n|move|p2b: Iron Bundle|Hydro Pump|p1a: Flutter Mane\n|-damage|p1a: Flutter Mane|51\/100\n|move|p1a: Flutter Mane|Shadow Ball|p2b: Iron Bundle\n|-damage|p2b: Iron Bundle|8\/100\n|move|p1b: Urshifu|Surging Strikes|p2b: Iron Bundle\n|-resisted|p2b: Iron Bundle\n|-crit|p2b: Iron Bundle\n|-damage|p2b: Iron Bundle|0 fnt\n|faint|p2b: Iron Bundle\n|-end|p2b: Iron Bundle|Quark Drive|[silent]\n|-hitcount|p2: Iron Bundle|1\n|\n|win|Montendoz\n|raw|Montendoz's rating: 1377 &rarr; <strong>1395<\/strong><br \/>(+18 for winning)\n|raw|EdoEC's rating: 1335 &rarr; <strong>1317<\/strong><br \/>(-18 for losing)\n","uploadtime":1700333895,"views":7,"p1id":"montendoz","p2id":"edoec","formatid":"gen9vgc2023regulatione","rating":1317,"private":0,"password":""}