{"id":"gen9vgc2023regulatione-1993696801","p1":"Icy Kirby Ronin","p2":"Piriko.","format":"[Gen 9] VGC 2023 Regulation E","log":"|j|\u2606Icy Kirby Ronin\n|j|\u2606Piriko.\n|n|\u2606Icy Kirby Ronin|icykirbyronin\n|n|\u2606Piriko.|piriko\n|html|View the match progress at <a href=\"\/game-bestof3-gen9vgc2023regulatione-1993693085\">game-bestof3-gen9vgc2023regulatione-1993693085<\/a>\n|t:|1700346660\n|gametype|doubles\n|player|p1|Icy Kirby Ronin|bianca-pwt|\n|player|p2|Piriko.|alder|\n|teamsize|p1|6\n|teamsize|p2|6\n|gen|9\n|tier|[Gen 9] VGC 2023 Regulation E\n|rule|Species Clause: Limit one of each Pok\u00e9mon\n|rule|Item Clause: Limit one of each item\n|clearpoke\n|poke|p1|Ursaluna, L50, M|\n|poke|p1|Cresselia, L50, F|\n|poke|p1|Iron Hands, L50|\n|poke|p1|Dragonite, L50, M|\n|poke|p1|Flutter Mane, L50|\n|poke|p1|Urshifu-*, L50, M|\n|poke|p2|Urshifu-*, L50, F|\n|poke|p2|Landorus-Therian, L50, M|\n|poke|p2|Gholdengo, L50|\n|poke|p2|Chien-Pao, L50|\n|poke|p2|Rillaboom, L50, F|\n|poke|p2|Tornadus, L50, M|\n|teampreview|4\n|inactive|Battle timer is ON: inactive players will automatically lose when time's up. (requested by Icy Kirby Ronin)\n|c|\u2606Icy Kirby Ronin|Lo siento por desconectarme mucho la anterior ronda mi internet iba mal\nIcy Kirby Ronin rejected open team sheets.\n|\n|t:|1700346685\n|start\n|switch|p1a: Future Hariyama|Iron Hands, L50|100\/100\n|switch|p1b: Queen Moon|Cresselia, L50, F|100\/100\n|switch|p2a: Cola rica|Tornadus, L50, M|100\/100\n|switch|p2b: Arriba|Gholdengo, L50|100\/100\n|turn|1\n|c|\u2606Piriko.|Tranquilo.\n|c|\u2606Piriko.|Buena suerte.\n|\n|t:|1700346704\n|-terastallize|p2b: Arriba|Steel\n|move|p2a: Cola rica|Protect|p2a: Cola rica\n|-singleturn|p2a: Cola rica|Protect\n|move|p2b: Arriba|Make It Rain|p1a: Future Hariyama|[spread] p1a,p1b\n|-resisted|p1a: Future Hariyama\n|-damage|p1a: Future Hariyama|75\/100\n|-damage|p1b: Queen Moon|38\/100\n|-unboost|p2b: Arriba|spa|1\n|move|p1a: Future Hariyama|Heavy Slam|p2b: Arriba\n|-resisted|p2b: Arriba\n|-damage|p2b: Arriba|73\/100\n|move|p1b: Queen Moon|Trick Room|p1b: Queen Moon\n|-fieldstart|move: Trick Room|[of] p1b: Queen Moon\n|\n|upkeep\n|turn|2\n|\n|t:|1700346720\n|switch|p2a: Perrito Terihan|Landorus-Therian, L50, M|100\/100\n|-ability|p2a: Perrito Terihan|Intimidate|boost\n|-unboost|p1a: Future Hariyama|atk|1\n|-unboost|p1b: Queen Moon|atk|1\n|move|p1a: Future Hariyama|Drain Punch|p2b: Arriba\n|-supereffective|p2b: Arriba\n|-crit|p2b: Arriba\n|-damage|p2b: Arriba|0 fnt\n|-heal|p1a: Future Hariyama|99\/100|[from] drain|[of] p2b: Arriba\n|faint|p2b: Arriba\n|move|p1b: Queen Moon|Lunar Blessing|p1b: Queen Moon|[spread] p1a,p1b\n|-heal|p1a: Future Hariyama|100\/100\n|-heal|p1b: Queen Moon|63\/100\n|\n|upkeep\n|\n|t:|1700346728\n|switch|p2b: Cola rica|Tornadus, L50, M|100\/100\n|turn|3\n|\n|t:|1700346745\n|switch|p2b: Gato Palo|Chien-Pao, L50|100\/100\n|-ability|p2b: Gato Palo|Sword of Ruin\n|move|p1a: Future Hariyama|Wild Charge|p2b: Gato Palo\n|-damage|p2b: Gato Palo|48\/100\n|-damage|p1a: Future Hariyama|92\/100|[from] Recoil\n|move|p1b: Queen Moon|Moonblast|p2b: Gato Palo\n|-supereffective|p2b: Gato Palo\n|-damage|p2b: Gato Palo|0 fnt\n|faint|p2b: Gato Palo\n|move|p2a: Perrito Terihan|Rock Slide|p1a: Future Hariyama|[spread] p1a,p1b\n|-resisted|p1a: Future Hariyama\n|-damage|p1a: Future Hariyama|82\/100\n|-damage|p1b: Queen Moon|42\/100\n|\n|upkeep\n|\n|t:|1700346755\n|switch|p2b: Cola rica|Tornadus, L50, M|100\/100\n|turn|4\n|\n|t:|1700346767\n|move|p1a: Future Hariyama|Wild Charge|p2b: Cola rica\n|-supereffective|p2b: Cola rica\n|-damage|p2b: Cola rica|10\/100\n|-enditem|p2b: Cola rica|Sitrus Berry|[eat]\n|-heal|p2b: Cola rica|35\/100|[from] item: Sitrus Berry\n|-damage|p1a: Future Hariyama|65\/100|[from] Recoil\n|move|p1b: Queen Moon|Moonblast|p2b: Cola rica\n|-damage|p2b: Cola rica|17\/100\n|move|p2b: Cola rica|Bleakwind Storm|p1b: Queen Moon|[spread] p1a,p1b\n|-crit|p1b: Queen Moon\n|-damage|p1a: Future Hariyama|45\/100\n|-damage|p1b: Queen Moon|9\/100\n|move|p2a: Perrito Terihan|Rock Slide|p1b: Queen Moon|[spread] p1a,p1b\n|-resisted|p1a: Future Hariyama\n|-damage|p1a: Future Hariyama|35\/100\n|-damage|p1b: Queen Moon|0 fnt\n|faint|p1b: Queen Moon\n|\n|upkeep\n|c|\u2606Piriko.|Ups.\n|\n|t:|1700346770\n|switch|p1b: N0T BL00DM00N|Ursaluna, L50, M, shiny|100\/100\n|turn|5\n|\n|t:|1700346782\n|move|p2b: Cola rica|Protect|p2b: Cola rica\n|-singleturn|p2b: Cola rica|Protect\n|move|p1b: N0T BL00DM00N|Protect|p1b: N0T BL00DM00N\n|-singleturn|p1b: N0T BL00DM00N|Protect\n|move|p1a: Future Hariyama|Heavy Slam|p2a: Perrito Terihan\n|-damage|p2a: Perrito Terihan|65\/100\n|move|p2a: Perrito Terihan|Rock Slide|p1a: Future Hariyama|[spread] p1a\n|-activate|p1b: N0T BL00DM00N|move: Protect\n|-resisted|p1a: Future Hariyama\n|-damage|p1a: Future Hariyama|22\/100\n|\n|-fieldend|move: Trick Room\n|-status|p1b: N0T BL00DM00N|brn|[from] item: Flame Orb\n|upkeep\n|turn|6\n|\n|t:|1700346802\n|move|p2a: Perrito Terihan|Rock Slide|p1b: N0T BL00DM00N|[spread] p1a,p1b\n|-resisted|p1a: Future Hariyama\n|-resisted|p1b: N0T BL00DM00N\n|-damage|p1a: Future Hariyama|9\/100\n|-damage|p1b: N0T BL00DM00N|88\/100 brn\n|move|p2b: Cola rica|Bleakwind Storm|p1b: N0T BL00DM00N|[spread] p1a\n|-miss|p2b: Cola rica|p1b: N0T BL00DM00N\n|-damage|p1a: Future Hariyama|0 fnt\n|faint|p1a: Future Hariyama\n|-end|p1a: Future Hariyama|Quark Drive|[silent]\n|move|p1b: N0T BL00DM00N|Facade|p2a: Perrito Terihan\n|-damage|p2a: Perrito Terihan|0 fnt\n|faint|p2a: Perrito Terihan\n|\n|-damage|p1b: N0T BL00DM00N|82\/100 brn|[from] brn\n|upkeep\n|\n|t:|1700346805\n|switch|p1a: Tardigrade|Urshifu, L50, M|100\/100\n|turn|7\n|\n|t:|1700346813\n|-terastallize|p1a: Tardigrade|Dark\n|move|p1a: Tardigrade|Sucker Punch|p2b: Cola rica\n|-crit|p2b: Cola rica\n|-damage|p2b: Cola rica|0 fnt\n|faint|p2b: Cola rica\n|\n|win|Icy Kirby Ronin\n|c|\u2606Piriko.|GG.\n|c|\u2606Icy Kirby Ronin|GG\n|c|\u2606Piriko.|Justo me toc\u00f3 el buen trickroom.\n|c|\u2606Icy Kirby Ronin|Tu subes la Replay o yo?\n|c|\u2606Piriko.|\u00bfD\u00f3nde se sube?\n|c|\u2606Piriko.|H\u00e1galo usted porque yo no tengo ni idea.\n|c|\u2606Icy Kirby Ronin|Oka\n|c|\u2606Icy Kirby Ronin|Buena partida\n|c|\u2606Piriko.|Fueron buenas partidas.\n|l|\u2606Piriko.\n","uploadtime":1700346878,"views":15,"p1id":"icykirbyronin","p2id":"piriko","formatid":"gen9vgc2023regulatione","rating":0,"private":0,"password":""}