{"id":"gen9vgc2023regulatione-1997611597","p1":"Whittn","p2":"Donler","format":"[Gen 9] VGC 2023 Regulation E","log":"|j|\u2606Whittn\n|j|\u2606Donler\n|t:|1700832808\n|gametype|doubles\n|player|p1|Whittn|2|\n|player|p2|Donler|1|\n|teamsize|p1|6\n|teamsize|p2|6\n|gen|9\n|tier|[Gen 9] VGC 2023 Regulation E\n|rule|Species Clause: Limit one of each Pok\u00e9mon\n|rule|Item Clause: Limit one of each item\n|clearpoke\n|poke|p1|Kingambit, L50, M|\n|poke|p1|Scovillain, L50, F|\n|poke|p1|Rotom-Wash, L50|\n|poke|p1|Armarouge, L50, M|\n|poke|p1|Dragonite, L50, M|\n|poke|p1|Sandaconda, L50, M|\n|poke|p2|Roaring Moon, L50|\n|poke|p2|Annihilape, L50, F|\n|poke|p2|Chien-Pao, L50|\n|poke|p2|Sylveon, L50, M|\n|poke|p2|Articuno-Galar, L50|\n|poke|p2|Regieleki, L50|\n|teampreview|4\n|\n|t:|1700832830\n|start\n|switch|p1a: Mc Bosh|Kingambit, L50, M, shiny|100\/100\n|switch|p1b: El Bosh|Scovillain, L50, F|100\/100\n|switch|p2a: UwU|Roaring Moon, L50|100\/100\n|switch|p2b: :3|Annihilape, L50, F|100\/100\n|-enditem|p2a: UwU|Booster Energy\n|-activate|p2a: UwU|ability: Protosynthesis|[fromitem]\n|-start|p2a: UwU|protosynthesisatk\n|turn|1\n|\n|t:|1700832865\n|-terastallize|p2a: UwU|Flying\n|move|p2a: UwU|Acrobatics|p1b: El Bosh\n|-supereffective|p1b: El Bosh\n|-damage|p1b: El Bosh|0 fnt\n|faint|p1b: El Bosh\n|move|p1a: Mc Bosh|Zen Headbutt|p2b: :3\n|-supereffective|p2b: :3\n|-damage|p2b: :3|45\/100\n|cant|p2b: :3|flinch\n|\n|-heal|p2b: :3|51\/100|[from] item: Leftovers\n|upkeep\n|\n|t:|1700832884\n|switch|p1b: Bosh|Armarouge, L50, M, shiny|100\/100\n|turn|2\n|\n|t:|1700832899\n|-terastallize|p1a: Mc Bosh|Ghost\n|move|p2b: :3|Protect|p2b: :3\n|-singleturn|p2b: :3|Protect\n|move|p2a: UwU|Rock Slide|p1b: Bosh|[spread] p1a,p1b\n|-supereffective|p1b: Bosh\n|-damage|p1a: Mc Bosh|78\/100\n|-damage|p1b: Bosh|55\/100\n|move|p1a: Mc Bosh|Zen Headbutt|p2b: :3\n|-activate|p2b: :3|move: Protect\n|move|p1b: Bosh|Psyshock|p2a: UwU\n|-damage|p2a: UwU|45\/100\n|\n|-heal|p2b: :3|57\/100|[from] item: Leftovers\n|upkeep\n|turn|3\n|\n|t:|1700832936\n|switch|p2b: >:3|Chien-Pao, L50|100\/100\n|-ability|p2b: >:3|Sword of Ruin\n|move|p2a: UwU|Rock Slide|p1b: Bosh|[spread] p1a,p1b\n|-supereffective|p1b: Bosh\n|-damage|p1a: Mc Bosh|46\/100\n|-damage|p1b: Bosh|0 fnt\n|faint|p1b: Bosh\n|move|p1a: Mc Bosh|Zen Headbutt|p2b: >:3\n|-immune|p2b: >:3\n|\n|upkeep\n|\n|t:|1700832946\n|switch|p1b: Yeeee Bosh|Dragonite, L50, M|100\/100\n|turn|4\n|\n|t:|1700832972\n|move|p1a: Mc Bosh|Sucker Punch|p2a: UwU\n|-damage|p2a: UwU|0 fnt\n|faint|p2a: UwU\n|-end|p2a: UwU|Protosynthesis|[silent]\n|move|p2b: >:3|Ice Spinner|p1b: Yeeee Bosh\n|-supereffective|p1b: Yeeee Bosh\n|-damage|p1b: Yeeee Bosh|0 fnt\n|faint|p1b: Yeeee Bosh\n|\n|upkeep\n|\n|t:|1700832979\n|switch|p2a: OwO|Sylveon, L50, M|100\/100\n|turn|5\n|\n|t:|1700832988\n|move|p1a: Mc Bosh|Sucker Punch|p2a: OwO\n|-resisted|p2a: OwO\n|-damage|p2a: OwO|62\/100\n|move|p2b: >:3|Ice Spinner|p1a: Mc Bosh\n|-damage|p1a: Mc Bosh|3\/100\n|move|p2a: OwO|Shadow Ball|p1a: Mc Bosh\n|-supereffective|p1a: Mc Bosh\n|-damage|p1a: Mc Bosh|0 fnt\n|faint|p1a: Mc Bosh\n|\n|win|Donler\n|l|\u2606Whittn\n","uploadtime":1700833016,"views":3,"p1id":"whittn","p2id":"donler","formatid":"gen9vgc2023regulatione","rating":0,"private":0,"password":""}