{"id":"gen9vgc2023regulatione-1994308393","p1":"Frost0627","p2":"jakewwwwwww","format":"[Gen 9] VGC 2023 Regulation E","log":"|j|\u2606Frost0627\n|j|\u2606jakewwwwwww\n|t:|1700429483\n|gametype|doubles\n|player|p1|Frost0627|1|\n|player|p2|jakewwwwwww|169|\n|teamsize|p1|6\n|teamsize|p2|6\n|gen|9\n|tier|[Gen 9] VGC 2023 Regulation E\n|rule|Species Clause: Limit one of each Pok\u00e9mon\n|rule|Item Clause: Limit one of each item\n|clearpoke\n|poke|p1|Fezandipiti, L50, M|\n|poke|p1|Ogerpon-Hearthflame, L50, F|\n|poke|p1|Samurott-Hisui, L50, M|\n|poke|p1|Sylveon, L50, M|\n|poke|p1|Kilowattrel, L50, M|\n|poke|p1|Goodra-Hisui, L50, M|\n|poke|p2|Chien-Pao, L50|\n|poke|p2|Flutter Mane, L50|\n|poke|p2|Dragonite, L50, M|\n|poke|p2|Heatran, L50, F|\n|poke|p2|Hariyama, L50, F|\n|poke|p2|Landorus, L50, M|\n|teampreview|4\n|c|\u2606Frost0627|glhf\n|c|\u2606jakewwwwwww|U2\n|\n|t:|1700429563\n|start\n|switch|p1a: Kilowattrel|Kilowattrel, L50, M|100\/100\n|switch|p1b: Ogerpon|Ogerpon-Hearthflame, L50, F|100\/100\n|switch|p2a: Chien-Pao|Chien-Pao, L50|100\/100\n|switch|p2b: Dragonite|Dragonite, L50, M|100\/100\n|-ability|p2a: Chien-Pao|Sword of Ruin\n|-ability|p1b: Ogerpon|Mold Breaker\n|turn|1\n|\n|t:|1700429606\n|-terastallize|p2b: Dragonite|Normal\n|move|p1b: Ogerpon|Spiky Shield|p1b: Ogerpon\n|-singleturn|p1b: Ogerpon|move: Protect\n|move|p2b: Dragonite|Extreme Speed|p1b: Ogerpon\n|-activate|p1b: Ogerpon|move: Protect\n|-damage|p2b: Dragonite|88\/100|[from] Spiky Shield|[of] p1b: Ogerpon\n|move|p2a: Chien-Pao|Ice Spinner|p1a: Kilowattrel\n|-supereffective|p1a: Kilowattrel\n|-damage|p1a: Kilowattrel|0 fnt\n|faint|p1a: Kilowattrel\n|\n|upkeep\n|\n|t:|1700429621\n|switch|p1a: Goodra|Goodra-Hisui, L50, M|100\/100\n|turn|2\n|\n|t:|1700429652\n|move|p2b: Dragonite|Extreme Speed|p1b: Ogerpon\n|-damage|p1b: Ogerpon|11\/100\n|move|p2a: Chien-Pao|Ice Spinner|p1a: Goodra\n|-damage|p1a: Goodra|52\/100\n|-ability|p1a: Goodra|Gooey\n|-unboost|p2a: Chien-Pao|spe|1\n|move|p1b: Ogerpon|Ivy Cudgel|p2a: Chien-Pao|[anim] Ivy Cudgel Fire\n|-supereffective|p2a: Chien-Pao\n|-enditem|p2a: Chien-Pao|Focus Sash\n|-damage|p2a: Chien-Pao|1\/100\n|move|p1a: Goodra|Dragon Pulse|p2b: Dragonite\n|-damage|p2b: Dragonite|56\/100\n|\n|upkeep\n|turn|3\n|\n|t:|1700429683\n|move|p1b: Ogerpon|Spiky Shield|p1b: Ogerpon\n|-singleturn|p1b: Ogerpon|move: Protect\n|move|p1a: Goodra|Protect|p1a: Goodra\n|-singleturn|p1a: Goodra|Protect\n|move|p2b: Dragonite|Extreme Speed|p1b: Ogerpon\n|-activate|p1b: Ogerpon|move: Protect\n|-damage|p2b: Dragonite|44\/100|[from] Spiky Shield|[of] p1b: Ogerpon\n|move|p2a: Chien-Pao|Sucker Punch||[still]\n|-fail|p2a: Chien-Pao\n|\n|upkeep\n|turn|4\n|\n|t:|1700429701\n|switch|p1b: Sylveon|Sylveon, L50, M|100\/100\n|move|p2b: Dragonite|Extreme Speed|p1b: Sylveon\n|-crit|p1b: Sylveon\n|-damage|p1b: Sylveon|0 fnt\n|faint|p1b: Sylveon\n|move|p2a: Chien-Pao|Sucker Punch||[still]\n|-fail|p2a: Chien-Pao\n|move|p1a: Goodra|Acid Armor|p1a: Goodra\n|-boost|p1a: Goodra|def|2\n|\n|upkeep\n|\n|t:|1700429713\n|switch|p1b: Ogerpon|Ogerpon-Hearthflame, L50, F|11\/100\n|-ability|p1b: Ogerpon|Mold Breaker\n|turn|5\n|\n|t:|1700429727\n|move|p1b: Ogerpon|Spiky Shield|p1b: Ogerpon\n|-singleturn|p1b: Ogerpon|move: Protect\n|move|p2b: Dragonite|Extreme Speed|p1a: Goodra\n|-resisted|p1a: Goodra\n|-damage|p1a: Goodra|33\/100\n|-ability|p1a: Goodra|Gooey\n|-unboost|p2b: Dragonite|spe|1\n|-enditem|p1a: Goodra|Sitrus Berry|[eat]\n|-heal|p1a: Goodra|57\/100|[from] item: Sitrus Berry\n|move|p2a: Chien-Pao|Ice Spinner|p1a: Goodra\n|-damage|p1a: Goodra|33\/100\n|-ability|p1a: Goodra|Gooey\n|-unboost|p2a: Chien-Pao|spe|1\n|move|p1a: Goodra|Body Press|p2b: Dragonite\n|-supereffective|p2b: Dragonite\n|-damage|p2b: Dragonite|0 fnt\n|faint|p2b: Dragonite\n|\n|upkeep\n|\n|t:|1700429751\n|switch|p2b: Flutter Mane|Flutter Mane, L50|100\/100\n|-enditem|p2b: Flutter Mane|Booster Energy\n|-activate|p2b: Flutter Mane|ability: Protosynthesis|[fromitem]\n|-start|p2b: Flutter Mane|protosynthesisspa\n|turn|6\n|\n|t:|1700429764\n|-terastallize|p1b: Ogerpon|Fire\n|detailschange|p1b: Ogerpon|Ogerpon-Hearthflame-Tera, L50, F, tera:Fire\n|-ability|p1b: Ogerpon|Embody Aspect (Hearthflame)|boost\n|-boost|p1b: Ogerpon|atk|1\n|move|p1a: Goodra|Protect|p1a: Goodra\n|-singleturn|p1a: Goodra|Protect\n|move|p2a: Chien-Pao|Sucker Punch|p1b: Ogerpon\n|-damage|p1b: Ogerpon|0 fnt\n|faint|p1b: Ogerpon\n|move|p2b: Flutter Mane|Moonblast|p1a: Goodra\n|-activate|p1a: Goodra|move: Protect\n|\n|upkeep\n|turn|7\n|\n|t:|1700429782\n|move|p2a: Chien-Pao|Sucker Punch|p1a: Goodra\n|-damage|p1a: Goodra|12\/100\n|-ability|p1a: Goodra|Gooey\n|-unboost|p2a: Chien-Pao|spe|1\n|move|p2b: Flutter Mane|Moonblast|p1a: Goodra\n|-damage|p1a: Goodra|0 fnt\n|faint|p1a: Goodra\n|\n|win|jakewwwwwww\n|c|\u2606Frost0627|gg\n|c|\u2606jakewwwwwww|GG\n","uploadtime":1700429798,"views":18,"p1id":"frost0627","p2id":"jakewwwwwww","formatid":"gen9vgc2023regulatione","rating":0,"private":0,"password":""}