{"id":"gen9vgc2023regulatione-1995477458","p1":"ScrubShadedPurple","p2":"jinx38346","format":"[Gen 9] VGC 2023 Regulation E","log":"|j|\u2606ScrubShadedPurple\n|j|\u2606jinx38346\n|t:|1700575174\n|gametype|doubles\n|player|p1|ScrubShadedPurple|170|1184\n|player|p2|jinx38346|101|1223\n|teamsize|p1|6\n|teamsize|p2|6\n|gen|9\n|tier|[Gen 9] VGC 2023 Regulation E\n|rated|\n|rule|Species Clause: Limit one of each Pok\u00e9mon\n|rule|Item Clause: Limit one of each item\n|clearpoke\n|poke|p1|Moltres-Galar, L50|\n|poke|p1|Dusclops, L50, M|\n|poke|p1|Ursaluna-Bloodmoon, L50, M|\n|poke|p1|Iron Hands, L50|\n|poke|p1|Sinistcha, L50|\n|poke|p1|Arcanine-Hisui, L50, M|\n|poke|p2|Umbreon, L50, M|\n|poke|p2|Weezing, L50, M|\n|poke|p2|Tornadus, L50, M|\n|poke|p2|Iron Hands, L50|\n|poke|p2|Gyarados, L50, M|\n|poke|p2|Amoonguss, L50, M|\n|teampreview|4\n|inactive|Battle timer is ON: inactive players will automatically lose when time's up. (requested by jinx38346)\n|inactive|ScrubShadedPurple has 60 seconds left.\n|inactive|jinx38346 has 60 seconds left.\n|\n|t:|1700575228\n|start\n|switch|p1a: Dusclops|Dusclops, L50, M|100\/100\n|switch|p1b: Ursaluna|Ursaluna-Bloodmoon, L50, M|100\/100\n|switch|p2a: Iron Hands|Iron Hands, L50, shiny|100\/100\n|switch|p2b: Amoonguss|Amoonguss, L50, M, shiny|100\/100\n|-item|p2a: Iron Hands|Assault Vest|[from] ability: Frisk|[of] p1a: Dusclops|[identify]\n|-item|p2b: Amoonguss|Rocky Helmet|[from] ability: Frisk|[of] p1a: Dusclops|[identify]\n|turn|1\n|inactive|ScrubShadedPurple has 30 seconds left.\n|inactive|jinx38346 has 30 seconds left.\n|inactive|ScrubShadedPurple has 20 seconds left.\n|inactive|jinx38346 has 20 seconds left.\n|inactive|jinx38346 has 15 seconds left.\n|inactive|jinx38346 has 10 seconds left.\n|\n|t:|1700575274\n|switch|p2b: Umbreon|Umbreon, L50, M, shiny|100\/100\n|switch|p1a: Arcanine|Arcanine-Hisui, L50, M|100\/100\n|-ability|p1a: Arcanine|Intimidate|boost\n|-unboost|p2a: Iron Hands|atk|1\n|-fail|p2b: Umbreon|unboost|Attack|[from] ability: Inner Focus|[of] p2b: Umbreon\n|move|p1b: Ursaluna|Protect|p1b: Ursaluna\n|-singleturn|p1b: Ursaluna|Protect\n|move|p2a: Iron Hands|Drain Punch|p1b: Ursaluna\n|-activate|p1b: Ursaluna|move: Protect\n|\n|upkeep\n|turn|2\n|inactive|ScrubShadedPurple has 30 seconds left.\n|\n|t:|1700575309\n|switch|p1a: Sinistcha|Sinistcha, L50|100\/100\n|move|p2b: Umbreon|Yawn|p1b: Ursaluna\n|-start|p1b: Ursaluna|move: Yawn|[of] p2b: Umbreon\n|move|p2a: Iron Hands|Drain Punch|p1b: Ursaluna\n|-supereffective|p1b: Ursaluna\n|-damage|p1b: Ursaluna|46\/100\n|move|p1b: Ursaluna|Earth Power|p2a: Iron Hands\n|-supereffective|p2a: Iron Hands\n|-damage|p2a: Iron Hands|25\/100\n|-damage|p1b: Ursaluna|37\/100|[from] item: Life Orb\n|\n|upkeep\n|turn|3\n|inactive|ScrubShadedPurple has 30 seconds left.\n|inactive|ScrubShadedPurple has 20 seconds left.\n|inactive|ScrubShadedPurple has 15 seconds left.\n|inactive|ScrubShadedPurple has 10 seconds left.\n|inactive|ScrubShadedPurple has 5 seconds left.\n|\n|t:|1700575359\n|switch|p1b: Arcanine|Arcanine-Hisui, L50, M|100\/100\n|-ability|p1b: Arcanine|Intimidate|boost\n|-unboost|p2a: Iron Hands|atk|1\n|-fail|p2b: Umbreon|unboost|Attack|[from] ability: Inner Focus|[of] p2b: Umbreon\n|move|p1a: Sinistcha|Strength Sap|p2a: Iron Hands\n|-unboost|p2a: Iron Hands|atk|1\n|move|p2b: Umbreon|Foul Play|p1a: Sinistcha\n|-supereffective|p1a: Sinistcha\n|-damage|p1a: Sinistcha|72\/100\n|move|p2a: Iron Hands|Drain Punch|p1b: Arcanine\n|-supereffective|p1b: Arcanine\n|-damage|p1b: Arcanine|57\/100\n|-heal|p2a: Iron Hands|42\/100|[from] drain|[of] p1b: Arcanine\n|\n|upkeep\n|turn|4\n|inactive|ScrubShadedPurple has 30 seconds left.\n|\n|t:|1700575387\n|-end|p2a: Iron Hands|Quark Drive|[silent]\n|switch|p2a: Gyarados|Gyarados, L50, M, shiny|100\/100\n|-ability|p2a: Gyarados|Intimidate|boost\n|-unboost|p1a: Sinistcha|atk|1\n|-unboost|p1b: Arcanine|atk|1\n|move|p1a: Sinistcha|Rage Powder|p1a: Sinistcha\n|-singleturn|p1a: Sinistcha|move: Rage Powder\n|move|p1b: Arcanine|Rock Slide|p2a: Gyarados|[spread] p2a\n|-miss|p1b: Arcanine|p2b: Umbreon\n|-supereffective|p2a: Gyarados\n|-damage|p2a: Gyarados|25\/100\n|move|p2b: Umbreon|Yawn|p1a: Sinistcha\n|-start|p1a: Sinistcha|move: Yawn|[of] p2b: Umbreon\n|\n|upkeep\n|turn|5\n|\n|t:|1700575411\n|switch|p2a: Amoonguss|Amoonguss, L50, M, shiny|100\/100\n|move|p1a: Sinistcha|Rage Powder|p1a: Sinistcha\n|-singleturn|p1a: Sinistcha|move: Rage Powder\n|move|p1b: Arcanine|Rock Slide|p2a: Amoonguss|[spread] p2a,p2b\n|-damage|p2a: Amoonguss|79\/100\n|-damage|p2b: Umbreon|81\/100\n|move|p2b: Umbreon|Yawn||[still]\n|-fail|p2b: Umbreon\n|\n|-end|p1a: Sinistcha|move: Yawn|[silent]\n|-status|p1a: Sinistcha|slp\n|upkeep\n|turn|6\n|inactive|ScrubShadedPurple has 30 seconds left.\n|\n|t:|1700575439\n|switch|p1b: Dusclops|Dusclops, L50, M|100\/100\n|-item|p2a: Amoonguss|Rocky Helmet|[from] ability: Frisk|[of] p1b: Dusclops|[identify]\n|-item|p2b: Umbreon|Iapapa Berry|[from] ability: Frisk|[of] p1b: Dusclops|[identify]\n|move|p2a: Amoonguss|Rage Powder|p2a: Amoonguss\n|-singleturn|p2a: Amoonguss|move: Rage Powder\n|move|p2b: Umbreon|Yawn|p1b: Dusclops\n|-start|p1b: Dusclops|move: Yawn|[of] p2b: Umbreon\n|cant|p1a: Sinistcha|slp\n|\n|upkeep\n|turn|7\n|\n|t:|1700575461\n|switch|p1b: Arcanine|Arcanine-Hisui, L50, M|57\/100\n|-ability|p1b: Arcanine|Intimidate|boost\n|-unboost|p2a: Amoonguss|atk|1\n|-fail|p2b: Umbreon|unboost|Attack|[from] ability: Inner Focus|[of] p2b: Umbreon\n|move|p2b: Umbreon|Foul Play|p1a: Sinistcha\n|-supereffective|p1a: Sinistcha\n|-damage|p1a: Sinistcha|51\/100 slp\n|move|p2a: Amoonguss|Clear Smog|p1a: Sinistcha\n|-damage|p1a: Sinistcha|35\/100 slp\n|-clearboost|p1a: Sinistcha\n|cant|p1a: Sinistcha|slp\n|\n|upkeep\n|turn|8\n|inactive|ScrubShadedPurple has 30 seconds left.\n|\n|t:|1700575492\n|-terastallize|p1b: Arcanine|Grass\n|move|p1b: Arcanine|Extreme Speed|p2a: Amoonguss\n|-damage|p2a: Amoonguss|47\/100\n|-damage|p1b: Arcanine|40\/100|[from] item: Rocky Helmet|[of] p2a: Amoonguss\n|move|p2b: Umbreon|Yawn|p1b: Arcanine\n|-start|p1b: Arcanine|move: Yawn|[of] p2b: Umbreon\n|move|p2a: Amoonguss|Pollen Puff|p2b: Umbreon\n|-heal|p2b: Umbreon|100\/100\n|cant|p1a: Sinistcha|slp\n|\n|upkeep\n|turn|9\n|\n|t:|1700575510\n|switch|p1b: Dusclops|Dusclops, L50, M|100\/100\n|-item|p2a: Amoonguss|Rocky Helmet|[from] ability: Frisk|[of] p1b: Dusclops|[identify]\n|-item|p2b: Umbreon|Iapapa Berry|[from] ability: Frisk|[of] p1b: Dusclops|[identify]\n|move|p2a: Amoonguss|Protect|p2a: Amoonguss\n|-singleturn|p2a: Amoonguss|Protect\n|move|p2b: Umbreon|Foul Play|p1b: Dusclops\n|-supereffective|p1b: Dusclops\n|-damage|p1b: Dusclops|79\/100\n|-curestatus|p1a: Sinistcha|slp|[msg]\n|move|p1a: Sinistcha|Trick Room|p1a: Sinistcha\n|-fieldstart|move: Trick Room|[of] p1a: Sinistcha\n|\n|upkeep\n|turn|10\n|inactive|ScrubShadedPurple has 30 seconds left.\n|inactive|jinx38346 has 30 seconds left.\n|\n|t:|1700575542\n|switch|p2a: Iron Hands|Iron Hands, L50, shiny|42\/100\n|move|p1b: Dusclops|Will-O-Wisp|p2a: Iron Hands\n|-status|p2a: Iron Hands|brn\n|move|p2b: Umbreon|Foul Play|p1a: Sinistcha\n|-supereffective|p1a: Sinistcha\n|-damage|p1a: Sinistcha|10\/100\n|move|p1a: Sinistcha|Strength Sap|p2b: Umbreon\n|-unboost|p2b: Umbreon|atk|1\n|-heal|p1a: Sinistcha|46\/100\n|\n|-damage|p2a: Iron Hands|36\/100 brn|[from] brn\n|upkeep\n|turn|11\n|\n|t:|1700575565\n|move|p1b: Dusclops|Will-O-Wisp|p2b: Umbreon\n|-status|p2b: Umbreon|brn\n|move|p2a: Iron Hands|Wild Charge|p1a: Sinistcha\n|-resisted|p1a: Sinistcha\n|-damage|p1a: Sinistcha|34\/100\n|-damage|p2a: Iron Hands|34\/100 brn|[from] Recoil\n|move|p2b: Umbreon|Foul Play|p1a: Sinistcha\n|-supereffective|p1a: Sinistcha\n|-damage|p1a: Sinistcha|19\/100\n|move|p1a: Sinistcha|Strength Sap|p2a: Iron Hands\n|-unboost|p2a: Iron Hands|atk|1\n|-heal|p1a: Sinistcha|100\/100\n|\n|-damage|p2a: Iron Hands|27\/100 brn|[from] brn\n|-damage|p2b: Umbreon|95\/100 brn|[from] brn\n|upkeep\n|turn|12\n|inactive|ScrubShadedPurple has 30 seconds left.\n|inactive|jinx38346 has 30 seconds left.\n|c|\u2606ScrubShadedPurple|Holy crap strength sap is busted\n|inactive|ScrubShadedPurple has 20 seconds left.\n|\n|t:|1700575604\n|move|p1b: Dusclops|Night Shade|p2b: Umbreon\n|-damage|p2b: Umbreon|70\/100 brn\n|move|p2a: Iron Hands|Wild Charge|p1b: Dusclops\n|-damage|p1b: Dusclops|68\/100\n|-damage|p2a: Iron Hands|26\/100 brn|[from] Recoil\n|move|p2b: Umbreon|Yawn|p1a: Sinistcha\n|-start|p1a: Sinistcha|move: Yawn|[of] p2b: Umbreon\n|move|p1a: Sinistcha|Matcha Gotcha|p2a: Iron Hands|[spread] p2a,p2b\n|-damage|p2a: Iron Hands|13\/100 brn\n|-damage|p2b: Umbreon|53\/100 brn\n|\n|-damage|p2a: Iron Hands|7\/100 brn|[from] brn\n|-damage|p2b: Umbreon|48\/100 brn|[from] brn\n|upkeep\n|turn|13\n|inactive|ScrubShadedPurple has 30 seconds left.\n|inactive|jinx38346 has 30 seconds left.\n|\n|t:|1700575634\n|switch|p1a: Arcanine|Arcanine-Hisui, L50, M, tera:Grass|40\/100\n|-ability|p1a: Arcanine|Intimidate|boost\n|-unboost|p2a: Iron Hands|atk|1\n|-fail|p2b: Umbreon|unboost|Attack|[from] ability: Inner Focus|[of] p2b: Umbreon\n|move|p1b: Dusclops|Night Shade|p2b: Umbreon\n|-damage|p2b: Umbreon|23\/100 brn\n|-enditem|p2b: Umbreon|Iapapa Berry|[eat]\n|-heal|p2b: Umbreon|56\/100 brn|[from] item: Iapapa Berry\n|move|p2a: Iron Hands|Wild Charge|p1b: Dusclops\n|-damage|p1b: Dusclops|60\/100\n|-damage|p2a: Iron Hands|5\/100 brn|[from] Recoil\n|move|p2b: Umbreon|Moonlight|p2b: Umbreon\n|-heal|p2b: Umbreon|100\/100 brn\n|\n|-damage|p2a: Iron Hands|0 fnt|[from] brn\n|faint|p2a: Iron Hands\n|-end|p2a: Iron Hands|Quark Drive|[silent]\n|-damage|p2b: Umbreon|95\/100 brn|[from] brn\n|-fieldend|move: Trick Room\n|upkeep\n|\n|t:|1700575655\n|switch|p2a: Gyarados|Gyarados, L50, M, shiny|25\/100\n|-ability|p2a: Gyarados|Intimidate|boost\n|-unboost|p1a: Arcanine|atk|1\n|-unboost|p1b: Dusclops|atk|1\n|turn|14\n|\n|t:|1700575672\n|-terastallize|p2a: Gyarados|Ground\n|move|p1a: Arcanine|Extreme Speed|p2a: Gyarados\n|-damage|p2a: Gyarados|0 fnt\n|faint|p2a: Gyarados\n|move|p2b: Umbreon|Foul Play|p1b: Dusclops\n|-supereffective|p1b: Dusclops\n|-damage|p1b: Dusclops|52\/100\n|move|p1b: Dusclops|Trick Room|p1b: Dusclops\n|-fieldstart|move: Trick Room|[of] p1b: Dusclops\n|\n|-damage|p2b: Umbreon|89\/100 brn|[from] brn\n|upkeep\n|-message|jinx38346 forfeited.\n|\n|win|ScrubShadedPurple\n|raw|ScrubShadedPurple's rating: 1184 &rarr; <strong>1212<\/strong><br \/>(+28 for winning)\n|raw|jinx38346's rating: 1223 &rarr; <strong>1195<\/strong><br \/>(-28 for losing)\n|l|\u2606jinx38346\n","uploadtime":1700575685,"views":5,"p1id":"scrubshadedpurple","p2id":"jinx38346","formatid":"gen9vgc2023regulatione","rating":1195,"private":0,"password":""}