{"id":"gen9vgc2023regulatione-2000098429","p1":"PoliwrathIRL","p2":"Sirwoodie","format":"[Gen 9] VGC 2023 Regulation E","log":"|j|\u2606PoliwrathIRL\n|j|\u2606Sirwoodie\n|t:|1701154450\n|gametype|doubles\n|player|p1|PoliwrathIRL|ethan|1089\n|player|p2|Sirwoodie|265|1000\n|teamsize|p1|6\n|teamsize|p2|6\n|gen|9\n|tier|[Gen 9] VGC 2023 Regulation E\n|rated|\n|rule|Species Clause: Limit one of each Pok\u00e9mon\n|rule|Item Clause: Limit one of each item\n|clearpoke\n|poke|p1|Poliwrath, L50, M|\n|poke|p1|Politoed, L50, M|\n|poke|p1|Clefairy, L50, F|\n|poke|p1|Kingambit, L50, M|\n|poke|p1|Sinistcha, L50|\n|poke|p1|Iron Bundle, L50|\n|poke|p2|Flutter Mane, L50|\n|poke|p2|Heatran, L50, M|\n|poke|p2|Slowking-Galar, L50, F|\n|poke|p2|Dragonite, L50, F|\n|poke|p2|Kingambit, L50, M|\n|poke|p2|Florges, L50, F|\n|teampreview|4\n|inactive|Battle timer is ON: inactive players will automatically lose when time's up. (requested by PoliwrathIRL)\nPoliwrathIRL has agreed to open team sheets.\n|\n|t:|1701154468\n|start\n|switch|p1a: Poliwrath|Poliwrath, L50, M|100\/100\n|switch|p1b: Sinistcha|Sinistcha, L50|100\/100\n|switch|p2a: Florges|Florges, L50, F|100\/100\n|switch|p2b: Dragonite|Dragonite, L50, F, shiny|100\/100\n|turn|1\n|j| GOODSHITPROFESSOR\n|\n|t:|1701154487\n|move|p1b: Sinistcha|Rage Powder|p1b: Sinistcha\n|-singleturn|p1b: Sinistcha|move: Rage Powder\n|move|p2a: Florges|Calm Mind|p2a: Florges\n|-boost|p2a: Florges|spa|1\n|-boost|p2a: Florges|spd|1\n|move|p1a: Poliwrath|Belly Drum|p1a: Poliwrath\n|-damage|p1a: Poliwrath|50\/100\n|-setboost|p1a: Poliwrath|atk|6|[from] move: Belly Drum\n|-enditem|p1a: Poliwrath|Sitrus Berry|[eat]\n|-heal|p1a: Poliwrath|75\/100|[from] item: Sitrus Berry\n|move|p2b: Dragonite|Encore|p1b: Sinistcha\n|-start|p1b: Sinistcha|Encore\n|\n|upkeep\n|turn|2\n|\n|t:|1701154509\n|switch|p1b: Politoed|Politoed, L50, M|100\/100\n|-weather|RainDance|[from] ability: Drizzle|[of] p1b: Politoed\n|move|p2a: Florges|Protect|p2a: Florges\n|-singleturn|p2a: Florges|Protect\n|move|p1a: Poliwrath|Liquidation|p2a: Florges\n|-activate|p2a: Florges|move: Protect\n|move|p2b: Dragonite|Haze|p2b: Dragonite\n|-clearallboost\n|\n|-weather|RainDance|[upkeep]\n|upkeep\n|turn|3\n|\n|t:|1701154529\n|move|p1b: Politoed|Helping Hand|p1a: Poliwrath\n|-singleturn|p1a: Poliwrath|Helping Hand|[of] p1b: Politoed\n|move|p1a: Poliwrath|Liquidation|p2a: Florges\n|-crit|p2a: Florges\n|-damage|p2a: Florges|0 fnt\n|faint|p2a: Florges\n|move|p2b: Dragonite|Encore|p1a: Poliwrath\n|-start|p1a: Poliwrath|Encore\n|\n|-weather|RainDance|[upkeep]\n|upkeep\n|\n|t:|1701154543\n|switch|p2a: Flutter Mane|Flutter Mane, L50|100\/100\n|-enditem|p2a: Flutter Mane|Booster Energy\n|-activate|p2a: Flutter Mane|ability: Protosynthesis|[fromitem]\n|-start|p2a: Flutter Mane|protosynthesisspa\n|turn|4\n|\n|t:|1701154559\n|move|p1a: Poliwrath|Liquidation|p2a: Flutter Mane\n|-damage|p2a: Flutter Mane|0 fnt\n|faint|p2a: Flutter Mane\n|-end|p2a: Flutter Mane|Protosynthesis|[silent]\n|move|p1b: Politoed|Muddy Water|p2b: Dragonite\n|-resisted|p2b: Dragonite\n|-damage|p2b: Dragonite|92\/100\n|-unboost|p2b: Dragonite|accuracy|1\n|move|p2b: Dragonite|Dragon Tail|p1b: Politoed\n|-damage|p1b: Politoed|63\/100\n|-damage|p2b: Dragonite|82\/100|[from] item: Life Orb\n|drag|p1b: Kingambit|Kingambit, L50, M|100\/100\n|\n|-weather|RainDance|[upkeep]\n|upkeep\n|\n|t:|1701154575\n|switch|p2a: Kingambit|Kingambit, L50, M|100\/100\n|-activate|p2a: Kingambit|ability: Supreme Overlord\n|-start|p2a: Kingambit|fallen2|[silent]\n|turn|5\n|\n|t:|1701154591\n|-terastallize|p1b: Kingambit|Water\n|move|p1a: Poliwrath|Liquidation|p2a: Kingambit\n|-damage|p2a: Kingambit|54\/100\n|-unboost|p2a: Kingambit|def|1\n|move|p2b: Dragonite|Encore||[still]\n|-fail|p2b: Dragonite\n|move|p2a: Kingambit|Thunder Wave|p1a: Poliwrath\n|-status|p1a: Poliwrath|par\n|move|p1b: Kingambit|Tera Blast|p2a: Kingambit|[anim] Tera Blast Water\n|-damage|p2a: Kingambit|0 fnt\n|faint|p2a: Kingambit\n|-end|p2a: Kingambit|fallen2|[silent]\n|\n|-weather|RainDance|[upkeep]\n|upkeep\n|turn|6\n|\n|t:|1701154614\n|move|p1a: Poliwrath|Liquidation|p2b: Dragonite\n|-resisted|p2b: Dragonite\n|-damage|p2b: Dragonite|52\/100\n|move|p1b: Kingambit|Kowtow Cleave|p2b: Dragonite\n|-damage|p2b: Dragonite|0 fnt\n|faint|p2b: Dragonite\n|\n|win|PoliwrathIRL\n|raw|PoliwrathIRL's rating: 1089 &rarr; <strong>1109<\/strong><br \/>(+20 for winning)\n|raw|Sirwoodie's rating: 1000 &rarr; <strong>1000<\/strong><br \/>(+0 for losing)\n|l|\u2606Sirwoodie\n","uploadtime":1701154624,"views":15,"p1id":"poliwrathirl","p2id":"sirwoodie","formatid":"gen9vgc2023regulatione","rating":1000,"private":0,"password":""}