{"id":"gen9vgc2023regulatione-1989964451","p1":"Scalonetapibe","p2":"carlosc1b19","format":"[Gen 9] VGC 2023 Regulation E","log":"|j|\u2606Scalonetapibe\n|j|\u2606carlosc1b19\n|n|\u2606Scalonetapibe|scalonetapibe\n|n|\u2606carlosc1b19|carlosc1b19\n|html|View the match progress at <a href=\"\/game-bestof3-gen9vgc2023regulatione-1989964450\">game-bestof3-gen9vgc2023regulatione-1989964450<\/a>\n|t:|1699910740\n|gametype|doubles\n|player|p1|Scalonetapibe|bruno|\n|player|p2|carlosc1b19|2|\n|teamsize|p1|6\n|teamsize|p2|6\n|gen|9\n|tier|[Gen 9] VGC 2023 Regulation E\n|rule|Species Clause: Limit one of each Pok\u00e9mon\n|rule|Item Clause: Limit one of each item\n|clearpoke\n|poke|p1|Gholdengo, L50|\n|poke|p1|Iron Hands, L50|\n|poke|p1|Amoonguss, L50, F|\n|poke|p1|Iron Bundle, L50|\n|poke|p1|Pelipper, L50, F|\n|poke|p1|Salamence, L50, F|\n|poke|p2|Tornadus, L50, M|\n|poke|p2|Flutter Mane, L50|\n|poke|p2|Rillaboom, L50, F|\n|poke|p2|Ogerpon-Hearthflame, L50, F|\n|poke|p2|Chien-Pao, L50|\n|poke|p2|Dragonite, L50, F|\n|teampreview|4\n|inactive|Battle timer is ON: inactive players will automatically lose when time's up. (requested by Scalonetapibe)\ncarlosc1b19 has agreed to open team sheets.\n|inactiveoff|Battle timer is now OFF.\nScalonetapibe has agreed to open team sheets.\n|showteam|p1|Gholdengo||Leftovers|GoodasGold|MakeItRain,NastyPlot,ShadowBall,Protect||||||50|,,,,,Dragon]Iron Hands||AssaultVest|QuarkDrive|FakeOut,HeavySlam,WildCharge,DrainPunch||||||50|,,,,,Water]Amoonguss||SitrusBerry|Regenerator|Spore,RagePowder,PollenPuff,Protect|||F|||50|,,,,,Water]Iron Bundle||BoosterEnergy|QuarkDrive|IcyWind,FreezeDry,HydroPump,Protect||||||50|,,,,,Ghost]Pelipper||FocusSash|Drizzle|Hurricane,WeatherBall,Protect,WideGuard|||F|||50|,,,,,Flying]Salamence||ChoiceScarf|Intimidate|Hurricane,DracoMeteor,Tailwind,AirSlash|||F|||50|,,,,,Flying\n|showteam|p2|Tornadus||CovertCloak|Prankster|BleakwindStorm,SunnyDay,Tailwind,Taunt|||M|||50|,,,,,Dark]Flutter Mane||ChoiceSpecs|Protosynthesis|Moonblast,ShadowBall,DazzlingGleam,EnergyBall||||||50|,,,,,Fairy]Rillaboom||AssaultVest|GrassySurge|StompingTantrum,WoodHammer,GrassyGlide,FakeOut|||F|||50|,,,,,Water]Ogerpon-Hearthflame||HearthflameMask|MoldBreaker|IvyCudgel,WoodHammer,GrassyGlide,SpikyShield|||F|||50|,,,,,Fire]Chien-Pao||FocusSash|SwordofRuin|IcicleCrash,Crunch,SuckerPunch,Protect||||||50|,,,,,Ghost]Dragonite||ChoiceBand|InnerFocus|ExtremeSpeed,Outrage,StompingTantrum,AquaJet|||F|||50|,,,,,Normal\n|c|\u2606carlosc1b19|dame un segundo que haga lo del live\n|c|\u2606carlosc1b19|ya lo has puesto\n|c|\u2606carlosc1b19|pues gl hf\n|c|\u2606Scalonetapibe|Ya lo hice\n|c|\u2606Scalonetapibe|Glhf\n|\n|t:|1699910816\n|start\n|switch|p1a: Iron Hands|Iron Hands, L50|100\/100\n|switch|p1b: Iron Bundle|Iron Bundle, L50|100\/100\n|switch|p2a: Ventisca|Tornadus, L50, M|100\/100\n|switch|p2b: Dragonite|Dragonite, L50, F|100\/100\n|-enditem|p1b: Iron Bundle|Booster Energy\n|-activate|p1b: Iron Bundle|ability: Quark Drive|[fromitem]\n|-start|p1b: Iron Bundle|quarkdrivespe\n|turn|1\n|inactive|Battle timer is ON: inactive players will automatically lose when time's up. (requested by carlosc1b19)\n|\n|t:|1699910876\n|-terastallize|p1b: Iron Bundle|Ghost\n|move|p2a: Ventisca|Tailwind|p2a: Ventisca\n|-sidestart|p2: carlosc1b19|move: Tailwind\n|move|p1b: Iron Bundle|Icy Wind|p2a: Ventisca|[spread] p2a,p2b\n|-supereffective|p2a: Ventisca\n|-supereffective|p2b: Dragonite\n|-damage|p2a: Ventisca|57\/100\n|-damage|p2b: Dragonite|31\/100\n|-unboost|p2b: Dragonite|spe|1\n|move|p2b: Dragonite|Stomping Tantrum|p1a: Iron Hands\n|-supereffective|p1a: Iron Hands\n|-damage|p1a: Iron Hands|39\/100\n|move|p1a: Iron Hands|Drain Punch|p2b: Dragonite\n|-resisted|p2b: Dragonite\n|-damage|p2b: Dragonite|10\/100\n|-heal|p1a: Iron Hands|47\/100|[from] drain|[of] p2b: Dragonite\n|\n|upkeep\n|turn|2\n|\n|t:|1699910895\n|-end|p1a: Iron Hands|Quark Drive|[silent]\n|switch|p1a: Pelipper|Pelipper, L50, F|100\/100\n|-weather|RainDance|[from] ability: Drizzle|[of] p1a: Pelipper\n|move|p2a: Ventisca|Sunny Day|p2a: Ventisca\n|-weather|SunnyDay\n|move|p1b: Iron Bundle|Icy Wind|p2b: Dragonite|[spread] p2a,p2b\n|-supereffective|p2a: Ventisca\n|-supereffective|p2b: Dragonite\n|-damage|p2a: Ventisca|14\/100\n|-damage|p2b: Dragonite|0 fnt\n|faint|p2b: Dragonite\n|\n|-weather|SunnyDay|[upkeep]\n|upkeep\n|\n|t:|1699910901\n|switch|p2b: Ogerpon|Ogerpon-Hearthflame, L50, F|100\/100\n|-ability|p2b: Ogerpon|Mold Breaker\n|turn|3\n|\n|t:|1699910909\n|switch|p2a: Rillaboom|Rillaboom, L50, F|100\/100\n|-fieldstart|move: Grassy Terrain|[from] ability: Grassy Surge|[of] p2a: Rillaboom\n|switch|p1a: Iron Hands|Iron Hands, L50|47\/100\n|move|p2b: Ogerpon|Spiky Shield|p2b: Ogerpon\n|-singleturn|p2b: Ogerpon|move: Protect\n|move|p1b: Iron Bundle|Protect||[still]\n|-fail|p1b: Iron Bundle\n|\n|-weather|SunnyDay|[upkeep]\n|-heal|p1a: Iron Hands|53\/100|[from] Grassy Terrain\n|upkeep\n|turn|4\n|c|\u2606carlosc1b19|!dt booster energy\n|raw|<ul class=\"utilichart\"><li class=\"result\"><span class=\"col itemiconcol\"><psicon item=\"boosterenergy\"><\/span> <span class=\"col namecol\"><a href=\"https:\/\/dex.pokemonshowdown.com\/items\/boosterenergy\">Booster Energy<\/a><\/span> <span class=\"col itemdesccol\">Activates the Protosynthesis or Quark Drive Abilities. Single use.<\/span> <\/li><li style=\"clear:both\"><\/li><\/ul>\n|raw|<font size=\"1\"><font color=\"#686868\">Gen:<\/font> 9&nbsp;|&ThickSpace;<font color=\"#686868\">Fling Base Power:<\/font> 30<\/font>\n\n|inactive|carlosc1b19 has 30 seconds left.\n|inactive|carlosc1b19 has 20 seconds left.\n|inactive|Scalonetapibe has 30 seconds left.\n|inactive|carlosc1b19 has 15 seconds left.\n|inactive|carlosc1b19 has 10 seconds left.\n|inactive|carlosc1b19 has 5 seconds left.\n|\n|t:|1699910963\n|-end|p1a: Iron Hands|Quark Drive|[silent]\n|switch|p1a: Pelipper|Pelipper, L50, F|100\/100\n|-weather|RainDance|[from] ability: Drizzle|[of] p1a: Pelipper\n|move|p2a: Rillaboom|Fake Out|p1b: Iron Bundle\n|-immune|p1b: Iron Bundle\n|move|p2b: Ogerpon|Ivy Cudgel|p1a: Pelipper\n|-resisted|p1a: Pelipper\n|-damage|p1a: Pelipper|81\/100\n|move|p1b: Iron Bundle|Hydro Pump|p2b: Ogerpon\n|-damage|p2b: Ogerpon|21\/100\n|\n|-weather|RainDance|[upkeep]\n|-heal|p2b: Ogerpon|27\/100|[from] Grassy Terrain\n|-sideend|p2: carlosc1b19|move: Tailwind\n|upkeep\n|turn|5\n|c|\u2606carlosc1b19|se me acabo el tiempo\n|c|\u2606carlosc1b19|xd\n|inactive|Scalonetapibe has 30 seconds left.\n|\n|t:|1699910997\n|move|p2b: Ogerpon|Spiky Shield|p2b: Ogerpon\n|-singleturn|p2b: Ogerpon|move: Protect\n|move|p1a: Pelipper|Protect|p1a: Pelipper\n|-singleturn|p1a: Pelipper|Protect\n|move|p1b: Iron Bundle|Hydro Pump|p2b: Ogerpon\n|-activate|p2b: Ogerpon|move: Protect\n|move|p2a: Rillaboom|Wood Hammer|p1b: Iron Bundle\n|-damage|p1b: Iron Bundle|29\/100\n|-damage|p2a: Rillaboom|82\/100|[from] Recoil\n|\n|-weather|RainDance|[upkeep]\n|-heal|p1b: Iron Bundle|35\/100|[from] Grassy Terrain\n|-heal|p2b: Ogerpon|34\/100|[from] Grassy Terrain\n|-heal|p2a: Rillaboom|87\/100|[from] Grassy Terrain\n|upkeep\n|turn|6\n|inactive|carlosc1b19 has 30 seconds left.\n|inactive|carlosc1b19 has 20 seconds left.\n|inactive|carlosc1b19 has 15 seconds left.\n|inactive|carlosc1b19 has 10 seconds left.\n|\n|t:|1699911044\n|-terastallize|p2b: Ogerpon|Fire\n|detailschange|p2b: Ogerpon|Ogerpon-Hearthflame-Tera, L50, F, tera:Fire\n|-ability|p2b: Ogerpon|Embody Aspect (Hearthflame)|boost\n|-boost|p2b: Ogerpon|atk|1\n|move|p2b: Ogerpon|Grassy Glide|p1b: Iron Bundle\n|-damage|p1b: Iron Bundle|0 fnt\n|faint|p1b: Iron Bundle\n|-end|p1b: Iron Bundle|Quark Drive|[silent]\n|move|p1a: Pelipper|Hurricane|p2b: Ogerpon\n|-damage|p2b: Ogerpon|0 fnt\n|faint|p2b: Ogerpon\n|move|p2a: Rillaboom|Wood Hammer|p1a: Pelipper\n|-crit|p1a: Pelipper\n|-damage|p1a: Pelipper|0 fnt\n|faint|p1a: Pelipper\n|-damage|p2a: Rillaboom|69\/100|[from] Recoil\n|\n|-weather|RainDance|[upkeep]\n|-heal|p2a: Rillaboom|75\/100|[from] Grassy Terrain\n|upkeep\n|\n|t:|1699911052\n|switch|p1b: Salamence|Salamence, L50, F|100\/100\n|switch|p2b: Ventisca|Tornadus, L50, M|14\/100\n|switch|p1a: Iron Hands|Iron Hands, L50|53\/100\n|-ability|p1b: Salamence|Intimidate|boost\n|-unboost|p2a: Rillaboom|atk|1\n|-unboost|p2b: Ventisca|atk|1\n|turn|7\n|\n|t:|1699911061\n|move|p1a: Iron Hands|Fake Out|p2a: Rillaboom\n|-damage|p2a: Rillaboom|60\/100\n|move|p1b: Salamence|Air Slash|p2a: Rillaboom\n|-supereffective|p2a: Rillaboom\n|-damage|p2a: Rillaboom|16\/100\n|move|p2b: Ventisca|Bleakwind Storm|p1b: Salamence|[spread] p1a,p1b\n|-damage|p1a: Iron Hands|36\/100\n|-damage|p1b: Salamence|63\/100\n|cant|p2a: Rillaboom|flinch\n|\n|-weather|RainDance|[upkeep]\n|-heal|p2a: Rillaboom|22\/100|[from] Grassy Terrain\n|-heal|p1a: Iron Hands|42\/100|[from] Grassy Terrain\n|-fieldend|move: Grassy Terrain\n|upkeep\n|turn|8\n|\n|t:|1699911069\n|move|p1b: Salamence|Air Slash|p2a: Rillaboom\n|-supereffective|p2a: Rillaboom\n|-damage|p2a: Rillaboom|0 fnt\n|faint|p2a: Rillaboom\n|move|p2b: Ventisca|Bleakwind Storm|p1a: Iron Hands|[spread] p1a,p1b\n|-damage|p1a: Iron Hands|27\/100\n|-damage|p1b: Salamence|28\/100\n|move|p1a: Iron Hands|Wild Charge|p2b: Ventisca\n|-supereffective|p2b: Ventisca\n|-damage|p2b: Ventisca|0 fnt\n|faint|p2b: Ventisca\n|-damage|p1a: Iron Hands|24\/100|[from] Recoil\n|\n|win|Scalonetapibe\n|l|\u2606carlosc1b19\n|c|&|\/uhtml prompt-carlosc1b19,carlosc1b19 is ready for game 2!\n|c|&|\/uhtml prompt-carlosc1b19,carlosc1b19 is ready for game 2!\n|c|&|\/uhtml prompt-carlosc1b19,carlosc1b19 is ready for game 2!\n|inactive|Scalonetapibe has 50 seconds to confirm battle start!\n|c|&|\/uhtml prompt-carlosc1b19,carlosc1b19 is ready for game 2!\n|c|&|\/uhtml prompt-scalonetapibe,Scalonetapibe is ready for game 2!\nBoth players are ready! Starting next match!\n|l|\u2606Scalonetapibe\n|j|\u2606Scalonetapibe\n|player|p1|Scalonetapibe|bruno\n","uploadtime":1699911401,"views":20,"p1id":"scalonetapibe","p2id":"carlosc1b19","formatid":"gen9vgc2023regulatione","rating":0,"private":0,"password":""}