{"id":"gen9vgc2023regulatione-1992991524","p1":"JamieOC9","p2":"SpaceCar","format":"[Gen 9] VGC 2023 Regulation E","log":"|j|\u2606JamieOC9\n|j|\u2606SpaceCar\n|t:|1700253403\n|gametype|doubles\n|player|p1|JamieOC9|1|1317\n|player|p2|SpaceCar|lucas|1218\n|teamsize|p1|6\n|teamsize|p2|6\n|gen|9\n|tier|[Gen 9] VGC 2023 Regulation E\n|rated|\n|rule|Species Clause: Limit one of each Pok\u00e9mon\n|rule|Item Clause: Limit one of each item\n|clearpoke\n|poke|p1|Kommo-o, L50, M|\n|poke|p1|Golduck, L50, M|\n|poke|p1|Flamigo, L50, F|\n|poke|p1|Espeon, L50, F|\n|poke|p1|Sinistcha-Masterpiece, L50|\n|poke|p1|Dragonite, L50, F|\n|poke|p2|Ursaluna-Bloodmoon, L50, M|\n|poke|p2|Dusclops, L50, M|\n|poke|p2|Iron Hands, L50|\n|poke|p2|Landorus-Therian, L50, M|\n|poke|p2|Heatran, L50, M|\n|poke|p2|Glastrier, L50|\n|teampreview|4\nSpaceCar has agreed to open team sheets.\n|\n|t:|1700253442\n|start\n|switch|p1a: Kommo-o|Kommo-o, L50, M|100\/100\n|switch|p1b: Golduck|Golduck, L50, M|100\/100\n|switch|p2a: Iron Hands|Iron Hands, L50|100\/100\n|switch|p2b: Crewmate|Dusclops, L50, M, shiny|100\/100\n|-ability|p1b: Golduck|Cloud Nine\n|-ability|p2b: Crewmate|Pressure\n|turn|1\n|\n|t:|1700253450\n|-terastallize|p1a: Kommo-o|Ghost\n|move|p2a: Iron Hands|Fake Out|p1a: Kommo-o\n|-immune|p1a: Kommo-o\n|move|p1b: Golduck|Simple Beam|p1a: Kommo-o\n|-endability|p1a: Kommo-o|Bulletproof|[from] move: Simple Beam\n|-ability|p1a: Kommo-o|Simple|[from] move: Simple Beam\n|move|p1a: Kommo-o|Clangorous Soul|p1a: Kommo-o\n|-boost|p1a: Kommo-o|atk|2\n|-boost|p1a: Kommo-o|def|2\n|-boost|p1a: Kommo-o|spa|2\n|-boost|p1a: Kommo-o|spd|2\n|-boost|p1a: Kommo-o|spe|2\n|-damage|p1a: Kommo-o|68\/100\n|move|p2b: Crewmate|Trick Room|p2b: Crewmate\n|-fieldstart|move: Trick Room|[of] p2b: Crewmate\n|\n|upkeep\n|turn|2\n|\n|t:|1700253472\n|switch|p1b: Sinistcha|Sinistcha-Masterpiece, L50|100\/100\n|-heal|p1a: Kommo-o|92\/100|[from] ability: Hospitality|[of] p1b: Sinistcha\n|move|p2b: Crewmate|Will-O-Wisp|p1a: Kommo-o\n|-status|p1a: Kommo-o|brn\n|move|p2a: Iron Hands|Wild Charge|p1a: Kommo-o\n|-crit|p1a: Kommo-o\n|-damage|p1a: Kommo-o|30\/100 brn\n|-damage|p2a: Iron Hands|88\/100|[from] Recoil\n|move|p1a: Kommo-o|Drain Punch|p2a: Iron Hands\n|-damage|p2a: Iron Hands|63\/100\n|-heal|p1a: Kommo-o|46\/100 brn|[from] drain|[of] p2a: Iron Hands\n|\n|-damage|p1a: Kommo-o|40\/100 brn|[from] brn\n|upkeep\n|turn|3\n|\n|t:|1700253500\n|switch|p2b: Ursaluna|Ursaluna-Bloodmoon, L50, M|100\/100\n|move|p1a: Kommo-o|Protect|p1a: Kommo-o\n|-singleturn|p1a: Kommo-o|Protect\n|move|p2a: Iron Hands|Heavy Slam|p1a: Kommo-o\n|-activate|p1a: Kommo-o|move: Protect\n|move|p1b: Sinistcha|Life Dew||[still]|[spread] p1a,p1b\n|-heal|p1a: Kommo-o|65\/100 brn\n|-fail|p1b: Sinistcha|heal\n|\n|-damage|p1a: Kommo-o|59\/100 brn|[from] brn\n|upkeep\n|turn|4\n|\n|t:|1700253510\n|-end|p2a: Iron Hands|Quark Drive|[silent]\n|switch|p2a: Glastrier|Glastrier, L50|100\/100\n|move|p2b: Ursaluna|Hyper Voice|p1b: Sinistcha|[spread] p1a,p1b\n|-crit|p1b: Sinistcha\n|-damage|p1a: Kommo-o|41\/100 brn\n|-damage|p1b: Sinistcha|48\/100\n|-enditem|p2b: Ursaluna|Throat Spray\n|-boost|p2b: Ursaluna|spa|1|[from] item: Throat Spray\n|move|p1a: Kommo-o|Drain Punch|p2b: Ursaluna\n|-supereffective|p2b: Ursaluna\n|-damage|p2b: Ursaluna|42\/100\n|-heal|p1a: Kommo-o|71\/100 brn|[from] drain|[of] p2b: Ursaluna\n|move|p1b: Sinistcha|Trick Room|p1b: Sinistcha\n|-fieldend|move: Trick Room\n|\n|-heal|p1b: Sinistcha|54\/100|[from] item: Leftovers\n|-damage|p1a: Kommo-o|65\/100 brn|[from] brn\n|upkeep\n|turn|5\n|\n|t:|1700253529\n|-terastallize|p2b: Ursaluna|Fairy\n|move|p1b: Sinistcha|Rage Powder|p1b: Sinistcha\n|-singleturn|p1b: Sinistcha|move: Rage Powder\n|move|p1a: Kommo-o|Drain Punch|p2b: Ursaluna\n|-resisted|p2b: Ursaluna\n|-damage|p2b: Ursaluna|27\/100\n|-heal|p1a: Kommo-o|73\/100 brn|[from] drain|[of] p2b: Ursaluna\n|move|p2b: Ursaluna|Blood Moon|p1b: Sinistcha\n|-damage|p1b: Sinistcha|0 fnt\n|faint|p1b: Sinistcha\n|move|p2a: Glastrier|Icicle Crash|p1a: Kommo-o\n|-damage|p1a: Kommo-o|54\/100 brn\n|\n|-damage|p1a: Kommo-o|48\/100 brn|[from] brn\n|upkeep\n|\n|t:|1700253541\n|switch|p1b: Flamigo|Flamigo, L50, F|100\/100\n|-copyboost|p1b: Flamigo|p1a: Kommo-o|[from] ability: Costar\n|turn|6\n|\n|t:|1700253547\n|move|p1b: Flamigo|Throat Chop|p2b: Ursaluna\n|-resisted|p2b: Ursaluna\n|-damage|p2b: Ursaluna|5\/100\n|-start|p2b: Ursaluna|Throat Chop|[silent]\n|move|p1a: Kommo-o|Drain Punch|p2a: Glastrier\n|-supereffective|p2a: Glastrier\n|-damage|p2a: Glastrier|51\/100\n|-heal|p1a: Kommo-o|74\/100 brn|[from] drain|[of] p2a: Glastrier\n|cant|p2b: Ursaluna|move: Throat Chop\n|move|p2a: Glastrier|Icicle Crash|p1b: Flamigo\n|-supereffective|p1b: Flamigo\n|-damage|p1b: Flamigo|33\/100\n|\n|-damage|p1a: Kommo-o|68\/100 brn|[from] brn\n|upkeep\n|turn|7\n|\n|t:|1700253570\n|move|p2b: Ursaluna|Protect|p2b: Ursaluna\n|-singleturn|p2b: Ursaluna|Protect\n|move|p1a: Kommo-o|Shadow Claw|p2b: Ursaluna\n|-activate|p2b: Ursaluna|move: Protect\n|move|p1b: Flamigo|Close Combat|p2a: Glastrier\n|-supereffective|p2a: Glastrier\n|-damage|p2a: Glastrier|0 fnt\n|-unboost|p1b: Flamigo|def|1\n|-unboost|p1b: Flamigo|spd|1\n|faint|p2a: Glastrier\n|\n|-damage|p1a: Kommo-o|62\/100 brn|[from] brn\n|-end|p2b: Ursaluna|Throat Chop|[silent]\n|upkeep\n|\n|t:|1700253586\n|switch|p2a: Crewmate|Dusclops, L50, M, shiny|100\/100\n|-ability|p2a: Crewmate|Pressure\n|turn|8\n|\n|t:|1700253594\n|switch|p2b: Iron Hands|Iron Hands, L50|63\/100\n|move|p1a: Kommo-o|Shadow Claw|p2a: Crewmate\n|-supereffective|p2a: Crewmate\n|-damage|p2a: Crewmate|66\/100\n|move|p1b: Flamigo|Throat Chop|p2b: Iron Hands\n|-resisted|p2b: Iron Hands\n|-damage|p2b: Iron Hands|44\/100\n|-start|p2b: Iron Hands|Throat Chop|[silent]\n|move|p2a: Crewmate|Trick Room|p2a: Crewmate\n|-fieldstart|move: Trick Room|[of] p2a: Crewmate\n|\n|-damage|p1a: Kommo-o|56\/100 brn|[from] brn\n|upkeep\n|turn|9\n|\n|t:|1700253607\n|switch|p1b: Golduck|Golduck, L50, M|100\/100\n|-ability|p1b: Golduck|Cloud Nine\n|move|p2a: Crewmate|Will-O-Wisp|p1b: Golduck\n|-status|p1b: Golduck|brn\n|move|p2b: Iron Hands|Wild Charge|p1a: Kommo-o\n|-damage|p1a: Kommo-o|36\/100 brn\n|-damage|p2b: Iron Hands|40\/100|[from] Recoil\n|move|p1a: Kommo-o|Clangorous Soul|p1a: Kommo-o\n|-boost|p1a: Kommo-o|atk|2\n|-boost|p1a: Kommo-o|def|2\n|-boost|p1a: Kommo-o|spa|2\n|-boost|p1a: Kommo-o|spd|2\n|-boost|p1a: Kommo-o|spe|2\n|-damage|p1a: Kommo-o|3\/100 brn\n|\n|-damage|p1b: Golduck|95\/100 brn|[from] brn\n|-damage|p1a: Kommo-o|0 fnt|[from] brn\n|faint|p1a: Kommo-o\n|-end|p2b: Iron Hands|Throat Chop|[silent]\n|upkeep\n|-message|JamieOC9 forfeited.\n|\n|win|SpaceCar\n|raw|JamieOC9's rating: 1317 &rarr; <strong>1291<\/strong><br \/>(-26 for losing)\n|raw|SpaceCar's rating: 1218 &rarr; <strong>1250<\/strong><br \/>(+32 for winning)\n|l|\u2606JamieOC9\n|c|\u2606SpaceCar|bro\n","uploadtime":1700253622,"views":11,"p1id":"jamieoc9","p2id":"spacecar","formatid":"gen9vgc2023regulatione","rating":1250,"private":0,"password":""}