{"id":"gen9vgc2023regulatione-1994280097","p1":"Kilowattrel Fan","p2":"coolasswurmple22","format":"[Gen 9] VGC 2023 Regulation E","log":"|j|\u2606Kilowattrel Fan\n|j|\u2606coolasswurmple22\n|n|\u2606Kilowattrel Fan|kilowattrelfan\n|n|\u2606coolasswurmple22|coolasswurmple22\n|html|View the match progress at <a href=\"\/game-bestof3-gen9vgc2023regulatione-1994280096\">game-bestof3-gen9vgc2023regulatione-1994280096<\/a>\n|t:|1700426521\n|gametype|doubles\n|player|p1|Kilowattrel Fan|riley|\n|player|p2|coolasswurmple22|grimsley|\n|teamsize|p1|6\n|teamsize|p2|6\n|gen|9\n|tier|[Gen 9] VGC 2023 Regulation E\n|rule|Species Clause: Limit one of each Pok\u00e9mon\n|rule|Item Clause: Limit one of each item\n|clearpoke\n|poke|p1|Torkoal, L50, M|\n|poke|p1|Lilligant-Hisui, L50, F|\n|poke|p1|Flutter Mane, L50|\n|poke|p1|Landorus-Therian, L50, M|\n|poke|p1|Kingambit, L50, M|\n|poke|p1|Iron Hands, L50|\n|poke|p2|Politoed, L50, M|\n|poke|p2|Tornadus, L50, M|\n|poke|p2|Brambleghast, L50, M|\n|poke|p2|Lumineon, L50, F|\n|poke|p2|Clodsire, L50, M|\n|poke|p2|Kilowattrel, L50, F|\n|teampreview|4\ncoolasswurmple22 has agreed to open team sheets.\n|\n|t:|1700426603\n|start\n|switch|p1a: Brian|Iron Hands, L50|100\/100\n|switch|p1b: Supreme Overlord|Kingambit, L50, M|100\/100\n|switch|p2a: jakepaulitoed|Politoed, L50, M, shiny|100\/100\n|switch|p2b: unwanted|Tornadus, L50, M, shiny|100\/100\n|-weather|RainDance|[from] ability: Drizzle|[of] p2a: jakepaulitoed\n|turn|1\n|\n|t:|1700426766\n|-terastallize|p2b: unwanted|Steel\n|move|p1a: Brian|Fake Out|p2b: unwanted\n|-resisted|p2b: unwanted\n|-damage|p2b: unwanted|90\/100\n|cant|p2b: unwanted|flinch\n|move|p2a: jakepaulitoed|Encore|p1a: Brian\n|-start|p1a: Brian|Encore\n|move|p1b: Supreme Overlord|Kowtow Cleave|p2b: unwanted\n|-damage|p2b: unwanted|24\/100\n|-enditem|p2b: unwanted|Sitrus Berry|[eat]\n|-heal|p2b: unwanted|49\/100|[from] item: Sitrus Berry\n|\n|-weather|RainDance|[upkeep]\n|upkeep\n|turn|2\n|\n|t:|1700426802\n|-end|p1a: Brian|Quark Drive|[silent]\n|switch|p1a: Sun Supplier|Torkoal, L50, M|100\/100\n|-weather|SunnyDay|[from] ability: Drought|[of] p1a: Sun Supplier\n|move|p2b: unwanted|Tailwind|p2b: unwanted\n|-sidestart|p2: coolasswurmple22|move: Tailwind\n|move|p2a: jakepaulitoed|Weather Ball|p1a: Sun Supplier\n|-resisted|p1a: Sun Supplier\n|-damage|p1a: Sun Supplier|80\/100\n|move|p1b: Supreme Overlord|Kowtow Cleave|p2b: unwanted\n|-damage|p2b: unwanted|0 fnt\n|faint|p2b: unwanted\n|\n|-weather|SunnyDay|[upkeep]\n|upkeep\n|\n|t:|1700426821\n|switch|p2b: flush factory|Lumineon, L50, F, shiny|100\/100\n|turn|3\n|j| Van. Volcanucks\n|\n|t:|1700426857\n|switch|p2a: GIANT SMASH|Clodsire, L50, M, shiny|100\/100\n|switch|p1a: Brian|Iron Hands, L50|100\/100\n|move|p2b: flush factory|Protect|p2b: flush factory\n|-singleturn|p2b: flush factory|Protect\n|move|p1b: Supreme Overlord|Kowtow Cleave|p2b: flush factory\n|-activate|p2b: flush factory|move: Protect\n|\n|-weather|SunnyDay|[upkeep]\n|upkeep\n|turn|4\n|\n|t:|1700426905\n|switch|p2b: jakepaulitoed|Politoed, L50, M, shiny|100\/100\n|-weather|RainDance|[from] ability: Drizzle|[of] p2b: jakepaulitoed\n|-terastallize|p1a: Brian|Water\n|move|p1a: Brian|Fake Out|p2a: GIANT SMASH\n|-damage|p2a: GIANT SMASH|83\/100\n|move|p1b: Supreme Overlord|Kowtow Cleave|p2a: GIANT SMASH\n|-damage|p2a: GIANT SMASH|21\/100\n|cant|p2a: GIANT SMASH|flinch\n|\n|-weather|RainDance|[upkeep]\n|-heal|p2a: GIANT SMASH|27\/100|[from] item: Leftovers\n|upkeep\n|turn|5\n|\n|t:|1700426955\n|move|p1b: Supreme Overlord|Sucker Punch||[still]\n|-fail|p1b: Supreme Overlord\n|move|p2b: jakepaulitoed|Weather Ball|p2a: GIANT SMASH\n|-heal|p2a: GIANT SMASH|52\/100|[from] ability: Water Absorb|[of] p2b: jakepaulitoed\n|move|p1a: Brian|Wild Charge|p2b: jakepaulitoed\n|-supereffective|p2b: jakepaulitoed\n|-damage|p2b: jakepaulitoed|0 fnt\n|faint|p2b: jakepaulitoed\n|-damage|p1a: Brian|80\/100|[from] Recoil\n|move|p2a: GIANT SMASH|Yawn|p1a: Brian\n|-start|p1a: Brian|move: Yawn|[of] p2a: GIANT SMASH\n|\n|-weather|RainDance|[upkeep]\n|-heal|p2a: GIANT SMASH|57\/100|[from] item: Leftovers\n|-sideend|p2: coolasswurmple22|move: Tailwind\n|upkeep\n|\n|t:|1700426969\n|switch|p2b: flush factory|Lumineon, L50, F, shiny|100\/100\n|turn|6\n|\n|t:|1700426997\n|-end|p1a: Brian|Quark Drive|[silent]\n|switch|p1a: Sun Supplier|Torkoal, L50, M|80\/100\n|-weather|SunnyDay|[from] ability: Drought|[of] p1a: Sun Supplier\n|move|p2b: flush factory|Surf|p1a: Sun Supplier|[spread] p1a,p1b\n|-heal|p2a: GIANT SMASH|82\/100|[from] ability: Water Absorb|[of] p2b: flush factory\n|-supereffective|p1a: Sun Supplier\n|-damage|p1a: Sun Supplier|40\/100\n|-damage|p1b: Supreme Overlord|87\/100\n|-damage|p2b: flush factory|91\/100|[from] item: Life Orb\n|move|p1b: Supreme Overlord|Kowtow Cleave|p2a: GIANT SMASH\n|-damage|p2a: GIANT SMASH|24\/100\n|move|p2a: GIANT SMASH|Surf|p1a: Sun Supplier|[spread] p1a,p1b\n|-ability|p2b: flush factory|Storm Drain|boost\n|-boost|p2b: flush factory|spa|1\n|-supereffective|p1a: Sun Supplier\n|-damage|p1a: Sun Supplier|29\/100\n|-damage|p1b: Supreme Overlord|84\/100\n|\n|-weather|SunnyDay|[upkeep]\n|-heal|p2a: GIANT SMASH|30\/100|[from] item: Leftovers\n|upkeep\n|turn|7\n|\n|t:|1700427025\n|move|p1a: Sun Supplier|Protect|p1a: Sun Supplier\n|-singleturn|p1a: Sun Supplier|Protect\n|move|p1b: Supreme Overlord|Sucker Punch|p2a: GIANT SMASH\n|-damage|p2a: GIANT SMASH|0 fnt\n|faint|p2a: GIANT SMASH\n|move|p2b: flush factory|Surf|p1b: Supreme Overlord|[spread] p1b\n|-activate|p1a: Sun Supplier|move: Protect\n|-damage|p1b: Supreme Overlord|63\/100\n|-damage|p2b: flush factory|81\/100|[from] item: Life Orb\n|\n|-weather|SunnyDay|[upkeep]\n|upkeep\n|turn|8\n|\n|t:|1700427042\n|switch|p1a: Brian|Iron Hands, L50, tera:Water|80\/100\n|move|p2b: flush factory|Surf|p1b: Supreme Overlord|[spread] p1a,p1b\n|-resisted|p1a: Brian\n|-damage|p1a: Brian|75\/100\n|-damage|p1b: Supreme Overlord|42\/100\n|-damage|p2b: flush factory|72\/100|[from] item: Life Orb\n|move|p1b: Supreme Overlord|Kowtow Cleave|p2b: flush factory\n|-damage|p2b: flush factory|0 fnt\n|faint|p2b: flush factory\n|\n|win|Kilowattrel Fan\n|c|&|\/uhtml prompt-coolasswurmple22,coolasswurmple22 is ready for game 2!\n|inactive|Kilowattrel Fan has 50 seconds to confirm battle start!\n|l| Van. Volcanucks\n|c|&|\/uhtml prompt-kilowattrelfan,Kilowattrel Fan is ready for game 2!\nBoth players are ready! Starting next match!\n|l|\u2606coolasswurmple22\n","uploadtime":1700427446,"views":5,"p1id":"kilowattrelfan","p2id":"coolasswurmple22","formatid":"gen9vgc2023regulatione","rating":0,"private":0,"password":""}