{"id":"gen9vgc2023regulatione-1998311448","p1":"gonegeb","p2":"aFadab","format":"[Gen 9] VGC 2023 Regulation E","log":"|j|\u2606gonegeb\n|j|\u2606aFadab\n|t:|1700927983\n|gametype|doubles\n|player|p1|gonegeb|alain|1095\n|player|p2|aFadab|flint|1086\n|teamsize|p1|6\n|teamsize|p2|6\n|gen|9\n|tier|[Gen 9] VGC 2023 Regulation E\n|rated|\n|rule|Species Clause: Limit one of each Pok\u00e9mon\n|rule|Item Clause: Limit one of each item\n|clearpoke\n|poke|p1|Lucario, L50, M|\n|poke|p1|Umbreon, L50, M|\n|poke|p1|Arcanine, L50, F|\n|poke|p1|Ceruledge, L50, M|\n|poke|p1|Maushold, L50|\n|poke|p1|Ursaluna-Bloodmoon, L50, M|\n|poke|p2|Mienshao, L50, F|\n|poke|p2|Kingambit, L50, M|\n|poke|p2|Arcanine-Hisui, L50, M|\n|poke|p2|Thundurus, L50, M|\n|poke|p2|Urshifu-*, L50, M|\n|poke|p2|Flutter Mane, L50|\n|teampreview|4\n|inactive|Battle timer is ON: inactive players will automatically lose when time's up. (requested by aFadab)\naFadab has agreed to open team sheets.\n|inactive|gonegeb has 60 seconds left.\n|\n|t:|1700928032\n|start\n|switch|p1a: Bjorn|Ursaluna-Bloodmoon, L50, M|100\/100\n|switch|p1b: Howlite|Maushold, L50|100\/100\n|switch|p2a: Mienshao|Mienshao, L50, F|100\/100\n|switch|p2b: Kingambit|Kingambit, L50, M|100\/100\n|turn|1\n|\n|t:|1700928053\n|move|p2a: Mienshao|Fake Out|p1a: Bjorn\n|-damage|p1a: Bjorn|86\/100\n|-damage|p2a: Mienshao|91\/100|[from] item: Life Orb\n|move|p1b: Howlite|Taunt|p2a: Mienshao\n|-start|p2a: Mienshao|move: Taunt\n|cant|p1a: Bjorn|flinch\n|move|p2b: Kingambit|Kowtow Cleave|p1a: Bjorn\n|-damage|p1a: Bjorn|55\/100\n|\n|upkeep\n|turn|2\n|\n|t:|1700928074\n|move|p1a: Bjorn|Protect|p1a: Bjorn\n|-singleturn|p1a: Bjorn|Protect\n|move|p1b: Howlite|Encore|p2a: Mienshao\n|-start|p2a: Mienshao|Encore\n|move|p2a: Mienshao|Fake Out||[still]\n|-hint|Fake Out only works on your first turn out.\n|-fail|p2a: Mienshao\n|move|p2b: Kingambit|Kowtow Cleave|p1b: Howlite\n|-crit|p1b: Howlite\n|-damage|p1b: Howlite|5\/100\n|-enditem|p1b: Howlite|Sitrus Berry|[eat]\n|-heal|p1b: Howlite|30\/100|[from] item: Sitrus Berry\n|-heal|p1b: Howlite|63\/100|[from] ability: Cheek Pouch\n|\n|upkeep\n|turn|3\n|inactive|aFadab has 30 seconds left.\n|\n|t:|1700928101\n|switch|p2a: Thundurus|Thundurus, L50, M|100\/100\n|move|p1b: Howlite|Encore|p2b: Kingambit\n|-start|p2b: Kingambit|Encore\n|move|p1a: Bjorn|Hyper Voice|p2a: Thundurus|[spread] p2a,p2b\n|-resisted|p2b: Kingambit\n|-damage|p2a: Thundurus|55\/100\n|-damage|p2b: Kingambit|81\/100\n|-enditem|p1a: Bjorn|Throat Spray\n|-boost|p1a: Bjorn|spa|1|[from] item: Throat Spray\n|move|p2b: Kingambit|Kowtow Cleave|p1b: Howlite\n|-damage|p1b: Howlite|0 fnt\n|faint|p1b: Howlite\n|\n|-heal|p2b: Kingambit|87\/100|[from] item: Leftovers\n|upkeep\n|\n|t:|1700928125\n|switch|p1b: Anubis|Lucario, L50, M|100\/100\n|turn|4\n|\n|t:|1700928140\n|switch|p2b: Mienshao|Mienshao, L50, F|100\/100\n|move|p2a: Thundurus|Eerie Impulse|p1a: Bjorn\n|-unboost|p1a: Bjorn|spa|2\n|move|p1b: Anubis|Swords Dance|p1b: Anubis\n|-boost|p1b: Anubis|atk|2\n|move|p1a: Bjorn|Hyper Voice|p2a: Thundurus|[spread] p2a,p2b\n|-damage|p2a: Thundurus|30\/100\n|-damage|p2b: Mienshao|52\/100\n|\n|upkeep\n|turn|5\n|\n|t:|1700928158\n|move|p1b: Anubis|Protect|p1b: Anubis\n|-singleturn|p1b: Anubis|Protect\n|move|p1a: Bjorn|Protect|p1a: Bjorn\n|-singleturn|p1a: Bjorn|Protect\n|move|p2b: Mienshao|Fake Out|p1b: Anubis\n|-activate|p1b: Anubis|move: Protect\n|move|p2a: Thundurus|Eerie Impulse|p1a: Bjorn\n|-activate|p1a: Bjorn|move: Protect\n|\n|upkeep\n|turn|6\n|inactive|gonegeb has 30 seconds left.\n|\n|t:|1700928185\n|switch|p1a: Umbra|Umbreon, L50, M, shiny|100\/100\n|move|p1b: Anubis|Extreme Speed|p2b: Mienshao\n|-damage|p2b: Mienshao|0 fnt\n|faint|p2b: Mienshao\n|move|p2a: Thundurus|Thunder Wave|p1b: Anubis\n|-status|p1b: Anubis|par\n|\n|upkeep\n|\n|t:|1700928199\n|switch|p2b: Urshifu|Urshifu-Rapid-Strike, L50, M|100\/100\n|turn|7\n|inactive|gonegeb has 30 seconds left.\n|inactive|gonegeb has 20 seconds left.\n|inactive|gonegeb has 15 seconds left.\n|\n|t:|1700928239\n|switch|p2a: Kingambit|Kingambit, L50, M|87\/100\n|-terastallize|p2b: Urshifu|Fighting\n|-terastallize|p1b: Anubis|Normal\n|cant|p1b: Anubis|par\n|move|p2b: Urshifu|Close Combat|p1a: Umbra\n|-supereffective|p1a: Umbra\n|-damage|p1a: Umbra|0 fnt\n|-unboost|p2b: Urshifu|def|1\n|-unboost|p2b: Urshifu|spd|1\n|faint|p1a: Umbra\n|\n|-heal|p2a: Kingambit|93\/100|[from] item: Leftovers\n|upkeep\n|\n|t:|1700928250\n|switch|p1a: Bjorn|Ursaluna-Bloodmoon, L50, M|55\/100\n|turn|8\n|inactive|aFadab has 30 seconds left.\n|\n|t:|1700928279\n|move|p1b: Anubis|Extreme Speed|p2b: Urshifu\n|-damage|p2b: Urshifu|0 fnt\n|faint|p2b: Urshifu\n|move|p1a: Bjorn|Vacuum Wave|p2a: Kingambit\n|-supereffective|p2a: Kingambit\n|-damage|p2a: Kingambit|24\/100\n|move|p2a: Kingambit|Iron Head|p1b: Anubis\n|-damage|p1b: Anubis|26\/100 par\n|\n|-heal|p2a: Kingambit|30\/100|[from] item: Leftovers\n|upkeep\n|\n|t:|1700928293\n|switch|p2b: Thundurus|Thundurus, L50, M|30\/100\n|turn|9\n|\n|t:|1700928301\n|move|p2a: Kingambit|Protect|p2a: Kingambit\n|-singleturn|p2a: Kingambit|Protect\n|move|p1b: Anubis|Extreme Speed|p2b: Thundurus\n|-damage|p2b: Thundurus|0 fnt\n|faint|p2b: Thundurus\n|move|p1a: Bjorn|Vacuum Wave|p2a: Kingambit\n|-activate|p2a: Kingambit|move: Protect\n|\n|-heal|p2a: Kingambit|36\/100|[from] item: Leftovers\n|upkeep\n|turn|10\n|c|\u2606gonegeb|gg\n|c|\u2606aFadab|GG BRO\n|c|\u2606gonegeb|was a good one\n|inactive|gonegeb has 30 seconds left.\n|\n|t:|1700928328\n|move|p1b: Anubis|Extreme Speed|p2a: Kingambit\n|-resisted|p2a: Kingambit\n|-damage|p2a: Kingambit|10\/100\n|move|p1a: Bjorn|Vacuum Wave|p2a: Kingambit\n|-supereffective|p2a: Kingambit\n|-damage|p2a: Kingambit|0 fnt\n|faint|p2a: Kingambit\n|\n|win|gonegeb\n|raw|gonegeb's rating: 1095 &rarr; <strong>1120<\/strong><br \/>(+25 for winning)\n|raw|aFadab's rating: 1086 &rarr; <strong>1064<\/strong><br \/>(-22 for losing)\n|c|\u2606gonegeb|have a good one\n","uploadtime":1700928353,"views":2,"p1id":"gonegeb","p2id":"afadab","formatid":"gen9vgc2023regulatione","rating":1064,"private":0,"password":""}