{"id":"gen9vgc2023regulatione-1997625028","p1":"IsuToTeburu","p2":"Donler","format":"[Gen 9] VGC 2023 Regulation E","log":"|j|\u2606IsuToTeburu\n|j|\u2606Donler\n|t:|1700834513\n|gametype|doubles\n|player|p1|IsuToTeburu|pokemonbreederf-gen4|\n|player|p2|Donler|1|\n|teamsize|p1|6\n|teamsize|p2|6\n|gen|9\n|tier|[Gen 9] VGC 2023 Regulation E\n|rule|Species Clause: Limit one of each Pok\u00e9mon\n|rule|Item Clause: Limit one of each item\n|clearpoke\n|poke|p1|Urshifu-*, L50, F|\n|poke|p1|Ursaluna-Bloodmoon, L50, M|\n|poke|p1|Cresselia, L50, F|\n|poke|p1|Indeedee-F, L50, F|\n|poke|p1|Amoonguss, L50, M|\n|poke|p1|Glastrier, L50|\n|poke|p2|Roaring Moon, L50|\n|poke|p2|Annihilape, L50, M|\n|poke|p2|Chien-Pao, L50|\n|poke|p2|Sylveon, L50, M|\n|poke|p2|Articuno-Galar, L50|\n|poke|p2|Regieleki, L50|\n|teampreview|4\n|\n|t:|1700834538\n|start\n|switch|p1a: Indeedee|Indeedee-F, L50, F|100\/100\n|switch|p1b: Ursaluna|Ursaluna-Bloodmoon, L50, M|100\/100\n|switch|p2a: UwU|Roaring Moon, L50|100\/100\n|switch|p2b: :3|Annihilape, L50, M|100\/100\n|-fieldstart|move: Psychic Terrain|[from] ability: Psychic Surge|[of] p1a: Indeedee\n|-enditem|p1a: Indeedee|Psychic Seed\n|-boost|p1a: Indeedee|spd|1|[from] item: Psychic Seed\n|-enditem|p2a: UwU|Booster Energy\n|-activate|p2a: UwU|ability: Protosynthesis|[fromitem]\n|-start|p2a: UwU|protosynthesisatk\n|turn|1\n|\n|t:|1700834559\n|-terastallize|p2a: UwU|Flying\n|move|p2b: :3|Protect|p2b: :3\n|-singleturn|p2b: :3|Protect\n|move|p2a: UwU|Acrobatics|p1a: Indeedee\n|-damage|p1a: Indeedee|0 fnt\n|faint|p1a: Indeedee\n|move|p1b: Ursaluna|Blood Moon|p2b: :3\n|-activate|p2b: :3|move: Protect\n|\n|upkeep\n|\n|t:|1700834566\n|switch|p1a: Glastrier|Glastrier, L50|100\/100\n|turn|2\n|\n|t:|1700834587\n|move|p1b: Ursaluna|Protect|p1b: Ursaluna\n|-singleturn|p1b: Ursaluna|Protect\n|move|p2a: UwU|Rock Slide|p1a: Glastrier|[spread] p1a\n|-activate|p1b: Ursaluna|move: Protect\n|-supereffective|p1a: Glastrier\n|-damage|p1a: Glastrier|62\/100\n|-enditem|p1a: Glastrier|Weakness Policy\n|-boost|p1a: Glastrier|atk|2|[from] item: Weakness Policy\n|-boost|p1a: Glastrier|spa|2|[from] item: Weakness Policy\n|move|p2b: :3|Drain Punch|p1b: Ursaluna\n|-activate|p1b: Ursaluna|move: Protect\n|cant|p1a: Glastrier|flinch\n|\n|upkeep\n|turn|3\n|\n|t:|1700834619\n|-terastallize|p1b: Ursaluna|Normal\n|move|p2a: UwU|Rock Slide|p1b: Ursaluna|[spread] p1a,p1b\n|-supereffective|p1a: Glastrier\n|-damage|p1a: Glastrier|25\/100\n|-damage|p1b: Ursaluna|85\/100\n|move|p2b: :3|Drain Punch|p1a: Glastrier\n|-supereffective|p1a: Glastrier\n|-damage|p1a: Glastrier|0 fnt\n|faint|p1a: Glastrier\n|cant|p1b: Ursaluna|flinch\n|\n|upkeep\n|\n|t:|1700834631\n|switch|p1a: Urshifu|Urshifu-Rapid-Strike, L50, F|100\/100\n|turn|4\n|\n|t:|1700834647\n|move|p2a: UwU|Acrobatics|p1a: Urshifu\n|-supereffective|p1a: Urshifu\n|-damage|p1a: Urshifu|0 fnt\n|faint|p1a: Urshifu\n|move|p2b: :3|Bulk Up|p2b: :3\n|-boost|p2b: :3|atk|1\n|-boost|p2b: :3|def|1\n|move|p1b: Ursaluna|Blood Moon|p2b: :3\n|-damage|p2b: :3|0 fnt\n|faint|p2b: :3\n|-damage|p1b: Ursaluna|75\/100|[from] item: Life Orb\n|\n|upkeep\n|\n|t:|1700834661\n|switch|p2b: >:3|Chien-Pao, L50|100\/100\n|-ability|p2b: >:3|Sword of Ruin\n|turn|5\n|\n|t:|1700834666\n|move|p2b: >:3|Sacred Sword|p1b: Ursaluna\n|-supereffective|p1b: Ursaluna\n|-damage|p1b: Ursaluna|15\/100\n|move|p2a: UwU|Acrobatics|p1b: Ursaluna\n|-damage|p1b: Ursaluna|0 fnt\n|faint|p1b: Ursaluna\n|\n|win|Donler\n|l|\u2606IsuToTeburu\n","uploadtime":1700834681,"views":6,"p1id":"isutoteburu","p2id":"donler","formatid":"gen9vgc2023regulatione","rating":0,"private":0,"password":""}