{"id":"gen9vgc2023regulatione-1998493745","p1":"iljone","p2":"CyborgPigeon","format":"[Gen 9] VGC 2023 Regulation E","log":"|j|\u2606iljone\n|j|\u2606CyborgPigeon\n|n|\u2606iljone|iljone\n|n|\u2606CyborgPigeon|cyborgpigeon\n|html|View the match progress at <a href=\"\/game-bestof3-gen9vgc2023regulatione-1998486895\">game-bestof3-gen9vgc2023regulatione-1998486895<\/a>\n|t:|1700948611\n|gametype|doubles\n|player|p1|iljone|acetrainer-gen4dp|\n|player|p2|CyborgPigeon|lucas|\n|teamsize|p1|6\n|teamsize|p2|6\n|gen|9\n|tier|[Gen 9] VGC 2023 Regulation E\n|rule|Species Clause: Limit one of each Pok\u00e9mon\n|rule|Item Clause: Limit one of each item\n|clearpoke\n|poke|p1|Sinistcha-Masterpiece, L50|\n|poke|p1|Arcanine-Hisui, L50, F|\n|poke|p1|Kommo-o, L50, F|\n|poke|p1|Fezandipiti, L50, M|\n|poke|p1|Milotic, L50, M|\n|poke|p1|Kingambit, L50, M|\n|poke|p2|Fezandipiti, L50, M|\n|poke|p2|Sinistcha, L50|\n|poke|p2|Annihilape, L50, M|\n|poke|p2|Grimmsnarl, L50, M|\n|poke|p2|Maushold, L50|\n|poke|p2|Meowscarada, L50, F|\n|teampreview|4\n|c|\u2606iljone|give me a second i gotta upload the first 2 replays\niljone has agreed to open team sheets.\nCyborgPigeon has agreed to open team sheets.\n|showteam|p1|Sinistcha-Masterpiece||BigRoot|Hospitality|MatchaGotcha,RagePowder,Protect,StrengthSap||||||50|,,,,,Water]Arcanine-Hisui||SafetyGoggles|Intimidate|RockSlide,ExtremeSpeed,FlareBlitz,Protect|||F|||50|,,,,,Water]Kommo-o||ThroatSpray|Overcoat|ClangorousSoul,Protect,ClangingScales,FlashCannon|||F|||50|,,,,,Steel]Fezandipiti||CovertCloak|ToxicChain|IcyWind,DazzlingGleam,Taunt,Protect|||M|||50|,,,,,Grass]Milotic||Leftovers|Competitive|Scald,Protect,IcyWind,IceBeam|||M|||50|,,,,,Grass]Kingambit||AssaultVest|Defiant|SuckerPunch,KowtowCleave,IronHead,TeraBlast|||M|||50|,,,,,Fairy\n|showteam|p2|Fezandipiti||CovertCloak|ToxicChain|Protect,IcyWind,DazzlingGleam,Tailwind|||M|||50|,,,,,Fairy]Sinistcha||RockyHelmet|Hospitality|MatchaGotcha,Protect,Hex,StrengthSap||||||50|,,,,,Fire]Annihilape||LumBerry|Defiant|RageFist,DrainPunch,BulkUp,Protect|||M|||50|,,,,,Fairy]Grimmsnarl||LightClay|Prankster|LightScreen,Reflect,SpiritBreak,PartingShot|||M|||50|,,,,,Ghost]Maushold||SafetyGoggles|FriendGuard|SuperFang,FollowMe,BeatUp,Taunt||||||50|,,,,,Ghost]Meowscarada||FocusSash|Protean|FlowerTrick,Uturn,KnockOff,Protect|||F|||50|,,,,,Grass\n|c|\u2606CyborgPigeon|sounds good\n|\n|t:|1700948681\n|start\n|switch|p1a: Fezandipiti|Fezandipiti, L50, M|100\/100\n|switch|p1b: Kingambit|Kingambit, L50, M|100\/100\n|switch|p2a: Maushold|Maushold, L50|100\/100\n|switch|p2b: Meowscarada|Meowscarada, L50, F|100\/100\n|turn|1\n|\n|t:|1700948778\n|-terastallize|p1b: Kingambit|Fairy\n|move|p2b: Meowscarada|U-turn|p1b: Kingambit\n|-start|p2b: Meowscarada|typechange|Bug|[from] ability: Protean\n|-resisted|p1b: Kingambit\n|-damage|p1b: Kingambit|89\/100\n|\n|t:|1700948784\n|switch|p2b: Grimmsnarl|Grimmsnarl, L50, M|100\/100|[from] U-turn\n|move|p2a: Maushold|Super Fang|p1b: Kingambit\n|-damage|p1b: Kingambit|45\/100\n|move|p1a: Fezandipiti|Dazzling Gleam|p2a: Maushold|[spread] p2a,p2b\n|-supereffective|p2b: Grimmsnarl\n|-damage|p2a: Maushold|74\/100\n|-damage|p2b: Grimmsnarl|75\/100\n|move|p1b: Kingambit|Tera Blast|p2b: Grimmsnarl|[anim] Tera Blast Fairy\n|-supereffective|p2b: Grimmsnarl\n|-damage|p2b: Grimmsnarl|0 fnt\n|faint|p2b: Grimmsnarl\n|\n|upkeep\n|\n|t:|1700948796\n|switch|p2b: Annihilape|Annihilape, L50, M|100\/100\n|turn|2\n|\n|t:|1700948951\n|switch|p1a: Sinistcha|Sinistcha-Masterpiece, L50|100\/100\n|-heal|p1b: Kingambit|70\/100|[from] ability: Hospitality|[of] p1a: Sinistcha\n|move|p2a: Maushold|Beat Up|p2b: Annihilape\n|-crit|p2b: Annihilape\n|-damage|p2b: Annihilape|98\/100\n|-damage|p2b: Annihilape|96\/100\n|-damage|p2b: Annihilape|94\/100\n|-hitcount|p2b: Annihilape|3\n|move|p2b: Annihilape|Rage Fist|p1b: Kingambit\n|-damage|p1b: Kingambit|0 fnt\n|faint|p1b: Kingambit\n|\n|upkeep\n|\n|t:|1700948967\n|switch|p1b: Fezandipiti|Fezandipiti, L50, M|100\/100\n|turn|3\n|\n|t:|1700949028\n|-terastallize|p2b: Annihilape|Fairy\n|move|p1b: Fezandipiti|Protect|p1b: Fezandipiti\n|-singleturn|p1b: Fezandipiti|Protect\n|move|p2a: Maushold|Taunt|p1a: Sinistcha\n|-start|p1a: Sinistcha|move: Taunt\n|move|p2b: Annihilape|Rage Fist|p1b: Fezandipiti\n|-activate|p1b: Fezandipiti|move: Protect\n|move|p1a: Sinistcha|Matcha Gotcha|p2a: Maushold|[spread] p2a\n|-miss|p1a: Sinistcha|p2b: Annihilape\n|-damage|p2a: Maushold|45\/100\n|-status|p2a: Maushold|brn\n|\n|-damage|p2a: Maushold|39\/100 brn|[from] brn\n|upkeep\n|turn|4\n|\n|t:|1700949096\n|move|p2a: Maushold|Taunt|p1b: Fezandipiti\n|-start|p1b: Fezandipiti|move: Taunt\n|move|p1b: Fezandipiti|Dazzling Gleam|p2a: Maushold|[spread] p2a,p2b\n|-damage|p2a: Maushold|14\/100 brn\n|-damage|p2b: Annihilape|81\/100\n|move|p2b: Annihilape|Rage Fist|p1a: Sinistcha\n|-supereffective|p1a: Sinistcha\n|-damage|p1a: Sinistcha|0 fnt\n|faint|p1a: Sinistcha\n|\n|-damage|p2a: Maushold|8\/100 brn|[from] brn\n|upkeep\n|\n|t:|1700949107\n|switch|p1a: Kommo-o|Kommo-o, L50, F|100\/100\n|turn|5\n|\n|t:|1700949178\n|move|p1a: Kommo-o|Protect|p1a: Kommo-o\n|-singleturn|p1a: Kommo-o|Protect\n|move|p2a: Maushold|Taunt|p1a: Kommo-o\n|-activate|p1a: Kommo-o|move: Protect\n|move|p1b: Fezandipiti|Dazzling Gleam|p2b: Annihilape|[spread] p2a,p2b\n|-damage|p2a: Maushold|0 fnt\n|-damage|p2b: Annihilape|67\/100\n|-status|p2b: Annihilape|tox|[from] ability: Toxic Chain|[of] p1b: Fezandipiti\n|-enditem|p2b: Annihilape|Lum Berry|[eat]\n|-curestatus|p2b: Annihilape|tox|[msg]\n|faint|p2a: Maushold\n|move|p2b: Annihilape|Rage Fist|p1b: Fezandipiti\n|-damage|p1b: Fezandipiti|0 fnt\n|faint|p1b: Fezandipiti\n|\n|upkeep\n|\n|t:|1700949193\n|switch|p2a: Meowscarada|Meowscarada, L50, F|100\/100\n|turn|6\n|\n|t:|1700949233\n|move|p2a: Meowscarada|Knock Off|p1a: Kommo-o\n|-start|p2a: Meowscarada|typechange|Dark|[from] ability: Protean\n|-resisted|p1a: Kommo-o\n|-damage|p1a: Kommo-o|77\/100\n|-enditem|p1a: Kommo-o|Throat Spray|[from] move: Knock Off|[of] p2a: Meowscarada\n|move|p1a: Kommo-o|Clanging Scales|p2a: Meowscarada|[spread] p2a\n|-immune|p2b: Annihilape\n|-damage|p2a: Meowscarada|45\/100\n|-unboost|p1a: Kommo-o|def|1\n|move|p2b: Annihilape|Rage Fist|p1a: Kommo-o\n|-damage|p1a: Kommo-o|0 fnt\n|faint|p1a: Kommo-o\n|\n|win|CyborgPigeon\n|c|\u2606iljone|gg\n|c|\u2606CyborgPigeon|gg\n|c|\u2606CyborgPigeon|very close set\n","uploadtime":1700949248,"views":17,"p1id":"iljone","p2id":"cyborgpigeon","formatid":"gen9vgc2023regulatione","rating":0,"private":0,"password":""}