{"id":"gen9vgc2023regulatione-1992063920","p1":"Chuckayyalwin","p2":"Spler","format":"[Gen 9] VGC 2023 Regulation E","log":"|j|\u2606Chuckayyalwin\n|j|\u2606Spler\n|t:|1700152046\n|gametype|doubles\n|player|p1|Chuckayyalwin|lucas|1380\n|player|p2|Spler|266|1385\n|teamsize|p1|6\n|teamsize|p2|6\n|gen|9\n|tier|[Gen 9] VGC 2023 Regulation E\n|rated|\n|rule|Species Clause: Limit one of each Pok\u00e9mon\n|rule|Item Clause: Limit one of each item\n|clearpoke\n|poke|p1|Brambleghast, L50, M|\n|poke|p1|Roaring Moon, L50|\n|poke|p1|Arcanine-Hisui, L50, F|\n|poke|p1|Gholdengo, L50|\n|poke|p1|Urshifu-*, L50, M|\n|poke|p1|Iron Hands, L50|\n|poke|p2|Okidogi, L50, M|\n|poke|p2|Ogerpon-Wellspring, L50, F|\n|poke|p2|Tornadus, L50, M|\n|poke|p2|Armarouge, L50, F|\n|poke|p2|Indeedee-F, L50, F|\n|poke|p2|Urshifu-*, L50, F|\n|teampreview|4\n|inactive|Battle timer is ON: inactive players will automatically lose when time's up. (requested by Chuckayyalwin)\n|\n|t:|1700152069\n|start\n|switch|p1a: Roaring Moon|Roaring Moon, L50, shiny|100\/100\n|switch|p1b: Brambleghast|Brambleghast, L50, M, shiny|100\/100\n|switch|p2a: Armarouge|Armarouge, L50, F|100\/100\n|switch|p2b: Urshifu|Urshifu-Rapid-Strike, L50, F|100\/100\n|-enditem|p1a: Roaring Moon|Booster Energy\n|-activate|p1a: Roaring Moon|ability: Protosynthesis|[fromitem]\n|-start|p1a: Roaring Moon|protosynthesisspe\n|turn|1\n|inactive|Chuckayyalwin has 30 seconds left.\n|\n|t:|1700152099\n|-terastallize|p2a: Armarouge|Psychic\n|move|p2a: Armarouge|Endure|p2a: Armarouge\n|-singleturn|p2a: Armarouge|move: Endure\n|move|p1a: Roaring Moon|Knock Off|p2a: Armarouge\n|-supereffective|p2a: Armarouge\n|-activate|p2a: Armarouge|move: Endure\n|-damage|p2a: Armarouge|1\/100\n|-ability|p2a: Armarouge|Weak Armor|boost\n|-unboost|p2a: Armarouge|def|1\n|-boost|p2a: Armarouge|spe|2\n|-enditem|p2a: Armarouge|Weakness Policy\n|-boost|p2a: Armarouge|atk|2|[from] item: Weakness Policy\n|-boost|p2a: Armarouge|spa|2|[from] item: Weakness Policy\n|move|p2b: Urshifu|U-turn|p2a: Armarouge\n|-supereffective|p2a: Armarouge\n|-activate|p2a: Armarouge|move: Endure\n|-damage|p2a: Armarouge|1\/100\n|-ability|p2a: Armarouge|Weak Armor|boost\n|-unboost|p2a: Armarouge|def|1\n|-boost|p2a: Armarouge|spe|2\n|\n|t:|1700152116\n|switch|p2b: Indeedee|Indeedee-F, L50, F|100\/100|[from] U-turn\n|-fieldstart|move: Psychic Terrain|[from] ability: Psychic Surge|[of] p2b: Indeedee\n|move|p1b: Brambleghast|Power Whip|p2b: Indeedee|[miss]\n|-miss|p1b: Brambleghast|p2b: Indeedee\n|\n|upkeep\n|turn|2\n|inactive|Chuckayyalwin has 30 seconds left.\n|\n|t:|1700152145\n|move|p2b: Indeedee|Follow Me|p2b: Indeedee\n|-singleturn|p2b: Indeedee|move: Follow Me\n|move|p2a: Armarouge|Stored Power|p1b: Brambleghast\n|-enditem|p1b: Brambleghast|Focus Sash\n|-damage|p1b: Brambleghast|1\/100\n|move|p1a: Roaring Moon|Knock Off|p2b: Indeedee\n|-supereffective|p2b: Indeedee\n|-crit|p2b: Indeedee\n|-damage|p2b: Indeedee|0 fnt\n|-enditem|p2b: Indeedee|Sitrus Berry|[from] move: Knock Off|[of] p1a: Roaring Moon\n|faint|p2b: Indeedee\n|move|p1b: Brambleghast|Poltergeist||[still]\n|-fail|p1b: Brambleghast\n|\n|upkeep\n|\n|t:|1700152161\n|switch|p2b: Okidogi|Okidogi, L50, M|100\/100\n|-enditem|p2b: Okidogi|Psychic Seed\n|-boost|p2b: Okidogi|spd|1|[from] item: Psychic Seed\n|turn|3\n|\n|t:|1700152173\n|move|p2a: Armarouge|Endure|p2a: Armarouge\n|-singleturn|p2a: Armarouge|move: Endure\n|move|p1a: Roaring Moon|Knock Off|p2a: Armarouge\n|-supereffective|p2a: Armarouge\n|-activate|p2a: Armarouge|move: Endure\n|-damage|p2a: Armarouge|1\/100\n|-ability|p2a: Armarouge|Weak Armor|boost\n|-unboost|p2a: Armarouge|def|1\n|-boost|p2a: Armarouge|spe|2\n|move|p1b: Brambleghast|Power Whip|p2a: Armarouge\n|-activate|p2a: Armarouge|move: Endure\n|-damage|p2a: Armarouge|1\/100\n|-ability|p2a: Armarouge|Weak Armor|boost\n|-unboost|p2a: Armarouge|def|1\n|move|p2b: Okidogi|Bulk Up|p2b: Okidogi\n|-boost|p2b: Okidogi|atk|1\n|-boost|p2b: Okidogi|def|1\n|\n|upkeep\n|turn|4\n|c|\u2606Chuckayyalwin|Wow\n|inactive|Spler has 30 seconds left.\n|\n|t:|1700152206\n|move|p2a: Armarouge|Expanding Force|p1a: Roaring Moon|[spread] p1b\n|-immune|p1a: Roaring Moon\n|-damage|p1b: Brambleghast|0 fnt\n|faint|p1b: Brambleghast\n|move|p1a: Roaring Moon|Knock Off|p2b: Okidogi\n|-resisted|p2b: Okidogi\n|-damage|p2b: Okidogi|90\/100\n|move|p2b: Okidogi|Bulk Up|p2b: Okidogi\n|-boost|p2b: Okidogi|atk|1\n|-boost|p2b: Okidogi|def|1\n|\n|upkeep\n|\n|t:|1700152223\n|switch|p1b: Iron Hands|Iron Hands, L50, shiny|100\/100\n|turn|5\n|\n|t:|1700152230\n|move|p2a: Armarouge|Stored Power|p1b: Iron Hands\n|-supereffective|p1b: Iron Hands\n|-damage|p1b: Iron Hands|0 fnt\n|faint|p1b: Iron Hands\n|-end|p1b: Iron Hands|Quark Drive|[silent]\n|move|p1a: Roaring Moon|Breaking Swipe|p2b: Okidogi|[spread] p2a,p2b\n|-damage|p2a: Armarouge|0 fnt\n|-damage|p2b: Okidogi|78\/100\n|-unboost|p2b: Okidogi|atk|1\n|faint|p2a: Armarouge\n|move|p2b: Okidogi|Drain Punch|p1a: Roaring Moon\n|-supereffective|p1a: Roaring Moon\n|-damage|p1a: Roaring Moon|0 fnt\n|-heal|p2b: Okidogi|100\/100|[from] drain|[of] p1a: Roaring Moon\n|faint|p1a: Roaring Moon\n|-end|p1a: Roaring Moon|Protosynthesis|[silent]\n|\n|-fieldend|move: Psychic Terrain\n|upkeep\n|\n|t:|1700152248\n|switch|p2a: Urshifu|Urshifu-Rapid-Strike, L50, F|100\/100\n|switch|p1b: Urshifu|Urshifu-Rapid-Strike, L50, M|100\/100\n|turn|6\n|\n|t:|1700152259\n|-terastallize|p1b: Urshifu|Water\n|move|p2a: Urshifu|Close Combat|p1b: Urshifu\n|-damage|p1b: Urshifu|35\/100\n|-unboost|p2a: Urshifu|def|1\n|-unboost|p2a: Urshifu|spd|1\n|move|p1b: Urshifu|Surging Strikes|p2b: Okidogi\n|-crit|p2b: Okidogi\n|-damage|p2b: Okidogi|73\/100\n|-crit|p2b: Okidogi\n|-damage|p2b: Okidogi|43\/100\n|-crit|p2b: Okidogi\n|-damage|p2b: Okidogi|13\/100\n|-hitcount|p2b: Okidogi|3\n|move|p2b: Okidogi|Drain Punch|p1b: Urshifu\n|-damage|p1b: Urshifu|0 fnt\n|-heal|p2b: Okidogi|30\/100|[from] drain|[of] p1b: Urshifu\n|faint|p1b: Urshifu\n|\n|win|Spler\n|raw|Chuckayyalwin's rating: 1380 &rarr; <strong>1360<\/strong><br \/>(-20 for losing)\n|raw|Spler's rating: 1385 &rarr; <strong>1405<\/strong><br \/>(+20 for winning)\n","uploadtime":1700152291,"views":8,"p1id":"chuckayyalwin","p2id":"spler","formatid":"gen9vgc2023regulatione","rating":1360,"private":0,"password":""}