{"id":"gen9vgc2023regulatione-1991956458","p1":"rtnman","p2":"FlopyFlopsters","format":"[Gen 9] VGC 2023 Regulation E","log":"|j|\u2606rtnman\n|j|\u2606FlopyFlopsters\n|t:|1700142349\n|gametype|doubles\n|player|p1|rtnman|harlequin|1583\n|player|p2|FlopyFlopsters|nate|1753\n|teamsize|p1|6\n|teamsize|p2|6\n|gen|9\n|tier|[Gen 9] VGC 2023 Regulation E\n|rated|\n|rule|Species Clause: Limit one of each Pok\u00e9mon\n|rule|Item Clause: Limit one of each item\n|clearpoke\n|poke|p1|Tornadus, L50, M|\n|poke|p1|Rillaboom, L50, M|\n|poke|p1|Farigiraf, L50, M|\n|poke|p1|Urshifu-*, L50, M|\n|poke|p1|Ogerpon-Hearthflame, L50, F|\n|poke|p1|Flutter Mane, L50|\n|poke|p2|Tornadus, L50, M|\n|poke|p2|Urshifu-*, L50, M|\n|poke|p2|Iron Hands, L50|\n|poke|p2|Farigiraf, L50, F|\n|poke|p2|Chien-Pao, L50|\n|poke|p2|Arcanine-Hisui, L50, M|\n|teampreview|4\n|inactive|Battle timer is ON: inactive players will automatically lose when time's up. (requested by FlopyFlopsters)\n|inactive|rtnman also wants the timer to be on.\n|\n|t:|1700142357\n|start\n|switch|p1a: Tornadus|Tornadus, L50, M, shiny|100\/100\n|switch|p1b: Flutter Mane|Flutter Mane, L50|100\/100\n|switch|p2a: Jimmy|Tornadus, L50, M|100\/100\n|switch|p2b: Timmy|Urshifu-Rapid-Strike, L50, M|100\/100\n|turn|1\n|j| skersh88\n|l| skersh88\n|inactive|rtnman has 30 seconds left.\n|inactive|FlopyFlopsters has 30 seconds left.\n|\n|t:|1700142384\n|-end|p1b: Flutter Mane|Protosynthesis|[silent]\n|switch|p1b: Urshifu|Urshifu-Rapid-Strike, L50, M|100\/100\n|move|p2b: Timmy|Detect|p2b: Timmy\n|-singleturn|p2b: Timmy|Protect\n|move|p1a: Tornadus|Tailwind|p1a: Tornadus\n|-sidestart|p1: rtnman|move: Tailwind\n|move|p2a: Jimmy|Tailwind|p2a: Jimmy\n|-sidestart|p2: FlopyFlopsters|move: Tailwind\n|\n|upkeep\n|turn|2\n|\n|t:|1700142395\n|-terastallize|p1b: Urshifu|Water\n|-terastallize|p2b: Timmy|Water\n|move|p1a: Tornadus|Scary Face|p2b: Timmy\n|-unboost|p2b: Timmy|spe|2\n|move|p1b: Urshifu|Surging Strikes|p2a: Jimmy\n|-crit|p2a: Jimmy\n|-damage|p2a: Jimmy|70\/100\n|-damage|p1b: Urshifu|84\/100|[from] item: Rocky Helmet|[of] p2a: Jimmy\n|-crit|p2a: Jimmy\n|-damage|p2a: Jimmy|37\/100\n|-damage|p1b: Urshifu|67\/100|[from] item: Rocky Helmet|[of] p2a: Jimmy\n|-crit|p2a: Jimmy\n|-damage|p2a: Jimmy|4\/100\n|-damage|p1b: Urshifu|51\/100|[from] item: Rocky Helmet|[of] p2a: Jimmy\n|-hitcount|p2a: Jimmy|3\n|move|p2a: Jimmy|Bleakwind Storm|p1a: Tornadus|[spread] p1a\n|-miss|p2a: Jimmy|p1b: Urshifu\n|-damage|p1a: Tornadus|67\/100\n|move|p2b: Timmy|Surging Strikes|p1a: Tornadus\n|-crit|p1a: Tornadus\n|-damage|p1a: Tornadus|20\/100\n|-crit|p1a: Tornadus\n|-damage|p1a: Tornadus|0 fnt\n|faint|p1a: Tornadus\n|-hitcount|p1: Tornadus|2\n|\n|upkeep\n|\n|t:|1700142419\n|switch|p1a: Ogerpon|Ogerpon-Hearthflame, L50, F|100\/100\n|-ability|p1a: Ogerpon|Mold Breaker\n|turn|3\n|\n|t:|1700142430\n|switch|p2b: Billy|Iron Hands, L50|100\/100\n|move|p1b: Urshifu|Aqua Jet|p2a: Jimmy\n|-damage|p2a: Jimmy|0 fnt\n|-damage|p1b: Urshifu|34\/100|[from] item: Rocky Helmet|[of] p2a: Jimmy\n|faint|p2a: Jimmy\n|move|p1a: Ogerpon|Horn Leech|p2b: Billy\n|-damage|p2b: Billy|70\/100\n|\n|upkeep\n|\n|t:|1700142439\n|switch|p2a: Timmy|Urshifu-Rapid-Strike, L50, M, tera:Water|100\/100\n|turn|4\n|\n|t:|1700142463\n|move|p2b: Billy|Fake Out|p1a: Ogerpon\n|-damage|p1a: Ogerpon|79\/100\n|cant|p1a: Ogerpon|flinch\n|move|p1b: Urshifu|Close Combat|p2a: Timmy\n|-damage|p2a: Timmy|39\/100\n|-unboost|p1b: Urshifu|def|1\n|-unboost|p1b: Urshifu|spd|1\n|move|p2a: Timmy|Surging Strikes|p1a: Ogerpon\n|-crit|p1a: Ogerpon\n|-damage|p1a: Ogerpon|31\/100\n|-crit|p1a: Ogerpon\n|-damage|p1a: Ogerpon|0 fnt\n|faint|p1a: Ogerpon\n|-hitcount|p1: Ogerpon|2\n|\n|-sideend|p2: FlopyFlopsters|move: Tailwind\n|-sideend|p1: rtnman|move: Tailwind\n|upkeep\n|\n|t:|1700142476\n|switch|p1a: Flutter Mane|Flutter Mane, L50|100\/100\n|turn|5\n|\n|t:|1700142491\n|move|p2a: Timmy|Aqua Jet|p1b: Urshifu\n|-resisted|p1b: Urshifu\n|-damage|p1b: Urshifu|6\/100\n|move|p1a: Flutter Mane|Moonblast|p2b: Billy\n|-supereffective|p2b: Billy\n|-damage|p2b: Billy|0 fnt\n|faint|p2b: Billy\n|-end|p2b: Billy|Quark Drive|[silent]\n|move|p1b: Urshifu|Surging Strikes|p2a: Timmy\n|-resisted|p2a: Timmy\n|-crit|p2a: Timmy\n|-damage|p2a: Timmy|22\/100\n|-resisted|p2a: Timmy\n|-crit|p2a: Timmy\n|-damage|p2a: Timmy|4\/100\n|-resisted|p2a: Timmy\n|-crit|p2a: Timmy\n|-damage|p2a: Timmy|0 fnt\n|faint|p2a: Timmy\n|-hitcount|p2: Timmy|3\n|\n|upkeep\n|\n|t:|1700142507\n|switch|p2b: Johnny|Chien-Pao, L50|100\/100\n|-ability|p2b: Johnny|Sword of Ruin\n|turn|6\n|\n|t:|1700142515\n|move|p1b: Urshifu|Protect|p1b: Urshifu\n|-singleturn|p1b: Urshifu|Protect\n|move|p2b: Johnny|Sucker Punch||[still]\n|-fail|p2b: Johnny\n|move|p1a: Flutter Mane|Moonblast|p2b: Johnny\n|-supereffective|p2b: Johnny\n|-enditem|p2b: Johnny|Focus Sash\n|-damage|p2b: Johnny|1\/100\n|\n|upkeep\n|turn|7\n|c|\u2606FlopyFlopsters|ggwp\n|\n|t:|1700142526\n|move|p2b: Johnny|Sucker Punch|p1b: Urshifu\n|-damage|p1b: Urshifu|0 fnt\n|faint|p1b: Urshifu\n|move|p1a: Flutter Mane|Moonblast|p2b: Johnny\n|-supereffective|p2b: Johnny\n|-damage|p2b: Johnny|0 fnt\n|faint|p2b: Johnny\n|\n|win|rtnman\n|raw|rtnman's rating: 1583 &rarr; <strong>1612<\/strong><br \/>(+29 for winning)\n|raw|FlopyFlopsters's rating: 1753 &rarr; <strong>1724<\/strong><br \/>(-29 for losing)\n|c|\u2606rtnman|gg\n|j| rouge en rouge\n|l|\u2606FlopyFlopsters\n","uploadtime":1700142594,"views":21,"p1id":"rtnman","p2id":"flopyflopsters","formatid":"gen9vgc2023regulatione","rating":1612,"private":0,"password":""}