{"id":"gen9vgc2023regulatione-1991616840","p1":"TrainerDylan24","p2":"Bounce81402","format":"[Gen 9] VGC 2023 Regulation E","log":"|j|\u2606TrainerDylan24\n|j|\u2606Bounce81402\n|t:|1700094675\n|gametype|doubles\n|player|p1|TrainerDylan24|swimmerf|1209\n|player|p2|Bounce81402|265|1262\n|teamsize|p1|6\n|teamsize|p2|6\n|gen|9\n|tier|[Gen 9] VGC 2023 Regulation E\n|rated|\n|rule|Species Clause: Limit one of each Pok\u00e9mon\n|rule|Item Clause: Limit one of each item\n|clearpoke\n|poke|p1|Politoed, L50, F|\n|poke|p1|Kilowattrel, L50, M|\n|poke|p1|Iron Bundle, L50|\n|poke|p1|Maushold-Four, L50|\n|poke|p1|Rillaboom, L50, F|\n|poke|p1|Forretress, L50, M|\n|poke|p2|Jolteon, L50, M|\n|poke|p2|Flutter Mane, L50|\n|poke|p2|Chi-Yu, L50|\n|poke|p2|Kingambit, L50, F|\n|poke|p2|Ogerpon-Wellspring, L50, F|\n|poke|p2|Kommo-o, L50, F|\n|teampreview|4\n|inactive|Battle timer is ON: inactive players will automatically lose when time's up. (requested by Bounce81402)\n|inactive|Bounce81402 has 60 seconds left.\n|\n|t:|1700094709\n|start\n|switch|p1a: Maushold|Maushold-Four, L50|100\/100\n|switch|p1b: Politoed|Politoed, L50, F|100\/100\n|switch|p2a: Flutter Mane|Flutter Mane, L50|100\/100\n|switch|p2b: Chi-Yu|Chi-Yu, L50|100\/100\n|-ability|p2b: Chi-Yu|Beads of Ruin\n|-weather|RainDance|[from] ability: Drizzle|[of] p1b: Politoed\n|-enditem|p2a: Flutter Mane|Booster Energy\n|-activate|p2a: Flutter Mane|ability: Protosynthesis|[fromitem]\n|-start|p2a: Flutter Mane|protosynthesisspe\n|turn|1\n|\n|t:|1700094733\n|-terastallize|p2b: Chi-Yu|Ghost\n|move|p2a: Flutter Mane|Icy Wind|p1a: Maushold|[spread] p1a,p1b\n|-resisted|p1b: Politoed\n|-damage|p1a: Maushold|74\/100\n|-damage|p1b: Politoed|92\/100\n|-unboost|p1a: Maushold|spe|1\n|-unboost|p1b: Politoed|spe|1\n|move|p2b: Chi-Yu|Dark Pulse|p1a: Maushold\n|-damage|p1a: Maushold|0 fnt\n|faint|p1a: Maushold\n|move|p1b: Politoed|Muddy Water|p2a: Flutter Mane|[spread] p2a,p2b\n|-damage|p2a: Flutter Mane|20\/100\n|-damage|p2b: Chi-Yu|25\/100\n|-unboost|p2a: Flutter Mane|accuracy|1\n|-damage|p1b: Politoed|82\/100|[from] item: Life Orb\n|\n|-weather|RainDance|[upkeep]\n|upkeep\n|\n|t:|1700094741\n|switch|p1a: Iron Bundle|Iron Bundle, L50|100\/100\n|-enditem|p1a: Iron Bundle|Booster Energy\n|-activate|p1a: Iron Bundle|ability: Quark Drive|[fromitem]\n|-start|p1a: Iron Bundle|quarkdrivespe\n|turn|2\n|\n|t:|1700094762\n|switch|p2b: Kingambit|Kingambit, L50, F|100\/100\n|move|p2a: Flutter Mane|Protect|p2a: Flutter Mane\n|-singleturn|p2a: Flutter Mane|Protect\n|move|p1b: Politoed|Protect|p1b: Politoed\n|-singleturn|p1b: Politoed|Protect\n|move|p1a: Iron Bundle|Icy Wind|p2b: Kingambit|[spread] p2b\n|-activate|p2a: Flutter Mane|move: Protect\n|-resisted|p2b: Kingambit\n|-damage|p2b: Kingambit|91\/100\n|-unboost|p2b: Kingambit|spe|1\n|-ability|p2b: Kingambit|Defiant|boost\n|-boost|p2b: Kingambit|atk|2\n|\n|-weather|RainDance|[upkeep]\n|upkeep\n|turn|3\n|\n|t:|1700094785\n|-terastallize|p1a: Iron Bundle|Water\n|move|p1a: Iron Bundle|Tera Blast|p2b: Kingambit|[anim] Tera Blast Water\n|-damage|p2b: Kingambit|16\/100\n|move|p2a: Flutter Mane|Icy Wind|p1b: Politoed|[spread] p1a,p1b\n|-resisted|p1a: Iron Bundle\n|-resisted|p1b: Politoed\n|-damage|p1a: Iron Bundle|86\/100\n|-damage|p1b: Politoed|75\/100\n|-unboost|p1a: Iron Bundle|spe|1\n|-unboost|p1b: Politoed|spe|1\n|move|p2b: Kingambit|Swords Dance|p2b: Kingambit\n|-boost|p2b: Kingambit|atk|2\n|move|p1b: Politoed|Muddy Water|p2a: Flutter Mane|[spread] p2a\n|-miss|p1b: Politoed|p2b: Kingambit\n|-damage|p2a: Flutter Mane|0 fnt\n|faint|p2a: Flutter Mane\n|-end|p2a: Flutter Mane|Protosynthesis|[silent]\n|-damage|p1b: Politoed|65\/100|[from] item: Life Orb\n|\n|-weather|RainDance|[upkeep]\n|upkeep\n|\n|t:|1700094801\n|switch|p2a: Kommo-o|Kommo-o, L50, F|100\/100\n|turn|4\n|\n|t:|1700094811\n|-end|p1a: Iron Bundle|Quark Drive|[silent]\n|switch|p1a: Kilowattrel|Kilowattrel, L50, M|100\/100\n|move|p2b: Kingambit|Sucker Punch||[still]\n|-fail|p2b: Kingambit\n|move|p2a: Kommo-o|Iron Defense|p2a: Kommo-o\n|-boost|p2a: Kommo-o|def|2\n|move|p1b: Politoed|Muddy Water|p2b: Kingambit|[spread] p2a,p2b\n|-resisted|p2a: Kommo-o\n|-damage|p2a: Kommo-o|77\/100\n|-damage|p2b: Kingambit|0 fnt\n|-unboost|p2a: Kommo-o|accuracy|1\n|faint|p2b: Kingambit\n|-damage|p1b: Politoed|55\/100|[from] item: Life Orb\n|\n|-weather|RainDance|[upkeep]\n|-heal|p2a: Kommo-o|83\/100|[from] item: Leftovers\n|upkeep\n|\n|t:|1700094813\n|switch|p2b: Chi-Yu|Chi-Yu, L50, tera:Ghost|25\/100\n|-ability|p2b: Chi-Yu|Beads of Ruin\n|turn|5\n|\n|t:|1700094829\n|move|p1a: Kilowattrel|Hurricane|p2a: Kommo-o\n|-supereffective|p2a: Kommo-o\n|-damage|p2a: Kommo-o|0 fnt\n|faint|p2a: Kommo-o\n|move|p2b: Chi-Yu|Snarl|p1a: Kilowattrel|[spread] p1a,p1b\n|-damage|p1a: Kilowattrel|16\/100\n|-damage|p1b: Politoed|8\/100\n|-unboost|p1a: Kilowattrel|spa|1\n|-unboost|p1b: Politoed|spa|1\n|move|p1b: Politoed|Muddy Water|p2b: Chi-Yu|[miss]\n|-miss|p1b: Politoed|p2b: Chi-Yu\n|\n|-weather|none\n|upkeep\n|turn|6\n|\n|t:|1700094846\n|move|p1a: Kilowattrel|Volt Switch|p2b: Chi-Yu\n|-damage|p2b: Chi-Yu|0 fnt\n|faint|p2b: Chi-Yu\n|\n|win|TrainerDylan24\n|raw|TrainerDylan24's rating: 1209 &rarr; <strong>1238<\/strong><br \/>(+29 for winning)\n|raw|Bounce81402's rating: 1262 &rarr; <strong>1233<\/strong><br \/>(-29 for losing)\n|l|\u2606Bounce81402\n","uploadtime":1700094852,"views":8,"p1id":"trainerdylan24","p2id":"bounce81402","formatid":"gen9vgc2023regulatione","rating":1233,"private":0,"password":""}