{"id":"gen9vgc2023regulatione-1993788274","p1":"TrainerDylan24","p2":"osumakitajima","format":"[Gen 9] VGC 2023 Regulation E","log":"|j|\u2606TrainerDylan24\n|j|\u2606osumakitajima\n|t:|1700357337\n|gametype|doubles\n|player|p1|TrainerDylan24|swimmerf|1188\n|player|p2|osumakitajima|102|1231\n|teamsize|p1|6\n|teamsize|p2|6\n|gen|9\n|tier|[Gen 9] VGC 2023 Regulation E\n|rated|\n|rule|Species Clause: Limit one of each Pok\u00e9mon\n|rule|Item Clause: Limit one of each item\n|clearpoke\n|poke|p1|Torkoal, L50, M|\n|poke|p1|Lilligant-Hisui, L50, F|\n|poke|p1|Sandy Shocks, L50|\n|poke|p1|Flutter Mane, L50|\n|poke|p1|Garganacl, L50, M|\n|poke|p1|Ursaluna-Bloodmoon, L50, M|\n|poke|p2|Articuno-Galar, L50|\n|poke|p2|Torkoal, L50, F|\n|poke|p2|Leafeon, L50, M|\n|poke|p2|Iron Hands, L50|\n|poke|p2|Flutter Mane, L50|\n|poke|p2|Samurott, L50, M|\n|teampreview|4\n|inactive|Battle timer is ON: inactive players will automatically lose when time's up. (requested by TrainerDylan24)\nTrainerDylan24 rejected open team sheets.\n|\n|t:|1700357376\n|start\n|switch|p1a: Lilligant|Lilligant-Hisui, L50, F|100\/100\n|switch|p1b: Torkoal|Torkoal, L50, M, shiny|100\/100\n|switch|p2a: Articuno|Articuno-Galar, L50|100\/100\n|switch|p2b: Iron Hands|Iron Hands, L50, shiny|100\/100\n|-weather|SunnyDay|[from] ability: Drought|[of] p1b: Torkoal\n|turn|1\n|inactive|osumakitajima has 30 seconds left.\n|inactive|osumakitajima has 20 seconds left.\n|inactive|osumakitajima has 15 seconds left.\n|inactive|osumakitajima has 10 seconds left.\n|inactive|osumakitajima has 5 seconds left.\n|\n|t:|1700357427\n|move|p1a: Lilligant|Protect|p1a: Lilligant\n|-singleturn|p1a: Lilligant|Protect\n|move|p2b: Iron Hands|Protect|p2b: Iron Hands\n|-singleturn|p2b: Iron Hands|Protect\n|move|p2a: Articuno|Air Slash|p1a: Lilligant\n|-activate|p1a: Lilligant|move: Protect\n|move|p1b: Torkoal|Eruption|p2a: Articuno|[spread] p2a\n|-activate|p2b: Iron Hands|move: Protect\n|-damage|p2a: Articuno|23\/100\n|\n|-weather|SunnyDay|[upkeep]\n|upkeep\n|turn|2\n|inactive|osumakitajima has 30 seconds left.\n|inactive|osumakitajima has 20 seconds left.\n|inactive|osumakitajima has 15 seconds left.\n|\n|t:|1700357468\n|-terastallize|p1b: Torkoal|Fire\n|move|p1a: Lilligant|After You|p1b: Torkoal\n|-activate|p1b: Torkoal|move: After You\n|move|p1b: Torkoal|Eruption|p2b: Iron Hands|[spread] p2a,p2b\n|-damage|p2a: Articuno|0 fnt\n|-damage|p2b: Iron Hands|17\/100\n|-enditem|p2b: Iron Hands|Aguav Berry|[eat]\n|-heal|p2b: Iron Hands|50\/100|[from] item: Aguav Berry\n|faint|p2a: Articuno\n|move|p2b: Iron Hands|Drain Punch|p1b: Torkoal\n|-damage|p1b: Torkoal|63\/100\n|-heal|p2b: Iron Hands|62\/100|[from] drain|[of] p1b: Torkoal\n|\n|-weather|SunnyDay|[upkeep]\n|upkeep\n|\n|t:|1700357486\n|switch|p2a: Leafeon|Leafeon, L50, M|100\/100\n|turn|3\n|inactive|osumakitajima has 30 seconds left.\n|\n|t:|1700357518\n|switch|p2a: Samurott|Samurott, L50, M, shiny|100\/100\n|move|p1a: Lilligant|Leaf Blade|p2b: Iron Hands\n|-damage|p2b: Iron Hands|36\/100\n|move|p2b: Iron Hands|Drain Punch|p1b: Torkoal\n|-crit|p1b: Torkoal\n|-damage|p1b: Torkoal|9\/100\n|-heal|p2b: Iron Hands|53\/100|[from] drain|[of] p1b: Torkoal\n|move|p1b: Torkoal|Heat Wave|p2b: Iron Hands|[spread] p2a\n|-miss|p1b: Torkoal|p2b: Iron Hands\n|-resisted|p2a: Samurott\n|-damage|p2a: Samurott|64\/100\n|\n|-weather|SunnyDay|[upkeep]\n|upkeep\n|turn|4\n|inactive|osumakitajima has 30 seconds left.\n|\n|t:|1700357543\n|move|p2a: Samurott|Protect|p2a: Samurott\n|-singleturn|p2a: Samurott|Protect\n|move|p1a: Lilligant|Leaf Blade|p2a: Samurott\n|-activate|p2a: Samurott|move: Protect\n|move|p2b: Iron Hands|Drain Punch|p1b: Torkoal\n|-damage|p1b: Torkoal|0 fnt\n|-heal|p2b: Iron Hands|56\/100|[from] drain|[of] p1b: Torkoal\n|faint|p1b: Torkoal\n|\n|-weather|SunnyDay|[upkeep]\n|upkeep\n|\n|t:|1700357548\n|switch|p1b: Sandy Shocks|Sandy Shocks, L50|100\/100\n|-activate|p1b: Sandy Shocks|ability: Protosynthesis\n|-start|p1b: Sandy Shocks|protosynthesisspe\n|turn|5\n|inactive|osumakitajima has 30 seconds left.\n|inactive|osumakitajima has 20 seconds left.\n|\n|t:|1700357586\n|switch|p2a: Leafeon|Leafeon, L50, M|100\/100\n|-terastallize|p2b: Iron Hands|Grass\n|move|p1a: Lilligant|Leaf Blade|p2a: Leafeon\n|-resisted|p2a: Leafeon\n|-damage|p2a: Leafeon|82\/100\n|move|p1b: Sandy Shocks|Earth Power|p2b: Iron Hands\n|-resisted|p2b: Iron Hands\n|-damage|p2b: Iron Hands|34\/100\n|-damage|p1b: Sandy Shocks|90\/100|[from] item: Life Orb\n|move|p2b: Iron Hands|Drain Punch|p1b: Sandy Shocks\n|-damage|p1b: Sandy Shocks|42\/100\n|-heal|p2b: Iron Hands|50\/100|[from] drain|[of] p1b: Sandy Shocks\n|\n|-weather|none\n|-end|p1b: Sandy Shocks|Protosynthesis\n|upkeep\n|turn|6\n|inactive|osumakitajima has 30 seconds left.\n|\n|t:|1700357612\n|move|p1a: Lilligant|Close Combat|p2b: Iron Hands\n|-damage|p2b: Iron Hands|15\/100\n|-unboost|p1a: Lilligant|def|1\n|-unboost|p1a: Lilligant|spd|1\n|move|p1b: Sandy Shocks|Flash Cannon|p2b: Iron Hands\n|-damage|p2b: Iron Hands|0 fnt\n|faint|p2b: Iron Hands\n|-end|p2b: Iron Hands|Quark Drive|[silent]\n|-damage|p1b: Sandy Shocks|32\/100|[from] item: Life Orb\n|move|p2a: Leafeon|X-Scissor|p1a: Lilligant\n|-damage|p1a: Lilligant|47\/100\n|\n|upkeep\n|\n|t:|1700357625\n|switch|p2b: Samurott|Samurott, L50, M, shiny|64\/100\n|turn|7\n|\n|t:|1700357632\n|move|p2b: Samurott|Protect|p2b: Samurott\n|-singleturn|p2b: Samurott|Protect\n|move|p1a: Lilligant|Close Combat|p2a: Leafeon\n|-damage|p2a: Leafeon|30\/100\n|-unboost|p1a: Lilligant|def|1\n|-unboost|p1a: Lilligant|spd|1\n|move|p1b: Sandy Shocks|Flash Cannon|p2a: Leafeon\n|-damage|p2a: Leafeon|0 fnt\n|faint|p2a: Leafeon\n|-damage|p1b: Sandy Shocks|22\/100|[from] item: Life Orb\n|\n|upkeep\n|turn|8\n|\n|t:|1700357650\n|move|p1a: Lilligant|Leaf Blade|p2b: Samurott\n|-supereffective|p2b: Samurott\n|-damage|p2b: Samurott|0 fnt\n|faint|p2b: Samurott\n|\n|win|TrainerDylan24\n|raw|TrainerDylan24's rating: 1188 &rarr; <strong>1216<\/strong><br \/>(+28 for winning)\n|raw|osumakitajima's rating: 1231 &rarr; <strong>1203<\/strong><br \/>(-28 for losing)\n","uploadtime":1700357658,"views":7,"p1id":"trainerdylan24","p2id":"osumakitajima","formatid":"gen9vgc2023regulatione","rating":1203,"private":0,"password":""}