{"id":"gen9vgc2023regulatione-1991948002","p1":"Pipo44","p2":"BeckerVGC","format":"[Gen 9] VGC 2023 Regulation E","log":"|j|\u2606Pipo44\n|j|\u2606BeckerVGC\n|t:|1700141466\n|gametype|doubles\n|player|p1|Pipo44|swimmer|1162\n|player|p2|BeckerVGC|hiker-gen4|1213\n|teamsize|p1|6\n|teamsize|p2|6\n|gen|9\n|tier|[Gen 9] VGC 2023 Regulation E\n|rated|\n|rule|Species Clause: Limit one of each Pok\u00e9mon\n|rule|Item Clause: Limit one of each item\n|clearpoke\n|poke|p1|Scizor, L50, M|\n|poke|p1|Ogerpon-Hearthflame, L50, F|\n|poke|p1|Landorus-Therian, L50, M|\n|poke|p1|Sinistcha, L50|\n|poke|p1|Sneasler, L50, F|\n|poke|p1|Empoleon, L50, M|\n|poke|p2|Urshifu-*, L50, M|\n|poke|p2|Iron Hands, L50|\n|poke|p2|Heatran, L50, M|\n|poke|p2|Flutter Mane, L50|\n|poke|p2|Tornadus, L50, M|\n|poke|p2|Amoonguss, L50, F|\n|teampreview|4\n|\n|t:|1700141501\n|start\n|switch|p1a: Ogerpon|Ogerpon-Hearthflame, L50, F|100\/100\n|switch|p1b: Sneasler|Sneasler, L50, F, shiny|100\/100\n|switch|p2a: Iron Hands|Iron Hands, L50|100\/100\n|switch|p2b: Tornadus|Tornadus, L50, M|100\/100\n|-ability|p1a: Ogerpon|Mold Breaker\n|turn|1\n|\n|t:|1700141522\n|move|p1b: Sneasler|Fake Out|p2a: Iron Hands\n|-enditem|p1b: Sneasler|Normal Gem|[from] gem\n|-damage|p2a: Iron Hands|87\/100\n|cant|p2a: Iron Hands|flinch\n|move|p2b: Tornadus|Tailwind|p2b: Tornadus\n|-sidestart|p2: BeckerVGC|move: Tailwind\n|move|p1a: Ogerpon|Taunt|p2b: Tornadus\n|-start|p2b: Tornadus|move: Taunt\n|\n|upkeep\n|turn|2\n|\n|t:|1700141540\n|move|p1a: Ogerpon|Spiky Shield|p1a: Ogerpon\n|-singleturn|p1a: Ogerpon|move: Protect\n|move|p1b: Sneasler|Acrobatics|p2a: Iron Hands\n|-damage|p2a: Iron Hands|59\/100\n|move|p2b: Tornadus|Bleakwind Storm|p1b: Sneasler|[spread] p1b\n|-activate|p1a: Ogerpon|move: Protect\n|-supereffective|p1b: Sneasler\n|-damage|p1b: Sneasler|16\/100\n|move|p2a: Iron Hands|Drain Punch|p1b: Sneasler\n|-resisted|p1b: Sneasler\n|-damage|p1b: Sneasler|0 fnt\n|-heal|p2a: Iron Hands|64\/100|[from] drain|[of] p1b: Sneasler\n|faint|p1b: Sneasler\n|\n|upkeep\n|\n|t:|1700141556\n|switch|p1b: Scizor|Scizor, L50, M|100\/100\n|turn|3\n|\n|t:|1700141572\n|-terastallize|p1a: Ogerpon|Fire\n|detailschange|p1a: Ogerpon|Ogerpon-Hearthflame-Tera, L50, F, tera:Fire\n|-ability|p1a: Ogerpon|Embody Aspect (Hearthflame)|boost\n|-boost|p1a: Ogerpon|atk|1\n|move|p2b: Tornadus|Bleakwind Storm|p1a: Ogerpon|[spread] \n|-miss|p2b: Tornadus|p1a: Ogerpon\n|-miss|p2b: Tornadus|p1b: Scizor\n|move|p1a: Ogerpon|Ivy Cudgel|p2b: Tornadus|[anim] Ivy Cudgel Fire\n|-damage|p2b: Tornadus|0 fnt\n|faint|p2b: Tornadus\n|move|p2a: Iron Hands|Drain Punch|p1b: Scizor\n|-damage|p1b: Scizor|58\/100\n|-heal|p2a: Iron Hands|80\/100|[from] drain|[of] p1b: Scizor\n|move|p1b: Scizor|Swords Dance|p1b: Scizor\n|-boost|p1b: Scizor|atk|2\n|\n|upkeep\n|\n|t:|1700141590\n|switch|p2b: Heatran|Heatran, L50, M|100\/100\n|turn|4\n|\n|t:|1700141635\n|move|p2b: Heatran|Earth Power|p1a: Ogerpon\n|-supereffective|p1a: Ogerpon\n|-damage|p1a: Ogerpon|0 fnt\n|faint|p1a: Ogerpon\n|-damage|p2b: Heatran|91\/100|[from] item: Life Orb\n|move|p2a: Iron Hands|Drain Punch|p1b: Scizor\n|-damage|p1b: Scizor|19\/100\n|-heal|p2a: Iron Hands|94\/100|[from] drain|[of] p1b: Scizor\n|move|p1b: Scizor|Dual Wingbeat|p2b: Heatran\n|-resisted|p2b: Heatran\n|-damage|p2b: Heatran|71\/100\n|-resisted|p2b: Heatran\n|-damage|p2b: Heatran|50\/100\n|-hitcount|p2b: Heatran|2\n|\n|-sideend|p2: BeckerVGC|move: Tailwind\n|upkeep\n|\n|t:|1700141649\n|switch|p1a: Sinistcha|Sinistcha, L50|100\/100\n|-heal|p1b: Scizor|43\/100|[from] ability: Hospitality|[of] p1a: Sinistcha\n|turn|5\n|\n|t:|1700141662\n|-terastallize|p2b: Heatran|Fairy\n|move|p2b: Heatran|Heat Wave|p1b: Scizor|[spread] p1a,p1b\n|-supereffective|p1a: Sinistcha\n|-supereffective|p1b: Scizor\n|-damage|p1a: Sinistcha|0 fnt\n|-damage|p1b: Scizor|0 fnt\n|faint|p1a: Sinistcha\n|faint|p1b: Scizor\n|-damage|p2b: Heatran|40\/100|[from] item: Life Orb\n|\n|win|BeckerVGC\n|raw|Pipo44's rating: 1162 &rarr; <strong>1141<\/strong><br \/>(-21 for losing)\n|raw|BeckerVGC's rating: 1213 &rarr; <strong>1234<\/strong><br \/>(+21 for winning)\n","uploadtime":1700141674,"views":18,"p1id":"pipo44","p2id":"beckervgc","formatid":"gen9vgc2023regulatione","rating":1141,"private":0,"password":""}