{"id":"gen9vgc2023regulatione-1990556500","p1":"charliereall","p2":"Dannyzzin","format":"[Gen 9] VGC 2023 Regulation E","log":"|j|\u2606charliereall\n|j|\u2606Dannyzzin\n|t:|1699981172\n|gametype|doubles\n|player|p1|charliereall|cynthia|1191\n|player|p2|Dannyzzin|169|1210\n|teamsize|p1|6\n|teamsize|p2|6\n|gen|9\n|tier|[Gen 9] VGC 2023 Regulation E\n|rated|\n|rule|Species Clause: Limit one of each Pok\u00e9mon\n|rule|Item Clause: Limit one of each item\n|clearpoke\n|poke|p1|Dragonite, L50, F|\n|poke|p1|Chien-Pao, L50|\n|poke|p1|Scizor, L50, M|\n|poke|p1|Talonflame, L50, F|\n|poke|p1|Thundurus, L50, M|\n|poke|p1|Urshifu-*, L50, M|\n|poke|p2|Urshifu-*, L50, F|\n|poke|p2|Flutter Mane, L50|\n|poke|p2|Cresselia, L50, F|\n|poke|p2|Iron Hands, L50|\n|poke|p2|Arcanine-Hisui, L50, F|\n|poke|p2|Gastrodon, L50, M|\n|teampreview|4\n|inactive|Battle timer is ON: inactive players will automatically lose when time's up. (requested by charliereall)\n|inactive|charliereall has 60 seconds left.\n|\n|t:|1699981216\n|start\n|switch|p1a: neo|Scizor, L50, M|100\/100\n|switch|p1b: bird|Talonflame, L50, F|100\/100\n|switch|p2a: Arcanine|Arcanine-Hisui, L50, F|100\/100\n|switch|p2b: Iron Hands|Iron Hands, L50|100\/100\n|-ability|p2a: Arcanine|Intimidate|boost\n|-unboost|p1a: neo|atk|1\n|-unboost|p1b: bird|atk|1\n|turn|1\n|inactive|Dannyzzin has 30 seconds left.\n|\n|t:|1699981242\n|switch|p1a: paul|Dragonite, L50, F|100\/100\n|move|p2b: Iron Hands|Fake Out|p1b: bird\n|-damage|p1b: bird|73\/100\n|cant|p1b: bird|flinch\n|move|p2a: Arcanine|Rock Slide|p1a: paul|[spread] p1b\n|-miss|p2a: Arcanine|p1a: paul\n|-supereffective|p1b: bird\n|-damage|p1b: bird|0 fnt\n|faint|p1b: bird\n|\n|upkeep\n|\n|t:|1699981249\n|switch|p1b: po|Urshifu-Rapid-Strike, L50, M|100\/100\n|turn|2\n|inactive|Dannyzzin has 30 seconds left.\n|\n|t:|1699981276\n|switch|p2a: Flutter Mane|Flutter Mane, L50|100\/100\n|-enditem|p2a: Flutter Mane|Booster Energy\n|-activate|p2a: Flutter Mane|ability: Protosynthesis|[fromitem]\n|-start|p2a: Flutter Mane|protosynthesisspa\n|move|p1b: po|Surging Strikes|p2a: Flutter Mane\n|-crit|p2a: Flutter Mane\n|-damage|p2a: Flutter Mane|50\/100\n|-crit|p2a: Flutter Mane\n|-damage|p2a: Flutter Mane|2\/100\n|-crit|p2a: Flutter Mane\n|-damage|p2a: Flutter Mane|0 fnt\n|faint|p2a: Flutter Mane\n|-end|p2a: Flutter Mane|Protosynthesis|[silent]\n|-hitcount|p2: Flutter Mane|3\n|move|p1a: paul|Stomping Tantrum|p2b: Iron Hands\n|-supereffective|p2b: Iron Hands\n|-damage|p2b: Iron Hands|35\/100\n|move|p2b: Iron Hands|Wild Charge|p1b: po\n|-supereffective|p1b: po\n|-damage|p1b: po|0 fnt\n|faint|p1b: po\n|-damage|p2b: Iron Hands|17\/100|[from] Recoil\n|\n|upkeep\n|\n|t:|1699981295\n|switch|p2a: Arcanine|Arcanine-Hisui, L50, F|100\/100\n|switch|p1b: neo|Scizor, L50, M|100\/100\n|-ability|p2a: Arcanine|Intimidate|boost\n|-unboost|p1a: paul|atk|1\n|-unboost|p1b: neo|atk|1\n|turn|3\n|\n|t:|1699981319\n|-end|p2b: Iron Hands|Quark Drive|[silent]\n|switch|p2b: Urshifu|Urshifu, L50, F|100\/100\n|-terastallize|p2a: Arcanine|Fairy\n|move|p1b: neo|Protect|p1b: neo\n|-singleturn|p1b: neo|Protect\n|move|p2a: Arcanine|Tera Blast|p1a: paul|[anim] Tera Blast Fairy\n|-supereffective|p1a: paul\n|-damage|p1a: paul|41\/100\n|move|p1a: paul|Stomping Tantrum|p2a: Arcanine\n|-damage|p2a: Arcanine|66\/100\n|\n|upkeep\n|turn|4\n|inactive|charliereall has 30 seconds left.\n|inactive|Dannyzzin has 30 seconds left.\n|inactive|charliereall has 20 seconds left.\n|\n|t:|1699981356\n|switch|p2a: Iron Hands|Iron Hands, L50|17\/100\n|-terastallize|p1b: neo|Steel\n|move|p2b: Urshifu|Sucker Punch|p1a: paul\n|-damage|p1a: paul|1\/100\n|move|p1b: neo|Bullet Punch|p2a: Iron Hands\n|-resisted|p2a: Iron Hands\n|-damage|p2a: Iron Hands|4\/100\n|-damage|p1b: neo|91\/100|[from] item: Life Orb\n|move|p1a: paul|Stomping Tantrum|p2b: Urshifu\n|-damage|p2b: Urshifu|71\/100\n|\n|upkeep\n|turn|5\n|-message|charliereall forfeited.\n|\n|win|Dannyzzin\n|raw|charliereall's rating: 1191 &rarr; <strong>1167<\/strong><br \/>(-24 for losing)\n|raw|Dannyzzin's rating: 1210 &rarr; <strong>1234<\/strong><br \/>(+24 for winning)\n|l|\u2606charliereall\n","uploadtime":1699981458,"views":12,"p1id":"charliereall","p2id":"dannyzzin","formatid":"gen9vgc2023regulatione","rating":1167,"private":0,"password":""}