{"id":"gen9vgc2023regulatione-1993505964","p1":"Conchoboar3","p2":"Gnate","format":"[Gen 9] VGC 2023 Regulation E","log":"|j|\u2606Conchoboar3\n|j|\u2606Gnate\n|t:|1700325886\n|gametype|doubles\n|player|p1|Conchoboar3|169|1304\n|player|p2|Gnate|265|1342\n|teamsize|p1|6\n|teamsize|p2|6\n|gen|9\n|tier|[Gen 9] VGC 2023 Regulation E\n|rated|\n|rule|Species Clause: Limit one of each Pok\u00e9mon\n|rule|Item Clause: Limit one of each item\n|clearpoke\n|poke|p1|Mamoswine, L50, M|\n|poke|p1|Iron Hands, L50|\n|poke|p1|Grimmsnarl, L50, M|\n|poke|p1|Flutter Mane, L50|\n|poke|p1|Sinistcha, L50|\n|poke|p1|Arcanine-Hisui, L50, M|\n|poke|p2|Salamence, L50, F|\n|poke|p2|Tornadus, L50, M|\n|poke|p2|Chi-Yu, L50|\n|poke|p2|Iron Hands, L50|\n|poke|p2|Urshifu-*, L50, M|\n|poke|p2|Sinistcha, L50|\n|teampreview|4\n|inactive|Battle timer is ON: inactive players will automatically lose when time's up. (requested by Gnate)\n|inactive|Gnate has 60 seconds left.\n|inactive|Conchoboar3 has 60 seconds left.\n|\n|t:|1700325927\n|start\n|switch|p1a: Grimmsnarl|Grimmsnarl, L50, M|100\/100\n|switch|p1b: Mamoswine|Mamoswine, L50, M|100\/100\n|switch|p2a: Tornadus|Tornadus, L50, M|100\/100\n|switch|p2b: Urshifu|Urshifu-Rapid-Strike, L50, M|100\/100\n|turn|1\n|inactive|Gnate has 30 seconds left.\n|inactive|Gnate has 20 seconds left.\n|inactive|Gnate has 15 seconds left.\n|\n|t:|1700325969\n|-terastallize|p2b: Urshifu|Water\n|-terastallize|p1b: Mamoswine|Dragon\n|move|p1a: Grimmsnarl|Light Screen|p1a: Grimmsnarl\n|-sidestart|p1: Conchoboar3|move: Light Screen\n|move|p2a: Tornadus|Bleakwind Storm|p1a: Grimmsnarl|[spread] p1b\n|-miss|p2a: Tornadus|p1a: Grimmsnarl\n|-damage|p1b: Mamoswine|73\/100\n|move|p2b: Urshifu|Surging Strikes|p1b: Mamoswine\n|-resisted|p1b: Mamoswine\n|-crit|p1b: Mamoswine\n|-damage|p1b: Mamoswine|55\/100\n|-resisted|p1b: Mamoswine\n|-crit|p1b: Mamoswine\n|-damage|p1b: Mamoswine|38\/100\n|-resisted|p1b: Mamoswine\n|-crit|p1b: Mamoswine\n|-damage|p1b: Mamoswine|20\/100\n|-hitcount|p1b: Mamoswine|3\n|move|p1b: Mamoswine|Icicle Crash|p2a: Tornadus\n|-supereffective|p2a: Tornadus\n|-damage|p2a: Tornadus|0 fnt\n|faint|p2a: Tornadus\n|\n|upkeep\n|\n|t:|1700325989\n|switch|p2a: Salamence|Salamence, L50, F|100\/100\n|-ability|p2a: Salamence|Intimidate|boost\n|-unboost|p1a: Grimmsnarl|atk|1\n|-fail|p1b: Mamoswine|unboost|Attack|[from] ability: Oblivious|[of] p1b: Mamoswine\n|turn|2\n|\n|t:|1700326003\n|move|p1b: Mamoswine|Ice Shard|p2a: Salamence\n|-supereffective|p2a: Salamence\n|-damage|p2a: Salamence|0 fnt\n|faint|p2a: Salamence\n|move|p2b: Urshifu|Surging Strikes|p1a: Grimmsnarl\n|-crit|p1a: Grimmsnarl\n|-damage|p1a: Grimmsnarl|74\/100\n|-crit|p1a: Grimmsnarl\n|-damage|p1a: Grimmsnarl|48\/100\n|-crit|p1a: Grimmsnarl\n|-damage|p1a: Grimmsnarl|23\/100\n|-hitcount|p1a: Grimmsnarl|3\n|move|p1a: Grimmsnarl|Spirit Break|p2b: Urshifu\n|-damage|p2b: Urshifu|78\/100\n|-unboost|p2b: Urshifu|spa|1\n|\n|upkeep\n|\n|t:|1700326006\n|switch|p2a: Iron Hands|Iron Hands, L50|100\/100\n|turn|3\n|\n|t:|1700326017\n|move|p2a: Iron Hands|Fake Out|p1a: Grimmsnarl\n|-damage|p1a: Grimmsnarl|10\/100\n|cant|p1a: Grimmsnarl|flinch\n|move|p2b: Urshifu|Surging Strikes|p1b: Mamoswine\n|-resisted|p1b: Mamoswine\n|-crit|p1b: Mamoswine\n|-damage|p1b: Mamoswine|4\/100\n|-resisted|p1b: Mamoswine\n|-crit|p1b: Mamoswine\n|-damage|p1b: Mamoswine|0 fnt\n|faint|p1b: Mamoswine\n|-hitcount|p1: Mamoswine|2\n|\n|upkeep\n|\n|t:|1700326023\n|switch|p1b: Sinistcha|Sinistcha, L50|100\/100\n|-heal|p1a: Grimmsnarl|35\/100|[from] ability: Hospitality|[of] p1b: Sinistcha\n|turn|4\n|\n|t:|1700326035\n|move|p1a: Grimmsnarl|Reflect|p1a: Grimmsnarl\n|-sidestart|p1: Conchoboar3|Reflect\n|move|p2b: Urshifu|Surging Strikes|p1b: Sinistcha\n|-resisted|p1b: Sinistcha\n|-crit|p1b: Sinistcha\n|-damage|p1b: Sinistcha|88\/100\n|-resisted|p1b: Sinistcha\n|-crit|p1b: Sinistcha\n|-damage|p1b: Sinistcha|75\/100\n|-resisted|p1b: Sinistcha\n|-crit|p1b: Sinistcha\n|-damage|p1b: Sinistcha|60\/100\n|-hitcount|p1b: Sinistcha|3\n|move|p1b: Sinistcha|Matcha Gotcha|p2a: Iron Hands|[spread] p2a\n|-miss|p1b: Sinistcha|p2b: Urshifu\n|-damage|p2a: Iron Hands|85\/100\n|-heal|p1b: Sinistcha|71\/100|[from] drain|[of] p2a: Iron Hands\n|move|p2a: Iron Hands|Heavy Slam|p1a: Grimmsnarl\n|-supereffective|p1a: Grimmsnarl\n|-damage|p1a: Grimmsnarl|0 fnt\n|faint|p1a: Grimmsnarl\n|\n|upkeep\n|\n|t:|1700326040\n|switch|p1a: Komanoto|Arcanine-Hisui, L50, M|100\/100\n|-ability|p1a: Komanoto|Intimidate|boost\n|-unboost|p2a: Iron Hands|atk|1\n|-unboost|p2b: Urshifu|atk|1\n|turn|5\n|\n|t:|1700326059\n|move|p1a: Komanoto|Extreme Speed|p2b: Urshifu\n|-damage|p2b: Urshifu|52\/100\n|move|p2b: Urshifu|Surging Strikes|p1a: Komanoto\n|-supereffective|p1a: Komanoto\n|-crit|p1a: Komanoto\n|-damage|p1a: Komanoto|0 fnt\n|faint|p1a: Komanoto\n|-hitcount|p1: Komanoto|1\n|move|p1b: Sinistcha|Matcha Gotcha|p2b: Urshifu|[spread] p2a\n|-miss|p1b: Sinistcha|p2b: Urshifu\n|-damage|p2a: Iron Hands|69\/100\n|-heal|p1b: Sinistcha|81\/100|[from] drain|[of] p2a: Iron Hands\n|-status|p2a: Iron Hands|brn\n|move|p2a: Iron Hands|Heavy Slam|p1b: Sinistcha\n|-damage|p1b: Sinistcha|72\/100\n|\n|-damage|p2a: Iron Hands|63\/100 brn|[from] brn\n|upkeep\n|turn|6\n|\n|t:|1700326080\n|move|p2b: Urshifu|Surging Strikes|p1b: Sinistcha\n|-resisted|p1b: Sinistcha\n|-crit|p1b: Sinistcha\n|-damage|p1b: Sinistcha|58\/100\n|-resisted|p1b: Sinistcha\n|-crit|p1b: Sinistcha\n|-damage|p1b: Sinistcha|43\/100\n|-resisted|p1b: Sinistcha\n|-crit|p1b: Sinistcha\n|-damage|p1b: Sinistcha|28\/100\n|-hitcount|p1b: Sinistcha|3\n|move|p1b: Sinistcha|Matcha Gotcha|p2b: Urshifu|[spread] p2a,p2b\n|-supereffective|p2b: Urshifu\n|-crit|p2b: Urshifu\n|-damage|p2a: Iron Hands|47\/100 brn\n|-heal|p1b: Sinistcha|38\/100|[from] drain|[of] p2a: Iron Hands\n|-damage|p2b: Urshifu|0 fnt\n|-heal|p1b: Sinistcha|64\/100|[from] drain|[of] p2b: Urshifu\n|faint|p2b: Urshifu\n|move|p2a: Iron Hands|Heavy Slam|p1b: Sinistcha\n|-damage|p1b: Sinistcha|56\/100\n|\n|-damage|p2a: Iron Hands|41\/100 brn|[from] brn\n|upkeep\n|turn|7\n|\n|t:|1700326097\n|move|p1b: Sinistcha|Shadow Ball|p2a: Iron Hands\n|-damage|p2a: Iron Hands|19\/100 brn\n|move|p2a: Iron Hands|Heavy Slam|p1b: Sinistcha\n|-damage|p1b: Sinistcha|47\/100\n|\n|-damage|p2a: Iron Hands|13\/100 brn|[from] brn\n|upkeep\n|turn|8\n|\n|t:|1700326101\n|move|p1b: Sinistcha|Shadow Ball|p2a: Iron Hands\n|-damage|p2a: Iron Hands|0 fnt\n|faint|p2a: Iron Hands\n|-end|p2a: Iron Hands|Quark Drive|[silent]\n|\n|win|Conchoboar3\n|raw|Conchoboar3's rating: 1304 &rarr; <strong>1326<\/strong><br \/>(+22 for winning)\n|raw|Gnate's rating: 1342 &rarr; <strong>1320<\/strong><br \/>(-22 for losing)\n|l|\u2606Gnate\n","uploadtime":1700326106,"views":9,"p1id":"conchoboar3","p2id":"gnate","formatid":"gen9vgc2023regulatione","rating":1320,"private":0,"password":""}