{"id":"gen9vgc2023regulatione-1994493526","p1":"Ralgus","p2":"testhan92","format":"[Gen 9] VGC 2023 Regulation E","log":"|j|\u2606Ralgus\n|j|\u2606testhan92\n|t:|1700450417\n|gametype|doubles\n|player|p1|Ralgus|101|1271\n|player|p2|testhan92|101|1320\n|teamsize|p1|6\n|teamsize|p2|6\n|gen|9\n|tier|[Gen 9] VGC 2023 Regulation E\n|rated|\n|rule|Species Clause: Limit one of each Pok\u00e9mon\n|rule|Item Clause: Limit one of each item\n|clearpoke\n|poke|p1|Arcanine-Hisui, L50, M|\n|poke|p1|Urshifu-*, L50, F|\n|poke|p1|Tornadus, L50, M|\n|poke|p1|Rillaboom, L50, F|\n|poke|p1|Gholdengo, L50|\n|poke|p1|Ogerpon-Wellspring, L50, F|\n|poke|p2|Urshifu-*, L50, M|\n|poke|p2|Gholdengo, L50|\n|poke|p2|Chien-Pao, L50|\n|poke|p2|Rillaboom, L50, F|\n|poke|p2|Pelipper, L50, M|\n|poke|p2|Iron Hands, L50|\n|teampreview|4\n|\n|t:|1700450472\n|start\n|switch|p1a: Urshifu|Urshifu, L50, F|100\/100\n|switch|p1b: Rillaboom|Rillaboom, L50, F|100\/100\n|switch|p2a: Urshifu|Urshifu-Rapid-Strike, L50, M|100\/100\n|switch|p2b: Rillaboom|Rillaboom, L50, F|100\/100\n|-fieldstart|move: Grassy Terrain|[from] ability: Grassy Surge|[of] p2b: Rillaboom\n|turn|1\n|c|\u2606Ralgus|lol\n|c|\u2606testhan92|haha\n|c|\u2606testhan92|nice\n|\n|t:|1700450511\n|move|p2b: Rillaboom|Fake Out|p1a: Urshifu\n|-damage|p1a: Urshifu|84\/100\n|move|p1b: Rillaboom|Fake Out|p2a: Urshifu\n|-damage|p2a: Urshifu|87\/100\n|cant|p1a: Urshifu|flinch\n|cant|p2a: Urshifu|flinch\n|\n|-heal|p1a: Urshifu|90\/100|[from] Grassy Terrain\n|-heal|p2a: Urshifu|93\/100|[from] Grassy Terrain\n|upkeep\n|turn|2\n|inactive|Battle timer is ON: inactive players will automatically lose when time's up. (requested by testhan92)\n|\n|t:|1700450565\n|switch|p1b: Tornadus|Tornadus, L50, M|100\/100\n|move|p2b: Rillaboom|Grassy Glide|p1a: Urshifu\n|-damage|p1a: Urshifu|43\/100\n|move|p1a: Urshifu|Close Combat|p2a: Urshifu\n|-damage|p2a: Urshifu|35\/100\n|-unboost|p1a: Urshifu|def|1\n|-unboost|p1a: Urshifu|spd|1\n|move|p2a: Urshifu|U-turn|p1b: Tornadus\n|-resisted|p1b: Tornadus\n|-damage|p1b: Tornadus|87\/100\n|c|\u2606Ralgus|so tanky\n|\n|t:|1700450580\n|switch|p2a: Pelipper|Pelipper, L50, M|100\/100|[from] U-turn\n|-weather|RainDance|[from] ability: Drizzle|[of] p2a: Pelipper\n|\n|-weather|RainDance|[upkeep]\n|-heal|p1a: Urshifu|49\/100|[from] Grassy Terrain\n|upkeep\n|turn|3\n|inactive|testhan92 has 30 seconds left.\n|\n|t:|1700450606\n|switch|p1a: Rillaboom|Rillaboom, L50, F|100\/100\n|move|p2a: Pelipper|Wide Guard|p2a: Pelipper\n|-singleturn|p2a: Pelipper|Wide Guard\n|move|p1b: Tornadus|Tailwind|p1b: Tornadus\n|-sidestart|p1: Ralgus|move: Tailwind\n|move|p2b: Rillaboom|Wood Hammer|p1a: Rillaboom\n|-resisted|p1a: Rillaboom\n|-damage|p1a: Rillaboom|48\/100\n|-damage|p2b: Rillaboom|83\/100|[from] Recoil\n|\n|-weather|RainDance|[upkeep]\n|-heal|p1a: Rillaboom|54\/100|[from] Grassy Terrain\n|-heal|p2b: Rillaboom|89\/100|[from] Grassy Terrain\n|upkeep\n|turn|4\n|inactive|Ralgus has 30 seconds left.\n|inactive|testhan92 has 30 seconds left.\n|inactive|Ralgus has 20 seconds left.\n|\n|t:|1700450644\n|-terastallize|p2b: Rillaboom|Grass\n|move|p1a: Rillaboom|Fake Out|p2b: Rillaboom\n|-damage|p2b: Rillaboom|73\/100\n|move|p2a: Pelipper|Wide Guard|p2a: Pelipper\n|-singleturn|p2a: Pelipper|Wide Guard\n|move|p1b: Tornadus|Bleakwind Storm|p2a: Pelipper|[spread] \n|-activate|p2a: Pelipper|move: Wide Guard\n|-activate|p2b: Rillaboom|move: Wide Guard\n|cant|p2b: Rillaboom|flinch\n|\n|-weather|RainDance|[upkeep]\n|-heal|p1a: Rillaboom|60\/100|[from] Grassy Terrain\n|-heal|p2b: Rillaboom|79\/100|[from] Grassy Terrain\n|upkeep\n|turn|5\n|\n|t:|1700450669\n|switch|p1b: Ogerpon|Ogerpon-Wellspring, L50, F|100\/100\n|move|p2a: Pelipper|Wide Guard|p2a: Pelipper\n|-singleturn|p2a: Pelipper|Wide Guard\n|move|p1a: Rillaboom|Wood Hammer|p2a: Pelipper\n|-damage|p2a: Pelipper|20\/100\n|-damage|p1a: Rillaboom|43\/100|[from] item: Rocky Helmet|[of] p2a: Pelipper\n|-damage|p1a: Rillaboom|23\/100|[from] Recoil\n|move|p2b: Rillaboom|Wood Hammer|p1a: Rillaboom\n|-resisted|p1a: Rillaboom\n|-damage|p1a: Rillaboom|0 fnt\n|faint|p1a: Rillaboom\n|-damage|p2b: Rillaboom|72\/100|[from] Recoil\n|\n|-weather|RainDance|[upkeep]\n|-heal|p2b: Rillaboom|77\/100|[from] Grassy Terrain\n|-fieldend|move: Grassy Terrain\n|upkeep\n|\n|t:|1700450675\n|switch|p1a: Tornadus|Tornadus, L50, M|87\/100\n|turn|6\n|inactive|testhan92 has 30 seconds left.\n|inactive|testhan92 has 20 seconds left.\n|inactive|testhan92 has 15 seconds left.\n|\n|t:|1700450719\n|switch|p2b: Urshifu|Urshifu-Rapid-Strike, L50, M|35\/100\n|move|p1b: Ogerpon|Horn Leech|p2a: Pelipper\n|-damage|p2a: Pelipper|0 fnt\n|-damage|p1b: Ogerpon|84\/100|[from] item: Rocky Helmet|[of] p2a: Pelipper\n|faint|p2a: Pelipper\n|move|p1a: Tornadus|Bleakwind Storm|p2b: Urshifu\n|-supereffective|p2b: Urshifu\n|-damage|p2b: Urshifu|0 fnt\n|faint|p2b: Urshifu\n|\n|-weather|none\n|-sideend|p1: Ralgus|move: Tailwind\n|upkeep\n|\n|t:|1700450730\n|switch|p2b: Rillaboom|Rillaboom, L50, F, tera:Grass|77\/100\n|switch|p2a: Chien-Pao|Chien-Pao, L50|100\/100\n|-ability|p2a: Chien-Pao|Sword of Ruin\n|-fieldstart|move: Grassy Terrain|[from] ability: Grassy Surge|[of] p2b: Rillaboom\n|turn|7\n|inactive|Ralgus has 30 seconds left.\n|\n|t:|1700450763\n|move|p1b: Ogerpon|Spiky Shield|p1b: Ogerpon\n|-singleturn|p1b: Ogerpon|move: Protect\n|move|p1a: Tornadus|Tailwind|p1a: Tornadus\n|-sidestart|p1: Ralgus|move: Tailwind\n|move|p2b: Rillaboom|Grassy Glide|p1b: Ogerpon\n|-activate|p1b: Ogerpon|move: Protect\n|-damage|p2b: Rillaboom|65\/100|[from] Spiky Shield|[of] p1b: Ogerpon\n|move|p2a: Chien-Pao|Icicle Crash|p1a: Tornadus|[miss]\n|-miss|p2a: Chien-Pao|p1a: Tornadus\n|\n|-heal|p1b: Ogerpon|90\/100|[from] Grassy Terrain\n|-heal|p2b: Rillaboom|71\/100|[from] Grassy Terrain\n|upkeep\n|turn|8\n|\n|t:|1700450781\n|move|p2a: Chien-Pao|Sucker Punch|p1a: Tornadus\n|-damage|p1a: Tornadus|22\/100\n|move|p2b: Rillaboom|Grassy Glide|p1a: Tornadus\n|-resisted|p1a: Tornadus\n|-damage|p1a: Tornadus|0 fnt\n|faint|p1a: Tornadus\n|move|p1b: Ogerpon|Horn Leech|p2a: Chien-Pao\n|-damage|p2a: Chien-Pao|23\/100\n|-heal|p1b: Ogerpon|100\/100|[from] drain|[of] p2a: Chien-Pao\n|\n|-heal|p2a: Chien-Pao|29\/100|[from] Grassy Terrain\n|-heal|p2b: Rillaboom|77\/100|[from] Grassy Terrain\n|upkeep\n|inactive|Ralgus has 30 seconds left.\n|inactive|Ralgus has 20 seconds left.\n|\n|t:|1700450817\n|switch|p1a: Urshifu|Urshifu, L50, F|49\/100\n|turn|9\n|inactive|Ralgus has 30 seconds left.\n|\n|t:|1700450843\n|-terastallize|p1a: Urshifu|Dark\n|move|p2a: Chien-Pao|Protect|p2a: Chien-Pao\n|-singleturn|p2a: Chien-Pao|Protect\n|move|p2b: Rillaboom|Grassy Glide|p1a: Urshifu\n|-damage|p1a: Urshifu|0 fnt\n|faint|p1a: Urshifu\n|move|p1b: Ogerpon|Horn Leech|p2a: Chien-Pao\n|-activate|p2a: Chien-Pao|move: Protect\n|\n|-heal|p2a: Chien-Pao|35\/100|[from] Grassy Terrain\n|-heal|p2b: Rillaboom|83\/100|[from] Grassy Terrain\n|upkeep\n|turn|10\n|\n|t:|1700450858\n|move|p2a: Chien-Pao|Sucker Punch|p1b: Ogerpon\n|-damage|p1b: Ogerpon|35\/100\n|move|p1b: Ogerpon|Horn Leech|p2a: Chien-Pao\n|-damage|p2a: Chien-Pao|0 fnt\n|-heal|p1b: Ogerpon|52\/100|[from] drain|[of] p2a: Chien-Pao\n|faint|p2a: Chien-Pao\n|move|p2b: Rillaboom|Wood Hammer|p1b: Ogerpon\n|-damage|p1b: Ogerpon|0 fnt\n|faint|p1b: Ogerpon\n|-damage|p2b: Rillaboom|70\/100|[from] Recoil\n|\n|win|testhan92\n|raw|Ralgus's rating: 1271 &rarr; <strong>1250<\/strong><br \/>(-21 for losing)\n|raw|testhan92's rating: 1320 &rarr; <strong>1337<\/strong><br \/>(+17 for winning)\n|l|\u2606Ralgus\n","uploadtime":1700450881,"views":8,"p1id":"ralgus","p2id":"testhan92","formatid":"gen9vgc2023regulatione","rating":1250,"private":0,"password":""}