{"id":"gen9vgc2023regulatione-1989751147","p1":"Ayresbrun","p2":"Doodledestroyer2","format":"[Gen 9] VGC 2023 Regulation E","log":"|j|\u2606Ayresbrun\n|j|\u2606Doodledestroyer2\n|t:|1699892639\n|gametype|doubles\n|player|p1|Ayresbrun|266|1130\n|player|p2|Doodledestroyer2|2|1133\n|teamsize|p1|6\n|teamsize|p2|6\n|gen|9\n|tier|[Gen 9] VGC 2023 Regulation E\n|rated|\n|rule|Species Clause: Limit one of each Pok\u00e9mon\n|rule|Item Clause: Limit one of each item\n|clearpoke\n|poke|p1|Flutter Mane, L50|\n|poke|p1|Tornadus, L50, M|\n|poke|p1|Heatran, L50, F|\n|poke|p1|Rillaboom, L50, M|\n|poke|p1|Arcanine, L50, F|\n|poke|p1|Hydreigon, L50, F|\n|poke|p2|Sinistcha-Masterpiece, L50|\n|poke|p2|Kommo-o, L50, M|\n|poke|p2|Mienshao, L50, M|\n|poke|p2|Okidogi, L50, M|\n|poke|p2|Annihilape, L50, M|\n|poke|p2|Shiftry, L50, F|\n|teampreview|4\nAyresbrun has agreed to open team sheets.\n|inactive|Battle timer is ON: inactive players will automatically lose when time's up. (requested by Ayresbrun)\n|inactive|Ayresbrun has 60 seconds left.\n|inactive|Doodledestroyer2 has 60 seconds left.\n|inactive|Ayresbrun has 30 seconds left.\n|\n|t:|1699892711\n|start\n|switch|p1a: Tornadus|Tornadus, L50, M|100\/100\n|switch|p1b: Heatran|Heatran, L50, F|100\/100\n|switch|p2a: Shiftry|Shiftry, L50, F|100\/100\n|switch|p2b: Okidogi|Okidogi, L50, M|100\/100\n|turn|1\n|\n|t:|1699892726\n|move|p2a: Shiftry|Fake Out|p1a: Tornadus\n|-damage|p1a: Tornadus|89\/100\n|move|p1a: Tornadus|Sunny Day|p1a: Tornadus\n|-weather|SunnyDay\n|move|p1b: Heatran|Heat Wave|p2a: Shiftry|[spread] p2b\n|-ability|p2a: Shiftry|Wind Rider|boost\n|-boost|p2a: Shiftry|atk|1\n|-damage|p2b: Okidogi|48\/100\n|-damage|p1b: Heatran|91\/100|[from] item: Life Orb\n|move|p2b: Okidogi|Gunk Shot|p1a: Tornadus\n|-damage|p1a: Tornadus|26\/100\n|\n|-weather|SunnyDay|[upkeep]\n|upkeep\n|turn|2\n|\n|t:|1699892747\n|move|p1a: Tornadus|Tailwind|p1a: Tornadus\n|-sidestart|p1: Ayresbrun|move: Tailwind\n|move|p1b: Heatran|Heat Wave|p2a: Shiftry|[spread] \n|-ability|p2a: Shiftry|Wind Rider|boost\n|-boost|p2a: Shiftry|atk|1\n|-miss|p1b: Heatran|p2b: Okidogi\n|move|p2a: Shiftry|Tailwind|p2a: Shiftry\n|-sidestart|p2: Doodledestroyer2|move: Tailwind\n|-ability|p2a: Shiftry|Wind Rider|boost\n|-boost|p2a: Shiftry|atk|1\n|move|p2b: Okidogi|High Horsepower|p1b: Heatran\n|-supereffective|p1b: Heatran\n|-damage|p1b: Heatran|0 fnt\n|faint|p1b: Heatran\n|\n|-weather|SunnyDay|[upkeep]\n|upkeep\n|\n|t:|1699892761\n|switch|p1b: Arcanine|Arcanine, L50, F|100\/100\n|-ability|p1b: Arcanine|Intimidate|boost\n|-unboost|p2a: Shiftry|atk|1\n|-unboost|p2b: Okidogi|atk|1\n|turn|3\n|inactive|Doodledestroyer2 has 30 seconds left.\n|\n|t:|1699892787\n|move|p2a: Shiftry|Knock Off|p1b: Arcanine\n|-damage|p1b: Arcanine|24\/100\n|-enditem|p1b: Arcanine|Sitrus Berry|[from] move: Knock Off|[of] p2a: Shiftry\n|move|p1a: Tornadus|Bleakwind Storm|p2a: Shiftry|[spread] p2b\n|-ability|p2a: Shiftry|Wind Rider|boost\n|-boost|p2a: Shiftry|atk|1\n|-supereffective|p2b: Okidogi\n|-damage|p2b: Okidogi|0 fnt\n|faint|p2b: Okidogi\n|move|p1b: Arcanine|Flare Blitz|p2a: Shiftry\n|-supereffective|p2a: Shiftry\n|-enditem|p2a: Shiftry|Focus Sash\n|-damage|p2a: Shiftry|1\/100\n|-damage|p1b: Arcanine|0 fnt|[from] Recoil\n|faint|p1b: Arcanine\n|\n|-weather|SunnyDay|[upkeep]\n|upkeep\n|\n|t:|1699892801\n|switch|p1b: Flutter Mane|Flutter Mane, L50|100\/100\n|switch|p2b: Sinistcha|Sinistcha-Masterpiece, L50|100\/100\n|-activate|p1b: Flutter Mane|ability: Protosynthesis\n|-start|p1b: Flutter Mane|protosynthesisspa\n|-heal|p2a: Shiftry|26\/100|[from] ability: Hospitality|[of] p2b: Sinistcha\n|turn|4\n|inactive|Doodledestroyer2 has 30 seconds left.\n|\n|t:|1699892832\n|-terastallize|p1b: Flutter Mane|Fairy\n|move|p2b: Sinistcha|Rage Powder|p2b: Sinistcha\n|-singleturn|p2b: Sinistcha|move: Rage Powder\n|move|p1b: Flutter Mane|Dazzling Gleam|p2b: Sinistcha|[spread] p2a,p2b\n|-supereffective|p2a: Shiftry\n|-damage|p2a: Shiftry|0 fnt\n|-damage|p2b: Sinistcha|17\/100\n|faint|p2a: Shiftry\n|move|p1a: Tornadus|Bleakwind Storm|p2b: Sinistcha\n|-supereffective|p2b: Sinistcha\n|-damage|p2b: Sinistcha|0 fnt\n|faint|p2b: Sinistcha\n|\n|-weather|SunnyDay|[upkeep]\n|upkeep\n|\n|t:|1699892835\n|switch|p2b: Annihilape|Annihilape, L50, M|100\/100\n|turn|5\n|\n|t:|1699892847\n|-terastallize|p2b: Annihilape|Fire\n|move|p1b: Flutter Mane|Dazzling Gleam|p2b: Annihilape\n|-resisted|p2b: Annihilape\n|-damage|p2b: Annihilape|58\/100\n|move|p1a: Tornadus|Bleakwind Storm|p2b: Annihilape\n|-damage|p2b: Annihilape|24\/100\n|move|p2b: Annihilape|Rage Fist|p1b: Flutter Mane\n|-damage|p1b: Flutter Mane|0 fnt\n|faint|p1b: Flutter Mane\n|-end|p1b: Flutter Mane|Protosynthesis|[silent]\n|\n|-weather|none\n|-heal|p2b: Annihilape|30\/100|[from] item: Leftovers\n|-sideend|p2: Doodledestroyer2|move: Tailwind\n|-sideend|p1: Ayresbrun|move: Tailwind\n|upkeep\n|turn|6\n|\n|t:|1699892865\n|move|p1a: Tornadus|Tailwind|p1a: Tornadus\n|-sidestart|p1: Ayresbrun|move: Tailwind\n|move|p2b: Annihilape|Rage Fist|p1a: Tornadus\n|-damage|p1a: Tornadus|0 fnt\n|faint|p1a: Tornadus\n|\n|win|Doodledestroyer2\n|raw|Ayresbrun's rating: 1130 &rarr; <strong>1105<\/strong><br \/>(-25 for losing)\n|raw|Doodledestroyer2's rating: 1133 &rarr; <strong>1158<\/strong><br \/>(+25 for winning)\n|l|\u2606Doodledestroyer2\n","uploadtime":1699892928,"views":10,"p1id":"ayresbrun","p2id":"doodledestroyer2","formatid":"gen9vgc2023regulatione","rating":1105,"private":0,"password":""}