{"id":"gen9vgc2023regulatione-1996605535","p1":"13dobe","p2":"py123456","format":"[Gen 9] VGC 2023 Regulation E","log":"|j|\u260613dobe\n|j|\u2606py123456\n|t:|1700699731\n|gametype|doubles\n|player|p1|13dobe|102|1228\n|player|p2|py123456|2|1181\n|teamsize|p1|6\n|teamsize|p2|6\n|gen|9\n|tier|[Gen 9] VGC 2023 Regulation E\n|rated|\n|rule|Species Clause: Limit one of each Pok\u00e9mon\n|rule|Item Clause: Limit one of each item\n|clearpoke\n|poke|p1|Torkoal, L50, M|\n|poke|p1|Flutter Mane, L50|\n|poke|p1|Oranguru, L50, M|\n|poke|p1|Ursaluna-Bloodmoon, L50, M|\n|poke|p1|Arcanine-Hisui, L50, M|\n|poke|p1|Lurantis, L50, F|\n|poke|p2|Flutter Mane, L50|\n|poke|p2|Ogerpon-Wellspring, L50, F|\n|poke|p2|Iron Hands, L50|\n|poke|p2|Sableye, L50, F|\n|poke|p2|Espathra, L50, M|\n|poke|p2|Chi-Yu, L50|\n|teampreview|4\n|inactive|Battle timer is ON: inactive players will automatically lose when time's up. (requested by py123456)\n|inactive|py123456 has 60 seconds left.\n|\n|t:|1700699772\n|start\n|switch|p1a: Flutter Mane|Flutter Mane, L50|100\/100\n|switch|p1b: Oranguru|Oranguru, L50, M|100\/100\n|switch|p2a: Sableye|Sableye, L50, F, shiny|100\/100\n|switch|p2b: Espathra|Espathra, L50, M|100\/100\n|-enditem|p1a: Flutter Mane|Booster Energy\n|-activate|p1a: Flutter Mane|ability: Protosynthesis|[fromitem]\n|-start|p1a: Flutter Mane|protosynthesisspe\n|turn|1\n|\n|t:|1700699796\n|move|p2b: Espathra|Protect|p2b: Espathra\n|-singleturn|p2b: Espathra|Protect\n|move|p2a: Sableye|Gravity|p2a: Sableye\n|-fieldstart|move: Gravity\n|move|p1a: Flutter Mane|Shadow Ball|p2b: Espathra\n|-activate|p2b: Espathra|move: Protect\n|move|p1b: Oranguru|Trick Room|p1b: Oranguru\n|-fieldstart|move: Trick Room|[of] p1b: Oranguru\n|\n|-ability|p2b: Espathra|Speed Boost|boost\n|-boost|p2b: Espathra|spe|1\n|upkeep\n|turn|2\n|j| nzthenoob\n|l| nzthenoob\n|\n|t:|1700699815\n|move|p1a: Flutter Mane|Protect|p1a: Flutter Mane\n|-singleturn|p1a: Flutter Mane|Protect\n|move|p2a: Sableye|Encore|p1b: Oranguru\n|-start|p1b: Oranguru|Encore\n|-enditem|p1b: Oranguru|Mental Herb\n|-end|p1b: Oranguru|Encore\n|move|p1b: Oranguru|Yawn|p2b: Espathra\n|-start|p2b: Espathra|move: Yawn|[of] p1b: Oranguru\n|move|p2b: Espathra|Hypnosis|p1a: Flutter Mane\n|-activate|p1a: Flutter Mane|move: Protect\n|\n|-ability|p2b: Espathra|Speed Boost|boost\n|-boost|p2b: Espathra|spe|1\n|upkeep\n|turn|3\n|inactive|13dobe has 30 seconds left.\n|inactive|py123456 has 30 seconds left.\n|\n|t:|1700699849\n|move|p2a: Sableye|Quash|p1a: Flutter Mane\n|-activate|p1a: Flutter Mane|move: Quash\n|move|p1b: Oranguru|Yawn|p2a: Sableye\n|-start|p2a: Sableye|move: Yawn|[of] p1b: Oranguru\n|move|p2b: Espathra|Hypnosis|p1a: Flutter Mane\n|-status|p1a: Flutter Mane|slp|[from] move: Hypnosis\n|cant|p1a: Flutter Mane|slp\n|\n|-end|p2b: Espathra|move: Yawn|[silent]\n|-status|p2b: Espathra|slp\n|-ability|p2b: Espathra|Speed Boost|boost\n|-boost|p2b: Espathra|spe|1\n|upkeep\n|turn|4\n|\n|t:|1700699870\n|switch|p2a: Flutter Mane|Flutter Mane, L50|100\/100\n|-enditem|p2a: Flutter Mane|Booster Energy\n|-activate|p2a: Flutter Mane|ability: Protosynthesis|[fromitem]\n|-start|p2a: Flutter Mane|protosynthesisspa\n|switch|p1b: Lurantis|Lurantis, L50, F|100\/100\n|-end|p1a: Flutter Mane|Protosynthesis|[silent]\n|switch|p1a: Torkoal|Torkoal, L50, M|100\/100\n|-weather|SunnyDay|[from] ability: Drought|[of] p1a: Torkoal\n|cant|p2b: Espathra|slp\n|\n|-weather|SunnyDay|[upkeep]\n|-ability|p2b: Espathra|Speed Boost|boost\n|-boost|p2b: Espathra|spe|1\n|upkeep\n|turn|5\n|inactive|py123456 has 30 seconds left.\n|inactive|py123456 has 20 seconds left.\n|\n|t:|1700699909\n|-end|p2a: Flutter Mane|Protosynthesis|[silent]\n|switch|p2a: Sableye|Sableye, L50, F, shiny|100\/100\n|-terastallize|p1a: Torkoal|Fire\n|move|p1a: Torkoal|Eruption|p2b: Espathra|[spread] p2a,p2b\n|-damage|p2a: Sableye|0 fnt\n|-damage|p2b: Espathra|0 fnt\n|faint|p2a: Sableye\n|faint|p2b: Espathra\n|move|p1b: Lurantis|Leaf Storm|p2: Sableye|[notarget]\n|-fail|p1b: Lurantis\n|\n|-weather|SunnyDay|[upkeep]\n|-fieldend|move: Trick Room\n|-fieldend|move: Gravity\n|upkeep\n|\n|t:|1700699917\n|switch|p2b: Iron Hands|Iron Hands, L50|100\/100\n|switch|p2a: Flutter Mane|Flutter Mane, L50|100\/100\n|-activate|p2a: Flutter Mane|ability: Protosynthesis\n|-start|p2a: Flutter Mane|protosynthesisspa\n|turn|6\n|c|\u260613dobe|Ok\n|\n|t:|1700699926\n|switch|p1b: Flutter Mane|Flutter Mane, L50|100\/100 slp\n|-activate|p1b: Flutter Mane|ability: Protosynthesis\n|-start|p1b: Flutter Mane|protosynthesisspe\n|switch|p1a: Oranguru|Oranguru, L50, M|100\/100\n|-terastallize|p2b: Iron Hands|Fire\n|move|p2a: Flutter Mane|Shadow Ball|p1a: Oranguru\n|-immune|p1a: Oranguru\n|move|p2b: Iron Hands|Belly Drum|p2b: Iron Hands\n|-damage|p2b: Iron Hands|50\/100\n|-setboost|p2b: Iron Hands|atk|6|[from] move: Belly Drum\n|-enditem|p2b: Iron Hands|Sitrus Berry|[eat]\n|-heal|p2b: Iron Hands|75\/100|[from] item: Sitrus Berry\n|\n|-weather|SunnyDay|[upkeep]\n|upkeep\n|turn|7\n|c|\u260613dobe|Closed sheets strikes again lol\n|inactive|py123456 has 30 seconds left.\n|\n|t:|1700699955\n|cant|p1b: Flutter Mane|slp\n|move|p2a: Flutter Mane|Shadow Ball|p1b: Flutter Mane\n|-supereffective|p1b: Flutter Mane\n|-damage|p1b: Flutter Mane|0 fnt\n|faint|p1b: Flutter Mane\n|-end|p1b: Flutter Mane|Protosynthesis|[silent]\n|move|p2b: Iron Hands|Thunder Punch|p1a: Oranguru\n|-damage|p1a: Oranguru|0 fnt\n|faint|p1a: Oranguru\n|\n|-weather|SunnyDay|[upkeep]\n|upkeep\n|\n|t:|1700699958\n|switch|p1b: Lurantis|Lurantis, L50, F|100\/100\n|switch|p1a: Torkoal|Torkoal, L50, M, tera:Fire|100\/100\n|turn|8\n|c|\u260613dobe|Lol closed sheet master over here\n|\n|t:|1700699983\n|move|p2a: Flutter Mane|Shadow Ball|p1a: Torkoal\n|-damage|p1a: Torkoal|32\/100\n|move|p2b: Iron Hands|Drain Punch|p1b: Lurantis\n|-damage|p1b: Lurantis|0 fnt\n|-heal|p2b: Iron Hands|100\/100|[from] drain|[of] p1b: Lurantis\n|faint|p1b: Lurantis\n|move|p1a: Torkoal|Earth Power|p2b: Iron Hands\n|-supereffective|p2b: Iron Hands\n|-damage|p2b: Iron Hands|59\/100\n|-unboost|p2b: Iron Hands|spd|1\n|\n|-weather|none\n|-end|p2a: Flutter Mane|Protosynthesis\n|upkeep\n|turn|9\n|-message|13dobe forfeited.\n|\n|win|py123456\n|raw|13dobe's rating: 1228 &rarr; <strong>1200<\/strong><br \/>(-28 for losing)\n|raw|py123456's rating: 1181 &rarr; <strong>1209<\/strong><br \/>(+28 for winning)\n|l|\u260613dobe\n","uploadtime":1700700000,"views":3,"p1id":"13dobe","p2id":"py123456","formatid":"gen9vgc2023regulatione","rating":1200,"private":0,"password":""}