{"id":"gen9vgc2023regulatione-1992508113","p1":"iStockphoto","p2":"raimond015","format":"[Gen 9] VGC 2023 Regulation E","log":"|j|\u2606iStockphoto\n|j|\u2606raimond015\n|t:|1700196790\n|gametype|doubles\n|player|p1|iStockphoto|2|1058\n|player|p2|raimond015|102|1133\n|teamsize|p1|6\n|teamsize|p2|6\n|gen|9\n|tier|[Gen 9] VGC 2023 Regulation E\n|rated|\n|rule|Species Clause: Limit one of each Pok\u00e9mon\n|rule|Item Clause: Limit one of each item\n|clearpoke\n|poke|p1|Fezandipiti, L50, M|\n|poke|p1|Iron Hands, L50|\n|poke|p1|Glimmora, L50, M|\n|poke|p1|Flutter Mane, L50|\n|poke|p1|Sinistcha, L50|\n|poke|p1|Gyarados, L50, M|\n|poke|p2|Urshifu-*, L50, F|\n|poke|p2|Gholdengo, L50|\n|poke|p2|Ursaluna-Bloodmoon, L50, M|\n|poke|p2|Amoonguss, L50, M|\n|poke|p2|Regieleki, L50|\n|poke|p2|Farigiraf, L50, M|\n|teampreview|4\niStockphoto has agreed to open team sheets.\nraimond015 rejected open team sheets.\n|\n|t:|1700196819\n|start\n|switch|p1a: Marco|Iron Hands, L50|100\/100\n|switch|p1b: Tobias|Fezandipiti, L50, M|100\/100\n|switch|p2a: Regieleki|Regieleki, L50, shiny|100\/100\n|switch|p2b: Urshifu|Urshifu-Rapid-Strike, L50, F|100\/100\n|turn|1\n|inactive|Battle timer is ON: inactive players will automatically lose when time's up. (requested by raimond015)\n|\n|t:|1700196843\n|move|p2a: Regieleki|Electroweb|p1a: Marco|[spread] p1a,p1b\n|-resisted|p1a: Marco\n|-crit|p1a: Marco\n|-damage|p1a: Marco|76\/100\n|-damage|p1b: Tobias|76\/100\n|-unboost|p1b: Tobias|spe|1\n|-damage|p2a: Regieleki|91\/100|[from] item: Life Orb\n|move|p1b: Tobias|Dazzling Gleam|p2a: Regieleki|[spread] p2a,p2b\n|-supereffective|p2b: Urshifu\n|-crit|p2b: Urshifu\n|-damage|p2a: Regieleki|52\/100\n|-damage|p2b: Urshifu|34\/100\n|-status|p2a: Regieleki|tox|[from] ability: Toxic Chain|[of] p1b: Tobias\n|move|p2b: Urshifu|Surging Strikes|p1b: Tobias\n|-crit|p1b: Tobias\n|-damage|p1b: Tobias|48\/100\n|-crit|p1b: Tobias\n|-damage|p1b: Tobias|20\/100\n|-crit|p1b: Tobias\n|-damage|p1b: Tobias|0 fnt\n|faint|p1b: Tobias\n|-hitcount|p1: Tobias|3\n|move|p1a: Marco|Volt Switch|p2b: Urshifu\n|-supereffective|p2b: Urshifu\n|-damage|p2b: Urshifu|6\/100\n|\n|t:|1700196865\n|-end|p1a: Marco|Quark Drive|[silent]\n|switch|p1a: Ax|Glimmora, L50, M|100\/100|[from] Volt Switch\n|\n|-damage|p2a: Regieleki|47\/100 tox|[from] psn\n|upkeep\n|\n|t:|1700196871\n|switch|p1b: Marco|Iron Hands, L50|76\/100\n|turn|2\n|\n|t:|1700196883\n|move|p1b: Marco|Fake Out|p2a: Regieleki\n|-damage|p2a: Regieleki|18\/100 tox\n|cant|p2a: Regieleki|flinch\n|move|p1a: Ax|Mortal Spin|p2b: Urshifu|[spread] p2a,p2b\n|-damage|p2a: Regieleki|10\/100 tox\n|-damage|p2b: Urshifu|0 fnt\n|faint|p2b: Urshifu\n|\n|-damage|p2a: Regieleki|0 fnt|[from] psn\n|faint|p2a: Regieleki\n|upkeep\n|\n|t:|1700196894\n|switch|p2a: Farigiraf|Farigiraf, L50, M|100\/100\n|switch|p2b: Amoonguss|Amoonguss, L50, M|100\/100\n|turn|3\n|\n|t:|1700196909\n|move|p1b: Marco|Protect|p1b: Marco\n|-singleturn|p1b: Marco|Protect\n|move|p1a: Ax|Mortal Spin|p2a: Farigiraf|[spread] p2a,p2b\n|-damage|p2a: Farigiraf|96\/100\n|-damage|p2b: Amoonguss|96\/100\n|-status|p2a: Farigiraf|psn\n|-status|p2b: Amoonguss|psn\n|move|p2b: Amoonguss|Spore|p1b: Marco\n|-activate|p1b: Marco|move: Protect\n|move|p2a: Farigiraf|Trick Room|p2a: Farigiraf\n|-fieldstart|move: Trick Room|[of] p2a: Farigiraf\n|\n|-heal|p2b: Amoonguss|100\/100 psn|[from] item: Leftovers\n|-damage|p2b: Amoonguss|88\/100 psn|[from] psn\n|-damage|p2a: Farigiraf|84\/100 psn|[from] psn\n|upkeep\n|turn|4\n|inactive|iStockphoto has 30 seconds left.\n|inactive|raimond015 has 30 seconds left.\n|\n|t:|1700196936\n|move|p2b: Amoonguss|Spore|p1a: Ax\n|-status|p1a: Ax|slp|[from] move: Spore\n|move|p1b: Marco|Drain Punch|p2a: Farigiraf\n|-damage|p2a: Farigiraf|40\/100 psn\n|-heal|p1b: Marco|98\/100|[from] drain|[of] p2a: Farigiraf\n|move|p2a: Farigiraf|Psychic|p1b: Marco\n|-supereffective|p1b: Marco\n|-damage|p1b: Marco|7\/100\n|cant|p1a: Ax|slp\n|\n|-heal|p2b: Amoonguss|94\/100 psn|[from] item: Leftovers\n|-damage|p2b: Amoonguss|82\/100 psn|[from] psn\n|-damage|p2a: Farigiraf|28\/100 psn|[from] psn\n|upkeep\n|turn|5\n|\n|t:|1700196961\n|move|p1b: Marco|Protect|p1b: Marco\n|-singleturn|p1b: Marco|Protect\n|move|p2b: Amoonguss|Pollen Puff|p2a: Farigiraf\n|-heal|p2a: Farigiraf|78\/100 psn\n|move|p2a: Farigiraf|Psychic|p1a: Ax\n|-supereffective|p1a: Ax\n|-enditem|p1a: Ax|Focus Sash\n|-damage|p1a: Ax|1\/100 slp\n|cant|p1a: Ax|slp\n|\n|-heal|p2b: Amoonguss|88\/100 psn|[from] item: Leftovers\n|-damage|p2b: Amoonguss|76\/100 psn|[from] psn\n|-damage|p2a: Farigiraf|65\/100 psn|[from] psn\n|upkeep\n|turn|6\n|inactive|raimond015 has 30 seconds left.\n|\n|t:|1700196990\n|move|p1b: Marco|Protect||[still]\n|-fail|p1b: Marco\n|move|p2b: Amoonguss|Pollen Puff|p1a: Ax\n|-resisted|p1a: Ax\n|-damage|p1a: Ax|0 fnt\n|faint|p1a: Ax\n|move|p2a: Farigiraf|Tera Blast|p1b: Marco\n|-damage|p1b: Marco|0 fnt\n|faint|p1b: Marco\n|-end|p1b: Marco|Quark Drive|[silent]\n|\n|-heal|p2b: Amoonguss|82\/100 psn|[from] item: Leftovers\n|-damage|p2b: Amoonguss|70\/100 psn|[from] psn\n|-damage|p2a: Farigiraf|53\/100 psn|[from] psn\n|upkeep\n|\n|t:|1700197005\n|switch|p1b: Rachel|Flutter Mane, L50|100\/100\n|-enditem|p1b: Rachel|Booster Energy\n|-activate|p1b: Rachel|ability: Protosynthesis|[fromitem]\n|-start|p1b: Rachel|protosynthesisspa\n|turn|7\n|\n|t:|1700197025\n|move|p1b: Rachel|Protect|p1b: Rachel\n|-singleturn|p1b: Rachel|Protect\n|move|p2b: Amoonguss|Spore|p1b: Rachel\n|-activate|p1b: Rachel|move: Protect\n|move|p2a: Farigiraf|Psychic|p1b: Rachel\n|-activate|p1b: Rachel|move: Protect\n|\n|-heal|p2b: Amoonguss|76\/100 psn|[from] item: Leftovers\n|-damage|p2b: Amoonguss|64\/100 psn|[from] psn\n|-damage|p2a: Farigiraf|41\/100 psn|[from] psn\n|-fieldend|move: Trick Room\n|upkeep\n|turn|8\n|\n|t:|1700197042\n|-terastallize|p1b: Rachel|Ghost\n|move|p1b: Rachel|Hex|p2b: Amoonguss\n|-damage|p2b: Amoonguss|0 fnt\n|faint|p2b: Amoonguss\n|move|p2a: Farigiraf|Trick Room|p2a: Farigiraf\n|-fieldstart|move: Trick Room|[of] p2a: Farigiraf\n|\n|-damage|p2a: Farigiraf|28\/100 psn|[from] psn\n|upkeep\n|turn|9\n|\n|t:|1700197055\n|move|p2a: Farigiraf|Nasty Plot|p2a: Farigiraf\n|-boost|p2a: Farigiraf|spa|2\n|move|p1b: Rachel|Moonblast|p2a: Farigiraf\n|-damage|p2a: Farigiraf|0 fnt\n|faint|p2a: Farigiraf\n|\n|win|iStockphoto\n|raw|iStockphoto's rating: 1058 &rarr; <strong>1096<\/strong><br \/>(+38 for winning)\n|raw|raimond015's rating: 1133 &rarr; <strong>1103<\/strong><br \/>(-30 for losing)\n|c|\u2606iStockphoto|gg\n|l|\u2606raimond015\n|l|\u2606iStockphoto\n|j|\u2606iStockphoto\n|player|p1|iStockphoto|2\n","uploadtime":1700197073,"views":10,"p1id":"istockphoto","p2id":"raimond015","formatid":"gen9vgc2023regulatione","rating":1096,"private":0,"password":""}