{"id":"gen9vgc2023regulatione-1988942253","p1":"elmassa45","p2":"GibusvisionF2P","format":"[Gen 9] VGC 2023 Regulation E","log":"|j|\u2606elmassa45\n|j|\u2606GibusvisionF2P\n|t:|1699791924\n|gametype|doubles\n|player|p1|elmassa45|169|1152\n|player|p2|GibusvisionF2P|2|1208\n|teamsize|p1|6\n|teamsize|p2|6\n|gen|9\n|tier|[Gen 9] VGC 2023 Regulation E\n|rated|\n|rule|Species Clause: Limit one of each Pok\u00e9mon\n|rule|Item Clause: Limit one of each item\n|clearpoke\n|poke|p1|Armarouge, L50, M|\n|poke|p1|Amoonguss, L50, F|\n|poke|p1|Indeedee-F, L50, F|\n|poke|p1|Urshifu-*, L50, M|\n|poke|p1|Ursaluna, L50, F|\n|poke|p1|Cresselia, L50, F|\n|poke|p2|Snorlax, L50, M|\n|poke|p2|Sinistcha, L50|\n|poke|p2|Landorus-Therian, L50, M|\n|poke|p2|Iron Hands, L50|\n|poke|p2|Clefairy, L50, M|\n|poke|p2|Kommo-o, L50, M|\n|teampreview|4\n|inactive|Battle timer is ON: inactive players will automatically lose when time's up. (requested by elmassa45)\n|\n|t:|1699791948\n|start\n|switch|p1a: Ursaluna|Ursaluna, L50, F|100\/100\n|switch|p1b: Armarouge|Armarouge, L50, M|100\/100\n|switch|p2a: William|Snorlax, L50, M|100\/100\n|switch|p2b: Mary Jane|Sinistcha, L50, shiny|100\/100\n|turn|1\n|inactive|elmassa45 has 30 seconds left.\n|inactive|elmassa45 has 20 seconds left.\n|\n|t:|1699791983\n|-terastallize|p2a: William|Water\n|move|p1b: Armarouge|Stored Power|p2a: William\n|-damage|p2a: William|93\/100\n|move|p1a: Ursaluna|Earthquake|p2b: Mary Jane|[spread] p1b,p2a,p2b\n|-supereffective|p1b: Armarouge\n|-resisted|p2b: Mary Jane\n|-damage|p1b: Armarouge|11\/100\n|-damage|p2a: William|62\/100\n|-damage|p2b: Mary Jane|82\/100\n|-ability|p1b: Armarouge|Weak Armor|boost\n|-unboost|p1b: Armarouge|def|1\n|-boost|p1b: Armarouge|spe|2\n|-enditem|p1b: Armarouge|Weakness Policy\n|-boost|p1b: Armarouge|atk|2|[from] item: Weakness Policy\n|-boost|p1b: Armarouge|spa|2|[from] item: Weakness Policy\n|move|p2a: William|Belly Drum|p2a: William\n|-damage|p2a: William|12\/100\n|-setboost|p2a: William|atk|6|[from] move: Belly Drum\n|-enditem|p2a: William|Sitrus Berry|[eat]\n|-heal|p2a: William|37\/100|[from] item: Sitrus Berry\n|move|p2b: Mary Jane|Trick Room|p2b: Mary Jane\n|-fieldstart|move: Trick Room|[of] p2b: Mary Jane\n|\n|-status|p1a: Ursaluna|brn|[from] item: Flame Orb\n|upkeep\n|turn|2\n|inactive|GibusvisionF2P has 30 seconds left.\n|\n|t:|1699792009\n|switch|p2b: Fruitcake|Clefairy, L50, M, shiny|100\/100\n|-terastallize|p1a: Ursaluna|Ghost\n|move|p2a: William|Protect|p2a: William\n|-singleturn|p2a: William|Protect\n|move|p1b: Armarouge|Endure|p1b: Armarouge\n|-singleturn|p1b: Armarouge|move: Endure\n|move|p1a: Ursaluna|Facade|p2a: William\n|-activate|p2a: William|move: Protect\n|\n|-damage|p1a: Ursaluna|95\/100 brn|[from] brn\n|upkeep\n|turn|3\n|inactive|GibusvisionF2P has 30 seconds left.\n|\n|t:|1699792041\n|switch|p1a: Indeedee|Indeedee-F, L50, F|100\/100\n|-fieldstart|move: Psychic Terrain|[from] ability: Psychic Surge|[of] p1a: Indeedee\n|move|p2a: William|High Horsepower|p1b: Armarouge\n|-supereffective|p1b: Armarouge\n|-damage|p1b: Armarouge|0 fnt\n|faint|p1b: Armarouge\n|move|p2b: Fruitcake|Heal Pulse|p2a: William\n|-heal|p2a: William|87\/100\n|\n|upkeep\n|\n|t:|1699792050\n|switch|p1b: Ursaluna|Ursaluna, L50, F, tera:Ghost|95\/100 brn\n|turn|4\n|\n|t:|1699792060\n|move|p2b: Fruitcake|Follow Me|p2b: Fruitcake\n|-singleturn|p2b: Fruitcake|move: Follow Me\n|move|p1a: Indeedee|Follow Me|p1a: Indeedee\n|-singleturn|p1a: Indeedee|move: Follow Me\n|move|p2a: William|High Horsepower|p1a: Indeedee\n|-damage|p1a: Indeedee|0 fnt\n|faint|p1a: Indeedee\n|move|p1b: Ursaluna|Facade|p2b: Fruitcake\n|-damage|p2b: Fruitcake|0 fnt\n|faint|p2b: Fruitcake\n|\n|-damage|p1b: Ursaluna|89\/100 brn|[from] brn\n|upkeep\n|\n|t:|1699792070\n|switch|p2b: Mary Jane|Sinistcha, L50, shiny|82\/100\n|switch|p1a: Urshifu|Urshifu-Rapid-Strike, L50, M|100\/100\n|-heal|p2a: William|100\/100|[from] ability: Hospitality|[of] p2b: Mary Jane\n|turn|5\n|\n|t:|1699792091\n|move|p2b: Mary Jane|Rage Powder|p2b: Mary Jane\n|-singleturn|p2b: Mary Jane|move: Rage Powder\n|move|p2a: William|Facade|p1a: Urshifu\n|-damage|p1a: Urshifu|0 fnt\n|faint|p1a: Urshifu\n|move|p1b: Ursaluna|Facade|p2b: Mary Jane\n|-immune|p2b: Mary Jane\n|\n|-damage|p1b: Ursaluna|83\/100 brn|[from] brn\n|-fieldend|move: Trick Room\n|upkeep\n|turn|6\n|\n|t:|1699792106\n|move|p2b: Mary Jane|Strength Sap|p1b: Ursaluna\n|-unboost|p1b: Ursaluna|atk|1\n|-heal|p2b: Mary Jane|100\/100\n|move|p1b: Ursaluna|Facade|p2a: William\n|-damage|p2a: William|41\/100\n|move|p2a: William|High Horsepower|p1b: Ursaluna\n|-crit|p1b: Ursaluna\n|-damage|p1b: Ursaluna|0 fnt\n|faint|p1b: Ursaluna\n|\n|win|GibusvisionF2P\n|raw|elmassa45's rating: 1152 &rarr; <strong>1131<\/strong><br \/>(-21 for losing)\n|raw|GibusvisionF2P's rating: 1208 &rarr; <strong>1229<\/strong><br \/>(+21 for winning)\n|l|\u2606elmassa45\n","uploadtime":1699792132,"views":66,"p1id":"elmassa45","p2id":"gibusvisionf2p","formatid":"gen9vgc2023regulatione","rating":1131,"private":0,"password":""}