{"id":"gen9vgc2023regulatione-2000275352","p1":"MrEggPie","p2":"zhz2021","format":"[Gen 9] VGC 2023 Regulation E","log":"|j|\u2606MrEggPie\n|j|\u2606zhz2021\n|t:|1701180320\n|gametype|doubles\n|player|p1|MrEggPie|101|1399\n|player|p2|zhz2021|marley|1491\n|teamsize|p1|6\n|teamsize|p2|6\n|gen|9\n|tier|[Gen 9] VGC 2023 Regulation E\n|rated|\n|rule|Species Clause: Limit one of each Pok\u00e9mon\n|rule|Item Clause: Limit one of each item\n|clearpoke\n|poke|p1|Arcanine-Hisui, L50, M|\n|poke|p1|Gholdengo, L50|\n|poke|p1|Tornadus, L50, M|\n|poke|p1|Ogerpon-Wellspring, L50, F|\n|poke|p1|Iron Hands, L50|\n|poke|p1|Chi-Yu, L50|\n|poke|p2|Weezing-Galar, L50, M|\n|poke|p2|Flutter Mane, L50|\n|poke|p2|Roaring Moon, L50|\n|poke|p2|Iron Hands, L50|\n|poke|p2|Brambleghast, L50, F|\n|poke|p2|Dragonite, L50, M|\n|teampreview|4\nMrEggPie has agreed to open team sheets.\n|inactive|Battle timer is ON: inactive players will automatically lose when time's up. (requested by MrEggPie)\n|inactive|MrEggPie has 60 seconds left.\n|inactive|zhz2021 has 60 seconds left.\n|\n|t:|1701180365\n|start\n|switch|p1a: Iron Hands|Iron Hands, L50|100\/100\n|switch|p1b: Gholdengo|Gholdengo, L50|100\/100\n|switch|p2a: Silent Sun|Roaring Moon, L50|100\/100\n|switch|p2b: Gladsraeli|Weezing-Galar, L50, M|100\/100\n|-ability|p2b: Gladsraeli|Neutralizing Gas\n|-enditem|p2a: Silent Sun|Booster Energy\n|-activate|p2a: Silent Sun|ability: Protosynthesis|[fromitem]\n|-start|p2a: Silent Sun|protosynthesisspe\n|turn|1\n|\n|t:|1701180386\n|-terastallize|p2a: Silent Sun|Ghost\n|-terastallize|p1b: Gholdengo|Steel\n|move|p2a: Silent Sun|Knock Off|p1b: Gholdengo\n|-damage|p1b: Gholdengo|54\/100\n|-enditem|p1b: Gholdengo|Choice Specs|[from] move: Knock Off|[of] p2a: Silent Sun\n|move|p2b: Gladsraeli|Will-O-Wisp|p1a: Iron Hands|[miss]\n|-miss|p2b: Gladsraeli|p1a: Iron Hands\n|move|p1b: Gholdengo|Make It Rain|p2a: Silent Sun|[spread] p2a,p2b\n|-supereffective|p2b: Gladsraeli\n|-damage|p2a: Silent Sun|39\/100\n|-damage|p2b: Gladsraeli|0 fnt\n|-unboost|p1b: Gholdengo|spa|1\n|faint|p2b: Gladsraeli\n|-end|p2b: Gladsraeli|ability: Neutralizing Gas\n|move|p1a: Iron Hands|Drain Punch|p2a: Silent Sun\n|-immune|p2a: Silent Sun\n|\n|upkeep\n|\n|t:|1701180404\n|switch|p2b: Wind Knight|Brambleghast, L50, F|100\/100\n|turn|2\n|\n|t:|1701180423\n|-end|p1a: Iron Hands|Quark Drive|[silent]\n|switch|p1a: Arcanine|Arcanine-Hisui, L50, M|100\/100\n|-ability|p1a: Arcanine|Intimidate|boost\n|-unboost|p2a: Silent Sun|atk|1\n|-unboost|p2b: Wind Knight|atk|1\n|move|p2a: Silent Sun|Stomping Tantrum|p1b: Gholdengo\n|-supereffective|p1b: Gholdengo\n|-damage|p1b: Gholdengo|21\/100\n|move|p2b: Wind Knight|Poltergeist|p1a: Arcanine\n|-activate|p1a: Arcanine|move: Poltergeist|Choice Band\n|-damage|p1a: Arcanine|36\/100\n|-damage|p2b: Wind Knight|91\/100|[from] item: Life Orb\n|move|p1b: Gholdengo|Shadow Ball|p2a: Silent Sun\n|-supereffective|p2a: Silent Sun\n|-damage|p2a: Silent Sun|0 fnt\n|faint|p2a: Silent Sun\n|-end|p2a: Silent Sun|Protosynthesis|[silent]\n|\n|upkeep\n|\n|t:|1701180436\n|switch|p2a: \u30e1\u30b9\u30ac\u30ad|Flutter Mane, L50|100\/100\n|turn|3\n|\n|t:|1701180453\n|switch|p1b: Ogerpon|Ogerpon-Wellspring, L50, F|100\/100\n|move|p2b: Wind Knight|Shadow Sneak|p1a: Arcanine\n|-damage|p1a: Arcanine|13\/100\n|-damage|p2b: Wind Knight|81\/100|[from] item: Life Orb\n|move|p2a: \u30e1\u30b9\u30ac\u30ad|Dazzling Gleam|p1a: Arcanine|[spread] p1a,p1b\n|-resisted|p1a: Arcanine\n|-damage|p1a: Arcanine|0 fnt\n|-damage|p1b: Ogerpon|59\/100\n|faint|p1a: Arcanine\n|\n|upkeep\n|\n|t:|1701180466\n|switch|p1a: Iron Hands|Iron Hands, L50|100\/100\n|turn|4\n|inactive|zhz2021 has 30 seconds left.\n|inactive|zhz2021 has 20 seconds left.\n|\n|t:|1701180501\n|move|p1b: Ogerpon|Spiky Shield|p1b: Ogerpon\n|-singleturn|p1b: Ogerpon|move: Protect\n|move|p2a: \u30e1\u30b9\u30ac\u30ad|Dazzling Gleam|p1a: Iron Hands|[spread] p1a\n|-activate|p1b: Ogerpon|move: Protect\n|-supereffective|p1a: Iron Hands\n|-damage|p1a: Iron Hands|55\/100\n|move|p2b: Wind Knight|Power Whip|p1a: Iron Hands\n|-damage|p1a: Iron Hands|16\/100\n|-damage|p2b: Wind Knight|71\/100|[from] item: Life Orb\n|move|p1a: Iron Hands|Heavy Slam|p2a: \u30e1\u30b9\u30ac\u30ad\n|-supereffective|p2a: \u30e1\u30b9\u30ac\u30ad\n|-damage|p2a: \u30e1\u30b9\u30ac\u30ad|0 fnt\n|faint|p2a: \u30e1\u30b9\u30ac\u30ad\n|-end|p2a: \u30e1\u30b9\u30ac\u30ad|Protosynthesis|[silent]\n|\n|upkeep\n|turn|5\n|-message|zhz2021 forfeited.\n|\n|win|MrEggPie\n|raw|MrEggPie's rating: 1399 &rarr; <strong>1425<\/strong><br \/>(+26 for winning)\n|raw|zhz2021's rating: 1514 &rarr; <strong>1488<\/strong><br \/>(-26 for losing)\n|l|\u2606zhz2021\n","uploadtime":1701180523,"views":2,"p1id":"mreggpie","p2id":"zhz2021","formatid":"gen9vgc2023regulatione","rating":1425,"private":0,"password":""}