{"id":"gen9vgc2023regulatione-2000607500","p1":"DeformedWater","p2":"qz231128","format":"[Gen 9] VGC 2023 Regulation E","log":"|j|\u2606DeformedWater\n|j|\u2606qz231128\n|t:|1701209982\n|gametype|doubles\n|player|p1|DeformedWater|rosa|1146\n|player|p2|qz231128|266|1189\n|teamsize|p1|6\n|teamsize|p2|6\n|gen|9\n|tier|[Gen 9] VGC 2023 Regulation E\n|rated|\n|rule|Species Clause: Limit one of each Pok\u00e9mon\n|rule|Item Clause: Limit one of each item\n|clearpoke\n|poke|p1|Ogerpon-Hearthflame, L50, F|\n|poke|p1|Iron Bundle, L50|\n|poke|p1|Iron Hands, L50|\n|poke|p1|Dragonite, L50, M|\n|poke|p1|Goodra-Hisui, L50, F|\n|poke|p1|Grimmsnarl, L50, M|\n|poke|p2|Tornadus, L50, M|\n|poke|p2|Volcarona, L50, M|\n|poke|p2|Basculegion, L50, M|\n|poke|p2|Ludicolo, L50, M|\n|poke|p2|Scizor, L50, M|\n|poke|p2|Flutter Mane, L50|\n|teampreview|4\nqz231128 has agreed to open team sheets.\n|\n|t:|1701210037\n|start\n|switch|p1a: Rage|Ogerpon-Hearthflame, L50, F|100\/100\n|switch|p1b: Frank|Iron Hands, L50|100\/100\n|switch|p2a: Tornadus|Tornadus, L50, M|100\/100\n|switch|p2b: Basculegion|Basculegion, L50, M|100\/100\n|-ability|p1a: Rage|Mold Breaker\n|turn|1\n|\n|t:|1701210044\n|move|p2a: Tornadus|Rain Dance|p2a: Tornadus\n|-weather|RainDance\n|move|p2b: Basculegion|Wave Crash|p1a: Rage\n|-damage|p1a: Rage|0 fnt\n|faint|p1a: Rage\n|-damage|p2b: Basculegion|74\/100|[from] Recoil\n|move|p1b: Frank|Wild Charge|p2b: Basculegion\n|-supereffective|p2b: Basculegion\n|-damage|p2b: Basculegion|0 fnt\n|faint|p2b: Basculegion\n|-damage|p1b: Frank|87\/100|[from] Recoil\n|\n|-weather|RainDance|[upkeep]\n|upkeep\n|\n|t:|1701210059\n|switch|p1a: Cuddly|Dragonite, L50, M|100\/100\n|switch|p2b: Flutter Mane|Flutter Mane, L50|100\/100\n|turn|2\n|\n|t:|1701210066\n|move|p2b: Flutter Mane|Dazzling Gleam|p1b: Frank|[spread] p1a,p1b\n|-supereffective|p1a: Cuddly\n|-supereffective|p1b: Frank\n|-damage|p1a: Cuddly|50\/100\n|-damage|p1b: Frank|0 fnt\n|faint|p1b: Frank\n|-end|p1b: Frank|Quark Drive|[silent]\n|move|p2a: Tornadus|Bleakwind Storm|p1a: Cuddly\n|-damage|p1a: Cuddly|3\/100\n|-unboost|p1a: Cuddly|spe|1\n|move|p1a: Cuddly|Dragon Dance|p1a: Cuddly\n|-boost|p1a: Cuddly|atk|1\n|-boost|p1a: Cuddly|spe|1\n|\n|-weather|RainDance|[upkeep]\n|-heal|p1a: Cuddly|9\/100|[from] item: Leftovers\n|upkeep\n|\n|t:|1701210074\n|switch|p1b: SauceLover|Goodra-Hisui, L50, F, shiny|100\/100\n|turn|3\n|c|\u2606DeformedWater|Scary\n|\n|t:|1701210090\n|-terastallize|p2b: Flutter Mane|Fairy\n|-terastallize|p1a: Cuddly|Normal\n|move|p1a: Cuddly|Extreme Speed|p2a: Tornadus\n|-damage|p2a: Tornadus|17\/100\n|move|p2b: Flutter Mane|Dazzling Gleam|p1a: Cuddly|[spread] p1a,p1b\n|-damage|p1a: Cuddly|0 fnt\n|-damage|p1b: SauceLover|66\/100\n|faint|p1a: Cuddly\n|move|p2a: Tornadus|Bleakwind Storm|p1b: SauceLover\n|-resisted|p1b: SauceLover\n|-damage|p1b: SauceLover|55\/100\n|move|p1b: SauceLover|Flash Cannon|p2b: Flutter Mane\n|-supereffective|p2b: Flutter Mane\n|-damage|p2b: Flutter Mane|9\/100\n|\n|-weather|RainDance|[upkeep]\n|upkeep\n|turn|4\n|\n|t:|1701210109\n|move|p2b: Flutter Mane|Dazzling Gleam|p1b: SauceLover\n|-damage|p1b: SauceLover|13\/100\n|move|p2a: Tornadus|Bleakwind Storm|p1b: SauceLover\n|-resisted|p1b: SauceLover\n|-damage|p1b: SauceLover|2\/100\n|move|p1b: SauceLover|Flash Cannon|p2b: Flutter Mane\n|-supereffective|p2b: Flutter Mane\n|-damage|p2b: Flutter Mane|0 fnt\n|faint|p2b: Flutter Mane\n|-end|p2b: Flutter Mane|Protosynthesis|[silent]\n|\n|-weather|RainDance|[upkeep]\n|upkeep\n|\n|t:|1701210111\n|switch|p2b: Volcarona|Volcarona, L50, M|100\/100\n|turn|5\n|\n|t:|1701210119\n|move|p2a: Tornadus|Bleakwind Storm|p1b: SauceLover\n|-resisted|p1b: SauceLover\n|-damage|p1b: SauceLover|0 fnt\n|faint|p1b: SauceLover\n|\n|win|qz231128\n|raw|DeformedWater's rating: 1146 &rarr; <strong>1124<\/strong><br \/>(-22 for losing)\n|raw|qz231128's rating: 1189 &rarr; <strong>1211<\/strong><br \/>(+22 for winning)\n|c|\u2606DeformedWater|Gg\n","uploadtime":1701210124,"views":5,"p1id":"deformedwater","p2id":"qz231128","formatid":"gen9vgc2023regulatione","rating":1124,"private":0,"password":""}