{"id":"gen9vgc2023regulatione-2000463364","p1":"miencraftLord77","p2":"Shrimpmane420","format":"[Gen 9] VGC 2023 Regulation E","log":"|j|\u2606miencraftLord77\n|j|\u2606Shrimpmane420\n|t:|1701196932\n|gametype|doubles\n|player|p1|miencraftLord77|lucas|1140\n|player|p2|Shrimpmane420|170|1229\n|teamsize|p1|6\n|teamsize|p2|6\n|gen|9\n|tier|[Gen 9] VGC 2023 Regulation E\n|rated|\n|rule|Species Clause: Limit one of each Pok\u00e9mon\n|rule|Item Clause: Limit one of each item\n|clearpoke\n|poke|p1|Cetitan, L50, M|\n|poke|p1|Abomasnow, L50, F|\n|poke|p1|Amoonguss, L50, M|\n|poke|p1|Baxcalibur, L50, M|\n|poke|p1|Indeedee-F, L50, F|\n|poke|p1|Clefairy, L50, F|\n|poke|p2|Articuno-Galar, L50|\n|poke|p2|Baxcalibur, L50, M|\n|poke|p2|Regieleki, L50|\n|poke|p2|Infernape, L50, M|\n|poke|p2|Torterra, L50, F|\n|poke|p2|Gyarados, L50, M|\n|teampreview|4\n|inactive|Battle timer is ON: inactive players will automatically lose when time's up. (requested by miencraftLord77)\n|c|\u2606miencraftLord77|ooh\n|c|\u2606miencraftLord77|glhf\n|inactive|Shrimpmane420 has 60 seconds left.\n|\n|t:|1701196967\n|start\n|switch|p1a: Cetitan|Cetitan, L50, M|100\/100\n|switch|p1b: Clefairy|Clefairy, L50, F|100\/100\n|switch|p2a: Torterra|Torterra, L50, F|100\/100\n|switch|p2b: Gyarados|Gyarados, L50, M|100\/100\n|-ability|p2b: Gyarados|Intimidate|boost\n|-unboost|p1a: Cetitan|atk|1\n|-unboost|p1b: Clefairy|atk|1\n|turn|1\n|\n|t:|1701196986\n|move|p1b: Clefairy|Follow Me|p1b: Clefairy\n|-singleturn|p1b: Clefairy|move: Follow Me\n|move|p2b: Gyarados|Taunt|p1b: Clefairy\n|-start|p1b: Clefairy|move: Taunt\n|move|p1a: Cetitan|Belly Drum|p1a: Cetitan\n|-damage|p1a: Cetitan|50\/100\n|-setboost|p1a: Cetitan|atk|6|[from] move: Belly Drum\n|-enditem|p1a: Cetitan|Sitrus Berry|[eat]\n|-heal|p1a: Cetitan|75\/100|[from] item: Sitrus Berry\n|move|p2a: Torterra|Shell Smash|p2a: Torterra\n|-unboost|p2a: Torterra|def|1\n|-unboost|p2a: Torterra|spd|1\n|-boost|p2a: Torterra|atk|2\n|-boost|p2a: Torterra|spa|2\n|-boost|p2a: Torterra|spe|2\n|-enditem|p2a: Torterra|White Herb\n|-clearnegativeboost|p2a: Torterra|[silent]\n|\n|upkeep\n|turn|2\n|inactive|miencraftLord77 has 30 seconds left.\n|inactive|Shrimpmane420 has 30 seconds left.\n|\n|t:|1701197020\n|switch|p1b: Abomasnow|Abomasnow, L50, F|100\/100\n|-weather|Snow|[from] ability: Snow Warning|[of] p1b: Abomasnow\n|-terastallize|p2a: Torterra|Steel\n|move|p1a: Cetitan|Protect|p1a: Cetitan\n|-singleturn|p1a: Cetitan|Protect\n|move|p2a: Torterra|Earthquake|p1a: Cetitan|[spread] p1b\n|-activate|p1a: Cetitan|move: Protect\n|-immune|p2b: Gyarados\n|-resisted|p1b: Abomasnow\n|-damage|p1b: Abomasnow|75\/100\n|move|p2b: Gyarados|Waterfall|p1a: Cetitan\n|-activate|p1a: Cetitan|move: Protect\n|\n|-weather|Snow|[upkeep]\n|upkeep\n|turn|3\n|inactive|miencraftLord77 has 30 seconds left.\n|inactive|Shrimpmane420 has 30 seconds left.\n|inactive|miencraftLord77 has 20 seconds left.\n|inactive|miencraftLord77 has 15 seconds left.\n|inactive|miencraftLord77 has 10 seconds left.\n|inactive|miencraftLord77 has 5 seconds left.\n|\n|t:|1701197075\n|move|p1a: Cetitan|Ice Shard|p2a: Torterra\n|-resisted|p2a: Torterra\n|-damage|p2a: Torterra|63\/100\n|move|p2a: Torterra|Rock Slide|p1b: Abomasnow|[spread] p1a,p1b\n|-supereffective|p1a: Cetitan\n|-supereffective|p1b: Abomasnow\n|-damage|p1a: Cetitan|22\/100\n|-damage|p1b: Abomasnow|29\/100\n|move|p2b: Gyarados|Taunt|p1b: Abomasnow\n|-start|p1b: Abomasnow|move: Taunt\n|cant|p1b: Abomasnow|move: Taunt|Aurora Veil\n|\n|-weather|Snow|[upkeep]\n|upkeep\n|turn|4\n|c|\u2606miencraftLord77|i meant to click earthquale\n|c|\u2606miencraftLord77|ggs\n|\n|t:|1701197092\n|move|p1a: Cetitan|Earthquake|p2b: Gyarados|[spread] p1b,p2a\n|-immune|p2b: Gyarados\n|-resisted|p1b: Abomasnow\n|-supereffective|p2a: Torterra\n|-damage|p1b: Abomasnow|2\/100\n|-damage|p2a: Torterra|0 fnt\n|faint|p2a: Torterra\n|move|p2b: Gyarados|Waterfall|p1a: Cetitan\n|-damage|p1a: Cetitan|0 fnt\n|faint|p1a: Cetitan\n|move|p1b: Abomasnow|Icy Wind|p2b: Gyarados\n|-damage|p2b: Gyarados|82\/100\n|-unboost|p2b: Gyarados|spe|1\n|\n|-weather|Snow|[upkeep]\n|upkeep\n|c|\u2606miencraftLord77|unless?\n|\n|t:|1701197110\n|switch|p1a: Baxcalibur|Baxcalibur, L50, M|100\/100\n|switch|p2a: Infernape|Infernape, L50, M|100\/100\n|turn|5\n|inactive|miencraftLord77 has 30 seconds left.\n|inactive|miencraftLord77 has 20 seconds left.\n|\n|t:|1701197147\n|switch|p2b: Articuno|Articuno-Galar, L50|100\/100\n|-terastallize|p1a: Baxcalibur|Dragon\n|move|p2a: Infernape|Fake Out|p1a: Baxcalibur\n|-damage|p1a: Baxcalibur|88\/100\n|cant|p1a: Baxcalibur|flinch\n|move|p1b: Abomasnow|Blizzard|p2a: Infernape|[spread] p2a,p2b\n|-resisted|p2a: Infernape\n|-supereffective|p2b: Articuno\n|-damage|p2a: Infernape|80\/100\n|-damage|p2b: Articuno|49\/100\n|-status|p2a: Infernape|frz\n|\n|-weather|Snow|[upkeep]\n|-heal|p1a: Baxcalibur|94\/100|[from] ability: Ice Body\n|-end|p1b: Abomasnow|move: Taunt\n|upkeep\n|turn|6\n|-message|Shrimpmane420 forfeited.\n|\n|win|miencraftLord77\n|raw|miencraftLord77's rating: 1140 &rarr; <strong>1171<\/strong><br \/>(+31 for winning)\n|raw|Shrimpmane420's rating: 1229 &rarr; <strong>1198<\/strong><br \/>(-31 for losing)\n|l|\u2606Shrimpmane420\n|c|\u2606miencraftLord77|ggs\n","uploadtime":1701197173,"views":1,"p1id":"miencraftlord77","p2id":"shrimpmane420","formatid":"gen9vgc2023regulatione","rating":1171,"private":0,"password":""}