{"id":"gen9vgc2023regulatione-1997759467","p1":"Stryke Out","p2":"FuratBang","format":"[Gen 9] VGC 2023 Regulation E","log":"|j|\u2606Stryke Out\n|j|\u2606FuratBang\n|n|\u2606Stryke Out|strykeout\n|n|\u2606FuratBang|furatbang\n|html|View the match progress at <a href=\"\/game-bestof3-gen9vgc2023regulatione-1997751867\">game-bestof3-gen9vgc2023regulatione-1997751867<\/a>\n|t:|1700849664\n|gametype|doubles\n|player|p1|Stryke Out|cynthia-gen4|\n|player|p2|FuratBang|n|\n|teamsize|p1|6\n|teamsize|p2|6\n|gen|9\n|tier|[Gen 9] VGC 2023 Regulation E\n|rule|Species Clause: Limit one of each Pok\u00e9mon\n|rule|Item Clause: Limit one of each item\n|clearpoke\n|poke|p1|Clefable, L50, M|\n|poke|p1|Basculegion, L50, M|\n|poke|p1|Ting-Lu, L50|\n|poke|p1|Pelipper, L50, M|\n|poke|p1|Kilowattrel, L50, F|\n|poke|p1|Copperajah, L50, M|\n|poke|p2|Ninetales-Alola, L50, F|\n|poke|p2|Milotic, L50, F|\n|poke|p2|Infernape, L50, M|\n|poke|p2|Noivern, L50, M|\n|poke|p2|Ogerpon, L50, F|\n|poke|p2|Jolteon, L50, F|\n|teampreview|4\n|j| Jstardude\n|l| Jstardude\n|\n|t:|1700849825\n|start\n|switch|p1a: \u8840\u7ba1|Ting-Lu, L50|100\/100\n|switch|p1b: Shazam|Kilowattrel, L50, F|100\/100\n|switch|p2a: Ninetales|Ninetales-Alola, L50, F|100\/100\n|switch|p2b: Jolteon|Jolteon, L50, F|100\/100\n|-weather|Snow|[from] ability: Snow Warning|[of] p2a: Ninetales\n|-ability|p1a: \u8840\u7ba1|Vessel of Ruin\n|turn|1\n|\n|t:|1700849925\n|switch|p2b: Ogerpon|Ogerpon, L50, F|100\/100\n|switch|p1a: Nigel|Pelipper, L50, M, shiny|100\/100\n|-weather|RainDance|[from] ability: Drizzle|[of] p1a: Nigel\n|move|p1b: Shazam|Tailwind|p1b: Shazam\n|-sidestart|p1: Stryke Out|move: Tailwind\n|move|p2a: Ninetales|Blizzard|p1b: Shazam|[spread] p1b\n|-miss|p2a: Ninetales|p1a: Nigel\n|-supereffective|p1b: Shazam\n|-enditem|p1b: Shazam|Focus Sash\n|-damage|p1b: Shazam|1\/100\n|\n|-weather|RainDance|[upkeep]\n|upkeep\n|turn|2\n|j| Lux2821\n|l| Lux2821\n|\n|t:|1700850036\n|switch|p2a: Jolteon|Jolteon, L50, F|100\/100\n|move|p1a: Nigel|Protect|p1a: Nigel\n|-singleturn|p1a: Nigel|Protect\n|move|p1b: Shazam|Hurricane|p2a: Jolteon\n|-resisted|p2a: Jolteon\n|-damage|p2a: Jolteon|70\/100\n|move|p2b: Ogerpon|Ivy Cudgel|p1b: Shazam\n|-resisted|p1b: Shazam\n|-damage|p1b: Shazam|0 fnt\n|faint|p1b: Shazam\n|-damage|p2b: Ogerpon|91\/100|[from] item: Life Orb\n|\n|-weather|RainDance|[upkeep]\n|upkeep\n|\n|t:|1700850047\n|switch|p1b: Jeremy Wade|Basculegion, L50, M, shiny|100\/100\n|turn|3\n|\n|t:|1700850196\n|switch|p2b: Milotic|Milotic, L50, F|100\/100\n|-terastallize|p1a: Nigel|Dragon\n|move|p1b: Jeremy Wade|Protect|p1b: Jeremy Wade\n|-singleturn|p1b: Jeremy Wade|Protect\n|move|p2a: Jolteon|Protect|p2a: Jolteon\n|-singleturn|p2a: Jolteon|Protect\n|move|p1a: Nigel|Hurricane|p2b: Milotic\n|-damage|p2b: Milotic|65\/100\n|\n|-weather|RainDance|[upkeep]\n|-heal|p2b: Milotic|71\/100|[from] item: Leftovers\n|upkeep\n|turn|4\n|\n|t:|1700850300\n|switch|p2a: Ogerpon|Ogerpon, L50, F|91\/100\n|move|p1b: Jeremy Wade|Last Respects|p2a: Ogerpon\n|-damage|p2a: Ogerpon|32\/100\n|move|p1a: Nigel|Hurricane|p2b: Milotic\n|-damage|p2b: Milotic|35\/100\n|move|p2b: Milotic|Ice Beam|p1a: Nigel\n|-supereffective|p1a: Nigel\n|-damage|p1a: Nigel|11\/100\n|-status|p1a: Nigel|frz\n|\n|-weather|RainDance|[upkeep]\n|-heal|p2b: Milotic|41\/100|[from] item: Leftovers\n|-sideend|p1: Stryke Out|move: Tailwind\n|upkeep\n|turn|5\n|j| Jstardude\n|\n|t:|1700850378\n|switch|p2b: Ninetales|Ninetales-Alola, L50, F|100\/100\n|-weather|Snow|[from] ability: Snow Warning|[of] p2b: Ninetales\n|switch|p1a: \u8840\u7ba1|Ting-Lu, L50|100\/100\n|-ability|p1a: \u8840\u7ba1|Vessel of Ruin\n|-terastallize|p2a: Ogerpon|Grass\n|detailschange|p2a: Ogerpon|Ogerpon-Teal-Tera, L50, F, tera:Grass\n|-ability|p2a: Ogerpon|Embody Aspect (Teal)|boost\n|-boost|p2a: Ogerpon|spe|1\n|move|p2a: Ogerpon|Ivy Cudgel|p1b: Jeremy Wade\n|-supereffective|p1b: Jeremy Wade\n|-crit|p1b: Jeremy Wade\n|-damage|p1b: Jeremy Wade|0 fnt\n|faint|p1b: Jeremy Wade\n|-damage|p2a: Ogerpon|22\/100|[from] item: Life Orb\n|\n|-weather|Snow|[upkeep]\n|upkeep\n|\n|t:|1700850390\n|switch|p1b: Nigel|Pelipper, L50, M, shiny, tera:Dragon|11\/100 frz\n|-weather|RainDance|[from] ability: Drizzle|[of] p1b: Nigel\n|turn|6\n|\n|t:|1700850421\n|move|p2a: Ogerpon|Ivy Cudgel|p1a: \u8840\u7ba1\n|-supereffective|p1a: \u8840\u7ba1\n|-damage|p1a: \u8840\u7ba1|0 fnt\n|faint|p1a: \u8840\u7ba1\n|-damage|p2a: Ogerpon|12\/100|[from] item: Life Orb\n|move|p2b: Ninetales|Freeze-Dry|p1b: Nigel\n|-supereffective|p1b: Nigel\n|-damage|p1b: Nigel|0 fnt\n|faint|p1b: Nigel\n|\n|win|FuratBang\n|c|&|\/uhtml prompt-strykeout,Stryke Out is ready for game 3!\n|c|\u2606FuratBang|gg\n|inactive|FuratBang has 50 seconds to confirm battle start!\n|c|\u2606Stryke Out|gg\n|c|&|\/uhtml prompt-furatbang,FuratBang is ready for game 3!\nBoth players are ready! Starting next match!\n|l|\u2606FuratBang\n|l| Jstardude\n|l|\u2606Stryke Out\n|j|\u2606Stryke Out\n|player|p1|Stryke Out|cynthia-gen4\n","uploadtime":1700851085,"views":1,"p1id":"strykeout","p2id":"furatbang","formatid":"gen9vgc2023regulatione","rating":0,"private":0,"password":""}