{"id":"gen9vgc2023regulatione-1995791725","p1":"M4tty02","p2":"Zeprikan","format":"[Gen 9] VGC 2023 Regulation E","log":"|j|\u2606M4tty02\n|j|\u2606Zeprikan\n|n|\u2606M4tty02|m4tty02\n|n|\u2606Zeprikan|zeprikan\n|html|View the match progress at <a href=\"\/game-bestof3-gen9vgc2023regulatione-1995791724\">game-bestof3-gen9vgc2023regulatione-1995791724<\/a>\n|t:|1700603560\n|gametype|doubles\n|player|p1|M4tty02|emmet|\n|player|p2|Zeprikan|acetrainer-gen4dp|\n|teamsize|p1|6\n|teamsize|p2|6\n|gen|9\n|tier|[Gen 9] VGC 2023 Regulation E\n|rule|Species Clause: Limit one of each Pok\u00e9mon\n|rule|Item Clause: Limit one of each item\n|clearpoke\n|poke|p1|Dusclops, L50, M|\n|poke|p1|Ursaluna-Bloodmoon, L50, M|\n|poke|p1|Arcanine-Hisui, L50, F|\n|poke|p1|Okidogi, L50, M|\n|poke|p1|Ogerpon-Wellspring, L50, F|\n|poke|p1|Chi-Yu, L50|\n|poke|p2|Iron Hands, L50|\n|poke|p2|Flutter Mane, L50|\n|poke|p2|Tornadus, L50, M|\n|poke|p2|Heatran, L50, M|\n|poke|p2|Urshifu-*, L50, F|\n|poke|p2|Landorus-Therian, L50, M|\n|teampreview|4\nZeprikan has agreed to open team sheets.\nM4tty02 has agreed to open team sheets.\n|showteam|p1|Dusclops||Eviolite|Pressure|NightShade,PainSplit,WillOWisp,TrickRoom|||M|||50|,,,,,Dark]Ursaluna-Bloodmoon||LifeOrb|MindsEye|BloodMoon,Moonblast,EarthPower,Protect|||M|||50|,,,,,Fairy]Arcanine-Hisui||ChoiceBand|Intimidate|ExtremeSpeed,RockSlide,FlareBlitz,TeraBlast|||F|||50|,,,,,Fairy]Okidogi||AssaultVest|GuardDog|DrainPunch,PoisonJab,IcePunch,Snarl|||M|||50|,,,,,Dark]Ogerpon-Wellspring||WellspringMask|WaterAbsorb|IvyCudgel,FollowMe,SwordsDance,SpikyShield|||F|||50|,,,,,Water]Chi-Yu||FocusSash|BeadsofRuin|HeatWave,DarkPulse,Overheat,Protect||||||50|,,,,,Ghost\n|showteam|p2|Iron Hands||AssaultVest|QuarkDrive|DrainPunch,WildCharge,IronHead,FakeOut||||||50|,,,,,Fire]Flutter Mane||ChoiceSpecs|Protosynthesis|Moonblast,DazzlingGleam,ShadowBall,PerishSong||||||50|,,,,,Fairy]Tornadus||CovertCloak|Prankster|BleakwindStorm,Tailwind,Taunt,SunnyDay|||M|||50|,,,,,Steel]Heatran||LifeOrb|FlashFire|Protect,EarthPower,FlashCannon,HeatWave|||M|||50|,,,,,Grass]Urshifu||BlackGlasses|UnseenFist|WickedBlow,SuckerPunch,CloseCombat,Detect|||F|||50|,,,,,Poison]Landorus-Therian||ChoiceBand|Intimidate|Uturn,RockSlide,StompingTantrum,Earthquake|||M|||50|,,,,,Water\n|c|\u2606Zeprikan|glhf\n|inactive|Battle timer is ON: inactive players will automatically lose when time's up. (requested by Zeprikan)\n|c|\u2606M4tty02|glhf\n|j| KaosCarter\n|inactive|Zeprikan has 60 seconds left.\n|\n|t:|1700603614\n|start\n|switch|p1a: Dusclops|Dusclops, L50, M, shiny|100\/100\n|switch|p1b: Ogerpon|Ogerpon-Wellspring, L50, F|100\/100\n|switch|p2a: Iron Hands|Iron Hands, L50|100\/100\n|switch|p2b: Tornadus|Tornadus, L50, M|100\/100\n|-ability|p1a: Dusclops|Pressure\n|turn|1\n|\n|t:|1700603631\n|-terastallize|p1a: Dusclops|Dark\n|move|p1b: Ogerpon|Spiky Shield|p1b: Ogerpon\n|-singleturn|p1b: Ogerpon|move: Protect\n|move|p2a: Iron Hands|Fake Out|p1b: Ogerpon\n|-activate|p1b: Ogerpon|move: Protect\n|-damage|p2a: Iron Hands|88\/100|[from] Spiky Shield|[of] p1b: Ogerpon\n|move|p2b: Tornadus|Taunt|p1a: Dusclops\n|-hint|Since gen 7, Dark is immune to Prankster moves.\n|-immune|p1a: Dusclops\n|move|p1a: Dusclops|Trick Room|p1a: Dusclops\n|-fieldstart|move: Trick Room|[of] p1a: Dusclops\n|\n|upkeep\n|turn|2\n|inactive|Zeprikan has 30 seconds left.\n|inactive|Zeprikan has 20 seconds left.\n|inactive|Zeprikan has 15 seconds left.\n|\n|t:|1700603674\n|-terastallize|p2a: Iron Hands|Fire\n|move|p1a: Dusclops|Will-O-Wisp|p2a: Iron Hands\n|-immune|p2a: Iron Hands\n|move|p2a: Iron Hands|Drain Punch|p1a: Dusclops\n|-supereffective|p1a: Dusclops\n|-damage|p1a: Dusclops|50\/100\n|-heal|p2a: Iron Hands|100\/100|[from] drain|[of] p1a: Dusclops\n|move|p1b: Ogerpon|Swords Dance|p1b: Ogerpon\n|-boost|p1b: Ogerpon|atk|2\n|move|p2b: Tornadus|Bleakwind Storm|p1b: Ogerpon|[spread] p1a,p1b\n|-supereffective|p1b: Ogerpon\n|-damage|p1a: Dusclops|32\/100\n|-damage|p1b: Ogerpon|38\/100\n|\n|upkeep\n|turn|3\n|inactive|Zeprikan has 30 seconds left.\n|inactive|Zeprikan has 20 seconds left.\n|inactive|Zeprikan has 15 seconds left.\n|\n|t:|1700603717\n|move|p2b: Tornadus|Sunny Day|p2b: Tornadus\n|-weather|SunnyDay\n|move|p1a: Dusclops|Pain Split|p2a: Iron Hands\n|-sethp|p2a: Iron Hands|60\/100|[from] move: Pain Split|[silent]\n|-sethp|p1a: Dusclops|95\/100|[from] move: Pain Split\n|move|p2a: Iron Hands|Drain Punch|p1b: Ogerpon\n|-damage|p1b: Ogerpon|3\/100\n|-heal|p2a: Iron Hands|74\/100|[from] drain|[of] p1b: Ogerpon\n|move|p1b: Ogerpon|Ivy Cudgel|p2b: Tornadus|[anim] Ivy Cudgel Water\n|-crit|p2b: Tornadus\n|-damage|p2b: Tornadus|25\/100\n|\n|-weather|SunnyDay|[upkeep]\n|upkeep\n|turn|4\n|inactive|M4tty02 has 30 seconds left.\n|inactive|Zeprikan has 30 seconds left.\n|inactive|Zeprikan has 20 seconds left.\n|\n|t:|1700603753\n|switch|p2b: Urshifu|Urshifu, L50, F|100\/100\n|move|p1a: Dusclops|Night Shade|p2b: Urshifu\n|-damage|p2b: Urshifu|72\/100\n|move|p2a: Iron Hands|Drain Punch|p1b: Ogerpon\n|-damage|p1b: Ogerpon|0 fnt\n|-heal|p2a: Iron Hands|76\/100|[from] drain|[of] p1b: Ogerpon\n|faint|p1b: Ogerpon\n|\n|-weather|SunnyDay|[upkeep]\n|upkeep\n|\n|t:|1700603766\n|switch|p1b: Okidogi|Okidogi, L50, M|100\/100\n|turn|5\n|inactive|Zeprikan has 30 seconds left.\n|\n|t:|1700603798\n|switch|p2b: Tornadus|Tornadus, L50, M|25\/100\n|move|p1a: Dusclops|Night Shade|p2a: Iron Hands\n|-damage|p2a: Iron Hands|54\/100\n|move|p2a: Iron Hands|Drain Punch|p1a: Dusclops\n|-supereffective|p1a: Dusclops\n|-damage|p1a: Dusclops|45\/100\n|-heal|p2a: Iron Hands|70\/100|[from] drain|[of] p1a: Dusclops\n|move|p1b: Okidogi|Drain Punch|p2a: Iron Hands\n|-damage|p2a: Iron Hands|45\/100\n|\n|-weather|SunnyDay|[upkeep]\n|-fieldend|move: Trick Room\n|upkeep\n|turn|6\n|\n|t:|1700603822\n|move|p2b: Tornadus|Bleakwind Storm|p1b: Okidogi|[spread] p1a\n|-miss|p2b: Tornadus|p1b: Okidogi\n|-damage|p1a: Dusclops|26\/100\n|move|p1b: Okidogi|Poison Jab|p2a: Iron Hands\n|-damage|p2a: Iron Hands|21\/100\n|move|p2a: Iron Hands|Drain Punch|p1a: Dusclops\n|-supereffective|p1a: Dusclops\n|-damage|p1a: Dusclops|0 fnt\n|-heal|p2a: Iron Hands|29\/100|[from] drain|[of] p1a: Dusclops\n|faint|p1a: Dusclops\n|\n|-weather|SunnyDay|[upkeep]\n|upkeep\n|\n|t:|1700603831\n|switch|p1a: Ursaluna|Ursaluna-Bloodmoon, L50, M|100\/100\n|turn|7\n|inactive|Zeprikan has 30 seconds left.\n|\n|t:|1700603865\n|move|p2b: Tornadus|Bleakwind Storm|p1a: Ursaluna|[spread] p1a,p1b\n|-supereffective|p1b: Okidogi\n|-damage|p1a: Ursaluna|72\/100\n|-damage|p1b: Okidogi|59\/100\n|move|p1b: Okidogi|Poison Jab|p2a: Iron Hands\n|-crit|p2a: Iron Hands\n|-damage|p2a: Iron Hands|0 fnt\n|faint|p2a: Iron Hands\n|-end|p2a: Iron Hands|Quark Drive|[silent]\n|move|p1a: Ursaluna|Moonblast|p2b: Tornadus\n|-damage|p2b: Tornadus|0 fnt\n|faint|p2b: Tornadus\n|-damage|p1a: Ursaluna|62\/100|[from] item: Life Orb\n|\n|-weather|none\n|upkeep\n|\n|t:|1700603877\n|switch|p2b: Urshifu|Urshifu, L50, F|72\/100\n|switch|p2a: Heatran|Heatran, L50, M|100\/100\n|turn|8\n|\n|t:|1700603891\n|move|p2b: Urshifu|Close Combat|p1a: Ursaluna\n|-supereffective|p1a: Ursaluna\n|-damage|p1a: Ursaluna|0 fnt\n|-unboost|p2b: Urshifu|def|1\n|-unboost|p2b: Urshifu|spd|1\n|faint|p1a: Ursaluna\n|move|p1b: Okidogi|Drain Punch|p2b: Urshifu\n|-supereffective|p2b: Urshifu\n|-damage|p2b: Urshifu|0 fnt\n|-heal|p1b: Okidogi|92\/100|[from] drain|[of] p2b: Urshifu\n|faint|p2b: Urshifu\n|move|p2a: Heatran|Earth Power|p1b: Okidogi\n|-supereffective|p1b: Okidogi\n|-damage|p1b: Okidogi|36\/100\n|-damage|p2a: Heatran|91\/100|[from] item: Life Orb\n|\n|upkeep\n|turn|9\n|inactive|Zeprikan has 30 seconds left.\n|\n|t:|1700603922\n|move|p1b: Okidogi|Drain Punch|p2a: Heatran\n|-supereffective|p2a: Heatran\n|-damage|p2a: Heatran|31\/100\n|-heal|p1b: Okidogi|65\/100|[from] drain|[of] p2a: Heatran\n|move|p2a: Heatran|Earth Power|p1b: Okidogi\n|-supereffective|p1b: Okidogi\n|-damage|p1b: Okidogi|4\/100\n|-damage|p2a: Heatran|21\/100|[from] item: Life Orb\n|\n|upkeep\n|turn|10\n|\n|t:|1700603932\n|move|p1b: Okidogi|Drain Punch|p2a: Heatran\n|-supereffective|p2a: Heatran\n|-crit|p2a: Heatran\n|-damage|p2a: Heatran|0 fnt\n|-heal|p1b: Okidogi|14\/100|[from] drain|[of] p2a: Heatran\n|faint|p2a: Heatran\n|\n|win|M4tty02\n|c|&|\/uhtml prompt-zeprikan,Zeprikan is ready for game 2!\n|c|&|\/uhtml prompt-m4tty02,M4tty02 is ready for game 2!\nBoth players are ready! Starting next match!\n|l| KaosCarter\n|j| KaosCarter\n|l|\u2606Zeprikan\n","uploadtime":1700604365,"views":10,"p1id":"m4tty02","p2id":"zeprikan","formatid":"gen9vgc2023regulatione","rating":0,"private":0,"password":""}