{"id":"gen9vgc2023regulatione-1998230062","p1":"hjfhflfogu","p2":"Vary Aries","format":"[Gen 9] VGC 2023 Regulation E","log":"|j|\u2606hjfhflfogu\n|j|\u2606Vary Aries\n|t:|1700916620\n|gametype|doubles\n|player|p1|hjfhflfogu|102|1059\n|player|p2|Vary Aries|cynthia|1030\n|teamsize|p1|6\n|teamsize|p2|6\n|gen|9\n|tier|[Gen 9] VGC 2023 Regulation E\n|rated|\n|rule|Species Clause: Limit one of each Pok\u00e9mon\n|rule|Item Clause: Limit one of each item\n|clearpoke\n|poke|p1|Articuno-Galar, L50|\n|poke|p1|Iron Hands, L50|\n|poke|p1|Tatsugiri, L50, F|\n|poke|p1|Dondozo, L50, F|\n|poke|p1|Tsareena, L50, F|\n|poke|p1|Ogerpon-Hearthflame, L50, F|\n|poke|p2|Spectrier, L50|\n|poke|p2|Arcanine, L50, M|\n|poke|p2|Indeedee-F, L50, F|\n|poke|p2|Sinistcha-Masterpiece, L50|\n|poke|p2|Glastrier, L50|\n|poke|p2|Crawdaunt, L50, M|\n|teampreview|4\n|inactive|Battle timer is ON: inactive players will automatically lose when time's up. (requested by Vary Aries)\n|inactive|hjfhflfogu has 60 seconds left.\n|\n|t:|1700916664\n|start\n|switch|p1a: Ogerpon|Ogerpon-Hearthflame, L50, F|100\/100\n|switch|p1b: Articuno|Articuno-Galar, L50|100\/100\n|switch|p2a: Spectrier|Spectrier, L50|100\/100\n|switch|p2b: Arcanine|Arcanine, L50, M|100\/100\n|-ability|p1a: Ogerpon|Mold Breaker\n|-ability|p2b: Arcanine|Intimidate|boost\n|-unboost|p1a: Ogerpon|atk|1\n|-unboost|p1b: Articuno|atk|1\n|-ability|p1b: Articuno|Competitive|boost\n|-boost|p1b: Articuno|spa|2\n|turn|1\n|inactive|Vary Aries has 30 seconds left.\n|inactive|Vary Aries has 20 seconds left.\n|\n|t:|1700916701\n|move|p2b: Arcanine|Helping Hand|p2a: Spectrier\n|-singleturn|p2a: Spectrier|Helping Hand|[of] p2b: Arcanine\n|move|p1a: Ogerpon|Follow Me|p1a: Ogerpon\n|-singleturn|p1a: Ogerpon|move: Follow Me\n|move|p2a: Spectrier|Shadow Ball|p1a: Ogerpon\n|-damage|p1a: Ogerpon|0 fnt\n|faint|p1a: Ogerpon\n|-ability|p2a: Spectrier|Grim Neigh|boost\n|-boost|p2a: Spectrier|spa|1\n|-damage|p2a: Spectrier|91\/100|[from] item: Life Orb\n|move|p1b: Articuno|Trick Room|p1b: Articuno\n|-fieldstart|move: Trick Room|[of] p1b: Articuno\n|\n|upkeep\n|\n|t:|1700916714\n|switch|p1a: Iron Hands|Iron Hands, L50|100\/100\n|-enditem|p1a: Iron Hands|Booster Energy\n|-activate|p1a: Iron Hands|ability: Quark Drive|[fromitem]\n|-start|p1a: Iron Hands|quarkdriveatk\n|turn|2\n|inactive|Vary Aries has 30 seconds left.\n|\n|t:|1700916742\n|switch|p2b: Indeedee|Indeedee-F, L50, F|100\/100\n|-fieldstart|move: Psychic Terrain|[from] ability: Psychic Surge|[of] p2b: Indeedee\n|move|p1a: Iron Hands|Swords Dance|p1a: Iron Hands\n|-boost|p1a: Iron Hands|atk|2\n|move|p1b: Articuno|Psyshock|p2b: Indeedee\n|-resisted|p2b: Indeedee\n|-damage|p2b: Indeedee|63\/100\n|move|p2a: Spectrier|Shadow Ball|p1b: Articuno\n|-supereffective|p1b: Articuno\n|-damage|p1b: Articuno|0 fnt\n|faint|p1b: Articuno\n|-ability|p2a: Spectrier|Grim Neigh|boost\n|-boost|p2a: Spectrier|spa|1\n|-damage|p2a: Spectrier|81\/100|[from] item: Life Orb\n|\n|upkeep\n|\n|t:|1700916757\n|switch|p1b: Dondozo|Dondozo, L50, F|100\/100\n|turn|3\n|inactive|Vary Aries has 30 seconds left.\n|\n|t:|1700916785\n|-terastallize|p1b: Dondozo|Water\n|move|p2b: Indeedee|Follow Me|p2b: Indeedee\n|-singleturn|p2b: Indeedee|move: Follow Me\n|move|p1b: Dondozo|Wave Crash|p2b: Indeedee\n|-damage|p2b: Indeedee|0 fnt\n|faint|p2b: Indeedee\n|-damage|p1b: Dondozo|84\/100|[from] Recoil\n|move|p1a: Iron Hands|Wild Charge|p2a: Spectrier\n|-damage|p2a: Spectrier|0 fnt\n|faint|p2a: Spectrier\n|-damage|p1a: Iron Hands|87\/100|[from] Recoil\n|\n|-heal|p1b: Dondozo|90\/100|[from] item: Leftovers\n|upkeep\n|\n|t:|1700916800\n|switch|p2b: Sinistcha|Sinistcha-Masterpiece, L50|100\/100\n|switch|p2a: Arcanine|Arcanine, L50, M|100\/100\n|-ability|p2a: Arcanine|Intimidate|boost\n|-unboost|p1a: Iron Hands|atk|1\n|-unboost|p1b: Dondozo|atk|1\n|turn|4\n|inactive|hjfhflfogu has 30 seconds left.\n|inactive|Vary Aries has 30 seconds left.\n|inactive|Vary Aries has 20 seconds left.\n|inactive|Vary Aries has 15 seconds left.\n|inactive|Vary Aries has 10 seconds left.\n|inactive|Vary Aries has 5 seconds left.\n|\n|t:|1700916852\n|-terastallize|p2a: Arcanine|Water\n|move|p1b: Dondozo|Yawn|p2a: Arcanine\n|-start|p2a: Arcanine|move: Yawn|[of] p1b: Dondozo\n|move|p1a: Iron Hands|Ice Punch|p2b: Sinistcha\n|-supereffective|p2b: Sinistcha\n|-damage|p2b: Sinistcha|16\/100\n|-damage|p1a: Iron Hands|70\/100|[from] item: Rocky Helmet|[of] p2b: Sinistcha\n|move|p2b: Sinistcha|Strength Sap|p1a: Iron Hands\n|-unboost|p1a: Iron Hands|atk|1\n|-heal|p2b: Sinistcha|100\/100\n|move|p2a: Arcanine|Heat Wave|p1b: Dondozo|[spread] p1a,p1b\n|-resisted|p1b: Dondozo\n|-damage|p1a: Iron Hands|52\/100\n|-damage|p1b: Dondozo|79\/100\n|\n|-heal|p1b: Dondozo|86\/100|[from] item: Leftovers\n|upkeep\n|turn|5\n|inactive|Vary Aries has 30 seconds left.\n|\n|t:|1700916884\n|move|p2a: Arcanine|Helping Hand|p2b: Sinistcha\n|-singleturn|p2b: Sinistcha|Helping Hand|[of] p2a: Arcanine\n|move|p1b: Dondozo|Yawn|p2b: Sinistcha\n|-start|p2b: Sinistcha|move: Yawn|[of] p1b: Dondozo\n|move|p1a: Iron Hands|Drain Punch|p2a: Arcanine\n|-damage|p2a: Arcanine|53\/100\n|-heal|p1a: Iron Hands|70\/100|[from] drain|[of] p2a: Arcanine\n|move|p2b: Sinistcha|Matcha Gotcha|p1b: Dondozo|[spread] p1a\n|-miss|p2b: Sinistcha|p1b: Dondozo\n|-damage|p1a: Iron Hands|43\/100\n|\n|-heal|p1b: Dondozo|92\/100|[from] item: Leftovers\n|-heal|p2a: Arcanine|59\/100|[from] item: Leftovers\n|-end|p2a: Arcanine|move: Yawn|[silent]\n|-status|p2a: Arcanine|slp\n|-fieldend|move: Trick Room\n|upkeep\n|turn|6\n|inactive|Vary Aries has 30 seconds left.\n|inactive|hjfhflfogu has 30 seconds left.\n|\n|t:|1700916917\n|cant|p2a: Arcanine|slp\n|move|p2b: Sinistcha|Matcha Gotcha|p1b: Dondozo|[spread] p1a,p1b\n|-supereffective|p1b: Dondozo\n|-damage|p1a: Iron Hands|24\/100\n|-damage|p1b: Dondozo|50\/100\n|move|p1a: Iron Hands|Swords Dance|p1a: Iron Hands\n|-boost|p1a: Iron Hands|atk|2\n|move|p1b: Dondozo|Soak|p2b: Sinistcha\n|-start|p2b: Sinistcha|typechange|Water\n|\n|-heal|p2a: Arcanine|65\/100 slp|[from] item: Leftovers\n|-heal|p1b: Dondozo|56\/100|[from] item: Leftovers\n|-end|p2b: Sinistcha|move: Yawn|[silent]\n|-status|p2b: Sinistcha|slp\n|-fieldend|move: Psychic Terrain\n|upkeep\n|turn|7\n|\n|t:|1700916940\n|cant|p2a: Arcanine|slp\n|cant|p2b: Sinistcha|slp\n|move|p1a: Iron Hands|Drain Punch|p2a: Arcanine\n|-damage|p2a: Arcanine|0 fnt\n|-heal|p1a: Iron Hands|50\/100|[from] drain|[of] p2a: Arcanine\n|faint|p2a: Arcanine\n|move|p1b: Dondozo|Yawn||[still]\n|-fail|p1b: Dondozo\n|\n|-heal|p1b: Dondozo|62\/100|[from] item: Leftovers\n|upkeep\n|turn|8\n|\n|t:|1700916957\n|-curestatus|p2b: Sinistcha|slp|[msg]\n|move|p2b: Sinistcha|Matcha Gotcha|p1a: Iron Hands|[spread] p1a,p1b\n|-supereffective|p1b: Dondozo\n|-damage|p1a: Iron Hands|39\/100\n|-damage|p1b: Dondozo|36\/100\n|move|p1a: Iron Hands|Wild Charge|p2b: Sinistcha\n|-supereffective|p2b: Sinistcha\n|-crit|p2b: Sinistcha\n|-damage|p2b: Sinistcha|0 fnt\n|-damage|p1a: Iron Hands|22\/100|[from] item: Rocky Helmet|[of] p2b: Sinistcha\n|faint|p2b: Sinistcha\n|-damage|p1a: Iron Hands|4\/100|[from] Recoil\n|\n|win|hjfhflfogu\n|raw|hjfhflfogu's rating: 1059 &rarr; <strong>1088<\/strong><br \/>(+29 for winning)\n|raw|Vary Aries's rating: 1030 &rarr; <strong>1017<\/strong><br \/>(-13 for losing)\n|l|\u2606Vary Aries\n","uploadtime":1700917003,"views":15,"p1id":"hjfhflfogu","p2id":"varyaries","formatid":"gen9vgc2023regulatione","rating":1017,"private":0,"password":""}