{"id":"gen9vgc2023regulatione-1990978175","p1":"olivermaul","p2":"Dhaup","format":"[Gen 9] VGC 2023 Regulation E","log":"|j|\u2606olivermaul\n|j|\u2606Dhaup\n|t:|1700022464\n|gametype|doubles\n|player|p1|olivermaul|brawly|1108\n|player|p2|Dhaup|linebacker|1199\n|teamsize|p1|6\n|teamsize|p2|6\n|gen|9\n|tier|[Gen 9] VGC 2023 Regulation E\n|rated|\n|rule|Species Clause: Limit one of each Pok\u00e9mon\n|rule|Item Clause: Limit one of each item\n|clearpoke\n|poke|p1|Espathra, L50, M|\n|poke|p1|Clefairy, L50, F|\n|poke|p1|Hydreigon, L50, F|\n|poke|p1|Rillaboom, L50, F|\n|poke|p1|Chi-Yu, L50|\n|poke|p1|Tauros-Paldea-Aqua, L50, M|\n|poke|p2|Tornadus, L50, M|\n|poke|p2|Sneasler, L50, F|\n|poke|p2|Annihilape, L50, M|\n|poke|p2|Maushold-Four, L50|\n|poke|p2|Mudsdale, L50, F|\n|poke|p2|Slowking-Galar, L50, F|\n|teampreview|4\n|inactive|Battle timer is ON: inactive players will automatically lose when time's up. (requested by Dhaup)\n|inactive|Dhaup has 60 seconds left.\n|\n|t:|1700022503\n|start\n|switch|p1a: Espathra|Espathra, L50, M|100\/100\n|switch|p1b: Clefairy|Clefairy, L50, F|100\/100\n|switch|p2a: Slowking|Slowking-Galar, L50, F|100\/100\n|switch|p2b: Annihilape|Annihilape, L50, M|100\/100\n|turn|1\n|\n|t:|1700022528\n|move|p1b: Clefairy|Helping Hand|p1a: Espathra\n|-singleturn|p1a: Espathra|Helping Hand|[of] p1b: Clefairy\n|move|p2b: Annihilape|U-turn|p1b: Clefairy\n|-resisted|p1b: Clefairy\n|-damage|p1b: Clefairy|92\/100\n|\n|t:|1700022534\n|switch|p2b: Big Dale|Mudsdale, L50, F|100\/100|[from] U-turn\n|move|p1a: Espathra|Lumina Crash|p2b: Big Dale\n|-damage|p2b: Big Dale|64\/100\n|-unboost|p2b: Big Dale|spd|2\n|move|p2a: Slowking|Trick Room|p2a: Slowking\n|-fieldstart|move: Trick Room|[of] p2a: Slowking\n|\n|-ability|p1a: Espathra|Speed Boost|boost\n|-boost|p1a: Espathra|spe|1\n|upkeep\n|turn|2\n|\n|t:|1700022556\n|-terastallize|p2a: Slowking|Flying\n|move|p1b: Clefairy|Follow Me|p1b: Clefairy\n|-singleturn|p1b: Clefairy|move: Follow Me\n|move|p2a: Slowking|Swagger|p1b: Clefairy\n|-boost|p1b: Clefairy|atk|2\n|-start|p1b: Clefairy|confusion\n|move|p2b: Big Dale|Earthquake|p1b: Clefairy|[spread] p1a,p1b\n|-immune|p2a: Slowking\n|-damage|p1a: Espathra|71\/100\n|-damage|p1b: Clefairy|66\/100\n|move|p1a: Espathra|Lumina Crash|p2b: Big Dale\n|-damage|p2b: Big Dale|13\/100\n|-unboost|p2b: Big Dale|spd|2\n|-enditem|p2b: Big Dale|Sitrus Berry|[eat]\n|-heal|p2b: Big Dale|38\/100|[from] item: Sitrus Berry\n|\n|-ability|p1a: Espathra|Speed Boost|boost\n|-boost|p1a: Espathra|spe|1\n|upkeep\n|turn|3\n|inactive|Dhaup has 30 seconds left.\n|\n|t:|1700022585\n|switch|p2a: Annihilape|Annihilape, L50, M|100\/100\n|-terastallize|p1b: Clefairy|Water\n|move|p1a: Espathra|Protect|p1a: Espathra\n|-singleturn|p1a: Espathra|Protect\n|move|p2b: Big Dale|Rock Slide|p1b: Clefairy|[spread] p1b\n|-activate|p1a: Espathra|move: Protect\n|-damage|p1b: Clefairy|52\/100\n|-activate|p1b: Clefairy|confusion\n|move|p1b: Clefairy|Heal Pulse|p1a: Espathra\n|-activate|p1a: Espathra|move: Protect\n|\n|-ability|p1a: Espathra|Speed Boost|boost\n|-boost|p1a: Espathra|spe|1\n|upkeep\n|turn|4\n|\n|t:|1700022608\n|-activate|p1b: Clefairy|confusion\n|-damage|p1b: Clefairy|45\/100|[from] confusion\n|move|p2b: Big Dale|Rock Slide|p1a: Espathra|[spread] p1a,p1b\n|-damage|p1a: Espathra|58\/100\n|-damage|p1b: Clefairy|31\/100\n|move|p2a: Annihilape|Rage Fist|p1a: Espathra\n|-supereffective|p1a: Espathra\n|-damage|p1a: Espathra|26\/100\n|-enditem|p1a: Espathra|Sitrus Berry|[eat]\n|-heal|p1a: Espathra|51\/100|[from] item: Sitrus Berry\n|cant|p1a: Espathra|flinch\n|\n|-ability|p1a: Espathra|Speed Boost|boost\n|-boost|p1a: Espathra|spe|1\n|upkeep\n|turn|5\n|inactive|Dhaup has 30 seconds left.\n|inactive|Dhaup has 20 seconds left.\n|\n|t:|1700022647\n|-activate|p1b: Clefairy|confusion\n|move|p1b: Clefairy|Protect|p1b: Clefairy\n|-singleturn|p1b: Clefairy|Protect\n|move|p1a: Espathra|Protect|p1a: Espathra\n|-singleturn|p1a: Espathra|Protect\n|move|p2b: Big Dale|Rock Slide|p1a: Espathra|[spread] \n|-activate|p1a: Espathra|move: Protect\n|-activate|p1b: Clefairy|move: Protect\n|move|p2a: Annihilape|Drain Punch|p1b: Clefairy\n|-activate|p1b: Clefairy|move: Protect\n|\n|-fieldend|move: Trick Room\n|-ability|p1a: Espathra|Speed Boost|boost\n|-boost|p1a: Espathra|spe|1\n|upkeep\n|turn|6\n|inactive|Dhaup has 30 seconds left.\n|\n|t:|1700022676\n|-end|p1b: Clefairy|confusion\n|move|p1b: Clefairy|Helping Hand|p1a: Espathra\n|-singleturn|p1a: Espathra|Helping Hand|[of] p1b: Clefairy\n|move|p2b: Big Dale|Protect|p2b: Big Dale\n|-singleturn|p2b: Big Dale|Protect\n|move|p1a: Espathra|Lumina Crash|p2a: Annihilape\n|-supereffective|p2a: Annihilape\n|-damage|p2a: Annihilape|38\/100\n|-unboost|p2a: Annihilape|spd|2\n|-ability|p2a: Annihilape|Defiant|boost\n|-boost|p2a: Annihilape|atk|2\n|move|p2a: Annihilape|Drain Punch|p1b: Clefairy\n|-damage|p1b: Clefairy|0 fnt\n|-heal|p2a: Annihilape|52\/100|[from] drain|[of] p1b: Clefairy\n|faint|p1b: Clefairy\n|\n|-ability|p1a: Espathra|Speed Boost|boost\n|-boost|p1a: Espathra|spe|1\n|upkeep\n|\n|t:|1700022695\n|switch|p1b: Tauros|Tauros-Paldea-Aqua, L50, M|100\/100\n|-ability|p1b: Tauros|Intimidate|boost\n|-unboost|p2a: Annihilape|atk|1\n|-ability|p2a: Annihilape|Defiant|boost\n|-boost|p2a: Annihilape|atk|2\n|-fail|p2b: Big Dale|unboost|Attack|[from] ability: Own Tempo|[of] p2b: Big Dale\n|turn|7\n|\n|t:|1700022715\n|move|p1b: Tauros|Aqua Jet|p2b: Big Dale\n|-supereffective|p2b: Big Dale\n|-damage|p2b: Big Dale|3\/100\n|move|p1a: Espathra|Lumina Crash|p2a: Annihilape\n|-supereffective|p2a: Annihilape\n|-damage|p2a: Annihilape|0 fnt\n|faint|p2a: Annihilape\n|move|p2b: Big Dale|Earthquake|p1a: Espathra|[spread] p1a,p1b\n|-damage|p1a: Espathra|16\/100\n|-damage|p1b: Tauros|60\/100\n|\n|upkeep\n|\n|t:|1700022728\n|switch|p2a: Sneasler|Sneasler, L50, F|100\/100\n|turn|8\n|\n|t:|1700022748\n|switch|p1b: Rillaboom|Rillaboom, L50, F|100\/100\n|-fieldstart|move: Grassy Terrain|[from] ability: Grassy Surge|[of] p1b: Rillaboom\n|switch|p2b: Slowking|Slowking-Galar, L50, F, tera:Flying|100\/100\n|move|p1a: Espathra|Protect|p1a: Espathra\n|-singleturn|p1a: Espathra|Protect\n|move|p2a: Sneasler|Acrobatics|p1b: Rillaboom\n|-supereffective|p1b: Rillaboom\n|-damage|p1b: Rillaboom|56\/100\n|\n|-heal|p1a: Espathra|22\/100|[from] Grassy Terrain\n|-heal|p1b: Rillaboom|62\/100|[from] Grassy Terrain\n|upkeep\n|turn|9\n|\n|t:|1700022771\n|switch|p2a: Big Dale|Mudsdale, L50, F|3\/100\n|move|p2b: Slowking|Protect|p2b: Slowking\n|-singleturn|p2b: Slowking|Protect\n|move|p1b: Rillaboom|Fake Out|p2b: Slowking\n|-activate|p2b: Slowking|move: Protect\n|move|p1a: Espathra|Lumina Crash|p2a: Big Dale\n|-damage|p2a: Big Dale|0 fnt\n|faint|p2a: Big Dale\n|\n|-heal|p1a: Espathra|29\/100|[from] Grassy Terrain\n|-heal|p1b: Rillaboom|67\/100|[from] Grassy Terrain\n|upkeep\n|\n|t:|1700022787\n|switch|p2a: Sneasler|Sneasler, L50, F|100\/100\n|turn|10\n|\n|t:|1700022797\n|move|p1a: Espathra|Protect|p1a: Espathra\n|-singleturn|p1a: Espathra|Protect\n|move|p2a: Sneasler|Fake Out|p1a: Espathra\n|-activate|p1a: Espathra|move: Protect\n|move|p1b: Rillaboom|U-turn|p2b: Slowking\n|-resisted|p2b: Slowking\n|-damage|p2b: Slowking|89\/100\n|\n|t:|1700022805\n|switch|p1b: Tauros|Tauros-Paldea-Aqua, L50, M|60\/100|[from] U-turn\n|-ability|p1b: Tauros|Intimidate|boost\n|-unboost|p2a: Sneasler|atk|1\n|-unboost|p2b: Slowking|atk|1\n|move|p2b: Slowking|Swagger|p2a: Sneasler\n|-boost|p2a: Sneasler|atk|2\n|-start|p2a: Sneasler|confusion\n|-enditem|p2a: Sneasler|Persim Berry|[eat]\n|-end|p2a: Sneasler|confusion\n|\n|-heal|p1a: Espathra|34\/100|[from] Grassy Terrain\n|-heal|p1b: Tauros|66\/100|[from] Grassy Terrain\n|upkeep\n|turn|11\n|\n|t:|1700022825\n|move|p1a: Espathra|Lumina Crash|p2a: Sneasler\n|-supereffective|p2a: Sneasler\n|-damage|p2a: Sneasler|0 fnt\n|faint|p2a: Sneasler\n|move|p1b: Tauros|Wave Crash|p2b: Slowking\n|-damage|p2b: Slowking|38\/100\n|-damage|p1b: Tauros|43\/100|[from] Recoil\n|move|p2b: Slowking|Swagger|p2: Sneasler|[notarget]\n|-fail|p2b: Slowking\n|\n|-heal|p1a: Espathra|40\/100|[from] Grassy Terrain\n|-heal|p1b: Tauros|49\/100|[from] Grassy Terrain\n|upkeep\n|turn|12\n|inactive|Dhaup has 30 seconds left.\n|l|\u2606Dhaup\n|inactive|Dhaup disconnected and has a minute to reconnect!\n|player|p2|\n|inactive|Dhaup has 20 seconds left.\n|inactive|Dhaup has 15 seconds left.\n|inactive|Dhaup has 10 seconds left.\n|inactive|Dhaup has 5 seconds left.\n|-message|Dhaup lost due to inactivity.\n|\n|win|olivermaul\n|raw|olivermaul's rating: 1108 &rarr; <strong>1139<\/strong><br \/>(+31 for winning)\n|raw|Dhaup's rating: 1199 &rarr; <strong>1168<\/strong><br \/>(-31 for losing)\n","uploadtime":1700022901,"views":23,"p1id":"olivermaul","p2id":"dhaup","formatid":"gen9vgc2023regulatione","rating":1139,"private":0,"password":""}