{"id":"gen9vgc2023regulatione-1995172659","p1":"joey71","p2":"ELopez03","format":"[Gen 9] VGC 2023 Regulation E","log":"|j|\u2606joey71\n|j|\u2606ELopez03\n|t:|1700530718\n|gametype|doubles\n|player|p1|joey71|birdkeeper-gen4dp|1077\n|player|p2|ELopez03|preschooler|1142\n|teamsize|p1|6\n|teamsize|p2|6\n|gen|9\n|tier|[Gen 9] VGC 2023 Regulation E\n|rated|\n|rule|Species Clause: Limit one of each Pok\u00e9mon\n|rule|Item Clause: Limit one of each item\n|clearpoke\n|poke|p1|Torkoal, L50, F|\n|poke|p1|Glastrier, L50|\n|poke|p1|Copperajah, L50, M|\n|poke|p1|Golem-Alola, L50, F|\n|poke|p1|Hatterene, L50, F|\n|poke|p1|Armarouge, L50, F|\n|poke|p2|Regieleki, L50|\n|poke|p2|Landorus-Therian, L50, M|\n|poke|p2|Iron Bundle, L50|\n|poke|p2|Ogerpon-Hearthflame, L50, F|\n|poke|p2|Rillaboom, L50, F|\n|poke|p2|Farigiraf, L50, M|\n|teampreview|4\n|inactive|Battle timer is ON: inactive players will automatically lose when time's up. (requested by joey71)\n|\n|t:|1700530738\n|start\n|switch|p1a: Armarouge|Armarouge, L50, F|100\/100\n|switch|p1b: Hatterene|Hatterene, L50, F|100\/100\n|switch|p2a: Ogerpon|Ogerpon-Hearthflame, L50, F|100\/100\n|switch|p2b: Landorus|Landorus-Therian, L50, M, shiny|100\/100\n|-ability|p2b: Landorus|Intimidate|boost\n|-unboost|p1a: Armarouge|atk|1\n|-unboost|p1b: Hatterene|atk|1\n|-ability|p2a: Ogerpon|Mold Breaker\n|turn|1\n|inactive|joey71 has 30 seconds left.\n|inactive|joey71 has 20 seconds left.\n|inactive|joey71 has 15 seconds left.\n|inactive|joey71 has 10 seconds left.\n|inactive|ELopez03 has 30 seconds left.\n|\n|t:|1700530796\n|move|p1a: Armarouge|Wide Guard|p1a: Armarouge\n|-singleturn|p1a: Armarouge|Wide Guard\n|move|p2b: Landorus|Rock Slide|p1b: Hatterene|[spread] \n|-activate|p1a: Armarouge|move: Wide Guard\n|-activate|p1b: Hatterene|move: Wide Guard\n|move|p2a: Ogerpon|Ivy Cudgel|p1b: Hatterene|[anim] Ivy Cudgel Fire\n|-damage|p1b: Hatterene|31\/100\n|move|p1b: Hatterene|Trick Room|p1b: Hatterene\n|-fieldstart|move: Trick Room|[of] p1b: Hatterene\n|\n|upkeep\n|turn|2\n|\n|t:|1700530819\n|switch|p2b: RillaDOOM|Rillaboom, L50, F, shiny|100\/100\n|-fieldstart|move: Grassy Terrain|[from] ability: Grassy Surge|[of] p2b: RillaDOOM\n|move|p2a: Ogerpon|Follow Me|p2a: Ogerpon\n|-singleturn|p2a: Ogerpon|move: Follow Me\n|move|p1b: Hatterene|Dazzling Gleam|p2a: Ogerpon|[spread] p2a,p2b\n|-resisted|p2a: Ogerpon\n|-damage|p2a: Ogerpon|77\/100\n|-damage|p2b: RillaDOOM|64\/100\n|move|p1a: Armarouge|Armor Cannon|p2a: Ogerpon\n|-damage|p2a: Ogerpon|17\/100\n|-unboost|p1a: Armarouge|def|1\n|-unboost|p1a: Armarouge|spd|1\n|\n|-heal|p1b: Hatterene|37\/100|[from] Grassy Terrain\n|-heal|p2b: RillaDOOM|70\/100|[from] Grassy Terrain\n|-heal|p2a: Ogerpon|23\/100|[from] Grassy Terrain\n|upkeep\n|turn|3\n|\n|t:|1700530839\n|move|p2b: RillaDOOM|Fake Out|p1a: Armarouge\n|-damage|p1a: Armarouge|86\/100\n|move|p2a: Ogerpon|Grassy Glide|p1b: Hatterene\n|-damage|p1b: Hatterene|0 fnt\n|faint|p1b: Hatterene\n|cant|p1a: Armarouge|flinch\n|\n|-heal|p1a: Armarouge|92\/100|[from] Grassy Terrain\n|-heal|p2b: RillaDOOM|75\/100|[from] Grassy Terrain\n|-heal|p2a: Ogerpon|29\/100|[from] Grassy Terrain\n|upkeep\n|\n|t:|1700530852\n|switch|p1b: Torkoal|Torkoal, L50, F|100\/100\n|-weather|SunnyDay|[from] ability: Drought|[of] p1b: Torkoal\n|turn|4\n|\n|t:|1700530863\n|-terastallize|p1b: Torkoal|Fire\n|move|p2a: Ogerpon|Spiky Shield|p2a: Ogerpon\n|-singleturn|p2a: Ogerpon|move: Protect\n|move|p1b: Torkoal|Eruption|p2a: Ogerpon|[spread] p2b\n|-activate|p2a: Ogerpon|move: Protect\n|-supereffective|p2b: RillaDOOM\n|-damage|p2b: RillaDOOM|0 fnt\n|faint|p2b: RillaDOOM\n|move|p1a: Armarouge|Armor Cannon|p2a: Ogerpon\n|-activate|p2a: Ogerpon|move: Protect\n|\n|-weather|SunnyDay|[upkeep]\n|-heal|p1a: Armarouge|98\/100|[from] Grassy Terrain\n|-heal|p2a: Ogerpon|35\/100|[from] Grassy Terrain\n|upkeep\n|\n|t:|1700530873\n|switch|p2b: Landorus|Landorus-Therian, L50, M, shiny|100\/100\n|-ability|p2b: Landorus|Intimidate|boost\n|-unboost|p1a: Armarouge|atk|1\n|-unboost|p1b: Torkoal|atk|1\n|turn|5\n|\n|t:|1700530884\n|move|p2a: Ogerpon|Grassy Glide|p1a: Armarouge\n|-resisted|p1a: Armarouge\n|-damage|p1a: Armarouge|75\/100\n|move|p1b: Torkoal|Eruption|p2a: Ogerpon|[spread] p2a,p2b\n|-damage|p2a: Ogerpon|0 fnt\n|-damage|p2b: Landorus|0 fnt\n|faint|p2a: Ogerpon\n|faint|p2b: Landorus\n|move|p1a: Armarouge|Armor Cannon|p2: Ogerpon|[notarget]\n|-fail|p1a: Armarouge\n|\n|-weather|SunnyDay|[upkeep]\n|-heal|p1a: Armarouge|81\/100|[from] Grassy Terrain\n|-fieldend|move: Trick Room\n|upkeep\n|\n|t:|1700530892\n|switch|p2a: Regieleki|Regieleki, L50|100\/100\n|turn|6\n|\n|t:|1700530901\n|move|p1b: Torkoal|Protect|p1b: Torkoal\n|-singleturn|p1b: Torkoal|Protect\n|move|p2a: Regieleki|Volt Switch|p1b: Torkoal\n|-activate|p1b: Torkoal|move: Protect\n|move|p1a: Armarouge|Trick Room|p1a: Armarouge\n|-fieldstart|move: Trick Room|[of] p1a: Armarouge\n|\n|-weather|SunnyDay|[upkeep]\n|-heal|p1a: Armarouge|86\/100|[from] Grassy Terrain\n|-fieldend|move: Grassy Terrain\n|upkeep\n|turn|7\n|c|\u2606ELopez03|i had intercourse with your father\n|inactive|ELopez03 has 30 seconds left.\n|-message|ELopez03 forfeited.\n|\n|win|joey71\n|raw|joey71's rating: 1077 &rarr; <strong>1111<\/strong><br \/>(+34 for winning)\n|raw|ELopez03's rating: 1142 &rarr; <strong>1112<\/strong><br \/>(-30 for losing)\n|l|\u2606ELopez03\n","uploadtime":1700530950,"views":2,"p1id":"joey71","p2id":"elopez03","formatid":"gen9vgc2023regulatione","rating":1111,"private":0,"password":""}