{"id":"gen9vgc2023regulatione-1998099179","p1":"That_Leek","p2":"Dioxide8","format":"[Gen 9] VGC 2023 Regulation E","log":"|j|\u2606That_Leek\n|j|\u2606Dioxide8\n|t:|1700891126\n|gametype|doubles\n|player|p1|That_Leek|blue|1520\n|player|p2|Dioxide8|youngster-gen4dp|1626\n|teamsize|p1|6\n|teamsize|p2|6\n|gen|9\n|tier|[Gen 9] VGC 2023 Regulation E\n|rated|\n|rule|Species Clause: Limit one of each Pok\u00e9mon\n|rule|Item Clause: Limit one of each item\n|clearpoke\n|poke|p1|Gholdengo, L50|\n|poke|p1|Ogerpon-Wellspring, L50, F|\n|poke|p1|Arcanine-Hisui, L50, M|\n|poke|p1|Chien-Pao, L50|\n|poke|p1|Scream Tail, L50|\n|poke|p1|Dragonite, L50, M|\n|poke|p2|Dragonite, L50, F|\n|poke|p2|Rillaboom, L50, M|\n|poke|p2|Chi-Yu, L50|\n|poke|p2|Ogerpon-Hearthflame, L50, F|\n|poke|p2|Chien-Pao, L50|\n|poke|p2|Flutter Mane, L50|\n|teampreview|4\nThat_Leek has agreed to open team sheets.\n|inactive|Battle timer is ON: inactive players will automatically lose when time's up. (requested by Dioxide8)\n|j| Braindeadmeta\n|inactive|That_Leek has 60 seconds left.\n|\n|t:|1700891183\n|start\n|switch|p1a: Arcanine|Arcanine-Hisui, L50, M|100\/100\n|switch|p1b: Scream Tail|Scream Tail, L50|100\/100\n|switch|p2a: Dragonite|Dragonite, L50, F, shiny|100\/100\n|switch|p2b: Chien-Pao|Chien-Pao, L50|100\/100\n|-ability|p2b: Chien-Pao|Sword of Ruin\n|-ability|p1a: Arcanine|Intimidate|boost\n|-fail|p2a: Dragonite|unboost|Attack|[from] ability: Inner Focus|[of] p2a: Dragonite\n|-unboost|p2b: Chien-Pao|atk|1\n|-enditem|p1b: Scream Tail|Booster Energy\n|-activate|p1b: Scream Tail|ability: Protosynthesis|[fromitem]\n|-start|p1b: Scream Tail|protosynthesisspe\n|turn|1\n|\n|t:|1700891195\n|-terastallize|p2a: Dragonite|Normal\n|move|p2b: Chien-Pao|Protect|p2b: Chien-Pao\n|-singleturn|p2b: Chien-Pao|Protect\n|move|p2a: Dragonite|Extreme Speed|p1b: Scream Tail\n|-damage|p1b: Scream Tail|40\/100\n|move|p1b: Scream Tail|Thunder Wave|p2a: Dragonite\n|-status|p2a: Dragonite|par\n|move|p1a: Arcanine|Rock Slide|p2b: Chien-Pao|[spread] p2a\n|-activate|p2b: Chien-Pao|move: Protect\n|-damage|p2a: Dragonite|50\/100 par\n|\n|upkeep\n|turn|2\n|inactive|Dioxide8 has 30 seconds left.\n|\n|t:|1700891222\n|switch|p2b: Ogerpon|Ogerpon-Hearthflame, L50, F|100\/100\n|-ability|p2b: Ogerpon|Mold Breaker\n|move|p2a: Dragonite|Extreme Speed|p1b: Scream Tail\n|-damage|p1b: Scream Tail|0 fnt\n|faint|p1b: Scream Tail\n|-end|p1b: Scream Tail|Protosynthesis|[silent]\n|move|p1a: Arcanine|Rock Slide|p2a: Dragonite|[spread] p2a,p2b\n|-supereffective|p2b: Ogerpon\n|-damage|p2a: Dragonite|7\/100 par\n|-damage|p2b: Ogerpon|16\/100\n|\n|upkeep\n|\n|t:|1700891237\n|switch|p1b: Ogerpon|Ogerpon-Wellspring, L50, F|100\/100\n|turn|3\n|\n|t:|1700891255\n|switch|p2a: Rillaboom|Rillaboom, L50, M|100\/100\n|-fieldstart|move: Grassy Terrain|[from] ability: Grassy Surge|[of] p2a: Rillaboom\n|move|p1b: Ogerpon|Spiky Shield|p1b: Ogerpon\n|-singleturn|p1b: Ogerpon|move: Protect\n|move|p2b: Ogerpon|Grassy Glide|p1b: Ogerpon\n|-activate|p1b: Ogerpon|move: Protect\n|-damage|p2b: Ogerpon|4\/100|[from] Spiky Shield|[of] p1b: Ogerpon\n|move|p1a: Arcanine|Rock Slide|p2a: Rillaboom|[spread] p2a,p2b\n|-supereffective|p2b: Ogerpon\n|-damage|p2a: Rillaboom|61\/100\n|-damage|p2b: Ogerpon|0 fnt\n|faint|p2b: Ogerpon\n|\n|-heal|p2a: Rillaboom|67\/100|[from] Grassy Terrain\n|upkeep\n|\n|t:|1700891272\n|switch|p2b: Dragonite|Dragonite, L50, F, shiny, tera:Normal|7\/100 par\n|turn|4\n|j| yarcii\n|\n|t:|1700891281\n|move|p2a: Rillaboom|Fake Out|p1a: Arcanine\n|-resisted|p1a: Arcanine\n|-damage|p1a: Arcanine|92\/100\n|move|p1b: Ogerpon|Follow Me|p1b: Ogerpon\n|-singleturn|p1b: Ogerpon|move: Follow Me\n|move|p2b: Dragonite|Extreme Speed|p1b: Ogerpon\n|-damage|p1b: Ogerpon|39\/100\n|cant|p1a: Arcanine|flinch\n|\n|-heal|p1a: Arcanine|98\/100|[from] Grassy Terrain\n|-heal|p1b: Ogerpon|45\/100|[from] Grassy Terrain\n|-heal|p2a: Rillaboom|73\/100|[from] Grassy Terrain\n|-heal|p2b: Dragonite|13\/100 par|[from] Grassy Terrain\n|upkeep\n|turn|5\n|\n|t:|1700891298\n|move|p1b: Ogerpon|Spiky Shield|p1b: Ogerpon\n|-singleturn|p1b: Ogerpon|move: Protect\n|move|p2b: Dragonite|Extreme Speed|p1a: Arcanine\n|-resisted|p1a: Arcanine\n|-damage|p1a: Arcanine|52\/100\n|move|p2a: Rillaboom|Grassy Glide|p1a: Arcanine\n|-damage|p1a: Arcanine|0 fnt\n|faint|p1a: Arcanine\n|\n|-heal|p1b: Ogerpon|51\/100|[from] Grassy Terrain\n|-heal|p2a: Rillaboom|79\/100|[from] Grassy Terrain\n|-heal|p2b: Dragonite|19\/100 par|[from] Grassy Terrain\n|upkeep\n|\n|t:|1700891310\n|switch|p1a: Chien-Pao|Chien-Pao, L50|100\/100\n|-ability|p1a: Chien-Pao|Sword of Ruin\n|turn|6\n|\n|t:|1700891326\n|-terastallize|p1a: Chien-Pao|Ghost\n|move|p2b: Dragonite|Extreme Speed|p1a: Chien-Pao\n|-immune|p1a: Chien-Pao\n|move|p2a: Rillaboom|Grassy Glide|p1b: Ogerpon\n|-damage|p1b: Ogerpon|0 fnt\n|faint|p1b: Ogerpon\n|move|p1a: Chien-Pao|Ice Spinner|p2a: Rillaboom\n|-supereffective|p2a: Rillaboom\n|-damage|p2a: Rillaboom|0 fnt\n|-fieldend|move: Grassy Terrain\n|faint|p2a: Rillaboom\n|\n|upkeep\n|\n|t:|1700891337\n|switch|p2a: Chien-Pao|Chien-Pao, L50|100\/100\n|-ability|p2a: Chien-Pao|Sword of Ruin\n|turn|7\n|\n|t:|1700891342\n|cant|p2b: Dragonite|par\n|move|p2a: Chien-Pao|Sucker Punch|p1a: Chien-Pao\n|-supereffective|p1a: Chien-Pao\n|-enditem|p1a: Chien-Pao|Focus Sash\n|-damage|p1a: Chien-Pao|1\/100\n|move|p1a: Chien-Pao|Sacred Sword|p2a: Chien-Pao\n|-supereffective|p2a: Chien-Pao\n|-enditem|p2a: Chien-Pao|Focus Sash\n|-damage|p2a: Chien-Pao|1\/100\n|\n|upkeep\n|turn|8\n|\n|t:|1700891353\n|move|p2b: Dragonite|Extreme Speed|p1a: Chien-Pao\n|-immune|p1a: Chien-Pao\n|move|p1a: Chien-Pao|Sucker Punch|p2a: Chien-Pao\n|-resisted|p2a: Chien-Pao\n|-damage|p2a: Chien-Pao|0 fnt\n|faint|p2a: Chien-Pao\n|\n|upkeep\n|turn|9\n|c|\u2606That_Leek|gg\n|c|\u2606Dioxide8|Gg\n|c|\u2606Dioxide8|came down to the speed tie haha\n|inactive|Dioxide8 has 30 seconds left.\n|c|\u2606That_Leek|yeah\n|\n|t:|1700891384\n|move|p2b: Dragonite|Extreme Speed|p1a: Chien-Pao\n|-immune|p1a: Chien-Pao\n|move|p1a: Chien-Pao|Sacred Sword|p2b: Dragonite\n|-supereffective|p2b: Dragonite\n|-damage|p2b: Dragonite|0 fnt\n|faint|p2b: Dragonite\n|\n|win|That_Leek\n|raw|That_Leek's rating: 1502 &rarr; <strong>1529<\/strong><br \/>(+27 for winning)\n|raw|Dioxide8's rating: 1626 &rarr; <strong>1599<\/strong><br \/>(-27 for losing)\n|c|\u2606That_Leek|altho a lot of Pao are adamant now\n|l| Braindeadmeta\n","uploadtime":1700891393,"views":2,"p1id":"thatleek","p2id":"dioxide8","formatid":"gen9vgc2023regulatione","rating":1529,"private":0,"password":""}