{"id":"gen9vgc2023regulatione-1996811864","p1":"Bulba9933","p2":"ScreechPowers","format":"[Gen 9] VGC 2023 Regulation E","log":"|j|\u2606Bulba9933\n|j|\u2606ScreechPowers\n|t:|1700729278\n|gametype|doubles\n|player|p1|Bulba9933|erika|1131\n|player|p2|ScreechPowers|101|1046\n|teamsize|p1|6\n|teamsize|p2|6\n|gen|9\n|tier|[Gen 9] VGC 2023 Regulation E\n|rated|\n|rule|Species Clause: Limit one of each Pok\u00e9mon\n|rule|Item Clause: Limit one of each item\n|clearpoke\n|poke|p1|Politoed, L50, M|\n|poke|p1|Gothitelle, L50, F|\n|poke|p1|Flutter Mane, L50|\n|poke|p1|Amoonguss, L50, F|\n|poke|p1|Kingambit, L50, F|\n|poke|p1|Salamence, L50, M|\n|poke|p2|Dipplin, L50, M|\n|poke|p2|Arcanine-Hisui, L50, M|\n|poke|p2|Sinistcha, L50|\n|poke|p2|Flutter Mane, L50|\n|poke|p2|Chi-Yu, L50|\n|poke|p2|Iron Bundle, L50|\n|teampreview|4\n|inactive|Battle timer is ON: inactive players will automatically lose when time's up. (requested by Bulba9933)\nBulba9933 has agreed to open team sheets.\n|\n|t:|1700729338\n|start\n|switch|p1a: Kingambit|Kingambit, L50, F, shiny|100\/100\n|switch|p1b: Politoed|Politoed, L50, M, shiny|100\/100\n|switch|p2a: Chi-Yu|Chi-Yu, L50|100\/100\n|switch|p2b: Dipplin|Dipplin, L50, M, shiny|100\/100\n|-ability|p2a: Chi-Yu|Beads of Ruin\n|-weather|RainDance|[from] ability: Drizzle|[of] p1b: Politoed\n|-ability|p2b: Dipplin|Supersweet Syrup\n|-ability|p2b: Dipplin|Supersweet Syrup|boost\n|-unboost|p1a: Kingambit|evasion|1\n|-ability|p1a: Kingambit|Defiant|boost\n|-boost|p1a: Kingambit|atk|2\n|-unboost|p1b: Politoed|evasion|1\n|turn|1\n|inactive|Bulba9933 has 30 seconds left.\n|inactive|ScreechPowers has 30 seconds left.\n|\n|t:|1700729369\n|move|p2a: Chi-Yu|Heat Wave|p1b: Politoed|[spread] p1a,p1b\n|-supereffective|p1a: Kingambit\n|-resisted|p1b: Politoed\n|-damage|p1a: Kingambit|31\/100\n|-damage|p1b: Politoed|85\/100\n|move|p1b: Politoed|Weather Ball|p2a: Chi-Yu\n|-supereffective|p2a: Chi-Yu\n|-damage|p2a: Chi-Yu|1\/100\n|move|p1a: Kingambit|Swords Dance|p1a: Kingambit\n|-boost|p1a: Kingambit|atk|2\n|move|p2b: Dipplin|Reflect|p2b: Dipplin\n|-sidestart|p2: ScreechPowers|Reflect\n|\n|-weather|RainDance|[upkeep]\n|-heal|p1b: Politoed|91\/100|[from] item: Leftovers\n|upkeep\n|turn|2\n|\n|t:|1700729392\n|switch|p1b: Amoonguss|Amoonguss, L50, F, shiny|100\/100\n|move|p1a: Kingambit|Sucker Punch|p2a: Chi-Yu\n|-resisted|p2a: Chi-Yu\n|-damage|p2a: Chi-Yu|0 fnt\n|faint|p2a: Chi-Yu\n|move|p2b: Dipplin|Pollen Puff|p2: Chi-Yu|[notarget]\n|-fail|p2b: Dipplin\n|\n|-weather|RainDance|[upkeep]\n|upkeep\n|\n|t:|1700729404\n|switch|p2a: Iron Bundle|Iron Bundle, L50|100\/100\n|-enditem|p2a: Iron Bundle|Booster Energy\n|-activate|p2a: Iron Bundle|ability: Quark Drive|[fromitem]\n|-start|p2a: Iron Bundle|quarkdrivespe\n|turn|3\n|inactive|ScreechPowers has 30 seconds left.\n|inactive|ScreechPowers has 20 seconds left.\n|inactive|ScreechPowers has 15 seconds left.\n|\n|t:|1700729445\n|move|p1a: Kingambit|Protect|p1a: Kingambit\n|-singleturn|p1a: Kingambit|Protect\n|move|p2a: Iron Bundle|Icy Wind|p1b: Amoonguss|[spread] p1b\n|-activate|p1a: Kingambit|move: Protect\n|-supereffective|p1b: Amoonguss\n|-damage|p1b: Amoonguss|70\/100\n|-unboost|p1b: Amoonguss|spe|1\n|move|p2b: Dipplin|Pollen Puff|p2a: Iron Bundle\n|-immune|p2a: Iron Bundle\n|move|p1b: Amoonguss|Spore|p2a: Iron Bundle\n|-status|p2a: Iron Bundle|slp|[from] move: Spore\n|\n|-weather|RainDance|[upkeep]\n|upkeep\n|turn|4\n|inactive|Bulba9933 has 30 seconds left.\n|inactive|ScreechPowers has 30 seconds left.\n|inactive|ScreechPowers has 20 seconds left.\n|inactive|ScreechPowers has 15 seconds left.\n|\n|t:|1700729488\n|switch|p2b: Flutter Mane|Flutter Mane, L50, shiny|100\/100\n|cant|p2a: Iron Bundle|slp\n|move|p1a: Kingambit|Kowtow Cleave|p2a: Iron Bundle\n|-damage|p2a: Iron Bundle|0 fnt\n|faint|p2a: Iron Bundle\n|-end|p2a: Iron Bundle|Quark Drive|[silent]\n|move|p1b: Amoonguss|Spore|p2b: Flutter Mane\n|-status|p2b: Flutter Mane|slp|[from] move: Spore\n|\n|-weather|RainDance|[upkeep]\n|upkeep\n|\n|t:|1700729495\n|switch|p2a: Dipplin|Dipplin, L50, M, shiny|100\/100\n|turn|5\n|\n|t:|1700729510\n|-terastallize|p2b: Flutter Mane|Fairy\n|cant|p2b: Flutter Mane|slp\n|move|p1a: Kingambit|Kowtow Cleave|p2b: Flutter Mane\n|-resisted|p2b: Flutter Mane\n|-damage|p2b: Flutter Mane|9\/100 slp\n|move|p2a: Dipplin|Giga Drain|p1a: Kingambit\n|-resisted|p1a: Kingambit\n|-damage|p1a: Kingambit|17\/100\n|move|p1b: Amoonguss|Pollen Puff|p1a: Kingambit\n|-heal|p1a: Kingambit|67\/100\n|\n|-weather|none\n|-sideend|p2: ScreechPowers|Reflect\n|upkeep\n|turn|6\n|inactive|Bulba9933 has 30 seconds left.\n|inactive|Bulba9933 has 20 seconds left.\n|\n|t:|1700729547\n|move|p1b: Amoonguss|Rage Powder|p1b: Amoonguss\n|-singleturn|p1b: Amoonguss|move: Rage Powder\n|-curestatus|p2b: Flutter Mane|slp|[msg]\n|move|p2b: Flutter Mane|Dazzling Gleam|p1a: Kingambit|[spread] p1a,p1b\n|-resisted|p1b: Amoonguss\n|-damage|p1a: Kingambit|26\/100\n|-damage|p1b: Amoonguss|54\/100\n|move|p1a: Kingambit|Kowtow Cleave|p2b: Flutter Mane\n|-resisted|p2b: Flutter Mane\n|-damage|p2b: Flutter Mane|0 fnt\n|faint|p2b: Flutter Mane\n|-end|p2b: Flutter Mane|Protosynthesis|[silent]\n|move|p2a: Dipplin|Pollen Puff|p2: Flutter Mane|[notarget]\n|-fail|p2a: Dipplin\n|\n|upkeep\n|turn|7\n|-message|ScreechPowers forfeited.\n|\n|win|Bulba9933\n|raw|Bulba9933's rating: 1131 &rarr; <strong>1150<\/strong><br \/>(+19 for winning)\n|raw|ScreechPowers's rating: 1046 &rarr; <strong>1033<\/strong><br \/>(-13 for losing)\n|l|\u2606ScreechPowers\n","uploadtime":1700729567,"views":13,"p1id":"bulba9933","p2id":"screechpowers","formatid":"gen9vgc2023regulatione","rating":1033,"private":0,"password":""}