{"id":"gen9vgc2023regulatione-1998712133","p1":"erastourts","p2":"whyismynamejeff","format":"[Gen 9] VGC 2023 Regulation E","log":"|j|\u2606erastourts\n|j|\u2606whyismynamejeff\n|t:|1700976298\n|gametype|doubles\n|player|p1|erastourts|266|1120\n|player|p2|whyismynamejeff|colress|1077\n|teamsize|p1|6\n|teamsize|p2|6\n|gen|9\n|tier|[Gen 9] VGC 2023 Regulation E\n|rated|\n|rule|Species Clause: Limit one of each Pok\u00e9mon\n|rule|Item Clause: Limit one of each item\n|clearpoke\n|poke|p1|Tornadus, L50, M|\n|poke|p1|Urshifu-*, L50, F|\n|poke|p1|Ursaluna-Bloodmoon, L50, M|\n|poke|p1|Oranguru, L50, F|\n|poke|p1|Flutter Mane, L50|\n|poke|p1|Iron Hands, L50|\n|poke|p2|Ogerpon-Wellspring, L50, F|\n|poke|p2|Regieleki, L50|\n|poke|p2|Indeedee-F, L50, F|\n|poke|p2|Tornadus, L50, M|\n|poke|p2|Chi-Yu, L50|\n|poke|p2|Flutter Mane, L50|\n|teampreview|4\n|\n|t:|1700976324\n|start\n|switch|p1a: Tornadus|Tornadus, L50, M|100\/100\n|switch|p1b: Urshifu|Urshifu-Rapid-Strike, L50, F|100\/100\n|switch|p2a: Regieleki|Regieleki, L50|100\/100\n|switch|p2b: Indeedee|Indeedee-F, L50, F|100\/100\n|-fieldstart|move: Psychic Terrain|[from] ability: Psychic Surge|[of] p2b: Indeedee\n|-enditem|p2b: Indeedee|Psychic Seed\n|-boost|p2b: Indeedee|spd|1|[from] item: Psychic Seed\n|turn|1\n|\n|t:|1700976359\n|switch|p1b: Iron Hands|Iron Hands, L50|100\/100\n|-terastallize|p1a: Tornadus|Ghost\n|move|p2b: Indeedee|Follow Me|p2b: Indeedee\n|-singleturn|p2b: Indeedee|move: Follow Me\n|move|p2a: Regieleki|Thunderbolt|p1a: Tornadus\n|-damage|p1a: Tornadus|36\/100\n|move|p1a: Tornadus|Bleakwind Storm|p2a: Regieleki|[spread] p2a,p2b\n|-resisted|p2a: Regieleki\n|-damage|p2a: Regieleki|74\/100\n|-damage|p2b: Indeedee|82\/100\n|\n|upkeep\n|turn|2\n|\n|t:|1700976382\n|move|p2a: Regieleki|Protect|p2a: Regieleki\n|-singleturn|p2a: Regieleki|Protect\n|move|p1a: Tornadus|Tailwind|p1a: Tornadus\n|-sidestart|p1: erastourts|move: Tailwind\n|move|p1b: Iron Hands|Wild Charge|p2b: Indeedee\n|-damage|p2b: Indeedee|31\/100\n|-damage|p1b: Iron Hands|91\/100|[from] Recoil\n|move|p2b: Indeedee|Psychic|p1a: Tornadus\n|-crit|p1a: Tornadus\n|-damage|p1a: Tornadus|0 fnt\n|faint|p1a: Tornadus\n|\n|upkeep\n|\n|t:|1700976395\n|switch|p1a: Flutter Mane|Flutter Mane, L50|100\/100\n|-enditem|p1a: Flutter Mane|Booster Energy\n|-activate|p1a: Flutter Mane|ability: Protosynthesis|[fromitem]\n|-start|p1a: Flutter Mane|protosynthesisspa\n|turn|3\n|\n|t:|1700976405\n|move|p1a: Flutter Mane|Protect|p1a: Flutter Mane\n|-singleturn|p1a: Flutter Mane|Protect\n|move|p2b: Indeedee|Follow Me|p2b: Indeedee\n|-singleturn|p2b: Indeedee|move: Follow Me\n|move|p2a: Regieleki|Electroweb|p1a: Flutter Mane|[spread] p1b\n|-activate|p1a: Flutter Mane|move: Protect\n|-resisted|p1b: Iron Hands\n|-damage|p1b: Iron Hands|85\/100\n|-unboost|p1b: Iron Hands|spe|1\n|move|p1b: Iron Hands|Wild Charge|p2b: Indeedee\n|-damage|p2b: Indeedee|0 fnt\n|faint|p2b: Indeedee\n|-damage|p1b: Iron Hands|79\/100|[from] Recoil\n|\n|upkeep\n|\n|t:|1700976421\n|switch|p2b: Ogerpon|Ogerpon-Wellspring, L50, F|100\/100\n|turn|4\n|inactive|Battle timer is ON: inactive players will automatically lose when time's up. (requested by erastourts)\n|inactive|whyismynamejeff has 60 seconds left.\n|\n|t:|1700976562\n|move|p2a: Regieleki|Protect|p2a: Regieleki\n|-singleturn|p2a: Regieleki|Protect\n|move|p2b: Ogerpon|Spiky Shield|p2b: Ogerpon\n|-singleturn|p2b: Ogerpon|move: Protect\n|move|p1a: Flutter Mane|Moonblast|p2b: Ogerpon\n|-activate|p2b: Ogerpon|move: Protect\n|move|p1b: Iron Hands|Drain Punch|p2a: Regieleki\n|-activate|p2a: Regieleki|move: Protect\n|\n|upkeep\n|turn|5\n|inactive|erastourts has 30 seconds left.\n|inactive|whyismynamejeff has 30 seconds left.\n|inactive|erastourts has 20 seconds left.\n|inactive|erastourts has 15 seconds left.\n|\n|t:|1700976605\n|move|p1a: Flutter Mane|Moonblast|p2b: Ogerpon\n|-damage|p2b: Ogerpon|18\/100\n|move|p2a: Regieleki|Electroweb|p1b: Iron Hands|[spread] p1a,p1b\n|-resisted|p1b: Iron Hands\n|-damage|p1a: Flutter Mane|70\/100\n|-damage|p1b: Iron Hands|73\/100\n|-unboost|p1a: Flutter Mane|spe|1\n|-unboost|p1b: Iron Hands|spe|1\n|move|p2b: Ogerpon|Horn Leech|p1b: Iron Hands\n|-damage|p1b: Iron Hands|41\/100\n|-heal|p2b: Ogerpon|43\/100|[from] drain|[of] p1b: Iron Hands\n|move|p1b: Iron Hands|Wild Charge|p2b: Ogerpon\n|-damage|p2b: Ogerpon|0 fnt\n|faint|p2b: Ogerpon\n|-damage|p1b: Iron Hands|35\/100|[from] Recoil\n|\n|-sideend|p1: erastourts|move: Tailwind\n|-fieldend|move: Psychic Terrain\n|upkeep\n|\n|t:|1700976621\n|switch|p2b: Chi-Yu|Chi-Yu, L50|100\/100\n|-ability|p2b: Chi-Yu|Beads of Ruin\n|turn|6\n|inactive|erastourts has 30 seconds left.\n|inactive|erastourts has 20 seconds left.\n|\n|t:|1700976660\n|-terastallize|p2b: Chi-Yu|Fire\n|move|p1a: Flutter Mane|Protect|p1a: Flutter Mane\n|-singleturn|p1a: Flutter Mane|Protect\n|move|p2a: Regieleki|Thunderbolt|p1a: Flutter Mane\n|-activate|p1a: Flutter Mane|move: Protect\n|move|p2b: Chi-Yu|Heat Wave|p1a: Flutter Mane|[spread] \n|-activate|p1a: Flutter Mane|move: Protect\n|-miss|p2b: Chi-Yu|p1b: Iron Hands\n|move|p1b: Iron Hands|Drain Punch|p2a: Regieleki\n|-damage|p2a: Regieleki|7\/100\n|-heal|p1b: Iron Hands|60\/100|[from] drain|[of] p2a: Regieleki\n|\n|upkeep\n|turn|7\n|c|\u2606erastourts|this is awkward\n|inactive|erastourts has 30 seconds left.\n|c|\u2606whyismynamejeff|how did it miss :l\n|inactive|erastourts has 20 seconds left.\n|inactive|erastourts has 15 seconds left.\n|inactive|erastourts has 10 seconds left.\n|c|\u2606erastourts|i would rather that kills my hands\n|inactive|erastourts has 5 seconds left.\n|\n|t:|1700976711\n|move|p1a: Flutter Mane|Protect|p1a: Flutter Mane\n|-singleturn|p1a: Flutter Mane|Protect\n|move|p2a: Regieleki|Thunderbolt|p1a: Flutter Mane\n|-activate|p1a: Flutter Mane|move: Protect\n|move|p2b: Chi-Yu|Heat Wave|p1a: Flutter Mane|[spread] p1b\n|-activate|p1a: Flutter Mane|move: Protect\n|-damage|p1b: Iron Hands|20\/100\n|-damage|p2b: Chi-Yu|91\/100|[from] item: Life Orb\n|move|p1b: Iron Hands|Drain Punch|p2a: Regieleki\n|-damage|p2a: Regieleki|0 fnt\n|-heal|p1b: Iron Hands|22\/100|[from] drain|[of] p2a: Regieleki\n|faint|p2a: Regieleki\n|\n|upkeep\n|turn|8\n|c|\u2606whyismynamejeff|how you protect twice in a row\n|\n|t:|1700976734\n|move|p2b: Chi-Yu|Heat Wave|p1b: Iron Hands|[spread] p1a,p1b\n|-damage|p1a: Flutter Mane|0 fnt\n|-damage|p1b: Iron Hands|0 fnt\n|faint|p1a: Flutter Mane\n|-end|p1a: Flutter Mane|Protosynthesis|[silent]\n|faint|p1b: Iron Hands\n|-end|p1b: Iron Hands|Quark Drive|[silent]\n|-damage|p2b: Chi-Yu|81\/100|[from] item: Life Orb\n|\n|upkeep\n|c|\u2606erastourts|pure skills\n|\n|t:|1700976743\n|switch|p1b: Urshifu|Urshifu-Rapid-Strike, L50, F|100\/100\n|turn|9\n|c|\u2606whyismynamejeff|ohhhhh\n|\n|t:|1700976755\n|move|p1b: Urshifu|Aqua Jet|p2b: Chi-Yu\n|-supereffective|p2b: Chi-Yu\n|-damage|p2b: Chi-Yu|0 fnt\n|faint|p2b: Chi-Yu\n|\n|win|erastourts\n|raw|erastourts's rating: 1120 &rarr; <strong>1142<\/strong><br \/>(+22 for winning)\n|raw|whyismynamejeff's rating: 1077 &rarr; <strong>1058<\/strong><br \/>(-19 for losing)\n|c|\u2606whyismynamejeff|gg\n","uploadtime":1700976764,"views":9,"p1id":"erastourts","p2id":"whyismynamejeff","formatid":"gen9vgc2023regulatione","rating":1058,"private":0,"password":""}