{"id":"gen9vgc2023regulatione-1996075552","p1":"sempra","p2":"BravadoVGC","format":"[Gen 9] VGC 2023 Regulation E","log":"|j|\u2606sempra\n|j|\u2606BravadoVGC\n|n|\u2606sempra|sempra\n|n|\u2606BravadoVGC|bravadovgc\n|html|View the match progress at <a href=\"\/game-bestof3-gen9vgc2023regulatione-1996074836\">game-bestof3-gen9vgc2023regulatione-1996074836<\/a>\n|t:|1700640037\n|gametype|doubles\n|player|p1|sempra|#scl3machines|\n|player|p2|BravadoVGC|101|\n|teamsize|p1|6\n|teamsize|p2|6\n|gen|9\n|tier|[Gen 9] VGC 2023 Regulation E\n|rated|Tournament battle\n|rule|Species Clause: Limit one of each Pok\u00e9mon\n|rule|Item Clause: Limit one of each item\n|clearpoke\n|poke|p1|Pelipper, L50, F|\n|poke|p1|Urshifu-*, L50, F|\n|poke|p1|Iron Hands, L50|\n|poke|p1|Rillaboom, L50, F|\n|poke|p1|Gholdengo, L50|\n|poke|p1|Chien-Pao, L50|\n|poke|p2|Regidrago, L50|\n|poke|p2|Indeedee-F, L50, F|\n|poke|p2|Armarouge, L50, F|\n|poke|p2|Ursaluna, L50, F|\n|poke|p2|Torkoal, L50, M|\n|poke|p2|Lilligant-Hisui, L50, F|\n|teampreview|4\n|showteam|p1|Pelipper||RockyHelmet|Drizzle|WeatherBall,Hurricane,WideGuard,Protect|||F|||50|,,,,,Ghost]Urshifu-Rapid-Strike||ChoiceScarf|UnseenFist|SurgingStrikes,CloseCombat,AquaJet,Uturn|||F|||50|,,,,,Water]Iron Hands||AssaultVest|QuarkDrive|FakeOut,DrainPunch,WildCharge,HeavySlam||||||50|,,,,,Grass]Rillaboom||MiracleSeed|GrassySurge|FakeOut,GrassyGlide,WoodHammer,Protect|||F|||50|,,,,,Grass]Gholdengo||Leftovers|GoodasGold|MakeItRain,ShadowBall,NastyPlot,Protect||||||50|,,,,,Dragon]Chien-Pao||FocusSash|SwordofRuin|IcicleCrash,SuckerPunch,Taunt,Protect||||||50|,,,,,Ghost\n|showteam|p2|Regidrago||ChoiceScarf|DragonsMaw|DragonEnergy,DracoMeteor,DragonPulse,EarthPower||||||50|,,,,,Dragon]Indeedee-F||RockyHelmet|PsychicSurge|FollowMe,HelpingHand,TrickRoom,DazzlingGleam|||F|||50|,,,,,Fire]Armarouge||LifeOrb|FlashFire|ExpandingForce,HeatWave,TrickRoom,Protect|||F|||50|,,,,,Psychic]Ursaluna||FlameOrb|Guts|Facade,HeadlongRush,Earthquake,Protect|||F|||50|,,,,,Ghost]Torkoal||Charcoal|Drought|Eruption,HeatWave,EarthPower,Protect|||M|||50|,,,,,Fire]Lilligant-Hisui||FocusSash|Chlorophyll|CloseCombat,SolarBlade,AfterYou,SleepPowder|||F|||50|,,,,,Ghost\n|inactive|Battle timer is ON: inactive players will automatically lose when time's up. (requested by BravadoVGC)\n|inactive|sempra also wants the timer to be on.\n|j| Fair Playz Gamer\n|\n|t:|1700640050\n|start\n|switch|p1a: Gholdengo|Gholdengo, L50, shiny|100\/100\n|switch|p1b: Pelipper|Pelipper, L50, F|100\/100\n|switch|p2a: Regidrago|Regidrago, L50|100\/100\n|switch|p2b: Indeedee|Indeedee-F, L50, F|100\/100\n|-weather|RainDance|[from] ability: Drizzle|[of] p1b: Pelipper\n|-fieldstart|move: Psychic Terrain|[from] ability: Psychic Surge|[of] p2b: Indeedee\n|turn|1\n|j| 101alt\n|\n|t:|1700640068\n|-terastallize|p2a: Regidrago|Dragon\n|move|p2b: Indeedee|Helping Hand|p2a: Regidrago\n|-singleturn|p2a: Regidrago|Helping Hand|[of] p2b: Indeedee\n|move|p1b: Pelipper|Protect|p1b: Pelipper\n|-singleturn|p1b: Pelipper|Protect\n|move|p2a: Regidrago|Dragon Energy|p1a: Gholdengo|[spread] p1a\n|-activate|p1b: Pelipper|move: Protect\n|-resisted|p1a: Gholdengo\n|-damage|p1a: Gholdengo|20\/100\n|move|p1a: Gholdengo|Nasty Plot|p1a: Gholdengo\n|-boost|p1a: Gholdengo|spa|2\n|\n|-weather|RainDance|[upkeep]\n|-heal|p1a: Gholdengo|26\/100|[from] item: Leftovers\n|upkeep\n|turn|2\n|\n|t:|1700640082\n|switch|p2a: Torkoal|Torkoal, L50, M|100\/100\n|-weather|SunnyDay|[from] ability: Drought|[of] p2a: Torkoal\n|move|p1b: Pelipper|Wide Guard|p1b: Pelipper\n|-singleturn|p1b: Pelipper|Wide Guard\n|move|p1a: Gholdengo|Make It Rain|p2a: Torkoal|[spread] p2a,p2b\n|-resisted|p2a: Torkoal\n|-damage|p2a: Torkoal|48\/100\n|-damage|p2b: Indeedee|12\/100\n|-unboost|p1a: Gholdengo|spa|1\n|move|p2b: Indeedee|Trick Room|p2b: Indeedee\n|-fieldstart|move: Trick Room|[of] p2b: Indeedee\n|\n|-weather|SunnyDay|[upkeep]\n|-heal|p1a: Gholdengo|32\/100|[from] item: Leftovers\n|upkeep\n|turn|3\n|\n|t:|1700640099\n|switch|p1b: Rillaboom|Rillaboom, L50, F, shiny|100\/100\n|-fieldstart|move: Grassy Terrain|[from] ability: Grassy Surge|[of] p1b: Rillaboom\n|move|p2b: Indeedee|Helping Hand|p2a: Torkoal\n|-singleturn|p2a: Torkoal|Helping Hand|[of] p2b: Indeedee\n|move|p1a: Gholdengo|Protect|p1a: Gholdengo\n|-singleturn|p1a: Gholdengo|Protect\n|move|p2a: Torkoal|Earth Power|p1a: Gholdengo\n|-activate|p1a: Gholdengo|move: Protect\n|\n|-weather|SunnyDay|[upkeep]\n|-heal|p2a: Torkoal|54\/100|[from] Grassy Terrain\n|-heal|p2b: Indeedee|19\/100|[from] Grassy Terrain\n|-heal|p1a: Gholdengo|39\/100|[from] Grassy Terrain\n|-heal|p1a: Gholdengo|45\/100|[from] item: Leftovers\n|upkeep\n|turn|4\n|\n|t:|1700640117\n|switch|p2b: Ursaluna|Ursaluna, L50, F|100\/100\n|move|p2a: Torkoal|Protect|p2a: Torkoal\n|-singleturn|p2a: Torkoal|Protect\n|move|p1b: Rillaboom|Fake Out|p2a: Torkoal\n|-activate|p2a: Torkoal|move: Protect\n|move|p1a: Gholdengo|Nasty Plot|p1a: Gholdengo\n|-boost|p1a: Gholdengo|spa|2\n|\n|-weather|SunnyDay|[upkeep]\n|-heal|p2a: Torkoal|60\/100|[from] Grassy Terrain\n|-heal|p1a: Gholdengo|51\/100|[from] Grassy Terrain\n|-heal|p1a: Gholdengo|57\/100|[from] item: Leftovers\n|-status|p2b: Ursaluna|brn|[from] item: Flame Orb\n|upkeep\n|turn|5\n|inactive|sempra has 30 seconds left.\n|inactive|BravadoVGC has 30 seconds left.\n|\n|t:|1700640148\n|switch|p2a: Indeedee|Indeedee-F, L50, F|19\/100\n|-fieldstart|move: Psychic Terrain|[from] ability: Psychic Surge|[of] p2a: Indeedee\n|move|p1b: Rillaboom|Protect|p1b: Rillaboom\n|-singleturn|p1b: Rillaboom|Protect\n|move|p1a: Gholdengo|Protect|p1a: Gholdengo\n|-singleturn|p1a: Gholdengo|Protect\n|move|p2b: Ursaluna|Headlong Rush|p1a: Gholdengo\n|-activate|p1a: Gholdengo|move: Protect\n|\n|-weather|SunnyDay|[upkeep]\n|-heal|p1a: Gholdengo|64\/100|[from] item: Leftovers\n|-damage|p2b: Ursaluna|95\/100 brn|[from] brn\n|upkeep\n|turn|6\n|\n|t:|1700640172\n|switch|p1a: Pelipper|Pelipper, L50, F|100\/100\n|-weather|RainDance|[from] ability: Drizzle|[of] p1a: Pelipper\n|move|p2a: Indeedee|Follow Me|p2a: Indeedee\n|-singleturn|p2a: Indeedee|move: Follow Me\n|move|p2b: Ursaluna|Facade|p1a: Pelipper\n|-crit|p1a: Pelipper\n|-damage|p1a: Pelipper|0 fnt\n|-damage|p2b: Ursaluna|78\/100 brn|[from] item: Rocky Helmet|[of] p1a: Pelipper\n|faint|p1a: Pelipper\n|move|p1b: Rillaboom|Wood Hammer|p2a: Indeedee\n|-damage|p2a: Indeedee|0 fnt\n|-damage|p1b: Rillaboom|84\/100|[from] item: Rocky Helmet|[of] p2a: Indeedee\n|faint|p2a: Indeedee\n|-damage|p1b: Rillaboom|79\/100|[from] Recoil\n|\n|-weather|RainDance|[upkeep]\n|-damage|p2b: Ursaluna|72\/100 brn|[from] brn\n|-fieldend|move: Trick Room\n|upkeep\n|\n|t:|1700640191\n|switch|p1a: Chien-Pao|Chien-Pao, L50|100\/100\n|switch|p2a: Regidrago|Regidrago, L50, tera:Dragon|100\/100\n|-ability|p1a: Chien-Pao|Sword of Ruin\n|turn|7\n|c| Fair Playz Gamer|Ooo\n|inactive|sempra has 30 seconds left.\n|\n|t:|1700640218\n|move|p1b: Rillaboom|Protect|p1b: Rillaboom\n|-singleturn|p1b: Rillaboom|Protect\n|move|p2a: Regidrago|Dragon Energy|p1b: Rillaboom|[spread] p1a\n|-activate|p1b: Rillaboom|move: Protect\n|-enditem|p1a: Chien-Pao|Focus Sash\n|-damage|p1a: Chien-Pao|1\/100\n|move|p1a: Chien-Pao|Icicle Crash|p2a: Regidrago|[miss]\n|-miss|p1a: Chien-Pao|p2a: Regidrago\n|move|p2b: Ursaluna|Facade|p1a: Chien-Pao\n|-damage|p1a: Chien-Pao|0 fnt\n|faint|p1a: Chien-Pao\n|\n|-weather|RainDance|[upkeep]\n|-damage|p2b: Ursaluna|66\/100 brn|[from] brn\n|upkeep\n|c|\u2606BravadoVGC|omg\n|\n|t:|1700640226\n|switch|p1a: Gholdengo|Gholdengo, L50, shiny|64\/100\n|turn|8\n|c| Fair Playz Gamer|Omg\n|c|\u2606BravadoVGC|pure luck\n|\n|t:|1700640235\n|move|p2a: Regidrago|Dragon Energy|p1a: Gholdengo|[spread] p1a,p1b\n|-resisted|p1a: Gholdengo\n|-damage|p1a: Gholdengo|12\/100\n|-damage|p1b: Rillaboom|0 fnt\n|faint|p1b: Rillaboom\n|move|p1a: Gholdengo|Nasty Plot|p1a: Gholdengo\n|-boost|p1a: Gholdengo|spa|2\n|move|p2b: Ursaluna|Headlong Rush|p1a: Gholdengo\n|-supereffective|p1a: Gholdengo\n|-damage|p1a: Gholdengo|0 fnt\n|-unboost|p2b: Ursaluna|def|1\n|-unboost|p2b: Ursaluna|spd|1\n|faint|p1a: Gholdengo\n|\n|win|BravadoVGC\n|c|\u2606BravadoVGC|ggs\n|l| 101alt\n|c| Fair Playz Gamer|Literally you lose if it hits\n|c|\u2606sempra|gg\n|c|\u2606BravadoVGC|yea fr\n|l| Fair Playz Gamer\n|c|\u2606BravadoVGC|unlucky\n|l|\u2606sempra\n|l|\u2606BravadoVGC\n|j| fyfyyalt1\n|l| fyfyyalt1\n|j|\u2606BravadoVGC\n|player|p2|BravadoVGC|101\n","uploadtime":1700640502,"views":3,"p1id":"sempra","p2id":"bravadovgc","formatid":"gen9vgc2023regulatione","rating":0,"private":0,"password":""}