{"id":"gen9vgc2023regulatione-1990066467","p1":"testingloding","p2":"AzaleaAkari","format":"[Gen 9] VGC 2023 Regulation E","log":"|j|\u2606testingloding\n|j|\u2606AzaleaAkari\n|t:|1699920919\n|gametype|doubles\n|player|p1|testingloding|giovanni|1147\n|player|p2|AzaleaAkari|winona|1040\n|teamsize|p1|6\n|teamsize|p2|6\n|gen|9\n|tier|[Gen 9] VGC 2023 Regulation E\n|rated|\n|rule|Species Clause: Limit one of each Pok\u00e9mon\n|rule|Item Clause: Limit one of each item\n|clearpoke\n|poke|p1|Regieleki, L50|\n|poke|p1|Amoonguss, L50, F|\n|poke|p1|Arcanine-Hisui, L50, M|\n|poke|p1|Annihilape, L50, M|\n|poke|p1|Tornadus, L50, M|\n|poke|p1|Chi-Yu, L50|\n|poke|p2|Gholdengo, L50|\n|poke|p2|Ogerpon-Wellspring, L50, F|\n|poke|p2|Urshifu-*, L50, F|\n|poke|p2|Landorus-Therian, L50, M|\n|poke|p2|Iron Hands, L50|\n|poke|p2|Rillaboom, L50, F|\n|teampreview|4\nAzaleaAkari has agreed to open team sheets.\n|\n|t:|1699920998\n|start\n|switch|p1a: Tornadus|Tornadus, L50, M|100\/100\n|switch|p1b: Annihilape|Annihilape, L50, M|100\/100\n|switch|p2a: Ogerpon|Ogerpon-Wellspring, L50, F|100\/100\n|switch|p2b: Iron Hands|Iron Hands, L50|100\/100\n|turn|1\n|inactive|Battle timer is ON: inactive players will automatically lose when time's up. (requested by testingloding)\n|inactive|AzaleaAkari has 60 seconds left.\n|\n|t:|1699921056\n|switch|p1b: Amoonguss|Amoonguss, L50, F|100\/100\n|-terastallize|p2a: Ogerpon|Water\n|detailschange|p2a: Ogerpon|Ogerpon-Wellspring-Tera, L50, F, tera:Water\n|-ability|p2a: Ogerpon|Embody Aspect (Wellspring)|boost\n|-boost|p2a: Ogerpon|spd|1\n|move|p2b: Iron Hands|Fake Out|p1a: Tornadus\n|-damage|p1a: Tornadus|82\/100\n|move|p2a: Ogerpon|Ivy Cudgel|p1a: Tornadus\n|-damage|p1a: Tornadus|0 fnt\n|faint|p1a: Tornadus\n|\n|upkeep\n|\n|t:|1699921068\n|switch|p1a: Chi-Yu|Chi-Yu, L50|100\/100\n|-ability|p1a: Chi-Yu|Beads of Ruin\n|turn|2\n|\n|t:|1699921089\n|move|p2a: Ogerpon|Spiky Shield|p2a: Ogerpon\n|-singleturn|p2a: Ogerpon|move: Protect\n|move|p1b: Amoonguss|Rage Powder|p1b: Amoonguss\n|-singleturn|p1b: Amoonguss|move: Rage Powder\n|move|p1a: Chi-Yu|Psychic|p2b: Iron Hands\n|-supereffective|p2b: Iron Hands\n|-damage|p2b: Iron Hands|43\/100\n|-damage|p1a: Chi-Yu|91\/100|[from] item: Life Orb\n|move|p2b: Iron Hands|Drain Punch|p1b: Amoonguss\n|-resisted|p1b: Amoonguss\n|-damage|p1b: Amoonguss|84\/100\n|-heal|p2b: Iron Hands|51\/100|[from] drain|[of] p1b: Amoonguss\n|-damage|p2b: Iron Hands|34\/100|[from] item: Rocky Helmet|[of] p1b: Amoonguss\n|\n|upkeep\n|turn|3\n|\n|t:|1699921109\n|move|p2a: Ogerpon|Follow Me|p2a: Ogerpon\n|-singleturn|p2a: Ogerpon|move: Follow Me\n|move|p1b: Amoonguss|Rage Powder|p1b: Amoonguss\n|-singleturn|p1b: Amoonguss|move: Rage Powder\n|move|p1a: Chi-Yu|Psychic|p2a: Ogerpon\n|-damage|p2a: Ogerpon|67\/100\n|-damage|p1a: Chi-Yu|81\/100|[from] item: Life Orb\n|move|p2b: Iron Hands|Drain Punch|p1b: Amoonguss\n|-resisted|p1b: Amoonguss\n|-damage|p1b: Amoonguss|68\/100\n|-heal|p2b: Iron Hands|42\/100|[from] drain|[of] p1b: Amoonguss\n|-damage|p2b: Iron Hands|25\/100|[from] item: Rocky Helmet|[of] p1b: Amoonguss\n|\n|upkeep\n|turn|4\n|inactive|AzaleaAkari has 30 seconds left.\n|\n|t:|1699921137\n|-end|p2b: Iron Hands|Quark Drive|[silent]\n|switch|p2b: Landorus|Landorus-Therian, L50, M|100\/100\n|-ability|p2b: Landorus|Intimidate|boost\n|-unboost|p1a: Chi-Yu|atk|1\n|-unboost|p1b: Amoonguss|atk|1\n|move|p2a: Ogerpon|Spiky Shield|p2a: Ogerpon\n|-singleturn|p2a: Ogerpon|move: Protect\n|move|p1b: Amoonguss|Rage Powder|p1b: Amoonguss\n|-singleturn|p1b: Amoonguss|move: Rage Powder\n|move|p1a: Chi-Yu|Heat Wave|p2b: Landorus|[spread] p2b\n|-activate|p2a: Ogerpon|move: Protect\n|-damage|p2b: Landorus|16\/100\n|-damage|p1a: Chi-Yu|71\/100|[from] item: Life Orb\n|\n|upkeep\n|turn|5\n|inactive|AzaleaAkari has 30 seconds left.\n|\n|t:|1699921164\n|move|p2a: Ogerpon|Follow Me|p2a: Ogerpon\n|-singleturn|p2a: Ogerpon|move: Follow Me\n|move|p2b: Landorus|Stomping Tantrum|p1b: Amoonguss\n|-damage|p1b: Amoonguss|33\/100\n|-damage|p2b: Landorus|0 fnt|[from] item: Rocky Helmet|[of] p1b: Amoonguss\n|faint|p2b: Landorus\n|move|p1a: Chi-Yu|Heat Wave|p2a: Ogerpon\n|-resisted|p2a: Ogerpon\n|-damage|p2a: Ogerpon|40\/100\n|-damage|p1a: Chi-Yu|61\/100|[from] item: Life Orb\n|move|p1b: Amoonguss|Spore|p2a: Ogerpon\n|-status|p2a: Ogerpon|slp|[from] move: Spore\n|\n|upkeep\n|\n|t:|1699921179\n|switch|p2b: Urshifu|Urshifu-Rapid-Strike, L50, F|100\/100\n|turn|6\n|\n|t:|1699921197\n|move|p1b: Amoonguss|Rage Powder|p1b: Amoonguss\n|-singleturn|p1b: Amoonguss|move: Rage Powder\n|move|p1a: Chi-Yu|Psychic|p2b: Urshifu\n|-supereffective|p2b: Urshifu\n|-enditem|p2b: Urshifu|Focus Sash\n|-damage|p2b: Urshifu|1\/100\n|-damage|p1a: Chi-Yu|51\/100|[from] item: Life Orb\n|move|p2b: Urshifu|Close Combat|p1b: Amoonguss\n|-resisted|p1b: Amoonguss\n|-damage|p1b: Amoonguss|2\/100\n|-unboost|p2b: Urshifu|def|1\n|-unboost|p2b: Urshifu|spd|1\n|-damage|p2b: Urshifu|0 fnt|[from] item: Rocky Helmet|[of] p1b: Amoonguss\n|faint|p2b: Urshifu\n|cant|p2a: Ogerpon|slp\n|\n|upkeep\n|\n|t:|1699921211\n|switch|p2b: Iron Hands|Iron Hands, L50|25\/100\n|turn|7\n|\n|t:|1699921228\n|switch|p1b: Annihilape|Annihilape, L50, M|100\/100\n|-terastallize|p1a: Chi-Yu|Ghost\n|move|p2b: Iron Hands|Fake Out|p1b: Annihilape\n|-immune|p1b: Annihilape\n|move|p1a: Chi-Yu|Heat Wave|p2b: Iron Hands|[spread] p2a,p2b\n|-resisted|p2a: Ogerpon\n|-damage|p2a: Ogerpon|19\/100 slp\n|-damage|p2b: Iron Hands|0 fnt\n|faint|p2b: Iron Hands\n|-end|p2b: Iron Hands|Quark Drive|[silent]\n|-damage|p1a: Chi-Yu|41\/100|[from] item: Life Orb\n|cant|p2a: Ogerpon|slp\n|\n|upkeep\n|turn|8\n|\n|t:|1699921248\n|move|p1a: Chi-Yu|Dark Pulse|p2a: Ogerpon\n|-damage|p2a: Ogerpon|0 fnt\n|faint|p2a: Ogerpon\n|-damage|p1a: Chi-Yu|31\/100|[from] item: Life Orb\n|\n|win|testingloding\n|raw|testingloding's rating: 1147 &rarr; <strong>1165<\/strong><br \/>(+18 for winning)\n|raw|AzaleaAkari's rating: 1040 &rarr; <strong>1029<\/strong><br \/>(-11 for losing)\n|c|\u2606testingloding|gg\n|c|\u2606AzaleaAkari|gg\n","uploadtime":1699921259,"views":13,"p1id":"testingloding","p2id":"azaleaakari","formatid":"gen9vgc2023regulatione","rating":1029,"private":0,"password":""}