{"id":"gen9vgc2023regulatione-1995959293","p1":"RotovicVGC","p2":"Tenken11","format":"[Gen 9] VGC 2023 Regulation E","log":"|j|\u2606RotovicVGC\n|j|\u2606Tenken11\n|n|\u2606RotovicVGC|rotovicvgc\n|n|\u2606Tenken11|tenken11\n|html|View the match progress at <a href=\"\/game-bestof3-gen9vgc2023regulatione-1995954607\">game-bestof3-gen9vgc2023regulatione-1995954607<\/a>\n|t:|1700622160\n|gametype|doubles\n|player|p1|RotovicVGC|266|\n|player|p2|Tenken11|266|\n|teamsize|p1|6\n|teamsize|p2|6\n|gen|9\n|tier|[Gen 9] VGC 2023 Regulation E\n|rule|Species Clause: Limit one of each Pok\u00e9mon\n|rule|Item Clause: Limit one of each item\n|clearpoke\n|poke|p1|Tornadus, L50, M|\n|poke|p1|Urshifu-*, L50, F|\n|poke|p1|Chien-Pao, L50|\n|poke|p1|Arcanine-Hisui, L50, M|\n|poke|p1|Rillaboom, L50, F|\n|poke|p1|Flutter Mane, L50|\n|poke|p2|Clefairy, L50, M|\n|poke|p2|Cetitan, L50, F|\n|poke|p2|Kommo-o, L50, M|\n|poke|p2|Sinistcha-Masterpiece, L50|\n|poke|p2|Landorus-Therian, L50, M|\n|poke|p2|Rillaboom, L50, M|\n|teampreview|4\nRotovicVGC has agreed to open team sheets.\nTenken11 has agreed to open team sheets.\n|showteam|p1|Tornadus||RockyHelmet|Prankster|BleakwindStorm,Tailwind,Taunt,RainDance|||M|||50|,,,,,Ghost]Urshifu-Rapid-Strike||ChoiceScarf|UnseenFist|SurgingStrikes,CloseCombat,Uturn,AquaJet|||F|||50|,,,,,Water]Chien-Pao||FocusSash|SwordofRuin|SuckerPunch,IcicleCrash,Protect,SacredSword||||||50|,,,,,Ghost]Arcanine-Hisui||ChoiceBand|Intimidate|ExtremeSpeed,FlareBlitz,RockSlide,TeraBlast|||M|||50|,,,,,Fairy]Rillaboom||AssaultVest|GrassySurge|FakeOut,GrassyGlide,Uturn,WoodHammer|||F|||50|,,,,,Poison]Flutter Mane||BoosterEnergy|Protosynthesis|DazzlingGleam,ShadowBall,Moonblast,Protect||||||50|,,,,,Fairy\n|showteam|p2|Clefairy||Eviolite|FriendGuard|FollowMe,HealPulse,HelpingHand,Protect|||M|||50|,,,,,Dark]Cetitan||SitrusBerry|ThickFat|Liquidation,IceShard,BellyDrum,Protect|||F|||50|,,,,,Water]Kommo-o||ThroatSpray|Overcoat|ClangingScales,FlashCannon,ClangorousSoul,Protect|||M|||50|,,,,,Steel]Sinistcha-Masterpiece||WideLens|Hospitality|MatchaGotcha,StrengthSap,RagePowder,TrickRoom||||||50|,,,,,Fire]Landorus-Therian||ChoiceScarf|Intimidate|StompingTantrum,TeraBlast,RockSlide,Uturn|||M|||50|,,,,,Flying]Rillaboom||AssaultVest|GrassySurge|WoodHammer,GrassyGlide,Uturn,FakeOut|||M|||50|,,,,,Fire\n|inactive|Battle timer is ON: inactive players will automatically lose when time's up. (requested by Tenken11)\n|inactive|RotovicVGC has 60 seconds left.\n|\n|t:|1700622209\n|start\n|switch|p1a: Tornadus|Tornadus, L50, M|100\/100\n|switch|p1b: Rillaboom|Rillaboom, L50, F|100\/100\n|switch|p2a: Clefairy|Clefairy, L50, M|100\/100\n|switch|p2b: Cetitan|Cetitan, L50, F|100\/100\n|-fieldstart|move: Grassy Terrain|[from] ability: Grassy Surge|[of] p1b: Rillaboom\n|turn|1\n|inactive|RotovicVGC has 30 seconds left.\n|\n|t:|1700622243\n|switch|p1b: Mi Kokoro|Arcanine-Hisui, L50, M|100\/100\n|-ability|p1b: Mi Kokoro|Intimidate|boost\n|-unboost|p2a: Clefairy|atk|1\n|-unboost|p2b: Cetitan|atk|1\n|move|p2a: Clefairy|Follow Me|p2a: Clefairy\n|-singleturn|p2a: Clefairy|move: Follow Me\n|move|p1a: Tornadus|Taunt|p2a: Clefairy\n|-start|p2a: Clefairy|move: Taunt\n|move|p2b: Cetitan|Belly Drum|p2b: Cetitan\n|-damage|p2b: Cetitan|50\/100\n|-setboost|p2b: Cetitan|atk|6|[from] move: Belly Drum\n|-enditem|p2b: Cetitan|Sitrus Berry|[eat]\n|-heal|p2b: Cetitan|75\/100|[from] item: Sitrus Berry\n|\n|-heal|p2b: Cetitan|81\/100|[from] Grassy Terrain\n|upkeep\n|turn|2\n|inactive|RotovicVGC has 30 seconds left.\n|inactive|RotovicVGC has 20 seconds left.\n|\n|t:|1700622282\n|switch|p1a: Chien-Pao|Chien-Pao, L50|100\/100\n|-ability|p1a: Chien-Pao|Sword of Ruin\n|switch|p2a: Sinistcha|Sinistcha-Masterpiece, L50|100\/100\n|-heal|p2b: Cetitan|100\/100|[from] ability: Hospitality|[of] p2a: Sinistcha\n|-terastallize|p2b: Cetitan|Water\n|move|p2b: Cetitan|Protect|p2b: Cetitan\n|-singleturn|p2b: Cetitan|Protect\n|move|p1b: Mi Kokoro|Rock Slide|p2b: Cetitan|[spread] p2a\n|-activate|p2b: Cetitan|move: Protect\n|-damage|p2a: Sinistcha|49\/100\n|\n|-heal|p2a: Sinistcha|56\/100|[from] Grassy Terrain\n|upkeep\n|turn|3\n|inactive|RotovicVGC has 30 seconds left.\n|inactive|Tenken11 has 30 seconds left.\n|inactive|RotovicVGC has 20 seconds left.\n|inactive|Tenken11 has 20 seconds left.\n|\n|t:|1700622321\n|switch|p1b: Rillaboom|Rillaboom, L50, F|100\/100\n|move|p2a: Sinistcha|Rage Powder|p2a: Sinistcha\n|-singleturn|p2a: Sinistcha|move: Rage Powder\n|move|p1a: Chien-Pao|Icicle Crash|p2a: Sinistcha\n|-supereffective|p2a: Sinistcha\n|-damage|p2a: Sinistcha|0 fnt\n|faint|p2a: Sinistcha\n|move|p2b: Cetitan|Liquidation|p1a: Chien-Pao\n|-enditem|p1a: Chien-Pao|Focus Sash\n|-damage|p1a: Chien-Pao|1\/100\n|\n|-heal|p1a: Chien-Pao|7\/100|[from] Grassy Terrain\n|upkeep\n|\n|t:|1700622332\n|switch|p2a: Clefairy|Clefairy, L50, M|100\/100\n|turn|4\n|inactive|RotovicVGC has 30 seconds left.\n|inactive|RotovicVGC has 20 seconds left.\n|inactive|RotovicVGC has 15 seconds left.\n|inactive|RotovicVGC has 10 seconds left.\n|\n|t:|1700622381\n|move|p1a: Chien-Pao|Protect|p1a: Chien-Pao\n|-singleturn|p1a: Chien-Pao|Protect\n|move|p2b: Cetitan|Protect|p2b: Cetitan\n|-singleturn|p2b: Cetitan|Protect\n|move|p2a: Clefairy|Protect|p2a: Clefairy\n|-singleturn|p2a: Clefairy|Protect\n|move|p1b: Rillaboom|U-turn|p2b: Cetitan\n|-activate|p2b: Cetitan|move: Protect\n|\n|-heal|p1a: Chien-Pao|13\/100|[from] Grassy Terrain\n|upkeep\n|turn|5\n|inactive|RotovicVGC has 30 seconds left.\n|\n|t:|1700622411\n|switch|p1a: Tornadus|Tornadus, L50, M|100\/100\n|switch|p1b: Mi Kokoro|Arcanine-Hisui, L50, M|100\/100\n|-ability|p1b: Mi Kokoro|Intimidate|boost\n|-unboost|p2a: Clefairy|atk|1\n|-unboost|p2b: Cetitan|atk|1\n|move|p2a: Clefairy|Follow Me|p2a: Clefairy\n|-singleturn|p2a: Clefairy|move: Follow Me\n|move|p2b: Cetitan|Ice Shard|p1a: Tornadus\n|-supereffective|p1a: Tornadus\n|-damage|p1a: Tornadus|0 fnt\n|faint|p1a: Tornadus\n|\n|-fieldend|move: Grassy Terrain\n|upkeep\n|\n|t:|1700622433\n|switch|p1a: Rillaboom|Rillaboom, L50, F|100\/100\n|-fieldstart|move: Grassy Terrain|[from] ability: Grassy Surge|[of] p1a: Rillaboom\n|turn|6\n|inactive|RotovicVGC has 30 seconds left.\n|\n|t:|1700622468\n|move|p2b: Cetitan|Protect|p2b: Cetitan\n|-singleturn|p2b: Cetitan|Protect\n|move|p2a: Clefairy|Protect|p2a: Clefairy\n|-singleturn|p2a: Clefairy|Protect\n|move|p1a: Rillaboom|Fake Out|p2b: Cetitan\n|-activate|p2b: Cetitan|move: Protect\n|move|p1b: Mi Kokoro|Flare Blitz|p2a: Clefairy\n|-activate|p2a: Clefairy|move: Protect\n|\n|upkeep\n|turn|7\n|inactive|RotovicVGC has 30 seconds left.\n|inactive|RotovicVGC has 20 seconds left.\n|inactive|RotovicVGC has 15 seconds left.\n|\n|t:|1700622511\n|switch|p1a: Chien-Pao|Chien-Pao, L50|13\/100\n|-ability|p1a: Chien-Pao|Sword of Ruin\n|move|p2a: Clefairy|Follow Me|p2a: Clefairy\n|-singleturn|p2a: Clefairy|move: Follow Me\n|move|p1b: Mi Kokoro|Flare Blitz|p2a: Clefairy\n|-damage|p2a: Clefairy|7\/100\n|-damage|p1b: Mi Kokoro|70\/100|[from] Recoil\n|move|p2b: Cetitan|Liquidation|p1b: Mi Kokoro\n|-supereffective|p1b: Mi Kokoro\n|-damage|p1b: Mi Kokoro|0 fnt\n|faint|p1b: Mi Kokoro\n|\n|-heal|p1a: Chien-Pao|18\/100|[from] Grassy Terrain\n|-heal|p2a: Clefairy|13\/100|[from] Grassy Terrain\n|upkeep\n|\n|t:|1700622521\n|switch|p1b: Rillaboom|Rillaboom, L50, F|100\/100\n|turn|8\n|inactive|RotovicVGC has 30 seconds left.\n|\n|t:|1700622547\n|-terastallize|p1b: Rillaboom|Poison\n|move|p2b: Cetitan|Protect|p2b: Cetitan\n|-singleturn|p2b: Cetitan|Protect\n|move|p2a: Clefairy|Protect|p2a: Clefairy\n|-singleturn|p2a: Clefairy|Protect\n|move|p1a: Chien-Pao|Sacred Sword|p2a: Clefairy\n|-activate|p2a: Clefairy|move: Protect\n|move|p1b: Rillaboom|Wood Hammer|p2b: Cetitan\n|-activate|p2b: Cetitan|move: Protect\n|\n|-heal|p1a: Chien-Pao|24\/100|[from] Grassy Terrain\n|-heal|p2a: Clefairy|19\/100|[from] Grassy Terrain\n|upkeep\n|turn|9\n|inactive|RotovicVGC has 30 seconds left.\n|\n|t:|1700622577\n|move|p2a: Clefairy|Follow Me|p2a: Clefairy\n|-singleturn|p2a: Clefairy|move: Follow Me\n|move|p2b: Cetitan|Ice Shard|p1a: Chien-Pao\n|-resisted|p1a: Chien-Pao\n|-damage|p1a: Chien-Pao|0 fnt\n|faint|p1a: Chien-Pao\n|move|p1b: Rillaboom|Wood Hammer|p2a: Clefairy\n|-crit|p2a: Clefairy\n|-damage|p2a: Clefairy|0 fnt\n|faint|p2a: Clefairy\n|-damage|p1b: Rillaboom|95\/100|[from] Recoil\n|\n|-heal|p1b: Rillaboom|100\/100|[from] Grassy Terrain\n|upkeep\n|\n|t:|1700622583\n|switch|p2a: Rillaboom|Rillaboom, L50, M|100\/100\n|turn|10\n|\n|t:|1700622602\n|move|p2a: Rillaboom|Fake Out|p1b: Rillaboom\n|-damage|p1b: Rillaboom|87\/100\n|cant|p1b: Rillaboom|flinch\n|move|p2b: Cetitan|Liquidation|p1b: Rillaboom\n|-damage|p1b: Rillaboom|0 fnt\n|faint|p1b: Rillaboom\n|\n|win|Tenken11\n|c|\u2606Tenken11|ggs\n|c|\u2606RotovicVGC|ggs\n","uploadtime":1700622638,"views":7,"p1id":"rotovicvgc","p2id":"tenken11","formatid":"gen9vgc2023regulatione","rating":0,"private":0,"password":""}