{"id":"gen9vgc2023regulatione-1989740743","p1":"rawadoqs","p2":"K\\jrhzk","format":"[Gen 9] VGC 2023 Regulation E","log":"|j|\u2606rawadoqs\n|j|\u2606K\\jrhzk\n|t:|1699891743\n|gametype|doubles\n|player|p1|rawadoqs|riley|1009\n|player|p2|K\\jrhzk|lance|1065\n|teamsize|p1|6\n|teamsize|p2|6\n|gen|9\n|tier|[Gen 9] VGC 2023 Regulation E\n|rated|\n|rule|Species Clause: Limit one of each Pok\u00e9mon\n|rule|Item Clause: Limit one of each item\n|clearpoke\n|poke|p1|Sneasler, L50, F|\n|poke|p1|Indeedee-F, L50, F|\n|poke|p1|Armarouge, L50, M|\n|poke|p1|Urshifu-*, L50, M|\n|poke|p1|Chien-Pao, L50|\n|poke|p1|Tornadus, L50, M|\n|poke|p2|Flutter Mane, L50|\n|poke|p2|Tornadus, L50, M|\n|poke|p2|Rillaboom, L50, F|\n|poke|p2|Garganacl, L50, F|\n|poke|p2|Arcanine-Hisui, L50, M|\n|poke|p2|Chien-Pao, L50|\n|teampreview|4\n|inactive|Battle timer is ON: inactive players will automatically lose when time's up. (requested by rawadoqs)\n|inactive|K\\jrhzk has 60 seconds left.\n|\n|t:|1699891809\n|start\n|switch|p1a: Armarouge|Armarouge, L50, M|100\/100\n|switch|p1b: Urshifu|Urshifu-Rapid-Strike, L50, M|100\/100\n|switch|p2a: Arcanine|Arcanine-Hisui, L50, M|100\/100\n|switch|p2b: Chien-Pao|Chien-Pao, L50|100\/100\n|-ability|p2b: Chien-Pao|Sword of Ruin\n|-ability|p2a: Arcanine|Intimidate|boost\n|-unboost|p1a: Armarouge|atk|1\n|-unboost|p1b: Urshifu|atk|1\n|turn|1\n|inactive|K\\jrhzk has 30 seconds left.\n|\n|t:|1699891844\n|-terastallize|p2a: Arcanine|Normal\n|move|p1a: Armarouge|Wide Guard|p1a: Armarouge\n|-singleturn|p1a: Armarouge|Wide Guard\n|move|p2b: Chien-Pao|Sucker Punch||[still]\n|-fail|p2b: Chien-Pao\n|move|p1b: Urshifu|U-turn|p2b: Chien-Pao\n|-supereffective|p2b: Chien-Pao\n|-damage|p2b: Chien-Pao|55\/100\n|\n|t:|1699891853\n|switch|p1b: Indeedee|Indeedee-F, L50, F|100\/100|[from] U-turn\n|-fieldstart|move: Psychic Terrain|[from] ability: Psychic Surge|[of] p1b: Indeedee\n|move|p2a: Arcanine|Rock Slide|p1a: Armarouge|[spread] \n|-activate|p1a: Armarouge|move: Wide Guard\n|-activate|p1b: Indeedee|move: Wide Guard\n|\n|upkeep\n|turn|2\n|\n|t:|1699891871\n|move|p1b: Indeedee|Helping Hand|p1a: Armarouge\n|-singleturn|p1a: Armarouge|Helping Hand|[of] p1b: Indeedee\n|move|p2b: Chien-Pao|Ice Spinner|p1b: Indeedee\n|-damage|p1b: Indeedee|38\/100\n|-damage|p2b: Chien-Pao|39\/100|[from] item: Rocky Helmet|[of] p1b: Indeedee\n|-fieldend|move: Psychic Terrain\n|move|p2a: Arcanine|Rock Slide|p1a: Armarouge|[spread] p1a,p1b\n|-supereffective|p1a: Armarouge\n|-enditem|p1a: Armarouge|Focus Sash\n|-damage|p1a: Armarouge|1\/100\n|-damage|p1b: Indeedee|0 fnt\n|-ability|p1a: Armarouge|Weak Armor|boost\n|-unboost|p1a: Armarouge|def|1\n|-boost|p1a: Armarouge|spe|2\n|faint|p1b: Indeedee\n|cant|p1a: Armarouge|flinch\n|\n|upkeep\n|\n|t:|1699891890\n|switch|p1b: Urshifu|Urshifu-Rapid-Strike, L50, M|100\/100\n|turn|3\n|\n|t:|1699891908\n|switch|p2a: Rillaboom|Rillaboom, L50, F|100\/100\n|-fieldstart|move: Grassy Terrain|[from] ability: Grassy Surge|[of] p2a: Rillaboom\n|move|p2b: Chien-Pao|Sucker Punch|p1a: Armarouge\n|-supereffective|p1a: Armarouge\n|-damage|p1a: Armarouge|0 fnt\n|faint|p1a: Armarouge\n|move|p1b: Urshifu|Surging Strikes|p2b: Chien-Pao\n|-crit|p2b: Chien-Pao\n|-damage|p2b: Chien-Pao|8\/100\n|-crit|p2b: Chien-Pao\n|-damage|p2b: Chien-Pao|0 fnt\n|faint|p2b: Chien-Pao\n|-hitcount|p2: Chien-Pao|2\n|\n|upkeep\n|\n|t:|1699891920\n|switch|p2b: Garganacl|Garganacl, L50, F|100\/100\n|switch|p1a: Chien-Pao|Chien-Pao, L50|100\/100\n|-ability|p1a: Chien-Pao|Sword of Ruin\n|turn|4\n|\n|t:|1699891930\n|move|p2a: Rillaboom|Grassy Glide|p1b: Urshifu\n|-supereffective|p1b: Urshifu\n|-damage|p1b: Urshifu|4\/100\n|move|p1b: Urshifu|Surging Strikes|p2b: Garganacl\n|-supereffective|p2b: Garganacl\n|-crit|p2b: Garganacl\n|-damage|p2b: Garganacl|59\/100\n|-supereffective|p2b: Garganacl\n|-crit|p2b: Garganacl\n|-damage|p2b: Garganacl|17\/100\n|-enditem|p2b: Garganacl|Sitrus Berry|[eat]\n|-heal|p2b: Garganacl|42\/100|[from] item: Sitrus Berry\n|-supereffective|p2b: Garganacl\n|-crit|p2b: Garganacl\n|-damage|p2b: Garganacl|4\/100\n|-hitcount|p2b: Garganacl|3\n|move|p1a: Chien-Pao|Icicle Crash|p2a: Rillaboom|[miss]\n|-miss|p1a: Chien-Pao|p2a: Rillaboom\n|move|p2b: Garganacl|Salt Cure|p1a: Chien-Pao\n|-supereffective|p1a: Chien-Pao\n|-damage|p1a: Chien-Pao|62\/100\n|-start|p1a: Chien-Pao|Salt Cure\n|\n|-heal|p1b: Urshifu|10\/100|[from] Grassy Terrain\n|-heal|p1a: Chien-Pao|68\/100|[from] Grassy Terrain\n|-heal|p2b: Garganacl|10\/100|[from] Grassy Terrain\n|-damage|p1a: Chien-Pao|56\/100|[from] Salt Cure\n|upkeep\n|turn|5\n|inactive|rawadoqs has 30 seconds left.\n|\n|t:|1699891958\n|move|p2a: Rillaboom|Grassy Glide|p1a: Chien-Pao\n|-damage|p1a: Chien-Pao|5\/100\n|move|p1b: Urshifu|Surging Strikes|p2b: Garganacl\n|-supereffective|p2b: Garganacl\n|-crit|p2b: Garganacl\n|-damage|p2b: Garganacl|0 fnt\n|faint|p2b: Garganacl\n|-hitcount|p2: Garganacl|1\n|move|p1a: Chien-Pao|Icicle Crash|p2a: Rillaboom\n|-supereffective|p2a: Rillaboom\n|-damage|p2a: Rillaboom|0 fnt\n|faint|p2a: Rillaboom\n|-damage|p1a: Chien-Pao|0 fnt|[from] item: Life Orb\n|faint|p1a: Chien-Pao\n|\n|-heal|p1b: Urshifu|16\/100|[from] Grassy Terrain\n|upkeep\n|\n|t:|1699891973\n|switch|p2b: Arcanine|Arcanine-Hisui, L50, M, tera:Normal|100\/100\n|-ability|p2b: Arcanine|Intimidate|boost\n|-unboost|p1b: Urshifu|atk|1\n|turn|6\n|\n|t:|1699891979\n|move|p2b: Arcanine|Extreme Speed|p1b: Urshifu\n|-damage|p1b: Urshifu|0 fnt\n|faint|p1b: Urshifu\n|\n|win|K\\jrhzk\n|raw|rawadoqs's rating: 1009 &rarr; <strong>1000<\/strong><br \/>(-9 for losing)\n|raw|K\\jrhzk's rating: 1065 &rarr; <strong>1090<\/strong><br \/>(+25 for winning)\n","uploadtime":1699891986,"views":8,"p1id":"rawadoqs","p2id":"kjrhzk","formatid":"gen9vgc2023regulatione","rating":1000,"private":0,"password":""}