{"id":"gen9vgc2023regulatione-1994259706","p1":"Kzejzkz","p2":"Icepunch_buzzwole","format":"[Gen 9] VGC 2023 Regulation E","log":"|j|\u2606Kzejzkz\n|j|\u2606Icepunch_buzzwole\n|t:|1700424439\n|gametype|doubles\n|player|p1|Kzejzkz|lance|1178\n|player|p2|Icepunch_buzzwole|volkner|1266\n|teamsize|p1|6\n|teamsize|p2|6\n|gen|9\n|tier|[Gen 9] VGC 2023 Regulation E\n|rated|\n|rule|Species Clause: Limit one of each Pok\u00e9mon\n|rule|Item Clause: Limit one of each item\n|clearpoke\n|poke|p1|Flutter Mane, L50|\n|poke|p1|Tornadus, L50, M|\n|poke|p1|Rillaboom, L50, F|\n|poke|p1|Garganacl, L50, M|\n|poke|p1|Arcanine-Hisui, L50, F|\n|poke|p1|Chien-Pao, L50|\n|poke|p2|Scyther, L50, M|\n|poke|p2|Arcanine-Hisui, L50, M|\n|poke|p2|Rillaboom, L50, M|\n|poke|p2|Sneasler, L50, M|\n|poke|p2|Gholdengo, L50|\n|poke|p2|Urshifu-*, L50, F|\n|teampreview|4\n|inactive|Battle timer is ON: inactive players will automatically lose when time's up. (requested by Icepunch_buzzwole)\n|c|\u2606Icepunch_buzzwole|garg on tailwinf\n|c|\u2606Icepunch_buzzwole|??\n|inactive|Icepunch_buzzwole has 60 seconds left.\n|\n|t:|1700424473\n|start\n|switch|p1a: Tornadus|Tornadus, L50, M|100\/100\n|switch|p1b: Garganacl|Garganacl, L50, M|100\/100\n|switch|p2a: Sneasler|Sneasler, L50, M, shiny|100\/100\n|switch|p2b: Urshifu|Urshifu-Rapid-Strike, L50, F|100\/100\n|turn|1\n|\n|t:|1700424495\n|-terastallize|p1b: Garganacl|Ghost\n|move|p2a: Sneasler|Fake Out|p1b: Garganacl\n|-immune|p1b: Garganacl\n|move|p2b: Urshifu|Surging Strikes|p1b: Garganacl\n|-crit|p1b: Garganacl\n|-damage|p1b: Garganacl|83\/100\n|-crit|p1b: Garganacl\n|-damage|p1b: Garganacl|64\/100\n|-crit|p1b: Garganacl\n|-damage|p1b: Garganacl|46\/100\n|-enditem|p1b: Garganacl|Sitrus Berry|[eat]\n|-heal|p1b: Garganacl|71\/100|[from] item: Sitrus Berry\n|-hitcount|p1b: Garganacl|3\n|move|p1a: Tornadus|Bleakwind Storm|p2b: Urshifu|[spread] \n|-miss|p1a: Tornadus|p2a: Sneasler\n|-miss|p1a: Tornadus|p2b: Urshifu\n|move|p1b: Garganacl|Salt Cure|p2b: Urshifu\n|-resisted|p2b: Urshifu\n|-damage|p2b: Urshifu|94\/100\n|-start|p2b: Urshifu|Salt Cure\n|\n|-damage|p2b: Urshifu|69\/100|[from] Salt Cure\n|upkeep\n|turn|2\n|inactive|Icepunch_buzzwole has 30 seconds left.\n|\n|t:|1700424527\n|switch|p2a: Arcanine|Arcanine-Hisui, L50, M|100\/100\n|-ability|p2a: Arcanine|Intimidate|boost\n|-unboost|p1a: Tornadus|atk|1\n|-unboost|p1b: Garganacl|atk|1\n|switch|p2b: Rillaboom|Rillaboom, L50, M, shiny|100\/100\n|-fieldstart|move: Grassy Terrain|[from] ability: Grassy Surge|[of] p2b: Rillaboom\n|move|p1a: Tornadus|Tailwind|p1a: Tornadus\n|-sidestart|p1: Kzejzkz|move: Tailwind\n|move|p1b: Garganacl|Recover|p1b: Garganacl\n|-heal|p1b: Garganacl|100\/100\n|\n|upkeep\n|turn|3\n|\n|t:|1700424550\n|switch|p1a: Arcanine|Arcanine-Hisui, L50, F|100\/100\n|-ability|p1a: Arcanine|Intimidate|boost\n|-unboost|p2a: Arcanine|atk|1\n|-unboost|p2b: Rillaboom|atk|1\n|move|p2a: Arcanine|Rock Slide|p1a: Arcanine|[spread] p1a,p1b\n|-supereffective|p1a: Arcanine\n|-damage|p1a: Arcanine|37\/100\n|-damage|p1b: Garganacl|83\/100\n|move|p2b: Rillaboom|Wood Hammer|p1b: Garganacl\n|-damage|p1b: Garganacl|45\/100\n|-damage|p2b: Rillaboom|86\/100|[from] Recoil\n|move|p1b: Garganacl|Iron Defense|p1b: Garganacl\n|-boost|p1b: Garganacl|def|2\n|\n|-heal|p1a: Arcanine|43\/100|[from] Grassy Terrain\n|-heal|p2b: Rillaboom|92\/100|[from] Grassy Terrain\n|-heal|p1b: Garganacl|51\/100|[from] Grassy Terrain\n|upkeep\n|turn|4\n|\n|t:|1700424575\n|switch|p2b: Urshifu|Urshifu-Rapid-Strike, L50, F|69\/100\n|move|p1a: Arcanine|Rock Slide|p2b: Urshifu|[spread] p2a,p2b\n|-supereffective|p2a: Arcanine\n|-resisted|p2b: Urshifu\n|-damage|p2a: Arcanine|0 fnt\n|-damage|p2b: Urshifu|48\/100\n|faint|p2a: Arcanine\n|move|p1b: Garganacl|Recover|p1b: Garganacl\n|-heal|p1b: Garganacl|100\/100\n|\n|-heal|p1a: Arcanine|49\/100|[from] Grassy Terrain\n|-heal|p2b: Urshifu|54\/100|[from] Grassy Terrain\n|upkeep\n|\n|t:|1700424586\n|switch|p2a: Sneasler|Sneasler, L50, M, shiny|100\/100\n|-enditem|p2a: Sneasler|Grassy Seed\n|-boost|p2a: Sneasler|def|1|[from] item: Grassy Seed\n|turn|5\n|\n|t:|1700424595\n|move|p2a: Sneasler|Fake Out|p1a: Arcanine\n|-resisted|p1a: Arcanine\n|-damage|p1a: Arcanine|38\/100\n|cant|p1a: Arcanine|flinch\n|move|p2b: Urshifu|Surging Strikes|p1b: Garganacl\n|-crit|p1b: Garganacl\n|-damage|p1b: Garganacl|83\/100\n|-crit|p1b: Garganacl\n|-damage|p1b: Garganacl|65\/100\n|-crit|p1b: Garganacl\n|-damage|p1b: Garganacl|46\/100\n|-hitcount|p1b: Garganacl|3\n|move|p1b: Garganacl|Salt Cure|p2b: Urshifu\n|-resisted|p2b: Urshifu\n|-crit|p2b: Urshifu\n|-damage|p2b: Urshifu|43\/100\n|-start|p2b: Urshifu|Salt Cure\n|\n|-heal|p1a: Arcanine|44\/100|[from] Grassy Terrain\n|-heal|p2b: Urshifu|48\/100|[from] Grassy Terrain\n|-heal|p1b: Garganacl|52\/100|[from] Grassy Terrain\n|-damage|p2b: Urshifu|24\/100|[from] Salt Cure\n|-sideend|p1: Kzejzkz|move: Tailwind\n|upkeep\n|turn|6\n|inactive|Icepunch_buzzwole has 30 seconds left.\n|inactive|Icepunch_buzzwole has 20 seconds left.\n|inactive|Icepunch_buzzwole has 15 seconds left.\n|inactive|Icepunch_buzzwole has 10 seconds left.\n|inactive|Icepunch_buzzwole has 5 seconds left.\n|\n|t:|1700424646\n|switch|p1a: Tornadus|Tornadus, L50, M|100\/100\n|switch|p2b: Rillaboom|Rillaboom, L50, M, shiny|92\/100\n|move|p2a: Sneasler|Dire Claw|p1a: Tornadus\n|-damage|p1a: Tornadus|37\/100\n|-status|p1a: Tornadus|psn\n|-damage|p2a: Sneasler|84\/100|[from] item: Rocky Helmet|[of] p1a: Tornadus\n|move|p1b: Garganacl|Salt Cure|p2a: Sneasler\n|-resisted|p2a: Sneasler\n|-damage|p2a: Sneasler|80\/100\n|-start|p2a: Sneasler|Salt Cure\n|\n|-heal|p2a: Sneasler|86\/100|[from] Grassy Terrain\n|-heal|p2b: Rillaboom|98\/100|[from] Grassy Terrain\n|-heal|p1b: Garganacl|58\/100|[from] Grassy Terrain\n|-damage|p1a: Tornadus|25\/100 psn|[from] psn\n|-damage|p2a: Sneasler|73\/100|[from] Salt Cure\n|-fieldend|move: Grassy Terrain\n|upkeep\n|turn|7\n|inactive|Icepunch_buzzwole has 30 seconds left.\n|\n|t:|1700424675\n|move|p1a: Tornadus|Tailwind|p1a: Tornadus\n|-sidestart|p1: Kzejzkz|move: Tailwind\n|move|p2a: Sneasler|Dire Claw|p1a: Tornadus\n|-damage|p1a: Tornadus|0 fnt\n|-damage|p2a: Sneasler|57\/100|[from] item: Rocky Helmet|[of] p1a: Tornadus\n|faint|p1a: Tornadus\n|move|p2b: Rillaboom|U-turn|p1b: Garganacl\n|-resisted|p1b: Garganacl\n|-damage|p1b: Garganacl|53\/100\n|\n|t:|1700424684\n|switch|p2b: Urshifu|Urshifu-Rapid-Strike, L50, F|24\/100|[from] U-turn\n|move|p1b: Garganacl|Recover|p1b: Garganacl\n|-heal|p1b: Garganacl|100\/100\n|\n|-damage|p2a: Sneasler|44\/100|[from] Salt Cure\n|upkeep\n|\n|t:|1700424688\n|switch|p1a: Rillaboom|Rillaboom, L50, F|100\/100\n|-fieldstart|move: Grassy Terrain|[from] ability: Grassy Surge|[of] p1a: Rillaboom\n|turn|8\n|inactive|Icepunch_buzzwole has 30 seconds left.\n|\n|t:|1700424721\n|switch|p2b: Rillaboom|Rillaboom, L50, M, shiny|98\/100\n|-terastallize|p2a: Sneasler|Flying\n|move|p1a: Rillaboom|Fake Out|p2a: Sneasler\n|-damage|p2a: Sneasler|29\/100\n|cant|p2a: Sneasler|flinch\n|move|p1b: Garganacl|Salt Cure|p2b: Rillaboom\n|-damage|p2b: Rillaboom|88\/100\n|-start|p2b: Rillaboom|Salt Cure\n|\n|-heal|p2b: Rillaboom|94\/100|[from] Grassy Terrain\n|-damage|p2a: Sneasler|17\/100|[from] Salt Cure\n|-damage|p2b: Rillaboom|82\/100|[from] Salt Cure\n|upkeep\n|turn|9\n|\n|t:|1700424744\n|switch|p1a: Arcanine|Arcanine-Hisui, L50, F|44\/100\n|-ability|p1a: Arcanine|Intimidate|boost\n|-unboost|p2a: Sneasler|atk|1\n|-unboost|p2b: Rillaboom|atk|1\n|move|p2a: Sneasler|Acrobatics|p1a: Arcanine\n|-resisted|p1a: Arcanine\n|-damage|p1a: Arcanine|16\/100\n|move|p2b: Rillaboom|U-turn|p1a: Arcanine\n|-resisted|p1a: Arcanine\n|-damage|p1a: Arcanine|5\/100\n|\n|t:|1700424754\n|switch|p2b: Urshifu|Urshifu-Rapid-Strike, L50, F|24\/100|[from] U-turn\n|move|p1b: Garganacl|Salt Cure|p2b: Urshifu\n|-resisted|p2b: Urshifu\n|-crit|p2b: Urshifu\n|-damage|p2b: Urshifu|14\/100\n|-start|p2b: Urshifu|Salt Cure\n|\n|-heal|p1a: Arcanine|11\/100|[from] Grassy Terrain\n|-heal|p2b: Urshifu|19\/100|[from] Grassy Terrain\n|-damage|p2a: Sneasler|4\/100|[from] Salt Cure\n|-damage|p2b: Urshifu|0 fnt|[from] Salt Cure\n|faint|p2b: Urshifu\n|upkeep\n|\n|t:|1700424759\n|switch|p2b: Rillaboom|Rillaboom, L50, M, shiny|82\/100\n|turn|10\n|inactive|Icepunch_buzzwole has 30 seconds left.\n|\n|t:|1700424785\n|move|p1a: Arcanine|Extreme Speed|p2a: Sneasler\n|-damage|p2a: Sneasler|0 fnt\n|faint|p2a: Sneasler\n|move|p2b: Rillaboom|Grassy Glide|p1a: Arcanine\n|-damage|p1a: Arcanine|0 fnt\n|faint|p1a: Arcanine\n|move|p1b: Garganacl|Iron Defense|p1b: Garganacl\n|-boost|p1b: Garganacl|def|2\n|\n|-heal|p2b: Rillaboom|88\/100|[from] Grassy Terrain\n|-sideend|p1: Kzejzkz|move: Tailwind\n|upkeep\n|\n|t:|1700424791\n|switch|p1a: Rillaboom|Rillaboom, L50, F|100\/100\n|turn|11\n|\n|t:|1700424794\n|move|p1a: Rillaboom|Fake Out|p2b: Rillaboom\n|-damage|p2b: Rillaboom|71\/100\n|cant|p2b: Rillaboom|flinch\n|move|p1b: Garganacl|Iron Defense|p1b: Garganacl\n|-boost|p1b: Garganacl|def|2\n|\n|-heal|p2b: Rillaboom|77\/100|[from] Grassy Terrain\n|upkeep\n|turn|12\n|\n|t:|1700424799\n|move|p2b: Rillaboom|U-turn|p1a: Rillaboom\n|-supereffective|p1a: Rillaboom\n|-damage|p1a: Rillaboom|47\/100\n|move|p1a: Rillaboom|Drain Punch|p2b: Rillaboom\n|-damage|p2b: Rillaboom|48\/100\n|-heal|p1a: Rillaboom|60\/100|[from] drain|[of] p2b: Rillaboom\n|move|p1b: Garganacl|Salt Cure|p2b: Rillaboom\n|-damage|p2b: Rillaboom|38\/100\n|-start|p2b: Rillaboom|Salt Cure\n|\n|-heal|p2b: Rillaboom|44\/100|[from] Grassy Terrain\n|-heal|p1a: Rillaboom|66\/100|[from] Grassy Terrain\n|-damage|p2b: Rillaboom|31\/100|[from] Salt Cure\n|-fieldend|move: Grassy Terrain\n|upkeep\n|turn|13\n|-message|Icepunch_buzzwole forfeited.\n|\n|win|Kzejzkz\n|raw|Kzejzkz's rating: 1178 &rarr; <strong>1209<\/strong><br \/>(+31 for winning)\n|raw|Icepunch_buzzwole's rating: 1266 &rarr; <strong>1235<\/strong><br \/>(-31 for losing)\n|l|\u2606Icepunch_buzzwole\n","uploadtime":1700424810,"views":6,"p1id":"kzejzkz","p2id":"icepunchbuzzwole","formatid":"gen9vgc2023regulatione","rating":1209,"private":0,"password":""}