{"id":"gen9vgc2023regulatione-1996241111","p1":"zhz2021","p2":"donteatmagikarps","format":"[Gen 9] VGC 2023 Regulation E","log":"|j|\u2606zhz2021\n|j|\u2606donteatmagikarps\n|t:|1700663024\n|gametype|doubles\n|player|p1|zhz2021|marley|1471\n|player|p2|donteatmagikarps|palmer|1458\n|teamsize|p1|6\n|teamsize|p2|6\n|gen|9\n|tier|[Gen 9] VGC 2023 Regulation E\n|rated|\n|rule|Species Clause: Limit one of each Pok\u00e9mon\n|rule|Item Clause: Limit one of each item\n|clearpoke\n|poke|p1|Weezing-Galar, L50, F|\n|poke|p1|Flutter Mane, L50|\n|poke|p1|Roaring Moon, L50|\n|poke|p1|Iron Hands, L50|\n|poke|p1|Arcanine-Hisui, L50, M|\n|poke|p1|Brambleghast, L50, M|\n|poke|p2|Tornadus, L50, M|\n|poke|p2|Spectrier, L50|\n|poke|p2|Ogerpon-Hearthflame, L50, F|\n|poke|p2|Sandy Shocks, L50|\n|poke|p2|Urshifu-*, L50, M|\n|poke|p2|Goodra-Hisui, L50, M|\n|teampreview|4\n|inactive|Battle timer is ON: inactive players will automatically lose when time's up. (requested by donteatmagikarps)\n|inactive|zhz2021 has 60 seconds left.\n|\n|t:|1700663075\n|start\n|switch|p1a: Victroria Moon|Roaring Moon, L50|100\/100\n|switch|p1b: Gladstone&Disraeli|Weezing-Galar, L50, F|100\/100\n|switch|p2a: The Djinn|Tornadus, L50, M, shiny|100\/100\n|switch|p2b: Yujiro|Ogerpon-Hearthflame, L50, F|100\/100\n|-ability|p1b: Gladstone&Disraeli|Neutralizing Gas\n|-enditem|p1a: Victroria Moon|Booster Energy\n|-activate|p1a: Victroria Moon|ability: Protosynthesis|[fromitem]\n|-start|p1a: Victroria Moon|protosynthesisspe\n|turn|1\n|inactive|zhz2021 has 30 seconds left.\n|inactive|donteatmagikarps has 30 seconds left.\n|\n|t:|1700663107\n|-terastallize|p2b: Yujiro|Fire\n|detailschange|p2b: Yujiro|Ogerpon-Hearthflame-Tera, L50, F, tera:Fire\n|move|p1a: Victroria Moon|Tailwind|p1a: Victroria Moon\n|-sidestart|p1: zhz2021|move: Tailwind\n|move|p1b: Gladstone&Disraeli|Taunt|p2a: The Djinn\n|-start|p2a: The Djinn|move: Taunt\n|cant|p2a: The Djinn|move: Taunt|Sunny Day\n|move|p2b: Yujiro|Ivy Cudgel|p1a: Victroria Moon|[anim] Ivy Cudgel Fire\n|-resisted|p1a: Victroria Moon\n|-damage|p1a: Victroria Moon|48\/100\n|\n|upkeep\n|turn|2\n|\n|t:|1700663127\n|move|p2b: Yujiro|Spiky Shield|p2b: Yujiro\n|-singleturn|p2b: Yujiro|move: Protect\n|move|p1a: Victroria Moon|Stomping Tantrum|p2b: Yujiro\n|-activate|p2b: Yujiro|move: Protect\n|-damage|p1a: Victroria Moon|35\/100|[from] Spiky Shield|[of] p2b: Yujiro\n|move|p1b: Gladstone&Disraeli|Dazzling Gleam|p2a: The Djinn|[spread] p2a\n|-activate|p2b: Yujiro|move: Protect\n|-damage|p2a: The Djinn|72\/100\n|move|p2a: The Djinn|Bleakwind Storm|p1a: Victroria Moon|[spread] p1a,p1b\n|-damage|p1a: Victroria Moon|0 fnt\n|-damage|p1b: Gladstone&Disraeli|44\/100\n|faint|p1a: Victroria Moon\n|-end|p1a: Victroria Moon|Protosynthesis|[silent]\n|\n|upkeep\n|\n|t:|1700663143\n|switch|p1a: Arcueid|Flutter Mane, L50|100\/100\n|turn|3\n|\n|t:|1700663159\n|-end|p1b: Gladstone&Disraeli|ability: Neutralizing Gas\n|-ability|p2b: Yujiro|Embody Aspect (Hearthflame)|boost\n|-boost|p2b: Yujiro|atk|1\n|switch|p1b: Iron Hands|Iron Hands, L50|100\/100\n|switch|p2a: Sticky|Goodra-Hisui, L50, M|100\/100\n|-terastallize|p1a: Arcueid|Water\n|move|p1a: Arcueid|Tera Blast|p2b: Yujiro|[anim] Tera Blast Water\n|-supereffective|p2b: Yujiro\n|-damage|p2b: Yujiro|0 fnt\n|faint|p2b: Yujiro\n|\n|upkeep\n|c|\u2606donteatmagikarps|waaaaater tera huh?\n|inactive|donteatmagikarps has 30 seconds left.\n|\n|t:|1700663186\n|switch|p2b: The Djinn|Tornadus, L50, M, shiny|72\/100\n|turn|4\n|c|\u2606zhz2021|yes lol\n|c|\u2606donteatmagikarps|curve. ball. lol\n|inactive|donteatmagikarps has 30 seconds left.\n|\n|t:|1700663216\n|-end|p1a: Arcueid|Protosynthesis|[silent]\n|switch|p1a: Gladstone&Disraeli|Weezing-Galar, L50, F|44\/100\n|-ability|p1a: Gladstone&Disraeli|Neutralizing Gas\n|move|p1b: Iron Hands|Wild Charge|p2b: The Djinn\n|-supereffective|p2b: The Djinn\n|-damage|p2b: The Djinn|0 fnt\n|faint|p2b: The Djinn\n|-damage|p1b: Iron Hands|88\/100|[from] Recoil\n|move|p2a: Sticky|Sludge Bomb|p1b: Iron Hands\n|-damage|p1b: Iron Hands|60\/100\n|\n|-sideend|p1: zhz2021|move: Tailwind\n|upkeep\n|\n|t:|1700663234\n|switch|p2b: Magneto|Sandy Shocks, L50, shiny|100\/100\n|-enditem|p2b: Magneto|Booster Energy\n|-activate|p2b: Magneto|ability: Protosynthesis|[fromitem]\n|-start|p2b: Magneto|protosynthesisspa\n|turn|5\n|\n|t:|1700663253\n|-end|p1b: Iron Hands|Quark Drive|[silent]\n|switch|p1b: Arcueid|Flutter Mane, L50, tera:Water|100\/100\n|move|p1a: Gladstone&Disraeli|Taunt|p2a: Sticky\n|-start|p2a: Sticky|move: Taunt\n|move|p2b: Magneto|Earth Power|p1b: Arcueid\n|-damage|p1b: Arcueid|34\/100\n|move|p2a: Sticky|Flash Cannon|p1a: Gladstone&Disraeli\n|-supereffective|p1a: Gladstone&Disraeli\n|-damage|p1a: Gladstone&Disraeli|0 fnt\n|faint|p1a: Gladstone&Disraeli\n|-end|p1a: Gladstone&Disraeli|ability: Neutralizing Gas\n|\n|upkeep\n|\n|t:|1700663261\n|switch|p1a: Iron Hands|Iron Hands, L50|60\/100\n|turn|6\n|\n|t:|1700663286\n|move|p1a: Iron Hands|Fake Out|p2a: Sticky\n|-resisted|p2a: Sticky\n|-damage|p2a: Sticky|94\/100\n|move|p1b: Arcueid|Tera Blast|p2b: Magneto|[anim] Tera Blast Water\n|-supereffective|p2b: Magneto\n|-damage|p2b: Magneto|0 fnt\n|faint|p2b: Magneto\n|-end|p2b: Magneto|Protosynthesis|[silent]\n|cant|p2a: Sticky|flinch\n|\n|upkeep\n|turn|7\n|\n|t:|1700663301\n|move|p1b: Arcueid|Tera Blast|p2a: Sticky|[anim] Tera Blast Water\n|-resisted|p2a: Sticky\n|-damage|p2a: Sticky|80\/100\n|move|p1a: Iron Hands|Drain Punch|p2a: Sticky\n|-supereffective|p2a: Sticky\n|-damage|p2a: Sticky|0 fnt\n|-heal|p1a: Iron Hands|93\/100|[from] drain|[of] p2a: Sticky\n|faint|p2a: Sticky\n|\n|win|zhz2021\n|raw|zhz2021's rating: 1471 &rarr; <strong>1490<\/strong><br \/>(+19 for winning)\n|raw|donteatmagikarps's rating: 1458 &rarr; <strong>1439<\/strong><br \/>(-19 for losing)\n|c|\u2606donteatmagikarps|gg\n|c|\u2606zhz2021|gg\n","uploadtime":1700663313,"views":6,"p1id":"zhz2021","p2id":"donteatmagikarps","formatid":"gen9vgc2023regulatione","rating":1439,"private":0,"password":""}