{"id":"gen9vgc2023regulatione-1994276273","p1":"JLFalcon","p2":"PKAB","format":"[Gen 9] VGC 2023 Regulation E","log":"|j|\u2606JLFalcon\n|j|\u2606PKAB\n|n|\u2606JLFalcon|jlfalcon\n|n|\u2606PKAB|pkab\n|html|View the match progress at <a href=\"\/game-bestof3-gen9vgc2023regulatione-1994273568\">game-bestof3-gen9vgc2023regulatione-1994273568<\/a>\n|t:|1700426137\n|gametype|doubles\n|player|p1|JLFalcon|brycen|\n|player|p2|PKAB|camper|\n|teamsize|p1|6\n|teamsize|p2|6\n|gen|9\n|tier|[Gen 9] VGC 2023 Regulation E\n|rule|Species Clause: Limit one of each Pok\u00e9mon\n|rule|Item Clause: Limit one of each item\n|clearpoke\n|poke|p1|Misdreavus, L50, F|\n|poke|p1|Gothita, L50, M|\n|poke|p1|Voltorb-Hisui, L50|\n|poke|p1|Diglett, L50, M|\n|poke|p1|Ekans, L50, M|\n|poke|p1|Meowth-Alola, L50, M|\n|poke|p2|Glimmet, L50, F|\n|poke|p2|Bellsprout, L50, M|\n|poke|p2|Sentret, L50, F|\n|poke|p2|Vulpix, L50, M|\n|poke|p2|Riolu, L50, F|\n|poke|p2|Finneon, L50, M|\n|teampreview|4\n|\n|t:|1700426177\n|start\n|switch|p1a: Meowth|Meowth-Alola, L50, M, shiny|100\/100\n|switch|p1b: Voltorb|Voltorb-Hisui, L50, shiny|100\/100\n|switch|p2a: Riolu|Riolu, L50, F|100\/100\n|switch|p2b: Finneon|Finneon, L50, M|100\/100\n|turn|1\n|\n|t:|1700426205\n|switch|p2b: Sentret|Sentret, L50, F|100\/100\n|-item|p1a: Meowth|Normal Gem|[from] ability: Frisk|[of] p2b: Sentret|[identify]\n|-item|p1b: Voltorb|Choice Scarf|[from] ability: Frisk|[of] p2b: Sentret|[identify]\n|move|p1a: Meowth|Fake Out|p2a: Riolu\n|-enditem|p1a: Meowth|Normal Gem|[from] gem\n|-damage|p2a: Riolu|66\/100\n|move|p1b: Voltorb|Volt Switch|p2a: Riolu\n|-damage|p2a: Riolu|8\/100\n|\n|t:|1700426221\n|switch|p1b: Ekans|Ekans, L50, M|100\/100|[from] Volt Switch\n|-ability|p1b: Ekans|Intimidate|boost\n|-fail|p2a: Riolu|unboost|Attack|[from] ability: Inner Focus|[of] p2a: Riolu\n|-unboost|p2b: Sentret|atk|1\n|move|p2a: Riolu|Close Combat|p1a: Meowth\n|-supereffective|p1a: Meowth\n|-damage|p1a: Meowth|0 fnt\n|-unboost|p2a: Riolu|def|1\n|-unboost|p2a: Riolu|spd|1\n|faint|p1a: Meowth\n|-damage|p2a: Riolu|0 fnt|[from] item: Life Orb\n|faint|p2a: Riolu\n|\n|upkeep\n|\n|t:|1700426239\n|switch|p1a: Misdreavus|Misdreavus, L50, F|100\/100\n|switch|p2a: Finneon|Finneon, L50, M|100\/100\n|turn|2\n|\n|t:|1700426245\n|move|p1a: Misdreavus|Calm Mind|p1a: Misdreavus\n|-boost|p1a: Misdreavus|spa|1\n|-boost|p1a: Misdreavus|spd|1\n|move|p2a: Finneon|Tailwind|p2a: Finneon\n|-sidestart|p2: PKAB|move: Tailwind\n|move|p1b: Ekans|Coil|p1b: Ekans\n|-boost|p1b: Ekans|atk|1\n|-boost|p1b: Ekans|def|1\n|-boost|p1b: Ekans|accuracy|1\n|move|p2b: Sentret|Body Slam|p1b: Ekans\n|-damage|p1b: Ekans|82\/100\n|\n|-heal|p1b: Ekans|88\/100|[from] item: Leftovers\n|upkeep\n|turn|3\n|\n|t:|1700426268\n|move|p1a: Misdreavus|Protect|p1a: Misdreavus\n|-singleturn|p1a: Misdreavus|Protect\n|move|p2a: Finneon|Aqua Tail|p1a: Misdreavus\n|-activate|p1a: Misdreavus|move: Protect\n|move|p1b: Ekans|Gunk Shot|p2b: Sentret\n|-enditem|p2b: Sentret|Focus Sash\n|-damage|p2b: Sentret|1\/100\n|move|p2b: Sentret|Body Slam|p1b: Ekans\n|-damage|p1b: Ekans|71\/100\n|-status|p1b: Ekans|par\n|\n|-heal|p1b: Ekans|77\/100 par|[from] item: Leftovers\n|upkeep\n|turn|4\n|\n|t:|1700426291\n|move|p2b: Sentret|Sucker Punch|p1a: Misdreavus\n|-supereffective|p1a: Misdreavus\n|-enditem|p1a: Misdreavus|Colbur Berry|[eat]\n|-enditem|p1a: Misdreavus|Colbur Berry|[weaken]\n|-damage|p1a: Misdreavus|91\/100\n|move|p2a: Finneon|Aqua Tail|p1a: Misdreavus|[miss]\n|-miss|p2a: Finneon|p1a: Misdreavus\n|move|p1a: Misdreavus|Dazzling Gleam|p2b: Sentret|[spread] p2a,p2b\n|-damage|p2a: Finneon|61\/100\n|-damage|p2b: Sentret|0 fnt\n|faint|p2b: Sentret\n|cant|p1b: Ekans|par\n|\n|-heal|p1b: Ekans|83\/100 par|[from] item: Leftovers\n|upkeep\n|\n|t:|1700426301\n|switch|p2b: Glimmet|Glimmet, L50, F|100\/100\n|turn|5\n|\n|t:|1700426314\n|move|p1a: Misdreavus|Protect|p1a: Misdreavus\n|-singleturn|p1a: Misdreavus|Protect\n|move|p2a: Finneon|Acrobatics|p1b: Ekans\n|-damage|p1b: Ekans|64\/100 par\n|move|p2b: Glimmet|Power Gem|p1b: Ekans\n|-damage|p1b: Ekans|0 fnt\n|faint|p1b: Ekans\n|\n|-sideend|p2: PKAB|move: Tailwind\n|upkeep\n|\n|t:|1700426322\n|switch|p1b: Voltorb|Voltorb-Hisui, L50, shiny|100\/100\n|turn|6\n|\n|t:|1700426353\n|-terastallize|p1a: Misdreavus|Fairy\n|-terastallize|p2a: Finneon|Steel\n|move|p1b: Voltorb|Thunderbolt|p2b: Glimmet\n|-damage|p2b: Glimmet|68\/100\n|move|p1a: Misdreavus|Dazzling Gleam|p2b: Glimmet|[spread] p2a,p2b\n|-resisted|p2a: Finneon\n|-resisted|p2b: Glimmet\n|-damage|p2a: Finneon|31\/100\n|-damage|p2b: Glimmet|45\/100\n|move|p2a: Finneon|Tailwind|p2a: Finneon\n|-sidestart|p2: PKAB|move: Tailwind\n|move|p2b: Glimmet|Sludge Bomb|p1b: Voltorb\n|-supereffective|p1b: Voltorb\n|-damage|p1b: Voltorb|0 fnt\n|faint|p1b: Voltorb\n|\n|upkeep\n|turn|7\n|c|\u2606JLFalcon|ggs\n|\n|t:|1700426368\n|move|p2a: Finneon|Acrobatics|p1a: Misdreavus\n|-damage|p1a: Misdreavus|69\/100\n|move|p2b: Glimmet|Sludge Bomb|p1a: Misdreavus\n|-supereffective|p1a: Misdreavus\n|-damage|p1a: Misdreavus|0 fnt\n|faint|p1a: Misdreavus\n|\n|win|PKAB\n|c|\u2606PKAB|ggs\n|l|\u2606JLFalcon\n","uploadtime":1700426600,"views":32,"p1id":"jlfalcon","p2id":"pkab","formatid":"gen9vgc2023regulatione","rating":0,"private":0,"password":""}