{"id":"gen9vgc2023regulatione-1988312942","p1":"Sleeping Demons","p2":"please cheese","format":"[Gen 9] VGC 2023 Regulation E","log":"|j|\u2606Sleeping Demons\n|j|\u2606please cheese\n|t:|1699706752\n|gametype|doubles\n|player|p1|Sleeping Demons|169|1107\n|player|p2|please cheese|pokemaniac|1103\n|teamsize|p1|6\n|teamsize|p2|6\n|gen|9\n|tier|[Gen 9] VGC 2023 Regulation E\n|rated|\n|rule|Species Clause: Limit one of each Pok\u00e9mon\n|rule|Item Clause: Limit one of each item\n|clearpoke\n|poke|p1|Ursaluna-Bloodmoon, L50, M|\n|poke|p1|Oranguru, L50, F|\n|poke|p1|Torkoal, L50, M|\n|poke|p1|Maushold-Four, L50|\n|poke|p1|Urshifu-*, L50, M|\n|poke|p1|Bruxish, L50, F|\n|poke|p2|Dragonite, L50, M|\n|poke|p2|Urshifu-*, L50, M|\n|poke|p2|Kingambit, L50, F|\n|poke|p2|Thundurus, L50, M|\n|poke|p2|Chien-Pao, L50|\n|poke|p2|Talonflame, L50, M|\n|teampreview|4\n|inactive|Battle timer is ON: inactive players will automatically lose when time's up. (requested by Sleeping Demons)\n|inactive|please cheese has 60 seconds left.\n|\n|t:|1699706809\n|start\n|switch|p1a: Oranguru|Oranguru, L50, F, shiny|100\/100\n|switch|p1b: Maushold|Maushold-Four, L50, shiny|100\/100\n|switch|p2a: Talonflame|Talonflame, L50, M|100\/100\n|switch|p2b: Urshifu|Urshifu-Rapid-Strike, L50, M|100\/100\n|turn|1\n|inactive|please cheese has 30 seconds left.\n|\n|t:|1699706836\n|-terastallize|p1a: Oranguru|Water\n|move|p2b: Urshifu|Detect|p2b: Urshifu\n|-singleturn|p2b: Urshifu|Protect\n|move|p2a: Talonflame|Will-O-Wisp|p1b: Maushold\n|-status|p1b: Maushold|brn\n|move|p1b: Maushold|Population Bomb|p2b: Urshifu\n|-activate|p2b: Urshifu|move: Protect\n|move|p1a: Oranguru|Trick Room|p1a: Oranguru\n|-fieldstart|move: Trick Room|[of] p1a: Oranguru\n|\n|-damage|p1b: Maushold|94\/100 brn|[from] brn\n|upkeep\n|turn|2\n|inactive|please cheese has 30 seconds left.\n|inactive|please cheese has 20 seconds left.\n|inactive|please cheese has 15 seconds left.\n|inactive|please cheese has 10 seconds left.\n|inactive|please cheese has 5 seconds left.\n|\n|t:|1699706889\n|switch|p2b: Thundurus|Thundurus, L50, M|100\/100\n|move|p1a: Oranguru|Encore|p2a: Talonflame\n|-start|p2a: Talonflame|Encore\n|move|p1b: Maushold|U-turn|p2b: Thundurus\n|-resisted|p2b: Thundurus\n|-damage|p2b: Thundurus|95\/100\n|\n|t:|1699706899\n|switch|p1b: Ursaluna|Ursaluna-Bloodmoon, L50, M|100\/100|[from] U-turn\n|move|p2a: Talonflame|Will-O-Wisp|p1b: Ursaluna\n|-status|p1b: Ursaluna|brn\n|\n|-damage|p1b: Ursaluna|95\/100 brn|[from] brn\n|upkeep\n|turn|3\n|inactive|please cheese has 30 seconds left.\n|\n|t:|1699706928\n|switch|p2a: Urshifu|Urshifu-Rapid-Strike, L50, M|100\/100\n|move|p2b: Thundurus|Eerie Impulse|p1b: Ursaluna\n|-unboost|p1b: Ursaluna|spa|2\n|move|p1b: Ursaluna|Hyper Voice|p2b: Thundurus|[spread] p2a,p2b\n|-crit|p2b: Thundurus\n|-damage|p2a: Urshifu|64\/100\n|-damage|p2b: Thundurus|0 fnt\n|faint|p2b: Thundurus\n|-damage|p1b: Ursaluna|85\/100 brn|[from] item: Life Orb\n|move|p1a: Oranguru|Instruct|p1b: Ursaluna\n|-singleturn|p1b: Ursaluna|move: Instruct|[of] p1a: Oranguru\n|move|p1b: Ursaluna|Hyper Voice|p2a: Urshifu\n|-damage|p2a: Urshifu|19\/100\n|-damage|p1b: Ursaluna|75\/100 brn|[from] item: Life Orb\n|\n|-damage|p1b: Ursaluna|69\/100 brn|[from] brn\n|upkeep\n|\n|t:|1699706949\n|switch|p2b: Chien-Pao|Chien-Pao, L50|100\/100\n|-ability|p2b: Chien-Pao|Sword of Ruin\n|turn|4\n|\n|t:|1699706964\n|switch|p1b: Urshifu|Urshifu, L50, M|100\/100\n|switch|p1a: Maushold|Maushold-Four, L50, shiny|94\/100 brn\n|move|p2a: Urshifu|Detect|p2a: Urshifu\n|-singleturn|p2a: Urshifu|Protect\n|move|p2b: Chien-Pao|Ice Shard|p1b: Urshifu\n|-damage|p1b: Urshifu|73\/100\n|\n|-damage|p1a: Maushold|88\/100 brn|[from] brn\n|upkeep\n|turn|5\n|\n|t:|1699706989\n|switch|p2a: Talonflame|Talonflame, L50, M|100\/100\n|move|p2b: Chien-Pao|Protect|p2b: Chien-Pao\n|-singleturn|p2b: Chien-Pao|Protect\n|move|p1a: Maushold|Follow Me|p1a: Maushold\n|-singleturn|p1a: Maushold|move: Follow Me\n|move|p1b: Urshifu|Close Combat|p2b: Chien-Pao\n|-supereffective|p2b: Chien-Pao\n|-enditem|p2b: Chien-Pao|Focus Sash\n|-damage|p2b: Chien-Pao|1\/100\n|-unboost|p1b: Urshifu|def|1\n|-unboost|p1b: Urshifu|spd|1\n|\n|-damage|p1a: Maushold|82\/100 brn|[from] brn\n|-fieldend|move: Trick Room\n|upkeep\n|turn|6\n|inactive|please cheese has 30 seconds left.\n|inactive|please cheese has 20 seconds left.\n|inactive|please cheese has 15 seconds left.\n|\n|t:|1699707031\n|-terastallize|p2b: Chien-Pao|Ghost\n|move|p2b: Chien-Pao|Ice Shard|p1b: Urshifu\n|-crit|p1b: Urshifu\n|-damage|p1b: Urshifu|20\/100\n|move|p1b: Urshifu|Sucker Punch||[still]\n|-fail|p1b: Urshifu\n|move|p2a: Talonflame|Will-O-Wisp|p1b: Urshifu\n|-status|p1b: Urshifu|brn\n|move|p1a: Maushold|U-turn|p2a: Talonflame\n|-resisted|p2a: Talonflame\n|-damage|p2a: Talonflame|97\/100\n|\n|t:|1699707038\n|switch|p1a: Ursaluna|Ursaluna-Bloodmoon, L50, M|69\/100 brn|[from] U-turn\n|\n|-damage|p1b: Urshifu|15\/100 brn|[from] brn\n|-damage|p1a: Ursaluna|63\/100 brn|[from] brn\n|upkeep\n|turn|7\n|inactive|please cheese has 30 seconds left.\n|\n|t:|1699707072\n|switch|p1a: Oranguru|Oranguru, L50, F, shiny, tera:Water|100\/100\n|move|p2b: Chien-Pao|Ice Shard|p1a: Oranguru\n|-resisted|p1a: Oranguru\n|-damage|p1a: Oranguru|88\/100\n|move|p2a: Talonflame|Brave Bird|p1b: Urshifu\n|-supereffective|p1b: Urshifu\n|-damage|p1b: Urshifu|0 fnt\n|faint|p1b: Urshifu\n|-damage|p2a: Talonflame|90\/100|[from] Recoil\n|\n|upkeep\n|\n|t:|1699707081\n|switch|p1b: Maushold|Maushold-Four, L50, shiny|82\/100 brn\n|turn|8\n|\n|t:|1699707106\n|move|p1b: Maushold|Follow Me|p1b: Maushold\n|-singleturn|p1b: Maushold|move: Follow Me\n|move|p2b: Chien-Pao|Ice Shard|p1b: Maushold\n|-damage|p1b: Maushold|36\/100 brn\n|move|p2a: Talonflame|Taunt|p1b: Maushold\n|-start|p1b: Maushold|move: Taunt\n|move|p1a: Oranguru|Trick Room|p1a: Oranguru\n|-fieldstart|move: Trick Room|[of] p1a: Oranguru\n|\n|-damage|p1b: Maushold|30\/100 brn|[from] brn\n|upkeep\n|turn|9\n|\n|t:|1699707129\n|move|p2b: Chien-Pao|Ice Shard|p1b: Maushold\n|-damage|p1b: Maushold|0 fnt\n|faint|p1b: Maushold\n|move|p1a: Oranguru|Foul Play|p2b: Chien-Pao\n|-supereffective|p2b: Chien-Pao\n|-damage|p2b: Chien-Pao|0 fnt\n|faint|p2b: Chien-Pao\n|move|p2a: Talonflame|Brave Bird|p1a: Oranguru\n|-crit|p1a: Oranguru\n|-damage|p1a: Oranguru|11\/100\n|-damage|p2a: Talonflame|58\/100|[from] Recoil\n|\n|upkeep\n|\n|t:|1699707140\n|switch|p1b: Ursaluna|Ursaluna-Bloodmoon, L50, M|63\/100 brn\n|switch|p2b: Urshifu|Urshifu-Rapid-Strike, L50, M|19\/100\n|turn|10\n|\n|t:|1699707157\n|move|p2b: Urshifu|Aqua Jet|p1b: Ursaluna\n|-supereffective|p1b: Ursaluna\n|-damage|p1b: Ursaluna|24\/100 brn\n|move|p1b: Ursaluna|Hyper Voice|p2b: Urshifu|[spread] p2a,p2b\n|-damage|p2a: Talonflame|0 fnt\n|-damage|p2b: Urshifu|0 fnt\n|faint|p2a: Talonflame\n|faint|p2b: Urshifu\n|-damage|p1b: Ursaluna|15\/100 brn|[from] item: Life Orb\n|\n|win|Sleeping Demons\n|raw|Sleeping Demons's rating: 1107 &rarr; <strong>1132<\/strong><br \/>(+25 for winning)\n|raw|please cheese's rating: 1103 &rarr; <strong>1078<\/strong><br \/>(-25 for losing)\n|l|\u2606please cheese\n|l|\u2606Sleeping Demons\n|j|\u2606Sleeping Demons\n|player|p1|Sleeping Demons|169\n","uploadtime":1699707167,"views":17,"p1id":"sleepingdemons","p2id":"pleasecheese","formatid":"gen9vgc2023regulatione","rating":1078,"private":0,"password":""}