{"id":"gen9vgc2023regulatione-1993884730","p1":"DCTChampion","p2":"SJSU Esports","format":"[Gen 9] VGC 2023 Regulation E","log":"|j|\u2606DCTChampion\n|j|\u2606SJSU Esports\n|n|\u2606DCTChampion|dctchampion\n|n|\u2606SJSU Esports|sjsuesports\n|html|View the match progress at <a href=\"\/game-bestof3-gen9vgc2023regulatione-1993880271\">game-bestof3-gen9vgc2023regulatione-1993880271<\/a>\n|t:|1700369921\n|gametype|doubles\n|player|p1|DCTChampion|2|\n|player|p2|SJSU Esports|266|\n|teamsize|p1|6\n|teamsize|p2|6\n|gen|9\n|tier|[Gen 9] VGC 2023 Regulation E\n|rule|Species Clause: Limit one of each Pok\u00e9mon\n|rule|Item Clause: Limit one of each item\n|clearpoke\n|poke|p1|Ogerpon-Wellspring, L50, F|\n|poke|p1|Zapdos, L50|\n|poke|p1|Roaring Moon, L50|\n|poke|p1|Cresselia, L50, F|\n|poke|p1|Weezing-Galar, L50, F|\n|poke|p1|Dragapult, L50, F|\n|poke|p2|Landorus, L50, M|\n|poke|p2|Palafin, L50, F|\n|poke|p2|Skeledirge, L50, M|\n|poke|p2|Regieleki, L50|\n|poke|p2|Brute Bonnet, L50|\n|poke|p2|Illumise, L50, F|\n|teampreview|4\n|j| SilentHubba\nDCTChampion has agreed to open team sheets.\nSJSU Esports has agreed to open team sheets.\n|showteam|p1|Ogerpon-Wellspring||WellspringMask|WaterAbsorb|IvyCudgel,HornLeech,Uturn,SpikyShield|||F|||50|,,,,,Water]Zapdos||SitrusBerry|Static|Thunder,Hurricane,WeatherBall,Roost||||||50|,,,,,Water]Roaring Moon||BoosterEnergy|Protosynthesis|DragonDance,Acrobatics,DragonClaw,BrickBreak||||||50|,,,,,Flying]Cresselia||Leftovers|Levitate|Thunderbolt,IceBeam,CalmMind,Moonlight|||F|||50|,,,,,Electric]Weezing-Galar||BlackSludge|Levitate|WillOWisp,Taunt,SludgeBomb,Thunderbolt|||F|||50|,,,,,Poison]Dragapult||LightClay|Infiltrator|LightScreen,Reflect,DragonDarts,Uturn|||F|||50|,,,,,Dragon\n|showteam|p2|Landorus||ChoiceScarf|SheerForce|SandsearStorm,EarthPower,Psychic,SludgeBomb|||M|||50|,,,,,Psychic]Palafin||EjectPack|ZerotoHero|JetPunch,CloseCombat,WaveCrash,Protect|||F|||50|,,,,,Water]Skeledirge||AssaultVest|Unaware|TorchSong,ShadowBall,FireBlast,EarthPower|||M|||50|,,,,,Fairy]Regieleki||LifeOrb|Transistor|ThunderCage,TeraBlast,Thunder,Protect||||||50|,,,,,Ice]Brute Bonnet||LoadedDice|Protosynthesis|BulletSeed,Spore,SuckerPunch,RagePowder||||||50|,,,,,Poison]Illumise||FocusSash|Prankster|Charm,ThunderWave,LightScreen,Tailwind|||F|||50|,,,,,Bug\n|\n|t:|1700370023\n|start\n|switch|p1a: Zapdos|Zapdos, L50|100\/100\n|switch|p1b: Roaring Moon|Roaring Moon, L50|100\/100\n|switch|p2a: Skeledirge|Skeledirge, L50, M|100\/100\n|switch|p2b: Brute Bonnet|Brute Bonnet, L50|100\/100\n|-enditem|p1b: Roaring Moon|Booster Energy\n|-activate|p1b: Roaring Moon|ability: Protosynthesis|[fromitem]\n|-start|p1b: Roaring Moon|protosynthesisatk\n|turn|1\n|\n|t:|1700370078\n|-terastallize|p1b: Roaring Moon|Flying\n|move|p2b: Brute Bonnet|Sucker Punch|p1b: Roaring Moon\n|-damage|p1b: Roaring Moon|57\/100\n|move|p1b: Roaring Moon|Acrobatics|p2b: Brute Bonnet\n|-supereffective|p2b: Brute Bonnet\n|-damage|p2b: Brute Bonnet|0 fnt\n|faint|p2b: Brute Bonnet\n|-end|p2b: Brute Bonnet|Protosynthesis|[silent]\n|move|p1a: Zapdos|Hurricane|p2a: Skeledirge\n|-damage|p2a: Skeledirge|61\/100\n|move|p2a: Skeledirge|Torch Song|p1b: Roaring Moon\n|-damage|p1b: Roaring Moon|19\/100\n|-boost|p2a: Skeledirge|spa|1\n|\n|upkeep\n|\n|t:|1700370092\n|switch|p2b: Regieleki|Regieleki, L50|100\/100\n|turn|2\n|\n|t:|1700370163\n|move|p2b: Regieleki|Thunder Cage|p1a: Zapdos\n|-damage|p1a: Zapdos|25\/100\n|-activate|p1a: Zapdos|move: Thunder Cage|[of] p2b: Regieleki\n|-enditem|p1a: Zapdos|Sitrus Berry|[eat]\n|-heal|p1a: Zapdos|50\/100|[from] item: Sitrus Berry\n|-damage|p2b: Regieleki|91\/100|[from] item: Life Orb\n|move|p1b: Roaring Moon|Acrobatics|p2a: Skeledirge\n|-damage|p2a: Skeledirge|0 fnt\n|faint|p2a: Skeledirge\n|move|p1a: Zapdos|Hurricane|p2b: Regieleki\n|-resisted|p2b: Regieleki\n|-damage|p2b: Regieleki|33\/100\n|\n|-damage|p1a: Zapdos|37\/100|[from] move: Thunder Cage|[partiallytrapped]\n|upkeep\n|\n|t:|1700370177\n|switch|p2a: Landorus|Landorus, L50, M|100\/100\n|turn|3\n|\n|t:|1700370201\n|move|p2b: Regieleki|Thunder Cage|p1b: Roaring Moon\n|-supereffective|p1b: Roaring Moon\n|-damage|p1b: Roaring Moon|0 fnt\n|faint|p1b: Roaring Moon\n|-end|p1b: Roaring Moon|Protosynthesis|[silent]\n|-damage|p2b: Regieleki|23\/100|[from] item: Life Orb\n|move|p2a: Landorus|Sludge Bomb|p1a: Zapdos\n|-damage|p1a: Zapdos|0 fnt\n|faint|p1a: Zapdos\n|\n|upkeep\n|\n|t:|1700370211\n|switch|p1b: Ogerpon|Ogerpon-Wellspring, L50, F|100\/100\n|switch|p1a: Cresselia|Cresselia, L50, F|100\/100\n|turn|4\n|\n|t:|1700370244\n|move|p1b: Ogerpon|Spiky Shield|p1b: Ogerpon\n|-singleturn|p1b: Ogerpon|move: Protect\n|move|p2b: Regieleki|Thunder Cage|p1a: Cresselia\n|-damage|p1a: Cresselia|59\/100\n|-activate|p1a: Cresselia|move: Thunder Cage|[of] p2b: Regieleki\n|-damage|p2b: Regieleki|13\/100|[from] item: Life Orb\n|move|p2a: Landorus|Sludge Bomb|p1b: Ogerpon\n|-activate|p1b: Ogerpon|move: Protect\n|move|p1a: Cresselia|Ice Beam|p2b: Regieleki\n|-damage|p2b: Regieleki|0 fnt\n|faint|p2b: Regieleki\n|\n|-heal|p1a: Cresselia|65\/100|[from] item: Leftovers\n|-end|p1a: Cresselia|Thunder Cage|[partiallytrapped]|[silent]\n|upkeep\n|turn|5\n|\n|t:|1700370273\n|move|p2a: Landorus|Sludge Bomb|p1b: Ogerpon\n|-supereffective|p1b: Ogerpon\n|-damage|p1b: Ogerpon|2\/100\n|move|p1b: Ogerpon|Ivy Cudgel|p2a: Landorus|[anim] Ivy Cudgel Water\n|-supereffective|p2a: Landorus\n|-damage|p2a: Landorus|0 fnt\n|faint|p2a: Landorus\n|\n|win|DCTChampion\n","uploadtime":1700370290,"views":39,"p1id":"dctchampion","p2id":"sjsuesports","formatid":"gen9vgc2023regulatione","rating":0,"private":0,"password":""}