{"id":"gen9vgc2023regulatione-1998402506","p1":"Kzjrekkxj","p2":"Bleudwave","format":"[Gen 9] VGC 2023 Regulation E","log":"|j|\u2606Kzjrekkxj\n|j|\u2606Bleudwave\n|t:|1700938343\n|gametype|doubles\n|player|p1|Kzjrekkxj|lance|1025\n|player|p2|Bleudwave|1|1042\n|teamsize|p1|6\n|teamsize|p2|6\n|gen|9\n|tier|[Gen 9] VGC 2023 Regulation E\n|rated|\n|rule|Species Clause: Limit one of each Pok\u00e9mon\n|rule|Item Clause: Limit one of each item\n|clearpoke\n|poke|p1|Flutter Mane, L50|\n|poke|p1|Tornadus, L50, M|\n|poke|p1|Rillaboom, L50, M|\n|poke|p1|Garganacl, L50, M|\n|poke|p1|Arcanine-Hisui, L50, M|\n|poke|p1|Chien-Pao, L50|\n|poke|p2|Raichu, L50, M|\n|poke|p2|Pelipper, L50, M|\n|poke|p2|Tornadus, L50, M|\n|poke|p2|Ogerpon-Hearthflame, L50, F|\n|poke|p2|Azelf, L50|\n|poke|p2|Farigiraf, L50, F|\n|teampreview|4\n|inactive|Battle timer is ON: inactive players will automatically lose when time's up. (requested by Kzjrekkxj)\n|\n|t:|1700938386\n|start\n|switch|p1a: Tornadus|Tornadus, L50, M|100\/100\n|switch|p1b: Garganacl|Garganacl, L50, M|100\/100\n|switch|p2a: Pelipper|Pelipper, L50, M|100\/100\n|switch|p2b: Tornadus|Tornadus, L50, M|100\/100\n|-weather|RainDance|[from] ability: Drizzle|[of] p2a: Pelipper\n|turn|1\n|inactive|Bleudwave has 30 seconds left.\n|\n|t:|1700938419\n|-terastallize|p2a: Pelipper|Water\n|-terastallize|p1b: Garganacl|Ghost\n|move|p2b: Tornadus|Snowscape|p2b: Tornadus\n|-weather|Snow\n|move|p1a: Tornadus|Bleakwind Storm|p2b: Tornadus|[spread] p2b\n|-miss|p1a: Tornadus|p2a: Pelipper\n|-damage|p2b: Tornadus|76\/100\n|-unboost|p2b: Tornadus|spe|1\n|move|p2a: Pelipper|Blizzard|p1a: Tornadus|[spread] p1a,p1b\n|-supereffective|p1a: Tornadus\n|-damage|p1a: Tornadus|52\/100\n|-damage|p1b: Garganacl|77\/100\n|-damage|p2a: Pelipper|91\/100|[from] item: Life Orb\n|move|p1b: Garganacl|Iron Defense|p1b: Garganacl\n|-boost|p1b: Garganacl|def|2\n|\n|-weather|Snow|[upkeep]\n|upkeep\n|turn|2\n|inactive|Bleudwave has 30 seconds left.\n|\n|t:|1700938444\n|move|p1a: Tornadus|Tailwind|p1a: Tornadus\n|-sidestart|p1: Kzjrekkxj|move: Tailwind\n|move|p2b: Tornadus|Tailwind|p2b: Tornadus\n|-sidestart|p2: Bleudwave|move: Tailwind\n|move|p2a: Pelipper|Blizzard|p1a: Tornadus|[spread] p1a,p1b\n|-supereffective|p1a: Tornadus\n|-damage|p1a: Tornadus|4\/100\n|-damage|p1b: Garganacl|54\/100\n|-damage|p2a: Pelipper|81\/100|[from] item: Life Orb\n|move|p1b: Garganacl|Salt Cure|p2a: Pelipper\n|-damage|p2a: Pelipper|66\/100\n|-start|p2a: Pelipper|Salt Cure\n|\n|-weather|Snow|[upkeep]\n|-damage|p2a: Pelipper|41\/100|[from] Salt Cure\n|upkeep\n|turn|3\n|inactive|Bleudwave has 30 seconds left.\n|\n|t:|1700938470\n|switch|p2b: Ogerpon|Ogerpon-Hearthflame, L50, F|100\/100\n|-ability|p2b: Ogerpon|Mold Breaker\n|switch|p2a: Farigiraf|Farigiraf, L50, F|100\/100\n|move|p1a: Tornadus|Taunt||[still]\n|cant|p2a: Farigiraf|ability: Armor Tail|Taunt|[of] p1a: Tornadus\n|move|p1b: Garganacl|Salt Cure|p2b: Ogerpon\n|-supereffective|p2b: Ogerpon\n|-damage|p2b: Ogerpon|62\/100\n|-start|p2b: Ogerpon|Salt Cure\n|\n|-weather|Snow|[upkeep]\n|-damage|p2b: Ogerpon|50\/100|[from] Salt Cure\n|upkeep\n|turn|4\n|\n|t:|1700938494\n|switch|p2b: Pelipper|Pelipper, L50, M, tera:Water|41\/100\n|-weather|RainDance|[from] ability: Drizzle|[of] p2b: Pelipper\n|move|p1b: Garganacl|Protect|p1b: Garganacl\n|-singleturn|p1b: Garganacl|Protect\n|move|p1a: Tornadus|Bleakwind Storm|p2b: Pelipper|[spread] p2a,p2b\n|-damage|p2a: Farigiraf|66\/100\n|-damage|p2b: Pelipper|0 fnt\n|faint|p2b: Pelipper\n|move|p2a: Farigiraf|Twin Beam|p1a: Tornadus\n|-damage|p1a: Tornadus|0 fnt\n|faint|p1a: Tornadus\n|-hitcount|p1: Tornadus|1\n|\n|-weather|RainDance|[upkeep]\n|upkeep\n|inactive|Kzjrekkxj has 30 seconds left.\n|inactive|Kzjrekkxj has 20 seconds left.\n|\n|t:|1700938533\n|switch|p1a: Arcanine|Arcanine-Hisui, L50, M|100\/100\n|switch|p2b: Tornadus|Tornadus, L50, M|76\/100\n|-ability|p1a: Arcanine|Intimidate|boost\n|-unboost|p2a: Farigiraf|atk|1\n|-unboost|p2b: Tornadus|atk|1\n|turn|5\n|inactive|Bleudwave has 30 seconds left.\n|\n|t:|1700938560\n|switch|p2b: Ogerpon|Ogerpon-Hearthflame, L50, F|50\/100\n|-ability|p2b: Ogerpon|Mold Breaker\n|move|p1a: Arcanine|Rock Slide|p2b: Ogerpon|[spread] p2a,p2b\n|-supereffective|p2b: Ogerpon\n|-damage|p2a: Farigiraf|24\/100\n|-damage|p2b: Ogerpon|0 fnt\n|faint|p2b: Ogerpon\n|move|p2a: Farigiraf|Reflect|p2a: Farigiraf\n|-sidestart|p2: Bleudwave|Reflect\n|move|p1b: Garganacl|Salt Cure|p2a: Farigiraf\n|-damage|p2a: Farigiraf|14\/100\n|-start|p2a: Farigiraf|Salt Cure\n|\n|-weather|RainDance|[upkeep]\n|-damage|p2a: Farigiraf|2\/100|[from] Salt Cure\n|-sideend|p2: Bleudwave|move: Tailwind\n|-sideend|p1: Kzjrekkxj|move: Tailwind\n|upkeep\n|\n|t:|1700938577\n|switch|p2b: Tornadus|Tornadus, L50, M|76\/100\n|turn|6\n|-message|Bleudwave forfeited.\n|\n|win|Kzjrekkxj\n|raw|Kzjrekkxj's rating: 1025 &rarr; <strong>1063<\/strong><br \/>(+38 for winning)\n|raw|Bleudwave's rating: 1042 &rarr; <strong>1025<\/strong><br \/>(-17 for losing)\n|l|\u2606Bleudwave\n","uploadtime":1700938597,"views":1,"p1id":"kzjrekkxj","p2id":"bleudwave","formatid":"gen9vgc2023regulatione","rating":1025,"private":0,"password":""}