{"id":"gen9vgc2023regulatione-1988186255","p1":"Devlisted","p2":"Daehkcarc420","format":"[Gen 9] VGC 2023 Regulation E","log":"|j|\u2606Devlisted\n|j|\u2606Daehkcarc420\n|t:|1699681489\n|gametype|doubles\n|player|p1|Devlisted|2|\n|player|p2|Daehkcarc420|101|\n|teamsize|p1|6\n|teamsize|p2|6\n|gen|9\n|tier|[Gen 9] VGC 2023 Regulation E\n|rule|Species Clause: Limit one of each Pok\u00e9mon\n|rule|Item Clause: Limit one of each item\n|clearpoke\n|poke|p1|Regieleki, L50|\n|poke|p1|Flapple, L50, F|\n|poke|p1|Landorus-Therian, L50, M|\n|poke|p1|Indeedee, L50, M|\n|poke|p1|Milotic, L50, F|\n|poke|p1|Chi-Yu, L50|\n|poke|p2|Regieleki, L50|\n|poke|p2|Dusclops, L50, M|\n|poke|p2|Flapple, L50, F|\n|poke|p2|Milotic, L50, F|\n|poke|p2|Annihilape, L50, M|\n|poke|p2|Sableye, L50, M|\n|teampreview|4\n|inactive|Battle timer is ON: inactive players will automatically lose when time's up. (requested by Daehkcarc420)\n|inactive|Devlisted has 60 seconds left.\n|inactive|Daehkcarc420 has 60 seconds left.\n|\n|t:|1699681530\n|start\n|switch|p1a: Indeedee|Indeedee, L50, M|100\/100\n|switch|p1b: Flapple|Flapple, L50, F|100\/100\n|switch|p2a: Flapple|Flapple, L50, F|100\/100\n|switch|p2b: Dusclops|Dusclops, L50, M|100\/100\n|-fieldstart|move: Psychic Terrain|[from] ability: Psychic Surge|[of] p1a: Indeedee\n|-enditem|p1b: Flapple|Psychic Seed\n|-boost|p1b: Flapple|spd|1|[from] item: Psychic Seed\n|-item|p1a: Indeedee|Eject Button|[from] ability: Frisk|[of] p2b: Dusclops|[identify]\n|turn|1\n|inactive|Devlisted has 30 seconds left.\n|inactive|Daehkcarc420 has 30 seconds left.\n|\n|t:|1699681564\n|move|p2a: Flapple|Protect|p2a: Flapple\n|-singleturn|p2a: Flapple|Protect\n|move|p1a: Indeedee|Gravity|p1a: Indeedee\n|-fieldstart|move: Gravity\n|move|p1b: Flapple|Acrobatics|p2a: Flapple\n|-activate|p2a: Flapple|move: Protect\n|move|p2b: Dusclops|Will-O-Wisp|p1b: Flapple\n|-status|p1b: Flapple|brn\n|\n|-damage|p1b: Flapple|94\/100 brn|[from] brn\n|upkeep\n|turn|2\n|inactive|Daehkcarc420 has 30 seconds left.\n|\n|t:|1699681590\n|move|p2b: Dusclops|Helping Hand|p2a: Flapple\n|-singleturn|p2a: Flapple|Helping Hand|[of] p2b: Dusclops\n|move|p1a: Indeedee|Encore|p2b: Dusclops\n|-start|p2b: Dusclops|Encore\n|move|p2a: Flapple|Dual Wingbeat|p1b: Flapple\n|-supereffective|p1b: Flapple\n|-damage|p1b: Flapple|0 fnt\n|faint|p1b: Flapple\n|-hitcount|p1: Flapple|1\n|-damage|p2a: Flapple|91\/100|[from] item: Life Orb\n|\n|upkeep\n|\n|t:|1699681603\n|switch|p1b: Chi-Yu|Chi-Yu, L50|100\/100\n|-ability|p1b: Chi-Yu|Beads of Ruin\n|turn|3\n|inactive|Devlisted has 30 seconds left.\n|inactive|Daehkcarc420 has 30 seconds left.\n|\n|t:|1699681630\n|-terastallize|p1b: Chi-Yu|Fire\n|-terastallize|p2a: Flapple|Water\n|move|p2b: Dusclops|Helping Hand|p2a: Flapple\n|-singleturn|p2a: Flapple|Helping Hand|[of] p2b: Dusclops\n|move|p1b: Chi-Yu|Overheat|p2a: Flapple\n|-resisted|p2a: Flapple\n|-damage|p2a: Flapple|0 fnt\n|-unboost|p1b: Chi-Yu|spa|2\n|faint|p2a: Flapple\n|move|p1a: Indeedee|Extrasensory|p2b: Dusclops\n|-damage|p2b: Dusclops|72\/100\n|\n|upkeep\n|\n|t:|1699681645\n|switch|p2a: Regieleki|Regieleki, L50|100\/100\n|turn|4\n|\n|t:|1699681657\n|move|p2b: Dusclops|Helping Hand|p2a: Regieleki\n|-singleturn|p2a: Regieleki|Helping Hand|[of] p2b: Dusclops\n|move|p2a: Regieleki|Electroweb|p1b: Chi-Yu|[spread] p1a,p1b\n|-damage|p1a: Indeedee|38\/100\n|-damage|p1b: Chi-Yu|60\/100\n|-unboost|p1a: Indeedee|spe|1\n|-unboost|p1b: Chi-Yu|spe|1\n|-enditem|p1a: Indeedee|Eject Button\n|\n|t:|1699681666\n|switch|p1a: Regieleki|Regieleki, L50|100\/100\n|move|p1b: Chi-Yu|Overheat|p2a: Regieleki\n|-damage|p2a: Regieleki|0 fnt\n|-unboost|p1b: Chi-Yu|spa|2\n|faint|p2a: Regieleki\n|\n|upkeep\n|\n|t:|1699681676\n|switch|p2a: Annihilape|Annihilape, L50, M|100\/100\n|turn|5\n|\n|t:|1699681694\n|move|p2b: Dusclops|Helping Hand|p2a: Annihilape\n|-singleturn|p2a: Annihilape|Helping Hand|[of] p2b: Dusclops\n|move|p1a: Regieleki|Zap Cannon|p2a: Annihilape\n|-damage|p2a: Annihilape|6\/100\n|-status|p2a: Annihilape|par\n|move|p1b: Chi-Yu|Overheat|p2a: Annihilape\n|-damage|p2a: Annihilape|0 fnt\n|-unboost|p1b: Chi-Yu|spa|2\n|faint|p2a: Annihilape\n|\n|-end|p2b: Dusclops|Encore\n|-fieldend|move: Gravity\n|-fieldend|move: Psychic Terrain\n|upkeep\n|turn|6\n|\n|t:|1699681707\n|move|p1a: Regieleki|Electroweb|p2b: Dusclops\n|-damage|p2b: Dusclops|49\/100\n|-unboost|p2b: Dusclops|spe|1\n|move|p1b: Chi-Yu|Overheat|p2b: Dusclops|[miss]\n|-miss|p1b: Chi-Yu|p2b: Dusclops\n|move|p2b: Dusclops|Will-O-Wisp|p1a: Regieleki\n|-status|p1a: Regieleki|brn\n|\n|-damage|p1a: Regieleki|95\/100 brn|[from] brn\n|upkeep\n|turn|7\n|\n|t:|1699681718\n|move|p1a: Regieleki|Electroweb|p2b: Dusclops\n|-damage|p2b: Dusclops|28\/100\n|-unboost|p2b: Dusclops|spe|1\n|move|p1b: Chi-Yu|Overheat|p2b: Dusclops|[miss]\n|-miss|p1b: Chi-Yu|p2b: Dusclops\n|move|p2b: Dusclops|Night Shade|p1a: Regieleki\n|-damage|p1a: Regieleki|62\/100 brn\n|\n|-damage|p1a: Regieleki|57\/100 brn|[from] brn\n|upkeep\n|turn|8\n|\n|t:|1699681729\n|move|p1a: Regieleki|Electroweb|p2b: Dusclops\n|-damage|p2b: Dusclops|5\/100\n|-unboost|p2b: Dusclops|spe|1\n|move|p1b: Chi-Yu|Overheat|p2b: Dusclops\n|-damage|p2b: Dusclops|0 fnt\n|faint|p2b: Dusclops\n|\n|win|Devlisted\n|l|\u2606Daehkcarc420\n","uploadtime":1699681746,"views":13,"p1id":"devlisted","p2id":"daehkcarc420","formatid":"gen9vgc2023regulatione","rating":0,"private":0,"password":""}