{"id":"gen9vgc2023regulatione-1990980433","p1":"Sw333zy","p2":"Moxiemencefan21","format":"[Gen 9] VGC 2023 Regulation E","log":"|j|\u2606Sw333zy\n|j|\u2606Moxiemencefan21\n|t:|1700022783\n|gametype|doubles\n|player|p1|Sw333zy|265|1246\n|player|p2|Moxiemencefan21|2|1324\n|teamsize|p1|6\n|teamsize|p2|6\n|gen|9\n|tier|[Gen 9] VGC 2023 Regulation E\n|rated|\n|rule|Species Clause: Limit one of each Pok\u00e9mon\n|rule|Item Clause: Limit one of each item\n|clearpoke\n|poke|p1|Landorus-Therian, L50, M|\n|poke|p1|Flutter Mane, L50|\n|poke|p1|Amoonguss, L50, M|\n|poke|p1|Chien-Pao, L50|\n|poke|p1|Dragonite, L50, F|\n|poke|p1|Urshifu-*, L50, M|\n|poke|p2|Urshifu-*, L50, M|\n|poke|p2|Iron Hands, L50|\n|poke|p2|Chi-Yu, L50|\n|poke|p2|Roaring Moon, L50|\n|poke|p2|Rillaboom, L50, F|\n|poke|p2|Flutter Mane, L50|\n|teampreview|4\n|\n|t:|1700022827\n|start\n|switch|p1a: Chien-Pao|Chien-Pao, L50|100\/100\n|switch|p1b: Urshifu|Urshifu-Rapid-Strike, L50, M|100\/100\n|switch|p2a: Urshifu|Urshifu-Rapid-Strike, L50, M|100\/100\n|switch|p2b: Roaring Moon|Roaring Moon, L50|100\/100\n|-ability|p1a: Chien-Pao|Sword of Ruin\n|-enditem|p2b: Roaring Moon|Booster Energy\n|-activate|p2b: Roaring Moon|ability: Protosynthesis|[fromitem]\n|-start|p2b: Roaring Moon|protosynthesisspe\n|turn|1\n|\n|t:|1700022862\n|-terastallize|p2a: Urshifu|Water\n|move|p2b: Roaring Moon|Tailwind|p2b: Roaring Moon\n|-sidestart|p2: Moxiemencefan21|move: Tailwind\n|move|p2a: Urshifu|Surging Strikes|p1a: Chien-Pao\n|-crit|p1a: Chien-Pao\n|-damage|p1a: Chien-Pao|67\/100\n|-crit|p1a: Chien-Pao\n|-damage|p1a: Chien-Pao|37\/100\n|-crit|p1a: Chien-Pao\n|-damage|p1a: Chien-Pao|6\/100\n|-hitcount|p1a: Chien-Pao|3\n|move|p1a: Chien-Pao|Ice Spinner|p2b: Roaring Moon\n|-supereffective|p2b: Roaring Moon\n|-damage|p2b: Roaring Moon|0 fnt\n|faint|p2b: Roaring Moon\n|-end|p2b: Roaring Moon|Protosynthesis|[silent]\n|move|p1b: Urshifu|Close Combat|p2a: Urshifu\n|-damage|p2a: Urshifu|22\/100\n|-unboost|p1b: Urshifu|def|1\n|-unboost|p1b: Urshifu|spd|1\n|\n|upkeep\n|\n|t:|1700022886\n|switch|p2b: Keanu Reeves|Flutter Mane, L50|100\/100\n|turn|2\n|\n|t:|1700022897\n|switch|p2a: Sammy zayn|Rillaboom, L50, F|100\/100\n|-fieldstart|move: Grassy Terrain|[from] ability: Grassy Surge|[of] p2a: Sammy zayn\n|switch|p1b: Amoonguss|Amoonguss, L50, M|100\/100\n|move|p1a: Chien-Pao|Sucker Punch||[still]\n|-fail|p1a: Chien-Pao\n|move|p2b: Keanu Reeves|Dazzling Gleam|p1a: Chien-Pao|[spread] p1a,p1b\n|-supereffective|p1a: Chien-Pao\n|-resisted|p1b: Amoonguss\n|-damage|p1a: Chien-Pao|0 fnt\n|-damage|p1b: Amoonguss|87\/100\n|faint|p1a: Chien-Pao\n|\n|-heal|p1b: Amoonguss|93\/100|[from] Grassy Terrain\n|upkeep\n|\n|t:|1700022906\n|switch|p1a: Flutter Mane|Flutter Mane, L50|100\/100\n|-enditem|p1a: Flutter Mane|Booster Energy\n|-activate|p1a: Flutter Mane|ability: Protosynthesis|[fromitem]\n|-start|p1a: Flutter Mane|protosynthesisspe\n|turn|3\n|\n|t:|1700022919\n|move|p1a: Flutter Mane|Protect|p1a: Flutter Mane\n|-singleturn|p1a: Flutter Mane|Protect\n|move|p2a: Sammy zayn|Grassy Glide|p1a: Flutter Mane\n|-activate|p1a: Flutter Mane|move: Protect\n|move|p2b: Keanu Reeves|Dazzling Gleam|p1a: Flutter Mane|[spread] p1b\n|-activate|p1a: Flutter Mane|move: Protect\n|-resisted|p1b: Amoonguss\n|-damage|p1b: Amoonguss|79\/100\n|move|p1b: Amoonguss|Spore|p2b: Keanu Reeves\n|-status|p2b: Keanu Reeves|slp|[from] move: Spore\n|\n|-heal|p1b: Amoonguss|85\/100|[from] Grassy Terrain\n|upkeep\n|turn|4\n|\n|t:|1700022941\n|move|p2a: Sammy zayn|Grassy Glide|p1a: Flutter Mane\n|-damage|p1a: Flutter Mane|0 fnt\n|faint|p1a: Flutter Mane\n|-end|p1a: Flutter Mane|Protosynthesis|[silent]\n|cant|p2b: Keanu Reeves|slp\n|move|p1b: Amoonguss|Pollen Puff|p2a: Sammy zayn\n|-supereffective|p2a: Sammy zayn\n|-damage|p2a: Sammy zayn|60\/100\n|\n|-heal|p2a: Sammy zayn|66\/100|[from] Grassy Terrain\n|-heal|p1b: Amoonguss|91\/100|[from] Grassy Terrain\n|-sideend|p2: Moxiemencefan21|move: Tailwind\n|upkeep\n|\n|t:|1700022945\n|switch|p1a: Urshifu|Urshifu-Rapid-Strike, L50, M|100\/100\n|turn|5\n|\n|t:|1700022968\n|move|p1a: Urshifu|Detect|p1a: Urshifu\n|-singleturn|p1a: Urshifu|Protect\n|move|p2a: Sammy zayn|Grassy Glide|p1a: Urshifu\n|-activate|p1a: Urshifu|move: Protect\n|cant|p2b: Keanu Reeves|slp\n|move|p1b: Amoonguss|Pollen Puff|p2a: Sammy zayn\n|-supereffective|p2a: Sammy zayn\n|-damage|p2a: Sammy zayn|22\/100\n|\n|-heal|p2a: Sammy zayn|28\/100|[from] Grassy Terrain\n|-heal|p1b: Amoonguss|97\/100|[from] Grassy Terrain\n|upkeep\n|turn|6\n|\n|t:|1700022984\n|-terastallize|p1a: Urshifu|Water\n|move|p1a: Urshifu|Aqua Jet|p2a: Sammy zayn\n|-resisted|p2a: Sammy zayn\n|-damage|p2a: Sammy zayn|11\/100\n|move|p2a: Sammy zayn|Grassy Glide|p1a: Urshifu\n|-supereffective|p1a: Urshifu\n|-damage|p1a: Urshifu|0 fnt\n|faint|p1a: Urshifu\n|-curestatus|p2b: Keanu Reeves|slp|[msg]\n|move|p2b: Keanu Reeves|Dazzling Gleam|p1b: Amoonguss\n|-resisted|p1b: Amoonguss\n|-damage|p1b: Amoonguss|78\/100\n|move|p1b: Amoonguss|Spore|p2b: Keanu Reeves\n|-status|p2b: Keanu Reeves|slp|[from] move: Spore\n|\n|-heal|p2a: Sammy zayn|17\/100|[from] Grassy Terrain\n|-heal|p1b: Amoonguss|84\/100|[from] Grassy Terrain\n|-fieldend|move: Grassy Terrain\n|upkeep\n|turn|7\n|-message|Sw333zy forfeited.\n|\n|win|Moxiemencefan21\n|raw|Sw333zy's rating: 1246 &rarr; <strong>1227<\/strong><br \/>(-19 for losing)\n|raw|Moxiemencefan21's rating: 1324 &rarr; <strong>1340<\/strong><br \/>(+16 for winning)\n|l|\u2606Sw333zy\n","uploadtime":1700023010,"views":16,"p1id":"sw333zy","p2id":"moxiemencefan21","formatid":"gen9vgc2023regulatione","rating":1227,"private":0,"password":""}