{"id":"gen9vgc2023regulatione-1995191926","p1":"Hisuian Hustler","p2":"JuliusNoger","format":"[Gen 9] VGC 2023 Regulation E","log":"|j|\u2606Hisuian Hustler\n|j|\u2606JuliusNoger\n|t:|1700532903\n|gametype|doubles\n|player|p1|Hisuian Hustler|marlon|1264\n|player|p2|JuliusNoger|bugcatcher-gen4dp|1334\n|teamsize|p1|6\n|teamsize|p2|6\n|gen|9\n|tier|[Gen 9] VGC 2023 Regulation E\n|rated|\n|rule|Species Clause: Limit one of each Pok\u00e9mon\n|rule|Item Clause: Limit one of each item\n|clearpoke\n|poke|p1|Tornadus, L50, M|\n|poke|p1|Ogerpon-Cornerstone, L50, F|\n|poke|p1|Iron Hands, L50|\n|poke|p1|Clefairy, L50, F|\n|poke|p1|Gholdengo, L50|\n|poke|p1|Roaring Moon, L50|\n|poke|p2|Flutter Mane, L50|\n|poke|p2|Tornadus, L50, M|\n|poke|p2|Ogerpon-Hearthflame, L50, F|\n|poke|p2|Iron Bundle, L50|\n|poke|p2|Urshifu-*, L50, M|\n|poke|p2|Farigiraf, L50, M|\n|teampreview|4\n|inactive|Battle timer is ON: inactive players will automatically lose when time's up. (requested by JuliusNoger)\nHisuian Hustler has agreed to open team sheets.\n|inactive|Hisuian Hustler has 60 seconds left.\n|inactive|JuliusNoger has 60 seconds left.\n|\n|t:|1700532948\n|start\n|switch|p1a: Tornadus|Tornadus, L50, M|100\/100\n|switch|p1b: Ogerpon|Ogerpon-Cornerstone, L50, F|100\/100\n|switch|p2a: Iron Bundle|Iron Bundle, L50|100\/100\n|switch|p2b: Ogerpon|Ogerpon-Hearthflame, L50, F|100\/100\n|-ability|p2b: Ogerpon|Mold Breaker\n|-enditem|p2a: Iron Bundle|Booster Energy\n|-activate|p2a: Iron Bundle|ability: Quark Drive|[fromitem]\n|-start|p2a: Iron Bundle|quarkdrivespa\n|turn|1\n|inactive|JuliusNoger has 30 seconds left.\n|\n|t:|1700532973\n|move|p1a: Tornadus|Tailwind|p1a: Tornadus\n|-sidestart|p1: Hisuian Hustler|move: Tailwind\n|move|p1b: Ogerpon|Ivy Cudgel|p2a: Iron Bundle|[anim] Ivy Cudgel Rock\n|-supereffective|p2a: Iron Bundle\n|-damage|p2a: Iron Bundle|0 fnt\n|faint|p2a: Iron Bundle\n|-end|p2a: Iron Bundle|Quark Drive|[silent]\n|move|p2b: Ogerpon|Horn Leech|p1b: Ogerpon\n|-damage|p1b: Ogerpon|40\/100\n|\n|upkeep\n|\n|t:|1700532983\n|switch|p2a: Tornadus|Tornadus, L50, M|100\/100\n|turn|2\n|\n|t:|1700533001\n|move|p2b: Ogerpon|Spiky Shield|p2b: Ogerpon\n|-singleturn|p2b: Ogerpon|move: Protect\n|move|p1a: Tornadus|Taunt|p2a: Tornadus\n|-start|p2a: Tornadus|move: Taunt\n|cant|p2a: Tornadus|move: Taunt|Tailwind\n|move|p1b: Ogerpon|Ivy Cudgel|p2b: Ogerpon|[anim] Ivy Cudgel Rock\n|-activate|p2b: Ogerpon|move: Protect\n|\n|upkeep\n|turn|3\n|\n|t:|1700533021\n|move|p1a: Tornadus|Rain Dance|p1a: Tornadus\n|-weather|RainDance\n|move|p1b: Ogerpon|Ivy Cudgel|p2b: Ogerpon|[anim] Ivy Cudgel Rock\n|-supereffective|p2b: Ogerpon\n|-damage|p2b: Ogerpon|0 fnt\n|faint|p2b: Ogerpon\n|move|p2a: Tornadus|Bleakwind Storm|p1a: Tornadus|[spread] p1a,p1b\n|-damage|p1a: Tornadus|56\/100\n|-damage|p1b: Ogerpon|5\/100\n|\n|-weather|RainDance|[upkeep]\n|upkeep\n|\n|t:|1700533031\n|switch|p2b: Flutter Mane|Flutter Mane, L50, shiny|100\/100\n|turn|4\n|\n|t:|1700533039\n|-terastallize|p2b: Flutter Mane|Fairy\n|move|p1a: Tornadus|Bleakwind Storm|p2b: Flutter Mane|[spread] p2a,p2b\n|-damage|p2a: Tornadus|54\/100\n|-damage|p2b: Flutter Mane|59\/100\n|-unboost|p2b: Flutter Mane|spe|1\n|move|p1b: Ogerpon|Horn Leech|p2b: Flutter Mane\n|-damage|p2b: Flutter Mane|0 fnt\n|-heal|p1b: Ogerpon|30\/100|[from] drain|[of] p2b: Flutter Mane\n|faint|p2b: Flutter Mane\n|-end|p2b: Flutter Mane|Protosynthesis|[silent]\n|move|p2a: Tornadus|Bleakwind Storm|p1b: Ogerpon|[spread] p1a,p1b\n|-crit|p1b: Ogerpon\n|-damage|p1a: Tornadus|15\/100\n|-damage|p1b: Ogerpon|0 fnt\n|faint|p1b: Ogerpon\n|\n|-weather|RainDance|[upkeep]\n|-end|p2a: Tornadus|move: Taunt\n|-sideend|p1: Hisuian Hustler|move: Tailwind\n|upkeep\n|\n|t:|1700533059\n|switch|p1b: Gholdengoat|Gholdengo, L50, shiny|100\/100\n|turn|5\n|\n|t:|1700533067\n|move|p1a: Tornadus|Taunt|p2a: Tornadus\n|-start|p2a: Tornadus|move: Taunt\n|move|p2a: Tornadus|Bleakwind Storm|p1b: Gholdengoat|[spread] p1a,p1b\n|-resisted|p1b: Gholdengoat\n|-damage|p1a: Tornadus|0 fnt\n|-damage|p1b: Gholdengoat|85\/100\n|-unboost|p1b: Gholdengoat|spe|1\n|faint|p1a: Tornadus\n|move|p1b: Gholdengoat|Make It Rain|p2a: Tornadus\n|-damage|p2a: Tornadus|0 fnt\n|-unboost|p1b: Gholdengoat|spa|1\n|faint|p2a: Tornadus\n|\n|win|Hisuian Hustler\n|raw|Hisuian Hustler's rating: 1264 &rarr; <strong>1294<\/strong><br \/>(+30 for winning)\n|raw|JuliusNoger's rating: 1334 &rarr; <strong>1310<\/strong><br \/>(-24 for losing)\n|c|\u2606Hisuian Hustler|Gg\n|l|\u2606JuliusNoger\n","uploadtime":1700533093,"views":4,"p1id":"hisuianhustler","p2id":"juliusnoger","formatid":"gen9vgc2023regulatione","rating":1294,"private":0,"password":""}