{"id":"gen9vgc2023regulatione-1996150935","p1":"Piccius","p2":"Jungle211","format":"[Gen 9] VGC 2023 Regulation E","log":"|j|\u2606Piccius\n|j|\u2606Jungle211\n|t:|1700651756\n|gametype|doubles\n|player|p1|Piccius|169|1424\n|player|p2|Jungle211|burglar|1342\n|teamsize|p1|6\n|teamsize|p2|6\n|gen|9\n|tier|[Gen 9] VGC 2023 Regulation E\n|rated|\n|rule|Species Clause: Limit one of each Pok\u00e9mon\n|rule|Item Clause: Limit one of each item\n|clearpoke\n|poke|p1|Chi-Yu, L50|\n|poke|p1|Kingambit, L50, F|\n|poke|p1|Flutter Mane, L50|\n|poke|p1|Rillaboom, L50, F|\n|poke|p1|Farigiraf, L50, M|\n|poke|p1|Urshifu-*, L50, M|\n|poke|p2|Chi-Yu, L50|\n|poke|p2|Ogerpon-Wellspring, L50, F|\n|poke|p2|Orthworm, L50, M|\n|poke|p2|Ursaluna, L50, F|\n|poke|p2|Indeedee-F, L50, F|\n|poke|p2|Zapdos, L50|\n|teampreview|4\n|\n|t:|1700651813\n|start\n|switch|p1a: Chi-Yu|Chi-Yu, L50|100\/100\n|switch|p1b: Flutter Mane|Flutter Mane, L50|100\/100\n|switch|p2a: Indeedee|Indeedee-F, L50, F|100\/100\n|switch|p2b: Ogerpon|Ogerpon-Wellspring, L50, F|100\/100\n|-ability|p1a: Chi-Yu|Beads of Ruin\n|-fieldstart|move: Psychic Terrain|[from] ability: Psychic Surge|[of] p2a: Indeedee\n|-enditem|p1b: Flutter Mane|Booster Energy\n|-activate|p1b: Flutter Mane|ability: Protosynthesis|[fromitem]\n|-start|p1b: Flutter Mane|protosynthesisspe\n|turn|1\n|\n|t:|1700651865\n|-terastallize|p2a: Indeedee|Fairy\n|move|p2b: Ogerpon|Follow Me|p2b: Ogerpon\n|-singleturn|p2b: Ogerpon|move: Follow Me\n|move|p1b: Flutter Mane|Icy Wind|p2b: Ogerpon|[spread] p2a,p2b\n|-damage|p2a: Indeedee|85\/100\n|-damage|p2b: Ogerpon|82\/100\n|-unboost|p2a: Indeedee|spe|1\n|-unboost|p2b: Ogerpon|spe|1\n|move|p1a: Chi-Yu|Dark Pulse|p2b: Ogerpon\n|-damage|p2b: Ogerpon|4\/100\n|move|p2a: Indeedee|Trick Room|p2a: Indeedee\n|-fieldstart|move: Trick Room|[of] p2a: Indeedee\n|\n|upkeep\n|turn|2\n|\n|t:|1700651885\n|switch|p1a: Rillaboom|Rillaboom, L50, F|100\/100\n|-fieldstart|move: Grassy Terrain|[from] ability: Grassy Surge|[of] p1a: Rillaboom\n|-end|p1b: Flutter Mane|Protosynthesis|[silent]\n|switch|p1b: Urshifu|Urshifu-Rapid-Strike, L50, M|100\/100\n|move|p2a: Indeedee|Psychic|p1b: Urshifu\n|-supereffective|p1b: Urshifu\n|-damage|p1b: Urshifu|11\/100\n|move|p2b: Ogerpon|Ivy Cudgel|p1a: Rillaboom|[anim] Ivy Cudgel Water\n|-resisted|p1a: Rillaboom\n|-damage|p1a: Rillaboom|75\/100\n|\n|-heal|p2a: Indeedee|91\/100|[from] Grassy Terrain\n|-heal|p2b: Ogerpon|10\/100|[from] Grassy Terrain\n|-heal|p1a: Rillaboom|81\/100|[from] Grassy Terrain\n|-heal|p1b: Urshifu|17\/100|[from] Grassy Terrain\n|upkeep\n|turn|3\n|\n|t:|1700651926\n|move|p2b: Ogerpon|Spiky Shield|p2b: Ogerpon\n|-singleturn|p2b: Ogerpon|move: Protect\n|move|p1b: Urshifu|Protect|p1b: Urshifu\n|-singleturn|p1b: Urshifu|Protect\n|move|p1a: Rillaboom|Fake Out|p2a: Indeedee\n|-damage|p2a: Indeedee|73\/100\n|-damage|p1a: Rillaboom|64\/100|[from] item: Rocky Helmet|[of] p2a: Indeedee\n|cant|p2a: Indeedee|flinch\n|\n|-heal|p2a: Indeedee|79\/100|[from] Grassy Terrain\n|-heal|p2b: Ogerpon|16\/100|[from] Grassy Terrain\n|-heal|p1a: Rillaboom|70\/100|[from] Grassy Terrain\n|-heal|p1b: Urshifu|22\/100|[from] Grassy Terrain\n|upkeep\n|turn|4\n|\n|t:|1700651946\n|switch|p1b: Chi-Yu|Chi-Yu, L50|100\/100\n|-ability|p1b: Chi-Yu|Beads of Ruin\n|move|p2b: Ogerpon|Follow Me|p2b: Ogerpon\n|-singleturn|p2b: Ogerpon|move: Follow Me\n|move|p1a: Rillaboom|Grassy Glide|p2b: Ogerpon\n|-damage|p2b: Ogerpon|0 fnt\n|faint|p2b: Ogerpon\n|move|p2a: Indeedee|Psychic|p1b: Chi-Yu\n|-immune|p1b: Chi-Yu\n|\n|-heal|p2a: Indeedee|85\/100|[from] Grassy Terrain\n|-heal|p1a: Rillaboom|76\/100|[from] Grassy Terrain\n|upkeep\n|\n|t:|1700651953\n|switch|p2b: Ursaluna|Ursaluna, L50, F, shiny|100\/100\n|turn|5\n|\n|t:|1700651975\n|move|p2b: Ursaluna|Protect|p2b: Ursaluna\n|-singleturn|p2b: Ursaluna|Protect\n|move|p2a: Indeedee|Protect|p2a: Indeedee\n|-singleturn|p2a: Indeedee|Protect\n|move|p1a: Rillaboom|Wood Hammer|p2b: Ursaluna\n|-activate|p2b: Ursaluna|move: Protect\n|move|p1b: Chi-Yu|Overheat|p2a: Indeedee\n|-activate|p2a: Indeedee|move: Protect\n|\n|-heal|p2a: Indeedee|91\/100|[from] Grassy Terrain\n|-heal|p1a: Rillaboom|82\/100|[from] Grassy Terrain\n|-fieldend|move: Trick Room\n|-status|p2b: Ursaluna|brn|[from] item: Flame Orb\n|upkeep\n|turn|6\n|\n|t:|1700651985\n|switch|p2b: Orthworm|Orthworm, L50, M|100\/100\n|move|p1b: Chi-Yu|Overheat|p2a: Indeedee|[miss]\n|-miss|p1b: Chi-Yu|p2a: Indeedee\n|move|p1a: Rillaboom|Wood Hammer|p2b: Orthworm\n|-resisted|p2b: Orthworm\n|-damage|p2b: Orthworm|76\/100\n|-damage|p1a: Rillaboom|75\/100|[from] Recoil\n|move|p2a: Indeedee|Trick Room|p2a: Indeedee\n|-fieldstart|move: Trick Room|[of] p2a: Indeedee\n|\n|-heal|p2a: Indeedee|96\/100|[from] Grassy Terrain\n|-heal|p2b: Orthworm|82\/100|[from] Grassy Terrain\n|-heal|p2b: Orthworm|88\/100|[from] item: Leftovers\n|-heal|p1a: Rillaboom|81\/100|[from] Grassy Terrain\n|-fieldend|move: Grassy Terrain\n|upkeep\n|turn|7\n|\n|t:|1700652010\n|move|p2a: Indeedee|Psychic|p1a: Rillaboom\n|-damage|p1a: Rillaboom|45\/100\n|move|p2b: Orthworm|Body Press|p1b: Chi-Yu\n|-supereffective|p1b: Chi-Yu\n|-damage|p1b: Chi-Yu|5\/100\n|move|p1a: Rillaboom|Wood Hammer|p2a: Indeedee\n|-damage|p2a: Indeedee|26\/100\n|-damage|p1a: Rillaboom|29\/100|[from] item: Rocky Helmet|[of] p2a: Indeedee\n|-damage|p1a: Rillaboom|10\/100|[from] Recoil\n|move|p1b: Chi-Yu|Overheat|p2b: Orthworm\n|-supereffective|p2b: Orthworm\n|-damage|p2b: Orthworm|0 fnt\n|-unboost|p1b: Chi-Yu|spa|2\n|faint|p2b: Orthworm\n|\n|upkeep\n|\n|t:|1700652016\n|switch|p2b: Ursaluna|Ursaluna, L50, F, shiny|100\/100 brn\n|turn|8\n|\n|t:|1700652034\n|move|p2a: Indeedee|Protect|p2a: Indeedee\n|-singleturn|p2a: Indeedee|Protect\n|move|p2b: Ursaluna|Earthquake|p1b: Chi-Yu|[spread] p1a,p1b\n|-activate|p2a: Indeedee|move: Protect\n|-resisted|p1a: Rillaboom\n|-supereffective|p1b: Chi-Yu\n|-damage|p1a: Rillaboom|0 fnt\n|-damage|p1b: Chi-Yu|0 fnt\n|faint|p1a: Rillaboom\n|faint|p1b: Chi-Yu\n|\n|-damage|p2b: Ursaluna|94\/100 brn|[from] brn\n|upkeep\n|\n|t:|1700652036\n|switch|p1a: Urshifu|Urshifu-Rapid-Strike, L50, M|22\/100\n|switch|p1b: Flutter Mane|Flutter Mane, L50|100\/100\n|turn|9\n|\n|t:|1700652063\n|-terastallize|p1b: Flutter Mane|Grass\n|move|p1a: Urshifu|Aqua Jet|p2b: Ursaluna\n|-supereffective|p2b: Ursaluna\n|-damage|p2b: Ursaluna|55\/100 brn\n|move|p2b: Ursaluna|Earthquake|p1b: Flutter Mane|[spread] p2a,p1a,p1b\n|-resisted|p1b: Flutter Mane\n|-crit|p1b: Flutter Mane\n|-damage|p2a: Indeedee|0 fnt\n|-damage|p1a: Urshifu|0 fnt\n|-damage|p1b: Flutter Mane|32\/100\n|faint|p2a: Indeedee\n|faint|p1a: Urshifu\n|move|p1b: Flutter Mane|Icy Wind|p2b: Ursaluna|[miss]\n|-miss|p1b: Flutter Mane|p2b: Ursaluna\n|\n|-damage|p2b: Ursaluna|49\/100 brn|[from] brn\n|upkeep\n|turn|10\n|\n|t:|1700652072\n|move|p1b: Flutter Mane|Protect|p1b: Flutter Mane\n|-singleturn|p1b: Flutter Mane|Protect\n|move|p2b: Ursaluna|Ice Punch|p1b: Flutter Mane\n|-activate|p1b: Flutter Mane|move: Protect\n|\n|-damage|p2b: Ursaluna|42\/100 brn|[from] brn\n|-fieldend|move: Trick Room\n|upkeep\n|turn|11\n|inactive|Battle timer is ON: inactive players will automatically lose when time's up. (requested by Jungle211)\n|\n|t:|1700652099\n|move|p1b: Flutter Mane|Dazzling Gleam|p2b: Ursaluna\n|-damage|p2b: Ursaluna|10\/100 brn\n|move|p2b: Ursaluna|Ice Punch|p1b: Flutter Mane\n|-supereffective|p1b: Flutter Mane\n|-damage|p1b: Flutter Mane|0 fnt\n|faint|p1b: Flutter Mane\n|-end|p1b: Flutter Mane|Protosynthesis|[silent]\n|\n|win|Jungle211\n|raw|Piccius's rating: 1424 &rarr; <strong>1399<\/strong><br \/>(-25 for losing)\n|raw|Jungle211's rating: 1342 &rarr; <strong>1367<\/strong><br \/>(+25 for winning)\n|l|\u2606Piccius\n","uploadtime":1700652119,"views":2,"p1id":"piccius","p2id":"jungle211","formatid":"gen9vgc2023regulatione","rating":1367,"private":0,"password":""}