{"id":"gen9vgc2023regulatione-1988954266","p1":"Sleeping Demons","p2":"eyespec","format":"[Gen 9] VGC 2023 Regulation E","log":"|j|\u2606Sleeping Demons\n|j|\u2606eyespec\n|t:|1699793907\n|gametype|doubles\n|player|p1|Sleeping Demons|2|1066\n|player|p2|eyespec|lady|1135\n|teamsize|p1|6\n|teamsize|p2|6\n|gen|9\n|tier|[Gen 9] VGC 2023 Regulation E\n|rated|\n|rule|Species Clause: Limit one of each Pok\u00e9mon\n|rule|Item Clause: Limit one of each item\n|clearpoke\n|poke|p1|Landorus-Therian, L50, M|\n|poke|p1|Flutter Mane, L50|\n|poke|p1|Ogerpon-Hearthflame, L50, F|\n|poke|p1|Rillaboom, L50, M|\n|poke|p1|Kingambit, L50, M|\n|poke|p1|Iron Hands, L50|\n|poke|p2|Chi-Yu, L50|\n|poke|p2|Torkoal, L50, F|\n|poke|p2|Pelipper, L50, F|\n|poke|p2|Baxcalibur, L50, F|\n|poke|p2|Ninetales-Alola, L50, F|\n|poke|p2|Basculegion-F, L50, F|\n|teampreview|4\n|inactive|Battle timer is ON: inactive players will automatically lose when time's up. (requested by eyespec)\n|\n|t:|1699793932\n|start\n|switch|p1a: Rillaboom|Rillaboom, L50, M, shiny|100\/100\n|switch|p1b: Iron Hands|Iron Hands, L50, shiny|100\/100\n|switch|p2a: Baxcalibur|Baxcalibur, L50, F|100\/100\n|switch|p2b: Ninetales|Ninetales-Alola, L50, F|100\/100\n|-weather|Snow|[from] ability: Snow Warning|[of] p2b: Ninetales\n|-fieldstart|move: Grassy Terrain|[from] ability: Grassy Surge|[of] p1a: Rillaboom\n|turn|1\n|\n|t:|1699793948\n|move|p1a: Rillaboom|Fake Out|p2b: Ninetales\n|-damage|p2b: Ninetales|86\/100\n|cant|p2b: Ninetales|flinch\n|move|p2a: Baxcalibur|Swords Dance|p2a: Baxcalibur\n|-boost|p2a: Baxcalibur|atk|2\n|move|p1b: Iron Hands|Heavy Slam|p2b: Ninetales\n|-supereffective|p2b: Ninetales\n|-damage|p2b: Ninetales|0 fnt\n|faint|p2b: Ninetales\n|\n|-weather|Snow|[upkeep]\n|upkeep\n|\n|t:|1699793962\n|switch|p2b: Pelipper|Pelipper, L50, F|100\/100\n|-weather|RainDance|[from] ability: Drizzle|[of] p2b: Pelipper\n|turn|2\n|\n|t:|1699793983\n|switch|p1a: Landorus|Landorus-Therian, L50, M, shiny|100\/100\n|-ability|p1a: Landorus|Intimidate|boost\n|-unboost|p2a: Baxcalibur|atk|1\n|-unboost|p2b: Pelipper|atk|1\n|move|p2a: Baxcalibur|Earthquake|p1b: Iron Hands|[spread] p1b\n|-immune|p2b: Pelipper\n|-immune|p1a: Landorus\n|-supereffective|p1b: Iron Hands\n|-damage|p1b: Iron Hands|73\/100\n|move|p2b: Pelipper|Tailwind|p2b: Pelipper\n|-sidestart|p2: eyespec|move: Tailwind\n|move|p1b: Iron Hands|Drain Punch|p2a: Baxcalibur\n|-supereffective|p2a: Baxcalibur\n|-damage|p2a: Baxcalibur|14\/100\n|-heal|p1b: Iron Hands|100\/100|[from] drain|[of] p2a: Baxcalibur\n|\n|-weather|RainDance|[upkeep]\n|-heal|p2a: Baxcalibur|20\/100|[from] Grassy Terrain\n|upkeep\n|turn|3\n|\n|t:|1699794004\n|move|p2b: Pelipper|Wide Guard|p2b: Pelipper\n|-singleturn|p2b: Pelipper|Wide Guard\n|move|p2a: Baxcalibur|Icicle Spear|p1a: Landorus\n|-supereffective|p1a: Landorus\n|-damage|p1a: Landorus|5\/100\n|-supereffective|p1a: Landorus\n|-damage|p1a: Landorus|0 fnt\n|faint|p1a: Landorus\n|-hitcount|p1: Landorus|2\n|move|p1b: Iron Hands|Wild Charge|p2b: Pelipper\n|-supereffective|p2b: Pelipper\n|-crit|p2b: Pelipper\n|-enditem|p2b: Pelipper|Focus Sash\n|-damage|p2b: Pelipper|1\/100\n|-damage|p1b: Iron Hands|83\/100|[from] Recoil\n|\n|-weather|RainDance|[upkeep]\n|-heal|p2a: Baxcalibur|26\/100|[from] Grassy Terrain\n|-heal|p1b: Iron Hands|90\/100|[from] Grassy Terrain\n|upkeep\n|\n|t:|1699794015\n|switch|p1a: Rillaboom|Rillaboom, L50, M, shiny|100\/100\n|turn|4\n|\n|t:|1699794025\n|-end|p1b: Iron Hands|Quark Drive|[silent]\n|switch|p1b: Ogerpon|Ogerpon-Hearthflame, L50, F|100\/100\n|-ability|p1b: Ogerpon|Mold Breaker\n|move|p1a: Rillaboom|Fake Out|p2a: Baxcalibur\n|-damage|p2a: Baxcalibur|10\/100\n|cant|p2a: Baxcalibur|flinch\n|move|p2b: Pelipper|Icy Wind|p1b: Ogerpon|[spread] p1a,p1b\n|-supereffective|p1a: Rillaboom\n|-crit|p1a: Rillaboom\n|-damage|p1a: Rillaboom|64\/100\n|-damage|p1b: Ogerpon|90\/100\n|-unboost|p1a: Rillaboom|spe|1\n|-unboost|p1b: Ogerpon|spe|1\n|\n|-weather|RainDance|[upkeep]\n|-heal|p2a: Baxcalibur|16\/100|[from] Grassy Terrain\n|-heal|p1b: Ogerpon|95\/100|[from] Grassy Terrain\n|-heal|p1a: Rillaboom|70\/100|[from] Grassy Terrain\n|upkeep\n|turn|5\n|\n|t:|1699794048\n|move|p1b: Ogerpon|Grassy Glide|p2b: Pelipper\n|-damage|p2b: Pelipper|0 fnt\n|faint|p2b: Pelipper\n|move|p1a: Rillaboom|Grassy Glide|p2a: Baxcalibur\n|-resisted|p2a: Baxcalibur\n|-damage|p2a: Baxcalibur|0 fnt\n|faint|p2a: Baxcalibur\n|\n|-weather|RainDance|[upkeep]\n|-heal|p1b: Ogerpon|100\/100|[from] Grassy Terrain\n|-heal|p1a: Rillaboom|75\/100|[from] Grassy Terrain\n|-sideend|p2: eyespec|move: Tailwind\n|-fieldend|move: Grassy Terrain\n|upkeep\n|\n|t:|1699794056\n|switch|p2b: Basculegion|Basculegion-F, L50, F|100\/100\n|turn|6\n|\n|t:|1699794065\n|-terastallize|p2b: Basculegion|Water\n|move|p2b: Basculegion|Surf|p1b: Ogerpon|[spread] p1a,p1b\n|-resisted|p1a: Rillaboom\n|-damage|p1a: Rillaboom|14\/100\n|-damage|p1b: Ogerpon|0 fnt\n|-enditem|p1a: Rillaboom|Sitrus Berry|[eat]\n|-heal|p1a: Rillaboom|38\/100|[from] item: Sitrus Berry\n|faint|p1b: Ogerpon\n|move|p1a: Rillaboom|Grassy Glide|p2b: Basculegion\n|-supereffective|p2b: Basculegion\n|-damage|p2b: Basculegion|14\/100\n|\n|-weather|none\n|upkeep\n|\n|t:|1699794067\n|switch|p1b: Iron Hands|Iron Hands, L50, shiny|90\/100\n|turn|7\n|\n|t:|1699794073\n|move|p1b: Iron Hands|Fake Out|p2b: Basculegion\n|-damage|p2b: Basculegion|0 fnt\n|faint|p2b: Basculegion\n|\n|win|Sleeping Demons\n|raw|Sleeping Demons's rating: 1066 &rarr; <strong>1102<\/strong><br \/>(+36 for winning)\n|raw|eyespec's rating: 1135 &rarr; <strong>1105<\/strong><br \/>(-30 for losing)\n|l|\u2606eyespec\n","uploadtime":1699794086,"views":14,"p1id":"sleepingdemons","p2id":"eyespec","formatid":"gen9vgc2023regulatione","rating":1102,"private":0,"password":""}