{"id":"gen9vgc2023regulatione-1989857905","p1":"CharlienoB","p2":"Serusly","format":"[Gen 9] VGC 2023 Regulation E","log":"|j|\u2606CharlienoB\n|j|\u203dSerusly\n|t:|1699901577\n|gametype|doubles\n|player|p1|CharlienoB|266|1156\n|player|p2|Serusly|colress|1057\n|teamsize|p1|6\n|teamsize|p2|6\n|gen|9\n|tier|[Gen 9] VGC 2023 Regulation E\n|rated|\n|rule|Species Clause: Limit one of each Pok\u00e9mon\n|rule|Item Clause: Limit one of each item\n|clearpoke\n|poke|p1|Espathra, L50, M|\n|poke|p1|Empoleon, L50, F|\n|poke|p1|Rillaboom, L50, F|\n|poke|p1|Chi-Yu, L50|\n|poke|p1|Lucario, L50, F|\n|poke|p1|Thundurus, L50, M|\n|poke|p2|Dragapult, L50, F|\n|poke|p2|Regieleki, L50|\n|poke|p2|Urshifu-*, L50, F|\n|poke|p2|Flutter Mane, L50|\n|poke|p2|Iron Bundle, L50|\n|poke|p2|Tornadus, L50, M|\n|teampreview|4\nSerusly rejected open team sheets.\n|inactive|Battle timer is ON: inactive players will automatically lose when time's up. (requested by Serusly)\n|\n|t:|1699901610\n|start\n|switch|p1a: Thundurus|Thundurus, L50, M|100\/100\n|switch|p1b: Rillaboom|Rillaboom, L50, F|100\/100\n|switch|p2a: Tornadus|Tornadus, L50, M|100\/100\n|switch|p2b: Iron Bundle|Iron Bundle, L50|100\/100\n|-fieldstart|move: Grassy Terrain|[from] ability: Grassy Surge|[of] p1b: Rillaboom\n|turn|1\n|\n|t:|1699901631\n|-terastallize|p1b: Rillaboom|Fire\n|move|p2b: Iron Bundle|Protect|p2b: Iron Bundle\n|-singleturn|p2b: Iron Bundle|Protect\n|move|p2a: Tornadus|Taunt|p1a: Thundurus\n|-start|p1a: Thundurus|move: Taunt\n|cant|p1a: Thundurus|move: Taunt|Taunt\n|move|p1b: Rillaboom|Wood Hammer|p2b: Iron Bundle\n|-activate|p2b: Iron Bundle|move: Protect\n|\n|upkeep\n|turn|2\n|\n|t:|1699901649\n|switch|p1b: Lucario|Lucario, L50, F|100\/100\n|move|p2a: Tornadus|Tailwind|p2a: Tornadus\n|-sidestart|p2: Serusly|move: Tailwind\n|move|p2b: Iron Bundle|Hydro Pump|p1b: Lucario|[miss]\n|-miss|p2b: Iron Bundle|p1b: Lucario\n|move|p1a: Thundurus|Wildbolt Storm|p2b: Iron Bundle|[spread] p2a\n|-miss|p1a: Thundurus|p2b: Iron Bundle\n|-supereffective|p2a: Tornadus\n|-damage|p2a: Tornadus|26\/100\n|-enditem|p2a: Tornadus|Sitrus Berry|[eat]\n|-heal|p2a: Tornadus|50\/100|[from] item: Sitrus Berry\n|\n|upkeep\n|turn|3\n|\n|t:|1699901665\n|move|p2b: Iron Bundle|Ice Beam|p1a: Thundurus\n|-supereffective|p1a: Thundurus\n|-damage|p1a: Thundurus|20\/100\n|move|p2a: Tornadus|Bleakwind Storm|p1b: Lucario|[spread] \n|-miss|p2a: Tornadus|p1a: Thundurus\n|-miss|p2a: Tornadus|p1b: Lucario\n|move|p1a: Thundurus|Wildbolt Storm|p2b: Iron Bundle|[spread] p2a,p2b\n|-supereffective|p2a: Tornadus\n|-crit|p2a: Tornadus\n|-supereffective|p2b: Iron Bundle\n|-damage|p2a: Tornadus|0 fnt\n|-enditem|p2b: Iron Bundle|Focus Sash\n|-damage|p2b: Iron Bundle|1\/100\n|faint|p2a: Tornadus\n|move|p1b: Lucario|Howl|p1b: Lucario|[spread] p1a,p1b\n|-boost|p1a: Thundurus|atk|1\n|-boost|p1b: Lucario|atk|1\n|\n|-heal|p2b: Iron Bundle|7\/100|[from] Grassy Terrain\n|-end|p1a: Thundurus|move: Taunt\n|upkeep\n|\n|t:|1699901680\n|switch|p2a: Regieleki|Regieleki, L50|100\/100\n|turn|4\n|\n|t:|1699901694\n|move|p2b: Iron Bundle|Protect|p2b: Iron Bundle\n|-singleturn|p2b: Iron Bundle|Protect\n|move|p1b: Lucario|Protect|p1b: Lucario\n|-singleturn|p1b: Lucario|Protect\n|move|p1a: Thundurus|Taunt|p2a: Regieleki\n|-start|p2a: Regieleki|move: Taunt\n|move|p2a: Regieleki|Thunderbolt|p1b: Lucario\n|-activate|p1b: Lucario|move: Protect\n|\n|-heal|p2b: Iron Bundle|13\/100|[from] Grassy Terrain\n|upkeep\n|turn|5\n|\n|t:|1699901712\n|move|p1a: Thundurus|Eerie Impulse|p2a: Regieleki\n|-unboost|p2a: Regieleki|spa|2\n|move|p1b: Lucario|Bullet Punch|p2b: Iron Bundle\n|-damage|p2b: Iron Bundle|0 fnt\n|faint|p2b: Iron Bundle\n|-end|p2b: Iron Bundle|Quark Drive|[silent]\n|move|p2a: Regieleki|Electroweb|p1a: Thundurus|[spread] p1a,p1b\n|-damage|p1a: Thundurus|7\/100\n|-damage|p1b: Lucario|79\/100\n|-unboost|p1a: Thundurus|spe|1\n|\n|-heal|p1b: Lucario|85\/100|[from] Grassy Terrain\n|-sideend|p2: Serusly|move: Tailwind\n|-fieldend|move: Grassy Terrain\n|upkeep\n|\n|t:|1699901720\n|switch|p2b: Urshifu|Urshifu, L50, F|100\/100\n|turn|6\n|\n|t:|1699901739\n|-terastallize|p2b: Urshifu|Fighting\n|move|p1a: Thundurus|Thunder Wave|p2b: Urshifu\n|-status|p2b: Urshifu|par\n|move|p2a: Regieleki|Electroweb|p1a: Thundurus|[spread] p1a,p1b\n|-damage|p1a: Thundurus|0 fnt\n|-damage|p1b: Lucario|65\/100\n|faint|p1a: Thundurus\n|move|p1b: Lucario|Howl|p1b: Lucario\n|-boost|p1b: Lucario|atk|1\n|move|p2b: Urshifu|Close Combat|p1b: Lucario\n|-supereffective|p1b: Lucario\n|-damage|p1b: Lucario|0 fnt\n|-unboost|p2b: Urshifu|def|1\n|-unboost|p2b: Urshifu|spd|1\n|faint|p1b: Lucario\n|-damage|p2b: Urshifu|91\/100 par|[from] item: Life Orb\n|\n|-end|p2a: Regieleki|move: Taunt\n|upkeep\n|\n|t:|1699901760\n|switch|p1a: Espathra|Espathra, L50, M|100\/100\n|switch|p1b: Rillaboom|Rillaboom, L50, F, tera:Fire|100\/100\n|-fieldstart|move: Grassy Terrain|[from] ability: Grassy Surge|[of] p1b: Rillaboom\n|turn|7\n|\n|t:|1699901777\n|move|p1b: Rillaboom|Fake Out|p2b: Urshifu\n|-damage|p2b: Urshifu|68\/100 par\n|move|p2a: Regieleki|Electroweb|p1b: Rillaboom|[spread] p1a,p1b\n|-damage|p1a: Espathra|85\/100\n|-damage|p1b: Rillaboom|88\/100\n|-unboost|p1a: Espathra|spe|1\n|-unboost|p1b: Rillaboom|spe|1\n|move|p1a: Espathra|Skill Swap|p1b: Rillaboom\n|-activate|p1a: Espathra|move: Skill Swap|||[of] p1b: Rillaboom\n|cant|p2b: Urshifu|flinch\n|\n|-heal|p1b: Rillaboom|94\/100|[from] Grassy Terrain\n|-heal|p1a: Espathra|91\/100|[from] Grassy Terrain\n|-heal|p2b: Urshifu|74\/100 par|[from] Grassy Terrain\n|-ability|p1b: Rillaboom|Speed Boost|boost\n|-boost|p1b: Rillaboom|spe|1\n|upkeep\n|turn|8\n|inactive|CharlienoB has 30 seconds left.\n|\n|t:|1699901804\n|move|p2b: Urshifu|Sucker Punch|p1b: Rillaboom\n|-damage|p1b: Rillaboom|42\/100\n|-damage|p2b: Urshifu|64\/100 par|[from] item: Life Orb\n|move|p2a: Regieleki|Electroweb|p1b: Rillaboom|[spread] p1a,p1b\n|-damage|p1a: Espathra|75\/100\n|-damage|p1b: Rillaboom|30\/100\n|-unboost|p1a: Espathra|spe|1\n|-unboost|p1b: Rillaboom|spe|1\n|move|p1b: Rillaboom|Wood Hammer|p2b: Urshifu\n|-damage|p2b: Urshifu|0 fnt\n|faint|p2b: Urshifu\n|-damage|p1b: Rillaboom|8\/100|[from] Recoil\n|move|p1a: Espathra|Lumina Crash|p2a: Regieleki\n|-damage|p2a: Regieleki|44\/100\n|-unboost|p2a: Regieleki|spd|2\n|\n|-heal|p2a: Regieleki|50\/100|[from] Grassy Terrain\n|-heal|p1b: Rillaboom|14\/100|[from] Grassy Terrain\n|-heal|p1a: Espathra|81\/100|[from] Grassy Terrain\n|-ability|p1b: Rillaboom|Speed Boost|boost\n|-boost|p1b: Rillaboom|spe|1\n|upkeep\n|turn|9\n|inactive|CharlienoB has 30 seconds left.\n|\n|t:|1699901832\n|move|p2a: Regieleki|Thunderbolt|p1b: Rillaboom\n|-damage|p1b: Rillaboom|0 fnt\n|faint|p1b: Rillaboom\n|move|p1a: Espathra|Lumina Crash|p2a: Regieleki\n|-damage|p2a: Regieleki|0 fnt\n|faint|p2a: Regieleki\n|\n|win|CharlienoB\n|raw|CharlienoB's rating: 1156 &rarr; <strong>1174<\/strong><br \/>(+18 for winning)\n|raw|Serusly's rating: 1057 &rarr; <strong>1044<\/strong><br \/>(-13 for losing)\n|l|\u203dSerusly\n","uploadtime":1699901848,"views":14,"p1id":"charlienob","p2id":"serusly","formatid":"gen9vgc2023regulatione","rating":1044,"private":0,"password":""}