{"id":"gen9vgc2023regulatione-1994132796","p1":"Mewhin","p2":"gamer3DRider","format":"[Gen 9] VGC 2023 Regulation E","log":"|j|\u2606Mewhin\n|j|\u2606gamer3DRider\n|n|\u2606Mewhin|mewhin\n|n|\u2606gamer3DRider|gamer3drider\n|html|View the match progress at <a href=\"\/game-bestof5-gen9vgc2023regulatione-1994123774\">game-bestof5-gen9vgc2023regulatione-1994123774<\/a>\n|t:|1700410753\n|gametype|doubles\n|player|p1|Mewhin|2|\n|player|p2|gamer3DRider|steven|\n|teamsize|p1|6\n|teamsize|p2|6\n|gen|9\n|tier|[Gen 9] VGC 2023 Regulation E\n|rule|Species Clause: Limit one of each Pok\u00e9mon\n|rule|Item Clause: Limit one of each item\n|clearpoke\n|poke|p1|Roaring Moon, L50|\n|poke|p1|Milotic, L50, M|\n|poke|p1|Landorus-Therian, L50, M|\n|poke|p1|Flutter Mane, L50|\n|poke|p1|Iron Hands, L50|\n|poke|p1|Ogerpon-Hearthflame, L50, F|\n|poke|p2|Ogerpon-Cornerstone, L50, F|\n|poke|p2|Volcarona, L50, F|\n|poke|p2|Oricorio-Pom-Pom, L50, F|\n|poke|p2|Rillaboom, L50, M|\n|poke|p2|Urshifu-*, L50, F|\n|poke|p2|Landorus-Therian, L50, M|\n|teampreview|4\n|inactive|Battle timer is ON: inactive players will automatically lose when time's up. (requested by Mewhin)\n|\n|t:|1700410788\n|start\n|switch|p1a: Milotic|Milotic, L50, M|100\/100\n|switch|p1b: Flutter Mane|Flutter Mane, L50|100\/100\n|switch|p2a: Oricorio|Oricorio-Pom-Pom, L50, F|100\/100\n|switch|p2b: Rillaboom|Rillaboom, L50, M|100\/100\n|-fieldstart|move: Grassy Terrain|[from] ability: Grassy Surge|[of] p2b: Rillaboom\n|turn|1\n|\n|t:|1700410798\n|move|p1a: Milotic|Protect|p1a: Milotic\n|-singleturn|p1a: Milotic|Protect\n|move|p2b: Rillaboom|Fake Out|p1a: Milotic\n|-activate|p1a: Milotic|move: Protect\n|move|p1b: Flutter Mane|Substitute|p1b: Flutter Mane\n|-start|p1b: Flutter Mane|Substitute\n|-damage|p1b: Flutter Mane|76\/100\n|move|p2a: Oricorio|Revelation Dance|p1b: Flutter Mane\n|-end|p1b: Flutter Mane|Substitute\n|\n|-heal|p1b: Flutter Mane|82\/100|[from] Grassy Terrain\n|upkeep\n|turn|2\n|\n|t:|1700410822\n|-end|p1b: Flutter Mane|Protosynthesis|[silent]\n|switch|p1b: Iron Hands|Iron Hands, L50|100\/100\n|move|p2b: Rillaboom|Grassy Glide|p1a: Milotic\n|-supereffective|p1a: Milotic\n|-damage|p1a: Milotic|39\/100\n|move|p2a: Oricorio|Revelation Dance|p1a: Milotic\n|-supereffective|p1a: Milotic\n|-damage|p1a: Milotic|0 fnt\n|faint|p1a: Milotic\n|\n|upkeep\n|\n|t:|1700410831\n|switch|p1a: Ogerpon|Ogerpon-Hearthflame, L50, F|100\/100\n|-ability|p1a: Ogerpon|Mold Breaker\n|turn|3\n|\n|t:|1700410853\n|-terastallize|p2b: Rillaboom|Ghost\n|move|p2a: Oricorio|Protect|p2a: Oricorio\n|-singleturn|p2a: Oricorio|Protect\n|move|p1b: Iron Hands|Fake Out|p2a: Oricorio\n|-activate|p2a: Oricorio|move: Protect\n|move|p1a: Ogerpon|Ivy Cudgel|p2b: Rillaboom|[anim] Ivy Cudgel Fire\n|-crit|p2b: Rillaboom\n|-damage|p2b: Rillaboom|25\/100\n|move|p2b: Rillaboom|Knock Off|p1b: Iron Hands\n|-resisted|p1b: Iron Hands\n|-damage|p1b: Iron Hands|89\/100\n|-enditem|p1b: Iron Hands|Assault Vest|[from] move: Knock Off|[of] p2b: Rillaboom\n|\n|-heal|p2b: Rillaboom|31\/100|[from] Grassy Terrain\n|-heal|p1b: Iron Hands|95\/100|[from] Grassy Terrain\n|upkeep\n|turn|4\n|\n|t:|1700410873\n|move|p2a: Oricorio|Tailwind|p2a: Oricorio\n|-sidestart|p2: gamer3DRider|move: Tailwind\n|move|p2b: Rillaboom|U-turn|p1a: Ogerpon\n|-damage|p1a: Ogerpon|75\/100\n|\n|t:|1700410882\n|switch|p2b: Ogerpon|Ogerpon-Cornerstone, L50, F|100\/100|[from] U-turn\n|move|p1a: Ogerpon|Horn Leech|p2b: Ogerpon\n|-damage|p2b: Ogerpon|27\/100\n|-heal|p1a: Ogerpon|100\/100|[from] drain|[of] p2b: Ogerpon\n|move|p1b: Iron Hands|Thunder Punch|p2a: Oricorio\n|-damage|p2a: Oricorio|33\/100\n|\n|-heal|p2b: Ogerpon|33\/100|[from] Grassy Terrain\n|-heal|p1b: Iron Hands|100\/100|[from] Grassy Terrain\n|upkeep\n|turn|5\n|inactive|gamer3DRider has 30 seconds left.\n|\n|t:|1700410908\n|move|p1a: Ogerpon|Spiky Shield|p1a: Ogerpon\n|-singleturn|p1a: Ogerpon|move: Protect\n|move|p2a: Oricorio|Air Slash|p1b: Iron Hands\n|-damage|p1b: Iron Hands|75\/100\n|move|p2b: Ogerpon|Ivy Cudgel|p1a: Ogerpon|[anim] Ivy Cudgel Rock\n|-activate|p1a: Ogerpon|move: Protect\n|move|p1b: Iron Hands|Drain Punch|p2b: Ogerpon\n|-supereffective|p2b: Ogerpon\n|-damage|p2b: Ogerpon|0 fnt\n|-heal|p1b: Iron Hands|88\/100|[from] drain|[of] p2b: Ogerpon\n|faint|p2b: Ogerpon\n|\n|-heal|p1b: Iron Hands|93\/100|[from] Grassy Terrain\n|-fieldend|move: Grassy Terrain\n|upkeep\n|\n|t:|1700410921\n|switch|p2b: Urshifu|Urshifu, L50, F|100\/100\n|turn|6\n|\n|t:|1700410930\n|move|p2b: Urshifu|Wicked Blow|p1a: Ogerpon\n|-crit|p1a: Ogerpon\n|-damage|p1a: Ogerpon|29\/100\n|move|p2a: Oricorio|Air Slash|p1b: Iron Hands\n|-damage|p1b: Iron Hands|68\/100\n|move|p1a: Ogerpon|Ivy Cudgel|p2a: Oricorio|[anim] Ivy Cudgel Fire\n|-damage|p2a: Oricorio|0 fnt\n|faint|p2a: Oricorio\n|move|p1b: Iron Hands|Drain Punch|p2b: Urshifu\n|-supereffective|p2b: Urshifu\n|-damage|p2b: Urshifu|18\/100\n|-heal|p1b: Iron Hands|98\/100|[from] drain|[of] p2b: Urshifu\n|\n|upkeep\n|\n|t:|1700410939\n|switch|p2a: Rillaboom|Rillaboom, L50, M, tera:Ghost|31\/100\n|-fieldstart|move: Grassy Terrain|[from] ability: Grassy Surge|[of] p2a: Rillaboom\n|turn|7\n|\n|t:|1700410947\n|move|p1a: Ogerpon|Spiky Shield|p1a: Ogerpon\n|-singleturn|p1a: Ogerpon|move: Protect\n|move|p2a: Rillaboom|Fake Out|p1b: Iron Hands\n|-damage|p1b: Iron Hands|88\/100\n|move|p2b: Urshifu|Wicked Blow|p1a: Ogerpon\n|-crit|p1a: Ogerpon\n|-damage|p1a: Ogerpon|0 fnt\n|faint|p1a: Ogerpon\n|cant|p1b: Iron Hands|flinch\n|\n|-heal|p2b: Urshifu|24\/100|[from] Grassy Terrain\n|-heal|p2a: Rillaboom|36\/100|[from] Grassy Terrain\n|-heal|p1b: Iron Hands|94\/100|[from] Grassy Terrain\n|-sideend|p2: gamer3DRider|move: Tailwind\n|upkeep\n|\n|t:|1700410952\n|switch|p1a: Flutter Mane|Flutter Mane, L50|82\/100\n|turn|8\n|l|\u2606gamer3DRider\n|inactive|gamer3DRider disconnected!\n|player|p2|\n|inactive|gamer3DRider has 30 seconds left.\n|inactive|gamer3DRider has 20 seconds left.\n|inactive|gamer3DRider has 15 seconds left.\n|inactive|gamer3DRider has 10 seconds left.\n|inactive|gamer3DRider has 5 seconds left.\n|-message|gamer3DRider lost due to inactivity.\n|\n|win|Mewhin\n|j|\u2606gamer3DRider\n|player|p2|gamer3DRider|steven\n","uploadtime":1700411059,"views":12,"p1id":"mewhin","p2id":"gamer3drider","formatid":"gen9vgc2023regulatione","rating":0,"private":0,"password":""}