{"id":"gen9vgc2023regulatione-1991741654","p1":"HeffNastyy","p2":"Aethelwolf","format":"[Gen 9] VGC 2023 Regulation E","log":"|j|\u2606HeffNastyy\n|j|\u2606Aethelwolf\n|t:|1700109580\n|gametype|doubles\n|player|p1|HeffNastyy|1|1482\n|player|p2|Aethelwolf|266|1453\n|teamsize|p1|6\n|teamsize|p2|6\n|gen|9\n|tier|[Gen 9] VGC 2023 Regulation E\n|rated|\n|rule|Species Clause: Limit one of each Pok\u00e9mon\n|rule|Item Clause: Limit one of each item\n|clearpoke\n|poke|p1|Tornadus, L50, M|\n|poke|p1|Arcanine-Hisui, L50, M|\n|poke|p1|Gholdengo, L50|\n|poke|p1|Urshifu-*, L50, F|\n|poke|p1|Rillaboom, L50, F|\n|poke|p1|Hydreigon, L50, F|\n|poke|p2|Kommo-o, L50, F|\n|poke|p2|Tyranitar, L50, F|\n|poke|p2|Rillaboom, L50, M|\n|poke|p2|Flutter Mane, L50|\n|poke|p2|Arcanine-Hisui, L50, M|\n|poke|p2|Iron Bundle, L50|\n|teampreview|4\n|inactive|Battle timer is ON: inactive players will automatically lose when time's up. (requested by HeffNastyy)\nHeffNastyy has agreed to open team sheets.\nAethelwolf has agreed to open team sheets.\n|inactive|HeffNastyy has 30 seconds left.\n|inactive|Aethelwolf has 30 seconds left.\n|inactive|HeffNastyy has 20 seconds left.\n|inactive|Aethelwolf has 20 seconds left.\n|inactive|HeffNastyy has 15 seconds left.\n|inactive|Aethelwolf has 15 seconds left.\n|inactive|HeffNastyy has 10 seconds left.\n|inactive|Aethelwolf has 10 seconds left.\n|\n|t:|1700109636\n|start\n|switch|p1a: Tornadus|Tornadus, L50, M|100\/100\n|switch|p1b: Gholdengo|Gholdengo, L50|100\/100\n|switch|p2a: Rillaboom|Rillaboom, L50, M|100\/100\n|switch|p2b: Tyranitar|Tyranitar, L50, F|100\/100\n|-weather|Sandstorm|[from] ability: Sand Stream|[of] p2b: Tyranitar\n|-fieldstart|move: Grassy Terrain|[from] ability: Grassy Surge|[of] p2a: Rillaboom\n|turn|1\n|\n|t:|1700109658\n|move|p1a: Tornadus|Protect|p1a: Tornadus\n|-singleturn|p1a: Tornadus|Protect\n|move|p1b: Gholdengo|Protect|p1b: Gholdengo\n|-singleturn|p1b: Gholdengo|Protect\n|move|p2a: Rillaboom|Fake Out|p1a: Tornadus\n|-activate|p1a: Tornadus|move: Protect\n|move|p2b: Tyranitar|Knock Off|p1b: Gholdengo\n|-activate|p1b: Gholdengo|move: Protect\n|\n|-weather|Sandstorm|[upkeep]\n|-damage|p1a: Tornadus|95\/100|[from] Sandstorm\n|-damage|p2a: Rillaboom|95\/100|[from] Sandstorm\n|-heal|p2a: Rillaboom|100\/100|[from] Grassy Terrain\n|upkeep\n|turn|2\n|j| Manchester1997\n|inactive|HeffNastyy has 30 seconds left.\n|inactive|Aethelwolf has 30 seconds left.\n|inactive|HeffNastyy has 20 seconds left.\n|inactive|HeffNastyy has 15 seconds left.\n|inactive|HeffNastyy has 10 seconds left.\n|\n|t:|1700109707\n|-terastallize|p1b: Gholdengo|Dragon\n|move|p1a: Tornadus|Tailwind|p1a: Tornadus\n|-sidestart|p1: HeffNastyy|move: Tailwind\n|move|p1b: Gholdengo|Make It Rain|p2a: Rillaboom|[spread] p2a,p2b\n|-supereffective|p2b: Tyranitar\n|-damage|p2a: Rillaboom|30\/100\n|-damage|p2b: Tyranitar|43\/100\n|-unboost|p1b: Gholdengo|spa|1\n|-damage|p1b: Gholdengo|91\/100|[from] item: Life Orb\n|move|p2b: Tyranitar|Knock Off|p1b: Gholdengo\n|-damage|p1b: Gholdengo|39\/100\n|-enditem|p1b: Gholdengo|Life Orb|[from] move: Knock Off|[of] p2b: Tyranitar\n|move|p2a: Rillaboom|Wood Hammer|p1b: Gholdengo\n|-resisted|p1b: Gholdengo\n|-damage|p1b: Gholdengo|0 fnt\n|faint|p1b: Gholdengo\n|-damage|p2a: Rillaboom|18\/100|[from] Recoil\n|\n|-weather|Sandstorm|[upkeep]\n|-damage|p1a: Tornadus|89\/100|[from] Sandstorm\n|-damage|p2a: Rillaboom|12\/100|[from] Sandstorm\n|-heal|p2b: Tyranitar|49\/100|[from] Grassy Terrain\n|-heal|p2a: Rillaboom|18\/100|[from] Grassy Terrain\n|upkeep\n|inactive|HeffNastyy has 30 seconds left.\n|\n|t:|1700109740\n|switch|p1b: Hydreigon|Hydreigon, L50, F|100\/100\n|turn|3\n|inactive|Aethelwolf has 30 seconds left.\n|\n|t:|1700109771\n|move|p2a: Rillaboom|Grassy Glide|p1b: Hydreigon\n|-resisted|p1b: Hydreigon\n|-damage|p1b: Hydreigon|78\/100\n|move|p1b: Hydreigon|Flash Cannon|p2b: Tyranitar\n|-supereffective|p2b: Tyranitar\n|-damage|p2b: Tyranitar|27\/100\n|move|p1a: Tornadus|Bleakwind Storm|p2a: Rillaboom|[spread] p2a\n|-miss|p1a: Tornadus|p2b: Tyranitar\n|-supereffective|p2a: Rillaboom\n|-damage|p2a: Rillaboom|0 fnt\n|faint|p2a: Rillaboom\n|move|p2b: Tyranitar|Low Kick|p1b: Hydreigon\n|-supereffective|p1b: Hydreigon\n|-damage|p1b: Hydreigon|0 fnt\n|faint|p1b: Hydreigon\n|\n|-weather|Sandstorm|[upkeep]\n|-damage|p1a: Tornadus|83\/100|[from] Sandstorm\n|-heal|p2b: Tyranitar|33\/100|[from] Grassy Terrain\n|upkeep\n|inactive|Aethelwolf has 30 seconds left.\n|inactive|Aethelwolf has 20 seconds left.\n|\n|t:|1700109806\n|switch|p1b: Arcanine|Arcanine-Hisui, L50, M|100\/100\n|switch|p2a: Iron Bundle|Iron Bundle, L50|100\/100\n|-ability|p1b: Arcanine|Intimidate|boost\n|-unboost|p2a: Iron Bundle|atk|1\n|-unboost|p2b: Tyranitar|atk|1\n|-enditem|p2a: Iron Bundle|Booster Energy\n|-activate|p2a: Iron Bundle|ability: Quark Drive|[fromitem]\n|-start|p2a: Iron Bundle|quarkdrivespe\n|turn|4\n|\n|t:|1700109831\n|move|p2a: Iron Bundle|Freeze-Dry|p1a: Tornadus\n|-supereffective|p1a: Tornadus\n|-damage|p1a: Tornadus|24\/100\n|move|p1a: Tornadus|Bleakwind Storm|p2a: Iron Bundle|[spread] p2a,p2b\n|-resisted|p2b: Tyranitar\n|-damage|p2a: Iron Bundle|36\/100\n|-damage|p2b: Tyranitar|25\/100\n|move|p1b: Arcanine|Head Smash|p2a: Iron Bundle\n|-supereffective|p2a: Iron Bundle\n|-damage|p2a: Iron Bundle|0 fnt\n|faint|p2a: Iron Bundle\n|-end|p2a: Iron Bundle|Quark Drive|[silent]\n|-damage|p1b: Arcanine|88\/100|[from] Recoil\n|move|p2b: Tyranitar|Rock Slide|p1b: Arcanine|[spread] p1a,p1b\n|-supereffective|p1a: Tornadus\n|-supereffective|p1b: Arcanine\n|-damage|p1a: Tornadus|0 fnt\n|-damage|p1b: Arcanine|43\/100\n|faint|p1a: Tornadus\n|\n|-weather|Sandstorm|[upkeep]\n|-heal|p1b: Arcanine|49\/100|[from] Grassy Terrain\n|-heal|p2b: Tyranitar|32\/100|[from] Grassy Terrain\n|upkeep\n|\n|t:|1700109849\n|switch|p2a: Flutter Mane|Flutter Mane, L50|100\/100\n|turn|5\n|\n|t:|1700109863\n|move|p1b: Arcanine|Head Smash|p2a: Flutter Mane\n|-damage|p2a: Flutter Mane|0 fnt\n|faint|p2a: Flutter Mane\n|-end|p2a: Flutter Mane|Protosynthesis|[silent]\n|-damage|p1b: Arcanine|10\/100|[from] Recoil\n|move|p2b: Tyranitar|Low Kick|p1b: Arcanine\n|-supereffective|p1b: Arcanine\n|-damage|p1b: Arcanine|0 fnt\n|faint|p1b: Arcanine\n|\n|win|Aethelwolf\n|raw|HeffNastyy's rating: 1482 &rarr; <strong>1460<\/strong><br \/>(-22 for losing)\n|raw|Aethelwolf's rating: 1453 &rarr; <strong>1475<\/strong><br \/>(+22 for winning)\n","uploadtime":1700109876,"views":36,"p1id":"heffnastyy","p2id":"aethelwolf","formatid":"gen9vgc2023regulatione","rating":1460,"private":0,"password":""}