{"id":"gen9vgc2023regulatione-1988966324","p1":"ApoVGC","p2":"Jerorororo","format":"[Gen 9] VGC 2023 Regulation E","log":"|j|\u2606ApoVGC\n|j|\u2606Jerorororo\n|t:|1699795770\n|gametype|doubles\n|player|p1|ApoVGC|1|1148\n|player|p2|Jerorororo|266|1165\n|teamsize|p1|6\n|teamsize|p2|6\n|gen|9\n|tier|[Gen 9] VGC 2023 Regulation E\n|rated|\n|rule|Species Clause: Limit one of each Pok\u00e9mon\n|rule|Item Clause: Limit one of each item\n|clearpoke\n|poke|p1|Dragapult, L50, M|\n|poke|p1|Tatsugiri, L50, F|\n|poke|p1|Roaring Moon, L50|\n|poke|p1|Regidrago, L50|\n|poke|p1|Goodra-Hisui, L50, F|\n|poke|p1|Kommo-o, L50, M|\n|poke|p2|Oricorio-Pom-Pom, L50, F|\n|poke|p2|Pelipper, L50, M|\n|poke|p2|Vivillon, L50, M|\n|poke|p2|Iron Hands, L50|\n|poke|p2|Ribombee, L50, M|\n|poke|p2|Quaquaval, L50, F|\n|teampreview|4\n|inactive|Battle timer is ON: inactive players will automatically lose when time's up. (requested by ApoVGC)\n|inactive|ApoVGC has 60 seconds left.\n|\n|t:|1699795804\n|start\n|switch|p1a: Kommo-o|Kommo-o, L50, M|100\/100\n|switch|p1b: Roaring Moon|Roaring Moon, L50|100\/100\n|switch|p2a: Oricorio|Oricorio-Pom-Pom, L50, F|100\/100\n|switch|p2b: Ribombee|Ribombee, L50, M|100\/100\n|-enditem|p1b: Roaring Moon|Booster Energy\n|-activate|p1b: Roaring Moon|ability: Protosynthesis|[fromitem]\n|-start|p1b: Roaring Moon|protosynthesisspe\n|turn|1\n|\n|t:|1699795818\n|-terastallize|p1b: Roaring Moon|Flying\n|move|p2a: Oricorio|Protect|p2a: Oricorio\n|-singleturn|p2a: Oricorio|Protect\n|move|p1b: Roaring Moon|Tailwind|p1b: Roaring Moon\n|-sidestart|p1: ApoVGC|move: Tailwind\n|move|p1a: Kommo-o|Clangorous Soul|p1a: Kommo-o\n|-boost|p1a: Kommo-o|atk|1\n|-boost|p1a: Kommo-o|def|1\n|-boost|p1a: Kommo-o|spa|1\n|-boost|p1a: Kommo-o|spd|1\n|-boost|p1a: Kommo-o|spe|1\n|-damage|p1a: Kommo-o|68\/100\n|-enditem|p1a: Kommo-o|Throat Spray\n|-boost|p1a: Kommo-o|spa|1|[from] item: Throat Spray\n|-activate|p2a: Oricorio|ability: Dancer\n|move|p2a: Oricorio|Clangorous Soul|p2a: Oricorio|[from]ability: Dancer\n|-boost|p2a: Oricorio|atk|1\n|-boost|p2a: Oricorio|def|1\n|-boost|p2a: Oricorio|spa|1\n|-boost|p2a: Oricorio|spd|1\n|-boost|p2a: Oricorio|spe|1\n|-damage|p2a: Oricorio|68\/100\n|move|p2b: Ribombee|Quiver Dance|p2b: Ribombee\n|-boost|p2b: Ribombee|spa|1\n|-boost|p2b: Ribombee|spd|1\n|-boost|p2b: Ribombee|spe|1\n|-activate|p2a: Oricorio|ability: Dancer\n|move|p2a: Oricorio|Quiver Dance|p2a: Oricorio|[from]ability: Dancer\n|-boost|p2a: Oricorio|spa|1\n|-boost|p2a: Oricorio|spd|1\n|-boost|p2a: Oricorio|spe|1\n|\n|upkeep\n|turn|2\n|inactive|ApoVGC has 30 seconds left.\n|inactive|Jerorororo has 30 seconds left.\n|\n|t:|1699795851\n|move|p1b: Roaring Moon|Acrobatics|p2a: Oricorio\n|-resisted|p2a: Oricorio\n|-damage|p2a: Oricorio|31\/100\n|move|p1a: Kommo-o|Clanging Scales|p2a: Oricorio|[spread] p2a\n|-immune|p2b: Ribombee\n|-damage|p2a: Oricorio|0 fnt\n|faint|p2a: Oricorio\n|-unboost|p1a: Kommo-o|def|1\n|move|p2b: Ribombee|Moonblast|p1a: Kommo-o\n|-supereffective|p1a: Kommo-o\n|-damage|p1a: Kommo-o|0 fnt\n|faint|p1a: Kommo-o\n|\n|upkeep\n|\n|t:|1699795870\n|switch|p2a: Pelipper|Pelipper, L50, M|100\/100\n|switch|p1a: Regidrago|Regidrago, L50|100\/100\n|-weather|RainDance|[from] ability: Drizzle|[of] p2a: Pelipper\n|turn|3\n|\n|t:|1699795879\n|move|p2b: Ribombee|Protect|p2b: Ribombee\n|-singleturn|p2b: Ribombee|Protect\n|move|p1b: Roaring Moon|Acrobatics|p2b: Ribombee\n|-activate|p2b: Ribombee|move: Protect\n|move|p1a: Regidrago|Dragon Energy|p2b: Ribombee|[spread] p2a\n|-activate|p2b: Ribombee|move: Protect\n|-damage|p2a: Pelipper|5\/100\n|move|p2a: Pelipper|Tailwind|p2a: Pelipper\n|-sidestart|p2: Jerorororo|move: Tailwind\n|\n|-weather|RainDance|[upkeep]\n|upkeep\n|turn|4\n|\n|t:|1699795896\n|move|p1a: Regidrago|Protect|p1a: Regidrago\n|-singleturn|p1a: Regidrago|Protect\n|move|p2b: Ribombee|Moonblast|p1a: Regidrago\n|-activate|p1a: Regidrago|move: Protect\n|move|p1b: Roaring Moon|Acrobatics|p2b: Ribombee\n|-supereffective|p2b: Ribombee\n|-damage|p2b: Ribombee|0 fnt\n|faint|p2b: Ribombee\n|move|p2a: Pelipper|Chilling Water|p1b: Roaring Moon\n|-damage|p1b: Roaring Moon|77\/100\n|-unboost|p1b: Roaring Moon|atk|1\n|\n|-weather|RainDance|[upkeep]\n|-sideend|p1: ApoVGC|move: Tailwind\n|upkeep\n|\n|t:|1699795899\n|switch|p2b: Quaquaval|Quaquaval, L50, F|100\/100\n|turn|5\n|\n|t:|1699795918\n|switch|p1a: Tatsugiri|Tatsugiri, L50, F|100\/100\n|-terastallize|p2b: Quaquaval|Ground\n|move|p2b: Quaquaval|Aqua Step|p1a: Tatsugiri\n|-ability|p1a: Tatsugiri|Storm Drain|boost\n|-boost|p1a: Tatsugiri|spa|1\n|move|p1b: Roaring Moon|Tailwind|p1b: Roaring Moon\n|-sidestart|p1: ApoVGC|move: Tailwind\n|move|p2a: Pelipper|Roost|p2a: Pelipper\n|-heal|p2a: Pelipper|55\/100\n|-singleturn|p2a: Pelipper|move: Roost\n|\n|-weather|RainDance|[upkeep]\n|upkeep\n|turn|6\n|\n|t:|1699795943\n|move|p1b: Roaring Moon|Acrobatics|p2b: Quaquaval\n|-damage|p2b: Quaquaval|50\/100\n|move|p1a: Tatsugiri|Muddy Water|p2b: Quaquaval|[spread] p2a\n|-miss|p1a: Tatsugiri|p2b: Quaquaval\n|-resisted|p2a: Pelipper\n|-damage|p2a: Pelipper|14\/100\n|move|p2b: Quaquaval|Ice Spinner|p1a: Tatsugiri\n|-damage|p1a: Tatsugiri|36\/100\n|-damage|p2b: Quaquaval|40\/100|[from] item: Life Orb\n|move|p2a: Pelipper|Roost|p2a: Pelipper\n|-heal|p2a: Pelipper|64\/100\n|-singleturn|p2a: Pelipper|move: Roost\n|\n|-weather|RainDance|[upkeep]\n|-sideend|p2: Jerorororo|move: Tailwind\n|upkeep\n|turn|7\n|-message|Jerorororo forfeited.\n|\n|win|ApoVGC\n|raw|ApoVGC's rating: 1148 &rarr; <strong>1174<\/strong><br \/>(+26 for winning)\n|raw|Jerorororo's rating: 1165 &rarr; <strong>1139<\/strong><br \/>(-26 for losing)\n|l|\u2606Jerorororo\n","uploadtime":1699795970,"views":27,"p1id":"apovgc","p2id":"jerorororo","formatid":"gen9vgc2023regulatione","rating":1139,"private":0,"password":""}