{"id":"gen9vgc2023regulatione-1995155240","p1":"doggybears","p2":"lanlanc2","format":"[Gen 9] VGC 2023 Regulation E","log":"|j|\u2606doggybears\n|j|\u2606lanlanc2\n|t:|1700528741\n|gametype|doubles\n|player|p1|doggybears|janitor|1264\n|player|p2|lanlanc2|rosa|1290\n|teamsize|p1|6\n|teamsize|p2|6\n|gen|9\n|tier|[Gen 9] VGC 2023 Regulation E\n|rated|\n|rule|Species Clause: Limit one of each Pok\u00e9mon\n|rule|Item Clause: Limit one of each item\n|clearpoke\n|poke|p1|Amoonguss, L50, M|\n|poke|p1|Tornadus, L50, M|\n|poke|p1|Iron Hands, L50|\n|poke|p1|Arcanine-Hisui, L50, M|\n|poke|p1|Gholdengo, L50|\n|poke|p1|Urshifu-*, L50, F|\n|poke|p2|Roaring Moon, L50|\n|poke|p2|Arcanine-Hisui, L50, F|\n|poke|p2|Urshifu-*, L50, M|\n|poke|p2|Chi-Yu, L50|\n|poke|p2|Amoonguss, L50, F|\n|poke|p2|Iron Hands, L50|\n|teampreview|4\ndoggybears has agreed to open team sheets.\n|\n|t:|1700528804\n|start\n|switch|p1a: Arcanine|Arcanine-Hisui, L50, M|100\/100\n|switch|p1b: Iron Hands|Iron Hands, L50|100\/100\n|switch|p2a: Roaring Moon|Roaring Moon, L50, shiny|100\/100\n|switch|p2b: Iron Hands|Iron Hands, L50|100\/100\n|-ability|p1a: Arcanine|Intimidate|boost\n|-unboost|p2a: Roaring Moon|atk|1\n|-unboost|p2b: Iron Hands|atk|1\n|-enditem|p2a: Roaring Moon|Booster Energy\n|-activate|p2a: Roaring Moon|ability: Protosynthesis|[fromitem]\n|-start|p2a: Roaring Moon|protosynthesisspe\n|turn|1\n|\n|t:|1700528859\n|move|p1b: Iron Hands|Fake Out|p2a: Roaring Moon\n|-damage|p2a: Roaring Moon|82\/100\n|move|p2b: Iron Hands|Fake Out|p1b: Iron Hands\n|-damage|p1b: Iron Hands|94\/100\n|cant|p2a: Roaring Moon|flinch\n|move|p1a: Arcanine|Head Smash|p2b: Iron Hands\n|-resisted|p2b: Iron Hands\n|-damage|p2b: Iron Hands|71\/100\n|-damage|p1a: Arcanine|82\/100|[from] Recoil\n|\n|upkeep\n|turn|2\n|inactive|Battle timer is ON: inactive players will automatically lose when time's up. (requested by lanlanc2)\n|\n|t:|1700528878\n|move|p2a: Roaring Moon|Tailwind|p2a: Roaring Moon\n|-sidestart|p2: lanlanc2|move: Tailwind\n|move|p2b: Iron Hands|Drain Punch|p1b: Iron Hands\n|-damage|p1b: Iron Hands|75\/100\n|-heal|p2b: Iron Hands|81\/100|[from] drain|[of] p1b: Iron Hands\n|move|p1a: Arcanine|Head Smash|p2a: Roaring Moon\n|-damage|p2a: Roaring Moon|0 fnt\n|faint|p2a: Roaring Moon\n|-end|p2a: Roaring Moon|Protosynthesis|[silent]\n|-damage|p1a: Arcanine|41\/100|[from] Recoil\n|move|p1b: Iron Hands|Drain Punch|p2b: Iron Hands\n|-damage|p2b: Iron Hands|50\/100\n|-heal|p1b: Iron Hands|90\/100|[from] drain|[of] p2b: Iron Hands\n|\n|upkeep\n|\n|t:|1700528886\n|switch|p2a: Arcanine|Arcanine-Hisui, L50, F|100\/100\n|-ability|p2a: Arcanine|Intimidate|boost\n|-unboost|p1a: Arcanine|atk|1\n|-unboost|p1b: Iron Hands|atk|1\n|turn|3\n|inactive|doggybears has 30 seconds left.\n|\n|t:|1700528917\n|-terastallize|p1a: Arcanine|Fairy\n|move|p2a: Arcanine|Rock Slide|p1b: Iron Hands|[spread] p1a,p1b\n|-resisted|p1b: Iron Hands\n|-damage|p1a: Arcanine|0 fnt\n|-damage|p1b: Iron Hands|76\/100\n|faint|p1a: Arcanine\n|move|p2b: Iron Hands|Drain Punch|p1b: Iron Hands\n|-damage|p1b: Iron Hands|57\/100\n|-heal|p2b: Iron Hands|59\/100|[from] drain|[of] p1b: Iron Hands\n|move|p1b: Iron Hands|Drain Punch|p2a: Arcanine\n|-supereffective|p2a: Arcanine\n|-damage|p2a: Arcanine|29\/100\n|-heal|p1b: Iron Hands|82\/100|[from] drain|[of] p2a: Arcanine\n|\n|upkeep\n|\n|t:|1700528931\n|switch|p1a: Tornadus|Tornadus, L50, M|100\/100\n|turn|4\n|\n|t:|1700528941\n|switch|p2a: Urshifu|Urshifu-Rapid-Strike, L50, M|100\/100\n|move|p1a: Tornadus|Tailwind|p1a: Tornadus\n|-sidestart|p1: doggybears|move: Tailwind\n|move|p1b: Iron Hands|Drain Punch|p2b: Iron Hands\n|-damage|p2b: Iron Hands|41\/100\n|-heal|p1b: Iron Hands|92\/100|[from] drain|[of] p2b: Iron Hands\n|move|p2b: Iron Hands|Wild Charge|p1a: Tornadus\n|-supereffective|p1a: Tornadus\n|-damage|p1a: Tornadus|41\/100\n|-damage|p2b: Iron Hands|25\/100|[from] item: Rocky Helmet|[of] p1a: Tornadus\n|-damage|p2b: Iron Hands|14\/100|[from] Recoil\n|\n|upkeep\n|turn|5\n|\n|t:|1700528960\n|-terastallize|p2a: Urshifu|Water\n|move|p2a: Urshifu|Surging Strikes|p1b: Iron Hands\n|-crit|p1b: Iron Hands\n|-damage|p1b: Iron Hands|68\/100\n|-crit|p1b: Iron Hands\n|-damage|p1b: Iron Hands|45\/100\n|-crit|p1b: Iron Hands\n|-damage|p1b: Iron Hands|23\/100\n|-hitcount|p1b: Iron Hands|3\n|move|p1a: Tornadus|Bleakwind Storm|p2a: Urshifu|[spread] p2a\n|-miss|p1a: Tornadus|p2b: Iron Hands\n|-crit|p2a: Urshifu\n|-damage|p2a: Urshifu|34\/100\n|move|p1b: Iron Hands|Drain Punch|p2b: Iron Hands\n|-damage|p2b: Iron Hands|0 fnt\n|-heal|p1b: Iron Hands|30\/100|[from] drain|[of] p2b: Iron Hands\n|faint|p2b: Iron Hands\n|-end|p2b: Iron Hands|Quark Drive|[silent]\n|\n|-sideend|p2: lanlanc2|move: Tailwind\n|upkeep\n|\n|t:|1700528971\n|switch|p2b: Arcanine|Arcanine-Hisui, L50, F|29\/100\n|-ability|p2b: Arcanine|Intimidate|boost\n|-unboost|p1a: Tornadus|atk|1\n|-unboost|p1b: Iron Hands|atk|1\n|turn|6\n|\n|t:|1700528988\n|move|p1a: Tornadus|Bleakwind Storm|p2a: Urshifu|[spread] p2a\n|-miss|p1a: Tornadus|p2b: Arcanine\n|-damage|p2a: Urshifu|0 fnt\n|faint|p2a: Urshifu\n|move|p1b: Iron Hands|Drain Punch|p2b: Arcanine\n|-supereffective|p2b: Arcanine\n|-damage|p2b: Arcanine|0 fnt\n|-heal|p1b: Iron Hands|41\/100|[from] drain|[of] p2b: Arcanine\n|faint|p2b: Arcanine\n|\n|win|doggybears\n|raw|doggybears's rating: 1264 &rarr; <strong>1291<\/strong><br \/>(+27 for winning)\n|raw|lanlanc2's rating: 1290 &rarr; <strong>1263<\/strong><br \/>(-27 for losing)\n|l|\u2606lanlanc2\n","uploadtime":1700529001,"views":17,"p1id":"doggybears","p2id":"lanlanc2","formatid":"gen9vgc2023regulatione","rating":1263,"private":0,"password":""}