{"id":"gen9vgc2023regulatione-1988341396","p1":"Jesuuuus","p2":"MisterGX","format":"[Gen 9] VGC 2023 Regulation E","log":"|j|\u2606Jesuuuus\n|j|\u2606MisterGX\n|n|\u2606Jesuuuus|jesuuuus\n|n|\u2606MisterGX|mistergx\n|html|View the match progress at <a href=\"\/game-bestof3-gen9vgc2023regulatione-1988341395\">game-bestof3-gen9vgc2023regulatione-1988341395<\/a>\n|t:|1699711168\n|gametype|doubles\n|player|p1|Jesuuuus|alec-anime|\n|player|p2|MisterGX|#vgcplzoruas|\n|teamsize|p1|6\n|teamsize|p2|6\n|gen|9\n|tier|[Gen 9] VGC 2023 Regulation E\n|rule|Species Clause: Limit one of each Pok\u00e9mon\n|rule|Item Clause: Limit one of each item\n|clearpoke\n|poke|p1|Ogerpon, L50, F|\n|poke|p1|Arcanine-Hisui, L50, M|\n|poke|p1|Flutter Mane, L50|\n|poke|p1|Iron Hands, L50|\n|poke|p1|Iron Bundle, L50|\n|poke|p1|Farigiraf, L50, F|\n|poke|p2|Gholdengo, L50|\n|poke|p2|Amoonguss, L50, F|\n|poke|p2|Tornadus, L50, M|\n|poke|p2|Urshifu-*, L50, F|\n|poke|p2|Landorus-Therian, L50, M|\n|poke|p2|Chien-Pao, L50|\n|teampreview|4\n|c|\u2606MisterGX|G1\nMisterGX has agreed to open team sheets.\nJesuuuus has agreed to open team sheets.\n|showteam|p1|Ogerpon||LifeOrb|Defiant|IvyCudgel,Encore,StompingTantrum,SpikyShield|||F|||50|,,,,,Grass]Arcanine-Hisui||SafetyGoggles|Intimidate|ExtremeSpeed,RockSlide,FlareBlitz,Protect|||M|||50|,,,,,Psychic]Flutter Mane||ChoiceSpecs|Protosynthesis|Moonblast,DazzlingGleam,ShadowBall,IcyWind||||||50|,,,,,Fairy]Iron Hands||AssaultVest|QuarkDrive|DrainPunch,WildCharge,HeavySlam,FakeOut||||||50|,,,,,Fire]Iron Bundle||BoosterEnergy|QuarkDrive|IcyWind,HydroPump,FreezeDry,Protect||||||50|,,,,,Grass]Farigiraf||SitrusBerry|ArmorTail|Imprison,TrickRoom,HyperVoice,Psychic|||F|||50|,,,,,Fairy\n|showteam|p2|Gholdengo||Leftovers|GoodasGold|MakeItRain,ShadowBall,NastyPlot,Protect||||||50|,,,,,Dragon]Amoonguss||RockyHelmet|Regenerator|Spore,RagePowder,PollenPuff,Protect|||F|||50|,,,,,Water]Tornadus||SitrusBerry|Prankster|Taunt,RainDance,Tailwind,BleakwindStorm|||M|||50|,,,,,Ghost]Urshifu-Rapid-Strike||LifeOrb|UnseenFist|AquaJet,Protect,SurgingStrikes,CloseCombat|||F|||50|,,,,,Poison]Landorus-Therian||ChoiceBand|Intimidate|StompingTantrum,Earthquake,RockSlide,Uturn|||M|||50|,,,,,Water]Chien-Pao||FocusSash|SwordofRuin|Protect,SacredSword,SuckerPunch,IceSpinner||||||50|,,,,,Ghost\n|c|\u2606Jesuuuus|gl hf\n|c|\u2606MisterGX|u2\n|\n|t:|1699711255\n|start\n|switch|p1a: Noo Noo|Iron Bundle, L50|100\/100\n|switch|p1b: Po|Arcanine-Hisui, L50, M|100\/100\n|switch|p2a: Tornadus|Tornadus, L50, M|100\/100\n|switch|p2b: Urshifu|Urshifu-Rapid-Strike, L50, F|100\/100\n|-ability|p1b: Po|Intimidate|boost\n|-unboost|p2a: Tornadus|atk|1\n|-unboost|p2b: Urshifu|atk|1\n|-enditem|p1a: Noo Noo|Booster Energy\n|-activate|p1a: Noo Noo|ability: Quark Drive|[fromitem]\n|-start|p1a: Noo Noo|quarkdrivespe\n|turn|1\n|j| MudkiperVGC\n|j| christianfinity\n|l| MudkiperVGC\n|\n|t:|1699711301\n|move|p2b: Urshifu|Protect|p2b: Urshifu\n|-singleturn|p2b: Urshifu|Protect\n|move|p2a: Tornadus|Tailwind|p2a: Tornadus\n|-sidestart|p2: MisterGX|move: Tailwind\n|move|p1a: Noo Noo|Freeze-Dry|p2b: Urshifu\n|-activate|p2b: Urshifu|move: Protect\n|move|p1b: Po|Rock Slide|p2a: Tornadus|[spread] p2a\n|-activate|p2b: Urshifu|move: Protect\n|-supereffective|p2a: Tornadus\n|-damage|p2a: Tornadus|50\/100\n|-enditem|p2a: Tornadus|Sitrus Berry|[eat]\n|-heal|p2a: Tornadus|75\/100|[from] item: Sitrus Berry\n|\n|upkeep\n|turn|2\n|\n|t:|1699711357\n|move|p2b: Urshifu|Close Combat|p1a: Noo Noo\n|-supereffective|p1a: Noo Noo\n|-damage|p1a: Noo Noo|0 fnt\n|-unboost|p2b: Urshifu|def|1\n|-unboost|p2b: Urshifu|spd|1\n|faint|p1a: Noo Noo\n|-end|p1a: Noo Noo|Quark Drive|[silent]\n|-damage|p2b: Urshifu|91\/100|[from] item: Life Orb\n|move|p2a: Tornadus|Bleakwind Storm|p1b: Po\n|-resisted|p1b: Po\n|-damage|p1b: Po|75\/100\n|move|p1b: Po|Rock Slide|p2a: Tornadus|[spread] p2a\n|-miss|p1b: Po|p2b: Urshifu\n|-supereffective|p2a: Tornadus\n|-damage|p2a: Tornadus|25\/100\n|\n|upkeep\n|\n|t:|1699711372\n|switch|p1a: Lala|Iron Hands, L50|100\/100\n|turn|3\n|\n|t:|1699711396\n|switch|p2b: Amoonguss|Amoonguss, L50, F, shiny|100\/100\n|move|p1a: Lala|Fake Out|p2b: Amoonguss\n|-damage|p2b: Amoonguss|87\/100\n|-damage|p1a: Lala|84\/100|[from] item: Rocky Helmet|[of] p2b: Amoonguss\n|move|p2a: Tornadus|Rain Dance|p2a: Tornadus\n|-weather|RainDance\n|move|p1b: Po|Flare Blitz|p2a: Tornadus\n|-damage|p2a: Tornadus|0 fnt\n|faint|p2a: Tornadus\n|-damage|p1b: Po|67\/100|[from] Recoil\n|\n|-weather|RainDance|[upkeep]\n|upkeep\n|\n|t:|1699711411\n|switch|p2a: Urshifu|Urshifu-Rapid-Strike, L50, F|91\/100\n|turn|4\n|\n|t:|1699711456\n|switch|p1b: Dipsy|Ogerpon, L50, F|100\/100\n|move|p2a: Urshifu|Surging Strikes|p1b: Dipsy\n|-resisted|p1b: Dipsy\n|-crit|p1b: Dipsy\n|-damage|p1b: Dipsy|76\/100\n|-resisted|p1b: Dipsy\n|-crit|p1b: Dipsy\n|-damage|p1b: Dipsy|54\/100\n|-resisted|p1b: Dipsy\n|-crit|p1b: Dipsy\n|-damage|p1b: Dipsy|32\/100\n|-hitcount|p1b: Dipsy|3\n|-damage|p2a: Urshifu|82\/100|[from] item: Life Orb\n|move|p2b: Amoonguss|Spore|p1a: Lala\n|-status|p1a: Lala|slp|[from] move: Spore\n|cant|p1a: Lala|slp\n|\n|-weather|RainDance|[upkeep]\n|-sideend|p2: MisterGX|move: Tailwind\n|upkeep\n|turn|5\n|\n|t:|1699711490\n|move|p2a: Urshifu|Protect|p2a: Urshifu\n|-singleturn|p2a: Urshifu|Protect\n|move|p1b: Dipsy|Ivy Cudgel|p2a: Urshifu\n|-activate|p2a: Urshifu|move: Protect\n|cant|p1a: Lala|slp\n|move|p2b: Amoonguss|Pollen Puff|p1b: Dipsy\n|-supereffective|p1b: Dipsy\n|-damage|p1b: Dipsy|0 fnt\n|faint|p1b: Dipsy\n|\n|-weather|RainDance|[upkeep]\n|upkeep\n|\n|t:|1699711492\n|switch|p1b: Po|Arcanine-Hisui, L50, M|67\/100\n|-ability|p1b: Po|Intimidate|boost\n|-unboost|p2a: Urshifu|atk|1\n|-unboost|p2b: Amoonguss|atk|1\n|turn|6\n|\n|t:|1699711501\n|-terastallize|p2a: Urshifu|Poison\n|-terastallize|p1b: Po|Psychic\n|move|p2b: Amoonguss|Rage Powder|p2b: Amoonguss\n|-singleturn|p2b: Amoonguss|move: Rage Powder\n|move|p2a: Urshifu|Surging Strikes|p1b: Po\n|-crit|p1b: Po\n|-damage|p1b: Po|25\/100\n|-crit|p1b: Po\n|-damage|p1b: Po|0 fnt\n|faint|p1b: Po\n|-hitcount|p1: Po|2\n|-damage|p2a: Urshifu|72\/100|[from] item: Life Orb\n|cant|p1a: Lala|slp\n|\n|-weather|RainDance|[upkeep]\n|upkeep\n|turn|7\n|-message|Jesuuuus forfeited.\n|\n|win|MisterGX\n|c|&|\/uhtml prompt-jesuuuus,Jesuuuus is ready for game 2!\n|c|&|\/uhtml prompt-mistergx,MisterGX is ready for game 2!\nBoth players are ready! Starting next match!\n|l|\u2606MisterGX\n|l| christianfinity\n","uploadtime":1699712226,"views":60,"p1id":"jesuuuus","p2id":"mistergx","formatid":"gen9vgc2023regulatione","rating":0,"private":0,"password":""}