{"id":"gen9vgc2023regulatione-1992803096","p1":"puffypoop","p2":"SanchoZ","format":"[Gen 9] VGC 2023 Regulation E","log":"|j|\u2606puffypoop\n|j|\u2606SanchoZ\n|t:|1700236796\n|gametype|doubles\n|player|p1|puffypoop|camper|1378\n|player|p2|SanchoZ|backpackerf|1287\n|teamsize|p1|6\n|teamsize|p2|6\n|gen|9\n|tier|[Gen 9] VGC 2023 Regulation E\n|rated|\n|rule|Species Clause: Limit one of each Pok\u00e9mon\n|rule|Item Clause: Limit one of each item\n|clearpoke\n|poke|p1|Tornadus, L50, M|\n|poke|p1|Arcanine-Hisui, L50, M|\n|poke|p1|Iron Hands, L50|\n|poke|p1|Gholdengo, L50|\n|poke|p1|Urshifu-*, L50, M|\n|poke|p1|Ogerpon-Wellspring, L50, F|\n|poke|p2|Ninetales-Alola, L50, F|\n|poke|p2|Ursaluna-Bloodmoon, L50, M|\n|poke|p2|Baxcalibur, L50, M|\n|poke|p2|Sinistcha-Masterpiece, L50|\n|poke|p2|Dondozo, L50, F|\n|poke|p2|Heatran, L50, M|\n|teampreview|4\n|inactive|Battle timer is ON: inactive players will automatically lose when time's up. (requested by puffypoop)\n|\n|t:|1700236841\n|start\n|switch|p1a: Tornadus|Tornadus, L50, M, shiny|100\/100\n|switch|p1b: Urshifu|Urshifu-Rapid-Strike, L50, M|100\/100\n|switch|p2a: Dondozo|Dondozo, L50, F|100\/100\n|switch|p2b: Heatran|Heatran, L50, M|100\/100\n|turn|1\n|inactive|puffypoop has 30 seconds left.\n|inactive|SanchoZ has 30 seconds left.\n|\n|t:|1700236870\n|-terastallize|p2b: Heatran|Grass\n|move|p1a: Tornadus|Tailwind|p1a: Tornadus\n|-sidestart|p1: puffypoop|move: Tailwind\n|move|p1b: Urshifu|Surging Strikes|p2b: Heatran\n|-resisted|p2b: Heatran\n|-crit|p2b: Heatran\n|-damage|p2b: Heatran|92\/100\n|-resisted|p2b: Heatran\n|-crit|p2b: Heatran\n|-damage|p2b: Heatran|84\/100\n|-resisted|p2b: Heatran\n|-crit|p2b: Heatran\n|-damage|p2b: Heatran|77\/100\n|-hitcount|p2b: Heatran|3\n|move|p2b: Heatran|Flash Cannon|p1a: Tornadus\n|-damage|p1a: Tornadus|63\/100\n|move|p2a: Dondozo|Yawn|p1b: Urshifu\n|-start|p1b: Urshifu|move: Yawn|[of] p2a: Dondozo\n|\n|upkeep\n|turn|2\n|inactive|SanchoZ has 30 seconds left.\n|inactive|SanchoZ has 20 seconds left.\n|\n|t:|1700236907\n|switch|p1b: Iron Hands|Iron Hands, L50, shiny|100\/100\n|move|p1a: Tornadus|Taunt|p2a: Dondozo\n|-immune|p2a: Dondozo|[from] ability: Oblivious\n|move|p2b: Heatran|Flash Cannon|p1a: Tornadus\n|-damage|p1a: Tornadus|24\/100\n|move|p2a: Dondozo|Curse|p2a: Dondozo\n|-unboost|p2a: Dondozo|spe|1\n|-boost|p2a: Dondozo|atk|1\n|-boost|p2a: Dondozo|def|1\n|\n|upkeep\n|turn|3\n|inactive|puffypoop has 30 seconds left.\n|inactive|SanchoZ has 30 seconds left.\n|inactive|SanchoZ has 20 seconds left.\n|\n|t:|1700236945\n|move|p2b: Heatran|Protect|p2b: Heatran\n|-singleturn|p2b: Heatran|Protect\n|move|p1b: Iron Hands|Fake Out|p2a: Dondozo\n|-damage|p2a: Dondozo|94\/100\n|move|p1a: Tornadus|Bleakwind Storm|p2b: Heatran|[spread] p2a\n|-activate|p2b: Heatran|move: Protect\n|-damage|p2a: Dondozo|75\/100\n|cant|p2a: Dondozo|flinch\n|\n|-heal|p2a: Dondozo|81\/100|[from] item: Leftovers\n|upkeep\n|turn|4\n|inactive|SanchoZ has 30 seconds left.\n|\n|t:|1700236978\n|move|p1a: Tornadus|Bleakwind Storm|p2b: Heatran|[spread] p2a,p2b\n|-supereffective|p2b: Heatran\n|-damage|p2a: Dondozo|60\/100\n|-damage|p2b: Heatran|26\/100\n|-enditem|p2b: Heatran|Sitrus Berry|[eat]\n|-heal|p2b: Heatran|51\/100|[from] item: Sitrus Berry\n|move|p1b: Iron Hands|Wild Charge|p2a: Dondozo\n|-supereffective|p2a: Dondozo\n|-damage|p2a: Dondozo|19\/100\n|-damage|p1b: Iron Hands|90\/100|[from] Recoil\n|move|p2b: Heatran|Flash Cannon|p1a: Tornadus\n|-damage|p1a: Tornadus|0 fnt\n|faint|p1a: Tornadus\n|move|p2a: Dondozo|Curse|p2a: Dondozo\n|-unboost|p2a: Dondozo|spe|1\n|-boost|p2a: Dondozo|atk|1\n|-boost|p2a: Dondozo|def|1\n|\n|-heal|p2a: Dondozo|25\/100|[from] item: Leftovers\n|-sideend|p1: puffypoop|move: Tailwind\n|upkeep\n|inactive|puffypoop has 30 seconds left.\n|\n|t:|1700237006\n|switch|p1a: Urshifu|Urshifu-Rapid-Strike, L50, M|100\/100\n|turn|5\n|\n|t:|1700237022\n|switch|p2b: Sinistcha|Sinistcha-Masterpiece, L50|100\/100\n|-heal|p2a: Dondozo|50\/100|[from] ability: Hospitality|[of] p2b: Sinistcha\n|move|p2a: Dondozo|Protect|p2a: Dondozo\n|-singleturn|p2a: Dondozo|Protect\n|move|p1a: Urshifu|U-turn|p2b: Sinistcha\n|-damage|p2b: Sinistcha|78\/100\n|-damage|p1a: Urshifu|84\/100|[from] item: Rocky Helmet|[of] p2b: Sinistcha\n|\n|t:|1700237031\n|switch|p1a: Arcanine|Arcanine-Hisui, L50, M, shiny|100\/100|[from] U-turn\n|-ability|p1a: Arcanine|Intimidate|boost\n|-fail|p2a: Dondozo|unboost|Attack|[from] ability: Oblivious|[of] p2a: Dondozo\n|-unboost|p2b: Sinistcha|atk|1\n|move|p1b: Iron Hands|Wild Charge|p2a: Dondozo\n|-activate|p2a: Dondozo|move: Protect\n|\n|-heal|p2a: Dondozo|56\/100|[from] item: Leftovers\n|upkeep\n|turn|6\n|inactive|SanchoZ has 30 seconds left.\n|inactive|SanchoZ has 20 seconds left.\n|inactive|SanchoZ has 15 seconds left.\n|inactive|SanchoZ has 10 seconds left.\n|\n|t:|1700237079\n|move|p1a: Arcanine|Flare Blitz|p2b: Sinistcha\n|-supereffective|p2b: Sinistcha\n|-damage|p2b: Sinistcha|0 fnt\n|-damage|p1a: Arcanine|84\/100|[from] item: Rocky Helmet|[of] p2b: Sinistcha\n|faint|p2b: Sinistcha\n|-damage|p1a: Arcanine|60\/100|[from] Recoil\n|move|p1b: Iron Hands|Wild Charge|p2a: Dondozo\n|-supereffective|p2a: Dondozo\n|-damage|p2a: Dondozo|22\/100\n|-damage|p1b: Iron Hands|81\/100|[from] Recoil\n|move|p2a: Dondozo|Wave Crash|p1a: Arcanine\n|-supereffective|p1a: Arcanine\n|-damage|p1a: Arcanine|0 fnt\n|faint|p1a: Arcanine\n|-damage|p2a: Dondozo|8\/100|[from] Recoil\n|\n|-heal|p2a: Dondozo|14\/100|[from] item: Leftovers\n|upkeep\n|\n|t:|1700237099\n|switch|p1a: Urshifu|Urshifu-Rapid-Strike, L50, M|84\/100\n|switch|p2b: Heatran|Heatran, L50, M, tera:Grass|51\/100\n|turn|7\n|inactive|SanchoZ has 30 seconds left.\n|inactive|puffypoop has 30 seconds left.\n|\n|t:|1700237129\n|move|p2a: Dondozo|Protect|p2a: Dondozo\n|-singleturn|p2a: Dondozo|Protect\n|move|p1a: Urshifu|Close Combat|p2b: Heatran\n|-damage|p2b: Heatran|1\/100\n|-unboost|p1a: Urshifu|def|1\n|-unboost|p1a: Urshifu|spd|1\n|move|p2b: Heatran|Heat Wave|p1a: Urshifu|[spread] p1a,p1b\n|-resisted|p1a: Urshifu\n|-damage|p1a: Urshifu|43\/100\n|-damage|p1b: Iron Hands|61\/100\n|-status|p1a: Urshifu|brn\n|move|p1b: Iron Hands|Wild Charge|p2a: Dondozo\n|-activate|p2a: Dondozo|move: Protect\n|\n|-heal|p2a: Dondozo|20\/100|[from] item: Leftovers\n|-damage|p1a: Urshifu|37\/100 brn|[from] brn\n|upkeep\n|turn|8\n|c|\u2606puffypoop|WHATTTTT\n|inactive|SanchoZ has 30 seconds left.\n|\n|t:|1700237156\n|switch|p2a: Ursaluna|Ursaluna-Bloodmoon, L50, M|100\/100\n|move|p1a: Urshifu|Close Combat|p2a: Ursaluna\n|-supereffective|p2a: Ursaluna\n|-damage|p2a: Ursaluna|47\/100\n|-unboost|p1a: Urshifu|def|1\n|-unboost|p1a: Urshifu|spd|1\n|move|p2b: Heatran|Heat Wave|p1a: Urshifu|[spread] p1a,p1b\n|-resisted|p1a: Urshifu\n|-damage|p1a: Urshifu|0 fnt\n|-damage|p1b: Iron Hands|42\/100\n|faint|p1a: Urshifu\n|move|p1b: Iron Hands|Drain Punch|p2b: Heatran\n|-damage|p2b: Heatran|0 fnt\n|-heal|p1b: Iron Hands|42\/100|[from] drain|[of] p2b: Heatran\n|faint|p2b: Heatran\n|\n|upkeep\n|\n|t:|1700237171\n|switch|p2b: Dondozo|Dondozo, L50, F|20\/100\n|turn|9\n|\n|t:|1700237187\n|-terastallize|p1b: Iron Hands|Grass\n|move|p2a: Ursaluna|Earth Power|p1b: Iron Hands\n|-resisted|p1b: Iron Hands\n|-damage|p1b: Iron Hands|26\/100\n|-damage|p2a: Ursaluna|38\/100|[from] item: Life Orb\n|move|p1b: Iron Hands|Drain Punch|p2a: Ursaluna\n|-supereffective|p2a: Ursaluna\n|-damage|p2a: Ursaluna|0 fnt\n|-heal|p1b: Iron Hands|42\/100|[from] drain|[of] p2a: Ursaluna\n|faint|p2a: Ursaluna\n|move|p2b: Dondozo|Yawn|p1b: Iron Hands\n|-start|p1b: Iron Hands|move: Yawn|[of] p2b: Dondozo\n|\n|-heal|p2b: Dondozo|26\/100|[from] item: Leftovers\n|upkeep\n|turn|10\n|\n|t:|1700237202\n|move|p2b: Dondozo|Protect|p2b: Dondozo\n|-singleturn|p2b: Dondozo|Protect\n|move|p1b: Iron Hands|Wild Charge|p2b: Dondozo\n|-activate|p2b: Dondozo|move: Protect\n|\n|-heal|p2b: Dondozo|32\/100|[from] item: Leftovers\n|-end|p1b: Iron Hands|move: Yawn|[silent]\n|-status|p1b: Iron Hands|slp\n|upkeep\n|turn|11\n|\n|t:|1700237213\n|cant|p1b: Iron Hands|slp\n|move|p2b: Dondozo|Curse|p2b: Dondozo\n|-unboost|p2b: Dondozo|spe|1\n|-boost|p2b: Dondozo|atk|1\n|-boost|p2b: Dondozo|def|1\n|\n|-heal|p2b: Dondozo|38\/100|[from] item: Leftovers\n|upkeep\n|turn|12\n|\n|t:|1700237217\n|cant|p1b: Iron Hands|slp\n|move|p2b: Dondozo|Curse|p2b: Dondozo\n|-unboost|p2b: Dondozo|spe|1\n|-boost|p2b: Dondozo|atk|1\n|-boost|p2b: Dondozo|def|1\n|\n|-heal|p2b: Dondozo|44\/100|[from] item: Leftovers\n|upkeep\n|turn|13\n|\n|t:|1700237224\n|-curestatus|p1b: Iron Hands|slp|[msg]\n|move|p1b: Iron Hands|Wild Charge|p2b: Dondozo\n|-supereffective|p2b: Dondozo\n|-damage|p2b: Dondozo|14\/100\n|-damage|p1b: Iron Hands|34\/100|[from] Recoil\n|move|p2b: Dondozo|Curse|p2b: Dondozo\n|-unboost|p2b: Dondozo|spe|1\n|-boost|p2b: Dondozo|atk|1\n|-boost|p2b: Dondozo|def|1\n|\n|-heal|p2b: Dondozo|20\/100|[from] item: Leftovers\n|upkeep\n|turn|14\n|\n|t:|1700237235\n|move|p2b: Dondozo|Protect|p2b: Dondozo\n|-singleturn|p2b: Dondozo|Protect\n|move|p1b: Iron Hands|Wild Charge|p2b: Dondozo\n|-activate|p2b: Dondozo|move: Protect\n|\n|-heal|p2b: Dondozo|26\/100|[from] item: Leftovers\n|upkeep\n|turn|15\n|\n|t:|1700237242\n|move|p1b: Iron Hands|Wild Charge|p2b: Dondozo\n|-supereffective|p2b: Dondozo\n|-damage|p2b: Dondozo|2\/100\n|-damage|p1b: Iron Hands|27\/100|[from] Recoil\n|move|p2b: Dondozo|Curse|p2b: Dondozo\n|-unboost|p2b: Dondozo|spe|1\n|-boost|p2b: Dondozo|atk|1\n|-boost|p2b: Dondozo|def|1\n|\n|-heal|p2b: Dondozo|8\/100|[from] item: Leftovers\n|upkeep\n|turn|16\n|\n|t:|1700237253\n|move|p2b: Dondozo|Protect|p2b: Dondozo\n|-singleturn|p2b: Dondozo|Protect\n|move|p1b: Iron Hands|Wild Charge|p2b: Dondozo\n|-activate|p2b: Dondozo|move: Protect\n|\n|-heal|p2b: Dondozo|14\/100|[from] item: Leftovers\n|upkeep\n|turn|17\n|\n|t:|1700237261\n|move|p2b: Dondozo|Protect||[still]\n|-fail|p2b: Dondozo\n|move|p1b: Iron Hands|Wild Charge|p2b: Dondozo\n|-supereffective|p2b: Dondozo\n|-damage|p2b: Dondozo|0 fnt\n|faint|p2b: Dondozo\n|-damage|p1b: Iron Hands|24\/100|[from] Recoil\n|\n|win|puffypoop\n|raw|puffypoop's rating: 1378 &rarr; <strong>1393<\/strong><br \/>(+15 for winning)\n|raw|SanchoZ's rating: 1287 &rarr; <strong>1268<\/strong><br \/>(-19 for losing)\n|j| TheLog2\n","uploadtime":1700237275,"views":10,"p1id":"puffypoop","p2id":"sanchoz","formatid":"gen9vgc2023regulatione","rating":1268,"private":0,"password":""}