{"id":"gen9vgc2023regulatione-1994495404","p1":"SCRUMPTIOUSBREAD","p2":"Gino Bhengazi","format":"[Gen 9] VGC 2023 Regulation E","log":"|j|\u2606SCRUMPTIOUSBREAD\n|j|\u2606Gino Bhengazi\n|n|\u2606SCRUMPTIOUSBREAD|scrumptiousbread\n|n|\u2606Gino Bhengazi|ginobhengazi\n|html|View the match progress at <a href=\"\/game-bestof3-gen9vgc2023regulatione-1994489060\">game-bestof3-gen9vgc2023regulatione-1994489060<\/a>\n|t:|1700450645\n|gametype|doubles\n|player|p1|SCRUMPTIOUSBREAD|lance|\n|player|p2|Gino Bhengazi|102|\n|teamsize|p1|6\n|teamsize|p2|6\n|gen|9\n|tier|[Gen 9] VGC 2023 Regulation E\n|rule|Species Clause: Limit one of each Pok\u00e9mon\n|rule|Item Clause: Limit one of each item\n|clearpoke\n|poke|p1|Ogerpon-Wellspring, L50, F|\n|poke|p1|Dugtrio, L50, M|\n|poke|p1|Dragapult, L50, M|\n|poke|p1|Corviknight, L50, M|\n|poke|p1|Raichu, L50, M|\n|poke|p1|Arcanine-Hisui, L50, M|\n|poke|p2|Goodra-Hisui, L50, M|\n|poke|p2|Armarouge, L50, M|\n|poke|p2|Gothitelle, L50, M|\n|poke|p2|Ursaluna, L50, M|\n|poke|p2|Annihilape, L50, M|\n|poke|p2|Slowking-Galar, L50, M|\n|teampreview|4\n|j| Aquarsene\n|j| Daniel1018\n|j| hunter16k\n|\n|t:|1700450710\n|start\n|switch|p1a: Muffin|Ogerpon-Wellspring, L50, F|100\/100\n|switch|p1b: Duke|Arcanine-Hisui, L50, M|100\/100\n|switch|p2a: Utah|Goodra-Hisui, L50, M|100\/100\n|switch|p2b: Louisiana|Gothitelle, L50, M|100\/100\n|-ability|p1b: Duke|Intimidate|boost\n|-unboost|p2a: Utah|atk|1\n|-unboost|p2b: Louisiana|atk|1\n|turn|1\n|\n|t:|1700450765\n|-terastallize|p1b: Duke|Normal\n|-terastallize|p2b: Louisiana|Ground\n|move|p1a: Muffin|Spiky Shield|p1a: Muffin\n|-singleturn|p1a: Muffin|move: Protect\n|move|p1b: Duke|Extreme Speed|p2b: Louisiana\n|-damage|p2b: Louisiana|64\/100\n|move|p2b: Louisiana|Tera Blast|p1b: Duke|[anim] Tera Blast Ground\n|-damage|p1b: Duke|82\/100\n|move|p2a: Utah|Acid Armor|p2a: Utah\n|-boost|p2a: Utah|def|2\n|\n|upkeep\n|turn|2\n|\n|t:|1700450820\n|move|p2b: Louisiana|Protect|p2b: Louisiana\n|-singleturn|p2b: Louisiana|Protect\n|move|p1a: Muffin|Ivy Cudgel|p2b: Louisiana|[anim] Ivy Cudgel Water\n|-activate|p2b: Louisiana|move: Protect\n|move|p1b: Duke|Rock Slide|p2a: Utah|[spread] p2a\n|-activate|p2b: Louisiana|move: Protect\n|-resisted|p2a: Utah\n|-damage|p2a: Utah|95\/100\n|move|p2a: Utah|Acid Armor|p2a: Utah\n|-boost|p2a: Utah|def|2\n|\n|upkeep\n|turn|3\n|\n|t:|1700450855\n|switch|p2b: Florida|Annihilape, L50, M|100\/100\n|move|p1a: Muffin|Ivy Cudgel|p2b: Florida|[anim] Ivy Cudgel Water\n|-damage|p2b: Florida|40\/100\n|move|p1b: Duke|Flare Blitz|p2a: Utah\n|-damage|p2a: Utah|79\/100\n|-damage|p1b: Duke|65\/100|[from] item: Rocky Helmet|[of] p2a: Utah\n|-damage|p1b: Duke|60\/100|[from] Recoil\n|move|p2a: Utah|Body Press|p1b: Duke\n|-supereffective|p1b: Duke\n|-damage|p1b: Duke|0 fnt\n|faint|p1b: Duke\n|\n|-heal|p2b: Florida|46\/100|[from] item: Leftovers\n|upkeep\n|\n|t:|1700450870\n|switch|p1b: Whisper|Dragapult, L50, M, shiny|100\/100\n|-item|p1b: Whisper|Air Balloon\n|turn|4\n|\n|t:|1700450963\n|switch|p2b: Louisiana|Gothitelle, L50, M, tera:Ground|64\/100\n|move|p1a: Muffin|Spiky Shield|p1a: Muffin\n|-singleturn|p1a: Muffin|move: Protect\n|move|p1b: Whisper|Reflect|p1b: Whisper\n|-sidestart|p1: SCRUMPTIOUSBREAD|Reflect\n|move|p2a: Utah|Body Press|p1a: Muffin\n|-activate|p1a: Muffin|move: Protect\n|-damage|p2a: Utah|67\/100|[from] Spiky Shield|[of] p1a: Muffin\n|\n|upkeep\n|turn|5\n|\n|t:|1700451026\n|move|p1b: Whisper|Acrobatics|p2b: Louisiana\n|-damage|p2b: Louisiana|49\/100\n|-enditem|p2b: Louisiana|Sitrus Berry|[eat]\n|-heal|p2b: Louisiana|73\/100|[from] item: Sitrus Berry\n|move|p1a: Muffin|Ivy Cudgel|p2b: Louisiana|[anim] Ivy Cudgel Water\n|-supereffective|p2b: Louisiana\n|-damage|p2b: Louisiana|0 fnt\n|faint|p2b: Louisiana\n|move|p2a: Utah|Life Dew|p2a: Utah\n|-heal|p2a: Utah|92\/100\n|\n|upkeep\n|\n|t:|1700451036\n|switch|p2b: California|Armarouge, L50, M|100\/100\n|-item|p2b: California|Air Balloon\n|turn|6\n|\n|t:|1700451069\n|move|p1b: Whisper|Phantom Force||[still]\n|-prepare|p1b: Whisper|Phantom Force\n|move|p1a: Muffin|Stomping Tantrum|p2a: Utah\n|-supereffective|p2a: Utah\n|-damage|p2a: Utah|75\/100\n|-damage|p1a: Muffin|84\/100|[from] item: Rocky Helmet|[of] p2a: Utah\n|move|p2b: California|Destiny Bond|p2b: California\n|-singlemove|p2b: California|Destiny Bond\n|move|p2a: Utah|Draco Meteor|p1b: Whisper|[miss]\n|-miss|p2a: Utah|p1b: Whisper\n|\n|upkeep\n|turn|7\n|\n|t:|1700451158\n|move|p1b: Whisper|Phantom Force|p2b: California|[from]lockedmove\n|-supereffective|p2b: California\n|-damage|p2b: California|25\/100\n|-enditem|p2b: California|Air Balloon\n|move|p1a: Muffin|Ivy Cudgel|p2b: California|[anim] Ivy Cudgel Water\n|-supereffective|p2b: California\n|-damage|p2b: California|0 fnt\n|faint|p2b: California\n|-activate|p2b: California|move: Destiny Bond\n|faint|p1a: Muffin\n|move|p2a: Utah|Draco Meteor|p1b: Whisper\n|-supereffective|p1b: Whisper\n|-damage|p1b: Whisper|9\/100\n|-unboost|p2a: Utah|spa|2\n|-enditem|p1b: Whisper|Air Balloon\n|\n|upkeep\n|\n|t:|1700451173\n|switch|p1a: Southpaw|Dugtrio, L50, M, shiny|100\/100\n|switch|p2b: Florida|Annihilape, L50, M|46\/100\n|turn|8\n|\n|t:|1700451231\n|move|p1a: Southpaw|Protect|p1a: Southpaw\n|-singleturn|p1a: Southpaw|Protect\n|move|p1b: Whisper|Phantom Force||[still]\n|-prepare|p1b: Whisper|Phantom Force\n|move|p2b: Florida|Ice Punch|p1a: Southpaw\n|-activate|p1a: Southpaw|move: Protect\n|move|p2a: Utah|Life Dew|p2a: Utah|[spread] p2a,p2b\n|-heal|p2a: Utah|100\/100\n|-heal|p2b: Florida|71\/100\n|\n|-heal|p2b: Florida|77\/100|[from] item: Leftovers\n|-sideend|p1: SCRUMPTIOUSBREAD|Reflect\n|upkeep\n|turn|9\n|\n|t:|1700451262\n|move|p1b: Whisper|Phantom Force|p2b: Florida|[from]lockedmove\n|-supereffective|p2b: Florida\n|-damage|p2b: Florida|0 fnt\n|faint|p2b: Florida\n|move|p1a: Southpaw|Swords Dance|p1a: Southpaw\n|-boost|p1a: Southpaw|atk|2\n|move|p2a: Utah|Body Press|p1a: Southpaw\n|-crit|p1a: Southpaw\n|-enditem|p1a: Southpaw|Focus Sash\n|-damage|p1a: Southpaw|1\/100\n|\n|upkeep\n|turn|10\n|\n|t:|1700451282\n|move|p1b: Whisper|Phantom Force||[still]\n|-prepare|p1b: Whisper|Phantom Force\n|move|p1a: Southpaw|Stomping Tantrum|p2a: Utah\n|-supereffective|p2a: Utah\n|-damage|p2a: Utah|61\/100\n|-damage|p1a: Southpaw|0 fnt|[from] item: Rocky Helmet|[of] p2a: Utah\n|faint|p1a: Southpaw\n|move|p2a: Utah|Body Press|p1b: Whisper|[miss]\n|-miss|p2a: Utah|p1b: Whisper\n|\n|upkeep\n|turn|11\n|\n|t:|1700451295\n|move|p1b: Whisper|Phantom Force|p2a: Utah|[from]lockedmove\n|-damage|p2a: Utah|50\/100\n|-damage|p1b: Whisper|0 fnt|[from] item: Rocky Helmet|[of] p2a: Utah\n|faint|p1b: Whisper\n|\n|win|Gino Bhengazi\n","uploadtime":1700451302,"views":7,"p1id":"scrumptiousbread","p2id":"ginobhengazi","formatid":"gen9vgc2023regulatione","rating":0,"private":0,"password":""}