{"id":"gen9vgc2023regulatione-1997909055","p1":"xingshen","p2":"ihave_0idea","format":"[Gen 9] VGC 2023 Regulation E","log":"|j|\u2606xingshen\n|j|\u2606ihave_0idea\n|t:|1700866270\n|gametype|doubles\n|player|p1|xingshen|102|1217\n|player|p2|ihave_0idea|veteran|1181\n|teamsize|p1|6\n|teamsize|p2|6\n|gen|9\n|tier|[Gen 9] VGC 2023 Regulation E\n|rated|\n|rule|Species Clause: Limit one of each Pok\u00e9mon\n|rule|Item Clause: Limit one of each item\n|clearpoke\n|poke|p1|Dondozo, L50, F|\n|poke|p1|Dragapult, L50, F|\n|poke|p1|Urshifu-*, L50, M|\n|poke|p1|Amoonguss, L50, M|\n|poke|p1|Tatsugiri, L50, M|\n|poke|p1|Ogerpon-Cornerstone, L50, F|\n|poke|p2|Tornadus, L50, M|\n|poke|p2|Iron Hands, L50|\n|poke|p2|Urshifu-*, L50, F|\n|poke|p2|Flutter Mane, L50|\n|poke|p2|Landorus-Therian, L50, M|\n|poke|p2|Kingambit, L50, M|\n|teampreview|4\n|\n|t:|1700866315\n|start\n|switch|p1a: Dondozo|Dondozo, L50, F|100\/100\n|switch|p1b: Amoonguss|Amoonguss, L50, M|100\/100\n|switch|p2a: genie|Tornadus, L50, M|100\/100\n|switch|p2b: doggo|Landorus-Therian, L50, M|100\/100\n|-ability|p2b: doggo|Intimidate|boost\n|-fail|p1a: Dondozo|unboost|Attack|[from] ability: Oblivious|[of] p1a: Dondozo\n|-unboost|p1b: Amoonguss|atk|1\n|turn|1\n|\n|t:|1700866339\n|-terastallize|p2b: doggo|Flying\n|move|p1a: Dondozo|Protect|p1a: Dondozo\n|-singleturn|p1a: Dondozo|Protect\n|move|p2a: genie|Tailwind|p2a: genie\n|-sidestart|p2: ihave_0idea|move: Tailwind\n|move|p2b: doggo|Tera Blast|p1b: Amoonguss|[anim] Tera Blast Flying\n|-supereffective|p1b: Amoonguss\n|-damage|p1b: Amoonguss|12\/100\n|-enditem|p1b: Amoonguss|Aguav Berry|[eat]\n|-heal|p1b: Amoonguss|45\/100|[from] item: Aguav Berry\n|move|p1b: Amoonguss|Spore|p2b: doggo\n|-status|p2b: doggo|slp|[from] move: Spore\n|\n|upkeep\n|turn|2\n|c|\u2606ihave_0idea|me forgetting I had taunt\n|\n|t:|1700866389\n|switch|p1b: Tatsugiri|Tatsugiri, L50, M|100\/100\n|-activate|p1b: Tatsugiri|ability: Commander|[of] p1a: Dondozo\n|-boost|p1a: Dondozo|atk|2\n|-boost|p1a: Dondozo|spa|2\n|-boost|p1a: Dondozo|spe|2\n|-boost|p1a: Dondozo|def|2\n|-boost|p1a: Dondozo|spd|2\n|move|p2a: genie|Bleakwind Storm|p1a: Dondozo|[spread] p1a\n|-miss|p2a: genie|p1b: Tatsugiri\n|-damage|p1a: Dondozo|83\/100\n|cant|p2b: doggo|slp\n|move|p1a: Dondozo|Wave Crash|p2a: genie\n|-damage|p2a: genie|0 fnt\n|faint|p2a: genie\n|-damage|p1a: Dondozo|63\/100|[from] Recoil\n|\n|upkeep\n|\n|t:|1700866405\n|switch|p2a: Iron Hands|Iron Hands, L50|100\/100\n|turn|3\n|\n|t:|1700866417\n|move|p1a: Dondozo|Protect|p1a: Dondozo\n|-singleturn|p1a: Dondozo|Protect\n|move|p2a: Iron Hands|Fake Out|p1a: Dondozo\n|-activate|p1a: Dondozo|move: Protect\n|cant|p2b: doggo|slp\n|\n|upkeep\n|turn|4\n|\n|t:|1700866429\n|cant|p2b: doggo|slp\n|move|p1a: Dondozo|Earthquake|p2a: Iron Hands|[spread] p2a\n|-miss|p1a: Dondozo|p1b: Tatsugiri\n|-immune|p2b: doggo\n|-supereffective|p2a: Iron Hands\n|-damage|p2a: Iron Hands|49\/100\n|move|p2a: Iron Hands|Wild Charge|p1a: Dondozo\n|-supereffective|p1a: Dondozo\n|-damage|p1a: Dondozo|33\/100\n|-enditem|p1a: Dondozo|Weakness Policy\n|-boost|p1a: Dondozo|atk|2|[from] item: Weakness Policy\n|-boost|p1a: Dondozo|spa|2|[from] item: Weakness Policy\n|-damage|p2a: Iron Hands|40\/100|[from] Recoil\n|\n|-sideend|p2: ihave_0idea|move: Tailwind\n|upkeep\n|turn|5\n|\n|t:|1700866459\n|-curestatus|p2b: doggo|slp|[msg]\n|move|p2b: doggo|Tera Blast|p1a: Dondozo|[anim] Tera Blast Flying\n|-damage|p1a: Dondozo|15\/100\n|move|p1a: Dondozo|Earthquake|p2b: doggo|[spread] p2a\n|-miss|p1a: Dondozo|p1b: Tatsugiri\n|-immune|p2b: doggo\n|-supereffective|p2a: Iron Hands\n|-damage|p2a: Iron Hands|0 fnt\n|faint|p2a: Iron Hands\n|-end|p2a: Iron Hands|Quark Drive|[silent]\n|\n|upkeep\n|\n|t:|1700866470\n|switch|p2a: Flutter Mane|Flutter Mane, L50|100\/100\n|turn|6\n|\n|t:|1700866483\n|move|p1a: Dondozo|Protect|p1a: Dondozo\n|-singleturn|p1a: Dondozo|Protect\n|move|p2a: Flutter Mane|Moonblast|p1a: Dondozo\n|-activate|p1a: Dondozo|move: Protect\n|move|p2b: doggo|Tera Blast|p1a: Dondozo|[anim] Tera Blast Flying\n|-activate|p1a: Dondozo|move: Protect\n|\n|upkeep\n|turn|7\n|\n|t:|1700866508\n|move|p2a: Flutter Mane|Moonblast|p1a: Dondozo\n|-damage|p1a: Dondozo|0 fnt\n|faint|p1a: Dondozo\n|move|p2b: doggo|Rock Slide|p1b: Tatsugiri\n|-damage|p1b: Tatsugiri|53\/100\n|\n|upkeep\n|\n|t:|1700866528\n|switch|p1a: Amoonguss|Amoonguss, L50, M|78\/100\n|turn|8\n|\n|t:|1700866540\n|move|p1a: Amoonguss|Rage Powder|p1a: Amoonguss\n|-singleturn|p1a: Amoonguss|move: Rage Powder\n|move|p2a: Flutter Mane|Moonblast|p1a: Amoonguss\n|-resisted|p1a: Amoonguss\n|-damage|p1a: Amoonguss|45\/100\n|move|p2b: doggo|Tera Blast|p1a: Amoonguss|[anim] Tera Blast Flying\n|-supereffective|p1a: Amoonguss\n|-damage|p1a: Amoonguss|0 fnt\n|faint|p1a: Amoonguss\n|move|p1b: Tatsugiri|Icy Wind|p2a: Flutter Mane|[spread] p2a,p2b\n|-supereffective|p2b: doggo\n|-damage|p2a: Flutter Mane|82\/100\n|-damage|p2b: doggo|53\/100\n|-unboost|p2a: Flutter Mane|spe|1\n|\n|upkeep\n|\n|t:|1700866555\n|switch|p1a: Urshifu|Urshifu, L50, M|100\/100\n|turn|9\n|\n|t:|1700866580\n|-terastallize|p1a: Urshifu|Dark\n|move|p1a: Urshifu|Sucker Punch|p2b: doggo\n|-damage|p2b: doggo|0 fnt\n|faint|p2b: doggo\n|move|p1b: Tatsugiri|Icy Wind|p2a: Flutter Mane\n|-damage|p2a: Flutter Mane|57\/100\n|-unboost|p2a: Flutter Mane|spe|1\n|move|p2a: Flutter Mane|Moonblast|p1b: Tatsugiri\n|-supereffective|p1b: Tatsugiri\n|-damage|p1b: Tatsugiri|0 fnt\n|faint|p1b: Tatsugiri\n|\n|upkeep\n|turn|10\n|\n|t:|1700866602\n|move|p1a: Urshifu|Wicked Blow|p2a: Flutter Mane\n|-crit|p2a: Flutter Mane\n|-damage|p2a: Flutter Mane|0 fnt\n|faint|p2a: Flutter Mane\n|-end|p2a: Flutter Mane|Protosynthesis|[silent]\n|\n|win|xingshen\n|raw|xingshen's rating: 1196 &rarr; <strong>1220<\/strong><br \/>(+24 for winning)\n|raw|ihave_0idea's rating: 1181 &rarr; <strong>1157<\/strong><br \/>(-24 for losing)\n|l|\u2606ihave_0idea\n","uploadtime":1700866610,"views":6,"p1id":"xingshen","p2id":"ihave0idea","formatid":"gen9vgc2023regulatione","rating":1157,"private":0,"password":""}