{"id":"gen9vgc2023regulatione-1991421290","p1":"starkhd","p2":"testingtothetop69","format":"[Gen 9] VGC 2023 Regulation E","log":"|j|\u2606starkhd\n|j|\u2606testingtothetop69\n|t:|1700075702\n|gametype|doubles\n|player|p1|starkhd|1|1415\n|player|p2|testingtothetop69|baker|1303\n|teamsize|p1|6\n|teamsize|p2|6\n|gen|9\n|tier|[Gen 9] VGC 2023 Regulation E\n|rated|\n|rule|Species Clause: Limit one of each Pok\u00e9mon\n|rule|Item Clause: Limit one of each item\n|clearpoke\n|poke|p1|Ninetales-Alola, L50, F|\n|poke|p1|Roaring Moon, L50|\n|poke|p1|Gholdengo, L50|\n|poke|p1|Heatran, L50, F|\n|poke|p1|Iron Hands, L50|\n|poke|p1|Ogerpon-Wellspring, L50, F|\n|poke|p2|Urshifu-*, L50, F|\n|poke|p2|Tornadus, L50, M|\n|poke|p2|Iron Hands, L50|\n|poke|p2|Ursaluna-Bloodmoon, L50, M|\n|poke|p2|Chi-Yu, L50|\n|poke|p2|Oranguru, L50, F|\n|teampreview|4\n|inactive|Battle timer is ON: inactive players will automatically lose when time's up. (requested by starkhd)\n|\n|t:|1700075746\n|start\n|switch|p1a: Gholdengo|Gholdengo, L50, shiny|100\/100\n|switch|p1b: Ogerpon|Ogerpon-Wellspring, L50, F|100\/100\n|switch|p2a: Tornadus|Tornadus, L50, M|100\/100\n|switch|p2b: Ursaluna|Ursaluna-Bloodmoon, L50, M|100\/100\n|turn|1\n|\n|t:|1700075763\n|-terastallize|p2b: Ursaluna|Normal\n|move|p2a: Tornadus|Tailwind|p2a: Tornadus\n|-sidestart|p2: testingtothetop69|move: Tailwind\n|move|p2b: Ursaluna|Hyper Voice|p1b: Ogerpon|[spread] p1a,p1b\n|-resisted|p1a: Gholdengo\n|-damage|p1a: Gholdengo|70\/100\n|-damage|p1b: Ogerpon|46\/100\n|-enditem|p2b: Ursaluna|Throat Spray\n|-boost|p2b: Ursaluna|spa|1|[from] item: Throat Spray\n|move|p1b: Ogerpon|Ivy Cudgel|p2b: Ursaluna|[anim] Ivy Cudgel Water\n|-damage|p2b: Ursaluna|51\/100\n|move|p1a: Gholdengo|Make It Rain|p2b: Ursaluna|[spread] p2a,p2b\n|-crit|p2b: Ursaluna\n|-damage|p2a: Tornadus|1\/100\n|-damage|p2b: Ursaluna|0 fnt\n|-unboost|p1a: Gholdengo|spa|1\n|faint|p2b: Ursaluna\n|\n|upkeep\n|\n|t:|1700075773\n|switch|p2b: Urshifu|Urshifu-Rapid-Strike, L50, F|100\/100\n|turn|2\n|\n|t:|1700075794\n|move|p2b: Urshifu|Surging Strikes|p1a: Gholdengo\n|-crit|p1a: Gholdengo\n|-damage|p1a: Gholdengo|52\/100\n|-crit|p1a: Gholdengo\n|-damage|p1a: Gholdengo|32\/100\n|-crit|p1a: Gholdengo\n|-damage|p1a: Gholdengo|13\/100\n|-hitcount|p1a: Gholdengo|3\n|move|p2a: Tornadus|Bleakwind Storm|p1a: Gholdengo|[spread] p1b\n|-miss|p2a: Tornadus|p1a: Gholdengo\n|-supereffective|p1b: Ogerpon\n|-damage|p1b: Ogerpon|0 fnt\n|faint|p1b: Ogerpon\n|move|p1a: Gholdengo|Make It Rain|p2a: Tornadus|[spread] p2a,p2b\n|-resisted|p2b: Urshifu\n|-damage|p2a: Tornadus|0 fnt\n|-damage|p2b: Urshifu|62\/100\n|-unboost|p1a: Gholdengo|spa|1\n|faint|p2a: Tornadus\n|\n|upkeep\n|\n|t:|1700075810\n|switch|p2a: Iron Hands|Iron Hands, L50|100\/100\n|switch|p1b: Iron Hands|Iron Hands, L50, shiny|100\/100\n|turn|3\n|\n|t:|1700075824\n|move|p2b: Urshifu|Surging Strikes|p1a: Gholdengo\n|-crit|p1a: Gholdengo\n|-damage|p1a: Gholdengo|0 fnt\n|faint|p1a: Gholdengo\n|-hitcount|p1: Gholdengo|1\n|move|p2a: Iron Hands|Swords Dance|p2a: Iron Hands\n|-boost|p2a: Iron Hands|atk|2\n|move|p1b: Iron Hands|Wild Charge|p2b: Urshifu\n|-supereffective|p2b: Urshifu\n|-damage|p2b: Urshifu|0 fnt\n|faint|p2b: Urshifu\n|-damage|p1b: Iron Hands|89\/100|[from] Recoil\n|\n|upkeep\n|\n|t:|1700075834\n|switch|p1a: Roaring Moon|Roaring Moon, L50, shiny|100\/100\n|-enditem|p1a: Roaring Moon|Booster Energy\n|-activate|p1a: Roaring Moon|ability: Protosynthesis|[fromitem]\n|-start|p1a: Roaring Moon|protosynthesisspe\n|turn|4\n|\n|t:|1700075843\n|-terastallize|p1a: Roaring Moon|Poison\n|move|p1a: Roaring Moon|Knock Off|p2a: Iron Hands\n|-resisted|p2a: Iron Hands\n|-damage|p2a: Iron Hands|85\/100\n|-enditem|p2a: Iron Hands|Clear Amulet|[from] move: Knock Off|[of] p1a: Roaring Moon\n|move|p2a: Iron Hands|Ice Punch|p1a: Roaring Moon\n|-damage|p1a: Roaring Moon|45\/100\n|move|p1b: Iron Hands|Drain Punch|p2a: Iron Hands\n|-damage|p2a: Iron Hands|60\/100\n|-heal|p1b: Iron Hands|100\/100|[from] drain|[of] p2a: Iron Hands\n|\n|-sideend|p2: testingtothetop69|move: Tailwind\n|upkeep\n|turn|5\n|\n|t:|1700075855\n|move|p1a: Roaring Moon|Breaking Swipe|p2a: Iron Hands\n|-damage|p2a: Iron Hands|42\/100\n|-unboost|p2a: Iron Hands|atk|1\n|move|p1b: Iron Hands|Drain Punch|p2a: Iron Hands\n|-damage|p2a: Iron Hands|18\/100\n|move|p2a: Iron Hands|Drain Punch|p1b: Iron Hands\n|-damage|p1b: Iron Hands|49\/100\n|-heal|p2a: Iron Hands|42\/100|[from] drain|[of] p1b: Iron Hands\n|\n|upkeep\n|turn|6\n|\n|t:|1700075865\n|move|p1a: Roaring Moon|Breaking Swipe|p2a: Iron Hands\n|-damage|p2a: Iron Hands|23\/100\n|-unboost|p2a: Iron Hands|atk|1\n|move|p1b: Iron Hands|Drain Punch|p2a: Iron Hands\n|-damage|p2a: Iron Hands|0 fnt\n|-heal|p1b: Iron Hands|62\/100|[from] drain|[of] p2a: Iron Hands\n|faint|p2a: Iron Hands\n|-end|p2a: Iron Hands|Quark Drive|[silent]\n|\n|win|starkhd\n|raw|starkhd's rating: 1415 &rarr; <strong>1429<\/strong><br \/>(+14 for winning)\n|raw|testingtothetop69's rating: 1303 &rarr; <strong>1289<\/strong><br \/>(-14 for losing)\n|l|\u2606testingtothetop69\n","uploadtime":1700075881,"views":16,"p1id":"starkhd","p2id":"testingtothetop69","formatid":"gen9vgc2023regulatione","rating":1289,"private":0,"password":""}