{"id":"gen9vgc2023regulatione-1991758021","p1":"kidturtle","p2":"Cranidactyl","format":"[Gen 9] VGC 2023 Regulation E","log":"|j|\u2606kidturtle\n|j|\u2606Cranidactyl\n|t:|1700112110\n|gametype|doubles\n|player|p1|kidturtle|hoopster|\n|player|p2|Cranidactyl|scientist-gen4dp|\n|teamsize|p1|6\n|teamsize|p2|6\n|gen|9\n|tier|[Gen 9] VGC 2023 Regulation E\n|rated|Tournament battle\n|rule|Species Clause: Limit one of each Pok\u00e9mon\n|rule|Item Clause: Limit one of each item\n|clearpoke\n|poke|p1|Landorus-Therian, L50, M|\n|poke|p1|Tornadus, L50, M|\n|poke|p1|Rillaboom, L50, F|\n|poke|p1|Chien-Pao, L50|\n|poke|p1|Urshifu-*, L50, M|\n|poke|p1|Ogerpon-Hearthflame, L50, F|\n|poke|p2|Heatran, L50, M|\n|poke|p2|Amoonguss, L50, M|\n|poke|p2|Bronzong, L50|\n|poke|p2|Roaring Moon, L50|\n|poke|p2|Baxcalibur, L50, M|\n|poke|p2|Regieleki, L50|\n|teampreview|4\n|showteam|p1|Landorus-Therian||ChoiceScarf|Intimidate|StompingTantrum,TeraBlast,Uturn,RockSlide|||M|||50|,,,,,Flying]Tornadus||SitrusBerry|Prankster|BleakwindStorm,Tailwind,ScaryFace,Taunt|||M|||50|,,,,,Ghost]Rillaboom||AssaultVest|GrassySurge|GrassyGlide,WoodHammer,Uturn,FakeOut|||F|||50|,,,,,Fire]Chien-Pao||FocusSash|SwordofRuin|IcicleCrash,SuckerPunch,Crunch,Protect||||||50|,,,,,Dark]Urshifu-Rapid-Strike||MysticWater|UnseenFist|SurgingStrikes,AquaJet,CloseCombat,Protect|||M|||50|,,,,,Water]Ogerpon-Hearthflame||HearthflameMask|MoldBreaker|IvyCudgel,GrassyGlide,HornLeech,SpikyShield|||F|||50|,,,,,Fire\n|showteam|p2|Heatran||Leftovers|FlashFire|HeatWave,FlashCannon,EarthPower,Protect|||M|||50|,,,,,Grass]Amoonguss||SitrusBerry|Regenerator|PollenPuff,Spore,RagePowder,Substitute|||M|||50|,,,,,Electric]Bronzong||MentalHerb|Levitate|GyroBall,RockSlide,TrickRoom,IceSpinner||||||50|,,,,,Water]Roaring Moon||BoosterEnergy|Protosynthesis|Acrobatics,KnockOff,Tailwind,Protect||||||50|,,,,,Flying]Baxcalibur||ClearAmulet|ThermalExchange|IceShard,GlaiveRush,SwordsDance,Protect|||M|||50|,,,,,Poison]Regieleki||FocusSash|Transistor|VoltSwitch,Electroweb,Protect,Thunderbolt||||||50|,,,,,Electric\n|j|%Radio Free C-Side\n|inactive|Battle timer is ON: inactive players will automatically lose when time's up. (requested by kidturtle)\n|j| Flarefox_7\n|j| Juicy_Tanner2\n|c|\u2606kidturtle|broooo\n|c|\u2606kidturtle|this is not my team\n|c| Flarefox_7|unfort\n|inactive|kidturtle has 60 seconds left.\n|inactive|Cranidactyl has 60 seconds left.\n|c| Flarefox_7|it's a good team tho\n|c| Flarefox_7|that team had flutter>pao and it went 14-0 at sac\n|inactive|kidturtle has 30 seconds left.\n|inactive|kidturtle has 20 seconds left.\n|\n|t:|1700112190\n|start\n|switch|p1a: Tornadus|Tornadus, L50, M|100\/100\n|switch|p1b: Landorus|Landorus-Therian, L50, M|100\/100\n|switch|p2a: Regieleki|Regieleki, L50|100\/100\n|switch|p2b: Baxcalibur|Baxcalibur, L50, M, shiny|100\/100\n|-ability|p1b: Landorus|Intimidate|boost\n|-unboost|p2a: Regieleki|atk|1\n|-fail|p2b: Baxcalibur|unboost|[from] item: Clear Amulet|[of] p2b: Baxcalibur\n|turn|1\n|inactive|Cranidactyl has 30 seconds left.\n|\n|t:|1700112218\n|move|p1a: Tornadus|Taunt|p2b: Baxcalibur\n|-start|p2b: Baxcalibur|move: Taunt\n|move|p2a: Regieleki|Volt Switch|p1a: Tornadus\n|-supereffective|p1a: Tornadus\n|-damage|p1a: Tornadus|16\/100\n|-enditem|p1a: Tornadus|Sitrus Berry|[eat]\n|-heal|p1a: Tornadus|40\/100|[from] item: Sitrus Berry\n|\n|t:|1700112235\n|switch|p2a: Amoonguss|Amoonguss, L50, M, shiny|100\/100|[from] Volt Switch\n|move|p1b: Landorus|U-turn|p2b: Baxcalibur\n|-damage|p2b: Baxcalibur|78\/100\n|\n|t:|1700112243\n|switch|p1b: Ogerpon|Ogerpon-Hearthflame, L50, F|100\/100|[from] U-turn\n|-ability|p1b: Ogerpon|Mold Breaker\n|cant|p2b: Baxcalibur|move: Taunt|Swords Dance\n|\n|upkeep\n|turn|2\n|\n|t:|1700112260\n|switch|p2a: Roaring Moon|Roaring Moon, L50, shiny|100\/100\n|-enditem|p2a: Roaring Moon|Booster Energy\n|-activate|p2a: Roaring Moon|ability: Protosynthesis|[fromitem]\n|-start|p2a: Roaring Moon|protosynthesisatk\n|move|p1b: Ogerpon|Ivy Cudgel|p2a: Roaring Moon|[anim] Ivy Cudgel Fire\n|-resisted|p2a: Roaring Moon\n|-damage|p2a: Roaring Moon|56\/100\n|move|p1a: Tornadus|Bleakwind Storm|p2a: Roaring Moon|[spread] p2a,p2b\n|-damage|p2a: Roaring Moon|24\/100\n|-damage|p2b: Baxcalibur|51\/100\n|move|p2b: Baxcalibur|Glaive Rush|p1b: Ogerpon\n|-damage|p1b: Ogerpon|7\/100\n|-singlemove|p2b: Baxcalibur|Glaive Rush|[silent]\n|\n|upkeep\n|turn|3\n|inactive|kidturtle has 30 seconds left.\n|inactive|Cranidactyl has 30 seconds left.\n|\n|t:|1700112293\n|switch|p1b: Landorus|Landorus-Therian, L50, M|100\/100\n|-ability|p1b: Landorus|Intimidate|boost\n|-unboost|p2a: Roaring Moon|atk|1\n|-fail|p2b: Baxcalibur|unboost|[from] item: Clear Amulet|[of] p2b: Baxcalibur\n|move|p2a: Roaring Moon|Protect|p2a: Roaring Moon\n|-singleturn|p2a: Roaring Moon|Protect\n|move|p1a: Tornadus|Tailwind|p1a: Tornadus\n|-sidestart|p1: kidturtle|move: Tailwind\n|move|p2b: Baxcalibur|Ice Shard|p1a: Tornadus\n|-supereffective|p1a: Tornadus\n|-damage|p1a: Tornadus|0 fnt\n|faint|p1a: Tornadus\n|\n|-end|p2b: Baxcalibur|move: Taunt\n|upkeep\n|\n|t:|1700112304\n|switch|p1a: Chien-Pao|Chien-Pao, L50|100\/100\n|-ability|p1a: Chien-Pao|Sword of Ruin\n|turn|4\n|\n|t:|1700112324\n|move|p2b: Baxcalibur|Ice Shard|p1b: Landorus\n|-supereffective|p1b: Landorus\n|-damage|p1b: Landorus|0 fnt\n|faint|p1b: Landorus\n|move|p1a: Chien-Pao|Icicle Crash|p2a: Roaring Moon\n|-supereffective|p2a: Roaring Moon\n|-damage|p2a: Roaring Moon|0 fnt\n|faint|p2a: Roaring Moon\n|-end|p2a: Roaring Moon|Protosynthesis|[silent]\n|\n|upkeep\n|\n|t:|1700112337\n|switch|p2a: Regieleki|Regieleki, L50|100\/100\n|switch|p1b: Ogerpon|Ogerpon-Hearthflame, L50, F|7\/100\n|-ability|p1b: Ogerpon|Mold Breaker\n|turn|5\n|\n|t:|1700112353\n|-terastallize|p1a: Chien-Pao|Dark\n|move|p1b: Ogerpon|Spiky Shield|p1b: Ogerpon\n|-singleturn|p1b: Ogerpon|move: Protect\n|move|p2b: Baxcalibur|Ice Shard|p1b: Ogerpon\n|-activate|p1b: Ogerpon|move: Protect\n|move|p1a: Chien-Pao|Crunch|p2b: Baxcalibur\n|-damage|p2b: Baxcalibur|0 fnt\n|faint|p2b: Baxcalibur\n|move|p2a: Regieleki|Electroweb|p1a: Chien-Pao|[spread] p1a\n|-activate|p1b: Ogerpon|move: Protect\n|-damage|p1a: Chien-Pao|62\/100\n|-unboost|p1a: Chien-Pao|spe|1\n|\n|upkeep\n|\n|t:|1700112367\n|switch|p2b: Amoonguss|Amoonguss, L50, M, shiny|100\/100\n|turn|6\n|inactive|kidturtle has 30 seconds left.\n|inactive|Cranidactyl has 30 seconds left.\n|\n|t:|1700112397\n|-terastallize|p2b: Amoonguss|Electric\n|move|p2b: Amoonguss|Rage Powder|p2b: Amoonguss\n|-singleturn|p2b: Amoonguss|move: Rage Powder\n|move|p1b: Ogerpon|Horn Leech|p2a: Regieleki\n|-enditem|p2a: Regieleki|Focus Sash\n|-damage|p2a: Regieleki|1\/100\n|-heal|p1b: Ogerpon|57\/100|[from] drain|[of] p2a: Regieleki\n|move|p2a: Regieleki|Thunderbolt|p1b: Ogerpon\n|-resisted|p1b: Ogerpon\n|-damage|p1b: Ogerpon|28\/100\n|-status|p1b: Ogerpon|par\n|move|p1a: Chien-Pao|Icicle Crash|p2b: Amoonguss\n|-damage|p2b: Amoonguss|56\/100\n|\n|-sideend|p1: kidturtle|move: Tailwind\n|upkeep\n|turn|7\n|inactive|kidturtle has 30 seconds left.\n|inactive|Cranidactyl has 30 seconds left.\n|inactive|Cranidactyl has 20 seconds left.\n|\n|t:|1700112433\n|move|p2a: Regieleki|Protect|p2a: Regieleki\n|-singleturn|p2a: Regieleki|Protect\n|move|p1a: Chien-Pao|Icicle Crash|p2b: Amoonguss\n|-damage|p2b: Amoonguss|6\/100\n|-enditem|p2b: Amoonguss|Sitrus Berry|[eat]\n|-heal|p2b: Amoonguss|31\/100|[from] item: Sitrus Berry\n|cant|p1b: Ogerpon|par\n|move|p2b: Amoonguss|Spore|p1a: Chien-Pao\n|-status|p1a: Chien-Pao|slp|[from] move: Spore\n|\n|upkeep\n|turn|8\n|l|%Radio Free C-Side\n|\n|t:|1700112453\n|move|p2a: Regieleki|Thunderbolt|p1b: Ogerpon\n|-resisted|p1b: Ogerpon\n|-damage|p1b: Ogerpon|0 fnt\n|faint|p1b: Ogerpon\n|cant|p1a: Chien-Pao|slp\n|move|p2b: Amoonguss|Substitute|p2b: Amoonguss\n|-start|p2b: Amoonguss|Substitute\n|-damage|p2b: Amoonguss|6\/100\n|\n|upkeep\n|turn|9\n|c|\u2606kidturtle|wow\n|inactive|Cranidactyl has 30 seconds left.\n|\n|t:|1700112479\n|move|p2a: Regieleki|Thunderbolt|p1a: Chien-Pao\n|-damage|p1a: Chien-Pao|0 fnt\n|faint|p1a: Chien-Pao\n|\n|win|Cranidactyl\n|n|\u2606kidturtle|kidturtle\n|n|\u2606Cranidactyl|cranidactyl\n|n| Flarefox_7|flarefox7\n|n| Juicy_Tanner2|juicytanner2\n","uploadtime":1700112480,"views":21,"p1id":"kidturtle","p2id":"cranidactyl","formatid":"gen9vgc2023regulatione","rating":0,"private":0,"password":""}