{"id":"gen9vgc2023regulatione-1991547856","p1":"Aid699","p2":"Joull","format":"[Gen 9] VGC 2023 Regulation E","log":"|j|\u2606Aid699\n|j|\u2606Joull\n|t:|1700087173\n|gametype|doubles\n|player|p1|Aid699|170|1000\n|player|p2|Joull|psychic-gen2|1000\n|teamsize|p1|6\n|teamsize|p2|6\n|gen|9\n|tier|[Gen 9] VGC 2023 Regulation E\n|rated|\n|rule|Species Clause: Limit one of each Pok\u00e9mon\n|rule|Item Clause: Limit one of each item\n|clearpoke\n|poke|p1|Talonflame, L50, F|\n|poke|p1|Ogerpon-Wellspring, L50, F|\n|poke|p1|Iron Hands, L50|\n|poke|p1|Kingambit, L50, M|\n|poke|p1|Flutter Mane, L50|\n|poke|p1|Landorus-Therian, L50, M|\n|poke|p2|Arcanine-Hisui, L50, M|\n|poke|p2|Rillaboom, L50, M|\n|poke|p2|Flutter Mane, L50|\n|poke|p2|Urshifu-*, L50, M|\n|poke|p2|Pachirisu, L50, F|\n|poke|p2|Hydreigon, L50, F|\n|teampreview|4\nJoull rejected open team sheets.\n|inactive|Battle timer is ON: inactive players will automatically lose when time's up. (requested by Joull)\n|\n|t:|1700087201\n|start\n|switch|p1a: MYBird|Talonflame, L50, F|100\/100\n|switch|p1b: Oger the pon|Ogerpon-Wellspring, L50, F|100\/100\n|switch|p2a: Pachirisu|Pachirisu, L50, F, shiny|100\/100\n|switch|p2b: Hydreigon|Hydreigon, L50, F, shiny|100\/100\n|turn|1\n|\n|t:|1700087224\n|move|p1b: Oger the pon|Spiky Shield|p1b: Oger the pon\n|-singleturn|p1b: Oger the pon|move: Protect\n|move|p2b: Hydreigon|Tailwind|p2b: Hydreigon\n|-sidestart|p2: Joull|move: Tailwind\n|move|p2a: Pachirisu|Nuzzle|p1b: Oger the pon\n|-activate|p1b: Oger the pon|move: Protect\n|-damage|p2a: Pachirisu|89\/100|[from] Spiky Shield|[of] p1b: Oger the pon\n|move|p1a: MYBird|U-turn|p2a: Pachirisu\n|-damage|p2a: Pachirisu|66\/100\n|\n|t:|1700087235\n|switch|p1a: Flutter Mane|Flutter Mane, L50|100\/100|[from] U-turn\n|-enditem|p1a: Flutter Mane|Booster Energy\n|-activate|p1a: Flutter Mane|ability: Protosynthesis|[fromitem]\n|-start|p1a: Flutter Mane|protosynthesisspe\n|\n|upkeep\n|turn|2\n|\n|t:|1700087252\n|switch|p2b: Rillaboom|Rillaboom, L50, M|100\/100\n|-fieldstart|move: Grassy Terrain|[from] ability: Grassy Surge|[of] p2b: Rillaboom\n|move|p2a: Pachirisu|Nuzzle|p1a: Flutter Mane\n|-damage|p1a: Flutter Mane|93\/100\n|-status|p1a: Flutter Mane|par\n|move|p1b: Oger the pon|Wood Hammer|p2a: Pachirisu\n|-damage|p2a: Pachirisu|0 fnt\n|faint|p2a: Pachirisu\n|-damage|p1b: Oger the pon|78\/100|[from] Recoil\n|move|p1a: Flutter Mane|Moonblast|p2b: Rillaboom\n|-damage|p2b: Rillaboom|55\/100\n|\n|-heal|p2b: Rillaboom|61\/100|[from] Grassy Terrain\n|-heal|p1b: Oger the pon|84\/100|[from] Grassy Terrain\n|-heal|p1a: Flutter Mane|99\/100 par|[from] Grassy Terrain\n|upkeep\n|inactive|Joull has 30 seconds left.\n|\n|t:|1700087283\n|switch|p2a: Urshifu|Urshifu-Rapid-Strike, L50, M|100\/100\n|turn|3\n|\n|t:|1700087299\n|switch|p1b: Kingambit|Kingambit, L50, M|100\/100\n|-terastallize|p2a: Urshifu|Water\n|move|p2b: Rillaboom|Fake Out|p1b: Kingambit\n|-resisted|p1b: Kingambit\n|-damage|p1b: Kingambit|95\/100\n|move|p2a: Urshifu|Surging Strikes|p1a: Flutter Mane\n|-crit|p1a: Flutter Mane\n|-damage|p1a: Flutter Mane|24\/100 par\n|-crit|p1a: Flutter Mane\n|-damage|p1a: Flutter Mane|0 fnt\n|faint|p1a: Flutter Mane\n|-end|p1a: Flutter Mane|Protosynthesis|[silent]\n|-hitcount|p1: Flutter Mane|2\n|\n|-heal|p2b: Rillaboom|67\/100|[from] Grassy Terrain\n|-heal|p1b: Kingambit|100\/100|[from] Grassy Terrain\n|upkeep\n|\n|t:|1700087313\n|switch|p1a: Oger the pon|Ogerpon-Wellspring, L50, F|84\/100\n|turn|4\n|\n|t:|1700087321\n|switch|p2a: Hydreigon|Hydreigon, L50, F, shiny|100\/100\n|move|p2b: Rillaboom|High Horsepower|p1b: Kingambit\n|-supereffective|p1b: Kingambit\n|-damage|p1b: Kingambit|50\/100\n|move|p1a: Oger the pon|Ivy Cudgel|p2b: Rillaboom|[anim] Ivy Cudgel Water\n|-resisted|p2b: Rillaboom\n|-damage|p2b: Rillaboom|37\/100\n|move|p1b: Kingambit|Kowtow Cleave|p2a: Hydreigon\n|-resisted|p2a: Hydreigon\n|-damage|p2a: Hydreigon|72\/100\n|\n|-heal|p2b: Rillaboom|43\/100|[from] Grassy Terrain\n|-heal|p1a: Oger the pon|91\/100|[from] Grassy Terrain\n|-heal|p1b: Kingambit|56\/100|[from] Grassy Terrain\n|-heal|p1b: Kingambit|62\/100|[from] item: Leftovers\n|-sideend|p2: Joull|move: Tailwind\n|upkeep\n|turn|5\n|inactive|Aid699 has 30 seconds left.\n|\n|t:|1700087347\n|-terastallize|p1a: Oger the pon|Water\n|detailschange|p1a: Oger the pon|Ogerpon-Wellspring-Tera, L50, F, tera:Water\n|-ability|p1a: Oger the pon|Embody Aspect (Wellspring)|boost\n|-boost|p1a: Oger the pon|spd|1\n|move|p2a: Hydreigon|Earth Power|p1b: Kingambit\n|-supereffective|p1b: Kingambit\n|-damage|p1b: Kingambit|0 fnt\n|faint|p1b: Kingambit\n|-end|p1b: Kingambit|fallenundefined|[silent]\n|move|p1a: Oger the pon|Ivy Cudgel|p2a: Hydreigon|[anim] Ivy Cudgel Water\n|-resisted|p2a: Hydreigon\n|-damage|p2a: Hydreigon|30\/100\n|move|p2b: Rillaboom|Wood Hammer|p1a: Oger the pon\n|-supereffective|p1a: Oger the pon\n|-damage|p1a: Oger the pon|0 fnt\n|faint|p1a: Oger the pon\n|-damage|p2b: Rillaboom|17\/100|[from] Recoil\n|\n|-heal|p2b: Rillaboom|23\/100|[from] Grassy Terrain\n|upkeep\n|-message|Aid699 forfeited.\n|\n|win|Joull\n|raw|Aid699's rating: 1000 &rarr; <strong>1000<\/strong><br \/>(+0 for losing)\n|raw|Joull's rating: 1000 &rarr; <strong>1040<\/strong><br \/>(+40 for winning)\n|l|\u2606Aid699\n","uploadtime":1700087370,"views":9,"p1id":"aid699","p2id":"joull","formatid":"gen9vgc2023regulatione","rating":1000,"private":0,"password":""}