{"id":"gen9vgc2023regulatione-1989633521","p1":"Charazardx","p2":"Zaypher","format":"[Gen 9] VGC 2023 Regulation E","log":"|j|\u2606Charazardx\n|j|\u2606Zaypher\n|t:|1699881339\n|gametype|doubles\n|player|p1|Charazardx|red|\n|player|p2|Zaypher|waiter-gen4|\n|teamsize|p1|6\n|teamsize|p2|6\n|gen|9\n|tier|[Gen 9] VGC 2023 Regulation E\n|rule|Species Clause: Limit one of each Pok\u00e9mon\n|rule|Item Clause: Limit one of each item\n|clearpoke\n|poke|p1|Scream Tail, L50|\n|poke|p1|Gothitelle, L50, M|\n|poke|p1|Sinistcha, L50|\n|poke|p1|Politoed, L50, M|\n|poke|p1|Grafaiai, L50, M|\n|poke|p1|Slaking, L50, M|\n|poke|p2|Ducklett, L50, F|\n|poke|p2|Talonflame, L50, M|\n|poke|p2|Maushold-Four, L50|\n|poke|p2|Ursaluna-Bloodmoon, L50, M|\n|poke|p2|Urshifu-*, L50, M|\n|poke|p2|Decidueye, L50, F|\n|teampreview|4\n|inactive|Battle timer is ON: inactive players will automatically lose when time's up. (requested by Charazardx)\n|c|\u2606Zaypher|gl hf!\n|c|\u2606Charazardx|https:\/\/pokepast.es\/bb216b1dd39dc28a\n|c|\u2606Charazardx|you too\n|c|\u2606Zaypher|https:\/\/pokepast.es\/489828deb4bf3cc4\n|inactive|Charazardx has 60 seconds left.\n|inactive|Zaypher has 60 seconds left.\n|j| JabsGR\n|c|\u2606Zaypher|you fine with spectators?\n|inactive|Charazardx has 30 seconds left.\n|inactive|Zaypher has 30 seconds left.\n|c|\u2606Charazardx|yes\n|inactive|Charazardx has 20 seconds left.\n|inactive|Zaypher has 20 seconds left.\n|c|\u2606Zaypher|oki\n|inactive|Charazardx has 15 seconds left.\n|inactive|Zaypher has 15 seconds left.\n|c| JabsGR|good luck to both\n|inactive|Zaypher has 10 seconds left.\n|inactive|Zaypher has 5 seconds left.\n|\n|t:|1699881426\n|start\n|switch|p1a: Grafaiai|Grafaiai, L50, M, shiny|100\/100\n|switch|p1b: Slaking|Slaking, L50, M, shiny|100\/100\n|switch|p2a: Tucked|Talonflame, L50, M, shiny|100\/100\n|switch|p2b: Never Really Over|Urshifu, L50, M|100\/100\n|turn|1\n|\n|t:|1699881444\n|move|p2a: Tucked|Tailwind|p2a: Tucked\n|-sidestart|p2: Zaypher|move: Tailwind\n|move|p1a: Grafaiai|Doodle|p2a: Tucked\n|-endability|p1a: Grafaiai|Prankster|[from] move: Doodle\n|-ability|p1a: Grafaiai|Gale Wings|[from] move: Doodle\n|-endability|p1b: Slaking|Truant|[from] move: Doodle\n|-ability|p1b: Slaking|Gale Wings|[from] move: Doodle\n|move|p2b: Never Really Over|Close Combat|p1b: Slaking\n|-supereffective|p1b: Slaking\n|-damage|p1b: Slaking|21\/100\n|-unboost|p2b: Never Really Over|def|1\n|-unboost|p2b: Never Really Over|spd|1\n|move|p1b: Slaking|Play Rough|p2b: Never Really Over\n|-supereffective|p2b: Never Really Over\n|-damage|p2b: Never Really Over|0 fnt\n|faint|p2b: Never Really Over\n|-damage|p1b: Slaking|12\/100|[from] item: Life Orb\n|\n|upkeep\n|\n|t:|1699881459\n|switch|p2b: Only Love|Maushold-Four, L50|100\/100\n|turn|2\n|\n|t:|1699881469\n|move|p1b: Slaking|Protect|p1b: Slaking\n|-singleturn|p1b: Slaking|Protect\n|move|p2a: Tucked|Brave Bird|p1b: Slaking\n|-activate|p1b: Slaking|move: Protect\n|move|p2b: Only Love|Population Bomb|p1a: Grafaiai\n|-damage|p1a: Grafaiai|84\/100\n|-damage|p1a: Grafaiai|68\/100\n|-damage|p1a: Grafaiai|51\/100\n|-damage|p1a: Grafaiai|34\/100\n|-damage|p1a: Grafaiai|16\/100\n|-damage|p1a: Grafaiai|0 fnt\n|faint|p1a: Grafaiai\n|-hitcount|p1: Grafaiai|6\n|\n|upkeep\n|\n|t:|1699881486\n|switch|p1a: Sinistcha|Sinistcha, L50|100\/100\n|-heal|p1b: Slaking|36\/100|[from] ability: Hospitality|[of] p1a: Sinistcha\n|turn|3\n|inactive|Charazardx has 30 seconds left.\n|\n|t:|1699881522\n|move|p1a: Sinistcha|Rage Powder|p1a: Sinistcha\n|-singleturn|p1a: Sinistcha|move: Rage Powder\n|move|p2a: Tucked|Brave Bird|p1a: Sinistcha\n|-supereffective|p1a: Sinistcha\n|-damage|p1a: Sinistcha|28\/100\n|-damage|p2a: Tucked|77\/100|[from] Recoil\n|move|p2b: Only Love|Population Bomb|p1a: Sinistcha\n|-immune|p1a: Sinistcha\n|move|p1b: Slaking|Drain Punch|p2b: Only Love\n|-supereffective|p2b: Only Love\n|-damage|p2b: Only Love|0 fnt\n|-heal|p1b: Slaking|67\/100|[from] drain|[of] p2b: Only Love\n|faint|p2b: Only Love\n|-damage|p1b: Slaking|57\/100|[from] item: Life Orb\n|\n|upkeep\n|\n|t:|1699881528\n|switch|p2b: Daisies|Decidueye, L50, F, shiny|100\/100\n|turn|4\n|\n|t:|1699881551\n|move|p1a: Sinistcha|Rage Powder|p1a: Sinistcha\n|-singleturn|p1a: Sinistcha|move: Rage Powder\n|move|p2a: Tucked|Brave Bird|p1a: Sinistcha\n|-supereffective|p1a: Sinistcha\n|-crit|p1a: Sinistcha\n|-damage|p1a: Sinistcha|0 fnt\n|faint|p1a: Sinistcha\n|-damage|p2a: Tucked|68\/100|[from] Recoil\n|move|p2b: Daisies|Swords Dance|p2b: Daisies\n|-boost|p2b: Daisies|atk|2\n|move|p1b: Slaking|Play Rough|p2b: Daisies\n|-damage|p2b: Daisies|52\/100\n|-damage|p1b: Slaking|47\/100|[from] item: Life Orb\n|\n|-sideend|p2: Zaypher|move: Tailwind\n|upkeep\n|\n|t:|1699881564\n|switch|p1a: Gothitelle|Gothitelle, L50, M, shiny|100\/100\n|turn|5\n|\n|t:|1699881576\n|-terastallize|p1a: Gothitelle|Steel\n|move|p1a: Gothitelle|Fake Out|p2a: Tucked\n|-damage|p2a: Tucked|61\/100\n|move|p2a: Tucked|Brave Bird|p1b: Slaking\n|-damage|p1b: Slaking|18\/100\n|-damage|p2a: Tucked|47\/100|[from] Recoil\n|move|p1b: Slaking|Facade|p2a: Tucked\n|-damage|p2a: Tucked|0 fnt\n|faint|p2a: Tucked\n|-damage|p1b: Slaking|8\/100|[from] item: Life Orb\n|move|p2b: Daisies|Leaf Blade|p1b: Slaking\n|-damage|p1b: Slaking|0 fnt\n|faint|p1b: Slaking\n|-damage|p2b: Daisies|42\/100|[from] item: Life Orb\n|\n|upkeep\n|turn|6\n|\n|t:|1699881590\n|-terastallize|p2b: Daisies|Ghost\n|move|p2b: Daisies|Spirit Shackle|p1a: Gothitelle\n|-damage|p1a: Gothitelle|0 fnt\n|faint|p1a: Gothitelle\n|-damage|p2b: Daisies|32\/100|[from] item: Life Orb\n|\n|win|Zaypher\n|c|\u2606Zaypher|gg\n|c|\u2606Charazardx|gg\n|l| JabsGR\n","uploadtime":1699881605,"views":47,"p1id":"charazardx","p2id":"zaypher","formatid":"gen9vgc2023regulatione","rating":0,"private":0,"password":""}