{"id":"gen9vgc2023regulatione-1999689648","p1":"taco_bowl_mx","p2":"MANUQUIN","format":"[Gen 9] VGC 2023 Regulation E","log":"|j|\u2606taco_bowl_mx\n|j|\u2606MANUQUIN\n|t:|1701108061\n|gametype|doubles\n|player|p1|taco_bowl_mx|dawn-gen4pt|1313\n|player|p2|MANUQUIN|265|1252\n|teamsize|p1|6\n|teamsize|p2|6\n|gen|9\n|tier|[Gen 9] VGC 2023 Regulation E\n|rated|\n|rule|Species Clause: Limit one of each Pok\u00e9mon\n|rule|Item Clause: Limit one of each item\n|clearpoke\n|poke|p1|Urshifu-*, L50, F|\n|poke|p1|Heatran, L50, F|\n|poke|p1|Amoonguss, L50, M|\n|poke|p1|Flutter Mane, L50|\n|poke|p1|Tornadus, L50, M|\n|poke|p1|Iron Hands, L50|\n|poke|p2|Dondozo, L50, M|\n|poke|p2|Tatsugiri, L50, F|\n|poke|p2|Abomasnow, L50, F|\n|poke|p2|Garganacl, L50, M|\n|poke|p2|Flamigo, L50, M|\n|poke|p2|Amoonguss, L50, M|\n|teampreview|4\n|inactive|Battle timer is ON: inactive players will automatically lose when time's up. (requested by MANUQUIN)\ntaco_bowl_mx has agreed to open team sheets.\n|inactive|MANUQUIN has 60 seconds left.\n|inactive|MANUQUIN has 30 seconds left.\n|inactive|MANUQUIN has 20 seconds left.\n|inactive|MANUQUIN has 15 seconds left.\n|inactive|MANUQUIN has 10 seconds left.\n|inactive|MANUQUIN has 5 seconds left.\n|\n|t:|1701108151\n|start\n|switch|p1a: Tornadus|Tornadus, L50, M|100\/100\n|switch|p1b: Urshifu|Urshifu-Rapid-Strike, L50, F|100\/100\n|switch|p2a: Dondozo|Dondozo, L50, M|100\/100\n|switch|p2b: Tatsugiri|Tatsugiri, L50, F|100\/100\n|-activate|p2b: Tatsugiri|ability: Commander|[of] p2a: Dondozo\n|-boost|p2a: Dondozo|atk|2\n|-boost|p2a: Dondozo|spa|2\n|-boost|p2a: Dondozo|spe|2\n|-boost|p2a: Dondozo|def|2\n|-boost|p2a: Dondozo|spd|2\n|turn|1\n|inactive|MANUQUIN has 30 seconds left.\n|inactive|MANUQUIN has 20 seconds left.\n|inactive|MANUQUIN has 15 seconds left.\n|inactive|MANUQUIN has 10 seconds left.\n|inactive|MANUQUIN has 5 seconds left.\n|\n|t:|1701108206\n|switch|p1b: Amoonguss|Amoonguss, L50, M|100\/100\n|move|p1a: Tornadus|Tailwind|p1a: Tornadus\n|-sidestart|p1: taco_bowl_mx|move: Tailwind\n|move|p2a: Dondozo|Earthquake|p1b: Amoonguss|[spread] p1b\n|-miss|p2a: Dondozo|p2b: Tatsugiri\n|-immune|p1a: Tornadus\n|-damage|p1b: Amoonguss|63\/100\n|\n|-status|p2b: Tatsugiri|tox|[from] item: Toxic Orb\n|upkeep\n|turn|2\n|inactive|taco_bowl_mx has 30 seconds left.\n|inactive|MANUQUIN has 30 seconds left.\n|inactive|taco_bowl_mx has 20 seconds left.\n|inactive|MANUQUIN has 20 seconds left.\n|inactive|taco_bowl_mx has 15 seconds left.\n|inactive|MANUQUIN has 15 seconds left.\n|inactive|taco_bowl_mx has 10 seconds left.\n|inactive|MANUQUIN has 10 seconds left.\n|inactive|taco_bowl_mx has 5 seconds left.\n|inactive|MANUQUIN has 5 seconds left.\n|\n|t:|1701108261\n|move|p1a: Tornadus|Rain Dance|p1a: Tornadus\n|-weather|RainDance\n|move|p2a: Dondozo|Earthquake|p1a: Tornadus|[spread] p1b\n|-miss|p2a: Dondozo|p2b: Tatsugiri\n|-immune|p1a: Tornadus\n|-damage|p1b: Amoonguss|29\/100\n|-enditem|p1b: Amoonguss|Sitrus Berry|[eat]\n|-heal|p1b: Amoonguss|54\/100|[from] item: Sitrus Berry\n|move|p1b: Amoonguss|Pollen Puff|p2a: Dondozo\n|-damage|p2a: Dondozo|94\/100\n|\n|-weather|RainDance|[upkeep]\n|-damage|p2b: Tatsugiri|95\/100 tox|[from] psn\n|upkeep\n|turn|3\n|inactive|MANUQUIN has 30 seconds left.\n|inactive|MANUQUIN has 20 seconds left.\n|inactive|MANUQUIN has 15 seconds left.\n|inactive|MANUQUIN has 10 seconds left.\n|inactive|MANUQUIN has 5 seconds left.\n|\n|t:|1701108316\n|move|p1b: Amoonguss|Protect|p1b: Amoonguss\n|-singleturn|p1b: Amoonguss|Protect\n|move|p1a: Tornadus|Bleakwind Storm|p2a: Dondozo|[spread] p2a\n|-miss|p1a: Tornadus|p2b: Tatsugiri\n|-damage|p2a: Dondozo|83\/100\n|move|p2a: Dondozo|Earthquake|p1b: Amoonguss|[spread] \n|-miss|p2a: Dondozo|p2b: Tatsugiri\n|-activate|p1b: Amoonguss|move: Protect\n|-immune|p1a: Tornadus\n|\n|-weather|RainDance|[upkeep]\n|-damage|p2b: Tatsugiri|84\/100 tox|[from] psn\n|upkeep\n|turn|4\n|inactive|MANUQUIN has 30 seconds left.\n|inactive|MANUQUIN has 20 seconds left.\n|inactive|MANUQUIN has 15 seconds left.\n|inactive|MANUQUIN has 10 seconds left.\n|inactive|MANUQUIN has 5 seconds left.\n|\n|t:|1701108371\n|move|p1a: Tornadus|Bleakwind Storm|p2a: Dondozo|[spread] p2a\n|-miss|p1a: Tornadus|p2b: Tatsugiri\n|-damage|p2a: Dondozo|74\/100\n|move|p2a: Dondozo|Earthquake|p1a: Tornadus|[spread] p1b\n|-miss|p2a: Dondozo|p2b: Tatsugiri\n|-immune|p1a: Tornadus\n|-damage|p1b: Amoonguss|17\/100\n|move|p1b: Amoonguss|Pollen Puff|p2a: Dondozo\n|-damage|p2a: Dondozo|68\/100\n|\n|-weather|RainDance|[upkeep]\n|-damage|p2b: Tatsugiri|67\/100 tox|[from] psn\n|-sideend|p1: taco_bowl_mx|move: Tailwind\n|upkeep\n|turn|5\n|inactive|MANUQUIN has 30 seconds left.\n|inactive|MANUQUIN has 20 seconds left.\n|inactive|MANUQUIN has 15 seconds left.\n|inactive|MANUQUIN has 10 seconds left.\n|inactive|MANUQUIN has 5 seconds left.\n|\n|t:|1701108426\n|switch|p1b: Urshifu|Urshifu-Rapid-Strike, L50, F|100\/100\n|move|p1a: Tornadus|Bleakwind Storm|p2b: Tatsugiri|[spread] p2a\n|-miss|p1a: Tornadus|p2b: Tatsugiri\n|-damage|p2a: Dondozo|58\/100\n|-unboost|p2a: Dondozo|spe|1\n|move|p2a: Dondozo|Earthquake|p1a: Tornadus|[spread] p1b\n|-miss|p2a: Dondozo|p2b: Tatsugiri\n|-immune|p1a: Tornadus\n|-damage|p1b: Urshifu|63\/100\n|\n|-weather|RainDance|[upkeep]\n|-damage|p2b: Tatsugiri|45\/100 tox|[from] psn\n|upkeep\n|turn|6\n|inactive|taco_bowl_mx has 30 seconds left.\n|\n|t:|1701108460\n|switch|p1b: Amoonguss|Amoonguss, L50, M|50\/100\n|move|p1a: Tornadus|Bleakwind Storm|p2a: Dondozo|[spread] p2a\n|-miss|p1a: Tornadus|p2b: Tatsugiri\n|-damage|p2a: Dondozo|47\/100\n|-unboost|p2a: Dondozo|spe|1\n|move|p2a: Dondozo|Order Up|p1b: Amoonguss\n|-damage|p1b: Amoonguss|14\/100\n|-boost|p2a: Dondozo|atk|1\n|\n|-weather|none\n|-damage|p2b: Tatsugiri|17\/100 tox|[from] psn\n|upkeep\n|turn|7\n|inactive|MANUQUIN has 30 seconds left.\n|inactive|MANUQUIN has 20 seconds left.\n|inactive|MANUQUIN has 15 seconds left.\n|inactive|MANUQUIN has 10 seconds left.\n|inactive|MANUQUIN has 5 seconds left.\n|\n|t:|1701108510\n|move|p1b: Amoonguss|Protect|p1b: Amoonguss\n|-singleturn|p1b: Amoonguss|Protect\n|move|p1a: Tornadus|Tailwind|p1a: Tornadus\n|-sidestart|p1: taco_bowl_mx|move: Tailwind\n|move|p2a: Dondozo|Order Up|p1b: Amoonguss\n|-activate|p1b: Amoonguss|move: Protect\n|\n|-damage|p2b: Tatsugiri|0 fnt|[from] psn\n|faint|p2b: Tatsugiri\n|upkeep\n|\n|t:|1701108516\n|switch|p2b: Abomasnow|Abomasnow, L50, F|100\/100\n|-weather|Snow|[from] ability: Snow Warning|[of] p2b: Abomasnow\n|turn|8\n|\n|t:|1701108531\n|move|p1b: Amoonguss|Rage Powder|p1b: Amoonguss\n|-singleturn|p1b: Amoonguss|move: Rage Powder\n|move|p1a: Tornadus|Rain Dance|p1a: Tornadus\n|-weather|RainDance\n|move|p2b: Abomasnow|Blizzard|p1b: Amoonguss|[spread] p1a,p1b\n|-supereffective|p1a: Tornadus\n|-supereffective|p1b: Amoonguss\n|-damage|p1a: Tornadus|41\/100\n|-damage|p1b: Amoonguss|0 fnt\n|faint|p1b: Amoonguss\n|move|p2a: Dondozo|Order Up|p1a: Tornadus\n|-damage|p1a: Tornadus|0 fnt\n|faint|p1a: Tornadus\n|-boost|p2a: Dondozo|atk|1\n|\n|-weather|RainDance|[upkeep]\n|upkeep\n|\n|t:|1701108543\n|switch|p1a: Urshifu|Urshifu-Rapid-Strike, L50, F|63\/100\n|switch|p1b: Heatran|Heatran, L50, F|100\/100\n|turn|9\n|inactive|taco_bowl_mx has 30 seconds left.\n|\n|t:|1701108573\n|-terastallize|p1b: Heatran|Grass\n|move|p1a: Urshifu|Surging Strikes|p2a: Dondozo\n|-resisted|p2a: Dondozo\n|-crit|p2a: Dondozo\n|-damage|p2a: Dondozo|38\/100\n|-resisted|p2a: Dondozo\n|-crit|p2a: Dondozo\n|-damage|p2a: Dondozo|29\/100\n|-resisted|p2a: Dondozo\n|-crit|p2a: Dondozo\n|-damage|p2a: Dondozo|21\/100\n|-hitcount|p2a: Dondozo|3\n|move|p1b: Heatran|Heat Wave|p2a: Dondozo|[spread] p2a,p2b\n|-resisted|p2a: Dondozo\n|-supereffective|p2b: Abomasnow\n|-damage|p2a: Dondozo|18\/100\n|-damage|p2b: Abomasnow|38\/100\n|move|p2b: Abomasnow|Giga Drain|p1a: Urshifu\n|-supereffective|p1a: Urshifu\n|-damage|p1a: Urshifu|0 fnt\n|-heal|p2b: Abomasnow|69\/100|[from] drain|[of] p1a: Urshifu\n|faint|p1a: Urshifu\n|move|p2a: Dondozo|Earthquake|p1b: Heatran|[spread] p2b,p1b\n|-resisted|p2b: Abomasnow\n|-resisted|p1b: Heatran\n|-crit|p1b: Heatran\n|-damage|p2b: Abomasnow|32\/100\n|-damage|p1b: Heatran|59\/100\n|\n|-weather|RainDance|[upkeep]\n|-heal|p1b: Heatran|66\/100|[from] item: Leftovers\n|-heal|p2b: Abomasnow|38\/100|[from] item: Leftovers\n|upkeep\n|turn|10\n|inactive|MANUQUIN has 30 seconds left.\n|inactive|MANUQUIN has 20 seconds left.\n|inactive|MANUQUIN has 15 seconds left.\n|inactive|MANUQUIN has 10 seconds left.\n|inactive|MANUQUIN has 5 seconds left.\n|\n|t:|1701108628\n|move|p2b: Abomasnow|Protect|p2b: Abomasnow\n|-singleturn|p2b: Abomasnow|Protect\n|move|p1b: Heatran|Heat Wave|p2a: Dondozo|[spread] p2a\n|-activate|p2b: Abomasnow|move: Protect\n|-resisted|p2a: Dondozo\n|-damage|p2a: Dondozo|16\/100\n|move|p2a: Dondozo|Earthquake|p1b: Heatran|[spread] p1b\n|-activate|p2b: Abomasnow|move: Protect\n|-resisted|p1b: Heatran\n|-damage|p1b: Heatran|36\/100\n|\n|-weather|RainDance|[upkeep]\n|-heal|p1b: Heatran|42\/100|[from] item: Leftovers\n|-heal|p2b: Abomasnow|44\/100|[from] item: Leftovers\n|-sideend|p1: taco_bowl_mx|move: Tailwind\n|upkeep\n|turn|11\n|inactive|MANUQUIN has 5 seconds left this turn.\n|-message|MANUQUIN lost due to inactivity.\n|\n|win|taco_bowl_mx\n|raw|taco_bowl_mx's rating: 1313 &rarr; <strong>1330<\/strong><br \/>(+17 for winning)\n|raw|MANUQUIN's rating: 1252 &rarr; <strong>1231<\/strong><br \/>(-21 for losing)\n|l|\u2606MANUQUIN\n","uploadtime":1701108649,"views":1,"p1id":"tacobowlmx","p2id":"manuquin","formatid":"gen9vgc2023regulatione","rating":1231,"private":0,"password":""}