{"id":"gen9vgc2023regulatione-1994339012","p1":"kakdaddy","p2":"cocomolaco","format":"[Gen 9] VGC 2023 Regulation E","log":"|j|\u2606kakdaddy\n|j|\u2606cocomolaco\n|t:|1700432749\n|gametype|doubles\n|player|p1|kakdaddy|169|1374\n|player|p2|cocomolaco|169|1260\n|teamsize|p1|6\n|teamsize|p2|6\n|gen|9\n|tier|[Gen 9] VGC 2023 Regulation E\n|rated|\n|rule|Species Clause: Limit one of each Pok\u00e9mon\n|rule|Item Clause: Limit one of each item\n|clearpoke\n|poke|p1|Cresselia, L50, F|\n|poke|p1|Iron Hands, L50|\n|poke|p1|Regidrago, L50|\n|poke|p1|Gholdengo, L50|\n|poke|p1|Tornadus, L50, M|\n|poke|p1|Urshifu-*, L50, F|\n|poke|p2|Ninetales-Alola, L50, F|\n|poke|p2|Empoleon, L50, F|\n|poke|p2|Sinistcha, L50|\n|poke|p2|Iron Hands, L50|\n|poke|p2|Heatran, L50, M|\n|poke|p2|Landorus-Therian, L50, M|\n|teampreview|4\n|inactive|Battle timer is ON: inactive players will automatically lose when time's up. (requested by kakdaddy)\n|\n|t:|1700432772\n|start\n|switch|p1a: Cresselia|Cresselia, L50, F|100\/100\n|switch|p1b: Iron Hands|Iron Hands, L50|100\/100\n|switch|p2a: Ninetales|Ninetales-Alola, L50, F|100\/100\n|switch|p2b: Sinistcha|Sinistcha, L50|100\/100\n|-weather|Snow|[from] ability: Snow Warning|[of] p2a: Ninetales\n|turn|1\n|inactive|kakdaddy has 30 seconds left.\n|\n|t:|1700432801\n|-terastallize|p2a: Ninetales|Ghost\n|move|p1b: Iron Hands|Fake Out|p2a: Ninetales\n|-immune|p2a: Ninetales\n|move|p2a: Ninetales|Aurora Veil|p2a: Ninetales\n|-sidestart|p2: cocomolaco|move: Aurora Veil\n|move|p1a: Cresselia|Skill Swap|p2b: Sinistcha\n|-activate|p1a: Cresselia|move: Skill Swap|Hospitality|Levitate|[of] p2b: Sinistcha\n|move|p2b: Sinistcha|Nasty Plot|p2b: Sinistcha\n|-boost|p2b: Sinistcha|spa|2\n|\n|-weather|Snow|[upkeep]\n|upkeep\n|turn|2\n|inactive|cocomolaco has 30 seconds left.\n|\n|t:|1700432831\n|move|p2a: Ninetales|Blizzard|p1b: Iron Hands|[spread] p1a,p1b\n|-damage|p1a: Cresselia|87\/100\n|-damage|p1b: Iron Hands|81\/100\n|-status|p1a: Cresselia|frz\n|move|p2b: Sinistcha|Matcha Gotcha|p1a: Cresselia|[spread] p1a,p1b\n|-crit|p1b: Iron Hands\n|-damage|p1a: Cresselia|53\/100 frz\n|-damage|p1b: Iron Hands|15\/100\n|-curestatus|p1a: Cresselia|frz|[msg]\n|move|p1b: Iron Hands|Thunder Punch|p2a: Ninetales\n|-damage|p2a: Ninetales|64\/100\n|-status|p2a: Ninetales|par\n|move|p1a: Cresselia|Trick Room|p1a: Cresselia\n|-fieldstart|move: Trick Room|[of] p1a: Cresselia\n|\n|-weather|Snow|[upkeep]\n|-heal|p1b: Iron Hands|21\/100|[from] item: Leftovers\n|upkeep\n|turn|3\n|inactive|kakdaddy has 30 seconds left.\n|inactive|kakdaddy has 20 seconds left.\n|\n|t:|1700432870\n|switch|p1a: Gholdengo|Gholdengo, L50|100\/100\n|move|p1b: Iron Hands|Thunder Punch|p2a: Ninetales\n|-damage|p2a: Ninetales|29\/100 par\n|move|p2a: Ninetales|Moonblast|p1b: Iron Hands\n|-supereffective|p1b: Iron Hands\n|-damage|p1b: Iron Hands|0 fnt\n|faint|p1b: Iron Hands\n|-end|p1b: Iron Hands|Quark Drive|[silent]\n|move|p2b: Sinistcha|Shadow Ball|p1a: Gholdengo\n|-supereffective|p1a: Gholdengo\n|-damage|p1a: Gholdengo|0 fnt\n|faint|p1a: Gholdengo\n|\n|-weather|Snow|[upkeep]\n|upkeep\n|\n|t:|1700432883\n|switch|p1b: Cresselia|Cresselia, L50, F|53\/100\n|switch|p1a: Regidrago|Regidrago, L50|100\/100\n|turn|4\n|\n|t:|1700432898\n|-terastallize|p1a: Regidrago|Steel\n|move|p1b: Cresselia|Protect|p1b: Cresselia\n|-singleturn|p1b: Cresselia|Protect\n|move|p2a: Ninetales|Blizzard|p1b: Cresselia|[spread] p1a\n|-activate|p1b: Cresselia|move: Protect\n|-resisted|p1a: Regidrago\n|-damage|p1a: Regidrago|91\/100\n|move|p2b: Sinistcha|Shadow Ball|p1b: Cresselia\n|-activate|p1b: Cresselia|move: Protect\n|move|p1a: Regidrago|Dragon Energy|p2b: Sinistcha|[spread] p2a,p2b\n|-damage|p2a: Ninetales|0 fnt\n|-damage|p2b: Sinistcha|38\/100\n|faint|p2a: Ninetales\n|\n|-weather|Snow|[upkeep]\n|-heal|p2b: Sinistcha|44\/100|[from] item: Leftovers\n|upkeep\n|\n|t:|1700432917\n|switch|p2a: Heatran|Heatran, L50, M|100\/100\n|turn|5\n|\n|t:|1700432925\n|move|p2b: Sinistcha|Shadow Ball|p1b: Cresselia\n|-supereffective|p1b: Cresselia\n|-damage|p1b: Cresselia|0 fnt\n|faint|p1b: Cresselia\n|move|p2a: Heatran|Heat Wave|p1a: Regidrago\n|-supereffective|p1a: Regidrago\n|-damage|p1a: Regidrago|0 fnt\n|faint|p1a: Regidrago\n|\n|win|cocomolaco\n|raw|kakdaddy's rating: 1374 &rarr; <strong>1348<\/strong><br \/>(-26 for losing)\n|raw|cocomolaco's rating: 1260 &rarr; <strong>1293<\/strong><br \/>(+33 for winning)\n|c|\u2606kakdaddy|dude\n|c|\u2606kakdaddy|excellent team\n|c|\u2606kakdaddy|well done\n","uploadtime":1700432938,"views":4,"p1id":"kakdaddy","p2id":"cocomolaco","formatid":"gen9vgc2023regulatione","rating":1293,"private":0,"password":""}