{"id":"gen9vgc2023regulatione-1995922556","p1":"kjbhk89789lklj","p2":"Tenken11","format":"[Gen 9] VGC 2023 Regulation E","log":"|j|\u2606kjbhk89789lklj\n|j|\u2606Tenken11\n|n|\u2606kjbhk89789lklj|kjbhk89789lklj\n|n|\u2606Tenken11|tenken11\n|html|View the match progress at <a href=\"\/game-bestof3-gen9vgc2023regulatione-1995920514\">game-bestof3-gen9vgc2023regulatione-1995920514<\/a>\n|t:|1700617785\n|gametype|doubles\n|player|p1|kjbhk89789lklj|pokemaniac|\n|player|p2|Tenken11|266|\n|teamsize|p1|6\n|teamsize|p2|6\n|gen|9\n|tier|[Gen 9] VGC 2023 Regulation E\n|rule|Species Clause: Limit one of each Pok\u00e9mon\n|rule|Item Clause: Limit one of each item\n|clearpoke\n|poke|p1|Chien-Pao, L50|\n|poke|p1|Tornadus, L50, M|\n|poke|p1|Ogerpon-Hearthflame, L50, F|\n|poke|p1|Urshifu-*, L50, M|\n|poke|p1|Iron Hands, L50|\n|poke|p1|Flutter Mane, L50|\n|poke|p2|Clefairy, L50, F|\n|poke|p2|Cetitan, L50, F|\n|poke|p2|Kommo-o, L50, F|\n|poke|p2|Sinistcha-Masterpiece, L50|\n|poke|p2|Landorus-Therian, L50, M|\n|poke|p2|Rillaboom, L50, M|\n|teampreview|4\nkjbhk89789lklj has agreed to open team sheets.\n|inactive|Battle timer is ON: inactive players will automatically lose when time's up. (requested by kjbhk89789lklj)\n|inactive|kjbhk89789lklj has 60 seconds left.\n|inactive|Tenken11 has 60 seconds left.\nTenken11 has agreed to open team sheets.\n|showteam|p1|Chien-Pao||FocusSash|SwordofRuin|IceSpinner,SuckerPunch,Protect,SacredSword||||||50|,,,,,Ghost]Tornadus||CovertCloak|Prankster|Tailwind,Taunt,BleakwindStorm,Protect|||M|||50|,,,,,Flying]Ogerpon-Hearthflame||HearthflameMask|MoldBreaker|IvyCudgel,HornLeech,StompingTantrum,SpikyShield|||F|||50|,,,,,Fire]Urshifu-Rapid-Strike||MysticWater|UnseenFist|SurgingStrikes,CloseCombat,AquaJet,Detect|||M|||50|,,,,,Water]Iron Hands||AssaultVest|QuarkDrive|FakeOut,WildCharge,HeavySlam,DrainPunch||||||50|,,,,,Grass]Flutter Mane||ChoiceSpecs|Protosynthesis|ShadowBall,Moonblast,DazzlingGleam,Thunderbolt||||||50|,,,,,Fairy\n|showteam|p2|Clefairy||Eviolite|FriendGuard|FollowMe,HealPulse,HelpingHand,Protect|||F|||50|,,,,,Dark]Cetitan||SitrusBerry|ThickFat|Liquidation,IceShard,BellyDrum,Protect|||F|||50|,,,,,Water]Kommo-o||ThroatSpray|Overcoat|ClangingScales,FlashCannon,ClangorousSoul,Protect|||F|||50|,,,,,Steel]Sinistcha-Masterpiece||WideLens|Hospitality|MatchaGotcha,StrengthSap,RagePowder,TrickRoom||||||50|,,,,,Fire]Landorus-Therian||ChoiceScarf|Intimidate|StompingTantrum,TeraBlast,RockSlide,Uturn|||M|||50|,,,,,Flying]Rillaboom||AssaultVest|GrassySurge|WoodHammer,GrassyGlide,Uturn,FakeOut|||M|||50|,,,,,Fire\n|\n|t:|1700617849\n|start\n|switch|p1a: Chien-Pao|Chien-Pao, L50|100\/100\n|switch|p1b: Tornadus|Tornadus, L50, M|100\/100\n|switch|p2a: Clefairy|Clefairy, L50, F|100\/100\n|switch|p2b: Cetitan|Cetitan, L50, F|100\/100\n|-ability|p1a: Chien-Pao|Sword of Ruin\n|turn|1\n|\n|t:|1700617870\n|-terastallize|p2b: Cetitan|Water\n|move|p2a: Clefairy|Protect|p2a: Clefairy\n|-singleturn|p2a: Clefairy|Protect\n|move|p1b: Tornadus|Taunt|p2b: Cetitan\n|-start|p2b: Cetitan|move: Taunt\n|move|p1a: Chien-Pao|Sacred Sword|p2b: Cetitan\n|-crit|p2b: Cetitan\n|-damage|p2b: Cetitan|53\/100\n|cant|p2b: Cetitan|move: Taunt|Belly Drum\n|\n|upkeep\n|turn|2\n|inactive|Tenken11 has 30 seconds left.\n|\n|t:|1700617898\n|switch|p2a: Sinistcha|Sinistcha-Masterpiece, L50|100\/100\n|-heal|p2b: Cetitan|77\/100|[from] ability: Hospitality|[of] p2a: Sinistcha\n|move|p1b: Tornadus|Taunt|p2a: Sinistcha\n|-start|p2a: Sinistcha|move: Taunt\n|move|p2b: Cetitan|Ice Shard|p1b: Tornadus\n|-supereffective|p1b: Tornadus\n|-damage|p1b: Tornadus|45\/100\n|move|p1a: Chien-Pao|Ice Spinner|p2b: Cetitan\n|-resisted|p2b: Cetitan\n|-damage|p2b: Cetitan|64\/100\n|\n|upkeep\n|turn|3\n|inactive|kjbhk89789lklj has 30 seconds left.\n|\n|t:|1700617926\n|switch|p2a: Clefairy|Clefairy, L50, F|100\/100\n|move|p1b: Tornadus|Protect|p1b: Tornadus\n|-singleturn|p1b: Tornadus|Protect\n|move|p2b: Cetitan|Ice Shard|p1b: Tornadus\n|-activate|p1b: Tornadus|move: Protect\n|move|p1a: Chien-Pao|Sacred Sword|p2b: Cetitan\n|-damage|p2b: Cetitan|32\/100\n|-enditem|p2b: Cetitan|Sitrus Berry|[eat]\n|-heal|p2b: Cetitan|57\/100|[from] item: Sitrus Berry\n|\n|-end|p2b: Cetitan|move: Taunt\n|upkeep\n|turn|4\n|inactive|kjbhk89789lklj has 30 seconds left.\n|\n|t:|1700617951\n|switch|p2a: Sinistcha|Sinistcha-Masterpiece, L50|100\/100\n|-heal|p2b: Cetitan|81\/100|[from] ability: Hospitality|[of] p2a: Sinistcha\n|move|p1b: Tornadus|Taunt|p2b: Cetitan\n|-start|p2b: Cetitan|move: Taunt\n|move|p2b: Cetitan|Ice Shard|p1b: Tornadus\n|-supereffective|p1b: Tornadus\n|-damage|p1b: Tornadus|0 fnt\n|faint|p1b: Tornadus\n|move|p1a: Chien-Pao|Ice Spinner|p2a: Sinistcha\n|-supereffective|p2a: Sinistcha\n|-damage|p2a: Sinistcha|5\/100\n|\n|upkeep\n|\n|t:|1700617965\n|switch|p1b: Flutter Mane|Flutter Mane, L50|100\/100\n|turn|5\n|\n|t:|1700617980\n|switch|p2a: Clefairy|Clefairy, L50, F|100\/100\n|-terastallize|p1b: Flutter Mane|Fairy\n|move|p2b: Cetitan|Ice Shard|p1b: Flutter Mane\n|-damage|p1b: Flutter Mane|42\/100\n|move|p1a: Chien-Pao|Sacred Sword|p2b: Cetitan\n|-damage|p2b: Cetitan|48\/100\n|move|p1b: Flutter Mane|Dazzling Gleam|p2a: Clefairy|[spread] p2a,p2b\n|-damage|p2a: Clefairy|41\/100\n|-damage|p2b: Cetitan|3\/100\n|\n|upkeep\n|turn|6\n|\n|t:|1700618003\n|-end|p1b: Flutter Mane|Protosynthesis|[silent]\n|switch|p1b: Iron Hands|Iron Hands, L50|100\/100\n|move|p2a: Clefairy|Follow Me|p2a: Clefairy\n|-singleturn|p2a: Clefairy|move: Follow Me\n|move|p2b: Cetitan|Ice Shard|p1b: Iron Hands\n|-damage|p1b: Iron Hands|82\/100\n|move|p1a: Chien-Pao|Ice Spinner|p2a: Clefairy\n|-damage|p2a: Clefairy|3\/100\n|\n|-end|p2b: Cetitan|move: Taunt\n|upkeep\n|turn|7\n|inactive|kjbhk89789lklj has 30 seconds left.\n|\n|t:|1700618036\n|move|p2b: Cetitan|Protect|p2b: Cetitan\n|-singleturn|p2b: Cetitan|Protect\n|move|p2a: Clefairy|Protect|p2a: Clefairy\n|-singleturn|p2a: Clefairy|Protect\n|move|p1a: Chien-Pao|Ice Spinner|p2b: Cetitan\n|-activate|p2b: Cetitan|move: Protect\n|move|p1b: Iron Hands|Heavy Slam|p2a: Clefairy\n|-activate|p2a: Clefairy|move: Protect\n|\n|upkeep\n|turn|8\n|\n|t:|1700618051\n|move|p2a: Clefairy|Helping Hand|p2b: Cetitan\n|-singleturn|p2b: Cetitan|Helping Hand|[of] p2a: Clefairy\n|move|p2b: Cetitan|Ice Shard|p1a: Chien-Pao\n|-resisted|p1a: Chien-Pao\n|-damage|p1a: Chien-Pao|79\/100\n|move|p1a: Chien-Pao|Ice Spinner|p2a: Clefairy\n|-damage|p2a: Clefairy|0 fnt\n|faint|p2a: Clefairy\n|move|p1b: Iron Hands|Heavy Slam|p2b: Cetitan\n|-resisted|p2b: Cetitan\n|-damage|p2b: Cetitan|0 fnt\n|faint|p2b: Cetitan\n|\n|upkeep\n|\n|t:|1700618059\n|switch|p2b: Sinistcha|Sinistcha-Masterpiece, L50|5\/100\n|switch|p2a: Rillaboom|Rillaboom, L50, M|100\/100\n|-fieldstart|move: Grassy Terrain|[from] ability: Grassy Surge|[of] p2a: Rillaboom\n|turn|9\n|inactive|kjbhk89789lklj has 30 seconds left.\n|inactive|Tenken11 has 30 seconds left.\n|\n|t:|1700618086\n|move|p2a: Rillaboom|Grassy Glide|p1a: Chien-Pao\n|-damage|p1a: Chien-Pao|22\/100\n|move|p1a: Chien-Pao|Ice Spinner|p2b: Sinistcha\n|-supereffective|p2b: Sinistcha\n|-damage|p2b: Sinistcha|0 fnt\n|-fieldend|move: Grassy Terrain\n|faint|p2b: Sinistcha\n|move|p1b: Iron Hands|Heavy Slam|p2a: Rillaboom\n|-damage|p2a: Rillaboom|52\/100\n|\n|upkeep\n|turn|10\n|c|\u2606Tenken11|gg\n|-message|Tenken11 forfeited.\n|\n|win|kjbhk89789lklj\n|l|\u2606kjbhk89789lklj\n","uploadtime":1700618174,"views":10,"p1id":"kjbhk89789lklj","p2id":"tenken11","formatid":"gen9vgc2023regulatione","rating":0,"private":0,"password":""}