{"id":"gen9vgc2023regulatione-1994461567","p1":"ClaudeVR","p2":"plokkk","format":"[Gen 9] VGC 2023 Regulation E","log":"|j|\u2606ClaudeVR\n|j|\u2606plokkk\n|t:|1700446608\n|gametype|doubles\n|player|p1|ClaudeVR|alec-anime|1133\n|player|p2|plokkk|265|1144\n|teamsize|p1|6\n|teamsize|p2|6\n|gen|9\n|tier|[Gen 9] VGC 2023 Regulation E\n|rated|\n|rule|Species Clause: Limit one of each Pok\u00e9mon\n|rule|Item Clause: Limit one of each item\n|clearpoke\n|poke|p1|Ting-Lu, L50|\n|poke|p1|Iron Hands, L50|\n|poke|p1|Dusclops, L50, M|\n|poke|p1|Sinistcha, L50|\n|poke|p1|Flutter Mane, L50|\n|poke|p1|Urshifu-*, L50, F|\n|poke|p2|Wyrdeer, L50, M|\n|poke|p2|Ogerpon, L50, F|\n|poke|p2|Milotic, L50, M|\n|poke|p2|Flamigo, L50, M|\n|poke|p2|Okidogi, L50, M|\n|poke|p2|Ninetales-Alola, L50, M|\n|teampreview|4\n|inactive|Battle timer is ON: inactive players will automatically lose when time's up. (requested by ClaudeVR)\n|\n|t:|1700446627\n|start\n|switch|p1a: Iron Hands|Iron Hands, L50|100\/100\n|switch|p1b: Dusclops|Dusclops, L50, M|100\/100\n|switch|p2a: Wyrdeer|Wyrdeer, L50, M|100\/100\n|switch|p2b: Ogerpon|Ogerpon, L50, F|100\/100\n|-ability|p2a: Wyrdeer|Intimidate|boost\n|-unboost|p1a: Iron Hands|atk|1\n|-unboost|p1b: Dusclops|atk|1\n|-ability|p1b: Dusclops|Pressure\n|turn|1\n|\n|t:|1700446645\n|move|p1a: Iron Hands|Fake Out|p2a: Wyrdeer\n|-damage|p2a: Wyrdeer|92\/100\n|move|p2b: Ogerpon|Stomping Tantrum|p1a: Iron Hands\n|-supereffective|p1a: Iron Hands\n|-damage|p1a: Iron Hands|54\/100\n|-damage|p2b: Ogerpon|91\/100|[from] item: Life Orb\n|cant|p2a: Wyrdeer|flinch\n|move|p1b: Dusclops|Trick Room|p1b: Dusclops\n|-fieldstart|move: Trick Room|[of] p1b: Dusclops\n|\n|upkeep\n|turn|2\n|\n|t:|1700446670\n|move|p1b: Dusclops|Will-O-Wisp|p2b: Ogerpon\n|-status|p2b: Ogerpon|brn\n|move|p1a: Iron Hands|Heavy Slam|p2b: Ogerpon\n|-damage|p2b: Ogerpon|52\/100 brn\n|move|p2a: Wyrdeer|Skill Swap|p1b: Dusclops\n|-activate|p2a: Wyrdeer|move: Skill Swap|Pressure|Intimidate|[of] p1b: Dusclops\n|-ability|p2a: Wyrdeer|Pressure\n|-ability|p1b: Dusclops|Intimidate|boost\n|-unboost|p2a: Wyrdeer|atk|1\n|-unboost|p2b: Ogerpon|atk|1\n|-ability|p2b: Ogerpon|Defiant|boost\n|-boost|p2b: Ogerpon|atk|2\n|move|p2b: Ogerpon|Stomping Tantrum|p1a: Iron Hands\n|-supereffective|p1a: Iron Hands\n|-damage|p1a: Iron Hands|21\/100\n|-damage|p2b: Ogerpon|42\/100 brn|[from] item: Life Orb\n|\n|-damage|p2b: Ogerpon|36\/100 brn|[from] brn\n|upkeep\n|turn|3\n|inactive|ClaudeVR has 30 seconds left.\n|inactive|plokkk has 30 seconds left.\n|\n|t:|1700446699\n|switch|p1b: Sinistcha|Sinistcha, L50|100\/100\n|-heal|p1a: Iron Hands|46\/100|[from] ability: Hospitality|[of] p1b: Sinistcha\n|move|p2b: Ogerpon|Spiky Shield|p2b: Ogerpon\n|-singleturn|p2b: Ogerpon|move: Protect\n|move|p1a: Iron Hands|Heavy Slam|p2b: Ogerpon\n|-activate|p2b: Ogerpon|move: Protect\n|-damage|p1a: Iron Hands|34\/100|[from] Spiky Shield|[of] p2b: Ogerpon\n|move|p2a: Wyrdeer|Psychic|p1a: Iron Hands\n|-supereffective|p1a: Iron Hands\n|-damage|p1a: Iron Hands|0 fnt\n|faint|p1a: Iron Hands\n|-end|p1a: Iron Hands|Quark Drive|[silent]\n|\n|-damage|p2b: Ogerpon|31\/100 brn|[from] brn\n|upkeep\n|\n|t:|1700446716\n|switch|p1a: Ting-Lu|Ting-Lu, L50|100\/100\n|-ability|p1a: Ting-Lu|Vessel of Ruin\n|turn|4\n|\n|t:|1700446739\n|move|p1a: Ting-Lu|Rock Slide|p2b: Ogerpon|[spread] p2a,p2b\n|-damage|p2a: Wyrdeer|81\/100\n|-damage|p2b: Ogerpon|12\/100 brn\n|move|p1b: Sinistcha|Matcha Gotcha|p2b: Ogerpon|[spread] p2a,p2b\n|-resisted|p2b: Ogerpon\n|-damage|p2a: Wyrdeer|60\/100\n|-damage|p2b: Ogerpon|0 fnt\n|-status|p2a: Wyrdeer|brn\n|faint|p2b: Ogerpon\n|cant|p2a: Wyrdeer|flinch\n|\n|-damage|p2a: Wyrdeer|54\/100 brn|[from] brn\n|upkeep\n|\n|t:|1700446748\n|switch|p2b: Okidogi|Okidogi, L50, M|100\/100\n|turn|5\n|\n|t:|1700446765\n|move|p1a: Ting-Lu|Stomping Tantrum|p2b: Okidogi\n|-supereffective|p2b: Okidogi\n|-damage|p2b: Okidogi|57\/100\n|move|p1b: Sinistcha|Strength Sap|p2b: Okidogi\n|-unboost|p2b: Okidogi|atk|1\n|move|p2a: Wyrdeer|Skill Swap|p1a: Ting-Lu\n|-activate|p2a: Wyrdeer|move: Skill Swap|Vessel of Ruin|Pressure|[of] p1a: Ting-Lu\n|-ability|p2a: Wyrdeer|Vessel of Ruin\n|-ability|p1a: Ting-Lu|Pressure\n|move|p2b: Okidogi|Bulk Up|p2b: Okidogi\n|-boost|p2b: Okidogi|atk|1\n|-boost|p2b: Okidogi|def|1\n|\n|-damage|p2a: Wyrdeer|48\/100 brn|[from] brn\n|-fieldend|move: Trick Room\n|upkeep\n|turn|6\n|inactive|plokkk has 30 seconds left.\n|\n|t:|1700446793\n|move|p2a: Wyrdeer|Protect|p2a: Wyrdeer\n|-singleturn|p2a: Wyrdeer|Protect\n|move|p2b: Okidogi|Drain Punch|p1a: Ting-Lu\n|-supereffective|p1a: Ting-Lu\n|-damage|p1a: Ting-Lu|62\/100\n|-heal|p2b: Okidogi|82\/100|[from] drain|[of] p1a: Ting-Lu\n|-damage|p2b: Okidogi|66\/100|[from] item: Rocky Helmet|[of] p1a: Ting-Lu\n|move|p1b: Sinistcha|Matcha Gotcha|p2a: Wyrdeer|[spread] p2b\n|-activate|p2a: Wyrdeer|move: Protect\n|-resisted|p2b: Okidogi\n|-damage|p2b: Okidogi|55\/100\n|-status|p2b: Okidogi|brn\n|move|p1a: Ting-Lu|Rock Slide|p2b: Okidogi|[spread] p2b\n|-activate|p2a: Wyrdeer|move: Protect\n|-resisted|p2b: Okidogi\n|-damage|p2b: Okidogi|51\/100 brn\n|\n|-damage|p2b: Okidogi|45\/100 brn|[from] brn\n|-damage|p2a: Wyrdeer|42\/100 brn|[from] brn\n|upkeep\n|-enditem|p2b: Okidogi|Sitrus Berry|[eat]\n|-heal|p2b: Okidogi|70\/100 brn|[from] item: Sitrus Berry\n|turn|7\n|inactive|ClaudeVR has 30 seconds left.\n|\n|t:|1700446819\n|switch|p2a: Milotic|Milotic, L50, M|100\/100\n|switch|p1b: Dusclops|Dusclops, L50, M|100\/100\n|-ability|p1b: Dusclops|Pressure\n|move|p1a: Ting-Lu|Protect|p1a: Ting-Lu\n|-singleturn|p1a: Ting-Lu|Protect\n|move|p2b: Okidogi|Poison Jab|p1b: Dusclops\n|-resisted|p1b: Dusclops\n|-damage|p1b: Dusclops|94\/100\n|\n|-damage|p2b: Okidogi|64\/100 brn|[from] brn\n|upkeep\n|turn|8\n|\n|t:|1700446838\n|switch|p2b: Wyrdeer|Wyrdeer, L50, M|42\/100 brn\n|-ability|p2b: Wyrdeer|Intimidate|boost\n|-unboost|p1a: Ting-Lu|atk|1\n|-unboost|p1b: Dusclops|atk|1\n|switch|p1a: Sinistcha|Sinistcha, L50|100\/100\n|-heal|p1b: Dusclops|100\/100|[from] ability: Hospitality|[of] p1a: Sinistcha\n|move|p2a: Milotic|Scald|p1a: Sinistcha\n|-resisted|p1a: Sinistcha\n|-damage|p1a: Sinistcha|81\/100\n|-status|p1a: Sinistcha|brn\n|move|p1b: Dusclops|Trick Room|p1b: Dusclops\n|-fieldstart|move: Trick Room|[of] p1b: Dusclops\n|\n|-heal|p1a: Sinistcha|87\/100 brn|[from] item: Leftovers\n|-damage|p1a: Sinistcha|81\/100 brn|[from] brn\n|-damage|p2b: Wyrdeer|36\/100 brn|[from] brn\n|upkeep\n|turn|9\n|\n|t:|1700446861\n|move|p1b: Dusclops|Helping Hand|p1a: Sinistcha\n|-singleturn|p1a: Sinistcha|Helping Hand|[of] p1b: Dusclops\n|move|p2a: Milotic|Protect|p2a: Milotic\n|-singleturn|p2a: Milotic|Protect\n|move|p1a: Sinistcha|Matcha Gotcha|p2b: Wyrdeer|[spread] p2b\n|-activate|p2a: Milotic|move: Protect\n|-crit|p2b: Wyrdeer\n|-damage|p2b: Wyrdeer|0 fnt\n|-heal|p1a: Sinistcha|100\/100 brn|[from] drain|[of] p2b: Wyrdeer\n|faint|p2b: Wyrdeer\n|\n|-damage|p1a: Sinistcha|94\/100 brn|[from] brn\n|upkeep\n|\n|t:|1700446867\n|switch|p2b: Okidogi|Okidogi, L50, M|64\/100 brn\n|turn|10\n|\n|t:|1700446881\n|-terastallize|p1a: Sinistcha|Grass\n|move|p1b: Dusclops|Helping Hand|p1a: Sinistcha\n|-singleturn|p1a: Sinistcha|Helping Hand|[of] p1b: Dusclops\n|move|p1a: Sinistcha|Matcha Gotcha|p2b: Okidogi|[spread] p2a,p2b\n|-supereffective|p2a: Milotic\n|-resisted|p2b: Okidogi\n|-damage|p2a: Milotic|13\/100\n|-heal|p1a: Sinistcha|100\/100 brn|[from] drain|[of] p2a: Milotic\n|-damage|p2b: Okidogi|38\/100 brn\n|move|p2b: Okidogi|Poison Jab|p1a: Sinistcha\n|-supereffective|p1a: Sinistcha\n|-damage|p1a: Sinistcha|55\/100 brn\n|move|p2a: Milotic|Ice Beam|p1a: Sinistcha\n|-supereffective|p1a: Sinistcha\n|-damage|p1a: Sinistcha|0 fnt\n|faint|p1a: Sinistcha\n|\n|-damage|p2b: Okidogi|32\/100 brn|[from] brn\n|upkeep\n|\n|t:|1700446901\n|switch|p1a: Ting-Lu|Ting-Lu, L50|62\/100\n|-ability|p1a: Ting-Lu|Vessel of Ruin\n|turn|11\n|\n|t:|1700446912\n|move|p2b: Okidogi|Protect|p2b: Okidogi\n|-singleturn|p2b: Okidogi|Protect\n|move|p1b: Dusclops|Hex|p2a: Milotic\n|-damage|p2a: Milotic|5\/100\n|move|p1a: Ting-Lu|Rock Slide|p2b: Okidogi|[spread] p2a\n|-activate|p2b: Okidogi|move: Protect\n|-damage|p2a: Milotic|0 fnt\n|faint|p2a: Milotic\n|\n|-damage|p2b: Okidogi|26\/100 brn|[from] brn\n|upkeep\n|turn|12\n|inactive|plokkk has 30 seconds left.\n|\n|t:|1700446937\n|move|p1b: Dusclops|Helping Hand|p1a: Ting-Lu\n|-singleturn|p1a: Ting-Lu|Helping Hand|[of] p1b: Dusclops\n|move|p1a: Ting-Lu|Stomping Tantrum|p2b: Okidogi\n|-supereffective|p2b: Okidogi\n|-damage|p2b: Okidogi|0 fnt\n|faint|p2b: Okidogi\n|\n|win|ClaudeVR\n|raw|ClaudeVR's rating: 1133 &rarr; <strong>1159<\/strong><br \/>(+26 for winning)\n|raw|plokkk's rating: 1144 &rarr; <strong>1118<\/strong><br \/>(-26 for losing)\n|c|\u2606ClaudeVR|Gg\n","uploadtime":1700446948,"views":14,"p1id":"claudevr","p2id":"plokkk","formatid":"gen9vgc2023regulatione","rating":1118,"private":0,"password":""}