{"id":"gen9vgc2023regulatione-1996771573","p1":"ivoryplat","p2":"Bolta1","format":"[Gen 9] VGC 2023 Regulation E","log":"|j|\u2606ivoryplat\n|j|\u2606Bolta1\n|t:|1700722588\n|gametype|doubles\n|player|p1|ivoryplat|2|1159\n|player|p2|Bolta1|1|1148\n|teamsize|p1|6\n|teamsize|p2|6\n|gen|9\n|tier|[Gen 9] VGC 2023 Regulation E\n|rated|\n|rule|Species Clause: Limit one of each Pok\u00e9mon\n|rule|Item Clause: Limit one of each item\n|clearpoke\n|poke|p1|Ogerpon-Wellspring, L50, F|\n|poke|p1|Arcanine-Hisui, L50, M|\n|poke|p1|Gholdengo, L50|\n|poke|p1|Roaring Moon, L50|\n|poke|p1|Zapdos, L50|\n|poke|p1|Enamorus, L50, F|\n|poke|p2|Talonflame, L50, F|\n|poke|p2|Chien-Pao, L50|\n|poke|p2|Urshifu-*, L50, M|\n|poke|p2|Torterra, L50, M|\n|poke|p2|Scizor, L50, F|\n|poke|p2|Grafaiai, L50, M|\n|teampreview|4\n|\n|t:|1700722618\n|start\n|switch|p1a: Arcanine|Arcanine-Hisui, L50, M, shiny|100\/100\n|switch|p1b: Enamorus|Enamorus, L50, F|100\/100\n|switch|p2a: Talonflame|Talonflame, L50, F|100\/100\n|switch|p2b: Urshifu|Urshifu-Rapid-Strike, L50, M|100\/100\n|-ability|p1a: Arcanine|Intimidate|boost\n|-unboost|p2a: Talonflame|atk|1\n|-unboost|p2b: Urshifu|atk|1\n|turn|1\n|\n|t:|1700722635\n|move|p1a: Arcanine|Extreme Speed|p2a: Talonflame\n|-damage|p2a: Talonflame|66\/100\n|move|p2a: Talonflame|Tailwind|p2a: Talonflame\n|-sidestart|p2: Bolta1|move: Tailwind\n|move|p2b: Urshifu|Surging Strikes|p1a: Arcanine\n|-supereffective|p1a: Arcanine\n|-crit|p1a: Arcanine\n|-damage|p1a: Arcanine|0 fnt\n|faint|p1a: Arcanine\n|-hitcount|p1: Arcanine|1\n|move|p1b: Enamorus|Play Rough|p2b: Urshifu\n|-supereffective|p2b: Urshifu\n|-damage|p2b: Urshifu|0 fnt\n|faint|p2b: Urshifu\n|-damage|p1b: Enamorus|91\/100|[from] item: Life Orb\n|\n|upkeep\n|\n|t:|1700722651\n|switch|p2b: Chien-Pao|Chien-Pao, L50|100\/100\n|switch|p1a: Zapdos|Zapdos, L50|100\/100\n|-ability|p2b: Chien-Pao|Sword of Ruin\n|turn|2\n|\n|t:|1700722697\n|move|p1b: Enamorus|Protect|p1b: Enamorus\n|-singleturn|p1b: Enamorus|Protect\n|move|p2b: Chien-Pao|Icicle Crash|p1b: Enamorus\n|-activate|p1b: Enamorus|move: Protect\n|move|p2a: Talonflame|Will-O-Wisp|p1a: Zapdos\n|-status|p1a: Zapdos|brn\n|move|p1a: Zapdos|Tailwind|p1a: Zapdos\n|-sidestart|p1: ivoryplat|move: Tailwind\n|\n|-damage|p1a: Zapdos|95\/100 brn|[from] brn\n|upkeep\n|turn|3\n|\n|t:|1700722715\n|-terastallize|p1b: Enamorus|Steel\n|move|p2b: Chien-Pao|Icicle Crash|p1b: Enamorus\n|-resisted|p1b: Enamorus\n|-damage|p1b: Enamorus|50\/100\n|move|p2a: Talonflame|Taunt|p1a: Zapdos\n|-start|p1a: Zapdos|move: Taunt\n|move|p1b: Enamorus|Superpower|p2b: Chien-Pao\n|-supereffective|p2b: Chien-Pao\n|-enditem|p2b: Chien-Pao|Focus Sash\n|-damage|p2b: Chien-Pao|1\/100\n|-boost|p1b: Enamorus|atk|1\n|-boost|p1b: Enamorus|def|1\n|-damage|p1b: Enamorus|40\/100|[from] item: Life Orb\n|move|p1a: Zapdos|Thunderbolt|p2a: Talonflame\n|-supereffective|p2a: Talonflame\n|-damage|p2a: Talonflame|0 fnt\n|faint|p2a: Talonflame\n|\n|-damage|p1a: Zapdos|89\/100 brn|[from] brn\n|upkeep\n|\n|t:|1700722730\n|switch|p2a: Grafaiai|Grafaiai, L50, M|100\/100\n|turn|4\n|\n|t:|1700722758\n|move|p1b: Enamorus|Protect|p1b: Enamorus\n|-singleturn|p1b: Enamorus|Protect\n|move|p2a: Grafaiai|Switcheroo|p1b: Enamorus\n|-activate|p1b: Enamorus|move: Protect\n|move|p2b: Chien-Pao|Icicle Crash|p1a: Zapdos\n|-supereffective|p1a: Zapdos\n|-damage|p1a: Zapdos|0 fnt\n|faint|p1a: Zapdos\n|\n|-sideend|p2: Bolta1|move: Tailwind\n|upkeep\n|\n|t:|1700722769\n|switch|p1a: Ogerpon|Ogerpon-Wellspring, L50, F|100\/100\n|turn|5\n|\n|t:|1700722785\n|move|p2b: Chien-Pao|Protect|p2b: Chien-Pao\n|-singleturn|p2b: Chien-Pao|Protect\n|move|p1a: Ogerpon|Follow Me|p1a: Ogerpon\n|-singleturn|p1a: Ogerpon|move: Follow Me\n|move|p2a: Grafaiai|Switcheroo||[still]\n|-fail|p2a: Grafaiai\n|move|p1b: Enamorus|Superpower|p2b: Chien-Pao\n|-activate|p2b: Chien-Pao|move: Protect\n|\n|-sideend|p1: ivoryplat|move: Tailwind\n|upkeep\n|turn|6\n|\n|t:|1700722813\n|move|p1a: Ogerpon|Follow Me|p1a: Ogerpon\n|-singleturn|p1a: Ogerpon|move: Follow Me\n|move|p2a: Grafaiai|Switcheroo||[still]\n|-fail|p2a: Grafaiai\n|move|p2b: Chien-Pao|Sacred Sword|p1a: Ogerpon\n|-damage|p1a: Ogerpon|57\/100\n|move|p1b: Enamorus|Superpower|p2b: Chien-Pao\n|-supereffective|p2b: Chien-Pao\n|-damage|p2b: Chien-Pao|0 fnt\n|-boost|p1b: Enamorus|atk|1\n|-boost|p1b: Enamorus|def|1\n|faint|p2b: Chien-Pao\n|-damage|p1b: Enamorus|30\/100|[from] item: Life Orb\n|\n|upkeep\n|turn|7\n|\n|t:|1700722827\n|move|p2a: Grafaiai|Switcheroo|p1b: Enamorus\n|-activate|p2a: Grafaiai|move: Trick|[of] p1b: Enamorus\n|-item|p1b: Enamorus|Choice Band|[from] move: Switcheroo\n|-item|p2a: Grafaiai|Life Orb|[from] move: Switcheroo\n|move|p1b: Enamorus|Superpower|p2a: Grafaiai\n|-damage|p2a: Grafaiai|0 fnt\n|-boost|p1b: Enamorus|atk|1\n|-boost|p1b: Enamorus|def|1\n|faint|p2a: Grafaiai\n|\n|win|ivoryplat\n|raw|ivoryplat's rating: 1159 &rarr; <strong>1183<\/strong><br \/>(+24 for winning)\n|raw|Bolta1's rating: 1148 &rarr; <strong>1124<\/strong><br \/>(-24 for losing)\n","uploadtime":1700722840,"views":29,"p1id":"ivoryplat","p2id":"bolta1","formatid":"gen9vgc2023regulatione","rating":1124,"private":0,"password":""}