{"id":"gen9vgc2023regulatione-1993039194","p1":"luk29powavgcwp","p2":"JohannesBee","format":"[Gen 9] VGC 2023 Regulation E","log":"|j|\u2606luk29powavgcwp\n|j|\u2606JohannesBee\n|t:|1700258080\n|gametype|doubles\n|player|p1|luk29powavgcwp|102|1165\n|player|p2|JohannesBee|hiker-gen4|1267\n|teamsize|p1|6\n|teamsize|p2|6\n|gen|9\n|tier|[Gen 9] VGC 2023 Regulation E\n|rated|\n|rule|Species Clause: Limit one of each Pok\u00e9mon\n|rule|Item Clause: Limit one of each item\n|clearpoke\n|poke|p1|Tornadus, L50, M|\n|poke|p1|Landorus-Therian, L50, M|\n|poke|p1|Gholdengo, L50|\n|poke|p1|Ogerpon-Hearthflame, L50, F|\n|poke|p1|Urshifu-*, L50, M|\n|poke|p1|Iron Bundle, L50|\n|poke|p2|Iron Valiant, L50|\n|poke|p2|Yanmega, L50, F|\n|poke|p2|Sableye, L50, F|\n|poke|p2|Farigiraf, L50, F|\n|poke|p2|Ogerpon-Hearthflame, L50, F|\n|poke|p2|Regidrago, L50|\n|teampreview|4\n|inactive|Battle timer is ON: inactive players will automatically lose when time's up. (requested by luk29powavgcwp)\nJohannesBee has agreed to open team sheets.\n|c|\u2606JohannesBee|glhf!\n|inactive|luk29powavgcwp has 60 seconds left.\n|\n|t:|1700258142\n|start\n|switch|p1a: Tornadus|Tornadus, L50, M|100\/100\n|switch|p1b: Ogerpon|Ogerpon-Hearthflame, L50, F|100\/100\n|switch|p2a: Yanmega|Yanmega, L50, F|100\/100\n|switch|p2b: Sableye|Sableye, L50, F|100\/100\n|-ability|p1b: Ogerpon|Mold Breaker\n|turn|1\n|inactive|luk29powavgcwp has 30 seconds left.\n|\n|t:|1700258173\n|-terastallize|p1b: Ogerpon|Fire\n|detailschange|p1b: Ogerpon|Ogerpon-Hearthflame-Tera, L50, F, tera:Fire\n|-ability|p1b: Ogerpon|Embody Aspect (Hearthflame)|boost\n|-boost|p1b: Ogerpon|atk|1\n|move|p1a: Tornadus|Tailwind|p1a: Tornadus\n|-sidestart|p1: luk29powavgcwp|move: Tailwind\n|move|p2b: Sableye|Gravity|p2b: Sableye\n|-fieldstart|move: Gravity\n|move|p1b: Ogerpon|Substitute|p1b: Ogerpon\n|-start|p1b: Ogerpon|Substitute\n|-damage|p1b: Ogerpon|75\/100\n|move|p2a: Yanmega|Hypnosis||[still]\n|-fail|p2a: Yanmega\n|\n|-ability|p2a: Yanmega|Speed Boost|boost\n|-boost|p2a: Yanmega|spe|1\n|upkeep\n|turn|2\n|inactive|luk29powavgcwp has 30 seconds left.\n|\n|t:|1700258202\n|move|p1a: Tornadus|Scary Face|p2a: Yanmega\n|-unboost|p2a: Yanmega|spe|2\n|move|p2b: Sableye|Reflect|p2b: Sableye\n|-sidestart|p2: JohannesBee|Reflect\n|move|p1b: Ogerpon|Ivy Cudgel|p2b: Sableye|[anim] Ivy Cudgel Fire\n|-damage|p2b: Sableye|4\/100\n|move|p2a: Yanmega|Hypnosis|p1a: Tornadus\n|-status|p1a: Tornadus|slp|[from] move: Hypnosis\n|\n|-ability|p2a: Yanmega|Speed Boost|boost\n|-boost|p2a: Yanmega|spe|1\n|upkeep\n|turn|3\n|inactive|luk29powavgcwp has 30 seconds left.\n|\n|t:|1700258231\n|switch|p2b: Regidrago|Regidrago, L50|100\/100\n|cant|p1a: Tornadus|slp\n|move|p1b: Ogerpon|Ivy Cudgel|p2a: Yanmega|[anim] Ivy Cudgel Fire\n|-supereffective|p2a: Yanmega\n|-enditem|p2a: Yanmega|Focus Sash\n|-damage|p2a: Yanmega|1\/100\n|move|p2a: Yanmega|Tailwind|p2a: Yanmega\n|-sidestart|p2: JohannesBee|move: Tailwind\n|\n|-ability|p2a: Yanmega|Speed Boost|boost\n|-boost|p2a: Yanmega|spe|1\n|upkeep\n|turn|4\n|inactive|luk29powavgcwp has 30 seconds left.\n|\n|t:|1700258266\n|cant|p1a: Tornadus|slp\n|move|p2a: Yanmega|Air Slash|p1b: Ogerpon\n|-end|p1b: Ogerpon|Substitute\n|move|p1b: Ogerpon|Ivy Cudgel|p2b: Regidrago|[anim] Ivy Cudgel Fire\n|-resisted|p2b: Regidrago\n|-crit|p2b: Regidrago\n|-damage|p2b: Regidrago|16\/100\n|move|p2b: Regidrago|Focus Energy|p2b: Regidrago\n|-start|p2b: Regidrago|move: Focus Energy\n|\n|-sideend|p1: luk29powavgcwp|move: Tailwind\n|-ability|p2a: Yanmega|Speed Boost|boost\n|-boost|p2a: Yanmega|spe|1\n|upkeep\n|turn|5\n|inactive|luk29powavgcwp has 30 seconds left.\n|inactive|JohannesBee has 30 seconds left.\n|inactive|luk29powavgcwp has 20 seconds left.\n|inactive|luk29powavgcwp has 15 seconds left.\n|\n|t:|1700258307\n|-curestatus|p1a: Tornadus|slp|[msg]\n|move|p1a: Tornadus|Scary Face|p2b: Regidrago\n|-unboost|p2b: Regidrago|spe|2\n|move|p2a: Yanmega|Air Slash|p1b: Ogerpon\n|-damage|p1b: Ogerpon|35\/100\n|move|p1b: Ogerpon|Ivy Cudgel|p2a: Yanmega|[anim] Ivy Cudgel Fire\n|-supereffective|p2a: Yanmega\n|-damage|p2a: Yanmega|0 fnt\n|faint|p2a: Yanmega\n|move|p2b: Regidrago|Draco Meteor|p1a: Tornadus\n|-crit|p1a: Tornadus\n|-enditem|p1a: Tornadus|Focus Sash\n|-damage|p1a: Tornadus|1\/100\n|-unboost|p2b: Regidrago|spa|2\n|\n|-fieldend|move: Gravity\n|upkeep\n|\n|t:|1700258324\n|switch|p2a: Ogerpon|Ogerpon-Hearthflame, L50, F|100\/100\n|-ability|p2a: Ogerpon|Mold Breaker\n|turn|6\n|\n|t:|1700258341\n|-terastallize|p2a: Ogerpon|Fire\n|detailschange|p2a: Ogerpon|Ogerpon-Hearthflame-Tera, L50, F, tera:Fire\n|-ability|p2a: Ogerpon|Embody Aspect (Hearthflame)|boost\n|-boost|p2a: Ogerpon|atk|1\n|move|p1b: Ogerpon|Spiky Shield|p1b: Ogerpon\n|-singleturn|p1b: Ogerpon|move: Protect\n|move|p2b: Regidrago|Protect|p2b: Regidrago\n|-singleturn|p2b: Regidrago|Protect\n|move|p1a: Tornadus|Tailwind|p1a: Tornadus\n|-sidestart|p1: luk29powavgcwp|move: Tailwind\n|move|p2a: Ogerpon|Ivy Cudgel|p1b: Ogerpon|[anim] Ivy Cudgel Fire\n|-activate|p1b: Ogerpon|move: Protect\n|\n|-sideend|p2: JohannesBee|move: Tailwind\n|upkeep\n|turn|7\n|inactive|luk29powavgcwp has 30 seconds left.\n|\n|t:|1700258366\n|move|p2b: Regidrago|Protect||[still]\n|-fail|p2b: Regidrago\n|move|p1a: Tornadus|Bleakwind Storm|p2b: Regidrago|[spread] p2a,p2b\n|-damage|p2a: Ogerpon|56\/100\n|-damage|p2b: Regidrago|0 fnt\n|-unboost|p2a: Ogerpon|spe|1\n|faint|p2b: Regidrago\n|move|p1b: Ogerpon|Ivy Cudgel|p2a: Ogerpon|[anim] Ivy Cudgel Fire\n|-resisted|p2a: Ogerpon\n|-damage|p2a: Ogerpon|7\/100\n|move|p2a: Ogerpon|Ivy Cudgel|p1b: Ogerpon|[anim] Ivy Cudgel Fire\n|-resisted|p1b: Ogerpon\n|-damage|p1b: Ogerpon|0 fnt\n|faint|p1b: Ogerpon\n|\n|upkeep\n|-message|JohannesBee forfeited.\n|\n|win|luk29powavgcwp\n|raw|luk29powavgcwp's rating: 1165 &rarr; <strong>1197<\/strong><br \/>(+32 for winning)\n|raw|JohannesBee's rating: 1267 &rarr; <strong>1235<\/strong><br \/>(-32 for losing)\n|c|\u2606JohannesBee|gg\n|l|\u2606JohannesBee\n","uploadtime":1700258387,"views":8,"p1id":"luk29powavgcwp","p2id":"johannesbee","formatid":"gen9vgc2023regulatione","rating":1197,"private":0,"password":""}