{"id":"gen9vgc2023regulatione-1990008944","p1":"OvenfreshO1","p2":"GMTomahawk","format":"[Gen 9] VGC 2023 Regulation E","log":"|j|\u2606OvenfreshO1\n|j|\u2606GMTomahawk\n|t:|1699914943\n|gametype|doubles\n|player|p1|OvenfreshO1|1|1209\n|player|p2|GMTomahawk|linebacker|1292\n|teamsize|p1|6\n|teamsize|p2|6\n|gen|9\n|tier|[Gen 9] VGC 2023 Regulation E\n|rated|\n|rule|Species Clause: Limit one of each Pok\u00e9mon\n|rule|Item Clause: Limit one of each item\n|clearpoke\n|poke|p1|Lurantis, L50, F|\n|poke|p1|Indeedee-F, L50, F|\n|poke|p1|Armarouge, L50, M|\n|poke|p1|Urshifu-*, L50, M|\n|poke|p1|Glastrier, L50|\n|poke|p1|Flutter Mane, L50|\n|poke|p2|Urshifu-*, L50, F|\n|poke|p2|Flutter Mane, L50|\n|poke|p2|Rillaboom, L50, F|\n|poke|p2|Landorus-Therian, L50, M|\n|poke|p2|Iron Hands, L50|\n|poke|p2|Chi-Yu, L50|\n|teampreview|4\n|inactive|Battle timer is ON: inactive players will automatically lose when time's up. (requested by GMTomahawk)\n|inactive|GMTomahawk has 60 seconds left.\n|\n|t:|1699914991\n|start\n|switch|p1a: Indeedee|Indeedee-F, L50, F|100\/100\n|switch|p1b: Armarouge|Armarouge, L50, M|100\/100\n|switch|p2a: Chi-Yu|Chi-Yu, L50|100\/100\n|switch|p2b: Flutter Mane|Flutter Mane, L50, shiny|100\/100\n|-ability|p2a: Chi-Yu|Beads of Ruin\n|-fieldstart|move: Psychic Terrain|[from] ability: Psychic Surge|[of] p1a: Indeedee\n|-enditem|p1a: Indeedee|Psychic Seed\n|-boost|p1a: Indeedee|spd|1|[from] item: Psychic Seed\n|-enditem|p2b: Flutter Mane|Booster Energy\n|-activate|p2b: Flutter Mane|ability: Protosynthesis|[fromitem]\n|-start|p2b: Flutter Mane|protosynthesisspe\n|turn|1\n|\n|t:|1699915013\n|-end|p2b: Flutter Mane|Protosynthesis|[silent]\n|switch|p2b: Rillaboom|Rillaboom, L50, F, shiny|100\/100\n|-fieldstart|move: Grassy Terrain|[from] ability: Grassy Surge|[of] p2b: Rillaboom\n|-enditem|p2b: Rillaboom|Grassy Seed\n|-boost|p2b: Rillaboom|def|1|[from] item: Grassy Seed\n|move|p1a: Indeedee|Follow Me|p1a: Indeedee\n|-singleturn|p1a: Indeedee|move: Follow Me\n|move|p2a: Chi-Yu|Dark Pulse|p1a: Indeedee\n|-supereffective|p1a: Indeedee\n|-damage|p1a: Indeedee|0 fnt\n|faint|p1a: Indeedee\n|move|p1b: Armarouge|Trick Room|p1b: Armarouge\n|-fieldstart|move: Trick Room|[of] p1b: Armarouge\n|\n|upkeep\n|\n|t:|1699915024\n|switch|p1a: Glastrier|Glastrier, L50|100\/100\n|turn|2\n|inactive|OvenfreshO1 has 30 seconds left.\n|inactive|GMTomahawk has 30 seconds left.\n|\n|t:|1699915054\n|switch|p2a: Iron Hands|Iron Hands, L50, shiny|100\/100\n|-terastallize|p2b: Rillaboom|Fire\n|move|p1a: Glastrier|Protect|p1a: Glastrier\n|-singleturn|p1a: Glastrier|Protect\n|move|p2b: Rillaboom|Fake Out|p1b: Armarouge\n|-damage|p1b: Armarouge|89\/100\n|cant|p1b: Armarouge|flinch\n|\n|-heal|p1b: Armarouge|95\/100|[from] Grassy Terrain\n|upkeep\n|turn|3\n|inactive|GMTomahawk has 30 seconds left.\n|\n|t:|1699915085\n|move|p2a: Iron Hands|Fake Out|p1a: Glastrier\n|-damage|p1a: Glastrier|90\/100\n|cant|p1a: Glastrier|flinch\n|move|p1b: Armarouge|Expanding Force|p2b: Rillaboom\n|-damage|p2b: Rillaboom|48\/100\n|move|p2b: Rillaboom|Knock Off|p1b: Armarouge\n|-supereffective|p1b: Armarouge\n|-damage|p1b: Armarouge|39\/100\n|-enditem|p1b: Armarouge|Twisted Spoon|[from] move: Knock Off|[of] p2b: Rillaboom\n|\n|-heal|p1a: Glastrier|96\/100|[from] Grassy Terrain\n|-heal|p1b: Armarouge|45\/100|[from] Grassy Terrain\n|-heal|p2b: Rillaboom|54\/100|[from] Grassy Terrain\n|upkeep\n|turn|4\n|\n|t:|1699915105\n|switch|p2b: Chi-Yu|Chi-Yu, L50|100\/100\n|-ability|p2b: Chi-Yu|Beads of Ruin\n|move|p1a: Glastrier|High Horsepower|p2b: Chi-Yu\n|-supereffective|p2b: Chi-Yu\n|-damage|p2b: Chi-Yu|0 fnt\n|faint|p2b: Chi-Yu\n|-ability|p1a: Glastrier|Chilling Neigh|boost\n|-boost|p1a: Glastrier|atk|1\n|move|p2a: Iron Hands|Drain Punch|p1b: Armarouge\n|-resisted|p1b: Armarouge\n|-damage|p1b: Armarouge|23\/100\n|move|p1b: Armarouge|Expanding Force|p2a: Iron Hands\n|-supereffective|p2a: Iron Hands\n|-damage|p2a: Iron Hands|53\/100\n|\n|-heal|p1a: Glastrier|100\/100|[from] Grassy Terrain\n|-heal|p2a: Iron Hands|59\/100|[from] Grassy Terrain\n|-heal|p1b: Armarouge|30\/100|[from] Grassy Terrain\n|upkeep\n|\n|t:|1699915122\n|switch|p2b: Rillaboom|Rillaboom, L50, F, shiny, tera:Fire|54\/100\n|turn|5\n|\n|t:|1699915142\n|-terastallize|p1a: Glastrier|Ghost\n|move|p2b: Rillaboom|Fake Out|p1a: Glastrier\n|-immune|p1a: Glastrier\n|move|p1a: Glastrier|High Horsepower|p2b: Rillaboom\n|-supereffective|p2b: Rillaboom\n|-damage|p2b: Rillaboom|0 fnt\n|faint|p2b: Rillaboom\n|-ability|p1a: Glastrier|Chilling Neigh|boost\n|-boost|p1a: Glastrier|atk|1\n|move|p2a: Iron Hands|Drain Punch|p1a: Glastrier\n|-immune|p1a: Glastrier\n|move|p1b: Armarouge|Expanding Force|p2a: Iron Hands\n|-supereffective|p2a: Iron Hands\n|-damage|p2a: Iron Hands|14\/100\n|\n|-heal|p2a: Iron Hands|20\/100|[from] Grassy Terrain\n|-heal|p1b: Armarouge|36\/100|[from] Grassy Terrain\n|-fieldend|move: Trick Room\n|-fieldend|move: Grassy Terrain\n|upkeep\n|c|\u2606GMTomahawk|Woah good stuff\n|\n|t:|1699915162\n|switch|p2b: Flutter Mane|Flutter Mane, L50, shiny|100\/100\n|turn|6\n|c|\u2606OvenfreshO1|thx\n|\n|t:|1699915185\n|move|p2b: Flutter Mane|Shadow Ball|p1b: Armarouge\n|-supereffective|p1b: Armarouge\n|-damage|p1b: Armarouge|0 fnt\n|faint|p1b: Armarouge\n|move|p2a: Iron Hands|Drain Punch|p1a: Glastrier\n|-immune|p1a: Glastrier\n|move|p1a: Glastrier|High Horsepower|p2b: Flutter Mane\n|-damage|p2b: Flutter Mane|0 fnt\n|faint|p2b: Flutter Mane\n|-end|p2b: Flutter Mane|Protosynthesis|[silent]\n|-ability|p1a: Glastrier|Chilling Neigh|boost\n|-boost|p1a: Glastrier|atk|1\n|\n|upkeep\n|\n|t:|1699915194\n|switch|p1b: Lurantis|Lurantis, L50, F, shiny|100\/100\n|turn|7\n|\n|t:|1699915202\n|move|p1b: Lurantis|Knock Off|p2a: Iron Hands\n|-resisted|p2a: Iron Hands\n|-damage|p2a: Iron Hands|11\/100\n|-enditem|p2a: Iron Hands|Assault Vest|[from] move: Knock Off|[of] p1b: Lurantis\n|move|p2a: Iron Hands|Drain Punch|p1b: Lurantis\n|-damage|p1b: Lurantis|60\/100\n|-heal|p2a: Iron Hands|26\/100|[from] drain|[of] p1b: Lurantis\n|move|p1a: Glastrier|High Horsepower|p2a: Iron Hands\n|-supereffective|p2a: Iron Hands\n|-damage|p2a: Iron Hands|0 fnt\n|faint|p2a: Iron Hands\n|-end|p2a: Iron Hands|Quark Drive|[silent]\n|\n|win|OvenfreshO1\n|raw|OvenfreshO1's rating: 1209 &rarr; <strong>1240<\/strong><br \/>(+31 for winning)\n|raw|GMTomahawk's rating: 1292 &rarr; <strong>1261<\/strong><br \/>(-31 for losing)\n|l|\u2606GMTomahawk\n","uploadtime":1699915257,"views":12,"p1id":"ovenfresho1","p2id":"gmtomahawk","formatid":"gen9vgc2023regulatione","rating":1240,"private":0,"password":""}