{"id":"gen9vgc2023regulatione-1998497311","p1":"ydyang99","p2":"haamgamer07","format":"[Gen 9] VGC 2023 Regulation E","log":"|j|\u2606ydyang99\n|j|\u2606haamgamer07\n|t:|1700949024\n|gametype|doubles\n|player|p1|ydyang99|cynthia|1347\n|player|p2|haamgamer07|265|1248\n|teamsize|p1|6\n|teamsize|p2|6\n|gen|9\n|tier|[Gen 9] VGC 2023 Regulation E\n|rated|\n|rule|Species Clause: Limit one of each Pok\u00e9mon\n|rule|Item Clause: Limit one of each item\n|clearpoke\n|poke|p1|Illumise, L50, F|\n|poke|p1|Landorus-Therian, L50, M|\n|poke|p1|Kingambit, L50, F|\n|poke|p1|Ogerpon-Hearthflame, L50, F|\n|poke|p1|Rillaboom, L50, M|\n|poke|p1|Iron Bundle, L50|\n|poke|p2|Flutter Mane, L50|\n|poke|p2|Iron Hands, L50|\n|poke|p2|Ogerpon-Hearthflame, L50, F|\n|poke|p2|Cresselia, L50, F|\n|poke|p2|Ursaluna, L50, F|\n|poke|p2|Empoleon, L50, M|\n|teampreview|4\n|inactive|Battle timer is ON: inactive players will automatically lose when time's up. (requested by ydyang99)\n|inactive|haamgamer07 has 60 seconds left.\n|\n|t:|1700949065\n|start\n|switch|p1a: Rillaboom|Rillaboom, L50, M, shiny|100\/100\n|switch|p1b: Kingambit|Kingambit, L50, F, shiny|100\/100\n|switch|p2a: Cresselia|Cresselia, L50, F|100\/100\n|switch|p2b: Iron Hands|Iron Hands, L50|100\/100\n|-fieldstart|move: Grassy Terrain|[from] ability: Grassy Surge|[of] p1a: Rillaboom\n|turn|1\n|\n|t:|1700949090\n|-terastallize|p2a: Cresselia|Fairy\n|-terastallize|p1b: Kingambit|Fairy\n|move|p1a: Rillaboom|Fake Out|p2a: Cresselia\n|-damage|p2a: Cresselia|92\/100\n|move|p2b: Iron Hands|Swords Dance|p2b: Iron Hands\n|-boost|p2b: Iron Hands|atk|2\n|move|p1b: Kingambit|Swords Dance|p1b: Kingambit\n|-boost|p1b: Kingambit|atk|2\n|move|p2a: Cresselia|Trick Room|p2a: Cresselia\n|-fieldstart|move: Trick Room|[of] p2a: Cresselia\n|\n|upkeep\n|turn|2\n|inactive|ydyang99 has 30 seconds left.\n|inactive|haamgamer07 has 30 seconds left.\n|\n|t:|1700949122\n|switch|p2a: Empoleon|Empoleon, L50, M|100\/100\n|move|p1b: Kingambit|Protect|p1b: Kingambit\n|-singleturn|p1b: Kingambit|Protect\n|move|p2b: Iron Hands|Wild Charge|p1b: Kingambit\n|-activate|p1b: Kingambit|move: Protect\n|move|p1a: Rillaboom|Knock Off|p2b: Iron Hands\n|-resisted|p2b: Iron Hands\n|-damage|p2b: Iron Hands|90\/100\n|-enditem|p2b: Iron Hands|Sitrus Berry|[from] move: Knock Off|[of] p1a: Rillaboom\n|\n|-heal|p2b: Iron Hands|96\/100|[from] Grassy Terrain\n|upkeep\n|turn|3\n|inactive|ydyang99 has 30 seconds left.\n|\n|t:|1700949148\n|move|p1b: Kingambit|Sucker Punch|p2b: Iron Hands\n|-resisted|p2b: Iron Hands\n|-damage|p2b: Iron Hands|61\/100\n|-damage|p1b: Kingambit|91\/100|[from] item: Life Orb\n|move|p2a: Empoleon|Flash Cannon|p1b: Kingambit\n|-supereffective|p1b: Kingambit\n|-damage|p1b: Kingambit|19\/100\n|-unboost|p1b: Kingambit|spd|1\n|-ability|p1b: Kingambit|Defiant|boost\n|-boost|p1b: Kingambit|atk|2\n|move|p2b: Iron Hands|Drain Punch|p1a: Rillaboom\n|-damage|p1a: Rillaboom|26\/100\n|-heal|p2b: Iron Hands|92\/100|[from] drain|[of] p1a: Rillaboom\n|move|p1a: Rillaboom|Knock Off|p2a: Empoleon\n|-damage|p2a: Empoleon|70\/100\n|-enditem|p2a: Empoleon|Assault Vest|[from] move: Knock Off|[of] p1a: Rillaboom\n|\n|-heal|p2a: Empoleon|75\/100|[from] Grassy Terrain\n|-heal|p1b: Kingambit|25\/100|[from] Grassy Terrain\n|-heal|p2b: Iron Hands|98\/100|[from] Grassy Terrain\n|-heal|p1a: Rillaboom|32\/100|[from] Grassy Terrain\n|upkeep\n|turn|4\n|inactive|haamgamer07 has 30 seconds left.\n|inactive|haamgamer07 has 20 seconds left.\n|inactive|haamgamer07 has 15 seconds left.\n|\n|t:|1700949192\n|switch|p2a: Flutter Mane|Flutter Mane, L50|100\/100\n|move|p1b: Kingambit|Sucker Punch||[still]\n|-fail|p1b: Kingambit\n|move|p1a: Rillaboom|Grassy Glide|p2a: Flutter Mane\n|-damage|p2a: Flutter Mane|35\/100\n|move|p2b: Iron Hands|Drain Punch|p1b: Kingambit\n|-resisted|p1b: Kingambit\n|-damage|p1b: Kingambit|0 fnt\n|-heal|p2b: Iron Hands|100\/100|[from] drain|[of] p1b: Kingambit\n|faint|p1b: Kingambit\n|\n|-heal|p1a: Rillaboom|38\/100|[from] Grassy Terrain\n|-heal|p2a: Flutter Mane|40\/100|[from] Grassy Terrain\n|upkeep\n|\n|t:|1700949214\n|switch|p1b: Landorus|Landorus-Therian, L50, M, shiny|100\/100\n|-ability|p1b: Landorus|Intimidate|boost\n|-unboost|p2a: Flutter Mane|atk|1\n|-unboost|p2b: Iron Hands|atk|1\n|turn|5\n|\n|t:|1700949230\n|-end|p2b: Iron Hands|Quark Drive|[silent]\n|switch|p2b: Cresselia|Cresselia, L50, F, tera:Fairy|92\/100\n|move|p2a: Flutter Mane|Protect|p2a: Flutter Mane\n|-singleturn|p2a: Flutter Mane|Protect\n|move|p1a: Rillaboom|Grassy Glide|p2a: Flutter Mane\n|-activate|p2a: Flutter Mane|move: Protect\n|move|p1b: Landorus|Stomping Tantrum|p2b: Cresselia\n|-immune|p2b: Cresselia|[from] ability: Levitate\n|\n|-heal|p1a: Rillaboom|44\/100|[from] Grassy Terrain\n|-heal|p2a: Flutter Mane|46\/100|[from] Grassy Terrain\n|-fieldend|move: Trick Room\n|-fieldend|move: Grassy Terrain\n|upkeep\n|turn|6\n|inactive|haamgamer07 has 30 seconds left.\n|\n|t:|1700949257\n|-end|p2a: Flutter Mane|Protosynthesis|[silent]\n|switch|p2a: Empoleon|Empoleon, L50, M|75\/100\n|switch|p1a: Iron Bundle|Iron Bundle, L50|100\/100\n|-enditem|p1a: Iron Bundle|Booster Energy\n|-activate|p1a: Iron Bundle|ability: Quark Drive|[fromitem]\n|-start|p1a: Iron Bundle|quarkdrivespe\n|move|p1b: Landorus|Rock Slide|p2a: Empoleon|[spread] p2a,p2b\n|-resisted|p2a: Empoleon\n|-damage|p2a: Empoleon|65\/100\n|-damage|p2b: Cresselia|79\/100\n|move|p2b: Cresselia|Trick Room|p2b: Cresselia\n|-fieldstart|move: Trick Room|[of] p2b: Cresselia\n|\n|upkeep\n|turn|7\n|inactive|ydyang99 has 30 seconds left.\n|\n|t:|1700949282\n|switch|p1b: Rillaboom|Rillaboom, L50, M, shiny|44\/100\n|-fieldstart|move: Grassy Terrain|[from] ability: Grassy Surge|[of] p1b: Rillaboom\n|move|p2a: Empoleon|Ice Beam|p1b: Rillaboom\n|-supereffective|p1b: Rillaboom\n|-damage|p1b: Rillaboom|0 fnt\n|faint|p1b: Rillaboom\n|move|p2b: Cresselia|Psychic|p1a: Iron Bundle\n|-damage|p1a: Iron Bundle|52\/100\n|move|p1a: Iron Bundle|Hydro Pump|p2b: Cresselia\n|-damage|p2b: Cresselia|44\/100\n|\n|-heal|p2a: Empoleon|71\/100|[from] Grassy Terrain\n|-heal|p1a: Iron Bundle|58\/100|[from] Grassy Terrain\n|upkeep\n|\n|t:|1700949289\n|switch|p1b: Landorus|Landorus-Therian, L50, M, shiny|100\/100\n|-ability|p1b: Landorus|Intimidate|boost\n|-unboost|p2a: Empoleon|atk|1\n|-ability|p2a: Empoleon|Competitive|boost\n|-boost|p2a: Empoleon|spa|2\n|-unboost|p2b: Cresselia|atk|1\n|turn|8\n|\n|t:|1700949311\n|move|p1b: Landorus|Protect|p1b: Landorus\n|-singleturn|p1b: Landorus|Protect\n|move|p2a: Empoleon|Ice Beam|p1b: Landorus\n|-activate|p1b: Landorus|move: Protect\n|move|p2b: Cresselia|Lunar Blessing|p2b: Cresselia|[spread] p2a,p2b\n|-heal|p2a: Empoleon|96\/100\n|-heal|p2b: Cresselia|70\/100\n|move|p1a: Iron Bundle|Freeze-Dry|p2a: Empoleon\n|-crit|p2a: Empoleon\n|-damage|p2a: Empoleon|50\/100\n|-status|p2a: Empoleon|frz\n|\n|-heal|p2a: Empoleon|55\/100 frz|[from] Grassy Terrain\n|-heal|p1a: Iron Bundle|64\/100|[from] Grassy Terrain\n|upkeep\n|turn|9\n|-message|ydyang99 forfeited.\n|\n|win|haamgamer07\n|raw|ydyang99's rating: 1347 &rarr; <strong>1321<\/strong><br \/>(-26 for losing)\n|raw|haamgamer07's rating: 1248 &rarr; <strong>1280<\/strong><br \/>(+32 for winning)\n|l|\u2606ydyang99\n","uploadtime":1700949354,"views":10,"p1id":"ydyang99","p2id":"haamgamer07","formatid":"gen9vgc2023regulatione","rating":1280,"private":0,"password":""}