{"id":"gen9vgc2023regulatione-1999340999","p1":"gamma06","p2":"TheOnlyWay21","format":"[Gen 9] VGC 2023 Regulation E","log":"|j|\u2606gamma06\n|j|\u2606TheOnlyWay21\n|t:|1701063139\n|gametype|doubles\n|player|p1|gamma06|policeman|1072\n|player|p2|TheOnlyWay21|bea|1123\n|teamsize|p1|6\n|teamsize|p2|6\n|gen|9\n|tier|[Gen 9] VGC 2023 Regulation E\n|rated|\n|rule|Species Clause: Limit one of each Pok\u00e9mon\n|rule|Item Clause: Limit one of each item\n|clearpoke\n|poke|p1|Scizor, L50, M|\n|poke|p1|Pelipper, L50, M|\n|poke|p1|Thundurus-Therian, L50, M|\n|poke|p1|Iron Bundle, L50|\n|poke|p1|Urshifu-*, L50, M|\n|poke|p1|Ogerpon-Wellspring, L50, F|\n|poke|p2|Ogerpon, L50, F|\n|poke|p2|Tornadus, L50, M|\n|poke|p2|Flutter Mane, L50|\n|poke|p2|Urshifu-*, L50, F|\n|poke|p2|Heatran, L50, M|\n|poke|p2|Rillaboom, L50, F|\n|teampreview|4\ngamma06 rejected open team sheets.\n|\n|t:|1701063187\n|start\n|switch|p1a: Pelipper|Pelipper, L50, M|100\/100\n|switch|p1b: Ogerpon|Ogerpon-Wellspring, L50, F|100\/100\n|switch|p2a: Henry E.|Tornadus, L50, M|100\/100\n|switch|p2b: Music Man|Heatran, L50, M|100\/100\n|-weather|RainDance|[from] ability: Drizzle|[of] p1a: Pelipper\n|turn|1\n|inactive|Battle timer is ON: inactive players will automatically lose when time's up. (requested by gamma06)\n|\n|t:|1701063208\n|move|p2b: Music Man|Protect|p2b: Music Man\n|-singleturn|p2b: Music Man|Protect\n|move|p1b: Ogerpon|Follow Me|p1b: Ogerpon\n|-singleturn|p1b: Ogerpon|move: Follow Me\n|move|p2a: Henry E.|Bleakwind Storm|p1a: Pelipper|[spread] p1a,p1b\n|-supereffective|p1b: Ogerpon\n|-damage|p1a: Pelipper|40\/100\n|-damage|p1b: Ogerpon|43\/100\n|move|p1a: Pelipper|Tailwind|p1a: Pelipper\n|-sidestart|p1: gamma06|move: Tailwind\n|\n|-weather|RainDance|[upkeep]\n|upkeep\n|turn|2\n|\n|t:|1701063230\n|switch|p2b: Monty Gator|Rillaboom, L50, F|100\/100\n|-fieldstart|move: Grassy Terrain|[from] ability: Grassy Surge|[of] p2b: Monty Gator\n|-enditem|p2b: Monty Gator|Grassy Seed\n|-boost|p2b: Monty Gator|def|1|[from] item: Grassy Seed\n|move|p1b: Ogerpon|Ivy Cudgel|p2a: Henry E.|[anim] Ivy Cudgel Water\n|-damage|p2a: Henry E.|0 fnt\n|faint|p2a: Henry E.\n|move|p1a: Pelipper|Hurricane|p2b: Monty Gator\n|-supereffective|p2b: Monty Gator\n|-damage|p2b: Monty Gator|3\/100\n|\n|-weather|RainDance|[upkeep]\n|-heal|p1b: Ogerpon|49\/100|[from] Grassy Terrain\n|-heal|p2b: Monty Gator|9\/100|[from] Grassy Terrain\n|upkeep\n|\n|t:|1701063240\n|switch|p2a: William A.|Flutter Mane, L50|100\/100\n|turn|3\n|\n|t:|1701063255\n|switch|p1a: Scizor|Scizor, L50, M|100\/100\n|move|p2b: Monty Gator|Protect|p2b: Monty Gator\n|-singleturn|p2b: Monty Gator|Protect\n|move|p1b: Ogerpon|Follow Me|p1b: Ogerpon\n|-singleturn|p1b: Ogerpon|move: Follow Me\n|move|p2a: William A.|Dazzling Gleam|p1a: Scizor|[spread] p1a,p1b\n|-resisted|p1a: Scizor\n|-damage|p1a: Scizor|89\/100\n|-damage|p1b: Ogerpon|18\/100\n|\n|-weather|RainDance|[upkeep]\n|-heal|p1b: Ogerpon|23\/100|[from] Grassy Terrain\n|-heal|p1a: Scizor|95\/100|[from] Grassy Terrain\n|-heal|p2b: Monty Gator|15\/100|[from] Grassy Terrain\n|upkeep\n|turn|4\n|inactive|gamma06 has 30 seconds left.\n|\n|t:|1701063289\n|move|p1b: Ogerpon|Spiky Shield|p1b: Ogerpon\n|-singleturn|p1b: Ogerpon|move: Protect\n|move|p2a: William A.|Protect|p2a: William A.\n|-singleturn|p2a: William A.|Protect\n|move|p1a: Scizor|Bullet Punch|p2a: William A.\n|-activate|p2a: William A.|move: Protect\n|move|p2b: Monty Gator|Grassy Glide|p1b: Ogerpon\n|-activate|p1b: Ogerpon|move: Protect\n|-damage|p2b: Monty Gator|3\/100|[from] Spiky Shield|[of] p1b: Ogerpon\n|\n|-weather|RainDance|[upkeep]\n|-heal|p1b: Ogerpon|29\/100|[from] Grassy Terrain\n|-heal|p1a: Scizor|100\/100|[from] Grassy Terrain\n|-heal|p2b: Monty Gator|9\/100|[from] Grassy Terrain\n|-sideend|p1: gamma06|move: Tailwind\n|upkeep\n|turn|5\n|inactive|gamma06 has 30 seconds left.\n|\n|t:|1701063318\n|-terastallize|p1a: Scizor|Ground\n|move|p2b: Monty Gator|Grassy Glide|p1b: Ogerpon\n|-damage|p1b: Ogerpon|0 fnt\n|faint|p1b: Ogerpon\n|move|p2a: William A.|Shadow Ball|p1a: Scizor\n|-damage|p1a: Scizor|69\/100\n|move|p1a: Scizor|Tera Blast|p2a: William A.|[anim] Tera Blast Ground\n|-enditem|p2a: William A.|Focus Sash\n|-damage|p2a: William A.|1\/100\n|\n|-weather|none\n|-heal|p2a: William A.|7\/100|[from] Grassy Terrain\n|-heal|p2b: Monty Gator|15\/100|[from] Grassy Terrain\n|-heal|p1a: Scizor|75\/100|[from] Grassy Terrain\n|upkeep\n|\n|t:|1701063338\n|switch|p1b: Iron Bundle|Iron Bundle, L50|100\/100\n|-enditem|p1b: Iron Bundle|Booster Energy\n|-activate|p1b: Iron Bundle|ability: Quark Drive|[fromitem]\n|-start|p1b: Iron Bundle|quarkdrivespe\n|turn|6\n|\n|t:|1701063353\n|switch|p1a: Pelipper|Pelipper, L50, M|40\/100\n|-weather|RainDance|[from] ability: Drizzle|[of] p1a: Pelipper\n|move|p2a: William A.|Protect|p2a: William A.\n|-singleturn|p2a: William A.|Protect\n|move|p2b: Monty Gator|Grassy Glide|p1a: Pelipper\n|-damage|p1a: Pelipper|0 fnt\n|faint|p1a: Pelipper\n|move|p1b: Iron Bundle|Icy Wind|p2b: Monty Gator|[spread] p2b\n|-activate|p2a: William A.|move: Protect\n|-supereffective|p2b: Monty Gator\n|-damage|p2b: Monty Gator|0 fnt\n|faint|p2b: Monty Gator\n|\n|-weather|RainDance|[upkeep]\n|-heal|p2a: William A.|14\/100|[from] Grassy Terrain\n|-fieldend|move: Grassy Terrain\n|upkeep\n|\n|t:|1701063369\n|switch|p1a: Scizor|Scizor, L50, M, tera:Ground|75\/100\n|switch|p2b: Music Man|Heatran, L50, M|100\/100\n|turn|7\n|\n|t:|1701063388\n|-terastallize|p2b: Music Man|Fairy\n|move|p1b: Iron Bundle|Icy Wind|p2a: William A.|[spread] p2a,p2b\n|-damage|p2a: William A.|0 fnt\n|-damage|p2b: Music Man|83\/100\n|-unboost|p2b: Music Man|spe|1\n|faint|p2a: William A.\n|-end|p2a: William A.|Protosynthesis|[silent]\n|move|p1a: Scizor|Tera Blast|p2b: Music Man|[anim] Tera Blast Ground\n|-damage|p2b: Music Man|42\/100\n|move|p2b: Music Man|Flash Cannon|p1b: Iron Bundle\n|-damage|p1b: Iron Bundle|10\/100\n|\n|-weather|RainDance|[upkeep]\n|-heal|p2b: Music Man|48\/100|[from] item: Leftovers\n|upkeep\n|turn|8\n|\n|t:|1701063406\n|move|p1a: Scizor|Bullet Punch|p2b: Music Man\n|-supereffective|p2b: Music Man\n|-damage|p2b: Music Man|0 fnt\n|faint|p2b: Music Man\n|\n|win|gamma06\n|raw|gamma06's rating: 1072 &rarr; <strong>1105<\/strong><br \/>(+33 for winning)\n|raw|TheOnlyWay21's rating: 1123 &rarr; <strong>1094<\/strong><br \/>(-29 for losing)\n|l|\u2606TheOnlyWay21\n","uploadtime":1701063420,"views":4,"p1id":"gamma06","p2id":"theonlyway21","formatid":"gen9vgc2023regulatione","rating":1094,"private":0,"password":""}