{"id":"gen9vgc2023regulatione-1997875969","p1":"Peligrosplgs","p2":"xingshen","format":"[Gen 9] VGC 2023 Regulation E","log":"|j|\u2606Peligrosplgs\n|j|\u2606xingshen\n|t:|1700862532\n|gametype|doubles\n|player|p1|Peligrosplgs|1|1177\n|player|p2|xingshen|102|1203\n|teamsize|p1|6\n|teamsize|p2|6\n|gen|9\n|tier|[Gen 9] VGC 2023 Regulation E\n|rated|\n|rule|Species Clause: Limit one of each Pok\u00e9mon\n|rule|Item Clause: Limit one of each item\n|clearpoke\n|poke|p1|Clefable, L50, M|\n|poke|p1|Iron Hands, L50|\n|poke|p1|Maushold-Four, L50|\n|poke|p1|Sinistcha-Masterpiece, L50|\n|poke|p1|Ogerpon-Hearthflame, L50, F|\n|poke|p1|Arcanine, L50, M|\n|poke|p2|Dondozo, L50, F|\n|poke|p2|Dragapult, L50, F|\n|poke|p2|Urshifu-*, L50, F|\n|poke|p2|Amoonguss, L50, F|\n|poke|p2|Tatsugiri, L50, M|\n|poke|p2|Ogerpon-Cornerstone, L50, F|\n|teampreview|4\n|\n|t:|1700862584\n|start\n|switch|p1a: Cliff|Clefable, L50, M, shiny|100\/100\n|switch|p1b: Maushold|Maushold-Four, L50, shiny|100\/100\n|switch|p2a: Dondozo|Dondozo, L50, F|100\/100\n|switch|p2b: Ogerpon|Ogerpon-Cornerstone, L50, F|100\/100\n|turn|1\n|\n|t:|1700862620\n|move|p2a: Dondozo|Protect|p2a: Dondozo\n|-singleturn|p2a: Dondozo|Protect\n|move|p1a: Cliff|Follow Me|p1a: Cliff\n|-singleturn|p1a: Cliff|move: Follow Me\n|move|p2b: Ogerpon|Ivy Cudgel|p1a: Cliff|[anim] Ivy Cudgel Rock\n|-damage|p1a: Cliff|43\/100\n|-enditem|p1a: Cliff|Sitrus Berry|[eat]\n|-heal|p1a: Cliff|68\/100|[from] item: Sitrus Berry\n|move|p1b: Maushold|Population Bomb|p2a: Dondozo\n|-activate|p2a: Dondozo|move: Protect\n|\n|upkeep\n|turn|2\n|\n|t:|1700862650\n|switch|p2a: Dragapult|Dragapult, L50, F|100\/100\n|move|p1a: Cliff|Follow Me|p1a: Cliff\n|-singleturn|p1a: Cliff|move: Follow Me\n|move|p2b: Ogerpon|Knock Off|p1a: Cliff\n|-resisted|p1a: Cliff\n|-damage|p1a: Cliff|55\/100\n|move|p1b: Maushold|Population Bomb|p2a: Dragapult\n|-immune|p2a: Dragapult\n|\n|upkeep\n|turn|3\n|\n|t:|1700862683\n|switch|p2a: Dondozo|Dondozo, L50, F|100\/100\n|switch|p2b: Tatsugiri|Tatsugiri, L50, M|100\/100\n|-activate|p2b: Tatsugiri|ability: Commander|[of] p2a: Dondozo\n|-boost|p2a: Dondozo|atk|2\n|-boost|p2a: Dondozo|spa|2\n|-boost|p2a: Dondozo|spe|2\n|-boost|p2a: Dondozo|def|2\n|-boost|p2a: Dondozo|spd|2\n|move|p1b: Maushold|Protect|p1b: Maushold\n|-singleturn|p1b: Maushold|Protect\n|move|p1a: Cliff|Moonblast|p2a: Dondozo\n|-damage|p2a: Dondozo|66\/100\n|\n|upkeep\n|turn|4\n|inactive|Battle timer is ON: inactive players will automatically lose when time's up. (requested by xingshen)\n|inactive|Peligrosplgs has 60 seconds left.\n|inactive|Peligrosplgs has 30 seconds left.\n|inactive|Peligrosplgs has 20 seconds left.\n|inactive|Peligrosplgs has 15 seconds left.\n|inactive|Peligrosplgs has 10 seconds left.\n|inactive|Peligrosplgs has 5 seconds left.\n|\n|t:|1700862892\n|-terastallize|p2a: Dondozo|Fire\n|move|p1a: Cliff|Follow Me|p1a: Cliff\n|-singleturn|p1a: Cliff|move: Follow Me\n|move|p1b: Maushold|Population Bomb|p2a: Dondozo\n|-damage|p2a: Dondozo|62\/100\n|-damage|p2a: Dondozo|58\/100\n|-damage|p2a: Dondozo|55\/100\n|-damage|p2a: Dondozo|51\/100\n|-damage|p2a: Dondozo|47\/100\n|-damage|p2a: Dondozo|43\/100\n|-damage|p2a: Dondozo|39\/100\n|-damage|p2a: Dondozo|35\/100\n|-crit|p2a: Dondozo\n|-damage|p2a: Dondozo|23\/100\n|-damage|p2a: Dondozo|20\/100\n|-hitcount|p2a: Dondozo|10\n|move|p2a: Dondozo|Earthquake|p1a: Cliff|[spread] p1a,p1b\n|-miss|p2a: Dondozo|p2b: Tatsugiri\n|-damage|p1a: Cliff|36\/100\n|-damage|p1b: Maushold|45\/100\n|\n|upkeep\n|turn|5\n|inactive|Peligrosplgs has 30 seconds left.\n|inactive|xingshen has 30 seconds left.\n|inactive|Peligrosplgs has 20 seconds left.\n|inactive|Peligrosplgs has 15 seconds left.\n|inactive|Peligrosplgs has 10 seconds left.\n|inactive|Peligrosplgs has 5 seconds left.\n|\n|t:|1700862947\n|move|p2a: Dondozo|Protect|p2a: Dondozo\n|-singleturn|p2a: Dondozo|Protect\n|move|p1a: Cliff|Follow Me|p1a: Cliff\n|-singleturn|p1a: Cliff|move: Follow Me\n|move|p1b: Maushold|Population Bomb|p2a: Dondozo\n|-activate|p2a: Dondozo|move: Protect\n|\n|upkeep\n|turn|6\n|inactive|Peligrosplgs has 30 seconds left.\n|inactive|Peligrosplgs has 20 seconds left.\n|inactive|Peligrosplgs has 15 seconds left.\n|inactive|Peligrosplgs has 10 seconds left.\n|inactive|Peligrosplgs has 5 seconds left.\n|\n|t:|1700863002\n|move|p1a: Cliff|Follow Me|p1a: Cliff\n|-singleturn|p1a: Cliff|move: Follow Me\n|move|p1b: Maushold|Population Bomb|p2a: Dondozo\n|-damage|p2a: Dondozo|16\/100\n|-damage|p2a: Dondozo|12\/100\n|-damage|p2a: Dondozo|8\/100\n|-damage|p2a: Dondozo|4\/100\n|-damage|p2a: Dondozo|0 fnt\n|faint|p2a: Dondozo\n|-hitcount|p2: Dondozo|5\n|\n|upkeep\n|\n|t:|1700863024\n|switch|p2a: Dragapult|Dragapult, L50, F|100\/100\n|turn|7\n|inactive|Peligrosplgs has 30 seconds left.\n|inactive|xingshen has 30 seconds left.\n|inactive|Peligrosplgs has 20 seconds left.\n|inactive|Peligrosplgs has 15 seconds left.\n|inactive|Peligrosplgs has 10 seconds left.\n|inactive|Peligrosplgs has 5 seconds left.\n|\n|t:|1700863079\n|move|p1a: Cliff|Follow Me|p1a: Cliff\n|-singleturn|p1a: Cliff|move: Follow Me\n|move|p2a: Dragapult|Hydro Pump|p1a: Cliff\n|-damage|p1a: Cliff|4\/100\n|move|p1b: Maushold|Population Bomb|p2a: Dragapult\n|-immune|p2a: Dragapult\n|move|p2b: Tatsugiri|Muddy Water|p1a: Cliff|[spread] p1a,p1b\n|-damage|p1a: Cliff|0 fnt\n|-damage|p1b: Maushold|0 fnt\n|faint|p1a: Cliff\n|faint|p1b: Maushold\n|\n|upkeep\n|inactive|Peligrosplgs has 30 seconds left.\n|inactive|Peligrosplgs has 20 seconds left.\n|inactive|Peligrosplgs has 15 seconds left.\n|inactive|Peligrosplgs has 10 seconds left.\n|inactive|Peligrosplgs has 5 seconds left.\n|\n|t:|1700863134\n|switch|p1b: Ogerpon|Ogerpon-Hearthflame, L50, F|100\/100\n|switch|p1a: Sinistcha|Sinistcha-Masterpiece, L50|100\/100\n|-ability|p1b: Ogerpon|Mold Breaker\n|turn|8\n|inactive|Peligrosplgs has 30 seconds left.\n|inactive|Peligrosplgs has 20 seconds left.\n|inactive|Peligrosplgs has 15 seconds left.\n|inactive|Peligrosplgs has 10 seconds left.\n|inactive|Peligrosplgs has 5 seconds left.\n|\n|t:|1700863185\n|switch|p2a: Ogerpon|Ogerpon-Cornerstone, L50, F|100\/100\n|-terastallize|p1a: Sinistcha|Fairy\n|move|p1b: Ogerpon|Spiky Shield|p1b: Ogerpon\n|-singleturn|p1b: Ogerpon|move: Protect\n|move|p2b: Tatsugiri|Muddy Water|p1a: Sinistcha|[spread] p1a\n|-activate|p1b: Ogerpon|move: Protect\n|-damage|p1a: Sinistcha|41\/100\n|move|p1a: Sinistcha|Matcha Gotcha|p2b: Tatsugiri|[spread] p2a,p2b\n|-damage|p2a: Ogerpon|73\/100\n|-heal|p1a: Sinistcha|53\/100|[from] drain|[of] p2a: Ogerpon\n|-damage|p2b: Tatsugiri|71\/100\n|-heal|p1a: Sinistcha|65\/100|[from] drain|[of] p2b: Tatsugiri\n|-status|p2b: Tatsugiri|brn\n|\n|-damage|p2b: Tatsugiri|66\/100 brn|[from] brn\n|upkeep\n|turn|9\n|inactive|Peligrosplgs has 30 seconds left.\n|inactive|xingshen has 30 seconds left.\n|\n|t:|1700863219\n|move|p1b: Ogerpon|Horn Leech|p2a: Ogerpon\n|-damage|p2a: Ogerpon|22\/100\n|move|p2a: Ogerpon|Ivy Cudgel|p1b: Ogerpon|[anim] Ivy Cudgel Rock\n|-supereffective|p1b: Ogerpon\n|-damage|p1b: Ogerpon|0 fnt\n|faint|p1b: Ogerpon\n|move|p2b: Tatsugiri|Muddy Water|p1a: Sinistcha\n|-damage|p1a: Sinistcha|0 fnt\n|faint|p1a: Sinistcha\n|\n|win|xingshen\n|raw|Peligrosplgs's rating: 1177 &rarr; <strong>1152<\/strong><br \/>(-25 for losing)\n|raw|xingshen's rating: 1172 &rarr; <strong>1197<\/strong><br \/>(+25 for winning)\n|l|\u2606Peligrosplgs\n","uploadtime":1700863235,"views":13,"p1id":"peligrosplgs","p2id":"xingshen","formatid":"gen9vgc2023regulatione","rating":1152,"private":0,"password":""}