{"id":"gen9vgc2023regulatione-1995869065","p1":"1 Time cp","p2":"Redorian","format":"[Gen 9] VGC 2023 Regulation E","log":"|j|\u26061 Time cp\n|j|\u2606Redorian\n|t:|1700611641\n|gametype|doubles\n|player|p1|1 Time cp|lucas|1238\n|player|p2|Redorian|proton|1244\n|teamsize|p1|6\n|teamsize|p2|6\n|gen|9\n|tier|[Gen 9] VGC 2023 Regulation E\n|rated|\n|rule|Species Clause: Limit one of each Pok\u00e9mon\n|rule|Item Clause: Limit one of each item\n|clearpoke\n|poke|p1|Infernape, L50, F|\n|poke|p1|Dondozo, L50, F|\n|poke|p1|Tatsugiri, L50, F|\n|poke|p1|Dragonite, L50, F|\n|poke|p1|Chien-Pao, L50|\n|poke|p1|Ogerpon, L50, F|\n|poke|p2|Tornadus, L50, M|\n|poke|p2|Indeedee-F, L50, F|\n|poke|p2|Armarouge, L50, M|\n|poke|p2|Sneasler, L50, M|\n|poke|p2|Flutter Mane, L50|\n|poke|p2|Chien-Pao, L50|\n|teampreview|4\nRedorian has agreed to open team sheets.\n|inactive|Battle timer is ON: inactive players will automatically lose when time's up. (requested by Redorian)\n|\n|t:|1700611712\n|start\n|switch|p1a: Chien-Pao|Chien-Pao, L50|100\/100\n|switch|p1b: Infernape|Infernape, L50, F, shiny|100\/100\n|switch|p2a: Aphrodite|Indeedee-F, L50, F|100\/100\n|switch|p2b: Demeter|Sneasler, L50, M, shiny|100\/100\n|-ability|p1a: Chien-Pao|Sword of Ruin\n|-fieldstart|move: Psychic Terrain|[from] ability: Psychic Surge|[of] p2a: Aphrodite\n|-enditem|p2b: Demeter|Psychic Seed\n|-boost|p2b: Demeter|spd|1|[from] item: Psychic Seed\n|turn|1\n|inactive|Redorian has 30 seconds left.\n|\n|t:|1700611744\n|move|p1a: Chien-Pao|Protect|p1a: Chien-Pao\n|-singleturn|p1a: Chien-Pao|Protect\n|move|p2a: Aphrodite|Follow Me|p2a: Aphrodite\n|-singleturn|p2a: Aphrodite|move: Follow Me\n|move|p2b: Demeter|Swords Dance|p2b: Demeter\n|-boost|p2b: Demeter|atk|2\n|move|p1b: Infernape|U-turn|p2a: Aphrodite\n|-supereffective|p2a: Aphrodite\n|-damage|p2a: Aphrodite|38\/100\n|\n|t:|1700611753\n|switch|p1b: Dondozo|Dondozo, L50, F, shiny|100\/100|[from] U-turn\n|\n|upkeep\n|turn|2\n|\n|t:|1700611767\n|switch|p1a: Tatsugiri|Tatsugiri, L50, F|100\/100\n|-activate|p1a: Tatsugiri|ability: Commander|[of] p1b: Dondozo\n|-boost|p1b: Dondozo|atk|2\n|-boost|p1b: Dondozo|spa|2\n|-boost|p1b: Dondozo|spe|2\n|-boost|p1b: Dondozo|def|2\n|-boost|p1b: Dondozo|spd|2\n|move|p2a: Aphrodite|Follow Me|p2a: Aphrodite\n|-singleturn|p2a: Aphrodite|move: Follow Me\n|move|p2b: Demeter|Dire Claw|p1a: Tatsugiri|[miss]\n|-miss|p2b: Demeter|p1a: Tatsugiri\n|move|p1b: Dondozo|Earthquake|p2b: Demeter|[spread] p2a,p2b\n|-miss|p1b: Dondozo|p1a: Tatsugiri\n|-supereffective|p2b: Demeter\n|-damage|p2a: Aphrodite|0 fnt\n|-damage|p2b: Demeter|0 fnt\n|faint|p2a: Aphrodite\n|faint|p2b: Demeter\n|\n|upkeep\n|c|\u26061 Time cp|gg\n|\n|t:|1700611786\n|switch|p2b: Cyrus|Armarouge, L50, M, shiny|100\/100\n|switch|p2a: Pluto|Chien-Pao, L50|100\/100\n|-ability|p2a: Pluto|Sword of Ruin\n|turn|3\n|\n|t:|1700611798\n|-terastallize|p2b: Cyrus|Grass\n|move|p2a: Pluto|Protect|p2a: Pluto\n|-singleturn|p2a: Pluto|Protect\n|move|p1b: Dondozo|Protect|p1b: Dondozo\n|-singleturn|p1b: Dondozo|Protect\n|move|p2b: Cyrus|Expanding Force|p1a: Tatsugiri|[spread] \n|-miss|p2b: Cyrus|p1a: Tatsugiri\n|-activate|p1b: Dondozo|move: Protect\n|\n|upkeep\n|turn|4\n|\n|t:|1700611820\n|move|p2a: Pluto|Sacred Sword|p1b: Dondozo\n|-damage|p1b: Dondozo|73\/100\n|move|p1b: Dondozo|Order Up|p2b: Cyrus\n|-damage|p2b: Cyrus|39\/100\n|-boost|p1b: Dondozo|atk|1\n|move|p2b: Cyrus|Expanding Force|p1b: Dondozo|[spread] p1b\n|-miss|p2b: Cyrus|p1a: Tatsugiri\n|-damage|p1b: Dondozo|29\/100\n|-damage|p2b: Cyrus|29\/100|[from] item: Life Orb\n|\n|-heal|p1b: Dondozo|35\/100|[from] item: Leftovers\n|upkeep\n|turn|5\n|l|\u2606Redorian\n|inactive|Redorian disconnected and has a minute to reconnect!\n|player|p2|\n|inactive|Redorian has 30 seconds left.\n|inactive|Redorian has 20 seconds left.\n|inactive|Redorian has 15 seconds left.\n|inactive|Redorian has 10 seconds left.\n|inactive|Redorian has 5 seconds left.\n|-message|Redorian lost due to inactivity.\n|\n|win|1 Time cp\n|raw|1 Time cp's rating: 1238 &rarr; <strong>1263<\/strong><br \/>(+25 for winning)\n|raw|Redorian's rating: 1244 &rarr; <strong>1219<\/strong><br \/>(-25 for losing)\n","uploadtime":1700611889,"views":25,"p1id":"1timecp","p2id":"redorian","formatid":"gen9vgc2023regulatione","rating":1219,"private":0,"password":""}