{"id":"gen9vgc2023regulatione-1997923554","p1":"tmad1025","p2":"Kxjsjsp","format":"[Gen 9] VGC 2023 Regulation E","log":"|j|\u2606tmad1025\n|j|\u2606Kxjsjsp\n|t:|1700867948\n|gametype|doubles\n|player|p1|tmad1025|red|1040\n|player|p2|Kxjsjsp|lance|1000\n|teamsize|p1|6\n|teamsize|p2|6\n|gen|9\n|tier|[Gen 9] VGC 2023 Regulation E\n|rated|\n|rule|Species Clause: Limit one of each Pok\u00e9mon\n|rule|Item Clause: Limit one of each item\n|clearpoke\n|poke|p1|Arboliva, L50, F|\n|poke|p1|Lurantis, L50, F|\n|poke|p1|Torkoal, L50, F|\n|poke|p1|Flamigo, L50, M|\n|poke|p1|Tornadus, L50, M|\n|poke|p1|Scovillain, L50, M|\n|poke|p2|Flutter Mane, L50|\n|poke|p2|Tornadus, L50, M|\n|poke|p2|Rillaboom, L50, M|\n|poke|p2|Garganacl, L50, F|\n|poke|p2|Arcanine-Hisui, L50, M|\n|poke|p2|Chien-Pao, L50|\n|teampreview|4\n|inactive|Battle timer is ON: inactive players will automatically lose when time's up. (requested by tmad1025)\n|inactive|Kxjsjsp has 60 seconds left.\n|\n|t:|1700868006\n|start\n|switch|p1a: Lurantis|Lurantis, L50, F|100\/100\n|switch|p1b: Torkoal|Torkoal, L50, F|100\/100\n|switch|p2a: Tornadus|Tornadus, L50, M|100\/100\n|switch|p2b: Garganacl|Garganacl, L50, F|100\/100\n|-weather|SunnyDay|[from] ability: Drought|[of] p1b: Torkoal\n|turn|1\n|\n|t:|1700868025\n|-terastallize|p2b: Garganacl|Ghost\n|move|p2a: Tornadus|Bleakwind Storm|p1a: Lurantis|[spread] p1a\n|-miss|p2a: Tornadus|p1b: Torkoal\n|-supereffective|p1a: Lurantis\n|-damage|p1a: Lurantis|35\/100\n|move|p1a: Lurantis|Leaf Storm|p2b: Garganacl\n|-damage|p2b: Garganacl|53\/100\n|-boost|p1a: Lurantis|spa|2\n|-damage|p1a: Lurantis|25\/100|[from] item: Life Orb\n|move|p2b: Garganacl|Salt Cure|p1b: Torkoal\n|-supereffective|p1b: Torkoal\n|-damage|p1b: Torkoal|79\/100\n|-start|p1b: Torkoal|Salt Cure\n|move|p1b: Torkoal|Eruption|p2b: Garganacl|[spread] p2a,p2b\n|-damage|p2a: Tornadus|53\/100\n|-damage|p2b: Garganacl|17\/100\n|-enditem|p2b: Garganacl|Sitrus Berry|[eat]\n|-heal|p2b: Garganacl|42\/100|[from] item: Sitrus Berry\n|\n|-weather|SunnyDay|[upkeep]\n|-damage|p1b: Torkoal|67\/100|[from] Salt Cure\n|upkeep\n|turn|2\n|inactive|tmad1025 has 30 seconds left.\n|\n|t:|1700868057\n|move|p2b: Garganacl|Protect|p2b: Garganacl\n|-singleturn|p2b: Garganacl|Protect\n|move|p2a: Tornadus|Bleakwind Storm|p1a: Lurantis|[spread] p1a,p1b\n|-supereffective|p1a: Lurantis\n|-damage|p1a: Lurantis|0 fnt\n|-damage|p1b: Torkoal|21\/100\n|faint|p1a: Lurantis\n|move|p1b: Torkoal|Flamethrower|p2a: Tornadus\n|-damage|p2a: Tornadus|3\/100\n|\n|-weather|SunnyDay|[upkeep]\n|-damage|p1b: Torkoal|8\/100|[from] Salt Cure\n|upkeep\n|\n|t:|1700868068\n|switch|p1a: Scovillain|Scovillain, L50, M|100\/100\n|turn|3\n|\n|t:|1700868080\n|move|p2a: Tornadus|Tailwind|p2a: Tornadus\n|-sidestart|p2: Kxjsjsp|move: Tailwind\n|move|p1a: Scovillain|Growth|p1a: Scovillain\n|-boost|p1a: Scovillain|atk|2\n|-boost|p1a: Scovillain|spa|2\n|move|p2b: Garganacl|Recover|p2b: Garganacl\n|-heal|p2b: Garganacl|92\/100\n|move|p1b: Torkoal|Flamethrower|p2a: Tornadus\n|-damage|p2a: Tornadus|0 fnt\n|faint|p2a: Tornadus\n|\n|-weather|SunnyDay|[upkeep]\n|-damage|p1b: Torkoal|0 fnt|[from] Salt Cure\n|faint|p1b: Torkoal\n|upkeep\n|\n|t:|1700868093\n|switch|p2a: Arcanine|Arcanine-Hisui, L50, M|100\/100\n|switch|p1b: Flamigo|Flamigo, L50, M|100\/100\n|-ability|p2a: Arcanine|Intimidate|boost\n|-unboost|p1a: Scovillain|atk|1\n|-unboost|p1b: Flamigo|atk|1\n|-enditem|p1b: Flamigo|White Herb\n|-clearnegativeboost|p1b: Flamigo|[silent]\n|-copyboost|p1b: Flamigo|p1a: Scovillain|[from] ability: Costar\n|turn|4\n|\n|t:|1700868112\n|move|p2a: Arcanine|Rock Slide|p1b: Flamigo|[spread] p1a,p1b\n|-supereffective|p1a: Scovillain\n|-enditem|p1a: Scovillain|Focus Sash\n|-damage|p1a: Scovillain|1\/100\n|-damage|p1b: Flamigo|43\/100\n|move|p1a: Scovillain|Stomping Tantrum|p2a: Arcanine\n|-supereffective|p2a: Arcanine\n|-damage|p2a: Arcanine|0 fnt\n|faint|p2a: Arcanine\n|move|p1b: Flamigo|Throat Chop|p2b: Garganacl\n|-supereffective|p2b: Garganacl\n|-damage|p2b: Garganacl|42\/100\n|-start|p2b: Garganacl|Throat Chop|[silent]\n|move|p2b: Garganacl|Iron Defense|p2b: Garganacl\n|-boost|p2b: Garganacl|def|2\n|\n|-weather|SunnyDay|[upkeep]\n|upkeep\n|\n|t:|1700868116\n|switch|p2a: Flutter Mane|Flutter Mane, L50|100\/100\n|-activate|p2a: Flutter Mane|ability: Protosynthesis\n|-start|p2a: Flutter Mane|protosynthesisspe\n|turn|5\n|inactive|tmad1025 has 30 seconds left.\n|inactive|tmad1025 has 20 seconds left.\n|inactive|tmad1025 has 15 seconds left.\n|\n|t:|1700868159\n|move|p2a: Flutter Mane|Moonblast|p1b: Flamigo\n|-supereffective|p1b: Flamigo\n|-damage|p1b: Flamigo|0 fnt\n|faint|p1b: Flamigo\n|move|p1a: Scovillain|Grassy Glide|p2a: Flutter Mane\n|-damage|p2a: Flutter Mane|13\/100\n|move|p2b: Garganacl|Recover|p2b: Garganacl\n|-heal|p2b: Garganacl|92\/100\n|\n|-weather|SunnyDay|[upkeep]\n|-end|p2b: Garganacl|Throat Chop|[silent]\n|upkeep\n|turn|6\n|\n|t:|1700868175\n|move|p2a: Flutter Mane|Shadow Ball|p1a: Scovillain\n|-damage|p1a: Scovillain|0 fnt\n|faint|p1a: Scovillain\n|\n|win|Kxjsjsp\n|raw|tmad1025's rating: 1040 &rarr; <strong>1022<\/strong><br \/>(-18 for losing)\n|raw|Kxjsjsp's rating: 1000 &rarr; <strong>1045<\/strong><br \/>(+45 for winning)\n","uploadtime":1700868178,"views":1,"p1id":"tmad1025","p2id":"kxjsjsp","formatid":"gen9vgc2023regulatione","rating":1022,"private":0,"password":""}