{"id":"gen9vgc2023regulatione-1992203240","p1":"pelipperislandxoo","p2":"N4nD1tt0","format":"[Gen 9] VGC 2023 Regulation E","log":"|j|\u2606pelipperislandxoo\n|j|\u2606N4nD1tt0\n|t:|1700163568\n|gametype|doubles\n|player|p1|pelipperislandxoo|cynthia-gen4|1164\n|player|p2|N4nD1tt0|265|1156\n|teamsize|p1|6\n|teamsize|p2|6\n|gen|9\n|tier|[Gen 9] VGC 2023 Regulation E\n|rated|\n|rule|Species Clause: Limit one of each Pok\u00e9mon\n|rule|Item Clause: Limit one of each item\n|clearpoke\n|poke|p1|Garchomp, L50, M|\n|poke|p1|Gastrodon, L50, F|\n|poke|p1|Lucario, L50, M|\n|poke|p1|Milotic, L50, M|\n|poke|p1|Spiritomb, L50, M|\n|poke|p1|Ogerpon-Hearthflame, L50, F|\n|poke|p2|Gyarados, L50, M|\n|poke|p2|Scizor, L50, M|\n|poke|p2|Rillaboom, L50, M|\n|poke|p2|Heatran, L50, M|\n|poke|p2|Urshifu-*, L50, F|\n|poke|p2|Sylveon, L50, M|\n|teampreview|4\n|inactive|Battle timer is ON: inactive players will automatically lose when time's up. (requested by pelipperislandxoo)\n|inactive|pelipperislandxoo has 60 seconds left.\n|\n|t:|1700163616\n|start\n|switch|p1a: Ogerpon|Ogerpon-Hearthflame, L50, F|100\/100\n|switch|p1b: Milotic|Milotic, L50, M, shiny|100\/100\n|switch|p2a: Rillaboom|Rillaboom, L50, M|100\/100\n|switch|p2b: Sylveon|Sylveon, L50, M|100\/100\n|-ability|p1a: Ogerpon|Mold Breaker\n|-fieldstart|move: Grassy Terrain|[from] ability: Grassy Surge|[of] p2a: Rillaboom\n|turn|1\n|inactive|N4nD1tt0 has 30 seconds left.\n|inactive|pelipperislandxoo has 30 seconds left.\n|\n|t:|1700163650\n|move|p1a: Ogerpon|Spiky Shield|p1a: Ogerpon\n|-singleturn|p1a: Ogerpon|move: Protect\n|move|p1b: Milotic|Protect|p1b: Milotic\n|-singleturn|p1b: Milotic|Protect\n|move|p2a: Rillaboom|Fake Out|p1a: Ogerpon\n|-activate|p1a: Ogerpon|move: Protect\n|-damage|p2a: Rillaboom|88\/100|[from] Spiky Shield|[of] p1a: Ogerpon\n|move|p2b: Sylveon|Hyper Voice|p1b: Milotic|[spread] \n|-activate|p1a: Ogerpon|move: Protect\n|-activate|p1b: Milotic|move: Protect\n|\n|-heal|p2a: Rillaboom|94\/100|[from] Grassy Terrain\n|upkeep\n|turn|2\n|inactive|pelipperislandxoo has 30 seconds left.\n|inactive|N4nD1tt0 has 30 seconds left.\n|inactive|pelipperislandxoo has 20 seconds left.\n|inactive|pelipperislandxoo has 15 seconds left.\n|\n|t:|1700163693\n|-terastallize|p1b: Milotic|Fairy\n|move|p2a: Rillaboom|Grassy Glide|p1b: Milotic\n|-damage|p1b: Milotic|60\/100\n|move|p1a: Ogerpon|Ivy Cudgel|p2a: Rillaboom|[anim] Ivy Cudgel Fire\n|-supereffective|p2a: Rillaboom\n|-damage|p2a: Rillaboom|0 fnt\n|faint|p2a: Rillaboom\n|move|p1b: Milotic|Draining Kiss|p2b: Sylveon\n|-damage|p2b: Sylveon|80\/100\n|-heal|p1b: Milotic|75\/100|[from] drain|[of] p2b: Sylveon\n|move|p2b: Sylveon|Hyper Voice|p1a: Ogerpon|[spread] p1a,p1b\n|-resisted|p1a: Ogerpon\n|-damage|p1a: Ogerpon|69\/100\n|-damage|p1b: Milotic|35\/100\n|\n|-heal|p1a: Ogerpon|76\/100|[from] Grassy Terrain\n|-heal|p1b: Milotic|41\/100|[from] Grassy Terrain\n|-heal|p1b: Milotic|48\/100|[from] item: Leftovers\n|-heal|p2b: Sylveon|86\/100|[from] Grassy Terrain\n|upkeep\n|\n|t:|1700163715\n|switch|p2a: Urshifu|Urshifu, L50, F|100\/100\n|turn|3\n|inactive|pelipperislandxoo has 30 seconds left.\n|\n|t:|1700163741\n|switch|p1b: Gastrodon|Gastrodon, L50, F|100\/100\n|-terastallize|p2a: Urshifu|Poison\n|move|p2a: Urshifu|Poison Jab|p1b: Gastrodon\n|-resisted|p1b: Gastrodon\n|-damage|p1b: Gastrodon|81\/100\n|move|p1a: Ogerpon|Horn Leech|p2a: Urshifu\n|-resisted|p2a: Urshifu\n|-damage|p2a: Urshifu|74\/100\n|-heal|p1a: Ogerpon|92\/100|[from] drain|[of] p2a: Urshifu\n|move|p2b: Sylveon|Psychic|p1a: Ogerpon\n|-damage|p1a: Ogerpon|59\/100\n|\n|-heal|p2a: Urshifu|79\/100|[from] Grassy Terrain\n|-heal|p1a: Ogerpon|65\/100|[from] Grassy Terrain\n|-heal|p2b: Sylveon|92\/100|[from] Grassy Terrain\n|-heal|p1b: Gastrodon|87\/100|[from] Grassy Terrain\n|upkeep\n|turn|4\n|inactive|pelipperislandxoo has 30 seconds left.\n|inactive|pelipperislandxoo has 20 seconds left.\n|inactive|pelipperislandxoo has 15 seconds left.\n|inactive|pelipperislandxoo has 10 seconds left.\n|\n|t:|1700163787\n|move|p2a: Urshifu|Poison Jab|p1a: Ogerpon\n|-supereffective|p1a: Ogerpon\n|-crit|p1a: Ogerpon\n|-damage|p1a: Ogerpon|0 fnt\n|faint|p1a: Ogerpon\n|move|p2b: Sylveon|Hyper Voice|p1b: Gastrodon\n|-crit|p1b: Gastrodon\n|-damage|p1b: Gastrodon|0 fnt\n|faint|p1b: Gastrodon\n|\n|-heal|p2a: Urshifu|85\/100|[from] Grassy Terrain\n|-heal|p2b: Sylveon|97\/100|[from] Grassy Terrain\n|upkeep\n|\n|t:|1700163797\n|switch|p1a: Milotic|Milotic, L50, M, shiny, tera:Fairy|48\/100\n|switch|p1b: Garchomp|Garchomp, L50, M|100\/100\n|turn|5\n|\n|t:|1700163808\n|move|p1b: Garchomp|Rock Slide|p2b: Sylveon|[spread] p2a,p2b\n|-damage|p2a: Urshifu|66\/100\n|-damage|p2b: Sylveon|73\/100\n|move|p2a: Urshifu|Poison Jab|p1a: Milotic\n|-supereffective|p1a: Milotic\n|-damage|p1a: Milotic|0 fnt\n|faint|p1a: Milotic\n|cant|p2b: Sylveon|flinch\n|\n|-heal|p2a: Urshifu|72\/100|[from] Grassy Terrain\n|-heal|p2b: Sylveon|79\/100|[from] Grassy Terrain\n|-fieldend|move: Grassy Terrain\n|upkeep\n|turn|6\n|\n|t:|1700163825\n|move|p1b: Garchomp|Rock Slide|p2b: Sylveon|[spread] p2b\n|-miss|p1b: Garchomp|p2a: Urshifu\n|-damage|p2b: Sylveon|54\/100\n|move|p2a: Urshifu|Poison Jab|p1b: Garchomp\n|-resisted|p1b: Garchomp\n|-damage|p1b: Garchomp|80\/100\n|-damage|p2a: Urshifu|60\/100|[from] ability: Rough Skin|[of] p1b: Garchomp\n|move|p2b: Sylveon|Hyper Voice|p1b: Garchomp\n|-supereffective|p1b: Garchomp\n|-damage|p1b: Garchomp|0 fnt\n|faint|p1b: Garchomp\n|\n|win|N4nD1tt0\n|raw|pelipperislandxoo's rating: 1164 &rarr; <strong>1138<\/strong><br \/>(-26 for losing)\n|raw|N4nD1tt0's rating: 1156 &rarr; <strong>1182<\/strong><br \/>(+26 for winning)\n|l|\u2606pelipperislandxoo\n","uploadtime":1700163848,"views":34,"p1id":"pelipperislandxoo","p2id":"n4nd1tt0","formatid":"gen9vgc2023regulatione","rating":1138,"private":0,"password":""}