{"id":"gen9vgc2023regulatione-1988131606","p1":"NickC_VGC","p2":"lswagh","format":"[Gen 9] VGC 2023 Regulation E","log":"|j|\u2606NickC_VGC\n|j|\u2606lswagh\n|t:|1699673505\n|gametype|doubles\n|player|p1|NickC_VGC|169|1359\n|player|p2|lswagh|265|1266\n|teamsize|p1|6\n|teamsize|p2|6\n|gen|9\n|tier|[Gen 9] VGC 2023 Regulation E\n|rated|\n|rule|Species Clause: Limit one of each Pok\u00e9mon\n|rule|Item Clause: Limit one of each item\n|clearpoke\n|poke|p1|Landorus-Therian, L50, M|\n|poke|p1|Ogerpon-Wellspring, L50, F|\n|poke|p1|Farigiraf, L50, F|\n|poke|p1|Sylveon, L50, F|\n|poke|p1|Kommo-o, L50, F|\n|poke|p1|Volcarona, L50, F|\n|poke|p2|Indeedee-F, L50, F|\n|poke|p2|Urshifu-*, L50, F|\n|poke|p2|Flutter Mane, L50|\n|poke|p2|Amoonguss, L50, F|\n|poke|p2|Chien-Pao, L50|\n|poke|p2|Tornadus, L50, M|\n|teampreview|4\n|\n|t:|1699673582\n|start\n|switch|p1a: Ogerpon|Ogerpon-Wellspring, L50, F|100\/100\n|switch|p1b: Sylveon|Sylveon, L50, F|100\/100\n|switch|p2a: Indeedee|Indeedee-F, L50, F|100\/100\n|switch|p2b: Chien-Pao|Chien-Pao, L50|100\/100\n|-ability|p2b: Chien-Pao|Sword of Ruin\n|-fieldstart|move: Psychic Terrain|[from] ability: Psychic Surge|[of] p2a: Indeedee\n|-enditem|p2b: Chien-Pao|Psychic Seed\n|-boost|p2b: Chien-Pao|spd|1|[from] item: Psychic Seed\n|turn|1\n|\n|t:|1699673610\n|switch|p2a: Amoonguss|Amoonguss, L50, F|100\/100\n|move|p2b: Chien-Pao|Protect|p2b: Chien-Pao\n|-singleturn|p2b: Chien-Pao|Protect\n|move|p1a: Ogerpon|Follow Me|p1a: Ogerpon\n|-singleturn|p1a: Ogerpon|move: Follow Me\n|move|p1b: Sylveon|Hyper Voice|p2a: Amoonguss|[spread] p2a\n|-activate|p2b: Chien-Pao|move: Protect\n|-resisted|p2a: Amoonguss\n|-damage|p2a: Amoonguss|65\/100\n|\n|upkeep\n|turn|2\n|\n|t:|1699673630\n|move|p1a: Ogerpon|Follow Me|p1a: Ogerpon\n|-singleturn|p1a: Ogerpon|move: Follow Me\n|move|p2b: Chien-Pao|Icicle Crash|p1a: Ogerpon\n|-damage|p1a: Ogerpon|36\/100\n|move|p1b: Sylveon|Hyper Voice|p2b: Chien-Pao|[spread] p2a,p2b\n|-resisted|p2a: Amoonguss\n|-supereffective|p2b: Chien-Pao\n|-damage|p2a: Amoonguss|34\/100\n|-damage|p2b: Chien-Pao|0 fnt\n|faint|p2b: Chien-Pao\n|move|p2a: Amoonguss|Spore|p1a: Ogerpon\n|-immune|p1a: Ogerpon\n|\n|upkeep\n|\n|t:|1699673646\n|switch|p2b: Indeedee|Indeedee-F, L50, F|100\/100\n|turn|3\n|\n|t:|1699673672\n|switch|p1b: Kommo-o|Kommo-o, L50, F|100\/100\n|move|p1a: Ogerpon|Ivy Cudgel|p2b: Indeedee\n|-damage|p2b: Indeedee|39\/100\n|move|p2b: Indeedee|Psychic|p1b: Kommo-o\n|-supereffective|p1b: Kommo-o\n|-damage|p1b: Kommo-o|40\/100\n|move|p2a: Amoonguss|Giga Drain|p1a: Ogerpon\n|-crit|p1a: Ogerpon\n|-damage|p1a: Ogerpon|0 fnt\n|-heal|p2a: Amoonguss|51\/100|[from] drain|[of] p1a: Ogerpon\n|faint|p1a: Ogerpon\n|\n|-heal|p1b: Kommo-o|46\/100|[from] item: Leftovers\n|upkeep\n|\n|t:|1699673687\n|switch|p1a: Volcarona|Volcarona, L50, F|100\/100\n|turn|4\n|\n|t:|1699673733\n|-terastallize|p1a: Volcarona|Grass\n|-terastallize|p2a: Amoonguss|Water\n|move|p1a: Volcarona|Fiery Dance|p2b: Indeedee\n|-damage|p2b: Indeedee|0 fnt\n|faint|p2b: Indeedee\n|move|p1b: Kommo-o|Body Press|p2a: Amoonguss\n|-damage|p2a: Amoonguss|18\/100\n|move|p2a: Amoonguss|Tera Blast|p1a: Volcarona|[anim] Tera Blast Water\n|-resisted|p1a: Volcarona\n|-damage|p1a: Volcarona|86\/100\n|\n|-heal|p1b: Kommo-o|52\/100|[from] item: Leftovers\n|upkeep\n|\n|t:|1699673748\n|switch|p2b: Urshifu|Urshifu-Rapid-Strike, L50, F|100\/100\n|turn|5\n|\n|t:|1699673762\n|move|p2b: Urshifu|Close Combat|p1a: Volcarona\n|-damage|p1a: Volcarona|9\/100\n|-unboost|p2b: Urshifu|def|1\n|-unboost|p2b: Urshifu|spd|1\n|-enditem|p1a: Volcarona|Sitrus Berry|[eat]\n|-heal|p1a: Volcarona|34\/100|[from] item: Sitrus Berry\n|move|p1a: Volcarona|Giga Drain|p2b: Urshifu\n|-supereffective|p2b: Urshifu\n|-damage|p2b: Urshifu|0 fnt\n|-heal|p1a: Volcarona|80\/100|[from] drain|[of] p2b: Urshifu\n|faint|p2b: Urshifu\n|move|p1b: Kommo-o|Body Press|p2a: Amoonguss\n|-damage|p2a: Amoonguss|0 fnt\n|faint|p2a: Amoonguss\n|\n|win|NickC_VGC\n|raw|NickC_VGC's rating: 1359 &rarr; <strong>1374<\/strong><br \/>(+15 for winning)\n|raw|lswagh's rating: 1266 &rarr; <strong>1248<\/strong><br \/>(-18 for losing)\n|l|\u2606lswagh\n","uploadtime":1699673783,"views":22,"p1id":"nickcvgc","p2id":"lswagh","formatid":"gen9vgc2023regulatione","rating":1248,"private":0,"password":""}