{"id":"gen9vgc2023regulatione-1990087408","p1":"UnwishedSmile","p2":"niubmaccioz","format":"[Gen 9] VGC 2023 Regulation E","log":"|j|\u2606UnwishedSmile\n|j|\u2606niubmaccioz\n|t:|1699923173\n|gametype|doubles\n|player|p1|UnwishedSmile|2|1253\n|player|p2|niubmaccioz|266|1278\n|teamsize|p1|6\n|teamsize|p2|6\n|gen|9\n|tier|[Gen 9] VGC 2023 Regulation E\n|rated|\n|rule|Species Clause: Limit one of each Pok\u00e9mon\n|rule|Item Clause: Limit one of each item\n|clearpoke\n|poke|p1|Tornadus, L50, M|\n|poke|p1|Landorus-Therian, L50, M|\n|poke|p1|Flutter Mane, L50|\n|poke|p1|Ogerpon-Hearthflame, L50, F|\n|poke|p1|Rillaboom, L50, F|\n|poke|p1|Chien-Pao, L50|\n|poke|p2|Muk-Alola, L50, F|\n|poke|p2|Arbok, L50, M|\n|poke|p2|Azumarill, L50, F|\n|poke|p2|Rillaboom, L50, M|\n|poke|p2|Flutter Mane, L50|\n|poke|p2|Clefairy, L50, F|\n|teampreview|4\n|inactive|Battle timer is ON: inactive players will automatically lose when time's up. (requested by UnwishedSmile)\n|inactive|UnwishedSmile has 60 seconds left.\n|\n|t:|1699923236\n|start\n|switch|p1a: Tornadus|Tornadus, L50, M|100\/100\n|switch|p1b: Landorus|Landorus-Therian, L50, M|100\/100\n|switch|p2a: Arbok|Arbok, L50, M|100\/100\n|switch|p2b: Flutter Mane|Flutter Mane, L50|100\/100\n|-ability|p1b: Landorus|Intimidate|boost\n|-unboost|p2a: Arbok|atk|1\n|-unboost|p2b: Flutter Mane|atk|1\n|-ability|p2a: Arbok|Intimidate|boost\n|-unboost|p1a: Tornadus|atk|1\n|-unboost|p1b: Landorus|atk|1\n|turn|1\n|inactive|UnwishedSmile has 30 seconds left.\n|inactive|niubmaccioz has 30 seconds left.\n|inactive|UnwishedSmile has 20 seconds left.\n|inactive|niubmaccioz has 20 seconds left.\n|inactive|UnwishedSmile has 15 seconds left.\n|inactive|UnwishedSmile has 10 seconds left.\n|\n|t:|1699923282\n|switch|p1b: Chien-Pao|Chien-Pao, L50|100\/100\n|-ability|p1b: Chien-Pao|Sword of Ruin\n|move|p1a: Tornadus|Tailwind|p1a: Tornadus\n|-sidestart|p1: UnwishedSmile|move: Tailwind\n|move|p2b: Flutter Mane|Dazzling Gleam|p1b: Chien-Pao|[spread] p1a,p1b\n|-supereffective|p1b: Chien-Pao\n|-damage|p1a: Tornadus|43\/100\n|-enditem|p1b: Chien-Pao|Focus Sash\n|-damage|p1b: Chien-Pao|1\/100\n|move|p2a: Arbok|Rock Slide|p1a: Tornadus|[spread] p1a,p1b\n|-supereffective|p1a: Tornadus\n|-crit|p1a: Tornadus\n|-supereffective|p1b: Chien-Pao\n|-damage|p1a: Tornadus|0 fnt\n|-damage|p1b: Chien-Pao|0 fnt\n|faint|p1a: Tornadus\n|faint|p1b: Chien-Pao\n|\n|upkeep\n|\n|t:|1699923297\n|switch|p1b: Landorus|Landorus-Therian, L50, M|100\/100\n|switch|p1a: Ogerpon|Ogerpon-Hearthflame, L50, F|100\/100\n|-ability|p1b: Landorus|Intimidate|boost\n|-unboost|p2a: Arbok|atk|1\n|-unboost|p2b: Flutter Mane|atk|1\n|-ability|p1a: Ogerpon|Mold Breaker\n|turn|2\n|inactive|UnwishedSmile has 30 seconds left.\n|inactive|UnwishedSmile has 20 seconds left.\n|\n|t:|1699923335\n|switch|p2a: Azumarill|Azumarill, L50, F|100\/100\n|move|p1b: Landorus|Rock Slide|p2b: Flutter Mane|[spread] p2a,p2b\n|-damage|p2a: Azumarill|78\/100\n|-damage|p2b: Flutter Mane|61\/100\n|move|p1a: Ogerpon|Ivy Cudgel|p2b: Flutter Mane\n|-damage|p2b: Flutter Mane|0 fnt\n|faint|p2b: Flutter Mane\n|-end|p2b: Flutter Mane|Protosynthesis|[silent]\n|\n|upkeep\n|\n|t:|1699923355\n|switch|p2b: Arbok|Arbok, L50, M|100\/100\n|-ability|p2b: Arbok|Intimidate|boost\n|-unboost|p1a: Ogerpon|atk|1\n|-unboost|p1b: Landorus|atk|1\n|turn|3\n|\n|t:|1699923374\n|switch|p2b: Muk|Muk-Alola, L50, F|100\/100\n|move|p1b: Landorus|Rock Slide|p2b: Muk|[spread] p2a,p2b\n|-damage|p2a: Azumarill|63\/100\n|-damage|p2b: Muk|85\/100\n|move|p1a: Ogerpon|Horn Leech|p2a: Azumarill\n|-supereffective|p2a: Azumarill\n|-crit|p2a: Azumarill\n|-damage|p2a: Azumarill|0 fnt\n|faint|p2a: Azumarill\n|-ability|p2b: Muk|Huge Power|[from] ability: Power of Alchemy|[of] p2a: Azumarill\n|\n|-heal|p2b: Muk|91\/100|[from] item: Leftovers\n|upkeep\n|\n|t:|1699923388\n|switch|p2a: Arbok|Arbok, L50, M|100\/100\n|-ability|p2a: Arbok|Intimidate|boost\n|-unboost|p1a: Ogerpon|atk|1\n|-unboost|p1b: Landorus|atk|1\n|turn|4\n|\n|t:|1699923403\n|-terastallize|p1a: Ogerpon|Fire\n|detailschange|p1a: Ogerpon|Ogerpon-Hearthflame-Tera, L50, F, tera:Fire\n|-ability|p1a: Ogerpon|Embody Aspect (Hearthflame)|boost\n|-boost|p1a: Ogerpon|atk|1\n|move|p1b: Landorus|Rock Slide|p2a: Arbok|[spread] p2a,p2b\n|-damage|p2a: Arbok|82\/100\n|-damage|p2b: Muk|79\/100\n|move|p1a: Ogerpon|Ivy Cudgel|p2b: Muk\n|-damage|p2b: Muk|27\/100\n|move|p2a: Arbok|Glare|p1a: Ogerpon\n|-status|p1a: Ogerpon|par\n|move|p2b: Muk|Minimize|p2b: Muk\n|-boost|p2b: Muk|evasion|2\n|\n|-heal|p2b: Muk|34\/100|[from] item: Leftovers\n|-sideend|p1: UnwishedSmile|move: Tailwind\n|upkeep\n|turn|5\n|\n|t:|1699923425\n|move|p2b: Muk|Protect|p2b: Muk\n|-singleturn|p2b: Muk|Protect\n|move|p1b: Landorus|Rock Slide|p2a: Arbok|[spread] p2a\n|-activate|p2b: Muk|move: Protect\n|-damage|p2a: Arbok|63\/100\n|move|p2a: Arbok|Glare|p1b: Landorus\n|-status|p1b: Landorus|par\n|move|p1a: Ogerpon|Ivy Cudgel|p2b: Muk\n|-activate|p2b: Muk|move: Protect\n|\n|-heal|p2b: Muk|40\/100|[from] item: Leftovers\n|upkeep\n|turn|6\n|\n|t:|1699923446\n|move|p2a: Arbok|Rock Slide|p1a: Ogerpon|[spread] p1a,p1b\n|-supereffective|p1a: Ogerpon\n|-damage|p1a: Ogerpon|66\/100 par\n|-damage|p1b: Landorus|82\/100 par\n|move|p1b: Landorus|Rock Slide|p2a: Arbok|[spread] p2a\n|-miss|p1b: Landorus|p2b: Muk\n|-damage|p2a: Arbok|43\/100\n|cant|p1a: Ogerpon|flinch\n|move|p2b: Muk|Minimize|p2b: Muk\n|-boost|p2b: Muk|evasion|2\n|\n|-heal|p2b: Muk|46\/100|[from] item: Leftovers\n|upkeep\n|turn|7\n|\n|t:|1699923467\n|move|p2b: Muk|Protect|p2b: Muk\n|-singleturn|p2b: Muk|Protect\n|move|p2a: Arbok|Rock Slide|p1a: Ogerpon|[spread] p1a,p1b\n|-supereffective|p1a: Ogerpon\n|-damage|p1a: Ogerpon|26\/100 par\n|-damage|p1b: Landorus|66\/100 par\n|move|p1b: Landorus|Rock Slide|p2b: Muk|[spread] p2a\n|-activate|p2b: Muk|move: Protect\n|-damage|p2a: Arbok|23\/100\n|move|p1a: Ogerpon|Ivy Cudgel|p2a: Arbok\n|-crit|p2a: Arbok\n|-damage|p2a: Arbok|0 fnt\n|faint|p2a: Arbok\n|\n|-heal|p2b: Muk|52\/100|[from] item: Leftovers\n|upkeep\n|turn|8\n|\n|t:|1699923485\n|cant|p1b: Landorus|par\n|move|p1a: Ogerpon|Horn Leech|p2b: Muk|[miss]\n|-miss|p1a: Ogerpon|p2b: Muk\n|move|p2b: Muk|Stone Edge|p1a: Ogerpon\n|-supereffective|p1a: Ogerpon\n|-damage|p1a: Ogerpon|0 fnt\n|faint|p1a: Ogerpon\n|\n|-heal|p2b: Muk|58\/100|[from] item: Leftovers\n|upkeep\n|turn|9\n|\n|t:|1699923497\n|move|p2b: Muk|Protect|p2b: Muk\n|-singleturn|p2b: Muk|Protect\n|move|p1b: Landorus|Rock Slide|p2b: Muk\n|-activate|p2b: Muk|move: Protect\n|\n|-heal|p2b: Muk|64\/100|[from] item: Leftovers\n|upkeep\n|turn|10\n|-message|UnwishedSmile forfeited.\n|\n|win|niubmaccioz\n|raw|UnwishedSmile's rating: 1253 &rarr; <strong>1230<\/strong><br \/>(-23 for losing)\n|raw|niubmaccioz's rating: 1278 &rarr; <strong>1301<\/strong><br \/>(+23 for winning)\n|l|\u2606UnwishedSmile\n","uploadtime":1699923518,"views":8,"p1id":"unwishedsmile","p2id":"niubmaccioz","formatid":"gen9vgc2023regulatione","rating":1230,"private":0,"password":""}