{"id":"gen9vgc2023regulatione-1996157163","p1":"AswangVGC","p2":"fragment008","format":"[Gen 9] VGC 2023 Regulation E","log":"|j|\u2606AswangVGC\n|j|\u2606fragment008\n|n|\u2606AswangVGC|aswangvgc\n|n|\u2606fragment008|fragment008\n|html|View the match progress at <a href=\"\/game-bestof3-gen9vgc2023regulatione-1996157162\">game-bestof3-gen9vgc2023regulatione-1996157162<\/a>\n|t:|1700652666\n|gametype|doubles\n|player|p1|AswangVGC|102|\n|player|p2|fragment008|266|\n|teamsize|p1|6\n|teamsize|p2|6\n|gen|9\n|tier|[Gen 9] VGC 2023 Regulation E\n|rule|Species Clause: Limit one of each Pok\u00e9mon\n|rule|Item Clause: Limit one of each item\n|clearpoke\n|poke|p1|Dusclops, L50, F|\n|poke|p1|Ursaluna-Bloodmoon, L50, M|\n|poke|p1|Iron Hands, L50|\n|poke|p1|Ogerpon-Wellspring, L50, F|\n|poke|p1|Chi-Yu, L50|\n|poke|p1|Flutter Mane, L50|\n|poke|p2|Ogerpon-Wellspring, L50, F|\n|poke|p2|Regieleki, L50|\n|poke|p2|Indeedee-F, L50, F|\n|poke|p2|Tornadus, L50, M|\n|poke|p2|Chi-Yu, L50|\n|poke|p2|Flutter Mane, L50|\n|teampreview|4\nfragment008 has agreed to open team sheets.\nAswangVGC has agreed to open team sheets.\n|showteam|p1|Dusclops||Eviolite|Pressure|BrickBreak,TrickRoom,WillOWisp,PainSplit|||F|||50|,,,,,Dark]Ursaluna-Bloodmoon||WeaknessPolicy|MindsEye|HyperVoice,BloodMoon,EarthPower,Protect|||M|||50|,,,,,Normal]Iron Hands||AssaultVest|QuarkDrive|DrainPunch,WildCharge,FakeOut,HeavySlam||||||50|,,,,,Fire]Ogerpon-Wellspring||WellspringMask|WaterAbsorb|FollowMe,IvyCudgel,HornLeech,SpikyShield|||F|||50|,,,,,Water]Chi-Yu||ChoiceSpecs|BeadsofRuin|HeatWave,DarkPulse,Snarl,Psychic||||||50|,,,,,Ghost]Flutter Mane||BoosterEnergy|Protosynthesis|ShadowBall,DazzlingGleam,IcyWind,Protect||||||50|,,,,,Fairy\n|showteam|p2|Ogerpon-Wellspring||WellspringMask|WaterAbsorb|IvyCudgel,HornLeech,SwordsDance,SpikyShield|||F|||50|,,,,,Water]Regieleki||Magnet|Transistor|Thunderbolt,Electroweb,TeraBlast,Protect||||||50|,,,,,Ice]Indeedee-F||PsychicSeed|PsychicSurge|Psychic,FollowMe,HelpingHand,Protect|||F|||50|,,,,,Dragon]Tornadus||SafetyGoggles|Prankster|Tailwind,BleakwindStorm,RainDance,Protect|||M|||50|,,,,,Dark]Chi-Yu||LifeOrb|BeadsofRuin|HeatWave,Overheat,Snarl,Protect||||||50|,,,,,Fire]Flutter Mane||FocusSash|Protosynthesis|Moonblast,ShadowBall,DazzlingGleam,Protect||||||50|,,,,,Fairy\n|\n|t:|1700652693\n|start\n|switch|p1a: Dusclops|Dusclops, L50, F|100\/100\n|switch|p1b: Ogerpon|Ogerpon-Wellspring, L50, F|100\/100\n|switch|p2a: Chi-Yu|Chi-Yu, L50|100\/100\n|switch|p2b: Regieleki|Regieleki, L50|100\/100\n|-ability|p2a: Chi-Yu|Beads of Ruin\n|-ability|p1a: Dusclops|Pressure\n|turn|1\n|\n|t:|1700652712\n|-terastallize|p2a: Chi-Yu|Fire\n|move|p2b: Regieleki|Electroweb|p1b: Ogerpon|[spread] p1a,p1b\n|-damage|p1a: Dusclops|83\/100\n|-damage|p1b: Ogerpon|68\/100\n|-unboost|p1a: Dusclops|spe|1\n|-unboost|p1b: Ogerpon|spe|1\n|move|p2a: Chi-Yu|Overheat|p1a: Dusclops\n|-damage|p1a: Dusclops|0 fnt\n|-unboost|p2a: Chi-Yu|spa|2\n|faint|p1a: Dusclops\n|-damage|p2a: Chi-Yu|91\/100|[from] item: Life Orb\n|move|p1b: Ogerpon|Ivy Cudgel|p2a: Chi-Yu|[anim] Ivy Cudgel Water\n|-supereffective|p2a: Chi-Yu\n|-damage|p2a: Chi-Yu|0 fnt\n|faint|p2a: Chi-Yu\n|\n|upkeep\n|\n|t:|1700652729\n|switch|p2a: Ogerpon|Ogerpon-Wellspring, L50, F|100\/100\n|switch|p1a: Iron Hands|Iron Hands, L50|100\/100\n|turn|2\n|\n|t:|1700652741\n|move|p2b: Regieleki|Protect|p2b: Regieleki\n|-singleturn|p2b: Regieleki|Protect\n|move|p2a: Ogerpon|Spiky Shield|p2a: Ogerpon\n|-singleturn|p2a: Ogerpon|move: Protect\n|move|p1b: Ogerpon|Spiky Shield|p1b: Ogerpon\n|-singleturn|p1b: Ogerpon|move: Protect\n|move|p1a: Iron Hands|Drain Punch|p2b: Regieleki\n|-activate|p2b: Regieleki|move: Protect\n|\n|upkeep\n|turn|3\n|\n|t:|1700652767\n|switch|p2b: Flutter Mane|Flutter Mane, L50|100\/100\n|move|p2a: Ogerpon|Swords Dance|p2a: Ogerpon\n|-boost|p2a: Ogerpon|atk|2\n|move|p1b: Ogerpon|Horn Leech|p2a: Ogerpon\n|-damage|p2a: Ogerpon|51\/100\n|-heal|p1b: Ogerpon|91\/100|[from] drain|[of] p2a: Ogerpon\n|move|p1a: Iron Hands|Wild Charge|p2a: Ogerpon\n|-damage|p2a: Ogerpon|0 fnt\n|faint|p2a: Ogerpon\n|-damage|p1a: Iron Hands|91\/100|[from] Recoil\n|\n|upkeep\n|\n|t:|1700652780\n|switch|p2a: Regieleki|Regieleki, L50|100\/100\n|turn|4\n|\n|t:|1700652793\n|switch|p1b: Ursaluna|Ursaluna-Bloodmoon, L50, M|100\/100\n|-terastallize|p1a: Iron Hands|Fire\n|move|p2a: Regieleki|Electroweb|p1a: Iron Hands|[spread] p1a\n|-immune|p1b: Ursaluna\n|-damage|p1a: Iron Hands|74\/100\n|-unboost|p1a: Iron Hands|spe|1\n|move|p2b: Flutter Mane|Moonblast|p1a: Iron Hands\n|-resisted|p1a: Iron Hands\n|-damage|p1a: Iron Hands|57\/100\n|-unboost|p1a: Iron Hands|spa|1\n|move|p1a: Iron Hands|Heavy Slam|p2b: Flutter Mane\n|-supereffective|p2b: Flutter Mane\n|-enditem|p2b: Flutter Mane|Focus Sash\n|-damage|p2b: Flutter Mane|1\/100\n|\n|upkeep\n|turn|5\n|\n|t:|1700652818\n|move|p2a: Regieleki|Thunderbolt|p1a: Iron Hands\n|-damage|p1a: Iron Hands|21\/100\n|move|p2b: Flutter Mane|Shadow Ball|p1a: Iron Hands\n|-damage|p1a: Iron Hands|0 fnt\n|faint|p1a: Iron Hands\n|-end|p1a: Iron Hands|Quark Drive|[silent]\n|move|p1b: Ursaluna|Hyper Voice|p2b: Flutter Mane|[spread] p2a,p2b\n|-damage|p2a: Regieleki|40\/100\n|-damage|p2b: Flutter Mane|0 fnt\n|faint|p2b: Flutter Mane\n|-end|p2b: Flutter Mane|Protosynthesis|[silent]\n|\n|upkeep\n|\n|t:|1700652826\n|switch|p1a: Ogerpon|Ogerpon-Wellspring, L50, F|91\/100\n|turn|6\n|\n|t:|1700652834\n|move|p1a: Ogerpon|Follow Me|p1a: Ogerpon\n|-singleturn|p1a: Ogerpon|move: Follow Me\n|move|p2a: Regieleki|Thunderbolt|p1a: Ogerpon\n|-damage|p1a: Ogerpon|40\/100\n|-status|p1a: Ogerpon|par\n|move|p1b: Ursaluna|Earth Power|p2a: Regieleki\n|-supereffective|p2a: Regieleki\n|-damage|p2a: Regieleki|0 fnt\n|faint|p2a: Regieleki\n|\n|win|AswangVGC\n|c|&|\/uhtml prompt-fragment008,fragment008 is ready for game 2!\n|inactive|AswangVGC has 50 seconds to confirm battle start!\n|inactive|AswangVGC has 40 seconds to confirm battle start!\n","uploadtime":1700652845,"views":1,"p1id":"aswangvgc","p2id":"fragment008","formatid":"gen9vgc2023regulatione","rating":0,"private":0,"password":""}