{"id":"gen9vgc2023regulatione-1995993002","p1":"leafyarrow","p2":"android002","format":"[Gen 9] VGC 2023 Regulation E","log":"|j|\u2606leafyarrow\n|j|\u2606android002\n|t:|1700626490\n|gametype|doubles\n|player|p1|leafyarrow|selene|1254\n|player|p2|android002|2|1168\n|teamsize|p1|6\n|teamsize|p2|6\n|gen|9\n|tier|[Gen 9] VGC 2023 Regulation E\n|rated|\n|rule|Species Clause: Limit one of each Pok\u00e9mon\n|rule|Item Clause: Limit one of each item\n|clearpoke\n|poke|p1|Enamorus-Therian, L50, F|\n|poke|p1|Ursaluna, L50, F|\n|poke|p1|Indeedee-F, L50, F|\n|poke|p1|Armarouge, L50, M|\n|poke|p1|Gallade, L50, M|\n|poke|p1|Decidueye, L50, F|\n|poke|p2|Tornadus, L50, M|\n|poke|p2|Ogerpon-Hearthflame, L50, F|\n|poke|p2|Landorus-Therian, L50, M|\n|poke|p2|Rillaboom, L50, F|\n|poke|p2|Urshifu-*, L50, M|\n|poke|p2|Flutter Mane, L50|\n|teampreview|4\n|inactive|Battle timer is ON: inactive players will automatically lose when time's up. (requested by android002)\nleafyarrow has agreed to open team sheets.\n|inactive|leafyarrow has 60 seconds left.\n|\n|t:|1700626535\n|start\n|switch|p1a: Armarouge|Armarouge, L50, M|100\/100\n|switch|p1b: Gallade|Gallade, L50, M|100\/100\n|switch|p2a: Landorus|Landorus-Therian, L50, M|100\/100\n|switch|p2b: Flutter Mane|Flutter Mane, L50|100\/100\n|-ability|p2a: Landorus|Intimidate|boost\n|-unboost|p1a: Armarouge|atk|1\n|-fail|p1b: Gallade|unboost|[from] item: Clear Amulet|[of] p1b: Gallade\n|-enditem|p2b: Flutter Mane|Booster Energy\n|-activate|p2b: Flutter Mane|ability: Protosynthesis|[fromitem]\n|-start|p2b: Flutter Mane|protosynthesisspa\n|turn|1\n|inactive|leafyarrow has 30 seconds left.\n|\n|t:|1700626561\n|switch|p1a: Indeedee|Indeedee-F, L50, F|100\/100\n|-fieldstart|move: Psychic Terrain|[from] ability: Psychic Surge|[of] p1a: Indeedee\n|-enditem|p1a: Indeedee|Psychic Seed\n|-boost|p1a: Indeedee|spd|1|[from] item: Psychic Seed\n|-terastallize|p2a: Landorus|Flying\n|move|p2a: Landorus|Tera Blast|p1b: Gallade|[anim] Tera Blast Flying\n|-supereffective|p1b: Gallade\n|-damage|p1b: Gallade|0 fnt\n|faint|p1b: Gallade\n|move|p2b: Flutter Mane|Substitute|p2b: Flutter Mane\n|-start|p2b: Flutter Mane|Substitute\n|-damage|p2b: Flutter Mane|76\/100\n|\n|upkeep\n|\n|t:|1700626573\n|switch|p1b: Armarouge|Armarouge, L50, M|100\/100\n|turn|2\n|\n|t:|1700626581\n|switch|p2a: Rillaboom|Rillaboom, L50, F|100\/100\n|-fieldstart|move: Grassy Terrain|[from] ability: Grassy Surge|[of] p2a: Rillaboom\n|move|p1a: Indeedee|Follow Me|p1a: Indeedee\n|-singleturn|p1a: Indeedee|move: Follow Me\n|move|p2b: Flutter Mane|Dazzling Gleam|p1b: Armarouge|[spread] p1a,p1b\n|-resisted|p1b: Armarouge\n|-damage|p1a: Indeedee|73\/100\n|-damage|p1b: Armarouge|78\/100\n|move|p1b: Armarouge|Trick Room|p1b: Armarouge\n|-fieldstart|move: Trick Room|[of] p1b: Armarouge\n|\n|-heal|p1b: Armarouge|84\/100|[from] Grassy Terrain\n|-heal|p1a: Indeedee|79\/100|[from] Grassy Terrain\n|-heal|p2b: Flutter Mane|82\/100|[from] Grassy Terrain\n|upkeep\n|turn|3\n|inactive|android002 has 30 seconds left.\n|\n|t:|1700626607\n|move|p2a: Rillaboom|Fake Out|p1a: Indeedee\n|-damage|p1a: Indeedee|65\/100\n|move|p1b: Armarouge|Armor Cannon|p2a: Rillaboom\n|-supereffective|p2a: Rillaboom\n|-damage|p2a: Rillaboom|19\/100\n|-unboost|p1b: Armarouge|def|1\n|-unboost|p1b: Armarouge|spd|1\n|cant|p1a: Indeedee|flinch\n|move|p2b: Flutter Mane|Shadow Ball|p1b: Armarouge\n|-supereffective|p1b: Armarouge\n|-damage|p1b: Armarouge|0 fnt\n|faint|p1b: Armarouge\n|\n|-heal|p1a: Indeedee|71\/100|[from] Grassy Terrain\n|-heal|p2a: Rillaboom|25\/100|[from] Grassy Terrain\n|-heal|p2b: Flutter Mane|88\/100|[from] Grassy Terrain\n|upkeep\n|\n|t:|1700626623\n|switch|p1b: Enamorus|Enamorus-Therian, L50, F|100\/100\n|turn|4\n|\n|t:|1700626637\n|-terastallize|p1b: Enamorus|Fairy\n|move|p1a: Indeedee|Helping Hand|p1b: Enamorus\n|-singleturn|p1b: Enamorus|Helping Hand|[of] p1a: Indeedee\n|move|p2b: Flutter Mane|Protect|p2b: Flutter Mane\n|-singleturn|p2b: Flutter Mane|Protect\n|move|p1b: Enamorus|Springtide Storm|p2b: Flutter Mane|[spread] p2a\n|-activate|p2b: Flutter Mane|move: Protect\n|-damage|p2a: Rillaboom|0 fnt\n|faint|p2a: Rillaboom\n|\n|-heal|p1a: Indeedee|77\/100|[from] Grassy Terrain\n|-heal|p2b: Flutter Mane|94\/100|[from] Grassy Terrain\n|upkeep\n|\n|t:|1700626653\n|switch|p2a: Urshifu|Urshifu-Rapid-Strike, L50, M|100\/100\n|turn|5\n|\n|t:|1700626665\n|move|p2a: Urshifu|Protect|p2a: Urshifu\n|-singleturn|p2a: Urshifu|Protect\n|move|p1a: Indeedee|Follow Me|p1a: Indeedee\n|-singleturn|p1a: Indeedee|move: Follow Me\n|move|p1b: Enamorus|Springtide Storm|p2a: Urshifu|[spread] p2b\n|-activate|p2a: Urshifu|move: Protect\n|-end|p2b: Flutter Mane|Substitute\n|move|p2b: Flutter Mane|Dazzling Gleam|p1b: Enamorus|[spread] p1a,p1b\n|-damage|p1a: Indeedee|52\/100\n|-damage|p1b: Enamorus|59\/100\n|\n|-heal|p1b: Enamorus|65\/100|[from] Grassy Terrain\n|-heal|p1a: Indeedee|58\/100|[from] Grassy Terrain\n|-heal|p2b: Flutter Mane|99\/100|[from] Grassy Terrain\n|upkeep\n|turn|6\n|\n|t:|1700626684\n|switch|p2a: Landorus|Landorus-Therian, L50, M, tera:Flying|100\/100\n|-ability|p2a: Landorus|Intimidate|boost\n|-unboost|p1a: Indeedee|atk|1\n|-unboost|p1b: Enamorus|atk|1\n|move|p2b: Flutter Mane|Protect|p2b: Flutter Mane\n|-singleturn|p2b: Flutter Mane|Protect\n|move|p1a: Indeedee|Follow Me|p1a: Indeedee\n|-singleturn|p1a: Indeedee|move: Follow Me\n|move|p1b: Enamorus|Springtide Storm|p2b: Flutter Mane|[spread] p2a\n|-activate|p2b: Flutter Mane|move: Protect\n|-damage|p2a: Landorus|6\/100\n|-unboost|p2a: Landorus|atk|1\n|\n|-heal|p1b: Enamorus|71\/100|[from] Grassy Terrain\n|-heal|p1a: Indeedee|64\/100|[from] Grassy Terrain\n|-heal|p2b: Flutter Mane|100\/100|[from] Grassy Terrain\n|-fieldend|move: Trick Room\n|-fieldend|move: Grassy Terrain\n|upkeep\n|turn|7\n|\n|t:|1700626708\n|move|p1a: Indeedee|Helping Hand|p1b: Enamorus\n|-singleturn|p1b: Enamorus|Helping Hand|[of] p1a: Indeedee\n|move|p2a: Landorus|U-turn|p1a: Indeedee\n|-supereffective|p1a: Indeedee\n|-damage|p1a: Indeedee|32\/100\n|\n|t:|1700626714\n|switch|p2a: Urshifu|Urshifu-Rapid-Strike, L50, M|100\/100|[from] U-turn\n|move|p2b: Flutter Mane|Dazzling Gleam|p1a: Indeedee|[spread] p1a,p1b\n|-damage|p1a: Indeedee|6\/100\n|-damage|p1b: Enamorus|33\/100\n|move|p1b: Enamorus|Springtide Storm|p2a: Urshifu|[spread] p2b\n|-miss|p1b: Enamorus|p2a: Urshifu\n|-damage|p2b: Flutter Mane|0 fnt\n|faint|p2b: Flutter Mane\n|-end|p2b: Flutter Mane|Protosynthesis|[silent]\n|\n|upkeep\n|\n|t:|1700626721\n|switch|p2b: Landorus|Landorus-Therian, L50, M, tera:Flying|6\/100\n|-ability|p2b: Landorus|Intimidate|boost\n|-unboost|p1a: Indeedee|atk|1\n|-unboost|p1b: Enamorus|atk|1\n|turn|8\n|\n|t:|1700626729\n|move|p1a: Indeedee|Follow Me|p1a: Indeedee\n|-singleturn|p1a: Indeedee|move: Follow Me\n|move|p2a: Urshifu|Aqua Jet|p1a: Indeedee\n|-damage|p1a: Indeedee|0 fnt\n|faint|p1a: Indeedee\n|move|p2b: Landorus|Tera Blast|p1b: Enamorus|[anim] Tera Blast Flying\n|-damage|p1b: Enamorus|0 fnt\n|faint|p1b: Enamorus\n|\n|win|android002\n|raw|leafyarrow's rating: 1254 &rarr; <strong>1223<\/strong><br \/>(-31 for losing)\n|raw|android002's rating: 1168 &rarr; <strong>1199<\/strong><br \/>(+31 for winning)\n","uploadtime":1700626733,"views":10,"p1id":"leafyarrow","p2id":"android002","formatid":"gen9vgc2023regulatione","rating":1199,"private":0,"password":""}