{"id":"gen9vgc2023regulatione-1998583351","p1":"aaooa","p2":"KingA3","format":"[Gen 9] VGC 2023 Regulation E","log":"|j|\u2606aaooa\n|j|\u2606KingA3\n|t:|1700959281\n|gametype|doubles\n|player|p1|aaooa|2|1189\n|player|p2|KingA3|266|1261\n|teamsize|p1|6\n|teamsize|p2|6\n|gen|9\n|tier|[Gen 9] VGC 2023 Regulation E\n|rated|\n|rule|Species Clause: Limit one of each Pok\u00e9mon\n|rule|Item Clause: Limit one of each item\n|clearpoke\n|poke|p1|Weezing-Galar, L50, M|\n|poke|p1|Toedscruel, L50, M|\n|poke|p1|Tornadus, L50, M|\n|poke|p1|Shiftry, L50, M|\n|poke|p1|Slaking, L50, F|\n|poke|p1|Koffing, L50, M|\n|poke|p2|Indeedee-F, L50, F|\n|poke|p2|Armarouge, L50, M|\n|poke|p2|Ursaluna, L50, M|\n|poke|p2|Urshifu-*, L50, F|\n|poke|p2|Torkoal, L50, M|\n|poke|p2|Iron Hands, L50|\n|teampreview|4\n|\n|t:|1700959303\n|start\n|switch|p1a: Slaking|Slaking, L50, F|100\/100\n|switch|p1b: Koffing|Koffing, L50, M|100\/100\n|switch|p2a: Armarouge|Armarouge, L50, M|100\/100\n|switch|p2b: Iron Hands|Iron Hands, L50|100\/100\n|-ability|p1b: Koffing|Neutralizing Gas\n|turn|1\n|inactive|Battle timer is ON: inactive players will automatically lose when time's up. (requested by KingA3)\n|\n|t:|1700959318\n|switch|p1a: Weezing|Weezing-Galar, L50, M|100\/100\n|-ability|p1a: Weezing|Neutralizing Gas\n|-terastallize|p2a: Armarouge|Grass\n|move|p2b: Iron Hands|Fake Out|p1a: Weezing\n|-damage|p1a: Weezing|84\/100\n|-enditem|p1a: Weezing|Eject Button\n|\n|t:|1700959327\n|switch|p1a: Slaking|Slaking, L50, F|100\/100\n|move|p1b: Koffing|Will-O-Wisp|p2b: Iron Hands|[miss]\n|-miss|p1b: Koffing|p2b: Iron Hands\n|move|p2a: Armarouge|Trick Room|p2a: Armarouge\n|-fieldstart|move: Trick Room|[of] p2a: Armarouge\n|\n|upkeep\n|turn|2\n|\n|t:|1700959343\n|switch|p1a: Weezing|Weezing-Galar, L50, M|84\/100\n|-ability|p1a: Weezing|Neutralizing Gas\n|-terastallize|p1b: Koffing|Ghost\n|move|p1b: Koffing|Will-O-Wisp|p2b: Iron Hands\n|-status|p2b: Iron Hands|brn\n|move|p2b: Iron Hands|Drain Punch|p1a: Weezing\n|-resisted|p1a: Weezing\n|-crit|p1a: Weezing\n|-damage|p1a: Weezing|76\/100\n|move|p2a: Armarouge|Expanding Force|p1b: Koffing\n|-damage|p1b: Koffing|38\/100\n|\n|-damage|p2b: Iron Hands|94\/100 brn|[from] brn\n|upkeep\n|turn|3\n|inactive|aaooa has 30 seconds left.\n|inactive|KingA3 has 30 seconds left.\n|\n|t:|1700959371\n|move|p1a: Weezing|Protect|p1a: Weezing\n|-singleturn|p1a: Weezing|Protect\n|move|p1b: Koffing|Toxic|p2a: Armarouge\n|-status|p2a: Armarouge|tox\n|move|p2b: Iron Hands|Heavy Slam|p1a: Weezing\n|-activate|p1a: Weezing|move: Protect\n|move|p2a: Armarouge|Heat Wave|p1a: Weezing|[spread] p1b\n|-activate|p1a: Weezing|move: Protect\n|-damage|p1b: Koffing|0 fnt\n|faint|p1b: Koffing\n|\n|-damage|p2a: Armarouge|94\/100 tox|[from] psn\n|-damage|p2b: Iron Hands|88\/100 brn|[from] brn\n|upkeep\n|\n|t:|1700959384\n|switch|p1b: Slaking|Slaking, L50, F|100\/100\n|turn|4\n|\n|t:|1700959402\n|move|p1b: Slaking|Sucker Punch|p2a: Armarouge\n|-damage|p2a: Armarouge|68\/100 tox\n|move|p2b: Iron Hands|Heavy Slam|p1a: Weezing\n|-supereffective|p1a: Weezing\n|-damage|p1a: Weezing|32\/100\n|move|p2a: Armarouge|Heat Wave|p1a: Weezing|[spread] p1a,p1b\n|-crit|p1b: Slaking\n|-damage|p1a: Weezing|0 fnt\n|-damage|p1b: Slaking|36\/100\n|faint|p1a: Weezing\n|-end|p1a: Weezing|ability: Neutralizing Gas\n|\n|-damage|p2a: Armarouge|55\/100 tox|[from] psn\n|-damage|p2b: Iron Hands|82\/100 brn|[from] brn\n|upkeep\n|\n|t:|1700959411\n|switch|p1a: Toedscruel|Toedscruel, L50, M|100\/100\n|turn|5\n|\n|t:|1700959422\n|cant|p1b: Slaking|ability: Truant\n|move|p2b: Iron Hands|Drain Punch|p1b: Slaking\n|-supereffective|p1b: Slaking\n|-damage|p1b: Slaking|0 fnt\n|-heal|p2b: Iron Hands|97\/100 brn|[from] drain|[of] p1b: Slaking\n|faint|p1b: Slaking\n|move|p2a: Armarouge|Heat Wave|p1a: Toedscruel\n|-supereffective|p1a: Toedscruel\n|-damage|p1a: Toedscruel|0 fnt\n|faint|p1a: Toedscruel\n|\n|win|KingA3\n|raw|aaooa's rating: 1189 &rarr; <strong>1169<\/strong><br \/>(-20 for losing)\n|raw|KingA3's rating: 1261 &rarr; <strong>1281<\/strong><br \/>(+20 for winning)\n|l|\u2606aaooa\n","uploadtime":1700959437,"views":5,"p1id":"aaooa","p2id":"kinga3","formatid":"gen9vgc2023regulatione","rating":1169,"private":0,"password":""}