{"id":"gen9vgc2023regulatione-1993171073","p1":"Funnyman2001","p2":"j1m13o","format":"[Gen 9] VGC 2023 Regulation E","log":"|j|\u2606Funnyman2001\n|j|\u2606j1m13o\n|t:|1700273443\n|gametype|doubles\n|player|p1|Funnyman2001|harlequin|1083\n|player|p2|j1m13o|101|1119\n|teamsize|p1|6\n|teamsize|p2|6\n|gen|9\n|tier|[Gen 9] VGC 2023 Regulation E\n|rated|\n|rule|Species Clause: Limit one of each Pok\u00e9mon\n|rule|Item Clause: Limit one of each item\n|clearpoke\n|poke|p1|Thundurus, L50, M|\n|poke|p1|Iron Valiant, L50|\n|poke|p1|Iron Hands, L50|\n|poke|p1|Arcanine-Hisui, L50, F|\n|poke|p1|Barraskewda, L50, F|\n|poke|p1|Garganacl, L50, M|\n|poke|p2|Ursaluna-Bloodmoon, L50, M|\n|poke|p2|Torkoal, L50, F|\n|poke|p2|Dusclops, L50, M|\n|poke|p2|Clefable, L50, M|\n|poke|p2|Glastrier, L50|\n|poke|p2|Urshifu-*, L50, F|\n|teampreview|4\n|inactive|Battle timer is ON: inactive players will automatically lose when time's up. (requested by Funnyman2001)\n|inactive|j1m13o has 60 seconds left.\n|\n|t:|1700273496\n|start\n|switch|p1a: Thundurus|Thundurus, L50, M|100\/100\n|switch|p1b: Iron Valiant|Iron Valiant, L50|100\/100\n|switch|p2a: Mr. Hands|Dusclops, L50, M|100\/100\n|switch|p2b: Clefable|Clefable, L50, M|100\/100\n|-item|p1a: Thundurus|Mental Herb|[from] ability: Frisk|[of] p2a: Mr. Hands|[identify]\n|-item|p1b: Iron Valiant|Electric Seed|[from] ability: Frisk|[of] p2a: Mr. Hands|[identify]\n|turn|1\n|inactive|j1m13o has 30 seconds left.\n|\n|t:|1700273524\n|move|p2b: Clefable|Protect|p2b: Clefable\n|-singleturn|p2b: Clefable|Protect\n|move|p1a: Thundurus|Taunt|p2b: Clefable\n|-activate|p2b: Clefable|move: Protect\n|move|p1b: Iron Valiant|Calm Mind|p1b: Iron Valiant\n|-boost|p1b: Iron Valiant|spa|1\n|-boost|p1b: Iron Valiant|spd|1\n|move|p2a: Mr. Hands|Taunt|p1a: Thundurus\n|-start|p1a: Thundurus|move: Taunt\n|-enditem|p1a: Thundurus|Mental Herb\n|-end|p1a: Thundurus|move: Taunt\n|\n|upkeep\n|turn|2\n|\n|t:|1700273545\n|move|p2b: Clefable|Follow Me|p2b: Clefable\n|-singleturn|p2b: Clefable|move: Follow Me\n|move|p1a: Thundurus|Electric Terrain|p1a: Thundurus\n|-fieldstart|move: Electric Terrain\n|-activate|p1b: Iron Valiant|ability: Quark Drive\n|-start|p1b: Iron Valiant|quarkdrivespa\n|-enditem|p1b: Iron Valiant|Electric Seed\n|-boost|p1b: Iron Valiant|def|1|[from] item: Electric Seed\n|move|p1b: Iron Valiant|Shadow Ball|p2b: Clefable\n|-damage|p2b: Clefable|66\/100\n|-enditem|p2b: Clefable|Eject Button\n|\n|t:|1700273556\n|switch|p2b: Ursaluna|Ursaluna-Bloodmoon, L50, M|100\/100\n|move|p2a: Mr. Hands|Trick Room|p2a: Mr. Hands\n|-fieldstart|move: Trick Room|[of] p2a: Mr. Hands\n|\n|upkeep\n|turn|3\n|\n|t:|1700273568\n|switch|p1a: Arcanine|Arcanine-Hisui, L50, F|100\/100\n|-ability|p1a: Arcanine|Intimidate|boost\n|-unboost|p2a: Mr. Hands|atk|1\n|-unboost|p2b: Ursaluna|atk|1\n|-terastallize|p2b: Ursaluna|Normal\n|-terastallize|p1b: Iron Valiant|Fairy\n|move|p2a: Mr. Hands|Helping Hand|p2b: Ursaluna\n|-singleturn|p2b: Ursaluna|Helping Hand|[of] p2a: Mr. Hands\n|move|p2b: Ursaluna|Blood Moon|p1b: Iron Valiant\n|-enditem|p2b: Ursaluna|Normal Gem|[from] gem\n|-damage|p1b: Iron Valiant|0 fnt\n|faint|p1b: Iron Valiant\n|-end|p1b: Iron Valiant|Quark Drive|[silent]\n|\n|upkeep\n|\n|t:|1700273586\n|switch|p1b: Thundurus|Thundurus, L50, M|100\/100\n|turn|4\n|\n|t:|1700273596\n|move|p2a: Mr. Hands|Protect|p2a: Mr. Hands\n|-singleturn|p2a: Mr. Hands|Protect\n|move|p2b: Ursaluna|Protect|p2b: Ursaluna\n|-singleturn|p2b: Ursaluna|Protect\n|move|p1b: Thundurus|Taunt|p2a: Mr. Hands\n|-activate|p2a: Mr. Hands|move: Protect\n|move|p1a: Arcanine|Will-O-Wisp|p2b: Ursaluna\n|-activate|p2b: Ursaluna|move: Protect\n|\n|upkeep\n|turn|5\n|inactive|j1m13o has 30 seconds left.\n|inactive|j1m13o has 20 seconds left.\n|inactive|j1m13o has 15 seconds left.\n|inactive|j1m13o has 10 seconds left.\n|\n|t:|1700273643\n|move|p2a: Mr. Hands|Helping Hand|p2b: Ursaluna\n|-singleturn|p2b: Ursaluna|Helping Hand|[of] p2a: Mr. Hands\n|move|p1b: Thundurus|Taunt|p2a: Mr. Hands\n|-start|p2a: Mr. Hands|move: Taunt\n|move|p2b: Ursaluna|Blood Moon|p1b: Thundurus\n|-damage|p1b: Thundurus|0 fnt\n|faint|p1b: Thundurus\n|move|p1a: Arcanine|Snarl|p2b: Ursaluna|[spread] p2a,p2b\n|-supereffective|p2a: Mr. Hands\n|-damage|p2a: Mr. Hands|92\/100\n|-damage|p2b: Ursaluna|90\/100\n|-unboost|p2a: Mr. Hands|spa|1\n|-unboost|p2b: Ursaluna|spa|1\n|\n|upkeep\n|\n|t:|1700273662\n|switch|p1b: Iron Hands|Iron Hands, L50|100\/100\n|-activate|p1b: Iron Hands|ability: Quark Drive\n|-start|p1b: Iron Hands|quarkdriveatk\n|turn|6\n|inactive|j1m13o has 30 seconds left.\n|\n|t:|1700273695\n|switch|p2a: Clefable|Clefable, L50, M|66\/100\n|switch|p2b: Urshifu|Urshifu-Rapid-Strike, L50, F|100\/100\n|move|p1b: Iron Hands|Heavy Slam|p2a: Clefable\n|-supereffective|p2a: Clefable\n|-damage|p2a: Clefable|0 fnt\n|faint|p2a: Clefable\n|move|p1a: Arcanine|Snarl|p2b: Urshifu\n|-resisted|p2b: Urshifu\n|-damage|p2b: Urshifu|92\/100\n|-unboost|p2b: Urshifu|spa|1\n|\n|-fieldend|move: Trick Room\n|-fieldend|move: Electric Terrain\n|-end|p1b: Iron Hands|Quark Drive\n|upkeep\n|\n|t:|1700273706\n|switch|p2a: Mr. Hands|Dusclops, L50, M|92\/100\n|-item|p1a: Arcanine|Sitrus Berry|[from] ability: Frisk|[of] p2a: Mr. Hands|[identify]\n|-item|p1b: Iron Hands|Assault Vest|[from] ability: Frisk|[of] p2a: Mr. Hands|[identify]\n|turn|7\n|\n|t:|1700273720\n|move|p2a: Mr. Hands|Helping Hand|p2b: Urshifu\n|-singleturn|p2b: Urshifu|Helping Hand|[of] p2a: Mr. Hands\n|move|p2b: Urshifu|Surging Strikes|p1a: Arcanine\n|-supereffective|p1a: Arcanine\n|-crit|p1a: Arcanine\n|-damage|p1a: Arcanine|0 fnt\n|faint|p1a: Arcanine\n|-hitcount|p1: Arcanine|1\n|move|p1b: Iron Hands|Wild Charge|p2b: Urshifu\n|-supereffective|p2b: Urshifu\n|-damage|p2b: Urshifu|0 fnt\n|faint|p2b: Urshifu\n|-damage|p1b: Iron Hands|85\/100|[from] Recoil\n|\n|upkeep\n|\n|t:|1700273728\n|switch|p2b: Ursaluna|Ursaluna-Bloodmoon, L50, M, tera:Normal|90\/100\n|turn|8\n|\n|t:|1700273740\n|move|p2b: Ursaluna|Protect|p2b: Ursaluna\n|-singleturn|p2b: Ursaluna|Protect\n|move|p1b: Iron Hands|Drain Punch|p2b: Ursaluna\n|-activate|p2b: Ursaluna|move: Protect\n|move|p2a: Mr. Hands|Trick Room|p2a: Mr. Hands\n|-fieldstart|move: Trick Room|[of] p2a: Mr. Hands\n|\n|upkeep\n|turn|9\n|\n|t:|1700273747\n|move|p2a: Mr. Hands|Helping Hand|p2b: Ursaluna\n|-singleturn|p2b: Ursaluna|Helping Hand|[of] p2a: Mr. Hands\n|move|p2b: Ursaluna|Earth Power|p1b: Iron Hands\n|-supereffective|p1b: Iron Hands\n|-damage|p1b: Iron Hands|0 fnt\n|faint|p1b: Iron Hands\n|-end|p1b: Iron Hands|Quark Drive|[silent]\n|\n|win|j1m13o\n|raw|Funnyman2001's rating: 1083 &rarr; <strong>1063<\/strong><br \/>(-20 for losing)\n|raw|j1m13o's rating: 1119 &rarr; <strong>1141<\/strong><br \/>(+22 for winning)\n|c|\u2606j1m13o|gg\n|l|\u2606Funnyman2001\n","uploadtime":1700273756,"views":9,"p1id":"funnyman2001","p2id":"j1m13o","formatid":"gen9vgc2023regulatione","rating":1063,"private":0,"password":""}