{"id":"gen9vgc2023regulatione-1990956290","p1":"Higamino","p2":"jungkook-incarnate","format":"[Gen 9] VGC 2023 Regulation E","log":"|j|\u2606Higamino\n|j|\u2606jungkook-incarnate\n|t:|1700019543\n|gametype|doubles\n|player|p1|Higamino|169|1044\n|player|p2|jungkook-incarnate|volo-ginkgo|1059\n|teamsize|p1|6\n|teamsize|p2|6\n|gen|9\n|tier|[Gen 9] VGC 2023 Regulation E\n|rated|\n|rule|Species Clause: Limit one of each Pok\u00e9mon\n|rule|Item Clause: Limit one of each item\n|clearpoke\n|poke|p1|Mabosstiff, L50, M|\n|poke|p1|Tauros-Paldea-Blaze, L50, M|\n|poke|p1|Murkrow, L50, M|\n|poke|p1|Urshifu-*, L50, M|\n|poke|p1|Raichu-Alola, L50, M|\n|poke|p1|Thundurus, L50, M|\n|poke|p2|Baxcalibur, L50, M|\n|poke|p2|Ninetales-Alola, L50, F|\n|poke|p2|Heatran, L50, F|\n|poke|p2|Ogerpon-Wellspring, L50, F|\n|poke|p2|Landorus-Therian, L50, M|\n|poke|p2|Iron Hands, L50|\n|teampreview|4\n|inactive|Battle timer is ON: inactive players will automatically lose when time's up. (requested by jungkook-incarnate)\njungkook-incarnate has agreed to open team sheets.\n|inactive|Higamino has 60 seconds left.\n|\n|t:|1700019583\n|start\n|switch|p1a: Mabosstiff|Mabosstiff, L50, M|100\/100\n|switch|p1b: Thundurus|Thundurus, L50, M|100\/100\n|switch|p2a: Iron Hands|Iron Hands, L50|100\/100\n|switch|p2b: Landorus|Landorus-Therian, L50, M|100\/100\n|-ability|p2b: Landorus|Intimidate|boost\n|-ability|p1a: Mabosstiff|Guard Dog|boost\n|-boost|p1a: Mabosstiff|atk|1\n|-unboost|p1b: Thundurus|atk|1\n|-enditem|p1b: Thundurus|White Herb\n|-clearnegativeboost|p1b: Thundurus|[silent]\n|turn|1\n|inactive|Higamino has 30 seconds left.\n|\n|t:|1700019614\n|move|p1a: Mabosstiff|Protect|p1a: Mabosstiff\n|-singleturn|p1a: Mabosstiff|Protect\n|move|p2a: Iron Hands|Fake Out|p1a: Mabosstiff\n|-activate|p1a: Mabosstiff|move: Protect\n|move|p2b: Landorus|U-turn|p1a: Mabosstiff\n|-activate|p1a: Mabosstiff|move: Protect\n|move|p1b: Thundurus|Wildbolt Storm|p2b: Landorus|[spread] p2a\n|-immune|p2b: Landorus\n|-resisted|p2a: Iron Hands\n|-damage|p2a: Iron Hands|93\/100\n|\n|upkeep\n|turn|2\n|inactive|Higamino has 30 seconds left.\n|inactive|Higamino has 20 seconds left.\n|\n|t:|1700019649\n|move|p1b: Thundurus|Rain Dance|p1b: Thundurus\n|-weather|RainDance\n|move|p2b: Landorus|U-turn|p1b: Thundurus\n|-resisted|p1b: Thundurus\n|-damage|p1b: Thundurus|82\/100\n|\n|t:|1700019655\n|switch|p2b: Ninetales|Ninetales-Alola, L50, F|100\/100|[from] U-turn\n|-weather|Snow|[from] ability: Snow Warning|[of] p2b: Ninetales\n|move|p1a: Mabosstiff|Crunch|p2b: Ninetales\n|-resisted|p2b: Ninetales\n|-damage|p2b: Ninetales|77\/100\n|move|p2a: Iron Hands|Drain Punch|p1a: Mabosstiff\n|-supereffective|p1a: Mabosstiff\n|-damage|p1a: Mabosstiff|0 fnt\n|-heal|p2a: Iron Hands|100\/100|[from] drain|[of] p1a: Mabosstiff\n|faint|p1a: Mabosstiff\n|\n|-weather|Snow|[upkeep]\n|upkeep\n|\n|t:|1700019671\n|switch|p1a: Raichu|Raichu-Alola, L50, M|100\/100\n|turn|3\n|\n|t:|1700019690\n|move|p1a: Raichu|Protect|p1a: Raichu\n|-singleturn|p1a: Raichu|Protect\n|move|p1b: Thundurus|Rain Dance|p1b: Thundurus\n|-weather|RainDance\n|move|p2b: Ninetales|Icy Wind|p1b: Thundurus|[spread] p1b\n|-activate|p1a: Raichu|move: Protect\n|-supereffective|p1b: Thundurus\n|-damage|p1b: Thundurus|62\/100\n|-unboost|p1b: Thundurus|spe|1\n|move|p2a: Iron Hands|Heavy Slam|p1a: Raichu\n|-activate|p1a: Raichu|move: Protect\n|\n|-weather|RainDance|[upkeep]\n|upkeep\n|turn|4\n|inactive|Higamino has 30 seconds left.\n|\n|t:|1700019722\n|move|p1b: Thundurus|Electric Terrain|p1b: Thundurus\n|-fieldstart|move: Electric Terrain\n|-enditem|p1a: Raichu|Electric Seed\n|-boost|p1a: Raichu|def|1|[from] item: Electric Seed\n|-activate|p2a: Iron Hands|ability: Quark Drive\n|-start|p2a: Iron Hands|quarkdriveatk\n|move|p1a: Raichu|Psychic|p2a: Iron Hands\n|-supereffective|p2a: Iron Hands\n|-damage|p2a: Iron Hands|59\/100\n|move|p2b: Ninetales|Moonblast|p1a: Raichu\n|-damage|p1a: Raichu|62\/100\n|move|p2a: Iron Hands|Heavy Slam|p1a: Raichu\n|-resisted|p1a: Raichu\n|-damage|p1a: Raichu|18\/100\n|\n|-weather|RainDance|[upkeep]\n|upkeep\n|turn|5\n|\n|t:|1700019746\n|-end|p2a: Iron Hands|Quark Drive|[silent]\n|switch|p2a: Landorus|Landorus-Therian, L50, M|100\/100\n|-ability|p2a: Landorus|Intimidate|boost\n|-unboost|p1a: Raichu|atk|1\n|-unboost|p1b: Thundurus|atk|1\n|move|p1a: Raichu|Psychic|p2a: Landorus\n|-damage|p2a: Landorus|49\/100\n|move|p2b: Ninetales|Icy Wind|p1a: Raichu|[spread] p1a,p1b\n|-supereffective|p1b: Thundurus\n|-damage|p1a: Raichu|0 fnt\n|-damage|p1b: Thundurus|41\/100\n|-unboost|p1b: Thundurus|spe|1\n|faint|p1a: Raichu\n|move|p1b: Thundurus|Wildbolt Storm|p2b: Ninetales|[spread] p2b\n|-immune|p2a: Landorus\n|-damage|p2b: Ninetales|43\/100\n|\n|-weather|RainDance|[upkeep]\n|upkeep\n|\n|t:|1700019765\n|switch|p1a: Urshifu|Urshifu-Rapid-Strike, L50, M|100\/100\n|turn|6\n|\n|t:|1700019773\n|switch|p2b: Iron Hands|Iron Hands, L50|59\/100\n|-activate|p2b: Iron Hands|ability: Quark Drive\n|-start|p2b: Iron Hands|quarkdriveatk\n|-terastallize|p2a: Landorus|Flying\n|move|p1a: Urshifu|Aqua Jet|p2a: Landorus\n|-damage|p2a: Landorus|10\/100\n|move|p2a: Landorus|Tera Blast|p1a: Urshifu|[anim] Tera Blast Flying\n|-supereffective|p1a: Urshifu\n|-damage|p1a: Urshifu|0 fnt\n|faint|p1a: Urshifu\n|move|p1b: Thundurus|Wildbolt Storm|p2a: Landorus|[spread] p2a,p2b\n|-supereffective|p2a: Landorus\n|-resisted|p2b: Iron Hands\n|-damage|p2a: Landorus|0 fnt\n|-damage|p2b: Iron Hands|52\/100\n|faint|p2a: Landorus\n|\n|-weather|RainDance|[upkeep]\n|upkeep\n|\n|t:|1700019790\n|switch|p2a: Ninetales|Ninetales-Alola, L50, F|43\/100\n|-weather|Snow|[from] ability: Snow Warning|[of] p2a: Ninetales\n|turn|7\n|-message|Higamino forfeited.\n|\n|win|jungkook-incarnate\n|raw|Higamino's rating: 1044 &rarr; <strong>1028<\/strong><br \/>(-16 for losing)\n|raw|jungkook-incarnate's rating: 1059 &rarr; <strong>1089<\/strong><br \/>(+30 for winning)\n|l|\u2606Higamino\n","uploadtime":1700019824,"views":13,"p1id":"higamino","p2id":"jungkookincarnate","formatid":"gen9vgc2023regulatione","rating":1028,"private":0,"password":""}