{"id":"gen9vgc2023regulatione-1998320210","p1":"codio409","p2":"MyzraelHS","format":"[Gen 9] VGC 2023 Regulation E","log":"|j|\u2606codio409\n|j|\u2606MyzraelHS\n|t:|1700929044\n|gametype|doubles\n|player|p1|codio409|102|1067\n|player|p2|MyzraelHS|clair|1101\n|teamsize|p1|6\n|teamsize|p2|6\n|gen|9\n|tier|[Gen 9] VGC 2023 Regulation E\n|rated|\n|rule|Species Clause: Limit one of each Pok\u00e9mon\n|rule|Item Clause: Limit one of each item\n|clearpoke\n|poke|p1|Annihilape, L50, M|\n|poke|p1|Talonflame, L50, M|\n|poke|p1|Landorus-Therian, L50, M|\n|poke|p1|Mimikyu, L50, F|\n|poke|p1|Chien-Pao, L50|\n|poke|p1|Flutter Mane, L50|\n|poke|p2|Toxapex, L50, F|\n|poke|p2|Goodra-Hisui, L50, M|\n|poke|p2|Grimmsnarl, L50, M|\n|poke|p2|Sinistcha, L50|\n|poke|p2|Landorus-Therian, L50, M|\n|poke|p2|Iron Hands, L50|\n|teampreview|4\n|inactive|Battle timer is ON: inactive players will automatically lose when time's up. (requested by codio409)\n|\n|t:|1700929080\n|start\n|switch|p1a: Annihilape|Annihilape, L50, M|100\/100\n|switch|p1b: Chien-Pao|Chien-Pao, L50|100\/100\n|switch|p2a: Sinistcha|Sinistcha, L50|100\/100\n|switch|p2b: Grimmsnarl|Grimmsnarl, L50, M|100\/100\n|-ability|p1b: Chien-Pao|Sword of Ruin\n|turn|1\n|inactive|MyzraelHS has 30 seconds left.\n|inactive|MyzraelHS has 20 seconds left.\n|inactive|MyzraelHS has 15 seconds left.\n|inactive|MyzraelHS has 10 seconds left.\n|\n|t:|1700929129\n|move|p2b: Grimmsnarl|Parting Shot|p1b: Chien-Pao\n|-hint|Since gen 7, Dark is immune to Prankster moves.\n|-immune|p1b: Chien-Pao\n|move|p1a: Annihilape|Rage Fist|p2a: Sinistcha\n|-supereffective|p2a: Sinistcha\n|-damage|p2a: Sinistcha|47\/100\n|-enditem|p2a: Sinistcha|Sitrus Berry|[eat]\n|-heal|p2a: Sinistcha|71\/100|[from] item: Sitrus Berry\n|move|p1b: Chien-Pao|Ice Spinner|p2a: Sinistcha\n|-supereffective|p2a: Sinistcha\n|-damage|p2a: Sinistcha|0 fnt\n|faint|p2a: Sinistcha\n|\n|upkeep\n|\n|t:|1700929140\n|switch|p2a: Toxapex|Toxapex, L50, F|100\/100\n|turn|2\n|\n|t:|1700929154\n|move|p2b: Grimmsnarl|Parting Shot|p1a: Annihilape\n|-unboost|p1a: Annihilape|atk|1\n|-ability|p1a: Annihilape|Defiant|boost\n|-boost|p1a: Annihilape|atk|2\n|-unboost|p1a: Annihilape|spa|1\n|-ability|p1a: Annihilape|Defiant|boost\n|-boost|p1a: Annihilape|atk|2\n|\n|t:|1700929161\n|switch|p2b: Goodra|Goodra-Hisui, L50, M|100\/100|[from] Parting Shot\n|move|p1a: Annihilape|Rage Fist|p2a: Toxapex\n|-damage|p2a: Toxapex|55\/100\n|move|p1b: Chien-Pao|Sacred Sword|p2b: Goodra\n|-supereffective|p2b: Goodra\n|-damage|p2b: Goodra|41\/100\n|move|p2a: Toxapex|Infestation|p1b: Chien-Pao\n|-supereffective|p1b: Chien-Pao\n|-damage|p1b: Chien-Pao|90\/100\n|-activate|p1b: Chien-Pao|move: Infestation|[of] p2a: Toxapex\n|\n|-heal|p2b: Goodra|46\/100|[from] item: Leftovers\n|-damage|p1b: Chien-Pao|74\/100|[from] move: Infestation|[partiallytrapped]\n|upkeep\n|turn|3\n|\n|t:|1700929183\n|move|p1a: Annihilape|Rage Fist|p2a: Toxapex\n|-damage|p2a: Toxapex|7\/100\n|move|p1b: Chien-Pao|Sacred Sword|p2b: Goodra\n|-supereffective|p2b: Goodra\n|-damage|p2b: Goodra|0 fnt\n|faint|p2b: Goodra\n|move|p2a: Toxapex|Infestation|p1a: Annihilape\n|-resisted|p1a: Annihilape\n|-damage|p1a: Annihilape|99\/100\n|-activate|p1a: Annihilape|move: Infestation|[of] p2a: Toxapex\n|\n|-damage|p1a: Annihilape|83\/100|[from] move: Infestation|[partiallytrapped]\n|-damage|p1b: Chien-Pao|58\/100|[from] move: Infestation|[partiallytrapped]\n|upkeep\n|\n|t:|1700929194\n|switch|p2b: Grimmsnarl|Grimmsnarl, L50, M|100\/100\n|turn|4\n|\n|t:|1700929205\n|move|p2a: Toxapex|Baneful Bunker|p2a: Toxapex\n|-singleturn|p2a: Toxapex|move: Protect\n|move|p1a: Annihilape|Rage Fist|p2a: Toxapex\n|-activate|p2a: Toxapex|move: Protect\n|-status|p1a: Annihilape|psn\n|move|p1b: Chien-Pao|Sacred Sword|p2b: Grimmsnarl\n|-damage|p2b: Grimmsnarl|59\/100\n|move|p2b: Grimmsnarl|Spirit Break|p1b: Chien-Pao\n|-supereffective|p1b: Chien-Pao\n|-damage|p1b: Chien-Pao|0 fnt\n|faint|p1b: Chien-Pao\n|\n|-damage|p1a: Annihilape|71\/100 psn|[from] psn\n|-damage|p1a: Annihilape|54\/100 psn|[from] move: Infestation|[partiallytrapped]\n|upkeep\n|\n|t:|1700929223\n|switch|p1b: Flutter Mane|Flutter Mane, L50|100\/100\n|turn|5\n|\n|t:|1700929246\n|move|p2a: Toxapex|Baneful Bunker|p2a: Toxapex\n|-singleturn|p2a: Toxapex|move: Protect\n|move|p1a: Annihilape|Rage Fist|p2a: Toxapex\n|-activate|p2a: Toxapex|move: Protect\n|move|p1b: Flutter Mane|Dazzling Gleam|p2b: Grimmsnarl|[spread] p2b\n|-activate|p2a: Toxapex|move: Protect\n|-supereffective|p2b: Grimmsnarl\n|-damage|p2b: Grimmsnarl|0 fnt\n|faint|p2b: Grimmsnarl\n|\n|-damage|p1a: Annihilape|42\/100 psn|[from] psn\n|-damage|p1a: Annihilape|25\/100 psn|[from] move: Infestation|[partiallytrapped]\n|upkeep\n|turn|6\n|-message|MyzraelHS forfeited.\n|\n|win|codio409\n|raw|codio409's rating: 1067 &rarr; <strong>1100<\/strong><br \/>(+33 for winning)\n|raw|MyzraelHS's rating: 1101 &rarr; <strong>1074<\/strong><br \/>(-27 for losing)\n|l|\u2606MyzraelHS\n","uploadtime":1700929264,"views":2,"p1id":"codio409","p2id":"myzraelhs","formatid":"gen9vgc2023regulatione","rating":1074,"private":0,"password":""}