{"id":"gen9vgc2023regulatione-1995541491","p1":"pradaj","p2":"KilnFirelinkAlt","format":"[Gen 9] VGC 2023 Regulation E","log":"|j|\u203dpradaj\n|j|\u2606KilnFirelinkAlt\n|t:|1700581268\n|gametype|doubles\n|player|p1|pradaj|101|1083\n|player|p2|KilnFirelinkAlt|iris-gen5bw2|1009\n|teamsize|p1|6\n|teamsize|p2|6\n|gen|9\n|tier|[Gen 9] VGC 2023 Regulation E\n|rated|\n|rule|Species Clause: Limit one of each Pok\u00e9mon\n|rule|Item Clause: Limit one of each item\n|clearpoke\n|poke|p1|Dragonite, L50, M|\n|poke|p1|Tornadus, L50, M|\n|poke|p1|Milotic, L50, M|\n|poke|p1|Okidogi, L50, M|\n|poke|p1|Flutter Mane, L50|\n|poke|p1|Sinistcha-Masterpiece, L50|\n|poke|p2|Gengar, L50, F|\n|poke|p2|Gyarados, L50, M|\n|poke|p2|Snorlax, L50, F|\n|poke|p2|Scizor, L50, M|\n|poke|p2|Golem, L50, M|\n|poke|p2|Gardevoir, L50, M|\n|teampreview|4\n|inactive|Battle timer is ON: inactive players will automatically lose when time's up. (requested by pradaj)\nKilnFirelinkAlt rejected open team sheets.\n|inactive|pradaj has 60 seconds left.\n|\n|t:|1700581305\n|start\n|switch|p1a: Tornadus|Tornadus, L50, M|100\/100\n|switch|p1b: Milotic|Milotic, L50, M, shiny|100\/100\n|switch|p2a: Gengar|Gengar, L50, F|100\/100\n|switch|p2b: Snorlax|Snorlax, L50, F|100\/100\n|turn|1\n|\n|t:|1700581329\n|move|p1b: Milotic|Protect|p1b: Milotic\n|-singleturn|p1b: Milotic|Protect\n|move|p1a: Tornadus|Taunt|p2a: Gengar\n|-start|p2a: Gengar|move: Taunt\n|move|p2a: Gengar|Giga Drain|p1b: Milotic\n|-activate|p1b: Milotic|move: Protect\n|move|p2b: Snorlax|Curse|p2b: Snorlax\n|-unboost|p2b: Snorlax|spe|1\n|-boost|p2b: Snorlax|atk|1\n|-boost|p2b: Snorlax|def|1\n|\n|upkeep\n|turn|2\n|inactive|pradaj has 30 seconds left.\n|\n|t:|1700581354\n|move|p1a: Tornadus|Rain Dance|p1a: Tornadus\n|-weather|RainDance\n|move|p2a: Gengar|Thunderbolt|p1a: Tornadus\n|-supereffective|p1a: Tornadus\n|-damage|p1a: Tornadus|29\/100\n|-status|p1a: Tornadus|par\n|-enditem|p1a: Tornadus|Sitrus Berry|[eat]\n|-heal|p1a: Tornadus|54\/100 par|[from] item: Sitrus Berry\n|move|p1b: Milotic|Surf|p2b: Snorlax|[spread] p1a,p2a,p2b\n|-damage|p1a: Tornadus|10\/100 par\n|-damage|p2a: Gengar|31\/100\n|-damage|p2b: Snorlax|69\/100\n|-start|p1b: Milotic|Disable|Surf|[from] ability: Cursed Body|[of] p2a: Gengar\n|move|p2b: Snorlax|Body Slam|p1a: Tornadus\n|-damage|p1a: Tornadus|0 fnt\n|faint|p1a: Tornadus\n|\n|-weather|RainDance|[upkeep]\n|-heal|p2a: Gengar|36\/100|[from] item: Black Sludge\n|-heal|p2b: Snorlax|75\/100|[from] item: Leftovers\n|upkeep\n|\n|t:|1700581378\n|switch|p1a: Flutter Mane|Flutter Mane, L50|100\/100\n|-enditem|p1a: Flutter Mane|Booster Energy\n|-activate|p1a: Flutter Mane|ability: Protosynthesis|[fromitem]\n|-start|p1a: Flutter Mane|protosynthesisspe\n|turn|3\n|\n|t:|1700581402\n|-terastallize|p1b: Milotic|Ground\n|move|p1a: Flutter Mane|Shadow Ball|p2a: Gengar\n|-supereffective|p2a: Gengar\n|-damage|p2a: Gengar|0 fnt\n|faint|p2a: Gengar\n|move|p1b: Milotic|Tera Blast|p2b: Snorlax|[anim] Tera Blast Ground\n|-damage|p2b: Snorlax|50\/100\n|move|p2b: Snorlax|Yawn|p1b: Milotic\n|-start|p1b: Milotic|move: Yawn|[of] p2b: Snorlax\n|\n|-weather|RainDance|[upkeep]\n|-heal|p2b: Snorlax|56\/100|[from] item: Leftovers\n|upkeep\n|\n|t:|1700581413\n|switch|p2a: Scizor|Scizor, L50, M|100\/100\n|turn|4\n|\n|t:|1700581426\n|switch|p1b: Okidogi|Okidogi, L50, M|100\/100\n|-terastallize|p2b: Snorlax|Flying\n|move|p2a: Scizor|Bullet Punch|p1a: Flutter Mane\n|-supereffective|p1a: Flutter Mane\n|-damage|p1a: Flutter Mane|0 fnt\n|faint|p1a: Flutter Mane\n|-end|p1a: Flutter Mane|Protosynthesis|[silent]\n|move|p2b: Snorlax|Curse|p2b: Snorlax\n|-unboost|p2b: Snorlax|spe|1\n|-boost|p2b: Snorlax|atk|1\n|-boost|p2b: Snorlax|def|1\n|\n|-weather|RainDance|[upkeep]\n|-heal|p2b: Snorlax|62\/100|[from] item: Leftovers\n|upkeep\n|\n|t:|1700581443\n|switch|p1a: Milotic|Milotic, L50, M, shiny, tera:Ground|100\/100\n|turn|5\n|\n|t:|1700581466\n|move|p1b: Okidogi|Gunk Shot|p2b: Snorlax|[miss]\n|-miss|p1b: Okidogi|p2b: Snorlax\n|move|p1a: Milotic|Surf|p2a: Scizor|[spread] p1b,p2a,p2b\n|-damage|p1b: Okidogi|63\/100\n|-damage|p2a: Scizor|39\/100\n|-damage|p2b: Snorlax|32\/100\n|move|p2a: Scizor|Aerial Ace|p1b: Okidogi\n|-supereffective|p1b: Okidogi\n|-damage|p1b: Okidogi|0 fnt\n|faint|p1b: Okidogi\n|move|p2b: Snorlax|Yawn|p1a: Milotic\n|-start|p1a: Milotic|move: Yawn|[of] p2b: Snorlax\n|\n|-weather|RainDance|[upkeep]\n|-heal|p2b: Snorlax|38\/100|[from] item: Leftovers\n|upkeep\n|turn|6\n|inactive|KilnFirelinkAlt has 30 seconds left.\n|\n|t:|1700581495\n|move|p2a: Scizor|Bullet Punch|p1a: Milotic\n|-damage|p1a: Milotic|57\/100\n|move|p1a: Milotic|Surf|p2b: Snorlax|[spread] p2a,p2b\n|-damage|p2a: Scizor|0 fnt\n|-damage|p2b: Snorlax|7\/100\n|faint|p2a: Scizor\n|move|p2b: Snorlax|Body Slam|p1a: Milotic\n|-damage|p1a: Milotic|0 fnt\n|faint|p1a: Milotic\n|\n|win|KilnFirelinkAlt\n|raw|pradaj's rating: 1083 &rarr; <strong>1056<\/strong><br \/>(-27 for losing)\n|raw|KilnFirelinkAlt's rating: 1009 &rarr; <strong>1056<\/strong><br \/>(+47 for winning)\n|l|\u203dpradaj\n","uploadtime":1700581515,"views":8,"p1id":"pradaj","p2id":"kilnfirelinkalt","formatid":"gen9vgc2023regulatione","rating":1056,"private":0,"password":""}