{"id":"gen9vgc2023regulatione-1998421998","p1":"zombieaussie","p2":"derekthemediocre","format":"[Gen 9] VGC 2023 Regulation E","log":"|j|\u2606zombieaussie\n|j|\u2606derekthemediocre\n|t:|1700940527\n|gametype|doubles\n|player|p1|zombieaussie|265|1025\n|player|p2|derekthemediocre|170|1017\n|teamsize|p1|6\n|teamsize|p2|6\n|gen|9\n|tier|[Gen 9] VGC 2023 Regulation E\n|rated|\n|rule|Species Clause: Limit one of each Pok\u00e9mon\n|rule|Item Clause: Limit one of each item\n|clearpoke\n|poke|p1|Espathra, L50, M|\n|poke|p1|Corviknight, L50, F|\n|poke|p1|Regieleki, L50|\n|poke|p1|Ursaluna, L50, M|\n|poke|p1|Skeledirge, L50, F|\n|poke|p1|Appletun, L50, F|\n|poke|p2|Numel, L50, F|\n|poke|p2|Oranguru, L50, F|\n|poke|p2|Flamigo, L50, M|\n|poke|p2|Medicham, L50, F|\n|poke|p2|Scream Tail, L50|\n|poke|p2|Arcanine, L50, F|\n|teampreview|4\n|\n|t:|1700940564\n|start\n|switch|p1a: Regieleki|Regieleki, L50|100\/100\n|switch|p1b: Skeledirge|Skeledirge, L50, F|100\/100\n|switch|p2a: Numel|Numel, L50, F|100\/100\n|switch|p2b: Oranguru|Oranguru, L50, F|100\/100\n|turn|1\n|\n|t:|1700940596\n|move|p1a: Regieleki|Electroweb|p2a: Numel|[spread] p2b\n|-immune|p2a: Numel\n|-damage|p2b: Oranguru|81\/100\n|-unboost|p2b: Oranguru|spe|1\n|move|p1b: Skeledirge|Torch Song|p2b: Oranguru\n|-damage|p2b: Oranguru|57\/100\n|-boost|p1b: Skeledirge|spa|1\n|move|p2a: Numel|Howl|p2a: Numel|[spread] p2a,p2b\n|-boost|p2a: Numel|atk|2\n|-boost|p2b: Oranguru|atk|1\n|move|p2b: Oranguru|Trick Room|p2b: Oranguru\n|-fieldstart|move: Trick Room|[of] p2b: Oranguru\n|\n|upkeep\n|turn|2\n|\n|t:|1700940629\n|switch|p1a: Corviknight|Corviknight, L50, F, shiny|100\/100\n|move|p2b: Oranguru|Instruct|p2a: Numel\n|-singleturn|p2a: Numel|move: Instruct|[of] p2b: Oranguru\n|move|p2a: Numel|Howl|p2a: Numel|[spread] p2a,p2b\n|-boost|p2a: Numel|atk|2\n|-boost|p2b: Oranguru|atk|1\n|move|p2a: Numel|Stockpile|p2a: Numel\n|-start|p2a: Numel|stockpile1\n|-boost|p2a: Numel|def|2\n|-boost|p2a: Numel|spd|2\n|move|p1b: Skeledirge|Earth Power|p2a: Numel\n|-supereffective|p2a: Numel\n|-damage|p2a: Numel|31\/100\n|\n|upkeep\n|turn|3\n|\n|t:|1700940657\n|move|p2b: Oranguru|Psych Up|p2a: Numel\n|-copyboost|p2b: Oranguru|p2a: Numel|[from] move: Psych Up\n|move|p2a: Numel|Stomping Tantrum|p1b: Skeledirge\n|-supereffective|p1b: Skeledirge\n|-damage|p1b: Skeledirge|72\/100\n|move|p1b: Skeledirge|Earth Power|p2a: Numel\n|-supereffective|p2a: Numel\n|-damage|p2a: Numel|0 fnt\n|faint|p2a: Numel\n|move|p1a: Corviknight|Bulk Up|p1a: Corviknight\n|-boost|p1a: Corviknight|atk|1\n|-boost|p1a: Corviknight|def|1\n|\n|-heal|p1b: Skeledirge|78\/100|[from] item: Leftovers\n|upkeep\n|\n|t:|1700940672\n|switch|p2a: Flamigo|Flamigo, L50, M|100\/100\n|-copyboost|p2a: Flamigo|p2b: Oranguru|[from] ability: Costar\n|turn|4\n|\n|t:|1700940700\n|-terastallize|p2a: Flamigo|Flying\n|move|p2b: Oranguru|Hyper Voice|p1b: Skeledirge|[spread] p1a\n|-immune|p1b: Skeledirge\n|-resisted|p1a: Corviknight\n|-damage|p1a: Corviknight|92\/100\n|move|p1b: Skeledirge|Torch Song|p2a: Flamigo\n|-damage|p2a: Flamigo|37\/100\n|-boost|p1b: Skeledirge|spa|1\n|move|p1a: Corviknight|Bulk Up|p1a: Corviknight\n|-boost|p1a: Corviknight|atk|1\n|-boost|p1a: Corviknight|def|1\n|move|p2a: Flamigo|Throat Chop|p1b: Skeledirge\n|-supereffective|p1b: Skeledirge\n|-damage|p1b: Skeledirge|39\/100\n|-start|p1b: Skeledirge|Throat Chop|[silent]\n|\n|-heal|p1b: Skeledirge|46\/100|[from] item: Leftovers\n|upkeep\n|turn|5\n|\n|t:|1700940725\n|move|p2b: Oranguru|Instruct|p2a: Flamigo\n|-singleturn|p2a: Flamigo|move: Instruct|[of] p2b: Oranguru\n|move|p2a: Flamigo|Throat Chop|p1b: Skeledirge\n|-supereffective|p1b: Skeledirge\n|-damage|p1b: Skeledirge|7\/100\n|move|p1b: Skeledirge|Shadow Ball|p2a: Flamigo\n|-damage|p2a: Flamigo|0 fnt\n|faint|p2a: Flamigo\n|move|p1a: Corviknight|Bulk Up|p1a: Corviknight\n|-boost|p1a: Corviknight|atk|1\n|-boost|p1a: Corviknight|def|1\n|\n|-heal|p1b: Skeledirge|13\/100|[from] item: Leftovers\n|-end|p1b: Skeledirge|Throat Chop|[silent]\n|-fieldend|move: Trick Room\n|upkeep\n|\n|t:|1700940740\n|switch|p2a: Medicham|Medicham, L50, F|100\/100\n|turn|6\n|c|\u2606zombieaussie|i like that team... its weird and seems like fun, props to you honestly\n|\n|t:|1700940761\n|move|p2a: Medicham|Psych Up|p2b: Oranguru\n|-copyboost|p2a: Medicham|p2b: Oranguru|[from] move: Psych Up\n|move|p1a: Corviknight|Body Press|p2b: Oranguru\n|-damage|p2b: Oranguru|31\/100\n|move|p1b: Skeledirge|Slack Off|p1b: Skeledirge\n|-heal|p1b: Skeledirge|63\/100\n|move|p2b: Oranguru|Trick Room|p2b: Oranguru\n|-fieldstart|move: Trick Room|[of] p2b: Oranguru\n|\n|-heal|p1b: Skeledirge|69\/100|[from] item: Leftovers\n|upkeep\n|turn|7\n|\n|t:|1700940779\n|move|p2b: Oranguru|Instruct|p2a: Medicham\n|-singleturn|p2a: Medicham|move: Instruct|[of] p2b: Oranguru\n|move|p2a: Medicham|Psych Up|p2b: Oranguru\n|-copyboost|p2a: Medicham|p2b: Oranguru|[from] move: Psych Up\n|move|p1b: Skeledirge|Shadow Ball|p2a: Medicham\n|-supereffective|p2a: Medicham\n|-damage|p2a: Medicham|0 fnt\n|faint|p2a: Medicham\n|move|p1a: Corviknight|Body Press|p2b: Oranguru\n|-damage|p2b: Oranguru|7\/100\n|\n|-heal|p1b: Skeledirge|75\/100|[from] item: Leftovers\n|upkeep\n|turn|8\n|\n|t:|1700940796\n|move|p2b: Oranguru|Hyper Voice|p1b: Skeledirge|[spread] p1a\n|-immune|p1b: Skeledirge\n|-resisted|p1a: Corviknight\n|-damage|p1a: Corviknight|84\/100\n|move|p1b: Skeledirge|Earth Power|p1a: Corviknight\n|-immune|p1a: Corviknight\n|move|p1a: Corviknight|Body Press|p2b: Oranguru\n|-damage|p2b: Oranguru|0 fnt\n|faint|p2b: Oranguru\n|\n|win|zombieaussie\n|raw|zombieaussie's rating: 1025 &rarr; <strong>1060<\/strong><br \/>(+35 for winning)\n|raw|derekthemediocre's rating: 1017 &rarr; <strong>1005<\/strong><br \/>(-12 for losing)\n|l|\u2606derekthemediocre\n","uploadtime":1700940808,"views":21,"p1id":"zombieaussie","p2id":"derekthemediocre","formatid":"gen9vgc2023regulatione","rating":1005,"private":0,"password":""}