{"id":"gen9vgc2023regulatione-2000485876","p1":"XleilouX","p2":"Chien-Meow","format":"[Gen 9] VGC 2023 Regulation E","log":"|j|\u2606XleilouX\n|j|\u2606Chien-Meow\n|n|\u2606XleilouX|xleiloux\n|n|\u2606Chien-Meow|chienmeow\n|html|View the match progress at <a href=\"\/game-bestof3-gen9vgc2023regulatione-2000481091\">game-bestof3-gen9vgc2023regulatione-2000481091<\/a>\n|t:|1701198814\n|gametype|doubles\n|player|p1|XleilouX|pokekid|\n|player|p2|Chien-Meow|benga|\n|teamsize|p1|6\n|teamsize|p2|6\n|gen|9\n|tier|[Gen 9] VGC 2023 Regulation E\n|rule|Species Clause: Limit one of each Pok\u00e9mon\n|rule|Item Clause: Limit one of each item\n|clearpoke\n|poke|p1|Azumarill, L50, F|\n|poke|p1|Mimikyu, L50, M|\n|poke|p1|Corviknight, L50, F|\n|poke|p1|Lilligant-Hisui, L50, F|\n|poke|p1|Torkoal, L50, F|\n|poke|p1|Roaring Moon, L50|\n|poke|p2|Dragapult, L50, M|\n|poke|p2|Kingambit, L50, F|\n|poke|p2|Sylveon, L50, M|\n|poke|p2|Palafin, L50, F|\n|poke|p2|Garganacl, L50, M|\n|poke|p2|Infernape, L50, M|\n|teampreview|4\n|inactive|Battle timer is ON: inactive players will automatically lose when time's up. (requested by Chien-Meow)\n|\n|t:|1701198837\n|start\n|switch|p1a: JoBistNass|Azumarill, L50, F|100\/100\n|switch|p1b: Elektromaus|Mimikyu, L50, M|100\/100\n|switch|p2a: Palafindet Nemo|Palafin, L50, F|100\/100\n|switch|p2b: Salzhuan|Garganacl, L50, M|100\/100\n|turn|1\n|inactive|Chien-Meow has 30 seconds left.\n|\n|t:|1701198870\n|switch|p2b: Inferno Overdrive|Infernape, L50, M|100\/100\n|move|p2a: Palafindet Nemo|Jet Punch|p1b: Elektromaus\n|-activate|p1b: Elektromaus|ability: Disguise\n|-damage|p1b: Elektromaus|100\/100\n|detailschange|p1b: Elektromaus|Mimikyu-Busted, L50, M\n|-damage|p1b: Elektromaus|89\/100|[from] pokemon: Mimikyu-Busted\n|move|p1b: Elektromaus|Trick|p2b: Inferno Overdrive\n|-activate|p1b: Elektromaus|move: Trick|[of] p2b: Inferno Overdrive\n|-item|p2b: Inferno Overdrive|Choice Scarf|[from] move: Trick\n|-item|p1b: Elektromaus|Choice Scarf|[from] move: Trick\n|move|p1a: JoBistNass|Play Rough|p2a: Palafindet Nemo\n|-damage|p2a: Palafindet Nemo|0 fnt\n|faint|p2a: Palafindet Nemo\n|\n|upkeep\n|\n|t:|1701198887\n|switch|p2a: Yeet the Child|Dragapult, L50, M|100\/100\n|turn|2\n|\n|t:|1701198907\n|switch|p1b: KNightowl|Corviknight, L50, F|100\/100\n|-ability|p1b: KNightowl|Unnerve\n|-terastallize|p2a: Yeet the Child|Ghost\n|move|p2b: Inferno Overdrive|Fling|p2a: Yeet the Child\n|-supereffective|p2a: Yeet the Child\n|-damage|p2a: Yeet the Child|91\/100\n|-enditem|p2a: Yeet the Child|Weakness Policy\n|-boost|p2a: Yeet the Child|atk|2|[from] item: Weakness Policy\n|-boost|p2a: Yeet the Child|spa|2|[from] item: Weakness Policy\n|-enditem|p2b: Inferno Overdrive|Choice Scarf|[from] move: Fling\n|move|p2a: Yeet the Child|Tera Blast|p1a: JoBistNass|[anim] Tera Blast Ghost\n|-damage|p1a: JoBistNass|0 fnt\n|faint|p1a: JoBistNass\n|\n|upkeep\n|\n|t:|1701198924\n|switch|p1a: Elektromaus|Mimikyu-Busted, L50, M|89\/100\n|turn|3\n|\n|t:|1701198935\n|move|p1a: Elektromaus|Will-O-Wisp|p2a: Yeet the Child\n|-status|p2a: Yeet the Child|brn\n|move|p2a: Yeet the Child|Tera Blast|p1b: KNightowl|[anim] Tera Blast Ghost\n|-damage|p1b: KNightowl|68\/100\n|move|p2b: Inferno Overdrive|Rock Slide|p1b: KNightowl|[spread] p1a,p1b\n|-damage|p1a: Elektromaus|63\/100\n|-damage|p1b: KNightowl|58\/100\n|move|p1b: KNightowl|Iron Defense|p1b: KNightowl\n|-boost|p1b: KNightowl|def|2\n|\n|-damage|p2a: Yeet the Child|85\/100 brn|[from] brn\n|upkeep\n|turn|4\n|inactive|XleilouX has 30 seconds left.\n|\n|t:|1701198963\n|switch|p1a: LaLeiLou|Roaring Moon, L50|100\/100\n|move|p2a: Yeet the Child|Tera Blast|p1b: KNightowl|[anim] Tera Blast Ghost\n|-damage|p1b: KNightowl|42\/100\n|move|p2b: Inferno Overdrive|Rock Slide|p1a: LaLeiLou|[spread] p1a,p1b\n|-damage|p1a: LaLeiLou|82\/100\n|-damage|p1b: KNightowl|36\/100\n|move|p1b: KNightowl|Roost|p1b: KNightowl\n|-heal|p1b: KNightowl|86\/100\n|-singleturn|p1b: KNightowl|move: Roost\n|\n|-heal|p1a: LaLeiLou|89\/100|[from] item: Leftovers\n|-damage|p2a: Yeet the Child|79\/100 brn|[from] brn\n|upkeep\n|turn|5\n|\n|t:|1701198985\n|-terastallize|p1a: LaLeiLou|Fire\n|move|p2b: Inferno Overdrive|Mach Punch|p1a: LaLeiLou\n|-damage|p1a: LaLeiLou|64\/100\n|move|p2a: Yeet the Child|Dragon Darts|p1a: LaLeiLou\n|-damage|p1a: LaLeiLou|34\/100\n|-anim|p2a: Yeet the Child|Dragon Darts|p1b: KNightowl\n|-resisted|p1b: KNightowl\n|-damage|p1b: KNightowl|82\/100\n|move|p1a: LaLeiLou|Dragon Dance|p1a: LaLeiLou\n|-boost|p1a: LaLeiLou|atk|1\n|-boost|p1a: LaLeiLou|spe|1\n|move|p1b: KNightowl|Iron Defense|p1b: KNightowl\n|-boost|p1b: KNightowl|def|2\n|\n|-heal|p1a: LaLeiLou|41\/100|[from] item: Leftovers\n|-damage|p2a: Yeet the Child|73\/100 brn|[from] brn\n|upkeep\n|turn|6\n|\n|t:|1701199006\n|move|p1a: LaLeiLou|Protect|p1a: LaLeiLou\n|-singleturn|p1a: LaLeiLou|Protect\n|move|p2a: Yeet the Child|Sucker Punch||[still]\n|-fail|p2a: Yeet the Child\n|move|p2b: Inferno Overdrive|Mach Punch|p1a: LaLeiLou\n|-activate|p1a: LaLeiLou|move: Protect\n|move|p1b: KNightowl|Iron Defense|p1b: KNightowl\n|-boost|p1b: KNightowl|def|2\n|\n|-heal|p1a: LaLeiLou|47\/100|[from] item: Leftovers\n|-damage|p2a: Yeet the Child|68\/100 brn|[from] brn\n|upkeep\n|turn|7\n|inactive|XleilouX has 30 seconds left.\n|\n|t:|1701199032\n|move|p2a: Yeet the Child|Sucker Punch|p1a: LaLeiLou\n|-damage|p1a: LaLeiLou|22\/100\n|move|p2b: Inferno Overdrive|Mach Punch|p1a: LaLeiLou\n|-damage|p1a: LaLeiLou|0 fnt\n|faint|p1a: LaLeiLou\n|-end|p1a: LaLeiLou|Protosynthesis|[silent]\n|move|p1b: KNightowl|Body Press|p2b: Inferno Overdrive\n|-damage|p2b: Inferno Overdrive|0 fnt\n|faint|p2b: Inferno Overdrive\n|\n|-damage|p2a: Yeet the Child|62\/100 brn|[from] brn\n|upkeep\n|\n|t:|1701199042\n|switch|p1a: Elektromaus|Mimikyu-Busted, L50, M|63\/100\n|switch|p2b: Salzhuan|Garganacl, L50, M|100\/100\n|turn|8\n|\n|t:|1701199057\n|move|p1a: Elektromaus|Play Rough|p2a: Yeet the Child|[miss]\n|-miss|p1a: Elektromaus|p2a: Yeet the Child\n|move|p2a: Yeet the Child|Tera Blast|p1a: Elektromaus|[anim] Tera Blast Ghost\n|-supereffective|p1a: Elektromaus\n|-damage|p1a: Elektromaus|0 fnt\n|faint|p1a: Elektromaus\n|move|p1b: KNightowl|Body Press|p2b: Salzhuan\n|-supereffective|p2b: Salzhuan\n|-damage|p2b: Salzhuan|0 fnt\n|faint|p2b: Salzhuan\n|\n|-damage|p2a: Yeet the Child|56\/100 brn|[from] brn\n|upkeep\n|turn|9\n|\n|t:|1701199075\n|move|p2a: Yeet the Child|Tera Blast|p1b: KNightowl|[anim] Tera Blast Ghost\n|-damage|p1b: KNightowl|75\/100\n|move|p1b: KNightowl|Brave Bird|p2a: Yeet the Child\n|-damage|p2a: Yeet the Child|2\/100 brn\n|-damage|p1b: KNightowl|60\/100|[from] Recoil\n|\n|-damage|p2a: Yeet the Child|0 fnt|[from] brn\n|faint|p2a: Yeet the Child\n|\n|win|XleilouX\n|upkeep\n|c|\u2606Chien-Meow|gg\n|c|\u2606XleilouX|gg\n|c|\u2606Chien-Meow|Schickst du?\n|c|\u2606XleilouX|ja\n","uploadtime":1701199133,"views":3,"p1id":"xleiloux","p2id":"chienmeow","formatid":"gen9vgc2023regulatione","rating":0,"private":0,"password":""}