{"id":"gen9vgc2023regulatione-1994362928","p1":"casper6_14","p2":"PokeMacYT","format":"[Gen 9] VGC 2023 Regulation E","log":"|j|\u2606casper6_14\n|j|\u2606PokeMacYT\n|t:|1700435349\n|gametype|doubles\n|player|p1|casper6_14|170|1160\n|player|p2|PokeMacYT|2|1104\n|teamsize|p1|6\n|teamsize|p2|6\n|gen|9\n|tier|[Gen 9] VGC 2023 Regulation E\n|rated|\n|rule|Species Clause: Limit one of each Pok\u00e9mon\n|rule|Item Clause: Limit one of each item\n|clearpoke\n|poke|p1|Gholdengo, L50|\n|poke|p1|Perrserker, L50, M|\n|poke|p1|Dondozo, L50, F|\n|poke|p1|Tatsugiri, L50, F|\n|poke|p1|Dragonite, L50, F|\n|poke|p1|Chien-Pao, L50|\n|poke|p2|Gholdengo, L50|\n|poke|p2|Iron Hands, L50|\n|poke|p2|Amoonguss, L50, F|\n|poke|p2|Iron Bundle, L50|\n|poke|p2|Pelipper, L50, M|\n|poke|p2|Salamence, L50, F|\n|teampreview|4\n|inactive|Battle timer is ON: inactive players will automatically lose when time's up. (requested by casper6_14)\ncasper6_14 has agreed to open team sheets.\n|\n|t:|1700435396\n|start\n|switch|p1a: Gholdengo|Gholdengo, L50|100\/100\n|switch|p1b: Perrserker|Perrserker, L50, M|100\/100\n|switch|p2a: Iron Hands|Iron Hands, L50|100\/100\n|switch|p2b: Amoonguss|Amoonguss, L50, F|100\/100\n|turn|1\n|inactive|PokeMacYT has 30 seconds left.\n|inactive|PokeMacYT has 20 seconds left.\n|inactive|PokeMacYT has 15 seconds left.\n|\n|t:|1700435438\n|-terastallize|p1a: Gholdengo|Steel\n|move|p2a: Iron Hands|Fake Out|p1b: Perrserker\n|-resisted|p1b: Perrserker\n|-damage|p1b: Perrserker|93\/100\n|cant|p1b: Perrserker|flinch\n|move|p1a: Gholdengo|Make It Rain|p2a: Iron Hands|[spread] p2a,p2b\n|-resisted|p2a: Iron Hands\n|-damage|p2a: Iron Hands|56\/100\n|-damage|p2b: Amoonguss|0 fnt\n|-unboost|p1a: Gholdengo|spa|1\n|faint|p2b: Amoonguss\n|\n|upkeep\n|\n|t:|1700435461\n|switch|p2b: Gholdengo|Gholdengo, L50|100\/100\n|turn|2\n|\n|t:|1700435473\n|move|p2b: Gholdengo|Nasty Plot|p2b: Gholdengo\n|-boost|p2b: Gholdengo|spa|2\n|move|p1a: Gholdengo|Make It Rain|p2a: Iron Hands|[spread] p2a,p2b\n|-resisted|p2a: Iron Hands\n|-resisted|p2b: Gholdengo\n|-damage|p2a: Iron Hands|28\/100\n|-damage|p2b: Gholdengo|43\/100\n|-unboost|p1a: Gholdengo|spa|1\n|move|p2a: Iron Hands|Drain Punch|p1b: Perrserker\n|-supereffective|p1b: Perrserker\n|-damage|p1b: Perrserker|10\/100\n|-heal|p2a: Iron Hands|58\/100|[from] drain|[of] p1b: Perrserker\n|move|p1b: Perrserker|Knock Off|p2b: Gholdengo\n|-supereffective|p2b: Gholdengo\n|-damage|p2b: Gholdengo|0 fnt\n|-enditem|p2b: Gholdengo|Leftovers|[from] move: Knock Off|[of] p1b: Perrserker\n|faint|p2b: Gholdengo\n|\n|upkeep\n|\n|t:|1700435488\n|switch|p2b: Iron Bundle|Iron Bundle, L50|100\/100\n|-enditem|p2b: Iron Bundle|Booster Energy\n|-activate|p2b: Iron Bundle|ability: Quark Drive|[fromitem]\n|-start|p2b: Iron Bundle|quarkdrivespe\n|turn|3\n|inactive|PokeMacYT has 30 seconds left.\n|\n|t:|1700435518\n|move|p2b: Iron Bundle|Freeze-Dry|p1b: Perrserker\n|-resisted|p1b: Perrserker\n|-damage|p1b: Perrserker|0 fnt\n|faint|p1b: Perrserker\n|move|p1a: Gholdengo|Make It Rain|p2b: Iron Bundle|[spread] p2a,p2b\n|-resisted|p2a: Iron Hands\n|-crit|p2a: Iron Hands\n|-damage|p2a: Iron Hands|13\/100\n|-damage|p2b: Iron Bundle|24\/100\n|-unboost|p1a: Gholdengo|spa|1\n|move|p2a: Iron Hands|Drain Punch|p1a: Gholdengo\n|-supereffective|p1a: Gholdengo\n|-damage|p1a: Gholdengo|22\/100\n|-heal|p2a: Iron Hands|45\/100|[from] drain|[of] p1a: Gholdengo\n|\n|upkeep\n|\n|t:|1700435530\n|switch|p1b: Dondozo|Dondozo, L50, F|100\/100\n|turn|4\n|\n|t:|1700435551\n|move|p2b: Iron Bundle|Hydro Pump|p1a: Gholdengo\n|-damage|p1a: Gholdengo|0 fnt\n|faint|p1a: Gholdengo\n|move|p2a: Iron Hands|Wild Charge|p1b: Dondozo\n|-supereffective|p1b: Dondozo\n|-damage|p1b: Dondozo|27\/100\n|-damage|p2a: Iron Hands|26\/100|[from] Recoil\n|move|p1b: Dondozo|Substitute|p1b: Dondozo\n|-start|p1b: Dondozo|Substitute\n|-damage|p1b: Dondozo|2\/100\n|\n|-heal|p1b: Dondozo|8\/100|[from] item: Leftovers\n|upkeep\n|\n|t:|1700435564\n|switch|p1a: Tatsugiri|Tatsugiri, L50, F|100\/100\n|-activate|p1a: Tatsugiri|ability: Commander|[of] p1b: Dondozo\n|-boost|p1b: Dondozo|atk|2\n|-boost|p1b: Dondozo|spa|2\n|-boost|p1b: Dondozo|spe|2\n|-boost|p1b: Dondozo|def|2\n|-boost|p1b: Dondozo|spd|2\n|turn|5\n|inactive|PokeMacYT has 30 seconds left.\n|\n|t:|1700435591\n|-terastallize|p2a: Iron Hands|Water\n|move|p2b: Iron Bundle|Hydro Pump|p1b: Dondozo\n|-resisted|p1b: Dondozo\n|-activate|p1b: Dondozo|move: Substitute|[damage]\n|move|p1b: Dondozo|Earthquake|p2a: Iron Hands|[spread] p2a,p2b\n|-miss|p1b: Dondozo|p1a: Tatsugiri\n|-damage|p2a: Iron Hands|0 fnt\n|-damage|p2b: Iron Bundle|0 fnt\n|faint|p2a: Iron Hands\n|-end|p2a: Iron Hands|Quark Drive|[silent]\n|faint|p2b: Iron Bundle\n|-end|p2b: Iron Bundle|Quark Drive|[silent]\n|\n|win|casper6_14\n|raw|casper6_14's rating: 1160 &rarr; <strong>1181<\/strong><br \/>(+21 for winning)\n|raw|PokeMacYT's rating: 1104 &rarr; <strong>1083<\/strong><br \/>(-21 for losing)\n|l|\u2606PokeMacYT\n","uploadtime":1700435601,"views":14,"p1id":"casper614","p2id":"pokemacyt","formatid":"gen9vgc2023regulatione","rating":1083,"private":0,"password":""}