{"id":"gen9vgc2023regulatione-2000420154","p1":"Irro","p2":"Ensioa","format":"[Gen 9] VGC 2023 Regulation E","log":"|j|\u2606Irro\n|j|\u2606Ensioa\n|t:|1701193298\n|gametype|doubles\n|player|p1|Irro|steven|\n|player|p2|Ensioa|cynthia-anime|\n|teamsize|p1|6\n|teamsize|p2|6\n|gen|9\n|tier|[Gen 9] VGC 2023 Regulation E\n|rated|Tournament battle\n|rule|Species Clause: Limit one of each Pok\u00e9mon\n|rule|Item Clause: Limit one of each item\n|clearpoke\n|poke|p1|Urshifu-*, L50, M|\n|poke|p1|Iron Hands, L50|\n|poke|p1|Amoonguss, L50, F|\n|poke|p1|Landorus-Therian, L50, M|\n|poke|p1|Iron Bundle, L50|\n|poke|p1|Chi-Yu, L50|\n|poke|p2|Chien-Pao, L50|\n|poke|p2|Arcanine-Hisui, L50, M|\n|poke|p2|Rillaboom, L50, F|\n|poke|p2|Urshifu-*, L50, F|\n|poke|p2|Tornadus, L50, M|\n|poke|p2|Gholdengo, L50|\n|teampreview|4\n|showteam|p1|Urshifu||FocusSash|UnseenFist|CloseCombat,WickedBlow,Detect,SuckerPunch|||M|||50|,,,,,Ghost]Iron Hands||AssaultVest|QuarkDrive|HeavySlam,DrainPunch,WildCharge,FakeOut||||||50|,,,,,Fire]Amoonguss||MentalHerb|Regenerator|Spore,RagePowder,ClearSmog,PollenPuff|||F|||50|,,,,,Poison]Landorus-Therian||ClearAmulet|Intimidate|Uturn,StompingTantrum,Protect,TeraBlast|||M|||50|,,,,,Flying]Iron Bundle||BoosterEnergy|QuarkDrive|FreezeDry,IcyWind,HydroPump,Protect||||||50|,,,,,Poison]Chi-Yu||ChoiceSpecs|BeadsofRuin|HeatWave,Overheat,DarkPulse,Psychic||||||50|,,,,,Ghost\n|showteam|p2|Chien-Pao||FocusSash|SwordofRuin|IcicleCrash,SuckerPunch,SacredSword,Protect||||||50|,,,,,Ghost]Arcanine-Hisui||ChoiceBand|Intimidate|FlareBlitz,RockSlide,ExtremeSpeed,HeadSmash|||M|||50|,,,,,Fairy]Rillaboom||AssaultVest|GrassySurge|HighHorsepower,WoodHammer,GrassyGlide,FakeOut|||F|||50|,,,,,Grass]Urshifu-Rapid-Strike||ChoiceScarf|UnseenFist|SurgingStrikes,CloseCombat,AquaJet,Uturn|||F|||50|,,,,,Water]Tornadus||RockyHelmet|Prankster|BleakwindStorm,Tailwind,RainDance,Protect|||M|||50|,,,,,Steel]Gholdengo||Leftovers|GoodasGold|MakeItRain,ShadowBall,NastyPlot,Protect||||||50|,,,,,Dragon\n|inactive|Battle timer is ON: inactive players will automatically lose when time's up. (requested by Irro)\n|inactive|Ensioa also wants the timer to be on.\n|c|\u2606Irro|hf\n|inactive|Irro has 60 seconds left.\n|inactive|Ensioa has 60 seconds left.\n|inactive|Ensioa has 30 seconds left.\n|\n|t:|1701193361\n|start\n|switch|p1a: Iron Hands|Iron Hands, L50, shiny|100\/100\n|switch|p1b: Urshifu|Urshifu, L50, M|100\/100\n|switch|p2a: Rillaboom|Rillaboom, L50, F, shiny|100\/100\n|switch|p2b: Gholdengo|Gholdengo, L50, shiny|100\/100\n|-fieldstart|move: Grassy Terrain|[from] ability: Grassy Surge|[of] p2a: Rillaboom\n|turn|1\n|inactive|Irro has 30 seconds left.\n|inactive|Ensioa has 30 seconds left.\n|\n|t:|1701193403\n|switch|p2b: Tornadus|Tornadus, L50, M, shiny|100\/100\n|-terastallize|p2a: Rillaboom|Grass\n|move|p1b: Urshifu|Detect|p1b: Urshifu\n|-singleturn|p1b: Urshifu|Protect\n|move|p2a: Rillaboom|Wood Hammer|p1b: Urshifu\n|-activate|p1b: Urshifu|move: Protect\n|move|p1a: Iron Hands|Wild Charge|p2b: Tornadus\n|-supereffective|p2b: Tornadus\n|-damage|p2b: Tornadus|8\/100\n|-damage|p1a: Iron Hands|84\/100|[from] item: Rocky Helmet|[of] p2b: Tornadus\n|-damage|p1a: Iron Hands|67\/100|[from] Recoil\n|\n|-heal|p1a: Iron Hands|73\/100|[from] Grassy Terrain\n|upkeep\n|turn|2\n|\n|t:|1701193426\n|-end|p1a: Iron Hands|Quark Drive|[silent]\n|switch|p1a: Landorus|Landorus-Therian, L50, M, shiny|100\/100\n|-ability|p1a: Landorus|Intimidate|boost\n|-unboost|p2a: Rillaboom|atk|1\n|-unboost|p2b: Tornadus|atk|1\n|move|p1b: Urshifu|Sucker Punch||[still]\n|-fail|p1b: Urshifu\n|move|p2b: Tornadus|Tailwind|p2b: Tornadus\n|-sidestart|p2: Ensioa|move: Tailwind\n|move|p2a: Rillaboom|Wood Hammer|p1a: Landorus\n|-damage|p1a: Landorus|26\/100\n|-damage|p2a: Rillaboom|80\/100|[from] Recoil\n|\n|-heal|p2a: Rillaboom|86\/100|[from] Grassy Terrain\n|upkeep\n|turn|3\n|inactive|Irro has 30 seconds left.\n|inactive|Irro has 20 seconds left.\n|inactive|Ensioa has 30 seconds left.\n|\n|t:|1701193466\n|switch|p2b: Arcanine|Arcanine-Hisui, L50, M, shiny|100\/100\n|-ability|p2b: Arcanine|Intimidate|boost\n|-fail|p1a: Landorus|unboost|[from] item: Clear Amulet|[of] p1a: Landorus\n|-unboost|p1b: Urshifu|atk|1\n|move|p1a: Landorus|Protect|p1a: Landorus\n|-singleturn|p1a: Landorus|Protect\n|move|p2a: Rillaboom|Grassy Glide|p1a: Landorus\n|-activate|p1a: Landorus|move: Protect\n|move|p1b: Urshifu|Sucker Punch||[still]\n|-fail|p1b: Urshifu\n|\n|-heal|p2a: Rillaboom|92\/100|[from] Grassy Terrain\n|upkeep\n|turn|4\n|\n|t:|1701193485\n|switch|p1a: Iron Hands|Iron Hands, L50, shiny|73\/100\n|move|p2a: Rillaboom|Grassy Glide|p1b: Urshifu\n|-damage|p1b: Urshifu|66\/100\n|move|p2b: Arcanine|Rock Slide|p1a: Iron Hands|[spread] p1a,p1b\n|-resisted|p1a: Iron Hands\n|-resisted|p1b: Urshifu\n|-damage|p1a: Iron Hands|60\/100\n|-damage|p1b: Urshifu|44\/100\n|cant|p1b: Urshifu|flinch\n|\n|-heal|p2a: Rillaboom|98\/100|[from] Grassy Terrain\n|-heal|p1b: Urshifu|50\/100|[from] Grassy Terrain\n|-heal|p1a: Iron Hands|67\/100|[from] Grassy Terrain\n|upkeep\n|turn|5\n|inactive|Ensioa has 30 seconds left.\n|inactive|Ensioa has 20 seconds left.\n|inactive|Ensioa has 15 seconds left.\n|\n|t:|1701193525\n|switch|p2b: Gholdengo|Gholdengo, L50, shiny|100\/100\n|move|p1a: Iron Hands|Fake Out|p2a: Rillaboom\n|-damage|p2a: Rillaboom|83\/100\n|cant|p2a: Rillaboom|flinch\n|move|p1b: Urshifu|Wicked Blow|p2a: Rillaboom\n|-crit|p2a: Rillaboom\n|-damage|p2a: Rillaboom|26\/100\n|\n|-heal|p2a: Rillaboom|32\/100|[from] Grassy Terrain\n|-heal|p1b: Urshifu|55\/100|[from] Grassy Terrain\n|-heal|p1a: Iron Hands|73\/100|[from] Grassy Terrain\n|-sideend|p2: Ensioa|move: Tailwind\n|-fieldend|move: Grassy Terrain\n|upkeep\n|turn|6\n|j| giftedyew\n|inactive|Ensioa has 30 seconds left.\n|inactive|Ensioa has 20 seconds left.\n|inactive|Ensioa has 15 seconds left.\n|\n|t:|1701193568\n|switch|p2b: Arcanine|Arcanine-Hisui, L50, M, shiny|100\/100\n|-ability|p2b: Arcanine|Intimidate|boost\n|-unboost|p1a: Iron Hands|atk|1\n|-unboost|p1b: Urshifu|atk|1\n|move|p1b: Urshifu|Wicked Blow|p2b: Arcanine\n|-crit|p2b: Arcanine\n|-damage|p2b: Arcanine|32\/100\n|move|p2a: Rillaboom|Wood Hammer|p1b: Urshifu\n|-damage|p1b: Urshifu|0 fnt\n|faint|p1b: Urshifu\n|-damage|p2a: Rillaboom|16\/100|[from] Recoil\n|move|p1a: Iron Hands|Drain Punch|p2a: Rillaboom\n|-damage|p2a: Rillaboom|0 fnt\n|-heal|p1a: Iron Hands|79\/100|[from] drain|[of] p2a: Rillaboom\n|faint|p2a: Rillaboom\n|\n|upkeep\n|inactive|Irro has 30 seconds left.\n|\n|t:|1701193593\n|switch|p1b: Landorus|Landorus-Therian, L50, M, shiny|26\/100\n|switch|p2a: Gholdengo|Gholdengo, L50, shiny|100\/100\n|-ability|p1b: Landorus|Intimidate|boost\n|-unboost|p2a: Gholdengo|atk|1\n|-unboost|p2b: Arcanine|atk|1\n|turn|7\n|\n|t:|1701193604\n|move|p1b: Landorus|Protect|p1b: Landorus\n|-singleturn|p1b: Landorus|Protect\n|move|p2b: Arcanine|Extreme Speed|p1b: Landorus\n|-activate|p1b: Landorus|move: Protect\n|move|p2a: Gholdengo|Nasty Plot|p2a: Gholdengo\n|-boost|p2a: Gholdengo|spa|2\n|move|p1a: Iron Hands|Drain Punch|p2b: Arcanine\n|-supereffective|p2b: Arcanine\n|-damage|p2b: Arcanine|0 fnt\n|-heal|p1a: Iron Hands|91\/100|[from] drain|[of] p2b: Arcanine\n|faint|p2b: Arcanine\n|\n|upkeep\n|\n|t:|1701193607\n|switch|p2b: Tornadus|Tornadus, L50, M, shiny|8\/100\n|turn|8\n|inactive|Irro has 30 seconds left.\n|\n|t:|1701193637\n|move|p2b: Tornadus|Tailwind|p2b: Tornadus\n|-sidestart|p2: Ensioa|move: Tailwind\n|move|p2a: Gholdengo|Shadow Ball|p1b: Landorus\n|-damage|p1b: Landorus|0 fnt\n|faint|p1b: Landorus\n|move|p1a: Iron Hands|Drain Punch|p2b: Tornadus\n|-resisted|p2b: Tornadus\n|-damage|p2b: Tornadus|0 fnt\n|-heal|p1a: Iron Hands|94\/100|[from] drain|[of] p2b: Tornadus\n|-damage|p1a: Iron Hands|77\/100|[from] item: Rocky Helmet|[of] p2b: Tornadus\n|faint|p2b: Tornadus\n|\n|upkeep\n|\n|t:|1701193642\n|switch|p1b: Iron Bundle|Iron Bundle, L50, shiny|100\/100\n|-enditem|p1b: Iron Bundle|Booster Energy\n|-activate|p1b: Iron Bundle|ability: Quark Drive|[fromitem]\n|-start|p1b: Iron Bundle|quarkdrivespe\n|turn|9\n|\n|t:|1701193655\n|-terastallize|p1a: Iron Hands|Fire\n|move|p1b: Iron Bundle|Protect|p1b: Iron Bundle\n|-singleturn|p1b: Iron Bundle|Protect\n|move|p2a: Gholdengo|Make It Rain|p1b: Iron Bundle|[spread] p1a\n|-activate|p1b: Iron Bundle|move: Protect\n|-resisted|p1a: Iron Hands\n|-damage|p1a: Iron Hands|54\/100\n|-unboost|p2a: Gholdengo|spa|1\n|move|p1a: Iron Hands|Wild Charge|p2a: Gholdengo\n|-damage|p2a: Gholdengo|68\/100\n|-damage|p1a: Iron Hands|47\/100|[from] Recoil\n|\n|-heal|p2a: Gholdengo|74\/100|[from] item: Leftovers\n|upkeep\n|turn|10\n|j| JacobMR527\n|j| Jesuuuus\n|inactive|Irro has 30 seconds left.\n|\n|t:|1701193684\n|move|p1b: Iron Bundle|Hydro Pump|p2a: Gholdengo\n|-damage|p2a: Gholdengo|19\/100\n|move|p2a: Gholdengo|Make It Rain|p1b: Iron Bundle|[spread] p1a,p1b\n|-resisted|p1a: Iron Hands\n|-damage|p1a: Iron Hands|29\/100\n|-damage|p1b: Iron Bundle|0 fnt\n|-unboost|p2a: Gholdengo|spa|1\n|faint|p1b: Iron Bundle\n|-end|p1b: Iron Bundle|Quark Drive|[silent]\n|move|p1a: Iron Hands|Wild Charge|p2a: Gholdengo\n|-damage|p2a: Gholdengo|0 fnt\n|faint|p2a: Gholdengo\n|-damage|p1a: Iron Hands|25\/100|[from] Recoil\n|\n|win|Irro\n|n|\u2606Irro|irro\n|n|\u2606Ensioa|ensioa\n|n| giftedyew|giftedyew\n|n| JacobMR527|jacobmr527\n|n| Jesuuuus|jesuuuus\n|l| giftedyew\n|l|\u2606Irro\n","uploadtime":1701193696,"views":1,"p1id":"irro","p2id":"ensioa","formatid":"gen9vgc2023regulatione","rating":0,"private":0,"password":""}