{"id":"gen9vgc2023regulatione-1994531389","p1":"iStockphoto","p2":"Baybayftw","format":"[Gen 9] VGC 2023 Regulation E","log":"|j|\u2606iStockphoto\n|j|\u2606Baybayftw\n|t:|1700455419\n|gametype|doubles\n|player|p1|iStockphoto|169|1096\n|player|p2|Baybayftw|ethan|1033\n|teamsize|p1|6\n|teamsize|p2|6\n|gen|9\n|tier|[Gen 9] VGC 2023 Regulation E\n|rated|\n|rule|Species Clause: Limit one of each Pok\u00e9mon\n|rule|Item Clause: Limit one of each item\n|clearpoke\n|poke|p1|Roaring Moon, L50|\n|poke|p1|Chien-Pao, L50|\n|poke|p1|Rillaboom, L50, F|\n|poke|p1|Meowscarada, L50, F|\n|poke|p1|Heatran, L50, M|\n|poke|p1|Flutter Mane, L50|\n|poke|p2|Rillaboom, L50, F|\n|poke|p2|Tornadus, L50, M|\n|poke|p2|Urshifu-*, L50, F|\n|poke|p2|Flutter Mane, L50|\n|poke|p2|Amoonguss, L50, M|\n|poke|p2|Arcanine-Hisui, L50, F|\n|teampreview|4\niStockphoto has agreed to open team sheets.\n|inactive|Battle timer is ON: inactive players will automatically lose when time's up. (requested by iStockphoto)\n|\n|t:|1700455442\n|start\n|switch|p1a: Heatran|Heatran, L50, M|100\/100\n|switch|p1b: Flutter Mane|Flutter Mane, L50|100\/100\n|switch|p2a: Tornadus|Tornadus, L50, M|100\/100\n|switch|p2b: Urshifu|Urshifu-Rapid-Strike, L50, F|100\/100\n|turn|1\n|j| nzthenoob\n|l| nzthenoob\n|\n|t:|1700455460\n|-terastallize|p1b: Flutter Mane|Fairy\n|move|p1a: Heatran|Protect|p1a: Heatran\n|-singleturn|p1a: Heatran|Protect\n|move|p2a: Tornadus|Tailwind|p2a: Tornadus\n|-sidestart|p2: Baybayftw|move: Tailwind\n|move|p2b: Urshifu|Surging Strikes|p1a: Heatran\n|-supereffective|p1a: Heatran\n|-crit|p1a: Heatran\n|-damage|p1a: Heatran|57\/100\n|-supereffective|p1a: Heatran\n|-crit|p1a: Heatran\n|-damage|p1a: Heatran|11\/100\n|-supereffective|p1a: Heatran\n|-crit|p1a: Heatran\n|-damage|p1a: Heatran|0 fnt\n|faint|p1a: Heatran\n|-hitcount|p1: Heatran|3\n|move|p1b: Flutter Mane|Dazzling Gleam|p2b: Urshifu|[spread] p2a,p2b\n|-supereffective|p2b: Urshifu\n|-damage|p2a: Tornadus|46\/100\n|-damage|p2b: Urshifu|0 fnt\n|-enditem|p2a: Tornadus|Sitrus Berry|[eat]\n|-heal|p2a: Tornadus|70\/100|[from] item: Sitrus Berry\n|faint|p2b: Urshifu\n|\n|upkeep\n|inactive|Baybayftw has 30 seconds left.\n|\n|t:|1700455488\n|switch|p2b: Amoonguss|Amoonguss, L50, M|100\/100\n|switch|p1a: Rillaboom|Rillaboom, L50, F|100\/100\n|-fieldstart|move: Grassy Terrain|[from] ability: Grassy Surge|[of] p1a: Rillaboom\n|turn|2\n|\n|t:|1700455498\n|move|p1a: Rillaboom|Fake Out|p2b: Amoonguss\n|-damage|p2b: Amoonguss|90\/100\n|-damage|p1a: Rillaboom|84\/100|[from] item: Rocky Helmet|[of] p2b: Amoonguss\n|move|p2a: Tornadus|Bleakwind Storm|p1a: Rillaboom|[spread] p1a\n|-miss|p2a: Tornadus|p1b: Flutter Mane\n|-supereffective|p1a: Rillaboom\n|-damage|p1a: Rillaboom|24\/100\n|move|p1b: Flutter Mane|Dazzling Gleam|p2b: Amoonguss|[spread] p2a,p2b\n|-resisted|p2b: Amoonguss\n|-damage|p2a: Tornadus|10\/100\n|-damage|p2b: Amoonguss|63\/100\n|cant|p2b: Amoonguss|flinch\n|\n|-heal|p1a: Rillaboom|30\/100|[from] Grassy Terrain\n|-heal|p2b: Amoonguss|69\/100|[from] Grassy Terrain\n|upkeep\n|turn|3\n|\n|t:|1700455517\n|move|p2a: Tornadus|Protect|p2a: Tornadus\n|-singleturn|p2a: Tornadus|Protect\n|move|p1a: Rillaboom|Grassy Glide|p2a: Tornadus\n|-activate|p2a: Tornadus|move: Protect\n|move|p1b: Flutter Mane|Dazzling Gleam|p2b: Amoonguss|[spread] p2b\n|-activate|p2a: Tornadus|move: Protect\n|-resisted|p2b: Amoonguss\n|-crit|p2b: Amoonguss\n|-damage|p2b: Amoonguss|26\/100\n|move|p2b: Amoonguss|Pollen Puff|p1a: Rillaboom\n|-supereffective|p1a: Rillaboom\n|-damage|p1a: Rillaboom|0 fnt\n|faint|p1a: Rillaboom\n|\n|-heal|p2b: Amoonguss|32\/100|[from] Grassy Terrain\n|upkeep\n|\n|t:|1700455533\n|switch|p1a: Meowscarada|Meowscarada, L50, F|100\/100\n|turn|4\n|\n|t:|1700455539\n|switch|p2b: Arcanine|Arcanine-Hisui, L50, F, shiny|100\/100\n|-ability|p2b: Arcanine|Intimidate|boost\n|-unboost|p1a: Meowscarada|atk|1\n|-unboost|p1b: Flutter Mane|atk|1\n|move|p1a: Meowscarada|Grassy Glide|p2a: Tornadus\n|-start|p1a: Meowscarada|typechange|Grass|[from] ability: Protean\n|-resisted|p2a: Tornadus\n|-damage|p2a: Tornadus|0 fnt\n|faint|p2a: Tornadus\n|move|p1b: Flutter Mane|Dazzling Gleam|p2b: Arcanine\n|-resisted|p2b: Arcanine\n|-damage|p2b: Arcanine|63\/100\n|\n|-heal|p2b: Arcanine|69\/100|[from] Grassy Terrain\n|-sideend|p2: Baybayftw|move: Tailwind\n|upkeep\n|\n|t:|1700455555\n|switch|p2a: Amoonguss|Amoonguss, L50, M|65\/100\n|turn|5\n|\n|t:|1700455565\n|move|p1a: Meowscarada|Grassy Glide|p2b: Arcanine\n|-damage|p2b: Arcanine|28\/100\n|move|p1b: Flutter Mane|Dazzling Gleam|p2b: Arcanine|[spread] p2a,p2b\n|-resisted|p2a: Amoonguss\n|-resisted|p2b: Arcanine\n|-crit|p2b: Arcanine\n|-damage|p2a: Amoonguss|40\/100\n|-damage|p2b: Arcanine|0 fnt\n|faint|p2b: Arcanine\n|move|p2a: Amoonguss|Clear Smog|p1b: Flutter Mane\n|-supereffective|p1b: Flutter Mane\n|-damage|p1b: Flutter Mane|64\/100\n|-clearboost|p1b: Flutter Mane\n|\n|-heal|p1b: Flutter Mane|70\/100|[from] Grassy Terrain\n|-heal|p2a: Amoonguss|46\/100|[from] Grassy Terrain\n|upkeep\n|turn|6\n|-message|Baybayftw forfeited.\n|\n|win|iStockphoto\n|raw|iStockphoto's rating: 1096 &rarr; <strong>1117<\/strong><br \/>(+21 for winning)\n|raw|Baybayftw's rating: 1033 &rarr; <strong>1021<\/strong><br \/>(-12 for losing)\n|l|\u2606Baybayftw\n","uploadtime":1700455582,"views":7,"p1id":"istockphoto","p2id":"baybayftw","formatid":"gen9vgc2023regulatione","rating":1021,"private":0,"password":""}