{"id":"gen9vgc2023regulatione-1991686472","p1":"Snowheart94","p2":"Disobedient_vgc","format":"[Gen 9] VGC 2023 Regulation E","log":"|j|\u2606Snowheart94\n|j|\u2606Disobedient_vgc\n|n|\u2606Snowheart94|snowheart94\n|n|\u2606Disobedient_vgc|disobedientvgc\n|html|View the match progress at <a href=\"\/game-bestof3-gen9vgc2023regulatione-1991678282\">game-bestof3-gen9vgc2023regulatione-1991678282<\/a>\n|t:|1700102617\n|gametype|doubles\n|player|p1|Snowheart94|dawn|\n|player|p2|Disobedient_vgc|shadowtriad|\n|teamsize|p1|6\n|teamsize|p2|6\n|gen|9\n|tier|[Gen 9] VGC 2023 Regulation E\n|rule|Species Clause: Limit one of each Pok\u00e9mon\n|rule|Item Clause: Limit one of each item\n|clearpoke\n|poke|p1|Kommo-o, L50, M|\n|poke|p1|Tyranitar, L50, F|\n|poke|p1|Rillaboom, L50, M|\n|poke|p1|Flutter Mane, L50|\n|poke|p1|Arcanine-Hisui, L50, F|\n|poke|p1|Iron Bundle, L50|\n|poke|p2|Typhlosion-Hisui, L50, F|\n|poke|p2|Ninetales, L50, F|\n|poke|p2|Lilligant-Hisui, L50, F|\n|poke|p2|Flutter Mane, L50|\n|poke|p2|Tornadus, L50, M|\n|poke|p2|Iron Hands, L50|\n|teampreview|4\nSnowheart94 has agreed to open team sheets.\nDisobedient_vgc has agreed to open team sheets.\n|showteam|p1|Kommo-o||Leftovers|Bulletproof|BodyPress,IronDefense,IronHead,Protect|||M|||50|,,,,,Steel]Tyranitar||AssaultVest|SandStream|KnockOff,RockSlide,LowKick,TeraBlast|||F|||50|,,,,,Psychic]Rillaboom||MiracleSeed|GrassySurge|FakeOut,WoodHammer,GrassyGlide,Taunt|||M|||50|,,,,,Grass]Flutter Mane||ChoiceSpecs|Protosynthesis|DazzlingGleam,Moonblast,ShadowBall,Thunderbolt||||||50|,,,,,Fairy]Arcanine-Hisui||SitrusBerry|Intimidate|FlareBlitz,RockSlide,ExtremeSpeed,WillOWisp|||F|||50|,,,,,Water]Iron Bundle||BoosterEnergy|QuarkDrive|FreezeDry,IcyWind,HydroPump,Protect||||||50|,,,,,Ice\n|showteam|p2|Typhlosion-Hisui||ChoiceScarf|Blaze|Eruption,ShadowBall,SolarBeam,HeatWave|||F|||50|,,,,,Fire]Ninetales||HeatRock|Drought|Roar,Protect,WillOWisp,FireBlast|||F|||50|,,,,,Steel]Lilligant-Hisui||FocusSash|Chlorophyll|SolarBlade,CloseCombat,AfterYou,SleepPowder|||F|||50|,,,,,Ghost]Flutter Mane||ChoiceSpecs|Protosynthesis|DazzlingGleam,MysticalFire,Thunderbolt,ShadowBall||||||50|,,,,,Fairy]Tornadus||CovertCloak|Prankster|BleakwindStorm,Tailwind,SunnyDay,Taunt|||M|||50|,,,,,Steel]Iron Hands||AssaultVest|QuarkDrive|DrainPunch,WildCharge,FakeOut,VoltSwitch||||||50|,,,,,Grass\n|\n|t:|1700102720\n|start\n|switch|p1a: Arcanine|Arcanine-Hisui, L50, F|100\/100\n|switch|p1b: Flutter Mane|Flutter Mane, L50|100\/100\n|switch|p2a: Tornadus|Tornadus, L50, M|100\/100\n|switch|p2b: Lilligant|Lilligant-Hisui, L50, F|100\/100\n|-ability|p1a: Arcanine|Intimidate|boost\n|-unboost|p2a: Tornadus|atk|1\n|-unboost|p2b: Lilligant|atk|1\n|turn|1\n|\n|t:|1700102809\n|switch|p1a: Kommo-o|Kommo-o, L50, M|100\/100\n|move|p2a: Tornadus|Tailwind|p2a: Tornadus\n|-sidestart|p2: Disobedient_vgc|move: Tailwind\n|move|p2b: Lilligant|Sleep Powder|p1b: Flutter Mane\n|-status|p1b: Flutter Mane|slp|[from] move: Sleep Powder\n|cant|p1b: Flutter Mane|slp\n|\n|upkeep\n|turn|2\n|\n|t:|1700102940\n|move|p2a: Tornadus|Taunt|p1a: Kommo-o\n|-start|p1a: Kommo-o|move: Taunt\n|move|p2b: Lilligant|Solar Blade||[still]\n|-prepare|p2b: Lilligant|Solar Blade\n|cant|p1b: Flutter Mane|slp\n|move|p1a: Kommo-o|Body Press|p2b: Lilligant\n|-damage|p2b: Lilligant|36\/100\n|\n|upkeep\n|turn|3\n|\n|t:|1700102984\n|-end|p1b: Flutter Mane|Protosynthesis|[silent]\n|switch|p1b: Arcanine|Arcanine-Hisui, L50, F|100\/100\n|-ability|p1b: Arcanine|Intimidate|boost\n|-unboost|p2a: Tornadus|atk|1\n|-unboost|p2b: Lilligant|atk|1\n|move|p2a: Tornadus|Bleakwind Storm|p1a: Kommo-o|[spread] p1b\n|-miss|p2a: Tornadus|p1a: Kommo-o\n|-resisted|p1b: Arcanine\n|-damage|p1b: Arcanine|83\/100\n|move|p2b: Lilligant|Solar Blade|p1b: Arcanine|[from]lockedmove\n|-damage|p1b: Arcanine|48\/100\n|-enditem|p1b: Arcanine|Sitrus Berry|[eat]\n|-heal|p1b: Arcanine|73\/100|[from] item: Sitrus Berry\n|move|p1a: Kommo-o|Body Press|p2b: Lilligant\n|-damage|p2b: Lilligant|0 fnt\n|faint|p2b: Lilligant\n|\n|upkeep\n|\n|t:|1700103003\n|switch|p2b: Flutter Mane|Flutter Mane, L50|100\/100\n|turn|4\n|\n|t:|1700103050\n|-terastallize|p1a: Kommo-o|Steel\n|move|p2a: Tornadus|Sunny Day|p2a: Tornadus\n|-weather|SunnyDay\n|-activate|p2b: Flutter Mane|ability: Protosynthesis\n|-start|p2b: Flutter Mane|protosynthesisspe\n|move|p2b: Flutter Mane|Shadow Ball|p1b: Arcanine\n|-damage|p1b: Arcanine|6\/100\n|move|p1b: Arcanine|Rock Slide|p2b: Flutter Mane|[spread] p2a,p2b\n|-supereffective|p2a: Tornadus\n|-damage|p2a: Tornadus|40\/100\n|-damage|p2b: Flutter Mane|50\/100\n|move|p1a: Kommo-o|Iron Head|p2b: Flutter Mane\n|-supereffective|p2b: Flutter Mane\n|-damage|p2b: Flutter Mane|0 fnt\n|faint|p2b: Flutter Mane\n|-end|p2b: Flutter Mane|Protosynthesis|[silent]\n|\n|-weather|SunnyDay|[upkeep]\n|-end|p1a: Kommo-o|move: Taunt\n|-sideend|p2: Disobedient_vgc|move: Tailwind\n|upkeep\n|\n|t:|1700103066\n|switch|p2b: Typhlosion|Typhlosion-Hisui, L50, F|100\/100\n|turn|5\n|\n|t:|1700103101\n|move|p1a: Kommo-o|Protect|p1a: Kommo-o\n|-singleturn|p1a: Kommo-o|Protect\n|move|p1b: Arcanine|Extreme Speed|p2a: Tornadus\n|-damage|p2a: Tornadus|11\/100\n|move|p2a: Tornadus|Tailwind|p2a: Tornadus\n|-sidestart|p2: Disobedient_vgc|move: Tailwind\n|move|p2b: Typhlosion|Eruption|p1b: Arcanine|[spread] p1b\n|-activate|p1a: Kommo-o|move: Protect\n|-resisted|p1b: Arcanine\n|-damage|p1b: Arcanine|0 fnt\n|faint|p1b: Arcanine\n|\n|-weather|SunnyDay|[upkeep]\n|upkeep\n|\n|t:|1700103128\n|switch|p1b: Tyranitar|Tyranitar, L50, F|100\/100\n|-weather|Sandstorm|[from] ability: Sand Stream|[of] p1b: Tyranitar\n|turn|6\n|\n|t:|1700103185\n|-terastallize|p2b: Typhlosion|Fire\n|move|p2a: Tornadus|Sunny Day|p2a: Tornadus\n|-weather|SunnyDay\n|move|p2b: Typhlosion|Eruption|p1b: Tyranitar|[spread] p1a,p1b\n|-supereffective|p1a: Kommo-o\n|-resisted|p1b: Tyranitar\n|-damage|p1a: Kommo-o|0 fnt\n|-damage|p1b: Tyranitar|58\/100\n|faint|p1a: Kommo-o\n|move|p1b: Tyranitar|Knock Off|p2b: Typhlosion\n|-damage|p2b: Typhlosion|17\/100\n|-enditem|p2b: Typhlosion|Choice Scarf|[from] move: Knock Off|[of] p1b: Tyranitar\n|\n|-weather|SunnyDay|[upkeep]\n|upkeep\n|\n|t:|1700103213\n|switch|p1a: Flutter Mane|Flutter Mane, L50|100\/100 slp\n|-activate|p1a: Flutter Mane|ability: Protosynthesis\n|-start|p1a: Flutter Mane|protosynthesisspe\n|turn|7\n|\n|t:|1700103222\n|move|p2a: Tornadus|Bleakwind Storm|p1b: Tyranitar|[spread] p1a,p1b\n|-resisted|p1b: Tyranitar\n|-damage|p1a: Flutter Mane|66\/100 slp\n|-damage|p1b: Tyranitar|48\/100\n|move|p2b: Typhlosion|Solar Beam||[still]\n|-prepare|p2b: Typhlosion|Solar Beam\n|-anim|p2b: Typhlosion|Solar Beam|p1b: Tyranitar\n|-supereffective|p1b: Tyranitar\n|-damage|p1b: Tyranitar|0 fnt\n|faint|p1b: Tyranitar\n|cant|p1a: Flutter Mane|slp\n|\n|-weather|SunnyDay|[upkeep]\n|upkeep\n|turn|8\n|\n|t:|1700103243\n|move|p2a: Tornadus|Bleakwind Storm|p1a: Flutter Mane\n|-damage|p1a: Flutter Mane|22\/100 slp\n|-unboost|p1a: Flutter Mane|spe|1\n|move|p2b: Typhlosion|Shadow Ball|p1a: Flutter Mane\n|-supereffective|p1a: Flutter Mane\n|-damage|p1a: Flutter Mane|0 fnt\n|faint|p1a: Flutter Mane\n|-end|p1a: Flutter Mane|Protosynthesis|[silent]\n|\n|win|Disobedient_vgc\n|l|\u2606Snowheart94\n","uploadtime":1700105387,"views":22,"p1id":"snowheart94","p2id":"disobedientvgc","formatid":"gen9vgc2023regulatione","rating":0,"private":0,"password":""}