{"id":"gen9vgc2023regulatione-1995477619","p1":"paolance","p2":"smallemon","format":"[Gen 9] VGC 2023 Regulation E","log":"|j|\u2606paolance\n|j|\u2606smallemon\n|n|\u2606paolance|paolance\n|n|\u2606smallemon|smallemon\n|html|View the match progress at <a href=\"\/game-bestof3-gen9vgc2023regulatione-1995477618\">game-bestof3-gen9vgc2023regulatione-1995477618<\/a>\n|t:|1700575192\n|gametype|doubles\n|player|p1|paolance|266|\n|player|p2|smallemon|gentleman-gen4dp|\n|teamsize|p1|6\n|teamsize|p2|6\n|gen|9\n|tier|[Gen 9] VGC 2023 Regulation E\n|rated|Tournament battle\n|rule|Species Clause: Limit one of each Pok\u00e9mon\n|rule|Item Clause: Limit one of each item\n|clearpoke\n|poke|p1|Amoonguss, L50, M|\n|poke|p1|Landorus-Therian, L50, M|\n|poke|p1|Iron Hands, L50|\n|poke|p1|Flutter Mane, L50|\n|poke|p1|Heatran, L50, F|\n|poke|p1|Chien-Pao, L50|\n|poke|p2|Ogerpon-Wellspring, L50, F|\n|poke|p2|Iron Hands, L50|\n|poke|p2|Landorus-Therian, L50, M|\n|poke|p2|Tornadus, L50, M|\n|poke|p2|Heatran, L50, F|\n|poke|p2|Flutter Mane, L50|\n|teampreview|4\n|showteam|p1|Amoonguss||RockyHelmet|Regenerator|PollenPuff,RagePowder,Spore,Protect|||M|||50|,,,,,Water]Landorus-Therian||ChoiceScarf|Intimidate|TeraBlast,Uturn,StompingTantrum,RockSlide|||M|||50|,,,,,Flying]Iron Hands||AssaultVest|QuarkDrive|FakeOut,WildCharge,DrainPunch,HeavySlam||||||50|,,,,,Water]Flutter Mane||BoosterEnergy|Protosynthesis|Moonblast,ShadowBall,DazzlingGleam,Protect||||||50|,,,,,Fairy]Heatran||Leftovers|FlashFire|MagmaStorm,FlashCannon,EarthPower,Protect|||F|||50|,,,,,Grass]Chien-Pao||FocusSash|SwordofRuin|IcicleCrash,SuckerPunch,SacredSword,Protect||||||50|,,,,,Ghost\n|showteam|p2|Ogerpon-Wellspring||WellspringMask|WaterAbsorb|IvyCudgel,HornLeech,FollowMe,SpikyShield|||F|||50|,,,,,Water]Iron Hands||AssaultVest|QuarkDrive|WildCharge,FakeOut,DrainPunch,HeavySlam||||||50|,,,,,Water]Landorus-Therian||ChoiceScarf|Intimidate|StompingTantrum,Uturn,RockSlide,TeraBlast|||M|||50|,,,,,Flying]Tornadus||RockyHelmet|Prankster|Tailwind,BleakwindStorm,Taunt,Protect|||M|||50|,,,,,Ghost]Heatran||Leftovers|FlashFire|Protect,EarthPower,FlashCannon,HeatWave|||F|||50|,,,,,Fairy]Flutter Mane||PixiePlate|Protosynthesis|Protect,DazzlingGleam,Moonblast,ShadowBall||||||50|,,,,,Fairy\n|c|\u2606smallemon|hf\n|c|\u2606paolance|gl\n|j| bloodcurseuk\n|inactive|Battle timer is ON: inactive players will automatically lose when time's up. (requested by paolance)\n|\n|t:|1700575257\n|start\n|switch|p1a: Landorus|Landorus-Therian, L50, M, shiny|100\/100\n|switch|p1b: Heatran|Heatran, L50, F, shiny|100\/100\n|switch|p2a: Tornadus|Tornadus, L50, M|100\/100\n|switch|p2b: Ogerpon|Ogerpon-Wellspring, L50, F|100\/100\n|-ability|p1a: Landorus|Intimidate|boost\n|-unboost|p2a: Tornadus|atk|1\n|-unboost|p2b: Ogerpon|atk|1\n|turn|1\n|\n|t:|1700575280\n|switch|p2b: Heatran|Heatran, L50, F|100\/100\n|move|p2a: Tornadus|Tailwind|p2a: Tornadus\n|-sidestart|p2: smallemon|move: Tailwind\n|move|p1a: Landorus|U-turn|p2b: Heatran\n|-resisted|p2b: Heatran\n|-damage|p2b: Heatran|94\/100\n|\n|t:|1700575286\n|switch|p1a: Iron Hands|Iron Hands, L50|100\/100|[from] U-turn\n|move|p1b: Heatran|Magma Storm|p2a: Tornadus\n|-damage|p2a: Tornadus|41\/100\n|-activate|p2a: Tornadus|move: Magma Storm|[of] p1b: Heatran\n|\n|-heal|p2b: Heatran|100\/100|[from] item: Leftovers\n|-damage|p2a: Tornadus|28\/100|[from] move: Magma Storm|[partiallytrapped]\n|upkeep\n|turn|2\n|inactive|smallemon has 30 seconds left.\n|inactive|smallemon has 20 seconds left.\n|\n|t:|1700575324\n|switch|p2b: Flutter Mane|Flutter Mane, L50|100\/100\n|move|p1a: Iron Hands|Fake Out|p2b: Flutter Mane\n|-immune|p2b: Flutter Mane\n|move|p2a: Tornadus|Bleakwind Storm|p1a: Iron Hands|[spread] p1a,p1b\n|-resisted|p1b: Heatran\n|-damage|p1a: Iron Hands|82\/100\n|-damage|p1b: Heatran|86\/100\n|move|p1b: Heatran|Earth Power|p2b: Flutter Mane\n|-crit|p2b: Flutter Mane\n|-damage|p2b: Flutter Mane|49\/100\n|\n|-heal|p1b: Heatran|92\/100|[from] item: Leftovers\n|-damage|p2a: Tornadus|16\/100|[from] move: Magma Storm|[partiallytrapped]\n|upkeep\n|turn|3\n|\n|t:|1700575345\n|move|p2b: Flutter Mane|Protect|p2b: Flutter Mane\n|-singleturn|p2b: Flutter Mane|Protect\n|move|p2a: Tornadus|Bleakwind Storm|p1b: Heatran|[spread] p1a,p1b\n|-resisted|p1b: Heatran\n|-damage|p1a: Iron Hands|64\/100\n|-damage|p1b: Heatran|78\/100\n|move|p1b: Heatran|Flash Cannon|p2b: Flutter Mane\n|-activate|p2b: Flutter Mane|move: Protect\n|move|p1a: Iron Hands|Wild Charge|p2a: Tornadus\n|-supereffective|p2a: Tornadus\n|-damage|p2a: Tornadus|0 fnt\n|-damage|p1a: Iron Hands|47\/100|[from] item: Rocky Helmet|[of] p2a: Tornadus\n|faint|p2a: Tornadus\n|-damage|p1a: Iron Hands|44\/100|[from] Recoil\n|\n|-heal|p1b: Heatran|84\/100|[from] item: Leftovers\n|upkeep\n|\n|t:|1700575362\n|switch|p2a: Ogerpon|Ogerpon-Wellspring, L50, F|100\/100\n|turn|4\n|\n|t:|1700575380\n|move|p1b: Heatran|Protect|p1b: Heatran\n|-singleturn|p1b: Heatran|Protect\n|move|p2a: Ogerpon|Follow Me|p2a: Ogerpon\n|-singleturn|p2a: Ogerpon|move: Follow Me\n|move|p2b: Flutter Mane|Moonblast|p1a: Iron Hands\n|-supereffective|p1a: Iron Hands\n|-damage|p1a: Iron Hands|0 fnt\n|faint|p1a: Iron Hands\n|-end|p1a: Iron Hands|Quark Drive|[silent]\n|\n|-heal|p1b: Heatran|90\/100|[from] item: Leftovers\n|-sideend|p2: smallemon|move: Tailwind\n|upkeep\n|\n|t:|1700575387\n|switch|p1a: Landorus|Landorus-Therian, L50, M, shiny|100\/100\n|-ability|p1a: Landorus|Intimidate|boost\n|-unboost|p2a: Ogerpon|atk|1\n|-unboost|p2b: Flutter Mane|atk|1\n|turn|5\n|\n|t:|1700575409\n|-terastallize|p1b: Heatran|Grass\n|move|p2a: Ogerpon|Spiky Shield|p2a: Ogerpon\n|-singleturn|p2a: Ogerpon|move: Protect\n|move|p2b: Flutter Mane|Protect|p2b: Flutter Mane\n|-singleturn|p2b: Flutter Mane|Protect\n|move|p1a: Landorus|Stomping Tantrum|p2b: Flutter Mane\n|-activate|p2b: Flutter Mane|move: Protect\n|move|p1b: Heatran|Magma Storm|p2a: Ogerpon\n|-activate|p2a: Ogerpon|move: Protect\n|\n|-heal|p1b: Heatran|96\/100|[from] item: Leftovers\n|upkeep\n|turn|6\n|inactive|smallemon has 30 seconds left.\n|inactive|smallemon has 20 seconds left.\n|inactive|smallemon has 15 seconds left.\n|\n|t:|1700575449\n|-end|p2b: Flutter Mane|Protosynthesis|[silent]\n|switch|p2b: Heatran|Heatran, L50, F|100\/100\n|move|p1a: Landorus|Stomping Tantrum|p2b: Heatran\n|-supereffective|p2b: Heatran\n|-damage|p2b: Heatran|0 fnt\n|faint|p2b: Heatran\n|move|p2a: Ogerpon|Horn Leech|p1a: Landorus\n|-damage|p1a: Landorus|68\/100\n|move|p1b: Heatran|Magma Storm|p2a: Ogerpon\n|-damage|p2a: Ogerpon|31\/100\n|-activate|p2a: Ogerpon|move: Magma Storm|[of] p1b: Heatran\n|\n|-heal|p1b: Heatran|100\/100|[from] item: Leftovers\n|-damage|p2a: Ogerpon|18\/100|[from] move: Magma Storm|[partiallytrapped]\n|upkeep\n|\n|t:|1700575457\n|switch|p2b: Flutter Mane|Flutter Mane, L50|49\/100\n|turn|7\n|\n|t:|1700575474\n|-terastallize|p2b: Flutter Mane|Fairy\n|move|p2a: Ogerpon|Follow Me|p2a: Ogerpon\n|-singleturn|p2a: Ogerpon|move: Follow Me\n|move|p1a: Landorus|Stomping Tantrum|p2a: Ogerpon\n|-resisted|p2a: Ogerpon\n|-damage|p2a: Ogerpon|0 fnt\n|faint|p2a: Ogerpon\n|move|p2b: Flutter Mane|Moonblast|p1b: Heatran\n|-damage|p1b: Heatran|36\/100\n|move|p1b: Heatran|Flash Cannon|p2b: Flutter Mane\n|-supereffective|p2b: Flutter Mane\n|-damage|p2b: Flutter Mane|0 fnt\n|faint|p2b: Flutter Mane\n|-end|p2b: Flutter Mane|Protosynthesis|[silent]\n|\n|win|paolance\n|inactive|paolance has 50 seconds to confirm battle start!\n|inactive|smallemon has 50 seconds to confirm battle start!\n|l|\u2606smallemon\n|c|&|\/uhtml prompt-paolance,paolance is ready for game 2!\n|c|&|\/uhtml prompt-smallemon,smallemon is ready for game 2!\nBoth players are ready! Starting next match!\n","uploadtime":1700575482,"views":0,"p1id":"paolance","p2id":"smallemon","formatid":"gen9vgc2023regulatione","rating":0,"private":0,"password":""}