{"id":"gen9vgc2023regulatione-1996410649","p1":"BeckerVGC","p2":"Mortipherus","format":"[Gen 9] VGC 2023 Regulation E","log":"|j|\u2606BeckerVGC\n|j|\u2606Mortipherus\n|n|\u2606BeckerVGC|beckervgc\n|n|\u2606Mortipherus|mortipherus\n|html|View the match progress at <a href=\"\/game-bestof3-gen9vgc2023regulatione-1996410648\">game-bestof3-gen9vgc2023regulatione-1996410648<\/a>\n|t:|1700679381\n|gametype|doubles\n|player|p1|BeckerVGC|hiker-gen4|\n|player|p2|Mortipherus|biker-gen4|\n|teamsize|p1|6\n|teamsize|p2|6\n|gen|9\n|tier|[Gen 9] VGC 2023 Regulation E\n|rule|Species Clause: Limit one of each Pok\u00e9mon\n|rule|Item Clause: Limit one of each item\n|clearpoke\n|poke|p1|Urshifu-*, L50, F|\n|poke|p1|Iron Hands, L50|\n|poke|p1|Heatran, L50, F|\n|poke|p1|Flutter Mane, L50|\n|poke|p1|Tornadus, L50, M|\n|poke|p1|Amoonguss, L50, M|\n|poke|p2|Gholdengo, L50|\n|poke|p2|Roaring Moon, L50|\n|poke|p2|Iron Hands, L50|\n|poke|p2|Ogerpon-Hearthflame, L50, F|\n|poke|p2|Landorus-Therian, L50, M|\n|poke|p2|Flutter Mane, L50|\n|teampreview|4\nMortipherus has agreed to open team sheets.\n|c|\u2606BeckerVGC|Glhf\n|c|\u2606Mortipherus|u2\nBeckerVGC has agreed to open team sheets.\n|showteam|p1|Urshifu||ChoiceBand|UnseenFist|PoisonJab,WickedBlow,SuckerPunch,CloseCombat|||F|||50|,,,,,Poison]Iron Hands||AssaultVest|QuarkDrive|FakeOut,DrainPunch,HeavySlam,WildCharge||||||50|,,,,,Fire]Heatran||LifeOrb|FlashFire|Protect,HeatWave,FlashCannon,EarthPower|||F|||50|,,,,,Fairy]Flutter Mane||BoosterEnergy|Protosynthesis|ShadowBall,Moonblast,Protect,DazzlingGleam||||||50|,,,,,Fairy]Tornadus||CovertCloak|Prankster|SunnyDay,BleakwindStorm,Tailwind,Taunt|||M|||50|,,,,,Dark]Amoonguss||RockyHelmet|Regenerator|ClearSmog,RagePowder,Spore,PollenPuff|||M|||50|,,,,,Water\n|showteam|p2|Gholdengo||Leftovers|GoodasGold|Protect,NastyPlot,MakeItRain,ShadowBall||||||50|,,,,,Dragon]Roaring Moon||BoosterEnergy|Protosynthesis|Protect,Tailwind,KnockOff,Acrobatics||||||50|,,,,,Flying]Iron Hands||AssaultVest|QuarkDrive|FakeOut,DrainPunch,WildCharge,HeavySlam||||||50|,,,,,Fire]Ogerpon-Hearthflame||HearthflameMask|MoldBreaker|SpikyShield,SwordsDance,IvyCudgel,HornLeech|||F|||50|,,,,,Fire]Landorus-Therian||ChoiceScarf|Intimidate|StompingTantrum,TeraBlast,RockSlide,Uturn|||M|||50|,,,,,Flying]Flutter Mane||FairyFeather|Protosynthesis|Protect,Substitute,Moonblast,ShadowBall||||||50|,,,,,Fairy\n|\n|t:|1700679437\n|start\n|switch|p1a: Urshifu|Urshifu, L50, F|100\/100\n|switch|p1b: Tornadus|Tornadus, L50, M|100\/100\n|switch|p2a: Ogerpon|Ogerpon-Hearthflame, L50, F|100\/100\n|switch|p2b: Roaring Moon|Roaring Moon, L50, shiny|100\/100\n|-ability|p2a: Ogerpon|Mold Breaker\n|-enditem|p2b: Roaring Moon|Booster Energy\n|-activate|p2b: Roaring Moon|ability: Protosynthesis|[fromitem]\n|-start|p2b: Roaring Moon|protosynthesisspe\n|turn|1\n|\n|t:|1700679459\n|-terastallize|p2b: Roaring Moon|Flying\n|-terastallize|p1a: Urshifu|Poison\n|move|p1b: Tornadus|Tailwind|p1b: Tornadus\n|-sidestart|p1: BeckerVGC|move: Tailwind\n|move|p1a: Urshifu|Poison Jab|p2a: Ogerpon\n|-supereffective|p2a: Ogerpon\n|-damage|p2a: Ogerpon|0 fnt\n|faint|p2a: Ogerpon\n|move|p2b: Roaring Moon|Acrobatics|p1a: Urshifu\n|-damage|p1a: Urshifu|53\/100\n|\n|upkeep\n|\n|t:|1700679470\n|switch|p2a: Landorus|Landorus-Therian, L50, M|100\/100\n|-ability|p2a: Landorus|Intimidate|boost\n|-unboost|p1a: Urshifu|atk|1\n|-unboost|p1b: Tornadus|atk|1\n|turn|2\n|\n|t:|1700679483\n|move|p1a: Urshifu|Poison Jab|p2b: Roaring Moon\n|-damage|p2b: Roaring Moon|50\/100\n|move|p2b: Roaring Moon|Tailwind|p2b: Roaring Moon\n|-sidestart|p2: Mortipherus|move: Tailwind\n|move|p2a: Landorus|Stomping Tantrum|p1a: Urshifu\n|-supereffective|p1a: Urshifu\n|-damage|p1a: Urshifu|0 fnt\n|faint|p1a: Urshifu\n|move|p1b: Tornadus|Bleakwind Storm|p2b: Roaring Moon|[spread] p2a,p2b\n|-damage|p2a: Landorus|64\/100\n|-damage|p2b: Roaring Moon|20\/100\n|-unboost|p2a: Landorus|spe|1\n|-unboost|p2b: Roaring Moon|spe|1\n|\n|upkeep\n|\n|t:|1700679499\n|switch|p1a: Iron Hands|Iron Hands, L50|100\/100\n|turn|3\n|\n|t:|1700679532\n|move|p2b: Roaring Moon|Protect|p2b: Roaring Moon\n|-singleturn|p2b: Roaring Moon|Protect\n|move|p1b: Tornadus|Bleakwind Storm|p2b: Roaring Moon|[spread] p2a\n|-activate|p2b: Roaring Moon|move: Protect\n|-damage|p2a: Landorus|22\/100\n|move|p2a: Landorus|Stomping Tantrum|p1a: Iron Hands\n|-supereffective|p1a: Iron Hands\n|-crit|p1a: Iron Hands\n|-damage|p1a: Iron Hands|18\/100\n|move|p1a: Iron Hands|Heavy Slam|p2a: Landorus\n|-crit|p2a: Landorus\n|-damage|p2a: Landorus|0 fnt\n|faint|p2a: Landorus\n|\n|upkeep\n|\n|t:|1700679544\n|switch|p2a: Iron Hands|Iron Hands, L50|100\/100\n|turn|4\n|\n|t:|1700679555\n|move|p2a: Iron Hands|Fake Out|p1a: Iron Hands\n|-damage|p1a: Iron Hands|6\/100\n|move|p2b: Roaring Moon|Knock Off|p1b: Tornadus\n|-damage|p1b: Tornadus|46\/100\n|-enditem|p1b: Tornadus|Covert Cloak|[from] move: Knock Off|[of] p2b: Roaring Moon\n|move|p1b: Tornadus|Bleakwind Storm|p2a: Iron Hands|[spread] p2a\n|-miss|p1b: Tornadus|p2b: Roaring Moon\n|-damage|p2a: Iron Hands|83\/100\n|cant|p1a: Iron Hands|flinch\n|\n|-sideend|p1: BeckerVGC|move: Tailwind\n|upkeep\n|turn|5\n|\n|t:|1700679571\n|move|p2b: Roaring Moon|Protect|p2b: Roaring Moon\n|-singleturn|p2b: Roaring Moon|Protect\n|move|p2a: Iron Hands|Wild Charge|p1b: Tornadus\n|-supereffective|p1b: Tornadus\n|-damage|p1b: Tornadus|0 fnt\n|faint|p1b: Tornadus\n|-damage|p2a: Iron Hands|74\/100|[from] Recoil\n|move|p1a: Iron Hands|Drain Punch|p2a: Iron Hands\n|-damage|p2a: Iron Hands|45\/100\n|-heal|p1a: Iron Hands|21\/100|[from] drain|[of] p2a: Iron Hands\n|\n|-sideend|p2: Mortipherus|move: Tailwind\n|upkeep\n|\n|t:|1700679585\n|switch|p1b: Heatran|Heatran, L50, F|100\/100\n|turn|6\n|\n|t:|1700679594\n|move|p2b: Roaring Moon|Acrobatics|p1a: Iron Hands\n|-damage|p1a: Iron Hands|0 fnt\n|faint|p1a: Iron Hands\n|-end|p1a: Iron Hands|Quark Drive|[silent]\n|move|p1b: Heatran|Earth Power|p2a: Iron Hands\n|-supereffective|p2a: Iron Hands\n|-damage|p2a: Iron Hands|5\/100\n|-damage|p1b: Heatran|91\/100|[from] item: Life Orb\n|move|p2a: Iron Hands|Drain Punch|p1b: Heatran\n|-supereffective|p1b: Heatran\n|-damage|p1b: Heatran|9\/100\n|-heal|p2a: Iron Hands|34\/100|[from] drain|[of] p1b: Heatran\n|\n|upkeep\n|turn|7\n|\n|t:|1700679609\n|move|p2b: Roaring Moon|Acrobatics|p1b: Heatran\n|-resisted|p1b: Heatran\n|-damage|p1b: Heatran|0 fnt\n|faint|p1b: Heatran\n|\n|win|Mortipherus\n|c|&|\/uhtml prompt-mortipherus,Mortipherus is ready for game 2!\n|inactive|BeckerVGC has 50 seconds to confirm battle start!\n|c|&|\/uhtml prompt-beckervgc,BeckerVGC is ready for game 2!\nBoth players are ready! Starting next match!\n","uploadtime":1700680234,"views":27,"p1id":"beckervgc","p2id":"mortipherus","formatid":"gen9vgc2023regulatione","rating":0,"private":0,"password":""}