{"id":"gen9vgc2023regulatione-1996378210","p1":"AJB0000","p2":"Luran Pico","format":"[Gen 9] VGC 2023 Regulation E","log":"|j|\u2606AJB0000\n|j|\u2606Luran Pico\n|t:|1700676331\n|gametype|doubles\n|player|p1|AJB0000|1|1125\n|player|p2|Luran Pico|ethan|1088\n|teamsize|p1|6\n|teamsize|p2|6\n|gen|9\n|tier|[Gen 9] VGC 2023 Regulation E\n|rated|\n|rule|Species Clause: Limit one of each Pok\u00e9mon\n|rule|Item Clause: Limit one of each item\n|clearpoke\n|poke|p1|Sinistcha, L50|\n|poke|p1|Indeedee-F, L50, F|\n|poke|p1|Sylveon, L50, F|\n|poke|p1|Palafin, L50, F|\n|poke|p1|Iron Hands, L50|\n|poke|p1|Heatran, L50, F|\n|poke|p2|Ogerpon-Hearthflame, L50, F|\n|poke|p2|Urshifu-*, L50, M|\n|poke|p2|Dragonite, L50, M|\n|poke|p2|Chien-Pao, L50|\n|poke|p2|Kingambit, L50, F|\n|poke|p2|Amoonguss, L50, F|\n|teampreview|4\n|inactive|Battle timer is ON: inactive players will automatically lose when time's up. (requested by Luran Pico)\n|\n|t:|1700676353\n|start\n|switch|p1a: Indeedee|Indeedee-F, L50, F, shiny|100\/100\n|switch|p1b: Sylveon|Sylveon, L50, F, shiny|100\/100\n|switch|p2a: Chien-Pao|Chien-Pao, L50|100\/100\n|switch|p2b: Dragonite|Dragonite, L50, M|100\/100\n|-ability|p2a: Chien-Pao|Sword of Ruin\n|-fieldstart|move: Psychic Terrain|[from] ability: Psychic Surge|[of] p1a: Indeedee\n|turn|1\n|\n|t:|1700676373\n|-terastallize|p2b: Dragonite|Normal\n|move|p1b: Sylveon|Protect|p1b: Sylveon\n|-singleturn|p1b: Sylveon|Protect\n|move|p2b: Dragonite|Extreme Speed|p1b: Sylveon\n|-activate|p1b: Sylveon|move: Psychic Terrain\n|move|p2a: Chien-Pao|Ice Spinner|p1b: Sylveon\n|-activate|p1b: Sylveon|move: Protect\n|move|p1a: Indeedee|Trick Room|p1a: Indeedee\n|-fieldstart|move: Trick Room|[of] p1a: Indeedee\n|\n|upkeep\n|turn|2\n|inactive|AJB0000 has 30 seconds left.\n|inactive|AJB0000 has 20 seconds left.\n|\n|t:|1700676413\n|move|p1a: Indeedee|Follow Me|p1a: Indeedee\n|-singleturn|p1a: Indeedee|move: Follow Me\n|move|p1b: Sylveon|Hyper Voice|p2b: Dragonite|[spread] p2a,p2b\n|-supereffective|p2a: Chien-Pao\n|-enditem|p2a: Chien-Pao|Focus Sash\n|-damage|p2a: Chien-Pao|1\/100\n|-damage|p2b: Dragonite|73\/100\n|move|p2b: Dragonite|Aerial Ace|p1a: Indeedee\n|-damage|p1a: Indeedee|52\/100\n|-damage|p2b: Dragonite|57\/100|[from] item: Rocky Helmet|[of] p1a: Indeedee\n|move|p2a: Chien-Pao|Ice Spinner|p1a: Indeedee\n|-damage|p1a: Indeedee|0 fnt\n|-damage|p2a: Chien-Pao|0 fnt|[from] item: Rocky Helmet|[of] p1a: Indeedee\n|faint|p1a: Indeedee\n|faint|p2a: Chien-Pao\n|\n|upkeep\n|\n|t:|1700676431\n|switch|p1a: Sinistcha|Sinistcha, L50, shiny|100\/100\n|switch|p2a: Ogerpon|Ogerpon-Hearthflame, L50, F|100\/100\n|-ability|p2a: Ogerpon|Mold Breaker\n|turn|3\n|\n|t:|1700676455\n|-terastallize|p1a: Sinistcha|Water\n|move|p1a: Sinistcha|Rage Powder|p1a: Sinistcha\n|-singleturn|p1a: Sinistcha|move: Rage Powder\n|move|p2b: Dragonite|Extreme Speed|p1a: Sinistcha\n|-activate|p1a: Sinistcha|move: Psychic Terrain\n|move|p1b: Sylveon|Hyper Voice|p2a: Ogerpon|[spread] p2a,p2b\n|-resisted|p2a: Ogerpon\n|-damage|p2a: Ogerpon|78\/100\n|-damage|p2b: Dragonite|29\/100\n|move|p2a: Ogerpon|Ivy Cudgel|p1a: Sinistcha|[anim] Ivy Cudgel Fire\n|-resisted|p1a: Sinistcha\n|-damage|p1a: Sinistcha|71\/100\n|\n|-heal|p1a: Sinistcha|77\/100|[from] item: Leftovers\n|upkeep\n|turn|4\n|inactive|Luran Pico has 30 seconds left.\n|\n|t:|1700676482\n|move|p1a: Sinistcha|Rage Powder|p1a: Sinistcha\n|-singleturn|p1a: Sinistcha|move: Rage Powder\n|move|p1b: Sylveon|Hyper Voice|p2a: Ogerpon|[spread] p2a,p2b\n|-resisted|p2a: Ogerpon\n|-damage|p2a: Ogerpon|55\/100\n|-damage|p2b: Dragonite|0 fnt\n|faint|p2b: Dragonite\n|move|p2a: Ogerpon|Horn Leech|p1a: Sinistcha\n|-supereffective|p1a: Sinistcha\n|-damage|p1a: Sinistcha|0 fnt\n|-heal|p2a: Ogerpon|91\/100|[from] drain|[of] p1a: Sinistcha\n|faint|p1a: Sinistcha\n|\n|upkeep\n|\n|t:|1700676493\n|switch|p1a: Nessie|Heatran, L50, F|100\/100\n|switch|p2b: Urshifu|Urshifu-Rapid-Strike, L50, M|100\/100\n|turn|5\n|\n|t:|1700676511\n|move|p1b: Sylveon|Hyper Voice|p2b: Urshifu|[spread] p2a,p2b\n|-resisted|p2a: Ogerpon\n|-supereffective|p2b: Urshifu\n|-damage|p2a: Ogerpon|69\/100\n|-damage|p2b: Urshifu|0 fnt\n|faint|p2b: Urshifu\n|move|p1a: Nessie|Heat Wave|p2a: Ogerpon\n|-damage|p2a: Ogerpon|12\/100\n|move|p2a: Ogerpon|Horn Leech|p1b: Sylveon\n|-damage|p1b: Sylveon|35\/100\n|-heal|p2a: Ogerpon|46\/100|[from] drain|[of] p1b: Sylveon\n|\n|-fieldend|move: Trick Room\n|-fieldend|move: Psychic Terrain\n|upkeep\n|turn|6\n|-message|Luran Pico forfeited.\n|\n|win|AJB0000\n|raw|AJB0000's rating: 1125 &rarr; <strong>1147<\/strong><br \/>(+22 for winning)\n|raw|Luran Pico's rating: 1088 &rarr; <strong>1067<\/strong><br \/>(-21 for losing)\n|l|\u2606Luran Pico\n","uploadtime":1700676534,"views":6,"p1id":"ajb0000","p2id":"luranpico","formatid":"gen9vgc2023regulatione","rating":1067,"private":0,"password":""}