{"id":"gen9vgc2023regulatione-1992980435","p1":"Pr1ncip3","p2":"tatataiyo-","format":"[Gen 9] VGC 2023 Regulation E","log":"|j|\u2606Pr1ncip3\n|j|\u2606tatataiyo-\n|t:|1700252354\n|gametype|doubles\n|player|p1|Pr1ncip3|266|1199\n|player|p2|tatataiyo-|170|1156\n|teamsize|p1|6\n|teamsize|p2|6\n|gen|9\n|tier|[Gen 9] VGC 2023 Regulation E\n|rated|\n|rule|Species Clause: Limit one of each Pok\u00e9mon\n|rule|Item Clause: Limit one of each item\n|clearpoke\n|poke|p1|Heatran, L50, M|\n|poke|p1|Ninetales-Alola, L50, F|\n|poke|p1|Sinistcha, L50|\n|poke|p1|Gyarados, L50, M|\n|poke|p1|Ursaluna-Bloodmoon, L50, M|\n|poke|p1|Iron Hands, L50|\n|poke|p2|Overqwil, L50, F|\n|poke|p2|Inteleon, L50, F|\n|poke|p2|Iron Thorns, L50|\n|poke|p2|Tornadus, L50, M|\n|poke|p2|Weavile, L50, F|\n|poke|p2|Moltres, L50|\n|teampreview|4\n|\n|t:|1700252413\n|start\n|switch|p1a: Ninetales|Ninetales-Alola, L50, F|100\/100\n|switch|p1b: Gyarados|Gyarados, L50, M|100\/100\n|switch|p2a: Inteleon|Inteleon, L50, F|100\/100\n|switch|p2b: Overqwil|Overqwil, L50, F|100\/100\n|-weather|Snow|[from] ability: Snow Warning|[of] p1a: Ninetales\n|-ability|p2b: Overqwil|Intimidate|boost\n|-unboost|p1a: Ninetales|atk|1\n|-unboost|p1b: Gyarados|atk|1\n|-ability|p1b: Gyarados|Intimidate|boost\n|-unboost|p2a: Inteleon|atk|1\n|-unboost|p2b: Overqwil|atk|1\n|turn|1\n|\n|t:|1700252435\n|move|p2a: Inteleon|Blizzard|p1a: Ninetales|[spread] p1a,p1b\n|-resisted|p1a: Ninetales\n|-damage|p1a: Ninetales|80\/100\n|-damage|p1b: Gyarados|70\/100\n|move|p1a: Ninetales|Aurora Veil|p1a: Ninetales\n|-sidestart|p1: Pr1ncip3|move: Aurora Veil\n|move|p2b: Overqwil|Poison Jab|p1a: Ninetales\n|-supereffective|p1a: Ninetales\n|-damage|p1a: Ninetales|47\/100\n|-status|p1a: Ninetales|psn\n|move|p1b: Gyarados|Thunder Wave|p2a: Inteleon\n|-status|p2a: Inteleon|par\n|\n|-weather|Snow|[upkeep]\n|-damage|p1a: Ninetales|35\/100 psn|[from] psn\n|upkeep\n|turn|2\n|\n|t:|1700252469\n|switch|p2b: Iron Thorns|Iron Thorns, L50|100\/100\n|move|p1a: Ninetales|Icy Wind|p2b: Iron Thorns|[spread] p2a,p2b\n|-resisted|p2a: Inteleon\n|-damage|p2a: Inteleon|90\/100 par\n|-damage|p2b: Iron Thorns|88\/100\n|-unboost|p2a: Inteleon|spe|1\n|-unboost|p2b: Iron Thorns|spe|1\n|move|p1b: Gyarados|Thunder Wave|p2b: Iron Thorns|[miss]\n|-miss|p1b: Gyarados|p2b: Iron Thorns\n|move|p2a: Inteleon|Blizzard|p1b: Gyarados|[spread] p1a,p1b\n|-resisted|p1a: Ninetales\n|-damage|p1a: Ninetales|21\/100 psn\n|-damage|p1b: Gyarados|52\/100\n|\n|-weather|Snow|[upkeep]\n|-damage|p1a: Ninetales|9\/100 psn|[from] psn\n|upkeep\n|turn|3\n|\n|t:|1700252498\n|-end|p2b: Iron Thorns|Quark Drive|[silent]\n|switch|p2b: Overqwil|Overqwil, L50, F|100\/100\n|-ability|p2b: Overqwil|Intimidate|boost\n|-unboost|p1a: Ninetales|atk|1\n|-unboost|p1b: Gyarados|atk|1\n|move|p1a: Ninetales|Icy Wind|p2b: Overqwil|[spread] p2a,p2b\n|-resisted|p2a: Inteleon\n|-damage|p2a: Inteleon|79\/100 par\n|-damage|p2b: Overqwil|89\/100\n|-unboost|p2a: Inteleon|spe|1\n|-unboost|p2b: Overqwil|spe|1\n|move|p1b: Gyarados|Waterfall|p2b: Overqwil\n|-damage|p2b: Overqwil|69\/100\n|move|p2a: Inteleon|Blizzard|p1b: Gyarados|[spread] p1a,p1b\n|-resisted|p1a: Ninetales\n|-damage|p1a: Ninetales|0 fnt\n|-damage|p1b: Gyarados|32\/100\n|faint|p1a: Ninetales\n|\n|-weather|Snow|[upkeep]\n|upkeep\n|\n|t:|1700252515\n|switch|p1a: Heatran|Heatran, L50, M|100\/100\n|turn|4\n|\n|t:|1700252535\n|-terastallize|p1a: Heatran|Grass\n|move|p1b: Gyarados|Waterfall|p2a: Inteleon\n|-resisted|p2a: Inteleon\n|-damage|p2a: Inteleon|64\/100 par\n|move|p1a: Heatran|Earth Power|p2b: Overqwil\n|-supereffective|p2b: Overqwil\n|-damage|p2b: Overqwil|0 fnt\n|faint|p2b: Overqwil\n|-damage|p1a: Heatran|91\/100|[from] item: Life Orb\n|cant|p2a: Inteleon|flinch\n|\n|-weather|Snow|[upkeep]\n|upkeep\n|\n|t:|1700252560\n|switch|p2b: Iron Thorns|Iron Thorns, L50|88\/100\n|turn|5\n|\n|t:|1700252569\n|-terastallize|p2b: Iron Thorns|Dragon\n|move|p2b: Iron Thorns|Rock Slide|p1a: Heatran|[spread] p1a,p1b\n|-supereffective|p1b: Gyarados\n|-damage|p1a: Heatran|65\/100\n|-damage|p1b: Gyarados|0 fnt\n|faint|p1b: Gyarados\n|move|p1a: Heatran|Heat Wave|p2a: Inteleon|[spread] p2a\n|-miss|p1a: Heatran|p2b: Iron Thorns\n|-resisted|p2a: Inteleon\n|-damage|p2a: Inteleon|19\/100 par\n|-damage|p1a: Heatran|55\/100|[from] item: Life Orb\n|move|p2a: Inteleon|Blizzard|p1a: Heatran\n|-supereffective|p1a: Heatran\n|-damage|p1a: Heatran|0 fnt\n|faint|p1a: Heatran\n|\n|-weather|none\n|upkeep\n|\n|t:|1700252585\n|switch|p1b: Ursaluna|Ursaluna-Bloodmoon, L50, M|100\/100\n|turn|6\n|\n|t:|1700252598\n|-end|p2b: Iron Thorns|Quark Drive|[silent]\n|switch|p2b: Moltres|Moltres, L50|100\/100\n|move|p1b: Ursaluna|Blood Moon|p2b: Moltres\n|-damage|p2b: Moltres|10\/100\n|cant|p2a: Inteleon|par\n|\n|upkeep\n|turn|7\n|\n|t:|1700252616\n|move|p2b: Moltres|Overheat|p1b: Ursaluna\n|-damage|p1b: Ursaluna|44\/100\n|-unboost|p2b: Moltres|spa|2\n|-damage|p2b: Moltres|0 fnt|[from] item: Life Orb\n|faint|p2b: Moltres\n|move|p1b: Ursaluna|Earth Power|p2a: Inteleon\n|-damage|p2a: Inteleon|0 fnt\n|faint|p2a: Inteleon\n|\n|-heal|p1b: Ursaluna|50\/100|[from] item: Leftovers\n|upkeep\n|\n|t:|1700252631\n|switch|p2a: Iron Thorns|Iron Thorns, L50, tera:Dragon|88\/100\n|turn|8\n|\n|t:|1700252639\n|move|p2a: Iron Thorns|Ice Punch|p1b: Ursaluna\n|-supereffective|p1b: Ursaluna\n|-damage|p1b: Ursaluna|10\/100\n|move|p1b: Ursaluna|Blood Moon|p2a: Iron Thorns\n|-damage|p2a: Iron Thorns|2\/100\n|\n|-heal|p1b: Ursaluna|16\/100|[from] item: Leftovers\n|-sideend|p1: Pr1ncip3|move: Aurora Veil\n|upkeep\n|turn|9\n|\n|t:|1700252657\n|move|p1b: Ursaluna|Protect|p1b: Ursaluna\n|-singleturn|p1b: Ursaluna|Protect\n|move|p2a: Iron Thorns|Ice Punch|p1b: Ursaluna\n|-activate|p1b: Ursaluna|move: Protect\n|\n|-heal|p1b: Ursaluna|23\/100|[from] item: Leftovers\n|upkeep\n|turn|10\n|\n|t:|1700252673\n|move|p2a: Iron Thorns|Ice Punch|p1b: Ursaluna\n|-supereffective|p1b: Ursaluna\n|-damage|p1b: Ursaluna|0 fnt\n|faint|p1b: Ursaluna\n|\n|win|tatataiyo-\n|raw|Pr1ncip3's rating: 1199 &rarr; <strong>1171<\/strong><br \/>(-28 for losing)\n|raw|tatataiyo-'s rating: 1156 &rarr; <strong>1184<\/strong><br \/>(+28 for winning)\n","uploadtime":1700252678,"views":12,"p1id":"pr1ncip3","p2id":"tatataiyo","formatid":"gen9vgc2023regulatione","rating":1171,"private":0,"password":""}