{"id":"gen9vgc2023regulatione-1992403073","p1":"Turnips-suck","p2":"Arceus's Bard","format":"[Gen 9] VGC 2023 Regulation E","log":"|j|\u2606Turnips-suck\n|j|\u2606Arceus's Bard\n|n|\u2606Turnips-suck|turnipssuck\n|n|\u2606Arceus's Bard|arceussbard\n|html|View the match progress at <a href=\"\/game-bestof3-gen9vgc2023regulatione-1992401673\">game-bestof3-gen9vgc2023regulatione-1992401673<\/a>\n|t:|1700183486\n|gametype|doubles\n|player|p1|Turnips-suck|elesa|\n|player|p2|Arceus's Bard|veteran|\n|teamsize|p1|6\n|teamsize|p2|6\n|gen|9\n|tier|[Gen 9] VGC 2023 Regulation E\n|rule|Species Clause: Limit one of each Pok\u00e9mon\n|rule|Item Clause: Limit one of each item\n|clearpoke\n|poke|p1|Noivern, L50, M|\n|poke|p1|Ogerpon-Wellspring, L50, F|\n|poke|p1|Tinkaton, L50, F|\n|poke|p1|Slowking-Galar, L50, M|\n|poke|p1|Mudsdale, L50, M|\n|poke|p1|Rotom-Heat, L50|\n|poke|p2|Toxapex, L50, F|\n|poke|p2|Hydreigon, L50, M|\n|poke|p2|Slowbro, L50, M|\n|poke|p2|Corviknight, L50, F|\n|poke|p2|Kingambit, L50, M|\n|poke|p2|Charizard, L50, M|\n|teampreview|4\n|inactive|Battle timer is ON: inactive players will automatically lose when time's up. (requested by Turnips-suck)\n|inactiveoff|Battle timer is now OFF.\n|c|\u2606Turnips-suck|glhf\n|\n|t:|1700183497\n|start\n|switch|p1a: Easy Bake|Rotom-Heat, L50, shiny|100\/100\n|switch|p1b: Glue|Mudsdale, L50, M|100\/100\n|switch|p2a: Charizard|Charizard, L50, M|100\/100\n|switch|p2b: Balerion|Hydreigon, L50, M|100\/100\n|turn|1\n|j| AncientFuture\n|\n|t:|1700183524\n|-terastallize|p2b: Balerion|Poison\n|-terastallize|p1a: Easy Bake|Fairy\n|move|p2b: Balerion|Substitute|p2b: Balerion\n|-start|p2b: Balerion|Substitute\n|-damage|p2b: Balerion|76\/100\n|move|p2a: Charizard|Acrobatics|p1a: Easy Bake\n|-damage|p1a: Easy Bake|86\/100\n|move|p1a: Easy Bake|Tera Blast|p2b: Balerion|[anim] Tera Blast Fairy\n|-resisted|p2b: Balerion\n|-activate|p2b: Balerion|move: Substitute|[damage]\n|move|p1b: Glue|Rock Slide|p2a: Charizard|[spread] p2a,p2b\n|-end|p2b: Balerion|Substitute\n|-supereffective|p2a: Charizard\n|-damage|p2a: Charizard|0 fnt\n|faint|p2a: Charizard\n|\n|upkeep\n|\n|t:|1700183539\n|switch|p2a: Edgar|Corviknight, L50, F, shiny|100\/100\n|-ability|p2a: Edgar|Pressure\n|turn|2\n|\n|t:|1700183556\n|switch|p1a: Noivern|Noivern, L50, M|100\/100\n|-item|p2a: Edgar|Iapapa Berry|[from] ability: Frisk|[of] p1a: Noivern|[identify]\n|-item|p2b: Balerion|Life Orb|[from] ability: Frisk|[of] p1a: Noivern|[identify]\n|move|p2b: Balerion|Draco Meteor|p1b: Glue\n|-damage|p1b: Glue|42\/100\n|-unboost|p2b: Balerion|spa|2\n|-ability|p1b: Glue|Stamina|boost\n|-boost|p1b: Glue|def|1\n|-damage|p2b: Balerion|66\/100|[from] item: Life Orb\n|move|p2a: Edgar|Brave Bird|p1b: Glue\n|-damage|p1b: Glue|24\/100\n|-ability|p1b: Glue|Stamina|boost\n|-boost|p1b: Glue|def|1\n|-damage|p2a: Edgar|95\/100|[from] Recoil\n|move|p1b: Glue|Rock Slide|p2b: Balerion|[spread] p2a,p2b\n|-damage|p2a: Edgar|83\/100\n|-damage|p2b: Balerion|46\/100\n|\n|upkeep\n|turn|3\n|\n|t:|1700183579\n|switch|p2b: Kingambit|Kingambit, L50, M|100\/100\n|-activate|p2b: Kingambit|ability: Supreme Overlord\n|-start|p2b: Kingambit|fallen1|[silent]\n|move|p1a: Noivern|Tailwind|p1a: Noivern\n|-sidestart|p1: Turnips-suck|move: Tailwind\n|move|p2a: Edgar|U-turn|p1a: Noivern\n|-resisted|p1a: Noivern\n|-damage|p1a: Noivern|91\/100\n|\n|t:|1700183586\n|switch|p2a: Balerion|Hydreigon, L50, M, tera:Poison|46\/100|[from] U-turn\n|move|p1b: Glue|Rock Slide|p2b: Kingambit|[spread] p2a,p2b\n|-resisted|p2b: Kingambit\n|-damage|p2a: Balerion|24\/100\n|-damage|p2b: Kingambit|93\/100\n|\n|-heal|p2b: Kingambit|99\/100|[from] item: Leftovers\n|upkeep\n|turn|4\n|\n|t:|1700183602\n|move|p2b: Kingambit|Sucker Punch|p1b: Glue\n|-damage|p1b: Glue|6\/100\n|-ability|p1b: Glue|Stamina|boost\n|-boost|p1b: Glue|def|1\n|move|p1a: Noivern|Hurricane|p2a: Balerion\n|-damage|p2a: Balerion|0 fnt\n|faint|p2a: Balerion\n|move|p1b: Glue|Body Press|p2b: Kingambit\n|-supereffective|p2b: Kingambit\n|-damage|p2b: Kingambit|0 fnt\n|faint|p2b: Kingambit\n|-end|p2b: Kingambit|fallen1|[silent]\n|\n|upkeep\n|\n|t:|1700183614\n|switch|p2b: Edgar|Corviknight, L50, F, shiny|83\/100\n|-ability|p2b: Edgar|Pressure\n|turn|5\n|\n|t:|1700183624\n|switch|p1b: Easy Bake|Rotom-Heat, L50, shiny, tera:Fairy|86\/100\n|move|p1a: Noivern|Super Fang|p2b: Edgar\n|-damage|p2b: Edgar|42\/100\n|move|p2b: Edgar|U-turn|p1b: Easy Bake\n|-resisted|p1b: Easy Bake\n|-damage|p1b: Easy Bake|79\/100\n|\n|upkeep\n|turn|6\n|\n|t:|1700183632\n|move|p1a: Noivern|Super Fang|p2b: Edgar\n|-damage|p2b: Edgar|21\/100\n|-enditem|p2b: Edgar|Iapapa Berry|[eat]\n|-heal|p2b: Edgar|55\/100|[from] item: Iapapa Berry\n|move|p1b: Easy Bake|Overheat|p2b: Edgar\n|-supereffective|p2b: Edgar\n|-damage|p2b: Edgar|0 fnt\n|-unboost|p1b: Easy Bake|spa|2\n|faint|p2b: Edgar\n|\n|win|Turnips-suck\n|c|\u2606Turnips-suck|gg\n","uploadtime":1700183641,"views":28,"p1id":"turnipssuck","p2id":"arceussbard","formatid":"gen9vgc2023regulatione","rating":0,"private":0,"password":""}