{"id":"gen9vgc2023regulatione-1993822936","p1":"superseriousboi","p2":"crazymark","format":"[Gen 9] VGC 2023 Regulation E","log":"|j|\u2606superseriousboi\n|j|\u2606crazymark\n|t:|1700361642\n|gametype|doubles\n|player|p1|superseriousboi|drayden|1334\n|player|p2|crazymark|whitney|1327\n|teamsize|p1|6\n|teamsize|p2|6\n|gen|9\n|tier|[Gen 9] VGC 2023 Regulation E\n|rated|\n|rule|Species Clause: Limit one of each Pok\u00e9mon\n|rule|Item Clause: Limit one of each item\n|clearpoke\n|poke|p1|Ogerpon-Wellspring, L50, F|\n|poke|p1|Landorus-Therian, L50, M|\n|poke|p1|Heatran, L50, M|\n|poke|p1|Iron Hands, L50|\n|poke|p1|Kingambit, L50, M|\n|poke|p1|Flutter Mane, L50|\n|poke|p2|Pelipper, L50, F|\n|poke|p2|Ludicolo, L50, M|\n|poke|p2|Roaring Moon, L50|\n|poke|p2|Arcanine-Hisui, L50, F|\n|poke|p2|Gholdengo, L50|\n|poke|p2|Amoonguss, L50, F|\n|teampreview|4\n|inactive|Battle timer is ON: inactive players will automatically lose when time's up. (requested by superseriousboi)\n|\n|t:|1700361743\n|start\n|switch|p1a: Flutter Mane|Flutter Mane, L50|100\/100\n|switch|p1b: Iron Hands|Iron Hands, L50|100\/100\n|switch|p2a: Ludicolo|Ludicolo, L50, M|100\/100\n|switch|p2b: Roaring Moon|Roaring Moon, L50|100\/100\n|-enditem|p2b: Roaring Moon|Booster Energy\n|-activate|p2b: Roaring Moon|ability: Protosynthesis|[fromitem]\n|-start|p2b: Roaring Moon|protosynthesisatk\n|turn|1\n|inactive|superseriousboi has 30 seconds left.\n|\n|t:|1700361772\n|-terastallize|p2b: Roaring Moon|Flying\n|move|p2a: Ludicolo|Fake Out|p1b: Iron Hands\n|-damage|p1b: Iron Hands|97\/100\n|move|p2b: Roaring Moon|Acrobatics|p1a: Flutter Mane\n|-enditem|p1a: Flutter Mane|Focus Sash\n|-damage|p1a: Flutter Mane|1\/100\n|move|p1a: Flutter Mane|Moonblast|p2b: Roaring Moon\n|-damage|p2b: Roaring Moon|41\/100\n|cant|p1b: Iron Hands|flinch\n|\n|upkeep\n|turn|2\n|\n|t:|1700361792\n|-end|p2b: Roaring Moon|Protosynthesis|[silent]\n|switch|p2b: Amoonguss|Amoonguss, L50, F|100\/100\n|-end|p1b: Iron Hands|Quark Drive|[silent]\n|switch|p1b: Landorus|Landorus-Therian, L50, M|100\/100\n|-ability|p1b: Landorus|Intimidate|boost\n|-unboost|p2a: Ludicolo|atk|1\n|-unboost|p2b: Amoonguss|atk|1\n|move|p1a: Flutter Mane|Protect|p1a: Flutter Mane\n|-singleturn|p1a: Flutter Mane|Protect\n|move|p2a: Ludicolo|Icy Wind|p1a: Flutter Mane|[spread] p1b\n|-activate|p1a: Flutter Mane|move: Protect\n|-supereffective|p1b: Landorus\n|-damage|p1b: Landorus|45\/100\n|-unboost|p1b: Landorus|spe|1\n|\n|upkeep\n|turn|3\n|inactive|superseriousboi has 30 seconds left.\n|inactive|superseriousboi has 20 seconds left.\n|inactive|superseriousboi has 15 seconds left.\n|\n|t:|1700361836\n|-terastallize|p1b: Landorus|Flying\n|move|p2b: Amoonguss|Rage Powder|p2b: Amoonguss\n|-singleturn|p2b: Amoonguss|move: Rage Powder\n|move|p1a: Flutter Mane|Shadow Ball|p2b: Amoonguss\n|-damage|p2b: Amoonguss|58\/100\n|-unboost|p2b: Amoonguss|spd|1\n|move|p1b: Landorus|Tera Blast|p2b: Amoonguss|[anim] Tera Blast Flying\n|-supereffective|p2b: Amoonguss\n|-damage|p2b: Amoonguss|0 fnt\n|faint|p2b: Amoonguss\n|move|p2a: Ludicolo|Icy Wind|p1a: Flutter Mane|[spread] p1a,p1b\n|-supereffective|p1b: Landorus\n|-damage|p1a: Flutter Mane|0 fnt\n|-damage|p1b: Landorus|19\/100\n|-unboost|p1b: Landorus|spe|1\n|faint|p1a: Flutter Mane\n|-end|p1a: Flutter Mane|Protosynthesis|[silent]\n|\n|upkeep\n|inactive|superseriousboi has 30 seconds left.\n|\n|t:|1700361864\n|switch|p1a: Kingambit|Kingambit, L50, M|100\/100\n|switch|p2b: Arcanine|Arcanine-Hisui, L50, F|100\/100\n|-ability|p2b: Arcanine|Intimidate|boost\n|-unboost|p1a: Kingambit|atk|1\n|-ability|p1a: Kingambit|Defiant|boost\n|-boost|p1a: Kingambit|atk|2\n|-unboost|p1b: Landorus|atk|1\n|turn|4\n|\n|t:|1700361878\n|switch|p1b: Iron Hands|Iron Hands, L50|97\/100\n|move|p1a: Kingambit|Protect|p1a: Kingambit\n|-singleturn|p1a: Kingambit|Protect\n|move|p2b: Arcanine|Flare Blitz|p1a: Kingambit\n|-activate|p1a: Kingambit|move: Protect\n|move|p2a: Ludicolo|Hydro Pump|p1a: Kingambit\n|-activate|p1a: Kingambit|move: Protect\n|\n|upkeep\n|turn|5\n|inactive|superseriousboi has 30 seconds left.\n|\n|t:|1700361904\n|move|p1b: Iron Hands|Fake Out|p2b: Arcanine\n|-resisted|p2b: Arcanine\n|-crit|p2b: Arcanine\n|-damage|p2b: Arcanine|89\/100\n|move|p1a: Kingambit|Sucker Punch|p2b: Arcanine\n|-damage|p2b: Arcanine|4\/100\n|cant|p2b: Arcanine|flinch\n|move|p2a: Ludicolo|Hydro Pump|p1a: Kingambit|[miss]\n|-miss|p2a: Ludicolo|p1a: Kingambit\n|\n|upkeep\n|turn|6\n|-message|crazymark forfeited.\n|\n|win|superseriousboi\n|raw|superseriousboi's rating: 1334 &rarr; <strong>1354<\/strong><br \/>(+20 for winning)\n|raw|crazymark's rating: 1327 &rarr; <strong>1307<\/strong><br \/>(-20 for losing)\n|l|\u2606crazymark\n","uploadtime":1700361920,"views":7,"p1id":"superseriousboi","p2id":"crazymark","formatid":"gen9vgc2023regulatione","rating":1307,"private":0,"password":""}