{"id":"gen9vgc2023regulatione-1994186217","p1":"vivian20","p2":"ZonXJ","format":"[Gen 9] VGC 2023 Regulation E","log":"|j|\u2606vivian20\n|j|\u2606ZonXJ\n|t:|1700416649\n|gametype|doubles\n|player|p1|vivian20|102|1418\n|player|p2|ZonXJ|archie-gen6|1543\n|teamsize|p1|6\n|teamsize|p2|6\n|gen|9\n|tier|[Gen 9] VGC 2023 Regulation E\n|rated|\n|rule|Species Clause: Limit one of each Pok\u00e9mon\n|rule|Item Clause: Limit one of each item\n|clearpoke\n|poke|p1|Landorus-Therian, L50, M|\n|poke|p1|Heatran, L50, F|\n|poke|p1|Rillaboom, L50, M|\n|poke|p1|Ninetales-Alola, L50, M|\n|poke|p1|Baxcalibur, L50, F|\n|poke|p1|Ogerpon-Wellspring, L50, F|\n|poke|p2|Politoed, L50, M|\n|poke|p2|Chien-Pao, L50|\n|poke|p2|Ogerpon-Wellspring, L50, F|\n|poke|p2|Gothitelle, L50, F|\n|poke|p2|Basculegion, L50, M|\n|poke|p2|Salamence, L50, M|\n|teampreview|4\nvivian20 has agreed to open team sheets.\nZonXJ has agreed to open team sheets.\n|inactive|Battle timer is ON: inactive players will automatically lose when time's up. (requested by vivian20)\n|\n|t:|1700416718\n|start\n|switch|p1a: Rillaboom|Rillaboom, L50, M|100\/100\n|switch|p1b: Landorus|Landorus-Therian, L50, M|100\/100\n|switch|p2a: Tai-Lung|Chien-Pao, L50|100\/100\n|switch|p2b: Salamence|Salamence, L50, M|100\/100\n|-ability|p1b: Landorus|Intimidate|boost\n|-unboost|p2a: Tai-Lung|atk|1\n|-unboost|p2b: Salamence|atk|1\n|-ability|p2a: Tai-Lung|Sword of Ruin\n|-ability|p2b: Salamence|Intimidate|boost\n|-unboost|p1a: Rillaboom|atk|1\n|-unboost|p1b: Landorus|atk|1\n|-fieldstart|move: Grassy Terrain|[from] ability: Grassy Surge|[of] p1a: Rillaboom\n|turn|1\n|inactive|ZonXJ has 30 seconds left.\n|inactive|ZonXJ has 20 seconds left.\n|\n|t:|1700416754\n|move|p2a: Tai-Lung|Protect|p2a: Tai-Lung\n|-singleturn|p2a: Tai-Lung|Protect\n|move|p1a: Rillaboom|Fake Out|p2b: Salamence\n|-damage|p2b: Salamence|86\/100\n|-damage|p1a: Rillaboom|84\/100|[from] item: Rocky Helmet|[of] p2b: Salamence\n|move|p1b: Landorus|U-turn|p2a: Tai-Lung\n|-activate|p2a: Tai-Lung|move: Protect\n|cant|p2b: Salamence|flinch\n|\n|-heal|p1a: Rillaboom|90\/100|[from] Grassy Terrain\n|upkeep\n|turn|2\n|\n|t:|1700416778\n|switch|p2a: Did u pray today?|Basculegion, L50, M, shiny|100\/100\n|-terastallize|p1a: Rillaboom|Fire\n|move|p1b: Landorus|U-turn|p2a: Did u pray today?\n|-resisted|p2a: Did u pray today?\n|-damage|p2a: Did u pray today?|88\/100\n|\n|t:|1700416787\n|switch|p1b: Ninetales|Ninetales-Alola, L50, M|100\/100|[from] U-turn\n|-weather|Snow|[from] ability: Snow Warning|[of] p1b: Ninetales\n|move|p2b: Salamence|Hurricane|p1a: Rillaboom\n|-damage|p1a: Rillaboom|51\/100\n|-start|p1a: Rillaboom|confusion\n|-activate|p1a: Rillaboom|confusion\n|move|p1a: Rillaboom|U-turn|p2a: Did u pray today?\n|-resisted|p2a: Did u pray today?\n|-damage|p2a: Did u pray today?|77\/100\n|\n|t:|1700416798\n|switch|p1a: Landorus|Landorus-Therian, L50, M|100\/100|[from] U-turn\n|-ability|p1a: Landorus|Intimidate|boost\n|-unboost|p2a: Did u pray today?|atk|1\n|-unboost|p2b: Salamence|atk|1\n|\n|-weather|Snow|[upkeep]\n|-heal|p2a: Did u pray today?|83\/100|[from] Grassy Terrain\n|upkeep\n|turn|3\n|inactive|vivian20 has 30 seconds left.\n|\n|t:|1700416831\n|switch|p1a: Ogerpon|Ogerpon-Wellspring, L50, F|100\/100\n|switch|p2b: Calreath|Politoed, L50, M|100\/100\n|-weather|RainDance|[from] ability: Drizzle|[of] p2b: Calreath\n|move|p2a: Did u pray today?|Wave Crash|p1a: Ogerpon\n|-immune|p1a: Ogerpon|[from] ability: Water Absorb\n|move|p1b: Ninetales|Icy Wind|p2b: Calreath|[spread] p2a,p2b\n|-resisted|p2a: Did u pray today?\n|-resisted|p2b: Calreath\n|-damage|p2a: Did u pray today?|76\/100\n|-damage|p2b: Calreath|96\/100\n|-unboost|p2a: Did u pray today?|spe|1\n|-unboost|p2b: Calreath|spe|1\n|\n|-weather|RainDance|[upkeep]\n|-heal|p2a: Did u pray today?|82\/100|[from] Grassy Terrain\n|-heal|p2b: Calreath|100\/100|[from] Grassy Terrain\n|upkeep\n|turn|4\n|c|\u2606ZonXJ|glhf\n|inactive|vivian20 has 30 seconds left.\n|inactive|ZonXJ has 30 seconds left.\n|inactive|ZonXJ has 20 seconds left.\n|\n|t:|1700416868\n|switch|p2a: Salamence|Salamence, L50, M|86\/100\n|-ability|p2a: Salamence|Intimidate|boost\n|-unboost|p1a: Ogerpon|atk|1\n|-unboost|p1b: Ninetales|atk|1\n|move|p1a: Ogerpon|Horn Leech|p2a: Salamence\n|-resisted|p2a: Salamence\n|-damage|p2a: Salamence|77\/100\n|-damage|p1a: Ogerpon|84\/100|[from] item: Rocky Helmet|[of] p2a: Salamence\n|move|p1b: Ninetales|Encore||[still]\n|-fail|p1b: Ninetales\n|move|p2b: Calreath|Muddy Water|p1a: Ogerpon|[spread] p1b\n|-heal|p1a: Ogerpon|100\/100|[from] ability: Water Absorb|[of] p2b: Calreath\n|-damage|p1b: Ninetales|65\/100\n|\n|-weather|RainDance|[upkeep]\n|-heal|p1b: Ninetales|71\/100|[from] Grassy Terrain\n|upkeep\n|turn|5\n|inactive|ZonXJ has 30 seconds left.\n|\n|t:|1700416897\n|-terastallize|p2a: Salamence|Steel\n|move|p1a: Ogerpon|Spiky Shield|p1a: Ogerpon\n|-singleturn|p1a: Ogerpon|move: Protect\n|move|p1b: Ninetales|Icy Wind|p2b: Calreath|[spread] p2a,p2b\n|-resisted|p2a: Salamence\n|-resisted|p2b: Calreath\n|-crit|p2b: Calreath\n|-damage|p2a: Salamence|69\/100\n|-damage|p2b: Calreath|93\/100\n|-unboost|p2a: Salamence|spe|1\n|-unboost|p2b: Calreath|spe|1\n|move|p2a: Salamence|Tailwind|p2a: Salamence\n|-sidestart|p2: ZonXJ|move: Tailwind\n|move|p2b: Calreath|Icy Wind|p1b: Ninetales|[spread] p1b\n|-activate|p1a: Ogerpon|move: Protect\n|-resisted|p1b: Ninetales\n|-damage|p1b: Ninetales|67\/100\n|-unboost|p1b: Ninetales|spe|1\n|\n|-weather|RainDance|[upkeep]\n|-heal|p2a: Salamence|75\/100|[from] Grassy Terrain\n|-heal|p1b: Ninetales|72\/100|[from] Grassy Terrain\n|-heal|p2b: Calreath|99\/100|[from] Grassy Terrain\n|-fieldend|move: Grassy Terrain\n|upkeep\n|turn|6\n|inactive|vivian20 has 30 seconds left.\n|inactive|vivian20 has 20 seconds left.\n|inactive|vivian20 has 15 seconds left.\n|\n|t:|1700416940\n|switch|p1a: Rillaboom|Rillaboom, L50, M, tera:Fire|51\/100\n|-fieldstart|move: Grassy Terrain|[from] ability: Grassy Surge|[of] p1a: Rillaboom\n|switch|p2b: Did u pray today?|Basculegion, L50, M, shiny|82\/100\n|move|p2a: Salamence|Hurricane|p1a: Rillaboom\n|-damage|p1a: Rillaboom|16\/100\n|move|p1b: Ninetales|Encore||[still]\n|-fail|p1b: Ninetales\n|\n|-weather|RainDance|[upkeep]\n|-heal|p2b: Did u pray today?|88\/100|[from] Grassy Terrain\n|-heal|p2a: Salamence|81\/100|[from] Grassy Terrain\n|-heal|p1b: Ninetales|78\/100|[from] Grassy Terrain\n|-heal|p1a: Rillaboom|22\/100|[from] Grassy Terrain\n|upkeep\n|turn|7\n|inactive|vivian20 has 30 seconds left.\n|\n|t:|1700416974\n|switch|p1b: Landorus|Landorus-Therian, L50, M|100\/100\n|-ability|p1b: Landorus|Intimidate|boost\n|-unboost|p2a: Salamence|atk|1\n|-unboost|p2b: Did u pray today?|atk|1\n|move|p2b: Did u pray today?|Protect|p2b: Did u pray today?\n|-singleturn|p2b: Did u pray today?|Protect\n|move|p1a: Rillaboom|Grassy Glide|p2b: Did u pray today?\n|-activate|p2b: Did u pray today?|move: Protect\n|move|p2a: Salamence|Hurricane|p1a: Rillaboom\n|-damage|p1a: Rillaboom|0 fnt\n|faint|p1a: Rillaboom\n|\n|-weather|RainDance|[upkeep]\n|-heal|p2b: Did u pray today?|94\/100|[from] Grassy Terrain\n|-heal|p2a: Salamence|86\/100|[from] Grassy Terrain\n|upkeep\n|\n|t:|1700416994\n|switch|p1a: Ogerpon|Ogerpon-Wellspring, L50, F|100\/100\n|turn|8\n|\n|t:|1700417019\n|switch|p1b: Ninetales|Ninetales-Alola, L50, M|78\/100\n|-weather|Snow|[from] ability: Snow Warning|[of] p1b: Ninetales\n|move|p2b: Did u pray today?|Last Respects|p1b: Ninetales\n|-damage|p1b: Ninetales|60\/100\n|-damage|p2b: Did u pray today?|85\/100|[from] item: Life Orb\n|move|p2a: Salamence|Draco Meteor|p1b: Ninetales\n|-immune|p1b: Ninetales\n|move|p1a: Ogerpon|Horn Leech|p2b: Did u pray today?\n|-supereffective|p2b: Did u pray today?\n|-damage|p2b: Did u pray today?|0 fnt\n|faint|p2b: Did u pray today?\n|\n|-weather|Snow|[upkeep]\n|-heal|p2a: Salamence|92\/100|[from] Grassy Terrain\n|-heal|p1b: Ninetales|66\/100|[from] Grassy Terrain\n|-sideend|p2: ZonXJ|move: Tailwind\n|upkeep\n|\n|t:|1700417034\n|switch|p2b: Tai-Lung|Chien-Pao, L50|100\/100\n|-ability|p2b: Tai-Lung|Sword of Ruin\n|turn|9\n|j| battlerealm\n|\n|t:|1700417057\n|switch|p1a: Landorus|Landorus-Therian, L50, M|100\/100\n|-ability|p1a: Landorus|Intimidate|boost\n|-unboost|p2a: Salamence|atk|1\n|-unboost|p2b: Tai-Lung|atk|1\n|switch|p2a: Calreath|Politoed, L50, M|99\/100\n|-weather|RainDance|[from] ability: Drizzle|[of] p2a: Calreath\n|move|p2b: Tai-Lung|Sacred Sword|p1b: Ninetales\n|-damage|p1b: Ninetales|31\/100\n|move|p1b: Ninetales|Aurora Veil||[still]\n|-fail|p1b: Ninetales\n|\n|-weather|RainDance|[upkeep]\n|-heal|p1b: Ninetales|37\/100|[from] Grassy Terrain\n|-heal|p2a: Calreath|100\/100|[from] Grassy Terrain\n|upkeep\n|turn|10\n|inactive|vivian20 has 30 seconds left.\n|inactive|ZonXJ has 30 seconds left.\n|inactive|vivian20 has 20 seconds left.\n|inactive|ZonXJ has 20 seconds left.\n|inactive|ZonXJ has 15 seconds left.\n|inactive|ZonXJ has 10 seconds left.\n|inactive|ZonXJ has 5 seconds left.\n|\n|t:|1700417108\n|move|p1a: Landorus|U-turn|p2b: Tai-Lung\n|-supereffective|p2b: Tai-Lung\n|-damage|p2b: Tai-Lung|26\/100\n|\n|t:|1700417111\n|switch|p1a: Ogerpon|Ogerpon-Wellspring, L50, F|100\/100|[from] U-turn\n|move|p2b: Tai-Lung|Sacred Sword|p1b: Ninetales\n|-damage|p1b: Ninetales|4\/100\n|move|p1b: Ninetales|Icy Wind|p2b: Tai-Lung|[spread] p2a,p2b\n|-resisted|p2a: Calreath\n|-resisted|p2b: Tai-Lung\n|-damage|p2a: Calreath|96\/100\n|-damage|p2b: Tai-Lung|17\/100\n|-unboost|p2a: Calreath|spe|1\n|-unboost|p2b: Tai-Lung|spe|1\n|move|p2a: Calreath|Muddy Water|p1b: Ninetales|[spread] p1b\n|-immune|p1a: Ogerpon|[from] ability: Water Absorb\n|-damage|p1b: Ninetales|0 fnt\n|faint|p1b: Ninetales\n|\n|-weather|RainDance|[upkeep]\n|-heal|p2b: Tai-Lung|23\/100|[from] Grassy Terrain\n|-heal|p2a: Calreath|100\/100|[from] Grassy Terrain\n|-fieldend|move: Grassy Terrain\n|upkeep\n|\n|t:|1700417130\n|switch|p1b: Landorus|Landorus-Therian, L50, M|100\/100\n|-ability|p1b: Landorus|Intimidate|boost\n|-unboost|p2a: Calreath|atk|1\n|-unboost|p2b: Tai-Lung|atk|1\n|turn|11\n|inactive|vivian20 has 30 seconds left.\n|\n|t:|1700417155\n|switch|p2b: Salamence|Salamence, L50, M, tera:Steel|92\/100\n|-ability|p2b: Salamence|Intimidate|boost\n|-unboost|p1a: Ogerpon|atk|1\n|-unboost|p1b: Landorus|atk|1\n|move|p2a: Calreath|Protect|p2a: Calreath\n|-singleturn|p2a: Calreath|Protect\n|move|p1b: Landorus|Stomping Tantrum|p2a: Calreath\n|-activate|p2a: Calreath|move: Protect\n|move|p1a: Ogerpon|Horn Leech|p2a: Calreath\n|-activate|p2a: Calreath|move: Protect\n|\n|-weather|RainDance|[upkeep]\n|upkeep\n|turn|12\n|inactive|ZonXJ has 30 seconds left.\n|inactive|ZonXJ has 20 seconds left.\n|inactive|ZonXJ has 15 seconds left.\n|\n|t:|1700417196\n|move|p1b: Landorus|Stomping Tantrum|p2a: Calreath\n|-damage|p2a: Calreath|73\/100\n|move|p1a: Ogerpon|Horn Leech|p2a: Calreath\n|-supereffective|p2a: Calreath\n|-damage|p2a: Calreath|22\/100\n|move|p2b: Salamence|Hurricane|p1b: Landorus\n|-damage|p1b: Landorus|26\/100\n|-start|p1b: Landorus|confusion\n|move|p2a: Calreath|Icy Wind|p1a: Ogerpon|[spread] p1a,p1b\n|-supereffective|p1b: Landorus\n|-damage|p1a: Ogerpon|91\/100\n|-damage|p1b: Landorus|0 fnt\n|-unboost|p1a: Ogerpon|spe|1\n|faint|p1b: Landorus\n|\n|-weather|RainDance|[upkeep]\n|upkeep\n|turn|13\n|inactive|ZonXJ has 30 seconds left.\n|inactive|ZonXJ has 20 seconds left.\n|\n|t:|1700417231\n|switch|p2b: Tai-Lung|Chien-Pao, L50|23\/100\n|-ability|p2b: Tai-Lung|Sword of Ruin\n|move|p1a: Ogerpon|Horn Leech|p2a: Calreath\n|-supereffective|p2a: Calreath\n|-damage|p2a: Calreath|0 fnt\n|-heal|p1a: Ogerpon|100\/100|[from] drain|[of] p2a: Calreath\n|faint|p2a: Calreath\n|\n|-weather|RainDance|[upkeep]\n|upkeep\n|\n|t:|1700417234\n|switch|p2a: Salamence|Salamence, L50, M, tera:Steel|92\/100\n|-ability|p2a: Salamence|Intimidate|boost\n|-unboost|p1a: Ogerpon|atk|1\n|turn|14\n|\n|t:|1700417247\n|move|p1a: Ogerpon|Spiky Shield|p1a: Ogerpon\n|-singleturn|p1a: Ogerpon|move: Protect\n|move|p2b: Tai-Lung|Sucker Punch||[still]\n|-fail|p2b: Tai-Lung\n|move|p2a: Salamence|Hurricane|p1a: Ogerpon\n|-activate|p1a: Ogerpon|move: Protect\n|\n|-weather|RainDance|[upkeep]\n|upkeep\n|turn|15\n|c|\u2606ZonXJ|gg\n|\n|t:|1700417259\n|move|p2b: Tai-Lung|Ice Spinner|p1a: Ogerpon\n|-damage|p1a: Ogerpon|27\/100\n|move|p2a: Salamence|Hurricane|p1a: Ogerpon\n|-supereffective|p1a: Ogerpon\n|-damage|p1a: Ogerpon|0 fnt\n|faint|p1a: Ogerpon\n|\n|win|ZonXJ\n|raw|vivian20's rating: 1418 &rarr; <strong>1405<\/strong><br \/>(-13 for losing)\n|raw|ZonXJ's rating: 1543 &rarr; <strong>1556<\/strong><br \/>(+13 for winning)\n|l|\u2606vivian20\n|l| battlerealm\n","uploadtime":1700417350,"views":4,"p1id":"vivian20","p2id":"zonxj","formatid":"gen9vgc2023regulatione","rating":1405,"private":0,"password":""}