{"id":"gen9vgc2023regulatione-1998776186","p1":"Mopan","p2":"xNauj\u30c4","format":"[Gen 9] VGC 2023 Regulation E","log":"|j|\u2606Mopan\n|j|\u2606xNauj\u30c4\n|t:|1700988467\n|gametype|doubles\n|player|p1|Mopan|pokemonbreeder-gen4|1070\n|player|p2|xNauj\u30c4|roxie|1146\n|teamsize|p1|6\n|teamsize|p2|6\n|gen|9\n|tier|[Gen 9] VGC 2023 Regulation E\n|rated|\n|rule|Species Clause: Limit one of each Pok\u00e9mon\n|rule|Item Clause: Limit one of each item\n|clearpoke\n|poke|p1|Sylveon, L50, M|\n|poke|p1|Electrode, L50|\n|poke|p1|Lurantis, L50, M|\n|poke|p1|Armarouge, L50, M|\n|poke|p1|Indeedee-F, L50, F|\n|poke|p1|Flamigo, L50, M|\n|poke|p2|Ursaluna-Bloodmoon, L50, M|\n|poke|p2|Dragonite, L50, M|\n|poke|p2|Cresselia, L50, F|\n|poke|p2|Heatran, L50, F|\n|poke|p2|Chien-Pao, L50|\n|poke|p2|Flutter Mane, L50|\n|teampreview|4\n|inactive|Battle timer is ON: inactive players will automatically lose when time's up. (requested by xNauj\u30c4)\nxNauj\u30c4 has agreed to open team sheets.\n|inactive|xNauj\u30c4 has 60 seconds left.\n|\n|t:|1700988503\n|start\n|switch|p1a: RIZZ KING|Electrode, L50|100\/100\n|switch|p1b: Taffy|Lurantis, L50, M|100\/100\n|switch|p2a: Heatran|Heatran, L50, F|100\/100\n|switch|p2b: Chien-Pao|Chien-Pao, L50|100\/100\n|-ability|p2b: Chien-Pao|Sword of Ruin\n|turn|1\n|inactive|xNauj\u30c4 has 30 seconds left.\n|inactive|xNauj\u30c4 has 20 seconds left.\n|\n|t:|1700988542\n|-terastallize|p1b: Taffy|Fire\n|move|p2b: Chien-Pao|Protect|p2b: Chien-Pao\n|-singleturn|p2b: Chien-Pao|Protect\n|move|p1a: RIZZ KING|Eerie Impulse|p2a: Heatran\n|-unboost|p2a: Heatran|spa|2\n|move|p2a: Heatran|Heat Wave|p1a: RIZZ KING|[spread] p1a,p1b\n|-resisted|p1b: Taffy\n|-damage|p1a: RIZZ KING|75\/100\n|-damage|p1b: Taffy|88\/100\n|move|p1b: Taffy|Superpower|p2b: Chien-Pao\n|-activate|p2b: Chien-Pao|move: Protect\n|\n|-heal|p1b: Taffy|94\/100|[from] item: Leftovers\n|upkeep\n|turn|2\n|inactive|xNauj\u30c4 has 30 seconds left.\n|inactive|xNauj\u30c4 has 20 seconds left.\n|\n|t:|1700988580\n|-terastallize|p2b: Chien-Pao|Ghost\n|move|p1b: Taffy|Protect|p1b: Taffy\n|-singleturn|p1b: Taffy|Protect\n|move|p1a: RIZZ KING|Eerie Impulse|p2a: Heatran\n|-unboost|p2a: Heatran|spa|2\n|move|p2b: Chien-Pao|Sacred Sword|p1b: Taffy\n|-activate|p1b: Taffy|move: Protect\n|move|p2a: Heatran|Earth Power|p1b: Taffy\n|-activate|p1b: Taffy|move: Protect\n|\n|-heal|p1b: Taffy|100\/100|[from] item: Leftovers\n|upkeep\n|turn|3\n|inactive|Mopan has 30 seconds left.\n|inactive|xNauj\u30c4 has 30 seconds left.\n|inactive|Mopan has 20 seconds left.\n|inactive|Mopan has 15 seconds left.\n|inactive|xNauj\u30c4 has 20 seconds left.\n|inactive|Mopan has 10 seconds left.\n|\n|t:|1700988626\n|switch|p1b: Phoenixman|Armarouge, L50, M|100\/100\n|move|p1a: RIZZ KING|Foul Play|p2b: Chien-Pao\n|-supereffective|p2b: Chien-Pao\n|-damage|p2b: Chien-Pao|13\/100\n|move|p2b: Chien-Pao|Sacred Sword|p1b: Phoenixman\n|-resisted|p1b: Phoenixman\n|-damage|p1b: Phoenixman|79\/100\n|-ability|p1b: Phoenixman|Weak Armor|boost\n|-unboost|p1b: Phoenixman|def|1\n|-boost|p1b: Phoenixman|spe|2\n|move|p2a: Heatran|Earth Power|p1b: Phoenixman\n|-supereffective|p1b: Phoenixman\n|-damage|p1b: Phoenixman|49\/100\n|-enditem|p1b: Phoenixman|Weakness Policy\n|-boost|p1b: Phoenixman|atk|2|[from] item: Weakness Policy\n|-boost|p1b: Phoenixman|spa|2|[from] item: Weakness Policy\n|\n|upkeep\n|turn|4\n|inactive|Mopan has 30 seconds left.\n|inactive|xNauj\u30c4 has 30 seconds left.\n|inactive|Mopan has 20 seconds left.\n|inactive|xNauj\u30c4 has 20 seconds left.\n|\n|t:|1700988665\n|move|p1b: Phoenixman|Protect|p1b: Phoenixman\n|-singleturn|p1b: Phoenixman|Protect\n|move|p2b: Chien-Pao|Sucker Punch||[still]\n|-fail|p2b: Chien-Pao\n|move|p1a: RIZZ KING|Eerie Impulse|p2a: Heatran\n|-unboost|p2a: Heatran|spa|2\n|move|p2a: Heatran|Earth Power|p1b: Phoenixman\n|-activate|p1b: Phoenixman|move: Protect\n|\n|upkeep\n|turn|5\n|\n|t:|1700988678\n|switch|p1a: woman|Indeedee-F, L50, F|100\/100\n|-fieldstart|move: Psychic Terrain|[from] ability: Psychic Surge|[of] p1a: woman\n|move|p2b: Chien-Pao|Sucker Punch|p1b: Phoenixman\n|-activate|p1b: Phoenixman|move: Psychic Terrain\n|move|p1b: Phoenixman|Expanding Force|p2b: Chien-Pao|[spread] p2a,p2b\n|-resisted|p2a: Heatran\n|-damage|p2a: Heatran|47\/100\n|-damage|p2b: Chien-Pao|0 fnt\n|faint|p2b: Chien-Pao\n|move|p2a: Heatran|Earth Power|p1b: Phoenixman\n|-supereffective|p1b: Phoenixman\n|-damage|p1b: Phoenixman|28\/100\n|\n|-heal|p2a: Heatran|54\/100|[from] item: Leftovers\n|upkeep\n|\n|t:|1700988696\n|switch|p2b: Flutter Mane|Flutter Mane, L50|100\/100\n|-enditem|p2b: Flutter Mane|Booster Energy\n|-activate|p2b: Flutter Mane|ability: Protosynthesis|[fromitem]\n|-start|p2b: Flutter Mane|protosynthesisspe\n|turn|6\n|\n|t:|1700988712\n|move|p1a: woman|Follow Me|p1a: woman\n|-singleturn|p1a: woman|move: Follow Me\n|move|p2b: Flutter Mane|Shadow Ball|p1a: woman\n|-immune|p1a: woman\n|move|p1b: Phoenixman|Expanding Force|p2b: Flutter Mane|[spread] p2a,p2b\n|-resisted|p2a: Heatran\n|-damage|p2a: Heatran|0 fnt\n|-damage|p2b: Flutter Mane|0 fnt\n|faint|p2a: Heatran\n|faint|p2b: Flutter Mane\n|-end|p2b: Flutter Mane|Protosynthesis|[silent]\n|\n|upkeep\n|\n|t:|1700988720\n|switch|p2b: Dragonite|Dragonite, L50, M|100\/100\n|turn|7\n|\n|t:|1700988728\n|move|p1b: Phoenixman|Protect|p1b: Phoenixman\n|-singleturn|p1b: Phoenixman|Protect\n|move|p2b: Dragonite|Outrage|p1a: woman\n|-damage|p1a: woman|0 fnt\n|faint|p1a: woman\n|\n|upkeep\n|\n|t:|1700988739\n|switch|p1a: RIZZ KING|Electrode, L50|75\/100\n|turn|8\n|\n|t:|1700988746\n|move|p1b: Phoenixman|Expanding Force|p2b: Dragonite\n|-damage|p2b: Dragonite|0 fnt\n|faint|p2b: Dragonite\n|\n|win|Mopan\n|raw|Mopan's rating: 1070 &rarr; <strong>1106<\/strong><br \/>(+36 for winning)\n|raw|xNauj\u30c4's rating: 1146 &rarr; <strong>1116<\/strong><br \/>(-30 for losing)\n|l|\u2606xNauj\u30c4\n","uploadtime":1700988756,"views":4,"p1id":"mopan","p2id":"xnauj","formatid":"gen9vgc2023regulatione","rating":1106,"private":0,"password":""}