{"id":"gen9vgc2023regulatione-1994548758","p1":"XUEHUACS","p2":"PhantomOrionVgc","format":"[Gen 9] VGC 2023 Regulation E","log":"|j|\u2606XUEHUACS\n|j|\u2606PhantomOrionVgc\n|t:|1700458038\n|gametype|doubles\n|player|p1|XUEHUACS|winona|1402\n|player|p2|PhantomOrionVgc|caitlin-masters|1320\n|teamsize|p1|6\n|teamsize|p2|6\n|gen|9\n|tier|[Gen 9] VGC 2023 Regulation E\n|rated|\n|rule|Species Clause: Limit one of each Pok\u00e9mon\n|rule|Item Clause: Limit one of each item\n|clearpoke\n|poke|p1|Ogerpon, L50, F|\n|poke|p1|Regidrago, L50|\n|poke|p1|Brambleghast, L50, M|\n|poke|p1|Tornadus, L50, M|\n|poke|p1|Urshifu-*, L50, F|\n|poke|p1|Gholdengo, L50|\n|poke|p2|Farigiraf, L50, F|\n|poke|p2|Baxcalibur, L50, F|\n|poke|p2|Ninetales-Alola, L50, M|\n|poke|p2|Heatran, L50, M|\n|poke|p2|Weezing-Galar, L50, M|\n|poke|p2|Iron Hands, L50|\n|teampreview|4\n|inactive|Battle timer is ON: inactive players will automatically lose when time's up. (requested by XUEHUACS)\nPhantomOrionVgc has agreed to open team sheets.\n|\n|t:|1700458069\n|start\n|switch|p1a: Ogerpon|Ogerpon, L50, F|100\/100\n|switch|p1b: Regidrago|Regidrago, L50, shiny|100\/100\n|switch|p2a: Heatran|Heatran, L50, M|100\/100\n|switch|p2b: Farigiraf|Farigiraf, L50, F|100\/100\n|turn|1\n|inactive|PhantomOrionVgc has 30 seconds left.\n|inactive|PhantomOrionVgc has 20 seconds left.\n|inactive|PhantomOrionVgc has 15 seconds left.\n|inactive|PhantomOrionVgc has 10 seconds left.\n|\n|t:|1700458117\n|move|p2a: Heatran|Protect|p2a: Heatran\n|-singleturn|p2a: Heatran|Protect\n|move|p1a: Ogerpon|Taunt|p2b: Farigiraf\n|-start|p2b: Farigiraf|move: Taunt\n|move|p1b: Regidrago|Earth Power|p2a: Heatran\n|-activate|p2a: Heatran|move: Protect\n|cant|p2b: Farigiraf|move: Taunt|Trick Room\n|\n|upkeep\n|turn|2\n|\n|t:|1700458136\n|switch|p2b: Iron Hands|Iron Hands, L50|100\/100\n|-terastallize|p2a: Heatran|Fairy\n|move|p1a: Ogerpon|Ivy Cudgel|p2b: Iron Hands\n|-damage|p2b: Iron Hands|69\/100\n|move|p2a: Heatran|Magma Storm|p1a: Ogerpon\n|-supereffective|p1a: Ogerpon\n|-damage|p1a: Ogerpon|0 fnt\n|faint|p1a: Ogerpon\n|move|p1b: Regidrago|Dragon Energy|p2a: Heatran|[spread] p2b\n|-immune|p2a: Heatran\n|-damage|p2b: Iron Hands|6\/100\n|\n|upkeep\n|\n|t:|1700458152\n|switch|p1a: Urshifu|Urshifu-Rapid-Strike, L50, F|100\/100\n|turn|3\n|\n|t:|1700458175\n|move|p1a: Urshifu|Detect|p1a: Urshifu\n|-singleturn|p1a: Urshifu|Protect\n|move|p1b: Regidrago|Protect|p1b: Regidrago\n|-singleturn|p1b: Regidrago|Protect\n|move|p2b: Iron Hands|Fake Out|p1a: Urshifu\n|-activate|p1a: Urshifu|move: Protect\n|move|p2a: Heatran|Earth Power|p1b: Regidrago\n|-activate|p1b: Regidrago|move: Protect\n|\n|upkeep\n|turn|4\n|inactive|PhantomOrionVgc has 30 seconds left.\n|\n|t:|1700458202\n|-end|p2b: Iron Hands|Quark Drive|[silent]\n|switch|p2b: Weezing|Weezing-Galar, L50, M|100\/100\n|-ability|p2b: Weezing|Neutralizing Gas\n|move|p1a: Urshifu|Surging Strikes|p2a: Heatran\n|-crit|p2a: Heatran\n|-damage|p2a: Heatran|78\/100\n|-crit|p2a: Heatran\n|-damage|p2a: Heatran|54\/100\n|-crit|p2a: Heatran\n|-damage|p2a: Heatran|30\/100\n|-hitcount|p2a: Heatran|3\n|move|p1b: Regidrago|Dragon Pulse|p2b: Weezing\n|-immune|p2b: Weezing\n|move|p2a: Heatran|Earth Power|p1b: Regidrago\n|-crit|p1b: Regidrago\n|-damage|p1b: Regidrago|56\/100\n|\n|-heal|p2a: Heatran|36\/100|[from] item: Leftovers\n|upkeep\n|turn|5\n|\n|t:|1700458218\n|move|p1a: Urshifu|Detect|p1a: Urshifu\n|-singleturn|p1a: Urshifu|Protect\n|move|p2a: Heatran|Protect|p2a: Heatran\n|-singleturn|p2a: Heatran|Protect\n|move|p1b: Regidrago|Earth Power|p2b: Weezing\n|-supereffective|p2b: Weezing\n|-damage|p2b: Weezing|20\/100\n|move|p2b: Weezing|Will-O-Wisp|p1a: Urshifu\n|-activate|p1a: Urshifu|move: Protect\n|\n|-heal|p2a: Heatran|42\/100|[from] item: Leftovers\n|upkeep\n|turn|6\n|\n|t:|1700458231\n|switch|p2a: Farigiraf|Farigiraf, L50, F|100\/100\n|move|p2b: Weezing|Protect|p2b: Weezing\n|-singleturn|p2b: Weezing|Protect\n|move|p1a: Urshifu|Surging Strikes|p2a: Farigiraf\n|-crit|p2a: Farigiraf\n|-damage|p2a: Farigiraf|79\/100\n|-damage|p1a: Urshifu|84\/100|[from] item: Rocky Helmet|[of] p2a: Farigiraf\n|-crit|p2a: Farigiraf\n|-damage|p2a: Farigiraf|59\/100\n|-damage|p1a: Urshifu|67\/100|[from] item: Rocky Helmet|[of] p2a: Farigiraf\n|-crit|p2a: Farigiraf\n|-damage|p2a: Farigiraf|38\/100\n|-damage|p1a: Urshifu|51\/100|[from] item: Rocky Helmet|[of] p2a: Farigiraf\n|-hitcount|p2a: Farigiraf|3\n|move|p1b: Regidrago|Earth Power|p2b: Weezing\n|-activate|p2b: Weezing|move: Protect\n|\n|upkeep\n|turn|7\n|\n|t:|1700458247\n|move|p1a: Urshifu|Surging Strikes|p2a: Farigiraf\n|-crit|p2a: Farigiraf\n|-damage|p2a: Farigiraf|18\/100\n|-damage|p1a: Urshifu|34\/100|[from] item: Rocky Helmet|[of] p2a: Farigiraf\n|-crit|p2a: Farigiraf\n|-damage|p2a: Farigiraf|0 fnt\n|-damage|p1a: Urshifu|18\/100|[from] item: Rocky Helmet|[of] p2a: Farigiraf\n|faint|p2a: Farigiraf\n|-hitcount|p2: Farigiraf|2\n|move|p1b: Regidrago|Earth Power|p2b: Weezing\n|-supereffective|p2b: Weezing\n|-damage|p2b: Weezing|0 fnt\n|faint|p2b: Weezing\n|-end|p2b: Weezing|ability: Neutralizing Gas\n|\n|upkeep\n|\n|t:|1700458250\n|switch|p2b: Iron Hands|Iron Hands, L50|6\/100\n|switch|p2a: Heatran|Heatran, L50, M, tera:Fairy|42\/100\n|turn|8\n|\n|t:|1700458256\n|move|p1a: Urshifu|Detect|p1a: Urshifu\n|-singleturn|p1a: Urshifu|Protect\n|move|p1b: Regidrago|Protect|p1b: Regidrago\n|-singleturn|p1b: Regidrago|Protect\n|move|p2a: Heatran|Earth Power|p1b: Regidrago\n|-activate|p1b: Regidrago|move: Protect\n|move|p2b: Iron Hands|Wild Charge|p1a: Urshifu\n|-activate|p1a: Urshifu|move: Protect\n|\n|-heal|p2a: Heatran|48\/100|[from] item: Leftovers\n|upkeep\n|turn|9\n|\n|t:|1700458265\n|move|p1a: Urshifu|Surging Strikes|p2a: Heatran\n|-crit|p2a: Heatran\n|-damage|p2a: Heatran|24\/100\n|-crit|p2a: Heatran\n|-damage|p2a: Heatran|0 fnt\n|faint|p2a: Heatran\n|-hitcount|p2: Heatran|2\n|move|p1b: Regidrago|Dragon Pulse|p2b: Iron Hands\n|-damage|p2b: Iron Hands|0 fnt\n|faint|p2b: Iron Hands\n|-end|p2b: Iron Hands|Quark Drive|[silent]\n|\n|win|XUEHUACS\n|raw|XUEHUACS's rating: 1402 &rarr; <strong>1417<\/strong><br \/>(+15 for winning)\n|raw|PhantomOrionVgc's rating: 1320 &rarr; <strong>1305<\/strong><br \/>(-15 for losing)\n","uploadtime":1700458270,"views":6,"p1id":"xuehuacs","p2id":"phantomorionvgc","formatid":"gen9vgc2023regulatione","rating":1305,"private":0,"password":""}