{"id":"gen9vgc2023regulatione-1990702499","p1":"lBramaluna","p2":"E.E.E Guzma","format":"[Gen 9] VGC 2023 Regulation E","log":"|j|\u2606lBramaluna\n|j|\u2606E.E.E Guzma\n|t:|1699993114\n|gametype|doubles\n|player|p1|lBramaluna|hilda-wonderlauncher|1366\n|player|p2|E.E.E Guzma|guzma|1321\n|teamsize|p1|6\n|teamsize|p2|6\n|gen|9\n|tier|[Gen 9] VGC 2023 Regulation E\n|rated|\n|rule|Species Clause: Limit one of each Pok\u00e9mon\n|rule|Item Clause: Limit one of each item\n|clearpoke\n|poke|p1|Ogerpon-Hearthflame, L50, F|\n|poke|p1|Kingambit, L50, M|\n|poke|p1|Urshifu-*, L50, M|\n|poke|p1|Rillaboom, L50, F|\n|poke|p1|Gholdengo, L50|\n|poke|p1|Roaring Moon, L50|\n|poke|p2|Golem-Alola, L50, M|\n|poke|p2|Sinistcha, L50|\n|poke|p2|Dondozo, L50, M|\n|poke|p2|Iron Hands, L50|\n|poke|p2|Maushold, L50|\n|poke|p2|Rabsca, L50, F|\n|teampreview|4\n|inactive|Battle timer is ON: inactive players will automatically lose when time's up. (requested by E.E.E Guzma)\n|inactive|lBramaluna has 60 seconds left.\n|\n|t:|1699993182\n|start\n|switch|p1a: Gholdengo|Gholdengo, L50|100\/100\n|switch|p1b: Ogerpon|Ogerpon-Hearthflame, L50, F|100\/100\n|switch|p2a: Iron Hands|Iron Hands, L50|100\/100\n|switch|p2b: Golem|Golem-Alola, L50, M|100\/100\n|-ability|p1b: Ogerpon|Mold Breaker\n|turn|1\n|inactive|lBramaluna has 30 seconds left.\n|\n|t:|1699993208\n|-end|p2a: Iron Hands|Quark Drive|[silent]\n|switch|p2a: Rabsca|Rabsca, L50, F|100\/100\n|move|p1b: Ogerpon|Follow Me|p1b: Ogerpon\n|-singleturn|p1b: Ogerpon|move: Follow Me\n|move|p1a: Gholdengo|Nasty Plot|p1a: Gholdengo\n|-boost|p1a: Gholdengo|spa|2\n|move|p2b: Golem|Explosion|p1b: Ogerpon|[spread] p1a,p1b\n|-activate|p2a: Rabsca|ability: Telepathy\n|-resisted|p1b: Ogerpon\n|-damage|p1a: Gholdengo|0 fnt\n|-damage|p1b: Ogerpon|20\/100\n|faint|p2b: Golem\n|faint|p1a: Gholdengo\n|\n|upkeep\n|\n|t:|1699993224\n|switch|p1a: Rillaboom|Rillaboom, L50, F|100\/100\n|switch|p2b: Iron Hands|Iron Hands, L50|100\/100\n|-fieldstart|move: Grassy Terrain|[from] ability: Grassy Surge|[of] p1a: Rillaboom\n|turn|2\n|\n|t:|1699993237\n|-terastallize|p2a: Rabsca|Dark\n|move|p1a: Rillaboom|Fake Out|p2b: Iron Hands\n|-damage|p2b: Iron Hands|91\/100\n|cant|p2b: Iron Hands|flinch\n|move|p1b: Ogerpon|Horn Leech|p2b: Iron Hands\n|-damage|p2b: Iron Hands|61\/100\n|-heal|p1b: Ogerpon|40\/100|[from] drain|[of] p2b: Iron Hands\n|move|p2a: Rabsca|Trick Room|p2a: Rabsca\n|-fieldstart|move: Trick Room|[of] p2a: Rabsca\n|\n|-heal|p2b: Iron Hands|67\/100|[from] Grassy Terrain\n|-heal|p1b: Ogerpon|46\/100|[from] Grassy Terrain\n|upkeep\n|turn|3\n|inactive|lBramaluna has 30 seconds left.\n|\n|t:|1699993266\n|move|p2a: Rabsca|Revival Blessing|p2a: Rabsca\n|-enditem|p2a: Rabsca|Leppa Berry|[eat]\n|-activate|p2a: Rabsca|item: Leppa Berry|Revival Blessing|[consumed]\n|\n|t:|1699993269\n|-heal|p2: Golem|50\/100|[from] move: Revival Blessing\n|move|p2b: Iron Hands|Electric Terrain|p2b: Iron Hands\n|-fieldstart|move: Electric Terrain\n|-activate|p2b: Iron Hands|ability: Quark Drive\n|-start|p2b: Iron Hands|quarkdriveatk\n|move|p1a: Rillaboom|Wood Hammer|p2b: Iron Hands\n|-damage|p2b: Iron Hands|22\/100\n|-enditem|p2b: Iron Hands|Sitrus Berry|[eat]\n|-heal|p2b: Iron Hands|47\/100|[from] item: Sitrus Berry\n|-damage|p1a: Rillaboom|82\/100|[from] Recoil\n|move|p1b: Ogerpon|Horn Leech|p2a: Rabsca\n|-crit|p2a: Rabsca\n|-damage|p2a: Rabsca|39\/100\n|-heal|p1b: Ogerpon|76\/100|[from] drain|[of] p2a: Rabsca\n|\n|upkeep\n|turn|4\n|inactive|lBramaluna has 30 seconds left.\n|inactive|E.E.E Guzma has 30 seconds left.\n|inactive|lBramaluna has 20 seconds left.\n|\n|t:|1699993306\n|switch|p2a: Dondozo|Dondozo, L50, M|100\/100\n|move|p2b: Iron Hands|Drain Punch|p1b: Ogerpon\n|-damage|p1b: Ogerpon|19\/100\n|-heal|p2b: Iron Hands|68\/100|[from] drain|[of] p1b: Ogerpon\n|move|p1a: Rillaboom|Wood Hammer|p2b: Iron Hands\n|-damage|p2b: Iron Hands|25\/100\n|-damage|p1a: Rillaboom|64\/100|[from] Recoil\n|move|p1b: Ogerpon|Horn Leech|p2a: Dondozo\n|-supereffective|p2a: Dondozo\n|-damage|p2a: Dondozo|52\/100\n|-heal|p1b: Ogerpon|50\/100|[from] drain|[of] p2a: Dondozo\n|\n|-heal|p2a: Dondozo|59\/100|[from] item: Leftovers\n|upkeep\n|turn|5\n|inactive|lBramaluna has 30 seconds left.\n|\n|t:|1699993335\n|move|p1b: Ogerpon|Spiky Shield|p1b: Ogerpon\n|-singleturn|p1b: Ogerpon|move: Protect\n|move|p2a: Dondozo|Soak|p1a: Rillaboom\n|-start|p1a: Rillaboom|typechange|Water\n|move|p2b: Iron Hands|Wild Charge|p1a: Rillaboom\n|-supereffective|p1a: Rillaboom\n|-damage|p1a: Rillaboom|0 fnt\n|faint|p1a: Rillaboom\n|-damage|p2b: Iron Hands|12\/100|[from] Recoil\n|\n|-heal|p2a: Dondozo|65\/100|[from] item: Leftovers\n|upkeep\n|\n|t:|1699993349\n|switch|p1a: Kingambit|Kingambit, L50, M|100\/100\n|turn|6\n|inactive|lBramaluna has 30 seconds left.\n|inactive|lBramaluna has 20 seconds left.\n|\n|t:|1699993388\n|move|p1b: Ogerpon|Follow Me|p1b: Ogerpon\n|-singleturn|p1b: Ogerpon|move: Follow Me\n|move|p2a: Dondozo|Wave Crash|p1b: Ogerpon\n|-damage|p1b: Ogerpon|7\/100\n|-damage|p2a: Dondozo|54\/100|[from] Recoil\n|move|p1a: Kingambit|Swords Dance|p1a: Kingambit\n|-boost|p1a: Kingambit|atk|2\n|move|p2b: Iron Hands|Drain Punch|p1b: Ogerpon\n|-damage|p1b: Ogerpon|0 fnt\n|-heal|p2b: Iron Hands|15\/100|[from] drain|[of] p1b: Ogerpon\n|faint|p1b: Ogerpon\n|\n|-heal|p2a: Dondozo|60\/100|[from] item: Leftovers\n|-fieldend|move: Trick Room\n|upkeep\n|turn|7\n|inactive|lBramaluna has 30 seconds left.\n|inactive|E.E.E Guzma has 30 seconds left.\n|inactive|lBramaluna has 20 seconds left.\n|\n|t:|1699993423\n|move|p2a: Dondozo|Protect|p2a: Dondozo\n|-singleturn|p2a: Dondozo|Protect\n|move|p1a: Kingambit|Sucker Punch|p2b: Iron Hands\n|-resisted|p2b: Iron Hands\n|-damage|p2b: Iron Hands|0 fnt\n|faint|p2b: Iron Hands\n|-end|p2b: Iron Hands|Quark Drive|[silent]\n|\n|-heal|p2a: Dondozo|66\/100|[from] item: Leftovers\n|-fieldend|move: Electric Terrain\n|upkeep\n|\n|t:|1699993429\n|switch|p2b: Rabsca|Rabsca, L50, F, tera:Dark|39\/100\n|turn|8\n|\n|t:|1699993453\n|move|p1a: Kingambit|Kowtow Cleave|p2b: Rabsca\n|-resisted|p2b: Rabsca\n|-damage|p2b: Rabsca|0 fnt\n|faint|p2b: Rabsca\n|move|p2a: Dondozo|Yawn|p1a: Kingambit\n|-start|p1a: Kingambit|move: Yawn|[of] p2a: Dondozo\n|\n|-heal|p2a: Dondozo|72\/100|[from] item: Leftovers\n|upkeep\n|\n|t:|1699993463\n|switch|p2b: Golem|Golem-Alola, L50, M|50\/100\n|turn|9\n|\n|t:|1699993471\n|move|p2b: Golem|Protect|p2b: Golem\n|-singleturn|p2b: Golem|Protect\n|move|p2a: Dondozo|Protect|p2a: Dondozo\n|-singleturn|p2a: Dondozo|Protect\n|move|p1a: Kingambit|Sucker Punch||[still]\n|-fail|p1a: Kingambit\n|\n|-heal|p2a: Dondozo|79\/100|[from] item: Leftovers\n|-end|p1a: Kingambit|move: Yawn|[silent]\n|-status|p1a: Kingambit|slp\n|upkeep\n|turn|10\n|\n|t:|1699993485\n|cant|p1a: Kingambit|slp\n|move|p2b: Golem|Body Slam|p1a: Kingambit\n|-damage|p1a: Kingambit|54\/100 slp\n|move|p2a: Dondozo|Wave Crash|p1a: Kingambit\n|-damage|p1a: Kingambit|21\/100 slp\n|-damage|p2a: Dondozo|69\/100|[from] Recoil\n|\n|-heal|p2a: Dondozo|75\/100|[from] item: Leftovers\n|upkeep\n|turn|11\n|c|\u2606E.E.E Guzma|Megumi\n|inactive|E.E.E Guzma has 30 seconds left.\n|c|\u2606E.E.E Guzma|Explosivo\n|inactive|E.E.E Guzma has 20 seconds left.\n|\n|t:|1699993520\n|-curestatus|p1a: Kingambit|slp|[msg]\n|move|p1a: Kingambit|Protect|p1a: Kingambit\n|-singleturn|p1a: Kingambit|Protect\n|move|p2a: Dondozo|Protect|p2a: Dondozo\n|-singleturn|p2a: Dondozo|Protect\n|move|p2b: Golem|Explosion|p1a: Kingambit|[spread] \n|-activate|p2a: Dondozo|move: Protect\n|-activate|p1a: Kingambit|move: Protect\n|faint|p2b: Golem\n|\n|-heal|p2a: Dondozo|81\/100|[from] item: Leftovers\n|upkeep\n|turn|12\n|c|\u2606E.E.E Guzma|Kkkkkk\n|c|\u2606E.E.E Guzma|Nice\n|\n|t:|1699993537\n|-terastallize|p1a: Kingambit|Dark\n|move|p1a: Kingambit|Sucker Punch|p2a: Dondozo\n|-damage|p2a: Dondozo|3\/100\n|move|p2a: Dondozo|Wave Crash|p1a: Kingambit\n|-damage|p1a: Kingambit|0 fnt\n|faint|p1a: Kingambit\n|-damage|p2a: Dondozo|0 fnt|[from] Recoil\n|faint|p2a: Dondozo\n|\n|win|E.E.E Guzma\n|raw|lBramaluna's rating: 1366 &rarr; <strong>1343<\/strong><br \/>(-23 for losing)\n|raw|E.E.E Guzma's rating: 1321 &rarr; <strong>1344<\/strong><br \/>(+23 for winning)\n|c|\u2606E.E.E Guzma|GG Nice ge\n|c|\u2606E.E.E Guzma|Game\n","uploadtime":1699993564,"views":15,"p1id":"lbramaluna","p2id":"eeeguzma","formatid":"gen9vgc2023regulatione","rating":1343,"private":0,"password":""}