{"id":"gen9vgc2023regulatione-1998680461","p1":"steelrevolution337","p2":"salamencetv","format":"[Gen 9] VGC 2023 Regulation E","log":"|j|\u2606steelrevolution337\n|j|\u2606salamencetv\n|n|\u2606steelrevolution337|steelrevolution337\n|n|\u2606salamencetv|salamencetv\n|html|View the match progress at <a href=\"\/game-bestof3-gen9vgc2023regulatione-1998677338\">game-bestof3-gen9vgc2023regulatione-1998677338<\/a>\n|t:|1700971624\n|gametype|doubles\n|player|p1|steelrevolution337|plasmagrunt|\n|player|p2|salamencetv|pryce|\n|teamsize|p1|6\n|teamsize|p2|6\n|gen|9\n|tier|[Gen 9] VGC 2023 Regulation E\n|rule|Species Clause: Limit one of each Pok\u00e9mon\n|rule|Item Clause: Limit one of each item\n|clearpoke\n|poke|p1|Roaring Moon, L50|\n|poke|p1|Weezing, L50, F|\n|poke|p1|Persian-Alola, L50, M|\n|poke|p1|Typhlosion-Hisui, L50, M|\n|poke|p1|Landorus-Therian, L50, M|\n|poke|p1|Iron Thorns, L50|\n|poke|p2|Enamorus-Therian, L50, F|\n|poke|p2|Slowbro, L50, M|\n|poke|p2|Goodra-Hisui, L50, F|\n|poke|p2|Drifblim, L50, M|\n|poke|p2|Golem, L50, M|\n|poke|p2|Rillaboom, L50, M|\n|teampreview|4\n|c|\u2606salamencetv|GLHF\nsalamencetv rejected open team sheets.\n|c|\u2606steelrevolution337|glhf\n|\n|t:|1700971675\n|start\n|switch|p1a: Weezing|Weezing, L50, F|100\/100\n|switch|p1b: Typhlosion|Typhlosion-Hisui, L50, M|100\/100\n|switch|p2a: SKIBIDI TOILET|Golem, L50, M|100\/100\n|switch|p2b: Mr Balloney|Drifblim, L50, M|100\/100\n|-ability|p1a: Weezing|Neutralizing Gas\n|turn|1\n|\n|t:|1700971695\n|-terastallize|p1b: Typhlosion|Water\n|move|p1b: Typhlosion|Eruption|p2a: SKIBIDI TOILET|[spread] p2a,p2b\n|-resisted|p2a: SKIBIDI TOILET\n|-damage|p2a: SKIBIDI TOILET|47\/100\n|-damage|p2b: Mr Balloney|8\/100\n|move|p1a: Weezing|Taunt|p2b: Mr Balloney\n|-start|p2b: Mr Balloney|move: Taunt\n|-enditem|p2b: Mr Balloney|Mental Herb\n|-end|p2b: Mr Balloney|move: Taunt\n|move|p2a: SKIBIDI TOILET|Curse|p2a: SKIBIDI TOILET\n|-unboost|p2a: SKIBIDI TOILET|spe|1\n|-boost|p2a: SKIBIDI TOILET|atk|1\n|-boost|p2a: SKIBIDI TOILET|def|1\n|move|p2b: Mr Balloney|Trick Room|p2b: Mr Balloney\n|-fieldstart|move: Trick Room|[of] p2b: Mr Balloney\n|\n|upkeep\n|turn|2\n|\n|t:|1700971723\n|move|p2a: SKIBIDI TOILET|Protect|p2a: SKIBIDI TOILET\n|-singleturn|p2a: SKIBIDI TOILET|Protect\n|move|p1a: Weezing|Sludge Bomb|p2a: SKIBIDI TOILET\n|-activate|p2a: SKIBIDI TOILET|move: Protect\n|move|p2b: Mr Balloney|Destiny Bond|p2b: Mr Balloney\n|-singlemove|p2b: Mr Balloney|Destiny Bond\n|move|p1b: Typhlosion|Eruption|p2a: SKIBIDI TOILET|[spread] p2b\n|-activate|p2a: SKIBIDI TOILET|move: Protect\n|-damage|p2b: Mr Balloney|0 fnt\n|faint|p2b: Mr Balloney\n|-activate|p2b: Mr Balloney|move: Destiny Bond\n|faint|p1b: Typhlosion\n|\n|upkeep\n|\n|t:|1700971742\n|switch|p2b: Woomy|Goodra-Hisui, L50, F|100\/100\n|switch|p1b: Persian|Persian-Alola, L50, M, shiny|100\/100\n|turn|3\n|\n|t:|1700971763\n|-terastallize|p2a: SKIBIDI TOILET|Steel\n|move|p1b: Persian|Fake Out|p2a: SKIBIDI TOILET\n|-resisted|p2a: SKIBIDI TOILET\n|-damage|p2a: SKIBIDI TOILET|45\/100\n|cant|p2a: SKIBIDI TOILET|flinch\n|move|p2b: Woomy|Life Dew||[still]|[spread] p2a,p2b\n|-heal|p2a: SKIBIDI TOILET|70\/100\n|-fail|p2b: Woomy|heal\n|move|p1a: Weezing|Sludge Bomb|p2a: SKIBIDI TOILET\n|-immune|p2a: SKIBIDI TOILET\n|\n|upkeep\n|turn|4\n|\n|t:|1700971794\n|move|p2a: SKIBIDI TOILET|Rock Slide|p1a: Weezing|[spread] p1a\n|-miss|p2a: SKIBIDI TOILET|p1b: Persian\n|-damage|p1a: Weezing|53\/100\n|move|p1a: Weezing|Taunt|p2b: Woomy\n|-start|p2b: Woomy|move: Taunt\n|cant|p2b: Woomy|move: Taunt|Life Dew\n|move|p1b: Persian|Foul Play|p2a: SKIBIDI TOILET\n|-damage|p2a: SKIBIDI TOILET|25\/100\n|\n|-heal|p1a: Weezing|59\/100|[from] item: Black Sludge\n|upkeep\n|turn|5\n|\n|t:|1700971815\n|move|p2a: SKIBIDI TOILET|Gyro Ball|p1b: Persian\n|-damage|p1b: Persian|0 fnt\n|faint|p1b: Persian\n|move|p1a: Weezing|Pain Split|p2b: Woomy\n|-sethp|p2b: Woomy|74\/100|[from] move: Pain Split|[silent]\n|-sethp|p1a: Weezing|93\/100|[from] move: Pain Split\n|move|p2b: Woomy|Draco Meteor|p1a: Weezing\n|-damage|p1a: Weezing|23\/100\n|-unboost|p2b: Woomy|spa|2\n|\n|-heal|p1a: Weezing|29\/100|[from] item: Black Sludge\n|-heal|p2b: Woomy|80\/100|[from] item: Leftovers\n|-fieldend|move: Trick Room\n|upkeep\n|\n|t:|1700971827\n|switch|p1b: Landorus|Landorus-Therian, L50, M|100\/100\n|turn|6\n|\n|t:|1700971861\n|switch|p2b: Huh?|Slowbro, L50, M|100\/100\n|move|p2a: SKIBIDI TOILET|Protect|p2a: SKIBIDI TOILET\n|-singleturn|p2a: SKIBIDI TOILET|Protect\n|move|p1b: Landorus|Stomping Tantrum|p2a: SKIBIDI TOILET\n|-activate|p2a: SKIBIDI TOILET|move: Protect\n|move|p1a: Weezing|Pain Split|p2b: Huh?\n|-sethp|p2b: Huh?|61\/100|[from] move: Pain Split|[silent]\n|-sethp|p1a: Weezing|81\/100|[from] move: Pain Split\n|\n|-heal|p1a: Weezing|87\/100|[from] item: Black Sludge\n|upkeep\n|turn|7\n|\n|t:|1700971880\n|move|p1b: Landorus|Stomping Tantrum|p2a: SKIBIDI TOILET\n|-supereffective|p2a: SKIBIDI TOILET\n|-damage|p2a: SKIBIDI TOILET|0 fnt\n|faint|p2a: SKIBIDI TOILET\n|move|p1a: Weezing|Taunt|p2b: Huh?\n|-start|p2b: Huh?|move: Taunt\n|cant|p2b: Huh?|move: Taunt|Trick Room\n|\n|-heal|p1a: Weezing|94\/100|[from] item: Black Sludge\n|upkeep\n|\n|t:|1700971884\n|switch|p2a: Woomy|Goodra-Hisui, L50, F|80\/100\n|turn|8\n|\n|t:|1700971894\n|move|p1b: Landorus|Stomping Tantrum|p2a: Woomy\n|-supereffective|p2a: Woomy\n|-damage|p2a: Woomy|13\/100\n|move|p2a: Woomy|Muddy Water|p1b: Landorus|[spread] p1b\n|-miss|p2a: Woomy|p1a: Weezing\n|-supereffective|p1b: Landorus\n|-damage|p1b: Landorus|54\/100\n|move|p1a: Weezing|Sludge Bomb|p2b: Huh?\n|-crit|p2b: Huh?\n|-damage|p2b: Huh?|3\/100\n|-status|p2b: Huh?|psn\n|move|p2b: Huh?|Scald|p1b: Landorus\n|-supereffective|p1b: Landorus\n|-damage|p1b: Landorus|0 fnt\n|faint|p1b: Landorus\n|-damage|p2b: Huh?|0 fnt|[from] item: Life Orb\n|faint|p2b: Huh?\n|\n|-heal|p2a: Woomy|19\/100|[from] item: Leftovers\n|-heal|p1a: Weezing|99\/100|[from] item: Black Sludge\n|upkeep\n|turn|9\n|\n|t:|1700971916\n|move|p1a: Weezing|Taunt|p2a: Woomy\n|-start|p2a: Woomy|move: Taunt\n|cant|p2a: Woomy|move: Taunt|Life Dew\n|\n|-heal|p1a: Weezing|100\/100|[from] item: Black Sludge\n|-heal|p2a: Woomy|25\/100|[from] item: Leftovers\n|upkeep\n|turn|10\n|\n|t:|1700971923\n|move|p1a: Weezing|Sludge Bomb|p2a: Woomy\n|-immune|p2a: Woomy\n|move|p2a: Woomy|Muddy Water|p1a: Weezing|[miss]\n|-miss|p2a: Woomy|p1a: Weezing\n|\n|-heal|p2a: Woomy|31\/100|[from] item: Leftovers\n|upkeep\n|turn|11\n|c|\u2606steelrevolution337|we are gonna be here for a while i guess\n|\n|t:|1700971948\n|move|p2a: Woomy|Muddy Water|p1a: Weezing\n|-damage|p1a: Weezing|70\/100\n|move|p1a: Weezing|Sludge Bomb|p2a: Woomy\n|-immune|p2a: Woomy\n|\n|-heal|p2a: Woomy|37\/100|[from] item: Leftovers\n|-heal|p1a: Weezing|76\/100|[from] item: Black Sludge\n|-end|p2a: Woomy|move: Taunt\n|upkeep\n|turn|12\n|\n|t:|1700971958\n|move|p2a: Woomy|Muddy Water|p1a: Weezing\n|-damage|p1a: Weezing|48\/100\n|-unboost|p1a: Weezing|accuracy|1\n|move|p1a: Weezing|Taunt|p2a: Woomy\n|-start|p2a: Woomy|move: Taunt\n|\n|-heal|p1a: Weezing|54\/100|[from] item: Black Sludge\n|-heal|p2a: Woomy|43\/100|[from] item: Leftovers\n|upkeep\n|turn|13\n|\n|t:|1700971975\n|move|p1a: Weezing|Protect|p1a: Weezing\n|-singleturn|p1a: Weezing|Protect\n|move|p2a: Woomy|Draco Meteor|p1a: Weezing\n|-activate|p1a: Weezing|move: Protect\n|\n|-heal|p1a: Weezing|60\/100|[from] item: Black Sludge\n|-heal|p2a: Woomy|49\/100|[from] item: Leftovers\n|upkeep\n|turn|14\n|\n|t:|1700971989\n|move|p2a: Woomy|Draco Meteor|p1a: Weezing|[miss]\n|-miss|p2a: Woomy|p1a: Weezing\n|move|p1a: Weezing|Sludge Bomb|p2a: Woomy\n|-immune|p2a: Woomy\n|\n|-heal|p2a: Woomy|55\/100|[from] item: Leftovers\n|-heal|p1a: Weezing|67\/100|[from] item: Black Sludge\n|upkeep\n|turn|15\n|c|\u2606salamencetv|Lol yeah\n|\n|t:|1700972003\n|move|p1a: Weezing|Protect|p1a: Weezing\n|-singleturn|p1a: Weezing|Protect\n|move|p2a: Woomy|Muddy Water|p1a: Weezing\n|-activate|p1a: Weezing|move: Protect\n|\n|-heal|p1a: Weezing|73\/100|[from] item: Black Sludge\n|-heal|p2a: Woomy|61\/100|[from] item: Leftovers\n|-end|p2a: Woomy|move: Taunt\n|upkeep\n|turn|16\n|\n|t:|1700972013\n|move|p1a: Weezing|Taunt|p2a: Woomy\n|-start|p2a: Woomy|move: Taunt\n|move|p2a: Woomy|Muddy Water|p1a: Weezing\n|-damage|p1a: Weezing|41\/100\n|\n|-heal|p2a: Woomy|67\/100|[from] item: Leftovers\n|-heal|p1a: Weezing|47\/100|[from] item: Black Sludge\n|upkeep\n|turn|17\n|\n|t:|1700972022\n|move|p1a: Weezing|Pain Split|p2a: Woomy\n|-sethp|p2a: Woomy|52\/100|[from] move: Pain Split|[silent]\n|-sethp|p1a: Weezing|66\/100|[from] move: Pain Split\n|move|p2a: Woomy|Draco Meteor|p1a: Weezing\n|-damage|p1a: Weezing|3\/100\n|-unboost|p2a: Woomy|spa|2\n|\n|-heal|p2a: Woomy|58\/100|[from] item: Leftovers\n|-heal|p1a: Weezing|9\/100|[from] item: Black Sludge\n|upkeep\n|turn|18\n|\n|t:|1700972037\n|move|p1a: Weezing|Pain Split|p2a: Woomy\n|-sethp|p2a: Woomy|33\/100|[from] move: Pain Split|[silent]\n|-sethp|p1a: Weezing|41\/100|[from] move: Pain Split\n|move|p2a: Woomy|Dragon Tail|p1a: Weezing\n|-damage|p1a: Weezing|23\/100\n|\n|-heal|p1a: Weezing|29\/100|[from] item: Black Sludge\n|-heal|p2a: Woomy|39\/100|[from] item: Leftovers\n|-end|p2a: Woomy|move: Taunt\n|upkeep\n|turn|19\n|\n|t:|1700972059\n|move|p1a: Weezing|Pain Split|p2a: Woomy\n|-sethp|p2a: Woomy|31\/100|[from] move: Pain Split|[silent]\n|-sethp|p1a: Weezing|38\/100|[from] move: Pain Split\n|move|p2a: Woomy|Dragon Tail|p1a: Weezing\n|-damage|p1a: Weezing|19\/100\n|\n|-heal|p1a: Weezing|25\/100|[from] item: Black Sludge\n|-heal|p2a: Woomy|37\/100|[from] item: Leftovers\n|upkeep\n|turn|20\n|\n|t:|1700972069\n|move|p1a: Weezing|Pain Split|p2a: Woomy\n|-sethp|p2a: Woomy|28\/100|[from] move: Pain Split|[silent]\n|-sethp|p1a: Weezing|36\/100|[from] move: Pain Split\n|move|p2a: Woomy|Dragon Tail|p1a: Weezing\n|-damage|p1a: Weezing|17\/100\n|\n|-heal|p1a: Weezing|23\/100|[from] item: Black Sludge\n|-heal|p2a: Woomy|34\/100|[from] item: Leftovers\n|upkeep\n|turn|21\n|\n|t:|1700972078\n|move|p1a: Weezing|Pain Split|p2a: Woomy\n|-sethp|p2a: Woomy|26\/100|[from] move: Pain Split|[silent]\n|-sethp|p1a: Weezing|33\/100|[from] move: Pain Split\n|move|p2a: Woomy|Dragon Tail|p1a: Weezing\n|-damage|p1a: Weezing|14\/100\n|\n|-heal|p2a: Woomy|32\/100|[from] item: Leftovers\n|-heal|p1a: Weezing|20\/100|[from] item: Black Sludge\n|upkeep\n|turn|22\n|\n|t:|1700972087\n|move|p1a: Weezing|Protect|p1a: Weezing\n|-singleturn|p1a: Weezing|Protect\n|move|p2a: Woomy|Dragon Tail|p1a: Weezing\n|-activate|p1a: Weezing|move: Protect\n|\n|-heal|p2a: Woomy|38\/100|[from] item: Leftovers\n|-heal|p1a: Weezing|27\/100|[from] item: Black Sludge\n|upkeep\n|turn|23\n|\n|t:|1700972096\n|move|p1a: Weezing|Pain Split|p2a: Woomy\n|-sethp|p2a: Woomy|29\/100|[from] move: Pain Split|[silent]\n|-sethp|p1a: Weezing|37\/100|[from] move: Pain Split\n|move|p2a: Woomy|Draco Meteor|p1a: Weezing|[miss]\n|-miss|p2a: Woomy|p1a: Weezing\n|\n|-heal|p1a: Weezing|43\/100|[from] item: Black Sludge\n|-heal|p2a: Woomy|35\/100|[from] item: Leftovers\n|upkeep\n|turn|24\n|\n|t:|1700972108\n|move|p1a: Weezing|Protect|p1a: Weezing\n|-singleturn|p1a: Weezing|Protect\n|move|p2a: Woomy|Dragon Tail|p1a: Weezing\n|-activate|p1a: Weezing|move: Protect\n|\n|-heal|p1a: Weezing|49\/100|[from] item: Black Sludge\n|-heal|p2a: Woomy|41\/100|[from] item: Leftovers\n|upkeep\n|turn|25\n|\n|t:|1700972118\n|move|p1a: Weezing|Taunt|p2a: Woomy|[miss]\n|-miss|p1a: Weezing|p2a: Woomy\n|move|p2a: Woomy|Muddy Water|p1a: Weezing|[miss]\n|-miss|p2a: Woomy|p1a: Weezing\n|\n|-heal|p1a: Weezing|56\/100|[from] item: Black Sludge\n|-heal|p2a: Woomy|47\/100|[from] item: Leftovers\n|upkeep\n|turn|26\n|\n|t:|1700972126\n|move|p1a: Weezing|Protect|p1a: Weezing\n|-singleturn|p1a: Weezing|Protect\n|move|p2a: Woomy|Muddy Water|p1a: Weezing\n|-activate|p1a: Weezing|move: Protect\n|\n|-heal|p2a: Woomy|54\/100|[from] item: Leftovers\n|-heal|p1a: Weezing|62\/100|[from] item: Black Sludge\n|upkeep\n|turn|27\n|\n|t:|1700972135\n|move|p2a: Woomy|Draco Meteor|p1a: Weezing\n|-damage|p1a: Weezing|31\/100\n|-unboost|p2a: Woomy|spa|2\n|move|p1a: Weezing|Taunt|p2a: Woomy\n|-start|p2a: Woomy|move: Taunt\n|\n|-heal|p1a: Weezing|37\/100|[from] item: Black Sludge\n|-heal|p2a: Woomy|60\/100|[from] item: Leftovers\n|upkeep\n|turn|28\n|\n|t:|1700972146\n|move|p1a: Weezing|Pain Split|p2a: Woomy\n|-sethp|p2a: Woomy|44\/100|[from] move: Pain Split|[silent]\n|-sethp|p1a: Weezing|56\/100|[from] move: Pain Split\n|move|p2a: Woomy|Dragon Tail|p1a: Weezing\n|-damage|p1a: Weezing|37\/100\n|\n|-heal|p1a: Weezing|43\/100|[from] item: Black Sludge\n|-heal|p2a: Woomy|50\/100|[from] item: Leftovers\n|upkeep\n|turn|29\n|\n|t:|1700972155\n|move|p1a: Weezing|Protect|p1a: Weezing\n|-singleturn|p1a: Weezing|Protect\n|move|p2a: Woomy|Dragon Tail|p1a: Weezing\n|-activate|p1a: Weezing|move: Protect\n|\n|-heal|p1a: Weezing|49\/100|[from] item: Black Sludge\n|-heal|p2a: Woomy|56\/100|[from] item: Leftovers\n|upkeep\n|turn|30\n|\n|t:|1700972164\n|move|p1a: Weezing|Pain Split|p2a: Woomy\n|-sethp|p2a: Woomy|47\/100|[from] move: Pain Split|[silent]\n|-sethp|p1a: Weezing|60\/100|[from] move: Pain Split\n|move|p2a: Woomy|Muddy Water|p1a: Weezing\n|-damage|p1a: Weezing|49\/100\n|\n|-heal|p1a: Weezing|55\/100|[from] item: Black Sludge\n|-heal|p2a: Woomy|54\/100|[from] item: Leftovers\n|-end|p2a: Woomy|move: Taunt\n|upkeep\n|turn|31\n|\n|t:|1700972180\n|move|p1a: Weezing|Protect|p1a: Weezing\n|-singleturn|p1a: Weezing|Protect\n|move|p2a: Woomy|Muddy Water|p1a: Weezing\n|-activate|p1a: Weezing|move: Protect\n|\n|-heal|p2a: Woomy|60\/100|[from] item: Leftovers\n|-heal|p1a: Weezing|61\/100|[from] item: Black Sludge\n|upkeep\n|turn|32\n|\n|t:|1700972192\n|move|p1a: Weezing|Taunt|p2a: Woomy\n|-start|p2a: Woomy|move: Taunt\n|move|p2a: Woomy|Dragon Tail|p1a: Weezing\n|-damage|p1a: Weezing|43\/100\n|\n|-heal|p2a: Woomy|66\/100|[from] item: Leftovers\n|-heal|p1a: Weezing|49\/100|[from] item: Black Sludge\n|upkeep\n|turn|33\n|\n|t:|1700972202\n|move|p1a: Weezing|Pain Split|p2a: Woomy\n|-sethp|p2a: Woomy|52\/100|[from] move: Pain Split|[silent]\n|-sethp|p1a: Weezing|65\/100|[from] move: Pain Split\n|move|p2a: Woomy|Dragon Tail|p1a: Weezing\n|-damage|p1a: Weezing|46\/100\n|\n|-heal|p2a: Woomy|58\/100|[from] item: Leftovers\n|-heal|p1a: Weezing|52\/100|[from] item: Black Sludge\n|upkeep\n|turn|34\n|\n|t:|1700972211\n|move|p1a: Weezing|Pain Split|p2a: Woomy\n|-sethp|p2a: Woomy|50\/100|[from] move: Pain Split|[silent]\n|-sethp|p1a: Weezing|63\/100|[from] move: Pain Split\n|move|p2a: Woomy|Dragon Tail|p1a: Weezing\n|-damage|p1a: Weezing|45\/100\n|\n|-heal|p2a: Woomy|56\/100|[from] item: Leftovers\n|-heal|p1a: Weezing|52\/100|[from] item: Black Sludge\n|-end|p2a: Woomy|move: Taunt\n|upkeep\n|turn|35\n|c|\u2606salamencetv|Pain hahahaha\n|\n|t:|1700972226\n|move|p1a: Weezing|Protect|p1a: Weezing\n|-singleturn|p1a: Weezing|Protect\n|move|p2a: Woomy|Dragon Tail|p1a: Weezing\n|-activate|p1a: Weezing|move: Protect\n|\n|-heal|p1a: Weezing|58\/100|[from] item: Black Sludge\n|-heal|p2a: Woomy|62\/100|[from] item: Leftovers\n|upkeep\n|turn|36\n|\n|t:|1700972247\n|move|p2a: Woomy|Draco Meteor|p1a: Weezing\n|-damage|p1a: Weezing|35\/100\n|-unboost|p2a: Woomy|spa|2\n|move|p1a: Weezing|Pain Split|p2a: Woomy\n|-sethp|p2a: Woomy|45\/100|[from] move: Pain Split|[silent]\n|-sethp|p1a: Weezing|56\/100|[from] move: Pain Split\n|\n|-heal|p2a: Woomy|51\/100|[from] item: Leftovers\n|-heal|p1a: Weezing|63\/100|[from] item: Black Sludge\n|upkeep\n|turn|37\n|\n|t:|1700972262\n|move|p1a: Weezing|Protect|p1a: Weezing\n|-singleturn|p1a: Weezing|Protect\n|move|p2a: Woomy|Life Dew|p2a: Woomy\n|-heal|p2a: Woomy|76\/100\n|\n|-heal|p2a: Woomy|82\/100|[from] item: Leftovers\n|-heal|p1a: Weezing|69\/100|[from] item: Black Sludge\n|upkeep\n|turn|38\n|c|\u2606steelrevolution337|HP\n|\n|t:|1700972286\n|move|p1a: Weezing|Pain Split|p2a: Woomy\n|-sethp|p2a: Woomy|68\/100|[from] move: Pain Split|[silent]\n|-sethp|p1a: Weezing|86\/100|[from] move: Pain Split\n|move|p2a: Woomy|Draco Meteor|p1a: Weezing\n|-damage|p1a: Weezing|67\/100\n|\n|-heal|p1a: Weezing|74\/100|[from] item: Black Sludge\n|-heal|p2a: Woomy|74\/100|[from] item: Leftovers\n|upkeep\n|turn|39\n|\n|t:|1700972295\n|move|p1a: Weezing|Protect|p1a: Weezing\n|-singleturn|p1a: Weezing|Protect\n|move|p2a: Woomy|Muddy Water|p1a: Weezing\n|-activate|p1a: Weezing|move: Protect\n|\n|-heal|p1a: Weezing|80\/100|[from] item: Black Sludge\n|-heal|p2a: Woomy|80\/100|[from] item: Leftovers\n|upkeep\n|turn|40\n|\n|t:|1700972306\n|move|p2a: Woomy|Muddy Water|p1a: Weezing\n|-damage|p1a: Weezing|72\/100\n|move|p1a: Weezing|Taunt|p2a: Woomy\n|-start|p2a: Woomy|move: Taunt\n|\n|-heal|p1a: Weezing|78\/100|[from] item: Black Sludge\n|-heal|p2a: Woomy|86\/100|[from] item: Leftovers\n|upkeep\n|turn|41\n|\n|t:|1700972315\n|move|p2a: Woomy|Muddy Water|p1a: Weezing\n|-damage|p1a: Weezing|69\/100\n|-unboost|p1a: Weezing|accuracy|1\n|move|p1a: Weezing|Pain Split|p2a: Woomy\n|-sethp|p2a: Woomy|70\/100|[from] move: Pain Split|[silent]\n|-sethp|p1a: Weezing|89\/100|[from] move: Pain Split\n|\n|-heal|p2a: Woomy|76\/100|[from] item: Leftovers\n|-heal|p1a: Weezing|95\/100|[from] item: Black Sludge\n|upkeep\n|turn|42\n|c|\u2606steelrevolution337|dear god why\n|\n|t:|1700972343\n|move|p1a: Weezing|Protect|p1a: Weezing\n|-singleturn|p1a: Weezing|Protect\n|move|p2a: Woomy|Muddy Water|p1a: Weezing\n|-activate|p1a: Weezing|move: Protect\n|\n|-heal|p2a: Woomy|82\/100|[from] item: Leftovers\n|-heal|p1a: Weezing|100\/100|[from] item: Black Sludge\n|upkeep\n|turn|43\n|c|\u2606salamencetv|Struggle time\n|c|\u2606steelrevolution337|its gonna be a while then\n|c|\u2606salamencetv|I have a few pp left\n|\n|t:|1700972376\n|move|p2a: Woomy|Muddy Water|p1a: Weezing\n|-damage|p1a: Weezing|93\/100\n|move|p1a: Weezing|Sludge Bomb|p2a: Woomy\n|-immune|p2a: Woomy\n|\n|-heal|p2a: Woomy|88\/100|[from] item: Leftovers\n|-heal|p1a: Weezing|99\/100|[from] item: Black Sludge\n|-end|p2a: Woomy|move: Taunt\n|upkeep\n|turn|44\n|c|\u2606salamencetv|Its fine\n|\n|t:|1700972388\n|move|p1a: Weezing|Taunt|p2a: Woomy\n|-start|p2a: Woomy|move: Taunt\n|move|p2a: Woomy|Muddy Water|p1a: Weezing|[miss]\n|-miss|p2a: Woomy|p1a: Weezing\n|\n|-heal|p1a: Weezing|100\/100|[from] item: Black Sludge\n|-heal|p2a: Woomy|94\/100|[from] item: Leftovers\n|upkeep\n|turn|45\n|\n|t:|1700972401\n|move|p1a: Weezing|Sludge Bomb|p2a: Woomy\n|-immune|p2a: Woomy\n|move|p2a: Woomy|Dragon Tail|p1a: Weezing\n|-damage|p1a: Weezing|82\/100\n|\n|-heal|p2a: Woomy|100\/100|[from] item: Leftovers\n|-heal|p1a: Weezing|88\/100|[from] item: Black Sludge\n|upkeep\n|turn|46\n|\n|t:|1700972413\n|move|p1a: Weezing|Pain Split|p2a: Woomy\n|-sethp|p2a: Woomy|85\/100|[from] move: Pain Split|[silent]\n|-sethp|p1a: Weezing|100\/100|[from] move: Pain Split\n|move|p2a: Woomy|Dragon Tail|p1a: Weezing\n|-damage|p1a: Weezing|81\/100\n|\n|-heal|p1a: Weezing|87\/100|[from] item: Black Sludge\n|-heal|p2a: Woomy|91\/100|[from] item: Leftovers\n|-end|p2a: Woomy|move: Taunt\n|upkeep\n|turn|47\n|\n|t:|1700972430\n|move|p1a: Weezing|Pain Split|p2a: Woomy\n|-sethp|p2a: Woomy|80\/100|[from] move: Pain Split|[silent]\n|-sethp|p1a: Weezing|100\/100|[from] move: Pain Split\n|move|p2a: Woomy|Dragon Tail|p1a: Weezing\n|-damage|p1a: Weezing|82\/100\n|\n|-heal|p1a: Weezing|88\/100|[from] item: Black Sludge\n|-heal|p2a: Woomy|86\/100|[from] item: Leftovers\n|upkeep\n|turn|48\n|\n|t:|1700972441\n|move|p1a: Weezing|Protect|p1a: Weezing\n|-singleturn|p1a: Weezing|Protect\n|move|p2a: Woomy|Dragon Tail|p1a: Weezing\n|-activate|p1a: Weezing|move: Protect\n|\n|-heal|p2a: Woomy|92\/100|[from] item: Leftovers\n|-heal|p1a: Weezing|94\/100|[from] item: Black Sludge\n|upkeep\n|turn|49\n|c|\u2606steelrevolution337|imagine the woopcast video on this\n|\n|t:|1700972476\n|move|p2a: Woomy|Life Dew|p2a: Woomy\n|-heal|p2a: Woomy|100\/100\n|move|p1a: Weezing|Taunt|p2a: Woomy|[miss]\n|-miss|p1a: Weezing|p2a: Woomy\n|\n|-heal|p1a: Weezing|100\/100|[from] item: Black Sludge\n|upkeep\n|turn|50\n|c|\u2606salamencetv|I wanna hear it lol\n|\n|t:|1700972488\n|move|p2a: Woomy|Life Dew||[still]\n|-fail|p2a: Woomy|heal\n|move|p1a: Weezing|Taunt|p2a: Woomy|[miss]\n|-miss|p1a: Weezing|p2a: Woomy\n|\n|upkeep\n|turn|51\n|\n|t:|1700972494\n|move|p2a: Woomy|Life Dew||[still]\n|-fail|p2a: Woomy|heal\n|move|p1a: Weezing|Taunt|p2a: Woomy|[miss]\n|-miss|p1a: Weezing|p2a: Woomy\n|\n|upkeep\n|turn|52\n|\n|t:|1700972501\n|move|p1a: Weezing|Taunt|p2a: Woomy\n|-start|p2a: Woomy|move: Taunt\n|cant|p2a: Woomy|move: Taunt|Life Dew\n|\n|upkeep\n|turn|53\n|\n|t:|1700972511\n|-activate|p2a: Woomy|move: Struggle\n|move|p2a: Woomy|Struggle|p1a: Weezing\n|-crit|p1a: Weezing\n|-damage|p1a: Weezing|85\/100\n|-damage|p2a: Woomy|75\/100|[from] recoil\n|move|p1a: Weezing|Sludge Bomb|p2a: Woomy\n|-immune|p2a: Woomy\n|\n|-heal|p1a: Weezing|92\/100|[from] item: Black Sludge\n|-heal|p2a: Woomy|81\/100|[from] item: Leftovers\n|upkeep\n|turn|54\n|\n|t:|1700972522\n|move|p1a: Weezing|Sludge Bomb|p2a: Woomy\n|-immune|p2a: Woomy\n|-activate|p2a: Woomy|move: Struggle\n|move|p2a: Woomy|Struggle|p1a: Weezing\n|-crit|p1a: Weezing\n|-damage|p1a: Weezing|75\/100\n|-damage|p2a: Woomy|56\/100|[from] recoil\n|\n|-heal|p1a: Weezing|81\/100|[from] item: Black Sludge\n|-heal|p2a: Woomy|62\/100|[from] item: Leftovers\n|-end|p2a: Woomy|move: Taunt\n|upkeep\n|turn|55\n|c|\u2606salamencetv|When i need3d that DMeteor crit :>\n|\n|t:|1700972540\n|move|p1a: Weezing|Taunt|p2a: Woomy|[miss]\n|-miss|p1a: Weezing|p2a: Woomy\n|move|p2a: Woomy|Life Dew|p2a: Woomy\n|-heal|p2a: Woomy|87\/100\n|\n|-heal|p2a: Woomy|93\/100|[from] item: Leftovers\n|-heal|p1a: Weezing|87\/100|[from] item: Black Sludge\n|upkeep\n|turn|56\n|\n|t:|1700972550\n|move|p2a: Woomy|Life Dew|p2a: Woomy\n|-heal|p2a: Woomy|100\/100\n|move|p1a: Weezing|Pain Split|p2a: Woomy\n|-sethp|p2a: Woomy|85\/100|[from] move: Pain Split|[silent]\n|-sethp|p1a: Weezing|100\/100|[from] move: Pain Split\n|\n|-heal|p2a: Woomy|91\/100|[from] item: Leftovers\n|upkeep\n|turn|57\n|\n|t:|1700972559\n|move|p2a: Woomy|Life Dew|p2a: Woomy\n|-heal|p2a: Woomy|100\/100\n|move|p1a: Weezing|Taunt|p2a: Woomy\n|-start|p2a: Woomy|move: Taunt\n|\n|upkeep\n|turn|58\n|\n|t:|1700972569\n|move|p1a: Weezing|Sludge Bomb|p2a: Woomy\n|-immune|p2a: Woomy\n|-activate|p2a: Woomy|move: Struggle\n|move|p2a: Woomy|Struggle|p1a: Weezing\n|-damage|p1a: Weezing|89\/100\n|-damage|p2a: Woomy|75\/100|[from] recoil\n|\n|-heal|p2a: Woomy|81\/100|[from] item: Leftovers\n|-heal|p1a: Weezing|95\/100|[from] item: Black Sludge\n|upkeep\n|turn|59\n|\n|t:|1700972580\n|move|p1a: Weezing|Sludge Bomb|p2a: Woomy\n|-immune|p2a: Woomy\n|-activate|p2a: Woomy|move: Struggle\n|move|p2a: Woomy|Struggle|p1a: Weezing\n|-damage|p1a: Weezing|84\/100\n|-damage|p2a: Woomy|56\/100|[from] recoil\n|\n|-heal|p1a: Weezing|90\/100|[from] item: Black Sludge\n|-heal|p2a: Woomy|62\/100|[from] item: Leftovers\n|upkeep\n|turn|60\n|\n|t:|1700972591\n|move|p1a: Weezing|Sludge Bomb|p2a: Woomy\n|-immune|p2a: Woomy\n|-activate|p2a: Woomy|move: Struggle\n|move|p2a: Woomy|Struggle|p1a: Weezing\n|-damage|p1a: Weezing|80\/100\n|-damage|p2a: Woomy|37\/100|[from] recoil\n|\n|-heal|p1a: Weezing|86\/100|[from] item: Black Sludge\n|-heal|p2a: Woomy|43\/100|[from] item: Leftovers\n|-end|p2a: Woomy|move: Taunt\n|upkeep\n|turn|61\n|\n|t:|1700972602\n|move|p2a: Woomy|Life Dew|p2a: Woomy\n|-heal|p2a: Woomy|68\/100\n|move|p1a: Weezing|Taunt|p2a: Woomy|[miss]\n|-miss|p1a: Weezing|p2a: Woomy\n|\n|-heal|p1a: Weezing|92\/100|[from] item: Black Sludge\n|-heal|p2a: Woomy|74\/100|[from] item: Leftovers\n|upkeep\n|turn|62\n|\n|t:|1700972612\n|move|p1a: Weezing|Taunt|p2a: Woomy\n|-start|p2a: Woomy|move: Taunt\n|cant|p2a: Woomy|move: Taunt|Life Dew\n|\n|-heal|p1a: Weezing|98\/100|[from] item: Black Sludge\n|-heal|p2a: Woomy|80\/100|[from] item: Leftovers\n|upkeep\n|turn|63\n|\n|t:|1700972621\n|move|p1a: Weezing|Sludge Bomb|p2a: Woomy\n|-immune|p2a: Woomy\n|-activate|p2a: Woomy|move: Struggle\n|move|p2a: Woomy|Struggle|p1a: Weezing\n|-damage|p1a: Weezing|88\/100\n|-damage|p2a: Woomy|55\/100|[from] recoil\n|\n|-heal|p1a: Weezing|94\/100|[from] item: Black Sludge\n|-heal|p2a: Woomy|61\/100|[from] item: Leftovers\n|upkeep\n|turn|64\n|\n|t:|1700972631\n|-activate|p2a: Woomy|move: Struggle\n|move|p2a: Woomy|Struggle|p1a: Weezing\n|-damage|p1a: Weezing|84\/100\n|-damage|p2a: Woomy|36\/100|[from] recoil\n|move|p1a: Weezing|Sludge Bomb|p2a: Woomy\n|-immune|p2a: Woomy\n|\n|-heal|p2a: Woomy|42\/100|[from] item: Leftovers\n|-heal|p1a: Weezing|90\/100|[from] item: Black Sludge\n|-end|p2a: Woomy|move: Taunt\n|upkeep\n|turn|65\n|\n|t:|1700972641\n|move|p1a: Weezing|Taunt|p2a: Woomy|[miss]\n|-miss|p1a: Weezing|p2a: Woomy\n|move|p2a: Woomy|Life Dew|p2a: Woomy\n|-heal|p2a: Woomy|67\/100\n|\n|-heal|p2a: Woomy|73\/100|[from] item: Leftovers\n|-heal|p1a: Weezing|96\/100|[from] item: Black Sludge\n|upkeep\n|turn|66\n|\n|t:|1700972651\n|move|p2a: Woomy|Life Dew|p2a: Woomy\n|-heal|p2a: Woomy|98\/100\n|move|p1a: Weezing|Taunt|p2a: Woomy\n|-start|p2a: Woomy|move: Taunt\n|\n|-heal|p1a: Weezing|100\/100|[from] item: Black Sludge\n|-heal|p2a: Woomy|100\/100|[from] item: Leftovers\n|upkeep\n|turn|67\n|\n|t:|1700972661\n|move|p1a: Weezing|Sludge Bomb|p2a: Woomy\n|-immune|p2a: Woomy\n|-activate|p2a: Woomy|move: Struggle\n|move|p2a: Woomy|Struggle|p1a: Weezing\n|-damage|p1a: Weezing|89\/100\n|-damage|p2a: Woomy|75\/100|[from] recoil\n|\n|-heal|p2a: Woomy|81\/100|[from] item: Leftovers\n|-heal|p1a: Weezing|96\/100|[from] item: Black Sludge\n|upkeep\n|turn|68\n|\n|t:|1700972676\n|move|p1a: Weezing|Taunt|p2a: Woomy|[miss]\n|-miss|p1a: Weezing|p2a: Woomy\n|-activate|p2a: Woomy|move: Struggle\n|move|p2a: Woomy|Struggle|p1a: Weezing\n|-damage|p1a: Weezing|85\/100\n|-damage|p2a: Woomy|56\/100|[from] recoil\n|\n|-heal|p2a: Woomy|62\/100|[from] item: Leftovers\n|-heal|p1a: Weezing|92\/100|[from] item: Black Sludge\n|upkeep\n|turn|69\n|\n|t:|1700972694\n|move|p1a: Weezing|Taunt|p2a: Woomy|[miss]\n|-miss|p1a: Weezing|p2a: Woomy\n|-activate|p2a: Woomy|move: Struggle\n|move|p2a: Woomy|Struggle|p1a: Weezing\n|-damage|p1a: Weezing|81\/100\n|-damage|p2a: Woomy|37\/100|[from] recoil\n|\n|-heal|p1a: Weezing|87\/100|[from] item: Black Sludge\n|-heal|p2a: Woomy|43\/100|[from] item: Leftovers\n|-end|p2a: Woomy|move: Taunt\n|upkeep\n|turn|70\n|\n|t:|1700972705\n|move|p2a: Woomy|Life Dew|p2a: Woomy\n|-heal|p2a: Woomy|68\/100\n|move|p1a: Weezing|Taunt|p2a: Woomy\n|-start|p2a: Woomy|move: Taunt\n|\n|-heal|p1a: Weezing|94\/100|[from] item: Black Sludge\n|-heal|p2a: Woomy|74\/100|[from] item: Leftovers\n|upkeep\n|turn|71\n|\n|t:|1700972716\n|-activate|p2a: Woomy|move: Struggle\n|move|p2a: Woomy|Struggle|p1a: Weezing\n|-damage|p1a: Weezing|82\/100\n|-damage|p2a: Woomy|49\/100|[from] recoil\n|move|p1a: Weezing|Taunt||[still]\n|-fail|p1a: Weezing\n|\n|-heal|p1a: Weezing|88\/100|[from] item: Black Sludge\n|-heal|p2a: Woomy|55\/100|[from] item: Leftovers\n|upkeep\n|turn|72\n|\n|t:|1700972726\n|move|p1a: Weezing|Taunt|p2a: Woomy|[miss]\n|-miss|p1a: Weezing|p2a: Woomy\n|-activate|p2a: Woomy|move: Struggle\n|move|p2a: Woomy|Struggle|p1a: Weezing\n|-damage|p1a: Weezing|78\/100\n|-damage|p2a: Woomy|30\/100|[from] recoil\n|\n|-heal|p1a: Weezing|85\/100|[from] item: Black Sludge\n|-heal|p2a: Woomy|36\/100|[from] item: Leftovers\n|upkeep\n|turn|73\n|\n|t:|1700972737\n|move|p1a: Weezing|Taunt|p2a: Woomy|[miss]\n|-miss|p1a: Weezing|p2a: Woomy\n|-activate|p2a: Woomy|move: Struggle\n|move|p2a: Woomy|Struggle|p1a: Weezing\n|-damage|p1a: Weezing|75\/100\n|-damage|p2a: Woomy|11\/100|[from] recoil\n|\n|-heal|p1a: Weezing|81\/100|[from] item: Black Sludge\n|-heal|p2a: Woomy|17\/100|[from] item: Leftovers\n|-end|p2a: Woomy|move: Taunt\n|upkeep\n|turn|74\n|\n|t:|1700972748\n|move|p2a: Woomy|Life Dew|p2a: Woomy\n|-heal|p2a: Woomy|42\/100\n|move|p1a: Weezing|Taunt|p2a: Woomy\n|-start|p2a: Woomy|move: Taunt\n|\n|-heal|p1a: Weezing|87\/100|[from] item: Black Sludge\n|-heal|p2a: Woomy|48\/100|[from] item: Leftovers\n|upkeep\n|turn|75\n|\n|t:|1700972759\n|move|p1a: Weezing|Taunt||[still]\n|-fail|p1a: Weezing\n|-activate|p2a: Woomy|move: Struggle\n|move|p2a: Woomy|Struggle|p1a: Weezing\n|-damage|p1a: Weezing|78\/100\n|-damage|p2a: Woomy|23\/100|[from] recoil\n|\n|-heal|p1a: Weezing|84\/100|[from] item: Black Sludge\n|-heal|p2a: Woomy|29\/100|[from] item: Leftovers\n|upkeep\n|turn|76\n|c|\u2606salamencetv|Finally lol\n|\n|t:|1700972770\n|move|p1a: Weezing|Taunt|p2a: Woomy|[miss]\n|-miss|p1a: Weezing|p2a: Woomy\n|-activate|p2a: Woomy|move: Struggle\n|move|p2a: Woomy|Struggle|p1a: Weezing\n|-damage|p1a: Weezing|73\/100\n|-damage|p2a: Woomy|4\/100|[from] recoil\n|\n|-heal|p1a: Weezing|79\/100|[from] item: Black Sludge\n|-heal|p2a: Woomy|10\/100|[from] item: Leftovers\n|upkeep\n|turn|77\n|c|\u2606steelrevolution337|one more\n|\n|t:|1700972786\n|-activate|p2a: Woomy|move: Struggle\n|move|p2a: Woomy|Struggle|p1a: Weezing\n|-damage|p1a: Weezing|69\/100\n|-damage|p2a: Woomy|0 fnt|[from] recoil\n|faint|p2a: Woomy\n|\n|win|steelrevolution337\n","uploadtime":1700972790,"views":48,"p1id":"steelrevolution337","p2id":"salamencetv","formatid":"gen9vgc2023regulatione","rating":0,"private":0,"password":""}