{"id":"gen9vgc2023regulatione-1999235300","p1":"matthewssandslash","p2":"Umbrian","format":"[Gen 9] VGC 2023 Regulation E","log":"|j|\u2606matthewssandslash\n|j|\u2606Umbrian\n|n|\u2606matthewssandslash|matthewssandslash\n|n|\u2606Umbrian|umbrian\n|html|View the match progress at <a href=\"\/game-bestof3-gen9vgc2023regulatione-1999231176\">game-bestof3-gen9vgc2023regulatione-1999231176<\/a>\n|t:|1701048921\n|gametype|doubles\n|player|p1|matthewssandslash|265|\n|player|p2|Umbrian|adaman|\n|teamsize|p1|6\n|teamsize|p2|6\n|gen|9\n|tier|[Gen 9] VGC 2023 Regulation E\n|rule|Species Clause: Limit one of each Pok\u00e9mon\n|rule|Item Clause: Limit one of each item\n|clearpoke\n|poke|p1|Sliggoo-Hisui, L50, M|\n|poke|p1|Spinarak, L50, F|\n|poke|p1|Ribombee, L50, M|\n|poke|p1|Toxicroak, L50, M|\n|poke|p1|Mabosstiff, L50, M|\n|poke|p1|Piloswine, L50, M|\n|poke|p2|Weezing-Galar, L50, M|\n|poke|p2|Grafaiai, L50, F|\n|poke|p2|Flareon, L50, F|\n|poke|p2|Golem, L50, F|\n|poke|p2|Squawkabilly-Blue, L50, F|\n|poke|p2|Weavile, L50, M|\n|teampreview|4\n|c|\u2606matthewssandslash|glhf\n|j| Memes4.0\n|c|\u2606matthewssandslash|that's why we pick niche abilities like poison touch\n|\n|t:|1701049101\n|start\n|switch|p1a: Has|Ribombee, L50, M|100\/100\n|switch|p1b: Whoa|Sliggoo-Hisui, L50, M|100\/100\n|switch|p2a: Mateo|Squawkabilly-Blue, L50, F|100\/100\n|switch|p2b: Matt|Golem, L50, F|100\/100\n|-ability|p2a: Mateo|Intimidate|boost\n|-unboost|p1a: Has|atk|1\n|-unboost|p1b: Whoa|atk|1\n|turn|1\n|\n|t:|1701049136\n|switch|p2b: Matteo|Flareon, L50, F|100\/100\n|move|p1a: Has|U-turn|p2a: Mateo\n|-resisted|p2a: Mateo\n|-damage|p2a: Mateo|94\/100\n|\n|t:|1701049141\n|switch|p1a: With The|Mabosstiff, L50, M|100\/100|[from] U-turn\n|-ability|p1a: With The|Intimidate|boost\n|-unboost|p2a: Mateo|atk|1\n|-unboost|p2b: Matteo|atk|1\n|move|p2a: Mateo|Tailwind|p2a: Mateo\n|-sidestart|p2: Umbrian|move: Tailwind\n|move|p1b: Whoa|Gyro Ball|p2a: Mateo\n|-damage|p2a: Mateo|0 fnt\n|faint|p2a: Mateo\n|\n|upkeep\n|\n|t:|1701049152\n|switch|p2a: Matt|Golem, L50, F|100\/100\n|turn|2\n|c|\u2606Umbrian|sorry im trying to find the universe in which sligoo at -1 does that much damage\n|c|\u2606matthewssandslash|tailwind\n|c|\u2606matthewssandslash|tailwind doubles your speed\n|c|\u2606Umbrian|ty\n|c|\u2606matthewssandslash|I had to investigate as well\n|c| Memes4.0|All speed modifiers affect gyro ball yes\n|\n|t:|1701049384\n|move|p2b: Matteo|Heat Wave|p1b: Whoa|[spread] p1a,p1b\n|-damage|p1a: With The|62\/100\n|-damage|p1b: Whoa|71\/100\n|move|p1a: With The|Crunch|p2b: Matteo\n|-damage|p2b: Matteo|21\/100\n|move|p2a: Matt|Body Press|p1a: With The\n|-supereffective|p1a: With The\n|-damage|p1a: With The|2\/100\n|move|p1b: Whoa|Gyro Ball|p2a: Matt\n|-supereffective|p2a: Matt\n|-damage|p2a: Matt|55\/100\n|-enditem|p2a: Matt|Weakness Policy\n|-boost|p2a: Matt|atk|2|[from] item: Weakness Policy\n|-boost|p2a: Matt|spa|2|[from] item: Weakness Policy\n|-enditem|p1a: With The|Mirror Herb\n|-boost|p1a: With The|atk|2|[from] item: Mirror Herb\n|-boost|p1a: With The|spa|2|[from] item: Mirror Herb\n|\n|upkeep\n|turn|3\n|c|\u2606matthewssandslash|yeah tailwind actually legit modifies speed\n|c|\u2606matthewssandslash|ooh!\n|c|\u2606matthewssandslash|did not expect policy\n|c|\u2606matthewssandslash|good to know\n|\n|t:|1701049452\n|move|p1a: With The|Protect|p1a: With The\n|-singleturn|p1a: With The|Protect\n|move|p2b: Matteo|Heat Wave|p1b: Whoa|[spread] p1b\n|-activate|p1a: With The|move: Protect\n|-damage|p1b: Whoa|45\/100\n|move|p2a: Matt|High Horsepower|p1b: Whoa\n|-supereffective|p1b: Whoa\n|-damage|p1b: Whoa|0 fnt\n|faint|p1b: Whoa\n|\n|upkeep\n|\n|t:|1701049469\n|switch|p1b: Has|Ribombee, L50, M|100\/100\n|turn|4\n|\n|t:|1701049571\n|-terastallize|p1b: Has|Ghost\n|move|p1a: With The|Protect|p1a: With The\n|-singleturn|p1a: With The|Protect\n|move|p1b: Has|Moonblast|p2a: Matt\n|-damage|p2a: Matt|0 fnt\n|faint|p2a: Matt\n|move|p2b: Matteo|Heat Wave|p1b: Has|[spread] p1b\n|-activate|p1a: With The|move: Protect\n|-damage|p1b: Has|59\/100\n|\n|-sideend|p2: Umbrian|move: Tailwind\n|upkeep\n|\n|t:|1701049577\n|switch|p2a: Don Mateo|Weezing-Galar, L50, M|100\/100\n|-ability|p2a: Don Mateo|Neutralizing Gas\n|turn|5\n|c|\u2606matthewssandslash|oh my stars\n|c|\u2606matthewssandslash|forgive me\n|\n|t:|1701049607\n|switch|p1b: Snap|Piloswine, L50, M|100\/100\n|-terastallize|p2a: Don Mateo|Dark\n|move|p2b: Matteo|Detect|p2b: Matteo\n|-singleturn|p2b: Matteo|Protect\n|move|p1a: With The|Psychic Fangs|p2b: Matteo\n|-activate|p2b: Matteo|move: Protect\n|move|p2a: Don Mateo|Sludge Bomb|p1a: With The\n|-damage|p1a: With The|0 fnt\n|faint|p1a: With The\n|\n|upkeep\n|\n|t:|1701049618\n|switch|p1a: Has|Ribombee, L50, M, tera:Ghost|59\/100\n|turn|6\n|\n|t:|1701049634\n|move|p1b: Snap|Ice Shard|p2b: Matteo\n|-resisted|p2b: Matteo\n|-damage|p2b: Matteo|3\/100\n|move|p1a: Has|Moonblast|p2b: Matteo\n|-resisted|p2b: Matteo\n|-damage|p2b: Matteo|0 fnt\n|faint|p2b: Matteo\n|move|p2a: Don Mateo|Strange Steam|p1a: Has\n|-damage|p1a: Has|19\/100\n|\n|upkeep\n|turn|7\n|\n|t:|1701049646\n|move|p1a: Has|Moonblast|p2a: Don Mateo\n|-supereffective|p2a: Don Mateo\n|-damage|p2a: Don Mateo|17\/100\n|move|p2a: Don Mateo|Will-O-Wisp|p1b: Snap|[miss]\n|-miss|p2a: Don Mateo|p1b: Snap\n|move|p1b: Snap|High Horsepower|p2a: Don Mateo\n|-damage|p2a: Don Mateo|0 fnt\n|faint|p2a: Don Mateo\n|-end|p2a: Don Mateo|ability: Neutralizing Gas\n|\n|win|matthewssandslash\n|c|\u2606matthewssandslash|gg!\n|c|\u2606Umbrian|gg\n|c|\u2606matthewssandslash|g3?\n|c|\u2606Umbrian|sure\n|l|\u2606matthewssandslash\n|l| Memes4.0\n|j|\u2606matthewssandslash\n|player|p1|matthewssandslash|265\n|j| Memes4.0\n|l| Memes4.0\n|j| Memes4.0\n|l| Memes4.0\n","uploadtime":1701049655,"views":45,"p1id":"matthewssandslash","p2id":"umbrian","formatid":"gen9vgc2023regulatione","rating":0,"private":0,"password":""}