{"id":"gen9vgc2023regulatione-1995594085","p1":"ulomomu","p2":"cbninjask4uber","format":"[Gen 9] VGC 2023 Regulation E","log":"|j|\u2606ulomomu\n|j|\u2606cbninjask4uber\n|t:|1700585844\n|gametype|doubles\n|player|p1|ulomomu|juggler|1245\n|player|p2|cbninjask4uber|102|1160\n|teamsize|p1|6\n|teamsize|p2|6\n|gen|9\n|tier|[Gen 9] VGC 2023 Regulation E\n|rated|\n|rule|Species Clause: Limit one of each Pok\u00e9mon\n|rule|Item Clause: Limit one of each item\n|clearpoke\n|poke|p1|Annihilape, L50, F|\n|poke|p1|Sinistcha, L50|\n|poke|p1|Sableye, L50, M|\n|poke|p1|Landorus, L50, M|\n|poke|p1|Arcanine-Hisui, L50, F|\n|poke|p1|Iron Bundle, L50|\n|poke|p2|Baxcalibur, L50, F|\n|poke|p2|Ninetales-Alola, L50, F|\n|poke|p2|Heatran, L50, M|\n|poke|p2|Ogerpon-Wellspring, L50, F|\n|poke|p2|Landorus-Therian, L50, M|\n|poke|p2|Iron Hands, L50|\n|teampreview|4\n|inactive|Battle timer is ON: inactive players will automatically lose when time's up. (requested by ulomomu)\ncbninjask4uber has agreed to open team sheets.\nulomomu rejected open team sheets.\n|inactive|ulomomu has 60 seconds left.\n|inactive|cbninjask4uber has 60 seconds left.\n|\n|t:|1700585902\n|start\n|switch|p1a: Sableye|Sableye, L50, M|100\/100\n|switch|p1b: Annihilape|Annihilape, L50, F|100\/100\n|switch|p2a: Ninetales|Ninetales-Alola, L50, F|100\/100\n|switch|p2b: Ogerpon|Ogerpon-Wellspring, L50, F|100\/100\n|-weather|Snow|[from] ability: Snow Warning|[of] p2a: Ninetales\n|turn|1\n|inactive|cbninjask4uber has 30 seconds left.\n|inactive|cbninjask4uber has 20 seconds left.\n|inactive|cbninjask4uber has 15 seconds left.\n|\n|t:|1700585942\n|move|p1a: Sableye|Will-O-Wisp|p2b: Ogerpon\n|-status|p2b: Ogerpon|brn\n|move|p2a: Ninetales|Aurora Veil|p2a: Ninetales\n|-sidestart|p2: cbninjask4uber|move: Aurora Veil\n|move|p2b: Ogerpon|Horn Leech|p1a: Sableye\n|-damage|p1a: Sableye|68\/100\n|move|p1b: Annihilape|Bulk Up|p1b: Annihilape\n|-boost|p1b: Annihilape|atk|1\n|-boost|p1b: Annihilape|def|1\n|\n|-weather|Snow|[upkeep]\n|-damage|p2b: Ogerpon|94\/100 brn|[from] brn\n|upkeep\n|turn|2\n|inactive|ulomomu has 30 seconds left.\n|\n|t:|1700585977\n|move|p2b: Ogerpon|Follow Me|p2b: Ogerpon\n|-singleturn|p2b: Ogerpon|move: Follow Me\n|move|p1a: Sableye|Encore|p2b: Ogerpon\n|-start|p2b: Ogerpon|Encore\n|move|p2a: Ninetales|Moonblast|p1b: Annihilape\n|-supereffective|p1b: Annihilape\n|-damage|p1b: Annihilape|60\/100\n|-enditem|p1b: Annihilape|Weakness Policy\n|-boost|p1b: Annihilape|atk|2|[from] item: Weakness Policy\n|-boost|p1b: Annihilape|spa|2|[from] item: Weakness Policy\n|move|p1b: Annihilape|Drain Punch|p2b: Ogerpon\n|-damage|p2b: Ogerpon|26\/100 brn\n|-heal|p1b: Annihilape|89\/100|[from] drain|[of] p2b: Ogerpon\n|\n|-weather|Snow|[upkeep]\n|-damage|p2b: Ogerpon|20\/100 brn|[from] brn\n|upkeep\n|turn|3\n|inactive|ulomomu has 30 seconds left.\n|inactive|cbninjask4uber has 30 seconds left.\n|inactive|ulomomu has 20 seconds left.\n|inactive|cbninjask4uber has 20 seconds left.\n|\n|t:|1700586015\n|move|p2b: Ogerpon|Follow Me|p2b: Ogerpon\n|-singleturn|p2b: Ogerpon|move: Follow Me\n|move|p1a: Sableye|Light Screen|p1a: Sableye\n|-sidestart|p1: ulomomu|move: Light Screen\n|move|p2a: Ninetales|Moonblast|p1b: Annihilape\n|-supereffective|p1b: Annihilape\n|-damage|p1b: Annihilape|60\/100\n|move|p1b: Annihilape|Drain Punch|p2b: Ogerpon\n|-damage|p2b: Ogerpon|0 fnt\n|-heal|p1b: Annihilape|68\/100|[from] drain|[of] p2b: Ogerpon\n|faint|p2b: Ogerpon\n|\n|-weather|Snow|[upkeep]\n|upkeep\n|\n|t:|1700586025\n|switch|p2b: Landorus|Landorus-Therian, L50, M|100\/100\n|-ability|p2b: Landorus|Intimidate|boost\n|-unboost|p1a: Sableye|atk|1\n|-unboost|p1b: Annihilape|atk|1\n|-ability|p1b: Annihilape|Defiant|boost\n|-boost|p1b: Annihilape|atk|2\n|turn|4\n|\n|t:|1700586045\n|switch|p2b: Heatran|Heatran, L50, M|100\/100\n|-terastallize|p1b: Annihilape|Fire\n|move|p1a: Sableye|Will-O-Wisp|p2b: Heatran\n|-start|p2b: Heatran|ability: Flash Fire\n|move|p2a: Ninetales|Moonblast|p1b: Annihilape\n|-resisted|p1b: Annihilape\n|-damage|p1b: Annihilape|61\/100\n|-unboost|p1b: Annihilape|spa|1\n|-ability|p1b: Annihilape|Defiant|boost\n|-boost|p1b: Annihilape|atk|2\n|move|p1b: Annihilape|Drain Punch|p2a: Ninetales\n|-damage|p2a: Ninetales|36\/100\n|-heal|p1b: Annihilape|88\/100|[from] drain|[of] p2a: Ninetales\n|\n|-weather|Snow|[upkeep]\n|upkeep\n|turn|5\n|inactive|ulomomu has 30 seconds left.\n|inactive|cbninjask4uber has 30 seconds left.\n|inactive|cbninjask4uber has 20 seconds left.\n|inactive|ulomomu has 20 seconds left.\n|inactive|cbninjask4uber has 15 seconds left.\n|inactive|ulomomu has 15 seconds left.\n|inactive|ulomomu has 10 seconds left.\n|\n|t:|1700586098\n|switch|p1a: Iron Bundle|Iron Bundle, L50|100\/100\n|-enditem|p1a: Iron Bundle|Booster Energy\n|-activate|p1a: Iron Bundle|ability: Quark Drive|[fromitem]\n|-start|p1a: Iron Bundle|quarkdrivespe\n|-terastallize|p2b: Heatran|Grass\n|move|p1b: Annihilape|Protect|p1b: Annihilape\n|-singleturn|p1b: Annihilape|Protect\n|move|p2a: Ninetales|Icy Wind|p1a: Iron Bundle|[spread] p1a\n|-activate|p1b: Annihilape|move: Protect\n|-resisted|p1a: Iron Bundle\n|-damage|p1a: Iron Bundle|97\/100\n|-unboost|p1a: Iron Bundle|spe|1\n|move|p2b: Heatran|Earth Power|p1b: Annihilape\n|-activate|p1b: Annihilape|move: Protect\n|\n|-weather|none\n|upkeep\n|turn|6\n|inactive|ulomomu has 30 seconds left.\n|\n|t:|1700586133\n|move|p2b: Heatran|Protect|p2b: Heatran\n|-singleturn|p2b: Heatran|Protect\n|move|p1a: Iron Bundle|Freeze-Dry|p2b: Heatran\n|-activate|p2b: Heatran|move: Protect\n|move|p2a: Ninetales|Icy Wind|p1b: Annihilape|[spread] p1a,p1b\n|-resisted|p1a: Iron Bundle\n|-resisted|p1b: Annihilape\n|-damage|p1a: Iron Bundle|94\/100\n|-damage|p1b: Annihilape|86\/100\n|-unboost|p1a: Iron Bundle|spe|1\n|-unboost|p1b: Annihilape|spe|1\n|-boost|p1b: Annihilape|atk|0\n|move|p1b: Annihilape|Drain Punch|p2b: Heatran\n|-activate|p2b: Heatran|move: Protect\n|\n|upkeep\n|turn|7\n|\n|t:|1700586155\n|move|p2a: Ninetales|Icy Wind|p1b: Annihilape|[spread] p1a,p1b\n|-resisted|p1a: Iron Bundle\n|-crit|p1a: Iron Bundle\n|-resisted|p1b: Annihilape\n|-damage|p1a: Iron Bundle|88\/100\n|-damage|p1b: Annihilape|83\/100\n|-unboost|p1a: Iron Bundle|spe|1\n|-unboost|p1b: Annihilape|spe|1\n|-boost|p1b: Annihilape|atk|0\n|move|p2b: Heatran|Earth Power|p1b: Annihilape\n|-supereffective|p1b: Annihilape\n|-damage|p1b: Annihilape|50\/100\n|move|p1a: Iron Bundle|Freeze-Dry|p2b: Heatran\n|-supereffective|p2b: Heatran\n|-damage|p2b: Heatran|59\/100\n|move|p1b: Annihilape|Drain Punch|p2b: Heatran\n|-damage|p2b: Heatran|0 fnt\n|-heal|p1b: Annihilape|77\/100|[from] drain|[of] p2b: Heatran\n|faint|p2b: Heatran\n|\n|-sideend|p1: ulomomu|move: Light Screen\n|upkeep\n|\n|t:|1700586174\n|switch|p2b: Landorus|Landorus-Therian, L50, M|100\/100\n|-ability|p2b: Landorus|Intimidate|boost\n|-unboost|p1a: Iron Bundle|atk|1\n|-unboost|p1b: Annihilape|atk|1\n|-ability|p1b: Annihilape|Defiant|boost\n|-boost|p1b: Annihilape|atk|1\n|turn|8\n|\n|t:|1700586189\n|-end|p1a: Iron Bundle|Quark Drive|[silent]\n|switch|p1a: Sinistcha|Sinistcha, L50|100\/100\n|-heal|p1b: Annihilape|100\/100|[from] ability: Hospitality|[of] p1a: Sinistcha\n|move|p1b: Annihilape|Protect|p1b: Annihilape\n|-singleturn|p1b: Annihilape|Protect\n|move|p2b: Landorus|Rock Slide|p1a: Sinistcha|[spread] p1a\n|-activate|p1b: Annihilape|move: Protect\n|-damage|p1a: Sinistcha|81\/100\n|move|p2a: Ninetales|Moonblast|p1a: Sinistcha\n|-damage|p1a: Sinistcha|53\/100\n|-unboost|p1a: Sinistcha|spa|1\n|\n|-sideend|p2: cbninjask4uber|move: Aurora Veil\n|upkeep\n|turn|9\n|\n|t:|1700586210\n|move|p1a: Sinistcha|Rage Powder|p1a: Sinistcha\n|-singleturn|p1a: Sinistcha|move: Rage Powder\n|move|p2b: Landorus|Rock Slide|p1a: Sinistcha|[spread] p1b\n|-miss|p2b: Landorus|p1a: Sinistcha\n|-supereffective|p1b: Annihilape\n|-damage|p1b: Annihilape|73\/100\n|move|p2a: Ninetales|Icy Wind|p1b: Annihilape|[spread] p1a,p1b\n|-supereffective|p1a: Sinistcha\n|-resisted|p1b: Annihilape\n|-damage|p1a: Sinistcha|29\/100\n|-damage|p1b: Annihilape|68\/100\n|-unboost|p1a: Sinistcha|spe|1\n|-unboost|p1b: Annihilape|spe|1\n|-boost|p1b: Annihilape|atk|0\n|cant|p1b: Annihilape|flinch\n|\n|upkeep\n|turn|10\n|\n|t:|1700586228\n|switch|p1a: Sableye|Sableye, L50, M|68\/100\n|move|p1b: Annihilape|Protect|p1b: Annihilape\n|-singleturn|p1b: Annihilape|Protect\n|move|p2b: Landorus|Rock Slide|p1a: Sableye|[spread] \n|-activate|p1b: Annihilape|move: Protect\n|-miss|p2b: Landorus|p1a: Sableye\n|move|p2a: Ninetales|Icy Wind|p1b: Annihilape|[spread] p1a\n|-activate|p1b: Annihilape|move: Protect\n|-damage|p1a: Sableye|54\/100\n|-unboost|p1a: Sableye|spe|1\n|\n|upkeep\n|turn|11\n|\n|t:|1700586250\n|move|p1a: Sableye|Will-O-Wisp|p2b: Landorus\n|-status|p2b: Landorus|brn\n|move|p2b: Landorus|Rock Slide|p1a: Sableye|[spread] p1a,p1b\n|-supereffective|p1b: Annihilape\n|-damage|p1a: Sableye|38\/100\n|-damage|p1b: Annihilape|56\/100\n|move|p2a: Ninetales|Moonblast|p1a: Sableye\n|-supereffective|p1a: Sableye\n|-damage|p1a: Sableye|0 fnt\n|faint|p1a: Sableye\n|move|p1b: Annihilape|Rage Fist|p2a: Ninetales\n|-damage|p2a: Ninetales|0 fnt\n|faint|p2a: Ninetales\n|\n|-damage|p2b: Landorus|94\/100 brn|[from] brn\n|upkeep\n|\n|t:|1700586270\n|switch|p1a: Sinistcha|Sinistcha, L50|29\/100\n|-heal|p1b: Annihilape|81\/100|[from] ability: Hospitality|[of] p1a: Sinistcha\n|turn|12\n|\n|t:|1700586282\n|move|p2b: Landorus|Rock Slide|p1b: Annihilape|[spread] p1a,p1b\n|-supereffective|p1b: Annihilape\n|-damage|p1a: Sinistcha|20\/100\n|-damage|p1b: Annihilape|67\/100\n|move|p1a: Sinistcha|Life Dew|p1a: Sinistcha|[spread] p1a,p1b\n|-heal|p1a: Sinistcha|46\/100\n|-heal|p1b: Annihilape|92\/100\n|move|p1b: Annihilape|Rage Fist|p2b: Landorus\n|-damage|p2b: Landorus|0 fnt\n|faint|p2b: Landorus\n|\n|win|ulomomu\n|raw|ulomomu's rating: 1245 &rarr; <strong>1264<\/strong><br \/>(+19 for winning)\n|raw|cbninjask4uber's rating: 1160 &rarr; <strong>1141<\/strong><br \/>(-19 for losing)\n","uploadtime":1700586294,"views":9,"p1id":"ulomomu","p2id":"cbninjask4uber","formatid":"gen9vgc2023regulatione","rating":1141,"private":0,"password":""}