{"id":"gen9vgc2023regulatione-1995937418","p1":"Natrox1998","p2":"Ganjux","format":"[Gen 9] VGC 2023 Regulation E","log":"|j|\u2606Natrox1998\n|j|\u2606Ganjux\n|t:|1700619514\n|gametype|doubles\n|player|p1|Natrox1998|2|\n|player|p2|Ganjux|1|\n|teamsize|p1|6\n|teamsize|p2|6\n|gen|9\n|tier|[Gen 9] VGC 2023 Regulation E\n|rule|Species Clause: Limit one of each Pok\u00e9mon\n|rule|Item Clause: Limit one of each item\n|clearpoke\n|poke|p1|Armarouge, L50, F|\n|poke|p1|Iron Hands, L50|\n|poke|p1|Indeedee-F, L50, F|\n|poke|p1|Ursaluna-Bloodmoon, L50, M|\n|poke|p1|Enamorus-Therian, L50, F|\n|poke|p1|Ogerpon-Wellspring, L50, F|\n|poke|p2|Goodra-Hisui, L50, M|\n|poke|p2|Scream Tail, L50|\n|poke|p2|Grimmsnarl, L50, M|\n|poke|p2|Kingambit, L50, F|\n|poke|p2|Ogerpon-Wellspring, L50, F|\n|poke|p2|Amoonguss, L50, M|\n|teampreview|4\nGanjux has agreed to open team sheets.\nNatrox1998 has agreed to open team sheets.\n|showteam|p1|Armarouge||LifeOrb|FlashFire|ExpandingForce,HeatWave,TrickRoom,AuraSphere|||F|||50|,,,,,Grass]Iron Hands||AssaultVest|QuarkDrive|FakeOut,DrainPunch,WildCharge,HeavySlam||||||50|,,,,,Water]Indeedee-F||RockyHelmet|PsychicSurge|HelpingHand,FollowMe,TrickRoom,Psychic|||F|||50|,,,,,Dark]Ursaluna-Bloodmoon||ThroatSpray|MindsEye|BloodMoon,HyperVoice,EarthPower,Protect|||M|||50|,,,,,Normal]Enamorus-Therian||PixiePlate|Overcoat|DazzlingGleam,EarthPower,Tailwind,Protect|||F|||50|,,,,,Fairy]Ogerpon-Wellspring||WellspringMask|WaterAbsorb|HornLeech,IvyCudgel,SwordsDance,SpikyShield|||F|||50|,,,,,Water\n|showteam|p2|Goodra-Hisui||Leftovers|SapSipper|Shelter,BodyPress,HeavySlam,Protect|||M|||50|,,,,,Water]Scream Tail||BoosterEnergy|Protosynthesis|Howl,Disable,PsychicFangs,Encore||||||50|,,,,,Steel]Grimmsnarl||LightClay|Prankster|MistyTerrain,Reflect,LightScreen,FoulPlay|||M|||50|,,,,,Ghost]Kingambit||BlackGlasses|Defiant|Protect,SuckerPunch,KowtowCleave,SwordsDance|||F|||50|,,,,,Fairy]Ogerpon-Wellspring||WellspringMask|WaterAbsorb|SpikyShield,IvyCudgel,SwordsDance,HornLeech|||F|||50|,,,,,Water]Amoonguss||RockyHelmet|Regenerator|ClearSmog,PollenPuff,Spore,RagePowder|||M|||50|,,,,,Water\n|inactive|Battle timer is ON: inactive players will automatically lose when time's up. (requested by Ganjux)\n|inactive|Natrox1998 has 60 seconds left.\n|\n|t:|1700619613\n|start\n|switch|p1a: Iron Hands|Iron Hands, L50|100\/100\n|switch|p1b: Enamorus|Enamorus-Therian, L50, F|100\/100\n|switch|p2a: Ogerpon|Ogerpon-Wellspring, L50, F|100\/100\n|switch|p2b: Grimmsnarl|Grimmsnarl, L50, M|100\/100\n|turn|1\n|\n|t:|1700619635\n|-terastallize|p1b: Enamorus|Fairy\n|move|p2a: Ogerpon|Spiky Shield|p2a: Ogerpon\n|-singleturn|p2a: Ogerpon|move: Protect\n|move|p1a: Iron Hands|Fake Out|p2b: Grimmsnarl\n|-damage|p2b: Grimmsnarl|88\/100\n|cant|p2b: Grimmsnarl|flinch\n|move|p1b: Enamorus|Dazzling Gleam|p2b: Grimmsnarl|[spread] p2b\n|-activate|p2a: Ogerpon|move: Protect\n|-supereffective|p2b: Grimmsnarl\n|-damage|p2b: Grimmsnarl|0 fnt\n|faint|p2b: Grimmsnarl\n|\n|upkeep\n|\n|t:|1700619648\n|switch|p2b: Amoonguss|Amoonguss, L50, M|100\/100\n|turn|2\n|inactive|Natrox1998 has 30 seconds left.\n|inactive|Natrox1998 has 20 seconds left.\n|inactive|Natrox1998 has 15 seconds left.\n|inactive|Natrox1998 has 10 seconds left.\n|inactive|Natrox1998 has 5 seconds left.\n|\n|t:|1700619699\n|-terastallize|p2a: Ogerpon|Water\n|detailschange|p2a: Ogerpon|Ogerpon-Wellspring-Tera, L50, F, tera:Water\n|-ability|p2a: Ogerpon|Embody Aspect (Wellspring)|boost\n|-boost|p2a: Ogerpon|spd|1\n|move|p2b: Amoonguss|Rage Powder|p2b: Amoonguss\n|-singleturn|p2b: Amoonguss|move: Rage Powder\n|move|p2a: Ogerpon|Swords Dance|p2a: Ogerpon\n|-boost|p2a: Ogerpon|atk|2\n|move|p1b: Enamorus|Dazzling Gleam|p2b: Amoonguss|[spread] p2a,p2b\n|-resisted|p2b: Amoonguss\n|-damage|p2a: Ogerpon|68\/100\n|-damage|p2b: Amoonguss|79\/100\n|move|p1a: Iron Hands|Drain Punch|p2b: Amoonguss\n|-resisted|p2b: Amoonguss\n|-damage|p2b: Amoonguss|62\/100\n|-damage|p1a: Iron Hands|84\/100|[from] item: Rocky Helmet|[of] p2b: Amoonguss\n|\n|upkeep\n|turn|3\n|inactive|Natrox1998 has 30 seconds left.\n|inactive|Ganjux has 30 seconds left.\n|inactive|Natrox1998 has 20 seconds left.\n|inactive|Ganjux has 20 seconds left.\n|inactive|Natrox1998 has 15 seconds left.\n|inactive|Natrox1998 has 10 seconds left.\n|inactive|Natrox1998 has 5 seconds left.\n|\n|t:|1700619754\n|move|p1a: Iron Hands|Fake Out||[still]\n|-hint|Fake Out only works on your first turn out.\n|-fail|p1a: Iron Hands\n|move|p2a: Ogerpon|Ivy Cudgel|p1a: Iron Hands|[anim] Ivy Cudgel Water\n|-damage|p1a: Iron Hands|0 fnt\n|faint|p1a: Iron Hands\n|-end|p1a: Iron Hands|Quark Drive|[silent]\n|move|p1b: Enamorus|Dazzling Gleam|p2b: Amoonguss|[spread] p2a,p2b\n|-resisted|p2b: Amoonguss\n|-damage|p2a: Ogerpon|32\/100\n|-damage|p2b: Amoonguss|39\/100\n|move|p2b: Amoonguss|Spore|p1b: Enamorus\n|-immune|p1b: Enamorus|[from] ability: Overcoat\n|\n|upkeep\n|\n|t:|1700619778\n|switch|p1a: Indeedee|Indeedee-F, L50, F|100\/100\n|-fieldstart|move: Psychic Terrain|[from] ability: Psychic Surge|[of] p1a: Indeedee\n|turn|4\n|inactive|Natrox1998 has 30 seconds left.\n|inactive|Natrox1998 has 20 seconds left.\n|inactive|Natrox1998 has 15 seconds left.\n|inactive|Natrox1998 has 10 seconds left.\n|inactive|Natrox1998 has 5 seconds left.\n|\n|t:|1700619829\n|switch|p2b: Goodra|Goodra-Hisui, L50, M|100\/100\n|move|p1a: Indeedee|Follow Me|p1a: Indeedee\n|-singleturn|p1a: Indeedee|move: Follow Me\n|move|p2a: Ogerpon|Horn Leech|p1a: Indeedee\n|-damage|p1a: Indeedee|22\/100\n|-heal|p2a: Ogerpon|69\/100|[from] drain|[of] p1a: Indeedee\n|-damage|p2a: Ogerpon|53\/100|[from] item: Rocky Helmet|[of] p1a: Indeedee\n|move|p1b: Enamorus|Dazzling Gleam|p2b: Goodra|[spread] p2a,p2b\n|-damage|p2a: Ogerpon|19\/100\n|-damage|p2b: Goodra|67\/100\n|\n|-heal|p2b: Goodra|73\/100|[from] item: Leftovers\n|upkeep\n|turn|5\n|inactive|Natrox1998 has 30 seconds left.\n|inactive|Ganjux has 30 seconds left.\n|inactive|Natrox1998 has 20 seconds left.\n|inactive|Ganjux has 20 seconds left.\n|inactive|Natrox1998 has 15 seconds left.\n|inactive|Ganjux has 15 seconds left.\n|inactive|Natrox1998 has 10 seconds left.\n|\n|t:|1700619876\n|switch|p2a: Amoonguss|Amoonguss, L50, M|72\/100\n|move|p1a: Indeedee|Follow Me|p1a: Indeedee\n|-singleturn|p1a: Indeedee|move: Follow Me\n|move|p1b: Enamorus|Tailwind|p1b: Enamorus\n|-sidestart|p1: Natrox1998|move: Tailwind\n|move|p2b: Goodra|Shelter|p2b: Goodra\n|-boost|p2b: Goodra|def|2\n|\n|-heal|p2b: Goodra|79\/100|[from] item: Leftovers\n|upkeep\n|turn|6\n|inactive|Natrox1998 has 30 seconds left.\n|inactive|Ganjux has 30 seconds left.\n|inactive|Ganjux has 20 seconds left.\n|inactive|Ganjux has 15 seconds left.\n|\n|t:|1700619919\n|move|p1b: Enamorus|Protect|p1b: Enamorus\n|-singleturn|p1b: Enamorus|Protect\n|move|p1a: Indeedee|Psychic|p2a: Amoonguss\n|-supereffective|p2a: Amoonguss\n|-damage|p2a: Amoonguss|0 fnt\n|faint|p2a: Amoonguss\n|move|p2b: Goodra|Heavy Slam|p1b: Enamorus\n|-activate|p1b: Enamorus|move: Protect\n|\n|-heal|p2b: Goodra|85\/100|[from] item: Leftovers\n|upkeep\n|\n|t:|1700619927\n|switch|p2a: Ogerpon|Ogerpon-Wellspring-Tera, L50, F, tera:Water|19\/100\n|-ability|p2a: Ogerpon|Embody Aspect (Wellspring)|boost\n|-boost|p2a: Ogerpon|spd|1\n|turn|7\n|inactive|Ganjux has 30 seconds left.\n|\n|t:|1700619956\n|move|p2a: Ogerpon|Spiky Shield|p2a: Ogerpon\n|-singleturn|p2a: Ogerpon|move: Protect\n|move|p1a: Indeedee|Follow Me|p1a: Indeedee\n|-singleturn|p1a: Indeedee|move: Follow Me\n|move|p1b: Enamorus|Dazzling Gleam|p2a: Ogerpon|[spread] p2b\n|-activate|p2a: Ogerpon|move: Protect\n|-damage|p2b: Goodra|50\/100\n|move|p2b: Goodra|Heavy Slam|p1a: Indeedee\n|-damage|p1a: Indeedee|0 fnt\n|-damage|p2b: Goodra|33\/100|[from] item: Rocky Helmet|[of] p1a: Indeedee\n|faint|p1a: Indeedee\n|\n|-heal|p2b: Goodra|39\/100|[from] item: Leftovers\n|upkeep\n|\n|t:|1700619968\n|switch|p1a: Armarouge|Armarouge, L50, F|100\/100\n|turn|8\n|\n|t:|1700619983\n|move|p2a: Ogerpon|Spiky Shield|p2a: Ogerpon\n|-singleturn|p2a: Ogerpon|move: Protect\n|move|p2b: Goodra|Protect|p2b: Goodra\n|-singleturn|p2b: Goodra|Protect\n|move|p1b: Enamorus|Dazzling Gleam|p2b: Goodra|[spread] \n|-activate|p2a: Ogerpon|move: Protect\n|-activate|p2b: Goodra|move: Protect\n|move|p1a: Armarouge|Aura Sphere|p2b: Goodra\n|-activate|p2b: Goodra|move: Protect\n|\n|-heal|p2b: Goodra|45\/100|[from] item: Leftovers\n|-sideend|p1: Natrox1998|move: Tailwind\n|-fieldend|move: Psychic Terrain\n|upkeep\n|turn|9\n|inactive|Natrox1998 has 30 seconds left.\n|inactive|Natrox1998 has 20 seconds left.\n|inactive|Natrox1998 has 15 seconds left.\n|\n|t:|1700620026\n|move|p2a: Ogerpon|Ivy Cudgel|p1a: Armarouge|[anim] Ivy Cudgel Water\n|-supereffective|p1a: Armarouge\n|-damage|p1a: Armarouge|0 fnt\n|faint|p1a: Armarouge\n|move|p1b: Enamorus|Earth Power|p2b: Goodra\n|-supereffective|p2b: Goodra\n|-damage|p2b: Goodra|0 fnt\n|faint|p2b: Goodra\n|\n|upkeep\n|turn|10\n|\n|t:|1700620037\n|move|p2a: Ogerpon|Horn Leech|p1b: Enamorus\n|-damage|p1b: Enamorus|59\/100\n|-heal|p2a: Ogerpon|36\/100|[from] drain|[of] p1b: Enamorus\n|move|p1b: Enamorus|Dazzling Gleam|p2a: Ogerpon\n|-damage|p2a: Ogerpon|0 fnt\n|faint|p2a: Ogerpon\n|\n|win|Natrox1998\n","uploadtime":1700620060,"views":6,"p1id":"natrox1998","p2id":"ganjux","formatid":"gen9vgc2023regulatione","rating":0,"private":0,"password":""}