{"id":"gen9vgc2023regulatione-1989176298","p1":"yourdaddy696942069","p2":"JeddyBesr","format":"[Gen 9] VGC 2023 Regulation E","log":"|j|\u2606yourdaddy696942069\n|j|\u2606JeddyBesr\n|t:|1699820262\n|gametype|doubles\n|player|p1|yourdaddy696942069|hiker-gen4|1256\n|player|p2|JeddyBesr|2|1253\n|teamsize|p1|6\n|teamsize|p2|6\n|gen|9\n|tier|[Gen 9] VGC 2023 Regulation E\n|rated|\n|rule|Species Clause: Limit one of each Pok\u00e9mon\n|rule|Item Clause: Limit one of each item\n|clearpoke\n|poke|p1|Pincurchin, L50, F|\n|poke|p1|Chien-Pao, L50|\n|poke|p1|Raichu-Alola, L50, F|\n|poke|p1|Iron Valiant, L50|\n|poke|p1|Urshifu-*, L50, F|\n|poke|p1|Landorus-Therian, L50, M|\n|poke|p2|Zoroark-Hisui, L50, F|\n|poke|p2|Grimmsnarl, L50, M|\n|poke|p2|Arcanine-Hisui, L50, M|\n|poke|p2|Urshifu-*, L50, F|\n|poke|p2|Ogerpon-Wellspring, L50, F|\n|poke|p2|Iron Hands, L50|\n|teampreview|4\n|\n|t:|1699820305\n|start\n|switch|p1a: Raichu|Raichu-Alola, L50, F|100\/100\n|switch|p1b: Iron Valiant|Iron Valiant, L50|100\/100\n|switch|p2a: Grimmsnarl|Grimmsnarl, L50, M|100\/100\n|switch|p2b: Iron Hands|Iron Hands, L50, shiny|100\/100\n|turn|1\n|\n|t:|1699820319\n|-terastallize|p1b: Iron Valiant|Ghost\n|move|p1a: Raichu|Fake Out|p2a: Grimmsnarl\n|-damage|p2a: Grimmsnarl|91\/100\n|-damage|p1a: Raichu|91\/100|[from] item: Life Orb\n|move|p2b: Iron Hands|Fake Out|p1b: Iron Valiant\n|-immune|p1b: Iron Valiant\n|cant|p2a: Grimmsnarl|flinch\n|move|p1b: Iron Valiant|Moonblast|p2a: Grimmsnarl\n|-supereffective|p2a: Grimmsnarl\n|-crit|p2a: Grimmsnarl\n|-damage|p2a: Grimmsnarl|0 fnt\n|faint|p2a: Grimmsnarl\n|\n|upkeep\n|\n|t:|1699820332\n|switch|p2a: Urshifu|Urshifu-Rapid-Strike, L50, F|100\/100\n|turn|2\n|\n|t:|1699820356\n|switch|p1a: Pincurchin|Pincurchin, L50, F|100\/100\n|-fieldstart|move: Electric Terrain|[from] ability: Electric Surge|[of] p1a: Pincurchin\n|-activate|p1b: Iron Valiant|ability: Quark Drive\n|-start|p1b: Iron Valiant|quarkdrivespe\n|-activate|p2b: Iron Hands|ability: Quark Drive\n|-start|p2b: Iron Hands|quarkdriveatk\n|-enditem|p1a: Pincurchin|Electric Seed\n|-boost|p1a: Pincurchin|def|1|[from] item: Electric Seed\n|move|p1b: Iron Valiant|Moonblast|p2b: Iron Hands\n|-supereffective|p2b: Iron Hands\n|-damage|p2b: Iron Hands|31\/100\n|-unboost|p2b: Iron Hands|spa|1\n|move|p2a: Urshifu|Shadow Ball|p1b: Iron Valiant\n|-supereffective|p1b: Iron Valiant\n|-damage|p1b: Iron Valiant|0 fnt\n|faint|p1b: Iron Valiant\n|-end|p1b: Iron Valiant|Quark Drive|[silent]\n|move|p2b: Iron Hands|Wild Charge|p1a: Pincurchin\n|-resisted|p1a: Pincurchin\n|-damage|p1a: Pincurchin|70\/100\n|-damage|p2b: Iron Hands|26\/100|[from] Recoil\n|\n|upkeep\n|\n|t:|1699820360\n|switch|p1b: Raichu|Raichu-Alola, L50, F|91\/100\n|turn|3\n|\n|t:|1699820384\n|move|p1b: Raichu|Electro Ball|p2a: Urshifu\n|-crit|p2a: Urshifu\n|-enditem|p2a: Urshifu|Focus Sash\n|-damage|p2a: Urshifu|1\/100\n|replace|p2a: Zoroark|Zoroark-Hisui, L50, F, shiny\n|-end|p2a: Zoroark|Illusion\n|-damage|p1b: Raichu|81\/100|[from] item: Life Orb\n|move|p2a: Zoroark|Shadow Ball|p1b: Raichu\n|-supereffective|p1b: Raichu\n|-damage|p1b: Raichu|0 fnt\n|faint|p1b: Raichu\n|move|p2b: Iron Hands|Drain Punch|p1a: Pincurchin\n|-damage|p1a: Pincurchin|33\/100\n|-heal|p2b: Iron Hands|37\/100|[from] drain|[of] p1a: Pincurchin\n|move|p1a: Pincurchin|Scald|p2b: Iron Hands\n|-damage|p2b: Iron Hands|28\/100\n|\n|upkeep\n|\n|t:|1699820387\n|switch|p1b: Chien-Pao|Chien-Pao, L50|100\/100\n|-ability|p1b: Chien-Pao|Sword of Ruin\n|turn|4\n|\n|t:|1699820403\n|move|p1b: Chien-Pao|Sucker Punch||[still]\n|-fail|p1b: Chien-Pao\n|move|p2a: Zoroark|Nasty Plot|p2a: Zoroark\n|-boost|p2a: Zoroark|spa|2\n|move|p2b: Iron Hands|Drain Punch|p1b: Chien-Pao\n|-supereffective|p1b: Chien-Pao\n|-enditem|p1b: Chien-Pao|Focus Sash\n|-damage|p1b: Chien-Pao|1\/100\n|-heal|p2b: Iron Hands|58\/100|[from] drain|[of] p1b: Chien-Pao\n|move|p1a: Pincurchin|Recover|p1a: Pincurchin\n|-heal|p1a: Pincurchin|83\/100\n|\n|upkeep\n|turn|5\n|-message|yourdaddy696942069 forfeited.\n|\n|win|JeddyBesr\n|raw|yourdaddy696942069's rating: 1256 &rarr; <strong>1231<\/strong><br \/>(-25 for losing)\n|raw|JeddyBesr's rating: 1253 &rarr; <strong>1278<\/strong><br \/>(+25 for winning)\n|l|\u2606yourdaddy696942069\n","uploadtime":1699820423,"views":22,"p1id":"yourdaddy696942069","p2id":"jeddybesr","formatid":"gen9vgc2023regulatione","rating":1231,"private":0,"password":""}