{"id":"gen9vgc2023regulatione-1995348432","p1":"Lukyaq","p2":"werejustnormalmen","format":"[Gen 9] VGC 2023 Regulation E","log":"|j|\u2606Lukyaq\n|j|\u2606werejustnormalmen\n|t:|1700557835\n|gametype|doubles\n|player|p1|Lukyaq|pokefan-gen4|1571\n|player|p2|werejustnormalmen|linebacker|1444\n|teamsize|p1|6\n|teamsize|p2|6\n|gen|9\n|tier|[Gen 9] VGC 2023 Regulation E\n|rated|\n|rule|Species Clause: Limit one of each Pok\u00e9mon\n|rule|Item Clause: Limit one of each item\n|clearpoke\n|poke|p1|Annihilape, L50, M|\n|poke|p1|Cresselia, L50, F|\n|poke|p1|Ninetales-Alola, L50, M|\n|poke|p1|Maushold-Four, L50|\n|poke|p1|Ogerpon-Wellspring, L50, F|\n|poke|p1|Chien-Pao, L50|\n|poke|p2|Amoonguss, L50, F|\n|poke|p2|Roaring Moon, L50|\n|poke|p2|Iron Hands, L50|\n|poke|p2|Ogerpon-Wellspring, L50, F|\n|poke|p2|Landorus-Therian, L50, M|\n|poke|p2|Gholdengo, L50|\n|teampreview|4\n|j| 74zlfh\n|\n|t:|1700557876\n|start\n|switch|p1a: Annihilape|Annihilape, L50, M|100\/100\n|switch|p1b: Maushold|Maushold-Four, L50|100\/100\n|switch|p2a: Ogerpon|Ogerpon-Wellspring, L50, F|100\/100\n|switch|p2b: Gholdengo|Gholdengo, L50|100\/100\n|turn|1\n|\n|t:|1700557894\n|move|p2a: Ogerpon|Follow Me|p2a: Ogerpon\n|-singleturn|p2a: Ogerpon|move: Follow Me\n|move|p1b: Maushold|Population Bomb|p2a: Ogerpon\n|-damage|p2a: Ogerpon|89\/100\n|-damage|p2a: Ogerpon|78\/100\n|-damage|p2a: Ogerpon|67\/100\n|-damage|p2a: Ogerpon|57\/100\n|-damage|p2a: Ogerpon|44\/100\n|-damage|p2a: Ogerpon|32\/100\n|-damage|p2a: Ogerpon|20\/100\n|-damage|p2a: Ogerpon|9\/100\n|-damage|p2a: Ogerpon|0 fnt\n|faint|p2a: Ogerpon\n|-hitcount|p2: Ogerpon|9\n|move|p1a: Annihilape|Bulk Up|p1a: Annihilape\n|-boost|p1a: Annihilape|atk|1\n|-boost|p1a: Annihilape|def|1\n|move|p2b: Gholdengo|Nasty Plot|p2b: Gholdengo\n|-boost|p2b: Gholdengo|spa|2\n|\n|upkeep\n|\n|t:|1700557919\n|switch|p2a: Amoonguss|Amoonguss, L50, F|100\/100\n|turn|2\n|\n|t:|1700557963\n|-terastallize|p1a: Annihilape|Fire\n|move|p2a: Amoonguss|Rage Powder|p2a: Amoonguss\n|-singleturn|p2a: Amoonguss|move: Rage Powder\n|move|p1b: Maushold|Population Bomb|p2a: Amoonguss\n|-damage|p2a: Amoonguss|92\/100\n|-damage|p2a: Amoonguss|83\/100\n|-damage|p2a: Amoonguss|74\/100\n|-damage|p2a: Amoonguss|65\/100\n|-damage|p2a: Amoonguss|56\/100\n|-damage|p2a: Amoonguss|47\/100\n|-enditem|p2a: Amoonguss|Sitrus Berry|[eat]\n|-heal|p2a: Amoonguss|72\/100|[from] item: Sitrus Berry\n|-damage|p2a: Amoonguss|64\/100\n|-damage|p2a: Amoonguss|55\/100\n|-damage|p2a: Amoonguss|45\/100\n|-damage|p2a: Amoonguss|36\/100\n|-hitcount|p2a: Amoonguss|10\n|move|p1a: Annihilape|Rage Fist|p2a: Amoonguss\n|-damage|p2a: Amoonguss|11\/100\n|move|p2b: Gholdengo|Make It Rain|p1a: Annihilape|[spread] p1a,p1b\n|-resisted|p1a: Annihilape\n|-damage|p1a: Annihilape|60\/100\n|-damage|p1b: Maushold|0 fnt\n|-unboost|p2b: Gholdengo|spa|1\n|faint|p1b: Maushold\n|\n|-heal|p1a: Annihilape|66\/100|[from] item: Leftovers\n|upkeep\n|\n|t:|1700557996\n|switch|p1b: Cresselia|Cresselia, L50, F|100\/100\n|turn|3\n|\n|t:|1700558011\n|-terastallize|p2b: Gholdengo|Dragon\n|move|p2a: Amoonguss|Protect|p2a: Amoonguss\n|-singleturn|p2a: Amoonguss|Protect\n|move|p1b: Cresselia|Lunar Blessing|p1b: Cresselia|[spread] p1a,p1b\n|-heal|p1a: Annihilape|91\/100\n|move|p1a: Annihilape|Rage Fist|p2b: Gholdengo\n|-damage|p2b: Gholdengo|41\/100\n|move|p2b: Gholdengo|Nasty Plot|p2b: Gholdengo\n|-boost|p2b: Gholdengo|spa|2\n|\n|-heal|p1a: Annihilape|97\/100|[from] item: Leftovers\n|-heal|p2b: Gholdengo|48\/100|[from] item: Leftovers\n|upkeep\n|turn|4\n|\n|t:|1700558041\n|move|p2b: Gholdengo|Protect|p2b: Gholdengo\n|-singleturn|p2b: Gholdengo|Protect\n|move|p1b: Cresselia|Icy Wind|p2a: Amoonguss|[spread] p2a\n|-activate|p2b: Gholdengo|move: Protect\n|-supereffective|p2a: Amoonguss\n|-damage|p2a: Amoonguss|0 fnt\n|faint|p2a: Amoonguss\n|move|p1a: Annihilape|Rage Fist|p2b: Gholdengo\n|-activate|p2b: Gholdengo|move: Protect\n|\n|-heal|p1a: Annihilape|100\/100|[from] item: Leftovers\n|-heal|p2b: Gholdengo|54\/100|[from] item: Leftovers\n|upkeep\n|\n|t:|1700558053\n|switch|p2a: Iron Hands|Iron Hands, L50|100\/100\n|turn|5\n|\n|t:|1700558073\n|move|p1b: Cresselia|Protect|p1b: Cresselia\n|-singleturn|p1b: Cresselia|Protect\n|move|p1a: Annihilape|Protect|p1a: Annihilape\n|-singleturn|p1a: Annihilape|Protect\n|move|p2a: Iron Hands|Fake Out|p1b: Cresselia\n|-activate|p1b: Cresselia|move: Protect\n|move|p2b: Gholdengo|Shadow Ball|p1b: Cresselia\n|-activate|p1b: Cresselia|move: Protect\n|\n|-heal|p2b: Gholdengo|60\/100|[from] item: Leftovers\n|upkeep\n|turn|6\n|\n|t:|1700558092\n|move|p2b: Gholdengo|Protect|p2b: Gholdengo\n|-singleturn|p2b: Gholdengo|Protect\n|move|p1b: Cresselia|Icy Wind|p2a: Iron Hands|[spread] p2a\n|-activate|p2b: Gholdengo|move: Protect\n|-damage|p2a: Iron Hands|96\/100\n|-unboost|p2a: Iron Hands|spe|1\n|move|p1a: Annihilape|Rage Fist|p2b: Gholdengo\n|-activate|p2b: Gholdengo|move: Protect\n|move|p2a: Iron Hands|Drain Punch|p1a: Annihilape\n|-damage|p1a: Annihilape|77\/100\n|-heal|p2a: Iron Hands|100\/100|[from] drain|[of] p1a: Annihilape\n|\n|-heal|p1a: Annihilape|83\/100|[from] item: Leftovers\n|-heal|p2b: Gholdengo|66\/100|[from] item: Leftovers\n|upkeep\n|turn|7\n|\n|t:|1700558117\n|move|p1b: Cresselia|Icy Wind|p2a: Iron Hands|[spread] p2a,p2b\n|-supereffective|p2b: Gholdengo\n|-damage|p2a: Iron Hands|96\/100\n|-damage|p2b: Gholdengo|52\/100\n|-unboost|p2a: Iron Hands|spe|1\n|-unboost|p2b: Gholdengo|spe|1\n|move|p1a: Annihilape|Rage Fist|p2b: Gholdengo\n|-damage|p2b: Gholdengo|0 fnt\n|faint|p2b: Gholdengo\n|move|p2a: Iron Hands|Drain Punch|p1a: Annihilape\n|-damage|p1a: Annihilape|56\/100\n|-heal|p2a: Iron Hands|100\/100|[from] drain|[of] p1a: Annihilape\n|\n|-heal|p1a: Annihilape|62\/100|[from] item: Leftovers\n|upkeep\n|turn|8\n|-message|werejustnormalmen forfeited.\n|\n|win|Lukyaq\n|raw|Lukyaq's rating: 1571 &rarr; <strong>1584<\/strong><br \/>(+13 for winning)\n|raw|werejustnormalmen's rating: 1444 &rarr; <strong>1431<\/strong><br \/>(-13 for losing)\n|l|\u2606werejustnormalmen\n|c|\u2606Lukyaq|Gg\n|l|\u2606Lukyaq\n","uploadtime":1700559123,"views":2,"p1id":"lukyaq","p2id":"werejustnormalmen","formatid":"gen9vgc2023regulatione","rating":1431,"private":0,"password":""}