{"id":"gen9vgc2023regulatione-1992702038","p1":"PomegranateSparkle","p2":"hvac goon","format":"[Gen 9] VGC 2023 Regulation E","log":"|j|\u2606PomegranateSparkle\n|j|\u2606hvac goon\n|t:|1700226981\n|gametype|doubles\n|player|p1|PomegranateSparkle|sage|1388\n|player|p2|hvac goon|2|1482\n|teamsize|p1|6\n|teamsize|p2|6\n|gen|9\n|tier|[Gen 9] VGC 2023 Regulation E\n|rated|\n|rule|Species Clause: Limit one of each Pok\u00e9mon\n|rule|Item Clause: Limit one of each item\n|clearpoke\n|poke|p1|Annihilape, L50, F|\n|poke|p1|Arcanine-Hisui, L50, F|\n|poke|p1|Iron Bundle, L50|\n|poke|p1|Ogerpon-Wellspring, L50, F|\n|poke|p1|Rillaboom, L50, F|\n|poke|p1|Gholdengo, L50|\n|poke|p2|Dondozo, L50, F|\n|poke|p2|Tatsugiri, L50, F|\n|poke|p2|Landorus-Therian, L50, M|\n|poke|p2|Iron Bundle, L50|\n|poke|p2|Rillaboom, L50, F|\n|poke|p2|Glimmora, L50, F|\n|teampreview|4\n|inactive|Battle timer is ON: inactive players will automatically lose when time's up. (requested by hvac goon)\n|\n|t:|1700227003\n|start\n|switch|p1a: Iron Bundle|Iron Bundle, L50|100\/100\n|switch|p1b: Arcanine|Arcanine-Hisui, L50, F|100\/100\n|switch|p2a: Landorus|Landorus-Therian, L50, M|100\/100\n|switch|p2b: Rillaboom|Rillaboom, L50, F|100\/100\n|-ability|p2a: Landorus|Intimidate|boost\n|-unboost|p1a: Iron Bundle|atk|1\n|-unboost|p1b: Arcanine|atk|1\n|-ability|p1b: Arcanine|Intimidate|boost\n|-unboost|p2a: Landorus|atk|1\n|-unboost|p2b: Rillaboom|atk|1\n|-fieldstart|move: Grassy Terrain|[from] ability: Grassy Surge|[of] p2b: Rillaboom\n|-enditem|p1a: Iron Bundle|Booster Energy\n|-activate|p1a: Iron Bundle|ability: Quark Drive|[fromitem]\n|-start|p1a: Iron Bundle|quarkdrivespe\n|turn|1\n|inactive|PomegranateSparkle has 30 seconds left.\n|inactive|hvac goon has 30 seconds left.\n|inactive|hvac goon has 20 seconds left.\n|\n|t:|1700227041\n|switch|p1b: Ogerpon|Ogerpon-Wellspring, L50, F|100\/100\n|-terastallize|p1a: Iron Bundle|Ghost\n|move|p2b: Rillaboom|Fake Out|p1a: Iron Bundle\n|-immune|p1a: Iron Bundle\n|move|p1a: Iron Bundle|Icy Wind|p2a: Landorus|[spread] p2a,p2b\n|-supereffective|p2a: Landorus\n|-supereffective|p2b: Rillaboom\n|-damage|p2a: Landorus|4\/100\n|-damage|p2b: Rillaboom|70\/100\n|-unboost|p2a: Landorus|spe|1\n|-unboost|p2b: Rillaboom|spe|1\n|move|p2a: Landorus|Stomping Tantrum|p1b: Ogerpon\n|-resisted|p1b: Ogerpon\n|-damage|p1b: Ogerpon|83\/100\n|\n|-heal|p1b: Ogerpon|90\/100|[from] Grassy Terrain\n|-heal|p2b: Rillaboom|76\/100|[from] Grassy Terrain\n|upkeep\n|turn|2\n|inactive|PomegranateSparkle has 30 seconds left.\n|inactive|PomegranateSparkle has 20 seconds left.\n|\n|t:|1700227078\n|switch|p2a: Dondozo|Dondozo, L50, F|100\/100\n|switch|p2b: Tatsugiri|Tatsugiri, L50, F|100\/100\n|-activate|p2b: Tatsugiri|ability: Commander|[of] p2a: Dondozo\n|-boost|p2a: Dondozo|atk|2\n|-boost|p2a: Dondozo|spa|2\n|-boost|p2a: Dondozo|spe|2\n|-boost|p2a: Dondozo|def|2\n|-boost|p2a: Dondozo|spd|2\n|move|p1a: Iron Bundle|Encore|p2b: Tatsugiri|[miss]\n|-miss|p1a: Iron Bundle|p2b: Tatsugiri\n|move|p1b: Ogerpon|Horn Leech|p2a: Dondozo\n|-supereffective|p2a: Dondozo\n|-damage|p2a: Dondozo|62\/100\n|-heal|p1b: Ogerpon|100\/100|[from] drain|[of] p2a: Dondozo\n|\n|-heal|p2a: Dondozo|68\/100|[from] Grassy Terrain\n|-heal|p2a: Dondozo|74\/100|[from] item: Leftovers\n|upkeep\n|turn|3\n|\n|t:|1700227101\n|-terastallize|p2a: Dondozo|Dragon\n|move|p1b: Ogerpon|Follow Me|p1b: Ogerpon\n|-singleturn|p1b: Ogerpon|move: Follow Me\n|move|p1a: Iron Bundle|Freeze-Dry|p2a: Dondozo\n|-supereffective|p2a: Dondozo\n|-damage|p2a: Dondozo|42\/100\n|move|p2a: Dondozo|Order Up|p1b: Ogerpon\n|-damage|p1b: Ogerpon|16\/100\n|-boost|p2a: Dondozo|atk|1\n|\n|-heal|p1b: Ogerpon|22\/100|[from] Grassy Terrain\n|-heal|p2a: Dondozo|48\/100|[from] Grassy Terrain\n|-heal|p2a: Dondozo|54\/100|[from] item: Leftovers\n|upkeep\n|turn|4\n|\n|t:|1700227119\n|move|p1b: Ogerpon|Spiky Shield|p1b: Ogerpon\n|-singleturn|p1b: Ogerpon|move: Protect\n|move|p1a: Iron Bundle|Freeze-Dry|p2a: Dondozo\n|-supereffective|p2a: Dondozo\n|-damage|p2a: Dondozo|23\/100\n|move|p2a: Dondozo|Earthquake|p1a: Iron Bundle|[spread] p1a\n|-miss|p2a: Dondozo|p2b: Tatsugiri\n|-activate|p1b: Ogerpon|move: Protect\n|-damage|p1a: Iron Bundle|72\/100\n|\n|-heal|p1a: Iron Bundle|78\/100|[from] Grassy Terrain\n|-heal|p1b: Ogerpon|29\/100|[from] Grassy Terrain\n|-heal|p2a: Dondozo|29\/100|[from] Grassy Terrain\n|-heal|p2a: Dondozo|35\/100|[from] item: Leftovers\n|upkeep\n|turn|5\n|\n|t:|1700227140\n|move|p1a: Iron Bundle|Encore|p2a: Dondozo\n|-start|p2a: Dondozo|Encore\n|move|p1b: Ogerpon|Horn Leech|p2a: Dondozo\n|-resisted|p2a: Dondozo\n|-damage|p2a: Dondozo|26\/100\n|-heal|p1b: Ogerpon|35\/100|[from] drain|[of] p2a: Dondozo\n|move|p2a: Dondozo|Earthquake|p1a: Iron Bundle|[spread] p1a,p1b\n|-miss|p2a: Dondozo|p2b: Tatsugiri\n|-resisted|p1b: Ogerpon\n|-damage|p1a: Iron Bundle|48\/100\n|-damage|p1b: Ogerpon|16\/100\n|\n|-heal|p1a: Iron Bundle|54\/100|[from] Grassy Terrain\n|-heal|p1b: Ogerpon|22\/100|[from] Grassy Terrain\n|-heal|p2a: Dondozo|32\/100|[from] Grassy Terrain\n|-heal|p2a: Dondozo|38\/100|[from] item: Leftovers\n|-fieldend|move: Grassy Terrain\n|upkeep\n|turn|6\n|\n|t:|1700227162\n|move|p1a: Iron Bundle|Freeze-Dry|p2a: Dondozo\n|-supereffective|p2a: Dondozo\n|-damage|p2a: Dondozo|6\/100\n|-status|p2a: Dondozo|frz\n|move|p1b: Ogerpon|Ivy Cudgel|p2a: Dondozo|[anim] Ivy Cudgel Water\n|-resisted|p2a: Dondozo\n|-damage|p2a: Dondozo|0 fnt\n|faint|p2a: Dondozo\n|\n|upkeep\n|\n|t:|1700227175\n|switch|p2a: Rillaboom|Rillaboom, L50, F|76\/100\n|-fieldstart|move: Grassy Terrain|[from] ability: Grassy Surge|[of] p2a: Rillaboom\n|turn|7\n|\n|t:|1700227186\n|move|p1b: Ogerpon|Follow Me|p1b: Ogerpon\n|-singleturn|p1b: Ogerpon|move: Follow Me\n|move|p2a: Rillaboom|Grassy Glide|p1b: Ogerpon\n|-damage|p1b: Ogerpon|0 fnt\n|faint|p1b: Ogerpon\n|move|p1a: Iron Bundle|Freeze-Dry|p2b: Tatsugiri\n|-supereffective|p2b: Tatsugiri\n|-enditem|p2b: Tatsugiri|Focus Sash\n|-damage|p2b: Tatsugiri|1\/100\n|move|p2b: Tatsugiri|Icy Wind|p1a: Iron Bundle\n|-damage|p1a: Iron Bundle|23\/100\n|-unboost|p1a: Iron Bundle|spe|1\n|\n|-heal|p1a: Iron Bundle|29\/100|[from] Grassy Terrain\n|-heal|p2b: Tatsugiri|7\/100|[from] Grassy Terrain\n|-heal|p2a: Rillaboom|82\/100|[from] Grassy Terrain\n|upkeep\n|\n|t:|1700227206\n|switch|p1b: Arcanine|Arcanine-Hisui, L50, F|100\/100\n|-ability|p1b: Arcanine|Intimidate|boost\n|-unboost|p2a: Rillaboom|atk|1\n|-unboost|p2b: Tatsugiri|atk|1\n|turn|8\n|\n|t:|1700227217\n|move|p2a: Rillaboom|Grassy Glide|p1a: Iron Bundle\n|-damage|p1a: Iron Bundle|4\/100\n|move|p1a: Iron Bundle|Icy Wind|p2a: Rillaboom|[spread] p2a,p2b\n|-supereffective|p2a: Rillaboom\n|-damage|p2a: Rillaboom|55\/100\n|-damage|p2b: Tatsugiri|0 fnt\n|-unboost|p2a: Rillaboom|spe|1\n|faint|p2b: Tatsugiri\n|move|p1b: Arcanine|Flare Blitz|p2a: Rillaboom\n|-supereffective|p2a: Rillaboom\n|-damage|p2a: Rillaboom|0 fnt\n|faint|p2a: Rillaboom\n|-damage|p1b: Arcanine|80\/100|[from] Recoil\n|\n|-heal|p1a: Iron Bundle|10\/100|[from] Grassy Terrain\n|-heal|p1b: Arcanine|86\/100|[from] Grassy Terrain\n|upkeep\n|-message|hvac goon forfeited.\n|\n|win|PomegranateSparkle\n|raw|PomegranateSparkle's rating: 1388 &rarr; <strong>1413<\/strong><br \/>(+25 for winning)\n|raw|hvac goon's rating: 1482 &rarr; <strong>1457<\/strong><br \/>(-25 for losing)\n|l|\u2606hvac goon\n","uploadtime":1700227246,"views":45,"p1id":"pomegranatesparkle","p2id":"hvacgoon","formatid":"gen9vgc2023regulatione","rating":1413,"private":0,"password":""}