{"id":"gen9vgc2023regulatione-1991689096","p1":"J4ce","p2":"hash brown enjoyer","format":"[Gen 9] VGC 2023 Regulation E","log":"|j|\u2606J4ce\n|j|\u2606hash brown enjoyer\n|n|\u2606J4ce|j4ce\n|n|\u2606hash brown enjoyer|hashbrownenjoyer\n|html|View the match progress at <a href=\"\/game-bestof3-gen9vgc2023regulatione-1991684177\">game-bestof3-gen9vgc2023regulatione-1991684177<\/a>\n|t:|1700102919\n|gametype|doubles\n|player|p1|J4ce|sordward|\n|player|p2|hash brown enjoyer|ingo|\n|teamsize|p1|6\n|teamsize|p2|6\n|gen|9\n|tier|[Gen 9] VGC 2023 Regulation E\n|rule|Species Clause: Limit one of each Pok\u00e9mon\n|rule|Item Clause: Limit one of each item\n|clearpoke\n|poke|p1|Moltres, L50|\n|poke|p1|Mesprit, L50|\n|poke|p1|Furret, L50, F|\n|poke|p1|Drifblim, L50, F|\n|poke|p1|Sneasel, L50, M|\n|poke|p1|Sudowoodo, L50, M|\n|poke|p2|Rabsca, L50, F|\n|poke|p2|Decidueye-Hisui, L50, M|\n|poke|p2|Aipom, L50, M|\n|poke|p2|Lucario, L50, F|\n|poke|p2|Morgrem, L50, M|\n|poke|p2|Goodra, L50, M|\n|teampreview|4\n|\n|t:|1700102983\n|start\n|switch|p1a: Achoo|Sneasel, L50, M|100\/100\n|switch|p1b: Messi|Mesprit, L50|100\/100\n|switch|p2a: Aipom|Aipom, L50, M|100\/100\n|switch|p2b: Lucario|Lucario, L50, F|100\/100\n|turn|1\n|\n|t:|1700103030\n|switch|p1b: Furry|Furret, L50, F|100\/100\n|-item|p2a: Aipom|Focus Sash|[from] ability: Frisk|[of] p1b: Furry|[identify]\n|-item|p2b: Lucario|Clear Amulet|[from] ability: Frisk|[of] p1b: Furry|[identify]\n|-terastallize|p1a: Achoo|Ghost\n|move|p1a: Achoo|Fake Out|p2a: Aipom\n|-damage|p2a: Aipom|75\/100\n|cant|p2a: Aipom|flinch\n|move|p2b: Lucario|Rock Slide|p1b: Furry|[spread] p1a,p1b\n|-damage|p1a: Achoo|61\/100\n|-damage|p1b: Furry|78\/100\n|\n|upkeep\n|turn|2\n|\n|t:|1700103062\n|move|p1b: Furry|Follow Me|p1b: Furry\n|-singleturn|p1b: Furry|move: Follow Me\n|move|p1a: Achoo|Icicle Crash|p2a: Aipom\n|-damage|p2a: Aipom|0 fnt\n|faint|p2a: Aipom\n|move|p2b: Lucario|Rock Slide|p1a: Achoo|[spread] p1a,p1b\n|-damage|p1a: Achoo|25\/100\n|-damage|p1b: Furry|55\/100\n|-enditem|p1a: Achoo|Salac Berry|[eat]\n|-boost|p1a: Achoo|spe|1|[from] item: Salac Berry\n|\n|upkeep\n|\n|t:|1700103083\n|switch|p2a: Rabsca|Rabsca, L50, F|100\/100\n|turn|3\n|\n|t:|1700103105\n|move|p2b: Lucario|Bullet Punch|p1a: Achoo\n|-damage|p1a: Achoo|0 fnt\n|faint|p1a: Achoo\n|move|p1b: Furry|Super Fang|p2b: Lucario\n|-damage|p2b: Lucario|50\/100\n|move|p2a: Rabsca|Revival Blessing|p2a: Rabsca\n|\n|t:|1700103112\n|-heal|p2: Aipom|50\/100|[from] move: Revival Blessing\n|\n|upkeep\n|\n|t:|1700103123\n|switch|p1a: Messi|Mesprit, L50|100\/100\n|turn|4\n|\n|t:|1700103186\n|move|p2b: Lucario|Extreme Speed|p1b: Furry\n|-damage|p1b: Furry|24\/100\n|move|p1b: Furry|Brick Break|p2b: Lucario\n|-supereffective|p2b: Lucario\n|-damage|p2b: Lucario|7\/100\n|move|p1a: Messi|Play Rough|p2b: Lucario\n|-damage|p2b: Lucario|0 fnt\n|faint|p2b: Lucario\n|move|p2a: Rabsca|Bug Buzz|p1b: Furry\n|-damage|p1b: Furry|0 fnt\n|faint|p1b: Furry\n|\n|upkeep\n|\n|t:|1700103197\n|switch|p1b: Inflation|Drifblim, L50, F|100\/100\n|switch|p2b: Aipom|Aipom, L50, M|50\/100\n|turn|5\n|\n|t:|1700103213\n|-terastallize|p2a: Rabsca|Water\n|move|p2b: Aipom|Fake Out|p1a: Messi\n|-damage|p1a: Messi|89\/100\n|cant|p1a: Messi|flinch\n|move|p1b: Inflation|Calm Mind|p1b: Inflation\n|-boost|p1b: Inflation|spa|1\n|-boost|p1b: Inflation|spd|1\n|move|p2a: Rabsca|Bug Buzz|p1a: Messi\n|-supereffective|p1a: Messi\n|-damage|p1a: Messi|30\/100\n|-enditem|p1a: Messi|Weakness Policy\n|-boost|p1a: Messi|atk|2|[from] item: Weakness Policy\n|-boost|p1a: Messi|spa|2|[from] item: Weakness Policy\n|\n|upkeep\n|turn|6\n|\n|t:|1700103257\n|move|p1a: Messi|Protect|p1a: Messi\n|-singleturn|p1a: Messi|Protect\n|move|p2b: Aipom|U-turn|p1a: Messi\n|-activate|p1a: Messi|move: Protect\n|move|p1b: Inflation|Air Slash|p2b: Aipom\n|-damage|p2b: Aipom|0 fnt\n|faint|p2b: Aipom\n|move|p2a: Rabsca|Trick Room|p2a: Rabsca\n|-fieldstart|move: Trick Room|[of] p2a: Rabsca\n|\n|upkeep\n|\n|t:|1700103263\n|switch|p2b: Goodra|Goodra, L50, M|100\/100\n|turn|7\n|\n|t:|1700103278\n|move|p2a: Rabsca|Bug Buzz|p1a: Messi\n|-supereffective|p1a: Messi\n|-damage|p1a: Messi|0 fnt\n|faint|p1a: Messi\n|move|p1b: Inflation|Calm Mind|p1b: Inflation\n|-boost|p1b: Inflation|spa|1\n|-boost|p1b: Inflation|spd|1\n|move|p2b: Goodra|Thunderbolt|p1b: Inflation\n|-supereffective|p1b: Inflation\n|-damage|p1b: Inflation|78\/100\n|\n|upkeep\n|turn|8\n|\n|t:|1700103292\n|move|p2a: Rabsca|Psychic|p1b: Inflation\n|-damage|p1b: Inflation|62\/100\n|-unboost|p1b: Inflation|spd|1\n|move|p1b: Inflation|Calm Mind|p1b: Inflation\n|-boost|p1b: Inflation|spa|1\n|-boost|p1b: Inflation|spd|1\n|move|p2b: Goodra|Thunderbolt|p1b: Inflation\n|-supereffective|p1b: Inflation\n|-damage|p1b: Inflation|39\/100\n|-enditem|p1b: Inflation|Sitrus Berry|[eat]\n|-heal|p1b: Inflation|64\/100|[from] item: Sitrus Berry\n|\n|upkeep\n|turn|9\n|\n|t:|1700103324\n|move|p2a: Rabsca|Psychic|p1b: Inflation\n|-damage|p1b: Inflation|48\/100\n|move|p2b: Goodra|Thunderbolt|p1b: Inflation\n|-supereffective|p1b: Inflation\n|-damage|p1b: Inflation|23\/100\n|move|p1b: Inflation|Calm Mind|p1b: Inflation\n|-boost|p1b: Inflation|spa|1\n|-boost|p1b: Inflation|spd|1\n|\n|upkeep\n|turn|10\n|\n|t:|1700103336\n|move|p2a: Rabsca|Psychic|p1b: Inflation\n|-damage|p1b: Inflation|9\/100\n|move|p2b: Goodra|Thunderbolt|p1b: Inflation\n|-supereffective|p1b: Inflation\n|-damage|p1b: Inflation|0 fnt\n|faint|p1b: Inflation\n|\n|win|hash brown enjoyer\n|c|\u2606J4ce|Dang gg\n|c|\u2606J4ce|Misplay\n|c|\u2606hash brown enjoyer|ggs\n|c|\u2606J4ce|Got too greedy\n|c|\u2606hash brown enjoyer|staring at av goodra i dont blame you\n|c|\u2606J4ce|I shoulda Strength Sap'd tho\n|c|\u2606J4ce|Anywhoo\n|c|\u2606hash brown enjoyer|ah dang\n","uploadtime":1700103398,"views":37,"p1id":"j4ce","p2id":"hashbrownenjoyer","formatid":"gen9vgc2023regulatione","rating":0,"private":0,"password":""}