{"id":"gen9vgc2023regulatione-1990878621","p1":"AXELLARAMENA","p2":"ShadyDraw","format":"[Gen 9] VGC 2023 Regulation E","log":"|j|\u2606AXELLARAMENA\n|j|\u2606ShadyDraw\n|t:|1700010572\n|gametype|doubles\n|player|p1|AXELLARAMENA|1|1143\n|player|p2|ShadyDraw|gambler|1252\n|teamsize|p1|6\n|teamsize|p2|6\n|gen|9\n|tier|[Gen 9] VGC 2023 Regulation E\n|rated|\n|rule|Species Clause: Limit one of each Pok\u00e9mon\n|rule|Item Clause: Limit one of each item\n|clearpoke\n|poke|p1|Torterra, L50, M|\n|poke|p1|Sinistcha, L50|\n|poke|p1|Grumpig, L50, F|\n|poke|p1|Talonflame, L50, F|\n|poke|p1|Ursaluna-Bloodmoon, L50, M|\n|poke|p1|Indeedee-F, L50, F|\n|poke|p2|Tyranitar, L50, F|\n|poke|p2|Garchomp, L50, F|\n|poke|p2|Landorus-Therian, L50, M|\n|poke|p2|Rotom-Heat, L50|\n|poke|p2|Flutter Mane, L50|\n|poke|p2|Ogerpon, L50, F|\n|teampreview|4\n|inactive|Battle timer is ON: inactive players will automatically lose when time's up. (requested by ShadyDraw)\n|inactive|AXELLARAMENA has 60 seconds left.\n|inactive|ShadyDraw has 60 seconds left.\n|inactive|AXELLARAMENA has 30 seconds left.\n|inactive|AXELLARAMENA has 20 seconds left.\n|inactive|AXELLARAMENA has 15 seconds left.\n|\n|t:|1700010649\n|start\n|switch|p1a: Grumpig|Grumpig, L50, F, shiny|100\/100\n|switch|p1b: Ursaluna|Ursaluna-Bloodmoon, L50, M|100\/100\n|switch|p2a: Tyranitar|Tyranitar, L50, F|100\/100\n|switch|p2b: Ogerpon|Ogerpon, L50, F|100\/100\n|-weather|Sandstorm|[from] ability: Sand Stream|[of] p2a: Tyranitar\n|turn|1\n|\n|t:|1700010671\n|-terastallize|p1b: Ursaluna|Fairy\n|move|p2b: Ogerpon|Ivy Cudgel|p1b: Ursaluna\n|-damage|p1b: Ursaluna|48\/100\n|move|p1a: Grumpig|Simple Beam|p1b: Ursaluna\n|-endability|p1b: Ursaluna|Mind's Eye|[from] move: Simple Beam\n|-ability|p1b: Ursaluna|Simple|[from] move: Simple Beam\n|move|p2a: Tyranitar|Lash Out|p1a: Grumpig\n|-supereffective|p1a: Grumpig\n|-damage|p1a: Grumpig|29\/100\n|move|p1b: Ursaluna|Calm Mind|p1b: Ursaluna\n|-boost|p1b: Ursaluna|spa|2\n|-boost|p1b: Ursaluna|spd|2\n|\n|-weather|Sandstorm|[upkeep]\n|-damage|p2b: Ogerpon|94\/100|[from] Sandstorm\n|-damage|p1a: Grumpig|23\/100|[from] Sandstorm\n|-damage|p1b: Ursaluna|42\/100|[from] Sandstorm\n|upkeep\n|turn|2\n|inactive|AXELLARAMENA has 30 seconds left.\n|\n|t:|1700010703\n|move|p1b: Ursaluna|Protect|p1b: Ursaluna\n|-singleturn|p1b: Ursaluna|Protect\n|move|p2b: Ogerpon|Ivy Cudgel|p1b: Ursaluna\n|-activate|p1b: Ursaluna|move: Protect\n|move|p2a: Tyranitar|Lash Out|p1a: Grumpig\n|-supereffective|p1a: Grumpig\n|-damage|p1a: Grumpig|0 fnt\n|faint|p1a: Grumpig\n|\n|-weather|Sandstorm|[upkeep]\n|-damage|p2b: Ogerpon|88\/100|[from] Sandstorm\n|-damage|p1b: Ursaluna|36\/100|[from] Sandstorm\n|upkeep\n|\n|t:|1700010716\n|switch|p1a: Talonflame|Talonflame, L50, F, shiny|100\/100\n|turn|3\n|\n|t:|1700010729\n|move|p2b: Ogerpon|Spiky Shield|p2b: Ogerpon\n|-singleturn|p2b: Ogerpon|move: Protect\n|move|p1a: Talonflame|Brave Bird|p2b: Ogerpon\n|-activate|p2b: Ogerpon|move: Protect\n|-damage|p1a: Talonflame|88\/100|[from] Spiky Shield|[of] p2b: Ogerpon\n|move|p2a: Tyranitar|Rock Slide|p1b: Ursaluna|[spread] p1a,p1b\n|-supereffective|p1a: Talonflame\n|-damage|p1a: Talonflame|0 fnt\n|-damage|p1b: Ursaluna|14\/100\n|faint|p1a: Talonflame\n|move|p1b: Ursaluna|Earth Power|p2a: Tyranitar\n|-supereffective|p2a: Tyranitar\n|-damage|p2a: Tyranitar|36\/100\n|\n|-weather|Sandstorm|[upkeep]\n|-damage|p2b: Ogerpon|82\/100|[from] Sandstorm\n|-damage|p1b: Ursaluna|8\/100|[from] Sandstorm\n|upkeep\n|\n|t:|1700010746\n|switch|p1a: Sinistcha|Sinistcha, L50, shiny|100\/100\n|-heal|p1b: Ursaluna|33\/100|[from] ability: Hospitality|[of] p1a: Sinistcha\n|turn|4\n|\n|t:|1700010754\n|move|p1b: Ursaluna|Protect|p1b: Ursaluna\n|-singleturn|p1b: Ursaluna|Protect\n|move|p2b: Ogerpon|Ivy Cudgel|p1b: Ursaluna\n|-activate|p1b: Ursaluna|move: Protect\n|move|p2a: Tyranitar|Lash Out|p1a: Sinistcha\n|-supereffective|p1a: Sinistcha\n|-damage|p1a: Sinistcha|41\/100\n|-damage|p2a: Tyranitar|20\/100|[from] item: Rocky Helmet|[of] p1a: Sinistcha\n|move|p1a: Sinistcha|Trick Room|p1a: Sinistcha\n|-fieldstart|move: Trick Room|[of] p1a: Sinistcha\n|\n|-weather|Sandstorm|[upkeep]\n|-damage|p1b: Ursaluna|27\/100|[from] Sandstorm\n|-damage|p1a: Sinistcha|35\/100|[from] Sandstorm\n|-damage|p2b: Ogerpon|76\/100|[from] Sandstorm\n|upkeep\n|turn|5\n|\n|t:|1700010774\n|move|p2b: Ogerpon|Spiky Shield|p2b: Ogerpon\n|-singleturn|p2b: Ogerpon|move: Protect\n|move|p1b: Ursaluna|Hyper Voice|p2b: Ogerpon|[spread] p2a\n|-activate|p2b: Ogerpon|move: Protect\n|-resisted|p2a: Tyranitar\n|-crit|p2a: Tyranitar\n|-damage|p2a: Tyranitar|0 fnt\n|faint|p2a: Tyranitar\n|-enditem|p1b: Ursaluna|Throat Spray\n|-boost|p1b: Ursaluna|spa|2|[from] item: Throat Spray\n|move|p1a: Sinistcha|Life Dew|p1a: Sinistcha|[spread] p1a,p1b\n|-heal|p1a: Sinistcha|60\/100\n|-heal|p1b: Ursaluna|52\/100\n|\n|-weather|none\n|upkeep\n|\n|t:|1700010785\n|switch|p2a: Rotom|Rotom-Heat, L50|100\/100\n|turn|6\n|\n|t:|1700010798\n|switch|p2b: Garchomp|Garchomp, L50, F|100\/100\n|move|p1b: Ursaluna|Hyper Voice|p2a: Rotom|[spread] p2a,p2b\n|-damage|p2a: Rotom|0 fnt\n|-damage|p2b: Garchomp|20\/100\n|faint|p2a: Rotom\n|move|p1a: Sinistcha|Life Dew|p1a: Sinistcha|[spread] p1a,p1b\n|-heal|p1a: Sinistcha|85\/100\n|-heal|p1b: Ursaluna|77\/100\n|\n|upkeep\n|\n|t:|1700010805\n|switch|p2a: Ogerpon|Ogerpon, L50, F|76\/100\n|turn|7\n|\n|t:|1700010821\n|move|p2a: Ogerpon|Spiky Shield|p2a: Ogerpon\n|-singleturn|p2a: Ogerpon|move: Protect\n|move|p1b: Ursaluna|Hyper Voice|p2a: Ogerpon|[spread] p2b\n|-activate|p2a: Ogerpon|move: Protect\n|-damage|p2b: Garchomp|0 fnt\n|faint|p2b: Garchomp\n|move|p1a: Sinistcha|Life Dew|p1a: Sinistcha|[spread] p1a,p1b\n|-heal|p1a: Sinistcha|100\/100\n|-heal|p1b: Ursaluna|100\/100\n|\n|upkeep\n|turn|8\n|\n|t:|1700010840\n|move|p2a: Ogerpon|Spiky Shield|p2a: Ogerpon\n|-singleturn|p2a: Ogerpon|move: Protect\n|move|p1b: Ursaluna|Hyper Voice|p2a: Ogerpon\n|-activate|p2a: Ogerpon|move: Protect\n|move|p1a: Sinistcha|Life Dew||[still]|[still]|[spread] \n|-fail|p1a: Sinistcha|heal\n|-fail|p1b: Ursaluna|heal\n|\n|-fieldend|move: Trick Room\n|upkeep\n|turn|9\n|\n|t:|1700010854\n|-terastallize|p2a: Ogerpon|Grass\n|detailschange|p2a: Ogerpon|Ogerpon-Teal-Tera, L50, F, tera:Grass\n|-ability|p2a: Ogerpon|Embody Aspect (Teal)|boost\n|-boost|p2a: Ogerpon|spe|1\n|move|p2a: Ogerpon|Throat Chop|p1b: Ursaluna\n|-resisted|p1b: Ursaluna\n|-damage|p1b: Ursaluna|89\/100\n|-start|p1b: Ursaluna|Throat Chop|[silent]\n|move|p1a: Sinistcha|Life Dew||[still]|[spread] p1a,p1b\n|-fail|p1a: Sinistcha|heal\n|-heal|p1b: Ursaluna|100\/100\n|cant|p1b: Ursaluna|move: Throat Chop\n|\n|upkeep\n|turn|10\n|\n|t:|1700010877\n|move|p2a: Ogerpon|Ivy Cudgel|p1b: Ursaluna\n|-damage|p1b: Ursaluna|37\/100\n|move|p1a: Sinistcha|Life Dew||[still]|[spread] p1a,p1b\n|-fail|p1a: Sinistcha|heal\n|-heal|p1b: Ursaluna|62\/100\n|move|p1b: Ursaluna|Calm Mind|p1b: Ursaluna\n|-boost|p1b: Ursaluna|spa|2\n|-boost|p1b: Ursaluna|spd|2\n|\n|-end|p1b: Ursaluna|Throat Chop|[silent]\n|upkeep\n|turn|11\n|\n|t:|1700010897\n|move|p1b: Ursaluna|Protect|p1b: Ursaluna\n|-singleturn|p1b: Ursaluna|Protect\n|move|p2a: Ogerpon|Throat Chop|p1b: Ursaluna\n|-activate|p1b: Ursaluna|move: Protect\n|move|p1a: Sinistcha|Matcha Gotcha|p2a: Ogerpon\n|-resisted|p2a: Ogerpon\n|-damage|p2a: Ogerpon|60\/100\n|\n|upkeep\n|turn|12\n|\n|t:|1700010919\n|move|p2a: Ogerpon|Ivy Cudgel|p1b: Ursaluna\n|-damage|p1b: Ursaluna|0 fnt\n|faint|p1b: Ursaluna\n|move|p1a: Sinistcha|Life Dew||[still]\n|-fail|p1a: Sinistcha|heal\n|\n|upkeep\n|turn|13\n|\n|t:|1700010927\n|move|p2a: Ogerpon|Throat Chop|p1a: Sinistcha\n|-supereffective|p1a: Sinistcha\n|-damage|p1a: Sinistcha|52\/100\n|-start|p1a: Sinistcha|Throat Chop|[silent]\n|-damage|p2a: Ogerpon|44\/100|[from] item: Rocky Helmet|[of] p1a: Sinistcha\n|move|p1a: Sinistcha|Matcha Gotcha|p2a: Ogerpon\n|-resisted|p2a: Ogerpon\n|-damage|p2a: Ogerpon|27\/100\n|-heal|p1a: Sinistcha|62\/100|[from] drain|[of] p2a: Ogerpon\n|\n|upkeep\n|turn|14\n|\n|t:|1700010942\n|move|p2a: Ogerpon|Spiky Shield|p2a: Ogerpon\n|-singleturn|p2a: Ogerpon|move: Protect\n|move|p1a: Sinistcha|Matcha Gotcha|p2a: Ogerpon\n|-activate|p2a: Ogerpon|move: Protect\n|\n|-end|p1a: Sinistcha|Throat Chop|[silent]\n|upkeep\n|turn|15\n|\n|t:|1700010957\n|move|p2a: Ogerpon|Throat Chop|p1a: Sinistcha\n|-supereffective|p1a: Sinistcha\n|-damage|p1a: Sinistcha|7\/100\n|-start|p1a: Sinistcha|Throat Chop|[silent]\n|-damage|p2a: Ogerpon|10\/100|[from] item: Rocky Helmet|[of] p1a: Sinistcha\n|move|p1a: Sinistcha|Matcha Gotcha|p2a: Ogerpon\n|-resisted|p2a: Ogerpon\n|-damage|p2a: Ogerpon|0 fnt\n|-heal|p1a: Sinistcha|13\/100|[from] drain|[of] p2a: Ogerpon\n|faint|p2a: Ogerpon\n|\n|win|AXELLARAMENA\n|raw|AXELLARAMENA's rating: 1143 &rarr; <strong>1176<\/strong><br \/>(+33 for winning)\n|raw|ShadyDraw's rating: 1252 &rarr; <strong>1219<\/strong><br \/>(-33 for losing)\n|l|\u2606ShadyDraw\n","uploadtime":1700010973,"views":26,"p1id":"axellaramena","p2id":"shadydraw","formatid":"gen9vgc2023regulatione","rating":1176,"private":0,"password":""}