{"id":"gen9vgc2023regulatione-1998425699","p1":"Peddybope","p2":"readysetgogo","format":"[Gen 9] VGC 2023 Regulation E","log":"|j|\u2606Peddybope\n|j|\u2606readysetgogo\n|t:|1700940926\n|gametype|doubles\n|player|p1|Peddybope|silver|1022\n|player|p2|readysetgogo|raihan|1075\n|teamsize|p1|6\n|teamsize|p2|6\n|gen|9\n|tier|[Gen 9] VGC 2023 Regulation E\n|rated|\n|rule|Species Clause: Limit one of each Pok\u00e9mon\n|rule|Item Clause: Limit one of each item\n|clearpoke\n|poke|p1|Grimmsnarl, L50, M|\n|poke|p1|Munkidori, L50, M|\n|poke|p1|Corviknight, L50, M|\n|poke|p1|Ogerpon-Wellspring, L50, F|\n|poke|p1|Fezandipiti, L50, M|\n|poke|p1|Dragapult, L50, M|\n|poke|p2|Baxcalibur, L50, F|\n|poke|p2|Abomasnow, L50, F|\n|poke|p2|Landorus-Therian, L50, M|\n|poke|p2|Heatran, L50, M|\n|poke|p2|Cresselia, L50, F|\n|poke|p2|Chien-Pao, L50|\n|teampreview|4\n|inactive|Battle timer is ON: inactive players will automatically lose when time's up. (requested by Peddybope)\n|\n|t:|1700940976\n|start\n|switch|p1a: Grimmsnarl|Grimmsnarl, L50, M|100\/100\n|switch|p1b: Fezandipiti|Fezandipiti, L50, M|100\/100\n|switch|p2a: Chien-Pao|Chien-Pao, L50|100\/100\n|switch|p2b: Landorus|Landorus-Therian, L50, M|100\/100\n|-ability|p2b: Landorus|Intimidate|boost\n|-unboost|p1a: Grimmsnarl|atk|1\n|-unboost|p1b: Fezandipiti|atk|1\n|-ability|p2a: Chien-Pao|Sword of Ruin\n|turn|1\n|inactive|readysetgogo has 30 seconds left.\n|\n|t:|1700941008\n|move|p2a: Chien-Pao|Protect|p2a: Chien-Pao\n|-singleturn|p2a: Chien-Pao|Protect\n|move|p1a: Grimmsnarl|Reflect|p1a: Grimmsnarl\n|-sidestart|p1: Peddybope|Reflect\n|move|p2b: Landorus|Stomping Tantrum|p1b: Fezandipiti\n|-supereffective|p1b: Fezandipiti\n|-damage|p1b: Fezandipiti|18\/100\n|move|p1b: Fezandipiti|Dazzling Gleam|p2a: Chien-Pao|[spread] p2b\n|-activate|p2a: Chien-Pao|move: Protect\n|-damage|p2b: Landorus|71\/100\n|\n|-heal|p1b: Fezandipiti|25\/100|[from] item: Black Sludge\n|upkeep\n|turn|2\n|\n|t:|1700941026\n|move|p1b: Fezandipiti|Protect|p1b: Fezandipiti\n|-singleturn|p1b: Fezandipiti|Protect\n|move|p1a: Grimmsnarl|Thunder Wave|p2a: Chien-Pao\n|-hint|Since gen 7, Dark is immune to Prankster moves.\n|-immune|p2a: Chien-Pao\n|move|p2b: Landorus|Stomping Tantrum|p1b: Fezandipiti\n|-activate|p1b: Fezandipiti|move: Protect\n|move|p2a: Chien-Pao|Sacred Sword|p1a: Grimmsnarl\n|-damage|p1a: Grimmsnarl|70\/100\n|\n|-heal|p1b: Fezandipiti|31\/100|[from] item: Black Sludge\n|upkeep\n|turn|3\n|\n|t:|1700941053\n|switch|p2b: Heatran|Heatran, L50, M|100\/100\n|switch|p1b: Corviknight|Corviknight, L50, M|100\/100\n|-ability|p1b: Corviknight|Pressure\n|move|p2a: Chien-Pao|Ice Spinner|p1b: Corviknight\n|-damage|p1b: Corviknight|80\/100\n|move|p1a: Grimmsnarl|Spirit Break|p2a: Chien-Pao\n|-supereffective|p2a: Chien-Pao\n|-damage|p2a: Chien-Pao|41\/100\n|-unboost|p2a: Chien-Pao|spa|1\n|\n|-heal|p1b: Corviknight|86\/100|[from] item: Leftovers\n|upkeep\n|turn|4\n|\n|t:|1700941073\n|switch|p1b: Fezandipiti|Fezandipiti, L50, M|31\/100\n|move|p2a: Chien-Pao|Protect|p2a: Chien-Pao\n|-singleturn|p2a: Chien-Pao|Protect\n|move|p1a: Grimmsnarl|Light Screen|p1a: Grimmsnarl\n|-sidestart|p1: Peddybope|move: Light Screen\n|move|p2b: Heatran|Heat Wave|p1b: Fezandipiti|[spread] p1b\n|-miss|p2b: Heatran|p1a: Grimmsnarl\n|-crit|p1b: Fezandipiti\n|-damage|p1b: Fezandipiti|0 fnt\n|faint|p1b: Fezandipiti\n|\n|upkeep\n|\n|t:|1700941085\n|switch|p1b: Corviknight|Corviknight, L50, M|86\/100\n|-ability|p1b: Corviknight|Pressure\n|turn|5\n|\n|t:|1700941105\n|switch|p2a: Landorus|Landorus-Therian, L50, M|71\/100\n|-ability|p2a: Landorus|Intimidate|boost\n|-unboost|p1a: Grimmsnarl|atk|1\n|-unboost|p1b: Corviknight|atk|1\n|move|p1b: Corviknight|Protect|p1b: Corviknight\n|-singleturn|p1b: Corviknight|Protect\n|move|p2b: Heatran|Flash Cannon|p1a: Grimmsnarl\n|-supereffective|p1a: Grimmsnarl\n|-damage|p1a: Grimmsnarl|27\/100\n|move|p1a: Grimmsnarl|Spirit Break|p2a: Landorus\n|-damage|p2a: Landorus|54\/100\n|-unboost|p2a: Landorus|spa|1\n|\n|-heal|p1b: Corviknight|92\/100|[from] item: Leftovers\n|upkeep\n|turn|6\n|\n|t:|1700941125\n|switch|p1a: Ogerpon|Ogerpon-Wellspring, L50, F|100\/100\n|move|p2a: Landorus|Rock Slide|p1a: Ogerpon|[spread] p1a\n|-miss|p2a: Landorus|p1b: Corviknight\n|-damage|p1a: Ogerpon|80\/100\n|move|p2b: Heatran|Earth Power|p1a: Ogerpon\n|-resisted|p1a: Ogerpon\n|-damage|p1a: Ogerpon|66\/100\n|move|p1b: Corviknight|Brave Bird|p2a: Landorus\n|-damage|p2a: Landorus|22\/100\n|-damage|p1b: Corviknight|84\/100|[from] Recoil\n|\n|-heal|p1b: Corviknight|90\/100|[from] item: Leftovers\n|upkeep\n|turn|7\n|\n|t:|1700941143\n|-terastallize|p1a: Ogerpon|Water\n|detailschange|p1a: Ogerpon|Ogerpon-Wellspring-Tera, L50, F, tera:Water\n|-ability|p1a: Ogerpon|Embody Aspect (Wellspring)|boost\n|-boost|p1a: Ogerpon|spd|1\n|move|p2b: Heatran|Protect|p2b: Heatran\n|-singleturn|p2b: Heatran|Protect\n|move|p1b: Corviknight|Protect|p1b: Corviknight\n|-singleturn|p1b: Corviknight|Protect\n|move|p2a: Landorus|Rock Slide|p1b: Corviknight|[spread] p1a\n|-activate|p1b: Corviknight|move: Protect\n|-damage|p1a: Ogerpon|48\/100\n|move|p1a: Ogerpon|Horn Leech|p2a: Landorus\n|-damage|p2a: Landorus|0 fnt\n|-heal|p1a: Ogerpon|59\/100|[from] drain|[of] p2a: Landorus\n|faint|p2a: Landorus\n|\n|-heal|p1b: Corviknight|96\/100|[from] item: Leftovers\n|upkeep\n|\n|t:|1700941159\n|switch|p2a: Cresselia|Cresselia, L50, F|100\/100\n|turn|8\n|\n|t:|1700941181\n|switch|p2b: Chien-Pao|Chien-Pao, L50|41\/100\n|-ability|p2b: Chien-Pao|Sword of Ruin\n|switch|p1b: Grimmsnarl|Grimmsnarl, L50, M|27\/100\n|move|p1a: Ogerpon|Ivy Cudgel|p2b: Chien-Pao|[anim] Ivy Cudgel Water\n|-damage|p2b: Chien-Pao|0 fnt\n|faint|p2b: Chien-Pao\n|move|p2a: Cresselia|Trick Room|p2a: Cresselia\n|-fieldstart|move: Trick Room|[of] p2a: Cresselia\n|\n|-sideend|p1: Peddybope|Reflect\n|upkeep\n|\n|t:|1700941184\n|switch|p2b: Heatran|Heatran, L50, M|100\/100\n|turn|9\n|inactive|readysetgogo has 30 seconds left.\n|\n|t:|1700941211\n|move|p1b: Grimmsnarl|Thunder Wave|p2a: Cresselia\n|-status|p2a: Cresselia|par\n|move|p2a: Cresselia|Psychic|p1a: Ogerpon\n|-damage|p1a: Ogerpon|46\/100\n|-unboost|p1a: Ogerpon|spd|1\n|move|p2b: Heatran|Flash Cannon|p1b: Grimmsnarl\n|-supereffective|p1b: Grimmsnarl\n|-damage|p1b: Grimmsnarl|0 fnt\n|faint|p1b: Grimmsnarl\n|move|p1a: Ogerpon|Knock Off|p2a: Cresselia\n|-supereffective|p2a: Cresselia\n|-damage|p2a: Cresselia|56\/100 par\n|-enditem|p2a: Cresselia|Mental Herb|[from] move: Knock Off|[of] p1a: Ogerpon\n|\n|upkeep\n|\n|t:|1700941224\n|switch|p1b: Corviknight|Corviknight, L50, M|96\/100\n|-ability|p1b: Corviknight|Pressure\n|turn|10\n|\n|t:|1700941236\n|-terastallize|p2b: Heatran|Grass\n|move|p2a: Cresselia|Lunar Blessing|p2a: Cresselia|[spread] p2a,p2b\n|-heal|p2a: Cresselia|81\/100 par\n|-curestatus|p2a: Cresselia|par|[msg]\n|move|p1b: Corviknight|Brave Bird|p2a: Cresselia\n|-damage|p2a: Cresselia|60\/100\n|-damage|p1b: Corviknight|88\/100|[from] Recoil\n|move|p2b: Heatran|Heat Wave|p1a: Ogerpon|[spread] p1a,p1b\n|-resisted|p1a: Ogerpon\n|-supereffective|p1b: Corviknight\n|-damage|p1a: Ogerpon|31\/100\n|-damage|p1b: Corviknight|31\/100\n|move|p1a: Ogerpon|Ivy Cudgel|p2b: Heatran|[anim] Ivy Cudgel Water\n|-resisted|p2b: Heatran\n|-damage|p2b: Heatran|68\/100\n|\n|-heal|p1b: Corviknight|37\/100|[from] item: Leftovers\n|-heal|p2b: Heatran|74\/100|[from] item: Leftovers\n|upkeep\n|turn|11\n|inactive|readysetgogo has 30 seconds left.\n|\n|t:|1700941267\n|move|p2b: Heatran|Protect|p2b: Heatran\n|-singleturn|p2b: Heatran|Protect\n|move|p1b: Corviknight|Brave Bird|p2b: Heatran\n|-activate|p2b: Heatran|move: Protect\n|move|p2a: Cresselia|Psychic|p1a: Ogerpon\n|-damage|p1a: Ogerpon|11\/100\n|move|p1a: Ogerpon|Ivy Cudgel|p2a: Cresselia|[anim] Ivy Cudgel Water\n|-crit|p2a: Cresselia\n|-damage|p2a: Cresselia|0 fnt\n|faint|p2a: Cresselia\n|\n|-heal|p1b: Corviknight|42\/100|[from] item: Leftovers\n|-heal|p2b: Heatran|80\/100|[from] item: Leftovers\n|-sideend|p1: Peddybope|move: Light Screen\n|upkeep\n|turn|12\n|\n|t:|1700941276\n|move|p1b: Corviknight|Roost|p1b: Corviknight\n|-heal|p1b: Corviknight|93\/100\n|-singleturn|p1b: Corviknight|move: Roost\n|move|p2b: Heatran|Heat Wave|p1a: Ogerpon|[spread] p1a,p1b\n|-resisted|p1a: Ogerpon\n|-supereffective|p1b: Corviknight\n|-damage|p1a: Ogerpon|0 fnt\n|-damage|p1b: Corviknight|10\/100\n|faint|p1a: Ogerpon\n|\n|-heal|p1b: Corviknight|16\/100|[from] item: Leftovers\n|-heal|p2b: Heatran|86\/100|[from] item: Leftovers\n|-fieldend|move: Trick Room\n|upkeep\n|turn|13\n|\n|t:|1700941284\n|move|p2b: Heatran|Heat Wave|p1b: Corviknight\n|-supereffective|p1b: Corviknight\n|-damage|p1b: Corviknight|0 fnt\n|faint|p1b: Corviknight\n|\n|win|readysetgogo\n|raw|Peddybope's rating: 1022 &rarr; <strong>1011<\/strong><br \/>(-11 for losing)\n|raw|readysetgogo's rating: 1075 &rarr; <strong>1099<\/strong><br \/>(+24 for winning)\n|c|\u2606readysetgogo|gg\n|l|\u2606Peddybope\n","uploadtime":1700941294,"views":7,"p1id":"peddybope","p2id":"readysetgogo","formatid":"gen9vgc2023regulatione","rating":1011,"private":0,"password":""}