{"id":"gen9vgc2023regulatione-1999269239","p1":"gabtesting","p2":"SBCrock","format":"[Gen 9] VGC 2023 Regulation E","log":"|j|\u2606gabtesting\n|j|\u2606SBCrock\n|t:|1701053059\n|gametype|doubles\n|player|p1|gabtesting|169|1048\n|player|p2|SBCrock|rocketgruntf|1014\n|teamsize|p1|6\n|teamsize|p2|6\n|gen|9\n|tier|[Gen 9] VGC 2023 Regulation E\n|rated|\n|rule|Species Clause: Limit one of each Pok\u00e9mon\n|rule|Item Clause: Limit one of each item\n|clearpoke\n|poke|p1|Ninetales-Alola, L50, F|\n|poke|p1|Cetitan, L50, F|\n|poke|p1|Baxcalibur, L50, M|\n|poke|p1|Landorus-Therian, L50, M|\n|poke|p1|Heatran, L50, M|\n|poke|p1|Zapdos, L50|\n|poke|p2|Dipplin, L50, M|\n|poke|p2|Chien-Pao, L50|\n|poke|p2|Ninetales-Alola, L50, F|\n|poke|p2|Empoleon, L50, F|\n|poke|p2|Gengar, L50, M|\n|poke|p2|Thundurus, L50, M|\n|teampreview|4\n|inactive|Battle timer is ON: inactive players will automatically lose when time's up. (requested by gabtesting)\n|\n|t:|1701053087\n|start\n|switch|p1a: Ninetales|Ninetales-Alola, L50, F|100\/100\n|switch|p1b: Baxcalibur|Baxcalibur, L50, M|100\/100\n|switch|p2a: Empoleon|Empoleon, L50, F|100\/100\n|switch|p2b: Thundurus|Thundurus, L50, M|100\/100\n|-weather|Snow|[from] ability: Snow Warning|[of] p1a: Ninetales\n|turn|1\n|n|\u2606gabtesting|gabtesting\n|\n|t:|1701053109\n|move|p2b: Thundurus|Thunder Wave|p1b: Baxcalibur\n|-status|p1b: Baxcalibur|par\n|move|p1a: Ninetales|Aurora Veil|p1a: Ninetales\n|-sidestart|p1: gabtesting|move: Aurora Veil\n|move|p2a: Empoleon|Flash Cannon|p1a: Ninetales\n|-supereffective|p1a: Ninetales\n|-damage|p1a: Ninetales|0 fnt\n|faint|p1a: Ninetales\n|move|p1b: Baxcalibur|Swords Dance|p1b: Baxcalibur\n|-boost|p1b: Baxcalibur|atk|2\n|\n|-weather|Snow|[upkeep]\n|upkeep\n|\n|t:|1701053120\n|switch|p1a: Heatran|Heatran, L50, M|100\/100\n|turn|2\n|\n|t:|1701053141\n|-terastallize|p2a: Empoleon|Water\n|move|p1a: Heatran|Protect|p1a: Heatran\n|-singleturn|p1a: Heatran|Protect\n|move|p2b: Thundurus|Volt Switch|p1b: Baxcalibur\n|-resisted|p1b: Baxcalibur\n|-damage|p1b: Baxcalibur|90\/100 par\n|\n|t:|1701053160\n|switch|p2b: Chien-Pao|Chien-Pao, L50|100\/100|[from] Volt Switch\n|-ability|p2b: Chien-Pao|Sword of Ruin\n|move|p2a: Empoleon|Flash Cannon|p1b: Baxcalibur\n|-supereffective|p1b: Baxcalibur\n|-damage|p1b: Baxcalibur|36\/100 par\n|move|p1b: Baxcalibur|Icicle Spear|p2b: Chien-Pao\n|-resisted|p2b: Chien-Pao\n|-damage|p2b: Chien-Pao|87\/100\n|-resisted|p2b: Chien-Pao\n|-damage|p2b: Chien-Pao|73\/100\n|-resisted|p2b: Chien-Pao\n|-damage|p2b: Chien-Pao|60\/100\n|-resisted|p2b: Chien-Pao\n|-damage|p2b: Chien-Pao|47\/100\n|-hitcount|p2b: Chien-Pao|4\n|\n|-weather|Snow|[upkeep]\n|-heal|p1b: Baxcalibur|42\/100 par|[from] ability: Ice Body\n|upkeep\n|turn|3\n|inactive|gabtesting has 30 seconds left.\n|\n|t:|1701053187\n|move|p1b: Baxcalibur|Protect|p1b: Baxcalibur\n|-singleturn|p1b: Baxcalibur|Protect\n|move|p2b: Chien-Pao|Sacred Sword|p1a: Heatran\n|-supereffective|p1a: Heatran\n|-damage|p1a: Heatran|56\/100\n|move|p1a: Heatran|Heat Wave|p2a: Empoleon|[spread] p2a,p2b\n|-resisted|p2a: Empoleon\n|-supereffective|p2b: Chien-Pao\n|-damage|p2a: Empoleon|84\/100\n|-damage|p2b: Chien-Pao|0 fnt\n|faint|p2b: Chien-Pao\n|-damage|p1a: Heatran|47\/100|[from] item: Life Orb\n|move|p2a: Empoleon|Flash Cannon|p1b: Baxcalibur\n|-activate|p1b: Baxcalibur|move: Protect\n|\n|-weather|Snow|[upkeep]\n|-heal|p1b: Baxcalibur|49\/100 par|[from] ability: Ice Body\n|upkeep\n|\n|t:|1701053200\n|switch|p2b: Ninetales|Ninetales-Alola, L50, F|100\/100\n|turn|4\n|\n|t:|1701053215\n|move|p2b: Ninetales|Aurora Veil|p2b: Ninetales\n|-sidestart|p2: SBCrock|move: Aurora Veil\n|move|p1a: Heatran|Heat Wave|p2b: Ninetales|[spread] p2a,p2b\n|-resisted|p2a: Empoleon\n|-supereffective|p2b: Ninetales\n|-damage|p2a: Empoleon|75\/100\n|-damage|p2b: Ninetales|19\/100\n|-enditem|p2b: Ninetales|Aguav Berry|[eat]\n|-heal|p2b: Ninetales|52\/100|[from] item: Aguav Berry\n|-damage|p1a: Heatran|37\/100|[from] item: Life Orb\n|move|p2a: Empoleon|Flash Cannon|p1b: Baxcalibur\n|-supereffective|p1b: Baxcalibur\n|-damage|p1b: Baxcalibur|2\/100 par\n|cant|p1b: Baxcalibur|par\n|\n|-weather|Snow|[upkeep]\n|-heal|p1b: Baxcalibur|8\/100 par|[from] ability: Ice Body\n|upkeep\n|turn|5\n|inactive|gabtesting has 30 seconds left.\n|inactive|SBCrock has 30 seconds left.\n|\n|t:|1701053250\n|move|p2b: Ninetales|Dazzling Gleam|p1b: Baxcalibur|[spread] p1a,p1b\n|-resisted|p1a: Heatran\n|-crit|p1a: Heatran\n|-supereffective|p1b: Baxcalibur\n|-damage|p1a: Heatran|30\/100\n|-damage|p1b: Baxcalibur|0 fnt\n|faint|p1b: Baxcalibur\n|move|p1a: Heatran|Heat Wave|p2b: Ninetales|[spread] p2a,p2b\n|-resisted|p2a: Empoleon\n|-supereffective|p2b: Ninetales\n|-damage|p2a: Empoleon|64\/100\n|-damage|p2b: Ninetales|0 fnt\n|faint|p2b: Ninetales\n|-damage|p1a: Heatran|20\/100|[from] item: Life Orb\n|move|p2a: Empoleon|Flash Cannon|p1a: Heatran\n|-resisted|p1a: Heatran\n|-damage|p1a: Heatran|14\/100\n|\n|-weather|none\n|-sideend|p1: gabtesting|move: Aurora Veil\n|upkeep\n|\n|t:|1701053263\n|switch|p2b: Thundurus|Thundurus, L50, M|100\/100\n|switch|p1b: Cetitan|Cetitan, L50, F|100\/100\n|turn|6\n|\n|t:|1701053281\n|-terastallize|p1b: Cetitan|Water\n|move|p2b: Thundurus|Wildbolt Storm|p1a: Heatran|[spread] p1a,p1b\n|-crit|p1a: Heatran\n|-supereffective|p1b: Cetitan\n|-damage|p1a: Heatran|0 fnt\n|-damage|p1b: Cetitan|53\/100\n|faint|p1a: Heatran\n|move|p1b: Cetitan|Icicle Crash|p2b: Thundurus\n|-supereffective|p2b: Thundurus\n|-damage|p2b: Thundurus|6\/100\n|-enditem|p2b: Thundurus|Wiki Berry|[eat]\n|-heal|p2b: Thundurus|39\/100|[from] item: Wiki Berry\n|move|p2a: Empoleon|Hydro Pump|p1b: Cetitan\n|-resisted|p1b: Cetitan\n|-damage|p1b: Cetitan|26\/100\n|\n|upkeep\n|turn|7\n|\n|t:|1701053303\n|move|p2b: Thundurus|Wildbolt Storm|p1b: Cetitan|[miss]\n|-miss|p2b: Thundurus|p1b: Cetitan\n|move|p1b: Cetitan|Superpower|p2a: Empoleon\n|-damage|p2a: Empoleon|35\/100\n|-unboost|p1b: Cetitan|atk|1\n|-unboost|p1b: Cetitan|def|1\n|move|p2a: Empoleon|Flash Cannon|p1b: Cetitan\n|-resisted|p1b: Cetitan\n|-crit|p1b: Cetitan\n|-damage|p1b: Cetitan|4\/100\n|\n|upkeep\n|turn|8\n|\n|t:|1701053316\n|move|p2b: Thundurus|Wildbolt Storm|p1b: Cetitan\n|-supereffective|p1b: Cetitan\n|-damage|p1b: Cetitan|0 fnt\n|faint|p1b: Cetitan\n|\n|win|SBCrock\n|raw|gabtesting's rating: 1048 &rarr; <strong>1029<\/strong><br \/>(-19 for losing)\n|raw|SBCrock's rating: 1014 &rarr; <strong>1056<\/strong><br \/>(+42 for winning)\n","uploadtime":1701053321,"views":10,"p1id":"gabtesting","p2id":"sbcrock","formatid":"gen9vgc2023regulatione","rating":1029,"private":0,"password":""}