{"id":"gen9vgc2023regulatione-1996323139","p1":"zfdnfdxndf","p2":"casakikas","format":"[Gen 9] VGC 2023 Regulation E","log":"|j|\u2606zfdnfdxndf\n|j|\u2606casakikas\n|t:|1700671104\n|gametype|doubles\n|player|p1|zfdnfdxndf|101|1049\n|player|p2|casakikas|265|1151\n|teamsize|p1|6\n|teamsize|p2|6\n|gen|9\n|tier|[Gen 9] VGC 2023 Regulation E\n|rated|\n|rule|Species Clause: Limit one of each Pok\u00e9mon\n|rule|Item Clause: Limit one of each item\n|clearpoke\n|poke|p1|Gholdengo, L50|\n|poke|p1|Iron Hands, L50|\n|poke|p1|Amoonguss, L50, F|\n|poke|p1|Iron Bundle, L50|\n|poke|p1|Pelipper, L50, M|\n|poke|p1|Salamence, L50, F|\n|poke|p2|Sinistcha-Masterpiece, L50|\n|poke|p2|Gholdengo, L50|\n|poke|p2|Basculegion, L50, M|\n|poke|p2|Farigiraf, L50, F|\n|poke|p2|Arcanine-Hisui, L50, F|\n|poke|p2|Annihilape, L50, M|\n|teampreview|4\n|\n|t:|1700671138\n|start\n|switch|p1a: Gholdengo|Gholdengo, L50|100\/100\n|switch|p1b: Amoonguss|Amoonguss, L50, F|100\/100\n|switch|p2a: Sinistcha|Sinistcha-Masterpiece, L50|100\/100\n|switch|p2b: Basculegion|Basculegion, L50, M|100\/100\n|turn|1\n|inactive|Battle timer is ON: inactive players will automatically lose when time's up. (requested by zfdnfdxndf)\n|\n|t:|1700671176\n|-terastallize|p2b: Basculegion|Water\n|move|p1b: Amoonguss|Rage Powder|p1b: Amoonguss\n|-singleturn|p1b: Amoonguss|move: Rage Powder\n|move|p1a: Gholdengo|Nasty Plot|p1a: Gholdengo\n|-boost|p1a: Gholdengo|spa|2\n|move|p2b: Basculegion|Wave Crash|p1b: Amoonguss\n|-resisted|p1b: Amoonguss\n|-damage|p1b: Amoonguss|50\/100\n|-enditem|p1b: Amoonguss|Sitrus Berry|[eat]\n|-heal|p1b: Amoonguss|75\/100|[from] item: Sitrus Berry\n|-damage|p2b: Basculegion|84\/100|[from] Recoil\n|move|p2a: Sinistcha|Trick Room|p2a: Sinistcha\n|-fieldstart|move: Trick Room|[of] p2a: Sinistcha\n|\n|upkeep\n|turn|2\n|\n|t:|1700671196\n|move|p1a: Gholdengo|Protect|p1a: Gholdengo\n|-singleturn|p1a: Gholdengo|Protect\n|move|p1b: Amoonguss|Spore|p2b: Basculegion\n|-status|p2b: Basculegion|slp|[from] move: Spore\n|move|p2a: Sinistcha|Shadow Ball|p1a: Gholdengo\n|-activate|p1a: Gholdengo|move: Protect\n|cant|p2b: Basculegion|slp\n|\n|upkeep\n|turn|3\n|\n|t:|1700671215\n|switch|p2b: Farigiraf|Farigiraf, L50, F|100\/100\n|move|p1b: Amoonguss|Rage Powder|p1b: Amoonguss\n|-singleturn|p1b: Amoonguss|move: Rage Powder\n|move|p2a: Sinistcha|Shadow Ball|p1a: Gholdengo\n|-supereffective|p1a: Gholdengo\n|-damage|p1a: Gholdengo|35\/100\n|move|p1a: Gholdengo|Make It Rain|p2b: Farigiraf|[spread] p2a,p2b\n|-damage|p2a: Sinistcha|3\/100\n|-damage|p2b: Farigiraf|12\/100\n|-unboost|p1a: Gholdengo|spa|1\n|\n|-heal|p2b: Farigiraf|18\/100|[from] item: Leftovers\n|-heal|p1a: Gholdengo|41\/100|[from] item: Leftovers\n|upkeep\n|turn|4\n|\n|t:|1700671231\n|move|p1a: Gholdengo|Protect|p1a: Gholdengo\n|-singleturn|p1a: Gholdengo|Protect\n|move|p1b: Amoonguss|Pollen Puff|p2a: Sinistcha\n|-damage|p2a: Sinistcha|0 fnt\n|faint|p2a: Sinistcha\n|move|p2b: Farigiraf|Psychic|p1b: Amoonguss\n|-supereffective|p1b: Amoonguss\n|-damage|p1b: Amoonguss|0 fnt\n|faint|p1b: Amoonguss\n|\n|-heal|p2b: Farigiraf|24\/100|[from] item: Leftovers\n|-heal|p1a: Gholdengo|47\/100|[from] item: Leftovers\n|upkeep\n|\n|t:|1700671246\n|switch|p1b: Iron Hands|Iron Hands, L50|100\/100\n|switch|p2a: Arcanine|Arcanine-Hisui, L50, F|100\/100\n|-ability|p2a: Arcanine|Intimidate|boost\n|-unboost|p1a: Gholdengo|atk|1\n|-unboost|p1b: Iron Hands|atk|1\n|turn|5\n|\n|t:|1700671257\n|move|p1b: Iron Hands|Wild Charge|p2b: Farigiraf\n|-damage|p2b: Farigiraf|0 fnt\n|faint|p2b: Farigiraf\n|-damage|p1b: Iron Hands|95\/100|[from] Recoil\n|move|p2a: Arcanine|Flare Blitz|p1a: Gholdengo\n|-supereffective|p1a: Gholdengo\n|-damage|p1a: Gholdengo|0 fnt\n|faint|p1a: Gholdengo\n|-damage|p2a: Arcanine|87\/100|[from] Recoil\n|\n|-fieldend|move: Trick Room\n|upkeep\n|\n|t:|1700671269\n|switch|p1a: Iron Bundle|Iron Bundle, L50|100\/100\n|switch|p2b: Basculegion|Basculegion, L50, M, tera:Water|84\/100 slp\n|-enditem|p1a: Iron Bundle|Booster Energy\n|-activate|p1a: Iron Bundle|ability: Quark Drive|[fromitem]\n|-start|p1a: Iron Bundle|quarkdrivespe\n|turn|6\n|\n|t:|1700671284\n|move|p1a: Iron Bundle|Hydro Pump|p2a: Arcanine\n|-supereffective|p2a: Arcanine\n|-damage|p2a: Arcanine|0 fnt\n|faint|p2a: Arcanine\n|cant|p2b: Basculegion|slp\n|move|p1b: Iron Hands|Drain Punch|p2b: Basculegion\n|-damage|p2b: Basculegion|54\/100 slp\n|-heal|p1b: Iron Hands|100\/100|[from] drain|[of] p2b: Basculegion\n|\n|upkeep\n|turn|7\n|inactive|zfdnfdxndf has 30 seconds left.\n|inactive|zfdnfdxndf has 20 seconds left.\n|\n|t:|1700671321\n|move|p1a: Iron Bundle|Freeze-Dry|p2b: Basculegion\n|-supereffective|p2b: Basculegion\n|-damage|p2b: Basculegion|0 fnt\n|faint|p2b: Basculegion\n|\n|win|zfdnfdxndf\n|raw|zfdnfdxndf's rating: 1049 &rarr; <strong>1091<\/strong><br \/>(+42 for winning)\n|raw|casakikas's rating: 1151 &rarr; <strong>1119<\/strong><br \/>(-32 for losing)\n","uploadtime":1700671326,"views":0,"p1id":"zfdnfdxndf","p2id":"casakikas","formatid":"gen9vgc2023regulatione","rating":1091,"private":0,"password":""}