{"id":"gen9vgc2023regulatione-2000387293","p1":"dean007","p2":"shuu tetsuuu","format":"[Gen 9] VGC 2023 Regulation E","log":"|j|\u2606dean007\n|j|\u2606shuu tetsuuu\n|t:|1701190538\n|gametype|doubles\n|player|p1|dean007|riley|1029\n|player|p2|shuu tetsuuu|102|1014\n|teamsize|p1|6\n|teamsize|p2|6\n|gen|9\n|tier|[Gen 9] VGC 2023 Regulation E\n|rated|\n|rule|Species Clause: Limit one of each Pok\u00e9mon\n|rule|Item Clause: Limit one of each item\n|clearpoke\n|poke|p1|Corviknight, L50, F|\n|poke|p1|Gholdengo, L50|\n|poke|p1|Rotom-Wash, L50|\n|poke|p1|Amoonguss, L50, F|\n|poke|p1|Ting-Lu, L50|\n|poke|p1|Ursaluna, L50, M|\n|poke|p2|Grafaiai, L50, F|\n|poke|p2|Slaking, L50, M|\n|poke|p2|Gyarados, L50, F|\n|poke|p2|Garchomp, L50, M|\n|poke|p2|Sinistcha, L50|\n|poke|p2|Flutter Mane, L50|\n|teampreview|4\n|inactive|Battle timer is ON: inactive players will automatically lose when time's up. (requested by dean007)\n|inactive|shuu tetsuuu has 60 seconds left.\n|\n|t:|1701190575\n|start\n|switch|p1a: Amoonguss|Amoonguss, L50, F, shiny|100\/100\n|switch|p1b: Rotom|Rotom-Wash, L50, shiny|100\/100\n|switch|p2a: Flutter Mane|Flutter Mane, L50|100\/100\n|switch|p2b: Garchomp|Garchomp, L50, M|100\/100\n|turn|1\n|\n|t:|1701190599\n|-terastallize|p2a: Flutter Mane|Fire\n|move|p2b: Garchomp|Rock Slide|p1b: Rotom|[spread] p1a,p1b\n|-damage|p1a: Amoonguss|71\/100\n|-damage|p1b: Rotom|67\/100\n|move|p2a: Flutter Mane|Mystical Fire|p1a: Amoonguss\n|-supereffective|p1a: Amoonguss\n|-damage|p1a: Amoonguss|0 fnt\n|faint|p1a: Amoonguss\n|move|p1b: Rotom|Hydro Pump|p2a: Flutter Mane\n|-supereffective|p2a: Flutter Mane\n|-damage|p2a: Flutter Mane|44\/100\n|\n|upkeep\n|\n|t:|1701190613\n|switch|p1a: Ursaluna|Ursaluna, L50, M|100\/100\n|turn|2\n|\n|t:|1701190620\n|move|p2b: Garchomp|Rock Slide|p1a: Ursaluna|[spread] p1b\n|-miss|p2b: Garchomp|p1a: Ursaluna\n|-damage|p1b: Rotom|36\/100\n|move|p2a: Flutter Mane|Icy Wind|p1a: Ursaluna|[spread] p1a,p1b\n|-supereffective|p1a: Ursaluna\n|-resisted|p1b: Rotom\n|-damage|p1a: Ursaluna|69\/100\n|-damage|p1b: Rotom|30\/100\n|-unboost|p1a: Ursaluna|spe|1\n|-unboost|p1b: Rotom|spe|1\n|move|p1b: Rotom|Hydro Pump|p2b: Garchomp\n|-damage|p2b: Garchomp|58\/100\n|move|p1a: Ursaluna|Hyper Voice|p2b: Garchomp|[spread] p2a,p2b\n|-crit|p2a: Flutter Mane\n|-damage|p2a: Flutter Mane|30\/100\n|-damage|p2b: Garchomp|43\/100\n|\n|upkeep\n|turn|3\n|inactive|dean007 has 30 seconds left.\n|\n|t:|1701190646\n|move|p1b: Rotom|Protect|p1b: Rotom\n|-singleturn|p1b: Rotom|Protect\n|move|p2b: Garchomp|Rock Slide|p1b: Rotom|[spread] p1a\n|-activate|p1b: Rotom|move: Protect\n|-resisted|p1a: Ursaluna\n|-damage|p1a: Ursaluna|58\/100\n|move|p2a: Flutter Mane|Icy Wind|p1b: Rotom|[spread] p1a\n|-activate|p1b: Rotom|move: Protect\n|-supereffective|p1a: Ursaluna\n|-damage|p1a: Ursaluna|25\/100\n|-unboost|p1a: Ursaluna|spe|1\n|move|p1a: Ursaluna|Earthquake|p2b: Garchomp|[spread] p2a,p2b\n|-activate|p1b: Rotom|move: Protect\n|-supereffective|p2a: Flutter Mane\n|-damage|p2a: Flutter Mane|0 fnt\n|-damage|p2b: Garchomp|0 fnt\n|faint|p2a: Flutter Mane\n|-end|p2a: Flutter Mane|Protosynthesis|[silent]\n|faint|p2b: Garchomp\n|\n|upkeep\n|\n|t:|1701190664\n|switch|p2b: Slaking|Slaking, L50, M|100\/100\n|switch|p2a: Grafaiai|Grafaiai, L50, F|100\/100\n|turn|4\n|\n|t:|1701190689\n|move|p2a: Grafaiai|Doodle|p1a: Ursaluna\n|-endability|p2a: Grafaiai|Prankster|[from] move: Doodle\n|-ability|p2a: Grafaiai|Guts|[from] move: Doodle\n|-endability|p2b: Slaking|Truant|[from] move: Doodle\n|-ability|p2b: Slaking|Guts|[from] move: Doodle\n|move|p2b: Slaking|Facade|p1a: Ursaluna\n|-damage|p1a: Ursaluna|0 fnt\n|-damage|p2b: Slaking|84\/100|[from] item: Rocky Helmet|[of] p1a: Ursaluna\n|faint|p1a: Ursaluna\n|move|p1b: Rotom|Will-O-Wisp|p2b: Slaking\n|-status|p2b: Slaking|brn\n|\n|-damage|p2b: Slaking|78\/100 brn|[from] brn\n|upkeep\n|\n|t:|1701190704\n|switch|p1a: Ting-Lu|Ting-Lu, L50|100\/100\n|-ability|p1a: Ting-Lu|Vessel of Ruin\n|turn|5\n|\n|t:|1701190724\n|move|p1b: Rotom|Protect|p1b: Rotom\n|-singleturn|p1b: Rotom|Protect\n|move|p2b: Slaking|Bulk Up|p2b: Slaking\n|-boost|p2b: Slaking|atk|1\n|-boost|p2b: Slaking|def|1\n|move|p2a: Grafaiai|Poison Jab|p1a: Ting-Lu\n|-resisted|p1a: Ting-Lu\n|-damage|p1a: Ting-Lu|93\/100\n|move|p1a: Ting-Lu|Earthquake|p2b: Slaking|[spread] p2a,p2b\n|-activate|p1b: Rotom|move: Protect\n|-supereffective|p2a: Grafaiai\n|-damage|p2a: Grafaiai|32\/100\n|-damage|p2b: Slaking|62\/100 brn\n|\n|-damage|p2b: Slaking|56\/100 brn|[from] brn\n|upkeep\n|turn|6\n|inactive|dean007 has 30 seconds left.\n|\n|t:|1701190751\n|-terastallize|p1b: Rotom|Electric\n|move|p2b: Slaking|Facade|p1a: Ting-Lu\n|-damage|p1a: Ting-Lu|0 fnt\n|faint|p1a: Ting-Lu\n|move|p2a: Grafaiai|Poison Jab|p1b: Rotom\n|-damage|p1b: Rotom|0 fnt\n|faint|p1b: Rotom\n|\n|win|shuu tetsuuu\n|raw|dean007's rating: 1029 &rarr; <strong>1014<\/strong><br \/>(-15 for losing)\n|raw|shuu tetsuuu's rating: 1014 &rarr; <strong>1054<\/strong><br \/>(+40 for winning)\n","uploadtime":1701190764,"views":5,"p1id":"dean007","p2id":"shuutetsuuu","formatid":"gen9vgc2023regulatione","rating":1014,"private":0,"password":""}