{"id":"gen9vgc2023regulatione-1988164136","p1":"kidturtle","p2":"metronome11","format":"[Gen 9] VGC 2023 Regulation E","log":"|j|\u2606kidturtle\n|j|\u2606metronome11\n|t:|1699678004\n|gametype|doubles\n|player|p1|kidturtle|hoopster|\n|player|p2|metronome11|169|\n|teamsize|p1|6\n|teamsize|p2|6\n|gen|9\n|tier|[Gen 9] VGC 2023 Regulation E\n|rated|Tournament battle\n|rule|Species Clause: Limit one of each Pok\u00e9mon\n|rule|Item Clause: Limit one of each item\n|clearpoke\n|poke|p1|Ursaluna, L50, M|\n|poke|p1|Cresselia, L50, F|\n|poke|p1|Flutter Mane, L50|\n|poke|p1|Chi-Yu, L50|\n|poke|p1|Iron Hands, L50|\n|poke|p1|Urshifu-*, L50, M|\n|poke|p2|Ninetales-Alola, L50, M|\n|poke|p2|Flutter Mane, L50|\n|poke|p2|Ogerpon-Hearthflame, L50, F|\n|poke|p2|Rotom-Wash, L50|\n|poke|p2|Landorus-Therian, L50, M|\n|poke|p2|Scream Tail, L50|\n|teampreview|4\n|showteam|p1|Ursaluna||FlameOrb|Guts|Facade,Earthquake,SwordsDance,Protect|||M|||50|,,,,,Ghost]Cresselia||MentalHerb|Levitate|IceBeam,AllySwitch,LunarBlessing,TrickRoom|||F|||50|,,,,,Fairy]Flutter Mane||BoosterEnergy|Protosynthesis|IcyWind,ShadowBall,Moonblast,Protect||||||50|,,,,,Fairy]Chi-Yu||ChoiceSpecs|BeadsofRuin|BurningJealousy,DarkPulse,Overheat,Snarl||||||50|,,,,,Ghost]Iron Hands||SitrusBerry|QuarkDrive|DrainPunch,WildCharge,FakeOut,SwordsDance||||||50|,,,,,Fire]Urshifu||FocusSash|UnseenFist|Detect,WickedBlow,CloseCombat,SuckerPunch|||M|||50|,,,,,Dark\n|showteam|p2|Ninetales-Alola||LifeOrb|SnowWarning|AuroraVeil,Blizzard,Moonblast,Protect|||M|||50|,,,,,Water]Flutter Mane||BoosterEnergy|Protosynthesis|PowerGem,ShadowBall,Protect,Moonblast||||||50|,,,,,Fairy]Ogerpon-Hearthflame||HearthflameMask|MoldBreaker|SpikyShield,IvyCudgel,HornLeech,SwordsDance|||F|||50|,,,,,Fire]Rotom-Wash||SitrusBerry|Levitate|WillOWisp,Thunderbolt,HydroPump,VoltSwitch||||||50|,,,,,Electric]Landorus-Therian||ChoiceScarf|Intimidate|RockSlide,StompingTantrum,Uturn,TeraBlast|||M|||50|,,,,,Steel]Scream Tail||CovertCloak|Protosynthesis|TrickRoom,Imprison,Encore,Disable||||||50|,,,,,Fairy\n|inactive|Battle timer is ON: inactive players will automatically lose when time's up. (requested by kidturtle)\n|j| Riokei_showdown\n|\n|t:|1699678028\n|start\n|switch|p1a: Flutter Mane|Flutter Mane, L50, shiny|100\/100\n|switch|p1b: Chi-Yu|Chi-Yu, L50|100\/100\n|switch|p2a: Landorus|Landorus-Therian, L50, M|100\/100\n|switch|p2b: Scream Tail|Scream Tail, L50|100\/100\n|-ability|p2a: Landorus|Intimidate|boost\n|-unboost|p1a: Flutter Mane|atk|1\n|-unboost|p1b: Chi-Yu|atk|1\n|-ability|p1b: Chi-Yu|Beads of Ruin\n|-enditem|p1a: Flutter Mane|Booster Energy\n|-activate|p1a: Flutter Mane|ability: Protosynthesis|[fromitem]\n|-start|p1a: Flutter Mane|protosynthesisspe\n|turn|1\n|\n|t:|1699678050\n|move|p1a: Flutter Mane|Icy Wind|p2a: Landorus|[spread] p2a,p2b\n|-supereffective|p2a: Landorus\n|-damage|p2a: Landorus|0 fnt\n|-damage|p2b: Scream Tail|87\/100\n|faint|p2a: Landorus\n|move|p2b: Scream Tail|Imprison|p2b: Scream Tail\n|-start|p2b: Scream Tail|move: Imprison\n|move|p1b: Chi-Yu|Burning Jealousy|p2b: Scream Tail\n|-damage|p2b: Scream Tail|34\/100\n|\n|upkeep\n|\n|t:|1699678062\n|switch|p2a: Ogerpon|Ogerpon-Hearthflame, L50, F|100\/100\n|-ability|p2a: Ogerpon|Mold Breaker\n|turn|2\n|inactive|metronome11 has 30 seconds left.\n|inactive|metronome11 has 20 seconds left.\n|\n|t:|1699678098\n|-terastallize|p2a: Ogerpon|Fire\n|detailschange|p2a: Ogerpon|Ogerpon-Hearthflame-Tera, L50, F, tera:Fire\n|-ability|p2a: Ogerpon|Embody Aspect (Hearthflame)|boost\n|-boost|p2a: Ogerpon|atk|1\n|move|p1a: Flutter Mane|Moonblast|p2b: Scream Tail\n|-damage|p2b: Scream Tail|0 fnt\n|faint|p2b: Scream Tail\n|-end|p2b: Scream Tail|Protosynthesis|[silent]\n|move|p2a: Ogerpon|Ivy Cudgel|p1a: Flutter Mane\n|-crit|p1a: Flutter Mane\n|-damage|p1a: Flutter Mane|0 fnt\n|faint|p1a: Flutter Mane\n|-end|p1a: Flutter Mane|Protosynthesis|[silent]\n|move|p1b: Chi-Yu|Burning Jealousy|p2a: Ogerpon\n|-resisted|p2a: Ogerpon\n|-damage|p2a: Ogerpon|58\/100\n|\n|upkeep\n|\n|t:|1699678107\n|switch|p1a: Cresselia|Cresselia, L50, F|100\/100\n|switch|p2b: Flutter Mane|Flutter Mane, L50|100\/100\n|-enditem|p2b: Flutter Mane|Booster Energy\n|-activate|p2b: Flutter Mane|ability: Protosynthesis|[fromitem]\n|-start|p2b: Flutter Mane|protosynthesisspa\n|turn|3\n|\n|t:|1699678119\n|-terastallize|p1a: Cresselia|Fairy\n|move|p2b: Flutter Mane|Shadow Ball|p1a: Cresselia\n|-damage|p1a: Cresselia|56\/100\n|move|p2a: Ogerpon|Ivy Cudgel|p1b: Chi-Yu\n|-resisted|p1b: Chi-Yu\n|-damage|p1b: Chi-Yu|10\/100\n|move|p1b: Chi-Yu|Burning Jealousy|p2b: Flutter Mane|[spread] p2a,p2b\n|-resisted|p2a: Ogerpon\n|-damage|p2a: Ogerpon|23\/100\n|-damage|p2b: Flutter Mane|54\/100\n|move|p1a: Cresselia|Trick Room|p1a: Cresselia\n|-fieldstart|move: Trick Room|[of] p1a: Cresselia\n|\n|upkeep\n|turn|4\n|l| Riokei_showdown\n|\n|t:|1699678142\n|move|p2a: Ogerpon|Spiky Shield|p2a: Ogerpon\n|-singleturn|p2a: Ogerpon|move: Protect\n|move|p2b: Flutter Mane|Protect|p2b: Flutter Mane\n|-singleturn|p2b: Flutter Mane|Protect\n|move|p1a: Cresselia|Ice Beam|p2b: Flutter Mane\n|-activate|p2b: Flutter Mane|move: Protect\n|move|p1b: Chi-Yu|Burning Jealousy|p2a: Ogerpon|[spread] \n|-activate|p2a: Ogerpon|move: Protect\n|-activate|p2b: Flutter Mane|move: Protect\n|\n|upkeep\n|turn|5\n|\n|t:|1699678158\n|move|p1a: Cresselia|Ice Beam|p2b: Flutter Mane\n|-damage|p2b: Flutter Mane|31\/100\n|move|p1b: Chi-Yu|Burning Jealousy|p2a: Ogerpon|[spread] p2a,p2b\n|-resisted|p2a: Ogerpon\n|-damage|p2a: Ogerpon|0 fnt\n|-damage|p2b: Flutter Mane|0 fnt\n|faint|p2a: Ogerpon\n|faint|p2b: Flutter Mane\n|-end|p2b: Flutter Mane|Protosynthesis|[silent]\n|\n|win|kidturtle\n|n|\u2606kidturtle|kidturtle\n|n|\u2606metronome11|metronome11\n","uploadtime":1699678165,"views":14,"p1id":"kidturtle","p2id":"metronome11","formatid":"gen9vgc2023regulatione","rating":0,"private":0,"password":""}