{"id":"gen9vgc2023regulatione-1989816660","p1":"Zerwikaptur","p2":"kaleb5royal","format":"[Gen 9] VGC 2023 Regulation E","log":"|j|\u2606Zerwikaptur\n|j|\u2606kaleb5royal\n|t:|1699898166\n|gametype|doubles\n|player|p1|Zerwikaptur|101|1243\n|player|p2|kaleb5royal|benga|1267\n|teamsize|p1|6\n|teamsize|p2|6\n|gen|9\n|tier|[Gen 9] VGC 2023 Regulation E\n|rated|\n|rule|Species Clause: Limit one of each Pok\u00e9mon\n|rule|Item Clause: Limit one of each item\n|clearpoke\n|poke|p1|Indeedee-F, L50, F|\n|poke|p1|Armarouge, L50, M|\n|poke|p1|Zoroark-Hisui, L50, F|\n|poke|p1|Cresselia, L50, F|\n|poke|p1|Ursaluna, L50, F|\n|poke|p1|Ogerpon-Wellspring, L50, F|\n|poke|p2|Landorus, L50, M|\n|poke|p2|Tornadus, L50, M|\n|poke|p2|Dragonite, L50, F|\n|poke|p2|Sinistcha-Masterpiece, L50|\n|poke|p2|Iron Hands, L50|\n|poke|p2|Chien-Pao, L50|\n|teampreview|4\nkaleb5royal rejected open team sheets.\n|inactive|Battle timer is ON: inactive players will automatically lose when time's up. (requested by kaleb5royal)\n|\n|t:|1699898205\n|start\n|switch|p1a: Cresselia|Cresselia, L50, F, shiny|100\/100\n|switch|p1b: Ursaluna|Ursaluna, L50, F, shiny|100\/100\n|switch|p2a: Chien-Pao|Chien-Pao, L50|100\/100\n|switch|p2b: Landorus|Landorus, L50, M|100\/100\n|-ability|p2a: Chien-Pao|Sword of Ruin\n|turn|1\n|\n|t:|1699898226\n|switch|p2b: Dragonite|Dragonite, L50, F|100\/100\n|-terastallize|p1a: Cresselia|Dark\n|move|p1b: Ursaluna|Protect|p1b: Ursaluna\n|-singleturn|p1b: Ursaluna|Protect\n|move|p2a: Chien-Pao|Ice Spinner|p1b: Ursaluna\n|-activate|p1b: Ursaluna|move: Protect\n|move|p1a: Cresselia|Trick Room|p1a: Cresselia\n|-fieldstart|move: Trick Room|[of] p1a: Cresselia\n|\n|-status|p1b: Ursaluna|brn|[from] item: Flame Orb\n|upkeep\n|turn|2\n|\n|t:|1699898246\n|-terastallize|p2a: Chien-Pao|Ghost\n|move|p1b: Ursaluna|Facade|p2a: Chien-Pao\n|-immune|p2a: Chien-Pao\n|move|p1a: Cresselia|Icy Wind|p2b: Dragonite|[spread] p2a,p2b\n|-supereffective|p2b: Dragonite\n|-damage|p2a: Chien-Pao|87\/100\n|-damage|p2b: Dragonite|67\/100\n|-unboost|p2a: Chien-Pao|spe|1\n|-unboost|p2b: Dragonite|spe|1\n|move|p2b: Dragonite|Brick Break|p1a: Cresselia\n|-supereffective|p1a: Cresselia\n|-damage|p1a: Cresselia|31\/100\n|move|p2a: Chien-Pao|Ice Spinner|p1b: Ursaluna\n|-supereffective|p1b: Ursaluna\n|-damage|p1b: Ursaluna|9\/100 brn\n|\n|-damage|p1b: Ursaluna|3\/100 brn|[from] brn\n|upkeep\n|turn|3\n|inactive|kaleb5royal has 30 seconds left.\n|\n|t:|1699898275\n|move|p1b: Ursaluna|Protect|p1b: Ursaluna\n|-singleturn|p1b: Ursaluna|Protect\n|move|p2a: Chien-Pao|Protect|p2a: Chien-Pao\n|-singleturn|p2a: Chien-Pao|Protect\n|move|p2b: Dragonite|Brick Break|p1a: Cresselia\n|-supereffective|p1a: Cresselia\n|-damage|p1a: Cresselia|0 fnt\n|faint|p1a: Cresselia\n|\n|-damage|p1b: Ursaluna|0 fnt|[from] brn\n|faint|p1b: Ursaluna\n|upkeep\n|\n|t:|1699898286\n|switch|p1b: Ogerpon|Ogerpon-Wellspring, L50, F|100\/100\n|switch|p1a: Ogerpon|Ogerpon-Wellspring, L50, F|100\/100\n|turn|4\n|\n|t:|1699898298\n|switch|p2b: Iron Hands|Iron Hands, L50|100\/100\n|move|p2a: Chien-Pao|Sucker Punch|p1b: Ogerpon\n|-damage|p1b: Ogerpon|28\/100\n|move|p1a: Ogerpon|Shadow Ball|p2a: Chien-Pao\n|-supereffective|p2a: Chien-Pao\n|-damage|p2a: Chien-Pao|0 fnt\n|faint|p2a: Chien-Pao\n|move|p1b: Ogerpon|Ivy Cudgel|p2b: Iron Hands\n|-crit|p2b: Iron Hands\n|-damage|p2b: Iron Hands|39\/100\n|\n|upkeep\n|\n|t:|1699898311\n|switch|p2a: Dragonite|Dragonite, L50, F|67\/100\n|turn|5\n|\n|t:|1699898321\n|move|p1a: Ogerpon|Protect|p1a: Ogerpon\n|-singleturn|p1a: Ogerpon|Protect\n|move|p1b: Ogerpon|Spiky Shield|p1b: Ogerpon\n|-singleturn|p1b: Ogerpon|move: Protect\n|move|p2a: Dragonite|Extreme Speed|p1b: Ogerpon\n|-activate|p1b: Ogerpon|move: Protect\n|-damage|p2a: Dragonite|55\/100|[from] Spiky Shield|[of] p1b: Ogerpon\n|move|p2b: Iron Hands|Wild Charge|p1a: Ogerpon\n|-activate|p1a: Ogerpon|move: Protect\n|\n|-fieldend|move: Trick Room\n|upkeep\n|turn|6\n|inactive|Zerwikaptur has 30 seconds left.\n|\n|t:|1699898347\n|move|p1b: Ogerpon|Spiky Shield||[still]\n|-fail|p1b: Ogerpon\n|move|p2a: Dragonite|Extreme Speed|p1b: Ogerpon\n|-damage|p1b: Ogerpon|0 fnt\n|faint|p1b: Ogerpon\n|move|p1a: Ogerpon|Hyper Voice|p2a: Dragonite|[spread] p2a,p2b\n|-damage|p2a: Dragonite|21\/100\n|-damage|p2b: Iron Hands|23\/100\n|move|p2b: Iron Hands|Wild Charge|p1a: Ogerpon\n|-crit|p1a: Ogerpon\n|-enditem|p1a: Ogerpon|Focus Sash\n|-damage|p1a: Ogerpon|1\/100\n|replace|p1a: Zoroark|Zoroark-Hisui, L50, F, shiny\n|-end|p1a: Zoroark|Illusion\n|-damage|p2b: Iron Hands|9\/100|[from] Recoil\n|\n|upkeep\n|turn|7\n|\n|t:|1699898363\n|switch|p2a: Landorus|Landorus, L50, M|100\/100\n|move|p1a: Zoroark|Hyper Voice|p2a: Landorus|[spread] p2a,p2b\n|-damage|p2a: Landorus|56\/100\n|-damage|p2b: Iron Hands|0 fnt\n|faint|p2b: Iron Hands\n|-end|p2b: Iron Hands|Quark Drive|[silent]\n|\n|upkeep\n|\n|t:|1699898370\n|switch|p2b: Dragonite|Dragonite, L50, F|21\/100\n|turn|8\n|\n|t:|1699898374\n|move|p2b: Dragonite|Aqua Jet|p1a: Zoroark\n|-damage|p1a: Zoroark|0 fnt\n|faint|p1a: Zoroark\n|\n|win|kaleb5royal\n|raw|Zerwikaptur's rating: 1243 &rarr; <strong>1220<\/strong><br \/>(-23 for losing)\n|raw|kaleb5royal's rating: 1267 &rarr; <strong>1290<\/strong><br \/>(+23 for winning)\n|l|\u2606Zerwikaptur\n","uploadtime":1699898378,"views":7,"p1id":"zerwikaptur","p2id":"kaleb5royal","formatid":"gen9vgc2023regulatione","rating":1220,"private":0,"password":""}