{"id":"gen9vgc2023regulatione-1994492032","p1":"NZera","p2":"Leek_Alt","format":"[Gen 9] VGC 2023 Regulation E","log":"|j|\u2606NZera\n|j|\u2606Leek_Alt\n|t:|1700450233\n|gametype|doubles\n|player|p1|NZera|grimsley|\n|player|p2|Leek_Alt|blue|\n|teamsize|p1|6\n|teamsize|p2|6\n|gen|9\n|tier|[Gen 9] VGC 2023 Regulation E\n|rated|Tournament battle\n|rule|Species Clause: Limit one of each Pok\u00e9mon\n|rule|Item Clause: Limit one of each item\n|clearpoke\n|poke|p1|Delphox, L50, M|\n|poke|p1|Typhlosion-Hisui, L50, M|\n|poke|p1|Samurott-Hisui, L50, M|\n|poke|p1|Greninja-*, L50, M|\n|poke|p1|Chesnaught, L50, M|\n|poke|p1|Meowscarada, L50, M|\n|poke|p2|Gholdengo, L50|\n|poke|p2|Ogerpon-Wellspring, L50, F|\n|poke|p2|Arcanine-Hisui, L50, F|\n|poke|p2|Chien-Pao, L50|\n|poke|p2|Scream Tail, L50|\n|poke|p2|Dragonite, L50, F|\n|teampreview|4\n|showteam|p1|Delphox||LightClay|Magician|Reflect,LightScreen,HeatWave,Psychic|||M|||50|,,,,,Fire]Typhlosion-Hisui||WiseGlasses|Frisk|HeatWave,InfernalParade,WillOWisp,CalmMind|||M|||50|,,,,,Ghost]Samurott-Hisui||FocusSash|Sharpness|CeaselessEdge,AquaCutter,SacredSword,Encore|||M|||50|,,,,,Water]Greninja||ChoiceBand|Protean|IceBeam,WaterShuriken,DarkPulse,Switcheroo|||M|||50|,,,,,Water]Chesnaught||Leftovers|Bulletproof|SpikyShield,DrainPunch,Trailblaze,BulkUp|||M|||50|,,,,,Fighting]Meowscarada||LifeOrb|Protean|FlowerTrick,KnockOff,PlayRough,Uturn|||M|||50|,,,,,Grass\n|showteam|p2|Gholdengo||SitrusBerry|GoodasGold|MakeItRain,ShadowBall,NastyPlot,Protect||||||50|,,,,,Water]Ogerpon-Wellspring||WellspringMask|WaterAbsorb|IvyCudgel,SpikyShield,FollowMe,HornLeech|||F|||50|,,,,,Water]Arcanine-Hisui||ChoiceBand|Intimidate|RockSlide,ExtremeSpeed,FlareBlitz,TeraBlast|||F|||50|,,,,,Fairy]Chien-Pao||FocusSash|SwordofRuin|SuckerPunch,IceSpinner,Protect,SacredSword||||||50|,,,,,Ghost]Scream Tail||BoosterEnergy|Protosynthesis|Howl,ThunderWave,Disable,PlayRough||||||50|,,,,,Steel]Dragonite||AssaultVest|InnerFocus|ExtremeSpeed,AerialAce,DragonClaw,StompingTantrum|||F|||50|,,,,,Poison\n|inactive|Battle timer is ON: inactive players will automatically lose when time's up. (requested by NZera)\n|c|\u2606Leek_Alt|dope team\n|j| Eplante\n|inactive|NZera has 60 seconds left.\n|inactive|Leek_Alt has 60 seconds left.\n|\n|t:|1700450284\n|start\n|switch|p1a: Samurott|Samurott-Hisui, L50, M|100\/100\n|switch|p1b: Delphox|Delphox, L50, M|100\/100\n|switch|p2a: Ogerpon|Ogerpon-Wellspring, L50, F|100\/100\n|switch|p2b: Gholdengo|Gholdengo, L50|100\/100\n|turn|1\n|c|\u2606NZera|mhm. all my teams were deleted so this is the only doubles team i got atm lol\n|\n|t:|1700450307\n|move|p2b: Gholdengo|Protect|p2b: Gholdengo\n|-singleturn|p2b: Gholdengo|Protect\n|move|p2a: Ogerpon|Horn Leech|p1a: Samurott\n|-supereffective|p1a: Samurott\n|-damage|p1a: Samurott|12\/100\n|move|p1b: Delphox|Light Screen|p1b: Delphox\n|-sidestart|p1: NZera|move: Light Screen\n|move|p1a: Samurott|Ceaseless Edge|p2b: Gholdengo\n|-activate|p2b: Gholdengo|move: Protect\n|\n|upkeep\n|turn|2\n|\n|t:|1700450321\n|move|p2a: Ogerpon|Follow Me|p2a: Ogerpon\n|-singleturn|p2a: Ogerpon|move: Follow Me\n|move|p1b: Delphox|Reflect|p1b: Delphox\n|-sidestart|p1: NZera|Reflect\n|move|p1a: Samurott|Encore|p2a: Ogerpon\n|-start|p2a: Ogerpon|Encore\n|move|p2b: Gholdengo|Nasty Plot|p2b: Gholdengo\n|-boost|p2b: Gholdengo|spa|2\n|\n|upkeep\n|turn|3\n|\n|t:|1700450331\n|-terastallize|p2b: Gholdengo|Water\n|move|p2a: Ogerpon|Follow Me|p2a: Ogerpon\n|-singleturn|p2a: Ogerpon|move: Follow Me\n|move|p1b: Delphox|Heat Wave|p2b: Gholdengo|[spread] p2a,p2b\n|-resisted|p2b: Gholdengo\n|-damage|p2a: Ogerpon|63\/100\n|-damage|p2b: Gholdengo|82\/100\n|move|p1a: Samurott|Ceaseless Edge|p2a: Ogerpon\n|-damage|p2a: Ogerpon|18\/100\n|-sidestart|p2: Leek_Alt|Spikes\n|move|p2b: Gholdengo|Nasty Plot|p2b: Gholdengo\n|-boost|p2b: Gholdengo|spa|2\n|\n|upkeep\n|turn|4\n|\n|t:|1700450348\n|move|p2a: Ogerpon|Follow Me|p2a: Ogerpon\n|-singleturn|p2a: Ogerpon|move: Follow Me\n|move|p1b: Delphox|Heat Wave|p2b: Gholdengo|[spread] p2b\n|-miss|p1b: Delphox|p2a: Ogerpon\n|-resisted|p2b: Gholdengo\n|-damage|p2b: Gholdengo|62\/100\n|move|p1a: Samurott|Ceaseless Edge|p2a: Ogerpon\n|-damage|p2a: Ogerpon|0 fnt\n|-sidestart|p2: Leek_Alt|Spikes\n|faint|p2a: Ogerpon\n|move|p2b: Gholdengo|Make It Rain|p1b: Delphox|[spread] p1a,p1b\n|-resisted|p1a: Samurott\n|-resisted|p1b: Delphox\n|-damage|p1a: Samurott|0 fnt\n|-damage|p1b: Delphox|52\/100\n|-unboost|p2b: Gholdengo|spa|1\n|faint|p1a: Samurott\n|\n|upkeep\n|\n|t:|1700450361\n|switch|p2a: Arcanine|Arcanine-Hisui, L50, F|100\/100\n|switch|p1a: Greninja|Greninja, L50, M|100\/100\n|-damage|p2a: Arcanine|84\/100|[from] Spikes\n|-ability|p2a: Arcanine|Intimidate|boost\n|-unboost|p1a: Greninja|atk|1\n|-unboost|p1b: Delphox|atk|1\n|turn|5\n|\n|t:|1700450376\n|move|p2a: Arcanine|Extreme Speed|p1b: Delphox\n|-damage|p1b: Delphox|16\/100\n|move|p1a: Greninja|Switcheroo|p2b: Gholdengo\n|-start|p1a: Greninja|typechange|Dark|[from] ability: Protean\n|-immune|p2b: Gholdengo|[from] ability: Good as Gold\n|move|p1b: Delphox|Heat Wave|p2b: Gholdengo|[spread] p2a,p2b\n|-resisted|p2a: Arcanine\n|-resisted|p2b: Gholdengo\n|-damage|p2a: Arcanine|72\/100\n|-damage|p2b: Gholdengo|45\/100\n|-enditem|p2b: Gholdengo|Sitrus Berry|[eat]\n|-heal|p2b: Gholdengo|69\/100|[from] item: Sitrus Berry\n|move|p2b: Gholdengo|Make It Rain|p1a: Greninja|[spread] p1a,p1b\n|-resisted|p1b: Delphox\n|-damage|p1a: Greninja|0 fnt\n|-damage|p1b: Delphox|0 fnt\n|-unboost|p2b: Gholdengo|spa|1\n|faint|p1a: Greninja\n|faint|p1b: Delphox\n|\n|upkeep\n|c|\u2606NZera|i forgot lol\n|c|\u2606NZera|thats why i hated ghold\n|inactive|NZera has 30 seconds left.\n|\n|t:|1700450402\n|switch|p1b: Meowscarada|Meowscarada, L50, M|100\/100\n|turn|6\n|c|\u2606Leek_Alt|cause it stops niche stuff\n|c|\u2606Leek_Alt|?\n|c|\u2606NZera|yes\n|c|\u2606Leek_Alt|fair enough\n|\n|t:|1700450424\n|move|p2a: Arcanine|Extreme Speed|p1b: Meowscarada\n|-damage|p1b: Meowscarada|58\/100\n|move|p1b: Meowscarada|Knock Off|p2b: Gholdengo\n|-start|p1b: Meowscarada|typechange|Dark|[from] ability: Protean\n|-damage|p2b: Gholdengo|33\/100\n|-damage|p1b: Meowscarada|48\/100|[from] item: Life Orb\n|move|p2b: Gholdengo|Make It Rain|p1b: Meowscarada\n|-damage|p1b: Meowscarada|0 fnt\n|-unboost|p2b: Gholdengo|spa|1\n|faint|p1b: Meowscarada\n|\n|win|Leek_Alt\n|n|\u2606NZera|nzera\n|n|\u2606Leek_Alt|leekalt\n|n| Eplante|eplante\n|c|\u2606NZera|i am a dark type user so like all my prankster and status stuff is fucked\n|c|\u2606Leek_Alt|gg\n|l|\u2606NZera\n|l| Eplante\n","uploadtime":1700450440,"views":8,"p1id":"nzera","p2id":"leekalt","formatid":"gen9vgc2023regulatione","rating":0,"private":0,"password":""}