{"id":"gen9vgc2023regulatione-1989491061","p1":"MochaMatcha","p2":"kam1998","format":"[Gen 9] VGC 2023 Regulation E","log":"|j|\u2606MochaMatcha\n|j|\u2606kam1998\n|t:|1699859536\n|gametype|doubles\n|player|p1|MochaMatcha|iono|1030\n|player|p2|kam1998|101|1123\n|teamsize|p1|6\n|teamsize|p2|6\n|gen|9\n|tier|[Gen 9] VGC 2023 Regulation E\n|rated|\n|rule|Species Clause: Limit one of each Pok\u00e9mon\n|rule|Item Clause: Limit one of each item\n|clearpoke\n|poke|p1|Rotom-Wash, L50|\n|poke|p1|Tsareena, L50, F|\n|poke|p1|Magnezone, L50|\n|poke|p1|Farigiraf, L50, M|\n|poke|p1|Hatterene, L50, F|\n|poke|p1|Rillaboom, L50, M|\n|poke|p2|Chi-Yu, L50|\n|poke|p2|Iron Hands, L50|\n|poke|p2|Sinistcha, L50|\n|poke|p2|Farigiraf, L50, M|\n|poke|p2|Gyarados, L50, M|\n|poke|p2|Garganacl, L50, F|\n|teampreview|4\n|inactive|Battle timer is ON: inactive players will automatically lose when time's up. (requested by MochaMatcha)\n|\n|t:|1699859649\n|start\n|switch|p1a: Farigiraf|Farigiraf, L50, M|100\/100\n|switch|p1b: Magnezone|Magnezone, L50|100\/100\n|switch|p2a: Farigiraf|Farigiraf, L50, M|100\/100\n|switch|p2b: Iron Hands|Iron Hands, L50|100\/100\n|turn|1\n|inactive|kam1998 has 30 seconds left.\n|\n|t:|1699859677\n|move|p2a: Farigiraf|Light Screen|p2a: Farigiraf\n|-sidestart|p2: kam1998|move: Light Screen\n|move|p2b: Iron Hands|Drain Punch|p1b: Magnezone\n|-supereffective|p1b: Magnezone\n|-damage|p1b: Magnezone|13\/100\n|move|p1b: Magnezone|Volt Switch|p2a: Farigiraf\n|-damage|p2a: Farigiraf|56\/100\n|\n|t:|1699859686\n|switch|p1b: Rillaboom|Rillaboom, L50, M|100\/100|[from] Volt Switch\n|-fieldstart|move: Grassy Terrain|[from] ability: Grassy Surge|[of] p1b: Rillaboom\n|move|p1a: Farigiraf|Trick Room|p1a: Farigiraf\n|-fieldstart|move: Trick Room|[of] p1a: Farigiraf\n|\n|-heal|p2a: Farigiraf|63\/100|[from] Grassy Terrain\n|upkeep\n|turn|2\n|\n|t:|1699859710\n|move|p2b: Iron Hands|Drain Punch|p1b: Rillaboom\n|-damage|p1b: Rillaboom|59\/100\n|move|p2a: Farigiraf|Reflect|p2a: Farigiraf\n|-sidestart|p2: kam1998|Reflect\n|move|p1b: Rillaboom|U-turn|p2a: Farigiraf\n|-supereffective|p2a: Farigiraf\n|-damage|p2a: Farigiraf|23\/100\n|\n|t:|1699859718\n|switch|p1b: Tsareena|Tsareena, L50, F|100\/100|[from] U-turn\n|-enditem|p1b: Tsareena|Grassy Seed\n|-boost|p1b: Tsareena|def|1|[from] item: Grassy Seed\n|move|p1a: Farigiraf|Roar|p2b: Iron Hands\n|-end|p2b: Iron Hands|Quark Drive|[silent]\n|drag|p2b: Garganacl|Garganacl, L50, F|100\/100\n|\n|-heal|p2a: Farigiraf|29\/100|[from] Grassy Terrain\n|upkeep\n|turn|3\n|inactive|kam1998 has 30 seconds left.\n|inactive|kam1998 has 20 seconds left.\n|inactive|kam1998 has 15 seconds left.\n|\n|t:|1699859759\n|-terastallize|p2b: Garganacl|Poison\n|move|p1b: Tsareena|Protect|p1b: Tsareena\n|-singleturn|p1b: Tsareena|Protect\n|move|p2b: Garganacl|Body Press|p1b: Tsareena\n|-activate|p1b: Tsareena|move: Protect\n|move|p2a: Farigiraf|Psychic|p1b: Tsareena\n|-activate|p1b: Tsareena|move: Protect\n|move|p1a: Farigiraf|Roar|p2b: Garganacl\n|drag|p2b: Iron Hands|Iron Hands, L50|100\/100\n|\n|-heal|p2a: Farigiraf|35\/100|[from] Grassy Terrain\n|upkeep\n|turn|4\n|inactive|MochaMatcha has 30 seconds left.\n|inactive|kam1998 has 30 seconds left.\n|inactive|kam1998 has 20 seconds left.\n|inactive|kam1998 has 15 seconds left.\n|inactive|kam1998 has 10 seconds left.\n|\n|t:|1699859807\n|move|p1a: Farigiraf|Protect|p1a: Farigiraf\n|-singleturn|p1a: Farigiraf|Protect\n|move|p2b: Iron Hands|Wild Charge|p1b: Tsareena\n|-resisted|p1b: Tsareena\n|-damage|p1b: Tsareena|82\/100\n|-damage|p2b: Iron Hands|97\/100|[from] Recoil\n|move|p1b: Tsareena|Trop Kick|p2a: Farigiraf\n|-damage|p2a: Farigiraf|3\/100\n|-unboost|p2a: Farigiraf|atk|1\n|move|p2a: Farigiraf|Psychic|p1b: Tsareena\n|-damage|p1b: Tsareena|38\/100\n|\n|-heal|p2b: Iron Hands|100\/100|[from] Grassy Terrain\n|-heal|p1b: Tsareena|44\/100|[from] Grassy Terrain\n|-heal|p2a: Farigiraf|9\/100|[from] Grassy Terrain\n|upkeep\n|turn|5\n|inactive|kam1998 has 30 seconds left.\n|\n|t:|1699859836\n|move|p1b: Tsareena|Protect|p1b: Tsareena\n|-singleturn|p1b: Tsareena|Protect\n|move|p2b: Iron Hands|Drain Punch|p1a: Farigiraf\n|-damage|p1a: Farigiraf|66\/100\n|move|p2a: Farigiraf|Psychic|p1a: Farigiraf\n|-resisted|p1a: Farigiraf\n|-damage|p1a: Farigiraf|45\/100\n|move|p1a: Farigiraf|Tera Blast|p2a: Farigiraf\n|-damage|p2a: Farigiraf|0 fnt\n|faint|p2a: Farigiraf\n|\n|-heal|p1b: Tsareena|50\/100|[from] Grassy Terrain\n|-heal|p1a: Farigiraf|52\/100|[from] Grassy Terrain\n|-fieldend|move: Trick Room\n|-fieldend|move: Grassy Terrain\n|upkeep\n|inactive|kam1998 has 30 seconds left.\n|inactive|kam1998 has 20 seconds left.\n|\n|t:|1699859874\n|switch|p2a: Garganacl|Garganacl, L50, F, tera:Poison|100\/100\n|turn|6\n|inactive|kam1998 has 30 seconds left.\n|\n|t:|1699859904\n|switch|p1b: Rillaboom|Rillaboom, L50, M|59\/100\n|-fieldstart|move: Grassy Terrain|[from] ability: Grassy Surge|[of] p1b: Rillaboom\n|move|p2b: Iron Hands|Drain Punch|p1b: Rillaboom\n|-damage|p1b: Rillaboom|21\/100\n|move|p2a: Garganacl|Iron Defense|p2a: Garganacl\n|-boost|p2a: Garganacl|def|2\n|move|p1a: Farigiraf|Trick Room|p1a: Farigiraf\n|-fieldstart|move: Trick Room|[of] p1a: Farigiraf\n|\n|-heal|p1a: Farigiraf|58\/100|[from] Grassy Terrain\n|-heal|p1b: Rillaboom|27\/100|[from] Grassy Terrain\n|upkeep\n|turn|7\n|inactive|kam1998 has 30 seconds left.\n|inactive|kam1998 has 20 seconds left.\n|inactive|kam1998 has 15 seconds left.\n|inactive|kam1998 has 10 seconds left.\n|inactive|kam1998 has 5 seconds left.\n|\n|t:|1699859956\n|move|p1b: Rillaboom|Fake Out|p2a: Garganacl\n|-damage|p2a: Garganacl|97\/100\n|cant|p2a: Garganacl|flinch\n|move|p2b: Iron Hands|Heavy Slam|p1a: Farigiraf\n|-damage|p1a: Farigiraf|38\/100\n|move|p1a: Farigiraf|Roar|p2a: Garganacl\n|drag|p2a: Sinistcha|Sinistcha, L50|100\/100\n|\n|-heal|p1a: Farigiraf|44\/100|[from] Grassy Terrain\n|-heal|p1b: Rillaboom|33\/100|[from] Grassy Terrain\n|upkeep\n|turn|8\n|inactive|kam1998 has 30 seconds left.\n|\n|t:|1699859986\n|-terastallize|p1a: Farigiraf|Fire\n|move|p2b: Iron Hands|Drain Punch|p1a: Farigiraf\n|-damage|p1a: Farigiraf|12\/100\n|move|p1a: Farigiraf|Tera Blast|p2a: Sinistcha|[anim] Tera Blast Fire\n|-supereffective|p2a: Sinistcha\n|-damage|p2a: Sinistcha|64\/100\n|move|p2a: Sinistcha|Shadow Ball|p1b: Rillaboom\n|-damage|p1b: Rillaboom|6\/100\n|-unboost|p1b: Rillaboom|spd|1\n|move|p1b: Rillaboom|U-turn|p2b: Iron Hands\n|-resisted|p2b: Iron Hands\n|-damage|p2b: Iron Hands|95\/100\n|\n|t:|1699859999\n|switch|p1b: Tsareena|Tsareena, L50, F|50\/100|[from] U-turn\n|\n|-heal|p2b: Iron Hands|100\/100|[from] Grassy Terrain\n|-heal|p1b: Tsareena|56\/100|[from] Grassy Terrain\n|-heal|p1a: Farigiraf|19\/100|[from] Grassy Terrain\n|-heal|p2a: Sinistcha|70\/100|[from] Grassy Terrain\n|-sideend|p2: kam1998|move: Light Screen\n|upkeep\n|turn|9\n|inactive|kam1998 has 30 seconds left.\n|\n|t:|1699860029\n|switch|p2a: Garganacl|Garganacl, L50, F, tera:Poison|97\/100\n|move|p1a: Farigiraf|Protect|p1a: Farigiraf\n|-singleturn|p1a: Farigiraf|Protect\n|move|p2b: Iron Hands|Drain Punch|p1b: Tsareena\n|-damage|p1b: Tsareena|13\/100\n|move|p1b: Tsareena|Acrobatics|p2a: Garganacl\n|-damage|p2a: Garganacl|78\/100\n|\n|-heal|p2a: Garganacl|84\/100|[from] Grassy Terrain\n|-heal|p2a: Garganacl|90\/100|[from] item: Leftovers\n|-heal|p1b: Tsareena|19\/100|[from] Grassy Terrain\n|-heal|p1a: Farigiraf|25\/100|[from] Grassy Terrain\n|-sideend|p2: kam1998|Reflect\n|upkeep\n|turn|10\n|-message|MochaMatcha forfeited.\n|\n|win|kam1998\n|raw|MochaMatcha's rating: 1030 &rarr; <strong>1019<\/strong><br \/>(-11 for losing)\n|raw|kam1998's rating: 1123 &rarr; <strong>1141<\/strong><br \/>(+18 for winning)\n|l|\u2606MochaMatcha\n","uploadtime":1699860049,"views":12,"p1id":"mochamatcha","p2id":"kam1998","formatid":"gen9vgc2023regulatione","rating":1019,"private":0,"password":""}