{"id":"gen9vgc2023regulatione-1991214028","p1":"ScrubShadedPurple","p2":"BluQ","format":"[Gen 9] VGC 2023 Regulation E","log":"|j|\u2606ScrubShadedPurple\n|j|\u2606BluQ\n|t:|1700057862\n|gametype|doubles\n|player|p1|ScrubShadedPurple|1|1150\n|player|p2|BluQ|gambler|1289\n|teamsize|p1|6\n|teamsize|p2|6\n|gen|9\n|tier|[Gen 9] VGC 2023 Regulation E\n|rated|\n|rule|Species Clause: Limit one of each Pok\u00e9mon\n|rule|Item Clause: Limit one of each item\n|clearpoke\n|poke|p1|Ninetales-Alola, L50, M|\n|poke|p1|Sinistcha, L50|\n|poke|p1|Moltres-Galar, L50|\n|poke|p1|Iron Hands, L50|\n|poke|p1|Landorus-Therian, L50, M|\n|poke|p1|Flutter Mane, L50|\n|poke|p2|Tornadus, L50, M|\n|poke|p2|Arcanine-Hisui, L50, M|\n|poke|p2|Iron Hands, L50|\n|poke|p2|Gholdengo, L50|\n|poke|p2|Urshifu-*, L50, M|\n|poke|p2|Ogerpon-Wellspring, L50, F|\n|teampreview|4\n|inactive|Battle timer is ON: inactive players will automatically lose when time's up. (requested by BluQ)\n|inactive|ScrubShadedPurple has 60 seconds left.\n|\n|t:|1700057917\n|start\n|switch|p1a: Landorus|Landorus-Therian, L50, M|100\/100\n|switch|p1b: Sinistcha|Sinistcha, L50|100\/100\n|switch|p2a: Urshifu|Urshifu-Rapid-Strike, L50, M|100\/100\n|switch|p2b: Tornadus|Tornadus, L50, M|100\/100\n|-ability|p1a: Landorus|Intimidate|boost\n|-unboost|p2a: Urshifu|atk|1\n|-unboost|p2b: Tornadus|atk|1\n|turn|1\n|inactive|ScrubShadedPurple has 30 seconds left.\n|inactive|ScrubShadedPurple has 20 seconds left.\n|inactive|ScrubShadedPurple has 15 seconds left.\n|\n|t:|1700057960\n|switch|p1a: Iron Hands|Iron Hands, L50|100\/100\n|move|p2b: Tornadus|Tailwind|p2b: Tornadus\n|-sidestart|p2: BluQ|move: Tailwind\n|move|p2a: Urshifu|U-turn|p1b: Sinistcha\n|-damage|p1b: Sinistcha|85\/100\n|-damage|p2a: Urshifu|84\/100|[from] item: Rocky Helmet|[of] p1b: Sinistcha\n|\n|t:|1700057971\n|switch|p2a: Arcanine|Arcanine-Hisui, L50, M|100\/100|[from] U-turn\n|-ability|p2a: Arcanine|Intimidate|boost\n|-unboost|p1a: Iron Hands|atk|1\n|-unboost|p1b: Sinistcha|atk|1\n|move|p1b: Sinistcha|Trick Room|p1b: Sinistcha\n|-fieldstart|move: Trick Room|[of] p1b: Sinistcha\n|\n|upkeep\n|turn|2\n|\n|t:|1700057993\n|move|p1a: Iron Hands|Fake Out|p2a: Arcanine\n|-resisted|p2a: Arcanine\n|-damage|p2a: Arcanine|93\/100\n|move|p2b: Tornadus|Taunt|p1b: Sinistcha\n|-start|p1b: Sinistcha|move: Taunt\n|cant|p1b: Sinistcha|move: Taunt|Strength Sap\n|cant|p2a: Arcanine|flinch\n|\n|upkeep\n|turn|3\n|inactive|ScrubShadedPurple has 30 seconds left.\n|inactive|BluQ has 30 seconds left.\n|inactive|ScrubShadedPurple has 20 seconds left.\n|\n|t:|1700058031\n|switch|p1b: Landorus|Landorus-Therian, L50, M|100\/100\n|-ability|p1b: Landorus|Intimidate|boost\n|-unboost|p2a: Arcanine|atk|1\n|-unboost|p2b: Tornadus|atk|1\n|move|p1a: Iron Hands|Drain Punch|p2a: Arcanine\n|-supereffective|p2a: Arcanine\n|-damage|p2a: Arcanine|18\/100\n|move|p2a: Arcanine|Flare Blitz|p1b: Landorus\n|-damage|p1b: Landorus|29\/100\n|-damage|p2a: Arcanine|0 fnt|[from] Recoil\n|faint|p2a: Arcanine\n|move|p2b: Tornadus|Bleakwind Storm|p1a: Iron Hands|[spread] p1b\n|-miss|p2b: Tornadus|p1a: Iron Hands\n|-damage|p1b: Landorus|0 fnt\n|faint|p1b: Landorus\n|\n|upkeep\n|\n|t:|1700058049\n|switch|p2a: Ogerpon|Ogerpon-Wellspring, L50, F|100\/100\n|switch|p1b: Moltres|Moltres-Galar, L50|100\/100\n|turn|4\n|inactive|ScrubShadedPurple has 30 seconds left.\n|inactive|ScrubShadedPurple has 20 seconds left.\n|\n|t:|1700058087\n|move|p2a: Ogerpon|Spiky Shield|p2a: Ogerpon\n|-singleturn|p2a: Ogerpon|move: Protect\n|move|p2b: Tornadus|Rain Dance|p2b: Tornadus\n|-weather|RainDance\n|move|p1a: Iron Hands|Wild Charge|p2b: Tornadus\n|-supereffective|p2b: Tornadus\n|-damage|p2b: Tornadus|20\/100\n|-damage|p1a: Iron Hands|84\/100|[from] Recoil\n|move|p1b: Moltres|Nasty Plot|p1b: Moltres\n|-boost|p1b: Moltres|spa|2\n|\n|-weather|RainDance|[upkeep]\n|-sideend|p2: BluQ|move: Tailwind\n|upkeep\n|turn|5\n|inactive|ScrubShadedPurple has 30 seconds left.\n|inactive|ScrubShadedPurple has 20 seconds left.\n|\n|t:|1700058126\n|-terastallize|p2a: Ogerpon|Water\n|detailschange|p2a: Ogerpon|Ogerpon-Wellspring-Tera, L50, F, tera:Water\n|-ability|p2a: Ogerpon|Embody Aspect (Wellspring)|boost\n|-boost|p2a: Ogerpon|spd|1\n|move|p2b: Tornadus|Tailwind|p2b: Tornadus\n|-sidestart|p2: BluQ|move: Tailwind\n|move|p1a: Iron Hands|Wild Charge|p2a: Ogerpon\n|-supereffective|p2a: Ogerpon\n|-damage|p2a: Ogerpon|23\/100\n|-damage|p1a: Iron Hands|68\/100|[from] Recoil\n|move|p1b: Moltres|Fiery Wrath|p2b: Tornadus|[spread] p2a,p2b\n|-damage|p2a: Ogerpon|0 fnt\n|-damage|p2b: Tornadus|0 fnt\n|faint|p2a: Ogerpon\n|faint|p2b: Tornadus\n|\n|-weather|RainDance|[upkeep]\n|-fieldend|move: Trick Room\n|upkeep\n|\n|t:|1700058139\n|switch|p2b: Urshifu|Urshifu-Rapid-Strike, L50, M|84\/100\n|turn|6\n|\n|t:|1700058153\n|move|p2b: Urshifu|Surging Strikes|p1b: Moltres\n|-crit|p1b: Moltres\n|-damage|p1b: Moltres|72\/100\n|-crit|p1b: Moltres\n|-damage|p1b: Moltres|45\/100\n|-enditem|p1b: Moltres|Sitrus Berry|[eat]\n|-heal|p1b: Moltres|70\/100|[from] item: Sitrus Berry\n|-crit|p1b: Moltres\n|-damage|p1b: Moltres|42\/100\n|-hitcount|p1b: Moltres|3\n|-ability|p1b: Moltres|Berserk|boost\n|-boost|p1b: Moltres|spa|1\n|move|p1b: Moltres|Air Slash|p2b: Urshifu\n|-supereffective|p2b: Urshifu\n|-damage|p2b: Urshifu|0 fnt\n|faint|p2b: Urshifu\n|\n|win|ScrubShadedPurple\n|raw|ScrubShadedPurple's rating: 1150 &rarr; <strong>1185<\/strong><br \/>(+35 for winning)\n|raw|BluQ's rating: 1289 &rarr; <strong>1254<\/strong><br \/>(-35 for losing)\n","uploadtime":1700058169,"views":10,"p1id":"scrubshadedpurple","p2id":"bluq","formatid":"gen9vgc2023regulatione","rating":1185,"private":0,"password":""}