{"id":"gen9vgc2023regulatione-1995801962","p1":"Bulbasaurteam35","p2":"BabyStella","format":"[Gen 9] VGC 2023 Regulation E","log":"|j|\u2606Bulbasaurteam35\n|j|\u2606BabyStella\n|t:|1700604551\n|gametype|doubles\n|player|p1|Bulbasaurteam35|pokemaniac|1358\n|player|p2|BabyStella|nita|1468\n|teamsize|p1|6\n|teamsize|p2|6\n|gen|9\n|tier|[Gen 9] VGC 2023 Regulation E\n|rated|\n|rule|Species Clause: Limit one of each Pok\u00e9mon\n|rule|Item Clause: Limit one of each item\n|clearpoke\n|poke|p1|Ninetales-Alola, L50, M|\n|poke|p1|Iron Bundle, L50|\n|poke|p1|Chi-Yu, L50|\n|poke|p1|Dachsbun, L50, F|\n|poke|p1|Rillaboom, L50, M|\n|poke|p1|Ogerpon-Hearthflame, L50, F|\n|poke|p2|Sylveon, L50, F|\n|poke|p2|Corviknight, L50, F|\n|poke|p2|Gastrodon-East, L50, F|\n|poke|p2|Arcanine-Hisui, L50, F|\n|poke|p2|Roaring Moon, L50|\n|poke|p2|Amoonguss, L50, M|\n|teampreview|4\n|inactive|Battle timer is ON: inactive players will automatically lose when time's up. (requested by BabyStella)\n|inactive|Bulbasaurteam35 also wants the timer to be on.\n|inactive|BabyStella has 60 seconds left.\n|inactive|Bulbasaurteam35 has 60 seconds left.\n|\n|t:|1700604604\n|start\n|switch|p1a: Ninetales|Ninetales-Alola, L50, M|100\/100\n|switch|p1b: Iron Bundle|Iron Bundle, L50|100\/100\n|switch|p2a: Roaring Moon|Roaring Moon, L50|100\/100\n|switch|p2b: Arcanine|Arcanine-Hisui, L50, F|100\/100\n|-weather|Snow|[from] ability: Snow Warning|[of] p1a: Ninetales\n|-enditem|p1b: Iron Bundle|Booster Energy\n|-activate|p1b: Iron Bundle|ability: Quark Drive|[fromitem]\n|-start|p1b: Iron Bundle|quarkdrivespe\n|-enditem|p2a: Roaring Moon|Booster Energy\n|-activate|p2a: Roaring Moon|ability: Protosynthesis|[fromitem]\n|-start|p2a: Roaring Moon|protosynthesisspe\n|turn|1\n|inactive|Bulbasaurteam35 has 30 seconds left.\n|\n|t:|1700604633\n|-terastallize|p2b: Arcanine|Fairy\n|move|p1b: Iron Bundle|Icy Wind|p2a: Roaring Moon|[spread] p2a,p2b\n|-supereffective|p2a: Roaring Moon\n|-damage|p2a: Roaring Moon|67\/100\n|-damage|p2b: Arcanine|78\/100\n|-unboost|p2a: Roaring Moon|spe|1\n|-unboost|p2b: Arcanine|spe|1\n|move|p2a: Roaring Moon|Tailwind|p2a: Roaring Moon\n|-sidestart|p2: BabyStella|move: Tailwind\n|move|p2b: Arcanine|Rock Slide|p1a: Ninetales|[spread] p1a\n|-miss|p2b: Arcanine|p1b: Iron Bundle\n|-supereffective|p1a: Ninetales\n|-damage|p1a: Ninetales|27\/100\n|move|p1a: Ninetales|Aurora Veil|p1a: Ninetales\n|-sidestart|p1: Bulbasaurteam35|move: Aurora Veil\n|\n|-weather|Snow|[upkeep]\n|upkeep\n|turn|2\n|\n|t:|1700604648\n|-end|p2a: Roaring Moon|Protosynthesis|[silent]\n|switch|p2a: Corviknight|Corviknight, L50, F, shiny|100\/100\n|move|p1b: Iron Bundle|Icy Wind|p2a: Corviknight|[spread] p2a,p2b\n|-damage|p2a: Corviknight|84\/100\n|-damage|p2b: Arcanine|54\/100\n|-ability|p2a: Corviknight|Mirror Armor\n|-unboost|p1b: Iron Bundle|spe|1\n|-unboost|p2b: Arcanine|spe|1\n|move|p1a: Ninetales|Icy Wind|p2a: Corviknight|[spread] p2a,p2b\n|-damage|p2a: Corviknight|72\/100\n|-damage|p2b: Arcanine|36\/100\n|-ability|p2a: Corviknight|Mirror Armor\n|-unboost|p1a: Ninetales|spe|1\n|-unboost|p2b: Arcanine|spe|1\n|move|p2b: Arcanine|Rock Slide|p1a: Ninetales|[spread] p1a,p1b\n|-supereffective|p1a: Ninetales\n|-supereffective|p1b: Iron Bundle\n|-damage|p1a: Ninetales|0 fnt\n|-damage|p1b: Iron Bundle|64\/100\n|faint|p1a: Ninetales\n|\n|-weather|Snow|[upkeep]\n|upkeep\n|\n|t:|1700604653\n|switch|p1a: Chi-Yu|Chi-Yu, L50|100\/100\n|-ability|p1a: Chi-Yu|Beads of Ruin\n|turn|3\n|\n|t:|1700604673\n|-end|p1b: Iron Bundle|Quark Drive|[silent]\n|switch|p1b: Dachsbun|Dachsbun, L50, F|100\/100\n|switch|p2a: Gastrodon|Gastrodon-East, L50, F|100\/100\n|move|p1a: Chi-Yu|Lava Plume|p2b: Arcanine|[spread] p2a,p2b\n|-ability|p1b: Dachsbun|Well-Baked Body|boost\n|-boost|p1b: Dachsbun|def|2\n|-resisted|p2a: Gastrodon\n|-damage|p2a: Gastrodon|82\/100\n|-damage|p2b: Arcanine|0 fnt\n|faint|p2b: Arcanine\n|\n|-weather|Snow|[upkeep]\n|upkeep\n|\n|t:|1700604678\n|switch|p2b: Roaring Moon|Roaring Moon, L50|67\/100\n|turn|4\n|\n|t:|1700604701\n|move|p2b: Roaring Moon|Knock Off|p1b: Dachsbun\n|-resisted|p1b: Dachsbun\n|-damage|p1b: Dachsbun|94\/100\n|-enditem|p1b: Dachsbun|Leftovers|[from] move: Knock Off|[of] p2b: Roaring Moon\n|move|p1a: Chi-Yu|Lava Plume|p2b: Roaring Moon|[spread] p2a,p2b\n|-ability|p1b: Dachsbun|Well-Baked Body|boost\n|-boost|p1b: Dachsbun|def|2\n|-resisted|p2a: Gastrodon\n|-resisted|p2b: Roaring Moon\n|-damage|p2a: Gastrodon|64\/100\n|-damage|p2b: Roaring Moon|46\/100\n|move|p2a: Gastrodon|Muddy Water|p1a: Chi-Yu|[spread] p1a\n|-miss|p2a: Gastrodon|p1b: Dachsbun\n|-supereffective|p1a: Chi-Yu\n|-damage|p1a: Chi-Yu|67\/100\n|move|p1b: Dachsbun|Body Press|p2b: Roaring Moon\n|-supereffective|p2b: Roaring Moon\n|-damage|p2b: Roaring Moon|0 fnt\n|faint|p2b: Roaring Moon\n|-end|p2b: Roaring Moon|Protosynthesis|[silent]\n|\n|-weather|Snow|[upkeep]\n|-sideend|p2: BabyStella|move: Tailwind\n|upkeep\n|\n|t:|1700604704\n|switch|p2b: Corviknight|Corviknight, L50, F, shiny|72\/100\n|turn|5\n|\n|t:|1700604726\n|move|p1a: Chi-Yu|Lava Plume|p2a: Gastrodon|[spread] p2a,p2b\n|-ability|p1b: Dachsbun|Well-Baked Body|boost\n|-boost|p1b: Dachsbun|def|2\n|-resisted|p2a: Gastrodon\n|-supereffective|p2b: Corviknight\n|-damage|p2a: Gastrodon|44\/100\n|-damage|p2b: Corviknight|4\/100\n|move|p1b: Dachsbun|Body Press|p2b: Corviknight\n|-damage|p2b: Corviknight|0 fnt\n|faint|p2b: Corviknight\n|move|p2a: Gastrodon|Recover|p2a: Gastrodon\n|-heal|p2a: Gastrodon|94\/100\n|\n|-weather|none\n|upkeep\n|turn|6\n|-message|BabyStella forfeited.\n|\n|win|Bulbasaurteam35\n|raw|Bulbasaurteam35's rating: 1358 &rarr; <strong>1384<\/strong><br \/>(+26 for winning)\n|raw|BabyStella's rating: 1468 &rarr; <strong>1442<\/strong><br \/>(-26 for losing)\n|l|\u2606BabyStella\n","uploadtime":1700604752,"views":2,"p1id":"bulbasaurteam35","p2id":"babystella","formatid":"gen9vgc2023regulatione","rating":1384,"private":0,"password":""}