{"id":"gen9vgc2023regulatione-1994472505","p1":"Fox Nico nii","p2":"biggholdfan3000","format":"[Gen 9] VGC 2023 Regulation E","log":"|j|\u2606Fox Nico nii\n|j|\u2606biggholdfan3000\n|t:|1700447899\n|gametype|doubles\n|player|p1|Fox Nico nii|rosa|1235\n|player|p2|biggholdfan3000|102|1303\n|teamsize|p1|6\n|teamsize|p2|6\n|gen|9\n|tier|[Gen 9] VGC 2023 Regulation E\n|rated|\n|rule|Species Clause: Limit one of each Pok\u00e9mon\n|rule|Item Clause: Limit one of each item\n|clearpoke\n|poke|p1|Tornadus, L50, M|\n|poke|p1|Rillaboom, L50, M|\n|poke|p1|Urshifu-*, L50, F|\n|poke|p1|Gholdengo, L50|\n|poke|p1|Landorus-Therian, L50, M|\n|poke|p1|Ogerpon-Hearthflame, L50, F|\n|poke|p2|Gholdengo, L50|\n|poke|p2|Iron Hands, L50|\n|poke|p2|Iron Bundle, L50|\n|poke|p2|Pelipper, L50, M|\n|poke|p2|Ogerpon-Hearthflame, L50, F|\n|poke|p2|Urshifu-*, L50, F|\n|teampreview|4\n|\n|t:|1700447956\n|start\n|switch|p1a: Landorus|Landorus-Therian, L50, M|100\/100\n|switch|p1b: Tornadus|Tornadus, L50, M|100\/100\n|switch|p2a: Iron Bundle|Iron Bundle, L50, shiny|100\/100\n|switch|p2b: Pelipper|Pelipper, L50, M|100\/100\n|-ability|p1a: Landorus|Intimidate|boost\n|-unboost|p2a: Iron Bundle|atk|1\n|-unboost|p2b: Pelipper|atk|1\n|-weather|RainDance|[from] ability: Drizzle|[of] p2b: Pelipper\n|-enditem|p2a: Iron Bundle|Booster Energy\n|-activate|p2a: Iron Bundle|ability: Quark Drive|[fromitem]\n|-start|p2a: Iron Bundle|quarkdrivespe\n|turn|1\n|\n|t:|1700447972\n|-terastallize|p1a: Landorus|Rock\n|move|p2b: Pelipper|Wide Guard|p2b: Pelipper\n|-singleturn|p2b: Pelipper|Wide Guard\n|move|p1b: Tornadus|Tailwind|p1b: Tornadus\n|-sidestart|p1: Fox Nico nii|move: Tailwind\n|move|p1a: Landorus|Rock Tomb|p2a: Iron Bundle\n|-supereffective|p2a: Iron Bundle\n|-damage|p2a: Iron Bundle|38\/100\n|-unboost|p2a: Iron Bundle|spe|1\n|move|p2a: Iron Bundle|Icy Wind|p1a: Landorus|[spread] p1a,p1b\n|-supereffective|p1b: Tornadus\n|-damage|p1a: Landorus|80\/100\n|-damage|p1b: Tornadus|53\/100\n|-unboost|p1a: Landorus|spe|1\n|-unboost|p1b: Tornadus|spe|1\n|\n|-weather|RainDance|[upkeep]\n|upkeep\n|turn|2\n|\n|t:|1700448011\n|switch|p1a: Gholdengo|Gholdengo, L50|100\/100\n|move|p2a: Iron Bundle|Protect|p2a: Iron Bundle\n|-singleturn|p2a: Iron Bundle|Protect\n|move|p1b: Tornadus|Scary Face|p2a: Iron Bundle\n|-activate|p2a: Iron Bundle|move: Protect\n|move|p2b: Pelipper|Weather Ball|p1a: Gholdengo\n|-damage|p1a: Gholdengo|41\/100\n|\n|-weather|RainDance|[upkeep]\n|upkeep\n|turn|3\n|\n|t:|1700448027\n|-end|p2a: Iron Bundle|Quark Drive|[silent]\n|switch|p2a: Iron Hands|Iron Hands, L50|100\/100\n|move|p1a: Gholdengo|Shadow Ball|p2a: Iron Hands\n|-damage|p2a: Iron Hands|65\/100\n|-unboost|p2a: Iron Hands|spd|1\n|move|p1b: Tornadus|Air Slash|p2b: Pelipper\n|-damage|p2b: Pelipper|38\/100\n|cant|p2b: Pelipper|flinch\n|\n|-weather|RainDance|[upkeep]\n|upkeep\n|turn|4\n|\n|t:|1700448043\n|move|p1b: Tornadus|Protect|p1b: Tornadus\n|-singleturn|p1b: Tornadus|Protect\n|move|p2b: Pelipper|Protect|p2b: Pelipper\n|-singleturn|p2b: Pelipper|Protect\n|move|p1a: Gholdengo|Shadow Ball|p2a: Iron Hands\n|-damage|p2a: Iron Hands|18\/100\n|move|p2a: Iron Hands|Wild Charge|p1b: Tornadus\n|-activate|p1b: Tornadus|move: Protect\n|\n|-weather|RainDance|[upkeep]\n|-sideend|p1: Fox Nico nii|move: Tailwind\n|upkeep\n|turn|5\n|\n|t:|1700448064\n|move|p1a: Gholdengo|Shadow Ball|p2b: Pelipper\n|-damage|p2b: Pelipper|0 fnt\n|faint|p2b: Pelipper\n|move|p1b: Tornadus|Air Slash|p2a: Iron Hands\n|-damage|p2a: Iron Hands|0 fnt\n|faint|p2a: Iron Hands\n|-end|p2a: Iron Hands|Quark Drive|[silent]\n|\n|-weather|none\n|upkeep\n|\n|t:|1700448072\n|switch|p2b: Urshifu|Urshifu-Rapid-Strike, L50, F|100\/100\n|switch|p2a: Iron Bundle|Iron Bundle, L50, shiny|38\/100\n|turn|6\n|\n|t:|1700448082\n|move|p1b: Tornadus|Tailwind|p1b: Tornadus\n|-sidestart|p1: Fox Nico nii|move: Tailwind\n|move|p1a: Gholdengo|Shadow Ball|p2b: Urshifu\n|-damage|p2b: Urshifu|4\/100\n|move|p2b: Urshifu|Surging Strikes|p1a: Gholdengo\n|-crit|p1a: Gholdengo\n|-damage|p1a: Gholdengo|21\/100\n|-crit|p1a: Gholdengo\n|-damage|p1a: Gholdengo|2\/100\n|-crit|p1a: Gholdengo\n|-damage|p1a: Gholdengo|0 fnt\n|faint|p1a: Gholdengo\n|-hitcount|p1: Gholdengo|3\n|move|p2a: Iron Bundle|Freeze-Dry|p1b: Tornadus\n|-supereffective|p1b: Tornadus\n|-damage|p1b: Tornadus|0 fnt\n|faint|p1b: Tornadus\n|\n|upkeep\n|\n|t:|1700448089\n|switch|p1b: Ogerpon|Ogerpon-Hearthflame, L50, F|100\/100\n|switch|p1a: Landorus|Landorus-Therian, L50, M, tera:Rock|80\/100\n|-ability|p1a: Landorus|Intimidate|boost\n|-unboost|p2a: Iron Bundle|atk|1\n|-unboost|p2b: Urshifu|atk|1\n|-ability|p1b: Ogerpon|Mold Breaker\n|turn|7\n|\n|t:|1700448114\n|move|p1a: Landorus|Stomping Tantrum|p2b: Urshifu\n|-damage|p2b: Urshifu|0 fnt\n|faint|p2b: Urshifu\n|move|p1b: Ogerpon|Ivy Cudgel|p2a: Iron Bundle|[anim] Ivy Cudgel Fire\n|-damage|p2a: Iron Bundle|0 fnt\n|faint|p2a: Iron Bundle\n|-end|p2a: Iron Bundle|Quark Drive|[silent]\n|\n|win|Fox Nico nii\n|raw|Fox Nico nii's rating: 1235 &rarr; <strong>1265<\/strong><br \/>(+30 for winning)\n|raw|biggholdfan3000's rating: 1303 &rarr; <strong>1279<\/strong><br \/>(-24 for losing)\n|l|\u2606biggholdfan3000\n","uploadtime":1700448123,"views":8,"p1id":"foxniconii","p2id":"biggholdfan3000","formatid":"gen9vgc2023regulatione","rating":1265,"private":0,"password":""}