{"id":"gen9vgc2023regulatione-1988182721","p1":"willthekid65934","p2":"yera castelan","format":"[Gen 9] VGC 2023 Regulation E","log":"|j|\u2606willthekid65934\n|j|\u2606yera castelan\n|t:|1699680900\n|gametype|doubles\n|player|p1|willthekid65934|steven|1109\n|player|p2|yera castelan|265|1169\n|teamsize|p1|6\n|teamsize|p2|6\n|gen|9\n|tier|[Gen 9] VGC 2023 Regulation E\n|rated|\n|rule|Species Clause: Limit one of each Pok\u00e9mon\n|rule|Item Clause: Limit one of each item\n|clearpoke\n|poke|p1|Tauros-Paldea-Blaze, L50, M|\n|poke|p1|Flutter Mane, L50|\n|poke|p1|Tornadus, L50, M|\n|poke|p1|Ogerpon-Wellspring, L50, F|\n|poke|p1|Landorus-Therian, L50, M|\n|poke|p1|Kingambit, L50, M|\n|poke|p2|Grimmsnarl, L50, M|\n|poke|p2|Okidogi, L50, M|\n|poke|p2|Flutter Mane, L50|\n|poke|p2|Urshifu-*, L50, F|\n|poke|p2|Ogerpon-Hearthflame, L50, F|\n|poke|p2|Arcanine-Hisui, L50, F|\n|teampreview|4\n|inactive|Battle timer is ON: inactive players will automatically lose when time's up. (requested by willthekid65934)\n|inactive|willthekid65934 has 60 seconds left.\n|inactive|yera castelan has 60 seconds left.\nwillthekid65934 has agreed to open team sheets.\n|\n|t:|1699680956\n|start\n|switch|p1a: Tauros|Tauros-Paldea-Blaze, L50, M|100\/100\n|switch|p1b: Tornadus|Tornadus, L50, M|100\/100\n|switch|p2a: Grimmsnarl|Grimmsnarl, L50, M|100\/100\n|switch|p2b: Okidogi|Okidogi, L50, M|100\/100\n|-ability|p1a: Tauros|Intimidate|boost\n|-unboost|p2a: Grimmsnarl|atk|1\n|-ability|p2b: Okidogi|Guard Dog|boost\n|-boost|p2b: Okidogi|atk|1\n|-enditem|p1a: Tauros|Mirror Herb\n|-boost|p1a: Tauros|atk|1|[from] item: Mirror Herb\n|turn|1\n|inactive|willthekid65934 has 30 seconds left.\n|\n|t:|1699680987\n|move|p1b: Tornadus|Tailwind|p1b: Tornadus\n|-sidestart|p1: willthekid65934|move: Tailwind\n|move|p2a: Grimmsnarl|Light Screen|p2a: Grimmsnarl\n|-sidestart|p2: yera castelan|move: Light Screen\n|move|p1a: Tauros|Will-O-Wisp|p2b: Okidogi\n|-status|p2b: Okidogi|brn\n|move|p2b: Okidogi|Knock Off|p1b: Tornadus\n|-damage|p1b: Tornadus|78\/100\n|-enditem|p1b: Tornadus|Covert Cloak|[from] move: Knock Off|[of] p2b: Okidogi\n|\n|-damage|p2b: Okidogi|94\/100 brn|[from] brn\n|upkeep\n|turn|2\n|inactive|willthekid65934 has 30 seconds left.\n|inactive|willthekid65934 has 20 seconds left.\n|inactive|yera castelan has 30 seconds left.\n|\n|t:|1699681030\n|move|p1a: Tauros|Protect|p1a: Tauros\n|-singleturn|p1a: Tauros|Protect\n|move|p1b: Tornadus|Rain Dance|p1b: Tornadus\n|-weather|RainDance\n|move|p2a: Grimmsnarl|Reflect|p2a: Grimmsnarl\n|-sidestart|p2: yera castelan|Reflect\n|move|p2b: Okidogi|Bulk Up|p2b: Okidogi\n|-boost|p2b: Okidogi|atk|1\n|-boost|p2b: Okidogi|def|1\n|\n|-weather|RainDance|[upkeep]\n|-heal|p2b: Okidogi|100\/100 brn|[from] item: Leftovers\n|-damage|p2b: Okidogi|94\/100 brn|[from] brn\n|upkeep\n|turn|3\n|\n|t:|1699681048\n|move|p1a: Tauros|Raging Bull|p2b: Okidogi\n|-sideend|p2: yera castelan|Reflect\n|-sideend|p2: yera castelan|move: Light Screen\n|-damage|p2b: Okidogi|80\/100 brn\n|move|p1b: Tornadus|Bleakwind Storm|p2a: Grimmsnarl|[spread] p2a,p2b\n|-supereffective|p2b: Okidogi\n|-damage|p2a: Grimmsnarl|70\/100\n|-damage|p2b: Okidogi|14\/100 brn\n|move|p2b: Okidogi|Bulk Up|p2b: Okidogi\n|-boost|p2b: Okidogi|atk|1\n|-boost|p2b: Okidogi|def|1\n|move|p2a: Grimmsnarl|Spirit Break|p1b: Tornadus\n|-crit|p1b: Tornadus\n|-damage|p1b: Tornadus|32\/100\n|-unboost|p1b: Tornadus|spa|1\n|\n|-weather|RainDance|[upkeep]\n|-heal|p2b: Okidogi|20\/100 brn|[from] item: Leftovers\n|-damage|p2b: Okidogi|14\/100 brn|[from] brn\n|upkeep\n|turn|4\n|\n|t:|1699681074\n|switch|p2a: Arcanine|Arcanine-Hisui, L50, F|100\/100\n|-ability|p2a: Arcanine|Intimidate|boost\n|-unboost|p1a: Tauros|atk|1\n|-unboost|p1b: Tornadus|atk|1\n|move|p1a: Tauros|Close Combat|p2a: Arcanine\n|-supereffective|p2a: Arcanine\n|-damage|p2a: Arcanine|0 fnt\n|-unboost|p1a: Tauros|def|1\n|-unboost|p1a: Tauros|spd|1\n|faint|p2a: Arcanine\n|move|p1b: Tornadus|Bleakwind Storm|p2b: Okidogi\n|-supereffective|p2b: Okidogi\n|-damage|p2b: Okidogi|0 fnt\n|faint|p2b: Okidogi\n|\n|-weather|RainDance|[upkeep]\n|-sideend|p1: willthekid65934|move: Tailwind\n|upkeep\n|\n|t:|1699681088\n|switch|p2a: Urshifu|Urshifu-Rapid-Strike, L50, F|100\/100\n|switch|p2b: Grimmsnarl|Grimmsnarl, L50, M|70\/100\n|turn|5\n|\n|t:|1699681098\n|switch|p1a: Ogerpon|Ogerpon-Wellspring, L50, F|100\/100\n|switch|p1b: Landorus|Landorus-Therian, L50, M|100\/100\n|-ability|p1b: Landorus|Intimidate|boost\n|-unboost|p2a: Urshifu|atk|1\n|-unboost|p2b: Grimmsnarl|atk|1\n|move|p2a: Urshifu|Surging Strikes|p1a: Ogerpon\n|-immune|p1a: Ogerpon|[from] ability: Water Absorb\n|move|p2b: Grimmsnarl|Spirit Break|p1b: Landorus\n|-damage|p1b: Landorus|78\/100\n|-unboost|p1b: Landorus|spa|1\n|\n|-weather|RainDance|[upkeep]\n|upkeep\n|turn|6\n|\n|t:|1699681119\n|-terastallize|p2a: Urshifu|Water\n|move|p1a: Ogerpon|Follow Me|p1a: Ogerpon\n|-singleturn|p1a: Ogerpon|move: Follow Me\n|move|p2b: Grimmsnarl|Parting Shot|p1a: Ogerpon\n|-unboost|p1a: Ogerpon|atk|1\n|-unboost|p1a: Ogerpon|spa|1\n|move|p2a: Urshifu|Surging Strikes|p1a: Ogerpon\n|-immune|p1a: Ogerpon|[from] ability: Water Absorb\n|move|p1b: Landorus|U-turn|p2b: Grimmsnarl\n|-damage|p2b: Grimmsnarl|44\/100\n|-message|yera castelan forfeited.\n|\n|win|willthekid65934\n|raw|willthekid65934's rating: 1109 &rarr; <strong>1138<\/strong><br \/>(+29 for winning)\n|raw|yera castelan's rating: 1169 &rarr; <strong>1140<\/strong><br \/>(-29 for losing)\n|l|\u2606yera castelan\n","uploadtime":1699681133,"views":12,"p1id":"willthekid65934","p2id":"yeracastelan","formatid":"gen9vgc2023regulatione","rating":1138,"private":0,"password":""}