{"id":"gen9vgc2023regulatione-1993782539","p1":"legonene","p2":"Stryke Out","format":"[Gen 9] VGC 2023 Regulation E","log":"|j|\u2606legonene\n|j|\u2606Stryke Out\n|t:|1700356647\n|gametype|doubles\n|player|p1|legonene|chili|\n|player|p2|Stryke Out|266|\n|teamsize|p1|6\n|teamsize|p2|6\n|gen|9\n|tier|[Gen 9] VGC 2023 Regulation E\n|rule|Species Clause: Limit one of each Pok\u00e9mon\n|rule|Item Clause: Limit one of each item\n|clearpoke\n|poke|p1|Shroodle, L50, M|\n|poke|p1|Kingambit, L50, F|\n|poke|p1|Ogerpon-Wellspring, L50, F|\n|poke|p1|Gothitelle, L50, M|\n|poke|p1|Donphan, L50, F|\n|poke|p1|Dragapult, L50, M|\n|poke|p2|Ting-Lu, L50|\n|poke|p2|Lurantis, L50, M|\n|poke|p2|Clefable, L50, M|\n|poke|p2|Basculegion, L50, M|\n|poke|p2|Kilowattrel, L50, M|\n|poke|p2|Salazzle, L50, F|\n|teampreview|4\n|c|\u2606legonene|g2\n|c|\u2606Stryke Out|glhf\n|c|\u2606legonene|glhf\n|\n|t:|1700357073\n|start\n|switch|p1a: Gothitelle|Gothitelle, L50, M|100\/100\n|switch|p1b: Donphan|Donphan, L50, F|100\/100\n|switch|p2a: Ting-Lu|Ting-Lu, L50|100\/100\n|switch|p2b: Clefable|Clefable, L50, M, shiny|100\/100\n|-ability|p2a: Ting-Lu|Vessel of Ruin\n|turn|1\n|\n|t:|1700357088\n|move|p1b: Donphan|Protect|p1b: Donphan\n|-singleturn|p1b: Donphan|Protect\n|move|p2b: Clefable|Follow Me|p2b: Clefable\n|-singleturn|p2b: Clefable|move: Follow Me\n|move|p2a: Ting-Lu|Throat Chop|p1a: Gothitelle\n|-supereffective|p1a: Gothitelle\n|-damage|p1a: Gothitelle|6\/100\n|-start|p1a: Gothitelle|Throat Chop|[silent]\n|move|p1a: Gothitelle|Trick Room|p1a: Gothitelle\n|-fieldstart|move: Trick Room|[of] p1a: Gothitelle\n|\n|upkeep\n|turn|2\n|\n|t:|1700357108\n|move|p1b: Donphan|High Horsepower|p2b: Clefable\n|-damage|p2b: Clefable|63\/100\n|-damage|p1b: Donphan|84\/100|[from] item: Rocky Helmet|[of] p2b: Clefable\n|move|p2a: Ting-Lu|Throat Chop|p1a: Gothitelle\n|-supereffective|p1a: Gothitelle\n|-damage|p1a: Gothitelle|0 fnt\n|faint|p1a: Gothitelle\n|move|p2b: Clefable|Life Dew||[still]|[spread] p2a,p2b\n|-fail|p2a: Ting-Lu|heal\n|-heal|p2b: Clefable|88\/100\n|\n|upkeep\n|\n|t:|1700357114\n|switch|p1a: Kingambit|Kingambit, L50, F|100\/100\n|-activate|p1a: Kingambit|ability: Supreme Overlord\n|-start|p1a: Kingambit|fallen1|[silent]\n|-enditem|p1a: Kingambit|Room Service\n|-unboost|p1a: Kingambit|spe|1|[from] item: Room Service\n|turn|3\n|\n|t:|1700357127\n|-terastallize|p1b: Donphan|Grass\n|-terastallize|p2b: Clefable|Grass\n|move|p1b: Donphan|Tera Blast|p2a: Ting-Lu|[anim] Tera Blast Grass\n|-supereffective|p2a: Ting-Lu\n|-damage|p2a: Ting-Lu|62\/100\n|move|p1a: Kingambit|Iron Head|p2b: Clefable\n|-damage|p2b: Clefable|48\/100\n|-damage|p1a: Kingambit|84\/100|[from] item: Rocky Helmet|[of] p2b: Clefable\n|move|p2a: Ting-Lu|Body Press|p1a: Kingambit\n|-supereffective|p1a: Kingambit\n|-damage|p1a: Kingambit|0 fnt\n|faint|p1a: Kingambit\n|-end|p1a: Kingambit|fallen1|[silent]\n|cant|p2b: Clefable|flinch\n|\n|upkeep\n|\n|t:|1700357135\n|switch|p1a: Dragapult|Dragapult, L50, M|100\/100\n|turn|4\n|\n|t:|1700357152\n|move|p1b: Donphan|Ice Spinner|p2b: Clefable\n|-supereffective|p2b: Clefable\n|-damage|p2b: Clefable|1\/100\n|-damage|p1b: Donphan|68\/100|[from] item: Rocky Helmet|[of] p2b: Clefable\n|move|p2a: Ting-Lu|Throat Chop|p1a: Dragapult\n|-supereffective|p1a: Dragapult\n|-damage|p1a: Dragapult|0 fnt\n|faint|p1a: Dragapult\n|move|p2b: Clefable|Life Dew|p2b: Clefable|[spread] p2a,p2b\n|-heal|p2a: Ting-Lu|87\/100\n|-heal|p2b: Clefable|27\/100\n|\n|upkeep\n|turn|5\n|c|\u2606legonene|gg\n|\n|t:|1700357165\n|move|p2b: Clefable|Follow Me|p2b: Clefable\n|-singleturn|p2b: Clefable|move: Follow Me\n|move|p1b: Donphan|Tera Blast|p2b: Clefable|[anim] Tera Blast Grass\n|-resisted|p2b: Clefable\n|-damage|p2b: Clefable|10\/100\n|move|p2a: Ting-Lu|Throat Chop|p1b: Donphan\n|-damage|p1b: Donphan|38\/100\n|-start|p1b: Donphan|Throat Chop|[silent]\n|\n|-fieldend|move: Trick Room\n|upkeep\n|turn|6\n|c|\u2606Stryke Out|gg\n|\n|t:|1700357175\n|move|p2b: Clefable|Life Dew|p2b: Clefable|[spread] p2a,p2b\n|-heal|p2a: Ting-Lu|100\/100\n|-heal|p2b: Clefable|35\/100\n|move|p2a: Ting-Lu|Throat Chop|p1b: Donphan\n|-damage|p1b: Donphan|8\/100\n|move|p1b: Donphan|Tera Blast|p2a: Ting-Lu|[anim] Tera Blast Grass\n|-supereffective|p2a: Ting-Lu\n|-damage|p2a: Ting-Lu|58\/100\n|\n|-end|p1b: Donphan|Throat Chop|[silent]\n|upkeep\n|turn|7\n|\n|t:|1700357180\n|move|p2b: Clefable|Life Dew|p2b: Clefable|[spread] p2a,p2b\n|-heal|p2a: Ting-Lu|83\/100\n|-heal|p2b: Clefable|60\/100\n|move|p2a: Ting-Lu|Throat Chop|p1b: Donphan\n|-damage|p1b: Donphan|0 fnt\n|faint|p1b: Donphan\n|\n|win|Stryke Out\n|l|\u2606legonene\n","uploadtime":1700357196,"views":56,"p1id":"legonene","p2id":"strykeout","formatid":"gen9vgc2023regulatione","rating":0,"private":0,"password":""}