{"id":"gen9vgc2023regulatione-1998628538","p1":"Incenedorus","p2":"Vicentefc2","format":"[Gen 9] VGC 2023 Regulation E","log":"|j|\u2606Incenedorus\n|j|\u2606Vicentefc2\n|t:|1700964894\n|gametype|doubles\n|player|p1|Incenedorus|pokemonranger|1292\n|player|p2|Vicentefc2|170|1371\n|teamsize|p1|6\n|teamsize|p2|6\n|gen|9\n|tier|[Gen 9] VGC 2023 Regulation E\n|rated|\n|rule|Species Clause: Limit one of each Pok\u00e9mon\n|rule|Item Clause: Limit one of each item\n|clearpoke\n|poke|p1|Iron Bundle, L50|\n|poke|p1|Rillaboom, L50, M|\n|poke|p1|Iron Hands, L50|\n|poke|p1|Landorus-Therian, L50, M|\n|poke|p1|Heatran, L50, M|\n|poke|p1|Ogerpon-Hearthflame, L50, F|\n|poke|p2|Amoonguss, L50, M|\n|poke|p2|Iron Hands, L50|\n|poke|p2|Arcanine-Hisui, L50, M|\n|poke|p2|Gholdengo, L50|\n|poke|p2|Tornadus, L50, M|\n|poke|p2|Urshifu-*, L50, M|\n|teampreview|4\n|inactive|Battle timer is ON: inactive players will automatically lose when time's up. (requested by Vicentefc2)\n|inactive|Vicentefc2 has 60 seconds left.\nVicentefc2 has agreed to open team sheets.\n|inactive|Vicentefc2 has 30 seconds left.\n|c|\u2606Incenedorus|Hf\n|inactive|Vicentefc2 has 20 seconds left.\n|inactive|Vicentefc2 has 15 seconds left.\n|\n|t:|1700964979\n|start\n|switch|p1a: Iron Bundle|Iron Bundle, L50|100\/100\n|switch|p1b: Landorus|Landorus-Therian, L50, M|100\/100\n|switch|p2a: Tornadus|Tornadus, L50, M|100\/100\n|switch|p2b: Gholdengo|Gholdengo, L50|100\/100\n|-ability|p1b: Landorus|Intimidate|boost\n|-unboost|p2a: Tornadus|atk|1\n|-unboost|p2b: Gholdengo|atk|1\n|-enditem|p1a: Iron Bundle|Booster Energy\n|-activate|p1a: Iron Bundle|ability: Quark Drive|[fromitem]\n|-start|p1a: Iron Bundle|quarkdrivespe\n|turn|1\n|\n|t:|1700964997\n|switch|p1b: waffles|Heatran, L50, M|100\/100\n|move|p1a: Iron Bundle|Protect|p1a: Iron Bundle\n|-singleturn|p1a: Iron Bundle|Protect\n|move|p2a: Tornadus|Tailwind|p2a: Tornadus\n|-sidestart|p2: Vicentefc2|move: Tailwind\n|move|p2b: Gholdengo|Nasty Plot|p2b: Gholdengo\n|-boost|p2b: Gholdengo|spa|2\n|\n|upkeep\n|turn|2\n|\n|t:|1700965022\n|-terastallize|p2b: Gholdengo|Dragon\n|move|p2a: Tornadus|Rain Dance|p2a: Tornadus\n|-weather|RainDance\n|move|p1a: Iron Bundle|Freeze-Dry|p2a: Tornadus\n|-supereffective|p2a: Tornadus\n|-damage|p2a: Tornadus|33\/100\n|move|p2b: Gholdengo|Make It Rain|p1b: waffles|[spread] p1a,p1b\n|-resisted|p1b: waffles\n|-damage|p1a: Iron Bundle|0 fnt\n|-damage|p1b: waffles|81\/100\n|-unboost|p2b: Gholdengo|spa|1\n|faint|p1a: Iron Bundle\n|-end|p1a: Iron Bundle|Quark Drive|[silent]\n|move|p1b: waffles|Heat Wave|p2a: Tornadus|[spread] p2a,p2b\n|-resisted|p2b: Gholdengo\n|-damage|p2a: Tornadus|4\/100\n|-damage|p2b: Gholdengo|89\/100\n|-damage|p1b: waffles|72\/100|[from] item: Life Orb\n|\n|-weather|RainDance|[upkeep]\n|upkeep\n|\n|t:|1700965042\n|switch|p1a: Iron Hands|Iron Hands, L50|100\/100\n|turn|3\n|inactive|Vicentefc2 has 30 seconds left.\n|\n|t:|1700965069\n|switch|p2a: Iron Hands|Iron Hands, L50|100\/100\n|move|p1a: Iron Hands|Fake Out|p2a: Iron Hands\n|-damage|p2a: Iron Hands|90\/100\n|move|p2b: Gholdengo|Shadow Ball|p1b: waffles\n|-damage|p1b: waffles|23\/100\n|move|p1b: waffles|Flash Cannon|p2b: Gholdengo\n|-crit|p2b: Gholdengo\n|-damage|p2b: Gholdengo|0 fnt\n|faint|p2b: Gholdengo\n|-damage|p1b: waffles|14\/100|[from] item: Life Orb\n|\n|-weather|RainDance|[upkeep]\n|upkeep\n|\n|t:|1700965081\n|switch|p2b: Tornadus|Tornadus, L50, M|4\/100\n|turn|4\n|\n|t:|1700965091\n|-end|p1a: Iron Hands|Quark Drive|[silent]\n|switch|p1a: Landorus|Landorus-Therian, L50, M|100\/100\n|-ability|p1a: Landorus|Intimidate|boost\n|-unboost|p2a: Iron Hands|atk|1\n|-unboost|p2b: Tornadus|atk|1\n|move|p1b: waffles|Protect|p1b: waffles\n|-singleturn|p1b: waffles|Protect\n|move|p2b: Tornadus|Bleakwind Storm|p1a: Landorus|[spread] p1a\n|-activate|p1b: waffles|move: Protect\n|-damage|p1a: Landorus|58\/100\n|move|p2a: Iron Hands|Drain Punch|p1a: Landorus\n|-resisted|p1a: Landorus\n|-damage|p1a: Landorus|43\/100\n|-heal|p2a: Iron Hands|96\/100|[from] drain|[of] p1a: Landorus\n|\n|-weather|RainDance|[upkeep]\n|-sideend|p2: Vicentefc2|move: Tailwind\n|upkeep\n|turn|5\n|inactive|Vicentefc2 has 30 seconds left.\n|inactive|Vicentefc2 has 20 seconds left.\n|inactive|Vicentefc2 has 15 seconds left.\n|inactive|Vicentefc2 has 10 seconds left.\n|\n|t:|1700965137\n|move|p2b: Tornadus|Tailwind|p2b: Tornadus\n|-sidestart|p2: Vicentefc2|move: Tailwind\n|move|p1a: Landorus|U-turn|p2b: Tornadus\n|-resisted|p2b: Tornadus\n|-damage|p2b: Tornadus|0 fnt\n|faint|p2b: Tornadus\n|\n|t:|1700965143\n|switch|p1a: Iron Hands|Iron Hands, L50|100\/100|[from] U-turn\n|move|p2a: Iron Hands|Drain Punch|p1b: waffles\n|-supereffective|p1b: waffles\n|-damage|p1b: waffles|0 fnt\n|-heal|p2a: Iron Hands|100\/100|[from] drain|[of] p1b: waffles\n|faint|p1b: waffles\n|\n|-weather|RainDance|[upkeep]\n|upkeep\n|\n|t:|1700965150\n|switch|p2b: Arcanine|Arcanine-Hisui, L50, M|100\/100\n|switch|p1b: Landorus|Landorus-Therian, L50, M|43\/100\n|-ability|p2b: Arcanine|Intimidate|boost\n|-unboost|p1a: Iron Hands|atk|1\n|-unboost|p1b: Landorus|atk|1\n|-ability|p1b: Landorus|Intimidate|boost\n|-unboost|p2a: Iron Hands|atk|1\n|-unboost|p2b: Arcanine|atk|1\n|turn|6\n|\n|t:|1700965170\n|move|p2b: Arcanine|Rock Slide|p1b: Landorus|[spread] p1a,p1b\n|-resisted|p1a: Iron Hands\n|-damage|p1a: Iron Hands|91\/100\n|-damage|p1b: Landorus|12\/100\n|move|p1b: Landorus|Stomping Tantrum|p2b: Arcanine\n|-supereffective|p2b: Arcanine\n|-damage|p2b: Arcanine|0 fnt\n|faint|p2b: Arcanine\n|move|p2a: Iron Hands|Drain Punch|p1a: Iron Hands\n|-damage|p1a: Iron Hands|76\/100\n|move|p1a: Iron Hands|Drain Punch|p2a: Iron Hands\n|-damage|p2a: Iron Hands|81\/100\n|-heal|p1a: Iron Hands|85\/100|[from] drain|[of] p2a: Iron Hands\n|\n|-weather|none\n|upkeep\n|turn|7\n|\n|t:|1700965187\n|move|p1b: Landorus|Stomping Tantrum|p2a: Iron Hands\n|-supereffective|p2a: Iron Hands\n|-damage|p2a: Iron Hands|42\/100\n|move|p2a: Iron Hands|Heavy Slam|p1b: Landorus\n|-damage|p1b: Landorus|0 fnt\n|faint|p1b: Landorus\n|move|p1a: Iron Hands|Drain Punch|p2a: Iron Hands\n|-damage|p2a: Iron Hands|22\/100\n|-heal|p1a: Iron Hands|95\/100|[from] drain|[of] p2a: Iron Hands\n|\n|upkeep\n|turn|8\n|c|\u2606Incenedorus|gg\n|c|\u2606Incenedorus|wp\n|\n|t:|1700965198\n|move|p2a: Iron Hands|Drain Punch|p1a: Iron Hands\n|-damage|p1a: Iron Hands|79\/100\n|-heal|p2a: Iron Hands|31\/100|[from] drain|[of] p1a: Iron Hands\n|move|p1a: Iron Hands|Drain Punch|p2a: Iron Hands\n|-damage|p2a: Iron Hands|12\/100\n|-heal|p1a: Iron Hands|88\/100|[from] drain|[of] p2a: Iron Hands\n|\n|-sideend|p2: Vicentefc2|move: Tailwind\n|upkeep\n|turn|9\n|inactive|Vicentefc2 has 30 seconds left.\n|inactive|Vicentefc2 has 20 seconds left.\n|inactive|Vicentefc2 has 15 seconds left.\n|inactive|Vicentefc2 has 10 seconds left.\n|inactive|Vicentefc2 has 5 seconds left.\n|\n|t:|1700965253\n|move|p2a: Iron Hands|Wild Charge|p1a: Iron Hands\n|-resisted|p1a: Iron Hands\n|-damage|p1a: Iron Hands|79\/100\n|-damage|p2a: Iron Hands|10\/100|[from] Recoil\n|move|p1a: Iron Hands|Drain Punch|p2a: Iron Hands\n|-damage|p2a: Iron Hands|0 fnt\n|-heal|p1a: Iron Hands|84\/100|[from] drain|[of] p2a: Iron Hands\n|faint|p2a: Iron Hands\n|-end|p2a: Iron Hands|Quark Drive|[silent]\n|\n|win|Incenedorus\n|raw|Incenedorus's rating: 1292 &rarr; <strong>1323<\/strong><br \/>(+31 for winning)\n|raw|Vicentefc2's rating: 1371 &rarr; <strong>1347<\/strong><br \/>(-24 for losing)\n|c|\u2606Incenedorus|You only prolong the En hebben dubbel\n|c|\u2606Incenedorus|Gg\n|l|\u2606Vicentefc2\n","uploadtime":1700965297,"views":3,"p1id":"incenedorus","p2id":"vicentefc2","formatid":"gen9vgc2023regulatione","rating":1323,"private":0,"password":""}