{"id":"gen9vgc2023regulatione-1988394908","p1":"theejake","p2":"hhhcufcf7cifc","format":"[Gen 9] VGC 2023 Regulation E","log":"|j|\u2606theejake\n|j|\u2606hhhcufcf7cifc\n|t:|1699718093\n|gametype|doubles\n|player|p1|theejake|266|1081\n|player|p2|hhhcufcf7cifc|101|1000\n|teamsize|p1|6\n|teamsize|p2|6\n|gen|9\n|tier|[Gen 9] VGC 2023 Regulation E\n|rated|\n|rule|Species Clause: Limit one of each Pok\u00e9mon\n|rule|Item Clause: Limit one of each item\n|clearpoke\n|poke|p1|Flutter Mane, L50|\n|poke|p1|Tornadus, L50, M|\n|poke|p1|Urshifu-*, L50, M|\n|poke|p1|Iron Hands, L50|\n|poke|p1|Heatran, L50, F|\n|poke|p1|Landorus-Therian, L50, M|\n|poke|p2|Wugtrio, L50, F|\n|poke|p2|Tyranitar, L50, F|\n|poke|p2|Espathra, L50, F|\n|poke|p2|Overqwil, L50, F|\n|poke|p2|Sinistcha-Masterpiece, L50|\n|poke|p2|Pelipper, L50, F|\n|teampreview|4\n|\n|t:|1699718101\n|start\n|switch|p1a: Tornadus|Tornadus, L50, M|100\/100\n|switch|p1b: Iron Hands|Iron Hands, L50|100\/100\n|switch|p2a: Espathra|Espathra, L50, F|100\/100\n|switch|p2b: Overqwil|Overqwil, L50, F|100\/100\n|-ability|p2b: Overqwil|Intimidate|boost\n|-unboost|p1a: Tornadus|atk|1\n|-unboost|p1b: Iron Hands|atk|1\n|turn|1\n|\n|t:|1699718119\n|move|p1b: Iron Hands|Fake Out|p2b: Overqwil\n|-damage|p2b: Overqwil|93\/100\n|-damage|p1b: Iron Hands|84\/100|[from] item: Rocky Helmet|[of] p2b: Overqwil\n|move|p1a: Tornadus|Taunt|p2a: Espathra\n|-start|p2a: Espathra|move: Taunt\n|cant|p2a: Espathra|move: Taunt|Substitute\n|cant|p2b: Overqwil|flinch\n|\n|-ability|p2a: Espathra|Speed Boost|boost\n|-boost|p2a: Espathra|spe|1\n|upkeep\n|turn|2\n|\n|t:|1699718140\n|move|p1a: Tornadus|Taunt|p2b: Overqwil\n|-hint|Since gen 7, Dark is immune to Prankster moves.\n|-immune|p2b: Overqwil\n|move|p2a: Espathra|Lumina Crash|p1b: Iron Hands\n|-supereffective|p1b: Iron Hands\n|-damage|p1b: Iron Hands|44\/100\n|-unboost|p1b: Iron Hands|spd|2\n|move|p2b: Overqwil|Acupressure|p2a: Espathra\n|-boost|p2a: Espathra|spd|2\n|move|p1b: Iron Hands|Drain Punch|p2b: Overqwil\n|-damage|p2b: Overqwil|71\/100\n|-heal|p1b: Iron Hands|53\/100|[from] drain|[of] p2b: Overqwil\n|-damage|p1b: Iron Hands|36\/100|[from] item: Rocky Helmet|[of] p2b: Overqwil\n|\n|-ability|p2a: Espathra|Speed Boost|boost\n|-boost|p2a: Espathra|spe|1\n|upkeep\n|turn|3\n|\n|t:|1699718171\n|-end|p1b: Iron Hands|Quark Drive|[silent]\n|switch|p1b: Heatran|Heatran, L50, F|100\/100\n|move|p1a: Tornadus|Sunny Day|p1a: Tornadus\n|-weather|SunnyDay\n|move|p2a: Espathra|Hyper Voice|p1b: Heatran|[spread] p1a,p1b\n|-resisted|p1b: Heatran\n|-damage|p1a: Tornadus|82\/100\n|-damage|p1b: Heatran|90\/100\n|move|p2b: Overqwil|Acupressure|p2a: Espathra\n|-boost|p2a: Espathra|evasion|2\n|\n|-weather|SunnyDay|[upkeep]\n|-heal|p1b: Heatran|96\/100|[from] item: Leftovers\n|-end|p2a: Espathra|move: Taunt\n|-ability|p2a: Espathra|Speed Boost|boost\n|-boost|p2a: Espathra|spe|1\n|upkeep\n|turn|4\n|\n|t:|1699718203\n|switch|p1a: Flutter Mane|Flutter Mane, L50|100\/100\n|-activate|p1a: Flutter Mane|ability: Protosynthesis\n|-start|p1a: Flutter Mane|protosynthesisspe\n|move|p2a: Espathra|Lumina Crash|p1b: Heatran\n|-resisted|p1b: Heatran\n|-damage|p1b: Heatran|78\/100\n|-unboost|p1b: Heatran|spd|2\n|move|p2b: Overqwil|Acupressure|p2a: Espathra\n|-boost|p2a: Espathra|spe|2\n|move|p1b: Heatran|Heat Wave|p2b: Overqwil|[spread] p2b\n|-miss|p1b: Heatran|p2a: Espathra\n|-damage|p2b: Overqwil|0 fnt\n|faint|p2b: Overqwil\n|\n|-weather|SunnyDay|[upkeep]\n|-heal|p1b: Heatran|84\/100|[from] item: Leftovers\n|-ability|p2a: Espathra|Speed Boost|boost\n|-boost|p2a: Espathra|spe|1\n|upkeep\n|\n|t:|1699718224\n|switch|p2b: Tyranitar|Tyranitar, L50, F|100\/100\n|-weather|Sandstorm|[from] ability: Sand Stream|[of] p2b: Tyranitar\n|-end|p1a: Flutter Mane|Protosynthesis\n|turn|5\n|\n|t:|1699718254\n|-terastallize|p1a: Flutter Mane|Fairy\n|move|p2a: Espathra|Baton Pass|p2a: Espathra\n|\n|t:|1699718258\n|switch|p2a: Wugtrio|Wugtrio, L50, F|100\/100|[from] Baton Pass\n|move|p1a: Flutter Mane|Dazzling Gleam|p2b: Tyranitar|[spread] p2a,p2b\n|-supereffective|p2b: Tyranitar\n|-damage|p2a: Wugtrio|44\/100\n|-damage|p2b: Tyranitar|58\/100\n|-damage|p1a: Flutter Mane|91\/100|[from] item: Life Orb\n|move|p1b: Heatran|Heat Wave|p2a: Wugtrio|[spread] p2b\n|-miss|p1b: Heatran|p2a: Wugtrio\n|-resisted|p2b: Tyranitar\n|-damage|p2b: Tyranitar|51\/100\n|move|p2b: Tyranitar|Knock Off|p1a: Flutter Mane\n|-resisted|p1a: Flutter Mane\n|-damage|p1a: Flutter Mane|39\/100\n|-enditem|p1a: Flutter Mane|Life Orb|[from] move: Knock Off|[of] p2b: Tyranitar\n|\n|-weather|Sandstorm|[upkeep]\n|-damage|p1a: Flutter Mane|33\/100|[from] Sandstorm\n|-heal|p1b: Heatran|90\/100|[from] item: Leftovers\n|upkeep\n|turn|6\n|\n|t:|1699718281\n|switch|p1b: Iron Hands|Iron Hands, L50|36\/100\n|move|p2a: Wugtrio|Triple Dive|p1a: Flutter Mane\n|-damage|p1a: Flutter Mane|10\/100\n|-damage|p1a: Flutter Mane|0 fnt\n|faint|p1a: Flutter Mane\n|-end|p1a: Flutter Mane|Protosynthesis|[silent]\n|-hitcount|p1: Flutter Mane|2\n|move|p2b: Tyranitar|High Horsepower|p1b: Iron Hands\n|-supereffective|p1b: Iron Hands\n|-damage|p1b: Iron Hands|0 fnt\n|faint|p1b: Iron Hands\n|-end|p1b: Iron Hands|Quark Drive|[silent]\n|\n|-weather|Sandstorm|[upkeep]\n|upkeep\n|\n|t:|1699718290\n|switch|p1a: Tornadus|Tornadus, L50, M|82\/100\n|switch|p1b: Heatran|Heatran, L50, F|90\/100\n|turn|7\n|\n|t:|1699718300\n|move|p2a: Wugtrio|Triple Dive|p1b: Heatran\n|-supereffective|p1b: Heatran\n|-damage|p1b: Heatran|61\/100\n|-supereffective|p1b: Heatran\n|-damage|p1b: Heatran|38\/100\n|-supereffective|p1b: Heatran\n|-damage|p1b: Heatran|16\/100\n|-hitcount|p1b: Heatran|3\n|move|p1a: Tornadus|Bleakwind Storm|p2a: Wugtrio|[spread] p2b\n|-miss|p1a: Tornadus|p2a: Wugtrio\n|-resisted|p2b: Tyranitar\n|-damage|p2b: Tyranitar|45\/100\n|move|p1b: Heatran|Flash Cannon|p2a: Wugtrio|[miss]\n|-miss|p1b: Heatran|p2a: Wugtrio\n|move|p2b: Tyranitar|Rock Slide|p1b: Heatran|[spread] p1a,p1b\n|-supereffective|p1a: Tornadus\n|-damage|p1a: Tornadus|0 fnt\n|-damage|p1b: Heatran|0 fnt\n|faint|p1a: Tornadus\n|faint|p1b: Heatran\n|\n|win|hhhcufcf7cifc\n|raw|theejake's rating: 1102 &rarr; <strong>1070<\/strong><br \/>(-32 for losing)\n|raw|hhhcufcf7cifc's rating: 1000 &rarr; <strong>1051<\/strong><br \/>(+51 for winning)\n|c|\u2606theejake|gg\n","uploadtime":1699718335,"views":14,"p1id":"theejake","p2id":"hhhcufcf7cifc","formatid":"gen9vgc2023regulatione","rating":1051,"private":0,"password":""}