{"id":"gen9vgc2023regulatione-1989146701","p1":"Granny Pie","p2":"ToastedArt","format":"[Gen 9] VGC 2023 Regulation E","log":"|j|\u2606Granny Pie\n|j|\u2606ToastedArt\n|n|\u2606Granny Pie|grannypie\n|n|\u2606ToastedArt|toastedart\n|html|View the match progress at <a href=\"\/game-bestof3-gen9vgc2023regulatione-1989144117\">game-bestof3-gen9vgc2023regulatione-1989144117<\/a>\n|t:|1699817197\n|gametype|doubles\n|player|p1|Granny Pie|zinnia|\n|player|p2|ToastedArt|iris|\n|teamsize|p1|6\n|teamsize|p2|6\n|gen|9\n|tier|[Gen 9] VGC 2023 Regulation E\n|rule|Species Clause: Limit one of each Pok\u00e9mon\n|rule|Item Clause: Limit one of each item\n|clearpoke\n|poke|p1|Dondozo, L50, M|\n|poke|p1|Tatsugiri, L50, M|\n|poke|p1|Iron Bundle, L50|\n|poke|p1|Cresselia, L50, F|\n|poke|p1|Regieleki, L50|\n|poke|p1|Ogerpon-Hearthflame, L50, F|\n|poke|p2|Weezing, L50, M|\n|poke|p2|Landorus-Therian, L50, M|\n|poke|p2|Ogerpon, L50, F|\n|poke|p2|Roaring Moon, L50|\n|poke|p2|Gholdengo, L50|\n|poke|p2|Iron Hands, L50|\n|teampreview|4\nGranny Pie has agreed to open team sheets.\n|c|\u2606Granny Pie|Sheets\nToastedArt has agreed to open team sheets.\n|showteam|p1|Dondozo||Leftovers|Unaware|WaveCrash,OrderUp,Rest,Protect|||M|||50|,,,,,Dragon]Tatsugiri||ToxicOrb|Commander|DracoMeteor,MuddyWater,Protect,IcyWind|||M|||50|,,,,,Dragon]Iron Bundle||BoosterEnergy|QuarkDrive|FreezeDry,FlipTurn,Taunt,Protect||||||50|,,,,,Ghost]Cresselia||MentalHerb|Levitate|Psychic,LunarBlessing,AllySwitch,HelpingHand|||F|||50|,,,,,Fairy]Regieleki||FocusSash|Transistor|Electroweb,Thunderbolt,TeraBlast,Protect||||||50|,,,,,Ice]Ogerpon-Hearthflame||HearthflameMask|MoldBreaker|IvyCudgel,HornLeech,SwordsDance,SpikyShield|||F|||50|,,,,,Fire\n|showteam|p2|Weezing||SitrusBerry|NeutralizingGas|GunkShot,WillOWisp,ClearSmog,Protect|||M|||50|,,,,,Grass]Landorus-Therian||AbilityShield|Intimidate|StompingTantrum,TeraBlast,Uturn,RockSlide|||M|||50|,,,,,Flying]Ogerpon||RazorClaw|Defiant|IvyCudgel,SpikyShield,StompingTantrum,SwordsDance|||F|||50|,,,,,Grass]Roaring Moon||BoosterEnergy|Protosynthesis|KnockOff,BreakingSwipe,Tailwind,Protect||||||50|,,,,,Poison]Gholdengo||LifeOrb|GoodasGold|MakeItRain,ShadowBall,NastyPlot,Protect||||||50|,,,,,Water]Iron Hands||AssaultVest|QuarkDrive|WildCharge,DrainPunch,HeavySlam,FakeOut||||||50|,,,,,Fire\n|c|\u2606Granny Pie|\ud83d\ude2d\n|c|\u2606Granny Pie|Nice\n|\n|t:|1699817264\n|start\n|switch|p1a: Regiice|Regieleki, L50|100\/100\n|switch|p1b: Iron Santa|Iron Bundle, L50|100\/100\n|switch|p2a: Roaring Moon|Roaring Moon, L50|100\/100\n|switch|p2b: Thomas Jefferson|Landorus-Therian, L50, M|100\/100\n|-ability|p2b: Thomas Jefferson|Intimidate|boost\n|-unboost|p1a: Regiice|atk|1\n|-unboost|p1b: Iron Santa|atk|1\n|-enditem|p1b: Iron Santa|Booster Energy\n|-activate|p1b: Iron Santa|ability: Quark Drive|[fromitem]\n|-start|p1b: Iron Santa|quarkdrivespe\n|-enditem|p2a: Roaring Moon|Booster Energy\n|-activate|p2a: Roaring Moon|ability: Protosynthesis|[fromitem]\n|-start|p2a: Roaring Moon|protosynthesisspe\n|turn|1\n|c|\u2606ToastedArt|i watching wolfy\n|\n|t:|1699817299\n|switch|p2b: Iron Hands|Iron Hands, L50|100\/100\n|-terastallize|p1a: Regiice|Ice\n|-terastallize|p2a: Roaring Moon|Poison\n|move|p1b: Iron Santa|Freeze-Dry|p2a: Roaring Moon\n|-damage|p2a: Roaring Moon|69\/100\n|move|p1a: Regiice|Tera Blast|p2b: Iron Hands|[anim] Tera Blast Ice\n|-damage|p2b: Iron Hands|82\/100\n|move|p2a: Roaring Moon|Tailwind|p2a: Roaring Moon\n|-sidestart|p2: ToastedArt|move: Tailwind\n|\n|upkeep\n|turn|2\n|\n|t:|1699817324\n|move|p1b: Iron Santa|Protect|p1b: Iron Santa\n|-singleturn|p1b: Iron Santa|Protect\n|move|p1a: Regiice|Protect|p1a: Regiice\n|-singleturn|p1a: Regiice|Protect\n|move|p2a: Roaring Moon|Knock Off|p1a: Regiice\n|-activate|p1a: Regiice|move: Protect\n|move|p2b: Iron Hands|Drain Punch|p1b: Iron Santa\n|-activate|p1b: Iron Santa|move: Protect\n|\n|upkeep\n|turn|3\n|\n|t:|1699817356\n|-end|p2a: Roaring Moon|Protosynthesis|[silent]\n|switch|p2a: Weezing|Weezing, L50, M|100\/100\n|-ability|p2a: Weezing|Neutralizing Gas\n|move|p1b: Iron Santa|Freeze-Dry|p2a: Weezing\n|-crit|p2a: Weezing\n|-damage|p2a: Weezing|45\/100\n|-enditem|p2a: Weezing|Sitrus Berry|[eat]\n|-heal|p2a: Weezing|70\/100|[from] item: Sitrus Berry\n|move|p1a: Regiice|Tera Blast|p2a: Weezing|[anim] Tera Blast Ice\n|-damage|p2a: Weezing|32\/100\n|move|p2b: Iron Hands|Drain Punch|p1b: Iron Santa\n|-supereffective|p1b: Iron Santa\n|-damage|p1b: Iron Santa|0 fnt\n|-heal|p2b: Iron Hands|100\/100|[from] drain|[of] p1b: Iron Santa\n|faint|p1b: Iron Santa\n|-end|p1b: Iron Santa|Quark Drive|[silent]\n|\n|upkeep\n|\n|t:|1699817369\n|switch|p1b: #RIPBozo|Dondozo, L50, M|100\/100\n|turn|4\n|\n|t:|1699817379\n|-end|p2a: Weezing|ability: Neutralizing Gas\n|switch|p2a: Roaring Moon|Roaring Moon, L50, tera:Poison|69\/100\n|move|p1a: Regiice|Thunderbolt|p2a: Roaring Moon\n|-damage|p2a: Roaring Moon|25\/100\n|move|p2b: Iron Hands|Wild Charge|p1b: #RIPBozo\n|-supereffective|p1b: #RIPBozo\n|-damage|p1b: #RIPBozo|36\/100\n|-damage|p2b: Iron Hands|85\/100|[from] Recoil\n|move|p1b: #RIPBozo|Wave Crash|p2a: Roaring Moon\n|-damage|p2a: Roaring Moon|0 fnt\n|faint|p2a: Roaring Moon\n|-end|p2a: Roaring Moon|Protosynthesis|[silent]\n|-damage|p1b: #RIPBozo|29\/100|[from] Recoil\n|\n|-heal|p1b: #RIPBozo|35\/100|[from] item: Leftovers\n|-sideend|p2: ToastedArt|move: Tailwind\n|upkeep\n|\n|t:|1699817394\n|switch|p2a: Weezing|Weezing, L50, M|32\/100\n|-ability|p2a: Weezing|Neutralizing Gas\n|turn|5\n|\n|t:|1699817415\n|-end|p2a: Weezing|ability: Neutralizing Gas\n|switch|p2a: Thomas Jefferson|Landorus-Therian, L50, M|100\/100\n|-ability|p2a: Thomas Jefferson|Intimidate|boost\n|-unboost|p1a: Regiice|atk|1\n|-unboost|p1b: #RIPBozo|atk|1\n|move|p1a: Regiice|Thunderbolt|p2a: Thomas Jefferson\n|-immune|p2a: Thomas Jefferson\n|move|p2b: Iron Hands|Wild Charge|p1b: #RIPBozo\n|-supereffective|p1b: #RIPBozo\n|-crit|p1b: #RIPBozo\n|-damage|p1b: #RIPBozo|0 fnt\n|faint|p1b: #RIPBozo\n|-damage|p2b: Iron Hands|76\/100|[from] Recoil\n|\n|upkeep\n|\n|t:|1699817423\n|switch|p1b: I'm Dead Bro \ud83d\udc80|Tatsugiri, L50, M|100\/100\n|turn|6\n|\n|t:|1699817433\n|switch|p2a: Weezing|Weezing, L50, M|32\/100\n|-ability|p2a: Weezing|Neutralizing Gas\n|move|p1a: Regiice|Tera Blast|p2a: Weezing|[anim] Tera Blast Ice\n|-damage|p2a: Weezing|0 fnt\n|faint|p2a: Weezing\n|-end|p2a: Weezing|ability: Neutralizing Gas\n|move|p1b: I'm Dead Bro \ud83d\udc80|Muddy Water|p2b: Iron Hands\n|-damage|p2b: Iron Hands|54\/100\n|move|p2b: Iron Hands|Drain Punch|p1a: Regiice\n|-supereffective|p1a: Regiice\n|-enditem|p1a: Regiice|Focus Sash\n|-damage|p1a: Regiice|1\/100\n|-heal|p2b: Iron Hands|87\/100|[from] drain|[of] p1a: Regiice\n|\n|-status|p1b: I'm Dead Bro \ud83d\udc80|tox|[from] item: Toxic Orb\n|upkeep\n|\n|t:|1699817448\n|switch|p2a: Thomas Jefferson|Landorus-Therian, L50, M|100\/100\n|-ability|p2a: Thomas Jefferson|Intimidate|boost\n|-unboost|p1a: Regiice|atk|1\n|-unboost|p1b: I'm Dead Bro \ud83d\udc80|atk|1\n|turn|7\n|\n|t:|1699817464\n|move|p1a: Regiice|Tera Blast|p2a: Thomas Jefferson|[anim] Tera Blast Ice\n|-supereffective|p2a: Thomas Jefferson\n|-damage|p2a: Thomas Jefferson|0 fnt\n|faint|p2a: Thomas Jefferson\n|move|p1b: I'm Dead Bro \ud83d\udc80|Muddy Water|p2b: Iron Hands\n|-damage|p2b: Iron Hands|63\/100\n|-unboost|p2b: Iron Hands|accuracy|1\n|move|p2b: Iron Hands|Wild Charge|p1b: I'm Dead Bro \ud83d\udc80|[miss]\n|-miss|p2b: Iron Hands|p1b: I'm Dead Bro \ud83d\udc80\n|\n|-damage|p1b: I'm Dead Bro \ud83d\udc80|95\/100 tox|[from] psn\n|upkeep\n|turn|8\n|\n|t:|1699817475\n|move|p1a: Regiice|Tera Blast|p2b: Iron Hands|[anim] Tera Blast Ice\n|-damage|p2b: Iron Hands|46\/100\n|move|p1b: I'm Dead Bro \ud83d\udc80|Muddy Water|p2b: Iron Hands\n|-damage|p2b: Iron Hands|24\/100\n|-unboost|p2b: Iron Hands|accuracy|1\n|move|p2b: Iron Hands|Drain Punch|p1a: Regiice|[miss]\n|-miss|p2b: Iron Hands|p1a: Regiice\n|\n|-damage|p1b: I'm Dead Bro \ud83d\udc80|84\/100 tox|[from] psn\n|upkeep\n|turn|9\n|c|\u2606ToastedArt|I FUCKING SWEAR\n|\n|t:|1699817489\n|move|p1a: Regiice|Tera Blast|p2b: Iron Hands|[anim] Tera Blast Ice\n|-damage|p2b: Iron Hands|6\/100\n|move|p1b: I'm Dead Bro \ud83d\udc80|Muddy Water|p2b: Iron Hands\n|-damage|p2b: Iron Hands|0 fnt\n|faint|p2b: Iron Hands\n|-end|p2b: Iron Hands|Quark Drive|[silent]\n|\n|win|Granny Pie\n|c|\u2606Granny Pie|I'm a cheeser\n|c|\u2606Granny Pie|\ud83d\udc10\n|c|\u2606ToastedArt|that is an understatement\n|c|\u2606ToastedArt|get better\n|l|\u2606ToastedArt\n","uploadtime":1699817505,"views":11,"p1id":"grannypie","p2id":"toastedart","formatid":"gen9vgc2023regulatione","rating":0,"private":0,"password":""}