{"id":"gen9vgc2023regulatione-1999560260","p1":"trainerrodpractice","p2":"AswangVGC","format":"[Gen 9] VGC 2023 Regulation E","log":"|j|\u2606trainerrodpractice\n|j|\u2606AswangVGC\n|n|\u2606trainerrodpractice|trainerrodpractice\n|n|\u2606AswangVGC|aswangvgc\n|html|View the match progress at <a href=\"\/game-bestof3-gen9vgc2023regulatione-1999556285\">game-bestof3-gen9vgc2023regulatione-1999556285<\/a>\n|t:|1701096195\n|gametype|doubles\n|player|p1|trainerrodpractice|101|\n|player|p2|AswangVGC|101|\n|teamsize|p1|6\n|teamsize|p2|6\n|gen|9\n|tier|[Gen 9] VGC 2023 Regulation E\n|rule|Species Clause: Limit one of each Pok\u00e9mon\n|rule|Item Clause: Limit one of each item\n|clearpoke\n|poke|p1|Roaring Moon, L50|\n|poke|p1|Empoleon, L50, F|\n|poke|p1|Ogerpon-Hearthflame, L50, F|\n|poke|p1|Landorus-Therian, L50, M|\n|poke|p1|Flutter Mane, L50|\n|poke|p1|Iron Hands, L50|\n|poke|p2|Urshifu-*, L50, F|\n|poke|p2|Tornadus, L50, M|\n|poke|p2|Regidrago, L50|\n|poke|p2|Rillaboom, L50, F|\n|poke|p2|Tauros-Paldea-Blaze, L50, M|\n|poke|p2|Gholdengo, L50|\n|teampreview|4\ntrainerrodpractice has agreed to open team sheets.\nAswangVGC has agreed to open team sheets.\n|showteam|p1|Roaring Moon||BoosterEnergy|Protosynthesis|KnockOff,BreakingSwipe,Protect,Tailwind||||||50|,,,,,Flying]Empoleon||SitrusBerry|Competitive|FlashCannon,IceBeam,Protect,Yawn|||F|||50|,,,,,Fairy]Ogerpon-Hearthflame||HearthflameMask|MoldBreaker|IvyCudgel,HornLeech,SpikyShield,SwordsDance|||F|||50|,,,,,Fire]Landorus-Therian||ChoiceScarf|Intimidate|StompingTantrum,RockSlide,TeraBlast,Uturn|||M|||50|,,,,,Flying]Flutter Mane||ChoiceSpecs|Protosynthesis|DazzlingGleam,Moonblast,ShadowBall,PowerGem||||||50|,,,,,Fairy]Iron Hands||AssaultVest|QuarkDrive|DrainPunch,WildCharge,FakeOut,HeavySlam||||||50|,,,,,Water\n|showteam|p2|Urshifu-Rapid-Strike||ChoiceScarf|UnseenFist|SurgingStrikes,CloseCombat,Uturn,AquaJet|||F|||50|,,,,,Water]Tornadus||RockyHelmet|Prankster|BleakwindStorm,RainDance,Tailwind,Protect|||M|||50|,,,,,Ghost]Regidrago||DracoPlate|DragonsMaw|DragonEnergy,DracoMeteor,EarthPower,Protect||||||50|,,,,,Steel]Rillaboom||AssaultVest|GrassySurge|FakeOut,WoodHammer,HighHorsepower,GrassyGlide|||F|||50|,,,,,Grass]Tauros-Paldea-Blaze||SitrusBerry|Intimidate|WillOWisp,RagingBull,CloseCombat,RockSlide|||M|||50|,,,,,Fairy]Gholdengo||IronPlate|GoodasGold|MakeItRain,ShadowBall,NastyPlot,Protect||||||50|,,,,,Dragon\n|\n|t:|1701096254\n|start\n|switch|p1a: Roaring Moon|Roaring Moon, L50|100\/100\n|switch|p1b: Iron Hands|Iron Hands, L50|100\/100\n|switch|p2a: Rillaboom|Rillaboom, L50, F|100\/100\n|switch|p2b: Urshifu|Urshifu-Rapid-Strike, L50, F|100\/100\n|-fieldstart|move: Grassy Terrain|[from] ability: Grassy Surge|[of] p2a: Rillaboom\n|-enditem|p1a: Roaring Moon|Booster Energy\n|-activate|p1a: Roaring Moon|ability: Protosynthesis|[fromitem]\n|-start|p1a: Roaring Moon|protosynthesisspe\n|turn|1\n|\n|t:|1701096287\n|-terastallize|p1a: Roaring Moon|Flying\n|move|p2a: Rillaboom|Fake Out|p1b: Iron Hands\n|-damage|p1b: Iron Hands|90\/100\n|move|p1a: Roaring Moon|Tailwind|p1a: Roaring Moon\n|-sidestart|p1: trainerrodpractice|move: Tailwind\n|move|p2b: Urshifu|U-turn|p1a: Roaring Moon\n|-resisted|p1a: Roaring Moon\n|-damage|p1a: Roaring Moon|86\/100\n|\n|t:|1701096295\n|switch|p2b: Tauros|Tauros-Paldea-Blaze, L50, M|100\/100|[from] U-turn\n|-ability|p2b: Tauros|Intimidate|boost\n|-unboost|p1a: Roaring Moon|atk|1\n|-unboost|p1b: Iron Hands|atk|1\n|cant|p1b: Iron Hands|flinch\n|\n|-heal|p1b: Iron Hands|97\/100|[from] Grassy Terrain\n|upkeep\n|turn|2\n|\n|t:|1701096322\n|-end|p1b: Iron Hands|Quark Drive|[silent]\n|switch|p1b: Ogerpon|Ogerpon-Hearthflame, L50, F|100\/100\n|-ability|p1b: Ogerpon|Mold Breaker\n|move|p1a: Roaring Moon|Breaking Swipe|p2b: Tauros|[spread] p2a,p2b\n|-damage|p2a: Rillaboom|87\/100\n|-damage|p2b: Tauros|84\/100\n|-unboost|p2a: Rillaboom|atk|1\n|-unboost|p2b: Tauros|atk|1\n|move|p2b: Tauros|Rock Slide|p1a: Roaring Moon|[spread] p1a\n|-miss|p2b: Tauros|p1b: Ogerpon\n|-supereffective|p1a: Roaring Moon\n|-damage|p1a: Roaring Moon|63\/100\n|move|p2a: Rillaboom|High Horsepower|p1b: Ogerpon\n|-damage|p1b: Ogerpon|72\/100\n|\n|-heal|p1b: Ogerpon|78\/100|[from] Grassy Terrain\n|-heal|p2b: Tauros|90\/100|[from] Grassy Terrain\n|-heal|p2a: Rillaboom|93\/100|[from] Grassy Terrain\n|upkeep\n|turn|3\n|\n|t:|1701096362\n|move|p1a: Roaring Moon|Breaking Swipe|p2a: Rillaboom|[spread] p2a,p2b\n|-damage|p2a: Rillaboom|79\/100\n|-damage|p2b: Tauros|74\/100\n|-unboost|p2a: Rillaboom|atk|1\n|-unboost|p2b: Tauros|atk|1\n|move|p1b: Ogerpon|Swords Dance|p1b: Ogerpon\n|-boost|p1b: Ogerpon|atk|2\n|move|p2b: Tauros|Will-O-Wisp|p1a: Roaring Moon\n|-status|p1a: Roaring Moon|brn\n|move|p2a: Rillaboom|High Horsepower|p1b: Ogerpon\n|-damage|p1b: Ogerpon|57\/100\n|\n|-heal|p1b: Ogerpon|62\/100|[from] Grassy Terrain\n|-heal|p2b: Tauros|80\/100|[from] Grassy Terrain\n|-heal|p2a: Rillaboom|85\/100|[from] Grassy Terrain\n|-damage|p1a: Roaring Moon|57\/100 brn|[from] brn\n|upkeep\n|turn|4\n|\n|t:|1701096402\n|move|p1a: Roaring Moon|Breaking Swipe|p2a: Rillaboom|[spread] p2a,p2b\n|-damage|p2a: Rillaboom|78\/100\n|-damage|p2b: Tauros|73\/100\n|-unboost|p2a: Rillaboom|atk|1\n|-unboost|p2b: Tauros|atk|1\n|move|p1b: Ogerpon|Horn Leech|p2a: Rillaboom\n|-resisted|p2a: Rillaboom\n|-damage|p2a: Rillaboom|18\/100\n|-heal|p1b: Ogerpon|97\/100|[from] drain|[of] p2a: Rillaboom\n|move|p2b: Tauros|Rock Slide|p1a: Roaring Moon|[spread] p1a,p1b\n|-supereffective|p1a: Roaring Moon\n|-supereffective|p1b: Ogerpon\n|-damage|p1a: Roaring Moon|41\/100 brn\n|-damage|p1b: Ogerpon|83\/100\n|move|p2a: Rillaboom|Wood Hammer|p1b: Ogerpon\n|-resisted|p1b: Ogerpon\n|-damage|p1b: Ogerpon|74\/100\n|-damage|p2a: Rillaboom|16\/100|[from] Recoil\n|\n|-heal|p1b: Ogerpon|80\/100|[from] Grassy Terrain\n|-heal|p2b: Tauros|79\/100|[from] Grassy Terrain\n|-heal|p2a: Rillaboom|22\/100|[from] Grassy Terrain\n|-damage|p1a: Roaring Moon|35\/100 brn|[from] brn\n|-sideend|p1: trainerrodpractice|move: Tailwind\n|upkeep\n|turn|5\n|\n|t:|1701096435\n|move|p1a: Roaring Moon|Tailwind|p1a: Roaring Moon\n|-sidestart|p1: trainerrodpractice|move: Tailwind\n|move|p1b: Ogerpon|Ivy Cudgel|p2b: Tauros|[anim] Ivy Cudgel Fire\n|-resisted|p2b: Tauros\n|-damage|p2b: Tauros|24\/100\n|-enditem|p2b: Tauros|Sitrus Berry|[eat]\n|-heal|p2b: Tauros|49\/100|[from] item: Sitrus Berry\n|move|p2b: Tauros|Rock Slide|p1a: Roaring Moon|[spread] p1a,p1b\n|-supereffective|p1a: Roaring Moon\n|-supereffective|p1b: Ogerpon\n|-damage|p1a: Roaring Moon|20\/100 brn\n|-damage|p1b: Ogerpon|65\/100\n|move|p2a: Rillaboom|High Horsepower|p1b: Ogerpon\n|-damage|p1b: Ogerpon|48\/100\n|\n|-heal|p1b: Ogerpon|54\/100|[from] Grassy Terrain\n|-heal|p2b: Tauros|55\/100|[from] Grassy Terrain\n|-heal|p2a: Rillaboom|28\/100|[from] Grassy Terrain\n|-damage|p1a: Roaring Moon|13\/100 brn|[from] brn\n|-fieldend|move: Grassy Terrain\n|upkeep\n|turn|6\n|\n|t:|1701096465\n|move|p1a: Roaring Moon|Breaking Swipe|p2b: Tauros|[spread] p2a,p2b\n|-damage|p2a: Rillaboom|20\/100\n|-damage|p2b: Tauros|48\/100\n|-unboost|p2a: Rillaboom|atk|1\n|-unboost|p2b: Tauros|atk|1\n|move|p1b: Ogerpon|Horn Leech|p2b: Tauros\n|-resisted|p2b: Tauros\n|-damage|p2b: Tauros|0 fnt\n|-heal|p1b: Ogerpon|77\/100|[from] drain|[of] p2b: Tauros\n|faint|p2b: Tauros\n|move|p2a: Rillaboom|High Horsepower|p1b: Ogerpon\n|-damage|p1b: Ogerpon|62\/100\n|\n|-damage|p1a: Roaring Moon|7\/100 brn|[from] brn\n|upkeep\n|\n|t:|1701096474\n|switch|p2b: Urshifu|Urshifu-Rapid-Strike, L50, F|100\/100\n|turn|7\n|\n|t:|1701096490\n|-end|p1a: Roaring Moon|Protosynthesis|[silent]\n|switch|p1a: Iron Hands|Iron Hands, L50|97\/100\n|switch|p2a: Gholdengo|Gholdengo, L50|100\/100\n|-terastallize|p2b: Urshifu|Water\n|move|p1b: Ogerpon|Horn Leech|p2b: Urshifu\n|-supereffective|p2b: Urshifu\n|-damage|p2b: Urshifu|0 fnt\n|-heal|p1b: Ogerpon|100\/100|[from] drain|[of] p2b: Urshifu\n|faint|p2b: Urshifu\n|\n|upkeep\n|-message|AswangVGC forfeited.\n|\n|win|trainerrodpractice\n|c|&|\/uhtml prompt-aswangvgc,AswangVGC is ready for game 3!\n|c|&|\/uhtml prompt-trainerrodpractice,trainerrodpractice is ready for game 3!\nBoth players are ready! Starting next match!\n|l|\u2606trainerrodpractice\n","uploadtime":1701096961,"views":13,"p1id":"trainerrodpractice","p2id":"aswangvgc","formatid":"gen9vgc2023regulatione","rating":0,"private":0,"password":""}