{"id":"gen9vgc2023regulatione-1995602133","p1":"Kubi65","p2":"Lukappa_k117","format":"[Gen 9] VGC 2023 Regulation E","log":"|j|\u2606Kubi65\n|j|\u2606Lukappa_k117\n|t:|1700586566\n|gametype|doubles\n|player|p1|Kubi65|swimmer-gen4|1104\n|player|p2|Lukappa_k117|ghetsis-gen5bw|1111\n|teamsize|p1|6\n|teamsize|p2|6\n|gen|9\n|tier|[Gen 9] VGC 2023 Regulation E\n|rated|\n|rule|Species Clause: Limit one of each Pok\u00e9mon\n|rule|Item Clause: Limit one of each item\n|clearpoke\n|poke|p1|Iron Valiant, L50|\n|poke|p1|Amoonguss, L50, F|\n|poke|p1|Ceruledge, L50, M|\n|poke|p1|Torkoal, L50, F|\n|poke|p1|Armarouge, L50, F|\n|poke|p1|Garganacl, L50, F|\n|poke|p2|Leafeon, L50, F|\n|poke|p2|Torkoal, L50, F|\n|poke|p2|Klefki, L50, M|\n|poke|p2|Roaring Moon, L50|\n|poke|p2|Gyarados, L50, M|\n|poke|p2|Chien-Pao, L50|\n|teampreview|4\n|inactive|Battle timer is ON: inactive players will automatically lose when time's up. (requested by Lukappa_k117)\n|inactive|Kubi65 also wants the timer to be on.\n|\n|t:|1700586591\n|start\n|switch|p1a: Armarouge|Armarouge, L50, F|100\/100\n|switch|p1b: Ceruledge|Ceruledge, L50, M|100\/100\n|switch|p2a: Klefki|Klefki, L50, M|100\/100\n|switch|p2b: Leafeon|Leafeon, L50, F|100\/100\n|turn|1\n|\n|t:|1700586616\n|switch|p2b: Gyarados|Gyarados, L50, M|100\/100\n|-ability|p2b: Gyarados|Intimidate|boost\n|-unboost|p1a: Armarouge|atk|1\n|-unboost|p1b: Ceruledge|atk|1\n|-terastallize|p1b: Ceruledge|Grass\n|move|p2a: Klefki|Light Screen|p2a: Klefki\n|-sidestart|p2: Lukappa_k117|move: Light Screen\n|move|p1a: Armarouge|Lava Plume|p2a: Klefki|[spread] p2a,p2b\n|-start|p1b: Ceruledge|ability: Flash Fire\n|-supereffective|p2a: Klefki\n|-resisted|p2b: Gyarados\n|-damage|p2a: Klefki|64\/100\n|-damage|p2b: Gyarados|95\/100\n|-status|p2b: Gyarados|brn\n|move|p1b: Ceruledge|Swords Dance|p1b: Ceruledge\n|-boost|p1b: Ceruledge|atk|2\n|\n|-damage|p2b: Gyarados|89\/100 brn|[from] brn\n|upkeep\n|turn|2\n|\n|t:|1700586637\n|move|p1b: Ceruledge|Protect|p1b: Ceruledge\n|-singleturn|p1b: Ceruledge|Protect\n|move|p2a: Klefki|Reflect|p2a: Klefki\n|-sidestart|p2: Lukappa_k117|Reflect\n|move|p2b: Gyarados|Thunder Wave|p1b: Ceruledge\n|-activate|p1b: Ceruledge|move: Protect\n|move|p1a: Armarouge|Trick Room|p1a: Armarouge\n|-fieldstart|move: Trick Room|[of] p1a: Armarouge\n|\n|-damage|p2b: Gyarados|83\/100 brn|[from] brn\n|upkeep\n|turn|3\n|\n|t:|1700586659\n|-terastallize|p2a: Klefki|Dark\n|move|p2a: Klefki|Dazzling Gleam|p1b: Ceruledge|[spread] p1a,p1b\n|-resisted|p1a: Armarouge\n|-damage|p1a: Armarouge|92\/100\n|-damage|p1b: Ceruledge|83\/100\n|move|p2b: Gyarados|Thunder Wave|p1b: Ceruledge\n|-status|p1b: Ceruledge|par\n|move|p1b: Ceruledge|Bitter Blade|p2b: Gyarados\n|-resisted|p2b: Gyarados\n|-damage|p2b: Gyarados|40\/100 brn\n|-heal|p1b: Ceruledge|100\/100 par|[from] drain|[of] p2b: Gyarados\n|-enditem|p2b: Gyarados|Sitrus Berry|[eat]\n|-heal|p2b: Gyarados|64\/100 brn|[from] item: Sitrus Berry\n|move|p1a: Armarouge|Energy Ball|p2b: Gyarados\n|-damage|p2b: Gyarados|53\/100 brn\n|-unboost|p2b: Gyarados|spd|1\n|\n|-damage|p2b: Gyarados|47\/100 brn|[from] brn\n|upkeep\n|turn|4\n|inactive|Lukappa_k117 has 30 seconds left.\n|\n|t:|1700586687\n|switch|p2a: Leafeon|Leafeon, L50, F|100\/100\n|move|p1b: Ceruledge|Bitter Blade|p2b: Gyarados\n|-resisted|p2b: Gyarados\n|-damage|p2b: Gyarados|9\/100 brn\n|move|p2b: Gyarados|Waterfall|p1a: Armarouge\n|-supereffective|p1a: Armarouge\n|-damage|p1a: Armarouge|62\/100\n|-ability|p1a: Armarouge|Weak Armor|boost\n|-unboost|p1a: Armarouge|def|1\n|-boost|p1a: Armarouge|spe|2\n|move|p1a: Armarouge|Trick Room|p1a: Armarouge\n|-fieldend|move: Trick Room\n|\n|-damage|p2b: Gyarados|3\/100 brn|[from] brn\n|upkeep\n|turn|5\n|inactive|Lukappa_k117 has 30 seconds left.\n|\n|t:|1700586712\n|move|p1a: Armarouge|Lava Plume|p2a: Leafeon|[spread] p2a,p2b\n|-immune|p1b: Ceruledge|[from] ability: Flash Fire\n|-supereffective|p2a: Leafeon\n|-resisted|p2b: Gyarados\n|-damage|p2a: Leafeon|41\/100\n|-damage|p2b: Gyarados|0 fnt\n|-status|p2a: Leafeon|brn\n|faint|p2b: Gyarados\n|move|p2a: Leafeon|Swords Dance|p2a: Leafeon\n|-boost|p2a: Leafeon|atk|2\n|cant|p1b: Ceruledge|par\n|\n|-damage|p2a: Leafeon|35\/100 brn|[from] brn\n|upkeep\n|\n|t:|1700586727\n|switch|p2b: Chien-Pao|Chien-Pao, L50|100\/100\n|-ability|p2b: Chien-Pao|Sword of Ruin\n|turn|6\n|\n|t:|1700586738\n|cant|p1b: Ceruledge|par\n|move|p2b: Chien-Pao|Ice Spinner|p1b: Ceruledge\n|-supereffective|p1b: Ceruledge\n|-damage|p1b: Ceruledge|0 fnt\n|faint|p1b: Ceruledge\n|move|p2a: Leafeon|Solar Blade||[still]\n|-prepare|p2a: Leafeon|Solar Blade\n|move|p1a: Armarouge|Trick Room|p1a: Armarouge\n|-fieldstart|move: Trick Room|[of] p1a: Armarouge\n|\n|-damage|p2a: Leafeon|30\/100 brn|[from] brn\n|upkeep\n|c|\u2606Kubi65|sick\n|\n|t:|1700586747\n|switch|p1b: Amoonguss|Amoonguss, L50, F|100\/100\n|turn|7\n|\n|t:|1700586757\n|switch|p1a: Garganacl|Garganacl, L50, F|100\/100\n|move|p1b: Amoonguss|Spore|p2b: Chien-Pao\n|-status|p2b: Chien-Pao|slp|[from] move: Spore\n|move|p2a: Leafeon|Solar Blade|p1a: Garganacl|[from]lockedmove\n|-supereffective|p1a: Garganacl\n|-damage|p1a: Garganacl|0 fnt\n|faint|p1a: Garganacl\n|-damage|p2a: Leafeon|20\/100 brn|[from] item: Life Orb\n|cant|p2b: Chien-Pao|slp\n|\n|-damage|p2a: Leafeon|14\/100 brn|[from] brn\n|upkeep\n|\n|t:|1700586770\n|switch|p1a: Armarouge|Armarouge, L50, F|62\/100\n|turn|8\n|\n|t:|1700586785\n|switch|p2b: Klefki|Klefki, L50, M, tera:Dark|64\/100\n|move|p2a: Leafeon|Protect|p2a: Leafeon\n|-singleturn|p2a: Leafeon|Protect\n|move|p1b: Amoonguss|Pollen Puff|p2a: Leafeon\n|-activate|p2a: Leafeon|move: Protect\n|move|p1a: Armarouge|Energy Ball|p2b: Klefki\n|-damage|p2b: Klefki|47\/100\n|\n|-damage|p2a: Leafeon|8\/100 brn|[from] brn\n|-sideend|p2: Lukappa_k117|move: Light Screen\n|upkeep\n|turn|9\n|\n|t:|1700586809\n|move|p2b: Klefki|Light Screen|p2b: Klefki\n|-sidestart|p2: Lukappa_k117|move: Light Screen\n|move|p1b: Amoonguss|Giga Drain|p2b: Klefki\n|-damage|p2b: Klefki|32\/100\n|move|p1a: Armarouge|Lava Plume|p2b: Klefki|[spread] p1b,p2a,p2b\n|-supereffective|p1b: Amoonguss\n|-supereffective|p2a: Leafeon\n|-damage|p1b: Amoonguss|58\/100\n|-damage|p2a: Leafeon|0 fnt\n|-damage|p2b: Klefki|14\/100\n|faint|p2a: Leafeon\n|\n|-sideend|p2: Lukappa_k117|Reflect\n|upkeep\n|\n|t:|1700586819\n|switch|p2a: Chien-Pao|Chien-Pao, L50|100\/100 slp\n|-ability|p2a: Chien-Pao|Sword of Ruin\n|turn|10\n|\n|t:|1700586831\n|cant|p2a: Chien-Pao|slp\n|move|p1b: Amoonguss|Giga Drain|p2b: Klefki\n|-crit|p2b: Klefki\n|-damage|p2b: Klefki|0 fnt\n|-heal|p1b: Amoonguss|64\/100|[from] drain|[of] p2b: Klefki\n|faint|p2b: Klefki\n|move|p1a: Armarouge|Lava Plume|p2a: Chien-Pao|[spread] p1b,p2a\n|-supereffective|p1b: Amoonguss\n|-supereffective|p2a: Chien-Pao\n|-damage|p1b: Amoonguss|20\/100\n|-damage|p2a: Chien-Pao|43\/100 slp\n|\n|-fieldend|move: Trick Room\n|upkeep\n|turn|11\n|\n|t:|1700586847\n|cant|p2a: Chien-Pao|slp\n|move|p1a: Armarouge|Lava Plume|p2a: Chien-Pao|[spread] p1b,p2a\n|-supereffective|p1b: Amoonguss\n|-supereffective|p2a: Chien-Pao\n|-damage|p1b: Amoonguss|0 fnt\n|-damage|p2a: Chien-Pao|0 fnt\n|faint|p1b: Amoonguss\n|faint|p2a: Chien-Pao\n|\n|win|Kubi65\n|raw|Kubi65's rating: 1104 &rarr; <strong>1130<\/strong><br \/>(+26 for winning)\n|raw|Lukappa_k117's rating: 1111 &rarr; <strong>1085<\/strong><br \/>(-26 for losing)\n|c|\u2606Kubi65|HAHAHAAH\n|l|\u2606Kubi65\n","uploadtime":1700586876,"views":0,"p1id":"kubi65","p2id":"lukappak117","formatid":"gen9vgc2023regulatione","rating":1085,"private":0,"password":""}