{"id":"gen9vgc2023regulatione-1989045079","p1":"rrhizler","p2":"PenglinHeHe","format":"[Gen 9] VGC 2023 Regulation E","log":"|j|\u2606rrhizler\n|j|\u2606PenglinHeHe\n|n|\u2606rrhizler|rrhizler\n|n|\u2606PenglinHeHe|penglinhehe\n|html|View the match progress at <a href=\"\/game-bestof3-gen9vgc2023regulatione-1989045078\">game-bestof3-gen9vgc2023regulatione-1989045078<\/a>\n|t:|1699806014\n|gametype|doubles\n|player|p1|rrhizler|102|\n|player|p2|PenglinHeHe|lady|\n|teamsize|p1|6\n|teamsize|p2|6\n|gen|9\n|tier|[Gen 9] VGC 2023 Regulation E\n|rule|Species Clause: Limit one of each Pok\u00e9mon\n|rule|Item Clause: Limit one of each item\n|clearpoke\n|poke|p1|Gholdengo, L50|\n|poke|p1|Iron Hands, L50|\n|poke|p1|Amoonguss, L50, M|\n|poke|p1|Scream Tail, L50|\n|poke|p1|Pelipper, L50, M|\n|poke|p1|Salamence, L50, F|\n|poke|p2|Indeedee-F, L50, F|\n|poke|p2|Sylveon, L50, F|\n|poke|p2|Armarouge, L50, M|\n|poke|p2|Murkrow, L50, F|\n|poke|p2|Urshifu-*, L50, F|\n|poke|p2|Chi-Yu, L50|\n|teampreview|4\n|inactive|Battle timer is ON: inactive players will automatically lose when time's up. (requested by PenglinHeHe)\nPenglinHeHe has agreed to open team sheets.\nrrhizler has agreed to open team sheets.\n|showteam|p1|Gholdengo||Leftovers|GoodasGold|MakeItRain,NastyPlot,ShadowBall,Protect||||||50|,,,,,Dragon]Iron Hands||AssaultVest|QuarkDrive|FakeOut,HeavySlam,WildCharge,DrainPunch||||||50|,,,,,Water]Amoonguss||SitrusBerry|Regenerator|Spore,RagePowder,PollenPuff,Protect|||M|||50|,,,,,Water]Scream Tail||BoosterEnergy|Protosynthesis|Disable,Encore,Protect,PsychicFangs||||||50|,,,,,Water]Pelipper||FocusSash|Drizzle|Hurricane,WeatherBall,Protect,WideGuard|||M|||50|,,,,,Flying]Salamence||ChoiceScarf|Intimidate|Hurricane,DracoMeteor,Tailwind,AirSlash|||F|||50|,,,,,Flying\n|showteam|p2|Indeedee-F||SafetyGoggles|PsychicSurge|FollowMe,HealPulse,Psychic,TrickRoom|||F|||50|,,,,,Dragon]Sylveon||SitrusBerry|Pixilate|ShadowBall,HyperVoice,CalmMind,Detect|||F|||50|,,,,,Ghost]Armarouge||LifeOrb|FlashFire|HeatWave,ExpandingForce,TeraBlast,Protect|||M|||50|,,,,,Fairy]Murkrow||FocusSash|Prankster|Tailwind,Flatter,RainDance,Snarl|||F|||50|,,,,,Ghost]Urshifu-Rapid-Strike||ChoiceScarf|UnseenFist|SurgingStrikes,DrainPunch,PoisonJab,Uturn|||F|||50|,,,,,Poison]Chi-Yu||MirrorHerb|BeadsofRuin|TeraBlast,BurningJealousy,DarkPulse,Protect||||||50|,,,,,Water\n|inactiveoff|Battle timer is now OFF.\n|\n|t:|1699806110\n|start\n|switch|p1a: Iron Hands|Iron Hands, L50|100\/100\n|switch|p1b: Amoonguss|Amoonguss, L50, M|100\/100\n|switch|p2a: Murkrow|Murkrow, L50, F, shiny|100\/100\n|switch|p2b: Armarouge|Armarouge, L50, M, shiny|100\/100\n|turn|1\n|\n|t:|1699806142\n|switch|p2a: Indeedee|Indeedee-F, L50, F, shiny|100\/100\n|-fieldstart|move: Psychic Terrain|[from] ability: Psychic Surge|[of] p2a: Indeedee\n|-end|p1a: Iron Hands|Quark Drive|[silent]\n|switch|p1a: Pelipper|Pelipper, L50, M|100\/100\n|-weather|RainDance|[from] ability: Drizzle|[of] p1a: Pelipper\n|move|p2b: Armarouge|Expanding Force|p1b: Amoonguss|[spread] p1a,p1b\n|-supereffective|p1b: Amoonguss\n|-enditem|p1a: Pelipper|Focus Sash\n|-damage|p1a: Pelipper|1\/100\n|-damage|p1b: Amoonguss|0 fnt\n|faint|p1b: Amoonguss\n|-damage|p2b: Armarouge|91\/100|[from] item: Life Orb\n|\n|-weather|RainDance|[upkeep]\n|upkeep\n|\n|t:|1699806159\n|switch|p1b: Gholdengo|Gholdengo, L50|100\/100\n|turn|2\n|\n|t:|1699806180\n|move|p2a: Indeedee|Follow Me|p2a: Indeedee\n|-singleturn|p2a: Indeedee|move: Follow Me\n|move|p1b: Gholdengo|Make It Rain|p2b: Armarouge|[spread] p2a,p2b\n|-resisted|p2b: Armarouge\n|-crit|p2b: Armarouge\n|-damage|p2a: Indeedee|58\/100\n|-damage|p2b: Armarouge|52\/100\n|-unboost|p1b: Gholdengo|spa|1\n|move|p1a: Pelipper|Hurricane|p2a: Indeedee\n|-damage|p2a: Indeedee|18\/100\n|-start|p2a: Indeedee|confusion\n|move|p2b: Armarouge|Expanding Force|p1a: Pelipper|[spread] p1a,p1b\n|-resisted|p1b: Gholdengo\n|-damage|p1a: Pelipper|0 fnt\n|-damage|p1b: Gholdengo|60\/100\n|faint|p1a: Pelipper\n|-damage|p2b: Armarouge|42\/100|[from] item: Life Orb\n|\n|-weather|RainDance|[upkeep]\n|-heal|p1b: Gholdengo|66\/100|[from] item: Leftovers\n|upkeep\n|\n|t:|1699806193\n|switch|p1a: Iron Hands|Iron Hands, L50|100\/100\n|turn|3\n|\n|t:|1699806232\n|-terastallize|p1a: Iron Hands|Water\n|move|p2b: Armarouge|Protect|p2b: Armarouge\n|-singleturn|p2b: Armarouge|Protect\n|move|p1b: Gholdengo|Make It Rain|p2a: Indeedee|[spread] p2a\n|-activate|p2b: Armarouge|move: Protect\n|-damage|p2a: Indeedee|0 fnt\n|-unboost|p1b: Gholdengo|spa|1\n|faint|p2a: Indeedee\n|move|p1a: Iron Hands|Wild Charge|p2b: Armarouge\n|-activate|p2b: Armarouge|move: Protect\n|\n|-weather|RainDance|[upkeep]\n|-heal|p1b: Gholdengo|72\/100|[from] item: Leftovers\n|upkeep\n|\n|t:|1699806239\n|switch|p2a: Murkrow|Murkrow, L50, F, shiny|100\/100\n|turn|4\n|\n|t:|1699806277\n|move|p2a: Murkrow|Tailwind|p2a: Murkrow\n|-sidestart|p2: PenglinHeHe|move: Tailwind\n|move|p2b: Armarouge|Expanding Force|p1a: Iron Hands|[spread] p1a,p1b\n|-resisted|p1b: Gholdengo\n|-damage|p1a: Iron Hands|59\/100\n|-damage|p1b: Gholdengo|27\/100\n|-damage|p2b: Armarouge|33\/100|[from] item: Life Orb\n|move|p1b: Gholdengo|Shadow Ball|p2b: Armarouge\n|-supereffective|p2b: Armarouge\n|-damage|p2b: Armarouge|0 fnt\n|faint|p2b: Armarouge\n|move|p1a: Iron Hands|Wild Charge|p2a: Murkrow\n|-supereffective|p2a: Murkrow\n|-enditem|p2a: Murkrow|Focus Sash\n|-damage|p2a: Murkrow|1\/100\n|-damage|p1a: Iron Hands|42\/100|[from] Recoil\n|\n|-weather|RainDance|[upkeep]\n|-heal|p1b: Gholdengo|33\/100|[from] item: Leftovers\n|upkeep\n|\n|t:|1699806289\n|switch|p2b: Sylveon|Sylveon, L50, F|100\/100\n|turn|5\n|\n|t:|1699806316\n|-terastallize|p2b: Sylveon|Ghost\n|move|p1b: Gholdengo|Protect|p1b: Gholdengo\n|-singleturn|p1b: Gholdengo|Protect\n|move|p2a: Murkrow|Snarl|p1b: Gholdengo|[spread] p1a\n|-activate|p1b: Gholdengo|move: Protect\n|-damage|p1a: Iron Hands|34\/100\n|-unboost|p1a: Iron Hands|spa|1\n|move|p2b: Sylveon|Hyper Voice|p1a: Iron Hands|[spread] p1a\n|-activate|p1b: Gholdengo|move: Protect\n|-damage|p1a: Iron Hands|17\/100\n|move|p1a: Iron Hands|Wild Charge|p2b: Sylveon\n|-crit|p2b: Sylveon\n|-damage|p2b: Sylveon|16\/100\n|-enditem|p2b: Sylveon|Sitrus Berry|[eat]\n|-heal|p2b: Sylveon|41\/100|[from] item: Sitrus Berry\n|-damage|p1a: Iron Hands|0 fnt|[from] Recoil\n|faint|p1a: Iron Hands\n|-end|p1a: Iron Hands|Quark Drive|[silent]\n|\n|-weather|none\n|-heal|p1b: Gholdengo|39\/100|[from] item: Leftovers\n|-fieldend|move: Psychic Terrain\n|upkeep\n|turn|6\n|\n|t:|1699806334\n|move|p2a: Murkrow|Snarl|p1b: Gholdengo\n|-supereffective|p1b: Gholdengo\n|-damage|p1b: Gholdengo|3\/100\n|-unboost|p1b: Gholdengo|spa|1\n|move|p2b: Sylveon|Shadow Ball|p1b: Gholdengo\n|-supereffective|p1b: Gholdengo\n|-damage|p1b: Gholdengo|0 fnt\n|faint|p1b: Gholdengo\n|\n|win|PenglinHeHe\n|c|&|\/uhtml prompt-rrhizler,rrhizler is ready for game 2!\n|c|&|\/uhtml prompt-penglinhehe,PenglinHeHe is ready for game 2!\nBoth players are ready! Starting next match!\n","uploadtime":1699806949,"views":8,"p1id":"rrhizler","p2id":"penglinhehe","formatid":"gen9vgc2023regulatione","rating":0,"private":0,"password":""}