{"id":"gen9vgc2023regulatione-2000032975","p1":"JeanRyuPR","p2":"Josuee_29","format":"[Gen 9] VGC 2023 Regulation E","log":"|j|\u2606JeanRyuPR\n|j|\u2606Josuee_29\n|t:|1701143713\n|gametype|doubles\n|player|p1|JeanRyuPR|265|\n|player|p2|Josuee_29|red|\n|teamsize|p1|6\n|teamsize|p2|6\n|gen|9\n|tier|[Gen 9] VGC 2023 Regulation E\n|rule|Species Clause: Limit one of each Pok\u00e9mon\n|rule|Item Clause: Limit one of each item\n|clearpoke\n|poke|p1|Roaring Moon, L50|\n|poke|p1|Iron Hands, L50|\n|poke|p1|Ogerpon-Wellspring, L50, F|\n|poke|p1|Heatran, L50, M|\n|poke|p1|Arcanine-Hisui, L50, M|\n|poke|p1|Tornadus, L50, M|\n|poke|p2|Landorus-Therian, L50, M|\n|poke|p2|Iron Hands, L50|\n|poke|p2|Heatran, L50, F|\n|poke|p2|Flutter Mane, L50|\n|poke|p2|Roaring Moon, L50|\n|poke|p2|Tornadus, L50, M|\n|teampreview|4\nJosuee_29 has agreed to open team sheets.\n|c|\u2606JeanRyuPR|game 2\nJeanRyuPR has agreed to open team sheets.\n|showteam|p1|Roaring Moon||BoosterEnergy|Protosynthesis|KnockOff,Protect,BreakingSwipe,TeraBlast||||||50|,,,,,Poison]Iron Hands||AssaultVest|QuarkDrive|DrainPunch,WildCharge,HeavySlam,FakeOut||||||50|,,,,,Water]Ogerpon-Wellspring||WellspringMask|WaterAbsorb|IvyCudgel,SpikyShield,WoodHammer,SwordsDance|||F|||50|,,,,,Water]Heatran||ZoomLens|FlashFire|MagmaStorm,EarthPower,FlashCannon,Protect|||M|||50|,,,,,Fairy]Arcanine-Hisui||ChoiceBand|Intimidate|RockSlide,ExtremeSpeed,FlareBlitz,TeraBlast|||M|||50|,,,,,Grass]Tornadus||CovertCloak|Prankster|BleakwindStorm,IcyWind,Taunt,Tailwind|||M|||50|,,,,,Ghost\n|showteam|p2|Landorus-Therian||Leftovers|Intimidate|Earthquake,Crunch,RockSlide,Protect|||M|||50|,,,,,Fairy]Iron Hands||ClearAmulet|QuarkDrive|WildCharge,DrainPunch,IcePunch,FakeOut||||||50|,,,,,Fire]Heatran||AssaultVest|FlashFire|HeatWave,FlashCannon,EarthPower,TeraBlast|||F|||50|,,,,,Grass]Flutter Mane||LifeOrb|Protosynthesis|Protect,DazzlingGleam,ShadowBall,PowerGem||||||50|,,,,,Fairy]Roaring Moon||BoosterEnergy|Protosynthesis|KnockOff,Acrobatics,Tailwind,Protect||||||50|,,,,,Fire]Tornadus||MentalHerb|Prankster|BleakwindStorm,Tailwind,SunnyDay,Taunt|||M|||50|,,,,,Steel\n|\n|t:|1701143768\n|start\n|switch|p1a: Tornadus|Tornadus, L50, M|100\/100\n|switch|p1b: Roaring Moon|Roaring Moon, L50|100\/100\n|switch|p2a: Tornadus|Tornadus, L50, M, shiny|100\/100\n|switch|p2b: Iron Hands|Iron Hands, L50|100\/100\n|-enditem|p1b: Roaring Moon|Booster Energy\n|-activate|p1b: Roaring Moon|ability: Protosynthesis|[fromitem]\n|-start|p1b: Roaring Moon|protosynthesisatk\n|turn|1\n|\n|t:|1701143793\n|move|p1b: Roaring Moon|Protect|p1b: Roaring Moon\n|-singleturn|p1b: Roaring Moon|Protect\n|move|p1a: Tornadus|Tailwind|p1a: Tornadus\n|-sidestart|p1: JeanRyuPR|move: Tailwind\n|move|p2a: Tornadus|Taunt|p1a: Tornadus\n|-start|p1a: Tornadus|move: Taunt\n|move|p2b: Iron Hands|Wild Charge|p1a: Tornadus\n|-supereffective|p1a: Tornadus\n|-damage|p1a: Tornadus|0 fnt\n|faint|p1a: Tornadus\n|-damage|p2b: Iron Hands|84\/100|[from] Recoil\n|\n|upkeep\n|\n|t:|1701143806\n|switch|p1a: Arcanine|Arcanine-Hisui, L50, M, shiny|100\/100\n|-ability|p1a: Arcanine|Intimidate|boost\n|-unboost|p2a: Tornadus|atk|1\n|-fail|p2b: Iron Hands|unboost|[from] item: Clear Amulet|[of] p2b: Iron Hands\n|turn|2\n|\n|t:|1701143826\n|-end|p2b: Iron Hands|Quark Drive|[silent]\n|switch|p2b: Landorus|Landorus-Therian, L50, M|100\/100\n|-ability|p2b: Landorus|Intimidate|boost\n|-unboost|p1a: Arcanine|atk|1\n|-unboost|p1b: Roaring Moon|atk|1\n|-terastallize|p1b: Roaring Moon|Poison\n|move|p2a: Tornadus|Tailwind|p2a: Tornadus\n|-sidestart|p2: Josuee_29|move: Tailwind\n|move|p1b: Roaring Moon|Breaking Swipe|p2a: Tornadus|[spread] p2a,p2b\n|-damage|p2a: Tornadus|78\/100\n|-damage|p2b: Landorus|78\/100\n|-unboost|p2a: Tornadus|atk|1\n|-unboost|p2b: Landorus|atk|1\n|move|p1a: Arcanine|Rock Slide|p2a: Tornadus|[spread] p2a,p2b\n|-supereffective|p2a: Tornadus\n|-damage|p2a: Tornadus|21\/100\n|-damage|p2b: Landorus|50\/100\n|\n|-heal|p2b: Landorus|56\/100|[from] item: Leftovers\n|upkeep\n|turn|3\n|\n|t:|1701143854\n|move|p1b: Roaring Moon|Knock Off|p2b: Landorus\n|-damage|p2b: Landorus|6\/100\n|-enditem|p2b: Landorus|Leftovers|[from] move: Knock Off|[of] p1b: Roaring Moon\n|move|p2a: Tornadus|Bleakwind Storm|p1a: Arcanine|[spread] p1a,p1b\n|-resisted|p1a: Arcanine\n|-crit|p1b: Roaring Moon\n|-damage|p1a: Arcanine|80\/100\n|-damage|p1b: Roaring Moon|52\/100\n|move|p1a: Arcanine|Rock Slide|p2b: Landorus|[spread] p2a,p2b\n|-supereffective|p2a: Tornadus\n|-damage|p2a: Tornadus|0 fnt\n|-damage|p2b: Landorus|0 fnt\n|faint|p2a: Tornadus\n|faint|p2b: Landorus\n|\n|upkeep\n|\n|t:|1701143871\n|switch|p2a: Iron Hands|Iron Hands, L50|84\/100\n|switch|p2b: Heatran|Heatran, L50, F|100\/100\n|turn|4\n|\n|t:|1701143886\n|switch|p1a: Iron Hands|Iron Hands, L50|100\/100\n|move|p1b: Roaring Moon|Protect|p1b: Roaring Moon\n|-singleturn|p1b: Roaring Moon|Protect\n|move|p2a: Iron Hands|Fake Out|p1a: Iron Hands\n|-damage|p1a: Iron Hands|90\/100\n|move|p2b: Heatran|Earth Power|p1a: Iron Hands\n|-supereffective|p1a: Iron Hands\n|-damage|p1a: Iron Hands|57\/100\n|\n|-sideend|p1: JeanRyuPR|move: Tailwind\n|upkeep\n|turn|5\n|\n|t:|1701143924\n|-terastallize|p2b: Heatran|Grass\n|move|p2b: Heatran|Heat Wave|p1b: Roaring Moon|[spread] p1a\n|-miss|p2b: Heatran|p1b: Roaring Moon\n|-damage|p1a: Iron Hands|36\/100\n|move|p1b: Roaring Moon|Knock Off|p2b: Heatran\n|-damage|p2b: Heatran|57\/100\n|-enditem|p2b: Heatran|Assault Vest|[from] move: Knock Off|[of] p1b: Roaring Moon\n|move|p2a: Iron Hands|Drain Punch|p1a: Iron Hands\n|-damage|p1a: Iron Hands|8\/100\n|-heal|p2a: Iron Hands|98\/100|[from] drain|[of] p1a: Iron Hands\n|move|p1a: Iron Hands|Drain Punch|p2b: Heatran\n|-damage|p2b: Heatran|17\/100\n|-heal|p1a: Iron Hands|23\/100|[from] drain|[of] p2b: Heatran\n|\n|-sideend|p2: Josuee_29|move: Tailwind\n|upkeep\n|turn|6\n|\n|t:|1701143958\n|move|p1b: Roaring Moon|Knock Off|p2a: Iron Hands\n|-resisted|p2a: Iron Hands\n|-damage|p2a: Iron Hands|81\/100\n|-enditem|p2a: Iron Hands|Clear Amulet|[from] move: Knock Off|[of] p1b: Roaring Moon\n|move|p2b: Heatran|Earth Power|p1a: Iron Hands\n|-supereffective|p1a: Iron Hands\n|-damage|p1a: Iron Hands|0 fnt\n|faint|p1a: Iron Hands\n|-end|p1a: Iron Hands|Quark Drive|[silent]\n|move|p2a: Iron Hands|Wild Charge|p1b: Roaring Moon\n|-damage|p1b: Roaring Moon|0 fnt\n|faint|p1b: Roaring Moon\n|-end|p1b: Roaring Moon|Protosynthesis|[silent]\n|-damage|p2a: Iron Hands|70\/100|[from] Recoil\n|\n|upkeep\n|\n|t:|1701143972\n|switch|p1b: Arcanine|Arcanine-Hisui, L50, M, shiny|80\/100\n|-ability|p1b: Arcanine|Intimidate|boost\n|-unboost|p2a: Iron Hands|atk|1\n|-unboost|p2b: Heatran|atk|1\n|turn|7\n|\n|t:|1701143981\n|move|p1b: Arcanine|Rock Slide|p2a: Iron Hands|[spread] p2a\n|-miss|p1b: Arcanine|p2b: Heatran\n|-resisted|p2a: Iron Hands\n|-damage|p2a: Iron Hands|57\/100\n|move|p2b: Heatran|Earth Power|p1b: Arcanine\n|-supereffective|p1b: Arcanine\n|-damage|p1b: Arcanine|0 fnt\n|faint|p1b: Arcanine\n|\n|win|Josuee_29\n","uploadtime":1701143993,"views":5,"p1id":"jeanryupr","p2id":"josuee29","formatid":"gen9vgc2023regulatione","rating":0,"private":0,"password":""}