{"id":"gen9vgc2023regulatione-1994076597","p1":"pokesun1","p2":"smudgerox","format":"[Gen 9] VGC 2023 Regulation E","log":"|j|\u2606pokesun1\n|j|\u2606smudgerox\n|n|\u2606pokesun1|pokesun1\n|n|\u2606smudgerox|smudgerox\n|html|View the match progress at <a href=\"\/game-bestof3-gen9vgc2023regulatione-1994073895\">game-bestof3-gen9vgc2023regulatione-1994073895<\/a>\n|t:|1700403796\n|gametype|doubles\n|player|p1|pokesun1|lady-gen4|\n|player|p2|smudgerox|#dwcopiii|\n|teamsize|p1|6\n|teamsize|p2|6\n|gen|9\n|tier|[Gen 9] VGC 2023 Regulation E\n|rated|Tournament battle\n|rule|Species Clause: Limit one of each Pok\u00e9mon\n|rule|Item Clause: Limit one of each item\n|clearpoke\n|poke|p1|Ogerpon-Wellspring, L50, F|\n|poke|p1|Regieleki, L50|\n|poke|p1|Indeedee-F, L50, F|\n|poke|p1|Tornadus, L50, M|\n|poke|p1|Chi-Yu, L50|\n|poke|p1|Flutter Mane, L50|\n|poke|p2|Kommo-o, L50, F|\n|poke|p2|Tyranitar, L50, M|\n|poke|p2|Rillaboom, L50, M|\n|poke|p2|Flutter Mane, L50|\n|poke|p2|Arcanine-Hisui, L50, M|\n|poke|p2|Iron Bundle, L50|\n|teampreview|4\n|showteam|p1|Ogerpon-Wellspring||WellspringMask|WaterAbsorb|IvyCudgel,HornLeech,SwordsDance,SpikyShield|||F|||50|,,,,,Water]Regieleki||Magnet|Transistor|Thunderbolt,Electroweb,TeraBlast,Protect||||||50|,,,,,Ice]Indeedee-F||PsychicSeed|PsychicSurge|Psychic,FollowMe,HelpingHand,Protect|||F|||50|,,,,,Dragon]Tornadus||SafetyGoggles|Prankster|BleakwindStorm,Tailwind,RainDance,Protect|||M|||50|,,,,,Dark]Chi-Yu||LifeOrb|BeadsofRuin|HeatWave,Overheat,Snarl,Protect||||||50|,,,,,Fire]Flutter Mane||FocusSash|Protosynthesis|DazzlingGleam,Moonblast,ShadowBall,Protect||||||50|,,,,,Fairy\n|showteam|p2|Kommo-o||Leftovers|Bulletproof|BodyPress,IronDefense,IronHead,Protect|||F|||50|,,,,,Steel]Tyranitar||AssaultVest|SandStream|KnockOff,RockSlide,LowKick,TeraBlast|||M|||50|,,,,,Psychic]Rillaboom||MiracleSeed|GrassySurge|FakeOut,WoodHammer,GrassyGlide,Taunt|||M|||50|,,,,,Grass]Flutter Mane||ChoiceSpecs|Protosynthesis|DazzlingGleam,Moonblast,ShadowBall,TrickRoom||||||50|,,,,,Fairy]Arcanine-Hisui||SitrusBerry|Intimidate|FlareBlitz,RockSlide,Howl,WillOWisp|||M|||50|,,,,,Water]Iron Bundle||BoosterEnergy|QuarkDrive|FreezeDry,IcyWind,HydroPump,Protect||||||50|,,,,,Ghost\n|inactive|Battle timer is ON: inactive players will automatically lose when time's up. (requested by smudgerox)\n|inactive|pokesun1 has 60 seconds left.\n|inactive|smudgerox has 60 seconds left.\n|\n|t:|1700403834\n|start\n|switch|p1a: Regieleki|Regieleki, L50|100\/100\n|switch|p1b: Ogerpon|Ogerpon-Wellspring, L50, F|100\/100\n|switch|p2a: Rillaboom|Rillaboom, L50, M|100\/100\n|switch|p2b: Arcanine|Arcanine-Hisui, L50, M|100\/100\n|-ability|p2b: Arcanine|Intimidate|boost\n|-unboost|p1a: Regieleki|atk|1\n|-unboost|p1b: Ogerpon|atk|1\n|-fieldstart|move: Grassy Terrain|[from] ability: Grassy Surge|[of] p2a: Rillaboom\n|turn|1\n|\n|t:|1700403858\n|switch|p1a: Indeedee|Indeedee-F, L50, F|100\/100\n|-fieldstart|move: Psychic Terrain|[from] ability: Psychic Surge|[of] p1a: Indeedee\n|-enditem|p1a: Indeedee|Psychic Seed\n|-boost|p1a: Indeedee|spd|1|[from] item: Psychic Seed\n|switch|p2a: Kommo-o|Kommo-o, L50, F|100\/100\n|-terastallize|p2b: Arcanine|Water\n|move|p1b: Ogerpon|Ivy Cudgel|p2b: Arcanine|[anim] Ivy Cudgel Water\n|-resisted|p2b: Arcanine\n|-crit|p2b: Arcanine\n|-damage|p2b: Arcanine|51\/100\n|move|p2b: Arcanine|Will-O-Wisp|p1b: Ogerpon\n|-status|p1b: Ogerpon|brn\n|\n|-damage|p1b: Ogerpon|94\/100 brn|[from] brn\n|upkeep\n|turn|2\n|\n|t:|1700403876\n|switch|p1b: Chi-Yu|Chi-Yu, L50|100\/100\n|-ability|p1b: Chi-Yu|Beads of Ruin\n|switch|p2b: Rillaboom|Rillaboom, L50, M|100\/100\n|-fieldstart|move: Grassy Terrain|[from] ability: Grassy Surge|[of] p2b: Rillaboom\n|move|p2a: Kommo-o|Iron Defense|p2a: Kommo-o\n|-boost|p2a: Kommo-o|def|2\n|move|p1a: Indeedee|Psychic|p2a: Kommo-o\n|-supereffective|p2a: Kommo-o\n|-damage|p2a: Kommo-o|33\/100\n|\n|-heal|p2a: Kommo-o|40\/100|[from] Grassy Terrain\n|-heal|p2a: Kommo-o|46\/100|[from] item: Leftovers\n|upkeep\n|turn|3\n|inactive|pokesun1 has 30 seconds left.\n|inactive|smudgerox has 30 seconds left.\n|\n|t:|1700403905\n|move|p1b: Chi-Yu|Protect|p1b: Chi-Yu\n|-singleturn|p1b: Chi-Yu|Protect\n|move|p1a: Indeedee|Protect|p1a: Indeedee\n|-singleturn|p1a: Indeedee|Protect\n|move|p2b: Rillaboom|Fake Out|p1a: Indeedee\n|-activate|p1a: Indeedee|move: Protect\n|move|p2a: Kommo-o|Body Press|p1a: Indeedee\n|-activate|p1a: Indeedee|move: Protect\n|\n|-heal|p2a: Kommo-o|52\/100|[from] Grassy Terrain\n|-heal|p2a: Kommo-o|58\/100|[from] item: Leftovers\n|upkeep\n|turn|4\n|inactive|smudgerox has 30 seconds left.\n|\n|t:|1700403933\n|-terastallize|p1b: Chi-Yu|Fire\n|move|p1a: Indeedee|Helping Hand|p1b: Chi-Yu\n|-singleturn|p1b: Chi-Yu|Helping Hand|[of] p1a: Indeedee\n|move|p2a: Kommo-o|Protect|p2a: Kommo-o\n|-singleturn|p2a: Kommo-o|Protect\n|move|p1b: Chi-Yu|Heat Wave|p2a: Kommo-o|[spread] p2b\n|-activate|p2a: Kommo-o|move: Protect\n|-supereffective|p2b: Rillaboom\n|-damage|p2b: Rillaboom|0 fnt\n|faint|p2b: Rillaboom\n|-damage|p1b: Chi-Yu|91\/100|[from] item: Life Orb\n|\n|-heal|p1b: Chi-Yu|97\/100|[from] Grassy Terrain\n|-heal|p2a: Kommo-o|64\/100|[from] Grassy Terrain\n|-heal|p2a: Kommo-o|70\/100|[from] item: Leftovers\n|upkeep\n|\n|t:|1700403943\n|switch|p2b: Flutter Mane|Flutter Mane, L50|100\/100\n|turn|5\n|\n|t:|1700403958\n|move|p2b: Flutter Mane|Dazzling Gleam|p1a: Indeedee|[spread] p1a,p1b\n|-resisted|p1b: Chi-Yu\n|-damage|p1a: Indeedee|62\/100\n|-damage|p1b: Chi-Yu|72\/100\n|move|p1b: Chi-Yu|Heat Wave|p2b: Flutter Mane|[spread] p2a,p2b\n|-resisted|p2a: Kommo-o\n|-damage|p2a: Kommo-o|31\/100\n|-damage|p2b: Flutter Mane|3\/100\n|-damage|p1b: Chi-Yu|62\/100|[from] item: Life Orb\n|move|p2a: Kommo-o|Body Press|p1b: Chi-Yu\n|-damage|p1b: Chi-Yu|0 fnt\n|faint|p1b: Chi-Yu\n|move|p1a: Indeedee|Psychic|p2a: Kommo-o\n|-supereffective|p2a: Kommo-o\n|-damage|p2a: Kommo-o|0 fnt\n|faint|p2a: Kommo-o\n|\n|-heal|p2b: Flutter Mane|9\/100|[from] Grassy Terrain\n|-heal|p1a: Indeedee|68\/100|[from] Grassy Terrain\n|upkeep\n|\n|t:|1700403970\n|switch|p1b: Regieleki|Regieleki, L50|100\/100\n|switch|p2a: Arcanine|Arcanine-Hisui, L50, M, tera:Water|51\/100\n|-ability|p2a: Arcanine|Intimidate|boost\n|-unboost|p1a: Indeedee|atk|1\n|-unboost|p1b: Regieleki|atk|1\n|turn|6\n|\n|t:|1700403978\n|move|p1b: Regieleki|Thunderbolt|p2a: Arcanine\n|-supereffective|p2a: Arcanine\n|-damage|p2a: Arcanine|0 fnt\n|faint|p2a: Arcanine\n|move|p2b: Flutter Mane|Dazzling Gleam|p1b: Regieleki|[spread] p1a,p1b\n|-damage|p1a: Indeedee|37\/100\n|-damage|p1b: Regieleki|27\/100\n|move|p1a: Indeedee|Psychic|p2b: Flutter Mane\n|-damage|p2b: Flutter Mane|0 fnt\n|faint|p2b: Flutter Mane\n|-end|p2b: Flutter Mane|Protosynthesis|[silent]\n|\n|win|pokesun1\n|c|&|\/uhtml prompt-pokesun1,pokesun1 is ready for game 3!\n|c|&|\/uhtml prompt-smudgerox,smudgerox is ready for game 3!\nBoth players are ready! Starting next match!\n","uploadtime":1700403988,"views":7,"p1id":"pokesun1","p2id":"smudgerox","formatid":"gen9vgc2023regulatione","rating":0,"private":0,"password":""}