{"id":"gen9vgc2023regulatione-1991991486","p1":"Jack00VGC","p2":"b1ueprint","format":"[Gen 9] VGC 2023 Regulation E","log":"|j|\u2606Jack00VGC\n|j|\u2606b1ueprint\n|t:|1700145762\n|gametype|doubles\n|player|p1|Jack00VGC|alder|1066\n|player|p2|b1ueprint|265|1118\n|teamsize|p1|6\n|teamsize|p2|6\n|gen|9\n|tier|[Gen 9] VGC 2023 Regulation E\n|rated|\n|rule|Species Clause: Limit one of each Pok\u00e9mon\n|rule|Item Clause: Limit one of each item\n|clearpoke\n|poke|p1|Dragonite, L50, M|\n|poke|p1|Annihilape, L50, F|\n|poke|p1|Tornadus, L50, M|\n|poke|p1|Garganacl, L50, F|\n|poke|p1|Snorlax, L50, M|\n|poke|p1|Iron Bundle, L50|\n|poke|p2|Regieleki, L50|\n|poke|p2|Thundurus, L50, M|\n|poke|p2|Iron Bundle, L50|\n|poke|p2|Chi-Yu, L50|\n|poke|p2|Landorus-Therian, L50, M|\n|poke|p2|Sneasler, L50, M|\n|teampreview|4\n|inactive|Battle timer is ON: inactive players will automatically lose when time's up. (requested by Jack00VGC)\nJack00VGC rejected open team sheets.\n|\n|t:|1700145791\n|start\n|switch|p1a: Annihilape|Annihilape, L50, F|100\/100\n|switch|p1b: Iron Bundle|Iron Bundle, L50|100\/100\n|switch|p2a: Thundurus|Thundurus, L50, M|100\/100\n|switch|p2b: Iron Bundle|Iron Bundle, L50|100\/100\n|-enditem|p1b: Iron Bundle|Booster Energy\n|-activate|p1b: Iron Bundle|ability: Quark Drive|[fromitem]\n|-start|p1b: Iron Bundle|quarkdrivespe\n|turn|1\n|inactive|Jack00VGC has 30 seconds left.\n|\n|t:|1700145819\n|-terastallize|p1a: Annihilape|Electric\n|move|p2a: Thundurus|Thunder Wave|p1b: Iron Bundle\n|-status|p1b: Iron Bundle|par\n|move|p2b: Iron Bundle|Freeze-Dry|p1b: Iron Bundle\n|-damage|p1b: Iron Bundle|2\/100 par\n|-damage|p2b: Iron Bundle|91\/100|[from] item: Life Orb\n|move|p1a: Annihilape|Thunder Punch|p2a: Thundurus\n|-damage|p2a: Thundurus|60\/100\n|move|p1b: Iron Bundle|Freeze-Dry|p2b: Iron Bundle\n|-damage|p2b: Iron Bundle|13\/100\n|\n|upkeep\n|turn|2\n|inactive|b1ueprint has 30 seconds left.\n|\n|t:|1700145850\n|-terastallize|p2a: Thundurus|Ground\n|move|p2b: Iron Bundle|Protect|p2b: Iron Bundle\n|-singleturn|p2b: Iron Bundle|Protect\n|move|p1b: Iron Bundle|Protect|p1b: Iron Bundle\n|-singleturn|p1b: Iron Bundle|Protect\n|move|p1a: Annihilape|Rage Fist|p2a: Thundurus\n|-damage|p2a: Thundurus|31\/100\n|move|p2a: Thundurus|Wildbolt Storm|p1a: Annihilape|[spread] p1a\n|-activate|p1b: Iron Bundle|move: Protect\n|-resisted|p1a: Annihilape\n|-crit|p1a: Annihilape\n|-damage|p1a: Annihilape|77\/100\n|\n|upkeep\n|turn|3\n|inactive|Jack00VGC has 30 seconds left.\n|inactive|b1ueprint has 30 seconds left.\n|\n|t:|1700145881\n|move|p2a: Thundurus|Electric Terrain|p2a: Thundurus\n|-fieldstart|move: Electric Terrain\n|-activate|p2b: Iron Bundle|ability: Quark Drive\n|-start|p2b: Iron Bundle|quarkdrivespe\n|move|p2b: Iron Bundle|Blizzard|p1a: Annihilape|[spread] p1b\n|-miss|p2b: Iron Bundle|p1a: Annihilape\n|-resisted|p1b: Iron Bundle\n|-damage|p1b: Iron Bundle|0 fnt\n|faint|p1b: Iron Bundle\n|-end|p1b: Iron Bundle|Quark Drive|[silent]\n|-damage|p2b: Iron Bundle|3\/100|[from] item: Life Orb\n|move|p1a: Annihilape|Drain Punch|p2a: Thundurus\n|-damage|p2a: Thundurus|0 fnt\n|-heal|p1a: Annihilape|92\/100|[from] drain|[of] p2a: Thundurus\n|faint|p2a: Thundurus\n|\n|upkeep\n|\n|t:|1700145905\n|switch|p1b: Garganacl|Garganacl, L50, F|100\/100\n|switch|p2a: Chi-Yu|Chi-Yu, L50|100\/100\n|-ability|p2a: Chi-Yu|Beads of Ruin\n|turn|4\n|\n|t:|1700145921\n|move|p1b: Garganacl|Wide Guard|p1b: Garganacl\n|-singleturn|p1b: Garganacl|Wide Guard\n|move|p2b: Iron Bundle|Blizzard|p1a: Annihilape|[spread] \n|-activate|p1a: Annihilape|move: Wide Guard\n|-activate|p1b: Garganacl|move: Wide Guard\n|move|p1a: Annihilape|Rage Fist|p2a: Chi-Yu\n|-resisted|p2a: Chi-Yu\n|-damage|p2a: Chi-Yu|66\/100\n|move|p2a: Chi-Yu|Heat Wave|p1b: Garganacl|[spread] \n|-activate|p1a: Annihilape|move: Wide Guard\n|-activate|p1b: Garganacl|move: Wide Guard\n|\n|upkeep\n|turn|5\n|\n|t:|1700145942\n|move|p2b: Iron Bundle|Blizzard|p1b: Garganacl|[spread] p1a,p1b\n|-damage|p1a: Annihilape|11\/100\n|-damage|p1b: Garganacl|27\/100\n|-damage|p2b: Iron Bundle|0 fnt|[from] item: Life Orb\n|faint|p2b: Iron Bundle\n|-end|p2b: Iron Bundle|Quark Drive|[silent]\n|move|p1a: Annihilape|Drain Punch|p2a: Chi-Yu\n|-supereffective|p2a: Chi-Yu\n|-damage|p2a: Chi-Yu|0 fnt\n|-heal|p1a: Annihilape|39\/100|[from] drain|[of] p2a: Chi-Yu\n|faint|p2a: Chi-Yu\n|move|p1b: Garganacl|Salt Cure|p2: Chi-Yu|[notarget]\n|-fail|p1b: Garganacl\n|\n|upkeep\n|\n|t:|1700145958\n|switch|p2b: Regieleki|Regieleki, L50|100\/100\n|turn|6\n|\n|t:|1700145975\n|move|p1a: Annihilape|Protect|p1a: Annihilape\n|-singleturn|p1a: Annihilape|Protect\n|move|p2b: Regieleki|Tera Blast|p1a: Annihilape\n|-activate|p1a: Annihilape|move: Protect\n|move|p1b: Garganacl|Salt Cure|p2b: Regieleki\n|-damage|p2b: Regieleki|76\/100\n|-start|p2b: Regieleki|Salt Cure\n|\n|-damage|p2b: Regieleki|64\/100|[from] Salt Cure\n|upkeep\n|turn|7\n|inactive|Jack00VGC has 30 seconds left.\n|inactive|Jack00VGC has 20 seconds left.\n|\n|t:|1700146012\n|move|p2b: Regieleki|Tera Blast|p1a: Annihilape\n|-damage|p1a: Annihilape|10\/100\n|move|p1a: Annihilape|Rage Fist|p2b: Regieleki\n|-damage|p2b: Regieleki|0 fnt\n|faint|p2b: Regieleki\n|\n|win|Jack00VGC\n|raw|Jack00VGC's rating: 1066 &rarr; <strong>1101<\/strong><br \/>(+35 for winning)\n|raw|b1ueprint's rating: 1118 &rarr; <strong>1089<\/strong><br \/>(-29 for losing)\n|l|\u2606b1ueprint\n|j| Sdke\n","uploadtime":1700146572,"views":23,"p1id":"jack00vgc","p2id":"b1ueprint","formatid":"gen9vgc2023regulatione","rating":1089,"private":0,"password":""}