{"id":"gen9vgc2023regulatione-1993718857","p1":"SpudyDucky13","p2":"Miner_908","format":"[Gen 9] VGC 2023 Regulation E","log":"|j|\u2606SpudyDucky13\n|j|\u2606Miner_908\n|t:|1700349148\n|gametype|doubles\n|player|p1|SpudyDucky13|blaine|1033\n|player|p2|Miner_908|101|1057\n|teamsize|p1|6\n|teamsize|p2|6\n|gen|9\n|tier|[Gen 9] VGC 2023 Regulation E\n|rated|\n|rule|Species Clause: Limit one of each Pok\u00e9mon\n|rule|Item Clause: Limit one of each item\n|clearpoke\n|poke|p1|Flutter Mane, L50|\n|poke|p1|Landorus-Therian, L50, M|\n|poke|p1|Heatran, L50, M|\n|poke|p1|Sinistcha, L50|\n|poke|p1|Urshifu-*, L50, M|\n|poke|p1|Grimmsnarl, L50, M|\n|poke|p2|Ogerpon-Wellspring, L50, F|\n|poke|p2|Sinistcha-Masterpiece, L50|\n|poke|p2|Amoonguss, L50, F|\n|poke|p2|Chi-Yu, L50|\n|poke|p2|Iron Hands, L50|\n|poke|p2|Enamorus, L50, F|\n|teampreview|4\n|inactive|Battle timer is ON: inactive players will automatically lose when time's up. (requested by Miner_908)\nMiner_908 has agreed to open team sheets.\n|inactive|Miner_908 has 60 seconds left.\nSpudyDucky13 has agreed to open team sheets.\n|\n|t:|1700349195\n|start\n|switch|p1a: Grimace|Grimmsnarl, L50, M|100\/100\n|switch|p1b: Hotpocket|Heatran, L50, M|100\/100\n|switch|p2a: Enamorus|Enamorus, L50, F, shiny|100\/100\n|switch|p2b: Iron Hands|Iron Hands, L50, shiny|100\/100\n|turn|1\n|\n|t:|1700349214\n|move|p2b: Iron Hands|Fake Out|p1b: Hotpocket\n|-resisted|p1b: Hotpocket\n|-damage|p1b: Hotpocket|95\/100\n|move|p1a: Grimace|Light Screen|p1a: Grimace\n|-sidestart|p1: SpudyDucky13|move: Light Screen\n|move|p2a: Enamorus|Tailwind|p2a: Enamorus\n|-sidestart|p2: Miner_908|move: Tailwind\n|cant|p1b: Hotpocket|flinch\n|\n|upkeep\n|turn|2\n|\n|t:|1700349236\n|move|p1a: Grimace|Reflect|p1a: Grimace\n|-sidestart|p1: SpudyDucky13|Reflect\n|move|p2a: Enamorus|Superpower|p1a: Grimace\n|-damage|p1a: Grimace|72\/100\n|-boost|p2a: Enamorus|atk|1\n|-boost|p2a: Enamorus|def|1\n|move|p2b: Iron Hands|Heavy Slam|p1a: Grimace\n|-supereffective|p1a: Grimace\n|-damage|p1a: Grimace|25\/100\n|move|p1b: Hotpocket|Earth Power|p2b: Iron Hands\n|-supereffective|p2b: Iron Hands\n|-damage|p2b: Iron Hands|67\/100\n|-damage|p1b: Hotpocket|86\/100|[from] item: Life Orb\n|\n|upkeep\n|turn|3\n|inactive|SpudyDucky13 has 30 seconds left.\n|inactive|Miner_908 has 30 seconds left.\n|inactive|Miner_908 has 20 seconds left.\n|inactive|Miner_908 has 15 seconds left.\n|inactive|Miner_908 has 10 seconds left.\n|\n|t:|1700349285\n|move|p1a: Grimace|Parting Shot|p2a: Enamorus\n|-boost|p2a: Enamorus|atk|1\n|-boost|p2a: Enamorus|spa|1\n|\n|t:|1700349294\n|switch|p1a: Lando|Landorus-Therian, L50, M|100\/100|[from] Parting Shot\n|-ability|p1a: Lando|Intimidate|boost\n|-boost|p2a: Enamorus|atk|1\n|-unboost|p2b: Iron Hands|atk|1\n|move|p2a: Enamorus|Superpower|p1a: Lando\n|-resisted|p1a: Lando\n|-damage|p1a: Lando|66\/100\n|-boost|p2a: Enamorus|atk|1\n|-boost|p2a: Enamorus|def|1\n|move|p2b: Iron Hands|Drain Punch|p1b: Hotpocket\n|-supereffective|p1b: Hotpocket\n|-damage|p1b: Hotpocket|60\/100\n|-heal|p2b: Iron Hands|76\/100|[from] drain|[of] p1b: Hotpocket\n|move|p1b: Hotpocket|Earth Power|p2b: Iron Hands\n|-supereffective|p2b: Iron Hands\n|-damage|p2b: Iron Hands|38\/100\n|-damage|p1b: Hotpocket|50\/100|[from] item: Life Orb\n|\n|upkeep\n|turn|4\n|inactive|SpudyDucky13 has 30 seconds left.\n|inactive|Miner_908 has 30 seconds left.\n|inactive|Miner_908 has 20 seconds left.\n|\n|t:|1700349333\n|move|p2a: Enamorus|Play Rough|p1a: Lando\n|-damage|p1a: Lando|0 fnt\n|faint|p1a: Lando\n|move|p2b: Iron Hands|Drain Punch|p1b: Hotpocket\n|-supereffective|p1b: Hotpocket\n|-damage|p1b: Hotpocket|24\/100\n|-heal|p2b: Iron Hands|48\/100|[from] drain|[of] p1b: Hotpocket\n|move|p1b: Hotpocket|Earth Power|p2a: Enamorus\n|-immune|p2a: Enamorus\n|\n|-sideend|p2: Miner_908|move: Tailwind\n|upkeep\n|\n|t:|1700349346\n|switch|p1a: Tea & Crumpets|Sinistcha, L50|100\/100\n|-heal|p1b: Hotpocket|49\/100|[from] ability: Hospitality|[of] p1a: Tea & Crumpets\n|turn|5\n|\n|t:|1700349364\n|move|p2a: Enamorus|Tailwind|p2a: Enamorus\n|-sidestart|p2: Miner_908|move: Tailwind\n|move|p2b: Iron Hands|Heavy Slam|p1a: Tea & Crumpets\n|-damage|p1a: Tea & Crumpets|86\/100\n|move|p1b: Hotpocket|Flash Cannon|p2a: Enamorus\n|-supereffective|p2a: Enamorus\n|-damage|p2a: Enamorus|0 fnt\n|faint|p2a: Enamorus\n|-damage|p1b: Hotpocket|40\/100|[from] item: Life Orb\n|move|p1a: Tea & Crumpets|Matcha Gotcha|p2b: Iron Hands\n|-damage|p2b: Iron Hands|32\/100\n|-heal|p1a: Tea & Crumpets|98\/100|[from] drain|[of] p2b: Iron Hands\n|\n|upkeep\n|\n|t:|1700349387\n|switch|p2a: Chi-Yu|Chi-Yu, L50|100\/100\n|-ability|p2a: Chi-Yu|Beads of Ruin\n|turn|6\n|\n|t:|1700349405\n|-end|p2b: Iron Hands|Quark Drive|[silent]\n|switch|p2b: Sinistcha|Sinistcha-Masterpiece, L50, shiny|100\/100\n|move|p2a: Chi-Yu|Protect|p2a: Chi-Yu\n|-singleturn|p2a: Chi-Yu|Protect\n|move|p1b: Hotpocket|Earth Power|p2b: Sinistcha\n|-resisted|p2b: Sinistcha\n|-damage|p2b: Sinistcha|64\/100\n|-unboost|p2b: Sinistcha|spd|1\n|-damage|p1b: Hotpocket|30\/100|[from] item: Life Orb\n|move|p1a: Tea & Crumpets|Nasty Plot|p1a: Tea & Crumpets\n|-boost|p1a: Tea & Crumpets|spa|2\n|\n|-heal|p2b: Sinistcha|70\/100|[from] item: Leftovers\n|upkeep\n|turn|7\n|\n|t:|1700349429\n|move|p2b: Sinistcha|Rage Powder|p2b: Sinistcha\n|-singleturn|p2b: Sinistcha|move: Rage Powder\n|move|p2a: Chi-Yu|Dark Pulse|p1a: Tea & Crumpets\n|-supereffective|p1a: Tea & Crumpets\n|-damage|p1a: Tea & Crumpets|7\/100\n|move|p1b: Hotpocket|Heat Wave|p2a: Chi-Yu|[spread] p2a,p2b\n|-resisted|p2a: Chi-Yu\n|-supereffective|p2b: Sinistcha\n|-damage|p2a: Chi-Yu|71\/100\n|-damage|p2b: Sinistcha|0 fnt\n|faint|p2b: Sinistcha\n|-damage|p1b: Hotpocket|21\/100|[from] item: Life Orb\n|move|p1a: Tea & Crumpets|Matcha Gotcha|p2a: Chi-Yu\n|-resisted|p2a: Chi-Yu\n|-damage|p2a: Chi-Yu|30\/100\n|-heal|p1a: Tea & Crumpets|23\/100|[from] drain|[of] p2a: Chi-Yu\n|\n|upkeep\n|\n|t:|1700349446\n|switch|p2b: Iron Hands|Iron Hands, L50, shiny|32\/100\n|turn|8\n|\n|t:|1700349459\n|move|p2b: Iron Hands|Fake Out|p1b: Hotpocket\n|-resisted|p1b: Hotpocket\n|-damage|p1b: Hotpocket|17\/100\n|move|p2a: Chi-Yu|Heat Wave|p1b: Hotpocket|[spread] p1a\n|-start|p1b: Hotpocket|ability: Flash Fire\n|-supereffective|p1a: Tea & Crumpets\n|-damage|p1a: Tea & Crumpets|0 fnt\n|faint|p1a: Tea & Crumpets\n|cant|p1b: Hotpocket|flinch\n|\n|-sideend|p1: SpudyDucky13|move: Light Screen\n|-sideend|p2: Miner_908|move: Tailwind\n|upkeep\n|\n|t:|1700349470\n|switch|p1a: Grimace|Grimmsnarl, L50, M|25\/100\n|turn|9\n|\n|t:|1700349486\n|move|p2a: Chi-Yu|Dark Pulse|p1b: Hotpocket\n|-damage|p1b: Hotpocket|0 fnt\n|faint|p1b: Hotpocket\n|move|p1a: Grimace|Play Rough|p2a: Chi-Yu\n|-damage|p2a: Chi-Yu|0 fnt\n|faint|p2a: Chi-Yu\n|move|p2b: Iron Hands|Drain Punch|p1a: Grimace\n|-damage|p1a: Grimace|0 fnt\n|-heal|p2b: Iron Hands|41\/100|[from] drain|[of] p1a: Grimace\n|faint|p1a: Grimace\n|\n|win|Miner_908\n|raw|SpudyDucky13's rating: 1033 &rarr; <strong>1019<\/strong><br \/>(-14 for losing)\n|raw|Miner_908's rating: 1057 &rarr; <strong>1086<\/strong><br \/>(+29 for winning)\n|c|\u2606Miner_908|Gg\n|l|\u2606SpudyDucky13\n","uploadtime":1700349503,"views":18,"p1id":"spudyducky13","p2id":"miner908","formatid":"gen9vgc2023regulatione","rating":1019,"private":0,"password":""}