{"id":"gen9vgc2023regulatione-1995801328","p1":"UnderratedBanana","p2":"superinsaiyan18","format":"[Gen 9] VGC 2023 Regulation E","log":"|j|\u2606UnderratedBanana\n|j|\u2606superinsaiyan18\n|t:|1700604491\n|gametype|doubles\n|player|p1|UnderratedBanana|psychic|1327\n|player|p2|superinsaiyan18|guitarist|1359\n|teamsize|p1|6\n|teamsize|p2|6\n|gen|9\n|tier|[Gen 9] VGC 2023 Regulation E\n|rated|\n|rule|Species Clause: Limit one of each Pok\u00e9mon\n|rule|Item Clause: Limit one of each item\n|clearpoke\n|poke|p1|Roaring Moon, L50|\n|poke|p1|Cresselia, L50, F|\n|poke|p1|Flutter Mane, L50|\n|poke|p1|Ogerpon-Wellspring, L50, F|\n|poke|p1|Torkoal, L50, F|\n|poke|p1|Ursaluna-Bloodmoon, L50, M|\n|poke|p2|Farigiraf, L50, F|\n|poke|p2|Iron Hands, L50|\n|poke|p2|Urshifu-*, L50, M|\n|poke|p2|Arcanine-Hisui, L50, F|\n|poke|p2|Kommo-o, L50, M|\n|poke|p2|Sinistcha-Masterpiece, L50|\n|teampreview|4\nUnderratedBanana has agreed to open team sheets.\n|inactive|Battle timer is ON: inactive players will automatically lose when time's up. (requested by superinsaiyan18)\nsuperinsaiyan18 rejected open team sheets.\n|\n|t:|1700604536\n|start\n|switch|p1a: Roaring Moon|Roaring Moon, L50|100\/100\n|switch|p1b: Cresselia|Cresselia, L50, F|100\/100\n|switch|p2a: Farigiraf|Farigiraf, L50, F|100\/100\n|switch|p2b: Kommo-o|Kommo-o, L50, M|100\/100\n|turn|1\n|\n|t:|1700604544\n|-terastallize|p2b: Kommo-o|Steel\n|move|p1b: Cresselia|Helping Hand|p1a: Roaring Moon\n|-singleturn|p1a: Roaring Moon|Helping Hand|[of] p1b: Cresselia\n|move|p1a: Roaring Moon|Breaking Swipe|p2b: Kommo-o|[spread] p2a,p2b\n|-resisted|p2b: Kommo-o\n|-damage|p2a: Farigiraf|60\/100\n|-damage|p2b: Kommo-o|84\/100\n|-unboost|p2a: Farigiraf|atk|1\n|-unboost|p2b: Kommo-o|atk|1\n|-damage|p1a: Roaring Moon|84\/100|[from] item: Rocky Helmet|[of] p2a: Farigiraf\n|move|p2b: Kommo-o|Clangorous Soul|p2b: Kommo-o\n|-boost|p2b: Kommo-o|atk|1\n|-boost|p2b: Kommo-o|def|1\n|-boost|p2b: Kommo-o|spa|1\n|-boost|p2b: Kommo-o|spd|1\n|-boost|p2b: Kommo-o|spe|1\n|-damage|p2b: Kommo-o|51\/100\n|-enditem|p2b: Kommo-o|Throat Spray\n|-boost|p2b: Kommo-o|spa|1|[from] item: Throat Spray\n|move|p2a: Farigiraf|Imprison|p2a: Farigiraf\n|-start|p2a: Farigiraf|move: Imprison\n|\n|upkeep\n|turn|2\n|inactive|UnderratedBanana has 30 seconds left.\n|\n|t:|1700604570\n|switch|p2a: Sinistcha|Sinistcha-Masterpiece, L50|100\/100\n|-heal|p2b: Kommo-o|76\/100|[from] ability: Hospitality|[of] p2a: Sinistcha\n|-terastallize|p1a: Roaring Moon|Poison\n|move|p1b: Cresselia|Helping Hand|p1a: Roaring Moon\n|-singleturn|p1a: Roaring Moon|Helping Hand|[of] p1b: Cresselia\n|move|p2b: Kommo-o|Clanging Scales|p1a: Roaring Moon|[spread] p1a,p1b\n|-damage|p1a: Roaring Moon|17\/100\n|-damage|p1b: Cresselia|58\/100\n|-unboost|p2b: Kommo-o|def|1\n|move|p1a: Roaring Moon|Knock Off|p2b: Kommo-o\n|-damage|p2b: Kommo-o|27\/100\n|\n|upkeep\n|turn|3\n|inactive|UnderratedBanana has 30 seconds left.\n|\n|t:|1700604603\n|move|p1a: Roaring Moon|Protect|p1a: Roaring Moon\n|-singleturn|p1a: Roaring Moon|Protect\n|move|p2b: Kommo-o|Clanging Scales|p1b: Cresselia|[spread] p1b\n|-activate|p1a: Roaring Moon|move: Protect\n|-damage|p1b: Cresselia|12\/100\n|-unboost|p2b: Kommo-o|def|1\n|move|p1b: Cresselia|Lunar Blessing|p1b: Cresselia|[spread] p1a,p1b\n|-heal|p1a: Roaring Moon|42\/100\n|-heal|p1b: Cresselia|37\/100\n|move|p2a: Sinistcha|Matcha Gotcha|p1b: Cresselia|[spread] p1b\n|-activate|p1a: Roaring Moon|move: Protect\n|-damage|p1b: Cresselia|21\/100\n|-status|p1b: Cresselia|brn\n|\n|-damage|p1b: Cresselia|15\/100 brn|[from] brn\n|upkeep\n|turn|4\n|inactive|UnderratedBanana has 30 seconds left.\n|inactive|superinsaiyan18 has 30 seconds left.\n|\n|t:|1700604631\n|-end|p1a: Roaring Moon|Protosynthesis|[silent]\n|switch|p1a: Flutter Mane|Flutter Mane, L50|100\/100\n|move|p2a: Sinistcha|Protect|p2a: Sinistcha\n|-singleturn|p2a: Sinistcha|Protect\n|move|p2b: Kommo-o|Clanging Scales|p1b: Cresselia|[spread] p1b\n|-immune|p1a: Flutter Mane\n|-damage|p1b: Cresselia|0 fnt\n|faint|p1b: Cresselia\n|-unboost|p2b: Kommo-o|def|1\n|\n|upkeep\n|\n|t:|1700604642\n|switch|p1b: Roaring Moon|Roaring Moon, L50, tera:Poison|42\/100\n|turn|5\n|\n|t:|1700604653\n|switch|p2a: Farigiraf|Farigiraf, L50, F|60\/100\n|move|p2b: Kommo-o|Flash Cannon|p1a: Flutter Mane\n|-supereffective|p1a: Flutter Mane\n|-damage|p1a: Flutter Mane|0 fnt\n|faint|p1a: Flutter Mane\n|-end|p1a: Flutter Mane|Protosynthesis|[silent]\n|move|p1b: Roaring Moon|Knock Off|p2a: Farigiraf\n|-supereffective|p2a: Farigiraf\n|-damage|p2a: Farigiraf|0 fnt\n|-damage|p1b: Roaring Moon|25\/100|[from] item: Rocky Helmet|[of] p2a: Farigiraf\n|-enditem|p2a: Farigiraf|Rocky Helmet|[from] move: Knock Off|[of] p1b: Roaring Moon\n|faint|p2a: Farigiraf\n|\n|upkeep\n|\n|t:|1700604665\n|switch|p1a: Ogerpon|Ogerpon-Wellspring, L50, F|100\/100\n|switch|p2a: Sinistcha|Sinistcha-Masterpiece, L50|100\/100\n|-heal|p2b: Kommo-o|51\/100|[from] ability: Hospitality|[of] p2a: Sinistcha\n|turn|6\n|\n|t:|1700604673\n|move|p2b: Kommo-o|Clanging Scales|p1b: Roaring Moon|[spread] p1a,p1b\n|-damage|p1a: Ogerpon|33\/100\n|-damage|p1b: Roaring Moon|0 fnt\n|faint|p1b: Roaring Moon\n|-end|p1b: Roaring Moon|Protosynthesis|[silent]\n|-unboost|p2b: Kommo-o|def|1\n|move|p1a: Ogerpon|Ivy Cudgel|p2b: Kommo-o|[anim] Ivy Cudgel Water\n|-damage|p2b: Kommo-o|0 fnt\n|faint|p2b: Kommo-o\n|move|p2a: Sinistcha|Matcha Gotcha|p1a: Ogerpon\n|-damage|p1a: Ogerpon|0 fnt\n|faint|p1a: Ogerpon\n|\n|win|superinsaiyan18\n|raw|UnderratedBanana's rating: 1327 &rarr; <strong>1309<\/strong><br \/>(-18 for losing)\n|raw|superinsaiyan18's rating: 1359 &rarr; <strong>1377<\/strong><br \/>(+18 for winning)\n|l|\u2606UnderratedBanana\n","uploadtime":1700604687,"views":2,"p1id":"underratedbanana","p2id":"superinsaiyan18","formatid":"gen9vgc2023regulatione","rating":1309,"private":0,"password":""}