{"id":"gen9vgc2023regulatione-2000065371","p1":"Jinglejammer","p2":"dominicandoctor","format":"[Gen 9] VGC 2023 Regulation E","log":"|j|\u2606Jinglejammer\n|j|\u2606dominicandoctor\n|t:|1701148542\n|gametype|doubles\n|player|p1|Jinglejammer|iris-gen5bw2|1113\n|player|p2|dominicandoctor|102|1078\n|teamsize|p1|6\n|teamsize|p2|6\n|gen|9\n|tier|[Gen 9] VGC 2023 Regulation E\n|rated|\n|rule|Species Clause: Limit one of each Pok\u00e9mon\n|rule|Item Clause: Limit one of each item\n|clearpoke\n|poke|p1|Baxcalibur, L50, M|\n|poke|p1|Flutter Mane, L50|\n|poke|p1|Dedenne, L50, F|\n|poke|p1|Chi-Yu, L50|\n|poke|p1|Landorus-Therian, L50, M|\n|poke|p1|Ditto, L50|\n|poke|p2|Heatran, L50, M|\n|poke|p2|Ting-Lu, L50|\n|poke|p2|Gyarados, L50, M|\n|poke|p2|Torterra, L50, F|\n|poke|p2|Indeedee-F, L50, F|\n|poke|p2|Flutter Mane, L50|\n|teampreview|4\nJinglejammer rejected open team sheets.\n|inactive|Battle timer is ON: inactive players will automatically lose when time's up. (requested by Jinglejammer)\n|inactive|dominicandoctor has 60 seconds left.\n|\n|t:|1701148612\n|start\n|switch|p1a: Baxcalibur|Baxcalibur, L50, M|100\/100\n|switch|p1b: Landorus|Landorus-Therian, L50, M|100\/100\n|switch|p2a: Torterra|Torterra, L50, F|100\/100\n|switch|p2b: Indeedee|Indeedee-F, L50, F|100\/100\n|-ability|p1b: Landorus|Intimidate|boost\n|-unboost|p2a: Torterra|atk|1\n|-unboost|p2b: Indeedee|atk|1\n|-enditem|p2a: Torterra|White Herb\n|-clearnegativeboost|p2a: Torterra|[silent]\n|-fieldstart|move: Psychic Terrain|[from] ability: Psychic Surge|[of] p2b: Indeedee\n|turn|1\n|inactive|Jinglejammer has 30 seconds left.\n|\n|t:|1701148639\n|switch|p1b: Ditto|Ditto, L50|100\/100\n|-transform|p1b: Ditto|p2a: Torterra|[from] ability: Imposter\n|move|p2b: Indeedee|Follow Me|p2b: Indeedee\n|-singleturn|p2b: Indeedee|move: Follow Me\n|move|p1a: Baxcalibur|Swords Dance|p1a: Baxcalibur\n|-boost|p1a: Baxcalibur|atk|2\n|move|p2a: Torterra|Shell Smash|p2a: Torterra\n|-unboost|p2a: Torterra|def|1\n|-unboost|p2a: Torterra|spd|1\n|-boost|p2a: Torterra|atk|2\n|-boost|p2a: Torterra|spa|2\n|-boost|p2a: Torterra|spe|2\n|\n|upkeep\n|turn|2\n|inactive|Jinglejammer has 30 seconds left.\n|inactive|Jinglejammer has 20 seconds left.\n|inactive|Jinglejammer has 15 seconds left.\n|\n|t:|1701148684\n|-terastallize|p2a: Torterra|Grass\n|move|p1b: Ditto|Wide Guard|p1b: Ditto\n|-singleturn|p1b: Ditto|Wide Guard\n|move|p2b: Indeedee|Follow Me|p2b: Indeedee\n|-singleturn|p2b: Indeedee|move: Follow Me\n|move|p2a: Torterra|Wood Hammer|p1b: Ditto\n|-damage|p1b: Ditto|0 fnt\n|faint|p1b: Ditto\n|-damage|p2a: Torterra|73\/100|[from] Recoil\n|move|p1a: Baxcalibur|Scale Shot|p2b: Indeedee\n|-damage|p2b: Indeedee|75\/100\n|-damage|p2b: Indeedee|50\/100\n|-damage|p2b: Indeedee|24\/100\n|-damage|p2b: Indeedee|0 fnt\n|faint|p2b: Indeedee\n|-hitcount|p2: Indeedee|4\n|-unboost|p1a: Baxcalibur|def|1\n|-boost|p1a: Baxcalibur|spe|1\n|\n|upkeep\n|\n|t:|1701148704\n|switch|p2b: Gyarados|Gyarados, L50, M|100\/100\n|switch|p1b: Dedenne|Dedenne, L50, F|100\/100\n|-ability|p2b: Gyarados|Intimidate|boost\n|-unboost|p1a: Baxcalibur|atk|1\n|-unboost|p1b: Dedenne|atk|1\n|turn|3\n|inactive|Jinglejammer has 30 seconds left.\n|inactive|dominicandoctor has 30 seconds left.\n|inactive|Jinglejammer has 20 seconds left.\n|inactive|dominicandoctor has 20 seconds left.\n|inactive|Jinglejammer has 15 seconds left.\n|inactive|dominicandoctor has 15 seconds left.\n|inactive|Jinglejammer has 10 seconds left.\n|\n|t:|1701148751\n|move|p1a: Baxcalibur|Protect|p1a: Baxcalibur\n|-singleturn|p1a: Baxcalibur|Protect\n|move|p2a: Torterra|Earthquake|p1a: Baxcalibur|[spread] p1b\n|-activate|p1a: Baxcalibur|move: Protect\n|-immune|p2b: Gyarados\n|-supereffective|p1b: Dedenne\n|-damage|p1b: Dedenne|0 fnt\n|faint|p1b: Dedenne\n|move|p2b: Gyarados|Dragon Dance|p2b: Gyarados\n|-boost|p2b: Gyarados|atk|1\n|-boost|p2b: Gyarados|spe|1\n|\n|upkeep\n|\n|t:|1701148763\n|switch|p1b: Landorus|Landorus-Therian, L50, M|100\/100\n|-ability|p1b: Landorus|Intimidate|boost\n|-unboost|p2a: Torterra|atk|1\n|-unboost|p2b: Gyarados|atk|1\n|turn|4\n|inactive|Jinglejammer has 30 seconds left.\n|\n|t:|1701148793\n|-terastallize|p1b: Landorus|Flying\n|move|p2b: Gyarados|Waterfall|p1b: Landorus\n|-damage|p1b: Landorus|57\/100\n|-damage|p2b: Gyarados|91\/100|[from] item: Life Orb\n|move|p2a: Torterra|Earthquake|p1b: Landorus|[spread] p1a\n|-immune|p2b: Gyarados\n|-immune|p1b: Landorus\n|-damage|p1a: Baxcalibur|34\/100\n|move|p1a: Baxcalibur|Icicle Spear|p2b: Gyarados\n|-damage|p2b: Gyarados|68\/100\n|-damage|p2b: Gyarados|44\/100\n|-damage|p2b: Gyarados|22\/100\n|-damage|p2b: Gyarados|0 fnt\n|faint|p2b: Gyarados\n|-hitcount|p2: Gyarados|4\n|move|p1b: Landorus|Tera Blast|p2a: Torterra|[anim] Tera Blast Flying\n|-supereffective|p2a: Torterra\n|-damage|p2a: Torterra|0 fnt\n|faint|p2a: Torterra\n|\n|upkeep\n|\n|t:|1701148815\n|switch|p2b: Heatran|Heatran, L50, M|100\/100\n|turn|5\n|\n|t:|1701148822\n|move|p1a: Baxcalibur|Protect|p1a: Baxcalibur\n|-singleturn|p1a: Baxcalibur|Protect\n|move|p1b: Landorus|Tera Blast|p2b: Heatran|[anim] Tera Blast Flying\n|-resisted|p2b: Heatran\n|-damage|p2b: Heatran|76\/100\n|move|p2b: Heatran|Heat Wave|p1a: Baxcalibur|[spread] p1b\n|-activate|p1a: Baxcalibur|move: Protect\n|-damage|p1b: Landorus|15\/100\n|\n|-fieldend|move: Psychic Terrain\n|upkeep\n|turn|6\n|\n|t:|1701148835\n|move|p1a: Baxcalibur|Scale Shot|p2b: Heatran\n|-resisted|p2b: Heatran\n|-damage|p2b: Heatran|68\/100\n|-resisted|p2b: Heatran\n|-damage|p2b: Heatran|60\/100\n|-resisted|p2b: Heatran\n|-damage|p2b: Heatran|51\/100\n|-resisted|p2b: Heatran\n|-crit|p2b: Heatran\n|-damage|p2b: Heatran|38\/100\n|-hitcount|p2b: Heatran|4\n|-unboost|p1a: Baxcalibur|def|1\n|-boost|p1a: Baxcalibur|spe|1\n|move|p1b: Landorus|Tera Blast|p2b: Heatran|[anim] Tera Blast Flying\n|-resisted|p2b: Heatran\n|-damage|p2b: Heatran|15\/100\n|move|p2b: Heatran|Heat Wave|p1a: Baxcalibur|[spread] p1b\n|-miss|p2b: Heatran|p1a: Baxcalibur\n|-damage|p1b: Landorus|0 fnt\n|faint|p1b: Landorus\n|\n|upkeep\n|turn|7\n|inactive|dominicandoctor has 30 seconds left.\n|\n|t:|1701148861\n|move|p1a: Baxcalibur|Scale Shot|p2b: Heatran\n|-resisted|p2b: Heatran\n|-damage|p2b: Heatran|7\/100\n|-resisted|p2b: Heatran\n|-damage|p2b: Heatran|0 fnt\n|faint|p2b: Heatran\n|-hitcount|p2: Heatran|2\n|\n|win|Jinglejammer\n|raw|Jinglejammer's rating: 1113 &rarr; <strong>1135<\/strong><br \/>(+22 for winning)\n|raw|dominicandoctor's rating: 1078 &rarr; <strong>1058<\/strong><br \/>(-20 for losing)\n|c|\u2606Jinglejammer|Gg\n|l|\u2606dominicandoctor\n","uploadtime":1701148880,"views":6,"p1id":"jinglejammer","p2id":"dominicandoctor","formatid":"gen9vgc2023regulatione","rating":1058,"private":0,"password":""}