{"id":"gen9vgc2023regulatione-1998320910","p1":"Hi I'm Arceil","p2":"koil06","format":"[Gen 9] VGC 2023 Regulation E","log":"|j|\u2606Hi I'm Arceil\n|j|\u2606koil06\n|t:|1700929128\n|gametype|doubles\n|player|p1|Hi I'm Arceil|cynthia-gen4|1058\n|player|p2|koil06|265|1018\n|teamsize|p1|6\n|teamsize|p2|6\n|gen|9\n|tier|[Gen 9] VGC 2023 Regulation E\n|rated|\n|rule|Species Clause: Limit one of each Pok\u00e9mon\n|rule|Item Clause: Limit one of each item\n|clearpoke\n|poke|p1|Skeledirge, L50, F|\n|poke|p1|Meowscarada, L50, M|\n|poke|p1|Tornadus, L50, M|\n|poke|p1|Sneasler, L50, F|\n|poke|p1|Ogerpon-Wellspring, L50, F|\n|poke|p1|Arcanine-Hisui, L50, M|\n|poke|p2|Slaking, L50, F|\n|poke|p2|Weezing-Galar, L50, F|\n|poke|p2|Landorus-Therian, L50, M|\n|poke|p2|Iron Moth, L50|\n|poke|p2|Torkoal, L50, F|\n|poke|p2|Lilligant-Hisui, L50, F|\n|teampreview|4\n|\n|t:|1700929158\n|start\n|switch|p1a: Dramaturge|Ogerpon-Wellspring, L50, F|100\/100\n|switch|p1b: Lookin' Sharp|Sneasler, L50, F, shiny|100\/100\n|switch|p2a: Slaking|Slaking, L50, F|100\/100\n|switch|p2b: Weezing|Weezing-Galar, L50, F|100\/100\n|-ability|p2b: Weezing|Neutralizing Gas\n|turn|1\n|\n|t:|1700929179\n|move|p1b: Lookin' Sharp|Fake Out|p2a: Slaking\n|-damage|p2a: Slaking|90\/100\n|cant|p2a: Slaking|flinch\n|move|p1a: Dramaturge|Ivy Cudgel|p2b: Weezing|[anim] Ivy Cudgel Water\n|-damage|p2b: Weezing|60\/100\n|move|p2b: Weezing|Will-O-Wisp|p1a: Dramaturge\n|-status|p1a: Dramaturge|brn\n|\n|-heal|p2a: Slaking|96\/100|[from] item: Leftovers\n|-heal|p2b: Weezing|66\/100|[from] item: Black Sludge\n|-damage|p1a: Dramaturge|95\/100 brn|[from] brn\n|upkeep\n|turn|2\n|\n|t:|1700929206\n|move|p1a: Dramaturge|Follow Me|p1a: Dramaturge\n|-singleturn|p1a: Dramaturge|move: Follow Me\n|move|p1b: Lookin' Sharp|Dire Claw|p2b: Weezing\n|-damage|p2b: Weezing|30\/100\n|move|p2a: Slaking|Bulk Up|p2a: Slaking\n|-boost|p2a: Slaking|atk|1\n|-boost|p2a: Slaking|def|1\n|move|p2b: Weezing|Will-O-Wisp|p1a: Dramaturge|[miss]\n|-miss|p2b: Weezing|p1a: Dramaturge\n|\n|-heal|p2a: Slaking|100\/100|[from] item: Leftovers\n|-heal|p2b: Weezing|35\/100|[from] item: Black Sludge\n|-damage|p1a: Dramaturge|89\/100 brn|[from] brn\n|upkeep\n|turn|3\n|\n|t:|1700929250\n|move|p1b: Lookin' Sharp|Dire Claw|p2b: Weezing\n|-damage|p2b: Weezing|0 fnt\n|faint|p2b: Weezing\n|-end|p2b: Weezing|ability: Neutralizing Gas\n|move|p2a: Slaking|Body Slam|p1a: Dramaturge\n|-damage|p1a: Dramaturge|0 fnt\n|faint|p1a: Dramaturge\n|\n|upkeep\n|\n|t:|1700929261\n|switch|p1a: Tempest|Tornadus, L50, M|100\/100\n|switch|p2b: Torkoal|Torkoal, L50, F|100\/100\n|-weather|SunnyDay|[from] ability: Drought|[of] p2b: Torkoal\n|turn|4\n|\n|t:|1700929275\n|-terastallize|p1b: Lookin' Sharp|Fighting\n|move|p1a: Tempest|Tailwind|p1a: Tempest\n|-sidestart|p1: Hi I'm Arceil|move: Tailwind\n|move|p1b: Lookin' Sharp|Close Combat|p2b: Torkoal\n|-damage|p2b: Torkoal|20\/100\n|-unboost|p1b: Lookin' Sharp|def|1\n|-unboost|p1b: Lookin' Sharp|spd|1\n|cant|p2a: Slaking|ability: Truant\n|move|p2b: Torkoal|Eruption|p1a: Tempest|[spread] p1a,p1b\n|-crit|p1a: Tempest\n|-damage|p1a: Tempest|81\/100\n|-damage|p1b: Lookin' Sharp|88\/100\n|\n|-weather|SunnyDay|[upkeep]\n|upkeep\n|turn|5\n|\n|t:|1700929302\n|switch|p2b: Lilligant|Lilligant-Hisui, L50, F|100\/100\n|move|p1a: Tempest|Dark Pulse|p2a: Slaking\n|-damage|p2a: Slaking|76\/100\n|move|p1b: Lookin' Sharp|Close Combat|p2a: Slaking\n|-supereffective|p2a: Slaking\n|-damage|p2a: Slaking|0 fnt\n|-unboost|p1b: Lookin' Sharp|def|1\n|-unboost|p1b: Lookin' Sharp|spd|1\n|faint|p2a: Slaking\n|\n|-weather|SunnyDay|[upkeep]\n|upkeep\n|\n|t:|1700929311\n|switch|p2a: Torkoal|Torkoal, L50, F|20\/100\n|turn|6\n|\n|t:|1700929322\n|-terastallize|p2b: Lilligant|Water\n|move|p2b: Lilligant|Victory Dance|p2b: Lilligant\n|-boost|p2b: Lilligant|atk|1\n|-boost|p2b: Lilligant|def|1\n|-boost|p2b: Lilligant|spe|1\n|move|p1a: Tempest|Dark Pulse|p2a: Torkoal\n|-damage|p2a: Torkoal|0 fnt\n|faint|p2a: Torkoal\n|move|p1b: Lookin' Sharp|Dire Claw|p2b: Lilligant\n|-damage|p2b: Lilligant|48\/100\n|-status|p2b: Lilligant|slp\n|\n|-weather|SunnyDay|[upkeep]\n|upkeep\n|turn|7\n|\n|t:|1700929337\n|cant|p2b: Lilligant|slp\n|move|p1a: Tempest|Dark Pulse|p2b: Lilligant\n|-damage|p2b: Lilligant|8\/100 slp\n|move|p1b: Lookin' Sharp|Dire Claw|p2b: Lilligant\n|-damage|p2b: Lilligant|0 fnt\n|faint|p2b: Lilligant\n|\n|win|Hi I'm Arceil\n|raw|Hi I&apos;m Arceil's rating: 1058 &rarr; <strong>1086<\/strong><br \/>(+28 for winning)\n|raw|koil06's rating: 1018 &rarr; <strong>1007<\/strong><br \/>(-11 for losing)\n|l|\u2606koil06\n","uploadtime":1700929348,"views":2,"p1id":"hiimarceil","p2id":"koil06","formatid":"gen9vgc2023regulatione","rating":1007,"private":0,"password":""}