{"id":"gen9vgc2023regulatione-1992302111","p1":"FoxMarshmallow","p2":"Pokeunited31","format":"[Gen 9] VGC 2023 Regulation E","log":"|j|\u2606FoxMarshmallow\n|j|\u2606Pokeunited31\n|t:|1700172544\n|gametype|doubles\n|player|p1|FoxMarshmallow|hilda|1123\n|player|p2|Pokeunited31|102|1099\n|teamsize|p1|6\n|teamsize|p2|6\n|gen|9\n|tier|[Gen 9] VGC 2023 Regulation E\n|rated|\n|rule|Species Clause: Limit one of each Pok\u00e9mon\n|rule|Item Clause: Limit one of each item\n|clearpoke\n|poke|p1|Ogerpon-Wellspring, L50, F|\n|poke|p1|Arcanine-Hisui, L50, F|\n|poke|p1|Chien-Pao, L50|\n|poke|p1|Flutter Mane, L50|\n|poke|p1|Ursaluna-Bloodmoon, L50, M|\n|poke|p1|Iron Hands, L50|\n|poke|p2|Ogerpon-Wellspring, L50, F|\n|poke|p2|Urshifu-*, L50, F|\n|poke|p2|Flutter Mane, L50|\n|poke|p2|Weezing, L50, M|\n|poke|p2|Landorus-Therian, L50, M|\n|poke|p2|Roaring Moon, L50|\n|teampreview|4\nFoxMarshmallow has agreed to open team sheets.\n|\n|t:|1700172582\n|start\n|switch|p1a: Momotaro|Ogerpon-Wellspring, L50, F|100\/100\n|switch|p1b: Yukihyo|Chien-Pao, L50|100\/100\n|switch|p2a: Landorus|Landorus-Therian, L50, M|100\/100\n|switch|p2b: Roaring Moon|Roaring Moon, L50|100\/100\n|-ability|p2a: Landorus|Intimidate|boost\n|-unboost|p1a: Momotaro|atk|1\n|-unboost|p1b: Yukihyo|atk|1\n|-ability|p1b: Yukihyo|Sword of Ruin\n|-enditem|p2b: Roaring Moon|Booster Energy\n|-activate|p2b: Roaring Moon|ability: Protosynthesis|[fromitem]\n|-start|p2b: Roaring Moon|protosynthesisspe\n|turn|1\n|inactive|Battle timer is ON: inactive players will automatically lose when time's up. (requested by Pokeunited31)\n|inactive|FoxMarshmallow has 60 seconds left.\n|inactive|Pokeunited31 has 60 seconds left.\n|\n|t:|1700172631\n|move|p2b: Roaring Moon|Protect|p2b: Roaring Moon\n|-singleturn|p2b: Roaring Moon|Protect\n|move|p1a: Momotaro|Spiky Shield|p1a: Momotaro\n|-singleturn|p1a: Momotaro|move: Protect\n|move|p2a: Landorus|U-turn|p1b: Yukihyo\n|-supereffective|p1b: Yukihyo\n|-damage|p1b: Yukihyo|27\/100\n|\n|t:|1700172638\n|switch|p2a: Weezing|Weezing, L50, M|100\/100|[from] U-turn\n|-ability|p2a: Weezing|Neutralizing Gas\n|move|p1b: Yukihyo|Ice Spinner|p2a: Weezing\n|-damage|p2a: Weezing|74\/100\n|\n|upkeep\n|turn|2\n|inactive|FoxMarshmallow has 30 seconds left.\n|inactive|Pokeunited31 has 30 seconds left.\n|inactive|FoxMarshmallow has 20 seconds left.\n|inactive|Pokeunited31 has 20 seconds left.\n|inactive|FoxMarshmallow has 15 seconds left.\n|inactive|Pokeunited31 has 15 seconds left.\n|inactive|Pokeunited31 has 10 seconds left.\n|inactive|Pokeunited31 has 5 seconds left.\n|\n|t:|1700172689\n|-terastallize|p2b: Roaring Moon|Flying\n|move|p2a: Weezing|Protect|p2a: Weezing\n|-singleturn|p2a: Weezing|Protect\n|move|p2b: Roaring Moon|Tailwind|p2b: Roaring Moon\n|-sidestart|p2: Pokeunited31|move: Tailwind\n|move|p1b: Yukihyo|Sacred Sword|p2b: Roaring Moon\n|-resisted|p2b: Roaring Moon\n|-damage|p2b: Roaring Moon|88\/100\n|move|p1a: Momotaro|Ivy Cudgel|p2b: Roaring Moon|[anim] Ivy Cudgel Water\n|-damage|p2b: Roaring Moon|42\/100\n|\n|upkeep\n|turn|3\n|\n|t:|1700172714\n|move|p1b: Yukihyo|Sucker Punch|p2b: Roaring Moon\n|-damage|p2b: Roaring Moon|8\/100\n|move|p2b: Roaring Moon|Acrobatics|p1a: Momotaro\n|-supereffective|p1a: Momotaro\n|-damage|p1a: Momotaro|0 fnt\n|faint|p1a: Momotaro\n|move|p2a: Weezing|Will-O-Wisp|p1b: Yukihyo\n|-status|p1b: Yukihyo|brn\n|\n|-damage|p1b: Yukihyo|21\/100 brn|[from] brn\n|upkeep\n|\n|t:|1700172729\n|switch|p1a: Gachiguma|Ursaluna-Bloodmoon, L50, M|100\/100\n|turn|4\n|\n|t:|1700172748\n|-end|p2b: Roaring Moon|Protosynthesis|[silent]\n|switch|p2b: Landorus|Landorus-Therian, L50, M|100\/100\n|-terastallize|p1a: Gachiguma|Normal\n|move|p1b: Yukihyo|Protect|p1b: Yukihyo\n|-singleturn|p1b: Yukihyo|Protect\n|move|p2a: Weezing|Protect|p2a: Weezing\n|-singleturn|p2a: Weezing|Protect\n|move|p1a: Gachiguma|Hyper Voice|p2a: Weezing|[spread] p2b\n|-activate|p2a: Weezing|move: Protect\n|-damage|p2b: Landorus|34\/100\n|-enditem|p1a: Gachiguma|Throat Spray\n|-boost|p1a: Gachiguma|spa|1|[from] item: Throat Spray\n|\n|-damage|p1b: Yukihyo|15\/100 brn|[from] brn\n|upkeep\n|turn|5\n|inactive|Pokeunited31 has 30 seconds left.\n|inactive|Pokeunited31 has 20 seconds left.\n|\n|t:|1700172785\n|move|p2b: Landorus|Rock Slide|p1b: Yukihyo|[spread] p1a,p1b\n|-supereffective|p1b: Yukihyo\n|-damage|p1a: Gachiguma|88\/100\n|-damage|p1b: Yukihyo|0 fnt\n|faint|p1b: Yukihyo\n|move|p2a: Weezing|Sludge Bomb|p1a: Gachiguma\n|-damage|p1a: Gachiguma|56\/100\n|cant|p1a: Gachiguma|flinch\n|\n|-sideend|p2: Pokeunited31|move: Tailwind\n|upkeep\n|\n|t:|1700172805\n|switch|p1b: Habatakukami|Flutter Mane, L50|100\/100\n|turn|6\n|\n|t:|1700172826\n|move|p2b: Landorus|Rock Slide|p1b: Habatakukami|[spread] p1a,p1b\n|-damage|p1a: Gachiguma|42\/100\n|-damage|p1b: Habatakukami|56\/100\n|move|p1b: Habatakukami|Dazzling Gleam|p2a: Weezing|[spread] p2a,p2b\n|-resisted|p2a: Weezing\n|-damage|p2a: Weezing|53\/100\n|-damage|p2b: Landorus|0 fnt\n|faint|p2b: Landorus\n|move|p2a: Weezing|Sludge Bomb|p1b: Habatakukami\n|-damage|p1b: Habatakukami|28\/100\n|move|p1a: Gachiguma|Hyper Voice|p2a: Weezing\n|-damage|p2a: Weezing|0 fnt\n|faint|p2a: Weezing\n|-end|p2a: Weezing|ability: Neutralizing Gas\n|\n|upkeep\n|\n|t:|1700172842\n|switch|p2b: Roaring Moon|Roaring Moon, L50, tera:Flying|8\/100\n|switch|p2a: Ogerpon|Ogerpon-Wellspring, L50, F|100\/100\n|turn|7\n|\n|t:|1700172862\n|move|p2b: Roaring Moon|Protect|p2b: Roaring Moon\n|-singleturn|p2b: Roaring Moon|Protect\n|move|p1b: Habatakukami|Dazzling Gleam|p2b: Roaring Moon|[spread] p2a\n|-activate|p2b: Roaring Moon|move: Protect\n|-damage|p2a: Ogerpon|40\/100\n|move|p2a: Ogerpon|Ivy Cudgel|p1a: Gachiguma|[anim] Ivy Cudgel Water\n|-damage|p1a: Gachiguma|1\/100\n|move|p1a: Gachiguma|Blood Moon|p2a: Ogerpon\n|-damage|p2a: Ogerpon|0 fnt\n|faint|p2a: Ogerpon\n|\n|upkeep\n|turn|8\n|\n|t:|1700172880\n|move|p1b: Habatakukami|Dazzling Gleam|p2b: Roaring Moon\n|-damage|p2b: Roaring Moon|0 fnt\n|faint|p2b: Roaring Moon\n|-end|p2b: Roaring Moon|Protosynthesis|[silent]\n|\n|win|FoxMarshmallow\n|raw|FoxMarshmallow's rating: 1123 &rarr; <strong>1146<\/strong><br \/>(+23 for winning)\n|raw|Pokeunited31's rating: 1099 &rarr; <strong>1076<\/strong><br \/>(-23 for losing)\n","uploadtime":1700172887,"views":17,"p1id":"foxmarshmallow","p2id":"pokeunited31","formatid":"gen9vgc2023regulatione","rating":1076,"private":0,"password":""}