{"id":"gen9vgc2023regulatione-1999956656","p1":"Zakmancho","p2":"DouWu","format":"[Gen 9] VGC 2023 Regulation E","log":"|j|\u2606Zakmancho\n|j|\u2606DouWu\n|t:|1701134396\n|gametype|doubles\n|player|p1|Zakmancho|102|1492\n|player|p2|DouWu|larry|1435\n|teamsize|p1|6\n|teamsize|p2|6\n|gen|9\n|tier|[Gen 9] VGC 2023 Regulation E\n|rated|\n|rule|Species Clause: Limit one of each Pok\u00e9mon\n|rule|Item Clause: Limit one of each item\n|clearpoke\n|poke|p1|Tyranitar, L50, M|\n|poke|p1|Ogerpon-Wellspring, L50, F|\n|poke|p1|Ursaluna-Bloodmoon, L50, M|\n|poke|p1|Rillaboom, L50, F|\n|poke|p1|Flutter Mane, L50|\n|poke|p1|Iron Hands, L50|\n|poke|p2|Roaring Moon, L50|\n|poke|p2|Weezing, L50, M|\n|poke|p2|Flutter Mane, L50|\n|poke|p2|Iron Hands, L50|\n|poke|p2|Landorus-Therian, L50, M|\n|poke|p2|Ogerpon-Hearthflame, L50, F|\n|teampreview|4\n|inactive|Battle timer is ON: inactive players will automatically lose when time's up. (requested by Zakmancho)\n|inactive|Zakmancho has 60 seconds left.\n|inactive|DouWu has 60 seconds left.\n|\n|t:|1701134452\n|start\n|switch|p1a: Rillaboom|Rillaboom, L50, F|100\/100\n|switch|p1b: Iron Hands|Iron Hands, L50|100\/100\n|switch|p2a: Weezing|Weezing, L50, M|100\/100\n|switch|p2b: Roaring Moon|Roaring Moon, L50|100\/100\n|-ability|p2a: Weezing|Neutralizing Gas\n|-enditem|p2b: Roaring Moon|Booster Energy\n|-activate|p2b: Roaring Moon|ability: Protosynthesis|[fromitem]\n|-start|p2b: Roaring Moon|protosynthesisspe\n|turn|1\n|\n|t:|1701134475\n|-end|p2b: Roaring Moon|Protosynthesis|[silent]\n|switch|p2b: Flutter Mane|Flutter Mane, L50|100\/100\n|-terastallize|p1b: Iron Hands|Fire\n|move|p1a: Rillaboom|Fake Out|p2b: Flutter Mane\n|-immune|p2b: Flutter Mane\n|move|p2a: Weezing|Will-O-Wisp|p1b: Iron Hands\n|-immune|p1b: Iron Hands\n|move|p1b: Iron Hands|Swords Dance|p1b: Iron Hands\n|-boost|p1b: Iron Hands|atk|2\n|\n|upkeep\n|turn|2\n|inactive|Zakmancho has 30 seconds left.\n|inactive|DouWu has 30 seconds left.\n|\n|t:|1701134507\n|move|p2a: Weezing|Protect|p2a: Weezing\n|-singleturn|p2a: Weezing|Protect\n|move|p2b: Flutter Mane|Power Gem|p1b: Iron Hands\n|-supereffective|p1b: Iron Hands\n|-damage|p1b: Iron Hands|46\/100\n|move|p1a: Rillaboom|U-turn|p2a: Weezing\n|-activate|p2a: Weezing|move: Protect\n|move|p1b: Iron Hands|Heavy Slam|p2a: Weezing\n|-activate|p2a: Weezing|move: Protect\n|\n|upkeep\n|turn|3\n|\n|t:|1701134524\n|-end|p1b: Iron Hands|Quark Drive|[silent]\n|switch|p1b: Ogerpon|Ogerpon-Wellspring, L50, F|100\/100\n|move|p2b: Flutter Mane|Power Gem|p1b: Ogerpon\n|-damage|p1b: Ogerpon|66\/100\n|move|p1a: Rillaboom|U-turn|p2b: Flutter Mane\n|-resisted|p2b: Flutter Mane\n|-damage|p2b: Flutter Mane|92\/100\n|\n|t:|1701134533\n|switch|p1a: Flutter Mane|Flutter Mane, L50|100\/100|[from] U-turn\n|-enditem|p1a: Flutter Mane|Booster Energy\n|-activate|p1a: Flutter Mane|ability: Protosynthesis|[fromitem]\n|-start|p1a: Flutter Mane|protosynthesisspa\n|move|p2a: Weezing|Will-O-Wisp|p1a: Flutter Mane|[miss]\n|-miss|p2a: Weezing|p1a: Flutter Mane\n|\n|upkeep\n|turn|4\n|inactive|DouWu has 30 seconds left.\n|\n|t:|1701134567\n|-end|p2b: Flutter Mane|Protosynthesis|[silent]\n|switch|p2b: Ogerpon|Ogerpon-Hearthflame, L50, F|100\/100\n|move|p2a: Weezing|Protect|p2a: Weezing\n|-singleturn|p2a: Weezing|Protect\n|move|p1a: Flutter Mane|Substitute|p1a: Flutter Mane\n|-start|p1a: Flutter Mane|Substitute\n|-damage|p1a: Flutter Mane|76\/100\n|move|p1b: Ogerpon|Ivy Cudgel|p2b: Ogerpon|[anim] Ivy Cudgel Water\n|-damage|p2b: Ogerpon|33\/100\n|\n|upkeep\n|turn|5\n|inactive|DouWu has 30 seconds left.\n|\n|t:|1701134594\n|move|p2b: Ogerpon|Spiky Shield|p2b: Ogerpon\n|-singleturn|p2b: Ogerpon|move: Protect\n|move|p1a: Flutter Mane|Shadow Ball|p2b: Ogerpon\n|-activate|p2b: Ogerpon|move: Protect\n|move|p1b: Ogerpon|Ivy Cudgel|p2a: Weezing|[anim] Ivy Cudgel Water\n|-damage|p2a: Weezing|55\/100\n|move|p2a: Weezing|Gunk Shot|p1a: Flutter Mane|[miss]\n|-miss|p2a: Weezing|p1a: Flutter Mane\n|\n|-heal|p2a: Weezing|61\/100|[from] item: Leftovers\n|upkeep\n|turn|6\n|\n|t:|1701134618\n|switch|p2b: Roaring Moon|Roaring Moon, L50|100\/100\n|move|p2a: Weezing|Protect|p2a: Weezing\n|-singleturn|p2a: Weezing|Protect\n|move|p1a: Flutter Mane|Shadow Ball|p2b: Roaring Moon\n|-resisted|p2b: Roaring Moon\n|-crit|p2b: Roaring Moon\n|-damage|p2b: Roaring Moon|54\/100\n|move|p1b: Ogerpon|Ivy Cudgel|p2a: Weezing|[anim] Ivy Cudgel Water\n|-activate|p2a: Weezing|move: Protect\n|\n|-heal|p2a: Weezing|67\/100|[from] item: Leftovers\n|upkeep\n|turn|7\n|inactive|DouWu has 30 seconds left.\n|inactive|DouWu has 20 seconds left.\n|inactive|DouWu has 15 seconds left.\n|inactive|DouWu has 10 seconds left.\n|inactive|DouWu has 5 seconds left.\n|\n|t:|1701134673\n|move|p1b: Ogerpon|Spiky Shield|p1b: Ogerpon\n|-singleturn|p1b: Ogerpon|move: Protect\n|move|p2b: Roaring Moon|Acrobatics|p1a: Flutter Mane\n|-end|p1a: Flutter Mane|Substitute\n|move|p1a: Flutter Mane|Dazzling Gleam|p2b: Roaring Moon|[spread] p2a,p2b\n|-resisted|p2a: Weezing\n|-supereffective|p2b: Roaring Moon\n|-damage|p2a: Weezing|40\/100\n|-damage|p2b: Roaring Moon|0 fnt\n|faint|p2b: Roaring Moon\n|-end|p2b: Roaring Moon|Protosynthesis|[silent]\n|move|p2a: Weezing|Gunk Shot|p1b: Ogerpon\n|-activate|p1b: Ogerpon|move: Protect\n|\n|-heal|p2a: Weezing|46\/100|[from] item: Leftovers\n|upkeep\n|\n|t:|1701134692\n|switch|p2b: Flutter Mane|Flutter Mane, L50|92\/100\n|turn|8\n|\n|t:|1701134707\n|-terastallize|p2b: Flutter Mane|Fairy\n|move|p2a: Weezing|Protect|p2a: Weezing\n|-singleturn|p2a: Weezing|Protect\n|move|p1b: Ogerpon|Follow Me|p1b: Ogerpon\n|-singleturn|p1b: Ogerpon|move: Follow Me\n|move|p2b: Flutter Mane|Dazzling Gleam|p1a: Flutter Mane|[spread] p1a,p1b\n|-crit|p1b: Ogerpon\n|-damage|p1a: Flutter Mane|12\/100\n|-damage|p1b: Ogerpon|0 fnt\n|faint|p1b: Ogerpon\n|move|p1a: Flutter Mane|Shadow Ball|p2b: Flutter Mane\n|-damage|p2b: Flutter Mane|36\/100\n|\n|-heal|p2a: Weezing|52\/100|[from] item: Leftovers\n|upkeep\n|inactive|Zakmancho has 30 seconds left.\n|\n|t:|1701134738\n|switch|p1b: Rillaboom|Rillaboom, L50, F|100\/100\n|turn|9\n|\n|t:|1701134752\n|-end|p2b: Flutter Mane|Protosynthesis|[silent]\n|switch|p2b: Ogerpon|Ogerpon-Hearthflame, L50, F|33\/100\n|move|p1b: Rillaboom|Fake Out|p2b: Ogerpon\n|-damage|p2b: Ogerpon|15\/100\n|move|p1a: Flutter Mane|Dazzling Gleam|p2b: Ogerpon|[spread] p2a,p2b\n|-resisted|p2a: Weezing\n|-resisted|p2b: Ogerpon\n|-damage|p2a: Weezing|21\/100\n|-damage|p2b: Ogerpon|0 fnt\n|faint|p2b: Ogerpon\n|move|p2a: Weezing|Will-O-Wisp|p1b: Rillaboom\n|-status|p1b: Rillaboom|brn\n|\n|-heal|p2a: Weezing|27\/100|[from] item: Leftovers\n|-damage|p1b: Rillaboom|95\/100 brn|[from] brn\n|upkeep\n|\n|t:|1701134768\n|switch|p2b: Flutter Mane|Flutter Mane, L50, tera:Fairy|36\/100\n|turn|10\n|\n|t:|1701134789\n|move|p1a: Flutter Mane|Protect|p1a: Flutter Mane\n|-singleturn|p1a: Flutter Mane|Protect\n|move|p2a: Weezing|Protect|p2a: Weezing\n|-singleturn|p2a: Weezing|Protect\n|move|p2b: Flutter Mane|Dazzling Gleam|p1b: Rillaboom|[spread] p1b\n|-activate|p1a: Flutter Mane|move: Protect\n|-damage|p1b: Rillaboom|20\/100 brn\n|move|p1b: Rillaboom|High Horsepower|p2a: Weezing\n|-activate|p2a: Weezing|move: Protect\n|\n|-heal|p2a: Weezing|33\/100|[from] item: Leftovers\n|-damage|p1b: Rillaboom|15\/100 brn|[from] brn\n|upkeep\n|turn|11\n|inactive|DouWu has 30 seconds left.\n|\n|t:|1701134819\n|switch|p1b: Iron Hands|Iron Hands, L50, tera:Fire|46\/100\n|move|p2b: Flutter Mane|Dazzling Gleam|p1a: Flutter Mane|[spread] p1a,p1b\n|-resisted|p1b: Iron Hands\n|-damage|p1a: Flutter Mane|0 fnt\n|-damage|p1b: Iron Hands|27\/100\n|faint|p1a: Flutter Mane\n|-end|p1a: Flutter Mane|Protosynthesis|[silent]\n|move|p2a: Weezing|Will-O-Wisp|p1b: Iron Hands\n|-immune|p1b: Iron Hands\n|\n|-heal|p2a: Weezing|39\/100|[from] item: Leftovers\n|upkeep\n|\n|t:|1701134832\n|switch|p1a: Rillaboom|Rillaboom, L50, F|15\/100 brn\n|turn|12\n|\n|t:|1701134853\n|move|p1a: Rillaboom|Fake Out|p2b: Flutter Mane\n|-damage|p2b: Flutter Mane|24\/100\n|cant|p2b: Flutter Mane|flinch\n|move|p2a: Weezing|Gunk Shot|p1a: Rillaboom\n|-supereffective|p1a: Rillaboom\n|-damage|p1a: Rillaboom|0 fnt\n|faint|p1a: Rillaboom\n|move|p1b: Iron Hands|Heavy Slam|p2b: Flutter Mane\n|-supereffective|p2b: Flutter Mane\n|-damage|p2b: Flutter Mane|0 fnt\n|faint|p2b: Flutter Mane\n|-end|p2b: Flutter Mane|Protosynthesis|[silent]\n|\n|-heal|p2a: Weezing|45\/100|[from] item: Leftovers\n|upkeep\n|turn|13\n|inactive|Zakmancho has 30 seconds left.\n|\n|t:|1701134885\n|move|p2a: Weezing|Gunk Shot|p1b: Iron Hands\n|-damage|p1b: Iron Hands|0 fnt\n|faint|p1b: Iron Hands\n|-end|p1b: Iron Hands|Quark Drive|[silent]\n|\n|win|DouWu\n|raw|Zakmancho's rating: 1492 &rarr; <strong>1469<\/strong><br \/>(-23 for losing)\n|raw|DouWu's rating: 1435 &rarr; <strong>1458<\/strong><br \/>(+23 for winning)\n|l|\u2606DouWu\n|n|\u2606Zakmancho@!|zakmancho\n","uploadtime":1701135612,"views":3,"p1id":"zakmancho","p2id":"douwu","formatid":"gen9vgc2023regulatione","rating":1458,"private":0,"password":""}