{"id":"gen9vgc2023regulatione-1995989487","p1":"Vordo1","p2":"LanaDelReyVGC","format":"[Gen 9] VGC 2023 Regulation E","log":"|j|\u2606Vordo1\n|j|\u2606LanaDelReyVGC\n|t:|1700626016\n|gametype|doubles\n|player|p1|Vordo1|gambler|1193\n|player|p2|LanaDelReyVGC|169|1201\n|teamsize|p1|6\n|teamsize|p2|6\n|gen|9\n|tier|[Gen 9] VGC 2023 Regulation E\n|rated|\n|rule|Species Clause: Limit one of each Pok\u00e9mon\n|rule|Item Clause: Limit one of each item\n|clearpoke\n|poke|p1|Grimmsnarl, L50, M|\n|poke|p1|Okidogi, L50, M|\n|poke|p1|Urshifu-*, L50, M|\n|poke|p1|Ogerpon-Hearthflame, L50, F|\n|poke|p1|Arcanine-Hisui, L50, M|\n|poke|p1|Sylveon, L50, M|\n|poke|p2|Kingambit, L50, M|\n|poke|p2|Chien-Pao, L50|\n|poke|p2|Dragonite, L50, F|\n|poke|p2|Ogerpon-Cornerstone, L50, F|\n|poke|p2|Farigiraf, L50, F|\n|poke|p2|Urshifu-*, L50, M|\n|teampreview|4\nLanaDelReyVGC has agreed to open team sheets.\n|inactive|Battle timer is ON: inactive players will automatically lose when time's up. (requested by LanaDelReyVGC)\n|\n|t:|1700626051\n|start\n|switch|p1a: Okidogi|Okidogi, L50, M|100\/100\n|switch|p1b: Sylveon|Sylveon, L50, M, shiny|100\/100\n|switch|p2a: Chef|Kingambit, L50, M|100\/100\n|switch|p2b: Budtender|Ogerpon-Cornerstone, L50, F|100\/100\n|turn|1\n|inactive|Vordo1 has 30 seconds left.\n|\n|t:|1700626080\n|-terastallize|p1b: Sylveon|Steel\n|move|p2b: Budtender|Follow Me|p2b: Budtender\n|-singleturn|p2b: Budtender|move: Follow Me\n|move|p1a: Okidogi|Drain Punch|p2b: Budtender\n|-supereffective|p2b: Budtender\n|-damage|p2b: Budtender|15\/100\n|move|p2a: Chef|Swords Dance|p2a: Chef\n|-boost|p2a: Chef|atk|2\n|move|p1b: Sylveon|Hyper Voice|p2a: Chef|[spread] p2a,p2b\n|-damage|p2a: Chef|38\/100\n|-damage|p2b: Budtender|0 fnt\n|faint|p2b: Budtender\n|\n|upkeep\n|\n|t:|1700626092\n|switch|p2b: Mailman|Dragonite, L50, F|100\/100\n|turn|2\n|\n|t:|1700626114\n|move|p1a: Okidogi|Protect|p1a: Okidogi\n|-singleturn|p1a: Okidogi|Protect\n|move|p2a: Chef|Protect|p2a: Chef\n|-singleturn|p2a: Chef|Protect\n|move|p2b: Mailman|Stomping Tantrum|p1b: Sylveon\n|-supereffective|p1b: Sylveon\n|-damage|p1b: Sylveon|24\/100\n|move|p1b: Sylveon|Hyper Voice|p2b: Mailman|[spread] p2b\n|-activate|p2a: Chef|move: Protect\n|-supereffective|p2b: Mailman\n|-damage|p2b: Mailman|15\/100\n|\n|upkeep\n|turn|3\n|\n|t:|1700626137\n|switch|p1b: Urshifu|Urshifu-Rapid-Strike, L50, M|100\/100\n|move|p2a: Chef|Sucker Punch||[still]\n|-fail|p2a: Chef\n|move|p2b: Mailman|Stomping Tantrum|p1a: Okidogi\n|-supereffective|p1a: Okidogi\n|-damage|p1a: Okidogi|55\/100\n|move|p1a: Okidogi|Drain Punch|p2a: Chef\n|-supereffective|p2a: Chef\n|-damage|p2a: Chef|0 fnt\n|-heal|p1a: Okidogi|73\/100|[from] drain|[of] p2a: Chef\n|faint|p2a: Chef\n|\n|-heal|p1a: Okidogi|80\/100|[from] item: Leftovers\n|upkeep\n|\n|t:|1700626145\n|switch|p2a: Coach|Urshifu-Rapid-Strike, L50, M|100\/100\n|turn|4\n|\n|t:|1700626165\n|-terastallize|p2a: Coach|Water\n|move|p1b: Urshifu|Surging Strikes|p2a: Coach\n|-resisted|p2a: Coach\n|-crit|p2a: Coach\n|-damage|p2a: Coach|90\/100\n|-resisted|p2a: Coach\n|-crit|p2a: Coach\n|-damage|p2a: Coach|80\/100\n|-resisted|p2a: Coach\n|-crit|p2a: Coach\n|-damage|p2a: Coach|70\/100\n|-hitcount|p2a: Coach|3\n|move|p2a: Coach|Surging Strikes|p1a: Okidogi\n|-crit|p1a: Okidogi\n|-damage|p1a: Okidogi|55\/100\n|-crit|p1a: Okidogi\n|-damage|p1a: Okidogi|30\/100\n|-crit|p1a: Okidogi\n|-damage|p1a: Okidogi|4\/100\n|-hitcount|p1a: Okidogi|3\n|move|p2b: Mailman|Aerial Ace|p1b: Urshifu\n|-supereffective|p1b: Urshifu\n|-damage|p1b: Urshifu|32\/100\n|move|p1a: Okidogi|Drain Punch|p2a: Coach\n|-damage|p2a: Coach|33\/100\n|-heal|p1a: Okidogi|21\/100|[from] drain|[of] p2a: Coach\n|\n|-heal|p1a: Okidogi|27\/100|[from] item: Leftovers\n|upkeep\n|turn|5\n|inactive|Vordo1 has 30 seconds left.\n|\n|t:|1700626190\n|move|p1a: Okidogi|Protect|p1a: Okidogi\n|-singleturn|p1a: Okidogi|Protect\n|move|p2b: Mailman|Extreme Speed|p1b: Urshifu\n|-damage|p1b: Urshifu|0 fnt\n|faint|p1b: Urshifu\n|move|p2a: Coach|Surging Strikes|p1a: Okidogi\n|-crit|p1a: Okidogi\n|-damage|p1a: Okidogi|0 fnt\n|faint|p1a: Okidogi\n|-hitcount|p1: Okidogi|1\n|\n|upkeep\n|\n|t:|1700626200\n|switch|p1b: Arcanine|Arcanine-Hisui, L50, M, shiny|100\/100\n|switch|p1a: Sylveon|Sylveon, L50, M, shiny, tera:Steel|24\/100\n|-ability|p1b: Arcanine|Intimidate|boost\n|-unboost|p2a: Coach|atk|1\n|-fail|p2b: Mailman|unboost|Attack|[from] ability: Inner Focus|[of] p2b: Mailman\n|turn|6\n|\n|t:|1700626225\n|move|p1b: Arcanine|Extreme Speed|p2a: Coach\n|-damage|p2a: Coach|9\/100\n|move|p1a: Sylveon|Quick Attack|p2b: Mailman\n|-supereffective|p2b: Mailman\n|-damage|p2b: Mailman|0 fnt\n|faint|p2b: Mailman\n|move|p2a: Coach|Surging Strikes|p1b: Arcanine\n|-supereffective|p1b: Arcanine\n|-crit|p1b: Arcanine\n|-damage|p1b: Arcanine|0 fnt\n|faint|p1b: Arcanine\n|-hitcount|p1: Arcanine|1\n|\n|upkeep\n|turn|7\n|\n|t:|1700626240\n|move|p1a: Sylveon|Quick Attack|p2a: Coach\n|-damage|p2a: Coach|0 fnt\n|faint|p2a: Coach\n|\n|win|Vordo1\n|raw|Vordo1's rating: 1193 &rarr; <strong>1219<\/strong><br \/>(+26 for winning)\n|raw|LanaDelReyVGC's rating: 1201 &rarr; <strong>1175<\/strong><br \/>(-26 for losing)\n|l|\u2606Vordo1\n","uploadtime":1700626250,"views":1,"p1id":"vordo1","p2id":"lanadelreyvgc","formatid":"gen9vgc2023regulatione","rating":1175,"private":0,"password":""}