{"id":"gen9vgc2023regulatione-1989212923","p1":"Its-A-Evoi","p2":"ManishK","format":"[Gen 9] VGC 2023 Regulation E","log":"|j|\u2606Its-A-Evoi\n|j|\u2606ManishK\n|t:|1699824040\n|gametype|doubles\n|player|p1|Its-A-Evoi|preschooler|1089\n|player|p2|ManishK|wattson|1175\n|teamsize|p1|6\n|teamsize|p2|6\n|gen|9\n|tier|[Gen 9] VGC 2023 Regulation E\n|rated|\n|rule|Species Clause: Limit one of each Pok\u00e9mon\n|rule|Item Clause: Limit one of each item\n|clearpoke\n|poke|p1|Sinistcha, L50|\n|poke|p1|Murkrow, L50, M|\n|poke|p1|Ogerpon-Cornerstone, L50, F|\n|poke|p1|Garchomp, L50, M|\n|poke|p1|Regidrago, L50|\n|poke|p1|Scream Tail, L50|\n|poke|p2|Hawlucha, L50, F|\n|poke|p2|Rillaboom, L50, M|\n|poke|p2|Sinistcha, L50|\n|poke|p2|Arcanine-Hisui, L50, F|\n|poke|p2|Clefairy, L50, M|\n|poke|p2|Flutter Mane, L50|\n|teampreview|4\n|c|\u2606ManishK|glhf\nManishK has agreed to open team sheets.\nIts-A-Evoi has agreed to open team sheets.\n|inactive|Battle timer is ON: inactive players will automatically lose when time's up. (requested by Its-A-Evoi)\n|\n|t:|1699824109\n|start\n|switch|p1a: Murkrow|Murkrow, L50, M|100\/100\n|switch|p1b: Ogerpon|Ogerpon-Cornerstone, L50, F|100\/100\n|switch|p2a: Rillaboom|Rillaboom, L50, M|100\/100\n|switch|p2b: Arcanine|Arcanine-Hisui, L50, F, shiny|100\/100\n|-ability|p2b: Arcanine|Intimidate|boost\n|-unboost|p1a: Murkrow|atk|1\n|-unboost|p1b: Ogerpon|atk|1\n|-fieldstart|move: Grassy Terrain|[from] ability: Grassy Surge|[of] p2a: Rillaboom\n|turn|1\n|inactive|ManishK has 30 seconds left.\n|\n|t:|1699824139\n|move|p1b: Ogerpon|Spiky Shield|p1b: Ogerpon\n|-singleturn|p1b: Ogerpon|move: Protect\n|move|p2a: Rillaboom|Fake Out|p1a: Murkrow\n|-damage|p1a: Murkrow|83\/100\n|cant|p1a: Murkrow|flinch\n|move|p2b: Arcanine|Rock Slide|p1b: Ogerpon|[spread] p1a\n|-activate|p1b: Ogerpon|move: Protect\n|-supereffective|p1a: Murkrow\n|-damage|p1a: Murkrow|0 fnt\n|faint|p1a: Murkrow\n|\n|upkeep\n|\n|t:|1699824156\n|switch|p1a: Regidrago|Regidrago, L50|100\/100\n|turn|2\n|\n|t:|1699824175\n|switch|p2a: Clefairy|Clefairy, L50, M|100\/100\n|-terastallize|p1b: Ogerpon|Rock\n|detailschange|p1b: Ogerpon|Ogerpon-Cornerstone-Tera, L50, F, tera:Rock\n|-ability|p1b: Ogerpon|Embody Aspect (Cornerstone)|boost\n|-boost|p1b: Ogerpon|def|1\n|move|p1b: Ogerpon|Ivy Cudgel|p2b: Arcanine\n|-supereffective|p2b: Arcanine\n|-damage|p2b: Arcanine|0 fnt\n|faint|p2b: Arcanine\n|move|p1a: Regidrago|Dragon Dance|p1a: Regidrago\n|-boost|p1a: Regidrago|atk|1\n|-boost|p1a: Regidrago|spe|1\n|\n|upkeep\n|\n|t:|1699824198\n|switch|p2b: Rillaboom|Rillaboom, L50, M|100\/100\n|turn|3\n|inactive|ManishK has 30 seconds left.\n|inactive|Its-A-Evoi has 30 seconds left.\n|inactive|ManishK has 20 seconds left.\n|inactive|ManishK has 15 seconds left.\n|inactive|ManishK has 10 seconds left.\n|\n|t:|1699824245\n|move|p2a: Clefairy|Protect|p2a: Clefairy\n|-singleturn|p2a: Clefairy|Protect\n|move|p2b: Rillaboom|Fake Out|p1a: Regidrago\n|-damage|p1a: Regidrago|85\/100\n|move|p1b: Ogerpon|Ivy Cudgel|p2a: Clefairy\n|-activate|p2a: Clefairy|move: Protect\n|cant|p1a: Regidrago|flinch\n|\n|-heal|p1a: Regidrago|91\/100|[from] Grassy Terrain\n|upkeep\n|turn|4\n|inactive|Its-A-Evoi has 30 seconds left.\n|inactive|ManishK has 30 seconds left.\n|\n|t:|1699824279\n|move|p2a: Clefairy|Helping Hand|p2b: Rillaboom\n|-singleturn|p2b: Rillaboom|Helping Hand|[of] p2a: Clefairy\n|move|p2b: Rillaboom|Grassy Glide|p1b: Ogerpon\n|-supereffective|p1b: Ogerpon\n|-damage|p1b: Ogerpon|6\/100\n|move|p1b: Ogerpon|Ivy Cudgel|p2a: Clefairy\n|-damage|p2a: Clefairy|33\/100\n|move|p1a: Regidrago|Dragon Energy|p2a: Clefairy|[spread] p2b\n|-immune|p2a: Clefairy\n|-damage|p2b: Rillaboom|62\/100\n|\n|-heal|p1b: Ogerpon|12\/100|[from] Grassy Terrain\n|-heal|p1a: Regidrago|98\/100|[from] Grassy Terrain\n|-heal|p2b: Rillaboom|68\/100|[from] Grassy Terrain\n|-heal|p2a: Clefairy|39\/100|[from] Grassy Terrain\n|upkeep\n|turn|5\n|inactive|ManishK has 30 seconds left.\n|inactive|ManishK has 20 seconds left.\n|inactive|ManishK has 15 seconds left.\n|inactive|ManishK has 10 seconds left.\n|\n|t:|1699824326\n|move|p1b: Ogerpon|Spiky Shield|p1b: Ogerpon\n|-singleturn|p1b: Ogerpon|move: Protect\n|move|p2a: Clefairy|Protect|p2a: Clefairy\n|-singleturn|p2a: Clefairy|Protect\n|move|p2b: Rillaboom|Grassy Glide|p1b: Ogerpon\n|-activate|p1b: Ogerpon|move: Protect\n|-damage|p2b: Rillaboom|56\/100|[from] Spiky Shield|[of] p1b: Ogerpon\n|move|p1a: Regidrago|Earthquake|p2a: Clefairy|[spread] p2b\n|-activate|p1b: Ogerpon|move: Protect\n|-activate|p2a: Clefairy|move: Protect\n|-resisted|p2b: Rillaboom\n|-damage|p2b: Rillaboom|50\/100\n|\n|-heal|p1b: Ogerpon|18\/100|[from] Grassy Terrain\n|-heal|p1a: Regidrago|100\/100|[from] Grassy Terrain\n|-heal|p2b: Rillaboom|55\/100|[from] Grassy Terrain\n|-heal|p2a: Clefairy|45\/100|[from] Grassy Terrain\n|-fieldend|move: Grassy Terrain\n|upkeep\n|turn|6\n|inactive|Its-A-Evoi has 30 seconds left.\n|inactive|ManishK has 30 seconds left.\n|inactive|Its-A-Evoi has 20 seconds left.\n|\n|t:|1699824362\n|move|p2a: Clefairy|Follow Me|p2a: Clefairy\n|-singleturn|p2a: Clefairy|move: Follow Me\n|move|p1b: Ogerpon|Horn Leech|p2a: Clefairy\n|-damage|p2a: Clefairy|8\/100\n|-heal|p1b: Ogerpon|39\/100|[from] drain|[of] p2a: Clefairy\n|move|p1a: Regidrago|Dragon Dance|p1a: Regidrago\n|-boost|p1a: Regidrago|atk|1\n|-boost|p1a: Regidrago|spe|1\n|move|p2b: Rillaboom|Wood Hammer|p1b: Ogerpon\n|-supereffective|p1b: Ogerpon\n|-damage|p1b: Ogerpon|0 fnt\n|faint|p1b: Ogerpon\n|-damage|p2b: Rillaboom|44\/100|[from] Recoil\n|\n|upkeep\n|\n|t:|1699824375\n|switch|p1b: Sinistcha|Sinistcha, L50|100\/100\n|turn|7\n|\n|t:|1699824389\n|switch|p2b: Flutter Mane|Flutter Mane, L50|100\/100\n|move|p1b: Sinistcha|Protect|p1b: Sinistcha\n|-singleturn|p1b: Sinistcha|Protect\n|move|p2a: Clefairy|Protect|p2a: Clefairy\n|-singleturn|p2a: Clefairy|Protect\n|move|p1a: Regidrago|Earthquake|p2b: Flutter Mane|[spread] p2b\n|-activate|p1b: Sinistcha|move: Protect\n|-activate|p2a: Clefairy|move: Protect\n|-damage|p2b: Flutter Mane|30\/100\n|\n|upkeep\n|turn|8\n|inactive|ManishK has 30 seconds left.\n|inactive|ManishK has 20 seconds left.\n|inactive|ManishK has 15 seconds left.\n|inactive|ManishK has 10 seconds left.\n|inactive|Its-A-Evoi has 30 seconds left.\n|inactive|ManishK has 5 seconds left.\n|\n|t:|1699824447\n|switch|p2a: Rillaboom|Rillaboom, L50, M|44\/100\n|-fieldstart|move: Grassy Terrain|[from] ability: Grassy Surge|[of] p2a: Rillaboom\n|-terastallize|p2b: Flutter Mane|Fairy\n|move|p2b: Flutter Mane|Moonblast|p1a: Regidrago\n|-supereffective|p1a: Regidrago\n|-damage|p1a: Regidrago|0 fnt\n|faint|p1a: Regidrago\n|-damage|p2b: Flutter Mane|20\/100|[from] item: Life Orb\n|move|p1b: Sinistcha|Matcha Gotcha|p2b: Flutter Mane|[spread] p2a,p2b\n|-resisted|p2a: Rillaboom\n|-damage|p2a: Rillaboom|29\/100\n|-damage|p2b: Flutter Mane|0 fnt\n|faint|p2b: Flutter Mane\n|-end|p2b: Flutter Mane|Protosynthesis|[silent]\n|\n|-heal|p2a: Rillaboom|35\/100|[from] Grassy Terrain\n|upkeep\n|\n|t:|1699824462\n|switch|p2b: Clefairy|Clefairy, L50, M|8\/100\n|turn|9\n|inactive|ManishK has 30 seconds left.\n|\n|t:|1699824490\n|move|p1b: Sinistcha|Protect|p1b: Sinistcha\n|-singleturn|p1b: Sinistcha|Protect\n|move|p2a: Rillaboom|Wood Hammer|p1b: Sinistcha\n|-activate|p1b: Sinistcha|move: Protect\n|move|p2b: Clefairy|Heal Pulse|p2a: Rillaboom\n|-heal|p2a: Rillaboom|85\/100\n|\n|-heal|p2a: Rillaboom|91\/100|[from] Grassy Terrain\n|-heal|p2b: Clefairy|14\/100|[from] Grassy Terrain\n|upkeep\n|turn|10\n|\n|t:|1699824510\n|move|p2b: Clefairy|Helping Hand|p2a: Rillaboom\n|-singleturn|p2a: Rillaboom|Helping Hand|[of] p2b: Clefairy\n|move|p1b: Sinistcha|Matcha Gotcha|p2a: Rillaboom|[spread] p2a,p2b\n|-resisted|p2a: Rillaboom\n|-damage|p2a: Rillaboom|79\/100\n|-damage|p2b: Clefairy|0 fnt\n|faint|p2b: Clefairy\n|move|p2a: Rillaboom|Wood Hammer|p1b: Sinistcha\n|-resisted|p1b: Sinistcha\n|-damage|p1b: Sinistcha|24\/100\n|-damage|p2a: Rillaboom|58\/100|[from] Recoil\n|\n|-heal|p1b: Sinistcha|30\/100|[from] Grassy Terrain\n|-heal|p2a: Rillaboom|64\/100|[from] Grassy Terrain\n|upkeep\n|turn|11\n|\n|t:|1699824526\n|move|p1b: Sinistcha|Strength Sap|p2a: Rillaboom\n|-unboost|p2a: Rillaboom|atk|1\n|-heal|p1b: Sinistcha|100\/100\n|move|p2a: Rillaboom|Wood Hammer|p1b: Sinistcha\n|-resisted|p1b: Sinistcha\n|-damage|p1b: Sinistcha|67\/100\n|-damage|p2a: Rillaboom|55\/100|[from] Recoil\n|\n|-heal|p1b: Sinistcha|73\/100|[from] Grassy Terrain\n|-heal|p2a: Rillaboom|60\/100|[from] Grassy Terrain\n|upkeep\n|turn|12\n|c|\u2606ManishK|yeah ggs\n|\n|t:|1699824547\n|move|p1b: Sinistcha|Strength Sap|p2a: Rillaboom\n|-unboost|p2a: Rillaboom|atk|1\n|-heal|p1b: Sinistcha|100\/100\n|move|p2a: Rillaboom|Wood Hammer|p1b: Sinistcha\n|-resisted|p1b: Sinistcha\n|-crit|p1b: Sinistcha\n|-damage|p1b: Sinistcha|31\/100\n|-damage|p2a: Rillaboom|41\/100|[from] Recoil\n|\n|-heal|p1b: Sinistcha|37\/100|[from] Grassy Terrain\n|-heal|p2a: Rillaboom|47\/100|[from] Grassy Terrain\n|-fieldend|move: Grassy Terrain\n|upkeep\n|turn|13\n|\n|t:|1699824560\n|move|p1b: Sinistcha|Strength Sap|p2a: Rillaboom\n|-unboost|p2a: Rillaboom|atk|1\n|-heal|p1b: Sinistcha|100\/100\n|move|p2a: Rillaboom|Wood Hammer|p1b: Sinistcha\n|-resisted|p1b: Sinistcha\n|-damage|p1b: Sinistcha|86\/100\n|-damage|p2a: Rillaboom|43\/100|[from] Recoil\n|\n|upkeep\n|turn|14\n|\n|t:|1699824574\n|move|p1b: Sinistcha|Strength Sap|p2a: Rillaboom\n|-unboost|p2a: Rillaboom|atk|1\n|-heal|p1b: Sinistcha|100\/100\n|move|p2a: Rillaboom|Wood Hammer|p1b: Sinistcha\n|-resisted|p1b: Sinistcha\n|-damage|p1b: Sinistcha|89\/100\n|-damage|p2a: Rillaboom|39\/100|[from] Recoil\n|\n|upkeep\n|turn|15\n|c|\u2606ManishK|cmon monke!!\n|c|\u2606ManishK|only two crits in a row\n|\n|t:|1699824586\n|move|p1b: Sinistcha|Shadow Ball|p2a: Rillaboom\n|-damage|p2a: Rillaboom|12\/100\n|-unboost|p2a: Rillaboom|spd|1\n|move|p2a: Rillaboom|Wood Hammer|p1b: Sinistcha\n|-resisted|p1b: Sinistcha\n|-damage|p1b: Sinistcha|77\/100\n|-damage|p2a: Rillaboom|8\/100|[from] Recoil\n|\n|upkeep\n|turn|16\n|c|\u2606ManishK|ggswp!\n|\n|t:|1699824598\n|move|p1b: Sinistcha|Shadow Ball|p2a: Rillaboom\n|-damage|p2a: Rillaboom|0 fnt\n|faint|p2a: Rillaboom\n|\n|win|Its-A-Evoi\n|raw|Its-A-Evoi's rating: 1089 &rarr; <strong>1122<\/strong><br \/>(+33 for winning)\n|raw|ManishK's rating: 1175 &rarr; <strong>1144<\/strong><br \/>(-31 for losing)\n|l|\u2606ManishK\n","uploadtime":1699824716,"views":15,"p1id":"itsaevoi","p2id":"manishk","formatid":"gen9vgc2023regulatione","rating":1122,"private":0,"password":""}