{"id":"gen9vgc2023regulatione-1989719348","p1":"RegidracoMalfoy","p2":"UrshifuIncarnate","format":"[Gen 9] VGC 2023 Regulation E","log":"|j|\u2606RegidracoMalfoy\n|j|\u2606UrshifuIncarnate\n|t:|1699889839\n|gametype|doubles\n|player|p1|RegidracoMalfoy|169|1403\n|player|p2|UrshifuIncarnate|unknown|1336\n|teamsize|p1|6\n|teamsize|p2|6\n|gen|9\n|tier|[Gen 9] VGC 2023 Regulation E\n|rated|\n|rule|Species Clause: Limit one of each Pok\u00e9mon\n|rule|Item Clause: Limit one of each item\n|clearpoke\n|poke|p1|Dusclops, L50, M|\n|poke|p1|Iron Hands, L50|\n|poke|p1|Heatran, L50, M|\n|poke|p1|Ogerpon-Wellspring, L50, F|\n|poke|p1|Salamence, L50, F|\n|poke|p1|Urshifu-*, L50, F|\n|poke|p2|Landorus, L50, M|\n|poke|p2|Tornadus, L50, M|\n|poke|p2|Ogerpon-Hearthflame, L50, F|\n|poke|p2|Iron Hands, L50|\n|poke|p2|Urshifu-*, L50, F|\n|poke|p2|Rillaboom, L50, F|\n|teampreview|4\n|inactive|Battle timer is ON: inactive players will automatically lose when time's up. (requested by RegidracoMalfoy)\nRegidracoMalfoy has agreed to open team sheets.\nUrshifuIncarnate has agreed to open team sheets.\n|inactive|RegidracoMalfoy has 30 seconds left.\n|inactive|RegidracoMalfoy has 20 seconds left.\n|\n|t:|1699889881\n|start\n|switch|p1a: Dusclops|Dusclops, L50, M|100\/100\n|switch|p1b: Iron Hands|Iron Hands, L50|100\/100\n|switch|p2a: Just A Prank Bro|Tornadus, L50, M, shiny|100\/100\n|switch|p2b: Iron Pants|Iron Hands, L50|100\/100\n|-item|p2a: Just A Prank Bro|Mental Herb|[from] ability: Frisk|[of] p1a: Dusclops|[identify]\n|-item|p2b: Iron Pants|Assault Vest|[from] ability: Frisk|[of] p1a: Dusclops|[identify]\n|turn|1\n|\n|t:|1699889905\n|-end|p2b: Iron Pants|Quark Drive|[silent]\n|switch|p2b: Fiona-Hearthflame|Ogerpon-Hearthflame, L50, F|100\/100\n|-ability|p2b: Fiona-Hearthflame|Mold Breaker\n|-terastallize|p1a: Dusclops|Dark\n|move|p2a: Just A Prank Bro|Taunt|p1a: Dusclops\n|-hint|Since gen 7, Dark is immune to Prankster moves.\n|-immune|p1a: Dusclops\n|move|p1b: Iron Hands|Wild Charge|p2a: Just A Prank Bro\n|-supereffective|p2a: Just A Prank Bro\n|-damage|p2a: Just A Prank Bro|8\/100\n|-damage|p1b: Iron Hands|83\/100|[from] Recoil\n|move|p1a: Dusclops|Trick Room|p1a: Dusclops\n|-fieldstart|move: Trick Room|[of] p1a: Dusclops\n|\n|upkeep\n|turn|2\n|inactive|RegidracoMalfoy has 30 seconds left.\n|inactive|RegidracoMalfoy has 20 seconds left.\n|\n|t:|1699889942\n|-end|p1b: Iron Hands|Quark Drive|[silent]\n|switch|p1b: Salamence|Salamence, L50, F|100\/100\n|-ability|p1b: Salamence|Intimidate|boost\n|-unboost|p2a: Just A Prank Bro|atk|1\n|-unboost|p2b: Fiona-Hearthflame|atk|1\n|switch|p2a: Iron Pants|Iron Hands, L50|100\/100\n|move|p1a: Dusclops|Night Shade|p2a: Iron Pants\n|-damage|p2a: Iron Pants|79\/100\n|move|p2b: Fiona-Hearthflame|Swords Dance|p2b: Fiona-Hearthflame\n|-boost|p2b: Fiona-Hearthflame|atk|2\n|\n|upkeep\n|turn|3\n|inactive|RegidracoMalfoy has 30 seconds left.\n|\n|t:|1699889970\n|-terastallize|p2b: Fiona-Hearthflame|Fire\n|detailschange|p2b: Fiona-Hearthflame|Ogerpon-Hearthflame-Tera, L50, F, tera:Fire\n|-ability|p2b: Fiona-Hearthflame|Embody Aspect (Hearthflame)|boost\n|-boost|p2b: Fiona-Hearthflame|atk|1\n|move|p2a: Iron Pants|Fake Out|p1a: Dusclops\n|-damage|p1a: Dusclops|90\/100\n|cant|p1a: Dusclops|flinch\n|move|p2b: Fiona-Hearthflame|Ivy Cudgel|p1a: Dusclops\n|-damage|p1a: Dusclops|0 fnt\n|faint|p1a: Dusclops\n|move|p1b: Salamence|Dual Wingbeat|p2b: Fiona-Hearthflame\n|-damage|p2b: Fiona-Hearthflame|83\/100\n|-damage|p2b: Fiona-Hearthflame|63\/100\n|-hitcount|p2b: Fiona-Hearthflame|2\n|\n|upkeep\n|\n|t:|1699889984\n|switch|p1a: Iron Hands|Iron Hands, L50|83\/100\n|turn|4\n|inactive|RegidracoMalfoy has 30 seconds left.\n|inactive|UrshifuIncarnate has 30 seconds left.\n|inactive|UrshifuIncarnate has 20 seconds left.\n|\n|t:|1699890022\n|-end|p2a: Iron Pants|Quark Drive|[silent]\n|switch|p2a: Rillaboomer|Rillaboom, L50, F|100\/100\n|-fieldstart|move: Grassy Terrain|[from] ability: Grassy Surge|[of] p2a: Rillaboomer\n|switch|p1b: Ogerpon|Ogerpon-Wellspring, L50, F|100\/100\n|move|p2b: Fiona-Hearthflame|Spiky Shield|p2b: Fiona-Hearthflame\n|-singleturn|p2b: Fiona-Hearthflame|move: Protect\n|move|p1a: Iron Hands|Fake Out|p2a: Rillaboomer\n|-damage|p2a: Rillaboomer|86\/100\n|\n|-heal|p1a: Iron Hands|89\/100|[from] Grassy Terrain\n|-heal|p2a: Rillaboomer|92\/100|[from] Grassy Terrain\n|-heal|p2b: Fiona-Hearthflame|69\/100|[from] Grassy Terrain\n|upkeep\n|turn|5\n|\n|t:|1699890040\n|switch|p1b: Salamence|Salamence, L50, F|100\/100\n|-ability|p1b: Salamence|Intimidate|boost\n|-unboost|p2a: Rillaboomer|atk|1\n|-unboost|p2b: Fiona-Hearthflame|atk|1\n|move|p2a: Rillaboomer|Fake Out|p1b: Salamence\n|-damage|p1b: Salamence|91\/100\n|move|p1a: Iron Hands|Drain Punch|p2b: Fiona-Hearthflame\n|-damage|p2b: Fiona-Hearthflame|28\/100\n|-heal|p1a: Iron Hands|100\/100|[from] drain|[of] p2b: Fiona-Hearthflame\n|move|p2b: Fiona-Hearthflame|Swords Dance|p2b: Fiona-Hearthflame\n|-boost|p2b: Fiona-Hearthflame|atk|2\n|\n|-heal|p2a: Rillaboomer|98\/100|[from] Grassy Terrain\n|-heal|p2b: Fiona-Hearthflame|34\/100|[from] Grassy Terrain\n|-fieldend|move: Trick Room\n|upkeep\n|turn|6\n|inactive|RegidracoMalfoy has 30 seconds left.\n|inactive|RegidracoMalfoy has 20 seconds left.\n|\n|t:|1699890076\n|switch|p2a: Iron Pants|Iron Hands, L50|79\/100\n|move|p2b: Fiona-Hearthflame|Spiky Shield|p2b: Fiona-Hearthflame\n|-singleturn|p2b: Fiona-Hearthflame|move: Protect\n|move|p1b: Salamence|Dual Wingbeat|p2a: Iron Pants\n|-damage|p2a: Iron Pants|66\/100\n|-damage|p2a: Iron Pants|53\/100\n|-hitcount|p2a: Iron Pants|2\n|move|p1a: Iron Hands|Drain Punch|p2b: Fiona-Hearthflame\n|-activate|p2b: Fiona-Hearthflame|move: Protect\n|-damage|p1a: Iron Hands|88\/100|[from] Spiky Shield|[of] p2b: Fiona-Hearthflame\n|\n|-heal|p2b: Fiona-Hearthflame|40\/100|[from] Grassy Terrain\n|-heal|p2a: Iron Pants|59\/100|[from] Grassy Terrain\n|-heal|p1a: Iron Hands|94\/100|[from] Grassy Terrain\n|upkeep\n|turn|7\n|inactive|UrshifuIncarnate has 30 seconds left.\n|\n|t:|1699890107\n|move|p2a: Iron Pants|Fake Out|p1b: Salamence\n|-damage|p1b: Salamence|76\/100\n|cant|p1b: Salamence|flinch\n|move|p2b: Fiona-Hearthflame|Ivy Cudgel|p1a: Iron Hands\n|-damage|p1a: Iron Hands|0 fnt\n|faint|p1a: Iron Hands\n|-end|p1a: Iron Hands|Quark Drive|[silent]\n|\n|-heal|p2b: Fiona-Hearthflame|46\/100|[from] Grassy Terrain\n|-heal|p2a: Iron Pants|65\/100|[from] Grassy Terrain\n|upkeep\n|\n|t:|1699890116\n|switch|p1a: Ogerpon|Ogerpon-Wellspring, L50, F|100\/100\n|turn|8\n|\n|t:|1699890134\n|-end|p2a: Iron Pants|Quark Drive|[silent]\n|switch|p2a: Rillaboomer|Rillaboom, L50, F|98\/100\n|move|p1a: Ogerpon|Spiky Shield|p1a: Ogerpon\n|-singleturn|p1a: Ogerpon|move: Protect\n|move|p2b: Fiona-Hearthflame|Spiky Shield|p2b: Fiona-Hearthflame\n|-singleturn|p2b: Fiona-Hearthflame|move: Protect\n|move|p1b: Salamence|Tailwind|p1b: Salamence\n|-sidestart|p1: RegidracoMalfoy|move: Tailwind\n|\n|-heal|p2b: Fiona-Hearthflame|52\/100|[from] Grassy Terrain\n|-heal|p2a: Rillaboomer|100\/100|[from] Grassy Terrain\n|-fieldend|move: Grassy Terrain\n|upkeep\n|turn|9\n|\n|t:|1699890155\n|switch|p2b: Just A Prank Bro|Tornadus, L50, M, shiny|8\/100\n|move|p1b: Salamence|Dual Wingbeat|p2b: Just A Prank Bro\n|-damage|p2b: Just A Prank Bro|0 fnt\n|faint|p2b: Just A Prank Bro\n|-hitcount|p2: Just A Prank Bro|1\n|move|p1a: Ogerpon|Ivy Cudgel|p2a: Rillaboomer\n|-resisted|p2a: Rillaboomer\n|-damage|p2a: Rillaboomer|70\/100\n|move|p2a: Rillaboomer|Wood Hammer|p1a: Ogerpon\n|-damage|p1a: Ogerpon|20\/100\n|-damage|p2a: Rillaboomer|45\/100|[from] Recoil\n|\n|upkeep\n|\n|t:|1699890174\n|switch|p2b: Iron Pants|Iron Hands, L50|65\/100\n|turn|10\n|\n|t:|1699890184\n|switch|p2a: Fiona-Hearthflame|Ogerpon-Hearthflame-Tera, L50, F, tera:Fire|52\/100\n|-ability|p2a: Fiona-Hearthflame|Embody Aspect (Hearthflame)|boost\n|-boost|p2a: Fiona-Hearthflame|atk|1\n|move|p1b: Salamence|Protect|p1b: Salamence\n|-singleturn|p1b: Salamence|Protect\n|move|p1a: Ogerpon|Spiky Shield|p1a: Ogerpon\n|-singleturn|p1a: Ogerpon|move: Protect\n|move|p2b: Iron Pants|Fake Out|p1b: Salamence\n|-activate|p1b: Salamence|move: Protect\n|\n|upkeep\n|turn|11\n|\n|t:|1699890203\n|-end|p2b: Iron Pants|Quark Drive|[silent]\n|switch|p2b: Rillaboomer|Rillaboom, L50, F|45\/100\n|-fieldstart|move: Grassy Terrain|[from] ability: Grassy Surge|[of] p2b: Rillaboomer\n|move|p1b: Salamence|Helping Hand|p1a: Ogerpon\n|-singleturn|p1a: Ogerpon|Helping Hand|[of] p1b: Salamence\n|move|p2a: Fiona-Hearthflame|Grassy Glide|p1a: Ogerpon\n|-damage|p1a: Ogerpon|0 fnt\n|faint|p1a: Ogerpon\n|\n|-heal|p2a: Fiona-Hearthflame|57\/100|[from] Grassy Terrain\n|-heal|p2b: Rillaboomer|51\/100|[from] Grassy Terrain\n|-sideend|p1: RegidracoMalfoy|move: Tailwind\n|upkeep\n|turn|12\n|\n|t:|1699890220\n|move|p2b: Rillaboomer|Fake Out|p1b: Salamence\n|-damage|p1b: Salamence|60\/100\n|cant|p1b: Salamence|flinch\n|move|p2a: Fiona-Hearthflame|Swords Dance|p2a: Fiona-Hearthflame\n|-boost|p2a: Fiona-Hearthflame|atk|2\n|\n|-heal|p2a: Fiona-Hearthflame|63\/100|[from] Grassy Terrain\n|-heal|p2b: Rillaboomer|57\/100|[from] Grassy Terrain\n|upkeep\n|turn|13\n|\n|t:|1699890229\n|move|p2a: Fiona-Hearthflame|Grassy Glide|p1b: Salamence\n|-resisted|p1b: Salamence\n|-damage|p1b: Salamence|34\/100\n|-enditem|p1b: Salamence|Sitrus Berry|[eat]\n|-heal|p1b: Salamence|58\/100|[from] item: Sitrus Berry\n|move|p2b: Rillaboomer|Grassy Glide|p1b: Salamence\n|-resisted|p1b: Salamence\n|-damage|p1b: Salamence|47\/100\n|move|p1b: Salamence|Dual Wingbeat|p2a: Fiona-Hearthflame\n|-damage|p2a: Fiona-Hearthflame|45\/100\n|-damage|p2a: Fiona-Hearthflame|25\/100\n|-hitcount|p2a: Fiona-Hearthflame|2\n|\n|-heal|p2a: Fiona-Hearthflame|31\/100|[from] Grassy Terrain\n|-heal|p2b: Rillaboomer|63\/100|[from] Grassy Terrain\n|upkeep\n|turn|14\n|\n|t:|1699890245\n|switch|p2b: Iron Pants|Iron Hands, L50|65\/100\n|move|p2a: Fiona-Hearthflame|Spiky Shield|p2a: Fiona-Hearthflame\n|-singleturn|p2a: Fiona-Hearthflame|move: Protect\n|move|p1b: Salamence|Dual Wingbeat|p2b: Iron Pants\n|-damage|p2b: Iron Pants|50\/100\n|-damage|p2b: Iron Pants|36\/100\n|-hitcount|p2b: Iron Pants|2\n|\n|-heal|p2a: Fiona-Hearthflame|37\/100|[from] Grassy Terrain\n|-heal|p2b: Iron Pants|42\/100|[from] Grassy Terrain\n|upkeep\n|turn|15\n|\n|t:|1699890257\n|move|p1b: Salamence|Protect|p1b: Salamence\n|-singleturn|p1b: Salamence|Protect\n|move|p2b: Iron Pants|Fake Out|p1b: Salamence\n|-activate|p1b: Salamence|move: Protect\n|move|p2a: Fiona-Hearthflame|Swords Dance|p2a: Fiona-Hearthflame\n|-boost|p2a: Fiona-Hearthflame|atk|2\n|\n|-heal|p2a: Fiona-Hearthflame|43\/100|[from] Grassy Terrain\n|-heal|p2b: Iron Pants|48\/100|[from] Grassy Terrain\n|-fieldend|move: Grassy Terrain\n|upkeep\n|turn|16\n|\n|t:|1699890268\n|-end|p2b: Iron Pants|Quark Drive|[silent]\n|switch|p2b: Rillaboomer|Rillaboom, L50, F|63\/100\n|-fieldstart|move: Grassy Terrain|[from] ability: Grassy Surge|[of] p2b: Rillaboomer\n|move|p2a: Fiona-Hearthflame|Grassy Glide|p1b: Salamence\n|-resisted|p1b: Salamence\n|-damage|p1b: Salamence|5\/100\n|move|p1b: Salamence|Dual Wingbeat|p2b: Rillaboomer\n|-supereffective|p2b: Rillaboomer\n|-damage|p2b: Rillaboomer|29\/100\n|-supereffective|p2b: Rillaboomer\n|-damage|p2b: Rillaboomer|0 fnt\n|faint|p2b: Rillaboomer\n|-hitcount|p2: Rillaboomer|2\n|\n|-heal|p2a: Fiona-Hearthflame|49\/100|[from] Grassy Terrain\n|upkeep\n|\n|t:|1699890276\n|switch|p2b: Iron Pants|Iron Hands, L50|48\/100\n|turn|17\n|\n|t:|1699890284\n|move|p1b: Salamence|Protect|p1b: Salamence\n|-singleturn|p1b: Salamence|Protect\n|move|p2b: Iron Pants|Fake Out|p1b: Salamence\n|-activate|p1b: Salamence|move: Protect\n|move|p2a: Fiona-Hearthflame|Swords Dance|p2a: Fiona-Hearthflame\n|-boost|p2a: Fiona-Hearthflame|atk|1\n|\n|-heal|p2a: Fiona-Hearthflame|55\/100|[from] Grassy Terrain\n|-heal|p2b: Iron Pants|54\/100|[from] Grassy Terrain\n|upkeep\n|turn|18\n|\n|t:|1699890295\n|move|p2a: Fiona-Hearthflame|Grassy Glide|p1b: Salamence\n|-resisted|p1b: Salamence\n|-damage|p1b: Salamence|0 fnt\n|faint|p1b: Salamence\n|\n|win|UrshifuIncarnate\n|raw|RegidracoMalfoy's rating: 1403 &rarr; <strong>1379<\/strong><br \/>(-24 for losing)\n|raw|UrshifuIncarnate's rating: 1336 &rarr; <strong>1360<\/strong><br \/>(+24 for winning)\n|c|\u2606RegidracoMalfoy|gg\n|l|\u2606RegidracoMalfoy\n","uploadtime":1699890309,"views":10,"p1id":"regidracomalfoy","p2id":"urshifuincarnate","formatid":"gen9vgc2023regulatione","rating":1360,"private":0,"password":""}