{"id":"gen9vgc2023regulatione-1994218778","p1":"Yae Miko simp2","p2":"KillJoy3579","format":"[Gen 9] VGC 2023 Regulation E","log":"|j|\u2606Yae Miko simp2\n|j|\u2606KillJoy3579\n|n|\u2606Yae Miko simp2|yaemikosimp2\n|n|\u2606KillJoy3579|killjoy3579\n|html|View the match progress at <a href=\"\/game-bestof3-gen9vgc2023regulatione-1994218777\">game-bestof3-gen9vgc2023regulatione-1994218777<\/a>\n|t:|1700420168\n|gametype|doubles\n|player|p1|Yae Miko simp2|169|\n|player|p2|KillJoy3579|pokemonranger-gen4|\n|teamsize|p1|6\n|teamsize|p2|6\n|gen|9\n|tier|[Gen 9] VGC 2023 Regulation E\n|rule|Species Clause: Limit one of each Pok\u00e9mon\n|rule|Item Clause: Limit one of each item\n|clearpoke\n|poke|p1|Ogerpon-Hearthflame, L50, F|\n|poke|p1|Sandy Shocks, L50|\n|poke|p1|Sinistcha, L50|\n|poke|p1|Palafin, L50, M|\n|poke|p1|Espathra, L50, M|\n|poke|p1|Ribombee, L50, F|\n|poke|p2|Ursaluna, L50, M|\n|poke|p2|Cresselia, L50, F|\n|poke|p2|Sableye, L50, F|\n|poke|p2|Zapdos, L50|\n|poke|p2|Samurott-Hisui, L50, M|\n|poke|p2|Dipplin, L50, M|\n|teampreview|4\n|c|\u2606Yae Miko simp2|https:\/\/pokepast.es\/40f0d40d20bdb278\n|c|\u2606Yae Miko simp2|gl hf\nKillJoy3579 rejected open team sheets.\n|c|\u2606KillJoy3579|https:\/\/pokepast.es\/4a99b086b260c658\n|c|\u2606KillJoy3579|Game 1 gl hf\n|\n|t:|1700420271\n|start\n|switch|p1a: Ogerpon|Ogerpon-Hearthflame, L50, F|100\/100\n|switch|p1b: Sandy Shocks|Sandy Shocks, L50|100\/100\n|switch|p2a: Sableye|Sableye, L50, F, shiny|100\/100\n|switch|p2b: Zapdos|Zapdos, L50, shiny|100\/100\n|-ability|p1a: Ogerpon|Mold Breaker\n|-enditem|p1b: Sandy Shocks|Booster Energy\n|-activate|p1b: Sandy Shocks|ability: Protosynthesis|[fromitem]\n|-start|p1b: Sandy Shocks|protosynthesisspa\n|turn|1\n|\n|t:|1700420297\n|-terastallize|p1a: Ogerpon|Fire\n|detailschange|p1a: Ogerpon|Ogerpon-Hearthflame-Tera, L50, F, tera:Fire\n|-ability|p1a: Ogerpon|Embody Aspect (Hearthflame)|boost\n|-boost|p1a: Ogerpon|atk|1\n|move|p2a: Sableye|Rain Dance|p2a: Sableye\n|-weather|RainDance\n|move|p1b: Sandy Shocks|Gravity|p1b: Sandy Shocks\n|-fieldstart|move: Gravity\n|move|p1a: Ogerpon|Ivy Cudgel|p2a: Sableye|[anim] Ivy Cudgel Fire\n|-damage|p2a: Sableye|32\/100\n|move|p2b: Zapdos|Tailwind|p2b: Zapdos\n|-sidestart|p2: KillJoy3579|move: Tailwind\n|\n|-weather|RainDance|[upkeep]\n|upkeep\n|turn|2\n|\n|t:|1700420319\n|switch|p1a: Palafin|Palafin, L50, M|100\/100\n|switch|p2a: Samurott|Samurott-Hisui, L50, M, shiny|100\/100\n|move|p2b: Zapdos|Hurricane|p1a: Palafin\n|-damage|p1a: Palafin|51\/100\n|-start|p1a: Palafin|confusion\n|move|p1b: Sandy Shocks|Earth Power|p2b: Zapdos\n|-supereffective|p2b: Zapdos\n|-damage|p2b: Zapdos|0 fnt\n|faint|p2b: Zapdos\n|\n|-weather|RainDance|[upkeep]\n|upkeep\n|\n|t:|1700420335\n|switch|p2b: Dipplin|Dipplin, L50, M, shiny|100\/100\n|turn|3\n|\n|t:|1700420379\n|detailschange|p1a: Palafin|Palafin-Hero, L50, M\n|switch|p1a: Ogerpon|Ogerpon-Hearthflame-Tera, L50, F, tera:Fire|100\/100\n|-ability|p1a: Ogerpon|Embody Aspect (Hearthflame)|boost\n|-boost|p1a: Ogerpon|atk|1\n|-terastallize|p2a: Samurott|Dark\n|move|p2a: Samurott|Aqua Cutter|p1b: Sandy Shocks\n|-supereffective|p1b: Sandy Shocks\n|-damage|p1b: Sandy Shocks|0 fnt\n|faint|p1b: Sandy Shocks\n|-end|p1b: Sandy Shocks|Protosynthesis|[silent]\n|move|p2b: Dipplin|Energy Ball|p1a: Ogerpon\n|-resisted|p1a: Ogerpon\n|-damage|p1a: Ogerpon|75\/100\n|\n|-weather|RainDance|[upkeep]\n|upkeep\n|\n|t:|1700420388\n|switch|p1b: Sinistcha|Sinistcha, L50|100\/100\n|-heal|p1a: Ogerpon|99\/100|[from] ability: Hospitality|[of] p1b: Sinistcha\n|turn|4\n|\n|t:|1700420408\n|move|p1a: Ogerpon|Spiky Shield|p1a: Ogerpon\n|-singleturn|p1a: Ogerpon|move: Protect\n|move|p2a: Samurott|Ceaseless Edge|p1b: Sinistcha\n|-supereffective|p1b: Sinistcha\n|-damage|p1b: Sinistcha|4\/100\n|-sidestart|p1: Yae Miko simp2|Spikes\n|move|p2b: Dipplin|Dragon Pulse|p1a: Ogerpon\n|-activate|p1a: Ogerpon|move: Protect\n|move|p1b: Sinistcha|Matcha Gotcha|p2b: Dipplin|[spread] p2a,p2b\n|-resisted|p2b: Dipplin\n|-damage|p2a: Samurott|70\/100\n|-heal|p1b: Sinistcha|20\/100|[from] drain|[of] p2a: Samurott\n|-damage|p2b: Dipplin|96\/100\n|-heal|p1b: Sinistcha|23\/100|[from] drain|[of] p2b: Dipplin\n|\n|-weather|RainDance|[upkeep]\n|-heal|p1b: Sinistcha|29\/100|[from] item: Leftovers\n|-sideend|p2: KillJoy3579|move: Tailwind\n|upkeep\n|turn|5\n|\n|t:|1700420445\n|move|p1b: Sinistcha|Protect|p1b: Sinistcha\n|-singleturn|p1b: Sinistcha|Protect\n|move|p1a: Ogerpon|Horn Leech|p2a: Samurott\n|-damage|p2a: Samurott|0 fnt\n|-heal|p1a: Ogerpon|100\/100|[from] drain|[of] p2a: Samurott\n|faint|p2a: Samurott\n|move|p2b: Dipplin|Pollen Puff|p2: Samurott|[notarget]\n|-fail|p2b: Dipplin\n|\n|-weather|RainDance|[upkeep]\n|-heal|p1b: Sinistcha|35\/100|[from] item: Leftovers\n|-fieldend|move: Gravity\n|upkeep\n|\n|t:|1700420454\n|switch|p2a: Sableye|Sableye, L50, F, shiny|32\/100\n|turn|6\n|\n|t:|1700420469\n|move|p2a: Sableye|Fake Out|p1a: Ogerpon\n|-damage|p1a: Ogerpon|91\/100\n|cant|p1a: Ogerpon|flinch\n|move|p1b: Sinistcha|Matcha Gotcha|p2b: Dipplin|[spread] p2a\n|-miss|p1b: Sinistcha|p2b: Dipplin\n|-damage|p2a: Sableye|0 fnt\n|-heal|p1b: Sinistcha|49\/100|[from] drain|[of] p2a: Sableye\n|faint|p2a: Sableye\n|move|p2b: Dipplin|Pollen Puff|p1b: Sinistcha\n|-damage|p1b: Sinistcha|15\/100\n|\n|-weather|RainDance|[upkeep]\n|-heal|p1b: Sinistcha|21\/100|[from] item: Leftovers\n|upkeep\n|turn|7\n|c|\u2606KillJoy3579|gg\n|\n|t:|1700420494\n|move|p1a: Ogerpon|Ivy Cudgel|p2b: Dipplin|[anim] Ivy Cudgel Fire\n|-damage|p2b: Dipplin|59\/100\n|move|p1b: Sinistcha|Matcha Gotcha|p2b: Dipplin\n|-resisted|p2b: Dipplin\n|-crit|p2b: Dipplin\n|-damage|p2b: Dipplin|51\/100\n|-heal|p1b: Sinistcha|26\/100|[from] drain|[of] p2b: Dipplin\n|move|p2b: Dipplin|Pollen Puff|p1b: Sinistcha\n|-crit|p1b: Sinistcha\n|-damage|p1b: Sinistcha|0 fnt\n|faint|p1b: Sinistcha\n|\n|-weather|RainDance|[upkeep]\n|upkeep\n|\n|t:|1700420506\n|switch|p1b: Palafin|Palafin-Hero, L50, M|51\/100\n|-damage|p1b: Palafin|39\/100|[from] Spikes\n|-activate|p1b: Palafin|ability: Zero to Hero\n|turn|8\n|\n|t:|1700420516\n|move|p1a: Ogerpon|Ivy Cudgel|p2b: Dipplin|[anim] Ivy Cudgel Fire\n|-damage|p2b: Dipplin|12\/100\n|move|p1b: Palafin|Wave Crash|p2b: Dipplin\n|-resisted|p2b: Dipplin\n|-damage|p2b: Dipplin|0 fnt\n|faint|p2b: Dipplin\n|-damage|p1b: Palafin|36\/100|[from] Recoil\n|\n|win|Yae Miko simp2\n|c|\u2606Yae Miko simp2|gg\n|inactive|Yae Miko simp2 has 49 seconds to confirm battle start!\n|inactive|KillJoy3579 has 49 seconds to confirm battle start!\n|c|&|\/uhtml prompt-yaemikosimp2,Yae Miko simp2 is ready for game 2!\n|inactive|KillJoy3579 has 39 seconds to confirm battle start!\n|inactive|KillJoy3579 has 29 seconds to confirm battle start!\n|c|&|\/uhtml prompt-killjoy3579,KillJoy3579 is ready for game 2!\nBoth players are ready! Starting next match!\n","uploadtime":1700420530,"views":7,"p1id":"yaemikosimp2","p2id":"killjoy3579","formatid":"gen9vgc2023regulatione","rating":0,"private":0,"password":""}