{"id":"gen9vgc2023regulatione-1997359205","p1":"Evasionx","p2":"casper6_14","format":"[Gen 9] VGC 2023 Regulation E","log":"|j|\u2606Evasionx\n|j|\u2606casper6_14\n|t:|1700793900\n|gametype|doubles\n|player|p1|Evasionx|102|1137\n|player|p2|casper6_14|101|1052\n|teamsize|p1|6\n|teamsize|p2|6\n|gen|9\n|tier|[Gen 9] VGC 2023 Regulation E\n|rated|\n|rule|Species Clause: Limit one of each Pok\u00e9mon\n|rule|Item Clause: Limit one of each item\n|clearpoke\n|poke|p1|Rillaboom, L50, M|\n|poke|p1|Volcarona, L50, M|\n|poke|p1|Corviknight, L50, M|\n|poke|p1|Raichu, L50, F|\n|poke|p1|Gyarados, L50, M|\n|poke|p1|Ogerpon-Wellspring, L50, F|\n|poke|p2|Dragonite, L50, F|\n|poke|p2|Kingambit, L50, M|\n|poke|p2|Heatran, L50, F|\n|poke|p2|Regieleki, L50|\n|poke|p2|Gholdengo, L50|\n|poke|p2|Landorus-Therian, L50, M|\n|teampreview|4\n|\n|t:|1700793928\n|start\n|switch|p1a: Raichu|Raichu, L50, F|100\/100\n|switch|p1b: Gyarados|Gyarados, L50, M|100\/100\n|switch|p2a: Regieleki|Regieleki, L50|100\/100\n|switch|p2b: Landorus|Landorus-Therian, L50, M|100\/100\n|-ability|p2b: Landorus|Intimidate|boost\n|-unboost|p1a: Raichu|atk|1\n|-unboost|p1b: Gyarados|atk|1\n|-ability|p1b: Gyarados|Intimidate|boost\n|-unboost|p2a: Regieleki|atk|1\n|-unboost|p2b: Landorus|atk|1\n|turn|1\n|\n|t:|1700793966\n|switch|p1b: Rillaboom|Rillaboom, L50, M|100\/100\n|-fieldstart|move: Grassy Terrain|[from] ability: Grassy Surge|[of] p1b: Rillaboom\n|-terastallize|p2b: Landorus|Ghost\n|move|p1a: Raichu|Fake Out|p2b: Landorus\n|-immune|p2b: Landorus\n|move|p2a: Regieleki|Electroweb|p1b: Rillaboom|[spread] p1b\n|-ability|p1a: Raichu|Lightning Rod|boost\n|-boost|p1a: Raichu|spa|1\n|-resisted|p1b: Rillaboom\n|-damage|p1b: Rillaboom|93\/100\n|-unboost|p1b: Rillaboom|spe|1\n|move|p2b: Landorus|Stomping Tantrum|p1a: Raichu\n|-supereffective|p1a: Raichu\n|-enditem|p1a: Raichu|Focus Sash\n|-damage|p1a: Raichu|1\/100\n|\n|-heal|p1a: Raichu|7\/100|[from] Grassy Terrain\n|-heal|p1b: Rillaboom|99\/100|[from] Grassy Terrain\n|upkeep\n|turn|2\n|\n|t:|1700794006\n|switch|p2b: Dragonite|Dragonite, L50, F|100\/100\n|move|p1b: Rillaboom|Fake Out|p2a: Regieleki\n|-damage|p2a: Regieleki|76\/100\n|cant|p2a: Regieleki|flinch\n|move|p1a: Raichu|Volt Switch|p2b: Dragonite\n|-damage|p2b: Dragonite|80\/100\n|\n|t:|1700794018\n|switch|p1a: Gyarados|Gyarados, L50, M|100\/100|[from] Volt Switch\n|-ability|p1a: Gyarados|Intimidate|boost\n|-unboost|p2a: Regieleki|atk|1\n|-fail|p2b: Dragonite|unboost|[from] item: Clear Amulet|[of] p2b: Dragonite\n|\n|-heal|p2a: Regieleki|82\/100|[from] Grassy Terrain\n|-heal|p1b: Rillaboom|100\/100|[from] Grassy Terrain\n|upkeep\n|turn|3\n|\n|t:|1700794037\n|move|p1a: Gyarados|Helping Hand|p1b: Rillaboom\n|-singleturn|p1b: Rillaboom|Helping Hand|[of] p1a: Gyarados\n|move|p2a: Regieleki|Electroweb|p1a: Gyarados|[spread] p1a,p1b\n|-supereffective|p1a: Gyarados\n|-resisted|p1b: Rillaboom\n|-damage|p1a: Gyarados|39\/100\n|-damage|p1b: Rillaboom|93\/100\n|-unboost|p1a: Gyarados|spe|1\n|-unboost|p1b: Rillaboom|spe|1\n|move|p2b: Dragonite|Outrage|p1b: Rillaboom\n|-damage|p1b: Rillaboom|34\/100\n|move|p1b: Rillaboom|Wood Hammer|p2b: Dragonite\n|-resisted|p2b: Dragonite\n|-damage|p2b: Dragonite|50\/100\n|-damage|p1b: Rillaboom|25\/100|[from] Recoil\n|\n|-heal|p2a: Regieleki|87\/100|[from] Grassy Terrain\n|-heal|p1b: Rillaboom|31\/100|[from] Grassy Terrain\n|upkeep\n|turn|4\n|\n|t:|1700794083\n|switch|p1a: Raichu|Raichu, L50, F|7\/100\n|move|p2a: Regieleki|Electroweb|p1a: Raichu|[spread] p1b\n|-ability|p1a: Raichu|Lightning Rod|boost\n|-boost|p1a: Raichu|spa|1\n|-resisted|p1b: Rillaboom\n|-damage|p1b: Rillaboom|24\/100\n|-unboost|p1b: Rillaboom|spe|1\n|move|p2b: Dragonite|Outrage|p1b: Rillaboom|[from]lockedmove\n|-damage|p1b: Rillaboom|0 fnt\n|faint|p1b: Rillaboom\n|-start|p2b: Dragonite|confusion|[fatigue]\n|\n|-heal|p2a: Regieleki|93\/100|[from] Grassy Terrain\n|-heal|p1a: Raichu|13\/100|[from] Grassy Terrain\n|upkeep\n|\n|t:|1700794100\n|switch|p1b: Volcarona|Volcarona, L50, M|100\/100\n|turn|5\n|\n|t:|1700794117\n|move|p1a: Raichu|Fake Out|p2b: Dragonite\n|-damage|p2b: Dragonite|40\/100\n|cant|p2b: Dragonite|flinch\n|move|p2a: Regieleki|Electroweb|p1a: Raichu|[spread] p1b\n|-ability|p1a: Raichu|Lightning Rod|boost\n|-boost|p1a: Raichu|spa|1\n|-damage|p1b: Volcarona|82\/100\n|-unboost|p1b: Volcarona|spe|1\n|move|p1b: Volcarona|Quiver Dance|p1b: Volcarona\n|-boost|p1b: Volcarona|spa|1\n|-boost|p1b: Volcarona|spd|1\n|-boost|p1b: Volcarona|spe|1\n|\n|-heal|p2a: Regieleki|99\/100|[from] Grassy Terrain\n|-heal|p1a: Raichu|19\/100|[from] Grassy Terrain\n|-heal|p1b: Volcarona|88\/100|[from] Grassy Terrain\n|-heal|p1b: Volcarona|94\/100|[from] item: Leftovers\n|-fieldend|move: Grassy Terrain\n|upkeep\n|turn|6\n|\n|t:|1700794162\n|-terastallize|p1b: Volcarona|Ground\n|-activate|p2b: Dragonite|confusion\n|move|p2b: Dragonite|Extreme Speed|p1a: Raichu\n|-damage|p1a: Raichu|0 fnt\n|faint|p1a: Raichu\n|move|p2a: Regieleki|Electroweb|p1b: Volcarona\n|-immune|p1b: Volcarona\n|move|p1b: Volcarona|Heat Wave|p2a: Regieleki|[spread] p2a,p2b\n|-resisted|p2b: Dragonite\n|-crit|p2b: Dragonite\n|-damage|p2a: Regieleki|13\/100\n|-damage|p2b: Dragonite|2\/100\n|-status|p2a: Regieleki|brn\n|\n|-heal|p1b: Volcarona|100\/100|[from] item: Leftovers\n|-damage|p2a: Regieleki|7\/100 brn|[from] brn\n|upkeep\n|\n|t:|1700794176\n|switch|p1a: Gyarados|Gyarados, L50, M|39\/100\n|-ability|p1a: Gyarados|Intimidate|boost\n|-unboost|p2a: Regieleki|atk|1\n|-fail|p2b: Dragonite|unboost|[from] item: Clear Amulet|[of] p2b: Dragonite\n|turn|7\n|\n|t:|1700794216\n|move|p2a: Regieleki|Electroweb|p1a: Gyarados|[spread] p1a\n|-immune|p1b: Volcarona\n|-supereffective|p1a: Gyarados\n|-damage|p1a: Gyarados|0 fnt\n|faint|p1a: Gyarados\n|move|p1b: Volcarona|Heat Wave|p2b: Dragonite|[spread] p2a,p2b\n|-resisted|p2b: Dragonite\n|-damage|p2a: Regieleki|0 fnt\n|-damage|p2b: Dragonite|0 fnt\n|faint|p2a: Regieleki\n|faint|p2b: Dragonite\n|\n|upkeep\n|\n|t:|1700794223\n|switch|p2a: Landorus|Landorus-Therian, L50, M, tera:Ghost|100\/100\n|switch|p2b: Heatran|Heatran, L50, F|100\/100\n|-ability|p2a: Landorus|Intimidate|boost\n|-unboost|p1b: Volcarona|atk|1\n|turn|8\n|\n|t:|1700794239\n|move|p1b: Volcarona|Tera Blast|p2b: Heatran|[anim] Tera Blast Ground\n|-supereffective|p2b: Heatran\n|-damage|p2b: Heatran|0 fnt\n|faint|p2b: Heatran\n|move|p2a: Landorus|U-turn|p1b: Volcarona\n|-damage|p1b: Volcarona|51\/100\n|\n|-heal|p1b: Volcarona|57\/100|[from] item: Leftovers\n|upkeep\n|turn|9\n|\n|t:|1700794247\n|move|p1b: Volcarona|Protect|p1b: Volcarona\n|-singleturn|p1b: Volcarona|Protect\n|move|p2a: Landorus|U-turn|p1b: Volcarona\n|-activate|p1b: Volcarona|move: Protect\n|\n|-heal|p1b: Volcarona|64\/100|[from] item: Leftovers\n|upkeep\n|turn|10\n|\n|t:|1700794256\n|move|p1b: Volcarona|Tera Blast|p2a: Landorus|[anim] Tera Blast Ground\n|-damage|p2a: Landorus|30\/100\n|move|p2a: Landorus|U-turn|p1b: Volcarona\n|-damage|p1b: Volcarona|10\/100\n|-status|p2a: Landorus|brn|[from] ability: Flame Body|[of] p1b: Volcarona\n|\n|-heal|p1b: Volcarona|17\/100|[from] item: Leftovers\n|-damage|p2a: Landorus|24\/100 brn|[from] brn\n|upkeep\n|turn|11\n|\n|t:|1700794265\n|move|p1b: Volcarona|Protect|p1b: Volcarona\n|-singleturn|p1b: Volcarona|Protect\n|move|p2a: Landorus|U-turn|p1b: Volcarona\n|-activate|p1b: Volcarona|move: Protect\n|\n|-heal|p1b: Volcarona|23\/100|[from] item: Leftovers\n|-damage|p2a: Landorus|18\/100 brn|[from] brn\n|upkeep\n|turn|12\n|\n|t:|1700794277\n|move|p1b: Volcarona|Tera Blast|p2a: Landorus|[anim] Tera Blast Ground\n|-crit|p2a: Landorus\n|-damage|p2a: Landorus|0 fnt\n|faint|p2a: Landorus\n|\n|win|Evasionx\n|raw|Evasionx's rating: 1137 &rarr; <strong>1156<\/strong><br \/>(+19 for winning)\n|raw|casper6_14's rating: 1052 &rarr; <strong>1038<\/strong><br \/>(-14 for losing)\n|l|\u2606casper6_14\n|c|\u2606Evasionx|gg\n","uploadtime":1700794290,"views":10,"p1id":"evasionx","p2id":"casper614","formatid":"gen9vgc2023regulatione","rating":1038,"private":0,"password":""}