{"id":"gen9vgc2023regulatione-1993470892","p1":"akfgrewrite","p2":"Mortipherus","format":"[Gen 9] VGC 2023 Regulation E","log":"|j|\u2606akfgrewrite\n|j|\u2606Mortipherus\n|t:|1700321889\n|gametype|doubles\n|player|p1|akfgrewrite|guitarist|1216\n|player|p2|Mortipherus|biker-gen4|1262\n|teamsize|p1|6\n|teamsize|p2|6\n|gen|9\n|tier|[Gen 9] VGC 2023 Regulation E\n|rated|\n|rule|Species Clause: Limit one of each Pok\u00e9mon\n|rule|Item Clause: Limit one of each item\n|clearpoke\n|poke|p1|Urshifu-*, L50, F|\n|poke|p1|Farigiraf, L50, F|\n|poke|p1|Clefairy, L50, M|\n|poke|p1|Ogerpon-Hearthflame, L50, F|\n|poke|p1|Ursaluna-Bloodmoon, L50, M|\n|poke|p1|Okidogi, L50, M|\n|poke|p2|Ursaluna-Bloodmoon, L50, M|\n|poke|p2|Iron Hands, L50|\n|poke|p2|Flutter Mane, L50|\n|poke|p2|Urshifu-*, L50, M|\n|poke|p2|Ogerpon-Cornerstone, L50, F|\n|poke|p2|Farigiraf, L50, M|\n|teampreview|4\n|inactive|Battle timer is ON: inactive players will automatically lose when time's up. (requested by Mortipherus)\nMortipherus has agreed to open team sheets.\n|\n|t:|1700321920\n|start\n|switch|p1a: Urshifu|Urshifu-Rapid-Strike, L50, F|100\/100\n|switch|p1b: Farigiraf|Farigiraf, L50, F|100\/100\n|switch|p2a: Ogerpon|Ogerpon-Cornerstone, L50, F|100\/100\n|switch|p2b: Farigiraf|Farigiraf, L50, M|100\/100\n|turn|1\n|inactive|akfgrewrite has 30 seconds left.\n|inactive|akfgrewrite has 20 seconds left.\n|\n|t:|1700321956\n|-terastallize|p1a: Urshifu|Water\n|move|p2a: Ogerpon|Spiky Shield|p2a: Ogerpon\n|-singleturn|p2a: Ogerpon|move: Protect\n|move|p1a: Urshifu|Surging Strikes|p2a: Ogerpon\n|-crit|p2a: Ogerpon\n|-damage|p2a: Ogerpon|73\/100\n|-crit|p2a: Ogerpon\n|-damage|p2a: Ogerpon|46\/100\n|-crit|p2a: Ogerpon\n|-damage|p2a: Ogerpon|20\/100\n|-hitcount|p2a: Ogerpon|3\n|move|p1b: Farigiraf|Psychic|p2a: Ogerpon\n|-activate|p2a: Ogerpon|move: Protect\n|move|p2b: Farigiraf|Psychic|p1a: Urshifu\n|-damage|p1a: Urshifu|42\/100\n|\n|upkeep\n|turn|2\n|inactive|akfgrewrite has 30 seconds left.\n|\n|t:|1700321987\n|move|p2a: Ogerpon|Follow Me|p2a: Ogerpon\n|-singleturn|p2a: Ogerpon|move: Follow Me\n|move|p1a: Urshifu|Surging Strikes|p2a: Ogerpon\n|-crit|p2a: Ogerpon\n|-damage|p2a: Ogerpon|0 fnt\n|faint|p2a: Ogerpon\n|-hitcount|p2: Ogerpon|1\n|move|p1b: Farigiraf|Psychic|p2b: Farigiraf\n|-resisted|p2b: Farigiraf\n|-damage|p2b: Farigiraf|80\/100\n|-unboost|p2b: Farigiraf|spd|1\n|move|p2b: Farigiraf|Trick Room|p2b: Farigiraf\n|-fieldstart|move: Trick Room|[of] p2b: Farigiraf\n|\n|upkeep\n|\n|t:|1700322000\n|switch|p2a: Ursaluna|Ursaluna-Bloodmoon, L50, M|100\/100\n|turn|3\n|\n|t:|1700322020\n|switch|p1a: Okidogi|Okidogi, L50, M|100\/100\n|-terastallize|p2a: Ursaluna|Normal\n|move|p2b: Farigiraf|Helping Hand|p2a: Ursaluna\n|-singleturn|p2a: Ursaluna|Helping Hand|[of] p2b: Farigiraf\n|move|p2a: Ursaluna|Hyper Voice|p1b: Farigiraf|[spread] p1a,p1b\n|-damage|p1a: Okidogi|40\/100\n|-damage|p1b: Farigiraf|4\/100\n|-enditem|p1b: Farigiraf|Sitrus Berry|[eat]\n|-heal|p1b: Farigiraf|29\/100|[from] item: Sitrus Berry\n|-damage|p2a: Ursaluna|90\/100|[from] item: Life Orb\n|move|p1b: Farigiraf|Dazzling Gleam|p2a: Ursaluna|[spread] p2a,p2b\n|-damage|p2a: Ursaluna|71\/100\n|-damage|p2b: Farigiraf|54\/100\n|\n|upkeep\n|turn|4\n|inactive|akfgrewrite has 30 seconds left.\n|\n|t:|1700322045\n|move|p2b: Farigiraf|Helping Hand|p2a: Ursaluna\n|-singleturn|p2a: Ursaluna|Helping Hand|[of] p2b: Farigiraf\n|move|p2a: Ursaluna|Hyper Voice|p1b: Farigiraf|[spread] p1a,p1b\n|-damage|p1a: Okidogi|0 fnt\n|-damage|p1b: Farigiraf|0 fnt\n|faint|p1a: Okidogi\n|faint|p1b: Farigiraf\n|-damage|p2a: Ursaluna|61\/100|[from] item: Life Orb\n|\n|upkeep\n|\n|t:|1700322058\n|switch|p1b: Ogerpon|Ogerpon-Hearthflame, L50, F|100\/100\n|switch|p1a: Urshifu|Urshifu-Rapid-Strike, L50, F, tera:Water|42\/100\n|-ability|p1b: Ogerpon|Mold Breaker\n|turn|5\n|\n|t:|1700322071\n|move|p2b: Farigiraf|Helping Hand|p2a: Ursaluna\n|-singleturn|p2a: Ursaluna|Helping Hand|[of] p2b: Farigiraf\n|move|p2a: Ursaluna|Hyper Voice|p1b: Ogerpon|[spread] p1a,p1b\n|-damage|p1a: Urshifu|0 fnt\n|-damage|p1b: Ogerpon|0 fnt\n|faint|p1a: Urshifu\n|faint|p1b: Ogerpon\n|-damage|p2a: Ursaluna|51\/100|[from] item: Life Orb\n|\n|win|Mortipherus\n|raw|akfgrewrite's rating: 1216 &rarr; <strong>1194<\/strong><br \/>(-22 for losing)\n|raw|Mortipherus's rating: 1262 &rarr; <strong>1284<\/strong><br \/>(+22 for winning)\n|l|\u2606akfgrewrite\n","uploadtime":1700322084,"views":12,"p1id":"akfgrewrite","p2id":"mortipherus","formatid":"gen9vgc2023regulatione","rating":1194,"private":0,"password":""}