{"id":"gen9vgc2023regulatione-1999853104","p1":"lasty42","p2":"Fernanch","format":"[Gen 9] VGC 2023 Regulation E","log":"|j|\u2606lasty42\n|j|\u2606Fernanch\n|n|\u2606lasty42|lasty42\n|n|\u2606Fernanch|fernanch\n|html|View the match progress at <a href=\"\/game-bestof3-gen9vgc2023regulatione-1999851394\">game-bestof3-gen9vgc2023regulatione-1999851394<\/a>\n|t:|1701122927\n|gametype|doubles\n|player|p1|lasty42|crasherwake|\n|player|p2|Fernanch|waiter-gen4dp|\n|teamsize|p1|6\n|teamsize|p2|6\n|gen|9\n|tier|[Gen 9] VGC 2023 Regulation E\n|rule|Species Clause: Limit one of each Pok\u00e9mon\n|rule|Item Clause: Limit one of each item\n|clearpoke\n|poke|p1|Moltres-Galar, L50|\n|poke|p1|Munkidori, L50, M|\n|poke|p1|Sinistcha, L50|\n|poke|p1|Ninetales-Alola, L50, F|\n|poke|p1|Iron Moth, L50|\n|poke|p1|Landorus-Therian, L50, M|\n|poke|p2|Chi-Yu, L50|\n|poke|p2|Flutter Mane, L50|\n|poke|p2|Amoonguss, L50, M|\n|poke|p2|Pawmot, L50, M|\n|poke|p2|Golduck, L50, F|\n|poke|p2|Slaking, L50, M|\n|teampreview|4\n|inactive|Battle timer is ON: inactive players will automatically lose when time's up. (requested by lasty42)\n|\n|t:|1701122952\n|start\n|switch|p1a: Munkidori|Munkidori, L50, M|100\/100\n|switch|p1b: Iron Moth|Iron Moth, L50|100\/100\n|switch|p2a: Golduck|Golduck, L50, F|100\/100\n|switch|p2b: Slaking|Slaking, L50, M|100\/100\n|-item|p2a: Golduck|Focus Sash|[from] ability: Frisk|[of] p1a: Munkidori|[identify]\n|-item|p2b: Slaking|Leftovers|[from] ability: Frisk|[of] p1a: Munkidori|[identify]\n|-ability|p2a: Golduck|Cloud Nine\n|-enditem|p1b: Iron Moth|Booster Energy\n|-activate|p1b: Iron Moth|ability: Quark Drive|[fromitem]\n|-start|p1b: Iron Moth|quarkdrivespe\n|turn|1\n|inactive|lasty42 has 30 seconds left.\n|inactive|lasty42 has 20 seconds left.\n|\n|t:|1701122987\n|move|p1b: Iron Moth|Protect|p1b: Iron Moth\n|-singleturn|p1b: Iron Moth|Protect\n|move|p1a: Munkidori|Fake Out|p2a: Golduck\n|-damage|p2a: Golduck|91\/100\n|cant|p2a: Golduck|flinch\n|move|p2b: Slaking|Substitute|p2b: Slaking\n|-start|p2b: Slaking|Substitute\n|-damage|p2b: Slaking|76\/100\n|\n|-heal|p2b: Slaking|82\/100|[from] item: Leftovers\n|upkeep\n|turn|2\n|inactive|Fernanch has 30 seconds left.\n|inactive|Fernanch has 20 seconds left.\n|inactive|Fernanch has 15 seconds left.\n|inactive|Fernanch has 10 seconds left.\n|inactive|Fernanch has 5 seconds left.\n|\n|t:|1701123042\n|-terastallize|p1b: Iron Moth|Grass\n|move|p1b: Iron Moth|Energy Ball|p2a: Golduck\n|-supereffective|p2a: Golduck\n|-damage|p2a: Golduck|0 fnt\n|faint|p2a: Golduck\n|move|p1a: Munkidori|Parting Shot|p2b: Slaking\n|-unboost|p2b: Slaking|atk|1\n|-unboost|p2b: Slaking|spa|1\n|\n|t:|1701123051\n|switch|p1a: Moltres|Moltres-Galar, L50, shiny|100\/100|[from] Parting Shot\n|cant|p2b: Slaking|ability: Truant\n|\n|-heal|p2b: Slaking|88\/100|[from] item: Leftovers\n|upkeep\n|\n|t:|1701123074\n|switch|p2a: Flutter Mane|Flutter Mane, L50, shiny|100\/100\n|-enditem|p2a: Flutter Mane|Booster Energy\n|-activate|p2a: Flutter Mane|ability: Protosynthesis|[fromitem]\n|-start|p2a: Flutter Mane|protosynthesisspe\n|turn|3\n|\n|t:|1701123092\n|-terastallize|p2a: Flutter Mane|Fairy\n|move|p2a: Flutter Mane|Dazzling Gleam|p1b: Iron Moth|[spread] p1a,p1b\n|-supereffective|p1a: Moltres\n|-damage|p1a: Moltres|37\/100\n|-damage|p1b: Iron Moth|58\/100\n|-ability|p1a: Moltres|Berserk|boost\n|-boost|p1a: Moltres|spa|1\n|-enditem|p1a: Moltres|Sitrus Berry|[eat]\n|-heal|p1a: Moltres|62\/100|[from] item: Sitrus Berry\n|move|p1b: Iron Moth|Energy Ball|p2a: Flutter Mane\n|-damage|p2a: Flutter Mane|51\/100\n|move|p2b: Slaking|Body Slam|p1a: Moltres\n|-damage|p1a: Moltres|35\/100\n|-ability|p1a: Moltres|Berserk|boost\n|-boost|p1a: Moltres|spa|1\n|move|p1a: Moltres|Nasty Plot|p1a: Moltres\n|-boost|p1a: Moltres|spa|2\n|\n|-heal|p2b: Slaking|94\/100|[from] item: Leftovers\n|upkeep\n|turn|4\n|\n|t:|1701123113\n|move|p2a: Flutter Mane|Protect|p2a: Flutter Mane\n|-singleturn|p2a: Flutter Mane|Protect\n|move|p1a: Moltres|Protect|p1a: Moltres\n|-singleturn|p1a: Moltres|Protect\n|move|p1b: Iron Moth|Overheat|p2a: Flutter Mane\n|-activate|p2a: Flutter Mane|move: Protect\n|cant|p2b: Slaking|ability: Truant\n|\n|-heal|p2b: Slaking|100\/100|[from] item: Leftovers\n|upkeep\n|turn|5\n|\n|t:|1701123124\n|-end|p1b: Iron Moth|Quark Drive|[silent]\n|switch|p1b: Sinistcha|Sinistcha, L50|100\/100\n|-heal|p1a: Moltres|60\/100|[from] ability: Hospitality|[of] p1b: Sinistcha\n|move|p2a: Flutter Mane|Dazzling Gleam|p1a: Moltres|[spread] p1a,p1b\n|-supereffective|p1a: Moltres\n|-damage|p1a: Moltres|0 fnt\n|-damage|p1b: Sinistcha|62\/100\n|faint|p1a: Moltres\n|move|p2b: Slaking|Body Slam|p1b: Sinistcha\n|-immune|p1b: Sinistcha\n|\n|upkeep\n|\n|t:|1701123132\n|switch|p1a: Munkidori|Munkidori, L50, M|100\/100\n|-item|p2b: Slaking|Leftovers|[from] ability: Frisk|[of] p1a: Munkidori|[identify]\n|turn|6\n|\n|t:|1701123144\n|switch|p2b: Amoonguss|Amoonguss, L50, M|100\/100\n|move|p2a: Flutter Mane|Protect|p2a: Flutter Mane\n|-singleturn|p2a: Flutter Mane|Protect\n|move|p1a: Munkidori|Psychic|p2b: Amoonguss\n|-supereffective|p2b: Amoonguss\n|-damage|p2b: Amoonguss|38\/100\n|move|p1b: Sinistcha|Matcha Gotcha|p2b: Amoonguss|[spread] p2b\n|-activate|p2a: Flutter Mane|move: Protect\n|-resisted|p2b: Amoonguss\n|-damage|p2b: Amoonguss|34\/100\n|-heal|p1b: Sinistcha|64\/100|[from] drain|[of] p2b: Amoonguss\n|\n|upkeep\n|turn|7\n|\n|t:|1701123162\n|move|p2b: Amoonguss|Rage Powder|p2b: Amoonguss\n|-singleturn|p2b: Amoonguss|move: Rage Powder\n|move|p2a: Flutter Mane|Shadow Ball|p1a: Munkidori\n|-supereffective|p1a: Munkidori\n|-crit|p1a: Munkidori\n|-enditem|p1a: Munkidori|Focus Sash\n|-damage|p1a: Munkidori|1\/100\n|move|p1a: Munkidori|Sludge Bomb|p2b: Amoonguss\n|-damage|p2b: Amoonguss|1\/100\n|move|p1b: Sinistcha|Life Dew|p1b: Sinistcha|[spread] p1a,p1b\n|-heal|p1a: Munkidori|26\/100\n|-heal|p1b: Sinistcha|90\/100\n|\n|upkeep\n|turn|8\n|\n|t:|1701123181\n|move|p2a: Flutter Mane|Dazzling Gleam|p1b: Sinistcha|[spread] p1a,p1b\n|-resisted|p1a: Munkidori\n|-damage|p1a: Munkidori|2\/100\n|-damage|p1b: Sinistcha|47\/100\n|move|p1a: Munkidori|Parting Shot|p2a: Flutter Mane\n|-unboost|p2a: Flutter Mane|atk|1\n|-unboost|p2a: Flutter Mane|spa|1\n|\n|t:|1701123186\n|switch|p1a: Iron Moth|Iron Moth, L50, tera:Grass|58\/100|[from] Parting Shot\n|move|p1b: Sinistcha|Matcha Gotcha|p2b: Amoonguss|[spread] p2a,p2b\n|-resisted|p2b: Amoonguss\n|-damage|p2a: Flutter Mane|26\/100\n|-heal|p1b: Sinistcha|57\/100|[from] drain|[of] p2a: Flutter Mane\n|-damage|p2b: Amoonguss|0 fnt\n|-heal|p1b: Sinistcha|58\/100|[from] drain|[of] p2b: Amoonguss\n|-status|p2a: Flutter Mane|brn\n|faint|p2b: Amoonguss\n|\n|-damage|p2a: Flutter Mane|20\/100 brn|[from] brn\n|upkeep\n|\n|t:|1701123189\n|switch|p2b: Slaking|Slaking, L50, M|100\/100\n|turn|9\n|\n|t:|1701123204\n|move|p2a: Flutter Mane|Shadow Ball|p1b: Sinistcha\n|-supereffective|p1b: Sinistcha\n|-damage|p1b: Sinistcha|5\/100\n|move|p1a: Iron Moth|Acid Spray|p2b: Slaking\n|-damage|p2b: Slaking|87\/100\n|-unboost|p2b: Slaking|spd|2\n|move|p2b: Slaking|Body Slam|p1a: Iron Moth\n|-damage|p1a: Iron Moth|0 fnt\n|faint|p1a: Iron Moth\n|-end|p1a: Iron Moth|Quark Drive|[silent]\n|move|p1b: Sinistcha|Life Dew|p1b: Sinistcha\n|-heal|p1b: Sinistcha|30\/100\n|\n|-heal|p2b: Slaking|93\/100|[from] item: Leftovers\n|-damage|p2a: Flutter Mane|14\/100 brn|[from] brn\n|upkeep\n|\n|t:|1701123213\n|switch|p1a: Munkidori|Munkidori, L50, M|2\/100\n|-item|p2b: Slaking|Leftovers|[from] ability: Frisk|[of] p1a: Munkidori|[identify]\n|turn|10\n|\n|t:|1701123221\n|move|p2a: Flutter Mane|Protect|p2a: Flutter Mane\n|-singleturn|p2a: Flutter Mane|Protect\n|move|p1a: Munkidori|Fake Out|p2a: Flutter Mane\n|-activate|p2a: Flutter Mane|move: Protect\n|cant|p2b: Slaking|ability: Truant\n|move|p1b: Sinistcha|Matcha Gotcha|p2a: Flutter Mane|[spread] p2b\n|-activate|p2a: Flutter Mane|move: Protect\n|-damage|p2b: Slaking|64\/100\n|-heal|p1b: Sinistcha|52\/100|[from] drain|[of] p2b: Slaking\n|\n|-heal|p2b: Slaking|71\/100|[from] item: Leftovers\n|-damage|p2a: Flutter Mane|7\/100 brn|[from] brn\n|upkeep\n|turn|11\n|\n|t:|1701123235\n|move|p2a: Flutter Mane|Dazzling Gleam|p1a: Munkidori|[spread] p1a,p1b\n|-resisted|p1a: Munkidori\n|-damage|p1a: Munkidori|0 fnt\n|-damage|p1b: Sinistcha|24\/100\n|faint|p1a: Munkidori\n|move|p2b: Slaking|Knock Off|p1b: Sinistcha\n|-supereffective|p1b: Sinistcha\n|-damage|p1b: Sinistcha|0 fnt\n|-damage|p2b: Slaking|54\/100|[from] item: Rocky Helmet|[of] p1b: Sinistcha\n|-enditem|p1b: Sinistcha|Rocky Helmet|[from] move: Knock Off|[of] p2b: Slaking\n|faint|p1b: Sinistcha\n|\n|win|Fernanch\n|c|\u2606Fernanch|ggs\n|c|\u2606lasty42|ggs\n|c|\u2606lasty42|u got replays?\n|l|\u2606lasty42\n","uploadtime":1701123279,"views":17,"p1id":"lasty42","p2id":"fernanch","formatid":"gen9vgc2023regulatione","rating":0,"private":0,"password":""}