{"id":"gen9vgc2023regulatione-1992524354","p1":"UncleLanddrops","p2":"gabe elric","format":"[Gen 9] VGC 2023 Regulation E","log":"|j|\u2606UncleLanddrops\n|j|\u2606gabe elric\n|t:|1700199389\n|gametype|doubles\n|player|p1|UncleLanddrops|169|1233\n|player|p2|gabe elric|will|1260\n|teamsize|p1|6\n|teamsize|p2|6\n|gen|9\n|tier|[Gen 9] VGC 2023 Regulation E\n|rated|\n|rule|Species Clause: Limit one of each Pok\u00e9mon\n|rule|Item Clause: Limit one of each item\n|clearpoke\n|poke|p1|Roaring Moon, L50|\n|poke|p1|Milotic, L50, M|\n|poke|p1|Landorus-Therian, L50, M|\n|poke|p1|Flutter Mane, L50|\n|poke|p1|Iron Hands, L50|\n|poke|p1|Ogerpon-Hearthflame, L50, F|\n|poke|p2|Indeedee-F, L50, F|\n|poke|p2|Armarouge, L50, F|\n|poke|p2|Sinistcha, L50|\n|poke|p2|Iron Hands, L50|\n|poke|p2|Ninetales-Alola, L50, M|\n|poke|p2|Roaring Moon, L50|\n|teampreview|4\n|inactive|Battle timer is ON: inactive players will automatically lose when time's up. (requested by UncleLanddrops)\n|\n|t:|1700199419\n|start\n|switch|p1a: Roaring Moon|Roaring Moon, L50|100\/100\n|switch|p1b: Landorus|Landorus-Therian, L50, M|100\/100\n|switch|p2a: Indeedee|Indeedee-F, L50, F|100\/100\n|switch|p2b: Armarouge|Armarouge, L50, F|100\/100\n|-ability|p1b: Landorus|Intimidate|boost\n|-unboost|p2a: Indeedee|atk|1\n|-unboost|p2b: Armarouge|atk|1\n|-fieldstart|move: Psychic Terrain|[from] ability: Psychic Surge|[of] p2a: Indeedee\n|-enditem|p1a: Roaring Moon|Booster Energy\n|-activate|p1a: Roaring Moon|ability: Protosynthesis|[fromitem]\n|-start|p1a: Roaring Moon|protosynthesisspe\n|turn|1\n|inactive|gabe elric has 30 seconds left.\n|\n|t:|1700199450\n|-terastallize|p2b: Armarouge|Psychic\n|move|p2a: Indeedee|Follow Me|p2a: Indeedee\n|-singleturn|p2a: Indeedee|move: Follow Me\n|move|p1a: Roaring Moon|Knock Off|p2a: Indeedee\n|-supereffective|p2a: Indeedee\n|-damage|p2a: Indeedee|15\/100\n|-damage|p1a: Roaring Moon|84\/100|[from] item: Rocky Helmet|[of] p2a: Indeedee\n|-enditem|p2a: Indeedee|Rocky Helmet|[from] move: Knock Off|[of] p1a: Roaring Moon\n|move|p1b: Landorus|Rock Slide|p2b: Armarouge|[spread] p2a,p2b\n|-damage|p2a: Indeedee|0 fnt\n|-damage|p2b: Armarouge|84\/100\n|faint|p2a: Indeedee\n|move|p2b: Armarouge|Expanding Force|p1a: Roaring Moon|[spread] p1b\n|-immune|p1a: Roaring Moon\n|-crit|p1b: Landorus\n|-damage|p1b: Landorus|0 fnt\n|faint|p1b: Landorus\n|-damage|p2b: Armarouge|75\/100|[from] item: Life Orb\n|\n|upkeep\n|\n|t:|1700199470\n|switch|p1b: Flutter Mane|Flutter Mane, L50|100\/100\n|switch|p2a: Sinistcha|Sinistcha, L50|100\/100\n|-heal|p2b: Armarouge|99\/100|[from] ability: Hospitality|[of] p2a: Sinistcha\n|turn|2\n|\n|t:|1700199492\n|move|p2a: Sinistcha|Rage Powder|p2a: Sinistcha\n|-singleturn|p2a: Sinistcha|move: Rage Powder\n|move|p1a: Roaring Moon|Knock Off|p2a: Sinistcha\n|-supereffective|p2a: Sinistcha\n|-damage|p2a: Sinistcha|16\/100\n|-enditem|p2a: Sinistcha|Sitrus Berry|[from] move: Knock Off|[of] p1a: Roaring Moon\n|move|p1b: Flutter Mane|Shadow Ball|p2a: Sinistcha\n|-supereffective|p2a: Sinistcha\n|-crit|p2a: Sinistcha\n|-damage|p2a: Sinistcha|0 fnt\n|faint|p2a: Sinistcha\n|move|p2b: Armarouge|Expanding Force|p1b: Flutter Mane|[spread] p1b\n|-immune|p1a: Roaring Moon\n|-damage|p1b: Flutter Mane|5\/100\n|-damage|p2b: Armarouge|90\/100|[from] item: Life Orb\n|\n|upkeep\n|\n|t:|1700199506\n|switch|p2a: Iron Hands|Iron Hands, L50|100\/100\n|turn|3\n|\n|t:|1700199511\n|move|p1a: Roaring Moon|Protect|p1a: Roaring Moon\n|-singleturn|p1a: Roaring Moon|Protect\n|move|p1b: Flutter Mane|Protect|p1b: Flutter Mane\n|-singleturn|p1b: Flutter Mane|Protect\n|move|p2a: Iron Hands|Fake Out|p1a: Roaring Moon\n|-activate|p1a: Roaring Moon|move: Psychic Terrain\n|move|p2b: Armarouge|Trick Room|p2b: Armarouge\n|-fieldstart|move: Trick Room|[of] p2b: Armarouge\n|\n|upkeep\n|turn|4\n|\n|t:|1700199532\n|move|p1b: Flutter Mane|Protect||[still]\n|-fail|p1b: Flutter Mane\n|move|p2a: Iron Hands|Drain Punch|p1a: Roaring Moon\n|-supereffective|p1a: Roaring Moon\n|-damage|p1a: Roaring Moon|0 fnt\n|faint|p1a: Roaring Moon\n|-end|p1a: Roaring Moon|Protosynthesis|[silent]\n|move|p2b: Armarouge|Expanding Force|p1b: Flutter Mane\n|-damage|p1b: Flutter Mane|0 fnt\n|faint|p1b: Flutter Mane\n|-end|p1b: Flutter Mane|Protosynthesis|[silent]\n|-damage|p2b: Armarouge|80\/100|[from] item: Life Orb\n|\n|upkeep\n|\n|t:|1700199546\n|switch|p1a: Milotic|Milotic, L50, M|100\/100\n|turn|5\n|c|\u2606gabe elric|get fucked\n|\n|t:|1700199552\n|move|p1a: Milotic|Protect|p1a: Milotic\n|-singleturn|p1a: Milotic|Protect\n|move|p2a: Iron Hands|Wild Charge|p1a: Milotic\n|-activate|p1a: Milotic|move: Protect\n|move|p2b: Armarouge|Expanding Force|p1a: Milotic\n|-activate|p1a: Milotic|move: Protect\n|\n|-fieldend|move: Psychic Terrain\n|upkeep\n|turn|6\n|\n|t:|1700199576\n|-terastallize|p1a: Milotic|Grass\n|move|p2a: Iron Hands|Wild Charge|p1a: Milotic\n|-resisted|p1a: Milotic\n|-damage|p1a: Milotic|76\/100\n|-damage|p2a: Iron Hands|84\/100|[from] item: Rocky Helmet|[of] p1a: Milotic\n|-damage|p2a: Iron Hands|79\/100|[from] Recoil\n|move|p2b: Armarouge|Expanding Force|p1a: Milotic\n|-damage|p1a: Milotic|23\/100\n|-damage|p2b: Armarouge|71\/100|[from] item: Life Orb\n|move|p1a: Milotic|Scald|p2b: Armarouge\n|-damage|p2b: Armarouge|34\/100\n|-status|p2b: Armarouge|brn\n|\n|-damage|p2b: Armarouge|28\/100 brn|[from] brn\n|upkeep\n|turn|7\n|\n|t:|1700199593\n|move|p1a: Milotic|Protect|p1a: Milotic\n|-singleturn|p1a: Milotic|Protect\n|move|p2a: Iron Hands|Drain Punch|p1a: Milotic\n|-activate|p1a: Milotic|move: Protect\n|move|p2b: Armarouge|Flamethrower|p1a: Milotic\n|-activate|p1a: Milotic|move: Protect\n|\n|-damage|p2b: Armarouge|22\/100 brn|[from] brn\n|-fieldend|move: Trick Room\n|upkeep\n|turn|8\n|inactive|UncleLanddrops has 30 seconds left.\n|\n|t:|1700199623\n|move|p1a: Milotic|Scald|p2b: Armarouge\n|-damage|p2b: Armarouge|0 fnt\n|faint|p2b: Armarouge\n|move|p2a: Iron Hands|Drain Punch|p1a: Milotic\n|-damage|p1a: Milotic|0 fnt\n|-heal|p2a: Iron Hands|88\/100|[from] drain|[of] p1a: Milotic\n|-damage|p2a: Iron Hands|72\/100|[from] item: Rocky Helmet|[of] p1a: Milotic\n|faint|p1a: Milotic\n|\n|win|gabe elric\n|raw|UncleLanddrops's rating: 1233 &rarr; <strong>1210<\/strong><br \/>(-23 for losing)\n|raw|gabe elric's rating: 1260 &rarr; <strong>1283<\/strong><br \/>(+23 for winning)\n","uploadtime":1700199549,"views":10,"p1id":"unclelanddrops","p2id":"gabeelric","formatid":"gen9vgc2023regulatione","rating":1210,"private":0,"password":""}