{"id":"gen9vgc2023regulatione-1995936034","p1":"Nykelodeon","p2":"Abro hilo","format":"[Gen 9] VGC 2023 Regulation E","log":"|j|\u2606Nykelodeon\n|j|\u2606Abro hilo\n|t:|1700619353\n|gametype|doubles\n|player|p1|Nykelodeon|ghetsis-gen5bw|1339\n|player|p2|Abro hilo|pilot|1277\n|teamsize|p1|6\n|teamsize|p2|6\n|gen|9\n|tier|[Gen 9] VGC 2023 Regulation E\n|rated|\n|rule|Species Clause: Limit one of each Pok\u00e9mon\n|rule|Item Clause: Limit one of each item\n|clearpoke\n|poke|p1|Tornadus, L50, M|\n|poke|p1|Urshifu-*, L50, F|\n|poke|p1|Rillaboom, L50, F|\n|poke|p1|Flutter Mane, L50|\n|poke|p1|Arcanine-Hisui, L50, F|\n|poke|p1|Landorus, L50, M|\n|poke|p2|Ninetales-Alola, L50, F|\n|poke|p2|Empoleon, L50, F|\n|poke|p2|Roaring Moon, L50|\n|poke|p2|Sinistcha, L50|\n|poke|p2|Urshifu-*, L50, M|\n|poke|p2|Arcanine-Hisui, L50, F|\n|teampreview|4\n|inactive|Battle timer is ON: inactive players will automatically lose when time's up. (requested by Nykelodeon)\n|inactive|Abro hilo has 60 seconds left.\n|inactive|Abro hilo has 30 seconds left.\n|inactive|Abro hilo has 20 seconds left.\n|inactive|Abro hilo has 15 seconds left.\n|inactive|Abro hilo has 10 seconds left.\n|inactive|Abro hilo has 5 seconds left.\n|\n|t:|1700619438\n|start\n|switch|p1a: Tornadus|Tornadus, L50, M|100\/100\n|switch|p1b: Landorus|Landorus, L50, M|100\/100\n|switch|p2a: Ninetales|Ninetales-Alola, L50, F|100\/100\n|switch|p2b: Roaring Moon|Roaring Moon, L50|100\/100\n|-weather|Snow|[from] ability: Snow Warning|[of] p2a: Ninetales\n|-enditem|p2b: Roaring Moon|Booster Energy\n|-activate|p2b: Roaring Moon|ability: Protosynthesis|[fromitem]\n|-start|p2b: Roaring Moon|protosynthesisspe\n|turn|1\n|\n|t:|1700619461\n|-terastallize|p1b: Landorus|Ice\n|move|p1a: Tornadus|Tailwind|p1a: Tornadus\n|-sidestart|p1: Nykelodeon|move: Tailwind\n|move|p1b: Landorus|Earth Power|p2a: Ninetales\n|-damage|p2a: Ninetales|24\/100\n|move|p2b: Roaring Moon|Tailwind|p2b: Roaring Moon\n|-sidestart|p2: Abro hilo|move: Tailwind\n|move|p2a: Ninetales|Aurora Veil|p2a: Ninetales\n|-sidestart|p2: Abro hilo|move: Aurora Veil\n|\n|-weather|Snow|[upkeep]\n|upkeep\n|turn|2\n|inactive|Abro hilo has 30 seconds left.\n|inactive|Abro hilo has 20 seconds left.\n|inactive|Abro hilo has 15 seconds left.\n|inactive|Abro hilo has 10 seconds left.\n|inactive|Abro hilo has 5 seconds left.\n|\n|t:|1700619515\n|move|p2a: Ninetales|Protect|p2a: Ninetales\n|-singleturn|p2a: Ninetales|Protect\n|move|p1a: Tornadus|Rain Dance|p1a: Tornadus\n|-weather|RainDance\n|move|p2b: Roaring Moon|Acrobatics|p1b: Landorus\n|-damage|p1b: Landorus|50\/100\n|move|p1b: Landorus|Tera Blast|p2b: Roaring Moon|[anim] Tera Blast Ice\n|-supereffective|p2b: Roaring Moon\n|-damage|p2b: Roaring Moon|39\/100\n|-damage|p1b: Landorus|40\/100|[from] item: Life Orb\n|\n|-weather|RainDance|[upkeep]\n|upkeep\n|turn|3\n|\n|t:|1700619540\n|move|p2b: Roaring Moon|Knock Off|p1b: Landorus\n|-damage|p1b: Landorus|0 fnt\n|-enditem|p1b: Landorus|Life Orb|[from] move: Knock Off|[of] p2b: Roaring Moon\n|faint|p1b: Landorus\n|move|p2a: Ninetales|Blizzard|p1a: Tornadus\n|-supereffective|p1a: Tornadus\n|-damage|p1a: Tornadus|32\/100\n|move|p1a: Tornadus|Bleakwind Storm|p2a: Ninetales|[spread] p2a,p2b\n|-crit|p2a: Ninetales\n|-damage|p2a: Ninetales|0 fnt\n|-damage|p2b: Roaring Moon|18\/100\n|faint|p2a: Ninetales\n|\n|-weather|RainDance|[upkeep]\n|upkeep\n|\n|t:|1700619553\n|switch|p2a: Empoleon|Empoleon, L50, F|100\/100\n|switch|p1b: Arcanine|Arcanine-Hisui, L50, F|100\/100\n|-ability|p1b: Arcanine|Intimidate|boost\n|-unboost|p2a: Empoleon|atk|1\n|-ability|p2a: Empoleon|Competitive|boost\n|-boost|p2a: Empoleon|spa|2\n|-unboost|p2b: Roaring Moon|atk|1\n|turn|4\n|\n|t:|1700619563\n|move|p2b: Roaring Moon|Knock Off|p1b: Arcanine\n|-damage|p1b: Arcanine|62\/100\n|-enditem|p1b: Arcanine|Choice Band|[from] move: Knock Off|[of] p2b: Roaring Moon\n|move|p1b: Arcanine|Rock Slide|p2b: Roaring Moon|[spread] p2a,p2b\n|-resisted|p2a: Empoleon\n|-damage|p2a: Empoleon|92\/100\n|-damage|p2b: Roaring Moon|0 fnt\n|faint|p2b: Roaring Moon\n|-end|p2b: Roaring Moon|Protosynthesis|[silent]\n|move|p1a: Tornadus|Bleakwind Storm|p2a: Empoleon\n|-resisted|p2a: Empoleon\n|-damage|p2a: Empoleon|82\/100\n|-unboost|p2a: Empoleon|spe|1\n|-ability|p2a: Empoleon|Competitive|boost\n|-boost|p2a: Empoleon|spa|2\n|move|p2a: Empoleon|Ice Beam|p1a: Tornadus\n|-supereffective|p1a: Tornadus\n|-damage|p1a: Tornadus|0 fnt\n|faint|p1a: Tornadus\n|\n|-weather|RainDance|[upkeep]\n|-sideend|p2: Abro hilo|move: Tailwind\n|-sideend|p1: Nykelodeon|move: Tailwind\n|upkeep\n|\n|t:|1700619577\n|switch|p2b: Urshifu|Urshifu, L50, M|100\/100\n|switch|p1a: Urshifu|Urshifu-Rapid-Strike, L50, F|100\/100\n|turn|5\n|\n|t:|1700619597\n|move|p2a: Empoleon|Vacuum Wave|p1a: Urshifu\n|-damage|p1a: Urshifu|50\/100\n|move|p2b: Urshifu|Close Combat|p1a: Urshifu\n|-damage|p1a: Urshifu|0 fnt\n|-unboost|p2b: Urshifu|def|1\n|-unboost|p2b: Urshifu|spd|1\n|faint|p1a: Urshifu\n|move|p1b: Arcanine|Rock Slide|p2a: Empoleon|[spread] p2a,p2b\n|-resisted|p2a: Empoleon\n|-resisted|p2b: Urshifu\n|-damage|p2a: Empoleon|72\/100\n|-damage|p2b: Urshifu|87\/100\n|\n|-weather|RainDance|[upkeep]\n|upkeep\n|turn|6\n|-message|Nykelodeon forfeited.\n|\n|win|Abro hilo\n|raw|Nykelodeon's rating: 1339 &rarr; <strong>1315<\/strong><br \/>(-24 for losing)\n|raw|Abro hilo's rating: 1277 &rarr; <strong>1306<\/strong><br \/>(+29 for winning)\n|l|\u2606Nykelodeon\n","uploadtime":1700619610,"views":1,"p1id":"nykelodeon","p2id":"abrohilo","formatid":"gen9vgc2023regulatione","rating":1306,"private":0,"password":""}