{"id":"gen9vgc2023regulatione-1989161921","p1":"ToastedArt","p2":"Granny Pie","format":"[Gen 9] VGC 2023 Regulation E","log":"|j|\u2606ToastedArt\n|j|\u2606Granny Pie\n|n|\u2606ToastedArt|toastedart\n|n|\u2606Granny Pie|grannypie\n|html|View the match progress at <a href=\"\/game-bestof3-gen9vgc2023regulatione-1989158284\">game-bestof3-gen9vgc2023regulatione-1989158284<\/a>\n|t:|1699818780\n|gametype|doubles\n|player|p1|ToastedArt|iris|\n|player|p2|Granny Pie|zinnia|\n|teamsize|p1|6\n|teamsize|p2|6\n|gen|9\n|tier|[Gen 9] VGC 2023 Regulation E\n|rule|Species Clause: Limit one of each Pok\u00e9mon\n|rule|Item Clause: Limit one of each item\n|clearpoke\n|poke|p1|Weezing, L50, F|\n|poke|p1|Landorus-Therian, L50, M|\n|poke|p1|Ogerpon, L50, F|\n|poke|p1|Roaring Moon, L50|\n|poke|p1|Gholdengo, L50|\n|poke|p1|Iron Hands, L50|\n|poke|p2|Snorlax, L50, M|\n|poke|p2|Sinistcha, L50|\n|poke|p2|Landorus-Therian, L50, M|\n|poke|p2|Iron Hands, L50|\n|poke|p2|Clefairy, L50, F|\n|poke|p2|Kommo-o, L50, F|\n|teampreview|4\nGranny Pie has agreed to open team sheets.\nToastedArt has agreed to open team sheets.\n|showteam|p1|Weezing||SitrusBerry|NeutralizingGas|GunkShot,WillOWisp,ClearSmog,Protect|||F|||50|,,,,,Grass]Landorus-Therian||AbilityShield|Intimidate|StompingTantrum,TeraBlast,Uturn,RockSlide|||M|||50|,,,,,Flying]Ogerpon||RazorClaw|Defiant|IvyCudgel,SpikyShield,StompingTantrum,SwordsDance|||F|||50|,,,,,Grass]Roaring Moon||BoosterEnergy|Protosynthesis|KnockOff,BreakingSwipe,Tailwind,Protect||||||50|,,,,,Poison]Gholdengo||LifeOrb|GoodasGold|MakeItRain,ShadowBall,NastyPlot,Protect||||||50|,,,,,Water]Iron Hands||AssaultVest|QuarkDrive|WildCharge,DrainPunch,HeavySlam,FakeOut||||||50|,,,,,Fire\n|showteam|p2|Snorlax||SitrusBerry|ThickFat|BellyDrum,Protect,Facade,HighHorsepower|||M|||50|,,,,,Water]Sinistcha||MentalHerb|Hospitality|MatchaGotcha,RagePowder,StrengthSap,TrickRoom||||||50|,,,,,Fire]Landorus-Therian||ChoiceScarf|Intimidate|Uturn,StompingTantrum,RockSlide,TeraBlast|||M|||50|,,,,,Flying]Iron Hands||AssaultVest|QuarkDrive|FakeOut,DrainPunch,WildCharge,HeavySlam||||||50|,,,,,Water]Clefairy||Eviolite|FriendGuard|HelpingHand,FollowMe,HealPulse,Protect|||F|||50|,,,,,Grass]Kommo-o||ThroatSpray|Bulletproof|ClangorousSoul,ClangingScales,FlashCannon,Protect|||F|||50|,,,,,Steel\n|\n|t:|1699818821\n|start\n|switch|p1a: Ogerpon|Ogerpon, L50, F|100\/100\n|switch|p1b: Weezing|Weezing, L50, F|100\/100\n|switch|p2a: Dancing Queen|Kommo-o, L50, F|100\/100\n|switch|p2b: Cat of Health|Landorus-Therian, L50, M|100\/100\n|-ability|p1b: Weezing|Neutralizing Gas\n|turn|1\n|\n|t:|1699818846\n|-end|p1b: Weezing|ability: Neutralizing Gas\n|-ability|p2b: Cat of Health|Intimidate|boost\n|-unboost|p1a: Ogerpon|atk|1\n|-ability|p1a: Ogerpon|Defiant|boost\n|-boost|p1a: Ogerpon|atk|2\n|-unboost|p1b: Weezing|atk|1\n|switch|p1b: Thomas Jefferson|Landorus-Therian, L50, M|100\/100\n|-ability|p1b: Thomas Jefferson|Intimidate|boost\n|-unboost|p2a: Dancing Queen|atk|1\n|-unboost|p2b: Cat of Health|atk|1\n|move|p2b: Cat of Health|U-turn|p1a: Ogerpon\n|-supereffective|p1a: Ogerpon\n|-damage|p1a: Ogerpon|62\/100\n|\n|t:|1699818855\n|switch|p2b: Pipi|Clefairy, L50, F|100\/100|[from] U-turn\n|move|p1a: Ogerpon|Swords Dance|p1a: Ogerpon\n|-boost|p1a: Ogerpon|atk|2\n|move|p2a: Dancing Queen|Clangorous Soul|p2a: Dancing Queen\n|-boost|p2a: Dancing Queen|atk|1\n|-boost|p2a: Dancing Queen|def|1\n|-boost|p2a: Dancing Queen|spa|1\n|-boost|p2a: Dancing Queen|spd|1\n|-boost|p2a: Dancing Queen|spe|1\n|-damage|p2a: Dancing Queen|68\/100\n|-enditem|p2a: Dancing Queen|Throat Spray\n|-boost|p2a: Dancing Queen|spa|1|[from] item: Throat Spray\n|\n|upkeep\n|turn|2\n|\n|t:|1699818916\n|-terastallize|p2a: Dancing Queen|Steel\n|move|p1a: Ogerpon|Spiky Shield|p1a: Ogerpon\n|-singleturn|p1a: Ogerpon|move: Protect\n|move|p2b: Pipi|Follow Me|p2b: Pipi\n|-singleturn|p2b: Pipi|move: Follow Me\n|move|p2a: Dancing Queen|Clangorous Soul|p2a: Dancing Queen\n|-boost|p2a: Dancing Queen|atk|1\n|-boost|p2a: Dancing Queen|def|1\n|-boost|p2a: Dancing Queen|spa|1\n|-boost|p2a: Dancing Queen|spd|1\n|-boost|p2a: Dancing Queen|spe|1\n|-damage|p2a: Dancing Queen|35\/100\n|move|p1b: Thomas Jefferson|Rock Slide|p2b: Pipi|[spread] p2a\n|-miss|p1b: Thomas Jefferson|p2b: Pipi\n|-resisted|p2a: Dancing Queen\n|-damage|p2a: Dancing Queen|32\/100\n|\n|upkeep\n|turn|3\n|\n|t:|1699818949\n|-terastallize|p1a: Ogerpon|Grass\n|detailschange|p1a: Ogerpon|Ogerpon-Teal-Tera, L50, F, tera:Grass\n|-ability|p1a: Ogerpon|Embody Aspect (Teal)|boost\n|-boost|p1a: Ogerpon|spe|1\n|move|p2b: Pipi|Follow Me|p2b: Pipi\n|-singleturn|p2b: Pipi|move: Follow Me\n|move|p2a: Dancing Queen|Clanging Scales|p1a: Ogerpon|[spread] p1a,p1b\n|-damage|p1a: Ogerpon|0 fnt\n|-damage|p1b: Thomas Jefferson|1\/100\n|faint|p1a: Ogerpon\n|-unboost|p2a: Dancing Queen|def|1\n|move|p1b: Thomas Jefferson|Stomping Tantrum|p2b: Pipi\n|-crit|p2b: Pipi\n|-damage|p2b: Pipi|50\/100\n|\n|upkeep\n|\n|t:|1699818961\n|switch|p1a: Gholdengo|Gholdengo, L50|100\/100\n|turn|4\n|\n|t:|1699818969\n|move|p2b: Pipi|Follow Me|p2b: Pipi\n|-singleturn|p2b: Pipi|move: Follow Me\n|move|p2a: Dancing Queen|Clanging Scales|p1a: Gholdengo|[spread] p1a,p1b\n|-resisted|p1a: Gholdengo\n|-damage|p1a: Gholdengo|58\/100\n|-damage|p1b: Thomas Jefferson|0 fnt\n|faint|p1b: Thomas Jefferson\n|-unboost|p2a: Dancing Queen|def|1\n|move|p1a: Gholdengo|Make It Rain|p2a: Dancing Queen|[spread] p2a,p2b\n|-resisted|p2a: Dancing Queen\n|-supereffective|p2b: Pipi\n|-damage|p2a: Dancing Queen|19\/100\n|-damage|p2b: Pipi|0 fnt\n|-unboost|p1a: Gholdengo|spa|1\n|faint|p2b: Pipi\n|-damage|p1a: Gholdengo|48\/100|[from] item: Life Orb\n|\n|upkeep\n|\n|t:|1699818983\n|switch|p1b: Weezing|Weezing, L50, F|100\/100\n|switch|p2b: Ho-kago Tea Time|Sinistcha, L50|100\/100\n|-ability|p1b: Weezing|Neutralizing Gas\n|turn|5\n|\n|t:|1699818991\n|move|p2b: Ho-kago Tea Time|Rage Powder|p2b: Ho-kago Tea Time\n|-singleturn|p2b: Ho-kago Tea Time|move: Rage Powder\n|move|p2a: Dancing Queen|Clanging Scales|p1a: Gholdengo|[spread] p1a,p1b\n|-resisted|p1a: Gholdengo\n|-damage|p1a: Gholdengo|10\/100\n|-damage|p1b: Weezing|0 fnt\n|faint|p1b: Weezing\n|-end|p1b: Weezing|ability: Neutralizing Gas\n|-heal|p2a: Dancing Queen|44\/100|[from] ability: Hospitality|[of] p2b: Ho-kago Tea Time\n|-unboost|p2a: Dancing Queen|def|1\n|move|p1a: Gholdengo|Shadow Ball|p2b: Ho-kago Tea Time\n|-supereffective|p2b: Ho-kago Tea Time\n|-crit|p2b: Ho-kago Tea Time\n|-damage|p2b: Ho-kago Tea Time|0 fnt\n|faint|p2b: Ho-kago Tea Time\n|-damage|p1a: Gholdengo|0 fnt|[from] item: Life Orb\n|faint|p1a: Gholdengo\n|\n|win|Granny Pie\n|c|&|\/uhtml prompt-toastedart,ToastedArt is ready for game 3!\n|l|\u2606ToastedArt\n|c|&|\/uhtml prompt-toastedart,ToastedArt is ready for game 3!\n|c|&|\/uhtml prompt-toastedart,ToastedArt is ready for game 3!\n|c|&|\/uhtml prompt-toastedart,ToastedArt is ready for game 3!\n|c|&|\/uhtml prompt-toastedart,ToastedArt is ready for game 3!\n|inactive|Granny Pie has 50 seconds to confirm battle start!\n|c|&|\/uhtml prompt-toastedart,ToastedArt is ready for game 3!\n|c|&|\/uhtml prompt-toastedart,ToastedArt is ready for game 3!\n|c|&|\/uhtml prompt-toastedart,ToastedArt is ready for game 3!\n|c|&|\/uhtml prompt-toastedart,ToastedArt is ready for game 3!\n","uploadtime":1699819006,"views":7,"p1id":"toastedart","p2id":"grannypie","formatid":"gen9vgc2023regulatione","rating":0,"private":0,"password":""}