{"id":"gen9vgc2023regulatione-1989156361","p1":"gilga95","p2":"ariagraces","format":"[Gen 9] VGC 2023 Regulation E","log":"|j|\u2606gilga95\n|j|\u2606ariagraces\n|t:|1699818212\n|gametype|doubles\n|player|p1|gilga95|2|\n|player|p2|ariagraces|parasollady-gen4|\n|teamsize|p1|6\n|teamsize|p2|6\n|gen|9\n|tier|[Gen 9] VGC 2023 Regulation E\n|rule|Species Clause: Limit one of each Pok\u00e9mon\n|rule|Item Clause: Limit one of each item\n|clearpoke\n|poke|p1|Goodra-Hisui, L50, M|\n|poke|p1|Dragonite, L50, M|\n|poke|p1|Maushold-Four, L50|\n|poke|p1|Bronzong, L50|\n|poke|p1|Rotom-Wash, L50|\n|poke|p1|Volcarona, L50, M|\n|poke|p2|Ninetales, L50, F|\n|poke|p2|Zoroark-Hisui, L50, F|\n|poke|p2|Noivern, L50, F|\n|poke|p2|Conkeldurr, L50, M|\n|poke|p2|Qwilfish-Hisui, L50, F|\n|poke|p2|Coalossal, L50, M|\n|teampreview|4\nariagraces has agreed to open team sheets.\ngilga95 rejected open team sheets.\n|c|\u2606gilga95|Gl\n|c|\u2606ariagraces|gl\n|\n|t:|1699818273\n|start\n|switch|p1a: Bronzong|Bronzong, L50|100\/100\n|switch|p1b: Goodra|Goodra-Hisui, L50, M|100\/100\n|switch|p2a: Qwilfish|Qwilfish-Hisui, L50, F|100\/100\n|switch|p2b: Coalossal|Coalossal, L50, M|100\/100\n|-ability|p2a: Qwilfish|Intimidate|boost\n|-unboost|p1a: Bronzong|atk|1\n|-unboost|p1b: Goodra|atk|1\n|turn|1\n|\n|t:|1699818299\n|move|p2a: Qwilfish|Aqua Jet|p2b: Coalossal\n|-supereffective|p2b: Coalossal\n|-damage|p2b: Coalossal|73\/100\n|-ability|p2b: Coalossal|Steam Engine|boost\n|-boost|p2b: Coalossal|spe|6\n|-enditem|p2b: Coalossal|Weakness Policy\n|-boost|p2b: Coalossal|atk|2|[from] item: Weakness Policy\n|-boost|p2b: Coalossal|spa|2|[from] item: Weakness Policy\n|move|p2b: Coalossal|Heat Wave|p1a: Bronzong|[spread] p1a,p1b\n|-supereffective|p1a: Bronzong\n|-damage|p1a: Bronzong|23\/100\n|-damage|p1b: Goodra|69\/100\n|move|p1b: Goodra|Curse|p1b: Goodra\n|-unboost|p1b: Goodra|spe|1\n|-boost|p1b: Goodra|atk|1\n|-boost|p1b: Goodra|def|1\n|move|p1a: Bronzong|Light Screen|p1a: Bronzong\n|-sidestart|p1: gilga95|move: Light Screen\n|\n|-heal|p1b: Goodra|75\/100|[from] item: Leftovers\n|upkeep\n|turn|2\n|\n|t:|1699818333\n|switch|p2a: Conkeldurr|Conkeldurr, L50, M|100\/100\n|move|p2b: Coalossal|Heat Wave|p1b: Goodra|[spread] p1b\n|-miss|p2b: Coalossal|p1a: Bronzong\n|-damage|p1b: Goodra|53\/100\n|move|p1b: Goodra|Body Press|p2b: Coalossal\n|-supereffective|p2b: Coalossal\n|-damage|p2b: Coalossal|30\/100\n|move|p1a: Bronzong|Psyshock|p2b: Coalossal\n|-damage|p2b: Coalossal|14\/100\n|\n|-heal|p1b: Goodra|59\/100|[from] item: Leftovers\n|upkeep\n|turn|3\n|\n|t:|1699818388\n|move|p2b: Coalossal|Heat Wave|p1b: Goodra|[spread] p1a,p1b\n|-supereffective|p1a: Bronzong\n|-damage|p1a: Bronzong|0 fnt\n|-damage|p1b: Goodra|37\/100\n|faint|p1a: Bronzong\n|move|p2a: Conkeldurr|Shadow Ball|p1b: Goodra\n|-damage|p1b: Goodra|16\/100\n|move|p1b: Goodra|Counter||[still]\n|-fail|p1b: Goodra\n|\n|-heal|p1b: Goodra|22\/100|[from] item: Leftovers\n|upkeep\n|\n|t:|1699818401\n|switch|p1a: Volcarona|Volcarona, L50, M|100\/100\n|turn|4\n|\n|t:|1699818412\n|-terastallize|p1a: Volcarona|Grass\n|move|p2b: Coalossal|Power Gem|p1a: Volcarona\n|-damage|p1a: Volcarona|55\/100\n|move|p2a: Conkeldurr|Shadow Ball|p1b: Goodra\n|-damage|p1b: Goodra|0 fnt\n|faint|p1b: Goodra\n|move|p1a: Volcarona|Quiver Dance|p1a: Volcarona\n|-boost|p1a: Volcarona|spa|1\n|-boost|p1a: Volcarona|spd|1\n|-boost|p1a: Volcarona|spe|1\n|\n|upkeep\n|\n|t:|1699818420\n|switch|p1b: Dragonite|Dragonite, L50, M|100\/100\n|turn|5\n|\n|t:|1699818436\n|switch|p2a: Qwilfish|Qwilfish-Hisui, L50, F|100\/100\n|-ability|p2a: Qwilfish|Intimidate|boost\n|-unboost|p1a: Volcarona|atk|1\n|-unboost|p1b: Dragonite|atk|1\n|move|p1a: Volcarona|Giga Drain|p2b: Coalossal\n|-damage|p2b: Coalossal|0 fnt\n|-heal|p1a: Volcarona|64\/100|[from] drain|[of] p2b: Coalossal\n|faint|p2b: Coalossal\n|move|p1b: Dragonite|Dragon Dance|p1b: Dragonite\n|-boost|p1b: Dragonite|atk|1\n|-boost|p1b: Dragonite|spe|1\n|\n|upkeep\n|\n|t:|1699818453\n|switch|p2b: Conkeldurr|Conkeldurr, L50, M|100\/100\n|turn|6\n|\n|t:|1699818460\n|-terastallize|p2b: Conkeldurr|Normal\n|move|p1a: Volcarona|Fiery Dance|p2a: Qwilfish\n|-damage|p2a: Qwilfish|48\/100\n|move|p1b: Dragonite|Dragon Dance|p1b: Dragonite\n|-boost|p1b: Dragonite|atk|1\n|-boost|p1b: Dragonite|spe|1\n|move|p2b: Conkeldurr|Hyper Voice|p1a: Volcarona|[spread] p1a,p1b\n|-damage|p1a: Volcarona|31\/100\n|-damage|p1b: Dragonite|75\/100\n|-enditem|p1a: Volcarona|Sitrus Berry|[eat]\n|-heal|p1a: Volcarona|56\/100|[from] item: Sitrus Berry\n|move|p2a: Qwilfish|Haze|p2a: Qwilfish\n|-clearallboost\n|\n|upkeep\n|turn|7\n|\n|t:|1699818477\n|move|p2b: Conkeldurr|Hyper Voice|p1a: Volcarona|[spread] p1a,p1b\n|-damage|p1a: Volcarona|10\/100\n|-damage|p1b: Dragonite|26\/100\n|move|p1a: Volcarona|Quiver Dance|p1a: Volcarona\n|-boost|p1a: Volcarona|spa|1\n|-boost|p1a: Volcarona|spd|1\n|-boost|p1a: Volcarona|spe|1\n|move|p1b: Dragonite|Earthquake|p2b: Conkeldurr|[spread] p1a,p2a,p2b\n|-resisted|p1a: Volcarona\n|-supereffective|p2a: Qwilfish\n|-damage|p1a: Volcarona|0 fnt\n|-damage|p2a: Qwilfish|6\/100\n|-damage|p2b: Conkeldurr|36\/100\n|replace|p2b: Zoroark|Zoroark-Hisui, L50, F\n|-end|p2b: Zoroark|Illusion\n|faint|p1a: Volcarona\n|move|p2a: Qwilfish|Barb Barrage|p1b: Dragonite\n|-crit|p1b: Dragonite\n|-damage|p1b: Dragonite|0 fnt\n|faint|p1b: Dragonite\n|\n|win|ariagraces\n|c|\u2606gilga95|Ggs\n","uploadtime":1699818498,"views":18,"p1id":"gilga95","p2id":"ariagraces","formatid":"gen9vgc2023regulatione","rating":0,"private":0,"password":""}