{"id":"gen9vgc2023regulatione-1997860290","p1":"GervaVGC","p2":"conigliovgc","format":"[Gen 9] VGC 2023 Regulation E","log":"|j|\u2606GervaVGC\n|j|\u2606conigliovgc\n|n|\u2606GervaVGC|gervavgc\n|n|\u2606conigliovgc|conigliovgc\n|html|View the match progress at <a href=\"\/game-bestof3-gen9vgc2023regulatione-1997857649\">game-bestof3-gen9vgc2023regulatione-1997857649<\/a>\n|t:|1700860719\n|gametype|doubles\n|player|p1|GervaVGC|clown|\n|player|p2|conigliovgc|2|\n|teamsize|p1|6\n|teamsize|p2|6\n|gen|9\n|tier|[Gen 9] VGC 2023 Regulation E\n|rule|Species Clause: Limit one of each Pok\u00e9mon\n|rule|Item Clause: Limit one of each item\n|clearpoke\n|poke|p1|Glimmora, L50, F|\n|poke|p1|Iron Hands, L50|\n|poke|p1|Tatsugiri, L50, F|\n|poke|p1|Dondozo, L50, F|\n|poke|p1|Ninetales-Alola, L50, M|\n|poke|p1|Ogerpon-Hearthflame, L50, F|\n|poke|p2|Flutter Mane, L50|\n|poke|p2|Chi-Yu, L50|\n|poke|p2|Urshifu-*, L50, M|\n|poke|p2|Landorus-Therian, L50, M|\n|poke|p2|Rillaboom, L50, M|\n|poke|p2|Thundurus, L50, M|\n|teampreview|4\nGervaVGC has agreed to open team sheets.\nconigliovgc has agreed to open team sheets.\n|showteam|p1|Glimmora||FocusSash|ToxicDebris|PowerGem,EarthPower,MortalSpin,SpikyShield|||F|||50|,,,,,Grass]Iron Hands||AssaultVest|QuarkDrive|DrainPunch,WildCharge,FakeOut,HeavySlam||||||50|,,,,,Water]Tatsugiri||ChoiceScarf|Commander|DracoMeteor,MuddyWater,IcyWind,SleepTalk|||F|||50|,,,,,Steel]Dondozo||Leftovers|Unaware|Earthquake,Protect,OrderUp,Substitute|||F|||50|,,,,,Dragon]Ninetales-Alola||LightClay|SnowWarning|FreezeDry,IcyWind,AuroraVeil,Protect|||M|||50|,,,,,Ghost]Ogerpon-Hearthflame||HearthflameMask|MoldBreaker|SpikyShield,IvyCudgel,HornLeech,SwordsDance|||F|||50|,,,,,Fire\n|showteam|p2|Flutter Mane||BoosterEnergy|Protosynthesis|Moonblast,ShadowBall,IcyWind,Protect||||||50|,,,,,Fairy]Chi-Yu||SitrusBerry|BeadsofRuin|HeatWave,Snarl,WillOWisp,Protect||||||50|,,,,,Ghost]Urshifu-Rapid-Strike||SafetyGoggles|UnseenFist|SurgingStrikes,CloseCombat,SwordsDance,Detect|||M|||50|,,,,,Poison]Landorus-Therian||ChoiceScarf|Intimidate|StompingTantrum,TeraBlast,RockSlide,Uturn|||M|||50|,,,,,Flying]Rillaboom||AssaultVest|GrassySurge|WoodHammer,GrassyGlide,Uturn,FakeOut|||M|||50|,,,,,Fire]Thundurus||CovertCloak|Prankster|WildboltStorm,RainDance,ScaryFace,EerieImpulse|||M|||50|,,,,,Water\n|\n|t:|1700860781\n|start\n|switch|p1a: Glimmora|Glimmora, L50, F, shiny|100\/100\n|switch|p1b: Iron Hands|Iron Hands, L50, shiny|100\/100\n|switch|p2a: Rillaboom|Rillaboom, L50, M|100\/100\n|switch|p2b: Urshifu|Urshifu-Rapid-Strike, L50, M|100\/100\n|-fieldstart|move: Grassy Terrain|[from] ability: Grassy Surge|[of] p2a: Rillaboom\n|turn|1\n|\n|t:|1700860803\n|-terastallize|p2b: Urshifu|Poison\n|move|p2a: Rillaboom|Fake Out|p1b: Iron Hands\n|-damage|p1b: Iron Hands|92\/100\n|cant|p1b: Iron Hands|flinch\n|move|p1a: Glimmora|Mortal Spin|p2b: Urshifu|[spread] p2a,p2b\n|-supereffective|p2a: Rillaboom\n|-resisted|p2b: Urshifu\n|-damage|p2a: Rillaboom|92\/100\n|-damage|p2b: Urshifu|98\/100\n|-status|p2a: Rillaboom|psn\n|move|p2b: Urshifu|Swords Dance|p2b: Urshifu\n|-boost|p2b: Urshifu|atk|2\n|\n|-heal|p2b: Urshifu|100\/100|[from] Grassy Terrain\n|-heal|p2a: Rillaboom|98\/100 psn|[from] Grassy Terrain\n|-heal|p1b: Iron Hands|98\/100|[from] Grassy Terrain\n|-damage|p2a: Rillaboom|86\/100 psn|[from] psn\n|upkeep\n|turn|2\n|\n|t:|1700860835\n|move|p1a: Glimmora|Earth Power|p2b: Urshifu\n|-supereffective|p2b: Urshifu\n|-damage|p2b: Urshifu|22\/100\n|move|p2b: Urshifu|Surging Strikes|p1b: Iron Hands\n|-crit|p1b: Iron Hands\n|-damage|p1b: Iron Hands|73\/100\n|-crit|p1b: Iron Hands\n|-damage|p1b: Iron Hands|48\/100\n|-crit|p1b: Iron Hands\n|-damage|p1b: Iron Hands|26\/100\n|-hitcount|p1b: Iron Hands|3\n|move|p2a: Rillaboom|Wood Hammer|p1b: Iron Hands\n|-damage|p1b: Iron Hands|0 fnt\n|faint|p1b: Iron Hands\n|-end|p1b: Iron Hands|Quark Drive|[silent]\n|-damage|p2a: Rillaboom|76\/100 psn|[from] Recoil\n|\n|-heal|p2b: Urshifu|28\/100|[from] Grassy Terrain\n|-heal|p2a: Rillaboom|82\/100 psn|[from] Grassy Terrain\n|-damage|p2a: Rillaboom|70\/100 psn|[from] psn\n|upkeep\n|\n|t:|1700860852\n|switch|p1b: Dondozo|Dondozo, L50, F|100\/100\n|turn|3\n|\n|t:|1700860884\n|switch|p1a: Tatsugiri|Tatsugiri, L50, F, shiny|100\/100\n|-activate|p1a: Tatsugiri|ability: Commander|[of] p1b: Dondozo\n|-boost|p1b: Dondozo|atk|2\n|-boost|p1b: Dondozo|spa|2\n|-boost|p1b: Dondozo|spe|2\n|-boost|p1b: Dondozo|def|2\n|-boost|p1b: Dondozo|spd|2\n|-terastallize|p1b: Dondozo|Dragon\n|move|p1b: Dondozo|Order Up|p2a: Rillaboom\n|-damage|p2a: Rillaboom|10\/100 psn\n|-boost|p1b: Dondozo|atk|1\n|move|p2b: Urshifu|Surging Strikes|p1b: Dondozo\n|-resisted|p1b: Dondozo\n|-crit|p1b: Dondozo\n|-damage|p1b: Dondozo|94\/100\n|-resisted|p1b: Dondozo\n|-crit|p1b: Dondozo\n|-damage|p1b: Dondozo|87\/100\n|-resisted|p1b: Dondozo\n|-crit|p1b: Dondozo\n|-damage|p1b: Dondozo|81\/100\n|-hitcount|p1b: Dondozo|3\n|move|p2a: Rillaboom|Wood Hammer|p1b: Dondozo\n|-resisted|p1b: Dondozo\n|-damage|p1b: Dondozo|68\/100\n|-damage|p2a: Rillaboom|5\/100 psn|[from] Recoil\n|\n|-heal|p1b: Dondozo|74\/100|[from] Grassy Terrain\n|-heal|p1b: Dondozo|80\/100|[from] item: Leftovers\n|-heal|p2b: Urshifu|34\/100|[from] Grassy Terrain\n|-heal|p2a: Rillaboom|11\/100 psn|[from] Grassy Terrain\n|-damage|p2a: Rillaboom|0 fnt|[from] psn\n|faint|p2a: Rillaboom\n|upkeep\n|\n|t:|1700860906\n|switch|p2a: Flutter Mane|Flutter Mane, L50|100\/100\n|-enditem|p2a: Flutter Mane|Booster Energy\n|-activate|p2a: Flutter Mane|ability: Protosynthesis|[fromitem]\n|-start|p2a: Flutter Mane|protosynthesisspe\n|turn|4\n|\n|t:|1700860933\n|move|p2a: Flutter Mane|Moonblast|p1b: Dondozo\n|-supereffective|p1b: Dondozo\n|-damage|p1b: Dondozo|36\/100\n|move|p1b: Dondozo|Earthquake|p2a: Flutter Mane|[spread] p2a,p2b\n|-miss|p1b: Dondozo|p1a: Tatsugiri\n|-supereffective|p2b: Urshifu\n|-damage|p2a: Flutter Mane|55\/100\n|-damage|p2b: Urshifu|0 fnt\n|faint|p2b: Urshifu\n|\n|-heal|p2a: Flutter Mane|62\/100|[from] Grassy Terrain\n|-heal|p1b: Dondozo|42\/100|[from] Grassy Terrain\n|-heal|p1b: Dondozo|48\/100|[from] item: Leftovers\n|upkeep\n|\n|t:|1700860940\n|switch|p2b: Chi-Yu|Chi-Yu, L50|100\/100\n|-ability|p2b: Chi-Yu|Beads of Ruin\n|turn|5\n|\n|t:|1700860948\n|move|p1b: Dondozo|Protect|p1b: Dondozo\n|-singleturn|p1b: Dondozo|Protect\n|move|p2a: Flutter Mane|Moonblast|p1b: Dondozo\n|-activate|p1b: Dondozo|move: Protect\n|move|p2b: Chi-Yu|Snarl|p1b: Dondozo|[spread] \n|-miss|p2b: Chi-Yu|p1a: Tatsugiri\n|-activate|p1b: Dondozo|move: Protect\n|\n|-heal|p2a: Flutter Mane|68\/100|[from] Grassy Terrain\n|-heal|p1b: Dondozo|54\/100|[from] Grassy Terrain\n|-heal|p1b: Dondozo|60\/100|[from] item: Leftovers\n|-fieldend|move: Grassy Terrain\n|upkeep\n|turn|6\n|\n|t:|1700860962\n|move|p2a: Flutter Mane|Moonblast|p1b: Dondozo\n|-supereffective|p1b: Dondozo\n|-damage|p1b: Dondozo|1\/100\n|-unboost|p1b: Dondozo|spa|1\n|move|p1b: Dondozo|Earthquake|p2a: Flutter Mane|[spread] p2a,p2b\n|-miss|p1b: Dondozo|p1a: Tatsugiri\n|-supereffective|p2b: Chi-Yu\n|-damage|p2a: Flutter Mane|0 fnt\n|-damage|p2b: Chi-Yu|0 fnt\n|faint|p2a: Flutter Mane\n|-end|p2a: Flutter Mane|Protosynthesis|[silent]\n|faint|p2b: Chi-Yu\n|\n|win|GervaVGC\n|c|\u2606GervaVGC|gg\n|l|\u2606conigliovgc\n","uploadtime":1700860994,"views":21,"p1id":"gervavgc","p2id":"conigliovgc","formatid":"gen9vgc2023regulatione","rating":0,"private":0,"password":""}