{"id":"gen9vgc2023regulatione-1994042542","p1":"cleardaydreaming","p2":"ServineX","format":"[Gen 9] VGC 2023 Regulation E","log":"|j|\u2606cleardaydreaming\n|j|\u2606ServineX\n|t:|1700398706\n|gametype|doubles\n|player|p1|cleardaydreaming|winona|1257\n|player|p2|ServineX|170|1160\n|teamsize|p1|6\n|teamsize|p2|6\n|gen|9\n|tier|[Gen 9] VGC 2023 Regulation E\n|rated|\n|rule|Species Clause: Limit one of each Pok\u00e9mon\n|rule|Item Clause: Limit one of each item\n|clearpoke\n|poke|p1|Grimmsnarl, L50, M|\n|poke|p1|Sinistcha, L50|\n|poke|p1|Arcanine-Hisui, L50, F|\n|poke|p1|Iron Hands, L50|\n|poke|p1|Ogerpon-Wellspring, L50, F|\n|poke|p1|Moltres-Galar, L50|\n|poke|p2|Gyarados, L50, F|\n|poke|p2|Volcarona, L50, M|\n|poke|p2|Iron Bundle, L50|\n|poke|p2|Sinistcha, L50|\n|poke|p2|Ninetales-Alola, L50, M|\n|poke|p2|Iron Hands, L50|\n|teampreview|4\n|\n|t:|1700398749\n|start\n|switch|p1a: Grimmsnarl|Grimmsnarl, L50, M|100\/100\n|switch|p1b: Iron Hands|Iron Hands, L50|100\/100\n|switch|p2a: Iron Hands|Iron Hands, L50|100\/100\n|switch|p2b: Ninetales|Ninetales-Alola, L50, M|100\/100\n|-weather|Snow|[from] ability: Snow Warning|[of] p2b: Ninetales\n|turn|1\n|inactive|Battle timer is ON: inactive players will automatically lose when time's up. (requested by ServineX)\n|inactive|cleardaydreaming has 60 seconds left.\n|\n|t:|1700398783\n|-terastallize|p2b: Ninetales|Fire\n|move|p1b: Iron Hands|Fake Out|p2b: Ninetales\n|-damage|p2b: Ninetales|77\/100\n|move|p2a: Iron Hands|Fake Out|p1a: Grimmsnarl\n|-damage|p1a: Grimmsnarl|83\/100\n|cant|p1a: Grimmsnarl|flinch\n|cant|p2b: Ninetales|flinch\n|\n|-weather|Snow|[upkeep]\n|upkeep\n|turn|2\n|inactive|cleardaydreaming has 30 seconds left.\n|\n|t:|1700398816\n|move|p1a: Grimmsnarl|Reflect|p1a: Grimmsnarl\n|-sidestart|p1: cleardaydreaming|Reflect\n|move|p2b: Ninetales|Dazzling Gleam|p1b: Iron Hands|[spread] p1a,p1b\n|-supereffective|p1a: Grimmsnarl\n|-supereffective|p1b: Iron Hands\n|-damage|p1a: Grimmsnarl|14\/100\n|-damage|p1b: Iron Hands|60\/100\n|move|p1b: Iron Hands|Wild Charge|p2b: Ninetales\n|-damage|p2b: Ninetales|0 fnt\n|faint|p2b: Ninetales\n|-damage|p1b: Iron Hands|48\/100|[from] Recoil\n|move|p2a: Iron Hands|Drain Punch|p1b: Iron Hands\n|-damage|p1b: Iron Hands|26\/100\n|\n|-weather|Snow|[upkeep]\n|upkeep\n|\n|t:|1700398833\n|switch|p2b: Volcarona|Volcarona, L50, M|100\/100\n|turn|3\n|\n|t:|1700398843\n|-end|p1b: Iron Hands|Quark Drive|[silent]\n|switch|p1b: Ogerpon|Ogerpon-Wellspring, L50, F|100\/100\n|move|p1a: Grimmsnarl|Light Screen|p1a: Grimmsnarl\n|-sidestart|p1: cleardaydreaming|move: Light Screen\n|move|p2b: Volcarona|Quiver Dance|p2b: Volcarona\n|-boost|p2b: Volcarona|spa|1\n|-boost|p2b: Volcarona|spd|1\n|-boost|p2b: Volcarona|spe|1\n|move|p2a: Iron Hands|Drain Punch|p1a: Grimmsnarl\n|-damage|p1a: Grimmsnarl|0 fnt\n|faint|p1a: Grimmsnarl\n|\n|-weather|Snow|[upkeep]\n|upkeep\n|\n|t:|1700398859\n|switch|p1a: Moltres|Moltres-Galar, L50, shiny|100\/100\n|turn|4\n|\n|t:|1700398871\n|-terastallize|p1a: Moltres|Poison\n|move|p2b: Volcarona|Struggle Bug|p1a: Moltres|[spread] p1a,p1b\n|-resisted|p1a: Moltres\n|-supereffective|p1b: Ogerpon\n|-damage|p1a: Moltres|93\/100\n|-damage|p1b: Ogerpon|59\/100\n|-unboost|p1a: Moltres|spa|1\n|-unboost|p1b: Ogerpon|spa|1\n|move|p1b: Ogerpon|Encore|p2b: Volcarona\n|-start|p2b: Volcarona|Encore\n|move|p1a: Moltres|Nasty Plot|p1a: Moltres\n|-boost|p1a: Moltres|spa|2\n|move|p2a: Iron Hands|Wild Charge|p1a: Moltres\n|-damage|p1a: Moltres|61\/100\n|-damage|p2a: Iron Hands|94\/100|[from] Recoil\n|\n|-weather|Snow|[upkeep]\n|upkeep\n|turn|5\n|inactive|ServineX has 30 seconds left.\n|\n|t:|1700398898\n|-end|p2a: Iron Hands|Quark Drive|[silent]\n|switch|p2a: Gyarados|Gyarados, L50, F|100\/100\n|-ability|p2a: Gyarados|Intimidate|boost\n|-unboost|p1a: Moltres|atk|1\n|-unboost|p1b: Ogerpon|atk|1\n|move|p1b: Ogerpon|Spiky Shield|p1b: Ogerpon\n|-singleturn|p1b: Ogerpon|move: Protect\n|move|p2b: Volcarona|Struggle Bug|p1b: Ogerpon|[spread] p1a\n|-activate|p1b: Ogerpon|move: Protect\n|-resisted|p1a: Moltres\n|-damage|p1a: Moltres|54\/100\n|-unboost|p1a: Moltres|spa|1\n|move|p1a: Moltres|Nasty Plot|p1a: Moltres\n|-boost|p1a: Moltres|spa|2\n|\n|-weather|none\n|upkeep\n|turn|6\n|inactive|cleardaydreaming has 30 seconds left.\n|inactive|cleardaydreaming has 20 seconds left.\n|\n|t:|1700398937\n|switch|p2b: Iron Hands|Iron Hands, L50|94\/100\n|move|p1b: Ogerpon|Ivy Cudgel|p2b: Iron Hands|[anim] Ivy Cudgel Water\n|-crit|p2b: Iron Hands\n|-damage|p2b: Iron Hands|32\/100\n|move|p2a: Gyarados|Dragon Dance|p2a: Gyarados\n|-boost|p2a: Gyarados|atk|1\n|-boost|p2a: Gyarados|spe|1\n|move|p1a: Moltres|Fiery Wrath|p2a: Gyarados|[spread] p2a,p2b\n|-resisted|p2b: Iron Hands\n|-damage|p2a: Gyarados|39\/100\n|-damage|p2b: Iron Hands|16\/100\n|-enditem|p2a: Gyarados|Sitrus Berry|[eat]\n|-heal|p2a: Gyarados|64\/100|[from] item: Sitrus Berry\n|\n|upkeep\n|turn|7\n|inactive|cleardaydreaming has 30 seconds left.\n|inactive|ServineX has 30 seconds left.\n|inactive|cleardaydreaming has 20 seconds left.\n|inactive|cleardaydreaming has 15 seconds left.\n|\n|t:|1700398981\n|move|p2b: Iron Hands|Fake Out|p1a: Moltres\n|-damage|p1a: Moltres|44\/100\n|-ability|p1a: Moltres|Berserk|boost\n|-boost|p1a: Moltres|spa|1\n|-enditem|p1a: Moltres|Sitrus Berry|[eat]\n|-heal|p1a: Moltres|69\/100|[from] item: Sitrus Berry\n|move|p2a: Gyarados|Waterfall|p1a: Moltres\n|-damage|p1a: Moltres|31\/100\n|-ability|p1a: Moltres|Berserk|boost\n|-boost|p1a: Moltres|spa|1\n|move|p1b: Ogerpon|Ivy Cudgel|p2a: Gyarados|[anim] Ivy Cudgel Water\n|-resisted|p2a: Gyarados\n|-damage|p2a: Gyarados|40\/100\n|cant|p1a: Moltres|flinch\n|\n|upkeep\n|turn|8\n|\n|t:|1700399001\n|move|p1b: Ogerpon|Follow Me|p1b: Ogerpon\n|-singleturn|p1b: Ogerpon|move: Follow Me\n|move|p2a: Gyarados|Waterfall|p1b: Ogerpon\n|-heal|p1b: Ogerpon|84\/100|[from] ability: Water Absorb|[of] p2a: Gyarados\n|move|p1a: Moltres|Fiery Wrath|p2a: Gyarados|[spread] p2a,p2b\n|-resisted|p2b: Iron Hands\n|-damage|p2a: Gyarados|0 fnt\n|-damage|p2b: Iron Hands|0 fnt\n|faint|p2a: Gyarados\n|faint|p2b: Iron Hands\n|-end|p2b: Iron Hands|Quark Drive|[silent]\n|\n|upkeep\n|\n|t:|1700399014\n|switch|p2b: Volcarona|Volcarona, L50, M|100\/100\n|turn|9\n|\n|t:|1700399018\n|move|p1b: Ogerpon|Ivy Cudgel|p2b: Volcarona|[anim] Ivy Cudgel Water\n|-supereffective|p2b: Volcarona\n|-damage|p2b: Volcarona|0 fnt\n|faint|p2b: Volcarona\n|\n|win|cleardaydreaming\n|raw|cleardaydreaming's rating: 1257 &rarr; <strong>1275<\/strong><br \/>(+18 for winning)\n|raw|ServineX's rating: 1160 &rarr; <strong>1142<\/strong><br \/>(-18 for losing)\n|l|\u2606ServineX\n","uploadtime":1700399042,"views":5,"p1id":"cleardaydreaming","p2id":"servinex","formatid":"gen9vgc2023regulatione","rating":1142,"private":0,"password":""}