{"id":"gen9vgc2023regulatione-1988449128","p1":"m1cke","p2":"thunderdog_32","format":"[Gen 9] VGC 2023 Regulation E","log":"|j|\u2606m1cke\n|j|\u2606thunderdog_32\n|t:|1699724122\n|gametype|doubles\n|player|p1|m1cke|265|1083\n|player|p2|thunderdog_32|102|1157\n|teamsize|p1|6\n|teamsize|p2|6\n|gen|9\n|tier|[Gen 9] VGC 2023 Regulation E\n|rated|\n|rule|Species Clause: Limit one of each Pok\u00e9mon\n|rule|Item Clause: Limit one of each item\n|clearpoke\n|poke|p1|Flutter Mane, L50|\n|poke|p1|Landorus-Therian, L50, M|\n|poke|p1|Farigiraf, L50, F|\n|poke|p1|Urshifu-*, L50, F|\n|poke|p1|Tornadus, L50, M|\n|poke|p1|Regieleki, L50|\n|poke|p2|Annihilape, L50, M|\n|poke|p2|Heatran, L50, F|\n|poke|p2|Dragonite, L50, M|\n|poke|p2|Fezandipiti, L50, M|\n|poke|p2|Chien-Pao, L50|\n|poke|p2|Rillaboom, L50, F|\n|teampreview|4\n|inactive|Battle timer is ON: inactive players will automatically lose when time's up. (requested by thunderdog_32)\n|c|\u2606m1cke|glhf\n|inactive|m1cke has 60 seconds left.\n|inactive|thunderdog_32 has 60 seconds left.\n|\n|t:|1699724165\n|start\n|switch|p1a: Tornadus|Tornadus, L50, M|100\/100\n|switch|p1b: Flutter Mane|Flutter Mane, L50|100\/100\n|switch|p2a: Rillaboom|Rillaboom, L50, F|100\/100\n|switch|p2b: Annihilape|Annihilape, L50, M|100\/100\n|-fieldstart|move: Grassy Terrain|[from] ability: Grassy Surge|[of] p2a: Rillaboom\n|turn|1\n|\n|t:|1699724184\n|-terastallize|p1b: Flutter Mane|Fairy\n|move|p1a: Tornadus|Protect|p1a: Tornadus\n|-singleturn|p1a: Tornadus|Protect\n|move|p2a: Rillaboom|Fake Out|p1a: Tornadus\n|-activate|p1a: Tornadus|move: Protect\n|move|p2b: Annihilape|Final Gambit|p1a: Tornadus\n|-activate|p1a: Tornadus|move: Protect\n|move|p1b: Flutter Mane|Dazzling Gleam|p2a: Rillaboom|[spread] p2a,p2b\n|-supereffective|p2b: Annihilape\n|-damage|p2a: Rillaboom|54\/100\n|-damage|p2b: Annihilape|0 fnt\n|faint|p2b: Annihilape\n|\n|-heal|p2a: Rillaboom|60\/100|[from] Grassy Terrain\n|upkeep\n|\n|t:|1699724193\n|switch|p2b: Heatran|Heatran, L50, F|100\/100\n|turn|2\n|\n|t:|1699724210\n|move|p1a: Tornadus|Tailwind|p1a: Tornadus\n|-sidestart|p1: m1cke|move: Tailwind\n|move|p1b: Flutter Mane|Dazzling Gleam|p2b: Heatran|[spread] p2a,p2b\n|-resisted|p2b: Heatran\n|-damage|p2a: Rillaboom|16\/100\n|-damage|p2b: Heatran|87\/100\n|move|p2a: Rillaboom|Wood Hammer|p1b: Flutter Mane\n|-damage|p1b: Flutter Mane|0 fnt\n|faint|p1b: Flutter Mane\n|-end|p1b: Flutter Mane|Protosynthesis|[silent]\n|-damage|p2a: Rillaboom|0 fnt|[from] Recoil\n|faint|p2a: Rillaboom\n|move|p2b: Heatran|Magma Storm|p1a: Tornadus\n|-damage|p1a: Tornadus|60\/100\n|-activate|p1a: Tornadus|move: Magma Storm|[of] p2b: Heatran\n|\n|-heal|p2b: Heatran|93\/100|[from] Grassy Terrain\n|-heal|p2b: Heatran|99\/100|[from] item: Leftovers\n|-damage|p1a: Tornadus|47\/100|[from] move: Magma Storm|[partiallytrapped]\n|upkeep\n|\n|t:|1699724228\n|switch|p1b: Landorus|Landorus-Therian, L50, M|100\/100\n|switch|p2a: Chien-Pao|Chien-Pao, L50|100\/100\n|-ability|p1b: Landorus|Intimidate|boost\n|-unboost|p2a: Chien-Pao|atk|1\n|-unboost|p2b: Heatran|atk|1\n|-ability|p2a: Chien-Pao|Sword of Ruin\n|turn|3\n|inactive|thunderdog_32 has 30 seconds left.\n|inactive|thunderdog_32 has 20 seconds left.\n|\n|t:|1699724266\n|-terastallize|p2b: Heatran|Grass\n|move|p1b: Landorus|Protect|p1b: Landorus\n|-singleturn|p1b: Landorus|Protect\n|move|p1a: Tornadus|Bleakwind Storm|p2a: Chien-Pao|[spread] p2a\n|-miss|p1a: Tornadus|p2b: Heatran\n|-damage|p2a: Chien-Pao|40\/100\n|move|p2a: Chien-Pao|Icicle Crash|p1b: Landorus\n|-activate|p1b: Landorus|move: Protect\n|move|p2b: Heatran|Magma Storm|p1b: Landorus\n|-activate|p1b: Landorus|move: Protect\n|\n|-heal|p2a: Chien-Pao|46\/100|[from] Grassy Terrain\n|-heal|p2b: Heatran|100\/100|[from] Grassy Terrain\n|-damage|p1a: Tornadus|35\/100|[from] move: Magma Storm|[partiallytrapped]\n|upkeep\n|turn|4\n|\n|t:|1699724285\n|move|p2a: Chien-Pao|Sucker Punch|p1a: Tornadus\n|-crit|p1a: Tornadus\n|-damage|p1a: Tornadus|0 fnt\n|faint|p1a: Tornadus\n|move|p1b: Landorus|Rock Slide|p2a: Chien-Pao|[spread] p2a,p2b\n|-supereffective|p2a: Chien-Pao\n|-damage|p2a: Chien-Pao|0 fnt\n|-damage|p2b: Heatran|78\/100\n|faint|p2a: Chien-Pao\n|move|p2b: Heatran|Magma Storm|p1b: Landorus\n|-damage|p1b: Landorus|25\/100\n|-activate|p1b: Landorus|move: Magma Storm|[of] p2b: Heatran\n|-enditem|p1b: Landorus|Mago Berry|[eat]\n|-heal|p1b: Landorus|58\/100|[from] item: Mago Berry\n|\n|-heal|p2b: Heatran|84\/100|[from] Grassy Terrain\n|-heal|p2b: Heatran|90\/100|[from] item: Leftovers\n|-damage|p1b: Landorus|46\/100|[from] move: Magma Storm|[partiallytrapped]\n|upkeep\n|\n|t:|1699724295\n|switch|p1a: Regieleki|Regieleki, L50|100\/100\n|turn|5\n|\n|t:|1699724304\n|move|p1b: Landorus|Protect|p1b: Landorus\n|-singleturn|p1b: Landorus|Protect\n|move|p1a: Regieleki|Thunder Cage|p2b: Heatran\n|-resisted|p2b: Heatran\n|-damage|p2b: Heatran|74\/100\n|-activate|p2b: Heatran|move: Thunder Cage|[of] p1a: Regieleki\n|move|p2b: Heatran|Tera Blast|p1a: Regieleki|[anim] Tera Blast Grass\n|-enditem|p1a: Regieleki|Focus Sash\n|-damage|p1a: Regieleki|1\/100\n|\n|-heal|p1a: Regieleki|7\/100|[from] Grassy Terrain\n|-heal|p2b: Heatran|80\/100|[from] Grassy Terrain\n|-heal|p2b: Heatran|86\/100|[from] item: Leftovers\n|-damage|p1b: Landorus|33\/100|[from] move: Magma Storm|[partiallytrapped]\n|-damage|p2b: Heatran|74\/100|[from] move: Thunder Cage|[partiallytrapped]\n|-sideend|p1: m1cke|move: Tailwind\n|-fieldend|move: Grassy Terrain\n|upkeep\n|turn|6\n|\n|t:|1699724325\n|move|p1a: Regieleki|Thunder Cage|p2b: Heatran\n|-resisted|p2b: Heatran\n|-damage|p2b: Heatran|55\/100\n|move|p1b: Landorus|Tera Blast|p2b: Heatran\n|-damage|p2b: Heatran|41\/100\n|move|p2b: Heatran|Tera Blast|p1a: Regieleki|[anim] Tera Blast Grass\n|-crit|p1a: Regieleki\n|-damage|p1a: Regieleki|0 fnt\n|faint|p1a: Regieleki\n|\n|-heal|p2b: Heatran|47\/100|[from] item: Leftovers\n|-damage|p1b: Landorus|21\/100|[from] move: Magma Storm|[partiallytrapped]\n|-end|p2b: Heatran|Thunder Cage|[partiallytrapped]|[silent]\n|upkeep\n|turn|7\n|\n|t:|1699724335\n|move|p1b: Landorus|Rock Slide|p2b: Heatran\n|-damage|p2b: Heatran|22\/100\n|move|p2b: Heatran|Tera Blast|p1b: Landorus|[anim] Tera Blast Grass\n|-damage|p1b: Landorus|0 fnt\n|faint|p1b: Landorus\n|\n|win|thunderdog_32\n|raw|m1cke's rating: 1083 &rarr; <strong>1065<\/strong><br \/>(-18 for losing)\n|raw|thunderdog_32's rating: 1157 &rarr; <strong>1177<\/strong><br \/>(+20 for winning)\n|c|\u2606thunderdog_32|ggs\n|c|\u2606m1cke|gg\n|c|\u2606m1cke|wp\n","uploadtime":1699724349,"views":13,"p1id":"m1cke","p2id":"thunderdog32","formatid":"gen9vgc2023regulatione","rating":1065,"private":0,"password":""}