{"id":"gen9vgc2023regulatione-1994912735","p1":"fsdfdsfdasfsad","p2":"brunikolas","format":"[Gen 9] VGC 2023 Regulation E","log":"|j|\u2606fsdfdsfdasfsad\n|j|\u2606brunikolas\n|t:|1700504092\n|gametype|doubles\n|player|p1|fsdfdsfdasfsad|266|1000\n|player|p2|brunikolas|169|1086\n|teamsize|p1|6\n|teamsize|p2|6\n|gen|9\n|tier|[Gen 9] VGC 2023 Regulation E\n|rated|\n|rule|Species Clause: Limit one of each Pok\u00e9mon\n|rule|Item Clause: Limit one of each item\n|clearpoke\n|poke|p1|Dragapult, L50, M|\n|poke|p1|Chien-Pao, L50|\n|poke|p1|Farigiraf, L50, F|\n|poke|p1|Flutter Mane, L50|\n|poke|p1|Urshifu-*, L50, M|\n|poke|p1|Heatran, L50, F|\n|poke|p2|Slaking, L50, F|\n|poke|p2|Weezing-Galar, L50, F|\n|poke|p2|Zoroark-Hisui, L50, F|\n|poke|p2|Iron Hands, L50|\n|poke|p2|Flutter Mane, L50|\n|poke|p2|Roaring Moon, L50|\n|teampreview|4\nbrunikolas rejected open team sheets.\n|inactive|Battle timer is ON: inactive players will automatically lose when time's up. (requested by brunikolas)\n|inactive|fsdfdsfdasfsad has 60 seconds left.\n|\n|t:|1700504212\n|start\n|switch|p1a: Farigiraf|Farigiraf, L50, F|100\/100\n|switch|p1b: Flutter Mane|Flutter Mane, L50|100\/100\n|switch|p2a: Slaking|Slaking, L50, F|100\/100\n|switch|p2b: Roaring Moon|Roaring Moon, L50|100\/100\n|-enditem|p1b: Flutter Mane|Booster Energy\n|-activate|p1b: Flutter Mane|ability: Protosynthesis|[fromitem]\n|-start|p1b: Flutter Mane|protosynthesisspe\n|-enditem|p2b: Roaring Moon|Booster Energy\n|-activate|p2b: Roaring Moon|ability: Protosynthesis|[fromitem]\n|-start|p2b: Roaring Moon|protosynthesisatk\n|turn|1\n|inactive|fsdfdsfdasfsad has 30 seconds left.\n|inactive|brunikolas has 30 seconds left.\n|\n|t:|1700504242\n|-end|p2b: Roaring Moon|Protosynthesis|[silent]\n|switch|p2b: Weezing|Weezing-Galar, L50, F|100\/100\n|-ability|p2b: Weezing|Neutralizing Gas\n|switch|p1a: Heatran|Heatran, L50, F|100\/100\n|-terastallize|p2a: Slaking|Normal\n|move|p1b: Flutter Mane|Protect|p1b: Flutter Mane\n|-singleturn|p1b: Flutter Mane|Protect\n|move|p2a: Slaking|Giga Impact|p1a: Heatran\n|-resisted|p1a: Heatran\n|-damage|p1a: Heatran|45\/100\n|-mustrecharge|p2a: Slaking\n|\n|upkeep\n|turn|2\n|inactive|brunikolas has 30 seconds left.\n|\n|t:|1700504270\n|move|p1b: Flutter Mane|Icy Wind|p2b: Weezing|[spread] p2a,p2b\n|-damage|p2a: Slaking|85\/100\n|-damage|p2b: Weezing|85\/100\n|-unboost|p2a: Slaking|spe|1\n|-unboost|p2b: Weezing|spe|1\n|cant|p2a: Slaking|recharge\n|move|p1a: Heatran|Earth Power|p2b: Weezing\n|-supereffective|p2b: Weezing\n|-damage|p2b: Weezing|0 fnt\n|faint|p2b: Weezing\n|-end|p2b: Weezing|ability: Neutralizing Gas\n|-damage|p1a: Heatran|36\/100|[from] item: Life Orb\n|\n|upkeep\n|inactive|brunikolas has 30 seconds left.\n|\n|t:|1700504303\n|switch|p2b: Roaring Moon|Roaring Moon, L50|100\/100\n|turn|3\n|inactive|brunikolas has 30 seconds left.\n|\n|t:|1700504328\n|switch|p2a: Iron Hands|Iron Hands, L50|100\/100\n|move|p1b: Flutter Mane|Protect|p1b: Flutter Mane\n|-singleturn|p1b: Flutter Mane|Protect\n|move|p1a: Heatran|Protect|p1a: Heatran\n|-singleturn|p1a: Heatran|Protect\n|move|p2b: Roaring Moon|Tailwind|p2b: Roaring Moon\n|-sidestart|p2: brunikolas|move: Tailwind\n|\n|upkeep\n|turn|4\n|inactive|brunikolas has 30 seconds left.\n|\n|t:|1700504357\n|switch|p1a: Farigiraf|Farigiraf, L50, F|100\/100\n|move|p2b: Roaring Moon|Acrobatics|p1b: Flutter Mane\n|-damage|p1b: Flutter Mane|26\/100\n|move|p1b: Flutter Mane|Moonblast|p2b: Roaring Moon\n|-supereffective|p2b: Roaring Moon\n|-damage|p2b: Roaring Moon|0 fnt\n|faint|p2b: Roaring Moon\n|-end|p2b: Roaring Moon|Protosynthesis|[silent]\n|move|p2a: Iron Hands|Drain Punch|p1a: Farigiraf\n|-damage|p1a: Farigiraf|62\/100\n|-damage|p2a: Iron Hands|84\/100|[from] item: Rocky Helmet|[of] p1a: Farigiraf\n|\n|upkeep\n|\n|t:|1700504370\n|switch|p2b: Slaking|Slaking, L50, F, tera:Normal|85\/100\n|turn|5\n|inactive|fsdfdsfdasfsad has 30 seconds left.\n|inactive|brunikolas has 30 seconds left.\n|inactive|fsdfdsfdasfsad has 20 seconds left.\n|inactive|brunikolas has 20 seconds left.\n|\n|t:|1700504406\n|-terastallize|p1b: Flutter Mane|Fairy\n|move|p1a: Farigiraf|Helping Hand|p1b: Flutter Mane\n|-singleturn|p1b: Flutter Mane|Helping Hand|[of] p1a: Farigiraf\n|move|p2b: Slaking|Giga Impact|p1b: Flutter Mane\n|-damage|p1b: Flutter Mane|0 fnt\n|-mustrecharge|p2b: Slaking\n|faint|p1b: Flutter Mane\n|-end|p1b: Flutter Mane|Protosynthesis|[silent]\n|move|p2a: Iron Hands|Drain Punch|p1a: Farigiraf\n|-damage|p1a: Farigiraf|23\/100\n|-heal|p2a: Iron Hands|100\/100|[from] drain|[of] p1a: Farigiraf\n|-damage|p2a: Iron Hands|84\/100|[from] item: Rocky Helmet|[of] p1a: Farigiraf\n|\n|upkeep\n|\n|t:|1700504416\n|switch|p1b: Urshifu|Urshifu-Rapid-Strike, L50, M|100\/100\n|turn|6\n|\n|t:|1700504421\n|move|p1a: Farigiraf|Helping Hand|p1b: Urshifu\n|-singleturn|p1b: Urshifu|Helping Hand|[of] p1a: Farigiraf\n|cant|p2b: Slaking|recharge\n|move|p1b: Urshifu|Close Combat|p2b: Slaking\n|-supereffective|p2b: Slaking\n|-damage|p2b: Slaking|0 fnt\n|-unboost|p1b: Urshifu|def|1\n|-unboost|p1b: Urshifu|spd|1\n|faint|p2b: Slaking\n|move|p2a: Iron Hands|Wild Charge|p1b: Urshifu\n|-supereffective|p1b: Urshifu\n|-damage|p1b: Urshifu|0 fnt\n|faint|p1b: Urshifu\n|-damage|p2a: Iron Hands|66\/100|[from] Recoil\n|\n|-sideend|p2: brunikolas|move: Tailwind\n|upkeep\n|\n|t:|1700504424\n|switch|p1b: Heatran|Heatran, L50, F|36\/100\n|turn|7\n|\n|t:|1700504438\n|move|p1b: Heatran|Earth Power|p2a: Iron Hands\n|-supereffective|p2a: Iron Hands\n|-damage|p2a: Iron Hands|20\/100\n|-damage|p1b: Heatran|26\/100|[from] item: Life Orb\n|move|p1a: Farigiraf|Psychic|p2a: Iron Hands\n|-supereffective|p2a: Iron Hands\n|-damage|p2a: Iron Hands|0 fnt\n|faint|p2a: Iron Hands\n|-end|p2a: Iron Hands|Quark Drive|[silent]\n|\n|win|fsdfdsfdasfsad\n|raw|fsdfdsfdasfsad's rating: 1000 &rarr; <strong>1050<\/strong><br \/>(+50 for winning)\n|raw|brunikolas's rating: 1086 &rarr; <strong>1058<\/strong><br \/>(-28 for losing)\n|l|\u2606fsdfdsfdasfsad\n","uploadtime":1700504461,"views":6,"p1id":"fsdfdsfdasfsad","p2id":"brunikolas","formatid":"gen9vgc2023regulatione","rating":1050,"private":0,"password":""}