{"id":"gen9vgc2023regulatione-1989722854","p1":"Ayresbrun","p2":"enzogutsilva","format":"[Gen 9] VGC 2023 Regulation E","log":"|j|\u2606Ayresbrun\n|j|\u2606enzogutsilva\n|t:|1699890154\n|gametype|doubles\n|player|p1|Ayresbrun|266|1202\n|player|p2|enzogutsilva|101|1110\n|teamsize|p1|6\n|teamsize|p2|6\n|gen|9\n|tier|[Gen 9] VGC 2023 Regulation E\n|rated|\n|rule|Species Clause: Limit one of each Pok\u00e9mon\n|rule|Item Clause: Limit one of each item\n|clearpoke\n|poke|p1|Flutter Mane, L50|\n|poke|p1|Tornadus, L50, M|\n|poke|p1|Heatran, L50, F|\n|poke|p1|Rillaboom, L50, M|\n|poke|p1|Arcanine, L50, M|\n|poke|p1|Hydreigon, L50, F|\n|poke|p2|Indeedee-F, L50, F|\n|poke|p2|Armarouge, L50, M|\n|poke|p2|Hatterene, L50, F|\n|poke|p2|Ursaluna, L50, M|\n|poke|p2|Torkoal, L50, M|\n|poke|p2|Urshifu-*, L50, F|\n|teampreview|4\nAyresbrun has agreed to open team sheets.\n|inactive|Battle timer is ON: inactive players will automatically lose when time's up. (requested by Ayresbrun)\n|inactive|Ayresbrun has 60 seconds left.\n|inactive|Ayresbrun has 30 seconds left.\n|\n|t:|1699890238\n|start\n|switch|p1a: Flutter Mane|Flutter Mane, L50|100\/100\n|switch|p1b: Heatran|Heatran, L50, F|100\/100\n|switch|p2a: Indeedee|Indeedee-F, L50, F|100\/100\n|switch|p2b: Armarouge|Armarouge, L50, M, shiny|100\/100\n|-fieldstart|move: Psychic Terrain|[from] ability: Psychic Surge|[of] p2a: Indeedee\n|-enditem|p2a: Indeedee|Psychic Seed\n|-boost|p2a: Indeedee|spd|1|[from] item: Psychic Seed\n|turn|1\n|inactive|Ayresbrun has 30 seconds left.\n|inactive|enzogutsilva has 30 seconds left.\n|\n|t:|1699890271\n|move|p2b: Armarouge|Wide Guard|p2b: Armarouge\n|-singleturn|p2b: Armarouge|Wide Guard\n|move|p1a: Flutter Mane|Moonblast|p2a: Indeedee\n|-damage|p2a: Indeedee|50\/100\n|move|p1b: Heatran|Flash Cannon|p2a: Indeedee\n|-damage|p2a: Indeedee|18\/100\n|-damage|p1b: Heatran|91\/100|[from] item: Life Orb\n|move|p2a: Indeedee|Trick Room|p2a: Indeedee\n|-fieldstart|move: Trick Room|[of] p2a: Indeedee\n|\n|upkeep\n|turn|2\n|inactive|enzogutsilva has 30 seconds left.\n|inactive|enzogutsilva has 20 seconds left.\n|inactive|enzogutsilva has 15 seconds left.\n|inactive|enzogutsilva has 10 seconds left.\n|\n|t:|1699890317\n|-end|p1a: Flutter Mane|Protosynthesis|[silent]\n|switch|p1a: Hydreigon|Hydreigon, L50, F|100\/100\n|move|p2a: Indeedee|Follow Me|p2a: Indeedee\n|-singleturn|p2a: Indeedee|move: Follow Me\n|move|p2b: Armarouge|Expanding Force|p1a: Hydreigon|[spread] p1b\n|-immune|p1a: Hydreigon\n|-resisted|p1b: Heatran\n|-damage|p1b: Heatran|56\/100\n|move|p1b: Heatran|Flash Cannon|p2a: Indeedee\n|-damage|p2a: Indeedee|0 fnt\n|faint|p2a: Indeedee\n|-damage|p1b: Heatran|46\/100|[from] item: Life Orb\n|\n|upkeep\n|inactive|enzogutsilva has 30 seconds left.\n|inactive|enzogutsilva has 20 seconds left.\n|inactive|enzogutsilva has 15 seconds left.\n|\n|t:|1699890357\n|switch|p2a: Ursaluna|Ursaluna, L50, M, shiny|100\/100\n|turn|3\n|\n|t:|1699890372\n|switch|p1b: Rillaboom|Rillaboom, L50, M|100\/100\n|-fieldstart|move: Grassy Terrain|[from] ability: Grassy Surge|[of] p1b: Rillaboom\n|move|p2a: Ursaluna|Swords Dance|p2a: Ursaluna\n|-boost|p2a: Ursaluna|atk|2\n|move|p2b: Armarouge|Heat Wave|p1a: Hydreigon|[spread] \n|-miss|p2b: Armarouge|p1a: Hydreigon\n|-miss|p2b: Armarouge|p1b: Rillaboom\n|move|p1a: Hydreigon|Dark Pulse|p2b: Armarouge\n|-supereffective|p2b: Armarouge\n|-damage|p2b: Armarouge|12\/100\n|\n|-heal|p2b: Armarouge|18\/100|[from] Grassy Terrain\n|-status|p2a: Ursaluna|brn|[from] item: Flame Orb\n|upkeep\n|turn|4\n|inactive|Ayresbrun has 30 seconds left.\n|inactive|Ayresbrun has 20 seconds left.\n|inactive|Ayresbrun has 15 seconds left.\n|inactive|Ayresbrun has 10 seconds left.\n|inactive|Ayresbrun has 5 seconds left.\n|\n|t:|1699890423\n|-terastallize|p1a: Hydreigon|Steel\n|move|p1b: Rillaboom|Fake Out|p2b: Armarouge\n|-damage|p2b: Armarouge|6\/100\n|move|p2a: Ursaluna|Facade|p1a: Hydreigon\n|-resisted|p1a: Hydreigon\n|-damage|p1a: Hydreigon|0 fnt\n|faint|p1a: Hydreigon\n|cant|p2b: Armarouge|flinch\n|\n|-heal|p2b: Armarouge|12\/100|[from] Grassy Terrain\n|-damage|p2a: Ursaluna|95\/100 brn|[from] brn\n|upkeep\n|\n|t:|1699890438\n|switch|p1a: Heatran|Heatran, L50, F|46\/100\n|turn|5\n|inactive|enzogutsilva has 30 seconds left.\n|inactive|enzogutsilva has 20 seconds left.\n|\n|t:|1699890475\n|move|p1a: Heatran|Protect|p1a: Heatran\n|-singleturn|p1a: Heatran|Protect\n|move|p1b: Rillaboom|Grassy Glide|p2b: Armarouge\n|-resisted|p2b: Armarouge\n|-damage|p2b: Armarouge|0 fnt\n|faint|p2b: Armarouge\n|move|p2a: Ursaluna|Facade|p1b: Rillaboom\n|-damage|p1b: Rillaboom|0 fnt\n|faint|p1b: Rillaboom\n|\n|-heal|p2a: Ursaluna|100\/100 brn|[from] Grassy Terrain\n|-heal|p1a: Heatran|52\/100|[from] Grassy Terrain\n|-damage|p2a: Ursaluna|95\/100 brn|[from] brn\n|-fieldend|move: Trick Room\n|upkeep\n|\n|t:|1699890488\n|switch|p1b: Flutter Mane|Flutter Mane, L50|100\/100\n|switch|p2b: Urshifu|Urshifu, L50, F|100\/100\n|turn|6\n|inactive|enzogutsilva has 30 seconds left.\n|\n|t:|1699890520\n|-terastallize|p2b: Urshifu|Steel\n|move|p1b: Flutter Mane|Moonblast|p2a: Ursaluna\n|-damage|p2a: Ursaluna|30\/100 brn\n|move|p2b: Urshifu|Wicked Blow|p1b: Flutter Mane\n|-crit|p1b: Flutter Mane\n|-damage|p1b: Flutter Mane|10\/100\n|move|p1a: Heatran|Heat Wave|p2a: Ursaluna|[spread] p2b\n|-miss|p1a: Heatran|p2a: Ursaluna\n|-supereffective|p2b: Urshifu\n|-enditem|p2b: Urshifu|Focus Sash\n|-damage|p2b: Urshifu|1\/100\n|-damage|p1a: Heatran|42\/100|[from] item: Life Orb\n|move|p2a: Ursaluna|Facade|p1a: Heatran\n|-resisted|p1a: Heatran\n|-damage|p1a: Heatran|0 fnt\n|faint|p1a: Heatran\n|\n|-heal|p1b: Flutter Mane|15\/100|[from] Grassy Terrain\n|-heal|p2b: Urshifu|7\/100|[from] Grassy Terrain\n|-heal|p2a: Ursaluna|36\/100 brn|[from] Grassy Terrain\n|-damage|p2a: Ursaluna|30\/100 brn|[from] brn\n|upkeep\n|turn|7\n|inactive|enzogutsilva has 30 seconds left.\n|\n|t:|1699890547\n|move|p1b: Flutter Mane|Moonblast|p2a: Ursaluna\n|-damage|p2a: Ursaluna|0 fnt\n|faint|p2a: Ursaluna\n|move|p2b: Urshifu|Wicked Blow|p1b: Flutter Mane\n|-crit|p1b: Flutter Mane\n|-damage|p1b: Flutter Mane|0 fnt\n|faint|p1b: Flutter Mane\n|-end|p1b: Flutter Mane|Protosynthesis|[silent]\n|\n|win|enzogutsilva\n|raw|Ayresbrun's rating: 1202 &rarr; <strong>1171<\/strong><br \/>(-31 for losing)\n|raw|enzogutsilva's rating: 1110 &rarr; <strong>1141<\/strong><br \/>(+31 for winning)\n|l|\u2606enzogutsilva\n","uploadtime":1699890555,"views":14,"p1id":"ayresbrun","p2id":"enzogutsilva","formatid":"gen9vgc2023regulatione","rating":1141,"private":0,"password":""}