{"id":"gen9vgc2023regulatione-1992489901","p1":"DeAndreRicketts","p2":"idkidkidk69420hi","format":"[Gen 9] VGC 2023 Regulation E","log":"|j|\u2606DeAndreRicketts\n|j|\u2606idkidkidk69420hi\n|t:|1700194133\n|gametype|doubles\n|player|p1|DeAndreRicketts|265|1098\n|player|p2|idkidkidk69420hi|2|1023\n|teamsize|p1|6\n|teamsize|p2|6\n|gen|9\n|tier|[Gen 9] VGC 2023 Regulation E\n|rated|\n|rule|Species Clause: Limit one of each Pok\u00e9mon\n|rule|Item Clause: Limit one of each item\n|clearpoke\n|poke|p1|Flutter Mane, L50|\n|poke|p1|Gothitelle, L50, M|\n|poke|p1|Dondozo, L50, M|\n|poke|p1|Tatsugiri, L50, F|\n|poke|p1|Dusclops, L50, F|\n|poke|p1|Ursaluna-Bloodmoon, L50, M|\n|poke|p2|Ogerpon-Hearthflame, L50, F|\n|poke|p2|Brute Bonnet, L50|\n|poke|p2|Quaquaval, L50, F|\n|poke|p2|Iron Hands, L50|\n|poke|p2|Weezing-Galar, L50, F|\n|poke|p2|Gholdengo, L50|\n|teampreview|4\n|\n|t:|1700194153\n|start\n|switch|p1a: Flutter Mane|Flutter Mane, L50|100\/100\n|switch|p1b: Gothitelle|Gothitelle, L50, M|100\/100\n|switch|p2a: Weezing|Weezing-Galar, L50, F|100\/100\n|switch|p2b: Ogerpon|Ogerpon-Hearthflame, L50, F|100\/100\n|-ability|p2b: Ogerpon|Mold Breaker\n|turn|1\n|\n|t:|1700194180\n|-terastallize|p2b: Ogerpon|Fire\n|detailschange|p2b: Ogerpon|Ogerpon-Hearthflame-Tera, L50, F, tera:Fire\n|-ability|p2b: Ogerpon|Embody Aspect (Hearthflame)|boost\n|-boost|p2b: Ogerpon|atk|1\n|move|p2a: Weezing|Protect|p2a: Weezing\n|-singleturn|p2a: Weezing|Protect\n|move|p1b: Gothitelle|Fake Out|p2b: Ogerpon\n|-damage|p2b: Ogerpon|93\/100\n|move|p1a: Flutter Mane|Perish Song|p1a: Flutter Mane\n|-start|p1a: Flutter Mane|perish3|[silent]\n|-start|p1b: Gothitelle|perish3|[silent]\n|-start|p2a: Weezing|perish3|[silent]\n|-start|p2b: Ogerpon|perish3|[silent]\n|-fieldactivate|move: Perish Song\n|cant|p2b: Ogerpon|flinch\n|\n|-start|p1a: Flutter Mane|perish3\n|-start|p2b: Ogerpon|perish3\n|-start|p1b: Gothitelle|perish3\n|-start|p2a: Weezing|perish3\n|upkeep\n|turn|2\n|\n|t:|1700194205\n|move|p1a: Flutter Mane|Protect|p1a: Flutter Mane\n|-singleturn|p1a: Flutter Mane|Protect\n|move|p2b: Ogerpon|Ivy Cudgel|p1b: Gothitelle|[anim] Ivy Cudgel Fire\n|-damage|p1b: Gothitelle|0 fnt\n|faint|p1b: Gothitelle\n|move|p2a: Weezing|Sludge Bomb|p1a: Flutter Mane\n|-activate|p1a: Flutter Mane|move: Protect\n|\n|-start|p1a: Flutter Mane|perish2\n|-start|p2b: Ogerpon|perish2\n|-start|p2a: Weezing|perish2\n|upkeep\n|\n|t:|1700194239\n|switch|p1b: Dondozo|Dondozo, L50, M|100\/100\n|turn|3\n|\n|t:|1700194259\n|-end|p1a: Flutter Mane|Protosynthesis|[silent]\n|switch|p1a: Tatsugiri|Tatsugiri, L50, F|100\/100\n|-activate|p1a: Tatsugiri|ability: Commander|[of] p1b: Dondozo\n|-boost|p1b: Dondozo|atk|2\n|-boost|p1b: Dondozo|spa|2\n|-boost|p1b: Dondozo|spe|2\n|-boost|p1b: Dondozo|def|2\n|-boost|p1b: Dondozo|spd|2\n|switch|p2b: Gholdengo|Gholdengo, L50|100\/100\n|switch|p2a: Brute Bonnet|Brute Bonnet, L50|100\/100\n|-terastallize|p1b: Dondozo|Steel\n|move|p1b: Dondozo|Rock Slide|p2b: Gholdengo|[spread] p2a,p2b\n|-resisted|p2b: Gholdengo\n|-damage|p2a: Brute Bonnet|72\/100\n|-damage|p2b: Gholdengo|84\/100\n|\n|upkeep\n|turn|4\n|\n|t:|1700194283\n|move|p1b: Dondozo|Rock Slide|p2b: Gholdengo|[spread] p2a,p2b\n|-resisted|p2b: Gholdengo\n|-damage|p2a: Brute Bonnet|44\/100\n|-damage|p2b: Gholdengo|68\/100\n|move|p2b: Gholdengo|Make It Rain|p1b: Dondozo|[spread] p1b\n|-miss|p2b: Gholdengo|p1a: Tatsugiri\n|-resisted|p1b: Dondozo\n|-crit|p1b: Dondozo\n|-damage|p1b: Dondozo|56\/100\n|-unboost|p2b: Gholdengo|spa|1\n|-damage|p2b: Gholdengo|58\/100|[from] item: Life Orb\n|move|p2a: Brute Bonnet|Spore|p1b: Dondozo\n|-status|p1b: Dondozo|slp|[from] move: Spore\n|\n|-heal|p1b: Dondozo|62\/100 slp|[from] item: Leftovers\n|upkeep\n|turn|5\n|\n|t:|1700194309\n|cant|p1b: Dondozo|slp\n|move|p2b: Gholdengo|Shadow Ball|p1b: Dondozo\n|-damage|p1b: Dondozo|37\/100 slp\n|-damage|p2b: Gholdengo|48\/100|[from] item: Life Orb\n|move|p2a: Brute Bonnet|Stomping Tantrum|p1a: Tatsugiri|[miss]\n|-miss|p2a: Brute Bonnet|p1a: Tatsugiri\n|\n|-heal|p1b: Dondozo|43\/100 slp|[from] item: Leftovers\n|upkeep\n|turn|6\n|\n|t:|1700194355\n|-curestatus|p1b: Dondozo|slp|[msg]\n|move|p1b: Dondozo|Earthquake|p2b: Gholdengo|[spread] p2a,p2b\n|-miss|p1b: Dondozo|p1a: Tatsugiri\n|-resisted|p2a: Brute Bonnet\n|-supereffective|p2b: Gholdengo\n|-damage|p2a: Brute Bonnet|26\/100\n|-damage|p2b: Gholdengo|0 fnt\n|faint|p2b: Gholdengo\n|move|p2a: Brute Bonnet|Stomping Tantrum|p1b: Dondozo\n|-supereffective|p1b: Dondozo\n|-damage|p1b: Dondozo|13\/100\n|\n|-heal|p1b: Dondozo|19\/100|[from] item: Leftovers\n|upkeep\n|\n|t:|1700194369\n|switch|p2b: Ogerpon|Ogerpon-Hearthflame-Tera, L50, F, tera:Fire|93\/100\n|-ability|p2b: Ogerpon|Embody Aspect (Hearthflame)|boost\n|-boost|p2b: Ogerpon|atk|1\n|turn|7\n|\n|t:|1700194380\n|move|p1b: Dondozo|Protect|p1b: Dondozo\n|-singleturn|p1b: Dondozo|Protect\n|move|p2a: Brute Bonnet|Rage Powder|p2a: Brute Bonnet\n|-singleturn|p2a: Brute Bonnet|move: Rage Powder\n|move|p2b: Ogerpon|Ivy Cudgel|p1b: Dondozo|[anim] Ivy Cudgel Fire\n|-activate|p1b: Dondozo|move: Protect\n|\n|-heal|p1b: Dondozo|25\/100|[from] item: Leftovers\n|upkeep\n|turn|8\n|\n|t:|1700194399\n|move|p2b: Ogerpon|Ivy Cudgel|p1b: Dondozo|[anim] Ivy Cudgel Fire\n|-supereffective|p1b: Dondozo\n|-damage|p1b: Dondozo|0 fnt\n|faint|p1b: Dondozo\n|move|p2a: Brute Bonnet|Stomping Tantrum|p1a: Tatsugiri\n|-damage|p1a: Tatsugiri|60\/100\n|\n|upkeep\n|\n|t:|1700194406\n|switch|p1b: Flutter Mane|Flutter Mane, L50|100\/100\n|turn|9\n|\n|t:|1700194425\n|move|p1b: Flutter Mane|Protect|p1b: Flutter Mane\n|-singleturn|p1b: Flutter Mane|Protect\n|move|p2b: Ogerpon|Ivy Cudgel|p1b: Flutter Mane|[anim] Ivy Cudgel Fire\n|-activate|p1b: Flutter Mane|move: Protect\n|move|p1a: Tatsugiri|Muddy Water|p2a: Brute Bonnet|[spread] p2a,p2b\n|-resisted|p2a: Brute Bonnet\n|-supereffective|p2b: Ogerpon\n|-damage|p2a: Brute Bonnet|7\/100\n|-damage|p2b: Ogerpon|0 fnt\n|faint|p2b: Ogerpon\n|-damage|p1a: Tatsugiri|50\/100|[from] item: Life Orb\n|move|p2a: Brute Bonnet|Spore|p1a: Tatsugiri\n|-status|p1a: Tatsugiri|slp|[from] move: Spore\n|\n|upkeep\n|\n|t:|1700194440\n|switch|p2b: Weezing|Weezing-Galar, L50, F|100\/100\n|turn|10\n|inactive|Battle timer is ON: inactive players will automatically lose when time's up. (requested by DeAndreRicketts)\n|\n|t:|1700194511\n|move|p1b: Flutter Mane|Dazzling Gleam|p2b: Weezing|[spread] p2a,p2b\n|-supereffective|p2a: Brute Bonnet\n|-resisted|p2b: Weezing\n|-damage|p2a: Brute Bonnet|0 fnt\n|-damage|p2b: Weezing|80\/100\n|faint|p2a: Brute Bonnet\n|-end|p2a: Brute Bonnet|Protosynthesis|[silent]\n|cant|p1a: Tatsugiri|slp\n|move|p2b: Weezing|Sludge Bomb|p1b: Flutter Mane\n|-damage|p1b: Flutter Mane|70\/100\n|\n|upkeep\n|turn|11\n|\n|t:|1700194527\n|move|p1b: Flutter Mane|Protect|p1b: Flutter Mane\n|-singleturn|p1b: Flutter Mane|Protect\n|-curestatus|p1a: Tatsugiri|slp|[msg]\n|move|p1a: Tatsugiri|Muddy Water|p2b: Weezing\n|-damage|p2b: Weezing|11\/100\n|-enditem|p2b: Weezing|Sitrus Berry|[eat]\n|-heal|p2b: Weezing|36\/100|[from] item: Sitrus Berry\n|-damage|p1a: Tatsugiri|40\/100|[from] item: Life Orb\n|move|p2b: Weezing|Sludge Bomb|p1b: Flutter Mane\n|-activate|p1b: Flutter Mane|move: Protect\n|\n|upkeep\n|turn|12\n|-message|idkidkidk69420hi forfeited.\n|\n|win|DeAndreRicketts\n|raw|DeAndreRicketts's rating: 1098 &rarr; <strong>1118<\/strong><br \/>(+20 for winning)\n|raw|idkidkidk69420hi's rating: 1023 &rarr; <strong>1012<\/strong><br \/>(-11 for losing)\n|l|\u2606idkidkidk69420hi\n","uploadtime":1700194548,"views":42,"p1id":"deandrericketts","p2id":"idkidkidk69420hi","formatid":"gen9vgc2023regulatione","rating":1012,"private":0,"password":""}