{"id":"gen9vgc2023regulatione-1994111995","p1":"Aereis","p2":"SiUsY","format":"[Gen 9] VGC 2023 Regulation E","log":"|j|\u2606Aereis\n|j|\u2606SiUsY\n|t:|1700408269\n|gametype|doubles\n|player|p1|Aereis|ingo|1035\n|player|p2|SiUsY|erika|1137\n|teamsize|p1|6\n|teamsize|p2|6\n|gen|9\n|tier|[Gen 9] VGC 2023 Regulation E\n|rated|\n|rule|Species Clause: Limit one of each Pok\u00e9mon\n|rule|Item Clause: Limit one of each item\n|clearpoke\n|poke|p1|Golem-Alola, L50, M|\n|poke|p1|Sinistcha, L50|\n|poke|p1|Dondozo, L50, M|\n|poke|p1|Iron Hands, L50|\n|poke|p1|Maushold, L50|\n|poke|p1|Rabsca, L50, F|\n|poke|p2|Meowscarada, L50, M|\n|poke|p2|Goodra-Hisui, L50, F|\n|poke|p2|Urshifu-*, L50, M|\n|poke|p2|Flutter Mane, L50|\n|poke|p2|Gliscor, L50, M|\n|poke|p2|Iron Hands, L50|\n|teampreview|4\n|inactive|Battle timer is ON: inactive players will automatically lose when time's up. (requested by Aereis)\n|inactive|SiUsY also wants the timer to be on.\n|\n|t:|1700408298\n|start\n|switch|p1a: Rabsca|Rabsca, L50, F|100\/100\n|switch|p1b: Maushold|Maushold, L50|100\/100\n|switch|p2a: Goodra|Goodra-Hisui, L50, F|100\/100\n|switch|p2b: Flutter Mane|Flutter Mane, L50|100\/100\n|turn|1\n|\n|t:|1700408314\n|move|p1b: Maushold|Follow Me|p1b: Maushold\n|-singleturn|p1b: Maushold|move: Follow Me\n|move|p2b: Flutter Mane|Shadow Ball|p1b: Maushold\n|-immune|p1b: Maushold\n|move|p2a: Goodra|Acid Armor|p2a: Goodra\n|-boost|p2a: Goodra|def|2\n|move|p1a: Rabsca|Trick Room|p1a: Rabsca\n|-fieldstart|move: Trick Room|[of] p1a: Rabsca\n|\n|upkeep\n|turn|2\n|inactive|SiUsY has 30 seconds left.\n|\n|t:|1700408342\n|-end|p2b: Flutter Mane|Protosynthesis|[silent]\n|switch|p2b: Urshifu|Urshifu-Rapid-Strike, L50, M|100\/100\n|move|p1a: Rabsca|Protect|p1a: Rabsca\n|-singleturn|p1a: Rabsca|Protect\n|move|p2a: Goodra|Iron Head|p1b: Maushold\n|-damage|p1b: Maushold|66\/100\n|cant|p1b: Maushold|flinch\n|\n|upkeep\n|turn|3\n|\n|t:|1700408357\n|-terastallize|p2b: Urshifu|Water\n|move|p1b: Maushold|Follow Me|p1b: Maushold\n|-singleturn|p1b: Maushold|move: Follow Me\n|move|p1a: Rabsca|Psychic|p2b: Urshifu\n|-damage|p2b: Urshifu|45\/100\n|move|p2a: Goodra|Iron Head|p1b: Maushold\n|-damage|p1b: Maushold|29\/100\n|move|p2b: Urshifu|Surging Strikes|p1b: Maushold\n|-crit|p1b: Maushold\n|-damage|p1b: Maushold|0 fnt\n|faint|p1b: Maushold\n|-hitcount|p1: Maushold|1\n|\n|upkeep\n|\n|t:|1700408369\n|switch|p1b: Dondozo|Dondozo, L50, M|100\/100\n|turn|4\n|\n|t:|1700408387\n|move|p2b: Urshifu|Protect|p2b: Urshifu\n|-singleturn|p2b: Urshifu|Protect\n|move|p1b: Dondozo|Soak|p2a: Goodra\n|-start|p2a: Goodra|typechange|Water\n|move|p1a: Rabsca|Psychic|p2b: Urshifu\n|-activate|p2b: Urshifu|move: Protect\n|move|p2a: Goodra|Dragon Tail|p1b: Dondozo|[miss]\n|-miss|p2a: Goodra|p1b: Dondozo\n|\n|upkeep\n|turn|5\n|inactive|SiUsY has 30 seconds left.\n|\n|t:|1700408412\n|move|p1b: Dondozo|Yawn|p2a: Goodra\n|-start|p2a: Goodra|move: Yawn|[of] p1b: Dondozo\n|move|p1a: Rabsca|Psychic|p2b: Urshifu\n|-damage|p2b: Urshifu|0 fnt\n|faint|p2b: Urshifu\n|move|p2a: Goodra|Life Dew||[still]\n|-fail|p2a: Goodra|heal\n|\n|-fieldend|move: Trick Room\n|upkeep\n|\n|t:|1700408420\n|switch|p2b: Flutter Mane|Flutter Mane, L50|100\/100\n|turn|6\n|\n|t:|1700408433\n|switch|p2a: Meowscarada|Meowscarada, L50, M|100\/100\n|move|p1a: Rabsca|Protect|p1a: Rabsca\n|-singleturn|p1a: Rabsca|Protect\n|move|p2b: Flutter Mane|Mystical Fire|p1a: Rabsca\n|-activate|p1a: Rabsca|move: Protect\n|move|p1b: Dondozo|Soak|p2b: Flutter Mane\n|-start|p2b: Flutter Mane|typechange|Water\n|\n|upkeep\n|turn|7\n|\n|t:|1700408451\n|-end|p2b: Flutter Mane|Protosynthesis|[silent]\n|switch|p2b: Goodra|Goodra-Hisui, L50, F|100\/100\n|-terastallize|p1a: Rabsca|Dark\n|move|p2a: Meowscarada|Flower Trick|p1b: Dondozo\n|-start|p2a: Meowscarada|typechange|Grass|[from] ability: Protean\n|-supereffective|p1b: Dondozo\n|-crit|p1b: Dondozo\n|-damage|p1b: Dondozo|25\/100\n|-damage|p2a: Meowscarada|91\/100|[from] item: Life Orb\n|move|p1b: Dondozo|Yawn|p2a: Meowscarada\n|-start|p2a: Meowscarada|move: Yawn|[of] p1b: Dondozo\n|move|p1a: Rabsca|Trick Room|p1a: Rabsca\n|-fieldstart|move: Trick Room|[of] p1a: Rabsca\n|\n|-heal|p1b: Dondozo|31\/100|[from] item: Leftovers\n|upkeep\n|turn|8\n|\n|t:|1700408474\n|switch|p2a: Flutter Mane|Flutter Mane, L50|100\/100\n|move|p1a: Rabsca|Protect|p1a: Rabsca\n|-singleturn|p1a: Rabsca|Protect\n|move|p1b: Dondozo|Soak|p2b: Goodra\n|-start|p2b: Goodra|typechange|Water\n|move|p2b: Goodra|Iron Head|p1b: Dondozo\n|-resisted|p1b: Dondozo\n|-damage|p1b: Dondozo|25\/100\n|\n|-heal|p1b: Dondozo|31\/100|[from] item: Leftovers\n|upkeep\n|turn|9\n|inactive|Aereis has 30 seconds left.\n|\n|t:|1700408500\n|switch|p1b: Golem|Golem-Alola, L50, M|100\/100\n|move|p1a: Rabsca|Psychic|p2a: Flutter Mane\n|-crit|p2a: Flutter Mane\n|-damage|p2a: Flutter Mane|45\/100\n|move|p2b: Goodra|Iron Head|p1b: Golem\n|-damage|p1b: Golem|87\/100\n|move|p2a: Flutter Mane|Shadow Ball|p1a: Rabsca\n|-resisted|p1a: Rabsca\n|-damage|p1a: Rabsca|76\/100\n|-unboost|p1a: Rabsca|spd|1\n|\n|upkeep\n|turn|10\n|inactive|SiUsY has 30 seconds left.\n|\n|t:|1700408529\n|-end|p2a: Flutter Mane|Protosynthesis|[silent]\n|switch|p2a: Meowscarada|Meowscarada, L50, M|91\/100\n|move|p1b: Golem|Explosion|p2b: Goodra|[spread] p2a,p2b\n|-activate|p1a: Rabsca|ability: Telepathy\n|-resisted|p2a: Meowscarada\n|-supereffective|p2b: Goodra\n|-damage|p2a: Meowscarada|0 fnt\n|-damage|p2b: Goodra|0 fnt\n|faint|p1b: Golem\n|faint|p2a: Meowscarada\n|faint|p2b: Goodra\n|move|p1a: Rabsca|Revival Blessing|p1a: Rabsca\n|-enditem|p1a: Rabsca|Leppa Berry|[eat]\n|-activate|p1a: Rabsca|item: Leppa Berry|Revival Blessing|[consumed]\n|\n|t:|1700408540\n|-heal|p1: Golem|50\/100|[from] move: Revival Blessing\n|switch|p1b: Golem|Golem-Alola, L50, M|50\/100\n|\n|upkeep\n|-message|SiUsY forfeited.\n|\n|win|Aereis\n|raw|Aereis's rating: 1035 &rarr; <strong>1080<\/strong><br \/>(+45 for winning)\n|raw|SiUsY's rating: 1137 &rarr; <strong>1105<\/strong><br \/>(-32 for losing)\n|l|\u2606SiUsY\n","uploadtime":1700408554,"views":6,"p1id":"aereis","p2id":"siusy","formatid":"gen9vgc2023regulatione","rating":1080,"private":0,"password":""}