{"id":"gen9vgc2023regulatione-1990572274","p1":"p1atypus","p2":"RNG can't stop me","format":"[Gen 9] VGC 2023 Regulation E","log":"|j|\u2606p1atypus\n|j|\u2606RNG can't stop me\n|t:|1699982453\n|gametype|doubles\n|player|p1|p1atypus|102|1539\n|player|p2|RNG can't stop me|n|1445\n|teamsize|p1|6\n|teamsize|p2|6\n|gen|9\n|tier|[Gen 9] VGC 2023 Regulation E\n|rated|\n|rule|Species Clause: Limit one of each Pok\u00e9mon\n|rule|Item Clause: Limit one of each item\n|clearpoke\n|poke|p1|Landorus-Therian, L50, M|\n|poke|p1|Sylveon, L50, M|\n|poke|p1|Sableye, L50, F|\n|poke|p1|Tornadus, L50, M|\n|poke|p1|Heatran, L50, M|\n|poke|p1|Iron Hands, L50|\n|poke|p2|Tornadus, L50, M|\n|poke|p2|Urshifu-*, L50, M|\n|poke|p2|Ogerpon-Wellspring, L50, F|\n|poke|p2|Farigiraf, L50, F|\n|poke|p2|Heatran, L50, M|\n|poke|p2|Landorus, L50, M|\n|teampreview|4\n|inactive|Battle timer is ON: inactive players will automatically lose when time's up. (requested by p1atypus)\np1atypus has agreed to open team sheets.\nRNG can't stop me has agreed to open team sheets.\n|c|\u2606RNG can't stop me|gl hf\n|c|\u2606RNG can't stop me|thanks for open team sheet\n|inactive|RNG can't stop me has 30 seconds left.\n|inactive|RNG can't stop me has 20 seconds left.\n|inactive|RNG can't stop me has 15 seconds left.\n|\n|t:|1699982514\n|start\n|switch|p1a: Tornadus|Tornadus, L50, M|100\/100\n|switch|p1b: Landorus|Landorus-Therian, L50, M|100\/100\n|switch|p2a: Ramirez|Tornadus, L50, M|100\/100\n|switch|p2b: Sakuya|Ogerpon-Wellspring, L50, F|100\/100\n|-ability|p1b: Landorus|Intimidate|boost\n|-unboost|p2a: Ramirez|atk|1\n|-unboost|p2b: Sakuya|atk|1\n|turn|1\n|c|\u2606p1atypus|u 2\n|inactive|p1atypus has 30 seconds left.\n|inactive|RNG can't stop me has 30 seconds left.\n|inactive|RNG can't stop me has 20 seconds left.\n|inactive|p1atypus has 20 seconds left.\n|inactive|RNG can't stop me has 15 seconds left.\n|inactive|RNG can't stop me has 10 seconds left.\n|\n|t:|1699982559\n|move|p2b: Sakuya|Spiky Shield|p2b: Sakuya\n|-singleturn|p2b: Sakuya|move: Protect\n|move|p2a: Ramirez|Tailwind|p2a: Ramirez\n|-sidestart|p2: RNG can't stop me|move: Tailwind\n|move|p1b: Landorus|U-turn|p2b: Sakuya\n|-activate|p2b: Sakuya|move: Protect\n|-damage|p1b: Landorus|88\/100|[from] Spiky Shield|[of] p2b: Sakuya\n|move|p1a: Tornadus|Bleakwind Storm|p2b: Sakuya|[spread] p2a\n|-activate|p2b: Sakuya|move: Protect\n|-damage|p2a: Ramirez|60\/100\n|\n|upkeep\n|turn|2\n|\n|t:|1699982580\n|switch|p1b: Iron Hands|Iron Hands, L50|100\/100\n|-terastallize|p2b: Sakuya|Water\n|detailschange|p2b: Sakuya|Ogerpon-Wellspring-Tera, L50, F, tera:Water\n|-ability|p2b: Sakuya|Embody Aspect (Wellspring)|boost\n|-boost|p2b: Sakuya|spd|1\n|move|p2a: Ramirez|Taunt|p1a: Tornadus\n|-start|p1a: Tornadus|move: Taunt\n|move|p2b: Sakuya|Ivy Cudgel|p1b: Iron Hands|[anim] Ivy Cudgel Water\n|-damage|p1b: Iron Hands|64\/100\n|move|p1a: Tornadus|Bleakwind Storm|p2b: Sakuya|[spread] p2a,p2b\n|-damage|p2a: Ramirez|23\/100\n|-damage|p2b: Sakuya|73\/100\n|-enditem|p2a: Ramirez|Sitrus Berry|[eat]\n|-heal|p2a: Ramirez|48\/100|[from] item: Sitrus Berry\n|\n|upkeep\n|turn|3\n|\n|t:|1699982604\n|switch|p2b: palindrome|Farigiraf, L50, F|100\/100\n|move|p1b: Iron Hands|Fake Out||[still]\n|cant|p2b: palindrome|ability: Armor Tail|Fake Out|[of] p1b: Iron Hands\n|move|p2a: Ramirez|Bleakwind Storm|p1a: Tornadus|[spread] p1a,p1b\n|-damage|p1a: Tornadus|46\/100\n|-damage|p1b: Iron Hands|39\/100\n|move|p1a: Tornadus|Bleakwind Storm|p2a: Ramirez|[spread] p2a,p2b\n|-crit|p2a: Ramirez\n|-damage|p2a: Ramirez|0 fnt\n|-damage|p2b: palindrome|65\/100\n|faint|p2a: Ramirez\n|\n|upkeep\n|\n|t:|1699982619\n|switch|p2a: MMMMM 4(Beep)|Heatran, L50, M|100\/100\n|turn|4\n|inactive|p1atypus has 30 seconds left.\n|\n|t:|1699982652\n|move|p2b: palindrome|Helping Hand|p2a: MMMMM 4(Beep)\n|-singleturn|p2a: MMMMM 4(Beep)|Helping Hand|[of] p2b: palindrome\n|move|p2a: MMMMM 4(Beep)|Heat Wave|p1a: Tornadus|[spread] p1a\n|-miss|p2a: MMMMM 4(Beep)|p1b: Iron Hands\n|-damage|p1a: Tornadus|0 fnt\n|faint|p1a: Tornadus\n|move|p1b: Iron Hands|Drain Punch|p2a: MMMMM 4(Beep)\n|-supereffective|p2a: MMMMM 4(Beep)\n|-damage|p2a: MMMMM 4(Beep)|21\/100\n|-heal|p1b: Iron Hands|72\/100|[from] drain|[of] p2a: MMMMM 4(Beep)\n|\n|-sideend|p2: RNG can't stop me|move: Tailwind\n|upkeep\n|c|\u2606RNG can't stop me|fuck\n|c|\u2606RNG can't stop me|i need that on iron hands\n|\n|t:|1699982669\n|switch|p1a: Sylveon|Sylveon, L50, M|100\/100\n|turn|5\n|\n|t:|1699982691\n|move|p2b: palindrome|Helping Hand|p2a: MMMMM 4(Beep)\n|-singleturn|p2a: MMMMM 4(Beep)|Helping Hand|[of] p2b: palindrome\n|move|p1a: Sylveon|Hyper Voice|p2b: palindrome|[spread] p2a,p2b\n|-resisted|p2a: MMMMM 4(Beep)\n|-damage|p2a: MMMMM 4(Beep)|15\/100\n|-damage|p2b: palindrome|25\/100\n|-enditem|p1a: Sylveon|Throat Spray\n|-boost|p1a: Sylveon|spa|1|[from] item: Throat Spray\n|move|p2a: MMMMM 4(Beep)|Earth Power|p1b: Iron Hands\n|-supereffective|p1b: Iron Hands\n|-damage|p1b: Iron Hands|6\/100\n|move|p1b: Iron Hands|Drain Punch|p2b: palindrome\n|-damage|p2b: palindrome|0 fnt\n|-heal|p1b: Iron Hands|18\/100|[from] drain|[of] p2b: palindrome\n|-damage|p1b: Iron Hands|2\/100|[from] item: Rocky Helmet|[of] p2b: palindrome\n|faint|p2b: palindrome\n|\n|upkeep\n|\n|t:|1699982701\n|switch|p2b: Sakuya|Ogerpon-Wellspring-Tera, L50, F, tera:Water|73\/100\n|-ability|p2b: Sakuya|Embody Aspect (Wellspring)|boost\n|-boost|p2b: Sakuya|spd|1\n|turn|6\n|\n|t:|1699982724\n|move|p1a: Sylveon|Protect|p1a: Sylveon\n|-singleturn|p1a: Sylveon|Protect\n|move|p2b: Sakuya|Horn Leech|p1a: Sylveon\n|-activate|p1a: Sylveon|move: Protect\n|move|p2a: MMMMM 4(Beep)|Heat Wave|p1a: Sylveon|[spread] p1b\n|-activate|p1a: Sylveon|move: Protect\n|-damage|p1b: Iron Hands|0 fnt\n|faint|p1b: Iron Hands\n|-end|p1b: Iron Hands|Quark Drive|[silent]\n|\n|upkeep\n|\n|t:|1699982732\n|switch|p1b: Landorus|Landorus-Therian, L50, M|88\/100\n|-ability|p1b: Landorus|Intimidate|boost\n|-unboost|p2a: MMMMM 4(Beep)|atk|1\n|-unboost|p2b: Sakuya|atk|1\n|turn|7\n|\n|t:|1699982743\n|-terastallize|p1a: Sylveon|Water\n|move|p1b: Landorus|Stomping Tantrum|p2a: MMMMM 4(Beep)\n|-supereffective|p2a: MMMMM 4(Beep)\n|-damage|p2a: MMMMM 4(Beep)|0 fnt\n|faint|p2a: MMMMM 4(Beep)\n|move|p2b: Sakuya|Ivy Cudgel|p1b: Landorus|[anim] Ivy Cudgel Water\n|-supereffective|p1b: Landorus\n|-damage|p1b: Landorus|0 fnt\n|faint|p1b: Landorus\n|move|p1a: Sylveon|Hyper Voice|p2b: Sakuya\n|-damage|p2b: Sakuya|13\/100\n|\n|upkeep\n|turn|8\n|c|\u2606RNG can't stop me|damm\n|c|\u2606RNG can't stop me|quick attack win\n|c|\u2606RNG can't stop me|gg\n|\n|t:|1699982767\n|move|p2b: Sakuya|Spiky Shield|p2b: Sakuya\n|-singleturn|p2b: Sakuya|move: Protect\n|move|p1a: Sylveon|Protect||[still]\n|-fail|p1a: Sylveon\n|\n|upkeep\n|turn|9\n|\n|t:|1699982783\n|move|p1a: Sylveon|Quick Attack|p2b: Sakuya\n|-damage|p2b: Sakuya|1\/100\n|move|p2b: Sakuya|Horn Leech|p1a: Sylveon\n|-supereffective|p1a: Sylveon\n|-damage|p1a: Sylveon|32\/100\n|-heal|p2b: Sakuya|36\/100|[from] drain|[of] p1a: Sylveon\n|\n|upkeep\n|turn|10\n|-message|p1atypus forfeited.\n|\n|win|RNG can't stop me\n|raw|p1atypus's rating: 1539 &rarr; <strong>1514<\/strong><br \/>(-25 for losing)\n|raw|RNG can&apos;t stop me's rating: 1445 &rarr; <strong>1470<\/strong><br \/>(+25 for winning)\n|l|\u2606p1atypus\n|c|\u2606RNG can't stop me|gg\n","uploadtime":1699982801,"views":21,"p1id":"p1atypus","p2id":"rngcantstopme","formatid":"gen9vgc2023regulatione","rating":1470,"private":0,"password":""}