{"id":"gen9vgc2023regulatione-1994531451","p1":"Ozwald McFly","p2":"Hyakuri Mirai","format":"[Gen 9] VGC 2023 Regulation E","log":"|j|\u2606Ozwald McFly\n|j|\u2606Hyakuri Mirai\n|t:|1700455430\n|gametype|doubles\n|player|p1|Ozwald McFly|birdkeeper-gen4dp|1391\n|player|p2|Hyakuri Mirai|102|1471\n|teamsize|p1|6\n|teamsize|p2|6\n|gen|9\n|tier|[Gen 9] VGC 2023 Regulation E\n|rated|\n|rule|Species Clause: Limit one of each Pok\u00e9mon\n|rule|Item Clause: Limit one of each item\n|clearpoke\n|poke|p1|Noctowl, L50, F|\n|poke|p1|Sandy Shocks, L50|\n|poke|p1|Espeon, L50, F|\n|poke|p1|Indeedee-F, L50, F|\n|poke|p1|Iron Hands, L50|\n|poke|p1|Decidueye-Hisui, L50, M|\n|poke|p2|Landorus, L50, M|\n|poke|p2|Ogerpon-Wellspring, L50, F|\n|poke|p2|Espathra, L50, F|\n|poke|p2|Sableye, L50, F|\n|poke|p2|Iron Hands, L50|\n|poke|p2|Flutter Mane, L50|\n|teampreview|4\n|\n|t:|1700455465\n|start\n|switch|p1a: Decidueye|Decidueye-Hisui, L50, M, shiny|100\/100\n|switch|p1b: Indeedee|Indeedee-F, L50, F|100\/100\n|switch|p2a: Sableye|Sableye, L50, F|100\/100\n|switch|p2b: Landorus|Landorus, L50, M|100\/100\n|-fieldstart|move: Psychic Terrain|[from] ability: Psychic Surge|[of] p1b: Indeedee\n|turn|1\n|inactive|Battle timer is ON: inactive players will automatically lose when time's up. (requested by Hyakuri Mirai)\n|\n|t:|1700455495\n|move|p1a: Decidueye|Protect|p1a: Decidueye\n|-singleturn|p1a: Decidueye|Protect\n|move|p2a: Sableye|Gravity|p2a: Sableye\n|-fieldstart|move: Gravity\n|move|p2b: Landorus|Sludge Bomb|p1a: Decidueye\n|-activate|p1a: Decidueye|move: Protect\n|move|p1b: Indeedee|Trick Room|p1b: Indeedee\n|-fieldstart|move: Trick Room|[of] p1b: Indeedee\n|\n|upkeep\n|turn|2\n|\n|t:|1700455514\n|-terastallize|p1a: Decidueye|Fighting\n|move|p1b: Indeedee|Helping Hand|p1a: Decidueye\n|-singleturn|p1a: Decidueye|Helping Hand|[of] p1b: Indeedee\n|move|p2b: Landorus|Protect|p2b: Landorus\n|-singleturn|p2b: Landorus|Protect\n|move|p2a: Sableye|Gravity||[still]\n|-fail|p2a: Sableye\n|move|p1a: Decidueye|Leaf Blade|p2b: Landorus\n|-activate|p2b: Landorus|move: Protect\n|\n|upkeep\n|turn|3\n|inactive|Hyakuri Mirai has 30 seconds left.\n|\n|t:|1700455549\n|switch|p2a: Flutter Mane|Flutter Mane, L50|100\/100\n|-enditem|p2a: Flutter Mane|Booster Energy\n|-activate|p2a: Flutter Mane|ability: Protosynthesis|[fromitem]\n|-start|p2a: Flutter Mane|protosynthesisspa\n|-terastallize|p2b: Landorus|Poison\n|move|p1b: Indeedee|Follow Me|p1b: Indeedee\n|-singleturn|p1b: Indeedee|move: Follow Me\n|move|p1a: Decidueye|Triple Arrows|p2a: Flutter Mane\n|-resisted|p2a: Flutter Mane\n|-crit|p2a: Flutter Mane\n|-damage|p2a: Flutter Mane|23\/100\n|-unboost|p2a: Flutter Mane|def|1\n|move|p2b: Landorus|Sandsear Storm|p1a: Decidueye|[spread] p1a,p1b\n|-damage|p1a: Decidueye|42\/100\n|-damage|p1b: Indeedee|47\/100\n|-enditem|p1b: Indeedee|Sitrus Berry|[eat]\n|-heal|p1b: Indeedee|72\/100|[from] item: Sitrus Berry\n|\n|upkeep\n|turn|4\n|inactive|Ozwald McFly has 30 seconds left.\n|\n|t:|1700455575\n|move|p2a: Flutter Mane|Protect|p2a: Flutter Mane\n|-singleturn|p2a: Flutter Mane|Protect\n|move|p1a: Decidueye|Leaf Blade|p2a: Flutter Mane\n|-activate|p2a: Flutter Mane|move: Protect\n|move|p1b: Indeedee|Psyshock|p2b: Landorus\n|-supereffective|p2b: Landorus\n|-damage|p2b: Landorus|23\/100\n|move|p2b: Landorus|Sandsear Storm|p1a: Decidueye|[spread] p1a,p1b\n|-crit|p1b: Indeedee\n|-damage|p1a: Decidueye|0 fnt\n|-damage|p1b: Indeedee|0 fnt\n|faint|p1a: Decidueye\n|faint|p1b: Indeedee\n|\n|upkeep\n|\n|t:|1700455587\n|switch|p1a: Espeon|Espeon, L50, F|100\/100\n|switch|p1b: Iron Hands|Iron Hands, L50|100\/100\n|turn|5\n|\n|t:|1700455602\n|-end|p2a: Flutter Mane|Protosynthesis|[silent]\n|switch|p2a: Sableye|Sableye, L50, F|100\/100\n|move|p2b: Landorus|Protect|p2b: Landorus\n|-singleturn|p2b: Landorus|Protect\n|move|p1a: Espeon|Detect|p1a: Espeon\n|-singleturn|p1a: Espeon|Protect\n|move|p1b: Iron Hands|Earthquake|p2a: Sableye|[spread] p2a\n|-activate|p1a: Espeon|move: Protect\n|-activate|p2b: Landorus|move: Protect\n|-damage|p2a: Sableye|61\/100\n|-enditem|p2a: Sableye|Eject Button\n|\n|t:|1700455617\n|switch|p2a: Flutter Mane|Flutter Mane, L50|23\/100\n|\n|-fieldend|move: Trick Room\n|-fieldend|move: Gravity\n|-fieldend|move: Psychic Terrain\n|upkeep\n|turn|6\n|inactive|Hyakuri Mirai has 30 seconds left.\n|inactive|Hyakuri Mirai has 20 seconds left.\n|\n|t:|1700455655\n|move|p2a: Flutter Mane|Shadow Ball|p1a: Espeon\n|-supereffective|p1a: Espeon\n|-enditem|p1a: Espeon|Focus Sash\n|-damage|p1a: Espeon|1\/100\n|move|p1a: Espeon|Psychic|p2b: Landorus\n|-supereffective|p2b: Landorus\n|-damage|p2b: Landorus|0 fnt\n|faint|p2b: Landorus\n|move|p1b: Iron Hands|Heavy Slam|p2a: Flutter Mane\n|-supereffective|p2a: Flutter Mane\n|-damage|p2a: Flutter Mane|0 fnt\n|faint|p2a: Flutter Mane\n|-end|p2a: Flutter Mane|Protosynthesis|[silent]\n|\n|upkeep\n|\n|t:|1700455670\n|switch|p2a: Sableye|Sableye, L50, F|61\/100\n|switch|p2b: Iron Hands|Iron Hands, L50|100\/100\n|turn|7\n|\n|t:|1700455693\n|move|p2a: Sableye|Disable|p1a: Espeon\n|move|p1a: Espeon|Disable|p2a: Sableye|[from]ability: Magic Bounce\n|-start|p2a: Sableye|Disable|Disable\n|move|p1a: Espeon|Dazzling Gleam|p2b: Iron Hands|[spread] p2a,p2b\n|-supereffective|p2a: Sableye\n|-supereffective|p2b: Iron Hands\n|-damage|p2a: Sableye|15\/100\n|-damage|p2b: Iron Hands|72\/100\n|move|p2b: Iron Hands|Belly Drum|p2b: Iron Hands\n|-damage|p2b: Iron Hands|22\/100\n|-setboost|p2b: Iron Hands|atk|6|[from] move: Belly Drum\n|-enditem|p2b: Iron Hands|Sitrus Berry|[eat]\n|-heal|p2b: Iron Hands|46\/100|[from] item: Sitrus Berry\n|move|p1b: Iron Hands|Drain Punch|p2b: Iron Hands\n|-damage|p2b: Iron Hands|16\/100\n|\n|upkeep\n|turn|8\n|\n|t:|1700455718\n|move|p2a: Sableye|Quash|p1a: Espeon\n|-activate|p1a: Espeon|move: Quash\n|move|p2b: Iron Hands|Drain Punch|p1b: Iron Hands\n|-damage|p1b: Iron Hands|0 fnt\n|-heal|p2b: Iron Hands|62\/100|[from] drain|[of] p1b: Iron Hands\n|faint|p1b: Iron Hands\n|-end|p1b: Iron Hands|Quark Drive|[silent]\n|move|p1a: Espeon|Psychic|p2b: Iron Hands\n|-supereffective|p2b: Iron Hands\n|-damage|p2b: Iron Hands|0 fnt\n|faint|p2b: Iron Hands\n|-end|p2b: Iron Hands|Quark Drive|[silent]\n|\n|upkeep\n|turn|9\n|-message|Hyakuri Mirai forfeited.\n|\n|win|Ozwald McFly\n|raw|Ozwald McFly's rating: 1391 &rarr; <strong>1416<\/strong><br \/>(+25 for winning)\n|raw|Hyakuri Mirai's rating: 1471 &rarr; <strong>1446<\/strong><br \/>(-25 for losing)\n|l|\u2606Hyakuri Mirai\n","uploadtime":1700455737,"views":8,"p1id":"ozwaldmcfly","p2id":"hyakurimirai","formatid":"gen9vgc2023regulatione","rating":1416,"private":0,"password":""}