{"id":"gen9vgc2023regulatione-1988662988","p1":"meluieth box","p2":"py123456","format":"[Gen 9] VGC 2023 Regulation E","log":"|j|\u2606meluieth box\n|j|\u2606py123456\n|t:|1699747744\n|gametype|doubles\n|player|p1|meluieth box|caitlin|1130\n|player|p2|py123456|steven|1131\n|teamsize|p1|6\n|teamsize|p2|6\n|gen|9\n|tier|[Gen 9] VGC 2023 Regulation E\n|rated|\n|rule|Species Clause: Limit one of each Pok\u00e9mon\n|rule|Item Clause: Limit one of each item\n|clearpoke\n|poke|p1|Ninetales-Alola, L50, M|\n|poke|p1|Baxcalibur, L50, F|\n|poke|p1|Chi-Yu, L50|\n|poke|p1|Flutter Mane, L50|\n|poke|p1|Amoonguss, L50, M|\n|poke|p1|Iron Hands, L50|\n|poke|p2|Flutter Mane, L50|\n|poke|p2|Ogerpon-Wellspring, L50, F|\n|poke|p2|Iron Hands, L50|\n|poke|p2|Sableye, L50, F|\n|poke|p2|Espathra, L50, F|\n|poke|p2|Chi-Yu, L50|\n|teampreview|4\n|inactive|Battle timer is ON: inactive players will automatically lose when time's up. (requested by py123456)\nmeluieth box has agreed to open team sheets.\n|\n|t:|1699747775\n|start\n|switch|p1a: Ninetales|Ninetales-Alola, L50, M|100\/100\n|switch|p1b: Amoonguss|Amoonguss, L50, M|100\/100\n|switch|p2a: Sableye|Sableye, L50, F, shiny|100\/100\n|switch|p2b: Espathra|Espathra, L50, F|100\/100\n|-weather|Snow|[from] ability: Snow Warning|[of] p1a: Ninetales\n|turn|1\n|\n|t:|1699747798\n|move|p2b: Espathra|Protect|p2b: Espathra\n|-singleturn|p2b: Espathra|Protect\n|move|p1b: Amoonguss|Rage Powder|p1b: Amoonguss\n|-singleturn|p1b: Amoonguss|move: Rage Powder\n|move|p2a: Sableye|Gravity|p2a: Sableye\n|-fieldstart|move: Gravity\n|move|p1a: Ninetales|Aurora Veil|p1a: Ninetales\n|-sidestart|p1: meluieth box|move: Aurora Veil\n|\n|-weather|Snow|[upkeep]\n|-ability|p2b: Espathra|Speed Boost|boost\n|-boost|p2b: Espathra|spe|1\n|upkeep\n|turn|2\n|inactive|meluieth box has 30 seconds left.\n|inactive|py123456 has 30 seconds left.\n|inactive|py123456 has 20 seconds left.\n|inactive|py123456 has 15 seconds left.\n|\n|t:|1699747842\n|switch|p1b: Flutter Mane|Flutter Mane, L50|100\/100\n|move|p2a: Sableye|Encore||[still]\n|-fail|p2a: Sableye\n|move|p2b: Espathra|Lumina Crash|p1b: Flutter Mane\n|-damage|p1b: Flutter Mane|79\/100\n|-unboost|p1b: Flutter Mane|spd|2\n|move|p1a: Ninetales|Blizzard|p2a: Sableye|[spread] p2a,p2b\n|-damage|p2a: Sableye|64\/100\n|-damage|p2b: Espathra|57\/100\n|-enditem|p2a: Sableye|Eject Button\n|\n|t:|1699747858\n|switch|p2a: Iron Hands|Iron Hands, L50|100\/100\n|\n|-weather|Snow|[upkeep]\n|-ability|p2b: Espathra|Speed Boost|boost\n|-boost|p2b: Espathra|spe|1\n|upkeep\n|turn|3\n|\n|t:|1699747872\n|-terastallize|p2a: Iron Hands|Fire\n|move|p2b: Espathra|Hypnosis|p1b: Flutter Mane\n|-status|p1b: Flutter Mane|slp|[from] move: Hypnosis\n|cant|p1b: Flutter Mane|slp\n|move|p1a: Ninetales|Icy Wind|p2a: Iron Hands|[spread] p2a,p2b\n|-resisted|p2a: Iron Hands\n|-damage|p2a: Iron Hands|95\/100\n|-damage|p2b: Espathra|35\/100\n|-unboost|p2a: Iron Hands|spe|1\n|-unboost|p2b: Espathra|spe|1\n|move|p2a: Iron Hands|Belly Drum|p2a: Iron Hands\n|-damage|p2a: Iron Hands|45\/100\n|-setboost|p2a: Iron Hands|atk|6|[from] move: Belly Drum\n|-enditem|p2a: Iron Hands|Sitrus Berry|[eat]\n|-heal|p2a: Iron Hands|70\/100|[from] item: Sitrus Berry\n|\n|-weather|Snow|[upkeep]\n|-ability|p2b: Espathra|Speed Boost|boost\n|-boost|p2b: Espathra|spe|1\n|upkeep\n|turn|4\n|inactive|meluieth box has 30 seconds left.\n|inactive|py123456 has 30 seconds left.\n|inactive|py123456 has 20 seconds left.\n|\n|t:|1699747907\n|move|p2b: Espathra|Hypnosis|p1a: Ninetales\n|-status|p1a: Ninetales|slp|[from] move: Hypnosis\n|cant|p1b: Flutter Mane|slp\n|cant|p1a: Ninetales|slp\n|move|p2a: Iron Hands|Drain Punch|p1a: Ninetales\n|-damage|p1a: Ninetales|0 fnt\n|-heal|p2a: Iron Hands|99\/100|[from] drain|[of] p1a: Ninetales\n|faint|p1a: Ninetales\n|\n|-weather|Snow|[upkeep]\n|-ability|p2b: Espathra|Speed Boost|boost\n|-boost|p2b: Espathra|spe|1\n|upkeep\n|\n|t:|1699747919\n|switch|p1a: Amoonguss|Amoonguss, L50, M|100\/100\n|turn|5\n|\n|t:|1699747938\n|-terastallize|p1a: Amoonguss|Water\n|move|p2b: Espathra|Lumina Crash|p1a: Amoonguss\n|-damage|p1a: Amoonguss|84\/100\n|-unboost|p1a: Amoonguss|spd|2\n|cant|p1b: Flutter Mane|slp\n|move|p1a: Amoonguss|Spore|p2a: Iron Hands\n|-status|p2a: Iron Hands|slp|[from] move: Spore\n|cant|p2a: Iron Hands|slp\n|\n|-weather|none\n|-heal|p1a: Amoonguss|90\/100|[from] item: Leftovers\n|-sideend|p1: meluieth box|move: Aurora Veil\n|-fieldend|move: Gravity\n|-ability|p2b: Espathra|Speed Boost|boost\n|-boost|p2b: Espathra|spe|1\n|upkeep\n|turn|6\n|inactive|py123456 has 30 seconds left.\n|inactive|py123456 has 20 seconds left.\n|inactive|py123456 has 15 seconds left.\n|\n|t:|1699747983\n|switch|p2b: Ogerpon|Ogerpon-Wellspring, L50, F|100\/100\n|-curestatus|p1b: Flutter Mane|slp|[msg]\n|move|p1b: Flutter Mane|Shadow Ball|p2a: Iron Hands\n|-damage|p2a: Iron Hands|58\/100 slp\n|-damage|p1b: Flutter Mane|69\/100|[from] item: Life Orb\n|move|p1a: Amoonguss|Clear Smog|p2a: Iron Hands\n|-damage|p2a: Iron Hands|43\/100 slp\n|-clearboost|p2a: Iron Hands\n|-curestatus|p2a: Iron Hands|slp|[msg]\n|move|p2a: Iron Hands|Thunder Punch|p1b: Flutter Mane\n|-damage|p1b: Flutter Mane|0 fnt\n|faint|p1b: Flutter Mane\n|-end|p1b: Flutter Mane|Protosynthesis|[silent]\n|\n|-heal|p1a: Amoonguss|96\/100|[from] item: Leftovers\n|upkeep\n|\n|t:|1699748000\n|switch|p1b: Iron Hands|Iron Hands, L50|100\/100\n|turn|7\n|\n|t:|1699748022\n|move|p2b: Ogerpon|Spiky Shield|p2b: Ogerpon\n|-singleturn|p2b: Ogerpon|move: Protect\n|move|p2a: Iron Hands|Detect|p2a: Iron Hands\n|-singleturn|p2a: Iron Hands|Protect\n|move|p1b: Iron Hands|Fake Out|p2b: Ogerpon\n|-activate|p2b: Ogerpon|move: Protect\n|-damage|p1b: Iron Hands|88\/100|[from] Spiky Shield|[of] p2b: Ogerpon\n|move|p1a: Amoonguss|Pollen Puff|p2b: Ogerpon\n|-activate|p2b: Ogerpon|move: Protect\n|\n|-heal|p1a: Amoonguss|100\/100|[from] item: Leftovers\n|upkeep\n|turn|8\n|inactive|py123456 has 30 seconds left.\n|inactive|py123456 has 20 seconds left.\n|inactive|py123456 has 15 seconds left.\n|inactive|py123456 has 10 seconds left.\n|\n|t:|1699748069\n|switch|p2b: Sableye|Sableye, L50, F, shiny|64\/100\n|move|p1a: Amoonguss|Rage Powder|p1a: Amoonguss\n|-singleturn|p1a: Amoonguss|move: Rage Powder\n|move|p2a: Iron Hands|Drain Punch|p1a: Amoonguss\n|-damage|p1a: Amoonguss|58\/100\n|-heal|p2a: Iron Hands|62\/100|[from] drain|[of] p1a: Amoonguss\n|move|p1b: Iron Hands|Wild Charge|p2b: Sableye\n|-damage|p2b: Sableye|0 fnt\n|faint|p2b: Sableye\n|-damage|p1b: Iron Hands|79\/100|[from] Recoil\n|\n|-heal|p1a: Amoonguss|64\/100|[from] item: Leftovers\n|upkeep\n|\n|t:|1699748081\n|switch|p2b: Espathra|Espathra, L50, F|35\/100\n|turn|9\n|inactive|py123456 has 30 seconds left.\n|inactive|py123456 has 20 seconds left.\n|inactive|py123456 has 15 seconds left.\n|\n|t:|1699748122\n|move|p2b: Espathra|Protect|p2b: Espathra\n|-singleturn|p2b: Espathra|Protect\n|move|p2a: Iron Hands|Thunder Punch|p1a: Amoonguss\n|-supereffective|p1a: Amoonguss\n|-damage|p1a: Amoonguss|0 fnt\n|faint|p1a: Amoonguss\n|move|p1b: Iron Hands|Drain Punch|p2a: Iron Hands\n|-damage|p2a: Iron Hands|30\/100\n|-heal|p1b: Iron Hands|94\/100|[from] drain|[of] p2a: Iron Hands\n|\n|-ability|p2b: Espathra|Speed Boost|boost\n|-boost|p2b: Espathra|spe|1\n|upkeep\n|turn|10\n|\n|t:|1699748139\n|move|p2a: Iron Hands|Detect|p2a: Iron Hands\n|-singleturn|p2a: Iron Hands|Protect\n|move|p2b: Espathra|Lumina Crash|p1b: Iron Hands\n|-supereffective|p1b: Iron Hands\n|-damage|p1b: Iron Hands|60\/100\n|-unboost|p1b: Iron Hands|spd|2\n|move|p1b: Iron Hands|Heavy Slam|p2b: Espathra\n|-damage|p2b: Espathra|0 fnt\n|faint|p2b: Espathra\n|\n|upkeep\n|\n|t:|1699748149\n|switch|p2b: Ogerpon|Ogerpon-Wellspring, L50, F|100\/100\n|turn|11\n|\n|t:|1699748157\n|move|p2b: Ogerpon|Follow Me|p2b: Ogerpon\n|-singleturn|p2b: Ogerpon|move: Follow Me\n|move|p2a: Iron Hands|Drain Punch|p1b: Iron Hands\n|-damage|p1b: Iron Hands|34\/100\n|-heal|p2a: Iron Hands|44\/100|[from] drain|[of] p1b: Iron Hands\n|move|p1b: Iron Hands|Drain Punch|p2b: Ogerpon\n|-damage|p2b: Ogerpon|49\/100\n|-heal|p1b: Iron Hands|52\/100|[from] drain|[of] p2b: Ogerpon\n|\n|upkeep\n|turn|12\n|inactive|py123456 has 30 seconds left.\n|\n|t:|1699748191\n|move|p2b: Ogerpon|Horn Leech|p1b: Iron Hands\n|-damage|p1b: Iron Hands|25\/100\n|-heal|p2b: Ogerpon|68\/100|[from] drain|[of] p1b: Iron Hands\n|move|p2a: Iron Hands|Drain Punch|p1b: Iron Hands\n|-damage|p1b: Iron Hands|0 fnt\n|-heal|p2a: Iron Hands|57\/100|[from] drain|[of] p1b: Iron Hands\n|faint|p1b: Iron Hands\n|-end|p1b: Iron Hands|Quark Drive|[silent]\n|\n|win|py123456\n|raw|meluieth box's rating: 1130 &rarr; <strong>1105<\/strong><br \/>(-25 for losing)\n|raw|py123456's rating: 1131 &rarr; <strong>1156<\/strong><br \/>(+25 for winning)\n","uploadtime":1699748200,"views":9,"p1id":"meluiethbox","p2id":"py123456","formatid":"gen9vgc2023regulatione","rating":1105,"private":0,"password":""}