{"id":"gen9vgc2023regulatione-1988851261","p1":"kckfkfkxildlwldlf","p2":"Beauty Nova","format":"[Gen 9] VGC 2023 Regulation E","log":"|j|\u2606kckfkfkxildlwldlf\n|j|\u2606Beauty Nova\n|t:|1699773788\n|gametype|doubles\n|player|p1|kckfkfkxildlwldlf|265|1049\n|player|p2|Beauty Nova|beauty-gen6xy|1122\n|teamsize|p1|6\n|teamsize|p2|6\n|gen|9\n|tier|[Gen 9] VGC 2023 Regulation E\n|rated|\n|rule|Species Clause: Limit one of each Pok\u00e9mon\n|rule|Item Clause: Limit one of each item\n|clearpoke\n|poke|p1|Pikachu, L50, M|\n|poke|p1|Gengar, L50, F|\n|poke|p1|Pelipper, L50, F|\n|poke|p1|Salamence, L50, M|\n|poke|p1|Greninja-*, L50, F|\n|poke|p1|Toxapex, L50, M|\n|poke|p2|Oricorio-Sensu, L50, F|\n|poke|p2|Flamigo, L50, M|\n|poke|p2|Volcarona, L50, M|\n|poke|p2|Vivillon-Fancy, L50, M|\n|poke|p2|Lilligant, L50, F|\n|poke|p2|Torkoal, L50, M|\n|teampreview|4\n|inactive|Battle timer is ON: inactive players will automatically lose when time's up. (requested by Beauty Nova)\n|\n|t:|1699773838\n|start\n|switch|p1a: Pelipper|Pelipper, L50, F|100\/100\n|switch|p1b: Salamence|Salamence, L50, M|100\/100\n|switch|p2a: Lilligant|Lilligant, L50, F|100\/100\n|switch|p2b: Torkoal|Torkoal, L50, M|100\/100\n|-weather|RainDance|[from] ability: Drizzle|[of] p1a: Pelipper\n|-weather|SunnyDay|[from] ability: Drought|[of] p2b: Torkoal\n|turn|1\n|\n|t:|1699773850\n|switch|p2b: Oricorio|Oricorio-Sensu, L50, F|100\/100\n|move|p2a: Lilligant|Quiver Dance|p2a: Lilligant\n|-boost|p2a: Lilligant|spa|1\n|-boost|p2a: Lilligant|spd|1\n|-boost|p2a: Lilligant|spe|1\n|-activate|p2b: Oricorio|ability: Dancer\n|move|p2b: Oricorio|Quiver Dance|p2b: Oricorio|[from]ability: Dancer\n|-boost|p2b: Oricorio|spa|1\n|-boost|p2b: Oricorio|spd|1\n|-boost|p2b: Oricorio|spe|1\n|move|p1b: Salamence|Earthquake|p2b: Oricorio|[spread] p2a\n|-immune|p1a: Pelipper\n|-immune|p2b: Oricorio\n|-resisted|p2a: Lilligant\n|-damage|p2a: Lilligant|80\/100\n|move|p1a: Pelipper|Rain Dance|p1a: Pelipper\n|-weather|RainDance\n|\n|-weather|RainDance|[upkeep]\n|upkeep\n|turn|2\n|inactive|kckfkfkxildlwldlf has 30 seconds left.\n|inactive|kckfkfkxildlwldlf has 20 seconds left.\n|\n|t:|1699773888\n|switch|p1b: Gengar|Gengar, L50, F|100\/100\n|move|p2b: Oricorio|Protect|p2b: Oricorio\n|-singleturn|p2b: Oricorio|Protect\n|move|p2a: Lilligant|Quiver Dance|p2a: Lilligant\n|-boost|p2a: Lilligant|spa|1\n|-boost|p2a: Lilligant|spd|1\n|-boost|p2a: Lilligant|spe|1\n|-activate|p2b: Oricorio|ability: Dancer\n|move|p2b: Oricorio|Quiver Dance|p2b: Oricorio|[from]ability: Dancer\n|-boost|p2b: Oricorio|spa|1\n|-boost|p2b: Oricorio|spd|1\n|-boost|p2b: Oricorio|spe|1\n|move|p1a: Pelipper|Hurricane|p2a: Lilligant\n|-supereffective|p2a: Lilligant\n|-damage|p2a: Lilligant|26\/100\n|\n|-weather|RainDance|[upkeep]\n|upkeep\n|turn|3\n|\n|t:|1699773907\n|switch|p1b: Salamence|Salamence, L50, M|100\/100\n|move|p2a: Lilligant|Petal Dance|p1b: Salamence\n|-resisted|p1b: Salamence\n|-damage|p1b: Salamence|65\/100\n|-activate|p2b: Oricorio|ability: Dancer\n|move|p2b: Oricorio|Petal Dance|p1b: Salamence|[from]ability: Dancer\n|-resisted|p1b: Salamence\n|-damage|p1b: Salamence|42\/100\n|move|p2b: Oricorio|Substitute|p2b: Oricorio\n|-start|p2b: Oricorio|Substitute\n|-damage|p2b: Oricorio|75\/100\n|move|p1a: Pelipper|Hurricane|p2a: Lilligant\n|-supereffective|p2a: Lilligant\n|-damage|p2a: Lilligant|0 fnt\n|faint|p2a: Lilligant\n|\n|-weather|RainDance|[upkeep]\n|-heal|p2b: Oricorio|81\/100|[from] item: Leftovers\n|upkeep\n|\n|t:|1699773925\n|switch|p2a: Flamigo|Flamigo, L50, M|100\/100\n|-copyboost|p2a: Flamigo|p2b: Oricorio|[from] ability: Costar\n|turn|4\n|\n|t:|1699773946\n|move|p2b: Oricorio|Revelation Dance|p1a: Pelipper\n|-damage|p1a: Pelipper|0 fnt\n|faint|p1a: Pelipper\n|move|p2a: Flamigo|Copycat|p2a: Flamigo\n|move|p2a: Flamigo|Revelation Dance|p1b: Salamence|[from]move: Copycat\n|-damage|p1b: Salamence|0 fnt\n|faint|p1b: Salamence\n|-activate|p2b: Oricorio|ability: Dancer\n|move|p2b: Oricorio|Revelation Dance|p1: Pelipper|[from]ability: Dancer|[notarget]\n|-fail|p2b: Oricorio\n|\n|-weather|RainDance|[upkeep]\n|-heal|p2b: Oricorio|87\/100|[from] item: Leftovers\n|upkeep\n|\n|t:|1699773953\n|switch|p1b: Greninja|Greninja, L50, F|100\/100\n|switch|p1a: Gengar|Gengar, L50, F|100\/100\n|turn|5\n|\n|t:|1699773963\n|move|p2a: Flamigo|Quick Guard|p2a: Flamigo\n|-singleturn|p2a: Flamigo|Quick Guard\n|move|p1b: Greninja|Water Shuriken|p2a: Flamigo\n|-start|p1b: Greninja|typechange|Water|[from] ability: Protean\n|-activate|p2a: Flamigo|move: Quick Guard\n|move|p2b: Oricorio|Revelation Dance|p1a: Gengar\n|-supereffective|p1a: Gengar\n|-damage|p1a: Gengar|0 fnt\n|faint|p1a: Gengar\n|\n|-weather|none\n|-heal|p2b: Oricorio|93\/100|[from] item: Leftovers\n|upkeep\n|turn|6\n|inactive|kckfkfkxildlwldlf has 30 seconds left.\n|inactive|kckfkfkxildlwldlf has 20 seconds left.\n|inactive|kckfkfkxildlwldlf has 15 seconds left.\n|inactive|kckfkfkxildlwldlf has 10 seconds left.\n|inactive|kckfkfkxildlwldlf has 5 seconds left.\n|\n|t:|1699774018\n|move|p2a: Flamigo|Quick Guard|p2a: Flamigo\n|-singleturn|p2a: Flamigo|Quick Guard\n|move|p1b: Greninja|Water Shuriken|p2a: Flamigo\n|-activate|p2a: Flamigo|move: Quick Guard\n|move|p2b: Oricorio|Revelation Dance|p1b: Greninja\n|-damage|p1b: Greninja|0 fnt\n|faint|p1b: Greninja\n|\n|win|Beauty Nova\n|raw|kckfkfkxildlwldlf's rating: 1081 &rarr; <strong>1061<\/strong><br \/>(-20 for losing)\n|raw|Beauty Nova's rating: 1122 &rarr; <strong>1144<\/strong><br \/>(+22 for winning)\n|l|\u2606kckfkfkxildlwldlf\n","uploadtime":1699774028,"views":10,"p1id":"kckfkfkxildlwldlf","p2id":"beautynova","formatid":"gen9vgc2023regulatione","rating":1061,"private":0,"password":""}