{"id":"gen9vgc2023regulatione-1990681465","p1":"FFR4","p2":"narneon","format":"[Gen 9] VGC 2023 Regulation E","log":"|j|\u2606FFR4\n|j|\u2606narneon\n|t:|1699991315\n|gametype|doubles\n|player|p1|FFR4|266|1000\n|player|p2|narneon|170|1048\n|teamsize|p1|6\n|teamsize|p2|6\n|gen|9\n|tier|[Gen 9] VGC 2023 Regulation E\n|rated|\n|rule|Species Clause: Limit one of each Pok\u00e9mon\n|rule|Item Clause: Limit one of each item\n|clearpoke\n|poke|p1|Torkoal, L50, M|\n|poke|p1|Chi-Yu, L50|\n|poke|p1|Bronzong, L50|\n|poke|p1|Gastrodon, L50, M|\n|poke|p1|Grimmsnarl, L50, M|\n|poke|p1|Skeledirge, L50, M|\n|poke|p2|Roaring Moon, L50|\n|poke|p2|Milotic, L50, M|\n|poke|p2|Landorus-Therian, L50, M|\n|poke|p2|Flutter Mane, L50|\n|poke|p2|Iron Hands, L50|\n|poke|p2|Ogerpon-Hearthflame, L50, F|\n|teampreview|4\nnarneon has agreed to open team sheets.\n|inactive|Battle timer is ON: inactive players will automatically lose when time's up. (requested by FFR4)\n|\n|t:|1699991359\n|start\n|switch|p1a: Grimmsnarl|Grimmsnarl, L50, M|100\/100\n|switch|p1b: Bronzong|Bronzong, L50|100\/100\n|switch|p2a: Iron Hands|Iron Hands, L50|100\/100\n|switch|p2b: Landorus|Landorus-Therian, L50, M|100\/100\n|-ability|p2b: Landorus|Intimidate|boost\n|-unboost|p1a: Grimmsnarl|atk|1\n|-unboost|p1b: Bronzong|atk|1\n|turn|1\n|inactive|narneon has 30 seconds left.\n|\n|t:|1699991390\n|switch|p1b: Skeledirge|Skeledirge, L50, M|100\/100\n|move|p2a: Iron Hands|Fake Out|p1b: Skeledirge\n|-immune|p1b: Skeledirge\n|move|p1a: Grimmsnarl|Trick|p2b: Landorus\n|-activate|p1a: Grimmsnarl|move: Trick|[of] p2b: Landorus\n|-item|p2b: Landorus|Lagging Tail|[from] move: Trick\n|-item|p1a: Grimmsnarl|Choice Scarf|[from] move: Trick\n|move|p2b: Landorus|Rock Slide|p1a: Grimmsnarl|[spread] p1a,p1b\n|-supereffective|p1b: Skeledirge\n|-damage|p1a: Grimmsnarl|75\/100\n|-damage|p1b: Skeledirge|68\/100\n|\n|-heal|p1b: Skeledirge|73\/100|[from] item: Leftovers\n|upkeep\n|turn|2\n|inactive|narneon has 30 seconds left.\n|\n|t:|1699991420\n|switch|p2b: Milotic|Milotic, L50, M|100\/100\n|switch|p1b: Bronzong|Bronzong, L50|100\/100\n|move|p1a: Grimmsnarl|Trick|p2a: Iron Hands\n|-activate|p1a: Grimmsnarl|move: Trick|[of] p2a: Iron Hands\n|-item|p2a: Iron Hands|Choice Scarf|[from] move: Trick\n|-item|p1a: Grimmsnarl|Assault Vest|[from] move: Trick\n|move|p2a: Iron Hands|Heavy Slam|p1a: Grimmsnarl\n|-supereffective|p1a: Grimmsnarl\n|-damage|p1a: Grimmsnarl|0 fnt\n|faint|p1a: Grimmsnarl\n|\n|upkeep\n|\n|t:|1699991427\n|switch|p1a: Skeledirge|Skeledirge, L50, M|73\/100\n|turn|3\n|\n|t:|1699991440\n|-end|p2a: Iron Hands|Quark Drive|[silent]\n|switch|p2a: Landorus|Landorus-Therian, L50, M|100\/100\n|-ability|p2a: Landorus|Intimidate|boost\n|-unboost|p1a: Skeledirge|atk|1\n|-unboost|p1b: Bronzong|atk|1\n|switch|p1a: Gastrodon|Gastrodon, L50, M|100\/100\n|move|p2b: Milotic|Scald|p1a: Gastrodon\n|-ability|p1a: Gastrodon|Storm Drain|boost\n|-boost|p1a: Gastrodon|spa|1\n|move|p1b: Bronzong|Trick Room|p1b: Bronzong\n|-fieldstart|move: Trick Room|[of] p1b: Bronzong\n|\n|upkeep\n|turn|4\n|\n|t:|1699991457\n|switch|p1b: Skeledirge|Skeledirge, L50, M|73\/100\n|move|p2b: Milotic|Protect|p2b: Milotic\n|-singleturn|p2b: Milotic|Protect\n|move|p1a: Gastrodon|Ice Beam|p2a: Landorus\n|-supereffective|p2a: Landorus\n|-damage|p2a: Landorus|0 fnt\n|faint|p2a: Landorus\n|\n|-heal|p1b: Skeledirge|79\/100|[from] item: Leftovers\n|upkeep\n|\n|t:|1699991469\n|switch|p2a: Iron Hands|Iron Hands, L50|100\/100\n|turn|5\n|\n|t:|1699991480\n|move|p2a: Iron Hands|Fake Out|p1a: Gastrodon\n|-damage|p1a: Gastrodon|81\/100\n|move|p1a: Gastrodon|Earth Power|p2a: Iron Hands\n|-supereffective|p2a: Iron Hands\n|-damage|p2a: Iron Hands|18\/100\n|move|p1b: Skeledirge|Torch Song|p2a: Iron Hands\n|-damage|p2a: Iron Hands|0 fnt\n|-boost|p1b: Skeledirge|spa|1\n|faint|p2a: Iron Hands\n|-end|p2a: Iron Hands|Quark Drive|[silent]\n|move|p2b: Milotic|Scald|p1a: Gastrodon\n|-activate|p1a: Gastrodon|ability: Storm Drain\n|-ability|p1a: Gastrodon|Storm Drain|boost\n|-boost|p1a: Gastrodon|spa|1\n|\n|-heal|p1b: Skeledirge|85\/100|[from] item: Leftovers\n|upkeep\n|\n|t:|1699991492\n|switch|p2a: Roaring Moon|Roaring Moon, L50|100\/100\n|-enditem|p2a: Roaring Moon|Booster Energy\n|-activate|p2a: Roaring Moon|ability: Protosynthesis|[fromitem]\n|-start|p2a: Roaring Moon|protosynthesisatk\n|turn|6\n|\n|t:|1699991509\n|-terastallize|p1b: Skeledirge|Fairy\n|move|p1a: Gastrodon|Ice Beam|p2a: Roaring Moon\n|-supereffective|p2a: Roaring Moon\n|-damage|p2a: Roaring Moon|20\/100\n|move|p1b: Skeledirge|Tera Blast|p2a: Roaring Moon|[anim] Tera Blast Fairy\n|-supereffective|p2a: Roaring Moon\n|-damage|p2a: Roaring Moon|0 fnt\n|faint|p2a: Roaring Moon\n|-end|p2a: Roaring Moon|Protosynthesis|[silent]\n|move|p2b: Milotic|Haze|p2b: Milotic\n|-clearallboost\n|\n|-heal|p1b: Skeledirge|91\/100|[from] item: Leftovers\n|upkeep\n|turn|7\n|\n|t:|1699991527\n|move|p2b: Milotic|Protect|p2b: Milotic\n|-singleturn|p2b: Milotic|Protect\n|move|p1a: Gastrodon|Sludge Bomb|p2b: Milotic\n|-activate|p2b: Milotic|move: Protect\n|move|p1b: Skeledirge|Torch Song|p2b: Milotic\n|-activate|p2b: Milotic|move: Protect\n|\n|-heal|p1b: Skeledirge|97\/100|[from] item: Leftovers\n|-fieldend|move: Trick Room\n|upkeep\n|turn|8\n|-message|narneon forfeited.\n|\n|win|FFR4\n|raw|FFR4's rating: 1000 &rarr; <strong>1045<\/strong><br \/>(+45 for winning)\n|raw|narneon's rating: 1048 &rarr; <strong>1028<\/strong><br \/>(-20 for losing)\n|l|\u2606narneon\n","uploadtime":1699991538,"views":12,"p1id":"ffr4","p2id":"narneon","formatid":"gen9vgc2023regulatione","rating":1028,"private":0,"password":""}