{"id":"gen9vgc2023regulatione-1995252115","p1":"lupegious","p2":"That_Leek","format":"[Gen 9] VGC 2023 Regulation E","log":"|j|\u2606lupegious\n|j|\u2606That_Leek\n|t:|1700540455\n|gametype|doubles\n|player|p1|lupegious|lusamine-nihilego|1393\n|player|p2|That_Leek|blue|1477\n|teamsize|p1|6\n|teamsize|p2|6\n|gen|9\n|tier|[Gen 9] VGC 2023 Regulation E\n|rated|\n|rule|Species Clause: Limit one of each Pok\u00e9mon\n|rule|Item Clause: Limit one of each item\n|clearpoke\n|poke|p1|Okidogi, L50, M|\n|poke|p1|Munkidori, L50, M|\n|poke|p1|Farigiraf, L50, F|\n|poke|p1|Sinistcha, L50|\n|poke|p1|Enamorus-Therian, L50, F|\n|poke|p1|Azumarill, L50, F|\n|poke|p2|Gholdengo, L50|\n|poke|p2|Ogerpon-Wellspring, L50, F|\n|poke|p2|Arcanine-Hisui, L50, M|\n|poke|p2|Chien-Pao, L50|\n|poke|p2|Scream Tail, L50|\n|poke|p2|Dragonite, L50, F|\n|teampreview|4\n|inactive|Battle timer is ON: inactive players will automatically lose when time's up. (requested by lupegious)\n|inactive|That_Leek has 60 seconds left.\nThat_Leek has agreed to open team sheets.\nlupegious has agreed to open team sheets.\n|inactive|That_Leek has 30 seconds left.\n|\n|t:|1700540531\n|start\n|switch|p1a: Okidogi|Okidogi, L50, M|100\/100\n|switch|p1b: Munkidori|Munkidori, L50, M|100\/100\n|switch|p2a: Ogerpon|Ogerpon-Wellspring, L50, F|100\/100\n|switch|p2b: Gholdengo|Gholdengo, L50|100\/100\n|turn|1\n|inactive|lupegious has 30 seconds left.\n|\n|t:|1700540559\n|move|p1b: Munkidori|Psyshock|p2b: Gholdengo\n|-resisted|p2b: Gholdengo\n|-damage|p2b: Gholdengo|83\/100\n|move|p2a: Ogerpon|Ivy Cudgel|p1b: Munkidori|[anim] Ivy Cudgel Water\n|-crit|p1b: Munkidori\n|-damage|p1b: Munkidori|0 fnt\n|faint|p1b: Munkidori\n|move|p2b: Gholdengo|Nasty Plot|p2b: Gholdengo\n|-boost|p2b: Gholdengo|spa|2\n|move|p1a: Okidogi|Bulk Up|p1a: Okidogi\n|-boost|p1a: Okidogi|atk|1\n|-boost|p1a: Okidogi|def|1\n|\n|upkeep\n|\n|t:|1700540576\n|switch|p1b: Sinistcha|Sinistcha, L50|100\/100\n|turn|2\n|\n|t:|1700540588\n|switch|p2a: Arcanine|Arcanine-Hisui, L50, M|100\/100\n|-ability|p2a: Arcanine|Intimidate|boost\n|-ability|p1a: Okidogi|Guard Dog|boost\n|-boost|p1a: Okidogi|atk|1\n|-unboost|p1b: Sinistcha|atk|1\n|-terastallize|p1b: Sinistcha|Water\n|move|p2b: Gholdengo|Nasty Plot|p2b: Gholdengo\n|-boost|p2b: Gholdengo|spa|2\n|move|p1a: Okidogi|Poison Jab|p2a: Arcanine\n|-resisted|p2a: Arcanine\n|-damage|p2a: Arcanine|60\/100\n|move|p1b: Sinistcha|Calm Mind|p1b: Sinistcha\n|-boost|p1b: Sinistcha|spa|1\n|-boost|p1b: Sinistcha|spd|1\n|\n|upkeep\n|turn|3\n|\n|t:|1700540610\n|move|p2a: Arcanine|Extreme Speed|p1b: Sinistcha\n|-damage|p1b: Sinistcha|62\/100\n|move|p2b: Gholdengo|Nasty Plot|p2b: Gholdengo\n|-boost|p2b: Gholdengo|spa|2\n|move|p1a: Okidogi|Drain Punch|p2a: Arcanine\n|-supereffective|p2a: Arcanine\n|-damage|p2a: Arcanine|0 fnt\n|faint|p2a: Arcanine\n|move|p1b: Sinistcha|Matcha Gotcha|p2b: Gholdengo\n|-resisted|p2b: Gholdengo\n|-damage|p2b: Gholdengo|58\/100\n|-heal|p1b: Sinistcha|76\/100|[from] drain|[of] p2b: Gholdengo\n|\n|upkeep\n|\n|t:|1700540632\n|switch|p2a: Ogerpon|Ogerpon-Wellspring, L50, F|100\/100\n|turn|4\n|\n|t:|1700540638\n|move|p2a: Ogerpon|Spiky Shield|p2a: Ogerpon\n|-singleturn|p2a: Ogerpon|move: Protect\n|move|p2b: Gholdengo|Make It Rain|p1a: Okidogi|[spread] p1a,p1b\n|-resisted|p1b: Sinistcha\n|-damage|p1a: Okidogi|0 fnt\n|-damage|p1b: Sinistcha|14\/100\n|-unboost|p2b: Gholdengo|spa|1\n|-enditem|p1b: Sinistcha|Wiki Berry|[eat]\n|-heal|p1b: Sinistcha|47\/100|[from] item: Wiki Berry\n|faint|p1a: Okidogi\n|move|p1b: Sinistcha|Matcha Gotcha|p2a: Ogerpon|[spread] p2b\n|-activate|p2a: Ogerpon|move: Protect\n|-resisted|p2b: Gholdengo\n|-damage|p2b: Gholdengo|39\/100\n|-heal|p1b: Sinistcha|57\/100|[from] drain|[of] p2b: Gholdengo\n|-enditem|p2b: Gholdengo|Sitrus Berry|[eat]\n|-heal|p2b: Gholdengo|64\/100|[from] item: Sitrus Berry\n|\n|upkeep\n|\n|t:|1700540652\n|switch|p1a: Farigiraf|Farigiraf, L50, F|100\/100\n|turn|5\n|\n|t:|1700540658\n|move|p2b: Gholdengo|Protect|p2b: Gholdengo\n|-singleturn|p2b: Gholdengo|Protect\n|move|p2a: Ogerpon|Horn Leech|p1b: Sinistcha\n|-supereffective|p1b: Sinistcha\n|-damage|p1b: Sinistcha|0 fnt\n|faint|p1b: Sinistcha\n|move|p1a: Farigiraf|Trick Room|p1a: Farigiraf\n|-fieldstart|move: Trick Room|[of] p1a: Farigiraf\n|\n|upkeep\n|turn|6\n|-message|lupegious forfeited.\n|\n|win|That_Leek\n|raw|lupegious's rating: 1393 &rarr; <strong>1377<\/strong><br \/>(-16 for losing)\n|raw|That_Leek's rating: 1460 &rarr; <strong>1476<\/strong><br \/>(+16 for winning)\n|l|\u2606lupegious\n","uploadtime":1700540669,"views":4,"p1id":"lupegious","p2id":"thatleek","formatid":"gen9vgc2023regulatione","rating":1377,"private":0,"password":""}