{"id":"gen9vgc2023regulatione-1989477055","p1":"Silence_Broken","p2":"Powerbo","format":"[Gen 9] VGC 2023 Regulation E","log":"|j|\u2606Silence_Broken\n|j|\u2606Powerbo\n|t:|1699856884\n|gametype|doubles\n|player|p1|Silence_Broken|waiter-gen4|1000\n|player|p2|Powerbo|ninjaboy|1000\n|teamsize|p1|6\n|teamsize|p2|6\n|gen|9\n|tier|[Gen 9] VGC 2023 Regulation E\n|rated|\n|rule|Species Clause: Limit one of each Pok\u00e9mon\n|rule|Item Clause: Limit one of each item\n|clearpoke\n|poke|p1|Glimmora, L50, M|\n|poke|p1|Maushold, L50|\n|poke|p1|Annihilape, L50, M|\n|poke|p1|Brambleghast, L50, M|\n|poke|p1|Frosmoth, L50, F|\n|poke|p1|Toxapex, L50, F|\n|poke|p2|Moltres-Galar, L50|\n|poke|p2|Sinistcha-Masterpiece, L50|\n|poke|p2|Ninetales-Alola, L50, M|\n|poke|p2|Landorus-Therian, L50, M|\n|poke|p2|Iron Hands, L50|\n|poke|p2|Heatran, L50, M|\n|teampreview|4\n|\n|t:|1699856927\n|start\n|switch|p1a: Maushold|Maushold, L50|100\/100\n|switch|p1b: Annihilape|Annihilape, L50, M|100\/100\n|switch|p2a: Ninetales|Ninetales-Alola, L50, M|100\/100\n|switch|p2b: Moltres|Moltres-Galar, L50|100\/100\n|-weather|Snow|[from] ability: Snow Warning|[of] p2a: Ninetales\n|turn|1\n|\n|t:|1699856943\n|move|p2a: Ninetales|Aurora Veil|p2a: Ninetales\n|-sidestart|p2: Powerbo|move: Aurora Veil\n|move|p1a: Maushold|Beat Up|p1b: Annihilape\n|-damage|p1b: Annihilape|99\/100\n|-damage|p1b: Annihilape|96\/100\n|-damage|p1b: Annihilape|95\/100\n|-damage|p1b: Annihilape|92\/100\n|-hitcount|p1b: Annihilape|4\n|move|p1b: Annihilape|Rage Fist|p2b: Moltres\n|-resisted|p2b: Moltres\n|-damage|p2b: Moltres|68\/100\n|move|p2b: Moltres|Nasty Plot|p2b: Moltres\n|-boost|p2b: Moltres|spa|2\n|\n|-weather|Snow|[upkeep]\n|upkeep\n|turn|2\n|\n|t:|1699856983\n|move|p2b: Moltres|Protect|p2b: Moltres\n|-singleturn|p2b: Moltres|Protect\n|move|p2a: Ninetales|Moonblast|p1b: Annihilape\n|-supereffective|p1b: Annihilape\n|-damage|p1b: Annihilape|67\/100\n|move|p1a: Maushold|Encore|p2b: Moltres\n|-activate|p2b: Moltres|move: Protect\n|move|p1b: Annihilape|Rage Fist|p2a: Ninetales\n|-damage|p2a: Ninetales|33\/100\n|\n|-weather|Snow|[upkeep]\n|upkeep\n|turn|3\n|\n|t:|1699857012\n|move|p2a: Ninetales|Protect|p2a: Ninetales\n|-singleturn|p2a: Ninetales|Protect\n|move|p2b: Moltres|Protect|p2b: Moltres\n|-singleturn|p2b: Moltres|Protect\n|move|p1a: Maushold|Follow Me|p1a: Maushold\n|-singleturn|p1a: Maushold|move: Follow Me\n|move|p1b: Annihilape|Drain Punch|p2a: Ninetales\n|-activate|p2a: Ninetales|move: Protect\n|\n|-weather|Snow|[upkeep]\n|upkeep\n|turn|4\n|\n|t:|1699857031\n|switch|p2a: Sinistcha|Sinistcha-Masterpiece, L50|100\/100\n|-heal|p2b: Moltres|93\/100|[from] ability: Hospitality|[of] p2a: Sinistcha\n|move|p1a: Maushold|Follow Me|p1a: Maushold\n|-singleturn|p1a: Maushold|move: Follow Me\n|move|p1b: Annihilape|Drain Punch|p2a: Sinistcha\n|-immune|p2a: Sinistcha\n|move|p2b: Moltres|Air Slash|p1a: Maushold\n|-damage|p1a: Maushold|32\/100\n|\n|-weather|Snow|[upkeep]\n|upkeep\n|turn|5\n|\n|t:|1699857070\n|move|p2b: Moltres|Protect|p2b: Moltres\n|-singleturn|p2b: Moltres|Protect\n|move|p1a: Maushold|Follow Me|p1a: Maushold\n|-singleturn|p1a: Maushold|move: Follow Me\n|move|p1b: Annihilape|Rage Fist|p2a: Sinistcha\n|-supereffective|p2a: Sinistcha\n|-damage|p2a: Sinistcha|0 fnt\n|-damage|p1b: Annihilape|50\/100|[from] item: Rocky Helmet|[of] p2a: Sinistcha\n|faint|p2a: Sinistcha\n|\n|-weather|none\n|upkeep\n|\n|t:|1699857082\n|switch|p2a: Iron Hands|Iron Hands, L50|100\/100\n|turn|6\n|\n|t:|1699857100\n|move|p1a: Maushold|Follow Me|p1a: Maushold\n|-singleturn|p1a: Maushold|move: Follow Me\n|move|p1b: Annihilape|Drain Punch|p2a: Iron Hands\n|-damage|p2a: Iron Hands|85\/100\n|-heal|p1b: Annihilape|59\/100|[from] drain|[of] p2a: Iron Hands\n|move|p2b: Moltres|Air Slash|p1a: Maushold\n|-crit|p1a: Maushold\n|-damage|p1a: Maushold|0 fnt\n|faint|p1a: Maushold\n|move|p2a: Iron Hands|Drain Punch|p1b: Annihilape\n|-immune|p1b: Annihilape\n|\n|upkeep\n|\n|t:|1699857114\n|switch|p1a: Frosmoth|Frosmoth, L50, F|100\/100\n|turn|7\n|\n|t:|1699857140\n|move|p1b: Annihilape|Drain Punch|p2b: Moltres\n|-damage|p2b: Moltres|73\/100\n|-heal|p1b: Annihilape|67\/100|[from] drain|[of] p2b: Moltres\n|move|p2b: Moltres|Air Slash|p1b: Annihilape\n|-supereffective|p1b: Annihilape\n|-damage|p1b: Annihilape|0 fnt\n|faint|p1b: Annihilape\n|move|p1a: Frosmoth|Tailwind|p1a: Frosmoth\n|-sidestart|p1: Silence_Broken|move: Tailwind\n|move|p2a: Iron Hands|Heavy Slam|p1a: Frosmoth\n|-supereffective|p1a: Frosmoth\n|-damage|p1a: Frosmoth|0 fnt\n|faint|p1a: Frosmoth\n|\n|upkeep\n|\n|t:|1699857158\n|switch|p1b: Brambleghast|Brambleghast, L50, M|100\/100\n|-ability|p1b: Brambleghast|Wind Rider|boost\n|-boost|p1b: Brambleghast|atk|1\n|turn|8\n|\n|t:|1699857173\n|move|p1b: Brambleghast|Poltergeist|p2b: Moltres\n|-activate|p2b: Moltres|move: Poltergeist|Sitrus Berry\n|-resisted|p2b: Moltres\n|-damage|p2b: Moltres|47\/100\n|-ability|p2b: Moltres|Berserk|boost\n|-boost|p2b: Moltres|spa|1\n|-enditem|p2b: Moltres|Sitrus Berry|[eat]\n|-heal|p2b: Moltres|72\/100|[from] item: Sitrus Berry\n|move|p2b: Moltres|Fiery Wrath|p1b: Brambleghast\n|-supereffective|p1b: Brambleghast\n|-damage|p1b: Brambleghast|0 fnt\n|faint|p1b: Brambleghast\n|\n|win|Powerbo\n|raw|Silence_Broken's rating: 1000 &rarr; <strong>1000<\/strong><br \/>(+0 for losing)\n|raw|Powerbo's rating: 1000 &rarr; <strong>1040<\/strong><br \/>(+40 for winning)\n|c|\u2606Powerbo|Gg\n","uploadtime":1699857189,"views":17,"p1id":"silencebroken","p2id":"powerbo","formatid":"gen9vgc2023regulatione","rating":1000,"private":0,"password":""}