{"id":"gen9vgc2023regulatione-1993903477","p1":"tomcheung22","p2":"Juytre","format":"[Gen 9] VGC 2023 Regulation E","log":"|j|\u2606tomcheung22\n|j|\u2606Juytre\n|t:|1700372807\n|gametype|doubles\n|player|p1|tomcheung22|lady-gen4|\n|player|p2|Juytre|will|\n|teamsize|p1|6\n|teamsize|p2|6\n|gen|9\n|tier|[Gen 9] VGC 2023 Regulation E\n|rated|Tournament battle\n|rule|Species Clause: Limit one of each Pok\u00e9mon\n|rule|Item Clause: Limit one of each item\n|clearpoke\n|poke|p1|Armarouge, L50, F|\n|poke|p1|Indeedee-F, L50, F|\n|poke|p1|Scream Tail, L50|\n|poke|p1|Dondozo, L50, F|\n|poke|p1|Tatsugiri, L50, F|\n|poke|p1|Iron Hands, L50|\n|poke|p2|Ninetales-Alola, L50, M|\n|poke|p2|Flutter Mane, L50|\n|poke|p2|Arcanine-Hisui, L50, M|\n|poke|p2|Cetitan, L50, M|\n|poke|p2|Rillaboom, L50, M|\n|poke|p2|Urshifu-*, L50, M|\n|teampreview|4\n|showteam|p1|Armarouge||MindPlate|FlashFire|ArmorCannon,ExpandingForce,WideGuard,TrickRoom|||F|||50|,,,,,Psychic]Indeedee-F||PsychicSeed|PsychicSurge|DazzlingGleam,FollowMe,HelpingHand,TrickRoom|||F|||50|,,,,,Grass]Scream Tail||RoomService|Protosynthesis|PsychicFangs,DrainPunch,Howl,TrickRoom||||||50|,,,,,Water]Dondozo||SafetyGoggles|Oblivious|WaveCrash,TeraBlast,Earthquake,Protect|||F|||50|,,,,,Flying]Tatsugiri||AbilityShield|Commander|MuddyWater,DracoMeteor,Taunt,Protect|||F|||50|,,,,,Steel]Iron Hands||ClearAmulet|QuarkDrive|ThunderPunch,DrainPunch,IcePunch,FakeOut||||||50|,,,,,Grass\n|showteam|p2|Ninetales-Alola||LightClay|SnowWarning|AuroraVeil,DazzlingGleam,Blizzard,Protect|||M|||50|,,,,,Steel]Flutter Mane||FocusSash|Protosynthesis|DazzlingGleam,Protect,ShadowBall,IcyWind||||||50|,,,,,Fairy]Arcanine-Hisui||ChoiceBand|Intimidate|TeraBlast,FlareBlitz,RockSlide,ExtremeSpeed|||M|||50|,,,,,Fairy]Cetitan||ClearAmulet|SlushRush|PlayRough,IcicleCrash,IceShard,HighHorsepower|||M|||50|,,,,,Fairy]Rillaboom||AssaultVest|GrassySurge|FakeOut,GrassyGlide,KnockOff,HighHorsepower|||M|||50|,,,,,Dark]Urshifu||BlackGlasses|UnseenFist|CloseCombat,WickedBlow,SuckerPunch,Protect|||M|||50|,,,,,Dark\n|c|\u2606Juytre|Glhf\n|\n|t:|1700372838\n|start\n|switch|p1a: Iron Hands|Iron Hands, L50|100\/100\n|switch|p1b: Scream Tail|Scream Tail, L50|100\/100\n|switch|p2a: Arcanine|Arcanine-Hisui, L50, M|100\/100\n|switch|p2b: Urshifu|Urshifu, L50, M|100\/100\n|-ability|p2a: Arcanine|Intimidate|boost\n|-fail|p1a: Iron Hands|unboost|[from] item: Clear Amulet|[of] p1a: Iron Hands\n|-unboost|p1b: Scream Tail|atk|1\n|turn|1\n|j| Chrlvr\n|\n|t:|1700372868\n|switch|p2a: Rillaboom|Rillaboom, L50, M|100\/100\n|-fieldstart|move: Grassy Terrain|[from] ability: Grassy Surge|[of] p2a: Rillaboom\n|move|p1a: Iron Hands|Fake Out|p2b: Urshifu\n|-damage|p2b: Urshifu|85\/100\n|cant|p2b: Urshifu|flinch\n|move|p1b: Scream Tail|Trick Room|p1b: Scream Tail\n|-fieldstart|move: Trick Room|[of] p1b: Scream Tail\n|-enditem|p1b: Scream Tail|Room Service\n|-unboost|p1b: Scream Tail|spe|1|[from] item: Room Service\n|\n|-heal|p2b: Urshifu|91\/100|[from] Grassy Terrain\n|upkeep\n|turn|2\n|\n|t:|1700372879\n|move|p2a: Rillaboom|Fake Out|p1a: Iron Hands\n|-damage|p1a: Iron Hands|90\/100\n|move|p1b: Scream Tail|Howl|p1b: Scream Tail|[spread] p1a,p1b\n|-boost|p1a: Iron Hands|atk|1\n|-boost|p1b: Scream Tail|atk|1\n|cant|p1a: Iron Hands|flinch\n|move|p2b: Urshifu|Wicked Blow|p1b: Scream Tail\n|-crit|p1b: Scream Tail\n|-damage|p1b: Scream Tail|50\/100\n|\n|-heal|p1b: Scream Tail|56\/100|[from] Grassy Terrain\n|-heal|p1a: Iron Hands|96\/100|[from] Grassy Terrain\n|-heal|p2b: Urshifu|97\/100|[from] Grassy Terrain\n|upkeep\n|turn|3\n|\n|t:|1700372899\n|move|p2b: Urshifu|Protect|p2b: Urshifu\n|-singleturn|p2b: Urshifu|Protect\n|move|p1b: Scream Tail|Howl|p1b: Scream Tail|[spread] p1a,p1b\n|-boost|p1a: Iron Hands|atk|1\n|-boost|p1b: Scream Tail|atk|1\n|move|p1a: Iron Hands|Drain Punch|p2b: Urshifu\n|-activate|p2b: Urshifu|move: Protect\n|move|p2a: Rillaboom|High Horsepower|p1a: Iron Hands|[miss]\n|-miss|p2a: Rillaboom|p1a: Iron Hands\n|\n|-heal|p1b: Scream Tail|62\/100|[from] Grassy Terrain\n|-heal|p1a: Iron Hands|100\/100|[from] Grassy Terrain\n|-heal|p2b: Urshifu|100\/100|[from] Grassy Terrain\n|upkeep\n|turn|4\n|l| Chrlvr\n|\n|t:|1700372929\n|switch|p2b: Arcanine|Arcanine-Hisui, L50, M|100\/100\n|-ability|p2b: Arcanine|Intimidate|boost\n|-fail|p1a: Iron Hands|unboost|[from] item: Clear Amulet|[of] p1a: Iron Hands\n|-unboost|p1b: Scream Tail|atk|1\n|move|p1b: Scream Tail|Drain Punch|p2b: Arcanine\n|-supereffective|p2b: Arcanine\n|-damage|p2b: Arcanine|68\/100\n|-heal|p1b: Scream Tail|74\/100|[from] drain|[of] p2b: Arcanine\n|move|p1a: Iron Hands|Ice Punch|p2a: Rillaboom\n|-supereffective|p2a: Rillaboom\n|-damage|p2a: Rillaboom|0 fnt\n|faint|p2a: Rillaboom\n|\n|-heal|p1b: Scream Tail|80\/100|[from] Grassy Terrain\n|-heal|p2b: Arcanine|74\/100|[from] Grassy Terrain\n|upkeep\n|\n|t:|1700372933\n|switch|p2a: Urshifu|Urshifu, L50, M|100\/100\n|turn|5\n|\n|t:|1700372961\n|-terastallize|p2b: Arcanine|Fairy\n|move|p2a: Urshifu|Protect|p2a: Urshifu\n|-singleturn|p2a: Urshifu|Protect\n|move|p1b: Scream Tail|Drain Punch|p2a: Urshifu\n|-activate|p2a: Urshifu|move: Protect\n|move|p1a: Iron Hands|Thunder Punch|p2b: Arcanine\n|-damage|p2b: Arcanine|0 fnt\n|faint|p2b: Arcanine\n|\n|-heal|p1b: Scream Tail|86\/100|[from] Grassy Terrain\n|-fieldend|move: Trick Room\n|-fieldend|move: Grassy Terrain\n|upkeep\n|\n|t:|1700372971\n|switch|p2b: Flutter Mane|Flutter Mane, L50|100\/100\n|turn|6\n|\n|t:|1700372978\n|-terastallize|p1a: Iron Hands|Grass\n|move|p2b: Flutter Mane|Dazzling Gleam|p1b: Scream Tail|[spread] p1a,p1b\n|-damage|p1a: Iron Hands|77\/100\n|-damage|p1b: Scream Tail|66\/100\n|move|p2a: Urshifu|Close Combat|p1a: Iron Hands\n|-damage|p1a: Iron Hands|28\/100\n|-unboost|p2a: Urshifu|def|1\n|-unboost|p2a: Urshifu|spd|1\n|move|p1a: Iron Hands|Drain Punch|p2a: Urshifu\n|-supereffective|p2a: Urshifu\n|-damage|p2a: Urshifu|0 fnt\n|-heal|p1a: Iron Hands|66\/100|[from] drain|[of] p2a: Urshifu\n|faint|p2a: Urshifu\n|move|p1b: Scream Tail|Trick Room|p1b: Scream Tail\n|-fieldstart|move: Trick Room|[of] p1b: Scream Tail\n|\n|upkeep\n|turn|7\n|-message|Juytre forfeited.\n|\n|win|tomcheung22\n|n|\u2606tomcheung22|tomcheung22\n|n|\u2606Juytre|juytre\n|l|\u2606Juytre\n","uploadtime":1700372988,"views":10,"p1id":"tomcheung22","p2id":"juytre","formatid":"gen9vgc2023regulatione","rating":0,"private":0,"password":""}