{"id":"gen9vgc2023regulatione-1993496617","p1":"DefiantKi","p2":"gucci sister","format":"[Gen 9] VGC 2023 Regulation E","log":"|j|\u2606DefiantKi\n|j|\u2606gucci sister\n|t:|1700324832\n|gametype|doubles\n|player|p1|DefiantKi|grimsley|1166\n|player|p2|gucci sister|2|1116\n|teamsize|p1|6\n|teamsize|p2|6\n|gen|9\n|tier|[Gen 9] VGC 2023 Regulation E\n|rated|\n|rule|Species Clause: Limit one of each Pok\u00e9mon\n|rule|Item Clause: Limit one of each item\n|clearpoke\n|poke|p1|Tyranitar, L50, M|\n|poke|p1|Garganacl, L50, M|\n|poke|p1|Ogerpon-Cornerstone, L50, F|\n|poke|p1|Corviknight, L50, M|\n|poke|p1|Houndstone, L50, M|\n|poke|p1|Garchomp, L50, M|\n|poke|p2|Zapdos-Galar, L50|\n|poke|p2|Dedenne, L50, F|\n|poke|p2|Iron Valiant, L50|\n|poke|p2|Muk-Alola, L50, M|\n|poke|p2|Ceruledge, L50, F|\n|poke|p2|Ogerpon-Wellspring, L50, F|\n|teampreview|4\nDefiantKi rejected open team sheets.\n|inactive|Battle timer is ON: inactive players will automatically lose when time's up. (requested by gucci sister)\n|\n|t:|1700324874\n|start\n|switch|p1a: Tyranitar|Tyranitar, L50, M, shiny|100\/100\n|switch|p1b: Garganacl|Garganacl, L50, M, shiny|100\/100\n|switch|p2a: Dedenne|Dedenne, L50, F|100\/100\n|switch|p2b: Zapdos|Zapdos-Galar, L50|100\/100\n|-weather|Sandstorm|[from] ability: Sand Stream|[of] p1a: Tyranitar\n|turn|1\n|inactive|DefiantKi has 30 seconds left.\n|inactive|gucci sister has 30 seconds left.\n|inactive|gucci sister has 20 seconds left.\n|inactive|gucci sister has 15 seconds left.\n|inactive|gucci sister has 10 seconds left.\n|inactive|gucci sister has 5 seconds left.\n|\n|t:|1700324930\n|move|p2b: Zapdos|Detect|p2b: Zapdos\n|-singleturn|p2b: Zapdos|Protect\n|move|p1b: Garganacl|Protect|p1b: Garganacl\n|-singleturn|p1b: Garganacl|Protect\n|move|p2a: Dedenne|Nuzzle|p1a: Tyranitar\n|-damage|p1a: Tyranitar|97\/100\n|-status|p1a: Tyranitar|par\n|cant|p1a: Tyranitar|par\n|\n|-weather|Sandstorm|[upkeep]\n|-damage|p2a: Dedenne|95\/100|[from] Sandstorm\n|-damage|p2b: Zapdos|95\/100|[from] Sandstorm\n|upkeep\n|turn|2\n|inactive|gucci sister has 30 seconds left.\n|\n|t:|1700324958\n|move|p2a: Dedenne|Super Fang|p1b: Garganacl\n|-damage|p1b: Garganacl|50\/100\n|move|p2b: Zapdos|Thunderous Kick|p1a: Tyranitar\n|-supereffective|p1a: Tyranitar\n|-damage|p1a: Tyranitar|0 fnt\n|faint|p1a: Tyranitar\n|move|p1b: Garganacl|Salt Cure|p2a: Dedenne\n|-damage|p2a: Dedenne|72\/100\n|-start|p2a: Dedenne|Salt Cure\n|\n|-weather|Sandstorm|[upkeep]\n|-damage|p2a: Dedenne|66\/100|[from] Sandstorm\n|-damage|p2b: Zapdos|89\/100|[from] Sandstorm\n|-heal|p1b: Garganacl|56\/100|[from] item: Leftovers\n|-damage|p2a: Dedenne|54\/100|[from] Salt Cure\n|upkeep\n|\n|t:|1700324967\n|switch|p1a: Garchomp|Garchomp, L50, M|100\/100\n|turn|3\n|\n|t:|1700324980\n|-terastallize|p2b: Zapdos|Ice\n|move|p2a: Dedenne|Charm|p1a: Garchomp\n|-unboost|p1a: Garchomp|atk|2\n|move|p2b: Zapdos|Thunderous Kick|p1b: Garganacl\n|-supereffective|p1b: Garganacl\n|-damage|p1b: Garganacl|6\/100\n|-unboost|p1b: Garganacl|def|1\n|move|p1a: Garchomp|Stomping Tantrum|p2a: Dedenne\n|-supereffective|p2a: Dedenne\n|-damage|p2a: Dedenne|0 fnt\n|faint|p2a: Dedenne\n|move|p1b: Garganacl|Salt Cure|p2b: Zapdos\n|-supereffective|p2b: Zapdos\n|-damage|p2b: Zapdos|56\/100\n|-start|p2b: Zapdos|Salt Cure\n|-enditem|p2b: Zapdos|Weakness Policy\n|-boost|p2b: Zapdos|atk|2|[from] item: Weakness Policy\n|-boost|p2b: Zapdos|spa|2|[from] item: Weakness Policy\n|\n|-weather|Sandstorm|[upkeep]\n|-damage|p2b: Zapdos|50\/100|[from] Sandstorm\n|-heal|p1b: Garganacl|12\/100|[from] item: Leftovers\n|-damage|p2b: Zapdos|38\/100|[from] Salt Cure\n|upkeep\n|\n|t:|1700324984\n|switch|p2a: Iron Valiant|Iron Valiant, L50|100\/100\n|-enditem|p2a: Iron Valiant|Booster Energy\n|-activate|p2a: Iron Valiant|ability: Quark Drive|[fromitem]\n|-start|p2a: Iron Valiant|quarkdrivespe\n|turn|4\n|\n|t:|1700324991\n|move|p1a: Garchomp|Protect|p1a: Garchomp\n|-singleturn|p1a: Garchomp|Protect\n|move|p1b: Garganacl|Protect|p1b: Garganacl\n|-singleturn|p1b: Garganacl|Protect\n|move|p2a: Iron Valiant|Moonblast|p1b: Garganacl\n|-activate|p1b: Garganacl|move: Protect\n|move|p2b: Zapdos|Tera Blast|p1a: Garchomp|[anim] Tera Blast Ice\n|-activate|p1a: Garchomp|move: Protect\n|\n|-weather|Sandstorm|[upkeep]\n|-damage|p2a: Iron Valiant|94\/100|[from] Sandstorm\n|-damage|p2b: Zapdos|32\/100|[from] Sandstorm\n|-heal|p1b: Garganacl|17\/100|[from] item: Leftovers\n|-damage|p2b: Zapdos|20\/100|[from] Salt Cure\n|upkeep\n|turn|5\n|inactive|DefiantKi has 30 seconds left.\n|inactive|gucci sister has 30 seconds left.\n|inactive|gucci sister has 20 seconds left.\n|inactive|gucci sister has 15 seconds left.\n|inactive|gucci sister has 10 seconds left.\n|inactive|gucci sister has 5 seconds left.\n|\n|t:|1700325046\n|move|p2b: Zapdos|Detect|p2b: Zapdos\n|-singleturn|p2b: Zapdos|Protect\n|move|p2a: Iron Valiant|Destiny Bond|p2a: Iron Valiant\n|-singlemove|p2a: Iron Valiant|Destiny Bond\n|move|p1a: Garchomp|Rock Slide|p2b: Zapdos|[spread] p2a\n|-activate|p2b: Zapdos|move: Protect\n|-resisted|p2a: Iron Valiant\n|-damage|p2a: Iron Valiant|88\/100\n|move|p1b: Garganacl|Recover|p1b: Garganacl\n|-heal|p1b: Garganacl|67\/100\n|\n|-weather|Sandstorm|[upkeep]\n|-damage|p2a: Iron Valiant|82\/100|[from] Sandstorm\n|-damage|p2b: Zapdos|14\/100|[from] Sandstorm\n|-heal|p1b: Garganacl|73\/100|[from] item: Leftovers\n|-damage|p2b: Zapdos|2\/100|[from] Salt Cure\n|upkeep\n|turn|6\n|inactive|gucci sister has 30 seconds left.\n|\n|t:|1700325071\n|move|p1a: Garchomp|Protect|p1a: Garchomp\n|-singleturn|p1a: Garchomp|Protect\n|move|p1b: Garganacl|Protect|p1b: Garganacl\n|-singleturn|p1b: Garganacl|Protect\n|move|p2a: Iron Valiant|Moonblast|p1a: Garchomp\n|-activate|p1a: Garchomp|move: Protect\n|move|p2b: Zapdos|Thunderous Kick|p1b: Garganacl\n|-activate|p1b: Garganacl|move: Protect\n|\n|-weather|Sandstorm|[upkeep]\n|-damage|p2a: Iron Valiant|76\/100|[from] Sandstorm\n|-damage|p2b: Zapdos|0 fnt|[from] Sandstorm\n|faint|p2b: Zapdos\n|-heal|p1b: Garganacl|79\/100|[from] item: Leftovers\n|upkeep\n|\n|t:|1700325074\n|switch|p2b: Muk|Muk-Alola, L50, M|100\/100\n|turn|7\n|\n|t:|1700325090\n|move|p2a: Iron Valiant|Encore|p1a: Garchomp\n|-start|p1a: Garchomp|Encore\n|move|p1a: Garchomp|Protect||[still]\n|-fail|p1a: Garchomp\n|move|p2b: Muk|Knock Off|p1b: Garganacl\n|-damage|p1b: Garganacl|45\/100\n|-enditem|p1b: Garganacl|Leftovers|[from] move: Knock Off|[of] p2b: Muk\n|move|p1b: Garganacl|Salt Cure|p2b: Muk\n|-damage|p2b: Muk|88\/100\n|-start|p2b: Muk|Salt Cure\n|\n|-weather|Sandstorm|[upkeep]\n|-damage|p2a: Iron Valiant|70\/100|[from] Sandstorm\n|-damage|p2b: Muk|82\/100|[from] Sandstorm\n|-damage|p2b: Muk|69\/100|[from] Salt Cure\n|upkeep\n|turn|8\n|\n|t:|1700325106\n|switch|p1a: Houndstone|Houndstone, L50, M|100\/100\n|move|p1b: Garganacl|Protect|p1b: Garganacl\n|-singleturn|p1b: Garganacl|Protect\n|move|p2a: Iron Valiant|Disable|p1b: Garganacl\n|-activate|p1b: Garganacl|move: Protect\n|move|p2b: Muk|Poison Jab|p1a: Houndstone\n|-resisted|p1a: Houndstone\n|-damage|p1a: Houndstone|84\/100\n|\n|-weather|none\n|-damage|p2b: Muk|57\/100|[from] Salt Cure\n|upkeep\n|turn|9\n|\n|t:|1700325126\n|switch|p1a: Garchomp|Garchomp, L50, M|100\/100\n|move|p2a: Iron Valiant|Moonblast|p1a: Garchomp\n|-supereffective|p1a: Garchomp\n|-damage|p1a: Garchomp|29\/100\n|-unboost|p1a: Garchomp|spa|1\n|move|p2b: Muk|Knock Off|p1a: Garchomp\n|-damage|p1a: Garchomp|0 fnt\n|-damage|p2b: Muk|41\/100|[from] item: Rocky Helmet|[of] p1a: Garchomp\n|-enditem|p1a: Garchomp|Rocky Helmet|[from] move: Knock Off|[of] p2b: Muk\n|faint|p1a: Garchomp\n|move|p1b: Garganacl|Recover|p1b: Garganacl\n|-heal|p1b: Garganacl|95\/100\n|\n|-damage|p2b: Muk|28\/100|[from] Salt Cure\n|upkeep\n|\n|t:|1700325135\n|switch|p1a: Houndstone|Houndstone, L50, M|84\/100\n|turn|10\n|\n|t:|1700325142\n|move|p2a: Iron Valiant|Moonblast|p1a: Houndstone\n|-damage|p1a: Houndstone|34\/100\n|-enditem|p1a: Houndstone|Sitrus Berry|[eat]\n|-heal|p1a: Houndstone|59\/100|[from] item: Sitrus Berry\n|move|p1a: Houndstone|Last Respects|p2a: Iron Valiant\n|-damage|p2a: Iron Valiant|0 fnt\n|faint|p2a: Iron Valiant\n|-end|p2a: Iron Valiant|Quark Drive|[silent]\n|move|p2b: Muk|Poison Jab|p1a: Houndstone\n|-resisted|p1a: Houndstone\n|-damage|p1a: Houndstone|41\/100\n|-status|p1a: Houndstone|psn\n|move|p1b: Garganacl|Body Press|p2b: Muk\n|-damage|p2b: Muk|11\/100\n|-damage|p1b: Garganacl|79\/100|[from] item: Rocky Helmet|[of] p2b: Muk\n|\n|-damage|p1a: Houndstone|28\/100 psn|[from] psn\n|-damage|p2b: Muk|0 fnt|[from] Salt Cure\n|faint|p2b: Muk\n|\n|win|DefiantKi\n|upkeep\n|raw|DefiantKi's rating: 1166 &rarr; <strong>1187<\/strong><br \/>(+21 for winning)\n|raw|gucci sister's rating: 1116 &rarr; <strong>1095<\/strong><br \/>(-21 for losing)\n|c|\u2606DefiantKi|gg\n|c|\u2606gucci sister|gg\n|c|\u2606gucci sister|wp\n|l|\u2606gucci sister\n|c|\u2606DefiantKi|ngl i thought i lost that\n","uploadtime":1700325150,"views":9,"p1id":"defiantki","p2id":"guccisister","formatid":"gen9vgc2023regulatione","rating":1095,"private":0,"password":""}