{"id":"gen9vgc2023regulatione-1999872960","p1":"simp de incineroar","p2":"ThorF_Unnoetig","format":"[Gen 9] VGC 2023 Regulation E","log":"|j|\u2606simp de incineroar\n|j|\u2606ThorF_Unnoetig\n|t:|1701124977\n|gametype|doubles\n|player|p1|simp de incineroar|dawn-gen4pt|1051\n|player|p2|ThorF_Unnoetig|170|1033\n|teamsize|p1|6\n|teamsize|p2|6\n|gen|9\n|tier|[Gen 9] VGC 2023 Regulation E\n|rated|\n|rule|Species Clause: Limit one of each Pok\u00e9mon\n|rule|Item Clause: Limit one of each item\n|clearpoke\n|poke|p1|Gastrodon, L50, F|\n|poke|p1|Ninetales-Alola, L50, F|\n|poke|p1|Sinistcha, L50|\n|poke|p1|Urshifu-*, L50, M|\n|poke|p1|Gliscor, L50, F|\n|poke|p1|Rillaboom, L50, M|\n|poke|p2|Sableye, L50, F|\n|poke|p2|Cloyster, L50, F|\n|poke|p2|Flutter Mane, L50|\n|poke|p2|Iron Hands, L50|\n|poke|p2|Tornadus, L50, M|\n|poke|p2|Flamigo, L50, F|\n|teampreview|4\n|\n|t:|1701124992\n|start\n|switch|p1a: Gliscor|Gliscor, L50, F|100\/100\n|switch|p1b: Rillaboom|Rillaboom, L50, M|100\/100\n|switch|p2a: Sableye|Sableye, L50, F, shiny|100\/100\n|switch|p2b: Cloyster|Cloyster, L50, F, shiny|100\/100\n|-fieldstart|move: Grassy Terrain|[from] ability: Grassy Surge|[of] p1b: Rillaboom\n|turn|1\n|\n|t:|1701125008\n|-terastallize|p2b: Cloyster|Poison\n|move|p1b: Rillaboom|Fake Out|p2b: Cloyster\n|-damage|p2b: Cloyster|83\/100\n|-damage|p1b: Rillaboom|91\/100|[from] item: Life Orb\n|move|p2a: Sableye|Fake Out|p1b: Rillaboom\n|-damage|p1b: Rillaboom|83\/100\n|cant|p2b: Cloyster|flinch\n|move|p1a: Gliscor|Toxic|p2b: Cloyster\n|-immune|p2b: Cloyster\n|\n|-heal|p2b: Cloyster|88\/100|[from] Grassy Terrain\n|-heal|p1b: Rillaboom|89\/100|[from] Grassy Terrain\n|-status|p1a: Gliscor|tox|[from] item: Toxic Orb\n|upkeep\n|turn|2\n|\n|t:|1701125031\n|switch|p1b: Gastrodon|Gastrodon, L50, F|100\/100\n|move|p2a: Sableye|Encore||[still]\n|-fail|p2a: Sableye\n|move|p2b: Cloyster|Icicle Spear|p1a: Gliscor\n|-supereffective|p1a: Gliscor\n|-damage|p1a: Gliscor|55\/100 tox\n|-supereffective|p1a: Gliscor\n|-damage|p1a: Gliscor|12\/100 tox\n|-supereffective|p1a: Gliscor\n|-damage|p1a: Gliscor|0 fnt\n|faint|p1a: Gliscor\n|-hitcount|p1: Gliscor|3\n|-damage|p2b: Cloyster|79\/100|[from] item: Life Orb\n|\n|-heal|p2b: Cloyster|84\/100|[from] Grassy Terrain\n|upkeep\n|\n|t:|1701125043\n|switch|p1a: Urshifu|Urshifu, L50, M|100\/100\n|turn|3\n|inactive|Battle timer is ON: inactive players will automatically lose when time's up. (requested by simp de incineroar)\n|\n|t:|1701125087\n|switch|p2b: Flamigo|Flamigo, L50, F, shiny|100\/100\n|-copyboost|p2b: Flamigo|p2a: Sableye|[from] ability: Costar\n|move|p1a: Urshifu|Protect|p1a: Urshifu\n|-singleturn|p1a: Urshifu|Protect\n|move|p2a: Sableye|Thunder Wave|p1a: Urshifu\n|-activate|p1a: Urshifu|move: Protect\n|move|p1b: Gastrodon|Earth Power|p2b: Flamigo\n|-immune|p2b: Flamigo\n|\n|upkeep\n|turn|4\n|inactive|simp de incineroar has 30 seconds left.\n|\n|t:|1701125112\n|-terastallize|p1a: Urshifu|Ghost\n|move|p2a: Sableye|Thunder Wave|p1a: Urshifu\n|-status|p1a: Urshifu|par\n|move|p2b: Flamigo|Acrobatics|p1a: Urshifu\n|-damage|p1a: Urshifu|71\/100 par\n|move|p1a: Urshifu|Wicked Blow|p2b: Flamigo\n|-resisted|p2b: Flamigo\n|-crit|p2b: Flamigo\n|-damage|p2b: Flamigo|42\/100\n|move|p1b: Gastrodon|Ice Beam|p2b: Flamigo\n|-supereffective|p2b: Flamigo\n|-damage|p2b: Flamigo|0 fnt\n|faint|p2b: Flamigo\n|\n|-heal|p1a: Urshifu|77\/100 par|[from] Grassy Terrain\n|upkeep\n|\n|t:|1701125136\n|switch|p2b: Flutter Mane|Flutter Mane, L50, shiny|100\/100\n|-enditem|p2b: Flutter Mane|Booster Energy\n|-activate|p2b: Flutter Mane|ability: Protosynthesis|[fromitem]\n|-start|p2b: Flutter Mane|protosynthesisspe\n|turn|5\n|\n|t:|1701125151\n|move|p2a: Sableye|Encore|p1b: Gastrodon\n|-start|p1b: Gastrodon|Encore\n|move|p1a: Urshifu|Sucker Punch|p2b: Flutter Mane\n|-damage|p2b: Flutter Mane|2\/100\n|move|p2b: Flutter Mane|Shadow Ball|p1a: Urshifu\n|-supereffective|p1a: Urshifu\n|-damage|p1a: Urshifu|0 fnt\n|faint|p1a: Urshifu\n|move|p1b: Gastrodon|Ice Beam|p2b: Flutter Mane\n|-damage|p2b: Flutter Mane|0 fnt\n|faint|p2b: Flutter Mane\n|-end|p2b: Flutter Mane|Protosynthesis|[silent]\n|\n|-fieldend|move: Grassy Terrain\n|upkeep\n|\n|t:|1701125171\n|switch|p2b: Cloyster|Cloyster, L50, F, shiny, tera:Poison|84\/100\n|switch|p1a: Rillaboom|Rillaboom, L50, M|89\/100\n|-fieldstart|move: Grassy Terrain|[from] ability: Grassy Surge|[of] p1a: Rillaboom\n|turn|6\n|\n|t:|1701125185\n|move|p1a: Rillaboom|Fake Out|p2b: Cloyster\n|-damage|p2b: Cloyster|66\/100\n|-damage|p1a: Rillaboom|79\/100|[from] item: Life Orb\n|move|p2a: Sableye|Thunder Wave|p1a: Rillaboom\n|-status|p1a: Rillaboom|par\n|cant|p2b: Cloyster|flinch\n|move|p1b: Gastrodon|Ice Beam|p2b: Cloyster\n|-damage|p2b: Cloyster|4\/100\n|\n|-heal|p2b: Cloyster|10\/100|[from] Grassy Terrain\n|-heal|p1a: Rillaboom|85\/100 par|[from] Grassy Terrain\n|upkeep\n|turn|7\n|inactive|ThorF_Unnoetig has 30 seconds left.\n|\n|t:|1701125213\n|move|p1a: Rillaboom|Grassy Glide|p2b: Cloyster\n|-resisted|p2b: Cloyster\n|-damage|p2b: Cloyster|0 fnt\n|faint|p2b: Cloyster\n|-damage|p1a: Rillaboom|75\/100 par|[from] item: Life Orb\n|move|p2a: Sableye|Icy Wind|p1a: Rillaboom|[spread] p1a,p1b\n|-supereffective|p1a: Rillaboom\n|-damage|p1a: Rillaboom|53\/100 par\n|-damage|p1b: Gastrodon|95\/100\n|-unboost|p1a: Rillaboom|spe|1\n|-unboost|p1b: Gastrodon|spe|1\n|move|p1b: Gastrodon|Ice Beam|p2a: Sableye\n|-damage|p2a: Sableye|62\/100\n|-status|p2a: Sableye|frz\n|\n|-heal|p2a: Sableye|67\/100 frz|[from] Grassy Terrain\n|-heal|p1b: Gastrodon|100\/100|[from] Grassy Terrain\n|-heal|p1a: Rillaboom|59\/100 par|[from] Grassy Terrain\n|-end|p1b: Gastrodon|Encore\n|upkeep\n|turn|8\n|-message|ThorF_Unnoetig forfeited.\n|\n|win|simp de incineroar\n|raw|simp de incineroar's rating: 1051 &rarr; <strong>1082<\/strong><br \/>(+31 for winning)\n|raw|ThorF_Unnoetig's rating: 1033 &rarr; <strong>1019<\/strong><br \/>(-14 for losing)\n|l|\u2606ThorF_Unnoetig\n","uploadtime":1701125237,"views":2,"p1id":"simpdeincineroar","p2id":"thorfunnoetig","formatid":"gen9vgc2023regulatione","rating":1019,"private":0,"password":""}