{"id":"gen9vgc2023regulatione-1999881671","p1":"Postitobrien","p2":"slimejrlegit","format":"[Gen 9] VGC 2023 Regulation E","log":"|j|\u2606Postitobrien\n|j|\u2606slimejrlegit\n|t:|1701125878\n|gametype|doubles\n|player|p1|Postitobrien|266|1343\n|player|p2|slimejrlegit|2|1454\n|teamsize|p1|6\n|teamsize|p2|6\n|gen|9\n|tier|[Gen 9] VGC 2023 Regulation E\n|rated|\n|rule|Species Clause: Limit one of each Pok\u00e9mon\n|rule|Item Clause: Limit one of each item\n|clearpoke\n|poke|p1|Farigiraf, L50, F|\n|poke|p1|Trevenant, L50, F|\n|poke|p1|Ursaluna-Bloodmoon, L50, M|\n|poke|p1|Arcanine-Hisui, L50, M|\n|poke|p1|Ogerpon-Wellspring, L50, F|\n|poke|p1|Roaring Moon, L50|\n|poke|p2|Armarouge, L50, M|\n|poke|p2|Roaring Moon, L50|\n|poke|p2|Regieleki, L50|\n|poke|p2|Enamorus, L50, F|\n|poke|p2|Sneasler, L50, M|\n|poke|p2|Indeedee-F, L50, F|\n|teampreview|4\n|j| Lando129\nPostitobrien has agreed to open team sheets.\n|inactive|Battle timer is ON: inactive players will automatically lose when time's up. (requested by Postitobrien)\n|l|\u2606slimejrlegit\n|inactive|slimejrlegit disconnected and has a minute to reconnect!\n|player|p2|\n|l| Lando129\n|inactive|slimejrlegit has 30 seconds to reconnect!\n|j|\u2606slimejrlegit\n|inactive|slimejrlegit reconnected and has 50 seconds left.\n|player|p2|slimejrlegit|2\n|\n|t:|1701125993\n|start\n|switch|p1a: Farigiraf|Farigiraf, L50, F|100\/100\n|switch|p1b: Arcanine|Arcanine-Hisui, L50, M|100\/100\n|switch|p2a: Indeedee|Indeedee-F, L50, F|100\/100\n|switch|p2b: Armarouge|Armarouge, L50, M|100\/100\n|-ability|p1b: Arcanine|Intimidate|boost\n|-unboost|p2a: Indeedee|atk|1\n|-unboost|p2b: Armarouge|atk|1\n|-fieldstart|move: Psychic Terrain|[from] ability: Psychic Surge|[of] p2a: Indeedee\n|turn|1\n|inactive|Postitobrien has 30 seconds left.\n|inactive|Postitobrien has 20 seconds left.\n|inactive|Postitobrien has 15 seconds left.\n|inactive|Postitobrien has 10 seconds left.\n|\n|t:|1701126042\n|switch|p1a: Ogerpon|Ogerpon-Wellspring, L50, F|100\/100\n|move|p2b: Armarouge|Wide Guard|p2b: Armarouge\n|-singleturn|p2b: Armarouge|Wide Guard\n|move|p1b: Arcanine|Rock Slide|p2a: Indeedee|[spread] \n|-activate|p2a: Indeedee|move: Wide Guard\n|-activate|p2b: Armarouge|move: Wide Guard\n|move|p2a: Indeedee|Trick Room|p2a: Indeedee\n|-fieldstart|move: Trick Room|[of] p2a: Indeedee\n|\n|upkeep\n|turn|2\n|\n|t:|1701126067\n|-terastallize|p2b: Armarouge|Psychic\n|-terastallize|p1a: Ogerpon|Water\n|detailschange|p1a: Ogerpon|Ogerpon-Wellspring-Tera, L50, F, tera:Water\n|-ability|p1a: Ogerpon|Embody Aspect (Wellspring)|boost\n|-boost|p1a: Ogerpon|spd|1\n|move|p2a: Indeedee|Follow Me|p2a: Indeedee\n|-singleturn|p2a: Indeedee|move: Follow Me\n|move|p2b: Armarouge|Expanding Force|p1b: Arcanine|[spread] p1a,p1b\n|-damage|p1a: Ogerpon|28\/100\n|-damage|p1b: Arcanine|0 fnt\n|faint|p1b: Arcanine\n|-damage|p2b: Armarouge|91\/100|[from] item: Life Orb\n|move|p1a: Ogerpon|Ivy Cudgel|p2a: Indeedee|[anim] Ivy Cudgel Water\n|-damage|p2a: Indeedee|0 fnt\n|faint|p2a: Indeedee\n|\n|upkeep\n|\n|t:|1701126084\n|switch|p2a: Regieleki|Regieleki, L50|100\/100\n|switch|p1b: Farigiraf|Farigiraf, L50, F|100\/100\n|turn|3\n|\n|t:|1701126100\n|move|p1a: Ogerpon|Spiky Shield|p1a: Ogerpon\n|-singleturn|p1a: Ogerpon|move: Protect\n|move|p2b: Armarouge|Expanding Force|p1b: Farigiraf|[spread] p1b\n|-activate|p1a: Ogerpon|move: Protect\n|-resisted|p1b: Farigiraf\n|-damage|p1b: Farigiraf|47\/100\n|-damage|p2b: Armarouge|81\/100|[from] item: Life Orb\n|move|p2a: Regieleki|Eerie Impulse|p1b: Farigiraf\n|-unboost|p1b: Farigiraf|spa|2\n|move|p1b: Farigiraf|Trick Room|p1b: Farigiraf\n|-fieldend|move: Trick Room\n|\n|upkeep\n|turn|4\n|inactive|Postitobrien has 30 seconds left.\n|inactive|slimejrlegit has 30 seconds left.\n|\n|t:|1701126127\n|move|p1b: Farigiraf|Protect|p1b: Farigiraf\n|-singleturn|p1b: Farigiraf|Protect\n|move|p2a: Regieleki|Electroweb|p1b: Farigiraf|[spread] p1a\n|-activate|p1b: Farigiraf|move: Protect\n|-supereffective|p1a: Ogerpon\n|-damage|p1a: Ogerpon|0 fnt\n|faint|p1a: Ogerpon\n|move|p2b: Armarouge|Expanding Force|p1b: Farigiraf\n|-activate|p1b: Farigiraf|move: Protect\n|\n|upkeep\n|\n|t:|1701126136\n|switch|p1a: Trevenant|Trevenant, L50, F, shiny|100\/100\n|turn|5\n|\n|t:|1701126145\n|move|p2a: Regieleki|Electroweb|p1a: Trevenant|[spread] p1a,p1b\n|-resisted|p1a: Trevenant\n|-damage|p1a: Trevenant|89\/100\n|-damage|p1b: Farigiraf|23\/100\n|-unboost|p1a: Trevenant|spe|1\n|-unboost|p1b: Farigiraf|spe|1\n|move|p2b: Armarouge|Expanding Force|p1b: Farigiraf|[spread] p1a,p1b\n|-resisted|p1b: Farigiraf\n|-damage|p1a: Trevenant|0 fnt\n|-damage|p1b: Farigiraf|0 fnt\n|faint|p1a: Trevenant\n|faint|p1b: Farigiraf\n|-damage|p2b: Armarouge|71\/100|[from] item: Life Orb\n|\n|win|slimejrlegit\n|raw|Postitobrien's rating: 1343 &rarr; <strong>1329<\/strong><br \/>(-14 for losing)\n|raw|slimejrlegit's rating: 1454 &rarr; <strong>1468<\/strong><br \/>(+14 for winning)\n|l|\u2606Postitobrien\n","uploadtime":1701126163,"views":1,"p1id":"postitobrien","p2id":"slimejrlegit","formatid":"gen9vgc2023regulatione","rating":1329,"private":0,"password":""}