{"id":"gen9vgc2023regulatione-1994624435","p1":"someoel","p2":"Mishima14","format":"[Gen 9] VGC 2023 Regulation E","log":"|j|\u2606someoel\n|j|\u2606Mishima14\n|t:|1700471307\n|gametype|doubles\n|player|p1|someoel|caitlin|1476\n|player|p2|Mishima14|265|1491\n|teamsize|p1|6\n|teamsize|p2|6\n|gen|9\n|tier|[Gen 9] VGC 2023 Regulation E\n|rated|\n|rule|Species Clause: Limit one of each Pok\u00e9mon\n|rule|Item Clause: Limit one of each item\n|clearpoke\n|poke|p1|Flutter Mane, L50|\n|poke|p1|Urshifu-*, L50, M|\n|poke|p1|Ogerpon-Wellspring, L50, F|\n|poke|p1|Iron Hands, L50|\n|poke|p1|Chi-Yu, L50|\n|poke|p1|Indeedee-F, L50, F|\n|poke|p2|Roaring Moon, L50|\n|poke|p2|Flutter Mane, L50|\n|poke|p2|Gholdengo, L50|\n|poke|p2|Urshifu-*, L50, M|\n|poke|p2|Rillaboom, L50, M|\n|poke|p2|Arcanine-Hisui, L50, M|\n|teampreview|4\n|inactive|Battle timer is ON: inactive players will automatically lose when time's up. (requested by Mishima14)\n|inactive|someoel has 60 seconds left.\n|\n|t:|1700471341\n|start\n|switch|p1a: Flutter Mane|Flutter Mane, L50|100\/100\n|switch|p1b: Chi-Yu|Chi-Yu, L50|100\/100\n|switch|p2a: Roaring Moon|Roaring Moon, L50, shiny|100\/100\n|switch|p2b: Urshifu|Urshifu-Rapid-Strike, L50, M|100\/100\n|-ability|p1b: Chi-Yu|Beads of Ruin\n|-enditem|p1a: Flutter Mane|Booster Energy\n|-activate|p1a: Flutter Mane|ability: Protosynthesis|[fromitem]\n|-start|p1a: Flutter Mane|protosynthesisspe\n|-enditem|p2a: Roaring Moon|Booster Energy\n|-activate|p2a: Roaring Moon|ability: Protosynthesis|[fromitem]\n|-start|p2a: Roaring Moon|protosynthesisspe\n|turn|1\n|inactive|someoel has 30 seconds left.\n|inactive|someoel has 20 seconds left.\n|\n|t:|1700471380\n|-terastallize|p2a: Roaring Moon|Flying\n|move|p2b: Urshifu|Detect|p2b: Urshifu\n|-singleturn|p2b: Urshifu|Protect\n|move|p1a: Flutter Mane|Icy Wind|p2b: Urshifu|[spread] p2a\n|-activate|p2b: Urshifu|move: Protect\n|-supereffective|p2a: Roaring Moon\n|-damage|p2a: Roaring Moon|70\/100\n|-unboost|p2a: Roaring Moon|spe|1\n|move|p2a: Roaring Moon|Tailwind|p2a: Roaring Moon\n|-sidestart|p2: Mishima14|move: Tailwind\n|move|p1b: Chi-Yu|Overheat|p2b: Urshifu\n|-activate|p2b: Urshifu|move: Protect\n|\n|upkeep\n|turn|2\n|\n|t:|1700471402\n|move|p2a: Roaring Moon|Acrobatics|p1a: Flutter Mane\n|-damage|p1a: Flutter Mane|23\/100\n|move|p2b: Urshifu|Surging Strikes|p1a: Flutter Mane\n|-crit|p1a: Flutter Mane\n|-damage|p1a: Flutter Mane|0 fnt\n|faint|p1a: Flutter Mane\n|-end|p1a: Flutter Mane|Protosynthesis|[silent]\n|-hitcount|p1: Flutter Mane|1\n|move|p1b: Chi-Yu|Overheat|p2b: Urshifu\n|-resisted|p2b: Urshifu\n|-damage|p2b: Urshifu|0 fnt\n|-unboost|p1b: Chi-Yu|spa|2\n|faint|p2b: Urshifu\n|\n|upkeep\n|\n|t:|1700471422\n|switch|p1a: Urshifu|Urshifu, L50, M|100\/100\n|switch|p2b: Gholdengo|Gholdengo, L50|100\/100\n|turn|3\n|\n|t:|1700471435\n|switch|p2b: Rillaboom|Rillaboom, L50, M|100\/100\n|-fieldstart|move: Grassy Terrain|[from] ability: Grassy Surge|[of] p2b: Rillaboom\n|switch|p1b: Indeedee|Indeedee-F, L50, F|100\/100\n|-fieldstart|move: Psychic Terrain|[from] ability: Psychic Surge|[of] p1b: Indeedee\n|-enditem|p1b: Indeedee|Psychic Seed\n|-boost|p1b: Indeedee|spd|1|[from] item: Psychic Seed\n|-terastallize|p1a: Urshifu|Fire\n|move|p2a: Roaring Moon|Acrobatics|p1a: Urshifu\n|-damage|p1a: Urshifu|45\/100\n|move|p1a: Urshifu|Wicked Blow|p2a: Roaring Moon\n|-crit|p2a: Roaring Moon\n|-damage|p2a: Roaring Moon|0 fnt\n|faint|p2a: Roaring Moon\n|-end|p2a: Roaring Moon|Protosynthesis|[silent]\n|\n|upkeep\n|\n|t:|1700471451\n|switch|p2a: Gholdengo|Gholdengo, L50|100\/100\n|turn|4\n|\n|t:|1700471461\n|move|p1b: Indeedee|Follow Me|p1b: Indeedee\n|-singleturn|p1b: Indeedee|move: Follow Me\n|move|p2a: Gholdengo|Nasty Plot|p2a: Gholdengo\n|-boost|p2a: Gholdengo|spa|2\n|move|p1a: Urshifu|Wicked Blow|p2a: Gholdengo\n|-supereffective|p2a: Gholdengo\n|-crit|p2a: Gholdengo\n|-damage|p2a: Gholdengo|0 fnt\n|faint|p2a: Gholdengo\n|move|p2b: Rillaboom|High Horsepower|p1b: Indeedee\n|-damage|p1b: Indeedee|69\/100\n|\n|-sideend|p2: Mishima14|move: Tailwind\n|upkeep\n|turn|5\n|-message|Mishima14 forfeited.\n|\n|win|someoel\n|raw|someoel's rating: 1476 &rarr; <strong>1497<\/strong><br \/>(+21 for winning)\n|raw|Mishima14's rating: 1491 &rarr; <strong>1470<\/strong><br \/>(-21 for losing)\n|l|\u2606Mishima14\n","uploadtime":1700471496,"views":10,"p1id":"someoel","p2id":"mishima14","formatid":"gen9vgc2023regulatione","rating":1470,"private":0,"password":""}