{"id":"gen9vgc2023regulatione-1993872399","p1":"jamahcs","p2":"MrRexx1511","format":"[Gen 9] VGC 2023 Regulation E","log":"|j|\u2606jamahcs\n|j|\u2606MrRexx1511\n|n|\u2606jamahcs|jamahcs\n|n|\u2606MrRexx1511|mrrexx1511\n|html|View the match progress at <a href=\"\/game-bestof7-gen9vgc2023regulatione-1993870435\">game-bestof7-gen9vgc2023regulatione-1993870435<\/a>\n|t:|1700368149\n|gametype|doubles\n|player|p1|jamahcs|102|\n|player|p2|MrRexx1511|pokemonrangerf-gen4|\n|teamsize|p1|6\n|teamsize|p2|6\n|gen|9\n|tier|[Gen 9] VGC 2023 Regulation E\n|rule|Species Clause: Limit one of each Pok\u00e9mon\n|rule|Item Clause: Limit one of each item\n|clearpoke\n|poke|p1|Tornadus, L50, M|\n|poke|p1|Urshifu-*, L50, M|\n|poke|p1|Heatran, L50, F|\n|poke|p1|Iron Hands, L50|\n|poke|p1|Landorus-Therian, L50, M|\n|poke|p1|Flutter Mane, L50|\n|poke|p2|Ursaluna-Bloodmoon, L50, M|\n|poke|p2|Gothitelle, L50, M|\n|poke|p2|Flutter Mane, L50|\n|poke|p2|Iron Hands, L50|\n|poke|p2|Landorus-Therian, L50, M|\n|poke|p2|Urshifu-*, L50, M|\n|teampreview|4\njamahcs has agreed to open team sheets.\nMrRexx1511 has agreed to open team sheets.\n|showteam|p1|Tornadus||SitrusBerry|Prankster|Tailwind,Protect,BleakwindStorm,Leer|||M|||50|,,,,,Ghost]Urshifu-Rapid-Strike||MysticWater|UnseenFist|SurgingStrikes,CloseCombat,Detect,AquaJet|||M|||50|,,,,,Water]Heatran||LifeOrb|FlashFire|HeatWave,EarthPower,FlashCannon,Protect|||F|||50|,,,,,Fairy]Iron Hands||AssaultVest|QuarkDrive|FakeOut,WildCharge,DrainPunch,HeavySlam||||||50|,,,,,Water]Landorus-Therian||ChoiceScarf|Intimidate|StompingTantrum,TeraBlast,RockSlide,Uturn|||M|||50|,,,,,Flying]Flutter Mane||ChoiceSpecs|Protosynthesis|Moonblast,ShadowBall,DazzlingGleam,MistyTerrain||||||50|,,,,,Fairy\n|showteam|p2|Ursaluna-Bloodmoon||LifeOrb|MindsEye|BloodMoon,HyperVoice,EarthPower,Protect|||M|||50|,,,,,Normal]Gothitelle||SitrusBerry|ShadowTag|FakeOut,Psychic,TrickRoom,Protect|||M|||50|,,,,,Fairy]Flutter Mane||ChoiceSpecs|Protosynthesis|Moonblast,ShadowBall,DazzlingGleam,PerishSong||||||50|,,,,,Fairy]Iron Hands||AssaultVest|QuarkDrive|FakeOut,WildCharge,DrainPunch,VoltSwitch||||||50|,,,,,Grass]Landorus-Therian||ChoiceScarf|Intimidate|StompingTantrum,RockSlide,TeraBlast,Uturn|||M|||50|,,,,,Flying]Urshifu-Rapid-Strike||MysticWater|UnseenFist|SurgingStrikes,CloseCombat,Protect,AquaJet|||M|||50|,,,,,Water\n|inactive|Battle timer is ON: inactive players will automatically lose when time's up. (requested by MrRexx1511)\n|inactive|jamahcs has 60 seconds left.\n|inactive|jamahcs has 30 seconds left.\n|inactive|jamahcs has 20 seconds left.\n|inactive|jamahcs has 15 seconds left.\n|\n|t:|1700368246\n|start\n|switch|p1a: Landorus|Landorus-Therian, L50, M|100\/100\n|switch|p1b: Urshifu|Urshifu-Rapid-Strike, L50, M|100\/100\n|switch|p2a: Gothitelle|Gothitelle, L50, M, shiny|100\/100\n|switch|p2b: Landorus|Landorus-Therian, L50, M|100\/100\n|-ability|p1a: Landorus|Intimidate|boost\n|-unboost|p2a: Gothitelle|atk|1\n|-unboost|p2b: Landorus|atk|1\n|-ability|p2b: Landorus|Intimidate|boost\n|-unboost|p1a: Landorus|atk|1\n|-unboost|p1b: Urshifu|atk|1\n|turn|1\n|\n|t:|1700368270\n|-terastallize|p1b: Urshifu|Water\n|move|p1a: Landorus|U-turn|p2a: Gothitelle\n|-supereffective|p2a: Gothitelle\n|-damage|p2a: Gothitelle|75\/100\n|\n|t:|1700368276\n|switch|p1a: Tornadus|Tornadus, L50, M|100\/100|[from] U-turn\n|move|p2b: Landorus|U-turn|p1a: Tornadus\n|-resisted|p1a: Tornadus\n|-damage|p1a: Tornadus|91\/100\n|\n|t:|1700368281\n|switch|p2b: Ursaluna|Ursaluna-Bloodmoon, L50, M|100\/100|[from] U-turn\n|move|p1b: Urshifu|Surging Strikes|p2b: Ursaluna\n|-supereffective|p2b: Ursaluna\n|-crit|p2b: Ursaluna\n|-damage|p2b: Ursaluna|60\/100\n|-supereffective|p2b: Ursaluna\n|-crit|p2b: Ursaluna\n|-damage|p2b: Ursaluna|16\/100\n|-supereffective|p2b: Ursaluna\n|-crit|p2b: Ursaluna\n|-damage|p2b: Ursaluna|0 fnt\n|faint|p2b: Ursaluna\n|-hitcount|p2: Ursaluna|3\n|move|p2a: Gothitelle|Trick Room|p2a: Gothitelle\n|-fieldstart|move: Trick Room|[of] p2a: Gothitelle\n|\n|upkeep\n|\n|t:|1700368293\n|switch|p2b: Iron Hands|Iron Hands, L50|100\/100\n|turn|2\n|\n|t:|1700368318\n|move|p1b: Urshifu|Detect|p1b: Urshifu\n|-singleturn|p1b: Urshifu|Protect\n|move|p1a: Tornadus|Leer|p2b: Iron Hands|[spread] p2a,p2b\n|-unboost|p2a: Gothitelle|def|1\n|-unboost|p2b: Iron Hands|def|1\n|move|p2b: Iron Hands|Wild Charge|p1a: Tornadus\n|-supereffective|p1a: Tornadus\n|-damage|p1a: Tornadus|0 fnt\n|faint|p1a: Tornadus\n|-damage|p2b: Iron Hands|83\/100|[from] Recoil\n|move|p2a: Gothitelle|Psychic|p1b: Urshifu\n|-activate|p1b: Urshifu|move: Protect\n|\n|upkeep\n|\n|t:|1700368335\n|switch|p1a: Iron Hands|Iron Hands, L50|100\/100\n|turn|3\n|\n|t:|1700368356\n|move|p1a: Iron Hands|Fake Out|p2b: Iron Hands\n|-damage|p2b: Iron Hands|68\/100\n|cant|p2b: Iron Hands|flinch\n|move|p2a: Gothitelle|Psychic|p1a: Iron Hands\n|-supereffective|p1a: Iron Hands\n|-damage|p1a: Iron Hands|65\/100\n|move|p1b: Urshifu|Surging Strikes|p2a: Gothitelle\n|-crit|p2a: Gothitelle\n|-damage|p2a: Gothitelle|38\/100\n|-enditem|p2a: Gothitelle|Sitrus Berry|[eat]\n|-heal|p2a: Gothitelle|62\/100|[from] item: Sitrus Berry\n|-crit|p2a: Gothitelle\n|-damage|p2a: Gothitelle|21\/100\n|-crit|p2a: Gothitelle\n|-damage|p2a: Gothitelle|0 fnt\n|faint|p2a: Gothitelle\n|-hitcount|p2: Gothitelle|3\n|\n|upkeep\n|\n|t:|1700368371\n|switch|p2a: Landorus|Landorus-Therian, L50, M|100\/100\n|-ability|p2a: Landorus|Intimidate|boost\n|-unboost|p1a: Iron Hands|atk|1\n|-unboost|p1b: Urshifu|atk|1\n|turn|4\n|\n|t:|1700368387\n|switch|p1b: Landorus|Landorus-Therian, L50, M|100\/100\n|-ability|p1b: Landorus|Intimidate|boost\n|-unboost|p2a: Landorus|atk|1\n|-unboost|p2b: Iron Hands|atk|1\n|-terastallize|p2a: Landorus|Flying\n|move|p1a: Iron Hands|Drain Punch|p2b: Iron Hands\n|-damage|p2b: Iron Hands|39\/100\n|-heal|p1a: Iron Hands|79\/100|[from] drain|[of] p2b: Iron Hands\n|move|p2b: Iron Hands|Wild Charge|p1b: Landorus\n|-immune|p1b: Landorus\n|move|p2a: Landorus|Tera Blast|p1a: Iron Hands|[anim] Tera Blast Flying\n|-damage|p1a: Iron Hands|54\/100\n|\n|upkeep\n|turn|5\n|inactive|jamahcs has 30 seconds left.\n|\n|t:|1700368418\n|move|p1a: Iron Hands|Drain Punch|p2b: Iron Hands\n|-crit|p2b: Iron Hands\n|-damage|p2b: Iron Hands|0 fnt\n|-heal|p1a: Iron Hands|73\/100|[from] drain|[of] p2b: Iron Hands\n|faint|p2b: Iron Hands\n|-end|p2b: Iron Hands|Quark Drive|[silent]\n|move|p2a: Landorus|Tera Blast|p1a: Iron Hands|[anim] Tera Blast Flying\n|-damage|p1a: Iron Hands|45\/100\n|move|p1b: Landorus|Rock Slide|p2a: Landorus\n|-supereffective|p2a: Landorus\n|-damage|p2a: Landorus|40\/100\n|\n|-fieldend|move: Trick Room\n|upkeep\n|turn|6\n|\n|t:|1700368433\n|move|p1b: Landorus|Rock Slide|p2a: Landorus|[miss]\n|-miss|p1b: Landorus|p2a: Landorus\n|move|p2a: Landorus|Tera Blast|p1a: Iron Hands|[anim] Tera Blast Flying\n|-damage|p1a: Iron Hands|18\/100\n|move|p1a: Iron Hands|Wild Charge|p2a: Landorus\n|-supereffective|p2a: Landorus\n|-damage|p2a: Landorus|0 fnt\n|faint|p2a: Landorus\n|-damage|p1a: Iron Hands|10\/100|[from] Recoil\n|\n|win|jamahcs\n|c|&|\/uhtml prompt-mrrexx1511,MrRexx1511 is ready for game 3!\n|c|&|\/uhtml prompt-jamahcs,jamahcs is ready for game 3!\nBoth players are ready! Starting next match!\n|l|\u2606MrRexx1511\n","uploadtime":1700369014,"views":23,"p1id":"jamahcs","p2id":"mrrexx1511","formatid":"gen9vgc2023regulatione","rating":0,"private":0,"password":""}