{"id":"gen9vgc2023regulatione-1989316374","p1":"mistah mistah 11","p2":"Jadedragon61","format":"[Gen 9] VGC 2023 Regulation E","log":"|j|\u2606mistah mistah 11\n|j|\u2606Jadedragon61\n|t:|1699835531\n|gametype|doubles\n|player|p1|mistah mistah 11|169|1253\n|player|p2|Jadedragon61|colress|1172\n|teamsize|p1|6\n|teamsize|p2|6\n|gen|9\n|tier|[Gen 9] VGC 2023 Regulation E\n|rated|\n|rule|Species Clause: Limit one of each Pok\u00e9mon\n|rule|Item Clause: Limit one of each item\n|clearpoke\n|poke|p1|Hatterene, L50, F|\n|poke|p1|Urshifu-*, L50, F|\n|poke|p1|Torkoal, L50, M|\n|poke|p1|Lilligant-Hisui, L50, F|\n|poke|p1|Indeedee-F, L50, F|\n|poke|p1|Flutter Mane, L50|\n|poke|p2|Landorus-Therian, L50, M|\n|poke|p2|Iron Hands, L50|\n|poke|p2|Heatran, L50, F|\n|poke|p2|Sylveon, L50, F|\n|poke|p2|Sinistcha, L50|\n|poke|p2|Iron Bundle, L50|\n|teampreview|4\n|inactive|Battle timer is ON: inactive players will automatically lose when time's up. (requested by Jadedragon61)\n|inactive|Jadedragon61 has 60 seconds left.\n|\n|t:|1699835583\n|start\n|switch|p1a: Lilligant|Lilligant-Hisui, L50, F|100\/100\n|switch|p1b: Torkoal|Torkoal, L50, M|100\/100\n|switch|p2a: Haitatsu!|Iron Bundle, L50, shiny|100\/100\n|switch|p2b: Atsui|Iron Hands, L50, shiny|100\/100\n|-weather|SunnyDay|[from] ability: Drought|[of] p1b: Torkoal\n|-enditem|p2a: Haitatsu!|Booster Energy\n|-activate|p2a: Haitatsu!|ability: Quark Drive|[fromitem]\n|-start|p2a: Haitatsu!|quarkdrivespe\n|turn|1\n|inactive|mistah mistah 11 has 30 seconds left.\n|inactive|mistah mistah 11 has 20 seconds left.\n|inactive|mistah mistah 11 has 15 seconds left.\n|\n|t:|1699835624\n|move|p2b: Atsui|Fake Out|p1b: Torkoal\n|-damage|p1b: Torkoal|88\/100\n|move|p1a: Lilligant|Victory Dance|p1a: Lilligant\n|-boost|p1a: Lilligant|atk|1\n|-boost|p1a: Lilligant|def|1\n|-boost|p1a: Lilligant|spe|1\n|move|p2a: Haitatsu!|Icy Wind|p1b: Torkoal|[spread] p1a,p1b\n|-supereffective|p1a: Lilligant\n|-resisted|p1b: Torkoal\n|-damage|p1a: Lilligant|39\/100\n|-damage|p1b: Torkoal|74\/100\n|-unboost|p1b: Torkoal|spe|1\n|cant|p1b: Torkoal|flinch\n|\n|-weather|SunnyDay|[upkeep]\n|upkeep\n|turn|2\n|inactive|Jadedragon61 has 30 seconds left.\n|\n|t:|1699835649\n|switch|p1b: Hatterene|Hatterene, L50, F|100\/100\n|-terastallize|p2a: Haitatsu!|Poison\n|move|p1a: Lilligant|Leaf Blade|p2a: Haitatsu!\n|-resisted|p2a: Haitatsu!\n|-damage|p2a: Haitatsu!|64\/100\n|move|p2a: Haitatsu!|Icy Wind|p1a: Lilligant|[spread] p1a,p1b\n|-supereffective|p1a: Lilligant\n|-damage|p1a: Lilligant|0 fnt\n|-damage|p1b: Hatterene|80\/100\n|-unboost|p1b: Hatterene|spe|1\n|faint|p1a: Lilligant\n|move|p2b: Atsui|Drain Punch|p1b: Hatterene\n|-resisted|p1b: Hatterene\n|-damage|p1b: Hatterene|68\/100\n|\n|-weather|SunnyDay|[upkeep]\n|upkeep\n|\n|t:|1699835664\n|switch|p1a: Urshifu|Urshifu, L50, F|100\/100\n|turn|3\n|\n|t:|1699835678\n|-terastallize|p1b: Hatterene|Water\n|move|p1a: Urshifu|Protect|p1a: Urshifu\n|-singleturn|p1a: Urshifu|Protect\n|move|p2a: Haitatsu!|Icy Wind|p1a: Urshifu|[spread] p1b\n|-activate|p1a: Urshifu|move: Protect\n|-resisted|p1b: Hatterene\n|-damage|p1b: Hatterene|57\/100\n|-unboost|p1b: Hatterene|spe|1\n|move|p2b: Atsui|Heavy Slam|p1b: Hatterene\n|-resisted|p1b: Hatterene\n|-damage|p1b: Hatterene|30\/100\n|move|p1b: Hatterene|Trick Room|p1b: Hatterene\n|-fieldstart|move: Trick Room|[of] p1b: Hatterene\n|\n|-weather|SunnyDay|[upkeep]\n|upkeep\n|turn|4\n|inactive|mistah mistah 11 has 30 seconds left.\n|\n|t:|1699835709\n|-end|p2a: Haitatsu!|Quark Drive|[silent]\n|switch|p2a: Kawaii!|Sylveon, L50, F, shiny|100\/100\n|move|p1b: Hatterene|Psychic|p2b: Atsui\n|-supereffective|p2b: Atsui\n|-damage|p2b: Atsui|34\/100\n|move|p2b: Atsui|Wild Charge|p1b: Hatterene\n|-supereffective|p1b: Hatterene\n|-damage|p1b: Hatterene|0 fnt\n|faint|p1b: Hatterene\n|-damage|p2b: Atsui|29\/100|[from] Recoil\n|move|p1a: Urshifu|Wicked Blow|p2a: Kawaii!\n|-resisted|p2a: Kawaii!\n|-crit|p2a: Kawaii!\n|-damage|p2a: Kawaii!|62\/100\n|\n|-weather|SunnyDay|[upkeep]\n|upkeep\n|\n|t:|1699835722\n|switch|p1b: Torkoal|Torkoal, L50, M|74\/100\n|turn|5\n|\n|t:|1699835737\n|-end|p2b: Atsui|Quark Drive|[silent]\n|switch|p2b: Haitatsu!|Iron Bundle, L50, shiny, tera:Poison|64\/100\n|move|p2a: Kawaii!|Detect|p2a: Kawaii!\n|-singleturn|p2a: Kawaii!|Protect\n|move|p1a: Urshifu|Protect|p1a: Urshifu\n|-singleturn|p1a: Urshifu|Protect\n|move|p1b: Torkoal|Eruption|p2a: Kawaii!|[spread] p2b\n|-activate|p2a: Kawaii!|move: Protect\n|-damage|p2b: Haitatsu!|0 fnt\n|faint|p2b: Haitatsu!\n|-end|p2b: Haitatsu!|Quark Drive|[silent]\n|\n|-weather|none\n|upkeep\n|\n|t:|1699835751\n|switch|p2b: Atsui|Iron Hands, L50, shiny|29\/100\n|turn|6\n|\n|t:|1699835761\n|move|p2b: Atsui|Fake Out|p1b: Torkoal\n|-damage|p1b: Torkoal|63\/100\n|cant|p1b: Torkoal|flinch\n|move|p2a: Kawaii!|Hyper Voice|p1b: Torkoal|[spread] p1a,p1b\n|-supereffective|p1a: Urshifu\n|-resisted|p1b: Torkoal\n|-damage|p1a: Urshifu|0 fnt\n|-damage|p1b: Torkoal|37\/100\n|faint|p1a: Urshifu\n|-enditem|p2a: Kawaii!|Throat Spray\n|-boost|p2a: Kawaii!|spa|1|[from] item: Throat Spray\n|\n|upkeep\n|turn|7\n|-message|mistah mistah 11 forfeited.\n|\n|win|Jadedragon61\n|raw|mistah mistah 11's rating: 1253 &rarr; <strong>1222<\/strong><br \/>(-31 for losing)\n|raw|Jadedragon61's rating: 1172 &rarr; <strong>1203<\/strong><br \/>(+31 for winning)\n|l|\u2606mistah mistah 11\n","uploadtime":1699835776,"views":18,"p1id":"mistahmistah11","p2id":"jadedragon61","formatid":"gen9vgc2023regulatione","rating":1203,"private":0,"password":""}