{"id":"gen9vgc2023regulatione-1998632151","p1":"sshhooii","p2":"Kzjrhzk","format":"[Gen 9] VGC 2023 Regulation E","log":"|j|\u2606sshhooii\n|j|\u2606Kzjrhzk\n|t:|1700965349\n|gametype|doubles\n|player|p1|sshhooii|170|1347\n|player|p2|Kzjrhzk|lance|1297\n|teamsize|p1|6\n|teamsize|p2|6\n|gen|9\n|tier|[Gen 9] VGC 2023 Regulation E\n|rated|\n|rule|Species Clause: Limit one of each Pok\u00e9mon\n|rule|Item Clause: Limit one of each item\n|clearpoke\n|poke|p1|Chien-Pao, L50|\n|poke|p1|Iron Treads, L50|\n|poke|p1|Flutter Mane, L50|\n|poke|p1|Tornadus, L50, M|\n|poke|p1|Urshifu-*, L50, M|\n|poke|p1|Ogerpon-Wellspring, L50, F|\n|poke|p2|Flutter Mane, L50|\n|poke|p2|Tornadus, L50, M|\n|poke|p2|Rillaboom, L50, F|\n|poke|p2|Garganacl, L50, F|\n|poke|p2|Arcanine-Hisui, L50, F|\n|poke|p2|Chien-Pao, L50|\n|teampreview|4\n|inactive|Battle timer is ON: inactive players will automatically lose when time's up. (requested by Kzjrhzk)\n|\n|t:|1700965377\n|start\n|switch|p1a: Tornadus|Tornadus, L50, M|100\/100\n|switch|p1b: Iron Treads|Iron Treads, L50|100\/100\n|switch|p2a: Tornadus|Tornadus, L50, M|100\/100\n|switch|p2b: Garganacl|Garganacl, L50, F|100\/100\n|turn|1\n|inactive|sshhooii has 30 seconds left.\n|\n|t:|1700965405\n|-terastallize|p2b: Garganacl|Ghost\n|move|p1a: Tornadus|Taunt|p2a: Tornadus\n|-start|p2a: Tornadus|move: Taunt\n|cant|p2a: Tornadus|move: Taunt|Tailwind\n|move|p1b: Iron Treads|Earthquake|p2a: Tornadus|[spread] p2b\n|-immune|p1a: Tornadus\n|-immune|p2a: Tornadus\n|-damage|p2b: Garganacl|75\/100\n|move|p2b: Garganacl|Salt Cure|p1b: Iron Treads\n|-resisted|p1b: Iron Treads\n|-damage|p1b: Iron Treads|97\/100\n|-start|p1b: Iron Treads|Salt Cure\n|\n|-damage|p1b: Iron Treads|72\/100|[from] Salt Cure\n|upkeep\n|turn|2\n|\n|t:|1700965426\n|move|p1a: Tornadus|Protect|p1a: Tornadus\n|-singleturn|p1a: Tornadus|Protect\n|move|p1b: Iron Treads|Knock Off|p2b: Garganacl\n|-supereffective|p2b: Garganacl\n|-damage|p2b: Garganacl|30\/100\n|-enditem|p2b: Garganacl|Sitrus Berry|[from] move: Knock Off|[of] p1b: Iron Treads\n|move|p2a: Tornadus|Bleakwind Storm|p1b: Iron Treads|[spread] p1b\n|-activate|p1a: Tornadus|move: Protect\n|-resisted|p1b: Iron Treads\n|-damage|p1b: Iron Treads|57\/100\n|-unboost|p1b: Iron Treads|spe|1\n|move|p2b: Garganacl|Salt Cure|p1b: Iron Treads\n|-resisted|p1b: Iron Treads\n|-damage|p1b: Iron Treads|54\/100\n|\n|-damage|p1b: Iron Treads|29\/100|[from] Salt Cure\n|upkeep\n|turn|3\n|\n|t:|1700965445\n|-end|p1b: Iron Treads|Quark Drive|[silent]\n|switch|p1b: Flutter Mane|Flutter Mane, L50|100\/100\n|move|p2b: Garganacl|Protect|p2b: Garganacl\n|-singleturn|p2b: Garganacl|Protect\n|move|p1a: Tornadus|Bleakwind Storm|p2a: Tornadus|[spread] \n|-activate|p2b: Garganacl|move: Protect\n|-miss|p1a: Tornadus|p2a: Tornadus\n|move|p2a: Tornadus|Bleakwind Storm|p1b: Flutter Mane|[spread] p1a,p1b\n|-crit|p1b: Flutter Mane\n|-damage|p1a: Tornadus|54\/100\n|-damage|p1b: Flutter Mane|59\/100\n|-unboost|p1a: Tornadus|spe|1\n|\n|-end|p2a: Tornadus|move: Taunt\n|upkeep\n|turn|4\n|\n|t:|1700965471\n|switch|p2b: Rillaboom|Rillaboom, L50, F|100\/100\n|-fieldstart|move: Grassy Terrain|[from] ability: Grassy Surge|[of] p2b: Rillaboom\n|move|p1a: Tornadus|Tailwind|p1a: Tornadus\n|-sidestart|p1: sshhooii|move: Tailwind\n|move|p1b: Flutter Mane|Dazzling Gleam|p2b: Rillaboom|[spread] p2a,p2b\n|-damage|p2a: Tornadus|65\/100\n|-damage|p2b: Rillaboom|70\/100\n|move|p2a: Tornadus|Bleakwind Storm|p1b: Flutter Mane|[spread] p1a,p1b\n|-damage|p1a: Tornadus|10\/100\n|-damage|p1b: Flutter Mane|29\/100\n|-unboost|p1a: Tornadus|spe|1\n|\n|-heal|p1b: Flutter Mane|36\/100|[from] Grassy Terrain\n|-heal|p2b: Rillaboom|75\/100|[from] Grassy Terrain\n|upkeep\n|turn|5\n|\n|t:|1700965489\n|move|p2b: Rillaboom|Fake Out|p1a: Tornadus\n|-damage|p1a: Tornadus|0 fnt\n|faint|p1a: Tornadus\n|move|p1b: Flutter Mane|Dazzling Gleam|p2a: Tornadus|[spread] p2a,p2b\n|-damage|p2a: Tornadus|31\/100\n|-damage|p2b: Rillaboom|44\/100\n|move|p2a: Tornadus|Bleakwind Storm|p1b: Flutter Mane\n|-damage|p1b: Flutter Mane|0 fnt\n|faint|p1b: Flutter Mane\n|-end|p1b: Flutter Mane|Protosynthesis|[silent]\n|\n|-heal|p2b: Rillaboom|50\/100|[from] Grassy Terrain\n|upkeep\n|\n|t:|1700965499\n|switch|p1b: Urshifu|Urshifu, L50, M|100\/100\n|switch|p1a: Iron Treads|Iron Treads, L50|29\/100\n|turn|6\n|inactive|sshhooii has 30 seconds left.\n|\n|t:|1700965525\n|move|p1b: Urshifu|Sucker Punch||[still]\n|-fail|p1b: Urshifu\n|move|p2a: Tornadus|Tailwind|p2a: Tornadus\n|-sidestart|p2: Kzjrhzk|move: Tailwind\n|move|p1a: Iron Treads|Iron Head|p2b: Rillaboom\n|-damage|p2b: Rillaboom|10\/100\n|move|p2b: Rillaboom|Drain Punch|p1b: Urshifu\n|-supereffective|p1b: Urshifu\n|-damage|p1b: Urshifu|41\/100\n|-heal|p2b: Rillaboom|35\/100|[from] drain|[of] p1b: Urshifu\n|\n|-heal|p1a: Iron Treads|35\/100|[from] Grassy Terrain\n|-heal|p1b: Urshifu|47\/100|[from] Grassy Terrain\n|-heal|p2b: Rillaboom|41\/100|[from] Grassy Terrain\n|upkeep\n|turn|7\n|\n|t:|1700965543\n|move|p1b: Urshifu|Sucker Punch|p2a: Tornadus\n|-damage|p2a: Tornadus|0 fnt\n|-damage|p1b: Urshifu|30\/100|[from] item: Rocky Helmet|[of] p2a: Tornadus\n|faint|p2a: Tornadus\n|move|p2b: Rillaboom|Grassy Glide|p1b: Urshifu\n|-damage|p1b: Urshifu|0 fnt\n|faint|p1b: Urshifu\n|move|p1a: Iron Treads|Iron Head|p2b: Rillaboom\n|-crit|p2b: Rillaboom\n|-damage|p2b: Rillaboom|0 fnt\n|faint|p2b: Rillaboom\n|\n|-heal|p1a: Iron Treads|41\/100|[from] Grassy Terrain\n|-sideend|p1: sshhooii|move: Tailwind\n|upkeep\n|\n|t:|1700965546\n|switch|p2a: Garganacl|Garganacl, L50, F, tera:Ghost|30\/100\n|switch|p2b: Arcanine|Arcanine-Hisui, L50, F|100\/100\n|-ability|p2b: Arcanine|Intimidate|boost\n|-unboost|p1a: Iron Treads|atk|1\n|turn|8\n|\n|t:|1700965568\n|-terastallize|p1a: Iron Treads|Water\n|move|p2b: Arcanine|Flare Blitz|p1a: Iron Treads\n|-resisted|p1a: Iron Treads\n|-damage|p1a: Iron Treads|0 fnt\n|faint|p1a: Iron Treads\n|-end|p1a: Iron Treads|Quark Drive|[silent]\n|-damage|p2b: Arcanine|88\/100|[from] Recoil\n|\n|win|Kzjrhzk\n|raw|sshhooii's rating: 1347 &rarr; <strong>1324<\/strong><br \/>(-23 for losing)\n|raw|Kzjrhzk's rating: 1297 &rarr; <strong>1326<\/strong><br \/>(+29 for winning)\n|l|\u2606sshhooii\n","uploadtime":1700965575,"views":1,"p1id":"sshhooii","p2id":"kzjrhzk","formatid":"gen9vgc2023regulatione","rating":1324,"private":0,"password":""}