{"id":"gen9vgc2023regulatione-1994280484","p1":"Osprey11","p2":"AC Wesley","format":"[Gen 9] VGC 2023 Regulation E","log":"|j|\u2606Osprey11\n|j|\u2606AC Wesley\n|n|\u2606Osprey11|osprey11\n|n|\u2606AC Wesley|acwesley\n|html|View the match progress at <a href=\"\/game-bestof3-gen9vgc2023regulatione-1994280483\">game-bestof3-gen9vgc2023regulatione-1994280483<\/a>\n|t:|1700426560\n|gametype|doubles\n|player|p1|Osprey11|101|\n|player|p2|AC Wesley|thorton|\n|teamsize|p1|6\n|teamsize|p2|6\n|gen|9\n|tier|[Gen 9] VGC 2023 Regulation E\n|rule|Species Clause: Limit one of each Pok\u00e9mon\n|rule|Item Clause: Limit one of each item\n|clearpoke\n|poke|p1|Moltres-Galar, L50|\n|poke|p1|Sinistcha, L50|\n|poke|p1|Iron Hands, L50|\n|poke|p1|Ogerpon-Wellspring, L50, F|\n|poke|p1|Arcanine-Hisui, L50, M|\n|poke|p1|Tornadus, L50, M|\n|poke|p2|Iron Hands, L50|\n|poke|p2|Farigiraf, L50, F|\n|poke|p2|Ursaluna-Bloodmoon, L50, M|\n|poke|p2|Flutter Mane, L50|\n|poke|p2|Heatran, L50, M|\n|poke|p2|Ogerpon-Wellspring, L50, F|\n|teampreview|4\n|inactive|Battle timer is ON: inactive players will automatically lose when time's up. (requested by AC Wesley)\n|inactiveoff|Battle timer is now OFF.\n|c|\u2606Osprey11|gl hf\n|c|\u2606AC Wesley|u2\n|inactive|Battle timer is ON: inactive players will automatically lose when time's up. (requested by AC Wesley)\n|\n|t:|1700426687\n|start\n|switch|p1a: Moltres|Moltres-Galar, L50|100\/100\n|switch|p1b: Iron Hands|Iron Hands, L50|100\/100\n|switch|p2a: Flutter Mane|Flutter Mane, L50|100\/100\n|switch|p2b: Iron Hands|Iron Hands, L50|100\/100\n|-enditem|p2a: Flutter Mane|Booster Energy\n|-activate|p2a: Flutter Mane|ability: Protosynthesis|[fromitem]\n|-start|p2a: Flutter Mane|protosynthesisspe\n|turn|1\n|inactive|Osprey11 has 30 seconds left.\n|inactive|AC Wesley has 30 seconds left.\n|\n|t:|1700426721\n|move|p2b: Iron Hands|Fake Out|p1b: Iron Hands\n|-damage|p1b: Iron Hands|90\/100\n|move|p2a: Flutter Mane|Taunt|p1a: Moltres\n|-start|p1a: Moltres|move: Taunt\n|cant|p1a: Moltres|move: Taunt|Nasty Plot\n|cant|p1b: Iron Hands|flinch\n|\n|upkeep\n|turn|2\n|inactive|AC Wesley has 30 seconds left.\n|inactive|AC Wesley has 20 seconds left.\n|\n|t:|1700426760\n|move|p2a: Flutter Mane|Dazzling Gleam|p1a: Moltres|[spread] p1a,p1b\n|-supereffective|p1a: Moltres\n|-supereffective|p1b: Iron Hands\n|-damage|p1a: Moltres|51\/100\n|-damage|p1b: Iron Hands|56\/100\n|move|p1a: Moltres|Fiery Wrath|p2a: Flutter Mane|[spread] p2a,p2b\n|-resisted|p2b: Iron Hands\n|-crit|p2b: Iron Hands\n|-damage|p2a: Flutter Mane|71\/100\n|-damage|p2b: Iron Hands|89\/100\n|move|p1b: Iron Hands|Heavy Slam|p2a: Flutter Mane\n|-supereffective|p2a: Flutter Mane\n|-damage|p2a: Flutter Mane|0 fnt\n|faint|p2a: Flutter Mane\n|-end|p2a: Flutter Mane|Protosynthesis|[silent]\n|move|p2b: Iron Hands|Wild Charge|p1a: Moltres\n|-supereffective|p1a: Moltres\n|-damage|p1a: Moltres|0 fnt\n|faint|p1a: Moltres\n|-damage|p2b: Iron Hands|79\/100|[from] Recoil\n|\n|upkeep\n|\n|t:|1700426781\n|switch|p2a: Heatran|Heatran, L50, M|100\/100\n|switch|p1a: Sinistcha|Sinistcha, L50|100\/100\n|-heal|p1b: Iron Hands|81\/100|[from] ability: Hospitality|[of] p1a: Sinistcha\n|turn|3\n|inactive|AC Wesley has 30 seconds left.\n|inactive|AC Wesley has 20 seconds left.\n|inactive|AC Wesley has 15 seconds left.\n|j| Van. Volcanucks\n|inactive|AC Wesley has 10 seconds left.\n|\n|t:|1700426826\n|switch|p1a: Ogerpon|Ogerpon-Wellspring, L50, F|100\/100\n|-terastallize|p2a: Heatran|Grass\n|move|p2a: Heatran|Magma Storm|p1a: Ogerpon\n|-damage|p1a: Ogerpon|49\/100\n|-activate|p1a: Ogerpon|move: Magma Storm|[of] p2a: Heatran\n|move|p1b: Iron Hands|Drain Punch|p2a: Heatran\n|-damage|p2a: Heatran|63\/100\n|-heal|p1b: Iron Hands|97\/100|[from] drain|[of] p2a: Heatran\n|move|p2b: Iron Hands|Drain Punch|p1b: Iron Hands\n|-damage|p1b: Iron Hands|64\/100\n|-heal|p2b: Iron Hands|94\/100|[from] drain|[of] p1b: Iron Hands\n|\n|-heal|p2a: Heatran|70\/100|[from] item: Leftovers\n|-damage|p1a: Ogerpon|36\/100|[from] move: Magma Storm|[partiallytrapped]\n|upkeep\n|turn|4\n|inactive|Osprey11 has 30 seconds left.\n|inactive|AC Wesley has 30 seconds left.\n|inactive|Osprey11 has 20 seconds left.\n|inactive|AC Wesley has 20 seconds left.\n|inactive|Osprey11 has 15 seconds left.\n|inactive|AC Wesley has 15 seconds left.\n|inactive|AC Wesley has 10 seconds left.\n|\n|t:|1700426876\n|move|p1a: Ogerpon|Spiky Shield|p1a: Ogerpon\n|-singleturn|p1a: Ogerpon|move: Protect\n|move|p2a: Heatran|Protect|p2a: Heatran\n|-singleturn|p2a: Heatran|Protect\n|move|p1b: Iron Hands|Drain Punch|p2a: Heatran\n|-activate|p2a: Heatran|move: Protect\n|move|p2b: Iron Hands|Drain Punch|p1b: Iron Hands\n|-damage|p1b: Iron Hands|31\/100\n|-heal|p2b: Iron Hands|100\/100|[from] drain|[of] p1b: Iron Hands\n|\n|-heal|p2a: Heatran|76\/100|[from] item: Leftovers\n|-damage|p1a: Ogerpon|24\/100|[from] move: Magma Storm|[partiallytrapped]\n|upkeep\n|turn|5\n|inactive|Osprey11 has 30 seconds left.\n|inactive|AC Wesley has 30 seconds left.\n|inactive|Osprey11 has 20 seconds left.\n|inactive|AC Wesley has 20 seconds left.\n|inactive|Osprey11 has 15 seconds left.\n|\n|t:|1700426917\n|-terastallize|p1a: Ogerpon|Water\n|detailschange|p1a: Ogerpon|Ogerpon-Wellspring-Tera, L50, F, tera:Water\n|-ability|p1a: Ogerpon|Embody Aspect (Wellspring)|boost\n|-boost|p1a: Ogerpon|spd|1\n|move|p1a: Ogerpon|Horn Leech|p2b: Iron Hands\n|-damage|p2b: Iron Hands|76\/100\n|-heal|p1a: Ogerpon|41\/100|[from] drain|[of] p2b: Iron Hands\n|move|p2a: Heatran|Magma Storm|p1b: Iron Hands\n|-damage|p1b: Iron Hands|4\/100\n|-activate|p1b: Iron Hands|move: Magma Storm|[of] p2a: Heatran\n|move|p1b: Iron Hands|Drain Punch|p2a: Heatran\n|-damage|p2a: Heatran|42\/100\n|-heal|p1b: Iron Hands|18\/100|[from] drain|[of] p2a: Heatran\n|move|p2b: Iron Hands|Heavy Slam|p1a: Ogerpon\n|-resisted|p1a: Ogerpon\n|-damage|p1a: Ogerpon|21\/100\n|\n|-heal|p2a: Heatran|48\/100|[from] item: Leftovers\n|-damage|p1a: Ogerpon|9\/100|[from] move: Magma Storm|[partiallytrapped]\n|-damage|p1b: Iron Hands|6\/100|[from] move: Magma Storm|[partiallytrapped]\n|upkeep\n|turn|6\n|inactive|Osprey11 has 30 seconds left.\n|inactive|AC Wesley has 30 seconds left.\n|\n|t:|1700426943\n|move|p2a: Heatran|Protect|p2a: Heatran\n|-singleturn|p2a: Heatran|Protect\n|move|p1a: Ogerpon|Horn Leech|p2b: Iron Hands\n|-damage|p2b: Iron Hands|53\/100\n|-heal|p1a: Ogerpon|25\/100|[from] drain|[of] p2b: Iron Hands\n|move|p1b: Iron Hands|Drain Punch|p2b: Iron Hands\n|-damage|p2b: Iron Hands|25\/100\n|-heal|p1b: Iron Hands|23\/100|[from] drain|[of] p2b: Iron Hands\n|move|p2b: Iron Hands|Drain Punch|p1a: Ogerpon\n|-damage|p1a: Ogerpon|0 fnt\n|-heal|p2b: Iron Hands|33\/100|[from] drain|[of] p1a: Ogerpon\n|faint|p1a: Ogerpon\n|\n|-heal|p2a: Heatran|54\/100|[from] item: Leftovers\n|-damage|p1b: Iron Hands|10\/100|[from] move: Magma Storm|[partiallytrapped]\n|upkeep\n|\n|t:|1700426959\n|switch|p1a: Sinistcha|Sinistcha, L50|100\/100\n|-heal|p1b: Iron Hands|35\/100|[from] ability: Hospitality|[of] p1a: Sinistcha\n|turn|7\n|\n|t:|1700426976\n|move|p2a: Heatran|Magma Storm|p1a: Sinistcha\n|-supereffective|p1a: Sinistcha\n|-damage|p1a: Sinistcha|9\/100\n|-activate|p1a: Sinistcha|move: Magma Storm|[of] p2a: Heatran\n|move|p1a: Sinistcha|Life Dew|p1a: Sinistcha|[spread] p1a,p1b\n|-heal|p1a: Sinistcha|35\/100\n|-heal|p1b: Iron Hands|60\/100\n|move|p1b: Iron Hands|Drain Punch|p2a: Heatran\n|-damage|p2a: Heatran|18\/100\n|-heal|p1b: Iron Hands|76\/100|[from] drain|[of] p2a: Heatran\n|move|p2b: Iron Hands|Heavy Slam|p1a: Sinistcha\n|-damage|p1a: Sinistcha|0 fnt\n|faint|p1a: Sinistcha\n|\n|-heal|p2a: Heatran|24\/100|[from] item: Leftovers\n|-damage|p1b: Iron Hands|64\/100|[from] move: Magma Storm|[partiallytrapped]\n|upkeep\n|turn|8\n|\n|t:|1700426994\n|move|p2a: Heatran|Earth Power|p1b: Iron Hands\n|-supereffective|p1b: Iron Hands\n|-damage|p1b: Iron Hands|32\/100\n|move|p1b: Iron Hands|Drain Punch|p2b: Iron Hands\n|-damage|p2b: Iron Hands|7\/100\n|-heal|p1b: Iron Hands|47\/100|[from] drain|[of] p2b: Iron Hands\n|move|p2b: Iron Hands|Drain Punch|p1b: Iron Hands\n|-damage|p1b: Iron Hands|13\/100\n|-heal|p2b: Iron Hands|22\/100|[from] drain|[of] p1b: Iron Hands\n|\n|-heal|p2a: Heatran|30\/100|[from] item: Leftovers\n|-damage|p1b: Iron Hands|1\/100|[from] move: Magma Storm|[partiallytrapped]\n|upkeep\n|turn|9\n|\n|t:|1700427008\n|move|p2a: Heatran|Earth Power|p1b: Iron Hands\n|-supereffective|p1b: Iron Hands\n|-crit|p1b: Iron Hands\n|-damage|p1b: Iron Hands|0 fnt\n|faint|p1b: Iron Hands\n|-end|p1b: Iron Hands|Quark Drive|[silent]\n|\n|win|AC Wesley\n|c|&|\/uhtml prompt-osprey11,Osprey11 is ready for game 2!\n|c|&|\/uhtml prompt-acwesley,AC Wesley is ready for game 2!\nBoth players are ready! Starting next match!\n|l| Van. Volcanucks\n","uploadtime":1700427749,"views":6,"p1id":"osprey11","p2id":"acwesley","formatid":"gen9vgc2023regulatione","rating":0,"private":0,"password":""}