{"id":"gen9vgc2023regulatione-1990253295","p1":"endygoto","p2":"kinglysquizz","format":"[Gen 9] VGC 2023 Regulation E","log":"|j|\u2606endygoto\n|j|\u2606kinglysquizz\n|n|\u2606endygoto|endygoto\n|n|\u2606kinglysquizz|kinglysquizz\n|html|View the match progress at <a href=\"\/game-bestof3-gen9vgc2023regulatione-1990253294\">game-bestof3-gen9vgc2023regulatione-1990253294<\/a>\n|t:|1699945145\n|gametype|doubles\n|player|p1|endygoto|pokemonranger-gen4|\n|player|p2|kinglysquizz|265|\n|teamsize|p1|6\n|teamsize|p2|6\n|gen|9\n|tier|[Gen 9] VGC 2023 Regulation E\n|rule|Species Clause: Limit one of each Pok\u00e9mon\n|rule|Item Clause: Limit one of each item\n|clearpoke\n|poke|p1|Landorus-Therian, L50, M|\n|poke|p1|Rillaboom, L50, M|\n|poke|p1|Heatran, L50, M|\n|poke|p1|Farigiraf, L50, F|\n|poke|p1|Empoleon, L50, F|\n|poke|p1|Zapdos, L50|\n|poke|p2|Ogerpon-Hearthflame, L50, F|\n|poke|p2|Sinistcha, L50|\n|poke|p2|Fezandipiti, L50, M|\n|poke|p2|Thundurus, L50, M|\n|poke|p2|Kommo-o, L50, F|\n|poke|p2|Gyarados, L50, F|\n|teampreview|4\n|j| JamiWami\nendygoto has agreed to open team sheets.\nkinglysquizz has agreed to open team sheets.\n|showteam|p1|Landorus-Therian||ChoiceScarf|Intimidate|StompingTantrum,RockSlide,Uturn,TeraBlast|||M|||50|,,,,,Flying]Rillaboom||AssaultVest|GrassySurge|WoodHammer,GrassyGlide,Uturn,FakeOut|||M|||50|,,,,,Fire]Heatran||LifeOrb|FlashFire|Protect,HeatWave,FlashCannon,EarthPower|||M|||50|,,,,,Grass]Farigiraf||SitrusBerry|ArmorTail|Protect,HyperVoice,ShadowBall,TrickRoom|||F|||50|,,,,,Normal]Empoleon||Leftovers|Competitive|Protect,HydroPump,FlashCannon,IceBeam|||F|||50|,,,,,Water]Zapdos||RockyHelmet|Static|Hurricane,Thunderbolt,Tailwind,Roost||||||50|,,,,,Electric\n|showteam|p2|Ogerpon-Hearthflame||HearthflameMask|MoldBreaker|IvyCudgel,HornLeech,Superpower,SpikyShield|||F|||50|,,,,,Fire]Sinistcha||SitrusBerry|Hospitality|RagePowder,MatchaGotcha,LifeDew,Protect||||||50|,,,,,Water]Fezandipiti||AssaultVest|ToxicChain|DazzlingGleam,Tailwind,IcyWind,Uturn|||M|||50|,,,,,Flying]Thundurus||WideLens|Prankster|Taunt,ThunderWave,SunnyDay,WildboltStorm|||M|||50|,,,,,Water]Kommo-o||ThroatSpray|Bulletproof|Protect,ClangorousSoul,ClangingScales,VacuumWave|||F|||50|,,,,,Steel]Gyarados||ChoiceScarf|Intimidate|Waterfall,IronHead,Earthquake,IceFang|||F|||50|,,,,,Ghost\n|\n|t:|1699945216\n|start\n|switch|p1a: Zippy|Zapdos, L50|100\/100\n|switch|p1b: Landorus|Landorus-Therian, L50, M|100\/100\n|switch|p2a: Kommo-o|Kommo-o, L50, F|100\/100\n|switch|p2b: Ogerpon|Ogerpon-Hearthflame, L50, F|100\/100\n|-ability|p1b: Landorus|Intimidate|boost\n|-unboost|p2a: Kommo-o|atk|1\n|-unboost|p2b: Ogerpon|atk|1\n|-ability|p2b: Ogerpon|Mold Breaker\n|turn|1\n|inactive|Battle timer is ON: inactive players will automatically lose when time's up. (requested by endygoto)\n|inactive|endygoto has 60 seconds left.\n|inactive|kinglysquizz has 60 seconds left.\n|\n|t:|1699945260\n|switch|p2b: Thundurus|Thundurus, L50, M|100\/100\n|move|p2a: Kommo-o|Protect|p2a: Kommo-o\n|-singleturn|p2a: Kommo-o|Protect\n|move|p1b: Landorus|Rock Slide|p2a: Kommo-o|[spread] \n|-activate|p2a: Kommo-o|move: Protect\n|-miss|p1b: Landorus|p2b: Thundurus\n|move|p1a: Zippy|Tailwind|p1a: Zippy\n|-sidestart|p1: endygoto|move: Tailwind\n|\n|upkeep\n|turn|2\n|inactive|kinglysquizz has 30 seconds left.\n|inactive|kinglysquizz has 20 seconds left.\n|\n|t:|1699945296\n|-terastallize|p2a: Kommo-o|Steel\n|move|p2b: Thundurus|Thunder Wave|p1b: Landorus\n|-immune|p1b: Landorus\n|move|p1b: Landorus|Rock Slide|p2a: Kommo-o|[spread] p2a,p2b\n|-resisted|p2a: Kommo-o\n|-supereffective|p2b: Thundurus\n|-damage|p2a: Kommo-o|92\/100\n|-damage|p2b: Thundurus|30\/100\n|move|p1a: Zippy|Thunderbolt|p2b: Thundurus\n|-damage|p2b: Thundurus|0 fnt\n|faint|p2b: Thundurus\n|move|p2a: Kommo-o|Clangorous Soul|p2a: Kommo-o\n|-boost|p2a: Kommo-o|atk|1\n|-boost|p2a: Kommo-o|def|1\n|-boost|p2a: Kommo-o|spa|1\n|-boost|p2a: Kommo-o|spd|1\n|-boost|p2a: Kommo-o|spe|1\n|-damage|p2a: Kommo-o|59\/100\n|-enditem|p2a: Kommo-o|Throat Spray\n|-boost|p2a: Kommo-o|spa|1|[from] item: Throat Spray\n|\n|upkeep\n|inactive|kinglysquizz has 30 seconds left.\n|\n|t:|1699945321\n|switch|p2b: Ogerpon|Ogerpon-Hearthflame, L50, F|100\/100\n|-ability|p2b: Ogerpon|Mold Breaker\n|turn|3\n|\n|t:|1699945344\n|move|p2a: Kommo-o|Protect|p2a: Kommo-o\n|-singleturn|p2a: Kommo-o|Protect\n|move|p2b: Ogerpon|Spiky Shield|p2b: Ogerpon\n|-singleturn|p2b: Ogerpon|move: Protect\n|move|p1b: Landorus|Rock Slide|p2a: Kommo-o|[spread] \n|-activate|p2a: Kommo-o|move: Protect\n|-activate|p2b: Ogerpon|move: Protect\n|move|p1a: Zippy|Hurricane|p2b: Ogerpon\n|-activate|p2b: Ogerpon|move: Protect\n|\n|upkeep\n|turn|4\n|\n|t:|1699945366\n|switch|p2b: Sinistcha|Sinistcha, L50|100\/100\n|-heal|p2a: Kommo-o|83\/100|[from] ability: Hospitality|[of] p2b: Sinistcha\n|move|p1b: Landorus|Rock Slide|p2b: Sinistcha|[spread] p2a,p2b\n|-resisted|p2a: Kommo-o\n|-damage|p2a: Kommo-o|77\/100\n|-damage|p2b: Sinistcha|85\/100\n|move|p1a: Zippy|Hurricane|p2b: Sinistcha\n|-supereffective|p2b: Sinistcha\n|-damage|p2b: Sinistcha|0 fnt\n|faint|p2b: Sinistcha\n|move|p2a: Kommo-o|Clanging Scales|p1b: Landorus|[spread] p1a,p1b\n|-damage|p1a: Zippy|29\/100\n|-damage|p1b: Landorus|4\/100\n|-unboost|p2a: Kommo-o|def|1\n|\n|-sideend|p1: endygoto|move: Tailwind\n|upkeep\n|\n|t:|1699945381\n|switch|p2b: Ogerpon|Ogerpon-Hearthflame, L50, F|100\/100\n|-ability|p2b: Ogerpon|Mold Breaker\n|turn|5\n|\n|t:|1699945394\n|move|p1b: Landorus|Rock Slide|p2b: Ogerpon|[spread] p2a,p2b\n|-resisted|p2a: Kommo-o\n|-supereffective|p2b: Ogerpon\n|-damage|p2a: Kommo-o|68\/100\n|-damage|p2b: Ogerpon|35\/100\n|move|p2a: Kommo-o|Clanging Scales|p1a: Zippy|[spread] p1a,p1b\n|-damage|p1a: Zippy|0 fnt\n|-damage|p1b: Landorus|0 fnt\n|faint|p1a: Zippy\n|faint|p1b: Landorus\n|-unboost|p2a: Kommo-o|def|1\n|move|p2b: Ogerpon|Ivy Cudgel|p1: Zippy|[notarget]\n|-fail|p2b: Ogerpon\n|\n|upkeep\n|\n|t:|1699945405\n|switch|p1b: Empress|Empoleon, L50, F|100\/100\n|switch|p1a: Run|Heatran, L50, M|100\/100\n|turn|6\n|inactive|endygoto has 30 seconds left.\n|inactive|endygoto has 20 seconds left.\n|inactive|endygoto has 15 seconds left.\n|inactive|endygoto has 10 seconds left.\n|\n|t:|1699945454\n|move|p1a: Run|Protect|p1a: Run\n|-singleturn|p1a: Run|Protect\n|move|p2a: Kommo-o|Vacuum Wave|p1a: Run\n|-activate|p1a: Run|move: Protect\n|move|p2b: Ogerpon|Ivy Cudgel|p1a: Run\n|-activate|p1a: Run|move: Protect\n|move|p1b: Empress|Ice Beam|p2b: Ogerpon\n|-damage|p2b: Ogerpon|0 fnt\n|faint|p2b: Ogerpon\n|\n|upkeep\n|turn|7\n|inactive|endygoto has 30 seconds left.\n|\n|t:|1699945486\n|-terastallize|p1a: Run|Grass\n|move|p2a: Kommo-o|Clanging Scales|p1b: Empress|[spread] p1a,p1b\n|-resisted|p1b: Empress\n|-damage|p1a: Run|35\/100\n|-damage|p1b: Empress|64\/100\n|-unboost|p2a: Kommo-o|def|1\n|move|p1a: Run|Earth Power|p2a: Kommo-o\n|-supereffective|p2a: Kommo-o\n|-damage|p2a: Kommo-o|3\/100\n|-damage|p1a: Run|25\/100|[from] item: Life Orb\n|move|p1b: Empress|Hydro Pump|p2a: Kommo-o\n|-crit|p2a: Kommo-o\n|-damage|p2a: Kommo-o|0 fnt\n|faint|p2a: Kommo-o\n|\n|win|endygoto\n|inactive|endygoto has 50 seconds to confirm battle start!\n|inactive|kinglysquizz has 50 seconds to confirm battle start!\n|c|&|\/uhtml prompt-endygoto,endygoto is ready for game 2!\n|c|&|\/uhtml prompt-kinglysquizz,kinglysquizz is ready for game 2!\nBoth players are ready! Starting next match!\n|l| JamiWami\n","uploadtime":1699946144,"views":15,"p1id":"endygoto","p2id":"kinglysquizz","formatid":"gen9vgc2023regulatione","rating":0,"private":0,"password":""}