{"id":"gen9vgc2023regulatione-1995466059","p1":"not lu","p2":"Il Mule","format":"[Gen 9] VGC 2023 Regulation E","log":"|j|\u2606not lu\n|j|\u2606Il Mule\n|t:|1700573960\n|gametype|doubles\n|player|p1|not lu|lucas|1664\n|player|p2|Il Mule|salvatore|1708\n|teamsize|p1|6\n|teamsize|p2|6\n|gen|9\n|tier|[Gen 9] VGC 2023 Regulation E\n|rated|\n|rule|Species Clause: Limit one of each Pok\u00e9mon\n|rule|Item Clause: Limit one of each item\n|clearpoke\n|poke|p1|Fezandipiti, L50, M|\n|poke|p1|Landorus-Therian, L50, M|\n|poke|p1|Dondozo, L50, F|\n|poke|p1|Tatsugiri, L50, F|\n|poke|p1|Gholdengo, L50|\n|poke|p1|Ogerpon-Hearthflame, L50, F|\n|poke|p2|Flutter Mane, L50|\n|poke|p2|Chi-Yu, L50|\n|poke|p2|Urshifu-*, L50, M|\n|poke|p2|Landorus-Therian, L50, M|\n|poke|p2|Rillaboom, L50, M|\n|poke|p2|Thundurus, L50, M|\n|teampreview|4\n|\n|t:|1700573979\n|start\n|switch|p1a: Fezandipiti|Fezandipiti, L50, M|100\/100\n|switch|p1b: Ogerpon|Ogerpon-Hearthflame, L50, F|100\/100\n|switch|p2a: Flutter Mane|Flutter Mane, L50|100\/100\n|switch|p2b: Chi-Yu|Chi-Yu, L50|100\/100\n|-ability|p1b: Ogerpon|Mold Breaker\n|-ability|p2b: Chi-Yu|Beads of Ruin\n|-enditem|p2a: Flutter Mane|Booster Energy\n|-activate|p2a: Flutter Mane|ability: Protosynthesis|[fromitem]\n|-start|p2a: Flutter Mane|protosynthesisspe\n|turn|1\n|\n|t:|1700574021\n|-terastallize|p1b: Ogerpon|Fire\n|detailschange|p1b: Ogerpon|Ogerpon-Hearthflame-Tera, L50, F, tera:Fire\n|-ability|p1b: Ogerpon|Embody Aspect (Hearthflame)|boost\n|-boost|p1b: Ogerpon|atk|1\n|move|p2a: Flutter Mane|Protect|p2a: Flutter Mane\n|-singleturn|p2a: Flutter Mane|Protect\n|move|p1b: Ogerpon|Ivy Cudgel|p2a: Flutter Mane|[anim] Ivy Cudgel Fire\n|-activate|p2a: Flutter Mane|move: Protect\n|move|p2b: Chi-Yu|Heat Wave|p1b: Ogerpon|[spread] p1a,p1b\n|-resisted|p1b: Ogerpon\n|-crit|p1b: Ogerpon\n|-damage|p1a: Fezandipiti|63\/100\n|-damage|p1b: Ogerpon|61\/100\n|move|p1a: Fezandipiti|Tailwind|p1a: Fezandipiti\n|-sidestart|p1: not lu|move: Tailwind\n|\n|upkeep\n|turn|2\n|j| SpeedRunShield\n|\n|t:|1700574051\n|move|p1b: Ogerpon|Ivy Cudgel|p2a: Flutter Mane|[anim] Ivy Cudgel Fire\n|-damage|p2a: Flutter Mane|0 fnt\n|faint|p2a: Flutter Mane\n|-end|p2a: Flutter Mane|Protosynthesis|[silent]\n|move|p1a: Fezandipiti|Dazzling Gleam|p2b: Chi-Yu\n|-damage|p2b: Chi-Yu|78\/100\n|-status|p2b: Chi-Yu|tox|[from] ability: Toxic Chain|[of] p1a: Fezandipiti\n|move|p2b: Chi-Yu|Heat Wave|p1b: Ogerpon|[spread] p1a,p1b\n|-resisted|p1b: Ogerpon\n|-damage|p1a: Fezandipiti|26\/100\n|-damage|p1b: Ogerpon|33\/100\n|-enditem|p1a: Fezandipiti|Sitrus Berry|[eat]\n|-heal|p1a: Fezandipiti|51\/100|[from] item: Sitrus Berry\n|\n|-damage|p2b: Chi-Yu|72\/100 tox|[from] psn\n|upkeep\n|\n|t:|1700574064\n|switch|p2a: Rillaboom|Rillaboom, L50, M|100\/100\n|-fieldstart|move: Grassy Terrain|[from] ability: Grassy Surge|[of] p2a: Rillaboom\n|turn|3\n|l| SpeedRunShield\n|\n|t:|1700574071\n|move|p1b: Ogerpon|Spiky Shield|p1b: Ogerpon\n|-singleturn|p1b: Ogerpon|move: Protect\n|move|p2a: Rillaboom|Fake Out|p1a: Fezandipiti\n|-damage|p1a: Fezandipiti|39\/100\n|cant|p1a: Fezandipiti|flinch\n|move|p2b: Chi-Yu|Heat Wave|p1b: Ogerpon|[spread] p1a\n|-activate|p1b: Ogerpon|move: Protect\n|-damage|p1a: Fezandipiti|4\/100\n|\n|-heal|p1b: Ogerpon|38\/100|[from] Grassy Terrain\n|-heal|p1a: Fezandipiti|10\/100|[from] Grassy Terrain\n|-heal|p2b: Chi-Yu|78\/100 tox|[from] Grassy Terrain\n|-damage|p2b: Chi-Yu|65\/100 tox|[from] psn\n|upkeep\n|turn|4\n|\n|t:|1700574097\n|move|p2a: Rillaboom|Grassy Glide|p1a: Fezandipiti\n|-resisted|p1a: Fezandipiti\n|-damage|p1a: Fezandipiti|0 fnt\n|faint|p1a: Fezandipiti\n|move|p1b: Ogerpon|Ivy Cudgel|p2a: Rillaboom|[anim] Ivy Cudgel Fire\n|-supereffective|p2a: Rillaboom\n|-damage|p2a: Rillaboom|0 fnt\n|faint|p2a: Rillaboom\n|move|p2b: Chi-Yu|Snarl|p1b: Ogerpon\n|-damage|p1b: Ogerpon|0 fnt\n|faint|p1b: Ogerpon\n|\n|-heal|p2b: Chi-Yu|72\/100 tox|[from] Grassy Terrain\n|-damage|p2b: Chi-Yu|53\/100 tox|[from] psn\n|-sideend|p1: not lu|move: Tailwind\n|upkeep\n|\n|t:|1700574106\n|switch|p1b: Tatsugiri|Tatsugiri, L50, F|100\/100\n|switch|p1a: Dondozo|Dondozo, L50, F|100\/100\n|switch|p2a: Landorus|Landorus-Therian, L50, M|100\/100\n|-activate|p1b: Tatsugiri|ability: Commander|[of] p1a: Dondozo\n|-boost|p1a: Dondozo|atk|2\n|-boost|p1a: Dondozo|spa|2\n|-boost|p1a: Dondozo|spe|2\n|-boost|p1a: Dondozo|def|2\n|-boost|p1a: Dondozo|spd|2\n|-ability|p2a: Landorus|Intimidate|boost\n|-unboost|p1a: Dondozo|atk|1\n|-unboost|p1b: Tatsugiri|atk|1\n|turn|5\n|\n|t:|1700574121\n|-terastallize|p2b: Chi-Yu|Ghost\n|move|p1a: Dondozo|Protect|p1a: Dondozo\n|-singleturn|p1a: Dondozo|Protect\n|move|p2a: Landorus|Rock Slide|p1a: Dondozo|[spread] \n|-miss|p2a: Landorus|p1b: Tatsugiri\n|-activate|p1a: Dondozo|move: Protect\n|move|p2b: Chi-Yu|Will-O-Wisp|p1a: Dondozo\n|-activate|p1a: Dondozo|move: Protect\n|\n|-heal|p2b: Chi-Yu|59\/100 tox|[from] Grassy Terrain\n|-damage|p2b: Chi-Yu|34\/100 tox|[from] psn\n|upkeep\n|-enditem|p2b: Chi-Yu|Sitrus Berry|[eat]\n|-heal|p2b: Chi-Yu|59\/100 tox|[from] item: Sitrus Berry\n|turn|6\n|\n|t:|1700574135\n|move|p2a: Landorus|Rock Slide|p1a: Dondozo|[spread] \n|-miss|p2a: Landorus|p1b: Tatsugiri\n|-miss|p2a: Landorus|p1a: Dondozo\n|move|p1a: Dondozo|Wave Crash|p2b: Chi-Yu\n|-damage|p2b: Chi-Yu|0 fnt\n|faint|p2b: Chi-Yu\n|-damage|p1a: Dondozo|88\/100|[from] Recoil\n|\n|-heal|p1a: Dondozo|94\/100|[from] Grassy Terrain\n|-heal|p1a: Dondozo|99\/100|[from] item: Leftovers\n|upkeep\n|turn|7\n|-message|Il Mule forfeited.\n|\n|win|not lu\n|raw|not lu's rating: 1664 &rarr; <strong>1687<\/strong><br \/>(+23 for winning)\n|raw|Il Mule's rating: 1708 &rarr; <strong>1685<\/strong><br \/>(-23 for losing)\n|l|\u2606Il Mule\n","uploadtime":1700574147,"views":14,"p1id":"notlu","p2id":"ilmule","formatid":"gen9vgc2023regulatione","rating":1685,"private":0,"password":""}