{"id":"gen9vgc2023regulatione-1998070288","p1":"Spicy Cigar","p2":"TheCornPop","format":"[Gen 9] VGC 2023 Regulation E","log":"|j|\u2606Spicy Cigar\n|j|\u2606TheCornPop\n|t:|1700886625\n|gametype|doubles\n|player|p1|Spicy Cigar|skier|1430\n|player|p2|TheCornPop|boarder|1482\n|teamsize|p1|6\n|teamsize|p2|6\n|gen|9\n|tier|[Gen 9] VGC 2023 Regulation E\n|rated|\n|rule|Species Clause: Limit one of each Pok\u00e9mon\n|rule|Item Clause: Limit one of each item\n|clearpoke\n|poke|p1|Zapdos-Galar, L50|\n|poke|p1|Chien-Pao, L50|\n|poke|p1|Farigiraf, L50, M|\n|poke|p1|Heatran, L50, F|\n|poke|p1|Rillaboom, L50, F|\n|poke|p1|Dragapult, L50, F|\n|poke|p2|Tornadus, L50, M|\n|poke|p2|Urshifu-*, L50, F|\n|poke|p2|Chi-Yu, L50|\n|poke|p2|Rillaboom, L50, F|\n|poke|p2|Dragonite, L50, M|\n|poke|p2|Munkidori, L50, M|\n|teampreview|4\nSpicy Cigar has agreed to open team sheets.\n|inactive|Battle timer is ON: inactive players will automatically lose when time's up. (requested by Spicy Cigar)\n|j| mookystank\n|l| mookystank\n|inactive|Spicy Cigar has 60 seconds left.\n|\n|t:|1700886676\n|start\n|switch|p1a: Chien-Pao|Chien-Pao, L50|100\/100\n|switch|p1b: Dragapult|Dragapult, L50, F, shiny|100\/100\n|switch|p2a: Tornadus|Tornadus, L50, M|100\/100\n|switch|p2b: Urshifu|Urshifu-Rapid-Strike, L50, F|100\/100\n|-ability|p1a: Chien-Pao|Sword of Ruin\n|turn|1\n|inactive|Spicy Cigar has 30 seconds left.\n|\n|t:|1700886705\n|move|p2b: Urshifu|Detect|p2b: Urshifu\n|-singleturn|p2b: Urshifu|Protect\n|move|p1b: Dragapult|Sucker Punch||[still]\n|-fail|p1b: Dragapult\n|move|p1a: Chien-Pao|Sucker Punch||[still]\n|-fail|p1a: Chien-Pao\n|move|p2a: Tornadus|Tailwind|p2a: Tornadus\n|-sidestart|p2: TheCornPop|move: Tailwind\n|\n|upkeep\n|turn|2\n|\n|t:|1700886715\n|-terastallize|p2b: Urshifu|Water\n|move|p2a: Tornadus|Rain Dance|p2a: Tornadus\n|-weather|RainDance\n|move|p1b: Dragapult|Sucker Punch|p2b: Urshifu\n|-damage|p2b: Urshifu|47\/100\n|move|p1a: Chien-Pao|Sucker Punch|p2b: Urshifu\n|-damage|p2b: Urshifu|0 fnt\n|faint|p2b: Urshifu\n|\n|-weather|RainDance|[upkeep]\n|upkeep\n|\n|t:|1700886725\n|switch|p2b: Dragonite|Dragonite, L50, M|100\/100\n|turn|3\n|\n|t:|1700886748\n|move|p2b: Dragonite|Extreme Speed|p1a: Chien-Pao\n|-damage|p1a: Chien-Pao|41\/100\n|move|p1b: Dragapult|Sucker Punch|p2a: Tornadus\n|-damage|p2a: Tornadus|31\/100\n|move|p2a: Tornadus|Bleakwind Storm|p1a: Chien-Pao|[spread] p1a,p1b\n|-damage|p1a: Chien-Pao|0 fnt\n|-damage|p1b: Dragapult|56\/100\n|faint|p1a: Chien-Pao\n|\n|-weather|RainDance|[upkeep]\n|upkeep\n|\n|t:|1700886756\n|switch|p1a: Zapdos|Zapdos-Galar, L50|100\/100\n|turn|4\n|inactive|Spicy Cigar has 30 seconds left.\n|\n|t:|1700886782\n|move|p2b: Dragonite|Extreme Speed|p1a: Zapdos\n|-damage|p1a: Zapdos|56\/100\n|move|p1b: Dragapult|Sucker Punch|p2a: Tornadus\n|-damage|p2a: Tornadus|0 fnt\n|faint|p2a: Tornadus\n|move|p1a: Zapdos|Thunderous Kick|p2b: Dragonite\n|-resisted|p2b: Dragonite\n|-crit|p2b: Dragonite\n|-damage|p2b: Dragonite|57\/100\n|-unboost|p2b: Dragonite|def|1\n|\n|-weather|RainDance|[upkeep]\n|-sideend|p2: TheCornPop|move: Tailwind\n|upkeep\n|\n|t:|1700886788\n|switch|p2a: Chi-Yu|Chi-Yu, L50|100\/100\n|-ability|p2a: Chi-Yu|Beads of Ruin\n|turn|5\n|-message|TheCornPop forfeited.\n|\n|win|Spicy Cigar\n|raw|Spicy Cigar's rating: 1430 &rarr; <strong>1453<\/strong><br \/>(+23 for winning)\n|raw|TheCornPop's rating: 1482 &rarr; <strong>1459<\/strong><br \/>(-23 for losing)\n|l|\u2606TheCornPop\n","uploadtime":1700886799,"views":4,"p1id":"spicycigar","p2id":"thecornpop","formatid":"gen9vgc2023regulatione","rating":1453,"private":0,"password":""}