{"id":"gen9vgc2023regulatione-1999463988","p1":"whyismynamejeff","p2":"Cbr65","format":"[Gen 9] VGC 2023 Regulation E","log":"|j|\u2606whyismynamejeff\n|j|\u2606Cbr65\n|t:|1701084532\n|gametype|doubles\n|player|p1|whyismynamejeff|colress|1023\n|player|p2|Cbr65|102|1084\n|teamsize|p1|6\n|teamsize|p2|6\n|gen|9\n|tier|[Gen 9] VGC 2023 Regulation E\n|rated|\n|rule|Species Clause: Limit one of each Pok\u00e9mon\n|rule|Item Clause: Limit one of each item\n|clearpoke\n|poke|p1|Ogerpon-Wellspring, L50, F|\n|poke|p1|Regieleki, L50|\n|poke|p1|Indeedee-F, L50, F|\n|poke|p1|Tornadus, L50, M|\n|poke|p1|Chi-Yu, L50|\n|poke|p1|Flutter Mane, L50|\n|poke|p2|Salamence, L50, F|\n|poke|p2|Heatran, L50, F|\n|poke|p2|Farigiraf, L50, F|\n|poke|p2|Urshifu-*, L50, F|\n|poke|p2|Flutter Mane, L50|\n|poke|p2|Rillaboom, L50, M|\n|teampreview|4\n|\n|t:|1701084597\n|start\n|switch|p1a: Ogerpon|Ogerpon-Wellspring, L50, F|100\/100\n|switch|p1b: Tornadus|Tornadus, L50, M|100\/100\n|switch|p2a: Flutter Mane|Flutter Mane, L50|100\/100\n|switch|p2b: Rillaboom|Rillaboom, L50, M|100\/100\n|-fieldstart|move: Grassy Terrain|[from] ability: Grassy Surge|[of] p2b: Rillaboom\n|turn|1\n|\n|t:|1701084611\n|-terastallize|p2a: Flutter Mane|Fairy\n|move|p1a: Ogerpon|Spiky Shield|p1a: Ogerpon\n|-singleturn|p1a: Ogerpon|move: Protect\n|move|p2b: Rillaboom|Fake Out|p1a: Ogerpon\n|-activate|p1a: Ogerpon|move: Protect\n|-damage|p2b: Rillaboom|88\/100|[from] Spiky Shield|[of] p1a: Ogerpon\n|move|p1b: Tornadus|Tailwind|p1b: Tornadus\n|-sidestart|p1: whyismynamejeff|move: Tailwind\n|move|p2a: Flutter Mane|Dazzling Gleam|p1b: Tornadus|[spread] p1b\n|-activate|p1a: Ogerpon|move: Protect\n|-damage|p1b: Tornadus|30\/100\n|\n|-heal|p2b: Rillaboom|94\/100|[from] Grassy Terrain\n|upkeep\n|turn|2\n|\n|t:|1701084629\n|move|p1a: Ogerpon|Swords Dance|p1a: Ogerpon\n|-boost|p1a: Ogerpon|atk|2\n|move|p1b: Tornadus|Bleakwind Storm|p2b: Rillaboom|[spread] p2b\n|-miss|p1b: Tornadus|p2a: Flutter Mane\n|-supereffective|p2b: Rillaboom\n|-damage|p2b: Rillaboom|52\/100\n|move|p2a: Flutter Mane|Dazzling Gleam|p1a: Ogerpon|[spread] p1a,p1b\n|-damage|p1a: Ogerpon|30\/100\n|-damage|p1b: Tornadus|0 fnt\n|faint|p1b: Tornadus\n|move|p2b: Rillaboom|Wood Hammer|p1a: Ogerpon\n|-damage|p1a: Ogerpon|0 fnt\n|faint|p1a: Ogerpon\n|-damage|p2b: Rillaboom|44\/100|[from] Recoil\n|\n|-heal|p2b: Rillaboom|50\/100|[from] Grassy Terrain\n|upkeep\n|\n|t:|1701084643\n|switch|p1a: Indeedee|Indeedee-F, L50, F|100\/100\n|switch|p1b: Flutter Mane|Flutter Mane, L50|100\/100\n|-fieldstart|move: Psychic Terrain|[from] ability: Psychic Surge|[of] p1a: Indeedee\n|-enditem|p1a: Indeedee|Psychic Seed\n|-boost|p1a: Indeedee|spd|1|[from] item: Psychic Seed\n|turn|3\n|\n|t:|1701084658\n|switch|p2b: Heatran|Heatran, L50, F|100\/100\n|-terastallize|p1b: Flutter Mane|Fairy\n|move|p1a: Indeedee|Helping Hand|p1b: Flutter Mane\n|-singleturn|p1b: Flutter Mane|Helping Hand|[of] p1a: Indeedee\n|move|p1b: Flutter Mane|Dazzling Gleam|p2a: Flutter Mane|[spread] p2a,p2b\n|-resisted|p2b: Heatran\n|-damage|p2a: Flutter Mane|32\/100\n|-damage|p2b: Heatran|87\/100\n|move|p2a: Flutter Mane|Dazzling Gleam|p1a: Indeedee|[spread] p1a,p1b\n|-damage|p1a: Indeedee|61\/100\n|-damage|p1b: Flutter Mane|28\/100\n|\n|upkeep\n|turn|4\n|\n|t:|1701084683\n|-end|p2a: Flutter Mane|Protosynthesis|[silent]\n|switch|p2a: Rillaboom|Rillaboom, L50, M|50\/100\n|-fieldstart|move: Grassy Terrain|[from] ability: Grassy Surge|[of] p2a: Rillaboom\n|move|p1a: Indeedee|Follow Me|p1a: Indeedee\n|-singleturn|p1a: Indeedee|move: Follow Me\n|move|p1b: Flutter Mane|Moonblast|p2a: Rillaboom\n|-damage|p2a: Rillaboom|6\/100\n|-unboost|p2a: Rillaboom|spa|1\n|move|p2b: Heatran|Heat Wave|p1b: Flutter Mane|[spread] p1a,p1b\n|-damage|p1a: Indeedee|28\/100\n|-damage|p1b: Flutter Mane|0 fnt\n|faint|p1b: Flutter Mane\n|-end|p1b: Flutter Mane|Protosynthesis|[silent]\n|-damage|p2b: Heatran|78\/100|[from] item: Life Orb\n|\n|-heal|p1a: Indeedee|34\/100|[from] Grassy Terrain\n|-heal|p2a: Rillaboom|12\/100|[from] Grassy Terrain\n|-heal|p2b: Heatran|84\/100|[from] Grassy Terrain\n|-sideend|p1: whyismynamejeff|move: Tailwind\n|upkeep\n|turn|5\n|\n|t:|1701084696\n|move|p2a: Rillaboom|Fake Out|p1a: Indeedee\n|-damage|p1a: Indeedee|21\/100\n|move|p2b: Heatran|Flash Cannon|p1a: Indeedee\n|-damage|p1a: Indeedee|0 fnt\n|faint|p1a: Indeedee\n|-damage|p2b: Heatran|74\/100|[from] item: Life Orb\n|\n|win|Cbr65\n|raw|whyismynamejeff's rating: 1023 &rarr; <strong>1012<\/strong><br \/>(-11 for losing)\n|raw|Cbr65's rating: 1084 &rarr; <strong>1107<\/strong><br \/>(+23 for winning)\n|c|\u2606whyismynamejeff|brooo\n|c|\u2606whyismynamejeff|gg\n","uploadtime":1701084706,"views":5,"p1id":"whyismynamejeff","p2id":"cbr65","formatid":"gen9vgc2023regulatione","rating":1012,"private":0,"password":""}