{"id":"gen9vgc2023regulatione-1991310381","p1":"Daviron1","p2":"Dr gargalon","format":"[Gen 9] VGC 2023 Regulation E","log":"|j|\u2606Daviron1\n|j|\u2606Dr gargalon\n|t:|1700066439\n|gametype|doubles\n|player|p1|Daviron1|volkner|1496\n|player|p2|Dr gargalon|1|1516\n|teamsize|p1|6\n|teamsize|p2|6\n|gen|9\n|tier|[Gen 9] VGC 2023 Regulation E\n|rated|\n|rule|Species Clause: Limit one of each Pok\u00e9mon\n|rule|Item Clause: Limit one of each item\n|clearpoke\n|poke|p1|Iron Hands, L50|\n|poke|p1|Gholdengo, L50|\n|poke|p1|Amoonguss, L50, F|\n|poke|p1|Scream Tail, L50|\n|poke|p1|Ninetales-Alola, L50, F|\n|poke|p1|Ogerpon-Hearthflame, L50, F|\n|poke|p2|Baxcalibur, L50, F|\n|poke|p2|Ninetales-Alola, L50, M|\n|poke|p2|Heatran, L50, M|\n|poke|p2|Ogerpon-Wellspring, L50, F|\n|poke|p2|Landorus-Therian, L50, M|\n|poke|p2|Iron Hands, L50|\n|teampreview|4\n|inactive|Battle timer is ON: inactive players will automatically lose when time's up. (requested by Dr gargalon)\nDaviron1 has agreed to open team sheets.\n|inactive|Dr gargalon has 60 seconds left.\n|\n|t:|1700066476\n|start\n|switch|p1a: Ninetales|Ninetales-Alola, L50, F|100\/100\n|switch|p1b: Iron Hands|Iron Hands, L50|100\/100\n|switch|p2a: Heatran|Heatran, L50, M|100\/100\n|switch|p2b: Ogerpon|Ogerpon-Wellspring, L50, F|100\/100\n|-weather|Snow|[from] ability: Snow Warning|[of] p1a: Ninetales\n|turn|1\n|\n|t:|1700066500\n|move|p1a: Ninetales|Aurora Veil|p1a: Ninetales\n|-sidestart|p1: Daviron1|move: Aurora Veil\n|move|p2b: Ogerpon|Ivy Cudgel|p1a: Ninetales|[anim] Ivy Cudgel Water\n|-damage|p1a: Ninetales|67\/100\n|move|p2a: Heatran|Will-O-Wisp|p1b: Iron Hands\n|-status|p1b: Iron Hands|brn\n|move|p1b: Iron Hands|Drain Punch|p2a: Heatran\n|-supereffective|p2a: Heatran\n|-damage|p2a: Heatran|69\/100\n|\n|-weather|Snow|[upkeep]\n|-heal|p2a: Heatran|75\/100|[from] item: Leftovers\n|-damage|p1b: Iron Hands|94\/100 brn|[from] brn\n|upkeep\n|turn|2\n|\n|t:|1700066524\n|-end|p1b: Iron Hands|Quark Drive|[silent]\n|switch|p1b: Scream Tail|Scream Tail, L50|100\/100\n|-enditem|p1b: Scream Tail|Booster Energy\n|-activate|p1b: Scream Tail|ability: Protosynthesis|[fromitem]\n|-start|p1b: Scream Tail|protosynthesisspe\n|move|p1a: Ninetales|Blizzard|p2a: Heatran|[spread] p2a,p2b\n|-resisted|p2a: Heatran\n|-damage|p2a: Heatran|70\/100\n|-damage|p2b: Ogerpon|75\/100\n|move|p2b: Ogerpon|Ivy Cudgel|p1a: Ninetales|[anim] Ivy Cudgel Water\n|-damage|p1a: Ninetales|39\/100\n|move|p2a: Heatran|Heat Wave|p1b: Scream Tail|[spread] p1a,p1b\n|-supereffective|p1a: Ninetales\n|-damage|p1a: Ninetales|0 fnt\n|-damage|p1b: Scream Tail|82\/100\n|faint|p1a: Ninetales\n|\n|-weather|Snow|[upkeep]\n|-heal|p2a: Heatran|76\/100|[from] item: Leftovers\n|upkeep\n|\n|t:|1700066540\n|switch|p1a: Gholdengo|Gholdengo, L50|100\/100\n|turn|3\n|\n|t:|1700066568\n|-terastallize|p1a: Gholdengo|Dragon\n|move|p1b: Scream Tail|Disable|p2a: Heatran\n|-start|p2a: Heatran|Disable|Heat Wave\n|move|p2b: Ogerpon|Horn Leech|p1b: Scream Tail\n|-damage|p1b: Scream Tail|60\/100\n|-heal|p2b: Ogerpon|89\/100|[from] drain|[of] p1b: Scream Tail\n|move|p1a: Gholdengo|Nasty Plot|p1a: Gholdengo\n|-boost|p1a: Gholdengo|spa|2\n|cant|p2a: Heatran|Disable|Heat Wave\n|\n|-weather|Snow|[upkeep]\n|-heal|p2a: Heatran|82\/100|[from] item: Leftovers\n|upkeep\n|turn|4\n|\n|t:|1700066590\n|move|p1b: Scream Tail|Encore|p2a: Heatran\n|-start|p2a: Heatran|Encore\n|move|p2b: Ogerpon|Ivy Cudgel|p1b: Scream Tail|[anim] Ivy Cudgel Water\n|-damage|p1b: Scream Tail|29\/100\n|move|p1a: Gholdengo|Nasty Plot|p1a: Gholdengo\n|-boost|p1a: Gholdengo|spa|2\n|cant|p2a: Heatran|Disable|Heat Wave\n|\n|-weather|Snow|[upkeep]\n|-heal|p2a: Heatran|89\/100|[from] item: Leftovers\n|upkeep\n|turn|5\n|j| Playsterco\n|\n|t:|1700066610\n|move|p1b: Scream Tail|Rock Tomb|p2b: Ogerpon\n|-damage|p2b: Ogerpon|78\/100\n|-unboost|p2b: Ogerpon|spe|1\n|move|p1a: Gholdengo|Shadow Ball|p2b: Ogerpon\n|-damage|p2b: Ogerpon|0 fnt\n|faint|p2b: Ogerpon\n|-activate|p2a: Heatran|move: Struggle\n|move|p2a: Heatran|Struggle|p1b: Scream Tail\n|-crit|p1b: Scream Tail\n|-damage|p1b: Scream Tail|18\/100\n|-damage|p2a: Heatran|64\/100|[from] recoil\n|\n|-weather|none\n|-heal|p2a: Heatran|70\/100|[from] item: Leftovers\n|upkeep\n|\n|t:|1700066625\n|switch|p2b: Iron Hands|Iron Hands, L50|100\/100\n|turn|6\n|\n|t:|1700066642\n|move|p1b: Scream Tail|Protect|p1b: Scream Tail\n|-singleturn|p1b: Scream Tail|Protect\n|move|p1a: Gholdengo|Shadow Ball|p2a: Heatran\n|-damage|p2a: Heatran|0 fnt\n|faint|p2a: Heatran\n|move|p2b: Iron Hands|Drain Punch|p1a: Gholdengo\n|-damage|p1a: Gholdengo|71\/100\n|\n|upkeep\n|\n|t:|1700066651\n|switch|p2a: Landorus|Landorus-Therian, L50, M|100\/100\n|-ability|p2a: Landorus|Intimidate|boost\n|-unboost|p1a: Gholdengo|atk|1\n|-unboost|p1b: Scream Tail|atk|1\n|turn|7\n|\n|t:|1700066668\n|-terastallize|p2a: Landorus|Flying\n|move|p1a: Gholdengo|Protect|p1a: Gholdengo\n|-singleturn|p1a: Gholdengo|Protect\n|move|p1b: Scream Tail|Disable|p2b: Iron Hands\n|-start|p2b: Iron Hands|Disable|Drain Punch\n|move|p2a: Landorus|Rock Slide|p1a: Gholdengo|[spread] p1b\n|-activate|p1a: Gholdengo|move: Protect\n|-damage|p1b: Scream Tail|7\/100\n|cant|p2b: Iron Hands|Disable|Drain Punch\n|\n|upkeep\n|turn|8\n|\n|t:|1700066685\n|move|p1b: Scream Tail|Disable|p2a: Landorus\n|-start|p2a: Landorus|Disable|Rock Slide\n|cant|p2a: Landorus|Disable|Rock Slide\n|move|p1a: Gholdengo|Make It Rain|p2a: Landorus|[spread] p2a,p2b\n|-resisted|p2b: Iron Hands\n|-damage|p2a: Landorus|0 fnt\n|-damage|p2b: Iron Hands|60\/100\n|-unboost|p1a: Gholdengo|spa|1\n|faint|p2a: Landorus\n|move|p2b: Iron Hands|Wild Charge|p1a: Gholdengo\n|-resisted|p1a: Gholdengo\n|-damage|p1a: Gholdengo|56\/100\n|-damage|p2b: Iron Hands|57\/100|[from] Recoil\n|\n|-sideend|p1: Daviron1|move: Aurora Veil\n|upkeep\n|turn|9\n|-message|Dr gargalon forfeited.\n|\n|win|Daviron1\n|raw|Daviron1's rating: 1496 &rarr; <strong>1517<\/strong><br \/>(+21 for winning)\n|raw|Dr gargalon's rating: 1516 &rarr; <strong>1495<\/strong><br \/>(-21 for losing)\n|l|\u2606Dr gargalon\n","uploadtime":1700066706,"views":14,"p1id":"daviron1","p2id":"drgargalon","formatid":"gen9vgc2023regulatione","rating":1495,"private":0,"password":""}