{"id":"gen9vgc2023regulatione-1996804396","p1":"Dacoda Hex","p2":"Minimugs","format":"[Gen 9] VGC 2023 Regulation E","log":"|j|\u2606Dacoda Hex\n|j|\u2606Minimugs\n|t:|1700728072\n|gametype|doubles\n|player|p1|Dacoda Hex|burglar|1208\n|player|p2|Minimugs|steven|1174\n|teamsize|p1|6\n|teamsize|p2|6\n|gen|9\n|tier|[Gen 9] VGC 2023 Regulation E\n|rated|\n|rule|Species Clause: Limit one of each Pok\u00e9mon\n|rule|Item Clause: Limit one of each item\n|clearpoke\n|poke|p1|Goodra-Hisui, L50, F|\n|poke|p1|Armarouge, L50, M|\n|poke|p1|Slowking-Galar, L50, M|\n|poke|p1|Indeedee-F, L50, F|\n|poke|p1|Politoed, L50, M|\n|poke|p1|Torkoal, L50, F|\n|poke|p2|Iron Hands, L50|\n|poke|p2|Articuno-Galar, L50|\n|poke|p2|Chi-Yu, L50|\n|poke|p2|Amoonguss, L50, M|\n|poke|p2|Gyarados, L50, F|\n|poke|p2|Flutter Mane, L50|\n|teampreview|4\n|inactive|Battle timer is ON: inactive players will automatically lose when time's up. (requested by Minimugs)\n|inactive|Dacoda Hex has 60 seconds left.\n|\n|t:|1700728123\n|start\n|switch|p1a: Armada|Armarouge, L50, M|100\/100\n|switch|p1b: Anja|Indeedee-F, L50, F|100\/100\n|switch|p2a: Flutter Mane|Flutter Mane, L50|100\/100\n|switch|p2b: Amoonguss|Amoonguss, L50, M|100\/100\n|-fieldstart|move: Psychic Terrain|[from] ability: Psychic Surge|[of] p1b: Anja\n|-enditem|p1b: Anja|Psychic Seed\n|-boost|p1b: Anja|spd|1|[from] item: Psychic Seed\n|-enditem|p2a: Flutter Mane|Booster Energy\n|-activate|p2a: Flutter Mane|ability: Protosynthesis|[fromitem]\n|-start|p2a: Flutter Mane|protosynthesisspe\n|turn|1\n|inactive|Dacoda Hex has 30 seconds left.\n|inactive|Dacoda Hex has 20 seconds left.\n|inactive|Dacoda Hex has 15 seconds left.\n|inactive|Dacoda Hex has 10 seconds left.\n|inactive|Dacoda Hex has 5 seconds left.\n|\n|t:|1700728177\n|-terastallize|p1a: Armada|Grass\n|move|p1b: Anja|Follow Me|p1b: Anja\n|-singleturn|p1b: Anja|move: Follow Me\n|move|p2a: Flutter Mane|Dazzling Gleam|p1a: Armada|[spread] p1a,p1b\n|-damage|p1a: Armada|64\/100\n|-damage|p1b: Anja|80\/100\n|move|p2b: Amoonguss|Spore|p1b: Anja\n|-status|p1b: Anja|slp|[from] move: Spore\n|move|p1a: Armada|Trick Room|p1a: Armada\n|-fieldstart|move: Trick Room|[of] p1a: Armada\n|\n|upkeep\n|turn|2\n|\n|t:|1700728196\n|switch|p2b: Chi-Yu|Chi-Yu, L50|100\/100\n|-ability|p2b: Chi-Yu|Beads of Ruin\n|switch|p1b: Sylvia|Goodra-Hisui, L50, F|100\/100\n|move|p1a: Armada|Expanding Force|p2b: Chi-Yu|[spread] p2a\n|-immune|p2b: Chi-Yu\n|-damage|p2a: Flutter Mane|0 fnt\n|faint|p2a: Flutter Mane\n|-end|p2a: Flutter Mane|Protosynthesis|[silent]\n|-damage|p1a: Armada|54\/100|[from] item: Life Orb\n|\n|upkeep\n|\n|t:|1700728210\n|switch|p2a: Gyarados|Gyarados, L50, F|100\/100\n|-ability|p2a: Gyarados|Intimidate|boost\n|-unboost|p1a: Armada|atk|1\n|-unboost|p1b: Sylvia|atk|1\n|turn|3\n|\n|t:|1700728225\n|move|p1b: Sylvia|Draco Meteor|p2b: Chi-Yu\n|-damage|p2b: Chi-Yu|33\/100\n|-unboost|p1b: Sylvia|spa|2\n|move|p1a: Armada|Expanding Force|p2a: Gyarados|[spread] p2a\n|-immune|p2b: Chi-Yu\n|-damage|p2a: Gyarados|21\/100\n|-enditem|p2a: Gyarados|Sitrus Berry|[eat]\n|-heal|p2a: Gyarados|45\/100|[from] item: Sitrus Berry\n|-damage|p1a: Armada|44\/100|[from] item: Life Orb\n|move|p2a: Gyarados|Taunt|p1b: Sylvia\n|-start|p1b: Sylvia|move: Taunt\n|move|p2b: Chi-Yu|Dark Pulse|p1a: Armada\n|-damage|p1a: Armada|0 fnt\n|faint|p1a: Armada\n|\n|upkeep\n|\n|t:|1700728250\n|switch|p1a: Anja|Indeedee-F, L50, F|80\/100 slp\n|turn|4\n|\n|t:|1700728260\n|switch|p2b: Amoonguss|Amoonguss, L50, M|100\/100\n|move|p2a: Gyarados|Protect|p2a: Gyarados\n|-singleturn|p2a: Gyarados|Protect\n|cant|p1a: Anja|slp\n|move|p1b: Sylvia|Muddy Water|p2b: Amoonguss|[spread] p2b\n|-activate|p2a: Gyarados|move: Protect\n|-resisted|p2b: Amoonguss\n|-damage|p2b: Amoonguss|96\/100\n|\n|upkeep\n|turn|5\n|\n|t:|1700728280\n|switch|p1b: Papa Legba|Slowking-Galar, L50, M, shiny|100\/100\n|move|p2b: Amoonguss|Spore|p1b: Papa Legba\n|-status|p1b: Papa Legba|slp|[from] move: Spore\n|cant|p1a: Anja|slp\n|move|p2a: Gyarados|Waterfall|p1b: Papa Legba\n|-damage|p1b: Papa Legba|74\/100 slp\n|\n|-fieldend|move: Trick Room\n|-fieldend|move: Psychic Terrain\n|upkeep\n|turn|6\n|inactive|Minimugs has 30 seconds left.\n|\n|t:|1700728310\n|switch|p2a: Chi-Yu|Chi-Yu, L50|33\/100\n|-ability|p2a: Chi-Yu|Beads of Ruin\n|-curestatus|p1a: Anja|slp|[msg]\n|move|p1a: Anja|Psyshock|p2b: Amoonguss\n|-supereffective|p2b: Amoonguss\n|-damage|p2b: Amoonguss|54\/100\n|move|p2b: Amoonguss|Spore|p1a: Anja\n|-status|p1a: Anja|slp|[from] move: Spore\n|cant|p1b: Papa Legba|slp\n|\n|upkeep\n|turn|7\n|inactive|Dacoda Hex has 30 seconds left.\n|\n|t:|1700728338\n|cant|p1a: Anja|slp\n|move|p2a: Chi-Yu|Dark Pulse|p1b: Papa Legba\n|-supereffective|p1b: Papa Legba\n|-damage|p1b: Papa Legba|0 fnt\n|faint|p1b: Papa Legba\n|move|p2b: Amoonguss|Pollen Puff|p2a: Chi-Yu\n|-heal|p2a: Chi-Yu|83\/100\n|\n|upkeep\n|\n|t:|1700728348\n|switch|p1b: Sylvia|Goodra-Hisui, L50, F|100\/100\n|turn|8\n|\n|t:|1700728358\n|-terastallize|p2a: Chi-Yu|Water\n|move|p2a: Chi-Yu|Nasty Plot|p2a: Chi-Yu\n|-boost|p2a: Chi-Yu|spa|2\n|move|p1b: Sylvia|Muddy Water|p2a: Chi-Yu|[spread] p2a\n|-miss|p1b: Sylvia|p2b: Amoonguss\n|-resisted|p2a: Chi-Yu\n|-damage|p2a: Chi-Yu|71\/100\n|move|p2b: Amoonguss|Spore|p1b: Sylvia\n|-ability|p1b: Sylvia|Sap Sipper|boost\n|-boost|p1b: Sylvia|atk|1\n|-curestatus|p1a: Anja|slp|[msg]\n|move|p1a: Anja|Trick Room|p1a: Anja\n|-fieldstart|move: Trick Room|[of] p1a: Anja\n|\n|upkeep\n|turn|9\n|\n|t:|1700728380\n|move|p2a: Chi-Yu|Protect|p2a: Chi-Yu\n|-singleturn|p2a: Chi-Yu|Protect\n|move|p2b: Amoonguss|Spore|p1a: Anja\n|-status|p1a: Anja|slp|[from] move: Spore\n|move|p1b: Sylvia|Thunder|p2a: Chi-Yu\n|-activate|p2a: Chi-Yu|move: Protect\n|cant|p1a: Anja|slp\n|\n|upkeep\n|turn|10\n|\n|t:|1700728394\n|move|p2b: Amoonguss|Pollen Puff|p2a: Chi-Yu\n|-heal|p2a: Chi-Yu|100\/100\n|move|p1b: Sylvia|Thunder|p2a: Chi-Yu\n|-supereffective|p2a: Chi-Yu\n|-damage|p2a: Chi-Yu|23\/100\n|-status|p2a: Chi-Yu|par\n|move|p2a: Chi-Yu|Dark Pulse|p1b: Sylvia\n|-damage|p1b: Sylvia|39\/100\n|cant|p1a: Anja|slp\n|\n|upkeep\n|turn|11\n|inactive|Dacoda Hex has 30 seconds left.\n|inactive|Minimugs has 30 seconds left.\n|\n|t:|1700728425\n|move|p2b: Amoonguss|Pollen Puff|p2a: Chi-Yu\n|-heal|p2a: Chi-Yu|73\/100 par\n|move|p1b: Sylvia|Flash Cannon|p2a: Chi-Yu\n|-resisted|p2a: Chi-Yu\n|-damage|p2a: Chi-Yu|50\/100 par\n|move|p2a: Chi-Yu|Dark Pulse|p1b: Sylvia\n|-damage|p1b: Sylvia|0 fnt\n|faint|p1b: Sylvia\n|cant|p1a: Anja|slp\n|\n|upkeep\n|turn|12\n|\n|t:|1700728441\n|move|p2b: Amoonguss|Protect|p2b: Amoonguss\n|-singleturn|p2b: Amoonguss|Protect\n|cant|p2a: Chi-Yu|par\n|-curestatus|p1a: Anja|slp|[msg]\n|move|p1a: Anja|Psyshock|p2a: Chi-Yu\n|-damage|p2a: Chi-Yu|14\/100 par\n|\n|-fieldend|move: Trick Room\n|upkeep\n|turn|13\n|-message|Dacoda Hex forfeited.\n|\n|win|Minimugs\n|raw|Dacoda Hex's rating: 1208 &rarr; <strong>1181<\/strong><br \/>(-27 for losing)\n|raw|Minimugs's rating: 1174 &rarr; <strong>1201<\/strong><br \/>(+27 for winning)\n|l|\u2606Dacoda Hex\n","uploadtime":1700728456,"views":15,"p1id":"dacodahex","p2id":"minimugs","formatid":"gen9vgc2023regulatione","rating":1181,"private":0,"password":""}