{"id":"gen9vgc2023regulatione-1988585630","p1":"Argentavis_Gaming","p2":"YardPodcastFan","format":"[Gen 9] VGC 2023 Regulation E","log":"|j|\u2606Argentavis_Gaming\n|j|\u2606YardPodcastFan\n|n|\u2606Argentavis_Gaming|argentavisgaming\n|n|\u2606YardPodcastFan|yardpodcastfan\n|html|View the match progress at <a href=\"\/game-bestof3-gen9vgc2023regulatione-1988582431\">game-bestof3-gen9vgc2023regulatione-1988582431<\/a>\n|t:|1699738938\n|gametype|doubles\n|player|p1|Argentavis_Gaming|unknown|\n|player|p2|YardPodcastFan|roughneck|\n|teamsize|p1|6\n|teamsize|p2|6\n|gen|9\n|tier|[Gen 9] VGC 2023 Regulation E\n|rule|Species Clause: Limit one of each Pok\u00e9mon\n|rule|Item Clause: Limit one of each item\n|clearpoke\n|poke|p1|Okidogi, L50, M|\n|poke|p1|Spiritomb, L50, M|\n|poke|p1|Tornadus, L50, M|\n|poke|p1|Landorus-Therian, L50, M|\n|poke|p1|Brambleghast, L50, M|\n|poke|p1|Skeledirge, L50, F|\n|poke|p2|Great Tusk, L50|\n|poke|p2|Clefairy, L50, F|\n|poke|p2|Munkidori, L50, M|\n|poke|p2|Vikavolt, L50, F|\n|poke|p2|Volbeat, L50, M|\n|poke|p2|Ogerpon-Hearthflame, L50, F|\n|teampreview|4\nArgentavis_Gaming rejected open team sheets.\n|\n|t:|1699738998\n|start\n|switch|p1a: Kintaro|Landorus-Therian, L50, M|100\/100\n|switch|p1b: Fujin|Tornadus, L50, M|100\/100\n|switch|p2a: Volbeat|Volbeat, L50, M|100\/100\n|switch|p2b: Great Tusk|Great Tusk, L50|100\/100\n|-ability|p1a: Kintaro|Intimidate|boost\n|-unboost|p2a: Volbeat|atk|1\n|-fail|p2b: Great Tusk|unboost|[from] item: Clear Amulet|[of] p2b: Great Tusk\n|turn|1\n|\n|t:|1699739089\n|switch|p1a: Sindel|Skeledirge, L50, F, shiny|100\/100\n|move|p1b: Fujin|Taunt|p2a: Volbeat\n|-start|p2a: Volbeat|move: Taunt\n|-enditem|p2a: Volbeat|Mental Herb\n|-end|p2a: Volbeat|move: Taunt\n|move|p2a: Volbeat|Sunny Day|p2a: Volbeat\n|-weather|SunnyDay\n|-activate|p2b: Great Tusk|ability: Protosynthesis\n|-start|p2b: Great Tusk|protosynthesisatk\n|move|p2b: Great Tusk|Ice Spinner|p1a: Sindel\n|-resisted|p1a: Sindel\n|-damage|p1a: Sindel|83\/100\n|\n|-weather|SunnyDay|[upkeep]\n|upkeep\n|turn|2\n|\n|t:|1699739137\n|move|p1b: Fujin|Tailwind|p1b: Fujin\n|-sidestart|p1: Argentavis_Gaming|move: Tailwind\n|move|p2a: Volbeat|Tailwind|p2a: Volbeat\n|-sidestart|p2: YardPodcastFan|move: Tailwind\n|move|p2b: Great Tusk|Headlong Rush|p1a: Sindel\n|-supereffective|p1a: Sindel\n|-damage|p1a: Sindel|0 fnt\n|-unboost|p2b: Great Tusk|def|1\n|-unboost|p2b: Great Tusk|spd|1\n|faint|p1a: Sindel\n|\n|-weather|SunnyDay|[upkeep]\n|upkeep\n|\n|t:|1699739145\n|switch|p1a: Kintaro|Landorus-Therian, L50, M|100\/100\n|-ability|p1a: Kintaro|Intimidate|boost\n|-unboost|p2a: Volbeat|atk|1\n|-fail|p2b: Great Tusk|unboost|[from] item: Clear Amulet|[of] p2b: Great Tusk\n|turn|3\n|\n|t:|1699739160\n|-terastallize|p2b: Great Tusk|Steel\n|move|p2a: Volbeat|Thunder Wave|p1b: Fujin\n|-status|p1b: Fujin|par\n|move|p2b: Great Tusk|Ice Spinner|p1a: Kintaro\n|-supereffective|p1a: Kintaro\n|-damage|p1a: Kintaro|0 fnt\n|faint|p1a: Kintaro\n|move|p1b: Fujin|Bleakwind Storm|p2a: Volbeat|[spread] p2a,p2b\n|-supereffective|p2a: Volbeat\n|-resisted|p2b: Great Tusk\n|-crit|p2b: Great Tusk\n|-damage|p2a: Volbeat|5\/100\n|-damage|p2b: Great Tusk|40\/100\n|-unboost|p2a: Volbeat|spe|1\n|\n|-weather|SunnyDay|[upkeep]\n|upkeep\n|\n|t:|1699739167\n|switch|p1a: Erron Black|Brambleghast, L50, M|100\/100\n|-ability|p1a: Erron Black|Wind Rider|boost\n|-boost|p1a: Erron Black|atk|1\n|turn|4\n|\n|t:|1699739182\n|-terastallize|p1b: Fujin|Ghost\n|move|p1a: Erron Black|Protect|p1a: Erron Black\n|-singleturn|p1a: Erron Black|Protect\n|move|p2a: Volbeat|Thunder Wave|p1a: Erron Black\n|-activate|p1a: Erron Black|move: Protect\n|move|p2b: Great Tusk|Ice Spinner|p1b: Fujin\n|-damage|p1b: Fujin|48\/100 par\n|move|p1b: Fujin|Bleakwind Storm|p2b: Great Tusk|[spread] p2a,p2b\n|-supereffective|p2a: Volbeat\n|-resisted|p2b: Great Tusk\n|-damage|p2a: Volbeat|0 fnt\n|-damage|p2b: Great Tusk|0 fnt\n|faint|p2a: Volbeat\n|faint|p2b: Great Tusk\n|-end|p2b: Great Tusk|Protosynthesis|[silent]\n|\n|-weather|SunnyDay|[upkeep]\n|upkeep\n|\n|t:|1699739198\n|switch|p2b: Ogerpon|Ogerpon-Hearthflame, L50, F|100\/100\n|switch|p2a: Clefairy|Clefairy, L50, F|100\/100\n|-ability|p2b: Ogerpon|Mold Breaker\n|turn|5\n|\n|t:|1699739204\n|move|p2a: Clefairy|Follow Me|p2a: Clefairy\n|-singleturn|p2a: Clefairy|move: Follow Me\n|move|p2b: Ogerpon|Ivy Cudgel|p1a: Erron Black\n|-supereffective|p1a: Erron Black\n|-damage|p1a: Erron Black|0 fnt\n|faint|p1a: Erron Black\n|move|p1b: Fujin|Bleakwind Storm|p2a: Clefairy|[spread] p2a,p2b\n|-supereffective|p2b: Ogerpon\n|-damage|p2a: Clefairy|78\/100\n|-damage|p2b: Ogerpon|36\/100\n|-unboost|p2a: Clefairy|spe|1\n|-unboost|p2b: Ogerpon|spe|1\n|\n|-weather|none\n|-sideend|p2: YardPodcastFan|move: Tailwind\n|-sideend|p1: Argentavis_Gaming|move: Tailwind\n|upkeep\n|turn|6\n|\n|t:|1699739239\n|move|p2b: Ogerpon|Spiky Shield|p2b: Ogerpon\n|-singleturn|p2b: Ogerpon|move: Protect\n|move|p1b: Fujin|Bleakwind Storm|p2b: Ogerpon|[spread] p2a\n|-activate|p2b: Ogerpon|move: Protect\n|-damage|p2a: Clefairy|56\/100\n|move|p2a: Clefairy|Life Dew|p2a: Clefairy|[spread] p2a,p2b\n|-heal|p2a: Clefairy|81\/100\n|-heal|p2b: Ogerpon|61\/100\n|\n|upkeep\n|turn|7\n|\n|t:|1699739258\n|move|p2b: Ogerpon|Ivy Cudgel|p1b: Fujin\n|-crit|p1b: Fujin\n|-damage|p1b: Fujin|0 fnt\n|faint|p1b: Fujin\n|\n|win|YardPodcastFan\n|c|\u2606YardPodcastFan|gg\n|l|\u2606Argentavis_Gaming\n|l|\u2606YardPodcastFan\n|j|\u2606YardPodcastFan\n|player|p2|YardPodcastFan|roughneck\n","uploadtime":1699739407,"views":16,"p1id":"argentavisgaming","p2id":"yardpodcastfan","formatid":"gen9vgc2023regulatione","rating":0,"private":0,"password":""}