{"id":"gen9vgc2023regulatione-1998837000","p1":"superders","p2":"whyismynamejeff","format":"[Gen 9] VGC 2023 Regulation E","log":"|j|\u2606superders\n|j|\u2606whyismynamejeff\n|t:|1701000639\n|gametype|doubles\n|player|p1|superders|pokemaniac|1143\n|player|p2|whyismynamejeff|colress|1068\n|teamsize|p1|6\n|teamsize|p2|6\n|gen|9\n|tier|[Gen 9] VGC 2023 Regulation E\n|rated|\n|rule|Species Clause: Limit one of each Pok\u00e9mon\n|rule|Item Clause: Limit one of each item\n|clearpoke\n|poke|p1|Regieleki, L50|\n|poke|p1|Flutter Mane, L50|\n|poke|p1|Palafin, L50, F|\n|poke|p1|Roaring Moon, L50|\n|poke|p1|Weezing, L50, F|\n|poke|p1|Landorus-Therian, L50, M|\n|poke|p2|Ogerpon-Wellspring, L50, F|\n|poke|p2|Regieleki, L50|\n|poke|p2|Indeedee-F, L50, F|\n|poke|p2|Tornadus, L50, M|\n|poke|p2|Chi-Yu, L50|\n|poke|p2|Flutter Mane, L50|\n|teampreview|4\n|\n|t:|1701000680\n|start\n|switch|p1a: Palafin|Palafin, L50, F|100\/100\n|switch|p1b: Regieleki|Regieleki, L50|100\/100\n|switch|p2a: Tornadus|Tornadus, L50, M|100\/100\n|switch|p2b: Flutter Mane|Flutter Mane, L50|100\/100\n|turn|1\n|inactive|Battle timer is ON: inactive players will automatically lose when time's up. (requested by superders)\n|\n|t:|1701000705\n|detailschange|p1a: Palafin|Palafin-Hero, L50, F\n|switch|p1a: Weezing|Weezing, L50, F|100\/100\n|-ability|p1a: Weezing|Neutralizing Gas\n|move|p2a: Tornadus|Protect|p2a: Tornadus\n|-singleturn|p2a: Tornadus|Protect\n|move|p1b: Regieleki|Volt Switch|p2a: Tornadus\n|-activate|p2a: Tornadus|move: Protect\n|move|p2b: Flutter Mane|Moonblast|p1b: Regieleki\n|-damage|p1b: Regieleki|0 fnt\n|faint|p1b: Regieleki\n|\n|upkeep\n|\n|t:|1701000720\n|switch|p1b: Roaring Moon|Roaring Moon, L50|100\/100\n|-enditem|p1b: Roaring Moon|Booster Energy\n|-activate|p1b: Roaring Moon|ability: Protosynthesis|[fromitem]\n|-start|p1b: Roaring Moon|protosynthesisatk\n|turn|2\n|\n|t:|1701000743\n|-terastallize|p1b: Roaring Moon|Flying\n|move|p2b: Flutter Mane|Moonblast|p1b: Roaring Moon\n|-damage|p1b: Roaring Moon|51\/100\n|move|p1b: Roaring Moon|Acrobatics|p2b: Flutter Mane\n|-enditem|p2b: Flutter Mane|Focus Sash\n|-damage|p2b: Flutter Mane|1\/100\n|move|p2a: Tornadus|Bleakwind Storm|p1b: Roaring Moon|[spread] p1a,p1b\n|-crit|p1a: Weezing\n|-damage|p1a: Weezing|30\/100\n|-damage|p1b: Roaring Moon|21\/100\n|-unboost|p1a: Weezing|spe|1\n|move|p1a: Weezing|Sludge Bomb|p2b: Flutter Mane\n|-damage|p2b: Flutter Mane|0 fnt\n|faint|p2b: Flutter Mane\n|-end|p2b: Flutter Mane|Protosynthesis|[silent]\n|\n|upkeep\n|\n|t:|1701000760\n|switch|p2b: Chi-Yu|Chi-Yu, L50|100\/100\n|turn|3\n|inactive|superders has 30 seconds left.\n|\n|t:|1701000792\n|move|p2b: Chi-Yu|Protect|p2b: Chi-Yu\n|-singleturn|p2b: Chi-Yu|Protect\n|move|p1a: Weezing|Protect|p1a: Weezing\n|-singleturn|p1a: Weezing|Protect\n|move|p1b: Roaring Moon|Knock Off|p2a: Tornadus\n|-damage|p2a: Tornadus|36\/100\n|-enditem|p2a: Tornadus|Safety Goggles|[from] move: Knock Off|[of] p1b: Roaring Moon\n|move|p2a: Tornadus|Bleakwind Storm|p1b: Roaring Moon|[spread] p1b\n|-activate|p1a: Weezing|move: Protect\n|-damage|p1b: Roaring Moon|0 fnt\n|faint|p1b: Roaring Moon\n|-end|p1b: Roaring Moon|Protosynthesis|[silent]\n|\n|upkeep\n|\n|t:|1701000804\n|switch|p1b: Palafin|Palafin-Hero, L50, F|100\/100\n|-activate|p1b: Palafin|ability: Zero to Hero\n|turn|4\n|\n|t:|1701000820\n|move|p1b: Palafin|Jet Punch|p2a: Tornadus\n|-crit|p2a: Tornadus\n|-damage|p2a: Tornadus|0 fnt\n|faint|p2a: Tornadus\n|move|p2b: Chi-Yu|Snarl|p1a: Weezing|[spread] p1a,p1b\n|-damage|p1a: Weezing|0 fnt\n|-damage|p1b: Palafin|72\/100\n|-unboost|p1b: Palafin|spa|1\n|faint|p1a: Weezing\n|-end|p1a: Weezing|ability: Neutralizing Gas\n|-ability|p2b: Chi-Yu|Beads of Ruin\n|-damage|p2b: Chi-Yu|91\/100|[from] item: Life Orb\n|\n|upkeep\n|\n|t:|1701000833\n|switch|p2a: Indeedee|Indeedee-F, L50, F|100\/100\n|-fieldstart|move: Psychic Terrain|[from] ability: Psychic Surge|[of] p2a: Indeedee\n|-enditem|p2a: Indeedee|Psychic Seed\n|-boost|p2a: Indeedee|spd|1|[from] item: Psychic Seed\n|turn|5\n|-message|superders forfeited.\n|\n|win|whyismynamejeff\n|raw|superders's rating: 1143 &rarr; <strong>1113<\/strong><br \/>(-30 for losing)\n|raw|whyismynamejeff's rating: 1068 &rarr; <strong>1104<\/strong><br \/>(+36 for winning)\n|l|\u2606superders\n","uploadtime":1701000846,"views":10,"p1id":"superders","p2id":"whyismynamejeff","formatid":"gen9vgc2023regulatione","rating":1104,"private":0,"password":""}