{"id":"gen9vgc2023regulatione-1998677339","p1":"steelrevolution337","p2":"salamencetv","format":"[Gen 9] VGC 2023 Regulation E","log":"|j|\u2606steelrevolution337\n|j|\u2606salamencetv\n|n|\u2606steelrevolution337|steelrevolution337\n|n|\u2606salamencetv|salamencetv\n|html|View the match progress at <a href=\"\/game-bestof3-gen9vgc2023regulatione-1998677338\">game-bestof3-gen9vgc2023regulatione-1998677338<\/a>\n|t:|1700971189\n|gametype|doubles\n|player|p1|steelrevolution337|plasmagrunt|\n|player|p2|salamencetv|pryce|\n|teamsize|p1|6\n|teamsize|p2|6\n|gen|9\n|tier|[Gen 9] VGC 2023 Regulation E\n|rule|Species Clause: Limit one of each Pok\u00e9mon\n|rule|Item Clause: Limit one of each item\n|clearpoke\n|poke|p1|Roaring Moon, L50|\n|poke|p1|Weezing, L50, F|\n|poke|p1|Persian-Alola, L50, M|\n|poke|p1|Typhlosion-Hisui, L50, M|\n|poke|p1|Landorus-Therian, L50, M|\n|poke|p1|Iron Thorns, L50|\n|poke|p2|Enamorus-Therian, L50, F|\n|poke|p2|Slowbro, L50, M|\n|poke|p2|Goodra-Hisui, L50, F|\n|poke|p2|Drifblim, L50, M|\n|poke|p2|Golem, L50, M|\n|poke|p2|Rillaboom, L50, M|\n|teampreview|4\n|inactive|Battle timer is ON: inactive players will automatically lose when time's up. (requested by salamencetv)\n|c|\u2606steelrevolution337|timer?\n|inactive|steelrevolution337 has 60 seconds left.\n|inactive|salamencetv has 60 seconds left.\nsalamencetv rejected open team sheets.\n|c|\u2606salamencetv|Anythung works\n|c|\u2606salamencetv|Glhf\n|c|\u2606steelrevolution337|huh\n|c|\u2606steelrevolution337|what about the mods\n|c|\u2606steelrevolution337|they need time\n|inactive|steelrevolution337 has 30 seconds left.\n|inactive|steelrevolution337 has 20 seconds left.\n|inactive|steelrevolution337 has 15 seconds left.\n|inactiveoff|Battle timer is now OFF.\n|\n|t:|1700971276\n|start\n|switch|p1a: Roaring Moon|Roaring Moon, L50|100\/100\n|switch|p1b: Weezing|Weezing, L50, F|100\/100\n|switch|p2a: Mr Balloney|Drifblim, L50, M|100\/100\n|switch|p2b: Huh?|Slowbro, L50, M|100\/100\n|-ability|p1b: Weezing|Neutralizing Gas\n|turn|1\n|c|\u2606salamencetv|Ok then we stop first lol\n|c|\u2606steelrevolution337|shared the link\n|c|\u2606salamencetv|Bet i shared as well just in case\n|c|\u2606salamencetv|Will save links for our matches\n|c|\u2606steelrevolution337|glhf i guess nobody wants to watch\n|c|\u2606salamencetv|LoL\n|c|\u2606salamencetv|No worries glhf\n|\n|t:|1700971458\n|switch|p2a: NootNoot|Enamorus-Therian, L50, F|100\/100\n|-terastallize|p2b: Huh?|Fairy\n|move|p1a: Roaring Moon|Tailwind|p1a: Roaring Moon\n|-sidestart|p1: steelrevolution337|move: Tailwind\n|move|p1b: Weezing|Taunt|p2a: NootNoot\n|-start|p2a: NootNoot|move: Taunt\n|move|p2b: Huh?|Trick Room|p2b: Huh?\n|-fieldstart|move: Trick Room|[of] p2b: Huh?\n|\n|upkeep\n|turn|2\n|\n|t:|1700971483\n|move|p1a: Roaring Moon|Protect|p1a: Roaring Moon\n|-singleturn|p1a: Roaring Moon|Protect\n|move|p2b: Huh?|Calm Mind|p2b: Huh?\n|-boost|p2b: Huh?|spa|1\n|-boost|p2b: Huh?|spd|1\n|move|p2a: NootNoot|Earth Power|p1b: Weezing\n|-supereffective|p1b: Weezing\n|-damage|p1b: Weezing|16\/100\n|move|p1b: Weezing|Sludge Bomb|p2a: NootNoot\n|-supereffective|p2a: NootNoot\n|-damage|p2a: NootNoot|49\/100\n|\n|-heal|p1b: Weezing|23\/100|[from] item: Black Sludge\n|upkeep\n|turn|3\n|\n|t:|1700971512\n|move|p1b: Weezing|Protect|p1b: Weezing\n|-singleturn|p1b: Weezing|Protect\n|move|p2b: Huh?|Tera Blast|p1a: Roaring Moon|[anim] Tera Blast Fairy\n|-supereffective|p1a: Roaring Moon\n|-damage|p1a: Roaring Moon|0 fnt\n|faint|p1a: Roaring Moon\n|-end|p1a: Roaring Moon|Protosynthesis|[silent]\n|-damage|p2b: Huh?|91\/100|[from] item: Life Orb\n|move|p2a: NootNoot|Springtide Storm|p1b: Weezing\n|-activate|p1b: Weezing|move: Protect\n|\n|-heal|p1b: Weezing|29\/100|[from] item: Black Sludge\n|-end|p2a: NootNoot|move: Taunt\n|upkeep\n|\n|t:|1700971531\n|switch|p1a: Iron Thorns|Iron Thorns, L50|100\/100\n|turn|4\n|\n|t:|1700971544\n|-terastallize|p1a: Iron Thorns|Flying\n|move|p2b: Huh?|Scald|p1a: Iron Thorns\n|-damage|p1a: Iron Thorns|60\/100\n|-damage|p2b: Huh?|81\/100|[from] item: Life Orb\n|move|p2a: NootNoot|Springtide Storm|p1b: Weezing|[spread] p1a,p1b\n|-resisted|p1b: Weezing\n|-damage|p1a: Iron Thorns|29\/100\n|-damage|p1b: Weezing|3\/100\n|move|p1b: Weezing|Sludge Bomb|p2a: NootNoot\n|-supereffective|p2a: NootNoot\n|-damage|p2a: NootNoot|0 fnt\n|faint|p2a: NootNoot\n|move|p1a: Iron Thorns|Iron Head|p2b: Huh?\n|-supereffective|p2b: Huh?\n|-damage|p2b: Huh?|39\/100\n|\n|-heal|p1b: Weezing|9\/100|[from] item: Black Sludge\n|-sideend|p1: steelrevolution337|move: Tailwind\n|upkeep\n|\n|t:|1700971553\n|switch|p2a: SKIBIDI TOILET|Golem, L50, M|100\/100\n|turn|5\n|\n|t:|1700971570\n|move|p2b: Huh?|Calm Mind|p2b: Huh?\n|-boost|p2b: Huh?|spa|1\n|-boost|p2b: Huh?|spd|1\n|move|p2a: SKIBIDI TOILET|Rock Slide|p1b: Weezing|[spread] p1a,p1b\n|-supereffective|p1a: Iron Thorns\n|-damage|p1a: Iron Thorns|0 fnt\n|-damage|p1b: Weezing|0 fnt\n|faint|p1a: Iron Thorns\n|-end|p1a: Iron Thorns|Quark Drive|[silent]\n|faint|p1b: Weezing\n|-end|p1b: Weezing|ability: Neutralizing Gas\n|\n|-fieldend|move: Trick Room\n|upkeep\n|\n|t:|1700971582\n|switch|p1a: Typhlosion|Typhlosion-Hisui, L50, M|100\/100\n|-item|p2a: SKIBIDI TOILET|Clear Amulet|[from] ability: Frisk|[of] p1a: Typhlosion|[identify]\n|-item|p2b: Huh?|Life Orb|[from] ability: Frisk|[of] p1a: Typhlosion|[identify]\n|turn|6\n|\n|t:|1700971598\n|move|p1a: Typhlosion|Eruption|p2a: SKIBIDI TOILET|[spread] p2a,p2b\n|-resisted|p2a: SKIBIDI TOILET\n|-damage|p2a: SKIBIDI TOILET|45\/100\n|-damage|p2b: Huh?|0 fnt\n|faint|p2b: Huh?\n|move|p2a: SKIBIDI TOILET|Rock Slide|p1a: Typhlosion\n|-supereffective|p1a: Typhlosion\n|-damage|p1a: Typhlosion|0 fnt\n|faint|p1a: Typhlosion\n|\n|win|salamencetv\n","uploadtime":1700971607,"views":36,"p1id":"steelrevolution337","p2id":"salamencetv","formatid":"gen9vgc2023regulatione","rating":0,"private":0,"password":""}