{"id":"gen9vgc2023regulatione-1999201243","p1":"Noassatall","p2":"Evendot","format":"[Gen 9] VGC 2023 Regulation E","log":"|j|\u2606Noassatall\n|j|\u2606Evendot\n|t:|1701044718\n|gametype|doubles\n|player|p1|Noassatall|102|\n|player|p2|Evendot|266|\n|teamsize|p1|6\n|teamsize|p2|6\n|gen|9\n|tier|[Gen 9] VGC 2023 Regulation E\n|rule|Species Clause: Limit one of each Pok\u00e9mon\n|rule|Item Clause: Limit one of each item\n|clearpoke\n|poke|p1|Mimikyu, L50, F|\n|poke|p1|Flamigo, L50, F|\n|poke|p1|Klefki, L50, M|\n|poke|p1|Meowscarada, L50, M|\n|poke|p1|Slowking, L50, F|\n|poke|p1|Slaking, L50, F|\n|poke|p2|Dondozo, L50, F|\n|poke|p2|Mismagius, L50, F|\n|poke|p2|Scizor, L50, M|\n|poke|p2|Lucario, L50, M|\n|poke|p2|Arboliva, L50, F|\n|poke|p2|Rotom-Wash, L50|\n|teampreview|4\n|j| dlore\n|\n|t:|1701044783\n|start\n|switch|p1a: Meowscarada|Meowscarada, L50, M|100\/100\n|switch|p1b: Klefki|Klefki, L50, M|100\/100\n|switch|p2a: Dondozo|Dondozo, L50, F|100\/100\n|switch|p2b: Mismagius|Mismagius, L50, F|100\/100\n|turn|1\n|\n|t:|1701044810\n|-terastallize|p2a: Dondozo|Fighting\n|move|p1b: Klefki|Reflect|p1b: Klefki\n|-sidestart|p1: Noassatall|Reflect\n|move|p1a: Meowscarada|Flower Trick|p2a: Dondozo\n|-start|p1a: Meowscarada|typechange|Grass|[from] ability: Protean\n|-crit|p2a: Dondozo\n|-damage|p2a: Dondozo|77\/100\n|move|p2b: Mismagius|Mystical Fire|p1b: Klefki\n|-supereffective|p1b: Klefki\n|-damage|p1b: Klefki|44\/100\n|-unboost|p1b: Klefki|spa|1\n|move|p2a: Dondozo|Body Press|p1a: Meowscarada\n|-damage|p1a: Meowscarada|54\/100\n|\n|-heal|p2a: Dondozo|83\/100|[from] item: Leftovers\n|upkeep\n|turn|2\n|\n|t:|1701044869\n|move|p2a: Dondozo|Protect|p2a: Dondozo\n|-singleturn|p2a: Dondozo|Protect\n|move|p1b: Klefki|Light Screen|p1b: Klefki\n|-sidestart|p1: Noassatall|move: Light Screen\n|move|p1a: Meowscarada|Knock Off|p2b: Mismagius\n|-supereffective|p2b: Mismagius\n|-enditem|p2b: Mismagius|Colbur Berry|[eat]\n|-enditem|p2b: Mismagius|Colbur Berry|[weaken]\n|-damage|p2b: Mismagius|43\/100\n|move|p2b: Mismagius|Mystical Fire|p1b: Klefki\n|-supereffective|p1b: Klefki\n|-damage|p1b: Klefki|6\/100\n|-unboost|p1b: Klefki|spa|1\n|\n|-heal|p2a: Dondozo|90\/100|[from] item: Leftovers\n|upkeep\n|turn|3\n|\n|t:|1701044922\n|switch|p1a: Mimikyu|Mimikyu, L50, F|100\/100\n|move|p1b: Klefki|Thunder Wave|p2a: Dondozo\n|-status|p2a: Dondozo|par\n|move|p2b: Mismagius|Dazzling Gleam|p1b: Klefki|[spread] p1a,p1b\n|-resisted|p1b: Klefki\n|-activate|p1a: Mimikyu|ability: Disguise\n|-damage|p1a: Mimikyu|100\/100\n|-damage|p1b: Klefki|0 fnt\n|detailschange|p1a: Mimikyu|Mimikyu-Busted, L50, F\n|-damage|p1a: Mimikyu|88\/100|[from] pokemon: Mimikyu-Busted\n|faint|p1b: Klefki\n|move|p2a: Dondozo|Body Press|p1a: Mimikyu\n|-immune|p1a: Mimikyu\n|\n|-heal|p2a: Dondozo|96\/100 par|[from] item: Leftovers\n|upkeep\n|\n|t:|1701044938\n|switch|p1b: Meowscarada|Meowscarada, L50, M|54\/100\n|turn|4\n|\n|t:|1701044980\n|switch|p2a: Arboliva|Arboliva, L50, F|100\/100\n|move|p1b: Meowscarada|Knock Off|p2b: Mismagius\n|-start|p1b: Meowscarada|typechange|Dark|[from] ability: Protean\n|-supereffective|p2b: Mismagius\n|-damage|p2b: Mismagius|0 fnt\n|faint|p2b: Mismagius\n|move|p1a: Mimikyu|Swords Dance|p1a: Mimikyu\n|-boost|p1a: Mimikyu|atk|2\n|\n|upkeep\n|\n|t:|1701044990\n|switch|p2b: Scizor|Scizor, L50, M, shiny|100\/100\n|turn|5\n|\n|t:|1701045010\n|switch|p1b: Flamigo|Flamigo, L50, F|100\/100\n|-copyboost|p1b: Flamigo|p1a: Mimikyu|[from] ability: Costar\n|move|p2b: Scizor|Bullet Punch|p1a: Mimikyu\n|-supereffective|p1a: Mimikyu\n|-damage|p1a: Mimikyu|25\/100\n|-enditem|p1a: Mimikyu|Sitrus Berry|[eat]\n|-heal|p1a: Mimikyu|50\/100|[from] item: Sitrus Berry\n|move|p1a: Mimikyu|Substitute|p1a: Mimikyu\n|-start|p1a: Mimikyu|Substitute\n|-damage|p1a: Mimikyu|25\/100\n|move|p2a: Arboliva|Earth Power|p1b: Flamigo\n|-immune|p1b: Flamigo\n|\n|upkeep\n|turn|6\n|\n|t:|1701045048\n|move|p1b: Flamigo|Protect|p1b: Flamigo\n|-singleturn|p1b: Flamigo|Protect\n|move|p2b: Scizor|Bullet Punch|p1a: Mimikyu\n|-supereffective|p1a: Mimikyu\n|-end|p1a: Mimikyu|Substitute\n|move|p1a: Mimikyu|Play Rough|p2a: Arboliva\n|-damage|p2a: Arboliva|26\/100\n|-fieldstart|move: Grassy Terrain|[from] ability: Seed Sower|[of] p2a: Arboliva\n|-enditem|p2a: Arboliva|Sitrus Berry|[eat]\n|-heal|p2a: Arboliva|51\/100|[from] item: Sitrus Berry\n|move|p2a: Arboliva|Reflect|p2a: Arboliva\n|-sidestart|p2: Evendot|Reflect\n|\n|-heal|p1a: Mimikyu|31\/100|[from] Grassy Terrain\n|-heal|p2a: Arboliva|57\/100|[from] Grassy Terrain\n|upkeep\n|turn|7\n|\n|t:|1701045100\n|move|p1a: Mimikyu|Shadow Sneak|p2b: Scizor\n|-damage|p2b: Scizor|79\/100\n|move|p2b: Scizor|Bullet Punch|p1a: Mimikyu\n|-supereffective|p1a: Mimikyu\n|-damage|p1a: Mimikyu|0 fnt\n|faint|p1a: Mimikyu\n|move|p1b: Flamigo|Acrobatics|p2a: Arboliva\n|-supereffective|p2a: Arboliva\n|-damage|p2a: Arboliva|0 fnt\n|faint|p2a: Arboliva\n|\n|-heal|p2b: Scizor|85\/100|[from] Grassy Terrain\n|upkeep\n|\n|t:|1701045117\n|switch|p1a: Meowscarada|Meowscarada, L50, M|54\/100\n|switch|p2a: Dondozo|Dondozo, L50, F, tera:Fighting|96\/100 par\n|turn|8\n|\n|t:|1701045154\n|cant|p2a: Dondozo|par\n|move|p2b: Scizor|Bullet Punch|p1a: Meowscarada\n|-damage|p1a: Meowscarada|23\/100\n|-enditem|p1a: Meowscarada|Wiki Berry|[eat]\n|-heal|p1a: Meowscarada|56\/100|[from] item: Wiki Berry\n|-start|p1a: Meowscarada|confusion\n|-activate|p1a: Meowscarada|confusion\n|move|p1a: Meowscarada|Acrobatics|p2a: Dondozo\n|-start|p1a: Meowscarada|typechange|Flying|[from] ability: Protean\n|-supereffective|p2a: Dondozo\n|-damage|p2a: Dondozo|66\/100 par\n|move|p1b: Flamigo|Acrobatics|p2a: Dondozo\n|-supereffective|p2a: Dondozo\n|-damage|p2a: Dondozo|50\/100 par\n|\n|-heal|p2b: Scizor|92\/100|[from] Grassy Terrain\n|-heal|p2a: Dondozo|57\/100 par|[from] Grassy Terrain\n|-heal|p2a: Dondozo|63\/100 par|[from] item: Leftovers\n|-sideend|p1: Noassatall|Reflect\n|upkeep\n|turn|9\n|\n|t:|1701045200\n|move|p1b: Flamigo|Protect|p1b: Flamigo\n|-singleturn|p1b: Flamigo|Protect\n|move|p2b: Scizor|Bullet Punch|p1a: Meowscarada\n|-damage|p1a: Meowscarada|4\/100\n|-activate|p1a: Meowscarada|confusion\n|move|p1a: Meowscarada|Acrobatics|p2a: Dondozo\n|-supereffective|p2a: Dondozo\n|-damage|p2a: Dondozo|32\/100 par\n|cant|p2a: Dondozo|par\n|\n|-heal|p2b: Scizor|98\/100|[from] Grassy Terrain\n|-heal|p2a: Dondozo|38\/100 par|[from] Grassy Terrain\n|-heal|p2a: Dondozo|44\/100 par|[from] item: Leftovers\n|-sideend|p1: Noassatall|move: Light Screen\n|upkeep\n|turn|10\n|\n|t:|1701045240\n|move|p2a: Dondozo|Protect|p2a: Dondozo\n|-singleturn|p2a: Dondozo|Protect\n|move|p2b: Scizor|Bullet Punch|p1a: Meowscarada\n|-damage|p1a: Meowscarada|0 fnt\n|faint|p1a: Meowscarada\n|move|p1b: Flamigo|Acrobatics|p2a: Dondozo\n|-activate|p2a: Dondozo|move: Protect\n|\n|-heal|p2b: Scizor|100\/100|[from] Grassy Terrain\n|-heal|p2a: Dondozo|50\/100 par|[from] Grassy Terrain\n|-heal|p2a: Dondozo|57\/100 par|[from] item: Leftovers\n|-sideend|p2: Evendot|Reflect\n|-fieldend|move: Grassy Terrain\n|upkeep\n|turn|11\n|\n|t:|1701045272\n|move|p2b: Scizor|Bullet Punch|p1b: Flamigo\n|-damage|p1b: Flamigo|62\/100\n|move|p1b: Flamigo|Acrobatics|p2a: Dondozo\n|-supereffective|p2a: Dondozo\n|-damage|p2a: Dondozo|33\/100 par\n|move|p2a: Dondozo|Liquidation|p1b: Flamigo\n|-damage|p1b: Flamigo|23\/100\n|-enditem|p1b: Flamigo|Aguav Berry|[eat]\n|-heal|p1b: Flamigo|57\/100|[from] item: Aguav Berry\n|\n|-heal|p2a: Dondozo|39\/100 par|[from] item: Leftovers\n|upkeep\n|turn|12\n|\n|t:|1701045289\n|move|p2b: Scizor|Bullet Punch|p1b: Flamigo\n|-damage|p1b: Flamigo|15\/100\n|move|p1b: Flamigo|Acrobatics|p2a: Dondozo\n|-supereffective|p2a: Dondozo\n|-damage|p2a: Dondozo|0 fnt\n|faint|p2a: Dondozo\n|\n|upkeep\n|turn|13\n|\n|t:|1701045302\n|-terastallize|p1b: Flamigo|Flying\n|move|p2b: Scizor|Bullet Punch|p1b: Flamigo\n|-damage|p1b: Flamigo|0 fnt\n|faint|p1b: Flamigo\n|\n|win|Evendot\n","uploadtime":1701045312,"views":8,"p1id":"noassatall","p2id":"evendot","formatid":"gen9vgc2023regulatione","rating":0,"private":0,"password":""}