{"id":"gen9vgc2023regulatione-1991549856","p1":"A silly team","p2":"The Pringle Pirate","format":"[Gen 9] VGC 2023 Regulation E","log":"|j|\u2606A silly team\n|j|\u2606The Pringle Pirate\n|t:|1700087375\n|gametype|doubles\n|player|p1|A silly team|swimmer-gen4|1324\n|player|p2|The Pringle Pirate|sailor|1428\n|teamsize|p1|6\n|teamsize|p2|6\n|gen|9\n|tier|[Gen 9] VGC 2023 Regulation E\n|rated|\n|rule|Species Clause: Limit one of each Pok\u00e9mon\n|rule|Item Clause: Limit one of each item\n|clearpoke\n|poke|p1|Flutter Mane, L50|\n|poke|p1|Weezing, L50, F|\n|poke|p1|Slaking, L50, F|\n|poke|p1|Empoleon, L50, F|\n|poke|p1|Morpeko, L50, F|\n|poke|p1|Sinistcha-Masterpiece, L50|\n|poke|p2|Sandy Shocks, L50|\n|poke|p2|Espathra, L50, M|\n|poke|p2|Basculegion, L50, M|\n|poke|p2|Orthworm, L50, F|\n|poke|p2|Tornadus, L50, M|\n|poke|p2|Sinistcha, L50|\n|teampreview|4\n|inactive|Battle timer is ON: inactive players will automatically lose when time's up. (requested by A silly team)\n|inactive|A silly team has 60 seconds left.\n|inactive|The Pringle Pirate has 60 seconds left.\n|inactive|The Pringle Pirate has 30 seconds left.\n|inactive|The Pringle Pirate has 20 seconds left.\n|\n|t:|1700087449\n|start\n|switch|p1a: Gluttony|Morpeko, L50, F|100\/100\n|switch|p1b: Sloth|Slaking, L50, F|100\/100\n|switch|p2a: Sandy Shocks|Sandy Shocks, L50|100\/100\n|switch|p2b: Sinistcha|Sinistcha, L50|100\/100\n|-enditem|p2a: Sandy Shocks|Booster Energy\n|-activate|p2a: Sandy Shocks|ability: Protosynthesis|[fromitem]\n|-start|p2a: Sandy Shocks|protosynthesisspe\n|turn|1\n|\n|t:|1700087473\n|move|p1a: Gluttony|Fake Out|p2a: Sandy Shocks\n|-damage|p2a: Sandy Shocks|87\/100\n|cant|p2a: Sandy Shocks|flinch\n|move|p1b: Sloth|High Horsepower|p2a: Sandy Shocks\n|-supereffective|p2a: Sandy Shocks\n|-damage|p2a: Sandy Shocks|0 fnt\n|faint|p2a: Sandy Shocks\n|-end|p2a: Sandy Shocks|Protosynthesis|[silent]\n|move|p2b: Sinistcha|Nasty Plot|p2b: Sinistcha\n|-boost|p2b: Sinistcha|spa|2\n|\n|-formechange|p1a: Gluttony|Morpeko-Hangry||[from] ability: Hunger Switch\n|upkeep\n|inactive|The Pringle Pirate has 30 seconds left.\n|\n|t:|1700087507\n|switch|p2a: Espathra|Espathra, L50, M|100\/100\n|turn|2\n|\n|t:|1700087521\n|switch|p1b: Envy|Flutter Mane, L50|100\/100\n|-enditem|p1b: Envy|Booster Energy\n|-activate|p1b: Envy|ability: Protosynthesis|[fromitem]\n|-start|p1b: Envy|protosynthesisspa\n|move|p2a: Espathra|Protect|p2a: Espathra\n|-singleturn|p2a: Espathra|Protect\n|move|p1a: Gluttony|Aura Wheel|p2b: Sinistcha\n|-supereffective|p2b: Sinistcha\n|-damage|p2b: Sinistcha|16\/100\n|-boost|p1a: Gluttony|spe|1\n|move|p2b: Sinistcha|Nasty Plot|p2b: Sinistcha\n|-boost|p2b: Sinistcha|spa|2\n|\n|-ability|p2a: Espathra|Speed Boost|boost\n|-boost|p2a: Espathra|spe|1\n|-formechange|p1a: Gluttony|Morpeko||[from] ability: Hunger Switch\n|upkeep\n|turn|3\n|inactive|A silly team has 30 seconds left.\n|\n|t:|1700087547\n|move|p1a: Gluttony|Aura Wheel|p2b: Sinistcha\n|-resisted|p2b: Sinistcha\n|-damage|p2b: Sinistcha|0 fnt\n|-boost|p1a: Gluttony|spe|1\n|faint|p2b: Sinistcha\n|move|p2a: Espathra|Lumina Crash|p1b: Envy\n|-damage|p1b: Envy|64\/100\n|-unboost|p1b: Envy|spd|2\n|move|p1b: Envy|Shadow Ball|p2a: Espathra\n|-supereffective|p2a: Espathra\n|-enditem|p2a: Espathra|Focus Sash\n|-damage|p2a: Espathra|1\/100\n|\n|-ability|p2a: Espathra|Speed Boost|boost\n|-boost|p2a: Espathra|spe|1\n|-formechange|p1a: Gluttony|Morpeko-Hangry||[from] ability: Hunger Switch\n|upkeep\n|\n|t:|1700087551\n|switch|p2b: Basculegion|Basculegion, L50, M|100\/100\n|turn|4\n|j| Asacado\n|\n|t:|1700087572\n|-terastallize|p2b: Basculegion|Grass\n|move|p2a: Espathra|Protect|p2a: Espathra\n|-singleturn|p2a: Espathra|Protect\n|move|p1a: Gluttony|Aura Wheel|p2b: Basculegion\n|-damage|p2b: Basculegion|45\/100\n|-boost|p1a: Gluttony|spe|1\n|move|p1b: Envy|Dazzling Gleam|p2a: Espathra|[spread] p2b\n|-activate|p2a: Espathra|move: Protect\n|-damage|p2b: Basculegion|17\/100\n|move|p2b: Basculegion|Last Respects|p1a: Gluttony\n|-resisted|p1a: Gluttony\n|-damage|p1a: Gluttony|19\/100\n|\n|-ability|p2a: Espathra|Speed Boost|boost\n|-boost|p2a: Espathra|spe|1\n|-formechange|p1a: Gluttony|Morpeko||[from] ability: Hunger Switch\n|upkeep\n|turn|5\n|\n|t:|1700087595\n|move|p2b: Basculegion|Aqua Jet|p1a: Gluttony\n|-damage|p1a: Gluttony|0 fnt\n|faint|p1a: Gluttony\n|move|p2a: Espathra|Lumina Crash|p1b: Envy\n|-damage|p1b: Envy|0 fnt\n|faint|p1b: Envy\n|-end|p1b: Envy|Protosynthesis|[silent]\n|\n|-ability|p2a: Espathra|Speed Boost|boost\n|-boost|p2a: Espathra|spe|1\n|upkeep\n|\n|t:|1700087606\n|switch|p1a: Sin Remover|Weezing, L50, F|100\/100\n|switch|p1b: Sloth|Slaking, L50, F|100\/100\n|-ability|p1a: Sin Remover|Neutralizing Gas\n|turn|6\n|\n|t:|1700087624\n|move|p1a: Sin Remover|Protect|p1a: Sin Remover\n|-singleturn|p1a: Sin Remover|Protect\n|move|p1b: Sloth|Sucker Punch|p2b: Basculegion\n|-damage|p2b: Basculegion|0 fnt\n|faint|p2b: Basculegion\n|move|p2a: Espathra|Hypnosis|p1b: Sloth\n|-status|p1b: Sloth|slp|[from] move: Hypnosis\n|\n|upkeep\n|turn|7\n|\n|t:|1700087643\n|-terastallize|p1a: Sin Remover|Grass\n|move|p2a: Espathra|Lumina Crash|p1a: Sin Remover\n|-damage|p1a: Sin Remover|62\/100\n|-unboost|p1a: Sin Remover|spd|2\n|cant|p1b: Sloth|slp\n|move|p1a: Sin Remover|Sludge Bomb|p2a: Espathra\n|-damage|p2a: Espathra|0 fnt\n|faint|p2a: Espathra\n|\n|win|A silly team\n|raw|A silly team's rating: 1324 &rarr; <strong>1350<\/strong><br \/>(+26 for winning)\n|raw|The Pringle Pirate's rating: 1428 &rarr; <strong>1402<\/strong><br \/>(-26 for losing)\n|l|\u2606The Pringle Pirate\n","uploadtime":1700087705,"views":8,"p1id":"asillyteam","p2id":"thepringlepirate","formatid":"gen9vgc2023regulatione","rating":1350,"private":0,"password":""}