{"id":"gen9vgc2023regulatione-1990698493","p1":"Ozwald McFly","p2":"Large Bowl Of Soup","format":"[Gen 9] VGC 2023 Regulation E","log":"|j|\u2606Ozwald McFly\n|j|\u2606Large Bowl Of Soup\n|t:|1699992764\n|gametype|doubles\n|player|p1|Ozwald McFly|2|1271\n|player|p2|Large Bowl Of Soup|waiter|1364\n|teamsize|p1|6\n|teamsize|p2|6\n|gen|9\n|tier|[Gen 9] VGC 2023 Regulation E\n|rated|\n|rule|Species Clause: Limit one of each Pok\u00e9mon\n|rule|Item Clause: Limit one of each item\n|clearpoke\n|poke|p1|Noctowl, L50, F|\n|poke|p1|Sandy Shocks, L50|\n|poke|p1|Espeon, L50, F|\n|poke|p1|Indeedee-F, L50, F|\n|poke|p1|Iron Hands, L50|\n|poke|p1|Decidueye-Hisui, L50, M|\n|poke|p2|Dragapult, L50, F|\n|poke|p2|Ogerpon-Wellspring, L50, F|\n|poke|p2|Heatran, L50, M|\n|poke|p2|Cresselia, L50, F|\n|poke|p2|Zapdos-Galar, L50|\n|poke|p2|Ursaluna, L50, F|\n|teampreview|4\n|c|\u2606Large Bowl Of Soup|bird up\n|\n|t:|1699992799\n|start\n|switch|p1a: Iron Hands|Iron Hands, L50|100\/100\n|switch|p1b: Indeedee|Indeedee-F, L50, F|100\/100\n|switch|p2a: Ursaluna|Ursaluna, L50, F|100\/100\n|switch|p2b: Dragapult|Dragapult, L50, F|100\/100\n|-fieldstart|move: Psychic Terrain|[from] ability: Psychic Surge|[of] p1b: Indeedee\n|turn|1\n|\n|t:|1699992820\n|switch|p2a: Cresselia|Cresselia, L50, F|100\/100\n|move|p2b: Dragapult|Substitute|p2b: Dragapult\n|-start|p2b: Dragapult|Substitute\n|-damage|p2b: Dragapult|76\/100\n|move|p1a: Iron Hands|Drain Punch|p2a: Cresselia\n|-resisted|p2a: Cresselia\n|-damage|p2a: Cresselia|83\/100\n|move|p1b: Indeedee|Trick Room|p1b: Indeedee\n|-fieldstart|move: Trick Room|[of] p1b: Indeedee\n|\n|-heal|p2b: Dragapult|82\/100|[from] item: Leftovers\n|upkeep\n|turn|2\n|\n|t:|1699992842\n|move|p1b: Indeedee|Helping Hand|p1a: Iron Hands\n|-singleturn|p1a: Iron Hands|Helping Hand|[of] p1b: Indeedee\n|move|p1a: Iron Hands|Wild Charge|p2a: Cresselia\n|-damage|p2a: Cresselia|26\/100\n|-damage|p1a: Iron Hands|87\/100|[from] Recoil\n|move|p2b: Dragapult|Dragon Dance|p2b: Dragapult\n|-boost|p2b: Dragapult|atk|1\n|-boost|p2b: Dragapult|spe|1\n|move|p2a: Cresselia|Trick Room|p2a: Cresselia\n|-fieldend|move: Trick Room\n|\n|-heal|p2b: Dragapult|88\/100|[from] item: Leftovers\n|upkeep\n|turn|3\n|\n|t:|1699992862\n|switch|p2a: Ursaluna|Ursaluna, L50, F|100\/100\n|move|p2b: Dragapult|Phantom Force||[still]\n|-prepare|p2b: Dragapult|Phantom Force\n|move|p1a: Iron Hands|Wild Charge|p2a: Ursaluna\n|-immune|p2a: Ursaluna\n|move|p1b: Indeedee|Trick Room|p1b: Indeedee\n|-fieldstart|move: Trick Room|[of] p1b: Indeedee\n|\n|-heal|p2b: Dragapult|94\/100|[from] item: Leftovers\n|-status|p2a: Ursaluna|brn|[from] item: Flame Orb\n|upkeep\n|turn|4\n|\n|t:|1699992879\n|move|p1b: Indeedee|Follow Me|p1b: Indeedee\n|-singleturn|p1b: Indeedee|move: Follow Me\n|move|p1a: Iron Hands|Drain Punch|p2a: Ursaluna\n|-supereffective|p2a: Ursaluna\n|-damage|p2a: Ursaluna|39\/100 brn\n|-heal|p1a: Iron Hands|100\/100|[from] drain|[of] p2a: Ursaluna\n|move|p2a: Ursaluna|Earthquake|p1b: Indeedee|[spread] p1a,p1b\n|-miss|p2a: Ursaluna|p2b: Dragapult\n|-supereffective|p1a: Iron Hands\n|-damage|p1a: Iron Hands|4\/100\n|-damage|p1b: Indeedee|27\/100\n|-enditem|p1b: Indeedee|Sitrus Berry|[eat]\n|-heal|p1b: Indeedee|52\/100|[from] item: Sitrus Berry\n|move|p2b: Dragapult|Phantom Force|p1b: Indeedee|[from]lockedmove\n|-immune|p1b: Indeedee\n|\n|-heal|p2b: Dragapult|100\/100|[from] item: Leftovers\n|-damage|p2a: Ursaluna|33\/100 brn|[from] brn\n|upkeep\n|turn|5\n|\n|t:|1699992902\n|switch|p2a: Cresselia|Cresselia, L50, F|26\/100\n|move|p1a: Iron Hands|Drain Punch|p2a: Cresselia\n|-resisted|p2a: Cresselia\n|-damage|p2a: Cresselia|12\/100\n|-heal|p1a: Iron Hands|11\/100|[from] drain|[of] p2a: Cresselia\n|move|p1b: Indeedee|Psyshock|p2b: Dragapult\n|-end|p2b: Dragapult|Substitute\n|move|p2b: Dragapult|Phantom Force||[still]\n|-prepare|p2b: Dragapult|Phantom Force\n|\n|-fieldend|move: Psychic Terrain\n|upkeep\n|turn|6\n|\n|t:|1699992928\n|move|p1b: Indeedee|Follow Me|p1b: Indeedee\n|-singleturn|p1b: Indeedee|move: Follow Me\n|move|p1a: Iron Hands|Drain Punch|p2a: Cresselia\n|-resisted|p2a: Cresselia\n|-damage|p2a: Cresselia|0 fnt\n|-heal|p1a: Iron Hands|17\/100|[from] drain|[of] p2a: Cresselia\n|faint|p2a: Cresselia\n|move|p2b: Dragapult|Phantom Force|p1b: Indeedee|[from]lockedmove\n|-immune|p1b: Indeedee\n|\n|upkeep\n|\n|t:|1699992936\n|switch|p2a: Ursaluna|Ursaluna, L50, F|33\/100 brn\n|turn|7\n|\n|t:|1699992944\n|move|p2a: Ursaluna|Protect|p2a: Ursaluna\n|-singleturn|p2a: Ursaluna|Protect\n|move|p2b: Dragapult|Protect|p2b: Dragapult\n|-singleturn|p2b: Dragapult|Protect\n|move|p1a: Iron Hands|Drain Punch|p2a: Ursaluna\n|-activate|p2a: Ursaluna|move: Protect\n|move|p1b: Indeedee|Psyshock|p2b: Dragapult\n|-activate|p2b: Dragapult|move: Protect\n|\n|-damage|p2a: Ursaluna|27\/100 brn|[from] brn\n|-fieldend|move: Trick Room\n|upkeep\n|turn|8\n|\n|t:|1699992977\n|move|p2b: Dragapult|Substitute|p2b: Dragapult\n|-start|p2b: Dragapult|Substitute\n|-damage|p2b: Dragapult|76\/100\n|move|p2a: Ursaluna|Earthquake|p1a: Iron Hands|[spread] p2b,p1a,p1b\n|-end|p2b: Dragapult|Substitute\n|-supereffective|p1a: Iron Hands\n|-damage|p1a: Iron Hands|0 fnt\n|-damage|p1b: Indeedee|0 fnt\n|faint|p1a: Iron Hands\n|-end|p1a: Iron Hands|Quark Drive|[silent]\n|faint|p1b: Indeedee\n|\n|-heal|p2b: Dragapult|82\/100|[from] item: Leftovers\n|-damage|p2a: Ursaluna|21\/100 brn|[from] brn\n|upkeep\n|\n|t:|1699992991\n|switch|p1b: Espeon|Espeon, L50, F|100\/100\n|switch|p1a: Decidueye|Decidueye-Hisui, L50, M, shiny|100\/100\n|turn|9\n|\n|t:|1699993010\n|-terastallize|p1b: Espeon|Fairy\n|move|p2b: Dragapult|Phantom Force||[still]\n|-prepare|p2b: Dragapult|Phantom Force\n|move|p1b: Espeon|Dazzling Gleam|p2a: Ursaluna|[spread] p2a\n|-miss|p1b: Espeon|p2b: Dragapult\n|-damage|p2a: Ursaluna|0 fnt\n|faint|p2a: Ursaluna\n|move|p1a: Decidueye|Triple Arrows|p2b: Dragapult|[miss]\n|-miss|p1a: Decidueye|p2b: Dragapult\n|\n|-heal|p2b: Dragapult|88\/100|[from] item: Leftovers\n|upkeep\n|\n|t:|1699993015\n|switch|p2a: Zapdos|Zapdos-Galar, L50|100\/100\n|turn|10\n|\n|t:|1699993030\n|-terastallize|p2a: Zapdos|Flying\n|move|p1a: Decidueye|Protect|p1a: Decidueye\n|-singleturn|p1a: Decidueye|Protect\n|move|p2b: Dragapult|Phantom Force|p1a: Decidueye|[from]lockedmove\n|-activate|p1a: Decidueye|move: Phantom Force|[broken]\n|-damage|p1a: Decidueye|13\/100\n|move|p2a: Zapdos|Brave Bird|p1b: Espeon\n|-enditem|p1b: Espeon|Focus Sash\n|-damage|p1b: Espeon|1\/100\n|-damage|p2a: Zapdos|73\/100|[from] Recoil\n|move|p1b: Espeon|Dazzling Gleam|p2b: Dragapult|[spread] p2a,p2b\n|-supereffective|p2b: Dragapult\n|-damage|p2a: Zapdos|37\/100\n|-damage|p2b: Dragapult|2\/100\n|\n|-heal|p2b: Dragapult|8\/100|[from] item: Leftovers\n|upkeep\n|turn|11\n|\n|t:|1699993064\n|move|p2b: Dragapult|Phantom Force||[still]\n|-prepare|p2b: Dragapult|Phantom Force\n|move|p2a: Zapdos|Brave Bird|p1b: Espeon\n|-damage|p1b: Espeon|0 fnt\n|faint|p1b: Espeon\n|-damage|p2a: Zapdos|37\/100|[from] Recoil\n|move|p1a: Decidueye|Knock Off|p2a: Zapdos\n|-damage|p2a: Zapdos|0 fnt\n|-enditem|p2a: Zapdos|Choice Scarf|[from] move: Knock Off|[of] p1a: Decidueye\n|faint|p2a: Zapdos\n|\n|-heal|p2b: Dragapult|15\/100|[from] item: Leftovers\n|upkeep\n|turn|12\n|c|\u2606Large Bowl Of Soup|out of curiosity what does the noctowl do\n|c|\u2606Ozwald McFly|ggs that was a close one\n|c|\u2606Large Bowl Of Soup|gg\n|c|\u2606Ozwald McFly|basically just there to put people to sleep, with gravity shocks\n|c|\u2606Large Bowl Of Soup|ah yeah I figured\n|\n|t:|1699993108\n|move|p2b: Dragapult|Phantom Force|p1a: Decidueye|[from]lockedmove\n|-damage|p1a: Decidueye|0 fnt\n|faint|p1a: Decidueye\n|\n|win|Large Bowl Of Soup\n|raw|Ozwald McFly's rating: 1271 &rarr; <strong>1253<\/strong><br \/>(-18 for losing)\n|raw|Large Bowl Of Soup's rating: 1364 &rarr; <strong>1379<\/strong><br \/>(+15 for winning)\n|c|\u2606Large Bowl Of Soup|still cool tho\n","uploadtime":1699993133,"views":8,"p1id":"ozwaldmcfly","p2id":"largebowlofsoup","formatid":"gen9vgc2023regulatione","rating":1253,"private":0,"password":""}