{"id":"gen9vgc2023regulatione-1992837434","p1":"MigraineMan","p2":"Vouldoon","format":"[Gen 9] VGC 2023 Regulation E","log":"|j|\u2606MigraineMan\n|j|\u2606Vouldoon\n|t:|1700239731\n|gametype|doubles\n|player|p1|MigraineMan|101|1299\n|player|p2|Vouldoon|169|1274\n|teamsize|p1|6\n|teamsize|p2|6\n|gen|9\n|tier|[Gen 9] VGC 2023 Regulation E\n|rated|\n|rule|Species Clause: Limit one of each Pok\u00e9mon\n|rule|Item Clause: Limit one of each item\n|clearpoke\n|poke|p1|Annihilape, L50, M|\n|poke|p1|Grimmsnarl, L50, M|\n|poke|p1|Sinistcha, L50|\n|poke|p1|Maushold-Four, L50|\n|poke|p1|Landorus-Therian, L50, M|\n|poke|p1|Iron Hands, L50|\n|poke|p2|Indeedee-F, L50, F|\n|poke|p2|Urshifu-*, L50, M|\n|poke|p2|Arcanine-Hisui, L50, M|\n|poke|p2|Illumise, L50, F|\n|poke|p2|Flutter Mane, L50|\n|poke|p2|Dragonite, L50, F|\n|teampreview|4\n|\n|t:|1700239779\n|start\n|switch|p1a: Iron Hands|Iron Hands, L50|100\/100\n|switch|p1b: Annihilape|Annihilape, L50, M|100\/100\n|switch|p2a: Urshifu|Urshifu-Rapid-Strike, L50, M|100\/100\n|switch|p2b: Indeedee|Indeedee-F, L50, F|100\/100\n|-fieldstart|move: Psychic Terrain|[from] ability: Psychic Surge|[of] p2b: Indeedee\n|turn|1\n|\n|t:|1700239840\n|-terastallize|p2a: Urshifu|Water\n|move|p2a: Urshifu|Surging Strikes|p1b: Annihilape\n|-crit|p1b: Annihilape\n|-damage|p1b: Annihilape|71\/100\n|-crit|p1b: Annihilape\n|-damage|p1b: Annihilape|43\/100\n|-crit|p1b: Annihilape\n|-damage|p1b: Annihilape|14\/100\n|-hitcount|p1b: Annihilape|3\n|move|p1b: Annihilape|Bulk Up|p1b: Annihilape\n|-boost|p1b: Annihilape|atk|1\n|-boost|p1b: Annihilape|def|1\n|move|p2b: Indeedee|Psychic|p1a: Iron Hands\n|-supereffective|p1a: Iron Hands\n|-damage|p1a: Iron Hands|64\/100\n|move|p1a: Iron Hands|Wild Charge|p2a: Urshifu\n|-supereffective|p2a: Urshifu\n|-damage|p2a: Urshifu|0 fnt\n|faint|p2a: Urshifu\n|-damage|p1a: Iron Hands|45\/100|[from] Recoil\n|\n|-heal|p1b: Annihilape|20\/100|[from] item: Leftovers\n|upkeep\n|\n|t:|1700239843\n|switch|p2a: Flutter Mane|Flutter Mane, L50|100\/100\n|-enditem|p2a: Flutter Mane|Booster Energy\n|-activate|p2a: Flutter Mane|ability: Protosynthesis|[fromitem]\n|-start|p2a: Flutter Mane|protosynthesisspe\n|turn|2\n|\n|t:|1700239856\n|-end|p1a: Iron Hands|Quark Drive|[silent]\n|switch|p1a: Sinistcha|Sinistcha, L50|100\/100\n|-heal|p1b: Annihilape|45\/100|[from] ability: Hospitality|[of] p1a: Sinistcha\n|move|p1b: Annihilape|Protect|p1b: Annihilape\n|-singleturn|p1b: Annihilape|Protect\n|move|p2a: Flutter Mane|Shadow Ball|p1b: Annihilape\n|-activate|p1b: Annihilape|move: Protect\n|move|p2b: Indeedee|Psychic|p1a: Sinistcha\n|-damage|p1a: Sinistcha|65\/100\n|-enditem|p1a: Sinistcha|Eject Button\n|\n|t:|1700239869\n|switch|p1a: Iron Hands|Iron Hands, L50|45\/100\n|\n|-heal|p1b: Annihilape|51\/100|[from] item: Leftovers\n|upkeep\n|turn|3\n|inactive|Battle timer is ON: inactive players will automatically lose when time's up. (requested by Vouldoon)\n|\n|t:|1700239888\n|-end|p1a: Iron Hands|Quark Drive|[silent]\n|switch|p1a: Sinistcha|Sinistcha, L50|65\/100\n|-heal|p1b: Annihilape|76\/100|[from] ability: Hospitality|[of] p1a: Sinistcha\n|-terastallize|p1b: Annihilape|Fire\n|move|p2a: Flutter Mane|Shadow Ball|p1b: Annihilape\n|-damage|p1b: Annihilape|38\/100\n|-unboost|p1b: Annihilape|spd|1\n|-ability|p1b: Annihilape|Defiant|boost\n|-boost|p1b: Annihilape|atk|2\n|move|p1b: Annihilape|Rage Fist|p2a: Flutter Mane\n|-supereffective|p2a: Flutter Mane\n|-damage|p2a: Flutter Mane|0 fnt\n|faint|p2a: Flutter Mane\n|-end|p2a: Flutter Mane|Protosynthesis|[silent]\n|move|p2b: Indeedee|Psychic|p1a: Sinistcha\n|-damage|p1a: Sinistcha|31\/100\n|-unboost|p1a: Sinistcha|spd|1\n|\n|-heal|p1b: Annihilape|45\/100|[from] item: Leftovers\n|upkeep\n|\n|t:|1700239892\n|switch|p2a: Arcanine|Arcanine-Hisui, L50, M|100\/100\n|-ability|p2a: Arcanine|Intimidate|boost\n|-unboost|p1a: Sinistcha|atk|1\n|-unboost|p1b: Annihilape|atk|1\n|-ability|p1b: Annihilape|Defiant|boost\n|-boost|p1b: Annihilape|atk|2\n|turn|4\n|\n|t:|1700239904\n|switch|p1a: Landorus|Landorus-Therian, L50, M|100\/100\n|-ability|p1a: Landorus|Intimidate|boost\n|-fail|p2a: Arcanine|unboost|[from] item: Clear Amulet|[of] p2a: Arcanine\n|-unboost|p2b: Indeedee|atk|1\n|move|p1b: Annihilape|Protect|p1b: Annihilape\n|-singleturn|p1b: Annihilape|Protect\n|move|p2a: Arcanine|Rock Slide|p1b: Annihilape|[spread] \n|-activate|p1b: Annihilape|move: Protect\n|-miss|p2a: Arcanine|p1a: Landorus\n|move|p2b: Indeedee|Psychic|p1a: Landorus\n|-damage|p1a: Landorus|52\/100\n|\n|-heal|p1b: Annihilape|51\/100|[from] item: Leftovers\n|upkeep\n|turn|5\n|inactive|MigraineMan has 30 seconds left.\n|\n|t:|1700239935\n|switch|p1a: Sinistcha|Sinistcha, L50|31\/100\n|-heal|p1b: Annihilape|76\/100|[from] ability: Hospitality|[of] p1a: Sinistcha\n|move|p2b: Indeedee|Follow Me|p2b: Indeedee\n|-singleturn|p2b: Indeedee|move: Follow Me\n|move|p1b: Annihilape|Drain Punch|p2b: Indeedee\n|-damage|p2b: Indeedee|12\/100\n|-heal|p1b: Annihilape|100\/100|[from] drain|[of] p2b: Indeedee\n|move|p2a: Arcanine|Rock Slide|p1a: Sinistcha|[spread] p1a,p1b\n|-supereffective|p1b: Annihilape\n|-damage|p1a: Sinistcha|6\/100\n|-damage|p1b: Annihilape|63\/100\n|\n|-heal|p1b: Annihilape|69\/100|[from] item: Leftovers\n|-fieldend|move: Psychic Terrain\n|upkeep\n|turn|6\n|inactive|Vouldoon has 30 seconds left.\n|inactive|Vouldoon has 20 seconds left.\n|inactive|Vouldoon has 15 seconds left.\n|inactive|Vouldoon has 10 seconds left.\n|inactive|Vouldoon has 5 seconds left.\n|\n|t:|1700239990\n|switch|p1a: Landorus|Landorus-Therian, L50, M|52\/100\n|-ability|p1a: Landorus|Intimidate|boost\n|-fail|p2a: Arcanine|unboost|[from] item: Clear Amulet|[of] p2a: Arcanine\n|-unboost|p2b: Indeedee|atk|1\n|move|p2b: Indeedee|Follow Me|p2b: Indeedee\n|-singleturn|p2b: Indeedee|move: Follow Me\n|move|p1b: Annihilape|Drain Punch|p2b: Indeedee\n|-damage|p2b: Indeedee|0 fnt\n|-heal|p1b: Annihilape|75\/100|[from] drain|[of] p2b: Indeedee\n|faint|p2b: Indeedee\n|move|p2a: Arcanine|Flare Blitz|p1a: Landorus\n|-damage|p1a: Landorus|0 fnt\n|faint|p1a: Landorus\n|-damage|p2a: Arcanine|84\/100|[from] Recoil\n|\n|-heal|p1b: Annihilape|81\/100|[from] item: Leftovers\n|upkeep\n|\n|t:|1700239999\n|switch|p1a: Sinistcha|Sinistcha, L50|6\/100\n|-heal|p1b: Annihilape|100\/100|[from] ability: Hospitality|[of] p1a: Sinistcha\n|turn|7\n|c|\u2606MigraineMan|gg\n|inactive|Vouldoon has 30 seconds left.\n|inactive|Vouldoon has 20 seconds left.\n|inactive|Vouldoon has 15 seconds left.\n|inactive|Vouldoon has 10 seconds left.\n|inactive|Vouldoon has 5 seconds left.\n|\n|t:|1700240054\n|move|p1b: Annihilape|Rage Fist|p2a: Arcanine\n|-damage|p2a: Arcanine|0 fnt\n|faint|p2a: Arcanine\n|\n|win|MigraineMan\n|raw|MigraineMan's rating: 1299 &rarr; <strong>1322<\/strong><br \/>(+23 for winning)\n|raw|Vouldoon's rating: 1274 &rarr; <strong>1251<\/strong><br \/>(-23 for losing)\n","uploadtime":1700240059,"views":21,"p1id":"migraineman","p2id":"vouldoon","formatid":"gen9vgc2023regulatione","rating":1251,"private":0,"password":""}