{"id":"gen9vgc2023regulatione-1996578742","p1":"previouslyunnamed","p2":"Emirnent","format":"[Gen 9] VGC 2023 Regulation E","log":"|j|\u2606previouslyunnamed\n|j|\u2606Emirnent\n|t:|1700696488\n|gametype|doubles\n|player|p1|previouslyunnamed|ash|\n|player|p2|Emirnent|101|\n|teamsize|p1|6\n|teamsize|p2|6\n|gen|9\n|tier|[Gen 9] VGC 2023 Regulation E\n|rule|Species Clause: Limit one of each Pok\u00e9mon\n|rule|Item Clause: Limit one of each item\n|clearpoke\n|poke|p1|Amoonguss, L50, M|\n|poke|p1|Heatran, L50, F|\n|poke|p1|Landorus-Therian, L50, M|\n|poke|p1|Iron Hands, L50|\n|poke|p1|Roaring Moon, L50|\n|poke|p1|Flutter Mane, L50|\n|poke|p2|Staraptor, L50, M|\n|poke|p2|Urshifu-*, L50, F|\n|poke|p2|Farigiraf, L50, F|\n|poke|p2|Ursaluna, L50, M|\n|poke|p2|Torkoal, L50, M|\n|poke|p2|Scream Tail, L50|\n|teampreview|4\n|inactive|Battle timer is ON: inactive players will automatically lose when time's up. (requested by previouslyunnamed)\n|c|\u2606previouslyunnamed|not like this\n|c|\u2606previouslyunnamed|im leaving on a win\n|c|\u2606Emirnent|haha\n|c|\u2606previouslyunnamed|gl\n|c|\u2606Emirnent|u2\n|inactive|Emirnent has 60 seconds left.\n|\n|t:|1700696530\n|start\n|switch|p1a: Roaring Moon|Roaring Moon, L50|100\/100\n|switch|p1b: Flutter Mane|Flutter Mane, L50|100\/100\n|switch|p2a: Farigiraf|Farigiraf, L50, F|100\/100\n|switch|p2b: Staraptor|Staraptor, L50, M|100\/100\n|-ability|p2b: Staraptor|Intimidate|boost\n|-unboost|p1a: Roaring Moon|atk|1\n|-unboost|p1b: Flutter Mane|atk|1\n|-enditem|p1a: Roaring Moon|Booster Energy\n|-activate|p1a: Roaring Moon|ability: Protosynthesis|[fromitem]\n|-start|p1a: Roaring Moon|protosynthesisspe\n|turn|1\n|inactive|previouslyunnamed has 30 seconds left.\n|\n|t:|1700696557\n|-terastallize|p2a: Farigiraf|Fairy\n|move|p1a: Roaring Moon|Knock Off|p2a: Farigiraf\n|-resisted|p2a: Farigiraf\n|-damage|p2a: Farigiraf|85\/100\n|-enditem|p2a: Farigiraf|Sitrus Berry|[from] move: Knock Off|[of] p1a: Roaring Moon\n|move|p2b: Staraptor|Brave Bird|p1a: Roaring Moon\n|-crit|p1a: Roaring Moon\n|-damage|p1a: Roaring Moon|19\/100\n|-damage|p2b: Staraptor|71\/100|[from] Recoil\n|move|p1b: Flutter Mane|Moonblast|p2a: Farigiraf\n|-damage|p2a: Farigiraf|24\/100\n|move|p2a: Farigiraf|Trick Room|p2a: Farigiraf\n|-fieldstart|move: Trick Room|[of] p2a: Farigiraf\n|\n|upkeep\n|turn|2\n|\n|t:|1700696575\n|move|p2a: Farigiraf|Dazzling Gleam|p1b: Flutter Mane|[spread] p1a,p1b\n|-supereffective|p1a: Roaring Moon\n|-damage|p1a: Roaring Moon|0 fnt\n|-damage|p1b: Flutter Mane|77\/100\n|faint|p1a: Roaring Moon\n|-end|p1a: Roaring Moon|Protosynthesis|[silent]\n|move|p1b: Flutter Mane|Moonblast|p2b: Staraptor\n|-damage|p2b: Staraptor|0 fnt\n|faint|p2b: Staraptor\n|\n|upkeep\n|\n|t:|1700696585\n|switch|p2b: Ursaluna|Ursaluna, L50, M|100\/100\n|switch|p1a: Heatran|Heatran, L50, F|100\/100\n|turn|3\n|\n|t:|1700696599\n|switch|p1a: Landorus|Landorus-Therian, L50, M|100\/100\n|-ability|p1a: Landorus|Intimidate|boost\n|-unboost|p2a: Farigiraf|atk|1\n|-unboost|p2b: Ursaluna|atk|1\n|move|p2a: Farigiraf|Protect|p2a: Farigiraf\n|-singleturn|p2a: Farigiraf|Protect\n|move|p2b: Ursaluna|Earthquake|p1a: Landorus|[spread] p1b\n|-activate|p2a: Farigiraf|move: Protect\n|-immune|p1a: Landorus\n|-damage|p1b: Flutter Mane|35\/100\n|move|p1b: Flutter Mane|Moonblast|p2b: Ursaluna\n|-damage|p2b: Ursaluna|46\/100\n|-unboost|p2b: Ursaluna|spa|1\n|\n|-status|p2b: Ursaluna|brn|[from] item: Flame Orb\n|upkeep\n|turn|4\n|c|\u2606previouslyunnamed|the bate\n|c|\u2606Emirnent|lol\n|inactive|previouslyunnamed has 30 seconds left.\n|\n|t:|1700696628\n|-end|p1b: Flutter Mane|Protosynthesis|[silent]\n|switch|p1b: Heatran|Heatran, L50, F|100\/100\n|move|p2b: Ursaluna|Facade|p1a: Landorus\n|-damage|p1a: Landorus|2\/100\n|move|p2a: Farigiraf|Psychic|p1b: Heatran\n|-resisted|p1b: Heatran\n|-damage|p1b: Heatran|85\/100\n|-unboost|p1b: Heatran|spd|1\n|move|p1a: Landorus|Stomping Tantrum|p2b: Ursaluna\n|-damage|p2b: Ursaluna|9\/100 brn\n|\n|-heal|p1b: Heatran|91\/100|[from] item: Leftovers\n|-damage|p2b: Ursaluna|3\/100 brn|[from] brn\n|upkeep\n|turn|5\n|c|\u2606previouslyunnamed|i lived?\n|c|\u2606Emirnent|its a roll\n|c|\u2606Emirnent|50\/50\n|inactive|Emirnent has 30 seconds left.\n|c|\u2606previouslyunnamed|the def drop\n|c|\u2606previouslyunnamed|again\n|c|\u2606previouslyunnamed|spdef\n|inactive|Emirnent has 20 seconds left.\n|\n|t:|1700696663\n|move|p1b: Heatran|Protect|p1b: Heatran\n|-singleturn|p1b: Heatran|Protect\n|move|p2b: Ursaluna|Earthquake|p1b: Heatran|[spread] p2a\n|-activate|p1b: Heatran|move: Protect\n|-immune|p1a: Landorus\n|-damage|p2a: Farigiraf|0 fnt\n|faint|p2a: Farigiraf\n|move|p1a: Landorus|Stomping Tantrum|p2b: Ursaluna\n|-crit|p2b: Ursaluna\n|-damage|p2b: Ursaluna|0 fnt\n|faint|p2b: Ursaluna\n|\n|-heal|p1b: Heatran|97\/100|[from] item: Leftovers\n|-fieldend|move: Trick Room\n|upkeep\n|\n|t:|1700696665\n|switch|p2b: Scream Tail|Scream Tail, L50|100\/100\n|turn|6\n|c|\u2606Emirnent|gg\n|c|\u2606Emirnent|maybe i should bring urshi\n|c|\u2606previouslyunnamed|yes\n|c|\u2606Emirnent|but what if i dont get tr\n|inactive|Emirnent has 30 seconds left.\n|\n|t:|1700696698\n|move|p1a: Landorus|Stomping Tantrum|p2b: Scream Tail\n|-damage|p2b: Scream Tail|66\/100\n|move|p2b: Scream Tail|Dazzling Gleam|p1a: Landorus|[spread] p1a,p1b\n|-crit|p1a: Landorus\n|-resisted|p1b: Heatran\n|-damage|p1a: Landorus|0 fnt\n|-damage|p1b: Heatran|93\/100\n|faint|p1a: Landorus\n|move|p1b: Heatran|Heat Wave|p2b: Scream Tail\n|-damage|p2b: Scream Tail|38\/100\n|\n|-heal|p1b: Heatran|99\/100|[from] item: Leftovers\n|upkeep\n|c|\u2606previouslyunnamed|its unlucky but you prob live\n|c|\u2606previouslyunnamed|if he get a crit\n|c|\u2606previouslyunnamed|ur fucked\n|\n|t:|1700696717\n|switch|p1a: Flutter Mane|Flutter Mane, L50|35\/100\n|turn|7\n|\n|t:|1700696721\n|-terastallize|p1a: Flutter Mane|Fairy\n|move|p1a: Flutter Mane|Moonblast|p2b: Scream Tail\n|-damage|p2b: Scream Tail|0 fnt\n|faint|p2b: Scream Tail\n|-end|p2b: Scream Tail|Protosynthesis|[silent]\n|\n|win|previouslyunnamed\n|l|\u2606Emirnent\n|c|\u2606previouslyunnamed|gg\n","uploadtime":1700696733,"views":8,"p1id":"previouslyunnamed","p2id":"emirnent","formatid":"gen9vgc2023regulatione","rating":0,"private":0,"password":""}