{"id":"gen9vgc2023regulatione-1999286274","p1":"Jeremiah 2911","p2":"slimejrlegit","format":"[Gen 9] VGC 2023 Regulation E","log":"|j|\u2606Jeremiah 2911\n|j|\u2606slimejrlegit\n|t:|1701055207\n|gametype|doubles\n|player|p1|Jeremiah 2911|pokefan|1320\n|player|p2|slimejrlegit|101|1400\n|teamsize|p1|6\n|teamsize|p2|6\n|gen|9\n|tier|[Gen 9] VGC 2023 Regulation E\n|rated|\n|rule|Species Clause: Limit one of each Pok\u00e9mon\n|rule|Item Clause: Limit one of each item\n|clearpoke\n|poke|p1|Heatran, L50, F|\n|poke|p1|Indeedee-F, L50, F|\n|poke|p1|Flutter Mane, L50|\n|poke|p1|Sinistcha, L50|\n|poke|p1|Snorlax, L50, M|\n|poke|p1|Iron Bundle, L50|\n|poke|p2|Armarouge, L50, M|\n|poke|p2|Milotic, L50, M|\n|poke|p2|Regieleki, L50|\n|poke|p2|Enamorus, L50, F|\n|poke|p2|Sneasler, L50, F|\n|poke|p2|Indeedee-F, L50, F|\n|teampreview|4\n|\n|t:|1701055238\n|start\n|switch|p1a: Indeedee|Indeedee-F, L50, F|100\/100\n|switch|p1b: Snorlax|Snorlax, L50, M, shiny|100\/100\n|switch|p2a: Indeedee|Indeedee-F, L50, F|100\/100\n|switch|p2b: Armarouge|Armarouge, L50, M|100\/100\n|-fieldstart|move: Psychic Terrain|[from] ability: Psychic Surge|[of] p2a: Indeedee\n|-enditem|p1a: Indeedee|Psychic Seed\n|-boost|p1a: Indeedee|spd|1|[from] item: Psychic Seed\n|turn|1\n|\n|t:|1701055250\n|-terastallize|p2b: Armarouge|Psychic\n|move|p2a: Indeedee|Helping Hand|p2b: Armarouge\n|-singleturn|p2b: Armarouge|Helping Hand|[of] p2a: Indeedee\n|move|p2b: Armarouge|Expanding Force|p1a: Indeedee|[spread] p1a,p1b\n|-resisted|p1a: Indeedee\n|-crit|p1b: Snorlax\n|-damage|p1a: Indeedee|51\/100\n|-damage|p1b: Snorlax|0 fnt\n|faint|p1b: Snorlax\n|-damage|p2b: Armarouge|91\/100|[from] item: Life Orb\n|move|p1a: Indeedee|Trick Room|p1a: Indeedee\n|-fieldstart|move: Trick Room|[of] p1a: Indeedee\n|\n|upkeep\n|\n|t:|1701055260\n|switch|p1b: Heatran|Heatran, L50, F|100\/100\n|turn|2\n|inactive|Battle timer is ON: inactive players will automatically lose when time's up. (requested by Jeremiah 2911)\n|\n|t:|1701055279\n|switch|p2b: Doja Cat|Enamorus, L50, F|100\/100\n|move|p1a: Indeedee|Psychic|p2b: Doja Cat\n|-damage|p2b: Doja Cat|48\/100\n|move|p1b: Heatran|Flash Cannon|p2b: Doja Cat\n|-supereffective|p2b: Doja Cat\n|-damage|p2b: Doja Cat|0 fnt\n|faint|p2b: Doja Cat\n|move|p2a: Indeedee|Trick Room|p2a: Indeedee\n|-fieldend|move: Trick Room\n|\n|upkeep\n|\n|t:|1701055287\n|switch|p2b: Agent Sneeze|Sneasler, L50, F, shiny|100\/100\n|-enditem|p2b: Agent Sneeze|Psychic Seed\n|-boost|p2b: Agent Sneeze|spd|1|[from] item: Psychic Seed\n|turn|3\n|\n|t:|1701055297\n|move|p1b: Heatran|Protect|p1b: Heatran\n|-singleturn|p1b: Heatran|Protect\n|move|p2a: Indeedee|Follow Me|p2a: Indeedee\n|-singleturn|p2a: Indeedee|move: Follow Me\n|move|p2b: Agent Sneeze|Swords Dance|p2b: Agent Sneeze\n|-boost|p2b: Agent Sneeze|atk|2\n|move|p1a: Indeedee|Psychic|p2a: Indeedee\n|-resisted|p2a: Indeedee\n|-damage|p2a: Indeedee|87\/100\n|\n|upkeep\n|turn|4\n|\n|t:|1701055309\n|move|p2a: Indeedee|Follow Me|p2a: Indeedee\n|-singleturn|p2a: Indeedee|move: Follow Me\n|move|p1a: Indeedee|Follow Me|p1a: Indeedee\n|-singleturn|p1a: Indeedee|move: Follow Me\n|move|p2b: Agent Sneeze|Dire Claw|p1a: Indeedee\n|-damage|p1a: Indeedee|0 fnt\n|faint|p1a: Indeedee\n|move|p1b: Heatran|Heat Wave|p2a: Indeedee|[spread] p2a,p2b\n|-crit|p2b: Agent Sneeze\n|-damage|p2a: Indeedee|58\/100\n|-damage|p2b: Agent Sneeze|11\/100\n|\n|upkeep\n|\n|t:|1701055319\n|switch|p1a: Sinistcha|Sinistcha, L50|100\/100\n|turn|5\n|\n|t:|1701055337\n|switch|p2b: Armarouge|Armarouge, L50, M, tera:Psychic|91\/100\n|-terastallize|p1a: Sinistcha|Water\n|move|p1a: Sinistcha|Rage Powder|p1a: Sinistcha\n|-singleturn|p1a: Sinistcha|move: Rage Powder\n|move|p1b: Heatran|Heat Wave|p2b: Armarouge|[spread] p2a\n|-start|p2b: Armarouge|ability: Flash Fire\n|-damage|p2a: Indeedee|27\/100\n|move|p2a: Indeedee|Dazzling Gleam|p1b: Heatran|[spread] p1a,p1b\n|-resisted|p1b: Heatran\n|-damage|p1a: Sinistcha|88\/100\n|-damage|p1b: Heatran|98\/100\n|\n|-heal|p1b: Heatran|100\/100|[from] item: Leftovers\n|-fieldend|move: Psychic Terrain\n|upkeep\n|turn|6\n|\n|t:|1701055355\n|move|p2a: Indeedee|Helping Hand|p2b: Armarouge\n|-singleturn|p2b: Armarouge|Helping Hand|[of] p2a: Indeedee\n|move|p1b: Heatran|Flash Cannon|p2b: Armarouge\n|-damage|p2b: Armarouge|44\/100\n|move|p2b: Armarouge|Expanding Force|p1a: Sinistcha\n|-damage|p1a: Sinistcha|0 fnt\n|faint|p1a: Sinistcha\n|-damage|p2b: Armarouge|34\/100|[from] item: Life Orb\n|\n|upkeep\n|turn|7\n|\n|t:|1701055367\n|move|p2a: Indeedee|Helping Hand|p2b: Armarouge\n|-singleturn|p2b: Armarouge|Helping Hand|[of] p2a: Indeedee\n|move|p1b: Heatran|Flash Cannon|p2b: Armarouge\n|-damage|p2b: Armarouge|0 fnt\n|faint|p2b: Armarouge\n|\n|upkeep\n|\n|t:|1701055370\n|switch|p2b: Agent Sneeze|Sneasler, L50, F, shiny|11\/100\n|turn|8\n|\n|t:|1701055380\n|move|p2a: Indeedee|Helping Hand|p2b: Agent Sneeze\n|-singleturn|p2b: Agent Sneeze|Helping Hand|[of] p2a: Indeedee\n|move|p2b: Agent Sneeze|Close Combat|p1b: Heatran\n|-supereffective|p1b: Heatran\n|-damage|p1b: Heatran|0 fnt\n|-unboost|p2b: Agent Sneeze|def|1\n|-unboost|p2b: Agent Sneeze|spd|1\n|faint|p1b: Heatran\n|\n|win|slimejrlegit\n|raw|Jeremiah 2911's rating: 1320 &rarr; <strong>1305<\/strong><br \/>(-15 for losing)\n|raw|slimejrlegit's rating: 1400 &rarr; <strong>1415<\/strong><br \/>(+15 for winning)\n|c|\u2606Jeremiah 2911|rnGG\n","uploadtime":1701055394,"views":20,"p1id":"jeremiah2911","p2id":"slimejrlegit","formatid":"gen9vgc2023regulatione","rating":1305,"private":0,"password":""}