{"id":"gen9vgc2023regulatione-1992391315","p1":"roowee","p2":"Kzrjzzk","format":"[Gen 9] VGC 2023 Regulation E","log":"|j|\u2606roowee\n|j|\u2606Kzrjzzk\n|t:|1700182145\n|gametype|doubles\n|player|p1|roowee|n|1092\n|player|p2|Kzrjzzk|lance|1163\n|teamsize|p1|6\n|teamsize|p2|6\n|gen|9\n|tier|[Gen 9] VGC 2023 Regulation E\n|rated|\n|rule|Species Clause: Limit one of each Pok\u00e9mon\n|rule|Item Clause: Limit one of each item\n|clearpoke\n|poke|p1|Moltres-Galar, L50|\n|poke|p1|Arcanine-Hisui, L50, M|\n|poke|p1|Munkidori, L50, M|\n|poke|p1|Sinistcha, L50|\n|poke|p1|Grimmsnarl, L50, M|\n|poke|p1|Milotic, L50, F|\n|poke|p2|Flutter Mane, L50|\n|poke|p2|Tornadus, L50, M|\n|poke|p2|Rillaboom, L50, F|\n|poke|p2|Garganacl, L50, F|\n|poke|p2|Arcanine-Hisui, L50, F|\n|poke|p2|Chien-Pao, L50|\n|teampreview|4\n|inactive|Battle timer is ON: inactive players will automatically lose when time's up. (requested by roowee)\n|\n|t:|1700182171\n|start\n|switch|p1a: Munkidori|Munkidori, L50, M|100\/100\n|switch|p1b: Moltres|Moltres-Galar, L50, shiny|100\/100\n|switch|p2a: Tornadus|Tornadus, L50, M|100\/100\n|switch|p2b: Garganacl|Garganacl, L50, F|100\/100\n|-item|p2a: Tornadus|Rocky Helmet|[from] ability: Frisk|[of] p1a: Munkidori|[identify]\n|-item|p2b: Garganacl|Sitrus Berry|[from] ability: Frisk|[of] p1a: Munkidori|[identify]\n|turn|1\n|inactive|roowee has 30 seconds left.\n|inactive|roowee has 20 seconds left.\n|\n|t:|1700182208\n|move|p1a: Munkidori|Fake Out|p2a: Tornadus\n|-damage|p2a: Tornadus|91\/100\n|-damage|p1a: Munkidori|84\/100|[from] item: Rocky Helmet|[of] p2a: Tornadus\n|cant|p2a: Tornadus|flinch\n|move|p1b: Moltres|Nasty Plot|p1b: Moltres\n|-boost|p1b: Moltres|spa|2\n|move|p2b: Garganacl|Salt Cure|p1b: Moltres\n|-supereffective|p1b: Moltres\n|-damage|p1b: Moltres|73\/100\n|-start|p1b: Moltres|Salt Cure\n|\n|-damage|p1b: Moltres|61\/100|[from] Salt Cure\n|upkeep\n|turn|2\n|inactive|roowee has 30 seconds left.\n|\n|t:|1700182234\n|move|p1b: Moltres|Protect|p1b: Moltres\n|-singleturn|p1b: Moltres|Protect\n|move|p2b: Garganacl|Protect|p2b: Garganacl\n|-singleturn|p2b: Garganacl|Protect\n|move|p2a: Tornadus|Tailwind|p2a: Tornadus\n|-sidestart|p2: Kzrjzzk|move: Tailwind\n|move|p1a: Munkidori|Parting Shot|p2a: Tornadus\n|-unboost|p2a: Tornadus|atk|1\n|-unboost|p2a: Tornadus|spa|1\n|\n|t:|1700182248\n|switch|p1a: Sinistcha|Sinistcha, L50, shiny|100\/100|[from] Parting Shot\n|-heal|p1b: Moltres|86\/100|[from] ability: Hospitality|[of] p1a: Sinistcha\n|\n|-damage|p1b: Moltres|73\/100|[from] Salt Cure\n|upkeep\n|turn|3\n|\n|t:|1700182265\n|move|p2a: Tornadus|Bleakwind Storm|p1a: Sinistcha|[spread] p1a,p1b\n|-supereffective|p1a: Sinistcha\n|-damage|p1a: Sinistcha|62\/100\n|-damage|p1b: Moltres|58\/100\n|-unboost|p1a: Sinistcha|spe|1\n|-unboost|p1b: Moltres|spe|1\n|move|p2b: Garganacl|Salt Cure|p1b: Moltres\n|-supereffective|p1b: Moltres\n|-damage|p1b: Moltres|29\/100\n|-ability|p1b: Moltres|Berserk|boost\n|-boost|p1b: Moltres|spa|1\n|-enditem|p1b: Moltres|Sitrus Berry|[eat]\n|-heal|p1b: Moltres|54\/100|[from] item: Sitrus Berry\n|move|p1b: Moltres|Fiery Wrath|p2a: Tornadus|[spread] p2a,p2b\n|-damage|p2a: Tornadus|32\/100\n|-damage|p2b: Garganacl|45\/100\n|-enditem|p2b: Garganacl|Sitrus Berry|[eat]\n|-heal|p2b: Garganacl|70\/100|[from] item: Sitrus Berry\n|move|p1a: Sinistcha|Matcha Gotcha|p2a: Tornadus|[spread] p2a,p2b\n|-resisted|p2a: Tornadus\n|-supereffective|p2b: Garganacl\n|-damage|p2a: Tornadus|21\/100\n|-heal|p1a: Sinistcha|67\/100|[from] drain|[of] p2a: Tornadus\n|-damage|p2b: Garganacl|37\/100\n|-heal|p1a: Sinistcha|87\/100|[from] drain|[of] p2b: Garganacl\n|\n|-damage|p1b: Moltres|42\/100|[from] Salt Cure\n|upkeep\n|turn|4\n|inactive|roowee has 30 seconds left.\n|inactive|roowee has 20 seconds left.\n|\n|t:|1700182302\n|move|p2b: Garganacl|Protect|p2b: Garganacl\n|-singleturn|p2b: Garganacl|Protect\n|move|p1b: Moltres|Protect|p1b: Moltres\n|-singleturn|p1b: Moltres|Protect\n|move|p2a: Tornadus|Bleakwind Storm|p1b: Moltres|[spread] p1a\n|-activate|p1b: Moltres|move: Protect\n|-supereffective|p1a: Sinistcha\n|-damage|p1a: Sinistcha|46\/100\n|-unboost|p1a: Sinistcha|spe|1\n|move|p1a: Sinistcha|Life Dew|p1a: Sinistcha|[spread] p1a,p1b\n|-heal|p1a: Sinistcha|71\/100\n|-heal|p1b: Moltres|67\/100\n|\n|-damage|p1b: Moltres|55\/100|[from] Salt Cure\n|upkeep\n|turn|5\n|\n|t:|1700182327\n|switch|p2a: Arcanine|Arcanine-Hisui, L50, F|100\/100\n|-ability|p2a: Arcanine|Intimidate|boost\n|-unboost|p1a: Sinistcha|atk|1\n|-unboost|p1b: Moltres|atk|1\n|move|p1a: Sinistcha|Rage Powder|p1a: Sinistcha\n|-singleturn|p1a: Sinistcha|move: Rage Powder\n|move|p2b: Garganacl|Recover|p2b: Garganacl\n|-heal|p2b: Garganacl|87\/100\n|move|p1b: Moltres|Fiery Wrath|p2b: Garganacl|[spread] p2a,p2b\n|-damage|p2a: Arcanine|7\/100\n|-damage|p2b: Garganacl|39\/100\n|\n|-damage|p1b: Moltres|42\/100|[from] Salt Cure\n|-sideend|p2: Kzrjzzk|move: Tailwind\n|upkeep\n|turn|6\n|\n|t:|1700182343\n|move|p1b: Moltres|Protect|p1b: Moltres\n|-singleturn|p1b: Moltres|Protect\n|move|p2a: Arcanine|Rock Slide|p1a: Sinistcha|[spread] p1a\n|-activate|p1b: Moltres|move: Protect\n|-damage|p1a: Sinistcha|40\/100\n|move|p2b: Garganacl|Recover|p2b: Garganacl\n|-heal|p2b: Garganacl|89\/100\n|cant|p1a: Sinistcha|flinch\n|\n|-damage|p1b: Moltres|30\/100|[from] Salt Cure\n|upkeep\n|turn|7\n|inactive|roowee has 30 seconds left.\n|\n|t:|1700182375\n|move|p1b: Moltres|Protect||[still]\n|-fail|p1b: Moltres\n|move|p2a: Arcanine|Rock Slide|p1b: Moltres|[spread] p1b\n|-miss|p2a: Arcanine|p1a: Sinistcha\n|-supereffective|p1b: Moltres\n|-damage|p1b: Moltres|0 fnt\n|faint|p1b: Moltres\n|move|p2b: Garganacl|Salt Cure|p1a: Sinistcha\n|-damage|p1a: Sinistcha|27\/100\n|-start|p1a: Sinistcha|Salt Cure\n|move|p1a: Sinistcha|Life Dew|p1a: Sinistcha\n|-heal|p1a: Sinistcha|52\/100\n|\n|-damage|p1a: Sinistcha|40\/100|[from] Salt Cure\n|upkeep\n|\n|t:|1700182395\n|switch|p1b: Munkidori|Munkidori, L50, M|84\/100\n|-item|p2a: Arcanine|Choice Band|[from] ability: Frisk|[of] p1b: Munkidori|[identify]\n|turn|8\n|inactive|Kzrjzzk has 30 seconds left.\n|\n|t:|1700182428\n|switch|p2a: Tornadus|Tornadus, L50, M|21\/100\n|-terastallize|p2b: Garganacl|Ghost\n|move|p1b: Munkidori|Fake Out|p2a: Tornadus\n|-damage|p2a: Tornadus|12\/100\n|-damage|p1b: Munkidori|68\/100|[from] item: Rocky Helmet|[of] p2a: Tornadus\n|move|p2b: Garganacl|Salt Cure|p1b: Munkidori\n|-damage|p1b: Munkidori|47\/100\n|-start|p1b: Munkidori|Salt Cure\n|move|p1a: Sinistcha|Matcha Gotcha|p2b: Garganacl|[spread] p2a,p2b\n|-resisted|p2a: Tornadus\n|-damage|p2a: Tornadus|3\/100\n|-heal|p1a: Sinistcha|46\/100|[from] drain|[of] p2a: Tornadus\n|-damage|p2b: Garganacl|72\/100\n|-heal|p1a: Sinistcha|56\/100|[from] drain|[of] p2b: Garganacl\n|-status|p2a: Tornadus|brn\n|\n|-damage|p2a: Tornadus|0 fnt|[from] brn\n|faint|p2a: Tornadus\n|-damage|p1b: Munkidori|35\/100|[from] Salt Cure\n|-damage|p1a: Sinistcha|44\/100|[from] Salt Cure\n|upkeep\n|\n|t:|1700182432\n|switch|p2a: Arcanine|Arcanine-Hisui, L50, F|7\/100\n|-ability|p2a: Arcanine|Intimidate|boost\n|-unboost|p1a: Sinistcha|atk|1\n|-unboost|p1b: Munkidori|atk|1\n|turn|9\n|inactive|roowee has 30 seconds left.\n|inactive|roowee has 20 seconds left.\n|\n|t:|1700182468\n|move|p1b: Munkidori|Sludge Bomb|p2a: Arcanine\n|-resisted|p2a: Arcanine\n|-damage|p2a: Arcanine|0 fnt\n|faint|p2a: Arcanine\n|move|p2b: Garganacl|Iron Defense|p2b: Garganacl\n|-boost|p2b: Garganacl|def|2\n|move|p1a: Sinistcha|Life Dew|p1a: Sinistcha|[spread] p1a,p1b\n|-heal|p1a: Sinistcha|69\/100\n|-heal|p1b: Munkidori|60\/100\n|\n|-damage|p1b: Munkidori|48\/100|[from] Salt Cure\n|-damage|p1a: Sinistcha|57\/100|[from] Salt Cure\n|upkeep\n|\n|t:|1700182477\n|switch|p2a: Flutter Mane|Flutter Mane, L50|100\/100\n|-enditem|p2a: Flutter Mane|Booster Energy\n|-activate|p2a: Flutter Mane|ability: Protosynthesis|[fromitem]\n|-start|p2a: Flutter Mane|protosynthesisspe\n|turn|10\n|\n|t:|1700182489\n|switch|p1b: Arcanine|Arcanine-Hisui, L50, M, shiny|100\/100\n|-ability|p1b: Arcanine|Intimidate|boost\n|-unboost|p2a: Flutter Mane|atk|1\n|-unboost|p2b: Garganacl|atk|1\n|move|p2a: Flutter Mane|Protect|p2a: Flutter Mane\n|-singleturn|p2a: Flutter Mane|Protect\n|move|p2b: Garganacl|Salt Cure|p1a: Sinistcha\n|-damage|p1a: Sinistcha|48\/100\n|move|p1a: Sinistcha|Trick Room|p1a: Sinistcha\n|-fieldstart|move: Trick Room|[of] p1a: Sinistcha\n|\n|-damage|p1a: Sinistcha|36\/100|[from] Salt Cure\n|upkeep\n|turn|11\n|\n|t:|1700182514\n|move|p1a: Sinistcha|Matcha Gotcha|p2a: Flutter Mane|[spread] p2a,p2b\n|-damage|p2a: Flutter Mane|73\/100\n|-heal|p1a: Sinistcha|46\/100|[from] drain|[of] p2a: Flutter Mane\n|-damage|p2b: Garganacl|56\/100\n|-heal|p1a: Sinistcha|56\/100|[from] drain|[of] p2b: Garganacl\n|move|p2b: Garganacl|Salt Cure|p1b: Arcanine\n|-supereffective|p1b: Arcanine\n|-damage|p1b: Arcanine|79\/100\n|-start|p1b: Arcanine|Salt Cure\n|move|p1b: Arcanine|Flare Blitz|p2a: Flutter Mane\n|-damage|p2a: Flutter Mane|0 fnt\n|faint|p2a: Flutter Mane\n|-end|p2a: Flutter Mane|Protosynthesis|[silent]\n|-damage|p1b: Arcanine|63\/100|[from] Recoil\n|\n|-damage|p1a: Sinistcha|44\/100|[from] Salt Cure\n|-damage|p1b: Arcanine|51\/100|[from] Salt Cure\n|upkeep\n|turn|12\n|\n|t:|1700182538\n|move|p1a: Sinistcha|Life Dew|p1a: Sinistcha|[spread] p1a,p1b\n|-heal|p1a: Sinistcha|69\/100\n|-heal|p1b: Arcanine|76\/100\n|move|p2b: Garganacl|Recover|p2b: Garganacl\n|-heal|p2b: Garganacl|100\/100\n|move|p1b: Arcanine|Flare Blitz|p2b: Garganacl\n|-damage|p2b: Garganacl|78\/100\n|-damage|p1b: Arcanine|68\/100|[from] Recoil\n|\n|-damage|p1a: Sinistcha|57\/100|[from] Salt Cure\n|-damage|p1b: Arcanine|56\/100|[from] Salt Cure\n|upkeep\n|turn|13\n|inactive|roowee has 30 seconds left.\n|\n|t:|1700182563\n|move|p1a: Sinistcha|Life Dew|p1a: Sinistcha|[spread] p1a,p1b\n|-heal|p1a: Sinistcha|82\/100\n|-heal|p1b: Arcanine|81\/100\n|move|p2b: Garganacl|Iron Defense|p2b: Garganacl\n|-boost|p2b: Garganacl|def|2\n|move|p1b: Arcanine|Flare Blitz|p2b: Garganacl\n|-damage|p2b: Garganacl|64\/100\n|-damage|p1b: Arcanine|76\/100|[from] Recoil\n|\n|-damage|p1a: Sinistcha|70\/100|[from] Salt Cure\n|-damage|p1b: Arcanine|64\/100|[from] Salt Cure\n|upkeep\n|turn|14\n|\n|t:|1700182576\n|move|p1a: Sinistcha|Life Dew|p1a: Sinistcha|[spread] p1a,p1b\n|-heal|p1a: Sinistcha|95\/100\n|-heal|p1b: Arcanine|89\/100\n|move|p2b: Garganacl|Iron Defense|p2b: Garganacl\n|-boost|p2b: Garganacl|def|2\n|move|p1b: Arcanine|Flare Blitz|p2b: Garganacl\n|-damage|p2b: Garganacl|52\/100\n|-damage|p1b: Arcanine|85\/100|[from] Recoil\n|\n|-damage|p1a: Sinistcha|83\/100|[from] Salt Cure\n|-damage|p1b: Arcanine|72\/100|[from] Salt Cure\n|-fieldend|move: Trick Room\n|upkeep\n|turn|15\n|\n|t:|1700182596\n|move|p1b: Arcanine|Flare Blitz|p2b: Garganacl\n|-damage|p2b: Garganacl|40\/100\n|-damage|p1b: Arcanine|68\/100|[from] Recoil\n|move|p2b: Garganacl|Recover|p2b: Garganacl\n|-heal|p2b: Garganacl|90\/100\n|move|p1a: Sinistcha|Life Dew|p1a: Sinistcha|[spread] p1a,p1b\n|-heal|p1a: Sinistcha|100\/100\n|-heal|p1b: Arcanine|93\/100\n|\n|-damage|p1b: Arcanine|81\/100|[from] Salt Cure\n|-damage|p1a: Sinistcha|88\/100|[from] Salt Cure\n|upkeep\n|turn|16\n|\n|t:|1700182610\n|move|p2b: Garganacl|Protect|p2b: Garganacl\n|-singleturn|p2b: Garganacl|Protect\n|move|p1b: Arcanine|Flare Blitz|p2b: Garganacl\n|-activate|p2b: Garganacl|move: Protect\n|move|p1a: Sinistcha|Matcha Gotcha|p2b: Garganacl\n|-activate|p2b: Garganacl|move: Protect\n|\n|-damage|p1b: Arcanine|69\/100|[from] Salt Cure\n|-damage|p1a: Sinistcha|76\/100|[from] Salt Cure\n|upkeep\n|turn|17\n|\n|t:|1700182613\n|move|p1b: Arcanine|Flare Blitz|p2b: Garganacl\n|-damage|p2b: Garganacl|78\/100\n|-damage|p1b: Arcanine|65\/100|[from] Recoil\n|move|p2b: Garganacl|Iron Defense|p2b: Garganacl\n|-boost|p2b: Garganacl|def|0\n|move|p1a: Sinistcha|Matcha Gotcha|p2b: Garganacl\n|-damage|p2b: Garganacl|58\/100\n|-heal|p1a: Sinistcha|88\/100|[from] drain|[of] p2b: Garganacl\n|\n|-damage|p1b: Arcanine|52\/100|[from] Salt Cure\n|-damage|p1a: Sinistcha|76\/100|[from] Salt Cure\n|upkeep\n|turn|18\n|\n|t:|1700182630\n|move|p1b: Arcanine|Flare Blitz|p2b: Garganacl\n|-damage|p2b: Garganacl|46\/100\n|-damage|p1b: Arcanine|48\/100|[from] Recoil\n|move|p2b: Garganacl|Salt Cure|p1b: Arcanine\n|-supereffective|p1b: Arcanine\n|-damage|p1b: Arcanine|24\/100\n|move|p1a: Sinistcha|Matcha Gotcha|p2b: Garganacl\n|-damage|p2b: Garganacl|22\/100\n|-heal|p1a: Sinistcha|91\/100|[from] drain|[of] p2b: Garganacl\n|\n|-damage|p1b: Arcanine|11\/100|[from] Salt Cure\n|-damage|p1a: Sinistcha|79\/100|[from] Salt Cure\n|upkeep\n|turn|19\n|inactive|roowee has 30 seconds left.\n|\n|t:|1700182651\n|move|p1b: Arcanine|Flare Blitz|p2b: Garganacl\n|-damage|p2b: Garganacl|11\/100\n|-damage|p1b: Arcanine|7\/100|[from] Recoil\n|move|p2b: Garganacl|Recover|p2b: Garganacl\n|-heal|p2b: Garganacl|61\/100\n|move|p1a: Sinistcha|Life Dew|p1a: Sinistcha|[spread] p1a,p1b\n|-heal|p1a: Sinistcha|100\/100\n|-heal|p1b: Arcanine|32\/100\n|\n|-damage|p1b: Arcanine|20\/100|[from] Salt Cure\n|-damage|p1a: Sinistcha|88\/100|[from] Salt Cure\n|upkeep\n|turn|20\n|inactive|roowee has 30 seconds left this turn.\n|inactive|roowee has 20 seconds left.\n|inactive|roowee has 15 seconds left.\n|\n|t:|1700182666\n|move|p2b: Garganacl|Protect|p2b: Garganacl\n|-singleturn|p2b: Garganacl|Protect\n|move|p1b: Arcanine|Flare Blitz|p2b: Garganacl\n|-activate|p2b: Garganacl|move: Protect\n|move|p1a: Sinistcha|Matcha Gotcha|p2b: Garganacl\n|-activate|p2b: Garganacl|move: Protect\n|\n|-damage|p1b: Arcanine|8\/100|[from] Salt Cure\n|-damage|p1a: Sinistcha|76\/100|[from] Salt Cure\n|upkeep\n|turn|21\n|inactive|roowee has 15 seconds left this turn.\n|\n|t:|1700182670\n|move|p1b: Arcanine|Flare Blitz|p2b: Garganacl\n|-damage|p2b: Garganacl|49\/100\n|-damage|p1b: Arcanine|4\/100|[from] Recoil\n|move|p2b: Garganacl|Salt Cure|p1b: Arcanine\n|-supereffective|p1b: Arcanine\n|-damage|p1b: Arcanine|0 fnt\n|faint|p1b: Arcanine\n|move|p1a: Sinistcha|Matcha Gotcha|p2b: Garganacl|[miss]\n|-miss|p1a: Sinistcha|p2b: Garganacl\n|\n|-damage|p1a: Sinistcha|64\/100|[from] Salt Cure\n|upkeep\n|inactive|roowee has 15 seconds left this turn.\n|inactive|roowee has 10 seconds left.\n|\n|t:|1700182678\n|switch|p1b: Munkidori|Munkidori, L50, M|48\/100\n|turn|22\n|inactive|roowee has 10 seconds left this turn.\n|inactive|roowee has 5 seconds left.\n|\n|t:|1700182684\n|move|p2b: Garganacl|Protect|p2b: Garganacl\n|-singleturn|p2b: Garganacl|Protect\n|move|p1b: Munkidori|Psychic|p2b: Garganacl\n|-activate|p2b: Garganacl|move: Protect\n|move|p1a: Sinistcha|Matcha Gotcha|p2b: Garganacl\n|-activate|p2b: Garganacl|move: Protect\n|\n|-damage|p1a: Sinistcha|52\/100|[from] Salt Cure\n|upkeep\n|turn|23\n|inactive|roowee has 5 seconds left this turn.\n|\n|t:|1700182687\n|move|p1b: Munkidori|Psychic|p2b: Garganacl\n|-damage|p2b: Garganacl|18\/100\n|-unboost|p2b: Garganacl|spd|1\n|move|p2b: Garganacl|Recover|p2b: Garganacl\n|-heal|p2b: Garganacl|69\/100\n|move|p1a: Sinistcha|Matcha Gotcha|p2b: Garganacl\n|-damage|p2b: Garganacl|37\/100\n|-heal|p1a: Sinistcha|71\/100|[from] drain|[of] p2b: Garganacl\n|\n|-damage|p1a: Sinistcha|59\/100|[from] Salt Cure\n|upkeep\n|turn|24\n|inactive|roowee has 5 seconds left this turn.\n|-message|roowee lost due to inactivity.\n|\n|win|Kzrjzzk\n|raw|roowee's rating: 1092 &rarr; <strong>1073<\/strong><br \/>(-19 for losing)\n|raw|Kzrjzzk's rating: 1163 &rarr; <strong>1183<\/strong><br \/>(+20 for winning)\n","uploadtime":1700182695,"views":11,"p1id":"roowee","p2id":"kzrjzzk","formatid":"gen9vgc2023regulatione","rating":1073,"private":0,"password":""}