{"id":"gen9vgc2023regulatione-1991363631","p1":"Dkennedy1234567","p2":"TestJay","format":"[Gen 9] VGC 2023 Regulation E","log":"|j|\u2606Dkennedy1234567\n|j|\u2606TestJay\n|t:|1700070920\n|gametype|doubles\n|player|p1|Dkennedy1234567|265|1416\n|player|p2|TestJay|pokemonranger-gen4|1371\n|teamsize|p1|6\n|teamsize|p2|6\n|gen|9\n|tier|[Gen 9] VGC 2023 Regulation E\n|rated|\n|rule|Species Clause: Limit one of each Pok\u00e9mon\n|rule|Item Clause: Limit one of each item\n|clearpoke\n|poke|p1|Gyarados, L50, M|\n|poke|p1|Volcarona, L50, F|\n|poke|p1|Iron Bundle, L50|\n|poke|p1|Sinistcha, L50|\n|poke|p1|Ninetales-Alola, L50, F|\n|poke|p1|Iron Hands, L50|\n|poke|p2|Dusclops, L50, M|\n|poke|p2|Ursaluna-Bloodmoon, L50, M|\n|poke|p2|Kommo-o, L50, M|\n|poke|p2|Landorus-Therian, L50, M|\n|poke|p2|Iron Hands, L50|\n|poke|p2|Sinistcha-Masterpiece, L50|\n|teampreview|4\n|\n|t:|1700070959\n|start\n|switch|p1a: Volcarona|Volcarona, L50, F|100\/100\n|switch|p1b: Ninetales|Ninetales-Alola, L50, F|100\/100\n|switch|p2a: Kommo-o|Kommo-o, L50, M|100\/100\n|switch|p2b: Iron Hands|Iron Hands, L50|100\/100\n|-weather|Snow|[from] ability: Snow Warning|[of] p1b: Ninetales\n|turn|1\n|inactive|Battle timer is ON: inactive players will automatically lose when time's up. (requested by TestJay)\n|\n|t:|1700070972\n|move|p2b: Iron Hands|Fake Out|p1b: Ninetales\n|-damage|p1b: Ninetales|83\/100\n|cant|p1b: Ninetales|flinch\n|move|p1a: Volcarona|Quiver Dance|p1a: Volcarona\n|-boost|p1a: Volcarona|spa|1\n|-boost|p1a: Volcarona|spd|1\n|-boost|p1a: Volcarona|spe|1\n|move|p2a: Kommo-o|Clangorous Soul|p2a: Kommo-o\n|-boost|p2a: Kommo-o|atk|1\n|-boost|p2a: Kommo-o|def|1\n|-boost|p2a: Kommo-o|spa|1\n|-boost|p2a: Kommo-o|spd|1\n|-boost|p2a: Kommo-o|spe|1\n|-damage|p2a: Kommo-o|68\/100\n|-enditem|p2a: Kommo-o|Throat Spray\n|-boost|p2a: Kommo-o|spa|1|[from] item: Throat Spray\n|\n|-weather|Snow|[upkeep]\n|upkeep\n|turn|2\n|inactive|TestJay has 30 seconds left.\n|\n|t:|1700071001\n|-end|p2b: Iron Hands|Quark Drive|[silent]\n|switch|p2b: Sinistcha|Sinistcha-Masterpiece, L50|100\/100\n|-heal|p2a: Kommo-o|93\/100|[from] ability: Hospitality|[of] p2b: Sinistcha\n|move|p2a: Kommo-o|Protect|p2a: Kommo-o\n|-singleturn|p2a: Kommo-o|Protect\n|move|p1a: Volcarona|Struggle Bug|p2b: Sinistcha|[spread] p2b\n|-activate|p2a: Kommo-o|move: Protect\n|-damage|p2b: Sinistcha|73\/100\n|-unboost|p2b: Sinistcha|spa|1\n|move|p1b: Ninetales|Aurora Veil|p1b: Ninetales\n|-sidestart|p1: Dkennedy1234567|move: Aurora Veil\n|\n|-weather|Snow|[upkeep]\n|upkeep\n|turn|3\n|inactive|TestJay has 30 seconds left.\n|\n|t:|1700071032\n|switch|p1b: Sinistcha|Sinistcha, L50|100\/100\n|switch|p2b: Iron Hands|Iron Hands, L50|100\/100\n|-terastallize|p2a: Kommo-o|Steel\n|move|p1a: Volcarona|Struggle Bug|p2a: Kommo-o|[spread] p2a,p2b\n|-resisted|p2a: Kommo-o\n|-resisted|p2b: Iron Hands\n|-damage|p2a: Kommo-o|83\/100\n|-damage|p2b: Iron Hands|91\/100\n|-unboost|p2a: Kommo-o|spa|1\n|-unboost|p2b: Iron Hands|spa|1\n|move|p2a: Kommo-o|Clanging Scales|p1b: Sinistcha|[spread] p1a,p1b\n|-damage|p1a: Volcarona|75\/100\n|-damage|p1b: Sinistcha|65\/100\n|-unboost|p2a: Kommo-o|def|1\n|\n|-weather|Snow|[upkeep]\n|-heal|p1a: Volcarona|82\/100|[from] item: Leftovers\n|upkeep\n|turn|4\n|\n|t:|1700071054\n|move|p2b: Iron Hands|Fake Out|p1a: Volcarona\n|-damage|p1a: Volcarona|67\/100\n|-status|p2b: Iron Hands|brn|[from] ability: Flame Body|[of] p1a: Volcarona\n|cant|p1a: Volcarona|flinch\n|move|p2a: Kommo-o|Clangorous Soul|p2a: Kommo-o\n|-boost|p2a: Kommo-o|atk|1\n|-boost|p2a: Kommo-o|def|1\n|-boost|p2a: Kommo-o|spa|1\n|-boost|p2a: Kommo-o|spd|1\n|-boost|p2a: Kommo-o|spe|1\n|-damage|p2a: Kommo-o|50\/100\n|move|p1b: Sinistcha|Calm Mind|p1b: Sinistcha\n|-boost|p1b: Sinistcha|spa|1\n|-boost|p1b: Sinistcha|spd|1\n|\n|-weather|Snow|[upkeep]\n|-heal|p1a: Volcarona|73\/100|[from] item: Leftovers\n|-damage|p2b: Iron Hands|85\/100 brn|[from] brn\n|upkeep\n|turn|5\n|\n|t:|1700071076\n|-end|p2b: Iron Hands|Quark Drive|[silent]\n|switch|p2b: Sinistcha|Sinistcha-Masterpiece, L50|73\/100\n|-heal|p2a: Kommo-o|75\/100|[from] ability: Hospitality|[of] p2b: Sinistcha\n|move|p2a: Kommo-o|Clanging Scales|p1a: Volcarona|[spread] p1a,p1b\n|-damage|p1a: Volcarona|42\/100\n|-damage|p1b: Sinistcha|30\/100\n|-unboost|p2a: Kommo-o|def|1\n|move|p1a: Volcarona|Struggle Bug|p2a: Kommo-o|[spread] p2a,p2b\n|-resisted|p2a: Kommo-o\n|-damage|p2a: Kommo-o|68\/100\n|-damage|p2b: Sinistcha|42\/100\n|-unboost|p2a: Kommo-o|spa|1\n|-unboost|p2b: Sinistcha|spa|1\n|move|p1b: Sinistcha|Calm Mind|p1b: Sinistcha\n|-boost|p1b: Sinistcha|spa|1\n|-boost|p1b: Sinistcha|spd|1\n|\n|-weather|none\n|-heal|p1a: Volcarona|48\/100|[from] item: Leftovers\n|upkeep\n|turn|6\n|\n|t:|1700071099\n|move|p1a: Volcarona|Protect|p1a: Volcarona\n|-singleturn|p1a: Volcarona|Protect\n|move|p2a: Kommo-o|Clanging Scales|p1b: Sinistcha|[spread] p1b\n|-activate|p1a: Volcarona|move: Protect\n|-damage|p1b: Sinistcha|11\/100\n|-enditem|p1b: Sinistcha|Wiki Berry|[eat]\n|-heal|p1b: Sinistcha|44\/100|[from] item: Wiki Berry\n|-unboost|p2a: Kommo-o|def|1\n|move|p1b: Sinistcha|Strength Sap|p2a: Kommo-o\n|-unboost|p2a: Kommo-o|atk|1\n|-heal|p1b: Sinistcha|100\/100\n|move|p2b: Sinistcha|Matcha Gotcha|p1b: Sinistcha|[spread] p1b\n|-activate|p1a: Volcarona|move: Protect\n|-resisted|p1b: Sinistcha\n|-damage|p1b: Sinistcha|98\/100\n|-heal|p2b: Sinistcha|43\/100|[from] drain|[of] p1b: Sinistcha\n|\n|-heal|p1a: Volcarona|55\/100|[from] item: Leftovers\n|-sideend|p1: Dkennedy1234567|move: Aurora Veil\n|upkeep\n|turn|7\n|\n|t:|1700071124\n|switch|p2b: Iron Hands|Iron Hands, L50|85\/100 brn\n|move|p2a: Kommo-o|Protect|p2a: Kommo-o\n|-singleturn|p2a: Kommo-o|Protect\n|move|p1a: Volcarona|Heat Wave|p2b: Iron Hands|[spread] p2b\n|-activate|p2a: Kommo-o|move: Protect\n|-damage|p2b: Iron Hands|47\/100 brn\n|move|p1b: Sinistcha|Matcha Gotcha|p2b: Iron Hands|[spread] p2b\n|-activate|p2a: Kommo-o|move: Protect\n|-damage|p2b: Iron Hands|18\/100 brn\n|-heal|p1b: Sinistcha|100\/100|[from] drain|[of] p2b: Iron Hands\n|\n|-heal|p1a: Volcarona|61\/100|[from] item: Leftovers\n|-damage|p2b: Iron Hands|12\/100 brn|[from] brn\n|upkeep\n|turn|8\n|\n|t:|1700071143\n|move|p2b: Iron Hands|Fake Out|p1a: Volcarona\n|-damage|p1a: Volcarona|50\/100\n|move|p2a: Kommo-o|Clangorous Soul|p2a: Kommo-o\n|-boost|p2a: Kommo-o|atk|1\n|-boost|p2a: Kommo-o|def|1\n|-boost|p2a: Kommo-o|spa|1\n|-boost|p2a: Kommo-o|spd|1\n|-boost|p2a: Kommo-o|spe|1\n|-damage|p2a: Kommo-o|35\/100\n|cant|p1a: Volcarona|flinch\n|move|p1b: Sinistcha|Matcha Gotcha|p2b: Iron Hands|[spread] p2a,p2b\n|-resisted|p2a: Kommo-o\n|-damage|p2a: Kommo-o|24\/100\n|-damage|p2b: Iron Hands|0 fnt\n|faint|p2b: Iron Hands\n|-end|p2b: Iron Hands|Quark Drive|[silent]\n|\n|-heal|p1a: Volcarona|57\/100|[from] item: Leftovers\n|upkeep\n|\n|t:|1700071156\n|switch|p2b: Sinistcha|Sinistcha-Masterpiece, L50|43\/100\n|-heal|p2a: Kommo-o|49\/100|[from] ability: Hospitality|[of] p2b: Sinistcha\n|turn|9\n|\n|t:|1700071169\n|switch|p2b: Landorus|Landorus-Therian, L50, M|100\/100\n|-ability|p2b: Landorus|Intimidate|boost\n|-unboost|p1a: Volcarona|atk|1\n|-unboost|p1b: Sinistcha|atk|1\n|move|p1a: Volcarona|Protect|p1a: Volcarona\n|-singleturn|p1a: Volcarona|Protect\n|move|p2a: Kommo-o|Clanging Scales|p1b: Sinistcha|[spread] p1b\n|-activate|p1a: Volcarona|move: Protect\n|-damage|p1b: Sinistcha|66\/100\n|-unboost|p2a: Kommo-o|def|1\n|move|p1b: Sinistcha|Calm Mind|p1b: Sinistcha\n|-boost|p1b: Sinistcha|spa|1\n|-boost|p1b: Sinistcha|spd|1\n|\n|-heal|p1a: Volcarona|63\/100|[from] item: Leftovers\n|upkeep\n|turn|10\n|\n|t:|1700071190\n|-terastallize|p1b: Sinistcha|Dragon\n|move|p2a: Kommo-o|Clanging Scales|p1a: Volcarona|[spread] p1a,p1b\n|-supereffective|p1b: Sinistcha\n|-damage|p1a: Volcarona|16\/100\n|-damage|p1b: Sinistcha|1\/100\n|-unboost|p2a: Kommo-o|def|1\n|move|p2b: Landorus|Rock Slide|p1b: Sinistcha|[spread] p1a,p1b\n|-supereffective|p1a: Volcarona\n|-damage|p1a: Volcarona|0 fnt\n|-damage|p1b: Sinistcha|0 fnt\n|faint|p1a: Volcarona\n|faint|p1b: Sinistcha\n|\n|upkeep\n|\n|t:|1700071201\n|switch|p1a: Ninetales|Ninetales-Alola, L50, F|83\/100\n|switch|p1b: Iron Hands|Iron Hands, L50|100\/100\n|-weather|Snow|[from] ability: Snow Warning|[of] p1a: Ninetales\n|turn|11\n|inactive|Dkennedy1234567 has 30 seconds left.\n|inactive|Dkennedy1234567 has 20 seconds left.\n|\n|t:|1700071239\n|switch|p2b: Sinistcha|Sinistcha-Masterpiece, L50|43\/100\n|-heal|p2a: Kommo-o|74\/100|[from] ability: Hospitality|[of] p2b: Sinistcha\n|move|p2a: Kommo-o|Protect|p2a: Kommo-o\n|-singleturn|p2a: Kommo-o|Protect\n|move|p1a: Ninetales|Blizzard|p2a: Kommo-o|[spread] p2b\n|-activate|p2a: Kommo-o|move: Protect\n|-supereffective|p2b: Sinistcha\n|-damage|p2b: Sinistcha|0 fnt\n|faint|p2b: Sinistcha\n|move|p1b: Iron Hands|Drain Punch|p2a: Kommo-o\n|-activate|p2a: Kommo-o|move: Protect\n|\n|-weather|Snow|[upkeep]\n|upkeep\n|\n|t:|1700071250\n|switch|p2b: Landorus|Landorus-Therian, L50, M|100\/100\n|-ability|p2b: Landorus|Intimidate|boost\n|-unboost|p1a: Ninetales|atk|1\n|-unboost|p1b: Iron Hands|atk|1\n|turn|12\n|\n|t:|1700071257\n|move|p2a: Kommo-o|Flash Cannon|p1a: Ninetales\n|-supereffective|p1a: Ninetales\n|-damage|p1a: Ninetales|0 fnt\n|faint|p1a: Ninetales\n|move|p2b: Landorus|Stomping Tantrum|p1b: Iron Hands\n|-supereffective|p1b: Iron Hands\n|-damage|p1b: Iron Hands|42\/100\n|move|p1b: Iron Hands|Drain Punch|p2a: Kommo-o\n|-supereffective|p2a: Kommo-o\n|-damage|p2a: Kommo-o|0 fnt\n|-heal|p1b: Iron Hands|67\/100|[from] drain|[of] p2a: Kommo-o\n|faint|p2a: Kommo-o\n|\n|-weather|Snow|[upkeep]\n|upkeep\n|turn|13\n|\n|t:|1700071270\n|move|p2b: Landorus|Stomping Tantrum|p1b: Iron Hands\n|-supereffective|p1b: Iron Hands\n|-damage|p1b: Iron Hands|11\/100\n|move|p1b: Iron Hands|Drain Punch|p2b: Landorus\n|-resisted|p2b: Landorus\n|-damage|p2b: Landorus|83\/100\n|-heal|p1b: Iron Hands|18\/100|[from] drain|[of] p2b: Landorus\n|\n|-weather|Snow|[upkeep]\n|upkeep\n|turn|14\n|-message|Dkennedy1234567 forfeited.\n|\n|win|TestJay\n|raw|Dkennedy1234567's rating: 1416 &rarr; <strong>1393<\/strong><br \/>(-23 for losing)\n|raw|TestJay's rating: 1371 &rarr; <strong>1394<\/strong><br \/>(+23 for winning)\n|l|\u2606Dkennedy1234567\n","uploadtime":1700071281,"views":19,"p1id":"dkennedy1234567","p2id":"testjay","formatid":"gen9vgc2023regulatione","rating":1393,"private":0,"password":""}