{"id":"gen9vgc2023regulatione-1989702652","p1":"Solo Kelley","p2":"Guazza96","format":"[Gen 9] VGC 2023 Regulation E","log":"|j|\u2606Solo Kelley\n|j|\u2606Guazza96\n|t:|1699888345\n|gametype|doubles\n|player|p1|Solo Kelley|pokemonbreederf-gen4|1110\n|player|p2|Guazza96|265|1114\n|teamsize|p1|6\n|teamsize|p2|6\n|gen|9\n|tier|[Gen 9] VGC 2023 Regulation E\n|rated|\n|rule|Species Clause: Limit one of each Pok\u00e9mon\n|rule|Item Clause: Limit one of each item\n|clearpoke\n|poke|p1|Zapdos, L50|\n|poke|p1|Milotic, L50, F|\n|poke|p1|Breloom, L50, M|\n|poke|p1|Chien-Pao, L50|\n|poke|p1|Arcanine-Hisui, L50, F|\n|poke|p1|Sableye, L50, M|\n|poke|p2|Empoleon, L50, F|\n|poke|p2|Regieleki, L50|\n|poke|p2|Ninetales-Alola, L50, M|\n|poke|p2|Dragonite, L50, M|\n|poke|p2|Landorus-Therian, L50, M|\n|poke|p2|Ogerpon-Hearthflame, L50, F|\n|teampreview|4\n|inactive|Battle timer is ON: inactive players will automatically lose when time's up. (requested by Guazza96)\n|inactive|Solo Kelley has 60 seconds left.\n|inactive|Guazza96 has 60 seconds left.\n|\n|t:|1699888406\n|start\n|switch|p1a: Milotic|Milotic, L50, F|100\/100\n|switch|p1b: Sableye|Sableye, L50, M|100\/100\n|switch|p2a: Ogerpon|Ogerpon-Hearthflame, L50, F|100\/100\n|switch|p2b: Empoleon|Empoleon, L50, F|100\/100\n|-ability|p2a: Ogerpon|Mold Breaker\n|turn|1\n|inactive|Solo Kelley has 30 seconds left.\n|\n|t:|1699888432\n|move|p2b: Empoleon|Helping Hand|p2a: Ogerpon\n|-singleturn|p2a: Ogerpon|Helping Hand|[of] p2b: Empoleon\n|move|p1b: Sableye|Will-O-Wisp|p2b: Empoleon\n|-status|p2b: Empoleon|brn\n|move|p2a: Ogerpon|Horn Leech|p1a: Milotic\n|-supereffective|p1a: Milotic\n|-damage|p1a: Milotic|0 fnt\n|faint|p1a: Milotic\n|\n|-damage|p2b: Empoleon|95\/100 brn|[from] brn\n|upkeep\n|\n|t:|1699888445\n|switch|p1a: Breloom|Breloom, L50, M|100\/100\n|turn|2\n|\n|t:|1699888454\n|-terastallize|p1a: Breloom|Rock\n|move|p1b: Sableye|Encore|p2b: Empoleon\n|-start|p2b: Empoleon|Encore\n|move|p1a: Breloom|Rock Tomb|p2a: Ogerpon\n|-supereffective|p2a: Ogerpon\n|-damage|p2a: Ogerpon|0 fnt\n|faint|p2a: Ogerpon\n|move|p2b: Empoleon|Helping Hand|null|[notarget]\n|-fail|p2b: Empoleon\n|\n|-damage|p2b: Empoleon|89\/100 brn|[from] brn\n|upkeep\n|\n|t:|1699888466\n|switch|p2a: Landorus|Landorus-Therian, L50, M|100\/100\n|-ability|p2a: Landorus|Intimidate|boost\n|-unboost|p1a: Breloom|atk|1\n|-unboost|p1b: Sableye|atk|1\n|turn|3\n|\n|t:|1699888480\n|switch|p1a: Chien-Pao|Chien-Pao, L50|100\/100\n|-ability|p1a: Chien-Pao|Sword of Ruin\n|switch|p2b: Regieleki|Regieleki, L50|100\/100\n|move|p1b: Sableye|Will-O-Wisp|p2a: Landorus\n|-status|p2a: Landorus|brn\n|move|p2a: Landorus|Stomping Tantrum|p1a: Chien-Pao\n|-damage|p1a: Chien-Pao|75\/100\n|\n|-damage|p2a: Landorus|95\/100 brn|[from] brn\n|upkeep\n|turn|4\n|\n|t:|1699888501\n|switch|p2a: Empoleon|Empoleon, L50, F|89\/100 brn\n|move|p1a: Chien-Pao|Protect|p1a: Chien-Pao\n|-singleturn|p1a: Chien-Pao|Protect\n|move|p1b: Sableye|Encore||[still]\n|-fail|p1b: Sableye\n|move|p2b: Regieleki|Electroweb|p1b: Sableye|[spread] p1b\n|-activate|p1a: Chien-Pao|move: Protect\n|-damage|p1b: Sableye|78\/100\n|-unboost|p1b: Sableye|spe|1\n|\n|-damage|p2a: Empoleon|83\/100 brn|[from] brn\n|upkeep\n|turn|5\n|\n|t:|1699888523\n|move|p1b: Sableye|Disable|p2b: Regieleki\n|-start|p2b: Regieleki|Disable|Electroweb\n|cant|p2b: Regieleki|Disable|Electroweb\n|move|p1a: Chien-Pao|Sacred Sword|p2a: Empoleon\n|-supereffective|p2a: Empoleon\n|-damage|p2a: Empoleon|12\/100 brn\n|-enditem|p2a: Empoleon|Sitrus Berry|[eat]\n|-heal|p2a: Empoleon|37\/100 brn|[from] item: Sitrus Berry\n|move|p2a: Empoleon|Flash Cannon|p1a: Chien-Pao\n|-supereffective|p1a: Chien-Pao\n|-damage|p1a: Chien-Pao|0 fnt\n|faint|p1a: Chien-Pao\n|\n|-damage|p2a: Empoleon|31\/100 brn|[from] brn\n|upkeep\n|\n|t:|1699888539\n|switch|p1a: Breloom|Breloom, L50, M, tera:Rock|100\/100\n|turn|6\n|\n|t:|1699888550\n|move|p2b: Regieleki|Protect|p2b: Regieleki\n|-singleturn|p2b: Regieleki|Protect\n|move|p1b: Sableye|Encore|p2b: Regieleki\n|-activate|p2b: Regieleki|move: Protect\n|move|p1a: Breloom|Bullet Seed|p2a: Empoleon\n|-damage|p2a: Empoleon|16\/100 brn\n|-damage|p2a: Empoleon|0 fnt\n|faint|p2a: Empoleon\n|-hitcount|p2: Empoleon|2\n|\n|upkeep\n|\n|t:|1699888558\n|switch|p2a: Landorus|Landorus-Therian, L50, M|95\/100 brn\n|-ability|p2a: Landorus|Intimidate|boost\n|-unboost|p1a: Breloom|atk|1\n|-unboost|p1b: Sableye|atk|1\n|turn|7\n|\n|t:|1699888579\n|-terastallize|p2b: Regieleki|Dragon\n|move|p1b: Sableye|Encore|p2b: Regieleki\n|-start|p2b: Regieleki|Encore\n|move|p2a: Landorus|Stomping Tantrum|p1a: Breloom\n|-supereffective|p1a: Breloom\n|-damage|p1a: Breloom|35\/100\n|move|p2b: Regieleki|Protect|p2b: Regieleki\n|-singleturn|p2b: Regieleki|Protect\n|move|p1a: Breloom|Bullet Seed|p2a: Landorus\n|-damage|p2a: Landorus|79\/100 brn\n|-damage|p2a: Landorus|66\/100 brn\n|-crit|p2a: Landorus\n|-damage|p2a: Landorus|34\/100 brn\n|-damage|p2a: Landorus|20\/100 brn\n|-hitcount|p2a: Landorus|4\n|\n|-damage|p2a: Landorus|14\/100 brn|[from] brn\n|upkeep\n|turn|8\n|inactive|Solo Kelley has 30 seconds left.\n|\n|t:|1699888605\n|move|p2b: Regieleki|Protect||[still]\n|-fail|p2b: Regieleki\n|move|p1b: Sableye|Disable|p2a: Landorus\n|-start|p2a: Landorus|Disable|Stomping Tantrum\n|cant|p2a: Landorus|Disable|Stomping Tantrum\n|move|p1a: Breloom|Bullet Seed|p2a: Landorus\n|-crit|p2a: Landorus\n|-damage|p2a: Landorus|0 fnt\n|faint|p2a: Landorus\n|-hitcount|p2: Landorus|1\n|\n|-end|p2b: Regieleki|Disable\n|upkeep\n|turn|9\n|\n|t:|1699888626\n|move|p2b: Regieleki|Protect|p2b: Regieleki\n|-singleturn|p2b: Regieleki|Protect\n|move|p1b: Sableye|Will-O-Wisp|p2b: Regieleki\n|-activate|p2b: Regieleki|move: Protect\n|move|p1a: Breloom|Bullet Seed|p2b: Regieleki\n|-activate|p2b: Regieleki|move: Protect\n|\n|-end|p2b: Regieleki|Encore\n|upkeep\n|turn|10\n|\n|t:|1699888639\n|move|p1b: Sableye|Encore|p2b: Regieleki\n|-start|p2b: Regieleki|Encore\n|move|p2b: Regieleki|Protect||[still]\n|-fail|p2b: Regieleki\n|move|p1a: Breloom|Bullet Seed|p2b: Regieleki\n|-resisted|p2b: Regieleki\n|-damage|p2b: Regieleki|92\/100\n|-resisted|p2b: Regieleki\n|-damage|p2b: Regieleki|85\/100\n|-hitcount|p2b: Regieleki|2\n|\n|upkeep\n|turn|11\n|-message|Guazza96 forfeited.\n|\n|win|Solo Kelley\n|raw|Solo Kelley's rating: 1110 &rarr; <strong>1135<\/strong><br \/>(+25 for winning)\n|raw|Guazza96's rating: 1114 &rarr; <strong>1089<\/strong><br \/>(-25 for losing)\n|l|\u2606Guazza96\n","uploadtime":1699888808,"views":26,"p1id":"solokelley","p2id":"guazza96","formatid":"gen9vgc2023regulatione","rating":1089,"private":0,"password":""}