{"id":"gen9vgc2023regulatione-1999133386","p1":"Obello","p2":"brunikolas","format":"[Gen 9] VGC 2023 Regulation E","log":"|j|\u2606Obello\n|j|\u2606brunikolas\n|t:|1701036748\n|gametype|doubles\n|player|p1|Obello|bellelba|1084\n|player|p2|brunikolas|2|1114\n|teamsize|p1|6\n|teamsize|p2|6\n|gen|9\n|tier|[Gen 9] VGC 2023 Regulation E\n|rated|\n|rule|Species Clause: Limit one of each Pok\u00e9mon\n|rule|Item Clause: Limit one of each item\n|clearpoke\n|poke|p1|Torkoal, L50, F|\n|poke|p1|Chi-Yu, L50|\n|poke|p1|Slither Wing, L50|\n|poke|p1|Roaring Moon, L50|\n|poke|p1|Lilligant, L50, F|\n|poke|p1|Trevenant, L50, F|\n|poke|p2|Dragonite, L50, M|\n|poke|p2|Weezing-Galar, L50, F|\n|poke|p2|Zoroark-Hisui, L50, F|\n|poke|p2|Iron Hands, L50|\n|poke|p2|Flutter Mane, L50|\n|poke|p2|Roaring Moon, L50|\n|teampreview|4\n|inactive|Battle timer is ON: inactive players will automatically lose when time's up. (requested by Obello)\n|inactive|brunikolas has 60 seconds left.\n|\n|t:|1701036789\n|start\n|switch|p1a: Torkoal|Torkoal, L50, F|100\/100\n|switch|p1b: Trevenant|Trevenant, L50, F|100\/100\n|switch|p2a: Roaring Moon|Roaring Moon, L50|100\/100\n|switch|p2b: Flutter Mane|Flutter Mane, L50|100\/100\n|-weather|SunnyDay|[from] ability: Drought|[of] p1a: Torkoal\n|-activate|p2b: Flutter Mane|ability: Protosynthesis\n|-start|p2b: Flutter Mane|protosynthesisspa\n|-activate|p2a: Roaring Moon|ability: Protosynthesis\n|-start|p2a: Roaring Moon|protosynthesisspe\n|turn|1\n|inactive|Obello has 30 seconds left.\n|inactive|brunikolas has 30 seconds left.\n|inactive|Obello has 20 seconds left.\n|inactive|Obello has 15 seconds left.\n|\n|t:|1701036831\n|move|p2a: Roaring Moon|Knock Off|p1a: Torkoal\n|-damage|p1a: Torkoal|63\/100\n|-enditem|p1a: Torkoal|Leftovers|[from] move: Knock Off|[of] p2a: Roaring Moon\n|move|p1b: Trevenant|Will-O-Wisp|p2a: Roaring Moon\n|-status|p2a: Roaring Moon|brn\n|move|p1a: Torkoal|Eruption|p2b: Flutter Mane|[spread] p2a,p2b\n|-resisted|p2a: Roaring Moon\n|-damage|p2a: Roaring Moon|86\/100 brn\n|-damage|p2b: Flutter Mane|67\/100\n|move|p2b: Flutter Mane|Trick Room|p2b: Flutter Mane\n|-fieldstart|move: Trick Room|[of] p2b: Flutter Mane\n|\n|-weather|SunnyDay|[upkeep]\n|-damage|p2a: Roaring Moon|80\/100 brn|[from] brn\n|upkeep\n|turn|2\n|inactive|Obello has 30 seconds left.\n|\n|t:|1701036863\n|move|p1a: Torkoal|Helping Hand|p1b: Trevenant\n|-singleturn|p1b: Trevenant|Helping Hand|[of] p1a: Torkoal\n|move|p1b: Trevenant|Poltergeist|p2b: Flutter Mane\n|-activate|p2b: Flutter Mane|move: Poltergeist|Pixie Plate\n|-supereffective|p2b: Flutter Mane\n|-damage|p2b: Flutter Mane|0 fnt\n|faint|p2b: Flutter Mane\n|-end|p2b: Flutter Mane|Protosynthesis|[silent]\n|move|p2a: Roaring Moon|Knock Off|p1b: Trevenant\n|-supereffective|p1b: Trevenant\n|-damage|p1b: Trevenant|45\/100\n|-enditem|p1b: Trevenant|Sitrus Berry|[from] move: Knock Off|[of] p2a: Roaring Moon\n|\n|-weather|SunnyDay|[upkeep]\n|-damage|p2a: Roaring Moon|74\/100 brn|[from] brn\n|upkeep\n|\n|t:|1701036877\n|switch|p2b: Iron Hands|Iron Hands, L50|100\/100\n|turn|3\n|\n|t:|1701036887\n|-terastallize|p1a: Torkoal|Ground\n|move|p2b: Iron Hands|Fake Out|p1a: Torkoal\n|-damage|p1a: Torkoal|51\/100\n|cant|p1a: Torkoal|flinch\n|move|p1b: Trevenant|Will-O-Wisp|p2b: Iron Hands\n|-status|p2b: Iron Hands|brn\n|move|p2a: Roaring Moon|Acrobatics|p1b: Trevenant\n|-supereffective|p1b: Trevenant\n|-crit|p1b: Trevenant\n|-damage|p1b: Trevenant|10\/100\n|\n|-weather|SunnyDay|[upkeep]\n|-damage|p2b: Iron Hands|94\/100 brn|[from] brn\n|-damage|p2a: Roaring Moon|68\/100 brn|[from] brn\n|upkeep\n|turn|4\n|inactive|brunikolas has 30 seconds left.\n|inactive|brunikolas has 20 seconds left.\n|\n|t:|1701036924\n|-end|p2a: Roaring Moon|Protosynthesis|[silent]\n|switch|p2a: Weezing|Weezing-Galar, L50, F|100\/100\n|-ability|p2a: Weezing|Neutralizing Gas\n|move|p1a: Torkoal|Earth Power|p2b: Iron Hands\n|-supereffective|p2b: Iron Hands\n|-damage|p2b: Iron Hands|64\/100 brn\n|-unboost|p2b: Iron Hands|spd|1\n|move|p2b: Iron Hands|Drain Punch|p1a: Torkoal\n|-damage|p1a: Torkoal|36\/100\n|-heal|p2b: Iron Hands|70\/100 brn|[from] drain|[of] p1a: Torkoal\n|move|p1b: Trevenant|Poltergeist|p2b: Iron Hands\n|-activate|p2b: Iron Hands|move: Poltergeist|Assault Vest\n|-damage|p2b: Iron Hands|43\/100 brn\n|\n|-weather|SunnyDay|[upkeep]\n|-damage|p2b: Iron Hands|37\/100 brn|[from] brn\n|upkeep\n|turn|5\n|inactive|Obello has 30 seconds left.\n|inactive|brunikolas has 30 seconds left.\n|\n|t:|1701036951\n|move|p1a: Torkoal|Earth Power|p2b: Iron Hands\n|-supereffective|p2b: Iron Hands\n|-damage|p2b: Iron Hands|0 fnt\n|faint|p2b: Iron Hands\n|-end|p2b: Iron Hands|Quark Drive|[silent]\n|move|p1b: Trevenant|Will-O-Wisp|p2a: Weezing\n|-status|p2a: Weezing|brn\n|move|p2a: Weezing|Dazzling Gleam|p1a: Torkoal|[spread] p1a,p1b\n|-damage|p1a: Torkoal|17\/100\n|-damage|p1b: Trevenant|0 fnt\n|faint|p1b: Trevenant\n|\n|-weather|none\n|-damage|p2a: Weezing|95\/100 brn|[from] brn\n|-fieldend|move: Trick Room\n|upkeep\n|\n|t:|1701036967\n|switch|p1b: Roaring Moon|Roaring Moon, L50|100\/100\n|switch|p2b: Roaring Moon|Roaring Moon, L50|68\/100 brn\n|-enditem|p2b: Roaring Moon|Booster Energy\n|-activate|p2b: Roaring Moon|ability: Protosynthesis|[fromitem]\n|-start|p2b: Roaring Moon|protosynthesisspe\n|turn|6\n|\n|t:|1701036985\n|move|p2b: Roaring Moon|Acrobatics|p1b: Roaring Moon\n|-damage|p1b: Roaring Moon|77\/100\n|move|p1b: Roaring Moon|Sunny Day|p1b: Roaring Moon\n|-weather|SunnyDay\n|-activate|p1b: Roaring Moon|ability: Protosynthesis\n|-start|p1b: Roaring Moon|protosynthesisatk\n|move|p2a: Weezing|Dazzling Gleam|p1a: Torkoal|[spread] p1a,p1b\n|-supereffective|p1b: Roaring Moon\n|-damage|p1a: Torkoal|1\/100\n|-damage|p1b: Roaring Moon|1\/100\n|move|p1a: Torkoal|Earth Power|p2a: Weezing\n|-supereffective|p2a: Weezing\n|-damage|p2a: Weezing|31\/100 brn\n|\n|-weather|SunnyDay|[upkeep]\n|-heal|p2a: Weezing|37\/100 brn|[from] item: Leftovers\n|-damage|p2b: Roaring Moon|62\/100 brn|[from] brn\n|-damage|p2a: Weezing|31\/100 brn|[from] brn\n|upkeep\n|turn|7\n|\n|t:|1701037008\n|move|p2b: Roaring Moon|Acrobatics|p1b: Roaring Moon\n|-damage|p1b: Roaring Moon|0 fnt\n|faint|p1b: Roaring Moon\n|-end|p1b: Roaring Moon|Protosynthesis|[silent]\n|move|p2a: Weezing|Dazzling Gleam|p1a: Torkoal\n|-damage|p1a: Torkoal|0 fnt\n|faint|p1a: Torkoal\n|\n|-weather|SunnyDay|[upkeep]\n|-heal|p2a: Weezing|37\/100 brn|[from] item: Leftovers\n|-damage|p2b: Roaring Moon|56\/100 brn|[from] brn\n|-damage|p2a: Weezing|31\/100 brn|[from] brn\n|upkeep\n|inactive|Obello has 30 seconds left.\n|\n|t:|1701037036\n|switch|p1b: Chi-Yu|Chi-Yu, L50|100\/100\n|turn|8\n|\n|t:|1701037049\n|move|p2b: Roaring Moon|Acrobatics|p1b: Chi-Yu\n|-damage|p1b: Chi-Yu|70\/100\n|move|p1b: Chi-Yu|Heat Wave|p2b: Roaring Moon|[spread] p2a,p2b\n|-resisted|p2b: Roaring Moon\n|-damage|p2a: Weezing|0 fnt\n|-damage|p2b: Roaring Moon|23\/100 brn\n|faint|p2a: Weezing\n|-end|p2a: Weezing|ability: Neutralizing Gas\n|-ability|p1b: Chi-Yu|Beads of Ruin\n|-damage|p1b: Chi-Yu|60\/100|[from] item: Life Orb\n|\n|-weather|SunnyDay|[upkeep]\n|-damage|p2b: Roaring Moon|17\/100 brn|[from] brn\n|upkeep\n|turn|9\n|inactive|brunikolas has 30 seconds left.\n|\n|t:|1701037078\n|move|p2b: Roaring Moon|Acrobatics|p1b: Chi-Yu\n|-damage|p1b: Chi-Yu|27\/100\n|move|p1b: Chi-Yu|Heat Wave|p2b: Roaring Moon\n|-resisted|p2b: Roaring Moon\n|-damage|p2b: Roaring Moon|0 fnt\n|faint|p2b: Roaring Moon\n|-end|p2b: Roaring Moon|Protosynthesis|[silent]\n|-damage|p1b: Chi-Yu|17\/100|[from] item: Life Orb\n|\n|win|Obello\n|raw|Obello's rating: 1084 &rarr; <strong>1114<\/strong><br \/>(+30 for winning)\n|raw|brunikolas's rating: 1114 &rarr; <strong>1087<\/strong><br \/>(-27 for losing)\n|l|\u2606Obello\n","uploadtime":1701037087,"views":9,"p1id":"obello","p2id":"brunikolas","formatid":"gen9vgc2023regulatione","rating":1087,"private":0,"password":""}