{"id":"gen9vgc2023regulatione-1991805553","p1":"Jdkisawesome","p2":"jeikono","format":"[Gen 9] VGC 2023 Regulation E","log":"|j|\u2606Jdkisawesome\n|j|\u2606jeikono\n|t:|1700120689\n|gametype|doubles\n|player|p1|Jdkisawesome|265|1082\n|player|p2|jeikono|whitney|1104\n|teamsize|p1|6\n|teamsize|p2|4\n|gen|9\n|tier|[Gen 9] VGC 2023 Regulation E\n|rated|\n|rule|Species Clause: Limit one of each Pok\u00e9mon\n|rule|Item Clause: Limit one of each item\n|clearpoke\n|poke|p1|Chien-Pao, L50|\n|poke|p1|Roaring Moon, L50|\n|poke|p1|Flutter Mane, L50|\n|poke|p1|Urshifu-*, L50, F|\n|poke|p1|Iron Hands, L50|\n|poke|p1|Ting-Lu, L50|\n|poke|p2|Sableye, L50, M|\n|poke|p2|Maushold, L50|\n|poke|p2|Sinistcha-Masterpiece, L50|\n|poke|p2|Garganacl, L50, F|\n|teampreview|4\n|inactive|Battle timer is ON: inactive players will automatically lose when time's up. (requested by jeikono)\njeikono rejected open team sheets.\n|\n|t:|1700120707\n|start\n|switch|p1a: Urshifu|Urshifu, L50, F|100\/100\n|switch|p1b: Ting-Lu|Ting-Lu, L50|100\/100\n|switch|p2a: Sinistcha|Sinistcha-Masterpiece, L50|100\/100\n|switch|p2b: Sableye|Sableye, L50, M|100\/100\n|-ability|p1b: Ting-Lu|Vessel of Ruin\n|turn|1\n|inactive|Jdkisawesome has 30 seconds left.\n|\n|t:|1700120734\n|move|p2b: Sableye|Gravity|p2b: Sableye\n|-fieldstart|move: Gravity\n|move|p1a: Urshifu|Wicked Blow|p2a: Sinistcha\n|-supereffective|p2a: Sinistcha\n|-crit|p2a: Sinistcha\n|-enditem|p2a: Sinistcha|Focus Sash\n|-damage|p2a: Sinistcha|1\/100\n|move|p2a: Sinistcha|Matcha Gotcha|p1a: Urshifu|[spread] p1a,p1b\n|-supereffective|p1b: Ting-Lu\n|-damage|p1a: Urshifu|69\/100\n|-heal|p2a: Sinistcha|20\/100|[from] drain|[of] p1a: Urshifu\n|-damage|p1b: Ting-Lu|71\/100\n|-heal|p2a: Sinistcha|39\/100|[from] drain|[of] p1b: Ting-Lu\n|move|p1b: Ting-Lu|Ruination|p2b: Sableye\n|-damage|p2b: Sableye|50\/100\n|-enditem|p2b: Sableye|Eject Button\n|\n|t:|1700120753\n|switch|p2b: Maushold|Maushold, L50|100\/100\n|\n|-heal|p1b: Ting-Lu|77\/100|[from] item: Leftovers\n|upkeep\n|turn|2\n|\n|t:|1700120773\n|move|p2b: Maushold|Population Bomb|p1a: Urshifu\n|-crit|p1a: Urshifu\n|-damage|p1a: Urshifu|54\/100\n|-damage|p1a: Urshifu|44\/100\n|-crit|p1a: Urshifu\n|-damage|p1a: Urshifu|29\/100\n|-damage|p1a: Urshifu|20\/100\n|-damage|p1a: Urshifu|10\/100\n|-damage|p1a: Urshifu|0 fnt\n|faint|p1a: Urshifu\n|-hitcount|p1: Urshifu|6\n|move|p2a: Sinistcha|Matcha Gotcha|p1b: Ting-Lu\n|-supereffective|p1b: Ting-Lu\n|-damage|p1b: Ting-Lu|38\/100\n|-heal|p2a: Sinistcha|64\/100|[from] drain|[of] p1b: Ting-Lu\n|move|p1b: Ting-Lu|Heavy Slam|p2a: Sinistcha\n|-damage|p2a: Sinistcha|28\/100\n|\n|-heal|p1b: Ting-Lu|44\/100|[from] item: Leftovers\n|upkeep\n|\n|t:|1700120792\n|switch|p1a: Flutter Mane|Flutter Mane, L50, shiny|100\/100\n|turn|3\n|\n|t:|1700120800\n|move|p1b: Ting-Lu|Protect|p1b: Ting-Lu\n|-singleturn|p1b: Ting-Lu|Protect\n|move|p1a: Flutter Mane|Moonblast|p2b: Maushold\n|-damage|p2b: Maushold|49\/100\n|-damage|p1a: Flutter Mane|91\/100|[from] item: Life Orb\n|move|p2b: Maushold|Beat Up|p1a: Flutter Mane\n|-damage|p1a: Flutter Mane|84\/100\n|-damage|p1a: Flutter Mane|76\/100\n|-damage|p1a: Flutter Mane|68\/100\n|-damage|p1a: Flutter Mane|60\/100\n|-hitcount|p1a: Flutter Mane|4\n|move|p2a: Sinistcha|Matcha Gotcha|p1b: Ting-Lu|[spread] p1a\n|-activate|p1b: Ting-Lu|move: Protect\n|-damage|p1a: Flutter Mane|37\/100\n|-heal|p2a: Sinistcha|38\/100|[from] drain|[of] p1a: Flutter Mane\n|\n|-heal|p1b: Ting-Lu|50\/100|[from] item: Leftovers\n|upkeep\n|turn|4\n|inactive|Jdkisawesome has 30 seconds left.\n|\n|t:|1700120828\n|move|p1a: Flutter Mane|Moonblast|p2b: Maushold\n|-damage|p2b: Maushold|0 fnt\n|faint|p2b: Maushold\n|-damage|p1a: Flutter Mane|28\/100|[from] item: Life Orb\n|move|p2a: Sinistcha|Shadow Ball|p1a: Flutter Mane\n|-supereffective|p1a: Flutter Mane\n|-damage|p1a: Flutter Mane|0 fnt\n|faint|p1a: Flutter Mane\n|-end|p1a: Flutter Mane|Protosynthesis|[silent]\n|move|p1b: Ting-Lu|Stomping Tantrum|p2a: Sinistcha\n|-resisted|p2a: Sinistcha\n|-damage|p2a: Sinistcha|20\/100\n|\n|-heal|p1b: Ting-Lu|56\/100|[from] item: Leftovers\n|upkeep\n|\n|t:|1700120845\n|switch|p1a: Iron Hands|Iron Hands, L50, shiny|100\/100\n|switch|p2b: Sableye|Sableye, L50, M|50\/100\n|turn|5\n|inactive|Jdkisawesome has 30 seconds left.\n|\n|t:|1700120875\n|move|p2a: Sinistcha|Matcha Gotcha|p1b: Ting-Lu|[spread] p1a,p1b\n|-supereffective|p1b: Ting-Lu\n|-damage|p1a: Iron Hands|87\/100\n|-heal|p2a: Sinistcha|30\/100|[from] drain|[of] p1a: Iron Hands\n|-damage|p1b: Ting-Lu|28\/100\n|-heal|p2a: Sinistcha|48\/100|[from] drain|[of] p1b: Ting-Lu\n|-status|p1b: Ting-Lu|brn\n|move|p1a: Iron Hands|Thunder Punch|p2a: Sinistcha\n|-resisted|p2a: Sinistcha\n|-damage|p2a: Sinistcha|27\/100\n|move|p2b: Sableye|Knock Off|p1b: Ting-Lu\n|-resisted|p1b: Ting-Lu\n|-damage|p1b: Ting-Lu|20\/100 brn\n|-enditem|p1b: Ting-Lu|Leftovers|[from] move: Knock Off|[of] p2b: Sableye\n|move|p1b: Ting-Lu|Stomping Tantrum|p2b: Sableye\n|-damage|p2b: Sableye|34\/100\n|\n|-damage|p1b: Ting-Lu|13\/100 brn|[from] brn\n|-fieldend|move: Gravity\n|upkeep\n|turn|6\n|inactive|Jdkisawesome has 30 seconds left.\n|inactive|jeikono has 30 seconds left.\n|inactive|Jdkisawesome has 20 seconds left.\n|inactive|jeikono has 20 seconds left.\n|\n|t:|1700120913\n|-terastallize|p1a: Iron Hands|Grass\n|move|p2b: Sableye|Disable|p1a: Iron Hands\n|-start|p1a: Iron Hands|Disable|Thunder Punch\n|move|p2a: Sinistcha|Matcha Gotcha|p1a: Iron Hands|[spread] p1a,p1b\n|-resisted|p1a: Iron Hands\n|-supereffective|p1b: Ting-Lu\n|-damage|p1a: Iron Hands|80\/100\n|-heal|p2a: Sinistcha|31\/100|[from] drain|[of] p1a: Iron Hands\n|-damage|p1b: Ting-Lu|0 fnt\n|-heal|p2a: Sinistcha|40\/100|[from] drain|[of] p1b: Ting-Lu\n|faint|p1b: Ting-Lu\n|cant|p1a: Iron Hands|Disable|Thunder Punch\n|\n|upkeep\n|turn|7\n|\n|t:|1700120935\n|move|p2b: Sableye|Encore|p1a: Iron Hands\n|-start|p1a: Iron Hands|Encore\n|move|p2a: Sinistcha|Shadow Ball|p1a: Iron Hands\n|-damage|p1a: Iron Hands|56\/100\n|cant|p1a: Iron Hands|Disable|Thunder Punch\n|\n|upkeep\n|turn|8\n|-message|Jdkisawesome forfeited.\n|\n|win|jeikono\n|raw|Jdkisawesome's rating: 1082 &rarr; <strong>1061<\/strong><br \/>(-21 for losing)\n|raw|jeikono's rating: 1104 &rarr; <strong>1127<\/strong><br \/>(+23 for winning)\n|l|\u2606Jdkisawesome\n","uploadtime":1700120945,"views":17,"p1id":"jdkisawesome","p2id":"jeikono","formatid":"gen9vgc2023regulatione","rating":1061,"private":0,"password":""}