{"id":"gen9vgc2023regulatione-1991540576","p1":"Dumdunsparce","p2":"Hikaru_VT1","format":"[Gen 9] VGC 2023 Regulation E","log":"|j|\u2606Dumdunsparce\n|j|\u2606Hikaru_VT1\n|t:|1700086450\n|gametype|doubles\n|player|p1|Dumdunsparce|harlequin|1340\n|player|p2|Hikaru_VT1|265|1397\n|teamsize|p1|6\n|teamsize|p2|6\n|gen|9\n|tier|[Gen 9] VGC 2023 Regulation E\n|rated|\n|rule|Species Clause: Limit one of each Pok\u00e9mon\n|rule|Item Clause: Limit one of each item\n|clearpoke\n|poke|p1|Thundurus, L50, M|\n|poke|p1|Rillaboom, L50, M|\n|poke|p1|Gholdengo, L50|\n|poke|p1|Roaring Moon, L50|\n|poke|p1|Slowbro, L50, F|\n|poke|p1|Tauros-Paldea-Blaze, L50, M|\n|poke|p2|Tornadus, L50, M|\n|poke|p2|Landorus-Therian, L50, M|\n|poke|p2|Flutter Mane, L50|\n|poke|p2|Torkoal, L50, M|\n|poke|p2|Lilligant-Hisui, L50, F|\n|poke|p2|Iron Bundle, L50|\n|teampreview|4\n|inactive|Battle timer is ON: inactive players will automatically lose when time's up. (requested by Hikaru_VT1)\n|inactive|Dumdunsparce has 60 seconds left.\n|\n|t:|1700086494\n|start\n|switch|p1a: Rillaboom|Rillaboom, L50, M|100\/100\n|switch|p1b: Thundurus|Thundurus, L50, M|100\/100\n|switch|p2a: Lilligant|Lilligant-Hisui, L50, F|100\/100\n|switch|p2b: Torkoal|Torkoal, L50, M|100\/100\n|-fieldstart|move: Grassy Terrain|[from] ability: Grassy Surge|[of] p1a: Rillaboom\n|-enditem|p1b: Thundurus|Grassy Seed\n|-boost|p1b: Thundurus|def|1|[from] item: Grassy Seed\n|-weather|SunnyDay|[from] ability: Drought|[of] p2b: Torkoal\n|turn|1\n|inactive|Hikaru_VT1 has 30 seconds left.\n|\n|t:|1700086522\n|move|p1a: Rillaboom|Fake Out|p2b: Torkoal\n|-damage|p2b: Torkoal|89\/100\n|move|p2a: Lilligant|Sleep Powder|p1b: Thundurus\n|-status|p1b: Thundurus|slp|[from] move: Sleep Powder\n|cant|p1b: Thundurus|slp\n|cant|p2b: Torkoal|flinch\n|\n|-weather|SunnyDay|[upkeep]\n|-heal|p2b: Torkoal|95\/100|[from] Grassy Terrain\n|upkeep\n|turn|2\n|inactive|Dumdunsparce has 30 seconds left.\n|\n|t:|1700086547\n|switch|p1b: Roaring Moon|Roaring Moon, L50|100\/100\n|-activate|p1b: Roaring Moon|ability: Protosynthesis\n|-start|p1b: Roaring Moon|protosynthesisspe\n|-terastallize|p1a: Rillaboom|Fire\n|move|p2a: Lilligant|Axe Kick|p1a: Rillaboom\n|-damage|p1a: Rillaboom|49\/100\n|-start|p1a: Rillaboom|confusion\n|-activate|p1a: Rillaboom|confusion\n|move|p1a: Rillaboom|High Horsepower|p2b: Torkoal\n|-supereffective|p2b: Torkoal\n|-damage|p2b: Torkoal|43\/100\n|move|p2b: Torkoal|Overheat|p1b: Roaring Moon\n|-resisted|p1b: Roaring Moon\n|-damage|p1b: Roaring Moon|72\/100\n|-unboost|p2b: Torkoal|spa|2\n|-enditem|p2b: Torkoal|Eject Pack\n|\n|t:|1700086564\n|switch|p2b: Tornadus|Tornadus, L50, M|100\/100\n|\n|-weather|SunnyDay|[upkeep]\n|-heal|p1b: Roaring Moon|78\/100|[from] Grassy Terrain\n|-heal|p1a: Rillaboom|55\/100|[from] Grassy Terrain\n|upkeep\n|turn|3\n|\n|t:|1700086587\n|switch|p1a: Gholdengo|Gholdengo, L50|100\/100\n|move|p1b: Roaring Moon|Protect|p1b: Roaring Moon\n|-singleturn|p1b: Roaring Moon|Protect\n|move|p2a: Lilligant|Sleep Powder|p1b: Roaring Moon\n|-activate|p1b: Roaring Moon|move: Protect\n|move|p2b: Tornadus|Bleakwind Storm|p1a: Gholdengo|[spread] p1a\n|-activate|p1b: Roaring Moon|move: Protect\n|-resisted|p1a: Gholdengo\n|-damage|p1a: Gholdengo|83\/100\n|\n|-weather|SunnyDay|[upkeep]\n|-heal|p1b: Roaring Moon|85\/100|[from] Grassy Terrain\n|-heal|p1a: Gholdengo|89\/100|[from] Grassy Terrain\n|upkeep\n|turn|4\n|\n|t:|1700086610\n|-end|p1b: Roaring Moon|Protosynthesis|[silent]\n|switch|p1b: Thundurus|Thundurus, L50, M|100\/100 slp\n|move|p2a: Lilligant|Protect|p2a: Lilligant\n|-singleturn|p2a: Lilligant|Protect\n|move|p2b: Tornadus|Tailwind|p2b: Tornadus\n|-sidestart|p2: Hikaru_VT1|move: Tailwind\n|move|p1a: Gholdengo|Make It Rain|p2a: Lilligant|[spread] p2b\n|-activate|p2a: Lilligant|move: Protect\n|-damage|p2b: Tornadus|32\/100\n|-unboost|p1a: Gholdengo|spa|1\n|\n|-weather|SunnyDay|[upkeep]\n|-heal|p1a: Gholdengo|95\/100|[from] Grassy Terrain\n|upkeep\n|turn|5\n|inactive|Hikaru_VT1 has 30 seconds left.\n|\n|t:|1700086636\n|switch|p2a: Landorus|Landorus-Therian, L50, M|100\/100\n|-ability|p2a: Landorus|Intimidate|boost\n|-unboost|p1a: Gholdengo|atk|1\n|-unboost|p1b: Thundurus|atk|1\n|-ability|p1b: Thundurus|Defiant|boost\n|-boost|p1b: Thundurus|atk|2\n|move|p2b: Tornadus|Bleakwind Storm|p1a: Gholdengo|[spread] p1a\n|-miss|p2b: Tornadus|p1b: Thundurus\n|-resisted|p1a: Gholdengo\n|-damage|p1a: Gholdengo|78\/100\n|cant|p1b: Thundurus|slp\n|move|p1a: Gholdengo|Nasty Plot|p1a: Gholdengo\n|-boost|p1a: Gholdengo|spa|2\n|\n|-weather|none\n|-heal|p1a: Gholdengo|84\/100|[from] Grassy Terrain\n|-fieldend|move: Grassy Terrain\n|upkeep\n|turn|6\n|\n|t:|1700086659\n|switch|p2b: Torkoal|Torkoal, L50, M|43\/100\n|-weather|SunnyDay|[from] ability: Drought|[of] p2b: Torkoal\n|-terastallize|p2a: Landorus|Fire\n|move|p1a: Gholdengo|Protect|p1a: Gholdengo\n|-singleturn|p1a: Gholdengo|Protect\n|move|p2a: Landorus|Swords Dance|p2a: Landorus\n|-boost|p2a: Landorus|atk|2\n|-curestatus|p1b: Thundurus|slp|[msg]\n|move|p1b: Thundurus|Acrobatics|p2a: Landorus\n|-damage|p2a: Landorus|10\/100\n|\n|-weather|SunnyDay|[upkeep]\n|upkeep\n|turn|7\n|j| Cloudwolfza\n|inactive|Dumdunsparce has 30 seconds left.\n|inactive|Hikaru_VT1 has 30 seconds left.\n|inactive|Dumdunsparce has 20 seconds left.\n|\n|t:|1700086703\n|move|p2b: Torkoal|Helping Hand|p2a: Landorus\n|-singleturn|p2a: Landorus|Helping Hand|[of] p2b: Torkoal\n|move|p2a: Landorus|Earthquake|p1a: Gholdengo|[spread] p2b,p1a\n|-immune|p1b: Thundurus\n|-supereffective|p2b: Torkoal\n|-supereffective|p1a: Gholdengo\n|-damage|p2b: Torkoal|0 fnt\n|-damage|p1a: Gholdengo|0 fnt\n|faint|p2b: Torkoal\n|faint|p1a: Gholdengo\n|move|p1b: Thundurus|Acrobatics|p2a: Landorus\n|-damage|p2a: Landorus|0 fnt\n|faint|p2a: Landorus\n|\n|-weather|SunnyDay|[upkeep]\n|-sideend|p2: Hikaru_VT1|move: Tailwind\n|upkeep\n|\n|t:|1700086721\n|switch|p1a: Rillaboom|Rillaboom, L50, M, tera:Fire|55\/100\n|switch|p2a: Tornadus|Tornadus, L50, M|32\/100\n|switch|p2b: Lilligant|Lilligant-Hisui, L50, F|100\/100\n|-fieldstart|move: Grassy Terrain|[from] ability: Grassy Surge|[of] p1a: Rillaboom\n|turn|8\n|\n|t:|1700086738\n|move|p2b: Lilligant|Protect|p2b: Lilligant\n|-singleturn|p2b: Lilligant|Protect\n|move|p1a: Rillaboom|Fake Out|p2b: Lilligant\n|-activate|p2b: Lilligant|move: Protect\n|move|p2a: Tornadus|Bleakwind Storm|p1b: Thundurus|[spread] p1a,p1b\n|-resisted|p1b: Thundurus\n|-damage|p1a: Rillaboom|29\/100\n|-damage|p1b: Thundurus|77\/100\n|-unboost|p1a: Rillaboom|spe|1\n|-unboost|p1b: Thundurus|spe|1\n|-ability|p1b: Thundurus|Defiant|boost\n|-boost|p1b: Thundurus|atk|2\n|move|p1b: Thundurus|Acrobatics|p2b: Lilligant\n|-activate|p2b: Lilligant|move: Protect\n|\n|-weather|SunnyDay|[upkeep]\n|-heal|p1a: Rillaboom|35\/100|[from] Grassy Terrain\n|upkeep\n|turn|9\n|\n|t:|1700086758\n|move|p1a: Rillaboom|Grassy Glide|p2b: Lilligant\n|-resisted|p2b: Lilligant\n|-damage|p2b: Lilligant|70\/100\n|move|p2b: Lilligant|Sleep Powder|p1b: Thundurus|[miss]\n|-miss|p2b: Lilligant|p1b: Thundurus\n|move|p2a: Tornadus|Bleakwind Storm|p1a: Rillaboom|[spread] p1a\n|-miss|p2a: Tornadus|p1b: Thundurus\n|-damage|p1a: Rillaboom|8\/100\n|move|p1b: Thundurus|Acrobatics|p2b: Lilligant\n|-supereffective|p2b: Lilligant\n|-damage|p2b: Lilligant|0 fnt\n|faint|p2b: Lilligant\n|\n|-weather|SunnyDay|[upkeep]\n|-heal|p1a: Rillaboom|14\/100|[from] Grassy Terrain\n|upkeep\n|turn|10\n|-message|Hikaru_VT1 forfeited.\n|\n|win|Dumdunsparce\n|raw|Dumdunsparce's rating: 1340 &rarr; <strong>1363<\/strong><br \/>(+23 for winning)\n|raw|Hikaru_VT1's rating: 1397 &rarr; <strong>1374<\/strong><br \/>(-23 for losing)\n|l|\u2606Hikaru_VT1\n","uploadtime":1700086772,"views":10,"p1id":"dumdunsparce","p2id":"hikaruvt1","formatid":"gen9vgc2023regulatione","rating":1363,"private":0,"password":""}