{"id":"gen9vgc2023regulatione-1988273769","p1":"TheMLGSquirtle","p2":"Maximkompy","format":"[Gen 9] VGC 2023 Regulation E","log":"|j|\u2606TheMLGSquirtle\n|j|\u2606Maximkompy\n|t:|1699699433\n|gametype|doubles\n|player|p1|TheMLGSquirtle|101|1157\n|player|p2|Maximkompy|266|1213\n|teamsize|p1|6\n|teamsize|p2|6\n|gen|9\n|tier|[Gen 9] VGC 2023 Regulation E\n|rated|\n|rule|Species Clause: Limit one of each Pok\u00e9mon\n|rule|Item Clause: Limit one of each item\n|clearpoke\n|poke|p1|Ninetales-Alola, L50, F|\n|poke|p1|Heatran, L50, M|\n|poke|p1|Baxcalibur, L50, F|\n|poke|p1|Iron Hands, L50|\n|poke|p1|Milotic, L50, F|\n|poke|p1|Sinistcha-Masterpiece, L50|\n|poke|p2|Sinistcha-Masterpiece, L50|\n|poke|p2|Iron Hands, L50|\n|poke|p2|Ursaluna-Bloodmoon, L50, M|\n|poke|p2|Kingambit, L50, F|\n|poke|p2|Cresselia, L50, F|\n|poke|p2|Scizor, L50, F|\n|teampreview|4\n|inactive|Battle timer is ON: inactive players will automatically lose when time's up. (requested by Maximkompy)\n|inactive|TheMLGSquirtle has 60 seconds left.\n|inactive|TheMLGSquirtle has 30 seconds left.\nMaximkompy rejected open team sheets.\n|\n|t:|1699699503\n|start\n|switch|p1a: Ninetales|Ninetales-Alola, L50, F|100\/100\n|switch|p1b: Iron Hands|Iron Hands, L50|100\/100\n|switch|p2a: Scizor|Scizor, L50, F|100\/100\n|switch|p2b: Cresselia|Cresselia, L50, F|100\/100\n|-weather|Snow|[from] ability: Snow Warning|[of] p1a: Ninetales\n|turn|1\n|\n|t:|1699699524\n|move|p1b: Iron Hands|Fake Out|p2a: Scizor\n|-resisted|p2a: Scizor\n|-damage|p2a: Scizor|93\/100\n|cant|p2a: Scizor|flinch\n|move|p1a: Ninetales|Aurora Veil|p1a: Ninetales\n|-sidestart|p1: TheMLGSquirtle|move: Aurora Veil\n|move|p2b: Cresselia|Trick Room|p2b: Cresselia\n|-fieldstart|move: Trick Room|[of] p2b: Cresselia\n|\n|-weather|Snow|[upkeep]\n|upkeep\n|turn|2\n|inactive|TheMLGSquirtle has 30 seconds left.\n|inactive|TheMLGSquirtle has 20 seconds left.\n|\n|t:|1699699560\n|switch|p1a: Heatran|Heatran, L50, M, shiny|100\/100\n|move|p2a: Scizor|Iron Head|p1a: Heatran\n|-resisted|p1a: Heatran\n|-damage|p1a: Heatran|90\/100\n|move|p1b: Iron Hands|Wild Charge|p2b: Cresselia\n|-damage|p2b: Cresselia|71\/100\n|-damage|p1b: Iron Hands|93\/100|[from] Recoil\n|move|p2b: Cresselia|Psychic|p1b: Iron Hands\n|-supereffective|p1b: Iron Hands\n|-damage|p1b: Iron Hands|76\/100\n|\n|-weather|Snow|[upkeep]\n|-heal|p2b: Cresselia|77\/100|[from] item: Leftovers\n|upkeep\n|turn|3\n|inactive|TheMLGSquirtle has 30 seconds left.\n|\n|t:|1699699586\n|switch|p2a: Iron Hands|Iron Hands, L50|100\/100\n|-enditem|p2a: Iron Hands|Booster Energy\n|-activate|p2a: Iron Hands|ability: Quark Drive|[fromitem]\n|-start|p2a: Iron Hands|quarkdriveatk\n|move|p1b: Iron Hands|Drain Punch|p2a: Iron Hands\n|-damage|p2a: Iron Hands|75\/100\n|-heal|p1b: Iron Hands|90\/100|[from] drain|[of] p2a: Iron Hands\n|move|p2b: Cresselia|Psychic|p1b: Iron Hands\n|-supereffective|p1b: Iron Hands\n|-damage|p1b: Iron Hands|73\/100\n|move|p1a: Heatran|Heat Wave|p2b: Cresselia|[spread] p2a,p2b\n|-damage|p2a: Iron Hands|42\/100\n|-damage|p2b: Cresselia|46\/100\n|-damage|p1a: Heatran|80\/100|[from] item: Life Orb\n|\n|-weather|Snow|[upkeep]\n|-heal|p2b: Cresselia|52\/100|[from] item: Leftovers\n|upkeep\n|turn|4\n|inactive|TheMLGSquirtle has 30 seconds left.\n|\n|t:|1699699613\n|-terastallize|p1a: Heatran|Grass\n|move|p2a: Iron Hands|Fake Out|p1a: Heatran\n|-damage|p1a: Heatran|69\/100\n|move|p1b: Iron Hands|Drain Punch|p2a: Iron Hands\n|-damage|p2a: Iron Hands|15\/100\n|-heal|p1b: Iron Hands|88\/100|[from] drain|[of] p2a: Iron Hands\n|move|p2b: Cresselia|Lunar Blessing|p2b: Cresselia|[spread] p2a,p2b\n|-heal|p2a: Iron Hands|40\/100\n|-heal|p2b: Cresselia|78\/100\n|cant|p1a: Heatran|flinch\n|\n|-weather|Snow|[upkeep]\n|-heal|p2b: Cresselia|84\/100|[from] item: Leftovers\n|upkeep\n|turn|5\n|\n|t:|1699699632\n|move|p2a: Iron Hands|Drain Punch|p1a: Heatran\n|-damage|p1a: Heatran|42\/100\n|-heal|p2a: Iron Hands|50\/100|[from] drain|[of] p1a: Heatran\n|move|p1b: Iron Hands|Drain Punch|p2a: Iron Hands\n|-damage|p2a: Iron Hands|25\/100\n|-heal|p1b: Iron Hands|100\/100|[from] drain|[of] p2a: Iron Hands\n|move|p2b: Cresselia|Lunar Blessing|p2b: Cresselia|[spread] p2a,p2b\n|-heal|p2a: Iron Hands|50\/100\n|-heal|p2b: Cresselia|100\/100\n|move|p1a: Heatran|Heat Wave|p2b: Cresselia|[spread] p2a,p2b\n|-damage|p2a: Iron Hands|15\/100\n|-damage|p2b: Cresselia|75\/100\n|-damage|p1a: Heatran|33\/100|[from] item: Life Orb\n|\n|-weather|none\n|-heal|p2b: Cresselia|81\/100|[from] item: Leftovers\n|-fieldend|move: Trick Room\n|upkeep\n|turn|6\n|inactive|TheMLGSquirtle has 30 seconds left.\n|\n|t:|1699699659\n|-end|p1b: Iron Hands|Quark Drive|[silent]\n|switch|p1b: Sinistcha|Sinistcha-Masterpiece, L50|100\/100\n|-heal|p1a: Heatran|58\/100|[from] ability: Hospitality|[of] p1b: Sinistcha\n|move|p1a: Heatran|Heat Wave|p2a: Iron Hands|[spread] p2a,p2b\n|-damage|p2a: Iron Hands|0 fnt\n|-damage|p2b: Cresselia|53\/100\n|-status|p2b: Cresselia|brn\n|faint|p2a: Iron Hands\n|-end|p2a: Iron Hands|Quark Drive|[silent]\n|-damage|p1a: Heatran|48\/100|[from] item: Life Orb\n|move|p2b: Cresselia|Psychic|p1a: Heatran\n|-damage|p1a: Heatran|33\/100\n|\n|-heal|p2b: Cresselia|59\/100 brn|[from] item: Leftovers\n|-damage|p2b: Cresselia|53\/100 brn|[from] brn\n|upkeep\n|\n|t:|1699699669\n|switch|p2a: Scizor|Scizor, L50, F|93\/100\n|turn|7\n|\n|t:|1699699691\n|-terastallize|p2a: Scizor|Water\n|move|p1a: Heatran|Heat Wave|p2b: Cresselia|[spread] p2a,p2b\n|-resisted|p2a: Scizor\n|-damage|p2a: Scizor|65\/100\n|-damage|p2b: Cresselia|23\/100 brn\n|-damage|p1a: Heatran|23\/100|[from] item: Life Orb\n|move|p1b: Sinistcha|Matcha Gotcha|p2a: Scizor|[spread] \n|-miss|p1b: Sinistcha|p2a: Scizor\n|-miss|p1b: Sinistcha|p2b: Cresselia\n|move|p2a: Scizor|U-turn|p1a: Heatran\n|-supereffective|p1a: Heatran\n|-damage|p1a: Heatran|0 fnt\n|faint|p1a: Heatran\n|\n|t:|1699699705\n|switch|p2a: Kingambit|Kingambit, L50, F|100\/100|[from] U-turn\n|move|p2b: Cresselia|Trick Room|p2b: Cresselia\n|-fieldstart|move: Trick Room|[of] p2b: Cresselia\n|\n|-heal|p2b: Cresselia|29\/100 brn|[from] item: Leftovers\n|-damage|p2b: Cresselia|23\/100 brn|[from] brn\n|upkeep\n|\n|t:|1699699726\n|switch|p1a: Iron Hands|Iron Hands, L50|100\/100\n|turn|8\n|inactive|TheMLGSquirtle has 30 seconds left.\n|\n|t:|1699699752\n|switch|p1b: Ninetales|Ninetales-Alola, L50, F|100\/100\n|-weather|Snow|[from] ability: Snow Warning|[of] p1b: Ninetales\n|move|p2a: Kingambit|Kowtow Cleave|p1b: Ninetales\n|-resisted|p1b: Ninetales\n|-damage|p1b: Ninetales|82\/100\n|move|p1a: Iron Hands|Drain Punch|p2a: Kingambit\n|-supereffective|p2a: Kingambit\n|-damage|p2a: Kingambit|0 fnt\n|faint|p2a: Kingambit\n|move|p2b: Cresselia|Lunar Blessing|p2b: Cresselia\n|-heal|p2b: Cresselia|48\/100 brn\n|-curestatus|p2b: Cresselia|brn|[msg]\n|\n|-weather|Snow|[upkeep]\n|-heal|p2b: Cresselia|54\/100|[from] item: Leftovers\n|-sideend|p1: TheMLGSquirtle|move: Aurora Veil\n|upkeep\n|\n|t:|1699699761\n|switch|p2a: Scizor|Scizor, L50, F, tera:Water|65\/100\n|turn|9\n|\n|t:|1699699776\n|move|p1b: Ninetales|Protect|p1b: Ninetales\n|-singleturn|p1b: Ninetales|Protect\n|move|p2a: Scizor|Iron Head|p1b: Ninetales\n|-activate|p1b: Ninetales|move: Protect\n|move|p1a: Iron Hands|Wild Charge|p2a: Scizor\n|-supereffective|p2a: Scizor\n|-damage|p2a: Scizor|0 fnt\n|faint|p2a: Scizor\n|-damage|p1a: Iron Hands|88\/100|[from] Recoil\n|move|p2b: Cresselia|Lunar Blessing|p2b: Cresselia\n|-heal|p2b: Cresselia|79\/100\n|\n|-weather|Snow|[upkeep]\n|-heal|p2b: Cresselia|86\/100|[from] item: Leftovers\n|upkeep\n|turn|10\n|-message|Maximkompy forfeited.\n|\n|win|TheMLGSquirtle\n|raw|TheMLGSquirtle's rating: 1157 &rarr; <strong>1186<\/strong><br \/>(+29 for winning)\n|raw|Maximkompy's rating: 1213 &rarr; <strong>1184<\/strong><br \/>(-29 for losing)\n|l|\u2606Maximkompy\n","uploadtime":1699699805,"views":59,"p1id":"themlgsquirtle","p2id":"maximkompy","formatid":"gen9vgc2023regulatione","rating":1184,"private":0,"password":""}