{"id":"gen9vgc2023regulatione-1999370302","p1":"fukamiaoi","p2":"FISHTEAM","format":"[Gen 9] VGC 2023 Regulation E","log":"|j|\u2606fukamiaoi\n|j|\u2606FISHTEAM\n|t:|1701068524\n|gametype|doubles\n|player|p1|fukamiaoi|dawn-gen4pt|1101\n|player|p2|FISHTEAM|fisherman-gen4|1095\n|teamsize|p1|6\n|teamsize|p2|6\n|gen|9\n|tier|[Gen 9] VGC 2023 Regulation E\n|rated|\n|rule|Species Clause: Limit one of each Pok\u00e9mon\n|rule|Item Clause: Limit one of each item\n|clearpoke\n|poke|p1|Gholdengo, L50|\n|poke|p1|Golem, L50, M|\n|poke|p1|Cresselia, L50, F|\n|poke|p1|Iron Hands, L50|\n|poke|p1|Crawdaunt, L50, F|\n|poke|p1|Dragonite, L50, M|\n|poke|p2|Gyarados, L50, F|\n|poke|p2|Overqwil, L50, F|\n|poke|p2|Basculegion-F, L50, F|\n|poke|p2|Chi-Yu, L50|\n|poke|p2|Palafin, L50, M|\n|poke|p2|Eelektross, L50, F|\n|teampreview|4\n|inactive|Battle timer is ON: inactive players will automatically lose when time's up. (requested by fukamiaoi)\n|inactive|FISHTEAM has 60 seconds left.\n|\n|t:|1701068590\n|start\n|switch|p1a: Cresselia|Cresselia, L50, F|100\/100\n|switch|p1b: Iron Hands|Iron Hands, L50|100\/100\n|switch|p2a: fish!|Gyarados, L50, F|100\/100\n|switch|p2b: \"fish\"|Chi-Yu, L50|100\/100\n|-ability|p2b: \"fish\"|Beads of Ruin\n|-ability|p2a: fish!|Intimidate|boost\n|-unboost|p1a: Cresselia|atk|1\n|-unboost|p1b: Iron Hands|atk|1\n|turn|1\n|inactive|FISHTEAM has 30 seconds left.\n|inactive|fukamiaoi has 30 seconds left.\n|inactive|FISHTEAM has 20 seconds left.\n|inactive|FISHTEAM has 15 seconds left.\n|\n|t:|1701068632\n|move|p1b: Iron Hands|Fake Out|p2b: \"fish\"\n|-damage|p2b: \"fish\"|84\/100\n|cant|p2b: \"fish\"|flinch\n|move|p2a: fish!|Thunder Wave|p1a: Cresselia\n|-status|p1a: Cresselia|par\n|cant|p1a: Cresselia|par\n|\n|upkeep\n|turn|2\n|\n|t:|1701068656\n|switch|p2b: fish?|Eelektross, L50, F|100\/100\n|-end|p1b: Iron Hands|Quark Drive|[silent]\n|switch|p1b: Dragonite|Dragonite, L50, M|100\/100\n|-terastallize|p2a: fish!|Ground\n|move|p2a: fish!|Earthquake|p1b: Dragonite|[spread] \n|-immune|p2b: fish?|[from] ability: Levitate\n|-immune|p1a: Cresselia|[from] ability: Levitate\n|-immune|p1b: Dragonite\n|cant|p1a: Cresselia|par\n|\n|upkeep\n|turn|3\n|inactive|FISHTEAM has 30 seconds left.\n|\n|t:|1701068682\n|move|p2b: fish?|Protect|p2b: fish?\n|-singleturn|p2b: fish?|Protect\n|move|p2a: fish!|Thunder Wave|p1b: Dragonite\n|-status|p1b: Dragonite|par\n|move|p1b: Dragonite|Dragon Dance|p1b: Dragonite\n|-boost|p1b: Dragonite|atk|1\n|-boost|p1b: Dragonite|spe|1\n|cant|p1a: Cresselia|par\n|\n|upkeep\n|turn|4\n|\n|t:|1701068700\n|move|p2a: fish!|Thunderbolt|p1b: Dragonite\n|-damage|p1b: Dragonite|94\/100 par\n|move|p2b: fish?|Thunderbolt|p1b: Dragonite\n|-damage|p1b: Dragonite|51\/100 par\n|move|p1b: Dragonite|Dragon Dance|p1b: Dragonite\n|-boost|p1b: Dragonite|atk|1\n|-boost|p1b: Dragonite|spe|1\n|move|p1a: Cresselia|Lunar Blessing|p1a: Cresselia|[spread] p1a,p1b\n|-curestatus|p1a: Cresselia|par|[msg]\n|-heal|p1b: Dragonite|76\/100 par\n|-curestatus|p1b: Dragonite|par|[msg]\n|\n|upkeep\n|turn|5\n|inactive|fukamiaoi has 30 seconds left.\n|inactive|FISHTEAM has 30 seconds left.\n|inactive|FISHTEAM has 20 seconds left.\n|inactive|FISHTEAM has 15 seconds left.\n|\n|t:|1701068743\n|move|p2b: fish?|Protect|p2b: fish?\n|-singleturn|p2b: fish?|Protect\n|move|p1b: Dragonite|Outrage|p2a: fish!\n|-damage|p2a: fish!|0 fnt\n|faint|p2a: fish!\n|move|p1a: Cresselia|Moonblast|p2b: fish?\n|-activate|p2b: fish?|move: Protect\n|\n|upkeep\n|\n|t:|1701068753\n|switch|p2a: fish.|Overqwil, L50, F|100\/100\n|-ability|p2a: fish.|Intimidate|boost\n|-unboost|p1a: Cresselia|atk|1\n|-fail|p1b: Dragonite|unboost|[from] item: Clear Amulet|[of] p1b: Dragonite\n|turn|6\n|\n|t:|1701068770\n|switch|p1a: Iron Hands|Iron Hands, L50|100\/100\n|move|p1b: Dragonite|Outrage|p2b: fish?|[from]lockedmove\n|-damage|p2b: fish?|0 fnt\n|faint|p2b: fish?\n|move|p2a: fish.|Destiny Bond|p2a: fish.\n|-singlemove|p2a: fish.|Destiny Bond\n|\n|upkeep\n|\n|t:|1701068779\n|switch|p2b: \"fish\"|Chi-Yu, L50|84\/100\n|-ability|p2b: \"fish\"|Beads of Ruin\n|turn|7\n|\n|t:|1701068792\n|move|p1a: Iron Hands|Fake Out|p2a: fish.\n|-damage|p2a: fish.|82\/100\n|move|p1b: Dragonite|Outrage|p2b: \"fish\"|[from]lockedmove\n|-damage|p2b: \"fish\"|0 fnt\n|faint|p2b: \"fish\"\n|-start|p1b: Dragonite|confusion|[fatigue]\n|cant|p2a: fish.|flinch\n|\n|upkeep\n|turn|8\n|\n|t:|1701068812\n|switch|p1b: Cresselia|Cresselia, L50, F|100\/100\n|move|p2a: fish.|Self-Destruct|p1a: Iron Hands|[spread] p1a,p1b\n|-damage|p1a: Iron Hands|68\/100\n|-damage|p1b: Cresselia|67\/100\n|faint|p2a: fish.\n|\n|win|fukamiaoi\n|raw|fukamiaoi's rating: 1101 &rarr; <strong>1126<\/strong><br \/>(+25 for winning)\n|raw|FISHTEAM's rating: 1095 &rarr; <strong>1071<\/strong><br \/>(-24 for losing)\n|l|\u2606FISHTEAM\n","uploadtime":1701068827,"views":14,"p1id":"fukamiaoi","p2id":"fishteam","formatid":"gen9vgc2023regulatione","rating":1071,"private":0,"password":""}