{"id":"gen9vgc2023regulatione-1989907173","p1":"kricketot marx","p2":"Termies","format":"[Gen 9] VGC 2023 Regulation E","log":"|j|\u2606kricketot marx\n|j|\u2606Termies\n|t:|1699905686\n|gametype|doubles\n|player|p1|kricketot marx|lyra-masters2|1389\n|player|p2|Termies|2|1327\n|teamsize|p1|6\n|teamsize|p2|6\n|gen|9\n|tier|[Gen 9] VGC 2023 Regulation E\n|rated|\n|rule|Species Clause: Limit one of each Pok\u00e9mon\n|rule|Item Clause: Limit one of each item\n|clearpoke\n|poke|p1|Chien-Pao, L50|\n|poke|p1|Dragonite, L50, M|\n|poke|p1|Rillaboom, L50, F|\n|poke|p1|Heatran, L50, F|\n|poke|p1|Urshifu-*, L50, F|\n|poke|p1|Farigiraf, L50, F|\n|poke|p2|Regidrago, L50|\n|poke|p2|Tornadus, L50, M|\n|poke|p2|Sneasler, L50, F|\n|poke|p2|Urshifu-*, L50, F|\n|poke|p2|Clefairy, L50, M|\n|poke|p2|Rillaboom, L50, F|\n|teampreview|4\nkricketot marx has agreed to open team sheets.\n|\n|t:|1699905733\n|start\n|switch|p1a: Heatran|Heatran, L50, F|100\/100\n|switch|p1b: Dragonite|Dragonite, L50, M|100\/100\n|switch|p2a: Regidrago|Regidrago, L50|100\/100\n|switch|p2b: Tornadus|Tornadus, L50, M|100\/100\n|turn|1\n|\n|t:|1699905774\n|-terastallize|p1b: Dragonite|Normal\n|move|p1b: Dragonite|Extreme Speed|p2a: Regidrago\n|-crit|p2a: Regidrago\n|-damage|p2a: Regidrago|0 fnt\n|faint|p2a: Regidrago\n|move|p2b: Tornadus|Tailwind|p2b: Tornadus\n|-sidestart|p2: Termies|move: Tailwind\n|move|p1a: Heatran|Heat Wave|p2b: Tornadus\n|-damage|p2b: Tornadus|57\/100\n|\n|upkeep\n|\n|t:|1699905790\n|switch|p2a: Urshifu|Urshifu-Rapid-Strike, L50, F|100\/100\n|turn|2\n|\n|t:|1699905819\n|-terastallize|p2a: Urshifu|Water\n|move|p2b: Tornadus|Protect|p2b: Tornadus\n|-singleturn|p2b: Tornadus|Protect\n|move|p1b: Dragonite|Extreme Speed|p2b: Tornadus\n|-activate|p2b: Tornadus|move: Protect\n|move|p2a: Urshifu|Close Combat|p1a: Heatran\n|-supereffective|p1a: Heatran\n|-damage|p1a: Heatran|0 fnt\n|-unboost|p2a: Urshifu|def|1\n|-unboost|p2a: Urshifu|spd|1\n|faint|p1a: Heatran\n|\n|upkeep\n|\n|t:|1699905828\n|switch|p1a: Rillaboom|Rillaboom, L50, F|100\/100\n|-fieldstart|move: Grassy Terrain|[from] ability: Grassy Surge|[of] p1a: Rillaboom\n|turn|3\n|\n|t:|1699905837\n|switch|p2a: Rillaboom|Rillaboom, L50, F|100\/100\n|move|p1a: Rillaboom|Fake Out|p2a: Rillaboom\n|-damage|p2a: Rillaboom|87\/100\n|move|p1b: Dragonite|Extreme Speed|p2b: Tornadus\n|-damage|p2b: Tornadus|0 fnt\n|faint|p2b: Tornadus\n|\n|-heal|p2a: Rillaboom|92\/100|[from] Grassy Terrain\n|upkeep\n|\n|t:|1699905844\n|switch|p2b: Urshifu|Urshifu-Rapid-Strike, L50, F, tera:Water|100\/100\n|turn|4\n|\n|t:|1699905893\n|switch|p1b: Farigiraf|Farigiraf, L50, F|100\/100\n|move|p2a: Rillaboom|Fake Out||[still]\n|cant|p1b: Farigiraf|ability: Armor Tail|Fake Out|[of] p2a: Rillaboom\n|move|p1a: Rillaboom|Grassy Glide|p2b: Urshifu\n|-supereffective|p2b: Urshifu\n|-damage|p2b: Urshifu|18\/100\n|move|p2b: Urshifu|Close Combat|p1b: Farigiraf\n|-crit|p1b: Farigiraf\n|-damage|p1b: Farigiraf|28\/100\n|-unboost|p2b: Urshifu|def|1\n|-unboost|p2b: Urshifu|spd|1\n|-damage|p2b: Urshifu|1\/100|[from] item: Rocky Helmet|[of] p1b: Farigiraf\n|\n|-heal|p2b: Urshifu|7\/100|[from] Grassy Terrain\n|-heal|p2a: Rillaboom|98\/100|[from] Grassy Terrain\n|-heal|p1b: Farigiraf|34\/100|[from] Grassy Terrain\n|-sideend|p2: Termies|move: Tailwind\n|upkeep\n|turn|5\n|\n|t:|1699905910\n|move|p1a: Rillaboom|Grassy Glide|p2b: Urshifu\n|-supereffective|p2b: Urshifu\n|-damage|p2b: Urshifu|0 fnt\n|faint|p2b: Urshifu\n|move|p2a: Rillaboom|Wood Hammer|p1a: Rillaboom\n|-resisted|p1a: Rillaboom\n|-damage|p1a: Rillaboom|65\/100\n|-damage|p2a: Rillaboom|85\/100|[from] Recoil\n|move|p1b: Farigiraf|Psychic|p2a: Rillaboom\n|-crit|p2a: Rillaboom\n|-damage|p2a: Rillaboom|50\/100\n|\n|-heal|p1a: Rillaboom|71\/100|[from] Grassy Terrain\n|-heal|p2a: Rillaboom|56\/100|[from] Grassy Terrain\n|-heal|p1b: Farigiraf|41\/100|[from] Grassy Terrain\n|upkeep\n|turn|6\n|-message|Termies forfeited.\n|\n|win|kricketot marx\n|raw|kricketot marx's rating: 1389 &rarr; <strong>1405<\/strong><br \/>(+16 for winning)\n|raw|Termies's rating: 1327 &rarr; <strong>1311<\/strong><br \/>(-16 for losing)\n|l|\u2606Termies\n","uploadtime":1699905919,"views":7,"p1id":"kricketotmarx","p2id":"termies","formatid":"gen9vgc2023regulatione","rating":1311,"private":0,"password":""}