{"id":"gen9vgc2023regulatione-1995102187","p1":"Lunn00","p2":"qwedddd","format":"[Gen 9] VGC 2023 Regulation E","log":"|j|\u2606Lunn00\n|j|\u2606qwedddd\n|t:|1700522773\n|gametype|doubles\n|player|p1|Lunn00|266|1159\n|player|p2|qwedddd|265|1091\n|teamsize|p1|6\n|teamsize|p2|6\n|gen|9\n|tier|[Gen 9] VGC 2023 Regulation E\n|rated|\n|rule|Species Clause: Limit one of each Pok\u00e9mon\n|rule|Item Clause: Limit one of each item\n|clearpoke\n|poke|p1|Sableye, L50, F|\n|poke|p1|Ogerpon-Wellspring, L50, F|\n|poke|p1|Goodra-Hisui, L50, M|\n|poke|p1|Houndstone, L50, F|\n|poke|p1|Ursaluna-Bloodmoon, L50, M|\n|poke|p1|Rillaboom, L50, F|\n|poke|p2|Sandy Shocks, L50|\n|poke|p2|Maushold-Four, L50|\n|poke|p2|Chien-Pao, L50|\n|poke|p2|Ogerpon-Wellspring, L50, F|\n|poke|p2|Annihilape, L50, M|\n|poke|p2|Espathra, L50, F|\n|teampreview|4\n|\n|t:|1700522803\n|start\n|switch|p1a: Sableye|Sableye, L50, F|100\/100\n|switch|p1b: Goodra|Goodra-Hisui, L50, M|100\/100\n|switch|p2a: Sandy Shocks|Sandy Shocks, L50|100\/100\n|switch|p2b: Espathra|Espathra, L50, F|100\/100\n|-enditem|p2a: Sandy Shocks|Booster Energy\n|-activate|p2a: Sandy Shocks|ability: Protosynthesis|[fromitem]\n|-start|p2a: Sandy Shocks|protosynthesisspe\n|turn|1\n|\n|t:|1700522825\n|move|p1a: Sableye|Light Screen|p1a: Sableye\n|-sidestart|p1: Lunn00|move: Light Screen\n|move|p2a: Sandy Shocks|Gravity|p2a: Sandy Shocks\n|-fieldstart|move: Gravity\n|move|p2b: Espathra|Hypnosis|p1b: Goodra\n|-status|p1b: Goodra|slp|[from] move: Hypnosis\n|cant|p1b: Goodra|slp\n|\n|-ability|p2b: Espathra|Speed Boost|boost\n|-boost|p2b: Espathra|spe|1\n|upkeep\n|turn|2\n|\n|t:|1700522842\n|-end|p2a: Sandy Shocks|Protosynthesis|[silent]\n|switch|p2a: Ogerpon|Ogerpon-Wellspring, L50, F|100\/100\n|move|p1a: Sableye|Encore||[still]\n|-fail|p1a: Sableye\n|move|p2b: Espathra|Hypnosis|p1a: Sableye\n|-status|p1a: Sableye|slp|[from] move: Hypnosis\n|-curestatus|p1b: Goodra|slp|[msg]\n|move|p1b: Goodra|Shelter|p1b: Goodra\n|-boost|p1b: Goodra|def|2\n|\n|-ability|p2b: Espathra|Speed Boost|boost\n|-boost|p2b: Espathra|spe|1\n|upkeep\n|turn|3\n|\n|t:|1700522852\n|move|p1b: Goodra|Protect|p1b: Goodra\n|-singleturn|p1b: Goodra|Protect\n|cant|p1a: Sableye|slp\n|move|p2b: Espathra|Hypnosis|p1b: Goodra\n|-activate|p1b: Goodra|move: Protect\n|move|p2a: Ogerpon|Swords Dance|p2a: Ogerpon\n|-boost|p2a: Ogerpon|atk|2\n|\n|-ability|p2b: Espathra|Speed Boost|boost\n|-boost|p2b: Espathra|spe|1\n|upkeep\n|turn|4\n|\n|t:|1700522864\n|cant|p1a: Sableye|slp\n|move|p2b: Espathra|Hypnosis|p1b: Goodra\n|-status|p1b: Goodra|slp|[from] move: Hypnosis\n|move|p2a: Ogerpon|Swords Dance|p2a: Ogerpon\n|-boost|p2a: Ogerpon|atk|2\n|cant|p1b: Goodra|slp\n|\n|-ability|p2b: Espathra|Speed Boost|boost\n|-boost|p2b: Espathra|spe|1\n|upkeep\n|turn|5\n|\n|t:|1700522880\n|-curestatus|p1a: Sableye|slp|[msg]\n|move|p1a: Sableye|Will-O-Wisp|p2a: Ogerpon\n|-status|p2a: Ogerpon|brn\n|move|p2b: Espathra|Calm Mind|p2b: Espathra\n|-boost|p2b: Espathra|spa|1\n|-boost|p2b: Espathra|spd|1\n|move|p2a: Ogerpon|Ivy Cudgel|p1a: Sableye|[anim] Ivy Cudgel Water\n|-damage|p1a: Sableye|0 fnt\n|faint|p1a: Sableye\n|cant|p1b: Goodra|slp\n|\n|-damage|p2a: Ogerpon|95\/100 brn|[from] brn\n|-fieldend|move: Gravity\n|-ability|p2b: Espathra|Speed Boost|boost\n|-boost|p2b: Espathra|spe|1\n|upkeep\n|\n|t:|1700522895\n|switch|p1a: Rillaboom|Rillaboom, L50, F|100\/100\n|-fieldstart|move: Grassy Terrain|[from] ability: Grassy Surge|[of] p1a: Rillaboom\n|turn|6\n|\n|t:|1700522917\n|move|p2b: Espathra|Protect|p2b: Espathra\n|-singleturn|p2b: Espathra|Protect\n|move|p2a: Ogerpon|Spiky Shield|p2a: Ogerpon\n|-singleturn|p2a: Ogerpon|move: Protect\n|move|p1a: Rillaboom|Fake Out|p2b: Espathra\n|-activate|p2b: Espathra|move: Protect\n|-curestatus|p1b: Goodra|slp|[msg]\n|move|p1b: Goodra|Heavy Slam|p2b: Espathra\n|-activate|p2b: Espathra|move: Protect\n|\n|-heal|p2a: Ogerpon|100\/100 brn|[from] Grassy Terrain\n|-damage|p2a: Ogerpon|95\/100 brn|[from] brn\n|-ability|p2b: Espathra|Speed Boost|boost\n|-boost|p2b: Espathra|spe|1\n|upkeep\n|turn|7\n|\n|t:|1700522947\n|move|p2b: Espathra|Stored Power|p1a: Rillaboom\n|-damage|p1a: Rillaboom|40\/100\n|move|p1a: Rillaboom|Wood Hammer|p2b: Espathra\n|-damage|p2b: Espathra|24\/100\n|-damage|p1a: Rillaboom|13\/100|[from] Recoil\n|move|p2a: Ogerpon|Swords Dance|p2a: Ogerpon\n|-boost|p2a: Ogerpon|atk|2\n|move|p1b: Goodra|Shelter|p1b: Goodra\n|-boost|p1b: Goodra|def|2\n|\n|-heal|p2b: Espathra|30\/100|[from] Grassy Terrain\n|-heal|p2b: Espathra|36\/100|[from] item: Leftovers\n|-heal|p1a: Rillaboom|19\/100|[from] Grassy Terrain\n|-heal|p2a: Ogerpon|100\/100 brn|[from] Grassy Terrain\n|-damage|p2a: Ogerpon|95\/100 brn|[from] brn\n|upkeep\n|turn|8\n|\n|t:|1700522970\n|move|p1a: Rillaboom|Grassy Glide|p2b: Espathra\n|-damage|p2b: Espathra|2\/100\n|move|p2b: Espathra|Stored Power|p1b: Goodra\n|-resisted|p1b: Goodra\n|-damage|p1b: Goodra|84\/100\n|move|p2a: Ogerpon|Horn Leech|p1a: Rillaboom\n|-resisted|p1a: Rillaboom\n|-damage|p1a: Rillaboom|0 fnt\n|-heal|p2a: Ogerpon|100\/100 brn|[from] drain|[of] p1a: Rillaboom\n|faint|p1a: Rillaboom\n|move|p1b: Goodra|Body Press|p2b: Espathra\n|-resisted|p2b: Espathra\n|-damage|p2b: Espathra|0 fnt\n|faint|p2b: Espathra\n|\n|-heal|p1b: Goodra|90\/100|[from] Grassy Terrain\n|-heal|p1b: Goodra|96\/100|[from] item: Leftovers\n|-damage|p2a: Ogerpon|95\/100 brn|[from] brn\n|-sideend|p1: Lunn00|move: Light Screen\n|upkeep\n|\n|t:|1700522991\n|switch|p1a: Ursaluna|Ursaluna-Bloodmoon, L50, M|100\/100\n|switch|p2b: Annihilape|Annihilape, L50, M|100\/100\n|turn|9\n|\n|t:|1700523003\n|move|p2b: Annihilape|Final Gambit|p1b: Goodra\n|-damage|p1b: Goodra|0 fnt\n|faint|p2b: Annihilape\n|faint|p1b: Goodra\n|move|p2a: Ogerpon|Horn Leech|p1a: Ursaluna\n|-supereffective|p1a: Ursaluna\n|-damage|p1a: Ursaluna|0 fnt\n|-heal|p2a: Ogerpon|100\/100 brn|[from] drain|[of] p1a: Ursaluna\n|faint|p1a: Ursaluna\n|\n|win|qwedddd\n|raw|Lunn00's rating: 1159 &rarr; <strong>1129<\/strong><br \/>(-30 for losing)\n|raw|qwedddd's rating: 1091 &rarr; <strong>1122<\/strong><br \/>(+31 for winning)\n|l|\u2606Lunn00\n|c|\u2606qwedddd|gg\n","uploadtime":1700523015,"views":1,"p1id":"lunn00","p2id":"qwedddd","formatid":"gen9vgc2023regulatione","rating":1122,"private":0,"password":""}