{"id":"gen9vgc2023regulatione-1999308024","p1":"datrevdo","p2":"Mewizard113","format":"[Gen 9] VGC 2023 Regulation E","log":"|j|\u2606datrevdo\n|j|\u2606Mewizard113\n|n|\u2606datrevdo|datrevdo\n|n|\u2606Mewizard113|mewizard113\n|html|View the match progress at <a href=\"\/game-bestof3-gen9vgc2023regulatione-1999308023\">game-bestof3-gen9vgc2023regulatione-1999308023<\/a>\n|t:|1701058070\n|gametype|doubles\n|player|p1|datrevdo|265|\n|player|p2|Mewizard113|pokemaniac|\n|teamsize|p1|6\n|teamsize|p2|6\n|gen|9\n|tier|[Gen 9] VGC 2023 Regulation E\n|rule|Species Clause: Limit one of each Pok\u00e9mon\n|rule|Item Clause: Limit one of each item\n|clearpoke\n|poke|p1|Armarouge, L50, M|\n|poke|p1|Indeedee, L50, M|\n|poke|p1|Iron Bundle, L50|\n|poke|p1|Garchomp, L50, F|\n|poke|p1|Lilligant, L50, F|\n|poke|p1|Torkoal, L50, M|\n|poke|p2|Gholdengo, L50|\n|poke|p2|Regieleki, L50|\n|poke|p2|Gyarados, L50, M|\n|poke|p2|Zapdos, L50|\n|poke|p2|Grafaiai, L50, F|\n|poke|p2|Drednaw, L50, M|\n|teampreview|4\n|inactive|Battle timer is ON: inactive players will automatically lose when time's up. (requested by datrevdo)\n|c|\u2606Mewizard113|glhf\n|inactiveoff|Battle timer is now OFF.\n|c|\u2606datrevdo|https:\/\/pokepast.es\/8fde6ecc943a7649\n|c|\u2606datrevdo|gl hf!\n|c|\u2606Mewizard113|https:\/\/pokepast.es\/779ed8c98721f5ef\n|c|\u2606Mewizard113|I'm scared ngl\n|\n|t:|1701058140\n|start\n|switch|p1a: Iron Bundle|Iron Bundle, L50|100\/100\n|switch|p1b: Armarouge|Armarouge, L50, M|100\/100\n|switch|p2a: String Cheese|Gholdengo, L50, shiny|100\/100\n|switch|p2b: Toddler|Regieleki, L50, shiny|100\/100\n|turn|1\n|j| Frieren Enjoyer\n|\n|t:|1701058179\n|-terastallize|p1b: Armarouge|Electric\n|move|p2b: Toddler|Electric Terrain|p2b: Toddler\n|-fieldstart|move: Electric Terrain\n|-activate|p1a: Iron Bundle|ability: Quark Drive\n|-start|p1a: Iron Bundle|quarkdrivespa\n|move|p1a: Iron Bundle|Hydro Pump|p2b: Toddler|[miss]\n|-miss|p1a: Iron Bundle|p2b: Toddler\n|move|p2a: String Cheese|Make It Rain|p1b: Armarouge|[spread] p1a,p1b\n|-resisted|p1b: Armarouge\n|-enditem|p1a: Iron Bundle|Focus Sash\n|-damage|p1a: Iron Bundle|1\/100\n|-damage|p1b: Armarouge|68\/100\n|-unboost|p2a: String Cheese|spa|1\n|-damage|p2a: String Cheese|91\/100|[from] item: Life Orb\n|move|p1b: Armarouge|Trick Room|p1b: Armarouge\n|-fieldstart|move: Trick Room|[of] p1b: Armarouge\n|\n|upkeep\n|turn|2\n|\n|t:|1701058213\n|-end|p1a: Iron Bundle|Quark Drive|[silent]\n|switch|p1a: Indeedee|Indeedee, L50, M|100\/100\n|-fieldstart|move: Psychic Terrain|[from] ability: Psychic Surge|[of] p1a: Indeedee\n|-enditem|p1a: Indeedee|Psychic Seed\n|-boost|p1a: Indeedee|spd|1|[from] item: Psychic Seed\n|move|p1b: Armarouge|Expanding Force|p2b: Toddler|[spread] p2a,p2b\n|-resisted|p2a: String Cheese\n|-damage|p2a: String Cheese|38\/100\n|-enditem|p2b: Toddler|Focus Sash\n|-damage|p2b: Toddler|1\/100\n|-damage|p1b: Armarouge|58\/100|[from] item: Life Orb\n|move|p2a: String Cheese|Make It Rain|p1a: Indeedee|[spread] p1a,p1b\n|-resisted|p1b: Armarouge\n|-damage|p1a: Indeedee|80\/100\n|-damage|p1b: Armarouge|34\/100\n|-unboost|p2a: String Cheese|spa|1\n|-damage|p2a: String Cheese|29\/100|[from] item: Life Orb\n|move|p2b: Toddler|Light Screen|p2b: Toddler\n|-sidestart|p2: Mewizard113|move: Light Screen\n|\n|upkeep\n|turn|3\n|\n|t:|1701058243\n|switch|p1a: Torkoal|Torkoal, L50, M|100\/100\n|-weather|SunnyDay|[from] ability: Drought|[of] p1a: Torkoal\n|move|p1b: Armarouge|Expanding Force|p2a: String Cheese|[spread] p2a,p2b\n|-resisted|p2a: String Cheese\n|-damage|p2a: String Cheese|0 fnt\n|-damage|p2b: Toddler|0 fnt\n|faint|p2a: String Cheese\n|faint|p2b: Toddler\n|-damage|p1b: Armarouge|24\/100|[from] item: Life Orb\n|\n|-weather|SunnyDay|[upkeep]\n|upkeep\n|\n|t:|1701058246\n|switch|p2a: Reddit User|Grafaiai, L50, F, shiny|100\/100\n|switch|p2b: Ticked Off|Gyarados, L50, M, shiny|100\/100\n|-ability|p2b: Ticked Off|Intimidate|boost\n|-unboost|p1a: Torkoal|atk|1\n|-unboost|p1b: Armarouge|atk|1\n|turn|4\n|\n|t:|1701058261\n|move|p2b: Ticked Off|Protect|p2b: Ticked Off\n|-singleturn|p2b: Ticked Off|Protect\n|move|p2a: Reddit User|Rain Dance|p2a: Reddit User\n|-weather|RainDance\n|move|p1a: Torkoal|Eruption|p2a: Reddit User|[spread] p2a\n|-activate|p2b: Ticked Off|move: Protect\n|-damage|p2a: Reddit User|78\/100\n|move|p1b: Armarouge|Expanding Force|p2b: Ticked Off|[spread] p2a\n|-activate|p2b: Ticked Off|move: Protect\n|-supereffective|p2a: Reddit User\n|-damage|p2a: Reddit User|0 fnt\n|faint|p2a: Reddit User\n|-damage|p1b: Armarouge|14\/100|[from] item: Life Orb\n|\n|-weather|RainDance|[upkeep]\n|upkeep\n|turn|5\n|\n|t:|1701058301\n|switch|p1a: Indeedee|Indeedee, L50, M|80\/100\n|move|p1b: Armarouge|Expanding Force|p2b: Ticked Off\n|-damage|p2b: Ticked Off|48\/100\n|-enditem|p2b: Ticked Off|Sitrus Berry|[eat]\n|-heal|p2b: Ticked Off|72\/100|[from] item: Sitrus Berry\n|-damage|p1b: Armarouge|4\/100|[from] item: Life Orb\n|move|p2b: Ticked Off|Waterfall|p1b: Armarouge\n|-damage|p1b: Armarouge|0 fnt\n|faint|p1b: Armarouge\n|\n|-weather|RainDance|[upkeep]\n|-fieldend|move: Trick Room\n|upkeep\n|\n|t:|1701058312\n|switch|p1b: Iron Bundle|Iron Bundle, L50|1\/100\n|turn|6\n|\n|t:|1701058320\n|move|p2b: Ticked Off|Protect|p2b: Ticked Off\n|-singleturn|p2b: Ticked Off|Protect\n|move|p1b: Iron Bundle|Freeze-Dry|p2b: Ticked Off\n|-activate|p2b: Ticked Off|move: Protect\n|move|p1a: Indeedee|Shadow Ball|p2b: Ticked Off\n|-activate|p2b: Ticked Off|move: Protect\n|\n|-weather|RainDance|[upkeep]\n|-sideend|p2: Mewizard113|move: Light Screen\n|-fieldend|move: Psychic Terrain\n|upkeep\n|turn|7\n|\n|t:|1701058331\n|move|p1b: Iron Bundle|Freeze-Dry|p2b: Ticked Off\n|-supereffective|p2b: Ticked Off\n|-damage|p2b: Ticked Off|0 fnt\n|faint|p2b: Ticked Off\n|\n|win|datrevdo\n|c|&|\/uhtml prompt-mewizard113,Mewizard113 is ready for game 2!\n|c|\u2606Mewizard113|gg\n|c|\u2606datrevdo|gg 1\n|c|&|\/uhtml prompt-datrevdo,datrevdo is ready for game 2!\nBoth players are ready! Starting next match!\n|l|\u2606Mewizard113\n|l| Frieren Enjoyer\n","uploadtime":1701058467,"views":23,"p1id":"datrevdo","p2id":"mewizard113","formatid":"gen9vgc2023regulatione","rating":0,"private":0,"password":""}