{"id":"gen9vgc2023regulatione-1998513449","p1":"huntchaser","p2":"alfredmaia123","format":"[Gen 9] VGC 2023 Regulation E","log":"|j|\u2606huntchaser\n|j|\u2606alfredmaia123\n|t:|1700950873\n|gametype|doubles\n|player|p1|huntchaser|atticus|1054\n|player|p2|alfredmaia123|lucas|1145\n|teamsize|p1|6\n|teamsize|p2|6\n|gen|9\n|tier|[Gen 9] VGC 2023 Regulation E\n|rated|\n|rule|Species Clause: Limit one of each Pok\u00e9mon\n|rule|Item Clause: Limit one of each item\n|clearpoke\n|poke|p1|Raichu-Alola, L50, M|\n|poke|p1|Pincurchin, L50, M|\n|poke|p1|Iron Treads, L50|\n|poke|p1|Tauros-Paldea-Blaze, L50, M|\n|poke|p1|Ogerpon-Wellspring, L50, F|\n|poke|p1|Gholdengo, L50|\n|poke|p2|Ninetales-Alola, L50, M|\n|poke|p2|Empoleon, L50, M|\n|poke|p2|Roaring Moon, L50|\n|poke|p2|Sinistcha, L50|\n|poke|p2|Urshifu-*, L50, F|\n|poke|p2|Arcanine-Hisui, L50, M|\n|teampreview|4\n|inactive|Battle timer is ON: inactive players will automatically lose when time's up. (requested by huntchaser)\nhuntchaser has agreed to open team sheets.\n|c|\u2606huntchaser|glhf\n|\n|t:|1700950900\n|start\n|switch|p1a: Pincurchin|Pincurchin, L50, M|100\/100\n|switch|p1b: Raichu|Raichu-Alola, L50, M|100\/100\n|switch|p2a: Arcanine|Arcanine-Hisui, L50, M|100\/100\n|switch|p2b: Empoleon|Empoleon, L50, M|100\/100\n|-ability|p2a: Arcanine|Intimidate|boost\n|-unboost|p1a: Pincurchin|atk|1\n|-unboost|p1b: Raichu|atk|1\n|-fieldstart|move: Electric Terrain|[from] ability: Electric Surge|[of] p1a: Pincurchin\n|turn|1\n|inactive|huntchaser has 30 seconds left.\n|\n|t:|1700950929\n|-terastallize|p2b: Empoleon|Grass\n|move|p1b: Raichu|Protect|p1b: Raichu\n|-singleturn|p1b: Raichu|Protect\n|move|p2a: Arcanine|Rock Slide|p1a: Pincurchin|[spread] \n|-activate|p1b: Raichu|move: Protect\n|-miss|p2a: Arcanine|p1a: Pincurchin\n|move|p2b: Empoleon|Hydro Pump|p1b: Raichu\n|-activate|p1b: Raichu|move: Protect\n|move|p1a: Pincurchin|Toxic Spikes|p2b: Empoleon\n|-sidestart|p2: alfredmaia123|move: Toxic Spikes\n|\n|upkeep\n|turn|2\n|inactive|huntchaser has 30 seconds left.\n|\n|t:|1700950956\n|switch|p1b: Ogerpon|Ogerpon-Wellspring, L50, F|100\/100\n|move|p2a: Arcanine|Rock Slide|p1b: Ogerpon|[spread] p1a,p1b\n|-damage|p1a: Pincurchin|74\/100\n|-damage|p1b: Ogerpon|69\/100\n|move|p2b: Empoleon|Hydro Pump|p1b: Ogerpon\n|-heal|p1b: Ogerpon|93\/100|[from] ability: Water Absorb|[of] p2b: Empoleon\n|move|p1a: Pincurchin|Thunder Wave|p2a: Arcanine\n|-status|p2a: Arcanine|par\n|\n|upkeep\n|turn|3\n|\n|t:|1700950977\n|switch|p2a: Ninetales|Ninetales-Alola, L50, M|100\/100\n|-status|p2a: Ninetales|psn\n|-weather|Snow|[from] ability: Snow Warning|[of] p2a: Ninetales\n|move|p1b: Ogerpon|Spiky Shield|p1b: Ogerpon\n|-singleturn|p1b: Ogerpon|move: Protect\n|move|p2b: Empoleon|Hydro Pump|p1a: Pincurchin|[miss]\n|-miss|p2b: Empoleon|p1a: Pincurchin\n|move|p1a: Pincurchin|Thunder Wave|p2b: Empoleon\n|-status|p2b: Empoleon|par\n|\n|-weather|Snow|[upkeep]\n|-damage|p2a: Ninetales|88\/100 psn|[from] psn\n|upkeep\n|turn|4\n|\n|t:|1700950999\n|move|p1b: Ogerpon|Ivy Cudgel|p2a: Ninetales|[anim] Ivy Cudgel Water\n|-damage|p2a: Ninetales|39\/100 psn\n|move|p2a: Ninetales|Aurora Veil|p2a: Ninetales\n|-sidestart|p2: alfredmaia123|move: Aurora Veil\n|move|p2b: Empoleon|Hydro Pump|p1a: Pincurchin\n|-damage|p1a: Pincurchin|9\/100\n|move|p1a: Pincurchin|Hex|p2a: Ninetales\n|-damage|p2a: Ninetales|21\/100 psn\n|\n|-weather|Snow|[upkeep]\n|-damage|p2a: Ninetales|9\/100 psn|[from] psn\n|upkeep\n|turn|5\n|inactive|huntchaser has 30 seconds left.\n|inactive|huntchaser has 20 seconds left.\n|\n|t:|1700951034\n|move|p2b: Empoleon|Vacuum Wave|p1a: Pincurchin\n|-damage|p1a: Pincurchin|0 fnt\n|faint|p1a: Pincurchin\n|move|p1b: Ogerpon|Ivy Cudgel|p2b: Empoleon|[anim] Ivy Cudgel Water\n|-resisted|p2b: Empoleon\n|-damage|p2b: Empoleon|75\/100 par\n|move|p2a: Ninetales|Blizzard|p1b: Ogerpon\n|-damage|p1b: Ogerpon|54\/100\n|\n|-weather|Snow|[upkeep]\n|-damage|p2a: Ninetales|0 fnt|[from] psn\n|faint|p2a: Ninetales\n|-fieldend|move: Electric Terrain\n|upkeep\n|\n|t:|1700951057\n|switch|p2a: Arcanine|Arcanine-Hisui, L50, M|100\/100 par\n|switch|p1a: Raichu|Raichu-Alola, L50, M|100\/100\n|-ability|p2a: Arcanine|Intimidate|boost\n|-unboost|p1a: Raichu|atk|1\n|-unboost|p1b: Ogerpon|atk|1\n|turn|6\n|\n|t:|1700951077\n|move|p1b: Ogerpon|Ivy Cudgel|p2a: Arcanine|[anim] Ivy Cudgel Water\n|-supereffective|p2a: Arcanine\n|-damage|p2a: Arcanine|0 fnt\n|faint|p2a: Arcanine\n|move|p1a: Raichu|Psychic|p2b: Empoleon\n|-damage|p2b: Empoleon|55\/100 par\n|-unboost|p2b: Empoleon|spd|1\n|-ability|p2b: Empoleon|Competitive|boost\n|-boost|p2b: Empoleon|spa|2\n|cant|p2b: Empoleon|par\n|\n|-weather|Snow|[upkeep]\n|upkeep\n|\n|t:|1700951089\n|switch|p2a: Roaring Moon|Roaring Moon, L50|100\/100\n|-status|p2a: Roaring Moon|psn\n|-enditem|p2a: Roaring Moon|Booster Energy\n|-activate|p2a: Roaring Moon|ability: Protosynthesis|[fromitem]\n|-start|p2a: Roaring Moon|protosynthesisspe\n|turn|7\n|\n|t:|1700951102\n|move|p1b: Ogerpon|Follow Me|p1b: Ogerpon\n|-singleturn|p1b: Ogerpon|move: Follow Me\n|move|p2a: Roaring Moon|Knock Off|p1b: Ogerpon\n|-crit|p1b: Ogerpon\n|-damage|p1b: Ogerpon|0 fnt\n|faint|p1b: Ogerpon\n|move|p1a: Raichu|Thunderbolt|p2a: Roaring Moon\n|-resisted|p2a: Roaring Moon\n|-damage|p2a: Roaring Moon|89\/100 psn\n|move|p2b: Empoleon|Ice Beam|p1a: Raichu\n|-damage|p1a: Raichu|17\/100\n|-enditem|p1a: Raichu|Sitrus Berry|[eat]\n|-heal|p1a: Raichu|42\/100|[from] item: Sitrus Berry\n|\n|-weather|none\n|-damage|p2a: Roaring Moon|77\/100 psn|[from] psn\n|upkeep\n|\n|t:|1700951115\n|switch|p1b: Iron Treads|Iron Treads, L50|100\/100\n|turn|8\n|\n|t:|1700951132\n|-terastallize|p1a: Raichu|Poison\n|move|p2a: Roaring Moon|Knock Off|p1b: Iron Treads\n|-damage|p1b: Iron Treads|57\/100\n|-enditem|p1b: Iron Treads|Assault Vest|[from] move: Knock Off|[of] p2a: Roaring Moon\n|move|p1a: Raichu|Psychic|p2b: Empoleon\n|-damage|p2b: Empoleon|28\/100 par\n|move|p1b: Iron Treads|Earth Power|p2a: Roaring Moon\n|-damage|p2a: Roaring Moon|64\/100 psn\n|-unboost|p2a: Roaring Moon|spd|1\n|move|p2b: Empoleon|Hydro Pump|p1b: Iron Treads\n|-supereffective|p1b: Iron Treads\n|-crit|p1b: Iron Treads\n|-damage|p1b: Iron Treads|0 fnt\n|faint|p1b: Iron Treads\n|-end|p1b: Iron Treads|Quark Drive|[silent]\n|\n|-damage|p2a: Roaring Moon|52\/100 psn|[from] psn\n|upkeep\n|turn|9\n|inactive|huntchaser has 30 seconds left.\n|\n|t:|1700951164\n|move|p2b: Empoleon|Vacuum Wave|p1a: Raichu\n|-resisted|p1a: Raichu\n|-damage|p1a: Raichu|22\/100\n|move|p2a: Roaring Moon|Acrobatics|p1a: Raichu\n|-damage|p1a: Raichu|0 fnt\n|faint|p1a: Raichu\n|\n|win|alfredmaia123\n|raw|huntchaser's rating: 1054 &rarr; <strong>1041<\/strong><br \/>(-13 for losing)\n|raw|alfredmaia123's rating: 1145 &rarr; <strong>1164<\/strong><br \/>(+19 for winning)\n|c|\u2606huntchaser|gg\n|l|\u2606alfredmaia123\n","uploadtime":1700951175,"views":9,"p1id":"huntchaser","p2id":"alfredmaia123","formatid":"gen9vgc2023regulatione","rating":1041,"private":0,"password":""}