{"id":"gen9vgc2023regulatione-1996589883","p1":"jelly jars test","p2":"3l S1n N0mbr3 2","format":"[Gen 9] VGC 2023 Regulation E","log":"|j|\u2606jelly jars test\n|j|\u26063l S1n N0mbr3 2\n|t:|1700697813\n|gametype|doubles\n|player|p1|jelly jars test|169|1170\n|player|p2|3l S1n N0mbr3 2|giovanni|1298\n|teamsize|p1|6\n|teamsize|p2|6\n|gen|9\n|tier|[Gen 9] VGC 2023 Regulation E\n|rated|\n|rule|Species Clause: Limit one of each Pok\u00e9mon\n|rule|Item Clause: Limit one of each item\n|clearpoke\n|poke|p1|Dondozo, L50, M|\n|poke|p1|Tatsugiri, L50, F|\n|poke|p1|Scream Tail, L50|\n|poke|p1|Sinistcha, L50|\n|poke|p1|Ogerpon-Hearthflame, L50, F|\n|poke|p1|Cresselia, L50, F|\n|poke|p2|Tornadus, L50, M|\n|poke|p2|Urshifu-*, L50, M|\n|poke|p2|Arcanine-Hisui, L50, M|\n|poke|p2|Gholdengo, L50|\n|poke|p2|Amoonguss, L50, F|\n|poke|p2|Iron Hands, L50|\n|teampreview|4\n3l S1n N0mbr3 2 has agreed to open team sheets.\n|inactive|Battle timer is ON: inactive players will automatically lose when time's up. (requested by jelly jars test)\n|inactive|3l S1n N0mbr3 2 has 60 seconds left.\n|\n|t:|1700697867\n|start\n|switch|p1a: Jungle|Tatsugiri, L50, F|100\/100\n|switch|p1b: Support|Scream Tail, L50|100\/100\n|switch|p2a: Tornadus|Tornadus, L50, M|100\/100\n|switch|p2b: Amoonguss|Amoonguss, L50, F, shiny|100\/100\n|turn|1\n|\n|t:|1700697887\n|move|p2a: Tornadus|Tailwind|p2a: Tornadus\n|-sidestart|p2: 3l S1n N0mbr3 2|move: Tailwind\n|move|p1b: Support|Perish Song|p1b: Support\n|-start|p1a: Jungle|perish3|[silent]\n|-start|p1b: Support|perish3|[silent]\n|-start|p2a: Tornadus|perish3|[silent]\n|-start|p2b: Amoonguss|perish3|[silent]\n|-fieldactivate|move: Perish Song\n|move|p1a: Jungle|Draco Meteor|p2a: Tornadus\n|-damage|p2a: Tornadus|13\/100\n|-unboost|p1a: Jungle|spa|2\n|move|p2b: Amoonguss|Spore|p1b: Support\n|-status|p1b: Support|slp|[from] move: Spore\n|\n|-start|p2a: Tornadus|perish3\n|-start|p1b: Support|perish3\n|-start|p1a: Jungle|perish3\n|-start|p2b: Amoonguss|perish3\n|upkeep\n|turn|2\n|\n|t:|1700697907\n|move|p2a: Tornadus|Rain Dance|p2a: Tornadus\n|-weather|RainDance\n|cant|p1b: Support|slp\n|move|p1a: Jungle|Icy Wind|p2b: Amoonguss|[spread] \n|-miss|p1a: Jungle|p2a: Tornadus\n|-miss|p1a: Jungle|p2b: Amoonguss\n|move|p2b: Amoonguss|Spore|p1a: Jungle\n|-status|p1a: Jungle|slp|[from] move: Spore\n|\n|-weather|RainDance|[upkeep]\n|-start|p2a: Tornadus|perish2\n|-start|p1b: Support|perish2\n|-start|p1a: Jungle|perish2\n|-start|p2b: Amoonguss|perish2\n|upkeep\n|turn|3\n|\n|t:|1700697933\n|switch|p2a: Iron Hands|Iron Hands, L50|100\/100\n|switch|p2b: Urshifu|Urshifu-Rapid-Strike, L50, M|100\/100\n|-curestatus|p1b: Support|slp|[msg]\n|move|p1b: Support|Dazzling Gleam|p2b: Urshifu|[spread] p2a,p2b\n|-supereffective|p2a: Iron Hands\n|-supereffective|p2b: Urshifu\n|-damage|p2a: Iron Hands|83\/100\n|-damage|p2b: Urshifu|62\/100\n|cant|p1a: Jungle|slp\n|\n|-weather|RainDance|[upkeep]\n|-start|p1b: Support|perish1\n|-start|p1a: Jungle|perish1\n|upkeep\n|turn|4\n|\n|t:|1700697954\n|-end|p1b: Support|Protosynthesis|[silent]\n|switch|p1b: Solo|Dondozo, L50, M|100\/100\n|-activate|p1a: Jungle|ability: Commander|[of] p1b: Solo\n|-boost|p1b: Solo|atk|2\n|-boost|p1b: Solo|spa|2\n|-boost|p1b: Solo|spe|2\n|-boost|p1b: Solo|def|2\n|-boost|p1b: Solo|spd|2\n|move|p2a: Iron Hands|Fake Out|p1b: Solo\n|-damage|p1b: Solo|95\/100\n|move|p2b: Urshifu|Close Combat|p1a: Jungle|[miss]\n|-miss|p2b: Urshifu|p1a: Jungle\n|\n|-weather|RainDance|[upkeep]\n|-heal|p1b: Solo|100\/100|[from] item: Leftovers\n|-start|p1a: Jungle|perish0\n|-sideend|p2: 3l S1n N0mbr3 2|move: Tailwind\n|upkeep\n|faint|p1a: Jungle\n|\n|t:|1700697973\n|switch|p1a: Support|Scream Tail, L50|100\/100\n|turn|5\n|\n|t:|1700697990\n|-terastallize|p2b: Urshifu|Water\n|-terastallize|p1b: Solo|Ground\n|move|p1a: Support|Dazzling Gleam|p2a: Iron Hands|[spread] p2a,p2b\n|-supereffective|p2a: Iron Hands\n|-damage|p2a: Iron Hands|67\/100\n|-damage|p2b: Urshifu|44\/100\n|move|p2b: Urshifu|Surging Strikes|p1a: Support\n|-crit|p1a: Support\n|-damage|p1a: Support|59\/100\n|-crit|p1a: Support\n|-damage|p1a: Support|15\/100\n|-crit|p1a: Support\n|-damage|p1a: Support|0 fnt\n|faint|p1a: Support\n|-end|p1a: Support|Protosynthesis|[silent]\n|-hitcount|p1: Support|3\n|move|p1b: Solo|Earthquake|p2b: Urshifu|[spread] p2a,p2b\n|-supereffective|p2a: Iron Hands\n|-damage|p2a: Iron Hands|0 fnt\n|-damage|p2b: Urshifu|0 fnt\n|faint|p2a: Iron Hands\n|-end|p2a: Iron Hands|Quark Drive|[silent]\n|faint|p2b: Urshifu\n|\n|-weather|RainDance|[upkeep]\n|upkeep\n|\n|t:|1700698007\n|switch|p1a: Mid|Cresselia, L50, F|100\/100\n|switch|p2b: Amoonguss|Amoonguss, L50, F, shiny|100\/100\n|switch|p2a: Tornadus|Tornadus, L50, M|13\/100\n|turn|6\n|\n|t:|1700698020\n|move|p2a: Tornadus|Taunt|p1a: Mid\n|-start|p1a: Mid|move: Taunt\n|-enditem|p1a: Mid|Mental Herb\n|-end|p1a: Mid|move: Taunt\n|move|p1a: Mid|Psychic|p2b: Amoonguss\n|-supereffective|p2b: Amoonguss\n|-damage|p2b: Amoonguss|40\/100\n|-enditem|p2b: Amoonguss|Sitrus Berry|[eat]\n|-heal|p2b: Amoonguss|65\/100|[from] item: Sitrus Berry\n|move|p1b: Solo|Order Up|p2a: Tornadus\n|-damage|p2a: Tornadus|0 fnt\n|faint|p2a: Tornadus\n|-boost|p1b: Solo|atk|1\n|move|p2b: Amoonguss|Spore|p1b: Solo\n|-status|p1b: Solo|slp|[from] move: Spore\n|\n|-weather|none\n|upkeep\n|turn|7\n|\n|t:|1700698039\n|move|p1a: Mid|Lunar Blessing|p1a: Mid|[spread] p1a,p1b\n|-curestatus|p1b: Solo|slp|[msg]\n|move|p1b: Solo|Order Up|p2b: Amoonguss\n|-damage|p2b: Amoonguss|15\/100\n|-boost|p1b: Solo|atk|1\n|move|p2b: Amoonguss|Spore|p1a: Mid\n|-status|p1a: Mid|slp|[from] move: Spore\n|\n|upkeep\n|turn|8\n|-message|3l S1n N0mbr3 2 forfeited.\n|\n|win|jelly jars test\n|raw|jelly jars test's rating: 1170 &rarr; <strong>1204<\/strong><br \/>(+34 for winning)\n|raw|3l S1n N0mbr3 2's rating: 1298 &rarr; <strong>1264<\/strong><br \/>(-34 for losing)\n|l|\u26063l S1n N0mbr3 2\n","uploadtime":1700698046,"views":9,"p1id":"jellyjarstest","p2id":"3ls1nn0mbr32","formatid":"gen9vgc2023regulatione","rating":1204,"private":0,"password":""}