{"id":"gen9vgc2023regulatione-1997862336","p1":"Not Rain","p2":"Ronan Kenny","format":"[Gen 9] VGC 2023 Regulation E","log":"|j|\u2606Not Rain\n|j|\u2606Ronan Kenny\n|t:|1700860951\n|gametype|doubles\n|player|p1|Not Rain|pilot|1317\n|player|p2|Ronan Kenny|102|1246\n|teamsize|p1|6\n|teamsize|p2|6\n|gen|9\n|tier|[Gen 9] VGC 2023 Regulation E\n|rated|\n|rule|Species Clause: Limit one of each Pok\u00e9mon\n|rule|Item Clause: Limit one of each item\n|clearpoke\n|poke|p1|Medicham, L50, M|\n|poke|p1|Rillaboom, L50, F|\n|poke|p1|Tornadus, L50, M|\n|poke|p1|Arcanine-Hisui, L50, F|\n|poke|p1|Urshifu-*, L50, F|\n|poke|p1|Gholdengo, L50|\n|poke|p2|Cresselia, L50, F|\n|poke|p2|Heatran, L50, F|\n|poke|p2|Landorus-Therian, L50, M|\n|poke|p2|Urshifu-*, L50, F|\n|poke|p2|Rillaboom, L50, F|\n|poke|p2|Ninetales-Alola, L50, M|\n|teampreview|4\n|inactive|Battle timer is ON: inactive players will automatically lose when time's up. (requested by Ronan Kenny)\n|inactive|Not Rain has 60 seconds left.\n|\n|t:|1700860991\n|start\n|switch|p1a: Rillaboom|Rillaboom, L50, F|100\/100\n|switch|p1b: Medicham|Medicham, L50, M|100\/100\n|switch|p2a: Landorus|Landorus-Therian, L50, M|100\/100\n|switch|p2b: Rillaboom|Rillaboom, L50, F|100\/100\n|-ability|p2a: Landorus|Intimidate|boost\n|-unboost|p1a: Rillaboom|atk|1\n|-unboost|p1b: Medicham|atk|1\n|-fieldstart|move: Grassy Terrain|[from] ability: Grassy Surge|[of] p2b: Rillaboom\n|turn|1\n|inactive|Not Rain has 30 seconds left.\n|inactive|Not Rain has 20 seconds left.\n|inactive|Not Rain has 15 seconds left.\n|\n|t:|1700861034\n|switch|p1a: Arcanine|Arcanine-Hisui, L50, F|100\/100\n|-ability|p1a: Arcanine|Intimidate|boost\n|-unboost|p2a: Landorus|atk|1\n|-unboost|p2b: Rillaboom|atk|1\n|move|p2b: Rillaboom|Fake Out|p1a: Arcanine\n|-resisted|p1a: Arcanine\n|-damage|p1a: Arcanine|96\/100\n|move|p2a: Landorus|U-turn|p1b: Medicham\n|-damage|p1b: Medicham|76\/100\n|\n|t:|1700861047\n|switch|p2a: Heatran|Heatran, L50, F|100\/100|[from] U-turn\n|move|p1b: Medicham|Skill Swap|p1a: Arcanine\n|-activate|p1b: Medicham|move: Skill Swap|||[of] p1a: Arcanine\n|-ability|p1b: Medicham|Intimidate|boost\n|-unboost|p2a: Heatran|atk|1\n|-unboost|p2b: Rillaboom|atk|1\n|\n|-heal|p1b: Medicham|82\/100|[from] Grassy Terrain\n|-heal|p1a: Arcanine|100\/100|[from] Grassy Terrain\n|upkeep\n|turn|2\n|inactive|Not Rain has 30 seconds left.\n|inactive|Not Rain has 20 seconds left.\n|inactive|Not Rain has 15 seconds left.\n|\n|t:|1700861088\n|switch|p1b: Tornadus|Tornadus, L50, M|100\/100\n|switch|p2b: Landorus|Landorus-Therian, L50, M|100\/100\n|-ability|p2b: Landorus|Intimidate|boost\n|-unboost|p1a: Arcanine|atk|1\n|-unboost|p1b: Tornadus|atk|1\n|-terastallize|p2a: Heatran|Grass\n|move|p1a: Arcanine|Rock Slide|p2b: Landorus|[spread] p2a,p2b\n|-damage|p2a: Heatran|73\/100\n|-damage|p2b: Landorus|58\/100\n|cant|p2a: Heatran|flinch\n|\n|-heal|p2a: Heatran|79\/100|[from] Grassy Terrain\n|upkeep\n|turn|3\n|inactive|Ronan Kenny has 30 seconds left.\n|\n|t:|1700861114\n|move|p1a: Arcanine|Protect|p1a: Arcanine\n|-singleturn|p1a: Arcanine|Protect\n|move|p2b: Landorus|Stomping Tantrum|p1a: Arcanine\n|-activate|p1a: Arcanine|move: Protect\n|move|p1b: Tornadus|Bleakwind Storm|p2a: Heatran|[spread] p2a,p2b\n|-supereffective|p2a: Heatran\n|-damage|p2a: Heatran|39\/100\n|-damage|p2b: Landorus|12\/100\n|move|p2a: Heatran|Heat Wave|p1a: Arcanine|[spread] p1b\n|-activate|p1a: Arcanine|move: Protect\n|-crit|p1b: Tornadus\n|-damage|p1b: Tornadus|42\/100\n|-status|p1b: Tornadus|brn\n|\n|-heal|p2a: Heatran|45\/100|[from] Grassy Terrain\n|-damage|p1b: Tornadus|36\/100 brn|[from] brn\n|upkeep\n|turn|4\n|inactive|Not Rain has 30 seconds left.\n|\n|t:|1700861139\n|switch|p2a: Rillaboom|Rillaboom, L50, F|100\/100\n|move|p1a: Arcanine|Extreme Speed|p2b: Landorus\n|-damage|p2b: Landorus|0 fnt\n|faint|p2b: Landorus\n|move|p1b: Tornadus|Bleakwind Storm|p2a: Rillaboom\n|-supereffective|p2a: Rillaboom\n|-damage|p2a: Rillaboom|0 fnt\n|faint|p2a: Rillaboom\n|\n|-damage|p1b: Tornadus|30\/100 brn|[from] brn\n|upkeep\n|\n|t:|1700861153\n|switch|p2b: Heatran|Heatran, L50, F, tera:Grass|45\/100\n|switch|p2a: Ninetales|Ninetales-Alola, L50, M|100\/100\n|-weather|Snow|[from] ability: Snow Warning|[of] p2a: Ninetales\n|turn|5\n|\n|t:|1700861165\n|move|p2a: Ninetales|Protect|p2a: Ninetales\n|-singleturn|p2a: Ninetales|Protect\n|move|p1b: Tornadus|Rain Dance|p1b: Tornadus\n|-weather|RainDance\n|move|p1a: Arcanine|Flare Blitz|p2a: Ninetales\n|-activate|p2a: Ninetales|move: Protect\n|move|p2b: Heatran|Earth Power|p1a: Arcanine\n|-supereffective|p1a: Arcanine\n|-damage|p1a: Arcanine|0 fnt\n|faint|p1a: Arcanine\n|\n|-weather|RainDance|[upkeep]\n|-heal|p2b: Heatran|52\/100|[from] Grassy Terrain\n|-damage|p1b: Tornadus|24\/100 brn|[from] brn\n|-fieldend|move: Grassy Terrain\n|upkeep\n|\n|t:|1700861176\n|switch|p1a: Rillaboom|Rillaboom, L50, F|100\/100\n|-fieldstart|move: Grassy Terrain|[from] ability: Grassy Surge|[of] p1a: Rillaboom\n|turn|6\n|\n|t:|1700861191\n|move|p1a: Rillaboom|Fake Out|p2a: Ninetales\n|-damage|p2a: Ninetales|82\/100\n|cant|p2a: Ninetales|flinch\n|move|p1b: Tornadus|Bleakwind Storm|p2b: Heatran|[spread] p2a,p2b\n|-supereffective|p2b: Heatran\n|-damage|p2a: Ninetales|42\/100\n|-damage|p2b: Heatran|15\/100\n|-unboost|p2a: Ninetales|spe|1\n|-unboost|p2b: Heatran|spe|1\n|move|p2b: Heatran|Flash Cannon|p1a: Rillaboom\n|-damage|p1a: Rillaboom|65\/100\n|\n|-weather|RainDance|[upkeep]\n|-heal|p2a: Ninetales|48\/100|[from] Grassy Terrain\n|-heal|p2a: Ninetales|55\/100|[from] item: Leftovers\n|-heal|p1a: Rillaboom|71\/100|[from] Grassy Terrain\n|-heal|p2b: Heatran|21\/100|[from] Grassy Terrain\n|-damage|p1b: Tornadus|18\/100 brn|[from] brn\n|upkeep\n|turn|7\n|\n|t:|1700861215\n|move|p1b: Tornadus|Tailwind|p1b: Tornadus\n|-sidestart|p1: Not Rain|move: Tailwind\n|move|p1a: Rillaboom|Wood Hammer|p2a: Ninetales\n|-damage|p2a: Ninetales|0 fnt\n|faint|p2a: Ninetales\n|-damage|p1a: Rillaboom|58\/100|[from] Recoil\n|move|p2b: Heatran|Heat Wave|p1a: Rillaboom|[spread] p1a,p1b\n|-supereffective|p1a: Rillaboom\n|-damage|p1a: Rillaboom|29\/100\n|-damage|p1b: Tornadus|0 fnt\n|faint|p1b: Tornadus\n|\n|-weather|RainDance|[upkeep]\n|-heal|p1a: Rillaboom|35\/100|[from] Grassy Terrain\n|-heal|p2b: Heatran|27\/100|[from] Grassy Terrain\n|upkeep\n|\n|t:|1700861221\n|switch|p1b: Medicham|Medicham, L50, M|82\/100\n|turn|8\n|\n|t:|1700861238\n|move|p1b: Medicham|Close Combat|p2b: Heatran\n|-damage|p2b: Heatran|0 fnt\n|-unboost|p1b: Medicham|def|1\n|-unboost|p1b: Medicham|spd|1\n|faint|p2b: Heatran\n|\n|win|Not Rain\n|raw|Not Rain's rating: 1317 &rarr; <strong>1333<\/strong><br \/>(+16 for winning)\n|raw|Ronan Kenny's rating: 1246 &rarr; <strong>1226<\/strong><br \/>(-20 for losing)\n|l|\u2606Ronan Kenny\n","uploadtime":1700861485,"views":10,"p1id":"notrain","p2id":"ronankenny","formatid":"gen9vgc2023regulatione","rating":1226,"private":0,"password":""}