{"id":"gen9vgc2023regulatione-1998095589","p1":"That_Leek","p2":"Proffesor_Karrot","format":"[Gen 9] VGC 2023 Regulation E","log":"|j|\u2606That_Leek\n|j|\u2606Proffesor_Karrot\n|t:|1700890526\n|gametype|doubles\n|player|p1|That_Leek|blue|1476\n|player|p2|Proffesor_Karrot|lady|1588\n|teamsize|p1|6\n|teamsize|p2|6\n|gen|9\n|tier|[Gen 9] VGC 2023 Regulation E\n|rated|\n|rule|Species Clause: Limit one of each Pok\u00e9mon\n|rule|Item Clause: Limit one of each item\n|clearpoke\n|poke|p1|Gholdengo, L50|\n|poke|p1|Ogerpon-Wellspring, L50, F|\n|poke|p1|Arcanine-Hisui, L50, F|\n|poke|p1|Chien-Pao, L50|\n|poke|p1|Scream Tail, L50|\n|poke|p1|Dragonite, L50, M|\n|poke|p2|Farigiraf, L50, M|\n|poke|p2|Landorus, L50, M|\n|poke|p2|Urshifu-*, L50, M|\n|poke|p2|Heatran, L50, M|\n|poke|p2|Iron Bundle, L50|\n|poke|p2|Rillaboom, L50, M|\n|teampreview|4\n|inactive|Battle timer is ON: inactive players will automatically lose when time's up. (requested by Proffesor_Karrot)\nThat_Leek has agreed to open team sheets.\n|\n|t:|1700890548\n|start\n|switch|p1a: Arcanine|Arcanine-Hisui, L50, F|100\/100\n|switch|p1b: Scream Tail|Scream Tail, L50|100\/100\n|switch|p2a: Heatran|Heatran, L50, M|100\/100\n|switch|p2b: Urshifu|Urshifu, L50, M|100\/100\n|-ability|p1a: Arcanine|Intimidate|boost\n|-unboost|p2a: Heatran|atk|1\n|-unboost|p2b: Urshifu|atk|1\n|-enditem|p1b: Scream Tail|Booster Energy\n|-activate|p1b: Scream Tail|ability: Protosynthesis|[fromitem]\n|-start|p1b: Scream Tail|protosynthesisspe\n|turn|1\n|inactive|That_Leek has 30 seconds left.\n|inactive|Proffesor_Karrot has 30 seconds left.\n|inactive|That_Leek has 20 seconds left.\n|inactive|That_Leek has 15 seconds left.\n|inactive|That_Leek has 10 seconds left.\n|\n|t:|1700890595\n|-terastallize|p1a: Arcanine|Normal\n|move|p1b: Scream Tail|Thunder Wave|p2a: Heatran\n|-status|p2a: Heatran|par\n|move|p1a: Arcanine|Rock Slide|p2b: Urshifu|[spread] p2a,p2b\n|-resisted|p2b: Urshifu\n|-damage|p2a: Heatran|65\/100 par\n|-damage|p2b: Urshifu|78\/100\n|move|p2b: Urshifu|Close Combat|p1a: Arcanine\n|-supereffective|p1a: Arcanine\n|-damage|p1a: Arcanine|0 fnt\n|-unboost|p2b: Urshifu|def|1\n|-unboost|p2b: Urshifu|spd|1\n|faint|p1a: Arcanine\n|cant|p2a: Heatran|flinch\n|\n|upkeep\n|\n|t:|1700890603\n|switch|p1a: Ogerpon|Ogerpon-Wellspring, L50, F|100\/100\n|turn|2\n|inactive|Proffesor_Karrot has 30 seconds left.\n|inactive|Proffesor_Karrot has 20 seconds left.\n|\n|t:|1700890638\n|move|p2b: Urshifu|Sucker Punch|p1a: Ogerpon\n|-damage|p1a: Ogerpon|76\/100\n|move|p1b: Scream Tail|Thunder Wave|p2b: Urshifu\n|-status|p2b: Urshifu|par\n|move|p1a: Ogerpon|Ivy Cudgel|p2b: Urshifu|[anim] Ivy Cudgel Water\n|-damage|p2b: Urshifu|0 fnt\n|faint|p2b: Urshifu\n|move|p2a: Heatran|Flash Cannon|p1b: Scream Tail\n|-supereffective|p1b: Scream Tail\n|-damage|p1b: Scream Tail|37\/100\n|\n|upkeep\n|\n|t:|1700890649\n|switch|p2b: Rillaboom|Rillaboom, L50, M|100\/100\n|-fieldstart|move: Grassy Terrain|[from] ability: Grassy Surge|[of] p2b: Rillaboom\n|turn|3\n|\n|t:|1700890666\n|move|p2b: Rillaboom|Fake Out|p1a: Ogerpon\n|-damage|p1a: Ogerpon|63\/100\n|move|p1b: Scream Tail|Thunder Wave|p2b: Rillaboom\n|-status|p2b: Rillaboom|par\n|cant|p1a: Ogerpon|flinch\n|move|p2a: Heatran|Flash Cannon|p1b: Scream Tail\n|-supereffective|p1b: Scream Tail\n|-damage|p1b: Scream Tail|0 fnt\n|faint|p1b: Scream Tail\n|-end|p1b: Scream Tail|Protosynthesis|[silent]\n|\n|-heal|p1a: Ogerpon|68\/100|[from] Grassy Terrain\n|-heal|p2a: Heatran|71\/100 par|[from] Grassy Terrain\n|upkeep\n|\n|t:|1700890669\n|switch|p1b: Chien-Pao|Chien-Pao, L50|100\/100\n|-ability|p1b: Chien-Pao|Sword of Ruin\n|turn|4\n|\n|t:|1700890685\n|switch|p2b: Farigiraf|Farigiraf, L50, M|100\/100\n|-terastallize|p2a: Heatran|Fairy\n|move|p1b: Chien-Pao|Ice Spinner|p2b: Farigiraf\n|-damage|p2b: Farigiraf|54\/100\n|-fieldend|move: Grassy Terrain\n|move|p1a: Ogerpon|Ivy Cudgel|p2a: Heatran|[anim] Ivy Cudgel Water\n|-crit|p2a: Heatran\n|-damage|p2a: Heatran|0 fnt\n|faint|p2a: Heatran\n|\n|upkeep\n|\n|t:|1700890695\n|switch|p2a: Rillaboom|Rillaboom, L50, M|100\/100 par\n|-fieldstart|move: Grassy Terrain|[from] ability: Grassy Surge|[of] p2a: Rillaboom\n|turn|5\n|inactive|That_Leek has 30 seconds left.\n|\n|t:|1700890725\n|move|p1b: Chien-Pao|Protect|p1b: Chien-Pao\n|-singleturn|p1b: Chien-Pao|Protect\n|move|p1a: Ogerpon|Spiky Shield|p1a: Ogerpon\n|-singleturn|p1a: Ogerpon|move: Protect\n|move|p2b: Farigiraf|Hyper Voice|p1b: Chien-Pao|[spread] \n|-activate|p1a: Ogerpon|move: Protect\n|-activate|p1b: Chien-Pao|move: Protect\n|move|p2a: Rillaboom|Wood Hammer|p1a: Ogerpon\n|-activate|p1a: Ogerpon|move: Protect\n|-damage|p2a: Rillaboom|88\/100 par|[from] Spiky Shield|[of] p1a: Ogerpon\n|\n|-heal|p1a: Ogerpon|74\/100|[from] Grassy Terrain\n|-heal|p2b: Farigiraf|60\/100|[from] Grassy Terrain\n|-heal|p2a: Rillaboom|94\/100 par|[from] Grassy Terrain\n|upkeep\n|turn|6\n|\n|t:|1700890733\n|move|p1b: Chien-Pao|Ice Spinner|p2a: Rillaboom\n|-supereffective|p2a: Rillaboom\n|-damage|p2a: Rillaboom|0 fnt\n|-fieldend|move: Grassy Terrain\n|faint|p2a: Rillaboom\n|move|p1a: Ogerpon|Ivy Cudgel|p2b: Farigiraf|[anim] Ivy Cudgel Water\n|-damage|p2b: Farigiraf|0 fnt\n|faint|p2b: Farigiraf\n|\n|win|That_Leek\n|raw|That_Leek's rating: 1476 &rarr; <strong>1502<\/strong><br \/>(+26 for winning)\n|raw|Proffesor_Karrot's rating: 1588 &rarr; <strong>1562<\/strong><br \/>(-26 for losing)\n|l|\u2606Proffesor_Karrot\n","uploadtime":1700890770,"views":3,"p1id":"thatleek","p2id":"proffesorkarrot","formatid":"gen9vgc2023regulatione","rating":1502,"private":0,"password":""}