{"id":"gen9vgc2023regulatione-1992477317","p1":"JasePokemonTwitter","p2":"SnrubYesthatlldo","format":"[Gen 9] VGC 2023 Regulation E","log":"|j|\u2606JasePokemonTwitter\n|j|\u2606SnrubYesthatlldo\n|t:|1700192434\n|gametype|doubles\n|player|p1|JasePokemonTwitter|youngster-gen4dp|1667\n|player|p2|SnrubYesthatlldo|102|1718\n|teamsize|p1|6\n|teamsize|p2|6\n|gen|9\n|tier|[Gen 9] VGC 2023 Regulation E\n|rated|\n|rule|Species Clause: Limit one of each Pok\u00e9mon\n|rule|Item Clause: Limit one of each item\n|clearpoke\n|poke|p1|Sableye, L50, F|\n|poke|p1|Ninetales-Alola, L50, F|\n|poke|p1|Espathra, L50, F|\n|poke|p1|Heatran, L50, F|\n|poke|p1|Iron Valiant, L50|\n|poke|p1|Zapdos, L50|\n|poke|p2|Roaring Moon, L50|\n|poke|p2|Chi-Yu, L50|\n|poke|p2|Flutter Mane, L50|\n|poke|p2|Amoonguss, L50, F|\n|poke|p2|Corviknight, L50, F|\n|poke|p2|Urshifu-*, L50, M|\n|teampreview|4\nSnrubYesthatlldo has agreed to open team sheets.\n|inactive|Battle timer is ON: inactive players will automatically lose when time's up. (requested by SnrubYesthatlldo)\n|\n|t:|1700192495\n|start\n|switch|p1a: Heatran|Heatran, L50, F|100\/100\n|switch|p1b: Sableye|Sableye, L50, F|100\/100\n|switch|p2a: Roaring Moon|Roaring Moon, L50|100\/100\n|switch|p2b: Chi-Yu|Chi-Yu, L50|100\/100\n|-ability|p2b: Chi-Yu|Beads of Ruin\n|-enditem|p2a: Roaring Moon|Booster Energy\n|-activate|p2a: Roaring Moon|ability: Protosynthesis|[fromitem]\n|-start|p2a: Roaring Moon|protosynthesisspe\n|turn|1\n|\n|t:|1700192515\n|move|p2a: Roaring Moon|Protect|p2a: Roaring Moon\n|-singleturn|p2a: Roaring Moon|Protect\n|move|p1b: Sableye|Gravity|p1b: Sableye\n|-fieldstart|move: Gravity\n|move|p2b: Chi-Yu|Overheat|p1b: Sableye\n|-enditem|p1b: Sableye|Focus Sash\n|-damage|p1b: Sableye|1\/100\n|-unboost|p2b: Chi-Yu|spa|2\n|move|p1a: Heatran|Magma Storm|p2a: Roaring Moon\n|-activate|p2a: Roaring Moon|move: Protect\n|\n|upkeep\n|turn|2\n|\n|t:|1700192536\n|move|p1b: Sableye|Will-O-Wisp|p2a: Roaring Moon\n|-hint|Since gen 7, Dark is immune to Prankster moves.\n|-immune|p2a: Roaring Moon\n|move|p2a: Roaring Moon|Breaking Swipe|p1a: Heatran|[spread] p1a,p1b\n|-resisted|p1a: Heatran\n|-damage|p1a: Heatran|92\/100\n|-damage|p1b: Sableye|0 fnt\n|-unboost|p1a: Heatran|atk|1\n|faint|p1b: Sableye\n|move|p2b: Chi-Yu|Snarl|p1a: Heatran\n|-damage|p1a: Heatran|77\/100\n|-unboost|p1a: Heatran|spa|1\n|move|p1a: Heatran|Magma Storm|p2a: Roaring Moon\n|-resisted|p2a: Roaring Moon\n|-damage|p2a: Roaring Moon|79\/100\n|-activate|p2a: Roaring Moon|move: Magma Storm|[of] p1a: Heatran\n|\n|-heal|p1a: Heatran|83\/100|[from] item: Leftovers\n|-damage|p2a: Roaring Moon|67\/100|[from] move: Magma Storm|[partiallytrapped]\n|upkeep\n|\n|t:|1700192559\n|switch|p1b: Espathra|Espathra, L50, F|100\/100\n|turn|3\n|\n|t:|1700192573\n|-terastallize|p1b: Espathra|Fire\n|move|p2a: Roaring Moon|Tailwind|p2a: Roaring Moon\n|-sidestart|p2: SnrubYesthatlldo|move: Tailwind\n|move|p2b: Chi-Yu|Snarl|p1a: Heatran|[spread] p1a,p1b\n|-damage|p1a: Heatran|71\/100\n|-damage|p1b: Espathra|85\/100\n|-unboost|p1a: Heatran|spa|1\n|-unboost|p1b: Espathra|spa|1\n|move|p1b: Espathra|Hypnosis|p2b: Chi-Yu\n|-status|p2b: Chi-Yu|slp|[from] move: Hypnosis\n|move|p1a: Heatran|Magma Storm|p2b: Chi-Yu\n|-resisted|p2b: Chi-Yu\n|-damage|p2b: Chi-Yu|86\/100 slp\n|-activate|p2b: Chi-Yu|move: Magma Storm|[of] p1a: Heatran\n|\n|-heal|p1a: Heatran|77\/100|[from] item: Leftovers\n|-damage|p2a: Roaring Moon|55\/100|[from] move: Magma Storm|[partiallytrapped]\n|-damage|p2b: Chi-Yu|74\/100 slp|[from] move: Magma Storm|[partiallytrapped]\n|-ability|p1b: Espathra|Speed Boost|boost\n|-boost|p1b: Espathra|spe|1\n|upkeep\n|turn|4\n|\n|t:|1700192597\n|move|p2a: Roaring Moon|Knock Off|p1a: Heatran\n|-damage|p1a: Heatran|37\/100\n|-enditem|p1a: Heatran|Leftovers|[from] move: Knock Off|[of] p2a: Roaring Moon\n|cant|p2b: Chi-Yu|slp\n|move|p1b: Espathra|Calm Mind|p1b: Espathra\n|-boost|p1b: Espathra|spa|1\n|-boost|p1b: Espathra|spd|1\n|move|p1a: Heatran|Substitute|p1a: Heatran\n|-start|p1a: Heatran|Substitute\n|-damage|p1a: Heatran|13\/100\n|\n|-damage|p2a: Roaring Moon|42\/100|[from] move: Magma Storm|[partiallytrapped]\n|-damage|p2b: Chi-Yu|62\/100 slp|[from] move: Magma Storm|[partiallytrapped]\n|-ability|p1b: Espathra|Speed Boost|boost\n|-boost|p1b: Espathra|spe|1\n|upkeep\n|turn|5\n|j| mookystank\n|\n|t:|1700192620\n|move|p1b: Espathra|Protect|p1b: Espathra\n|-singleturn|p1b: Espathra|Protect\n|move|p2a: Roaring Moon|Knock Off|p1b: Espathra\n|-activate|p1b: Espathra|move: Protect\n|cant|p2b: Chi-Yu|slp\n|move|p1a: Heatran|Magma Storm|p2a: Roaring Moon\n|-resisted|p2a: Roaring Moon\n|-damage|p2a: Roaring Moon|25\/100\n|\n|-damage|p2a: Roaring Moon|13\/100|[from] move: Magma Storm|[partiallytrapped]\n|-damage|p2b: Chi-Yu|49\/100 slp|[from] move: Magma Storm|[partiallytrapped]\n|-fieldend|move: Gravity\n|-ability|p1b: Espathra|Speed Boost|boost\n|-boost|p1b: Espathra|spe|1\n|upkeep\n|turn|6\n|j| huangshunjian\n|\n|t:|1700192643\n|move|p2a: Roaring Moon|Protect|p2a: Roaring Moon\n|-singleturn|p2a: Roaring Moon|Protect\n|move|p1b: Espathra|Calm Mind|p1b: Espathra\n|-boost|p1b: Espathra|spa|1\n|-boost|p1b: Espathra|spd|1\n|-curestatus|p2b: Chi-Yu|slp|[msg]\n|move|p2b: Chi-Yu|Snarl|p1a: Heatran|[spread] p1a,p1b\n|-damage|p1a: Heatran|2\/100\n|-damage|p1b: Espathra|77\/100\n|-unboost|p1a: Heatran|spa|1\n|-unboost|p1b: Espathra|spa|1\n|move|p1a: Heatran|Earth Power|p2b: Chi-Yu\n|-supereffective|p2b: Chi-Yu\n|-damage|p2b: Chi-Yu|23\/100\n|\n|-end|p2a: Roaring Moon|Magma Storm|[partiallytrapped]\n|-damage|p2b: Chi-Yu|11\/100|[from] move: Magma Storm|[partiallytrapped]\n|-sideend|p2: SnrubYesthatlldo|move: Tailwind\n|-ability|p1b: Espathra|Speed Boost|boost\n|-boost|p1b: Espathra|spe|1\n|upkeep\n|turn|7\n|inactive|JasePokemonTwitter has 30 seconds left.\n|\n|t:|1700192676\n|move|p1a: Heatran|Protect|p1a: Heatran\n|-singleturn|p1a: Heatran|Protect\n|move|p1b: Espathra|Hypnosis|p2a: Roaring Moon\n|-status|p2a: Roaring Moon|slp|[from] move: Hypnosis\n|cant|p2a: Roaring Moon|slp\n|move|p2b: Chi-Yu|Snarl|p1b: Espathra|[spread] p1b\n|-activate|p1a: Heatran|move: Protect\n|-damage|p1b: Espathra|68\/100\n|-unboost|p1b: Espathra|spa|1\n|\n|-damage|p2b: Chi-Yu|0 fnt|[from] move: Magma Storm|[partiallytrapped]\n|faint|p2b: Chi-Yu\n|-ability|p1b: Espathra|Speed Boost|boost\n|-boost|p1b: Espathra|spe|1\n|upkeep\n|\n|t:|1700192683\n|switch|p2b: Urshifu|Urshifu-Rapid-Strike, L50, M|100\/100\n|turn|8\n|j| neusrel\n|\n|t:|1700192705\n|-terastallize|p2b: Urshifu|Water\n|-curestatus|p2a: Roaring Moon|slp|[msg]\n|move|p2a: Roaring Moon|Protect|p2a: Roaring Moon\n|-singleturn|p2a: Roaring Moon|Protect\n|move|p2b: Urshifu|Aqua Jet|p1b: Espathra\n|-supereffective|p1b: Espathra\n|-damage|p1b: Espathra|0 fnt\n|faint|p1b: Espathra\n|move|p1a: Heatran|Earth Power|p2a: Roaring Moon\n|-activate|p2a: Roaring Moon|move: Protect\n|\n|upkeep\n|\n|t:|1700192714\n|switch|p1b: Ninetales|Ninetales-Alola, L50, F|100\/100\n|-weather|Snow|[from] ability: Snow Warning|[of] p1b: Ninetales\n|turn|9\n|\n|t:|1700192723\n|move|p2a: Roaring Moon|Tailwind|p2a: Roaring Moon\n|-sidestart|p2: SnrubYesthatlldo|move: Tailwind\n|move|p2b: Urshifu|Surging Strikes|p1a: Heatran\n|-supereffective|p1a: Heatran\n|-crit|p1a: Heatran\n|-end|p1a: Heatran|Substitute\n|-supereffective|p1a: Heatran\n|-crit|p1a: Heatran\n|-damage|p1a: Heatran|0 fnt\n|faint|p1a: Heatran\n|-hitcount|p1: Heatran|2\n|move|p1b: Ninetales|Blizzard|p2a: Roaring Moon|[spread] p2a,p2b\n|-supereffective|p2a: Roaring Moon\n|-resisted|p2b: Urshifu\n|-damage|p2a: Roaring Moon|0 fnt\n|-damage|p2b: Urshifu|83\/100\n|faint|p2a: Roaring Moon\n|-end|p2a: Roaring Moon|Protosynthesis|[silent]\n|\n|-weather|Snow|[upkeep]\n|upkeep\n|\n|t:|1700192735\n|switch|p2a: Flutter Mane|Flutter Mane, L50|100\/100\n|turn|10\n|-message|JasePokemonTwitter forfeited.\n|\n|win|SnrubYesthatlldo\n|raw|JasePokemonTwitter's rating: 1667 &rarr; <strong>1650<\/strong><br \/>(-17 for losing)\n|raw|SnrubYesthatlldo's rating: 1718 &rarr; <strong>1735<\/strong><br \/>(+17 for winning)\n|l|\u2606JasePokemonTwitter\n","uploadtime":1700192756,"views":24,"p1id":"jasepokemontwitter","p2id":"snrubyesthatlldo","formatid":"gen9vgc2023regulatione","rating":1650,"private":0,"password":""}