{"id":"gen9vgc2023regulatione-1994845938","p1":"TheTantricPoke","p2":"monkeyhighbooster","format":"[Gen 9] VGC 2023 Regulation E","log":"|j|\u2606TheTantricPoke\n|j|\u2606monkeyhighbooster\n|t:|1700498129\n|gametype|doubles\n|player|p1|TheTantricPoke|shauntal|1136\n|player|p2|monkeyhighbooster|lucas-gen4pt|1152\n|teamsize|p1|6\n|teamsize|p2|6\n|gen|9\n|tier|[Gen 9] VGC 2023 Regulation E\n|rated|\n|rule|Species Clause: Limit one of each Pok\u00e9mon\n|rule|Item Clause: Limit one of each item\n|clearpoke\n|poke|p1|Heatran, L50, M|\n|poke|p1|Urshifu-*, L50, F|\n|poke|p1|Dragonite, L50, F|\n|poke|p1|Chien-Pao, L50|\n|poke|p1|Amoonguss, L50, F|\n|poke|p1|Flutter Mane, L50|\n|poke|p2|Grimmsnarl, L50, M|\n|poke|p2|Pawmot, L50, F|\n|poke|p2|Gyarados, L50, M|\n|poke|p2|Arcanine, L50, M|\n|poke|p2|Golem, L50, F|\n|poke|p2|Hawlucha, L50, F|\n|teampreview|4\n|\n|t:|1700498174\n|start\n|switch|p1a: Flutter Mane|Flutter Mane, L50|100\/100\n|switch|p1b: Heatran|Heatran, L50, M|100\/100\n|switch|p2a: Grimmsnarl|Grimmsnarl, L50, M|100\/100\n|switch|p2b: Hawlucha|Hawlucha, L50, F, shiny|100\/100\n|-enditem|p1a: Flutter Mane|Booster Energy\n|-activate|p1a: Flutter Mane|ability: Protosynthesis|[fromitem]\n|-start|p1a: Flutter Mane|protosynthesisspe\n|turn|1\n|inactive|Battle timer is ON: inactive players will automatically lose when time's up. (requested by TheTantricPoke)\n|\n|t:|1700498208\n|move|p2a: Grimmsnarl|Swagger|p1a: Flutter Mane\n|-boost|p1a: Flutter Mane|atk|2\n|-enditem|p2b: Hawlucha|Mirror Herb\n|-boost|p2b: Hawlucha|atk|2|[from] item: Mirror Herb\n|-start|p1a: Flutter Mane|confusion\n|move|p2b: Hawlucha|Acrobatics|p1a: Flutter Mane\n|-damage|p1a: Flutter Mane|0 fnt\n|faint|p1a: Flutter Mane\n|-end|p1a: Flutter Mane|Protosynthesis|[silent]\n|move|p1b: Heatran|Heat Wave|p2a: Grimmsnarl|[spread] p2b\n|-miss|p1b: Heatran|p2a: Grimmsnarl\n|-damage|p2b: Hawlucha|36\/100\n|\n|upkeep\n|\n|t:|1700498226\n|switch|p1a: Amoonguss|Amoonguss, L50, F|100\/100\n|turn|2\n|inactive|monkeyhighbooster has 30 seconds left.\n|inactive|monkeyhighbooster has 20 seconds left.\n|\n|t:|1700498266\n|move|p1a: Amoonguss|Protect|p1a: Amoonguss\n|-singleturn|p1a: Amoonguss|Protect\n|move|p2a: Grimmsnarl|Light Screen|p2a: Grimmsnarl\n|-sidestart|p2: monkeyhighbooster|move: Light Screen\n|move|p2b: Hawlucha|Acrobatics|p1a: Amoonguss\n|-activate|p1a: Amoonguss|move: Protect\n|move|p1b: Heatran|Heat Wave|p2b: Hawlucha|[spread] p2a,p2b\n|-damage|p2a: Grimmsnarl|81\/100\n|-damage|p2b: Hawlucha|0 fnt\n|faint|p2b: Hawlucha\n|\n|upkeep\n|\n|t:|1700498271\n|switch|p2b: Arcanine|Arcanine, L50, M|100\/100\n|-ability|p2b: Arcanine|Intimidate|boost\n|-unboost|p1a: Amoonguss|atk|1\n|-unboost|p1b: Heatran|atk|1\n|turn|3\n|inactive|monkeyhighbooster has 30 seconds left.\n|\n|t:|1700498297\n|-terastallize|p1a: Amoonguss|Water\n|move|p2a: Grimmsnarl|Parting Shot|p1b: Heatran\n|-unboost|p1b: Heatran|atk|1\n|-unboost|p1b: Heatran|spa|1\n|\n|t:|1700498301\n|switch|p2a: Gyarados|Gyarados, L50, M|100\/100|[from] Parting Shot\n|-ability|p2a: Gyarados|Intimidate|boost\n|-unboost|p1a: Amoonguss|atk|1\n|-unboost|p1b: Heatran|atk|1\n|move|p2b: Arcanine|Flare Blitz|p1a: Amoonguss\n|-resisted|p1a: Amoonguss\n|-damage|p1a: Amoonguss|77\/100\n|-damage|p2b: Arcanine|92\/100|[from] Recoil\n|move|p1b: Heatran|Flash Cannon|p2a: Gyarados\n|-resisted|p2a: Gyarados\n|-damage|p2a: Gyarados|95\/100\n|move|p1a: Amoonguss|Spore|p2b: Arcanine\n|-status|p2b: Arcanine|slp|[from] move: Spore\n|\n|-heal|p2b: Arcanine|98\/100 slp|[from] item: Leftovers\n|upkeep\n|turn|4\n|inactive|monkeyhighbooster has 30 seconds left.\n|inactive|monkeyhighbooster has 20 seconds left.\n|inactive|monkeyhighbooster has 15 seconds left.\n|\n|t:|1700498344\n|-terastallize|p2a: Gyarados|Water\n|move|p1b: Heatran|Protect|p1b: Heatran\n|-singleturn|p1b: Heatran|Protect\n|cant|p2b: Arcanine|slp\n|move|p2a: Gyarados|Waterfall|p1b: Heatran\n|-activate|p1b: Heatran|move: Protect\n|move|p1a: Amoonguss|Spore|p2a: Gyarados\n|-status|p2a: Gyarados|slp|[from] move: Spore\n|\n|-heal|p2b: Arcanine|100\/100 slp|[from] item: Leftovers\n|upkeep\n|turn|5\n|c|\u2606monkeyhighbooster|so trash LMAO\n|c|\u2606monkeyhighbooster|bro has to use amoonguss to win :skull:\n|inactive|monkeyhighbooster has 30 seconds left.\n|\n|t:|1700498374\n|switch|p1a: Urshifu|Urshifu-Rapid-Strike, L50, F|100\/100\n|-curestatus|p2b: Arcanine|slp|[msg]\n|move|p2b: Arcanine|Will-O-Wisp|p1a: Urshifu\n|-status|p1a: Urshifu|brn\n|cant|p2a: Gyarados|slp\n|move|p1b: Heatran|Earth Power|p2b: Arcanine\n|-supereffective|p2b: Arcanine\n|-damage|p2b: Arcanine|70\/100\n|\n|-heal|p2b: Arcanine|76\/100|[from] item: Leftovers\n|-damage|p1a: Urshifu|94\/100 brn|[from] brn\n|upkeep\n|turn|6\n|c|\u2606TheTantricPoke|the goat\n|\n|t:|1700498397\n|move|p2b: Arcanine|Extreme Speed|p1a: Urshifu\n|-damage|p1a: Urshifu|71\/100 brn\n|move|p1a: Urshifu|Surging Strikes|p2b: Arcanine\n|-supereffective|p2b: Arcanine\n|-crit|p2b: Arcanine\n|-damage|p2b: Arcanine|54\/100\n|-supereffective|p2b: Arcanine\n|-crit|p2b: Arcanine\n|-damage|p2b: Arcanine|33\/100\n|-supereffective|p2b: Arcanine\n|-crit|p2b: Arcanine\n|-damage|p2b: Arcanine|12\/100\n|-hitcount|p2b: Arcanine|3\n|cant|p2a: Gyarados|slp\n|move|p1b: Heatran|Earth Power|p2b: Arcanine\n|-supereffective|p2b: Arcanine\n|-damage|p2b: Arcanine|0 fnt\n|faint|p2b: Arcanine\n|\n|-damage|p1a: Urshifu|65\/100 brn|[from] brn\n|-sideend|p2: monkeyhighbooster|move: Light Screen\n|upkeep\n|\n|t:|1700498401\n|switch|p2b: Grimmsnarl|Grimmsnarl, L50, M|81\/100\n|turn|7\n|c|\u2606TheTantricPoke|bro as to 1twu to stay in game\n|inactive|TheTantricPoke has 30 seconds left.\n|c|\u2606monkeyhighbooster|tf you just say\n|\n|t:|1700498431\n|switch|p1a: Amoonguss|Amoonguss, L50, F, tera:Water|100\/100\n|move|p2b: Grimmsnarl|Fake Out|p1a: Amoonguss\n|-damage|p1a: Amoonguss|92\/100\n|-curestatus|p2a: Gyarados|slp|[msg]\n|move|p2a: Gyarados|Ice Fang|p1b: Heatran\n|-resisted|p1b: Heatran\n|-damage|p1b: Heatran|95\/100\n|move|p1b: Heatran|Flash Cannon|p2b: Grimmsnarl\n|-supereffective|p2b: Grimmsnarl\n|-damage|p2b: Grimmsnarl|35\/100\n|-enditem|p2b: Grimmsnarl|Sitrus Berry|[eat]\n|-heal|p2b: Grimmsnarl|60\/100|[from] item: Sitrus Berry\n|\n|-heal|p1b: Heatran|100\/100|[from] item: Leftovers\n|upkeep\n|turn|8\n|c|\u2606monkeyhighbooster|english mf\n|c|\u2606TheTantricPoke|it is\n|inactive|monkeyhighbooster has 30 seconds left.\n|c|\u2606TheTantricPoke|w\/a an h\n|c|\u2606monkeyhighbooster|tf is 1twu\n|inactive|monkeyhighbooster has 20 seconds left.\n|inactive|monkeyhighbooster has 15 seconds left.\n|c|\u2606TheTantricPoke|1 turn wake up\n|inactive|monkeyhighbooster has 10 seconds left.\n|c|\u2606TheTantricPoke|lol\n|\n|t:|1700498478\n|move|p1b: Heatran|Protect|p1b: Heatran\n|-singleturn|p1b: Heatran|Protect\n|move|p2b: Grimmsnarl|Swagger|p1a: Amoonguss\n|-boost|p1a: Amoonguss|atk|2\n|-start|p1a: Amoonguss|confusion\n|move|p2a: Gyarados|Crunch|p1a: Amoonguss\n|-crit|p1a: Amoonguss\n|-damage|p1a: Amoonguss|60\/100\n|-activate|p1a: Amoonguss|confusion\n|move|p1a: Amoonguss|Spore|p2a: Gyarados\n|-status|p2a: Gyarados|slp|[from] move: Spore\n|\n|upkeep\n|turn|9\n|inactive|TheTantricPoke has 30 seconds left.\n|c|\u2606monkeyhighbooster|this guy is nothing without these braindead mons smh\n|\n|t:|1700498512\n|move|p2b: Grimmsnarl|Light Screen|p2b: Grimmsnarl\n|-sidestart|p2: monkeyhighbooster|move: Light Screen\n|cant|p2a: Gyarados|slp\n|move|p1b: Heatran|Flash Cannon|p2b: Grimmsnarl\n|-supereffective|p2b: Grimmsnarl\n|-damage|p2b: Grimmsnarl|28\/100\n|-activate|p1a: Amoonguss|confusion\n|move|p1a: Amoonguss|Pollen Puff|p2b: Grimmsnarl\n|-damage|p2b: Grimmsnarl|19\/100\n|\n|upkeep\n|turn|10\n|inactive|monkeyhighbooster has 30 seconds left.\n|c|\u2606monkeyhighbooster|asnoozeguss, boreshifu, sleepnpao, flutter lame\n|c|\u2606TheTantricPoke|are all legit\n|inactive|monkeyhighbooster has 20 seconds left.\n|c|\u2606monkeyhighbooster|are all carrying you\n|c|\u2606TheTantricPoke|yes they are\n|inactive|monkeyhighbooster has 15 seconds left.\n|inactive|monkeyhighbooster has 10 seconds left.\n|c|\u2606TheTantricPoke|u know, a team is made of 6\n|\n|t:|1700498560\n|switch|p1a: Urshifu|Urshifu-Rapid-Strike, L50, F|65\/100 brn\n|move|p2b: Grimmsnarl|Swagger|p1a: Urshifu\n|-boost|p1a: Urshifu|atk|2\n|-start|p1a: Urshifu|confusion\n|-curestatus|p2a: Gyarados|slp|[msg]\n|move|p2a: Gyarados|Waterfall|p1b: Heatran\n|-supereffective|p1b: Heatran\n|-damage|p1b: Heatran|4\/100\n|cant|p1b: Heatran|flinch\n|\n|-heal|p1b: Heatran|10\/100|[from] item: Leftovers\n|-damage|p1a: Urshifu|59\/100 brn|[from] brn\n|upkeep\n|turn|11\n|c|\u2606TheTantricPoke|finnaly u won! how can u be upset? u scam\n|inactive|TheTantricPoke has 30 seconds left.\n|c|\u2606monkeyhighbooster|scam?\n|inactive|TheTantricPoke has 20 seconds left.\n|\n|t:|1700498596\n|move|p1b: Heatran|Protect|p1b: Heatran\n|-singleturn|p1b: Heatran|Protect\n|move|p2b: Grimmsnarl|Parting Shot|p1a: Urshifu\n|-unboost|p1a: Urshifu|atk|1\n|-unboost|p1a: Urshifu|spa|1\n|-activate|p1a: Urshifu|confusion\n|move|p1a: Urshifu|U-turn|p2a: Gyarados\n|-damage|p2a: Gyarados|75\/100\n|c|\u2606monkeyhighbooster|what is this clown talking about\n|\n|t:|1700498605\n|switch|p1a: Amoonguss|Amoonguss, L50, F, tera:Water|93\/100|[from] U-turn\n|move|p2a: Gyarados|Waterfall|p1a: Amoonguss\n|-resisted|p1a: Amoonguss\n|-damage|p1a: Amoonguss|72\/100\n|\n|-heal|p1b: Heatran|16\/100|[from] item: Leftovers\n|upkeep\n|turn|12\n|\n|t:|1700498617\n|switch|p1b: Urshifu|Urshifu-Rapid-Strike, L50, F|59\/100 brn\n|move|p2b: Grimmsnarl|Swagger|p1a: Amoonguss\n|-boost|p1a: Amoonguss|atk|2\n|-start|p1a: Amoonguss|confusion\n|move|p2a: Gyarados|Waterfall|p1b: Urshifu\n|-resisted|p1b: Urshifu\n|-damage|p1b: Urshifu|31\/100 brn\n|-activate|p1a: Amoonguss|confusion\n|move|p1a: Amoonguss|Spore|p2a: Gyarados\n|-status|p2a: Gyarados|slp|[from] move: Spore\n|\n|-damage|p1b: Urshifu|24\/100 brn|[from] brn\n|upkeep\n|turn|13\n|\n|t:|1700498639\n|move|p2b: Grimmsnarl|Swagger|p1a: Amoonguss\n|-boost|p1a: Amoonguss|atk|2\n|move|p1b: Urshifu|Close Combat|p2a: Gyarados\n|-damage|p2a: Gyarados|39\/100 slp\n|-unboost|p1b: Urshifu|def|1\n|-unboost|p1b: Urshifu|spd|1\n|cant|p2a: Gyarados|slp\n|-activate|p1a: Amoonguss|confusion\n|-damage|p1a: Amoonguss|58\/100|[from] confusion\n|\n|-damage|p1b: Urshifu|18\/100 brn|[from] brn\n|-sideend|p2: monkeyhighbooster|move: Light Screen\n|upkeep\n|turn|14\n|\n|t:|1700498657\n|move|p2b: Grimmsnarl|Light Screen|p2b: Grimmsnarl\n|-sidestart|p2: monkeyhighbooster|move: Light Screen\n|move|p1b: Urshifu|Close Combat|p2a: Gyarados\n|-damage|p2a: Gyarados|8\/100 slp\n|-unboost|p1b: Urshifu|def|1\n|-unboost|p1b: Urshifu|spd|1\n|cant|p2a: Gyarados|slp\n|-end|p1a: Amoonguss|confusion\n|move|p1a: Amoonguss|Pollen Puff|p1b: Urshifu\n|-heal|p1b: Urshifu|68\/100 brn\n|\n|-damage|p1b: Urshifu|62\/100 brn|[from] brn\n|upkeep\n|turn|15\n|c|\u2606monkeyhighbooster|yeah you suck ass\n|-message|monkeyhighbooster forfeited.\n|\n|win|TheTantricPoke\n|raw|TheTantricPoke's rating: 1136 &rarr; <strong>1162<\/strong><br \/>(+26 for winning)\n|raw|monkeyhighbooster's rating: 1152 &rarr; <strong>1126<\/strong><br \/>(-26 for losing)\n|l|\u2606monkeyhighbooster\n","uploadtime":1700498669,"views":1,"p1id":"thetantricpoke","p2id":"monkeyhighbooster","formatid":"gen9vgc2023regulatione","rating":1126,"private":0,"password":""}