{"id":"gen9vgc2023regulatione-1988205195","p1":"FatefulRequiem","p2":"NotSwitch417","format":"[Gen 9] VGC 2023 Regulation E","log":"|j|\u2606FatefulRequiem\n|j|\u2606NotSwitch417\n|t:|1699684911\n|gametype|doubles\n|player|p1|FatefulRequiem|lucas-gen4pt|\n|player|p2|NotSwitch417|iris-gen5bw2|\n|teamsize|p1|6\n|teamsize|p2|6\n|gen|9\n|tier|[Gen 9] VGC 2023 Regulation E\n|rule|Species Clause: Limit one of each Pok\u00e9mon\n|rule|Item Clause: Limit one of each item\n|clearpoke\n|poke|p1|Illumise, L50, F|\n|poke|p1|Ogerpon-Hearthflame, L50, F|\n|poke|p1|Ursaluna, L50, F|\n|poke|p1|Indeedee-F, L50, F|\n|poke|p1|Poliwrath, L50, M|\n|poke|p1|Roaring Moon, L50|\n|poke|p2|Overqwil, L50, M|\n|poke|p2|Thundurus-Therian, L50, M|\n|poke|p2|Politoed, L50, M|\n|poke|p2|Basculegion, L50, M|\n|poke|p2|Brute Bonnet, L50|\n|poke|p2|Frosmoth, L50, M|\n|teampreview|4\n|j| DozenSBU\n|j| Everybo-D\n|j| Toxic Chain\n|\n|t:|1699684967\n|start\n|switch|p1a: Indeedee|Indeedee-F, L50, F|100\/100\n|switch|p1b: Poliwrath|Poliwrath, L50, M|100\/100\n|switch|p2a: Thundurus|Thundurus-Therian, L50, M|100\/100\n|switch|p2b: Overqwil|Overqwil, L50, M|100\/100\n|-ability|p2b: Overqwil|Intimidate|boost\n|-unboost|p1a: Indeedee|atk|1\n|-unboost|p1b: Poliwrath|atk|1\n|-fieldstart|move: Psychic Terrain|[from] ability: Psychic Surge|[of] p1a: Indeedee\n|turn|1\n|j| Burnerv2\n|j| Fleechi\n|\n|t:|1699684995\n|-terastallize|p1a: Indeedee|Dragon\n|move|p1a: Indeedee|Follow Me|p1a: Indeedee\n|-singleturn|p1a: Indeedee|move: Follow Me\n|move|p2a: Thundurus|Wildbolt Storm|p1b: Poliwrath|[spread] p1a,p1b\n|-resisted|p1a: Indeedee\n|-supereffective|p1b: Poliwrath\n|-damage|p1a: Indeedee|74\/100\n|-damage|p1b: Poliwrath|0 fnt\n|faint|p1b: Poliwrath\n|-damage|p2a: Thundurus|91\/100|[from] item: Life Orb\n|move|p2b: Overqwil|Crunch|p1a: Indeedee\n|-damage|p1a: Indeedee|33\/100\n|\n|upkeep\n|\n|t:|1699685009\n|switch|p1b: Ogerpon|Ogerpon-Hearthflame, L50, F|100\/100\n|-ability|p1b: Ogerpon|Mold Breaker\n|turn|2\n|l| Everybo-D\n|j| Everybo-D\n|\n|t:|1699685096\n|switch|p2b: Politoed|Politoed, L50, M|100\/100\n|-weather|RainDance|[from] ability: Drizzle|[of] p2b: Politoed\n|move|p1b: Ogerpon|Spiky Shield|p1b: Ogerpon\n|-singleturn|p1b: Ogerpon|move: Protect\n|move|p2a: Thundurus|Protect|p2a: Thundurus\n|-singleturn|p2a: Thundurus|Protect\n|move|p1a: Indeedee|Trick Room|p1a: Indeedee\n|-fieldstart|move: Trick Room|[of] p1a: Indeedee\n|\n|-weather|RainDance|[upkeep]\n|upkeep\n|turn|3\n|\n|t:|1699685149\n|switch|p1b: Ursaluna|Ursaluna, L50, F|100\/100\n|move|p1a: Indeedee|Follow Me|p1a: Indeedee\n|-singleturn|p1a: Indeedee|move: Follow Me\n|move|p2b: Politoed|Muddy Water|p1a: Indeedee|[spread] p1b\n|-miss|p2b: Politoed|p1a: Indeedee\n|-supereffective|p1b: Ursaluna\n|-damage|p1b: Ursaluna|50\/100\n|-unboost|p1b: Ursaluna|accuracy|1\n|move|p2a: Thundurus|Weather Ball|p1a: Indeedee\n|-resisted|p1a: Indeedee\n|-damage|p1a: Indeedee|0 fnt\n|faint|p1a: Indeedee\n|-damage|p2a: Thundurus|81\/100|[from] item: Life Orb\n|\n|-weather|RainDance|[upkeep]\n|-status|p1b: Ursaluna|brn|[from] item: Flame Orb\n|upkeep\n|\n|t:|1699685164\n|switch|p1a: Ogerpon|Ogerpon-Hearthflame, L50, F|100\/100\n|-ability|p1a: Ogerpon|Mold Breaker\n|turn|4\n|\n|t:|1699685191\n|switch|p2a: Overqwil|Overqwil, L50, M|100\/100\n|-ability|p2a: Overqwil|Intimidate|boost\n|-unboost|p1a: Ogerpon|atk|1\n|-unboost|p1b: Ursaluna|atk|1\n|-terastallize|p2b: Politoed|Dragon\n|move|p2b: Politoed|Muddy Water|p1b: Ursaluna|[spread] p1b\n|-miss|p2b: Politoed|p1a: Ogerpon\n|-supereffective|p1b: Ursaluna\n|-damage|p1b: Ursaluna|0 fnt\n|faint|p1b: Ursaluna\n|move|p1a: Ogerpon|Wood Hammer|p2a: Overqwil\n|-resisted|p2a: Overqwil\n|-crit|p2a: Overqwil\n|-damage|p2a: Overqwil|42\/100\n|-damage|p1a: Ogerpon|80\/100|[from] Recoil\n|\n|-weather|RainDance|[upkeep]\n|upkeep\n|turn|5\n|\n|t:|1699685209\n|move|p2b: Politoed|Muddy Water|p1a: Ogerpon|[miss]\n|-miss|p2b: Politoed|p1a: Ogerpon\n|move|p2a: Overqwil|Poison Jab|p1a: Ogerpon\n|-supereffective|p1a: Ogerpon\n|-damage|p1a: Ogerpon|0 fnt\n|faint|p1a: Ogerpon\n|\n|win|NotSwitch417\n|c|\u2606FatefulRequiem|ggs\n","uploadtime":1699685214,"views":17,"p1id":"fatefulrequiem","p2id":"notswitch417","formatid":"gen9vgc2023regulatione","rating":0,"private":0,"password":""}