{"id":"gen9vgc2023regulatione-1988729594","p1":"E.Bluemage","p2":"olmecssb","format":"[Gen 9] VGC 2023 Regulation E","log":"|j|\u2606E.Bluemage\n|j|\u2606olmecssb\n|n|\u2606E.Bluemage|ebluemage\n|n|\u2606olmecssb|olmecssb\n|html|View the match progress at <a href=\"\/game-bestof3-gen9vgc2023regulatione-1988724756\">game-bestof3-gen9vgc2023regulatione-1988724756<\/a>\n|t:|1699755789\n|gametype|doubles\n|player|p1|E.Bluemage|gentleman-gen4dp|\n|player|p2|olmecssb|misty-gen1rb|\n|teamsize|p1|6\n|teamsize|p2|6\n|gen|9\n|tier|[Gen 9] VGC 2023 Regulation E\n|rule|Species Clause: Limit one of each Pok\u00e9mon\n|rule|Item Clause: Limit one of each item\n|clearpoke\n|poke|p1|Ninetales, L50, M|\n|poke|p1|Farigiraf, L50, M|\n|poke|p1|Typhlosion-Hisui, L50, F|\n|poke|p1|Lilligant-Hisui, L50, F|\n|poke|p1|Flutter Mane, L50|\n|poke|p1|Ursaluna, L50, M|\n|poke|p2|Mimikyu, L50, M|\n|poke|p2|Gothitelle, L50, F|\n|poke|p2|Scream Tail, L50|\n|poke|p2|Heatran, L50, M|\n|poke|p2|Sinistcha, L50|\n|poke|p2|Ogerpon-Wellspring, L50, F|\n|teampreview|4\n|j| spork2000\nE.Bluemage has agreed to open team sheets.\n|j| Bardemis\n|\n|t:|1699755805\n|start\n|switch|p1a: Treasure|Farigiraf, L50, M|100\/100\n|switch|p1b: Ford F150|Ursaluna, L50, M|100\/100\n|switch|p2a: Chess Board|Gothitelle, L50, F|100\/100\n|switch|p2b: Pebbles|Scream Tail, L50|100\/100\n|turn|1\n|\n|t:|1699755827\n|move|p1a: Treasure|Helping Hand|p1b: Ford F150\n|-singleturn|p1b: Ford F150|Helping Hand|[of] p1a: Treasure\n|move|p2b: Pebbles|Perish Song|p2b: Pebbles\n|-start|p1a: Treasure|perish3|[silent]\n|-start|p1b: Ford F150|perish3|[silent]\n|-start|p2a: Chess Board|perish3|[silent]\n|-start|p2b: Pebbles|perish3|[silent]\n|-fieldactivate|move: Perish Song\n|move|p2a: Chess Board|Psychic|p1a: Treasure\n|-resisted|p1a: Treasure\n|-damage|p1a: Treasure|85\/100\n|move|p1b: Ford F150|Earthquake|p2a: Chess Board|[spread] p1a,p2a,p2b\n|-crit|p2b: Pebbles\n|-damage|p1a: Treasure|15\/100\n|-damage|p2a: Chess Board|33\/100\n|-damage|p2b: Pebbles|14\/100\n|-enditem|p1a: Treasure|Sitrus Berry|[eat]\n|-heal|p1a: Treasure|39\/100|[from] item: Sitrus Berry\n|-enditem|p2a: Chess Board|Sitrus Berry|[eat]\n|-heal|p2a: Chess Board|58\/100|[from] item: Sitrus Berry\n|\n|-start|p2b: Pebbles|perish3\n|-start|p1a: Treasure|perish3\n|-start|p2a: Chess Board|perish3\n|-start|p1b: Ford F150|perish3\n|upkeep\n|turn|2\n|\n|t:|1699755849\n|move|p2a: Chess Board|Protect|p2a: Chess Board\n|-singleturn|p2a: Chess Board|Protect\n|move|p2b: Pebbles|Encore|p1b: Ford F150\n|-start|p1b: Ford F150|Encore\n|move|p1a: Treasure|Hyper Voice|p2b: Pebbles|[spread] p2b\n|-activate|p2a: Chess Board|move: Protect\n|-damage|p2b: Pebbles|0 fnt\n|faint|p2b: Pebbles\n|-end|p2b: Pebbles|Protosynthesis|[silent]\n|move|p1b: Ford F150|Earthquake|p2a: Chess Board|[spread] p1a\n|-activate|p2a: Chess Board|move: Protect\n|-damage|p1a: Treasure|0 fnt\n|faint|p1a: Treasure\n|\n|-start|p2a: Chess Board|perish2\n|-start|p1b: Ford F150|perish2\n|upkeep\n|\n|t:|1699755869\n|switch|p2b: Ground is lava|Heatran, L50, M|100\/100\n|switch|p1a: Amaterasu|Ninetales, L50, M|100\/100\n|-weather|SunnyDay|[from] ability: Drought|[of] p1a: Amaterasu\n|turn|3\n|\n|t:|1699755881\n|move|p1a: Amaterasu|Protect|p1a: Amaterasu\n|-singleturn|p1a: Amaterasu|Protect\n|move|p2b: Ground is lava|Protect|p2b: Ground is lava\n|-singleturn|p2b: Ground is lava|Protect\n|move|p2a: Chess Board|Protect|p2a: Chess Board\n|-singleturn|p2a: Chess Board|Protect\n|move|p1b: Ford F150|Earthquake|p2a: Chess Board|[spread] \n|-activate|p1a: Amaterasu|move: Protect\n|-activate|p2a: Chess Board|move: Protect\n|-activate|p2b: Ground is lava|move: Protect\n|\n|-weather|SunnyDay|[upkeep]\n|-start|p2a: Chess Board|perish1\n|-start|p1b: Ford F150|perish1\n|upkeep\n|turn|4\n|\n|t:|1699755903\n|switch|p2a: Shrek-pon|Ogerpon-Wellspring, L50, F|100\/100\n|-terastallize|p2b: Ground is lava|Grass\n|move|p1a: Amaterasu|Protect||[still]\n|-fail|p1a: Amaterasu\n|move|p2b: Ground is lava|Iron Defense|p2b: Ground is lava\n|-boost|p2b: Ground is lava|def|2\n|move|p1b: Ford F150|Earthquake|p2a: Shrek-pon|[spread] p1a,p2a,p2b\n|-supereffective|p1a: Amaterasu\n|-resisted|p2a: Shrek-pon\n|-resisted|p2b: Ground is lava\n|-crit|p2b: Ground is lava\n|-damage|p1a: Amaterasu|0 fnt\n|-damage|p2a: Shrek-pon|77\/100\n|-damage|p2b: Ground is lava|73\/100\n|faint|p1a: Amaterasu\n|\n|-weather|SunnyDay|[upkeep]\n|-heal|p2b: Ground is lava|79\/100|[from] item: Leftovers\n|-end|p1b: Ford F150|Encore\n|-start|p1b: Ford F150|perish0\n|upkeep\n|faint|p1b: Ford F150\n|\n|t:|1699755925\n|switch|p1a: Skipmore|Lilligant-Hisui, L50, F|100\/100\n|turn|5\n|\n|t:|1699755936\n|move|p2b: Ground is lava|Protect|p2b: Ground is lava\n|-singleturn|p2b: Ground is lava|Protect\n|move|p1a: Skipmore|Sleep Powder|p2b: Ground is lava\n|-activate|p2b: Ground is lava|move: Protect\n|move|p2a: Shrek-pon|Horn Leech|p1a: Skipmore\n|-resisted|p1a: Skipmore\n|-damage|p1a: Skipmore|64\/100\n|-heal|p2a: Shrek-pon|93\/100|[from] drain|[of] p1a: Skipmore\n|\n|-weather|SunnyDay|[upkeep]\n|-heal|p2b: Ground is lava|85\/100|[from] item: Leftovers\n|upkeep\n|turn|6\n|\n|t:|1699755955\n|move|p1a: Skipmore|Solar Blade||[still]\n|-prepare|p1a: Skipmore|Solar Blade\n|-anim|p1a: Skipmore|Solar Blade|p2a: Shrek-pon\n|-crit|p2a: Shrek-pon\n|-damage|p2a: Shrek-pon|0 fnt\n|faint|p2a: Shrek-pon\n|move|p2b: Ground is lava|Flash Cannon|p1a: Skipmore\n|-damage|p1a: Skipmore|8\/100\n|\n|-weather|SunnyDay|[upkeep]\n|-heal|p2b: Ground is lava|91\/100|[from] item: Leftovers\n|upkeep\n|\n|t:|1699755963\n|switch|p2a: Chess Board|Gothitelle, L50, F|58\/100\n|turn|7\n|\n|t:|1699755968\n|move|p2a: Chess Board|Fake Out|p1a: Skipmore\n|-damage|p1a: Skipmore|0 fnt\n|faint|p1a: Skipmore\n|\n|win|olmecssb\n|l|\u2606E.Bluemage\n","uploadtime":1699755982,"views":31,"p1id":"ebluemage","p2id":"olmecssb","formatid":"gen9vgc2023regulatione","rating":0,"private":0,"password":""}