{"id":"gen9vgc2023regulatione-1998716213","p1":"Shneakster","p2":"CharlienoB","format":"[Gen 9] VGC 2023 Regulation E","log":"|j|\u2606Shneakster\n|j|\u2606CharlienoB\n|t:|1700976951\n|gametype|doubles\n|player|p1|Shneakster|bianca|1093\n|player|p2|CharlienoB|169|1151\n|teamsize|p1|6\n|teamsize|p2|6\n|gen|9\n|tier|[Gen 9] VGC 2023 Regulation E\n|rated|\n|rule|Species Clause: Limit one of each Pok\u00e9mon\n|rule|Item Clause: Limit one of each item\n|clearpoke\n|poke|p1|Tornadus, L50, M|\n|poke|p1|Politoed, L50, M|\n|poke|p1|Zapdos, L50|\n|poke|p1|Ogerpon-Wellspring, L50, F|\n|poke|p1|Iron Hands, L50|\n|poke|p1|Sinistcha, L50|\n|poke|p2|Glimmora, L50, M|\n|poke|p2|Empoleon, L50, F|\n|poke|p2|Hippowdon, L50, F|\n|poke|p2|Arcanine-Hisui, L50, F|\n|poke|p2|Rillaboom, L50, M|\n|poke|p2|Hawlucha, L50, M|\n|teampreview|4\n|inactive|Battle timer is ON: inactive players will automatically lose when time's up. (requested by Shneakster)\n|inactive|Shneakster has 60 seconds left.\n|\n|t:|1700976984\n|start\n|switch|p1a: Ogrepon|Ogerpon-Wellspring, L50, F|100\/100\n|switch|p1b: Grog Boggins|Politoed, L50, M, shiny|100\/100\n|switch|p2a: Rillaboom|Rillaboom, L50, M|100\/100\n|switch|p2b: Empoleon|Empoleon, L50, F|100\/100\n|-fieldstart|move: Grassy Terrain|[from] ability: Grassy Surge|[of] p2a: Rillaboom\n|-weather|RainDance|[from] ability: Drizzle|[of] p1b: Grog Boggins\n|turn|1\n|\n|t:|1700977005\n|move|p1a: Ogrepon|Knock Off|p2b: Empoleon\n|-damage|p2b: Empoleon|65\/100\n|-damage|p1a: Ogrepon|84\/100|[from] item: Rocky Helmet|[of] p2b: Empoleon\n|-enditem|p2b: Empoleon|Rocky Helmet|[from] move: Knock Off|[of] p1a: Ogrepon\n|move|p2a: Rillaboom|Wood Hammer|p1b: Grog Boggins\n|-supereffective|p1b: Grog Boggins\n|-damage|p1b: Grog Boggins|0 fnt\n|faint|p1b: Grog Boggins\n|-damage|p2a: Rillaboom|68\/100|[from] Recoil\n|move|p2b: Empoleon|Yawn|p1a: Ogrepon\n|-start|p1a: Ogrepon|move: Yawn|[of] p2b: Empoleon\n|\n|-weather|RainDance|[upkeep]\n|-heal|p1a: Ogrepon|90\/100|[from] Grassy Terrain\n|-heal|p2a: Rillaboom|74\/100|[from] Grassy Terrain\n|-heal|p2b: Empoleon|70\/100|[from] Grassy Terrain\n|upkeep\n|\n|t:|1700977013\n|switch|p1b: Sinatcha|Sinistcha, L50, shiny|100\/100\n|-heal|p1a: Ogrepon|100\/100|[from] ability: Hospitality|[of] p1b: Sinatcha\n|turn|2\n|\n|t:|1700977028\n|switch|p1a: Brian Hands|Iron Hands, L50|100\/100\n|move|p2b: Empoleon|Protect|p2b: Empoleon\n|-singleturn|p2b: Empoleon|Protect\n|move|p2a: Rillaboom|Taunt|p1b: Sinatcha\n|-start|p1b: Sinatcha|move: Taunt\n|move|p1b: Sinatcha|Matcha Gotcha|p2a: Rillaboom|[spread] p2a\n|-activate|p2b: Empoleon|move: Protect\n|-resisted|p2a: Rillaboom\n|-damage|p2a: Rillaboom|55\/100\n|\n|-weather|RainDance|[upkeep]\n|-heal|p2a: Rillaboom|61\/100|[from] Grassy Terrain\n|-heal|p2b: Empoleon|76\/100|[from] Grassy Terrain\n|upkeep\n|turn|3\n|\n|t:|1700977051\n|switch|p2b: Hippowdon|Hippowdon, L50, F|100\/100\n|-weather|Sandstorm|[from] ability: Sand Stream|[of] p2b: Hippowdon\n|-terastallize|p2a: Rillaboom|Grass\n|move|p2a: Rillaboom|Wood Hammer|p1a: Brian Hands\n|-damage|p1a: Brian Hands|0 fnt\n|faint|p1a: Brian Hands\n|-end|p1a: Brian Hands|Quark Drive|[silent]\n|-damage|p2a: Rillaboom|21\/100|[from] Recoil\n|move|p1b: Sinatcha|Matcha Gotcha|p2a: Rillaboom|[spread] p2b\n|-miss|p1b: Sinatcha|p2a: Rillaboom\n|-supereffective|p2b: Hippowdon\n|-damage|p2b: Hippowdon|50\/100\n|-status|p2b: Hippowdon|brn\n|\n|-weather|Sandstorm|[upkeep]\n|-damage|p2a: Rillaboom|15\/100|[from] Sandstorm\n|-damage|p1b: Sinatcha|95\/100|[from] Sandstorm\n|-heal|p2a: Rillaboom|21\/100|[from] Grassy Terrain\n|-heal|p1b: Sinatcha|100\/100|[from] Grassy Terrain\n|-heal|p2b: Hippowdon|57\/100 brn|[from] Grassy Terrain\n|-heal|p2b: Hippowdon|63\/100 brn|[from] item: Leftovers\n|-damage|p2b: Hippowdon|57\/100 brn|[from] brn\n|upkeep\n|\n|t:|1700977055\n|switch|p1a: Ogrepon|Ogerpon-Wellspring, L50, F|100\/100\n|turn|4\n|inactive|CharlienoB has 30 seconds left.\n|inactive|CharlienoB has 20 seconds left.\n|\n|t:|1700977093\n|move|p2a: Rillaboom|Grassy Glide|p1a: Ogrepon\n|-damage|p1a: Ogrepon|25\/100\n|move|p1a: Ogrepon|Ivy Cudgel|p2b: Hippowdon|[anim] Ivy Cudgel Water\n|-supereffective|p2b: Hippowdon\n|-damage|p2b: Hippowdon|0 fnt\n|faint|p2b: Hippowdon\n|move|p1b: Sinatcha|Matcha Gotcha|p2a: Rillaboom\n|-resisted|p2a: Rillaboom\n|-damage|p2a: Rillaboom|0 fnt\n|faint|p2a: Rillaboom\n|\n|-weather|Sandstorm|[upkeep]\n|-damage|p1a: Ogrepon|19\/100|[from] Sandstorm\n|-damage|p1b: Sinatcha|95\/100|[from] Sandstorm\n|-heal|p1a: Ogrepon|25\/100|[from] Grassy Terrain\n|-heal|p1b: Sinatcha|100\/100|[from] Grassy Terrain\n|-end|p1b: Sinatcha|move: Taunt\n|upkeep\n|\n|t:|1700977098\n|switch|p2a: Hawlucha|Hawlucha, L50, M|100\/100\n|switch|p2b: Empoleon|Empoleon, L50, F|76\/100\n|-enditem|p2a: Hawlucha|Grassy Seed\n|-boost|p2a: Hawlucha|def|1|[from] item: Grassy Seed\n|turn|5\n|inactive|Shneakster has 30 seconds left.\n|\n|t:|1700977131\n|-terastallize|p1a: Ogrepon|Water\n|detailschange|p1a: Ogrepon|Ogerpon-Wellspring-Tera, L50, F, tera:Water\n|-ability|p1a: Ogrepon|Embody Aspect (Wellspring)|boost\n|-boost|p1a: Ogrepon|spd|1\n|move|p1b: Sinatcha|Rage Powder|p1b: Sinatcha\n|-singleturn|p1b: Sinatcha|move: Rage Powder\n|move|p2a: Hawlucha|Acrobatics|p1b: Sinatcha\n|-supereffective|p1b: Sinatcha\n|-damage|p1b: Sinatcha|25\/100\n|move|p1a: Ogrepon|Horn Leech|p2b: Empoleon\n|-damage|p2b: Empoleon|24\/100\n|-heal|p1a: Ogrepon|57\/100|[from] drain|[of] p2b: Empoleon\n|move|p2b: Empoleon|Flash Cannon|p1b: Sinatcha\n|-damage|p1b: Sinatcha|0 fnt\n|faint|p1b: Sinatcha\n|\n|-weather|Sandstorm|[upkeep]\n|-damage|p2a: Hawlucha|95\/100|[from] Sandstorm\n|-damage|p1a: Ogrepon|50\/100|[from] Sandstorm\n|-heal|p1a: Ogrepon|57\/100|[from] Grassy Terrain\n|-heal|p2b: Empoleon|30\/100|[from] Grassy Terrain\n|-fieldend|move: Grassy Terrain\n|upkeep\n|turn|6\n|\n|t:|1700977156\n|move|p2b: Empoleon|Protect|p2b: Empoleon\n|-singleturn|p2b: Empoleon|Protect\n|move|p2a: Hawlucha|Acrobatics|p1a: Ogrepon\n|-damage|p1a: Ogrepon|0 fnt\n|faint|p1a: Ogrepon\n|\n|win|CharlienoB\n|raw|Shneakster's rating: 1093 &rarr; <strong>1073<\/strong><br \/>(-20 for losing)\n|raw|CharlienoB's rating: 1151 &rarr; <strong>1172<\/strong><br \/>(+21 for winning)\n|l|\u2606Shneakster\n","uploadtime":1700977165,"views":9,"p1id":"shneakster","p2id":"charlienob","formatid":"gen9vgc2023regulatione","rating":1073,"private":0,"password":""}