{"id":"gen9vgc2023regulatione-1995624107","p1":"StarkHD","p2":"welsing","format":"[Gen 9] VGC 2023 Regulation E","log":"|j|\u2606StarkHD\n|j|\u2606welsing\n|t:|1700588484\n|gametype|doubles\n|player|p1|StarkHD|170|1460\n|player|p2|welsing|ethan|1586\n|teamsize|p1|6\n|teamsize|p2|6\n|gen|9\n|tier|[Gen 9] VGC 2023 Regulation E\n|rated|\n|rule|Species Clause: Limit one of each Pok\u00e9mon\n|rule|Item Clause: Limit one of each item\n|clearpoke\n|poke|p1|Ninetales-Alola, L50, M|\n|poke|p1|Roaring Moon, L50|\n|poke|p1|Gholdengo, L50|\n|poke|p1|Heatran, L50, M|\n|poke|p1|Iron Hands, L50|\n|poke|p1|Ogerpon-Wellspring, L50, F|\n|poke|p2|Roaring Moon, L50|\n|poke|p2|Iron Bundle, L50|\n|poke|p2|Indeedee-F, L50, F|\n|poke|p2|Flutter Mane, L50|\n|poke|p2|Camerupt, L50, M|\n|poke|p2|Tornadus, L50, M|\n|teampreview|4\n|inactive|Battle timer is ON: inactive players will automatically lose when time's up. (requested by welsing)\n|\n|t:|1700588511\n|start\n|switch|p1a: Gholdengo|Gholdengo, L50, shiny|100\/100\n|switch|p1b: Iron Hands|Iron Hands, L50, shiny|100\/100\n|switch|p2a: Flutter Mane|Flutter Mane, L50|100\/100\n|switch|p2b: Tornadus|Tornadus, L50, M|100\/100\n|turn|1\n|inactive|StarkHD has 30 seconds left.\n|\n|t:|1700588539\n|move|p2b: Tornadus|Bleakwind Storm|p1a: Gholdengo|[spread] p1a\n|-miss|p2b: Tornadus|p1b: Iron Hands\n|-resisted|p1a: Gholdengo\n|-damage|p1a: Gholdengo|84\/100\n|move|p2a: Flutter Mane|Shadow Ball|p1a: Gholdengo\n|-supereffective|p1a: Gholdengo\n|-damage|p1a: Gholdengo|0 fnt\n|faint|p1a: Gholdengo\n|move|p1b: Iron Hands|Heavy Slam|p2a: Flutter Mane\n|-supereffective|p2a: Flutter Mane\n|-damage|p2a: Flutter Mane|0 fnt\n|faint|p2a: Flutter Mane\n|-end|p2a: Flutter Mane|Protosynthesis|[silent]\n|\n|upkeep\n|\n|t:|1700588551\n|switch|p2a: Roaring Moon|Roaring Moon, L50|100\/100\n|switch|p1a: Roaring Moon|Roaring Moon, L50, shiny|100\/100\n|-enditem|p1a: Roaring Moon|Booster Energy\n|-activate|p1a: Roaring Moon|ability: Protosynthesis|[fromitem]\n|-start|p1a: Roaring Moon|protosynthesisspe\n|turn|2\n|\n|t:|1700588576\n|-terastallize|p2a: Roaring Moon|Ground\n|move|p1a: Roaring Moon|Knock Off|p2a: Roaring Moon\n|-damage|p2a: Roaring Moon|47\/100\n|-enditem|p2a: Roaring Moon|Life Orb|[from] move: Knock Off|[of] p1a: Roaring Moon\n|move|p2b: Tornadus|Bleakwind Storm|p1b: Iron Hands|[spread] p1b\n|-miss|p2b: Tornadus|p1a: Roaring Moon\n|-damage|p1b: Iron Hands|84\/100\n|move|p2a: Roaring Moon|Earthquake|p1b: Iron Hands|[spread] p1a,p1b\n|-immune|p2b: Tornadus\n|-supereffective|p1b: Iron Hands\n|-damage|p1a: Roaring Moon|52\/100\n|-damage|p1b: Iron Hands|21\/100\n|move|p1b: Iron Hands|Drain Punch|p2a: Roaring Moon\n|-damage|p2a: Roaring Moon|0 fnt\n|-heal|p1b: Iron Hands|40\/100|[from] drain|[of] p2a: Roaring Moon\n|faint|p2a: Roaring Moon\n|-end|p2a: Roaring Moon|Protosynthesis|[silent]\n|\n|upkeep\n|\n|t:|1700588581\n|switch|p2a: Iron Bundle|Iron Bundle, L50|100\/100\n|-enditem|p2a: Iron Bundle|Booster Energy\n|-activate|p2a: Iron Bundle|ability: Quark Drive|[fromitem]\n|-start|p2a: Iron Bundle|quarkdrivespe\n|turn|3\n|inactive|StarkHD has 30 seconds left.\n|\n|t:|1700588610\n|-terastallize|p1a: Roaring Moon|Poison\n|move|p2a: Iron Bundle|Protect|p2a: Iron Bundle\n|-singleturn|p2a: Iron Bundle|Protect\n|move|p1a: Roaring Moon|Tailwind|p1a: Roaring Moon\n|-sidestart|p1: StarkHD|move: Tailwind\n|move|p2b: Tornadus|Bleakwind Storm|p1a: Roaring Moon|[spread] p1a,p1b\n|-damage|p1a: Roaring Moon|22\/100\n|-damage|p1b: Iron Hands|24\/100\n|-unboost|p1b: Iron Hands|spe|1\n|move|p1b: Iron Hands|Drain Punch|p2a: Iron Bundle\n|-activate|p2a: Iron Bundle|move: Protect\n|\n|upkeep\n|turn|4\n|\n|t:|1700588621\n|move|p1a: Roaring Moon|Breaking Swipe|p2b: Tornadus|[spread] p2a,p2b\n|-damage|p2a: Iron Bundle|79\/100\n|-damage|p2b: Tornadus|71\/100\n|-unboost|p2a: Iron Bundle|atk|1\n|move|p2a: Iron Bundle|Freeze-Dry|p1b: Iron Hands\n|-damage|p1b: Iron Hands|7\/100\n|move|p2b: Tornadus|Bleakwind Storm|p1a: Roaring Moon|[spread] p1a,p1b\n|-damage|p1a: Roaring Moon|0 fnt\n|-damage|p1b: Iron Hands|0 fnt\n|faint|p1a: Roaring Moon\n|-end|p1a: Roaring Moon|Protosynthesis|[silent]\n|faint|p1b: Iron Hands\n|-end|p1b: Iron Hands|Quark Drive|[silent]\n|\n|upkeep\n|\n|t:|1700588631\n|switch|p1b: Heatran|Heatran, L50, M|100\/100\n|turn|5\n|\n|t:|1700588637\n|move|p2a: Iron Bundle|Protect|p2a: Iron Bundle\n|-singleturn|p2a: Iron Bundle|Protect\n|move|p2b: Tornadus|Tailwind|p2b: Tornadus\n|-sidestart|p2: welsing|move: Tailwind\n|move|p1b: Heatran|Heat Wave|p2a: Iron Bundle|[spread] p2b\n|-activate|p2a: Iron Bundle|move: Protect\n|-damage|p2b: Tornadus|26\/100\n|\n|upkeep\n|turn|6\n|\n|t:|1700588646\n|move|p2a: Iron Bundle|Icy Wind|p1b: Heatran\n|-resisted|p1b: Heatran\n|-damage|p1b: Heatran|95\/100\n|-unboost|p1b: Heatran|spe|1\n|move|p2b: Tornadus|Bleakwind Storm|p1b: Heatran\n|-resisted|p1b: Heatran\n|-damage|p1b: Heatran|75\/100\n|-unboost|p1b: Heatran|spe|1\n|move|p1b: Heatran|Heat Wave|p2b: Tornadus|[spread] p2b\n|-miss|p1b: Heatran|p2a: Iron Bundle\n|-damage|p2b: Tornadus|0 fnt\n|faint|p2b: Tornadus\n|\n|-heal|p1b: Heatran|81\/100|[from] item: Leftovers\n|-sideend|p1: StarkHD|move: Tailwind\n|upkeep\n|turn|7\n|j| huffingkoffinggas\n|\n|t:|1700588660\n|move|p2a: Iron Bundle|Protect|p2a: Iron Bundle\n|-singleturn|p2a: Iron Bundle|Protect\n|move|p1b: Heatran|Heat Wave|p2a: Iron Bundle\n|-activate|p2a: Iron Bundle|move: Protect\n|\n|-heal|p1b: Heatran|87\/100|[from] item: Leftovers\n|upkeep\n|turn|8\n|-message|welsing forfeited.\n|\n|win|StarkHD\n|raw|StarkHD's rating: 1460 &rarr; <strong>1487<\/strong><br \/>(+27 for winning)\n|raw|welsing's rating: 1586 &rarr; <strong>1559<\/strong><br \/>(-27 for losing)\n|l|\u2606welsing\n|l| huffingkoffinggas\n","uploadtime":1700588680,"views":1,"p1id":"starkhd","p2id":"welsing","formatid":"gen9vgc2023regulatione","rating":1487,"private":0,"password":""}