{"id":"gen9vgc2023regulatione-1994321023","p1":"WillieDangerously","p2":"Seniorhydra","format":"[Gen 9] VGC 2023 Regulation E","log":"|j|\u2606WillieDangerously\n|j|\u2606Seniorhydra\n|t:|1700430836\n|gametype|doubles\n|player|p1|WillieDangerously|psychic-gen4|1552\n|player|p2|Seniorhydra|169|1472\n|teamsize|p1|6\n|teamsize|p2|6\n|gen|9\n|tier|[Gen 9] VGC 2023 Regulation E\n|rated|\n|rule|Species Clause: Limit one of each Pok\u00e9mon\n|rule|Item Clause: Limit one of each item\n|clearpoke\n|poke|p1|Iron Hands, L50|\n|poke|p1|Iron Bundle, L50|\n|poke|p1|Landorus-Therian, L50, M|\n|poke|p1|Sinistcha, L50|\n|poke|p1|Ninetales-Alola, L50, M|\n|poke|p1|Heatran, L50, M|\n|poke|p2|Goodra-Hisui, L50, F|\n|poke|p2|Politoed, L50, F|\n|poke|p2|Overqwil, L50, M|\n|poke|p2|Ogerpon-Wellspring, L50, F|\n|poke|p2|Tornadus, L50, M|\n|poke|p2|Gholdengo, L50|\n|teampreview|4\nWillieDangerously has agreed to open team sheets.\n|inactive|Battle timer is ON: inactive players will automatically lose when time's up. (requested by Seniorhydra)\nSeniorhydra has agreed to open team sheets.\n|\n|t:|1700430896\n|start\n|switch|p1a: Iron Hands|Iron Hands, L50|100\/100\n|switch|p1b: Sinistcha|Sinistcha, L50|100\/100\n|switch|p2a: Goodra|Goodra-Hisui, L50, F|100\/100\n|switch|p2b: Tornadus|Tornadus, L50, M|100\/100\n|turn|1\n|inactive|WillieDangerously has 30 seconds left.\n|inactive|WillieDangerously has 20 seconds left.\n|inactive|WillieDangerously has 15 seconds left.\n|inactive|WillieDangerously has 10 seconds left.\n|\n|t:|1700430944\n|switch|p2a: Gholdengo|Gholdengo, L50|100\/100\n|move|p2b: Tornadus|Taunt|p1b: Sinistcha\n|-start|p1b: Sinistcha|move: Taunt\n|move|p1a: Iron Hands|Drain Punch|p2a: Gholdengo\n|-immune|p2a: Gholdengo\n|cant|p1b: Sinistcha|move: Taunt|Trick Room\n|\n|upkeep\n|turn|2\n|c|\u2606WillieDangerously|Damn, excellent play\n|inactive|WillieDangerously has 30 seconds left.\n|inactive|Seniorhydra has 30 seconds left.\n|inactive|WillieDangerously has 20 seconds left.\n|inactive|Seniorhydra has 20 seconds left.\n|inactive|WillieDangerously has 15 seconds left.\n|inactive|Seniorhydra has 15 seconds left.\n|inactive|WillieDangerously has 10 seconds left.\n|inactive|Seniorhydra has 10 seconds left.\n|\n|t:|1700430992\n|move|p2b: Tornadus|Bleakwind Storm|p1a: Iron Hands|[spread] p1a\n|-miss|p2b: Tornadus|p1b: Sinistcha\n|-damage|p1a: Iron Hands|80\/100\n|move|p2a: Gholdengo|Nasty Plot|p2a: Gholdengo\n|-boost|p2a: Gholdengo|spa|2\n|move|p1a: Iron Hands|Wild Charge|p2b: Tornadus\n|-supereffective|p2b: Tornadus\n|-damage|p2b: Tornadus|0 fnt\n|faint|p2b: Tornadus\n|-damage|p1a: Iron Hands|59\/100|[from] Recoil\n|move|p1b: Sinistcha|Shadow Ball|p2a: Gholdengo\n|-supereffective|p2a: Gholdengo\n|-damage|p2a: Gholdengo|28\/100\n|\n|-heal|p2a: Gholdengo|34\/100|[from] item: Leftovers\n|upkeep\n|\n|t:|1700431009\n|switch|p2b: Ogerpon|Ogerpon-Wellspring, L50, F|100\/100\n|turn|3\n|inactive|WillieDangerously has 30 seconds left.\n|\n|t:|1700431043\n|switch|p1b: Landorus|Landorus-Therian, L50, M|100\/100\n|-ability|p1b: Landorus|Intimidate|boost\n|-unboost|p2a: Gholdengo|atk|1\n|-unboost|p2b: Ogerpon|atk|1\n|move|p2b: Ogerpon|Swords Dance|p2b: Ogerpon\n|-boost|p2b: Ogerpon|atk|2\n|move|p2a: Gholdengo|Shadow Ball|p1b: Landorus\n|-damage|p1b: Landorus|0 fnt\n|faint|p1b: Landorus\n|move|p1a: Iron Hands|Wild Charge|p2b: Ogerpon\n|-crit|p2b: Ogerpon\n|-damage|p2b: Ogerpon|24\/100\n|-damage|p1a: Iron Hands|43\/100|[from] Recoil\n|\n|-heal|p2a: Gholdengo|40\/100|[from] item: Leftovers\n|upkeep\n|\n|t:|1700431065\n|switch|p1b: Sinistcha|Sinistcha, L50|100\/100\n|-heal|p1a: Iron Hands|68\/100|[from] ability: Hospitality|[of] p1b: Sinistcha\n|turn|4\n|inactive|WillieDangerously has 30 seconds left.\n|\n|t:|1700431096\n|-terastallize|p1b: Sinistcha|Dark\n|move|p2b: Ogerpon|Ivy Cudgel|p1a: Iron Hands|[anim] Ivy Cudgel Water\n|-damage|p1a: Iron Hands|5\/100\n|move|p2a: Gholdengo|Make It Rain|p1b: Sinistcha|[spread] p1a,p1b\n|-resisted|p1a: Iron Hands\n|-crit|p1a: Iron Hands\n|-damage|p1a: Iron Hands|0 fnt\n|-damage|p1b: Sinistcha|0 fnt\n|-unboost|p2a: Gholdengo|spa|1\n|faint|p1a: Iron Hands\n|-end|p1a: Iron Hands|Quark Drive|[silent]\n|faint|p1b: Sinistcha\n|\n|-heal|p2a: Gholdengo|46\/100|[from] item: Leftovers\n|upkeep\n|\n|t:|1700431105\n|switch|p1b: Ninetales|Ninetales-Alola, L50, M|100\/100\n|-weather|Snow|[from] ability: Snow Warning|[of] p1b: Ninetales\n|turn|5\n|c|\u2606WillieDangerously|Gg\n|\n|t:|1700431116\n|move|p1b: Ninetales|Blizzard|p2b: Ogerpon|[spread] p2a,p2b\n|-resisted|p2a: Gholdengo\n|-damage|p2a: Gholdengo|33\/100\n|-damage|p2b: Ogerpon|0 fnt\n|faint|p2b: Ogerpon\n|move|p2a: Gholdengo|Make It Rain|p1b: Ninetales\n|-supereffective|p1b: Ninetales\n|-damage|p1b: Ninetales|0 fnt\n|-unboost|p2a: Gholdengo|spa|1\n|faint|p1b: Ninetales\n|\n|win|Seniorhydra\n|raw|WillieDangerously's rating: 1552 &rarr; <strong>1527<\/strong><br \/>(-25 for losing)\n|raw|Seniorhydra's rating: 1472 &rarr; <strong>1497<\/strong><br \/>(+25 for winning)\n|l|\u2606Seniorhydra\n","uploadtime":1700431123,"views":4,"p1id":"williedangerously","p2id":"seniorhydra","formatid":"gen9vgc2023regulatione","rating":1497,"private":0,"password":""}