{"id":"gen9vgc2023regulatione-1994285299","p1":"Kilowattrel Fan","p2":"coolasswurmple22","format":"[Gen 9] VGC 2023 Regulation E","log":"|j|\u2606Kilowattrel Fan\n|j|\u2606coolasswurmple22\n|n|\u2606Kilowattrel Fan|kilowattrelfan\n|n|\u2606coolasswurmple22|coolasswurmple22\n|html|View the match progress at <a href=\"\/game-bestof3-gen9vgc2023regulatione-1994280096\">game-bestof3-gen9vgc2023regulatione-1994280096<\/a>\n|t:|1700427058\n|gametype|doubles\n|player|p1|Kilowattrel Fan|riley|\n|player|p2|coolasswurmple22|grimsley|\n|teamsize|p1|6\n|teamsize|p2|6\n|gen|9\n|tier|[Gen 9] VGC 2023 Regulation E\n|rule|Species Clause: Limit one of each Pok\u00e9mon\n|rule|Item Clause: Limit one of each item\n|clearpoke\n|poke|p1|Torkoal, L50, M|\n|poke|p1|Lilligant-Hisui, L50, F|\n|poke|p1|Flutter Mane, L50|\n|poke|p1|Landorus-Therian, L50, M|\n|poke|p1|Kingambit, L50, M|\n|poke|p1|Iron Hands, L50|\n|poke|p2|Politoed, L50, M|\n|poke|p2|Tornadus, L50, M|\n|poke|p2|Brambleghast, L50, M|\n|poke|p2|Lumineon, L50, F|\n|poke|p2|Clodsire, L50, M|\n|poke|p2|Kilowattrel, L50, F|\n|teampreview|4\n|\n|t:|1700427090\n|start\n|switch|p1a: Supreme Overlord|Kingambit, L50, M|100\/100\n|switch|p1b: Brian|Iron Hands, L50|100\/100\n|switch|p2a: unwanted|Tornadus, L50, M, shiny|100\/100\n|switch|p2b: Eugene|Brambleghast, L50, M, shiny|100\/100\n|turn|1\n|j| Van. Volcanucks\n|\n|t:|1700427138\n|move|p1b: Brian|Fake Out|p2a: unwanted\n|-damage|p2a: unwanted|79\/100\n|cant|p2a: unwanted|flinch\n|move|p2b: Eugene|Leech Seed|p1b: Brian\n|-start|p1b: Brian|move: Leech Seed\n|move|p1a: Supreme Overlord|Kowtow Cleave|p2b: Eugene\n|-supereffective|p2b: Eugene\n|-crit|p2b: Eugene\n|-damage|p2b: Eugene|0 fnt\n|faint|p2b: Eugene\n|\n|upkeep\n|\n|t:|1700427151\n|switch|p2b: runner up|Kilowattrel, L50, F|100\/100\n|turn|2\n|\n|t:|1700427190\n|move|p2a: unwanted|Tailwind|p2a: unwanted\n|-sidestart|p2: coolasswurmple22|move: Tailwind\n|-start|p2b: runner up|Charge|Tailwind|[from] ability: Wind Power\n|move|p1a: Supreme Overlord|Sucker Punch|p2b: runner up\n|-damage|p2b: runner up|20\/100\n|move|p2b: runner up|Volt Switch|p1b: Brian\n|-resisted|p1b: Brian\n|-damage|p1b: Brian|77\/100\n|-end|p2b: runner up|Charge|[silent]\n|\n|t:|1700427206\n|switch|p2b: GIANT SMASH|Clodsire, L50, M, shiny|100\/100|[from] Volt Switch\n|move|p1b: Brian|Wild Charge|p2a: unwanted\n|-supereffective|p2a: unwanted\n|-crit|p2a: unwanted\n|-damage|p2a: unwanted|0 fnt\n|faint|p2a: unwanted\n|-damage|p1b: Brian|61\/100|[from] Recoil\n|\n|-damage|p1b: Brian|49\/100|[from] Leech Seed|[of] p2b: GIANT SMASH\n|upkeep\n|\n|t:|1700427216\n|switch|p2a: runner up|Kilowattrel, L50, F|20\/100\n|turn|3\n|\n|t:|1700427226\n|-end|p1b: Brian|Quark Drive|[silent]\n|switch|p1b: Sun Supplier|Torkoal, L50, M|100\/100\n|-weather|SunnyDay|[from] ability: Drought|[of] p1b: Sun Supplier\n|move|p1a: Supreme Overlord|Sucker Punch|p2a: runner up\n|-damage|p2a: runner up|0 fnt\n|faint|p2a: runner up\n|move|p2b: GIANT SMASH|Earthquake|p1a: Supreme Overlord|[spread] p1a,p1b\n|-supereffective|p1a: Supreme Overlord\n|-crit|p1a: Supreme Overlord\n|-supereffective|p1b: Sun Supplier\n|-damage|p1a: Supreme Overlord|57\/100\n|-damage|p1b: Sun Supplier|72\/100\n|\n|-weather|SunnyDay|[upkeep]\n|upkeep\n|turn|4\n|\n|t:|1700427247\n|switch|p1b: Brian|Iron Hands, L50|49\/100\n|-terastallize|p1a: Supreme Overlord|Fairy\n|-terastallize|p2b: GIANT SMASH|Ground\n|move|p1a: Supreme Overlord|Kowtow Cleave|p2b: GIANT SMASH\n|-damage|p2b: GIANT SMASH|41\/100\n|move|p2b: GIANT SMASH|Earthquake|p1b: Brian|[spread] p1a,p1b\n|-supereffective|p1b: Brian\n|-damage|p1a: Supreme Overlord|35\/100\n|-damage|p1b: Brian|14\/100\n|\n|-weather|SunnyDay|[upkeep]\n|-heal|p2b: GIANT SMASH|47\/100|[from] item: Leftovers\n|upkeep\n|turn|5\n|\n|t:|1700427271\n|move|p1b: Brian|Fake Out|p2b: GIANT SMASH\n|-damage|p2b: GIANT SMASH|31\/100\n|move|p1a: Supreme Overlord|Kowtow Cleave|p2b: GIANT SMASH\n|-damage|p2b: GIANT SMASH|0 fnt\n|faint|p2b: GIANT SMASH\n|\n|win|Kilowattrel Fan\n|l|\u2606coolasswurmple22\n","uploadtime":1700427396,"views":6,"p1id":"kilowattrelfan","p2id":"coolasswurmple22","formatid":"gen9vgc2023regulatione","rating":0,"private":0,"password":""}