{"id":"gen9vgc2023regulatione-1994182889","p1":"MrNiceguyVGC","p2":"Mak Cargo","format":"[Gen 9] VGC 2023 Regulation E","log":"|j|\u2606MrNiceguyVGC\n|j|\u2606Mak Cargo\n|t:|1700416298\n|gametype|doubles\n|player|p1|MrNiceguyVGC|bruno|1136\n|player|p2|Mak Cargo|101|1209\n|teamsize|p1|6\n|teamsize|p2|6\n|gen|9\n|tier|[Gen 9] VGC 2023 Regulation E\n|rated|\n|rule|Species Clause: Limit one of each Pok\u00e9mon\n|rule|Item Clause: Limit one of each item\n|clearpoke\n|poke|p1|Dusclops, L50, F|\n|poke|p1|Ursaluna-Bloodmoon, L50, M|\n|poke|p1|Iron Hands, L50|\n|poke|p1|Landorus-Therian, L50, M|\n|poke|p1|Iron Bundle, L50|\n|poke|p1|Cresselia, L50, F|\n|poke|p2|Ceruledge, L50, F|\n|poke|p2|Tornadus, L50, M|\n|poke|p2|Munkidori, L50, M|\n|poke|p2|Sinistcha-Masterpiece, L50|\n|poke|p2|Landorus-Therian, L50, M|\n|poke|p2|Iron Hands, L50|\n|teampreview|4\n|inactive|Battle timer is ON: inactive players will automatically lose when time's up. (requested by Mak Cargo)\n|\n|t:|1700416329\n|start\n|switch|p1a: Dusclops|Dusclops, L50, F, shiny|100\/100\n|switch|p1b: Ursaluna|Ursaluna-Bloodmoon, L50, M|100\/100\n|switch|p2a: Iron Hands|Iron Hands, L50|100\/100\n|switch|p2b: Ceruledge|Ceruledge, L50, F|100\/100\n|-ability|p1a: Dusclops|Pressure\n|turn|1\n|inactive|MrNiceguyVGC has 30 seconds left.\n|inactive|MrNiceguyVGC has 20 seconds left.\n|inactive|MrNiceguyVGC has 15 seconds left.\n|inactive|MrNiceguyVGC has 10 seconds left.\n|\n|t:|1700416376\n|switch|p1b: Cresselia|Cresselia, L50, F|100\/100\n|switch|p1a: Iron Hands|Iron Hands, L50, shiny|100\/100\n|move|p2a: Iron Hands|Fake Out|p1b: Cresselia\n|-damage|p1b: Cresselia|89\/100\n|move|p2b: Ceruledge|Bulk Up|p2b: Ceruledge\n|-boost|p2b: Ceruledge|atk|1\n|-boost|p2b: Ceruledge|def|1\n|\n|upkeep\n|turn|2\n|inactive|MrNiceguyVGC has 30 seconds left.\n|\n|t:|1700416402\n|move|p2b: Ceruledge|Bulk Up|p2b: Ceruledge\n|-boost|p2b: Ceruledge|atk|1\n|-boost|p2b: Ceruledge|def|1\n|move|p1b: Cresselia|Psychic|p2a: Iron Hands\n|-supereffective|p2a: Iron Hands\n|-damage|p2a: Iron Hands|68\/100\n|move|p1a: Iron Hands|Swords Dance|p1a: Iron Hands\n|-boost|p1a: Iron Hands|atk|2\n|move|p2a: Iron Hands|Drain Punch|p1a: Iron Hands\n|-damage|p1a: Iron Hands|73\/100\n|-heal|p2a: Iron Hands|80\/100|[from] drain|[of] p1a: Iron Hands\n|\n|upkeep\n|turn|3\n|\n|t:|1700416424\n|-terastallize|p2b: Ceruledge|Grass\n|move|p2b: Ceruledge|Bitter Blade|p1a: Iron Hands\n|-damage|p1a: Iron Hands|20\/100\n|-enditem|p1a: Iron Hands|Sitrus Berry|[eat]\n|-heal|p1a: Iron Hands|45\/100|[from] item: Sitrus Berry\n|move|p1b: Cresselia|Lunar Blessing|p1b: Cresselia|[spread] p1a,p1b\n|-heal|p1a: Iron Hands|70\/100\n|-heal|p1b: Cresselia|100\/100\n|move|p1a: Iron Hands|Thunder Punch|p2b: Ceruledge\n|-resisted|p2b: Ceruledge\n|-damage|p2b: Ceruledge|80\/100\n|-status|p2b: Ceruledge|par\n|move|p2a: Iron Hands|Drain Punch|p1a: Iron Hands\n|-damage|p1a: Iron Hands|41\/100\n|-heal|p2a: Iron Hands|92\/100|[from] drain|[of] p1a: Iron Hands\n|\n|upkeep\n|turn|4\n|inactive|MrNiceguyVGC has 30 seconds left.\n|\n|t:|1700416454\n|-end|p1a: Iron Hands|Quark Drive|[silent]\n|switch|p1a: Dusclops|Dusclops, L50, F, shiny|100\/100\n|-ability|p1a: Dusclops|Pressure\n|-end|p2a: Iron Hands|Quark Drive|[silent]\n|switch|p2a: Landorus|Landorus-Therian, L50, M|100\/100\n|-ability|p2a: Landorus|Intimidate|boost\n|-unboost|p1a: Dusclops|atk|1\n|-unboost|p1b: Cresselia|atk|1\n|move|p1b: Cresselia|Ice Beam|p2b: Ceruledge\n|-supereffective|p2b: Ceruledge\n|-damage|p2b: Ceruledge|49\/100 par\n|move|p2b: Ceruledge|Bitter Blade|p1a: Dusclops\n|-damage|p1a: Dusclops|38\/100\n|-heal|p2b: Ceruledge|69\/100 par|[from] drain|[of] p1a: Dusclops\n|\n|upkeep\n|turn|5\n|\n|t:|1700416474\n|move|p2a: Landorus|U-turn|p1b: Cresselia\n|-supereffective|p1b: Cresselia\n|-crit|p1b: Cresselia\n|-damage|p1b: Cresselia|45\/100\n|\n|t:|1700416484\n|switch|p2a: Sinistcha|Sinistcha-Masterpiece, L50|100\/100|[from] U-turn\n|-heal|p2b: Ceruledge|94\/100 par|[from] ability: Hospitality|[of] p2a: Sinistcha\n|move|p1b: Cresselia|Ice Beam|p2b: Ceruledge\n|-supereffective|p2b: Ceruledge\n|-damage|p2b: Ceruledge|65\/100 par\n|move|p2b: Ceruledge|Bitter Blade|p1b: Cresselia\n|-damage|p1b: Cresselia|0 fnt\n|-heal|p2b: Ceruledge|90\/100 par|[from] drain|[of] p1b: Cresselia\n|faint|p1b: Cresselia\n|move|p1a: Dusclops|Will-O-Wisp|p2a: Sinistcha\n|-status|p2a: Sinistcha|brn\n|\n|-damage|p2a: Sinistcha|94\/100 brn|[from] brn\n|upkeep\n|\n|t:|1700416503\n|switch|p1b: Ursaluna|Ursaluna-Bloodmoon, L50, M|100\/100\n|turn|6\n|\n|t:|1700416521\n|move|p1b: Ursaluna|Protect|p1b: Ursaluna\n|-singleturn|p1b: Ursaluna|Protect\n|move|p2a: Sinistcha|Rage Powder|p2a: Sinistcha\n|-singleturn|p2a: Sinistcha|move: Rage Powder\n|move|p2b: Ceruledge|Tera Blast|p1b: Ursaluna|[anim] Tera Blast Grass\n|-activate|p1b: Ursaluna|move: Protect\n|move|p1a: Dusclops|Pain Split|p2a: Sinistcha\n|-sethp|p2a: Sinistcha|59\/100 brn|[from] move: Pain Split|[silent]\n|-sethp|p1a: Dusclops|91\/100|[from] move: Pain Split\n|\n|-heal|p2a: Sinistcha|66\/100 brn|[from] item: Leftovers\n|-damage|p2a: Sinistcha|59\/100 brn|[from] brn\n|upkeep\n|turn|7\n|inactive|MrNiceguyVGC has 30 seconds left.\n|\n|t:|1700416549\n|-terastallize|p1b: Ursaluna|Normal\n|move|p2a: Sinistcha|Rage Powder|p2a: Sinistcha\n|-singleturn|p2a: Sinistcha|move: Rage Powder\n|move|p1b: Ursaluna|Hyper Voice|p2b: Ceruledge|[spread] p2a,p2b\n|-damage|p2a: Sinistcha|7\/100 brn\n|-damage|p2b: Ceruledge|55\/100 par\n|-enditem|p1b: Ursaluna|Throat Spray\n|-boost|p1b: Ursaluna|spa|1|[from] item: Throat Spray\n|cant|p2b: Ceruledge|par\n|move|p1a: Dusclops|Night Shade|p2a: Sinistcha\n|-damage|p2a: Sinistcha|0 fnt\n|faint|p2a: Sinistcha\n|\n|upkeep\n|\n|t:|1700416562\n|switch|p2a: Iron Hands|Iron Hands, L50|92\/100\n|turn|8\n|\n|t:|1700416571\n|move|p1b: Ursaluna|Protect|p1b: Ursaluna\n|-singleturn|p1b: Ursaluna|Protect\n|move|p2a: Iron Hands|Fake Out|p1b: Ursaluna\n|-activate|p1b: Ursaluna|move: Protect\n|move|p2b: Ceruledge|Bitter Blade|p1a: Dusclops\n|-damage|p1a: Dusclops|38\/100\n|-heal|p2b: Ceruledge|72\/100 par|[from] drain|[of] p1a: Dusclops\n|move|p1a: Dusclops|Will-O-Wisp|p2a: Iron Hands\n|-status|p2a: Iron Hands|brn\n|\n|-damage|p2a: Iron Hands|86\/100 brn|[from] brn\n|upkeep\n|turn|9\n|\n|t:|1700416593\n|move|p1b: Ursaluna|Blood Moon|p2b: Ceruledge\n|-damage|p2b: Ceruledge|0 fnt\n|faint|p2b: Ceruledge\n|move|p2a: Iron Hands|Drain Punch|p1b: Ursaluna\n|-supereffective|p1b: Ursaluna\n|-damage|p1b: Ursaluna|62\/100\n|-heal|p2a: Iron Hands|99\/100 brn|[from] drain|[of] p1b: Ursaluna\n|move|p1a: Dusclops|Pain Split|p2a: Iron Hands\n|-sethp|p2a: Iron Hands|59\/100 brn|[from] move: Pain Split|[silent]\n|-sethp|p1a: Dusclops|100\/100|[from] move: Pain Split\n|\n|-damage|p2a: Iron Hands|53\/100 brn|[from] brn\n|upkeep\n|\n|t:|1700416601\n|switch|p2b: Landorus|Landorus-Therian, L50, M|100\/100\n|-ability|p2b: Landorus|Intimidate|boost\n|-unboost|p1a: Dusclops|atk|1\n|-unboost|p1b: Ursaluna|atk|1\n|turn|10\n|\n|t:|1700416614\n|move|p1b: Ursaluna|Protect|p1b: Ursaluna\n|-singleturn|p1b: Ursaluna|Protect\n|move|p2b: Landorus|Rock Slide|p1b: Ursaluna|[spread] p1a\n|-activate|p1b: Ursaluna|move: Protect\n|-damage|p1a: Dusclops|83\/100\n|move|p2a: Iron Hands|Drain Punch|p1b: Ursaluna\n|-activate|p1b: Ursaluna|move: Protect\n|move|p1a: Dusclops|Will-O-Wisp|p2b: Landorus\n|-status|p2b: Landorus|brn\n|\n|-damage|p2b: Landorus|94\/100 brn|[from] brn\n|-damage|p2a: Iron Hands|46\/100 brn|[from] brn\n|upkeep\n|turn|11\n|inactive|MrNiceguyVGC has 30 seconds left.\n|\n|t:|1700416640\n|move|p2b: Landorus|Rock Slide|p1b: Ursaluna|[spread] p1a,p1b\n|-damage|p1a: Dusclops|75\/100\n|-damage|p1b: Ursaluna|53\/100\n|move|p1b: Ursaluna|Blood Moon|p2b: Landorus\n|-damage|p2b: Landorus|0 fnt\n|faint|p2b: Landorus\n|move|p2a: Iron Hands|Drain Punch|p1b: Ursaluna\n|-supereffective|p1b: Ursaluna\n|-damage|p1b: Ursaluna|16\/100\n|-heal|p2a: Iron Hands|60\/100 brn|[from] drain|[of] p1b: Ursaluna\n|move|p1a: Dusclops|Night Shade|p2a: Iron Hands\n|-damage|p2a: Iron Hands|41\/100 brn\n|\n|-damage|p2a: Iron Hands|35\/100 brn|[from] brn\n|upkeep\n|turn|12\n|-message|Mak Cargo forfeited.\n|\n|win|MrNiceguyVGC\n|raw|MrNiceguyVGC's rating: 1136 &rarr; <strong>1166<\/strong><br \/>(+30 for winning)\n|raw|Mak Cargo's rating: 1209 &rarr; <strong>1179<\/strong><br \/>(-30 for losing)\n|l|\u2606Mak Cargo\n","uploadtime":1700416662,"views":5,"p1id":"mrniceguyvgc","p2id":"makcargo","formatid":"gen9vgc2023regulatione","rating":1166,"private":0,"password":""}