{"id":"gen9vgc2023regulatione-1990179539","p1":"LasanVGC","p2":"NightWolf2211","format":"[Gen 9] VGC 2023 Regulation E","log":"|j|\u2606LasanVGC\n|j|\u2606NightWolf2211\n|t:|1699933604\n|gametype|doubles\n|player|p1|LasanVGC|2|1119\n|player|p2|NightWolf2211|169|1143\n|teamsize|p1|6\n|teamsize|p2|6\n|gen|9\n|tier|[Gen 9] VGC 2023 Regulation E\n|rated|\n|rule|Species Clause: Limit one of each Pok\u00e9mon\n|rule|Item Clause: Limit one of each item\n|clearpoke\n|poke|p1|Arcanine, L50, M|\n|poke|p1|Urshifu-*, L50, M|\n|poke|p1|Iron Bundle, L50|\n|poke|p1|Iron Hands, L50|\n|poke|p1|Tornadus, L50, M|\n|poke|p1|Chi-Yu, L50|\n|poke|p2|Chien-Pao, L50|\n|poke|p2|Dragapult, L50, F|\n|poke|p2|Heatran, L50, M|\n|poke|p2|Farigiraf, L50, M|\n|poke|p2|Rillaboom, L50, M|\n|poke|p2|Urshifu-*, L50, M|\n|teampreview|4\n|inactive|Battle timer is ON: inactive players will automatically lose when time's up. (requested by NightWolf2211)\n|inactive|LasanVGC also wants the timer to be on.\n|inactive|LasanVGC has 60 seconds left.\n|inactive|NightWolf2211 has 60 seconds left.\n|inactive|NightWolf2211 has 30 seconds left.\n|inactive|LasanVGC has 30 seconds left.\n|inactive|NightWolf2211 has 20 seconds left.\n|inactive|NightWolf2211 has 15 seconds left.\n|inactive|NightWolf2211 has 10 seconds left.\n|\n|t:|1699933685\n|start\n|switch|p1a: Tornadus|Tornadus, L50, M, shiny|100\/100\n|switch|p1b: Chi-Yu|Chi-Yu, L50|100\/100\n|switch|p2a: Farigiraf|Farigiraf, L50, M|100\/100\n|switch|p2b: Urshifu|Urshifu-Rapid-Strike, L50, M|100\/100\n|-ability|p1b: Chi-Yu|Beads of Ruin\n|turn|1\n|inactive|LasanVGC has 30 seconds left.\n|inactive|NightWolf2211 has 30 seconds left.\n|inactive|LasanVGC has 20 seconds left.\n|\n|t:|1699933721\n|-terastallize|p2b: Urshifu|Water\n|move|p2b: Urshifu|Surging Strikes|p1b: Chi-Yu\n|-supereffective|p1b: Chi-Yu\n|-crit|p1b: Chi-Yu\n|-damage|p1b: Chi-Yu|2\/100\n|-supereffective|p1b: Chi-Yu\n|-crit|p1b: Chi-Yu\n|-damage|p1b: Chi-Yu|0 fnt\n|faint|p1b: Chi-Yu\n|-hitcount|p1: Chi-Yu|2\n|move|p1a: Tornadus|Bleakwind Storm|p2a: Farigiraf|[spread] p2a,p2b\n|-damage|p2a: Farigiraf|67\/100\n|-damage|p2b: Urshifu|55\/100\n|move|p2a: Farigiraf|Trick Room|p2a: Farigiraf\n|-fieldstart|move: Trick Room|[of] p2a: Farigiraf\n|\n|upkeep\n|\n|t:|1699933731\n|switch|p1b: Iron Hands|Iron Hands, L50|100\/100\n|turn|2\n|inactive|LasanVGC has 30 seconds left.\n|inactive|NightWolf2211 has 30 seconds left.\n|\n|t:|1699933763\n|switch|p2b: Rillaboom|Rillaboom, L50, M|100\/100\n|-fieldstart|move: Grassy Terrain|[from] ability: Grassy Surge|[of] p2b: Rillaboom\n|move|p1b: Iron Hands|Wild Charge|p2b: Rillaboom\n|-resisted|p2b: Rillaboom\n|-crit|p2b: Rillaboom\n|-damage|p2b: Rillaboom|70\/100\n|-damage|p1b: Iron Hands|94\/100|[from] Recoil\n|move|p2a: Farigiraf|Psychic|p1b: Iron Hands\n|-supereffective|p1b: Iron Hands\n|-crit|p1b: Iron Hands\n|-damage|p1b: Iron Hands|36\/100\n|move|p1a: Tornadus|Bleakwind Storm|p2a: Farigiraf|[spread] p2a,p2b\n|-supereffective|p2b: Rillaboom\n|-damage|p2a: Farigiraf|34\/100\n|-damage|p2b: Rillaboom|3\/100\n|-unboost|p2b: Rillaboom|spe|1\n|-enditem|p2b: Rillaboom|Sitrus Berry|[eat]\n|-heal|p2b: Rillaboom|28\/100|[from] item: Sitrus Berry\n|\n|-heal|p2b: Rillaboom|33\/100|[from] Grassy Terrain\n|-heal|p1b: Iron Hands|42\/100|[from] Grassy Terrain\n|-heal|p2a: Farigiraf|40\/100|[from] Grassy Terrain\n|upkeep\n|turn|3\n|inactive|NightWolf2211 has 30 seconds left.\n|\n|t:|1699933792\n|move|p2b: Rillaboom|Protect|p2b: Rillaboom\n|-singleturn|p2b: Rillaboom|Protect\n|move|p1b: Iron Hands|Drain Punch|p2a: Farigiraf\n|-crit|p2a: Farigiraf\n|-damage|p2a: Farigiraf|0 fnt\n|-heal|p1b: Iron Hands|61\/100|[from] drain|[of] p2a: Farigiraf\n|-damage|p1b: Iron Hands|44\/100|[from] item: Rocky Helmet|[of] p2a: Farigiraf\n|faint|p2a: Farigiraf\n|move|p1a: Tornadus|Bleakwind Storm|p2b: Rillaboom\n|-activate|p2b: Rillaboom|move: Protect\n|\n|-heal|p2b: Rillaboom|39\/100|[from] Grassy Terrain\n|-heal|p1b: Iron Hands|50\/100|[from] Grassy Terrain\n|upkeep\n|\n|t:|1699933805\n|switch|p2a: Heatran|Heatran, L50, M, shiny|100\/100\n|turn|4\n|inactive|LasanVGC has 30 seconds left.\n|inactive|NightWolf2211 has 30 seconds left.\n|\n|t:|1699933840\n|move|p2b: Rillaboom|Stomping Tantrum|p1b: Iron Hands\n|-supereffective|p1b: Iron Hands\n|-damage|p1b: Iron Hands|18\/100\n|move|p1b: Iron Hands|Drain Punch|p2a: Heatran\n|-supereffective|p2a: Heatran\n|-damage|p2a: Heatran|27\/100\n|-heal|p1b: Iron Hands|48\/100|[from] drain|[of] p2a: Heatran\n|move|p2a: Heatran|Heat Wave|p1a: Tornadus|[spread] p1a,p1b\n|-damage|p1a: Tornadus|57\/100\n|-damage|p1b: Iron Hands|26\/100\n|move|p1a: Tornadus|Bleakwind Storm|p2b: Rillaboom|[spread] \n|-miss|p1a: Tornadus|p2a: Heatran\n|-miss|p1a: Tornadus|p2b: Rillaboom\n|\n|-heal|p2b: Rillaboom|45\/100|[from] Grassy Terrain\n|-heal|p1b: Iron Hands|32\/100|[from] Grassy Terrain\n|-heal|p2a: Heatran|33\/100|[from] Grassy Terrain\n|upkeep\n|turn|5\n|inactive|LasanVGC has 30 seconds left.\n|\n|t:|1699933872\n|-end|p1b: Iron Hands|Quark Drive|[silent]\n|switch|p1b: Urshifu|Urshifu-Rapid-Strike, L50, M|100\/100\n|switch|p2a: Urshifu|Urshifu-Rapid-Strike, L50, M, tera:Water|55\/100\n|move|p2b: Rillaboom|Stomping Tantrum|p1b: Urshifu\n|-damage|p1b: Urshifu|74\/100\n|move|p1a: Tornadus|Bleakwind Storm|p2b: Rillaboom|[spread] p2a,p2b\n|-supereffective|p2b: Rillaboom\n|-damage|p2a: Urshifu|15\/100\n|-damage|p2b: Rillaboom|0 fnt\n|faint|p2b: Rillaboom\n|\n|-heal|p1b: Urshifu|80\/100|[from] Grassy Terrain\n|-heal|p2a: Urshifu|21\/100|[from] Grassy Terrain\n|-fieldend|move: Trick Room\n|upkeep\n|\n|t:|1699933882\n|switch|p2b: Heatran|Heatran, L50, M, shiny|33\/100\n|turn|6\n|\n|t:|1699933889\n|move|p1a: Tornadus|Tailwind|p1a: Tornadus\n|-sidestart|p1: LasanVGC|move: Tailwind\n|move|p1b: Urshifu|Aqua Jet|p2a: Urshifu\n|-resisted|p2a: Urshifu\n|-damage|p2a: Urshifu|8\/100\n|move|p2a: Urshifu|Surging Strikes|p1b: Urshifu\n|-resisted|p1b: Urshifu\n|-crit|p1b: Urshifu\n|-damage|p1b: Urshifu|64\/100\n|-resisted|p1b: Urshifu\n|-crit|p1b: Urshifu\n|-damage|p1b: Urshifu|48\/100\n|-resisted|p1b: Urshifu\n|-crit|p1b: Urshifu\n|-damage|p1b: Urshifu|35\/100\n|-hitcount|p1b: Urshifu|3\n|move|p2b: Heatran|Flash Cannon|p1a: Tornadus\n|-damage|p1a: Tornadus|7\/100\n|\n|-heal|p1b: Urshifu|41\/100|[from] Grassy Terrain\n|-heal|p2a: Urshifu|14\/100|[from] Grassy Terrain\n|-heal|p2b: Heatran|40\/100|[from] Grassy Terrain\n|-fieldend|move: Grassy Terrain\n|upkeep\n|turn|7\n|\n|t:|1699933908\n|move|p1b: Urshifu|Detect|p1b: Urshifu\n|-singleturn|p1b: Urshifu|Protect\n|move|p1a: Tornadus|Bleakwind Storm|p2a: Urshifu|[spread] p2b\n|-miss|p1a: Tornadus|p2a: Urshifu\n|-resisted|p2b: Heatran\n|-damage|p2b: Heatran|31\/100\n|move|p2a: Urshifu|Surging Strikes|p1b: Urshifu\n|-resisted|p1b: Urshifu\n|-crit|p1b: Urshifu\n|-damage|p1b: Urshifu|26\/100\n|-resisted|p1b: Urshifu\n|-crit|p1b: Urshifu\n|-damage|p1b: Urshifu|11\/100\n|-resisted|p1b: Urshifu\n|-crit|p1b: Urshifu\n|-damage|p1b: Urshifu|0 fnt\n|faint|p1b: Urshifu\n|-hitcount|p1: Urshifu|3\n|move|p2b: Heatran|Heat Wave|p1a: Tornadus\n|-damage|p1a: Tornadus|0 fnt\n|faint|p1a: Tornadus\n|\n|upkeep\n|\n|t:|1699933918\n|switch|p1b: Iron Hands|Iron Hands, L50|32\/100\n|turn|8\n|\n|t:|1699933935\n|move|p1b: Iron Hands|Fake Out|p2a: Urshifu\n|-damage|p2a: Urshifu|0 fnt\n|faint|p2a: Urshifu\n|move|p2b: Heatran|Earth Power|p1b: Iron Hands\n|-supereffective|p1b: Iron Hands\n|-damage|p1b: Iron Hands|0 fnt\n|faint|p1b: Iron Hands\n|-end|p1b: Iron Hands|Quark Drive|[silent]\n|\n|win|NightWolf2211\n|raw|LasanVGC's rating: 1119 &rarr; <strong>1096<\/strong><br \/>(-23 for losing)\n|raw|NightWolf2211's rating: 1143 &rarr; <strong>1166<\/strong><br \/>(+23 for winning)\n|l|\u2606LasanVGC\n|c|\u2606NightWolf2211|Damn\n","uploadtime":1699933971,"views":13,"p1id":"lasanvgc","p2id":"nightwolf2211","formatid":"gen9vgc2023regulatione","rating":1096,"private":0,"password":""}