{"id":"gen9vgc2023regulatione-1990096914","p1":"Idonotcare0982","p2":"cosmixdd","format":"[Gen 9] VGC 2023 Regulation E","log":"|j|\u2606Idonotcare0982\n|j|\u2606cosmixdd\n|n|\u2606Idonotcare0982|idonotcare0982\n|n|\u2606cosmixdd|cosmixdd\n|html|View the match progress at <a href=\"\/game-bestof3-gen9vgc2023regulatione-1990093918\">game-bestof3-gen9vgc2023regulatione-1990093918<\/a>\n|t:|1699924183\n|gametype|doubles\n|player|p1|Idonotcare0982|ghetsis-gen5bw|\n|player|p2|cosmixdd|acetrainer-gen4dp|\n|teamsize|p1|6\n|teamsize|p2|6\n|gen|9\n|tier|[Gen 9] VGC 2023 Regulation E\n|rule|Species Clause: Limit one of each Pok\u00e9mon\n|rule|Item Clause: Limit one of each item\n|clearpoke\n|poke|p1|Arcanine-Hisui, L50, F|\n|poke|p1|Urshifu-*, L50, F|\n|poke|p1|Tornadus, L50, M|\n|poke|p1|Ogerpon-Wellspring, L50, F|\n|poke|p1|Gholdengo, L50|\n|poke|p1|Iron Hands, L50|\n|poke|p2|Thundurus-Therian, L50, M|\n|poke|p2|Iron Hands, L50|\n|poke|p2|Ogerpon-Wellspring, L50, F|\n|poke|p2|Arcanine-Hisui, L50, M|\n|poke|p2|Pelipper, L50, F|\n|poke|p2|Annihilape, L50, M|\n|teampreview|4\n|inactive|Battle timer is ON: inactive players will automatically lose when time's up. (requested by cosmixdd)\ncosmixdd has agreed to open team sheets.\n|\n|t:|1699924207\n|start\n|switch|p1a: Urshifu|Urshifu-Rapid-Strike, L50, F|100\/100\n|switch|p1b: Tornadus|Tornadus, L50, M|100\/100\n|switch|p2a: Pelipper|Pelipper, L50, F|100\/100\n|switch|p2b: Ogerpon|Ogerpon-Wellspring, L50, F|100\/100\n|-weather|RainDance|[from] ability: Drizzle|[of] p2a: Pelipper\n|turn|1\n|inactive|Idonotcare0982 has 30 seconds left.\n|inactive|Idonotcare0982 has 20 seconds left.\n|\n|t:|1699924244\n|-terastallize|p2b: Ogerpon|Water\n|detailschange|p2b: Ogerpon|Ogerpon-Wellspring-Tera, L50, F, tera:Water\n|-ability|p2b: Ogerpon|Embody Aspect (Wellspring)|boost\n|-boost|p2b: Ogerpon|spd|1\n|move|p1a: Urshifu|Detect|p1a: Urshifu\n|-singleturn|p1a: Urshifu|Protect\n|move|p1b: Tornadus|Tailwind|p1b: Tornadus\n|-sidestart|p1: Idonotcare0982|move: Tailwind\n|move|p2b: Ogerpon|Ivy Cudgel|p1b: Tornadus\n|-crit|p1b: Tornadus\n|-damage|p1b: Tornadus|0 fnt\n|faint|p1b: Tornadus\n|move|p2a: Pelipper|Hurricane|p1a: Urshifu\n|-activate|p1a: Urshifu|move: Protect\n|\n|-weather|RainDance|[upkeep]\n|upkeep\n|inactive|Idonotcare0982 has 30 seconds left.\n|\n|t:|1699924276\n|switch|p1b: Gholdengo|Gholdengo, L50|100\/100\n|turn|2\n|\n|t:|1699924295\n|switch|p1a: Arcanine|Arcanine-Hisui, L50, F, shiny|100\/100\n|-ability|p1a: Arcanine|Intimidate|boost\n|-unboost|p2a: Pelipper|atk|1\n|-unboost|p2b: Ogerpon|atk|1\n|move|p1b: Gholdengo|Protect|p1b: Gholdengo\n|-singleturn|p1b: Gholdengo|Protect\n|move|p2b: Ogerpon|Ivy Cudgel|p1b: Gholdengo\n|-activate|p1b: Gholdengo|move: Protect\n|move|p2a: Pelipper|Hurricane|p1a: Arcanine\n|-resisted|p1a: Arcanine\n|-damage|p1a: Arcanine|75\/100\n|-start|p1a: Arcanine|confusion\n|\n|-weather|RainDance|[upkeep]\n|upkeep\n|turn|3\n|inactive|Idonotcare0982 has 30 seconds left.\n|inactive|cosmixdd has 30 seconds left.\n|\n|t:|1699924323\n|-terastallize|p1a: Arcanine|Grass\n|-activate|p1a: Arcanine|confusion\n|move|p1a: Arcanine|Tera Blast|p2b: Ogerpon|[anim] Tera Blast Grass\n|-supereffective|p2b: Ogerpon\n|-damage|p2b: Ogerpon|26\/100\n|move|p1b: Gholdengo|Nasty Plot|p1b: Gholdengo\n|-boost|p1b: Gholdengo|spa|2\n|move|p2b: Ogerpon|Ivy Cudgel|p1b: Gholdengo\n|-damage|p1b: Gholdengo|31\/100\n|move|p2a: Pelipper|Weather Ball|p1a: Arcanine\n|-resisted|p1a: Arcanine\n|-crit|p1a: Arcanine\n|-damage|p1a: Arcanine|24\/100\n|\n|-weather|RainDance|[upkeep]\n|-heal|p1b: Gholdengo|37\/100|[from] item: Leftovers\n|upkeep\n|turn|4\n|inactive|cosmixdd has 30 seconds left.\n|\n|t:|1699924352\n|move|p2b: Ogerpon|Spiky Shield|p2b: Ogerpon\n|-singleturn|p2b: Ogerpon|move: Protect\n|-activate|p1a: Arcanine|confusion\n|move|p1a: Arcanine|Tera Blast|p2b: Ogerpon|[anim] Tera Blast Grass\n|-activate|p2b: Ogerpon|move: Protect\n|move|p1b: Gholdengo|Shadow Ball|p2a: Pelipper\n|-damage|p2a: Pelipper|0 fnt\n|faint|p2a: Pelipper\n|\n|-weather|RainDance|[upkeep]\n|-heal|p1b: Gholdengo|43\/100|[from] item: Leftovers\n|-sideend|p1: Idonotcare0982|move: Tailwind\n|upkeep\n|\n|t:|1699924364\n|switch|p2a: Thundurus|Thundurus-Therian, L50, M|100\/100\n|turn|5\n|\n|t:|1699924377\n|-end|p1a: Arcanine|confusion\n|move|p1a: Arcanine|Tera Blast|p2b: Ogerpon|[anim] Tera Blast Grass\n|-supereffective|p2b: Ogerpon\n|-damage|p2b: Ogerpon|0 fnt\n|faint|p2b: Ogerpon\n|move|p2a: Thundurus|Wildbolt Storm|p1b: Gholdengo|[spread] p1a,p1b\n|-resisted|p1a: Arcanine\n|-damage|p1a: Arcanine|0 fnt\n|-damage|p1b: Gholdengo|0 fnt\n|faint|p1a: Arcanine\n|faint|p1b: Gholdengo\n|\n|-weather|RainDance|[upkeep]\n|upkeep\n|\n|t:|1699924391\n|switch|p1a: Urshifu|Urshifu-Rapid-Strike, L50, F|100\/100\n|switch|p2b: Iron Hands|Iron Hands, L50|100\/100\n|turn|6\n|\n|t:|1699924396\n|move|p2b: Iron Hands|Fake Out|p1a: Urshifu\n|-damage|p1a: Urshifu|87\/100\n|move|p2a: Thundurus|Wildbolt Storm|p1a: Urshifu\n|-supereffective|p1a: Urshifu\n|-damage|p1a: Urshifu|0 fnt\n|faint|p1a: Urshifu\n|\n|win|cosmixdd\n|c|&|\/uhtml prompt-cosmixdd,cosmixdd is ready for game 3!\n|inactive|Idonotcare0982 has 50 seconds to confirm battle start!\n|c|\u2606Idonotcare0982|Gg\n|c|&|\/uhtml prompt-idonotcare0982,Idonotcare0982 is ready for game 3!\nBoth players are ready! Starting next match!\n","uploadtime":1699924704,"views":11,"p1id":"idonotcare0982","p2id":"cosmixdd","formatid":"gen9vgc2023regulatione","rating":0,"private":0,"password":""}