{"id":"gen9vgc2023regulatione-1996244840","p1":"sonic567","p2":"APOLO7","format":"[Gen 9] VGC 2023 Regulation E","log":"|j|\u2606sonic567\n|j|\u2606APOLO7\n|t:|1700663417\n|gametype|doubles\n|player|p1|sonic567|irida|1253\n|player|p2|APOLO7|2|1235\n|teamsize|p1|6\n|teamsize|p2|6\n|gen|9\n|tier|[Gen 9] VGC 2023 Regulation E\n|rated|\n|rule|Species Clause: Limit one of each Pok\u00e9mon\n|rule|Item Clause: Limit one of each item\n|clearpoke\n|poke|p1|Iron Bundle, L50|\n|poke|p1|Armarouge, L50, M|\n|poke|p1|Indeedee-F, L50, F|\n|poke|p1|Flutter Mane, L50|\n|poke|p1|Gholdengo, L50|\n|poke|p1|Great Tusk, L50|\n|poke|p2|Ogerpon-Wellspring, L50, F|\n|poke|p2|Heatran, L50, F|\n|poke|p2|Iron Hands, L50|\n|poke|p2|Landorus-Therian, L50, M|\n|poke|p2|Cresselia, L50, F|\n|poke|p2|Flutter Mane, L50|\n|teampreview|4\n|inactive|Battle timer is ON: inactive players will automatically lose when time's up. (requested by sonic567)\nAPOLO7 has agreed to open team sheets.\n|inactive|APOLO7 has 60 seconds left.\n|inactive|sonic567 has 60 seconds left.\n|inactive|APOLO7 has 30 seconds left.\n|\n|t:|1700663485\n|start\n|switch|p1a: Pengu|Iron Bundle, L50|100\/100\n|switch|p1b: Zero|Armarouge, L50, M|100\/100\n|switch|p2a: Landorus|Landorus-Therian, L50, M|100\/100\n|switch|p2b: Cresselia|Cresselia, L50, F|100\/100\n|-ability|p2a: Landorus|Intimidate|boost\n|-unboost|p1a: Pengu|atk|1\n|-unboost|p1b: Zero|atk|1\n|-enditem|p1a: Pengu|Booster Energy\n|-activate|p1a: Pengu|ability: Quark Drive|[fromitem]\n|-start|p1a: Pengu|quarkdrivespe\n|turn|1\n|inactive|APOLO7 has 30 seconds left.\n|\n|t:|1700663512\n|switch|p2a: Heatran|Heatran, L50, F|100\/100\n|move|p1a: Pengu|Flip Turn|p1b: Zero\n|-supereffective|p1b: Zero\n|-damage|p1b: Zero|79\/100\n|-ability|p1b: Zero|Weak Armor|boost\n|-unboost|p1b: Zero|def|1\n|-boost|p1b: Zero|spe|2\n|-enditem|p1b: Zero|Weakness Policy\n|-boost|p1b: Zero|atk|2|[from] item: Weakness Policy\n|-boost|p1b: Zero|spa|2|[from] item: Weakness Policy\n|\n|t:|1700663522\n|-end|p1a: Pengu|Quark Drive|[silent]\n|switch|p1a: Terra|Indeedee-F, L50, F|100\/100|[from] Flip Turn\n|-fieldstart|move: Psychic Terrain|[from] ability: Psychic Surge|[of] p1a: Terra\n|move|p1b: Zero|Expanding Force|p2b: Cresselia|[spread] p2a,p2b\n|-resisted|p2a: Heatran\n|-resisted|p2b: Cresselia\n|-damage|p2a: Heatran|47\/100\n|-damage|p2b: Cresselia|60\/100\n|move|p2b: Cresselia|Psychic|p1a: Terra\n|-resisted|p1a: Terra\n|-damage|p1a: Terra|84\/100\n|\n|upkeep\n|turn|2\n|inactive|sonic567 has 30 seconds left.\n|\n|t:|1700663547\n|-terastallize|p1b: Zero|Psychic\n|move|p2a: Heatran|Protect|p2a: Heatran\n|-singleturn|p2a: Heatran|Protect\n|move|p1b: Zero|Expanding Force|p2a: Heatran|[spread] p2b\n|-activate|p2a: Heatran|move: Protect\n|-resisted|p2b: Cresselia\n|-damage|p2b: Cresselia|1\/100\n|-enditem|p2b: Cresselia|Sitrus Berry|[eat]\n|-heal|p2b: Cresselia|26\/100|[from] item: Sitrus Berry\n|move|p1a: Terra|Hyper Voice|p2a: Heatran|[spread] p2b\n|-activate|p2a: Heatran|move: Protect\n|-damage|p2b: Cresselia|8\/100\n|-enditem|p1a: Terra|Throat Spray\n|-boost|p1a: Terra|spa|1|[from] item: Throat Spray\n|move|p2b: Cresselia|Lunar Blessing|p2b: Cresselia|[spread] p2a,p2b\n|-heal|p2a: Heatran|72\/100\n|-heal|p2b: Cresselia|34\/100\n|\n|upkeep\n|turn|3\n|inactive|sonic567 has 30 seconds left.\n|inactive|APOLO7 has 30 seconds left.\n|inactive|sonic567 has 20 seconds left.\n|\n|t:|1700663586\n|move|p1b: Zero|Expanding Force|p2b: Cresselia|[spread] p2a,p2b\n|-resisted|p2a: Heatran\n|-crit|p2a: Heatran\n|-resisted|p2b: Cresselia\n|-damage|p2a: Heatran|0 fnt\n|-damage|p2b: Cresselia|0 fnt\n|faint|p2a: Heatran\n|faint|p2b: Cresselia\n|move|p1a: Terra|Hyper Voice|p2: Heatran|[notarget]\n|-fail|p1a: Terra\n|\n|upkeep\n|\n|t:|1700663593\n|switch|p2a: Landorus|Landorus-Therian, L50, M|100\/100\n|switch|p2b: Iron Hands|Iron Hands, L50|100\/100\n|-ability|p2a: Landorus|Intimidate|boost\n|-unboost|p1a: Terra|atk|1\n|-unboost|p1b: Zero|atk|1\n|turn|4\n|\n|t:|1700663609\n|-terastallize|p2a: Landorus|Flying\n|move|p1b: Zero|Protect|p1b: Zero\n|-singleturn|p1b: Zero|Protect\n|move|p2a: Landorus|Tera Blast|p1b: Zero|[anim] Tera Blast Flying\n|-activate|p1b: Zero|move: Protect\n|move|p1a: Terra|Dazzling Gleam|p2b: Iron Hands|[spread] p2a,p2b\n|-crit|p2a: Landorus\n|-supereffective|p2b: Iron Hands\n|-damage|p2a: Landorus|55\/100\n|-damage|p2b: Iron Hands|72\/100\n|move|p2b: Iron Hands|Wild Charge|p1b: Zero\n|-activate|p1b: Zero|move: Protect\n|\n|upkeep\n|turn|5\n|\n|t:|1700663626\n|move|p2a: Landorus|Tera Blast|p1b: Zero|[anim] Tera Blast Flying\n|-damage|p1b: Zero|0 fnt\n|faint|p1b: Zero\n|move|p1a: Terra|Heal Pulse|p1: Zero|[notarget]\n|-fail|p1a: Terra\n|move|p2b: Iron Hands|Wild Charge|p1a: Terra\n|-damage|p1a: Terra|0 fnt\n|faint|p1a: Terra\n|-damage|p2b: Iron Hands|60\/100|[from] Recoil\n|\n|-fieldend|move: Psychic Terrain\n|upkeep\n|\n|t:|1700663632\n|switch|p1a: My Heart Is Ghold|Gholdengo, L50|100\/100\n|switch|p1b: Pengu|Iron Bundle, L50|100\/100\n|turn|6\n|\n|t:|1700663647\n|move|p2a: Landorus|Tera Blast|p1a: My Heart Is Ghold|[anim] Tera Blast Flying\n|-resisted|p1a: My Heart Is Ghold\n|-damage|p1a: My Heart Is Ghold|65\/100\n|move|p1b: Pengu|Hydro Pump|p2b: Iron Hands\n|-damage|p2b: Iron Hands|32\/100\n|move|p1a: My Heart Is Ghold|Dazzling Gleam|p2b: Iron Hands|[spread] p2a,p2b\n|-supereffective|p2b: Iron Hands\n|-damage|p2a: Landorus|21\/100\n|-damage|p2b: Iron Hands|0 fnt\n|faint|p2b: Iron Hands\n|-end|p2b: Iron Hands|Quark Drive|[silent]\n|\n|upkeep\n|turn|7\n|\n|t:|1700663660\n|move|p2a: Landorus|Tera Blast|p1b: Pengu|[anim] Tera Blast Flying\n|-damage|p1b: Pengu|24\/100\n|move|p1b: Pengu|Icy Wind|p2a: Landorus\n|-supereffective|p2a: Landorus\n|-damage|p2a: Landorus|0 fnt\n|faint|p2a: Landorus\n|\n|win|sonic567\n|raw|sonic567's rating: 1253 &rarr; <strong>1277<\/strong><br \/>(+24 for winning)\n|raw|APOLO7's rating: 1235 &rarr; <strong>1211<\/strong><br \/>(-24 for losing)\n|l|\u2606sonic567\n","uploadtime":1700663706,"views":9,"p1id":"sonic567","p2id":"apolo7","formatid":"gen9vgc2023regulatione","rating":1211,"private":0,"password":""}