{"id":"gen9vgc2023regulatione-1993227469","p1":"SoaringInStyle","p2":"Biquita","format":"[Gen 9] VGC 2023 Regulation E","log":"|j|\u2606SoaringInStyle\n|j|\u2606Biquita\n|t:|1700280839\n|gametype|doubles\n|player|p1|SoaringInStyle|170|1089\n|player|p2|Biquita|102|1153\n|teamsize|p1|6\n|teamsize|p2|6\n|gen|9\n|tier|[Gen 9] VGC 2023 Regulation E\n|rated|\n|rule|Species Clause: Limit one of each Pok\u00e9mon\n|rule|Item Clause: Limit one of each item\n|clearpoke\n|poke|p1|Annihilape, L50, M|\n|poke|p1|Maushold-Four, L50|\n|poke|p1|Farigiraf, L50, M|\n|poke|p1|Roaring Moon, L50|\n|poke|p1|Urshifu-*, L50, F|\n|poke|p1|Iron Hands, L50|\n|poke|p2|Flutter Mane, L50|\n|poke|p2|Chi-Yu, L50|\n|poke|p2|Roaring Moon, L50|\n|poke|p2|Landorus-Therian, L50, M|\n|poke|p2|Iron Hands, L50|\n|poke|p2|Torkoal, L50, F|\n|teampreview|4\n|\n|t:|1700280886\n|start\n|switch|p1a: Annihilape|Annihilape, L50, M, shiny|100\/100\n|switch|p1b: Maushold|Maushold-Four, L50|100\/100\n|switch|p2a: Landorus|Landorus-Therian, L50, M|100\/100\n|switch|p2b: Chi-Yu|Chi-Yu, L50|100\/100\n|-ability|p2a: Landorus|Intimidate|boost\n|-unboost|p1a: Annihilape|atk|1\n|-unboost|p1b: Maushold|atk|1\n|-ability|p2b: Chi-Yu|Beads of Ruin\n|turn|1\n|\n|t:|1700280912\n|move|p1b: Maushold|Protect|p1b: Maushold\n|-singleturn|p1b: Maushold|Protect\n|move|p1a: Annihilape|Protect|p1a: Annihilape\n|-singleturn|p1a: Annihilape|Protect\n|move|p2a: Landorus|U-turn|p1b: Maushold\n|-activate|p1b: Maushold|move: Protect\n|move|p2b: Chi-Yu|Heat Wave|p1a: Annihilape|[spread] \n|-activate|p1a: Annihilape|move: Protect\n|-activate|p1b: Maushold|move: Protect\n|\n|upkeep\n|turn|2\n|\n|t:|1700280944\n|move|p1b: Maushold|Follow Me|p1b: Maushold\n|-singleturn|p1b: Maushold|move: Follow Me\n|move|p2a: Landorus|U-turn|p1b: Maushold\n|-damage|p1b: Maushold|65\/100\n|\n|t:|1700280949\n|switch|p2a: Torkoal|Torkoal, L50, F|100\/100|[from] U-turn\n|-weather|SunnyDay|[from] ability: Drought|[of] p2a: Torkoal\n|move|p2b: Chi-Yu|Heat Wave|p1a: Annihilape|[spread] p1a,p1b\n|-damage|p1a: Annihilape|31\/100\n|-damage|p1b: Maushold|0 fnt\n|faint|p1b: Maushold\n|move|p1a: Annihilape|Drain Punch|p2b: Chi-Yu\n|-supereffective|p2b: Chi-Yu\n|-damage|p2b: Chi-Yu|42\/100\n|-heal|p1a: Annihilape|53\/100|[from] drain|[of] p2b: Chi-Yu\n|\n|-weather|SunnyDay|[upkeep]\n|-heal|p1a: Annihilape|60\/100|[from] item: Leftovers\n|upkeep\n|\n|t:|1700280985\n|switch|p1b: Farigiraf|Farigiraf, L50, M|100\/100\n|turn|3\n|\n|t:|1700281009\n|move|p2a: Torkoal|Helping Hand|p2b: Chi-Yu\n|-singleturn|p2b: Chi-Yu|Helping Hand|[of] p2a: Torkoal\n|move|p1a: Annihilape|Protect|p1a: Annihilape\n|-singleturn|p1a: Annihilape|Protect\n|move|p2b: Chi-Yu|Heat Wave|p1b: Farigiraf|[spread] p1b\n|-activate|p1a: Annihilape|move: Protect\n|-damage|p1b: Farigiraf|0 fnt\n|faint|p1b: Farigiraf\n|\n|-weather|SunnyDay|[upkeep]\n|-heal|p1a: Annihilape|66\/100|[from] item: Leftovers\n|upkeep\n|\n|t:|1700281022\n|switch|p1b: Iron Hands|Iron Hands, L50|100\/100\n|turn|4\n|\n|t:|1700281044\n|switch|p2b: Landorus|Landorus-Therian, L50, M|100\/100\n|-ability|p2b: Landorus|Intimidate|boost\n|-unboost|p1a: Annihilape|atk|1\n|-unboost|p1b: Iron Hands|atk|1\n|-terastallize|p1a: Annihilape|Fire\n|move|p1b: Iron Hands|Fake Out|p2b: Landorus\n|-damage|p2b: Landorus|89\/100\n|move|p1a: Annihilape|Drain Punch|p2a: Torkoal\n|-damage|p2a: Torkoal|90\/100\n|-heal|p1a: Annihilape|71\/100|[from] drain|[of] p2a: Torkoal\n|move|p2a: Torkoal|Yawn|p1b: Iron Hands\n|-start|p1b: Iron Hands|move: Yawn|[of] p2a: Torkoal\n|\n|-weather|SunnyDay|[upkeep]\n|-heal|p1a: Annihilape|77\/100|[from] item: Leftovers\n|upkeep\n|turn|5\n|\n|t:|1700281081\n|move|p1a: Annihilape|Protect|p1a: Annihilape\n|-singleturn|p1a: Annihilape|Protect\n|move|p2b: Landorus|Stomping Tantrum|p1a: Annihilape\n|-activate|p1a: Annihilape|move: Protect\n|move|p1b: Iron Hands|Wild Charge|p2b: Landorus\n|-immune|p2b: Landorus\n|move|p2a: Torkoal|Flamethrower|p1b: Iron Hands\n|-damage|p1b: Iron Hands|72\/100\n|\n|-weather|SunnyDay|[upkeep]\n|-heal|p1a: Annihilape|83\/100|[from] item: Leftovers\n|-end|p1b: Iron Hands|move: Yawn|[silent]\n|-status|p1b: Iron Hands|slp\n|upkeep\n|turn|6\n|-message|SoaringInStyle forfeited.\n|\n|win|Biquita\n|raw|SoaringInStyle's rating: 1089 &rarr; <strong>1070<\/strong><br \/>(-19 for losing)\n|raw|Biquita's rating: 1153 &rarr; <strong>1173<\/strong><br \/>(+20 for winning)\n|l|\u2606SoaringInStyle\n","uploadtime":1700281108,"views":21,"p1id":"soaringinstyle","p2id":"biquita","formatid":"gen9vgc2023regulatione","rating":1070,"private":0,"password":""}