{"id":"gen9vgc2023regulatione-1989435609","p1":"VoidGroudon","p2":"Trains go BRRR","format":"[Gen 9] VGC 2023 Regulation E","log":"|j|\u2606VoidGroudon\n|j|\u2606Trains go BRRR\n|t:|1699850093\n|gametype|doubles\n|player|p1|VoidGroudon|linebacker|1292\n|player|p2|Trains go BRRR|102|1412\n|teamsize|p1|6\n|teamsize|p2|6\n|gen|9\n|tier|[Gen 9] VGC 2023 Regulation E\n|rated|\n|rule|Species Clause: Limit one of each Pok\u00e9mon\n|rule|Item Clause: Limit one of each item\n|clearpoke\n|poke|p1|Ogerpon-Cornerstone, L50, F|\n|poke|p1|Landorus-Therian, L50, M|\n|poke|p1|Tyranitar, L50, M|\n|poke|p1|Cresselia, L50, F|\n|poke|p1|Corviknight, L50, M|\n|poke|p1|Iron Hands, L50|\n|poke|p2|Milotic, L50, M|\n|poke|p2|Rillaboom, L50, F|\n|poke|p2|Heatran, L50, M|\n|poke|p2|Landorus-Therian, L50, M|\n|poke|p2|Dragonite, L50, M|\n|poke|p2|Chien-Pao, L50|\n|teampreview|4\n|\n|t:|1699850138\n|start\n|switch|p1a: Landorus|Landorus-Therian, L50, M|100\/100\n|switch|p1b: Corviknight|Corviknight, L50, M|100\/100\n|switch|p2a: Dragonite|Dragonite, L50, M|100\/100\n|switch|p2b: Landorus|Landorus-Therian, L50, M|100\/100\n|-ability|p1a: Landorus|Intimidate|boost\n|-fail|p2a: Dragonite|unboost|Attack|[from] ability: Inner Focus|[of] p2a: Dragonite\n|-unboost|p2b: Landorus|atk|1\n|-ability|p2b: Landorus|Intimidate|boost\n|-unboost|p1a: Landorus|atk|1\n|-ability|p1b: Corviknight|Mirror Armor\n|-unboost|p2b: Landorus|atk|1\n|turn|1\n|\n|t:|1699850160\n|-terastallize|p2a: Dragonite|Normal\n|move|p1a: Landorus|U-turn|p2a: Dragonite\n|-damage|p2a: Dragonite|84\/100\n|\n|t:|1699850173\n|switch|p1a: Iron Hands|Iron Hands, L50|100\/100|[from] U-turn\n|move|p2b: Landorus|U-turn|p1a: Iron Hands\n|-resisted|p1a: Iron Hands\n|-damage|p1a: Iron Hands|96\/100\n|\n|t:|1699850178\n|switch|p2b: Chien-Pao|Chien-Pao, L50|100\/100|[from] U-turn\n|-ability|p2b: Chien-Pao|Sword of Ruin\n|move|p2a: Dragonite|Outrage|p1b: Corviknight\n|-resisted|p1b: Corviknight\n|-damage|p1b: Corviknight|39\/100\n|-damage|p2a: Dragonite|68\/100|[from] item: Rocky Helmet|[of] p1b: Corviknight\n|move|p1b: Corviknight|Bulk Up|p1b: Corviknight\n|-boost|p1b: Corviknight|atk|1\n|-boost|p1b: Corviknight|def|1\n|\n|upkeep\n|turn|2\n|\n|t:|1699850202\n|move|p2b: Chien-Pao|Protect|p2b: Chien-Pao\n|-singleturn|p2b: Chien-Pao|Protect\n|move|p2a: Dragonite|Outrage|p1a: Iron Hands|[from]lockedmove\n|-damage|p1a: Iron Hands|0 fnt\n|faint|p1a: Iron Hands\n|-end|p1a: Iron Hands|Quark Drive|[silent]\n|-start|p2a: Dragonite|confusion|[fatigue]\n|move|p1b: Corviknight|Roost|p1b: Corviknight\n|-heal|p1b: Corviknight|89\/100\n|-singleturn|p1b: Corviknight|move: Roost\n|\n|upkeep\n|\n|t:|1699850217\n|switch|p1a: Landorus|Landorus-Therian, L50, M|100\/100\n|-ability|p1a: Landorus|Intimidate|boost\n|-fail|p2a: Dragonite|unboost|Attack|[from] ability: Inner Focus|[of] p2a: Dragonite\n|-unboost|p2b: Chien-Pao|atk|1\n|turn|3\n|\n|t:|1699850233\n|switch|p2b: Milotic|Milotic, L50, M|100\/100\n|switch|p2a: Landorus|Landorus-Therian, L50, M|100\/100\n|-ability|p2a: Landorus|Intimidate|boost\n|-unboost|p1a: Landorus|atk|1\n|-ability|p1b: Corviknight|Mirror Armor\n|-unboost|p2a: Landorus|atk|1\n|move|p1a: Landorus|U-turn|p2b: Milotic\n|-damage|p2b: Milotic|86\/100\n|\n|t:|1699850244\n|switch|p1a: Cresselia|Cresselia, L50, F|100\/100|[from] U-turn\n|move|p1b: Corviknight|Bulk Up|p1b: Corviknight\n|-boost|p1b: Corviknight|atk|1\n|-boost|p1b: Corviknight|def|1\n|\n|-heal|p2b: Milotic|93\/100|[from] item: Leftovers\n|upkeep\n|turn|4\n|\n|t:|1699850265\n|move|p2a: Landorus|Rock Slide|p1a: Cresselia|[spread] p1a,p1b\n|-damage|p1a: Cresselia|92\/100\n|-damage|p1b: Corviknight|83\/100\n|move|p2b: Milotic|Scald|p1b: Corviknight\n|-damage|p1b: Corviknight|62\/100\n|move|p1a: Cresselia|Psychic|p2b: Milotic\n|-damage|p2b: Milotic|74\/100\n|move|p1b: Corviknight|Brave Bird|p2b: Milotic\n|-crit|p2b: Milotic\n|-damage|p2b: Milotic|0 fnt\n|faint|p2b: Milotic\n|-damage|p1b: Corviknight|39\/100|[from] Recoil\n|\n|-heal|p1a: Cresselia|98\/100|[from] item: Leftovers\n|upkeep\n|\n|t:|1699850279\n|switch|p2b: Chien-Pao|Chien-Pao, L50|100\/100\n|-ability|p2b: Chien-Pao|Sword of Ruin\n|turn|5\n|\n|t:|1699850292\n|move|p1a: Cresselia|Ally Switch|p1a: Cresselia\n|swap|p1a: Cresselia|1|[from] move: Ally Switch\n|move|p2a: Landorus|Rock Slide|p1a: Corviknight|[spread] p1a,p1b\n|-damage|p1a: Corviknight|31\/100\n|-damage|p1b: Cresselia|85\/100\n|move|p2b: Chien-Pao|Sacred Sword|p1b: Cresselia\n|-resisted|p1b: Cresselia\n|-damage|p1b: Cresselia|71\/100\n|cant|p1a: Corviknight|flinch\n|\n|-heal|p1b: Cresselia|78\/100|[from] item: Leftovers\n|upkeep\n|turn|6\n|\n|t:|1699850320\n|switch|p1b: Landorus|Landorus-Therian, L50, M|100\/100\n|-ability|p1b: Landorus|Intimidate|boost\n|-unboost|p2a: Landorus|atk|1\n|-unboost|p2b: Chien-Pao|atk|1\n|move|p2a: Landorus|Rock Slide|p1b: Landorus|[spread] p1a,p1b\n|-damage|p1a: Corviknight|25\/100\n|-damage|p1b: Landorus|82\/100\n|move|p2b: Chien-Pao|Sacred Sword|p1a: Corviknight\n|-damage|p1a: Corviknight|5\/100\n|-damage|p2b: Chien-Pao|84\/100|[from] item: Rocky Helmet|[of] p1a: Corviknight\n|cant|p1a: Corviknight|flinch\n|\n|upkeep\n|turn|7\n|\n|t:|1699850369\n|switch|p2b: Dragonite|Dragonite, L50, M, tera:Normal|68\/100\n|move|p1b: Landorus|Brick Break|p2b: Dragonite\n|-supereffective|p2b: Dragonite\n|-damage|p2b: Dragonite|11\/100\n|move|p2a: Landorus|Rock Slide|p1b: Landorus|[spread] p1a,p1b\n|-damage|p1a: Corviknight|0 fnt\n|-damage|p1b: Landorus|68\/100\n|faint|p1a: Corviknight\n|\n|upkeep\n|\n|t:|1699850379\n|switch|p1a: Cresselia|Cresselia, L50, F|78\/100\n|turn|8\n|\n|t:|1699850392\n|switch|p2a: Chien-Pao|Chien-Pao, L50|84\/100\n|-ability|p2a: Chien-Pao|Sword of Ruin\n|move|p2b: Dragonite|Extreme Speed|p1b: Landorus\n|-damage|p1b: Landorus|0 fnt\n|faint|p1b: Landorus\n|move|p1a: Cresselia|Lunar Blessing|p1a: Cresselia\n|-heal|p1a: Cresselia|100\/100\n|\n|upkeep\n|turn|9\n|-message|VoidGroudon forfeited.\n|\n|win|Trains go BRRR\n|raw|VoidGroudon's rating: 1292 &rarr; <strong>1275<\/strong><br \/>(-17 for losing)\n|raw|Trains go BRRR's rating: 1412 &rarr; <strong>1425<\/strong><br \/>(+13 for winning)\n|l|\u2606VoidGroudon\n","uploadtime":1699850404,"views":14,"p1id":"voidgroudon","p2id":"trainsgobrrr","formatid":"gen9vgc2023regulatione","rating":1275,"private":0,"password":""}