{"id":"gen9vgc2023regulatione-1993513686","p1":"RoryRemisdad14","p2":"DragonairJordan23","format":"[Gen 9] VGC 2023 Regulation E","log":"|j|\u2606RoryRemisdad14\n|j|\u2606DragonairJordan23\n|t:|1700326739\n|gametype|doubles\n|player|p1|RoryRemisdad14|benga|1334\n|player|p2|DragonairJordan23|kiawe|1365\n|teamsize|p1|6\n|teamsize|p2|6\n|gen|9\n|tier|[Gen 9] VGC 2023 Regulation E\n|rated|\n|rule|Species Clause: Limit one of each Pok\u00e9mon\n|rule|Item Clause: Limit one of each item\n|clearpoke\n|poke|p1|Flutter Mane, L50|\n|poke|p1|Arcanine-Hisui, L50, M|\n|poke|p1|Urshifu-*, L50, M|\n|poke|p1|Iron Hands, L50|\n|poke|p1|Rillaboom, L50, M|\n|poke|p1|Gholdengo, L50|\n|poke|p2|Indeedee-F, L50, F|\n|poke|p2|Armarouge, L50, F|\n|poke|p2|Sinistcha, L50|\n|poke|p2|Iron Hands, L50|\n|poke|p2|Ninetales-Alola, L50, F|\n|poke|p2|Roaring Moon, L50|\n|teampreview|4\nDragonairJordan23 has agreed to open team sheets.\n|\n|t:|1700326767\n|start\n|switch|p1a: Gholdengo|Gholdengo, L50|100\/100\n|switch|p1b: Arcanine|Arcanine-Hisui, L50, M|100\/100\n|switch|p2a: Roaring Moon|Roaring Moon, L50|100\/100\n|switch|p2b: Indeedee|Indeedee-F, L50, F|100\/100\n|-ability|p1b: Arcanine|Intimidate|boost\n|-unboost|p2a: Roaring Moon|atk|1\n|-unboost|p2b: Indeedee|atk|1\n|-fieldstart|move: Psychic Terrain|[from] ability: Psychic Surge|[of] p2b: Indeedee\n|-enditem|p2a: Roaring Moon|Booster Energy\n|-activate|p2a: Roaring Moon|ability: Protosynthesis|[fromitem]\n|-start|p2a: Roaring Moon|protosynthesisspe\n|turn|1\n|\n|t:|1700326814\n|switch|p1a: Iron Hands|Iron Hands, L50|100\/100\n|move|p2a: Roaring Moon|Knock Off|p1b: Arcanine\n|-damage|p1b: Arcanine|64\/100\n|-enditem|p1b: Arcanine|Sitrus Berry|[from] move: Knock Off|[of] p2a: Roaring Moon\n|move|p1b: Arcanine|Rock Slide|p2a: Roaring Moon|[spread] p2a,p2b\n|-damage|p2a: Roaring Moon|69\/100\n|-damage|p2b: Indeedee|73\/100\n|move|p2b: Indeedee|Trick Room|p2b: Indeedee\n|-fieldstart|move: Trick Room|[of] p2b: Indeedee\n|\n|upkeep\n|turn|2\n|\n|t:|1700326844\n|switch|p2b: Iron Hands|Iron Hands, L50|100\/100\n|move|p1a: Iron Hands|Drain Punch|p2b: Iron Hands\n|-damage|p2b: Iron Hands|72\/100\n|move|p1b: Arcanine|Rock Slide|p2b: Iron Hands|[spread] p2a,p2b\n|-resisted|p2b: Iron Hands\n|-crit|p2b: Iron Hands\n|-damage|p2a: Roaring Moon|39\/100\n|-damage|p2b: Iron Hands|57\/100\n|move|p2a: Roaring Moon|Knock Off|p1a: Iron Hands\n|-resisted|p1a: Iron Hands\n|-damage|p1a: Iron Hands|90\/100\n|-enditem|p1a: Iron Hands|Assault Vest|[from] move: Knock Off|[of] p2a: Roaring Moon\n|\n|upkeep\n|turn|3\n|\n|t:|1700326908\n|move|p1a: Iron Hands|Drain Punch|p2a: Roaring Moon\n|-supereffective|p2a: Roaring Moon\n|-damage|p2a: Roaring Moon|0 fnt\n|-heal|p1a: Iron Hands|100\/100|[from] drain|[of] p2a: Roaring Moon\n|faint|p2a: Roaring Moon\n|-end|p2a: Roaring Moon|Protosynthesis|[silent]\n|move|p2b: Iron Hands|Drain Punch|p1b: Arcanine\n|-supereffective|p1b: Arcanine\n|-damage|p1b: Arcanine|0 fnt\n|-heal|p2b: Iron Hands|84\/100|[from] drain|[of] p1b: Arcanine\n|faint|p1b: Arcanine\n|\n|upkeep\n|\n|t:|1700326924\n|switch|p1b: Gholdengo|Gholdengo, L50|100\/100\n|switch|p2a: Armarouge|Armarouge, L50, F|100\/100\n|turn|4\n|\n|t:|1700326950\n|-terastallize|p2a: Armarouge|Psychic\n|-terastallize|p1b: Gholdengo|Dragon\n|move|p1a: Iron Hands|Wild Charge|p2a: Armarouge\n|-damage|p2a: Armarouge|48\/100\n|-damage|p1a: Iron Hands|90\/100|[from] Recoil\n|move|p2b: Iron Hands|Wild Charge|p1b: Gholdengo\n|-resisted|p1b: Gholdengo\n|-damage|p1b: Gholdengo|79\/100\n|-damage|p2b: Iron Hands|80\/100|[from] Recoil\n|move|p2a: Armarouge|Expanding Force|p1b: Gholdengo|[spread] p1a,p1b\n|-supereffective|p1a: Iron Hands\n|-damage|p1a: Iron Hands|0 fnt\n|-damage|p1b: Gholdengo|0 fnt\n|faint|p1a: Iron Hands\n|-end|p1a: Iron Hands|Quark Drive|[silent]\n|faint|p1b: Gholdengo\n|-damage|p2a: Armarouge|39\/100|[from] item: Life Orb\n|\n|upkeep\n|\n|t:|1700326955\n|switch|p1b: Rillaboom|Rillaboom, L50, M|100\/100\n|-fieldstart|move: Grassy Terrain|[from] ability: Grassy Surge|[of] p1b: Rillaboom\n|turn|5\n|\n|t:|1700326973\n|-end|p2b: Iron Hands|Quark Drive|[silent]\n|switch|p2b: Indeedee|Indeedee-F, L50, F|73\/100\n|-fieldstart|move: Psychic Terrain|[from] ability: Psychic Surge|[of] p2b: Indeedee\n|move|p1b: Rillaboom|Protect|p1b: Rillaboom\n|-singleturn|p1b: Rillaboom|Protect\n|move|p2a: Armarouge|Expanding Force|p1b: Rillaboom\n|-activate|p1b: Rillaboom|move: Protect\n|\n|-fieldend|move: Trick Room\n|upkeep\n|turn|6\n|\n|t:|1700326981\n|move|p2b: Indeedee|Follow Me|p2b: Indeedee\n|-singleturn|p2b: Indeedee|move: Follow Me\n|move|p1b: Rillaboom|High Horsepower|p2b: Indeedee\n|-damage|p2b: Indeedee|41\/100\n|-damage|p1b: Rillaboom|84\/100|[from] item: Rocky Helmet|[of] p2b: Indeedee\n|move|p2a: Armarouge|Expanding Force|p1b: Rillaboom\n|-damage|p1b: Rillaboom|0 fnt\n|faint|p1b: Rillaboom\n|-damage|p2a: Armarouge|29\/100|[from] item: Life Orb\n|\n|win|DragonairJordan23\n|raw|RoryRemisdad14's rating: 1334 &rarr; <strong>1316<\/strong><br \/>(-18 for losing)\n|raw|DragonairJordan23's rating: 1365 &rarr; <strong>1383<\/strong><br \/>(+18 for winning)\n|l|\u2606RoryRemisdad14\n","uploadtime":1700326994,"views":18,"p1id":"roryremisdad14","p2id":"dragonairjordan23","formatid":"gen9vgc2023regulatione","rating":1316,"private":0,"password":""}