{"id":"gen9vgc2023regulatione-1992445843","p1":"malvric","p2":"Snowfly96","format":"[Gen 9] VGC 2023 Regulation E","log":"|j|\u2606malvric\n|j|\u2606Snowfly96\n|n|\u2606malvric|malvric\n|n|\u2606Snowfly96|snowfly96\n|html|View the match progress at <a href=\"\/game-bestof3-gen9vgc2023regulatione-1992443418\">game-bestof3-gen9vgc2023regulatione-1992443418<\/a>\n|t:|1700188521\n|gametype|doubles\n|player|p1|malvric|2|\n|player|p2|Snowfly96|skier|\n|teamsize|p1|6\n|teamsize|p2|6\n|gen|9\n|tier|[Gen 9] VGC 2023 Regulation E\n|rule|Species Clause: Limit one of each Pok\u00e9mon\n|rule|Item Clause: Limit one of each item\n|clearpoke\n|poke|p1|Jolteon, L50, M|\n|poke|p1|Clefable, L50, F|\n|poke|p1|Tornadus, L50, M|\n|poke|p1|Palafin, L50, F|\n|poke|p1|Blissey, L50, F|\n|poke|p1|Salazzle, L50, F|\n|poke|p2|Ninetales-Alola, L50, F|\n|poke|p2|Glaceon, L50, M|\n|poke|p2|Salamence, L50, M|\n|poke|p2|Noctowl, L50, M|\n|poke|p2|Ditto, L50|\n|poke|p2|Tinkaton, L50, F|\n|teampreview|4\n|j| loneleon\n|j| Xanej\nmalvric has agreed to open team sheets.\n|\n|t:|1700188543\n|start\n|switch|p1a: Tornade dat ass|Tornadus, L50, M, shiny|100\/100\n|switch|p1b: Bolt|Jolteon, L50, M|100\/100\n|switch|p2a: Koro|Ditto, L50|100\/100\n|switch|p2b: Ruby|Tinkaton, L50, F|100\/100\n|-item|p1b: Bolt|Air Balloon\n|-transform|p2a: Koro|p1b: Bolt|[from] ability: Imposter\n|turn|1\n|j| justincaseuforgot\n|\n|t:|1700188572\n|switch|p1a: Blissey|Blissey, L50, F|100\/100\n|move|p2b: Ruby|Fake Out|p1b: Bolt\n|-damage|p1b: Bolt|87\/100\n|-enditem|p1b: Bolt|Air Balloon\n|move|p2a: Koro|Thunder|p1a: Blissey\n|-damage|p1a: Blissey|89\/100\n|-status|p1a: Blissey|par\n|cant|p1b: Bolt|flinch\n|\n|upkeep\n|turn|2\n|\n|t:|1700188595\n|move|p2a: Koro|Thunder|p1a: Blissey|[miss]\n|-miss|p2a: Koro|p1a: Blissey\n|move|p1b: Bolt|Fake Tears|p2b: Ruby\n|-unboost|p2b: Ruby|spd|2\n|move|p2b: Ruby|Knock Off|p1a: Blissey\n|-damage|p1a: Blissey|64\/100 par\n|-enditem|p1a: Blissey|Assault Vest|[from] move: Knock Off|[of] p2b: Ruby\n|cant|p1a: Blissey|par\n|\n|upkeep\n|turn|3\n|\n|t:|1700188622\n|switch|p2a: Maverick|Salamence, L50, M|100\/100\n|-ability|p2a: Maverick|Intimidate|boost\n|-unboost|p1a: Blissey|atk|1\n|-unboost|p1b: Bolt|atk|1\n|move|p1b: Bolt|Volt Switch|p2b: Ruby\n|-damage|p2b: Ruby|37\/100\n|-enditem|p2b: Ruby|Sitrus Berry|[eat]\n|-heal|p2b: Ruby|62\/100|[from] item: Sitrus Berry\n|\n|t:|1700188635\n|switch|p1b: Tornade dat ass|Tornadus, L50, M, shiny|100\/100|[from] Volt Switch\n|move|p2b: Ruby|Gigaton Hammer|p1b: Tornade dat ass\n|-damage|p1b: Tornade dat ass|25\/100\n|-enditem|p1b: Tornade dat ass|Sitrus Berry|[eat]\n|-heal|p1b: Tornade dat ass|50\/100|[from] item: Sitrus Berry\n|cant|p1a: Blissey|par\n|\n|upkeep\n|turn|4\n|\n|t:|1700188657\n|switch|p2b: Koro|Ditto, L50|100\/100\n|-transform|p2b: Koro|p1a: Blissey|[from] ability: Imposter\n|move|p1b: Tornade dat ass|Rain Dance|p1b: Tornade dat ass\n|-weather|RainDance\n|move|p2a: Maverick|Rock Slide|p1a: Blissey|[spread] p1b\n|-miss|p2a: Maverick|p1a: Blissey\n|-supereffective|p1b: Tornade dat ass\n|-damage|p1b: Tornade dat ass|0 fnt\n|faint|p1b: Tornade dat ass\n|-damage|p2a: Maverick|90\/100|[from] item: Life Orb\n|move|p1a: Blissey|Thunder|p2a: Maverick\n|-damage|p2a: Maverick|56\/100\n|-status|p2a: Maverick|par\n|\n|-weather|RainDance|[upkeep]\n|upkeep\n|\n|t:|1700188673\n|switch|p1b: Bolt|Jolteon, L50, M|87\/100\n|turn|5\n|\n|t:|1700188696\n|move|p1b: Bolt|Thunder|p2b: Koro\n|-damage|p2b: Koro|63\/100\n|-status|p2b: Koro|par\n|cant|p2a: Maverick|par\n|move|p2b: Koro|Focus Blast|p1a: Blissey\n|-supereffective|p1a: Blissey\n|-damage|p1a: Blissey|44\/100 par\n|move|p1a: Blissey|Focus Blast|p2b: Koro\n|-supereffective|p2b: Koro\n|-damage|p2b: Koro|19\/100 par\n|\n|-weather|RainDance|[upkeep]\n|upkeep\n|turn|6\n|\n|t:|1700188719\n|move|p1b: Bolt|Thunder|p2a: Maverick\n|-damage|p2a: Maverick|3\/100 par\n|move|p2a: Maverick|Rock Slide|p1a: Blissey|[spread] p1a,p1b\n|-damage|p1a: Blissey|18\/100 par\n|-damage|p1b: Bolt|54\/100\n|-damage|p2a: Maverick|0 fnt|[from] item: Life Orb\n|faint|p2a: Maverick\n|move|p2b: Koro|Focus Blast|p1a: Blissey|[miss]\n|-miss|p2b: Koro|p1a: Blissey\n|cant|p1a: Blissey|par\n|\n|-weather|RainDance|[upkeep]\n|upkeep\n|\n|t:|1700188748\n|switch|p2a: Ruby|Tinkaton, L50, F|62\/100\n|turn|7\n|\n|t:|1700188757\n|move|p1b: Bolt|Protect|p1b: Bolt\n|-singleturn|p1b: Bolt|Protect\n|move|p2a: Ruby|Fake Out|p1b: Bolt\n|-activate|p1b: Bolt|move: Protect\n|move|p2b: Koro|Focus Blast|p1a: Blissey|[miss]\n|-miss|p2b: Koro|p1a: Blissey\n|move|p1a: Blissey|Flamethrower|p2a: Ruby\n|-supereffective|p2a: Ruby\n|-damage|p2a: Ruby|43\/100\n|\n|-weather|RainDance|[upkeep]\n|upkeep\n|turn|8\n|\n|t:|1700188782\n|move|p1b: Bolt|Volt Switch|p2b: Koro\n|-damage|p2b: Koro|0 fnt\n|faint|p2b: Koro\n|\n|t:|1700188786\n|switch|p1b: Salazzle|Salazzle, L50, F, shiny|100\/100|[from] Volt Switch\n|move|p2a: Ruby|Gigaton Hammer|p1b: Salazzle\n|-resisted|p1b: Salazzle\n|-damage|p1b: Salazzle|42\/100\n|cant|p1a: Blissey|par\n|\n|-weather|none\n|upkeep\n|\n|t:|1700188793\n|switch|p2b: Bath|Noctowl, L50, M, shiny|100\/100\n|turn|9\n|\n|t:|1700188807\n|move|p1b: Salazzle|Fake Out|p2a: Ruby\n|-resisted|p2a: Ruby\n|-crit|p2a: Ruby\n|-damage|p2a: Ruby|38\/100\n|-enditem|p1b: Salazzle|Wise Glasses|[silent]|[from] ability: Pickpocket|[of] p1b: Salazzle\n|-item|p2a: Ruby|Wise Glasses|[from] ability: Pickpocket|[of] p1b: Salazzle\n|cant|p2a: Ruby|flinch\n|move|p2b: Bath|Calm Mind|p2b: Bath\n|-boost|p2b: Bath|spa|1\n|-boost|p2b: Bath|spd|1\n|cant|p1a: Blissey|par\n|\n|upkeep\n|turn|10\n|\n|t:|1700188830\n|move|p1b: Salazzle|Toxic|p2b: Bath\n|-status|p2b: Bath|tox\n|move|p2a: Ruby|Knock Off|p1b: Salazzle\n|-damage|p1b: Salazzle|11\/100\n|move|p2b: Bath|Calm Mind|p2b: Bath\n|-boost|p2b: Bath|spa|1\n|-boost|p2b: Bath|spd|1\n|cant|p1a: Blissey|par\n|\n|-damage|p2b: Bath|94\/100 tox|[from] psn\n|upkeep\n|turn|11\n|\n|t:|1700188848\n|move|p1b: Salazzle|Heat Wave|p2a: Ruby|[spread] p2a,p2b\n|-supereffective|p2a: Ruby\n|-damage|p2a: Ruby|0 fnt\n|-damage|p2b: Bath|78\/100 tox\n|faint|p2a: Ruby\n|move|p2b: Bath|Tera Blast|p1b: Salazzle\n|-damage|p1b: Salazzle|0 fnt\n|faint|p1b: Salazzle\n|move|p1a: Blissey|Blizzard|p2b: Bath|[miss]\n|-miss|p1a: Blissey|p2b: Bath\n|\n|-heal|p2b: Bath|84\/100 tox|[from] item: Leftovers\n|-damage|p2b: Bath|72\/100 tox|[from] psn\n|upkeep\n|\n|t:|1700188860\n|switch|p1b: Bolt|Jolteon, L50, M|54\/100\n|turn|12\n|\n|t:|1700188878\n|-terastallize|p1b: Bolt|Electric\n|-terastallize|p2b: Bath|Grass\n|move|p1b: Bolt|Volt Switch|p2b: Bath\n|-resisted|p2b: Bath\n|-damage|p2b: Bath|62\/100 tox\n|move|p2b: Bath|Tera Blast|p1a: Blissey|[anim] Tera Blast Grass\n|-damage|p1a: Blissey|0 fnt\n|faint|p1a: Blissey\n|\n|-heal|p2b: Bath|68\/100 tox|[from] item: Leftovers\n|-damage|p2b: Bath|49\/100 tox|[from] psn\n|upkeep\n|turn|13\n|\n|t:|1700188896\n|move|p1b: Bolt|Protect|p1b: Bolt\n|-singleturn|p1b: Bolt|Protect\n|move|p2b: Bath|Roost|p2b: Bath\n|-heal|p2b: Bath|99\/100 tox\n|\n|-heal|p2b: Bath|100\/100 tox|[from] item: Leftovers\n|-damage|p2b: Bath|75\/100 tox|[from] psn\n|upkeep\n|turn|14\n|\n|t:|1700188909\n|move|p1b: Bolt|Thunder|p2b: Bath|[miss]\n|-miss|p1b: Bolt|p2b: Bath\n|move|p2b: Bath|Tera Blast|p1b: Bolt|[anim] Tera Blast Grass\n|-damage|p1b: Bolt|0 fnt\n|faint|p1b: Bolt\n|\n|win|Snowfly96\n|c|&|\/uhtml prompt-malvric,malvric is ready for game 3!\n","uploadtime":1700188918,"views":13,"p1id":"malvric","p2id":"snowfly96","formatid":"gen9vgc2023regulatione","rating":0,"private":0,"password":""}