{"id":"gen9vgc2023regulatione-1998947989","p1":"Chowdah","p2":"Autin Mago","format":"[Gen 9] VGC 2023 Regulation E","log":"|j|\u2606Chowdah\n|j|\u2606Autin Mago\n|t:|1701016559\n|gametype|doubles\n|player|p1|Chowdah|hiker-gen1rb|\n|player|p2|Autin Mago|ballguy|\n|teamsize|p1|6\n|teamsize|p2|6\n|gen|9\n|tier|[Gen 9] VGC 2023 Regulation E\n|rule|Species Clause: Limit one of each Pok\u00e9mon\n|rule|Item Clause: Limit one of each item\n|clearpoke\n|poke|p1|Dusclops, L50, F|\n|poke|p1|Azumarill, L50, M|\n|poke|p1|Heatran, L50, M|\n|poke|p1|Urshifu-*, L50, F|\n|poke|p1|Volcarona, L50, M|\n|poke|p1|Shiftry, L50, F|\n|poke|p2|Klefki, L50, M|\n|poke|p2|Roaring Moon, L50|\n|poke|p2|Ogerpon-Wellspring, L50, F|\n|poke|p2|Weezing, L50, F|\n|poke|p2|Okidogi, L50, M|\n|poke|p2|Sylveon, L50, F|\n|teampreview|4\nAutin Mago has agreed to open team sheets.\nChowdah has agreed to open team sheets.\n|showteam|p1|Dusclops||Eviolite|Pressure|TrickRoom,NightShade,PainSplit,WillOWisp|||F|||50|,,,,,Poison]Azumarill||LifeOrb|HugePower|AquaJet,Liquidation,Protect,PlayRough|||M|||50|,,,,,Water]Heatran||AssaultVest|FlameBody|FlashCannon,TeraBlast,HeatWave,EarthPower|||M|||50|,,,,,Fairy]Urshifu||ChoiceScarf|UnseenFist|WickedBlow,Uturn,CloseCombat,SuckerPunch|||F|||50|,,,,,Dark]Volcarona||Leftovers|FlameBody|QuiverDance,FieryDance,Protect,GigaDrain|||M|||50|,,,,,Grass]Shiftry||FocusSash|Chlorophyll|Tailwind,FakeOut,KnockOff,LeafBlade|||F|||50|,,,,,Rock\n|showteam|p2|Klefki||CovertCloak|Prankster|TrickRoom,ThunderWave,LightScreen,DazzlingGleam|||M|||50|,,,,,Dark]Roaring Moon||BoosterEnergy|Protosynthesis|DragonDance,Acrobatics,KnockOff,Protect||||||50|,,,,,Flying]Ogerpon-Wellspring||WellspringMask|WaterAbsorb|FollowMe,IvyCudgel,SpikyShield,HornLeech|||F|||50|,,,,,Water]Weezing||SitrusBerry|NeutralizingGas|Taunt,Haze,WillOWisp,SludgeBomb|||F|||50|,,,,,Dark]Okidogi||Leftovers|ToxicChain|Protect,PoisonJab,DrainPunch,BulkUp|||M|||50|,,,,,Dragon]Sylveon||ThroatSpray|Pixilate|HyperVoice,TeraBlast,Protect,ShadowBall|||F|||50|,,,,,Steel\n|\n|t:|1701016610\n|start\n|switch|p1a: Dusclops|Dusclops, L50, F|100\/100\n|switch|p1b: Azumarill|Azumarill, L50, M|100\/100\n|switch|p2a: Weezing|Weezing, L50, F|100\/100\n|switch|p2b: Ogerpon|Ogerpon-Wellspring, L50, F|100\/100\n|-ability|p2a: Weezing|Neutralizing Gas\n|turn|1\n|\n|t:|1701016654\n|move|p2b: Ogerpon|Spiky Shield|p2b: Ogerpon\n|-singleturn|p2b: Ogerpon|move: Protect\n|move|p1b: Azumarill|Protect|p1b: Azumarill\n|-singleturn|p1b: Azumarill|Protect\n|move|p2a: Weezing|Taunt|p1a: Dusclops\n|-start|p1a: Dusclops|move: Taunt\n|move|p1a: Dusclops|Night Shade|p2a: Weezing\n|-damage|p2a: Weezing|71\/100\n|\n|upkeep\n|turn|2\n|\n|t:|1701016699\n|switch|p1b: Heatran|Heatran, L50, M|100\/100\n|move|p2b: Ogerpon|Horn Leech|p1b: Heatran\n|-resisted|p1b: Heatran\n|-damage|p1b: Heatran|91\/100\n|move|p2a: Weezing|Sludge Bomb|p1b: Heatran\n|-immune|p1b: Heatran\n|move|p1a: Dusclops|Night Shade|p2a: Weezing\n|-damage|p2a: Weezing|42\/100\n|-enditem|p2a: Weezing|Sitrus Berry|[eat]\n|-heal|p2a: Weezing|67\/100|[from] item: Sitrus Berry\n|\n|upkeep\n|turn|3\n|\n|t:|1701016727\n|-terastallize|p1b: Heatran|Fairy\n|move|p2b: Ogerpon|Ivy Cudgel|p1b: Heatran|[anim] Ivy Cudgel Water\n|-damage|p1b: Heatran|40\/100\n|move|p1b: Heatran|Earth Power|p2a: Weezing\n|-supereffective|p2a: Weezing\n|-damage|p2a: Weezing|5\/100\n|move|p2a: Weezing|Sludge Bomb|p1a: Dusclops\n|-resisted|p1a: Dusclops\n|-damage|p1a: Dusclops|92\/100\n|move|p1a: Dusclops|Night Shade|p2a: Weezing\n|-damage|p2a: Weezing|0 fnt\n|faint|p2a: Weezing\n|-end|p2a: Weezing|ability: Neutralizing Gas\n|-ability|p1a: Dusclops|Pressure\n|\n|-end|p1a: Dusclops|move: Taunt\n|upkeep\n|\n|t:|1701016746\n|switch|p2a: Roaring Moon|Roaring Moon, L50|100\/100\n|-enditem|p2a: Roaring Moon|Booster Energy\n|-activate|p2a: Roaring Moon|ability: Protosynthesis|[fromitem]\n|-start|p2a: Roaring Moon|protosynthesisatk\n|turn|4\n|\n|t:|1701016785\n|-terastallize|p2b: Ogerpon|Water\n|detailschange|p2b: Ogerpon|Ogerpon-Wellspring-Tera, L50, F, tera:Water\n|-ability|p2b: Ogerpon|Embody Aspect (Wellspring)|boost\n|-boost|p2b: Ogerpon|spd|1\n|move|p2a: Roaring Moon|Knock Off|p1a: Dusclops\n|-supereffective|p1a: Dusclops\n|-damage|p1a: Dusclops|11\/100\n|-enditem|p1a: Dusclops|Eviolite|[from] move: Knock Off|[of] p2a: Roaring Moon\n|move|p2b: Ogerpon|Ivy Cudgel|p1a: Dusclops|[anim] Ivy Cudgel Water\n|-damage|p1a: Dusclops|0 fnt\n|faint|p1a: Dusclops\n|move|p1b: Heatran|Tera Blast|p2a: Roaring Moon|[anim] Tera Blast Fairy\n|-supereffective|p2a: Roaring Moon\n|-damage|p2a: Roaring Moon|0 fnt\n|faint|p2a: Roaring Moon\n|-end|p2a: Roaring Moon|Protosynthesis|[silent]\n|\n|upkeep\n|\n|t:|1701016806\n|switch|p2a: Okidogi|Okidogi, L50, M|100\/100\n|switch|p1a: Volcarona|Volcarona, L50, M|100\/100\n|turn|5\n|\n|t:|1701016849\n|move|p2b: Ogerpon|Ivy Cudgel|p1a: Volcarona|[anim] Ivy Cudgel Water\n|-supereffective|p1a: Volcarona\n|-damage|p1a: Volcarona|0 fnt\n|faint|p1a: Volcarona\n|move|p2a: Okidogi|Poison Jab|p1b: Heatran\n|-supereffective|p1b: Heatran\n|-damage|p1b: Heatran|0 fnt\n|faint|p1b: Heatran\n|\n|upkeep\n|\n|t:|1701016862\n|switch|p1a: Azumarill|Azumarill, L50, M|100\/100\n|turn|6\n|\n|t:|1701016881\n|move|p2b: Ogerpon|Horn Leech|p1a: Azumarill\n|-supereffective|p1a: Azumarill\n|-damage|p1a: Azumarill|14\/100\n|move|p2a: Okidogi|Poison Jab|p1a: Azumarill\n|-supereffective|p1a: Azumarill\n|-damage|p1a: Azumarill|0 fnt\n|faint|p1a: Azumarill\n|\n|win|Autin Mago\n|c|\u2606Autin Mago|Ggs man\n|c|\u2606Chowdah|ggs boss\n","uploadtime":1701016893,"views":14,"p1id":"chowdah","p2id":"autinmago","formatid":"gen9vgc2023regulatione","rating":0,"private":0,"password":""}