{"id":"gen9vgc2023regulatione-2000012972","p1":"physicstesting3","p2":"Jhonnyflames","format":"[Gen 9] VGC 2023 Regulation E","log":"|j|\u2606physicstesting3\n|j|\u2606Jhonnyflames\n|t:|1701141129\n|gametype|doubles\n|player|p1|physicstesting3|102|1233\n|player|p2|Jhonnyflames|firebreather|1203\n|teamsize|p1|6\n|teamsize|p2|6\n|gen|9\n|tier|[Gen 9] VGC 2023 Regulation E\n|rated|\n|rule|Species Clause: Limit one of each Pok\u00e9mon\n|rule|Item Clause: Limit one of each item\n|clearpoke\n|poke|p1|Muk-Alola, L50, F|\n|poke|p1|Indeedee-F, L50, F|\n|poke|p1|Armarouge, L50, M|\n|poke|p1|Ursaluna, L50, F|\n|poke|p1|Torkoal, L50, F|\n|poke|p1|Lilligant-Hisui, L50, F|\n|poke|p2|Bisharp, L50, M|\n|poke|p2|Baxcalibur, L50, F|\n|poke|p2|Ninetales-Alola, L50, F|\n|poke|p2|Frosmoth, L50, M|\n|poke|p2|Sableye, L50, F|\n|poke|p2|Landorus, L50, M|\n|teampreview|4\n|inactive|Battle timer is ON: inactive players will automatically lose when time's up. (requested by Jhonnyflames)\n|\n|t:|1701141155\n|start\n|switch|p1a: Torkoal|Torkoal, L50, F|100\/100\n|switch|p1b: Lilligant|Lilligant-Hisui, L50, F|100\/100\n|switch|p2a: Bisharp|Bisharp, L50, M, shiny|100\/100\n|switch|p2b: Ninetales|Ninetales-Alola, L50, F|100\/100\n|-weather|Snow|[from] ability: Snow Warning|[of] p2b: Ninetales\n|-weather|SunnyDay|[from] ability: Drought|[of] p1a: Torkoal\n|turn|1\n|inactive|Jhonnyflames has 30 seconds left.\n|inactive|Jhonnyflames has 20 seconds left.\n|inactive|Jhonnyflames has 15 seconds left.\n|inactive|Jhonnyflames has 10 seconds left.\n|\n|t:|1701141200\n|-terastallize|p2a: Bisharp|Poison\n|move|p2b: Ninetales|Protect|p2b: Ninetales\n|-singleturn|p2b: Ninetales|Protect\n|move|p1b: Lilligant|After You|p1a: Torkoal\n|-activate|p1a: Torkoal|move: After You\n|move|p1a: Torkoal|Eruption|p2b: Ninetales|[spread] p2a\n|-activate|p2b: Ninetales|move: Protect\n|-damage|p2a: Bisharp|25\/100\n|move|p2a: Bisharp|Swords Dance|p2a: Bisharp\n|-boost|p2a: Bisharp|atk|2\n|\n|-weather|SunnyDay|[upkeep]\n|upkeep\n|turn|2\n|inactive|Jhonnyflames has 30 seconds left.\n|\n|t:|1701141233\n|switch|p2b: Baxcalibur|Baxcalibur, L50, F|100\/100\n|move|p2a: Bisharp|Sucker Punch|p1a: Torkoal\n|-damage|p1a: Torkoal|36\/100\n|move|p1b: Lilligant|After You|p1a: Torkoal\n|-activate|p1a: Torkoal|move: After You\n|move|p1a: Torkoal|Eruption|p2a: Bisharp|[spread] p2a,p2b\n|-damage|p2a: Bisharp|0 fnt\n|-damage|p2b: Baxcalibur|74\/100\n|-ability|p2b: Baxcalibur|Thermal Exchange|boost\n|-boost|p2b: Baxcalibur|atk|1\n|faint|p2a: Bisharp\n|\n|-weather|SunnyDay|[upkeep]\n|upkeep\n|\n|t:|1701141246\n|switch|p2a: Ninetales|Ninetales-Alola, L50, F|100\/100\n|-weather|Snow|[from] ability: Snow Warning|[of] p2a: Ninetales\n|turn|3\n|\n|t:|1701141265\n|switch|p1a: Armarouge|Armarouge, L50, M|100\/100\n|move|p2b: Baxcalibur|Ice Shard|p1b: Lilligant\n|-supereffective|p1b: Lilligant\n|-enditem|p1b: Lilligant|Focus Sash\n|-damage|p1b: Lilligant|1\/100\n|move|p2a: Ninetales|Aurora Veil|p2a: Ninetales\n|-sidestart|p2: Jhonnyflames|move: Aurora Veil\n|move|p1b: Lilligant|Close Combat|p2b: Baxcalibur\n|-supereffective|p2b: Baxcalibur\n|-damage|p2b: Baxcalibur|27\/100\n|-unboost|p1b: Lilligant|def|1\n|-unboost|p1b: Lilligant|spd|1\n|\n|-weather|Snow|[upkeep]\n|upkeep\n|turn|4\n|l|\u2606Jhonnyflames\n|inactive|Jhonnyflames disconnected and has a minute to reconnect!\n|player|p2|\n|inactive|Jhonnyflames has 30 seconds left.\n|j|\u2606Jhonnyflames\n|inactive|Jhonnyflames reconnected and has 30 seconds left.\n|player|p2|Jhonnyflames|firebreather\n|inactive|Jhonnyflames has 20 seconds left.\n|inactive|Jhonnyflames has 15 seconds left.\n|\n|t:|1701141307\n|switch|p1b: Torkoal|Torkoal, L50, F|36\/100\n|-weather|SunnyDay|[from] ability: Drought|[of] p1b: Torkoal\n|move|p2b: Baxcalibur|Ice Shard|p1b: Torkoal\n|-resisted|p1b: Torkoal\n|-damage|p1b: Torkoal|14\/100\n|move|p2a: Ninetales|Blizzard|p1a: Armarouge|[spread] p1a,p1b\n|-resisted|p1a: Armarouge\n|-resisted|p1b: Torkoal\n|-damage|p1a: Armarouge|85\/100\n|-damage|p1b: Torkoal|0 fnt\n|faint|p1b: Torkoal\n|move|p1a: Armarouge|Heat Wave|p2a: Ninetales|[spread] p2a,p2b\n|-supereffective|p2a: Ninetales\n|-damage|p2a: Ninetales|0 fnt\n|-damage|p2b: Baxcalibur|0 fnt\n|faint|p2a: Ninetales\n|faint|p2b: Baxcalibur\n|-damage|p1a: Armarouge|75\/100|[from] item: Life Orb\n|\n|-weather|SunnyDay|[upkeep]\n|upkeep\n|\n|t:|1701141325\n|switch|p2b: Landorus|Landorus, L50, M|100\/100\n|switch|p1b: Lilligant|Lilligant-Hisui, L50, F|1\/100\n|turn|5\n|\n|t:|1701141335\n|move|p1b: Lilligant|Solar Blade||[still]\n|-prepare|p1b: Lilligant|Solar Blade\n|-anim|p1b: Lilligant|Solar Blade|p2b: Landorus\n|-damage|p2b: Landorus|47\/100\n|move|p2b: Landorus|Sandsear Storm|p1b: Lilligant|[spread] p1a,p1b\n|-supereffective|p1a: Armarouge\n|-resisted|p1b: Lilligant\n|-damage|p1a: Armarouge|0 fnt\n|-damage|p1b: Lilligant|0 fnt\n|faint|p1a: Armarouge\n|faint|p1b: Lilligant\n|\n|-weather|SunnyDay|[upkeep]\n|upkeep\n|\n|t:|1701141342\n|switch|p1b: Ursaluna|Ursaluna, L50, F|100\/100\n|turn|6\n|\n|t:|1701141355\n|move|p2b: Landorus|Focus Blast|p1b: Ursaluna|[miss]\n|-miss|p2b: Landorus|p1b: Ursaluna\n|move|p1b: Ursaluna|Facade|p2b: Landorus\n|-damage|p2b: Landorus|16\/100\n|\n|-weather|SunnyDay|[upkeep]\n|-status|p1b: Ursaluna|brn|[from] item: Flame Orb\n|upkeep\n|turn|7\n|\n|t:|1701141364\n|move|p2b: Landorus|Focus Blast|p1b: Ursaluna\n|-supereffective|p1b: Ursaluna\n|-damage|p1b: Ursaluna|0 fnt\n|faint|p1b: Ursaluna\n|\n|win|Jhonnyflames\n|raw|physicstesting3's rating: 1233 &rarr; <strong>1206<\/strong><br \/>(-27 for losing)\n|raw|Jhonnyflames's rating: 1203 &rarr; <strong>1230<\/strong><br \/>(+27 for winning)\n|l|\u2606physicstesting3\n","uploadtime":1701141378,"views":6,"p1id":"physicstesting3","p2id":"jhonnyflames","formatid":"gen9vgc2023regulatione","rating":1206,"private":0,"password":""}