{"id":"gen9vgc2023regulatione-1988530655","p1":"mtschmucker","p2":"Spearstorms","format":"[Gen 9] VGC 2023 Regulation E","log":"|j|\u2606mtschmucker\n|j|\u2606Spearstorms\n|n|\u2606mtschmucker|mtschmucker\n|n|\u2606Spearstorms|spearstorms\n|html|View the match progress at <a href=\"\/game-bestof3-gen9vgc2023regulatione-1988528715\">game-bestof3-gen9vgc2023regulatione-1988528715<\/a>\n|t:|1699732876\n|gametype|doubles\n|player|p1|mtschmucker|wallace|\n|player|p2|Spearstorms|2|\n|teamsize|p1|6\n|teamsize|p2|6\n|gen|9\n|tier|[Gen 9] VGC 2023 Regulation E\n|rule|Species Clause: Limit one of each Pok\u00e9mon\n|rule|Item Clause: Limit one of each item\n|clearpoke\n|poke|p1|Flutter Mane, L50|\n|poke|p1|Gothitelle, L50, M|\n|poke|p1|Ogerpon, L50, F|\n|poke|p1|Dondozo, L50, F|\n|poke|p1|Tatsugiri, L50, F|\n|poke|p1|Flamigo, L50, F|\n|poke|p2|Regieleki, L50|\n|poke|p2|Rillaboom, L50, M|\n|poke|p2|Urshifu-*, L50, M|\n|poke|p2|Ninetales-Alola, L50, F|\n|poke|p2|Articuno, L50|\n|poke|p2|Fezandipiti, L50, M|\n|teampreview|4\nmtschmucker has agreed to open team sheets.\nSpearstorms has agreed to open team sheets.\n|showteam|p1|Flutter Mane||BoosterEnergy|Protosynthesis|DazzlingGleam,ShadowBall,Protect,PerishSong||||||50|,,,,,Fairy]Gothitelle||SitrusBerry|ShadowTag|FakeOut,Psychic,TrickRoom,Protect|||M|||50|,,,,,Water]Ogerpon||RazorClaw|Defiant|SpikyShield,IvyCudgel,StompingTantrum,FollowMe|||F|||50|,,,,,Grass]Dondozo||Leftovers|Oblivious|WaveCrash,TeraBlast,Earthquake,Protect|||F|||50|,,,,,Flying]Tatsugiri||ChoiceScarf|Commander|DracoMeteor,MuddyWater,ChillingWater,IcyWind|||F|||50|,,,,,Steel]Flamigo||CovertCloak|Costar|Roost,Substitute,CloseCombat,BraveBird|||F|||50|,,,,,Steel\n|showteam|p2|Regieleki||ChoiceScarf|Transistor|Thunder,Thunderbolt,TeraBlast,VoltSwitch||||||50|,,,,,Ice]Rillaboom||MiracleSeed|GrassySurge|WoodHammer,FakeOut,GrassyGlide,HighHorsepower|||M|||50|,,,,,Dragon]Urshifu-Rapid-Strike||ChoiceBand|UnseenFist|SurgingStrikes,CloseCombat,AquaJet,TeraBlast|||M|||50|,,,,,Electric]Ninetales-Alola||FocusSash|SnowWarning|FreezeDry,AuroraVeil,HelpingHand,Moonblast|||F|||50|,,,,,Flying]Articuno||BrightPowder|SnowCloak|FreezeDry,Blizzard,Roost,Haze||||||50|,,,,,Dragon]Fezandipiti||AguavBerry|ToxicChain|Tailwind,SludgeBomb,IcyWind,Taunt|||M|||50|,,,,,Flying\n|j| Priest_of_Talos\n|\n|t:|1699732918\n|start\n|switch|p1a: Ogerpon|Ogerpon, L50, F|100\/100\n|switch|p1b: Dondozo|Dondozo, L50, F|100\/100\n|switch|p2a: Regieleki|Regieleki, L50|100\/100\n|switch|p2b: Ninetales|Ninetales-Alola, L50, F|100\/100\n|-weather|Snow|[from] ability: Snow Warning|[of] p2b: Ninetales\n|turn|1\n|\n|t:|1699732943\n|-terastallize|p2a: Regieleki|Ice\n|-terastallize|p1a: Ogerpon|Grass\n|detailschange|p1a: Ogerpon|Ogerpon-Teal-Tera, L50, F, tera:Grass\n|-ability|p1a: Ogerpon|Embody Aspect (Teal)|boost\n|-boost|p1a: Ogerpon|spe|1\n|move|p1b: Dondozo|Protect|p1b: Dondozo\n|-singleturn|p1b: Dondozo|Protect\n|move|p2a: Regieleki|Tera Blast|p1a: Ogerpon|[anim] Tera Blast Ice\n|-supereffective|p1a: Ogerpon\n|-damage|p1a: Ogerpon|10\/100\n|move|p1a: Ogerpon|Stomping Tantrum|p2a: Regieleki\n|-damage|p2a: Regieleki|66\/100\n|move|p2b: Ninetales|Aurora Veil|p2b: Ninetales\n|-sidestart|p2: Spearstorms|move: Aurora Veil\n|\n|-weather|Snow|[upkeep]\n|upkeep\n|turn|2\n|\n|t:|1699732984\n|switch|p2a: Rillaboom|Rillaboom, L50, M|100\/100\n|-fieldstart|move: Grassy Terrain|[from] ability: Grassy Surge|[of] p2a: Rillaboom\n|switch|p1a: Tatsugiri|Tatsugiri, L50, F|100\/100\n|-activate|p1a: Tatsugiri|ability: Commander|[of] p1b: Dondozo\n|-boost|p1b: Dondozo|atk|2\n|-boost|p1b: Dondozo|spa|2\n|-boost|p1b: Dondozo|spe|2\n|-boost|p1b: Dondozo|def|2\n|-boost|p1b: Dondozo|spd|2\n|move|p1b: Dondozo|Earthquake|p2a: Rillaboom|[spread] p2a,p2b\n|-miss|p1b: Dondozo|p1a: Tatsugiri\n|-resisted|p2a: Rillaboom\n|-damage|p2a: Rillaboom|93\/100\n|-damage|p2b: Ninetales|86\/100\n|move|p2b: Ninetales|Freeze-Dry|p1b: Dondozo\n|-supereffective|p1b: Dondozo\n|-damage|p1b: Dondozo|68\/100\n|\n|-weather|Snow|[upkeep]\n|-heal|p1b: Dondozo|74\/100|[from] Grassy Terrain\n|-heal|p1b: Dondozo|80\/100|[from] item: Leftovers\n|-heal|p2b: Ninetales|92\/100|[from] Grassy Terrain\n|-heal|p2a: Rillaboom|99\/100|[from] Grassy Terrain\n|upkeep\n|turn|3\n|\n|t:|1699733001\n|switch|p2b: Articuno|Articuno, L50|100\/100\n|move|p1b: Dondozo|Protect|p1b: Dondozo\n|-singleturn|p1b: Dondozo|Protect\n|move|p2a: Rillaboom|Fake Out|p1b: Dondozo\n|-activate|p1b: Dondozo|move: Protect\n|\n|-weather|Snow|[upkeep]\n|-heal|p1b: Dondozo|86\/100|[from] Grassy Terrain\n|-heal|p1b: Dondozo|93\/100|[from] item: Leftovers\n|-heal|p2a: Rillaboom|100\/100|[from] Grassy Terrain\n|upkeep\n|turn|4\n|\n|t:|1699733009\n|switch|p2a: Ninetales|Ninetales-Alola, L50, F|92\/100\n|move|p1b: Dondozo|Wave Crash|p2b: Articuno\n|-damage|p2b: Articuno|58\/100\n|-damage|p1b: Dondozo|81\/100|[from] Recoil\n|move|p2b: Articuno|Haze|p2b: Articuno\n|-clearallboost\n|\n|-weather|Snow|[upkeep]\n|-heal|p2a: Ninetales|98\/100|[from] Grassy Terrain\n|-heal|p1b: Dondozo|87\/100|[from] Grassy Terrain\n|-heal|p1b: Dondozo|93\/100|[from] item: Leftovers\n|upkeep\n|turn|5\n|\n|t:|1699733021\n|move|p2a: Ninetales|Freeze-Dry|p1b: Dondozo\n|-supereffective|p1b: Dondozo\n|-damage|p1b: Dondozo|28\/100\n|move|p2b: Articuno|Roost|p2b: Articuno\n|-heal|p2b: Articuno|100\/100\n|-singleturn|p2b: Articuno|move: Roost\n|move|p1b: Dondozo|Wave Crash|p2b: Articuno|[miss]\n|-miss|p1b: Dondozo|p2b: Articuno\n|\n|-weather|none\n|-heal|p2a: Ninetales|100\/100|[from] Grassy Terrain\n|-heal|p1b: Dondozo|35\/100|[from] Grassy Terrain\n|-heal|p1b: Dondozo|41\/100|[from] item: Leftovers\n|-sideend|p2: Spearstorms|move: Aurora Veil\n|upkeep\n|turn|6\n|\n|t:|1699733030\n|move|p2a: Ninetales|Freeze-Dry|p1b: Dondozo\n|-supereffective|p1b: Dondozo\n|-damage|p1b: Dondozo|0 fnt\n|faint|p1b: Dondozo\n|move|p2b: Articuno|Freeze-Dry|p1a: Tatsugiri\n|-supereffective|p1a: Tatsugiri\n|-damage|p1a: Tatsugiri|0 fnt\n|faint|p1a: Tatsugiri\n|\n|-fieldend|move: Grassy Terrain\n|upkeep\n|\n|t:|1699733037\n|switch|p1a: Ogerpon|Ogerpon-Teal-Tera, L50, F, tera:Grass|10\/100\n|switch|p1b: Flutter Mane|Flutter Mane, L50|100\/100\n|-ability|p1a: Ogerpon|Embody Aspect (Teal)|boost\n|-boost|p1a: Ogerpon|spe|1\n|-enditem|p1b: Flutter Mane|Booster Energy\n|-activate|p1b: Flutter Mane|ability: Protosynthesis|[fromitem]\n|-start|p1b: Flutter Mane|protosynthesisspe\n|turn|7\n|\n|t:|1699733054\n|move|p1b: Flutter Mane|Dazzling Gleam|p2a: Ninetales|[spread] p2a,p2b\n|-damage|p2a: Ninetales|62\/100\n|-damage|p2b: Articuno|75\/100\n|move|p1a: Ogerpon|Stomping Tantrum|p2a: Ninetales\n|-crit|p2a: Ninetales\n|-damage|p2a: Ninetales|5\/100\n|move|p2a: Ninetales|Moonblast|p1b: Flutter Mane\n|-damage|p1b: Flutter Mane|64\/100\n|-unboost|p1b: Flutter Mane|spa|1\n|move|p2b: Articuno|Freeze-Dry|p1b: Flutter Mane\n|-damage|p1b: Flutter Mane|36\/100\n|\n|upkeep\n|turn|8\n|\n|t:|1699733075\n|move|p1b: Flutter Mane|Dazzling Gleam|p2b: Articuno|[spread] p2a,p2b\n|-damage|p2a: Ninetales|0 fnt\n|-damage|p2b: Articuno|60\/100\n|faint|p2a: Ninetales\n|move|p1a: Ogerpon|Ivy Cudgel|p2b: Articuno\n|-resisted|p2b: Articuno\n|-crit|p2b: Articuno\n|-damage|p2b: Articuno|16\/100\n|move|p2b: Articuno|Freeze-Dry|p1a: Ogerpon\n|-supereffective|p1a: Ogerpon\n|-damage|p1a: Ogerpon|0 fnt\n|faint|p1a: Ogerpon\n|\n|upkeep\n|\n|t:|1699733080\n|switch|p2a: Rillaboom|Rillaboom, L50, M|100\/100\n|-fieldstart|move: Grassy Terrain|[from] ability: Grassy Surge|[of] p2a: Rillaboom\n|turn|9\n|\n|t:|1699733086\n|move|p2a: Rillaboom|Grassy Glide|p1b: Flutter Mane\n|-damage|p1b: Flutter Mane|0 fnt\n|faint|p1b: Flutter Mane\n|-end|p1b: Flutter Mane|Protosynthesis|[silent]\n|\n|win|Spearstorms\n","uploadtime":1699733093,"views":31,"p1id":"mtschmucker","p2id":"spearstorms","formatid":"gen9vgc2023regulatione","rating":0,"private":0,"password":""}