{"id":"gen9vgc2023regulatione-1988351721","p1":"MudkiperVGC","p2":"MisterGX","format":"[Gen 9] VGC 2023 Regulation E","log":"|j|\u2606MudkiperVGC\n|j|\u2606MisterGX\n|n|\u2606MudkiperVGC|mudkipervgc\n|n|\u2606MisterGX|mistergx\n|html|View the match progress at <a href=\"\/game-bestof3-gen9vgc2023regulatione-1988348730\">game-bestof3-gen9vgc2023regulatione-1988348730<\/a>\n|t:|1699712630\n|gametype|doubles\n|player|p1|MudkiperVGC|steven|\n|player|p2|MisterGX|#vgcplzoruas|\n|teamsize|p1|6\n|teamsize|p2|6\n|gen|9\n|tier|[Gen 9] VGC 2023 Regulation E\n|rule|Species Clause: Limit one of each Pok\u00e9mon\n|rule|Item Clause: Limit one of each item\n|clearpoke\n|poke|p1|Chien-Pao, L50|\n|poke|p1|Tornadus, L50, M|\n|poke|p1|Flutter Mane, L50|\n|poke|p1|Urshifu-*, L50, M|\n|poke|p1|Arcanine-Hisui, L50, M|\n|poke|p1|Rillaboom, L50, M|\n|poke|p2|Gholdengo, L50|\n|poke|p2|Amoonguss, L50, M|\n|poke|p2|Tornadus, L50, M|\n|poke|p2|Urshifu-*, L50, M|\n|poke|p2|Landorus-Therian, L50, M|\n|poke|p2|Chien-Pao, L50|\n|teampreview|4\nMisterGX has agreed to open team sheets.\nMudkiperVGC has agreed to open team sheets.\n|showteam|p1|Chien-Pao||LifeOrb|SwordofRuin|IceSpinner,Crunch,SuckerPunch,Protect||||||50|,,,,,Dark]Tornadus||CovertCloak|Prankster|BleakwindStorm,Tailwind,ScaryFace,RainDance|||M|||50|,,,,,Steel]Flutter Mane||ChoiceSpecs|Protosynthesis|DazzlingGleam,ShadowBall,Moonblast,EnergyBall||||||50|,,,,,Grass]Urshifu-Rapid-Strike||SafetyGoggles|UnseenFist|SurgingStrikes,CloseCombat,AquaJet,Detect|||M|||50|,,,,,Water]Arcanine-Hisui||ChoiceBand|Intimidate|RockSlide,ExtremeSpeed,FlareBlitz,HeadSmash|||M|||50|,,,,,Normal]Rillaboom||AssaultVest|GrassySurge|WoodHammer,FakeOut,GrassyGlide,HighHorsepower|||M|||50|,,,,,Fire\n|showteam|p2|Gholdengo||Leftovers|GoodasGold|MakeItRain,ShadowBall,NastyPlot,Protect||||||50|,,,,,Dragon]Amoonguss||RockyHelmet|Regenerator|Spore,RagePowder,PollenPuff,Protect|||M|||50|,,,,,Water]Tornadus||SitrusBerry|Prankster|Taunt,RainDance,Tailwind,BleakwindStorm|||M|||50|,,,,,Ghost]Urshifu-Rapid-Strike||LifeOrb|UnseenFist|AquaJet,Protect,SurgingStrikes,CloseCombat|||M|||50|,,,,,Poison]Landorus-Therian||ChoiceBand|Intimidate|StompingTantrum,Earthquake,RockSlide,Uturn|||M|||50|,,,,,Water]Chien-Pao||FocusSash|SwordofRuin|Protect,SacredSword,SuckerPunch,IceSpinner||||||50|,,,,,Ghost\n|\n|t:|1699712844\n|start\n|switch|p1a: Tornadus|Tornadus, L50, M, shiny|100\/100\n|switch|p1b: Flutter Mane|Flutter Mane, L50, shiny|100\/100\n|switch|p2a: Amoonguss|Amoonguss, L50, M, shiny|100\/100\n|switch|p2b: Gholdengo|Gholdengo, L50|100\/100\n|turn|1\n|\n|t:|1699712860\n|-end|p1b: Flutter Mane|Protosynthesis|[silent]\n|switch|p1b: Urshifu|Urshifu-Rapid-Strike, L50, M|100\/100\n|move|p2a: Amoonguss|Rage Powder|p2a: Amoonguss\n|-singleturn|p2a: Amoonguss|move: Rage Powder\n|move|p1a: Tornadus|Bleakwind Storm|p2a: Amoonguss|[spread] p2a,p2b\n|-supereffective|p2a: Amoonguss\n|-resisted|p2b: Gholdengo\n|-damage|p2a: Amoonguss|45\/100\n|-damage|p2b: Gholdengo|85\/100\n|-unboost|p2a: Amoonguss|spe|1\n|move|p2b: Gholdengo|Make It Rain|p1a: Tornadus|[spread] p1a,p1b\n|-resisted|p1b: Urshifu\n|-damage|p1a: Tornadus|38\/100\n|-damage|p1b: Urshifu|60\/100\n|-unboost|p2b: Gholdengo|spa|1\n|\n|-heal|p2b: Gholdengo|90\/100|[from] item: Leftovers\n|upkeep\n|turn|2\n|\n|t:|1699712888\n|switch|p2a: Tornadus|Tornadus, L50, M|100\/100\n|move|p1a: Tornadus|Bleakwind Storm|p2a: Tornadus|[spread] p2a,p2b\n|-resisted|p2b: Gholdengo\n|-damage|p2a: Tornadus|61\/100\n|-damage|p2b: Gholdengo|74\/100\n|-unboost|p2a: Tornadus|spe|1\n|-unboost|p2b: Gholdengo|spe|1\n|move|p1b: Urshifu|Close Combat|p2b: Gholdengo\n|-immune|p2b: Gholdengo\n|move|p2b: Gholdengo|Make It Rain|p1a: Tornadus|[spread] p1a,p1b\n|-resisted|p1b: Urshifu\n|-damage|p1a: Tornadus|0 fnt\n|-damage|p1b: Urshifu|34\/100\n|-unboost|p2b: Gholdengo|spa|1\n|faint|p1a: Tornadus\n|\n|-heal|p2b: Gholdengo|79\/100|[from] item: Leftovers\n|upkeep\n|\n|t:|1699712897\n|switch|p1a: Chien-Pao|Chien-Pao, L50|100\/100\n|-ability|p1a: Chien-Pao|Sword of Ruin\n|turn|3\n|\n|t:|1699712921\n|switch|p2b: Amoonguss|Amoonguss, L50, M, shiny|78\/100\n|-terastallize|p1a: Chien-Pao|Dark\n|move|p1a: Chien-Pao|Sucker Punch||[still]\n|-fail|p1a: Chien-Pao\n|move|p2a: Tornadus|Tailwind|p2a: Tornadus\n|-sidestart|p2: MisterGX|move: Tailwind\n|move|p1b: Urshifu|Surging Strikes|p2a: Tornadus\n|-crit|p2a: Tornadus\n|-damage|p2a: Tornadus|33\/100\n|-enditem|p2a: Tornadus|Sitrus Berry|[eat]\n|-heal|p2a: Tornadus|58\/100|[from] item: Sitrus Berry\n|-crit|p2a: Tornadus\n|-damage|p2a: Tornadus|30\/100\n|-crit|p2a: Tornadus\n|-damage|p2a: Tornadus|5\/100\n|-hitcount|p2a: Tornadus|3\n|\n|upkeep\n|turn|4\n|\n|t:|1699712994\n|move|p1a: Chien-Pao|Protect|p1a: Chien-Pao\n|-singleturn|p1a: Chien-Pao|Protect\n|move|p1b: Urshifu|Detect|p1b: Urshifu\n|-singleturn|p1b: Urshifu|Protect\n|move|p2a: Tornadus|Bleakwind Storm|p1a: Chien-Pao|[spread] \n|-activate|p1a: Chien-Pao|move: Protect\n|-activate|p1b: Urshifu|move: Protect\n|move|p2b: Amoonguss|Spore|p1a: Chien-Pao\n|-activate|p1a: Chien-Pao|move: Protect\n|\n|upkeep\n|turn|5\n|inactive|Battle timer is ON: inactive players will automatically lose when time's up. (requested by MudkiperVGC)\n|\n|t:|1699713038\n|switch|p2a: Mew Mew!|Chien-Pao, L50|100\/100\n|-ability|p2a: Mew Mew!|Sword of Ruin\n|-terastallize|p2b: Amoonguss|Water\n|move|p1b: Urshifu|Aqua Jet|p2a: Mew Mew!\n|-damage|p2a: Mew Mew!|68\/100\n|move|p1a: Chien-Pao|Ice Spinner|p2b: Amoonguss\n|-resisted|p2b: Amoonguss\n|-damage|p2b: Amoonguss|53\/100\n|-damage|p1a: Chien-Pao|84\/100|[from] item: Rocky Helmet|[of] p2b: Amoonguss\n|-damage|p1a: Chien-Pao|75\/100|[from] item: Life Orb\n|move|p2b: Amoonguss|Spore|p1a: Chien-Pao\n|-status|p1a: Chien-Pao|slp|[from] move: Spore\n|\n|upkeep\n|turn|6\n|inactive|MudkiperVGC has 30 seconds left.\n|inactive|MudkiperVGC has 20 seconds left.\n|inactive|MudkiperVGC has 15 seconds left.\n|inactive|MudkiperVGC has 10 seconds left.\n|\n|t:|1699713086\n|move|p2a: Mew Mew!|Ice Spinner|p1a: Chien-Pao\n|-damage|p1a: Chien-Pao|10\/100 slp\n|cant|p1a: Chien-Pao|slp\n|move|p1b: Urshifu|Surging Strikes|p2a: Mew Mew!\n|-crit|p2a: Mew Mew!\n|-damage|p2a: Mew Mew!|37\/100\n|-crit|p2a: Mew Mew!\n|-damage|p2a: Mew Mew!|5\/100\n|-crit|p2a: Mew Mew!\n|-damage|p2a: Mew Mew!|0 fnt\n|faint|p2a: Mew Mew!\n|-hitcount|p2: Mew Mew!|3\n|move|p2b: Amoonguss|Pollen Puff|p1a: Chien-Pao\n|-supereffective|p1a: Chien-Pao\n|-damage|p1a: Chien-Pao|0 fnt\n|faint|p1a: Chien-Pao\n|\n|-sideend|p2: MisterGX|move: Tailwind\n|upkeep\n|\n|t:|1699713098\n|switch|p1a: Flutter Mane|Flutter Mane, L50, shiny|100\/100\n|switch|p2a: Tornadus|Tornadus, L50, M|5\/100\n|turn|7\n|\n|t:|1699713110\n|move|p2b: Amoonguss|Protect|p2b: Amoonguss\n|-singleturn|p2b: Amoonguss|Protect\n|move|p1b: Urshifu|Aqua Jet|p2a: Tornadus\n|-damage|p2a: Tornadus|0 fnt\n|faint|p2a: Tornadus\n|move|p1a: Flutter Mane|Energy Ball|p2b: Amoonguss\n|-activate|p2b: Amoonguss|move: Protect\n|\n|upkeep\n|\n|t:|1699713114\n|switch|p2a: Gholdengo|Gholdengo, L50|79\/100\n|turn|8\n|\n|t:|1699713134\n|move|p2b: Amoonguss|Rage Powder|p2b: Amoonguss\n|-singleturn|p2b: Amoonguss|move: Rage Powder\n|move|p1a: Flutter Mane|Energy Ball|p2b: Amoonguss\n|-supereffective|p2b: Amoonguss\n|-damage|p2b: Amoonguss|0 fnt\n|faint|p2b: Amoonguss\n|move|p1b: Urshifu|Surging Strikes|p2a: Gholdengo\n|-crit|p2a: Gholdengo\n|-damage|p2a: Gholdengo|58\/100\n|-crit|p2a: Gholdengo\n|-damage|p2a: Gholdengo|38\/100\n|-crit|p2a: Gholdengo\n|-damage|p2a: Gholdengo|17\/100\n|-hitcount|p2a: Gholdengo|3\n|move|p2a: Gholdengo|Make It Rain|p1b: Urshifu|[spread] p1a,p1b\n|-supereffective|p1a: Flutter Mane\n|-resisted|p1b: Urshifu\n|-damage|p1a: Flutter Mane|9\/100\n|-damage|p1b: Urshifu|0 fnt\n|-unboost|p2a: Gholdengo|spa|1\n|faint|p1b: Urshifu\n|\n|-heal|p2a: Gholdengo|23\/100|[from] item: Leftovers\n|upkeep\n|turn|9\n|\n|t:|1699713156\n|move|p2a: Gholdengo|Protect|p2a: Gholdengo\n|-singleturn|p2a: Gholdengo|Protect\n|move|p1a: Flutter Mane|Energy Ball|p2a: Gholdengo\n|-activate|p2a: Gholdengo|move: Protect\n|\n|-heal|p2a: Gholdengo|29\/100|[from] item: Leftovers\n|upkeep\n|turn|10\n|\n|t:|1699713163\n|move|p1a: Flutter Mane|Energy Ball|p2a: Gholdengo\n|-resisted|p2a: Gholdengo\n|-damage|p2a: Gholdengo|6\/100\n|-unboost|p2a: Gholdengo|spd|1\n|move|p2a: Gholdengo|Make It Rain|p1a: Flutter Mane\n|-supereffective|p1a: Flutter Mane\n|-damage|p1a: Flutter Mane|0 fnt\n|-unboost|p2a: Gholdengo|spa|1\n|faint|p1a: Flutter Mane\n|-end|p1a: Flutter Mane|Protosynthesis|[silent]\n|\n|win|MisterGX\n|c|\u2606MisterGX|whew was close\n|c|\u2606MisterGX|gg\n|c|\u2606MudkiperVGC|gg\n|c|\u2606MudkiperVGC|did well for my first tournament\n|c|\u2606MudkiperVGC|can u tell me the spa invest on Gholdengo?\n|c|\u2606MisterGX|212+\n","uploadtime":1699713254,"views":64,"p1id":"mudkipervgc","p2id":"mistergx","formatid":"gen9vgc2023regulatione","rating":0,"private":0,"password":""}