{"id":"gen9vgc2023regulatione-1995703211","p1":"PokeKidMax","p2":"slugma the god","format":"[Gen 9] VGC 2023 Regulation E","log":"|j|\u2606PokeKidMax\n|j|\u2606slugma the god\n|t:|1700595387\n|gametype|doubles\n|player|p1|PokeKidMax|blue-lgpe|\n|player|p2|slugma the god|2|\n|teamsize|p1|6\n|teamsize|p2|6\n|gen|9\n|tier|[Gen 9] VGC 2023 Regulation E\n|rated|Tournament battle\n|rule|Species Clause: Limit one of each Pok\u00e9mon\n|rule|Item Clause: Limit one of each item\n|clearpoke\n|poke|p1|Iron Hands, L50|\n|poke|p1|Ogerpon-Wellspring, L50, F|\n|poke|p1|Gholdengo, L50|\n|poke|p1|Tornadus, L50, M|\n|poke|p1|Urshifu-*, L50, F|\n|poke|p1|Chien-Pao, L50|\n|poke|p2|Sneasler, L50, M|\n|poke|p2|Rillaboom, L50, M|\n|poke|p2|Ogerpon-Hearthflame, L50, F|\n|poke|p2|Okidogi, L50, M|\n|poke|p2|Landorus-Therian, L50, M|\n|poke|p2|Flutter Mane, L50|\n|teampreview|4\n|showteam|p1|Iron Hands||AssaultVest|QuarkDrive|DrainPunch,FakeOut,WildCharge,HeavySlam||||||50|,,,,,Fire]Ogerpon-Wellspring||WellspringMask|WaterAbsorb|IvyCudgel,HornLeech,FollowMe,SpikyShield|||F|||50|,,,,,Water]Gholdengo||SitrusBerry|GoodasGold|MakeItRain,ShadowBall,Protect,NastyPlot||||||50|,,,,,Dragon]Tornadus||CovertCloak|Prankster|Tailwind,BleakwindStorm,Taunt,RainDance|||M|||50|,,,,,Ghost]Urshifu-Rapid-Strike||ChoiceScarf|UnseenFist|SurgingStrikes,CloseCombat,AquaJet,Uturn|||F|||50|,,,,,Water]Chien-Pao||FocusSash|SwordofRuin|Protect,SuckerPunch,SacredSword,IceSpinner||||||50|,,,,,Ghost\n|showteam|p2|Sneasler||GrassySeed|Unburden|DireClaw,SwordsDance,CloseCombat,Acrobatics|||M|||50|,,,,,Flying]Rillaboom||AssaultVest|GrassySurge|GrassyGlide,HighHorsepower,Uturn,FakeOut|||M|||50|,,,,,Grass]Ogerpon-Hearthflame||HearthflameMask|MoldBreaker|SwordsDance,GrassyGlide,IvyCudgel,SpikyShield|||F|||50|,,,,,Fire]Okidogi||RockyHelmet|ToxicChain|Snarl,BrutalSwing,GunkShot,CloseCombat|||M|||50|,,,,,Poison]Landorus-Therian||ChoiceBand|Intimidate|Uturn,Earthquake,Crunch,StoneEdge|||M|||50|,,,,,Ground]Flutter Mane||BoosterEnergy|Protosynthesis|Hex,DazzlingGleam,EnergyBall,Protect||||||50|,,,,,Ghost\n|inactive|Battle timer is ON: inactive players will automatically lose when time's up. (requested by PokeKidMax)\n|inactive|slugma the god also wants the timer to be on.\n|j| gokturkxd\n|c|\u2606PokeKidMax|glhf\n|\n|t:|1700595415\n|start\n|switch|p1a: Gholdengo|Gholdengo, L50|100\/100\n|switch|p1b: Ogerpon|Ogerpon-Wellspring, L50, F|100\/100\n|switch|p2a: Sneasler|Sneasler, L50, M|100\/100\n|switch|p2b: Rillaboom|Rillaboom, L50, M|100\/100\n|-fieldstart|move: Grassy Terrain|[from] ability: Grassy Surge|[of] p2b: Rillaboom\n|-enditem|p2a: Sneasler|Grassy Seed\n|-boost|p2a: Sneasler|def|1|[from] item: Grassy Seed\n|turn|1\n|c| gokturkxd|Gl to both of you\n|inactive|PokeKidMax has 30 seconds left.\n|\n|t:|1700595446\n|-terastallize|p2a: Sneasler|Flying\n|move|p1b: Ogerpon|Spiky Shield|p1b: Ogerpon\n|-singleturn|p1b: Ogerpon|move: Protect\n|move|p2a: Sneasler|Swords Dance|p2a: Sneasler\n|-boost|p2a: Sneasler|atk|2\n|move|p1a: Gholdengo|Make It Rain|p2a: Sneasler|[spread] p2a,p2b\n|-damage|p2a: Sneasler|53\/100\n|-damage|p2b: Rillaboom|66\/100\n|-unboost|p1a: Gholdengo|spa|1\n|move|p2b: Rillaboom|High Horsepower|p1a: Gholdengo\n|-supereffective|p1a: Gholdengo\n|-damage|p1a: Gholdengo|38\/100\n|-enditem|p1a: Gholdengo|Sitrus Berry|[eat]\n|-heal|p1a: Gholdengo|63\/100|[from] item: Sitrus Berry\n|\n|-heal|p1a: Gholdengo|69\/100|[from] Grassy Terrain\n|-heal|p2b: Rillaboom|72\/100|[from] Grassy Terrain\n|upkeep\n|turn|2\n|j|%Radio Free C-Side\n|inactive|PokeKidMax has 30 seconds left.\n|j| Serusly\n|inactive|PokeKidMax has 20 seconds left.\n|inactive|PokeKidMax has 15 seconds left.\n|inactive|PokeKidMax has 10 seconds left.\n|\n|t:|1700595493\n|move|p2a: Sneasler|Acrobatics|p1b: Ogerpon\n|-supereffective|p1b: Ogerpon\n|-damage|p1b: Ogerpon|0 fnt\n|faint|p1b: Ogerpon\n|move|p1a: Gholdengo|Shadow Ball|p2a: Sneasler\n|-damage|p2a: Sneasler|26\/100\n|-unboost|p2a: Sneasler|spd|1\n|move|p2b: Rillaboom|High Horsepower|p1a: Gholdengo\n|-supereffective|p1a: Gholdengo\n|-damage|p1a: Gholdengo|12\/100\n|\n|-heal|p1a: Gholdengo|19\/100|[from] Grassy Terrain\n|-heal|p2b: Rillaboom|77\/100|[from] Grassy Terrain\n|upkeep\n|\n|t:|1700595501\n|switch|p1b: Iron Hands|Iron Hands, L50|100\/100\n|turn|3\n|\n|t:|1700595509\n|move|p1b: Iron Hands|Fake Out|p2a: Sneasler\n|-damage|p2a: Sneasler|5\/100\n|move|p2b: Rillaboom|Grassy Glide|p1a: Gholdengo\n|-resisted|p1a: Gholdengo\n|-damage|p1a: Gholdengo|0 fnt\n|faint|p1a: Gholdengo\n|cant|p2a: Sneasler|flinch\n|\n|-heal|p2b: Rillaboom|83\/100|[from] Grassy Terrain\n|upkeep\n|\n|t:|1700595514\n|switch|p1a: Chien-Pao|Chien-Pao, L50|100\/100\n|-ability|p1a: Chien-Pao|Sword of Ruin\n|turn|4\n|\n|t:|1700595533\n|-terastallize|p1a: Chien-Pao|Ghost\n|move|p1a: Chien-Pao|Sucker Punch|p2a: Sneasler\n|-damage|p2a: Sneasler|0 fnt\n|faint|p2a: Sneasler\n|move|p2b: Rillaboom|Grassy Glide|p1a: Chien-Pao\n|-damage|p1a: Chien-Pao|46\/100\n|move|p1b: Iron Hands|Drain Punch|p2b: Rillaboom\n|-damage|p2b: Rillaboom|22\/100\n|\n|-heal|p1a: Chien-Pao|51\/100|[from] Grassy Terrain\n|-heal|p2b: Rillaboom|28\/100|[from] Grassy Terrain\n|upkeep\n|\n|t:|1700595544\n|switch|p2a: Ogerpon|Ogerpon-Hearthflame, L50, F|100\/100\n|-ability|p2a: Ogerpon|Mold Breaker\n|turn|5\n|\n|t:|1700595561\n|switch|p2b: Flutter Mane|Flutter Mane, L50|100\/100\n|-enditem|p2b: Flutter Mane|Booster Energy\n|-activate|p2b: Flutter Mane|ability: Protosynthesis|[fromitem]\n|-start|p2b: Flutter Mane|protosynthesisspe\n|move|p1a: Chien-Pao|Ice Spinner|p2b: Flutter Mane\n|-damage|p2b: Flutter Mane|0 fnt\n|-fieldend|move: Grassy Terrain\n|faint|p2b: Flutter Mane\n|-end|p2b: Flutter Mane|Protosynthesis|[silent]\n|move|p2a: Ogerpon|Ivy Cudgel|p1b: Iron Hands|[anim] Ivy Cudgel Fire\n|-crit|p1b: Iron Hands\n|-damage|p1b: Iron Hands|18\/100\n|move|p1b: Iron Hands|Drain Punch|p2a: Ogerpon\n|-damage|p2a: Ogerpon|15\/100\n|-heal|p1b: Iron Hands|43\/100|[from] drain|[of] p2a: Ogerpon\n|\n|upkeep\n|\n|t:|1700595571\n|switch|p2b: Rillaboom|Rillaboom, L50, M|28\/100\n|-fieldstart|move: Grassy Terrain|[from] ability: Grassy Surge|[of] p2b: Rillaboom\n|turn|6\n|j| Bell george chae\n|c|\u2606PokeKidMax|that flutter switch was genius icl\n|inactive|PokeKidMax has 30 seconds left.\n|inactive|PokeKidMax has 20 seconds left.\n|c|\u2606slugma the god|was expecting sucker punch\n|inactive|PokeKidMax has 15 seconds left.\n|inactive|PokeKidMax has 10 seconds left.\n|inactive|PokeKidMax has 5 seconds left.\n|\n|t:|1700595621\n|move|p2b: Rillaboom|Fake Out|p1b: Iron Hands\n|-damage|p1b: Iron Hands|31\/100\n|move|p2a: Ogerpon|Grassy Glide|p1a: Chien-Pao\n|-damage|p1a: Chien-Pao|0 fnt\n|faint|p1a: Chien-Pao\n|cant|p1b: Iron Hands|flinch\n|\n|-heal|p2a: Ogerpon|20\/100|[from] Grassy Terrain\n|-heal|p2b: Rillaboom|34\/100|[from] Grassy Terrain\n|-heal|p1b: Iron Hands|37\/100|[from] Grassy Terrain\n|upkeep\n|turn|7\n|c|\u2606PokeKidMax|still was smart\n|\n|t:|1700595634\n|move|p2b: Rillaboom|Grassy Glide|p1b: Iron Hands\n|-damage|p1b: Iron Hands|9\/100\n|move|p2a: Ogerpon|Ivy Cudgel|p1b: Iron Hands|[anim] Ivy Cudgel Fire\n|-damage|p1b: Iron Hands|0 fnt\n|faint|p1b: Iron Hands\n|-end|p1b: Iron Hands|Quark Drive|[silent]\n|\n|win|slugma the god\n|n|\u2606PokeKidMax|pokekidmax\n|n|\u2606slugma the god|slugmathegod\n|n| gokturkxd|gokturkxd\n|n| Radio Free C-Side|radiofreecside\n|n| Serusly|serusly\n|n| Bell george chae|bellgeorgechae\n","uploadtime":1700595637,"views":5,"p1id":"pokekidmax","p2id":"slugmathegod","formatid":"gen9vgc2023regulatione","rating":0,"private":0,"password":""}