{"id":"gen9vgc2023regulatione-1993028486","p1":"Jstardude","p2":"FuratBang","format":"[Gen 9] VGC 2023 Regulation E","log":"|j|\u2606Jstardude\n|j|\u2606FuratBang\n|n|\u2606Jstardude|jstardude\n|n|\u2606FuratBang|furatbang\n|html|View the match progress at <a href=\"\/game-bestof3-gen9vgc2023regulatione-1993028485\">game-bestof3-gen9vgc2023regulatione-1993028485<\/a>\n|t:|1700256983\n|gametype|doubles\n|player|p1|Jstardude|psychic-gen4|\n|player|p2|FuratBang|n|\n|teamsize|p1|6\n|teamsize|p2|6\n|gen|9\n|tier|[Gen 9] VGC 2023 Regulation E\n|rule|Species Clause: Limit one of each Pok\u00e9mon\n|rule|Item Clause: Limit one of each item\n|clearpoke\n|poke|p1|Sandy Shocks, L50|\n|poke|p1|Ninetales-Alola, L50, F|\n|poke|p1|Articuno, L50|\n|poke|p1|Annihilape, L50, F|\n|poke|p1|Azelf, L50|\n|poke|p1|Sandslash-Alola, L50, M|\n|poke|p2|Ogerpon-Wellspring, L50, F|\n|poke|p2|Landorus-Therian, L50, M|\n|poke|p2|Typhlosion, L50, M|\n|poke|p2|Rotom-Frost, L50|\n|poke|p2|Weavile, L50, M|\n|poke|p2|Tornadus-Therian, L50, M|\n|teampreview|4\nFuratBang rejected open team sheets.\n|c|\u2606FuratBang|glhf\n|j| jamesdaltonbell\n|c|\u2606Jstardude|glhf\n|\n|t:|1700257067\n|start\n|switch|p1a: Ninetales|Ninetales-Alola, L50, F|100\/100\n|switch|p1b: Sandy Shocks|Sandy Shocks, L50|100\/100\n|switch|p2a: Tornadus|Tornadus-Therian, L50, M|100\/100\n|switch|p2b: Typhlosion|Typhlosion, L50, M|100\/100\n|-weather|Snow|[from] ability: Snow Warning|[of] p1a: Ninetales\n|-enditem|p1b: Sandy Shocks|Booster Energy\n|-activate|p1b: Sandy Shocks|ability: Protosynthesis|[fromitem]\n|-start|p1b: Sandy Shocks|protosynthesisspe\n|turn|1\n|j| jayballester\n|j| smsy5\n|\n|t:|1700257145\n|-terastallize|p2a: Tornadus|Fire\n|move|p2b: Typhlosion|Protect|p2b: Typhlosion\n|-singleturn|p2b: Typhlosion|Protect\n|move|p1b: Sandy Shocks|Earth Power|p2b: Typhlosion\n|-activate|p2b: Typhlosion|move: Protect\n|move|p2a: Tornadus|Tailwind|p2a: Tornadus\n|-sidestart|p2: FuratBang|move: Tailwind\n|move|p1a: Ninetales|Blizzard|p2b: Typhlosion|[spread] p2a\n|-activate|p2b: Typhlosion|move: Protect\n|-resisted|p2a: Tornadus\n|-damage|p2a: Tornadus|86\/100\n|-status|p2a: Tornadus|frz\n|\n|-weather|Snow|[upkeep]\n|upkeep\n|turn|2\n|j| ryanotest1\n|c|\u2606FuratBang|bruh\n|c|\u2606Jstardude|the first of many\n|\n|t:|1700257242\n|switch|p2b: Rotom|Rotom-Frost, L50|100\/100\n|-terastallize|p1b: Sandy Shocks|Water\n|move|p1a: Ninetales|Protect|p1a: Ninetales\n|-singleturn|p1a: Ninetales|Protect\n|cant|p2a: Tornadus|frz\n|move|p1b: Sandy Shocks|Earth Power|p2b: Rotom\n|-immune|p2b: Rotom|[from] ability: Levitate\n|\n|-weather|Snow|[upkeep]\n|upkeep\n|turn|3\n|c|\u2606FuratBang|glad i expect hax\n|l| ryanotest1\n|\n|t:|1700257305\n|-end|p1b: Sandy Shocks|Protosynthesis|[silent]\n|switch|p1b: He angy|Annihilape, L50, F|100\/100\n|cant|p2a: Tornadus|frz\n|move|p2b: Rotom|Thunderbolt|p1b: He angy\n|-damage|p1b: He angy|67\/100\n|move|p1a: Ninetales|Aurora Veil|p1a: Ninetales\n|-sidestart|p1: Jstardude|move: Aurora Veil\n|\n|-weather|Snow|[upkeep]\n|-heal|p1b: He angy|73\/100|[from] item: Leftovers\n|upkeep\n|turn|4\n|j| ryanotest1\n|\n|t:|1700257370\n|switch|p1a: Glacie|Articuno, L50|100\/100\n|-curestatus|p2a: Tornadus|frz|[msg]\n|move|p2a: Tornadus|Bleakwind Storm|p1a: Glacie|[spread] p1b\n|-miss|p2a: Tornadus|p1a: Glacie\n|-supereffective|p1b: He angy\n|-damage|p1b: He angy|46\/100\n|move|p2b: Rotom|Volt Switch|p1a: Glacie|[miss]\n|-miss|p2b: Rotom|p1a: Glacie\n|move|p1b: He angy|Drain Punch|p2b: Rotom\n|-supereffective|p2b: Rotom\n|-damage|p2b: Rotom|53\/100\n|-heal|p1b: He angy|64\/100|[from] drain|[of] p2b: Rotom\n|\n|-weather|Snow|[upkeep]\n|-heal|p1b: He angy|70\/100|[from] item: Leftovers\n|-sideend|p2: FuratBang|move: Tailwind\n|upkeep\n|turn|5\n|c|\u2606FuratBang|amazing\n|c|\u2606Jstardude|beautiful\n|\n|t:|1700257424\n|move|p2a: Tornadus|Tailwind|p2a: Tornadus\n|-sidestart|p2: FuratBang|move: Tailwind\n|move|p2b: Rotom|Volt Switch|p1a: Glacie|[miss]\n|-miss|p2b: Rotom|p1a: Glacie\n|move|p1b: He angy|Encore|p2a: Tornadus\n|-start|p2a: Tornadus|Encore\n|move|p1a: Glacie|Tailwind|p1a: Glacie\n|-sidestart|p1: Jstardude|move: Tailwind\n|\n|-weather|Snow|[upkeep]\n|-heal|p1b: He angy|76\/100|[from] item: Leftovers\n|upkeep\n|turn|6\n|c|\u2606Jstardude|xd\n|c|\u2606FuratBang|like\n|c|\u2606Jstardude|im so sorry\n|c|\u2606FuratBang|what can i say\n|\n|t:|1700257478\n|switch|p2a: Ogerpon|Ogerpon-Wellspring, L50, F|100\/100\n|switch|p1a: Sandy Shocks|Sandy Shocks, L50, tera:Water|100\/100\n|move|p1b: He angy|Drain Punch|p2b: Rotom\n|-supereffective|p2b: Rotom\n|-crit|p2b: Rotom\n|-damage|p2b: Rotom|0 fnt\n|-heal|p1b: He angy|96\/100|[from] drain|[of] p2b: Rotom\n|faint|p2b: Rotom\n|\n|-weather|Snow|[upkeep]\n|-heal|p1b: He angy|100\/100|[from] item: Leftovers\n|upkeep\n|c|\u2606FuratBang|now crits too\n|\n|t:|1700257509\n|switch|p2b: Tornadus|Tornadus-Therian, L50, M, tera:Fire|100\/100\n|turn|7\n|c|\u2606FuratBang|dw you are gonna win\n|c|\u2606FuratBang|no need to calc\n|\n|t:|1700257632\n|-end|p1a: Sandy Shocks|Protosynthesis|[silent]\n|switch|p1a: Glacie|Articuno, L50|100\/100\n|move|p2a: Ogerpon|Spiky Shield|p2a: Ogerpon\n|-singleturn|p2a: Ogerpon|move: Protect\n|move|p2b: Tornadus|Bleakwind Storm|p1a: Glacie|[spread] p1a,p1b\n|-crit|p1a: Glacie\n|-supereffective|p1b: He angy\n|-damage|p1a: Glacie|72\/100\n|-damage|p1b: He angy|70\/100\n|move|p1b: He angy|Drain Punch|p2b: Tornadus\n|-damage|p2b: Tornadus|64\/100\n|-heal|p1b: He angy|87\/100|[from] drain|[of] p2b: Tornadus\n|\n|-weather|Snow|[upkeep]\n|-heal|p1b: He angy|93\/100|[from] item: Leftovers\n|-sideend|p1: Jstardude|move: Aurora Veil\n|upkeep\n|turn|8\n|c|\u2606Jstardude|theres your crit\n|c|\u2606FuratBang|yeah on the wrong one tho\n|\n|t:|1700257707\n|switch|p1b: Sandy Shocks|Sandy Shocks, L50, tera:Water|100\/100\n|move|p2b: Tornadus|Bleakwind Storm|p1b: Sandy Shocks|[spread] p1a,p1b\n|-damage|p1a: Glacie|54\/100\n|-damage|p1b: Sandy Shocks|68\/100\n|move|p2a: Ogerpon|Ivy Cudgel|p1b: Sandy Shocks|[anim] Ivy Cudgel Water\n|-resisted|p1b: Sandy Shocks\n|-damage|p1b: Sandy Shocks|37\/100\n|move|p1a: Glacie|Roost|p1a: Glacie\n|-heal|p1a: Glacie|100\/100\n|-singleturn|p1a: Glacie|move: Roost\n|\n|-weather|none\n|-sideend|p2: FuratBang|move: Tailwind\n|-sideend|p1: Jstardude|move: Tailwind\n|upkeep\n|turn|9\n|\n|t:|1700257769\n|-end|p1b: Sandy Shocks|Protosynthesis|[silent]\n|switch|p1b: Ninetales|Ninetales-Alola, L50, F|100\/100\n|-weather|Snow|[from] ability: Snow Warning|[of] p1b: Ninetales\n|move|p2b: Tornadus|Heat Wave|p1a: Glacie|[spread] p1a,p1b\n|-supereffective|p1a: Glacie\n|-supereffective|p1b: Ninetales\n|-damage|p1a: Glacie|68\/100\n|-damage|p1b: Ninetales|47\/100\n|move|p2a: Ogerpon|Horn Leech|p1b: Ninetales\n|-damage|p1b: Ninetales|6\/100\n|move|p1a: Glacie|Tailwind|p1a: Glacie\n|-sidestart|p1: Jstardude|move: Tailwind\n|\n|-weather|Snow|[upkeep]\n|upkeep\n|turn|10\n|\n|t:|1700257814\n|move|p2a: Ogerpon|Spiky Shield|p2a: Ogerpon\n|-singleturn|p2a: Ogerpon|move: Protect\n|move|p1b: Ninetales|Aurora Veil|p1b: Ninetales\n|-sidestart|p1: Jstardude|move: Aurora Veil\n|move|p1a: Glacie|Freeze-Dry|p2a: Ogerpon\n|-activate|p2a: Ogerpon|move: Protect\n|move|p2b: Tornadus|Tailwind|p2b: Tornadus\n|-sidestart|p2: FuratBang|move: Tailwind\n|\n|-weather|Snow|[upkeep]\n|upkeep\n|turn|11\n|\n|t:|1700257839\n|switch|p2a: Typhlosion|Typhlosion, L50, M|100\/100\n|move|p2b: Tornadus|Heat Wave|p1a: Glacie|[spread] p1a\n|-miss|p2b: Tornadus|p1b: Ninetales\n|-supereffective|p1a: Glacie\n|-damage|p1a: Glacie|44\/100\n|-status|p1a: Glacie|brn\n|move|p1b: Ninetales|Blizzard|p2a: Typhlosion|[spread] p2a,p2b\n|-resisted|p2a: Typhlosion\n|-resisted|p2b: Tornadus\n|-damage|p2a: Typhlosion|83\/100\n|-damage|p2b: Tornadus|50\/100\n|move|p1a: Glacie|Freeze-Dry|p2a: Typhlosion\n|-resisted|p2a: Typhlosion\n|-damage|p2a: Typhlosion|61\/100\n|-damage|p1a: Glacie|34\/100 brn|[from] item: Life Orb\n|\n|-weather|Snow|[upkeep]\n|-damage|p1a: Glacie|29\/100 brn|[from] brn\n|upkeep\n|turn|12\n|c|\u2606FuratBang|dude\n|\n|t:|1700257935\n|move|p2b: Tornadus|Sunny Day|p2b: Tornadus\n|-weather|SunnyDay\n|move|p1b: Ninetales|Blizzard|p2b: Tornadus|[spread] \n|-miss|p1b: Ninetales|p2a: Typhlosion\n|-miss|p1b: Ninetales|p2b: Tornadus\n|move|p2a: Typhlosion|Heat Wave|p1b: Ninetales|[spread] p1a,p1b\n|-supereffective|p1a: Glacie\n|-supereffective|p1b: Ninetales\n|-damage|p1a: Glacie|0 fnt\n|-damage|p1b: Ninetales|0 fnt\n|faint|p1a: Glacie\n|faint|p1b: Ninetales\n|\n|-weather|SunnyDay|[upkeep]\n|-sideend|p1: Jstardude|move: Tailwind\n|upkeep\n|\n|t:|1700257942\n|switch|p1b: Sandy Shocks|Sandy Shocks, L50, tera:Water|37\/100\n|switch|p1a: He angy|Annihilape, L50, F|93\/100\n|-activate|p1b: Sandy Shocks|ability: Protosynthesis\n|-start|p1b: Sandy Shocks|protosynthesisspe\n|turn|13\n|\n|t:|1700258023\n|move|p1b: Sandy Shocks|Protect|p1b: Sandy Shocks\n|-singleturn|p1b: Sandy Shocks|Protect\n|move|p1a: He angy|Protect|p1a: He angy\n|-singleturn|p1a: He angy|Protect\n|move|p2b: Tornadus|Bleakwind Storm|p1b: Sandy Shocks|[spread] \n|-activate|p1a: He angy|move: Protect\n|-activate|p1b: Sandy Shocks|move: Protect\n|move|p2a: Typhlosion|Heat Wave|p1b: Sandy Shocks|[spread] \n|-activate|p1a: He angy|move: Protect\n|-activate|p1b: Sandy Shocks|move: Protect\n|\n|-weather|SunnyDay|[upkeep]\n|-heal|p1a: He angy|99\/100|[from] item: Leftovers\n|-sideend|p2: FuratBang|move: Tailwind\n|upkeep\n|turn|14\n|\n|t:|1700258162\n|switch|p2b: Ogerpon|Ogerpon-Wellspring, L50, F|100\/100\n|move|p2a: Typhlosion|Protect|p2a: Typhlosion\n|-singleturn|p2a: Typhlosion|Protect\n|move|p1b: Sandy Shocks|Thunderbolt|p2b: Ogerpon\n|-damage|p2b: Ogerpon|46\/100\n|move|p1a: He angy|Rage Fist|p2a: Typhlosion\n|-activate|p2a: Typhlosion|move: Protect\n|\n|-weather|SunnyDay|[upkeep]\n|-heal|p1a: He angy|100\/100|[from] item: Leftovers\n|-sideend|p1: Jstardude|move: Aurora Veil\n|upkeep\n|turn|15\n|j| Camodude27\n|\n|t:|1700258252\n|move|p2b: Ogerpon|Spiky Shield|p2b: Ogerpon\n|-singleturn|p2b: Ogerpon|move: Protect\n|move|p1b: Sandy Shocks|Thunderbolt|p2b: Ogerpon\n|-activate|p2b: Ogerpon|move: Protect\n|move|p2a: Typhlosion|Shadow Ball|p1b: Sandy Shocks\n|-damage|p1b: Sandy Shocks|5\/100\n|move|p1a: He angy|Rage Fist|p2a: Typhlosion\n|-damage|p2a: Typhlosion|0 fnt\n|faint|p2a: Typhlosion\n|\n|-weather|SunnyDay|[upkeep]\n|upkeep\n|c|\u2606Jstardude|gg\n|\n|t:|1700258264\n|switch|p2a: Tornadus|Tornadus-Therian, L50, M, tera:Fire|83\/100\n|turn|16\n|\n|t:|1700258300\n|move|p2b: Ogerpon|Spiky Shield||[still]\n|-fail|p2b: Ogerpon\n|move|p1b: Sandy Shocks|Earth Power|p2a: Tornadus\n|-supereffective|p2a: Tornadus\n|-damage|p2a: Tornadus|0 fnt\n|faint|p2a: Tornadus\n|move|p1a: He angy|Rage Fist|p2b: Ogerpon\n|-damage|p2b: Ogerpon|0 fnt\n|faint|p2b: Ogerpon\n|\n|win|Jstardude\n|c|&|\/uhtml prompt-jstardude,Jstardude is ready for game 2!\n|inactive|FuratBang has 50 seconds to confirm battle start!\n|c|\u2606FuratBang|gg\n|l| jayballester\n|c|&|\/uhtml prompt-furatbang,FuratBang is ready for game 2!\nBoth players are ready! Starting next match!\n|l| ryanotest1\n|l| smsy5\n|l| jamesdaltonbell\n|l| Camodude27\n|j| 5 min turns zzz\n|l|5minturnszzz\n","uploadtime":1700258323,"views":70,"p1id":"jstardude","p2id":"furatbang","formatid":"gen9vgc2023regulatione","rating":0,"private":0,"password":""}