{"id":"gen9vgc2023regulatione-1997418681","p1":"made of bliss","p2":"KnighLt","format":"[Gen 9] VGC 2023 Regulation E","log":"|j|\u2606made of bliss\n|j|\u2606KnighLt\n|t:|1700802051\n|gametype|doubles\n|player|p1|made of bliss|clair|\n|player|p2|KnighLt|supernerd|\n|teamsize|p1|6\n|teamsize|p2|6\n|gen|9\n|tier|[Gen 9] VGC 2023 Regulation E\n|rated|Tournament battle\n|rule|Species Clause: Limit one of each Pok\u00e9mon\n|rule|Item Clause: Limit one of each item\n|clearpoke\n|poke|p1|Glimmora, L50, M|\n|poke|p1|Gholdengo, L50|\n|poke|p1|Chien-Pao, L50|\n|poke|p1|Dragonite, L50, M|\n|poke|p1|Dondozo, L50, F|\n|poke|p1|Tatsugiri, L50, F|\n|poke|p2|Zapdos, L50|\n|poke|p2|Pelipper, L50, F|\n|poke|p2|Moltres-Galar, L50|\n|poke|p2|Basculegion, L50, M|\n|poke|p2|Goodra-Hisui, L50, F|\n|poke|p2|Landorus-Therian, L50, M|\n|teampreview|4\n|showteam|p1|Glimmora||AirBalloon|ToxicDebris|SpikyShield,SludgeBomb,EnergyBall,EarthPower|||M|||50|,,,,,Water]Gholdengo||ChoiceScarf|GoodasGold|MakeItRain,ShadowBall,NastyPlot,Trick||||||50|,,,,,Steel]Chien-Pao||FocusSash|SwordofRuin|Protect,SuckerPunch,IceSpinner,LashOut||||||50|,,,,,Ghost]Dragonite||AssaultVest|InnerFocus|ExtremeSpeed,AerialAce,StompingTantrum,BrickBreak|||M|||50|,,,,,Normal]Dondozo||Leftovers|Unaware|Protect,OrderUp,WaveCrash,Rest|||F|||50|,,,,,Fairy]Tatsugiri||AbilityShield|Commander|Protect,DracoMeteor,MuddyWater,IcyWind|||F|||50|,,,,,Steel\n|showteam|p2|Zapdos||LifeOrb|Static|Thunder,Hurricane,WeatherBall,Protect||||||50|,,,,,Water]Pelipper||DampRock|Drizzle|Hurricane,WeatherBall,HelpingHand,Protect|||F|||50|,,,,,Ground]Moltres-Galar||ChoiceSpecs|Berserk|FieryWrath,DarkPulse,SuckerPunch,Hurricane||||||50|,,,,,Dark]Basculegion||ChoiceBand|SwiftSwim|WaveCrash,AquaJet,LastRespects,Outrage|||M|||50|,,,,,Dragon]Goodra-Hisui||Leftovers|ShellArmor|BodyPress,HeavySlam,AcidArmor,Protect|||F|||50|,,,,,Water]Landorus-Therian||ChoiceScarf|Intimidate|TeraBlast,StompingTantrum,RockSlide,Uturn|||M|||50|,,,,,Flying\n|inactive|Battle timer is ON: inactive players will automatically lose when time's up. (requested by made of bliss)\n|c|\u2606KnighLt|glhf\n|j|%Radio Free C-Side\n|j| casper6_14\n|c|\u2606made of bliss|hf\n|c|\u2606KnighLt|Oof, I don't like this matchup at all lol\n|inactive|made of bliss has 60 seconds left.\n|inactive|KnighLt has 60 seconds left.\n|c|\u2606made of bliss|this is either gonna go really well or horribly wrong\n|inactive|KnighLt has 30 seconds left.\n|c|\u2606made of bliss|let's see which one it is\n|inactive|KnighLt has 20 seconds left.\n|\n|t:|1700802121\n|start\n|switch|p1a: Glimmora|Glimmora, L50, M|100\/100\n|switch|p1b: Chien-Pao|Chien-Pao, L50|100\/100\n|switch|p2a: Mr. Jowls|Pelipper, L50, F|100\/100\n|switch|p2b: Sparky|Zapdos, L50|100\/100\n|-ability|p1b: Chien-Pao|Sword of Ruin\n|-item|p1a: Glimmora|Air Balloon\n|-weather|RainDance|[from] ability: Drizzle|[of] p2a: Mr. Jowls\n|turn|1\n|inactive|made of bliss has 30 seconds left.\n|inactive|KnighLt has 30 seconds left.\n|c|\u2606KnighLt|Huh, that's not the lead I was expecting\n|inactive|KnighLt has 20 seconds left.\n|inactive|KnighLt has 15 seconds left.\n|inactive|KnighLt has 10 seconds left.\n|inactive|KnighLt has 5 seconds left.\n|\n|t:|1700802172\n|-terastallize|p2b: Sparky|Water\n|move|p1a: Glimmora|Spiky Shield|p1a: Glimmora\n|-singleturn|p1a: Glimmora|move: Protect\n|move|p1b: Chien-Pao|Ice Spinner|p2b: Sparky\n|-resisted|p2b: Sparky\n|-damage|p2b: Sparky|77\/100\n|move|p2b: Sparky|Thunder|p1b: Chien-Pao\n|-enditem|p1b: Chien-Pao|Focus Sash\n|-damage|p1b: Chien-Pao|1\/100\n|-damage|p2b: Sparky|68\/100|[from] item: Life Orb\n|move|p2a: Mr. Jowls|Weather Ball|p1a: Glimmora\n|-activate|p1a: Glimmora|move: Protect\n|\n|-weather|RainDance|[upkeep]\n|upkeep\n|turn|2\n|inactive|made of bliss has 30 seconds left.\n|inactive|KnighLt has 30 seconds left.\n|\n|t:|1700802207\n|move|p1b: Chien-Pao|Lash Out|p2b: Sparky\n|-damage|p2b: Sparky|21\/100\n|move|p1a: Glimmora|Sludge Bomb|p2b: Sparky\n|-damage|p2b: Sparky|0 fnt\n|faint|p2b: Sparky\n|move|p2a: Mr. Jowls|Weather Ball|p1a: Glimmora\n|-supereffective|p1a: Glimmora\n|-damage|p1a: Glimmora|0 fnt\n|-enditem|p1a: Glimmora|Air Balloon\n|faint|p1a: Glimmora\n|\n|-weather|RainDance|[upkeep]\n|upkeep\n|j| L0ST IN PARADISE\n|l| L0ST IN PARADISE\n|\n|t:|1700802228\n|switch|p1a: Dondozo|Dondozo, L50, F|100\/100\n|switch|p2b: Snailien|Goodra-Hisui, L50, F|100\/100\n|turn|3\n|\n|t:|1700802247\n|switch|p1b: Tatsugiri|Tatsugiri, L50, F|100\/100\n|-activate|p1b: Tatsugiri|ability: Commander|[of] p1a: Dondozo\n|-boost|p1a: Dondozo|atk|2\n|-boost|p1a: Dondozo|spa|2\n|-boost|p1a: Dondozo|spe|2\n|-boost|p1a: Dondozo|def|2\n|-boost|p1a: Dondozo|spd|2\n|move|p1a: Dondozo|Order Up|p2a: Mr. Jowls\n|-damage|p2a: Mr. Jowls|62\/100\n|-boost|p1a: Dondozo|atk|1\n|move|p2a: Mr. Jowls|Hurricane|p1b: Tatsugiri|[miss]\n|-miss|p2a: Mr. Jowls|p1b: Tatsugiri\n|move|p2b: Snailien|Acid Armor|p2b: Snailien\n|-boost|p2b: Snailien|def|2\n|\n|-weather|RainDance|[upkeep]\n|upkeep\n|turn|4\n|c|\u2606KnighLt|Here comes the real test\n|\n|t:|1700802266\n|move|p1a: Dondozo|Order Up|p2a: Mr. Jowls\n|-damage|p2a: Mr. Jowls|10\/100\n|-boost|p1a: Dondozo|atk|1\n|move|p2a: Mr. Jowls|Hurricane|p1a: Dondozo\n|-damage|p1a: Dondozo|81\/100\n|move|p2b: Snailien|Acid Armor|p2b: Snailien\n|-boost|p2b: Snailien|def|2\n|\n|-weather|RainDance|[upkeep]\n|-heal|p1a: Dondozo|88\/100|[from] item: Leftovers\n|upkeep\n|turn|5\n|\n|t:|1700802286\n|move|p2a: Mr. Jowls|Helping Hand|p2b: Snailien\n|-singleturn|p2b: Snailien|Helping Hand|[of] p2a: Mr. Jowls\n|move|p1a: Dondozo|Protect|p1a: Dondozo\n|-singleturn|p1a: Dondozo|Protect\n|move|p2b: Snailien|Body Press|p1a: Dondozo\n|-activate|p1a: Dondozo|move: Protect\n|\n|-weather|RainDance|[upkeep]\n|-heal|p1a: Dondozo|94\/100|[from] item: Leftovers\n|upkeep\n|turn|6\n|\n|t:|1700802298\n|move|p2a: Mr. Jowls|Helping Hand|p2b: Snailien\n|-singleturn|p2b: Snailien|Helping Hand|[of] p2a: Mr. Jowls\n|move|p1a: Dondozo|Order Up|p2b: Snailien\n|-damage|p2b: Snailien|63\/100\n|-boost|p1a: Dondozo|atk|1\n|move|p2b: Snailien|Body Press|p1a: Dondozo\n|-damage|p1a: Dondozo|82\/100\n|\n|-weather|RainDance|[upkeep]\n|-heal|p1a: Dondozo|89\/100|[from] item: Leftovers\n|-heal|p2b: Snailien|69\/100|[from] item: Leftovers\n|upkeep\n|turn|7\n|j| Tempest brute\n|c|\u2606KnighLt|What\n|j| Flarefox_7\n|c|\u2606made of bliss|!dt unaware\n|raw|<ul class=\"utilichart\"><li class=\"result\"><span class=\"col namecol\"><a href=\"https:\/\/dex.pokemonshowdown.com\/abilities\/unaware\">Unaware<\/a><\/span> <span class=\"col abilitydesccol\">This Pokemon ignores other Pokemon's stat stages when taking or doing damage.<\/span> <\/li><li style=\"clear:both\"><\/li><\/ul>\n|raw|<font size=\"1\"><font color=\"#686868\">Gen:<\/font> 4&nbsp;|&ThickSpace;&#10003; Ignored by Mold Breaker<\/font>\n\n|c|\u2606KnighLt|I'm an idiot lol\n|inactive|made of bliss has 30 seconds left.\n|inactive|KnighLt has 30 seconds left.\n|c|\u2606made of bliss|you have been dondecieved\n|inactive|made of bliss has 20 seconds left.\n|inactive|KnighLt has 20 seconds left.\n|c| Flarefox_7|lmao\n|c|\u2606KnighLt|I think i just threw\n|inactive|KnighLt has 15 seconds left.\n|c|\u2606KnighLt|the whole game\n|c| Tempest brute|plot twist\n|inactive|KnighLt has 10 seconds left.\n|\n|t:|1700802348\n|move|p2b: Snailien|Protect|p2b: Snailien\n|-singleturn|p2b: Snailien|Protect\n|move|p1a: Dondozo|Order Up|p2b: Snailien\n|-activate|p2b: Snailien|move: Protect\n|move|p2a: Mr. Jowls|Hurricane|p1a: Dondozo\n|-damage|p1a: Dondozo|72\/100\n|\n|-weather|RainDance|[upkeep]\n|-heal|p1a: Dondozo|78\/100|[from] item: Leftovers\n|-heal|p2b: Snailien|75\/100|[from] item: Leftovers\n|upkeep\n|turn|8\n|c| casper6_14|dondozo is such a perfect pok\u00e9mon to have unaware as an ability \ud83e\udd23\n|c|\u2606KnighLt|I need confusion\n|\n|t:|1700802373\n|move|p1a: Dondozo|Order Up|p2a: Mr. Jowls\n|-damage|p2a: Mr. Jowls|0 fnt\n|faint|p2a: Mr. Jowls\n|-boost|p1a: Dondozo|atk|1\n|move|p2b: Snailien|Body Press|p1a: Dondozo\n|-damage|p1a: Dondozo|70\/100\n|\n|-weather|none\n|-heal|p1a: Dondozo|77\/100|[from] item: Leftovers\n|-heal|p2b: Snailien|81\/100|[from] item: Leftovers\n|upkeep\n|c| Flarefox_7|it has unaware and oblivious like why are they bullying it :<\n|\n|t:|1700802394\n|switch|p2a: Fang Feesh|Basculegion, L50, M|100\/100\n|turn|9\n|c|\u2606KnighLt|Pretty sure that's gg\n|c| casper6_14|sneak dissin bozo\n|\n|t:|1700802405\n|move|p1a: Dondozo|Protect|p1a: Dondozo\n|-singleturn|p1a: Dondozo|Protect\n|move|p2a: Fang Feesh|Last Respects|p1a: Dondozo\n|-activate|p1a: Dondozo|move: Protect\n|move|p2b: Snailien|Body Press|p1a: Dondozo\n|-activate|p1a: Dondozo|move: Protect\n|\n|-heal|p1a: Dondozo|83\/100|[from] item: Leftovers\n|-heal|p2b: Snailien|88\/100|[from] item: Leftovers\n|upkeep\n|turn|10\n|c| casper6_14|dozo*\n|\n|t:|1700802429\n|move|p1a: Dondozo|Order Up|p2a: Fang Feesh\n|-damage|p2a: Fang Feesh|12\/100\n|-boost|p1a: Dondozo|atk|0\n|move|p2a: Fang Feesh|Last Respects|p1a: Dondozo\n|-damage|p1a: Dondozo|47\/100\n|move|p2b: Snailien|Body Press|p1a: Dondozo\n|-damage|p1a: Dondozo|39\/100\n|\n|-heal|p1a: Dondozo|45\/100|[from] item: Leftovers\n|-heal|p2b: Snailien|94\/100|[from] item: Leftovers\n|upkeep\n|turn|11\n|c|\u2606KnighLt|lol that did less than half?\n|c|\u2606made of bliss|i have a lot of bulk\n|inactive|KnighLt has 30 seconds left.\n|\n|t:|1700802461\n|move|p1a: Dondozo|Order Up|p2a: Fang Feesh\n|-damage|p2a: Fang Feesh|0 fnt\n|faint|p2a: Fang Feesh\n|-boost|p1a: Dondozo|atk|0\n|move|p2b: Snailien|Body Press|p1a: Dondozo\n|-damage|p1a: Dondozo|38\/100\n|\n|-heal|p1a: Dondozo|44\/100|[from] item: Leftovers\n|-heal|p2b: Snailien|99\/100|[from] item: Leftovers\n|upkeep\n|turn|12\n|c|\u2606made of bliss|order up would've been doing more otherwise\n|c|\u2606KnighLt|Ah, well, let's see how long I can survive I guess\n|\n|t:|1700802477\n|move|p1a: Dondozo|Order Up|p2b: Snailien\n|-damage|p2b: Snailien|46\/100\n|-boost|p1a: Dondozo|atk|0\n|move|p2b: Snailien|Body Press|p1a: Dondozo\n|-damage|p1a: Dondozo|37\/100\n|\n|-heal|p1a: Dondozo|43\/100|[from] item: Leftovers\n|-heal|p2b: Snailien|52\/100|[from] item: Leftovers\n|upkeep\n|turn|13\n|\n|t:|1700802487\n|move|p1a: Dondozo|Order Up|p2b: Snailien\n|-damage|p2b: Snailien|2\/100\n|-boost|p1a: Dondozo|atk|0\n|move|p2b: Snailien|Body Press|p1a: Dondozo\n|-damage|p1a: Dondozo|35\/100\n|\n|-heal|p1a: Dondozo|42\/100|[from] item: Leftovers\n|-heal|p2b: Snailien|8\/100|[from] item: Leftovers\n|upkeep\n|turn|14\n|c|\u2606KnighLt|gg\n|c|\u2606made of bliss|gg\n|\n|t:|1700802499\n|-terastallize|p1a: Dondozo|Fairy\n|move|p1a: Dondozo|Wave Crash|p2b: Snailien\n|-resisted|p2b: Snailien\n|-damage|p2b: Snailien|0 fnt\n|faint|p2b: Snailien\n|-damage|p1a: Dondozo|40\/100|[from] Recoil\n|\n|win|made of bliss\n|n|\u2606made of bliss|madeofbliss\n|n|\u2606KnighLt|knighlt\n|n| Radio Free C-Side|radiofreecside\n|n| casper6_14|casper614\n|n| Tempest brute|tempestbrute\n|n| Flarefox_7|flarefox7\n","uploadtime":1700802500,"views":4,"p1id":"madeofbliss","p2id":"knighlt","formatid":"gen9vgc2023regulatione","rating":0,"private":0,"password":""}