{"id":"gen9vgc2023regulatione-1997426866","p1":"Toedscool4school","p2":"Big_Buffet_Boi87","format":"[Gen 9] VGC 2023 Regulation E","log":"|j|\u2606Toedscool4school\n|j|\u2606Big_Buffet_Boi87\n|t:|1700803340\n|gametype|doubles\n|player|p1|Toedscool4school|sada-ai|1512\n|player|p2|Big_Buffet_Boi87|266|1461\n|teamsize|p1|6\n|teamsize|p2|6\n|gen|9\n|tier|[Gen 9] VGC 2023 Regulation E\n|rated|\n|rule|Species Clause: Limit one of each Pok\u00e9mon\n|rule|Item Clause: Limit one of each item\n|clearpoke\n|poke|p1|Staraptor, L50, M|\n|poke|p1|Oranguru, L50, F|\n|poke|p1|Snorlax, L50, M|\n|poke|p1|Maushold, L50|\n|poke|p1|Ursaluna-Bloodmoon, L50, M|\n|poke|p1|Dragonite, L50, F|\n|poke|p2|Iron Hands, L50|\n|poke|p2|Gothitelle, L50, F|\n|poke|p2|Flutter Mane, L50|\n|poke|p2|Palafin, L50, M|\n|poke|p2|Ting-Lu, L50|\n|poke|p2|Cresselia, L50, F|\n|teampreview|4\n|inactive|Battle timer is ON: inactive players will automatically lose when time's up. (requested by Big_Buffet_Boi87)\nToedscool4school has agreed to open team sheets.\n|inactive|Toedscool4school has 60 seconds left.\n|\n|t:|1700803388\n|start\n|switch|p1a: Staraptor|Staraptor, L50, M|100\/100\n|switch|p1b: A MONKEY|Oranguru, L50, F|100\/100\n|switch|p2a: Palafin|Palafin, L50, M|100\/100\n|switch|p2b: Flutter Mane|Flutter Mane, L50, shiny|100\/100\n|-ability|p1a: Staraptor|Intimidate|boost\n|-unboost|p2a: Palafin|atk|1\n|-unboost|p2b: Flutter Mane|atk|1\n|-enditem|p2b: Flutter Mane|Booster Energy\n|-activate|p2b: Flutter Mane|ability: Protosynthesis|[fromitem]\n|-start|p2b: Flutter Mane|protosynthesisspa\n|turn|1\n|\n|t:|1700803405\n|detailschange|p2a: Palafin|Palafin-Hero, L50, M\n|switch|p2a: Gothitelle|Gothitelle, L50, F|100\/100\n|move|p1a: Staraptor|Final Gambit|p2a: Gothitelle\n|-damage|p2a: Gothitelle|0 fnt\n|faint|p1a: Staraptor\n|faint|p2a: Gothitelle\n|move|p2b: Flutter Mane|Perish Song|p2b: Flutter Mane\n|-start|p1b: A MONKEY|perish3|[silent]\n|-start|p2b: Flutter Mane|perish3|[silent]\n|-fieldactivate|move: Perish Song\n|move|p1b: A MONKEY|Trick Room|p1b: A MONKEY\n|-fieldstart|move: Trick Room|[of] p1b: A MONKEY\n|\n|-start|p1b: A MONKEY|perish3\n|-start|p2b: Flutter Mane|perish3\n|upkeep\n|\n|t:|1700803415\n|switch|p2a: Iron Hands|Iron Hands, L50|100\/100\n|switch|p1a: Ursaluna|Ursaluna-Bloodmoon, L50, M|100\/100\n|turn|2\n|\n|t:|1700803435\n|switch|p1b: Snorlax|Snorlax, L50, M|100\/100\n|move|p1a: Ursaluna|Protect|p1a: Ursaluna\n|-singleturn|p1a: Ursaluna|Protect\n|move|p2a: Iron Hands|Fake Out|p1a: Ursaluna\n|-activate|p1a: Ursaluna|move: Protect\n|move|p2b: Flutter Mane|Moonblast|p1a: Ursaluna\n|-activate|p1a: Ursaluna|move: Protect\n|\n|-start|p2b: Flutter Mane|perish2\n|upkeep\n|turn|3\n|inactive|Toedscool4school has 30 seconds left.\n|\n|t:|1700803469\n|move|p1b: Snorlax|Belly Drum|p1b: Snorlax\n|-damage|p1b: Snorlax|50\/100\n|-setboost|p1b: Snorlax|atk|6|[from] move: Belly Drum\n|move|p2a: Iron Hands|Drain Punch|p1a: Ursaluna\n|-supereffective|p1a: Ursaluna\n|-damage|p1a: Ursaluna|34\/100\n|move|p1a: Ursaluna|Hyper Voice|p2a: Iron Hands|[spread] p2a,p2b\n|-damage|p2a: Iron Hands|79\/100\n|-damage|p2b: Flutter Mane|59\/100\n|-enditem|p1a: Ursaluna|Throat Spray\n|-boost|p1a: Ursaluna|spa|1|[from] item: Throat Spray\n|move|p2b: Flutter Mane|Moonblast|p1a: Ursaluna\n|-damage|p1a: Ursaluna|0 fnt\n|faint|p1a: Ursaluna\n|\n|-start|p2b: Flutter Mane|perish1\n|upkeep\n|\n|t:|1700803481\n|switch|p1a: A MONKEY|Oranguru, L50, F|100\/100\n|turn|4\n|-enditem|p1b: Snorlax|Custap Berry|[eat]\n|-activate|p1b: Snorlax|item: Custap Berry|[consumed]\n|\n|t:|1700803498\n|move|p1b: Snorlax|High Horsepower|p2a: Iron Hands\n|-supereffective|p2a: Iron Hands\n|-damage|p2a: Iron Hands|0 fnt\n|faint|p2a: Iron Hands\n|-end|p2a: Iron Hands|Quark Drive|[silent]\n|move|p1a: A MONKEY|Instruct|p1b: Snorlax\n|-singleturn|p1b: Snorlax|move: Instruct|[of] p1a: A MONKEY\n|move|p1b: Snorlax|High Horsepower|p2b: Flutter Mane\n|-damage|p2b: Flutter Mane|0 fnt\n|faint|p2b: Flutter Mane\n|-end|p2b: Flutter Mane|Protosynthesis|[silent]\n|\n|upkeep\n|\n|t:|1700803510\n|switch|p2a: Palafin|Palafin-Hero, L50, M|100\/100\n|-activate|p2a: Palafin|ability: Zero to Hero\n|turn|5\n|\n|t:|1700803517\n|-terastallize|p1b: Snorlax|Water\n|-terastallize|p2a: Palafin|Water\n|move|p2a: Palafin|Jet Punch|p1b: Snorlax\n|-resisted|p1b: Snorlax\n|-damage|p1b: Snorlax|21\/100\n|move|p1b: Snorlax|Facade|p2a: Palafin\n|-damage|p2a: Palafin|0 fnt\n|faint|p2a: Palafin\n|\n|win|Toedscool4school\n|raw|Toedscool4school's rating: 1512 &rarr; <strong>1529<\/strong><br \/>(+17 for winning)\n|raw|Big_Buffet_Boi87's rating: 1461 &rarr; <strong>1444<\/strong><br \/>(-17 for losing)\n|l|\u2606Big_Buffet_Boi87\n","uploadtime":1700803527,"views":4,"p1id":"toedscool4school","p2id":"bigbuffetboi87","formatid":"gen9vgc2023regulatione","rating":1444,"private":0,"password":""}