{"id":"gen9vgc2023regulatione-1998577271","p1":"KingA3","p2":"chef4444","format":"[Gen 9] VGC 2023 Regulation E","log":"|j|\u2606KingA3\n|j|\u2606chef4444\n|t:|1700958517\n|gametype|doubles\n|player|p1|KingA3|266|1225\n|player|p2|chef4444|psychic-gen4|1233\n|teamsize|p1|6\n|teamsize|p2|6\n|gen|9\n|tier|[Gen 9] VGC 2023 Regulation E\n|rated|\n|rule|Species Clause: Limit one of each Pok\u00e9mon\n|rule|Item Clause: Limit one of each item\n|clearpoke\n|poke|p1|Indeedee-F, L50, F|\n|poke|p1|Armarouge, L50, M|\n|poke|p1|Ursaluna, L50, F|\n|poke|p1|Urshifu-*, L50, M|\n|poke|p1|Torkoal, L50, M|\n|poke|p1|Iron Hands, L50|\n|poke|p2|Meowscarada, L50, M|\n|poke|p2|Tornadus, L50, M|\n|poke|p2|Charjabug, L50, M|\n|poke|p2|Ursaluna-Bloodmoon, L50, M|\n|poke|p2|Golduck, L50, M|\n|poke|p2|Indeedee-F, L50, F|\n|teampreview|4\n|\n|t:|1700958535\n|start\n|switch|p1a: Urshifu|Urshifu, L50, M|100\/100\n|switch|p1b: Iron Hands|Iron Hands, L50|100\/100\n|switch|p2a: Golduck|Golduck, L50, M|100\/100\n|switch|p2b: Charjabug|Charjabug, L50, M, shiny|100\/100\n|-ability|p2a: Golduck|Cloud Nine\n|turn|1\n|inactive|Battle timer is ON: inactive players will automatically lose when time's up. (requested by KingA3)\n|\n|t:|1700958554\n|switch|p2b: Ursaluna|Ursaluna-Bloodmoon, L50, M|100\/100\n|-terastallize|p1a: Urshifu|Dark\n|move|p1b: Iron Hands|Fake Out|p2b: Ursaluna\n|-damage|p2b: Ursaluna|89\/100\n|move|p1a: Urshifu|Wicked Blow|p2a: Golduck\n|-crit|p2a: Golduck\n|-damage|p2a: Golduck|4\/100\n|-enditem|p2a: Golduck|Wiki Berry|[eat]\n|-heal|p2a: Golduck|37\/100|[from] item: Wiki Berry\n|move|p2a: Golduck|Simple Beam|p2b: Ursaluna\n|-endability|p2b: Ursaluna|Mind's Eye|[from] move: Simple Beam\n|-ability|p2b: Ursaluna|Simple|[from] move: Simple Beam\n|\n|upkeep\n|turn|2\n|inactive|KingA3 has 30 seconds left.\n|\n|t:|1700958579\n|move|p1a: Urshifu|Wicked Blow|p2b: Ursaluna\n|-crit|p2b: Ursaluna\n|-damage|p2b: Ursaluna|27\/100\n|move|p2a: Golduck|Disable|p1a: Urshifu\n|-start|p1a: Urshifu|Disable|Wicked Blow\n|move|p2b: Ursaluna|Calm Mind|p2b: Ursaluna\n|-boost|p2b: Ursaluna|spa|2\n|-boost|p2b: Ursaluna|spd|2\n|move|p1b: Iron Hands|Drain Punch|p2a: Golduck\n|-damage|p2a: Golduck|0 fnt\n|faint|p2a: Golduck\n|\n|upkeep\n|\n|t:|1700958591\n|switch|p2a: Indeedee|Indeedee-F, L50, F|100\/100\n|-fieldstart|move: Psychic Terrain|[from] ability: Psychic Surge|[of] p2a: Indeedee\n|-enditem|p2a: Indeedee|Psychic Seed\n|-boost|p2a: Indeedee|spd|1|[from] item: Psychic Seed\n|turn|3\n|\n|t:|1700958607\n|switch|p1a: Armarouge|Armarouge, L50, M|100\/100\n|move|p2b: Ursaluna|Protect|p2b: Ursaluna\n|-singleturn|p2b: Ursaluna|Protect\n|move|p1b: Iron Hands|Drain Punch|p2b: Ursaluna\n|-activate|p2b: Ursaluna|move: Protect\n|move|p2a: Indeedee|Trick Room|p2a: Indeedee\n|-fieldstart|move: Trick Room|[of] p2a: Indeedee\n|\n|upkeep\n|turn|4\n|\n|t:|1700958622\n|move|p1b: Iron Hands|Drain Punch|p2b: Ursaluna\n|-supereffective|p2b: Ursaluna\n|-damage|p2b: Ursaluna|0 fnt\n|faint|p2b: Ursaluna\n|move|p1a: Armarouge|Expanding Force|p2a: Indeedee\n|-resisted|p2a: Indeedee\n|-damage|p2a: Indeedee|77\/100\n|move|p2a: Indeedee|Heal Pulse|p2: Ursaluna|[notarget]\n|-fail|p2a: Indeedee\n|\n|upkeep\n|\n|t:|1700958627\n|switch|p2b: Charjabug|Charjabug, L50, M, shiny|100\/100\n|turn|5\n|\n|t:|1700958635\n|move|p2b: Charjabug|Lunge|p1a: Armarouge\n|-damage|p1a: Armarouge|79\/100\n|-unboost|p1a: Armarouge|atk|1\n|move|p1b: Iron Hands|Drain Punch|p2a: Indeedee\n|-crit|p2a: Indeedee\n|-damage|p2a: Indeedee|0 fnt\n|faint|p2a: Indeedee\n|move|p1a: Armarouge|Expanding Force|p2b: Charjabug\n|-damage|p2b: Charjabug|1\/100\n|\n|upkeep\n|turn|6\n|\n|t:|1700958650\n|move|p2b: Charjabug|Lunge|p1a: Armarouge\n|-damage|p1a: Armarouge|56\/100\n|-unboost|p1a: Armarouge|atk|1\n|move|p1b: Iron Hands|Drain Punch|p2b: Charjabug\n|-resisted|p2b: Charjabug\n|-damage|p2b: Charjabug|0 fnt\n|faint|p2b: Charjabug\n|\n|win|KingA3\n|raw|KingA3's rating: 1225 &rarr; <strong>1251<\/strong><br \/>(+26 for winning)\n|raw|chef4444's rating: 1233 &rarr; <strong>1207<\/strong><br \/>(-26 for losing)\n","uploadtime":1700958661,"views":4,"p1id":"kinga3","p2id":"chef4444","formatid":"gen9vgc2023regulatione","rating":1207,"private":0,"password":""}