{"id":"gen9vgc2023regulatione-1995638175","p1":"Elektrogod","p2":"Chien-Meow","format":"[Gen 9] VGC 2023 Regulation E","log":"|j|\u2606Elektrogod\n|j|\u2606Chien-Meow\n|n|\u2606Elektrogod|elektrogod\n|n|\u2606Chien-Meow|chienmeow\n|html|View the match progress at <a href=\"\/game-bestof3-gen9vgc2023regulatione-1995632778\">game-bestof3-gen9vgc2023regulatione-1995632778<\/a>\n|t:|1700589725\n|gametype|doubles\n|player|p1|Elektrogod|265|\n|player|p2|Chien-Meow|benga|\n|teamsize|p1|6\n|teamsize|p2|6\n|gen|9\n|tier|[Gen 9] VGC 2023 Regulation E\n|rule|Species Clause: Limit one of each Pok\u00e9mon\n|rule|Item Clause: Limit one of each item\n|clearpoke\n|poke|p1|Ninetales-Alola, L50, F|\n|poke|p1|Iron Bundle, L50|\n|poke|p1|Brute Bonnet, L50|\n|poke|p1|Iron Hands, L50|\n|poke|p1|Talonflame, L50, F|\n|poke|p1|Farigiraf, L50, F|\n|poke|p2|Dragapult, L50, F|\n|poke|p2|Meowscarada, L50, F|\n|poke|p2|Infernape, L50, F|\n|poke|p2|Clefable, L50, F|\n|poke|p2|Samurott-Hisui, L50, M|\n|poke|p2|Garganacl, L50, F|\n|teampreview|4\n|inactive|Battle timer is ON: inactive players will automatically lose when time's up. (requested by Elektrogod)\n|j| PlayingKlefki\n|\n|t:|1700589754\n|start\n|switch|p1a: Nezuko|Ninetales-Alola, L50, F, shiny|100\/100\n|switch|p1b: Diluc|Talonflame, L50, F, shiny|100\/100\n|switch|p2a: Chinesische Mauer|Garganacl, L50, F|100\/100\n|switch|p2b: Brandstifter|Infernape, L50, F|100\/100\n|-weather|Snow|[from] ability: Snow Warning|[of] p1a: Nezuko\n|turn|1\n|\n|t:|1700589779\n|switch|p1a: Yoimiya|Brute Bonnet, L50|100\/100\n|-terastallize|p2a: Chinesische Mauer|Poison\n|move|p2b: Brandstifter|Fake Out|p1a: Yoimiya\n|-damage|p1a: Yoimiya|92\/100\n|move|p1b: Diluc|Sunny Day|p1b: Diluc\n|-weather|SunnyDay\n|-activate|p1a: Yoimiya|ability: Protosynthesis\n|-start|p1a: Yoimiya|protosynthesisatk\n|move|p2a: Chinesische Mauer|Curse|p2a: Chinesische Mauer\n|-unboost|p2a: Chinesische Mauer|spe|1\n|-boost|p2a: Chinesische Mauer|atk|1\n|-boost|p2a: Chinesische Mauer|def|1\n|\n|-weather|SunnyDay|[upkeep]\n|-status|p2a: Chinesische Mauer|brn|[from] item: Flame Orb\n|upkeep\n|turn|2\n|inactive|Elektrogod has 30 seconds left.\n|inactive|Chien-Meow has 30 seconds left.\n|inactive|Elektrogod has 20 seconds left.\n|inactive|Elektrogod has 15 seconds left.\n|inactive|Chien-Meow has 20 seconds left.\n|inactive|Elektrogod has 10 seconds left.\n|inactive|Chien-Meow has 15 seconds left.\n|\n|t:|1700589828\n|move|p1b: Diluc|Tailwind|p1b: Diluc\n|-sidestart|p1: Elektrogod|move: Tailwind\n|move|p2b: Brandstifter|Flare Blitz|p1a: Yoimiya\n|-supereffective|p1a: Yoimiya\n|-damage|p1a: Yoimiya|0 fnt\n|faint|p1a: Yoimiya\n|-end|p1a: Yoimiya|Protosynthesis|[silent]\n|-damage|p2b: Brandstifter|67\/100|[from] Recoil\n|move|p2a: Chinesische Mauer|Salt Cure|p1b: Diluc\n|-supereffective|p1b: Diluc\n|-damage|p1b: Diluc|50\/100\n|-start|p1b: Diluc|Salt Cure\n|\n|-weather|SunnyDay|[upkeep]\n|-damage|p2a: Chinesische Mauer|95\/100 brn|[from] brn\n|-damage|p1b: Diluc|38\/100|[from] Salt Cure\n|upkeep\n|j| Leon Karmae\n|\n|t:|1700589845\n|switch|p1a: Nezuko|Ninetales-Alola, L50, F, shiny|100\/100\n|-weather|Snow|[from] ability: Snow Warning|[of] p1a: Nezuko\n|turn|3\n|c| PlayingKlefki|Chef ist hier xD\n|c| Leon Karmae|Na ihr Luschen \ud83d\ude02\n|inactive|Elektrogod has 30 seconds left.\n|\n|t:|1700589874\n|switch|p2b: Kitkatze|Meowscarada, L50, F|100\/100\n|-terastallize|p1a: Nezuko|Fairy\n|move|p1b: Diluc|Taunt|p2b: Kitkatze\n|-start|p2b: Kitkatze|move: Taunt\n|move|p1a: Nezuko|Aurora Veil|p1a: Nezuko\n|-sidestart|p1: Elektrogod|move: Aurora Veil\n|move|p2a: Chinesische Mauer|Curse|p2a: Chinesische Mauer\n|-unboost|p2a: Chinesische Mauer|spe|1\n|-boost|p2a: Chinesische Mauer|atk|1\n|-boost|p2a: Chinesische Mauer|def|1\n|\n|-weather|Snow|[upkeep]\n|-damage|p2a: Chinesische Mauer|89\/100 brn|[from] brn\n|-damage|p1b: Diluc|25\/100|[from] Salt Cure\n|upkeep\n|turn|4\n|j| Cpt. Niveau\n|inactive|Chien-Meow has 30 seconds left.\n|inactive|Chien-Meow has 20 seconds left.\n|inactive|Chien-Meow has 15 seconds left.\n|inactive|Chien-Meow has 10 seconds left.\n|\n|t:|1700589920\n|move|p1b: Diluc|Will-O-Wisp|p2b: Kitkatze\n|-status|p2b: Kitkatze|brn\n|move|p1a: Nezuko|Dazzling Gleam|p2b: Kitkatze|[spread] p2a,p2b\n|-resisted|p2a: Chinesische Mauer\n|-supereffective|p2b: Kitkatze\n|-damage|p2a: Chinesische Mauer|76\/100 brn\n|-damage|p2b: Kitkatze|0 fnt\n|faint|p2b: Kitkatze\n|-damage|p1a: Nezuko|91\/100|[from] item: Life Orb\n|move|p2a: Chinesische Mauer|Facade|p1a: Nezuko\n|-damage|p1a: Nezuko|33\/100\n|\n|-weather|Snow|[upkeep]\n|-damage|p2a: Chinesische Mauer|70\/100 brn|[from] brn\n|-damage|p1b: Diluc|13\/100|[from] Salt Cure\n|upkeep\n|\n|t:|1700589935\n|switch|p2b: Brandstifter|Infernape, L50, F|67\/100\n|turn|5\n|\n|t:|1700589949\n|move|p2b: Brandstifter|Fake Out|p1b: Diluc\n|-damage|p1b: Diluc|4\/100\n|cant|p1b: Diluc|flinch\n|move|p1a: Nezuko|Dazzling Gleam|p2a: Chinesische Mauer|[spread] p2a,p2b\n|-resisted|p2a: Chinesische Mauer\n|-damage|p2a: Chinesische Mauer|58\/100 brn\n|-damage|p2b: Brandstifter|34\/100\n|-damage|p1a: Nezuko|23\/100|[from] item: Life Orb\n|move|p2a: Chinesische Mauer|Facade|p1a: Nezuko\n|-damage|p1a: Nezuko|0 fnt\n|faint|p1a: Nezuko\n|\n|-weather|Snow|[upkeep]\n|-damage|p2a: Chinesische Mauer|52\/100 brn|[from] brn\n|-damage|p1b: Diluc|0 fnt|[from] Salt Cure\n|faint|p1b: Diluc\n|-sideend|p1: Elektrogod|move: Tailwind\n|upkeep\n|\n|t:|1700589967\n|switch|p1a: Ayaka Kamisato|Iron Bundle, L50|100\/100\n|-enditem|p1a: Ayaka Kamisato|Booster Energy\n|-activate|p1a: Ayaka Kamisato|ability: Quark Drive|[fromitem]\n|-start|p1a: Ayaka Kamisato|quarkdrivespe\n|turn|6\n|\n|t:|1700589980\n|move|p2b: Brandstifter|Mach Punch|p1a: Ayaka Kamisato\n|-supereffective|p1a: Ayaka Kamisato\n|-damage|p1a: Ayaka Kamisato|80\/100\n|move|p1a: Ayaka Kamisato|Encore|p2b: Brandstifter\n|-start|p2b: Brandstifter|Encore\n|move|p2a: Chinesische Mauer|Salt Cure|p1a: Ayaka Kamisato\n|-supereffective|p1a: Ayaka Kamisato\n|-damage|p1a: Ayaka Kamisato|67\/100\n|-start|p1a: Ayaka Kamisato|Salt Cure\n|\n|-weather|Snow|[upkeep]\n|-damage|p2a: Chinesische Mauer|47\/100 brn|[from] brn\n|-damage|p1a: Ayaka Kamisato|42\/100|[from] Salt Cure\n|upkeep\n|turn|7\n|\n|t:|1700589993\n|move|p2b: Brandstifter|Mach Punch|p1a: Ayaka Kamisato\n|-supereffective|p1a: Ayaka Kamisato\n|-damage|p1a: Ayaka Kamisato|24\/100\n|move|p1a: Ayaka Kamisato|Freeze-Dry|p2a: Chinesische Mauer\n|-damage|p2a: Chinesische Mauer|23\/100 brn\n|move|p2a: Chinesische Mauer|Recover|p2a: Chinesische Mauer\n|-heal|p2a: Chinesische Mauer|73\/100 brn\n|\n|-weather|none\n|-damage|p2a: Chinesische Mauer|67\/100 brn|[from] brn\n|-damage|p1a: Ayaka Kamisato|0 fnt|[from] Salt Cure\n|faint|p1a: Ayaka Kamisato\n|-end|p1a: Ayaka Kamisato|Quark Drive|[silent]\n|\n|win|Chien-Meow\n|upkeep\n|c|&|\/uhtml prompt-elektrogod,Elektrogod is ready for game 3!\n|inactive|Chien-Meow has 50 seconds to confirm battle start!\n|c|&|\/uhtml prompt-chienmeow,Chien-Meow is ready for game 3!\nBoth players are ready! Starting next match!\n|l| Cpt. Niveau\n|j| Cpt. Niveau\n|l| Cpt. Niveau\n|c| Leon Karmae|Mit Encore selbst ausgedribbelt \ud83d\ude48\n|l| PlayingKlefki\n|l| Leon Karmae\n","uploadtime":1700590959,"views":2,"p1id":"elektrogod","p2id":"chienmeow","formatid":"gen9vgc2023regulatione","rating":0,"private":0,"password":""}