{"id":"gen9vgc2023regulatione-1994563181","p1":"superseriousboi","p2":"Echoes630","format":"[Gen 9] VGC 2023 Regulation E","log":"|j|\u2606superseriousboi\n|j|\u2606Echoes630\n|t:|1700460457\n|gametype|doubles\n|player|p1|superseriousboi|drayden|1313\n|player|p2|Echoes630|veteran|1352\n|teamsize|p1|6\n|teamsize|p2|6\n|gen|9\n|tier|[Gen 9] VGC 2023 Regulation E\n|rated|\n|rule|Species Clause: Limit one of each Pok\u00e9mon\n|rule|Item Clause: Limit one of each item\n|clearpoke\n|poke|p1|Ogerpon-Wellspring, L50, F|\n|poke|p1|Landorus-Therian, L50, M|\n|poke|p1|Heatran, L50, F|\n|poke|p1|Iron Hands, L50|\n|poke|p1|Kingambit, L50, F|\n|poke|p1|Flutter Mane, L50|\n|poke|p2|Politoed, L50, F|\n|poke|p2|Thundurus-Therian, L50, M|\n|poke|p2|Basculegion, L50, M|\n|poke|p2|Amoonguss, L50, F|\n|poke|p2|Dragonite, L50, F|\n|poke|p2|Kingambit, L50, F|\n|teampreview|4\n|\n|t:|1700460523\n|start\n|switch|p1a: Iron Hands|Iron Hands, L50|100\/100\n|switch|p1b: Ogerpon|Ogerpon-Wellspring, L50, F|100\/100\n|switch|p2a: nite nite|Dragonite, L50, F|100\/100\n|switch|p2b: Thundurus|Thundurus-Therian, L50, M|100\/100\n|turn|1\n|\n|t:|1700460556\n|-terastallize|p2a: nite nite|Fire\n|move|p1a: Iron Hands|Fake Out|p2b: Thundurus\n|-damage|p2b: Thundurus|86\/100\n|move|p1b: Ogerpon|Ivy Cudgel|p2b: Thundurus|[anim] Ivy Cudgel Water\n|-damage|p2b: Thundurus|27\/100\n|cant|p2b: Thundurus|flinch\n|move|p2a: nite nite|Stomping Tantrum|p1a: Iron Hands\n|-supereffective|p1a: Iron Hands\n|-damage|p1a: Iron Hands|55\/100\n|\n|upkeep\n|turn|2\n|\n|t:|1700460582\n|switch|p2b: Mr. Rager|Amoonguss, L50, F, shiny|100\/100\n|-end|p1a: Iron Hands|Quark Drive|[silent]\n|switch|p1a: Landorus|Landorus-Therian, L50, M|100\/100\n|-ability|p1a: Landorus|Intimidate|boost\n|-fail|p2a: nite nite|unboost|Attack|[from] ability: Inner Focus|[of] p2a: nite nite\n|-unboost|p2b: Mr. Rager|atk|1\n|move|p1b: Ogerpon|Spiky Shield|p1b: Ogerpon\n|-singleturn|p1b: Ogerpon|move: Protect\n|move|p2a: nite nite|Stomping Tantrum|p1a: Landorus\n|-immune|p1a: Landorus\n|\n|upkeep\n|turn|3\n|\n|t:|1700460634\n|switch|p2a: Thundurus|Thundurus-Therian, L50, M|27\/100\n|move|p1a: Landorus|U-turn|p2b: Mr. Rager\n|-damage|p2b: Mr. Rager|81\/100\n|-damage|p1a: Landorus|84\/100|[from] item: Rocky Helmet|[of] p2b: Mr. Rager\n|\n|t:|1700460641\n|switch|p1a: Iron Hands|Iron Hands, L50|55\/100|[from] U-turn\n|move|p1b: Ogerpon|Ivy Cudgel|p2a: Thundurus|[anim] Ivy Cudgel Water\n|-damage|p2a: Thundurus|0 fnt\n|faint|p2a: Thundurus\n|move|p2b: Mr. Rager|Pollen Puff|p2: Thundurus|[notarget]\n|-fail|p2b: Mr. Rager\n|\n|upkeep\n|\n|t:|1700460661\n|switch|p2a: nite nite|Dragonite, L50, F, tera:Fire|100\/100\n|turn|4\n|\n|t:|1700460680\n|move|p1a: Iron Hands|Fake Out|p2b: Mr. Rager\n|-damage|p2b: Mr. Rager|71\/100\n|-damage|p1a: Iron Hands|39\/100|[from] item: Rocky Helmet|[of] p2b: Mr. Rager\n|cant|p2b: Mr. Rager|flinch\n|move|p1b: Ogerpon|Ivy Cudgel|p2a: nite nite|[anim] Ivy Cudgel Water\n|-supereffective|p2a: nite nite\n|-damage|p2a: nite nite|8\/100\n|move|p2a: nite nite|Aerial Ace|p1b: Ogerpon\n|-supereffective|p1b: Ogerpon\n|-damage|p1b: Ogerpon|3\/100\n|\n|upkeep\n|turn|5\n|\n|t:|1700460718\n|switch|p2a: Politoed|Politoed, L50, F|100\/100\n|-weather|RainDance|[from] ability: Drizzle|[of] p2a: Politoed\n|-terastallize|p1a: Iron Hands|Grass\n|move|p1b: Ogerpon|Spiky Shield|p1b: Ogerpon\n|-singleturn|p1b: Ogerpon|move: Protect\n|move|p1a: Iron Hands|Drain Punch|p2a: Politoed\n|-damage|p2a: Politoed|70\/100\n|-heal|p1a: Iron Hands|50\/100|[from] drain|[of] p2a: Politoed\n|move|p2b: Mr. Rager|Pollen Puff|p1b: Ogerpon\n|-activate|p1b: Ogerpon|move: Protect\n|\n|-weather|RainDance|[upkeep]\n|-heal|p2a: Politoed|76\/100|[from] item: Leftovers\n|upkeep\n|turn|6\n|\n|t:|1700460756\n|move|p2a: Politoed|Protect|p2a: Politoed\n|-singleturn|p2a: Politoed|Protect\n|move|p1b: Ogerpon|Horn Leech|p2a: Politoed\n|-activate|p2a: Politoed|move: Protect\n|move|p1a: Iron Hands|Wild Charge|p2a: Politoed\n|-activate|p2a: Politoed|move: Protect\n|move|p2b: Mr. Rager|Pollen Puff|p1b: Ogerpon\n|-supereffective|p1b: Ogerpon\n|-damage|p1b: Ogerpon|0 fnt\n|faint|p1b: Ogerpon\n|\n|-weather|RainDance|[upkeep]\n|-heal|p2a: Politoed|82\/100|[from] item: Leftovers\n|upkeep\n|\n|t:|1700460773\n|switch|p1b: Landorus|Landorus-Therian, L50, M|84\/100\n|-ability|p1b: Landorus|Intimidate|boost\n|-unboost|p2a: Politoed|atk|1\n|-unboost|p2b: Mr. Rager|atk|1\n|turn|7\n|\n|t:|1700460800\n|move|p1b: Landorus|Rock Slide|p2b: Mr. Rager|[spread] p2a,p2b\n|-damage|p2a: Politoed|62\/100\n|-damage|p2b: Mr. Rager|54\/100\n|move|p2a: Politoed|Muddy Water|p1b: Landorus|[spread] p1a,p1b\n|-resisted|p1a: Iron Hands\n|-supereffective|p1b: Landorus\n|-damage|p1a: Iron Hands|40\/100\n|-damage|p1b: Landorus|11\/100\n|-unboost|p1b: Landorus|accuracy|1\n|move|p1a: Iron Hands|Wild Charge|p2a: Politoed\n|-supereffective|p2a: Politoed\n|-damage|p2a: Politoed|0 fnt\n|faint|p2a: Politoed\n|-damage|p1a: Iron Hands|28\/100|[from] Recoil\n|move|p2b: Mr. Rager|Pollen Puff|p1a: Iron Hands\n|-supereffective|p1a: Iron Hands\n|-damage|p1a: Iron Hands|7\/100\n|\n|-weather|RainDance|[upkeep]\n|upkeep\n|\n|t:|1700460809\n|switch|p2a: nite nite|Dragonite, L50, F, tera:Fire|8\/100\n|turn|8\n|\n|t:|1700460832\n|move|p2a: nite nite|Extreme Speed|p1b: Landorus\n|-damage|p1b: Landorus|0 fnt\n|faint|p1b: Landorus\n|move|p1a: Iron Hands|Drain Punch|p2a: nite nite\n|-damage|p2a: nite nite|0 fnt\n|-heal|p1a: Iron Hands|10\/100|[from] drain|[of] p2a: nite nite\n|faint|p2a: nite nite\n|move|p2b: Mr. Rager|Pollen Puff|p1a: Iron Hands\n|-supereffective|p1a: Iron Hands\n|-damage|p1a: Iron Hands|0 fnt\n|faint|p1a: Iron Hands\n|-end|p1a: Iron Hands|Quark Drive|[silent]\n|\n|-weather|RainDance|[upkeep]\n|upkeep\n|\n|t:|1700460848\n|switch|p1a: Flutter Mane|Flutter Mane, L50|100\/100\n|turn|9\n|\n|t:|1700460859\n|move|p1a: Flutter Mane|Shadow Ball|p2b: Mr. Rager\n|-damage|p2b: Mr. Rager|10\/100\n|move|p2b: Mr. Rager|Spore|p1a: Flutter Mane\n|-status|p1a: Flutter Mane|slp|[from] move: Spore\n|\n|-weather|none\n|upkeep\n|turn|10\n|c|\u2606Echoes630|why did I think that was ur last mon\n|\n|t:|1700460869\n|cant|p1a: Flutter Mane|slp\n|move|p2b: Mr. Rager|Pollen Puff|p1a: Flutter Mane\n|-resisted|p1a: Flutter Mane\n|-damage|p1a: Flutter Mane|96\/100 slp\n|\n|upkeep\n|turn|11\n|c|\u2606Echoes630|gg\n|\n|t:|1700460877\n|cant|p1a: Flutter Mane|slp\n|move|p2b: Mr. Rager|Pollen Puff|p1a: Flutter Mane\n|-resisted|p1a: Flutter Mane\n|-damage|p1a: Flutter Mane|91\/100 slp\n|\n|upkeep\n|turn|12\n|c|\u2606Echoes630|u outplayed me\n|\n|t:|1700460884\n|-curestatus|p1a: Flutter Mane|slp|[msg]\n|move|p1a: Flutter Mane|Shadow Ball|p2b: Mr. Rager\n|-damage|p2b: Mr. Rager|0 fnt\n|faint|p2b: Mr. Rager\n|\n|win|superseriousboi\n|raw|superseriousboi's rating: 1313 &rarr; <strong>1335<\/strong><br \/>(+22 for winning)\n|raw|Echoes630's rating: 1352 &rarr; <strong>1330<\/strong><br \/>(-22 for losing)\n|l|\u2606Echoes630\n","uploadtime":1700460925,"views":6,"p1id":"superseriousboi","p2id":"echoes630","formatid":"gen9vgc2023regulatione","rating":1330,"private":0,"password":""}