{"id":"gen9vgc2023regulatione-1991216974","p1":"Rambozzo","p2":"comfy guppy","format":"[Gen 9] VGC 2023 Regulation E","log":"|j|\u2606Rambozzo\n|j|\u2606comfy guppy\n|t:|1700058151\n|gametype|doubles\n|player|p1|Rambozzo|hugh|1113\n|player|p2|comfy guppy|102|1218\n|teamsize|p1|6\n|teamsize|p2|6\n|gen|9\n|tier|[Gen 9] VGC 2023 Regulation E\n|rated|\n|rule|Species Clause: Limit one of each Pok\u00e9mon\n|rule|Item Clause: Limit one of each item\n|clearpoke\n|poke|p1|Golem-Alola, L50, F|\n|poke|p1|Sinistcha, L50|\n|poke|p1|Dondozo, L50, F|\n|poke|p1|Iron Hands, L50|\n|poke|p1|Maushold, L50|\n|poke|p1|Rabsca, L50, F|\n|poke|p2|Annihilape, L50, F|\n|poke|p2|Clefairy, L50, F|\n|poke|p2|Ninetales-Alola, L50, M|\n|poke|p2|Arcanine-Hisui, L50, M|\n|poke|p2|Sandslash-Alola, L50, M|\n|poke|p2|Ogerpon-Wellspring, L50, F|\n|teampreview|4\n|inactive|Battle timer is ON: inactive players will automatically lose when time's up. (requested by comfy guppy)\n|inactive|comfy guppy has 60 seconds left.\n|\n|t:|1700058189\n|start\n|switch|p1a: Golem|Golem-Alola, L50, F|100\/100\n|switch|p1b: Rabsca|Rabsca, L50, F|100\/100\n|switch|p2a: Annihilape|Annihilape, L50, F|100\/100\n|switch|p2b: Arcanine|Arcanine-Hisui, L50, M|100\/100\n|-ability|p2b: Arcanine|Intimidate|boost\n|-unboost|p1a: Golem|atk|1\n|-unboost|p1b: Rabsca|atk|1\n|turn|1\n|inactive|comfy guppy has 30 seconds left.\n|\n|t:|1700058216\n|-terastallize|p1b: Rabsca|Dark\n|move|p1a: Golem|Protect|p1a: Golem\n|-singleturn|p1a: Golem|Protect\n|move|p2a: Annihilape|Bulk Up|p2a: Annihilape\n|-boost|p2a: Annihilape|atk|1\n|-boost|p2a: Annihilape|def|1\n|move|p2b: Arcanine|Flare Blitz|p1b: Rabsca\n|-damage|p1b: Rabsca|41\/100\n|-damage|p2b: Arcanine|83\/100|[from] Recoil\n|move|p1b: Rabsca|Trick Room|p1b: Rabsca\n|-fieldstart|move: Trick Room|[of] p1b: Rabsca\n|\n|upkeep\n|turn|2\n|l|\u2606Rambozzo\n|inactive|Rambozzo disconnected and has a minute to reconnect!\n|player|p1|\n|j|\u2606Rambozzo\n|inactive|Rambozzo reconnected and has 35 seconds left.\n|player|p1|Rambozzo|hugh\n|inactive|Rambozzo has 30 seconds left.\n|\n|t:|1700058243\n|move|p1a: Golem|Explosion|p2a: Annihilape|[spread] p2a,p2b\n|-activate|p1b: Rabsca|ability: Telepathy\n|-damage|p2a: Annihilape|39\/100\n|-damage|p2b: Arcanine|0 fnt\n|faint|p1a: Golem\n|faint|p2b: Arcanine\n|move|p1b: Rabsca|Revival Blessing|p1b: Rabsca\n|-enditem|p1b: Rabsca|Leppa Berry|[eat]\n|-activate|p1b: Rabsca|item: Leppa Berry|Revival Blessing|[consumed]\n|\n|t:|1700058251\n|-heal|p1: Golem|50\/100|[from] move: Revival Blessing\n|switch|p1a: Golem|Golem-Alola, L50, F|50\/100\n|move|p2a: Annihilape|Drain Punch|p1b: Rabsca\n|-supereffective|p1b: Rabsca\n|-damage|p1b: Rabsca|0 fnt\n|-heal|p2a: Annihilape|57\/100|[from] drain|[of] p1b: Rabsca\n|faint|p1b: Rabsca\n|\n|-heal|p2a: Annihilape|63\/100|[from] item: Leftovers\n|upkeep\n|\n|t:|1700058275\n|switch|p1b: Sinistcha|Sinistcha, L50|100\/100\n|switch|p2b: Ninetales|Ninetales-Alola, L50, M|100\/100\n|-heal|p1a: Golem|75\/100|[from] ability: Hospitality|[of] p1b: Sinistcha\n|-weather|Snow|[from] ability: Snow Warning|[of] p2b: Ninetales\n|turn|3\n|inactive|comfy guppy has 30 seconds left.\n|\n|t:|1700058301\n|move|p1b: Sinistcha|Protect|p1b: Sinistcha\n|-singleturn|p1b: Sinistcha|Protect\n|move|p2a: Annihilape|Protect|p2a: Annihilape\n|-singleturn|p2a: Annihilape|Protect\n|move|p1a: Golem|Explosion|p2a: Annihilape|[spread] p2b\n|-activate|p1b: Sinistcha|move: Protect\n|-activate|p2a: Annihilape|move: Protect\n|-damage|p2b: Ninetales|0 fnt\n|faint|p1a: Golem\n|faint|p2b: Ninetales\n|\n|-weather|Snow|[upkeep]\n|-heal|p2a: Annihilape|69\/100|[from] item: Leftovers\n|upkeep\n|\n|t:|1700058316\n|switch|p1a: Iron Hands|Iron Hands, L50|100\/100\n|switch|p2b: Sandslash|Sandslash-Alola, L50, M|100\/100\n|turn|4\n|inactive|comfy guppy has 30 seconds left.\n|\n|t:|1700058347\n|-terastallize|p2a: Annihilape|Fire\n|move|p1a: Iron Hands|Electric Terrain|p1a: Iron Hands\n|-fieldstart|move: Electric Terrain\n|-activate|p1a: Iron Hands|ability: Quark Drive\n|-start|p1a: Iron Hands|quarkdriveatk\n|move|p1b: Sinistcha|Nasty Plot|p1b: Sinistcha\n|-boost|p1b: Sinistcha|spa|2\n|move|p2b: Sandslash|Icicle Crash|p1b: Sinistcha\n|-supereffective|p1b: Sinistcha\n|-damage|p1b: Sinistcha|25\/100\n|move|p2a: Annihilape|Rage Fist|p1a: Iron Hands\n|-damage|p1a: Iron Hands|58\/100\n|\n|-weather|Snow|[upkeep]\n|-heal|p2a: Annihilape|75\/100|[from] item: Leftovers\n|upkeep\n|turn|5\n|inactive|comfy guppy has 30 seconds left.\n|\n|t:|1700058375\n|move|p2a: Annihilape|Protect|p2a: Annihilape\n|-singleturn|p2a: Annihilape|Protect\n|move|p1a: Iron Hands|Drain Punch|p2b: Sandslash\n|-supereffective|p2b: Sandslash\n|-enditem|p2b: Sandslash|Focus Sash\n|-damage|p2b: Sandslash|1\/100\n|-heal|p1a: Iron Hands|89\/100|[from] drain|[of] p2b: Sandslash\n|move|p1b: Sinistcha|Matcha Gotcha|p2b: Sandslash|[spread] p2b\n|-activate|p2a: Annihilape|move: Protect\n|-resisted|p2b: Sandslash\n|-damage|p2b: Sandslash|0 fnt\n|-heal|p1b: Sinistcha|26\/100|[from] drain|[of] p2b: Sandslash\n|faint|p2b: Sandslash\n|\n|-weather|Snow|[upkeep]\n|-heal|p2a: Annihilape|81\/100|[from] item: Leftovers\n|-fieldend|move: Trick Room\n|upkeep\n|turn|6\n|inactive|Rambozzo has 30 seconds left.\n|\n|t:|1700058401\n|move|p2a: Annihilape|Bulk Up|p2a: Annihilape\n|-boost|p2a: Annihilape|atk|1\n|-boost|p2a: Annihilape|def|1\n|move|p1b: Sinistcha|Matcha Gotcha|p2a: Annihilape\n|-resisted|p2a: Annihilape\n|-damage|p2a: Annihilape|53\/100\n|-heal|p1b: Sinistcha|43\/100|[from] drain|[of] p2a: Annihilape\n|move|p1a: Iron Hands|Drain Punch|p2a: Annihilape\n|-damage|p2a: Annihilape|28\/100\n|-heal|p1a: Iron Hands|99\/100|[from] drain|[of] p2a: Annihilape\n|\n|-weather|Snow|[upkeep]\n|-heal|p2a: Annihilape|34\/100|[from] item: Leftovers\n|upkeep\n|turn|7\n|\n|t:|1700058421\n|move|p2a: Annihilape|Drain Punch|p1a: Iron Hands\n|-damage|p1a: Iron Hands|56\/100\n|-heal|p2a: Annihilape|59\/100|[from] drain|[of] p1a: Iron Hands\n|move|p1b: Sinistcha|Matcha Gotcha|p2a: Annihilape\n|-resisted|p2a: Annihilape\n|-damage|p2a: Annihilape|30\/100\n|-heal|p1b: Sinistcha|61\/100|[from] drain|[of] p2a: Annihilape\n|move|p1a: Iron Hands|Wild Charge|p2a: Annihilape\n|-damage|p2a: Annihilape|0 fnt\n|faint|p2a: Annihilape\n|-damage|p1a: Iron Hands|49\/100|[from] Recoil\n|-enditem|p1a: Iron Hands|Sitrus Berry|[eat]\n|-heal|p1a: Iron Hands|74\/100|[from] item: Sitrus Berry\n|\n|win|Rambozzo\n|raw|Rambozzo's rating: 1113 &rarr; <strong>1145<\/strong><br \/>(+32 for winning)\n|raw|comfy guppy's rating: 1218 &rarr; <strong>1186<\/strong><br \/>(-32 for losing)\n","uploadtime":1700058440,"views":20,"p1id":"rambozzo","p2id":"comfyguppy","formatid":"gen9vgc2023regulatione","rating":1145,"private":0,"password":""}