{"id":"gen9vgc2023regulatione-1992061950","p1":"SacredArmadillo","p2":"pokequimico","format":"[Gen 9] VGC 2023 Regulation E","log":"|j|\u2606SacredArmadillo\n|j|\u2606pokequimico\n|t:|1700151882\n|gametype|doubles\n|player|p1|SacredArmadillo|ash|1537\n|player|p2|pokequimico|red|1588\n|teamsize|p1|6\n|teamsize|p2|6\n|gen|9\n|tier|[Gen 9] VGC 2023 Regulation E\n|rated|\n|rule|Species Clause: Limit one of each Pok\u00e9mon\n|rule|Item Clause: Limit one of each item\n|clearpoke\n|poke|p1|Torkoal, L50, M|\n|poke|p1|Indeedee-F, L50, F|\n|poke|p1|Armarouge, L50, M|\n|poke|p1|Urshifu-*, L50, M|\n|poke|p1|Ursaluna, L50, F|\n|poke|p1|Roaring Moon, L50|\n|poke|p2|Zapdos-Galar, L50|\n|poke|p2|Chien-Pao, L50|\n|poke|p2|Dragonite, L50, F|\n|poke|p2|Heatran, L50, M|\n|poke|p2|Rillaboom, L50, F|\n|poke|p2|Ogerpon-Wellspring, L50, F|\n|teampreview|4\n|inactive|Battle timer is ON: inactive players will automatically lose when time's up. (requested by pokequimico)\n|inactive|SacredArmadillo has 60 seconds left.\n|\n|t:|1700151944\n|start\n|switch|p1a: Roaring Moon|Roaring Moon, L50|100\/100\n|switch|p1b: Urshifu|Urshifu-Rapid-Strike, L50, M|100\/100\n|switch|p2a: Zapdos|Zapdos-Galar, L50|100\/100\n|switch|p2b: Chien-Pao|Chien-Pao, L50|100\/100\n|-ability|p2b: Chien-Pao|Sword of Ruin\n|-enditem|p1a: Roaring Moon|Booster Energy\n|-activate|p1a: Roaring Moon|ability: Protosynthesis|[fromitem]\n|-start|p1a: Roaring Moon|protosynthesisspe\n|turn|1\n|\n|t:|1700151966\n|switch|p2b: Dragonite|Dragonite, L50, F|100\/100\n|-terastallize|p1b: Urshifu|Water\n|-terastallize|p2a: Zapdos|Ghost\n|move|p1a: Roaring Moon|Acrobatics|p2a: Zapdos\n|-damage|p2a: Zapdos|53\/100\n|move|p1b: Urshifu|Close Combat|p2b: Dragonite\n|-resisted|p2b: Dragonite\n|-damage|p2b: Dragonite|64\/100\n|-unboost|p1b: Urshifu|def|1\n|-unboost|p1b: Urshifu|spd|1\n|move|p2a: Zapdos|Brave Bird|p1b: Urshifu\n|-damage|p1b: Urshifu|7\/100\n|-damage|p2a: Zapdos|20\/100|[from] Recoil\n|\n|upkeep\n|turn|2\n|inactive|SacredArmadillo has 30 seconds left.\n|inactive|pokequimico has 30 seconds left.\n|\n|t:|1700151996\n|switch|p1b: Indeedee|Indeedee-F, L50, F|100\/100\n|-fieldstart|move: Psychic Terrain|[from] ability: Psychic Surge|[of] p1b: Indeedee\n|switch|p2a: Chien-Pao|Chien-Pao, L50|100\/100\n|-ability|p2a: Chien-Pao|Sword of Ruin\n|move|p2b: Dragonite|Extreme Speed|p1a: Roaring Moon\n|-activate|p1a: Roaring Moon|move: Psychic Terrain\n|move|p1a: Roaring Moon|Knock Off|p2b: Dragonite\n|-damage|p2b: Dragonite|0 fnt\n|-enditem|p2b: Dragonite|Choice Band|[from] move: Knock Off|[of] p1a: Roaring Moon\n|faint|p2b: Dragonite\n|\n|upkeep\n|\n|t:|1700152001\n|switch|p2b: Rillaboom|Rillaboom, L50, F|100\/100\n|-fieldstart|move: Grassy Terrain|[from] ability: Grassy Surge|[of] p2b: Rillaboom\n|turn|3\n|\n|t:|1700152021\n|switch|p1b: Urshifu|Urshifu-Rapid-Strike, L50, M, tera:Water|7\/100\n|move|p2b: Rillaboom|Fake Out|p1a: Roaring Moon\n|-damage|p1a: Roaring Moon|74\/100\n|cant|p1a: Roaring Moon|flinch\n|move|p2a: Chien-Pao|Crunch|p1b: Urshifu\n|-damage|p1b: Urshifu|0 fnt\n|faint|p1b: Urshifu\n|\n|-heal|p1a: Roaring Moon|80\/100|[from] Grassy Terrain\n|upkeep\n|\n|t:|1700152038\n|switch|p1b: Armarouge|Armarouge, L50, M|100\/100\n|turn|4\n|inactive|SacredArmadillo has 30 seconds left.\n|\n|t:|1700152065\n|switch|p2b: Zapdos|Zapdos-Galar, L50, tera:Ghost|20\/100\n|move|p1b: Armarouge|Endure|p1b: Armarouge\n|-singleturn|p1b: Armarouge|move: Endure\n|move|p1a: Roaring Moon|Earthquake|p2b: Zapdos|[spread] p1b,p2a,p2b\n|-supereffective|p1b: Armarouge\n|-damage|p1b: Armarouge|60\/100\n|-damage|p2a: Chien-Pao|82\/100\n|-damage|p2b: Zapdos|0 fnt\n|-ability|p1b: Armarouge|Weak Armor|boost\n|-unboost|p1b: Armarouge|def|1\n|-boost|p1b: Armarouge|spe|2\n|-enditem|p1b: Armarouge|Weakness Policy\n|-boost|p1b: Armarouge|atk|2|[from] item: Weakness Policy\n|-boost|p1b: Armarouge|spa|2|[from] item: Weakness Policy\n|faint|p2b: Zapdos\n|move|p2a: Chien-Pao|Crunch|p1b: Armarouge\n|-supereffective|p1b: Armarouge\n|-activate|p1b: Armarouge|move: Endure\n|-damage|p1b: Armarouge|1\/100\n|-ability|p1b: Armarouge|Weak Armor|boost\n|-unboost|p1b: Armarouge|def|1\n|-boost|p1b: Armarouge|spe|2\n|\n|-heal|p1b: Armarouge|7\/100|[from] Grassy Terrain\n|-heal|p1a: Roaring Moon|86\/100|[from] Grassy Terrain\n|-heal|p2a: Chien-Pao|88\/100|[from] Grassy Terrain\n|upkeep\n|\n|t:|1700152082\n|switch|p2b: Rillaboom|Rillaboom, L50, F|100\/100\n|turn|5\n|\n|t:|1700152098\n|-end|p1a: Roaring Moon|Protosynthesis|[silent]\n|switch|p1a: Indeedee|Indeedee-F, L50, F|100\/100\n|-fieldstart|move: Psychic Terrain|[from] ability: Psychic Surge|[of] p1a: Indeedee\n|move|p2a: Chien-Pao|Protect|p2a: Chien-Pao\n|-singleturn|p2a: Chien-Pao|Protect\n|move|p1b: Armarouge|Heat Wave|p2b: Rillaboom|[spread] p2b\n|-activate|p2a: Chien-Pao|move: Protect\n|-supereffective|p2b: Rillaboom\n|-damage|p2b: Rillaboom|0 fnt\n|faint|p2b: Rillaboom\n|\n|upkeep\n|turn|6\n|-message|pokequimico forfeited.\n|\n|win|SacredArmadillo\n|raw|SacredArmadillo's rating: 1537 &rarr; <strong>1560<\/strong><br \/>(+23 for winning)\n|raw|pokequimico's rating: 1588 &rarr; <strong>1565<\/strong><br \/>(-23 for losing)\n|l|\u2606pokequimico\n","uploadtime":1700152132,"views":9,"p1id":"sacredarmadillo","p2id":"pokequimico","formatid":"gen9vgc2023regulatione","rating":1560,"private":0,"password":""}