{"id":"gen9vgc2023regulatione-1991514541","p1":"Therocketslime","p2":"curlyhurley","format":"[Gen 9] VGC 2023 Regulation E","log":"|j|\u2606Therocketslime\n|j|\u2606curlyhurley\n|t:|1700083948\n|gametype|doubles\n|player|p1|Therocketslime|170|1206\n|player|p2|curlyhurley|benga|1278\n|teamsize|p1|6\n|teamsize|p2|6\n|gen|9\n|tier|[Gen 9] VGC 2023 Regulation E\n|rated|\n|rule|Species Clause: Limit one of each Pok\u00e9mon\n|rule|Item Clause: Limit one of each item\n|clearpoke\n|poke|p1|Ursaluna-Bloodmoon, L50, M|\n|poke|p1|Cresselia, L50, F|\n|poke|p1|Iron Bundle, L50|\n|poke|p1|Iron Hands, L50|\n|poke|p1|Kingambit, L50, M|\n|poke|p1|Ogerpon-Wellspring, L50, F|\n|poke|p2|Cresselia, L50, F|\n|poke|p2|Gholdengo, L50|\n|poke|p2|Flutter Mane, L50|\n|poke|p2|Iron Hands, L50|\n|poke|p2|Arcanine-Hisui, L50, M|\n|poke|p2|Ogerpon-Wellspring, L50, F|\n|teampreview|4\n|\n|t:|1700083962\n|start\n|switch|p1a: Freddy Fazbear|Ursaluna-Bloodmoon, L50, M|100\/100\n|switch|p1b: Moon Goose|Cresselia, L50, F|100\/100\n|switch|p2a: Cresselia|Cresselia, L50, F, shiny|100\/100\n|switch|p2b: Iron Hands|Iron Hands, L50|100\/100\n|turn|1\n|\n|t:|1700083981\n|move|p2a: Cresselia|Protect|p2a: Cresselia\n|-singleturn|p2a: Cresselia|Protect\n|move|p2b: Iron Hands|Fake Out|p1b: Moon Goose\n|-damage|p1b: Moon Goose|89\/100\n|cant|p1b: Moon Goose|flinch\n|move|p1a: Freddy Fazbear|Blood Moon|p2b: Iron Hands\n|-damage|p2b: Iron Hands|50\/100\n|\n|upkeep\n|turn|2\n|\n|t:|1700084002\n|move|p1b: Moon Goose|Helping Hand|p1a: Freddy Fazbear\n|-singleturn|p1a: Freddy Fazbear|Helping Hand|[of] p1b: Moon Goose\n|move|p2a: Cresselia|Lunar Blessing|p2a: Cresselia|[spread] p2a,p2b\n|-heal|p2b: Iron Hands|75\/100\n|move|p2b: Iron Hands|Drain Punch|p1a: Freddy Fazbear\n|-supereffective|p1a: Freddy Fazbear\n|-damage|p1a: Freddy Fazbear|40\/100\n|-heal|p2b: Iron Hands|100\/100|[from] drain|[of] p1a: Freddy Fazbear\n|move|p1a: Freddy Fazbear|Hyper Voice|p2b: Iron Hands|[spread] p2a,p2b\n|-damage|p2a: Cresselia|63\/100\n|-damage|p2b: Iron Hands|63\/100\n|-enditem|p1a: Freddy Fazbear|Throat Spray\n|-boost|p1a: Freddy Fazbear|spa|1|[from] item: Throat Spray\n|\n|upkeep\n|turn|3\n|\n|t:|1700084020\n|move|p1a: Freddy Fazbear|Protect|p1a: Freddy Fazbear\n|-singleturn|p1a: Freddy Fazbear|Protect\n|move|p2a: Cresselia|Lunar Blessing|p2a: Cresselia|[spread] p2a,p2b\n|-heal|p2a: Cresselia|88\/100\n|-heal|p2b: Iron Hands|88\/100\n|move|p1b: Moon Goose|Lunar Blessing|p1b: Moon Goose|[spread] p1a,p1b\n|-heal|p1a: Freddy Fazbear|65\/100\n|-heal|p1b: Moon Goose|100\/100\n|move|p2b: Iron Hands|Drain Punch|p1a: Freddy Fazbear\n|-activate|p1a: Freddy Fazbear|move: Protect\n|\n|upkeep\n|turn|4\n|\n|t:|1700084041\n|move|p1b: Moon Goose|Helping Hand|p1a: Freddy Fazbear\n|-singleturn|p1a: Freddy Fazbear|Helping Hand|[of] p1b: Moon Goose\n|move|p2a: Cresselia|Lunar Blessing|p2a: Cresselia|[spread] p2a,p2b\n|-heal|p2a: Cresselia|100\/100\n|-heal|p2b: Iron Hands|100\/100\n|move|p2b: Iron Hands|Drain Punch|p1a: Freddy Fazbear\n|-supereffective|p1a: Freddy Fazbear\n|-damage|p1a: Freddy Fazbear|4\/100\n|move|p1a: Freddy Fazbear|Blood Moon|p2b: Iron Hands\n|-damage|p2b: Iron Hands|0 fnt\n|faint|p2b: Iron Hands\n|-end|p2b: Iron Hands|Quark Drive|[silent]\n|\n|upkeep\n|l|\u2606Therocketslime\n|player|p1|\n|j|\u2606Therocketslime\n|player|p1|Therocketslime|170\n|l|\u2606Therocketslime\n|player|p1|\n|j|\u2606Therocketslime\n|player|p1|Therocketslime|170\n|\n|t:|1700084087\n|switch|p2b: Arcanine|Arcanine-Hisui, L50, M, shiny|100\/100\n|-ability|p2b: Arcanine|Intimidate|boost\n|-unboost|p1a: Freddy Fazbear|atk|1\n|-unboost|p1b: Moon Goose|atk|1\n|turn|5\n|\n|t:|1700084100\n|move|p2a: Cresselia|Protect|p2a: Cresselia\n|-singleturn|p2a: Cresselia|Protect\n|move|p1a: Freddy Fazbear|Protect|p1a: Freddy Fazbear\n|-singleturn|p1a: Freddy Fazbear|Protect\n|move|p2b: Arcanine|Extreme Speed|p1a: Freddy Fazbear\n|-activate|p1a: Freddy Fazbear|move: Protect\n|move|p1b: Moon Goose|Trick Room|p1b: Moon Goose\n|-fieldstart|move: Trick Room|[of] p1b: Moon Goose\n|\n|upkeep\n|turn|6\n|\n|t:|1700084121\n|switch|p1a: Kingambit|Kingambit, L50, M|100\/100\n|move|p2b: Arcanine|Extreme Speed|p1a: Kingambit\n|-resisted|p1a: Kingambit\n|-crit|p1a: Kingambit\n|-damage|p1a: Kingambit|81\/100\n|move|p1b: Moon Goose|Moonblast|p2b: Arcanine\n|-resisted|p2b: Arcanine\n|-damage|p2b: Arcanine|91\/100\n|move|p2a: Cresselia|Trick Room|p2a: Cresselia\n|-fieldend|move: Trick Room\n|\n|upkeep\n|turn|7\n|\n|t:|1700084166\n|switch|p2b: Flutter Mane|Flutter Mane, L50|100\/100\n|-enditem|p2b: Flutter Mane|Booster Energy\n|-activate|p2b: Flutter Mane|ability: Protosynthesis|[fromitem]\n|-start|p2b: Flutter Mane|protosynthesisspa\n|move|p2a: Cresselia|Protect|p2a: Cresselia\n|-singleturn|p2a: Cresselia|Protect\n|move|p1b: Moon Goose|Lunar Blessing|p1b: Moon Goose|[spread] p1a,p1b\n|-heal|p1a: Kingambit|100\/100\n|move|p1a: Kingambit|Swords Dance|p1a: Kingambit\n|-boost|p1a: Kingambit|atk|2\n|\n|upkeep\n|turn|8\n|\n|t:|1700084191\n|-terastallize|p2a: Cresselia|Fairy\n|move|p1a: Kingambit|Protect|p1a: Kingambit\n|-singleturn|p1a: Kingambit|Protect\n|move|p2b: Flutter Mane|Moonblast|p1a: Kingambit\n|-activate|p1a: Kingambit|move: Protect\n|move|p2a: Cresselia|Moonblast|p1b: Moon Goose\n|-damage|p1b: Moon Goose|85\/100\n|move|p1b: Moon Goose|Trick Room|p1b: Moon Goose\n|-fieldstart|move: Trick Room|[of] p1b: Moon Goose\n|\n|upkeep\n|turn|9\n|\n|t:|1700084212\n|move|p1a: Kingambit|Kowtow Cleave|p2b: Flutter Mane\n|-damage|p2b: Flutter Mane|0 fnt\n|faint|p2b: Flutter Mane\n|-end|p2b: Flutter Mane|Protosynthesis|[silent]\n|move|p1b: Moon Goose|Trick Room|p1b: Moon Goose\n|-fieldend|move: Trick Room\n|move|p2a: Cresselia|Trick Room|p2a: Cresselia\n|-fieldstart|move: Trick Room|[of] p2a: Cresselia\n|\n|upkeep\n|\n|t:|1700084221\n|switch|p2b: Arcanine|Arcanine-Hisui, L50, M, shiny|91\/100\n|-ability|p2b: Arcanine|Intimidate|boost\n|-unboost|p1a: Kingambit|atk|1\n|-ability|p1a: Kingambit|Defiant|boost\n|-boost|p1a: Kingambit|atk|2\n|-unboost|p1b: Moon Goose|atk|1\n|turn|10\n|\n|t:|1700084237\n|move|p1b: Moon Goose|Helping Hand|p1a: Kingambit\n|-singleturn|p1a: Kingambit|Helping Hand|[of] p1b: Moon Goose\n|move|p1a: Kingambit|Kowtow Cleave|p2b: Arcanine\n|-damage|p2b: Arcanine|0 fnt\n|faint|p2b: Arcanine\n|move|p2a: Cresselia|Moonblast|p1b: Moon Goose\n|-damage|p1b: Moon Goose|68\/100\n|-unboost|p1b: Moon Goose|spa|1\n|\n|upkeep\n|turn|11\n|-message|curlyhurley forfeited.\n|\n|win|Therocketslime\n|raw|Therocketslime's rating: 1206 &rarr; <strong>1236<\/strong><br \/>(+30 for winning)\n|raw|curlyhurley's rating: 1278 &rarr; <strong>1248<\/strong><br \/>(-30 for losing)\n|l|\u2606curlyhurley\n","uploadtime":1700084253,"views":25,"p1id":"therocketslime","p2id":"curlyhurley","formatid":"gen9vgc2023regulatione","rating":1236,"private":0,"password":""}