{"id":"gen9vgc2023regulatione-1993156347","p1":"Seatoe","p2":"AceofJades39","format":"[Gen 9] VGC 2023 Regulation E","log":"|j|\u2606Seatoe\n|j|\u2606AceofJades39\n|t:|1700271595\n|gametype|doubles\n|player|p1|Seatoe|sailor|1319\n|player|p2|AceofJades39|acetrainerf-gen4dp|1394\n|teamsize|p1|6\n|teamsize|p2|6\n|gen|9\n|tier|[Gen 9] VGC 2023 Regulation E\n|rated|\n|rule|Species Clause: Limit one of each Pok\u00e9mon\n|rule|Item Clause: Limit one of each item\n|clearpoke\n|poke|p1|Tornadus, L50, M|\n|poke|p1|Urshifu-*, L50, M|\n|poke|p1|Iron Treads, L50|\n|poke|p1|Hydreigon, L50, F|\n|poke|p1|Flutter Mane, L50|\n|poke|p1|Chien-Pao, L50|\n|poke|p2|Iron Hands, L50|\n|poke|p2|Flutter Mane, L50|\n|poke|p2|Landorus-Therian, L50, M|\n|poke|p2|Ogerpon-Wellspring, L50, F|\n|poke|p2|Chi-Yu, L50|\n|poke|p2|Kingambit, L50, M|\n|teampreview|4\n|\n|t:|1700271629\n|start\n|switch|p1a: Tornadus|Tornadus, L50, M|100\/100\n|switch|p1b: Urshifu|Urshifu-Rapid-Strike, L50, M|100\/100\n|switch|p2a: Hugo|Iron Hands, L50|100\/100\n|switch|p2b: Wreak|Flutter Mane, L50|100\/100\n|-enditem|p2b: Wreak|Booster Energy\n|-activate|p2b: Wreak|ability: Protosynthesis|[fromitem]\n|-start|p2b: Wreak|protosynthesisspe\n|turn|1\n|\n|t:|1700271647\n|move|p1b: Urshifu|Detect|p1b: Urshifu\n|-singleturn|p1b: Urshifu|Protect\n|move|p1a: Tornadus|Tailwind|p1a: Tornadus\n|-sidestart|p1: Seatoe|move: Tailwind\n|move|p2b: Wreak|Moonblast|p1b: Urshifu\n|-activate|p1b: Urshifu|move: Protect\n|move|p2a: Hugo|Wild Charge|p1a: Tornadus\n|-supereffective|p1a: Tornadus\n|-damage|p1a: Tornadus|0 fnt\n|faint|p1a: Tornadus\n|-damage|p2a: Hugo|80\/100|[from] Recoil\n|\n|upkeep\n|\n|t:|1700271663\n|switch|p1a: Flutter Mane|Flutter Mane, L50|100\/100\n|turn|2\n|\n|t:|1700271692\n|-terastallize|p1b: Urshifu|Water\n|move|p2b: Wreak|Protect|p2b: Wreak\n|-singleturn|p2b: Wreak|Protect\n|move|p1a: Flutter Mane|Moonblast|p2a: Hugo\n|-supereffective|p2a: Hugo\n|-damage|p2a: Hugo|10\/100\n|move|p1b: Urshifu|Surging Strikes|p2b: Wreak\n|-crit|p2b: Wreak\n|-damage|p2b: Wreak|41\/100\n|-crit|p2b: Wreak\n|-damage|p2b: Wreak|0 fnt\n|faint|p2b: Wreak\n|-end|p2b: Wreak|Protosynthesis|[silent]\n|-hitcount|p2: Wreak|2\n|move|p2a: Hugo|Wild Charge|p1b: Urshifu\n|-supereffective|p1b: Urshifu\n|-damage|p1b: Urshifu|0 fnt\n|faint|p1b: Urshifu\n|-damage|p2a: Hugo|0 fnt|[from] Recoil\n|faint|p2a: Hugo\n|-end|p2a: Hugo|Quark Drive|[silent]\n|\n|upkeep\n|\n|t:|1700271713\n|switch|p2b: Durian|Kingambit, L50, M, shiny|100\/100\n|switch|p1b: Chien-Pao|Chien-Pao, L50|100\/100\n|switch|p2a: Fionna|Ogerpon-Wellspring, L50, F|100\/100\n|-ability|p1b: Chien-Pao|Sword of Ruin\n|turn|3\n|\n|t:|1700271748\n|-terastallize|p2a: Fionna|Water\n|detailschange|p2a: Fionna|Ogerpon-Wellspring-Tera, L50, F, tera:Water\n|-ability|p2a: Fionna|Embody Aspect (Wellspring)|boost\n|-boost|p2a: Fionna|spd|1\n|move|p1b: Chien-Pao|Ice Spinner|p2b: Durian\n|-resisted|p2b: Durian\n|-damage|p2b: Durian|83\/100\n|move|p1a: Flutter Mane|Moonblast|p2b: Durian\n|-damage|p2b: Durian|24\/100\n|move|p2a: Fionna|Ivy Cudgel|p1a: Flutter Mane|[anim] Ivy Cudgel Water\n|-damage|p1a: Flutter Mane|0 fnt\n|faint|p1a: Flutter Mane\n|-end|p1a: Flutter Mane|Protosynthesis|[silent]\n|move|p2b: Durian|Swords Dance|p2b: Durian\n|-boost|p2b: Durian|atk|2\n|\n|upkeep\n|turn|4\n|\n|t:|1700271777\n|move|p1b: Chien-Pao|Sucker Punch|p2b: Durian\n|-resisted|p2b: Durian\n|-damage|p2b: Durian|7\/100\n|move|p2b: Durian|Sucker Punch||[still]\n|-fail|p2b: Durian\n|move|p2a: Fionna|Ivy Cudgel|p1b: Chien-Pao|[anim] Ivy Cudgel Water\n|-crit|p1b: Chien-Pao\n|-enditem|p1b: Chien-Pao|Focus Sash\n|-damage|p1b: Chien-Pao|1\/100\n|\n|-sideend|p1: Seatoe|move: Tailwind\n|upkeep\n|turn|5\n|\n|t:|1700271791\n|move|p2b: Durian|Protect|p2b: Durian\n|-singleturn|p2b: Durian|Protect\n|move|p1b: Chien-Pao|Sucker Punch||[still]\n|-fail|p1b: Chien-Pao\n|move|p2a: Fionna|Ivy Cudgel|p1b: Chien-Pao|[anim] Ivy Cudgel Water\n|-damage|p1b: Chien-Pao|0 fnt\n|faint|p1b: Chien-Pao\n|\n|win|AceofJades39\n|raw|Seatoe's rating: 1319 &rarr; <strong>1303<\/strong><br \/>(-16 for losing)\n|raw|AceofJades39's rating: 1394 &rarr; <strong>1410<\/strong><br \/>(+16 for winning)\n","uploadtime":1700271800,"views":9,"p1id":"seatoe","p2id":"aceofjades39","formatid":"gen9vgc2023regulatione","rating":1303,"private":0,"password":""}