{"id":"gen9vgc2023regulatione-1998988687","p1":"jayballester","p2":"MunchVGC","format":"[Gen 9] VGC 2023 Regulation E","log":"|j|\u2606jayballester\n|j|\u2606MunchVGC\n|n|\u2606jayballester|jayballester\n|n|\u2606MunchVGC|munchvgc\n|html|View the match progress at <a href=\"\/game-bestof3-gen9vgc2023regulatione-1998988686\">game-bestof3-gen9vgc2023regulatione-1998988686<\/a>\n|t:|1701021214\n|gametype|doubles\n|player|p1|jayballester|brycenman|\n|player|p2|MunchVGC|ingo|\n|teamsize|p1|6\n|teamsize|p2|6\n|gen|9\n|tier|[Gen 9] VGC 2023 Regulation E\n|rule|Species Clause: Limit one of each Pok\u00e9mon\n|rule|Item Clause: Limit one of each item\n|clearpoke\n|poke|p1|Chien-Pao, L50|\n|poke|p1|Empoleon, L50, F|\n|poke|p1|Haunter, L50, F|\n|poke|p1|Medicham, L50, M|\n|poke|p1|Arcanine-Hisui, L50, F|\n|poke|p1|Noivern, L50, F|\n|poke|p2|Snorlax, L50, M|\n|poke|p2|Clefairy, L50, F|\n|poke|p2|Gyarados, L50, F|\n|poke|p2|Bronzong, L50|\n|poke|p2|Avalugg-Hisui, L50, M|\n|poke|p2|Raichu, L50, M|\n|teampreview|4\n|inactive|Battle timer is ON: inactive players will automatically lose when time's up. (requested by MunchVGC)\n|inactiveoff|Battle timer is now OFF.\n|c|\u2606MunchVGC|g1\n|c|\u2606MunchVGC|glhf\n|j| Jstardude\n|j| Pear456987\n|j| austinerzs\n|c|\u2606jayballester|glhf\n|c| austinerzs|bro thinks he can mess w avalugg\n|j| Lux2821\n|c| Pear456987|empoleon noises\n|c|\u2606jayballester|ngl I didnt even notice it was on his team\n|\n|t:|1701021318\n|start\n|switch|p1a: Medicham|Medicham, L50, M|100\/100\n|switch|p1b: Chien-Pao|Chien-Pao, L50|100\/100\n|switch|p2a: Hell Bell|Bronzong, L50, shiny|100\/100\n|switch|p2b: my nama clef|Clefairy, L50, F|100\/100\n|-ability|p1b: Chien-Pao|Sword of Ruin\n|turn|1\n|\n|t:|1701021345\n|move|p2a: Hell Bell|Protect|p2a: Hell Bell\n|-singleturn|p2a: Hell Bell|Protect\n|move|p1a: Medicham|Fake Out|p2a: Hell Bell\n|-activate|p2a: Hell Bell|move: Protect\n|move|p1b: Chien-Pao|Ice Spinner|p2b: my nama clef\n|-damage|p2b: my nama clef|58\/100\n|move|p2b: my nama clef|Moonblast|p1b: Chien-Pao\n|-supereffective|p1b: Chien-Pao\n|-damage|p1b: Chien-Pao|54\/100\n|\n|upkeep\n|turn|2\n|c| austinerzs|insane chip\n|c| Lux2821|w chip\n|\n|t:|1701021390\n|switch|p1b: Empoleon|Empoleon, L50, F|100\/100\n|move|p2b: my nama clef|Follow Me|p2b: my nama clef\n|-singleturn|p2b: my nama clef|move: Follow Me\n|move|p1a: Medicham|Zen Headbutt|p2b: my nama clef\n|-damage|p2b: my nama clef|16\/100\n|move|p2a: Hell Bell|Trick Room|p2a: Hell Bell\n|-fieldstart|move: Trick Room|[of] p2a: Hell Bell\n|\n|upkeep\n|turn|3\n|c| austinerzs|power anklet medicham incoming\n|\n|t:|1701021418\n|move|p1a: Medicham|Protect|p1a: Medicham\n|-singleturn|p1a: Medicham|Protect\n|move|p2a: Hell Bell|Body Press|p1b: Empoleon\n|-supereffective|p1b: Empoleon\n|-damage|p1b: Empoleon|51\/100\n|move|p2b: my nama clef|Moonblast|p1a: Medicham\n|-activate|p1a: Medicham|move: Protect\n|move|p1b: Empoleon|Hydro Pump|p2a: Hell Bell|[miss]\n|-miss|p1b: Empoleon|p2a: Hell Bell\n|\n|upkeep\n|turn|4\n|\n|t:|1701021439\n|switch|p1a: Arcanine|Arcanine-Hisui, L50, F|100\/100\n|-ability|p1a: Arcanine|Intimidate|boost\n|-unboost|p2a: Hell Bell|atk|1\n|-unboost|p2b: my nama clef|atk|1\n|move|p2a: Hell Bell|Body Press|p1b: Empoleon\n|-supereffective|p1b: Empoleon\n|-damage|p1b: Empoleon|0 fnt\n|faint|p1b: Empoleon\n|move|p2b: my nama clef|Moonblast|p1a: Arcanine\n|-resisted|p1a: Arcanine\n|-damage|p1a: Arcanine|87\/100\n|-unboost|p1a: Arcanine|spa|1\n|\n|upkeep\n|c|\u2606jayballester|welp\n|\n|t:|1701021455\n|switch|p1b: Medicham|Medicham, L50, M|100\/100\n|turn|5\n|\n|t:|1701021484\n|move|p2b: my nama clef|Protect|p2b: my nama clef\n|-singleturn|p2b: my nama clef|Protect\n|move|p1b: Medicham|Fake Out|p2b: my nama clef\n|-activate|p2b: my nama clef|move: Protect\n|move|p2a: Hell Bell|Body Press|p1a: Arcanine\n|-supereffective|p1a: Arcanine\n|-damage|p1a: Arcanine|18\/100\n|move|p1a: Arcanine|Flare Blitz|p2a: Hell Bell\n|-supereffective|p2a: Hell Bell\n|-damage|p2a: Hell Bell|61\/100\n|-damage|p1a: Arcanine|5\/100|[from] Recoil\n|\n|upkeep\n|turn|6\n|c|\u2606jayballester|holy f\n|c| austinerzs|what the hell\n|c|\u2606jayballester|heatbroof goes crazy\n|c|\u2606MunchVGC|:)\n|c| austinerzs|good chip\n|\n|t:|1701021527\n|move|p1b: Medicham|Protect|p1b: Medicham\n|-singleturn|p1b: Medicham|Protect\n|move|p2a: Hell Bell|Body Press|p1a: Arcanine\n|-supereffective|p1a: Arcanine\n|-damage|p1a: Arcanine|0 fnt\n|faint|p1a: Arcanine\n|move|p2b: my nama clef|Moonblast|p1b: Medicham\n|-activate|p1b: Medicham|move: Protect\n|\n|-fieldend|move: Trick Room\n|upkeep\n|\n|t:|1701021531\n|switch|p1a: Chien-Pao|Chien-Pao, L50|54\/100\n|-ability|p1a: Chien-Pao|Sword of Ruin\n|turn|7\n|\n|t:|1701021550\n|-terastallize|p2a: Hell Bell|Fighting\n|move|p2b: my nama clef|Follow Me|p2b: my nama clef\n|-singleturn|p2b: my nama clef|move: Follow Me\n|move|p1a: Chien-Pao|Ice Spinner|p2b: my nama clef\n|-damage|p2b: my nama clef|0 fnt\n|faint|p2b: my nama clef\n|move|p1b: Medicham|Close Combat|p2a: Hell Bell\n|-damage|p2a: Hell Bell|0 fnt\n|-unboost|p1b: Medicham|def|1\n|-unboost|p1b: Medicham|spd|1\n|faint|p2a: Hell Bell\n|\n|upkeep\n|c|\u2606MunchVGC|ouch\n|\n|t:|1701021562\n|switch|p2b: Nice ship nerd|Avalugg-Hisui, L50, M, shiny|100\/100\n|switch|p2a: Bob|Snorlax, L50, M, shiny|100\/100\n|turn|8\n|c| austinerzs|tera fairy rock slide and body slam for the double ko\ud83d\udd25\n|\n|t:|1701021617\n|-terastallize|p1b: Medicham|Ghost\n|move|p1a: Chien-Pao|Sacred Sword|p2b: Nice ship nerd\n|-supereffective|p2b: Nice ship nerd\n|-damage|p2b: Nice ship nerd|9\/100\n|-enditem|p2b: Nice ship nerd|Weakness Policy\n|-boost|p2b: Nice ship nerd|atk|2|[from] item: Weakness Policy\n|-boost|p2b: Nice ship nerd|spa|2|[from] item: Weakness Policy\n|move|p1b: Medicham|Close Combat|p2b: Nice ship nerd\n|-supereffective|p2b: Nice ship nerd\n|-damage|p2b: Nice ship nerd|0 fnt\n|-unboost|p1b: Medicham|def|1\n|-unboost|p1b: Medicham|spd|1\n|faint|p2b: Nice ship nerd\n|move|p2a: Bob|Brick Break|p1a: Chien-Pao\n|-supereffective|p1a: Chien-Pao\n|-damage|p1a: Chien-Pao|0 fnt\n|faint|p1a: Chien-Pao\n|\n|upkeep\n|turn|9\n|c|\u2606MunchVGC|gg\n|\n|t:|1701021636\n|move|p1b: Medicham|Close Combat|p2a: Bob\n|-supereffective|p2a: Bob\n|-damage|p2a: Bob|0 fnt\n|-unboost|p1b: Medicham|def|1\n|-unboost|p1b: Medicham|spd|1\n|faint|p2a: Bob\n|\n|win|jayballester\n|c|\u2606jayballester|gg\n|c|&|\/uhtml prompt-jayballester,jayballester is ready for game 2!\n|c|&|\/uhtml prompt-munchvgc,MunchVGC is ready for game 2!\nBoth players are ready! Starting next match!\n|l| austinerzs\n|l| Pear456987\n|l| Lux2821\n|l| Jstardude\n|l|\u2606MunchVGC\n","uploadtime":1701021654,"views":23,"p1id":"jayballester","p2id":"munchvgc","formatid":"gen9vgc2023regulatione","rating":0,"private":0,"password":""}