{"id":"gen9vgc2023regulatione-1988204221","p1":"MAVERLOUS","p2":"Mortipherus","format":"[Gen 9] VGC 2023 Regulation E","log":"|j|\u2606MAVERLOUS\n|j|\u2606Mortipherus\n|t:|1699684729\n|gametype|doubles\n|player|p1|MAVERLOUS|hugh|1206\n|player|p2|Mortipherus|biker-gen4|1190\n|teamsize|p1|6\n|teamsize|p2|6\n|gen|9\n|tier|[Gen 9] VGC 2023 Regulation E\n|rated|\n|rule|Species Clause: Limit one of each Pok\u00e9mon\n|rule|Item Clause: Limit one of each item\n|clearpoke\n|poke|p1|Zapdos-Galar, L50|\n|poke|p1|Rillaboom, L50, M|\n|poke|p1|Tornadus-Therian, L50, M|\n|poke|p1|Landorus-Therian, L50, M|\n|poke|p1|Pelipper, L50, M|\n|poke|p1|Drednaw, L50, M|\n|poke|p2|Zapdos-Galar, L50|\n|poke|p2|Flutter Mane, L50|\n|poke|p2|Chi-Yu, L50|\n|poke|p2|Iron Hands, L50|\n|poke|p2|Ogerpon-Wellspring, L50, F|\n|poke|p2|Farigiraf, L50, F|\n|teampreview|4\nMortipherus has agreed to open team sheets.\n|inactive|Battle timer is ON: inactive players will automatically lose when time's up. (requested by Mortipherus)\n|\n|t:|1699684774\n|start\n|switch|p1a: Rillaboom|Rillaboom, L50, M, shiny|100\/100\n|switch|p1b: Tornadus|Tornadus-Therian, L50, M, shiny|100\/100\n|switch|p2a: Iron Hands|Iron Hands, L50|100\/100\n|switch|p2b: Zapdos|Zapdos-Galar, L50|100\/100\n|-fieldstart|move: Grassy Terrain|[from] ability: Grassy Surge|[of] p1a: Rillaboom\n|turn|1\n|\n|t:|1699684799\n|-terastallize|p2b: Zapdos|Flying\n|-terastallize|p1b: Tornadus|Flying\n|move|p1a: Rillaboom|Fake Out|p2b: Zapdos\n|-damage|p2b: Zapdos|83\/100\n|move|p2a: Iron Hands|Fake Out|p1b: Tornadus\n|-damage|p1b: Tornadus|79\/100\n|cant|p2b: Zapdos|flinch\n|cant|p1b: Tornadus|flinch\n|\n|upkeep\n|turn|2\n|\n|t:|1699684820\n|move|p1a: Rillaboom|Protect|p1a: Rillaboom\n|-singleturn|p1a: Rillaboom|Protect\n|move|p2b: Zapdos|Brave Bird|p1a: Rillaboom\n|-activate|p1a: Rillaboom|move: Protect\n|move|p1b: Tornadus|Bleakwind Storm|p2a: Iron Hands|[spread] p2b\n|-miss|p1b: Tornadus|p2a: Iron Hands\n|-damage|p2b: Zapdos|7\/100\n|-damage|p1b: Tornadus|69\/100|[from] item: Life Orb\n|move|p2a: Iron Hands|Wild Charge|p1b: Tornadus\n|-supereffective|p1b: Tornadus\n|-damage|p1b: Tornadus|0 fnt\n|faint|p1b: Tornadus\n|-damage|p2a: Iron Hands|89\/100|[from] Recoil\n|\n|-heal|p2a: Iron Hands|95\/100|[from] Grassy Terrain\n|upkeep\n|\n|t:|1699684841\n|switch|p1b: Landorus|Landorus-Therian, L50, M, shiny|100\/100\n|-ability|p1b: Landorus|Intimidate|boost\n|-unboost|p2a: Iron Hands|atk|1\n|-unboost|p2b: Zapdos|atk|1\n|-ability|p2b: Zapdos|Defiant|boost\n|-boost|p2b: Zapdos|atk|2\n|turn|3\n|\n|t:|1699684861\n|switch|p2b: Chi-Yu|Chi-Yu, L50|100\/100\n|-ability|p2b: Chi-Yu|Beads of Ruin\n|move|p1a: Rillaboom|Grassy Glide|p2b: Chi-Yu\n|-resisted|p2b: Chi-Yu\n|-damage|p2b: Chi-Yu|67\/100\n|move|p1b: Landorus|Stomping Tantrum|p2a: Iron Hands\n|-supereffective|p2a: Iron Hands\n|-damage|p2a: Iron Hands|32\/100\n|move|p2a: Iron Hands|Drain Punch|p1a: Rillaboom\n|-damage|p1a: Rillaboom|74\/100\n|-heal|p2a: Iron Hands|44\/100|[from] drain|[of] p1a: Rillaboom\n|\n|-heal|p2b: Chi-Yu|73\/100|[from] Grassy Terrain\n|-heal|p1a: Rillaboom|80\/100|[from] Grassy Terrain\n|-heal|p2a: Iron Hands|49\/100|[from] Grassy Terrain\n|upkeep\n|turn|4\n|\n|t:|1699684885\n|move|p1a: Rillaboom|Protect|p1a: Rillaboom\n|-singleturn|p1a: Rillaboom|Protect\n|move|p2b: Chi-Yu|Heat Wave|p1a: Rillaboom|[spread] p1b\n|-activate|p1a: Rillaboom|move: Protect\n|-damage|p1b: Landorus|4\/100\n|-status|p1b: Landorus|brn\n|move|p1b: Landorus|Earthquake|p2a: Iron Hands|[spread] p2a,p2b\n|-activate|p1a: Rillaboom|move: Protect\n|-supereffective|p2a: Iron Hands\n|-supereffective|p2b: Chi-Yu\n|-damage|p2a: Iron Hands|36\/100\n|-damage|p2b: Chi-Yu|40\/100\n|move|p2a: Iron Hands|Heavy Slam|p1b: Landorus\n|-damage|p1b: Landorus|0 fnt\n|faint|p1b: Landorus\n|\n|-heal|p2b: Chi-Yu|46\/100|[from] Grassy Terrain\n|-heal|p1a: Rillaboom|86\/100|[from] Grassy Terrain\n|-heal|p2a: Iron Hands|42\/100|[from] Grassy Terrain\n|upkeep\n|\n|t:|1699684906\n|switch|p1b: Pelipper|Pelipper, L50, M|100\/100\n|-weather|RainDance|[from] ability: Drizzle|[of] p1b: Pelipper\n|turn|5\n|inactive|MAVERLOUS has 30 seconds left.\n|\n|t:|1699684932\n|move|p1a: Rillaboom|Grassy Glide|p2b: Chi-Yu\n|-resisted|p2b: Chi-Yu\n|-damage|p2b: Chi-Yu|15\/100\n|move|p2b: Chi-Yu|Heat Wave|p1a: Rillaboom|[spread] p1a,p1b\n|-supereffective|p1a: Rillaboom\n|-resisted|p1b: Pelipper\n|-damage|p1a: Rillaboom|1\/100\n|-damage|p1b: Pelipper|75\/100\n|-enditem|p1a: Rillaboom|Sitrus Berry|[eat]\n|-heal|p1a: Rillaboom|26\/100|[from] item: Sitrus Berry\n|move|p1b: Pelipper|Hurricane|p2a: Iron Hands\n|-damage|p2a: Iron Hands|15\/100\n|move|p2a: Iron Hands|Wild Charge|p1b: Pelipper\n|-supereffective|p1b: Pelipper\n|-damage|p1b: Pelipper|0 fnt\n|faint|p1b: Pelipper\n|-damage|p2a: Iron Hands|2\/100|[from] Recoil\n|\n|-weather|RainDance|[upkeep]\n|-heal|p2b: Chi-Yu|21\/100|[from] Grassy Terrain\n|-heal|p1a: Rillaboom|31\/100|[from] Grassy Terrain\n|-heal|p2a: Iron Hands|8\/100|[from] Grassy Terrain\n|-fieldend|move: Grassy Terrain\n|upkeep\n|turn|6\n|inactive|MAVERLOUS has 30 seconds left.\n|inactive|Mortipherus has 30 seconds left.\n|inactive|MAVERLOUS has 20 seconds left.\n|inactive|MAVERLOUS has 15 seconds left.\n|inactive|MAVERLOUS has 10 seconds left.\n|inactive|MAVERLOUS has 5 seconds left.\n|\n|t:|1699684987\n|move|p1a: Rillaboom|Fake Out||[still]\n|-hint|Fake Out only works on your first turn out.\n|-fail|p1a: Rillaboom\n|move|p2b: Chi-Yu|Heat Wave|p1a: Rillaboom\n|-supereffective|p1a: Rillaboom\n|-damage|p1a: Rillaboom|0 fnt\n|faint|p1a: Rillaboom\n|\n|win|Mortipherus\n|raw|MAVERLOUS's rating: 1206 &rarr; <strong>1180<\/strong><br \/>(-26 for losing)\n|raw|Mortipherus's rating: 1190 &rarr; <strong>1216<\/strong><br \/>(+26 for winning)\n","uploadtime":1699685004,"views":28,"p1id":"maverlous","p2id":"mortipherus","formatid":"gen9vgc2023regulatione","rating":1180,"private":0,"password":""}