{"id":"gen9vgc2023regulatione-1991707373","p1":"Sike0","p2":"Clllouuudddddd","format":"[Gen 9] VGC 2023 Regulation E","log":"|j|\u2606Sike0\n|j|\u2606Clllouuudddddd\n|t:|1700105098\n|gametype|doubles\n|player|p1|Sike0|2|1166\n|player|p2|Clllouuudddddd|265|1106\n|teamsize|p1|6\n|teamsize|p2|6\n|gen|9\n|tier|[Gen 9] VGC 2023 Regulation E\n|rated|\n|rule|Species Clause: Limit one of each Pok\u00e9mon\n|rule|Item Clause: Limit one of each item\n|clearpoke\n|poke|p1|Typhlosion-Hisui, L50, F|\n|poke|p1|Tornadus, L50, M|\n|poke|p1|Flutter Mane, L50|\n|poke|p1|Iron Hands, L50|\n|poke|p1|Landorus-Therian, L50, M|\n|poke|p1|Sinistcha, L50|\n|poke|p2|Pelipper, L50, M|\n|poke|p2|Iron Jugulis, L50|\n|poke|p2|Landorus-Therian, L50, M|\n|poke|p2|Ogerpon-Wellspring, L50, F|\n|poke|p2|Kingambit, L50, M|\n|poke|p2|Grimmsnarl, L50, M|\n|teampreview|4\n|inactive|Battle timer is ON: inactive players will automatically lose when time's up. (requested by Sike0)\n|inactive|Clllouuudddddd has 60 seconds left.\n|l|\u2606Sike0\n|inactive|Sike0 disconnected and has a minute to reconnect!\n|player|p1|\n|j|\u2606Sike0\n|inactive|Sike0 reconnected.\n|player|p1|Sike0|2\n|inactive|Clllouuudddddd has 30 seconds left.\n|l|\u2606Sike0\n|inactive|Sike0 disconnected and has a minute to reconnect!\n|player|p1|\n|j|\u2606Sike0\n|inactive|Sike0 reconnected.\n|player|p1|Sike0|2\n|inactive|Clllouuudddddd has 20 seconds left.\n|\n|t:|1700105202\n|start\n|switch|p1a: Typhlosion|Typhlosion-Hisui, L50, F|100\/100\n|switch|p1b: Tornadus|Tornadus, L50, M|100\/100\n|switch|p2a: Iron Jugulis|Iron Jugulis, L50|100\/100\n|switch|p2b: Pelipper|Pelipper, L50, M|100\/100\n|-weather|RainDance|[from] ability: Drizzle|[of] p2b: Pelipper\n|-enditem|p2a: Iron Jugulis|Booster Energy\n|-activate|p2a: Iron Jugulis|ability: Quark Drive|[fromitem]\n|-start|p2a: Iron Jugulis|quarkdrivespe\n|turn|1\n|inactive|Clllouuudddddd has 30 seconds left.\n|inactive|Clllouuudddddd has 20 seconds left.\n|inactive|Clllouuudddddd has 15 seconds left.\n|\n|t:|1700105244\n|-terastallize|p1a: Typhlosion|Fire\n|move|p1b: Tornadus|Tailwind|p1b: Tornadus\n|-sidestart|p1: Sike0|move: Tailwind\n|move|p1a: Typhlosion|Eruption|p2a: Iron Jugulis|[spread] p2a,p2b\n|-resisted|p2b: Pelipper\n|-damage|p2a: Iron Jugulis|41\/100\n|-damage|p2b: Pelipper|59\/100\n|move|p2a: Iron Jugulis|Tailwind|p2a: Iron Jugulis\n|-sidestart|p2: Clllouuudddddd|move: Tailwind\n|move|p2b: Pelipper|Icy Wind|p1a: Typhlosion|[spread] p1a\n|-miss|p2b: Pelipper|p1b: Tornadus\n|-resisted|p1a: Typhlosion\n|-damage|p1a: Typhlosion|92\/100\n|-unboost|p1a: Typhlosion|spe|1\n|\n|-weather|RainDance|[upkeep]\n|upkeep\n|turn|2\n|inactive|Clllouuudddddd has 30 seconds left.\n|inactive|Clllouuudddddd has 20 seconds left.\n|\n|t:|1700105284\n|move|p2a: Iron Jugulis|Protect|p2a: Iron Jugulis\n|-singleturn|p2a: Iron Jugulis|Protect\n|move|p1b: Tornadus|Sunny Day|p1b: Tornadus\n|-weather|SunnyDay\n|move|p1a: Typhlosion|Eruption|p2a: Iron Jugulis|[spread] p2b\n|-activate|p2a: Iron Jugulis|move: Protect\n|-resisted|p2b: Pelipper\n|-damage|p2b: Pelipper|0 fnt\n|faint|p2b: Pelipper\n|\n|-weather|SunnyDay|[upkeep]\n|upkeep\n|\n|t:|1700105302\n|switch|p2b: Landorus|Landorus-Therian, L50, M|100\/100\n|-ability|p2b: Landorus|Intimidate|boost\n|-unboost|p1a: Typhlosion|atk|1\n|-unboost|p1b: Tornadus|atk|1\n|turn|3\n|\n|t:|1700105324\n|switch|p1a: Iron Hands|Iron Hands, L50|100\/100\n|move|p2a: Iron Jugulis|Snarl|p1b: Tornadus|[spread] p1a\n|-miss|p2a: Iron Jugulis|p1b: Tornadus\n|-resisted|p1a: Iron Hands\n|-damage|p1a: Iron Hands|94\/100\n|-unboost|p1a: Iron Hands|spa|1\n|move|p2b: Landorus|Rock Slide|p1a: Iron Hands|[spread] p1a,p1b\n|-resisted|p1a: Iron Hands\n|-supereffective|p1b: Tornadus\n|-damage|p1a: Iron Hands|89\/100\n|-damage|p1b: Tornadus|62\/100\n|move|p1b: Tornadus|Icy Wind|p2a: Iron Jugulis|[spread] p2a,p2b\n|-supereffective|p2a: Iron Jugulis\n|-crit|p2a: Iron Jugulis\n|-supereffective|p2b: Landorus\n|-damage|p2a: Iron Jugulis|0 fnt\n|-damage|p2b: Landorus|48\/100\n|-unboost|p2b: Landorus|spe|1\n|faint|p2a: Iron Jugulis\n|-end|p2a: Iron Jugulis|Quark Drive|[silent]\n|\n|-weather|SunnyDay|[upkeep]\n|upkeep\n|\n|t:|1700105348\n|switch|p2a: Ogerpon|Ogerpon-Wellspring, L50, F|100\/100\n|turn|4\n|\n|t:|1700105366\n|move|p1a: Iron Hands|Fake Out|p2b: Landorus\n|-damage|p2b: Landorus|30\/100\n|cant|p2b: Landorus|flinch\n|move|p1b: Tornadus|Icy Wind|p2b: Landorus|[spread] p2a,p2b\n|-supereffective|p2b: Landorus\n|-damage|p2a: Ogerpon|87\/100\n|-damage|p2b: Landorus|0 fnt\n|-unboost|p2a: Ogerpon|spe|1\n|faint|p2b: Landorus\n|move|p2a: Ogerpon|Swords Dance|p2a: Ogerpon\n|-boost|p2a: Ogerpon|atk|2\n|\n|-weather|SunnyDay|[upkeep]\n|-sideend|p2: Clllouuudddddd|move: Tailwind\n|-sideend|p1: Sike0|move: Tailwind\n|upkeep\n|turn|5\n|\n|t:|1700105385\n|move|p2a: Ogerpon|Spiky Shield|p2a: Ogerpon\n|-singleturn|p2a: Ogerpon|move: Protect\n|move|p1b: Tornadus|Tailwind|p1b: Tornadus\n|-sidestart|p1: Sike0|move: Tailwind\n|move|p1a: Iron Hands|Wild Charge|p2a: Ogerpon\n|-activate|p2a: Ogerpon|move: Protect\n|-damage|p1a: Iron Hands|76\/100|[from] Spiky Shield|[of] p2a: Ogerpon\n|\n|-weather|SunnyDay|[upkeep]\n|upkeep\n|turn|6\n|\n|t:|1700105404\n|move|p1b: Tornadus|Icy Wind|p2a: Ogerpon\n|-damage|p2a: Ogerpon|69\/100\n|-unboost|p2a: Ogerpon|spe|1\n|move|p1a: Iron Hands|Wild Charge|p2a: Ogerpon\n|-damage|p2a: Ogerpon|17\/100\n|-damage|p1a: Iron Hands|67\/100|[from] Recoil\n|move|p2a: Ogerpon|Horn Leech|p1a: Iron Hands\n|-damage|p1a: Iron Hands|13\/100\n|-heal|p2a: Ogerpon|56\/100|[from] drain|[of] p1a: Iron Hands\n|\n|-weather|none\n|upkeep\n|turn|7\n|\n|t:|1700105423\n|move|p2a: Ogerpon|Spiky Shield|p2a: Ogerpon\n|-singleturn|p2a: Ogerpon|move: Protect\n|move|p1b: Tornadus|Sunny Day|p1b: Tornadus\n|-weather|SunnyDay\n|move|p1a: Iron Hands|Wild Charge|p2a: Ogerpon\n|-activate|p2a: Ogerpon|move: Protect\n|-damage|p1a: Iron Hands|1\/100|[from] Spiky Shield|[of] p2a: Ogerpon\n|\n|-weather|SunnyDay|[upkeep]\n|upkeep\n|turn|8\n|\n|t:|1700105438\n|move|p1b: Tornadus|Bleakwind Storm|p2a: Ogerpon\n|-supereffective|p2a: Ogerpon\n|-damage|p2a: Ogerpon|0 fnt\n|faint|p2a: Ogerpon\n|\n|win|Sike0\n|raw|Sike0's rating: 1166 &rarr; <strong>1187<\/strong><br \/>(+21 for winning)\n|raw|Clllouuudddddd's rating: 1106 &rarr; <strong>1085<\/strong><br \/>(-21 for losing)\n|c|\u2606Clllouuudddddd|lawlz\n|c|\u2606Sike0|GG\n","uploadtime":1700105499,"views":24,"p1id":"sike0","p2id":"clllouuudddddd","formatid":"gen9vgc2023regulatione","rating":1085,"private":0,"password":""}