{"id":"gen9vgc2023regulatione-1994541605","p1":"Hisuo","p2":"Vengeful potato","format":"[Gen 9] VGC 2023 Regulation E","log":"|j|\u2606Hisuo\n|j|\u2606Vengeful potato\n|t:|1700456924\n|gametype|doubles\n|player|p1|Hisuo|102|1555\n|player|p2|Vengeful potato|swimmer|1596\n|teamsize|p1|6\n|teamsize|p2|6\n|gen|9\n|tier|[Gen 9] VGC 2023 Regulation E\n|rated|\n|rule|Species Clause: Limit one of each Pok\u00e9mon\n|rule|Item Clause: Limit one of each item\n|clearpoke\n|poke|p1|Farigiraf, L50, M|\n|poke|p1|Sylveon, L50, M|\n|poke|p1|Arcanine-Hisui, L50, M|\n|poke|p1|Amoonguss, L50, F|\n|poke|p1|Urshifu-*, L50, M|\n|poke|p1|Gholdengo, L50|\n|poke|p2|Articuno-Galar, L50|\n|poke|p2|Maushold, L50|\n|poke|p2|Basculegion, L50, M|\n|poke|p2|Chi-Yu, L50|\n|poke|p2|Indeedee-F, L50, F|\n|poke|p2|Breloom, L50, M|\n|teampreview|4\n|\n|t:|1700456984\n|start\n|switch|p1a: Farigiraf|Farigiraf, L50, M|100\/100\n|switch|p1b: Sylveon|Sylveon, L50, M|100\/100\n|switch|p2a: The Rizzler\ud83d\ude31\ud83d\udcaf\ud83d\udde3\ufe0f|Articuno-Galar, L50, shiny|100\/100\n|switch|p2b: Despereaux|Maushold, L50, shiny|100\/100\n|turn|1\n|\n|t:|1700457002\n|move|p2b: Despereaux|Super Fang|p1b: Sylveon\n|-damage|p1b: Sylveon|50\/100\n|move|p2a: The Rizzler\ud83d\ude31\ud83d\udcaf\ud83d\udde3\ufe0f|Freezing Glare|p1b: Sylveon\n|-damage|p1b: Sylveon|18\/100\n|-status|p1b: Sylveon|frz\n|cant|p1b: Sylveon|frz\n|move|p1a: Farigiraf|Hyper Voice|p2b: Despereaux|[spread] p2a,p2b\n|-damage|p2a: The Rizzler\ud83d\ude31\ud83d\udcaf\ud83d\udde3\ufe0f|83\/100\n|-damage|p2b: Despereaux|72\/100\n|\n|upkeep\n|turn|2\n|\n|t:|1700457017\n|cant|p1b: Sylveon|frz\n|move|p2b: Despereaux|Super Fang|p1a: Farigiraf\n|-damage|p1a: Farigiraf|50\/100\n|-enditem|p1a: Farigiraf|Sitrus Berry|[eat]\n|-heal|p1a: Farigiraf|75\/100|[from] item: Sitrus Berry\n|move|p2a: The Rizzler\ud83d\ude31\ud83d\udcaf\ud83d\udde3\ufe0f|Air Slash|p1a: Farigiraf\n|-damage|p1a: Farigiraf|42\/100\n|move|p1a: Farigiraf|Trick Room|p1a: Farigiraf\n|-fieldstart|move: Trick Room|[of] p1a: Farigiraf\n|\n|upkeep\n|turn|3\n|\n|t:|1700457028\n|move|p1a: Farigiraf|Hyper Voice|p2a: The Rizzler\ud83d\ude31\ud83d\udcaf\ud83d\udde3\ufe0f|[spread] p2a,p2b\n|-damage|p2a: The Rizzler\ud83d\ude31\ud83d\udcaf\ud83d\udde3\ufe0f|64\/100\n|-damage|p2b: Despereaux|43\/100\n|cant|p1b: Sylveon|frz\n|move|p2b: Despereaux|Super Fang|p1a: Farigiraf\n|-damage|p1a: Farigiraf|21\/100\n|move|p2a: The Rizzler\ud83d\ude31\ud83d\udcaf\ud83d\udde3\ufe0f|Trick Room|p2a: The Rizzler\ud83d\ude31\ud83d\udcaf\ud83d\udde3\ufe0f\n|-fieldend|move: Trick Room\n|\n|upkeep\n|turn|4\n|j| nzthenoob\n|l| nzthenoob\n|\n|t:|1700457053\n|move|p2b: Despereaux|Super Fang|p1b: Sylveon\n|-damage|p1b: Sylveon|9\/100 frz\n|move|p2a: The Rizzler\ud83d\ude31\ud83d\udcaf\ud83d\udde3\ufe0f|Air Slash|p1a: Farigiraf\n|-damage|p1a: Farigiraf|0 fnt\n|faint|p1a: Farigiraf\n|cant|p1b: Sylveon|frz\n|\n|upkeep\n|\n|t:|1700457062\n|switch|p1a: Gholdengo|Gholdengo, L50|100\/100\n|turn|5\n|\n|t:|1700457079\n|switch|p2b: Nemo|Chi-Yu, L50|100\/100\n|-ability|p2b: Nemo|Beads of Ruin\n|cant|p1b: Sylveon|frz\n|move|p2a: The Rizzler\ud83d\ude31\ud83d\udcaf\ud83d\udde3\ufe0f|Tailwind|p2a: The Rizzler\ud83d\ude31\ud83d\udcaf\ud83d\udde3\ufe0f\n|-sidestart|p2: Vengeful potato|move: Tailwind\n|move|p1a: Gholdengo|Nasty Plot|p1a: Gholdengo\n|-boost|p1a: Gholdengo|spa|2\n|\n|upkeep\n|turn|6\n|\n|t:|1700457095\n|-terastallize|p1a: Gholdengo|Dragon\n|-curestatus|p1b: Sylveon|frz|[msg]\n|move|p1b: Sylveon|Quick Attack|p2b: Nemo\n|-damage|p2b: Nemo|87\/100\n|move|p2b: Nemo|Snarl|p1b: Sylveon|[spread] p1a,p1b\n|-resisted|p1b: Sylveon\n|-damage|p1a: Gholdengo|57\/100\n|-damage|p1b: Sylveon|0 fnt\n|-unboost|p1a: Gholdengo|spa|1\n|faint|p1b: Sylveon\n|-damage|p2b: Nemo|78\/100|[from] item: Life Orb\n|move|p2a: The Rizzler\ud83d\ude31\ud83d\udcaf\ud83d\udde3\ufe0f|Freezing Glare|p1a: Gholdengo\n|-damage|p1a: Gholdengo|0 fnt\n|faint|p1a: Gholdengo\n|\n|upkeep\n|-message|Hisuo forfeited.\n|\n|win|Vengeful potato\n|raw|Hisuo's rating: 1555 &rarr; <strong>1537<\/strong><br \/>(-18 for losing)\n|raw|Vengeful potato's rating: 1596 &rarr; <strong>1614<\/strong><br \/>(+18 for winning)\n|l|\u2606Hisuo\n","uploadtime":1700457122,"views":7,"p1id":"hisuo","p2id":"vengefulpotato","formatid":"gen9vgc2023regulatione","rating":1537,"private":0,"password":""}