{"id":"gen9vgc2023regulatione-1990817814","p1":"Qwano","p2":"critcrit2016","format":"[Gen 9] VGC 2023 Regulation E","log":"|j|\u2606Qwano\n|j|\u2606critcrit2016\n|t:|1700003924\n|gametype|doubles\n|player|p1|Qwano|1|1144\n|player|p2|critcrit2016|richboy|1123\n|teamsize|p1|6\n|teamsize|p2|6\n|gen|9\n|tier|[Gen 9] VGC 2023 Regulation E\n|rated|\n|rule|Species Clause: Limit one of each Pok\u00e9mon\n|rule|Item Clause: Limit one of each item\n|clearpoke\n|poke|p1|Sinistcha-Masterpiece, L50|\n|poke|p1|Houndstone, L50, M|\n|poke|p1|Tyranitar, L50, M|\n|poke|p1|Articuno-Galar, L50|\n|poke|p1|Glimmora, L50, F|\n|poke|p1|Kommo-o, L50, M|\n|poke|p2|Urshifu-*, L50, M|\n|poke|p2|Amoonguss, L50, F|\n|poke|p2|Zapdos-Galar, L50|\n|poke|p2|Chien-Pao, L50|\n|poke|p2|Flutter Mane, L50|\n|poke|p2|Landorus-Therian, L50, M|\n|teampreview|4\n|inactive|Battle timer is ON: inactive players will automatically lose when time's up. (requested by critcrit2016)\n|inactive|critcrit2016 has 60 seconds left.\n|\n|t:|1700003955\n|start\n|switch|p1a: Articuno|Articuno-Galar, L50|100\/100\n|switch|p1b: Sinistcha|Sinistcha-Masterpiece, L50|100\/100\n|switch|p2a: Landorus|Landorus-Therian, L50, M|100\/100\n|switch|p2b: Zapdos|Zapdos-Galar, L50|100\/100\n|-ability|p2a: Landorus|Intimidate|boost\n|-unboost|p1a: Articuno|atk|1\n|-ability|p1a: Articuno|Competitive|boost\n|-boost|p1a: Articuno|spa|2\n|-unboost|p1b: Sinistcha|atk|1\n|turn|1\n|\n|t:|1700003980\n|move|p1b: Sinistcha|Rage Powder|p1b: Sinistcha\n|-singleturn|p1b: Sinistcha|move: Rage Powder\n|move|p2b: Zapdos|U-turn|p1b: Sinistcha\n|-damage|p1b: Sinistcha|80\/100\n|-damage|p2b: Zapdos|84\/100|[from] item: Rocky Helmet|[of] p1b: Sinistcha\n|\n|t:|1700003986\n|switch|p2b: Urshifu|Urshifu-Rapid-Strike, L50, M|100\/100|[from] U-turn\n|move|p2a: Landorus|Rock Slide|p1b: Sinistcha|[spread] p1a,p1b\n|-supereffective|p1a: Articuno\n|-damage|p1a: Articuno|64\/100\n|-damage|p1b: Sinistcha|64\/100\n|move|p1a: Articuno|Tailwind|p1a: Articuno\n|-sidestart|p1: Qwano|move: Tailwind\n|\n|upkeep\n|turn|2\n|\n|t:|1700004003\n|move|p1b: Sinistcha|Rage Powder|p1b: Sinistcha\n|-singleturn|p1b: Sinistcha|move: Rage Powder\n|move|p1a: Articuno|Freezing Glare|p2b: Urshifu\n|-supereffective|p2b: Urshifu\n|-damage|p2b: Urshifu|0 fnt\n|faint|p2b: Urshifu\n|move|p2a: Landorus|Rock Slide|p1a: Articuno|[spread] p1a,p1b\n|-supereffective|p1a: Articuno\n|-damage|p1a: Articuno|29\/100\n|-damage|p1b: Sinistcha|47\/100\n|\n|upkeep\n|\n|t:|1700004024\n|switch|p2b: Zapdos|Zapdos-Galar, L50|84\/100\n|turn|3\n|\n|t:|1700004033\n|move|p1a: Articuno|Freezing Glare|p2b: Zapdos\n|-supereffective|p2b: Zapdos\n|-damage|p2b: Zapdos|0 fnt\n|faint|p2b: Zapdos\n|move|p1b: Sinistcha|Matcha Gotcha|p2a: Landorus|[miss]\n|-miss|p1b: Sinistcha|p2a: Landorus\n|move|p2a: Landorus|Earthquake|p1b: Sinistcha|[spread] p1b\n|-immune|p1a: Articuno\n|-resisted|p1b: Sinistcha\n|-damage|p1b: Sinistcha|30\/100\n|\n|upkeep\n|\n|t:|1700004044\n|switch|p2b: Amoonguss|Amoonguss, L50, F, shiny|100\/100\n|turn|4\n|\n|t:|1700004050\n|move|p1b: Sinistcha|Rage Powder|p1b: Sinistcha\n|-singleturn|p1b: Sinistcha|move: Rage Powder\n|move|p2b: Amoonguss|Rage Powder|p2b: Amoonguss\n|-singleturn|p2b: Amoonguss|move: Rage Powder\n|move|p1a: Articuno|Freezing Glare|p2b: Amoonguss\n|-supereffective|p2b: Amoonguss\n|-damage|p2b: Amoonguss|0 fnt\n|faint|p2b: Amoonguss\n|move|p2a: Landorus|Rock Slide|p1a: Articuno|[spread] p1a,p1b\n|-supereffective|p1a: Articuno\n|-damage|p1a: Articuno|0 fnt\n|-damage|p1b: Sinistcha|13\/100\n|faint|p1a: Articuno\n|\n|-sideend|p1: Qwano|move: Tailwind\n|upkeep\n|\n|t:|1700004062\n|switch|p1a: Glimmora|Glimmora, L50, F|100\/100\n|turn|5\n|\n|t:|1700004070\n|-terastallize|p2a: Landorus|Ground\n|move|p1a: Glimmora|Power Gem|p2a: Landorus\n|-resisted|p2a: Landorus\n|-damage|p2a: Landorus|84\/100\n|move|p2a: Landorus|Earthquake|p1a: Glimmora|[spread] p1a,p1b\n|-supereffective|p1a: Glimmora\n|-resisted|p1b: Sinistcha\n|-enditem|p1a: Glimmora|Focus Sash\n|-damage|p1a: Glimmora|1\/100\n|-damage|p1b: Sinistcha|0 fnt\n|-activate|p1a: Glimmora|ability: Toxic Debris\n|-sidestart|p2: critcrit2016|move: Toxic Spikes\n|faint|p1b: Sinistcha\n|\n|upkeep\n|\n|t:|1700004082\n|switch|p1b: Kommo-o|Kommo-o, L50, M|100\/100\n|turn|6\n|\n|t:|1700004092\n|-terastallize|p1a: Glimmora|Grass\n|move|p1a: Glimmora|Energy Ball|p2a: Landorus\n|-supereffective|p2a: Landorus\n|-crit|p2a: Landorus\n|-damage|p2a: Landorus|0 fnt\n|faint|p2a: Landorus\n|\n|win|Qwano\n|raw|Qwano's rating: 1144 &rarr; <strong>1167<\/strong><br \/>(+23 for winning)\n|raw|critcrit2016's rating: 1123 &rarr; <strong>1100<\/strong><br \/>(-23 for losing)\n|l|\u2606critcrit2016\n","uploadtime":1700004114,"views":18,"p1id":"qwano","p2id":"critcrit2016","formatid":"gen9vgc2023regulatione","rating":1100,"private":0,"password":""}