{"id":"gen9vgc2023regulatione-1998938046","p1":"churrasco494949","p2":"opxqo","format":"[Gen 9] VGC 2023 Regulation E","log":"|j|\u2606churrasco494949\n|j|\u2606opxqo\n|t:|1701015366\n|gametype|doubles\n|player|p1|churrasco494949|cress|1065\n|player|p2|opxqo|clair|1126\n|teamsize|p1|6\n|teamsize|p2|6\n|gen|9\n|tier|[Gen 9] VGC 2023 Regulation E\n|rated|\n|rule|Species Clause: Limit one of each Pok\u00e9mon\n|rule|Item Clause: Limit one of each item\n|clearpoke\n|poke|p1|Cetitan, L50, F|\n|poke|p1|Ninetales-Alola, L50, F|\n|poke|p1|Moltres-Galar, L50|\n|poke|p1|Typhlosion-Hisui, L50, M|\n|poke|p1|Empoleon, L50, M|\n|poke|p1|Ogerpon-Wellspring, L50, F|\n|poke|p2|Chien-Pao, L50|\n|poke|p2|Flutter Mane, L50|\n|poke|p2|Iron Hands, L50|\n|poke|p2|Meowscarada, L50, F|\n|poke|p2|Skeledirge, L50, M|\n|poke|p2|Inteleon, L50, F|\n|teampreview|4\n|inactive|Battle timer is ON: inactive players will automatically lose when time's up. (requested by opxqo)\n|\n|t:|1701015396\n|start\n|switch|p1a: Cetitan|Cetitan, L50, F, shiny|100\/100\n|switch|p1b: Ogerpon|Ogerpon-Wellspring, L50, F|100\/100\n|switch|p2a: Meowscarada|Meowscarada, L50, F|100\/100\n|switch|p2b: Skeledirge|Skeledirge, L50, M|100\/100\n|turn|1\n|\n|t:|1701015410\n|-terastallize|p2b: Skeledirge|Steel\n|move|p1b: Ogerpon|Follow Me|p1b: Ogerpon\n|-singleturn|p1b: Ogerpon|move: Follow Me\n|move|p2a: Meowscarada|Grass Pledge|p1b: Ogerpon\n|-waiting|p2a: Meowscarada|p2b: Skeledirge\n|move|p2b: Skeledirge|Fire Pledge|p1b: Ogerpon|[from]move: Grass Pledge\n|-combine\n|-damage|p1b: Ogerpon|10\/100\n|-sidestart|p1: churrasco494949|Fire Pledge\n|move|p1a: Cetitan|Belly Drum|p1a: Cetitan\n|-damage|p1a: Cetitan|51\/100\n|-setboost|p1a: Cetitan|atk|6|[from] move: Belly Drum\n|\n|-damage|p1b: Ogerpon|0 fnt|[from] Fire Pledge\n|faint|p1b: Ogerpon\n|-damage|p1a: Cetitan|38\/100|[from] Fire Pledge\n|upkeep\n|-enditem|p1a: Cetitan|Sitrus Berry|[eat]\n|-heal|p1a: Cetitan|63\/100|[from] item: Sitrus Berry\n|\n|t:|1701015431\n|switch|p1b: Ninetales|Ninetales-Alola, L50, F, shiny|100\/100\n|-weather|Snow|[from] ability: Snow Warning|[of] p1b: Ninetales\n|turn|2\n|\n|t:|1701015454\n|move|p2a: Meowscarada|Grass Pledge|p1a: Cetitan\n|-waiting|p2a: Meowscarada|p2b: Skeledirge\n|move|p2b: Skeledirge|Fire Pledge|p1a: Cetitan|[from]move: Grass Pledge\n|-combine\n|-supereffective|p1a: Cetitan\n|-crit|p1a: Cetitan\n|-damage|p1a: Cetitan|0 fnt\n|faint|p1a: Cetitan\n|move|p1b: Ninetales|Aurora Veil|p1b: Ninetales\n|-sidestart|p1: churrasco494949|move: Aurora Veil\n|\n|-weather|Snow|[upkeep]\n|-damage|p1b: Ninetales|88\/100|[from] Fire Pledge\n|upkeep\n|\n|t:|1701015463\n|switch|p1a: Moltres|Moltres-Galar, L50|100\/100\n|turn|3\n|inactive|churrasco494949 has 30 seconds left.\n|inactive|churrasco494949 has 20 seconds left.\n|\n|t:|1701015498\n|move|p2a: Meowscarada|Flower Trick|p1b: Ninetales\n|-start|p2a: Meowscarada|typechange|Grass|[from] ability: Protean\n|-crit|p1b: Ninetales\n|-damage|p1b: Ninetales|17\/100\n|-damage|p2a: Meowscarada|91\/100|[from] item: Life Orb\n|move|p1b: Ninetales|Blizzard|p2a: Meowscarada|[spread] p2a,p2b\n|-supereffective|p2a: Meowscarada\n|-resisted|p2b: Skeledirge\n|-damage|p2a: Meowscarada|0 fnt\n|-damage|p2b: Skeledirge|83\/100\n|-status|p2b: Skeledirge|frz\n|faint|p2a: Meowscarada\n|move|p1a: Moltres|Fiery Wrath|p2b: Skeledirge\n|-damage|p2b: Skeledirge|45\/100 frz\n|cant|p2b: Skeledirge|frz\n|\n|-weather|Snow|[upkeep]\n|-damage|p1b: Ninetales|5\/100|[from] Fire Pledge\n|-damage|p1a: Moltres|88\/100|[from] Fire Pledge\n|upkeep\n|\n|t:|1701015523\n|switch|p2a: Iron Hands|Iron Hands, L50|100\/100\n|turn|4\n|\n|t:|1701015543\n|-terastallize|p1a: Moltres|Dark\n|move|p2a: Iron Hands|Fake Out|p1b: Ninetales\n|-crit|p1b: Ninetales\n|-damage|p1b: Ninetales|0 fnt\n|faint|p1b: Ninetales\n|move|p1a: Moltres|Air Slash|p2a: Iron Hands\n|-damage|p2a: Iron Hands|83\/100\n|-curestatus|p2b: Skeledirge|frz|[msg]\n|move|p2b: Skeledirge|Torch Song|p1a: Moltres\n|-crit|p1a: Moltres\n|-damage|p1a: Moltres|33\/100\n|-boost|p2b: Skeledirge|spa|1\n|-ability|p1a: Moltres|Berserk|boost\n|-boost|p1a: Moltres|spa|1\n|\n|-weather|Snow|[upkeep]\n|-damage|p1a: Moltres|21\/100|[from] Fire Pledge\n|-sideend|p1: churrasco494949|Fire Pledge\n|upkeep\n|turn|5\n|-message|churrasco494949 forfeited.\n|\n|win|opxqo\n|raw|churrasco494949's rating: 1065 &rarr; <strong>1049<\/strong><br \/>(-16 for losing)\n|raw|opxqo's rating: 1126 &rarr; <strong>1147<\/strong><br \/>(+21 for winning)\n|l|\u2606churrasco494949\n","uploadtime":1701015564,"views":6,"p1id":"churrasco494949","p2id":"opxqo","formatid":"gen9vgc2023regulatione","rating":1049,"private":0,"password":""}