{"id":"gen9vgc2023regulatione-1995002897","p1":"Mr. B1ake","p2":"zugasteam","format":"[Gen 9] VGC 2023 Regulation E","log":"|j|\u2606Mr. B1ake\n|j|\u2606zugasteam\n|t:|1700512351\n|gametype|doubles\n|player|p1|Mr. B1ake|drayden|1466\n|player|p2|zugasteam|102|1602\n|teamsize|p1|6\n|teamsize|p2|6\n|gen|9\n|tier|[Gen 9] VGC 2023 Regulation E\n|rated|\n|rule|Species Clause: Limit one of each Pok\u00e9mon\n|rule|Item Clause: Limit one of each item\n|clearpoke\n|poke|p1|Ogerpon-Cornerstone, L50, F|\n|poke|p1|Tyranitar, L50, F|\n|poke|p1|Landorus-Therian, L50, M|\n|poke|p1|Sinistcha, L50|\n|poke|p1|Kingambit, L50, M|\n|poke|p1|Iron Hands, L50|\n|poke|p2|Iron Hands, L50|\n|poke|p2|Heatran, L50, F|\n|poke|p2|Landorus-Therian, L50, M|\n|poke|p2|Amoonguss, L50, M|\n|poke|p2|Roaring Moon, L50|\n|poke|p2|Urshifu-*, L50, F|\n|teampreview|4\n|\n|t:|1700512372\n|start\n|switch|p1a: Tyranitar|Tyranitar, L50, F|100\/100\n|switch|p1b: Toph|Landorus-Therian, L50, M|100\/100\n|switch|p2a: Heatran|Heatran, L50, F|100\/100\n|switch|p2b: Iron Hands|Iron Hands, L50|100\/100\n|-ability|p1b: Toph|Intimidate|boost\n|-unboost|p2a: Heatran|atk|1\n|-unboost|p2b: Iron Hands|atk|1\n|-weather|Sandstorm|[from] ability: Sand Stream|[of] p1a: Tyranitar\n|turn|1\n|\n|t:|1700512402\n|move|p1a: Tyranitar|Protect|p1a: Tyranitar\n|-singleturn|p1a: Tyranitar|Protect\n|move|p2b: Iron Hands|Fake Out|p1b: Toph\n|-damage|p1b: Toph|90\/100\n|cant|p1b: Toph|flinch\n|move|p2a: Heatran|Substitute|p2a: Heatran\n|-start|p2a: Heatran|Substitute\n|-damage|p2a: Heatran|76\/100\n|\n|-weather|Sandstorm|[upkeep]\n|-damage|p2b: Iron Hands|94\/100|[from] Sandstorm\n|-heal|p2a: Heatran|81\/100|[from] item: Leftovers\n|upkeep\n|turn|2\n|\n|t:|1700512419\n|switch|p1a: Iroh|Sinistcha, L50|100\/100\n|-heal|p1b: Toph|100\/100|[from] ability: Hospitality|[of] p1a: Iroh\n|-terastallize|p2b: Iron Hands|Grass\n|move|p1b: Toph|Earthquake|p2b: Iron Hands|[spread] p1a,p2a,p2b\n|-supereffective|p2a: Heatran\n|-end|p2a: Heatran|Substitute\n|-resisted|p1a: Iroh\n|-resisted|p2b: Iron Hands\n|-damage|p1a: Iroh|78\/100\n|-damage|p2b: Iron Hands|76\/100\n|move|p2a: Heatran|Heat Wave|p1a: Iroh|[spread] p1b\n|-miss|p2a: Heatran|p1a: Iroh\n|-damage|p1b: Toph|42\/100\n|move|p2b: Iron Hands|Drain Punch|p1a: Iroh\n|-immune|p1a: Iroh\n|\n|-weather|Sandstorm|[upkeep]\n|-damage|p1a: Iroh|72\/100|[from] Sandstorm\n|-damage|p2b: Iron Hands|69\/100|[from] Sandstorm\n|-heal|p2a: Heatran|87\/100|[from] item: Leftovers\n|upkeep\n|turn|3\n|\n|t:|1700512441\n|switch|p2a: Amoonguss|Amoonguss, L50, M|100\/100\n|switch|p1a: Iron Hands|Iron Hands, L50|100\/100\n|move|p1b: Toph|Earthquake|p2a: Amoonguss|[spread] p1a,p2a,p2b\n|-supereffective|p1a: Iron Hands\n|-crit|p2a: Amoonguss\n|-resisted|p2b: Iron Hands\n|-damage|p1a: Iron Hands|25\/100\n|-damage|p2a: Amoonguss|30\/100\n|-damage|p2b: Iron Hands|50\/100\n|move|p2b: Iron Hands|Heavy Slam|p1b: Toph\n|-damage|p1b: Toph|5\/100\n|\n|-weather|Sandstorm|[upkeep]\n|-damage|p2b: Iron Hands|44\/100|[from] Sandstorm\n|-damage|p1a: Iron Hands|19\/100|[from] Sandstorm\n|-damage|p2a: Amoonguss|24\/100|[from] Sandstorm\n|upkeep\n|turn|4\n|\n|t:|1700512461\n|switch|p1b: Iroh|Sinistcha, L50|72\/100\n|-heal|p1a: Iron Hands|44\/100|[from] ability: Hospitality|[of] p1b: Iroh\n|move|p2a: Amoonguss|Protect|p2a: Amoonguss\n|-singleturn|p2a: Amoonguss|Protect\n|move|p1a: Iron Hands|Fake Out|p2a: Amoonguss\n|-activate|p2a: Amoonguss|move: Protect\n|move|p2b: Iron Hands|Drain Punch|p1a: Iron Hands\n|-damage|p1a: Iron Hands|30\/100\n|-heal|p2b: Iron Hands|51\/100|[from] drain|[of] p1a: Iron Hands\n|\n|-weather|Sandstorm|[upkeep]\n|-damage|p1b: Iroh|66\/100|[from] Sandstorm\n|-damage|p2b: Iron Hands|45\/100|[from] Sandstorm\n|-damage|p1a: Iron Hands|25\/100|[from] Sandstorm\n|-damage|p2a: Amoonguss|18\/100|[from] Sandstorm\n|upkeep\n|turn|5\n|\n|t:|1700512481\n|switch|p2a: Heatran|Heatran, L50, F|87\/100\n|move|p1b: Iroh|Matcha Gotcha|p2b: Iron Hands|[spread] p2a,p2b\n|-resisted|p2a: Heatran\n|-resisted|p2b: Iron Hands\n|-damage|p2a: Heatran|83\/100\n|-heal|p1b: Iroh|68\/100|[from] drain|[of] p2a: Heatran\n|-damage|p2b: Iron Hands|39\/100\n|-heal|p1b: Iroh|73\/100|[from] drain|[of] p2b: Iron Hands\n|move|p2b: Iron Hands|Heavy Slam|p1b: Iroh\n|-damage|p1b: Iroh|54\/100\n|move|p1a: Iron Hands|Drain Punch|p2b: Iron Hands\n|-damage|p2b: Iron Hands|18\/100\n|-heal|p1a: Iron Hands|34\/100|[from] drain|[of] p2b: Iron Hands\n|\n|-weather|none\n|-heal|p2a: Heatran|88\/100|[from] item: Leftovers\n|upkeep\n|turn|6\n|\n|t:|1700512503\n|move|p1b: Iroh|Protect|p1b: Iroh\n|-singleturn|p1b: Iroh|Protect\n|move|p2a: Heatran|Heat Wave|p1b: Iroh|[spread] p1a\n|-activate|p1b: Iroh|move: Protect\n|-damage|p1a: Iron Hands|14\/100\n|move|p2b: Iron Hands|Drain Punch|p1a: Iron Hands\n|-damage|p1a: Iron Hands|0 fnt\n|-heal|p2b: Iron Hands|25\/100|[from] drain|[of] p1a: Iron Hands\n|faint|p1a: Iron Hands\n|-end|p1a: Iron Hands|Quark Drive|[silent]\n|\n|-heal|p2a: Heatran|94\/100|[from] item: Leftovers\n|upkeep\n|\n|t:|1700512518\n|switch|p1a: Toph|Landorus-Therian, L50, M|5\/100\n|-ability|p1a: Toph|Intimidate|boost\n|-unboost|p2a: Heatran|atk|1\n|-unboost|p2b: Iron Hands|atk|1\n|turn|7\n|\n|t:|1700512526\n|move|p2a: Heatran|Protect|p2a: Heatran\n|-singleturn|p2a: Heatran|Protect\n|move|p1a: Toph|Earthquake|p2a: Heatran|[spread] p1b,p2b\n|-activate|p2a: Heatran|move: Protect\n|-resisted|p1b: Iroh\n|-resisted|p2b: Iron Hands\n|-damage|p1b: Iroh|30\/100\n|-damage|p2b: Iron Hands|6\/100\n|-enditem|p1b: Iroh|Sitrus Berry|[eat]\n|-heal|p1b: Iroh|55\/100|[from] item: Sitrus Berry\n|move|p1b: Iroh|Matcha Gotcha|p2b: Iron Hands|[spread] p2b\n|-activate|p2a: Heatran|move: Protect\n|-resisted|p2b: Iron Hands\n|-damage|p2b: Iron Hands|0 fnt\n|-heal|p1b: Iroh|59\/100|[from] drain|[of] p2b: Iron Hands\n|faint|p2b: Iron Hands\n|-end|p2b: Iron Hands|Quark Drive|[silent]\n|\n|-heal|p2a: Heatran|99\/100|[from] item: Leftovers\n|upkeep\n|\n|t:|1700512543\n|switch|p2b: Urshifu|Urshifu-Rapid-Strike, L50, F|100\/100\n|turn|8\n|\n|t:|1700512552\n|switch|p2a: Amoonguss|Amoonguss, L50, M|51\/100\n|move|p2b: Urshifu|Aqua Jet|p1a: Toph\n|-supereffective|p1a: Toph\n|-damage|p1a: Toph|0 fnt\n|faint|p1a: Toph\n|move|p1b: Iroh|Strength Sap|p2b: Urshifu\n|-unboost|p2b: Urshifu|atk|1\n|-heal|p1b: Iroh|100\/100\n|\n|upkeep\n|\n|t:|1700512562\n|switch|p1a: Tyranitar|Tyranitar, L50, F|100\/100\n|-weather|Sandstorm|[from] ability: Sand Stream|[of] p1a: Tyranitar\n|turn|9\n|\n|t:|1700512570\n|-terastallize|p1a: Tyranitar|Fairy\n|move|p2b: Urshifu|Detect|p2b: Urshifu\n|-singleturn|p2b: Urshifu|Protect\n|move|p1a: Tyranitar|Tera Blast|p2b: Urshifu|[anim] Tera Blast Fairy\n|-activate|p2b: Urshifu|move: Protect\n|move|p1b: Iroh|Shadow Ball|p2a: Amoonguss\n|-damage|p2a: Amoonguss|22\/100\n|move|p2a: Amoonguss|Spore|p1a: Tyranitar\n|-status|p1a: Tyranitar|slp|[from] move: Spore\n|\n|-weather|Sandstorm|[upkeep]\n|-damage|p2b: Urshifu|95\/100|[from] Sandstorm\n|-damage|p1a: Tyranitar|95\/100 slp|[from] Sandstorm\n|-damage|p1b: Iroh|94\/100|[from] Sandstorm\n|-damage|p2a: Amoonguss|16\/100|[from] Sandstorm\n|-heal|p1a: Tyranitar|100\/100 slp|[from] item: Leftovers\n|upkeep\n|turn|10\n|\n|t:|1700512591\n|switch|p2b: Heatran|Heatran, L50, F|99\/100\n|cant|p1a: Tyranitar|slp\n|move|p2a: Amoonguss|Protect|p2a: Amoonguss\n|-singleturn|p2a: Amoonguss|Protect\n|move|p1b: Iroh|Matcha Gotcha|p2a: Amoonguss|[spread] p2b\n|-activate|p2a: Amoonguss|move: Protect\n|-resisted|p2b: Heatran\n|-damage|p2b: Heatran|95\/100\n|-heal|p1b: Iroh|97\/100|[from] drain|[of] p2b: Heatran\n|\n|-weather|Sandstorm|[upkeep]\n|-damage|p1a: Tyranitar|95\/100 slp|[from] Sandstorm\n|-damage|p1b: Iroh|91\/100|[from] Sandstorm\n|-damage|p2a: Amoonguss|10\/100|[from] Sandstorm\n|-heal|p2b: Heatran|100\/100|[from] item: Leftovers\n|-heal|p1a: Tyranitar|100\/100 slp|[from] item: Leftovers\n|upkeep\n|turn|11\n|\n|t:|1700512612\n|switch|p2a: Urshifu|Urshifu-Rapid-Strike, L50, F|95\/100\n|move|p2b: Heatran|Substitute|p2b: Heatran\n|-start|p2b: Heatran|Substitute\n|-damage|p2b: Heatran|76\/100\n|cant|p1a: Tyranitar|slp\n|move|p1b: Iroh|Shadow Ball|p2b: Heatran\n|-end|p2b: Heatran|Substitute\n|\n|-weather|Sandstorm|[upkeep]\n|-damage|p2a: Urshifu|89\/100|[from] Sandstorm\n|-damage|p1a: Tyranitar|95\/100 slp|[from] Sandstorm\n|-damage|p1b: Iroh|85\/100|[from] Sandstorm\n|-heal|p2b: Heatran|81\/100|[from] item: Leftovers\n|-heal|p1a: Tyranitar|100\/100 slp|[from] item: Leftovers\n|upkeep\n|turn|12\n|\n|t:|1700512629\n|move|p2a: Urshifu|Surging Strikes|p1a: Tyranitar\n|-crit|p1a: Tyranitar\n|-damage|p1a: Tyranitar|80\/100 slp\n|-crit|p1a: Tyranitar\n|-damage|p1a: Tyranitar|58\/100 slp\n|-crit|p1a: Tyranitar\n|-damage|p1a: Tyranitar|36\/100 slp\n|-hitcount|p1a: Tyranitar|3\n|move|p2b: Heatran|Heat Wave|p1b: Iroh|[spread] p1a,p1b\n|-supereffective|p1b: Iroh\n|-damage|p1a: Tyranitar|0 fnt\n|-damage|p1b: Iroh|0 fnt\n|faint|p1a: Tyranitar\n|faint|p1b: Iroh\n|\n|win|zugasteam\n|raw|Mr. B1ake's rating: 1466 &rarr; <strong>1453<\/strong><br \/>(-13 for losing)\n|raw|zugasteam's rating: 1602 &rarr; <strong>1615<\/strong><br \/>(+13 for winning)\n","uploadtime":1700512652,"views":3,"p1id":"mrb1ake","p2id":"zugasteam","formatid":"gen9vgc2023regulatione","rating":1453,"private":0,"password":""}