{"id":"gen9vgc2023regulatione-1988465754","p1":"Obut999","p2":"superseriousboi","format":"[Gen 9] VGC 2023 Regulation E","log":"|j|\u2606Obut999\n|j|\u2606superseriousboi\n|t:|1699725887\n|gametype|doubles\n|player|p1|Obut999|clerk-boss|1266\n|player|p2|superseriousboi|drayden|1353\n|teamsize|p1|6\n|teamsize|p2|6\n|gen|9\n|tier|[Gen 9] VGC 2023 Regulation E\n|rated|\n|rule|Species Clause: Limit one of each Pok\u00e9mon\n|rule|Item Clause: Limit one of each item\n|clearpoke\n|poke|p1|Spiritomb, L50, M|\n|poke|p1|Hariyama, L50, F|\n|poke|p1|Torkoal, L50, F|\n|poke|p1|Annihilape, L50, F|\n|poke|p1|Meowscarada, L50, M|\n|poke|p1|Ogerpon-Wellspring, L50, F|\n|poke|p2|Ogerpon-Wellspring, L50, F|\n|poke|p2|Landorus-Therian, L50, M|\n|poke|p2|Heatran, L50, F|\n|poke|p2|Iron Hands, L50|\n|poke|p2|Kingambit, L50, M|\n|poke|p2|Flutter Mane, L50|\n|teampreview|4\n|inactive|Battle timer is ON: inactive players will automatically lose when time's up. (requested by Obut999)\n|inactive|superseriousboi has 60 seconds left.\n|\n|t:|1699725953\n|start\n|switch|p1a: Spiritomb|Spiritomb, L50, M|100\/100\n|switch|p1b: Annihilape|Annihilape, L50, F|100\/100\n|switch|p2a: Flutter Mane|Flutter Mane, L50|100\/100\n|switch|p2b: Landorus|Landorus-Therian, L50, M|100\/100\n|-ability|p2b: Landorus|Intimidate|boost\n|-unboost|p1a: Spiritomb|atk|1\n|-unboost|p1b: Annihilape|atk|1\n|-ability|p1b: Annihilape|Defiant|boost\n|-boost|p1b: Annihilape|atk|2\n|turn|1\n|\n|t:|1699725973\n|-terastallize|p2b: Landorus|Flying\n|-terastallize|p1a: Spiritomb|Steel\n|move|p1b: Annihilape|Final Gambit|p2b: Landorus\n|-damage|p2b: Landorus|0 fnt\n|faint|p1b: Annihilape\n|faint|p2b: Landorus\n|move|p2a: Flutter Mane|Moonblast|p1a: Spiritomb\n|-resisted|p1a: Spiritomb\n|-damage|p1a: Spiritomb|74\/100\n|move|p1a: Spiritomb|Trick Room|p1a: Spiritomb\n|-fieldstart|move: Trick Room|[of] p1a: Spiritomb\n|\n|upkeep\n|\n|t:|1699725990\n|switch|p2b: Heatran|Heatran, L50, F|100\/100\n|switch|p1b: Torkoal|Torkoal, L50, F|100\/100\n|-weather|SunnyDay|[from] ability: Drought|[of] p1b: Torkoal\n|-activate|p2a: Flutter Mane|ability: Protosynthesis\n|-start|p2a: Flutter Mane|protosynthesisspa\n|turn|2\n|\n|t:|1699726005\n|move|p2b: Heatran|Protect|p2b: Heatran\n|-singleturn|p2b: Heatran|Protect\n|move|p2a: Flutter Mane|Protect|p2a: Flutter Mane\n|-singleturn|p2a: Flutter Mane|Protect\n|move|p1a: Spiritomb|Ally Switch|p1a: Spiritomb\n|swap|p1a: Spiritomb|1|[from] move: Ally Switch\n|move|p1a: Torkoal|Earth Power|p2b: Heatran\n|-activate|p2b: Heatran|move: Protect\n|\n|-weather|SunnyDay|[upkeep]\n|upkeep\n|turn|3\n|inactive|superseriousboi has 30 seconds left.\n|\n|t:|1699726033\n|move|p1b: Spiritomb|Helping Hand|p1a: Torkoal\n|-singleturn|p1a: Torkoal|Helping Hand|[of] p1b: Spiritomb\n|move|p1a: Torkoal|Earth Power|p2a: Flutter Mane\n|-damage|p2a: Flutter Mane|62\/100\n|move|p2b: Heatran|Heat Wave|p1a: Torkoal|[spread] p1a,p1b\n|-resisted|p1a: Torkoal\n|-supereffective|p1b: Spiritomb\n|-damage|p1a: Torkoal|54\/100\n|-damage|p1b: Spiritomb|0 fnt\n|faint|p1b: Spiritomb\n|-damage|p2b: Heatran|91\/100|[from] item: Life Orb\n|move|p2a: Flutter Mane|Shadow Ball|p1a: Torkoal\n|-damage|p1a: Torkoal|0 fnt\n|faint|p1a: Torkoal\n|\n|-weather|SunnyDay|[upkeep]\n|upkeep\n|\n|t:|1699726040\n|switch|p1b: Ogerpon|Ogerpon-Wellspring, L50, F|100\/100\n|turn|4\n|inactive|superseriousboi has 30 seconds left.\n|\n|t:|1699726068\n|move|p2a: Flutter Mane|Protect|p2a: Flutter Mane\n|-singleturn|p2a: Flutter Mane|Protect\n|move|p2b: Heatran|Heat Wave|p1b: Ogerpon\n|-damage|p1b: Ogerpon|17\/100\n|-damage|p2b: Heatran|81\/100|[from] item: Life Orb\n|move|p1b: Ogerpon|Ivy Cudgel|p2a: Flutter Mane\n|-activate|p2a: Flutter Mane|move: Protect\n|\n|-weather|SunnyDay|[upkeep]\n|upkeep\n|turn|5\n|inactive|superseriousboi has 30 seconds left.\n|\n|t:|1699726095\n|move|p2b: Heatran|Earth Power|p1b: Ogerpon\n|-resisted|p1b: Ogerpon\n|-damage|p1b: Ogerpon|0 fnt\n|faint|p1b: Ogerpon\n|-damage|p2b: Heatran|72\/100|[from] item: Life Orb\n|\n|win|superseriousboi\n|raw|Obut999's rating: 1266 &rarr; <strong>1247<\/strong><br \/>(-19 for losing)\n|raw|superseriousboi's rating: 1353 &rarr; <strong>1368<\/strong><br \/>(+15 for winning)\n","uploadtime":1699726103,"views":10,"p1id":"obut999","p2id":"superseriousboi","formatid":"gen9vgc2023regulatione","rating":1247,"private":0,"password":""}