{"id":"gen9vgc2023regulatione-1994198138","p1":"Kzejzkz","p2":"Moxie3317","format":"[Gen 9] VGC 2023 Regulation E","log":"|j|\u2606Kzejzkz\n|j|\u2606Moxie3317\n|t:|1700417958\n|gametype|doubles\n|player|p1|Kzejzkz|lance|1078\n|player|p2|Moxie3317|1|1010\n|teamsize|p1|6\n|teamsize|p2|6\n|gen|9\n|tier|[Gen 9] VGC 2023 Regulation E\n|rated|\n|rule|Species Clause: Limit one of each Pok\u00e9mon\n|rule|Item Clause: Limit one of each item\n|clearpoke\n|poke|p1|Flutter Mane, L50|\n|poke|p1|Tornadus, L50, M|\n|poke|p1|Rillaboom, L50, F|\n|poke|p1|Garganacl, L50, F|\n|poke|p1|Arcanine-Hisui, L50, M|\n|poke|p1|Chien-Pao, L50|\n|poke|p2|Kommo-o, L50, F|\n|poke|p2|Sinistcha, L50|\n|poke|p2|Tornadus, L50, M|\n|poke|p2|Clefairy, L50, M|\n|poke|p2|Iron Hands, L50|\n|poke|p2|Cetitan, L50, M|\n|teampreview|4\nMoxie3317 has agreed to open team sheets.\n|\n|t:|1700418010\n|start\n|switch|p1a: Tornadus|Tornadus, L50, M|100\/100\n|switch|p1b: Garganacl|Garganacl, L50, F|100\/100\n|switch|p2a: Cetitan|Cetitan, L50, M, shiny|100\/100\n|switch|p2b: Clefairy|Clefairy, L50, M|100\/100\n|turn|1\n|\n|t:|1700418022\n|-terastallize|p1b: Garganacl|Ghost\n|move|p2b: Clefairy|Follow Me|p2b: Clefairy\n|-singleturn|p2b: Clefairy|move: Follow Me\n|move|p1a: Tornadus|Taunt|p2b: Clefairy\n|-start|p2b: Clefairy|move: Taunt\n|move|p2a: Cetitan|Belly Drum|p2a: Cetitan\n|-damage|p2a: Cetitan|50\/100\n|-setboost|p2a: Cetitan|atk|6|[from] move: Belly Drum\n|-enditem|p2a: Cetitan|Sitrus Berry|[eat]\n|-heal|p2a: Cetitan|75\/100|[from] item: Sitrus Berry\n|move|p1b: Garganacl|Iron Defense|p1b: Garganacl\n|-boost|p1b: Garganacl|def|2\n|\n|upkeep\n|turn|2\n|\n|t:|1700418042\n|switch|p2b: Iron Hands|Iron Hands, L50|100\/100\n|move|p1a: Tornadus|Tailwind|p1a: Tornadus\n|-sidestart|p1: Kzejzkz|move: Tailwind\n|move|p2a: Cetitan|Ice Shard|p1a: Tornadus\n|-supereffective|p1a: Tornadus\n|-damage|p1a: Tornadus|0 fnt\n|faint|p1a: Tornadus\n|move|p1b: Garganacl|Iron Defense|p1b: Garganacl\n|-boost|p1b: Garganacl|def|2\n|\n|upkeep\n|\n|t:|1700418050\n|switch|p1a: Arcanine|Arcanine-Hisui, L50, M|100\/100\n|-ability|p1a: Arcanine|Intimidate|boost\n|-unboost|p2a: Cetitan|atk|1\n|-unboost|p2b: Iron Hands|atk|1\n|turn|3\n|\n|t:|1700418068\n|move|p2b: Iron Hands|Fake Out|p1a: Arcanine\n|-resisted|p1a: Arcanine\n|-damage|p1a: Arcanine|94\/100\n|cant|p1a: Arcanine|flinch\n|move|p1b: Garganacl|Salt Cure|p2a: Cetitan\n|-supereffective|p2a: Cetitan\n|-damage|p2a: Cetitan|57\/100\n|-start|p2a: Cetitan|Salt Cure\n|move|p2a: Cetitan|Liquidation|p1a: Arcanine\n|-supereffective|p1a: Arcanine\n|-damage|p1a: Arcanine|0 fnt\n|faint|p1a: Arcanine\n|\n|-damage|p2a: Cetitan|45\/100|[from] Salt Cure\n|upkeep\n|\n|t:|1700418070\n|switch|p1a: Flutter Mane|Flutter Mane, L50|100\/100\n|-enditem|p1a: Flutter Mane|Booster Energy\n|-activate|p1a: Flutter Mane|ability: Protosynthesis|[fromitem]\n|-start|p1a: Flutter Mane|protosynthesisspe\n|turn|4\n|\n|t:|1700418088\n|-end|p2b: Iron Hands|Quark Drive|[silent]\n|switch|p2b: Sinistcha|Sinistcha, L50, shiny|100\/100\n|-heal|p2a: Cetitan|70\/100|[from] ability: Hospitality|[of] p2b: Sinistcha\n|move|p1a: Flutter Mane|Protect|p1a: Flutter Mane\n|-singleturn|p1a: Flutter Mane|Protect\n|move|p2a: Cetitan|Ice Shard|p1a: Flutter Mane\n|-activate|p1a: Flutter Mane|move: Protect\n|move|p1b: Garganacl|Iron Defense|p1b: Garganacl\n|-boost|p1b: Garganacl|def|2\n|\n|-damage|p2a: Cetitan|57\/100|[from] Salt Cure\n|upkeep\n|turn|5\n|\n|t:|1700418105\n|move|p2b: Sinistcha|Rage Powder|p2b: Sinistcha\n|-singleturn|p2b: Sinistcha|move: Rage Powder\n|move|p2a: Cetitan|Ice Shard|p1a: Flutter Mane\n|-damage|p1a: Flutter Mane|0 fnt\n|faint|p1a: Flutter Mane\n|-end|p1a: Flutter Mane|Protosynthesis|[silent]\n|move|p1b: Garganacl|Salt Cure|p2b: Sinistcha\n|-damage|p2b: Sinistcha|89\/100\n|-start|p2b: Sinistcha|Salt Cure\n|\n|-damage|p2b: Sinistcha|76\/100|[from] Salt Cure\n|-damage|p2a: Cetitan|45\/100|[from] Salt Cure\n|-sideend|p1: Kzejzkz|move: Tailwind\n|upkeep\n|turn|6\n|\n|t:|1700418120\n|move|p2b: Sinistcha|Strength Sap|p1b: Garganacl\n|-unboost|p1b: Garganacl|atk|1\n|-heal|p2b: Sinistcha|100\/100\n|move|p2a: Cetitan|Ice Spinner|p1b: Garganacl\n|-damage|p1b: Garganacl|83\/100\n|move|p1b: Garganacl|Salt Cure|p2b: Sinistcha\n|-damage|p2b: Sinistcha|92\/100\n|\n|-damage|p2b: Sinistcha|79\/100|[from] Salt Cure\n|-damage|p2a: Cetitan|33\/100|[from] Salt Cure\n|upkeep\n|turn|7\n|\n|t:|1700418141\n|move|p2b: Sinistcha|Strength Sap|p1b: Garganacl\n|-unboost|p1b: Garganacl|atk|1\n|-heal|p2b: Sinistcha|100\/100\n|move|p2a: Cetitan|Ice Spinner|p1b: Garganacl\n|-damage|p1b: Garganacl|65\/100\n|move|p1b: Garganacl|Salt Cure|p2a: Cetitan\n|-supereffective|p2a: Cetitan\n|-damage|p2a: Cetitan|23\/100\n|\n|-damage|p2b: Sinistcha|88\/100|[from] Salt Cure\n|-damage|p2a: Cetitan|10\/100|[from] Salt Cure\n|upkeep\n|turn|8\n|\n|t:|1700418155\n|move|p1b: Garganacl|Protect|p1b: Garganacl\n|-singleturn|p1b: Garganacl|Protect\n|move|p2b: Sinistcha|Strength Sap|p1b: Garganacl\n|-activate|p1b: Garganacl|move: Protect\n|move|p2a: Cetitan|Ice Spinner|p1b: Garganacl\n|-activate|p1b: Garganacl|move: Protect\n|\n|-damage|p2b: Sinistcha|76\/100|[from] Salt Cure\n|-damage|p2a: Cetitan|0 fnt|[from] Salt Cure\n|faint|p2a: Cetitan\n|upkeep\n|inactive|Battle timer is ON: inactive players will automatically lose when time's up. (requested by Kzejzkz)\n|\n|t:|1700418171\n|switch|p2a: Clefairy|Clefairy, L50, M|100\/100\n|turn|9\n|\n|t:|1700418186\n|move|p2a: Clefairy|Protect|p2a: Clefairy\n|-singleturn|p2a: Clefairy|Protect\n|move|p2b: Sinistcha|Strength Sap|p1b: Garganacl\n|-unboost|p1b: Garganacl|atk|1\n|-heal|p2b: Sinistcha|100\/100\n|move|p1b: Garganacl|Salt Cure|p2a: Clefairy\n|-activate|p2a: Clefairy|move: Protect\n|\n|-damage|p2b: Sinistcha|88\/100|[from] Salt Cure\n|upkeep\n|turn|10\n|\n|t:|1700418208\n|move|p2a: Clefairy|Helping Hand|p2b: Sinistcha\n|-singleturn|p2b: Sinistcha|Helping Hand|[of] p2a: Clefairy\n|move|p2b: Sinistcha|Matcha Gotcha|p1b: Garganacl\n|-damage|p1b: Garganacl|34\/100\n|-heal|p2b: Sinistcha|100\/100|[from] drain|[of] p1b: Garganacl\n|-enditem|p1b: Garganacl|Sitrus Berry|[eat]\n|-heal|p1b: Garganacl|59\/100|[from] item: Sitrus Berry\n|move|p1b: Garganacl|Salt Cure|p2a: Clefairy\n|-damage|p2a: Clefairy|95\/100\n|-start|p2a: Clefairy|Salt Cure\n|\n|-damage|p2b: Sinistcha|88\/100|[from] Salt Cure\n|-damage|p2a: Clefairy|83\/100|[from] Salt Cure\n|upkeep\n|turn|11\n|\n|t:|1700418223\n|switch|p2a: Iron Hands|Iron Hands, L50|100\/100\n|move|p1b: Garganacl|Protect|p1b: Garganacl\n|-singleturn|p1b: Garganacl|Protect\n|move|p2b: Sinistcha|Matcha Gotcha|p1b: Garganacl\n|-activate|p1b: Garganacl|move: Protect\n|\n|-damage|p2b: Sinistcha|76\/100|[from] Salt Cure\n|upkeep\n|turn|12\n|\n|t:|1700418239\n|move|p2b: Sinistcha|Matcha Gotcha|p1b: Garganacl|[miss]\n|-miss|p2b: Sinistcha|p1b: Garganacl\n|move|p2a: Iron Hands|Wild Charge|p1b: Garganacl\n|-damage|p1b: Garganacl|50\/100\n|-damage|p2a: Iron Hands|98\/100|[from] Recoil\n|move|p1b: Garganacl|Recover|p1b: Garganacl\n|-heal|p1b: Garganacl|99\/100\n|\n|-damage|p2b: Sinistcha|63\/100|[from] Salt Cure\n|upkeep\n|turn|13\n|\n|t:|1700418255\n|switch|p2b: Clefairy|Clefairy, L50, M|83\/100\n|move|p1b: Garganacl|Protect|p1b: Garganacl\n|-singleturn|p1b: Garganacl|Protect\n|move|p2a: Iron Hands|Wild Charge|p1b: Garganacl\n|-activate|p1b: Garganacl|move: Protect\n|\n|upkeep\n|turn|14\n|\n|t:|1700418267\n|move|p2b: Clefairy|Helping Hand|p2a: Iron Hands\n|-singleturn|p2a: Iron Hands|Helping Hand|[of] p2b: Clefairy\n|move|p2a: Iron Hands|Wild Charge|p1b: Garganacl\n|-damage|p1b: Garganacl|87\/100\n|-damage|p2a: Iron Hands|95\/100|[from] Recoil\n|move|p1b: Garganacl|Salt Cure|p2b: Clefairy\n|-crit|p2b: Clefairy\n|-damage|p2b: Clefairy|61\/100\n|-start|p2b: Clefairy|Salt Cure\n|\n|-damage|p2b: Clefairy|49\/100|[from] Salt Cure\n|upkeep\n|turn|15\n|\n|t:|1700418284\n|-end|p2a: Iron Hands|Quark Drive|[silent]\n|switch|p2a: Sinistcha|Sinistcha, L50, shiny|63\/100\n|-heal|p2b: Clefairy|73\/100|[from] ability: Hospitality|[of] p2a: Sinistcha\n|move|p1b: Garganacl|Protect|p1b: Garganacl\n|-singleturn|p1b: Garganacl|Protect\n|move|p2b: Clefairy|Follow Me|p2b: Clefairy\n|-singleturn|p2b: Clefairy|move: Follow Me\n|\n|-damage|p2b: Clefairy|61\/100|[from] Salt Cure\n|upkeep\n|turn|16\n|\n|t:|1700418295\n|switch|p2b: Iron Hands|Iron Hands, L50|95\/100\n|move|p2a: Sinistcha|Matcha Gotcha|p1b: Garganacl\n|-damage|p1b: Garganacl|67\/100\n|-heal|p2a: Sinistcha|75\/100|[from] drain|[of] p1b: Garganacl\n|move|p1b: Garganacl|Salt Cure|p2a: Sinistcha\n|-damage|p2a: Sinistcha|68\/100\n|-start|p2a: Sinistcha|Salt Cure\n|\n|-damage|p2a: Sinistcha|56\/100|[from] Salt Cure\n|upkeep\n|turn|17\n|\n|t:|1700418316\n|move|p1b: Garganacl|Protect|p1b: Garganacl\n|-singleturn|p1b: Garganacl|Protect\n|move|p2a: Sinistcha|Strength Sap|p1b: Garganacl\n|-activate|p1b: Garganacl|move: Protect\n|move|p2b: Iron Hands|Wild Charge|p1b: Garganacl\n|-activate|p1b: Garganacl|move: Protect\n|\n|-damage|p2a: Sinistcha|44\/100|[from] Salt Cure\n|upkeep\n|turn|18\n|\n|t:|1700418328\n|move|p2a: Sinistcha|Strength Sap|p1b: Garganacl\n|-unboost|p1b: Garganacl|atk|1\n|-heal|p2a: Sinistcha|71\/100\n|move|p2b: Iron Hands|Wild Charge|p1b: Garganacl\n|-damage|p1b: Garganacl|58\/100\n|-damage|p2b: Iron Hands|93\/100|[from] Recoil\n|move|p1b: Garganacl|Recover|p1b: Garganacl\n|-heal|p1b: Garganacl|100\/100\n|\n|-damage|p2a: Sinistcha|58\/100|[from] Salt Cure\n|upkeep\n|turn|19\n|\n|t:|1700418348\n|switch|p2a: Clefairy|Clefairy, L50, M|61\/100\n|move|p1b: Garganacl|Protect|p1b: Garganacl\n|-singleturn|p1b: Garganacl|Protect\n|move|p2b: Iron Hands|Wild Charge|p1b: Garganacl\n|-activate|p1b: Garganacl|move: Protect\n|\n|upkeep\n|turn|20\n|inactive|Moxie3317 has 30 seconds left.\n|\n|t:|1700418376\n|move|p2a: Clefairy|Protect|p2a: Clefairy\n|-singleturn|p2a: Clefairy|Protect\n|move|p2b: Iron Hands|Wild Charge|p1b: Garganacl\n|-damage|p1b: Garganacl|92\/100\n|-damage|p2b: Iron Hands|91\/100|[from] Recoil\n|move|p1b: Garganacl|Salt Cure|p2b: Iron Hands\n|-resisted|p2b: Iron Hands\n|-damage|p2b: Iron Hands|90\/100\n|-start|p2b: Iron Hands|Salt Cure\n|\n|-damage|p2b: Iron Hands|77\/100|[from] Salt Cure\n|upkeep\n|turn|21\n|\n|t:|1700418397\n|-end|p2b: Iron Hands|Quark Drive|[silent]\n|switch|p2b: Sinistcha|Sinistcha, L50, shiny|58\/100\n|-heal|p2a: Clefairy|86\/100|[from] ability: Hospitality|[of] p2b: Sinistcha\n|move|p2a: Clefairy|Protect|p2a: Clefairy\n|-singleturn|p2a: Clefairy|Protect\n|move|p1b: Garganacl|Salt Cure|p2a: Clefairy\n|-activate|p2a: Clefairy|move: Protect\n|\n|upkeep\n|turn|22\n|\n|t:|1700418414\n|move|p2a: Clefairy|Helping Hand|p2b: Sinistcha\n|-singleturn|p2b: Sinistcha|Helping Hand|[of] p2a: Clefairy\n|move|p1b: Garganacl|Protect|p1b: Garganacl\n|-singleturn|p1b: Garganacl|Protect\n|move|p2b: Sinistcha|Matcha Gotcha|p1b: Garganacl\n|-activate|p1b: Garganacl|move: Protect\n|\n|upkeep\n|turn|23\n|\n|t:|1700418426\n|move|p2a: Clefairy|Helping Hand|p2b: Sinistcha\n|-singleturn|p2b: Sinistcha|Helping Hand|[of] p2a: Clefairy\n|move|p2b: Sinistcha|Matcha Gotcha|p1b: Garganacl|[miss]\n|-miss|p2b: Sinistcha|p1b: Garganacl\n|move|p1b: Garganacl|Salt Cure|p2b: Sinistcha\n|-damage|p2b: Sinistcha|54\/100\n|-start|p2b: Sinistcha|Salt Cure\n|\n|-damage|p2b: Sinistcha|42\/100|[from] Salt Cure\n|upkeep\n|turn|24\n|\n|t:|1700418441\n|move|p2a: Clefairy|Helping Hand|p2b: Sinistcha\n|-singleturn|p2b: Sinistcha|Helping Hand|[of] p2a: Clefairy\n|move|p1b: Garganacl|Protect|p1b: Garganacl\n|-singleturn|p1b: Garganacl|Protect\n|move|p2b: Sinistcha|Matcha Gotcha|p1b: Garganacl\n|-activate|p1b: Garganacl|move: Protect\n|\n|-damage|p2b: Sinistcha|30\/100|[from] Salt Cure\n|upkeep\n|turn|25\n|\n|t:|1700418453\n|move|p2a: Clefairy|Helping Hand|p2b: Sinistcha\n|-singleturn|p2b: Sinistcha|Helping Hand|[of] p2a: Clefairy\n|move|p2b: Sinistcha|Matcha Gotcha|p1b: Garganacl\n|-damage|p1b: Garganacl|58\/100\n|-heal|p2b: Sinistcha|49\/100|[from] drain|[of] p1b: Garganacl\n|move|p1b: Garganacl|Salt Cure|p2a: Clefairy\n|-damage|p2a: Clefairy|81\/100\n|-start|p2a: Clefairy|Salt Cure\n|\n|-damage|p2b: Sinistcha|37\/100|[from] Salt Cure\n|-damage|p2a: Clefairy|68\/100|[from] Salt Cure\n|upkeep\n|turn|26\n|\n|t:|1700418474\n|switch|p2a: Iron Hands|Iron Hands, L50|77\/100\n|move|p2b: Sinistcha|Strength Sap|p1b: Garganacl\n|-unboost|p1b: Garganacl|atk|1\n|-heal|p2b: Sinistcha|59\/100\n|move|p1b: Garganacl|Recover|p1b: Garganacl\n|-heal|p1b: Garganacl|100\/100\n|\n|-damage|p2b: Sinistcha|47\/100|[from] Salt Cure\n|upkeep\n|turn|27\n|\n|t:|1700418498\n|move|p1b: Garganacl|Protect|p1b: Garganacl\n|-singleturn|p1b: Garganacl|Protect\n|move|p2b: Sinistcha|Matcha Gotcha|p1b: Garganacl\n|-activate|p1b: Garganacl|move: Protect\n|move|p2a: Iron Hands|Wild Charge|p1b: Garganacl\n|-activate|p1b: Garganacl|move: Protect\n|\n|-damage|p2b: Sinistcha|35\/100|[from] Salt Cure\n|upkeep\n|turn|28\n|inactive|Moxie3317 has 30 seconds left.\n|inactive|Moxie3317 has 20 seconds left.\n|l|\u2606Moxie3317\n|inactive|Moxie3317 disconnected and has a minute to reconnect!\n|player|p2|\n|inactive|Moxie3317 has 15 seconds left.\n|inactive|Moxie3317 has 10 seconds left.\n|inactive|Moxie3317 has 5 seconds left.\n|-message|Moxie3317 lost due to inactivity.\n|\n|win|Kzejzkz\n|raw|Kzejzkz's rating: 1078 &rarr; <strong>1101<\/strong><br \/>(+23 for winning)\n|raw|Moxie3317's rating: 1010 &rarr; <strong>1001<\/strong><br \/>(-9 for losing)\n","uploadtime":1700418557,"views":9,"p1id":"kzejzkz","p2id":"moxie3317","formatid":"gen9vgc2023regulatione","rating":1001,"private":0,"password":""}