{"id":"gen9vgc2023regulatione-1990768893","p1":"bobforte22","p2":"Flurymon","format":"[Gen 9] VGC 2023 Regulation E","log":"|j|\u2606bobforte22\n|j|\u2606Flurymon\n|t:|1699999045\n|gametype|doubles\n|player|p1|bobforte22|pilot|1262\n|player|p2|Flurymon|169|1161\n|teamsize|p1|6\n|teamsize|p2|6\n|gen|9\n|tier|[Gen 9] VGC 2023 Regulation E\n|rated|\n|rule|Species Clause: Limit one of each Pok\u00e9mon\n|rule|Item Clause: Limit one of each item\n|clearpoke\n|poke|p1|Chi-Yu, L50|\n|poke|p1|Jolteon, L50, M|\n|poke|p1|Iron Hands, L50|\n|poke|p1|Iron Bundle, L50|\n|poke|p1|Arcanine, L50, M|\n|poke|p1|Garchomp, L50, F|\n|poke|p2|Weezing, L50, M|\n|poke|p2|Flutter Mane, L50|\n|poke|p2|Urshifu-*, L50, M|\n|poke|p2|Iron Hands, L50|\n|poke|p2|Amoonguss, L50, F|\n|poke|p2|Roaring Moon, L50|\n|teampreview|4\nFlurymon has agreed to open team sheets.\n|inactive|Battle timer is ON: inactive players will automatically lose when time's up. (requested by bobforte22)\n|\n|t:|1699999101\n|start\n|switch|p1a: Garchomp|Garchomp, L50, F|100\/100\n|switch|p1b: Arcanine|Arcanine, L50, M, shiny|100\/100\n|switch|p2a: Weezing|Weezing, L50, M, shiny|100\/100\n|switch|p2b: Roaring Moon|Roaring Moon, L50|100\/100\n|-ability|p2a: Weezing|Neutralizing Gas\n|-enditem|p2b: Roaring Moon|Booster Energy\n|-activate|p2b: Roaring Moon|ability: Protosynthesis|[fromitem]\n|-start|p2b: Roaring Moon|protosynthesisspe\n|turn|1\n|inactive|bobforte22 has 30 seconds left.\n|\n|t:|1699999130\n|move|p2b: Roaring Moon|Protect|p2b: Roaring Moon\n|-singleturn|p2b: Roaring Moon|Protect\n|move|p1a: Garchomp|Protect|p1a: Garchomp\n|-singleturn|p1a: Garchomp|Protect\n|move|p1b: Arcanine|Will-O-Wisp|p2b: Roaring Moon\n|-activate|p2b: Roaring Moon|move: Protect\n|move|p2a: Weezing|Will-O-Wisp|p1a: Garchomp\n|-activate|p1a: Garchomp|move: Protect\n|\n|upkeep\n|turn|2\n|c|\u2606Flurymon|xD\n|\n|t:|1699999152\n|switch|p1a: Iron Bundle|Iron Bundle, L50|100\/100\n|-terastallize|p2b: Roaring Moon|Flying\n|move|p2a: Weezing|Protect|p2a: Weezing\n|-singleturn|p2a: Weezing|Protect\n|move|p2b: Roaring Moon|Acrobatics|p1a: Iron Bundle\n|-crit|p1a: Iron Bundle\n|-damage|p1a: Iron Bundle|26\/100\n|move|p1b: Arcanine|Will-O-Wisp|p2b: Roaring Moon\n|-status|p2b: Roaring Moon|brn\n|\n|-damage|p2b: Roaring Moon|95\/100 brn|[from] brn\n|upkeep\n|turn|3\n|inactive|bobforte22 has 30 seconds left.\n|inactive|bobforte22 has 20 seconds left.\n|inactive|bobforte22 has 15 seconds left.\n|\n|t:|1699999195\n|move|p2b: Roaring Moon|Protect|p2b: Roaring Moon\n|-singleturn|p2b: Roaring Moon|Protect\n|move|p1a: Iron Bundle|Freeze-Dry|p2b: Roaring Moon\n|-activate|p2b: Roaring Moon|move: Protect\n|move|p2a: Weezing|Clear Smog|p1a: Iron Bundle\n|-crit|p1a: Iron Bundle\n|-damage|p1a: Iron Bundle|0 fnt\n|-clearboost|p1a: Iron Bundle\n|faint|p1a: Iron Bundle\n|-end|p1a: Iron Bundle|Quark Drive|[silent]\n|move|p1b: Arcanine|Roar|p2a: Weezing\n|-end|p2a: Weezing|ability: Neutralizing Gas\n|-ability|p1b: Arcanine|Intimidate|boost\n|-unboost|p2a: Weezing|atk|1\n|-unboost|p2b: Roaring Moon|atk|1\n|drag|p2a: Flutter Mane|Flutter Mane, L50|100\/100\n|\n|-damage|p2b: Roaring Moon|89\/100 brn|[from] brn\n|upkeep\n|\n|t:|1699999206\n|switch|p1a: Iron Hands|Iron Hands, L50|100\/100\n|turn|4\n|l|\u2606bobforte22\n|inactive|bobforte22 disconnected and has a minute to reconnect!\n|player|p1|\n|j|\u2606bobforte22\n|inactive|bobforte22 reconnected and has 45 seconds left.\n|player|p1|bobforte22|pilot\n|inactive|Flurymon has 30 seconds left.\n|\n|t:|1699999241\n|-terastallize|p1a: Iron Hands|Fire\n|move|p2b: Roaring Moon|Knock Off|p1b: Arcanine\n|-damage|p1b: Arcanine|84\/100\n|-damage|p2b: Roaring Moon|72\/100 brn|[from] item: Rocky Helmet|[of] p1b: Arcanine\n|-enditem|p1b: Arcanine|Rocky Helmet|[from] move: Knock Off|[of] p2b: Roaring Moon\n|move|p2a: Flutter Mane|Moonblast|p1a: Iron Hands\n|-resisted|p1a: Iron Hands\n|-damage|p1a: Iron Hands|81\/100\n|move|p1b: Arcanine|Flare Blitz|p2a: Flutter Mane\n|-damage|p2a: Flutter Mane|0 fnt\n|faint|p2a: Flutter Mane\n|-end|p2a: Flutter Mane|Protosynthesis|[silent]\n|-damage|p1b: Arcanine|61\/100|[from] Recoil\n|move|p1a: Iron Hands|Wild Charge|p2b: Roaring Moon\n|-supereffective|p2b: Roaring Moon\n|-damage|p2b: Roaring Moon|0 fnt\n|faint|p2b: Roaring Moon\n|-end|p2b: Roaring Moon|Protosynthesis|[silent]\n|-damage|p1a: Iron Hands|67\/100|[from] Recoil\n|\n|upkeep\n|\n|t:|1699999253\n|switch|p2a: Urshifu|Urshifu-Rapid-Strike, L50, M|100\/100\n|switch|p2b: Weezing|Weezing, L50, M, shiny|100\/100\n|-ability|p2b: Weezing|Neutralizing Gas\n|turn|5\n|\n|t:|1699999271\n|move|p2a: Urshifu|Surging Strikes|p1a: Iron Hands\n|-supereffective|p1a: Iron Hands\n|-crit|p1a: Iron Hands\n|-damage|p1a: Iron Hands|40\/100\n|-supereffective|p1a: Iron Hands\n|-crit|p1a: Iron Hands\n|-damage|p1a: Iron Hands|11\/100\n|-supereffective|p1a: Iron Hands\n|-crit|p1a: Iron Hands\n|-damage|p1a: Iron Hands|0 fnt\n|faint|p1a: Iron Hands\n|-end|p1a: Iron Hands|Quark Drive|[silent]\n|-hitcount|p1: Iron Hands|3\n|move|p1b: Arcanine|Will-O-Wisp|p2a: Urshifu\n|-status|p2a: Urshifu|brn\n|move|p2b: Weezing|Taunt|p1b: Arcanine\n|-start|p1b: Arcanine|move: Taunt\n|\n|-damage|p2a: Urshifu|95\/100 brn|[from] brn\n|upkeep\n|inactive|bobforte22 has 30 seconds left.\n|inactive|bobforte22 has 20 seconds left.\n|inactive|bobforte22 has 15 seconds left.\n|\n|t:|1699999315\n|switch|p1a: Garchomp|Garchomp, L50, F|100\/100\n|turn|6\n|\n|t:|1699999333\n|move|p2a: Urshifu|Surging Strikes|p1a: Garchomp\n|-crit|p1a: Garchomp\n|-damage|p1a: Garchomp|91\/100\n|-crit|p1a: Garchomp\n|-damage|p1a: Garchomp|81\/100\n|-crit|p1a: Garchomp\n|-damage|p1a: Garchomp|71\/100\n|-hitcount|p1a: Garchomp|3\n|move|p1a: Garchomp|Swords Dance|p1a: Garchomp\n|-boost|p1a: Garchomp|atk|2\n|move|p1b: Arcanine|Flare Blitz|p2a: Urshifu\n|-resisted|p2a: Urshifu\n|-damage|p2a: Urshifu|70\/100 brn\n|-damage|p1b: Arcanine|53\/100|[from] Recoil\n|move|p2b: Weezing|Will-O-Wisp|p1a: Garchomp\n|-status|p1a: Garchomp|brn\n|\n|-damage|p2a: Urshifu|64\/100 brn|[from] brn\n|-damage|p1a: Garchomp|65\/100 brn|[from] brn\n|upkeep\n|turn|7\n|\n|t:|1699999354\n|move|p2a: Urshifu|Surging Strikes|p1a: Garchomp\n|-crit|p1a: Garchomp\n|-damage|p1a: Garchomp|54\/100 brn\n|-crit|p1a: Garchomp\n|-damage|p1a: Garchomp|45\/100 brn\n|-crit|p1a: Garchomp\n|-damage|p1a: Garchomp|35\/100 brn\n|-hitcount|p1a: Garchomp|3\n|move|p1a: Garchomp|Stomping Tantrum|p2a: Urshifu\n|-damage|p2a: Urshifu|20\/100 brn\n|move|p1b: Arcanine|Flare Blitz|p2a: Urshifu\n|-resisted|p2a: Urshifu\n|-damage|p2a: Urshifu|0 fnt\n|faint|p2a: Urshifu\n|-damage|p1b: Arcanine|47\/100|[from] Recoil\n|move|p2b: Weezing|Clear Smog|p1a: Garchomp\n|-resisted|p1a: Garchomp\n|-damage|p1a: Garchomp|27\/100 brn\n|-clearboost|p1a: Garchomp\n|\n|-damage|p1a: Garchomp|21\/100 brn|[from] brn\n|upkeep\n|turn|8\n|inactive|bobforte22 has 30 seconds left.\n|\n|t:|1699999381\n|move|p2b: Weezing|Protect|p2b: Weezing\n|-singleturn|p2b: Weezing|Protect\n|move|p1a: Garchomp|Stomping Tantrum|p2b: Weezing\n|-activate|p2b: Weezing|move: Protect\n|move|p1b: Arcanine|Flare Blitz|p2b: Weezing\n|-activate|p2b: Weezing|move: Protect\n|\n|-damage|p1a: Garchomp|14\/100 brn|[from] brn\n|-end|p1b: Arcanine|move: Taunt\n|upkeep\n|turn|9\n|\n|t:|1699999392\n|move|p1a: Garchomp|Stomping Tantrum|p2b: Weezing\n|-supereffective|p2b: Weezing\n|-damage|p2b: Weezing|74\/100\n|move|p1b: Arcanine|Flare Blitz|p2b: Weezing\n|-damage|p2b: Weezing|44\/100\n|-status|p2b: Weezing|brn\n|-damage|p1b: Arcanine|38\/100|[from] Recoil\n|move|p2b: Weezing|Clear Smog|p1a: Garchomp\n|-resisted|p1a: Garchomp\n|-crit|p1a: Garchomp\n|-damage|p1a: Garchomp|4\/100 brn\n|-clearboost|p1a: Garchomp\n|\n|-heal|p2b: Weezing|49\/100 brn|[from] item: Black Sludge\n|-damage|p1a: Garchomp|0 fnt|[from] brn\n|faint|p1a: Garchomp\n|-damage|p2b: Weezing|44\/100 brn|[from] brn\n|upkeep\n|turn|10\n|inactive|bobforte22 has 30 seconds left.\n|\n|t:|1699999419\n|move|p1b: Arcanine|Flare Blitz|p2b: Weezing\n|-damage|p2b: Weezing|8\/100 brn\n|-damage|p1b: Arcanine|27\/100|[from] Recoil\n|move|p2b: Weezing|Clear Smog|p1b: Arcanine\n|-crit|p1b: Arcanine\n|-damage|p1b: Arcanine|4\/100\n|-clearboost|p1b: Arcanine\n|\n|-heal|p2b: Weezing|14\/100 brn|[from] item: Black Sludge\n|-damage|p2b: Weezing|8\/100 brn|[from] brn\n|upkeep\n|turn|11\n|\n|t:|1699999434\n|move|p2b: Weezing|Protect|p2b: Weezing\n|-singleturn|p2b: Weezing|Protect\n|move|p1b: Arcanine|Flare Blitz|p2b: Weezing\n|-activate|p2b: Weezing|move: Protect\n|\n|-heal|p2b: Weezing|14\/100 brn|[from] item: Black Sludge\n|-damage|p2b: Weezing|8\/100 brn|[from] brn\n|upkeep\n|turn|12\n|\n|t:|1699999442\n|move|p1b: Arcanine|Flare Blitz|p2b: Weezing\n|-damage|p2b: Weezing|0 fnt\n|faint|p2b: Weezing\n|-end|p2b: Weezing|ability: Neutralizing Gas\n|-damage|p1b: Arcanine|2\/100|[from] Recoil\n|\n|win|bobforte22\n|raw|bobforte22's rating: 1262 &rarr; <strong>1280<\/strong><br \/>(+18 for winning)\n|raw|Flurymon's rating: 1161 &rarr; <strong>1143<\/strong><br \/>(-18 for losing)\n|l|\u2606Flurymon\n","uploadtime":1699999451,"views":9,"p1id":"bobforte22","p2id":"flurymon","formatid":"gen9vgc2023regulatione","rating":1143,"private":0,"password":""}