{"id":"gen9vgc2023regulatione-1994326150","p1":"Pink_SSB","p2":"Puriner","format":"[Gen 9] VGC 2023 Regulation E","log":"|j|\u2606Pink_SSB\n|j|\u2606Puriner\n|n|\u2606Pink_SSB|pinkssb\n|n|\u2606Puriner|puriner\n|html|View the match progress at <a href=\"\/game-bestof3-gen9vgc2023regulatione-1994326149\">game-bestof3-gen9vgc2023regulatione-1994326149<\/a>\n|t:|1700431375\n|gametype|doubles\n|player|p1|Pink_SSB|1|\n|player|p2|Puriner|colress|\n|teamsize|p1|6\n|teamsize|p2|6\n|gen|9\n|tier|[Gen 9] VGC 2023 Regulation E\n|rule|Species Clause: Limit one of each Pok\u00e9mon\n|rule|Item Clause: Limit one of each item\n|clearpoke\n|poke|p1|Eiscue, L50, M|\n|poke|p1|Iron Hands, L50|\n|poke|p1|Sinistcha, L50|\n|poke|p1|Landorus-Therian, L50, M|\n|poke|p1|Heatran, L50, F|\n|poke|p1|Flutter Mane, L50|\n|poke|p2|Torkoal, L50, M|\n|poke|p2|Roaring Moon, L50|\n|poke|p2|Flutter Mane, L50|\n|poke|p2|Tornadus, L50, M|\n|poke|p2|Ogerpon-Hearthflame, L50, F|\n|poke|p2|Cresselia, L50, F|\n|teampreview|4\n|inactive|Battle timer is ON: inactive players will automatically lose when time's up. (requested by Pink_SSB)\n|inactive|Pink_SSB has 60 seconds left.\n|\n|t:|1700431414\n|start\n|switch|p1a: Tera-Ass|Heatran, L50, F|100\/100\n|switch|p1b: Uncle Lando|Landorus-Therian, L50, M|100\/100\n|switch|p2a: Roaring Moon|Roaring Moon, L50|100\/100\n|switch|p2b: Tornadus|Tornadus, L50, M|100\/100\n|-ability|p1b: Uncle Lando|Intimidate|boost\n|-unboost|p2a: Roaring Moon|atk|1\n|-unboost|p2b: Tornadus|atk|1\n|turn|1\n|j| Van. Volcanucks\n|inactive|Puriner has 30 seconds left.\n|\n|t:|1700431445\n|move|p1a: Tera-Ass|Protect|p1a: Tera-Ass\n|-singleturn|p1a: Tera-Ass|Protect\n|move|p2a: Roaring Moon|Earthquake|p1b: Uncle Lando|[spread] \n|-activate|p1a: Tera-Ass|move: Protect\n|-immune|p2b: Tornadus\n|-immune|p1b: Uncle Lando\n|move|p1b: Uncle Lando|U-turn|p2a: Roaring Moon\n|-supereffective|p2a: Roaring Moon\n|-damage|p2a: Roaring Moon|27\/100\n|\n|t:|1700431456\n|switch|p1b: Brian Hands|Iron Hands, L50|100\/100|[from] U-turn\n|move|p2b: Tornadus|Bleakwind Storm|p1a: Tera-Ass|[spread] p1b\n|-activate|p1a: Tera-Ass|move: Protect\n|-damage|p1b: Brian Hands|81\/100\n|-unboost|p1b: Brian Hands|spe|1\n|\n|upkeep\n|turn|2\n|\n|t:|1700431476\n|switch|p1a: Uncle Lando|Landorus-Therian, L50, M|100\/100\n|-ability|p1a: Uncle Lando|Intimidate|boost\n|-unboost|p2a: Roaring Moon|atk|1\n|-unboost|p2b: Tornadus|atk|1\n|-terastallize|p1b: Brian Hands|Water\n|move|p2a: Roaring Moon|Earthquake|p1b: Brian Hands|[spread] p1b\n|-immune|p2b: Tornadus\n|-immune|p1a: Uncle Lando\n|-damage|p1b: Brian Hands|71\/100\n|move|p2b: Tornadus|Bleakwind Storm|p1a: Uncle Lando|[spread] p1a,p1b\n|-damage|p1a: Uncle Lando|59\/100\n|-damage|p1b: Brian Hands|49\/100\n|move|p1b: Brian Hands|Wild Charge|p2b: Tornadus\n|-supereffective|p2b: Tornadus\n|-damage|p2b: Tornadus|0 fnt\n|faint|p2b: Tornadus\n|-damage|p1b: Brian Hands|34\/100|[from] Recoil\n|\n|upkeep\n|\n|t:|1700431500\n|switch|p2b: Ogerpon|Ogerpon-Hearthflame, L50, F|100\/100\n|-ability|p2b: Ogerpon|Mold Breaker\n|turn|3\n|inactive|Puriner has 30 seconds left.\n|\n|t:|1700431526\n|move|p2b: Ogerpon|Spiky Shield|p2b: Ogerpon\n|-singleturn|p2b: Ogerpon|move: Protect\n|move|p2a: Roaring Moon|Earthquake|p1b: Brian Hands|[spread] p1b\n|-activate|p2b: Ogerpon|move: Protect\n|-immune|p1a: Uncle Lando\n|-damage|p1b: Brian Hands|23\/100\n|move|p1a: Uncle Lando|U-turn|p2a: Roaring Moon\n|-supereffective|p2a: Roaring Moon\n|-damage|p2a: Roaring Moon|0 fnt\n|faint|p2a: Roaring Moon\n|-end|p2a: Roaring Moon|Protosynthesis|[silent]\n|\n|t:|1700431535\n|switch|p1a: Tera-Ass|Heatran, L50, F|100\/100|[from] U-turn\n|move|p1b: Brian Hands|Drain Punch|p2b: Ogerpon\n|-activate|p2b: Ogerpon|move: Protect\n|-damage|p1b: Brian Hands|11\/100|[from] Spiky Shield|[of] p2b: Ogerpon\n|\n|upkeep\n|\n|t:|1700431546\n|switch|p2a: Torkoal|Torkoal, L50, M|100\/100\n|-weather|SunnyDay|[from] ability: Drought|[of] p2a: Torkoal\n|turn|4\n|inactive|Pink_SSB has 30 seconds left.\n|inactive|Puriner has 30 seconds left.\n|\n|t:|1700431578\n|move|p1a: Tera-Ass|Protect|p1a: Tera-Ass\n|-singleturn|p1a: Tera-Ass|Protect\n|move|p2a: Torkoal|Protect|p2a: Torkoal\n|-singleturn|p2a: Torkoal|Protect\n|move|p2b: Ogerpon|Ivy Cudgel|p1a: Tera-Ass|[anim] Ivy Cudgel Fire\n|-activate|p1a: Tera-Ass|move: Protect\n|move|p1b: Brian Hands|Drain Punch|p2b: Ogerpon\n|-damage|p2b: Ogerpon|46\/100\n|-heal|p1b: Brian Hands|28\/100|[from] drain|[of] p2b: Ogerpon\n|\n|-weather|SunnyDay|[upkeep]\n|upkeep\n|turn|5\n|inactive|Puriner has 30 seconds left.\n|\n|t:|1700431612\n|move|p2b: Ogerpon|Ivy Cudgel|p1a: Tera-Ass|[anim] Ivy Cudgel Fire\n|-damage|p1a: Tera-Ass|29\/100\n|move|p1a: Tera-Ass|Earth Power|p2a: Torkoal\n|-supereffective|p2a: Torkoal\n|-damage|p2a: Torkoal|19\/100\n|move|p1b: Brian Hands|Drain Punch|p2a: Torkoal\n|-damage|p2a: Torkoal|0 fnt\n|-heal|p1b: Brian Hands|35\/100|[from] drain|[of] p2a: Torkoal\n|faint|p2a: Torkoal\n|\n|-weather|SunnyDay|[upkeep]\n|-heal|p1a: Tera-Ass|35\/100|[from] item: Leftovers\n|upkeep\n|turn|6\n|\n|t:|1700431636\n|-end|p1b: Brian Hands|Quark Drive|[silent]\n|switch|p1b: Uncle Lando|Landorus-Therian, L50, M|59\/100\n|-ability|p1b: Uncle Lando|Intimidate|boost\n|-unboost|p2b: Ogerpon|atk|1\n|move|p2b: Ogerpon|Horn Leech|p1b: Uncle Lando\n|-damage|p1b: Uncle Lando|30\/100\n|-heal|p2b: Ogerpon|64\/100|[from] drain|[of] p1b: Uncle Lando\n|move|p1a: Tera-Ass|Earth Power|p2b: Ogerpon\n|-damage|p2b: Ogerpon|24\/100\n|\n|-weather|SunnyDay|[upkeep]\n|-heal|p1a: Tera-Ass|41\/100|[from] item: Leftovers\n|upkeep\n|turn|7\n|\n|t:|1700431656\n|move|p1b: Uncle Lando|Stomping Tantrum|p2b: Ogerpon\n|-damage|p2b: Ogerpon|0 fnt\n|faint|p2b: Ogerpon\n|\n|win|Pink_SSB\n|c|&|\/uhtml prompt-puriner,Puriner is ready for game 2!\n|c|&|\/uhtml prompt-pinkssb,Pink_SSB is ready for game 2!\nBoth players are ready! Starting next match!\n|l| Van. Volcanucks\n","uploadtime":1700432047,"views":5,"p1id":"pinkssb","p2id":"puriner","formatid":"gen9vgc2023regulatione","rating":0,"private":0,"password":""}