{"id":"gen9vgc2023regulatione-1989794894","p1":"Katatatat_","p2":"BlueJayX2","format":"[Gen 9] VGC 2023 Regulation E","log":"|j|\u2606Katatatat_\n|j|\u2606BlueJayX2\n|t:|1699896357\n|gametype|doubles\n|player|p1|Katatatat_|hilbert|1112\n|player|p2|BlueJayX2|marley|1057\n|teamsize|p1|6\n|teamsize|p2|6\n|gen|9\n|tier|[Gen 9] VGC 2023 Regulation E\n|rated|\n|rule|Species Clause: Limit one of each Pok\u00e9mon\n|rule|Item Clause: Limit one of each item\n|clearpoke\n|poke|p1|Landorus-Therian, L50, M|\n|poke|p1|Ninetales-Alola, L50, M|\n|poke|p1|Amoonguss, L50, F|\n|poke|p1|Iron Hands, L50|\n|poke|p1|Arcanine-Hisui, L50, M|\n|poke|p1|Flutter Mane, L50|\n|poke|p2|Sableye, L50, M|\n|poke|p2|Gyarados, L50, F|\n|poke|p2|Maushold-Four, L50|\n|poke|p2|Iron Treads, L50|\n|poke|p2|Salamence, L50, F|\n|poke|p2|Clodsire, L50, F|\n|teampreview|4\n|inactive|Battle timer is ON: inactive players will automatically lose when time's up. (requested by BlueJayX2)\n|inactive|Katatatat_ also wants the timer to be on.\n|inactive|Katatatat_ has 60 seconds left.\n|\n|t:|1699896389\n|start\n|switch|p1a: Ninetales|Ninetales-Alola, L50, M|100\/100\n|switch|p1b: Landorus|Landorus-Therian, L50, M|100\/100\n|switch|p2a: Sableye|Sableye, L50, M|100\/100\n|switch|p2b: Maushold|Maushold-Four, L50|100\/100\n|-ability|p1b: Landorus|Intimidate|boost\n|-unboost|p2a: Sableye|atk|1\n|-unboost|p2b: Maushold|atk|1\n|-weather|Snow|[from] ability: Snow Warning|[of] p1a: Ninetales\n|turn|1\n|inactive|Katatatat_ has 30 seconds left.\n|inactive|BlueJayX2 has 30 seconds left.\n|\n|t:|1699896417\n|move|p2a: Sableye|Fake Out|p1a: Ninetales\n|-damage|p1a: Ninetales|96\/100\n|move|p1b: Landorus|Rock Slide|p2b: Maushold|[spread] p2a\n|-miss|p1b: Landorus|p2b: Maushold\n|-damage|p2a: Sableye|69\/100\n|move|p2b: Maushold|Tidy Up|p2b: Maushold\n|-boost|p2b: Maushold|atk|1\n|-boost|p2b: Maushold|spe|1\n|cant|p1a: Ninetales|flinch\n|\n|-weather|Snow|[upkeep]\n|upkeep\n|turn|2\n|inactive|BlueJayX2 has 30 seconds left.\n|\n|t:|1699896447\n|move|p2a: Sableye|Trick|p1b: Landorus\n|-activate|p2a: Sableye|move: Trick|[of] p1b: Landorus\n|-item|p1b: Landorus|Lagging Tail|[from] move: Trick\n|-item|p2a: Sableye|Choice Scarf|[from] move: Trick\n|move|p2b: Maushold|Population Bomb|p1b: Landorus\n|-damage|p1b: Landorus|86\/100\n|-damage|p1b: Landorus|73\/100\n|-damage|p1b: Landorus|60\/100\n|-damage|p1b: Landorus|47\/100\n|-damage|p1b: Landorus|33\/100\n|-crit|p1b: Landorus\n|-damage|p1b: Landorus|13\/100\n|-damage|p1b: Landorus|0 fnt\n|faint|p1b: Landorus\n|-hitcount|p1: Landorus|7\n|move|p1a: Ninetales|Aurora Veil|p1a: Ninetales\n|-sidestart|p1: Katatatat_|move: Aurora Veil\n|\n|-weather|Snow|[upkeep]\n|upkeep\n|\n|t:|1699896467\n|switch|p1b: Iron Hands|Iron Hands, L50|100\/100\n|turn|3\n|\n|t:|1699896476\n|move|p2b: Maushold|Protect|p2b: Maushold\n|-singleturn|p2b: Maushold|Protect\n|move|p1b: Iron Hands|Fake Out|p2b: Maushold\n|-activate|p2b: Maushold|move: Protect\n|move|p2a: Sableye|Trick|p1b: Iron Hands\n|-activate|p2a: Sableye|move: Trick|[of] p1b: Iron Hands\n|-item|p1b: Iron Hands|Choice Scarf|[from] move: Trick\n|-item|p2a: Sableye|Assault Vest|[from] move: Trick\n|move|p1a: Ninetales|Blizzard|p2a: Sableye|[spread] p2a\n|-activate|p2b: Maushold|move: Protect\n|-damage|p2a: Sableye|42\/100\n|\n|-weather|Snow|[upkeep]\n|upkeep\n|turn|4\n|inactive|Katatatat_ has 30 seconds left.\n|\n|t:|1699896503\n|move|p2b: Maushold|Population Bomb|p1a: Ninetales\n|-damage|p1a: Ninetales|88\/100\n|-damage|p1a: Ninetales|82\/100\n|-damage|p1a: Ninetales|75\/100\n|-damage|p1a: Ninetales|68\/100\n|-damage|p1a: Ninetales|60\/100\n|-damage|p1a: Ninetales|52\/100\n|-damage|p1a: Ninetales|46\/100\n|-damage|p1a: Ninetales|39\/100\n|-damage|p1a: Ninetales|32\/100\n|-damage|p1a: Ninetales|25\/100\n|-hitcount|p1a: Ninetales|10\n|move|p1a: Ninetales|Blizzard|p2b: Maushold|[spread] p2a,p2b\n|-damage|p2a: Sableye|19\/100\n|-damage|p2b: Maushold|48\/100\n|move|p1b: Iron Hands|Drain Punch|p2b: Maushold\n|-supereffective|p2b: Maushold\n|-damage|p2b: Maushold|0 fnt\n|faint|p2b: Maushold\n|move|p2a: Sableye|Snarl|p1b: Iron Hands|[spread] p1a,p1b\n|-resisted|p1a: Ninetales\n|-crit|p1a: Ninetales\n|-resisted|p1b: Iron Hands\n|-damage|p1a: Ninetales|16\/100\n|-damage|p1b: Iron Hands|97\/100\n|-unboost|p1a: Ninetales|spa|1\n|-unboost|p1b: Iron Hands|spa|1\n|\n|-weather|Snow|[upkeep]\n|upkeep\n|inactive|BlueJayX2 has 30 seconds left.\n|\n|t:|1699896532\n|switch|p2b: Iron Treads|Iron Treads, L50|100\/100\n|turn|5\n|\n|t:|1699896554\n|-terastallize|p2b: Iron Treads|Bug\n|move|p1a: Ninetales|Protect|p1a: Ninetales\n|-singleturn|p1a: Ninetales|Protect\n|move|p2b: Iron Treads|High Horsepower|p1b: Iron Hands\n|-supereffective|p1b: Iron Hands\n|-damage|p1b: Iron Hands|30\/100\n|move|p1b: Iron Hands|Drain Punch|p2b: Iron Treads\n|-resisted|p2b: Iron Treads\n|-damage|p2b: Iron Treads|79\/100\n|-heal|p1b: Iron Hands|37\/100|[from] drain|[of] p2b: Iron Treads\n|move|p2a: Sableye|Snarl|p1a: Ninetales|[spread] p1b\n|-activate|p1a: Ninetales|move: Protect\n|-resisted|p1b: Iron Hands\n|-damage|p1b: Iron Hands|34\/100\n|-unboost|p1b: Iron Hands|spa|1\n|\n|-weather|none\n|upkeep\n|turn|6\n|inactive|Katatatat_ has 30 seconds left.\n|\n|t:|1699896584\n|move|p2b: Iron Treads|High Horsepower|p1b: Iron Hands\n|-supereffective|p1b: Iron Hands\n|-damage|p1b: Iron Hands|0 fnt\n|faint|p1b: Iron Hands\n|-end|p1b: Iron Hands|Quark Drive|[silent]\n|move|p1a: Ninetales|Blizzard|p2a: Sableye|[spread] p2a,p2b\n|-crit|p2a: Sableye\n|-damage|p2a: Sableye|0 fnt\n|-damage|p2b: Iron Treads|46\/100\n|faint|p2a: Sableye\n|\n|upkeep\n|\n|t:|1699896596\n|switch|p1b: Flutter Mane|Flutter Mane, L50|100\/100\n|switch|p2a: Gyarados|Gyarados, L50, F|100\/100\n|-enditem|p1b: Flutter Mane|Booster Energy\n|-activate|p1b: Flutter Mane|ability: Protosynthesis|[fromitem]\n|-start|p1b: Flutter Mane|protosynthesisspe\n|turn|7\n|inactive|Katatatat_ has 30 seconds left.\n|\n|t:|1699896623\n|-terastallize|p1b: Flutter Mane|Fairy\n|move|p1a: Ninetales|Protect|p1a: Ninetales\n|-singleturn|p1a: Ninetales|Protect\n|move|p1b: Flutter Mane|Icy Wind|p2a: Gyarados|[spread] p2a,p2b\n|-damage|p2a: Gyarados|85\/100\n|-damage|p2b: Iron Treads|25\/100\n|-unboost|p2a: Gyarados|spe|1\n|-unboost|p2b: Iron Treads|spe|1\n|move|p2b: Iron Treads|High Horsepower|p1b: Flutter Mane\n|-damage|p1b: Flutter Mane|0 fnt\n|faint|p1b: Flutter Mane\n|-end|p1b: Flutter Mane|Protosynthesis|[silent]\n|move|p2a: Gyarados|Dragon Dance|p2a: Gyarados\n|-boost|p2a: Gyarados|atk|1\n|-boost|p2a: Gyarados|spe|1\n|\n|upkeep\n|turn|8\n|\n|t:|1699896644\n|move|p1a: Ninetales|Blizzard|p2b: Iron Treads|[spread] p2a\n|-miss|p1a: Ninetales|p2b: Iron Treads\n|-damage|p2a: Gyarados|63\/100\n|move|p2a: Gyarados|Waterfall|p1a: Ninetales\n|-damage|p1a: Ninetales|0 fnt\n|faint|p1a: Ninetales\n|\n|win|BlueJayX2\n|raw|Katatatat_'s rating: 1112 &rarr; <strong>1083<\/strong><br \/>(-29 for losing)\n|raw|BlueJayX2's rating: 1057 &rarr; <strong>1093<\/strong><br \/>(+36 for winning)\n|l|\u2606Katatatat_\n","uploadtime":1699896660,"views":20,"p1id":"katatatat","p2id":"bluejayx2","formatid":"gen9vgc2023regulatione","rating":1083,"private":0,"password":""}