{"id":"gen9vgc2023regulatione-1994285514","p1":"fnfn3567","p2":"Primal Ethan","format":"[Gen 9] VGC 2023 Regulation E","log":"|j|\u2606fnfn3567\n|j|\u2606Primal Ethan\n|t:|1700427080\n|gametype|doubles\n|player|p1|fnfn3567|266|1303\n|player|p2|Primal Ethan|2|1240\n|teamsize|p1|6\n|teamsize|p2|6\n|gen|9\n|tier|[Gen 9] VGC 2023 Regulation E\n|rated|\n|rule|Species Clause: Limit one of each Pok\u00e9mon\n|rule|Item Clause: Limit one of each item\n|clearpoke\n|poke|p1|Ogerpon, L50, F|\n|poke|p1|Rillaboom, L50, F|\n|poke|p1|Urshifu-*, L50, F|\n|poke|p1|Volcarona, L50, M|\n|poke|p1|Grimmsnarl, L50, M|\n|poke|p1|Flutter Mane, L50|\n|poke|p2|Ogerpon-Hearthflame, L50, F|\n|poke|p2|Landorus-Therian, L50, M|\n|poke|p2|Amoonguss, L50, F|\n|poke|p2|Iron Hands, L50|\n|poke|p2|Flutter Mane, L50|\n|poke|p2|Chien-Pao, L50|\n|teampreview|4\n|\n|t:|1700427114\n|start\n|switch|p1a: Rillaboom|Rillaboom, L50, F|100\/100\n|switch|p1b: Ogerpon|Ogerpon, L50, F|100\/100\n|switch|p2a: Landorus|Landorus-Therian, L50, M|100\/100\n|switch|p2b: Ogerpon|Ogerpon-Hearthflame, L50, F|100\/100\n|-ability|p2b: Ogerpon|Mold Breaker\n|-ability|p2a: Landorus|Intimidate|boost\n|-unboost|p1a: Rillaboom|atk|1\n|-unboost|p1b: Ogerpon|atk|1\n|-ability|p1b: Ogerpon|Defiant|boost\n|-boost|p1b: Ogerpon|atk|2\n|-fieldstart|move: Grassy Terrain|[from] ability: Grassy Surge|[of] p1a: Rillaboom\n|turn|1\n|\n|t:|1700427161\n|move|p2b: Ogerpon|Spiky Shield|p2b: Ogerpon\n|-singleturn|p2b: Ogerpon|move: Protect\n|move|p2a: Landorus|Protect|p2a: Landorus\n|-singleturn|p2a: Landorus|Protect\n|move|p1a: Rillaboom|Fake Out|p2b: Ogerpon\n|-activate|p2b: Ogerpon|move: Protect\n|-damage|p1a: Rillaboom|88\/100|[from] Spiky Shield|[of] p2b: Ogerpon\n|move|p1b: Ogerpon|Grassy Glide|p2a: Landorus\n|-activate|p2a: Landorus|move: Protect\n|\n|-heal|p1a: Rillaboom|94\/100|[from] Grassy Terrain\n|upkeep\n|turn|2\n|inactive|Battle timer is ON: inactive players will automatically lose when time's up. (requested by Primal Ethan)\n|inactive|Primal Ethan has 60 seconds left.\n|inactive|Primal Ethan has 30 seconds left.\n|\n|t:|1700427301\n|switch|p2a: Iron Hands|Iron Hands, L50|100\/100\n|switch|p1a: Volcarona|Volcarona, L50, M|100\/100\n|-terastallize|p2b: Ogerpon|Fire\n|detailschange|p2b: Ogerpon|Ogerpon-Hearthflame-Tera, L50, F, tera:Fire\n|-ability|p2b: Ogerpon|Embody Aspect (Hearthflame)|boost\n|-boost|p2b: Ogerpon|atk|1\n|move|p1b: Ogerpon|Grassy Glide|p2a: Iron Hands\n|-damage|p2a: Iron Hands|51\/100\n|move|p2b: Ogerpon|Ivy Cudgel|p1a: Volcarona|[anim] Ivy Cudgel Fire\n|-damage|p1a: Volcarona|0 fnt\n|faint|p1a: Volcarona\n|\n|-heal|p2a: Iron Hands|57\/100|[from] Grassy Terrain\n|upkeep\n|\n|t:|1700427318\n|switch|p1a: Urshifu|Urshifu-Rapid-Strike, L50, F|100\/100\n|turn|3\n|\n|t:|1700427331\n|switch|p2b: Chien-Pao|Chien-Pao, L50|100\/100\n|-ability|p2b: Chien-Pao|Sword of Ruin\n|switch|p1b: Rillaboom|Rillaboom, L50, F|94\/100\n|move|p1a: Urshifu|Detect|p1a: Urshifu\n|-singleturn|p1a: Urshifu|Protect\n|move|p2a: Iron Hands|Wild Charge|p1a: Urshifu\n|-activate|p1a: Urshifu|move: Protect\n|\n|-heal|p1b: Rillaboom|99\/100|[from] Grassy Terrain\n|-heal|p2a: Iron Hands|63\/100|[from] Grassy Terrain\n|upkeep\n|turn|4\n|\n|t:|1700427347\n|move|p1b: Rillaboom|Fake Out|p2a: Iron Hands\n|-damage|p2a: Iron Hands|54\/100\n|move|p2b: Chien-Pao|Ice Spinner|p1b: Rillaboom\n|-supereffective|p1b: Rillaboom\n|-damage|p1b: Rillaboom|22\/100\n|-fieldend|move: Grassy Terrain\n|move|p1a: Urshifu|Surging Strikes|p2b: Chien-Pao\n|-crit|p2b: Chien-Pao\n|-damage|p2b: Chien-Pao|69\/100\n|-crit|p2b: Chien-Pao\n|-damage|p2b: Chien-Pao|41\/100\n|-crit|p2b: Chien-Pao\n|-damage|p2b: Chien-Pao|14\/100\n|-hitcount|p2b: Chien-Pao|3\n|cant|p2a: Iron Hands|flinch\n|\n|upkeep\n|turn|5\n|\n|t:|1700427362\n|switch|p1b: Ogerpon|Ogerpon, L50, F|100\/100\n|move|p2b: Chien-Pao|Sucker Punch||[still]\n|-fail|p2b: Chien-Pao\n|move|p1a: Urshifu|Aqua Jet|p2b: Chien-Pao\n|-damage|p2b: Chien-Pao|0 fnt\n|faint|p2b: Chien-Pao\n|move|p2a: Iron Hands|Wild Charge|p1a: Urshifu\n|-supereffective|p1a: Urshifu\n|-enditem|p1a: Urshifu|Focus Sash\n|-damage|p1a: Urshifu|1\/100\n|-damage|p2a: Iron Hands|37\/100|[from] Recoil\n|\n|upkeep\n|\n|t:|1700427382\n|switch|p2b: Landorus|Landorus-Therian, L50, M|100\/100\n|-ability|p2b: Landorus|Intimidate|boost\n|-unboost|p1a: Urshifu|atk|1\n|-unboost|p1b: Ogerpon|atk|1\n|-ability|p1b: Ogerpon|Defiant|boost\n|-boost|p1b: Ogerpon|atk|2\n|turn|6\n|\n|t:|1700427393\n|switch|p1a: Rillaboom|Rillaboom, L50, F|22\/100\n|-fieldstart|move: Grassy Terrain|[from] ability: Grassy Surge|[of] p1a: Rillaboom\n|-end|p2a: Iron Hands|Quark Drive|[silent]\n|switch|p2a: Ogerpon|Ogerpon-Hearthflame-Tera, L50, F, tera:Fire|100\/100\n|-ability|p2a: Ogerpon|Embody Aspect (Hearthflame)|boost\n|-boost|p2a: Ogerpon|atk|1\n|move|p1b: Ogerpon|Grassy Glide|p2a: Ogerpon\n|-resisted|p2a: Ogerpon\n|-damage|p2a: Ogerpon|48\/100\n|move|p2b: Landorus|Rock Slide|p1a: Rillaboom|[spread] p1a,p1b\n|-damage|p1a: Rillaboom|6\/100\n|-damage|p1b: Ogerpon|75\/100\n|\n|-heal|p2a: Ogerpon|54\/100|[from] Grassy Terrain\n|-heal|p1b: Ogerpon|80\/100|[from] Grassy Terrain\n|-heal|p1a: Rillaboom|12\/100|[from] Grassy Terrain\n|upkeep\n|turn|7\n|inactive|fnfn3567 has 30 seconds left.\n|inactive|Primal Ethan has 30 seconds left.\n|\n|t:|1700427421\n|move|p2a: Ogerpon|Spiky Shield|p2a: Ogerpon\n|-singleturn|p2a: Ogerpon|move: Protect\n|move|p1b: Ogerpon|Grassy Glide|p2b: Landorus\n|-damage|p2b: Landorus|5\/100\n|move|p2b: Landorus|Rock Slide|p1a: Rillaboom|[spread] p1a,p1b\n|-damage|p1a: Rillaboom|0 fnt\n|-damage|p1b: Ogerpon|50\/100\n|faint|p1a: Rillaboom\n|\n|-heal|p1b: Ogerpon|56\/100|[from] Grassy Terrain\n|-heal|p2a: Ogerpon|60\/100|[from] Grassy Terrain\n|upkeep\n|\n|t:|1700427427\n|switch|p1a: Urshifu|Urshifu-Rapid-Strike, L50, F|1\/100\n|turn|8\n|\n|t:|1700427439\n|-terastallize|p1a: Urshifu|Water\n|move|p1b: Ogerpon|Grassy Glide|p2b: Landorus\n|-damage|p2b: Landorus|0 fnt\n|faint|p2b: Landorus\n|move|p1a: Urshifu|Aqua Jet|p2a: Ogerpon\n|-supereffective|p2a: Ogerpon\n|-damage|p2a: Ogerpon|0 fnt\n|faint|p2a: Ogerpon\n|\n|-heal|p1b: Ogerpon|62\/100|[from] Grassy Terrain\n|-heal|p1a: Urshifu|7\/100|[from] Grassy Terrain\n|upkeep\n|\n|t:|1700427445\n|switch|p2a: Iron Hands|Iron Hands, L50|37\/100\n|turn|9\n|\n|t:|1700427453\n|move|p1b: Ogerpon|Grassy Glide|p2a: Iron Hands\n|-damage|p2a: Iron Hands|0 fnt\n|faint|p2a: Iron Hands\n|-end|p2a: Iron Hands|Quark Drive|[silent]\n|\n|win|fnfn3567\n|raw|fnfn3567's rating: 1303 &rarr; <strong>1319<\/strong><br \/>(+16 for winning)\n|raw|Primal Ethan's rating: 1240 &rarr; <strong>1219<\/strong><br \/>(-21 for losing)\n","uploadtime":1700427458,"views":4,"p1id":"fnfn3567","p2id":"primalethan","formatid":"gen9vgc2023regulatione","rating":1219,"private":0,"password":""}