{"id":"gen9vgc2023regulatione-1996411281","p1":"wu1fan","p2":"Tonixxx","format":"[Gen 9] VGC 2023 Regulation E","log":"|j|\u2606wu1fan\n|j|\u2606Tonixxx\n|t:|1700679439\n|gametype|doubles\n|player|p1|wu1fan|102|1192\n|player|p2|Tonixxx|lucas|1295\n|teamsize|p1|6\n|teamsize|p2|6\n|gen|9\n|tier|[Gen 9] VGC 2023 Regulation E\n|rated|\n|rule|Species Clause: Limit one of each Pok\u00e9mon\n|rule|Item Clause: Limit one of each item\n|clearpoke\n|poke|p1|Arcanine-Hisui, L50, F|\n|poke|p1|Baxcalibur, L50, M|\n|poke|p1|Ninetales-Alola, L50, F|\n|poke|p1|Ogerpon-Wellspring, L50, F|\n|poke|p1|Iron Hands, L50|\n|poke|p1|Flutter Mane, L50|\n|poke|p2|Roaring Moon, L50|\n|poke|p2|Rillaboom, L50, M|\n|poke|p2|Flutter Mane, L50|\n|poke|p2|Tornadus, L50, M|\n|poke|p2|Arcanine-Hisui, L50, M|\n|poke|p2|Urshifu-*, L50, M|\n|teampreview|4\n|\n|t:|1700679480\n|start\n|switch|p1a: Ninetales|Ninetales-Alola, L50, F|100\/100\n|switch|p1b: Flutter Mane|Flutter Mane, L50|100\/100\n|switch|p2a: Rillaboom|Rillaboom, L50, M|100\/100\n|switch|p2b: Urshifu|Urshifu, L50, M|100\/100\n|-weather|Snow|[from] ability: Snow Warning|[of] p1a: Ninetales\n|-fieldstart|move: Grassy Terrain|[from] ability: Grassy Surge|[of] p2a: Rillaboom\n|-enditem|p1b: Flutter Mane|Booster Energy\n|-activate|p1b: Flutter Mane|ability: Protosynthesis|[fromitem]\n|-start|p1b: Flutter Mane|protosynthesisspe\n|turn|1\n|\n|t:|1700679506\n|-terastallize|p1a: Ninetales|Ghost\n|move|p1b: Flutter Mane|Protect|p1b: Flutter Mane\n|-singleturn|p1b: Flutter Mane|Protect\n|move|p2b: Urshifu|Detect|p2b: Urshifu\n|-singleturn|p2b: Urshifu|Protect\n|move|p1a: Ninetales|Aurora Veil|p1a: Ninetales\n|-sidestart|p1: wu1fan|move: Aurora Veil\n|move|p2a: Rillaboom|Wood Hammer|p1b: Flutter Mane\n|-activate|p1b: Flutter Mane|move: Protect\n|\n|-weather|Snow|[upkeep]\n|upkeep\n|turn|2\n|\n|t:|1700679538\n|-terastallize|p2a: Rillaboom|Fire\n|move|p2b: Urshifu|Sucker Punch|p1b: Flutter Mane\n|-damage|p1b: Flutter Mane|45\/100\n|move|p2a: Rillaboom|Grassy Glide|p1b: Flutter Mane\n|-damage|p1b: Flutter Mane|0 fnt\n|faint|p1b: Flutter Mane\n|-end|p1b: Flutter Mane|Protosynthesis|[silent]\n|move|p1a: Ninetales|Icy Wind|p2a: Rillaboom|[spread] p2a,p2b\n|-resisted|p2a: Rillaboom\n|-damage|p2a: Rillaboom|96\/100\n|-damage|p2b: Urshifu|84\/100\n|-unboost|p2a: Rillaboom|spe|1\n|-unboost|p2b: Urshifu|spe|1\n|\n|-weather|Snow|[upkeep]\n|-heal|p2b: Urshifu|90\/100|[from] Grassy Terrain\n|-heal|p2a: Rillaboom|100\/100|[from] Grassy Terrain\n|upkeep\n|\n|t:|1700679559\n|switch|p1b: Ogerpon|Ogerpon-Wellspring, L50, F|100\/100\n|turn|3\n|\n|t:|1700679577\n|switch|p2a: Roaring Moon|Roaring Moon, L50|100\/100\n|-enditem|p2a: Roaring Moon|Booster Energy\n|-activate|p2a: Roaring Moon|ability: Protosynthesis|[fromitem]\n|-start|p2a: Roaring Moon|protosynthesisatk\n|move|p1b: Ogerpon|Spiky Shield|p1b: Ogerpon\n|-singleturn|p1b: Ogerpon|move: Protect\n|move|p1a: Ninetales|Moonblast|p2b: Urshifu\n|-supereffective|p2b: Urshifu\n|-damage|p2b: Urshifu|0 fnt\n|faint|p2b: Urshifu\n|\n|-weather|Snow|[upkeep]\n|upkeep\n|\n|t:|1700679594\n|switch|p2b: Rillaboom|Rillaboom, L50, M, tera:Fire|100\/100\n|turn|4\n|\n|t:|1700679603\n|switch|p1b: Baxcalibur|Baxcalibur, L50, M|100\/100\n|move|p2b: Rillaboom|Fake Out|p1b: Baxcalibur\n|-damage|p1b: Baxcalibur|94\/100\n|move|p1a: Ninetales|Icy Wind|p2a: Roaring Moon|[spread] p2a,p2b\n|-supereffective|p2a: Roaring Moon\n|-resisted|p2b: Rillaboom\n|-damage|p2a: Roaring Moon|77\/100\n|-damage|p2b: Rillaboom|96\/100\n|-unboost|p2a: Roaring Moon|spe|1\n|-unboost|p2b: Rillaboom|spe|1\n|move|p2a: Roaring Moon|Tailwind|p2a: Roaring Moon\n|-sidestart|p2: Tonixxx|move: Tailwind\n|\n|-weather|Snow|[upkeep]\n|-heal|p1b: Baxcalibur|100\/100|[from] ability: Ice Body\n|-heal|p2a: Roaring Moon|83\/100|[from] Grassy Terrain\n|-heal|p2b: Rillaboom|100\/100|[from] Grassy Terrain\n|upkeep\n|turn|5\n|\n|t:|1700679639\n|switch|p2b: Flutter Mane|Flutter Mane, L50|100\/100\n|move|p2a: Roaring Moon|Throat Chop|p1a: Ninetales\n|-supereffective|p1a: Ninetales\n|-crit|p1a: Ninetales\n|-damage|p1a: Ninetales|0 fnt\n|faint|p1a: Ninetales\n|move|p1b: Baxcalibur|Dragon Dance|p1b: Baxcalibur\n|-boost|p1b: Baxcalibur|atk|1\n|-boost|p1b: Baxcalibur|spe|1\n|\n|-weather|Snow|[upkeep]\n|-heal|p2a: Roaring Moon|89\/100|[from] Grassy Terrain\n|-sideend|p1: wu1fan|move: Aurora Veil\n|-fieldend|move: Grassy Terrain\n|upkeep\n|\n|t:|1700679653\n|switch|p1a: Ogerpon|Ogerpon-Wellspring, L50, F|100\/100\n|turn|6\n|\n|t:|1700679674\n|move|p1a: Ogerpon|Follow Me|p1a: Ogerpon\n|-singleturn|p1a: Ogerpon|move: Follow Me\n|move|p2b: Flutter Mane|Moonblast|p1a: Ogerpon\n|-damage|p1a: Ogerpon|45\/100\n|move|p2a: Roaring Moon|Acrobatics|p1a: Ogerpon\n|-supereffective|p1a: Ogerpon\n|-damage|p1a: Ogerpon|0 fnt\n|faint|p1a: Ogerpon\n|move|p1b: Baxcalibur|Icicle Spear|p2b: Flutter Mane\n|-damage|p2b: Flutter Mane|47\/100\n|-crit|p2b: Flutter Mane\n|-damage|p2b: Flutter Mane|0 fnt\n|faint|p2b: Flutter Mane\n|-end|p2b: Flutter Mane|Protosynthesis|[silent]\n|-hitcount|p2: Flutter Mane|2\n|\n|-weather|Snow|[upkeep]\n|upkeep\n|\n|t:|1700679691\n|switch|p2b: Rillaboom|Rillaboom, L50, M, tera:Fire|100\/100\n|-fieldstart|move: Grassy Terrain|[from] ability: Grassy Surge|[of] p2b: Rillaboom\n|turn|7\n|\n|t:|1700679705\n|move|p1b: Baxcalibur|Protect|p1b: Baxcalibur\n|-singleturn|p1b: Baxcalibur|Protect\n|move|p2b: Rillaboom|Fake Out|p1b: Baxcalibur\n|-activate|p1b: Baxcalibur|move: Protect\n|move|p2a: Roaring Moon|Throat Chop|p1b: Baxcalibur\n|-activate|p1b: Baxcalibur|move: Protect\n|\n|-weather|Snow|[upkeep]\n|-heal|p2a: Roaring Moon|95\/100|[from] Grassy Terrain\n|-sideend|p2: Tonixxx|move: Tailwind\n|upkeep\n|turn|8\n|\n|t:|1700679723\n|move|p2a: Roaring Moon|Protect|p2a: Roaring Moon\n|-singleturn|p2a: Roaring Moon|Protect\n|move|p1b: Baxcalibur|Icicle Spear|p2a: Roaring Moon\n|-activate|p2a: Roaring Moon|move: Protect\n|move|p2b: Rillaboom|Wood Hammer|p1b: Baxcalibur\n|-resisted|p1b: Baxcalibur\n|-damage|p1b: Baxcalibur|72\/100\n|-damage|p2b: Rillaboom|90\/100|[from] Recoil\n|\n|-weather|none\n|-heal|p1b: Baxcalibur|78\/100|[from] Grassy Terrain\n|-heal|p2b: Rillaboom|96\/100|[from] Grassy Terrain\n|-heal|p2a: Roaring Moon|100\/100|[from] Grassy Terrain\n|upkeep\n|turn|9\n|\n|t:|1700679747\n|move|p1b: Baxcalibur|Icicle Spear|p2a: Roaring Moon\n|-supereffective|p2a: Roaring Moon\n|-damage|p2a: Roaring Moon|50\/100\n|-supereffective|p2a: Roaring Moon\n|-damage|p2a: Roaring Moon|0 fnt\n|faint|p2a: Roaring Moon\n|-end|p2a: Roaring Moon|Protosynthesis|[silent]\n|-hitcount|p2: Roaring Moon|2\n|move|p2b: Rillaboom|High Horsepower|p1b: Baxcalibur\n|-damage|p1b: Baxcalibur|45\/100\n|\n|-heal|p1b: Baxcalibur|51\/100|[from] Grassy Terrain\n|-heal|p2b: Rillaboom|100\/100|[from] Grassy Terrain\n|upkeep\n|turn|10\n|\n|t:|1700679766\n|move|p1b: Baxcalibur|Protect|p1b: Baxcalibur\n|-singleturn|p1b: Baxcalibur|Protect\n|move|p2b: Rillaboom|High Horsepower|p1b: Baxcalibur\n|-activate|p1b: Baxcalibur|move: Protect\n|\n|-heal|p1b: Baxcalibur|57\/100|[from] Grassy Terrain\n|upkeep\n|turn|11\n|\n|t:|1700679778\n|move|p1b: Baxcalibur|Dragon Dance|p1b: Baxcalibur\n|-boost|p1b: Baxcalibur|atk|1\n|-boost|p1b: Baxcalibur|spe|1\n|move|p2b: Rillaboom|High Horsepower|p1b: Baxcalibur\n|-damage|p1b: Baxcalibur|24\/100\n|\n|-heal|p1b: Baxcalibur|30\/100|[from] Grassy Terrain\n|-fieldend|move: Grassy Terrain\n|upkeep\n|turn|12\n|\n|t:|1700679794\n|move|p1b: Baxcalibur|Glaive Rush|p2b: Rillaboom\n|-damage|p2b: Rillaboom|0 fnt\n|-singlemove|p1b: Baxcalibur|Glaive Rush|[silent]\n|faint|p2b: Rillaboom\n|\n|win|wu1fan\n|raw|wu1fan's rating: 1192 &rarr; <strong>1224<\/strong><br \/>(+32 for winning)\n|raw|Tonixxx's rating: 1295 &rarr; <strong>1263<\/strong><br \/>(-32 for losing)\n","uploadtime":1700679804,"views":11,"p1id":"wu1fan","p2id":"tonixxx","formatid":"gen9vgc2023regulatione","rating":1224,"private":0,"password":""}