{"id":"gen9vgc2023regulatione-1993332374","p1":"PepePm","p2":"Solo Kelley","format":"[Gen 9] VGC 2023 Regulation E","log":"|j|\u2606PepePm\n|j|\u2606Solo Kelley\n|t:|1700300148\n|gametype|doubles\n|player|p1|PepePm|102|1282\n|player|p2|Solo Kelley|pokemonbreederf-gen4|1305\n|teamsize|p1|6\n|teamsize|p2|6\n|gen|9\n|tier|[Gen 9] VGC 2023 Regulation E\n|rated|\n|rule|Species Clause: Limit one of each Pok\u00e9mon\n|rule|Item Clause: Limit one of each item\n|clearpoke\n|poke|p1|Ogerpon-Wellspring, L50, F|\n|poke|p1|Landorus-Therian, L50, M|\n|poke|p1|Gholdengo, L50|\n|poke|p1|Arcanine-Hisui, L50, M|\n|poke|p1|Iron Hands, L50|\n|poke|p1|Roaring Moon, L50|\n|poke|p2|Shiftry, L50, F|\n|poke|p2|Articuno-Galar, L50|\n|poke|p2|Mimikyu, L50, F|\n|poke|p2|Greninja-*, L50, M|\n|poke|p2|Iron Hands, L50|\n|poke|p2|Sableye, L50, M|\n|teampreview|4\n|\n|t:|1700300251\n|start\n|switch|p1a: Iron Hands|Iron Hands, L50|100\/100\n|switch|p1b: Landorus|Landorus-Therian, L50, M|100\/100\n|switch|p2a: Articuno|Articuno-Galar, L50|100\/100\n|switch|p2b: Sableye|Sableye, L50, M|100\/100\n|-ability|p1b: Landorus|Intimidate|boost\n|-unboost|p2a: Articuno|atk|1\n|-ability|p2a: Articuno|Competitive|boost\n|-boost|p2a: Articuno|spa|2\n|-enditem|p2a: Articuno|Adrenaline Orb\n|-boost|p2a: Articuno|spe|1|[from] item: Adrenaline Orb\n|-unboost|p2b: Sableye|atk|1\n|turn|1\n|inactive|Battle timer is ON: inactive players will automatically lose when time's up. (requested by PepePm)\n|inactive|PepePm has 60 seconds left.\n|\n|t:|1700300294\n|move|p2a: Articuno|Protect|p2a: Articuno\n|-singleturn|p2a: Articuno|Protect\n|move|p1a: Iron Hands|Fake Out|p2a: Articuno\n|-activate|p2a: Articuno|move: Protect\n|move|p1b: Landorus|U-turn|p2b: Sableye\n|-damage|p2b: Sableye|71\/100\n|\n|t:|1700300311\n|switch|p1b: Ogerpon|Ogerpon-Wellspring, L50, F|100\/100|[from] U-turn\n|move|p2b: Sableye|Knock Off|p1b: Ogerpon\n|-damage|p1b: Ogerpon|83\/100\n|\n|upkeep\n|turn|2\n|inactive|PepePm has 30 seconds left.\n|inactive|PepePm has 20 seconds left.\n|\n|t:|1700300346\n|move|p2b: Sableye|Encore|p1a: Iron Hands\n|-start|p1a: Iron Hands|Encore\n|move|p2a: Articuno|Freezing Glare|p1b: Ogerpon\n|-damage|p1b: Ogerpon|0 fnt\n|faint|p1b: Ogerpon\n|move|p1a: Iron Hands|Fake Out||[still]\n|-hint|Fake Out only works on your first turn out.\n|-fail|p1a: Iron Hands\n|\n|upkeep\n|\n|t:|1700300365\n|switch|p1b: Gholdengo|Gholdengo, L50|100\/100\n|turn|3\n|\n|t:|1700300379\n|-end|p1a: Iron Hands|Quark Drive|[silent]\n|switch|p1a: Landorus|Landorus-Therian, L50, M|100\/100\n|-ability|p1a: Landorus|Intimidate|boost\n|-unboost|p2a: Articuno|atk|1\n|-ability|p2a: Articuno|Competitive|boost\n|-boost|p2a: Articuno|spa|2\n|-unboost|p2b: Sableye|atk|1\n|-terastallize|p2a: Articuno|Ground\n|-terastallize|p1b: Gholdengo|Steel\n|move|p2a: Articuno|Tera Blast|p1b: Gholdengo|[anim] Tera Blast Ground\n|-supereffective|p1b: Gholdengo\n|-damage|p1b: Gholdengo|0 fnt\n|faint|p1b: Gholdengo\n|move|p2b: Sableye|Knock Off|p1a: Landorus\n|-damage|p1a: Landorus|85\/100\n|-enditem|p1a: Landorus|Choice Scarf|[from] move: Knock Off|[of] p2b: Sableye\n|\n|upkeep\n|\n|t:|1700300394\n|switch|p1b: Iron Hands|Iron Hands, L50|100\/100\n|turn|4\n|\n|t:|1700300417\n|move|p2a: Articuno|Protect|p2a: Articuno\n|-singleturn|p2a: Articuno|Protect\n|move|p1a: Landorus|Rock Slide|p2a: Articuno|[spread] \n|-activate|p2a: Articuno|move: Protect\n|-miss|p1a: Landorus|p2b: Sableye\n|move|p2b: Sableye|Knock Off|p1b: Iron Hands\n|-resisted|p1b: Iron Hands\n|-damage|p1b: Iron Hands|96\/100\n|-enditem|p1b: Iron Hands|Assault Vest|[from] move: Knock Off|[of] p2b: Sableye\n|move|p1b: Iron Hands|Drain Punch|p2a: Articuno\n|-activate|p2a: Articuno|move: Protect\n|\n|upkeep\n|turn|5\n|inactive|Solo Kelley has 30 seconds left.\n|\n|t:|1700300446\n|move|p2b: Sableye|Encore|p1a: Landorus\n|-start|p1a: Landorus|Encore\n|move|p2a: Articuno|Freezing Glare|p1b: Iron Hands\n|-supereffective|p1b: Iron Hands\n|-damage|p1b: Iron Hands|0 fnt\n|faint|p1b: Iron Hands\n|-end|p1b: Iron Hands|Quark Drive|[silent]\n|move|p1a: Landorus|Rock Slide|p2b: Sableye|[spread] p2a,p2b\n|-resisted|p2a: Articuno\n|-damage|p2a: Articuno|87\/100\n|-damage|p2b: Sableye|48\/100\n|-enditem|p2b: Sableye|Sitrus Berry|[eat]\n|-heal|p2b: Sableye|72\/100|[from] item: Sitrus Berry\n|\n|upkeep\n|turn|6\n|\n|t:|1700300463\n|move|p2b: Sableye|Disable|p1a: Landorus\n|-start|p1a: Landorus|Disable|Rock Slide\n|move|p2a: Articuno|Freezing Glare|p1a: Landorus\n|-damage|p1a: Landorus|0 fnt\n|faint|p1a: Landorus\n|\n|win|Solo Kelley\n|raw|PepePm's rating: 1282 &rarr; <strong>1259<\/strong><br \/>(-23 for losing)\n|raw|Solo Kelley's rating: 1305 &rarr; <strong>1324<\/strong><br \/>(+19 for winning)\n|l|\u2606PepePm\n","uploadtime":1700300570,"views":29,"p1id":"pepepm","p2id":"solokelley","formatid":"gen9vgc2023regulatione","rating":1259,"private":0,"password":""}