{"id":"gen9vgc2023regulatione-1991141999","p1":"anotherhito","p2":"Zadom123","format":"[Gen 9] VGC 2023 Regulation E","log":"|j|\u2606anotherhito\n|j|\u203dZadom123\n|t:|1700049268\n|gametype|doubles\n|player|p1|anotherhito|1|1099\n|player|p2|Zadom123|benga|1157\n|teamsize|p1|6\n|teamsize|p2|6\n|gen|9\n|tier|[Gen 9] VGC 2023 Regulation E\n|rated|\n|rule|Species Clause: Limit one of each Pok\u00e9mon\n|rule|Item Clause: Limit one of each item\n|clearpoke\n|poke|p1|Braviary-Hisui, L50, M|\n|poke|p1|Farigiraf, L50, M|\n|poke|p1|Jumpluff, L50, F|\n|poke|p1|Scizor, L50, F|\n|poke|p1|Azumarill, L50, M|\n|poke|p1|Raichu, L50, M|\n|poke|p2|Urshifu-*, L50, M|\n|poke|p2|Regidrago, L50|\n|poke|p2|Amoonguss, L50, M|\n|poke|p2|Arcanine-Hisui, L50, M|\n|poke|p2|Iron Hands, L50|\n|poke|p2|Tornadus, L50, M|\n|teampreview|4\n|inactive|Battle timer is ON: inactive players will automatically lose when time's up. (requested by Zadom123)\n|\n|t:|1700049297\n|start\n|switch|p1a: Braviary|Braviary-Hisui, L50, M, shiny|100\/100\n|switch|p1b: Farigiraf|Farigiraf, L50, M|100\/100\n|switch|p2a: Tornadus|Tornadus, L50, M|100\/100\n|switch|p2b: Iron Hands|Iron Hands, L50|100\/100\n|turn|1\n|\n|t:|1700049315\n|move|p2a: Tornadus|Taunt||[still]\n|cant|p1b: Farigiraf|ability: Armor Tail|Taunt|[of] p2a: Tornadus\n|move|p1a: Braviary|Psychic|p2b: Iron Hands\n|-supereffective|p2b: Iron Hands\n|-damage|p2b: Iron Hands|25\/100\n|move|p2b: Iron Hands|Wild Charge|p1a: Braviary\n|-supereffective|p1a: Braviary\n|-damage|p1a: Braviary|12\/100\n|-damage|p2b: Iron Hands|4\/100|[from] Recoil\n|move|p1b: Farigiraf|Trick Room|p1b: Farigiraf\n|-fieldstart|move: Trick Room|[of] p1b: Farigiraf\n|\n|upkeep\n|turn|2\n|\n|t:|1700049333\n|move|p2b: Iron Hands|Volt Switch|p1a: Braviary\n|-supereffective|p1a: Braviary\n|-damage|p1a: Braviary|0 fnt\n|faint|p1a: Braviary\n|\n|t:|1700049340\n|-end|p2b: Iron Hands|Quark Drive|[silent]\n|switch|p2b: Arcanine|Arcanine-Hisui, L50, M|100\/100|[from] Volt Switch\n|-ability|p2b: Arcanine|Intimidate|boost\n|-unboost|p1b: Farigiraf|atk|1\n|move|p1b: Farigiraf|Psychic|p2a: Tornadus\n|-damage|p2a: Tornadus|48\/100\n|move|p2a: Tornadus|Bleakwind Storm|p1b: Farigiraf\n|-damage|p1b: Farigiraf|55\/100\n|\n|upkeep\n|\n|t:|1700049357\n|switch|p1a: Azumarill|Azumarill, L50, M|100\/100\n|turn|3\n|\n|t:|1700049375\n|-terastallize|p2b: Arcanine|Normal\n|move|p1a: Azumarill|Aqua Jet|p2b: Arcanine\n|-damage|p2b: Arcanine|75\/100\n|move|p1b: Farigiraf|Psychic|p2a: Tornadus\n|-damage|p2a: Tornadus|4\/100\n|move|p2b: Arcanine|Flare Blitz|p1b: Farigiraf\n|-damage|p1b: Farigiraf|2\/100\n|-status|p1b: Farigiraf|brn\n|-damage|p2b: Arcanine|52\/100|[from] Recoil\n|move|p2a: Tornadus|Bleakwind Storm|p1a: Azumarill|[spread] p1a,p1b\n|-damage|p1a: Azumarill|71\/100\n|-damage|p1b: Farigiraf|0 fnt\n|-unboost|p1a: Azumarill|spe|1\n|faint|p1b: Farigiraf\n|\n|upkeep\n|\n|t:|1700049394\n|switch|p1b: Raichu|Raichu, L50, M|100\/100\n|turn|4\n|\n|t:|1700049415\n|move|p1b: Raichu|Fake Out|p2a: Tornadus\n|-damage|p2a: Tornadus|0 fnt\n|faint|p2a: Tornadus\n|move|p2b: Arcanine|Extreme Speed|p1b: Raichu\n|-damage|p1b: Raichu|38\/100\n|move|p1a: Azumarill|Play Rough|p2b: Arcanine\n|-damage|p2b: Arcanine|0 fnt\n|faint|p2b: Arcanine\n|\n|upkeep\n|\n|t:|1700049425\n|switch|p2b: Urshifu|Urshifu-Rapid-Strike, L50, M|100\/100\n|switch|p2a: Iron Hands|Iron Hands, L50|4\/100\n|turn|5\n|inactive|anotherhito has 30 seconds left.\n|inactive|Zadom123 has 30 seconds left.\n|\n|t:|1700049456\n|move|p1a: Azumarill|Protect|p1a: Azumarill\n|-singleturn|p1a: Azumarill|Protect\n|move|p2b: Urshifu|Aqua Jet|p1b: Raichu\n|-damage|p1b: Raichu|0 fnt\n|faint|p1b: Raichu\n|move|p2a: Iron Hands|Drain Punch|p1a: Azumarill\n|-activate|p1a: Azumarill|move: Protect\n|\n|-fieldend|move: Trick Room\n|upkeep\n|turn|6\n|\n|t:|1700049472\n|move|p2b: Urshifu|Close Combat|p1a: Azumarill\n|-resisted|p1a: Azumarill\n|-damage|p1a: Azumarill|36\/100\n|-unboost|p2b: Urshifu|def|1\n|-unboost|p2b: Urshifu|spd|1\n|-enditem|p1a: Azumarill|Sitrus Berry|[eat]\n|-heal|p1a: Azumarill|61\/100|[from] item: Sitrus Berry\n|move|p2a: Iron Hands|Wild Charge|p1a: Azumarill\n|-supereffective|p1a: Azumarill\n|-damage|p1a: Azumarill|0 fnt\n|faint|p1a: Azumarill\n|-damage|p2a: Iron Hands|0 fnt|[from] Recoil\n|faint|p2a: Iron Hands\n|-end|p2a: Iron Hands|Quark Drive|[silent]\n|\n|win|Zadom123\n|raw|anotherhito's rating: 1099 &rarr; <strong>1078<\/strong><br \/>(-21 for losing)\n|raw|Zadom123's rating: 1157 &rarr; <strong>1178<\/strong><br \/>(+21 for winning)\n|l|\u2606anotherhito\n","uploadtime":1700049489,"views":13,"p1id":"anotherhito","p2id":"zadom123","formatid":"gen9vgc2023regulatione","rating":1078,"private":0,"password":""}