{"id":"gen9vgc2023regulatione-1996458148","p1":"The Carkol Rider","p2":"iPetBigfoot","format":"[Gen 9] VGC 2023 Regulation E","log":"|j|\u2606The Carkol Rider\n|j|\u2606iPetBigfoot\n|n|\u2606The Carkol Rider|thecarkolrider\n|n|\u2606iPetBigfoot|ipetbigfoot\n|html|View the match progress at <a href=\"\/game-bestof3-gen9vgc2023regulatione-1996455318\">game-bestof3-gen9vgc2023regulatione-1996455318<\/a>\n|t:|1700683945\n|gametype|doubles\n|player|p1|The Carkol Rider|grimsley|\n|player|p2|iPetBigfoot|carmine-festival|\n|teamsize|p1|6\n|teamsize|p2|6\n|gen|9\n|tier|[Gen 9] VGC 2023 Regulation E\n|rule|Species Clause: Limit one of each Pok\u00e9mon\n|rule|Item Clause: Limit one of each item\n|clearpoke\n|poke|p1|Urshifu-*, L50, M|\n|poke|p1|Roaring Moon, L50|\n|poke|p1|Arcanine-Hisui, L50, M|\n|poke|p1|Gholdengo, L50|\n|poke|p1|Landorus-Therian, L50, M|\n|poke|p1|Poltchageist, L50|\n|poke|p2|Iron Hands, L50|\n|poke|p2|Hatterene, L50, F|\n|poke|p2|Ogerpon-Cornerstone, L50, F|\n|poke|p2|Weezing, L50, F|\n|poke|p2|Ursaluna-Bloodmoon, L50, M|\n|poke|p2|Pincurchin, L50, M|\n|teampreview|4\niPetBigfoot has agreed to open team sheets.\n|c|\u2606The Carkol Rider|glhf\nThe Carkol Rider rejected open team sheets.\n|c|\u2606iPetBigfoot|not again\n|c|\u2606iPetBigfoot|glhf\n|j| FaultierChunk\n|j| LanternComic\n|\n|t:|1700683988\n|start\n|switch|p1a: Gholdengo|Gholdengo, L50|100\/100\n|switch|p1b: Poltchageist|Poltchageist, L50|100\/100\n|switch|p2a: Iron Hands|Iron Hands, L50|100\/100\n|switch|p2b: Hatterene|Hatterene, L50, F|100\/100\n|-enditem|p2a: Iron Hands|Booster Energy\n|-activate|p2a: Iron Hands|ability: Quark Drive|[fromitem]\n|-start|p2a: Iron Hands|quarkdriveatk\n|turn|1\n|\n|t:|1700684007\n|-end|p2a: Iron Hands|Quark Drive|[silent]\n|switch|p2a: Ursaluna|Ursaluna-Bloodmoon, L50, M|100\/100\n|move|p1a: Gholdengo|Nasty Plot|p1a: Gholdengo\n|-boost|p1a: Gholdengo|spa|2\n|move|p1b: Poltchageist|Trick Room|p1b: Poltchageist\n|-fieldstart|move: Trick Room|[of] p1b: Poltchageist\n|move|p2b: Hatterene|Trick Room|p2b: Hatterene\n|-fieldend|move: Trick Room\n|\n|upkeep\n|turn|2\n|\n|t:|1700684023\n|switch|p2b: Iron Hands|Iron Hands, L50|100\/100\n|move|p2a: Ursaluna|Protect|p2a: Ursaluna\n|-singleturn|p2a: Ursaluna|Protect\n|move|p1b: Poltchageist|Rage Powder|p1b: Poltchageist\n|-singleturn|p1b: Poltchageist|move: Rage Powder\n|move|p1a: Gholdengo|Make It Rain|p2a: Ursaluna|[spread] p2b\n|-activate|p2a: Ursaluna|move: Protect\n|-resisted|p2b: Iron Hands\n|-damage|p2b: Iron Hands|60\/100\n|-unboost|p1a: Gholdengo|spa|1\n|\n|upkeep\n|turn|3\n|\n|t:|1700684041\n|-terastallize|p2a: Ursaluna|Normal\n|move|p1b: Poltchageist|Rage Powder|p1b: Poltchageist\n|-singleturn|p1b: Poltchageist|move: Rage Powder\n|move|p1a: Gholdengo|Nasty Plot|p1a: Gholdengo\n|-boost|p1a: Gholdengo|spa|2\n|move|p2a: Ursaluna|Hyper Voice|p1b: Poltchageist|[spread] p1a,p1b\n|-resisted|p1a: Gholdengo\n|-damage|p1a: Gholdengo|75\/100\n|-damage|p1b: Poltchageist|54\/100\n|-enditem|p2a: Ursaluna|Throat Spray\n|-boost|p2a: Ursaluna|spa|1|[from] item: Throat Spray\n|move|p2b: Iron Hands|Ice Punch|p1b: Poltchageist\n|-supereffective|p1b: Poltchageist\n|-damage|p1b: Poltchageist|0 fnt\n|faint|p1b: Poltchageist\n|\n|-heal|p1a: Gholdengo|81\/100|[from] item: Leftovers\n|upkeep\n|l| LanternComic\n|\n|t:|1700684065\n|switch|p1b: Urshifu|Urshifu-Rapid-Strike, L50, M|100\/100\n|turn|4\n|\n|t:|1700684082\n|move|p1b: Urshifu|Surging Strikes|p2a: Ursaluna\n|-crit|p2a: Ursaluna\n|-damage|p2a: Ursaluna|82\/100\n|-crit|p2a: Ursaluna\n|-damage|p2a: Ursaluna|66\/100\n|-crit|p2a: Ursaluna\n|-damage|p2a: Ursaluna|48\/100\n|-hitcount|p2a: Ursaluna|3\n|move|p1a: Gholdengo|Make It Rain|p2a: Ursaluna|[spread] p2a,p2b\n|-resisted|p2b: Iron Hands\n|-damage|p2a: Ursaluna|0 fnt\n|-damage|p2b: Iron Hands|16\/100\n|-unboost|p1a: Gholdengo|spa|1\n|faint|p2a: Ursaluna\n|move|p2b: Iron Hands|Thunder Punch|p1b: Urshifu\n|-supereffective|p1b: Urshifu\n|-damage|p1b: Urshifu|18\/100\n|\n|-heal|p1a: Gholdengo|86\/100|[from] item: Leftovers\n|upkeep\n|j| Samuelthestrong\n|j| Kerthwack\n|\n|t:|1700684100\n|switch|p2a: Ogerpon|Ogerpon-Cornerstone, L50, F|100\/100\n|turn|5\n|\n|t:|1700684113\n|move|p1b: Urshifu|Aqua Jet|p2a: Ogerpon\n|-damage|p2a: Ogerpon|71\/100\n|move|p2a: Ogerpon|Ivy Cudgel|p1b: Urshifu|[anim] Ivy Cudgel Rock\n|-resisted|p1b: Urshifu\n|-damage|p1b: Urshifu|0 fnt\n|faint|p1b: Urshifu\n|move|p1a: Gholdengo|Make It Rain|p2b: Iron Hands|[spread] p2a,p2b\n|-supereffective|p2a: Ogerpon\n|-resisted|p2b: Iron Hands\n|-damage|p2a: Ogerpon|0 fnt\n|-damage|p2b: Iron Hands|0 fnt\n|-unboost|p1a: Gholdengo|spa|1\n|faint|p2a: Ogerpon\n|faint|p2b: Iron Hands\n|-end|p2b: Iron Hands|Quark Drive|[silent]\n|\n|-heal|p1a: Gholdengo|92\/100|[from] item: Leftovers\n|upkeep\n|\n|t:|1700684118\n|switch|p1b: Roaring Moon|Roaring Moon, L50|100\/100\n|switch|p2b: Hatterene|Hatterene, L50, F|100\/100\n|-enditem|p1b: Roaring Moon|Booster Energy\n|-activate|p1b: Roaring Moon|ability: Protosynthesis|[fromitem]\n|-start|p1b: Roaring Moon|protosynthesisatk\n|turn|6\n|\n|t:|1700684124\n|-terastallize|p1b: Roaring Moon|Flying\n|move|p1b: Roaring Moon|Acrobatics|p2b: Hatterene\n|-damage|p2b: Hatterene|13\/100\n|move|p1a: Gholdengo|Shadow Ball|p2b: Hatterene\n|-supereffective|p2b: Hatterene\n|-damage|p2b: Hatterene|0 fnt\n|faint|p2b: Hatterene\n|\n|win|The Carkol Rider\n|c|\u2606The Carkol Rider|gg\n|c|\u2606iPetBigfoot|gg\n","uploadtime":1700684133,"views":1,"p1id":"thecarkolrider","p2id":"ipetbigfoot","formatid":"gen9vgc2023regulatione","rating":0,"private":0,"password":""}