{"id":"gen9vgc2023regulatione-1991521858","p1":"secretstudent","p2":"Calladus19","format":"[Gen 9] VGC 2023 Regulation E","log":"|j|\u2606secretstudent\n|j|\u2606Calladus19\n|t:|1700084638\n|gametype|doubles\n|player|p1|secretstudent|beauty|1039\n|player|p2|Calladus19|101|1000\n|teamsize|p1|6\n|teamsize|p2|6\n|gen|9\n|tier|[Gen 9] VGC 2023 Regulation E\n|rated|\n|rule|Species Clause: Limit one of each Pok\u00e9mon\n|rule|Item Clause: Limit one of each item\n|clearpoke\n|poke|p1|Chien-Pao, L50|\n|poke|p1|Amoonguss, L50, F|\n|poke|p1|Hatterene, L50, F|\n|poke|p1|Gyarados, L50, M|\n|poke|p1|Volcarona, L50, F|\n|poke|p1|Ogerpon, L50, F|\n|poke|p2|Amoonguss, L50, F|\n|poke|p2|Farigiraf, L50, M|\n|poke|p2|Garganacl, L50, M|\n|poke|p2|Ogerpon-Hearthflame, L50, F|\n|poke|p2|Sandy Shocks, L50|\n|poke|p2|Roaring Moon, L50|\n|teampreview|4\n|inactive|Battle timer is ON: inactive players will automatically lose when time's up. (requested by Calladus19)\n|\n|t:|1700084672\n|start\n|switch|p1a: Ogerpon|Ogerpon, L50, F|100\/100\n|switch|p1b: Gyarados|Gyarados, L50, M|100\/100\n|switch|p2a: Roaring Moon|Roaring Moon, L50|100\/100\n|switch|p2b: Sandy Shocks|Sandy Shocks, L50|100\/100\n|-ability|p1b: Gyarados|Intimidate|boost\n|-unboost|p2a: Roaring Moon|atk|1\n|-unboost|p2b: Sandy Shocks|atk|1\n|-enditem|p2b: Sandy Shocks|Booster Energy\n|-activate|p2b: Sandy Shocks|ability: Protosynthesis|[fromitem]\n|-start|p2b: Sandy Shocks|protosynthesisspe\n|turn|1\n|inactive|secretstudent has 30 seconds left.\n|\n|t:|1700084700\n|-terastallize|p2b: Sandy Shocks|Flying\n|-terastallize|p1b: Gyarados|Ground\n|move|p2b: Sandy Shocks|Tera Blast|p1a: Ogerpon|[anim] Tera Blast Flying\n|-supereffective|p1a: Ogerpon\n|-damage|p1a: Ogerpon|15\/100\n|move|p1a: Ogerpon|Ivy Cudgel|p2b: Sandy Shocks\n|-resisted|p2b: Sandy Shocks\n|-damage|p2b: Sandy Shocks|65\/100\n|-damage|p1a: Ogerpon|6\/100|[from] item: Life Orb\n|move|p2a: Roaring Moon|Tailwind|p2a: Roaring Moon\n|-sidestart|p2: Calladus19|move: Tailwind\n|move|p1b: Gyarados|Thunder Wave|p2a: Roaring Moon\n|-status|p2a: Roaring Moon|par\n|\n|upkeep\n|turn|2\n|inactive|Calladus19 has 30 seconds left.\n|\n|t:|1700084725\n|move|p1a: Ogerpon|Follow Me|p1a: Ogerpon\n|-singleturn|p1a: Ogerpon|move: Follow Me\n|move|p2b: Sandy Shocks|Tera Blast|p1a: Ogerpon|[anim] Tera Blast Flying\n|-supereffective|p1a: Ogerpon\n|-damage|p1a: Ogerpon|0 fnt\n|faint|p1a: Ogerpon\n|move|p2a: Roaring Moon|Knock Off|p1b: Gyarados\n|-damage|p1b: Gyarados|50\/100\n|-enditem|p1b: Gyarados|Sitrus Berry|[from] move: Knock Off|[of] p2a: Roaring Moon\n|move|p1b: Gyarados|Thunder Wave|p2b: Sandy Shocks\n|-status|p2b: Sandy Shocks|par\n|\n|upkeep\n|\n|t:|1700084742\n|switch|p1a: Chien-Pao|Chien-Pao, L50|100\/100\n|-ability|p1a: Chien-Pao|Sword of Ruin\n|turn|3\n|\n|t:|1700084766\n|cant|p2a: Roaring Moon|par\n|move|p2b: Sandy Shocks|Flash Cannon|p1a: Chien-Pao\n|-supereffective|p1a: Chien-Pao\n|-damage|p1a: Chien-Pao|14\/100\n|move|p1a: Chien-Pao|Icicle Crash|p2a: Roaring Moon\n|-supereffective|p2a: Roaring Moon\n|-enditem|p2a: Roaring Moon|Focus Sash\n|-damage|p2a: Roaring Moon|1\/100 par\n|move|p1b: Gyarados|Waterfall|p2b: Sandy Shocks\n|-damage|p2b: Sandy Shocks|4\/100 par\n|\n|upkeep\n|turn|4\n|\n|t:|1700084783\n|move|p1a: Chien-Pao|Sucker Punch|p2a: Roaring Moon\n|-resisted|p2a: Roaring Moon\n|-damage|p2a: Roaring Moon|0 fnt\n|faint|p2a: Roaring Moon\n|-end|p2a: Roaring Moon|Protosynthesis|[silent]\n|cant|p2b: Sandy Shocks|par\n|move|p1b: Gyarados|Waterfall|p2b: Sandy Shocks\n|-damage|p2b: Sandy Shocks|0 fnt\n|faint|p2b: Sandy Shocks\n|-end|p2b: Sandy Shocks|Protosynthesis|[silent]\n|\n|-sideend|p2: Calladus19|move: Tailwind\n|upkeep\n|\n|t:|1700084795\n|switch|p2a: Amoonguss|Amoonguss, L50, F|100\/100\n|switch|p2b: Ogerpon|Ogerpon-Hearthflame, L50, F|100\/100\n|-ability|p2b: Ogerpon|Mold Breaker\n|turn|5\n|\n|t:|1700084813\n|move|p1a: Chien-Pao|Protect|p1a: Chien-Pao\n|-singleturn|p1a: Chien-Pao|Protect\n|move|p2b: Ogerpon|Spiky Shield|p2b: Ogerpon\n|-singleturn|p2b: Ogerpon|move: Protect\n|move|p2a: Amoonguss|Rage Powder|p2a: Amoonguss\n|-singleturn|p2a: Amoonguss|move: Rage Powder\n|move|p1b: Gyarados|Taunt|p2a: Amoonguss\n|-start|p2a: Amoonguss|move: Taunt\n|\n|upkeep\n|turn|6\n|\n|t:|1700084828\n|move|p1a: Chien-Pao|Icicle Crash|p2a: Amoonguss\n|-supereffective|p2a: Amoonguss\n|-damage|p2a: Amoonguss|0 fnt\n|faint|p2a: Amoonguss\n|move|p2b: Ogerpon|Horn Leech|p1b: Gyarados\n|-supereffective|p1b: Gyarados\n|-damage|p1b: Gyarados|0 fnt\n|faint|p1b: Gyarados\n|\n|upkeep\n|\n|t:|1700084837\n|switch|p1b: Volcarona|Volcarona, L50, F|100\/100\n|turn|7\n|\n|t:|1700084849\n|move|p1a: Chien-Pao|Sucker Punch|p2b: Ogerpon\n|-damage|p2b: Ogerpon|35\/100\n|move|p2b: Ogerpon|Horn Leech|p1a: Chien-Pao\n|-damage|p1a: Chien-Pao|0 fnt\n|-heal|p2b: Ogerpon|42\/100|[from] drain|[of] p1a: Chien-Pao\n|faint|p1a: Chien-Pao\n|move|p1b: Volcarona|Quiver Dance|p1b: Volcarona\n|-boost|p1b: Volcarona|spa|1\n|-boost|p1b: Volcarona|spd|1\n|-boost|p1b: Volcarona|spe|1\n|\n|upkeep\n|turn|8\n|\n|t:|1700084862\n|move|p1b: Volcarona|Heat Wave|p2b: Ogerpon\n|-damage|p2b: Ogerpon|0 fnt\n|faint|p2b: Ogerpon\n|\n|win|secretstudent\n|raw|secretstudent's rating: 1039 &rarr; <strong>1069<\/strong><br \/>(+30 for winning)\n|raw|Calladus19's rating: 1000 &rarr; <strong>1000<\/strong><br \/>(+0 for losing)\n","uploadtime":1700084869,"views":7,"p1id":"secretstudent","p2id":"calladus19","formatid":"gen9vgc2023regulatione","rating":1000,"private":0,"password":""}