{"id":"gen9vgc2023regulatione-1989462393","p1":"SpaceCar","p2":"Ludwigxzc","format":"[Gen 9] VGC 2023 Regulation E","log":"|j|\u2606SpaceCar\n|j|\u2606Ludwigxzc\n|t:|1699854270\n|gametype|doubles\n|player|p1|SpaceCar|lucas|1243\n|player|p2|Ludwigxzc|bruno-gen2|1203\n|teamsize|p1|6\n|teamsize|p2|6\n|gen|9\n|tier|[Gen 9] VGC 2023 Regulation E\n|rated|\n|rule|Species Clause: Limit one of each Pok\u00e9mon\n|rule|Item Clause: Limit one of each item\n|clearpoke\n|poke|p1|Cinderace, L50, M|\n|poke|p1|Landorus-Therian, L50, M|\n|poke|p1|Ogerpon, L50, F|\n|poke|p1|Sableye, L50, F|\n|poke|p1|Gastrodon, L50, F|\n|poke|p1|Chien-Pao, L50|\n|poke|p2|Ogerpon-Wellspring, L50, F|\n|poke|p2|Arcanine-Hisui, L50, M|\n|poke|p2|Tornadus, L50, M|\n|poke|p2|Iron Hands, L50|\n|poke|p2|Urshifu-*, L50, F|\n|poke|p2|Chi-Yu, L50|\n|teampreview|4\nSpaceCar has agreed to open team sheets.\n|\n|t:|1699854333\n|start\n|switch|p1a: Cinderace|Cinderace, L50, M|100\/100\n|switch|p1b: Landorus|Landorus-Therian, L50, M|100\/100\n|switch|p2a: Tornadus|Tornadus, L50, M|100\/100\n|switch|p2b: Ogerpon|Ogerpon-Wellspring, L50, F|100\/100\n|-ability|p1b: Landorus|Intimidate|boost\n|-unboost|p2a: Tornadus|atk|1\n|-unboost|p2b: Ogerpon|atk|1\n|turn|1\n|\n|t:|1699854358\n|move|p2b: Ogerpon|Spiky Shield|p2b: Ogerpon\n|-singleturn|p2b: Ogerpon|move: Protect\n|move|p2a: Tornadus|Taunt|p1a: Cinderace\n|-start|p1a: Cinderace|move: Taunt\n|-enditem|p1a: Cinderace|Mental Herb\n|-end|p1a: Cinderace|move: Taunt\n|move|p1a: Cinderace|Court Change||[still]\n|-start|p1a: Cinderace|typechange|Normal|[from] ability: Libero\n|-swapsideconditions\n|-fail|p1a: Cinderace\n|move|p1b: Landorus|U-turn|p2b: Ogerpon\n|-activate|p2b: Ogerpon|move: Protect\n|-damage|p1b: Landorus|88\/100|[from] Spiky Shield|[of] p2b: Ogerpon\n|\n|upkeep\n|turn|2\n|\n|t:|1699854411\n|-terastallize|p2b: Ogerpon|Water\n|detailschange|p2b: Ogerpon|Ogerpon-Wellspring-Tera, L50, F, tera:Water\n|-ability|p2b: Ogerpon|Embody Aspect (Wellspring)|boost\n|-boost|p2b: Ogerpon|spd|1\n|-terastallize|p1b: Landorus|Water\n|move|p1a: Cinderace|Protect|p1a: Cinderace\n|-singleturn|p1a: Cinderace|Protect\n|move|p2a: Tornadus|Taunt|p1a: Cinderace\n|-activate|p1a: Cinderace|move: Protect\n|move|p2b: Ogerpon|Power Whip|p1b: Landorus\n|-supereffective|p1b: Landorus\n|-damage|p1b: Landorus|0 fnt\n|faint|p1b: Landorus\n|\n|upkeep\n|\n|t:|1699854420\n|switch|p1b: Ogerpon|Ogerpon, L50, F|100\/100\n|turn|3\n|\n|t:|1699854431\n|move|p2b: Ogerpon|Spiky Shield|p2b: Ogerpon\n|-singleturn|p2b: Ogerpon|move: Protect\n|move|p1a: Cinderace|Pyro Ball|p2a: Tornadus\n|-crit|p2a: Tornadus\n|-damage|p2a: Tornadus|45\/100\n|move|p1b: Ogerpon|Swords Dance|p1b: Ogerpon\n|-boost|p1b: Ogerpon|atk|2\n|move|p2a: Tornadus|Bleakwind Storm|p1a: Cinderace|[spread] p1a,p1b\n|-supereffective|p1b: Ogerpon\n|-damage|p1a: Cinderace|53\/100\n|-damage|p1b: Ogerpon|24\/100\n|-unboost|p1a: Cinderace|spe|1\n|\n|upkeep\n|turn|4\n|\n|t:|1699854451\n|move|p1b: Ogerpon|Spiky Shield|p1b: Ogerpon\n|-singleturn|p1b: Ogerpon|move: Protect\n|move|p2a: Tornadus|Tailwind|p2a: Tornadus\n|-sidestart|p2: Ludwigxzc|move: Tailwind\n|move|p2b: Ogerpon|Power Whip|p1a: Cinderace\n|-damage|p1a: Cinderace|0 fnt\n|faint|p1a: Cinderace\n|\n|upkeep\n|\n|t:|1699854456\n|switch|p1a: Chien-Pao|Chien-Pao, L50|100\/100\n|-ability|p1a: Chien-Pao|Sword of Ruin\n|turn|5\n|\n|t:|1699854464\n|move|p2a: Tornadus|Rain Dance|p2a: Tornadus\n|-weather|RainDance\n|move|p1a: Chien-Pao|Sucker Punch||[still]\n|-fail|p1a: Chien-Pao\n|move|p2b: Ogerpon|Ivy Cudgel|p1b: Ogerpon\n|-resisted|p1b: Ogerpon\n|-damage|p1b: Ogerpon|0 fnt\n|faint|p1b: Ogerpon\n|\n|-weather|RainDance|[upkeep]\n|upkeep\n|turn|6\n|\n|t:|1699854474\n|move|p2b: Ogerpon|Ivy Cudgel|p1a: Chien-Pao\n|-damage|p1a: Chien-Pao|0 fnt\n|faint|p1a: Chien-Pao\n|\n|win|Ludwigxzc\n|raw|SpaceCar's rating: 1243 &rarr; <strong>1215<\/strong><br \/>(-28 for losing)\n|raw|Ludwigxzc's rating: 1203 &rarr; <strong>1231<\/strong><br \/>(+28 for winning)\n|l|\u2606SpaceCar\n","uploadtime":1699854501,"views":9,"p1id":"spacecar","p2id":"ludwigxzc","formatid":"gen9vgc2023regulatione","rating":1215,"private":0,"password":""}