{"id":"gen9vgc2023regulatione-1996680487","p1":"GrapeJamMan","p2":"dhaup4","format":"[Gen 9] VGC 2023 Regulation E","log":"|j|\u2606GrapeJamMan\n|j|\u2606dhaup4\n|t:|1700708917\n|gametype|doubles\n|player|p1|GrapeJamMan|cyrus|1040\n|player|p2|dhaup4|1|1137\n|teamsize|p1|6\n|teamsize|p2|6\n|gen|9\n|tier|[Gen 9] VGC 2023 Regulation E\n|rated|\n|rule|Species Clause: Limit one of each Pok\u00e9mon\n|rule|Item Clause: Limit one of each item\n|clearpoke\n|poke|p1|Volbeat, L50, M|\n|poke|p1|Chi-Yu, L50|\n|poke|p1|Sinistcha-Masterpiece, L50|\n|poke|p1|Florges, L50, F|\n|poke|p1|Iron Hands, L50|\n|poke|p1|Roaring Moon, L50|\n|poke|p2|Annihilape, L50, M|\n|poke|p2|Maushold, L50|\n|poke|p2|Grimmsnarl, L50, M|\n|poke|p2|Sinistcha-Masterpiece, L50|\n|poke|p2|Spectrier, L50|\n|poke|p2|Glimmora, L50, F|\n|teampreview|4\ndhaup4 has agreed to open team sheets.\n|\n|t:|1700708945\n|start\n|switch|p1a: Volbeat|Volbeat, L50, M|100\/100\n|switch|p1b: Chi-Yu|Chi-Yu, L50|100\/100\n|switch|p2a: Annihilape|Annihilape, L50, M|100\/100\n|switch|p2b: Grimmsnarl|Grimmsnarl, L50, M|100\/100\n|-ability|p1b: Chi-Yu|Beads of Ruin\n|turn|1\n|inactive|Battle timer is ON: inactive players will automatically lose when time's up. (requested by GrapeJamMan)\n|\n|t:|1700708965\n|-terastallize|p1b: Chi-Yu|Grass\n|-terastallize|p2a: Annihilape|Fire\n|move|p2b: Grimmsnarl|Fake Out|p1b: Chi-Yu\n|-damage|p1b: Chi-Yu|80\/100\n|move|p1a: Volbeat|Tailwind|p1a: Volbeat\n|-sidestart|p1: GrapeJamMan|move: Tailwind\n|cant|p1b: Chi-Yu|flinch\n|move|p2a: Annihilape|Bulk Up|p2a: Annihilape\n|-boost|p2a: Annihilape|atk|1\n|-boost|p2a: Annihilape|def|1\n|\n|upkeep\n|turn|2\n|inactive|dhaup4 has 30 seconds left.\n|\n|t:|1700708996\n|move|p1a: Volbeat|Thunder Wave|p2a: Annihilape\n|-status|p2a: Annihilape|par\n|move|p2b: Grimmsnarl|Light Screen|p2b: Grimmsnarl\n|-sidestart|p2: dhaup4|move: Light Screen\n|move|p1b: Chi-Yu|Nasty Plot|p1b: Chi-Yu\n|-boost|p1b: Chi-Yu|spa|2\n|move|p2a: Annihilape|Drain Punch|p1a: Volbeat\n|-resisted|p1a: Volbeat\n|-damage|p1a: Volbeat|75\/100\n|\n|upkeep\n|turn|3\n|inactive|GrapeJamMan has 30 seconds left.\n|\n|t:|1700709022\n|move|p2b: Grimmsnarl|Parting Shot|p1b: Chi-Yu\n|-unboost|p1b: Chi-Yu|atk|1\n|-unboost|p1b: Chi-Yu|spa|1\n|\n|t:|1700709026\n|switch|p2b: Maushold|Maushold, L50|100\/100|[from] Parting Shot\n|move|p1b: Chi-Yu|Dark Pulse|p2a: Annihilape\n|-damage|p2a: Annihilape|68\/100 par\n|-damage|p1b: Chi-Yu|70\/100|[from] item: Life Orb\n|move|p1a: Volbeat|Brick Break|p2b: Maushold\n|-sideend|p2: dhaup4|move: Light Screen\n|-supereffective|p2b: Maushold\n|-damage|p2b: Maushold|73\/100\n|-damage|p1a: Volbeat|58\/100|[from] item: Rocky Helmet|[of] p2b: Maushold\n|move|p2a: Annihilape|Drain Punch|p1b: Chi-Yu\n|-damage|p1b: Chi-Yu|0 fnt\n|-heal|p2a: Annihilape|89\/100 par|[from] drain|[of] p1b: Chi-Yu\n|faint|p1b: Chi-Yu\n|\n|-heal|p2a: Annihilape|95\/100 par|[from] item: Leftovers\n|upkeep\n|\n|t:|1700709047\n|switch|p1b: Florges|Florges, L50, F|100\/100\n|turn|4\n|inactive|dhaup4 has 30 seconds left.\n|\n|t:|1700709073\n|move|p1a: Volbeat|Thunder Wave|p2b: Maushold\n|-status|p2b: Maushold|par\n|move|p1b: Florges|Tera Blast|p2a: Annihilape\n|-damage|p2a: Annihilape|83\/100 par\n|move|p2b: Maushold|Beat Up|p2a: Annihilape\n|-damage|p2a: Annihilape|81\/100 par\n|-damage|p2a: Annihilape|79\/100 par\n|-damage|p2a: Annihilape|78\/100 par\n|-hitcount|p2a: Annihilape|3\n|move|p2a: Annihilape|Rage Fist|p1b: Florges\n|-damage|p1b: Florges|0 fnt\n|faint|p1b: Florges\n|\n|-heal|p2a: Annihilape|84\/100 par|[from] item: Leftovers\n|-sideend|p1: GrapeJamMan|move: Tailwind\n|upkeep\n|\n|t:|1700709086\n|switch|p1b: Sinistcha|Sinistcha-Masterpiece, L50|100\/100\n|-heal|p1a: Volbeat|83\/100|[from] ability: Hospitality|[of] p1b: Sinistcha\n|turn|5\n|\n|t:|1700709099\n|move|p2b: Maushold|Follow Me|p2b: Maushold\n|-singleturn|p2b: Maushold|move: Follow Me\n|move|p1a: Volbeat|Brick Break|p2b: Maushold\n|-supereffective|p2b: Maushold\n|-damage|p2b: Maushold|45\/100 par\n|-damage|p1a: Volbeat|67\/100|[from] item: Rocky Helmet|[of] p2b: Maushold\n|move|p1b: Sinistcha|Foul Play|p2b: Maushold\n|-crit|p2b: Maushold\n|-damage|p2b: Maushold|23\/100 par\n|-damage|p1b: Sinistcha|84\/100|[from] item: Rocky Helmet|[of] p2b: Maushold\n|move|p2a: Annihilape|Rage Fist|p1b: Sinistcha\n|-supereffective|p1b: Sinistcha\n|-damage|p1b: Sinistcha|0 fnt\n|faint|p1b: Sinistcha\n|\n|-heal|p2a: Annihilape|90\/100 par|[from] item: Leftovers\n|upkeep\n|turn|6\n|\n|t:|1700709118\n|move|p2b: Maushold|Follow Me|p2b: Maushold\n|-singleturn|p2b: Maushold|move: Follow Me\n|move|p1a: Volbeat|Brick Break|p2b: Maushold\n|-supereffective|p2b: Maushold\n|-damage|p2b: Maushold|0 fnt\n|-damage|p1a: Volbeat|50\/100|[from] item: Rocky Helmet|[of] p2b: Maushold\n|faint|p2b: Maushold\n|move|p2a: Annihilape|Rage Fist|p1a: Volbeat\n|-damage|p1a: Volbeat|0 fnt\n|faint|p1a: Volbeat\n|\n|win|dhaup4\n|raw|GrapeJamMan's rating: 1040 &rarr; <strong>1028<\/strong><br \/>(-12 for losing)\n|raw|dhaup4's rating: 1137 &rarr; <strong>1155<\/strong><br \/>(+18 for winning)\n|l|\u2606GrapeJamMan\n","uploadtime":1700709131,"views":13,"p1id":"grapejamman","p2id":"dhaup4","formatid":"gen9vgc2023regulatione","rating":1028,"private":0,"password":""}