{"id":"gen9vgc2023regulatione-2000266781","p1":"UnknownUniverse","p2":"Hrv1105020","format":"[Gen 9] VGC 2023 Regulation E","log":"|j|\u2606UnknownUniverse\n|j|\u2606Hrv1105020\n|t:|1701179407\n|gametype|doubles\n|player|p1|UnknownUniverse|rika|1103\n|player|p2|Hrv1105020|volkner|1135\n|teamsize|p1|6\n|teamsize|p2|6\n|gen|9\n|tier|[Gen 9] VGC 2023 Regulation E\n|rated|\n|rule|Species Clause: Limit one of each Pok\u00e9mon\n|rule|Item Clause: Limit one of each item\n|clearpoke\n|poke|p1|Roaring Moon, L50|\n|poke|p1|Torkoal, L50, M|\n|poke|p1|Lilligant-Hisui, L50, F|\n|poke|p1|Flutter Mane, L50|\n|poke|p1|Chien-Pao, L50|\n|poke|p1|Corviknight, L50, M|\n|poke|p2|Scizor, L50, M|\n|poke|p2|Ninetales-Alola, L50, M|\n|poke|p2|Chien-Pao, L50|\n|poke|p2|Goodra-Hisui, L50, M|\n|poke|p2|Rillaboom, L50, M|\n|poke|p2|Landorus-Therian, L50, M|\n|teampreview|4\n|\n|t:|1701179473\n|start\n|switch|p1a: Torkoal|Torkoal, L50, M, shiny|100\/100\n|switch|p1b: Corviknight|Corviknight, L50, M, shiny|100\/100\n|switch|p2a: Landorus|Landorus-Therian, L50, M|100\/100\n|switch|p2b: Scizor|Scizor, L50, M, shiny|100\/100\n|-ability|p2a: Landorus|Intimidate|boost\n|-unboost|p1a: Torkoal|atk|1\n|-ability|p1b: Corviknight|Mirror Armor\n|-unboost|p2a: Landorus|atk|1\n|-weather|SunnyDay|[from] ability: Drought|[of] p1a: Torkoal\n|turn|1\n|\n|t:|1701179507\n|-terastallize|p1a: Torkoal|Flying\n|move|p2a: Landorus|Rock Slide|p1a: Torkoal|[spread] p1a,p1b\n|-supereffective|p1a: Torkoal\n|-damage|p1a: Torkoal|75\/100\n|-damage|p1b: Corviknight|86\/100\n|move|p2b: Scizor|Dual Wingbeat|p1a: Torkoal\n|-damage|p1a: Torkoal|51\/100\n|-damage|p1a: Torkoal|29\/100\n|-hitcount|p1a: Torkoal|2\n|-damage|p2b: Scizor|91\/100|[from] item: Life Orb\n|cant|p1b: Corviknight|flinch\n|move|p1a: Torkoal|Eruption|p2a: Landorus|[spread] p2a,p2b\n|-supereffective|p2b: Scizor\n|-damage|p2a: Landorus|71\/100\n|-damage|p2b: Scizor|0 fnt\n|faint|p2b: Scizor\n|\n|-weather|SunnyDay|[upkeep]\n|upkeep\n|\n|t:|1701179527\n|switch|p2b: Ninetales|Ninetales-Alola, L50, M, shiny|100\/100\n|-weather|Snow|[from] ability: Snow Warning|[of] p2b: Ninetales\n|turn|2\n|\n|t:|1701179550\n|-terastallize|p2b: Ninetales|Dark\n|move|p2a: Landorus|Rock Slide|p1b: Corviknight|[spread] p1a,p1b\n|-supereffective|p1a: Torkoal\n|-damage|p1a: Torkoal|7\/100\n|-damage|p1b: Corviknight|72\/100\n|move|p2b: Ninetales|Aurora Veil|p2b: Ninetales\n|-sidestart|p2: Hrv1105020|move: Aurora Veil\n|move|p1b: Corviknight|Body Press|p2b: Ninetales\n|-supereffective|p2b: Ninetales\n|-damage|p2b: Ninetales|61\/100\n|move|p1a: Torkoal|Eruption|p2b: Ninetales|[spread] p2a,p2b\n|-damage|p2a: Landorus|68\/100\n|-damage|p2b: Ninetales|58\/100\n|\n|-weather|Snow|[upkeep]\n|upkeep\n|turn|3\n|\n|t:|1701179577\n|move|p2a: Landorus|Rock Slide|p1a: Torkoal|[spread] p1a,p1b\n|-supereffective|p1a: Torkoal\n|-damage|p1a: Torkoal|0 fnt\n|-damage|p1b: Corviknight|57\/100\n|faint|p1a: Torkoal\n|move|p2b: Ninetales|Howl|p2b: Ninetales|[spread] p2a,p2b\n|-boost|p2a: Landorus|atk|1\n|-boost|p2b: Ninetales|atk|1\n|cant|p1b: Corviknight|flinch\n|\n|-weather|Snow|[upkeep]\n|upkeep\n|\n|t:|1701179589\n|switch|p1a: Lilligant|Lilligant-Hisui, L50, F, shiny|100\/100\n|turn|4\n|\n|t:|1701179596\n|move|p2b: Ninetales|Ice Shard|p1a: Lilligant\n|-supereffective|p1a: Lilligant\n|-damage|p1a: Lilligant|34\/100\n|move|p2a: Landorus|Rock Slide|p1a: Lilligant|[spread] p1a,p1b\n|-resisted|p1a: Lilligant\n|-damage|p1a: Lilligant|18\/100\n|-damage|p1b: Corviknight|37\/100\n|-enditem|p1b: Corviknight|Sitrus Berry|[eat]\n|-heal|p1b: Corviknight|62\/100|[from] item: Sitrus Berry\n|move|p1a: Lilligant|Close Combat|p2b: Ninetales\n|-supereffective|p2b: Ninetales\n|-damage|p2b: Ninetales|0 fnt\n|-unboost|p1a: Lilligant|def|1\n|-unboost|p1a: Lilligant|spd|1\n|faint|p2b: Ninetales\n|cant|p1b: Corviknight|flinch\n|\n|-weather|Snow|[upkeep]\n|upkeep\n|\n|t:|1701179613\n|switch|p2b: Goodra|Goodra-Hisui, L50, M, shiny|100\/100\n|turn|5\n|\n|t:|1701179625\n|move|p2a: Landorus|Rock Slide|p1a: Lilligant|[spread] p1a,p1b\n|-resisted|p1a: Lilligant\n|-damage|p1a: Lilligant|0 fnt\n|-damage|p1b: Corviknight|41\/100\n|faint|p1a: Lilligant\n|move|p1b: Corviknight|Bulk Up|p1b: Corviknight\n|-boost|p1b: Corviknight|atk|1\n|-boost|p1b: Corviknight|def|1\n|move|p2b: Goodra|Shelter|p2b: Goodra\n|-boost|p2b: Goodra|def|2\n|\n|-weather|Snow|[upkeep]\n|upkeep\n|\n|t:|1701179636\n|switch|p1a: Roaring Moon|Roaring Moon, L50, shiny|100\/100\n|-enditem|p1a: Roaring Moon|Booster Energy\n|-activate|p1a: Roaring Moon|ability: Protosynthesis|[fromitem]\n|-start|p1a: Roaring Moon|protosynthesisatk\n|turn|6\n|\n|t:|1701179658\n|move|p2a: Landorus|Rock Slide|p1b: Corviknight|[spread] p1a,p1b\n|-damage|p1a: Roaring Moon|73\/100\n|-damage|p1b: Corviknight|27\/100\n|move|p1a: Roaring Moon|Knock Off|p2b: Goodra\n|-damage|p2b: Goodra|81\/100\n|-enditem|p2b: Goodra|Leftovers|[from] move: Knock Off|[of] p1a: Roaring Moon\n|move|p1b: Corviknight|Bulk Up|p1b: Corviknight\n|-boost|p1b: Corviknight|atk|1\n|-boost|p1b: Corviknight|def|1\n|move|p2b: Goodra|Body Press|p1a: Roaring Moon\n|-supereffective|p1a: Roaring Moon\n|-damage|p1a: Roaring Moon|0 fnt\n|faint|p1a: Roaring Moon\n|-end|p1a: Roaring Moon|Protosynthesis|[silent]\n|\n|-weather|none\n|upkeep\n|turn|7\n|\n|t:|1701179676\n|move|p2a: Landorus|Rock Slide|p1b: Corviknight|[miss]\n|-miss|p2a: Landorus|p1b: Corviknight\n|move|p1b: Corviknight|Roost|p1b: Corviknight\n|-heal|p1b: Corviknight|77\/100\n|-singleturn|p1b: Corviknight|move: Roost\n|move|p2b: Goodra|Life Dew|p2b: Goodra|[spread] p2a,p2b\n|-heal|p2a: Landorus|93\/100\n|-heal|p2b: Goodra|100\/100\n|\n|upkeep\n|turn|8\n|\n|t:|1701179694\n|move|p2a: Landorus|Rock Slide|p1b: Corviknight\n|-damage|p1b: Corviknight|65\/100\n|cant|p1b: Corviknight|flinch\n|move|p2b: Goodra|Shelter|p2b: Goodra\n|-boost|p2b: Goodra|def|2\n|\n|upkeep\n|turn|9\n|\n|t:|1701179703\n|move|p2a: Landorus|Rock Slide|p1b: Corviknight\n|-damage|p1b: Corviknight|52\/100\n|cant|p1b: Corviknight|flinch\n|move|p2b: Goodra|Shelter|p2b: Goodra\n|-boost|p2b: Goodra|def|2\n|\n|-sideend|p2: Hrv1105020|move: Aurora Veil\n|upkeep\n|turn|10\n|c|\u2606UnknownUniverse|OMFG LMAO HOW???\n|\n|t:|1701179733\n|move|p2a: Landorus|Rock Slide|p1b: Corviknight\n|-damage|p1b: Corviknight|38\/100\n|cant|p1b: Corviknight|flinch\n|move|p2b: Goodra|Body Press|p1b: Corviknight\n|-damage|p1b: Corviknight|5\/100\n|\n|upkeep\n|turn|11\n|\n|t:|1701179748\n|move|p2a: Landorus|Rock Slide|p1b: Corviknight\n|-damage|p1b: Corviknight|0 fnt\n|faint|p1b: Corviknight\n|\n|win|Hrv1105020\n|raw|UnknownUniverse's rating: 1103 &rarr; <strong>1080<\/strong><br \/>(-23 for losing)\n|raw|Hrv1105020's rating: 1135 &rarr; <strong>1158<\/strong><br \/>(+23 for winning)\n|l|\u2606Hrv1105020\n|c|\u2606UnknownUniverse|Gg\n","uploadtime":1701179770,"views":1,"p1id":"unknownuniverse","p2id":"hrv1105020","formatid":"gen9vgc2023regulatione","rating":1080,"private":0,"password":""}