{"id":"gen9vgc2023regulatione-1990733768","p1":"jayballester","p2":"Tuxmux","format":"[Gen 9] VGC 2023 Regulation E","log":"|j|\u2606jayballester\n|j|\u2606Tuxmux\n|t:|1699995830\n|gametype|doubles\n|player|p1|jayballester|riley|\n|player|p2|Tuxmux|101|\n|teamsize|p1|6\n|teamsize|p2|6\n|gen|9\n|tier|[Gen 9] VGC 2023 Regulation E\n|rule|Species Clause: Limit one of each Pok\u00e9mon\n|rule|Item Clause: Limit one of each item\n|clearpoke\n|poke|p1|Chien-Pao, L50|\n|poke|p1|Empoleon, L50, M|\n|poke|p1|Arcanine-Hisui, L50, F|\n|poke|p1|Medicham, L50, F|\n|poke|p1|Noivern, L50, F|\n|poke|p1|Rotom-Mow, L50|\n|poke|p2|Flutter Mane, L50|\n|poke|p2|Gholdengo, L50|\n|poke|p2|Gothitelle, L50, M|\n|poke|p2|Zapdos-Galar, L50|\n|poke|p2|Shiftry, L50, M|\n|poke|p2|Bellibolt, L50, F|\n|teampreview|4\n|c|\u2606Tuxmux|damn what a fire spread i had too\n|c|\u2606Tuxmux|if only i could get the speed boost while having that much spa xd\n|\n|t:|1699995854\n|start\n|switch|p1a: Noivern|Noivern, L50, F|100\/100\n|switch|p1b: Medicham|Medicham, L50, F|100\/100\n|switch|p2a: Flutter Mane|Flutter Mane, L50|100\/100\n|switch|p2b: Gholdengo|Gholdengo, L50|100\/100\n|-item|p2a: Flutter Mane|Booster Energy|[from] ability: Frisk|[of] p1a: Noivern|[identify]\n|-item|p2b: Gholdengo|Choice Specs|[from] ability: Frisk|[of] p1a: Noivern|[identify]\n|-enditem|p2a: Flutter Mane|Booster Energy\n|-activate|p2a: Flutter Mane|ability: Protosynthesis|[fromitem]\n|-start|p2a: Flutter Mane|protosynthesisspe\n|turn|1\n|c|\u2606jayballester|lmao\n|\n|t:|1699995867\n|-terastallize|p1b: Medicham|Steel\n|move|p2a: Flutter Mane|Icy Wind|p1a: Noivern|[spread] p1a,p1b\n|-supereffective|p1a: Noivern\n|-resisted|p1b: Medicham\n|-damage|p1a: Noivern|40\/100\n|-damage|p1b: Medicham|91\/100\n|-unboost|p1a: Noivern|spe|1\n|-unboost|p1b: Medicham|spe|1\n|move|p2b: Gholdengo|Shadow Ball|p1b: Medicham\n|-damage|p1b: Medicham|0 fnt\n|faint|p1b: Medicham\n|move|p1a: Noivern|Tailwind|p1a: Noivern\n|-sidestart|p1: jayballester|move: Tailwind\n|\n|upkeep\n|c|\u2606jayballester|frick\n|c|\u2606Tuxmux|holy\n|\n|t:|1699995884\n|switch|p1b: Chien-Pao|Chien-Pao, L50|100\/100\n|-ability|p1b: Chien-Pao|Sword of Ruin\n|turn|2\n|\n|t:|1699995911\n|switch|p2b: Zapdos|Zapdos-Galar, L50|100\/100\n|move|p1b: Chien-Pao|Crunch|p2b: Zapdos\n|-resisted|p2b: Zapdos\n|-damage|p2b: Zapdos|67\/100\n|move|p2a: Flutter Mane|Substitute|p2a: Flutter Mane\n|-start|p2a: Flutter Mane|Substitute\n|-damage|p2a: Flutter Mane|76\/100\n|move|p1a: Noivern|Heat Wave|p2b: Zapdos|[spread] p2b\n|-miss|p1a: Noivern|p2a: Flutter Mane\n|-damage|p2b: Zapdos|45\/100\n|\n|upkeep\n|turn|3\n|\n|t:|1699995930\n|-terastallize|p2a: Flutter Mane|Fairy\n|move|p1b: Chien-Pao|Crunch|p2a: Flutter Mane\n|-resisted|p2a: Flutter Mane\n|-end|p2a: Flutter Mane|Substitute\n|move|p2a: Flutter Mane|Moonblast|p1b: Chien-Pao\n|-supereffective|p1b: Chien-Pao\n|-enditem|p1b: Chien-Pao|Focus Sash\n|-damage|p1b: Chien-Pao|1\/100\n|move|p1a: Noivern|Air Slash|p2b: Zapdos\n|-supereffective|p2b: Zapdos\n|-damage|p2b: Zapdos|0 fnt\n|faint|p2b: Zapdos\n|\n|upkeep\n|\n|t:|1699995941\n|switch|p2b: Shiftry|Shiftry, L50, M|100\/100\n|turn|4\n|\n|t:|1699995972\n|move|p2b: Shiftry|Fake Out|p1b: Chien-Pao\n|-damage|p1b: Chien-Pao|0 fnt\n|faint|p1b: Chien-Pao\n|move|p2a: Flutter Mane|Icy Wind|p1a: Noivern\n|-supereffective|p1a: Noivern\n|-damage|p1a: Noivern|0 fnt\n|faint|p1a: Noivern\n|\n|-sideend|p1: jayballester|move: Tailwind\n|upkeep\n|c|\u2606jayballester|huh\n|c|\u2606jayballester|fine\n|\n|t:|1699995984\n|switch|p1b: Empoleon|Empoleon, L50, M|100\/100\n|turn|5\n|\n|t:|1699995994\n|-end|p2a: Flutter Mane|Protosynthesis|[silent]\n|switch|p2a: Gholdengo|Gholdengo, L50|100\/100\n|move|p2b: Shiftry|Leaf Blade|p1b: Empoleon\n|-damage|p1b: Empoleon|58\/100\n|move|p1b: Empoleon|Ice Beam|p2b: Shiftry\n|-supereffective|p2b: Shiftry\n|-crit|p2b: Shiftry\n|-damage|p2b: Shiftry|0 fnt\n|faint|p2b: Shiftry\n|\n|upkeep\n|\n|t:|1699995999\n|switch|p2b: Flutter Mane|Flutter Mane, L50, tera:Fairy|76\/100\n|turn|6\n|\n|t:|1699996009\n|move|p2b: Flutter Mane|Icy Wind|p1b: Empoleon\n|-resisted|p1b: Empoleon\n|-damage|p1b: Empoleon|55\/100\n|-unboost|p1b: Empoleon|spe|1\n|-ability|p1b: Empoleon|Competitive|boost\n|-boost|p1b: Empoleon|spa|2\n|move|p2a: Gholdengo|Thunderbolt|p1b: Empoleon\n|-supereffective|p1b: Empoleon\n|-crit|p1b: Empoleon\n|-damage|p1b: Empoleon|0 fnt\n|faint|p1b: Empoleon\n|\n|win|Tuxmux\n|c|\u2606Tuxmux|gg\n|c|\u2606jayballester|gg\n|c|\u2606jayballester|?\n","uploadtime":1699996556,"views":6,"p1id":"jayballester","p2id":"tuxmux","formatid":"gen9vgc2023regulatione","rating":0,"private":0,"password":""}