{"id":"gen9vgc2023regulatione-1990933465","p1":"iis4insomnia","p2":"901TEK","format":"[Gen 9] VGC 2023 Regulation E","log":"|j|\u2606iis4insomnia\n|j|\u2606901TEK\n|t:|1700016753\n|gametype|doubles\n|player|p1|iis4insomnia|2|\n|player|p2|901TEK|101|\n|teamsize|p1|6\n|teamsize|p2|6\n|gen|9\n|tier|[Gen 9] VGC 2023 Regulation E\n|rule|Species Clause: Limit one of each Pok\u00e9mon\n|rule|Item Clause: Limit one of each item\n|clearpoke\n|poke|p1|Dragonite, L50, F|\n|poke|p1|Charizard, L50, M|\n|poke|p1|Gengar, L50, M|\n|poke|p1|Gardevoir, L50, M|\n|poke|p1|Tyranitar, L50, F|\n|poke|p1|Torterra, L50, F|\n|poke|p2|Dragonite, L50, F|\n|poke|p2|Charizard, L50, M|\n|poke|p2|Gengar, L50, M|\n|poke|p2|Gardevoir, L50, M|\n|poke|p2|Tyranitar, L50, M|\n|poke|p2|Torterra, L50, M|\n|teampreview|4\n|inactive|Battle timer is ON: inactive players will automatically lose when time's up. (requested by iis4insomnia)\n|c|\u2606901TEK|let's duel\n|c|\u2606iis4insomnia|glhf. May MEE6 guide me.\n|inactive|iis4insomnia has 60 seconds left.\n|inactive|901TEK has 60 seconds left.\n|\n|t:|1700016796\n|start\n|switch|p1a: Charizard|Charizard, L50, M|100\/100\n|switch|p1b: Tyranitar|Tyranitar, L50, F|100\/100\n|switch|p2a: Charizard|Charizard, L50, M|100\/100\n|switch|p2b: Gardevoir|Gardevoir, L50, M|100\/100\n|-ability|p1b: Tyranitar|Unnerve\n|-ability|p2b: Gardevoir|Blaze|[from] ability: Trace|[of] p1a: Charizard\n|turn|1\n|\n|t:|1700016818\n|switch|p1b: Replacement Turtle|Torterra, L50, F|100\/100\n|move|p1a: Charizard|Protect|p1a: Charizard\n|-singleturn|p1a: Charizard|Protect\n|move|p2a: Charizard|Rock Slide|p1a: Charizard|[spread] p1b\n|-activate|p1a: Charizard|move: Protect\n|-resisted|p1b: Replacement Turtle\n|-damage|p1b: Replacement Turtle|96\/100\n|move|p2b: Gardevoir|Moonblast|p1b: Replacement Turtle\n|-damage|p1b: Replacement Turtle|40\/100\n|\n|upkeep\n|turn|2\n|inactive|iis4insomnia has 30 seconds left.\n|\n|t:|1700016845\n|move|p1a: Charizard|Rock Slide|p2b: Gardevoir|[spread] p2a,p2b\n|-supereffective|p2a: Charizard\n|-damage|p2a: Charizard|43\/100\n|-damage|p2b: Gardevoir|82\/100\n|move|p2a: Charizard|Rock Slide|p1a: Charizard|[spread] p1a,p1b\n|-supereffective|p1a: Charizard\n|-resisted|p1b: Replacement Turtle\n|-damage|p1a: Charizard|38\/100\n|-damage|p1b: Replacement Turtle|36\/100\n|move|p2b: Gardevoir|Icy Wind|p1b: Replacement Turtle|[spread] p1a,p1b\n|-supereffective|p1b: Replacement Turtle\n|-damage|p1a: Charizard|18\/100\n|-damage|p1b: Replacement Turtle|0 fnt\n|-unboost|p1a: Charizard|spe|1\n|faint|p1b: Replacement Turtle\n|\n|upkeep\n|\n|t:|1700016858\n|switch|p1b: Gengar|Gengar, L50, M|100\/100\n|turn|3\n|inactive|iis4insomnia has 30 seconds left.\n|inactive|901TEK has 30 seconds left.\n|inactive|901TEK has 20 seconds left.\n|\n|t:|1700016898\n|switch|p2b: Dragonite|Dragonite, L50, F|100\/100\n|move|p1a: Charizard|Protect|p1a: Charizard\n|-singleturn|p1a: Charizard|Protect\n|move|p1b: Gengar|Psychic|p2a: Charizard\n|-damage|p2a: Charizard|0 fnt\n|faint|p2a: Charizard\n|\n|upkeep\n|\n|t:|1700016906\n|switch|p2a: Gengar|Gengar, L50, M|100\/100\n|turn|4\n|inactive|iis4insomnia has 30 seconds left.\n|\n|t:|1700016932\n|switch|p1b: Tyranitar|Tyranitar, L50, F|100\/100\n|-ability|p1b: Tyranitar|Unnerve\n|-terastallize|p2a: Gengar|Flying\n|move|p2b: Dragonite|Extreme Speed|p1a: Charizard\n|-damage|p1a: Charizard|0 fnt\n|faint|p1a: Charizard\n|move|p2a: Gengar|Dark Pulse|p1b: Tyranitar\n|-resisted|p1b: Tyranitar\n|-damage|p1b: Tyranitar|89\/100\n|\n|upkeep\n|inactive|iis4insomnia has 30 seconds left.\n|\n|t:|1700016960\n|switch|p1a: Gengar|Gengar, L50, M|100\/100\n|turn|5\n|inactive|iis4insomnia has 30 seconds left.\n|\n|t:|1700016985\n|-terastallize|p1a: Gengar|Flying\n|move|p2b: Dragonite|Extreme Speed|p1b: Tyranitar\n|-resisted|p1b: Tyranitar\n|-damage|p1b: Tyranitar|72\/100\n|move|p2a: Gengar|Dark Pulse|p1a: Gengar\n|-damage|p1a: Gengar|28\/100\n|-start|p2a: Gengar|Disable|Dark Pulse|[from] ability: Cursed Body|[of] p1a: Gengar\n|move|p1a: Gengar|Shadow Ball|p2b: Dragonite\n|-damage|p2b: Dragonite|75\/100\n|-unboost|p2b: Dragonite|spd|1\n|move|p1b: Tyranitar|Crunch|p2a: Gengar\n|-damage|p2a: Gengar|0 fnt\n|-start|p1b: Tyranitar|Disable|Crunch|[from] ability: Cursed Body|[of] p2a: Gengar\n|faint|p2a: Gengar\n|\n|upkeep\n|\n|t:|1700016994\n|switch|p2a: Gardevoir|Gardevoir, L50, M|82\/100\n|-ability|p2a: Gardevoir|Cursed Body|[from] ability: Trace|[of] p1a: Gengar\n|turn|6\n|\n|t:|1700017009\n|move|p2b: Dragonite|Extreme Speed|p1a: Gengar\n|-damage|p1a: Gengar|0 fnt\n|faint|p1a: Gengar\n|move|p2a: Gardevoir|Aura Sphere|p1b: Tyranitar\n|-supereffective|p1b: Tyranitar\n|-damage|p1b: Tyranitar|10\/100\n|move|p1b: Tyranitar|Rock Slide|p2b: Dragonite|[spread] p2a,p2b\n|-supereffective|p2b: Dragonite\n|-damage|p2a: Gardevoir|19\/100\n|-damage|p2b: Dragonite|16\/100\n|\n|upkeep\n|turn|7\n|c|\u2606iis4insomnia|truely you were the stronger metagross user\n|\n|t:|1700017029\n|move|p2b: Dragonite|Extreme Speed|p1b: Tyranitar\n|-resisted|p1b: Tyranitar\n|-damage|p1b: Tyranitar|0 fnt\n|faint|p1b: Tyranitar\n|\n|win|901TEK\n|c|\u2606iis4insomnia|gg\n|c|\u2606901TEK|gg\n|l|\u2606iis4insomnia\n|c|\u2606901TEK|it fine if I share the replay in the discord?\n","uploadtime":1700017090,"views":40,"p1id":"iis4insomnia","p2id":"901tek","formatid":"gen9vgc2023regulatione","rating":0,"private":0,"password":""}