{"id":"gen9vgc2023regulatione-1997551518","p1":"tahatuta","p2":"swaggsenal","format":"[Gen 9] VGC 2023 Regulation E","log":"|j|\u2606tahatuta\n|j|\u2606swaggsenal\n|t:|1700824236\n|gametype|doubles\n|player|p1|tahatuta|169|1143\n|player|p2|swaggsenal|265|1093\n|teamsize|p1|6\n|teamsize|p2|6\n|gen|9\n|tier|[Gen 9] VGC 2023 Regulation E\n|rated|\n|rule|Species Clause: Limit one of each Pok\u00e9mon\n|rule|Item Clause: Limit one of each item\n|clearpoke\n|poke|p1|Iron Hands, L50|\n|poke|p1|Heatran, L50, F|\n|poke|p1|Landorus-Therian, L50, M|\n|poke|p1|Ogerpon-Wellspring, L50, F|\n|poke|p1|Cresselia, L50, F|\n|poke|p1|Flutter Mane, L50|\n|poke|p2|Milotic, L50, F|\n|poke|p2|Sableye, L50, M|\n|poke|p2|Torterra, L50, M|\n|poke|p2|Sinistcha, L50|\n|poke|p2|Masquerain, L50, M|\n|poke|p2|Chien-Pao, L50|\n|teampreview|4\n|inactive|Battle timer is ON: inactive players will automatically lose when time's up. (requested by tahatuta)\nswaggsenal rejected open team sheets.\n|inactive|tahatuta has 60 seconds left.\n|inactive|swaggsenal has 60 seconds left.\n|\n|t:|1700824293\n|start\n|switch|p1a: Iron Hands|Iron Hands, L50|100\/100\n|switch|p1b: Landorus|Landorus-Therian, L50, M|100\/100\n|switch|p2a: the_other_moth|Masquerain, L50, M|100\/100\n|switch|p2b: Sableye|Sableye, L50, M, shiny|100\/100\n|-ability|p1b: Landorus|Intimidate|boost\n|-unboost|p2a: the_other_moth|atk|1\n|-unboost|p2b: Sableye|atk|1\n|-ability|p2a: the_other_moth|Intimidate|boost\n|-unboost|p1a: Iron Hands|atk|1\n|-unboost|p1b: Landorus|atk|1\n|turn|1\n|\n|t:|1700824311\n|switch|p2a: the_prehistoric|Chien-Pao, L50|100\/100\n|-ability|p2a: the_prehistoric|Sword of Ruin\n|move|p1a: Iron Hands|Fake Out|p2a: the_prehistoric\n|-damage|p2a: the_prehistoric|85\/100\n|move|p2b: Sableye|Will-O-Wisp|p1b: Landorus|[miss]\n|-miss|p2b: Sableye|p1b: Landorus\n|move|p1b: Landorus|U-turn|p2b: Sableye\n|-damage|p2b: Sableye|67\/100\n|c|\u2606swaggsenal|why\n|c|\u2606swaggsenal|fucking shit\n|\n|t:|1700824325\n|switch|p1b: Flutter Mane|Flutter Mane, L50|100\/100|[from] U-turn\n|-enditem|p1b: Flutter Mane|Booster Energy\n|-activate|p1b: Flutter Mane|ability: Protosynthesis|[fromitem]\n|-start|p1b: Flutter Mane|protosynthesisspa\n|\n|upkeep\n|turn|2\n|c|\u2606tahatuta|dont you worry child\n|inactive|tahatuta has 30 seconds left.\n|inactive|tahatuta has 20 seconds left.\n|inactive|tahatuta has 15 seconds left.\n|\n|t:|1700824369\n|-terastallize|p1b: Flutter Mane|Fairy\n|move|p2a: the_prehistoric|Sucker Punch|p1b: Flutter Mane\n|-resisted|p1b: Flutter Mane\n|-damage|p1b: Flutter Mane|29\/100\n|move|p2b: Sableye|Encore|p1a: Iron Hands\n|-start|p1a: Iron Hands|Encore\n|move|p1b: Flutter Mane|Dazzling Gleam|p2b: Sableye|[spread] p2a,p2b\n|-supereffective|p2a: the_prehistoric\n|-crit|p2a: the_prehistoric\n|-supereffective|p2b: Sableye\n|-enditem|p2b: Sableye|Roseli Berry|[eat]\n|-enditem|p2b: Sableye|Roseli Berry|[weaken]\n|-damage|p2a: the_prehistoric|0 fnt\n|-damage|p2b: Sableye|0 fnt\n|faint|p2a: the_prehistoric\n|faint|p2b: Sableye\n|move|p1a: Iron Hands|Fake Out|p2: the_prehistoric|[notarget]\n|-fail|p1a: Iron Hands\n|\n|upkeep\n|\n|t:|1700824377\n|switch|p2a: the_priest|Milotic, L50, F|100\/100\n|switch|p2b: the_other_moth|Masquerain, L50, M|100\/100\n|-ability|p2b: the_other_moth|Intimidate|boost\n|-unboost|p1a: Iron Hands|atk|1\n|-unboost|p1b: Flutter Mane|atk|1\n|turn|3\n|\n|t:|1700824396\n|-end|p1a: Iron Hands|Quark Drive|[silent]\n|switch|p1a: Landorus|Landorus-Therian, L50, M|100\/100\n|-ability|p1a: Landorus|Intimidate|boost\n|-unboost|p2a: the_priest|atk|1\n|-ability|p2a: the_priest|Competitive|boost\n|-boost|p2a: the_priest|spa|2\n|-unboost|p2b: the_other_moth|atk|1\n|move|p1b: Flutter Mane|Protect|p1b: Flutter Mane\n|-singleturn|p1b: Flutter Mane|Protect\n|move|p2a: the_priest|Life Dew||[still]|[still]|[spread] \n|-fail|p2a: the_priest|heal\n|-fail|p2b: the_other_moth|heal\n|move|p2b: the_other_moth|Struggle Bug|p1a: Landorus|[spread] p1a\n|-activate|p1b: Flutter Mane|move: Protect\n|-resisted|p1a: Landorus\n|-damage|p1a: Landorus|92\/100\n|-unboost|p1a: Landorus|spa|1\n|\n|upkeep\n|turn|4\n|\n|t:|1700824418\n|move|p2a: the_priest|Protect|p2a: the_priest\n|-singleturn|p2a: the_priest|Protect\n|move|p1a: Landorus|Rock Slide|p2a: the_priest|[spread] p2b\n|-activate|p2a: the_priest|move: Protect\n|-supereffective|p2b: the_other_moth\n|-enditem|p2b: the_other_moth|Focus Sash\n|-damage|p2b: the_other_moth|1\/100\n|move|p1b: Flutter Mane|Moonblast|p2a: the_priest\n|-activate|p2a: the_priest|move: Protect\n|move|p2b: the_other_moth|Icy Wind|p1a: Landorus|[spread] p1a,p1b\n|-supereffective|p1a: Landorus\n|-damage|p1a: Landorus|41\/100\n|-damage|p1b: Flutter Mane|19\/100\n|-unboost|p1a: Landorus|spe|1\n|-unboost|p1b: Flutter Mane|spe|1\n|\n|upkeep\n|turn|5\n|\n|t:|1700824433\n|move|p1a: Landorus|Rock Slide|p2b: the_other_moth|[spread] p2a,p2b\n|-supereffective|p2b: the_other_moth\n|-damage|p2a: the_priest|84\/100\n|-damage|p2b: the_other_moth|0 fnt\n|faint|p2b: the_other_moth\n|move|p1b: Flutter Mane|Moonblast|p2a: the_priest\n|-crit|p2a: the_priest\n|-damage|p2a: the_priest|0 fnt\n|faint|p2a: the_priest\n|\n|win|tahatuta\n|raw|tahatuta's rating: 1143 &rarr; <strong>1164<\/strong><br \/>(+21 for winning)\n|raw|swaggsenal's rating: 1093 &rarr; <strong>1072<\/strong><br \/>(-21 for losing)\n","uploadtime":1700824326,"views":6,"p1id":"tahatuta","p2id":"swaggsenal","formatid":"gen9vgc2023regulatione","rating":1072,"private":0,"password":""}