{"id":"gen9vgc2023regulatione-1997007192","p1":"Cellpab1","p2":"Dynamax Gholdengo","format":"[Gen 9] VGC 2023 Regulation E","log":"|j|\u2606Cellpab1\n|j|\u2606Dynamax Gholdengo\n|t:|1700754998\n|gametype|doubles\n|player|p1|Cellpab1|169|1724\n|player|p2|Dynamax Gholdengo|169|1604\n|teamsize|p1|6\n|teamsize|p2|6\n|gen|9\n|tier|[Gen 9] VGC 2023 Regulation E\n|rated|\n|rule|Species Clause: Limit one of each Pok\u00e9mon\n|rule|Item Clause: Limit one of each item\n|clearpoke\n|poke|p1|Amoonguss, L50, F|\n|poke|p1|Iron Hands, L50|\n|poke|p1|Roaring Moon, L50|\n|poke|p1|Flutter Mane, L50|\n|poke|p1|Heatran, L50, M|\n|poke|p1|Landorus-Therian, L50, M|\n|poke|p2|Landorus-Therian, L50, M|\n|poke|p2|Amoonguss, L50, M|\n|poke|p2|Flutter Mane, L50|\n|poke|p2|Iron Hands, L50|\n|poke|p2|Heatran, L50, M|\n|poke|p2|Chien-Pao, L50|\n|teampreview|4\n|inactive|Battle timer is ON: inactive players will automatically lose when time's up. (requested by Dynamax Gholdengo)\n|inactive|Cellpab1 has 60 seconds left.\n|\n|t:|1700755068\n|start\n|switch|p1a: Amoonguss|Amoonguss, L50, F, shiny|100\/100\n|switch|p1b: Heatran|Heatran, L50, M|100\/100\n|switch|p2a: Iron Hands|Iron Hands, L50|100\/100\n|switch|p2b: Landorus|Landorus-Therian, L50, M|100\/100\n|-ability|p2b: Landorus|Intimidate|boost\n|-unboost|p1a: Amoonguss|atk|1\n|-unboost|p1b: Heatran|atk|1\n|turn|1\n|inactive|Dynamax Gholdengo has 30 seconds left.\n|inactive|Dynamax Gholdengo has 20 seconds left.\n|inactive|Cellpab1 has 30 seconds left.\n|inactive|Dynamax Gholdengo has 15 seconds left.\n|\n|t:|1700755112\n|move|p1b: Heatran|Protect|p1b: Heatran\n|-singleturn|p1b: Heatran|Protect\n|move|p1a: Amoonguss|Protect|p1a: Amoonguss\n|-singleturn|p1a: Amoonguss|Protect\n|move|p2a: Iron Hands|Fake Out|p1a: Amoonguss\n|-activate|p1a: Amoonguss|move: Protect\n|move|p2b: Landorus|Tera Blast|p1a: Amoonguss\n|-activate|p1a: Amoonguss|move: Protect\n|\n|upkeep\n|turn|2\n|inactive|Cellpab1 has 30 seconds left.\n|inactive|Cellpab1 has 20 seconds left.\n|\n|t:|1700755152\n|switch|p1b: Landorus|Landorus-Therian, L50, M|100\/100\n|-ability|p1b: Landorus|Intimidate|boost\n|-unboost|p2a: Iron Hands|atk|1\n|-unboost|p2b: Landorus|atk|1\n|-terastallize|p2b: Landorus|Flying\n|move|p2b: Landorus|Tera Blast|p1a: Amoonguss|[anim] Tera Blast Flying\n|-supereffective|p1a: Amoonguss\n|-damage|p1a: Amoonguss|42\/100\n|move|p2a: Iron Hands|Wild Charge|p1a: Amoonguss\n|-resisted|p1a: Amoonguss\n|-damage|p1a: Amoonguss|30\/100\n|-damage|p2a: Iron Hands|84\/100|[from] item: Rocky Helmet|[of] p1a: Amoonguss\n|-damage|p2a: Iron Hands|81\/100|[from] Recoil\n|move|p1a: Amoonguss|Spore|p2a: Iron Hands\n|-status|p2a: Iron Hands|slp|[from] move: Spore\n|\n|upkeep\n|turn|3\n|j| zdmszrj\n|inactive|Cellpab1 has 30 seconds left.\n|inactive|Cellpab1 has 20 seconds left.\n|inactive|Cellpab1 has 15 seconds left.\n|inactive|Cellpab1 has 10 seconds left.\n|\n|t:|1700755199\n|switch|p2b: Amoonguss|Amoonguss, L50, M|100\/100\n|switch|p1a: Iron Hands|Iron Hands, L50|100\/100\n|move|p1b: Landorus|Rock Slide|p2a: Iron Hands|[spread] p2a,p2b\n|-resisted|p2a: Iron Hands\n|-crit|p2b: Amoonguss\n|-damage|p2a: Iron Hands|73\/100 slp\n|-damage|p2b: Amoonguss|73\/100\n|cant|p2a: Iron Hands|slp\n|\n|upkeep\n|turn|4\n|l| zdmszrj\n|inactive|Cellpab1 has 30 seconds left.\n|inactive|Cellpab1 has 20 seconds left.\n|\n|t:|1700755237\n|switch|p1b: Amoonguss|Amoonguss, L50, F, shiny|63\/100\n|switch|p2b: Landorus|Landorus-Therian, L50, M, tera:Flying|100\/100\n|-ability|p2b: Landorus|Intimidate|boost\n|-unboost|p1a: Iron Hands|atk|1\n|-unboost|p1b: Amoonguss|atk|1\n|move|p1a: Iron Hands|Ice Punch|p2b: Landorus\n|-supereffective|p2b: Landorus\n|-damage|p2b: Landorus|60\/100\n|-status|p2b: Landorus|frz\n|cant|p2a: Iron Hands|slp\n|\n|upkeep\n|turn|5\n|inactive|Cellpab1 has 30 seconds left.\n|inactive|Dynamax Gholdengo has 30 seconds left.\n|\n|t:|1700755270\n|switch|p2b: Amoonguss|Amoonguss, L50, M|100\/100\n|switch|p1b: Landorus|Landorus-Therian, L50, M|100\/100\n|-ability|p1b: Landorus|Intimidate|boost\n|-unboost|p2a: Iron Hands|atk|1\n|-unboost|p2b: Amoonguss|atk|1\n|move|p1a: Iron Hands|Wild Charge|p2b: Amoonguss\n|-resisted|p2b: Amoonguss\n|-damage|p2b: Amoonguss|88\/100\n|-damage|p1a: Iron Hands|84\/100|[from] item: Rocky Helmet|[of] p2b: Amoonguss\n|-damage|p1a: Iron Hands|81\/100|[from] Recoil\n|cant|p2a: Iron Hands|slp\n|\n|upkeep\n|turn|6\n|j| zdmszrj\n|inactive|Cellpab1 has 30 seconds left.\n|inactive|Cellpab1 has 20 seconds left.\n|inactive|Cellpab1 has 15 seconds left.\n|\n|t:|1700755310\n|-end|p2a: Iron Hands|Quark Drive|[silent]\n|switch|p2a: Landorus|Landorus-Therian, L50, M, tera:Flying|60\/100 frz\n|-ability|p2a: Landorus|Intimidate|boost\n|-unboost|p1a: Iron Hands|atk|1\n|-unboost|p1b: Landorus|atk|1\n|move|p1b: Landorus|U-turn|p2b: Amoonguss\n|-damage|p2b: Amoonguss|74\/100\n|-damage|p1b: Landorus|84\/100|[from] item: Rocky Helmet|[of] p2b: Amoonguss\n|l| zdmszrj\n|\n|t:|1700755318\n|switch|p1b: Amoonguss|Amoonguss, L50, F, shiny|96\/100|[from] U-turn\n|move|p1a: Iron Hands|Drain Punch|p2a: Landorus\n|-resisted|p2a: Landorus\n|-damage|p2a: Landorus|50\/100 frz\n|-heal|p1a: Iron Hands|85\/100|[from] drain|[of] p2a: Landorus\n|move|p2b: Amoonguss|Spore|p1a: Iron Hands\n|-status|p1a: Iron Hands|slp|[from] move: Spore\n|\n|upkeep\n|turn|7\n|inactive|Cellpab1 has 30 seconds left.\n|\n|t:|1700755347\n|switch|p1b: Landorus|Landorus-Therian, L50, M|84\/100\n|-ability|p1b: Landorus|Intimidate|boost\n|-unboost|p2a: Landorus|atk|1\n|-unboost|p2b: Amoonguss|atk|1\n|cant|p2a: Landorus|frz\n|cant|p1a: Iron Hands|slp\n|move|p2b: Amoonguss|Pollen Puff|p2a: Landorus\n|-heal|p2a: Landorus|99\/100 frz\n|\n|upkeep\n|turn|8\n|\n|t:|1700755366\n|switch|p2a: Iron Hands|Iron Hands, L50|73\/100 slp\n|-end|p1a: Iron Hands|Quark Drive|[silent]\n|switch|p1a: Amoonguss|Amoonguss, L50, F, shiny|100\/100\n|move|p2b: Amoonguss|Protect|p2b: Amoonguss\n|-singleturn|p2b: Amoonguss|Protect\n|move|p1b: Landorus|U-turn|p2a: Iron Hands\n|-resisted|p2a: Iron Hands\n|-damage|p2a: Iron Hands|64\/100 slp\n|inactive|Cellpab1 has 30 seconds left.\n|\n|t:|1700755401\n|switch|p1b: Iron Hands|Iron Hands, L50|85\/100 slp|[from] U-turn\n|\n|upkeep\n|turn|9\n|\n|t:|1700755413\n|-end|p2a: Iron Hands|Quark Drive|[silent]\n|switch|p2a: Landorus|Landorus-Therian, L50, M, tera:Flying|99\/100 frz\n|-ability|p2a: Landorus|Intimidate|boost\n|-unboost|p1a: Amoonguss|atk|1\n|-unboost|p1b: Iron Hands|atk|1\n|switch|p2b: Heatran|Heatran, L50, M|100\/100\n|-curestatus|p1b: Iron Hands|slp|[msg]\n|move|p1b: Iron Hands|Wild Charge|p2a: Landorus\n|-supereffective|p2a: Landorus\n|-damage|p2a: Landorus|34\/100 frz\n|-damage|p1b: Iron Hands|73\/100|[from] Recoil\n|move|p1a: Amoonguss|Spore||[still]\n|-fail|p1a: Amoonguss\n|\n|upkeep\n|turn|10\n|inactive|Cellpab1 has 30 seconds left.\n|inactive|Dynamax Gholdengo has 30 seconds left.\n|inactive|Cellpab1 has 20 seconds left.\n|inactive|Cellpab1 has 15 seconds left.\n|inactive|Cellpab1 has 10 seconds left.\n|\n|t:|1700755460\n|switch|p2a: Iron Hands|Iron Hands, L50|64\/100 slp\n|switch|p2b: Amoonguss|Amoonguss, L50, M|100\/100\n|switch|p1a: Heatran|Heatran, L50, M|100\/100\n|move|p1b: Iron Hands|Drain Punch|p2b: Amoonguss\n|-resisted|p2b: Amoonguss\n|-damage|p2b: Amoonguss|90\/100\n|-heal|p1b: Iron Hands|78\/100|[from] drain|[of] p2b: Amoonguss\n|-damage|p1b: Iron Hands|62\/100|[from] item: Rocky Helmet|[of] p2b: Amoonguss\n|\n|upkeep\n|turn|11\n|\n|t:|1700755482\n|-end|p1b: Iron Hands|Quark Drive|[silent]\n|switch|p1b: Amoonguss|Amoonguss, L50, F, shiny|100\/100\n|move|p1a: Heatran|Protect|p1a: Heatran\n|-singleturn|p1a: Heatran|Protect\n|move|p2b: Amoonguss|Protect|p2b: Amoonguss\n|-singleturn|p2b: Amoonguss|Protect\n|-curestatus|p2a: Iron Hands|slp|[msg]\n|move|p2a: Iron Hands|Drain Punch|p1a: Heatran\n|-activate|p1a: Heatran|move: Protect\n|\n|upkeep\n|turn|12\n|j| Kal0sunleashed\n|inactive|Dynamax Gholdengo has 30 seconds left.\n|inactive|Dynamax Gholdengo has 20 seconds left.\n|\n|t:|1700755518\n|switch|p1a: Iron Hands|Iron Hands, L50|62\/100\n|-end|p2a: Iron Hands|Quark Drive|[silent]\n|switch|p2a: Landorus|Landorus-Therian, L50, M, tera:Flying|34\/100 frz\n|-ability|p2a: Landorus|Intimidate|boost\n|-unboost|p1a: Iron Hands|atk|1\n|-unboost|p1b: Amoonguss|atk|1\n|move|p2b: Amoonguss|Spore|p1a: Iron Hands\n|-status|p1a: Iron Hands|slp|[from] move: Spore\n|move|p1b: Amoonguss|Pollen Puff|p2b: Amoonguss\n|-damage|p2b: Amoonguss|74\/100\n|\n|upkeep\n|turn|13\n|j| groudon33\n|\n|t:|1700755536\n|switch|p1b: Landorus|Landorus-Therian, L50, M|84\/100\n|-ability|p1b: Landorus|Intimidate|boost\n|-unboost|p2a: Landorus|atk|1\n|-unboost|p2b: Amoonguss|atk|1\n|cant|p2a: Landorus|frz\n|cant|p1a: Iron Hands|slp\n|move|p2b: Amoonguss|Spore|p1b: Landorus\n|-status|p1b: Landorus|slp|[from] move: Spore\n|\n|upkeep\n|turn|14\n|\n|t:|1700755556\n|cant|p2a: Landorus|frz\n|cant|p1b: Landorus|slp\n|-curestatus|p1a: Iron Hands|slp|[msg]\n|move|p1a: Iron Hands|Wild Charge|p2a: Landorus\n|-supereffective|p2a: Landorus\n|-damage|p2a: Landorus|0 fnt\n|faint|p2a: Landorus\n|-damage|p1a: Iron Hands|55\/100|[from] Recoil\n|move|p2b: Amoonguss|Pollen Puff|p2: Landorus|[notarget]\n|-fail|p2b: Amoonguss\n|\n|upkeep\n|\n|t:|1700755571\n|switch|p2a: Heatran|Heatran, L50, M|100\/100\n|turn|15\n|inactive|Cellpab1 has 30 seconds left.\n|\n|t:|1700755590\n|move|p2b: Amoonguss|Rage Powder|p2b: Amoonguss\n|-singleturn|p2b: Amoonguss|move: Rage Powder\n|cant|p1b: Landorus|slp\n|move|p2a: Heatran|Magma Storm|p1b: Landorus\n|-damage|p1b: Landorus|14\/100 slp\n|-activate|p1b: Landorus|move: Magma Storm|[of] p2a: Heatran\n|move|p1a: Iron Hands|Drain Punch|p2b: Amoonguss\n|-resisted|p2b: Amoonguss\n|-damage|p2b: Amoonguss|65\/100\n|-heal|p1a: Iron Hands|60\/100|[from] drain|[of] p2b: Amoonguss\n|-damage|p1a: Iron Hands|44\/100|[from] item: Rocky Helmet|[of] p2b: Amoonguss\n|\n|-damage|p1b: Landorus|2\/100 slp|[from] move: Magma Storm|[partiallytrapped]\n|upkeep\n|turn|16\n|inactive|Cellpab1 has 25 seconds left this turn.\n|inactive|Cellpab1 has 20 seconds left.\n|l| groudon33\n|\n|t:|1700755611\n|switch|p2a: Iron Hands|Iron Hands, L50|64\/100\n|-end|p1a: Iron Hands|Quark Drive|[silent]\n|switch|p1a: Amoonguss|Amoonguss, L50, F, shiny|100\/100\n|-curestatus|p1b: Landorus|slp|[msg]\n|move|p1b: Landorus|Rock Slide|p2b: Amoonguss|[spread] p2a,p2b\n|-resisted|p2a: Iron Hands\n|-damage|p2a: Iron Hands|56\/100\n|-damage|p2b: Amoonguss|49\/100\n|move|p2b: Amoonguss|Spore|p1a: Amoonguss\n|-immune|p1a: Amoonguss\n|\n|-end|p1b: Landorus|Magma Storm|[partiallytrapped]|[silent]\n|upkeep\n|turn|17\n|inactive|Cellpab1 has 20 seconds left this turn.\n|inactive|Cellpab1 has 15 seconds left.\n|inactive|Dynamax Gholdengo has 30 seconds left.\n|\n|t:|1700755639\n|move|p1b: Landorus|Rock Slide|p2a: Iron Hands|[spread] p2a\n|-miss|p1b: Landorus|p2b: Amoonguss\n|-resisted|p2a: Iron Hands\n|-damage|p2a: Iron Hands|48\/100\n|cant|p2a: Iron Hands|flinch\n|move|p2b: Amoonguss|Pollen Puff|p2a: Iron Hands\n|-heal|p2a: Iron Hands|98\/100\n|move|p1a: Amoonguss|Spore|p2b: Amoonguss\n|-immune|p2b: Amoonguss\n|\n|upkeep\n|turn|18\n|inactive|Cellpab1 has 15 seconds left this turn.\n|inactive|Cellpab1 has 10 seconds left.\n|\n|t:|1700755656\n|switch|p1b: Iron Hands|Iron Hands, L50|44\/100\n|move|p2a: Iron Hands|Drain Punch|p1b: Iron Hands\n|-damage|p1b: Iron Hands|15\/100\n|-heal|p2a: Iron Hands|100\/100|[from] drain|[of] p1b: Iron Hands\n|move|p2b: Amoonguss|Spore|p1b: Iron Hands\n|-status|p1b: Iron Hands|slp|[from] move: Spore\n|move|p1a: Amoonguss|Spore|p2b: Amoonguss\n|-immune|p2b: Amoonguss\n|\n|upkeep\n|turn|19\n|inactive|Cellpab1 has 10 seconds left this turn.\n|inactive|Cellpab1 has 5 seconds left.\n|\n|t:|1700755673\n|switch|p2b: Heatran|Heatran, L50, M|100\/100\n|cant|p1b: Iron Hands|slp\n|move|p2a: Iron Hands|Drain Punch|p1b: Iron Hands\n|-damage|p1b: Iron Hands|0 fnt\n|faint|p1b: Iron Hands\n|-end|p1b: Iron Hands|Quark Drive|[silent]\n|move|p1a: Amoonguss|Spore|p2a: Iron Hands\n|-status|p2a: Iron Hands|slp|[from] move: Spore\n|\n|upkeep\n|inactive|Cellpab1 has 5 seconds left this turn.\n|\n|t:|1700755676\n|switch|p1b: Heatran|Heatran, L50, M|100\/100\n|turn|20\n|inactive|Cellpab1 has 5 seconds left this turn.\n|inactive|Dynamax Gholdengo has 30 seconds left.\n|\n|t:|1700755696\n|move|p2b: Heatran|Protect|p2b: Heatran\n|-singleturn|p2b: Heatran|Protect\n|move|p1b: Heatran|Earth Power|p2a: Iron Hands\n|-supereffective|p2a: Iron Hands\n|-damage|p2a: Iron Hands|60\/100 slp\n|-damage|p1b: Heatran|91\/100|[from] item: Life Orb\n|cant|p2a: Iron Hands|slp\n|move|p1a: Amoonguss|Spore|p2b: Heatran\n|-activate|p2b: Heatran|move: Protect\n|\n|upkeep\n|turn|21\n|inactive|Cellpab1 has 5 seconds left this turn.\n|inactive|Dynamax Gholdengo has 25 seconds left this turn.\n|inactive|Dynamax Gholdengo has 20 seconds left.\n|-message|Cellpab1 lost due to inactivity.\n|\n|win|Dynamax Gholdengo\n|raw|Cellpab1's rating: 1724 &rarr; <strong>1697<\/strong><br \/>(-27 for losing)\n|raw|Dynamax Gholdengo's rating: 1604 &rarr; <strong>1631<\/strong><br \/>(+27 for winning)\n|l| Kal0sunleashed\n","uploadtime":1700755745,"views":0,"p1id":"cellpab1","p2id":"dynamaxgholdengo","formatid":"gen9vgc2023regulatione","rating":1631,"private":0,"password":""}