{"id":"gen9vgc2023regulatione-1989696000","p1":"ConiglioVGC","p2":"Triir","format":"[Gen 9] VGC 2023 Regulation E","log":"|j|\u2606ConiglioVGC\n|j|\u2606Triir\n|n|\u2606ConiglioVGC|conigliovgc\n|n|\u2606Triir|triir\n|html|View the match progress at <a href=\"\/game-bestof3-gen9vgc2023regulatione-1989695999\">game-bestof3-gen9vgc2023regulatione-1989695999<\/a>\n|t:|1699887725\n|gametype|doubles\n|player|p1|ConiglioVGC|101|\n|player|p2|Triir|palmer|\n|teamsize|p1|6\n|teamsize|p2|6\n|gen|9\n|tier|[Gen 9] VGC 2023 Regulation E\n|rule|Species Clause: Limit one of each Pok\u00e9mon\n|rule|Item Clause: Limit one of each item\n|clearpoke\n|poke|p1|Flutter Mane, L50|\n|poke|p1|Chi-Yu, L50|\n|poke|p1|Urshifu-*, L50, F|\n|poke|p1|Rillaboom, L50, M|\n|poke|p1|Landorus-Therian, L50, M|\n|poke|p1|Thundurus, L50, M|\n|poke|p2|Farigiraf, L50, M|\n|poke|p2|Urshifu-*, L50, F|\n|poke|p2|Heatran, L50, M|\n|poke|p2|Chien-Pao, L50|\n|poke|p2|Rillaboom, L50, M|\n|poke|p2|Dragonite, L50, M|\n|teampreview|4\nConiglioVGC has agreed to open team sheets.\nTriir has agreed to open team sheets.\n|showteam|p1|Flutter Mane||BoosterEnergy|Protosynthesis|Moonblast,ShadowBall,IcyWind,Protect||||||50|,,,,,Fairy]Chi-Yu||SitrusBerry|BeadsofRuin|HeatWave,DarkPulse,WillOWisp,Snarl||||||50|,,,,,Ghost]Urshifu-Rapid-Strike||SafetyGoggles|UnseenFist|SurgingStrikes,CloseCombat,AquaJet,Detect|||F|||50|,,,,,Poison]Rillaboom||AssaultVest|GrassySurge|WoodHammer,GrassyGlide,Uturn,FakeOut|||M|||50|,,,,,Water]Landorus-Therian||ChoiceScarf|Intimidate|StompingTantrum,TeraBlast,RockSlide,Uturn|||M|||50|,,,,,Flying]Thundurus||CovertCloak|Prankster|WildboltStorm,RainDance,ScaryFace,EerieImpulse|||M|||50|,,,,,Dark\n|showteam|p2|Farigiraf||RockyHelmet|ArmorTail|TrickRoom,Psychic,DazzlingGleam,HelpingHand|||M|||50|,,,,,Fairy]Urshifu-Rapid-Strike||ChoiceScarf|UnseenFist|SurgingStrikes,CloseCombat,Uturn,AquaJet|||F|||50|,,,,,Water]Heatran||AssaultVest|FlashFire|HeatWave,EarthPower,FlashCannon,TeraBlast|||M|||50|,,,,,Fairy]Chien-Pao||FocusSash|SwordofRuin|IcicleCrash,SuckerPunch,SacredSword,Protect||||||50|,,,,,Ghost]Rillaboom||MiracleSeed|GrassySurge|FakeOut,WoodHammer,GrassyGlide,Protect|||M|||50|,,,,,Grass]Dragonite||ChoiceBand|InnerFocus|ExtremeSpeed,AerialAce,StompingTantrum,Outrage|||M|||50|,,,,,Normal\n|j| Faze gabii\n|j| gluon drive\n|n| stecca|fazegabii\n|l| stecca\n|j| stecca\n|\n|t:|1699887828\n|start\n|switch|p1a: Flutter Mane|Flutter Mane, L50|100\/100\n|switch|p1b: Chi-Yu|Chi-Yu, L50|100\/100\n|switch|p2a: Chien-Pao|Chien-Pao, L50|100\/100\n|switch|p2b: Dragonite|Dragonite, L50, M|100\/100\n|-ability|p2a: Chien-Pao|Sword of Ruin\n|-ability|p1b: Chi-Yu|Beads of Ruin\n|-enditem|p1a: Flutter Mane|Booster Energy\n|-activate|p1a: Flutter Mane|ability: Protosynthesis|[fromitem]\n|-start|p1a: Flutter Mane|protosynthesisspe\n|turn|1\n|j| Crudo de fava\n|l| Crudo de fava\n|\n|t:|1699887905\n|switch|p2b: Heatran|Heatran, L50, M|100\/100\n|move|p2a: Chien-Pao|Protect|p2a: Chien-Pao\n|-singleturn|p2a: Chien-Pao|Protect\n|move|p1a: Flutter Mane|Icy Wind|p2b: Heatran|[spread] p2b\n|-activate|p2a: Chien-Pao|move: Protect\n|-resisted|p2b: Heatran\n|-damage|p2b: Heatran|98\/100\n|-unboost|p2b: Heatran|spe|1\n|move|p1b: Chi-Yu|Will-O-Wisp|p2a: Chien-Pao\n|-activate|p2a: Chien-Pao|move: Protect\n|\n|upkeep\n|turn|2\n|j| glopp_97\n|j| Crudo de fava\n|\n|t:|1699887960\n|move|p1a: Flutter Mane|Protect|p1a: Flutter Mane\n|-singleturn|p1a: Flutter Mane|Protect\n|move|p2a: Chien-Pao|Sacred Sword|p1b: Chi-Yu\n|-supereffective|p1b: Chi-Yu\n|-damage|p1b: Chi-Yu|0 fnt\n|faint|p1b: Chi-Yu\n|move|p2b: Heatran|Flash Cannon|p1a: Flutter Mane\n|-activate|p1a: Flutter Mane|move: Protect\n|\n|upkeep\n|\n|t:|1699887981\n|switch|p1b: Urshifu|Urshifu-Rapid-Strike, L50, F|100\/100\n|turn|3\n|\n|t:|1699888013\n|-terastallize|p2b: Heatran|Fairy\n|move|p1a: Flutter Mane|Shadow Ball|p2b: Heatran\n|-damage|p2b: Heatran|75\/100\n|-unboost|p2b: Heatran|spd|1\n|move|p2a: Chien-Pao|Icicle Crash|p1a: Flutter Mane\n|-damage|p1a: Flutter Mane|0 fnt\n|faint|p1a: Flutter Mane\n|-end|p1a: Flutter Mane|Protosynthesis|[silent]\n|move|p1b: Urshifu|Surging Strikes|p2b: Heatran\n|-crit|p2b: Heatran\n|-damage|p2b: Heatran|50\/100\n|-crit|p2b: Heatran\n|-damage|p2b: Heatran|25\/100\n|-crit|p2b: Heatran\n|-damage|p2b: Heatran|0 fnt\n|faint|p2b: Heatran\n|-hitcount|p2: Heatran|3\n|\n|upkeep\n|\n|t:|1699888028\n|switch|p1a: Rillaboom|Rillaboom, L50, M|100\/100\n|switch|p2b: Dragonite|Dragonite, L50, M|100\/100\n|-fieldstart|move: Grassy Terrain|[from] ability: Grassy Surge|[of] p1a: Rillaboom\n|turn|4\n|j| Pard Mafia\n|\n|t:|1699888046\n|move|p2b: Dragonite|Extreme Speed|p1a: Rillaboom\n|-damage|p1a: Rillaboom|52\/100\n|move|p2a: Chien-Pao|Sucker Punch|p1a: Rillaboom\n|-damage|p1a: Rillaboom|14\/100\n|move|p1b: Urshifu|Surging Strikes|p2b: Dragonite\n|-resisted|p2b: Dragonite\n|-crit|p2b: Dragonite\n|-damage|p2b: Dragonite|89\/100\n|-resisted|p2b: Dragonite\n|-crit|p2b: Dragonite\n|-damage|p2b: Dragonite|74\/100\n|-resisted|p2b: Dragonite\n|-crit|p2b: Dragonite\n|-damage|p2b: Dragonite|61\/100\n|-hitcount|p2b: Dragonite|3\n|move|p1a: Rillaboom|Wood Hammer|p2b: Dragonite\n|-resisted|p2b: Dragonite\n|-damage|p2b: Dragonite|38\/100\n|-damage|p1a: Rillaboom|7\/100|[from] Recoil\n|\n|-heal|p1a: Rillaboom|13\/100|[from] Grassy Terrain\n|upkeep\n|turn|5\n|\n|t:|1699888074\n|move|p2b: Dragonite|Extreme Speed|p1a: Rillaboom\n|-damage|p1a: Rillaboom|0 fnt\n|faint|p1a: Rillaboom\n|move|p2a: Chien-Pao|Sacred Sword|p1b: Urshifu\n|-damage|p1b: Urshifu|63\/100\n|move|p1b: Urshifu|Surging Strikes|p2a: Chien-Pao\n|-crit|p2a: Chien-Pao\n|-damage|p2a: Chien-Pao|74\/100\n|-crit|p2a: Chien-Pao\n|-damage|p2a: Chien-Pao|46\/100\n|-crit|p2a: Chien-Pao\n|-damage|p2a: Chien-Pao|21\/100\n|-hitcount|p2a: Chien-Pao|3\n|\n|-heal|p2a: Chien-Pao|27\/100|[from] Grassy Terrain\n|-heal|p1b: Urshifu|69\/100|[from] Grassy Terrain\n|upkeep\n|turn|6\n|-message|ConiglioVGC forfeited.\n|\n|win|Triir\n|c|&|\/uhtml prompt-triir,Triir is ready for game 2!\n|c|&|\/uhtml prompt-conigliovgc,ConiglioVGC is ready for game 2!\nBoth players are ready! Starting next match!\n|l| Pard Mafia\n|l| Crudo de fava\n|l|\u2606ConiglioVGC\n|l| stecca\n|l| glopp_97\n|l| gluon drive\n|l|\u2606Triir\n|j| Dice Player\n","uploadtime":1699888456,"views":34,"p1id":"conigliovgc","p2id":"triir","formatid":"gen9vgc2023regulatione","rating":0,"private":0,"password":""}