{"id":"gen9vgc2023regulatione-1995767752","p1":"thatGitsatomboy","p2":"TheCrazedMimikyu","format":"[Gen 9] VGC 2023 Regulation E","log":"|j|\u2606thatGitsatomboy\n|j|\u2606TheCrazedMimikyu\n|t:|1700601277\n|gametype|doubles\n|player|p1|thatGitsatomboy|cynthia-gen4|1433\n|player|p2|TheCrazedMimikyu|102|1383\n|teamsize|p1|6\n|teamsize|p2|6\n|gen|9\n|tier|[Gen 9] VGC 2023 Regulation E\n|rated|\n|rule|Species Clause: Limit one of each Pok\u00e9mon\n|rule|Item Clause: Limit one of each item\n|clearpoke\n|poke|p1|Iron Hands, L50|\n|poke|p1|Heatran, L50, F|\n|poke|p1|Farigiraf, L50, F|\n|poke|p1|Ogerpon-Wellspring, L50, F|\n|poke|p1|Flutter Mane, L50|\n|poke|p1|Salamence, L50, F|\n|poke|p2|Urshifu-*, L50, F|\n|poke|p2|Iron Hands, L50|\n|poke|p2|Landorus-Therian, L50, M|\n|poke|p2|Roaring Moon, L50|\n|poke|p2|Gholdengo, L50|\n|poke|p2|Amoonguss, L50, F|\n|teampreview|4\nthatGitsatomboy has agreed to open team sheets.\n|\n|t:|1700601367\n|start\n|switch|p1a: Iron Hands|Iron Hands, L50|100\/100\n|switch|p1b: Salamence|Salamence, L50, F, shiny|100\/100\n|switch|p2a: Iron Hands|Iron Hands, L50|100\/100\n|switch|p2b: Roaring Moon|Roaring Moon, L50|100\/100\n|-ability|p1b: Salamence|Intimidate|boost\n|-unboost|p2a: Iron Hands|atk|1\n|-unboost|p2b: Roaring Moon|atk|1\n|-enditem|p2b: Roaring Moon|Booster Energy\n|-activate|p2b: Roaring Moon|ability: Protosynthesis|[fromitem]\n|-start|p2b: Roaring Moon|protosynthesisspe\n|turn|1\n|\n|t:|1700601411\n|-end|p2b: Roaring Moon|Protosynthesis|[silent]\n|switch|p2b: Gholdengo|Gholdengo, L50|100\/100\n|move|p1a: Iron Hands|Fake Out|p2b: Gholdengo\n|-immune|p2b: Gholdengo\n|move|p1b: Salamence|Tailwind|p1b: Salamence\n|-sidestart|p1: thatGitsatomboy|move: Tailwind\n|move|p2a: Iron Hands|Volt Switch|p1b: Salamence\n|-damage|p1b: Salamence|85\/100\n|\n|t:|1700601418\n|-end|p2a: Iron Hands|Quark Drive|[silent]\n|switch|p2a: Roaring Moon|Roaring Moon, L50|100\/100|[from] Volt Switch\n|\n|upkeep\n|turn|2\n|\n|t:|1700601441\n|switch|p1b: Heatran|Heatran, L50, F|100\/100\n|move|p2a: Roaring Moon|Protect|p2a: Roaring Moon\n|-singleturn|p2a: Roaring Moon|Protect\n|move|p1a: Iron Hands|Drain Punch|p2a: Roaring Moon\n|-activate|p2a: Roaring Moon|move: Protect\n|move|p2b: Gholdengo|Nasty Plot|p2b: Gholdengo\n|-boost|p2b: Gholdengo|spa|2\n|\n|upkeep\n|turn|3\n|\n|t:|1700601477\n|-end|p1a: Iron Hands|Quark Drive|[silent]\n|switch|p1a: Salamence|Salamence, L50, F, shiny|85\/100\n|-ability|p1a: Salamence|Intimidate|boost\n|-unboost|p2a: Roaring Moon|atk|1\n|-unboost|p2b: Gholdengo|atk|1\n|move|p2b: Gholdengo|Protect|p2b: Gholdengo\n|-singleturn|p2b: Gholdengo|Protect\n|move|p1b: Heatran|Heat Wave|p2a: Roaring Moon|[spread] p2a\n|-activate|p2b: Gholdengo|move: Protect\n|-resisted|p2a: Roaring Moon\n|-damage|p2a: Roaring Moon|77\/100\n|-damage|p1b: Heatran|91\/100|[from] item: Life Orb\n|move|p2a: Roaring Moon|Tailwind|p2a: Roaring Moon\n|-sidestart|p2: TheCrazedMimikyu|move: Tailwind\n|\n|upkeep\n|turn|4\n|\n|t:|1700601517\n|switch|p2b: Iron Hands|Iron Hands, L50|100\/100\n|move|p2a: Roaring Moon|Protect|p2a: Roaring Moon\n|-singleturn|p2a: Roaring Moon|Protect\n|move|p1a: Salamence|Draco Meteor|p2b: Iron Hands\n|-damage|p2b: Iron Hands|75\/100\n|-unboost|p1a: Salamence|spa|2\n|move|p1b: Heatran|Heat Wave|p2b: Iron Hands|[spread] p2b\n|-activate|p2a: Roaring Moon|move: Protect\n|-damage|p2b: Iron Hands|52\/100\n|-damage|p1b: Heatran|81\/100|[from] item: Life Orb\n|\n|-sideend|p1: thatGitsatomboy|move: Tailwind\n|upkeep\n|turn|5\n|\n|t:|1700601581\n|switch|p1b: Iron Hands|Iron Hands, L50|100\/100\n|move|p2a: Roaring Moon|Breaking Swipe|p1a: Salamence|[spread] p1a,p1b\n|-supereffective|p1a: Salamence\n|-damage|p1a: Salamence|57\/100\n|-damage|p1b: Iron Hands|89\/100\n|-unboost|p1a: Salamence|atk|1\n|-unboost|p1b: Iron Hands|atk|1\n|-damage|p2a: Roaring Moon|61\/100|[from] item: Rocky Helmet|[of] p1a: Salamence\n|move|p2b: Iron Hands|Volt Switch|p1a: Salamence\n|-damage|p1a: Salamence|42\/100\n|\n|t:|1700601595\n|-end|p2b: Iron Hands|Quark Drive|[silent]\n|switch|p2b: Gholdengo|Gholdengo, L50|100\/100|[from] Volt Switch\n|move|p1a: Salamence|Tailwind|p1a: Salamence\n|-sidestart|p1: thatGitsatomboy|move: Tailwind\n|\n|upkeep\n|turn|6\n|\n|t:|1700601608\n|move|p2a: Roaring Moon|Protect|p2a: Roaring Moon\n|-singleturn|p2a: Roaring Moon|Protect\n|move|p1a: Salamence|Roost|p1a: Salamence\n|-heal|p1a: Salamence|92\/100\n|-singleturn|p1a: Salamence|move: Roost\n|move|p2b: Gholdengo|Nasty Plot|p2b: Gholdengo\n|-boost|p2b: Gholdengo|spa|2\n|move|p1b: Iron Hands|Drain Punch|p2a: Roaring Moon\n|-activate|p2a: Roaring Moon|move: Protect\n|\n|-sideend|p2: TheCrazedMimikyu|move: Tailwind\n|upkeep\n|turn|7\n|\n|t:|1700601652\n|switch|p1a: Heatran|Heatran, L50, F|81\/100\n|-terastallize|p2a: Roaring Moon|Poison\n|-terastallize|p1b: Iron Hands|Water\n|move|p2a: Roaring Moon|Tailwind|p2a: Roaring Moon\n|-sidestart|p2: TheCrazedMimikyu|move: Tailwind\n|move|p2b: Gholdengo|Nasty Plot|p2b: Gholdengo\n|-boost|p2b: Gholdengo|spa|2\n|move|p1b: Iron Hands|Drain Punch|p2a: Roaring Moon\n|-resisted|p2a: Roaring Moon\n|-damage|p2a: Roaring Moon|43\/100\n|-heal|p1b: Iron Hands|96\/100|[from] drain|[of] p2a: Roaring Moon\n|\n|upkeep\n|turn|8\n|\n|t:|1700601700\n|-end|p1b: Iron Hands|Quark Drive|[silent]\n|switch|p1b: Salamence|Salamence, L50, F, shiny|92\/100\n|-ability|p1b: Salamence|Intimidate|boost\n|-unboost|p2a: Roaring Moon|atk|1\n|-unboost|p2b: Gholdengo|atk|1\n|move|p2b: Gholdengo|Protect|p2b: Gholdengo\n|-singleturn|p2b: Gholdengo|Protect\n|move|p2a: Roaring Moon|Breaking Swipe|p1a: Heatran|[spread] p1a,p1b\n|-resisted|p1a: Heatran\n|-supereffective|p1b: Salamence\n|-damage|p1a: Heatran|76\/100\n|-damage|p1b: Salamence|70\/100\n|-unboost|p1a: Heatran|atk|1\n|-unboost|p1b: Salamence|atk|1\n|-damage|p2a: Roaring Moon|27\/100|[from] item: Rocky Helmet|[of] p1b: Salamence\n|move|p1a: Heatran|Heat Wave|p2a: Roaring Moon|[spread] p2a\n|-activate|p2b: Gholdengo|move: Protect\n|-damage|p2a: Roaring Moon|0 fnt\n|faint|p2a: Roaring Moon\n|-end|p2a: Roaring Moon|Protosynthesis|[silent]\n|-damage|p1a: Heatran|66\/100|[from] item: Life Orb\n|\n|-sideend|p1: thatGitsatomboy|move: Tailwind\n|upkeep\n|\n|t:|1700601711\n|switch|p2a: Iron Hands|Iron Hands, L50|52\/100\n|turn|9\n|\n|t:|1700601752\n|switch|p1b: Iron Hands|Iron Hands, L50, tera:Water|96\/100\n|move|p1a: Heatran|Protect|p1a: Heatran\n|-singleturn|p1a: Heatran|Protect\n|move|p2b: Gholdengo|Make It Rain|p1a: Heatran|[spread] p1b\n|-activate|p1a: Heatran|move: Protect\n|-resisted|p1b: Iron Hands\n|-damage|p1b: Iron Hands|52\/100\n|-unboost|p2b: Gholdengo|spa|1\n|move|p2a: Iron Hands|Drain Punch|p1a: Heatran\n|-activate|p1a: Heatran|move: Protect\n|\n|upkeep\n|turn|10\n|\n|t:|1700601775\n|switch|p1a: Salamence|Salamence, L50, F, shiny|70\/100\n|-ability|p1a: Salamence|Intimidate|boost\n|-unboost|p2a: Iron Hands|atk|1\n|-unboost|p2b: Gholdengo|atk|1\n|move|p2b: Gholdengo|Shadow Ball|p1a: Salamence\n|-damage|p1a: Salamence|0 fnt\n|faint|p1a: Salamence\n|move|p2a: Iron Hands|Wild Charge|p1b: Iron Hands\n|-supereffective|p1b: Iron Hands\n|-damage|p1b: Iron Hands|5\/100\n|-damage|p2a: Iron Hands|40\/100|[from] Recoil\n|move|p1b: Iron Hands|Drain Punch|p2a: Iron Hands\n|-damage|p2a: Iron Hands|11\/100\n|-heal|p1b: Iron Hands|19\/100|[from] drain|[of] p2a: Iron Hands\n|\n|-sideend|p2: TheCrazedMimikyu|move: Tailwind\n|upkeep\n|\n|t:|1700601822\n|switch|p1a: Heatran|Heatran, L50, F|66\/100\n|turn|11\n|\n|t:|1700601839\n|move|p2b: Gholdengo|Protect|p2b: Gholdengo\n|-singleturn|p2b: Gholdengo|Protect\n|move|p1a: Heatran|Heat Wave|p2a: Iron Hands|[spread] p2a\n|-activate|p2b: Gholdengo|move: Protect\n|-damage|p2a: Iron Hands|0 fnt\n|faint|p2a: Iron Hands\n|-end|p2a: Iron Hands|Quark Drive|[silent]\n|-damage|p1a: Heatran|57\/100|[from] item: Life Orb\n|move|p1b: Iron Hands|Wild Charge|p2b: Gholdengo\n|-activate|p2b: Gholdengo|move: Protect\n|\n|upkeep\n|\n|t:|1700601849\n|switch|p2a: Urshifu|Urshifu-Rapid-Strike, L50, F|100\/100\n|turn|12\n|\n|t:|1700601924\n|move|p2a: Urshifu|Surging Strikes|p1a: Heatran\n|-supereffective|p1a: Heatran\n|-crit|p1a: Heatran\n|-damage|p1a: Heatran|15\/100\n|-supereffective|p1a: Heatran\n|-crit|p1a: Heatran\n|-damage|p1a: Heatran|0 fnt\n|faint|p1a: Heatran\n|-hitcount|p1: Heatran|2\n|move|p2b: Gholdengo|Shadow Ball|p1b: Iron Hands\n|-damage|p1b: Iron Hands|0 fnt\n|faint|p1b: Iron Hands\n|-end|p1b: Iron Hands|Quark Drive|[silent]\n|\n|upkeep\n|\n|t:|1700601935\n|switch|p1a: Flutter Mane|Flutter Mane, L50|100\/100\n|turn|13\n|\n|t:|1700601941\n|move|p1a: Flutter Mane|Shadow Ball|p2b: Gholdengo\n|-supereffective|p2b: Gholdengo\n|-damage|p2b: Gholdengo|0 fnt\n|faint|p2b: Gholdengo\n|move|p2a: Urshifu|Surging Strikes|p1a: Flutter Mane\n|-crit|p1a: Flutter Mane\n|-damage|p1a: Flutter Mane|67\/100\n|-crit|p1a: Flutter Mane\n|-damage|p1a: Flutter Mane|35\/100\n|-crit|p1a: Flutter Mane\n|-damage|p1a: Flutter Mane|2\/100\n|-hitcount|p1a: Flutter Mane|3\n|\n|upkeep\n|turn|14\n|\n|t:|1700601955\n|move|p2a: Urshifu|Aqua Jet|p1a: Flutter Mane\n|-damage|p1a: Flutter Mane|0 fnt\n|faint|p1a: Flutter Mane\n|-end|p1a: Flutter Mane|Protosynthesis|[silent]\n|\n|win|TheCrazedMimikyu\n|raw|thatGitsatomboy's rating: 1433 &rarr; <strong>1410<\/strong><br \/>(-23 for losing)\n|raw|TheCrazedMimikyu's rating: 1383 &rarr; <strong>1406<\/strong><br \/>(+23 for winning)\n|c|\u2606TheCrazedMimikyu|Gg\n|c|\u2606TheCrazedMimikyu|That was a crazy game\n|c|\u2606thatGitsatomboy|yeah hahha\n|c|\u2606thatGitsatomboy|fun game GG\n|l|\u2606thatGitsatomboy\n","uploadtime":1700601992,"views":17,"p1id":"thatgitsatomboy","p2id":"thecrazedmimikyu","formatid":"gen9vgc2023regulatione","rating":1406,"private":0,"password":""}