{"id":"gen9vgc2023regulatione-1994315601","p1":"spencomatic","p2":"AquamarineVGC","format":"[Gen 9] VGC 2023 Regulation E","log":"|j|\u2606spencomatic\n|j|\u2606AquamarineVGC\n|n|\u2606spencomatic|spencomatic\n|n|\u2606AquamarineVGC|aquamarinevgc\n|html|View the match progress at <a href=\"\/game-bestof3-gen9vgc2023regulatione-1994315600\">game-bestof3-gen9vgc2023regulatione-1994315600<\/a>\n|t:|1700430254\n|gametype|doubles\n|player|p1|spencomatic|larry|\n|player|p2|AquamarineVGC|lucas-gen4pt|\n|teamsize|p1|6\n|teamsize|p2|6\n|gen|9\n|tier|[Gen 9] VGC 2023 Regulation E\n|rule|Species Clause: Limit one of each Pok\u00e9mon\n|rule|Item Clause: Limit one of each item\n|clearpoke\n|poke|p1|Landorus, L50, M|\n|poke|p1|Ogerpon-Wellspring, L50, F|\n|poke|p1|Urshifu-*, L50, M|\n|poke|p1|Heatran, L50, M|\n|poke|p1|Probopass, L50, F|\n|poke|p1|Iron Bundle, L50|\n|poke|p2|Ninetales-Alola, L50, F|\n|poke|p2|Iron Bundle, L50|\n|poke|p2|Clefairy, L50, F|\n|poke|p2|Annihilape, L50, F|\n|poke|p2|Landorus-Therian, L50, M|\n|poke|p2|Cresselia, L50, F|\n|teampreview|4\n|inactive|Battle timer is ON: inactive players will automatically lose when time's up. (requested by spencomatic)\nspencomatic has agreed to open team sheets.\n|c|\u2606AquamarineVGC|GLHF\n|inactiveoff|Battle timer is now OFF.\nAquamarineVGC has agreed to open team sheets.\n|showteam|p1|Landorus||LifeOrb|SheerForce|SandsearStorm,NastyPlot,Protect,SludgeBomb|||M|||50|,,,,,Ground]Ogerpon-Wellspring||WellspringMask|WaterAbsorb|FollowMe,IvyCudgel,PowerWhip,SpikyShield|||F|||50|,,,,,Water]Urshifu||FocusSash|UnseenFist|WickedBlow,CloseCombat,Protect,SuckerPunch|||M|||50|,,,,,Poison]Heatran||ChopleBerry|FlashFire|MagmaStorm,Protect,EarthPower,WillOWisp|||M|||50|,,,,,Grass]Probopass||Leftovers|Sturdy|HeavySlam,BodyPress,ThunderWave,Gravity|||F|||50|,,,,,Grass]Iron Bundle||BoosterEnergy|QuarkDrive|FreezeDry,HydroPump,IcyWind,Protect||||||50|,,,,,Water\n|showteam|p2|Ninetales-Alola||FocusSash|SnowWarning|Blizzard,DazzlingGleam,AuroraVeil,Protect|||F|||50|,,,,,Ghost]Iron Bundle||AssaultVest|QuarkDrive|Blizzard,FreezeDry,IcyWind,FlipTurn||||||50|,,,,,Ice]Clefairy||Eviolite|FriendGuard|IcyWind,FollowMe,LifeDew,Protect|||F|||50|,,,,,Grass]Annihilape||Leftovers|Defiant|RageFist,DrainPunch,BulkUp,Protect|||F|||50|,,,,,Fire]Landorus-Therian||ChoiceBand|Intimidate|StompingTantrum,TeraBlast,RockSlide,Uturn|||M|||50|,,,,,Flying]Cresselia||RockyHelmet|Levitate|Psychic,IceBeam,LunarBlessing,TrickRoom|||F|||50|,,,,,Poison\n|c|\u2606spencomatic|glhf!\n|j| Van. Volcanucks\n|\n|t:|1700430301\n|start\n|switch|p1a: Probopass|Probopass, L50, F|100\/100\n|switch|p1b: Heatran|Heatran, L50, M|100\/100\n|switch|p2a: Ninetales|Ninetales-Alola, L50, F|100\/100\n|switch|p2b: Iron Bundle|Iron Bundle, L50|100\/100\n|-weather|Snow|[from] ability: Snow Warning|[of] p2a: Ninetales\n|turn|1\n|\n|t:|1700430330\n|move|p2b: Iron Bundle|Flip Turn|p1a: Probopass\n|-supereffective|p1a: Probopass\n|-damage|p1a: Probopass|74\/100\n|\n|t:|1700430334\n|-end|p2b: Iron Bundle|Quark Drive|[silent]\n|switch|p2b: Cresselia|Cresselia, L50, F|100\/100|[from] Flip Turn\n|move|p2a: Ninetales|Aurora Veil|p2a: Ninetales\n|-sidestart|p2: AquamarineVGC|move: Aurora Veil\n|move|p1b: Heatran|Magma Storm|p2a: Ninetales\n|-supereffective|p2a: Ninetales\n|-damage|p2a: Ninetales|19\/100\n|-activate|p2a: Ninetales|move: Magma Storm|[of] p1b: Heatran\n|move|p1a: Probopass|Heavy Slam|p2a: Ninetales\n|-supereffective|p2a: Ninetales\n|-damage|p2a: Ninetales|0 fnt\n|faint|p2a: Ninetales\n|\n|-weather|Snow|[upkeep]\n|-heal|p1a: Probopass|80\/100|[from] item: Leftovers\n|upkeep\n|\n|t:|1700430350\n|switch|p2a: Annihilape|Annihilape, L50, F|100\/100\n|turn|2\n|\n|t:|1700430371\n|-terastallize|p2a: Annihilape|Fire\n|move|p2a: Annihilape|Bulk Up|p2a: Annihilape\n|-boost|p2a: Annihilape|atk|1\n|-boost|p2a: Annihilape|def|1\n|move|p2b: Cresselia|Psychic|p1a: Probopass\n|-resisted|p1a: Probopass\n|-damage|p1a: Probopass|72\/100\n|-unboost|p1a: Probopass|spd|1\n|move|p1b: Heatran|Will-O-Wisp|p2a: Annihilape\n|-immune|p2a: Annihilape\n|move|p1a: Probopass|Gravity|p1a: Probopass\n|-fieldstart|move: Gravity\n|\n|-weather|Snow|[upkeep]\n|-heal|p1a: Probopass|78\/100|[from] item: Leftovers\n|upkeep\n|turn|3\n|\n|t:|1700430399\n|-terastallize|p1a: Probopass|Grass\n|move|p2a: Annihilape|Drain Punch|p1b: Heatran\n|-supereffective|p1b: Heatran\n|-enditem|p1b: Heatran|Chople Berry|[eat]\n|-enditem|p1b: Heatran|Chople Berry|[weaken]\n|-damage|p1b: Heatran|60\/100\n|move|p2b: Cresselia|Ice Beam|p1a: Probopass\n|-supereffective|p1a: Probopass\n|-damage|p1a: Probopass|47\/100\n|move|p1b: Heatran|Will-O-Wisp|p2b: Cresselia\n|-status|p2b: Cresselia|brn\n|move|p1a: Probopass|Thunder Wave|p2a: Annihilape\n|-status|p2a: Annihilape|par\n|\n|-weather|Snow|[upkeep]\n|-heal|p1a: Probopass|53\/100|[from] item: Leftovers\n|-damage|p2b: Cresselia|94\/100 brn|[from] brn\n|upkeep\n|turn|4\n|\n|t:|1700430446\n|move|p1b: Heatran|Protect|p1b: Heatran\n|-singleturn|p1b: Heatran|Protect\n|move|p2b: Cresselia|Lunar Blessing|p2b: Cresselia|[spread] p2a,p2b\n|-curestatus|p2a: Annihilape|par|[msg]\n|-heal|p2b: Cresselia|100\/100 brn\n|-curestatus|p2b: Cresselia|brn|[msg]\n|move|p2a: Annihilape|Drain Punch|p1b: Heatran\n|-activate|p1b: Heatran|move: Protect\n|move|p1a: Probopass|Heavy Slam|p2b: Cresselia\n|-damage|p2b: Cresselia|91\/100\n|-damage|p1a: Probopass|37\/100|[from] item: Rocky Helmet|[of] p2b: Cresselia\n|\n|-weather|Snow|[upkeep]\n|-heal|p1a: Probopass|43\/100|[from] item: Leftovers\n|upkeep\n|turn|5\n|\n|t:|1700430467\n|move|p2a: Annihilape|Drain Punch|p1b: Heatran\n|-supereffective|p1b: Heatran\n|-damage|p1b: Heatran|0 fnt\n|faint|p1b: Heatran\n|move|p2b: Cresselia|Ice Beam|p1a: Probopass\n|-supereffective|p1a: Probopass\n|-damage|p1a: Probopass|12\/100\n|move|p1a: Probopass|Thunder Wave|p2a: Annihilape\n|-status|p2a: Annihilape|par\n|\n|-weather|none\n|-heal|p1a: Probopass|18\/100|[from] item: Leftovers\n|-sideend|p2: AquamarineVGC|move: Aurora Veil\n|upkeep\n|\n|t:|1700430474\n|switch|p1b: Iron Bundle|Iron Bundle, L50|100\/100\n|-enditem|p1b: Iron Bundle|Booster Energy\n|-activate|p1b: Iron Bundle|ability: Quark Drive|[fromitem]\n|-start|p1b: Iron Bundle|quarkdrivespe\n|turn|6\n|\n|t:|1700430492\n|move|p2a: Annihilape|Protect|p2a: Annihilape\n|-singleturn|p2a: Annihilape|Protect\n|move|p1b: Iron Bundle|Hydro Pump|p2a: Annihilape\n|-activate|p2a: Annihilape|move: Protect\n|move|p2b: Cresselia|Lunar Blessing|p2b: Cresselia|[spread] p2a,p2b\n|-curestatus|p2a: Annihilape|par|[msg]\n|-heal|p2b: Cresselia|100\/100\n|move|p1a: Probopass|Thunder Wave|p2b: Cresselia\n|-status|p2b: Cresselia|par\n|\n|-heal|p1a: Probopass|24\/100|[from] item: Leftovers\n|-fieldend|move: Gravity\n|upkeep\n|turn|7\n|\n|t:|1700430524\n|move|p1b: Iron Bundle|Protect|p1b: Iron Bundle\n|-singleturn|p1b: Iron Bundle|Protect\n|move|p2a: Annihilape|Drain Punch|p1b: Iron Bundle\n|-activate|p1b: Iron Bundle|move: Protect\n|move|p1a: Probopass|Gravity|p1a: Probopass\n|-fieldstart|move: Gravity\n|move|p2b: Cresselia|Lunar Blessing|p2b: Cresselia|[spread] p2a,p2b\n|-curestatus|p2b: Cresselia|par|[msg]\n|\n|-heal|p1a: Probopass|30\/100|[from] item: Leftovers\n|upkeep\n|turn|8\n|\n|t:|1700430556\n|move|p2a: Annihilape|Protect|p2a: Annihilape\n|-singleturn|p2a: Annihilape|Protect\n|move|p1b: Iron Bundle|Hydro Pump|p2a: Annihilape\n|-activate|p2a: Annihilape|move: Protect\n|move|p2b: Cresselia|Ice Beam|p1a: Probopass\n|-supereffective|p1a: Probopass\n|-damage|p1a: Probopass|0 fnt\n|faint|p1a: Probopass\n|\n|upkeep\n|\n|t:|1700430561\n|switch|p1a: Urshifu|Urshifu, L50, M|100\/100\n|turn|9\n|\n|t:|1700430579\n|move|p1b: Iron Bundle|Hydro Pump|p2a: Annihilape\n|-supereffective|p2a: Annihilape\n|-damage|p2a: Annihilape|12\/100\n|move|p1a: Urshifu|Wicked Blow|p2a: Annihilape\n|-crit|p2a: Annihilape\n|-damage|p2a: Annihilape|0 fnt\n|faint|p2a: Annihilape\n|move|p2b: Cresselia|Trick Room|p2b: Cresselia\n|-fieldstart|move: Trick Room|[of] p2b: Cresselia\n|\n|upkeep\n|\n|t:|1700430588\n|switch|p2a: Iron Bundle|Iron Bundle, L50|100\/100\n|turn|10\n|\n|t:|1700430598\n|move|p1b: Iron Bundle|Protect|p1b: Iron Bundle\n|-singleturn|p1b: Iron Bundle|Protect\n|move|p2b: Cresselia|Ice Beam|p1a: Urshifu\n|-damage|p1a: Urshifu|76\/100\n|move|p1a: Urshifu|Close Combat|p2a: Iron Bundle\n|-supereffective|p2a: Iron Bundle\n|-damage|p2a: Iron Bundle|0 fnt\n|-unboost|p1a: Urshifu|def|1\n|-unboost|p1a: Urshifu|spd|1\n|faint|p2a: Iron Bundle\n|-end|p2a: Iron Bundle|Quark Drive|[silent]\n|\n|upkeep\n|turn|11\n|\n|t:|1700430610\n|move|p2b: Cresselia|Ice Beam|p1a: Urshifu\n|-crit|p1a: Urshifu\n|-damage|p1a: Urshifu|23\/100\n|move|p1a: Urshifu|Wicked Blow|p2b: Cresselia\n|-supereffective|p2b: Cresselia\n|-crit|p2b: Cresselia\n|-damage|p2b: Cresselia|20\/100\n|-damage|p1a: Urshifu|7\/100|[from] item: Rocky Helmet|[of] p2b: Cresselia\n|move|p1b: Iron Bundle|Hydro Pump|p2b: Cresselia\n|-damage|p2b: Cresselia|0 fnt\n|faint|p2b: Cresselia\n|\n|win|spencomatic\n|c|&|\/uhtml prompt-spencomatic,spencomatic is ready for game 2!\n|c|&|\/uhtml prompt-spencomatic,spencomatic is ready for game 2!\n|inactive|AquamarineVGC has 50 seconds to confirm battle start!\n|l| Van. Volcanucks\n|inactive|AquamarineVGC has 40 seconds to confirm battle start!\n|j| Van. Volcanucks\n|c|&|\/uhtml prompt-aquamarinevgc,AquamarineVGC is ready for game 2!\nBoth players are ready! Starting next match!\n|l| Van. Volcanucks\n","uploadtime":1700430628,"views":5,"p1id":"spencomatic","p2id":"aquamarinevgc","formatid":"gen9vgc2023regulatione","rating":0,"private":0,"password":""}