{"id":"gen9vgc2023regulatione-1996930476","p1":"Dragergrap","p2":"luk29powavgcwpwp","format":"[Gen 9] VGC 2023 Regulation E","log":"|j|\u2606Dragergrap\n|j|\u2606luk29powavgcwpwp\n|t:|1700746240\n|gametype|doubles\n|player|p1|Dragergrap|265|1086\n|player|p2|luk29powavgcwpwp|1|1169\n|teamsize|p1|6\n|teamsize|p2|6\n|gen|9\n|tier|[Gen 9] VGC 2023 Regulation E\n|rated|\n|rule|Species Clause: Limit one of each Pok\u00e9mon\n|rule|Item Clause: Limit one of each item\n|clearpoke\n|poke|p1|Dondozo, L50, M|\n|poke|p1|Tatsugiri, L50, M|\n|poke|p1|Annihilape, L50, F|\n|poke|p1|Flamigo, L50, F|\n|poke|p1|Maushold-Four, L50|\n|poke|p1|Cetitan, L50, F|\n|poke|p2|Dondozo, L50, M|\n|poke|p2|Tatsugiri, L50, F|\n|poke|p2|Ninetales-Alola, L50, F|\n|poke|p2|Glimmora, L50, M|\n|poke|p2|Ogerpon-Hearthflame, L50, F|\n|poke|p2|Iron Hands, L50|\n|teampreview|4\n|inactive|Battle timer is ON: inactive players will automatically lose when time's up. (requested by luk29powavgcwpwp)\n|\n|t:|1700746275\n|start\n|switch|p1a: Maushold|Maushold-Four, L50|100\/100\n|switch|p1b: Cetitan|Cetitan, L50, F|100\/100\n|switch|p2a: Ninetales|Ninetales-Alola, L50, F|100\/100\n|switch|p2b: Iron Hands|Iron Hands, L50|100\/100\n|-weather|Snow|[from] ability: Snow Warning|[of] p2a: Ninetales\n|turn|1\n|\n|t:|1700746298\n|move|p2b: Iron Hands|Fake Out|p1b: Cetitan\n|-damage|p1b: Cetitan|94\/100\n|move|p1a: Maushold|Follow Me|p1a: Maushold\n|-singleturn|p1a: Maushold|move: Follow Me\n|move|p2a: Ninetales|Aurora Veil|p2a: Ninetales\n|-sidestart|p2: luk29powavgcwpwp|move: Aurora Veil\n|cant|p1b: Cetitan|flinch\n|\n|-weather|Snow|[upkeep]\n|upkeep\n|turn|2\n|inactive|luk29powavgcwpwp has 30 seconds left.\n|\n|t:|1700746330\n|switch|p2a: Dondozo|Dondozo, L50, M|100\/100\n|move|p1a: Maushold|Tidy Up|p1a: Maushold\n|-boost|p1a: Maushold|atk|1\n|-boost|p1a: Maushold|spe|1\n|move|p1b: Cetitan|Belly Drum|p1b: Cetitan\n|-damage|p1b: Cetitan|44\/100\n|-setboost|p1b: Cetitan|atk|6|[from] move: Belly Drum\n|-enditem|p1b: Cetitan|Sitrus Berry|[eat]\n|-heal|p1b: Cetitan|69\/100|[from] item: Sitrus Berry\n|move|p2b: Iron Hands|Drain Punch|p1a: Maushold\n|-supereffective|p1a: Maushold\n|-damage|p1a: Maushold|0 fnt\n|faint|p1a: Maushold\n|\n|-weather|Snow|[upkeep]\n|upkeep\n|\n|t:|1700746349\n|switch|p1a: Flamigo|Flamigo, L50, F|100\/100\n|-copyboost|p1a: Flamigo|p1b: Cetitan|[from] ability: Costar\n|turn|3\n|inactive|luk29powavgcwpwp has 30 seconds left.\n|\n|t:|1700746377\n|-end|p2b: Iron Hands|Quark Drive|[silent]\n|switch|p2b: Tatsugiri|Tatsugiri, L50, F|100\/100\n|-activate|p2b: Tatsugiri|ability: Commander|[of] p2a: Dondozo\n|-boost|p2a: Dondozo|atk|2\n|-boost|p2a: Dondozo|spa|2\n|-boost|p2a: Dondozo|spe|2\n|-boost|p2a: Dondozo|def|2\n|-boost|p2a: Dondozo|spd|2\n|move|p1a: Flamigo|Protect|p1a: Flamigo\n|-singleturn|p1a: Flamigo|Protect\n|move|p1b: Cetitan|Protect|p1b: Cetitan\n|-singleturn|p1b: Cetitan|Protect\n|move|p2a: Dondozo|Order Up|p1b: Cetitan\n|-activate|p1b: Cetitan|move: Protect\n|\n|-weather|Snow|[upkeep]\n|upkeep\n|turn|4\n|inactive|Dragergrap has 30 seconds left.\n|\n|t:|1700746409\n|-terastallize|p1a: Flamigo|Fighting\n|move|p2a: Dondozo|Order Up|p1a: Flamigo\n|-damage|p1a: Flamigo|30\/100\n|-boost|p2a: Dondozo|atk|1\n|move|p1a: Flamigo|Close Combat|p2a: Dondozo\n|-damage|p2a: Dondozo|84\/100\n|-unboost|p1a: Flamigo|def|1\n|-unboost|p1a: Flamigo|spd|1\n|move|p1b: Cetitan|Earthquake|p2a: Dondozo|[spread] p1a,p2a\n|-miss|p1b: Cetitan|p2b: Tatsugiri\n|-damage|p1a: Flamigo|0 fnt\n|-damage|p2a: Dondozo|78\/100\n|faint|p1a: Flamigo\n|\n|-weather|Snow|[upkeep]\n|-heal|p2a: Dondozo|85\/100|[from] item: Leftovers\n|upkeep\n|\n|t:|1700746427\n|switch|p1a: Annihilape|Annihilape, L50, F|100\/100\n|turn|5\n|inactive|Dragergrap has 30 seconds left.\n|inactive|Dragergrap has 20 seconds left.\n|inactive|Dragergrap has 15 seconds left.\n|\n|t:|1700746467\n|move|p1b: Cetitan|Protect|p1b: Cetitan\n|-singleturn|p1b: Cetitan|Protect\n|move|p1a: Annihilape|Final Gambit|p2a: Dondozo\n|-damage|p2a: Dondozo|0 fnt\n|faint|p1a: Annihilape\n|faint|p2a: Dondozo\n|\n|-weather|none\n|upkeep\n|\n|t:|1700746480\n|switch|p2a: Iron Hands|Iron Hands, L50|100\/100\n|turn|6\n|\n|t:|1700746503\n|move|p2a: Iron Hands|Fake Out|p1b: Cetitan\n|-damage|p1b: Cetitan|57\/100\n|move|p2b: Tatsugiri|Icy Wind|p1b: Cetitan\n|-resisted|p1b: Cetitan\n|-damage|p1b: Cetitan|53\/100\n|-unboost|p1b: Cetitan|spe|1\n|cant|p1b: Cetitan|flinch\n|\n|upkeep\n|turn|7\n|\n|t:|1700746527\n|-terastallize|p2a: Iron Hands|Fire\n|move|p1b: Cetitan|Protect|p1b: Cetitan\n|-singleturn|p1b: Cetitan|Protect\n|move|p2b: Tatsugiri|Icy Wind|p1b: Cetitan\n|-activate|p1b: Cetitan|move: Protect\n|move|p2a: Iron Hands|Heavy Slam|p1b: Cetitan\n|-activate|p1b: Cetitan|move: Protect\n|\n|upkeep\n|turn|8\n|\n|t:|1700746543\n|switch|p2b: Ninetales|Ninetales-Alola, L50, F|100\/100\n|-weather|Snow|[from] ability: Snow Warning|[of] p2b: Ninetales\n|move|p2a: Iron Hands|Heavy Slam|p1b: Cetitan\n|-supereffective|p1b: Cetitan\n|-damage|p1b: Cetitan|33\/100\n|move|p1b: Cetitan|Earthquake|p2b: Ninetales|[spread] p2a,p2b\n|-supereffective|p2a: Iron Hands\n|-damage|p2a: Iron Hands|7\/100\n|-damage|p2b: Ninetales|47\/100\n|\n|-weather|Snow|[upkeep]\n|-sideend|p2: luk29powavgcwpwp|move: Aurora Veil\n|upkeep\n|turn|9\n|\n|t:|1700746562\n|move|p1b: Cetitan|Ice Shard|p2a: Iron Hands\n|-resisted|p2a: Iron Hands\n|-damage|p2a: Iron Hands|0 fnt\n|faint|p2a: Iron Hands\n|-end|p2a: Iron Hands|Quark Drive|[silent]\n|move|p2b: Ninetales|Moonblast|p1b: Cetitan\n|-damage|p1b: Cetitan|7\/100\n|\n|-weather|Snow|[upkeep]\n|upkeep\n|\n|t:|1700746571\n|switch|p2a: Tatsugiri|Tatsugiri, L50, F|100\/100\n|turn|10\n|\n|t:|1700746578\n|move|p2a: Tatsugiri|Draco Meteor|p1b: Cetitan\n|-crit|p1b: Cetitan\n|-damage|p1b: Cetitan|0 fnt\n|-unboost|p2a: Tatsugiri|spa|2\n|faint|p1b: Cetitan\n|\n|win|luk29powavgcwpwp\n|raw|Dragergrap's rating: 1086 &rarr; <strong>1068<\/strong><br \/>(-18 for losing)\n|raw|luk29powavgcwpwp's rating: 1169 &rarr; <strong>1188<\/strong><br \/>(+19 for winning)\n|l|\u2606Dragergrap\n","uploadtime":1700746590,"views":9,"p1id":"dragergrap","p2id":"luk29powavgcwpwp","formatid":"gen9vgc2023regulatione","rating":1068,"private":0,"password":""}