{"id":"gen9vgc2023regulatione-1995721029","p1":"SecretAltVGC","p2":"heKtikVGC","format":"[Gen 9] VGC 2023 Regulation E","log":"|j|\u2606SecretAltVGC\n|j|\u2606heKtikVGC\n|n|\u2606SecretAltVGC|secretaltvgc\n|n|\u2606heKtikVGC|hektikvgc\n|html|View the match progress at <a href=\"\/game-bestof3-gen9vgc2023regulatione-1995721028\">game-bestof3-gen9vgc2023regulatione-1995721028<\/a>\n|t:|1700596969\n|gametype|doubles\n|player|p1|SecretAltVGC|unknownf|\n|player|p2|heKtikVGC|flannery|\n|teamsize|p1|6\n|teamsize|p2|6\n|gen|9\n|tier|[Gen 9] VGC 2023 Regulation E\n|rule|Species Clause: Limit one of each Pok\u00e9mon\n|rule|Item Clause: Limit one of each item\n|clearpoke\n|poke|p1|Flutter Mane, L50|\n|poke|p1|Heatran, L50, M|\n|poke|p1|Amoonguss, L50, F|\n|poke|p1|Iron Hands, L50|\n|poke|p1|Kingambit, L50, F|\n|poke|p1|Landorus-Therian, L50, M|\n|poke|p2|Amoonguss, L50, F|\n|poke|p2|Tornadus, L50, M|\n|poke|p2|Iron Hands, L50|\n|poke|p2|Arcanine-Hisui, L50, M|\n|poke|p2|Gholdengo, L50|\n|poke|p2|Urshifu-*, L50, M|\n|teampreview|4\nSecretAltVGC has agreed to open team sheets.\n|c|\u2606SecretAltVGC|Glhf\nheKtikVGC has agreed to open team sheets.\n|showteam|p1|Flutter Mane||ChoiceSpecs|Protosynthesis|Moonblast,DazzlingGleam,ShadowBall,TrickRoom||||||50|,,,,,Fairy]Heatran||LifeOrb|FlashFire|HeatWave,FlashCannon,EarthPower,Protect|||M|||50|,,,,,Grass]Amoonguss||SitrusBerry|Regenerator|Spore,RagePowder,PollenPuff,Protect|||F|||50|,,,,,Water]Iron Hands||AssaultVest|QuarkDrive|DrainPunch,WildCharge,HeavySlam,FakeOut||||||50|,,,,,Water]Kingambit||BlackGlasses|Defiant|KowtowCleave,SuckerPunch,SwordsDance,Protect|||F|||50|,,,,,Poison]Landorus-Therian||ChoiceScarf|Intimidate|StompingTantrum,RockSlide,TeraBlast,Uturn|||M|||50|,,,,,Flying\n|showteam|p2|Amoonguss||SitrusBerry|Regenerator|Spore,RagePowder,PollenPuff,Protect|||F|||50|,,,,,Water]Tornadus||RockyHelmet|Prankster|BleakwindStorm,RainDance,Tailwind,Protect|||M|||50|,,,,,Steel]Iron Hands||AssaultVest|QuarkDrive|DrainPunch,WildCharge,FakeOut,VoltSwitch||||||50|,,,,,Water]Arcanine-Hisui||ChoiceBand|Intimidate|FlareBlitz,RockSlide,ExtremeSpeed,HeadSmash|||M|||50|,,,,,Fairy]Gholdengo||Leftovers|GoodasGold|Protect,MakeItRain,ShadowBall,NastyPlot||||||50|,,,,,Dragon]Urshifu-Rapid-Strike||MysticWater|UnseenFist|AquaJet,Detect,CloseCombat,SurgingStrikes|||M|||50|,,,,,Water\n|c|\u2606heKtikVGC|Glhf\n|\n|t:|1700597035\n|start\n|switch|p1a: Iron Hands|Iron Hands, L50|100\/100\n|switch|p1b: Amoonguss|Amoonguss, L50, F|100\/100\n|switch|p2a: Iron Hands|Iron Hands, L50|100\/100\n|switch|p2b: Urshifu|Urshifu-Rapid-Strike, L50, M|100\/100\n|turn|1\n|\n|t:|1700597049\n|switch|p2b: Gholdengo|Gholdengo, L50|100\/100\n|move|p1a: Iron Hands|Fake Out|p2a: Iron Hands\n|-damage|p2a: Iron Hands|92\/100\n|cant|p2a: Iron Hands|flinch\n|move|p1b: Amoonguss|Spore|p2a: Iron Hands\n|-status|p2a: Iron Hands|slp|[from] move: Spore\n|\n|upkeep\n|turn|2\n|\n|t:|1700597065\n|switch|p1b: Kingambit|Kingambit, L50, F|100\/100\n|cant|p2a: Iron Hands|slp\n|move|p2b: Gholdengo|Nasty Plot|p2b: Gholdengo\n|-boost|p2b: Gholdengo|spa|2\n|move|p1a: Iron Hands|Wild Charge|p2a: Iron Hands\n|-resisted|p2a: Iron Hands\n|-damage|p2a: Iron Hands|75\/100 slp\n|-damage|p1a: Iron Hands|96\/100|[from] Recoil\n|\n|upkeep\n|turn|3\n|\n|t:|1700597091\n|-end|p2a: Iron Hands|Quark Drive|[silent]\n|switch|p2a: Amoonguss|Amoonguss, L50, F|100\/100\n|move|p1b: Kingambit|Protect|p1b: Kingambit\n|-singleturn|p1b: Kingambit|Protect\n|move|p2b: Gholdengo|Nasty Plot|p2b: Gholdengo\n|-boost|p2b: Gholdengo|spa|2\n|move|p1a: Iron Hands|Wild Charge|p2a: Amoonguss\n|-resisted|p2a: Amoonguss\n|-damage|p2a: Amoonguss|84\/100\n|-damage|p1a: Iron Hands|93\/100|[from] Recoil\n|\n|upkeep\n|turn|4\n|\n|t:|1700597117\n|move|p2b: Gholdengo|Protect|p2b: Gholdengo\n|-singleturn|p2b: Gholdengo|Protect\n|move|p1a: Iron Hands|Wild Charge|p2b: Gholdengo\n|-activate|p2b: Gholdengo|move: Protect\n|move|p1b: Kingambit|Kowtow Cleave|p2b: Gholdengo\n|-activate|p2b: Gholdengo|move: Protect\n|move|p2a: Amoonguss|Spore|p1b: Kingambit\n|-status|p1b: Kingambit|slp|[from] move: Spore\n|\n|upkeep\n|turn|5\n|\n|t:|1700597125\n|move|p2b: Gholdengo|Nasty Plot|p2b: Gholdengo\n|-boost|p2b: Gholdengo|spa|2\n|move|p1a: Iron Hands|Wild Charge|p2b: Gholdengo\n|-damage|p2b: Gholdengo|49\/100\n|-damage|p1a: Iron Hands|84\/100|[from] Recoil\n|cant|p1b: Kingambit|slp\n|move|p2a: Amoonguss|Spore|p1a: Iron Hands\n|-status|p1a: Iron Hands|slp|[from] move: Spore\n|\n|-heal|p2b: Gholdengo|55\/100|[from] item: Leftovers\n|upkeep\n|turn|6\n|\n|t:|1700597134\n|move|p2a: Amoonguss|Rage Powder|p2a: Amoonguss\n|-singleturn|p2a: Amoonguss|move: Rage Powder\n|move|p2b: Gholdengo|Shadow Ball|p1a: Iron Hands\n|-crit|p1a: Iron Hands\n|-damage|p1a: Iron Hands|0 fnt\n|faint|p1a: Iron Hands\n|-end|p1a: Iron Hands|Quark Drive|[silent]\n|cant|p1b: Kingambit|slp\n|\n|-heal|p2b: Gholdengo|61\/100|[from] item: Leftovers\n|upkeep\n|\n|t:|1700597141\n|switch|p1a: Heatran|Heatran, L50, M|100\/100\n|turn|7\n|\n|t:|1700597147\n|-terastallize|p2b: Gholdengo|Dragon\n|move|p1a: Heatran|Protect|p1a: Heatran\n|-singleturn|p1a: Heatran|Protect\n|move|p2b: Gholdengo|Shadow Ball|p1a: Heatran\n|-activate|p1a: Heatran|move: Protect\n|-curestatus|p1b: Kingambit|slp|[msg]\n|move|p1b: Kingambit|Swords Dance|p1b: Kingambit\n|-boost|p1b: Kingambit|atk|2\n|move|p2a: Amoonguss|Pollen Puff|p2b: Gholdengo\n|-heal|p2b: Gholdengo|100\/100\n|\n|upkeep\n|turn|8\n|\n|t:|1700597172\n|move|p2a: Amoonguss|Rage Powder|p2a: Amoonguss\n|-singleturn|p2a: Amoonguss|move: Rage Powder\n|move|p2b: Gholdengo|Shadow Ball|p1a: Heatran\n|-damage|p1a: Heatran|0 fnt\n|faint|p1a: Heatran\n|move|p1b: Kingambit|Kowtow Cleave|p2a: Amoonguss\n|-damage|p2a: Amoonguss|1\/100\n|-enditem|p2a: Amoonguss|Sitrus Berry|[eat]\n|-heal|p2a: Amoonguss|26\/100|[from] item: Sitrus Berry\n|\n|upkeep\n|\n|t:|1700597181\n|switch|p1a: Amoonguss|Amoonguss, L50, F|100\/100\n|turn|9\n|\n|t:|1700597190\n|move|p2b: Gholdengo|Protect|p2b: Gholdengo\n|-singleturn|p2b: Gholdengo|Protect\n|move|p1a: Amoonguss|Protect|p1a: Amoonguss\n|-singleturn|p1a: Amoonguss|Protect\n|move|p1b: Kingambit|Kowtow Cleave|p2b: Gholdengo\n|-activate|p2b: Gholdengo|move: Protect\n|move|p2a: Amoonguss|Spore|p1b: Kingambit\n|-status|p1b: Kingambit|slp|[from] move: Spore\n|\n|upkeep\n|turn|10\n|\n|t:|1700597204\n|move|p1a: Amoonguss|Protect|p1a: Amoonguss\n|-singleturn|p1a: Amoonguss|Protect\n|move|p2a: Amoonguss|Rage Powder|p2a: Amoonguss\n|-singleturn|p2a: Amoonguss|move: Rage Powder\n|move|p2b: Gholdengo|Make It Rain|p1b: Kingambit|[spread] p1b\n|-activate|p1a: Amoonguss|move: Protect\n|-resisted|p1b: Kingambit\n|-damage|p1b: Kingambit|15\/100 slp\n|-unboost|p2b: Gholdengo|spa|1\n|cant|p1b: Kingambit|slp\n|\n|upkeep\n|turn|11\n|\n|t:|1700597222\n|-terastallize|p1a: Amoonguss|Water\n|-curestatus|p1b: Kingambit|slp|[msg]\n|move|p1b: Kingambit|Protect|p1b: Kingambit\n|-singleturn|p1b: Kingambit|Protect\n|move|p2a: Amoonguss|Rage Powder|p2a: Amoonguss\n|-singleturn|p2a: Amoonguss|move: Rage Powder\n|move|p2b: Gholdengo|Make It Rain|p1a: Amoonguss|[spread] p1a\n|-activate|p1b: Kingambit|move: Protect\n|-resisted|p1a: Amoonguss\n|-damage|p1a: Amoonguss|37\/100\n|-unboost|p2b: Gholdengo|spa|1\n|-enditem|p1a: Amoonguss|Sitrus Berry|[eat]\n|-heal|p1a: Amoonguss|62\/100|[from] item: Sitrus Berry\n|move|p1a: Amoonguss|Pollen Puff|p2a: Amoonguss\n|-damage|p2a: Amoonguss|5\/100\n|\n|upkeep\n|turn|12\n|\n|t:|1700597242\n|move|p1b: Kingambit|Protect|p1b: Kingambit\n|-singleturn|p1b: Kingambit|Protect\n|move|p2a: Amoonguss|Rage Powder|p2a: Amoonguss\n|-singleturn|p2a: Amoonguss|move: Rage Powder\n|move|p2b: Gholdengo|Make It Rain|p1a: Amoonguss|[spread] p1a\n|-activate|p1b: Kingambit|move: Protect\n|-resisted|p1a: Amoonguss\n|-damage|p1a: Amoonguss|7\/100\n|-unboost|p2b: Gholdengo|spa|1\n|move|p1a: Amoonguss|Pollen Puff|p2a: Amoonguss\n|-damage|p2a: Amoonguss|0 fnt\n|faint|p2a: Amoonguss\n|\n|upkeep\n|\n|t:|1700597246\n|switch|p2a: Urshifu|Urshifu-Rapid-Strike, L50, M|100\/100\n|turn|13\n|\n|t:|1700597259\n|move|p2b: Gholdengo|Protect|p2b: Gholdengo\n|-singleturn|p2b: Gholdengo|Protect\n|move|p1a: Amoonguss|Rage Powder|p1a: Amoonguss\n|-singleturn|p1a: Amoonguss|move: Rage Powder\n|move|p2a: Urshifu|Aqua Jet|p1a: Amoonguss\n|-resisted|p1a: Amoonguss\n|-damage|p1a: Amoonguss|0 fnt\n|faint|p1a: Amoonguss\n|move|p1b: Kingambit|Sucker Punch||[still]\n|-fail|p1b: Kingambit\n|\n|upkeep\n|turn|14\n|\n|t:|1700597271\n|move|p1b: Kingambit|Sucker Punch|p2b: Gholdengo\n|-damage|p2b: Gholdengo|6\/100\n|move|p2a: Urshifu|Surging Strikes|p1b: Kingambit\n|-crit|p1b: Kingambit\n|-damage|p1b: Kingambit|0 fnt\n|faint|p1b: Kingambit\n|-hitcount|p1: Kingambit|1\n|\n|win|heKtikVGC\n|c|&|\/uhtml prompt-hektikvgc,heKtikVGC is ready for game 2!\n|c|&|\/uhtml prompt-secretaltvgc,SecretAltVGC is ready for game 2!\nBoth players are ready! Starting next match!\n|l|\u2606heKtikVGC\n","uploadtime":1700597792,"views":0,"p1id":"secretaltvgc","p2id":"hektikvgc","formatid":"gen9vgc2023regulatione","rating":0,"private":0,"password":""}