{"id":"gen9vgc2023regulatione-1994918235","p1":"Zinferno","p2":"vlopes777","format":"[Gen 9] VGC 2023 Regulation E","log":"|j|\u2606Zinferno\n|j|\u2606vlopes777\n|t:|1700504583\n|gametype|doubles\n|player|p1|Zinferno|101|1075\n|player|p2|vlopes777|pokekid|1148\n|teamsize|p1|6\n|teamsize|p2|6\n|gen|9\n|tier|[Gen 9] VGC 2023 Regulation E\n|rated|\n|rule|Species Clause: Limit one of each Pok\u00e9mon\n|rule|Item Clause: Limit one of each item\n|clearpoke\n|poke|p1|Urshifu-*, L50, M|\n|poke|p1|Tornadus, L50, M|\n|poke|p1|Iron Hands, L50|\n|poke|p1|Heatran, L50, F|\n|poke|p1|Ogerpon-Wellspring, L50, F|\n|poke|p1|Arcanine-Hisui, L50, F|\n|poke|p2|Landorus-Therian, L50, M|\n|poke|p2|Tornadus, L50, M|\n|poke|p2|Iron Hands, L50|\n|poke|p2|Amoonguss, L50, M|\n|poke|p2|Heatran, L50, M|\n|poke|p2|Flutter Mane, L50|\n|teampreview|4\n|inactive|Battle timer is ON: inactive players will automatically lose when time's up. (requested by vlopes777)\nvlopes777 has agreed to open team sheets.\n|inactive|Zinferno has 60 seconds left.\n|\n|t:|1700504615\n|start\n|switch|p1a: Iron Hands|Iron Hands, L50|100\/100\n|switch|p1b: Arcanine|Arcanine-Hisui, L50, F|100\/100\n|switch|p2a: D\u00e9m\u00e9t\u00e9ros|Landorus-Therian, L50, M|100\/100\n|switch|p2b: Iron Hands|Iron Hands, L50|100\/100\n|-ability|p2a: D\u00e9m\u00e9t\u00e9ros|Intimidate|boost\n|-unboost|p1a: Iron Hands|atk|1\n|-unboost|p1b: Arcanine|atk|1\n|-ability|p1b: Arcanine|Intimidate|boost\n|-unboost|p2a: D\u00e9m\u00e9t\u00e9ros|atk|1\n|-unboost|p2b: Iron Hands|atk|1\n|turn|1\n|inactive|Zinferno has 30 seconds left.\n|\n|t:|1700504647\n|move|p1a: Iron Hands|Fake Out|p2a: D\u00e9m\u00e9t\u00e9ros\n|-damage|p2a: D\u00e9m\u00e9t\u00e9ros|91\/100\n|move|p2b: Iron Hands|Fake Out|p1b: Arcanine\n|-resisted|p1b: Arcanine\n|-crit|p1b: Arcanine\n|-damage|p1b: Arcanine|91\/100\n|cant|p2a: D\u00e9m\u00e9t\u00e9ros|flinch\n|cant|p1b: Arcanine|flinch\n|\n|upkeep\n|turn|2\n|\n|t:|1700504659\n|move|p1b: Arcanine|Protect|p1b: Arcanine\n|-singleturn|p1b: Arcanine|Protect\n|move|p2a: D\u00e9m\u00e9t\u00e9ros|Stomping Tantrum|p1a: Iron Hands\n|-supereffective|p1a: Iron Hands\n|-damage|p1a: Iron Hands|21\/100\n|move|p1a: Iron Hands|Drain Punch|p2a: D\u00e9m\u00e9t\u00e9ros\n|-resisted|p2a: D\u00e9m\u00e9t\u00e9ros\n|-damage|p2a: D\u00e9m\u00e9t\u00e9ros|78\/100\n|-heal|p1a: Iron Hands|27\/100|[from] drain|[of] p2a: D\u00e9m\u00e9t\u00e9ros\n|move|p2b: Iron Hands|Drain Punch|p1b: Arcanine\n|-activate|p1b: Arcanine|move: Protect\n|\n|upkeep\n|turn|3\n|inactive|Zinferno has 30 seconds left.\n|\n|t:|1700504690\n|-end|p1a: Iron Hands|Quark Drive|[silent]\n|switch|p1a: Urshifu|Urshifu-Rapid-Strike, L50, M|100\/100\n|move|p2a: D\u00e9m\u00e9t\u00e9ros|Stomping Tantrum|p1b: Arcanine\n|-supereffective|p1b: Arcanine\n|-crit|p1b: Arcanine\n|-damage|p1b: Arcanine|0 fnt\n|faint|p1b: Arcanine\n|move|p2b: Iron Hands|Drain Punch|p1a: Urshifu\n|-damage|p1a: Urshifu|78\/100\n|\n|upkeep\n|\n|t:|1700504697\n|switch|p1b: Iron Hands|Iron Hands, L50|27\/100\n|turn|4\n|\n|t:|1700504712\n|switch|p2a: Amoonguss|Amoonguss, L50, M|100\/100\n|move|p1b: Iron Hands|Fake Out|p2a: Amoonguss\n|-damage|p2a: Amoonguss|89\/100\n|move|p1a: Urshifu|Surging Strikes|p2a: Amoonguss\n|-resisted|p2a: Amoonguss\n|-crit|p2a: Amoonguss\n|-damage|p2a: Amoonguss|80\/100\n|-resisted|p2a: Amoonguss\n|-crit|p2a: Amoonguss\n|-damage|p2a: Amoonguss|72\/100\n|-resisted|p2a: Amoonguss\n|-crit|p2a: Amoonguss\n|-damage|p2a: Amoonguss|64\/100\n|-hitcount|p2a: Amoonguss|3\n|move|p2b: Iron Hands|Wild Charge|p1a: Urshifu\n|-supereffective|p1a: Urshifu\n|-damage|p1a: Urshifu|24\/100\n|-damage|p2b: Iron Hands|91\/100|[from] Recoil\n|\n|upkeep\n|turn|5\n|inactive|vlopes777 has 30 seconds left.\n|\n|t:|1700504744\n|move|p1a: Urshifu|Surging Strikes|p2b: Iron Hands\n|-crit|p2b: Iron Hands\n|-damage|p2b: Iron Hands|78\/100\n|-crit|p2b: Iron Hands\n|-damage|p2b: Iron Hands|65\/100\n|-crit|p2b: Iron Hands\n|-damage|p2b: Iron Hands|51\/100\n|-hitcount|p2b: Iron Hands|3\n|move|p1b: Iron Hands|Heavy Slam|p2a: Amoonguss\n|-damage|p2a: Amoonguss|31\/100\n|-enditem|p2a: Amoonguss|Sitrus Berry|[eat]\n|-heal|p2a: Amoonguss|56\/100|[from] item: Sitrus Berry\n|move|p2b: Iron Hands|Wild Charge|p1a: Urshifu\n|-supereffective|p1a: Urshifu\n|-damage|p1a: Urshifu|0 fnt\n|faint|p1a: Urshifu\n|-damage|p2b: Iron Hands|47\/100|[from] Recoil\n|move|p2a: Amoonguss|Spore|p1b: Iron Hands\n|-status|p1b: Iron Hands|slp|[from] move: Spore\n|\n|upkeep\n|\n|t:|1700504758\n|switch|p1a: Heatran|Heatran, L50, F|100\/100\n|turn|6\n|\n|t:|1700504777\n|-end|p2b: Iron Hands|Quark Drive|[silent]\n|switch|p2b: Heatran|Heatran, L50, M|100\/100\n|-terastallize|p1a: Heatran|Grass\n|-terastallize|p2a: Amoonguss|Water\n|move|p1a: Heatran|Heat Wave|p2a: Amoonguss|[spread] p2a\n|-start|p2b: Heatran|ability: Flash Fire\n|-resisted|p2a: Amoonguss\n|-damage|p2a: Amoonguss|38\/100\n|cant|p1b: Iron Hands|slp\n|move|p2a: Amoonguss|Spore|p1a: Heatran\n|-immune|p1a: Heatran\n|\n|upkeep\n|turn|7\n|\n|t:|1700504800\n|switch|p2a: D\u00e9m\u00e9t\u00e9ros|Landorus-Therian, L50, M|78\/100\n|-ability|p2a: D\u00e9m\u00e9t\u00e9ros|Intimidate|boost\n|-unboost|p1a: Heatran|atk|1\n|-unboost|p1b: Iron Hands|atk|1\n|move|p2b: Heatran|Earth Power|p1b: Iron Hands\n|-supereffective|p1b: Iron Hands\n|-damage|p1b: Iron Hands|0 fnt\n|faint|p1b: Iron Hands\n|-end|p1b: Iron Hands|Quark Drive|[silent]\n|-damage|p2b: Heatran|91\/100|[from] item: Life Orb\n|move|p1a: Heatran|Earth Power|p2b: Heatran\n|-supereffective|p2b: Heatran\n|-damage|p2b: Heatran|0 fnt\n|faint|p2b: Heatran\n|\n|upkeep\n|\n|t:|1700504820\n|switch|p2b: Amoonguss|Amoonguss, L50, M, tera:Water|72\/100\n|turn|8\n|\n|t:|1700504832\n|move|p2a: D\u00e9m\u00e9t\u00e9ros|U-turn|p1a: Heatran\n|-supereffective|p1a: Heatran\n|-damage|p1a: Heatran|55\/100\n|\n|t:|1700504836\n|switch|p2a: Iron Hands|Iron Hands, L50|47\/100|[from] U-turn\n|move|p1a: Heatran|Dark Pulse|p2a: Iron Hands\n|-resisted|p2a: Iron Hands\n|-damage|p2a: Iron Hands|39\/100\n|move|p2b: Amoonguss|Pollen Puff|p1a: Heatran\n|-supereffective|p1a: Heatran\n|-damage|p1a: Heatran|23\/100\n|\n|-heal|p1a: Heatran|29\/100|[from] item: Leftovers\n|upkeep\n|turn|9\n|-message|Zinferno forfeited.\n|\n|win|vlopes777\n|raw|Zinferno's rating: 1075 &rarr; <strong>1058<\/strong><br \/>(-17 for losing)\n|raw|vlopes777's rating: 1148 &rarr; <strong>1168<\/strong><br \/>(+20 for winning)\n|l|\u2606Zinferno\n","uploadtime":1700504854,"views":12,"p1id":"zinferno","p2id":"vlopes777","formatid":"gen9vgc2023regulatione","rating":1058,"private":0,"password":""}