{"id":"gen9vgc2023regulatione-2000471969","p1":"The_AG_Is_Real","p2":"ilsommo359","format":"[Gen 9] VGC 2023 Regulation E","log":"|j|\u2606The_AG_Is_Real\n|j|\u2606ilsommo359\n|n|\u2606The_AG_Is_Real|theagisreal\n|n|\u2606ilsommo359|ilsommo359\n|html|View the match progress at <a href=\"\/game-bestof3-gen9vgc2023regulatione-2000471968\">game-bestof3-gen9vgc2023regulatione-2000471968<\/a>\n|t:|1701197635\n|gametype|doubles\n|player|p1|The_AG_Is_Real|candice|\n|player|p2|ilsommo359|1|\n|teamsize|p1|6\n|teamsize|p2|6\n|gen|9\n|tier|[Gen 9] VGC 2023 Regulation E\n|rule|Species Clause: Limit one of each Pok\u00e9mon\n|rule|Item Clause: Limit one of each item\n|clearpoke\n|poke|p1|Grimmsnarl, L50, M|\n|poke|p1|Arcanine-Hisui, L50, F|\n|poke|p1|Sinistcha, L50|\n|poke|p1|Ursaluna-Bloodmoon, L50, M|\n|poke|p1|Moltres-Galar, L50|\n|poke|p1|Farigiraf, L50, F|\n|poke|p2|Armarouge, L50, F|\n|poke|p2|Indeedee-F, L50, F|\n|poke|p2|Torkoal, L50, M|\n|poke|p2|Gastrodon-East, L50, F|\n|poke|p2|Iron Hands, L50|\n|poke|p2|Mimikyu, L50, F|\n|teampreview|4\n|inactive|Battle timer is ON: inactive players will automatically lose when time's up. (requested by The_AG_Is_Real)\nilsommo359 has agreed to open team sheets.\n|c|\u2606The_AG_Is_Real|glhf :)\nThe_AG_Is_Real has agreed to open team sheets.\n|showteam|p1|Grimmsnarl||LightClay|Prankster|LightScreen,Reflect,ThunderWave,SpiritBreak|||M|||50|,,,,,Ghost]Arcanine-Hisui||AssaultVest|Intimidate|RockSlide,FlareBlitz,Snarl,ExtremeSpeed|||F|||50|,,,,,Fairy]Sinistcha||MiracleSeed|Hospitality|RagePowder,MatchaGotcha,StrengthSap,LifeDew||||||50|,,,,,Dragon]Ursaluna-Bloodmoon||Leftovers|MindsEye|CalmMind,EarthPower,HyperVoice,Protect|||M|||50|,,,,,Grass]Moltres-Galar||SitrusBerry|Berserk|NastyPlot,FieryWrath,AirSlash,Protect||||||50|,,,,,Poison]Farigiraf||RockyHelmet|ArmorTail|TrickRoom,HelpingHand,DazzlingGleam,Psychic|||F|||50|,,,,,Fairy\n|showteam|p2|Armarouge||LifeOrb|FlashFire|ExpandingForce,HeatWave,TrickRoom,TeraBlast|||F|||50|,,,,,Fairy]Indeedee-F||PsychicSeed|PsychicSurge|DazzlingGleam,HelpingHand,FollowMe,TrickRoom|||F|||50|,,,,,Grass]Torkoal||Charcoal|Drought|Eruption,HeatWave,EarthPower,Protect|||M|||50|,,,,,Fire]Gastrodon-East||SitrusBerry|StormDrain|EarthPower,MuddyWater,Recover,Protect|||F|||50|,,,,,Fire]Iron Hands||AssaultVest|QuarkDrive|WildCharge,DrainPunch,FakeOut,VoltSwitch||||||50|,,,,,Water]Mimikyu||RockyHelmet|Disguise|PlayRough,ShadowSneak,Taunt,TrickRoom|||F|||50|,,,,,Fire\n|\n|t:|1701197667\n|start\n|switch|p1a: Marceline|Moltres-Galar, L50|100\/100\n|switch|p1b: Jake The Dog|Arcanine-Hisui, L50, F, shiny|100\/100\n|switch|p2a: Armarouge|Armarouge, L50, F, shiny|100\/100\n|switch|p2b: Indeedee|Indeedee-F, L50, F|100\/100\n|-ability|p1b: Jake The Dog|Intimidate|boost\n|-unboost|p2a: Armarouge|atk|1\n|-unboost|p2b: Indeedee|atk|1\n|-fieldstart|move: Psychic Terrain|[from] ability: Psychic Surge|[of] p2b: Indeedee\n|-enditem|p2b: Indeedee|Psychic Seed\n|-boost|p2b: Indeedee|spd|1|[from] item: Psychic Seed\n|turn|1\n|\n|t:|1701197682\n|-terastallize|p2a: Armarouge|Fairy\n|move|p2b: Indeedee|Follow Me|p2b: Indeedee\n|-singleturn|p2b: Indeedee|move: Follow Me\n|move|p1a: Marceline|Nasty Plot|p1a: Marceline\n|-boost|p1a: Marceline|spa|2\n|move|p1b: Jake The Dog|Snarl|p2a: Armarouge|[spread] p2a,p2b\n|-resisted|p2a: Armarouge\n|-supereffective|p2b: Indeedee\n|-damage|p2a: Armarouge|96\/100\n|-damage|p2b: Indeedee|89\/100\n|-unboost|p2a: Armarouge|spa|1\n|-unboost|p2b: Indeedee|spa|1\n|move|p2a: Armarouge|Trick Room|p2a: Armarouge\n|-fieldstart|move: Trick Room|[of] p2a: Armarouge\n|\n|upkeep\n|turn|2\n|\n|t:|1701197702\n|switch|p1b: The Lich|Grimmsnarl, L50, M|100\/100\n|move|p2b: Indeedee|Helping Hand|p2a: Armarouge\n|-singleturn|p2a: Armarouge|Helping Hand|[of] p2b: Indeedee\n|move|p1a: Marceline|Protect|p1a: Marceline\n|-singleturn|p1a: Marceline|Protect\n|move|p2a: Armarouge|Tera Blast|p1a: Marceline|[anim] Tera Blast Fairy\n|-activate|p1a: Marceline|move: Protect\n|\n|upkeep\n|turn|3\n|inactive|The_AG_Is_Real has 30 seconds left.\n|inactive|The_AG_Is_Real has 20 seconds left.\n|inactive|The_AG_Is_Real has 15 seconds left.\n|inactive|The_AG_Is_Real has 10 seconds left.\n|\n|t:|1701197748\n|-terastallize|p1a: Marceline|Poison\n|move|p2b: Indeedee|Helping Hand|p2a: Armarouge\n|-singleturn|p2a: Armarouge|Helping Hand|[of] p2b: Indeedee\n|move|p1b: The Lich|Light Screen|p1b: The Lich\n|-sidestart|p1: The_AG_Is_Real|move: Light Screen\n|move|p2a: Armarouge|Expanding Force|p1a: Marceline|[spread] p1a\n|-immune|p1b: The Lich\n|-supereffective|p1a: Marceline\n|-damage|p1a: Marceline|11\/100\n|-ability|p1a: Marceline|Berserk|boost\n|-boost|p1a: Marceline|spa|1\n|-damage|p2a: Armarouge|86\/100|[from] item: Life Orb\n|-enditem|p1a: Marceline|Sitrus Berry|[eat]\n|-heal|p1a: Marceline|36\/100|[from] item: Sitrus Berry\n|move|p1a: Marceline|Air Slash|p2a: Armarouge\n|-damage|p2a: Armarouge|0 fnt\n|faint|p2a: Armarouge\n|\n|upkeep\n|\n|t:|1701197766\n|switch|p2a: Torkoal|Torkoal, L50, M|100\/100\n|-weather|SunnyDay|[from] ability: Drought|[of] p2a: Torkoal\n|turn|4\n|\n|t:|1701197775\n|move|p2b: Indeedee|Helping Hand|p2a: Torkoal\n|-singleturn|p2a: Torkoal|Helping Hand|[of] p2b: Indeedee\n|move|p1a: Marceline|Protect|p1a: Marceline\n|-singleturn|p1a: Marceline|Protect\n|move|p2a: Torkoal|Eruption|p1b: The Lich|[spread] p1b\n|-activate|p1a: Marceline|move: Protect\n|-damage|p1b: The Lich|8\/100\n|move|p1b: The Lich|Spirit Break|p2a: Torkoal\n|-resisted|p2a: Torkoal\n|-damage|p2a: Torkoal|88\/100\n|-unboost|p2a: Torkoal|spa|1\n|\n|-weather|SunnyDay|[upkeep]\n|upkeep\n|turn|5\n|\n|t:|1701197793\n|switch|p1a: Jake The Dog|Arcanine-Hisui, L50, F, shiny|100\/100\n|-ability|p1a: Jake The Dog|Intimidate|boost\n|-unboost|p2a: Torkoal|atk|1\n|-unboost|p2b: Indeedee|atk|1\n|move|p2b: Indeedee|Helping Hand|p2a: Torkoal\n|-singleturn|p2a: Torkoal|Helping Hand|[of] p2b: Indeedee\n|move|p2a: Torkoal|Eruption|p1a: Jake The Dog|[spread] p1a,p1b\n|-resisted|p1a: Jake The Dog\n|-damage|p1a: Jake The Dog|92\/100\n|-damage|p1b: The Lich|0 fnt\n|faint|p1b: The Lich\n|\n|-weather|SunnyDay|[upkeep]\n|-fieldend|move: Trick Room\n|-fieldend|move: Psychic Terrain\n|upkeep\n|\n|t:|1701197800\n|switch|p1b: Marceline|Moltres-Galar, L50, tera:Poison|36\/100\n|turn|6\n|\n|t:|1701197811\n|move|p2a: Torkoal|Protect|p2a: Torkoal\n|-singleturn|p2a: Torkoal|Protect\n|move|p1b: Marceline|Fiery Wrath|p2a: Torkoal|[spread] p2b\n|-activate|p2a: Torkoal|move: Protect\n|-supereffective|p2b: Indeedee\n|-crit|p2b: Indeedee\n|-damage|p2b: Indeedee|3\/100\n|move|p1a: Jake The Dog|Rock Slide|p2b: Indeedee|[spread] \n|-activate|p2a: Torkoal|move: Protect\n|-miss|p1a: Jake The Dog|p2b: Indeedee\n|move|p2b: Indeedee|Trick Room|p2b: Indeedee\n|-fieldstart|move: Trick Room|[of] p2b: Indeedee\n|\n|-weather|SunnyDay|[upkeep]\n|upkeep\n|turn|7\n|inactive|The_AG_Is_Real has 30 seconds left.\n|inactive|ilsommo359 has 30 seconds left.\n|\n|t:|1701197841\n|move|p2b: Indeedee|Helping Hand|p2a: Torkoal\n|-singleturn|p2a: Torkoal|Helping Hand|[of] p2b: Indeedee\n|move|p1b: Marceline|Protect|p1b: Marceline\n|-singleturn|p1b: Marceline|Protect\n|move|p2a: Torkoal|Eruption|p1b: Marceline|[spread] p1a\n|-activate|p1b: Marceline|move: Protect\n|-resisted|p1a: Jake The Dog\n|-damage|p1a: Jake The Dog|84\/100\n|move|p1a: Jake The Dog|Rock Slide|p2b: Indeedee|[spread] p2a,p2b\n|-supereffective|p2a: Torkoal\n|-damage|p2a: Torkoal|50\/100\n|-damage|p2b: Indeedee|0 fnt\n|faint|p2b: Indeedee\n|\n|-weather|SunnyDay|[upkeep]\n|upkeep\n|\n|t:|1701197854\n|switch|p2b: Iron Hands|Iron Hands, L50|100\/100\n|turn|8\n|\n|t:|1701197873\n|switch|p1a: BMO|Sinistcha, L50|100\/100\n|-heal|p1b: Marceline|61\/100|[from] ability: Hospitality|[of] p1a: BMO\n|move|p2a: Torkoal|Heat Wave|p1a: BMO|[spread] p1a,p1b\n|-supereffective|p1a: BMO\n|-damage|p1a: BMO|50\/100\n|-damage|p1b: Marceline|43\/100\n|-ability|p1b: Marceline|Berserk|boost\n|-boost|p1b: Marceline|spa|1\n|move|p2b: Iron Hands|Drain Punch|p1a: BMO\n|-immune|p1a: BMO\n|move|p1b: Marceline|Air Slash|p2a: Torkoal\n|-damage|p2a: Torkoal|0 fnt\n|faint|p2a: Torkoal\n|\n|-weather|none\n|upkeep\n|turn|9\n|\n|t:|1701197890\n|switch|p1a: Jake The Dog|Arcanine-Hisui, L50, F, shiny|84\/100\n|-ability|p1a: Jake The Dog|Intimidate|boost\n|-unboost|p2b: Iron Hands|atk|1\n|move|p1b: Marceline|Protect|p1b: Marceline\n|-singleturn|p1b: Marceline|Protect\n|move|p2b: Iron Hands|Drain Punch|p1b: Marceline\n|-activate|p1b: Marceline|move: Protect\n|\n|upkeep\n|turn|10\n|\n|t:|1701197900\n|switch|p1a: BMO|Sinistcha, L50|50\/100\n|-heal|p1b: Marceline|68\/100|[from] ability: Hospitality|[of] p1a: BMO\n|move|p2b: Iron Hands|Drain Punch|p1a: BMO\n|-immune|p1a: BMO\n|move|p1b: Marceline|Air Slash|p2b: Iron Hands\n|-damage|p2b: Iron Hands|74\/100\n|\n|-sideend|p1: The_AG_Is_Real|move: Light Screen\n|-fieldend|move: Trick Room\n|upkeep\n|turn|11\n|\n|t:|1701197913\n|move|p1b: Marceline|Nasty Plot|p1b: Marceline\n|-boost|p1b: Marceline|spa|2\n|move|p1a: BMO|Life Dew|p1a: BMO|[spread] p1a,p1b\n|-heal|p1a: BMO|76\/100\n|-heal|p1b: Marceline|93\/100\n|move|p2b: Iron Hands|Drain Punch|p1b: Marceline\n|-resisted|p1b: Marceline\n|-damage|p1b: Marceline|78\/100\n|-heal|p2b: Iron Hands|80\/100|[from] drain|[of] p1b: Marceline\n|\n|upkeep\n|turn|12\n|\n|t:|1701197926\n|move|p1b: Marceline|Air Slash|p2b: Iron Hands\n|-damage|p2b: Iron Hands|39\/100\n|move|p1a: BMO|Life Dew|p1a: BMO|[spread] p1a,p1b\n|-heal|p1a: BMO|100\/100\n|-heal|p1b: Marceline|100\/100\n|cant|p2b: Iron Hands|flinch\n|\n|upkeep\n|turn|13\n|\n|t:|1701197933\n|switch|p1a: Jake The Dog|Arcanine-Hisui, L50, F, shiny|84\/100\n|-ability|p1a: Jake The Dog|Intimidate|boost\n|-unboost|p2b: Iron Hands|atk|1\n|move|p1b: Marceline|Air Slash|p2b: Iron Hands\n|-damage|p2b: Iron Hands|0 fnt\n|faint|p2b: Iron Hands\n|-end|p2b: Iron Hands|Quark Drive|[silent]\n|\n|win|The_AG_Is_Real\n|c|\u2606The_AG_Is_Real|gg\n|c|&|\/uhtml prompt-ilsommo359,ilsommo359 is ready for game 2!\n","uploadtime":1701197942,"views":2,"p1id":"theagisreal","p2id":"ilsommo359","formatid":"gen9vgc2023regulatione","rating":0,"private":0,"password":""}