{"id":"gen9vgc2023regulatione-1998947225","p1":"tmad1025","p2":"KyanJ","format":"[Gen 9] VGC 2023 Regulation E","log":"|j|\u2606tmad1025\n|j|\u2606KyanJ\n|t:|1701016472\n|gametype|doubles\n|player|p1|tmad1025|red|1100\n|player|p2|KyanJ|steven|1025\n|teamsize|p1|6\n|teamsize|p2|6\n|gen|9\n|tier|[Gen 9] VGC 2023 Regulation E\n|rated|\n|rule|Species Clause: Limit one of each Pok\u00e9mon\n|rule|Item Clause: Limit one of each item\n|clearpoke\n|poke|p1|Oranguru, L50, M|\n|poke|p1|Lurantis, L50, M|\n|poke|p1|Torkoal, L50, F|\n|poke|p1|Flamigo, L50, M|\n|poke|p1|Rillaboom, L50, M|\n|poke|p1|Scovillain, L50, M|\n|poke|p2|Grafaiai, L50, F|\n|poke|p2|Charizard, L50, F|\n|poke|p2|Flamigo, L50, M|\n|poke|p2|Garchomp, L50, F|\n|poke|p2|Greninja-*, L50, M|\n|poke|p2|Flutter Mane, L50|\n|teampreview|4\n|inactive|Battle timer is ON: inactive players will automatically lose when time's up. (requested by tmad1025)\n|c|\u2606KyanJ|lets go...\n|inactive|tmad1025 has 60 seconds left.\n|\n|t:|1701016516\n|start\n|switch|p1a: Scovillain|Scovillain, L50, M|100\/100\n|switch|p1b: Torkoal|Torkoal, L50, F|100\/100\n|switch|p2a: Ride Cymbal|Grafaiai, L50, F|100\/100\n|switch|p2b: Snare|Charizard, L50, F|100\/100\n|-weather|SunnyDay|[from] ability: Drought|[of] p1b: Torkoal\n|turn|1\n|c|\u2606tmad1025|stfu big bitch\n|c|\u2606KyanJ|bruh\n|c|\u2606tmad1025|yes desu\n|c|\u2606KyanJ|i have solar power\n|inactive|tmad1025 has 30 seconds left.\n|inactive|KyanJ has 30 seconds left.\n|inactive|KyanJ has 20 seconds left.\n|c|\u2606tmad1025|ohhhhh kiss me\n|inactive|KyanJ has 15 seconds left.\n|\n|t:|1701016557\n|move|p1a: Scovillain|Growth|p1a: Scovillain\n|-boost|p1a: Scovillain|atk|2\n|-boost|p1a: Scovillain|spa|2\n|move|p2b: Snare|Belly Drum|p2b: Snare\n|-damage|p2b: Snare|50\/100\n|-setboost|p2b: Snare|atk|6|[from] move: Belly Drum\n|-enditem|p2b: Snare|Sitrus Berry|[eat]\n|-heal|p2b: Snare|75\/100|[from] item: Sitrus Berry\n|move|p2a: Ride Cymbal|Gunk Shot|p1a: Scovillain\n|-supereffective|p1a: Scovillain\n|-enditem|p1a: Scovillain|Focus Sash\n|-damage|p1a: Scovillain|1\/100\n|move|p1b: Torkoal|Eruption|p2a: Ride Cymbal|[spread] p2a,p2b\n|-resisted|p2b: Snare\n|-damage|p2a: Ride Cymbal|0 fnt\n|-damage|p2b: Snare|30\/100\n|faint|p2a: Ride Cymbal\n|\n|-weather|SunnyDay|[upkeep]\n|-damage|p2b: Snare|17\/100|[from] ability: Solar Power|[of] p2b: Snare\n|upkeep\n|\n|t:|1701016576\n|switch|p2a: Tom|Flamigo, L50, M|100\/100\n|-copyboost|p2a: Tom|p2b: Snare|[from] ability: Costar\n|turn|2\n|inactive|tmad1025 has 30 seconds left.\n|\n|t:|1701016603\n|move|p2a: Tom|Wide Guard|p2a: Tom\n|-singleturn|p2a: Tom|Wide Guard\n|move|p1a: Scovillain|Burning Jealousy|p2b: Snare|[spread] \n|-activate|p2a: Tom|move: Wide Guard\n|-activate|p2b: Snare|move: Wide Guard\n|move|p2b: Snare|Flame Charge|p1a: Scovillain\n|-damage|p1a: Scovillain|0 fnt\n|-boost|p2b: Snare|spe|1\n|faint|p1a: Scovillain\n|move|p1b: Torkoal|Eruption|p2b: Snare|[spread] \n|-activate|p2a: Tom|move: Wide Guard\n|-activate|p2b: Snare|move: Wide Guard\n|\n|-weather|SunnyDay|[upkeep]\n|-damage|p2b: Snare|5\/100|[from] ability: Solar Power|[of] p2b: Snare\n|upkeep\n|\n|t:|1701016628\n|switch|p1a: Rillaboom|Rillaboom, L50, M|100\/100\n|-fieldstart|move: Grassy Terrain|[from] ability: Grassy Surge|[of] p1a: Rillaboom\n|-enditem|p1a: Rillaboom|Grassy Seed\n|-boost|p1a: Rillaboom|def|1|[from] item: Grassy Seed\n|turn|3\n|inactive|tmad1025 has 30 seconds left.\n|inactive|KyanJ has 30 seconds left.\n|\n|t:|1701016661\n|move|p1a: Rillaboom|Fake Out|p2b: Snare\n|-damage|p2b: Snare|0 fnt\n|faint|p2b: Snare\n|move|p2a: Tom|Brave Bird|p1b: Torkoal\n|-damage|p1b: Torkoal|0 fnt\n|faint|p1b: Torkoal\n|-damage|p2a: Tom|70\/100|[from] Recoil\n|\n|-weather|SunnyDay|[upkeep]\n|upkeep\n|\n|t:|1701016670\n|switch|p2b: Crash Cymbal|Flutter Mane, L50|100\/100\n|switch|p1b: Lurantis|Lurantis, L50, M|100\/100\n|-activate|p2b: Crash Cymbal|ability: Protosynthesis\n|-start|p2b: Crash Cymbal|protosynthesisspe\n|turn|4\n|inactive|tmad1025 has 30 seconds left.\n|c|\u2606KyanJ|ur timer not mine\n|inactive|tmad1025 has 20 seconds left.\n|inactive|tmad1025 has 15 seconds left.\n|inactive|tmad1025 has 10 seconds left.\n|inactive|tmad1025 has 5 seconds left.\n|\n|t:|1701016723\n|-terastallize|p1b: Lurantis|Rock\n|move|p1a: Rillaboom|Grassy Glide|p2b: Crash Cymbal\n|-damage|p2b: Crash Cymbal|24\/100\n|move|p2b: Crash Cymbal|Dazzling Gleam|p1a: Rillaboom|[spread] p1a,p1b\n|-damage|p1a: Rillaboom|59\/100\n|-damage|p1b: Lurantis|80\/100\n|move|p2a: Tom|Brave Bird|p1a: Rillaboom\n|-supereffective|p1a: Rillaboom\n|-damage|p1a: Rillaboom|0 fnt\n|faint|p1a: Rillaboom\n|-damage|p2a: Tom|52\/100|[from] Recoil\n|move|p1b: Lurantis|Leaf Storm|p2a: Tom\n|-resisted|p2a: Tom\n|-damage|p2a: Tom|31\/100\n|-boost|p1b: Lurantis|spa|2\n|\n|-weather|SunnyDay|[upkeep]\n|-heal|p2b: Crash Cymbal|30\/100|[from] Grassy Terrain\n|-heal|p1b: Lurantis|86\/100|[from] Grassy Terrain\n|upkeep\n|turn|5\n|inactive|tmad1025 has 30 seconds left.\n|inactive|KyanJ has 30 seconds left.\n|-message|tmad1025 forfeited.\n|\n|win|KyanJ\n|raw|tmad1025's rating: 1100 &rarr; <strong>1070<\/strong><br \/>(-30 for losing)\n|raw|KyanJ's rating: 1025 &rarr; <strong>1069<\/strong><br \/>(+44 for winning)\n","uploadtime":1701016527,"views":1,"p1id":"tmad1025","p2id":"kyanj","formatid":"gen9vgc2023regulatione","rating":1069,"private":0,"password":""}