{"id":"gen9vgc2023regulatione-1992541992","p1":"MCsquidzy","p2":"SaacLxnch","format":"[Gen 9] VGC 2023 Regulation E","log":"|j|\u2606MCsquidzy\n|j|\u2606SaacLxnch\n|t:|1700202509\n|gametype|doubles\n|player|p1|MCsquidzy|wattson|1160\n|player|p2|SaacLxnch|acetrainer-gen4|1234\n|teamsize|p1|6\n|teamsize|p2|6\n|gen|9\n|tier|[Gen 9] VGC 2023 Regulation E\n|rated|\n|rule|Species Clause: Limit one of each Pok\u00e9mon\n|rule|Item Clause: Limit one of each item\n|clearpoke\n|poke|p1|Milotic, L50, F|\n|poke|p1|Urshifu-*, L50, M|\n|poke|p1|Farigiraf, L50, F|\n|poke|p1|Landorus-Therian, L50, M|\n|poke|p1|Rillaboom, L50, M|\n|poke|p1|Flutter Mane, L50|\n|poke|p2|Landorus, L50, M|\n|poke|p2|Arcanine-Hisui, L50, M|\n|poke|p2|Gholdengo, L50|\n|poke|p2|Ogerpon-Wellspring, L50, F|\n|poke|p2|Roaring Moon, L50|\n|poke|p2|Iron Hands, L50|\n|teampreview|4\n|inactive|Battle timer is ON: inactive players will automatically lose when time's up. (requested by MCsquidzy)\n|inactive|SaacLxnch has 60 seconds left.\n|\n|t:|1700202654\n|start\n|switch|p1a: Landorus|Landorus-Therian, L50, M|100\/100\n|switch|p1b: Flutter Mane|Flutter Mane, L50, shiny|100\/100\n|switch|p2a: Roaring Moon|Roaring Moon, L50|100\/100\n|switch|p2b: Ogerpon|Ogerpon-Wellspring, L50, F|100\/100\n|-ability|p1a: Landorus|Intimidate|boost\n|-unboost|p2a: Roaring Moon|atk|1\n|-unboost|p2b: Ogerpon|atk|1\n|-enditem|p1b: Flutter Mane|Booster Energy\n|-activate|p1b: Flutter Mane|ability: Protosynthesis|[fromitem]\n|-start|p1b: Flutter Mane|protosynthesisspe\n|-enditem|p2a: Roaring Moon|Booster Energy\n|-activate|p2a: Roaring Moon|ability: Protosynthesis|[fromitem]\n|-start|p2a: Roaring Moon|protosynthesisspe\n|turn|1\n|inactive|MCsquidzy has 30 seconds left.\n|inactive|SaacLxnch has 30 seconds left.\n|inactive|MCsquidzy has 20 seconds left.\n|inactive|SaacLxnch has 20 seconds left.\n|inactive|MCsquidzy has 15 seconds left.\n|\n|t:|1700202698\n|move|p2a: Roaring Moon|Protect|p2a: Roaring Moon\n|-singleturn|p2a: Roaring Moon|Protect\n|move|p2b: Ogerpon|Spiky Shield|p2b: Ogerpon\n|-singleturn|p2b: Ogerpon|move: Protect\n|move|p1b: Flutter Mane|Icy Wind|p2b: Ogerpon|[spread] \n|-activate|p2a: Roaring Moon|move: Protect\n|-activate|p2b: Ogerpon|move: Protect\n|move|p1a: Landorus|U-turn|p2a: Roaring Moon\n|-activate|p2a: Roaring Moon|move: Protect\n|\n|upkeep\n|turn|2\n|inactive|SaacLxnch has 30 seconds left.\n|inactive|SaacLxnch has 20 seconds left.\n|inactive|SaacLxnch has 15 seconds left.\n|\n|t:|1700202742\n|-terastallize|p2a: Roaring Moon|Poison\n|move|p1b: Flutter Mane|Moonblast|p2a: Roaring Moon\n|-resisted|p2a: Roaring Moon\n|-damage|p2a: Roaring Moon|79\/100\n|move|p2a: Roaring Moon|Tailwind|p2a: Roaring Moon\n|-sidestart|p2: SaacLxnch|move: Tailwind\n|move|p2b: Ogerpon|Ivy Cudgel|p1b: Flutter Mane|[anim] Ivy Cudgel Water\n|-damage|p1b: Flutter Mane|43\/100\n|move|p1a: Landorus|U-turn|p2b: Ogerpon\n|-supereffective|p2b: Ogerpon\n|-damage|p2b: Ogerpon|43\/100\n|\n|t:|1700202754\n|switch|p1a: Farigiraf|Farigiraf, L50, F|100\/100|[from] U-turn\n|\n|upkeep\n|turn|3\n|inactive|SaacLxnch has 30 seconds left.\n|inactive|SaacLxnch has 20 seconds left.\n|inactive|SaacLxnch has 15 seconds left.\n|\n|t:|1700202797\n|-end|p2a: Roaring Moon|Protosynthesis|[silent]\n|switch|p2a: Gholdengo|Gholdengo, L50|100\/100\n|-end|p1b: Flutter Mane|Protosynthesis|[silent]\n|switch|p1b: Landorus|Landorus-Therian, L50, M|100\/100\n|-ability|p1b: Landorus|Intimidate|boost\n|-unboost|p2a: Gholdengo|atk|1\n|-unboost|p2b: Ogerpon|atk|1\n|-terastallize|p1a: Farigiraf|Fairy\n|move|p2b: Ogerpon|Horn Leech|p1b: Landorus\n|-damage|p1b: Landorus|78\/100\n|-heal|p2b: Ogerpon|53\/100|[from] drain|[of] p1b: Landorus\n|move|p1a: Farigiraf|Trick Room|p1a: Farigiraf\n|-fieldstart|move: Trick Room|[of] p1a: Farigiraf\n|\n|upkeep\n|turn|4\n|inactive|SaacLxnch has 30 seconds left.\n|inactive|SaacLxnch has 20 seconds left.\n|inactive|SaacLxnch has 15 seconds left.\n|inactive|SaacLxnch has 10 seconds left.\n|inactive|SaacLxnch has 5 seconds left.\n|\n|t:|1700202851\n|switch|p2b: Landorus|Landorus, L50, M|100\/100\n|move|p2a: Gholdengo|Protect|p2a: Gholdengo\n|-singleturn|p2a: Gholdengo|Protect\n|move|p1a: Farigiraf|Nasty Plot|p1a: Farigiraf\n|-boost|p1a: Farigiraf|spa|2\n|move|p1b: Landorus|Stomping Tantrum|p2a: Gholdengo\n|-activate|p2a: Gholdengo|move: Protect\n|\n|upkeep\n|turn|5\n|inactive|SaacLxnch has 30 seconds left.\n|\n|t:|1700202883\n|switch|p2a: Ogerpon|Ogerpon-Wellspring, L50, F|53\/100\n|move|p2b: Landorus|Protect|p2b: Landorus\n|-singleturn|p2b: Landorus|Protect\n|move|p1a: Farigiraf|Psychic|p2b: Landorus\n|-activate|p2b: Landorus|move: Protect\n|move|p1b: Landorus|Stomping Tantrum|p2a: Ogerpon\n|-resisted|p2a: Ogerpon\n|-damage|p2a: Ogerpon|33\/100\n|\n|-sideend|p2: SaacLxnch|move: Tailwind\n|upkeep\n|turn|6\n|\n|t:|1700202896\n|switch|p1b: Rillaboom|Rillaboom, L50, M|100\/100\n|-fieldstart|move: Grassy Terrain|[from] ability: Grassy Surge|[of] p1b: Rillaboom\n|move|p2a: Ogerpon|Follow Me|p2a: Ogerpon\n|-singleturn|p2a: Ogerpon|move: Follow Me\n|move|p1a: Farigiraf|Psychic|p2a: Ogerpon\n|-damage|p2a: Ogerpon|0 fnt\n|faint|p2a: Ogerpon\n|move|p2b: Landorus|Calm Mind|p2b: Landorus\n|-boost|p2b: Landorus|spa|1\n|-boost|p2b: Landorus|spd|1\n|\n|upkeep\n|inactive|SaacLxnch has 30 seconds left.\n|\n|t:|1700202923\n|switch|p2a: Gholdengo|Gholdengo, L50|100\/100\n|turn|7\n|\n|t:|1700202947\n|move|p2b: Landorus|Protect|p2b: Landorus\n|-singleturn|p2b: Landorus|Protect\n|move|p1a: Farigiraf|Psychic|p2a: Gholdengo\n|-resisted|p2a: Gholdengo\n|-damage|p2a: Gholdengo|64\/100\n|move|p1b: Rillaboom|High Horsepower|p2a: Gholdengo\n|-supereffective|p2a: Gholdengo\n|-damage|p2a: Gholdengo|0 fnt\n|faint|p2a: Gholdengo\n|\n|-fieldend|move: Trick Room\n|upkeep\n|\n|t:|1700202956\n|switch|p2a: Roaring Moon|Roaring Moon, L50, tera:Poison|79\/100\n|turn|8\n|\n|t:|1700202975\n|move|p2a: Roaring Moon|Protect|p2a: Roaring Moon\n|-singleturn|p2a: Roaring Moon|Protect\n|move|p2b: Landorus|Sludge Bomb|p1a: Farigiraf\n|-supereffective|p1a: Farigiraf\n|-damage|p1a: Farigiraf|0 fnt\n|faint|p1a: Farigiraf\n|move|p1b: Rillaboom|Wood Hammer|p2b: Landorus\n|-damage|p2b: Landorus|0 fnt\n|faint|p2b: Landorus\n|-damage|p1b: Rillaboom|70\/100|[from] Recoil\n|\n|-heal|p2a: Roaring Moon|85\/100|[from] Grassy Terrain\n|-heal|p1b: Rillaboom|77\/100|[from] Grassy Terrain\n|upkeep\n|\n|t:|1700202985\n|switch|p1a: Landorus|Landorus-Therian, L50, M|78\/100\n|-ability|p1a: Landorus|Intimidate|boost\n|-unboost|p2a: Roaring Moon|atk|1\n|turn|9\n|\n|t:|1700202991\n|move|p1a: Landorus|Stomping Tantrum|p2a: Roaring Moon\n|-supereffective|p2a: Roaring Moon\n|-damage|p2a: Roaring Moon|0 fnt\n|faint|p2a: Roaring Moon\n|-end|p2a: Roaring Moon|Protosynthesis|[silent]\n|\n|win|MCsquidzy\n|raw|MCsquidzy's rating: 1160 &rarr; <strong>1190<\/strong><br \/>(+30 for winning)\n|raw|SaacLxnch's rating: 1234 &rarr; <strong>1204<\/strong><br \/>(-30 for losing)\n|l|\u2606MCsquidzy\n","uploadtime":1700203000,"views":14,"p1id":"mcsquidzy","p2id":"saaclxnch","formatid":"gen9vgc2023regulatione","rating":1190,"private":0,"password":""}