{"id":"gen9vgc2023regulatione-1988403137","p1":"Dumdunsparce","p2":"pulupulupulupu","format":"[Gen 9] VGC 2023 Regulation E","log":"|j|\u2606Dumdunsparce\n|j|\u2606pulupulupulupu\n|t:|1699719063\n|gametype|doubles\n|player|p1|Dumdunsparce|harlequin|1342\n|player|p2|pulupulupulupu|swimmerf-gen4|1317\n|teamsize|p1|6\n|teamsize|p2|6\n|gen|9\n|tier|[Gen 9] VGC 2023 Regulation E\n|rated|\n|rule|Species Clause: Limit one of each Pok\u00e9mon\n|rule|Item Clause: Limit one of each item\n|clearpoke\n|poke|p1|Zapdos-Galar, L50|\n|poke|p1|Chien-Pao, L50|\n|poke|p1|Arcanine-Hisui, L50, F|\n|poke|p1|Amoonguss, L50, F|\n|poke|p1|Roaring Moon, L50|\n|poke|p1|Bruxish, L50, F|\n|poke|p2|Heatran, L50, F|\n|poke|p2|Maushold, L50|\n|poke|p2|Kingambit, L50, M|\n|poke|p2|Iron Hands, L50|\n|poke|p2|Bruxish, L50, F|\n|poke|p2|Landorus, L50, M|\n|teampreview|4\n|inactive|Battle timer is ON: inactive players will automatically lose when time's up. (requested by pulupulupulupu)\n|\n|t:|1699719110\n|start\n|switch|p1a: Zapdos|Zapdos-Galar, L50|100\/100\n|switch|p1b: Arcanine|Arcanine-Hisui, L50, F|100\/100\n|switch|p2a: Heatran|Heatran, L50, F|100\/100\n|switch|p2b: Maushold|Maushold, L50, shiny|100\/100\n|-ability|p1b: Arcanine|Intimidate|boost\n|-unboost|p2a: Heatran|atk|1\n|-unboost|p2b: Maushold|atk|1\n|turn|1\n|\n|t:|1699719133\n|move|p1a: Zapdos|Thunderous Kick|p2a: Heatran\n|-supereffective|p2a: Heatran\n|-damage|p2a: Heatran|15\/100\n|-unboost|p2a: Heatran|def|1\n|move|p2b: Maushold|Population Bomb|p1a: Zapdos\n|-damage|p1a: Zapdos|91\/100\n|-damage|p1a: Zapdos|81\/100\n|-damage|p1a: Zapdos|72\/100\n|-damage|p1a: Zapdos|63\/100\n|-damage|p1a: Zapdos|54\/100\n|-crit|p1a: Zapdos\n|-damage|p1a: Zapdos|33\/100\n|-damage|p1a: Zapdos|24\/100\n|-damage|p1a: Zapdos|15\/100\n|-damage|p1a: Zapdos|6\/100\n|-damage|p1a: Zapdos|0 fnt\n|faint|p1a: Zapdos\n|-hitcount|p1: Zapdos|10\n|move|p1b: Arcanine|Rock Slide|p2a: Heatran|[spread] p2a,p2b\n|-damage|p2a: Heatran|0 fnt\n|-damage|p2b: Maushold|34\/100\n|faint|p2a: Heatran\n|\n|upkeep\n|inactive|Dumdunsparce has 30 seconds left.\n|\n|t:|1699719159\n|switch|p1a: Bruxish|Bruxish, L50, F|100\/100\n|switch|p2a: Bruxish|Bruxish, L50, F, shiny|100\/100\n|turn|2\n|\n|t:|1699719176\n|-terastallize|p1b: Arcanine|Normal\n|move|p2b: Maushold|Protect|p2b: Maushold\n|-singleturn|p2b: Maushold|Protect\n|move|p1a: Bruxish|Protect|p1a: Bruxish\n|-singleturn|p1a: Bruxish|Protect\n|move|p2a: Bruxish|Wave Crash|p1b: Arcanine\n|-damage|p1b: Arcanine|33\/100\n|-damage|p2a: Bruxish|73\/100|[from] Recoil\n|move|p1b: Arcanine|Rock Slide|p2b: Maushold|[spread] \n|-activate|p2b: Maushold|move: Protect\n|-miss|p1b: Arcanine|p2a: Bruxish\n|\n|upkeep\n|turn|3\n|inactive|Dumdunsparce has 30 seconds left.\n|\n|t:|1699719205\n|switch|p2b: Iron Hands|Iron Hands, L50|100\/100\n|move|p2a: Bruxish|Wave Crash|p1b: Arcanine\n|-damage|p1b: Arcanine|0 fnt\n|faint|p1b: Arcanine\n|-damage|p2a: Bruxish|59\/100|[from] Recoil\n|move|p1a: Bruxish|Wave Crash|p2b: Iron Hands\n|-damage|p2b: Iron Hands|50\/100\n|-damage|p1a: Bruxish|74\/100|[from] Recoil\n|-damage|p1a: Bruxish|64\/100|[from] item: Life Orb\n|\n|upkeep\n|\n|t:|1699719218\n|switch|p1b: Amoonguss|Amoonguss, L50, F|100\/100\n|turn|4\n|\n|t:|1699719239\n|switch|p2a: Maushold|Maushold, L50, shiny|34\/100\n|-terastallize|p2b: Iron Hands|Grass\n|move|p2b: Iron Hands|Fake Out||[still]\n|cant|p1a: Bruxish|ability: Dazzling|Fake Out|[of] p2b: Iron Hands\n|move|p1a: Bruxish|Psychic Fangs|p2b: Iron Hands\n|-damage|p2b: Iron Hands|17\/100\n|-damage|p1a: Bruxish|55\/100|[from] item: Life Orb\n|move|p1b: Amoonguss|Spore|p2a: Maushold\n|-status|p2a: Maushold|slp|[from] move: Spore\n|\n|upkeep\n|turn|5\n|inactive|Dumdunsparce has 30 seconds left.\n|\n|t:|1699719266\n|-end|p2b: Iron Hands|Quark Drive|[silent]\n|switch|p2b: Bruxish|Bruxish, L50, F, shiny|59\/100\n|cant|p2a: Maushold|slp\n|move|p1a: Bruxish|Psychic Fangs|p2b: Bruxish\n|-resisted|p2b: Bruxish\n|-damage|p2b: Bruxish|16\/100\n|-damage|p1a: Bruxish|45\/100|[from] item: Life Orb\n|move|p1b: Amoonguss|Pollen Puff|p2a: Maushold\n|-damage|p2a: Maushold|6\/100 slp\n|\n|upkeep\n|turn|6\n|inactive|Dumdunsparce has 30 seconds left.\n|\n|t:|1699719292\n|move|p1a: Bruxish|Protect|p1a: Bruxish\n|-singleturn|p1a: Bruxish|Protect\n|move|p2b: Bruxish|Wave Crash|p1a: Bruxish\n|-activate|p1a: Bruxish|move: Protect\n|cant|p2a: Maushold|slp\n|move|p1b: Amoonguss|Pollen Puff|p2a: Maushold\n|-damage|p2a: Maushold|0 fnt\n|faint|p2a: Maushold\n|\n|upkeep\n|\n|t:|1699719296\n|switch|p2a: Iron Hands|Iron Hands, L50, tera:Grass|17\/100\n|turn|7\n|\n|t:|1699719313\n|move|p2a: Iron Hands|Fake Out||[still]\n|cant|p1a: Bruxish|ability: Dazzling|Fake Out|[of] p2a: Iron Hands\n|move|p2b: Bruxish|Wave Crash|p1a: Bruxish\n|-resisted|p1a: Bruxish\n|-damage|p1a: Bruxish|0 fnt\n|faint|p1a: Bruxish\n|-damage|p2b: Bruxish|0 fnt|[from] Recoil\n|faint|p2b: Bruxish\n|move|p1b: Amoonguss|Pollen Puff|p2a: Iron Hands\n|-supereffective|p2a: Iron Hands\n|-damage|p2a: Iron Hands|0 fnt\n|faint|p2a: Iron Hands\n|-end|p2a: Iron Hands|Quark Drive|[silent]\n|\n|win|Dumdunsparce\n|raw|Dumdunsparce's rating: 1342 &rarr; <strong>1361<\/strong><br \/>(+19 for winning)\n|raw|pulupulupulupu's rating: 1317 &rarr; <strong>1298<\/strong><br \/>(-19 for losing)\n|l|\u2606pulupulupulupu\n","uploadtime":1699719326,"views":36,"p1id":"dumdunsparce","p2id":"pulupulupulupu","formatid":"gen9vgc2023regulatione","rating":1298,"private":0,"password":""}