{"id":"gen9vgc2023regulatione-1998297066","p1":"kaimih_li","p2":"Zemigas2004","format":"[Gen 9] VGC 2023 Regulation E","log":"|j|\u2606kaimih_li\n|j|\u2606Zemigas2004\n|t:|1700926223\n|gametype|doubles\n|player|p1|kaimih_li|265|1143\n|player|p2|Zemigas2004|ethan|1231\n|teamsize|p1|6\n|teamsize|p2|6\n|gen|9\n|tier|[Gen 9] VGC 2023 Regulation E\n|rated|\n|rule|Species Clause: Limit one of each Pok\u00e9mon\n|rule|Item Clause: Limit one of each item\n|clearpoke\n|poke|p1|Urshifu-*, L50, F|\n|poke|p1|Amoonguss, L50, M|\n|poke|p1|Flutter Mane, L50|\n|poke|p1|Heatran, L50, F|\n|poke|p1|Chien-Pao, L50|\n|poke|p1|Landorus-Therian, L50, M|\n|poke|p2|Thundurus, L50, M|\n|poke|p2|Amoonguss, L50, F|\n|poke|p2|Volcarona, L50, M|\n|poke|p2|Enamorus, L50, F|\n|poke|p2|Garchomp, L50, F|\n|poke|p2|Chien-Pao, L50|\n|teampreview|4\n|inactive|Battle timer is ON: inactive players will automatically lose when time's up. (requested by Zemigas2004)\n|inactive|kaimih_li has 60 seconds left.\n|inactive|Zemigas2004 has 60 seconds left.\n|\n|t:|1700926263\n|start\n|switch|p1a: Landorus|Landorus-Therian, L50, M|100\/100\n|switch|p1b: Amoonguss|Amoonguss, L50, M|100\/100\n|switch|p2a: Thundurus|Thundurus, L50, M|100\/100\n|switch|p2b: Garchomp|Garchomp, L50, F|100\/100\n|-ability|p1a: Landorus|Intimidate|boost\n|-unboost|p2a: Thundurus|atk|1\n|-fail|p2b: Garchomp|unboost|[from] item: Clear Amulet|[of] p2b: Garchomp\n|turn|1\n|inactive|kaimih_li has 30 seconds left.\n|inactive|kaimih_li has 20 seconds left.\n|\n|t:|1700926301\n|move|p2b: Garchomp|Protect|p2b: Garchomp\n|-singleturn|p2b: Garchomp|Protect\n|move|p2a: Thundurus|Scary Face|p1a: Landorus\n|-unboost|p1a: Landorus|spe|2\n|move|p1a: Landorus|U-turn|p2b: Garchomp\n|-activate|p2b: Garchomp|move: Protect\n|move|p1b: Amoonguss|Spore|p2b: Garchomp\n|-activate|p2b: Garchomp|move: Protect\n|\n|upkeep\n|turn|2\n|inactive|Zemigas2004 has 30 seconds left.\n|inactive|Zemigas2004 has 20 seconds left.\n|inactive|Zemigas2004 has 15 seconds left.\n|inactive|Zemigas2004 has 10 seconds left.\n|\n|t:|1700926347\n|move|p1b: Amoonguss|Protect|p1b: Amoonguss\n|-singleturn|p1b: Amoonguss|Protect\n|move|p2a: Thundurus|Wildbolt Storm|p1b: Amoonguss|[spread] \n|-activate|p1b: Amoonguss|move: Protect\n|-immune|p1a: Landorus\n|move|p2b: Garchomp|Earthquake|p1b: Amoonguss|[spread] \n|-activate|p1b: Amoonguss|move: Protect\n|-immune|p2a: Thundurus\n|-immune|p1a: Landorus\n|move|p1a: Landorus|U-turn|p2b: Garchomp\n|-damage|p2b: Garchomp|78\/100\n|-damage|p1a: Landorus|88\/100|[from] ability: Rough Skin|[of] p2b: Garchomp\n|\n|t:|1700926363\n|switch|p1a: Flutter Mane|Flutter Mane, L50|100\/100|[from] U-turn\n|\n|upkeep\n|turn|3\n|inactive|kaimih_li has 30 seconds left.\n|inactive|Zemigas2004 has 30 seconds left.\n|\n|t:|1700926396\n|move|p2b: Garchomp|Protect|p2b: Garchomp\n|-singleturn|p2b: Garchomp|Protect\n|move|p1b: Amoonguss|Rage Powder|p1b: Amoonguss\n|-singleturn|p1b: Amoonguss|move: Rage Powder\n|move|p2a: Thundurus|Eerie Impulse|p1b: Amoonguss\n|-unboost|p1b: Amoonguss|spa|2\n|move|p1a: Flutter Mane|Thunderbolt|p2a: Thundurus\n|-damage|p2a: Thundurus|42\/100\n|\n|upkeep\n|turn|4\n|\n|t:|1700926420\n|-terastallize|p2b: Garchomp|Steel\n|move|p1a: Flutter Mane|Thunderbolt|p2a: Thundurus\n|-damage|p2a: Thundurus|0 fnt\n|faint|p2a: Thundurus\n|move|p2b: Garchomp|Earthquake|p1a: Flutter Mane|[spread] p1a,p1b\n|-damage|p1a: Flutter Mane|13\/100\n|-damage|p1b: Amoonguss|68\/100\n|move|p1b: Amoonguss|Spore|p2b: Garchomp\n|-status|p2b: Garchomp|slp|[from] move: Spore\n|\n|upkeep\n|\n|t:|1700926433\n|switch|p2a: Enamorus|Enamorus, L50, F|100\/100\n|turn|5\n|\n|t:|1700926451\n|move|p2a: Enamorus|Springtide Storm|p1b: Amoonguss|[spread] p1a,p1b\n|-resisted|p1b: Amoonguss\n|-damage|p1a: Flutter Mane|0 fnt\n|-damage|p1b: Amoonguss|48\/100\n|-unboost|p1b: Amoonguss|atk|1\n|faint|p1a: Flutter Mane\n|-end|p1a: Flutter Mane|Protosynthesis|[silent]\n|cant|p2b: Garchomp|slp\n|move|p1b: Amoonguss|Spore|p2a: Enamorus\n|-status|p2a: Enamorus|slp|[from] move: Spore\n|\n|upkeep\n|\n|t:|1700926464\n|switch|p1a: Landorus|Landorus-Therian, L50, M|88\/100\n|-ability|p1a: Landorus|Intimidate|boost\n|-boost|p2a: Enamorus|atk|1\n|-fail|p2b: Garchomp|unboost|[from] item: Clear Amulet|[of] p2b: Garchomp\n|turn|6\n|\n|t:|1700926482\n|switch|p1b: Urshifu|Urshifu-Rapid-Strike, L50, F|100\/100\n|cant|p2a: Enamorus|slp\n|move|p1a: Landorus|Stomping Tantrum|p2b: Garchomp\n|-supereffective|p2b: Garchomp\n|-damage|p2b: Garchomp|13\/100 slp\n|-damage|p1a: Landorus|76\/100|[from] ability: Rough Skin|[of] p2b: Garchomp\n|cant|p2b: Garchomp|slp\n|\n|upkeep\n|turn|7\n|\n|t:|1700926499\n|cant|p2a: Enamorus|slp\n|move|p1a: Landorus|Stomping Tantrum|p2b: Garchomp\n|-supereffective|p2b: Garchomp\n|-damage|p2b: Garchomp|0 fnt\n|-damage|p1a: Landorus|64\/100|[from] ability: Rough Skin|[of] p2b: Garchomp\n|faint|p2b: Garchomp\n|move|p1b: Urshifu|Surging Strikes|p2a: Enamorus\n|-crit|p2a: Enamorus\n|-damage|p2a: Enamorus|68\/100 slp\n|-crit|p2a: Enamorus\n|-damage|p2a: Enamorus|33\/100 slp\n|-crit|p2a: Enamorus\n|-damage|p2a: Enamorus|0 fnt\n|faint|p2a: Enamorus\n|-hitcount|p2: Enamorus|3\n|\n|upkeep\n|\n|t:|1700926518\n|switch|p2a: Chien-Pao|Chien-Pao, L50|100\/100\n|-ability|p2a: Chien-Pao|Sword of Ruin\n|turn|8\n|inactive|Zemigas2004 has 30 seconds left.\n|\n|t:|1700926547\n|move|p1a: Landorus|Stomping Tantrum|p2a: Chien-Pao\n|-damage|p2a: Chien-Pao|48\/100\n|move|p2a: Chien-Pao|Icicle Crash|p1b: Urshifu|[miss]\n|-miss|p2a: Chien-Pao|p1b: Urshifu\n|move|p1b: Urshifu|Close Combat|p2a: Chien-Pao\n|-supereffective|p2a: Chien-Pao\n|-damage|p2a: Chien-Pao|0 fnt\n|-unboost|p1b: Urshifu|def|1\n|-unboost|p1b: Urshifu|spd|1\n|faint|p2a: Chien-Pao\n|\n|win|kaimih_li\n|raw|kaimih_li's rating: 1143 &rarr; <strong>1174<\/strong><br \/>(+31 for winning)\n|raw|Zemigas2004's rating: 1231 &rarr; <strong>1200<\/strong><br \/>(-31 for losing)\n|l|\u2606kaimih_li\n","uploadtime":1700926566,"views":5,"p1id":"kaimihli","p2id":"zemigas2004","formatid":"gen9vgc2023regulatione","rating":1174,"private":0,"password":""}