{"id":"gen9vgc2023regulatione-1990716358","p1":"fdsafdsafdaf","p2":"MANUQUIN","format":"[Gen 9] VGC 2023 Regulation E","log":"|j|\u2606fdsafdsafdaf\n|j|\u2606MANUQUIN\n|t:|1699994307\n|gametype|doubles\n|player|p1|fdsafdsafdaf|beauty|1000\n|player|p2|MANUQUIN|265|1043\n|teamsize|p1|6\n|teamsize|p2|6\n|gen|9\n|tier|[Gen 9] VGC 2023 Regulation E\n|rated|\n|rule|Species Clause: Limit one of each Pok\u00e9mon\n|rule|Item Clause: Limit one of each item\n|clearpoke\n|poke|p1|Chien-Pao, L50|\n|poke|p1|Amoonguss, L50, F|\n|poke|p1|Hatterene, L50, F|\n|poke|p1|Gyarados, L50, M|\n|poke|p1|Volcarona, L50, M|\n|poke|p1|Ogerpon, L50, F|\n|poke|p2|Dondozo, L50, F|\n|poke|p2|Tatsugiri, L50, F|\n|poke|p2|Abomasnow, L50, M|\n|poke|p2|Garganacl, L50, F|\n|poke|p2|Flamigo, L50, M|\n|poke|p2|Amoonguss, L50, F|\n|teampreview|4\n|inactive|Battle timer is ON: inactive players will automatically lose when time's up. (requested by MANUQUIN)\n|inactive|fdsafdsafdaf has 60 seconds left.\n|\n|t:|1699994354\n|start\n|switch|p1a: Volcarona|Volcarona, L50, M|100\/100\n|switch|p1b: Ogerpon|Ogerpon, L50, F|100\/100\n|switch|p2a: Tatsugiri|Tatsugiri, L50, F|100\/100\n|switch|p2b: Garganacl|Garganacl, L50, F|100\/100\n|turn|1\n|\n|t:|1699994374\n|switch|p1a: Chien-Pao|Chien-Pao, L50|100\/100\n|-ability|p1a: Chien-Pao|Sword of Ruin\n|move|p1b: Ogerpon|Ivy Cudgel|p2b: Garganacl\n|-supereffective|p2b: Garganacl\n|-damage|p2b: Garganacl|10\/100\n|-damage|p1b: Ogerpon|91\/100|[from] item: Life Orb\n|move|p2a: Tatsugiri|Muddy Water|p1a: Chien-Pao|[spread] p1a,p1b\n|-resisted|p1b: Ogerpon\n|-crit|p1b: Ogerpon\n|-damage|p1a: Chien-Pao|40\/100\n|-damage|p1b: Ogerpon|57\/100\n|move|p2b: Garganacl|Salt Cure|p1a: Chien-Pao\n|-supereffective|p1a: Chien-Pao\n|-damage|p1a: Chien-Pao|0 fnt\n|faint|p1a: Chien-Pao\n|\n|-status|p2a: Tatsugiri|tox|[from] item: Toxic Orb\n|upkeep\n|\n|t:|1699994385\n|switch|p1a: Volcarona|Volcarona, L50, M|100\/100\n|turn|2\n|\n|t:|1699994409\n|move|p2a: Tatsugiri|Protect|p2a: Tatsugiri\n|-singleturn|p2a: Tatsugiri|Protect\n|move|p1b: Ogerpon|Follow Me|p1b: Ogerpon\n|-singleturn|p1b: Ogerpon|move: Follow Me\n|move|p1a: Volcarona|Quiver Dance|p1a: Volcarona\n|-boost|p1a: Volcarona|spa|1\n|-boost|p1a: Volcarona|spd|1\n|-boost|p1a: Volcarona|spe|1\n|move|p2b: Garganacl|Explosion|p1a: Volcarona|[spread] p1a,p1b\n|-activate|p2a: Tatsugiri|move: Protect\n|-damage|p1a: Volcarona|42\/100\n|-damage|p1b: Ogerpon|0 fnt\n|faint|p2b: Garganacl\n|faint|p1b: Ogerpon\n|\n|-heal|p1a: Volcarona|48\/100|[from] item: Leftovers\n|-damage|p2a: Tatsugiri|95\/100 tox|[from] psn\n|upkeep\n|\n|t:|1699994422\n|switch|p1b: Hatterene|Hatterene, L50, F|100\/100\n|switch|p2b: Dondozo|Dondozo, L50, F|100\/100\n|-activate|p2a: Tatsugiri|ability: Commander|[of] p2b: Dondozo\n|-boost|p2b: Dondozo|atk|2\n|-boost|p2b: Dondozo|spa|2\n|-boost|p2b: Dondozo|spe|2\n|-boost|p2b: Dondozo|def|2\n|-boost|p2b: Dondozo|spd|2\n|turn|3\n|inactive|fdsafdsafdaf has 30 seconds left.\n|\n|t:|1699994456\n|move|p1a: Volcarona|Protect|p1a: Volcarona\n|-singleturn|p1a: Volcarona|Protect\n|move|p2b: Dondozo|Liquidation|p1a: Volcarona\n|-activate|p1a: Volcarona|move: Protect\n|move|p1b: Hatterene|Trick Room|p1b: Hatterene\n|-fieldstart|move: Trick Room|[of] p1b: Hatterene\n|\n|-heal|p1a: Volcarona|54\/100|[from] item: Leftovers\n|-damage|p2a: Tatsugiri|84\/100 tox|[from] psn\n|upkeep\n|turn|4\n|inactive|MANUQUIN has 30 seconds left.\n|inactive|MANUQUIN has 20 seconds left.\n|inactive|MANUQUIN has 15 seconds left.\n|inactive|MANUQUIN has 10 seconds left.\n|inactive|MANUQUIN has 5 seconds left.\n|\n|t:|1699994511\n|-terastallize|p1a: Volcarona|Bug\n|move|p1b: Hatterene|Psychic|p2b: Dondozo\n|-damage|p2b: Dondozo|82\/100\n|move|p2b: Dondozo|Earthquake|p1a: Volcarona|[spread] p1a,p1b\n|-miss|p2b: Dondozo|p2a: Tatsugiri\n|-resisted|p1a: Volcarona\n|-damage|p1a: Volcarona|24\/100\n|-damage|p1b: Hatterene|49\/100\n|move|p1a: Volcarona|Giga Drain|p2b: Dondozo\n|-supereffective|p2b: Dondozo\n|-damage|p2b: Dondozo|58\/100\n|-heal|p1a: Volcarona|39\/100|[from] drain|[of] p2b: Dondozo\n|\n|-heal|p1a: Volcarona|45\/100|[from] item: Leftovers\n|-damage|p2a: Tatsugiri|67\/100 tox|[from] psn\n|upkeep\n|turn|5\n|inactive|MANUQUIN has 30 seconds left.\n|inactive|MANUQUIN has 20 seconds left.\n|\n|t:|1699994547\n|move|p1b: Hatterene|Psychic|p2b: Dondozo\n|-damage|p2b: Dondozo|40\/100\n|move|p2b: Dondozo|Earthquake|p1b: Hatterene|[spread] p1a,p1b\n|-miss|p2b: Dondozo|p2a: Tatsugiri\n|-resisted|p1a: Volcarona\n|-damage|p1a: Volcarona|17\/100\n|-damage|p1b: Hatterene|0 fnt\n|faint|p1b: Hatterene\n|move|p1a: Volcarona|Giga Drain|p2b: Dondozo\n|-supereffective|p2b: Dondozo\n|-damage|p2b: Dondozo|13\/100\n|-heal|p1a: Volcarona|34\/100|[from] drain|[of] p2b: Dondozo\n|\n|-heal|p1a: Volcarona|40\/100|[from] item: Leftovers\n|-damage|p2a: Tatsugiri|45\/100 tox|[from] psn\n|upkeep\n|turn|6\n|\n|t:|1699994562\n|move|p2b: Dondozo|Liquidation|p1a: Volcarona\n|-damage|p1a: Volcarona|0 fnt\n|faint|p1a: Volcarona\n|\n|win|MANUQUIN\n|raw|fdsafdsafdaf's rating: 1000 &rarr; <strong>1000<\/strong><br \/>(+0 for losing)\n|raw|MANUQUIN's rating: 1043 &rarr; <strong>1072<\/strong><br \/>(+29 for winning)\n","uploadtime":1699994568,"views":8,"p1id":"fdsafdsafdaf","p2id":"manuquin","formatid":"gen9vgc2023regulatione","rating":1000,"private":0,"password":""}