{"id":"gen9vgc2023regulatione-1989900610","p1":"Reg56","p2":"PokeLucho","format":"[Gen 9] VGC 2023 Regulation E","log":"|j|\u2606Reg56\n|j|\u2606PokeLucho\n|t:|1699905127\n|gametype|doubles\n|player|p1|Reg56|1|1505\n|player|p2|PokeLucho|gentleman-gen4dp|1430\n|teamsize|p1|6\n|teamsize|p2|6\n|gen|9\n|tier|[Gen 9] VGC 2023 Regulation E\n|rated|\n|rule|Species Clause: Limit one of each Pok\u00e9mon\n|rule|Item Clause: Limit one of each item\n|clearpoke\n|poke|p1|Sableye, L50, F|\n|poke|p1|Heatran, L50, F|\n|poke|p1|Ursaluna-Bloodmoon, L50, M|\n|poke|p1|Sylveon, L50, M|\n|poke|p1|Rillaboom, L50, M|\n|poke|p1|Landorus-Therian, L50, M|\n|poke|p2|Flutter Mane, L50|\n|poke|p2|Urshifu-*, L50, M|\n|poke|p2|Tornadus, L50, M|\n|poke|p2|Heatran, L50, F|\n|poke|p2|Dragonite, L50, M|\n|poke|p2|Sinistcha-Masterpiece, L50|\n|teampreview|4\n|\n|t:|1699905171\n|start\n|switch|p1a: Sylveon|Sylveon, L50, M|100\/100\n|switch|p1b: Sableye|Sableye, L50, F|100\/100\n|switch|p2a: Heatran|Heatran, L50, F|100\/100\n|switch|p2b: Sinistcha|Sinistcha-Masterpiece, L50|100\/100\n|turn|1\n|\n|t:|1699905194\n|move|p1b: Sableye|Fake Out|p2a: Heatran\n|-resisted|p2a: Heatran\n|-damage|p2a: Heatran|98\/100\n|cant|p2a: Heatran|flinch\n|move|p1a: Sylveon|Hyper Voice|p2a: Heatran|[spread] p2a,p2b\n|-resisted|p2a: Heatran\n|-damage|p2a: Heatran|89\/100\n|-damage|p2b: Sinistcha|60\/100\n|-enditem|p1a: Sylveon|Throat Spray\n|-boost|p1a: Sylveon|spa|1|[from] item: Throat Spray\n|move|p2b: Sinistcha|Trick Room|p2b: Sinistcha\n|-fieldstart|move: Trick Room|[of] p2b: Sinistcha\n|\n|upkeep\n|turn|2\n|\n|t:|1699905215\n|move|p1a: Sylveon|Protect|p1a: Sylveon\n|-singleturn|p1a: Sylveon|Protect\n|move|p1b: Sableye|Encore|p2b: Sinistcha\n|-start|p2b: Sinistcha|Encore\n|move|p2b: Sinistcha|Trick Room|p2b: Sinistcha\n|-fieldend|move: Trick Room\n|move|p2a: Heatran|Heat Wave|p1b: Sableye|[spread] p1b\n|-activate|p1a: Sylveon|move: Protect\n|-damage|p1b: Sableye|11\/100\n|-damage|p2a: Heatran|79\/100|[from] item: Life Orb\n|\n|upkeep\n|turn|3\n|\n|t:|1699905246\n|switch|p2b: Flutter Mane|Flutter Mane, L50|100\/100\n|move|p1b: Sableye|Will-O-Wisp|p2b: Flutter Mane\n|-status|p2b: Flutter Mane|brn\n|move|p2a: Heatran|Heat Wave|p1a: Sylveon|[spread] p1b\n|-miss|p2a: Heatran|p1a: Sylveon\n|-damage|p1b: Sableye|0 fnt\n|faint|p1b: Sableye\n|-damage|p2a: Heatran|70\/100|[from] item: Life Orb\n|move|p1a: Sylveon|Hyper Voice|p2b: Flutter Mane|[spread] p2a,p2b\n|-resisted|p2a: Heatran\n|-damage|p2a: Heatran|56\/100\n|-damage|p2b: Flutter Mane|45\/100 brn\n|\n|-damage|p2b: Flutter Mane|38\/100 brn|[from] brn\n|upkeep\n|\n|t:|1699905268\n|switch|p1b: Heatran|Heatran, L50, F|100\/100\n|turn|4\n|\n|t:|1699905287\n|-terastallize|p2a: Heatran|Fairy\n|move|p2b: Flutter Mane|Moonblast|p1a: Sylveon\n|-damage|p1a: Sylveon|42\/100\n|move|p2a: Heatran|Earth Power|p1a: Sylveon\n|-damage|p1a: Sylveon|9\/100\n|-damage|p2a: Heatran|46\/100|[from] item: Life Orb\n|move|p1b: Heatran|Earth Power|p2a: Heatran\n|-damage|p2a: Heatran|13\/100\n|move|p1a: Sylveon|Hyper Voice|p2b: Flutter Mane|[spread] p2a,p2b\n|-damage|p2a: Heatran|0 fnt\n|-damage|p2b: Flutter Mane|0 fnt\n|faint|p2a: Heatran\n|faint|p2b: Flutter Mane\n|-end|p2b: Flutter Mane|Protosynthesis|[silent]\n|\n|upkeep\n|\n|t:|1699905305\n|switch|p2b: Urshifu|Urshifu-Rapid-Strike, L50, M|100\/100\n|switch|p2a: Sinistcha|Sinistcha-Masterpiece, L50|60\/100\n|turn|5\n|\n|t:|1699905327\n|-terastallize|p1b: Heatran|Grass\n|move|p1a: Sylveon|Quick Attack|p2b: Urshifu\n|-supereffective|p2b: Urshifu\n|-damage|p2b: Urshifu|77\/100\n|move|p2b: Urshifu|Poison Jab|p1b: Heatran\n|-supereffective|p1b: Heatran\n|-damage|p1b: Heatran|24\/100\n|-status|p1b: Heatran|psn\n|-enditem|p1b: Heatran|Sitrus Berry|[eat]\n|-heal|p1b: Heatran|48\/100 psn|[from] item: Sitrus Berry\n|move|p1b: Heatran|Tera Blast|p2b: Urshifu|[anim] Tera Blast Grass\n|-supereffective|p2b: Urshifu\n|-damage|p2b: Urshifu|0 fnt\n|faint|p2b: Urshifu\n|move|p2a: Sinistcha|Matcha Gotcha|p1b: Heatran|[spread] p1a,p1b\n|-resisted|p1b: Heatran\n|-damage|p1a: Sylveon|0 fnt\n|-heal|p2a: Sinistcha|64\/100|[from] drain|[of] p1a: Sylveon\n|-damage|p1b: Heatran|37\/100 psn\n|-heal|p2a: Sinistcha|71\/100|[from] drain|[of] p1b: Heatran\n|faint|p1a: Sylveon\n|\n|-damage|p1b: Heatran|25\/100 psn|[from] psn\n|upkeep\n|\n|t:|1699905351\n|switch|p1a: Landorus|Landorus-Therian, L50, M|100\/100\n|-ability|p1a: Landorus|Intimidate|boost\n|-unboost|p2a: Sinistcha|atk|1\n|turn|6\n|\n|t:|1699905369\n|move|p1a: Landorus|Rock Slide|p2a: Sinistcha\n|-damage|p2a: Sinistcha|31\/100\n|move|p1b: Heatran|Heat Wave|p2a: Sinistcha\n|-supereffective|p2a: Sinistcha\n|-damage|p2a: Sinistcha|0 fnt\n|faint|p2a: Sinistcha\n|\n|win|Reg56\n|raw|Reg56's rating: 1505 &rarr; <strong>1521<\/strong><br \/>(+16 for winning)\n|raw|PokeLucho's rating: 1430 &rarr; <strong>1414<\/strong><br \/>(-16 for losing)\n","uploadtime":1699905381,"views":13,"p1id":"reg56","p2id":"pokelucho","formatid":"gen9vgc2023regulatione","rating":1414,"private":0,"password":""}