{"id":"gen9vgc2023regulatione-1990563448","p1":"TrainerDylan24","p2":"IgglyPuff3205","format":"[Gen 9] VGC 2023 Regulation E","log":"|j|\u2606TrainerDylan24\n|j|\u2606IgglyPuff3205\n|t:|1699981736\n|gametype|doubles\n|player|p1|TrainerDylan24|swimmerf|1138\n|player|p2|IgglyPuff3205|102|1136\n|teamsize|p1|6\n|teamsize|p2|6\n|gen|9\n|tier|[Gen 9] VGC 2023 Regulation E\n|rated|\n|rule|Species Clause: Limit one of each Pok\u00e9mon\n|rule|Item Clause: Limit one of each item\n|clearpoke\n|poke|p1|Maushold-Four, L50|\n|poke|p1|Politoed, L50, F|\n|poke|p1|Kilowattrel, L50, M|\n|poke|p1|Rillaboom, L50, M|\n|poke|p1|Forretress, L50, M|\n|poke|p1|Iron Bundle, L50|\n|poke|p2|Tornadus, L50, M|\n|poke|p2|Regidrago, L50|\n|poke|p2|Flutter Mane, L50|\n|poke|p2|Heatran, L50, M|\n|poke|p2|Urshifu-*, L50, M|\n|poke|p2|Farigiraf, L50, F|\n|teampreview|4\n|\n|t:|1699981772\n|start\n|switch|p1a: Kilowattrel|Kilowattrel, L50, M|100\/100\n|switch|p1b: Politoed|Politoed, L50, F|100\/100\n|switch|p2a: Tornadus|Tornadus, L50, M|100\/100\n|switch|p2b: Heatran|Heatran, L50, M|100\/100\n|-weather|RainDance|[from] ability: Drizzle|[of] p1b: Politoed\n|turn|1\n|\n|t:|1699981808\n|-terastallize|p2b: Heatran|Fairy\n|move|p2a: Tornadus|Tailwind|p2a: Tornadus\n|-sidestart|p2: IgglyPuff3205|move: Tailwind\n|move|p2b: Heatran|Earth Power|p1a: Kilowattrel\n|-immune|p1a: Kilowattrel\n|move|p1a: Kilowattrel|Thunder|p2a: Tornadus\n|-supereffective|p2a: Tornadus\n|-enditem|p2a: Tornadus|Focus Sash\n|-damage|p2a: Tornadus|1\/100\n|move|p1b: Politoed|Earth Power|p2b: Heatran\n|-damage|p2b: Heatran|63\/100\n|-damage|p1b: Politoed|91\/100|[from] item: Life Orb\n|\n|-weather|RainDance|[upkeep]\n|upkeep\n|turn|2\n|\n|t:|1699981830\n|move|p2a: Tornadus|Bleakwind Storm|p1b: Politoed|[spread] p1a,p1b\n|-resisted|p1a: Kilowattrel\n|-damage|p1a: Kilowattrel|64\/100\n|-damage|p1b: Politoed|52\/100\n|move|p2b: Heatran|Heat Wave|p1b: Politoed|[spread] p1a,p1b\n|-resisted|p1b: Politoed\n|-damage|p1a: Kilowattrel|15\/100\n|-damage|p1b: Politoed|38\/100\n|-damage|p2b: Heatran|53\/100|[from] item: Life Orb\n|move|p1a: Kilowattrel|Thunder|p2b: Heatran\n|-damage|p2b: Heatran|0 fnt\n|faint|p2b: Heatran\n|move|p1b: Politoed|Icy Wind|p2a: Tornadus\n|-supereffective|p2a: Tornadus\n|-damage|p2a: Tornadus|0 fnt\n|faint|p2a: Tornadus\n|-damage|p1b: Politoed|28\/100|[from] item: Life Orb\n|\n|-weather|RainDance|[upkeep]\n|upkeep\n|\n|t:|1699981847\n|switch|p2a: Regidrago|Regidrago, L50|100\/100\n|switch|p2b: Flutter Mane|Flutter Mane, L50|100\/100\n|-enditem|p2b: Flutter Mane|Booster Energy\n|-activate|p2b: Flutter Mane|ability: Protosynthesis|[fromitem]\n|-start|p2b: Flutter Mane|protosynthesisspa\n|turn|3\n|\n|t:|1699981859\n|move|p2b: Flutter Mane|Dazzling Gleam|p1a: Kilowattrel|[spread] p1a,p1b\n|-damage|p1a: Kilowattrel|0 fnt\n|-damage|p1b: Politoed|0 fnt\n|faint|p1a: Kilowattrel\n|faint|p1b: Politoed\n|move|p2a: Regidrago|Dragon Energy|p1: Kilowattrel|[notarget]\n|-fail|p2a: Regidrago\n|\n|-weather|RainDance|[upkeep]\n|upkeep\n|\n|t:|1699981863\n|switch|p1a: Rillaboom|Rillaboom, L50, M|100\/100\n|switch|p1b: Forretress|Forretress, L50, M|100\/100\n|-fieldstart|move: Grassy Terrain|[from] ability: Grassy Surge|[of] p1a: Rillaboom\n|turn|4\n|\n|t:|1699981885\n|move|p1a: Rillaboom|Fake Out|p2a: Regidrago\n|-damage|p2a: Regidrago|84\/100\n|move|p2b: Flutter Mane|Shadow Ball|p1a: Rillaboom\n|-damage|p1a: Rillaboom|19\/100\n|-unboost|p1a: Rillaboom|spd|1\n|cant|p2a: Regidrago|flinch\n|move|p1b: Forretress|Iron Head|p2b: Flutter Mane\n|-supereffective|p2b: Flutter Mane\n|-damage|p2b: Flutter Mane|0 fnt\n|faint|p2b: Flutter Mane\n|-end|p2b: Flutter Mane|Protosynthesis|[silent]\n|\n|-weather|RainDance|[upkeep]\n|-heal|p2a: Regidrago|90\/100|[from] Grassy Terrain\n|-heal|p1a: Rillaboom|25\/100|[from] Grassy Terrain\n|-sideend|p2: IgglyPuff3205|move: Tailwind\n|upkeep\n|turn|5\n|\n|t:|1699981914\n|move|p1a: Rillaboom|Grassy Glide|p2a: Regidrago\n|-resisted|p2a: Regidrago\n|-damage|p2a: Regidrago|66\/100\n|move|p2a: Regidrago|Dragon Energy|p1a: Rillaboom|[spread] p1a,p1b\n|-resisted|p1b: Forretress\n|-damage|p1a: Rillaboom|0 fnt\n|-damage|p1b: Forretress|47\/100\n|faint|p1a: Rillaboom\n|move|p1b: Forretress|Iron Defense|p1b: Forretress\n|-boost|p1b: Forretress|def|2\n|\n|-weather|none\n|-heal|p2a: Regidrago|73\/100|[from] Grassy Terrain\n|-heal|p1b: Forretress|53\/100|[from] Grassy Terrain\n|-heal|p1b: Forretress|59\/100|[from] item: Leftovers\n|upkeep\n|turn|6\n|\n|t:|1699981931\n|-terastallize|p1b: Forretress|Fighting\n|move|p2a: Regidrago|Earth Power|p1b: Forretress\n|-damage|p1b: Forretress|4\/100\n|move|p1b: Forretress|Body Press|p2a: Regidrago\n|-damage|p2a: Regidrago|0 fnt\n|faint|p2a: Regidrago\n|\n|win|TrainerDylan24\n|raw|TrainerDylan24's rating: 1138 &rarr; <strong>1163<\/strong><br \/>(+25 for winning)\n|raw|IgglyPuff3205's rating: 1136 &rarr; <strong>1111<\/strong><br \/>(-25 for losing)\n","uploadtime":1699981942,"views":10,"p1id":"trainerdylan24","p2id":"igglypuff3205","formatid":"gen9vgc2023regulatione","rating":1111,"private":0,"password":""}