{"id":"gen9vgc2023regulatione-1989761298","p1":"Ayresbrun","p2":"JIMJIM2000","format":"[Gen 9] VGC 2023 Regulation E","log":"|j|\u2606Ayresbrun\n|j|\u2606JIMJIM2000\n|t:|1699893503\n|gametype|doubles\n|player|p1|Ayresbrun|266|1155\n|player|p2|JIMJIM2000|1|1149\n|teamsize|p1|6\n|teamsize|p2|6\n|gen|9\n|tier|[Gen 9] VGC 2023 Regulation E\n|rated|\n|rule|Species Clause: Limit one of each Pok\u00e9mon\n|rule|Item Clause: Limit one of each item\n|clearpoke\n|poke|p1|Flutter Mane, L50|\n|poke|p1|Tornadus, L50, M|\n|poke|p1|Heatran, L50, F|\n|poke|p1|Rillaboom, L50, M|\n|poke|p1|Arcanine, L50, F|\n|poke|p1|Hydreigon, L50, M|\n|poke|p2|Clefairy, L50, F|\n|poke|p2|Cresselia, L50, F|\n|poke|p2|Ursaluna-Bloodmoon, L50, M|\n|poke|p2|Ogerpon-Wellspring, L50, F|\n|poke|p2|Volcarona, L50, F|\n|poke|p2|Sinistcha, L50|\n|teampreview|4\nAyresbrun has agreed to open team sheets.\n|inactive|Battle timer is ON: inactive players will automatically lose when time's up. (requested by Ayresbrun)\n|inactive|Ayresbrun has 60 seconds left.\n|inactive|JIMJIM2000 has 60 seconds left.\n|\n|t:|1699893573\n|start\n|switch|p1a: Rillaboom|Rillaboom, L50, M|100\/100\n|switch|p1b: Heatran|Heatran, L50, F|100\/100\n|switch|p2a: Cresselia|Cresselia, L50, F|100\/100\n|switch|p2b: Ursaluna|Ursaluna-Bloodmoon, L50, M|100\/100\n|-fieldstart|move: Grassy Terrain|[from] ability: Grassy Surge|[of] p1a: Rillaboom\n|turn|1\n|inactive|JIMJIM2000 has 30 seconds left.\n|inactive|JIMJIM2000 has 20 seconds left.\n|inactive|JIMJIM2000 has 15 seconds left.\n|inactive|JIMJIM2000 has 10 seconds left.\n|inactive|JIMJIM2000 has 5 seconds left.\n|\n|t:|1699893623\n|switch|p1b: Hydreigon|Hydreigon, L50, M|100\/100\n|-terastallize|p2b: Ursaluna|Fairy\n|move|p1a: Rillaboom|Fake Out|p2a: Cresselia\n|-damage|p2a: Cresselia|89\/100\n|move|p2b: Ursaluna|Earth Power|p1b: Hydreigon\n|-immune|p1b: Hydreigon|[from] ability: Levitate\n|move|p2a: Cresselia|Trick Room|p2a: Cresselia\n|-fieldstart|move: Trick Room|[of] p2a: Cresselia\n|\n|upkeep\n|turn|2\n|inactive|Ayresbrun has 30 seconds left.\n|inactive|Ayresbrun has 20 seconds left.\n|inactive|JIMJIM2000 has 30 seconds left.\n|\n|t:|1699893666\n|-terastallize|p1b: Hydreigon|Steel\n|move|p2b: Ursaluna|Hyper Voice|p1b: Hydreigon|[spread] p1a,p1b\n|-resisted|p1b: Hydreigon\n|-damage|p1a: Rillaboom|64\/100\n|-damage|p1b: Hydreigon|78\/100\n|move|p2a: Cresselia|Ice Beam|p1b: Hydreigon\n|-resisted|p1b: Hydreigon\n|-damage|p1b: Hydreigon|71\/100\n|move|p1a: Rillaboom|Wood Hammer|p2a: Cresselia\n|-damage|p2a: Cresselia|28\/100\n|-damage|p1a: Rillaboom|42\/100|[from] Recoil\n|move|p1b: Hydreigon|Dark Pulse|p2a: Cresselia\n|-supereffective|p2a: Cresselia\n|-damage|p2a: Cresselia|0 fnt\n|faint|p2a: Cresselia\n|\n|-heal|p1a: Rillaboom|47\/100|[from] Grassy Terrain\n|-heal|p1b: Hydreigon|77\/100|[from] item: Leftovers\n|upkeep\n|\n|t:|1699893673\n|switch|p2a: Clefairy|Clefairy, L50, F|100\/100\n|turn|3\n|inactive|Ayresbrun has 30 seconds left.\n|inactive|Ayresbrun has 20 seconds left.\n|inactive|Ayresbrun has 15 seconds left.\n|inactive|Ayresbrun has 10 seconds left.\n|inactive|Ayresbrun has 5 seconds left.\n|\n|t:|1699893727\n|move|p2a: Clefairy|Follow Me|p2a: Clefairy\n|-singleturn|p2a: Clefairy|move: Follow Me\n|move|p2b: Ursaluna|Hyper Voice|p1a: Rillaboom|[spread] p1a,p1b\n|-resisted|p1b: Hydreigon\n|-damage|p1a: Rillaboom|15\/100\n|-damage|p1b: Hydreigon|55\/100\n|move|p1a: Rillaboom|Wood Hammer|p2a: Clefairy\n|-damage|p2a: Clefairy|3\/100\n|-damage|p1a: Rillaboom|0 fnt|[from] Recoil\n|faint|p1a: Rillaboom\n|move|p1b: Hydreigon|Focus Energy|p1b: Hydreigon\n|-start|p1b: Hydreigon|move: Focus Energy\n|\n|-heal|p2a: Clefairy|9\/100|[from] Grassy Terrain\n|-heal|p1b: Hydreigon|61\/100|[from] item: Leftovers\n|upkeep\n|inactive|Ayresbrun has 30 seconds left.\n|\n|t:|1699893757\n|switch|p1a: Flutter Mane|Flutter Mane, L50|100\/100\n|turn|4\n|\n|t:|1699893768\n|move|p2a: Clefairy|Encore|p1b: Hydreigon\n|-start|p1b: Hydreigon|Encore\n|move|p2b: Ursaluna|Hyper Voice|p1b: Hydreigon|[spread] p1a,p1b\n|-resisted|p1b: Hydreigon\n|-damage|p1a: Flutter Mane|54\/100\n|-damage|p1b: Hydreigon|37\/100\n|move|p1b: Hydreigon|Focus Energy||[still]\n|-fail|p1b: Hydreigon\n|move|p1a: Flutter Mane|Dazzling Gleam|p2a: Clefairy|[spread] p2a,p2b\n|-damage|p2a: Clefairy|0 fnt\n|-damage|p2b: Ursaluna|60\/100\n|faint|p2a: Clefairy\n|\n|-heal|p2b: Ursaluna|66\/100|[from] Grassy Terrain\n|-heal|p1b: Hydreigon|43\/100|[from] item: Leftovers\n|-heal|p1a: Flutter Mane|59\/100|[from] Grassy Terrain\n|upkeep\n|\n|t:|1699893776\n|switch|p2a: Ogerpon|Ogerpon-Wellspring, L50, F|100\/100\n|turn|5\n|\n|t:|1699893789\n|move|p2b: Ursaluna|Blood Moon|p1b: Hydreigon\n|-resisted|p1b: Hydreigon\n|-damage|p1b: Hydreigon|1\/100\n|move|p1b: Hydreigon|Focus Energy||[still]\n|-fail|p1b: Hydreigon\n|move|p2a: Ogerpon|Throat Chop|p1a: Flutter Mane\n|-damage|p1a: Flutter Mane|7\/100\n|-start|p1a: Flutter Mane|Throat Chop|[silent]\n|move|p1a: Flutter Mane|Dazzling Gleam|p2b: Ursaluna|[spread] p2a,p2b\n|-damage|p2a: Ogerpon|50\/100\n|-damage|p2b: Ursaluna|13\/100\n|\n|-heal|p2b: Ursaluna|19\/100|[from] Grassy Terrain\n|-heal|p1b: Hydreigon|7\/100|[from] item: Leftovers\n|-heal|p2a: Ogerpon|55\/100|[from] Grassy Terrain\n|-heal|p1a: Flutter Mane|13\/100|[from] Grassy Terrain\n|-fieldend|move: Trick Room\n|-fieldend|move: Grassy Terrain\n|upkeep\n|turn|6\n|inactive|JIMJIM2000 has 30 seconds left.\n|inactive|JIMJIM2000 has 20 seconds left.\n|\n|t:|1699893825\n|move|p1a: Flutter Mane|Dazzling Gleam|p2b: Ursaluna|[spread] p2a,p2b\n|-damage|p2a: Ogerpon|1\/100\n|-damage|p2b: Ursaluna|0 fnt\n|faint|p2b: Ursaluna\n|move|p2a: Ogerpon|Horn Leech|p1b: Hydreigon\n|-resisted|p1b: Hydreigon\n|-damage|p1b: Hydreigon|0 fnt\n|-heal|p2a: Ogerpon|6\/100|[from] drain|[of] p1b: Hydreigon\n|faint|p1b: Hydreigon\n|\n|-end|p1a: Flutter Mane|Throat Chop|[silent]\n|upkeep\n|-message|JIMJIM2000 forfeited.\n|\n|win|Ayresbrun\n|raw|Ayresbrun's rating: 1155 &rarr; <strong>1180<\/strong><br \/>(+25 for winning)\n|raw|JIMJIM2000's rating: 1149 &rarr; <strong>1124<\/strong><br \/>(-25 for losing)\n|l|\u2606JIMJIM2000\n","uploadtime":1699893836,"views":11,"p1id":"ayresbrun","p2id":"jimjim2000","formatid":"gen9vgc2023regulatione","rating":1124,"private":0,"password":""}