{"id":"gen9vgc2023regulatione-1994381236","p1":"FortreeFlygonmen","p2":"Aox93","format":"[Gen 9] VGC 2023 Regulation E","log":"|j|\u2606FortreeFlygonmen\n|j|\u2606Aox93\n|n|\u2606FortreeFlygonmen|fortreeflygonmen\n|n|\u2606Aox93|aox93\n|html|View the match progress at <a href=\"\/game-bestof3-gen9vgc2023regulatione-1994381235\">game-bestof3-gen9vgc2023regulatione-1994381235<\/a>\n|t:|1700437411\n|gametype|doubles\n|player|p1|FortreeFlygonmen|sage|\n|player|p2|Aox93|cynthia-gen4|\n|teamsize|p1|6\n|teamsize|p2|6\n|gen|9\n|tier|[Gen 9] VGC 2023 Regulation E\n|rule|Species Clause: Limit one of each Pok\u00e9mon\n|rule|Item Clause: Limit one of each item\n|clearpoke\n|poke|p1|Iron Hands, L50|\n|poke|p1|Sinistcha, L50|\n|poke|p1|Tornadus, L50, M|\n|poke|p1|Basculegion-F, L50, F|\n|poke|p1|Stantler, L50, M|\n|poke|p1|Noivern, L50, M|\n|poke|p2|Torkoal, L50, F|\n|poke|p2|Lilligant-Hisui, L50, F|\n|poke|p2|Armarouge, L50, F|\n|poke|p2|Indeedee, L50, M|\n|poke|p2|Sneasler, L50, M|\n|poke|p2|Luxray, L50, F|\n|teampreview|4\n|c|\u2606FortreeFlygonmen|Care to grab replays? I'm on mobile and exiting the browser messes everything up\nFortreeFlygonmen has agreed to open team sheets.\n|c|\u2606Aox93|Grab the replays buddy :)\n|j| 4Azzy\n|c| 4Azzy|gmaing\n|c|\u2606FortreeFlygonmen|Good Luck! Have fun\n|\n|t:|1700437521\n|start\n|switch|p1a: Timmy Torner|Tornadus, L50, M|100\/100\n|switch|p1b: The Warden|Stantler, L50, M|100\/100\n|switch|p2a: Indeedee|Indeedee, L50, M, shiny|100\/100\n|switch|p2b: Luxray|Luxray, L50, F, shiny|100\/100\n|-fieldstart|move: Psychic Terrain|[from] ability: Psychic Surge|[of] p2a: Indeedee\n|-ability|p1b: The Warden|Intimidate|boost\n|-unboost|p2a: Indeedee|atk|1\n|-unboost|p2b: Luxray|atk|1\n|-ability|p2b: Luxray|Intimidate|boost\n|-unboost|p1a: Timmy Torner|atk|1\n|-unboost|p1b: The Warden|atk|1\n|turn|1\n|\n|t:|1700437550\n|switch|p1a: Tikka Mahands|Iron Hands, L50|100\/100\n|-terastallize|p2b: Luxray|Electric\n|move|p2a: Indeedee|Imprison|p2a: Indeedee\n|-start|p2a: Indeedee|move: Imprison\n|cant|p1b: The Warden|move: Imprison|Imprison\n|move|p2b: Luxray|Wild Charge|p1a: Tikka Mahands\n|-resisted|p1a: Tikka Mahands\n|-damage|p1a: Tikka Mahands|88\/100\n|-damage|p2b: Luxray|97\/100|[from] Recoil\n|\n|-status|p2a: Indeedee|brn|[from] item: Flame Orb\n|upkeep\n|turn|2\n|c| 4Azzy|lmfao\n|c| 4Azzy|get imprisoned\n|\n|t:|1700437578\n|move|p2a: Indeedee|Trick|p1a: Tikka Mahands\n|-activate|p2a: Indeedee|move: Trick|[of] p1a: Tikka Mahands\n|-item|p1a: Tikka Mahands|Flame Orb|[from] move: Trick\n|-item|p2a: Indeedee|Assault Vest|[from] move: Trick\n|move|p2b: Luxray|Snarl|p1a: Tikka Mahands|[spread] p1a\n|-miss|p2b: Luxray|p1b: The Warden\n|-resisted|p1a: Tikka Mahands\n|-damage|p1a: Tikka Mahands|85\/100\n|-unboost|p1a: Tikka Mahands|spa|1\n|move|p1b: The Warden|Confuse Ray|p2a: Indeedee\n|-start|p2a: Indeedee|confusion\n|move|p1a: Tikka Mahands|Stomping Tantrum|p2b: Luxray\n|-supereffective|p2b: Luxray\n|-damage|p2b: Luxray|33\/100\n|\n|-damage|p2a: Indeedee|95\/100 brn|[from] brn\n|-status|p1a: Tikka Mahands|brn|[from] item: Flame Orb\n|upkeep\n|turn|3\n|\n|t:|1700437641\n|-activate|p2a: Indeedee|confusion\n|move|p2a: Indeedee|Dazzling Gleam|p1b: The Warden|[spread] p1a,p1b\n|-supereffective|p1a: Tikka Mahands\n|-damage|p1a: Tikka Mahands|62\/100 brn\n|-damage|p1b: The Warden|90\/100\n|move|p2b: Luxray|Wild Charge|p1b: The Warden\n|-damage|p1b: The Warden|60\/100\n|-damage|p2b: Luxray|25\/100|[from] Recoil\n|move|p1b: The Warden|Confuse Ray|p2b: Luxray\n|-start|p2b: Luxray|confusion\n|move|p1a: Tikka Mahands|Stomping Tantrum|p2b: Luxray\n|-supereffective|p2b: Luxray\n|-damage|p2b: Luxray|0 fnt\n|faint|p2b: Luxray\n|\n|-damage|p2a: Indeedee|89\/100 brn|[from] brn\n|-damage|p1a: Tikka Mahands|56\/100 brn|[from] brn\n|upkeep\n|\n|t:|1700437662\n|switch|p2b: Armarouge|Armarouge, L50, F|100\/100\n|turn|4\n|\n|t:|1700437679\n|switch|p2a: Torkoal|Torkoal, L50, F, shiny|100\/100\n|-weather|SunnyDay|[from] ability: Drought|[of] p2a: Torkoal\n|-terastallize|p1a: Tikka Mahands|Psychic\n|move|p1b: The Warden|Confuse Ray|p2b: Armarouge\n|-start|p2b: Armarouge|confusion\n|move|p1a: Tikka Mahands|Stomping Tantrum|p2b: Armarouge\n|-supereffective|p2b: Armarouge\n|-damage|p2b: Armarouge|75\/100\n|-activate|p2b: Armarouge|confusion\n|-damage|p2b: Armarouge|70\/100|[from] confusion\n|\n|-weather|SunnyDay|[upkeep]\n|-damage|p1a: Tikka Mahands|50\/100 brn|[from] brn\n|upkeep\n|turn|5\n|\n|t:|1700437711\n|move|p1b: The Warden|Thunder Wave|p2b: Armarouge\n|-status|p2b: Armarouge|par\n|move|p1a: Tikka Mahands|Stomping Tantrum|p2b: Armarouge\n|-supereffective|p2b: Armarouge\n|-damage|p2b: Armarouge|44\/100 par\n|-activate|p2b: Armarouge|confusion\n|-damage|p2b: Armarouge|39\/100 par|[from] confusion\n|move|p2a: Torkoal|Eruption|p1b: The Warden|[spread] p1a,p1b\n|-damage|p1a: Tikka Mahands|0 fnt\n|-damage|p1b: The Warden|0 fnt\n|faint|p1a: Tikka Mahands\n|-end|p1a: Tikka Mahands|Quark Drive|[silent]\n|faint|p1b: The Warden\n|\n|-weather|SunnyDay|[upkeep]\n|-fieldend|move: Psychic Terrain\n|upkeep\n|\n|t:|1700437727\n|switch|p1b: Gatcha Game|Sinistcha, L50|100\/100\n|switch|p1a: Timmy Torner|Tornadus, L50, M|100\/100\n|turn|6\n|\n|t:|1700437745\n|move|p1a: Timmy Torner|Rain Dance|p1a: Timmy Torner\n|-weather|RainDance\n|move|p1b: Gatcha Game|Scald|p2a: Torkoal\n|-supereffective|p2a: Torkoal\n|-damage|p2a: Torkoal|4\/100\n|move|p2a: Torkoal|Eruption|p1b: Gatcha Game|[spread] p1a,p1b\n|-supereffective|p1b: Gatcha Game\n|-damage|p1a: Timmy Torner|99\/100\n|-damage|p1b: Gatcha Game|99\/100\n|-activate|p2b: Armarouge|confusion\n|move|p2b: Armarouge|Trick Room|p2b: Armarouge\n|-fieldstart|move: Trick Room|[of] p2b: Armarouge\n|\n|-weather|RainDance|[upkeep]\n|upkeep\n|turn|7\n|\n|t:|1700437777\n|switch|p2a: Indeedee|Indeedee, L50, M, shiny|89\/100 brn\n|-fieldstart|move: Psychic Terrain|[from] ability: Psychic Surge|[of] p2a: Indeedee\n|move|p1b: Gatcha Game|Rage Powder|p1b: Gatcha Game\n|-singleturn|p1b: Gatcha Game|move: Rage Powder\n|-end|p2b: Armarouge|confusion\n|move|p2b: Armarouge|Expanding Force|p1a: Timmy Torner|[spread] p1a,p1b\n|-crit|p1a: Timmy Torner\n|-damage|p1a: Timmy Torner|0 fnt\n|-damage|p1b: Gatcha Game|1\/100\n|-enditem|p1b: Gatcha Game|Sitrus Berry|[eat]\n|-heal|p1b: Gatcha Game|26\/100|[from] item: Sitrus Berry\n|faint|p1a: Timmy Torner\n|-damage|p2b: Armarouge|30\/100 par|[from] item: Life Orb\n|\n|-weather|RainDance|[upkeep]\n|-damage|p2a: Indeedee|83\/100 brn|[from] brn\n|upkeep\n|turn|8\n|\n|t:|1700437798\n|move|p2b: Armarouge|Expanding Force|p1b: Gatcha Game\n|-crit|p1b: Gatcha Game\n|-damage|p1b: Gatcha Game|0 fnt\n|faint|p1b: Gatcha Game\n|-damage|p2b: Armarouge|20\/100 par|[from] item: Life Orb\n|\n|win|Aox93\n|c|&|\/uhtml prompt-fortreeflygonmen,FortreeFlygonmen is ready for game 2!\n|c|&|\/uhtml prompt-aox93,Aox93 is ready for game 2!\nBoth players are ready! Starting next match!\n|l| 4Azzy\n|l|\u2606FortreeFlygonmen\n|j|\u2606FortreeFlygonmen\n|player|p1|FortreeFlygonmen|sage\n","uploadtime":1700438225,"views":13,"p1id":"fortreeflygonmen","p2id":"aox93","formatid":"gen9vgc2023regulatione","rating":0,"private":0,"password":""}