{"id":"gen9vgc2023regulatione-1996821369","p1":"Jazz hansd","p2":"9Tales2BTold","format":"[Gen 9] VGC 2023 Regulation E","log":"|j|\u2606Jazz hansd\n|j|\u26069Tales2BTold\n|t:|1700730811\n|gametype|doubles\n|player|p1|Jazz hansd|265|1106\n|player|p2|9Tales2BTold|169|1083\n|teamsize|p1|6\n|teamsize|p2|6\n|gen|9\n|tier|[Gen 9] VGC 2023 Regulation E\n|rated|\n|rule|Species Clause: Limit one of each Pok\u00e9mon\n|rule|Item Clause: Limit one of each item\n|clearpoke\n|poke|p1|Flamigo, L50, M|\n|poke|p1|Cetitan, L50, M|\n|poke|p1|Arcanine-Hisui, L50, F|\n|poke|p1|Amoonguss, L50, M|\n|poke|p1|Gothitelle, L50, M|\n|poke|p1|Heatran, L50, M|\n|poke|p2|Landorus-Therian, L50, M|\n|poke|p2|Pelipper, L50, M|\n|poke|p2|Palafin, L50, F|\n|poke|p2|Dipplin, L50, F|\n|poke|p2|Empoleon, L50, F|\n|poke|p2|Ambipom, L50, F|\n|teampreview|4\n|inactive|Battle timer is ON: inactive players will automatically lose when time's up. (requested by 9Tales2BTold)\n|inactive|Jazz hansd has 60 seconds left.\n|inactive|9Tales2BTold has 60 seconds left.\n|\n|t:|1700730853\n|start\n|switch|p1a: Gothitelle|Gothitelle, L50, M|100\/100\n|switch|p1b: Cetitan|Cetitan, L50, M|100\/100\n|switch|p2a: Palafin|Palafin, L50, F|100\/100\n|switch|p2b: Ambipom|Ambipom, L50, F|100\/100\n|turn|1\n|\n|t:|1700730877\n|move|p2b: Ambipom|Fake Out|p1a: Gothitelle\n|-enditem|p2b: Ambipom|Normal Gem|[from] gem\n|-damage|p1a: Gothitelle|63\/100\n|move|p2a: Palafin|Close Combat|p1b: Cetitan\n|-supereffective|p1b: Cetitan\n|-damage|p1b: Cetitan|35\/100\n|-unboost|p2a: Palafin|def|1\n|-unboost|p2a: Palafin|spd|1\n|-enditem|p2a: Palafin|Eject Pack\n|-enditem|p1b: Cetitan|Sitrus Berry|[eat]\n|-heal|p1b: Cetitan|59\/100|[from] item: Sitrus Berry\n|\n|t:|1700730889\n|detailschange|p2a: Palafin|Palafin-Hero, L50, F\n|switch|p2a: Landorus|Landorus-Therian, L50, M|100\/100\n|-ability|p2a: Landorus|Intimidate|boost\n|-unboost|p1a: Gothitelle|atk|1\n|-unboost|p1b: Cetitan|atk|1\n|move|p1b: Cetitan|Belly Drum|p1b: Cetitan\n|-damage|p1b: Cetitan|9\/100\n|-setboost|p1b: Cetitan|atk|6|[from] move: Belly Drum\n|cant|p1a: Gothitelle|flinch\n|\n|-heal|p1a: Gothitelle|69\/100|[from] item: Leftovers\n|upkeep\n|turn|2\n|inactive|Jazz hansd has 30 seconds left.\n|\n|t:|1700730917\n|switch|p1a: Flamigo|Flamigo, L50, M|100\/100\n|-copyboost|p1a: Flamigo|p1b: Cetitan|[from] ability: Costar\n|move|p1b: Cetitan|Protect|p1b: Cetitan\n|-singleturn|p1b: Cetitan|Protect\n|move|p2b: Ambipom|Knock Off|p1b: Cetitan\n|-activate|p1b: Cetitan|move: Protect\n|move|p2a: Landorus|Rock Slide|p1b: Cetitan|[spread] \n|-activate|p1b: Cetitan|move: Protect\n|-miss|p2a: Landorus|p1a: Flamigo\n|\n|upkeep\n|turn|3\n|inactive|Jazz hansd has 30 seconds left.\n|inactive|Jazz hansd has 20 seconds left.\n|\n|t:|1700730954\n|switch|p1b: Amoonguss|Amoonguss, L50, M|100\/100\n|move|p2b: Ambipom|Thunder Wave|p1a: Flamigo|[miss]\n|-miss|p2b: Ambipom|p1a: Flamigo\n|move|p1a: Flamigo|Throat Chop|p2a: Landorus\n|-damage|p2a: Landorus|0 fnt\n|faint|p2a: Landorus\n|\n|upkeep\n|\n|t:|1700730964\n|switch|p2a: Pelipper|Pelipper, L50, M|100\/100\n|-weather|RainDance|[from] ability: Drizzle|[of] p2a: Pelipper\n|turn|4\n|\n|t:|1700730987\n|move|p2b: Ambipom|Thunder Wave|p1a: Flamigo\n|-status|p1a: Flamigo|par\n|move|p2a: Pelipper|Tailwind|p2a: Pelipper\n|-sidestart|p2: 9Tales2BTold|move: Tailwind\n|move|p1a: Flamigo|Throat Chop|p2a: Pelipper\n|-enditem|p2a: Pelipper|Focus Sash\n|-damage|p2a: Pelipper|1\/100\n|-start|p2a: Pelipper|Throat Chop|[silent]\n|move|p1b: Amoonguss|Spore|p2b: Ambipom\n|-status|p2b: Ambipom|slp|[from] move: Spore\n|\n|-weather|RainDance|[upkeep]\n|upkeep\n|turn|5\n|\n|t:|1700731009\n|cant|p2b: Ambipom|slp\n|move|p2a: Pelipper|Hurricane|p1b: Amoonguss\n|-supereffective|p1b: Amoonguss\n|-damage|p1b: Amoonguss|26\/100\n|move|p1a: Flamigo|Substitute|p1a: Flamigo\n|-start|p1a: Flamigo|Substitute\n|-damage|p1a: Flamigo|76\/100 par\n|move|p1b: Amoonguss|Pollen Puff|p2a: Pelipper\n|-resisted|p2a: Pelipper\n|-damage|p2a: Pelipper|0 fnt\n|faint|p2a: Pelipper\n|\n|-weather|RainDance|[upkeep]\n|upkeep\n|\n|t:|1700731018\n|switch|p2a: Palafin|Palafin-Hero, L50, F|100\/100\n|-activate|p2a: Palafin|ability: Zero to Hero\n|turn|6\n|\n|t:|1700731038\n|-terastallize|p2a: Palafin|Grass\n|-terastallize|p1a: Flamigo|Flying\n|move|p1b: Amoonguss|Protect|p1b: Amoonguss\n|-singleturn|p1b: Amoonguss|Protect\n|cant|p2b: Ambipom|slp\n|move|p2a: Palafin|Ice Punch|p1a: Flamigo\n|-supereffective|p1a: Flamigo\n|-end|p1a: Flamigo|Substitute\n|move|p1a: Flamigo|Tera Blast|p2a: Palafin|[anim] Tera Blast Flying\n|-supereffective|p2a: Palafin\n|-damage|p2a: Palafin|0 fnt\n|faint|p2a: Palafin\n|\n|-weather|RainDance|[upkeep]\n|upkeep\n|turn|7\n|inactive|Jazz hansd has 30 seconds left.\n|\n|t:|1700731071\n|-curestatus|p2b: Ambipom|slp|[msg]\n|move|p2b: Ambipom|Knock Off|p1b: Amoonguss\n|-damage|p1b: Amoonguss|0 fnt\n|-damage|p2b: Ambipom|84\/100|[from] item: Rocky Helmet|[of] p1b: Amoonguss\n|-enditem|p1b: Amoonguss|Rocky Helmet|[from] move: Knock Off|[of] p2b: Ambipom\n|faint|p1b: Amoonguss\n|move|p1a: Flamigo|Substitute|p1a: Flamigo\n|-start|p1a: Flamigo|Substitute\n|-damage|p1a: Flamigo|51\/100 par\n|\n|-weather|RainDance|[upkeep]\n|-sideend|p2: 9Tales2BTold|move: Tailwind\n|upkeep\n|\n|t:|1700731086\n|switch|p1b: Gothitelle|Gothitelle, L50, M|69\/100\n|turn|8\n|\n|t:|1700731097\n|move|p1b: Gothitelle|Fake Out|p2b: Ambipom\n|-damage|p2b: Ambipom|73\/100\n|cant|p2b: Ambipom|flinch\n|cant|p1a: Flamigo|par\n|\n|-weather|none\n|-heal|p1b: Gothitelle|76\/100|[from] item: Leftovers\n|upkeep\n|turn|9\n|\n|t:|1700731119\n|move|p2b: Ambipom|Double Hit|p1a: Flamigo\n|-end|p1a: Flamigo|Substitute\n|-damage|p1a: Flamigo|17\/100 par\n|-hitcount|p1a: Flamigo|2\n|cant|p1a: Flamigo|par\n|move|p1b: Gothitelle|Dark Pulse|p2b: Ambipom\n|-damage|p2b: Ambipom|44\/100\n|\n|-heal|p1b: Gothitelle|82\/100|[from] item: Leftovers\n|upkeep\n|turn|10\n|inactive|Jazz hansd has 30 seconds left.\n|\n|t:|1700731149\n|move|p2b: Ambipom|Knock Off|p1a: Flamigo\n|-damage|p1a: Flamigo|0 fnt\n|-enditem|p1a: Flamigo|Mental Herb|[from] move: Knock Off|[of] p2b: Ambipom\n|faint|p1a: Flamigo\n|move|p1b: Gothitelle|Trick Room|p1b: Gothitelle\n|-fieldstart|move: Trick Room|[of] p1b: Gothitelle\n|\n|-heal|p1b: Gothitelle|88\/100|[from] item: Leftovers\n|upkeep\n|\n|t:|1700731157\n|switch|p1a: Cetitan|Cetitan, L50, M|9\/100\n|turn|11\n|\n|t:|1700731168\n|move|p1b: Gothitelle|Dark Pulse|p2b: Ambipom\n|-damage|p2b: Ambipom|12\/100\n|move|p1a: Cetitan|Facade|p2b: Ambipom\n|-damage|p2b: Ambipom|0 fnt\n|faint|p2b: Ambipom\n|\n|win|Jazz hansd\n|raw|Jazz hansd's rating: 1106 &rarr; <strong>1129<\/strong><br \/>(+23 for winning)\n|raw|9Tales2BTold's rating: 1083 &rarr; <strong>1062<\/strong><br \/>(-21 for losing)\n|c|\u26069Tales2BTold|Gg\n","uploadtime":1700731180,"views":7,"p1id":"jazzhansd","p2id":"9tales2btold","formatid":"gen9vgc2023regulatione","rating":1062,"private":0,"password":""}