{"id":"gen9vgc2023regulatione-1990342655","p1":"Piccius","p2":"CovetousWheat15","format":"[Gen 9] VGC 2023 Regulation E","log":"|j|\u2606Piccius\n|j|\u2606CovetousWheat15\n|t:|1699959560\n|gametype|doubles\n|player|p1|Piccius|2|1392\n|player|p2|CovetousWheat15|1|1262\n|teamsize|p1|6\n|teamsize|p2|6\n|gen|9\n|tier|[Gen 9] VGC 2023 Regulation E\n|rated|\n|rule|Species Clause: Limit one of each Pok\u00e9mon\n|rule|Item Clause: Limit one of each item\n|clearpoke\n|poke|p1|Chi-Yu, L50|\n|poke|p1|Kingambit, L50, F|\n|poke|p1|Flutter Mane, L50|\n|poke|p1|Rillaboom, L50, M|\n|poke|p1|Farigiraf, L50, F|\n|poke|p1|Ogerpon-Wellspring, L50, F|\n|poke|p2|Annihilape, L50, M|\n|poke|p2|Dusclops, L50, M|\n|poke|p2|Azumarill, L50, M|\n|poke|p2|Landorus-Therian, L50, M|\n|poke|p2|Cresselia, L50, F|\n|poke|p2|Ursaluna, L50, M|\n|teampreview|4\n|inactive|Battle timer is ON: inactive players will automatically lose when time's up. (requested by CovetousWheat15)\n|\n|t:|1699959589\n|start\n|switch|p1a: Chi-Yu|Chi-Yu, L50|100\/100\n|switch|p1b: Flutter Mane|Flutter Mane, L50|100\/100\n|switch|p2a: Dusclops|Dusclops, L50, M|100\/100\n|switch|p2b: Ursaluna|Ursaluna, L50, M|100\/100\n|-ability|p1a: Chi-Yu|Beads of Ruin\n|-item|p1a: Chi-Yu|Choice Specs|[from] ability: Frisk|[of] p2a: Dusclops|[identify]\n|-item|p1b: Flutter Mane|Booster Energy|[from] ability: Frisk|[of] p2a: Dusclops|[identify]\n|-enditem|p1b: Flutter Mane|Booster Energy\n|-activate|p1b: Flutter Mane|ability: Protosynthesis|[fromitem]\n|-start|p1b: Flutter Mane|protosynthesisspe\n|turn|1\n|inactive|CovetousWheat15 has 30 seconds left.\n|\n|t:|1699959620\n|move|p1b: Flutter Mane|Moonblast|p2a: Dusclops\n|-damage|p2a: Dusclops|72\/100\n|move|p1a: Chi-Yu|Dark Pulse|p2a: Dusclops\n|-supereffective|p2a: Dusclops\n|-damage|p2a: Dusclops|0 fnt\n|faint|p2a: Dusclops\n|move|p2b: Ursaluna|Headlong Rush|p1a: Chi-Yu\n|-supereffective|p1a: Chi-Yu\n|-damage|p1a: Chi-Yu|0 fnt\n|-unboost|p2b: Ursaluna|def|1\n|-unboost|p2b: Ursaluna|spd|1\n|faint|p1a: Chi-Yu\n|\n|-status|p2b: Ursaluna|brn|[from] item: Flame Orb\n|upkeep\n|j| O1OOO11O\n|\n|t:|1699959637\n|switch|p1a: Kingambit|Kingambit, L50, F|100\/100\n|switch|p2a: Azumarill|Azumarill, L50, M|100\/100\n|turn|2\n|\n|t:|1699959661\n|-terastallize|p1b: Flutter Mane|Grass\n|move|p1a: Kingambit|Protect|p1a: Kingambit\n|-singleturn|p1a: Kingambit|Protect\n|move|p1b: Flutter Mane|Icy Wind|p2b: Ursaluna|[spread] p2a,p2b\n|-resisted|p2a: Azumarill\n|-supereffective|p2b: Ursaluna\n|-damage|p2a: Azumarill|94\/100\n|-damage|p2b: Ursaluna|63\/100 brn\n|-unboost|p2a: Azumarill|spe|1\n|-unboost|p2b: Ursaluna|spe|1\n|move|p2b: Ursaluna|Headlong Rush|p1a: Kingambit\n|-activate|p1a: Kingambit|move: Protect\n|move|p2a: Azumarill|Belly Drum|p2a: Azumarill\n|-damage|p2a: Azumarill|44\/100\n|-setboost|p2a: Azumarill|atk|6|[from] move: Belly Drum\n|-enditem|p2a: Azumarill|Sitrus Berry|[eat]\n|-heal|p2a: Azumarill|69\/100|[from] item: Sitrus Berry\n|\n|-damage|p2b: Ursaluna|57\/100 brn|[from] brn\n|upkeep\n|turn|3\n|inactive|Piccius has 30 seconds left.\n|inactive|CovetousWheat15 has 30 seconds left.\n|\n|t:|1699959691\n|move|p2a: Azumarill|Aqua Jet|p1b: Flutter Mane\n|-resisted|p1b: Flutter Mane\n|-damage|p1b: Flutter Mane|36\/100\n|move|p1b: Flutter Mane|Moonblast|p2a: Azumarill\n|-damage|p2a: Azumarill|25\/100\n|move|p1a: Kingambit|Kowtow Cleave|p2a: Azumarill\n|-resisted|p2a: Azumarill\n|-damage|p2a: Azumarill|1\/100\n|move|p2b: Ursaluna|Headlong Rush|p1a: Kingambit\n|-supereffective|p1a: Kingambit\n|-damage|p1a: Kingambit|0 fnt\n|-unboost|p2b: Ursaluna|def|1\n|-unboost|p2b: Ursaluna|spd|1\n|faint|p1a: Kingambit\n|\n|-damage|p2b: Ursaluna|52\/100 brn|[from] brn\n|upkeep\n|\n|t:|1699959705\n|switch|p1a: Ogerpon|Ogerpon-Wellspring, L50, F|100\/100\n|turn|4\n|\n|t:|1699959727\n|move|p2a: Azumarill|Protect|p2a: Azumarill\n|-singleturn|p2a: Azumarill|Protect\n|move|p1b: Flutter Mane|Icy Wind|p2b: Ursaluna|[spread] p2b\n|-activate|p2a: Azumarill|move: Protect\n|-supereffective|p2b: Ursaluna\n|-damage|p2b: Ursaluna|2\/100 brn\n|-unboost|p2b: Ursaluna|spe|1\n|move|p1a: Ogerpon|Horn Leech|p2b: Ursaluna\n|-supereffective|p2b: Ursaluna\n|-damage|p2b: Ursaluna|0 fnt\n|faint|p2b: Ursaluna\n|\n|upkeep\n|\n|t:|1699959741\n|switch|p2b: Annihilape|Annihilape, L50, M|100\/100\n|turn|5\n|inactive|Piccius has 30 seconds left.\n|\n|t:|1699959768\n|move|p1b: Flutter Mane|Protect|p1b: Flutter Mane\n|-singleturn|p1b: Flutter Mane|Protect\n|move|p2a: Azumarill|Aqua Jet|p1b: Flutter Mane\n|-activate|p1b: Flutter Mane|move: Protect\n|move|p1a: Ogerpon|Ivy Cudgel|p2b: Annihilape|[anim] Ivy Cudgel Water\n|-damage|p2b: Annihilape|41\/100\n|move|p2b: Annihilape|Bulk Up|p2b: Annihilape\n|-boost|p2b: Annihilape|atk|1\n|-boost|p2b: Annihilape|def|1\n|\n|upkeep\n|turn|6\n|\n|t:|1699959784\n|move|p1a: Ogerpon|Follow Me|p1a: Ogerpon\n|-singleturn|p1a: Ogerpon|move: Follow Me\n|move|p2a: Azumarill|Aqua Jet|p1a: Ogerpon\n|-immune|p1a: Ogerpon|[from] ability: Water Absorb\n|move|p1b: Flutter Mane|Moonblast|p2b: Annihilape\n|-supereffective|p2b: Annihilape\n|-damage|p2b: Annihilape|0 fnt\n|faint|p2b: Annihilape\n|\n|upkeep\n|turn|7\n|l| O1OOO11O\n|\n|t:|1699959796\n|move|p1b: Flutter Mane|Icy Wind|p2a: Azumarill\n|-resisted|p2a: Azumarill\n|-damage|p2a: Azumarill|0 fnt\n|faint|p2a: Azumarill\n|\n|win|Piccius\n|raw|Piccius's rating: 1392 &rarr; <strong>1405<\/strong><br \/>(+13 for winning)\n|raw|CovetousWheat15's rating: 1262 &rarr; <strong>1246<\/strong><br \/>(-16 for losing)\n|l|\u2606CovetousWheat15\n","uploadtime":1699959805,"views":8,"p1id":"piccius","p2id":"covetouswheat15","formatid":"gen9vgc2023regulatione","rating":1246,"private":0,"password":""}