{"id":"gen9vgc2023regulatione-1991044477","p1":"flopplayer","p2":"RoayVn","format":"[Gen 9] VGC 2023 Regulation E","log":"|j|\u2606flopplayer\n|j|\u2606RoayVn\n|t:|1700033665\n|gametype|doubles\n|player|p1|flopplayer|plasmagrunt|1514\n|player|p2|RoayVn|nate|1461\n|teamsize|p1|6\n|teamsize|p2|6\n|gen|9\n|tier|[Gen 9] VGC 2023 Regulation E\n|rated|\n|rule|Species Clause: Limit one of each Pok\u00e9mon\n|rule|Item Clause: Limit one of each item\n|clearpoke\n|poke|p1|Dondozo, L50, M|\n|poke|p1|Tatsugiri, L50, M|\n|poke|p1|Ninetales-Alola, L50, F|\n|poke|p1|Glimmora, L50, F|\n|poke|p1|Iron Hands, L50|\n|poke|p1|Ogerpon-Hearthflame, L50, F|\n|poke|p2|Oranguru, L50, M|\n|poke|p2|Ursaluna-Bloodmoon, L50, M|\n|poke|p2|Lilligant-Hisui, L50, F|\n|poke|p2|Torkoal, L50, M|\n|poke|p2|Annihilape, L50, M|\n|poke|p2|Rillaboom, L50, M|\n|teampreview|4\n|inactive|Battle timer is ON: inactive players will automatically lose when time's up. (requested by RoayVn)\n|\n|t:|1700033690\n|start\n|switch|p1a: Ogerpon|Ogerpon-Hearthflame, L50, F|100\/100\n|switch|p1b: Glimmora|Glimmora, L50, F, shiny|100\/100\n|switch|p2a: Oranguru|Oranguru, L50, M|100\/100\n|switch|p2b: Annihilape|Annihilape, L50, M|100\/100\n|-ability|p1a: Ogerpon|Mold Breaker\n|turn|1\n|inactive|RoayVn has 30 seconds left.\n|inactive|RoayVn has 20 seconds left.\n|inactive|RoayVn has 15 seconds left.\n|inactive|RoayVn has 10 seconds left.\n|\n|t:|1700033736\n|move|p1a: Ogerpon|Spiky Shield|p1a: Ogerpon\n|-singleturn|p1a: Ogerpon|move: Protect\n|move|p2b: Annihilape|Final Gambit|p1a: Ogerpon\n|-activate|p1a: Ogerpon|move: Protect\n|move|p1b: Glimmora|Mortal Spin|p2b: Annihilape|[spread] p2a,p2b\n|-resisted|p2b: Annihilape\n|-damage|p2a: Oranguru|97\/100\n|-damage|p2b: Annihilape|99\/100\n|-status|p2a: Oranguru|psn\n|-status|p2b: Annihilape|psn\n|move|p2a: Oranguru|Trick Room|p2a: Oranguru\n|-fieldstart|move: Trick Room|[of] p2a: Oranguru\n|\n|-damage|p2a: Oranguru|85\/100 psn|[from] psn\n|-damage|p2b: Annihilape|86\/100 psn|[from] psn\n|upkeep\n|turn|2\n|inactive|flopplayer has 30 seconds left.\n|inactive|RoayVn has 30 seconds left.\n|j| ImSoChove\n|\n|t:|1700033767\n|move|p1b: Glimmora|Spiky Shield|p1b: Glimmora\n|-singleturn|p1b: Glimmora|move: Protect\n|move|p2a: Oranguru|Instruct|p2b: Annihilape\n|-singleturn|p2b: Annihilape|move: Instruct|[of] p2a: Oranguru\n|move|p2b: Annihilape|Final Gambit|p1a: Ogerpon\n|-damage|p1a: Ogerpon|0 fnt\n|faint|p2b: Annihilape\n|faint|p1a: Ogerpon\n|\n|-damage|p2a: Oranguru|73\/100 psn|[from] psn\n|upkeep\n|j| xerneas9050\n|\n|t:|1700033779\n|switch|p1a: Dondozo|Dondozo, L50, M|100\/100\n|switch|p2b: Torkoal|Torkoal, L50, M|100\/100\n|-weather|SunnyDay|[from] ability: Drought|[of] p2b: Torkoal\n|turn|3\n|inactive|flopplayer has 30 seconds left.\n|inactive|flopplayer has 20 seconds left.\n|inactive|flopplayer has 15 seconds left.\n|\n|t:|1700033821\n|-terastallize|p2b: Torkoal|Fire\n|move|p1a: Dondozo|Protect|p1a: Dondozo\n|-singleturn|p1a: Dondozo|Protect\n|move|p2b: Torkoal|Eruption|p1b: Glimmora|[spread] p1b\n|-activate|p1a: Dondozo|move: Protect\n|-resisted|p1b: Glimmora\n|-damage|p1b: Glimmora|17\/100\n|move|p2a: Oranguru|Instruct|p2b: Torkoal\n|-singleturn|p2b: Torkoal|move: Instruct|[of] p2a: Oranguru\n|move|p2b: Torkoal|Eruption|p1b: Glimmora|[spread] p1b\n|-activate|p1a: Dondozo|move: Protect\n|-resisted|p1b: Glimmora\n|-damage|p1b: Glimmora|0 fnt\n|faint|p1b: Glimmora\n|\n|-weather|SunnyDay|[upkeep]\n|-damage|p2a: Oranguru|60\/100 psn|[from] psn\n|upkeep\n|\n|t:|1700033829\n|switch|p1b: Tatsugiri|Tatsugiri, L50, M|100\/100\n|-activate|p1b: Tatsugiri|ability: Commander|[of] p1a: Dondozo\n|-boost|p1a: Dondozo|atk|2\n|-boost|p1a: Dondozo|spa|2\n|-boost|p1a: Dondozo|spe|2\n|-boost|p1a: Dondozo|def|2\n|-boost|p1a: Dondozo|spd|2\n|turn|4\n|\n|t:|1700033839\n|move|p2b: Torkoal|Eruption|p1b: Tatsugiri|[spread] p1a\n|-miss|p2b: Torkoal|p1b: Tatsugiri\n|-resisted|p1a: Dondozo\n|-damage|p1a: Dondozo|76\/100\n|move|p2a: Oranguru|Instruct|p2b: Torkoal\n|-singleturn|p2b: Torkoal|move: Instruct|[of] p2a: Oranguru\n|move|p2b: Torkoal|Eruption|p1b: Tatsugiri|[spread] p1a\n|-miss|p2b: Torkoal|p1b: Tatsugiri\n|-resisted|p1a: Dondozo\n|-damage|p1a: Dondozo|51\/100\n|move|p1a: Dondozo|Order Up|p2b: Torkoal\n|-crit|p2b: Torkoal\n|-damage|p2b: Torkoal|54\/100\n|-boost|p1a: Dondozo|atk|1\n|\n|-weather|SunnyDay|[upkeep]\n|-heal|p1a: Dondozo|57\/100|[from] item: Leftovers\n|-damage|p2a: Oranguru|48\/100 psn|[from] psn\n|upkeep\n|turn|5\n|inactive|RoayVn has 30 seconds left.\n|\n|t:|1700033864\n|move|p1a: Dondozo|Protect|p1a: Dondozo\n|-singleturn|p1a: Dondozo|Protect\n|move|p2b: Torkoal|Heat Wave|p1b: Tatsugiri|[spread] \n|-miss|p2b: Torkoal|p1b: Tatsugiri\n|-activate|p1a: Dondozo|move: Protect\n|move|p2a: Oranguru|Instruct|p2b: Torkoal\n|-singleturn|p2b: Torkoal|move: Instruct|[of] p2a: Oranguru\n|move|p2b: Torkoal|Heat Wave|p1a: Dondozo|[spread] \n|-miss|p2b: Torkoal|p1b: Tatsugiri\n|-activate|p1a: Dondozo|move: Protect\n|\n|-weather|SunnyDay|[upkeep]\n|-heal|p1a: Dondozo|63\/100|[from] item: Leftovers\n|-damage|p2a: Oranguru|36\/100 psn|[from] psn\n|-fieldend|move: Trick Room\n|upkeep\n|turn|6\n|\n|t:|1700033875\n|move|p1a: Dondozo|Substitute|p1a: Dondozo\n|-start|p1a: Dondozo|Substitute\n|-damage|p1a: Dondozo|38\/100\n|move|p2b: Torkoal|Heat Wave|p1a: Dondozo|[spread] p1a\n|-miss|p2b: Torkoal|p1b: Tatsugiri\n|-resisted|p1a: Dondozo\n|-activate|p1a: Dondozo|move: Substitute|[damage]\n|move|p2a: Oranguru|Trick Room|p2a: Oranguru\n|-fieldstart|move: Trick Room|[of] p2a: Oranguru\n|\n|-weather|SunnyDay|[upkeep]\n|-heal|p1a: Dondozo|45\/100|[from] item: Leftovers\n|-damage|p2a: Oranguru|24\/100 psn|[from] psn\n|upkeep\n|turn|7\n|\n|t:|1700033888\n|move|p1a: Dondozo|Protect|p1a: Dondozo\n|-singleturn|p1a: Dondozo|Protect\n|move|p2b: Torkoal|Heat Wave|p1a: Dondozo|[spread] \n|-miss|p2b: Torkoal|p1b: Tatsugiri\n|-activate|p1a: Dondozo|move: Protect\n|move|p2a: Oranguru|Instruct|p2b: Torkoal\n|-singleturn|p2b: Torkoal|move: Instruct|[of] p2a: Oranguru\n|move|p2b: Torkoal|Heat Wave|p1a: Dondozo|[spread] \n|-miss|p2b: Torkoal|p1b: Tatsugiri\n|-activate|p1a: Dondozo|move: Protect\n|\n|-weather|none\n|-heal|p1a: Dondozo|51\/100|[from] item: Leftovers\n|-damage|p2a: Oranguru|12\/100 psn|[from] psn\n|upkeep\n|turn|8\n|\n|t:|1700033899\n|move|p2b: Torkoal|Heat Wave|p1a: Dondozo|[spread] p1a\n|-miss|p2b: Torkoal|p1b: Tatsugiri\n|-resisted|p1a: Dondozo\n|-end|p1a: Dondozo|Substitute\n|move|p2a: Oranguru|Instruct|p2b: Torkoal\n|-singleturn|p2b: Torkoal|move: Instruct|[of] p2a: Oranguru\n|move|p2b: Torkoal|Heat Wave|p1a: Dondozo|[spread] p1a\n|-miss|p2b: Torkoal|p1b: Tatsugiri\n|-resisted|p1a: Dondozo\n|-damage|p1a: Dondozo|40\/100\n|-status|p1a: Dondozo|brn\n|move|p1a: Dondozo|Order Up|p2b: Torkoal\n|-damage|p2b: Torkoal|33\/100\n|-boost|p1a: Dondozo|atk|1\n|\n|-heal|p1a: Dondozo|47\/100 brn|[from] item: Leftovers\n|-damage|p2a: Oranguru|0 fnt|[from] psn\n|faint|p2a: Oranguru\n|-damage|p1a: Dondozo|40\/100 brn|[from] brn\n|upkeep\n|\n|t:|1700033910\n|switch|p2a: Ursaluna|Ursaluna-Bloodmoon, L50, M|100\/100\n|turn|9\n|\n|t:|1700033916\n|move|p1a: Dondozo|Protect|p1a: Dondozo\n|-singleturn|p1a: Dondozo|Protect\n|move|p2b: Torkoal|Heat Wave|p1b: Tatsugiri|[spread] \n|-miss|p2b: Torkoal|p1b: Tatsugiri\n|-activate|p1a: Dondozo|move: Protect\n|move|p2a: Ursaluna|Hyper Voice|p1a: Dondozo|[spread] \n|-miss|p2a: Ursaluna|p1b: Tatsugiri\n|-activate|p1a: Dondozo|move: Protect\n|\n|-heal|p1a: Dondozo|47\/100 brn|[from] item: Leftovers\n|-damage|p1a: Dondozo|40\/100 brn|[from] brn\n|upkeep\n|turn|10\n|l| ImSoChove\n|\n|t:|1700033941\n|move|p2b: Torkoal|Heat Wave|p1b: Tatsugiri|[spread] p1a\n|-miss|p2b: Torkoal|p1b: Tatsugiri\n|-resisted|p1a: Dondozo\n|-damage|p1a: Dondozo|30\/100 brn\n|move|p2a: Ursaluna|Hyper Voice|p1b: Tatsugiri|[spread] p1a\n|-miss|p2a: Ursaluna|p1b: Tatsugiri\n|-damage|p1a: Dondozo|10\/100 brn\n|-enditem|p2a: Ursaluna|Throat Spray\n|-boost|p2a: Ursaluna|spa|1|[from] item: Throat Spray\n|move|p1a: Dondozo|Wave Crash|p2a: Ursaluna\n|-supereffective|p2a: Ursaluna\n|-damage|p2a: Ursaluna|5\/100\n|-damage|p1a: Dondozo|0 fnt|[from] Recoil\n|faint|p1a: Dondozo\n|\n|-fieldend|move: Trick Room\n|upkeep\n|turn|11\n|j| 5Sscreen\n|\n|t:|1700033961\n|move|p1b: Tatsugiri|Draco Meteor|p2a: Ursaluna|[miss]\n|-miss|p1b: Tatsugiri|p2a: Ursaluna\n|move|p2a: Ursaluna|Blood Moon|p1b: Tatsugiri\n|-damage|p1b: Tatsugiri|0 fnt\n|faint|p1b: Tatsugiri\n|\n|win|RoayVn\n|raw|flopplayer's rating: 1514 &rarr; <strong>1491<\/strong><br \/>(-23 for losing)\n|raw|RoayVn's rating: 1461 &rarr; <strong>1484<\/strong><br \/>(+23 for winning)\n|l|\u2606RoayVn\n","uploadtime":1700033979,"views":9,"p1id":"flopplayer","p2id":"roayvn","formatid":"gen9vgc2023regulatione","rating":1484,"private":0,"password":""}