{"id":"gen9vgc2023regulatione-1992411432","p1":"MoggyOh","p2":"Test Doc","format":"[Gen 9] VGC 2023 Regulation E","log":"|j|\u2606MoggyOh\n|j|\u2606Test Doc\n|t:|1700184454\n|gametype|doubles\n|player|p1|MoggyOh|lucas|1385\n|player|p2|Test Doc|170|1431\n|teamsize|p1|6\n|teamsize|p2|6\n|gen|9\n|tier|[Gen 9] VGC 2023 Regulation E\n|rated|\n|rule|Species Clause: Limit one of each Pok\u00e9mon\n|rule|Item Clause: Limit one of each item\n|clearpoke\n|poke|p1|Rillaboom, L50, M|\n|poke|p1|Heatran, L50, M|\n|poke|p1|Chien-Pao, L50|\n|poke|p1|Landorus-Therian, L50, M|\n|poke|p1|Milotic, L50, F|\n|poke|p1|Farigiraf, L50, F|\n|poke|p2|Slowking, L50, M|\n|poke|p2|Abomasnow, L50, M|\n|poke|p2|Ursaluna-Bloodmoon, L50, M|\n|poke|p2|Iron Hands, L50|\n|poke|p2|Chi-Yu, L50|\n|poke|p2|Urshifu-*, L50, M|\n|teampreview|4\nMoggyOh has agreed to open team sheets.\n|inactive|Battle timer is ON: inactive players will automatically lose when time's up. (requested by Test Doc)\nTest Doc rejected open team sheets.\n|inactive|MoggyOh has 60 seconds left.\n|\n|t:|1700184531\n|start\n|switch|p1a: Giroro|Heatran, L50, M, shiny|100\/100\n|switch|p1b: Uma Delicia|Rillaboom, L50, M, shiny|100\/100\n|switch|p2a: Chi-Yu|Chi-Yu, L50|100\/100\n|switch|p2b: Urshifu|Urshifu, L50, M|100\/100\n|-ability|p2a: Chi-Yu|Beads of Ruin\n|-fieldstart|move: Grassy Terrain|[from] ability: Grassy Surge|[of] p1b: Uma Delicia\n|turn|1\n|inactive|MoggyOh has 30 seconds left.\n|inactive|Test Doc has 30 seconds left.\n|inactive|MoggyOh has 20 seconds left.\n|inactive|MoggyOh has 15 seconds left.\n|inactive|MoggyOh has 10 seconds left.\n|inactive|MoggyOh has 5 seconds left.\n|\n|t:|1700184585\n|switch|p1b: Gholdenfield|Landorus-Therian, L50, M, shiny|100\/100\n|-ability|p1b: Gholdenfield|Intimidate|boost\n|-unboost|p2a: Chi-Yu|atk|1\n|-unboost|p2b: Urshifu|atk|1\n|-terastallize|p2a: Chi-Yu|Ghost\n|-terastallize|p1a: Giroro|Fairy\n|move|p2b: Urshifu|Detect|p2b: Urshifu\n|-singleturn|p2b: Urshifu|Protect\n|move|p2a: Chi-Yu|Overheat|p1b: Gholdenfield\n|-damage|p1b: Gholdenfield|0 fnt\n|-unboost|p2a: Chi-Yu|spa|2\n|faint|p1b: Gholdenfield\n|move|p1a: Giroro|Tera Blast|p2b: Urshifu|[anim] Tera Blast Fairy\n|-activate|p2b: Urshifu|move: Protect\n|\n|upkeep\n|\n|t:|1700184601\n|switch|p1b: Uma Delicia|Rillaboom, L50, M, shiny|100\/100\n|turn|2\n|inactive|Test Doc has 30 seconds left.\n|inactive|MoggyOh has 30 seconds left.\n|inactive|Test Doc has 20 seconds left.\n|\n|t:|1700184641\n|switch|p2a: Iron Hands|Iron Hands, L50|100\/100\n|switch|p2b: Slowking|Slowking, L50, M|100\/100\n|move|p1b: Uma Delicia|Grassy Glide|p2a: Iron Hands\n|-damage|p2a: Iron Hands|66\/100\n|move|p1a: Giroro|Heat Wave|p2a: Iron Hands|[spread] p2a,p2b\n|-resisted|p2b: Slowking\n|-damage|p2a: Iron Hands|35\/100\n|-damage|p2b: Slowking|85\/100\n|\n|-heal|p2a: Iron Hands|41\/100|[from] Grassy Terrain\n|-heal|p2b: Slowking|90\/100|[from] Grassy Terrain\n|upkeep\n|turn|3\n|inactive|MoggyOh has 30 seconds left.\n|inactive|Test Doc has 30 seconds left.\n|inactive|Test Doc has 20 seconds left.\n|inactive|Test Doc has 15 seconds left.\n|inactive|Test Doc has 10 seconds left.\n|\n|t:|1700184690\n|switch|p1a: Farigiraf|Farigiraf, L50, F|100\/100\n|switch|p2b: Chi-Yu|Chi-Yu, L50, tera:Ghost|100\/100\n|-ability|p2b: Chi-Yu|Beads of Ruin\n|move|p2a: Iron Hands|Protect|p2a: Iron Hands\n|-singleturn|p2a: Iron Hands|Protect\n|move|p1b: Uma Delicia|Wood Hammer|p2a: Iron Hands\n|-activate|p2a: Iron Hands|move: Protect\n|\n|-heal|p2a: Iron Hands|47\/100|[from] Grassy Terrain\n|upkeep\n|turn|4\n|inactive|MoggyOh has 30 seconds left.\n|inactive|Test Doc has 30 seconds left.\n|inactive|Test Doc has 20 seconds left.\n|\n|t:|1700184726\n|switch|p1b: Giroro|Heatran, L50, M, shiny, tera:Fairy|100\/100\n|-end|p2a: Iron Hands|Quark Drive|[silent]\n|switch|p2a: Slowking|Slowking, L50, M|90\/100\n|move|p2b: Chi-Yu|Snarl|p1a: Farigiraf|[spread] p1a,p1b\n|-supereffective|p1a: Farigiraf\n|-resisted|p1b: Giroro\n|-damage|p1a: Farigiraf|48\/100\n|-damage|p1b: Giroro|91\/100\n|-unboost|p1a: Farigiraf|spa|1\n|-unboost|p1b: Giroro|spa|1\n|move|p1a: Farigiraf|Trick Room|p1a: Farigiraf\n|-fieldstart|move: Trick Room|[of] p1a: Farigiraf\n|\n|-heal|p2a: Slowking|96\/100|[from] Grassy Terrain\n|-heal|p1a: Farigiraf|54\/100|[from] Grassy Terrain\n|-heal|p1b: Giroro|97\/100|[from] Grassy Terrain\n|upkeep\n|turn|5\n|inactive|MoggyOh has 30 seconds left.\n|inactive|Test Doc has 30 seconds left.\n|inactive|MoggyOh has 20 seconds left.\n|inactive|MoggyOh has 15 seconds left.\n|\n|t:|1700184768\n|move|p2a: Slowking|Psychic|p1b: Giroro\n|-damage|p1b: Giroro|76\/100\n|move|p1a: Farigiraf|Psyshock|p2b: Chi-Yu\n|-crit|p2b: Chi-Yu\n|-damage|p2b: Chi-Yu|17\/100\n|move|p1b: Giroro|Tera Blast|p2b: Chi-Yu|[anim] Tera Blast Fairy\n|-damage|p2b: Chi-Yu|0 fnt\n|faint|p2b: Chi-Yu\n|\n|-heal|p2a: Slowking|100\/100|[from] Grassy Terrain\n|-heal|p1a: Farigiraf|60\/100|[from] Grassy Terrain\n|-heal|p1b: Giroro|82\/100|[from] Grassy Terrain\n|-fieldend|move: Grassy Terrain\n|upkeep\n|\n|t:|1700184781\n|switch|p2b: Urshifu|Urshifu, L50, M|100\/100\n|turn|6\n|\n|t:|1700184797\n|move|p2a: Slowking|Scald|p1a: Farigiraf\n|-damage|p1a: Farigiraf|34\/100\n|move|p2b: Urshifu|Poison Jab|p1b: Giroro\n|-supereffective|p1b: Giroro\n|-damage|p1b: Giroro|28\/100\n|move|p1a: Farigiraf|Dazzling Gleam|p2b: Urshifu|[spread] p2a,p2b\n|-supereffective|p2b: Urshifu\n|-damage|p2a: Slowking|92\/100\n|-damage|p2b: Urshifu|47\/100\n|move|p1b: Giroro|Tera Blast|p2b: Urshifu|[anim] Tera Blast Fairy\n|-supereffective|p2b: Urshifu\n|-damage|p2b: Urshifu|0 fnt\n|faint|p2b: Urshifu\n|\n|upkeep\n|\n|t:|1700184809\n|switch|p2b: Iron Hands|Iron Hands, L50|47\/100\n|turn|7\n|\n|t:|1700184831\n|move|p2b: Iron Hands|Protect|p2b: Iron Hands\n|-singleturn|p2b: Iron Hands|Protect\n|move|p2a: Slowking|Psychic|p1b: Giroro\n|-damage|p1b: Giroro|10\/100\n|move|p1a: Farigiraf|Psyshock|p2b: Iron Hands\n|-activate|p2b: Iron Hands|move: Protect\n|move|p1b: Giroro|Heat Wave|p2a: Slowking|[spread] p2a\n|-activate|p2b: Iron Hands|move: Protect\n|-resisted|p2a: Slowking\n|-damage|p2a: Slowking|82\/100\n|\n|upkeep\n|turn|8\n|\n|t:|1700184854\n|move|p2a: Slowking|Psychic|p1b: Giroro\n|-damage|p1b: Giroro|0 fnt\n|faint|p1b: Giroro\n|move|p2b: Iron Hands|Thunder Punch|p1a: Farigiraf\n|-damage|p1a: Farigiraf|0 fnt\n|-damage|p2b: Iron Hands|30\/100|[from] item: Rocky Helmet|[of] p1a: Farigiraf\n|faint|p1a: Farigiraf\n|\n|-fieldend|move: Trick Room\n|upkeep\n|\n|t:|1700184864\n|switch|p1a: Uma Delicia|Rillaboom, L50, M, shiny|100\/100\n|-fieldstart|move: Grassy Terrain|[from] ability: Grassy Surge|[of] p1a: Uma Delicia\n|turn|9\n|\n|t:|1700184886\n|move|p1a: Uma Delicia|Wood Hammer|p2a: Slowking\n|-supereffective|p2a: Slowking\n|-damage|p2a: Slowking|0 fnt\n|faint|p2a: Slowking\n|-damage|p1a: Uma Delicia|75\/100|[from] Recoil\n|move|p2b: Iron Hands|Drain Punch|p1a: Uma Delicia\n|-damage|p1a: Uma Delicia|34\/100\n|-heal|p2b: Iron Hands|48\/100|[from] drain|[of] p1a: Uma Delicia\n|\n|-heal|p1a: Uma Delicia|40\/100|[from] Grassy Terrain\n|-heal|p2b: Iron Hands|54\/100|[from] Grassy Terrain\n|upkeep\n|turn|10\n|\n|t:|1700184903\n|move|p1a: Uma Delicia|Wood Hammer|p2b: Iron Hands\n|-damage|p2b: Iron Hands|0 fnt\n|faint|p2b: Iron Hands\n|-end|p2b: Iron Hands|Quark Drive|[silent]\n|-damage|p1a: Uma Delicia|20\/100|[from] Recoil\n|\n|win|MoggyOh\n|raw|MoggyOh's rating: 1385 &rarr; <strong>1408<\/strong><br \/>(+23 for winning)\n|raw|Test Doc's rating: 1431 &rarr; <strong>1408<\/strong><br \/>(-23 for losing)\n|l|\u2606Test Doc\n","uploadtime":1700184918,"views":19,"p1id":"moggyoh","p2id":"testdoc","formatid":"gen9vgc2023regulatione","rating":1408,"private":0,"password":""}