{"id":"gen9vgc2023regulatione-1996716848","p1":"lildreamer32","p2":"Doksa","format":"[Gen 9] VGC 2023 Regulation E","log":"|j|\u2606lildreamer32\n|j|\u2606Doksa\n|t:|1700713759\n|gametype|doubles\n|player|p1|lildreamer32|leaf-masters|1224\n|player|p2|Doksa|1|1360\n|teamsize|p1|6\n|teamsize|p2|6\n|gen|9\n|tier|[Gen 9] VGC 2023 Regulation E\n|rated|\n|rule|Species Clause: Limit one of each Pok\u00e9mon\n|rule|Item Clause: Limit one of each item\n|clearpoke\n|poke|p1|Gothitelle, L50, M|\n|poke|p1|Scream Tail, L50|\n|poke|p1|Arcanine-Hisui, L50, M|\n|poke|p1|Flutter Mane, L50|\n|poke|p1|Rillaboom, L50, M|\n|poke|p1|Landorus-Therian, L50, M|\n|poke|p2|Glimmora, L50, M|\n|poke|p2|Ting-Lu, L50|\n|poke|p2|Sinistcha-Masterpiece, L50|\n|poke|p2|Landorus-Therian, L50, M|\n|poke|p2|Dondozo, L50, F|\n|poke|p2|Hippowdon, L50, F|\n|teampreview|4\n|inactive|Battle timer is ON: inactive players will automatically lose when time's up. (requested by Doksa)\n|inactive|lildreamer32 also wants the timer to be on.\nlildreamer32 has agreed to open team sheets.\n|c|\u2606lildreamer32|woah\n|c|\u2606lildreamer32|dondozo with no tatsugiri\n|inactive|lildreamer32 has 60 seconds left.\n|inactive|Doksa has 60 seconds left.\n|inactive|Doksa has 30 seconds left.\n|inactive|lildreamer32 has 30 seconds left.\n|inactive|Doksa has 20 seconds left.\n|inactive|Doksa has 15 seconds left.\n|inactive|Doksa has 10 seconds left.\n|inactive|Doksa has 5 seconds left.\n|\n|t:|1700713849\n|start\n|switch|p1a: Scream Tail|Scream Tail, L50|100\/100\n|switch|p1b: Arcanine|Arcanine-Hisui, L50, M|100\/100\n|switch|p2a: Ting-Lu|Ting-Lu, L50|100\/100\n|switch|p2b: Hippowdon|Hippowdon, L50, F|100\/100\n|-ability|p1b: Arcanine|Intimidate|boost\n|-unboost|p2a: Ting-Lu|atk|1\n|-unboost|p2b: Hippowdon|atk|1\n|-weather|Sandstorm|[from] ability: Sand Stream|[of] p2b: Hippowdon\n|-ability|p2a: Ting-Lu|Vessel of Ruin\n|turn|1\n|inactive|Doksa has 30 seconds left.\n|\n|t:|1700713877\n|switch|p1b: Gothitelle|Gothitelle, L50, M|100\/100\n|move|p1a: Scream Tail|Perish Song|p1a: Scream Tail\n|-start|p1a: Scream Tail|perish3|[silent]\n|-start|p1b: Gothitelle|perish3|[silent]\n|-start|p2a: Ting-Lu|perish3|[silent]\n|-start|p2b: Hippowdon|perish3|[silent]\n|-fieldactivate|move: Perish Song\n|move|p2b: Hippowdon|Fissure|p1a: Scream Tail|[miss]\n|-miss|p2b: Hippowdon|p1a: Scream Tail\n|move|p2a: Ting-Lu|Whirlwind|p1a: Scream Tail\n|-end|p1a: Scream Tail|Protosynthesis|[silent]\n|drag|p1a: Arcanine|Arcanine-Hisui, L50, M|100\/100\n|-ability|p1a: Arcanine|Intimidate|boost\n|-unboost|p2a: Ting-Lu|atk|1\n|-unboost|p2b: Hippowdon|atk|1\n|\n|-weather|Sandstorm|[upkeep]\n|-damage|p1b: Gothitelle|94\/100|[from] Sandstorm\n|-start|p1b: Gothitelle|perish3\n|-start|p2b: Hippowdon|perish3\n|-start|p2a: Ting-Lu|perish3\n|upkeep\n|turn|2\n|inactive|lildreamer32 has 30 seconds left.\n|inactive|Doksa has 30 seconds left.\n|inactive|Doksa has 20 seconds left.\n|inactive|Doksa has 15 seconds left.\n|inactive|lildreamer32 has 20 seconds left.\n|inactive|Doksa has 10 seconds left.\n|\n|t:|1700713924\n|switch|p1a: Rillaboom|Rillaboom, L50, M|100\/100\n|-fieldstart|move: Grassy Terrain|[from] ability: Grassy Surge|[of] p1a: Rillaboom\n|move|p1b: Gothitelle|Fake Out|p2a: Ting-Lu\n|-damage|p2a: Ting-Lu|97\/100\n|move|p2b: Hippowdon|Stomping Tantrum|p1a: Rillaboom\n|-resisted|p1a: Rillaboom\n|-damage|p1a: Rillaboom|87\/100\n|cant|p2a: Ting-Lu|flinch\n|\n|-weather|Sandstorm|[upkeep]\n|-damage|p1a: Rillaboom|81\/100|[from] Sandstorm\n|-damage|p1b: Gothitelle|88\/100|[from] Sandstorm\n|-heal|p1a: Rillaboom|87\/100|[from] Grassy Terrain\n|-heal|p1b: Gothitelle|94\/100|[from] Grassy Terrain\n|-heal|p2a: Ting-Lu|100\/100|[from] Grassy Terrain\n|-start|p1b: Gothitelle|perish2\n|-start|p2b: Hippowdon|perish2\n|-start|p2a: Ting-Lu|perish2\n|upkeep\n|turn|3\n|inactive|Doksa has 30 seconds left.\n|inactive|Doksa has 20 seconds left.\n|inactive|Doksa has 15 seconds left.\n|\n|t:|1700713967\n|move|p1b: Gothitelle|Protect|p1b: Gothitelle\n|-singleturn|p1b: Gothitelle|Protect\n|move|p1a: Rillaboom|Fake Out|p2a: Ting-Lu\n|-crit|p2a: Ting-Lu\n|-damage|p2a: Ting-Lu|91\/100\n|move|p2b: Hippowdon|Fissure|p1a: Rillaboom|[miss]\n|-miss|p2b: Hippowdon|p1a: Rillaboom\n|cant|p2a: Ting-Lu|flinch\n|\n|-weather|Sandstorm|[upkeep]\n|-damage|p1a: Rillaboom|81\/100|[from] Sandstorm\n|-damage|p1b: Gothitelle|88\/100|[from] Sandstorm\n|-heal|p1a: Rillaboom|87\/100|[from] Grassy Terrain\n|-heal|p1b: Gothitelle|94\/100|[from] Grassy Terrain\n|-heal|p2a: Ting-Lu|97\/100|[from] Grassy Terrain\n|-start|p1b: Gothitelle|perish1\n|-start|p2b: Hippowdon|perish1\n|-start|p2a: Ting-Lu|perish1\n|upkeep\n|turn|4\n|c|\u2606Doksa|Seriously\u2026\n|inactive|Doksa has 30 seconds left.\n|c|\u2606Doksa|this strat\u2026\n|inactive|Doksa has 20 seconds left.\n|inactive|Doksa has 15 seconds left.\n|c|\u2606lildreamer32|my brother in christ, you are using fissure ting lu\n|inactive|Doksa has 10 seconds left.\n|inactive|Doksa has 5 seconds left.\n|\n|t:|1700714022\n|switch|p1b: Scream Tail|Scream Tail, L50|100\/100\n|move|p1a: Rillaboom|Protect|p1a: Rillaboom\n|-singleturn|p1a: Rillaboom|Protect\n|move|p2b: Hippowdon|Yawn|p1a: Rillaboom\n|-activate|p1a: Rillaboom|move: Protect\n|move|p2a: Ting-Lu|Heavy Slam|p1b: Scream Tail\n|-supereffective|p1b: Scream Tail\n|-damage|p1b: Scream Tail|80\/100\n|\n|-weather|Sandstorm|[upkeep]\n|-damage|p1b: Scream Tail|75\/100|[from] Sandstorm\n|-damage|p1a: Rillaboom|81\/100|[from] Sandstorm\n|-heal|p1b: Scream Tail|80\/100|[from] Grassy Terrain\n|-heal|p1a: Rillaboom|87\/100|[from] Grassy Terrain\n|-heal|p2a: Ting-Lu|100\/100|[from] Grassy Terrain\n|-start|p2b: Hippowdon|perish0\n|-start|p2a: Ting-Lu|perish0\n|faint|p2b: Hippowdon\n|faint|p2a: Ting-Lu\n|upkeep\n|inactive|Doksa has 30 seconds left.\n|\n|t:|1700714047\n|switch|p2b: Landorus|Landorus-Therian, L50, M|100\/100\n|switch|p2a: Sinistcha|Sinistcha-Masterpiece, L50|100\/100\n|-ability|p2b: Landorus|Intimidate|boost\n|-unboost|p1a: Rillaboom|atk|1\n|-unboost|p1b: Scream Tail|atk|1\n|turn|5\n|inactive|Doksa has 30 seconds left.\n|inactive|Doksa has 20 seconds left.\n|\n|t:|1700714085\n|switch|p1a: Arcanine|Arcanine-Hisui, L50, M|100\/100\n|-ability|p1a: Arcanine|Intimidate|boost\n|-unboost|p2a: Sinistcha|atk|1\n|-unboost|p2b: Landorus|atk|1\n|-terastallize|p2b: Landorus|Flying\n|move|p2b: Landorus|Tera Blast|p1b: Scream Tail|[anim] Tera Blast Flying\n|-damage|p1b: Scream Tail|40\/100\n|move|p1b: Scream Tail|Perish Song|p1b: Scream Tail\n|-start|p1a: Arcanine|perish3|[silent]\n|-start|p1b: Scream Tail|perish3|[silent]\n|-start|p2a: Sinistcha|perish3|[silent]\n|-start|p2b: Landorus|perish3|[silent]\n|-fieldactivate|move: Perish Song\n|move|p2a: Sinistcha|Strength Sap|p1a: Arcanine\n|-unboost|p1a: Arcanine|atk|1\n|\n|-weather|none\n|-heal|p1b: Scream Tail|45\/100|[from] Grassy Terrain\n|-start|p2b: Landorus|perish3\n|-start|p1a: Arcanine|perish3\n|-start|p1b: Scream Tail|perish3\n|-start|p2a: Sinistcha|perish3\n|upkeep\n|turn|6\n|inactive|lildreamer32 has 30 seconds left.\n|inactive|Doksa has 30 seconds left.\n|inactive|Doksa has 20 seconds left.\n|inactive|Doksa has 15 seconds left.\n|inactive|Doksa has 10 seconds left.\n|inactive|Doksa has 5 seconds left.\n|\n|t:|1700714139\n|-end|p1b: Scream Tail|Protosynthesis|[silent]\n|switch|p1b: Gothitelle|Gothitelle, L50, M|94\/100\n|move|p2b: Landorus|Tera Blast|p1a: Arcanine|[anim] Tera Blast Flying\n|-resisted|p1a: Arcanine\n|-damage|p1a: Arcanine|63\/100\n|move|p1a: Arcanine|Snarl|p2b: Landorus|[spread] p2a,p2b\n|-supereffective|p2a: Sinistcha\n|-damage|p2a: Sinistcha|86\/100\n|-damage|p2b: Landorus|88\/100\n|-unboost|p2a: Sinistcha|spa|1\n|-unboost|p2b: Landorus|spa|1\n|move|p2a: Sinistcha|Matcha Gotcha|p1b: Gothitelle|[spread] p1a,p1b\n|-damage|p1a: Arcanine|45\/100\n|-heal|p2a: Sinistcha|95\/100|[from] drain|[of] p1a: Arcanine\n|-damage|p1b: Gothitelle|79\/100\n|-heal|p2a: Sinistcha|100\/100|[from] drain|[of] p1b: Gothitelle\n|\n|-heal|p1a: Arcanine|51\/100|[from] Grassy Terrain\n|-heal|p1b: Gothitelle|85\/100|[from] Grassy Terrain\n|-start|p2b: Landorus|perish2\n|-start|p1a: Arcanine|perish2\n|-start|p2a: Sinistcha|perish2\n|-fieldend|move: Grassy Terrain\n|upkeep\n|turn|7\n|inactive|Doksa has 30 seconds left.\n|inactive|Doksa has 20 seconds left.\n|inactive|Doksa has 15 seconds left.\n|inactive|Doksa has 10 seconds left.\n|inactive|Doksa has 5 seconds left.\n|\n|t:|1700714193\n|move|p2a: Sinistcha|Protect|p2a: Sinistcha\n|-singleturn|p2a: Sinistcha|Protect\n|move|p1b: Gothitelle|Fake Out|p2b: Landorus\n|-damage|p2b: Landorus|80\/100\n|cant|p2b: Landorus|flinch\n|move|p1a: Arcanine|Snarl|p2b: Landorus|[spread] p2b\n|-activate|p2a: Sinistcha|move: Protect\n|-damage|p2b: Landorus|69\/100\n|-unboost|p2b: Landorus|spa|1\n|\n|-start|p2b: Landorus|perish1\n|-start|p1a: Arcanine|perish1\n|-start|p2a: Sinistcha|perish1\n|upkeep\n|turn|8\n|inactive|Doksa has 30 seconds left.\n|c|\u2606lildreamer32|gg\n|c|\u2606lildreamer32|wp\n|inactive|Doksa has 20 seconds left.\n|inactive|Doksa has 15 seconds left.\n|inactive|Doksa has 10 seconds left.\n|inactive|Doksa has 5 seconds left.\n|c|\u2606Doksa|No\n|\n|t:|1700714248\n|move|p1b: Gothitelle|Protect|p1b: Gothitelle\n|-singleturn|p1b: Gothitelle|Protect\n|move|p1a: Arcanine|Extreme Speed|p1b: Gothitelle\n|-activate|p1b: Gothitelle|move: Protect\n|move|p2b: Landorus|Tera Blast|p1b: Gothitelle|[anim] Tera Blast Flying\n|-activate|p1b: Gothitelle|move: Protect\n|move|p2a: Sinistcha|Calm Mind|p2a: Sinistcha\n|-boost|p2a: Sinistcha|spa|1\n|-boost|p2a: Sinistcha|spd|1\n|\n|-start|p2b: Landorus|perish0\n|-start|p1a: Arcanine|perish0\n|-start|p2a: Sinistcha|perish0\n|faint|p2b: Landorus\n|faint|p1a: Arcanine\n|faint|p2a: Sinistcha\n|\n|win|lildreamer32\n|upkeep\n|raw|lildreamer32's rating: 1224 &rarr; <strong>1258<\/strong><br \/>(+34 for winning)\n|raw|Doksa's rating: 1360 &rarr; <strong>1333<\/strong><br \/>(-27 for losing)\n|l|\u2606lildreamer32\n|j|\u2606lildreamer32\n|player|p1|lildreamer32|leaf-masters\n","uploadtime":1700714334,"views":3,"p1id":"lildreamer32","p2id":"doksa","formatid":"gen9vgc2023regulatione","rating":1258,"private":0,"password":""}