{"id":"gen9vgc2023regulatione-1988519237","p1":"Snog2273","p2":"Steve9999","format":"[Gen 9] VGC 2023 Regulation E","log":"|j|\u2606Snog2273\n|j|\u2606Steve9999\n|t:|1699731616\n|gametype|doubles\n|player|p1|Snog2273|supernerd|1199\n|player|p2|Steve9999|265|1161\n|teamsize|p1|6\n|teamsize|p2|6\n|gen|9\n|tier|[Gen 9] VGC 2023 Regulation E\n|rated|\n|rule|Species Clause: Limit one of each Pok\u00e9mon\n|rule|Item Clause: Limit one of each item\n|clearpoke\n|poke|p1|Kingambit, L50, F|\n|poke|p1|Iron Hands, L50|\n|poke|p1|Arcanine-Hisui, L50, F|\n|poke|p1|Urshifu-*, L50, F|\n|poke|p1|Flutter Mane, L50|\n|poke|p1|Tornadus, L50, M|\n|poke|p2|Chi-Yu, L50|\n|poke|p2|Flutter Mane, L50|\n|poke|p2|Iron Hands, L50|\n|poke|p2|Tornadus, L50, M|\n|poke|p2|Landorus-Therian, L50, M|\n|poke|p2|Ogerpon-Wellspring, L50, F|\n|teampreview|4\n|inactive|Battle timer is ON: inactive players will automatically lose when time's up. (requested by Snog2273)\nSnog2273 has agreed to open team sheets.\n|inactive|Snog2273 has 60 seconds left.\n|\n|t:|1699731662\n|start\n|switch|p1a: Charmese|Urshifu-Rapid-Strike, L50, F|100\/100\n|switch|p1b: Brian|Iron Hands, L50|100\/100\n|switch|p2a: Flutter Mane|Flutter Mane, L50, shiny|100\/100\n|switch|p2b: Tornadus|Tornadus, L50, M|100\/100\n|turn|1\n|inactive|Steve9999 has 30 seconds left.\n|\n|t:|1699731694\n|-terastallize|p1a: Charmese|Water\n|-terastallize|p2b: Tornadus|Ghost\n|move|p2b: Tornadus|Tailwind|p2b: Tornadus\n|-sidestart|p2: Steve9999|move: Tailwind\n|move|p2a: Flutter Mane|Dazzling Gleam|p1a: Charmese|[spread] p1a,p1b\n|-supereffective|p1b: Brian\n|-damage|p1a: Charmese|28\/100\n|-damage|p1b: Brian|47\/100\n|move|p1a: Charmese|Surging Strikes|p2b: Tornadus\n|-crit|p2b: Tornadus\n|-damage|p2b: Tornadus|65\/100\n|-crit|p2b: Tornadus\n|-damage|p2b: Tornadus|28\/100\n|-enditem|p2b: Tornadus|Sitrus Berry|[eat]\n|-heal|p2b: Tornadus|53\/100|[from] item: Sitrus Berry\n|-crit|p2b: Tornadus\n|-damage|p2b: Tornadus|12\/100\n|-hitcount|p2b: Tornadus|3\n|move|p1b: Brian|Heavy Slam|p2a: Flutter Mane\n|-supereffective|p2a: Flutter Mane\n|-damage|p2a: Flutter Mane|0 fnt\n|faint|p2a: Flutter Mane\n|-end|p2a: Flutter Mane|Protosynthesis|[silent]\n|\n|upkeep\n|\n|t:|1699731716\n|switch|p2a: Iron Hands|Iron Hands, L50, shiny|100\/100\n|turn|2\n|inactive|Snog2273 has 30 seconds left.\n|\n|t:|1699731746\n|switch|p1a: Harold|Arcanine-Hisui, L50, F|100\/100\n|-ability|p1a: Harold|Intimidate|boost\n|-unboost|p2a: Iron Hands|atk|1\n|-unboost|p2b: Tornadus|atk|1\n|move|p2a: Iron Hands|Fake Out|p1b: Brian\n|-damage|p1b: Brian|40\/100\n|move|p2b: Tornadus|Bleakwind Storm|p1b: Brian|[spread] p1b\n|-miss|p2b: Tornadus|p1a: Harold\n|-crit|p1b: Brian\n|-damage|p1b: Brian|14\/100\n|-unboost|p1b: Brian|spe|1\n|cant|p1b: Brian|flinch\n|\n|upkeep\n|turn|3\n|inactive|Snog2273 has 30 seconds left.\n|\n|t:|1699731775\n|move|p2b: Tornadus|Bleakwind Storm|p1b: Brian|[spread] \n|-miss|p2b: Tornadus|p1a: Harold\n|-miss|p2b: Tornadus|p1b: Brian\n|move|p2a: Iron Hands|Drain Punch|p1a: Harold\n|-supereffective|p1a: Harold\n|-damage|p1a: Harold|40\/100\n|move|p1a: Harold|Rock Slide|p2a: Iron Hands|[spread] p2a,p2b\n|-resisted|p2a: Iron Hands\n|-damage|p2a: Iron Hands|88\/100\n|-damage|p2b: Tornadus|0 fnt\n|faint|p2b: Tornadus\n|move|p1b: Brian|Drain Punch|p2a: Iron Hands\n|-damage|p2a: Iron Hands|66\/100\n|-heal|p1b: Brian|26\/100|[from] drain|[of] p2a: Iron Hands\n|\n|upkeep\n|\n|t:|1699731789\n|switch|p2b: Landorus|Landorus-Therian, L50, M|100\/100\n|-ability|p2b: Landorus|Intimidate|boost\n|-unboost|p1a: Harold|atk|1\n|-unboost|p1b: Brian|atk|1\n|turn|4\n|inactive|Snog2273 has 30 seconds left.\n|\n|t:|1699731816\n|switch|p1a: Genevieve|Flutter Mane, L50|100\/100\n|move|p2b: Landorus|Stomping Tantrum|p1a: Genevieve\n|-damage|p1a: Genevieve|37\/100\n|move|p2a: Iron Hands|Drain Punch|p1a: Genevieve\n|-immune|p1a: Genevieve\n|move|p1b: Brian|Drain Punch|p2a: Iron Hands\n|-damage|p2a: Iron Hands|51\/100\n|-heal|p1b: Brian|35\/100|[from] drain|[of] p2a: Iron Hands\n|\n|-sideend|p2: Steve9999|move: Tailwind\n|upkeep\n|turn|5\n|inactive|Snog2273 has 30 seconds left.\n|inactive|Snog2273 has 20 seconds left.\n|inactive|Snog2273 has 15 seconds left.\n|inactive|Snog2273 has 10 seconds left.\n|\n|t:|1699731862\n|-end|p1b: Brian|Quark Drive|[silent]\n|switch|p1b: Harold|Arcanine-Hisui, L50, F|40\/100\n|-ability|p1b: Harold|Intimidate|boost\n|-unboost|p2a: Iron Hands|atk|1\n|-unboost|p2b: Landorus|atk|1\n|move|p2b: Landorus|Stomping Tantrum|p1a: Genevieve\n|-damage|p1a: Genevieve|0 fnt\n|faint|p1a: Genevieve\n|-end|p1a: Genevieve|Protosynthesis|[silent]\n|move|p2a: Iron Hands|Drain Punch|p1b: Harold\n|-supereffective|p1b: Harold\n|-crit|p1b: Harold\n|-damage|p1b: Harold|0 fnt\n|-heal|p2a: Iron Hands|66\/100|[from] drain|[of] p1b: Harold\n|faint|p1b: Harold\n|\n|upkeep\n|\n|t:|1699731874\n|switch|p1a: Charmese|Urshifu-Rapid-Strike, L50, F, tera:Water|28\/100\n|switch|p1b: Brian|Iron Hands, L50|35\/100\n|turn|6\n|\n|t:|1699731898\n|move|p1b: Brian|Fake Out|p2a: Iron Hands\n|-damage|p2a: Iron Hands|57\/100\n|move|p2b: Landorus|Stomping Tantrum|p1a: Charmese\n|-damage|p1a: Charmese|0 fnt\n|faint|p1a: Charmese\n|cant|p2a: Iron Hands|flinch\n|\n|upkeep\n|turn|7\n|-message|Snog2273 forfeited.\n|\n|win|Steve9999\n|raw|Snog2273's rating: 1199 &rarr; <strong>1171<\/strong><br \/>(-28 for losing)\n|raw|Steve9999's rating: 1161 &rarr; <strong>1189<\/strong><br \/>(+28 for winning)\n|l|\u2606Snog2273\n","uploadtime":1699731921,"views":16,"p1id":"snog2273","p2id":"steve9999","formatid":"gen9vgc2023regulatione","rating":1171,"private":0,"password":""}