{"id":"gen9vgc2023regulatione-1991330242","p1":"TiaowaNobodyCares","p2":"5wamp","format":"[Gen 9] VGC 2023 Regulation E","log":"|j|\u2606TiaowaNobodyCares\n|j|\u26065wamp\n|t:|1700068151\n|gametype|doubles\n|player|p1|TiaowaNobodyCares|170|\n|player|p2|5wamp|carmine-festival|\n|teamsize|p1|6\n|teamsize|p2|6\n|gen|9\n|tier|[Gen 9] VGC 2023 Regulation E\n|rated|Tournament battle\n|rule|Species Clause: Limit one of each Pok\u00e9mon\n|rule|Item Clause: Limit one of each item\n|clearpoke\n|poke|p1|Tyranitar, L50, F|\n|poke|p1|Arcanine-Hisui, L50, M|\n|poke|p1|Ogerpon-Wellspring, L50, F|\n|poke|p1|Flutter Mane, L50|\n|poke|p1|Zapdos, L50|\n|poke|p1|Chien-Pao, L50|\n|poke|p2|Dondozo, L50, M|\n|poke|p2|Tatsugiri, L50, F|\n|poke|p2|Rillaboom, L50, M|\n|poke|p2|Volcarona, L50, M|\n|poke|p2|Kingambit, L50, M|\n|poke|p2|Clefairy, L50, M|\n|teampreview|4\n|showteam|p1|Tyranitar||AssaultVest|SandStream|RockSlide,KnockOff,IcePunch,TeraBlast|||F|||50|,,,,,Fairy]Arcanine-Hisui||SitrusBerry|Intimidate|RockSlide,FlareBlitz,Howl,Protect|||M|||50|,,,,,Grass]Ogerpon-Wellspring||WellspringMask|WaterAbsorb|IvyCudgel,HornLeech,FollowMe,SpikyShield|||F|||50|,,,,,Water]Flutter Mane||BoosterEnergy|Protosynthesis|DazzlingGleam,ShadowBall,IcyWind,Protect||||||50|,,,,,Steel]Zapdos||RockyHelmet|Static|Thunderbolt,Hurricane,Tailwind,Roost||||||50|,,,,,Water]Chien-Pao||ClearAmulet|SwordofRuin|IcicleCrash,Crunch,SacredSword,Protect||||||50|,,,,,Fighting\n|showteam|p2|Dondozo||Leftovers|Unaware|OrderUp,Earthquake,WaveCrash,Protect|||M|||50|,,,,,Grass]Tatsugiri||ChoiceScarf|Commander|DracoMeteor,MuddyWater,IcyWind,TeraBlast|||F|||50|,,,,,Steel]Rillaboom||AssaultVest|GrassySurge|WoodHammer,GrassyGlide,Uturn,FakeOut|||M|||50|,,,,,Fire]Volcarona||SitrusBerry|FlameBody|Protect,HeatWave,TeraBlast,QuiverDance|||M|||50|,,,,,Ground]Kingambit||BlackGlasses|Defiant|Protect,KowtowCleave,SuckerPunch,SwordsDance|||M|||50|,,,,,Dark]Clefairy||Eviolite|FriendGuard|Protect,HelpingHand,FollowMe,HealPulse|||M|||50|,,,,,Grass\n|j| O1OOO11O\n|c|\u26065wamp|glhf\n|j| MorningElegy\n|j| babiwi bewey\u2714\ufe0f\n|j| huhumaster\n|j| ale cog\n|inactive|Battle timer is ON: inactive players will automatically lose when time's up. (requested by 5wamp)\n|inactive|TiaowaNobodyCares has 60 seconds left.\n|\n|t:|1700068207\n|start\n|switch|p1a: Zapdos|Zapdos, L50, shiny|100\/100\n|switch|p1b: Chien-Pao|Chien-Pao, L50|100\/100\n|switch|p2a: Volcarona|Volcarona, L50, M|100\/100\n|switch|p2b: Rillaboom|Rillaboom, L50, M|100\/100\n|-ability|p1b: Chien-Pao|Sword of Ruin\n|-fieldstart|move: Grassy Terrain|[from] ability: Grassy Surge|[of] p2b: Rillaboom\n|turn|1\n|j| LanternComic\n|\n|t:|1700068228\n|-terastallize|p2b: Rillaboom|Fire\n|move|p2b: Rillaboom|Fake Out|p1a: Zapdos\n|-damage|p1a: Zapdos|84\/100\n|-damage|p2b: Rillaboom|84\/100|[from] item: Rocky Helmet|[of] p1a: Zapdos\n|-status|p2b: Rillaboom|par|[from] ability: Static|[of] p1a: Zapdos\n|move|p1b: Chien-Pao|Icicle Crash|p2b: Rillaboom\n|-resisted|p2b: Rillaboom\n|-damage|p2b: Rillaboom|54\/100 par\n|move|p2a: Volcarona|Quiver Dance|p2a: Volcarona\n|-boost|p2a: Volcarona|spa|1\n|-boost|p2a: Volcarona|spd|1\n|-boost|p2a: Volcarona|spe|1\n|cant|p1a: Zapdos|flinch\n|\n|-heal|p2b: Rillaboom|59\/100 par|[from] Grassy Terrain\n|upkeep\n|turn|2\n|\n|t:|1700068248\n|switch|p1b: Arcanine|Arcanine-Hisui, L50, M, shiny|100\/100\n|-ability|p1b: Arcanine|Intimidate|boost\n|-unboost|p2a: Volcarona|atk|1\n|-unboost|p2b: Rillaboom|atk|1\n|move|p2b: Rillaboom|Grassy Glide|p1b: Arcanine\n|-damage|p1b: Arcanine|73\/100\n|move|p2a: Volcarona|Heat Wave|p1b: Arcanine|[spread] p1a,p1b\n|-resisted|p1b: Arcanine\n|-damage|p1a: Zapdos|33\/100\n|-damage|p1b: Arcanine|59\/100\n|move|p1a: Zapdos|Hurricane|p2a: Volcarona\n|-supereffective|p2a: Volcarona\n|-damage|p2a: Volcarona|38\/100\n|-start|p2a: Volcarona|confusion\n|-enditem|p2a: Volcarona|Sitrus Berry|[eat]\n|-heal|p2a: Volcarona|63\/100|[from] item: Sitrus Berry\n|\n|-heal|p2a: Volcarona|69\/100|[from] Grassy Terrain\n|-heal|p1b: Arcanine|65\/100|[from] Grassy Terrain\n|-heal|p2b: Rillaboom|65\/100 par|[from] Grassy Terrain\n|upkeep\n|turn|3\n|inactive|TiaowaNobodyCares has 30 seconds left.\n|\n|t:|1700068278\n|-activate|p2a: Volcarona|confusion\n|move|p2a: Volcarona|Protect|p2a: Volcarona\n|-singleturn|p2a: Volcarona|Protect\n|move|p1b: Arcanine|Protect|p1b: Arcanine\n|-singleturn|p1b: Arcanine|Protect\n|move|p2b: Rillaboom|Grassy Glide|p1b: Arcanine\n|-activate|p1b: Arcanine|move: Protect\n|move|p1a: Zapdos|Tailwind|p1a: Zapdos\n|-sidestart|p1: TiaowaNobodyCares|move: Tailwind\n|\n|-heal|p1b: Arcanine|71\/100|[from] Grassy Terrain\n|-heal|p2a: Volcarona|75\/100|[from] Grassy Terrain\n|-heal|p2b: Rillaboom|71\/100 par|[from] Grassy Terrain\n|upkeep\n|turn|4\n|\n|t:|1700068300\n|switch|p2a: Kingambit|Kingambit, L50, M|100\/100\n|-terastallize|p1b: Arcanine|Grass\n|move|p1b: Arcanine|Rock Slide|p2b: Rillaboom|[spread] p2a,p2b\n|-resisted|p2a: Kingambit\n|-supereffective|p2b: Rillaboom\n|-damage|p2a: Kingambit|91\/100\n|-damage|p2b: Rillaboom|24\/100 par\n|move|p1a: Zapdos|Roost|p1a: Zapdos\n|-heal|p1a: Zapdos|84\/100\n|-singleturn|p1a: Zapdos|move: Roost\n|move|p2b: Rillaboom|Wood Hammer|p1b: Arcanine\n|-resisted|p1b: Arcanine\n|-damage|p1b: Arcanine|41\/100\n|-enditem|p1b: Arcanine|Sitrus Berry|[eat]\n|-heal|p1b: Arcanine|66\/100|[from] item: Sitrus Berry\n|-damage|p2b: Rillaboom|15\/100 par|[from] Recoil\n|\n|-heal|p1b: Arcanine|72\/100|[from] Grassy Terrain\n|-heal|p1a: Zapdos|90\/100|[from] Grassy Terrain\n|-heal|p2a: Kingambit|97\/100|[from] Grassy Terrain\n|-heal|p2b: Rillaboom|20\/100 par|[from] Grassy Terrain\n|upkeep\n|turn|5\n|inactive|TiaowaNobodyCares has 30 seconds left.\n|inactive|5wamp has 30 seconds left.\n|\n|t:|1700068328\n|move|p2a: Kingambit|Protect|p2a: Kingambit\n|-singleturn|p2a: Kingambit|Protect\n|move|p1b: Arcanine|Flare Blitz|p2a: Kingambit\n|-activate|p2a: Kingambit|move: Protect\n|move|p1a: Zapdos|Thunderbolt|p2b: Rillaboom\n|-damage|p2b: Rillaboom|0 fnt\n|faint|p2b: Rillaboom\n|\n|-heal|p1b: Arcanine|78\/100|[from] Grassy Terrain\n|-heal|p2a: Kingambit|100\/100|[from] Grassy Terrain\n|-fieldend|move: Grassy Terrain\n|upkeep\n|\n|t:|1700068335\n|switch|p2b: Clefairy|Clefairy, L50, M|100\/100\n|turn|6\n|\n|t:|1700068359\n|move|p2b: Clefairy|Follow Me|p2b: Clefairy\n|-singleturn|p2b: Clefairy|move: Follow Me\n|move|p1b: Arcanine|Howl|p1b: Arcanine|[spread] p1a,p1b\n|-boost|p1a: Zapdos|atk|1\n|-boost|p1b: Arcanine|atk|1\n|move|p1a: Zapdos|Hurricane|p2b: Clefairy\n|-damage|p2b: Clefairy|53\/100\n|move|p2a: Kingambit|Swords Dance|p2a: Kingambit\n|-boost|p2a: Kingambit|atk|2\n|\n|-sideend|p1: TiaowaNobodyCares|move: Tailwind\n|upkeep\n|turn|7\n|inactive|TiaowaNobodyCares has 30 seconds left.\n|j| somethingelse77\n|\n|t:|1700068394\n|move|p2b: Clefairy|Protect|p2b: Clefairy\n|-singleturn|p2b: Clefairy|Protect\n|move|p2a: Kingambit|Sucker Punch|p1b: Arcanine\n|-damage|p1b: Arcanine|0 fnt\n|faint|p1b: Arcanine\n|move|p1a: Zapdos|Thunderbolt|p2b: Clefairy\n|-activate|p2b: Clefairy|move: Protect\n|\n|upkeep\n|\n|t:|1700068402\n|switch|p1b: Flutter Mane|Flutter Mane, L50, shiny|100\/100\n|-enditem|p1b: Flutter Mane|Booster Energy\n|-activate|p1b: Flutter Mane|ability: Protosynthesis|[fromitem]\n|-start|p1b: Flutter Mane|protosynthesisspa\n|turn|8\n|l| LanternComic\n|inactive|5wamp has 30 seconds left.\n|\n|t:|1700068436\n|move|p1b: Flutter Mane|Protect|p1b: Flutter Mane\n|-singleturn|p1b: Flutter Mane|Protect\n|move|p1a: Zapdos|Hurricane|p2b: Clefairy\n|-damage|p2b: Clefairy|2\/100\n|-start|p2b: Clefairy|confusion\n|move|p2a: Kingambit|Kowtow Cleave|p1a: Zapdos\n|-damage|p1a: Zapdos|0 fnt\n|-damage|p2a: Kingambit|84\/100|[from] item: Rocky Helmet|[of] p1a: Zapdos\n|faint|p1a: Zapdos\n|-activate|p2b: Clefairy|confusion\n|move|p2b: Clefairy|Heal Pulse|p2a: Kingambit\n|-heal|p2a: Kingambit|100\/100\n|\n|upkeep\n|l| huhumaster\n|\n|t:|1700068448\n|switch|p1a: Chien-Pao|Chien-Pao, L50|100\/100\n|-ability|p1a: Chien-Pao|Sword of Ruin\n|turn|9\n|inactive|TiaowaNobodyCares has 30 seconds left.\n|\n|t:|1700068474\n|move|p1b: Flutter Mane|Protect||[still]\n|-fail|p1b: Flutter Mane\n|-activate|p2b: Clefairy|confusion\n|-damage|p2b: Clefairy|0 fnt|[from] confusion\n|faint|p2b: Clefairy\n|move|p2a: Kingambit|Sucker Punch||[still]\n|-fail|p2a: Kingambit\n|move|p1a: Chien-Pao|Sacred Sword|p2a: Kingambit\n|-supereffective|p2a: Kingambit\n|-damage|p2a: Kingambit|0 fnt\n|faint|p2a: Kingambit\n|\n|upkeep\n|c|\u26065wamp|lol\n|c|\u26065wamp|gg\n|\n|t:|1700068484\n|switch|p2b: Volcarona|Volcarona, L50, M|75\/100\n|turn|10\n|l| somethingelse77\n|-message|5wamp forfeited.\n|\n|win|TiaowaNobodyCares\n|n|\u2606TiaowaNobodyCares|tiaowanobodycares\n|n|\u26065wamp|5wamp\n|n| O1OOO11O|o1ooo11o\n|n| MorningElegy|morningelegy\n|n| babiwi bewey\u2714\ufe0f|babiwibewey\n|n| ale cog|alecog\n","uploadtime":1700068490,"views":42,"p1id":"tiaowanobodycares","p2id":"5wamp","formatid":"gen9vgc2023regulatione","rating":0,"private":0,"password":""}