{"id":"gen9vgc2023regulatione-1999313593","p1":"TheFrostyKnight","p2":"Espara","format":"[Gen 9] VGC 2023 Regulation E","log":"|j|\u2606TheFrostyKnight\n|j|\u2606Espara\n|t:|1701058866\n|gametype|doubles\n|player|p1|TheFrostyKnight|265|1030\n|player|p2|Espara|lady|1054\n|teamsize|p1|6\n|teamsize|p2|6\n|gen|9\n|tier|[Gen 9] VGC 2023 Regulation E\n|rated|\n|rule|Species Clause: Limit one of each Pok\u00e9mon\n|rule|Item Clause: Limit one of each item\n|clearpoke\n|poke|p1|Politoed, L50, M|\n|poke|p1|Goodra-Hisui, L50, F|\n|poke|p1|Scizor, L50, M|\n|poke|p1|Zapdos, L50|\n|poke|p1|Lumineon, L50, F|\n|poke|p1|Urshifu-*, L50, F|\n|poke|p2|Froslass, L50, F|\n|poke|p2|Bombirdier, L50, F|\n|poke|p2|Florges, L50, F|\n|poke|p2|Arcanine-Hisui, L50, M|\n|poke|p2|Sawsbuck-Winter, L50, F|\n|poke|p2|Dragalge, L50, M|\n|teampreview|4\n|\n|t:|1701058898\n|start\n|switch|p1a: Zapdos|Zapdos, L50|100\/100\n|switch|p1b: Politoed|Politoed, L50, M|100\/100\n|switch|p2a: Bombirdier|Bombirdier, L50, F, shiny|100\/100\n|switch|p2b: Froslass|Froslass, L50, F, shiny|100\/100\n|-weather|RainDance|[from] ability: Drizzle|[of] p1b: Politoed\n|turn|1\n|\n|t:|1701058916\n|move|p1b: Politoed|Protect|p1b: Politoed\n|-singleturn|p1b: Politoed|Protect\n|move|p2b: Froslass|Icy Wind|p1a: Zapdos|[spread] p1a\n|-activate|p1b: Politoed|move: Protect\n|-supereffective|p1a: Zapdos\n|-damage|p1a: Zapdos|63\/100\n|-unboost|p1a: Zapdos|spe|1\n|move|p2a: Bombirdier|Tailwind|p2a: Bombirdier\n|-sidestart|p2: Espara|move: Tailwind\n|move|p1a: Zapdos|Thunder|p2a: Bombirdier\n|-supereffective|p2a: Bombirdier\n|-damage|p2a: Bombirdier|0 fnt\n|faint|p2a: Bombirdier\n|\n|-weather|RainDance|[upkeep]\n|upkeep\n|\n|t:|1701058930\n|switch|p2a: Sawsbuck|Sawsbuck-Winter, L50, F, shiny|100\/100\n|turn|2\n|\n|t:|1701058947\n|move|p2b: Froslass|Ice Beam|p1a: Zapdos\n|-supereffective|p1a: Zapdos\n|-crit|p1a: Zapdos\n|-damage|p1a: Zapdos|0 fnt\n|faint|p1a: Zapdos\n|move|p2a: Sawsbuck|Horn Leech|p1b: Politoed\n|-supereffective|p1b: Politoed\n|-damage|p1b: Politoed|18\/100\n|-enditem|p1b: Politoed|Eject Button\n|\n|t:|1701058957\n|switch|p1b: Lumineon|Lumineon, L50, F|100\/100\n|\n|-weather|RainDance|[upkeep]\n|upkeep\n|\n|t:|1701058964\n|switch|p1a: Urshifu|Urshifu-Rapid-Strike, L50, F|100\/100\n|turn|3\n|\n|t:|1701058984\n|switch|p1a: Politoed|Politoed, L50, M|18\/100\n|move|p2b: Froslass|Destiny Bond|p2b: Froslass\n|-singlemove|p2b: Froslass|Destiny Bond\n|move|p2a: Sawsbuck|Horn Leech|p1a: Politoed\n|-supereffective|p1a: Politoed\n|-damage|p1a: Politoed|0 fnt\n|faint|p1a: Politoed\n|move|p1b: Lumineon|Tailwind|p1b: Lumineon\n|-sidestart|p1: TheFrostyKnight|move: Tailwind\n|\n|-weather|RainDance|[upkeep]\n|upkeep\n|\n|t:|1701058994\n|switch|p1a: Urshifu|Urshifu-Rapid-Strike, L50, F|100\/100\n|turn|4\n|\n|t:|1701059006\n|-terastallize|p1b: Lumineon|Fire\n|move|p2b: Froslass|Icy Wind|p1a: Urshifu|[spread] p1a,p1b\n|-resisted|p1a: Urshifu\n|-resisted|p1b: Lumineon\n|-crit|p1b: Lumineon\n|-damage|p1a: Urshifu|90\/100\n|-damage|p1b: Lumineon|86\/100\n|-unboost|p1a: Urshifu|spe|1\n|-unboost|p1b: Lumineon|spe|1\n|move|p2a: Sawsbuck|Horn Leech|p1a: Urshifu\n|-supereffective|p1a: Urshifu\n|-damage|p1a: Urshifu|17\/100\n|move|p1b: Lumineon|Dazzling Gleam|p2b: Froslass|[spread] p2a,p2b\n|-damage|p2a: Sawsbuck|84\/100\n|-damage|p2b: Froslass|84\/100\n|move|p1a: Urshifu|Ice Spinner|p2a: Sawsbuck\n|-supereffective|p2a: Sawsbuck\n|-damage|p2a: Sawsbuck|0 fnt\n|faint|p2a: Sawsbuck\n|\n|-weather|RainDance|[upkeep]\n|-sideend|p2: Espara|move: Tailwind\n|upkeep\n|\n|t:|1701059023\n|switch|p2a: Dragalge|Dragalge, L50, M, shiny|100\/100\n|turn|5\n|\n|t:|1701059035\n|-terastallize|p2a: Dragalge|Water\n|move|p1b: Lumineon|Dazzling Gleam|p2a: Dragalge|[spread] p2a,p2b\n|-damage|p2a: Dragalge|95\/100\n|-damage|p2b: Froslass|67\/100\n|move|p1a: Urshifu|Surging Strikes|p1b: Lumineon\n|-activate|p1b: Lumineon|ability: Storm Drain\n|-ability|p1b: Lumineon|Storm Drain|boost\n|-boost|p1b: Lumineon|spa|1\n|move|p2b: Froslass|Shadow Ball|p1a: Urshifu\n|-damage|p1a: Urshifu|0 fnt\n|faint|p1a: Urshifu\n|move|p2a: Dragalge|Hydro Pump|p1b: Lumineon\n|-ability|p1b: Lumineon|Storm Drain|boost\n|-boost|p1b: Lumineon|spa|1\n|\n|-weather|none\n|upkeep\n|turn|6\n|\n|t:|1701059053\n|move|p1b: Lumineon|Dazzling Gleam|p2a: Dragalge|[spread] p2a,p2b\n|-damage|p2a: Dragalge|82\/100\n|-damage|p2b: Froslass|30\/100\n|move|p2b: Froslass|Destiny Bond|p2b: Froslass\n|-singlemove|p2b: Froslass|Destiny Bond\n|move|p2a: Dragalge|Sludge Bomb|p1b: Lumineon\n|-crit|p1b: Lumineon\n|-damage|p1b: Lumineon|18\/100\n|\n|-sideend|p1: TheFrostyKnight|move: Tailwind\n|upkeep\n|turn|7\n|\n|t:|1701059066\n|move|p2b: Froslass|Shadow Ball|p1b: Lumineon\n|-damage|p1b: Lumineon|0 fnt\n|faint|p1b: Lumineon\n|\n|win|Espara\n|raw|TheFrostyKnight's rating: 1030 &rarr; <strong>1017<\/strong><br \/>(-13 for losing)\n|raw|Espara's rating: 1054 &rarr; <strong>1084<\/strong><br \/>(+30 for winning)\n|l|\u2606TheFrostyKnight\n","uploadtime":1701059072,"views":3,"p1id":"thefrostyknight","p2id":"espara","formatid":"gen9vgc2023regulatione","rating":1017,"private":0,"password":""}