{"id":"gen9vgc2023regulatione-1994300438","p1":"AquamarineVGC","p2":"Puriner","format":"[Gen 9] VGC 2023 Regulation E","log":"|j|\u2606AquamarineVGC\n|j|\u2606Puriner\n|t:|1700428643\n|gametype|doubles\n|player|p1|AquamarineVGC|lucas-gen4pt|\n|player|p2|Puriner|colress|\n|teamsize|p1|6\n|teamsize|p2|6\n|gen|9\n|tier|[Gen 9] VGC 2023 Regulation E\n|rule|Species Clause: Limit one of each Pok\u00e9mon\n|rule|Item Clause: Limit one of each item\n|clearpoke\n|poke|p1|Ninetales-Alola, L50, M|\n|poke|p1|Iron Bundle, L50|\n|poke|p1|Clefairy, L50, F|\n|poke|p1|Annihilape, L50, M|\n|poke|p1|Landorus-Therian, L50, M|\n|poke|p1|Cresselia, L50, F|\n|poke|p2|Torkoal, L50, F|\n|poke|p2|Roaring Moon, L50|\n|poke|p2|Flutter Mane, L50|\n|poke|p2|Tornadus, L50, M|\n|poke|p2|Ogerpon-Hearthflame, L50, F|\n|poke|p2|Cresselia, L50, F|\n|teampreview|4\n|c|\u2606AquamarineVGC|GLHF\n|c|\u2606Puriner|glhf\nAquamarineVGC has agreed to open team sheets.\n|\n|t:|1700428730\n|start\n|switch|p1a: Iron Bundle|Iron Bundle, L50|100\/100\n|switch|p1b: Clefairy|Clefairy, L50, F|100\/100\n|switch|p2a: Roaring Moon|Roaring Moon, L50|100\/100\n|switch|p2b: Tornadus|Tornadus, L50, M|100\/100\n|turn|1\n|j| Van. Volcanucks\n|\n|t:|1700428789\n|switch|p1b: Ninetales|Ninetales-Alola, L50, M|100\/100\n|-weather|Snow|[from] ability: Snow Warning|[of] p1b: Ninetales\n|-terastallize|p2a: Roaring Moon|Steel\n|move|p2b: Tornadus|Sunny Day|p2b: Tornadus\n|-weather|SunnyDay\n|-activate|p2a: Roaring Moon|ability: Protosynthesis\n|-start|p2a: Roaring Moon|protosynthesisatk\n|move|p2a: Roaring Moon|Iron Head|p1b: Ninetales\n|-supereffective|p1b: Ninetales\n|-enditem|p1b: Ninetales|Focus Sash\n|-damage|p1b: Ninetales|1\/100\n|move|p1a: Iron Bundle|Blizzard|p2a: Roaring Moon|[spread] p2a,p2b\n|-resisted|p2a: Roaring Moon\n|-supereffective|p2b: Tornadus\n|-damage|p2a: Roaring Moon|84\/100\n|-damage|p2b: Tornadus|6\/100\n|\n|-weather|SunnyDay|[upkeep]\n|upkeep\n|turn|2\n|\n|t:|1700428823\n|move|p1b: Ninetales|Protect|p1b: Ninetales\n|-singleturn|p1b: Ninetales|Protect\n|move|p2a: Roaring Moon|Iron Head|p1a: Iron Bundle\n|-damage|p1a: Iron Bundle|28\/100\n|cant|p1a: Iron Bundle|flinch\n|move|p2b: Tornadus|Bleakwind Storm|p1a: Iron Bundle|[spread] p1a\n|-activate|p1b: Ninetales|move: Protect\n|-damage|p1a: Iron Bundle|0 fnt\n|faint|p1a: Iron Bundle\n|-end|p1a: Iron Bundle|Quark Drive|[silent]\n|\n|-weather|SunnyDay|[upkeep]\n|upkeep\n|\n|t:|1700428836\n|switch|p1a: Landorus|Landorus-Therian, L50, M|100\/100\n|-ability|p1a: Landorus|Intimidate|boost\n|-unboost|p2a: Roaring Moon|atk|1\n|-unboost|p2b: Tornadus|atk|1\n|turn|3\n|\n|t:|1700428883\n|move|p1b: Ninetales|Protect||[still]\n|-fail|p1b: Ninetales\n|move|p2a: Roaring Moon|Iron Head|p1b: Ninetales\n|-supereffective|p1b: Ninetales\n|-damage|p1b: Ninetales|0 fnt\n|faint|p1b: Ninetales\n|move|p2b: Tornadus|Bleakwind Storm|p1a: Landorus\n|-damage|p1a: Landorus|42\/100\n|move|p1a: Landorus|Stomping Tantrum|p2a: Roaring Moon\n|-supereffective|p2a: Roaring Moon\n|-damage|p2a: Roaring Moon|0 fnt\n|faint|p2a: Roaring Moon\n|-end|p2a: Roaring Moon|Protosynthesis|[silent]\n|\n|-weather|SunnyDay|[upkeep]\n|upkeep\n|\n|t:|1700428918\n|switch|p1b: Clefairy|Clefairy, L50, F|100\/100\n|switch|p2a: Ogerpon|Ogerpon-Hearthflame, L50, F|100\/100\n|-ability|p2a: Ogerpon|Mold Breaker\n|turn|4\n|\n|t:|1700428981\n|move|p2b: Tornadus|Bleakwind Storm|p1a: Landorus|[spread] p1a,p1b\n|-damage|p1a: Landorus|5\/100\n|-damage|p1b: Clefairy|75\/100\n|move|p2a: Ogerpon|Ivy Cudgel|p1a: Landorus|[anim] Ivy Cudgel Fire\n|-crit|p1a: Landorus\n|-damage|p1a: Landorus|0 fnt\n|faint|p1a: Landorus\n|move|p1b: Clefairy|Life Dew|p1b: Clefairy\n|-heal|p1b: Clefairy|99\/100\n|\n|-weather|SunnyDay|[upkeep]\n|upkeep\n|turn|5\n|\n|t:|1700429021\n|move|p2b: Tornadus|Bleakwind Storm|p1b: Clefairy|[miss]\n|-miss|p2b: Tornadus|p1b: Clefairy\n|move|p2a: Ogerpon|Ivy Cudgel|p1b: Clefairy|[anim] Ivy Cudgel Fire\n|-crit|p1b: Clefairy\n|-damage|p1b: Clefairy|0 fnt\n|faint|p1b: Clefairy\n|\n|win|Puriner\n","uploadtime":1700429035,"views":7,"p1id":"aquamarinevgc","p2id":"puriner","formatid":"gen9vgc2023regulatione","rating":0,"private":0,"password":""}