{"id":"gen9vgc2023regulatione-2000668488","p1":"Disobedient_vgc","p2":"L10n Escanor","format":"[Gen 9] VGC 2023 Regulation E","log":"|j|\u2606Disobedient_vgc\n|j|\u2606L10n Escanor\n|n|\u2606Disobedient_vgc|disobedientvgc\n|n|\u2606L10n Escanor|l10nescanor\n|html|View the match progress at <a href=\"\/game-bestof3-gen9vgc2023regulatione-2000666293\">game-bestof3-gen9vgc2023regulatione-2000666293<\/a>\n|t:|1701216671\n|gametype|doubles\n|player|p1|Disobedient_vgc|shadowtriad|\n|player|p2|L10n Escanor|steven|\n|teamsize|p1|6\n|teamsize|p2|6\n|gen|9\n|tier|[Gen 9] VGC 2023 Regulation E\n|rule|Species Clause: Limit one of each Pok\u00e9mon\n|rule|Item Clause: Limit one of each item\n|clearpoke\n|poke|p1|Dusclops, L50, M|\n|poke|p1|Ursaluna-Bloodmoon, L50, M|\n|poke|p1|Ogerpon-Wellspring, L50, F|\n|poke|p1|Chi-Yu, L50|\n|poke|p1|Iron Hands, L50|\n|poke|p1|Landorus-Therian, L50, M|\n|poke|p2|Flutter Mane, L50|\n|poke|p2|Iron Hands, L50|\n|poke|p2|Ogerpon-Hearthflame, L50, F|\n|poke|p2|Urshifu-*, L50, F|\n|poke|p2|Amoonguss, L50, M|\n|poke|p2|Tornadus, L50, M|\n|teampreview|4\n|\n|t:|1701216692\n|start\n|switch|p1a: Chi-Yu|Chi-Yu, L50|100\/100\n|switch|p1b: Iron Hands|Iron Hands, L50|100\/100\n|switch|p2a: Amoonguss|Amoonguss, L50, M, shiny|100\/100\n|switch|p2b: Iron Hands|Iron Hands, L50, shiny|100\/100\n|-ability|p1a: Chi-Yu|Beads of Ruin\n|turn|1\n|c|\u2606L10n Escanor|se me olvido poner el open sheet\n|c|\u2606L10n Escanor|sorry bro\n|c|\u2606Disobedient_vgc|tranqui\n|c|\u2606Disobedient_vgc|practica igual\n|\n|t:|1701216776\n|-terastallize|p1a: Chi-Yu|Ghost\n|move|p2b: Iron Hands|Fake Out|p1b: Iron Hands\n|-damage|p1b: Iron Hands|91\/100\n|cant|p1b: Iron Hands|flinch\n|move|p1a: Chi-Yu|Heat Wave|p2a: Amoonguss|[spread] p2a,p2b\n|-supereffective|p2a: Amoonguss\n|-damage|p2a: Amoonguss|0 fnt\n|-damage|p2b: Iron Hands|61\/100\n|faint|p2a: Amoonguss\n|\n|upkeep\n|\n|t:|1701216797\n|switch|p2a: Flutter Mane|Flutter Mane, L50|100\/100\n|-enditem|p2a: Flutter Mane|Booster Energy\n|-activate|p2a: Flutter Mane|ability: Protosynthesis|[fromitem]\n|-start|p2a: Flutter Mane|protosynthesisspa\n|turn|2\n|\n|t:|1701216815\n|switch|p1a: Landorus|Landorus-Therian, L50, M|100\/100\n|-ability|p1a: Landorus|Intimidate|boost\n|-unboost|p2a: Flutter Mane|atk|1\n|-unboost|p2b: Iron Hands|atk|1\n|-terastallize|p2a: Flutter Mane|Fairy\n|move|p2a: Flutter Mane|Moonblast|p1b: Iron Hands\n|-supereffective|p1b: Iron Hands\n|-damage|p1b: Iron Hands|4\/100\n|-unboost|p1b: Iron Hands|spa|1\n|move|p2b: Iron Hands|Thunder Punch|p1a: Landorus\n|-immune|p1a: Landorus\n|move|p1b: Iron Hands|Heavy Slam|p2a: Flutter Mane\n|-supereffective|p2a: Flutter Mane\n|-damage|p2a: Flutter Mane|0 fnt\n|faint|p2a: Flutter Mane\n|-end|p2a: Flutter Mane|Protosynthesis|[silent]\n|\n|upkeep\n|\n|t:|1701216830\n|switch|p2a: Urshifu|Urshifu-Rapid-Strike, L50, F|100\/100\n|turn|3\n|\n|t:|1701216852\n|switch|p1a: Ogerpon|Ogerpon-Wellspring, L50, F|100\/100\n|move|p2a: Urshifu|Surging Strikes|p1a: Ogerpon\n|-immune|p1a: Ogerpon|[from] ability: Water Absorb\n|move|p2b: Iron Hands|Drain Punch|p1b: Iron Hands\n|-damage|p1b: Iron Hands|0 fnt\n|-heal|p2b: Iron Hands|63\/100|[from] drain|[of] p1b: Iron Hands\n|faint|p1b: Iron Hands\n|-end|p1b: Iron Hands|Quark Drive|[silent]\n|\n|upkeep\n|\n|t:|1701216862\n|switch|p1b: Landorus|Landorus-Therian, L50, M|100\/100\n|-ability|p1b: Landorus|Intimidate|boost\n|-unboost|p2a: Urshifu|atk|1\n|-unboost|p2b: Iron Hands|atk|1\n|turn|4\n|\n|t:|1701216879\n|switch|p1b: Chi-Yu|Chi-Yu, L50, tera:Ghost|100\/100\n|-ability|p1b: Chi-Yu|Beads of Ruin\n|move|p1a: Ogerpon|Horn Leech|p2a: Urshifu\n|-supereffective|p2a: Urshifu\n|-damage|p2a: Urshifu|28\/100\n|move|p2a: Urshifu|Close Combat|p1a: Ogerpon\n|-damage|p1a: Ogerpon|58\/100\n|-unboost|p2a: Urshifu|def|1\n|-unboost|p2a: Urshifu|spd|1\n|move|p2b: Iron Hands|Thunder Punch|p1a: Ogerpon\n|-damage|p1a: Ogerpon|41\/100\n|\n|upkeep\n|turn|5\n|\n|t:|1701216923\n|move|p2a: Urshifu|Aqua Jet|p1b: Chi-Yu\n|-damage|p1b: Chi-Yu|84\/100\n|move|p1a: Ogerpon|Ivy Cudgel|p2b: Iron Hands|[anim] Ivy Cudgel Water\n|-crit|p2b: Iron Hands\n|-damage|p2b: Iron Hands|9\/100\n|move|p1b: Chi-Yu|Heat Wave|p2a: Urshifu|[spread] p2a,p2b\n|-resisted|p2a: Urshifu\n|-damage|p2a: Urshifu|0 fnt\n|-damage|p2b: Iron Hands|0 fnt\n|faint|p2a: Urshifu\n|faint|p2b: Iron Hands\n|-end|p2b: Iron Hands|Quark Drive|[silent]\n|\n|win|Disobedient_vgc\n|l|\u2606L10n Escanor\n","uploadtime":1701217263,"views":1,"p1id":"disobedientvgc","p2id":"l10nescanor","formatid":"gen9vgc2023regulatione","rating":0,"private":0,"password":""}