{"id":"gen9vgc2023regulatione-1999111477","p1":"AuggieBoy","p2":"Hey15","format":"[Gen 9] VGC 2023 Regulation E","log":"|j|\u2606AuggieBoy\n|j|\u2606Hey15\n|t:|1701034348\n|gametype|doubles\n|player|p1|AuggieBoy|265|1107\n|player|p2|Hey15|169|1000\n|teamsize|p1|6\n|teamsize|p2|6\n|gen|9\n|tier|[Gen 9] VGC 2023 Regulation E\n|rated|\n|rule|Species Clause: Limit one of each Pok\u00e9mon\n|rule|Item Clause: Limit one of each item\n|clearpoke\n|poke|p1|Ninetales-Alola, L50, F|\n|poke|p1|Iron Bundle, L50|\n|poke|p1|Chien-Pao, L50|\n|poke|p1|Amoonguss, L50, M|\n|poke|p1|Kilowattrel, L50, M|\n|poke|p1|Barraskewda, L50, F|\n|poke|p2|Shiftry, L50, M|\n|poke|p2|Volcarona, L50, M|\n|poke|p2|Kommo-o, L50, M|\n|poke|p2|Clefairy, L50, F|\n|poke|p2|Iron Hands, L50|\n|poke|p2|Flutter Mane, L50|\n|teampreview|4\n|\n|t:|1701034380\n|start\n|switch|p1a: Ninetales|Ninetales-Alola, L50, F|100\/100\n|switch|p1b: Chien-Pao|Chien-Pao, L50|100\/100\n|switch|p2a: Volcarona|Volcarona, L50, M|100\/100\n|switch|p2b: Shiftry|Shiftry, L50, M|100\/100\n|-ability|p1b: Chien-Pao|Sword of Ruin\n|-weather|Snow|[from] ability: Snow Warning|[of] p1a: Ninetales\n|turn|1\n|\n|t:|1701034414\n|move|p2b: Shiftry|Protect|p2b: Shiftry\n|-singleturn|p2b: Shiftry|Protect\n|move|p1b: Chien-Pao|Sucker Punch||[still]\n|-fail|p1b: Chien-Pao\n|move|p1a: Ninetales|Aurora Veil|p1a: Ninetales\n|-sidestart|p1: AuggieBoy|move: Aurora Veil\n|move|p2a: Volcarona|Tailwind|p2a: Volcarona\n|-sidestart|p2: Hey15|move: Tailwind\n|-ability|p2b: Shiftry|Wind Rider|boost\n|-boost|p2b: Shiftry|atk|1\n|\n|-weather|Snow|[upkeep]\n|upkeep\n|turn|2\n|\n|t:|1701034434\n|move|p2a: Volcarona|Rage Powder|p2a: Volcarona\n|-singleturn|p2a: Volcarona|move: Rage Powder\n|move|p1b: Chien-Pao|Sucker Punch||[still]\n|-fail|p1b: Chien-Pao\n|move|p2b: Shiftry|Swords Dance|p2b: Shiftry\n|-boost|p2b: Shiftry|atk|2\n|move|p1a: Ninetales|Freeze-Dry|p2a: Volcarona\n|-resisted|p2a: Volcarona\n|-damage|p2a: Volcarona|94\/100\n|\n|-weather|Snow|[upkeep]\n|upkeep\n|turn|3\n|inactive|Battle timer is ON: inactive players will automatically lose when time's up. (requested by AuggieBoy)\n|\n|t:|1701034464\n|move|p2b: Shiftry|Protect|p2b: Shiftry\n|-singleturn|p2b: Shiftry|Protect\n|move|p2a: Volcarona|Will-O-Wisp|p1b: Chien-Pao\n|-status|p1b: Chien-Pao|brn\n|move|p1b: Chien-Pao|Sacred Sword|p2b: Shiftry\n|-activate|p2b: Shiftry|move: Protect\n|move|p1a: Ninetales|Encore|p2b: Shiftry\n|-activate|p2b: Shiftry|move: Protect\n|\n|-weather|Snow|[upkeep]\n|-damage|p1b: Chien-Pao|95\/100 brn|[from] brn\n|upkeep\n|turn|4\n|inactive|AuggieBoy has 30 seconds left.\n|inactive|Hey15 has 30 seconds left.\n|\n|t:|1701034503\n|-terastallize|p2b: Shiftry|Grass\n|move|p2b: Shiftry|Sucker Punch|p1b: Chien-Pao\n|-resisted|p1b: Chien-Pao\n|-damage|p1b: Chien-Pao|73\/100 brn\n|move|p2a: Volcarona|Fiery Dance|p1b: Chien-Pao\n|-supereffective|p1b: Chien-Pao\n|-damage|p1b: Chien-Pao|0 fnt\n|faint|p1b: Chien-Pao\n|move|p1a: Ninetales|Moonblast|p2a: Volcarona\n|-resisted|p2a: Volcarona\n|-damage|p2a: Volcarona|85\/100\n|\n|-weather|Snow|[upkeep]\n|-sideend|p2: Hey15|move: Tailwind\n|upkeep\n|\n|t:|1701034522\n|switch|p1b: Amoonguss|Amoonguss, L50, M|100\/100\n|turn|5\n|\n|t:|1701034544\n|-terastallize|p1b: Amoonguss|Water\n|move|p1a: Ninetales|Freeze-Dry|p2b: Shiftry\n|-supereffective|p2b: Shiftry\n|-damage|p2b: Shiftry|35\/100\n|move|p2b: Shiftry|Swords Dance|p2b: Shiftry\n|-boost|p2b: Shiftry|atk|2\n|move|p2a: Volcarona|Tailwind|p2a: Volcarona\n|-sidestart|p2: Hey15|move: Tailwind\n|-ability|p2b: Shiftry|Wind Rider|boost\n|-boost|p2b: Shiftry|atk|1\n|move|p1b: Amoonguss|Rain Dance|p1b: Amoonguss\n|-weather|RainDance\n|\n|-weather|RainDance|[upkeep]\n|upkeep\n|turn|6\n|\n|t:|1701034565\n|move|p2a: Volcarona|Rage Powder|p2a: Volcarona\n|-singleturn|p2a: Volcarona|move: Rage Powder\n|move|p2b: Shiftry|Bullet Seed|p1b: Amoonguss\n|-supereffective|p1b: Amoonguss\n|-damage|p1b: Amoonguss|33\/100\n|-enditem|p1b: Amoonguss|Sitrus Berry|[eat]\n|-heal|p1b: Amoonguss|58\/100|[from] item: Sitrus Berry\n|-supereffective|p1b: Amoonguss\n|-damage|p1b: Amoonguss|0 fnt\n|faint|p1b: Amoonguss\n|-hitcount|p1: Amoonguss|2\n|move|p1a: Ninetales|Freeze-Dry|p2a: Volcarona\n|-resisted|p2a: Volcarona\n|-damage|p2a: Volcarona|79\/100\n|\n|-weather|RainDance|[upkeep]\n|upkeep\n|\n|t:|1701034579\n|switch|p1b: Kilowattrel|Kilowattrel, L50, M|100\/100\n|turn|7\n|inactive|Hey15 has 30 seconds left.\n|\n|t:|1701034605\n|move|p2a: Volcarona|Rage Powder|p2a: Volcarona\n|-singleturn|p2a: Volcarona|move: Rage Powder\n|move|p2b: Shiftry|Sucker Punch|p1b: Kilowattrel\n|-enditem|p1b: Kilowattrel|Focus Sash\n|-damage|p1b: Kilowattrel|1\/100\n|move|p1b: Kilowattrel|Hurricane|p2a: Volcarona\n|-supereffective|p2a: Volcarona\n|-damage|p2a: Volcarona|11\/100\n|move|p1a: Ninetales|Moonblast|p2a: Volcarona\n|-resisted|p2a: Volcarona\n|-damage|p2a: Volcarona|2\/100\n|\n|-weather|RainDance|[upkeep]\n|upkeep\n|turn|8\n|inactive|Hey15 has 30 seconds left.\n|\n|t:|1701034631\n|move|p1b: Kilowattrel|Protect|p1b: Kilowattrel\n|-singleturn|p1b: Kilowattrel|Protect\n|move|p2a: Volcarona|Rage Powder|p2a: Volcarona\n|-singleturn|p2a: Volcarona|move: Rage Powder\n|move|p2b: Shiftry|Sucker Punch||[still]\n|-fail|p2b: Shiftry\n|move|p1a: Ninetales|Freeze-Dry|p2a: Volcarona\n|-resisted|p2a: Volcarona\n|-crit|p2a: Volcarona\n|-damage|p2a: Volcarona|0 fnt\n|faint|p2a: Volcarona\n|\n|-weather|RainDance|[upkeep]\n|-sideend|p2: Hey15|move: Tailwind\n|-sideend|p1: AuggieBoy|move: Aurora Veil\n|upkeep\n|\n|t:|1701034634\n|switch|p2a: Clefairy|Clefairy, L50, F|100\/100\n|turn|9\n|\n|t:|1701034657\n|move|p2a: Clefairy|Follow Me|p2a: Clefairy\n|-singleturn|p2a: Clefairy|move: Follow Me\n|move|p1b: Kilowattrel|Hurricane|p2a: Clefairy\n|-damage|p2a: Clefairy|68\/100\n|move|p1a: Ninetales|Freeze-Dry|p2a: Clefairy\n|-damage|p2a: Clefairy|54\/100\n|move|p2b: Shiftry|Bullet Seed|p1b: Kilowattrel\n|-resisted|p1b: Kilowattrel\n|-crit|p1b: Kilowattrel\n|-damage|p1b: Kilowattrel|0 fnt\n|faint|p1b: Kilowattrel\n|-hitcount|p1: Kilowattrel|1\n|\n|-weather|none\n|upkeep\n|turn|10\n|\n|t:|1701034673\n|move|p2a: Clefairy|Follow Me|p2a: Clefairy\n|-singleturn|p2a: Clefairy|move: Follow Me\n|move|p1a: Ninetales|Aurora Veil||[still]\n|-fail|p1a: Ninetales\n|move|p2b: Shiftry|Bullet Seed|p1a: Ninetales\n|-damage|p1a: Ninetales|32\/100\n|-damage|p1a: Ninetales|0 fnt\n|faint|p1a: Ninetales\n|-hitcount|p1: Ninetales|2\n|\n|win|Hey15\n|raw|AuggieBoy's rating: 1107 &rarr; <strong>1075<\/strong><br \/>(-32 for losing)\n|raw|Hey15's rating: 1000 &rarr; <strong>1052<\/strong><br \/>(+52 for winning)\n","uploadtime":1701034686,"views":2,"p1id":"auggieboy","p2id":"hey15","formatid":"gen9vgc2023regulatione","rating":1052,"private":0,"password":""}