{"id":"gen9vgc2023regulatione-1991699508","p1":"WillieDangerously","p2":"Weedleboi69420","format":"[Gen 9] VGC 2023 Regulation E","log":"|j|\u2606WillieDangerously\n|j|\u2606Weedleboi69420\n|t:|1700104140\n|gametype|doubles\n|player|p1|WillieDangerously|101|1230\n|player|p2|Weedleboi69420|striker|1167\n|teamsize|p1|6\n|teamsize|p2|6\n|gen|9\n|tier|[Gen 9] VGC 2023 Regulation E\n|rated|\n|rule|Species Clause: Limit one of each Pok\u00e9mon\n|rule|Item Clause: Limit one of each item\n|clearpoke\n|poke|p1|Iron Hands, L50|\n|poke|p1|Iron Bundle, L50|\n|poke|p1|Sinistcha, L50|\n|poke|p1|Landorus-Therian, L50, M|\n|poke|p1|Heatran, L50, F|\n|poke|p1|Ninetales-Alola, L50, F|\n|poke|p2|Ogerpon-Wellspring, L50, F|\n|poke|p2|Wo-Chien, L50|\n|poke|p2|Goodra-Hisui, L50, M|\n|poke|p2|Glimmora, L50, F|\n|poke|p2|Grimmsnarl, L50, M|\n|poke|p2|Ting-Lu, L50|\n|teampreview|4\n|inactive|Battle timer is ON: inactive players will automatically lose when time's up. (requested by Weedleboi69420)\n|inactive|Weedleboi69420 has 60 seconds left.\n|\n|t:|1700104195\n|start\n|switch|p1a: Iron Bundle|Iron Bundle, L50|100\/100\n|switch|p1b: Iron Hands|Iron Hands, L50|100\/100\n|switch|p2a: Grimmsnarl|Grimmsnarl, L50, M|100\/100\n|switch|p2b: Glimmora|Glimmora, L50, F|100\/100\n|-enditem|p1a: Iron Bundle|Booster Energy\n|-activate|p1a: Iron Bundle|ability: Quark Drive|[fromitem]\n|-start|p1a: Iron Bundle|quarkdrivespe\n|turn|1\n|\n|t:|1700104216\n|move|p1a: Iron Bundle|Protect|p1a: Iron Bundle\n|-singleturn|p1a: Iron Bundle|Protect\n|move|p2a: Grimmsnarl|Fake Out|p1a: Iron Bundle\n|-activate|p1a: Iron Bundle|move: Protect\n|move|p2b: Glimmora|Mortal Spin|p1a: Iron Bundle|[spread] p1b\n|-activate|p1a: Iron Bundle|move: Protect\n|-damage|p1b: Iron Hands|97\/100\n|-status|p1b: Iron Hands|psn\n|move|p1b: Iron Hands|Heavy Slam|p2a: Grimmsnarl\n|-supereffective|p2a: Grimmsnarl\n|-damage|p2a: Grimmsnarl|8\/100\n|\n|-damage|p1b: Iron Hands|84\/100 psn|[from] psn\n|upkeep\n|turn|2\n|inactive|WillieDangerously has 30 seconds left.\n|inactive|Weedleboi69420 has 30 seconds left.\n|inactive|Weedleboi69420 has 20 seconds left.\n|inactive|WillieDangerously has 20 seconds left.\n|inactive|Weedleboi69420 has 15 seconds left.\n|inactive|WillieDangerously has 15 seconds left.\n|inactive|Weedleboi69420 has 10 seconds left.\n|inactive|WillieDangerously has 10 seconds left.\n|inactive|Weedleboi69420 has 5 seconds left.\n|\n|t:|1700104269\n|-end|p1a: Iron Bundle|Quark Drive|[silent]\n|switch|p1a: Heatran|Heatran, L50, F|100\/100\n|move|p2b: Glimmora|Spiky Shield|p2b: Glimmora\n|-singleturn|p2b: Glimmora|move: Protect\n|move|p2a: Grimmsnarl|Parting Shot|p1a: Heatran\n|-unboost|p1a: Heatran|atk|1\n|-unboost|p1a: Heatran|spa|1\n|\n|t:|1700104281\n|switch|p2a: Goodra|Goodra-Hisui, L50, M|100\/100|[from] Parting Shot\n|move|p1b: Iron Hands|Drain Punch|p2a: Goodra\n|-supereffective|p2a: Goodra\n|-damage|p2a: Goodra|19\/100\n|-heal|p1b: Iron Hands|100\/100 psn|[from] drain|[of] p2a: Goodra\n|\n|-heal|p2a: Goodra|25\/100|[from] item: Leftovers\n|-damage|p1b: Iron Hands|88\/100 psn|[from] psn\n|upkeep\n|turn|3\n|inactive|WillieDangerously has 30 seconds left.\n|inactive|Weedleboi69420 has 30 seconds left.\n|\n|t:|1700104314\n|switch|p2b: Wo-Chien|Wo-Chien, L50|100\/100\n|-ability|p2b: Wo-Chien|Tablets of Ruin\n|-terastallize|p1a: Heatran|Grass\n|move|p2a: Goodra|Protect|p2a: Goodra\n|-singleturn|p2a: Goodra|Protect\n|move|p1a: Heatran|Earth Power|p2b: Wo-Chien\n|-resisted|p2b: Wo-Chien\n|-damage|p2b: Wo-Chien|93\/100\n|move|p1b: Iron Hands|Drain Punch|p2a: Goodra\n|-activate|p2a: Goodra|move: Protect\n|\n|-heal|p2a: Goodra|31\/100|[from] item: Leftovers\n|-damage|p1b: Iron Hands|76\/100 psn|[from] psn\n|upkeep\n|turn|4\n|inactive|Weedleboi69420 has 30 seconds left.\n|\n|t:|1700104340\n|switch|p2a: Glimmora|Glimmora, L50, F|100\/100\n|-terastallize|p2b: Wo-Chien|Poison\n|move|p1a: Heatran|Heat Wave|p2a: Glimmora|[spread] p2a,p2b\n|-resisted|p2a: Glimmora\n|-damage|p2a: Glimmora|84\/100\n|-damage|p2b: Wo-Chien|78\/100\n|move|p2b: Wo-Chien|Leech Seed|p1b: Iron Hands\n|-start|p1b: Iron Hands|move: Leech Seed\n|move|p1b: Iron Hands|Drain Punch|p2a: Glimmora\n|-damage|p2a: Glimmora|45\/100\n|-heal|p1b: Iron Hands|90\/100 psn|[from] drain|[of] p2a: Glimmora\n|-activate|p2a: Glimmora|ability: Toxic Debris\n|-sidestart|p1: WillieDangerously|move: Toxic Spikes\n|\n|-damage|p1b: Iron Hands|77\/100 psn|[from] Leech Seed|[of] p2b: Wo-Chien\n|-heal|p2b: Wo-Chien|96\/100|[silent]\n|-damage|p1b: Iron Hands|65\/100 psn|[from] psn\n|upkeep\n|turn|5\n|inactive|WillieDangerously has 30 seconds left.\n|inactive|Weedleboi69420 has 30 seconds left.\n|inactive|WillieDangerously has 20 seconds left.\n|\n|t:|1700104377\n|-end|p1b: Iron Hands|Quark Drive|[silent]\n|switch|p1b: Ninetales|Ninetales-Alola, L50, F|100\/100\n|-status|p1b: Ninetales|psn\n|-weather|Snow|[from] ability: Snow Warning|[of] p1b: Ninetales\n|move|p2a: Glimmora|Spiky Shield|p2a: Glimmora\n|-singleturn|p2a: Glimmora|move: Protect\n|move|p1a: Heatran|Earth Power|p2a: Glimmora\n|-activate|p2a: Glimmora|move: Protect\n|move|p2b: Wo-Chien|Pollen Puff|p2a: Glimmora\n|-activate|p2a: Glimmora|move: Protect\n|\n|-weather|Snow|[upkeep]\n|-damage|p1b: Ninetales|88\/100 psn|[from] psn\n|upkeep\n|turn|6\n|inactive|Weedleboi69420 has 30 seconds left.\n|inactive|WillieDangerously has 30 seconds left.\n|inactive|Weedleboi69420 has 20 seconds left.\n|inactive|WillieDangerously has 20 seconds left.\n|\n|t:|1700104418\n|switch|p2a: Goodra|Goodra-Hisui, L50, M|31\/100\n|move|p1b: Ninetales|Aurora Veil|p1b: Ninetales\n|-sidestart|p1: WillieDangerously|move: Aurora Veil\n|move|p1a: Heatran|Earth Power|p2a: Goodra\n|-supereffective|p2a: Goodra\n|-damage|p2a: Goodra|6\/100\n|move|p2b: Wo-Chien|Pollen Puff|p2a: Goodra\n|-heal|p2a: Goodra|56\/100\n|\n|-weather|Snow|[upkeep]\n|-heal|p2a: Goodra|62\/100|[from] item: Leftovers\n|-damage|p1b: Ninetales|75\/100 psn|[from] psn\n|upkeep\n|turn|7\n|\n|t:|1700104440\n|move|p2a: Goodra|Protect|p2a: Goodra\n|-singleturn|p2a: Goodra|Protect\n|move|p1b: Ninetales|Blizzard|p2b: Wo-Chien|[spread] p2b\n|-activate|p2a: Goodra|move: Protect\n|-damage|p2b: Wo-Chien|82\/100\n|move|p1a: Heatran|Heat Wave|p2b: Wo-Chien|[spread] p2b\n|-activate|p2a: Goodra|move: Protect\n|-damage|p2b: Wo-Chien|66\/100\n|move|p2b: Wo-Chien|Leech Seed|p1b: Ninetales\n|-start|p1b: Ninetales|move: Leech Seed\n|\n|-weather|Snow|[upkeep]\n|-heal|p2a: Goodra|68\/100|[from] item: Leftovers\n|-damage|p1b: Ninetales|63\/100 psn|[from] Leech Seed|[of] p2b: Wo-Chien\n|-heal|p2b: Wo-Chien|79\/100|[silent]\n|-damage|p1b: Ninetales|50\/100 psn|[from] psn\n|upkeep\n|turn|8\n|inactive|Weedleboi69420 has 30 seconds left.\n|inactive|Weedleboi69420 has 20 seconds left.\n|inactive|Weedleboi69420 has 15 seconds left.\n|\n|t:|1700104483\n|move|p1b: Ninetales|Blizzard|p2a: Goodra|[spread] p2a,p2b\n|-crit|p2b: Wo-Chien\n|-damage|p2a: Goodra|55\/100\n|-damage|p2b: Wo-Chien|57\/100\n|move|p1a: Heatran|Heat Wave|p2b: Wo-Chien|[spread] p2a,p2b\n|-crit|p2b: Wo-Chien\n|-damage|p2a: Goodra|41\/100\n|-damage|p2b: Wo-Chien|19\/100\n|move|p2b: Wo-Chien|Pollen Puff|p1a: Heatran\n|-supereffective|p1a: Heatran\n|-damage|p1a: Heatran|76\/100\n|move|p2a: Goodra|Life Dew|p2a: Goodra|[spread] p2a,p2b\n|-heal|p2a: Goodra|66\/100\n|-heal|p2b: Wo-Chien|44\/100\n|\n|-weather|Snow|[upkeep]\n|-heal|p1a: Heatran|82\/100|[from] item: Leftovers\n|-heal|p2a: Goodra|72\/100|[from] item: Leftovers\n|-damage|p1b: Ninetales|38\/100 psn|[from] Leech Seed|[of] p2b: Wo-Chien\n|-heal|p2b: Wo-Chien|57\/100|[silent]\n|-damage|p1b: Ninetales|25\/100 psn|[from] psn\n|upkeep\n|turn|9\n|\n|t:|1700104507\n|switch|p1b: Iron Hands|Iron Hands, L50|65\/100 psn\n|move|p1a: Heatran|Heat Wave|p2b: Wo-Chien|[spread] \n|-miss|p1a: Heatran|p2a: Goodra\n|-miss|p1a: Heatran|p2b: Wo-Chien\n|move|p2b: Wo-Chien|Ingrain|p2b: Wo-Chien\n|-start|p2b: Wo-Chien|move: Ingrain\n|move|p2a: Goodra|Shelter|p2a: Goodra\n|-boost|p2a: Goodra|def|2\n|\n|-weather|none\n|-heal|p1a: Heatran|88\/100|[from] item: Leftovers\n|-heal|p2a: Goodra|78\/100|[from] item: Leftovers\n|-heal|p2b: Wo-Chien|65\/100|[from] Ingrain\n|-damage|p1b: Iron Hands|53\/100 psn|[from] psn\n|upkeep\n|turn|10\n|inactive|WillieDangerously has 30 seconds left.\n|inactive|Weedleboi69420 has 30 seconds left.\n|\n|t:|1700104536\n|move|p1b: Iron Hands|Fake Out|p2a: Goodra\n|-resisted|p2a: Goodra\n|-damage|p2a: Goodra|75\/100\n|move|p1a: Heatran|Earth Power|p2b: Wo-Chien\n|-supereffective|p2b: Wo-Chien\n|-damage|p2b: Wo-Chien|35\/100\n|move|p2b: Wo-Chien|Leech Seed|p1b: Iron Hands\n|-start|p1b: Iron Hands|move: Leech Seed\n|cant|p2a: Goodra|flinch\n|\n|-heal|p1a: Heatran|94\/100|[from] item: Leftovers\n|-heal|p2a: Goodra|81\/100|[from] item: Leftovers\n|-heal|p2b: Wo-Chien|43\/100|[from] Ingrain\n|-damage|p1b: Iron Hands|41\/100 psn|[from] Leech Seed|[of] p2b: Wo-Chien\n|-heal|p2b: Wo-Chien|62\/100|[silent]\n|-damage|p1b: Iron Hands|28\/100 psn|[from] psn\n|upkeep\n|turn|11\n|inactive|Weedleboi69420 has 30 seconds left.\n|inactive|Weedleboi69420 has 20 seconds left.\n|inactive|Weedleboi69420 has 15 seconds left.\n|inactive|Weedleboi69420 has 10 seconds left.\n|\n|t:|1700104586\n|move|p1a: Heatran|Earth Power|p2a: Goodra\n|-supereffective|p2a: Goodra\n|-damage|p2a: Goodra|57\/100\n|-unboost|p2a: Goodra|spd|1\n|move|p2b: Wo-Chien|Giga Drain|p1b: Iron Hands\n|-damage|p1b: Iron Hands|19\/100 psn\n|-heal|p2b: Wo-Chien|69\/100|[from] drain|[of] p1b: Iron Hands\n|move|p1b: Iron Hands|Drain Punch|p2a: Goodra\n|-supereffective|p2a: Goodra\n|-damage|p2a: Goodra|20\/100\n|-heal|p1b: Iron Hands|34\/100 psn|[from] drain|[of] p2a: Goodra\n|move|p2a: Goodra|Life Dew|p2a: Goodra|[spread] p2a,p2b\n|-heal|p2a: Goodra|45\/100\n|-heal|p2b: Wo-Chien|94\/100\n|\n|-heal|p1a: Heatran|100\/100|[from] item: Leftovers\n|-heal|p2a: Goodra|51\/100|[from] item: Leftovers\n|-heal|p2b: Wo-Chien|100\/100|[from] Ingrain\n|-damage|p1b: Iron Hands|22\/100 psn|[from] Leech Seed|[of] p2b: Wo-Chien\n|-damage|p1b: Iron Hands|10\/100 psn|[from] psn\n|upkeep\n|turn|12\n|inactive|WillieDangerously has 30 seconds left.\n|inactive|Weedleboi69420 has 30 seconds left.\n|inactive|WillieDangerously has 20 seconds left.\n|inactive|Weedleboi69420 has 20 seconds left.\n|\n|t:|1700104624\n|switch|p1a: Iron Bundle|Iron Bundle, L50|100\/100\n|-status|p1a: Iron Bundle|psn\n|-end|p1b: Iron Hands|Quark Drive|[silent]\n|switch|p1b: Ninetales|Ninetales-Alola, L50, F|25\/100 psn\n|-weather|Snow|[from] ability: Snow Warning|[of] p1b: Ninetales\n|move|p2a: Goodra|Protect|p2a: Goodra\n|-singleturn|p2a: Goodra|Protect\n|move|p2b: Wo-Chien|Pollen Puff|p1a: Iron Bundle\n|-damage|p1a: Iron Bundle|75\/100 psn\n|\n|-weather|Snow|[upkeep]\n|-heal|p2a: Goodra|57\/100|[from] item: Leftovers\n|-damage|p1a: Iron Bundle|63\/100 psn|[from] psn\n|-damage|p1b: Ninetales|13\/100 psn|[from] psn\n|upkeep\n|turn|13\n|inactive|Weedleboi69420 has 30 seconds left.\n|\n|t:|1700104649\n|switch|p2a: Glimmora|Glimmora, L50, F|45\/100\n|move|p1a: Iron Bundle|Blizzard|p2b: Wo-Chien|[spread] p2a,p2b\n|-damage|p2a: Glimmora|0 fnt\n|-damage|p2b: Wo-Chien|75\/100\n|faint|p2a: Glimmora\n|move|p1b: Ninetales|Blizzard|p2b: Wo-Chien\n|-damage|p2b: Wo-Chien|55\/100\n|move|p2b: Wo-Chien|Leech Seed|p1a: Iron Bundle\n|-start|p1a: Iron Bundle|move: Leech Seed\n|\n|-weather|Snow|[upkeep]\n|-heal|p2b: Wo-Chien|64\/100|[from] Ingrain\n|-damage|p1a: Iron Bundle|50\/100 psn|[from] Leech Seed|[of] p2b: Wo-Chien\n|-heal|p2b: Wo-Chien|74\/100|[silent]\n|-damage|p1a: Iron Bundle|38\/100 psn|[from] psn\n|-damage|p1b: Ninetales|0 fnt|[from] psn\n|faint|p1b: Ninetales\n|-sideend|p1: WillieDangerously|move: Aurora Veil\n|upkeep\n|inactive|Weedleboi69420 has 25 seconds left this turn.\n|inactive|Weedleboi69420 has 20 seconds left.\n|inactive|Weedleboi69420 has 15 seconds left.\n|inactive|Weedleboi69420 has 10 seconds left.\n|\n|t:|1700104667\n|switch|p1b: Iron Hands|Iron Hands, L50|10\/100 psn\n|switch|p2a: Grimmsnarl|Grimmsnarl, L50, M|8\/100\n|turn|14\n|inactive|Weedleboi69420 has 10 seconds left this turn.\n|inactive|Weedleboi69420 has 5 seconds left.\n|\n|t:|1700104683\n|-end|p1a: Iron Bundle|Quark Drive|[silent]\n|switch|p1a: Heatran|Heatran, L50, F, tera:Grass|100\/100\n|-status|p1a: Heatran|psn\n|move|p2a: Grimmsnarl|Fake Out|p1a: Heatran\n|-damage|p1a: Heatran|93\/100 psn\n|move|p2b: Wo-Chien|Giga Drain|p1b: Iron Hands\n|-damage|p1b: Iron Hands|0 fnt\n|-heal|p2b: Wo-Chien|82\/100|[from] drain|[of] p1b: Iron Hands\n|faint|p1b: Iron Hands\n|-end|p1b: Iron Hands|Quark Drive|[silent]\n|\n|-weather|Snow|[upkeep]\n|-heal|p1a: Heatran|99\/100 psn|[from] item: Leftovers\n|-heal|p2b: Wo-Chien|90\/100|[from] Ingrain\n|-damage|p1a: Heatran|87\/100 psn|[from] psn\n|upkeep\n|inactive|Weedleboi69420 has 5 seconds left this turn.\n|\n|t:|1700104692\n|switch|p1b: Iron Bundle|Iron Bundle, L50|38\/100 psn\n|turn|15\n|inactive|Weedleboi69420 has 5 seconds left this turn.\n|\n|t:|1700104699\n|move|p2a: Grimmsnarl|Parting Shot|p1b: Iron Bundle\n|-unboost|p1b: Iron Bundle|atk|1\n|-unboost|p1b: Iron Bundle|spa|1\n|inactive|Weedleboi69420 has 5 seconds left this turn.\n|\n|t:|1700104701\n|switch|p2a: Goodra|Goodra-Hisui, L50, M|57\/100|[from] Parting Shot\n|move|p1b: Iron Bundle|Blizzard|p2b: Wo-Chien|[spread] p2a,p2b\n|-damage|p2a: Goodra|43\/100\n|-damage|p2b: Wo-Chien|73\/100\n|move|p1a: Heatran|Earth Power|p2b: Wo-Chien\n|-supereffective|p2b: Wo-Chien\n|-damage|p2b: Wo-Chien|29\/100\n|move|p2b: Wo-Chien|Pollen Puff|p1b: Iron Bundle\n|-damage|p1b: Iron Bundle|1\/100 psn\n|\n|-weather|Snow|[upkeep]\n|-heal|p1a: Heatran|93\/100 psn|[from] item: Leftovers\n|-heal|p2a: Goodra|49\/100|[from] item: Leftovers\n|-heal|p2b: Wo-Chien|37\/100|[from] Ingrain\n|-damage|p1b: Iron Bundle|0 fnt|[from] psn\n|faint|p1b: Iron Bundle\n|-end|p1b: Iron Bundle|Quark Drive|[silent]\n|-damage|p1a: Heatran|81\/100 psn|[from] psn\n|upkeep\n|turn|16\n|inactive|Weedleboi69420 has 5 seconds left this turn.\n|\n|t:|1700104717\n|move|p1a: Heatran|Earth Power|p2b: Wo-Chien\n|-supereffective|p2b: Wo-Chien\n|-damage|p2b: Wo-Chien|0 fnt\n|faint|p2b: Wo-Chien\n|move|p2a: Goodra|Body Press|p1a: Heatran\n|-damage|p1a: Heatran|64\/100 psn\n|\n|-weather|none\n|-heal|p1a: Heatran|70\/100 psn|[from] item: Leftovers\n|-heal|p2a: Goodra|55\/100|[from] item: Leftovers\n|-damage|p1a: Heatran|58\/100 psn|[from] psn\n|upkeep\n|inactive|Weedleboi69420 has 5 seconds left this turn.\n|\n|t:|1700104719\n|switch|p2b: Grimmsnarl|Grimmsnarl, L50, M|8\/100\n|turn|17\n|inactive|Weedleboi69420 has 5 seconds left this turn.\n|-message|Weedleboi69420 lost due to inactivity.\n|\n|win|WillieDangerously\n|raw|WillieDangerously's rating: 1230 &rarr; <strong>1251<\/strong><br \/>(+21 for winning)\n|raw|Weedleboi69420's rating: 1167 &rarr; <strong>1146<\/strong><br \/>(-21 for losing)\n|l|\u2606Weedleboi69420\n","uploadtime":1700104739,"views":16,"p1id":"williedangerously","p2id":"weedleboi69420","formatid":"gen9vgc2023regulatione","rating":1146,"private":0,"password":""}