{"id":"gen9vgc2023regulatione-1999853619","p1":"DominusBurak","p2":"whykeyVGC","format":"[Gen 9] VGC 2023 Regulation E","log":"|j|\u2606DominusBurak\n|j|\u2606whykeyVGC\n|n|\u2606DominusBurak|dominusburak\n|n|\u2606whykeyVGC|whykeyvgc\n|html|View the match progress at <a href=\"\/game-bestof3-gen9vgc2023regulatione-1999847432\">game-bestof3-gen9vgc2023regulatione-1999847432<\/a>\n|t:|1701122982\n|gametype|doubles\n|player|p1|DominusBurak|102|\n|player|p2|whykeyVGC|265|\n|teamsize|p1|6\n|teamsize|p2|6\n|gen|9\n|tier|[Gen 9] VGC 2023 Regulation E\n|rule|Species Clause: Limit one of each Pok\u00e9mon\n|rule|Item Clause: Limit one of each item\n|clearpoke\n|poke|p1|Lilligant-Hisui, L50, F|\n|poke|p1|Torkoal, L50, F|\n|poke|p1|Regidrago, L50|\n|poke|p1|Ursaluna, L50, F|\n|poke|p1|Armarouge, L50, M|\n|poke|p1|Indeedee-F, L50, F|\n|poke|p2|Landorus-Therian, L50, M|\n|poke|p2|Ogerpon-Wellspring, L50, F|\n|poke|p2|Kingambit, L50, F|\n|poke|p2|Flutter Mane, L50|\n|poke|p2|Clefairy, L50, F|\n|poke|p2|Iron Hands, L50|\n|teampreview|4\nDominusBurak has agreed to open team sheets.\nwhykeyVGC has agreed to open team sheets.\n|showteam|p1|Lilligant-Hisui||FocusSash|Chlorophyll|CloseCombat,SolarBlade,AfterYou,SleepPowder|||F|||50|,,,,,Ghost]Torkoal||Charcoal|Drought|Eruption,HeatWave,EarthPower,Protect|||F|||50|,,,,,Fire]Regidrago||ChoiceScarf|DragonsMaw|DragonEnergy,DracoMeteor,DragonPulse,EarthPower||||||50|,,,,,Dragon]Ursaluna||FlameOrb|Guts|Facade,HeadlongRush,Earthquake,Protect|||F|||50|,,,,,Ghost]Armarouge||LifeOrb|FlashFire|ExpandingForce,HeatWave,TrickRoom,WideGuard|||M|||50|,,,,,Psychic]Indeedee-F||RockyHelmet|PsychicSurge|DazzlingGleam,HelpingHand,FollowMe,TrickRoom|||F|||50|,,,,,Fire\n|showteam|p2|Landorus-Therian||ChoiceScarf|Intimidate|TeraBlast,StompingTantrum,RockSlide,Uturn|||M|||50|,,,,,Flying]Ogerpon-Wellspring||WellspringMask|WaterAbsorb|IvyCudgel,FollowMe,HornLeech,SpikyShield|||F|||50|,,,,,Water]Kingambit||BlackGlasses|Defiant|KowtowCleave,SuckerPunch,SwordsDance,Protect|||F|||50|,,,,,Dark]Flutter Mane||ChoiceSpecs|Protosynthesis|Moonblast,ShadowBall,DazzlingGleam,Thunderbolt||||||50|,,,,,Fairy]Clefairy||Eviolite|FriendGuard|IcyWind,HelpingHand,FollowMe,Protect|||F|||50|,,,,,Dragon]Iron Hands||AssaultVest|QuarkDrive|DrainPunch,WildCharge,HeavySlam,FakeOut||||||50|,,,,,Water\n|inactive|Battle timer is ON: inactive players will automatically lose when time's up. (requested by whykeyVGC)\n|inactive|DominusBurak has 60 seconds left.\n|inactive|whykeyVGC has 60 seconds left.\n|inactive|whykeyVGC has 30 seconds left.\n|inactive|whykeyVGC has 20 seconds left.\n|inactive|whykeyVGC has 15 seconds left.\n|inactive|whykeyVGC has 10 seconds left.\n|inactive|whykeyVGC has 5 seconds left.\n|\n|t:|1701123076\n|start\n|switch|p1a: Regidrago|Regidrago, L50|100\/100\n|switch|p1b: Armarouge|Armarouge, L50, M|100\/100\n|switch|p2a: Clefairy|Clefairy, L50, F|100\/100\n|switch|p2b: Kingambit|Kingambit, L50, F|100\/100\n|turn|1\n|\n|t:|1701123097\n|switch|p1b: Indeedee|Indeedee-F, L50, F|100\/100\n|-fieldstart|move: Psychic Terrain|[from] ability: Psychic Surge|[of] p1b: Indeedee\n|-terastallize|p1a: Regidrago|Dragon\n|move|p2b: Kingambit|Protect|p2b: Kingambit\n|-singleturn|p2b: Kingambit|Protect\n|move|p2a: Clefairy|Protect|p2a: Clefairy\n|-singleturn|p2a: Clefairy|Protect\n|move|p1a: Regidrago|Dragon Energy|p2a: Clefairy|[spread] \n|-activate|p2a: Clefairy|move: Protect\n|-activate|p2b: Kingambit|move: Protect\n|\n|upkeep\n|turn|2\n|inactive|whykeyVGC has 30 seconds left.\n|inactive|whykeyVGC has 20 seconds left.\n|inactive|whykeyVGC has 15 seconds left.\n|inactive|whykeyVGC has 10 seconds left.\n|inactive|whykeyVGC has 5 seconds left.\n|\n|t:|1701123152\n|move|p1b: Indeedee|Helping Hand|p1a: Regidrago\n|-singleturn|p1a: Regidrago|Helping Hand|[of] p1b: Indeedee\n|move|p1a: Regidrago|Dragon Energy|p2a: Clefairy|[spread] p2b\n|-immune|p2a: Clefairy\n|-resisted|p2b: Kingambit\n|-damage|p2b: Kingambit|51\/100\n|move|p2b: Kingambit|Kowtow Cleave|p1b: Indeedee\n|-supereffective|p1b: Indeedee\n|-damage|p1b: Indeedee|0 fnt\n|-damage|p2b: Kingambit|34\/100|[from] item: Rocky Helmet|[of] p1b: Indeedee\n|faint|p1b: Indeedee\n|move|p2a: Clefairy|Icy Wind|p1a: Regidrago\n|-supereffective|p1a: Regidrago\n|-damage|p1a: Regidrago|82\/100\n|-unboost|p1a: Regidrago|spe|1\n|\n|upkeep\n|inactive|DominusBurak has 30 seconds left.\n|\n|t:|1701123184\n|switch|p1b: Armarouge|Armarouge, L50, M|100\/100\n|turn|3\n|inactive|whykeyVGC has 30 seconds left.\n|inactive|whykeyVGC has 20 seconds left.\n|inactive|whykeyVGC has 15 seconds left.\n|inactive|whykeyVGC has 10 seconds left.\n|inactive|whykeyVGC has 5 seconds left.\n|\n|t:|1701123239\n|move|p1a: Regidrago|Dragon Energy|p2a: Clefairy|[spread] p2b\n|-immune|p2a: Clefairy\n|-resisted|p2b: Kingambit\n|-crit|p2b: Kingambit\n|-damage|p2b: Kingambit|0 fnt\n|faint|p2b: Kingambit\n|move|p1b: Armarouge|Expanding Force|p2a: Clefairy\n|-damage|p2a: Clefairy|2\/100\n|-damage|p1b: Armarouge|91\/100|[from] item: Life Orb\n|move|p2a: Clefairy|Icy Wind|p1a: Regidrago|[spread] p1b\n|-miss|p2a: Clefairy|p1a: Regidrago\n|-resisted|p1b: Armarouge\n|-damage|p1b: Armarouge|87\/100\n|-unboost|p1b: Armarouge|spe|1\n|\n|upkeep\n|\n|t:|1701123255\n|switch|p2b: Ogerpon|Ogerpon-Wellspring, L50, F|100\/100\n|turn|4\n|inactive|whykeyVGC has 30 seconds left.\n|\n|t:|1701123280\n|-terastallize|p2b: Ogerpon|Water\n|detailschange|p2b: Ogerpon|Ogerpon-Wellspring-Tera, L50, F, tera:Water\n|-ability|p2b: Ogerpon|Embody Aspect (Wellspring)|boost\n|-boost|p2b: Ogerpon|spd|1\n|move|p2a: Clefairy|Helping Hand|p2b: Ogerpon\n|-singleturn|p2b: Ogerpon|Helping Hand|[of] p2a: Clefairy\n|move|p2b: Ogerpon|Ivy Cudgel|p1a: Regidrago|[anim] Ivy Cudgel Water\n|-resisted|p1a: Regidrago\n|-damage|p1a: Regidrago|10\/100\n|move|p1a: Regidrago|Dragon Energy|p2b: Ogerpon|[spread] p2b\n|-immune|p2a: Clefairy\n|-damage|p2b: Ogerpon|95\/100\n|move|p1b: Armarouge|Trick Room|p1b: Armarouge\n|-fieldstart|move: Trick Room|[of] p1b: Armarouge\n|\n|upkeep\n|turn|5\n|inactive|DominusBurak has 30 seconds left.\n|inactive|whykeyVGC has 30 seconds left.\n|\n|t:|1701123307\n|move|p2a: Clefairy|Helping Hand|p2b: Ogerpon\n|-singleturn|p2b: Ogerpon|Helping Hand|[of] p2a: Clefairy\n|move|p1b: Armarouge|Expanding Force|p2a: Clefairy|[spread] p2a,p2b\n|-damage|p2a: Clefairy|0 fnt\n|-damage|p2b: Ogerpon|53\/100\n|faint|p2a: Clefairy\n|-damage|p1b: Armarouge|77\/100|[from] item: Life Orb\n|move|p1a: Regidrago|Dragon Energy|p2b: Ogerpon\n|-damage|p2b: Ogerpon|44\/100\n|move|p2b: Ogerpon|Ivy Cudgel|p1b: Armarouge|[anim] Ivy Cudgel Water\n|-supereffective|p1b: Armarouge\n|-damage|p1b: Armarouge|0 fnt\n|faint|p1b: Armarouge\n|\n|-fieldend|move: Psychic Terrain\n|upkeep\n|\n|t:|1701123322\n|switch|p2a: Iron Hands|Iron Hands, L50|100\/100\n|switch|p1b: Torkoal|Torkoal, L50, F|100\/100\n|-weather|SunnyDay|[from] ability: Drought|[of] p1b: Torkoal\n|turn|6\n|\n|t:|1701123332\n|move|p1b: Torkoal|Protect|p1b: Torkoal\n|-singleturn|p1b: Torkoal|Protect\n|move|p2a: Iron Hands|Fake Out|p1b: Torkoal\n|-activate|p1b: Torkoal|move: Protect\n|move|p1a: Regidrago|Dragon Energy|p2a: Iron Hands|[spread] p2a,p2b\n|-damage|p2a: Iron Hands|95\/100\n|-damage|p2b: Ogerpon|37\/100\n|move|p2b: Ogerpon|Ivy Cudgel|p1b: Torkoal|[anim] Ivy Cudgel Water\n|-activate|p1b: Torkoal|move: Protect\n|\n|-weather|SunnyDay|[upkeep]\n|upkeep\n|turn|7\n|\n|t:|1701123351\n|move|p1b: Torkoal|Eruption|p2a: Iron Hands|[spread] p2a,p2b\n|-resisted|p2b: Ogerpon\n|-damage|p2a: Iron Hands|44\/100\n|-damage|p2b: Ogerpon|7\/100\n|move|p2a: Iron Hands|Drain Punch|p1b: Torkoal\n|-damage|p1b: Torkoal|65\/100\n|-heal|p2a: Iron Hands|58\/100|[from] drain|[of] p1b: Torkoal\n|move|p1a: Regidrago|Dragon Energy|p2b: Ogerpon|[spread] p2a,p2b\n|-damage|p2a: Iron Hands|52\/100\n|-damage|p2b: Ogerpon|0 fnt\n|faint|p2b: Ogerpon\n|\n|-weather|SunnyDay|[upkeep]\n|upkeep\n|turn|8\n|inactive|DominusBurak has 30 seconds left.\n|\n|t:|1701123380\n|move|p1b: Torkoal|Heat Wave|p2a: Iron Hands\n|-damage|p2a: Iron Hands|9\/100\n|move|p2a: Iron Hands|Drain Punch|p1b: Torkoal\n|-damage|p1b: Torkoal|33\/100\n|-heal|p2a: Iron Hands|21\/100|[from] drain|[of] p1b: Torkoal\n|move|p1a: Regidrago|Dragon Energy|p2a: Iron Hands\n|-damage|p2a: Iron Hands|15\/100\n|\n|-weather|SunnyDay|[upkeep]\n|-fieldend|move: Trick Room\n|upkeep\n|turn|9\n|inactive|DominusBurak has 30 seconds left.\n|\n|t:|1701123406\n|move|p1b: Torkoal|Protect|p1b: Torkoal\n|-singleturn|p1b: Torkoal|Protect\n|-activate|p1a: Regidrago|move: Struggle\n|move|p1a: Regidrago|Struggle|p2a: Iron Hands\n|-damage|p2a: Iron Hands|7\/100\n|-damage|p1a: Regidrago|0 fnt|[from] recoil\n|faint|p1a: Regidrago\n|move|p2a: Iron Hands|Drain Punch|p1b: Torkoal\n|-activate|p1b: Torkoal|move: Protect\n|\n|-weather|SunnyDay|[upkeep]\n|upkeep\n|turn|10\n|\n|t:|1701123431\n|move|p2a: Iron Hands|Drain Punch|p1b: Torkoal\n|-damage|p1b: Torkoal|0 fnt\n|-heal|p2a: Iron Hands|20\/100|[from] drain|[of] p1b: Torkoal\n|faint|p1b: Torkoal\n|\n|win|whykeyVGC\n","uploadtime":1701123442,"views":1,"p1id":"dominusburak","p2id":"whykeyvgc","formatid":"gen9vgc2023regulatione","rating":0,"private":0,"password":""}