{"id":"gen9vgc2023regulatione-1998176774","p1":"kento223","p2":"Rebelion31","format":"[Gen 9] VGC 2023 Regulation E","log":"|j|\u2606kento223\n|j|\u2606Rebelion31\n|t:|1700906786\n|gametype|doubles\n|player|p1|kento223|brycenman|1043\n|player|p2|Rebelion31|1|1103\n|teamsize|p1|6\n|teamsize|p2|6\n|gen|9\n|tier|[Gen 9] VGC 2023 Regulation E\n|rated|\n|rule|Species Clause: Limit one of each Pok\u00e9mon\n|rule|Item Clause: Limit one of each item\n|clearpoke\n|poke|p1|Sinistcha-Masterpiece, L50|\n|poke|p1|Landorus-Therian, L50, M|\n|poke|p1|Cresselia, L50, F|\n|poke|p1|Indeedee-F, L50, F|\n|poke|p1|Iron Hands, L50|\n|poke|p1|Ursaluna-Bloodmoon, L50, M|\n|poke|p2|Dragonite, L50, F|\n|poke|p2|Chien-Pao, L50|\n|poke|p2|Toxtricity, L50, F|\n|poke|p2|Clefairy, L50, M|\n|poke|p2|Flutter Mane, L50|\n|poke|p2|Ninetales, L50, F|\n|teampreview|4\n|\n|t:|1700906814\n|start\n|switch|p1a: Indeedee|Indeedee-F, L50, F|100\/100\n|switch|p1b: Ursaluna|Ursaluna-Bloodmoon, L50, M|100\/100\n|switch|p2a: Toxtricity|Toxtricity, L50, F|100\/100\n|switch|p2b: Clefairy|Clefairy, L50, M|100\/100\n|-fieldstart|move: Psychic Terrain|[from] ability: Psychic Surge|[of] p1a: Indeedee\n|turn|1\n|inactive|Battle timer is ON: inactive players will automatically lose when time's up. (requested by kento223)\n|\n|t:|1700906832\n|move|p2a: Toxtricity|Protect|p2a: Toxtricity\n|-singleturn|p2a: Toxtricity|Protect\n|move|p2b: Clefairy|Icy Wind|p1b: Ursaluna|[spread] p1a,p1b\n|-supereffective|p1b: Ursaluna\n|-damage|p1a: Indeedee|95\/100\n|-damage|p1b: Ursaluna|86\/100\n|-unboost|p1a: Indeedee|spe|1\n|-unboost|p1b: Ursaluna|spe|1\n|move|p1b: Ursaluna|Hyper Voice|p2a: Toxtricity|[spread] p2b\n|-activate|p2a: Toxtricity|move: Protect\n|-damage|p2b: Clefairy|68\/100\n|-enditem|p1b: Ursaluna|Throat Spray\n|-boost|p1b: Ursaluna|spa|1|[from] item: Throat Spray\n|move|p1a: Indeedee|Trick Room|p1a: Indeedee\n|-fieldstart|move: Trick Room|[of] p1a: Indeedee\n|\n|upkeep\n|turn|2\n|inactive|Rebelion31 has 30 seconds left.\n|inactive|Rebelion31 has 20 seconds left.\n|\n|t:|1700906873\n|switch|p1a: Sinistcha|Sinistcha-Masterpiece, L50|100\/100\n|-heal|p1b: Ursaluna|100\/100|[from] ability: Hospitality|[of] p1a: Sinistcha\n|move|p2b: Clefairy|Follow Me|p2b: Clefairy\n|-singleturn|p2b: Clefairy|move: Follow Me\n|move|p1b: Ursaluna|Blood Moon|p2b: Clefairy\n|-damage|p2b: Clefairy|0 fnt\n|faint|p2b: Clefairy\n|move|p2a: Toxtricity|Boomburst|p1b: Ursaluna|[spread] p1b\n|-immune|p1a: Sinistcha\n|-damage|p1b: Ursaluna|49\/100\n|-enditem|p2a: Toxtricity|Throat Spray\n|-boost|p2a: Toxtricity|spa|1|[from] item: Throat Spray\n|\n|upkeep\n|\n|t:|1700906897\n|switch|p2b: Flutter Mane|Flutter Mane, L50|100\/100\n|turn|3\n|\n|t:|1700906916\n|move|p1b: Ursaluna|Protect|p1b: Ursaluna\n|-singleturn|p1b: Ursaluna|Protect\n|move|p2a: Toxtricity|Protect|p2a: Toxtricity\n|-singleturn|p2a: Toxtricity|Protect\n|move|p1a: Sinistcha|Shadow Ball|p2b: Flutter Mane\n|-supereffective|p2b: Flutter Mane\n|-damage|p2b: Flutter Mane|16\/100\n|move|p2b: Flutter Mane|Dazzling Gleam|p1b: Ursaluna|[spread] p1a\n|-activate|p1b: Ursaluna|move: Protect\n|-damage|p1a: Sinistcha|38\/100\n|\n|upkeep\n|turn|4\n|\n|t:|1700906933\n|move|p1b: Ursaluna|Blood Moon|p2a: Toxtricity\n|-damage|p2a: Toxtricity|0 fnt\n|faint|p2a: Toxtricity\n|move|p1a: Sinistcha|Shadow Ball|p2b: Flutter Mane\n|-supereffective|p2b: Flutter Mane\n|-damage|p2b: Flutter Mane|0 fnt\n|faint|p2b: Flutter Mane\n|-end|p2b: Flutter Mane|Protosynthesis|[silent]\n|\n|upkeep\n|\n|t:|1700906945\n|switch|p2b: Ninetales|Ninetales, L50, F|100\/100\n|-weather|SunnyDay|[from] ability: Drought|[of] p2b: Ninetales\n|turn|5\n|\n|t:|1700906957\n|move|p1b: Ursaluna|Earth Power|p2b: Ninetales\n|-supereffective|p2b: Ninetales\n|-damage|p2b: Ninetales|0 fnt\n|faint|p2b: Ninetales\n|\n|win|kento223\n|raw|kento223's rating: 1043 &rarr; <strong>1082<\/strong><br \/>(+39 for winning)\n|raw|Rebelion31's rating: 1103 &rarr; <strong>1074<\/strong><br \/>(-29 for losing)\n","uploadtime":1700906962,"views":10,"p1id":"kento223","p2id":"rebelion31","formatid":"gen9vgc2023regulatione","rating":1074,"private":0,"password":""}