{"id":"gen9vgc2023regulatione-1994604778","p1":"Testing 2400","p2":"riku_te_seduse","format":"[Gen 9] VGC 2023 Regulation E","log":"|j|\u2606Testing 2400\n|j|\u2606riku_te_seduse\n|t:|1700468007\n|gametype|doubles\n|player|p1|Testing 2400|265|1157\n|player|p2|riku_te_seduse|harlequin|1154\n|teamsize|p1|6\n|teamsize|p2|6\n|gen|9\n|tier|[Gen 9] VGC 2023 Regulation E\n|rated|\n|rule|Species Clause: Limit one of each Pok\u00e9mon\n|rule|Item Clause: Limit one of each item\n|clearpoke\n|poke|p1|Grimmsnarl, L50, M|\n|poke|p1|Landorus-Therian, L50, M|\n|poke|p1|Iron Hands, L50|\n|poke|p1|Gholdengo, L50|\n|poke|p1|Ogerpon-Hearthflame, L50, F|\n|poke|p1|Roaring Moon, L50|\n|poke|p2|Cresselia, L50, F|\n|poke|p2|Greninja-*, L50, M|\n|poke|p2|Mismagius, L50, M|\n|poke|p2|Ninetales-Alola, L50, M|\n|poke|p2|Muk-Alola, L50, F|\n|poke|p2|Scovillain, L50, M|\n|teampreview|4\n|inactive|Battle timer is ON: inactive players will automatically lose when time's up. (requested by riku_te_seduse)\n|inactive|Testing 2400 has 60 seconds left.\n|\n|t:|1700468039\n|start\n|switch|p1a: Grimmsnarl|Grimmsnarl, L50, M|100\/100\n|switch|p1b: Iron Hands|Iron Hands, L50|100\/100\n|switch|p2a: No me mates|Muk-Alola, L50, F|100\/100\n|switch|p2b: No lo mates|Scovillain, L50, M|100\/100\n|turn|1\n|\n|t:|1700468055\n|-terastallize|p2a: No me mates|Ghost\n|move|p1a: Grimmsnarl|Fake Out|p2a: No me mates\n|-immune|p2a: No me mates\n|move|p2b: No lo mates|Leech Seed|p1b: Iron Hands\n|-start|p1b: Iron Hands|move: Leech Seed\n|move|p1b: Iron Hands|Drain Punch|p2b: No lo mates\n|-damage|p2b: No lo mates|41\/100\n|move|p2a: No me mates|Minimize|p2a: No me mates\n|-boost|p2a: No me mates|evasion|2\n|\n|-damage|p1b: Iron Hands|88\/100|[from] Leech Seed|[of] p2b: No lo mates\n|-heal|p2b: No lo mates|57\/100|[silent]\n|-ability|p2b: No lo mates|Moody|boost\n|-boost|p2b: No lo mates|spd|2\n|-unboost|p2b: No lo mates|def|1\n|upkeep\n|turn|2\n|\n|t:|1700468078\n|move|p1a: Grimmsnarl|Thunder Wave|p2a: No me mates\n|-status|p2a: No me mates|par\n|move|p2b: No lo mates|Leech Seed|p1a: Grimmsnarl\n|-start|p1a: Grimmsnarl|move: Leech Seed\n|move|p1b: Iron Hands|Drain Punch|p2b: No lo mates\n|-damage|p2b: No lo mates|0 fnt\n|-heal|p1b: Iron Hands|100\/100|[from] drain|[of] p2b: No lo mates\n|faint|p2b: No lo mates\n|-ability|p2a: No me mates|Moody|[from] ability: Power of Alchemy|[of] p2b: No lo mates\n|move|p2a: No me mates|Minimize|p2a: No me mates\n|-boost|p2a: No me mates|evasion|2\n|\n|-ability|p2a: No me mates|Moody|boost\n|-boost|p2a: No me mates|spd|2\n|-unboost|p2a: No me mates|spa|1\n|upkeep\n|\n|t:|1700468092\n|switch|p2b: Mr lamprea|Greninja, L50, M|100\/100\n|turn|3\n|\n|t:|1700468112\n|-end|p1b: Iron Hands|Quark Drive|[silent]\n|switch|p1b: Gholdengo|Gholdengo, L50|100\/100\n|move|p1a: Grimmsnarl|Thunder Wave|p2b: Mr lamprea\n|-hint|Since gen 7, Dark is immune to Prankster moves.\n|-immune|p2b: Mr lamprea\n|move|p2b: Mr lamprea|Icy Wind|p1b: Gholdengo|[spread] p1a,p1b\n|-start|p2b: Mr lamprea|typechange|Ice|[from] ability: Protean\n|-resisted|p1b: Gholdengo\n|-damage|p1a: Grimmsnarl|81\/100\n|-damage|p1b: Gholdengo|89\/100\n|-unboost|p1a: Grimmsnarl|spe|1\n|-unboost|p1b: Gholdengo|spe|1\n|move|p2a: No me mates|Minimize|p2a: No me mates\n|-boost|p2a: No me mates|evasion|2\n|\n|-damage|p1a: Grimmsnarl|68\/100|[from] Leech Seed|[of] p2b: Mr lamprea\n|-ability|p2a: No me mates|Moody|boost\n|-boost|p2a: No me mates|spa|2\n|-unboost|p2a: No me mates|def|1\n|upkeep\n|turn|4\n|\n|t:|1700468132\n|move|p1a: Grimmsnarl|Thunder Wave|p2b: Mr lamprea\n|-status|p2b: Mr lamprea|par\n|move|p1b: Gholdengo|Nasty Plot|p1b: Gholdengo\n|-boost|p1b: Gholdengo|spa|2\n|move|p2b: Mr lamprea|Icy Wind|p1a: Grimmsnarl|[spread] p1a,p1b\n|-resisted|p1b: Gholdengo\n|-damage|p1a: Grimmsnarl|48\/100\n|-damage|p1b: Gholdengo|80\/100\n|-unboost|p1a: Grimmsnarl|spe|1\n|-unboost|p1b: Gholdengo|spe|1\n|cant|p2a: No me mates|par\n|\n|-damage|p1a: Grimmsnarl|36\/100|[from] Leech Seed|[of] p2b: Mr lamprea\n|-ability|p2a: No me mates|Moody|boost\n|-boost|p2a: No me mates|spa|2\n|-unboost|p2a: No me mates|spd|1\n|upkeep\n|turn|5\n|\n|t:|1700468153\n|move|p1a: Grimmsnarl|Parting Shot|p2b: Mr lamprea\n|-unboost|p2b: Mr lamprea|atk|1\n|-unboost|p2b: Mr lamprea|spa|1\n|\n|t:|1700468156\n|switch|p1a: Iron Hands|Iron Hands, L50|100\/100|[from] Parting Shot\n|cant|p2b: Mr lamprea|par\n|move|p1b: Gholdengo|Nasty Plot|p1b: Gholdengo\n|-boost|p1b: Gholdengo|spa|2\n|move|p2a: No me mates|Knock Off|p1b: Gholdengo\n|-supereffective|p1b: Gholdengo\n|-damage|p1b: Gholdengo|5\/100\n|-enditem|p1b: Gholdengo|Metal Coat|[from] move: Knock Off|[of] p2a: No me mates\n|\n|-ability|p2a: No me mates|Moody|boost\n|-boost|p2a: No me mates|spa|2\n|-unboost|p2a: No me mates|spe|1\n|upkeep\n|turn|6\n|\n|t:|1700468179\n|move|p1b: Gholdengo|Protect|p1b: Gholdengo\n|-singleturn|p1b: Gholdengo|Protect\n|move|p2a: No me mates|Protect|p2a: No me mates\n|-singleturn|p2a: No me mates|Protect\n|move|p1a: Iron Hands|Drain Punch|p2b: Mr lamprea\n|-supereffective|p2b: Mr lamprea\n|-crit|p2b: Mr lamprea\n|-damage|p2b: Mr lamprea|0 fnt\n|faint|p2b: Mr lamprea\n|\n|-ability|p2a: No me mates|Moody|boost\n|-boost|p2a: No me mates|spe|2\n|-unboost|p2a: No me mates|def|1\n|upkeep\n|\n|t:|1700468188\n|switch|p2b: Guillehue|Cresselia, L50, F|100\/100\n|turn|7\n|\n|t:|1700468200\n|switch|p1b: Grimmsnarl|Grimmsnarl, L50, M|36\/100\n|move|p1a: Iron Hands|Heavy Slam|p2b: Guillehue\n|-damage|p2b: Guillehue|80\/100\n|move|p2b: Guillehue|Shadow Ball|p1b: Grimmsnarl\n|-resisted|p1b: Grimmsnarl\n|-damage|p1b: Grimmsnarl|28\/100\n|move|p2a: No me mates|Substitute|p2a: No me mates\n|-start|p2a: No me mates|Substitute\n|-damage|p2a: No me mates|75\/100 par\n|\n|-ability|p2a: No me mates|Moody|boost\n|-boost|p2a: No me mates|spa|1\n|-unboost|p2a: No me mates|atk|1\n|upkeep\n|turn|8\n|inactive|riku_te_seduse has 30 seconds left.\n|\n|t:|1700468227\n|move|p1b: Grimmsnarl|Thunder Wave|p2b: Guillehue\n|-status|p2b: Guillehue|par\n|move|p1a: Iron Hands|Heavy Slam|p2a: No me mates\n|-end|p2a: No me mates|Substitute\n|cant|p2a: No me mates|par\n|move|p2b: Guillehue|Lunar Blessing|p2b: Guillehue|[spread] p2a,p2b\n|-heal|p2a: No me mates|100\/100 par\n|-curestatus|p2a: No me mates|par|[msg]\n|-heal|p2b: Guillehue|100\/100 par\n|-curestatus|p2b: Guillehue|par|[msg]\n|\n|-ability|p2a: No me mates|Moody|boost\n|-boost|p2a: No me mates|atk|2\n|-unboost|p2a: No me mates|def|1\n|upkeep\n|turn|9\n|inactive|riku_te_seduse has 30 seconds left.\n|inactive|Testing 2400 has 30 seconds left.\n|\n|t:|1700468266\n|move|p2b: Guillehue|Protect|p2b: Guillehue\n|-singleturn|p2b: Guillehue|Protect\n|move|p1a: Iron Hands|Heavy Slam|p2b: Guillehue\n|-activate|p2b: Guillehue|move: Protect\n|move|p2a: No me mates|Knock Off|p1b: Grimmsnarl\n|-resisted|p1b: Grimmsnarl\n|-damage|p1b: Grimmsnarl|16\/100\n|-enditem|p1b: Grimmsnarl|Roseli Berry|[from] move: Knock Off|[of] p2a: No me mates\n|move|p1b: Grimmsnarl|Spirit Break|p2b: Guillehue\n|-activate|p2b: Guillehue|move: Protect\n|\n|-ability|p2a: No me mates|Moody|boost\n|-boost|p2a: No me mates|atk|2\n|-unboost|p2a: No me mates|spa|1\n|upkeep\n|turn|10\n|\n|t:|1700468290\n|move|p2b: Guillehue|Ally Switch||[still]\n|-fail|p2b: Guillehue\n|move|p1a: Iron Hands|Heavy Slam|p2b: Guillehue\n|-damage|p2b: Guillehue|80\/100\n|move|p2a: No me mates|Knock Off|p1b: Grimmsnarl\n|-resisted|p1b: Grimmsnarl\n|-damage|p1b: Grimmsnarl|3\/100\n|move|p1b: Grimmsnarl|Spirit Break|p2b: Guillehue\n|-damage|p2b: Guillehue|61\/100\n|-unboost|p2b: Guillehue|spa|1\n|\n|-ability|p2a: No me mates|Moody|boost\n|-boost|p2a: No me mates|spe|2\n|-unboost|p2a: No me mates|atk|1\n|upkeep\n|turn|11\n|\n|t:|1700468311\n|move|p2a: No me mates|Substitute|p2a: No me mates\n|-start|p2a: No me mates|Substitute\n|-damage|p2a: No me mates|75\/100\n|move|p1a: Iron Hands|Heavy Slam|p2b: Guillehue\n|-damage|p2b: Guillehue|40\/100\n|move|p2b: Guillehue|Lunar Blessing||[still]|[spread] p2a,p2b\n|-fail|p2b: Guillehue\n|-heal|p2b: Guillehue|65\/100\n|move|p1b: Grimmsnarl|Spirit Break|p2a: No me mates\n|-end|p2a: No me mates|Substitute\n|\n|-ability|p2a: No me mates|Moody|boost\n|-boost|p2a: No me mates|spa|1\n|-unboost|p2a: No me mates|spe|1\n|upkeep\n|turn|12\n|\n|t:|1700468328\n|move|p2a: No me mates|Protect|p2a: No me mates\n|-singleturn|p2a: No me mates|Protect\n|move|p1a: Iron Hands|Heavy Slam|p2b: Guillehue\n|-damage|p2b: Guillehue|45\/100\n|move|p2b: Guillehue|Lunar Blessing|p2b: Guillehue|[spread] p2a,p2b\n|-heal|p2a: No me mates|100\/100\n|-heal|p2b: Guillehue|70\/100\n|move|p1b: Grimmsnarl|Spirit Break|p2b: Guillehue\n|-damage|p2b: Guillehue|52\/100\n|-unboost|p2b: Guillehue|spa|1\n|\n|-ability|p2a: No me mates|Moody|boost\n|-boost|p2a: No me mates|atk|2\n|-unboost|p2a: No me mates|def|1\n|upkeep\n|turn|13\n|\n|t:|1700468347\n|move|p2a: No me mates|Knock Off|p1b: Grimmsnarl\n|-resisted|p1b: Grimmsnarl\n|-damage|p1b: Grimmsnarl|0 fnt\n|faint|p1b: Grimmsnarl\n|move|p1a: Iron Hands|Heavy Slam|p2b: Guillehue\n|-damage|p2b: Guillehue|31\/100\n|move|p2b: Guillehue|Lunar Blessing|p2b: Guillehue|[spread] p2a,p2b\n|-heal|p2b: Guillehue|56\/100\n|\n|-ability|p2a: No me mates|Moody|boost\n|-boost|p2a: No me mates|def|2\n|-unboost|p2a: No me mates|spd|1\n|upkeep\n|\n|t:|1700468351\n|switch|p1b: Gholdengo|Gholdengo, L50|5\/100\n|turn|14\n|\n|t:|1700468362\n|move|p2a: No me mates|Knock Off|p1b: Gholdengo\n|-supereffective|p1b: Gholdengo\n|-damage|p1b: Gholdengo|0 fnt\n|faint|p1b: Gholdengo\n|move|p1a: Iron Hands|Drain Punch|p2b: Guillehue\n|-resisted|p2b: Guillehue\n|-damage|p2b: Guillehue|46\/100\n|move|p2b: Guillehue|Shadow Ball|p1a: Iron Hands\n|-damage|p1a: Iron Hands|95\/100\n|\n|-ability|p2a: No me mates|Moody|boost\n|-boost|p2a: No me mates|atk|2\n|-unboost|p2a: No me mates|def|1\n|upkeep\n|\n|t:|1700468365\n|switch|p1b: Ogerpon|Ogerpon-Hearthflame, L50, F|100\/100\n|-ability|p1b: Ogerpon|Mold Breaker\n|turn|15\n|\n|t:|1700468376\n|-terastallize|p1b: Ogerpon|Fire\n|detailschange|p1b: Ogerpon|Ogerpon-Hearthflame-Tera, L50, F, tera:Fire\n|-ability|p1b: Ogerpon|Embody Aspect (Hearthflame)|boost\n|-boost|p1b: Ogerpon|atk|1\n|move|p1b: Ogerpon|Ivy Cudgel|p2b: Guillehue|[anim] Ivy Cudgel Fire\n|-damage|p2b: Guillehue|0 fnt\n|faint|p2b: Guillehue\n|move|p2a: No me mates|Substitute|p2a: No me mates\n|-start|p2a: No me mates|Substitute\n|-damage|p2a: No me mates|75\/100\n|move|p1a: Iron Hands|Heavy Slam|p2a: No me mates\n|-end|p2a: No me mates|Substitute\n|\n|-ability|p2a: No me mates|Moody|boost\n|-boost|p2a: No me mates|spd|2\n|-unboost|p2a: No me mates|spe|1\n|upkeep\n|turn|16\n|\n|t:|1700468393\n|move|p1b: Ogerpon|Ivy Cudgel|p2a: No me mates|[anim] Ivy Cudgel Fire|[miss]\n|-miss|p1b: Ogerpon|p2a: No me mates\n|move|p1a: Iron Hands|Heavy Slam|p2a: No me mates\n|-crit|p2a: No me mates\n|-damage|p2a: No me mates|0 fnt\n|faint|p2a: No me mates\n|\n|win|Testing 2400\n|raw|Testing 2400's rating: 1157 &rarr; <strong>1182<\/strong><br \/>(+25 for winning)\n|raw|riku_te_seduse's rating: 1154 &rarr; <strong>1129<\/strong><br \/>(-25 for losing)\n|l|\u2606riku_te_seduse\n|l|\u2606Testing 2400\n|j|\u2606Testing 2400\n|player|p1|Testing 2400|265\n","uploadtime":1700468764,"views":5,"p1id":"testing2400","p2id":"rikuteseduse","formatid":"gen9vgc2023regulatione","rating":1129,"private":0,"password":""}