{"id":"gen9vgc2023regulatione-1999908941","p1":"Monkey445569","p2":"ADCasey","format":"[Gen 9] VGC 2023 Regulation E","log":"|j|\u2606Monkey445569\n|j|\u2606ADCasey\n|t:|1701128873\n|gametype|doubles\n|player|p1|Monkey445569|102|1000\n|player|p2|ADCasey|blue|1078\n|teamsize|p1|6\n|teamsize|p2|6\n|gen|9\n|tier|[Gen 9] VGC 2023 Regulation E\n|rated|\n|rule|Species Clause: Limit one of each Pok\u00e9mon\n|rule|Item Clause: Limit one of each item\n|clearpoke\n|poke|p1|Dragapult, L50, F|\n|poke|p1|Garchomp, L50, F|\n|poke|p1|Grimmsnarl, L50, M|\n|poke|p1|Noivern, L50, F|\n|poke|p1|Altaria, L50, F|\n|poke|p1|Roaring Moon, L50|\n|poke|p2|Inteleon, L50, M|\n|poke|p2|Politoed, L50, F|\n|poke|p2|Quaquaval, L50, M|\n|poke|p2|Maushold, L50|\n|poke|p2|Tinkaton, L50, F|\n|poke|p2|Tornadus, L50, M|\n|teampreview|4\n|\n|t:|1701128914\n|start\n|switch|p1a: Dragapult|Dragapult, L50, F|100\/100\n|switch|p1b: Roaring Moon|Roaring Moon, L50|100\/100\n|switch|p2a: Politoed|Politoed, L50, F, shiny|100\/100\n|switch|p2b: Inteleon|Inteleon, L50, M, shiny|100\/100\n|-weather|RainDance|[from] ability: Drizzle|[of] p2a: Politoed\n|-enditem|p1b: Roaring Moon|Booster Energy\n|-activate|p1b: Roaring Moon|ability: Protosynthesis|[fromitem]\n|-start|p1b: Roaring Moon|protosynthesisatk\n|turn|1\n|\n|t:|1701128946\n|switch|p1a: Altaria|Altaria, L50, F|100\/100\n|-ability|p1a: Altaria|Cloud Nine\n|switch|p2b: Tinkaton|Tinkaton, L50, F|100\/100\n|-ability|p2b: Tinkaton|Mold Breaker\n|move|p1b: Roaring Moon|Rock Slide|p2b: Tinkaton|[spread] p2a,p2b\n|-resisted|p2b: Tinkaton\n|-damage|p2a: Politoed|79\/100\n|-damage|p2b: Tinkaton|87\/100\n|move|p2a: Politoed|Icy Wind|p1b: Roaring Moon|[spread] p1a,p1b\n|-supereffective|p1a: Altaria\n|-crit|p1a: Altaria\n|-supereffective|p1b: Roaring Moon\n|-damage|p1a: Altaria|54\/100\n|-damage|p1b: Roaring Moon|82\/100\n|-unboost|p1a: Altaria|spe|1\n|-unboost|p1b: Roaring Moon|spe|1\n|\n|-weather|RainDance|[upkeep]\n|upkeep\n|turn|2\n|\n|t:|1701128983\n|move|p2b: Tinkaton|Fake Out|p1a: Altaria\n|-damage|p1a: Altaria|44\/100\n|move|p1b: Roaring Moon|Fire Fang|p2b: Tinkaton\n|-supereffective|p2b: Tinkaton\n|-damage|p2b: Tinkaton|20\/100\n|move|p2a: Politoed|Icy Wind|p1b: Roaring Moon|[spread] p1a,p1b\n|-supereffective|p1a: Altaria\n|-supereffective|p1b: Roaring Moon\n|-damage|p1a: Altaria|10\/100\n|-damage|p1b: Roaring Moon|65\/100\n|-unboost|p1a: Altaria|spe|1\n|-unboost|p1b: Roaring Moon|spe|1\n|cant|p1a: Altaria|flinch\n|\n|-weather|RainDance|[upkeep]\n|upkeep\n|turn|3\n|inactive|Battle timer is ON: inactive players will automatically lose when time's up. (requested by ADCasey)\n|\n|t:|1701129046\n|switch|p2b: Inteleon|Inteleon, L50, M, shiny|100\/100\n|move|p2a: Politoed|Icy Wind|p1a: Altaria|[spread] p1a\n|-miss|p2a: Politoed|p1b: Roaring Moon\n|-supereffective|p1a: Altaria\n|-damage|p1a: Altaria|0 fnt\n|faint|p1a: Altaria\n|move|p1b: Roaring Moon|Rock Slide|p2a: Politoed|[spread] p2a,p2b\n|-damage|p2a: Politoed|55\/100\n|-damage|p2b: Inteleon|52\/100\n|\n|-weather|RainDance|[upkeep]\n|upkeep\n|\n|t:|1701129069\n|switch|p1a: Dragapult|Dragapult, L50, F|100\/100\n|turn|4\n|\n|t:|1701129094\n|switch|p2b: Maushold|Maushold, L50|100\/100\n|-terastallize|p1a: Dragapult|Ghost\n|move|p1a: Dragapult|Dragon Darts|p2a: Politoed\n|-damage|p2a: Politoed|24\/100\n|-anim|p1a: Dragapult|Dragon Darts|p2b: Maushold\n|-damage|p2b: Maushold|43\/100\n|move|p2a: Politoed|Icy Wind|p1b: Roaring Moon|[spread] p1a,p1b\n|-supereffective|p1b: Roaring Moon\n|-crit|p1b: Roaring Moon\n|-damage|p1a: Dragapult|87\/100\n|-damage|p1b: Roaring Moon|37\/100\n|-unboost|p1a: Dragapult|spe|1\n|-unboost|p1b: Roaring Moon|spe|1\n|move|p1b: Roaring Moon|Acrobatics|p2a: Politoed\n|-damage|p2a: Politoed|0 fnt\n|faint|p2a: Politoed\n|\n|-weather|RainDance|[upkeep]\n|upkeep\n|\n|t:|1701129114\n|switch|p2a: Tinkaton|Tinkaton, L50, F|20\/100\n|-ability|p2a: Tinkaton|Mold Breaker\n|turn|5\n|\n|t:|1701129135\n|move|p2b: Maushold|Protect|p2b: Maushold\n|-singleturn|p2b: Maushold|Protect\n|move|p1b: Roaring Moon|Protect|p1b: Roaring Moon\n|-singleturn|p1b: Roaring Moon|Protect\n|move|p1a: Dragapult|Dragon Darts|p2b: Maushold\n|-immune|p2a: Tinkaton\n|move|p2a: Tinkaton|Knock Off|p1a: Dragapult\n|-supereffective|p1a: Dragapult\n|-damage|p1a: Dragapult|11\/100\n|-enditem|p1a: Dragapult|Choice Band|[from] move: Knock Off|[of] p2a: Tinkaton\n|\n|-weather|RainDance|[upkeep]\n|upkeep\n|turn|6\n|\n|t:|1701129159\n|move|p2b: Maushold|Bite|p1a: Dragapult\n|-supereffective|p1a: Dragapult\n|-damage|p1a: Dragapult|0 fnt\n|faint|p1a: Dragapult\n|move|p2a: Tinkaton|Play Rough|p1b: Roaring Moon|[miss]\n|-miss|p2a: Tinkaton|p1b: Roaring Moon\n|move|p1b: Roaring Moon|Rock Slide|p2a: Tinkaton|[spread] p2a\n|-miss|p1b: Roaring Moon|p2b: Maushold\n|-resisted|p2a: Tinkaton\n|-damage|p2a: Tinkaton|6\/100\n|\n|-weather|RainDance|[upkeep]\n|upkeep\n|\n|t:|1701129170\n|switch|p1a: Noivern|Noivern, L50, F|100\/100\n|turn|7\n|inactive|ADCasey has 30 seconds left.\n|\n|t:|1701129200\n|move|p2b: Maushold|Protect|p2b: Maushold\n|-singleturn|p2b: Maushold|Protect\n|move|p1b: Roaring Moon|Protect|p1b: Roaring Moon\n|-singleturn|p1b: Roaring Moon|Protect\n|move|p1a: Noivern|Boomburst|p2a: Tinkaton|[spread] p2a\n|-activate|p1b: Roaring Moon|move: Protect\n|-activate|p2b: Maushold|move: Protect\n|-resisted|p2a: Tinkaton\n|-damage|p2a: Tinkaton|0 fnt\n|faint|p2a: Tinkaton\n|\n|-weather|RainDance|[upkeep]\n|upkeep\n|\n|t:|1701129206\n|switch|p2a: Inteleon|Inteleon, L50, M, shiny|52\/100\n|turn|8\n|inactive|Monkey445569 has 30 seconds left.\n|\n|t:|1701129241\n|-terastallize|p2a: Inteleon|Water\n|move|p1b: Roaring Moon|Protect||[still]\n|-fail|p1b: Roaring Moon\n|move|p2a: Inteleon|Snipe Shot|p1a: Noivern\n|-resisted|p1a: Noivern\n|-crit|p1a: Noivern\n|-damage|p1a: Noivern|0 fnt\n|faint|p1a: Noivern\n|move|p2b: Maushold|Population Bomb|p1b: Roaring Moon\n|-damage|p1b: Roaring Moon|22\/100\n|-damage|p1b: Roaring Moon|7\/100\n|-damage|p1b: Roaring Moon|0 fnt\n|faint|p1b: Roaring Moon\n|-end|p1b: Roaring Moon|Protosynthesis|[silent]\n|-hitcount|p1: Roaring Moon|3\n|\n|win|ADCasey\n|raw|Monkey445569's rating: 1000 &rarr; <strong>1000<\/strong><br \/>(+0 for losing)\n|raw|ADCasey's rating: 1078 &rarr; <strong>1100<\/strong><br \/>(+22 for winning)\n","uploadtime":1701129251,"views":12,"p1id":"monkey445569","p2id":"adcasey","formatid":"gen9vgc2023regulatione","rating":1000,"private":0,"password":""}