{"id":"gen9vgc2023regulatione-1996194738","p1":"M2P lugui","p2":"GuggaF","format":"[Gen 9] VGC 2023 Regulation E","log":"|j|\u2606M2P lugui\n|j|\u2606GuggaF\n|t:|1700657659\n|gametype|doubles\n|player|p1|M2P lugui|n|1127\n|player|p2|GuggaF|102|1000\n|teamsize|p1|6\n|teamsize|p2|6\n|gen|9\n|tier|[Gen 9] VGC 2023 Regulation E\n|rated|\n|rule|Species Clause: Limit one of each Pok\u00e9mon\n|rule|Item Clause: Limit one of each item\n|clearpoke\n|poke|p1|Charizard, L50, F|\n|poke|p1|Torkoal, L50, F|\n|poke|p1|Lilligant-Hisui, L50, F|\n|poke|p1|Pelipper, L50, M|\n|poke|p1|Sableye, L50, F|\n|poke|p1|Zapdos, L50|\n|poke|p2|Sinistcha, L50|\n|poke|p2|Iron Bundle, L50|\n|poke|p2|Volcarona, L50, F|\n|poke|p2|Ninetales-Alola, L50, F|\n|poke|p2|Iron Hands, L50|\n|poke|p2|Gyarados, L50, F|\n|teampreview|4\n|\n|t:|1700657699\n|start\n|switch|p1a: Charizard|Charizard, L50, F|100\/100\n|switch|p1b: Sableye|Sableye, L50, F|100\/100\n|switch|p2a: Ninetales|Ninetales-Alola, L50, F, shiny|100\/100\n|switch|p2b: Iron Hands|Iron Hands, L50|100\/100\n|-weather|Snow|[from] ability: Snow Warning|[of] p2a: Ninetales\n|turn|1\n|\n|t:|1700657718\n|move|p1a: Charizard|Protect|p1a: Charizard\n|-singleturn|p1a: Charizard|Protect\n|move|p2b: Iron Hands|Fake Out|p1a: Charizard\n|-activate|p1a: Charizard|move: Protect\n|move|p1b: Sableye|Sunny Day|p1b: Sableye\n|-weather|SunnyDay\n|move|p2a: Ninetales|Blizzard|p1a: Charizard|[spread] \n|-activate|p1a: Charizard|move: Protect\n|-miss|p2a: Ninetales|p1b: Sableye\n|\n|-weather|SunnyDay|[upkeep]\n|-damage|p1a: Charizard|88\/100|[from] ability: Solar Power|[of] p1a: Charizard\n|upkeep\n|turn|2\n|\n|t:|1700657759\n|switch|p2a: Iron Bundle|Iron Bundle, L50|100\/100\n|-enditem|p2a: Iron Bundle|Booster Energy\n|-activate|p2a: Iron Bundle|ability: Quark Drive|[fromitem]\n|-start|p2a: Iron Bundle|quarkdrivespe\n|move|p1a: Charizard|Fire Blast|p2b: Iron Hands\n|-damage|p2b: Iron Hands|12\/100\n|-damage|p1a: Charizard|78\/100|[from] item: Life Orb\n|move|p2b: Iron Hands|Wild Charge|p1a: Charizard\n|-supereffective|p1a: Charizard\n|-crit|p1a: Charizard\n|-damage|p1a: Charizard|0 fnt\n|faint|p1a: Charizard\n|-damage|p2b: Iron Hands|0 fnt|[from] Recoil\n|faint|p2b: Iron Hands\n|-end|p2b: Iron Hands|Quark Drive|[silent]\n|move|p1b: Sableye|Foul Play|p2a: Iron Bundle\n|-damage|p2a: Iron Bundle|78\/100\n|\n|-weather|SunnyDay|[upkeep]\n|upkeep\n|\n|t:|1700657777\n|switch|p1a: Zapdos|Zapdos, L50|100\/100\n|switch|p2b: Ninetales|Ninetales-Alola, L50, F, shiny|100\/100\n|-weather|Snow|[from] ability: Snow Warning|[of] p2b: Ninetales\n|turn|3\n|\n|t:|1700657797\n|-terastallize|p1a: Zapdos|Fire\n|move|p1b: Sableye|Rain Dance|p1b: Sableye\n|-weather|RainDance\n|move|p2a: Iron Bundle|Encore|p1b: Sableye\n|-start|p1b: Sableye|Encore\n|move|p1a: Zapdos|Thunder|p2a: Iron Bundle\n|-supereffective|p2a: Iron Bundle\n|-damage|p2a: Iron Bundle|0 fnt\n|faint|p2a: Iron Bundle\n|-end|p2a: Iron Bundle|Quark Drive|[silent]\n|move|p2b: Ninetales|Blizzard|p1a: Zapdos|[spread] p1b\n|-miss|p2b: Ninetales|p1a: Zapdos\n|-damage|p1b: Sableye|18\/100\n|-enditem|p1b: Sableye|Red Card|[of] p2b: Ninetales\n|drag|p2b: Sinistcha|Sinistcha, L50|100\/100\n|\n|-weather|RainDance|[upkeep]\n|upkeep\n|\n|t:|1700657813\n|switch|p2a: Ninetales|Ninetales-Alola, L50, F, shiny|100\/100\n|-weather|Snow|[from] ability: Snow Warning|[of] p2a: Ninetales\n|turn|4\n|\n|t:|1700657841\n|switch|p1b: Pelipper|Pelipper, L50, M|100\/100\n|-weather|RainDance|[from] ability: Drizzle|[of] p1b: Pelipper\n|-terastallize|p2a: Ninetales|Fire\n|move|p2b: Sinistcha|Rage Powder|p2b: Sinistcha\n|-singleturn|p2b: Sinistcha|move: Rage Powder\n|move|p1a: Zapdos|Hurricane|p2b: Sinistcha\n|-supereffective|p2b: Sinistcha\n|-damage|p2b: Sinistcha|0 fnt\n|faint|p2b: Sinistcha\n|move|p2a: Ninetales|Blizzard|p1a: Zapdos|[spread] p1a\n|-miss|p2a: Ninetales|p1b: Pelipper\n|-resisted|p1a: Zapdos\n|-crit|p1a: Zapdos\n|-damage|p1a: Zapdos|53\/100\n|\n|-weather|RainDance|[upkeep]\n|upkeep\n|turn|5\n|\n|t:|1700657869\n|move|p1a: Zapdos|Hurricane|p2a: Ninetales\n|-crit|p2a: Ninetales\n|-damage|p2a: Ninetales|0 fnt\n|faint|p2a: Ninetales\n|\n|win|M2P lugui\n|raw|M2P lugui's rating: 1127 &rarr; <strong>1143<\/strong><br \/>(+16 for winning)\n|raw|GuggaF's rating: 1000 &rarr; <strong>1000<\/strong><br \/>(+0 for losing)\n","uploadtime":1700657873,"views":9,"p1id":"m2plugui","p2id":"guggaf","formatid":"gen9vgc2023regulatione","rating":1000,"private":0,"password":""}