{"id":"gen9vgc2023regulatione-1998908812","p1":"xingshen","p2":"RocketshipJakob","format":"[Gen 9] VGC 2023 Regulation E","log":"|j|\u2606xingshen\n|j|\u2606RocketshipJakob\n|t:|1701011753\n|gametype|doubles\n|player|p1|xingshen|1|1245\n|player|p2|RocketshipJakob|101|1323\n|teamsize|p1|6\n|teamsize|p2|6\n|gen|9\n|tier|[Gen 9] VGC 2023 Regulation E\n|rated|\n|rule|Species Clause: Limit one of each Pok\u00e9mon\n|rule|Item Clause: Limit one of each item\n|clearpoke\n|poke|p1|Indeedee-F, L50, F|\n|poke|p1|Ting-Lu, L50|\n|poke|p1|Sinistcha-Masterpiece, L50|\n|poke|p1|Gallade, L50, M|\n|poke|p1|Avalugg-Hisui, L50, M|\n|poke|p1|Ursaluna-Bloodmoon, L50, M|\n|poke|p2|Arcanine-Hisui, L50, M|\n|poke|p2|Kingambit, L50, M|\n|poke|p2|Chien-Pao, L50|\n|poke|p2|Urshifu-*, L50, F|\n|poke|p2|Rillaboom, L50, M|\n|poke|p2|Tornadus, L50, M|\n|teampreview|4\n|\n|t:|1701011806\n|start\n|switch|p1a: Avalugg|Avalugg-Hisui, L50, M|100\/100\n|switch|p1b: Indeedee|Indeedee-F, L50, F|100\/100\n|switch|p2a: Arcanine|Arcanine-Hisui, L50, M|100\/100\n|switch|p2b: Chien-Pao|Chien-Pao, L50|100\/100\n|-ability|p2b: Chien-Pao|Sword of Ruin\n|-ability|p2a: Arcanine|Intimidate|boost\n|-unboost|p1a: Avalugg|atk|1\n|-unboost|p1b: Indeedee|atk|1\n|-fieldstart|move: Psychic Terrain|[from] ability: Psychic Surge|[of] p1b: Indeedee\n|turn|1\n|inactive|Battle timer is ON: inactive players will automatically lose when time's up. (requested by RocketshipJakob)\n|\n|t:|1701011834\n|move|p1a: Avalugg|Wide Guard|p1a: Avalugg\n|-singleturn|p1a: Avalugg|Wide Guard\n|move|p2b: Chien-Pao|Sacred Sword|p1a: Avalugg\n|-supereffective|p1a: Avalugg\n|-damage|p1a: Avalugg|17\/100\n|-enditem|p1a: Avalugg|Aguav Berry|[eat]\n|-heal|p1a: Avalugg|50\/100|[from] item: Aguav Berry\n|move|p2a: Arcanine|Rock Slide|p1a: Avalugg|[spread] \n|-activate|p1a: Avalugg|move: Wide Guard\n|-activate|p1b: Indeedee|move: Wide Guard\n|move|p1b: Indeedee|Trick Room|p1b: Indeedee\n|-fieldstart|move: Trick Room|[of] p1b: Indeedee\n|\n|upkeep\n|turn|2\n|inactive|xingshen has 30 seconds left.\n|\n|t:|1701011860\n|move|p1b: Indeedee|Helping Hand|p1a: Avalugg\n|-singleturn|p1a: Avalugg|Helping Hand|[of] p1b: Indeedee\n|move|p1a: Avalugg|Rock Slide|p2b: Chien-Pao|[spread] p2a,p2b\n|-supereffective|p2a: Arcanine\n|-supereffective|p2b: Chien-Pao\n|-damage|p2a: Arcanine|0 fnt\n|-damage|p2b: Chien-Pao|15\/100\n|faint|p2a: Arcanine\n|move|p2b: Chien-Pao|Sacred Sword|p1a: Avalugg\n|-supereffective|p1a: Avalugg\n|-crit|p1a: Avalugg\n|-damage|p1a: Avalugg|0 fnt\n|faint|p1a: Avalugg\n|\n|upkeep\n|\n|t:|1701011880\n|switch|p1a: Ursaluna|Ursaluna-Bloodmoon, L50, M|100\/100\n|switch|p2a: Rillaboom|Rillaboom, L50, M|100\/100\n|-fieldstart|move: Grassy Terrain|[from] ability: Grassy Surge|[of] p2a: Rillaboom\n|turn|3\n|\n|t:|1701011901\n|-terastallize|p1a: Ursaluna|Ghost\n|-terastallize|p2a: Rillaboom|Grass\n|move|p1b: Indeedee|Follow Me|p1b: Indeedee\n|-singleturn|p1b: Indeedee|move: Follow Me\n|move|p2a: Rillaboom|Grassy Glide|p1b: Indeedee\n|-damage|p1b: Indeedee|43\/100\n|-damage|p2a: Rillaboom|84\/100|[from] item: Rocky Helmet|[of] p1b: Indeedee\n|move|p1a: Ursaluna|Hyper Voice|p2a: Rillaboom|[spread] p2a,p2b\n|-damage|p2a: Rillaboom|55\/100\n|-damage|p2b: Chien-Pao|0 fnt\n|faint|p2b: Chien-Pao\n|-enditem|p1a: Ursaluna|Throat Spray\n|-boost|p1a: Ursaluna|spa|1|[from] item: Throat Spray\n|\n|-heal|p1b: Indeedee|49\/100|[from] Grassy Terrain\n|-heal|p2a: Rillaboom|60\/100|[from] Grassy Terrain\n|upkeep\n|\n|t:|1701011911\n|switch|p2b: Kingambit|Kingambit, L50, M|100\/100\n|turn|4\n|inactive|xingshen has 30 seconds left.\n|\n|t:|1701011942\n|move|p1b: Indeedee|Follow Me|p1b: Indeedee\n|-singleturn|p1b: Indeedee|move: Follow Me\n|move|p2a: Rillaboom|Grassy Glide|p1b: Indeedee\n|-damage|p1b: Indeedee|0 fnt\n|-damage|p2a: Rillaboom|44\/100|[from] item: Rocky Helmet|[of] p1b: Indeedee\n|faint|p1b: Indeedee\n|move|p2b: Kingambit|Kowtow Cleave|p1a: Ursaluna\n|-supereffective|p1a: Ursaluna\n|-damage|p1a: Ursaluna|12\/100\n|move|p1a: Ursaluna|Blood Moon|p2a: Rillaboom\n|-damage|p2a: Rillaboom|0 fnt\n|faint|p2a: Rillaboom\n|\n|-heal|p1a: Ursaluna|18\/100|[from] Grassy Terrain\n|upkeep\n|\n|t:|1701011960\n|switch|p1b: Gallade|Gallade, L50, M|100\/100\n|turn|5\n|\n|t:|1701011975\n|move|p2b: Kingambit|Kowtow Cleave|p1b: Gallade\n|-damage|p1b: Gallade|25\/100\n|move|p1a: Ursaluna|Earth Power|p2b: Kingambit\n|-supereffective|p2b: Kingambit\n|-damage|p2b: Kingambit|0 fnt\n|faint|p2b: Kingambit\n|\n|win|xingshen\n|raw|xingshen's rating: 1245 &rarr; <strong>1276<\/strong><br \/>(+31 for winning)\n|raw|RocketshipJakob's rating: 1323 &rarr; <strong>1299<\/strong><br \/>(-24 for losing)\n|l|\u2606RocketshipJakob\n","uploadtime":1701011986,"views":9,"p1id":"xingshen","p2id":"rocketshipjakob","formatid":"gen9vgc2023regulatione","rating":1276,"private":0,"password":""}