{"id":"gen9vgc2023regulatione-1995133224","p1":"Venefici","p2":"caina_eu","format":"[Gen 9] VGC 2023 Regulation E","log":"|j|\u2606Venefici\n|j|\u2606caina_eu\n|t:|1700526244\n|gametype|doubles\n|player|p1|Venefici|hugh|1051\n|player|p2|caina_eu|170|1046\n|teamsize|p1|6\n|teamsize|p2|6\n|gen|9\n|tier|[Gen 9] VGC 2023 Regulation E\n|rated|\n|rule|Species Clause: Limit one of each Pok\u00e9mon\n|rule|Item Clause: Limit one of each item\n|clearpoke\n|poke|p1|Volcarona, L50, M|\n|poke|p1|Rillaboom, L50, M|\n|poke|p1|Palafin, L50, F|\n|poke|p1|Roaring Moon, L50|\n|poke|p1|Iron Hands, L50|\n|poke|p1|Farigiraf, L50, M|\n|poke|p2|Flutter Mane, L50|\n|poke|p2|Landorus-Therian, L50, M|\n|poke|p2|Iron Hands, L50|\n|poke|p2|Amoonguss, L50, F|\n|poke|p2|Gholdengo, L50|\n|poke|p2|Annihilape, L50, M|\n|teampreview|4\n|inactive|Battle timer is ON: inactive players will automatically lose when time's up. (requested by Venefici)\n|inactive|Venefici has 60 seconds left.\n|\n|t:|1700526276\n|start\n|switch|p1a: Palafin|Palafin, L50, F|100\/100\n|switch|p1b: Rillaboom|Rillaboom, L50, M|100\/100\n|switch|p2a: Landorus|Landorus-Therian, L50, M|100\/100\n|switch|p2b: Flutter Mane|Flutter Mane, L50|100\/100\n|-fieldstart|move: Grassy Terrain|[from] ability: Grassy Surge|[of] p1b: Rillaboom\n|-ability|p2a: Landorus|Intimidate|boost\n|-unboost|p1a: Palafin|atk|1\n|-unboost|p1b: Rillaboom|atk|1\n|turn|1\n|inactive|Venefici has 30 seconds left.\n|\n|t:|1700526302\n|move|p1a: Palafin|Jet Punch|p2a: Landorus\n|-supereffective|p2a: Landorus\n|-damage|p2a: Landorus|76\/100\n|move|p2b: Flutter Mane|Thunderbolt|p1a: Palafin\n|-supereffective|p1a: Palafin\n|-damage|p1a: Palafin|39\/100\n|-enditem|p1a: Palafin|Eject Button\n|\n|t:|1700526310\n|detailschange|p1a: Palafin|Palafin-Hero, L50, F\n|switch|p1a: Roaring Moon|Roaring Moon, L50|100\/100\n|-enditem|p1a: Roaring Moon|Booster Energy\n|-activate|p1a: Roaring Moon|ability: Protosynthesis|[fromitem]\n|-start|p1a: Roaring Moon|protosynthesisspe\n|move|p1b: Rillaboom|Knock Off|p2b: Flutter Mane\n|-damage|p2b: Flutter Mane|72\/100\n|move|p2a: Landorus|Sandsear Storm|p1b: Rillaboom|[spread] p1a,p1b\n|-resisted|p1b: Rillaboom\n|-damage|p1a: Roaring Moon|67\/100\n|-damage|p1b: Rillaboom|83\/100\n|-status|p1a: Roaring Moon|brn\n|\n|-heal|p1a: Roaring Moon|73\/100 brn|[from] Grassy Terrain\n|-heal|p2b: Flutter Mane|78\/100|[from] Grassy Terrain\n|-heal|p1b: Rillaboom|90\/100|[from] Grassy Terrain\n|-damage|p1a: Roaring Moon|67\/100 brn|[from] brn\n|upkeep\n|turn|2\n|inactive|Venefici has 30 seconds left.\n|inactive|caina_eu has 30 seconds left.\n|\n|t:|1700526344\n|move|p1a: Roaring Moon|Tailwind|p1a: Roaring Moon\n|-sidestart|p1: Venefici|move: Tailwind\n|move|p1b: Rillaboom|U-turn|p2a: Landorus\n|-resisted|p2a: Landorus\n|-damage|p2a: Landorus|70\/100\n|\n|t:|1700526351\n|switch|p1b: Iron Hands|Iron Hands, L50|100\/100|[from] U-turn\n|move|p2b: Flutter Mane|Moonblast|p1a: Roaring Moon\n|-supereffective|p1a: Roaring Moon\n|-damage|p1a: Roaring Moon|0 fnt\n|faint|p1a: Roaring Moon\n|-end|p1a: Roaring Moon|Protosynthesis|[silent]\n|move|p2a: Landorus|Sludge Bomb|p1b: Iron Hands\n|-damage|p1b: Iron Hands|87\/100\n|-status|p1b: Iron Hands|psn\n|\n|-heal|p2b: Flutter Mane|84\/100|[from] Grassy Terrain\n|-heal|p1b: Iron Hands|93\/100 psn|[from] Grassy Terrain\n|-damage|p1b: Iron Hands|80\/100 psn|[from] psn\n|upkeep\n|\n|t:|1700526365\n|switch|p1a: Palafin|Palafin-Hero, L50, F|39\/100\n|-activate|p1a: Palafin|ability: Zero to Hero\n|turn|3\n|\n|t:|1700526389\n|move|p1a: Palafin|Protect|p1a: Palafin\n|-singleturn|p1a: Palafin|Protect\n|move|p2b: Flutter Mane|Thunderbolt|p1a: Palafin\n|-activate|p1a: Palafin|move: Protect\n|move|p1b: Iron Hands|Heavy Slam|p2b: Flutter Mane\n|-supereffective|p2b: Flutter Mane\n|-damage|p2b: Flutter Mane|0 fnt\n|faint|p2b: Flutter Mane\n|-end|p2b: Flutter Mane|Protosynthesis|[silent]\n|move|p2a: Landorus|Earth Power|p1b: Iron Hands\n|-supereffective|p1b: Iron Hands\n|-damage|p1b: Iron Hands|43\/100 psn\n|\n|-heal|p1a: Palafin|45\/100|[from] Grassy Terrain\n|-heal|p1b: Iron Hands|49\/100 psn|[from] Grassy Terrain\n|-damage|p1b: Iron Hands|37\/100 psn|[from] psn\n|upkeep\n|\n|t:|1700526410\n|switch|p2b: Annihilape|Annihilape, L50, M|100\/100\n|turn|4\n|\n|t:|1700526426\n|-terastallize|p1a: Palafin|Water\n|move|p1a: Palafin|Acrobatics|p2b: Annihilape\n|-supereffective|p2b: Annihilape\n|-damage|p2b: Annihilape|10\/100\n|move|p1b: Iron Hands|Drain Punch|p2a: Landorus\n|-resisted|p2a: Landorus\n|-damage|p2a: Landorus|50\/100\n|-heal|p1b: Iron Hands|45\/100 psn|[from] drain|[of] p2a: Landorus\n|move|p2b: Annihilape|Gunk Shot|p1a: Palafin\n|-damage|p1a: Palafin|15\/100\n|move|p2a: Landorus|Sandsear Storm|p1a: Palafin|[spread] p1b\n|-miss|p2a: Landorus|p1a: Palafin\n|-supereffective|p1b: Iron Hands\n|-damage|p1b: Iron Hands|11\/100 psn\n|\n|-heal|p1a: Palafin|21\/100|[from] Grassy Terrain\n|-heal|p1b: Iron Hands|17\/100 psn|[from] Grassy Terrain\n|-heal|p2b: Annihilape|16\/100|[from] Grassy Terrain\n|-damage|p1b: Iron Hands|5\/100 psn|[from] psn\n|upkeep\n|turn|5\n|inactive|Venefici has 30 seconds left.\n|inactive|caina_eu has 30 seconds left.\n|inactive|Venefici has 20 seconds left.\n|\n|t:|1700526462\n|move|p1a: Palafin|Jet Punch|p2b: Annihilape\n|-damage|p2b: Annihilape|0 fnt\n|faint|p2b: Annihilape\n|move|p1b: Iron Hands|Drain Punch|p2a: Landorus\n|-resisted|p2a: Landorus\n|-crit|p2a: Landorus\n|-damage|p2a: Landorus|22\/100\n|-heal|p1b: Iron Hands|16\/100 psn|[from] drain|[of] p2a: Landorus\n|move|p2a: Landorus|Psychic|p1b: Iron Hands\n|-supereffective|p1b: Iron Hands\n|-damage|p1b: Iron Hands|0 fnt\n|faint|p1b: Iron Hands\n|-end|p1b: Iron Hands|Quark Drive|[silent]\n|\n|-heal|p1a: Palafin|27\/100|[from] Grassy Terrain\n|-sideend|p1: Venefici|move: Tailwind\n|-fieldend|move: Grassy Terrain\n|upkeep\n|\n|t:|1700526477\n|switch|p2b: Gholdengo|Gholdengo, L50|100\/100\n|switch|p1b: Rillaboom|Rillaboom, L50, M|90\/100\n|-fieldstart|move: Grassy Terrain|[from] ability: Grassy Surge|[of] p1b: Rillaboom\n|turn|6\n|\n|t:|1700526500\n|move|p1a: Palafin|Protect|p1a: Palafin\n|-singleturn|p1a: Palafin|Protect\n|move|p1b: Rillaboom|Fake Out|p2a: Landorus\n|-damage|p2a: Landorus|11\/100\n|cant|p2a: Landorus|flinch\n|move|p2b: Gholdengo|Make It Rain|p1b: Rillaboom|[spread] p1b\n|-activate|p1a: Palafin|move: Protect\n|-damage|p1b: Rillaboom|41\/100\n|-unboost|p2b: Gholdengo|spa|1\n|\n|-heal|p1a: Palafin|33\/100|[from] Grassy Terrain\n|-heal|p1b: Rillaboom|48\/100|[from] Grassy Terrain\n|upkeep\n|turn|7\n|inactive|caina_eu has 30 seconds left.\n|\n|t:|1700526527\n|move|p1a: Palafin|Jet Punch|p2a: Landorus\n|-supereffective|p2a: Landorus\n|-damage|p2a: Landorus|0 fnt\n|faint|p2a: Landorus\n|move|p1b: Rillaboom|Knock Off|p2b: Gholdengo\n|-supereffective|p2b: Gholdengo\n|-damage|p2b: Gholdengo|64\/100\n|move|p2b: Gholdengo|Make It Rain|p1a: Palafin|[spread] p1a,p1b\n|-resisted|p1a: Palafin\n|-damage|p1a: Palafin|20\/100\n|-damage|p1b: Rillaboom|15\/100\n|-unboost|p2b: Gholdengo|spa|1\n|\n|-heal|p1a: Palafin|26\/100|[from] Grassy Terrain\n|-heal|p1b: Rillaboom|21\/100|[from] Grassy Terrain\n|-heal|p2b: Gholdengo|70\/100|[from] Grassy Terrain\n|upkeep\n|turn|8\n|inactive|Venefici has 30 seconds left.\n|inactive|caina_eu has 30 seconds left.\n|\n|t:|1700526555\n|move|p1a: Palafin|Jet Punch|p2b: Gholdengo\n|-damage|p2b: Gholdengo|32\/100\n|move|p1b: Rillaboom|Grassy Glide|p2b: Gholdengo\n|-resisted|p2b: Gholdengo\n|-damage|p2b: Gholdengo|17\/100\n|move|p2b: Gholdengo|Make It Rain|p1b: Rillaboom|[spread] p1a,p1b\n|-resisted|p1a: Palafin\n|-damage|p1a: Palafin|16\/100\n|-damage|p1b: Rillaboom|0 fnt\n|-unboost|p2b: Gholdengo|spa|1\n|faint|p1b: Rillaboom\n|\n|-heal|p1a: Palafin|22\/100|[from] Grassy Terrain\n|-heal|p2b: Gholdengo|23\/100|[from] Grassy Terrain\n|upkeep\n|turn|9\n|\n|t:|1700526577\n|move|p1a: Palafin|Jet Punch|p2b: Gholdengo\n|-damage|p2b: Gholdengo|0 fnt\n|faint|p2b: Gholdengo\n|\n|win|Venefici\n|raw|Venefici's rating: 1051 &rarr; <strong>1083<\/strong><br \/>(+32 for winning)\n|raw|caina_eu's rating: 1046 &rarr; <strong>1029<\/strong><br \/>(-17 for losing)\n","uploadtime":1700526584,"views":3,"p1id":"venefici","p2id":"cainaeu","formatid":"gen9vgc2023regulatione","rating":1029,"private":0,"password":""}