{"id":"gen9vgc2023regulatione-1996035997","p1":"Orb66623","p2":"drounddd","format":"[Gen 9] VGC 2023 Regulation E","log":"|j|\u2606Orb66623\n|j|\u2606drounddd\n|t:|1700633030\n|gametype|doubles\n|player|p1|Orb66623|265|1261\n|player|p2|drounddd|thorton|1153\n|teamsize|p1|6\n|teamsize|p2|6\n|gen|9\n|tier|[Gen 9] VGC 2023 Regulation E\n|rated|\n|rule|Species Clause: Limit one of each Pok\u00e9mon\n|rule|Item Clause: Limit one of each item\n|clearpoke\n|poke|p1|Ogerpon-Wellspring, L50, F|\n|poke|p1|Armarouge, L50, M|\n|poke|p1|Torkoal, L50, F|\n|poke|p1|Indeedee-F, L50, F|\n|poke|p1|Iron Hands, L50|\n|poke|p1|Landorus-Therian, L50, M|\n|poke|p2|Urshifu-*, L50, F|\n|poke|p2|Roaring Moon, L50|\n|poke|p2|Ogerpon, L50, F|\n|poke|p2|Flutter Mane, L50|\n|poke|p2|Arcanine-Hisui, L50, F|\n|poke|p2|Indeedee-F, L50, F|\n|teampreview|4\n|inactive|Battle timer is ON: inactive players will automatically lose when time's up. (requested by drounddd)\n|inactive|drounddd has 60 seconds left.\n|\n|t:|1700633072\n|start\n|switch|p1a: Indeedee|Indeedee-F, L50, F|100\/100\n|switch|p1b: Iron Hands|Iron Hands, L50|100\/100\n|switch|p2a: Urshifu|Urshifu-Rapid-Strike, L50, F|100\/100\n|switch|p2b: Arcanine|Arcanine-Hisui, L50, F|100\/100\n|-ability|p2b: Arcanine|Intimidate|boost\n|-unboost|p1a: Indeedee|atk|1\n|-unboost|p1b: Iron Hands|atk|1\n|-fieldstart|move: Psychic Terrain|[from] ability: Psychic Surge|[of] p1a: Indeedee\n|-enditem|p1a: Indeedee|Psychic Seed\n|-boost|p1a: Indeedee|spd|1|[from] item: Psychic Seed\n|turn|1\n|inactive|Orb66623 has 30 seconds left.\n|inactive|Orb66623 has 20 seconds left.\n|inactive|Orb66623 has 15 seconds left.\n|inactive|Orb66623 has 10 seconds left.\n|\n|t:|1700633120\n|move|p2a: Urshifu|Surging Strikes|p1b: Iron Hands\n|-crit|p1b: Iron Hands\n|-damage|p1b: Iron Hands|83\/100\n|-crit|p1b: Iron Hands\n|-damage|p1b: Iron Hands|66\/100\n|-crit|p1b: Iron Hands\n|-damage|p1b: Iron Hands|49\/100\n|-hitcount|p1b: Iron Hands|3\n|move|p2b: Arcanine|Will-O-Wisp|p1b: Iron Hands\n|-status|p1b: Iron Hands|brn\n|move|p1b: Iron Hands|Earthquake|p2a: Urshifu|[spread] p1a,p2a,p2b\n|-crit|p1a: Indeedee\n|-supereffective|p2b: Arcanine\n|-damage|p1a: Indeedee|82\/100\n|-damage|p2a: Urshifu|92\/100\n|-damage|p2b: Arcanine|58\/100\n|move|p1a: Indeedee|Trick Room|p1a: Indeedee\n|-fieldstart|move: Trick Room|[of] p1a: Indeedee\n|\n|-damage|p1b: Iron Hands|44\/100 brn|[from] brn\n|upkeep\n|turn|2\n|inactive|drounddd has 30 seconds left.\n|inactive|Orb66623 has 30 seconds left.\n|inactive|Orb66623 has 20 seconds left.\n|inactive|Orb66623 has 15 seconds left.\n|\n|t:|1700633166\n|move|p1a: Indeedee|Helping Hand|p1b: Iron Hands\n|-singleturn|p1b: Iron Hands|Helping Hand|[of] p1a: Indeedee\n|move|p1b: Iron Hands|Earthquake|p2b: Arcanine|[spread] p1a,p2a,p2b\n|-supereffective|p2b: Arcanine\n|-damage|p1a: Indeedee|69\/100\n|-damage|p2a: Urshifu|77\/100\n|-damage|p2b: Arcanine|2\/100\n|-enditem|p2b: Arcanine|Sitrus Berry|[eat]\n|-heal|p2b: Arcanine|27\/100|[from] item: Sitrus Berry\n|move|p2b: Arcanine|Rock Slide|p1a: Indeedee|[spread] p1a,p1b\n|-resisted|p1b: Iron Hands\n|-damage|p1a: Indeedee|49\/100\n|-damage|p1b: Iron Hands|36\/100 brn\n|move|p2a: Urshifu|Surging Strikes|p1b: Iron Hands\n|-crit|p1b: Iron Hands\n|-damage|p1b: Iron Hands|18\/100 brn\n|-crit|p1b: Iron Hands\n|-damage|p1b: Iron Hands|3\/100 brn\n|-crit|p1b: Iron Hands\n|-damage|p1b: Iron Hands|0 fnt\n|faint|p1b: Iron Hands\n|-end|p1b: Iron Hands|Quark Drive|[silent]\n|-hitcount|p1: Iron Hands|3\n|\n|upkeep\n|\n|t:|1700633176\n|switch|p1b: Torkoal|Torkoal, L50, F|100\/100\n|-weather|SunnyDay|[from] ability: Drought|[of] p1b: Torkoal\n|turn|3\n|\n|t:|1700633195\n|move|p2b: Arcanine|Protect|p2b: Arcanine\n|-singleturn|p2b: Arcanine|Protect\n|move|p2a: Urshifu|Detect|p2a: Urshifu\n|-singleturn|p2a: Urshifu|Protect\n|move|p1a: Indeedee|Follow Me|p1a: Indeedee\n|-singleturn|p1a: Indeedee|move: Follow Me\n|move|p1b: Torkoal|Earth Power|p2b: Arcanine\n|-activate|p2b: Arcanine|move: Protect\n|\n|-weather|SunnyDay|[upkeep]\n|upkeep\n|turn|4\n|inactive|drounddd has 30 seconds left.\n|\n|t:|1700633226\n|move|p1a: Indeedee|Follow Me|p1a: Indeedee\n|-singleturn|p1a: Indeedee|move: Follow Me\n|move|p1b: Torkoal|Earth Power|p2b: Arcanine\n|-supereffective|p2b: Arcanine\n|-damage|p2b: Arcanine|0 fnt\n|faint|p2b: Arcanine\n|move|p2a: Urshifu|Surging Strikes|p1a: Indeedee\n|-crit|p1a: Indeedee\n|-damage|p1a: Indeedee|37\/100\n|-crit|p1a: Indeedee\n|-damage|p1a: Indeedee|26\/100\n|-crit|p1a: Indeedee\n|-damage|p1a: Indeedee|15\/100\n|-hitcount|p1a: Indeedee|3\n|\n|-weather|SunnyDay|[upkeep]\n|upkeep\n|\n|t:|1700633240\n|switch|p2b: Ogerpon|Ogerpon, L50, F|100\/100\n|turn|5\n|\n|t:|1700633249\n|move|p2a: Urshifu|Detect|p2a: Urshifu\n|-singleturn|p2a: Urshifu|Protect\n|move|p2b: Ogerpon|Spiky Shield|p2b: Ogerpon\n|-singleturn|p2b: Ogerpon|move: Protect\n|move|p1b: Torkoal|Eruption|p2b: Ogerpon|[spread] \n|-activate|p2a: Urshifu|move: Protect\n|-activate|p2b: Ogerpon|move: Protect\n|move|p1a: Indeedee|Dazzling Gleam|p2b: Ogerpon|[spread] \n|-activate|p2a: Urshifu|move: Protect\n|-activate|p2b: Ogerpon|move: Protect\n|\n|-weather|SunnyDay|[upkeep]\n|-fieldend|move: Trick Room\n|-fieldend|move: Psychic Terrain\n|upkeep\n|turn|6\n|\n|t:|1700633271\n|switch|p1b: Ogerpon|Ogerpon-Wellspring, L50, F|100\/100\n|move|p2b: Ogerpon|Stomping Tantrum|p1b: Ogerpon\n|-resisted|p1b: Ogerpon\n|-damage|p1b: Ogerpon|81\/100\n|-damage|p2b: Ogerpon|91\/100|[from] item: Life Orb\n|move|p2a: Urshifu|Surging Strikes|p1b: Ogerpon\n|-heal|p1b: Ogerpon|100\/100|[from] ability: Water Absorb|[of] p2a: Urshifu\n|move|p1a: Indeedee|Trick Room|p1a: Indeedee\n|-fieldstart|move: Trick Room|[of] p1a: Indeedee\n|\n|-weather|SunnyDay|[upkeep]\n|upkeep\n|turn|7\n|inactive|Orb66623 has 30 seconds left.\n|inactive|drounddd has 30 seconds left.\n|\n|t:|1700633302\n|move|p1a: Indeedee|Helping Hand|p1b: Ogerpon\n|-singleturn|p1b: Ogerpon|Helping Hand|[of] p1a: Indeedee\n|move|p2a: Urshifu|Aqua Jet|p1a: Indeedee\n|-damage|p1a: Indeedee|3\/100\n|move|p1b: Ogerpon|Horn Leech|p2a: Urshifu\n|-supereffective|p2a: Urshifu\n|-damage|p2a: Urshifu|0 fnt\n|faint|p2a: Urshifu\n|move|p2b: Ogerpon|Power Whip|p1b: Ogerpon\n|-damage|p1b: Ogerpon|14\/100\n|-damage|p2b: Ogerpon|81\/100|[from] item: Life Orb\n|\n|-weather|none\n|upkeep\n|\n|t:|1700633316\n|switch|p2a: Flutter Mane|Flutter Mane, L50|100\/100\n|turn|8\n|inactive|Orb66623 has 30 seconds left.\n|\n|t:|1700633343\n|move|p1b: Ogerpon|Spiky Shield|p1b: Ogerpon\n|-singleturn|p1b: Ogerpon|move: Protect\n|move|p1a: Indeedee|Follow Me|p1a: Indeedee\n|-singleturn|p1a: Indeedee|move: Follow Me\n|move|p2b: Ogerpon|Stomping Tantrum|p1a: Indeedee\n|-damage|p1a: Indeedee|0 fnt\n|faint|p1a: Indeedee\n|-damage|p2b: Ogerpon|71\/100|[from] item: Life Orb\n|move|p2a: Flutter Mane|Shadow Ball|p1b: Ogerpon\n|-activate|p1b: Ogerpon|move: Protect\n|\n|upkeep\n|\n|t:|1700633349\n|switch|p1a: Torkoal|Torkoal, L50, F|100\/100\n|-weather|SunnyDay|[from] ability: Drought|[of] p1a: Torkoal\n|-activate|p2a: Flutter Mane|ability: Protosynthesis\n|-start|p2a: Flutter Mane|protosynthesisspe\n|turn|9\n|\n|t:|1700633368\n|move|p1a: Torkoal|Eruption|p2b: Ogerpon|[spread] p2a,p2b\n|-supereffective|p2b: Ogerpon\n|-crit|p2b: Ogerpon\n|-damage|p2a: Flutter Mane|13\/100\n|-damage|p2b: Ogerpon|0 fnt\n|faint|p2b: Ogerpon\n|move|p1b: Ogerpon|Horn Leech|p2a: Flutter Mane\n|-damage|p2a: Flutter Mane|0 fnt\n|-heal|p1b: Ogerpon|18\/100|[from] drain|[of] p2a: Flutter Mane\n|faint|p2a: Flutter Mane\n|-end|p2a: Flutter Mane|Protosynthesis|[silent]\n|\n|win|Orb66623\n|raw|Orb66623's rating: 1261 &rarr; <strong>1278<\/strong><br \/>(+17 for winning)\n|raw|drounddd's rating: 1153 &rarr; <strong>1136<\/strong><br \/>(-17 for losing)\n|l|\u2606drounddd\n","uploadtime":1700633379,"views":0,"p1id":"orb66623","p2id":"drounddd","formatid":"gen9vgc2023regulatione","rating":1136,"private":0,"password":""}