{"id":"gen9vgc2023regulatione-1994366451","p1":"Coolress77","p2":"gurupatak","format":"[Gen 9] VGC 2023 Regulation E","log":"|j|\u2606Coolress77\n|j|\u2606gurupatak\n|t:|1700435743\n|gametype|doubles\n|player|p1|Coolress77|colress|\n|player|p2|gurupatak|riley|\n|teamsize|p1|6\n|teamsize|p2|6\n|gen|9\n|tier|[Gen 9] VGC 2023 Regulation E\n|rated|Tournament battle\n|rule|Species Clause: Limit one of each Pok\u00e9mon\n|rule|Item Clause: Limit one of each item\n|clearpoke\n|poke|p1|Ninetales-Alola, L50, F|\n|poke|p1|Baxcalibur, L50, M|\n|poke|p1|Sinistcha, L50|\n|poke|p1|Iron Hands, L50|\n|poke|p1|Ogerpon-Wellspring, L50, F|\n|poke|p1|Landorus-Therian, L50, M|\n|poke|p2|Dondozo, L50, M|\n|poke|p2|Tatsugiri, L50, F|\n|poke|p2|Ninetales-Alola, L50, M|\n|poke|p2|Glimmora, L50, F|\n|poke|p2|Ogerpon-Hearthflame, L50, F|\n|poke|p2|Iron Hands, L50|\n|teampreview|4\n|showteam|p1|Ninetales-Alola||LightClay|SnowWarning|Moonblast,AuroraVeil,Encore,Protect|||F|||50|,,,,,Water]Baxcalibur||LoadedDice|ThermalExchange|ScaleShot,IcicleSpear,SwordsDance,Protect|||M|||50|,,,,,Poison]Sinistcha||WikiBerry|Hospitality|MatchaGotcha,StrengthSap,RagePowder,TrickRoom||||||50|,,,,,Water]Iron Hands||AssaultVest|QuarkDrive|DrainPunch,WildCharge,HeavySlam,FakeOut||||||50|,,,,,Grass]Ogerpon-Wellspring||WellspringMask|WaterAbsorb|IvyCudgel,HornLeech,SwordsDance,SpikyShield|||F|||50|,,,,,Water]Landorus-Therian||ChoiceScarf|Intimidate|StompingTantrum,TeraBlast,Uturn,RockSlide|||M|||50|,,,,,Flying\n|showteam|p2|Dondozo||Leftovers|Unaware|Earthquake,OrderUp,WaveCrash,Protect|||M|||50|,,,,,Dragon]Tatsugiri||ChoiceScarf|Commander|MuddyWater,DracoMeteor,IcyWind,TeraBlast|||F|||50|,,,,,Steel]Ninetales-Alola||LightClay|SnowWarning|Blizzard,Moonblast,AuroraVeil,Protect|||M|||50|,,,,,Ghost]Glimmora||SitrusBerry|ToxicDebris|MortalSpin,PowerGem,SludgeBomb,SpikyShield|||F|||50|,,,,,Grass]Ogerpon-Hearthflame||HearthflameMask|MoldBreaker|IvyCudgel,HornLeech,SwordsDance,SpikyShield|||F|||50|,,,,,Fire]Iron Hands||AssaultVest|QuarkDrive|FakeOut,WildCharge,DrainPunch,HeavySlam||||||50|,,,,,Water\n|j| Reginald E Lecky\n|l| Reginald E Lecky\n|j| meuamigodouglas\n|inactive|Battle timer is ON: inactive players will automatically lose when time's up. (requested by gurupatak)\n|c|\u2606gurupatak|glhf bor\n|c|\u2606gurupatak|bro\n|c|\u2606Coolress77|glhf\n|j|%Therazer456\n|inactive|Coolress77 has 60 seconds left.\n|j| Flarefox_7\n|j| SSSWSWQQW\n|inactive|Coolress77 has 30 seconds left.\n|\n|t:|1700435815\n|start\n|switch|p1a: Landorus|Landorus-Therian, L50, M|100\/100\n|switch|p1b: Iron Hands|Iron Hands, L50, shiny|100\/100\n|switch|p2a: Ninetales|Ninetales-Alola, L50, M|100\/100\n|switch|p2b: Glimmora|Glimmora, L50, F|100\/100\n|-ability|p1a: Landorus|Intimidate|boost\n|-unboost|p2a: Ninetales|atk|1\n|-unboost|p2b: Glimmora|atk|1\n|-weather|Snow|[from] ability: Snow Warning|[of] p2a: Ninetales\n|turn|1\n|inactive|Coolress77 has 30 seconds left.\n|\n|t:|1700435843\n|move|p2a: Ninetales|Protect|p2a: Ninetales\n|-singleturn|p2a: Ninetales|Protect\n|move|p2b: Glimmora|Spiky Shield|p2b: Glimmora\n|-singleturn|p2b: Glimmora|move: Protect\n|move|p1a: Landorus|U-turn|p2a: Ninetales\n|-activate|p2a: Ninetales|move: Protect\n|move|p1b: Iron Hands|Heavy Slam|p2a: Ninetales\n|-activate|p2a: Ninetales|move: Protect\n|\n|-weather|Snow|[upkeep]\n|upkeep\n|turn|2\n|\n|t:|1700435853\n|move|p1a: Landorus|U-turn|p2a: Ninetales\n|-resisted|p2a: Ninetales\n|-damage|p2a: Ninetales|90\/100\n|\n|t:|1700435863\n|switch|p1a: Sinistcha|Sinistcha, L50|100\/100|[from] U-turn\n|move|p2a: Ninetales|Aurora Veil|p2a: Ninetales\n|-sidestart|p2: gurupatak|move: Aurora Veil\n|move|p2b: Glimmora|Mortal Spin|p1b: Iron Hands|[spread] p1a,p1b\n|-damage|p1a: Sinistcha|98\/100\n|-damage|p1b: Iron Hands|99\/100\n|-status|p1a: Sinistcha|psn\n|-status|p1b: Iron Hands|psn\n|move|p1b: Iron Hands|Heavy Slam|p2a: Ninetales\n|-supereffective|p2a: Ninetales\n|-damage|p2a: Ninetales|0 fnt\n|faint|p2a: Ninetales\n|\n|-weather|Snow|[upkeep]\n|-damage|p1a: Sinistcha|86\/100 psn|[from] psn\n|-damage|p1b: Iron Hands|86\/100 psn|[from] psn\n|upkeep\n|\n|t:|1700435874\n|switch|p2a: Dondozo|Dondozo, L50, M|100\/100\n|turn|3\n|\n|t:|1700435889\n|switch|p2b: Tatsugiri|Tatsugiri, L50, F|100\/100\n|-activate|p2b: Tatsugiri|ability: Commander|[of] p2a: Dondozo\n|-boost|p2a: Dondozo|atk|2\n|-boost|p2a: Dondozo|spa|2\n|-boost|p2a: Dondozo|spe|2\n|-boost|p2a: Dondozo|def|2\n|-boost|p2a: Dondozo|spd|2\n|-terastallize|p2a: Dondozo|Dragon\n|move|p2a: Dondozo|Order Up|p1a: Sinistcha\n|-damage|p1a: Sinistcha|25\/100 psn\n|-enditem|p1a: Sinistcha|Wiki Berry|[eat]\n|-heal|p1a: Sinistcha|58\/100 psn|[from] item: Wiki Berry\n|-boost|p2a: Dondozo|atk|1\n|move|p1a: Sinistcha|Matcha Gotcha|p2a: Dondozo|[spread] p2a\n|-miss|p1a: Sinistcha|p2b: Tatsugiri\n|-resisted|p2a: Dondozo\n|-crit|p2a: Dondozo\n|-damage|p2a: Dondozo|79\/100\n|-heal|p1a: Sinistcha|71\/100 psn|[from] drain|[of] p2a: Dondozo\n|move|p1b: Iron Hands|Wild Charge|p2a: Dondozo\n|-resisted|p2a: Dondozo\n|-damage|p2a: Dondozo|74\/100\n|-damage|p1b: Iron Hands|85\/100 psn|[from] Recoil\n|\n|-weather|Snow|[upkeep]\n|-heal|p2a: Dondozo|80\/100|[from] item: Leftovers\n|-damage|p1a: Sinistcha|59\/100 psn|[from] psn\n|-damage|p1b: Iron Hands|73\/100 psn|[from] psn\n|upkeep\n|turn|4\n|\n|t:|1700435913\n|-end|p1b: Iron Hands|Quark Drive|[silent]\n|switch|p1b: Ninetales|Ninetales-Alola, L50, F|100\/100\n|move|p2a: Dondozo|Order Up|p1a: Sinistcha\n|-damage|p1a: Sinistcha|0 fnt\n|faint|p1a: Sinistcha\n|-boost|p2a: Dondozo|atk|1\n|\n|-weather|Snow|[upkeep]\n|-heal|p2a: Dondozo|86\/100|[from] item: Leftovers\n|upkeep\n|\n|t:|1700435924\n|switch|p1a: Iron Hands|Iron Hands, L50, shiny|73\/100 psn\n|turn|5\n|\n|t:|1700435930\n|move|p2a: Dondozo|Protect|p2a: Dondozo\n|-singleturn|p2a: Dondozo|Protect\n|move|p1a: Iron Hands|Fake Out|p2a: Dondozo\n|-activate|p2a: Dondozo|move: Protect\n|move|p1b: Ninetales|Aurora Veil|p1b: Ninetales\n|-sidestart|p1: Coolress77|move: Aurora Veil\n|\n|-weather|none\n|-heal|p2a: Dondozo|92\/100|[from] item: Leftovers\n|-damage|p1a: Iron Hands|60\/100 psn|[from] psn\n|upkeep\n|turn|6\n|\n|t:|1700435939\n|move|p2a: Dondozo|Earthquake|p1b: Ninetales|[spread] p1a,p1b\n|-miss|p2a: Dondozo|p2b: Tatsugiri\n|-supereffective|p1a: Iron Hands\n|-crit|p1b: Ninetales\n|-damage|p1a: Iron Hands|0 fnt\n|-damage|p1b: Ninetales|0 fnt\n|faint|p1a: Iron Hands\n|-end|p1a: Iron Hands|Quark Drive|[silent]\n|faint|p1b: Ninetales\n|\n|-heal|p2a: Dondozo|98\/100|[from] item: Leftovers\n|upkeep\n|c|\u2606Coolress77|gg\n|c|\u2606gurupatak|unfortunate\n|\n|t:|1700435948\n|switch|p1b: Landorus|Landorus-Therian, L50, M|100\/100\n|-ability|p1b: Landorus|Intimidate|boost\n|-unboost|p2a: Dondozo|atk|1\n|-unboost|p2b: Tatsugiri|atk|1\n|turn|7\n|c|\u2606gurupatak|gg\n|\n|t:|1700435957\n|-terastallize|p1b: Landorus|Flying\n|move|p1b: Landorus|Tera Blast|p2a: Dondozo|[anim] Tera Blast Flying\n|-damage|p2a: Dondozo|81\/100\n|move|p2a: Dondozo|Wave Crash|p1b: Landorus\n|-damage|p1b: Landorus|0 fnt\n|faint|p1b: Landorus\n|-damage|p2a: Dondozo|56\/100|[from] Recoil\n|\n|win|gurupatak\n|n|\u2606Coolress77|coolress77\n|n|\u2606gurupatak|gurupatak\n|n| meuamigodouglas|meuamigodouglas\n|n| Therazer456|therazer456\n|n| Flarefox_7|flarefox7\n|n| SSSWSWQQW|ssswswqqw\n","uploadtime":1700435958,"views":6,"p1id":"coolress77","p2id":"gurupatak","formatid":"gen9vgc2023regulatione","rating":0,"private":0,"password":""}