{"id":"gen9vgc2023regulatione-1989716748","p1":"Ayresbrun","p2":"DominikMysterioVGC","format":"[Gen 9] VGC 2023 Regulation E","log":"|j|\u2606Ayresbrun\n|j|\u2606DominikMysterioVGC\n|t:|1699889613\n|gametype|doubles\n|player|p1|Ayresbrun|266|1225\n|player|p2|DominikMysterioVGC|rocketgrunt|1251\n|teamsize|p1|6\n|teamsize|p2|6\n|gen|9\n|tier|[Gen 9] VGC 2023 Regulation E\n|rated|\n|rule|Species Clause: Limit one of each Pok\u00e9mon\n|rule|Item Clause: Limit one of each item\n|clearpoke\n|poke|p1|Flutter Mane, L50|\n|poke|p1|Tornadus, L50, M|\n|poke|p1|Heatran, L50, M|\n|poke|p1|Rillaboom, L50, M|\n|poke|p1|Arcanine, L50, M|\n|poke|p1|Hydreigon, L50, M|\n|poke|p2|Iron Hands, L50|\n|poke|p2|Landorus-Therian, L50, M|\n|poke|p2|Chi-Yu, L50|\n|poke|p2|Flutter Mane, L50|\n|poke|p2|Cresselia, L50, F|\n|poke|p2|Amoonguss, L50, M|\n|teampreview|4\n|inactive|Battle timer is ON: inactive players will automatically lose when time's up. (requested by DominikMysterioVGC)\nAyresbrun has agreed to open team sheets.\nDominikMysterioVGC has agreed to open team sheets.\n|inactive|Ayresbrun has 30 seconds left.\n|inactive|DominikMysterioVGC has 30 seconds left.\n|inactive|Ayresbrun has 20 seconds left.\n|inactive|Ayresbrun has 15 seconds left.\n|inactive|Ayresbrun has 10 seconds left.\n|inactive|Ayresbrun has 5 seconds left.\n|\n|t:|1699889681\n|start\n|switch|p1a: Flutter Mane|Flutter Mane, L50|100\/100\n|switch|p1b: Tornadus|Tornadus, L50, M|100\/100\n|switch|p2a: Iron Hands|Iron Hands, L50|100\/100\n|switch|p2b: Landorus|Landorus-Therian, L50, M|100\/100\n|-ability|p2b: Landorus|Intimidate|boost\n|-unboost|p1a: Flutter Mane|atk|1\n|-unboost|p1b: Tornadus|atk|1\n|turn|1\n|inactive|Ayresbrun has 30 seconds left.\n|inactive|DominikMysterioVGC has 30 seconds left.\n|inactive|Ayresbrun has 20 seconds left.\n|inactive|Ayresbrun has 15 seconds left.\n|inactive|Ayresbrun has 10 seconds left.\n|inactive|Ayresbrun has 5 seconds left.\n|\n|t:|1699889733\n|switch|p2b: Cresselia|Cresselia, L50, F|100\/100\n|-end|p1a: Flutter Mane|Protosynthesis|[silent]\n|switch|p1a: Rillaboom|Rillaboom, L50, M|100\/100\n|-fieldstart|move: Grassy Terrain|[from] ability: Grassy Surge|[of] p1a: Rillaboom\n|-terastallize|p2a: Iron Hands|Fire\n|move|p1b: Tornadus|Tailwind|p1b: Tornadus\n|-sidestart|p1: Ayresbrun|move: Tailwind\n|move|p2a: Iron Hands|Heavy Slam|p1a: Rillaboom\n|-damage|p1a: Rillaboom|66\/100\n|\n|-heal|p1a: Rillaboom|72\/100|[from] Grassy Terrain\n|upkeep\n|turn|2\n|inactive|Ayresbrun has 30 seconds left.\n|inactive|Ayresbrun has 20 seconds left.\n|inactive|Ayresbrun has 15 seconds left.\n|\n|t:|1699889775\n|move|p1a: Rillaboom|Fake Out|p2b: Cresselia\n|-damage|p2b: Cresselia|89\/100\n|move|p1b: Tornadus|Sunny Day|p1b: Tornadus\n|-weather|SunnyDay\n|move|p2a: Iron Hands|Drain Punch|p1a: Rillaboom\n|-damage|p1a: Rillaboom|35\/100\n|cant|p2b: Cresselia|flinch\n|\n|-weather|SunnyDay|[upkeep]\n|-heal|p1a: Rillaboom|41\/100|[from] Grassy Terrain\n|upkeep\n|turn|3\n|inactive|Ayresbrun has 30 seconds left.\n|\n|t:|1699889803\n|switch|p1a: Flutter Mane|Flutter Mane, L50|100\/100\n|-activate|p1a: Flutter Mane|ability: Protosynthesis\n|-start|p1a: Flutter Mane|protosynthesisspa\n|move|p1b: Tornadus|Bleakwind Storm|p2a: Iron Hands|[spread] \n|-miss|p1b: Tornadus|p2a: Iron Hands\n|-miss|p1b: Tornadus|p2b: Cresselia\n|move|p2a: Iron Hands|Drain Punch|p1a: Flutter Mane\n|-immune|p1a: Flutter Mane\n|move|p2b: Cresselia|Trick Room|p2b: Cresselia\n|-fieldstart|move: Trick Room|[of] p2b: Cresselia\n|\n|-weather|SunnyDay|[upkeep]\n|upkeep\n|turn|4\n|inactive|Ayresbrun has 30 seconds left.\n|inactive|Ayresbrun has 20 seconds left.\n|inactive|Ayresbrun has 15 seconds left.\n|inactive|Ayresbrun has 10 seconds left.\n|inactive|Ayresbrun has 5 seconds left.\n|\n|t:|1699889853\n|move|p2a: Iron Hands|Heavy Slam|p1a: Flutter Mane\n|-supereffective|p1a: Flutter Mane\n|-damage|p1a: Flutter Mane|0 fnt\n|faint|p1a: Flutter Mane\n|-end|p1a: Flutter Mane|Protosynthesis|[silent]\n|move|p2b: Cresselia|Ice Beam|p1b: Tornadus\n|-supereffective|p1b: Tornadus\n|-damage|p1b: Tornadus|59\/100\n|move|p1b: Tornadus|Bleakwind Storm|p2a: Iron Hands|[spread] p2b\n|-miss|p1b: Tornadus|p2a: Iron Hands\n|-damage|p2b: Cresselia|72\/100\n|\n|-weather|SunnyDay|[upkeep]\n|-sideend|p1: Ayresbrun|move: Tailwind\n|upkeep\n|\n|t:|1699889867\n|switch|p1a: Heatran|Heatran, L50, M|100\/100\n|turn|5\n|\n|t:|1699889877\n|-terastallize|p1a: Heatran|Bug\n|move|p2a: Iron Hands|Drain Punch|p1a: Heatran\n|-resisted|p1a: Heatran\n|-damage|p1a: Heatran|84\/100\n|move|p2b: Cresselia|Ice Beam|p1b: Tornadus\n|-supereffective|p1b: Tornadus\n|-damage|p1b: Tornadus|9\/100\n|move|p1a: Heatran|Heat Wave|p2a: Iron Hands|[spread] p2b\n|-miss|p1a: Heatran|p2a: Iron Hands\n|-damage|p2b: Cresselia|32\/100\n|-damage|p1a: Heatran|75\/100|[from] item: Life Orb\n|move|p1b: Tornadus|Bleakwind Storm|p2a: Iron Hands|[spread] p2b\n|-miss|p1b: Tornadus|p2a: Iron Hands\n|-damage|p2b: Cresselia|12\/100\n|-unboost|p2b: Cresselia|spe|1\n|\n|-weather|SunnyDay|[upkeep]\n|-heal|p1a: Heatran|81\/100|[from] Grassy Terrain\n|-fieldend|move: Grassy Terrain\n|upkeep\n|turn|6\n|inactive|Ayresbrun has 30 seconds left.\n|inactive|DominikMysterioVGC has 30 seconds left.\n|\n|t:|1699889908\n|move|p2b: Cresselia|Psychic|p1a: Heatran\n|-damage|p1a: Heatran|53\/100\n|move|p2a: Iron Hands|Drain Punch|p1b: Tornadus\n|-resisted|p1b: Tornadus\n|-damage|p1b: Tornadus|0 fnt\n|faint|p1b: Tornadus\n|move|p1a: Heatran|Heat Wave|p2a: Iron Hands|[spread] p2a,p2b\n|-resisted|p2a: Iron Hands\n|-damage|p2a: Iron Hands|82\/100\n|-damage|p2b: Cresselia|0 fnt\n|faint|p2b: Cresselia\n|-damage|p1a: Heatran|43\/100|[from] item: Life Orb\n|\n|-weather|none\n|upkeep\n|\n|t:|1699889921\n|switch|p2b: Flutter Mane|Flutter Mane, L50|100\/100\n|switch|p1b: Rillaboom|Rillaboom, L50, M|41\/100\n|-fieldstart|move: Grassy Terrain|[from] ability: Grassy Surge|[of] p1b: Rillaboom\n|-enditem|p2b: Flutter Mane|Booster Energy\n|-activate|p2b: Flutter Mane|ability: Protosynthesis|[fromitem]\n|-start|p2b: Flutter Mane|protosynthesisspe\n|turn|7\n|inactive|Ayresbrun has 30 seconds left.\n|\n|t:|1699889952\n|move|p2b: Flutter Mane|Protect|p2b: Flutter Mane\n|-singleturn|p2b: Flutter Mane|Protect\n|move|p1b: Rillaboom|Fake Out|p2a: Iron Hands\n|-damage|p2a: Iron Hands|72\/100\n|cant|p2a: Iron Hands|flinch\n|move|p1a: Heatran|Earth Power|p2a: Iron Hands\n|-supereffective|p2a: Iron Hands\n|-damage|p2a: Iron Hands|33\/100\n|-damage|p1a: Heatran|34\/100|[from] item: Life Orb\n|\n|-heal|p2a: Iron Hands|39\/100|[from] Grassy Terrain\n|-heal|p1b: Rillaboom|47\/100|[from] Grassy Terrain\n|-heal|p1a: Heatran|40\/100|[from] Grassy Terrain\n|-fieldend|move: Trick Room\n|upkeep\n|turn|8\n|inactive|Ayresbrun has 30 seconds left.\n|inactive|Ayresbrun has 20 seconds left.\n|\n|t:|1699889990\n|-end|p2a: Iron Hands|Quark Drive|[silent]\n|switch|p2a: Landorus|Landorus-Therian, L50, M|100\/100\n|-ability|p2a: Landorus|Intimidate|boost\n|-unboost|p1a: Heatran|atk|1\n|-unboost|p1b: Rillaboom|atk|1\n|move|p1a: Heatran|Protect|p1a: Heatran\n|-singleturn|p1a: Heatran|Protect\n|move|p1b: Rillaboom|Grassy Glide|p2b: Flutter Mane\n|-damage|p2b: Flutter Mane|50\/100\n|move|p2b: Flutter Mane|Moonblast|p1a: Heatran\n|-activate|p1a: Heatran|move: Protect\n|\n|-heal|p2b: Flutter Mane|56\/100|[from] Grassy Terrain\n|-heal|p1a: Heatran|46\/100|[from] Grassy Terrain\n|-heal|p1b: Rillaboom|53\/100|[from] Grassy Terrain\n|upkeep\n|turn|9\n|inactive|Ayresbrun has 30 seconds left.\n|inactive|Ayresbrun has 20 seconds left.\n|inactive|Ayresbrun has 15 seconds left.\n|inactive|Ayresbrun has 10 seconds left.\n|\n|t:|1699890038\n|move|p1b: Rillaboom|Grassy Glide|p2b: Flutter Mane\n|-damage|p2b: Flutter Mane|6\/100\n|move|p2b: Flutter Mane|Moonblast|p1a: Heatran\n|-damage|p1a: Heatran|2\/100\n|move|p2a: Landorus|Rock Slide|p1b: Rillaboom|[spread] p1a,p1b\n|-supereffective|p1a: Heatran\n|-damage|p1a: Heatran|0 fnt\n|-damage|p1b: Rillaboom|33\/100\n|faint|p1a: Heatran\n|\n|-heal|p2b: Flutter Mane|12\/100|[from] Grassy Terrain\n|-heal|p1b: Rillaboom|39\/100|[from] Grassy Terrain\n|upkeep\n|turn|10\n|inactive|Ayresbrun has 30 seconds left.\n|\n|t:|1699890057\n|-end|p2b: Flutter Mane|Protosynthesis|[silent]\n|switch|p2b: Iron Hands|Iron Hands, L50, tera:Fire|39\/100\n|move|p2a: Landorus|Rock Slide|p1b: Rillaboom\n|-damage|p1b: Rillaboom|10\/100\n|move|p1b: Rillaboom|Wood Hammer|p2a: Landorus\n|-damage|p2a: Landorus|38\/100\n|-damage|p1b: Rillaboom|0 fnt|[from] Recoil\n|faint|p1b: Rillaboom\n|\n|win|DominikMysterioVGC\n|inactive|Ayresbrun has 25 seconds left this turn.\n|raw|Ayresbrun's rating: 1225 &rarr; <strong>1202<\/strong><br \/>(-23 for losing)\n|raw|DominikMysterioVGC's rating: 1251 &rarr; <strong>1274<\/strong><br \/>(+23 for winning)\n|l|\u2606DominikMysterioVGC\n","uploadtime":1699890069,"views":11,"p1id":"ayresbrun","p2id":"dominikmysteriovgc","formatid":"gen9vgc2023regulatione","rating":1202,"private":0,"password":""}