{"id":"gen9vgc2023regulatione-1988478946","p1":"pepping_out","p2":"Zombi3Turtlez","format":"[Gen 9] VGC 2023 Regulation E","log":"|j|\u2606pepping_out\n|j|\u2606Zombi3Turtlez\n|t:|1699727318\n|gametype|doubles\n|player|p1|pepping_out|zinzolin|1042\n|player|p2|Zombi3Turtlez|gambler|1138\n|teamsize|p1|6\n|teamsize|p2|6\n|gen|9\n|tier|[Gen 9] VGC 2023 Regulation E\n|rated|\n|rule|Species Clause: Limit one of each Pok\u00e9mon\n|rule|Item Clause: Limit one of each item\n|clearpoke\n|poke|p1|Clawitzer, L50, M|\n|poke|p1|Iron Hands, L50|\n|poke|p1|Farigiraf, L50, M|\n|poke|p1|Grumpig, L50, M|\n|poke|p1|Amoonguss, L50, M|\n|poke|p1|Iron Thorns, L50|\n|poke|p2|Farigiraf, L50, F|\n|poke|p2|Iron Hands, L50|\n|poke|p2|Lokix, L50, F|\n|poke|p2|Thundurus, L50, M|\n|poke|p2|Indeedee-F, L50, F|\n|poke|p2|Weezing-Galar, L50, F|\n|teampreview|4\n|inactive|Battle timer is ON: inactive players will automatically lose when time's up. (requested by Zombi3Turtlez)\n|c|\u2606Zombi3Turtlez|Gl hf\n|inactive|pepping_out has 60 seconds left.\n|inactive|Zombi3Turtlez has 60 seconds left.\n|\n|t:|1699727351\n|start\n|switch|p1a: Farigiraf|Farigiraf, L50, M|100\/100\n|switch|p1b: Amoonguss|Amoonguss, L50, M|100\/100\n|switch|p2a: Lokix|Lokix, L50, F|100\/100\n|switch|p2b: Farigiraf|Farigiraf, L50, F|100\/100\n|turn|1\n|\n|t:|1699727362\n|switch|p2b: Weezing|Weezing-Galar, L50, F|100\/100\n|-ability|p2b: Weezing|Neutralizing Gas\n|move|p2a: Lokix|First Impression|p1b: Amoonguss\n|-damage|p1b: Amoonguss|56\/100\n|-damage|p2a: Lokix|91\/100|[from] item: Life Orb\n|move|p1a: Farigiraf|Reflect|p1a: Farigiraf\n|-sidestart|p1: pepping_out|Reflect\n|move|p1b: Amoonguss|Spore|p2a: Lokix\n|-status|p2a: Lokix|slp|[from] move: Spore\n|\n|-heal|p1b: Amoonguss|62\/100|[from] item: Black Sludge\n|upkeep\n|turn|2\n|\n|t:|1699727387\n|move|p1b: Amoonguss|Rage Powder|p1b: Amoonguss\n|-singleturn|p1b: Amoonguss|move: Rage Powder\n|cant|p2a: Lokix|slp\n|move|p2b: Weezing|Will-O-Wisp|p1b: Amoonguss\n|-status|p1b: Amoonguss|brn\n|move|p1a: Farigiraf|Trick Room|p1a: Farigiraf\n|-fieldstart|move: Trick Room|[of] p1a: Farigiraf\n|\n|-heal|p1b: Amoonguss|69\/100 brn|[from] item: Black Sludge\n|-damage|p1b: Amoonguss|62\/100 brn|[from] brn\n|upkeep\n|turn|3\n|\n|t:|1699727401\n|switch|p1b: Iron Thorns|Iron Thorns, L50|100\/100\n|-enditem|p1b: Iron Thorns|Booster Energy\n|-activate|p1b: Iron Thorns|ability: Quark Drive|[fromitem]\n|-start|p1b: Iron Thorns|quarkdriveatk\n|move|p2b: Weezing|Will-O-Wisp|p1a: Farigiraf\n|-status|p1a: Farigiraf|brn\n|move|p1a: Farigiraf|Twin Beam|p2b: Weezing\n|-supereffective|p2b: Weezing\n|-damage|p2b: Weezing|52\/100\n|-supereffective|p2b: Weezing\n|-damage|p2b: Weezing|6\/100\n|-hitcount|p2b: Weezing|2\n|-curestatus|p2a: Lokix|slp|[msg]\n|move|p2a: Lokix|Knock Off|p1a: Farigiraf\n|-supereffective|p1a: Farigiraf\n|-damage|p1a: Farigiraf|31\/100 brn\n|-enditem|p1a: Farigiraf|Leftovers|[from] move: Knock Off|[of] p2a: Lokix\n|-damage|p2a: Lokix|81\/100|[from] item: Life Orb\n|\n|-damage|p1a: Farigiraf|25\/100 brn|[from] brn\n|upkeep\n|turn|4\n|-enditem|p2b: Weezing|Custap Berry|[eat]\n|-activate|p2b: Weezing|item: Custap Berry|[consumed]\n|\n|t:|1699727416\n|switch|p2a: Iron Hands|Iron Hands, L50|100\/100\n|move|p2b: Weezing|Destiny Bond|p2b: Weezing\n|-singlemove|p2b: Weezing|Destiny Bond\n|move|p1a: Farigiraf|Twin Beam|p2b: Weezing\n|-supereffective|p2b: Weezing\n|-damage|p2b: Weezing|0 fnt\n|faint|p2b: Weezing\n|-activate|p2b: Weezing|move: Destiny Bond\n|-end|p2b: Weezing|ability: Neutralizing Gas\n|faint|p1a: Farigiraf\n|-hitcount|p2: Weezing|1\n|move|p1b: Iron Thorns|Rock Slide|p2a: Iron Hands\n|-resisted|p2a: Iron Hands\n|-damage|p2a: Iron Hands|83\/100\n|\n|upkeep\n|\n|t:|1699727432\n|switch|p2b: Lokix|Lokix, L50, F|81\/100\n|switch|p1a: Amoonguss|Amoonguss, L50, M|62\/100 brn\n|turn|5\n|\n|t:|1699727454\n|switch|p1a: Clawitzer|Clawitzer, L50, M|100\/100\n|-end|p2a: Iron Hands|Quark Drive|[silent]\n|switch|p2a: Farigiraf|Farigiraf, L50, F|100\/100\n|move|p2b: Lokix|First Impression|p1a: Clawitzer\n|-damage|p1a: Clawitzer|61\/100\n|-damage|p2b: Lokix|72\/100|[from] item: Life Orb\n|move|p1b: Iron Thorns|Rock Slide|p2a: Farigiraf|[spread] p2a,p2b\n|-supereffective|p2b: Lokix\n|-damage|p2a: Farigiraf|59\/100\n|-damage|p2b: Lokix|0 fnt\n|faint|p2b: Lokix\n|\n|-sideend|p1: pepping_out|Reflect\n|upkeep\n|\n|t:|1699727456\n|switch|p2b: Iron Hands|Iron Hands, L50|83\/100\n|turn|6\n|\n|t:|1699727476\n|switch|p1a: Amoonguss|Amoonguss, L50, M|96\/100 brn\n|move|p2b: Iron Hands|Drain Punch|p1b: Iron Thorns\n|-supereffective|p1b: Iron Thorns\n|-damage|p1b: Iron Thorns|35\/100\n|-heal|p2b: Iron Hands|100\/100|[from] drain|[of] p1b: Iron Thorns\n|move|p2a: Farigiraf|Calm Mind|p2a: Farigiraf\n|-boost|p2a: Farigiraf|spa|1\n|-boost|p2a: Farigiraf|spd|1\n|move|p1b: Iron Thorns|High Horsepower|p2b: Iron Hands\n|-supereffective|p2b: Iron Hands\n|-damage|p2b: Iron Hands|43\/100\n|\n|-heal|p1a: Amoonguss|100\/100 brn|[from] item: Black Sludge\n|-damage|p1a: Amoonguss|94\/100 brn|[from] brn\n|-fieldend|move: Trick Room\n|upkeep\n|turn|7\n|inactive|pepping_out has 30 seconds left.\n|\n|t:|1699727502\n|-terastallize|p2b: Iron Hands|Fairy\n|-terastallize|p1a: Amoonguss|Grass\n|move|p1a: Amoonguss|Rage Powder|p1a: Amoonguss\n|-singleturn|p1a: Amoonguss|move: Rage Powder\n|move|p1b: Iron Thorns|High Horsepower|p2b: Iron Hands\n|-damage|p2b: Iron Hands|14\/100\n|move|p2a: Farigiraf|Psyshock|p1a: Amoonguss\n|-damage|p1a: Amoonguss|45\/100 brn\n|move|p2b: Iron Hands|Drain Punch|p1a: Amoonguss\n|-damage|p1a: Amoonguss|6\/100 brn\n|-heal|p2b: Iron Hands|31\/100|[from] drain|[of] p1a: Amoonguss\n|\n|-damage|p1a: Amoonguss|0 fnt|[from] item: Black Sludge\n|faint|p1a: Amoonguss\n|upkeep\n|\n|t:|1699727513\n|switch|p1a: Clawitzer|Clawitzer, L50, M|61\/100\n|turn|8\n|\n|t:|1699727521\n|move|p1b: Iron Thorns|Rock Slide|p2a: Farigiraf|[spread] p2a,p2b\n|-damage|p2a: Farigiraf|20\/100\n|-damage|p2b: Iron Hands|5\/100\n|-enditem|p2a: Farigiraf|Sitrus Berry|[eat]\n|-heal|p2a: Farigiraf|45\/100|[from] item: Sitrus Berry\n|cant|p2a: Farigiraf|flinch\n|move|p1a: Clawitzer|Water Pulse|p2a: Farigiraf\n|-damage|p2a: Farigiraf|3\/100\n|-damage|p1a: Clawitzer|51\/100|[from] item: Life Orb\n|cant|p2b: Iron Hands|flinch\n|\n|upkeep\n|turn|9\n|c|\u2606pepping_out|damn\n|\n|t:|1699727542\n|move|p1b: Iron Thorns|Rock Slide|p2a: Farigiraf|[spread] p2a,p2b\n|-damage|p2a: Farigiraf|0 fnt\n|-damage|p2b: Iron Hands|0 fnt\n|faint|p2a: Farigiraf\n|faint|p2b: Iron Hands\n|-end|p2b: Iron Hands|Quark Drive|[silent]\n|\n|win|pepping_out\n|raw|pepping_out's rating: 1042 &rarr; <strong>1085<\/strong><br \/>(+43 for winning)\n|raw|Zombi3Turtlez's rating: 1138 &rarr; <strong>1106<\/strong><br \/>(-32 for losing)\n|c|\u2606pepping_out|gg\n","uploadtime":1699727551,"views":20,"p1id":"peppingout","p2id":"zombi3turtlez","formatid":"gen9vgc2023regulatione","rating":1085,"private":0,"password":""}