{"id":"gen9vgc2023regulatione-1991802152","p1":"5Sscreen","p2":"Ibanez303x","format":"[Gen 9] VGC 2023 Regulation E","log":"|j|\u26065Sscreen\n|j|\u2606Ibanez303x\n|t:|1700120076\n|gametype|doubles\n|player|p1|5Sscreen|pokekid|1098\n|player|p2|Ibanez303x|169|1000\n|teamsize|p1|6\n|teamsize|p2|6\n|gen|9\n|tier|[Gen 9] VGC 2023 Regulation E\n|rated|\n|rule|Species Clause: Limit one of each Pok\u00e9mon\n|rule|Item Clause: Limit one of each item\n|clearpoke\n|poke|p1|Annihilape, L50, M|\n|poke|p1|Sinistcha, L50|\n|poke|p1|Grimmsnarl, L50, M|\n|poke|p1|Landorus-Therian, L50, M|\n|poke|p1|Bellibolt, L50, M|\n|poke|p1|Corviknight, L50, M|\n|poke|p2|Tinkaton, L50, F|\n|poke|p2|Iron Hands, L50|\n|poke|p2|Roaring Moon, L50|\n|poke|p2|Gholdengo, L50|\n|poke|p2|Ogerpon-Hearthflame, L50, F|\n|poke|p2|Ursaluna-Bloodmoon, L50, M|\n|teampreview|4\n|inactive|Battle timer is ON: inactive players will automatically lose when time's up. (requested by 5Sscreen)\n|\n|t:|1700120101\n|start\n|switch|p1a: Grimmsnarl|Grimmsnarl, L50, M, shiny|100\/100\n|switch|p1b: Landorus|Landorus-Therian, L50, M|100\/100\n|switch|p2a: Tinkabonk|Tinkaton, L50, F|100\/100\n|switch|p2b: Roaring Moon|Roaring Moon, L50|100\/100\n|-ability|p1b: Landorus|Intimidate|boost\n|-unboost|p2a: Tinkabonk|atk|1\n|-unboost|p2b: Roaring Moon|atk|1\n|-ability|p2a: Tinkabonk|Mold Breaker\n|-enditem|p2b: Roaring Moon|Booster Energy\n|-activate|p2b: Roaring Moon|ability: Protosynthesis|[fromitem]\n|-start|p2b: Roaring Moon|protosynthesisatk\n|turn|1\n|inactive|5Sscreen has 30 seconds left.\n|inactive|Ibanez303x has 30 seconds left.\n|\n|t:|1700120127\n|-terastallize|p2b: Roaring Moon|Flying\n|move|p2a: Tinkabonk|Fake Out|p1a: Grimmsnarl\n|-damage|p1a: Grimmsnarl|95\/100\n|cant|p1a: Grimmsnarl|flinch\n|move|p1b: Landorus|U-turn|p2b: Roaring Moon\n|-resisted|p2b: Roaring Moon\n|-damage|p2b: Roaring Moon|84\/100\n|\n|t:|1700120137\n|switch|p1b: Corviknight|Corviknight, L50, M, shiny|100\/100|[from] U-turn\n|move|p2b: Roaring Moon|Dragon Dance|p2b: Roaring Moon\n|-boost|p2b: Roaring Moon|atk|1\n|-boost|p2b: Roaring Moon|spe|1\n|\n|upkeep\n|turn|2\n|inactive|Ibanez303x has 30 seconds left.\n|\n|t:|1700120168\n|move|p1a: Grimmsnarl|Parting Shot|p2b: Roaring Moon\n|-unboost|p2b: Roaring Moon|atk|1\n|-unboost|p2b: Roaring Moon|spa|1\n|\n|t:|1700120172\n|switch|p1a: Landorus|Landorus-Therian, L50, M|100\/100|[from] Parting Shot\n|-ability|p1a: Landorus|Intimidate|boost\n|-unboost|p2a: Tinkabonk|atk|1\n|-unboost|p2b: Roaring Moon|atk|1\n|move|p2b: Roaring Moon|Dragon Dance|p2b: Roaring Moon\n|-boost|p2b: Roaring Moon|atk|1\n|-boost|p2b: Roaring Moon|spe|1\n|move|p2a: Tinkabonk|Gigaton Hammer|p1a: Landorus\n|-damage|p1a: Landorus|75\/100\n|move|p1b: Corviknight|Iron Defense|p1b: Corviknight\n|-boost|p1b: Corviknight|def|2\n|\n|upkeep\n|turn|3\n|inactive|5Sscreen has 30 seconds left.\n|inactive|Ibanez303x has 30 seconds left.\n|\n|t:|1700120206\n|switch|p1a: Annihilape|Annihilape, L50, M|100\/100\n|move|p2b: Roaring Moon|Acrobatics|p1b: Corviknight\n|-resisted|p1b: Corviknight\n|-crit|p1b: Corviknight\n|-damage|p1b: Corviknight|59\/100\n|-damage|p2b: Roaring Moon|68\/100|[from] item: Rocky Helmet|[of] p1b: Corviknight\n|move|p2a: Tinkabonk|Thunder Wave|p1b: Corviknight\n|-status|p1b: Corviknight|par\n|cant|p1b: Corviknight|par\n|\n|upkeep\n|turn|4\n|\n|t:|1700120229\n|move|p1a: Annihilape|Protect|p1a: Annihilape\n|-singleturn|p1a: Annihilape|Protect\n|move|p2b: Roaring Moon|Throat Chop|p1a: Annihilape\n|-activate|p1a: Annihilape|move: Protect\n|move|p2a: Tinkabonk|Knock Off|p1b: Corviknight\n|-damage|p1b: Corviknight|56\/100 par\n|-damage|p2a: Tinkabonk|84\/100|[from] item: Rocky Helmet|[of] p1b: Corviknight\n|-enditem|p1b: Corviknight|Rocky Helmet|[from] move: Knock Off|[of] p2a: Tinkabonk\n|move|p1b: Corviknight|Roost|p1b: Corviknight\n|-heal|p1b: Corviknight|100\/100 par\n|-singleturn|p1b: Corviknight|move: Roost\n|\n|upkeep\n|turn|5\n|\n|t:|1700120252\n|switch|p2a: Iron Hands|Iron Hands, L50|100\/100\n|-terastallize|p1a: Annihilape|Fire\n|move|p2b: Roaring Moon|Throat Chop|p1a: Annihilape\n|-damage|p1a: Annihilape|61\/100\n|-start|p1a: Annihilape|Throat Chop|[silent]\n|move|p1a: Annihilape|Drain Punch|p2a: Iron Hands\n|-damage|p2a: Iron Hands|73\/100\n|-heal|p1a: Annihilape|76\/100|[from] drain|[of] p2a: Iron Hands\n|move|p1b: Corviknight|Body Press|p2b: Roaring Moon\n|-resisted|p2b: Roaring Moon\n|-damage|p2b: Roaring Moon|41\/100\n|\n|-heal|p1a: Annihilape|83\/100|[from] item: Leftovers\n|upkeep\n|turn|6\n|inactive|Ibanez303x has 30 seconds left.\n|\n|t:|1700120282\n|move|p1a: Annihilape|Protect|p1a: Annihilape\n|-singleturn|p1a: Annihilape|Protect\n|move|p2b: Roaring Moon|Acrobatics|p1a: Annihilape\n|-activate|p1a: Annihilape|move: Protect\n|move|p2a: Iron Hands|Wild Charge|p1b: Corviknight\n|-supereffective|p1b: Corviknight\n|-damage|p1b: Corviknight|67\/100 par\n|-damage|p2a: Iron Hands|65\/100|[from] Recoil\n|move|p1b: Corviknight|Body Press|p2b: Roaring Moon\n|-resisted|p2b: Roaring Moon\n|-damage|p2b: Roaring Moon|15\/100\n|\n|-heal|p1a: Annihilape|89\/100|[from] item: Leftovers\n|-end|p1a: Annihilape|Throat Chop|[silent]\n|upkeep\n|turn|7\n|inactive|5Sscreen has 30 seconds left.\n|\n|t:|1700120311\n|move|p2b: Roaring Moon|Protect|p2b: Roaring Moon\n|-singleturn|p2b: Roaring Moon|Protect\n|move|p1a: Annihilape|Drain Punch|p2b: Roaring Moon\n|-activate|p2b: Roaring Moon|move: Protect\n|move|p2a: Iron Hands|Swords Dance|p2a: Iron Hands\n|-boost|p2a: Iron Hands|atk|2\n|move|p1b: Corviknight|Roost|p1b: Corviknight\n|-heal|p1b: Corviknight|100\/100 par\n|-singleturn|p1b: Corviknight|move: Roost\n|\n|-heal|p1a: Annihilape|95\/100|[from] item: Leftovers\n|upkeep\n|turn|8\n|inactive|Ibanez303x has 30 seconds left.\n|inactive|Ibanez303x has 20 seconds left.\n|\n|t:|1700120349\n|move|p2b: Roaring Moon|Acrobatics|p1a: Annihilape\n|-damage|p1a: Annihilape|33\/100\n|move|p1a: Annihilape|Drain Punch|p2b: Roaring Moon\n|-resisted|p2b: Roaring Moon\n|-damage|p2b: Roaring Moon|0 fnt\n|-heal|p1a: Annihilape|40\/100|[from] drain|[of] p2b: Roaring Moon\n|faint|p2b: Roaring Moon\n|-end|p2b: Roaring Moon|Protosynthesis|[silent]\n|move|p2a: Iron Hands|Drain Punch|p1b: Corviknight\n|-damage|p1b: Corviknight|74\/100 par\n|-heal|p2a: Iron Hands|77\/100|[from] drain|[of] p1b: Corviknight\n|move|p1b: Corviknight|Brave Bird|p2a: Iron Hands\n|-crit|p2a: Iron Hands\n|-damage|p2a: Iron Hands|33\/100\n|-damage|p1b: Corviknight|57\/100 par|[from] Recoil\n|\n|-heal|p1a: Annihilape|47\/100|[from] item: Leftovers\n|upkeep\n|\n|t:|1700120362\n|switch|p2b: Gholdengo|Gholdengo, L50|100\/100\n|turn|9\n|\n|t:|1700120375\n|move|p2b: Gholdengo|Protect|p2b: Gholdengo\n|-singleturn|p2b: Gholdengo|Protect\n|move|p1a: Annihilape|Protect|p1a: Annihilape\n|-singleturn|p1a: Annihilape|Protect\n|move|p2a: Iron Hands|Wild Charge|p1b: Corviknight\n|-supereffective|p1b: Corviknight\n|-damage|p1b: Corviknight|0 fnt\n|faint|p1b: Corviknight\n|-damage|p2a: Iron Hands|20\/100|[from] Recoil\n|\n|-heal|p1a: Annihilape|53\/100|[from] item: Leftovers\n|upkeep\n|\n|t:|1700120388\n|switch|p1b: Landorus|Landorus-Therian, L50, M|75\/100\n|-ability|p1b: Landorus|Intimidate|boost\n|-unboost|p2a: Iron Hands|atk|1\n|-unboost|p2b: Gholdengo|atk|1\n|turn|10\n|inactive|5Sscreen has 30 seconds left.\n|\n|t:|1700120422\n|move|p2b: Gholdengo|Protect||[still]\n|-fail|p2b: Gholdengo\n|move|p1b: Landorus|Stomping Tantrum|p2b: Gholdengo\n|-supereffective|p2b: Gholdengo\n|-damage|p2b: Gholdengo|0 fnt\n|faint|p2b: Gholdengo\n|move|p1a: Annihilape|Drain Punch|p2a: Iron Hands\n|-damage|p2a: Iron Hands|0 fnt\n|-heal|p1a: Annihilape|64\/100|[from] drain|[of] p2a: Iron Hands\n|faint|p2a: Iron Hands\n|-end|p2a: Iron Hands|Quark Drive|[silent]\n|\n|-heal|p1a: Annihilape|70\/100|[from] item: Leftovers\n|upkeep\n|\n|t:|1700120430\n|switch|p2b: Tinkabonk|Tinkaton, L50, F|84\/100\n|-ability|p2b: Tinkabonk|Mold Breaker\n|turn|11\n|\n|t:|1700120441\n|move|p1b: Landorus|Stomping Tantrum|p2b: Tinkabonk\n|-supereffective|p2b: Tinkabonk\n|-damage|p2b: Tinkabonk|0 fnt\n|faint|p2b: Tinkabonk\n|\n|win|5Sscreen\n|raw|5Sscreen's rating: 1098 &rarr; <strong>1116<\/strong><br \/>(+18 for winning)\n|raw|Ibanez303x's rating: 1000 &rarr; <strong>1000<\/strong><br \/>(+0 for losing)\n","uploadtime":1700120449,"views":26,"p1id":"5sscreen","p2id":"ibanez303x","formatid":"gen9vgc2023regulatione","rating":1000,"private":0,"password":""}