{"id":"gen9vgc2023regulatione-1994918728","p1":"MC_Conqueror","p2":"Pixel_Torchic","format":"[Gen 9] VGC 2023 Regulation E","log":"|j|\u2606MC_Conqueror\n|j|\u2606Pixel_Torchic\n|t:|1700504629\n|gametype|doubles\n|player|p1|MC_Conqueror|169|1292\n|player|p2|Pixel_Torchic|170|1372\n|teamsize|p1|6\n|teamsize|p2|6\n|gen|9\n|tier|[Gen 9] VGC 2023 Regulation E\n|rated|\n|rule|Species Clause: Limit one of each Pok\u00e9mon\n|rule|Item Clause: Limit one of each item\n|clearpoke\n|poke|p1|Rillaboom, L50, F|\n|poke|p1|Roaring Moon, L50|\n|poke|p1|Weezing, L50, M|\n|poke|p1|Arcanine-Hisui, L50, M|\n|poke|p1|Urshifu-*, L50, F|\n|poke|p1|Annihilape, L50, M|\n|poke|p2|Squawkabilly-White, L50, F|\n|poke|p2|Cresselia, L50, F|\n|poke|p2|Indeedee-F, L50, F|\n|poke|p2|Ogerpon-Wellspring, L50, F|\n|poke|p2|Ursaluna-Bloodmoon, L50, M|\n|poke|p2|Glastrier, L50|\n|teampreview|4\n|\n|t:|1700504670\n|start\n|switch|p1a: Rillaboom|Rillaboom, L50, F|100\/100\n|switch|p1b: Weezing|Weezing, L50, M|100\/100\n|switch|p2a: Squawkabilly|Squawkabilly-White, L50, F, shiny|100\/100\n|switch|p2b: Cresselia|Cresselia, L50, F|100\/100\n|-ability|p1b: Weezing|Neutralizing Gas\n|turn|1\n|\n|t:|1700504684\n|-terastallize|p1b: Weezing|Ghost\n|move|p1a: Rillaboom|Fake Out|p2b: Cresselia\n|-damage|p2b: Cresselia|93\/100\n|move|p2a: Squawkabilly|Final Gambit|p1b: Weezing\n|-immune|p1b: Weezing\n|move|p1b: Weezing|Curse|p2a: Squawkabilly\n|-start|p2a: Squawkabilly|Curse|[of] p1b: Weezing\n|-damage|p1b: Weezing|50\/100\n|-enditem|p1b: Weezing|Sitrus Berry|[eat]\n|-heal|p1b: Weezing|75\/100|[from] item: Sitrus Berry\n|cant|p2b: Cresselia|flinch\n|\n|-damage|p2a: Squawkabilly|76\/100|[from] Curse\n|upkeep\n|turn|2\n|\n|t:|1700504703\n|switch|p1a: Annihilape|Annihilape, L50, M|100\/100\n|move|p2a: Squawkabilly|Final Gambit|p1a: Annihilape\n|-immune|p1a: Annihilape\n|move|p1b: Weezing|Curse|p2b: Cresselia\n|-start|p2b: Cresselia|Curse|[of] p1b: Weezing\n|-damage|p1b: Weezing|25\/100\n|move|p2b: Cresselia|Trick Room|p2b: Cresselia\n|-fieldstart|move: Trick Room|[of] p2b: Cresselia\n|\n|-damage|p2b: Cresselia|68\/100|[from] Curse\n|-damage|p2a: Squawkabilly|51\/100|[from] Curse\n|upkeep\n|turn|3\n|\n|t:|1700504722\n|switch|p2a: Ursaluna|Ursaluna-Bloodmoon, L50, M|100\/100\n|move|p1b: Weezing|Pain Split|p2b: Cresselia\n|-sethp|p2b: Cresselia|44\/100|[from] move: Pain Split|[silent]\n|-sethp|p1b: Weezing|57\/100|[from] move: Pain Split\n|move|p2b: Cresselia|Lunar Blessing|p2b: Cresselia|[spread] p2a,p2b\n|-heal|p2b: Cresselia|69\/100\n|move|p1a: Annihilape|Bulk Up|p1a: Annihilape\n|-boost|p1a: Annihilape|atk|1\n|-boost|p1a: Annihilape|def|1\n|\n|-damage|p2b: Cresselia|44\/100|[from] Curse\n|upkeep\n|turn|4\n|\n|t:|1700504739\n|-terastallize|p2a: Ursaluna|Normal\n|move|p2b: Cresselia|Helping Hand|p2a: Ursaluna\n|-singleturn|p2a: Ursaluna|Helping Hand|[of] p2b: Cresselia\n|move|p2a: Ursaluna|Blood Moon|p1a: Annihilape\n|-immune|p1a: Annihilape\n|move|p1b: Weezing|Pain Split|p2a: Ursaluna\n|-sethp|p2a: Ursaluna|73\/100|[from] move: Pain Split|[silent]\n|-sethp|p1b: Weezing|92\/100|[from] move: Pain Split\n|move|p1a: Annihilape|Drain Punch|p2a: Ursaluna\n|-supereffective|p2a: Ursaluna\n|-damage|p2a: Ursaluna|10\/100\n|\n|-damage|p2b: Cresselia|19\/100|[from] Curse\n|upkeep\n|turn|5\n|-message|Pixel_Torchic forfeited.\n|\n|win|MC_Conqueror\n|raw|MC_Conqueror's rating: 1292 &rarr; <strong>1323<\/strong><br \/>(+31 for winning)\n|raw|Pixel_Torchic's rating: 1372 &rarr; <strong>1347<\/strong><br \/>(-25 for losing)\n|l|\u2606Pixel_Torchic\n","uploadtime":1700504771,"views":2,"p1id":"mcconqueror","p2id":"pixeltorchic","formatid":"gen9vgc2023regulatione","rating":1323,"private":0,"password":""}