{"id":"gen9vgc2023regulatione-1988223817","p1":"Iron Hams","p2":"AknazseakVGC","format":"[Gen 9] VGC 2023 Regulation E","log":"|j|\u2606Iron Hams\n|j|\u2606AknazseakVGC\n|t:|1699688681\n|gametype|doubles\n|player|p1|Iron Hams|smasher|1103\n|player|p2|AknazseakVGC|169|1180\n|teamsize|p1|6\n|teamsize|p2|6\n|gen|9\n|tier|[Gen 9] VGC 2023 Regulation E\n|rated|\n|rule|Species Clause: Limit one of each Pok\u00e9mon\n|rule|Item Clause: Limit one of each item\n|clearpoke\n|poke|p1|Landorus, L50, M|\n|poke|p1|Iron Bundle, L50|\n|poke|p1|Sinistcha-Masterpiece, L50|\n|poke|p1|Scizor, L50, M|\n|poke|p1|Iron Hands, L50|\n|poke|p1|Arcanine-Hisui, L50, M|\n|poke|p2|Flutter Mane, L50|\n|poke|p2|Iron Hands, L50|\n|poke|p2|Ogerpon-Hearthflame, L50, F|\n|poke|p2|Landorus-Therian, L50, M|\n|poke|p2|Cresselia, L50, F|\n|poke|p2|Chien-Pao, L50|\n|teampreview|4\n|inactive|Battle timer is ON: inactive players will automatically lose when time's up. (requested by AknazseakVGC)\n|\n|t:|1699688707\n|start\n|switch|p1a: Landorus|Landorus, L50, M|100\/100\n|switch|p1b: Iron Bundle|Iron Bundle, L50|100\/100\n|switch|p2a: Chien-Pao|Chien-Pao, L50|100\/100\n|switch|p2b: Iron Hands|Iron Hands, L50|100\/100\n|-ability|p2a: Chien-Pao|Sword of Ruin\n|-enditem|p1b: Iron Bundle|Booster Energy\n|-activate|p1b: Iron Bundle|ability: Quark Drive|[fromitem]\n|-start|p1b: Iron Bundle|quarkdrivespe\n|turn|1\n|\n|t:|1699688721\n|move|p1b: Iron Bundle|Protect|p1b: Iron Bundle\n|-singleturn|p1b: Iron Bundle|Protect\n|move|p1a: Landorus|Protect|p1a: Landorus\n|-singleturn|p1a: Landorus|Protect\n|move|p2b: Iron Hands|Fake Out|p1b: Iron Bundle\n|-activate|p1b: Iron Bundle|move: Protect\n|move|p2a: Chien-Pao|Ice Spinner|p1a: Landorus\n|-activate|p1a: Landorus|move: Protect\n|\n|upkeep\n|turn|2\n|inactive|AknazseakVGC has 30 seconds left.\n|\n|t:|1699688752\n|-terastallize|p1a: Landorus|Steel\n|move|p1b: Iron Bundle|Encore|p2b: Iron Hands\n|-start|p2b: Iron Hands|Encore\n|move|p2a: Chien-Pao|Ice Spinner|p1a: Landorus\n|-resisted|p1a: Landorus\n|-damage|p1a: Landorus|69\/100\n|move|p1a: Landorus|Earth Power|p2a: Chien-Pao\n|-enditem|p2a: Chien-Pao|Focus Sash\n|-damage|p2a: Chien-Pao|1\/100\n|move|p2b: Iron Hands|Fake Out||[still]\n|-hint|Fake Out only works on your first turn out.\n|-fail|p2b: Iron Hands\n|\n|upkeep\n|turn|3\n|\n|t:|1699688770\n|-end|p2b: Iron Hands|Quark Drive|[silent]\n|switch|p2b: Ogerpon|Ogerpon-Hearthflame, L50, F|100\/100\n|-ability|p2b: Ogerpon|Mold Breaker\n|move|p1a: Landorus|Protect|p1a: Landorus\n|-singleturn|p1a: Landorus|Protect\n|move|p1b: Iron Bundle|Freeze-Dry|p2a: Chien-Pao\n|-resisted|p2a: Chien-Pao\n|-damage|p2a: Chien-Pao|0 fnt\n|faint|p2a: Chien-Pao\n|\n|upkeep\n|\n|t:|1699688782\n|switch|p2a: Iron Hands|Iron Hands, L50|100\/100\n|turn|4\n|\n|t:|1699688795\n|switch|p1a: Arcanine|Arcanine-Hisui, L50, M|100\/100\n|-ability|p1a: Arcanine|Intimidate|boost\n|-unboost|p2a: Iron Hands|atk|1\n|-unboost|p2b: Ogerpon|atk|1\n|move|p1b: Iron Bundle|Protect|p1b: Iron Bundle\n|-singleturn|p1b: Iron Bundle|Protect\n|move|p2b: Ogerpon|Spiky Shield|p2b: Ogerpon\n|-singleturn|p2b: Ogerpon|move: Protect\n|move|p2a: Iron Hands|Drain Punch|p1a: Arcanine\n|-supereffective|p1a: Arcanine\n|-damage|p1a: Arcanine|35\/100\n|\n|upkeep\n|turn|5\n|\n|t:|1699688815\n|switch|p2b: Landorus|Landorus-Therian, L50, M|100\/100\n|-ability|p2b: Landorus|Intimidate|boost\n|-unboost|p1a: Arcanine|atk|1\n|-unboost|p1b: Iron Bundle|atk|1\n|move|p1b: Iron Bundle|Icy Wind|p2b: Landorus|[spread] p2a,p2b\n|-supereffective|p2b: Landorus\n|-damage|p2a: Iron Hands|90\/100\n|-damage|p2b: Landorus|0 fnt\n|-unboost|p2a: Iron Hands|spe|1\n|faint|p2b: Landorus\n|move|p1a: Arcanine|Head Smash|p2a: Iron Hands|[miss]\n|-miss|p1a: Arcanine|p2a: Iron Hands\n|move|p2a: Iron Hands|Drain Punch|p1b: Iron Bundle\n|-supereffective|p1b: Iron Bundle\n|-damage|p1b: Iron Bundle|44\/100\n|-heal|p2a: Iron Hands|100\/100|[from] drain|[of] p1b: Iron Bundle\n|\n|upkeep\n|\n|t:|1699688831\n|switch|p2b: Ogerpon|Ogerpon-Hearthflame, L50, F|100\/100\n|-ability|p2b: Ogerpon|Mold Breaker\n|turn|6\n|\n|t:|1699688842\n|-terastallize|p2b: Ogerpon|Fire\n|detailschange|p2b: Ogerpon|Ogerpon-Hearthflame-Tera, L50, F, tera:Fire\n|-ability|p2b: Ogerpon|Embody Aspect (Hearthflame)|boost\n|-boost|p2b: Ogerpon|atk|1\n|move|p1b: Iron Bundle|Icy Wind|p2b: Ogerpon|[spread] p2a,p2b\n|-resisted|p2b: Ogerpon\n|-damage|p2a: Iron Hands|90\/100\n|-damage|p2b: Ogerpon|89\/100\n|-unboost|p2a: Iron Hands|spe|1\n|-unboost|p2b: Ogerpon|spe|1\n|move|p1a: Arcanine|Head Smash|p2b: Ogerpon|[miss]\n|-miss|p1a: Arcanine|p2b: Ogerpon\n|move|p2b: Ogerpon|Ivy Cudgel|p1b: Iron Bundle\n|-damage|p1b: Iron Bundle|0 fnt\n|faint|p1b: Iron Bundle\n|-end|p1b: Iron Bundle|Quark Drive|[silent]\n|move|p2a: Iron Hands|Drain Punch|p1a: Arcanine\n|-supereffective|p1a: Arcanine\n|-damage|p1a: Arcanine|0 fnt\n|-heal|p2a: Iron Hands|100\/100|[from] drain|[of] p1a: Arcanine\n|faint|p1a: Arcanine\n|\n|upkeep\n|\n|t:|1699688861\n|switch|p1b: Landorus|Landorus, L50, M, tera:Steel|69\/100\n|switch|p1a: Scizor|Scizor, L50, M|100\/100\n|turn|7\n|\n|t:|1699688877\n|move|p2b: Ogerpon|Spiky Shield|p2b: Ogerpon\n|-singleturn|p2b: Ogerpon|move: Protect\n|move|p1b: Landorus|Earth Power|p2b: Ogerpon\n|-activate|p2b: Ogerpon|move: Protect\n|move|p1a: Scizor|Swords Dance|p1a: Scizor\n|-boost|p1a: Scizor|atk|2\n|move|p2a: Iron Hands|Drain Punch|p1b: Landorus\n|-supereffective|p1b: Landorus\n|-damage|p1b: Landorus|4\/100\n|\n|upkeep\n|turn|8\n|\n|t:|1699688897\n|move|p1b: Landorus|Earth Power|p2b: Ogerpon\n|-supereffective|p2b: Ogerpon\n|-damage|p2b: Ogerpon|0 fnt\n|faint|p2b: Ogerpon\n|move|p1a: Scizor|Dual Wingbeat|p2a: Iron Hands\n|-damage|p2a: Iron Hands|69\/100\n|-damage|p2a: Iron Hands|37\/100\n|-hitcount|p2a: Iron Hands|2\n|move|p2a: Iron Hands|Drain Punch|p1b: Landorus\n|-supereffective|p1b: Landorus\n|-damage|p1b: Landorus|0 fnt\n|-heal|p2a: Iron Hands|39\/100|[from] drain|[of] p1b: Landorus\n|faint|p1b: Landorus\n|\n|upkeep\n|turn|9\n|-message|AknazseakVGC forfeited.\n|\n|win|Iron Hams\n|raw|Iron Hams's rating: 1103 &rarr; <strong>1133<\/strong><br \/>(+30 for winning)\n|raw|AknazseakVGC's rating: 1180 &rarr; <strong>1150<\/strong><br \/>(-30 for losing)\n|l|\u2606AknazseakVGC\n","uploadtime":1699688917,"views":50,"p1id":"ironhams","p2id":"aknazseakvgc","formatid":"gen9vgc2023regulatione","rating":1133,"private":0,"password":""}