{"id":"gen9vgc2023regulatione-1998544948","p1":"Priest_of_Talos","p2":"xatudrip","format":"[Gen 9] VGC 2023 Regulation E","log":"|j|\u2606Priest_of_Talos\n|j|\u2606xatudrip\n|n|\u2606Priest_of_Talos|priestoftalos\n|n|\u2606xatudrip|xatudrip\n|html|View the match progress at <a href=\"\/game-bestof3-gen9vgc2023regulatione-1998544947\">game-bestof3-gen9vgc2023regulatione-1998544947<\/a>\n|t:|1700954548\n|gametype|doubles\n|player|p1|Priest_of_Talos|boarder|\n|player|p2|xatudrip|clair|\n|teamsize|p1|6\n|teamsize|p2|6\n|gen|9\n|tier|[Gen 9] VGC 2023 Regulation E\n|rule|Species Clause: Limit one of each Pok\u00e9mon\n|rule|Item Clause: Limit one of each item\n|clearpoke\n|poke|p1|Scream Tail, L50|\n|poke|p1|Chien-Pao, L50|\n|poke|p1|Glimmora, L50, M|\n|poke|p1|Glastrier, L50|\n|poke|p1|Salamence, L50, F|\n|poke|p1|Annihilape, L50, M|\n|poke|p2|Tornadus, L50, M|\n|poke|p2|Sinistcha-Masterpiece, L50|\n|poke|p2|Baxcalibur, L50, F|\n|poke|p2|Abomasnow, L50, F|\n|poke|p2|Mimikyu, L50, F|\n|poke|p2|Snorlax, L50, M|\n|teampreview|4\nPriest_of_Talos has agreed to open team sheets.\nxatudrip has agreed to open team sheets.\n|showteam|p1|Scream Tail||MentalHerb|Protosynthesis|TrickRoom,ThunderWave,DazzlingGleam,Reflect||||||50|,,,,,Ghost]Chien-Pao||FocusSash|SwordofRuin|IceSpinner,BrickBreak,SuckerPunch,Protect||||||50|,,,,,Ghost]Glimmora||LifeOrb|ToxicDebris|DazzlingGleam,PowerGem,SludgeBomb,Protect|||M|||50|,,,,,Fairy]Glastrier||AssaultVest|ChillingNeigh|IcicleCrash,HeavySlam,CloseCombat,Avalanche||||||50|,,,,,Fire]Salamence||CovertCloak|Intimidate|DualWingbeat,IronHead,Tailwind,Protect|||F|||50|,,,,,Steel]Annihilape||Leftovers|Defiant|BulkUp,RageFist,DrainPunch,Protect|||M|||50|,,,,,Fire\n|showteam|p2|Tornadus||MentalHerb|Prankster|Taunt,Tailwind,BleakwindStorm,Protect|||M|||50|,,,,,Flying]Sinistcha-Masterpiece||BigRoot|Hospitality|Protect,MatchaGotcha,RagePowder,StrengthSap||||||50|,,,,,Water]Baxcalibur||LoadedDice|IceBody|ScaleShot,IcicleSpear,Protect,SwordsDance|||F|||50|,,,,,Steel]Abomasnow||SitrusBerry|SnowWarning|AuroraVeil,Blizzard,Protect,LeafStorm|||F|||50|,,,,,Fire]Mimikyu||AssaultVest|Disguise|TrickRoom,WillOWisp,PlayRough,ShadowSneak|||F|||50|,,,,,Fairy]Snorlax||AguavBerry|Gluttony|BellyDrum,BodySlam,Protect,IronHead|||M|||50|,,,,,Poison\n|\n|t:|1700954607\n|start\n|switch|p1a: Annihilape|Annihilape, L50, M|100\/100\n|switch|p1b: Scream Tail|Scream Tail, L50|100\/100\n|switch|p2a: Tornadus|Tornadus, L50, M|100\/100\n|switch|p2b: Snorlax|Snorlax, L50, M|100\/100\n|turn|1\n|\n|t:|1700954633\n|-terastallize|p2b: Snorlax|Poison\n|move|p2a: Tornadus|Tailwind|p2a: Tornadus\n|-sidestart|p2: xatudrip|move: Tailwind\n|move|p1b: Scream Tail|Reflect|p1b: Scream Tail\n|-sidestart|p1: Priest_of_Talos|Reflect\n|move|p1a: Annihilape|Bulk Up|p1a: Annihilape\n|-boost|p1a: Annihilape|atk|1\n|-boost|p1a: Annihilape|def|1\n|move|p2b: Snorlax|Belly Drum|p2b: Snorlax\n|-damage|p2b: Snorlax|50\/100\n|-setboost|p2b: Snorlax|atk|6|[from] move: Belly Drum\n|-enditem|p2b: Snorlax|Aguav Berry|[eat]\n|-heal|p2b: Snorlax|84\/100|[from] item: Aguav Berry\n|\n|upkeep\n|turn|2\n|\n|t:|1700954674\n|move|p2a: Tornadus|Taunt|p1b: Scream Tail\n|-start|p1b: Scream Tail|move: Taunt\n|-enditem|p1b: Scream Tail|Mental Herb\n|-end|p1b: Scream Tail|move: Taunt\n|move|p1b: Scream Tail|Thunder Wave|p2a: Tornadus\n|-status|p2a: Tornadus|par\n|move|p1a: Annihilape|Rage Fist|p2b: Snorlax\n|-damage|p2b: Snorlax|50\/100\n|move|p2b: Snorlax|Iron Head|p1a: Annihilape\n|-damage|p1a: Annihilape|56\/100\n|\n|-heal|p1a: Annihilape|62\/100|[from] item: Leftovers\n|upkeep\n|turn|3\n|\n|t:|1700954701\n|-end|p1b: Scream Tail|Protosynthesis|[silent]\n|switch|p1b: Glimmora|Glimmora, L50, M|100\/100\n|move|p2a: Tornadus|Bleakwind Storm|p1a: Annihilape|[spread] p1a,p1b\n|-supereffective|p1a: Annihilape\n|-resisted|p1b: Glimmora\n|-damage|p1a: Annihilape|8\/100\n|-damage|p1b: Glimmora|83\/100\n|move|p1a: Annihilape|Rage Fist|p2b: Snorlax\n|-damage|p2b: Snorlax|0 fnt\n|faint|p2b: Snorlax\n|\n|-heal|p1a: Annihilape|14\/100|[from] item: Leftovers\n|upkeep\n|\n|t:|1700954714\n|switch|p2b: Baxcalibur|Baxcalibur, L50, F|100\/100\n|turn|4\n|\n|t:|1700954746\n|move|p2b: Baxcalibur|Swords Dance|p2b: Baxcalibur\n|-boost|p2b: Baxcalibur|atk|2\n|move|p2a: Tornadus|Bleakwind Storm|p1b: Glimmora|[spread] p1a,p1b\n|-supereffective|p1a: Annihilape\n|-resisted|p1b: Glimmora\n|-damage|p1a: Annihilape|0 fnt\n|-damage|p1b: Glimmora|67\/100\n|faint|p1a: Annihilape\n|move|p1b: Glimmora|Power Gem|p2a: Tornadus\n|-supereffective|p2a: Tornadus\n|-damage|p2a: Tornadus|0 fnt\n|faint|p2a: Tornadus\n|-damage|p1b: Glimmora|58\/100|[from] item: Life Orb\n|\n|-sideend|p2: xatudrip|move: Tailwind\n|upkeep\n|\n|t:|1700954758\n|switch|p2a: Sinistcha|Sinistcha-Masterpiece, L50|100\/100\n|switch|p1a: Scream Tail|Scream Tail, L50|100\/100\n|turn|5\n|\n|t:|1700954794\n|-terastallize|p1b: Glimmora|Fairy\n|move|p2b: Baxcalibur|Icicle Spear|p1a: Scream Tail\n|-damage|p1a: Scream Tail|89\/100\n|-damage|p1a: Scream Tail|76\/100\n|-damage|p1a: Scream Tail|63\/100\n|-crit|p1a: Scream Tail\n|-damage|p1a: Scream Tail|37\/100\n|-hitcount|p1a: Scream Tail|4\n|move|p1a: Scream Tail|Thunder Wave|p2b: Baxcalibur\n|-status|p2b: Baxcalibur|par\n|move|p1b: Glimmora|Dazzling Gleam|p2b: Baxcalibur|[spread] p2a,p2b\n|-supereffective|p2b: Baxcalibur\n|-damage|p2a: Sinistcha|43\/100\n|-damage|p2b: Baxcalibur|5\/100 par\n|-damage|p1b: Glimmora|48\/100|[from] item: Life Orb\n|move|p2a: Sinistcha|Matcha Gotcha|p1a: Scream Tail|[spread] p1a,p1b\n|-damage|p1a: Scream Tail|21\/100\n|-heal|p2a: Sinistcha|57\/100|[from] drain|[of] p1a: Scream Tail\n|-damage|p1b: Glimmora|18\/100\n|-heal|p2a: Sinistcha|78\/100|[from] drain|[of] p1b: Glimmora\n|\n|-sideend|p1: Priest_of_Talos|Reflect\n|upkeep\n|turn|6\n|\n|t:|1700954835\n|move|p2b: Baxcalibur|Protect|p2b: Baxcalibur\n|-singleturn|p2b: Baxcalibur|Protect\n|move|p1a: Scream Tail|Reflect|p1a: Scream Tail\n|-sidestart|p1: Priest_of_Talos|Reflect\n|move|p1b: Glimmora|Dazzling Gleam|p2a: Sinistcha|[spread] p2a\n|-activate|p2b: Baxcalibur|move: Protect\n|-damage|p2a: Sinistcha|20\/100\n|-damage|p1b: Glimmora|8\/100|[from] item: Life Orb\n|move|p2a: Sinistcha|Matcha Gotcha|p1a: Scream Tail|[spread] p1a,p1b\n|-damage|p1a: Scream Tail|4\/100\n|-heal|p2a: Sinistcha|34\/100|[from] drain|[of] p1a: Scream Tail\n|-damage|p1b: Glimmora|0 fnt\n|-heal|p2a: Sinistcha|40\/100|[from] drain|[of] p1b: Glimmora\n|faint|p1b: Glimmora\n|\n|upkeep\n|\n|t:|1700954847\n|switch|p1b: Glastrier|Glastrier, L50|100\/100\n|turn|7\n|\n|t:|1700954888\n|move|p1a: Scream Tail|Thunder Wave|p2a: Sinistcha\n|-status|p2a: Sinistcha|par\n|move|p2b: Baxcalibur|Scale Shot|p1b: Glastrier\n|-damage|p1b: Glastrier|87\/100\n|-damage|p1b: Glastrier|74\/100\n|-damage|p1b: Glastrier|61\/100\n|-damage|p1b: Glastrier|49\/100\n|-hitcount|p1b: Glastrier|4\n|-unboost|p2b: Baxcalibur|def|1\n|-boost|p2b: Baxcalibur|spe|1\n|move|p1b: Glastrier|Icicle Crash|p2a: Sinistcha\n|-supereffective|p2a: Sinistcha\n|-damage|p2a: Sinistcha|0 fnt\n|faint|p2a: Sinistcha\n|-ability|p1b: Glastrier|Chilling Neigh|boost\n|-boost|p1b: Glastrier|atk|1\n|\n|upkeep\n|turn|8\n|c|\u2606xatudrip|lost the speed tie\n|c|\u2606xatudrip|nvm\n|c|\u2606xatudrip|para\n|c|\u2606xatudrip|lol\n|c|\u2606Priest_of_Talos|para yea lol\n|\n|t:|1700954928\n|move|p1a: Scream Tail|Dazzling Gleam|p2b: Baxcalibur\n|-supereffective|p2b: Baxcalibur\n|-damage|p2b: Baxcalibur|0 fnt\n|faint|p2b: Baxcalibur\n|\n|win|Priest_of_Talos\n|c|&|\/uhtml prompt-xatudrip,xatudrip is ready for game 2!\n|inactive|Priest_of_Talos has 50 seconds to confirm battle start!\n|inactive|Priest_of_Talos has 40 seconds to confirm battle start!\n|inactive|Priest_of_Talos has 30 seconds to confirm battle start!\n|c|&|\/uhtml prompt-priestoftalos,Priest_of_Talos is ready for game 2!\nBoth players are ready! Starting next match!\n","uploadtime":1700954957,"views":15,"p1id":"priestoftalos","p2id":"xatudrip","formatid":"gen9vgc2023regulatione","rating":0,"private":0,"password":""}