{"id":"gen9vgc2023regulatione-1993895470","p1":"GucciSoup","p2":"bixbi","format":"[Gen 9] VGC 2023 Regulation E","log":"|j|\u2606GucciSoup\n|j|\u2606bixbi\n|t:|1700371543\n|gametype|doubles\n|player|p1|GucciSoup|wallace|1356\n|player|p2|bixbi|2|1244\n|teamsize|p1|6\n|teamsize|p2|6\n|gen|9\n|tier|[Gen 9] VGC 2023 Regulation E\n|rated|\n|rule|Species Clause: Limit one of each Pok\u00e9mon\n|rule|Item Clause: Limit one of each item\n|clearpoke\n|poke|p1|Sableye, L50, F|\n|poke|p1|Ninetales-Alola, L50, M|\n|poke|p1|Poliwrath, L50, F|\n|poke|p1|Flutter Mane, L50|\n|poke|p1|Iron Hands, L50|\n|poke|p1|Toedscruel, L50, F|\n|poke|p2|Tyranitar, L50, F|\n|poke|p2|Lycanroc, L50, M|\n|poke|p2|Amoonguss, L50, F|\n|poke|p2|Garchomp, L50, F|\n|poke|p2|Kilowattrel, L50, F|\n|poke|p2|Garganacl, L50, M|\n|teampreview|4\n|inactive|Battle timer is ON: inactive players will automatically lose when time's up. (requested by bixbi)\n|inactive|GucciSoup has 60 seconds left.\n|j| GymLeader Avery\n|\n|t:|1700371583\n|start\n|switch|p1a: Sableye|Sableye, L50, F|100\/100\n|switch|p1b: Ninetales|Ninetales-Alola, L50, M|100\/100\n|switch|p2a: Tyranitar|Tyranitar, L50, F|100\/100\n|switch|p2b: Lycanroc|Lycanroc, L50, M|100\/100\n|-weather|Snow|[from] ability: Snow Warning|[of] p1b: Ninetales\n|-weather|Sandstorm|[from] ability: Sand Stream|[of] p2a: Tyranitar\n|turn|1\n|\n|t:|1700371598\n|move|p1a: Sableye|Skill Swap|p1b: Ninetales\n|-activate|p1a: Sableye|move: Skill Swap|||[of] p1b: Ninetales\n|-weather|Snow|[from] ability: Snow Warning|[of] p1a: Sableye\n|move|p1b: Ninetales|Aurora Veil|p1b: Ninetales\n|-sidestart|p1: GucciSoup|move: Aurora Veil\n|move|p2b: Lycanroc|Taunt|p1a: Sableye\n|-start|p1a: Sableye|move: Taunt\n|move|p2a: Tyranitar|Rock Slide|p1a: Sableye|[spread] p1a\n|-miss|p2a: Tyranitar|p1b: Ninetales\n|-damage|p1a: Sableye|75\/100\n|\n|-weather|Snow|[upkeep]\n|upkeep\n|turn|2\n|\n|t:|1700371617\n|switch|p2a: Amoonguss|Amoonguss, L50, F|100\/100\n|switch|p1a: Toedscruel|Toedscruel, L50, F|100\/100\n|move|p2b: Lycanroc|Endeavor|p1b: Ninetales\n|-damage|p1b: Ninetales|85\/100\n|move|p1b: Ninetales|Blizzard|p2b: Lycanroc|[spread] p2a,p2b\n|-supereffective|p2a: Amoonguss\n|-damage|p2a: Amoonguss|64\/100\n|-damage|p2b: Lycanroc|63\/100\n|\n|-weather|Snow|[upkeep]\n|upkeep\n|turn|3\n|\n|t:|1700371639\n|switch|p2a: Tyranitar|Tyranitar, L50, F|100\/100\n|-weather|Sandstorm|[from] ability: Sand Stream|[of] p2a: Tyranitar\n|move|p2b: Lycanroc|Rock Slide|p1b: Ninetales|[spread] p1a,p1b\n|-resisted|p1a: Toedscruel\n|-supereffective|p1b: Ninetales\n|-damage|p1a: Toedscruel|88\/100\n|-damage|p1b: Ninetales|38\/100\n|move|p1b: Ninetales|Blizzard|p2b: Lycanroc|[spread] p2a,p2b\n|-damage|p2a: Tyranitar|90\/100\n|-damage|p2b: Lycanroc|33\/100\n|move|p1a: Toedscruel|Spore|p2b: Lycanroc\n|-status|p2b: Lycanroc|slp|[from] move: Spore\n|\n|-weather|Sandstorm|[upkeep]\n|-damage|p1b: Ninetales|32\/100|[from] Sandstorm\n|-heal|p1a: Toedscruel|94\/100|[from] item: Leftovers\n|upkeep\n|turn|4\n|inactive|GucciSoup has 30 seconds left.\n|\n|t:|1700371666\n|switch|p1b: Sableye|Sableye, L50, F|75\/100\n|cant|p2b: Lycanroc|slp\n|move|p1a: Toedscruel|Earth Power|p2b: Lycanroc\n|-supereffective|p2b: Lycanroc\n|-damage|p2b: Lycanroc|0 fnt\n|faint|p2b: Lycanroc\n|move|p2a: Tyranitar|Ice Punch|p1a: Toedscruel\n|-supereffective|p1a: Toedscruel\n|-damage|p1a: Toedscruel|0 fnt\n|faint|p1a: Toedscruel\n|\n|-weather|Sandstorm|[upkeep]\n|-damage|p1b: Sableye|69\/100|[from] Sandstorm\n|upkeep\n|\n|t:|1700371689\n|switch|p2b: Amoonguss|Amoonguss, L50, F|97\/100\n|switch|p1a: Iron Hands|Iron Hands, L50|100\/100\n|turn|5\n|\n|t:|1700371706\n|switch|p2a: Garchomp|Garchomp, L50, F|100\/100\n|move|p2b: Amoonguss|Protect|p2b: Amoonguss\n|-singleturn|p2b: Amoonguss|Protect\n|move|p1b: Sableye|Will-O-Wisp|p2a: Garchomp\n|-status|p2a: Garchomp|brn\n|move|p1a: Iron Hands|Swords Dance|p1a: Iron Hands\n|-boost|p1a: Iron Hands|atk|2\n|\n|-weather|Sandstorm|[upkeep]\n|-damage|p1b: Sableye|63\/100|[from] Sandstorm\n|-damage|p1a: Iron Hands|94\/100|[from] Sandstorm\n|-damage|p2b: Amoonguss|91\/100|[from] Sandstorm\n|-damage|p2a: Garchomp|95\/100 brn|[from] brn\n|-sideend|p1: GucciSoup|move: Aurora Veil\n|upkeep\n|turn|6\n|\n|t:|1700371728\n|move|p1b: Sableye|Encore|p2b: Amoonguss\n|-start|p2b: Amoonguss|Encore\n|move|p2a: Garchomp|Dragon Claw|p1b: Sableye\n|-damage|p1b: Sableye|24\/100\n|-damage|p2a: Garchomp|85\/100 brn|[from] item: Life Orb\n|move|p1a: Iron Hands|Drain Punch|p2a: Garchomp|[miss]\n|-miss|p1a: Iron Hands|p2a: Garchomp\n|move|p2b: Amoonguss|Protect||[still]\n|-fail|p2b: Amoonguss\n|\n|-weather|Sandstorm|[upkeep]\n|-damage|p1b: Sableye|18\/100|[from] Sandstorm\n|-damage|p1a: Iron Hands|88\/100|[from] Sandstorm\n|-damage|p2b: Amoonguss|86\/100|[from] Sandstorm\n|-damage|p2a: Garchomp|79\/100 brn|[from] brn\n|upkeep\n|turn|7\n|\n|t:|1700371747\n|switch|p1b: Ninetales|Ninetales-Alola, L50, M|32\/100\n|-weather|Snow|[from] ability: Snow Warning|[of] p1b: Ninetales\n|move|p2b: Amoonguss|Protect|p2b: Amoonguss\n|-singleturn|p2b: Amoonguss|Protect\n|move|p2a: Garchomp|Earthquake|p1b: Ninetales|[spread] p1a,p1b\n|-activate|p2b: Amoonguss|move: Protect\n|-supereffective|p1a: Iron Hands\n|-damage|p1a: Iron Hands|52\/100\n|-damage|p1b: Ninetales|10\/100\n|-damage|p2a: Garchomp|69\/100 brn|[from] item: Life Orb\n|move|p1a: Iron Hands|Drain Punch|p2a: Garchomp\n|-damage|p2a: Garchomp|0 fnt\n|-heal|p1a: Iron Hands|77\/100|[from] drain|[of] p2a: Garchomp\n|faint|p2a: Garchomp\n|\n|-weather|Snow|[upkeep]\n|upkeep\n|\n|t:|1700371766\n|switch|p2a: Tyranitar|Tyranitar, L50, F|90\/100\n|-weather|Sandstorm|[from] ability: Sand Stream|[of] p2a: Tyranitar\n|turn|8\n|\n|t:|1700371773\n|switch|p1b: Sableye|Sableye, L50, F|18\/100\n|-terastallize|p2a: Tyranitar|Flying\n|move|p2b: Amoonguss|Protect|p2b: Amoonguss\n|-singleturn|p2b: Amoonguss|Protect\n|move|p2a: Tyranitar|Rock Slide|p1b: Sableye|[spread] p1a,p1b\n|-resisted|p1a: Iron Hands\n|-damage|p1a: Iron Hands|67\/100\n|-damage|p1b: Sableye|0 fnt\n|faint|p1b: Sableye\n|move|p1a: Iron Hands|Drain Punch|p2a: Tyranitar\n|-resisted|p2a: Tyranitar\n|-damage|p2a: Tyranitar|64\/100\n|-heal|p1a: Iron Hands|78\/100|[from] drain|[of] p2a: Tyranitar\n|\n|-weather|Sandstorm|[upkeep]\n|-damage|p2a: Tyranitar|58\/100|[from] Sandstorm\n|-damage|p1a: Iron Hands|72\/100|[from] Sandstorm\n|-damage|p2b: Amoonguss|80\/100|[from] Sandstorm\n|-end|p2b: Amoonguss|Encore\n|upkeep\n|\n|t:|1700371782\n|switch|p1b: Ninetales|Ninetales-Alola, L50, M|10\/100\n|-weather|Snow|[from] ability: Snow Warning|[of] p1b: Ninetales\n|turn|9\n|inactive|bixbi has 30 seconds left.\n|\n|t:|1700371810\n|move|p1b: Ninetales|Blizzard|p2b: Amoonguss|[spread] p2a,p2b\n|-supereffective|p2a: Tyranitar\n|-supereffective|p2b: Amoonguss\n|-damage|p2a: Tyranitar|28\/100\n|-damage|p2b: Amoonguss|43\/100\n|-status|p2b: Amoonguss|frz\n|move|p2a: Tyranitar|Rock Slide|p1a: Iron Hands|[spread] p1a,p1b\n|-resisted|p1a: Iron Hands\n|-supereffective|p1b: Ninetales\n|-damage|p1a: Iron Hands|62\/100\n|-damage|p1b: Ninetales|0 fnt\n|faint|p1b: Ninetales\n|cant|p1a: Iron Hands|flinch\n|cant|p2b: Amoonguss|frz\n|\n|-weather|Snow|[upkeep]\n|upkeep\n|turn|10\n|inactive|bixbi has 30 seconds left.\n|\n|t:|1700371839\n|move|p2a: Tyranitar|Tera Blast|p1a: Iron Hands|[anim] Tera Blast Flying\n|-damage|p1a: Iron Hands|32\/100\n|move|p1a: Iron Hands|Thunder Punch|p2a: Tyranitar\n|-supereffective|p2a: Tyranitar\n|-damage|p2a: Tyranitar|0 fnt\n|faint|p2a: Tyranitar\n|cant|p2b: Amoonguss|frz\n|\n|-weather|Snow|[upkeep]\n|upkeep\n|turn|11\n|\n|t:|1700371851\n|cant|p2b: Amoonguss|frz\n|move|p1a: Iron Hands|Swords Dance|p1a: Iron Hands\n|-boost|p1a: Iron Hands|atk|2\n|\n|-weather|Snow|[upkeep]\n|upkeep\n|turn|12\n|\n|t:|1700371858\n|cant|p2b: Amoonguss|frz\n|move|p1a: Iron Hands|Drain Punch|p2b: Amoonguss\n|-resisted|p2b: Amoonguss\n|-damage|p2b: Amoonguss|0 fnt\n|-heal|p1a: Iron Hands|51\/100|[from] drain|[of] p2b: Amoonguss\n|-damage|p1a: Iron Hands|35\/100|[from] item: Rocky Helmet|[of] p2b: Amoonguss\n|faint|p2b: Amoonguss\n|\n|win|GucciSoup\n|raw|GucciSoup's rating: 1356 &rarr; <strong>1370<\/strong><br \/>(+14 for winning)\n|raw|bixbi's rating: 1244 &rarr; <strong>1227<\/strong><br \/>(-17 for losing)\n|l|\u2606bixbi\n","uploadtime":1700371869,"views":9,"p1id":"guccisoup","p2id":"bixbi","formatid":"gen9vgc2023regulatione","rating":1227,"private":0,"password":""}