{"id":"gen9vgc2023regulatione-1991684395","p1":"WillieDangerously","p2":"patamons","format":"[Gen 9] VGC 2023 Regulation E","log":"|j|\u2606WillieDangerously\n|j|\u2606patamons\n|t:|1700102377\n|gametype|doubles\n|player|p1|WillieDangerously|101|1168\n|player|p2|patamons|169|1136\n|teamsize|p1|6\n|teamsize|p2|6\n|gen|9\n|tier|[Gen 9] VGC 2023 Regulation E\n|rated|\n|rule|Species Clause: Limit one of each Pok\u00e9mon\n|rule|Item Clause: Limit one of each item\n|clearpoke\n|poke|p1|Iron Hands, L50|\n|poke|p1|Iron Bundle, L50|\n|poke|p1|Sinistcha, L50|\n|poke|p1|Landorus-Therian, L50, M|\n|poke|p1|Heatran, L50, F|\n|poke|p1|Ninetales-Alola, L50, M|\n|poke|p2|Lurantis, L50, M|\n|poke|p2|Riolu, L50, F|\n|poke|p2|Flutter Mane, L50|\n|poke|p2|Roaring Moon, L50|\n|poke|p2|Rillaboom, L50, M|\n|poke|p2|Chi-Yu, L50|\n|teampreview|4\n|inactive|Battle timer is ON: inactive players will automatically lose when time's up. (requested by patamons)\n|\n|t:|1700102408\n|start\n|switch|p1a: Iron Bundle|Iron Bundle, L50|100\/100\n|switch|p1b: Ninetales|Ninetales-Alola, L50, M|100\/100\n|switch|p2a: Riolu|Riolu, L50, F|100\/100\n|switch|p2b: Roaring Moon|Roaring Moon, L50|100\/100\n|-weather|Snow|[from] ability: Snow Warning|[of] p1b: Ninetales\n|-enditem|p1a: Iron Bundle|Booster Energy\n|-activate|p1a: Iron Bundle|ability: Quark Drive|[fromitem]\n|-start|p1a: Iron Bundle|quarkdrivespe\n|turn|1\n|inactive|WillieDangerously has 30 seconds left.\n|\n|t:|1700102437\n|-terastallize|p1a: Iron Bundle|Ice\n|-terastallize|p2b: Roaring Moon|Fairy\n|move|p2a: Riolu|Sunny Day|p2a: Riolu\n|-weather|SunnyDay\n|-activate|p2b: Roaring Moon|ability: Protosynthesis\n|-start|p2b: Roaring Moon|protosynthesisatk\n|move|p1a: Iron Bundle|Blizzard|p2b: Roaring Moon|[spread] p2a\n|-miss|p1a: Iron Bundle|p2b: Roaring Moon\n|-enditem|p2a: Riolu|Focus Sash\n|-damage|p2a: Riolu|1\/100\n|move|p2b: Roaring Moon|Dragon Dance|p2b: Roaring Moon\n|-boost|p2b: Roaring Moon|atk|1\n|-boost|p2b: Roaring Moon|spe|1\n|move|p1b: Ninetales|Aurora Veil||[still]\n|-fail|p1b: Ninetales\n|\n|-weather|SunnyDay|[upkeep]\n|upkeep\n|turn|2\n|inactive|patamons has 30 seconds left.\n|\n|t:|1700102466\n|switch|p1b: Landorus|Landorus-Therian, L50, M|100\/100\n|-ability|p1b: Landorus|Intimidate|boost\n|-unboost|p2a: Riolu|atk|1\n|-fail|p2b: Roaring Moon|unboost|[from] item: Clear Amulet|[of] p2b: Roaring Moon\n|move|p2a: Riolu|Howl|p2a: Riolu|[spread] p2a,p2b\n|-boost|p2a: Riolu|atk|1\n|-boost|p2b: Roaring Moon|atk|1\n|move|p1a: Iron Bundle|Icy Wind|p2a: Riolu|[spread] p2a,p2b\n|-damage|p2a: Riolu|0 fnt\n|-damage|p2b: Roaring Moon|71\/100\n|faint|p2a: Riolu\n|move|p2b: Roaring Moon|Knock Off|p1b: Landorus\n|-damage|p1b: Landorus|0 fnt\n|-enditem|p1b: Landorus|Clear Amulet|[from] move: Knock Off|[of] p2b: Roaring Moon\n|faint|p1b: Landorus\n|\n|-weather|SunnyDay|[upkeep]\n|upkeep\n|\n|t:|1700102485\n|switch|p1b: Ninetales|Ninetales-Alola, L50, M|100\/100\n|switch|p2a: Flutter Mane|Flutter Mane, L50|100\/100\n|-activate|p2a: Flutter Mane|ability: Protosynthesis\n|-start|p2a: Flutter Mane|protosynthesisspe\n|-weather|Snow|[from] ability: Snow Warning|[of] p1b: Ninetales\n|-end|p2b: Roaring Moon|Protosynthesis\n|-end|p2a: Flutter Mane|Protosynthesis\n|-enditem|p2a: Flutter Mane|Booster Energy\n|-activate|p2a: Flutter Mane|ability: Protosynthesis|[fromitem]\n|-start|p2a: Flutter Mane|protosynthesisspe\n|turn|3\n|inactive|WillieDangerously has 30 seconds left.\n|inactive|WillieDangerously has 20 seconds left.\n|\n|t:|1700102520\n|move|p1a: Iron Bundle|Blizzard|p2a: Flutter Mane|[spread] p2a,p2b\n|-damage|p2a: Flutter Mane|44\/100\n|-damage|p2b: Roaring Moon|16\/100\n|-status|p2b: Roaring Moon|frz\n|move|p2a: Flutter Mane|Moonblast|p1b: Ninetales\n|-damage|p1b: Ninetales|45\/100\n|cant|p2b: Roaring Moon|frz\n|move|p1b: Ninetales|Blizzard|p2a: Flutter Mane|[spread] p2a,p2b\n|-damage|p2a: Flutter Mane|18\/100\n|-damage|p2b: Roaring Moon|0 fnt\n|faint|p2b: Roaring Moon\n|-end|p2b: Roaring Moon|Protosynthesis|[silent]\n|\n|-weather|Snow|[upkeep]\n|upkeep\n|\n|t:|1700102530\n|switch|p2b: Lurantis|Lurantis, L50, M|100\/100\n|turn|4\n|\n|t:|1700102537\n|move|p1a: Iron Bundle|Blizzard|p2a: Flutter Mane|[spread] p2a,p2b\n|-supereffective|p2b: Lurantis\n|-damage|p2a: Flutter Mane|0 fnt\n|-damage|p2b: Lurantis|42\/100\n|faint|p2a: Flutter Mane\n|-end|p2a: Flutter Mane|Protosynthesis|[silent]\n|move|p1b: Ninetales|Aurora Veil|p1b: Ninetales\n|-sidestart|p1: WillieDangerously|move: Aurora Veil\n|move|p2b: Lurantis|Superpower|p1a: Iron Bundle\n|-supereffective|p1a: Iron Bundle\n|-damage|p1a: Iron Bundle|68\/100\n|-boost|p2b: Lurantis|atk|1\n|-boost|p2b: Lurantis|def|1\n|\n|-weather|Snow|[upkeep]\n|upkeep\n|turn|5\n|\n|t:|1700102548\n|move|p1a: Iron Bundle|Blizzard|p2b: Lurantis\n|-supereffective|p2b: Lurantis\n|-damage|p2b: Lurantis|0 fnt\n|faint|p2b: Lurantis\n|\n|win|WillieDangerously\n|raw|WillieDangerously's rating: 1168 &rarr; <strong>1191<\/strong><br \/>(+23 for winning)\n|raw|patamons's rating: 1136 &rarr; <strong>1113<\/strong><br \/>(-23 for losing)\n|l|\u2606patamons\n","uploadtime":1700102553,"views":19,"p1id":"williedangerously","p2id":"patamons","formatid":"gen9vgc2023regulatione","rating":1113,"private":0,"password":""}