{"id":"gen9vgc2023regulatione-1989367132","p1":"Xjay121","p2":"british loser","format":"[Gen 9] VGC 2023 Regulation E","log":"|j|\u2606Xjay121\n|j|\u2606british loser\n|t:|1699841429\n|gametype|doubles\n|player|p1|Xjay121|265|1303\n|player|p2|british loser|169|1224\n|teamsize|p1|6\n|teamsize|p2|6\n|gen|9\n|tier|[Gen 9] VGC 2023 Regulation E\n|rated|\n|rule|Species Clause: Limit one of each Pok\u00e9mon\n|rule|Item Clause: Limit one of each item\n|clearpoke\n|poke|p1|Ninetales-Alola, L50, F|\n|poke|p1|Goodra-Hisui, L50, M|\n|poke|p1|Indeedee-F, L50, F|\n|poke|p1|Iron Hands, L50|\n|poke|p1|Armarouge, L50, M|\n|poke|p1|Vaporeon, L50, M|\n|poke|p2|Charizard, L50, F|\n|poke|p2|Inteleon, L50, M|\n|poke|p2|Rillaboom, L50, F|\n|poke|p2|Chien-Pao, L50|\n|poke|p2|Dragapult, L50, M|\n|poke|p2|Tornadus, L50, M|\n|teampreview|4\n|inactive|Battle timer is ON: inactive players will automatically lose when time's up. (requested by british loser)\n|inactive|Xjay121 has 60 seconds left.\n|\n|t:|1699841484\n|start\n|switch|p1a: Iron Hands|Iron Hands, L50|100\/100\n|switch|p1b: Armarouge|Armarouge, L50, M|100\/100\n|switch|p2a: Inteleon|Inteleon, L50, M|100\/100\n|switch|p2b: Tornadus|Tornadus, L50, M|100\/100\n|turn|1\n|\n|t:|1699841503\n|switch|p1b: Goodra|Goodra-Hisui, L50, M|100\/100\n|-terastallize|p2a: Inteleon|Water\n|move|p2b: Tornadus|Taunt|p1b: Goodra\n|-start|p1b: Goodra|move: Taunt\n|move|p2a: Inteleon|Snipe Shot|p1b: Goodra\n|-resisted|p1b: Goodra\n|-damage|p1b: Goodra|73\/100\n|move|p1a: Iron Hands|Wild Charge|p2b: Tornadus\n|-supereffective|p2b: Tornadus\n|-damage|p2b: Tornadus|0 fnt\n|-damage|p1a: Iron Hands|84\/100|[from] item: Rocky Helmet|[of] p2b: Tornadus\n|faint|p2b: Tornadus\n|-damage|p1a: Iron Hands|65\/100|[from] Recoil\n|\n|upkeep\n|\n|t:|1699841518\n|switch|p2b: Rillaboom|Rillaboom, L50, F|100\/100\n|-fieldstart|move: Grassy Terrain|[from] ability: Grassy Surge|[of] p2b: Rillaboom\n|turn|2\n|\n|t:|1699841536\n|switch|p1b: Indeedee|Indeedee-F, L50, F|100\/100\n|-fieldstart|move: Psychic Terrain|[from] ability: Psychic Surge|[of] p1b: Indeedee\n|-enditem|p1b: Indeedee|Psychic Seed\n|-boost|p1b: Indeedee|spd|1|[from] item: Psychic Seed\n|move|p2b: Rillaboom|Fake Out|p1a: Iron Hands\n|-activate|p1a: Iron Hands|move: Psychic Terrain\n|move|p2a: Inteleon|Snipe Shot|p1b: Indeedee\n|-damage|p1b: Indeedee|45\/100\n|move|p1a: Iron Hands|Volt Switch|p2a: Inteleon\n|-supereffective|p2a: Inteleon\n|-damage|p2a: Inteleon|58\/100\n|\n|t:|1699841550\n|-end|p1a: Iron Hands|Quark Drive|[silent]\n|switch|p1a: Armarouge|Armarouge, L50, M|100\/100|[from] Volt Switch\n|\n|upkeep\n|turn|3\n|\n|t:|1699841558\n|move|p1b: Indeedee|Follow Me|p1b: Indeedee\n|-singleturn|p1b: Indeedee|move: Follow Me\n|move|p2a: Inteleon|Snipe Shot|p1a: Armarouge\n|-supereffective|p1a: Armarouge\n|-damage|p1a: Armarouge|0 fnt\n|faint|p1a: Armarouge\n|move|p2b: Rillaboom|Wood Hammer|p1b: Indeedee\n|-damage|p1b: Indeedee|0 fnt\n|faint|p1b: Indeedee\n|-damage|p2b: Rillaboom|87\/100|[from] Recoil\n|\n|upkeep\n|\n|t:|1699841568\n|switch|p1a: Goodra|Goodra-Hisui, L50, M|73\/100\n|switch|p1b: Iron Hands|Iron Hands, L50|65\/100\n|turn|4\n|\n|t:|1699841580\n|move|p2a: Inteleon|Snipe Shot|p1a: Goodra\n|-resisted|p1a: Goodra\n|-damage|p1a: Goodra|49\/100\n|move|p2b: Rillaboom|Wood Hammer|p1b: Iron Hands\n|-damage|p1b: Iron Hands|14\/100\n|-damage|p2b: Rillaboom|65\/100|[from] Recoil\n|move|p1a: Goodra|Shelter|p1a: Goodra\n|-boost|p1a: Goodra|def|2\n|move|p1b: Iron Hands|Drain Punch|p2a: Inteleon\n|-damage|p2a: Inteleon|0 fnt\n|-heal|p1b: Iron Hands|31\/100|[from] drain|[of] p2a: Inteleon\n|faint|p2a: Inteleon\n|\n|upkeep\n|\n|t:|1699841587\n|switch|p2a: Dragapult|Dragapult, L50, M|100\/100\n|turn|5\n|\n|t:|1699841598\n|move|p2a: Dragapult|Dragon Darts|p1b: Iron Hands\n|-damage|p1b: Iron Hands|4\/100\n|-anim|p2a: Dragapult|Dragon Darts|p1a: Goodra\n|-damage|p1a: Goodra|35\/100\n|move|p2b: Rillaboom|Wood Hammer|p1a: Goodra\n|-resisted|p1a: Goodra\n|-damage|p1a: Goodra|29\/100\n|-damage|p2b: Rillaboom|48\/100|[from] item: Rocky Helmet|[of] p1a: Goodra\n|-damage|p2b: Rillaboom|46\/100|[from] Recoil\n|move|p1a: Goodra|Shelter|p1a: Goodra\n|-boost|p1a: Goodra|def|2\n|move|p1b: Iron Hands|Drain Punch|p2b: Rillaboom\n|-damage|p2b: Rillaboom|4\/100\n|-heal|p1b: Iron Hands|20\/100|[from] drain|[of] p2b: Rillaboom\n|\n|upkeep\n|turn|6\n|\n|t:|1699841617\n|move|p2a: Dragapult|Dragon Darts|p1b: Iron Hands\n|-damage|p1b: Iron Hands|0 fnt\n|-anim|p2a: Dragapult|Dragon Darts|p1a: Goodra\n|-damage|p1a: Goodra|19\/100\n|faint|p1b: Iron Hands\n|-end|p1b: Iron Hands|Quark Drive|[silent]\n|move|p2b: Rillaboom|Wood Hammer|p1a: Goodra\n|-resisted|p1a: Goodra\n|-damage|p1a: Goodra|15\/100\n|-damage|p2b: Rillaboom|0 fnt|[from] item: Rocky Helmet|[of] p1a: Goodra\n|faint|p2b: Rillaboom\n|move|p1a: Goodra|Life Dew|p1a: Goodra\n|-heal|p1a: Goodra|40\/100\n|\n|-fieldend|move: Psychic Terrain\n|upkeep\n|turn|7\n|\n|t:|1699841630\n|move|p2a: Dragapult|Dragon Darts|p1a: Goodra\n|-damage|p1a: Goodra|30\/100\n|-anim|p2a: Dragapult|Dragon Darts|p1a: Goodra\n|-damage|p1a: Goodra|21\/100\n|move|p1a: Goodra|Life Dew|p1a: Goodra\n|-heal|p1a: Goodra|46\/100\n|\n|upkeep\n|turn|8\n|\n|t:|1699841638\n|move|p2a: Dragapult|Dragon Darts|p1a: Goodra\n|-damage|p1a: Goodra|37\/100\n|-anim|p2a: Dragapult|Dragon Darts|p1a: Goodra\n|-damage|p1a: Goodra|27\/100\n|move|p1a: Goodra|Life Dew|p1a: Goodra\n|-heal|p1a: Goodra|52\/100\n|\n|upkeep\n|turn|9\n|\n|t:|1699841644\n|move|p2a: Dragapult|Dragon Darts|p1a: Goodra\n|-damage|p1a: Goodra|42\/100\n|-anim|p2a: Dragapult|Dragon Darts|p1a: Goodra\n|-damage|p1a: Goodra|32\/100\n|move|p1a: Goodra|Life Dew|p1a: Goodra\n|-heal|p1a: Goodra|57\/100\n|\n|upkeep\n|turn|10\n|\n|t:|1699841652\n|move|p2a: Dragapult|Dragon Darts|p1a: Goodra\n|-damage|p1a: Goodra|48\/100\n|-anim|p2a: Dragapult|Dragon Darts|p1a: Goodra\n|-damage|p1a: Goodra|38\/100\n|move|p1a: Goodra|Life Dew|p1a: Goodra\n|-heal|p1a: Goodra|63\/100\n|\n|upkeep\n|turn|11\n|-message|british loser forfeited.\n|\n|win|Xjay121\n|raw|Xjay121's rating: 1303 &rarr; <strong>1319<\/strong><br \/>(+16 for winning)\n|raw|british loser's rating: 1224 &rarr; <strong>1205<\/strong><br \/>(-19 for losing)\n|l|\u2606british loser\n","uploadtime":1699841662,"views":36,"p1id":"xjay121","p2id":"britishloser","formatid":"gen9vgc2023regulatione","rating":1205,"private":0,"password":""}