{"id":"gen9vgc2023regulatione-1994473525","p1":"Oniflen","p2":"Kzjrjzk","format":"[Gen 9] VGC 2023 Regulation E","log":"|j|\u2606Oniflen\n|j|\u2606Kzjrjzk\n|t:|1700448017\n|gametype|doubles\n|player|p1|Oniflen|265|1122\n|player|p2|Kzjrjzk|lance|1091\n|teamsize|p1|6\n|teamsize|p2|6\n|gen|9\n|tier|[Gen 9] VGC 2023 Regulation E\n|rated|\n|rule|Species Clause: Limit one of each Pok\u00e9mon\n|rule|Item Clause: Limit one of each item\n|clearpoke\n|poke|p1|Ninetales-Alola, L50, M|\n|poke|p1|Iron Bundle, L50|\n|poke|p1|Annihilape, L50, M|\n|poke|p1|Flutter Mane, L50|\n|poke|p1|Rillaboom, L50, M|\n|poke|p1|Ogerpon-Hearthflame, L50, F|\n|poke|p2|Flutter Mane, L50|\n|poke|p2|Tornadus, L50, M|\n|poke|p2|Rillaboom, L50, M|\n|poke|p2|Garganacl, L50, F|\n|poke|p2|Arcanine-Hisui, L50, F|\n|poke|p2|Chien-Pao, L50|\n|teampreview|4\n|inactive|Battle timer is ON: inactive players will automatically lose when time's up. (requested by Kzjrjzk)\n|\n|t:|1700448065\n|start\n|switch|p1a: Ninetales|Ninetales-Alola, L50, M|100\/100\n|switch|p1b: Iron Bundle|Iron Bundle, L50|100\/100\n|switch|p2a: Tornadus|Tornadus, L50, M|100\/100\n|switch|p2b: Garganacl|Garganacl, L50, F|100\/100\n|-weather|Snow|[from] ability: Snow Warning|[of] p1a: Ninetales\n|-enditem|p1b: Iron Bundle|Booster Energy\n|-activate|p1b: Iron Bundle|ability: Quark Drive|[fromitem]\n|-start|p1b: Iron Bundle|quarkdrivespe\n|turn|1\n|\n|t:|1700448080\n|-terastallize|p1a: Ninetales|Ground\n|-terastallize|p2b: Garganacl|Ghost\n|move|p2a: Tornadus|Sunny Day|p2a: Tornadus\n|-weather|SunnyDay\n|move|p1b: Iron Bundle|Blizzard|p2b: Garganacl|[spread] p2a,p2b\n|-supereffective|p2a: Tornadus\n|-crit|p2b: Garganacl\n|-damage|p2a: Tornadus|38\/100\n|-damage|p2b: Garganacl|64\/100\n|move|p1a: Ninetales|Aurora Veil||[still]\n|-fail|p1a: Ninetales\n|move|p2b: Garganacl|Salt Cure|p1b: Iron Bundle\n|-supereffective|p1b: Iron Bundle\n|-damage|p1b: Iron Bundle|70\/100\n|-start|p1b: Iron Bundle|Salt Cure\n|\n|-weather|SunnyDay|[upkeep]\n|-damage|p1b: Iron Bundle|45\/100|[from] Salt Cure\n|upkeep\n|turn|2\n|\n|t:|1700448097\n|switch|p1a: Rillaboom|Rillaboom, L50, M|100\/100\n|-fieldstart|move: Grassy Terrain|[from] ability: Grassy Surge|[of] p1a: Rillaboom\n|move|p2a: Tornadus|Tailwind|p2a: Tornadus\n|-sidestart|p2: Kzjrjzk|move: Tailwind\n|move|p1b: Iron Bundle|Encore|p2a: Tornadus\n|-start|p2a: Tornadus|Encore\n|move|p2b: Garganacl|Iron Defense|p2b: Garganacl\n|-boost|p2b: Garganacl|def|2\n|\n|-weather|SunnyDay|[upkeep]\n|-heal|p1b: Iron Bundle|51\/100|[from] Grassy Terrain\n|-heal|p2b: Garganacl|70\/100|[from] Grassy Terrain\n|-damage|p1b: Iron Bundle|26\/100|[from] Salt Cure\n|upkeep\n|turn|3\n|inactive|Oniflen has 30 seconds left.\n|\n|t:|1700448125\n|switch|p2a: Arcanine|Arcanine-Hisui, L50, F|100\/100\n|-ability|p2a: Arcanine|Intimidate|boost\n|-unboost|p1a: Rillaboom|atk|1\n|-unboost|p1b: Iron Bundle|atk|1\n|move|p1b: Iron Bundle|Freeze-Dry|p1a: Rillaboom\n|-supereffective|p1a: Rillaboom\n|-damage|p1a: Rillaboom|50\/100\n|move|p2b: Garganacl|Iron Defense|p2b: Garganacl\n|-boost|p2b: Garganacl|def|2\n|move|p1a: Rillaboom|Wood Hammer|p2b: Garganacl\n|-damage|p2b: Garganacl|56\/100\n|-damage|p1a: Rillaboom|45\/100|[from] Recoil\n|\n|-weather|SunnyDay|[upkeep]\n|-heal|p1b: Iron Bundle|32\/100|[from] Grassy Terrain\n|-heal|p2b: Garganacl|62\/100|[from] Grassy Terrain\n|-heal|p1a: Rillaboom|51\/100|[from] Grassy Terrain\n|-damage|p1b: Iron Bundle|7\/100|[from] Salt Cure\n|upkeep\n|turn|4\n|\n|t:|1700448148\n|switch|p2a: Tornadus|Tornadus, L50, M|38\/100\n|move|p1b: Iron Bundle|Freeze-Dry|p2b: Garganacl\n|-damage|p2b: Garganacl|40\/100\n|-enditem|p2b: Garganacl|Sitrus Berry|[eat]\n|-heal|p2b: Garganacl|65\/100|[from] item: Sitrus Berry\n|move|p2b: Garganacl|Recover|p2b: Garganacl\n|-heal|p2b: Garganacl|100\/100\n|move|p1a: Rillaboom|Wood Hammer|p2b: Garganacl\n|-damage|p2b: Garganacl|88\/100\n|-damage|p1a: Rillaboom|47\/100|[from] Recoil\n|\n|-weather|SunnyDay|[upkeep]\n|-heal|p1b: Iron Bundle|13\/100|[from] Grassy Terrain\n|-heal|p2b: Garganacl|94\/100|[from] Grassy Terrain\n|-heal|p1a: Rillaboom|53\/100|[from] Grassy Terrain\n|-damage|p1b: Iron Bundle|0 fnt|[from] Salt Cure\n|faint|p1b: Iron Bundle\n|-end|p1b: Iron Bundle|Quark Drive|[silent]\n|upkeep\n|\n|t:|1700448159\n|switch|p1b: Ninetales|Ninetales-Alola, L50, M, tera:Ground|100\/100\n|-weather|Snow|[from] ability: Snow Warning|[of] p1b: Ninetales\n|turn|5\n|\n|t:|1700448177\n|move|p2a: Tornadus|Taunt|p1b: Ninetales\n|-start|p1b: Ninetales|move: Taunt\n|move|p1b: Ninetales|Moonblast|p2a: Tornadus\n|-damage|p2a: Tornadus|0 fnt\n|faint|p2a: Tornadus\n|-damage|p1b: Ninetales|91\/100|[from] item: Life Orb\n|move|p2b: Garganacl|Salt Cure|p1b: Ninetales\n|-resisted|p1b: Ninetales\n|-damage|p1b: Ninetales|82\/100\n|-start|p1b: Ninetales|Salt Cure\n|move|p1a: Rillaboom|Knock Off|p2b: Garganacl\n|-supereffective|p2b: Garganacl\n|-damage|p2b: Garganacl|86\/100\n|\n|-weather|Snow|[upkeep]\n|-heal|p1b: Ninetales|87\/100|[from] Grassy Terrain\n|-heal|p2b: Garganacl|92\/100|[from] Grassy Terrain\n|-heal|p1a: Rillaboom|59\/100|[from] Grassy Terrain\n|-damage|p1b: Ninetales|75\/100|[from] Salt Cure\n|-sideend|p2: Kzjrjzk|move: Tailwind\n|upkeep\n|\n|t:|1700448182\n|switch|p2a: Chien-Pao|Chien-Pao, L50|100\/100\n|-ability|p2a: Chien-Pao|Sword of Ruin\n|turn|6\n|\n|t:|1700448193\n|move|p2a: Chien-Pao|Ice Spinner|p1b: Ninetales\n|-supereffective|p1b: Ninetales\n|-damage|p1b: Ninetales|0 fnt\n|-fieldend|move: Grassy Terrain\n|faint|p1b: Ninetales\n|move|p1a: Rillaboom|Wood Hammer|p2a: Chien-Pao\n|-damage|p2a: Chien-Pao|64\/100\n|-damage|p1a: Rillaboom|50\/100|[from] Recoil\n|move|p2b: Garganacl|Iron Defense|p2b: Garganacl\n|-boost|p2b: Garganacl|def|2\n|\n|-weather|Snow|[upkeep]\n|upkeep\n|\n|t:|1700448196\n|switch|p1b: Annihilape|Annihilape, L50, M|100\/100\n|turn|7\n|\n|t:|1700448210\n|move|p2a: Chien-Pao|Ice Spinner|p1a: Rillaboom\n|-supereffective|p1a: Rillaboom\n|-damage|p1a: Rillaboom|0 fnt\n|faint|p1a: Rillaboom\n|move|p1b: Annihilape|Bulk Up|p1b: Annihilape\n|-boost|p1b: Annihilape|atk|1\n|-boost|p1b: Annihilape|def|1\n|move|p2b: Garganacl|Salt Cure|p1b: Annihilape\n|-resisted|p1b: Annihilape\n|-damage|p1b: Annihilape|95\/100\n|-start|p1b: Annihilape|Salt Cure\n|\n|-weather|Snow|[upkeep]\n|-heal|p1b: Annihilape|100\/100|[from] item: Leftovers\n|-damage|p1b: Annihilape|88\/100|[from] Salt Cure\n|upkeep\n|turn|8\n|\n|t:|1700448217\n|move|p2a: Chien-Pao|Protect|p2a: Chien-Pao\n|-singleturn|p2a: Chien-Pao|Protect\n|move|p2b: Garganacl|Protect|p2b: Garganacl\n|-singleturn|p2b: Garganacl|Protect\n|move|p1b: Annihilape|Bulk Up|p1b: Annihilape\n|-boost|p1b: Annihilape|atk|1\n|-boost|p1b: Annihilape|def|1\n|\n|-weather|Snow|[upkeep]\n|-heal|p1b: Annihilape|94\/100|[from] item: Leftovers\n|-damage|p1b: Annihilape|82\/100|[from] Salt Cure\n|upkeep\n|turn|9\n|\n|t:|1700448231\n|move|p2b: Garganacl|Protect|p2b: Garganacl\n|-singleturn|p2b: Garganacl|Protect\n|move|p2a: Chien-Pao|Sucker Punch|p1b: Annihilape\n|-damage|p1b: Annihilape|57\/100\n|move|p1b: Annihilape|Drain Punch|p2a: Chien-Pao\n|-supereffective|p2a: Chien-Pao\n|-damage|p2a: Chien-Pao|0 fnt\n|-heal|p1b: Annihilape|80\/100|[from] drain|[of] p2a: Chien-Pao\n|faint|p2a: Chien-Pao\n|\n|-weather|none\n|-heal|p1b: Annihilape|87\/100|[from] item: Leftovers\n|-damage|p1b: Annihilape|74\/100|[from] Salt Cure\n|upkeep\n|\n|t:|1700448235\n|switch|p2a: Arcanine|Arcanine-Hisui, L50, F|100\/100\n|-ability|p2a: Arcanine|Intimidate|boost\n|-unboost|p1b: Annihilape|atk|1\n|-ability|p1b: Annihilape|Defiant|boost\n|-boost|p1b: Annihilape|atk|2\n|turn|10\n|\n|t:|1700448257\n|move|p2b: Garganacl|Protect||[still]\n|-fail|p2b: Garganacl\n|move|p2a: Arcanine|Flare Blitz|p1b: Annihilape\n|-damage|p1b: Annihilape|33\/100\n|-damage|p2a: Arcanine|84\/100|[from] Recoil\n|move|p1b: Annihilape|Rage Fist|p2b: Garganacl\n|-supereffective|p2b: Garganacl\n|-damage|p2b: Garganacl|55\/100\n|\n|-heal|p1b: Annihilape|39\/100|[from] item: Leftovers\n|-damage|p1b: Annihilape|27\/100|[from] Salt Cure\n|upkeep\n|turn|11\n|\n|t:|1700448270\n|move|p2a: Arcanine|Flare Blitz|p1b: Annihilape\n|-damage|p1b: Annihilape|0 fnt\n|faint|p1b: Annihilape\n|-damage|p2a: Arcanine|73\/100|[from] Recoil\n|\n|win|Kzjrjzk\n|raw|Oniflen's rating: 1122 &rarr; <strong>1093<\/strong><br \/>(-29 for losing)\n|raw|Kzjrjzk's rating: 1064 &rarr; <strong>1099<\/strong><br \/>(+35 for winning)\n","uploadtime":1700448274,"views":8,"p1id":"oniflen","p2id":"kzjrjzk","formatid":"gen9vgc2023regulatione","rating":1093,"private":0,"password":""}