{"id":"gen9vgc2023regulatione-1992800270","p1":"Un muret","p2":"alezinho","format":"[Gen 9] VGC 2023 Regulation E","log":"|j|\u2606Un muret\n|j|\u2606alezinho\n|t:|1700236545\n|gametype|doubles\n|player|p1|Un muret|zinzolin|1272\n|player|p2|alezinho|waiter-gen4dp|1362\n|teamsize|p1|6\n|teamsize|p2|6\n|gen|9\n|tier|[Gen 9] VGC 2023 Regulation E\n|rated|\n|rule|Species Clause: Limit one of each Pok\u00e9mon\n|rule|Item Clause: Limit one of each item\n|clearpoke\n|poke|p1|Annihilape, L50, F|\n|poke|p1|Farigiraf, L50, F|\n|poke|p1|Iron Hands, L50|\n|poke|p1|Ursaluna-Bloodmoon, L50, M|\n|poke|p1|Amoonguss, L50, M|\n|poke|p1|Enamorus-Therian, L50, F|\n|poke|p2|Urshifu-*, L50, M|\n|poke|p2|Rillaboom, L50, M|\n|poke|p2|Tornadus, L50, M|\n|poke|p2|Amoonguss, L50, M|\n|poke|p2|Ditto, L50|\n|poke|p2|Arcanine-Hisui, L50, M|\n|teampreview|4\n|inactive|Battle timer is ON: inactive players will automatically lose when time's up. (requested by alezinho)\n|inactive|Un muret also wants the timer to be on.\n|inactive|alezinho has 60 seconds left.\n|\n|t:|1700236590\n|start\n|switch|p1a: Farigiraf|Farigiraf, L50, F|100\/100\n|switch|p1b: Iron Hands|Iron Hands, L50|100\/100\n|switch|p2a: Tornadus|Tornadus, L50, M, shiny|100\/100\n|switch|p2b: Rillaboom|Rillaboom, L50, M, shiny|100\/100\n|-fieldstart|move: Grassy Terrain|[from] ability: Grassy Surge|[of] p2b: Rillaboom\n|turn|1\n|\n|t:|1700236605\n|-terastallize|p2b: Rillaboom|Grass\n|move|p1b: Iron Hands|Fake Out|p2a: Tornadus\n|-damage|p2a: Tornadus|75\/100\n|move|p2a: Tornadus|Bleakwind Storm|p1b: Iron Hands|[spread] p1a,p1b\n|-damage|p1a: Farigiraf|66\/100\n|-damage|p1b: Iron Hands|78\/100\n|move|p2b: Rillaboom|Wood Hammer|p1a: Farigiraf\n|-damage|p1a: Farigiraf|0 fnt\n|faint|p1a: Farigiraf\n|-damage|p2b: Rillaboom|72\/100|[from] Recoil\n|-damage|p2b: Rillaboom|63\/100|[from] item: Life Orb\n|\n|-heal|p2b: Rillaboom|68\/100|[from] Grassy Terrain\n|-heal|p1b: Iron Hands|84\/100|[from] Grassy Terrain\n|upkeep\n|\n|t:|1700236618\n|switch|p1a: Enamorus|Enamorus-Therian, L50, F|100\/100\n|turn|2\n|\n|t:|1700236629\n|move|p2a: Tornadus|Taunt|p1a: Enamorus\n|-start|p1a: Enamorus|move: Taunt\n|move|p2b: Rillaboom|Wood Hammer|p1b: Iron Hands\n|-damage|p1b: Iron Hands|0 fnt\n|faint|p1b: Iron Hands\n|-end|p1b: Iron Hands|Quark Drive|[silent]\n|-damage|p2b: Rillaboom|29\/100|[from] Recoil\n|-damage|p2b: Rillaboom|19\/100|[from] item: Life Orb\n|move|p1a: Enamorus|Dazzling Gleam|p2b: Rillaboom|[spread] p2a,p2b\n|-damage|p2a: Tornadus|9\/100\n|-damage|p2b: Rillaboom|0 fnt\n|faint|p2b: Rillaboom\n|-damage|p1a: Enamorus|91\/100|[from] item: Life Orb\n|\n|upkeep\n|\n|t:|1700236648\n|switch|p2b: Ditto|Ditto, L50, shiny|100\/100\n|switch|p1b: Ursaluna|Ursaluna-Bloodmoon, L50, M|100\/100\n|-transform|p2b: Ditto|p1a: Enamorus|[from] ability: Imposter\n|turn|3\n|\n|t:|1700236661\n|move|p2a: Tornadus|Tailwind|p2a: Tornadus\n|-sidestart|p2: alezinho|move: Tailwind\n|move|p2b: Ditto|Focus Blast|p1b: Ursaluna\n|-supereffective|p1b: Ursaluna\n|-damage|p1b: Ursaluna|0 fnt\n|faint|p1b: Ursaluna\n|move|p1a: Enamorus|Moonblast|p2b: Ditto\n|-damage|p2b: Ditto|17\/100\n|-unboost|p2b: Ditto|spa|1\n|-enditem|p2b: Ditto|Sitrus Berry|[eat]\n|-heal|p2b: Ditto|42\/100|[from] item: Sitrus Berry\n|-damage|p1a: Enamorus|81\/100|[from] item: Life Orb\n|\n|upkeep\n|turn|4\n|\n|t:|1700236681\n|switch|p2a: Amoonguss|Amoonguss, L50, M, shiny|100\/100\n|-terastallize|p1a: Enamorus|Fairy\n|move|p2b: Ditto|Moonblast|p1a: Enamorus\n|-damage|p1a: Enamorus|41\/100\n|-unboost|p1a: Enamorus|spa|1\n|move|p1a: Enamorus|Dazzling Gleam|p2b: Ditto|[spread] p2a,p2b\n|-resisted|p2a: Amoonguss\n|-damage|p2a: Amoonguss|87\/100\n|-damage|p2b: Ditto|0 fnt\n|faint|p2b: Ditto\n|-damage|p1a: Enamorus|31\/100|[from] item: Life Orb\n|\n|-heal|p2a: Amoonguss|93\/100|[from] Grassy Terrain\n|-heal|p1a: Enamorus|37\/100|[from] Grassy Terrain\n|-end|p1a: Enamorus|move: Taunt\n|upkeep\n|\n|t:|1700236691\n|switch|p2b: Tornadus|Tornadus, L50, M, shiny|9\/100\n|turn|5\n|\n|t:|1700236705\n|move|p2b: Tornadus|Icy Wind|p1a: Enamorus\n|-damage|p1a: Enamorus|20\/100\n|-unboost|p1a: Enamorus|spe|1\n|move|p2a: Amoonguss|Giga Drain|p1a: Enamorus\n|-damage|p1a: Enamorus|0 fnt\n|-heal|p2a: Amoonguss|100\/100|[from] drain|[of] p1a: Enamorus\n|faint|p1a: Enamorus\n|\n|win|alezinho\n|raw|Un muret's rating: 1272 &rarr; <strong>1253<\/strong><br \/>(-19 for losing)\n|raw|alezinho's rating: 1362 &rarr; <strong>1377<\/strong><br \/>(+15 for winning)\n|l|\u2606Un muret\n","uploadtime":1700236715,"views":12,"p1id":"unmuret","p2id":"alezinho","formatid":"gen9vgc2023regulatione","rating":1253,"private":0,"password":""}