{"id":"gen9vgc2023regulatione-1998348737","p1":"Tyranichunk","p2":"merzeory","format":"[Gen 9] VGC 2023 Regulation E","log":"|j|\u2606Tyranichunk\n|j|\u203dmerzeory\n|t:|1700932330\n|gametype|doubles\n|player|p1|Tyranichunk|hilbert|1537\n|player|p2|merzeory|dawn|1624\n|teamsize|p1|6\n|teamsize|p2|6\n|gen|9\n|tier|[Gen 9] VGC 2023 Regulation E\n|rated|\n|rule|Species Clause: Limit one of each Pok\u00e9mon\n|rule|Item Clause: Limit one of each item\n|clearpoke\n|poke|p1|Dondozo, L50, M|\n|poke|p1|Tatsugiri, L50, M|\n|poke|p1|Ninetales-Alola, L50, F|\n|poke|p1|Glimmora, L50, F|\n|poke|p1|Ogerpon-Hearthflame, L50, F|\n|poke|p1|Iron Hands, L50|\n|poke|p2|Roaring Moon, L50|\n|poke|p2|Milotic, L50, M|\n|poke|p2|Landorus-Therian, L50, M|\n|poke|p2|Flutter Mane, L50|\n|poke|p2|Iron Hands, L50|\n|poke|p2|Ogerpon-Hearthflame, L50, F|\n|teampreview|4\n|inactive|Battle timer is ON: inactive players will automatically lose when time's up. (requested by merzeory)\n|inactive|Tyranichunk also wants the timer to be on.\n|inactive|merzeory has 60 seconds left.\n|\n|t:|1700932374\n|start\n|switch|p1a: BurpleNurple|Glimmora, L50, F|100\/100\n|switch|p1b: Panini|Ninetales-Alola, L50, F|100\/100\n|switch|p2a: Flutter Mane|Flutter Mane, L50|100\/100\n|switch|p2b: Landorus|Landorus-Therian, L50, M|100\/100\n|-ability|p2b: Landorus|Intimidate|boost\n|-unboost|p1a: BurpleNurple|atk|1\n|-unboost|p1b: Panini|atk|1\n|-weather|Snow|[from] ability: Snow Warning|[of] p1b: Panini\n|turn|1\n|inactive|Tyranichunk has 30 seconds left.\n|\n|t:|1700932409\n|switch|p2b: Iron Hands|Iron Hands, L50|100\/100\n|-terastallize|p1a: BurpleNurple|Grass\n|move|p2a: Flutter Mane|Substitute|p2a: Flutter Mane\n|-start|p2a: Flutter Mane|Substitute\n|-damage|p2a: Flutter Mane|76\/100\n|move|p1b: Panini|Aurora Veil|p1b: Panini\n|-sidestart|p1: Tyranichunk|move: Aurora Veil\n|move|p1a: BurpleNurple|Mortal Spin|p2b: Iron Hands|[spread] p2a,p2b\n|-activate|p2a: Flutter Mane|move: Substitute|[damage]\n|-damage|p2b: Iron Hands|99\/100\n|-status|p2b: Iron Hands|psn\n|\n|-weather|Snow|[upkeep]\n|-damage|p2b: Iron Hands|87\/100 psn|[from] psn\n|upkeep\n|turn|2\n|inactive|Tyranichunk has 30 seconds left.\n|inactive|merzeory has 30 seconds left.\n|\n|t:|1700932436\n|move|p1b: Panini|Protect|p1b: Panini\n|-singleturn|p1b: Panini|Protect\n|move|p1a: BurpleNurple|Spiky Shield|p1a: BurpleNurple\n|-singleturn|p1a: BurpleNurple|move: Protect\n|move|p2b: Iron Hands|Fake Out|p1b: Panini\n|-activate|p1b: Panini|move: Protect\n|move|p2a: Flutter Mane|Moonblast|p1a: BurpleNurple\n|-activate|p1a: BurpleNurple|move: Protect\n|\n|-weather|Snow|[upkeep]\n|-damage|p2b: Iron Hands|75\/100 psn|[from] psn\n|upkeep\n|turn|3\n|inactive|Tyranichunk has 30 seconds left.\n|\n|t:|1700932470\n|move|p2a: Flutter Mane|Moonblast|p1a: BurpleNurple\n|-damage|p1a: BurpleNurple|55\/100\n|move|p1b: Panini|Blizzard|p2b: Iron Hands|[spread] p2a,p2b\n|-end|p2a: Flutter Mane|Substitute\n|-damage|p2b: Iron Hands|62\/100 psn\n|move|p1a: BurpleNurple|Mortal Spin|p2b: Iron Hands|[spread] p2a,p2b\n|-damage|p2a: Flutter Mane|72\/100\n|-damage|p2b: Iron Hands|60\/100 psn\n|-status|p2a: Flutter Mane|psn\n|move|p2b: Iron Hands|Heavy Slam|p1b: Panini\n|-supereffective|p1b: Panini\n|-damage|p1b: Panini|12\/100\n|\n|-weather|Snow|[upkeep]\n|-damage|p2a: Flutter Mane|59\/100 psn|[from] psn\n|-damage|p2b: Iron Hands|48\/100 psn|[from] psn\n|upkeep\n|turn|4\n|inactive|Tyranichunk has 30 seconds left.\n|inactive|merzeory has 30 seconds left.\n|inactive|Tyranichunk has 20 seconds left.\n|inactive|Tyranichunk has 15 seconds left.\n|\n|t:|1700932515\n|switch|p1a: Endive|Ogerpon-Hearthflame, L50, F|100\/100\n|-ability|p1a: Endive|Mold Breaker\n|-terastallize|p2a: Flutter Mane|Fairy\n|move|p2a: Flutter Mane|Moonblast|p1a: Endive\n|-resisted|p1a: Endive\n|-damage|p1a: Endive|77\/100\n|move|p1b: Panini|Moonblast|p2b: Iron Hands\n|-supereffective|p2b: Iron Hands\n|-damage|p2b: Iron Hands|18\/100 psn\n|move|p2b: Iron Hands|Wild Charge|p1b: Panini\n|-damage|p1b: Panini|0 fnt\n|faint|p1b: Panini\n|-damage|p2b: Iron Hands|16\/100 psn|[from] Recoil\n|\n|-weather|Snow|[upkeep]\n|-damage|p2a: Flutter Mane|47\/100 psn|[from] psn\n|-damage|p2b: Iron Hands|3\/100 psn|[from] psn\n|upkeep\n|\n|t:|1700932539\n|switch|p1b: Gazpacho|Iron Hands, L50|100\/100\n|turn|5\n|\n|t:|1700932549\n|move|p1b: Gazpacho|Fake Out|p2b: Iron Hands\n|-damage|p2b: Iron Hands|0 fnt\n|faint|p2b: Iron Hands\n|-end|p2b: Iron Hands|Quark Drive|[silent]\n|move|p2a: Flutter Mane|Substitute|p2a: Flutter Mane\n|-start|p2a: Flutter Mane|Substitute\n|-damage|p2a: Flutter Mane|22\/100 psn\n|move|p1a: Endive|Ivy Cudgel|p2a: Flutter Mane|[anim] Ivy Cudgel Fire\n|-end|p2a: Flutter Mane|Substitute\n|\n|-weather|none\n|-damage|p2a: Flutter Mane|9\/100 psn|[from] psn\n|upkeep\n|\n|t:|1700932552\n|switch|p2b: Landorus|Landorus-Therian, L50, M|100\/100\n|-ability|p2b: Landorus|Intimidate|boost\n|-unboost|p1a: Endive|atk|1\n|-unboost|p1b: Gazpacho|atk|1\n|turn|6\n|inactive|Tyranichunk has 30 seconds left.\n|inactive|merzeory has 30 seconds left.\n|inactive|merzeory has 20 seconds left.\n|\n|t:|1700932591\n|move|p2a: Flutter Mane|Protect|p2a: Flutter Mane\n|-singleturn|p2a: Flutter Mane|Protect\n|move|p1a: Endive|Spiky Shield|p1a: Endive\n|-singleturn|p1a: Endive|move: Protect\n|move|p2b: Landorus|Stomping Tantrum|p1a: Endive\n|-activate|p1a: Endive|move: Protect\n|-damage|p2b: Landorus|88\/100|[from] Spiky Shield|[of] p1a: Endive\n|move|p1b: Gazpacho|Drain Punch|p2b: Landorus\n|-resisted|p2b: Landorus\n|-damage|p2b: Landorus|74\/100\n|\n|-damage|p2a: Flutter Mane|0 fnt|[from] psn\n|faint|p2a: Flutter Mane\n|-end|p2a: Flutter Mane|Protosynthesis|[silent]\n|upkeep\n|\n|t:|1700932595\n|switch|p2a: Milotic|Milotic, L50, M|100\/100\n|turn|7\n|j| hyjhghhkjj\n|inactive|Tyranichunk has 30 seconds left.\n|\n|t:|1700932629\n|move|p2b: Landorus|Stomping Tantrum|p1b: Gazpacho\n|-supereffective|p1b: Gazpacho\n|-damage|p1b: Gazpacho|62\/100\n|move|p1a: Endive|Swords Dance|p1a: Endive\n|-boost|p1a: Endive|atk|2\n|move|p2a: Milotic|Icy Wind|p1b: Gazpacho|[spread] p1a,p1b\n|-damage|p1a: Endive|69\/100\n|-damage|p1b: Gazpacho|57\/100\n|-unboost|p1a: Endive|spe|1\n|-unboost|p1b: Gazpacho|spe|1\n|move|p1b: Gazpacho|Wild Charge|p2a: Milotic\n|-supereffective|p2a: Milotic\n|-damage|p2a: Milotic|34\/100\n|-damage|p1b: Gazpacho|44\/100|[from] Recoil\n|\n|-heal|p2a: Milotic|40\/100|[from] item: Leftovers\n|upkeep\n|turn|8\n|inactive|Tyranichunk has 30 seconds left.\n|\n|t:|1700932659\n|-end|p1b: Gazpacho|Quark Drive|[silent]\n|switch|p1b: BurpleNurple|Glimmora, L50, F, tera:Grass|55\/100\n|move|p2b: Landorus|Stomping Tantrum|p1b: BurpleNurple\n|-resisted|p1b: BurpleNurple\n|-damage|p1b: BurpleNurple|40\/100\n|-activate|p1b: BurpleNurple|ability: Toxic Debris\n|-sidestart|p2: merzeory|move: Toxic Spikes\n|-enditem|p1b: BurpleNurple|Sitrus Berry|[eat]\n|-heal|p1b: BurpleNurple|65\/100|[from] item: Sitrus Berry\n|move|p2a: Milotic|Icy Wind|p1a: Endive|[spread] p1a,p1b\n|-supereffective|p1b: BurpleNurple\n|-damage|p1a: Endive|62\/100\n|-damage|p1b: BurpleNurple|49\/100\n|-unboost|p1a: Endive|spe|1\n|-unboost|p1b: BurpleNurple|spe|1\n|move|p1a: Endive|Ivy Cudgel|p2b: Landorus|[anim] Ivy Cudgel Fire\n|-damage|p2b: Landorus|0 fnt\n|faint|p2b: Landorus\n|\n|-heal|p2a: Milotic|46\/100|[from] item: Leftovers\n|-sideend|p1: Tyranichunk|move: Aurora Veil\n|upkeep\n|turn|9\n|-message|merzeory forfeited.\n|\n|win|Tyranichunk\n|raw|Tyranichunk's rating: 1537 &rarr; <strong>1562<\/strong><br \/>(+25 for winning)\n|raw|merzeory's rating: 1624 &rarr; <strong>1599<\/strong><br \/>(-25 for losing)\n|l|\u203dmerzeory\n","uploadtime":1700932681,"views":4,"p1id":"tyranichunk","p2id":"merzeory","formatid":"gen9vgc2023regulatione","rating":1562,"private":0,"password":""}