{"id":"gen9vgc2023regulatione-1994176048","p1":"PunkRockObstagoon","p2":"japangemu","format":"[Gen 9] VGC 2023 Regulation E","log":"|j|\u2606PunkRockObstagoon\n|j|\u2606japangemu\n|t:|1700415574\n|gametype|doubles\n|player|p1|PunkRockObstagoon|hilbert|1492\n|player|p2|japangemu|101|1419\n|teamsize|p1|6\n|teamsize|p2|6\n|gen|9\n|tier|[Gen 9] VGC 2023 Regulation E\n|rated|\n|rule|Species Clause: Limit one of each Pok\u00e9mon\n|rule|Item Clause: Limit one of each item\n|clearpoke\n|poke|p1|Spinarak, L50, M|\n|poke|p1|Tatsugiri-Droopy, L50, M|\n|poke|p1|Lurantis, L50, F|\n|poke|p1|Mimikyu, L50, F|\n|poke|p1|Farigiraf, L50, F|\n|poke|p1|Roaring Moon, L50|\n|poke|p2|Politoed, L50, F|\n|poke|p2|Clefairy, L50, M|\n|poke|p2|Sinistcha, L50|\n|poke|p2|Poliwrath, L50, M|\n|poke|p2|Pelipper, L50, M|\n|poke|p2|Thundurus, L50, M|\n|teampreview|4\n|inactive|Battle timer is ON: inactive players will automatically lose when time's up. (requested by PunkRockObstagoon)\n|inactive|japangemu has 60 seconds left.\n|\n|t:|1700415605\n|start\n|switch|p1a: Roaring Moon|Roaring Moon, L50|100\/100\n|switch|p1b: Farigiraf|Farigiraf, L50, F|100\/100\n|switch|p2a: Sinistcha|Sinistcha, L50|100\/100\n|switch|p2b: Poliwrath|Poliwrath, L50, M|100\/100\n|-enditem|p1a: Roaring Moon|Booster Energy\n|-activate|p1a: Roaring Moon|ability: Protosynthesis|[fromitem]\n|-start|p1a: Roaring Moon|protosynthesisspe\n|turn|1\n|\n|t:|1700415619\n|-terastallize|p2b: Poliwrath|Fire\n|move|p1a: Roaring Moon|Breaking Swipe|p2a: Sinistcha|[spread] p2a,p2b\n|-damage|p2a: Sinistcha|81\/100\n|-damage|p2b: Poliwrath|80\/100\n|-unboost|p2a: Sinistcha|atk|1\n|-unboost|p2b: Poliwrath|atk|1\n|move|p2b: Poliwrath|Belly Drum|p2b: Poliwrath\n|-damage|p2b: Poliwrath|30\/100\n|-setboost|p2b: Poliwrath|atk|6|[from] move: Belly Drum\n|-enditem|p2b: Poliwrath|Sitrus Berry|[eat]\n|-heal|p2b: Poliwrath|55\/100|[from] item: Sitrus Berry\n|move|p1b: Farigiraf|Hyper Voice|p2a: Sinistcha|[spread] p2b\n|-immune|p2a: Sinistcha\n|-damage|p2b: Poliwrath|22\/100\n|move|p2a: Sinistcha|Trick Room|p2a: Sinistcha\n|-fieldstart|move: Trick Room|[of] p2a: Sinistcha\n|\n|-heal|p2a: Sinistcha|88\/100|[from] item: Leftovers\n|upkeep\n|turn|2\n|inactive|PunkRockObstagoon has 30 seconds left.\n|inactive|PunkRockObstagoon has 20 seconds left.\n|\n|t:|1700415656\n|switch|p2a: Clefairy|Clefairy, L50, M|100\/100\n|move|p2b: Poliwrath|Protect|p2b: Poliwrath\n|-singleturn|p2b: Poliwrath|Protect\n|move|p1b: Farigiraf|Hyper Voice|p2a: Clefairy|[spread] p2a\n|-activate|p2b: Poliwrath|move: Protect\n|-damage|p2a: Clefairy|72\/100\n|move|p1a: Roaring Moon|Knock Off|p2a: Clefairy\n|-resisted|p2a: Clefairy\n|-damage|p2a: Clefairy|52\/100\n|-enditem|p2a: Clefairy|Eviolite|[from] move: Knock Off|[of] p1a: Roaring Moon\n|\n|upkeep\n|turn|3\n|\n|t:|1700415672\n|switch|p2a: Sinistcha|Sinistcha, L50|88\/100\n|-heal|p2b: Poliwrath|47\/100|[from] ability: Hospitality|[of] p2a: Sinistcha\n|-end|p1a: Roaring Moon|Protosynthesis|[silent]\n|switch|p1a: Mimikyu|Mimikyu, L50, F|100\/100\n|move|p1b: Farigiraf|Hyper Voice|p2a: Sinistcha|[spread] p2b\n|-immune|p2a: Sinistcha\n|-damage|p2b: Poliwrath|14\/100\n|move|p2b: Poliwrath|Drain Punch|p1a: Mimikyu\n|-immune|p1a: Mimikyu\n|\n|-heal|p2a: Sinistcha|94\/100|[from] item: Leftovers\n|upkeep\n|turn|4\n|\n|t:|1700415688\n|move|p2b: Poliwrath|Protect|p2b: Poliwrath\n|-singleturn|p2b: Poliwrath|Protect\n|move|p1b: Farigiraf|Hyper Voice|p2b: Poliwrath|[spread] \n|-activate|p2b: Poliwrath|move: Protect\n|-immune|p2a: Sinistcha\n|move|p2a: Sinistcha|Matcha Gotcha|p1b: Farigiraf|[spread] p1a,p1b\n|-activate|p1a: Mimikyu|ability: Disguise\n|-damage|p1a: Mimikyu|100\/100\n|-damage|p1b: Farigiraf|70\/100\n|-heal|p2a: Sinistcha|100\/100|[from] drain|[of] p1b: Farigiraf\n|detailschange|p1a: Mimikyu|Mimikyu-Busted, L50, F\n|-damage|p1a: Mimikyu|88\/100|[from] pokemon: Mimikyu-Busted\n|move|p1a: Mimikyu|Shadow Claw|p2a: Sinistcha\n|-supereffective|p2a: Sinistcha\n|-crit|p2a: Sinistcha\n|-damage|p2a: Sinistcha|6\/100\n|\n|-heal|p2a: Sinistcha|12\/100|[from] item: Leftovers\n|upkeep\n|turn|5\n|inactive|japangemu has 30 seconds left.\n|\n|t:|1700415714\n|switch|p1b: Roaring Moon|Roaring Moon, L50|100\/100\n|switch|p2a: Clefairy|Clefairy, L50, M|52\/100\n|move|p1a: Mimikyu|Shadow Claw|p2b: Poliwrath\n|-crit|p2b: Poliwrath\n|-damage|p2b: Poliwrath|0 fnt\n|faint|p2b: Poliwrath\n|\n|-fieldend|move: Trick Room\n|upkeep\n|-message|japangemu forfeited.\n|\n|win|PunkRockObstagoon\n|raw|PunkRockObstagoon's rating: 1469 &rarr; <strong>1486<\/strong><br \/>(+17 for winning)\n|raw|japangemu's rating: 1419 &rarr; <strong>1402<\/strong><br \/>(-17 for losing)\n|l|\u2606japangemu\n","uploadtime":1700415734,"views":4,"p1id":"punkrockobstagoon","p2id":"japangemu","formatid":"gen9vgc2023regulatione","rating":1402,"private":0,"password":""}