{"id":"gen9vgc2023regulatione-1991412599","p1":"zcarpy","p2":"Kzjehzk","format":"[Gen 9] VGC 2023 Regulation E","log":"|j|\u2606zcarpy\n|j|\u2606Kzjehzk\n|t:|1700074964\n|gametype|doubles\n|player|p1|zcarpy|169|1034\n|player|p2|Kzjehzk|lance|1049\n|teamsize|p1|6\n|teamsize|p2|6\n|gen|9\n|tier|[Gen 9] VGC 2023 Regulation E\n|rated|\n|rule|Species Clause: Limit one of each Pok\u00e9mon\n|rule|Item Clause: Limit one of each item\n|clearpoke\n|poke|p1|Dragapult, L50, M|\n|poke|p1|Regieleki, L50|\n|poke|p1|Tornadus, L50, M|\n|poke|p1|Ogerpon-Cornerstone, L50, F|\n|poke|p1|Chien-Pao, L50|\n|poke|p1|Dusclops, L50, M|\n|poke|p2|Flutter Mane, L50|\n|poke|p2|Tornadus, L50, M|\n|poke|p2|Rillaboom, L50, M|\n|poke|p2|Garganacl, L50, M|\n|poke|p2|Arcanine-Hisui, L50, M|\n|poke|p2|Chien-Pao, L50|\n|teampreview|4\n|\n|t:|1700075001\n|start\n|switch|p1a: Tornadus|Tornadus, L50, M|100\/100\n|switch|p1b: Regieleki|Regieleki, L50|100\/100\n|switch|p2a: Tornadus|Tornadus, L50, M|100\/100\n|switch|p2b: Garganacl|Garganacl, L50, M|100\/100\n|turn|1\n|\n|t:|1700075018\n|move|p1a: Tornadus|Tailwind|p1a: Tornadus\n|-sidestart|p1: zcarpy|move: Tailwind\n|move|p1b: Regieleki|Electroweb|p2a: Tornadus|[spread] p2b\n|-miss|p1b: Regieleki|p2a: Tornadus\n|-damage|p2b: Garganacl|86\/100\n|-unboost|p2b: Garganacl|spe|1\n|move|p2a: Tornadus|Bleakwind Storm|p1b: Regieleki|[spread] p1a,p1b\n|-resisted|p1b: Regieleki\n|-damage|p1a: Tornadus|77\/100\n|-damage|p1b: Regieleki|68\/100\n|-unboost|p1a: Tornadus|spe|1\n|move|p2b: Garganacl|Salt Cure|p1b: Regieleki\n|-damage|p1b: Regieleki|39\/100\n|-start|p1b: Regieleki|Salt Cure\n|\n|-damage|p1b: Regieleki|26\/100|[from] Salt Cure\n|upkeep\n|turn|2\n|\n|t:|1700075035\n|move|p2b: Garganacl|Protect|p2b: Garganacl\n|-singleturn|p2b: Garganacl|Protect\n|move|p2a: Tornadus|Tailwind|p2a: Tornadus\n|-sidestart|p2: Kzjehzk|move: Tailwind\n|move|p1b: Regieleki|Thunder Cage|p2a: Tornadus\n|-supereffective|p2a: Tornadus\n|-damage|p2a: Tornadus|20\/100\n|-activate|p2a: Tornadus|move: Thunder Cage|[of] p1b: Regieleki\n|move|p1a: Tornadus|Bleakwind Storm|p2a: Tornadus|[spread] p2a\n|-activate|p2b: Garganacl|move: Protect\n|-damage|p2a: Tornadus|0 fnt\n|faint|p2a: Tornadus\n|\n|-damage|p1b: Regieleki|14\/100|[from] Salt Cure\n|upkeep\n|\n|t:|1700075047\n|switch|p2a: Rillaboom|Rillaboom, L50, M|100\/100\n|-fieldstart|move: Grassy Terrain|[from] ability: Grassy Surge|[of] p2a: Rillaboom\n|turn|3\n|\n|t:|1700075075\n|move|p2a: Rillaboom|Fake Out|p1a: Tornadus\n|-damage|p1a: Tornadus|60\/100\n|move|p1b: Regieleki|Electroweb|p2b: Garganacl|[spread] p2a,p2b\n|-resisted|p2a: Rillaboom\n|-damage|p2a: Rillaboom|92\/100\n|-damage|p2b: Garganacl|71\/100\n|-unboost|p2a: Rillaboom|spe|1\n|-unboost|p2b: Garganacl|spe|1\n|cant|p1a: Tornadus|flinch\n|move|p2b: Garganacl|Iron Defense|p2b: Garganacl\n|-boost|p2b: Garganacl|def|2\n|\n|-heal|p1b: Regieleki|20\/100|[from] Grassy Terrain\n|-heal|p2a: Rillaboom|98\/100|[from] Grassy Terrain\n|-heal|p2b: Garganacl|76\/100|[from] Grassy Terrain\n|-damage|p1b: Regieleki|8\/100|[from] Salt Cure\n|upkeep\n|turn|4\n|\n|t:|1700075092\n|move|p2a: Rillaboom|Grassy Glide|p1b: Regieleki\n|-damage|p1b: Regieleki|0 fnt\n|faint|p1b: Regieleki\n|move|p1a: Tornadus|Bleakwind Storm|p2a: Rillaboom|[spread] p2b\n|-miss|p1a: Tornadus|p2a: Rillaboom\n|-resisted|p2b: Garganacl\n|-damage|p2b: Garganacl|65\/100\n|move|p2b: Garganacl|Salt Cure|p1a: Tornadus\n|-supereffective|p1a: Tornadus\n|-damage|p1a: Tornadus|21\/100\n|-start|p1a: Tornadus|Salt Cure\n|-enditem|p1a: Tornadus|Sitrus Berry|[eat]\n|-heal|p1a: Tornadus|46\/100|[from] item: Sitrus Berry\n|\n|-heal|p2a: Rillaboom|100\/100|[from] Grassy Terrain\n|-heal|p2b: Garganacl|71\/100|[from] Grassy Terrain\n|-damage|p1a: Tornadus|33\/100|[from] Salt Cure\n|-sideend|p1: zcarpy|move: Tailwind\n|upkeep\n|\n|t:|1700075108\n|switch|p1b: Chien-Pao|Chien-Pao, L50|100\/100\n|-ability|p1b: Chien-Pao|Sword of Ruin\n|turn|5\n|\n|t:|1700075134\n|switch|p2a: Arcanine|Arcanine-Hisui, L50, M|100\/100\n|-ability|p2a: Arcanine|Intimidate|boost\n|-unboost|p1a: Tornadus|atk|1\n|-unboost|p1b: Chien-Pao|atk|1\n|-terastallize|p2b: Garganacl|Ghost\n|move|p1b: Chien-Pao|Protect|p1b: Chien-Pao\n|-singleturn|p1b: Chien-Pao|Protect\n|move|p1a: Tornadus|Tailwind|p1a: Tornadus\n|-sidestart|p1: zcarpy|move: Tailwind\n|move|p2b: Garganacl|Salt Cure|p1b: Chien-Pao\n|-activate|p1b: Chien-Pao|move: Protect\n|\n|-heal|p2b: Garganacl|77\/100|[from] Grassy Terrain\n|-damage|p1a: Tornadus|21\/100|[from] Salt Cure\n|-sideend|p2: Kzjehzk|move: Tailwind\n|upkeep\n|turn|6\n|\n|t:|1700075163\n|-terastallize|p1b: Chien-Pao|Dragon\n|move|p2a: Arcanine|Extreme Speed|p1b: Chien-Pao\n|-damage|p1b: Chien-Pao|48\/100\n|move|p1b: Chien-Pao|Sacred Sword|p2a: Arcanine\n|-supereffective|p2a: Arcanine\n|-damage|p2a: Arcanine|9\/100\n|-damage|p1b: Chien-Pao|38\/100|[from] item: Life Orb\n|move|p1a: Tornadus|Bleakwind Storm|p2a: Arcanine|[spread] p2a,p2b\n|-resisted|p2a: Arcanine\n|-damage|p2a: Arcanine|0 fnt\n|-damage|p2b: Garganacl|57\/100\n|faint|p2a: Arcanine\n|move|p2b: Garganacl|Salt Cure|p1b: Chien-Pao\n|-damage|p1b: Chien-Pao|19\/100\n|-start|p1b: Chien-Pao|Salt Cure\n|\n|-heal|p1b: Chien-Pao|24\/100|[from] Grassy Terrain\n|-heal|p2b: Garganacl|62\/100|[from] Grassy Terrain\n|-damage|p1b: Chien-Pao|12\/100|[from] Salt Cure\n|-damage|p1a: Tornadus|9\/100|[from] Salt Cure\n|upkeep\n|\n|t:|1700075178\n|switch|p2a: Rillaboom|Rillaboom, L50, M|100\/100\n|turn|7\n|\n|t:|1700075199\n|move|p2a: Rillaboom|Grassy Glide|p1b: Chien-Pao\n|-resisted|p1b: Chien-Pao\n|-damage|p1b: Chien-Pao|0 fnt\n|faint|p1b: Chien-Pao\n|move|p1a: Tornadus|Bleakwind Storm|p2a: Rillaboom|[spread] p2a\n|-miss|p1a: Tornadus|p2b: Garganacl\n|-supereffective|p2a: Rillaboom\n|-damage|p2a: Rillaboom|53\/100\n|-unboost|p2a: Rillaboom|spe|1\n|move|p2b: Garganacl|Recover|p2b: Garganacl\n|-heal|p2b: Garganacl|100\/100\n|\n|-heal|p2a: Rillaboom|59\/100|[from] Grassy Terrain\n|-damage|p1a: Tornadus|0 fnt|[from] Salt Cure\n|faint|p1a: Tornadus\n|-fieldend|move: Grassy Terrain\n|upkeep\n|\n|t:|1700075208\n|switch|p1b: Dragapult|Dragapult, L50, M|100\/100\n|turn|8\n|\n|t:|1700075216\n|move|p1b: Dragapult|Draco Meteor|p2b: Garganacl\n|-damage|p2b: Garganacl|58\/100\n|-unboost|p1b: Dragapult|spa|2\n|move|p2a: Rillaboom|Wood Hammer|p1b: Dragapult\n|-resisted|p1b: Dragapult\n|-damage|p1b: Dragapult|48\/100\n|-damage|p2a: Rillaboom|45\/100|[from] Recoil\n|move|p2b: Garganacl|Iron Defense|p2b: Garganacl\n|-boost|p2b: Garganacl|def|2\n|\n|-sideend|p1: zcarpy|move: Tailwind\n|upkeep\n|turn|9\n|-message|zcarpy forfeited.\n|\n|win|Kzjehzk\n|raw|zcarpy's rating: 1034 &rarr; <strong>1020<\/strong><br \/>(-14 for losing)\n|raw|Kzjehzk's rating: 1049 &rarr; <strong>1080<\/strong><br \/>(+31 for winning)\n|l|\u2606zcarpy\n","uploadtime":1700075230,"views":15,"p1id":"zcarpy","p2id":"kzjehzk","formatid":"gen9vgc2023regulatione","rating":1020,"private":0,"password":""}