{"id":"gen9vgc2023regulatione-1989935681","p1":"Saladcookie","p2":"CharlienoB","format":"[Gen 9] VGC 2023 Regulation E","log":"|j|\u2606Saladcookie\n|j|\u2606CharlienoB\n|t:|1699908155\n|gametype|doubles\n|player|p1|Saladcookie|266|1078\n|player|p2|CharlienoB|2|1174\n|teamsize|p1|6\n|teamsize|p2|6\n|gen|9\n|tier|[Gen 9] VGC 2023 Regulation E\n|rated|\n|rule|Species Clause: Limit one of each Pok\u00e9mon\n|rule|Item Clause: Limit one of each item\n|clearpoke\n|poke|p1|Arcanine-Hisui, L50, M|\n|poke|p1|Cresselia, L50, F|\n|poke|p1|Tyranitar, L50, F|\n|poke|p1|Rillaboom, L50, M|\n|poke|p1|Urshifu-*, L50, F|\n|poke|p1|Flutter Mane, L50|\n|poke|p2|Espathra, L50, M|\n|poke|p2|Chi-Yu, L50|\n|poke|p2|Empoleon, L50, M|\n|poke|p2|Rillaboom, L50, F|\n|poke|p2|Landorus-Therian, L50, M|\n|poke|p2|Okidogi, L50, M|\n|teampreview|4\n|\n|t:|1699908192\n|start\n|switch|p1a: Tyranitar|Tyranitar, L50, F|100\/100\n|switch|p1b: Arcanine|Arcanine-Hisui, L50, M|100\/100\n|switch|p2a: Rillaboom|Rillaboom, L50, F|100\/100\n|switch|p2b: Landorus|Landorus-Therian, L50, M|100\/100\n|-ability|p2b: Landorus|Intimidate|boost\n|-unboost|p1a: Tyranitar|atk|1\n|-unboost|p1b: Arcanine|atk|1\n|-fieldstart|move: Grassy Terrain|[from] ability: Grassy Surge|[of] p2a: Rillaboom\n|-ability|p1b: Arcanine|Intimidate|boost\n|-unboost|p2a: Rillaboom|atk|1\n|-unboost|p2b: Landorus|atk|1\n|-weather|Sandstorm|[from] ability: Sand Stream|[of] p1a: Tyranitar\n|turn|1\n|\n|t:|1699908220\n|switch|p1b: Cresselia|Cresselia, L50, F|100\/100\n|move|p2b: Landorus|Stomping Tantrum|p1b: Cresselia\n|-immune|p1b: Cresselia|[from] ability: Levitate\n|move|p2a: Rillaboom|U-turn|p1a: Tyranitar\n|-supereffective|p1a: Tyranitar\n|-damage|p1a: Tyranitar|74\/100\n|\n|t:|1699908230\n|switch|p2a: Chi-Yu|Chi-Yu, L50|100\/100|[from] U-turn\n|-ability|p2a: Chi-Yu|Beads of Ruin\n|move|p1a: Tyranitar|Knock Off|p2a: Chi-Yu\n|-resisted|p2a: Chi-Yu\n|-damage|p2a: Chi-Yu|85\/100\n|-enditem|p2a: Chi-Yu|Safety Goggles|[from] move: Knock Off|[of] p1a: Tyranitar\n|\n|-weather|Sandstorm|[upkeep]\n|-damage|p2a: Chi-Yu|79\/100|[from] Sandstorm\n|-damage|p1b: Cresselia|94\/100|[from] Sandstorm\n|-heal|p2a: Chi-Yu|85\/100|[from] Grassy Terrain\n|-heal|p1a: Tyranitar|80\/100|[from] Grassy Terrain\n|upkeep\n|turn|2\n|\n|t:|1699908254\n|switch|p1a: Arcanine|Arcanine-Hisui, L50, M|100\/100\n|-ability|p1a: Arcanine|Intimidate|boost\n|-unboost|p2a: Chi-Yu|atk|1\n|-unboost|p2b: Landorus|atk|1\n|move|p2b: Landorus|Stomping Tantrum|p1a: Arcanine\n|-supereffective|p1a: Arcanine\n|-damage|p1a: Arcanine|0 fnt\n|faint|p1a: Arcanine\n|move|p2a: Chi-Yu|Will-O-Wisp|p1b: Cresselia\n|-status|p1b: Cresselia|brn\n|move|p1b: Cresselia|Trick Room|p1b: Cresselia\n|-fieldstart|move: Trick Room|[of] p1b: Cresselia\n|\n|-weather|Sandstorm|[upkeep]\n|-damage|p1b: Cresselia|88\/100 brn|[from] Sandstorm\n|-damage|p2a: Chi-Yu|79\/100|[from] Sandstorm\n|-heal|p2a: Chi-Yu|85\/100|[from] Grassy Terrain\n|-damage|p1b: Cresselia|82\/100 brn|[from] brn\n|upkeep\n|\n|t:|1699908270\n|switch|p1a: Tyranitar|Tyranitar, L50, F|80\/100\n|turn|3\n|\n|t:|1699908291\n|switch|p2b: Espathra|Espathra, L50, M|100\/100\n|-terastallize|p2a: Chi-Yu|Water\n|move|p1a: Tyranitar|Rock Slide|p2b: Espathra|[spread] p2a,p2b\n|-damage|p2a: Chi-Yu|55\/100\n|-damage|p2b: Espathra|71\/100\n|move|p1b: Cresselia|Psychic|p2b: Espathra\n|-resisted|p2b: Espathra\n|-crit|p2b: Espathra\n|-damage|p2b: Espathra|44\/100\n|-enditem|p2b: Espathra|Sitrus Berry|[eat]\n|-heal|p2b: Espathra|69\/100|[from] item: Sitrus Berry\n|move|p2a: Chi-Yu|Will-O-Wisp|p1a: Tyranitar\n|-status|p1a: Tyranitar|brn\n|\n|-weather|Sandstorm|[upkeep]\n|-damage|p1b: Cresselia|76\/100 brn|[from] Sandstorm\n|-damage|p2a: Chi-Yu|49\/100|[from] Sandstorm\n|-damage|p2b: Espathra|63\/100|[from] Sandstorm\n|-heal|p1a: Tyranitar|86\/100 brn|[from] Grassy Terrain\n|-heal|p2a: Chi-Yu|55\/100|[from] Grassy Terrain\n|-heal|p2b: Espathra|69\/100|[from] Grassy Terrain\n|-damage|p1a: Tyranitar|80\/100 brn|[from] brn\n|-damage|p1b: Cresselia|70\/100 brn|[from] brn\n|upkeep\n|turn|4\n|\n|t:|1699908328\n|move|p1a: Tyranitar|Knock Off|p2b: Espathra\n|-supereffective|p2b: Espathra\n|-damage|p2b: Espathra|36\/100\n|move|p1b: Cresselia|Lunar Blessing|p1b: Cresselia|[spread] p1a,p1b\n|-heal|p1a: Tyranitar|100\/100 brn\n|-curestatus|p1a: Tyranitar|brn|[msg]\n|-heal|p1b: Cresselia|95\/100 brn\n|-curestatus|p1b: Cresselia|brn|[msg]\n|move|p2a: Chi-Yu|Overheat|p1b: Cresselia\n|-damage|p1b: Cresselia|53\/100\n|-unboost|p2a: Chi-Yu|spa|2\n|move|p2b: Espathra|Skill Swap|p1a: Tyranitar\n|-activate|p2b: Espathra|move: Skill Swap|Sand Stream|Speed Boost|[of] p1a: Tyranitar\n|\n|-weather|Sandstorm|[upkeep]\n|-damage|p1b: Cresselia|47\/100|[from] Sandstorm\n|-damage|p2a: Chi-Yu|49\/100|[from] Sandstorm\n|-damage|p2b: Espathra|30\/100|[from] Sandstorm\n|-heal|p2a: Chi-Yu|55\/100|[from] Grassy Terrain\n|-heal|p2b: Espathra|36\/100|[from] Grassy Terrain\n|-ability|p1a: Tyranitar|Speed Boost|boost\n|-boost|p1a: Tyranitar|spe|1\n|upkeep\n|turn|5\n|\n|t:|1699908357\n|move|p2a: Chi-Yu|Snarl|p1a: Tyranitar|[spread] p1b\n|-miss|p2a: Chi-Yu|p1a: Tyranitar\n|-supereffective|p1b: Cresselia\n|-damage|p1b: Cresselia|31\/100\n|-unboost|p1b: Cresselia|spa|1\n|move|p1a: Tyranitar|Rock Slide|p2a: Chi-Yu|[spread] p2a,p2b\n|-damage|p2a: Chi-Yu|23\/100\n|-damage|p2b: Espathra|7\/100\n|move|p2b: Espathra|Dazzling Gleam|p1a: Tyranitar|[spread] p1a,p1b\n|-supereffective|p1a: Tyranitar\n|-damage|p1a: Tyranitar|87\/100\n|-damage|p1b: Cresselia|19\/100\n|move|p1b: Cresselia|Trick Room|p1b: Cresselia\n|-fieldend|move: Trick Room\n|\n|-weather|none\n|-heal|p2b: Espathra|13\/100|[from] Grassy Terrain\n|-heal|p1a: Tyranitar|93\/100|[from] Grassy Terrain\n|-heal|p2a: Chi-Yu|29\/100|[from] Grassy Terrain\n|-fieldend|move: Grassy Terrain\n|-ability|p1a: Tyranitar|Speed Boost|boost\n|-boost|p1a: Tyranitar|spe|1\n|upkeep\n|turn|6\n|\n|t:|1699908398\n|move|p1a: Tyranitar|Rock Slide|p2a: Chi-Yu|[spread] p2b\n|-miss|p1a: Tyranitar|p2a: Chi-Yu\n|-damage|p2b: Espathra|0 fnt\n|faint|p2b: Espathra\n|move|p2a: Chi-Yu|Will-O-Wisp|p1a: Tyranitar|[miss]\n|-miss|p2a: Chi-Yu|p1a: Tyranitar\n|move|p1b: Cresselia|Icy Wind|p2a: Chi-Yu\n|-resisted|p2a: Chi-Yu\n|-damage|p2a: Chi-Yu|26\/100\n|-unboost|p2a: Chi-Yu|spe|1\n|\n|-ability|p1a: Tyranitar|Speed Boost|boost\n|-boost|p1a: Tyranitar|spe|1\n|upkeep\n|\n|t:|1699908412\n|switch|p2b: Rillaboom|Rillaboom, L50, F|100\/100\n|-fieldstart|move: Grassy Terrain|[from] ability: Grassy Surge|[of] p2b: Rillaboom\n|turn|7\n|\n|t:|1699908445\n|move|p2b: Rillaboom|Fake Out|p1a: Tyranitar\n|-resisted|p1a: Tyranitar\n|-damage|p1a: Tyranitar|88\/100\n|cant|p1a: Tyranitar|flinch\n|move|p1b: Cresselia|Lunar Blessing|p1b: Cresselia|[spread] p1a,p1b\n|-heal|p1a: Tyranitar|100\/100\n|-heal|p1b: Cresselia|45\/100\n|move|p2a: Chi-Yu|Overheat|p1b: Cresselia\n|-damage|p1b: Cresselia|20\/100\n|-unboost|p2a: Chi-Yu|spa|2\n|\n|-heal|p2a: Chi-Yu|32\/100|[from] Grassy Terrain\n|-ability|p1a: Tyranitar|Speed Boost|boost\n|-boost|p1a: Tyranitar|spe|1\n|upkeep\n|turn|8\n|\n|t:|1699908468\n|switch|p2a: Landorus|Landorus-Therian, L50, M|100\/100\n|-ability|p2a: Landorus|Intimidate|boost\n|-unboost|p1a: Tyranitar|atk|1\n|-unboost|p1b: Cresselia|atk|1\n|move|p2b: Rillaboom|Grassy Glide|p1b: Cresselia\n|-damage|p1b: Cresselia|0 fnt\n|faint|p1b: Cresselia\n|move|p1a: Tyranitar|Knock Off|p2b: Rillaboom\n|-damage|p2b: Rillaboom|63\/100\n|-enditem|p2b: Rillaboom|Assault Vest|[from] move: Knock Off|[of] p1a: Tyranitar\n|\n|-heal|p2b: Rillaboom|68\/100|[from] Grassy Terrain\n|-ability|p1a: Tyranitar|Speed Boost|boost\n|-boost|p1a: Tyranitar|spe|1\n|upkeep\n|\n|t:|1699908479\n|switch|p1b: Urshifu|Urshifu-Rapid-Strike, L50, F|100\/100\n|turn|9\n|\n|t:|1699908508\n|move|p2b: Rillaboom|Grassy Glide|p1a: Tyranitar\n|-supereffective|p1a: Tyranitar\n|-damage|p1a: Tyranitar|36\/100\n|move|p1a: Tyranitar|Rock Slide|p2b: Rillaboom|[spread] p2a,p2b\n|-damage|p2a: Landorus|79\/100\n|-damage|p2b: Rillaboom|46\/100\n|move|p2a: Landorus|U-turn|p1a: Tyranitar\n|-supereffective|p1a: Tyranitar\n|-damage|p1a: Tyranitar|0 fnt\n|faint|p1a: Tyranitar\n|\n|t:|1699908519\n|switch|p2a: Chi-Yu|Chi-Yu, L50, tera:Water|32\/100|[from] U-turn\n|-ability|p2a: Chi-Yu|Beads of Ruin\n|move|p1b: Urshifu|Close Combat|p2b: Rillaboom\n|-damage|p2b: Rillaboom|0 fnt\n|-unboost|p1b: Urshifu|def|1\n|-unboost|p1b: Urshifu|spd|1\n|faint|p2b: Rillaboom\n|\n|-heal|p2a: Chi-Yu|38\/100|[from] Grassy Terrain\n|upkeep\n|\n|t:|1699908532\n|switch|p2b: Landorus|Landorus-Therian, L50, M|79\/100\n|-ability|p2b: Landorus|Intimidate|boost\n|-unboost|p1b: Urshifu|atk|1\n|turn|10\n|\n|t:|1699908549\n|move|p1b: Urshifu|Detect|p1b: Urshifu\n|-singleturn|p1b: Urshifu|Protect\n|move|p2b: Landorus|Stomping Tantrum|p1b: Urshifu\n|-activate|p1b: Urshifu|move: Protect\n|move|p2a: Chi-Yu|Will-O-Wisp|p1b: Urshifu\n|-activate|p1b: Urshifu|move: Protect\n|\n|-heal|p2a: Chi-Yu|44\/100|[from] Grassy Terrain\n|upkeep\n|turn|11\n|\n|t:|1699908563\n|move|p2b: Landorus|Stomping Tantrum|p1b: Urshifu\n|-damage|p1b: Urshifu|36\/100\n|move|p1b: Urshifu|Surging Strikes|p2b: Landorus\n|-supereffective|p2b: Landorus\n|-crit|p2b: Landorus\n|-damage|p2b: Landorus|20\/100\n|-supereffective|p2b: Landorus\n|-crit|p2b: Landorus\n|-damage|p2b: Landorus|0 fnt\n|faint|p2b: Landorus\n|-hitcount|p2: Landorus|2\n|move|p2a: Chi-Yu|Will-O-Wisp|p1b: Urshifu\n|-status|p1b: Urshifu|brn\n|\n|-heal|p1b: Urshifu|42\/100 brn|[from] Grassy Terrain\n|-heal|p2a: Chi-Yu|50\/100|[from] Grassy Terrain\n|-damage|p1b: Urshifu|36\/100 brn|[from] brn\n|-fieldend|move: Grassy Terrain\n|upkeep\n|turn|12\n|\n|t:|1699908592\n|move|p1b: Urshifu|Surging Strikes|p2a: Chi-Yu\n|-resisted|p2a: Chi-Yu\n|-crit|p2a: Chi-Yu\n|-damage|p2a: Chi-Yu|45\/100\n|-resisted|p2a: Chi-Yu\n|-crit|p2a: Chi-Yu\n|-damage|p2a: Chi-Yu|39\/100\n|-resisted|p2a: Chi-Yu\n|-crit|p2a: Chi-Yu\n|-damage|p2a: Chi-Yu|34\/100\n|-hitcount|p2a: Chi-Yu|3\n|move|p2a: Chi-Yu|Overheat|p1b: Urshifu\n|-resisted|p1b: Urshifu\n|-damage|p1b: Urshifu|0 fnt\n|-unboost|p2a: Chi-Yu|spa|2\n|faint|p1b: Urshifu\n|\n|win|CharlienoB\n|raw|Saladcookie's rating: 1078 &rarr; <strong>1062<\/strong><br \/>(-16 for losing)\n|raw|CharlienoB's rating: 1174 &rarr; <strong>1192<\/strong><br \/>(+18 for winning)\n|l|\u2606Saladcookie\n","uploadtime":1699908604,"views":17,"p1id":"saladcookie","p2id":"charlienob","formatid":"gen9vgc2023regulatione","rating":1062,"private":0,"password":""}