{"id":"gen9vgc2023regulatione-1989409185","p1":"heybeatme","p2":"RheaRipleyVGC","format":"[Gen 9] VGC 2023 Regulation E","log":"|j|\u2606heybeatme\n|j|\u2606RheaRipleyVGC\n|t:|1699846522\n|gametype|doubles\n|player|p1|heybeatme|265|1449\n|player|p2|RheaRipleyVGC|rocketgruntf|1582\n|teamsize|p1|6\n|teamsize|p2|6\n|gen|9\n|tier|[Gen 9] VGC 2023 Regulation E\n|rated|\n|rule|Species Clause: Limit one of each Pok\u00e9mon\n|rule|Item Clause: Limit one of each item\n|clearpoke\n|poke|p1|Ogerpon-Wellspring, L50, F|\n|poke|p1|Flutter Mane, L50|\n|poke|p1|Chi-Yu, L50|\n|poke|p1|Landorus-Therian, L50, M|\n|poke|p1|Dragonite, L50, M|\n|poke|p1|Drifblim, L50, M|\n|poke|p2|Iron Hands, L50|\n|poke|p2|Landorus-Therian, L50, M|\n|poke|p2|Chi-Yu, L50|\n|poke|p2|Flutter Mane, L50|\n|poke|p2|Cresselia, L50, F|\n|poke|p2|Amoonguss, L50, M|\n|teampreview|4\n|inactive|Battle timer is ON: inactive players will automatically lose when time's up. (requested by RheaRipleyVGC)\nRheaRipleyVGC has agreed to open team sheets.\n|inactive|heybeatme has 60 seconds left.\n|\n|t:|1699846562\n|start\n|switch|p1a: Flutter Mane|Flutter Mane, L50|100\/100\n|switch|p1b: Chi-Yu|Chi-Yu, L50|100\/100\n|switch|p2a: Flutter Mane|Flutter Mane, L50|100\/100\n|switch|p2b: Chi-Yu|Chi-Yu, L50|100\/100\n|-ability|p1b: Chi-Yu|Beads of Ruin\n|-ability|p2b: Chi-Yu|Beads of Ruin\n|-enditem|p2a: Flutter Mane|Booster Energy\n|-activate|p2a: Flutter Mane|ability: Protosynthesis|[fromitem]\n|-start|p2a: Flutter Mane|protosynthesisspe\n|-enditem|p1a: Flutter Mane|Booster Energy\n|-activate|p1a: Flutter Mane|ability: Protosynthesis|[fromitem]\n|-start|p1a: Flutter Mane|protosynthesisspe\n|turn|1\n|inactive|RheaRipleyVGC has 30 seconds left.\n|\n|t:|1699846589\n|-terastallize|p1a: Flutter Mane|Fairy\n|move|p2a: Flutter Mane|Protect|p2a: Flutter Mane\n|-singleturn|p2a: Flutter Mane|Protect\n|move|p1b: Chi-Yu|Protect|p1b: Chi-Yu\n|-singleturn|p1b: Chi-Yu|Protect\n|move|p1a: Flutter Mane|Icy Wind|p2a: Flutter Mane|[spread] p2b\n|-activate|p2a: Flutter Mane|move: Protect\n|-resisted|p2b: Chi-Yu\n|-crit|p2b: Chi-Yu\n|-damage|p2b: Chi-Yu|90\/100\n|-unboost|p2b: Chi-Yu|spe|1\n|move|p2b: Chi-Yu|Overheat|p1a: Flutter Mane\n|-damage|p1a: Flutter Mane|0 fnt\n|-unboost|p2b: Chi-Yu|spa|2\n|faint|p1a: Flutter Mane\n|-end|p1a: Flutter Mane|Protosynthesis|[silent]\n|\n|upkeep\n|inactive|heybeatme has 30 seconds left.\n|\n|t:|1699846618\n|switch|p1a: Landorus|Landorus-Therian, L50, M|100\/100\n|-ability|p1a: Landorus|Intimidate|boost\n|-unboost|p2a: Flutter Mane|atk|1\n|-unboost|p2b: Chi-Yu|atk|1\n|turn|2\n|\n|t:|1699846628\n|move|p1a: Landorus|Protect|p1a: Landorus\n|-singleturn|p1a: Landorus|Protect\n|move|p2a: Flutter Mane|Icy Wind|p1b: Chi-Yu|[spread] p1b\n|-activate|p1a: Landorus|move: Protect\n|-resisted|p1b: Chi-Yu\n|-damage|p1b: Chi-Yu|92\/100\n|-unboost|p1b: Chi-Yu|spe|1\n|move|p1b: Chi-Yu|Flamethrower|p2a: Flutter Mane\n|-damage|p2a: Flutter Mane|42\/100\n|move|p2b: Chi-Yu|Overheat|p1a: Landorus\n|-activate|p1a: Landorus|move: Protect\n|\n|upkeep\n|turn|3\n|\n|t:|1699846644\n|-end|p2a: Flutter Mane|Protosynthesis|[silent]\n|switch|p2a: Iron Hands|Iron Hands, L50|100\/100\n|switch|p2b: Cresselia|Cresselia, L50, F|100\/100\n|move|p1b: Chi-Yu|Protect|p1b: Chi-Yu\n|-singleturn|p1b: Chi-Yu|Protect\n|move|p1a: Landorus|Earthquake|p2a: Iron Hands|[spread] p2a\n|-activate|p1b: Chi-Yu|move: Protect\n|-immune|p2b: Cresselia|[from] ability: Levitate\n|-supereffective|p2a: Iron Hands\n|-damage|p2a: Iron Hands|51\/100\n|\n|upkeep\n|turn|4\n|\n|t:|1699846667\n|switch|p1b: Dragonite|Dragonite, L50, M|100\/100\n|move|p2a: Iron Hands|Fake Out|p1b: Dragonite\n|-damage|p1b: Dragonite|85\/100\n|move|p1a: Landorus|Earthquake|p2b: Cresselia|[spread] p2a\n|-immune|p1b: Dragonite\n|-immune|p2b: Cresselia|[from] ability: Levitate\n|-supereffective|p2a: Iron Hands\n|-damage|p2a: Iron Hands|0 fnt\n|faint|p2a: Iron Hands\n|-end|p2a: Iron Hands|Quark Drive|[silent]\n|move|p2b: Cresselia|Ice Beam|p1a: Landorus\n|-supereffective|p1a: Landorus\n|-damage|p1a: Landorus|7\/100\n|\n|upkeep\n|j| PcistaMasterRace\n|\n|t:|1699846688\n|switch|p2a: Flutter Mane|Flutter Mane, L50|42\/100\n|turn|5\n|\n|t:|1699846701\n|move|p1a: Landorus|Protect|p1a: Landorus\n|-singleturn|p1a: Landorus|Protect\n|move|p2a: Flutter Mane|Icy Wind|p1b: Dragonite|[spread] p1b\n|-activate|p1a: Landorus|move: Protect\n|-supereffective|p1b: Dragonite\n|-damage|p1b: Dragonite|23\/100\n|-unboost|p1b: Dragonite|spe|1\n|move|p2b: Cresselia|Ice Beam|p1b: Dragonite\n|-supereffective|p1b: Dragonite\n|-damage|p1b: Dragonite|0 fnt\n|faint|p1b: Dragonite\n|\n|upkeep\n|\n|t:|1699846714\n|switch|p1b: Chi-Yu|Chi-Yu, L50|92\/100\n|-ability|p1b: Chi-Yu|Beads of Ruin\n|turn|6\n|\n|t:|1699846729\n|-terastallize|p2b: Cresselia|Poison\n|move|p1a: Landorus|Protect||[still]\n|-fail|p1a: Landorus\n|move|p2a: Flutter Mane|Icy Wind|p1a: Landorus|[spread] p1a,p1b\n|-supereffective|p1a: Landorus\n|-resisted|p1b: Chi-Yu\n|-damage|p1a: Landorus|0 fnt\n|-damage|p1b: Chi-Yu|84\/100\n|-unboost|p1b: Chi-Yu|spe|1\n|faint|p1a: Landorus\n|move|p1b: Chi-Yu|Heat Wave|p2b: Cresselia|[spread] p2a,p2b\n|-damage|p2a: Flutter Mane|0 fnt\n|-damage|p2b: Cresselia|70\/100\n|faint|p2a: Flutter Mane\n|-end|p2a: Flutter Mane|Protosynthesis|[silent]\n|move|p2b: Cresselia|Ice Beam|p1b: Chi-Yu\n|-resisted|p1b: Chi-Yu\n|-damage|p1b: Chi-Yu|72\/100\n|\n|upkeep\n|\n|t:|1699846732\n|switch|p2a: Chi-Yu|Chi-Yu, L50|90\/100\n|-ability|p2a: Chi-Yu|Beads of Ruin\n|turn|7\n|-message|heybeatme forfeited.\n|\n|win|RheaRipleyVGC\n|raw|heybeatme's rating: 1449 &rarr; <strong>1436<\/strong><br \/>(-13 for losing)\n|raw|RheaRipleyVGC's rating: 1582 &rarr; <strong>1595<\/strong><br \/>(+13 for winning)\n|l|\u2606heybeatme\n|l|\u2606RheaRipleyVGC\n","uploadtime":1699846936,"views":19,"p1id":"heybeatme","p2id":"rhearipleyvgc","formatid":"gen9vgc2023regulatione","rating":1436,"private":0,"password":""}