{"id":"gen9vgc2023regulatione-1988511627","p1":"Sperrbear444","p2":"N05ta1gia","format":"[Gen 9] VGC 2023 Regulation E","log":"|j|\u2606Sperrbear444\n|j|\u2606N05ta1gia\n|t:|1699730793\n|gametype|doubles\n|player|p1|Sperrbear444|jasmine|1119\n|player|p2|N05ta1gia|drayden|1048\n|teamsize|p1|6\n|teamsize|p2|6\n|gen|9\n|tier|[Gen 9] VGC 2023 Regulation E\n|rated|\n|rule|Species Clause: Limit one of each Pok\u00e9mon\n|rule|Item Clause: Limit one of each item\n|clearpoke\n|poke|p1|Ting-Lu, L50|\n|poke|p1|Farigiraf, L50, M|\n|poke|p1|Iron Hands, L50|\n|poke|p1|Goodra-Hisui, L50, F|\n|poke|p1|Mimikyu, L50, M|\n|poke|p1|Gyarados, L50, F|\n|poke|p2|Dusclops, L50, M|\n|poke|p2|Gallade, L50, M|\n|poke|p2|Heatran, L50, M|\n|poke|p2|Rillaboom, L50, M|\n|poke|p2|Hatterene, L50, F|\n|poke|p2|Tyranitar, L50, M|\n|teampreview|4\n|inactive|Battle timer is ON: inactive players will automatically lose when time's up. (requested by N05ta1gia)\n|inactive|Sperrbear444 has 60 seconds left.\n|\n|t:|1699730843\n|start\n|switch|p1a: Mimikyu|Mimikyu, L50, M|100\/100\n|switch|p1b: Iron Hands|Iron Hands, L50|100\/100\n|switch|p2a: Rillaboom|Rillaboom, L50, M|100\/100\n|switch|p2b: Gallade|Gallade, L50, M|100\/100\n|-fieldstart|move: Grassy Terrain|[from] ability: Grassy Surge|[of] p2a: Rillaboom\n|turn|1\n|\n|t:|1699730866\n|-end|p1b: Iron Hands|Quark Drive|[silent]\n|switch|p1b: Gyarados|Gyarados, L50, F|100\/100\n|-ability|p1b: Gyarados|Intimidate|boost\n|-unboost|p2a: Rillaboom|atk|1\n|-unboost|p2b: Gallade|atk|1\n|move|p2a: Rillaboom|Fake Out|p1b: Gyarados\n|-damage|p1b: Gyarados|90\/100\n|move|p2b: Gallade|Psycho Cut|p1b: Gyarados\n|-crit|p1b: Gyarados\n|-damage|p1b: Gyarados|0 fnt\n|faint|p1b: Gyarados\n|move|p1a: Mimikyu|Trick Room|p1a: Mimikyu\n|-fieldstart|move: Trick Room|[of] p1a: Mimikyu\n|-enditem|p1a: Mimikyu|Room Service\n|-unboost|p1a: Mimikyu|spe|1|[from] item: Room Service\n|\n|upkeep\n|\n|t:|1699730881\n|switch|p1b: Iron Hands|Iron Hands, L50|100\/100\n|turn|2\n|\n|t:|1699730892\n|switch|p2a: Hatterene|Hatterene, L50, F|100\/100\n|move|p1b: Iron Hands|Fake Out|p2b: Gallade\n|-damage|p2b: Gallade|75\/100\n|move|p1a: Mimikyu|Play Rough|p2b: Gallade\n|-supereffective|p2b: Gallade\n|-damage|p2b: Gallade|0 fnt\n|faint|p2b: Gallade\n|\n|upkeep\n|\n|t:|1699730903\n|switch|p2b: Heatran|Heatran, L50, M|100\/100\n|turn|3\n|inactive|N05ta1gia has 30 seconds left.\n|\n|t:|1699730929\n|-terastallize|p1b: Iron Hands|Fairy\n|-terastallize|p2b: Heatran|Poison\n|move|p2a: Hatterene|Dazzling Gleam|p1a: Mimikyu|[spread] p1a,p1b\n|-activate|p1a: Mimikyu|ability: Disguise\n|-damage|p1a: Mimikyu|100\/100\n|-damage|p1b: Iron Hands|75\/100\n|detailschange|p1a: Mimikyu|Mimikyu-Busted, L50, M\n|-damage|p1a: Mimikyu|88\/100|[from] pokemon: Mimikyu-Busted\n|move|p1a: Mimikyu|Shadow Claw|p2a: Hatterene\n|-supereffective|p2a: Hatterene\n|-crit|p2a: Hatterene\n|-damage|p2a: Hatterene|0 fnt\n|faint|p2a: Hatterene\n|move|p1b: Iron Hands|Drain Punch|p2b: Heatran\n|-resisted|p2b: Heatran\n|-crit|p2b: Heatran\n|-damage|p2b: Heatran|71\/100\n|-heal|p1b: Iron Hands|88\/100|[from] drain|[of] p2b: Heatran\n|move|p2b: Heatran|Flash Cannon|p1a: Mimikyu\n|-supereffective|p1a: Mimikyu\n|-damage|p1a: Mimikyu|0 fnt\n|faint|p1a: Mimikyu\n|\n|-heal|p1b: Iron Hands|94\/100|[from] Grassy Terrain\n|-heal|p1b: Iron Hands|99\/100|[from] item: Leftovers\n|-heal|p2b: Heatran|77\/100|[from] Grassy Terrain\n|-heal|p2b: Heatran|83\/100|[from] item: Leftovers\n|upkeep\n|inactive|N05ta1gia has 30 seconds left.\n|\n|t:|1699730957\n|switch|p2a: Rillaboom|Rillaboom, L50, M|100\/100\n|switch|p1a: Goodra|Goodra-Hisui, L50, F|100\/100\n|turn|4\n|\n|t:|1699730974\n|move|p2a: Rillaboom|Fake Out|p1b: Iron Hands\n|-damage|p1b: Iron Hands|90\/100\n|cant|p1b: Iron Hands|flinch\n|move|p1a: Goodra|Shelter|p1a: Goodra\n|-boost|p1a: Goodra|def|2\n|move|p2b: Heatran|Flash Cannon|p1b: Iron Hands\n|-supereffective|p1b: Iron Hands\n|-damage|p1b: Iron Hands|18\/100\n|\n|-heal|p1b: Iron Hands|24\/100|[from] Grassy Terrain\n|-heal|p1b: Iron Hands|30\/100|[from] item: Leftovers\n|-heal|p2b: Heatran|89\/100|[from] Grassy Terrain\n|-heal|p2b: Heatran|95\/100|[from] item: Leftovers\n|upkeep\n|turn|5\n|inactive|Sperrbear444 has 30 seconds left.\n|\n|t:|1699731001\n|move|p2a: Rillaboom|Grassy Glide|p1b: Iron Hands\n|-damage|p1b: Iron Hands|3\/100\n|move|p1b: Iron Hands|Wild Charge|p2b: Heatran\n|-damage|p2b: Heatran|51\/100\n|-damage|p1b: Iron Hands|0 fnt|[from] Recoil\n|faint|p1b: Iron Hands\n|-end|p1b: Iron Hands|Quark Drive|[silent]\n|move|p1a: Goodra|Shelter|p1a: Goodra\n|-boost|p1a: Goodra|def|2\n|move|p2b: Heatran|Heat Wave|p1a: Goodra\n|-damage|p1a: Goodra|62\/100\n|-status|p1a: Goodra|brn\n|\n|-heal|p1a: Goodra|68\/100 brn|[from] Grassy Terrain\n|-heal|p2b: Heatran|57\/100|[from] Grassy Terrain\n|-heal|p2b: Heatran|63\/100|[from] item: Leftovers\n|-damage|p1a: Goodra|62\/100 brn|[from] brn\n|-fieldend|move: Trick Room\n|-fieldend|move: Grassy Terrain\n|upkeep\n|turn|6\n|inactive|N05ta1gia has 30 seconds left.\n|\n|t:|1699731026\n|move|p2a: Rillaboom|Wood Hammer|p1a: Goodra\n|-resisted|p1a: Goodra\n|-damage|p1a: Goodra|59\/100 brn\n|-damage|p2a: Rillaboom|99\/100|[from] Recoil\n|move|p2b: Heatran|Earth Power|p1a: Goodra\n|-supereffective|p1a: Goodra\n|-damage|p1a: Goodra|11\/100 brn\n|-unboost|p1a: Goodra|spd|1\n|-enditem|p1a: Goodra|Sitrus Berry|[eat]\n|-heal|p1a: Goodra|35\/100 brn|[from] item: Sitrus Berry\n|move|p1a: Goodra|Body Press|p2a: Rillaboom\n|-damage|p2a: Rillaboom|56\/100\n|\n|-heal|p2b: Heatran|69\/100|[from] item: Leftovers\n|-damage|p1a: Goodra|29\/100 brn|[from] brn\n|upkeep\n|turn|7\n|\n|t:|1699731046\n|move|p2a: Rillaboom|U-turn|p1a: Goodra\n|-resisted|p1a: Goodra\n|-damage|p1a: Goodra|27\/100 brn\n|move|p2b: Heatran|Earth Power|p1a: Goodra\n|-supereffective|p1a: Goodra\n|-damage|p1a: Goodra|0 fnt\n|faint|p1a: Goodra\n|\n|win|N05ta1gia\n|raw|Sperrbear444's rating: 1119 &rarr; <strong>1089<\/strong><br \/>(-30 for losing)\n|raw|N05ta1gia's rating: 1048 &rarr; <strong>1087<\/strong><br \/>(+39 for winning)\n","uploadtime":1699731050,"views":23,"p1id":"sperrbear444","p2id":"n05ta1gia","formatid":"gen9vgc2023regulatione","rating":1087,"private":0,"password":""}