{"id":"gen9vgc2023regulatione-1999357549","p1":"itsxaver","p2":"newusernovice","format":"[Gen 9] VGC 2023 Regulation E","log":"|j|\u203ditsxaver\n|j|\u2606newusernovice\n|t:|1701066081\n|gametype|doubles\n|player|p1|itsxaver|jogger|1365\n|player|p2|newusernovice|brawly|1437\n|teamsize|p1|6\n|teamsize|p2|6\n|gen|9\n|tier|[Gen 9] VGC 2023 Regulation E\n|rated|\n|rule|Species Clause: Limit one of each Pok\u00e9mon\n|rule|Item Clause: Limit one of each item\n|clearpoke\n|poke|p1|Dragonite, L50, M|\n|poke|p1|Dondozo, L50, M|\n|poke|p1|Arcanine, L50, F|\n|poke|p1|Flutter Mane, L50|\n|poke|p1|Tatsugiri-Stretchy, L50, F|\n|poke|p1|Chien-Pao, L50|\n|poke|p2|Rillaboom, L50, M|\n|poke|p2|Tornadus, L50, M|\n|poke|p2|Arcanine-Hisui, L50, M|\n|poke|p2|Urshifu-*, L50, M|\n|poke|p2|Gholdengo, L50|\n|poke|p2|Flutter Mane, L50|\n|teampreview|4\n|inactive|Battle timer is ON: inactive players will automatically lose when time's up. (requested by newusernovice)\n|inactive|itsxaver has 60 seconds left.\n|inactive|newusernovice has 60 seconds left.\n|inactive|itsxaver has 30 seconds left.\n|inactive|itsxaver has 20 seconds left.\n|\n|t:|1701066153\n|start\n|switch|p1a: Dragonite|Dragonite, L50, M|100\/100\n|switch|p1b: Chien-Pao|Chien-Pao, L50|100\/100\n|switch|p2a: Tornadus|Tornadus, L50, M, shiny|100\/100\n|switch|p2b: Flutter Mane|Flutter Mane, L50|100\/100\n|-ability|p1b: Chien-Pao|Sword of Ruin\n|turn|1\n|inactive|itsxaver has 30 seconds left.\n|inactive|newusernovice has 30 seconds left.\n|\n|t:|1701066184\n|-terastallize|p1a: Dragonite|Steel\n|move|p2a: Tornadus|Protect|p2a: Tornadus\n|-singleturn|p2a: Tornadus|Protect\n|move|p1b: Chien-Pao|Protect|p1b: Chien-Pao\n|-singleturn|p1b: Chien-Pao|Protect\n|move|p2b: Flutter Mane|Dazzling Gleam|p1b: Chien-Pao|[spread] p1a\n|-activate|p1b: Chien-Pao|move: Protect\n|-resisted|p1a: Dragonite\n|-damage|p1a: Dragonite|85\/100\n|move|p1a: Dragonite|Iron Head|p2b: Flutter Mane\n|-supereffective|p2b: Flutter Mane\n|-enditem|p2b: Flutter Mane|Focus Sash\n|-damage|p2b: Flutter Mane|1\/100\n|-damage|p1a: Dragonite|75\/100|[from] item: Life Orb\n|\n|upkeep\n|turn|2\n|inactive|itsxaver has 30 seconds left.\n|inactive|newusernovice has 30 seconds left.\n|inactive|itsxaver has 20 seconds left.\n|inactive|newusernovice has 20 seconds left.\n|inactive|newusernovice has 15 seconds left.\n|inactive|newusernovice has 10 seconds left.\n|\n|t:|1701066232\n|-terastallize|p2a: Tornadus|Ghost\n|move|p1b: Chien-Pao|Ice Spinner|p2a: Tornadus\n|-damage|p2a: Tornadus|42\/100\n|-damage|p1b: Chien-Pao|84\/100|[from] item: Rocky Helmet|[of] p2a: Tornadus\n|move|p2b: Flutter Mane|Moonblast|p1b: Chien-Pao\n|-supereffective|p1b: Chien-Pao\n|-damage|p1b: Chien-Pao|0 fnt\n|faint|p1b: Chien-Pao\n|move|p2a: Tornadus|Bleakwind Storm|p1a: Dragonite\n|-resisted|p1a: Dragonite\n|-damage|p1a: Dragonite|55\/100\n|move|p1a: Dragonite|Stomping Tantrum|p2b: Flutter Mane\n|-damage|p2b: Flutter Mane|0 fnt\n|faint|p2b: Flutter Mane\n|-end|p2b: Flutter Mane|Protosynthesis|[silent]\n|-damage|p1a: Dragonite|45\/100|[from] item: Life Orb\n|\n|upkeep\n|\n|t:|1701066255\n|switch|p1b: Arcanine|Arcanine, L50, F|100\/100\n|switch|p2b: Rillaboom|Rillaboom, L50, M, shiny|100\/100\n|-ability|p1b: Arcanine|Intimidate|boost\n|-unboost|p2a: Tornadus|atk|1\n|-unboost|p2b: Rillaboom|atk|1\n|-fieldstart|move: Grassy Terrain|[from] ability: Grassy Surge|[of] p2b: Rillaboom\n|turn|3\n|inactive|itsxaver has 30 seconds left.\n|inactive|newusernovice has 30 seconds left.\n|inactive|itsxaver has 20 seconds left.\n|inactive|newusernovice has 20 seconds left.\n|inactive|itsxaver has 15 seconds left.\n|\n|t:|1701066297\n|move|p2a: Tornadus|Rain Dance|p2a: Tornadus\n|-weather|RainDance\n|move|p1b: Arcanine|Flare Blitz|p2b: Rillaboom\n|-supereffective|p2b: Rillaboom\n|-damage|p2b: Rillaboom|48\/100\n|-damage|p1b: Arcanine|82\/100|[from] Recoil\n|move|p2b: Rillaboom|High Horsepower|p1a: Dragonite\n|-supereffective|p1a: Dragonite\n|-damage|p1a: Dragonite|0 fnt\n|faint|p1a: Dragonite\n|\n|-weather|RainDance|[upkeep]\n|-heal|p2a: Tornadus|48\/100|[from] Grassy Terrain\n|-heal|p1b: Arcanine|88\/100|[from] Grassy Terrain\n|-heal|p2b: Rillaboom|54\/100|[from] Grassy Terrain\n|upkeep\n|\n|t:|1701066302\n|switch|p1a: Tatsugiri|Tatsugiri-Stretchy, L50, F|100\/100\n|turn|4\n|inactive|newusernovice has 30 seconds left.\n|\n|t:|1701066328\n|move|p1b: Arcanine|Protect|p1b: Arcanine\n|-singleturn|p1b: Arcanine|Protect\n|move|p2a: Tornadus|Tailwind|p2a: Tornadus\n|-sidestart|p2: newusernovice|move: Tailwind\n|move|p1a: Tatsugiri|Icy Wind|p2a: Tornadus|[spread] p2a,p2b\n|-supereffective|p2b: Rillaboom\n|-damage|p2a: Tornadus|37\/100\n|-damage|p2b: Rillaboom|23\/100\n|-unboost|p2a: Tornadus|spe|1\n|-unboost|p2b: Rillaboom|spe|1\n|-enditem|p2b: Rillaboom|Aguav Berry|[eat]\n|-heal|p2b: Rillaboom|57\/100|[from] item: Aguav Berry\n|move|p2b: Rillaboom|Wood Hammer|p1a: Tatsugiri\n|-damage|p1a: Tatsugiri|0 fnt\n|faint|p1a: Tatsugiri\n|-damage|p2b: Rillaboom|33\/100|[from] Recoil\n|\n|-weather|RainDance|[upkeep]\n|-heal|p2a: Tornadus|43\/100|[from] Grassy Terrain\n|-heal|p2b: Rillaboom|39\/100|[from] Grassy Terrain\n|-heal|p1b: Arcanine|94\/100|[from] Grassy Terrain\n|upkeep\n|turn|5\n|-message|itsxaver forfeited.\n|\n|win|newusernovice\n|raw|itsxaver's rating: 1365 &rarr; <strong>1349<\/strong><br \/>(-16 for losing)\n|raw|newusernovice's rating: 1437 &rarr; <strong>1453<\/strong><br \/>(+16 for winning)\n|l|\u203ditsxaver\n","uploadtime":1701066361,"views":6,"p1id":"itsxaver","p2id":"newusernovice","formatid":"gen9vgc2023regulatione","rating":1349,"private":0,"password":""}