{"id":"gen9vgc2023regulatione-1994435272","p1":"Samax2599","p2":"Stryke Out","format":"[Gen 9] VGC 2023 Regulation E","log":"|j|\u2606Samax2599\n|j|\u2606Stryke Out\n|n|\u2606Samax2599|samax2599\n|n|\u2606Stryke Out|strykeout\n|html|View the match progress at <a href=\"\/game-bestof3-gen9vgc2023regulatione-1994435271\">game-bestof3-gen9vgc2023regulatione-1994435271<\/a>\n|t:|1700443621\n|gametype|doubles\n|player|p1|Samax2599|170|\n|player|p2|Stryke Out|cynthia-gen4|\n|teamsize|p1|6\n|teamsize|p2|6\n|gen|9\n|tier|[Gen 9] VGC 2023 Regulation E\n|rule|Species Clause: Limit one of each Pok\u00e9mon\n|rule|Item Clause: Limit one of each item\n|clearpoke\n|poke|p1|Heatran, L50, M|\n|poke|p1|Iron Bundle, L50|\n|poke|p1|Sylveon, L50, F|\n|poke|p1|Bruxish, L50, M|\n|poke|p1|Trevenant, L50, M|\n|poke|p1|Qwilfish-Hisui, L50, F|\n|poke|p2|Baxcalibur, L50, M|\n|poke|p2|Gholdengo, L50|\n|poke|p2|Abomasnow, L50, M|\n|poke|p2|Murkrow, L50, F|\n|poke|p2|Barraskewda, L50, F|\n|poke|p2|Mesprit, L50|\n|teampreview|4\nSamax2599 rejected open team sheets.\n|c|\u2606Samax2599|glhf!\n|j| BBRAFF\n|c|\u2606Samax2599|do i share the best of 3 page for lives?\n|l| BBRAFF\n|j| jakersmc\n|c|\u2606Stryke Out|i just dropped into live battles\n|c|\u2606Samax2599|oh you got it lol\n|c|\u2606Stryke Out|glhf!\n|c|\u2606Samax2599|thanks\n|j| Prof. Mismag\n|j| arturas karnisovas\n|j| NYCMayorEricAdams\n|\n|t:|1700443792\n|start\n|switch|p1a: UnderTheSea2|Qwilfish-Hisui, L50, F|100\/100\n|switch|p1b: All I Want|Iron Bundle, L50|100\/100\n|switch|p2a: I 8 Nemo's Mom|Barraskewda, L50, F, shiny|100\/100\n|switch|p2b: DapR the Rapper|Murkrow, L50, F, shiny|100\/100\n|-ability|p1a: UnderTheSea2|Intimidate|boost\n|-unboost|p2a: I 8 Nemo's Mom|atk|1\n|-unboost|p2b: DapR the Rapper|atk|1\n|-enditem|p1b: All I Want|Booster Energy\n|-activate|p1b: All I Want|ability: Quark Drive|[fromitem]\n|-start|p1b: All I Want|quarkdrivespe\n|turn|1\n|l| NYCMayorEricAdams\n|\n|t:|1700443836\n|move|p2b: DapR the Rapper|Tailwind|p2b: DapR the Rapper\n|-sidestart|p2: Stryke Out|move: Tailwind\n|move|p2a: I 8 Nemo's Mom|Close Combat|p1b: All I Want\n|-supereffective|p1b: All I Want\n|-damage|p1b: All I Want|25\/100\n|-unboost|p2a: I 8 Nemo's Mom|def|1\n|-unboost|p2a: I 8 Nemo's Mom|spd|1\n|move|p1b: All I Want|Icy Wind|p2a: I 8 Nemo's Mom|[spread] p2a,p2b\n|-resisted|p2a: I 8 Nemo's Mom\n|-supereffective|p2b: DapR the Rapper\n|-damage|p2a: I 8 Nemo's Mom|70\/100\n|-damage|p2b: DapR the Rapper|65\/100\n|-unboost|p2a: I 8 Nemo's Mom|spe|1\n|-unboost|p2b: DapR the Rapper|spe|1\n|move|p1a: UnderTheSea2|Icy Wind|p2b: DapR the Rapper|[spread] p2a,p2b\n|-resisted|p2a: I 8 Nemo's Mom\n|-supereffective|p2b: DapR the Rapper\n|-damage|p2a: I 8 Nemo's Mom|60\/100\n|-damage|p2b: DapR the Rapper|55\/100\n|-unboost|p2a: I 8 Nemo's Mom|spe|1\n|-unboost|p2b: DapR the Rapper|spe|1\n|\n|upkeep\n|turn|2\n|\n|t:|1700443866\n|move|p2b: DapR the Rapper|Quash|p1b: All I Want\n|-activate|p1b: All I Want|move: Quash\n|move|p2a: I 8 Nemo's Mom|Close Combat|p1b: All I Want\n|-supereffective|p1b: All I Want\n|-damage|p1b: All I Want|0 fnt\n|-unboost|p2a: I 8 Nemo's Mom|def|1\n|-unboost|p2a: I 8 Nemo's Mom|spd|1\n|faint|p1b: All I Want\n|-end|p1b: All I Want|Quark Drive|[silent]\n|move|p1a: UnderTheSea2|Gunk Shot|p2a: I 8 Nemo's Mom\n|-damage|p2a: I 8 Nemo's Mom|0 fnt\n|faint|p2a: I 8 Nemo's Mom\n|\n|upkeep\n|l| Prof. Mismag\n|\n|t:|1700443880\n|switch|p2a: Had a Stroke|Baxcalibur, L50, M|100\/100\n|switch|p1b: Gwogobo|Heatran, L50, M|100\/100\n|turn|3\n|\n|t:|1700443906\n|switch|p1a: Cotton Candy|Sylveon, L50, F, shiny|100\/100\n|move|p1b: Gwogobo|Protect|p1b: Gwogobo\n|-singleturn|p1b: Gwogobo|Protect\n|move|p2a: Had a Stroke|Earthquake|p1a: Cotton Candy|[spread] p1a\n|-activate|p1b: Gwogobo|move: Protect\n|-immune|p2b: DapR the Rapper\n|-damage|p1a: Cotton Candy|67\/100\n|move|p2b: DapR the Rapper|Foul Play|p1b: Gwogobo\n|-activate|p1b: Gwogobo|move: Protect\n|\n|upkeep\n|turn|4\n|\n|t:|1700443966\n|switch|p1b: UnderTheSea2|Qwilfish-Hisui, L50, F|100\/100\n|-ability|p1b: UnderTheSea2|Intimidate|boost\n|-unboost|p2a: Had a Stroke|atk|1\n|-unboost|p2b: DapR the Rapper|atk|1\n|move|p2a: Had a Stroke|Icicle Crash|p1a: Cotton Candy\n|-damage|p1a: Cotton Candy|31\/100\n|move|p2b: DapR the Rapper|Foul Play|p1a: Cotton Candy\n|-resisted|p1a: Cotton Candy\n|-damage|p1a: Cotton Candy|21\/100\n|move|p1a: Cotton Candy|Hyper Voice|p2b: DapR the Rapper|[spread] p2a,p2b\n|-supereffective|p2a: Had a Stroke\n|-supereffective|p2b: DapR the Rapper\n|-damage|p2a: Had a Stroke|15\/100\n|-damage|p2b: DapR the Rapper|0 fnt\n|faint|p2b: DapR the Rapper\n|-damage|p1a: Cotton Candy|12\/100|[from] item: Life Orb\n|\n|-sideend|p2: Stryke Out|move: Tailwind\n|upkeep\n|\n|t:|1700443974\n|switch|p2b: Golden Joe|Gholdengo, L50|100\/100\n|turn|5\n|\n|t:|1700444013\n|-terastallize|p2b: Golden Joe|Water\n|move|p2a: Had a Stroke|Icicle Crash|p1b: UnderTheSea2\n|-damage|p1b: UnderTheSea2|71\/100\n|move|p2b: Golden Joe|Thunderbolt|p1a: Cotton Candy\n|-damage|p1a: Cotton Candy|0 fnt\n|faint|p1a: Cotton Candy\n|move|p1b: UnderTheSea2|Icy Wind|p2a: Had a Stroke|[spread] p2a,p2b\n|-resisted|p2b: Golden Joe\n|-damage|p2a: Had a Stroke|10\/100\n|-damage|p2b: Golden Joe|99\/100\n|-unboost|p2b: Golden Joe|spe|1\n|\n|upkeep\n|\n|t:|1700444028\n|switch|p1a: Gwogobo|Heatran, L50, M|100\/100\n|turn|6\n|\n|t:|1700444055\n|move|p1a: Gwogobo|Protect|p1a: Gwogobo\n|-singleturn|p1a: Gwogobo|Protect\n|move|p2a: Had a Stroke|Icicle Crash|p1a: Gwogobo\n|-activate|p1a: Gwogobo|move: Protect\n|move|p1b: UnderTheSea2|Crunch|p2a: Had a Stroke\n|-damage|p2a: Had a Stroke|0 fnt\n|faint|p2a: Had a Stroke\n|move|p2b: Golden Joe|Tera Blast|p1b: UnderTheSea2|[anim] Tera Blast Water\n|-damage|p1b: UnderTheSea2|39\/100\n|\n|upkeep\n|turn|7\n|\n|t:|1700444081\n|-terastallize|p1a: Gwogobo|Grass\n|move|p1b: UnderTheSea2|Crunch|p2b: Golden Joe\n|-damage|p2b: Golden Joe|74\/100\n|move|p1a: Gwogobo|Tera Blast|p2b: Golden Joe|[anim] Tera Blast Grass\n|-supereffective|p2b: Golden Joe\n|-damage|p2b: Golden Joe|23\/100\n|move|p2b: Golden Joe|Tera Blast|p1a: Gwogobo|[anim] Tera Blast Water\n|-resisted|p1a: Gwogobo\n|-damage|p1a: Gwogobo|82\/100\n|\n|upkeep\n|turn|8\n|\n|t:|1700444093\n|move|p1b: UnderTheSea2|Icy Wind|p2b: Golden Joe\n|-resisted|p2b: Golden Joe\n|-damage|p2b: Golden Joe|21\/100\n|-unboost|p2b: Golden Joe|spe|1\n|move|p1a: Gwogobo|Tera Blast|p2b: Golden Joe|[anim] Tera Blast Grass\n|-supereffective|p2b: Golden Joe\n|-damage|p2b: Golden Joe|0 fnt\n|faint|p2b: Golden Joe\n|\n|win|Samax2599\n|c|\u2606Samax2599|gg\n|c|\u2606Stryke Out|gg\n|c|&|\/uhtml prompt-strykeout,Stryke Out is ready for game 2!\n|l| arturas karnisovas\n|inactive|Samax2599 has 50 seconds to confirm battle start!\n|c|&|\/uhtml prompt-samax2599,Samax2599 is ready for game 2!\nBoth players are ready! Starting next match!\n|j| smsy\n|j| BBRAFF\n|l| BBRAFF\n","uploadtime":1700444104,"views":49,"p1id":"samax2599","p2id":"strykeout","formatid":"gen9vgc2023regulatione","rating":0,"private":0,"password":""}