{"id":"gen9vgc2023regulatione-2000375684","p1":"Thugdrio","p2":"TrendanBrendan","format":"[Gen 9] VGC 2023 Regulation E","log":"|j|\u2606Thugdrio\n|j|\u2606TrendanBrendan\n|t:|1701189555\n|gametype|doubles\n|player|p1|Thugdrio|marshal|1229\n|player|p2|TrendanBrendan|bugcatcher-gen4dp|1220\n|teamsize|p1|6\n|teamsize|p2|6\n|gen|9\n|tier|[Gen 9] VGC 2023 Regulation E\n|rated|\n|rule|Species Clause: Limit one of each Pok\u00e9mon\n|rule|Item Clause: Limit one of each item\n|clearpoke\n|poke|p1|Torkoal, L50, M|\n|poke|p1|Grimmsnarl, L50, M|\n|poke|p1|Oranguru, L50, F|\n|poke|p1|Chien-Pao, L50|\n|poke|p1|Staraptor, L50, F|\n|poke|p1|Ursaluna-Bloodmoon, L50, M|\n|poke|p2|Amoonguss, L50, F|\n|poke|p2|Heatran, L50, F|\n|poke|p2|Roaring Moon, L50|\n|poke|p2|Iron Hands, L50|\n|poke|p2|Flutter Mane, L50|\n|poke|p2|Landorus-Therian, L50, M|\n|teampreview|4\nTrendanBrendan has agreed to open team sheets.\n|c|\u2606TrendanBrendan|glhf\n|c|\u2606Thugdrio|I see your spore amoonguss. gldhf\n|inactive|Battle timer is ON: inactive players will automatically lose when time's up. (requested by Thugdrio)\nThugdrio rejected open team sheets.\n|\n|t:|1701189621\n|start\n|switch|p1a: Staraptor|Staraptor, L50, F|100\/100\n|switch|p1b: Oranguru|Oranguru, L50, F|100\/100\n|switch|p2a: Amoonguss|Amoonguss, L50, F, shiny|100\/100\n|switch|p2b: Heatran|Heatran, L50, F|100\/100\n|-ability|p1a: Staraptor|Intimidate|boost\n|-unboost|p2a: Amoonguss|atk|1\n|-unboost|p2b: Heatran|atk|1\n|turn|1\n|\n|t:|1701189637\n|switch|p2a: Flutter Mane|Flutter Mane, L50|100\/100\n|move|p1a: Staraptor|Final Gambit|p2b: Heatran\n|-damage|p2b: Heatran|3\/100\n|faint|p1a: Staraptor\n|move|p2b: Heatran|Heat Wave|p1b: Oranguru|[miss]\n|-miss|p2b: Heatran|p1b: Oranguru\n|move|p1b: Oranguru|Yawn|p2a: Flutter Mane\n|-start|p2a: Flutter Mane|move: Yawn|[of] p1b: Oranguru\n|\n|upkeep\n|\n|t:|1701189643\n|switch|p1a: Chien-Pao|Chien-Pao, L50|100\/100\n|-ability|p1a: Chien-Pao|Sword of Ruin\n|turn|2\n|\n|t:|1701189659\n|-terastallize|p2a: Flutter Mane|Fairy\n|move|p2b: Heatran|Protect|p2b: Heatran\n|-singleturn|p2b: Heatran|Protect\n|move|p1a: Chien-Pao|Ice Shard|p2b: Heatran\n|-activate|p2b: Heatran|move: Protect\n|move|p2a: Flutter Mane|Dazzling Gleam|p1a: Chien-Pao|[spread] p1a,p1b\n|-supereffective|p1a: Chien-Pao\n|-damage|p1a: Chien-Pao|0 fnt\n|-damage|p1b: Oranguru|48\/100\n|faint|p1a: Chien-Pao\n|move|p1b: Oranguru|Trick Room|p1b: Oranguru\n|-fieldstart|move: Trick Room|[of] p1b: Oranguru\n|\n|-end|p2a: Flutter Mane|move: Yawn|[silent]\n|-status|p2a: Flutter Mane|slp\n|upkeep\n|\n|t:|1701189663\n|switch|p1a: Torkoal|Torkoal, L50, M|100\/100\n|-weather|SunnyDay|[from] ability: Drought|[of] p1a: Torkoal\n|-activate|p2a: Flutter Mane|ability: Protosynthesis\n|-start|p2a: Flutter Mane|protosynthesisspa\n|turn|3\n|\n|t:|1701189677\n|-terastallize|p1a: Torkoal|Fire\n|move|p1a: Torkoal|Eruption|p2b: Heatran|[spread] p2a\n|-start|p2b: Heatran|ability: Flash Fire\n|-damage|p2a: Flutter Mane|0 fnt\n|faint|p2a: Flutter Mane\n|-end|p2a: Flutter Mane|Protosynthesis|[silent]\n|move|p1b: Oranguru|Foul Play|p2b: Heatran\n|-damage|p2b: Heatran|0 fnt\n|faint|p2b: Heatran\n|\n|-weather|SunnyDay|[upkeep]\n|upkeep\n|\n|t:|1701189688\n|switch|p2b: Iron Hands|Iron Hands, L50|100\/100\n|switch|p2a: Amoonguss|Amoonguss, L50, F, shiny|100\/100\n|turn|4\n|\n|t:|1701189704\n|move|p1a: Torkoal|Protect|p1a: Torkoal\n|-singleturn|p1a: Torkoal|Protect\n|move|p2b: Iron Hands|Fake Out|p1b: Oranguru\n|-damage|p1b: Oranguru|35\/100\n|move|p2a: Amoonguss|Spore|p1a: Torkoal\n|-activate|p1a: Torkoal|move: Protect\n|move|p1b: Oranguru|Yawn|p2a: Amoonguss\n|-start|p2a: Amoonguss|move: Yawn|[of] p1b: Oranguru\n|\n|-weather|SunnyDay|[upkeep]\n|upkeep\n|turn|5\n|\n|t:|1701189718\n|move|p1a: Torkoal|Eruption|p2a: Amoonguss|[spread] p2a,p2b\n|-supereffective|p2a: Amoonguss\n|-damage|p2a: Amoonguss|0 fnt\n|-damage|p2b: Iron Hands|35\/100\n|faint|p2a: Amoonguss\n|move|p2b: Iron Hands|Drain Punch|p1b: Oranguru\n|-damage|p1b: Oranguru|0 fnt\n|-heal|p2b: Iron Hands|50\/100|[from] drain|[of] p1b: Oranguru\n|faint|p1b: Oranguru\n|\n|-weather|SunnyDay|[upkeep]\n|upkeep\n|turn|6\n|\n|t:|1701189723\n|move|p1a: Torkoal|Eruption|p2b: Iron Hands\n|-damage|p2b: Iron Hands|0 fnt\n|faint|p2b: Iron Hands\n|-end|p2b: Iron Hands|Quark Drive|[silent]\n|\n|win|Thugdrio\n|raw|Thugdrio's rating: 1229 &rarr; <strong>1253<\/strong><br \/>(+24 for winning)\n|raw|TrendanBrendan's rating: 1220 &rarr; <strong>1196<\/strong><br \/>(-24 for losing)\n|c|\u2606Thugdrio|thank goodness\n","uploadtime":1701189733,"views":6,"p1id":"thugdrio","p2id":"trendanbrendan","formatid":"gen9vgc2023regulatione","rating":1196,"private":0,"password":""}