{"id":"gen9vgc2023regulatione-1995900470","p1":"Chaotic Raos","p2":"AGSilver935","format":"[Gen 9] VGC 2023 Regulation E","log":"|j|\u2606Chaotic Raos\n|j|\u2606AGSilver935\n|n|\u2606Chaotic Raos|chaoticraos\n|n|\u2606AGSilver935|agsilver935\n|html|View the match progress at <a href=\"\/game-bestof3-gen9vgc2023regulatione-1995893584\">game-bestof3-gen9vgc2023regulatione-1995893584<\/a>\n|t:|1700615268\n|gametype|doubles\n|player|p1|Chaotic Raos|2|\n|player|p2|AGSilver935|ghetsis|\n|teamsize|p1|6\n|teamsize|p2|6\n|gen|9\n|tier|[Gen 9] VGC 2023 Regulation E\n|rule|Species Clause: Limit one of each Pok\u00e9mon\n|rule|Item Clause: Limit one of each item\n|clearpoke\n|poke|p1|Basculegion, L50, M|\n|poke|p1|Sableye, L50, M|\n|poke|p1|Politoed, L50, M|\n|poke|p1|Scizor, L50, M|\n|poke|p1|Rillaboom, L50, M|\n|poke|p1|Rotom-Heat, L50|\n|poke|p2|Tornadus, L50, M|\n|poke|p2|Urshifu-*, L50, M|\n|poke|p2|Regidrago, L50|\n|poke|p2|Gholdengo, L50|\n|poke|p2|Rillaboom, L50, F|\n|poke|p2|Arcanine-Hisui, L50, F|\n|teampreview|4\n|j| muzikal\n|c|\u2606Chaotic Raos|glhf\nChaotic Raos has agreed to open team sheets.\n|c|\u2606AGSilver935|Good luck!\n|j| Bauerdad\n|\n|t:|1700615302\n|start\n|switch|p1a: King Kong|Rillaboom, L50, M|100\/100\n|switch|p1b: Pasty Maker|Rotom-Heat, L50, shiny|100\/100\n|switch|p2a: Rillaboom|Rillaboom, L50, F|100\/100\n|switch|p2b: Arcanine|Arcanine-Hisui, L50, F|100\/100\n|-ability|p2b: Arcanine|Intimidate|boost\n|-unboost|p1a: King Kong|atk|1\n|-unboost|p1b: Pasty Maker|atk|1\n|-fieldstart|move: Grassy Terrain|[from] ability: Grassy Surge|[of] p2a: Rillaboom\n|turn|1\n|\n|t:|1700615338\n|move|p2a: Rillaboom|Fake Out|p1b: Pasty Maker\n|-damage|p1b: Pasty Maker|79\/100\n|move|p1a: King Kong|Fake Out|p2b: Arcanine\n|-resisted|p2b: Arcanine\n|-damage|p2b: Arcanine|95\/100\n|cant|p1b: Pasty Maker|flinch\n|cant|p2b: Arcanine|flinch\n|\n|-heal|p2b: Arcanine|100\/100|[from] Grassy Terrain\n|upkeep\n|turn|2\n|\n|t:|1700615392\n|move|p1b: Pasty Maker|Overheat|p2a: Rillaboom\n|-supereffective|p2a: Rillaboom\n|-damage|p2a: Rillaboom|0 fnt\n|-unboost|p1b: Pasty Maker|spa|2\n|faint|p2a: Rillaboom\n|move|p2b: Arcanine|Flare Blitz|p1a: King Kong\n|-supereffective|p1a: King Kong\n|-damage|p1a: King Kong|0 fnt\n|faint|p1a: King Kong\n|-damage|p2b: Arcanine|66\/100|[from] Recoil\n|\n|-heal|p2b: Arcanine|72\/100|[from] Grassy Terrain\n|upkeep\n|\n|t:|1700615405\n|switch|p2a: Tornadus|Tornadus, L50, M|100\/100\n|switch|p1a: Legion|Basculegion, L50, M|100\/100\n|turn|3\n|\n|t:|1700615425\n|switch|p1b: Tahm Kench|Politoed, L50, M|100\/100\n|-weather|RainDance|[from] ability: Drizzle|[of] p1b: Tahm Kench\n|-terastallize|p2b: Arcanine|Water\n|move|p1a: Legion|Protect|p1a: Legion\n|-singleturn|p1a: Legion|Protect\n|move|p2a: Tornadus|Tailwind|p2a: Tornadus\n|-sidestart|p2: AGSilver935|move: Tailwind\n|move|p2b: Arcanine|Will-O-Wisp|p1a: Legion\n|-activate|p1a: Legion|move: Protect\n|\n|-weather|RainDance|[upkeep]\n|-heal|p2b: Arcanine|78\/100|[from] Grassy Terrain\n|upkeep\n|turn|4\n|\n|t:|1700615455\n|switch|p1a: Pasty Maker|Rotom-Heat, L50, shiny|79\/100\n|move|p2a: Tornadus|Bleakwind Storm|p1b: Tahm Kench|[spread] p1a,p1b\n|-resisted|p1a: Pasty Maker\n|-damage|p1a: Pasty Maker|57\/100\n|-damage|p1b: Tahm Kench|79\/100\n|move|p2b: Arcanine|Rock Slide|p1a: Pasty Maker|[spread] p1a,p1b\n|-supereffective|p1a: Pasty Maker\n|-damage|p1a: Pasty Maker|0 fnt\n|-damage|p1b: Tahm Kench|48\/100\n|-enditem|p1b: Tahm Kench|Sitrus Berry|[eat]\n|-heal|p1b: Tahm Kench|73\/100|[from] item: Sitrus Berry\n|faint|p1a: Pasty Maker\n|cant|p1b: Tahm Kench|flinch\n|\n|-weather|RainDance|[upkeep]\n|-heal|p2b: Arcanine|84\/100|[from] Grassy Terrain\n|-heal|p1b: Tahm Kench|79\/100|[from] Grassy Terrain\n|upkeep\n|\n|t:|1700615469\n|switch|p1a: Legion|Basculegion, L50, M|100\/100\n|turn|5\n|\n|t:|1700615477\n|move|p1a: Legion|Protect|p1a: Legion\n|-singleturn|p1a: Legion|Protect\n|move|p2a: Tornadus|Bleakwind Storm|p1a: Legion|[spread] p1b\n|-activate|p1a: Legion|move: Protect\n|-damage|p1b: Tahm Kench|59\/100\n|move|p2b: Arcanine|Will-O-Wisp|p1a: Legion\n|-activate|p1a: Legion|move: Protect\n|move|p1b: Tahm Kench|Icy Wind|p2a: Tornadus|[spread] p2a,p2b\n|-supereffective|p2a: Tornadus\n|-resisted|p2b: Arcanine\n|-crit|p2b: Arcanine\n|-damage|p2a: Tornadus|80\/100\n|-damage|p2b: Arcanine|76\/100\n|-unboost|p2a: Tornadus|spe|1\n|-unboost|p2b: Arcanine|spe|1\n|\n|-weather|RainDance|[upkeep]\n|-heal|p2b: Arcanine|83\/100|[from] Grassy Terrain\n|-heal|p1b: Tahm Kench|65\/100|[from] Grassy Terrain\n|-fieldend|move: Grassy Terrain\n|upkeep\n|turn|6\n|\n|t:|1700615512\n|move|p2a: Tornadus|Protect|p2a: Tornadus\n|-singleturn|p2a: Tornadus|Protect\n|move|p1b: Tahm Kench|Helping Hand|p1a: Legion\n|-singleturn|p1a: Legion|Helping Hand|[of] p1b: Tahm Kench\n|move|p1a: Legion|Last Respects|p2b: Arcanine\n|-damage|p2b: Arcanine|0 fnt\n|faint|p2b: Arcanine\n|\n|-weather|RainDance|[upkeep]\n|-sideend|p2: AGSilver935|move: Tailwind\n|upkeep\n|\n|t:|1700615521\n|switch|p2b: Regidrago|Regidrago, L50|100\/100\n|turn|7\n|\n|t:|1700615566\n|-terastallize|p1a: Legion|Water\n|move|p1b: Tahm Kench|Helping Hand|p1a: Legion\n|-singleturn|p1a: Legion|Helping Hand|[of] p1b: Tahm Kench\n|move|p1a: Legion|Aqua Jet|p2b: Regidrago\n|-resisted|p2b: Regidrago\n|-damage|p2b: Regidrago|59\/100\n|move|p2a: Tornadus|Tailwind|p2a: Tornadus\n|-sidestart|p2: AGSilver935|move: Tailwind\n|move|p2b: Regidrago|Dragon Energy|p1a: Legion|[spread] p1a,p1b\n|-damage|p1a: Legion|45\/100\n|-damage|p1b: Tahm Kench|28\/100\n|\n|-weather|none\n|upkeep\n|turn|8\n|\n|t:|1700615640\n|move|p1b: Tahm Kench|Helping Hand|p1a: Legion\n|-singleturn|p1a: Legion|Helping Hand|[of] p1b: Tahm Kench\n|move|p1a: Legion|Aqua Jet|p2a: Tornadus\n|-damage|p2a: Tornadus|31\/100\n|-damage|p1a: Legion|28\/100|[from] item: Rocky Helmet|[of] p2a: Tornadus\n|move|p2b: Regidrago|Draco Meteor|p1a: Legion\n|-damage|p1a: Legion|0 fnt\n|-unboost|p2b: Regidrago|spa|2\n|faint|p1a: Legion\n|move|p2a: Tornadus|Bleakwind Storm|p1b: Tahm Kench\n|-damage|p1b: Tahm Kench|0 fnt\n|faint|p1b: Tahm Kench\n|\n|win|AGSilver935\n|c|\u2606AGSilver935|gg\n|c|\u2606Chaotic Raos|ggs\n|l|\u2606AGSilver935\n|l| muzikal\n","uploadtime":1700615654,"views":6,"p1id":"chaoticraos","p2id":"agsilver935","formatid":"gen9vgc2023regulatione","rating":0,"private":0,"password":""}