{"id":"gen9vgc2023regulatione-1995796228","p1":"mythikz","p2":"KitchenIsInFlames","format":"[Gen 9] VGC 2023 Regulation E","log":"|j|\u2606mythikz\n|j|\u2606KitchenIsInFlames\n|n|\u2606mythikz|mythikz\n|n|\u2606KitchenIsInFlames|kitchenisinflames\n|html|View the match progress at <a href=\"\/game-bestof3-gen9vgc2023regulatione-1995789699\">game-bestof3-gen9vgc2023regulatione-1995789699<\/a>\n|t:|1700603998\n|gametype|doubles\n|player|p1|mythikz|n|\n|player|p2|KitchenIsInFlames|blue|\n|teamsize|p1|6\n|teamsize|p2|6\n|gen|9\n|tier|[Gen 9] VGC 2023 Regulation E\n|rated|Tournament battle\n|rule|Species Clause: Limit one of each Pok\u00e9mon\n|rule|Item Clause: Limit one of each item\n|clearpoke\n|poke|p1|Baxcalibur, L50, F|\n|poke|p1|Ogerpon, L50, F|\n|poke|p1|Iron Hands, L50|\n|poke|p1|Ninetales-Alola, L50, M|\n|poke|p1|Gyarados, L50, M|\n|poke|p1|Heatran, L50, M|\n|poke|p2|Landorus-Therian, L50, M|\n|poke|p2|Flutter Mane, L50|\n|poke|p2|Heatran, L50, M|\n|poke|p2|Iron Hands, L50|\n|poke|p2|Amoonguss, L50, F|\n|poke|p2|Roaring Moon, L50|\n|teampreview|4\n|showteam|p1|Baxcalibur||LoadedDice|ThermalExchange|Protect,ScaleShot,SwordsDance,IcicleSpear|||F|||50|,,,,,Water]Ogerpon||LifeOrb|Defiant|SpikyShield,Uturn,StompingTantrum,IvyCudgel|||F|||50|,,,,,Grass]Iron Hands||AssaultVest|QuarkDrive|FakeOut,HeavySlam,DrainPunch,WildCharge||||||50|,,,,,Grass]Ninetales-Alola||LightClay|SnowWarning|AuroraVeil,Protect,Moonblast,FreezeDry|||M|||50|,,,,,Water]Gyarados||SitrusBerry|Intimidate|Protect,TeraBlast,Taunt,Waterfall|||M|||50|,,,,,Ground]Heatran||Leftovers|FlashFire|LavaPlume,Protect,FlashCannon,MagmaStorm|||M|||50|,,,,,Flying\n|showteam|p2|Landorus-Therian||ChoiceScarf|Intimidate|StompingTantrum,TeraBlast,Uturn,RockSlide|||M|||50|,,,,,Flying]Flutter Mane||ChoiceSpecs|Protosynthesis|Moonblast,DazzlingGleam,ShadowBall,PerishSong||||||50|,,,,,Fairy]Heatran||LifeOrb|FlashFire|HeatWave,EarthPower,FlashCannon,Protect|||M|||50|,,,,,Fairy]Iron Hands||AssaultVest|QuarkDrive|FakeOut,DrainPunch,WildCharge,HeavySlam||||||50|,,,,,Grass]Amoonguss||RockyHelmet|Regenerator|Spore,RagePowder,PollenPuff,Protect|||F|||50|,,,,,Water]Roaring Moon||BoosterEnergy|Protosynthesis|Acrobatics,KnockOff,DragonDance,Protect||||||50|,,,,,Flying\n|\n|t:|1700604031\n|start\n|switch|p1a: Iron Hands|Iron Hands, L50|100\/100\n|switch|p1b: Ogerpon|Ogerpon, L50, F|100\/100\n|switch|p2a: Heatran|Heatran, L50, M|100\/100\n|switch|p2b: Iron Hands|Iron Hands, L50|100\/100\n|turn|1\n|\n|t:|1700604052\n|switch|p1b: Baxcalibur|Baxcalibur, L50, F|100\/100\n|-terastallize|p2a: Heatran|Fairy\n|move|p2b: Iron Hands|Fake Out|p1a: Iron Hands\n|-damage|p1a: Iron Hands|90\/100\n|move|p2a: Heatran|Heat Wave|p1b: Baxcalibur|[spread] p1a,p1b\n|-damage|p1a: Iron Hands|58\/100\n|-damage|p1b: Baxcalibur|55\/100\n|-ability|p1b: Baxcalibur|Thermal Exchange|boost\n|-boost|p1b: Baxcalibur|atk|1\n|-damage|p2a: Heatran|91\/100|[from] item: Life Orb\n|cant|p1a: Iron Hands|flinch\n|\n|upkeep\n|turn|2\n|\n|t:|1700604073\n|move|p1b: Baxcalibur|Protect|p1b: Baxcalibur\n|-singleturn|p1b: Baxcalibur|Protect\n|move|p2a: Heatran|Flash Cannon|p1b: Baxcalibur\n|-activate|p1b: Baxcalibur|move: Protect\n|move|p2b: Iron Hands|Wild Charge|p1b: Baxcalibur\n|-activate|p1b: Baxcalibur|move: Protect\n|move|p1a: Iron Hands|Wild Charge|p2a: Heatran\n|-damage|p2a: Heatran|43\/100\n|-damage|p1a: Iron Hands|49\/100|[from] Recoil\n|\n|upkeep\n|turn|3\n|\n|t:|1700604127\n|move|p1b: Baxcalibur|Icicle Spear|p2a: Heatran\n|-damage|p2a: Heatran|23\/100\n|-damage|p2a: Heatran|5\/100\n|-damage|p2a: Heatran|0 fnt\n|faint|p2a: Heatran\n|-hitcount|p2: Heatran|3\n|move|p2b: Iron Hands|Wild Charge|p1b: Baxcalibur\n|-resisted|p1b: Baxcalibur\n|-crit|p1b: Baxcalibur\n|-damage|p1b: Baxcalibur|24\/100\n|-damage|p2b: Iron Hands|94\/100|[from] Recoil\n|move|p1a: Iron Hands|Drain Punch|p2b: Iron Hands\n|-damage|p2b: Iron Hands|66\/100\n|-heal|p1a: Iron Hands|61\/100|[from] drain|[of] p2b: Iron Hands\n|\n|upkeep\n|\n|t:|1700604134\n|switch|p2a: Amoonguss|Amoonguss, L50, F|100\/100\n|turn|4\n|\n|t:|1700604159\n|move|p1b: Baxcalibur|Protect|p1b: Baxcalibur\n|-singleturn|p1b: Baxcalibur|Protect\n|move|p2a: Amoonguss|Protect|p2a: Amoonguss\n|-singleturn|p2a: Amoonguss|Protect\n|move|p2b: Iron Hands|Drain Punch|p1b: Baxcalibur\n|-activate|p1b: Baxcalibur|move: Protect\n|move|p1a: Iron Hands|Drain Punch|p2b: Iron Hands\n|-damage|p2b: Iron Hands|35\/100\n|-heal|p1a: Iron Hands|76\/100|[from] drain|[of] p2b: Iron Hands\n|\n|upkeep\n|turn|5\n|\n|t:|1700604185\n|-end|p2b: Iron Hands|Quark Drive|[silent]\n|switch|p2b: Landorus|Landorus-Therian, L50, M|100\/100\n|-ability|p2b: Landorus|Intimidate|boost\n|-unboost|p1a: Iron Hands|atk|1\n|-unboost|p1b: Baxcalibur|atk|1\n|move|p1b: Baxcalibur|Icicle Spear|p2a: Amoonguss\n|-supereffective|p2a: Amoonguss\n|-damage|p2a: Amoonguss|73\/100\n|-supereffective|p2a: Amoonguss\n|-damage|p2a: Amoonguss|49\/100\n|-supereffective|p2a: Amoonguss\n|-damage|p2a: Amoonguss|24\/100\n|-supereffective|p2a: Amoonguss\n|-damage|p2a: Amoonguss|0 fnt\n|faint|p2a: Amoonguss\n|-hitcount|p2: Amoonguss|4\n|move|p1a: Iron Hands|Drain Punch|p2b: Landorus\n|-resisted|p2b: Landorus\n|-damage|p2b: Landorus|83\/100\n|-heal|p1a: Iron Hands|82\/100|[from] drain|[of] p2b: Landorus\n|\n|upkeep\n|\n|t:|1700604187\n|switch|p2a: Iron Hands|Iron Hands, L50|35\/100\n|turn|6\n|\n|t:|1700604206\n|move|p1b: Baxcalibur|Protect|p1b: Baxcalibur\n|-singleturn|p1b: Baxcalibur|Protect\n|move|p2a: Iron Hands|Fake Out|p1b: Baxcalibur\n|-activate|p1b: Baxcalibur|move: Protect\n|move|p2b: Landorus|Stomping Tantrum|p1a: Iron Hands\n|-supereffective|p1a: Iron Hands\n|-damage|p1a: Iron Hands|25\/100\n|move|p1a: Iron Hands|Drain Punch|p2a: Iron Hands\n|-damage|p2a: Iron Hands|15\/100\n|-heal|p1a: Iron Hands|34\/100|[from] drain|[of] p2a: Iron Hands\n|\n|upkeep\n|turn|7\n|\n|t:|1700604229\n|-end|p1a: Iron Hands|Quark Drive|[silent]\n|switch|p1a: Gyarados|Gyarados, L50, M|100\/100\n|-ability|p1a: Gyarados|Intimidate|boost\n|-unboost|p2a: Iron Hands|atk|1\n|-unboost|p2b: Landorus|atk|1\n|move|p2b: Landorus|Stomping Tantrum|p1b: Baxcalibur\n|-damage|p1b: Baxcalibur|0 fnt\n|faint|p1b: Baxcalibur\n|move|p2a: Iron Hands|Drain Punch|p1a: Gyarados\n|-resisted|p1a: Gyarados\n|-damage|p1a: Gyarados|88\/100\n|-heal|p2a: Iron Hands|20\/100|[from] drain|[of] p1a: Gyarados\n|\n|upkeep\n|\n|t:|1700604241\n|switch|p1b: Iron Hands|Iron Hands, L50|34\/100\n|turn|8\n|\n|t:|1700604253\n|-terastallize|p1b: Iron Hands|Grass\n|move|p2b: Landorus|Stomping Tantrum|p1b: Iron Hands\n|-resisted|p1b: Iron Hands\n|-damage|p1b: Iron Hands|24\/100\n|move|p1a: Gyarados|Waterfall|p2b: Landorus\n|-supereffective|p2b: Landorus\n|-damage|p2b: Landorus|8\/100\n|move|p2a: Iron Hands|Wild Charge|p1a: Gyarados\n|-supereffective|p1a: Gyarados\n|-crit|p1a: Gyarados\n|-damage|p1a: Gyarados|0 fnt\n|faint|p1a: Gyarados\n|-damage|p2a: Iron Hands|1\/100|[from] Recoil\n|move|p1b: Iron Hands|Drain Punch|p2a: Iron Hands\n|-damage|p2a: Iron Hands|0 fnt\n|-heal|p1b: Iron Hands|24\/100|[from] drain|[of] p2a: Iron Hands\n|faint|p2a: Iron Hands\n|-end|p2a: Iron Hands|Quark Drive|[silent]\n|\n|upkeep\n|\n|t:|1700604269\n|switch|p1a: Ogerpon|Ogerpon, L50, F|100\/100\n|turn|9\n|c|\u2606KitchenIsInFlames|gg wp\n|\n|t:|1700604280\n|move|p2b: Landorus|Stomping Tantrum|p1b: Iron Hands\n|-resisted|p1b: Iron Hands\n|-damage|p1b: Iron Hands|14\/100\n|move|p1a: Ogerpon|Ivy Cudgel|p2b: Landorus\n|-crit|p2b: Landorus\n|-damage|p2b: Landorus|0 fnt\n|faint|p2b: Landorus\n|-damage|p1a: Ogerpon|91\/100|[from] item: Life Orb\n|\n|win|mythikz\n|c|\u2606mythikz|ggwp\n","uploadtime":1700604284,"views":0,"p1id":"mythikz","p2id":"kitchenisinflames","formatid":"gen9vgc2023regulatione","rating":0,"private":0,"password":""}