{"id":"gen9vgc2023regulatione-1995728005","p1":"OfficerQuaxly","p2":"Cozy Snail","format":"[Gen 9] VGC 2023 Regulation E","log":"|j|\u2606OfficerQuaxly\n|j|\u2606Cozy Snail\n|n|\u2606OfficerQuaxly|officerquaxly\n|n|\u2606Cozy Snail|cozysnail\n|html|View the match progress at <a href=\"\/game-bestof3-gen9vgc2023regulatione-1995716900\">game-bestof3-gen9vgc2023regulatione-1995716900<\/a>\n|t:|1700597603\n|gametype|doubles\n|player|p1|OfficerQuaxly|larry|\n|player|p2|Cozy Snail|fisherman-gen4|\n|teamsize|p1|6\n|teamsize|p2|6\n|gen|9\n|tier|[Gen 9] VGC 2023 Regulation E\n|rule|Species Clause: Limit one of each Pok\u00e9mon\n|rule|Item Clause: Limit one of each item\n|clearpoke\n|poke|p1|Honchkrow, L50, M|\n|poke|p1|Ursaluna, L50, M|\n|poke|p1|Arcanine-Hisui, L50, M|\n|poke|p1|Sinistcha-Masterpiece, L50|\n|poke|p1|Basculegion-F, L50, F|\n|poke|p1|Hariyama, L50, M|\n|poke|p2|Heatran, L50, F|\n|poke|p2|Landorus-Therian, L50, M|\n|poke|p2|Illumise, L50, F|\n|poke|p2|Enamorus-Therian, L50, F|\n|poke|p2|Blissey, L50, F|\n|poke|p2|Vikavolt, L50, F|\n|teampreview|4\n|j| downfall18\n|c| downfall18|HYYPE HYPW HYPE\n|j| OmegaAlpha01\n|c|\u2606Cozy Snail|glhf this match has been super fun so far\n|c|\u2606OfficerQuaxly|glhf!\n|\n|t:|1700597746\n|start\n|switch|p1a: Honchkrow|Honchkrow, L50, M|100\/100\n|switch|p1b: Basculegion|Basculegion-F, L50, F|100\/100\n|switch|p2a: Landorus|Landorus-Therian, L50, M, shiny|100\/100\n|switch|p2b: Vikavolt|Vikavolt, L50, F|100\/100\n|-ability|p2a: Landorus|Intimidate|boost\n|-unboost|p1a: Honchkrow|atk|1\n|-unboost|p1b: Basculegion|atk|1\n|turn|1\n|\n|t:|1700597791\n|switch|p1a: Arcanine|Arcanine-Hisui, L50, M|100\/100\n|-ability|p1a: Arcanine|Intimidate|boost\n|-fail|p2a: Landorus|unboost|[from] item: Clear Amulet|[of] p2a: Landorus\n|-unboost|p2b: Vikavolt|atk|1\n|-terastallize|p1b: Basculegion|Ghost\n|move|p2a: Landorus|Rock Slide|p1b: Basculegion|[spread] p1a,p1b\n|-supereffective|p1a: Arcanine\n|-damage|p1a: Arcanine|57\/100\n|-damage|p1b: Basculegion|74\/100\n|move|p1b: Basculegion|Hydro Pump|p2a: Landorus|[miss]\n|-miss|p1b: Basculegion|p2a: Landorus\n|move|p2b: Vikavolt|Volt Switch|p1b: Basculegion\n|-damage|p1b: Basculegion|30\/100\n|\n|t:|1700597806\n|switch|p2b: Illumise|Illumise, L50, F, shiny|100\/100|[from] Volt Switch\n|\n|upkeep\n|turn|2\n|c|\u2606OfficerQuaxly|gg lol\n|\n|t:|1700597827\n|move|p2b: Illumise|Tailwind|p2b: Illumise\n|-sidestart|p2: Cozy Snail|move: Tailwind\n|move|p2a: Landorus|Earthquake|p1a: Arcanine|[spread] p2b,p1a,p1b\n|-resisted|p2b: Illumise\n|-supereffective|p1a: Arcanine\n|-damage|p2b: Illumise|81\/100\n|-damage|p1a: Arcanine|0 fnt\n|-damage|p1b: Basculegion|0 fnt\n|faint|p1a: Arcanine\n|faint|p1b: Basculegion\n|\n|upkeep\n|\n|t:|1700597835\n|switch|p1a: Honchkrow|Honchkrow, L50, M|100\/100\n|switch|p1b: Sinistcha|Sinistcha-Masterpiece, L50|100\/100\n|turn|3\n|\n|t:|1700597843\n|move|p2a: Landorus|Rock Slide|p1b: Sinistcha|[spread] p1a,p1b\n|-supereffective|p1a: Honchkrow\n|-damage|p1a: Honchkrow|33\/100\n|-damage|p1b: Sinistcha|82\/100\n|move|p2b: Illumise|Struggle Bug|p1a: Honchkrow|[spread] p1a,p1b\n|-damage|p1a: Honchkrow|18\/100\n|-damage|p1b: Sinistcha|70\/100\n|-unboost|p1a: Honchkrow|spa|1\n|-unboost|p1b: Sinistcha|spa|1\n|move|p1a: Honchkrow|Night Slash|p2a: Landorus\n|-damage|p2a: Landorus|60\/100\n|move|p1b: Sinistcha|Matcha Gotcha|p2b: Illumise|[spread] p2a,p2b\n|-resisted|p2b: Illumise\n|-damage|p2a: Landorus|38\/100\n|-heal|p1b: Sinistcha|81\/100|[from] drain|[of] p2a: Landorus\n|-damage|p2b: Illumise|71\/100\n|-heal|p1b: Sinistcha|86\/100|[from] drain|[of] p2b: Illumise\n|-status|p2a: Landorus|brn\n|\n|-heal|p1b: Sinistcha|93\/100|[from] item: Leftovers\n|-damage|p2a: Landorus|32\/100 brn|[from] brn\n|upkeep\n|turn|4\n|\n|t:|1700597871\n|move|p2a: Landorus|Rock Slide|p1b: Sinistcha|[spread] p1a,p1b\n|-supereffective|p1a: Honchkrow\n|-damage|p1a: Honchkrow|0 fnt\n|-damage|p1b: Sinistcha|83\/100\n|faint|p1a: Honchkrow\n|move|p2b: Illumise|Struggle Bug|p1b: Sinistcha\n|-damage|p1b: Sinistcha|69\/100\n|-unboost|p1b: Sinistcha|spa|1\n|move|p1b: Sinistcha|Matcha Gotcha|p2b: Illumise|[spread] p2a,p2b\n|-resisted|p2b: Illumise\n|-damage|p2a: Landorus|14\/100 brn\n|-heal|p1b: Sinistcha|79\/100|[from] drain|[of] p2a: Landorus\n|-damage|p2b: Illumise|64\/100\n|-heal|p1b: Sinistcha|82\/100|[from] drain|[of] p2b: Illumise\n|\n|-heal|p1b: Sinistcha|89\/100|[from] item: Leftovers\n|-damage|p2a: Landorus|8\/100 brn|[from] brn\n|upkeep\n|turn|5\n|\n|t:|1700597892\n|move|p2a: Landorus|Rock Slide|p1b: Sinistcha\n|-damage|p1b: Sinistcha|75\/100\n|move|p2b: Illumise|Struggle Bug|p1b: Sinistcha\n|-damage|p1b: Sinistcha|61\/100\n|-unboost|p1b: Sinistcha|spa|1\n|cant|p1b: Sinistcha|flinch\n|\n|-heal|p1b: Sinistcha|68\/100|[from] item: Leftovers\n|-damage|p2a: Landorus|2\/100 brn|[from] brn\n|-sideend|p2: Cozy Snail|move: Tailwind\n|upkeep\n|turn|6\n|c|\u2606Cozy Snail|that sinistcha has bulkkk\n|\n|t:|1700597908\n|move|p1b: Sinistcha|Rage Powder|p1b: Sinistcha\n|-singleturn|p1b: Sinistcha|move: Rage Powder\n|move|p2a: Landorus|Rock Slide|p1b: Sinistcha\n|-damage|p1b: Sinistcha|55\/100\n|move|p2b: Illumise|Struggle Bug|p1b: Sinistcha\n|-damage|p1b: Sinistcha|40\/100\n|-unboost|p1b: Sinistcha|spa|1\n|\n|-heal|p1b: Sinistcha|46\/100|[from] item: Leftovers\n|-damage|p2a: Landorus|0 fnt|[from] brn\n|faint|p2a: Landorus\n|upkeep\n|\n|t:|1700597920\n|switch|p2a: Heatran|Heatran, L50, F, shiny|100\/100\n|turn|7\n|c| OmegaAlpha01|the rage powder lol\n|c|\u2606OfficerQuaxly|yeah like just kill my sinistcha\n|c|\u2606OfficerQuaxly|Why waste time LOL\n|\n|t:|1700597935\n|move|p1b: Sinistcha|Rage Powder|p1b: Sinistcha\n|-singleturn|p1b: Sinistcha|move: Rage Powder\n|move|p2b: Illumise|Encore|p1b: Sinistcha\n|-start|p1b: Sinistcha|Encore\n|move|p2a: Heatran|Heat Wave|p1b: Sinistcha|[miss]\n|-miss|p2a: Heatran|p1b: Sinistcha\n|\n|-heal|p1b: Sinistcha|52\/100|[from] item: Leftovers\n|upkeep\n|turn|8\n|c|\u2606OfficerQuaxly|and me clicking matcha just makes it longer\n|c|\u2606Cozy Snail|i dont have any good moves lol\n|\n|t:|1700597950\n|move|p1b: Sinistcha|Rage Powder|p1b: Sinistcha\n|-singleturn|p1b: Sinistcha|move: Rage Powder\n|move|p2b: Illumise|Struggle Bug|p1b: Sinistcha\n|-damage|p1b: Sinistcha|37\/100\n|-unboost|p1b: Sinistcha|spa|1\n|move|p2a: Heatran|Heat Wave|p1b: Sinistcha\n|-supereffective|p1b: Sinistcha\n|-damage|p1b: Sinistcha|0 fnt\n|faint|p1b: Sinistcha\n|\n|win|Cozy Snail\n|c| OmegaAlpha01|there we go\n|c|\u2606OfficerQuaxly|couldve just encored and swap in heatran LOL\n|c|\u2606OfficerQuaxly|gg\n","uploadtime":1700597962,"views":11,"p1id":"officerquaxly","p2id":"cozysnail","formatid":"gen9vgc2023regulatione","rating":0,"private":0,"password":""}