{"id":"gen9vgc2023regulatione-1991496642","p1":"megamandropsjan7","p2":"alekipapa","format":"[Gen 9] VGC 2023 Regulation E","log":"|j|\u2606megamandropsjan7\n|j|\u2606alekipapa\n|t:|1700082290\n|gametype|doubles\n|player|p1|megamandropsjan7|pokemaniac|1182\n|player|p2|alekipapa|265|1181\n|teamsize|p1|6\n|teamsize|p2|6\n|gen|9\n|tier|[Gen 9] VGC 2023 Regulation E\n|rated|\n|rule|Species Clause: Limit one of each Pok\u00e9mon\n|rule|Item Clause: Limit one of each item\n|clearpoke\n|poke|p1|Golem-Alola, L50, F|\n|poke|p1|Sinistcha, L50|\n|poke|p1|Dondozo, L50, F|\n|poke|p1|Iron Hands, L50|\n|poke|p1|Maushold, L50|\n|poke|p1|Rabsca, L50, M|\n|poke|p2|Flamigo, L50, M|\n|poke|p2|Dondozo, L50, M|\n|poke|p2|Tatsugiri, L50, M|\n|poke|p2|Cetitan, L50, M|\n|poke|p2|Annihilape, L50, M|\n|poke|p2|Maushold, L50|\n|teampreview|4\nalekipapa rejected open team sheets.\n|inactive|Battle timer is ON: inactive players will automatically lose when time's up. (requested by alekipapa)\n|\n|t:|1700082308\n|start\n|switch|p1a: Golem|Golem-Alola, L50, F|100\/100\n|switch|p1b: Sinistcha|Sinistcha, L50|100\/100\n|switch|p2a: Tatsugiri|Tatsugiri, L50, M|100\/100\n|switch|p2b: Annihilape|Annihilape, L50, M|100\/100\n|turn|1\n|\n|t:|1700082327\n|-terastallize|p1a: Golem|Electric\n|move|p2b: Annihilape|Phantom Force||[still]\n|-prepare|p2b: Annihilape|Phantom Force\n|move|p2a: Tatsugiri|Muddy Water|p1b: Sinistcha|[spread] p1a,p1b\n|-resisted|p1b: Sinistcha\n|-damage|p1a: Golem|57\/100\n|-damage|p1b: Sinistcha|84\/100\n|move|p1a: Golem|Body Slam|p2a: Tatsugiri\n|-damage|p2a: Tatsugiri|0 fnt\n|faint|p2a: Tatsugiri\n|move|p1b: Sinistcha|Trick Room|p1b: Sinistcha\n|-fieldstart|move: Trick Room|[of] p1b: Sinistcha\n|\n|upkeep\n|\n|t:|1700082340\n|switch|p2a: Dondozo|Dondozo, L50, M|100\/100\n|turn|2\n|\n|t:|1700082355\n|-terastallize|p2a: Dondozo|Dragon\n|move|p1a: Golem|Protect|p1a: Golem\n|-singleturn|p1a: Golem|Protect\n|move|p2a: Dondozo|Substitute|p2a: Dondozo\n|-start|p2a: Dondozo|Substitute\n|-damage|p2a: Dondozo|76\/100\n|move|p1b: Sinistcha|Matcha Gotcha|p2a: Dondozo|[spread] p2a\n|-miss|p1b: Sinistcha|p2b: Annihilape\n|-resisted|p2a: Dondozo\n|-activate|p2a: Dondozo|move: Substitute|[damage]\n|-heal|p1b: Sinistcha|91\/100|[from] drain|[of] p2a: Dondozo\n|move|p2b: Annihilape|Phantom Force|p1b: Sinistcha|[from]lockedmove\n|-supereffective|p1b: Sinistcha\n|-damage|p1b: Sinistcha|14\/100\n|\n|-heal|p2a: Dondozo|82\/100|[from] item: Leftovers\n|upkeep\n|turn|3\n|inactive|megamandropsjan7 has 30 seconds left.\n|\n|t:|1700082382\n|move|p2a: Dondozo|Protect|p2a: Dondozo\n|-singleturn|p2a: Dondozo|Protect\n|move|p1a: Golem|Body Slam|p2b: Annihilape\n|-damage|p2b: Annihilape|7\/100\n|-status|p2b: Annihilape|par\n|move|p1b: Sinistcha|Matcha Gotcha|p2a: Dondozo|[spread] p2b\n|-activate|p2a: Dondozo|move: Protect\n|-crit|p2b: Annihilape\n|-damage|p2b: Annihilape|0 fnt\n|-heal|p1b: Sinistcha|18\/100|[from] drain|[of] p2b: Annihilape\n|faint|p2b: Annihilape\n|\n|-heal|p2a: Dondozo|88\/100|[from] item: Leftovers\n|upkeep\n|\n|t:|1700082393\n|switch|p2b: Flamigo|Flamigo, L50, M|100\/100\n|-copyboost|p2b: Flamigo|p2a: Dondozo|[from] ability: Costar\n|turn|4\n|\n|t:|1700082416\n|move|p1a: Golem|Body Slam|p2b: Flamigo\n|-supereffective|p2b: Flamigo\n|-damage|p2b: Flamigo|0 fnt\n|faint|p2b: Flamigo\n|move|p2a: Dondozo|Order Up|p1b: Sinistcha\n|-damage|p1b: Sinistcha|0 fnt\n|faint|p1b: Sinistcha\n|\n|-heal|p2a: Dondozo|94\/100|[from] item: Leftovers\n|upkeep\n|\n|t:|1700082427\n|switch|p1b: Rabsca|Rabsca, L50, M|100\/100\n|turn|5\n|\n|t:|1700082447\n|move|p2a: Dondozo|Protect|p2a: Dondozo\n|-singleturn|p2a: Dondozo|Protect\n|move|p1a: Golem|Body Slam|p2a: Dondozo\n|-activate|p2a: Dondozo|move: Protect\n|move|p1b: Rabsca|Psychic|p2a: Dondozo\n|-activate|p2a: Dondozo|move: Protect\n|\n|-heal|p2a: Dondozo|100\/100|[from] item: Leftovers\n|-fieldend|move: Trick Room\n|upkeep\n|turn|6\n|\n|t:|1700082468\n|move|p1a: Golem|Protect|p1a: Golem\n|-singleturn|p1a: Golem|Protect\n|move|p2a: Dondozo|Order Up|p1a: Golem\n|-activate|p1a: Golem|move: Protect\n|move|p1b: Rabsca|Trick Room|p1b: Rabsca\n|-fieldstart|move: Trick Room|[of] p1b: Rabsca\n|\n|upkeep\n|turn|7\n|\n|t:|1700082484\n|move|p2a: Dondozo|Protect|p2a: Dondozo\n|-singleturn|p2a: Dondozo|Protect\n|move|p1a: Golem|Body Slam|p2a: Dondozo\n|-activate|p2a: Dondozo|move: Protect\n|move|p1b: Rabsca|Psychic|p2a: Dondozo\n|-activate|p2a: Dondozo|move: Protect\n|\n|upkeep\n|turn|8\n|inactive|megamandropsjan7 has 30 seconds left.\n|\n|t:|1700082511\n|move|p1a: Golem|Body Slam|p2a: Dondozo\n|-resisted|p2a: Dondozo\n|-end|p2a: Dondozo|Substitute\n|move|p2a: Dondozo|Order Up|p1a: Golem\n|-damage|p1a: Golem|33\/100\n|move|p1b: Rabsca|Psychic|p2a: Dondozo\n|-damage|p2a: Dondozo|74\/100\n|\n|-heal|p2a: Dondozo|80\/100|[from] item: Leftovers\n|upkeep\n|turn|9\n|\n|t:|1700082527\n|move|p2a: Dondozo|Protect|p2a: Dondozo\n|-singleturn|p2a: Dondozo|Protect\n|move|p1a: Golem|Explosion|p2a: Dondozo|[spread] \n|-activate|p2a: Dondozo|move: Protect\n|-activate|p1b: Rabsca|ability: Telepathy\n|faint|p1a: Golem\n|move|p1b: Rabsca|Revival Blessing|p1b: Rabsca\n|-enditem|p1b: Rabsca|Leppa Berry|[eat]\n|-activate|p1b: Rabsca|item: Leppa Berry|Revival Blessing|[consumed]\n|\n|t:|1700082535\n|-heal|p1: Golem|50\/100|[from] move: Revival Blessing\n|\n|-heal|p2a: Dondozo|86\/100|[from] item: Leftovers\n|upkeep\n|switch|p1a: Golem|Golem-Alola, L50, F|50\/100\n|turn|10\n|\n|t:|1700082548\n|move|p1a: Golem|Explosion|p2a: Dondozo|[spread] p2a\n|-activate|p1b: Rabsca|ability: Telepathy\n|-resisted|p2a: Dondozo\n|-damage|p2a: Dondozo|45\/100\n|faint|p1a: Golem\n|move|p2a: Dondozo|Substitute|p2a: Dondozo\n|-start|p2a: Dondozo|Substitute\n|-damage|p2a: Dondozo|20\/100\n|move|p1b: Rabsca|Revival Blessing|p1b: Rabsca\n|\n|t:|1700082556\n|-heal|p1: Golem|50\/100|[from] move: Revival Blessing\n|\n|-heal|p2a: Dondozo|27\/100|[from] item: Leftovers\n|-fieldend|move: Trick Room\n|upkeep\n|switch|p1a: Golem|Golem-Alola, L50, F|50\/100\n|turn|11\n|\n|t:|1700082567\n|move|p2a: Dondozo|Protect|p2a: Dondozo\n|-singleturn|p2a: Dondozo|Protect\n|move|p1a: Golem|Protect|p1a: Golem\n|-singleturn|p1a: Golem|Protect\n|move|p1b: Rabsca|Trick Room|p1b: Rabsca\n|-fieldstart|move: Trick Room|[of] p1b: Rabsca\n|\n|-heal|p2a: Dondozo|33\/100|[from] item: Leftovers\n|upkeep\n|turn|12\n|\n|t:|1700082582\n|move|p1a: Golem|Body Slam|p2a: Dondozo\n|-resisted|p2a: Dondozo\n|-activate|p2a: Dondozo|move: Substitute|[damage]\n|move|p2a: Dondozo|Order Up|p1b: Rabsca\n|-damage|p1b: Rabsca|69\/100\n|move|p1b: Rabsca|Psychic|p2a: Dondozo\n|-end|p2a: Dondozo|Substitute\n|\n|-heal|p2a: Dondozo|39\/100|[from] item: Leftovers\n|upkeep\n|turn|13\n|\n|t:|1700082597\n|move|p1a: Golem|Body Slam|p2a: Dondozo\n|-resisted|p2a: Dondozo\n|-damage|p2a: Dondozo|18\/100\n|-status|p2a: Dondozo|par\n|cant|p2a: Dondozo|par\n|move|p1b: Rabsca|Psychic|p2a: Dondozo\n|-damage|p2a: Dondozo|0 fnt\n|faint|p2a: Dondozo\n|\n|win|megamandropsjan7\n|raw|megamandropsjan7's rating: 1182 &rarr; <strong>1207<\/strong><br \/>(+25 for winning)\n|raw|alekipapa's rating: 1181 &rarr; <strong>1156<\/strong><br \/>(-25 for losing)\n|l|\u2606alekipapa\n","uploadtime":1700082870,"views":10,"p1id":"megamandropsjan7","p2id":"alekipapa","formatid":"gen9vgc2023regulatione","rating":1156,"private":0,"password":""}