{"id":"gen9vgc2023regulatione-1992968110","p1":"Cybery1","p2":"Pr1ncip3","format":"[Gen 9] VGC 2023 Regulation E","log":"|j|\u2606Cybery1\n|j|\u2606Pr1ncip3\n|t:|1700251195\n|gametype|doubles\n|player|p1|Cybery1|170|1176\n|player|p2|Pr1ncip3|266|1170\n|teamsize|p1|6\n|teamsize|p2|6\n|gen|9\n|tier|[Gen 9] VGC 2023 Regulation E\n|rated|\n|rule|Species Clause: Limit one of each Pok\u00e9mon\n|rule|Item Clause: Limit one of each item\n|clearpoke\n|poke|p1|Iron Bundle, L50|\n|poke|p1|Flutter Mane, L50|\n|poke|p1|Clefairy, L50, F|\n|poke|p1|Landorus-Therian, L50, M|\n|poke|p1|Ogerpon-Hearthflame, L50, F|\n|poke|p1|Iron Hands, L50|\n|poke|p2|Heatran, L50, M|\n|poke|p2|Ninetales-Alola, L50, M|\n|poke|p2|Sinistcha, L50|\n|poke|p2|Gyarados, L50, M|\n|poke|p2|Ursaluna-Bloodmoon, L50, M|\n|poke|p2|Iron Hands, L50|\n|teampreview|4\n|inactive|Battle timer is ON: inactive players will automatically lose when time's up. (requested by Cybery1)\n|inactive|Pr1ncip3 has 60 seconds left.\n|\n|t:|1700251281\n|start\n|switch|p1a: Iron Hands|Iron Hands, L50|100\/100\n|switch|p1b: Iron Bundle|Iron Bundle, L50, shiny|100\/100\n|switch|p2a: Sinistcha|Sinistcha, L50|100\/100\n|switch|p2b: Iron Hands|Iron Hands, L50|100\/100\n|-enditem|p1b: Iron Bundle|Booster Energy\n|-activate|p1b: Iron Bundle|ability: Quark Drive|[fromitem]\n|-start|p1b: Iron Bundle|quarkdrivespe\n|turn|1\n|inactive|Cybery1 has 30 seconds left.\n|\n|t:|1700251310\n|move|p2b: Iron Hands|Fake Out|p1b: Iron Bundle\n|-damage|p1b: Iron Bundle|83\/100\n|move|p1a: Iron Hands|Fake Out|p2b: Iron Hands\n|-damage|p2b: Iron Hands|91\/100\n|cant|p1b: Iron Bundle|flinch\n|move|p2a: Sinistcha|Trick Room|p2a: Sinistcha\n|-fieldstart|move: Trick Room|[of] p2a: Sinistcha\n|\n|upkeep\n|turn|2\n|inactive|Pr1ncip3 has 30 seconds left.\n|\n|t:|1700251344\n|move|p1b: Iron Bundle|Protect|p1b: Iron Bundle\n|-singleturn|p1b: Iron Bundle|Protect\n|move|p1a: Iron Hands|Drain Punch|p2b: Iron Hands\n|-damage|p2b: Iron Hands|60\/100\n|move|p2b: Iron Hands|Drain Punch|p1b: Iron Bundle\n|-activate|p1b: Iron Bundle|move: Protect\n|move|p2a: Sinistcha|Strength Sap|p1a: Iron Hands\n|-unboost|p1a: Iron Hands|atk|1\n|\n|upkeep\n|turn|3\n|\n|t:|1700251362\n|-end|p1a: Iron Hands|Quark Drive|[silent]\n|switch|p1a: Landorus|Landorus-Therian, L50, M|100\/100\n|-ability|p1a: Landorus|Intimidate|boost\n|-unboost|p2a: Sinistcha|atk|1\n|-unboost|p2b: Iron Hands|atk|1\n|move|p2b: Iron Hands|Drain Punch|p1a: Landorus\n|-resisted|p1a: Landorus\n|-damage|p1a: Landorus|85\/100\n|-heal|p2b: Iron Hands|66\/100|[from] drain|[of] p1a: Landorus\n|move|p2a: Sinistcha|Matcha Gotcha|p1a: Landorus|[spread] p1b\n|-miss|p2a: Sinistcha|p1a: Landorus\n|-supereffective|p1b: Iron Bundle\n|-damage|p1b: Iron Bundle|0 fnt\n|faint|p1b: Iron Bundle\n|-end|p1b: Iron Bundle|Quark Drive|[silent]\n|\n|upkeep\n|\n|t:|1700251377\n|switch|p1b: Iron Hands|Iron Hands, L50|100\/100\n|turn|4\n|inactive|Pr1ncip3 has 30 seconds left.\n|inactive|Pr1ncip3 has 20 seconds left.\n|\n|t:|1700251413\n|-end|p2b: Iron Hands|Quark Drive|[silent]\n|switch|p2b: Ursaluna|Ursaluna-Bloodmoon, L50, M|100\/100\n|move|p1b: Iron Hands|Fake Out|p2b: Ursaluna\n|-damage|p2b: Ursaluna|90\/100\n|move|p2a: Sinistcha|Strength Sap|p1b: Iron Hands\n|-unboost|p1b: Iron Hands|atk|1\n|move|p1a: Landorus|U-turn|p2a: Sinistcha\n|-damage|p2a: Sinistcha|79\/100\n|\n|t:|1700251435\n|switch|p1a: Ogerpon|Ogerpon-Hearthflame, L50, F|100\/100|[from] U-turn\n|-ability|p1a: Ogerpon|Mold Breaker\n|\n|-heal|p2b: Ursaluna|96\/100|[from] item: Leftovers\n|upkeep\n|turn|5\n|inactive|Cybery1 has 30 seconds left.\n|inactive|Pr1ncip3 has 30 seconds left.\n|\n|t:|1700251470\n|-terastallize|p2b: Ursaluna|Poison\n|move|p1a: Ogerpon|Spiky Shield|p1a: Ogerpon\n|-singleturn|p1a: Ogerpon|move: Protect\n|move|p1b: Iron Hands|Drain Punch|p2b: Ursaluna\n|-resisted|p2b: Ursaluna\n|-damage|p2b: Ursaluna|86\/100\n|move|p2b: Ursaluna|Calm Mind|p2b: Ursaluna\n|-boost|p2b: Ursaluna|spa|1\n|-boost|p2b: Ursaluna|spd|1\n|move|p2a: Sinistcha|Matcha Gotcha|p1b: Iron Hands|[spread] p1b\n|-activate|p1a: Ogerpon|move: Protect\n|-damage|p1b: Iron Hands|86\/100\n|-heal|p2a: Sinistcha|89\/100|[from] drain|[of] p1b: Iron Hands\n|\n|-heal|p2b: Ursaluna|92\/100|[from] item: Leftovers\n|-fieldend|move: Trick Room\n|upkeep\n|turn|6\n|inactive|Cybery1 has 30 seconds left.\n|inactive|Pr1ncip3 has 30 seconds left.\n|inactive|Pr1ncip3 has 20 seconds left.\n|inactive|Pr1ncip3 has 15 seconds left.\n|inactive|Pr1ncip3 has 10 seconds left.\n|\n|t:|1700251517\n|switch|p2a: Heatran|Heatran, L50, M|100\/100\n|move|p1a: Ogerpon|Ivy Cudgel|p2a: Heatran|[anim] Ivy Cudgel Fire\n|-damage|p2a: Heatran|54\/100\n|move|p2b: Ursaluna|Blood Moon|p1a: Ogerpon\n|-damage|p1a: Ogerpon|0 fnt\n|faint|p1a: Ogerpon\n|move|p1b: Iron Hands|Heavy Slam|p2a: Heatran\n|-resisted|p2a: Heatran\n|-damage|p2a: Heatran|52\/100\n|\n|-heal|p2b: Ursaluna|99\/100|[from] item: Leftovers\n|upkeep\n|\n|t:|1700251531\n|switch|p1a: Landorus|Landorus-Therian, L50, M|85\/100\n|-ability|p1a: Landorus|Intimidate|boost\n|-unboost|p2a: Heatran|atk|1\n|-unboost|p2b: Ursaluna|atk|1\n|turn|7\n|\n|t:|1700251550\n|switch|p2a: Sinistcha|Sinistcha, L50|89\/100\n|-heal|p2b: Ursaluna|100\/100|[from] ability: Hospitality|[of] p2a: Sinistcha\n|move|p2b: Ursaluna|Protect|p2b: Ursaluna\n|-singleturn|p2b: Ursaluna|Protect\n|move|p1a: Landorus|Stomping Tantrum|p2b: Ursaluna\n|-activate|p2b: Ursaluna|move: Protect\n|move|p1b: Iron Hands|Drain Punch|p2a: Sinistcha\n|-immune|p2a: Sinistcha\n|\n|upkeep\n|turn|8\n|\n|t:|1700251573\n|switch|p2b: Iron Hands|Iron Hands, L50|66\/100\n|move|p1a: Landorus|Stomping Tantrum|p2b: Iron Hands\n|-supereffective|p2b: Iron Hands\n|-damage|p2b: Iron Hands|8\/100\n|move|p1b: Iron Hands|Heavy Slam|p2a: Sinistcha\n|-damage|p2a: Sinistcha|66\/100\n|move|p2a: Sinistcha|Trick Room|p2a: Sinistcha\n|-fieldstart|move: Trick Room|[of] p2a: Sinistcha\n|\n|upkeep\n|turn|9\n|inactive|Cybery1 has 30 seconds left.\n|inactive|Cybery1 has 20 seconds left.\n|\n|t:|1700251608\n|-terastallize|p1a: Landorus|Flying\n|move|p2b: Iron Hands|Fake Out|p1b: Iron Hands\n|-damage|p1b: Iron Hands|76\/100\n|cant|p1b: Iron Hands|flinch\n|move|p2a: Sinistcha|Matcha Gotcha|p1a: Landorus|[spread] p1a,p1b\n|-resisted|p1a: Landorus\n|-damage|p1a: Landorus|72\/100\n|-heal|p2a: Sinistcha|72\/100|[from] drain|[of] p1a: Landorus\n|-damage|p1b: Iron Hands|63\/100\n|-heal|p2a: Sinistcha|81\/100|[from] drain|[of] p1b: Iron Hands\n|-status|p1b: Iron Hands|brn\n|move|p1a: Landorus|Stomping Tantrum|p2b: Iron Hands\n|-supereffective|p2b: Iron Hands\n|-damage|p2b: Iron Hands|0 fnt\n|faint|p2b: Iron Hands\n|-end|p2b: Iron Hands|Quark Drive|[silent]\n|\n|-damage|p1b: Iron Hands|57\/100 brn|[from] brn\n|upkeep\n|\n|t:|1700251626\n|switch|p2b: Ursaluna|Ursaluna-Bloodmoon, L50, M, tera:Poison|100\/100\n|turn|10\n|\n|t:|1700251650\n|move|p1b: Iron Hands|Heavy Slam|p2a: Sinistcha\n|-damage|p2a: Sinistcha|71\/100\n|move|p2b: Ursaluna|Blood Moon|p1a: Landorus\n|-damage|p1a: Landorus|0 fnt\n|faint|p1a: Landorus\n|move|p2a: Sinistcha|Matcha Gotcha|p1b: Iron Hands\n|-damage|p1b: Iron Hands|38\/100 brn\n|-heal|p2a: Sinistcha|84\/100|[from] drain|[of] p1b: Iron Hands\n|\n|-damage|p1b: Iron Hands|32\/100 brn|[from] brn\n|upkeep\n|turn|11\n|-message|Cybery1 forfeited.\n|\n|win|Pr1ncip3\n|raw|Cybery1's rating: 1176 &rarr; <strong>1151<\/strong><br \/>(-25 for losing)\n|raw|Pr1ncip3's rating: 1170 &rarr; <strong>1195<\/strong><br \/>(+25 for winning)\n|l|\u2606Cybery1\n","uploadtime":1700251671,"views":12,"p1id":"cybery1","p2id":"pr1ncip3","formatid":"gen9vgc2023regulatione","rating":1151,"private":0,"password":""}