{"id":"gen9vgc2023regulatione-1992964557","p1":"DjPr1me","p2":"Sir peepsalot","format":"[Gen 9] VGC 2023 Regulation E","log":"|j|\u2606DjPr1me\n|j|\u2606Sir peepsalot\n|t:|1700250864\n|gametype|doubles\n|player|p1|DjPr1me|acetrainer|1423\n|player|p2|Sir peepsalot|plasmagrunt|1451\n|teamsize|p1|6\n|teamsize|p2|6\n|gen|9\n|tier|[Gen 9] VGC 2023 Regulation E\n|rated|\n|rule|Species Clause: Limit one of each Pok\u00e9mon\n|rule|Item Clause: Limit one of each item\n|clearpoke\n|poke|p1|Brambleghast, L50, M|\n|poke|p1|Tornadus, L50, M|\n|poke|p1|Torkoal, L50, M|\n|poke|p1|Ursaluna, L50, M|\n|poke|p1|Flutter Mane, L50|\n|poke|p1|Sinistcha, L50|\n|poke|p2|Ogerpon-Hearthflame, L50, F|\n|poke|p2|Torkoal, L50, F|\n|poke|p2|Espathra, L50, F|\n|poke|p2|Indeedee-F, L50, F|\n|poke|p2|Garganacl, L50, M|\n|poke|p2|Lilligant, L50, F|\n|teampreview|4\n|inactive|Battle timer is ON: inactive players will automatically lose when time's up. (requested by DjPr1me)\n|inactive|DjPr1me has 60 seconds left.\n|inactive|DjPr1me has 30 seconds left.\n|\n|t:|1700250933\n|start\n|switch|p1a: Flutter Mane|Flutter Mane, L50|100\/100\n|switch|p1b: Tornadus|Tornadus, L50, M|100\/100\n|switch|p2a: Espathra|Espathra, L50, F|100\/100\n|switch|p2b: Indeedee|Indeedee-F, L50, F|100\/100\n|-fieldstart|move: Psychic Terrain|[from] ability: Psychic Surge|[of] p2b: Indeedee\n|-enditem|p2b: Indeedee|Psychic Seed\n|-boost|p2b: Indeedee|spd|1|[from] item: Psychic Seed\n|-enditem|p1a: Flutter Mane|Booster Energy\n|-activate|p1a: Flutter Mane|ability: Protosynthesis|[fromitem]\n|-start|p1a: Flutter Mane|protosynthesisspa\n|turn|1\n|\n|t:|1700250957\n|move|p1a: Flutter Mane|Substitute|p1a: Flutter Mane\n|-start|p1a: Flutter Mane|Substitute\n|-damage|p1a: Flutter Mane|76\/100\n|move|p1b: Tornadus|Bleakwind Storm|p2a: Espathra|[spread] p2a,p2b\n|-damage|p2a: Espathra|58\/100\n|-damage|p2b: Indeedee|80\/100\n|move|p2b: Indeedee|Psychic|p1a: Flutter Mane\n|-end|p1a: Flutter Mane|Substitute\n|move|p2a: Espathra|Trick Room|p2a: Espathra\n|-fieldstart|move: Trick Room|[of] p2a: Espathra\n|\n|upkeep\n|turn|2\n|\n|t:|1700250980\n|move|p1a: Flutter Mane|Protect|p1a: Flutter Mane\n|-singleturn|p1a: Flutter Mane|Protect\n|move|p2b: Indeedee|Psychic|p1b: Tornadus\n|-damage|p1b: Tornadus|67\/100\n|move|p2a: Espathra|Lumina Crash|p1b: Tornadus\n|-damage|p1b: Tornadus|33\/100\n|move|p1b: Tornadus|Bleakwind Storm|p2a: Espathra|[spread] p2a\n|-miss|p1b: Tornadus|p2b: Indeedee\n|-damage|p2a: Espathra|15\/100\n|-enditem|p2a: Espathra|Sitrus Berry|[eat]\n|-heal|p2a: Espathra|40\/100|[from] item: Sitrus Berry\n|\n|upkeep\n|turn|3\n|inactive|DjPr1me has 30 seconds left.\n|\n|t:|1700251014\n|move|p2b: Indeedee|Psychic|p1b: Tornadus\n|-damage|p1b: Tornadus|0 fnt\n|faint|p1b: Tornadus\n|move|p2a: Espathra|Lumina Crash|p1a: Flutter Mane\n|-damage|p1a: Flutter Mane|39\/100\n|-unboost|p1a: Flutter Mane|spd|2\n|move|p1a: Flutter Mane|Moonblast|p2a: Espathra\n|-damage|p2a: Espathra|0 fnt\n|faint|p2a: Espathra\n|\n|upkeep\n|\n|t:|1700251028\n|switch|p2a: Torkoal|Torkoal, L50, F|100\/100\n|switch|p1b: Torkoal|Torkoal, L50, M|100\/100\n|-weather|SunnyDay|[from] ability: Drought|[of] p1b: Torkoal\n|turn|4\n|\n|t:|1700251043\n|-terastallize|p1b: Torkoal|Fire\n|move|p1a: Flutter Mane|Protect|p1a: Flutter Mane\n|-singleturn|p1a: Flutter Mane|Protect\n|move|p1b: Torkoal|Eruption|p2a: Torkoal|[spread] p2a,p2b\n|-resisted|p2a: Torkoal\n|-damage|p2a: Torkoal|22\/100\n|-damage|p2b: Indeedee|6\/100\n|move|p2a: Torkoal|Yawn|p1b: Torkoal\n|-start|p1b: Torkoal|move: Yawn|[of] p2a: Torkoal\n|move|p2b: Indeedee|Psychic|p1a: Flutter Mane\n|-activate|p1a: Flutter Mane|move: Protect\n|\n|-weather|SunnyDay|[upkeep]\n|upkeep\n|turn|5\n|inactive|DjPr1me has 30 seconds left.\n|\n|t:|1700251070\n|switch|p1b: Sinistcha|Sinistcha, L50|100\/100\n|-heal|p1a: Flutter Mane|64\/100|[from] ability: Hospitality|[of] p1b: Sinistcha\n|move|p2a: Torkoal|Protect|p2a: Torkoal\n|-singleturn|p2a: Torkoal|Protect\n|move|p2b: Indeedee|Psychic|p1a: Flutter Mane\n|-damage|p1a: Flutter Mane|0 fnt\n|faint|p1a: Flutter Mane\n|-end|p1a: Flutter Mane|Protosynthesis|[silent]\n|\n|-weather|SunnyDay|[upkeep]\n|-fieldend|move: Trick Room\n|-fieldend|move: Psychic Terrain\n|upkeep\n|\n|t:|1700251084\n|switch|p1a: Torkoal|Torkoal, L50, M, tera:Fire|100\/100\n|turn|6\n|\n|t:|1700251091\n|move|p2b: Indeedee|Psychic|p1a: Torkoal\n|-damage|p1a: Torkoal|60\/100\n|move|p1b: Sinistcha|Matcha Gotcha|p2b: Indeedee|[spread] p2a,p2b\n|-resisted|p2a: Torkoal\n|-damage|p2a: Torkoal|7\/100\n|-damage|p2b: Indeedee|0 fnt\n|faint|p2b: Indeedee\n|move|p2a: Torkoal|Yawn|p1b: Sinistcha\n|-start|p1b: Sinistcha|move: Yawn|[of] p2a: Torkoal\n|move|p1a: Torkoal|Flamethrower|p2a: Torkoal\n|-resisted|p2a: Torkoal\n|-damage|p2a: Torkoal|0 fnt\n|faint|p2a: Torkoal\n|\n|-weather|SunnyDay|[upkeep]\n|upkeep\n|\n|t:|1700251105\n|switch|p2b: Garganacl|Garganacl, L50, M|100\/100\n|turn|7\n|\n|t:|1700251120\n|move|p2b: Garganacl|Protect|p2b: Garganacl\n|-singleturn|p2b: Garganacl|Protect\n|move|p1a: Torkoal|Earth Power|p2b: Garganacl\n|-activate|p2b: Garganacl|move: Protect\n|move|p1b: Sinistcha|Trick Room|p1b: Sinistcha\n|-fieldstart|move: Trick Room|[of] p1b: Sinistcha\n|\n|-weather|SunnyDay|[upkeep]\n|-end|p1b: Sinistcha|move: Yawn|[silent]\n|-status|p1b: Sinistcha|slp\n|upkeep\n|turn|8\n|\n|t:|1700251134\n|-terastallize|p2b: Garganacl|Ghost\n|move|p1a: Torkoal|Earth Power|p2b: Garganacl\n|-damage|p2b: Garganacl|83\/100\n|move|p2b: Garganacl|Salt Cure|p1a: Torkoal\n|-supereffective|p1a: Torkoal\n|-damage|p1a: Torkoal|38\/100\n|-start|p1a: Torkoal|Salt Cure\n|cant|p1b: Sinistcha|slp\n|\n|-weather|none\n|-heal|p2b: Garganacl|88\/100|[from] item: Leftovers\n|-damage|p1a: Torkoal|26\/100|[from] Salt Cure\n|upkeep\n|turn|9\n|\n|t:|1700251153\n|move|p1a: Torkoal|Flamethrower|p2b: Garganacl\n|-damage|p2b: Garganacl|49\/100\n|move|p2b: Garganacl|Salt Cure|p1b: Sinistcha\n|-damage|p1b: Sinistcha|86\/100 slp\n|-start|p1b: Sinistcha|Salt Cure\n|cant|p1b: Sinistcha|slp\n|\n|-heal|p2b: Garganacl|55\/100|[from] item: Leftovers\n|-damage|p1a: Torkoal|13\/100|[from] Salt Cure\n|-damage|p1b: Sinistcha|74\/100 slp|[from] Salt Cure\n|upkeep\n|turn|10\n|\n|t:|1700251168\n|move|p1a: Torkoal|Flamethrower|p2b: Garganacl\n|-damage|p2b: Garganacl|16\/100\n|move|p2b: Garganacl|Recover|p2b: Garganacl\n|-heal|p2b: Garganacl|66\/100\n|cant|p1b: Sinistcha|slp\n|\n|-heal|p2b: Garganacl|72\/100|[from] item: Leftovers\n|-damage|p1a: Torkoal|1\/100|[from] Salt Cure\n|-damage|p1b: Sinistcha|62\/100 slp|[from] Salt Cure\n|upkeep\n|turn|11\n|\n|t:|1700251183\n|move|p2b: Garganacl|Protect|p2b: Garganacl\n|-singleturn|p2b: Garganacl|Protect\n|move|p1a: Torkoal|Flamethrower|p2b: Garganacl\n|-activate|p2b: Garganacl|move: Protect\n|-curestatus|p1b: Sinistcha|slp|[msg]\n|move|p1b: Sinistcha|Matcha Gotcha|p2b: Garganacl\n|-activate|p2b: Garganacl|move: Protect\n|\n|-heal|p2b: Garganacl|78\/100|[from] item: Leftovers\n|-damage|p1a: Torkoal|0 fnt|[from] Salt Cure\n|faint|p1a: Torkoal\n|-damage|p1b: Sinistcha|49\/100|[from] Salt Cure\n|-fieldend|move: Trick Room\n|upkeep\n|turn|12\n|c|\u2606DjPr1me|Cant believe this shot\n|c|\u2606DjPr1me|Shit\n|inactive|DjPr1me has 30 seconds left.\n|\n|t:|1700251211\n|move|p1b: Sinistcha|Matcha Gotcha|p2b: Garganacl\n|-damage|p2b: Garganacl|56\/100\n|-heal|p1b: Sinistcha|62\/100|[from] drain|[of] p2b: Garganacl\n|move|p2b: Garganacl|Salt Cure|p1b: Sinistcha\n|-damage|p1b: Sinistcha|49\/100\n|\n|-heal|p2b: Garganacl|61\/100|[from] item: Leftovers\n|-damage|p1b: Sinistcha|36\/100|[from] Salt Cure\n|upkeep\n|turn|13\n|\n|t:|1700251222\n|move|p2b: Garganacl|Wide Guard|p2b: Garganacl\n|-singleturn|p2b: Garganacl|Wide Guard\n|move|p1b: Sinistcha|Matcha Gotcha|p2b: Garganacl\n|-activate|p2b: Garganacl|move: Wide Guard\n|\n|-heal|p2b: Garganacl|67\/100|[from] item: Leftovers\n|-damage|p1b: Sinistcha|24\/100|[from] Salt Cure\n|upkeep\n|turn|14\n|c|\u2606DjPr1me|Oh come the fuck on\n|c|\u2606DjPr1me|Really?\n|\n|t:|1700251241\n|move|p2b: Garganacl|Wide Guard|p2b: Garganacl\n|-singleturn|p2b: Garganacl|Wide Guard\n|move|p1b: Sinistcha|Hex|p2b: Garganacl\n|-supereffective|p2b: Garganacl\n|-damage|p2b: Garganacl|49\/100\n|\n|-heal|p2b: Garganacl|55\/100|[from] item: Leftovers\n|-damage|p1b: Sinistcha|12\/100|[from] Salt Cure\n|upkeep\n|turn|15\n|c|\u2606DjPr1me|Fucking bullshit\n|n|\u203dDjPr1me|djpr1me\n|c|&|\/log DjPr1me was locked from talking by Artemis. (\u2606DjPr1me: Fucking bullshit)\n|c|&|\/raw <small>This action was done automatically. Want to learn more about the AI? <a href=\"https:\/\/www.smogon.com\/forums\/threads\/3570628\/#post-9056769\">Visit the information thread<\/a>.<\/small>\n|inactive|DjPr1me has 30 seconds left.\n|-message|DjPr1me forfeited.\n|\n|win|Sir peepsalot\n|raw|DjPr1me's rating: 1423 &rarr; <strong>1405<\/strong><br \/>(-18 for losing)\n|raw|Sir peepsalot's rating: 1451 &rarr; <strong>1469<\/strong><br \/>(+18 for winning)\n","uploadtime":1700251256,"views":10,"p1id":"djpr1me","p2id":"sirpeepsalot","formatid":"gen9vgc2023regulatione","rating":1405,"private":0,"password":""}