{"id":"gen9vgc2023regulatione-1988194616","p1":"javalanche","p2":"BigBOOFY69","format":"[Gen 9] VGC 2023 Regulation E","log":"|j|\u2606javalanche\n|j|\u2606BigBOOFY69\n|t:|1699682968\n|gametype|doubles\n|player|p1|javalanche|swimmerf|1071\n|player|p2|BigBOOFY69|n|1107\n|teamsize|p1|6\n|teamsize|p2|6\n|gen|9\n|tier|[Gen 9] VGC 2023 Regulation E\n|rated|\n|rule|Species Clause: Limit one of each Pok\u00e9mon\n|rule|Item Clause: Limit one of each item\n|clearpoke\n|poke|p1|Arcanine-Hisui, L50, M|\n|poke|p1|Garchomp, L50, F|\n|poke|p1|Baxcalibur, L50, M|\n|poke|p1|Flutter Mane, L50|\n|poke|p1|Oranguru, L50, M|\n|poke|p1|Ogerpon-Wellspring, L50, F|\n|poke|p2|Iron Thorns, L50|\n|poke|p2|Chien-Pao, L50|\n|poke|p2|Rillaboom, L50, F|\n|poke|p2|Flutter Mane, L50|\n|poke|p2|Sableye, L50, M|\n|poke|p2|Ursaluna-Bloodmoon, L50, M|\n|teampreview|4\nBigBOOFY69 has agreed to open team sheets.\n|inactive|Battle timer is ON: inactive players will automatically lose when time's up. (requested by javalanche)\n|\n|t:|1699683029\n|start\n|switch|p1a: Flutter Mane|Flutter Mane, L50|100\/100\n|switch|p1b: Oranguru|Oranguru, L50, M|100\/100\n|switch|p2a: Flutter Mane|Flutter Mane, L50|100\/100\n|switch|p2b: Ursaluna|Ursaluna-Bloodmoon, L50, M|100\/100\n|-enditem|p2a: Flutter Mane|Booster Energy\n|-activate|p2a: Flutter Mane|ability: Protosynthesis|[fromitem]\n|-start|p2a: Flutter Mane|protosynthesisspa\n|turn|1\n|inactive|javalanche has 30 seconds left.\n|inactive|BigBOOFY69 has 30 seconds left.\n|inactive|BigBOOFY69 has 20 seconds left.\n|inactive|BigBOOFY69 has 15 seconds left.\n|\n|t:|1699683069\n|-terastallize|p1a: Flutter Mane|Fairy\n|-terastallize|p2a: Flutter Mane|Fairy\n|move|p1a: Flutter Mane|Moonblast|p2b: Ursaluna\n|-damage|p2b: Ursaluna|0 fnt\n|faint|p2b: Ursaluna\n|move|p2a: Flutter Mane|Dazzling Gleam|p1b: Oranguru|[spread] p1a,p1b\n|-damage|p1a: Flutter Mane|39\/100\n|-damage|p1b: Oranguru|43\/100\n|move|p1b: Oranguru|Instruct|p1a: Flutter Mane\n|-singleturn|p1a: Flutter Mane|move: Instruct|[of] p1b: Oranguru\n|move|p1a: Flutter Mane|Moonblast|p2a: Flutter Mane\n|-damage|p2a: Flutter Mane|0 fnt\n|faint|p2a: Flutter Mane\n|-end|p2a: Flutter Mane|Protosynthesis|[silent]\n|\n|upkeep\n|\n|t:|1699683082\n|switch|p2a: Rillaboom|Rillaboom, L50, F|100\/100\n|switch|p2b: Chien-Pao|Chien-Pao, L50|100\/100\n|-ability|p2b: Chien-Pao|Sword of Ruin\n|-fieldstart|move: Grassy Terrain|[from] ability: Grassy Surge|[of] p2a: Rillaboom\n|turn|2\n|\n|t:|1699683105\n|-end|p1a: Flutter Mane|Protosynthesis|[silent]\n|switch|p1a: Arcanine|Arcanine-Hisui, L50, M|100\/100\n|-ability|p1a: Arcanine|Intimidate|boost\n|-unboost|p2a: Rillaboom|atk|1\n|-unboost|p2b: Chien-Pao|atk|1\n|move|p2a: Rillaboom|Grassy Glide|p1a: Arcanine\n|-damage|p1a: Arcanine|64\/100\n|move|p2b: Chien-Pao|Sacred Sword|p1a: Arcanine\n|-supereffective|p1a: Arcanine\n|-damage|p1a: Arcanine|0 fnt\n|faint|p1a: Arcanine\n|move|p1b: Oranguru|Sunny Day|p1b: Oranguru\n|-weather|SunnyDay\n|\n|-weather|SunnyDay|[upkeep]\n|-heal|p1b: Oranguru|49\/100|[from] Grassy Terrain\n|upkeep\n|\n|t:|1699683117\n|switch|p1a: Flutter Mane|Flutter Mane, L50, tera:Fairy|39\/100\n|-activate|p1a: Flutter Mane|ability: Protosynthesis\n|-start|p1a: Flutter Mane|protosynthesisspe\n|turn|3\n|\n|t:|1699683125\n|move|p2a: Rillaboom|Grassy Glide|p1a: Flutter Mane\n|-damage|p1a: Flutter Mane|0 fnt\n|faint|p1a: Flutter Mane\n|-end|p1a: Flutter Mane|Protosynthesis|[silent]\n|move|p2b: Chien-Pao|Throat Chop|p1b: Oranguru\n|-supereffective|p1b: Oranguru\n|-damage|p1b: Oranguru|0 fnt\n|faint|p1b: Oranguru\n|\n|-weather|SunnyDay|[upkeep]\n|upkeep\n|\n|t:|1699683129\n|switch|p1b: Baxcalibur|Baxcalibur, L50, M|100\/100\n|turn|4\n|\n|t:|1699683143\n|move|p2b: Chien-Pao|Sacred Sword|p1b: Baxcalibur\n|-supereffective|p1b: Baxcalibur\n|-damage|p1b: Baxcalibur|47\/100\n|move|p1b: Baxcalibur|Dragon Dance|p1b: Baxcalibur\n|-boost|p1b: Baxcalibur|atk|1\n|-boost|p1b: Baxcalibur|spe|1\n|move|p2a: Rillaboom|Drain Punch|p1b: Baxcalibur\n|-supereffective|p1b: Baxcalibur\n|-damage|p1b: Baxcalibur|4\/100\n|\n|-weather|SunnyDay|[upkeep]\n|-heal|p1b: Baxcalibur|10\/100|[from] Grassy Terrain\n|-heal|p1b: Baxcalibur|16\/100|[from] item: Leftovers\n|upkeep\n|turn|5\n|\n|t:|1699683156\n|move|p2a: Rillaboom|Grassy Glide|p1b: Baxcalibur\n|-resisted|p1b: Baxcalibur\n|-damage|p1b: Baxcalibur|0 fnt\n|faint|p1b: Baxcalibur\n|\n|win|BigBOOFY69\n|raw|javalanche's rating: 1071 &rarr; <strong>1052<\/strong><br \/>(-19 for losing)\n|raw|BigBOOFY69's rating: 1107 &rarr; <strong>1129<\/strong><br \/>(+22 for winning)\n|l|\u2606javalanche\n|c|\u2606BigBOOFY69|gg\n","uploadtime":1699683171,"views":23,"p1id":"javalanche","p2id":"bigboofy69","formatid":"gen9vgc2023regulatione","rating":1052,"private":0,"password":""}