{"id":"gen9vgc2023regulatione-1999164582","p1":"UnownPeep","p2":"KdSSSSSSSSSSSS","format":"[Gen 9] VGC 2023 Regulation E","log":"|j|\u2606UnownPeep\n|j|\u2606KdSSSSSSSSSSSS\n|t:|1701040299\n|gametype|doubles\n|player|p1|UnownPeep|evelyn|1031\n|player|p2|KdSSSSSSSSSSSS|veteran|1111\n|teamsize|p1|6\n|teamsize|p2|6\n|gen|9\n|tier|[Gen 9] VGC 2023 Regulation E\n|rated|\n|rule|Species Clause: Limit one of each Pok\u00e9mon\n|rule|Item Clause: Limit one of each item\n|clearpoke\n|poke|p1|Torkoal, L50, M|\n|poke|p1|Delphox, L50, F|\n|poke|p1|Tornadus, L50, M|\n|poke|p1|Ogerpon-Wellspring, L50, F|\n|poke|p1|Flutter Mane, L50|\n|poke|p1|Sawsbuck-Autumn, L50, F|\n|poke|p2|Kommo-o, L50, M|\n|poke|p2|Sinistcha, L50|\n|poke|p2|Flutter Mane, L50|\n|poke|p2|Landorus-Therian, L50, M|\n|poke|p2|Maushold, L50|\n|poke|p2|Rillaboom, L50, M|\n|teampreview|4\n|inactive|Battle timer is ON: inactive players will automatically lose when time's up. (requested by UnownPeep)\n|c|\u2606UnownPeep|glhf this team is a wip trying to figure it out\n|inactive|UnownPeep has 60 seconds left.\n|inactive|KdSSSSSSSSSSSS has 60 seconds left.\n|c|\u2606KdSSSSSSSSSSSS|toma no cu o gringo\n|inactive|UnownPeep has 30 seconds left.\n|inactive|KdSSSSSSSSSSSS has 30 seconds left.\n|inactive|KdSSSSSSSSSSSS has 20 seconds left.\n|\n|t:|1701040375\n|start\n|switch|p1a: Torkoal|Torkoal, L50, M|100\/100\n|switch|p1b: Flutter Mane|Flutter Mane, L50|100\/100\n|switch|p2a: Landorus|Landorus-Therian, L50, M|100\/100\n|switch|p2b: Maushold|Maushold, L50|100\/100\n|-ability|p2a: Landorus|Intimidate|boost\n|-unboost|p1a: Torkoal|atk|1\n|-unboost|p1b: Flutter Mane|atk|1\n|-weather|SunnyDay|[from] ability: Drought|[of] p1a: Torkoal\n|-activate|p1b: Flutter Mane|ability: Protosynthesis\n|-start|p1b: Flutter Mane|protosynthesisspe\n|turn|1\n|inactive|UnownPeep has 30 seconds left.\n|\n|t:|1701040403\n|move|p1a: Torkoal|Helping Hand|p1b: Flutter Mane\n|-singleturn|p1b: Flutter Mane|Helping Hand|[of] p1a: Torkoal\n|move|p2b: Maushold|Follow Me|p2b: Maushold\n|-singleturn|p2b: Maushold|move: Follow Me\n|move|p1b: Flutter Mane|Hyper Voice|p2b: Maushold|[spread] p2a,p2b\n|-damage|p2a: Landorus|51\/100\n|-damage|p2b: Maushold|35\/100\n|-enditem|p2b: Maushold|Sitrus Berry|[eat]\n|-heal|p2b: Maushold|60\/100|[from] item: Sitrus Berry\n|move|p2a: Landorus|Rock Slide|p1a: Torkoal|[spread] p1a,p1b\n|-supereffective|p1a: Torkoal\n|-damage|p1a: Torkoal|73\/100\n|-damage|p1b: Flutter Mane|53\/100\n|\n|-weather|SunnyDay|[upkeep]\n|-heal|p1a: Torkoal|80\/100|[from] item: Leftovers\n|upkeep\n|turn|2\n|\n|t:|1701040423\n|switch|p2b: Sinistcha|Sinistcha, L50|100\/100\n|-heal|p2a: Landorus|76\/100|[from] ability: Hospitality|[of] p2b: Sinistcha\n|move|p1b: Flutter Mane|Hyper Voice|p2a: Landorus|[spread] p2a\n|-immune|p2b: Sinistcha\n|-damage|p2a: Landorus|33\/100\n|move|p2a: Landorus|Rock Slide|p1a: Torkoal|[spread] p1a,p1b\n|-supereffective|p1a: Torkoal\n|-damage|p1a: Torkoal|51\/100\n|-damage|p1b: Flutter Mane|1\/100\n|cant|p1a: Torkoal|flinch\n|\n|-weather|SunnyDay|[upkeep]\n|-heal|p1a: Torkoal|58\/100|[from] item: Leftovers\n|upkeep\n|turn|3\n|\n|t:|1701040442\n|switch|p2a: Maushold|Maushold, L50|60\/100\n|move|p1b: Flutter Mane|Hyper Voice|p2a: Maushold|[spread] p2a\n|-immune|p2b: Sinistcha\n|-damage|p2a: Maushold|19\/100\n|move|p2b: Sinistcha|Matcha Gotcha|p1b: Flutter Mane|[spread] p1a,p1b\n|-resisted|p1a: Torkoal\n|-damage|p1a: Torkoal|41\/100\n|-damage|p1b: Flutter Mane|0 fnt\n|faint|p1b: Flutter Mane\n|-end|p1b: Flutter Mane|Protosynthesis|[silent]\n|move|p1a: Torkoal|Heat Wave|p2a: Maushold|[spread] p2a\n|-miss|p1a: Torkoal|p2b: Sinistcha\n|-damage|p2a: Maushold|0 fnt\n|faint|p2a: Maushold\n|\n|-weather|SunnyDay|[upkeep]\n|-heal|p1a: Torkoal|47\/100|[from] item: Leftovers\n|upkeep\n|\n|t:|1701040459\n|switch|p1b: Delphox|Delphox, L50, F, shiny|100\/100\n|switch|p2a: Landorus|Landorus-Therian, L50, M|33\/100\n|-ability|p2a: Landorus|Intimidate|boost\n|-unboost|p1a: Torkoal|atk|1\n|-unboost|p1b: Delphox|atk|1\n|turn|4\n|\n|t:|1701040475\n|move|p1a: Torkoal|Helping Hand|p1b: Delphox\n|-singleturn|p1b: Delphox|Helping Hand|[of] p1a: Torkoal\n|move|p2b: Sinistcha|Rage Powder|p2b: Sinistcha\n|-singleturn|p2b: Sinistcha|move: Rage Powder\n|move|p2a: Landorus|Stomping Tantrum|p1b: Delphox\n|-supereffective|p1b: Delphox\n|-enditem|p1b: Delphox|Focus Sash\n|-damage|p1b: Delphox|1\/100\n|move|p1b: Delphox|Heat Wave|p2a: Landorus|[spread] p2a,p2b\n|-supereffective|p2b: Sinistcha\n|-damage|p2a: Landorus|0 fnt\n|-damage|p2b: Sinistcha|0 fnt\n|faint|p2a: Landorus\n|faint|p2b: Sinistcha\n|\n|-weather|SunnyDay|[upkeep]\n|-heal|p1a: Torkoal|54\/100|[from] item: Leftovers\n|upkeep\n|\n|t:|1701040490\n|switch|p2a: Flutter Mane|Flutter Mane, L50|100\/100\n|-activate|p2a: Flutter Mane|ability: Protosynthesis\n|-start|p2a: Flutter Mane|protosynthesisspe\n|turn|5\n|\n|t:|1701040512\n|-terastallize|p2a: Flutter Mane|Ghost\n|move|p1b: Delphox|Protect|p1b: Delphox\n|-singleturn|p1b: Delphox|Protect\n|move|p2a: Flutter Mane|Shadow Ball|p1b: Delphox\n|-activate|p1b: Delphox|move: Protect\n|move|p1a: Torkoal|Heat Wave|p2a: Flutter Mane\n|-damage|p2a: Flutter Mane|61\/100\n|\n|-weather|none\n|-end|p2a: Flutter Mane|Protosynthesis\n|-heal|p1a: Torkoal|60\/100|[from] item: Leftovers\n|upkeep\n|-enditem|p2a: Flutter Mane|Booster Energy\n|-activate|p2a: Flutter Mane|ability: Protosynthesis|[fromitem]\n|-start|p2a: Flutter Mane|protosynthesisspe\n|turn|6\n|\n|t:|1701040532\n|move|p2a: Flutter Mane|Icy Wind|p1a: Torkoal|[spread] p1a,p1b\n|-resisted|p1a: Torkoal\n|-resisted|p1b: Delphox\n|-damage|p1a: Torkoal|51\/100\n|-damage|p1b: Delphox|0 fnt\n|-unboost|p1a: Torkoal|spe|1\n|faint|p1b: Delphox\n|move|p1a: Torkoal|Heat Wave|p2a: Flutter Mane\n|-damage|p2a: Flutter Mane|32\/100\n|\n|-heal|p1a: Torkoal|57\/100|[from] item: Leftovers\n|upkeep\n|\n|t:|1701040542\n|switch|p1b: Ogerpon|Ogerpon-Wellspring, L50, F|100\/100\n|turn|7\n|-message|KdSSSSSSSSSSSS forfeited.\n|\n|win|UnownPeep\n|raw|UnownPeep's rating: 1031 &rarr; <strong>1074<\/strong><br \/>(+43 for winning)\n|raw|KdSSSSSSSSSSSS's rating: 1111 &rarr; <strong>1080<\/strong><br \/>(-31 for losing)\n|l|\u2606KdSSSSSSSSSSSS\n","uploadtime":1701040555,"views":1,"p1id":"unownpeep","p2id":"kdssssssssssss","formatid":"gen9vgc2023regulatione","rating":1074,"private":0,"password":""}