{"id":"gen9vgc2023regulatione-1999657066","p1":"Flurrage","p2":"Tryhard Chi-Yu","format":"[Gen 9] VGC 2023 Regulation E","log":"|j|\u2606Flurrage\n|j|\u2606Tryhard Chi-Yu\n|t:|1701105189\n|gametype|doubles\n|player|p1|Flurrage|caitlin|1376\n|player|p2|Tryhard Chi-Yu|101|1253\n|teamsize|p1|6\n|teamsize|p2|6\n|gen|9\n|tier|[Gen 9] VGC 2023 Regulation E\n|rated|\n|rule|Species Clause: Limit one of each Pok\u00e9mon\n|rule|Item Clause: Limit one of each item\n|clearpoke\n|poke|p1|Grimmsnarl, L50, M|\n|poke|p1|Lurantis, L50, M|\n|poke|p1|Cresselia, L50, F|\n|poke|p1|Iron Hands, L50|\n|poke|p1|Sinistcha, L50|\n|poke|p1|Ursaluna-Bloodmoon, L50, M|\n|poke|p2|Landorus-Therian, L50, M|\n|poke|p2|Iron Hands, L50|\n|poke|p2|Flutter Mane, L50|\n|poke|p2|Chi-Yu, L50|\n|poke|p2|Tornadus, L50, M|\n|poke|p2|Amoonguss, L50, M|\n|teampreview|4\n|inactive|Battle timer is ON: inactive players will automatically lose when time's up. (requested by Tryhard Chi-Yu)\n|\n|t:|1701105214\n|start\n|switch|p1a: Grimmsnarl|Grimmsnarl, L50, M|100\/100\n|switch|p1b: Lurantis|Lurantis, L50, M|100\/100\n|switch|p2a: Chi-Yu|Chi-Yu, L50|100\/100\n|switch|p2b: Amoonguss|Amoonguss, L50, M|100\/100\n|-ability|p2a: Chi-Yu|Beads of Ruin\n|turn|1\n|\n|t:|1701105233\n|-terastallize|p1b: Lurantis|Fire\n|move|p1a: Grimmsnarl|Fake Tears|p1b: Lurantis\n|-boost|p1b: Lurantis|spd|2\n|move|p2a: Chi-Yu|Heat Wave|p1b: Lurantis|[spread] p1a,p1b\n|-resisted|p1b: Lurantis\n|-damage|p1a: Grimmsnarl|22\/100\n|-damage|p1b: Lurantis|81\/100\n|move|p1b: Lurantis|Superpower|p2a: Chi-Yu\n|-supereffective|p2a: Chi-Yu\n|-damage|p2a: Chi-Yu|3\/100\n|-boost|p1b: Lurantis|atk|1\n|-boost|p1b: Lurantis|def|1\n|move|p2b: Amoonguss|Spore|p1a: Grimmsnarl\n|-status|p1a: Grimmsnarl|slp|[from] move: Spore\n|\n|upkeep\n|turn|2\n|inactive|Flurrage has 30 seconds left.\n|\n|t:|1701105266\n|switch|p2a: Flutter Mane|Flutter Mane, L50|100\/100\n|-enditem|p2a: Flutter Mane|Booster Energy\n|-activate|p2a: Flutter Mane|ability: Protosynthesis|[fromitem]\n|-start|p2a: Flutter Mane|protosynthesisspa\n|switch|p1a: Cresselia|Cresselia, L50, F|100\/100\n|move|p1b: Lurantis|Superpower|p2b: Amoonguss\n|-resisted|p2b: Amoonguss\n|-damage|p2b: Amoonguss|80\/100\n|-boost|p1b: Lurantis|atk|1\n|-boost|p1b: Lurantis|def|1\n|move|p2b: Amoonguss|Spore|p1b: Lurantis\n|-status|p1b: Lurantis|slp|[from] move: Spore\n|\n|upkeep\n|turn|3\n|inactive|Tryhard Chi-Yu has 30 seconds left.\n|\n|t:|1701105295\n|switch|p2b: Chi-Yu|Chi-Yu, L50|3\/100\n|-ability|p2b: Chi-Yu|Beads of Ruin\n|move|p2a: Flutter Mane|Shadow Ball|p1b: Lurantis\n|-damage|p1b: Lurantis|43\/100 slp\n|-enditem|p1b: Lurantis|Sitrus Berry|[eat]\n|-heal|p1b: Lurantis|68\/100 slp|[from] item: Sitrus Berry\n|move|p1a: Cresselia|Lunar Blessing|p1a: Cresselia|[spread] p1a,p1b\n|-heal|p1b: Lurantis|93\/100 slp\n|-curestatus|p1b: Lurantis|slp|[msg]\n|move|p1b: Lurantis|Leaf Blade|p2a: Flutter Mane\n|-damage|p2a: Flutter Mane|0 fnt\n|faint|p2a: Flutter Mane\n|-end|p2a: Flutter Mane|Protosynthesis|[silent]\n|\n|upkeep\n|\n|t:|1701105312\n|switch|p2a: Iron Hands|Iron Hands, L50|100\/100\n|turn|4\n|\n|t:|1701105318\n|move|p1b: Lurantis|Protect|p1b: Lurantis\n|-singleturn|p1b: Lurantis|Protect\n|move|p2a: Iron Hands|Fake Out|p1b: Lurantis\n|-activate|p1b: Lurantis|move: Protect\n|move|p2b: Chi-Yu|Dark Pulse|p1a: Cresselia\n|-supereffective|p1a: Cresselia\n|-damage|p1a: Cresselia|7\/100\n|move|p1a: Cresselia|Trick Room|p1a: Cresselia\n|-fieldstart|move: Trick Room|[of] p1a: Cresselia\n|\n|upkeep\n|turn|5\n|\n|t:|1701105332\n|switch|p2b: Amoonguss|Amoonguss, L50, M|100\/100\n|move|p1b: Lurantis|Leaf Blade|p2a: Iron Hands\n|-damage|p2a: Iron Hands|42\/100\n|move|p2a: Iron Hands|Drain Punch|p1b: Lurantis\n|-crit|p1b: Lurantis\n|-damage|p1b: Lurantis|26\/100\n|-heal|p2a: Iron Hands|66\/100|[from] drain|[of] p1b: Lurantis\n|move|p1a: Cresselia|Moonblast|p2b: Amoonguss\n|-resisted|p2b: Amoonguss\n|-damage|p2b: Amoonguss|93\/100\n|\n|upkeep\n|turn|6\n|\n|t:|1701105349\n|move|p1b: Lurantis|Protect|p1b: Lurantis\n|-singleturn|p1b: Lurantis|Protect\n|move|p2b: Amoonguss|Spore|p1a: Cresselia\n|-activate|p1a: Cresselia|item: Safety Goggles|Spore\n|move|p2a: Iron Hands|Drain Punch|p1b: Lurantis\n|-activate|p1b: Lurantis|move: Protect\n|move|p1a: Cresselia|Lunar Blessing|p1a: Cresselia|[spread] p1a,p1b\n|-heal|p1a: Cresselia|32\/100\n|-heal|p1b: Lurantis|51\/100\n|\n|upkeep\n|turn|7\n|\n|t:|1701105368\n|move|p2b: Amoonguss|Pollen Puff|p1a: Cresselia\n|-supereffective|p1a: Cresselia\n|-damage|p1a: Cresselia|11\/100\n|move|p1b: Lurantis|Leaf Blade|p2a: Iron Hands\n|-crit|p2a: Iron Hands\n|-damage|p2a: Iron Hands|0 fnt\n|faint|p2a: Iron Hands\n|-end|p2a: Iron Hands|Quark Drive|[silent]\n|move|p1a: Cresselia|Lunar Blessing|p1a: Cresselia|[spread] p1a,p1b\n|-heal|p1a: Cresselia|36\/100\n|-heal|p1b: Lurantis|76\/100\n|\n|upkeep\n|\n|t:|1701105380\n|switch|p2a: Chi-Yu|Chi-Yu, L50|3\/100\n|-ability|p2a: Chi-Yu|Beads of Ruin\n|turn|8\n|\n|t:|1701105397\n|move|p2b: Amoonguss|Rage Powder|p2b: Amoonguss\n|-singleturn|p2b: Amoonguss|move: Rage Powder\n|move|p1b: Lurantis|Superpower|p2b: Amoonguss\n|-resisted|p2b: Amoonguss\n|-damage|p2b: Amoonguss|64\/100\n|-boost|p1b: Lurantis|atk|1\n|-boost|p1b: Lurantis|def|1\n|move|p1a: Cresselia|Lunar Blessing|p1a: Cresselia|[spread] p1a,p1b\n|-heal|p1a: Cresselia|61\/100\n|-heal|p1b: Lurantis|100\/100\n|move|p2a: Chi-Yu|Dark Pulse|p1b: Lurantis\n|-damage|p1b: Lurantis|56\/100\n|\n|-fieldend|move: Trick Room\n|upkeep\n|turn|9\n|\n|t:|1701105413\n|move|p2b: Amoonguss|Rage Powder|p2b: Amoonguss\n|-singleturn|p2b: Amoonguss|move: Rage Powder\n|move|p2a: Chi-Yu|Dark Pulse|p1b: Lurantis\n|-damage|p1b: Lurantis|8\/100\n|move|p1a: Cresselia|Moonblast|p2a: Chi-Yu\n|-damage|p2a: Chi-Yu|0 fnt\n|faint|p2a: Chi-Yu\n|move|p1b: Lurantis|Leaf Blade|p2b: Amoonguss\n|-resisted|p2b: Amoonguss\n|-damage|p2b: Amoonguss|43\/100\n|-enditem|p2b: Amoonguss|Sitrus Berry|[eat]\n|-heal|p2b: Amoonguss|68\/100|[from] item: Sitrus Berry\n|\n|upkeep\n|turn|10\n|l|\u2606Flurrage\n|inactive|Flurrage disconnected and has a minute to reconnect!\n|player|p1|\n|-message|Tryhard Chi-Yu forfeited.\n|\n|win|Flurrage\n|raw|Flurrage's rating: 1376 &rarr; <strong>1389<\/strong><br \/>(+13 for winning)\n|raw|Tryhard Chi-Yu's rating: 1253 &rarr; <strong>1236<\/strong><br \/>(-17 for losing)\n|l|\u2606Tryhard Chi-Yu\n|j|\u2606Flurrage\n|player|p1|Flurrage|caitlin\n","uploadtime":1701105526,"views":6,"p1id":"flurrage","p2id":"tryhardchiyu","formatid":"gen9vgc2023regulatione","rating":1236,"private":0,"password":""}