{"id":"gen9vgc2023regulatione-1997994521","p1":"Eleisson4","p2":"Fancy Cucudrula","format":"[Gen 9] VGC 2023 Regulation E","log":"|j|\u2606Eleisson4\n|j|\u2606Fancy Cucudrula\n|n|\u2606Eleisson4|eleisson4\n|n|\u2606Fancy Cucudrula|fancycucudrula\n|html|View the match progress at <a href=\"\/game-bestof3-gen9vgc2023regulatione-1997991942\">game-bestof3-gen9vgc2023regulatione-1997991942<\/a>\n|t:|1700876617\n|gametype|doubles\n|player|p1|Eleisson4|101|\n|player|p2|Fancy Cucudrula|valerie|\n|teamsize|p1|6\n|teamsize|p2|6\n|gen|9\n|tier|[Gen 9] VGC 2023 Regulation E\n|rule|Species Clause: Limit one of each Pok\u00e9mon\n|rule|Item Clause: Limit one of each item\n|clearpoke\n|poke|p1|Iron Hands, L50|\n|poke|p1|Flutter Mane, L50|\n|poke|p1|Heatran, L50, F|\n|poke|p1|Chien-Pao, L50|\n|poke|p1|Ogerpon-Wellspring, L50, F|\n|poke|p1|Amoonguss, L50, F|\n|poke|p2|Flutter Mane, L50|\n|poke|p2|Amoonguss, L50, M|\n|poke|p2|Heatran, L50, F|\n|poke|p2|Iron Hands, L50|\n|poke|p2|Landorus-Therian, L50, M|\n|poke|p2|Chien-Pao, L50|\n|teampreview|4\n|inactive|Battle timer is ON: inactive players will automatically lose when time's up. (requested by Fancy Cucudrula)\nEleisson4 has agreed to open team sheets.\nFancy Cucudrula has agreed to open team sheets.\n|showteam|p1|Iron Hands||BoosterEnergy|QuarkDrive|SwordsDance,IcePunch,WildCharge,DrainPunch||||||50|,,,,,Ground]Flutter Mane||ChoiceSpecs|Protosynthesis|MysticalFire,ShadowBall,DazzlingGleam,PowerGem||||||50|,,,,,Fairy]Heatran||SitrusBerry|FlashFire|HeatWave,FlashCannon,EarthPower,Protect|||F|||50|,,,,,Grass]Chien-Pao||FocusSash|SwordofRuin|IceSpinner,SuckerPunch,PsychicFangs,Protect||||||50|,,,,,Ghost]Ogerpon-Wellspring||WellspringMask|WaterAbsorb|IvyCudgel,HornLeech,Taunt,SpikyShield|||F|||50|,,,,,Water]Amoonguss||AguavBerry|Regenerator|Spore,RagePowder,PollenPuff,ClearSmog|||F|||50|,,,,,Water\n|showteam|p2|Flutter Mane||ChoiceSpecs|Protosynthesis|DazzlingGleam,Moonblast,ShadowBall,PerishSong||||||50|,,,,,Fairy]Amoonguss||RockyHelmet|Regenerator|RagePowder,PollenPuff,Spore,Protect|||M|||50|,,,,,Water]Heatran||SafetyGoggles|FlashFire|HeatWave,EarthPower,FlashCannon,Protect|||F|||50|,,,,,Fairy]Iron Hands||AssaultVest|QuarkDrive|DrainPunch,WildCharge,HeavySlam,FakeOut||||||50|,,,,,Water]Landorus-Therian||ChoiceScarf|Intimidate|StompingTantrum,TeraBlast,RockSlide,Uturn|||M|||50|,,,,,Flying]Chien-Pao||FocusSash|SwordofRuin|IceSpinner,SuckerPunch,Haze,Protect||||||50|,,,,,Ghost\n|\n|t:|1700876651\n|start\n|switch|p1a: Iron Hands|Iron Hands, L50, shiny|100\/100\n|switch|p1b: Flutter Mane|Flutter Mane, L50|100\/100\n|switch|p2a: Lawrence|Heatran, L50, F, shiny|100\/100\n|switch|p2b: Luquisha|Landorus-Therian, L50, M|100\/100\n|-ability|p2b: Luquisha|Intimidate|boost\n|-unboost|p1a: Iron Hands|atk|1\n|-unboost|p1b: Flutter Mane|atk|1\n|-enditem|p1a: Iron Hands|Booster Energy\n|-activate|p1a: Iron Hands|ability: Quark Drive|[fromitem]\n|-start|p1a: Iron Hands|quarkdrivedef\n|turn|1\n|inactive|Eleisson4 has 30 seconds left.\n|inactive|Eleisson4 has 20 seconds left.\n|inactive|Eleisson4 has 15 seconds left.\n|inactive|Eleisson4 has 10 seconds left.\n|inactive|Eleisson4 has 5 seconds left.\n|\n|t:|1700876702\n|switch|p2b: Brita Filter|Amoonguss, L50, M, shiny|100\/100\n|move|p1b: Flutter Mane|Power Gem|p2a: Lawrence\n|-damage|p2a: Lawrence|62\/100\n|move|p2a: Lawrence|Flash Cannon|p1b: Flutter Mane\n|-supereffective|p1b: Flutter Mane\n|-damage|p1b: Flutter Mane|11\/100\n|move|p1a: Iron Hands|Swords Dance|p1a: Iron Hands\n|-boost|p1a: Iron Hands|atk|2\n|\n|upkeep\n|turn|2\n|inactive|Eleisson4 has 30 seconds left.\n|inactive|Eleisson4 has 20 seconds left.\n|inactive|Eleisson4 has 15 seconds left.\n|\n|t:|1700876747\n|-end|p1b: Flutter Mane|Protosynthesis|[silent]\n|switch|p1b: Amoonguss|Amoonguss, L50, F, shiny|100\/100\n|move|p2b: Brita Filter|Rage Powder|p2b: Brita Filter\n|-singleturn|p2b: Brita Filter|move: Rage Powder\n|move|p2a: Lawrence|Heat Wave|p1a: Iron Hands|[spread] p1a,p1b\n|-supereffective|p1b: Amoonguss\n|-damage|p1a: Iron Hands|76\/100\n|-damage|p1b: Amoonguss|33\/100\n|move|p1a: Iron Hands|Drain Punch|p2b: Brita Filter\n|-resisted|p2b: Brita Filter\n|-damage|p2b: Brita Filter|79\/100\n|-heal|p1a: Iron Hands|86\/100|[from] drain|[of] p2b: Brita Filter\n|-damage|p1a: Iron Hands|69\/100|[from] item: Rocky Helmet|[of] p2b: Brita Filter\n|\n|upkeep\n|turn|3\n|inactive|Eleisson4 has 30 seconds left.\n|inactive|Eleisson4 has 20 seconds left.\n|inactive|Eleisson4 has 15 seconds left.\n|inactive|Eleisson4 has 10 seconds left.\n|\n|t:|1700876793\n|-terastallize|p1b: Amoonguss|Water\n|move|p2b: Brita Filter|Rage Powder|p2b: Brita Filter\n|-singleturn|p2b: Brita Filter|move: Rage Powder\n|move|p2a: Lawrence|Heat Wave|p1b: Amoonguss|[spread] p1b\n|-miss|p2a: Lawrence|p1a: Iron Hands\n|-resisted|p1b: Amoonguss\n|-damage|p1b: Amoonguss|19\/100\n|-enditem|p1b: Amoonguss|Aguav Berry|[eat]\n|-heal|p1b: Amoonguss|52\/100|[from] item: Aguav Berry\n|move|p1a: Iron Hands|Ice Punch|p2b: Brita Filter\n|-supereffective|p2b: Brita Filter\n|-damage|p2b: Brita Filter|31\/100\n|-damage|p1a: Iron Hands|52\/100|[from] item: Rocky Helmet|[of] p2b: Brita Filter\n|move|p1b: Amoonguss|Pollen Puff|p2b: Brita Filter\n|-damage|p2b: Brita Filter|14\/100\n|\n|upkeep\n|turn|4\n|inactive|Eleisson4 has 30 seconds left.\n|inactive|Eleisson4 has 20 seconds left.\n|\n|t:|1700876831\n|move|p2a: Lawrence|Earth Power|p1a: Iron Hands\n|-supereffective|p1a: Iron Hands\n|-damage|p1a: Iron Hands|12\/100\n|move|p1a: Iron Hands|Ice Punch|p2b: Brita Filter\n|-supereffective|p2b: Brita Filter\n|-damage|p2b: Brita Filter|0 fnt\n|-damage|p1a: Iron Hands|0 fnt|[from] item: Rocky Helmet|[of] p2b: Brita Filter\n|faint|p2b: Brita Filter\n|faint|p1a: Iron Hands\n|-end|p1a: Iron Hands|Quark Drive|[silent]\n|move|p1b: Amoonguss|Pollen Puff|p1: Iron Hands|[notarget]\n|-fail|p1b: Amoonguss\n|\n|upkeep\n|\n|t:|1700876843\n|switch|p1a: Flutter Mane|Flutter Mane, L50|11\/100\n|switch|p2b: Luquisha|Landorus-Therian, L50, M|100\/100\n|-ability|p2b: Luquisha|Intimidate|boost\n|-unboost|p1a: Flutter Mane|atk|1\n|-unboost|p1b: Amoonguss|atk|1\n|turn|5\n|\n|t:|1700876857\n|-terastallize|p2b: Luquisha|Flying\n|move|p2b: Luquisha|Tera Blast|p1b: Amoonguss|[anim] Tera Blast Flying\n|-damage|p1b: Amoonguss|0 fnt\n|faint|p1b: Amoonguss\n|move|p1a: Flutter Mane|Power Gem|p2a: Lawrence\n|-damage|p2a: Lawrence|22\/100\n|move|p2a: Lawrence|Flash Cannon|p1a: Flutter Mane\n|-supereffective|p1a: Flutter Mane\n|-damage|p1a: Flutter Mane|0 fnt\n|faint|p1a: Flutter Mane\n|-end|p1a: Flutter Mane|Protosynthesis|[silent]\n|\n|upkeep\n|\n|t:|1700876868\n|switch|p1b: Chien-Pao|Chien-Pao, L50|100\/100\n|-ability|p1b: Chien-Pao|Sword of Ruin\n|turn|6\n|\n|t:|1700876889\n|move|p2b: Luquisha|Tera Blast|p1b: Chien-Pao|[anim] Tera Blast Flying\n|-damage|p1b: Chien-Pao|20\/100\n|move|p1b: Chien-Pao|Ice Spinner|p2b: Luquisha\n|-supereffective|p2b: Luquisha\n|-damage|p2b: Luquisha|0 fnt\n|faint|p2b: Luquisha\n|move|p2a: Lawrence|Flash Cannon|p1b: Chien-Pao\n|-supereffective|p1b: Chien-Pao\n|-damage|p1b: Chien-Pao|0 fnt\n|faint|p1b: Chien-Pao\n|\n|win|Fancy Cucudrula\n|c|&|\/uhtml prompt-fancycucudrula,Fancy Cucudrula is ready for game 3!\n|c|&|\/uhtml prompt-eleisson4,Eleisson4 is ready for game 3!\nBoth players are ready! Starting next match!\n|l|\u2606Eleisson4\n","uploadtime":1700877371,"views":5,"p1id":"eleisson4","p2id":"fancycucudrula","formatid":"gen9vgc2023regulatione","rating":0,"private":0,"password":""}