{"id":"gen9vgc2023regulatione-1993505522","p1":"HoraceDPinpsqueak","p2":"Yhdessa","format":"[Gen 9] VGC 2023 Regulation E","log":"|j|\u2606HoraceDPinpsqueak\n|j|\u2606Yhdessa\n|n|\u2606HoraceDPinpsqueak|horacedpinpsqueak\n|n|\u2606Yhdessa|yhdessa\n|html|View the match progress at <a href=\"\/game-bestof3-gen9vgc2023regulatione-1993503381\">game-bestof3-gen9vgc2023regulatione-1993503381<\/a>\n|t:|1700325834\n|gametype|doubles\n|player|p1|HoraceDPinpsqueak|wallace|\n|player|p2|Yhdessa|lance|\n|teamsize|p1|6\n|teamsize|p2|6\n|gen|9\n|tier|[Gen 9] VGC 2023 Regulation E\n|rule|Species Clause: Limit one of each Pok\u00e9mon\n|rule|Item Clause: Limit one of each item\n|clearpoke\n|poke|p1|Roaring Moon, L50|\n|poke|p1|Rillaboom, L50, F|\n|poke|p1|Arcanine-Hisui, L50, M|\n|poke|p1|Okidogi, L50, M|\n|poke|p1|Ditto, L50|\n|poke|p1|Palossand, L50, F|\n|poke|p2|Politoed, L50, F|\n|poke|p2|Hariyama, L50, M|\n|poke|p2|Dusclops, L50, M|\n|poke|p2|Vikavolt, L50, M|\n|poke|p2|Amoonguss, L50, F|\n|poke|p2|Cresselia, L50, F|\n|teampreview|4\n|inactive|Battle timer is ON: inactive players will automatically lose when time's up. (requested by HoraceDPinpsqueak)\n|\n|t:|1700325858\n|start\n|switch|p1a: Rillaboom|Rillaboom, L50, F|100\/100\n|switch|p1b: Arcanine|Arcanine-Hisui, L50, M|100\/100\n|switch|p2a: Cresselia|Cresselia, L50, F, shiny|100\/100\n|switch|p2b: Dusclops|Dusclops, L50, M|100\/100\n|-ability|p1b: Arcanine|Intimidate|boost\n|-unboost|p2a: Cresselia|atk|1\n|-unboost|p2b: Dusclops|atk|1\n|-fieldstart|move: Grassy Terrain|[from] ability: Grassy Surge|[of] p1a: Rillaboom\n|-ability|p2b: Dusclops|Pressure\n|turn|1\n|inactive|HoraceDPinpsqueak has 30 seconds left.\n|inactive|Yhdessa has 30 seconds left.\n|\n|t:|1700325886\n|-terastallize|p1a: Rillaboom|Grass\n|move|p2a: Cresselia|Ally Switch|p2a: Cresselia\n|swap|p2a: Cresselia|1|[from] move: Ally Switch\n|move|p1b: Arcanine|Rock Slide|p2a: Dusclops|[spread] p2b\n|-miss|p1b: Arcanine|p2a: Dusclops\n|-damage|p2b: Cresselia|75\/100\n|move|p1a: Rillaboom|Wood Hammer|p2b: Cresselia\n|-damage|p2b: Cresselia|0 fnt\n|-damage|p1a: Rillaboom|84\/100|[from] item: Rocky Helmet|[of] p2b: Cresselia\n|faint|p2b: Cresselia\n|-damage|p1a: Rillaboom|58\/100|[from] Recoil\n|move|p2a: Dusclops|Trick Room|p2a: Dusclops\n|-fieldstart|move: Trick Room|[of] p2a: Dusclops\n|\n|-heal|p1a: Rillaboom|63\/100|[from] Grassy Terrain\n|upkeep\n|\n|t:|1700325904\n|switch|p2b: Tubbz|Hariyama, L50, M|100\/100\n|turn|2\n|\n|t:|1700325919\n|switch|p1b: Ditto|Ditto, L50|100\/100\n|-transform|p1b: Ditto|p2a: Dusclops|[from] ability: Imposter\n|-ability|p1b: Ditto|Pressure\n|move|p1a: Rillaboom|Protect|p1a: Rillaboom\n|-singleturn|p1a: Rillaboom|Protect\n|move|p2a: Dusclops|Will-O-Wisp|p1a: Rillaboom\n|-activate|p1a: Rillaboom|move: Protect\n|move|p2b: Tubbz|Knock Off|p1b: Ditto\n|-supereffective|p1b: Ditto\n|-damage|p1b: Ditto|50\/100\n|-enditem|p1b: Ditto|Choice Scarf|[from] move: Knock Off|[of] p2b: Tubbz\n|\n|-heal|p1b: Ditto|56\/100|[from] Grassy Terrain\n|-heal|p1a: Rillaboom|69\/100|[from] Grassy Terrain\n|upkeep\n|turn|3\n|inactive|Yhdessa has 30 seconds left.\n|\n|t:|1700325952\n|move|p2a: Dusclops|Will-O-Wisp|p1a: Rillaboom\n|-status|p1a: Rillaboom|brn\n|move|p1b: Ditto|Will-O-Wisp|p2b: Tubbz\n|-status|p2b: Tubbz|brn\n|move|p2b: Tubbz|Knock Off|p1b: Ditto\n|-supereffective|p1b: Ditto\n|-damage|p1b: Ditto|4\/100\n|move|p1a: Rillaboom|Wood Hammer|p2b: Tubbz\n|-damage|p2b: Tubbz|22\/100 brn\n|-enditem|p2b: Tubbz|Sitrus Berry|[eat]\n|-heal|p2b: Tubbz|47\/100 brn|[from] item: Sitrus Berry\n|-damage|p1a: Rillaboom|42\/100 brn|[from] Recoil\n|\n|-heal|p1b: Ditto|10\/100|[from] Grassy Terrain\n|-heal|p2b: Tubbz|53\/100 brn|[from] Grassy Terrain\n|-heal|p1a: Rillaboom|48\/100 brn|[from] Grassy Terrain\n|-damage|p2b: Tubbz|47\/100 brn|[from] brn\n|-damage|p1a: Rillaboom|42\/100 brn|[from] brn\n|upkeep\n|turn|4\n|inactive|HoraceDPinpsqueak has 30 seconds left.\n|inactive|Yhdessa has 30 seconds left.\n|\n|t:|1700325981\n|move|p1b: Ditto|Helping Hand|p1a: Rillaboom\n|-singleturn|p1a: Rillaboom|Helping Hand|[of] p1b: Ditto\n|move|p1a: Rillaboom|Grassy Glide|p2b: Tubbz\n|-damage|p2b: Tubbz|0 fnt\n|faint|p2b: Tubbz\n|move|p2a: Dusclops|Night Shade|p1b: Ditto\n|-damage|p1b: Ditto|0 fnt\n|faint|p1b: Ditto\n|\n|-heal|p1a: Rillaboom|48\/100 brn|[from] Grassy Terrain\n|-damage|p1a: Rillaboom|42\/100 brn|[from] brn\n|upkeep\n|\n|t:|1700325994\n|switch|p2b: Master Ball?!?!|Amoonguss, L50, F, shiny|100\/100\n|switch|p1b: Roaring Moon|Roaring Moon, L50|100\/100\n|-enditem|p1b: Roaring Moon|Booster Energy\n|-activate|p1b: Roaring Moon|ability: Protosynthesis|[fromitem]\n|-start|p1b: Roaring Moon|protosynthesisspe\n|turn|5\n|\n|t:|1700326015\n|move|p1a: Rillaboom|Protect|p1a: Rillaboom\n|-singleturn|p1a: Rillaboom|Protect\n|move|p1b: Roaring Moon|Protect|p1b: Roaring Moon\n|-singleturn|p1b: Roaring Moon|Protect\n|move|p2a: Dusclops|Night Shade|p1a: Rillaboom\n|-activate|p1a: Rillaboom|move: Protect\n|move|p2b: Master Ball?!?!|Spore|p1b: Roaring Moon\n|-activate|p1b: Roaring Moon|move: Protect\n|\n|-heal|p1a: Rillaboom|48\/100 brn|[from] Grassy Terrain\n|-damage|p1a: Rillaboom|42\/100 brn|[from] brn\n|-fieldend|move: Trick Room\n|-fieldend|move: Grassy Terrain\n|upkeep\n|turn|6\n|\n|t:|1700326031\n|move|p1b: Roaring Moon|Knock Off|p2a: Dusclops\n|-supereffective|p2a: Dusclops\n|-damage|p2a: Dusclops|47\/100\n|-enditem|p2a: Dusclops|Eviolite|[from] move: Knock Off|[of] p1b: Roaring Moon\n|move|p1a: Rillaboom|Wood Hammer|p2a: Dusclops\n|-damage|p2a: Dusclops|0 fnt\n|faint|p2a: Dusclops\n|-damage|p1a: Rillaboom|33\/100 brn|[from] Recoil\n|move|p2b: Master Ball?!?!|Spore|p1b: Roaring Moon\n|-status|p1b: Roaring Moon|slp|[from] move: Spore\n|\n|-damage|p1a: Rillaboom|28\/100 brn|[from] brn\n|upkeep\n|turn|7\n|\n|t:|1700326045\n|cant|p1b: Roaring Moon|slp\n|move|p1a: Rillaboom|Wood Hammer|p2b: Master Ball?!?!\n|-resisted|p2b: Master Ball?!?!\n|-damage|p2b: Master Ball?!?!|90\/100\n|-damage|p1a: Rillaboom|24\/100 brn|[from] Recoil\n|move|p2b: Master Ball?!?!|Pollen Puff|p1a: Rillaboom\n|-supereffective|p1a: Rillaboom\n|-damage|p1a: Rillaboom|0 fnt\n|faint|p1a: Rillaboom\n|\n|-heal|p2b: Master Ball?!?!|96\/100|[from] item: Leftovers\n|upkeep\n|\n|t:|1700326054\n|switch|p1a: Arcanine|Arcanine-Hisui, L50, M|100\/100\n|-ability|p1a: Arcanine|Intimidate|boost\n|-unboost|p2b: Master Ball?!?!|atk|1\n|turn|8\n|\n|t:|1700326061\n|cant|p1b: Roaring Moon|slp\n|move|p1a: Arcanine|Flare Blitz|p2b: Master Ball?!?!\n|-supereffective|p2b: Master Ball?!?!\n|-damage|p2b: Master Ball?!?!|0 fnt\n|faint|p2b: Master Ball?!?!\n|-damage|p1a: Arcanine|62\/100|[from] Recoil\n|\n|win|HoraceDPinpsqueak\n|c|\u2606HoraceDPinpsqueak|ggs\n|c|\u2606Yhdessa|gg\n","uploadtime":1700326151,"views":11,"p1id":"horacedpinpsqueak","p2id":"yhdessa","formatid":"gen9vgc2023regulatione","rating":0,"private":0,"password":""}