{"id":"gen9vgc2023regulatione-1996140319","p1":"Ludwigxzc","p2":"she shawty","format":"[Gen 9] VGC 2023 Regulation E","log":"|j|\u2606Ludwigxzc\n|j|\u2606she shawty\n|t:|1700650215\n|gametype|doubles\n|player|p1|Ludwigxzc|2|1534\n|player|p2|she shawty|265|1669\n|teamsize|p1|6\n|teamsize|p2|6\n|gen|9\n|tier|[Gen 9] VGC 2023 Regulation E\n|rated|\n|rule|Species Clause: Limit one of each Pok\u00e9mon\n|rule|Item Clause: Limit one of each item\n|clearpoke\n|poke|p1|Ogerpon-Wellspring, L50, F|\n|poke|p1|Arcanine-Hisui, L50, M|\n|poke|p1|Tornadus, L50, M|\n|poke|p1|Iron Hands, L50|\n|poke|p1|Urshifu-*, L50, M|\n|poke|p1|Chi-Yu, L50|\n|poke|p2|Weezing, L50, M|\n|poke|p2|Ogerpon-Wellspring, L50, F|\n|poke|p2|Landorus-Therian, L50, M|\n|poke|p2|Flutter Mane, L50|\n|poke|p2|Roaring Moon, L50|\n|poke|p2|Iron Hands, L50|\n|teampreview|4\n|inactive|Battle timer is ON: inactive players will automatically lose when time's up. (requested by she shawty)\n|inactive|Ludwigxzc also wants the timer to be on.\n|inactive|she shawty has 60 seconds left.\n|\n|t:|1700650246\n|start\n|switch|p1a: Tornadus|Tornadus, L50, M|100\/100\n|switch|p1b: Iron Hands|Iron Hands, L50|100\/100\n|switch|p2a: Landorus|Landorus-Therian, L50, M|100\/100\n|switch|p2b: Roaring Moon|Roaring Moon, L50|100\/100\n|-ability|p2a: Landorus|Intimidate|boost\n|-unboost|p1a: Tornadus|atk|1\n|-unboost|p1b: Iron Hands|atk|1\n|-enditem|p2b: Roaring Moon|Booster Energy\n|-activate|p2b: Roaring Moon|ability: Protosynthesis|[fromitem]\n|-start|p2b: Roaring Moon|protosynthesisspe\n|turn|1\n|inactive|Ludwigxzc has 30 seconds left.\n|inactive|she shawty has 30 seconds left.\n|inactive|Ludwigxzc has 20 seconds left.\n|inactive|Ludwigxzc has 15 seconds left.\n|\n|t:|1700650287\n|-end|p2b: Roaring Moon|Protosynthesis|[silent]\n|switch|p2b: Weezing|Weezing, L50, M|100\/100\n|-ability|p2b: Weezing|Neutralizing Gas\n|move|p1b: Iron Hands|Fake Out|p2a: Landorus\n|-damage|p2a: Landorus|88\/100\n|cant|p2a: Landorus|flinch\n|move|p1a: Tornadus|Tailwind|p1a: Tornadus\n|-sidestart|p1: Ludwigxzc|move: Tailwind\n|\n|upkeep\n|turn|2\n|inactive|Ludwigxzc has 30 seconds left.\n|\n|t:|1700650316\n|-end|p1b: Iron Hands|Quark Drive|[silent]\n|switch|p1b: Arcanine|Arcanine-Hisui, L50, M|100\/100\n|move|p1a: Tornadus|Taunt|p2b: Weezing\n|-start|p2b: Weezing|move: Taunt\n|move|p2a: Landorus|Stomping Tantrum|p1b: Arcanine\n|-supereffective|p1b: Arcanine\n|-damage|p1b: Arcanine|0 fnt\n|faint|p1b: Arcanine\n|cant|p2b: Weezing|move: Taunt|Will-O-Wisp\n|\n|upkeep\n|\n|t:|1700650328\n|switch|p1b: Ogerpon|Ogerpon-Wellspring, L50, F|100\/100\n|turn|3\n|\n|t:|1700650340\n|switch|p2a: Roaring Moon|Roaring Moon, L50|100\/100\n|-terastallize|p1b: Ogerpon|Water\n|detailschange|p1b: Ogerpon|Ogerpon-Wellspring-Tera, L50, F, tera:Water\n|move|p1b: Ogerpon|Ivy Cudgel|p2a: Roaring Moon|[anim] Ivy Cudgel Water\n|-resisted|p2a: Roaring Moon\n|-damage|p2a: Roaring Moon|59\/100\n|move|p1a: Tornadus|Rain Dance|p1a: Tornadus\n|-weather|RainDance\n|move|p2b: Weezing|Sludge Bomb|p1b: Ogerpon\n|-damage|p1b: Ogerpon|75\/100\n|-status|p1b: Ogerpon|psn\n|\n|-weather|RainDance|[upkeep]\n|-damage|p1b: Ogerpon|63\/100 psn|[from] psn\n|upkeep\n|turn|4\n|inactive|Ludwigxzc has 30 seconds left.\n|\n|t:|1700650366\n|-end|p2b: Weezing|ability: Neutralizing Gas\n|-ability|p1b: Ogerpon|Embody Aspect (Wellspring)|boost\n|-boost|p1b: Ogerpon|spd|1\n|switch|p2b: Landorus|Landorus-Therian, L50, M|88\/100\n|-ability|p2b: Landorus|Intimidate|boost\n|-unboost|p1a: Tornadus|atk|1\n|-unboost|p1b: Ogerpon|atk|1\n|move|p2a: Roaring Moon|Protect|p2a: Roaring Moon\n|-singleturn|p2a: Roaring Moon|Protect\n|move|p1b: Ogerpon|Ivy Cudgel|p2b: Landorus|[anim] Ivy Cudgel Water\n|-supereffective|p2b: Landorus\n|-damage|p2b: Landorus|0 fnt\n|faint|p2b: Landorus\n|move|p1a: Tornadus|Bleakwind Storm|p2a: Roaring Moon\n|-activate|p2a: Roaring Moon|move: Protect\n|\n|-weather|RainDance|[upkeep]\n|-damage|p1b: Ogerpon|50\/100 psn|[from] psn\n|-sideend|p1: Ludwigxzc|move: Tailwind\n|upkeep\n|\n|t:|1700650380\n|switch|p2b: Weezing|Weezing, L50, M|100\/100\n|-ability|p2b: Weezing|Neutralizing Gas\n|turn|5\n|inactive|she shawty has 30 seconds left.\n|\n|t:|1700650408\n|-terastallize|p2a: Roaring Moon|Flying\n|move|p1b: Ogerpon|Spiky Shield|p1b: Ogerpon\n|-singleturn|p1b: Ogerpon|move: Protect\n|move|p2a: Roaring Moon|Acrobatics|p1b: Ogerpon\n|-activate|p1b: Ogerpon|move: Protect\n|-damage|p2a: Roaring Moon|46\/100|[from] Spiky Shield|[of] p1b: Ogerpon\n|move|p1a: Tornadus|Tailwind|p1a: Tornadus\n|-sidestart|p1: Ludwigxzc|move: Tailwind\n|move|p2b: Weezing|Sludge Bomb|p1a: Tornadus\n|-damage|p1a: Tornadus|66\/100\n|\n|-weather|RainDance|[upkeep]\n|-damage|p1b: Ogerpon|38\/100 psn|[from] psn\n|upkeep\n|turn|6\n|\n|t:|1700650427\n|move|p2a: Roaring Moon|Protect|p2a: Roaring Moon\n|-singleturn|p2a: Roaring Moon|Protect\n|move|p2b: Weezing|Protect|p2b: Weezing\n|-singleturn|p2b: Weezing|Protect\n|move|p1b: Ogerpon|Ivy Cudgel|p2b: Weezing|[anim] Ivy Cudgel Water\n|-activate|p2b: Weezing|move: Protect\n|move|p1a: Tornadus|Bleakwind Storm|p2a: Roaring Moon|[spread] \n|-activate|p2a: Roaring Moon|move: Protect\n|-activate|p2b: Weezing|move: Protect\n|\n|-weather|RainDance|[upkeep]\n|-damage|p1b: Ogerpon|26\/100 psn|[from] psn\n|upkeep\n|turn|7\n|\n|t:|1700650445\n|move|p1b: Ogerpon|Ivy Cudgel|p2a: Roaring Moon|[anim] Ivy Cudgel Water\n|-damage|p2a: Roaring Moon|0 fnt\n|faint|p2a: Roaring Moon\n|-end|p2a: Roaring Moon|Protosynthesis|[silent]\n|move|p1a: Tornadus|Bleakwind Storm|p2b: Weezing\n|-damage|p2b: Weezing|43\/100\n|-enditem|p2b: Weezing|Sitrus Berry|[eat]\n|-heal|p2b: Weezing|68\/100|[from] item: Sitrus Berry\n|move|p2b: Weezing|Sludge Bomb|p1b: Ogerpon\n|-damage|p1b: Ogerpon|10\/100 psn\n|\n|-weather|none\n|-damage|p1b: Ogerpon|0 fnt|[from] psn\n|faint|p1b: Ogerpon\n|upkeep\n|\n|t:|1700650460\n|switch|p2a: Flutter Mane|Flutter Mane, L50, shiny|100\/100\n|switch|p1b: Iron Hands|Iron Hands, L50|100\/100\n|turn|8\n|\n|t:|1700650470\n|move|p1a: Tornadus|Taunt|p2b: Weezing\n|-start|p2b: Weezing|move: Taunt\n|move|p2a: Flutter Mane|Moonblast|p1b: Iron Hands\n|-supereffective|p1b: Iron Hands\n|-damage|p1b: Iron Hands|29\/100\n|move|p1b: Iron Hands|Heavy Slam|p2a: Flutter Mane\n|-supereffective|p2a: Flutter Mane\n|-damage|p2a: Flutter Mane|0 fnt\n|faint|p2a: Flutter Mane\n|-end|p2a: Flutter Mane|Protosynthesis|[silent]\n|cant|p2b: Weezing|move: Taunt|Will-O-Wisp\n|\n|-sideend|p1: Ludwigxzc|move: Tailwind\n|upkeep\n|turn|9\n|\n|t:|1700650493\n|move|p1a: Tornadus|Bleakwind Storm|p2b: Weezing\n|-damage|p2b: Weezing|10\/100\n|move|p2b: Weezing|Sludge Bomb|p1b: Iron Hands\n|-crit|p1b: Iron Hands\n|-damage|p1b: Iron Hands|7\/100\n|move|p1b: Iron Hands|Wild Charge|p2b: Weezing\n|-damage|p2b: Weezing|0 fnt\n|faint|p2b: Weezing\n|-end|p2b: Weezing|ability: Neutralizing Gas\n|-damage|p1b: Iron Hands|6\/100|[from] Recoil\n|\n|win|Ludwigxzc\n|raw|Ludwigxzc's rating: 1534 &rarr; <strong>1561<\/strong><br \/>(+27 for winning)\n|raw|she shawty's rating: 1669 &rarr; <strong>1642<\/strong><br \/>(-27 for losing)\n|l|\u2606she shawty\n","uploadtime":1700650532,"views":11,"p1id":"ludwigxzc","p2id":"sheshawty","formatid":"gen9vgc2023regulatione","rating":1561,"private":0,"password":""}