{"id":"gen9vgc2023regulatione-2000283899","p1":"bkmboy","p2":"willbill231","format":"[Gen 9] VGC 2023 Regulation E","log":"|j|\u2606bkmboy\n|j|\u2606willbill231\n|t:|1701181199\n|gametype|doubles\n|player|p1|bkmboy|gambler|1068\n|player|p2|willbill231|101|1083\n|teamsize|p1|6\n|teamsize|p2|6\n|gen|9\n|tier|[Gen 9] VGC 2023 Regulation E\n|rated|\n|rule|Species Clause: Limit one of each Pok\u00e9mon\n|rule|Item Clause: Limit one of each item\n|clearpoke\n|poke|p1|Indeedee-F, L50, F|\n|poke|p1|Regidrago, L50|\n|poke|p1|Gholdengo, L50|\n|poke|p1|Tornadus, L50, M|\n|poke|p1|Iron Moth, L50|\n|poke|p1|Chien-Pao, L50|\n|poke|p2|Milotic, L50, M|\n|poke|p2|Sneasler, L50, F|\n|poke|p2|Tornadus, L50, M|\n|poke|p2|Garchomp, L50, F|\n|poke|p2|Ninetales-Alola, L50, F|\n|poke|p2|Rillaboom, L50, F|\n|teampreview|4\n|inactive|Battle timer is ON: inactive players will automatically lose when time's up. (requested by willbill231)\n|\n|t:|1701181256\n|start\n|switch|p1a: Indeedee|Indeedee-F, L50, F|100\/100\n|switch|p1b: Gholdengo|Gholdengo, L50|100\/100\n|switch|p2a: Tornadus|Tornadus, L50, M|100\/100\n|switch|p2b: Sneasler|Sneasler, L50, F|100\/100\n|-fieldstart|move: Psychic Terrain|[from] ability: Psychic Surge|[of] p1a: Indeedee\n|turn|1\n|inactive|willbill231 has 30 seconds left.\n|\n|t:|1701181285\n|-terastallize|p2b: Sneasler|Dark\n|-terastallize|p1b: Gholdengo|Steel\n|move|p1a: Indeedee|Fake Out|p2a: Tornadus\n|-hint|Psychic Terrain doesn't affect Pok\u00e9mon immune to Ground.\n|-damage|p2a: Tornadus|87\/100\n|move|p2a: Tornadus|Tailwind|p2a: Tornadus\n|-sidestart|p2: willbill231|move: Tailwind\n|move|p2b: Sneasler|Tera Blast|p1b: Gholdengo|[anim] Tera Blast Dark\n|-damage|p1b: Gholdengo|54\/100\n|move|p1b: Gholdengo|Make It Rain|p2a: Tornadus|[spread] p2a,p2b\n|-damage|p2a: Tornadus|0 fnt\n|-damage|p2b: Sneasler|0 fnt\n|-unboost|p1b: Gholdengo|spa|1\n|faint|p2a: Tornadus\n|faint|p2b: Sneasler\n|\n|upkeep\n|\n|t:|1701181301\n|switch|p2b: Ninetales|Ninetales-Alola, L50, F|100\/100\n|switch|p2a: Garchomp|Garchomp, L50, F|100\/100\n|-weather|Snow|[from] ability: Snow Warning|[of] p2b: Ninetales\n|turn|2\n|\n|t:|1701181314\n|move|p2b: Ninetales|Aurora Veil|p2b: Ninetales\n|-sidestart|p2: willbill231|move: Aurora Veil\n|move|p2a: Garchomp|Stomping Tantrum|p1b: Gholdengo\n|-supereffective|p1b: Gholdengo\n|-damage|p1b: Gholdengo|0 fnt\n|faint|p1b: Gholdengo\n|move|p1a: Indeedee|Dazzling Gleam|p2b: Ninetales|[spread] p2a,p2b\n|-supereffective|p2a: Garchomp\n|-damage|p2a: Garchomp|83\/100\n|-damage|p2b: Ninetales|90\/100\n|\n|-weather|Snow|[upkeep]\n|upkeep\n|\n|t:|1701181324\n|switch|p1b: Chien-Pao|Chien-Pao, L50|100\/100\n|-ability|p1b: Chien-Pao|Sword of Ruin\n|turn|3\n|\n|t:|1701181340\n|move|p2b: Ninetales|Moonblast|p1b: Chien-Pao\n|-supereffective|p1b: Chien-Pao\n|-enditem|p1b: Chien-Pao|Focus Sash\n|-damage|p1b: Chien-Pao|1\/100\n|move|p2a: Garchomp|Stone Edge|p1b: Chien-Pao|[miss]\n|-miss|p2a: Garchomp|p1b: Chien-Pao\n|move|p1b: Chien-Pao|Icicle Crash|p2a: Garchomp\n|-supereffective|p2a: Garchomp\n|-damage|p2a: Garchomp|0 fnt\n|faint|p2a: Garchomp\n|move|p1a: Indeedee|Skill Swap|p2b: Ninetales\n|-activate|p1a: Indeedee|move: Skill Swap|Snow Warning|Psychic Surge|[of] p2b: Ninetales\n|\n|-weather|Snow|[upkeep]\n|upkeep\n|turn|4\n|\n|t:|1701181360\n|move|p1a: Indeedee|Follow Me|p1a: Indeedee\n|-singleturn|p1a: Indeedee|move: Follow Me\n|move|p1b: Chien-Pao|Sucker Punch|p2b: Ninetales\n|-activate|p2b: Ninetales|move: Psychic Terrain\n|move|p2b: Ninetales|Freeze-Dry|p1a: Indeedee\n|-damage|p1a: Indeedee|72\/100\n|\n|-weather|Snow|[upkeep]\n|-sideend|p2: willbill231|move: Tailwind\n|upkeep\n|turn|5\n|\n|t:|1701181372\n|move|p1a: Indeedee|Follow Me|p1a: Indeedee\n|-singleturn|p1a: Indeedee|move: Follow Me\n|move|p1b: Chien-Pao|Sucker Punch|p2b: Ninetales\n|-activate|p2b: Ninetales|move: Psychic Terrain\n|move|p2b: Ninetales|Moonblast|p1a: Indeedee\n|-damage|p1a: Indeedee|36\/100\n|\n|-weather|Snow|[upkeep]\n|upkeep\n|turn|6\n|inactive|bkmboy has 30 seconds left.\n|\n|t:|1701181400\n|switch|p1a: Tornadus|Tornadus, L50, M|100\/100\n|move|p1b: Chien-Pao|Ice Shard|p2b: Ninetales\n|-activate|p2b: Ninetales|move: Psychic Terrain\n|move|p2b: Ninetales|Moonblast|p1b: Chien-Pao\n|-supereffective|p1b: Chien-Pao\n|-damage|p1b: Chien-Pao|0 fnt\n|faint|p1b: Chien-Pao\n|\n|-weather|none\n|upkeep\n|\n|t:|1701181409\n|switch|p1b: Indeedee|Indeedee-F, L50, F|36\/100\n|turn|7\n|\n|t:|1701181418\n|move|p2b: Ninetales|Freeze-Dry|p1a: Tornadus\n|-supereffective|p1a: Tornadus\n|-damage|p1a: Tornadus|26\/100\n|move|p1a: Tornadus|Bleakwind Storm|p2b: Ninetales\n|-damage|p2b: Ninetales|46\/100\n|move|p1b: Indeedee|Dazzling Gleam|p2b: Ninetales\n|-damage|p2b: Ninetales|32\/100\n|\n|upkeep\n|turn|8\n|\n|t:|1701181431\n|move|p1a: Tornadus|Protect|p1a: Tornadus\n|-singleturn|p1a: Tornadus|Protect\n|move|p2b: Ninetales|Moonblast|p1a: Tornadus\n|-activate|p1a: Tornadus|move: Protect\n|move|p1b: Indeedee|Dazzling Gleam|p2b: Ninetales\n|-damage|p2b: Ninetales|17\/100\n|\n|-fieldend|move: Psychic Terrain\n|upkeep\n|turn|9\n|\n|t:|1701181451\n|move|p2b: Ninetales|Moonblast|p1a: Tornadus\n|-damage|p1a: Tornadus|0 fnt\n|faint|p1a: Tornadus\n|move|p1b: Indeedee|Dazzling Gleam|p2b: Ninetales\n|-damage|p2b: Ninetales|3\/100\n|\n|-sideend|p2: willbill231|move: Aurora Veil\n|upkeep\n|turn|10\n|\n|t:|1701181459\n|move|p2b: Ninetales|Moonblast|p1b: Indeedee\n|-damage|p1b: Indeedee|0 fnt\n|faint|p1b: Indeedee\n|\n|win|willbill231\n|raw|bkmboy's rating: 1068 &rarr; <strong>1049<\/strong><br \/>(-19 for losing)\n|raw|willbill231's rating: 1083 &rarr; <strong>1109<\/strong><br \/>(+26 for winning)\n|l|\u2606bkmboy\n","uploadtime":1701181474,"views":13,"p1id":"bkmboy","p2id":"willbill231","formatid":"gen9vgc2023regulatione","rating":1049,"private":0,"password":""}