{"id":"gen9vgc2023regulatione-1988535431","p1":"Spookz_Legend","p2":"MonstaMeatball","format":"[Gen 9] VGC 2023 Regulation E","log":"|j|\u2606Spookz_Legend\n|j|\u2606MonstaMeatball\n|n|\u2606Spookz_Legend|spookzlegend\n|n|\u2606MonstaMeatball|monstameatball\n|html|View the match progress at <a href=\"\/game-bestof3-gen9vgc2023regulatione-1988529993\">game-bestof3-gen9vgc2023regulatione-1988529993<\/a>\n|t:|1699733394\n|gametype|doubles\n|player|p1|Spookz_Legend|cheren|\n|player|p2|MonstaMeatball|169|\n|teamsize|p1|6\n|teamsize|p2|6\n|gen|9\n|tier|[Gen 9] VGC 2023 Regulation E\n|rule|Species Clause: Limit one of each Pok\u00e9mon\n|rule|Item Clause: Limit one of each item\n|clearpoke\n|poke|p1|Ursaluna-Bloodmoon, L50, M|\n|poke|p1|Sinistcha, L50|\n|poke|p1|Sneasler, L50, M|\n|poke|p1|Chi-Yu, L50|\n|poke|p1|Farigiraf, L50, M|\n|poke|p1|Tornadus, L50, M|\n|poke|p2|Urshifu-*, L50, M|\n|poke|p2|Tornadus, L50, M|\n|poke|p2|Regidrago, L50|\n|poke|p2|Rillaboom, L50, M|\n|poke|p2|Arcanine-Hisui, L50, F|\n|poke|p2|Gholdengo, L50|\n|teampreview|4\nSpookz_Legend has agreed to open team sheets.\nMonstaMeatball has agreed to open team sheets.\n|showteam|p1|Ursaluna-Bloodmoon||AssaultVest|MindsEye|HyperVoice,BloodMoon,VacuumWave,EarthPower|||M|||50|,,,,,Normal]Sinistcha||RockyHelmet|Hospitality|MatchaGotcha,RagePowder,StrengthSap,Protect||||||50|,,,,,Fire]Sneasler||ClearAmulet|PoisonTouch|FakeOut,DireClaw,CloseCombat,Protect|||M|||50|,,,,,Fire]Chi-Yu||SitrusBerry|BeadsofRuin|HeatWave,DarkPulse,Protect,Snarl||||||50|,,,,,Water]Farigiraf||SafetyGoggles|ArmorTail|Psychic,DazzlingGleam,TrickRoom,Imprison|||M|||50|,,,,,Fairy]Tornadus||CovertCloak|Prankster|Tailwind,Taunt,BleakwindStorm,IcyWind|||M|||50|,,,,,Dark\n|showteam|p2|Urshifu-Rapid-Strike||ChoiceScarf|UnseenFist|SurgingStrikes,CloseCombat,AquaJet,Uturn|||M|||50|,,,,,Poison]Tornadus||CovertCloak|Prankster|BleakwindStorm,RainDance,Tailwind,Protect|||M|||50|,,,,,Ghost]Regidrago||DragonFang|DragonsMaw|DragonEnergy,DracoMeteor,TeraBlast,Protect||||||50|,,,,,Steel]Rillaboom||AssaultVest|GrassySurge|FakeOut,WoodHammer,HighHorsepower,GrassyGlide|||M|||50|,,,,,Fire]Arcanine-Hisui||SitrusBerry|Intimidate|FlareBlitz,ExtremeSpeed,RockSlide,WillOWisp|||F|||50|,,,,,Water]Gholdengo||LifeOrb|GoodasGold|MakeItRain,ShadowBall,NastyPlot,Protect||||||50|,,,,,Flying\n|\n|t:|1699733445\n|start\n|switch|p1a: Marius|Sneasler, L50, M|100\/100\n|switch|p1b: Pros|Sinistcha, L50|100\/100\n|switch|p2a: Fuujin|Tornadus, L50, M|100\/100\n|switch|p2b: Kyogai|Rillaboom, L50, M|100\/100\n|-fieldstart|move: Grassy Terrain|[from] ability: Grassy Surge|[of] p2b: Kyogai\n|turn|1\n|\n|t:|1699733492\n|switch|p1b: Roxanne|Chi-Yu, L50|100\/100\n|-ability|p1b: Roxanne|Beads of Ruin\n|move|p1a: Marius|Protect|p1a: Marius\n|-singleturn|p1a: Marius|Protect\n|move|p2b: Kyogai|Fake Out|p1a: Marius\n|-activate|p1a: Marius|move: Protect\n|move|p2a: Fuujin|Rain Dance|p2a: Fuujin\n|-weather|RainDance\n|\n|-weather|RainDance|[upkeep]\n|upkeep\n|turn|2\n|\n|t:|1699733520\n|-terastallize|p1a: Marius|Fire\n|-terastallize|p2b: Kyogai|Fire\n|move|p2a: Fuujin|Tailwind|p2a: Fuujin\n|-sidestart|p2: MonstaMeatball|move: Tailwind\n|move|p2b: Kyogai|High Horsepower|p1b: Roxanne\n|-supereffective|p1b: Roxanne\n|-damage|p1b: Roxanne|6\/100\n|-enditem|p1b: Roxanne|Sitrus Berry|[eat]\n|-heal|p1b: Roxanne|31\/100|[from] item: Sitrus Berry\n|move|p1a: Marius|Dire Claw|p2b: Kyogai\n|-damage|p2b: Kyogai|58\/100\n|-status|p2b: Kyogai|psn\n|move|p1b: Roxanne|Snarl|p2a: Fuujin|[spread] p2a,p2b\n|-damage|p2a: Fuujin|80\/100\n|-damage|p2b: Kyogai|38\/100 psn\n|-unboost|p2b: Kyogai|spa|1\n|\n|-weather|RainDance|[upkeep]\n|-heal|p2b: Kyogai|43\/100 psn|[from] Grassy Terrain\n|-heal|p1b: Roxanne|37\/100|[from] Grassy Terrain\n|-damage|p2b: Kyogai|31\/100 psn|[from] psn\n|upkeep\n|turn|3\n|\n|t:|1699733560\n|switch|p1a: Pros|Sinistcha, L50|100\/100\n|-heal|p1b: Roxanne|62\/100|[from] ability: Hospitality|[of] p1a: Pros\n|move|p2a: Fuujin|Bleakwind Storm|p1a: Pros|[spread] p1a,p1b\n|-supereffective|p1a: Pros\n|-damage|p1a: Pros|18\/100\n|-damage|p1b: Roxanne|30\/100\n|-unboost|p1a: Pros|spe|1\n|-unboost|p1b: Roxanne|spe|1\n|move|p2b: Kyogai|High Horsepower|p1a: Pros\n|-resisted|p1a: Pros\n|-damage|p1a: Pros|2\/100\n|-damage|p2b: Kyogai|15\/100 psn|[from] item: Rocky Helmet|[of] p1a: Pros\n|move|p1b: Roxanne|Dark Pulse|p2b: Kyogai\n|-damage|p2b: Kyogai|0 fnt\n|faint|p2b: Kyogai\n|\n|-weather|RainDance|[upkeep]\n|-heal|p1b: Roxanne|35\/100|[from] Grassy Terrain\n|-heal|p1a: Pros|8\/100|[from] Grassy Terrain\n|upkeep\n|\n|t:|1699733575\n|switch|p2b: Chuuni|Regidrago, L50|100\/100\n|turn|4\n|\n|t:|1699733595\n|move|p1b: Roxanne|Protect|p1b: Roxanne\n|-singleturn|p1b: Roxanne|Protect\n|move|p2a: Fuujin|Bleakwind Storm|p1b: Roxanne|[spread] p1a\n|-activate|p1b: Roxanne|move: Protect\n|-supereffective|p1a: Pros\n|-damage|p1a: Pros|0 fnt\n|faint|p1a: Pros\n|move|p2b: Chuuni|Dragon Energy|p1b: Roxanne\n|-activate|p1b: Roxanne|move: Protect\n|\n|-weather|RainDance|[upkeep]\n|-heal|p1b: Roxanne|41\/100|[from] Grassy Terrain\n|upkeep\n|\n|t:|1699733604\n|switch|p1a: Marius|Sneasler, L50, M, tera:Fire|100\/100\n|turn|5\n|\n|t:|1699733615\n|move|p2b: Chuuni|Protect|p2b: Chuuni\n|-singleturn|p2b: Chuuni|Protect\n|move|p2a: Fuujin|Bleakwind Storm|p1a: Marius|[spread] p1a,p1b\n|-damage|p1a: Marius|46\/100\n|-damage|p1b: Roxanne|5\/100\n|-unboost|p1b: Roxanne|spe|1\n|move|p1a: Marius|Dire Claw|p2a: Fuujin\n|-damage|p2a: Fuujin|28\/100\n|move|p1b: Roxanne|Dark Pulse|p2a: Fuujin\n|-damage|p2a: Fuujin|0 fnt\n|faint|p2a: Fuujin\n|\n|-weather|none\n|-heal|p1a: Marius|52\/100|[from] Grassy Terrain\n|-heal|p1b: Roxanne|10\/100|[from] Grassy Terrain\n|-sideend|p2: MonstaMeatball|move: Tailwind\n|-fieldend|move: Grassy Terrain\n|upkeep\n|\n|t:|1699733618\n|switch|p2a: Garou|Urshifu-Rapid-Strike, L50, M|100\/100\n|turn|6\n|\n|t:|1699733677\n|move|p2a: Garou|Surging Strikes|p1a: Marius\n|-supereffective|p1a: Marius\n|-crit|p1a: Marius\n|-damage|p1a: Marius|0 fnt\n|faint|p1a: Marius\n|-hitcount|p1: Marius|1\n|move|p2b: Chuuni|Dragon Energy|p1b: Roxanne\n|-damage|p1b: Roxanne|0 fnt\n|faint|p1b: Roxanne\n|\n|upkeep\n|\n|t:|1699733680\n|switch|p1b: Jorse|Ursaluna-Bloodmoon, L50, M|100\/100\n|turn|7\n|\n|t:|1699733691\n|move|p2a: Garou|Surging Strikes|p1b: Jorse\n|-supereffective|p1b: Jorse\n|-crit|p1b: Jorse\n|-damage|p1b: Jorse|62\/100\n|-supereffective|p1b: Jorse\n|-crit|p1b: Jorse\n|-damage|p1b: Jorse|26\/100\n|-supereffective|p1b: Jorse\n|-crit|p1b: Jorse\n|-damage|p1b: Jorse|0 fnt\n|faint|p1b: Jorse\n|-hitcount|p1: Jorse|3\n|\n|win|MonstaMeatball\n|c|\u2606Spookz_Legend|ggs\n|c|\u2606MonstaMeatball|ggs\n|l|\u2606Spookz_Legend\n","uploadtime":1699733905,"views":15,"p1id":"spookzlegend","p2id":"monstameatball","formatid":"gen9vgc2023regulatione","rating":0,"private":0,"password":""}