{"id":"gen9vgc2023regulatione-1991658206","p1":"ChiefBeef999","p2":"Lava Snail Enjoyer","format":"[Gen 9] VGC 2023 Regulation E","log":"|j|\u2606ChiefBeef999\n|j|\u2606Lava Snail Enjoyer\n|t:|1700099353\n|gametype|doubles\n|player|p1|ChiefBeef999|266|1042\n|player|p2|Lava Snail Enjoyer|gambler|1043\n|teamsize|p1|6\n|teamsize|p2|6\n|gen|9\n|tier|[Gen 9] VGC 2023 Regulation E\n|rated|\n|rule|Species Clause: Limit one of each Pok\u00e9mon\n|rule|Item Clause: Limit one of each item\n|clearpoke\n|poke|p1|Sinistcha, L50|\n|poke|p1|Ogerpon-Wellspring, L50, F|\n|poke|p1|Iron Hands, L50|\n|poke|p1|Ursaluna-Bloodmoon, L50, M|\n|poke|p1|Torkoal, L50, M|\n|poke|p1|Indeedee-F, L50, F|\n|poke|p2|Flamigo, L50, F|\n|poke|p2|Magcargo, L50, M|\n|poke|p2|Clefairy, L50, F|\n|poke|p2|Iron Bundle, L50|\n|poke|p2|Rillaboom, L50, M|\n|poke|p2|Kingambit, L50, M|\n|teampreview|4\n|inactive|Battle timer is ON: inactive players will automatically lose when time's up. (requested by Lava Snail Enjoyer)\n|inactive|ChiefBeef999 has 60 seconds left.\n|\n|t:|1700099405\n|start\n|switch|p1a: Tatsumaki|Indeedee-F, L50, F|100\/100\n|switch|p1b: Shrek2OnDVD*|Ogerpon-Wellspring, L50, F|100\/100\n|switch|p2a: Lava Snail|Magcargo, L50, M|100\/100\n|switch|p2b: Fat|Clefairy, L50, F|100\/100\n|-fieldstart|move: Psychic Terrain|[from] ability: Psychic Surge|[of] p1a: Tatsumaki\n|-enditem|p1a: Tatsumaki|Psychic Seed\n|-boost|p1a: Tatsumaki|spd|1|[from] item: Psychic Seed\n|turn|1\n|\n|t:|1700099424\n|move|p1b: Shrek2OnDVD*|Follow Me|p1b: Shrek2OnDVD*\n|-singleturn|p1b: Shrek2OnDVD*|move: Follow Me\n|move|p2b: Fat|Follow Me|p2b: Fat\n|-singleturn|p2b: Fat|move: Follow Me\n|move|p2a: Lava Snail|Shell Smash|p2a: Lava Snail\n|-unboost|p2a: Lava Snail|def|1\n|-unboost|p2a: Lava Snail|spd|1\n|-boost|p2a: Lava Snail|atk|2\n|-boost|p2a: Lava Snail|spa|2\n|-boost|p2a: Lava Snail|spe|2\n|move|p1a: Tatsumaki|Trick Room|p1a: Tatsumaki\n|-fieldstart|move: Trick Room|[of] p1a: Tatsumaki\n|\n|upkeep\n|turn|2\n|\n|t:|1700099446\n|move|p2a: Lava Snail|Protect|p2a: Lava Snail\n|-singleturn|p2a: Lava Snail|Protect\n|move|p1a: Tatsumaki|Follow Me|p1a: Tatsumaki\n|-singleturn|p1a: Tatsumaki|move: Follow Me\n|move|p2b: Fat|Sing|p1a: Tatsumaki\n|-status|p1a: Tatsumaki|slp|[from] move: Sing\n|move|p1b: Shrek2OnDVD*|Ivy Cudgel|p2a: Lava Snail|[anim] Ivy Cudgel Water\n|-activate|p2a: Lava Snail|move: Protect\n|\n|upkeep\n|turn|3\n|\n|t:|1700099464\n|move|p2b: Fat|Follow Me|p2b: Fat\n|-singleturn|p2b: Fat|move: Follow Me\n|cant|p1a: Tatsumaki|slp\n|move|p1b: Shrek2OnDVD*|Ivy Cudgel|p2b: Fat|[anim] Ivy Cudgel Water\n|-damage|p2b: Fat|65\/100\n|move|p2a: Lava Snail|Shell Smash|p2a: Lava Snail\n|-unboost|p2a: Lava Snail|def|1\n|-unboost|p2a: Lava Snail|spd|1\n|-boost|p2a: Lava Snail|atk|2\n|-boost|p2a: Lava Snail|spa|2\n|-boost|p2a: Lava Snail|spe|2\n|\n|upkeep\n|turn|4\n|\n|t:|1700099488\n|move|p2a: Lava Snail|Protect|p2a: Lava Snail\n|-singleturn|p2a: Lava Snail|Protect\n|cant|p1a: Tatsumaki|slp\n|move|p2b: Fat|Sing|p1b: Shrek2OnDVD*|[miss]\n|-miss|p2b: Fat|p1b: Shrek2OnDVD*\n|move|p1b: Shrek2OnDVD*|Swords Dance|p1b: Shrek2OnDVD*\n|-boost|p1b: Shrek2OnDVD*|atk|2\n|\n|upkeep\n|turn|5\n|\n|t:|1700099502\n|move|p2b: Fat|Follow Me|p2b: Fat\n|-singleturn|p2b: Fat|move: Follow Me\n|cant|p1a: Tatsumaki|slp\n|move|p1b: Shrek2OnDVD*|Ivy Cudgel|p2b: Fat|[anim] Ivy Cudgel Water\n|-damage|p2b: Fat|0 fnt\n|faint|p2b: Fat\n|move|p2a: Lava Snail|Shell Smash|p2a: Lava Snail\n|-unboost|p2a: Lava Snail|def|1\n|-unboost|p2a: Lava Snail|spd|1\n|-boost|p2a: Lava Snail|atk|2\n|-boost|p2a: Lava Snail|spa|2\n|-boost|p2a: Lava Snail|spe|2\n|\n|-fieldend|move: Trick Room\n|-fieldend|move: Psychic Terrain\n|upkeep\n|\n|t:|1700099507\n|switch|p2b: Discolored Chicken|Flamigo, L50, F|100\/100\n|-copyboost|p2b: Discolored Chicken|p2a: Lava Snail|[from] ability: Costar\n|turn|6\n|\n|t:|1700099523\n|move|p1b: Shrek2OnDVD*|Follow Me|p1b: Shrek2OnDVD*\n|-singleturn|p1b: Shrek2OnDVD*|move: Follow Me\n|move|p2b: Discolored Chicken|Brave Bird|p1b: Shrek2OnDVD*\n|-supereffective|p1b: Shrek2OnDVD*\n|-damage|p1b: Shrek2OnDVD*|0 fnt\n|faint|p1b: Shrek2OnDVD*\n|-damage|p2b: Discolored Chicken|62\/100|[from] Recoil\n|-damage|p2b: Discolored Chicken|52\/100|[from] item: Life Orb\n|move|p2a: Lava Snail|Heat Wave|p1a: Tatsumaki\n|-damage|p1a: Tatsumaki|0 fnt\n|faint|p1a: Tatsumaki\n|\n|upkeep\n|\n|t:|1700099539\n|switch|p1b: Franklin|Torkoal, L50, M|100\/100\n|switch|p1a: Big Chungus|Iron Hands, L50|100\/100\n|-weather|SunnyDay|[from] ability: Drought|[of] p1b: Franklin\n|turn|7\n|c|\u2606Lava Snail Enjoyer|rare franklin turtle reference\n|\n|t:|1700099558\n|move|p1a: Big Chungus|Fake Out|p2b: Discolored Chicken\n|-damage|p2b: Discolored Chicken|0 fnt\n|faint|p2b: Discolored Chicken\n|move|p2a: Lava Snail|Power Gem|p1b: Franklin\n|-supereffective|p1b: Franklin\n|-damage|p1b: Franklin|0 fnt\n|faint|p1b: Franklin\n|\n|-weather|SunnyDay|[upkeep]\n|upkeep\n|\n|t:|1700099564\n|switch|p2b: Robot Santa|Iron Bundle, L50|100\/100\n|-enditem|p2b: Robot Santa|Booster Energy\n|-activate|p2b: Robot Santa|ability: Quark Drive|[fromitem]\n|-start|p2b: Robot Santa|quarkdrivespe\n|turn|8\n|\n|t:|1700099576\n|move|p2a: Lava Snail|Heat Wave|p1a: Big Chungus\n|-damage|p1a: Big Chungus|0 fnt\n|faint|p1a: Big Chungus\n|-end|p1a: Big Chungus|Quark Drive|[silent]\n|\n|win|Lava Snail Enjoyer\n|raw|ChiefBeef999's rating: 1042 &rarr; <strong>1026<\/strong><br \/>(-16 for losing)\n|raw|Lava Snail Enjoyer's rating: 1043 &rarr; <strong>1076<\/strong><br \/>(+33 for winning)\n|c|\u2606Lava Snail Enjoyer|gg\n","uploadtime":1700099589,"views":23,"p1id":"chiefbeef999","p2id":"lavasnailenjoyer","formatid":"gen9vgc2023regulatione","rating":1026,"private":0,"password":""}