{"id":"gen9vgc2023regulatione-1995329365","p1":"Agostin72","p2":"ApoVGC","format":"[Gen 9] VGC 2023 Regulation E","log":"|j|\u2606Agostin72\n|j|\u2606ApoVGC\n|t:|1700554654\n|gametype|doubles\n|player|p1|Agostin72|102|1337\n|player|p2|ApoVGC|170|1340\n|teamsize|p1|6\n|teamsize|p2|6\n|gen|9\n|tier|[Gen 9] VGC 2023 Regulation E\n|rated|\n|rule|Species Clause: Limit one of each Pok\u00e9mon\n|rule|Item Clause: Limit one of each item\n|clearpoke\n|poke|p1|Amoonguss, L50, F|\n|poke|p1|Tornadus, L50, M|\n|poke|p1|Iron Hands, L50|\n|poke|p1|Arcanine-Hisui, L50, M|\n|poke|p1|Gholdengo, L50|\n|poke|p1|Urshifu-*, L50, M|\n|poke|p2|Garchomp, L50, F|\n|poke|p2|Kommo-o, L50, M|\n|poke|p2|Dragapult, L50, M|\n|poke|p2|Goodra-Hisui, L50, M|\n|poke|p2|Tatsugiri, L50, M|\n|poke|p2|Roaring Moon, L50|\n|teampreview|4\n|inactive|Battle timer is ON: inactive players will automatically lose when time's up. (requested by ApoVGC)\n|\n|t:|1700554683\n|start\n|switch|p1a: Tornadus|Tornadus, L50, M|100\/100\n|switch|p1b: Gholdengo|Gholdengo, L50|100\/100\n|switch|p2a: Garchomp|Garchomp, L50, F|100\/100\n|switch|p2b: Roaring Moon|Roaring Moon, L50|100\/100\n|-enditem|p2b: Roaring Moon|Booster Energy\n|-activate|p2b: Roaring Moon|ability: Protosynthesis|[fromitem]\n|-start|p2b: Roaring Moon|protosynthesisspe\n|turn|1\n|\n|t:|1700554692\n|-terastallize|p2a: Garchomp|Fire\n|move|p1b: Gholdengo|Protect|p1b: Gholdengo\n|-singleturn|p1b: Gholdengo|Protect\n|move|p2b: Roaring Moon|Tailwind|p2b: Roaring Moon\n|-sidestart|p2: ApoVGC|move: Tailwind\n|move|p2a: Garchomp|Swords Dance|p2a: Garchomp\n|-boost|p2a: Garchomp|atk|2\n|move|p1a: Tornadus|Bleakwind Storm|p2b: Roaring Moon|[spread] p2a\n|-miss|p1a: Tornadus|p2b: Roaring Moon\n|-damage|p2a: Garchomp|59\/100\n|\n|upkeep\n|turn|2\n|\n|t:|1700554716\n|switch|p1b: Arcanine|Arcanine-Hisui, L50, M|100\/100\n|-ability|p1b: Arcanine|Intimidate|boost\n|-fail|p2a: Garchomp|unboost|[from] item: Clear Amulet|[of] p2a: Garchomp\n|-unboost|p2b: Roaring Moon|atk|1\n|move|p1a: Tornadus|Tailwind|p1a: Tornadus\n|-sidestart|p1: Agostin72|move: Tailwind\n|move|p2b: Roaring Moon|Knock Off|p1b: Arcanine\n|-damage|p1b: Arcanine|60\/100\n|-enditem|p1b: Arcanine|Choice Band|[from] move: Knock Off|[of] p2b: Roaring Moon\n|move|p2a: Garchomp|Rock Slide|p1a: Tornadus|[spread] p1a,p1b\n|-supereffective|p1a: Tornadus\n|-supereffective|p1b: Arcanine\n|-damage|p1a: Tornadus|0 fnt\n|-damage|p1b: Arcanine|0 fnt\n|faint|p1a: Tornadus\n|faint|p1b: Arcanine\n|\n|upkeep\n|\n|t:|1700554730\n|switch|p1b: Gholdengo|Gholdengo, L50|100\/100\n|switch|p1a: Iron Hands|Iron Hands, L50|100\/100\n|turn|3\n|\n|t:|1700554747\n|move|p2a: Garchomp|Protect|p2a: Garchomp\n|-singleturn|p2a: Garchomp|Protect\n|move|p1a: Iron Hands|Fake Out|p2a: Garchomp\n|-activate|p2a: Garchomp|move: Protect\n|move|p2b: Roaring Moon|Knock Off|p1b: Gholdengo\n|-supereffective|p1b: Gholdengo\n|-damage|p1b: Gholdengo|15\/100\n|-enditem|p1b: Gholdengo|Leftovers|[from] move: Knock Off|[of] p2b: Roaring Moon\n|move|p1b: Gholdengo|Nasty Plot|p1b: Gholdengo\n|-boost|p1b: Gholdengo|spa|2\n|\n|upkeep\n|turn|4\n|\n|t:|1700554763\n|move|p1b: Gholdengo|Protect|p1b: Gholdengo\n|-singleturn|p1b: Gholdengo|Protect\n|move|p2b: Roaring Moon|Knock Off|p1a: Iron Hands\n|-resisted|p1a: Iron Hands\n|-damage|p1a: Iron Hands|89\/100\n|-enditem|p1a: Iron Hands|Assault Vest|[from] move: Knock Off|[of] p2b: Roaring Moon\n|move|p2a: Garchomp|Stomping Tantrum|p1a: Iron Hands\n|-supereffective|p1a: Iron Hands\n|-damage|p1a: Iron Hands|0 fnt\n|faint|p1a: Iron Hands\n|-end|p1a: Iron Hands|Quark Drive|[silent]\n|\n|-sideend|p2: ApoVGC|move: Tailwind\n|upkeep\n|turn|5\n|-message|Agostin72 forfeited.\n|\n|win|ApoVGC\n|raw|Agostin72's rating: 1337 &rarr; <strong>1317<\/strong><br \/>(-20 for losing)\n|raw|ApoVGC's rating: 1340 &rarr; <strong>1360<\/strong><br \/>(+20 for winning)\n|l|\u2606Agostin72\n","uploadtime":1700554805,"views":24,"p1id":"agostin72","p2id":"apovgc","formatid":"gen9vgc2023regulatione","rating":1317,"private":0,"password":""}