{"id":"gen9vgc2023regulatione-1992339017","p1":"Omega_Jirachi","p2":"KicksGG","format":"[Gen 9] VGC 2023 Regulation E","log":"|j|\u2606Omega_Jirachi\n|j|\u2606KicksGG\n|n|\u2606Omega_Jirachi|omegajirachi\n|n|\u2606KicksGG|kicksgg\n|html|View the match progress at <a href=\"\/game-bestof3-gen9vgc2023regulatione-1992332489\">game-bestof3-gen9vgc2023regulatione-1992332489<\/a>\n|t:|1700176302\n|gametype|doubles\n|player|p1|Omega_Jirachi|cynthia-gen4|\n|player|p2|KicksGG|plasmagrunt-gen5bw|\n|teamsize|p1|6\n|teamsize|p2|6\n|gen|9\n|tier|[Gen 9] VGC 2023 Regulation E\n|rule|Species Clause: Limit one of each Pok\u00e9mon\n|rule|Item Clause: Limit one of each item\n|clearpoke\n|poke|p1|Ogerpon-Wellspring, L50, F|\n|poke|p1|Iron Hands, L50|\n|poke|p1|Noivern, L50, M|\n|poke|p1|Scyther, L50, F|\n|poke|p1|Magnezone, L50|\n|poke|p1|Arcanine, L50, M|\n|poke|p2|Amoonguss, L50, M|\n|poke|p2|Glimmora, L50, M|\n|poke|p2|Crawdaunt, L50, M|\n|poke|p2|Roaring Moon, L50|\n|poke|p2|Heracross, L50, M|\n|poke|p2|Clefable, L50, F|\n|teampreview|4\n|j| Huxley187\n|j| Raikia\n|j| 42beets\n|j| JabsGR\n|j| Lkynmbr24\n|c| Lkynmbr24|Honestly Drowsy better than Sleep, least ya have a chance of movin, lol\n|j| monowhiteteam\n|\n|t:|1700176389\n|start\n|switch|p1a: Magnezone|Magnezone, L50, shiny|100\/100\n|switch|p1b: Ogerpon|Ogerpon-Wellspring, L50, F|100\/100\n|switch|p2a: Amoonguss|Amoonguss, L50, M|100\/100\n|switch|p2b: Roaring Moon|Roaring Moon, L50, shiny|100\/100\n|-enditem|p2b: Roaring Moon|Booster Energy\n|-activate|p2b: Roaring Moon|ability: Protosynthesis|[fromitem]\n|-start|p2b: Roaring Moon|protosynthesisspe\n|turn|1\n|c|\u2606Omega_Jirachi|glhf\n|c|\u2606KicksGG|glhf\n|\n|t:|1700176440\n|-end|p2b: Roaring Moon|Protosynthesis|[silent]\n|switch|p2b: Glimmora|Glimmora, L50, M|100\/100\n|switch|p1a: Arcanine|Arcanine, L50, M, shiny|100\/100\n|-ability|p1a: Arcanine|Intimidate|boost\n|-unboost|p2a: Amoonguss|atk|1\n|-unboost|p2b: Glimmora|atk|1\n|move|p1b: Ogerpon|Spiky Shield|p1b: Ogerpon\n|-singleturn|p1b: Ogerpon|move: Protect\n|move|p2a: Amoonguss|Pollen Puff|p1b: Ogerpon\n|-activate|p1b: Ogerpon|move: Protect\n|\n|upkeep\n|turn|2\n|\n|t:|1700176488\n|-terastallize|p1b: Ogerpon|Water\n|detailschange|p1b: Ogerpon|Ogerpon-Wellspring-Tera, L50, F, tera:Water\n|-ability|p1b: Ogerpon|Embody Aspect (Wellspring)|boost\n|-boost|p1b: Ogerpon|spd|1\n|-terastallize|p2a: Amoonguss|Water\n|move|p1a: Arcanine|Flare Blitz|p2a: Amoonguss\n|-resisted|p2a: Amoonguss\n|-damage|p2a: Amoonguss|81\/100\n|-damage|p1a: Arcanine|92\/100|[from] Recoil\n|move|p1b: Ogerpon|Horn Leech|p2a: Amoonguss\n|-supereffective|p2a: Amoonguss\n|-damage|p2a: Amoonguss|10\/100\n|-enditem|p2a: Amoonguss|Sitrus Berry|[eat]\n|-heal|p2a: Amoonguss|35\/100|[from] item: Sitrus Berry\n|move|p2b: Glimmora|Power Gem|p1a: Arcanine\n|-supereffective|p1a: Arcanine\n|-damage|p1a: Arcanine|0 fnt\n|faint|p1a: Arcanine\n|move|p2a: Amoonguss|Pollen Puff|p1b: Ogerpon\n|-damage|p1b: Ogerpon|89\/100\n|\n|upkeep\n|\n|t:|1700176504\n|switch|p1a: Iron Hands|Iron Hands, L50, shiny|100\/100\n|turn|3\n|\n|t:|1700176523\n|-end|p1a: Iron Hands|Quark Drive|[silent]\n|switch|p1a: Magnezone|Magnezone, L50, shiny|100\/100\n|move|p2a: Amoonguss|Rage Powder|p2a: Amoonguss\n|-singleturn|p2a: Amoonguss|move: Rage Powder\n|move|p1b: Ogerpon|Horn Leech|p2a: Amoonguss\n|-supereffective|p2a: Amoonguss\n|-damage|p2a: Amoonguss|0 fnt\n|-heal|p1b: Ogerpon|100\/100|[from] drain|[of] p2a: Amoonguss\n|faint|p2a: Amoonguss\n|move|p2b: Glimmora|Energy Ball|p1b: Ogerpon\n|-supereffective|p1b: Ogerpon\n|-damage|p1b: Ogerpon|60\/100\n|\n|upkeep\n|\n|t:|1700176540\n|switch|p2a: Roaring Moon|Roaring Moon, L50, shiny|100\/100\n|turn|4\n|c| Huxley187|Rooting for the person with a big type with a 4x weakness\n|c| Huxley187|bug*\n|l| Huxley187\n|j| Huxley187\n|\n|t:|1700176661\n|move|p2a: Roaring Moon|Protect|p2a: Roaring Moon\n|-singleturn|p2a: Roaring Moon|Protect\n|move|p1b: Ogerpon|Spiky Shield|p1b: Ogerpon\n|-singleturn|p1b: Ogerpon|move: Protect\n|move|p2b: Glimmora|Energy Ball|p1b: Ogerpon\n|-activate|p1b: Ogerpon|move: Protect\n|move|p1a: Magnezone|Flash Cannon|p2b: Glimmora\n|-supereffective|p2b: Glimmora\n|-damage|p2b: Glimmora|48\/100\n|\n|upkeep\n|turn|5\n|c| Lkynmbr24|Wait, but neither has 4x bug weaknesses? Lmao\n|\n|t:|1700176687\n|move|p2a: Roaring Moon|Acrobatics|p1b: Ogerpon\n|-damage|p1b: Ogerpon|20\/100\n|move|p1b: Ogerpon|Ivy Cudgel|p2a: Roaring Moon|[anim] Ivy Cudgel Water\n|-resisted|p2a: Roaring Moon\n|-damage|p2a: Roaring Moon|50\/100\n|move|p2b: Glimmora|Energy Ball|p1b: Ogerpon\n|-supereffective|p1b: Ogerpon\n|-damage|p1b: Ogerpon|0 fnt\n|faint|p1b: Ogerpon\n|move|p1a: Magnezone|Flash Cannon|p2b: Glimmora\n|-supereffective|p2b: Glimmora\n|-damage|p2b: Glimmora|2\/100\n|\n|upkeep\n|\n|t:|1700176698\n|switch|p1b: Iron Hands|Iron Hands, L50, shiny|100\/100\n|turn|6\n|c| JabsGR|He meant bug type with a quad weakness\n|c| Raikia|not something weak 4x to bug, a bux witha 4x weak\n|c| Huxley187|Yes\n|\n|t:|1700176742\n|move|p1b: Iron Hands|Fake Out|p2a: Roaring Moon\n|-damage|p2a: Roaring Moon|30\/100\n|cant|p2a: Roaring Moon|flinch\n|move|p2b: Glimmora|Power Gem|p1b: Iron Hands\n|-resisted|p1b: Iron Hands\n|-damage|p1b: Iron Hands|90\/100\n|move|p1a: Magnezone|Flash Cannon|p2b: Glimmora\n|-supereffective|p2b: Glimmora\n|-damage|p2b: Glimmora|0 fnt\n|faint|p2b: Glimmora\n|\n|upkeep\n|c| JabsGR|in any case, I never got these \"jokes\" to be honest\n|c| monowhiteteam|so both lol\n|c| Raikia|hera flying and scyther rock\n|\n|t:|1700176752\n|switch|p2b: Crawdaunt|Crawdaunt, L50, M, shiny|100\/100\n|turn|7\n|c| Lkynmbr24|Oh, instructions unclear, lol\n|j| Luckiest Ludicolo\n|\n|t:|1700176773\n|move|p2a: Roaring Moon|Knock Off|p1b: Iron Hands\n|-resisted|p1b: Iron Hands\n|-damage|p1b: Iron Hands|72\/100\n|-enditem|p1b: Iron Hands|Assault Vest|[from] move: Knock Off|[of] p2a: Roaring Moon\n|move|p2b: Crawdaunt|Close Combat|p1a: Magnezone\n|-supereffective|p1a: Magnezone\n|-ability|p1a: Magnezone|Sturdy\n|-damage|p1a: Magnezone|1\/100\n|-unboost|p2b: Crawdaunt|def|1\n|-unboost|p2b: Crawdaunt|spd|1\n|-damage|p2b: Crawdaunt|91\/100|[from] item: Life Orb\n|move|p1a: Magnezone|Thunderbolt|p2b: Crawdaunt\n|-supereffective|p2b: Crawdaunt\n|-damage|p2b: Crawdaunt|0 fnt\n|faint|p2b: Crawdaunt\n|move|p1b: Iron Hands|Ice Punch|p2a: Roaring Moon\n|-supereffective|p2a: Roaring Moon\n|-damage|p2a: Roaring Moon|0 fnt\n|faint|p2a: Roaring Moon\n|-end|p2a: Roaring Moon|Protosynthesis|[silent]\n|\n|win|Omega_Jirachi\n|inactive|Omega_Jirachi has 50 seconds to confirm battle start!\n|inactive|KicksGG has 50 seconds to confirm battle start!\n|c|&|\/uhtml prompt-kicksgg,KicksGG is ready for game 3!\n|c|\u2606Omega_Jirachi|gg\n","uploadtime":1700176792,"views":20,"p1id":"omegajirachi","p2id":"kicksgg","formatid":"gen9vgc2023regulatione","rating":0,"private":0,"password":""}