{"id":"gen9vgc2023regulatione-1991455325","p1":"ace.bnz","p2":"B10X","format":"[Gen 9] VGC 2023 Regulation E","log":"|j|\u2606ace.bnz\n|j|\u2606B10X\n|n|\u2606ace.bnz|acebnz\n|n|\u2606B10X|b10x\n|html|View the match progress at <a href=\"\/game-bestof3-gen9vgc2023regulatione-1991455324\">game-bestof3-gen9vgc2023regulatione-1991455324<\/a>\n|t:|1700078578\n|gametype|doubles\n|player|p1|ace.bnz|plasmagrunt|\n|player|p2|B10X|marlon|\n|teamsize|p1|6\n|teamsize|p2|6\n|gen|9\n|tier|[Gen 9] VGC 2023 Regulation E\n|rule|Species Clause: Limit one of each Pok\u00e9mon\n|rule|Item Clause: Limit one of each item\n|clearpoke\n|poke|p1|Iron Hands, L50|\n|poke|p1|Roaring Moon, L50|\n|poke|p1|Amoonguss, L50, F|\n|poke|p1|Arcanine-Hisui, L50, M|\n|poke|p1|Gholdengo, L50|\n|poke|p1|Flutter Mane, L50|\n|poke|p2|Zoroark-Hisui, L50, M|\n|poke|p2|Amoonguss, L50, M|\n|poke|p2|Heatran, L50, M|\n|poke|p2|Urshifu-*, L50, F|\n|poke|p2|Iron Hands, L50|\n|poke|p2|Landorus-Therian, L50, M|\n|teampreview|4\nace.bnz has agreed to open team sheets.\nB10X has agreed to open team sheets.\n|showteam|p1|Iron Hands||AssaultVest|QuarkDrive|FakeOut,HeavySlam,WildCharge,DrainPunch||||||50|,,,,,Water]Roaring Moon||BoosterEnergy|Protosynthesis|Tailwind,Acrobatics,KnockOff,DragonDance||||||50|,,,,,Flying]Amoonguss||SitrusBerry|Regenerator|Spore,RagePowder,PollenPuff,Protect|||F|||50|,,,,,Water]Arcanine-Hisui||ChoiceBand|Intimidate|ExtremeSpeed,FlareBlitz,RockSlide,TeraBlast|||M|||50|,,,,,Fairy]Gholdengo||Leftovers|GoodasGold|MakeItRain,ShadowBall,NastyPlot,Protect||||||50|,,,,,Dragon]Flutter Mane||ChoiceSpecs|Protosynthesis|DazzlingGleam,Moonblast,ShadowBall,PowerGem||||||50|,,,,,Fairy\n|showteam|p2|Zoroark-Hisui||ChoiceScarf|Illusion|IcyWind,ShadowBall,SludgeBomb,HyperVoice|||M|||50|,,,,,Ghost]Amoonguss||SitrusBerry|Regenerator|PollenPuff,RagePowder,Spore,Protect|||M|||50|,,,,,Water]Heatran||LifeOrb|FlashFire|TeraBlast,HeatWave,FlashCannon,Protect|||M|||50|,,,,,Fairy]Urshifu||FocusSash|UnseenFist|WickedBlow,CloseCombat,SuckerPunch,Detect|||F|||50|,,,,,Dark]Iron Hands||AssaultVest|QuarkDrive|DrainPunch,WildCharge,FakeOut,HeavySlam||||||50|,,,,,Fire]Landorus-Therian||ClearAmulet|Intimidate|Protect,StompingTantrum,TeraBlast,RockSlide|||M|||50|,,,,,Flying\n|c|\u2606B10X|gl hf\n|c|\u2606ace.bnz|2\n|\n|t:|1700078640\n|start\n|switch|p1a: Flutter Mane|Flutter Mane, L50|100\/100\n|switch|p1b: Iron Hands|Iron Hands, L50|100\/100\n|switch|p2a: Heatran|Heatran, L50, M|100\/100\n|switch|p2b: Iron Hands|Iron Hands, L50|100\/100\n|turn|1\n|\n|t:|1700078668\n|-terastallize|p2a: Heatran|Fairy\n|move|p2b: Iron Hands|Fake Out|p1b: Iron Hands\n|-damage|p1b: Iron Hands|89\/100\n|move|p1a: Flutter Mane|Moonblast|p2b: Iron Hands\n|-supereffective|p2b: Iron Hands\n|-crit|p2b: Iron Hands\n|-damage|p2b: Iron Hands|0 fnt\n|faint|p2b: Iron Hands\n|-end|p2b: Iron Hands|Quark Drive|[silent]\n|move|p2a: Heatran|Flash Cannon|p1a: Flutter Mane\n|-supereffective|p1a: Flutter Mane\n|-damage|p1a: Flutter Mane|0 fnt\n|faint|p1a: Flutter Mane\n|-end|p1a: Flutter Mane|Protosynthesis|[silent]\n|-damage|p2a: Heatran|91\/100|[from] item: Life Orb\n|cant|p1b: Iron Hands|flinch\n|\n|upkeep\n|\n|t:|1700078690\n|switch|p1a: Amoonguss|Amoonguss, L50, F|100\/100\n|switch|p2b: Landorus|Landorus-Therian, L50, M|100\/100\n|-ability|p2b: Landorus|Intimidate|boost\n|-unboost|p1a: Amoonguss|atk|1\n|-unboost|p1b: Iron Hands|atk|1\n|turn|2\n|\n|t:|1700078713\n|-terastallize|p1b: Iron Hands|Water\n|move|p2b: Landorus|Rock Slide|p1b: Iron Hands|[spread] p1a,p1b\n|-damage|p1a: Amoonguss|84\/100\n|-damage|p1b: Iron Hands|73\/100\n|move|p2a: Heatran|Heat Wave|p1a: Amoonguss|[spread] p1a,p1b\n|-supereffective|p1a: Amoonguss\n|-resisted|p1b: Iron Hands\n|-damage|p1a: Amoonguss|1\/100\n|-damage|p1b: Iron Hands|60\/100\n|-enditem|p1a: Amoonguss|Sitrus Berry|[eat]\n|-heal|p1a: Amoonguss|26\/100|[from] item: Sitrus Berry\n|-damage|p2a: Heatran|81\/100|[from] item: Life Orb\n|move|p1b: Iron Hands|Heavy Slam|p2b: Landorus\n|-damage|p2b: Landorus|66\/100\n|move|p1a: Amoonguss|Spore|p2a: Heatran\n|-status|p2a: Heatran|slp|[from] move: Spore\n|\n|upkeep\n|turn|3\n|\n|t:|1700078756\n|move|p2b: Landorus|Rock Slide|p1b: Iron Hands|[spread] p1b\n|-miss|p2b: Landorus|p1a: Amoonguss\n|-damage|p1b: Iron Hands|44\/100\n|cant|p2a: Heatran|slp\n|move|p1b: Iron Hands|Drain Punch|p2a: Heatran\n|-resisted|p2a: Heatran\n|-damage|p2a: Heatran|69\/100 slp\n|-heal|p1b: Iron Hands|49\/100|[from] drain|[of] p2a: Heatran\n|move|p1a: Amoonguss|Spore|p2b: Landorus\n|-status|p2b: Landorus|slp|[from] move: Spore\n|\n|upkeep\n|turn|4\n|\n|t:|1700078774\n|switch|p1a: Gholdengo|Gholdengo, L50|100\/100\n|cant|p2b: Landorus|slp\n|cant|p2a: Heatran|slp\n|move|p1b: Iron Hands|Heavy Slam|p2a: Heatran\n|-supereffective|p2a: Heatran\n|-damage|p2a: Heatran|50\/100 slp\n|\n|upkeep\n|turn|5\n|\n|t:|1700078789\n|-end|p1b: Iron Hands|Quark Drive|[silent]\n|switch|p1b: Amoonguss|Amoonguss, L50, F|60\/100\n|cant|p2a: Heatran|slp\n|cant|p2b: Landorus|slp\n|move|p1a: Gholdengo|Make It Rain|p2b: Landorus|[spread] p2a,p2b\n|-supereffective|p2a: Heatran\n|-damage|p2a: Heatran|0 fnt\n|-damage|p2b: Landorus|9\/100 slp\n|-unboost|p1a: Gholdengo|spa|1\n|faint|p2a: Heatran\n|\n|upkeep\n|\n|t:|1700078794\n|switch|p2a: Urshifu|Urshifu, L50, F|100\/100\n|turn|6\n|\n|t:|1700078817\n|move|p1b: Amoonguss|Rage Powder|p1b: Amoonguss\n|-singleturn|p1b: Amoonguss|move: Rage Powder\n|move|p2a: Urshifu|Wicked Blow|p1b: Amoonguss\n|-crit|p1b: Amoonguss\n|-damage|p1b: Amoonguss|17\/100\n|-curestatus|p2b: Landorus|slp|[msg]\n|move|p2b: Landorus|Stomping Tantrum|p1b: Amoonguss\n|-damage|p1b: Amoonguss|0 fnt\n|faint|p1b: Amoonguss\n|move|p1a: Gholdengo|Make It Rain|p2a: Urshifu|[spread] p2a,p2b\n|-damage|p2a: Urshifu|60\/100\n|-damage|p2b: Landorus|0 fnt\n|-unboost|p1a: Gholdengo|spa|1\n|faint|p2b: Landorus\n|\n|upkeep\n|\n|t:|1700078830\n|switch|p1b: Iron Hands|Iron Hands, L50, tera:Water|49\/100\n|turn|7\n|\n|t:|1700078841\n|move|p2a: Urshifu|Detect|p2a: Urshifu\n|-singleturn|p2a: Urshifu|Protect\n|move|p1a: Gholdengo|Nasty Plot|p1a: Gholdengo\n|-boost|p1a: Gholdengo|spa|2\n|move|p1b: Iron Hands|Drain Punch|p2a: Urshifu\n|-activate|p2a: Urshifu|move: Protect\n|\n|upkeep\n|turn|8\n|\n|t:|1700078862\n|move|p2a: Urshifu|Wicked Blow|p1a: Gholdengo\n|-supereffective|p1a: Gholdengo\n|-crit|p1a: Gholdengo\n|-damage|p1a: Gholdengo|0 fnt\n|faint|p1a: Gholdengo\n|move|p1b: Iron Hands|Drain Punch|p2a: Urshifu\n|-supereffective|p2a: Urshifu\n|-damage|p2a: Urshifu|0 fnt\n|-heal|p1b: Iron Hands|71\/100|[from] drain|[of] p2a: Urshifu\n|faint|p2a: Urshifu\n|\n|win|ace.bnz\n|c|&|\/uhtml prompt-b10x,B10X is ready for game 2!\n|c|&|\/uhtml prompt-acebnz,ace.bnz is ready for game 2!\nBoth players are ready! Starting next match!\n|l|\u2606B10X\n","uploadtime":1700079324,"views":13,"p1id":"acebnz","p2id":"b10x","formatid":"gen9vgc2023regulatione","rating":0,"private":0,"password":""}