{"id":"gen9vgc2023regulatione-1990757297","p1":"JanTropea","p2":"Fix my Skill","format":"[Gen 9] VGC 2023 Regulation E","log":"|j|\u2606JanTropea\n|j|\u2606Fix my Skill\n|t:|1699997973\n|gametype|doubles\n|player|p1|JanTropea|richboy|1117\n|player|p2|Fix my Skill|101|1184\n|teamsize|p1|6\n|teamsize|p2|6\n|gen|9\n|tier|[Gen 9] VGC 2023 Regulation E\n|rated|\n|rule|Species Clause: Limit one of each Pok\u00e9mon\n|rule|Item Clause: Limit one of each item\n|clearpoke\n|poke|p1|Landorus-Therian, L50, M|\n|poke|p1|Conkeldurr, L50, M|\n|poke|p1|Orthworm, L50, M|\n|poke|p1|Golem-Alola, L50, F|\n|poke|p1|Noivern, L50, M|\n|poke|p1|Flutter Mane, L50|\n|poke|p2|Farigiraf, L50, M|\n|poke|p2|Lucario, L50, M|\n|poke|p2|Fezandipiti, L50, M|\n|poke|p2|Gyarados, L50, F|\n|poke|p2|Kommo-o, L50, M|\n|poke|p2|Rillaboom, L50, F|\n|teampreview|4\n|inactive|Battle timer is ON: inactive players will automatically lose when time's up. (requested by Fix my Skill)\n|\n|t:|1699998000\n|start\n|switch|p1a: Orthworm|Orthworm, L50, M|100\/100\n|switch|p1b: Golem|Golem-Alola, L50, F|100\/100\n|switch|p2a: Farigiraf|Farigiraf, L50, M|100\/100\n|switch|p2b: Lucario|Lucario, L50, M, shiny|100\/100\n|turn|1\n|inactive|Fix my Skill has 30 seconds left.\n|\n|t:|1699998028\n|-terastallize|p2b: Lucario|Normal\n|move|p2b: Lucario|Meteor Mash|p1b: Golem\n|-damage|p1b: Golem|64\/100\n|move|p1a: Orthworm|Shed Tail|p1a: Orthworm\n|-start|p1a: Orthworm|Substitute|[from] move: Shed Tail\n|-damage|p1a: Orthworm|50\/100\n|-enditem|p1a: Orthworm|Sitrus Berry|[eat]\n|-heal|p1a: Orthworm|75\/100|[from] item: Sitrus Berry\n|\n|t:|1699998034\n|switch|p1a: Flutter Mane|Flutter Mane, L50|100\/100|[from] Shed Tail\n|-enditem|p1a: Flutter Mane|Booster Energy\n|-activate|p1a: Flutter Mane|ability: Protosynthesis|[fromitem]\n|-start|p1a: Flutter Mane|protosynthesisspe\n|move|p1b: Golem|Thunder Punch|p2a: Farigiraf\n|-damage|p2a: Farigiraf|63\/100\n|-damage|p1b: Golem|47\/100|[from] item: Rocky Helmet|[of] p2a: Farigiraf\n|move|p2a: Farigiraf|Beat Up|p2b: Lucario\n|-damage|p2b: Lucario|96\/100\n|-ability|p2b: Lucario|Justified|boost\n|-boost|p2b: Lucario|atk|1\n|-damage|p2b: Lucario|90\/100\n|-ability|p2b: Lucario|Justified|boost\n|-boost|p2b: Lucario|atk|1\n|-damage|p2b: Lucario|85\/100\n|-ability|p2b: Lucario|Justified|boost\n|-boost|p2b: Lucario|atk|1\n|-damage|p2b: Lucario|79\/100\n|-ability|p2b: Lucario|Justified|boost\n|-boost|p2b: Lucario|atk|1\n|-hitcount|p2b: Lucario|4\n|-enditem|p2b: Lucario|Kee Berry|[eat]\n|-boost|p2b: Lucario|def|1|[from] item: Kee Berry\n|\n|upkeep\n|turn|2\n|inactive|JanTropea has 30 seconds left.\n|\n|t:|1699998064\n|-terastallize|p1a: Flutter Mane|Fairy\n|move|p1a: Flutter Mane|Moonblast|p2b: Lucario\n|-damage|p2b: Lucario|0 fnt\n|faint|p2b: Lucario\n|move|p1b: Golem|Explosion|p2a: Farigiraf|[spread] p1a,p2a\n|-end|p1a: Flutter Mane|Substitute\n|-damage|p2a: Farigiraf|6\/100\n|faint|p1b: Golem\n|move|p2a: Farigiraf|Trick Room|p2a: Farigiraf\n|-fieldstart|move: Trick Room|[of] p2a: Farigiraf\n|\n|upkeep\n|\n|t:|1699998077\n|switch|p1b: Orthworm|Orthworm, L50, M|75\/100\n|switch|p2b: Rillaboom|Rillaboom, L50, F|100\/100\n|-fieldstart|move: Grassy Terrain|[from] ability: Grassy Surge|[of] p2b: Rillaboom\n|turn|3\n|\n|t:|1699998089\n|move|p1a: Flutter Mane|Protect|p1a: Flutter Mane\n|-singleturn|p1a: Flutter Mane|Protect\n|move|p2a: Farigiraf|Dazzling Gleam|p1b: Orthworm|[spread] p1b\n|-activate|p1a: Flutter Mane|move: Protect\n|-resisted|p1b: Orthworm\n|-damage|p1b: Orthworm|60\/100\n|move|p1b: Orthworm|Iron Head|p2a: Farigiraf\n|-damage|p2a: Farigiraf|0 fnt\n|-damage|p1b: Orthworm|43\/100|[from] item: Rocky Helmet|[of] p2a: Farigiraf\n|faint|p2a: Farigiraf\n|move|p2b: Rillaboom|Drum Beating|p1a: Flutter Mane\n|-activate|p1a: Flutter Mane|move: Protect\n|\n|-heal|p1b: Orthworm|50\/100|[from] Grassy Terrain\n|upkeep\n|\n|t:|1699998098\n|switch|p2a: Gyarados|Gyarados, L50, F|100\/100\n|-ability|p2a: Gyarados|Intimidate|boost\n|-unboost|p1a: Flutter Mane|atk|1\n|-unboost|p1b: Orthworm|atk|1\n|turn|4\n|\n|t:|1699998119\n|-end|p1a: Flutter Mane|Protosynthesis|[silent]\n|switch|p1a: Conkeldurr|Conkeldurr, L50, M|100\/100\n|move|p1b: Orthworm|Iron Head|p2b: Rillaboom\n|-damage|p2b: Rillaboom|85\/100\n|move|p2b: Rillaboom|Drum Beating|p1a: Conkeldurr\n|-damage|p1a: Conkeldurr|50\/100\n|-unboost|p1a: Conkeldurr|spe|1\n|move|p2a: Gyarados|Thunder Wave|p1a: Conkeldurr\n|-status|p1a: Conkeldurr|par\n|\n|-heal|p1a: Conkeldurr|57\/100 par|[from] Grassy Terrain\n|-heal|p1b: Orthworm|56\/100|[from] Grassy Terrain\n|-heal|p2b: Rillaboom|90\/100|[from] Grassy Terrain\n|upkeep\n|turn|5\n|inactive|Fix my Skill has 30 seconds left.\n|inactive|Fix my Skill has 20 seconds left.\n|\n|t:|1699998155\n|move|p1a: Conkeldurr|Drain Punch|p2b: Rillaboom\n|-damage|p2b: Rillaboom|31\/100\n|-heal|p1a: Conkeldurr|86\/100 par|[from] drain|[of] p2b: Rillaboom\n|move|p1b: Orthworm|Shed Tail|p1b: Orthworm\n|-start|p1b: Orthworm|Substitute|[from] move: Shed Tail\n|-damage|p1b: Orthworm|6\/100\n|\n|t:|1699998161\n|switch|p1b: Flutter Mane|Flutter Mane, L50, tera:Fairy|100\/100|[from] Shed Tail\n|move|p2b: Rillaboom|Brick Break|p1b: Flutter Mane\n|-resisted|p1b: Flutter Mane\n|-activate|p1b: Flutter Mane|move: Substitute|[damage]\n|move|p2a: Gyarados|Waterfall|p1a: Conkeldurr\n|-crit|p1a: Conkeldurr\n|-damage|p1a: Conkeldurr|30\/100 par\n|\n|-heal|p1a: Conkeldurr|36\/100 par|[from] Grassy Terrain\n|-heal|p2b: Rillaboom|37\/100|[from] Grassy Terrain\n|upkeep\n|turn|6\n|\n|t:|1699998181\n|cant|p1a: Conkeldurr|par\n|move|p2b: Rillaboom|Drum Beating|p1b: Flutter Mane\n|-end|p1b: Flutter Mane|Substitute\n|move|p2a: Gyarados|Waterfall|p1a: Conkeldurr\n|-damage|p1a: Conkeldurr|0 fnt\n|faint|p1a: Conkeldurr\n|move|p1b: Flutter Mane|Moonblast|p2b: Rillaboom\n|-damage|p2b: Rillaboom|0 fnt\n|faint|p2b: Rillaboom\n|\n|-fieldend|move: Trick Room\n|upkeep\n|\n|t:|1699998188\n|switch|p1a: Orthworm|Orthworm, L50, M|6\/100\n|turn|7\n|\n|t:|1699998196\n|move|p1a: Orthworm|Helping Hand|p1b: Flutter Mane\n|-singleturn|p1b: Flutter Mane|Helping Hand|[of] p1a: Orthworm\n|move|p1b: Flutter Mane|Moonblast|p2a: Gyarados\n|-damage|p2a: Gyarados|12\/100\n|-unboost|p2a: Gyarados|spa|1\n|-enditem|p2a: Gyarados|Sitrus Berry|[eat]\n|-heal|p2a: Gyarados|36\/100|[from] item: Sitrus Berry\n|move|p2a: Gyarados|Thunder Wave|p1b: Flutter Mane\n|-status|p1b: Flutter Mane|par\n|\n|-heal|p1a: Orthworm|12\/100|[from] Grassy Terrain\n|-fieldend|move: Grassy Terrain\n|upkeep\n|turn|8\n|\n|t:|1699998211\n|move|p2a: Gyarados|Waterfall|p1b: Flutter Mane\n|-damage|p1b: Flutter Mane|17\/100 par\n|cant|p1b: Flutter Mane|par\n|move|p1a: Orthworm|Iron Head|p2a: Gyarados\n|-resisted|p2a: Gyarados\n|-damage|p2a: Gyarados|24\/100\n|\n|upkeep\n|turn|9\n|c|\u2606Fix my Skill|hahaha\n|\n|t:|1699998231\n|move|p1b: Flutter Mane|Protect|p1b: Flutter Mane\n|-singleturn|p1b: Flutter Mane|Protect\n|move|p2a: Gyarados|Waterfall|p1b: Flutter Mane\n|-activate|p1b: Flutter Mane|move: Protect\n|move|p1a: Orthworm|Iron Head|p2a: Gyarados\n|-resisted|p2a: Gyarados\n|-damage|p2a: Gyarados|13\/100\n|\n|upkeep\n|turn|10\n|\n|t:|1699998241\n|move|p2a: Gyarados|Waterfall|p1b: Flutter Mane\n|-damage|p1b: Flutter Mane|0 fnt\n|faint|p1b: Flutter Mane\n|-end|p1b: Flutter Mane|Protosynthesis|[silent]\n|move|p1a: Orthworm|Iron Head|p2a: Gyarados\n|-resisted|p2a: Gyarados\n|-damage|p2a: Gyarados|1\/100\n|\n|upkeep\n|turn|11\n|c|\u2606Fix my Skill|aint no way\n|inactive|Fix my Skill has 30 seconds left.\n|\n|t:|1699998269\n|move|p2a: Gyarados|Waterfall|p1a: Orthworm\n|-damage|p1a: Orthworm|0 fnt\n|faint|p1a: Orthworm\n|\n|win|Fix my Skill\n|raw|JanTropea's rating: 1117 &rarr; <strong>1097<\/strong><br \/>(-20 for losing)\n|raw|Fix my Skill's rating: 1184 &rarr; <strong>1204<\/strong><br \/>(+20 for winning)\n|c|\u2606Fix my Skill|GG\n","uploadtime":1699998286,"views":9,"p1id":"jantropea","p2id":"fixmyskill","formatid":"gen9vgc2023regulatione","rating":1097,"private":0,"password":""}