{"id":"gen9vgc2023regulatione-1995080781","p1":"KitchenIsInFlames","p2":"tovar_pk","format":"[Gen 9] VGC 2023 Regulation E","log":"|j|\u2606KitchenIsInFlames\n|j|\u2606tovar_pk\n|n|\u2606KitchenIsInFlames|kitchenisinflames\n|n|\u2606tovar_pk|tovarpk\n|html|View the match progress at <a href=\"\/game-bestof3-gen9vgc2023regulatione-1995077824\">game-bestof3-gen9vgc2023regulatione-1995077824<\/a>\n|t:|1700520427\n|gametype|doubles\n|player|p1|KitchenIsInFlames|blue|\n|player|p2|tovar_pk|hilbert|\n|teamsize|p1|6\n|teamsize|p2|6\n|gen|9\n|tier|[Gen 9] VGC 2023 Regulation E\n|rated|Tournament battle\n|rule|Species Clause: Limit one of each Pok\u00e9mon\n|rule|Item Clause: Limit one of each item\n|clearpoke\n|poke|p1|Landorus-Therian, L50, M|\n|poke|p1|Flutter Mane, L50|\n|poke|p1|Heatran, L50, M|\n|poke|p1|Iron Hands, L50|\n|poke|p1|Amoonguss, L50, M|\n|poke|p1|Tornadus, L50, M|\n|poke|p2|Ursaluna-Bloodmoon, L50, M|\n|poke|p2|Cresselia, L50, F|\n|poke|p2|Iron Hands, L50|\n|poke|p2|Roaring Moon, L50|\n|poke|p2|Flutter Mane, L50|\n|poke|p2|Urshifu-*, L50, M|\n|teampreview|4\n|showteam|p1|Landorus-Therian||ChoiceScarf|Intimidate|StompingTantrum,TeraBlast,Uturn,RockSlide|||M|||50|,,,,,Flying]Flutter Mane||ChoiceSpecs|Protosynthesis|Moonblast,DazzlingGleam,ShadowBall,PerishSong||||||50|,,,,,Fairy]Heatran||LifeOrb|FlashFire|HeatWave,EarthPower,FlashCannon,Protect|||M|||50|,,,,,Fairy]Iron Hands||AssaultVest|QuarkDrive|FakeOut,DrainPunch,WildCharge,HeavySlam||||||50|,,,,,Grass]Amoonguss||RockyHelmet|Regenerator|Spore,RagePowder,PollenPuff,Protect|||M|||50|,,,,,Water]Tornadus||CovertCloak|Prankster|IcyWind,Tailwind,SunnyDay,BleakwindStorm|||M|||50|,,,,,Ghost\n|showteam|p2|Ursaluna-Bloodmoon||ThroatSpray|MindsEye|HyperVoice,EarthPower,Protect,BloodMoon|||M|||50|,,,,,Normal]Cresselia||CovertCloak|Levitate|LunarBlessing,TrickRoom,HelpingHand,Moonblast|||F|||50|,,,,,Poison]Iron Hands||AssaultVest|QuarkDrive|HeavySlam,FakeOut,DrainPunch,WildCharge||||||50|,,,,,Water]Roaring Moon||ChoiceScarf|Protosynthesis|TeraBlast,Outrage,KnockOff,IronHead||||||50|,,,,,Flying]Flutter Mane||ChoiceSpecs|Protosynthesis|Moonblast,ShadowBall,DazzlingGleam,IcyWind||||||50|,,,,,Fairy]Urshifu||FocusSash|UnseenFist|CloseCombat,WickedBlow,SuckerPunch,Protect|||M|||50|,,,,,Dark\n|inactive|Battle timer is ON: inactive players will automatically lose when time's up. (requested by tovar_pk)\n|inactive|KitchenIsInFlames has 60 seconds left.\n|inactive|tovar_pk has 60 seconds left.\n|\n|t:|1700520475\n|start\n|switch|p1a: Amoonguss|Amoonguss, L50, M|100\/100\n|switch|p1b: Flutter Mane|Flutter Mane, L50|100\/100\n|switch|p2a: Cresselia|Cresselia, L50, F|100\/100\n|switch|p2b: Ursaluna|Ursaluna-Bloodmoon, L50, M|100\/100\n|turn|1\n|inactive|KitchenIsInFlames has 30 seconds left.\n|inactive|tovar_pk has 30 seconds left.\n|inactive|tovar_pk has 20 seconds left.\n|inactive|tovar_pk has 15 seconds left.\n|\n|t:|1700520516\n|-end|p1b: Flutter Mane|Protosynthesis|[silent]\n|switch|p1b: Iron Hands|Iron Hands, L50|100\/100\n|-terastallize|p2b: Ursaluna|Normal\n|move|p2b: Ursaluna|Blood Moon|p1a: Amoonguss\n|-damage|p1a: Amoonguss|8\/100\n|move|p1a: Amoonguss|Spore|p2a: Cresselia\n|-status|p2a: Cresselia|slp|[from] move: Spore\n|cant|p2a: Cresselia|slp\n|\n|upkeep\n|turn|2\n|inactive|KitchenIsInFlames has 30 seconds left.\n|inactive|KitchenIsInFlames has 20 seconds left.\n|inactive|KitchenIsInFlames has 15 seconds left.\n|\n|t:|1700520562\n|switch|p2a: Iron Hands|Iron Hands, L50|100\/100\n|move|p2b: Ursaluna|Protect|p2b: Ursaluna\n|-singleturn|p2b: Ursaluna|Protect\n|move|p1b: Iron Hands|Drain Punch|p2b: Ursaluna\n|-activate|p2b: Ursaluna|move: Protect\n|move|p1a: Amoonguss|Spore|p2b: Ursaluna\n|-activate|p2b: Ursaluna|move: Protect\n|\n|upkeep\n|turn|3\n|inactive|tovar_pk has 30 seconds left.\n|\n|t:|1700520589\n|switch|p1a: Landorus|Landorus-Therian, L50, M|100\/100\n|-ability|p1a: Landorus|Intimidate|boost\n|-unboost|p2a: Iron Hands|atk|1\n|-unboost|p2b: Ursaluna|atk|1\n|move|p2a: Iron Hands|Fake Out|p1b: Iron Hands\n|-damage|p1b: Iron Hands|94\/100\n|cant|p1b: Iron Hands|flinch\n|move|p2b: Ursaluna|Hyper Voice|p1b: Iron Hands|[spread] p1a,p1b\n|-damage|p1a: Landorus|33\/100\n|-damage|p1b: Iron Hands|62\/100\n|-enditem|p2b: Ursaluna|Throat Spray\n|-boost|p2b: Ursaluna|spa|1|[from] item: Throat Spray\n|\n|upkeep\n|turn|4\n|inactive|KitchenIsInFlames has 30 seconds left.\n|inactive|tovar_pk has 30 seconds left.\n|inactive|KitchenIsInFlames has 20 seconds left.\n|inactive|tovar_pk has 20 seconds left.\n|inactive|KitchenIsInFlames has 15 seconds left.\n|\n|t:|1700520633\n|-end|p2a: Iron Hands|Quark Drive|[silent]\n|switch|p2a: Roaring Moon|Roaring Moon, L50|100\/100\n|move|p2b: Ursaluna|Protect|p2b: Ursaluna\n|-singleturn|p2b: Ursaluna|Protect\n|move|p1a: Landorus|Stomping Tantrum|p2a: Roaring Moon\n|-damage|p2a: Roaring Moon|40\/100\n|move|p1b: Iron Hands|Drain Punch|p2b: Ursaluna\n|-activate|p2b: Ursaluna|move: Protect\n|\n|upkeep\n|turn|5\n|\n|t:|1700520651\n|move|p2a: Roaring Moon|Knock Off|p1a: Landorus\n|-damage|p1a: Landorus|0 fnt\n|-enditem|p1a: Landorus|Choice Scarf|[from] move: Knock Off|[of] p2a: Roaring Moon\n|faint|p1a: Landorus\n|move|p1b: Iron Hands|Drain Punch|p2b: Ursaluna\n|-supereffective|p2b: Ursaluna\n|-damage|p2b: Ursaluna|44\/100\n|-heal|p1b: Iron Hands|88\/100|[from] drain|[of] p2b: Ursaluna\n|move|p2b: Ursaluna|Earth Power|p1b: Iron Hands\n|-supereffective|p1b: Iron Hands\n|-damage|p1b: Iron Hands|7\/100\n|\n|upkeep\n|j| Mambae2\n|\n|t:|1700520672\n|switch|p1a: Flutter Mane|Flutter Mane, L50|100\/100\n|turn|6\n|inactive|tovar_pk has 30 seconds left.\n|inactive|tovar_pk has 20 seconds left.\n|inactive|tovar_pk has 15 seconds left.\n|inactive|tovar_pk has 10 seconds left.\n|\n|t:|1700520721\n|-end|p1b: Iron Hands|Quark Drive|[silent]\n|switch|p1b: Amoonguss|Amoonguss, L50, M|41\/100\n|-terastallize|p1a: Flutter Mane|Fairy\n|move|p2b: Ursaluna|Protect|p2b: Ursaluna\n|-singleturn|p2b: Ursaluna|Protect\n|move|p2a: Roaring Moon|Knock Off|p1b: Amoonguss\n|-damage|p1b: Amoonguss|0 fnt\n|-damage|p2a: Roaring Moon|23\/100|[from] item: Rocky Helmet|[of] p1b: Amoonguss\n|-enditem|p1b: Amoonguss|Rocky Helmet|[from] move: Knock Off|[of] p2a: Roaring Moon\n|faint|p1b: Amoonguss\n|move|p1a: Flutter Mane|Dazzling Gleam|p2a: Roaring Moon|[spread] p2a\n|-activate|p2b: Ursaluna|move: Protect\n|-supereffective|p2a: Roaring Moon\n|-damage|p2a: Roaring Moon|0 fnt\n|faint|p2a: Roaring Moon\n|-end|p2a: Roaring Moon|Protosynthesis|[silent]\n|\n|upkeep\n|\n|t:|1700520737\n|switch|p2a: Cresselia|Cresselia, L50, F|100\/100 slp\n|switch|p1b: Iron Hands|Iron Hands, L50|7\/100\n|turn|7\n|l| Mambae2\n|inactive|KitchenIsInFlames has 30 seconds left.\n|\n|t:|1700520764\n|move|p1b: Iron Hands|Fake Out|p2a: Cresselia\n|-damage|p2a: Cresselia|92\/100 slp\n|move|p1a: Flutter Mane|Dazzling Gleam|p2a: Cresselia|[spread] p2a,p2b\n|-damage|p2a: Cresselia|58\/100 slp\n|-damage|p2b: Ursaluna|0 fnt\n|faint|p2b: Ursaluna\n|-curestatus|p2a: Cresselia|slp|[msg]\n|move|p2a: Cresselia|Moonblast|p1b: Iron Hands\n|-supereffective|p1b: Iron Hands\n|-damage|p1b: Iron Hands|0 fnt\n|faint|p1b: Iron Hands\n|-end|p1b: Iron Hands|Quark Drive|[silent]\n|\n|upkeep\n|\n|t:|1700520775\n|switch|p2b: Iron Hands|Iron Hands, L50|100\/100\n|turn|8\n|\n|t:|1700520782\n|move|p2a: Cresselia|Helping Hand|p2b: Iron Hands\n|-singleturn|p2b: Iron Hands|Helping Hand|[of] p2a: Cresselia\n|move|p1a: Flutter Mane|Dazzling Gleam|p2b: Iron Hands|[spread] p2a,p2b\n|-supereffective|p2b: Iron Hands\n|-damage|p2a: Cresselia|20\/100\n|-damage|p2b: Iron Hands|37\/100\n|move|p2b: Iron Hands|Heavy Slam|p1a: Flutter Mane\n|-supereffective|p1a: Flutter Mane\n|-damage|p1a: Flutter Mane|0 fnt\n|faint|p1a: Flutter Mane\n|-end|p1a: Flutter Mane|Protosynthesis|[silent]\n|\n|win|tovar_pk\n|c|&|\/uhtml prompt-kitchenisinflames,KitchenIsInFlames is ready for game 3!\n|c|&|\/uhtml prompt-tovarpk,tovar_pk is ready for game 3!\nBoth players are ready! Starting next match!\n","uploadtime":1700521003,"views":8,"p1id":"kitchenisinflames","p2id":"tovarpk","formatid":"gen9vgc2023regulatione","rating":0,"private":0,"password":""}