{"id":"gen9vgc2023regulatione-1995524173","p1":"Genis69","p2":"Mnthll","format":"[Gen 9] VGC 2023 Regulation E","log":"|j|\u2606Genis69\n|j|\u2606Mnthll\n|t:|1700579709\n|gametype|doubles\n|player|p1|Genis69|hilbert|\n|player|p2|Mnthll|gentleman-gen4|\n|teamsize|p1|6\n|teamsize|p2|6\n|gen|9\n|tier|[Gen 9] VGC 2023 Regulation E\n|rated|Tournament battle\n|rule|Species Clause: Limit one of each Pok\u00e9mon\n|rule|Item Clause: Limit one of each item\n|clearpoke\n|poke|p1|Flutter Mane, L50|\n|poke|p1|Urshifu-*, L50, F|\n|poke|p1|Ogerpon-Wellspring, L50, F|\n|poke|p1|Iron Hands, L50|\n|poke|p1|Landorus, L50, M|\n|poke|p1|Arcanine-Hisui, L50, M|\n|poke|p2|Umbreon, L50, F|\n|poke|p2|Rillaboom, L50, F|\n|poke|p2|Talonflame, L50, M|\n|poke|p2|Urshifu-*, L50, F|\n|poke|p2|Gholdengo, L50|\n|poke|p2|Cresselia, L50, F|\n|teampreview|4\n|showteam|p1|Flutter Mane||BoosterEnergy|Protosynthesis|Moonblast,ShadowBall,IcyWind,Protect||||||50|,,,,,Fairy]Urshifu||FocusSash|UnseenFist|WickedBlow,CloseCombat,SuckerPunch,Protect|||F|||50|,,,,,Dark]Ogerpon-Wellspring||WellspringMask|WaterAbsorb|IvyCudgel,WoodHammer,FollowMe,SpikyShield|||F|||50|,,,,,Water]Iron Hands||AssaultVest|QuarkDrive|WildCharge,DrainPunch,HeavySlam,FakeOut||||||50|,,,,,Grass]Landorus||LifeOrb|SheerForce|EarthPower,SludgeBomb,Taunt,Protect|||M|||50|,,,,,Poison]Arcanine-Hisui||ChoiceBand|Intimidate|FlareBlitz,RockSlide,ExtremeSpeed,TeraBlast|||M|||50|,,,,,Fairy\n|showteam|p2|Umbreon||Leftovers|InnerFocus|FoulPlay,Yawn,Snarl,Protect|||F|||50|,,,,,Poison]Rillaboom||MiracleSeed|GrassySurge|GrassyGlide,FakeOut,WoodHammer,Protect|||F|||50|,,,,,Grass]Talonflame||CovertCloak|GaleWings|Tailwind,BraveBird,WillOWisp,Roost|||M|||50|,,,,,Grass]Urshifu-Rapid-Strike||ChoiceScarf|UnseenFist|SurgingStrikes,CloseCombat,AquaJet,Uturn|||F|||50|,,,,,Water]Gholdengo||ChoiceSpecs|GoodasGold|MakeItRain,ShadowBall,Thunderbolt,DazzlingGleam||||||50|,,,,,Steel]Cresselia||SitrusBerry|Levitate|Moonblast,TrickRoom,IceBeam,LunarBlessing|||F|||50|,,,,,Fairy\n|\n|t:|1700579755\n|start\n|switch|p1a: Landorus|Landorus, L50, M|100\/100\n|switch|p1b: Iron Hands|Iron Hands, L50|100\/100\n|switch|p2a: Rillaboom|Rillaboom, L50, F, shiny|100\/100\n|switch|p2b: Talonflame|Talonflame, L50, M|100\/100\n|-fieldstart|move: Grassy Terrain|[from] ability: Grassy Surge|[of] p2a: Rillaboom\n|turn|1\n|\n|t:|1700579779\n|switch|p1a: Arcanine|Arcanine-Hisui, L50, M|100\/100\n|-ability|p1a: Arcanine|Intimidate|boost\n|-unboost|p2a: Rillaboom|atk|1\n|-unboost|p2b: Talonflame|atk|1\n|move|p2a: Rillaboom|Fake Out|p1a: Arcanine\n|-resisted|p1a: Arcanine\n|-damage|p1a: Arcanine|95\/100\n|move|p1b: Iron Hands|Fake Out|p2b: Talonflame\n|-damage|p2b: Talonflame|80\/100\n|move|p2b: Talonflame|Will-O-Wisp|p1b: Iron Hands\n|-status|p1b: Iron Hands|brn\n|\n|-heal|p1a: Arcanine|100\/100|[from] Grassy Terrain\n|-damage|p1b: Iron Hands|94\/100 brn|[from] brn\n|upkeep\n|turn|2\n|\n|t:|1700579839\n|switch|p2b: Umbreon|Umbreon, L50, F, shiny|100\/100\n|-end|p1b: Iron Hands|Quark Drive|[silent]\n|switch|p1b: Urshifu|Urshifu, L50, F|100\/100\n|move|p2a: Rillaboom|Protect|p2a: Rillaboom\n|-singleturn|p2a: Rillaboom|Protect\n|move|p1a: Arcanine|Flare Blitz|p2a: Rillaboom\n|-activate|p2a: Rillaboom|move: Protect\n|\n|upkeep\n|turn|3\n|\n|t:|1700579862\n|-terastallize|p2b: Umbreon|Poison\n|move|p2a: Rillaboom|Grassy Glide|p1b: Urshifu\n|-damage|p1b: Urshifu|70\/100\n|move|p1b: Urshifu|Close Combat|p2b: Umbreon\n|-resisted|p2b: Umbreon\n|-damage|p2b: Umbreon|78\/100\n|-unboost|p1b: Urshifu|def|1\n|-unboost|p1b: Urshifu|spd|1\n|move|p1a: Arcanine|Flare Blitz|p2a: Rillaboom\n|-supereffective|p2a: Rillaboom\n|-damage|p2a: Rillaboom|0 fnt\n|faint|p2a: Rillaboom\n|-damage|p1a: Arcanine|68\/100|[from] Recoil\n|move|p2b: Umbreon|Foul Play|p1a: Arcanine\n|-damage|p1a: Arcanine|24\/100\n|\n|-heal|p1b: Urshifu|76\/100|[from] Grassy Terrain\n|-heal|p1a: Arcanine|30\/100|[from] Grassy Terrain\n|-heal|p2b: Umbreon|84\/100|[from] Grassy Terrain\n|-heal|p2b: Umbreon|90\/100|[from] item: Leftovers\n|upkeep\n|\n|t:|1700579882\n|switch|p2a: Talonflame|Talonflame, L50, M|80\/100\n|turn|4\n|\n|t:|1700579921\n|switch|p1a: Iron Hands|Iron Hands, L50|94\/100 brn\n|move|p1b: Urshifu|Protect|p1b: Urshifu\n|-singleturn|p1b: Urshifu|Protect\n|move|p2a: Talonflame|Tailwind|p2a: Talonflame\n|-sidestart|p2: Mnthll|move: Tailwind\n|move|p2b: Umbreon|Yawn|p1b: Urshifu\n|-activate|p1b: Urshifu|move: Protect\n|\n|-heal|p2b: Umbreon|96\/100|[from] Grassy Terrain\n|-heal|p2b: Umbreon|100\/100|[from] item: Leftovers\n|-heal|p1b: Urshifu|82\/100|[from] Grassy Terrain\n|-heal|p1a: Iron Hands|100\/100 brn|[from] Grassy Terrain\n|-damage|p1a: Iron Hands|94\/100 brn|[from] brn\n|upkeep\n|turn|5\n|\n|t:|1700579959\n|switch|p1b: Arcanine|Arcanine-Hisui, L50, M|30\/100\n|-ability|p1b: Arcanine|Intimidate|boost\n|-unboost|p2a: Talonflame|atk|1\n|-fail|p2b: Umbreon|unboost|Attack|[from] ability: Inner Focus|[of] p2b: Umbreon\n|move|p1a: Iron Hands|Fake Out|p2a: Talonflame\n|-damage|p2a: Talonflame|71\/100\n|move|p2a: Talonflame|Will-O-Wisp|p1b: Arcanine\n|-immune|p1b: Arcanine\n|move|p2b: Umbreon|Yawn||[still]\n|-fail|p2b: Umbreon\n|\n|-heal|p1b: Arcanine|36\/100|[from] Grassy Terrain\n|-heal|p1a: Iron Hands|100\/100 brn|[from] Grassy Terrain\n|-damage|p1a: Iron Hands|94\/100 brn|[from] brn\n|-fieldend|move: Grassy Terrain\n|upkeep\n|turn|6\n|j| fuent127\n|\n|t:|1700579992\n|switch|p2a: Gholdengo|Gholdengo, L50|100\/100\n|switch|p1b: Landorus|Landorus, L50, M|100\/100\n|move|p2b: Umbreon|Foul Play|p1b: Landorus\n|-damage|p1b: Landorus|64\/100\n|move|p1a: Iron Hands|Wild Charge|p2b: Umbreon\n|-damage|p2b: Umbreon|86\/100\n|-damage|p1a: Iron Hands|92\/100 brn|[from] Recoil\n|\n|-heal|p2b: Umbreon|93\/100|[from] item: Leftovers\n|-damage|p1a: Iron Hands|85\/100 brn|[from] brn\n|upkeep\n|turn|7\n|\n|t:|1700580039\n|move|p1b: Landorus|Protect|p1b: Landorus\n|-singleturn|p1b: Landorus|Protect\n|move|p2a: Gholdengo|Make It Rain|p1a: Iron Hands|[spread] p1a\n|-activate|p1b: Landorus|move: Protect\n|-resisted|p1a: Iron Hands\n|-damage|p1a: Iron Hands|67\/100 brn\n|-unboost|p2a: Gholdengo|spa|1\n|move|p2b: Umbreon|Yawn|p1b: Landorus\n|-activate|p1b: Landorus|move: Protect\n|move|p1a: Iron Hands|Wild Charge|p2b: Umbreon\n|-crit|p2b: Umbreon\n|-damage|p2b: Umbreon|70\/100\n|-damage|p1a: Iron Hands|62\/100 brn|[from] Recoil\n|\n|-heal|p2b: Umbreon|76\/100|[from] item: Leftovers\n|-damage|p1a: Iron Hands|56\/100 brn|[from] brn\n|-sideend|p2: Mnthll|move: Tailwind\n|upkeep\n|turn|8\n|\n|t:|1700580077\n|switch|p2a: Talonflame|Talonflame, L50, M|71\/100\n|move|p2b: Umbreon|Protect|p2b: Umbreon\n|-singleturn|p2b: Umbreon|Protect\n|move|p1b: Landorus|Taunt|p2b: Umbreon\n|-activate|p2b: Umbreon|move: Protect\n|move|p1a: Iron Hands|Wild Charge|p2b: Umbreon\n|-activate|p2b: Umbreon|move: Protect\n|\n|-heal|p2b: Umbreon|82\/100|[from] item: Leftovers\n|-damage|p1a: Iron Hands|50\/100 brn|[from] brn\n|upkeep\n|turn|9\n|\n|t:|1700580100\n|move|p2a: Talonflame|Tailwind|p2a: Talonflame\n|-sidestart|p2: Mnthll|move: Tailwind\n|move|p2b: Umbreon|Snarl|p1a: Iron Hands|[spread] p1a,p1b\n|-resisted|p1a: Iron Hands\n|-damage|p1a: Iron Hands|47\/100 brn\n|-damage|p1b: Landorus|52\/100\n|-unboost|p1a: Iron Hands|spa|1\n|-unboost|p1b: Landorus|spa|1\n|move|p1b: Landorus|Taunt|p2b: Umbreon\n|-start|p2b: Umbreon|move: Taunt\n|move|p1a: Iron Hands|Wild Charge|p2a: Talonflame\n|-supereffective|p2a: Talonflame\n|-damage|p2a: Talonflame|4\/100\n|-damage|p1a: Iron Hands|35\/100 brn|[from] Recoil\n|\n|-heal|p2b: Umbreon|89\/100|[from] item: Leftovers\n|-damage|p1a: Iron Hands|29\/100 brn|[from] brn\n|upkeep\n|turn|10\n|\n|t:|1700580131\n|-end|p1a: Iron Hands|Quark Drive|[silent]\n|switch|p1a: Arcanine|Arcanine-Hisui, L50, M|36\/100\n|-ability|p1a: Arcanine|Intimidate|boost\n|-unboost|p2a: Talonflame|atk|1\n|-fail|p2b: Umbreon|unboost|Attack|[from] ability: Inner Focus|[of] p2b: Umbreon\n|move|p2a: Talonflame|Roost|p2a: Talonflame\n|-heal|p2a: Talonflame|54\/100\n|-singleturn|p2a: Talonflame|move: Roost\n|move|p2b: Umbreon|Foul Play|p1b: Landorus\n|-damage|p1b: Landorus|17\/100\n|move|p1b: Landorus|Earth Power|p2b: Umbreon\n|-supereffective|p2b: Umbreon\n|-damage|p2b: Umbreon|26\/100\n|\n|-heal|p2b: Umbreon|32\/100|[from] item: Leftovers\n|upkeep\n|turn|11\n|\n|t:|1700580156\n|move|p1b: Landorus|Protect|p1b: Landorus\n|-singleturn|p1b: Landorus|Protect\n|move|p2a: Talonflame|Brave Bird|p1b: Landorus\n|-activate|p1b: Landorus|move: Protect\n|move|p2b: Umbreon|Foul Play|p1a: Arcanine\n|-damage|p1a: Arcanine|0 fnt\n|faint|p1a: Arcanine\n|\n|-heal|p2b: Umbreon|39\/100|[from] item: Leftovers\n|upkeep\n|\n|t:|1700580166\n|switch|p1a: Iron Hands|Iron Hands, L50|29\/100 brn\n|turn|12\n|\n|t:|1700580176\n|move|p1a: Iron Hands|Fake Out|p2a: Talonflame\n|-damage|p2a: Talonflame|45\/100\n|move|p2a: Talonflame|Roost|p2a: Talonflame\n|-heal|p2a: Talonflame|95\/100\n|-singleturn|p2a: Talonflame|move: Roost\n|move|p2b: Umbreon|Foul Play|p1b: Landorus\n|-damage|p1b: Landorus|0 fnt\n|faint|p1b: Landorus\n|\n|-heal|p2b: Umbreon|45\/100|[from] item: Leftovers\n|-damage|p1a: Iron Hands|23\/100 brn|[from] brn\n|-end|p2b: Umbreon|move: Taunt\n|-sideend|p2: Mnthll|move: Tailwind\n|upkeep\n|\n|t:|1700580193\n|switch|p1b: Urshifu|Urshifu, L50, F|82\/100\n|turn|13\n|\n|t:|1700580206\n|move|p1b: Urshifu|Sucker Punch||[still]\n|-fail|p1b: Urshifu\n|move|p2a: Talonflame|Will-O-Wisp|p1b: Urshifu\n|-status|p1b: Urshifu|brn\n|move|p2b: Umbreon|Yawn||[still]\n|-fail|p2b: Umbreon\n|move|p1a: Iron Hands|Wild Charge|p2a: Talonflame\n|-supereffective|p2a: Talonflame\n|-damage|p2a: Talonflame|36\/100\n|-damage|p1a: Iron Hands|12\/100 brn|[from] Recoil\n|\n|-heal|p2b: Umbreon|51\/100|[from] item: Leftovers\n|-damage|p1b: Urshifu|76\/100 brn|[from] brn\n|-damage|p1a: Iron Hands|5\/100 brn|[from] brn\n|upkeep\n|turn|14\n|\n|t:|1700580229\n|move|p1b: Urshifu|Protect|p1b: Urshifu\n|-singleturn|p1b: Urshifu|Protect\n|move|p2a: Talonflame|Tailwind|p2a: Talonflame\n|-sidestart|p2: Mnthll|move: Tailwind\n|move|p2b: Umbreon|Foul Play|p1b: Urshifu\n|-activate|p1b: Urshifu|move: Protect\n|move|p1a: Iron Hands|Wild Charge|p2a: Talonflame\n|-supereffective|p2a: Talonflame\n|-damage|p2a: Talonflame|0 fnt\n|faint|p2a: Talonflame\n|-damage|p1a: Iron Hands|0 fnt|[from] Recoil\n|faint|p1a: Iron Hands\n|-end|p1a: Iron Hands|Quark Drive|[silent]\n|\n|-heal|p2b: Umbreon|57\/100|[from] item: Leftovers\n|-damage|p1b: Urshifu|70\/100 brn|[from] brn\n|upkeep\n|\n|t:|1700580243\n|switch|p2a: Gholdengo|Gholdengo, L50|100\/100\n|turn|15\n|\n|t:|1700580252\n|-terastallize|p1b: Urshifu|Dark\n|move|p1b: Urshifu|Sucker Punch|p2a: Gholdengo\n|-supereffective|p2a: Gholdengo\n|-damage|p2a: Gholdengo|49\/100\n|move|p2a: Gholdengo|Make It Rain|p1b: Urshifu\n|-damage|p1b: Urshifu|0 fnt\n|-unboost|p2a: Gholdengo|spa|1\n|faint|p1b: Urshifu\n|\n|win|Mnthll\n|n|\u2606Genis69|genis69\n|n|\u2606Mnthll|mnthll\n|n| fuent127|fuent127\n|l|\u2606Genis69\n|l| fuent127\n","uploadtime":1700581071,"views":3,"p1id":"genis69","p2id":"mnthll","formatid":"gen9vgc2023regulatione","rating":0,"private":0,"password":""}