{"id":"gen9vgc2023regulatione-1993046039","p1":"MarvelVongola","p2":"BlueJayX2","format":"[Gen 9] VGC 2023 Regulation E","log":"|j|\u2606MarvelVongola\n|j|\u2606BlueJayX2\n|t:|1700258801\n|gametype|doubles\n|player|p1|MarvelVongola|cynthia-gen4|1000\n|player|p2|BlueJayX2|marley|1095\n|teamsize|p1|6\n|teamsize|p2|6\n|gen|9\n|tier|[Gen 9] VGC 2023 Regulation E\n|rated|\n|rule|Species Clause: Limit one of each Pok\u00e9mon\n|rule|Item Clause: Limit one of each item\n|clearpoke\n|poke|p1|Muk, L50, M|\n|poke|p1|Grimmsnarl, L50, M|\n|poke|p1|Altaria, L50, F|\n|poke|p1|Noivern, L50, M|\n|poke|p1|Empoleon, L50, F|\n|poke|p1|Crawdaunt, L50, M|\n|poke|p2|Sylveon, L50, F|\n|poke|p2|Indeedee-F, L50, F|\n|poke|p2|Volbeat, L50, M|\n|poke|p2|Tauros-Paldea-Aqua, L50, M|\n|poke|p2|Ariados, L50, F|\n|poke|p2|Dudunsparce-*, L50, F|\n|teampreview|4\n|inactive|Battle timer is ON: inactive players will automatically lose when time's up. (requested by BlueJayX2)\n|inactive|MarvelVongola also wants the timer to be on.\n|\n|t:|1700258831\n|start\n|switch|p1a: Empoleon|Empoleon, L50, F|100\/100\n|switch|p1b: Altaria|Altaria, L50, F|100\/100\n|switch|p2a: Indeedee|Indeedee-F, L50, F|100\/100\n|switch|p2b: Dudunsparce|Dudunsparce-Three-Segment, L50, F|100\/100\n|-fieldstart|move: Psychic Terrain|[from] ability: Psychic Surge|[of] p2a: Indeedee\n|-ability|p1b: Altaria|Cloud Nine\n|turn|1\n|inactive|MarvelVongola has 30 seconds left.\n|inactive|MarvelVongola has 20 seconds left.\n|inactive|MarvelVongola has 15 seconds left.\n|\n|t:|1700258876\n|move|p2a: Indeedee|Light Screen|p2a: Indeedee\n|-sidestart|p2: BlueJayX2|move: Light Screen\n|move|p2b: Dudunsparce|Coil|p2b: Dudunsparce\n|-boost|p2b: Dudunsparce|atk|1\n|-boost|p2b: Dudunsparce|def|1\n|-boost|p2b: Dudunsparce|accuracy|1\n|move|p1b: Altaria|Defog|p2b: Dudunsparce\n|-unboost|p2b: Dudunsparce|evasion|1\n|-sideend|p2: BlueJayX2|move: Light Screen\n|-fieldend|move: Psychic Terrain\n|move|p1a: Empoleon|Stealth Rock|p2a: Indeedee\n|-sidestart|p2: BlueJayX2|move: Stealth Rock\n|\n|upkeep\n|turn|2\n|\n|t:|1700258897\n|move|p2a: Indeedee|Calm Mind|p2a: Indeedee\n|-boost|p2a: Indeedee|spa|1\n|-boost|p2a: Indeedee|spd|1\n|move|p2b: Dudunsparce|Rock Slide|p1a: Empoleon|[spread] p1a,p1b\n|-resisted|p1a: Empoleon\n|-supereffective|p1b: Altaria\n|-damage|p1a: Empoleon|86\/100\n|-damage|p1b: Altaria|39\/100\n|cant|p1b: Altaria|flinch\n|move|p1a: Empoleon|Flash Cannon|p2a: Indeedee\n|-damage|p2a: Indeedee|69\/100\n|\n|-heal|p1b: Altaria|45\/100|[from] item: Leftovers\n|upkeep\n|turn|3\n|\n|t:|1700258918\n|move|p2a: Indeedee|Follow Me|p2a: Indeedee\n|-singleturn|p2a: Indeedee|move: Follow Me\n|move|p2b: Dudunsparce|Rock Slide|p1b: Altaria|[spread] p1a,p1b\n|-resisted|p1a: Empoleon\n|-supereffective|p1b: Altaria\n|-damage|p1a: Empoleon|73\/100\n|-damage|p1b: Altaria|0 fnt\n|faint|p1b: Altaria\n|cant|p1a: Empoleon|flinch\n|\n|upkeep\n|\n|t:|1700258935\n|switch|p1b: Noivern|Noivern, L50, M, shiny|100\/100\n|turn|4\n|\n|t:|1700258955\n|-terastallize|p1b: Noivern|Normal\n|move|p1b: Noivern|Boomburst|p2a: Indeedee|[spread] p1a,p2a,p2b\n|-resisted|p1a: Empoleon\n|-damage|p1a: Empoleon|53\/100\n|-damage|p2a: Indeedee|32\/100\n|-damage|p2b: Dudunsparce|54\/100\n|move|p2a: Indeedee|Light Screen|p2a: Indeedee\n|-sidestart|p2: BlueJayX2|move: Light Screen\n|move|p2b: Dudunsparce|Rock Slide|p1b: Noivern|[spread] p1a,p1b\n|-resisted|p1a: Empoleon\n|-crit|p1a: Empoleon\n|-damage|p1a: Empoleon|34\/100\n|-damage|p1b: Noivern|65\/100\n|move|p1a: Empoleon|Flash Cannon|p2b: Dudunsparce\n|-damage|p2b: Dudunsparce|25\/100\n|\n|upkeep\n|turn|5\n|\n|t:|1700258978\n|-terastallize|p2b: Dudunsparce|Ghost\n|move|p2a: Indeedee|Follow Me|p2a: Indeedee\n|-singleturn|p2a: Indeedee|move: Follow Me\n|move|p1a: Empoleon|Aqua Jet|p2a: Indeedee\n|-damage|p2a: Indeedee|11\/100\n|move|p1b: Noivern|Boomburst|p2b: Dudunsparce|[spread] p1a,p2a\n|-immune|p2b: Dudunsparce\n|-resisted|p1a: Empoleon\n|-damage|p1a: Empoleon|15\/100\n|-damage|p2a: Indeedee|0 fnt\n|faint|p2a: Indeedee\n|move|p2b: Dudunsparce|Rock Slide|p1b: Noivern|[spread] p1a,p1b\n|-resisted|p1a: Empoleon\n|-damage|p1a: Empoleon|0 fnt\n|-damage|p1b: Noivern|28\/100\n|faint|p1a: Empoleon\n|\n|upkeep\n|\n|t:|1700258997\n|switch|p2a: Volbeat|Volbeat, L50, M|100\/100\n|switch|p1a: Muk|Muk, L50, M, shiny|100\/100\n|-damage|p2a: Volbeat|76\/100|[from] Stealth Rock\n|turn|6\n|\n|t:|1700259011\n|move|p2a: Volbeat|Tailwind|p2a: Volbeat\n|-sidestart|p2: BlueJayX2|move: Tailwind\n|move|p1b: Noivern|Boomburst|p2b: Dudunsparce|[spread] p1a,p2a\n|-immune|p2b: Dudunsparce\n|-damage|p1a: Muk|76\/100\n|-damage|p2a: Volbeat|37\/100\n|move|p2b: Dudunsparce|Rock Slide|p1a: Muk|[spread] p1a,p1b\n|-damage|p1a: Muk|45\/100\n|-damage|p1b: Noivern|0 fnt\n|faint|p1b: Noivern\n|move|p1a: Muk|Lunge|p2b: Dudunsparce\n|-resisted|p2b: Dudunsparce\n|-damage|p2b: Dudunsparce|15\/100\n|-unboost|p2b: Dudunsparce|atk|1\n|\n|upkeep\n|turn|7\n|\n|t:|1700259032\n|move|p2a: Volbeat|Thunder Wave|p1a: Muk\n|-status|p1a: Muk|par\n|move|p2b: Dudunsparce|Rock Slide|p1a: Muk\n|-damage|p1a: Muk|19\/100 par\n|move|p1a: Muk|Poison Jab|p2b: Dudunsparce\n|-resisted|p2b: Dudunsparce\n|-damage|p2b: Dudunsparce|1\/100\n|\n|upkeep\n|turn|8\n|c|\u2606MarvelVongola|gg\n|inactive|MarvelVongola has 30 seconds left.\n|c|\u2606BlueJayX2|Gg\n|inactive|MarvelVongola has 20 seconds left.\n|inactive|MarvelVongola has 15 seconds left.\n|inactive|MarvelVongola has 10 seconds left.\n|inactive|MarvelVongola has 5 seconds left.\n|\n|t:|1700259087\n|move|p2a: Volbeat|Helping Hand|p2b: Dudunsparce\n|-singleturn|p2b: Dudunsparce|Helping Hand|[of] p2a: Volbeat\n|move|p2b: Dudunsparce|Hyper Drill|p1a: Muk\n|-crit|p1a: Muk\n|-damage|p1a: Muk|0 fnt\n|faint|p1a: Muk\n|\n|win|BlueJayX2\n|raw|MarvelVongola's rating: 1000 &rarr; <strong>1000<\/strong><br \/>(+0 for losing)\n|raw|BlueJayX2's rating: 1095 &rarr; <strong>1114<\/strong><br \/>(+19 for winning)\n|l|\u2606MarvelVongola\n","uploadtime":1700259099,"views":39,"p1id":"marvelvongola","p2id":"bluejayx2","formatid":"gen9vgc2023regulatione","rating":1000,"private":0,"password":""}