{"id":"gen9vgc2023regulatione-1996423289","p1":"pepito135","p2":"StarMaster688","format":"[Gen 9] VGC 2023 Regulation E","log":"|j|\u2606pepito135\n|j|\u2606StarMaster688\n|t:|1700680599\n|gametype|doubles\n|player|p1|pepito135|266|1168\n|player|p2|StarMaster688|266|1088\n|teamsize|p1|6\n|teamsize|p2|6\n|gen|9\n|tier|[Gen 9] VGC 2023 Regulation E\n|rated|\n|rule|Species Clause: Limit one of each Pok\u00e9mon\n|rule|Item Clause: Limit one of each item\n|clearpoke\n|poke|p1|Flutter Mane, L50|\n|poke|p1|Azelf, L50|\n|poke|p1|Brambleghast, L50, F|\n|poke|p1|Volbeat, L50, M|\n|poke|p1|Arcanine-Hisui, L50, M|\n|poke|p1|Iron Hands, L50|\n|poke|p2|Scream Tail, L50|\n|poke|p2|Gothitelle, L50, M|\n|poke|p2|Flutter Mane, L50|\n|poke|p2|Arcanine, L50, M|\n|poke|p2|Amoonguss, L50, M|\n|poke|p2|Palafin, L50, M|\n|teampreview|4\n|j| hiiiiiiii2232\n|\n|t:|1700680652\n|start\n|switch|p1a: Volbeat|Volbeat, L50, M|100\/100\n|switch|p1b: Flutter Mane|Flutter Mane, L50|100\/100\n|switch|p2a: Mocking Jay|Scream Tail, L50|100\/100\n|switch|p2b: Action Comics|Palafin, L50, M|100\/100\n|-enditem|p2a: Mocking Jay|Booster Energy\n|-activate|p2a: Mocking Jay|ability: Protosynthesis|[fromitem]\n|-start|p2a: Mocking Jay|protosynthesisspe\n|turn|1\n|\n|t:|1700680677\n|-terastallize|p2b: Action Comics|Water\n|move|p2b: Action Comics|Jet Punch|p1a: Volbeat\n|-damage|p1a: Volbeat|59\/100\n|move|p1a: Volbeat|Taunt|p2a: Mocking Jay\n|-start|p2a: Mocking Jay|move: Taunt\n|cant|p2a: Mocking Jay|move: Taunt|Disable\n|move|p1b: Flutter Mane|Shadow Ball|p2a: Mocking Jay\n|-supereffective|p2a: Mocking Jay\n|-damage|p2a: Mocking Jay|40\/100\n|\n|upkeep\n|turn|2\n|\n|t:|1700680709\n|-end|p2a: Mocking Jay|Protosynthesis|[silent]\n|switch|p2a: Champion Ball|Amoonguss, L50, M|100\/100\n|-terastallize|p1b: Flutter Mane|Fairy\n|move|p1a: Volbeat|Tailwind|p1a: Volbeat\n|-sidestart|p1: pepito135|move: Tailwind\n|move|p1b: Flutter Mane|Dazzling Gleam|p2a: Champion Ball|[spread] p2a,p2b\n|-resisted|p2a: Champion Ball\n|-damage|p2a: Champion Ball|84\/100\n|-damage|p2b: Action Comics|45\/100\n|move|p2b: Action Comics|Wave Crash|p1a: Volbeat\n|-damage|p1a: Volbeat|0 fnt\n|faint|p1a: Volbeat\n|-damage|p2b: Action Comics|29\/100|[from] Recoil\n|\n|upkeep\n|\n|t:|1700680727\n|switch|p1a: Arcanine|Arcanine-Hisui, L50, M|100\/100\n|turn|3\n|\n|t:|1700680747\n|move|p1a: Arcanine|Protect|p1a: Arcanine\n|-singleturn|p1a: Arcanine|Protect\n|move|p2b: Action Comics|Jet Punch|p1a: Arcanine\n|-activate|p1a: Arcanine|move: Protect\n|move|p1b: Flutter Mane|Shadow Ball|p2b: Action Comics\n|-damage|p2b: Action Comics|0 fnt\n|faint|p2b: Action Comics\n|move|p2a: Champion Ball|Pollen Puff|p2: Action Comics|[notarget]\n|-fail|p2a: Champion Ball\n|\n|upkeep\n|\n|t:|1700680766\n|switch|p2b: Moria|Gothitelle, L50, M|100\/100\n|turn|4\n|\n|t:|1700680780\n|move|p2b: Moria|Fake Out|p1b: Flutter Mane\n|-damage|p1b: Flutter Mane|87\/100\n|move|p1a: Arcanine|Extreme Speed|p2b: Moria\n|-damage|p2b: Moria|73\/100\n|cant|p1b: Flutter Mane|flinch\n|move|p2a: Champion Ball|Spore|p1a: Arcanine\n|-status|p1a: Arcanine|slp|[from] move: Spore\n|\n|upkeep\n|turn|5\n|\n|t:|1700680798\n|switch|p2a: Mocking Jay|Scream Tail, L50|40\/100\n|move|p1b: Flutter Mane|Imprison|p1b: Flutter Mane\n|-start|p1b: Flutter Mane|move: Imprison\n|cant|p1a: Arcanine|slp\n|move|p2b: Moria|Heal Pulse|p2a: Mocking Jay\n|-heal|p2a: Mocking Jay|90\/100\n|\n|-sideend|p1: pepito135|move: Tailwind\n|upkeep\n|turn|6\n|\n|t:|1700680819\n|move|p2b: Moria|Protect|p2b: Moria\n|-singleturn|p2b: Moria|Protect\n|move|p1b: Flutter Mane|Shadow Ball|p2a: Mocking Jay\n|-supereffective|p2a: Mocking Jay\n|-damage|p2a: Mocking Jay|30\/100\n|move|p2a: Mocking Jay|Perish Song|p2a: Mocking Jay\n|-start|p1a: Arcanine|perish3|[silent]\n|-start|p1b: Flutter Mane|perish3|[silent]\n|-start|p2a: Mocking Jay|perish3|[silent]\n|-start|p2b: Moria|perish3|[silent]\n|-fieldactivate|move: Perish Song\n|cant|p1a: Arcanine|slp\n|\n|-start|p1b: Flutter Mane|perish3\n|-start|p2a: Mocking Jay|perish3\n|-start|p1a: Arcanine|perish3\n|-start|p2b: Moria|perish3\n|upkeep\n|turn|7\n|\n|t:|1700680839\n|move|p1b: Flutter Mane|Shadow Ball|p2b: Moria\n|-supereffective|p2b: Moria\n|-damage|p2b: Moria|12\/100\n|-unboost|p2b: Moria|spd|1\n|-enditem|p2b: Moria|Sitrus Berry|[eat]\n|-heal|p2b: Moria|37\/100|[from] item: Sitrus Berry\n|move|p2a: Mocking Jay|Disable|p1b: Flutter Mane\n|-start|p1b: Flutter Mane|Disable|Shadow Ball\n|-curestatus|p1a: Arcanine|slp|[msg]\n|move|p1a: Arcanine|Flare Blitz|p2b: Moria\n|-damage|p2b: Moria|0 fnt\n|faint|p2b: Moria\n|\n|-start|p1b: Flutter Mane|perish2\n|-start|p2a: Mocking Jay|perish2\n|-start|p1a: Arcanine|perish2\n|upkeep\n|\n|t:|1700680855\n|switch|p2b: Champion Ball|Amoonguss, L50, M|100\/100\n|turn|8\n|\n|t:|1700680862\n|-end|p1b: Flutter Mane|Protosynthesis|[silent]\n|switch|p1b: Iron Hands|Iron Hands, L50|100\/100\n|move|p2a: Mocking Jay|Protect|p2a: Mocking Jay\n|-singleturn|p2a: Mocking Jay|Protect\n|move|p2b: Champion Ball|Protect|p2b: Champion Ball\n|-singleturn|p2b: Champion Ball|Protect\n|move|p1a: Arcanine|Flare Blitz|p2b: Champion Ball\n|-activate|p2b: Champion Ball|move: Protect\n|\n|-start|p2a: Mocking Jay|perish1\n|-start|p1a: Arcanine|perish1\n|upkeep\n|turn|9\n|\n|t:|1700680880\n|switch|p1a: Flutter Mane|Flutter Mane, L50, tera:Fairy|87\/100\n|move|p1b: Iron Hands|Fake Out|p2b: Champion Ball\n|-damage|p2b: Champion Ball|85\/100\n|move|p2a: Mocking Jay|Perish Song|p2a: Mocking Jay\n|-start|p1a: Flutter Mane|perish3|[silent]\n|-start|p1b: Iron Hands|perish3|[silent]\n|-start|p2b: Champion Ball|perish3|[silent]\n|-fieldactivate|move: Perish Song\n|cant|p2b: Champion Ball|flinch\n|\n|-start|p1a: Flutter Mane|perish3\n|-start|p2a: Mocking Jay|perish0\n|-start|p1b: Iron Hands|perish3\n|faint|p2a: Mocking Jay\n|-end|p2a: Mocking Jay|Protosynthesis|[silent]\n|-start|p2b: Champion Ball|perish3\n|upkeep\n|turn|10\n|\n|t:|1700680901\n|-end|p1b: Iron Hands|Quark Drive|[silent]\n|switch|p1b: Arcanine|Arcanine-Hisui, L50, M|100\/100\n|move|p2b: Champion Ball|Protect|p2b: Champion Ball\n|-singleturn|p2b: Champion Ball|Protect\n|move|p1a: Flutter Mane|Shadow Ball|p2b: Champion Ball\n|-activate|p2b: Champion Ball|move: Protect\n|\n|-start|p1a: Flutter Mane|perish2\n|-start|p2b: Champion Ball|perish2\n|upkeep\n|turn|11\n|\n|t:|1700680913\n|-end|p1a: Flutter Mane|Protosynthesis|[silent]\n|switch|p1a: Iron Hands|Iron Hands, L50|100\/100\n|move|p1b: Arcanine|Flare Blitz|p2b: Champion Ball\n|-supereffective|p2b: Champion Ball\n|-damage|p2b: Champion Ball|0 fnt\n|faint|p2b: Champion Ball\n|\n|win|pepito135\n|raw|pepito135's rating: 1168 &rarr; <strong>1187<\/strong><br \/>(+19 for winning)\n|raw|StarMaster688's rating: 1088 &rarr; <strong>1070<\/strong><br \/>(-18 for losing)\n|l|\u2606StarMaster688\n","uploadtime":1700680931,"views":6,"p1id":"pepito135","p2id":"starmaster688","formatid":"gen9vgc2023regulatione","rating":1070,"private":0,"password":""}