{"id":"gen9vgc2023regulatione-1991045536","p1":"wudiace","p2":"epic17x","format":"[Gen 9] VGC 2023 Regulation E","log":"|j|\u2606wudiace\n|j|\u2606epic17x\n|t:|1700033861\n|gametype|doubles\n|player|p1|wudiace|cynthia|1467\n|player|p2|epic17x|steven|1407\n|teamsize|p1|6\n|teamsize|p2|6\n|gen|9\n|tier|[Gen 9] VGC 2023 Regulation E\n|rated|\n|rule|Species Clause: Limit one of each Pok\u00e9mon\n|rule|Item Clause: Limit one of each item\n|clearpoke\n|poke|p1|Grimmsnarl, L50, M|\n|poke|p1|Chi-Yu, L50|\n|poke|p1|Empoleon, L50, M|\n|poke|p1|Ogerpon-Wellspring, L50, F|\n|poke|p1|Iron Hands, L50|\n|poke|p1|Sinistcha, L50|\n|poke|p2|Urshifu-*, L50, F|\n|poke|p2|Iron Hands, L50|\n|poke|p2|Farigiraf, L50, F|\n|poke|p2|Regidrago, L50|\n|poke|p2|Ursaluna, L50, F|\n|poke|p2|Sinistcha, L50|\n|teampreview|4\n|inactive|Battle timer is ON: inactive players will automatically lose when time's up. (requested by epic17x)\n|\n|t:|1700033888\n|start\n|switch|p1a: Chi-Yu|Chi-Yu, L50|100\/100\n|switch|p1b: Grimmsnarl|Grimmsnarl, L50, M|100\/100\n|switch|p2a: Urshifu|Urshifu, L50, F|100\/100\n|switch|p2b: Iron Hands|Iron Hands, L50|100\/100\n|-ability|p1a: Chi-Yu|Beads of Ruin\n|turn|1\n|inactive|wudiace has 30 seconds left.\n|inactive|epic17x has 30 seconds left.\n|\n|t:|1700033918\n|switch|p1a: Iron Hands|Iron Hands, L50|100\/100\n|move|p2b: Iron Hands|Fake Out|p1b: Grimmsnarl\n|-damage|p1b: Grimmsnarl|86\/100\n|move|p2a: Urshifu|Wicked Blow|p1a: Iron Hands\n|-resisted|p1a: Iron Hands\n|-crit|p1a: Iron Hands\n|-damage|p1a: Iron Hands|81\/100\n|cant|p1b: Grimmsnarl|flinch\n|\n|upkeep\n|turn|2\n|\n|t:|1700033930\n|switch|p2a: \u30ea\u30ad\u30ad\u30ea\u30f3|Farigiraf, L50, F|100\/100\n|move|p1b: Grimmsnarl|Spirit Break|p2a: \u30ea\u30ad\u30ad\u30ea\u30f3\n|-damage|p2a: \u30ea\u30ad\u30ad\u30ea\u30f3|76\/100\n|-unboost|p2a: \u30ea\u30ad\u30ad\u30ea\u30f3|spa|1\n|move|p1a: Iron Hands|Swords Dance|p1a: Iron Hands\n|-boost|p1a: Iron Hands|atk|2\n|move|p2b: Iron Hands|Heavy Slam|p1b: Grimmsnarl\n|-supereffective|p1b: Grimmsnarl\n|-damage|p1b: Grimmsnarl|5\/100\n|\n|upkeep\n|turn|3\n|j| 5Sscreen\n|\n|t:|1700033961\n|move|p1b: Grimmsnarl|Reflect|p1b: Grimmsnarl\n|-sidestart|p1: wudiace|Reflect\n|move|p1a: Iron Hands|Drain Punch|p2a: \u30ea\u30ad\u30ad\u30ea\u30f3\n|-damage|p2a: \u30ea\u30ad\u30ad\u30ea\u30f3|8\/100\n|-heal|p1a: Iron Hands|100\/100|[from] drain|[of] p2a: \u30ea\u30ad\u30ad\u30ea\u30f3\n|-enditem|p2a: \u30ea\u30ad\u30ad\u30ea\u30f3|Sitrus Berry|[eat]\n|-heal|p2a: \u30ea\u30ad\u30ad\u30ea\u30f3|33\/100|[from] item: Sitrus Berry\n|move|p2b: Iron Hands|Drain Punch|p1b: Grimmsnarl\n|-damage|p1b: Grimmsnarl|0 fnt\n|faint|p1b: Grimmsnarl\n|move|p2a: \u30ea\u30ad\u30ad\u30ea\u30f3|Trick Room|p2a: \u30ea\u30ad\u30ad\u30ea\u30f3\n|-fieldstart|move: Trick Room|[of] p2a: \u30ea\u30ad\u30ad\u30ea\u30f3\n|\n|upkeep\n|\n|t:|1700033974\n|switch|p1b: Sinistcha|Sinistcha, L50|100\/100\n|turn|4\n|\n|t:|1700033989\n|move|p1b: Sinistcha|Rage Powder|p1b: Sinistcha\n|-singleturn|p1b: Sinistcha|move: Rage Powder\n|move|p2b: Iron Hands|Drain Punch|p1b: Sinistcha\n|-immune|p1b: Sinistcha\n|move|p2a: \u30ea\u30ad\u30ad\u30ea\u30f3|Psychic|p1b: Sinistcha\n|-damage|p1b: Sinistcha|75\/100\n|move|p1a: Iron Hands|Drain Punch|p2a: \u30ea\u30ad\u30ad\u30ea\u30f3\n|-damage|p2a: \u30ea\u30ad\u30ad\u30ea\u30f3|0 fnt\n|faint|p2a: \u30ea\u30ad\u30ad\u30ea\u30f3\n|\n|upkeep\n|\n|t:|1700033999\n|switch|p2a: Ursaluna|Ursaluna, L50, F|100\/100\n|turn|5\n|\n|t:|1700034021\n|-end|p2b: Iron Hands|Quark Drive|[silent]\n|switch|p2b: Urshifu|Urshifu, L50, F|100\/100\n|move|p2a: Ursaluna|Protect|p2a: Ursaluna\n|-singleturn|p2a: Ursaluna|Protect\n|move|p1a: Iron Hands|Drain Punch|p2b: Urshifu\n|-supereffective|p2b: Urshifu\n|-damage|p2b: Urshifu|0 fnt\n|faint|p2b: Urshifu\n|move|p1b: Sinistcha|Trick Room|p1b: Sinistcha\n|-fieldend|move: Trick Room\n|\n|-status|p2a: Ursaluna|brn|[from] item: Flame Orb\n|upkeep\n|\n|t:|1700034033\n|switch|p2b: Iron Hands|Iron Hands, L50|100\/100\n|turn|6\n|\n|t:|1700034040\n|-terastallize|p2b: Iron Hands|Grass\n|move|p1a: Iron Hands|Detect|p1a: Iron Hands\n|-singleturn|p1a: Iron Hands|Protect\n|move|p2b: Iron Hands|Fake Out|p1a: Iron Hands\n|-activate|p1a: Iron Hands|move: Protect\n|move|p1b: Sinistcha|Matcha Gotcha|p2a: Ursaluna|[spread] p2a,p2b\n|-supereffective|p2a: Ursaluna\n|-resisted|p2b: Iron Hands\n|-crit|p2b: Iron Hands\n|-damage|p2a: Ursaluna|55\/100 brn\n|-heal|p1b: Sinistcha|100\/100|[from] drain|[of] p2a: Ursaluna\n|-damage|p2b: Iron Hands|92\/100\n|move|p2a: Ursaluna|Earthquake|p1a: Iron Hands|[spread] p2b,p1b\n|-activate|p1a: Iron Hands|move: Protect\n|-resisted|p2b: Iron Hands\n|-resisted|p1b: Sinistcha\n|-damage|p2b: Iron Hands|69\/100\n|-damage|p1b: Sinistcha|85\/100\n|\n|-damage|p2a: Ursaluna|49\/100 brn|[from] brn\n|upkeep\n|turn|7\n|\n|t:|1700034060\n|move|p2a: Ursaluna|Protect|p2a: Ursaluna\n|-singleturn|p2a: Ursaluna|Protect\n|move|p1b: Sinistcha|Rage Powder|p1b: Sinistcha\n|-singleturn|p1b: Sinistcha|move: Rage Powder\n|move|p1a: Iron Hands|Drain Punch|p2a: Ursaluna\n|-activate|p2a: Ursaluna|move: Protect\n|move|p2b: Iron Hands|Drain Punch|p1a: Iron Hands\n|-damage|p1a: Iron Hands|83\/100\n|-heal|p2b: Iron Hands|78\/100|[from] drain|[of] p1a: Iron Hands\n|\n|-damage|p2a: Ursaluna|43\/100 brn|[from] brn\n|upkeep\n|turn|8\n|\n|t:|1700034080\n|switch|p1b: Chi-Yu|Chi-Yu, L50|100\/100\n|-ability|p1b: Chi-Yu|Beads of Ruin\n|move|p1a: Iron Hands|Drain Punch|p2a: Ursaluna\n|-supereffective|p2a: Ursaluna\n|-damage|p2a: Ursaluna|0 fnt\n|-heal|p1a: Iron Hands|100\/100|[from] drain|[of] p2a: Ursaluna\n|faint|p2a: Ursaluna\n|move|p2b: Iron Hands|Heavy Slam|p1b: Chi-Yu\n|-resisted|p1b: Chi-Yu\n|-damage|p1b: Chi-Yu|84\/100\n|\n|upkeep\n|turn|9\n|\n|t:|1700034093\n|move|p1b: Chi-Yu|Flamethrower|p2b: Iron Hands\n|-supereffective|p2b: Iron Hands\n|-damage|p2b: Iron Hands|9\/100\n|-damage|p1b: Chi-Yu|75\/100|[from] item: Life Orb\n|move|p1a: Iron Hands|Drain Punch|p2b: Iron Hands\n|-damage|p2b: Iron Hands|0 fnt\n|faint|p2b: Iron Hands\n|-end|p2b: Iron Hands|Quark Drive|[silent]\n|\n|win|wudiace\n|raw|wudiace's rating: 1467 &rarr; <strong>1484<\/strong><br \/>(+17 for winning)\n|raw|epic17x's rating: 1407 &rarr; <strong>1390<\/strong><br \/>(-17 for losing)\n|l|\u2606epic17x\n|l|\u2606wudiace\n","uploadtime":1700034140,"views":11,"p1id":"wudiace","p2id":"epic17x","formatid":"gen9vgc2023regulatione","rating":1390,"private":0,"password":""}