{"id":"gen9vgc2023regulatione-2000200008","p1":"angelsau05","p2":"YaBoyDane1993","format":"[Gen 9] VGC 2023 Regulation E","log":"|j|\u2606angelsau05\n|j|\u2606YaBoyDane1993\n|t:|1701171129\n|gametype|doubles\n|player|p1|angelsau05|clown|1046\n|player|p2|YaBoyDane1993|265|1119\n|teamsize|p1|6\n|teamsize|p2|6\n|gen|9\n|tier|[Gen 9] VGC 2023 Regulation E\n|rated|\n|rule|Species Clause: Limit one of each Pok\u00e9mon\n|rule|Item Clause: Limit one of each item\n|clearpoke\n|poke|p1|Ninetales-Alola, L50, M|\n|poke|p1|Sandslash-Alola, L50, F|\n|poke|p1|Arcanine-Hisui, L50, M|\n|poke|p1|Ogerpon-Wellspring, L50, F|\n|poke|p1|Flutter Mane, L50|\n|poke|p1|Iron Hands, L50|\n|poke|p2|Slaking, L50, F|\n|poke|p2|Weezing-Galar, L50, M|\n|poke|p2|Ogerpon-Hearthflame, L50, F|\n|poke|p2|Flutter Mane, L50|\n|poke|p2|Kommo-o, L50, M|\n|poke|p2|Toxapex, L50, M|\n|teampreview|4\nangelsau05 has agreed to open team sheets.\n|inactive|Battle timer is ON: inactive players will automatically lose when time's up. (requested by YaBoyDane1993)\n|\n|t:|1701171177\n|start\n|switch|p1a: Iron Hands|Iron Hands, L50|100\/100\n|switch|p1b: Ogerpon|Ogerpon-Wellspring, L50, F|100\/100\n|switch|p2a: Slaking|Slaking, L50, F, shiny|100\/100\n|switch|p2b: Weezing|Weezing-Galar, L50, M|100\/100\n|-ability|p2b: Weezing|Neutralizing Gas\n|turn|1\n|inactive|angelsau05 has 30 seconds left.\n|\n|t:|1701171207\n|-terastallize|p2a: Slaking|Ghost\n|move|p1b: Ogerpon|Follow Me|p1b: Ogerpon\n|-singleturn|p1b: Ogerpon|move: Follow Me\n|move|p2a: Slaking|Rock Slide|p1b: Ogerpon|[spread] p1a,p1b\n|-resisted|p1a: Iron Hands\n|-damage|p1a: Iron Hands|94\/100\n|-damage|p1b: Ogerpon|80\/100\n|move|p2b: Weezing|Substitute|p2b: Weezing\n|-start|p2b: Weezing|Substitute\n|-damage|p2b: Weezing|75\/100\n|cant|p1a: Iron Hands|flinch\n|\n|-heal|p2b: Weezing|81\/100|[from] item: Black Sludge\n|upkeep\n|turn|2\n|inactive|angelsau05 has 30 seconds left.\n|inactive|angelsau05 has 20 seconds left.\n|inactive|angelsau05 has 15 seconds left.\n|\n|t:|1701171249\n|switch|p1b: Flutter Mane|Flutter Mane, L50|100\/100\n|-enditem|p1b: Flutter Mane|Booster Energy\n|-activate|p1b: Flutter Mane|ability: Protosynthesis|[fromitem]\n|-start|p1b: Flutter Mane|protosynthesisspe\n|move|p2b: Weezing|Protect|p2b: Weezing\n|-singleturn|p2b: Weezing|Protect\n|move|p2a: Slaking|Earthquake|p1b: Flutter Mane|[spread] p1a,p1b\n|-activate|p2b: Weezing|move: Protect\n|-supereffective|p1a: Iron Hands\n|-crit|p1a: Iron Hands\n|-damage|p1a: Iron Hands|42\/100\n|-damage|p1b: Flutter Mane|54\/100\n|move|p1a: Iron Hands|Wild Charge|p2b: Weezing\n|-activate|p2b: Weezing|move: Protect\n|\n|-heal|p2b: Weezing|87\/100|[from] item: Black Sludge\n|upkeep\n|turn|3\n|inactive|angelsau05 has 30 seconds left.\n|inactive|YaBoyDane1993 has 30 seconds left.\n|inactive|YaBoyDane1993 has 20 seconds left.\n|\n|t:|1701171286\n|move|p1b: Flutter Mane|Shadow Ball|p2a: Slaking\n|-supereffective|p2a: Slaking\n|-damage|p2a: Slaking|63\/100\n|move|p2a: Slaking|Drain Punch|p1a: Iron Hands\n|-crit|p1a: Iron Hands\n|-damage|p1a: Iron Hands|14\/100\n|-heal|p2a: Slaking|77\/100|[from] drain|[of] p1a: Iron Hands\n|move|p2b: Weezing|Clear Smog|p1b: Flutter Mane\n|-damage|p1b: Flutter Mane|40\/100\n|-clearboost|p1b: Flutter Mane\n|move|p1a: Iron Hands|Drain Punch|p2b: Weezing\n|-resisted|p2b: Weezing\n|-activate|p2b: Weezing|move: Substitute|[damage]\n|-heal|p1a: Iron Hands|16\/100|[from] drain|[of] p2b: Weezing\n|\n|-heal|p2b: Weezing|93\/100|[from] item: Black Sludge\n|upkeep\n|turn|4\n|\n|t:|1701171310\n|move|p2b: Weezing|Protect|p2b: Weezing\n|-singleturn|p2b: Weezing|Protect\n|move|p1b: Flutter Mane|Shadow Ball|p2a: Slaking\n|-supereffective|p2a: Slaking\n|-damage|p2a: Slaking|35\/100\n|-unboost|p2a: Slaking|spd|1\n|move|p2a: Slaking|Rock Slide|p1a: Iron Hands|[spread] p1a,p1b\n|-resisted|p1a: Iron Hands\n|-damage|p1a: Iron Hands|10\/100\n|-damage|p1b: Flutter Mane|6\/100\n|move|p1a: Iron Hands|Wild Charge|p2a: Slaking\n|-damage|p2a: Slaking|6\/100\n|-damage|p1a: Iron Hands|2\/100|[from] Recoil\n|\n|-heal|p2b: Weezing|99\/100|[from] item: Black Sludge\n|upkeep\n|turn|5\n|inactive|angelsau05 has 30 seconds left.\n|inactive|angelsau05 has 20 seconds left.\n|\n|t:|1701171348\n|-terastallize|p1b: Flutter Mane|Fairy\n|move|p1a: Iron Hands|Fake Out||[still]\n|-hint|Fake Out only works on your first turn out.\n|-fail|p1a: Iron Hands\n|move|p1b: Flutter Mane|Dazzling Gleam|p2a: Slaking|[spread] p2a,p2b\n|-resisted|p2b: Weezing\n|-end|p2b: Weezing|Substitute\n|-damage|p2a: Slaking|0 fnt\n|faint|p2a: Slaking\n|move|p2b: Weezing|Dazzling Gleam|p1a: Iron Hands|[spread] p1a,p1b\n|-supereffective|p1a: Iron Hands\n|-damage|p1a: Iron Hands|0 fnt\n|-damage|p1b: Flutter Mane|0 fnt\n|faint|p1a: Iron Hands\n|-end|p1a: Iron Hands|Quark Drive|[silent]\n|faint|p1b: Flutter Mane\n|-end|p1b: Flutter Mane|Protosynthesis|[silent]\n|\n|-heal|p2b: Weezing|100\/100|[from] item: Black Sludge\n|upkeep\n|\n|t:|1701171371\n|switch|p1b: Ogerpon|Ogerpon-Wellspring, L50, F|80\/100\n|switch|p2a: Ogerpon|Ogerpon-Hearthflame, L50, F|100\/100\n|switch|p1a: Arcanine|Arcanine-Hisui, L50, M|100\/100\n|turn|6\n|\n|t:|1701171391\n|switch|p2a: Toxapex|Toxapex, L50, M|100\/100\n|move|p2b: Weezing|Protect|p2b: Weezing\n|-singleturn|p2b: Weezing|Protect\n|move|p1b: Ogerpon|Ivy Cudgel|p2a: Toxapex|[anim] Ivy Cudgel Water\n|-resisted|p2a: Toxapex\n|-damage|p2a: Toxapex|81\/100\n|move|p1a: Arcanine|Flare Blitz|p2a: Toxapex\n|-resisted|p2a: Toxapex\n|-damage|p2a: Toxapex|45\/100\n|-damage|p1a: Arcanine|89\/100|[from] Recoil\n|\n|-heal|p2a: Toxapex|51\/100|[from] item: Leftovers\n|upkeep\n|turn|7\n|inactive|YaBoyDane1993 has 30 seconds left.\n|\n|t:|1701171419\n|move|p2a: Toxapex|Baneful Bunker|p2a: Toxapex\n|-singleturn|p2a: Toxapex|move: Protect\n|move|p1b: Ogerpon|Horn Leech|p2a: Toxapex\n|-activate|p2a: Toxapex|move: Protect\n|-status|p1b: Ogerpon|psn\n|move|p1a: Arcanine|Flare Blitz|p2b: Weezing\n|-damage|p2b: Weezing|43\/100\n|-damage|p1a: Arcanine|70\/100|[from] Recoil\n|move|p2b: Weezing|Dazzling Gleam|p1b: Ogerpon|[spread] p1a,p1b\n|-resisted|p1a: Arcanine\n|-damage|p1a: Arcanine|60\/100\n|-damage|p1b: Ogerpon|65\/100 psn\n|\n|-heal|p2b: Weezing|49\/100|[from] item: Black Sludge\n|-heal|p2a: Toxapex|57\/100|[from] item: Leftovers\n|-damage|p1b: Ogerpon|53\/100 psn|[from] psn\n|upkeep\n|turn|8\n|inactive|YaBoyDane1993 has 30 seconds left.\n|\n|t:|1701171450\n|move|p2b: Weezing|Protect|p2b: Weezing\n|-singleturn|p2b: Weezing|Protect\n|move|p1b: Ogerpon|Horn Leech|p2a: Toxapex\n|-damage|p2a: Toxapex|27\/100\n|-heal|p1b: Ogerpon|65\/100 psn|[from] drain|[of] p2a: Toxapex\n|move|p1a: Arcanine|Flare Blitz|p2b: Weezing\n|-activate|p2b: Weezing|move: Protect\n|move|p2a: Toxapex|Venoshock|p1b: Ogerpon\n|-supereffective|p1b: Ogerpon\n|-damage|p1b: Ogerpon|0 fnt\n|faint|p1b: Ogerpon\n|\n|-heal|p2b: Weezing|55\/100|[from] item: Black Sludge\n|-heal|p2a: Toxapex|33\/100|[from] item: Leftovers\n|upkeep\n|turn|9\n|inactive|YaBoyDane1993 has 30 seconds left.\n|\n|t:|1701171480\n|move|p2a: Toxapex|Baneful Bunker|p2a: Toxapex\n|-singleturn|p2a: Toxapex|move: Protect\n|move|p1a: Arcanine|Flare Blitz|p2b: Weezing\n|-crit|p2b: Weezing\n|-damage|p2b: Weezing|0 fnt\n|faint|p2b: Weezing\n|-end|p2b: Weezing|ability: Neutralizing Gas\n|-ability|p1a: Arcanine|Intimidate|boost\n|-unboost|p2a: Toxapex|atk|1\n|-damage|p1a: Arcanine|41\/100|[from] Recoil\n|\n|-heal|p2a: Toxapex|39\/100|[from] item: Leftovers\n|upkeep\n|\n|t:|1701171493\n|switch|p2b: Ogerpon|Ogerpon-Hearthflame, L50, F|100\/100\n|-ability|p2b: Ogerpon|Mold Breaker\n|turn|10\n|\n|t:|1701171508\n|move|p2b: Ogerpon|Spiky Shield|p2b: Ogerpon\n|-singleturn|p2b: Ogerpon|move: Protect\n|move|p1a: Arcanine|Flare Blitz|p2a: Toxapex\n|-resisted|p2a: Toxapex\n|-damage|p2a: Toxapex|6\/100\n|-status|p2a: Toxapex|brn\n|-damage|p1a: Arcanine|31\/100|[from] Recoil\n|move|p2a: Toxapex|Surf|p1a: Arcanine|[spread] p1a\n|-activate|p2b: Ogerpon|move: Protect\n|-supereffective|p1a: Arcanine\n|-damage|p1a: Arcanine|0 fnt\n|faint|p1a: Arcanine\n|\n|win|YaBoyDane1993\n|raw|angelsau05's rating: 1046 &rarr; <strong>1033<\/strong><br \/>(-13 for losing)\n|raw|YaBoyDane1993's rating: 1119 &rarr; <strong>1139<\/strong><br \/>(+20 for winning)\n|l|\u2606angelsau05\n","uploadtime":1701171527,"views":1,"p1id":"angelsau05","p2id":"yaboydane1993","formatid":"gen9vgc2023regulatione","rating":1033,"private":0,"password":""}