{"id":"gen9vgc2023regulatione-1998821602","p1":"Jstardude","p2":"LiluziHit","format":"[Gen 9] VGC 2023 Regulation E","log":"|j|\u2606Jstardude\n|j|\u2606LiluziHit\n|n|\u2606Jstardude|jstardude\n|n|\u2606LiluziHit|liluzihit\n|html|View the match progress at <a href=\"\/game-bestof3-gen9vgc2023regulatione-1998819847\">game-bestof3-gen9vgc2023regulatione-1998819847<\/a>\n|t:|1700997744\n|gametype|doubles\n|player|p1|Jstardude|psychic-gen4|\n|player|p2|LiluziHit|blue|\n|teamsize|p1|6\n|teamsize|p2|6\n|gen|9\n|tier|[Gen 9] VGC 2023 Regulation E\n|rule|Species Clause: Limit one of each Pok\u00e9mon\n|rule|Item Clause: Limit one of each item\n|clearpoke\n|poke|p1|Grafaiai, L50, F|\n|poke|p1|Basculegion-F, L50, F|\n|poke|p1|Gastrodon-East, L50, M|\n|poke|p1|Grookey, L50, M|\n|poke|p1|Moltres, L50|\n|poke|p1|Bisharp, L50, F|\n|poke|p2|Kingambit, L50, F|\n|poke|p2|Landorus-Therian, L50, M|\n|poke|p2|Ursaluna-Bloodmoon, L50, M|\n|poke|p2|Dusknoir, L50, F|\n|poke|p2|Munkidori, L50, M|\n|poke|p2|Furret, L50, M|\n|teampreview|4\n|j| Lux2821\n|\n|t:|1700998049\n|start\n|switch|p1a: Grafaiai|Grafaiai, L50, F|100\/100\n|switch|p1b: Basculegion|Basculegion-F, L50, F|100\/100\n|switch|p2a: Ursaluna|Ursaluna-Bloodmoon, L50, M|100\/100\n|switch|p2b: Furret|Furret, L50, M|100\/100\n|-item|p1a: Grafaiai|Covert Cloak|[from] ability: Frisk|[of] p2b: Furret|[identify]\n|-item|p1b: Basculegion|Choice Specs|[from] ability: Frisk|[of] p2b: Furret|[identify]\n|turn|1\n|\n|t:|1700998161\n|move|p2a: Ursaluna|Protect|p2a: Ursaluna\n|-singleturn|p2a: Ursaluna|Protect\n|move|p1a: Grafaiai|Rain Dance|p1a: Grafaiai\n|-weather|RainDance\n|move|p1b: Basculegion|Surf|p2a: Ursaluna|[spread] p1a,p2b\n|-activate|p2a: Ursaluna|move: Protect\n|-damage|p1a: Grafaiai|0 fnt\n|-enditem|p2b: Furret|Focus Sash\n|-damage|p2b: Furret|1\/100\n|faint|p1a: Grafaiai\n|move|p2b: Furret|Knock Off|p1b: Basculegion\n|-supereffective|p1b: Basculegion\n|-damage|p1b: Basculegion|57\/100\n|-enditem|p1b: Basculegion|Choice Specs|[from] move: Knock Off|[of] p2b: Furret\n|\n|-weather|RainDance|[upkeep]\n|upkeep\n|\n|t:|1700998188\n|switch|p1a: Gastrodon|Gastrodon-East, L50, M|100\/100\n|turn|2\n|\n|t:|1700998240\n|-terastallize|p2a: Ursaluna|Normal\n|move|p2b: Furret|Helping Hand|p2a: Ursaluna\n|-singleturn|p2a: Ursaluna|Helping Hand|[of] p2b: Furret\n|move|p1b: Basculegion|Surf|p2a: Ursaluna|[spread] p2a,p2b\n|-ability|p1a: Gastrodon|Storm Drain|boost\n|-boost|p1a: Gastrodon|spa|1\n|-damage|p2a: Ursaluna|51\/100\n|-damage|p2b: Furret|0 fnt\n|faint|p2b: Furret\n|move|p2a: Ursaluna|Hyper Voice|p1a: Gastrodon|[spread] p1a,p1b\n|-damage|p1a: Gastrodon|38\/100\n|-damage|p1b: Basculegion|0 fnt\n|faint|p1b: Basculegion\n|-enditem|p2a: Ursaluna|Throat Spray\n|-boost|p2a: Ursaluna|spa|1|[from] item: Throat Spray\n|move|p1a: Gastrodon|Earth Power|p2a: Ursaluna\n|-damage|p2a: Ursaluna|2\/100\n|\n|-weather|RainDance|[upkeep]\n|upkeep\n|\n|t:|1700998261\n|switch|p2b: Kingambit|Kingambit, L50, F|100\/100\n|switch|p1b: Moltres|Moltres, L50|100\/100\n|turn|3\n|l| Lux2821\n|\n|t:|1700998334\n|move|p1b: Moltres|Protect|p1b: Moltres\n|-singleturn|p1b: Moltres|Protect\n|move|p2a: Ursaluna|Protect|p2a: Ursaluna\n|-singleturn|p2a: Ursaluna|Protect\n|move|p1a: Gastrodon|Protect|p1a: Gastrodon\n|-singleturn|p1a: Gastrodon|Protect\n|move|p2b: Kingambit|Sucker Punch||[still]\n|-fail|p2b: Kingambit\n|\n|-weather|RainDance|[upkeep]\n|upkeep\n|turn|4\n|\n|t:|1700998363\n|switch|p2a: Landorus|Landorus-Therian, L50, M, shiny|100\/100\n|-ability|p2a: Landorus|Intimidate|boost\n|-unboost|p1a: Gastrodon|atk|1\n|-unboost|p1b: Moltres|atk|1\n|move|p1a: Gastrodon|Protect|p1a: Gastrodon\n|-singleturn|p1a: Gastrodon|Protect\n|move|p2b: Kingambit|Sucker Punch||[still]\n|-fail|p2b: Kingambit\n|move|p1b: Moltres|Hurricane|p2a: Landorus\n|-damage|p2a: Landorus|50\/100\n|-start|p2a: Landorus|confusion\n|\n|-weather|RainDance|[upkeep]\n|upkeep\n|turn|5\n|\n|t:|1700998444\n|-terastallize|p1b: Moltres|Grass\n|-activate|p2a: Landorus|confusion\n|move|p2a: Landorus|Rock Slide|p1b: Moltres|[spread] p1a,p1b\n|-resisted|p1a: Gastrodon\n|-damage|p1a: Gastrodon|28\/100\n|-damage|p1b: Moltres|77\/100\n|cant|p1b: Moltres|flinch\n|move|p2b: Kingambit|Kowtow Cleave|p1a: Gastrodon\n|-damage|p1a: Gastrodon|0 fnt\n|faint|p1a: Gastrodon\n|\n|-weather|none\n|-heal|p1b: Moltres|83\/100|[from] item: Leftovers\n|upkeep\n|turn|6\n|\n|t:|1700998466\n|move|p1b: Moltres|Protect|p1b: Moltres\n|-singleturn|p1b: Moltres|Protect\n|-activate|p2a: Landorus|confusion\n|-damage|p2a: Landorus|35\/100|[from] confusion\n|move|p2b: Kingambit|Kowtow Cleave|p1b: Moltres\n|-activate|p1b: Moltres|move: Protect\n|\n|-heal|p1b: Moltres|89\/100|[from] item: Leftovers\n|upkeep\n|turn|7\n|\n|t:|1700998515\n|-activate|p2a: Landorus|confusion\n|move|p2a: Landorus|U-turn|p1b: Moltres\n|-supereffective|p1b: Moltres\n|-damage|p1b: Moltres|28\/100\n|\n|t:|1700998517\n|switch|p2a: Ursaluna|Ursaluna-Bloodmoon, L50, M, tera:Normal|2\/100|[from] U-turn\n|move|p1b: Moltres|Flamethrower|p2b: Kingambit\n|-supereffective|p2b: Kingambit\n|-damage|p2b: Kingambit|0 fnt\n|faint|p2b: Kingambit\n|\n|-heal|p1b: Moltres|34\/100|[from] item: Leftovers\n|upkeep\n|\n|t:|1700998522\n|switch|p2b: Landorus|Landorus-Therian, L50, M, shiny|35\/100\n|-ability|p2b: Landorus|Intimidate|boost\n|-unboost|p1b: Moltres|atk|1\n|turn|8\n|c|\u2606LiluziHit|gg\n|\n|t:|1700998529\n|move|p1b: Moltres|Protect|p1b: Moltres\n|-singleturn|p1b: Moltres|Protect\n|move|p2b: Landorus|U-turn|p1b: Moltres\n|-activate|p1b: Moltres|move: Protect\n|move|p2a: Ursaluna|Hyper Voice|p1b: Moltres\n|-activate|p1b: Moltres|move: Protect\n|\n|-heal|p1b: Moltres|40\/100|[from] item: Leftovers\n|upkeep\n|turn|9\n|c|\u2606Jstardude|gg\n|\n|t:|1700998536\n|move|p2b: Landorus|U-turn|p1b: Moltres\n|-supereffective|p1b: Moltres\n|-damage|p1b: Moltres|0 fnt\n|faint|p1b: Moltres\n|\n|win|LiluziHit\n","uploadtime":1700998563,"views":29,"p1id":"jstardude","p2id":"liluzihit","formatid":"gen9vgc2023regulatione","rating":0,"private":0,"password":""}