{"id":"gen9vgc2023regulatione-1998380657","p1":"AndrwApple","p2":"iPetBigfoot","format":"[Gen 9] VGC 2023 Regulation E","log":"|j|\u2606AndrwApple\n|j|\u2606iPetBigfoot\n|n|\u2606AndrwApple|andrwapple\n|n|\u2606iPetBigfoot|ipetbigfoot\n|html|View the match progress at <a href=\"\/game-bestof3-gen9vgc2023regulatione-1998377638\">game-bestof3-gen9vgc2023regulatione-1998377638<\/a>\n|t:|1700935893\n|gametype|doubles\n|player|p1|AndrwApple|sonia-masters|\n|player|p2|iPetBigfoot|carmine-festival|\n|teamsize|p1|6\n|teamsize|p2|6\n|gen|9\n|tier|[Gen 9] VGC 2023 Regulation E\n|rule|Species Clause: Limit one of each Pok\u00e9mon\n|rule|Item Clause: Limit one of each item\n|clearpoke\n|poke|p1|Tornadus, L50, M|\n|poke|p1|Urshifu-*, L50, M|\n|poke|p1|Arcanine-Hisui, L50, M|\n|poke|p1|Iron Hands, L50|\n|poke|p1|Amoonguss, L50, F|\n|poke|p1|Gholdengo, L50|\n|poke|p2|Heatran, L50, M|\n|poke|p2|Landorus-Therian, L50, M|\n|poke|p2|Amoonguss, L50, M|\n|poke|p2|Iron Hands, L50|\n|poke|p2|Urshifu-*, L50, M|\n|poke|p2|Chien-Pao, L50|\n|teampreview|4\nAndrwApple rejected open team sheets.\n|c|\u2606AndrwApple|But i'm not done yet\n|\n|t:|1700935933\n|start\n|switch|p1a: Tornadus|Tornadus, L50, M|100\/100\n|switch|p1b: Urshifu|Urshifu-Rapid-Strike, L50, M|100\/100\n|switch|p2a: Iron Hands|Iron Hands, L50|100\/100\n|switch|p2b: Urshifu|Urshifu-Rapid-Strike, L50, M|100\/100\n|turn|1\n|\n|t:|1700935952\n|switch|p2b: Amoonguss|Amoonguss, L50, M|100\/100\n|-terastallize|p1b: Urshifu|Grass\n|move|p1b: Urshifu|Drain Punch|p2b: Amoonguss\n|-resisted|p2b: Amoonguss\n|-damage|p2b: Amoonguss|85\/100\n|move|p1a: Tornadus|U-turn|p1b: Urshifu\n|-supereffective|p1b: Urshifu\n|-damage|p1b: Urshifu|71\/100\n|-enditem|p1b: Urshifu|Weakness Policy\n|-boost|p1b: Urshifu|atk|2|[from] item: Weakness Policy\n|-boost|p1b: Urshifu|spa|2|[from] item: Weakness Policy\n|\n|t:|1700935955\n|switch|p1a: Amoonguss|Amoonguss, L50, F|100\/100|[from] U-turn\n|move|p2a: Iron Hands|Wild Charge|p1a: Amoonguss\n|-resisted|p1a: Amoonguss\n|-damage|p1a: Amoonguss|83\/100\n|-damage|p2a: Iron Hands|96\/100|[from] Recoil\n|\n|upkeep\n|turn|2\n|c|\u2606iPetBigfoot|LMAO\n|c|\u2606iPetBigfoot|WTF\n|c|\u2606iPetBigfoot|WTF\n|c|\u2606AndrwApple|FEEL THE CHEESE\n|\n|t:|1700935987\n|-terastallize|p2a: Iron Hands|Grass\n|move|p1b: Urshifu|Surging Strikes|p2a: Iron Hands\n|-resisted|p2a: Iron Hands\n|-crit|p2a: Iron Hands\n|-damage|p2a: Iron Hands|80\/100\n|-resisted|p2a: Iron Hands\n|-crit|p2a: Iron Hands\n|-damage|p2a: Iron Hands|66\/100\n|-resisted|p2a: Iron Hands\n|-crit|p2a: Iron Hands\n|-damage|p2a: Iron Hands|50\/100\n|-hitcount|p2a: Iron Hands|3\n|move|p2a: Iron Hands|Drain Punch|p1b: Urshifu\n|-damage|p1b: Urshifu|26\/100\n|-heal|p2a: Iron Hands|68\/100|[from] drain|[of] p1b: Urshifu\n|move|p2b: Amoonguss|Pollen Puff|p1b: Urshifu\n|-supereffective|p1b: Urshifu\n|-damage|p1b: Urshifu|0 fnt\n|faint|p1b: Urshifu\n|move|p1a: Amoonguss|Pollen Puff|p1: Urshifu|[notarget]\n|-fail|p1a: Amoonguss\n|\n|upkeep\n|\n|t:|1700935990\n|switch|p1b: Iron Hands|Iron Hands, L50|100\/100\n|turn|3\n|c|\u2606AndrwApple|Fucj\n|\n|t:|1700936004\n|-end|p2a: Iron Hands|Quark Drive|[silent]\n|switch|p2a: Urshifu|Urshifu-Rapid-Strike, L50, M|100\/100\n|move|p1b: Iron Hands|Protect|p1b: Iron Hands\n|-singleturn|p1b: Iron Hands|Protect\n|move|p1a: Amoonguss|Spore|p2a: Urshifu\n|-status|p2a: Urshifu|slp|[from] move: Spore\n|move|p2b: Amoonguss|Spore|p1b: Iron Hands\n|-activate|p1b: Iron Hands|move: Protect\n|\n|upkeep\n|turn|4\n|\n|t:|1700936046\n|switch|p1a: Tornadus|Tornadus, L50, M|100\/100\n|cant|p2a: Urshifu|slp\n|move|p1b: Iron Hands|Iron Defense|p1b: Iron Hands\n|-boost|p1b: Iron Hands|def|2\n|move|p2b: Amoonguss|Spore|p1b: Iron Hands\n|-status|p1b: Iron Hands|slp|[from] move: Spore\n|\n|upkeep\n|turn|5\n|\n|t:|1700936057\n|cant|p2a: Urshifu|slp\n|move|p1a: Tornadus|Bleakwind Storm|p2a: Urshifu|[spread] p2a,p2b\n|-supereffective|p2a: Urshifu\n|-supereffective|p2b: Amoonguss\n|-damage|p2a: Urshifu|19\/100 slp\n|-damage|p2b: Amoonguss|19\/100\n|-unboost|p2a: Urshifu|spe|1\n|-enditem|p2b: Amoonguss|Sitrus Berry|[eat]\n|-heal|p2b: Amoonguss|44\/100|[from] item: Sitrus Berry\n|cant|p1b: Iron Hands|slp\n|move|p2b: Amoonguss|Spore|p1a: Tornadus\n|-status|p1a: Tornadus|slp|[from] move: Spore\n|\n|upkeep\n|turn|6\n|\n|t:|1700936070\n|switch|p1a: Amoonguss|Amoonguss, L50, F|83\/100\n|cant|p2a: Urshifu|slp\n|-curestatus|p1b: Iron Hands|slp|[msg]\n|move|p1b: Iron Hands|Iron Defense|p1b: Iron Hands\n|-boost|p1b: Iron Hands|def|2\n|move|p2b: Amoonguss|Pollen Puff|p2a: Urshifu\n|-heal|p2a: Urshifu|68\/100 slp\n|\n|upkeep\n|turn|7\n|c|\u2606iPetBigfoot|BROOOOOO\n|\n|t:|1700936082\n|switch|p2b: Iron Hands|Iron Hands, L50, tera:Grass|68\/100\n|-curestatus|p2a: Urshifu|slp|[msg]\n|move|p2a: Urshifu|Protect|p2a: Urshifu\n|-singleturn|p2a: Urshifu|Protect\n|move|p1b: Iron Hands|Body Press|p2a: Urshifu\n|-activate|p2a: Urshifu|move: Protect\n|move|p1a: Amoonguss|Spore|p2a: Urshifu\n|-activate|p2a: Urshifu|move: Protect\n|\n|upkeep\n|turn|8\n|\n|t:|1700936097\n|move|p2b: Iron Hands|Fake Out|p1b: Iron Hands\n|-damage|p1b: Iron Hands|97\/100\n|move|p2a: Urshifu|Surging Strikes|p1b: Iron Hands\n|-crit|p1b: Iron Hands\n|-damage|p1b: Iron Hands|82\/100\n|-crit|p1b: Iron Hands\n|-damage|p1b: Iron Hands|69\/100\n|-crit|p1b: Iron Hands\n|-damage|p1b: Iron Hands|54\/100\n|-hitcount|p1b: Iron Hands|3\n|cant|p1b: Iron Hands|flinch\n|move|p1a: Amoonguss|Spore|p2a: Urshifu\n|-status|p2a: Urshifu|slp|[from] move: Spore\n|\n|-heal|p1b: Iron Hands|60\/100|[from] item: Leftovers\n|upkeep\n|turn|9\n|\n|t:|1700936112\n|-end|p2b: Iron Hands|Quark Drive|[silent]\n|switch|p2b: Amoonguss|Amoonguss, L50, M|77\/100\n|cant|p2a: Urshifu|slp\n|move|p1b: Iron Hands|Body Press|p2a: Urshifu\n|-damage|p2a: Urshifu|0 fnt\n|faint|p2a: Urshifu\n|move|p1a: Amoonguss|Pollen Puff|p1b: Iron Hands\n|-heal|p1b: Iron Hands|100\/100\n|\n|upkeep\n|\n|t:|1700936114\n|switch|p2a: Iron Hands|Iron Hands, L50, tera:Grass|68\/100\n|turn|10\n|\n|t:|1700936129\n|move|p2a: Iron Hands|Fake Out|p1a: Amoonguss\n|-damage|p1a: Amoonguss|71\/100\n|cant|p1a: Amoonguss|flinch\n|move|p1b: Iron Hands|Iron Defense|p1b: Iron Hands\n|-boost|p1b: Iron Hands|def|2\n|move|p2b: Amoonguss|Pollen Puff|p2a: Iron Hands\n|-heal|p2a: Iron Hands|100\/100\n|\n|upkeep\n|turn|11\n|\n|t:|1700936142\n|switch|p1a: Tornadus|Tornadus, L50, M|100\/100 slp\n|move|p1b: Iron Hands|Protect|p1b: Iron Hands\n|-singleturn|p1b: Iron Hands|Protect\n|move|p2a: Iron Hands|Drain Punch|p1b: Iron Hands\n|-activate|p1b: Iron Hands|move: Protect\n|move|p2b: Amoonguss|Spore|p1b: Iron Hands\n|-activate|p1b: Iron Hands|move: Protect\n|\n|upkeep\n|turn|12\n|\n|t:|1700936153\n|cant|p1a: Tornadus|slp\n|move|p2a: Iron Hands|Wild Charge|p1a: Tornadus\n|-supereffective|p1a: Tornadus\n|-damage|p1a: Tornadus|7\/100 slp\n|-damage|p2a: Iron Hands|81\/100|[from] Recoil\n|move|p1b: Iron Hands|Body Press|p2a: Iron Hands\n|-damage|p2a: Iron Hands|0 fnt\n|faint|p2a: Iron Hands\n|-end|p2a: Iron Hands|Quark Drive|[silent]\n|move|p2b: Amoonguss|Spore|p1b: Iron Hands\n|-status|p1b: Iron Hands|slp|[from] move: Spore\n|\n|upkeep\n|\n|t:|1700936160\n|switch|p2a: Chien-Pao|Chien-Pao, L50|100\/100\n|-ability|p2a: Chien-Pao|Sword of Ruin\n|turn|13\n|\n|t:|1700936187\n|move|p2a: Chien-Pao|Icicle Crash|p1b: Iron Hands\n|-damage|p1b: Iron Hands|92\/100 slp\n|-curestatus|p1a: Tornadus|slp|[msg]\n|move|p1a: Tornadus|Bleakwind Storm|p2b: Amoonguss|[spread] p2a\n|-miss|p1a: Tornadus|p2b: Amoonguss\n|-damage|p2a: Chien-Pao|41\/100\n|cant|p1b: Iron Hands|slp\n|move|p2b: Amoonguss|Pollen Puff|p1a: Tornadus\n|-resisted|p1a: Tornadus\n|-damage|p1a: Tornadus|0 fnt\n|faint|p1a: Tornadus\n|\n|-heal|p1b: Iron Hands|98\/100 slp|[from] item: Leftovers\n|upkeep\n|\n|t:|1700936194\n|switch|p1a: Amoonguss|Amoonguss, L50, F|71\/100\n|turn|14\n|\n|t:|1700936201\n|move|p2a: Chien-Pao|Icicle Crash|p1a: Amoonguss\n|-supereffective|p1a: Amoonguss\n|-damage|p1a: Amoonguss|0 fnt\n|faint|p1a: Amoonguss\n|cant|p1b: Iron Hands|slp\n|move|p2b: Amoonguss|Pollen Puff|p2a: Chien-Pao\n|-heal|p2a: Chien-Pao|91\/100\n|\n|-heal|p1b: Iron Hands|100\/100 slp|[from] item: Leftovers\n|upkeep\n|turn|15\n|\n|t:|1700936213\n|move|p2a: Chien-Pao|Protect|p2a: Chien-Pao\n|-singleturn|p2a: Chien-Pao|Protect\n|move|p2b: Amoonguss|Protect|p2b: Amoonguss\n|-singleturn|p2b: Amoonguss|Protect\n|cant|p1b: Iron Hands|slp\n|\n|upkeep\n|turn|16\n|\n|t:|1700936219\n|move|p2b: Amoonguss|Rage Powder|p2b: Amoonguss\n|-singleturn|p2b: Amoonguss|move: Rage Powder\n|move|p2a: Chien-Pao|Icicle Crash|p1b: Iron Hands\n|-damage|p1b: Iron Hands|92\/100 slp\n|-curestatus|p1b: Iron Hands|slp|[msg]\n|move|p1b: Iron Hands|Body Press|p2b: Amoonguss\n|-resisted|p2b: Amoonguss\n|-damage|p2b: Amoonguss|13\/100\n|\n|-heal|p1b: Iron Hands|98\/100|[from] item: Leftovers\n|upkeep\n|turn|17\n|\n|t:|1700936230\n|move|p2a: Chien-Pao|Icicle Crash|p1b: Iron Hands\n|-damage|p1b: Iron Hands|89\/100\n|cant|p1b: Iron Hands|flinch\n|move|p2b: Amoonguss|Spore|p1b: Iron Hands\n|-status|p1b: Iron Hands|slp|[from] move: Spore\n|\n|-heal|p1b: Iron Hands|95\/100 slp|[from] item: Leftovers\n|upkeep\n|turn|18\n|\n|t:|1700936236\n|move|p2a: Chien-Pao|Icicle Crash|p1b: Iron Hands\n|-damage|p1b: Iron Hands|87\/100 slp\n|cant|p1b: Iron Hands|slp\n|move|p2b: Amoonguss|Pollen Puff|p2a: Chien-Pao\n|-heal|p2a: Chien-Pao|100\/100\n|\n|-heal|p1b: Iron Hands|93\/100 slp|[from] item: Leftovers\n|upkeep\n|turn|19\n|\n|t:|1700936243\n|move|p2a: Chien-Pao|Icicle Crash|p1b: Iron Hands\n|-damage|p1b: Iron Hands|85\/100 slp\n|-curestatus|p1b: Iron Hands|slp|[msg]\n|move|p1b: Iron Hands|Body Press|p2b: Amoonguss\n|-resisted|p2b: Amoonguss\n|-damage|p2b: Amoonguss|0 fnt\n|faint|p2b: Amoonguss\n|\n|-heal|p1b: Iron Hands|91\/100|[from] item: Leftovers\n|upkeep\n|turn|20\n|\n|t:|1700936248\n|move|p1b: Iron Hands|Protect|p1b: Iron Hands\n|-singleturn|p1b: Iron Hands|Protect\n|move|p2a: Chien-Pao|Icicle Crash|p1b: Iron Hands\n|-activate|p1b: Iron Hands|move: Protect\n|\n|-heal|p1b: Iron Hands|97\/100|[from] item: Leftovers\n|upkeep\n|turn|21\n|\n|t:|1700936253\n|move|p2a: Chien-Pao|Icicle Crash|p1b: Iron Hands\n|-damage|p1b: Iron Hands|88\/100\n|move|p1b: Iron Hands|Body Press|p2a: Chien-Pao\n|-supereffective|p2a: Chien-Pao\n|-enditem|p2a: Chien-Pao|Focus Sash\n|-damage|p2a: Chien-Pao|1\/100\n|\n|-heal|p1b: Iron Hands|94\/100|[from] item: Leftovers\n|upkeep\n|turn|22\n|\n|t:|1700936258\n|move|p2a: Chien-Pao|Icicle Crash|p1b: Iron Hands|[miss]\n|-miss|p2a: Chien-Pao|p1b: Iron Hands\n|move|p1b: Iron Hands|Heavy Slam|p2a: Chien-Pao\n|-supereffective|p2a: Chien-Pao\n|-damage|p2a: Chien-Pao|0 fnt\n|faint|p2a: Chien-Pao\n|\n|win|AndrwApple\n|l|\u2606iPetBigfoot\n|l|\u2606AndrwApple\n|j|\u2606AndrwApple\n|player|p1|AndrwApple|sonia-masters\n|l|\u2606AndrwApple\n|player|p1|\n|j|\u2606AndrwApple\n|player|p1|AndrwApple|sonia-masters\n","uploadtime":1700936738,"views":16,"p1id":"andrwapple","p2id":"ipetbigfoot","formatid":"gen9vgc2023regulatione","rating":0,"private":0,"password":""}