{"id":"gen9vgc2023regulatione-1993727204","p1":"fotbollssnaps","p2":"casper6_14","format":"[Gen 9] VGC 2023 Regulation E","log":"|j|\u2606fotbollssnaps\n|j|\u2606casper6_14\n|t:|1700350100\n|gametype|doubles\n|player|p1|fotbollssnaps|1|1148\n|player|p2|casper6_14|1|1214\n|teamsize|p1|6\n|teamsize|p2|6\n|gen|9\n|tier|[Gen 9] VGC 2023 Regulation E\n|rated|\n|rule|Species Clause: Limit one of each Pok\u00e9mon\n|rule|Item Clause: Limit one of each item\n|clearpoke\n|poke|p1|Arcanine-Hisui, L50, F|\n|poke|p1|Tornadus, L50, M|\n|poke|p1|Farigiraf, L50, M|\n|poke|p1|Iron Hands, L50|\n|poke|p1|Flutter Mane, L50|\n|poke|p1|Chi-Yu, L50|\n|poke|p2|Gholdengo, L50|\n|poke|p2|Perrserker, L50, F|\n|poke|p2|Indeedee-F, L50, F|\n|poke|p2|Armarouge, L50, M|\n|poke|p2|Ninetales-Alola, L50, F|\n|poke|p2|Baxcalibur, L50, F|\n|teampreview|4\n|c|\u2606casper6_14|oof chi yu FUCKS this team up\ud83d\ude2d\n|\n|t:|1700350164\n|start\n|switch|p1a: Tornadus|Tornadus, L50, M|100\/100\n|switch|p1b: Flutter Mane|Flutter Mane, L50|100\/100\n|switch|p2a: Indeedee|Indeedee-F, L50, F|100\/100\n|switch|p2b: Armarouge|Armarouge, L50, M|100\/100\n|-fieldstart|move: Psychic Terrain|[from] ability: Psychic Surge|[of] p2a: Indeedee\n|-enditem|p2a: Indeedee|Psychic Seed\n|-boost|p2a: Indeedee|spd|1|[from] item: Psychic Seed\n|-enditem|p1b: Flutter Mane|Booster Energy\n|-activate|p1b: Flutter Mane|ability: Protosynthesis|[fromitem]\n|-start|p1b: Flutter Mane|protosynthesisspa\n|turn|1\n|inactive|Battle timer is ON: inactive players will automatically lose when time's up. (requested by casper6_14)\n|\n|t:|1700350193\n|-end|p1b: Flutter Mane|Protosynthesis|[silent]\n|switch|p1b: Iron Hands|Iron Hands, L50|100\/100\n|move|p2a: Indeedee|Follow Me|p2a: Indeedee\n|-singleturn|p2a: Indeedee|move: Follow Me\n|move|p1a: Tornadus|Taunt|p2a: Indeedee\n|-activate|p2a: Indeedee|move: Psychic Terrain\n|move|p2b: Armarouge|Trick Room|p2b: Armarouge\n|-fieldstart|move: Trick Room|[of] p2b: Armarouge\n|\n|upkeep\n|turn|2\n|\n|t:|1700350217\n|-terastallize|p1b: Iron Hands|Water\n|-terastallize|p2b: Armarouge|Psychic\n|move|p2a: Indeedee|Helping Hand|p2b: Armarouge\n|-singleturn|p2b: Armarouge|Helping Hand|[of] p2a: Indeedee\n|move|p1b: Iron Hands|Wild Charge|p2b: Armarouge\n|-damage|p2b: Armarouge|50\/100\n|-damage|p1b: Iron Hands|90\/100|[from] Recoil\n|move|p2b: Armarouge|Expanding Force|p1a: Tornadus|[spread] p1a,p1b\n|-damage|p1a: Tornadus|5\/100\n|-damage|p1b: Iron Hands|24\/100\n|move|p1a: Tornadus|Bleakwind Storm|p2b: Armarouge|[spread] p2a,p2b\n|-damage|p2a: Indeedee|78\/100\n|-damage|p2b: Armarouge|17\/100\n|\n|upkeep\n|turn|3\n|\n|t:|1700350241\n|switch|p1a: Chi-Yu|Chi-Yu, L50|100\/100\n|-ability|p1a: Chi-Yu|Beads of Ruin\n|move|p2a: Indeedee|Follow Me|p2a: Indeedee\n|-singleturn|p2a: Indeedee|move: Follow Me\n|move|p1b: Iron Hands|Volt Switch|p2a: Indeedee\n|-damage|p2a: Indeedee|67\/100\n|\n|t:|1700350256\n|-end|p1b: Iron Hands|Quark Drive|[silent]\n|switch|p1b: Tornadus|Tornadus, L50, M|5\/100|[from] Volt Switch\n|move|p2b: Armarouge|Expanding Force|p1a: Chi-Yu|[spread] p1b\n|-immune|p1a: Chi-Yu\n|-damage|p1b: Tornadus|0 fnt\n|faint|p1b: Tornadus\n|\n|upkeep\n|l|\u2606casper6_14\n|inactive|casper6_14 disconnected and has a minute to reconnect!\n|player|p2|\n|\n|t:|1700350271\n|switch|p1b: Iron Hands|Iron Hands, L50, tera:Water|24\/100\n|turn|4\n|j|\u2606casper6_14\n|inactive|casper6_14 reconnected and has 55 seconds left.\n|player|p2|casper6_14|1\n|inactive|fotbollssnaps has 30 seconds left.\n|l|\u2606casper6_14\n|inactive|casper6_14 disconnected and has a minute to reconnect!\n|player|p2|\n|j|\u2606casper6_14\n|inactive|casper6_14 reconnected.\n|player|p2|casper6_14|1\n|inactive|fotbollssnaps has 20 seconds left.\n|\n|t:|1700350308\n|move|p2b: Armarouge|Protect|p2b: Armarouge\n|-singleturn|p2b: Armarouge|Protect\n|move|p1a: Chi-Yu|Protect|p1a: Chi-Yu\n|-singleturn|p1a: Chi-Yu|Protect\n|move|p1b: Iron Hands|Wild Charge|p2b: Armarouge\n|-activate|p2b: Armarouge|move: Protect\n|move|p2a: Indeedee|Dazzling Gleam|p1b: Iron Hands|[spread] p1b\n|-activate|p1a: Chi-Yu|move: Protect\n|-damage|p1b: Iron Hands|11\/100\n|\n|upkeep\n|turn|5\n|\n|t:|1700350329\n|switch|p1a: Flutter Mane|Flutter Mane, L50|100\/100\n|move|p2b: Armarouge|Protect|p2b: Armarouge\n|-singleturn|p2b: Armarouge|Protect\n|move|p1b: Iron Hands|Wild Charge|p2b: Armarouge\n|-activate|p2b: Armarouge|move: Protect\n|move|p2a: Indeedee|Dazzling Gleam|p1b: Iron Hands|[spread] p1a,p1b\n|-damage|p1a: Flutter Mane|84\/100\n|-damage|p1b: Iron Hands|2\/100\n|\n|-fieldend|move: Trick Room\n|-fieldend|move: Psychic Terrain\n|upkeep\n|turn|6\n|inactive|casper6_14 has 30 seconds left.\n|\n|t:|1700350361\n|move|p1a: Flutter Mane|Dazzling Gleam|p2b: Armarouge|[spread] p2a,p2b\n|-damage|p2a: Indeedee|41\/100\n|-damage|p2b: Armarouge|0 fnt\n|faint|p2b: Armarouge\n|move|p1b: Iron Hands|Drain Punch|p2a: Indeedee\n|-damage|p2a: Indeedee|0 fnt\n|-heal|p1b: Iron Hands|18\/100|[from] drain|[of] p2a: Indeedee\n|faint|p2a: Indeedee\n|\n|upkeep\n|\n|t:|1700350368\n|switch|p2a: Gholdengo|Gholdengo, L50|100\/100\n|switch|p2b: Perrserker|Perrserker, L50, F|100\/100\n|turn|7\n|\n|t:|1700350380\n|move|p1a: Flutter Mane|Protect|p1a: Flutter Mane\n|-singleturn|p1a: Flutter Mane|Protect\n|move|p2b: Perrserker|Fake Out|p1b: Iron Hands\n|-damage|p1b: Iron Hands|7\/100\n|move|p2a: Gholdengo|Make It Rain|p1a: Flutter Mane|[spread] p1b\n|-activate|p1a: Flutter Mane|move: Protect\n|-resisted|p1b: Iron Hands\n|-damage|p1b: Iron Hands|0 fnt\n|-unboost|p2a: Gholdengo|spa|1\n|faint|p1b: Iron Hands\n|-end|p1b: Iron Hands|Quark Drive|[silent]\n|\n|upkeep\n|\n|t:|1700350388\n|switch|p1b: Chi-Yu|Chi-Yu, L50|100\/100\n|-ability|p1b: Chi-Yu|Beads of Ruin\n|turn|8\n|\n|t:|1700350395\n|move|p1a: Flutter Mane|Shadow Ball|p2a: Gholdengo\n|-supereffective|p2a: Gholdengo\n|-damage|p2a: Gholdengo|0 fnt\n|faint|p2a: Gholdengo\n|move|p1b: Chi-Yu|Heat Wave|p2b: Perrserker\n|-supereffective|p2b: Perrserker\n|-crit|p2b: Perrserker\n|-damage|p2b: Perrserker|0 fnt\n|faint|p2b: Perrserker\n|\n|win|fotbollssnaps\n|raw|fotbollssnaps's rating: 1148 &rarr; <strong>1178<\/strong><br \/>(+30 for winning)\n|raw|casper6_14's rating: 1214 &rarr; <strong>1184<\/strong><br \/>(-30 for losing)\n","uploadtime":1700350141,"views":10,"p1id":"fotbollssnaps","p2id":"casper614","formatid":"gen9vgc2023regulatione","rating":1178,"private":0,"password":""}