{"id":"gen9vgc2023regulatione-1993161425","p1":"LMagician","p2":"kn17","format":"[Gen 9] VGC 2023 Regulation E","log":"|j|\u2606LMagician\n|j|\u2606kn17\n|n|\u2606LMagician|lmagician\n|n|\u2606kn17|kn17\n|html|View the match progress at <a href=\"\/game-bestof3-gen9vgc2023regulatione-1993157479\">game-bestof3-gen9vgc2023regulatione-1993157479<\/a>\n|t:|1700272234\n|gametype|doubles\n|player|p1|LMagician|steven|\n|player|p2|kn17|veteran|\n|teamsize|p1|6\n|teamsize|p2|6\n|gen|9\n|tier|[Gen 9] VGC 2023 Regulation E\n|rule|Species Clause: Limit one of each Pok\u00e9mon\n|rule|Item Clause: Limit one of each item\n|clearpoke\n|poke|p1|Tornadus, L50, M|\n|poke|p1|Flutter Mane, L50|\n|poke|p1|Landorus-Therian, L50, M|\n|poke|p1|Heatran, L50, F|\n|poke|p1|Roaring Moon, L50|\n|poke|p1|Ogerpon-Wellspring, L50, F|\n|poke|p2|Roaring Moon, L50|\n|poke|p2|Flutter Mane, L50|\n|poke|p2|Iron Hands, L50|\n|poke|p2|Amoonguss, L50, F|\n|poke|p2|Arcanine-Hisui, L50, M|\n|poke|p2|Ursaluna-Bloodmoon, L50, M|\n|teampreview|4\nLMagician has agreed to open team sheets.\n|c|\u2606kn17|ready\nkn17 has agreed to open team sheets.\n|showteam|p1|Tornadus||CovertCloak|Prankster|Tailwind,BleakwindStorm,SunnyDay,RainDance|||M|||50|,,,,,Dragon]Flutter Mane||ChoiceSpecs|Protosynthesis|Moonblast,ShadowBall,DazzlingGleam,TrickRoom||||||50|,,,,,Fairy]Landorus-Therian||ChoiceScarf|Intimidate|StompingTantrum,TeraBlast,RockSlide,Uturn|||M|||50|,,,,,Flying]Heatran||LifeOrb|FlashFire|HeatWave,FlashCannon,Protect,EarthPower|||F|||50|,,,,,Grass]Roaring Moon||BoosterEnergy|Protosynthesis|Acrobatics,KnockOff,Protect,DragonDance||||||50|,,,,,Flying]Ogerpon-Wellspring||WellspringMask|WaterAbsorb|IvyCudgel,WoodHammer,SpikyShield,FollowMe|||F|||50|,,,,,Water\n|showteam|p2|Roaring Moon||BoosterEnergy|Protosynthesis|Acrobatics,KnockOff,Tailwind,Protect||||||50|,,,,,Flying]Flutter Mane||ChoiceSpecs|Protosynthesis|DazzlingGleam,ShadowBall,Moonblast,Thunderbolt||||||50|,,,,,Fairy]Iron Hands||AssaultVest|QuarkDrive|DrainPunch,WildCharge,HeavySlam,FakeOut||||||50|,,,,,Water]Amoonguss||RockyHelmet|Regenerator|Spore,RagePowder,PollenPuff,Protect|||F|||50|,,,,,Water]Arcanine-Hisui||SitrusBerry|Intimidate|Protect,FlareBlitz,RockSlide,WillOWisp|||M|||50|,,,,,Flying]Ursaluna-Bloodmoon||SilkScarf|MindsEye|BloodMoon,HyperVoice,EarthPower,Protect|||M|||50|,,,,,Fairy\n|j| FenrirZzz\n|c|\u2606LMagician|ready\n|\n|t:|1700272354\n|start\n|switch|p1a: Ogerpon|Ogerpon-Wellspring, L50, F|100\/100\n|switch|p1b: Roaring Moon|Roaring Moon, L50|100\/100\n|switch|p2a: Amoonguss|Amoonguss, L50, F|100\/100\n|switch|p2b: Roaring Moon|Roaring Moon, L50|100\/100\n|-enditem|p2b: Roaring Moon|Booster Energy\n|-activate|p2b: Roaring Moon|ability: Protosynthesis|[fromitem]\n|-start|p2b: Roaring Moon|protosynthesisspe\n|-enditem|p1b: Roaring Moon|Booster Energy\n|-activate|p1b: Roaring Moon|ability: Protosynthesis|[fromitem]\n|-start|p1b: Roaring Moon|protosynthesisatk\n|turn|1\n|\n|t:|1700272422\n|move|p1a: Ogerpon|Spiky Shield|p1a: Ogerpon\n|-singleturn|p1a: Ogerpon|move: Protect\n|move|p2b: Roaring Moon|Acrobatics|p1b: Roaring Moon\n|-damage|p1b: Roaring Moon|49\/100\n|move|p1b: Roaring Moon|Dragon Dance|p1b: Roaring Moon\n|-boost|p1b: Roaring Moon|atk|1\n|-boost|p1b: Roaring Moon|spe|1\n|move|p2a: Amoonguss|Pollen Puff|p2b: Roaring Moon\n|-immune|p2b: Roaring Moon\n|\n|upkeep\n|turn|2\n|inactive|Battle timer is ON: inactive players will automatically lose when time's up. (requested by LMagician)\n|\n|t:|1700272477\n|switch|p1a: Landorus|Landorus-Therian, L50, M|100\/100\n|-ability|p1a: Landorus|Intimidate|boost\n|-unboost|p2a: Amoonguss|atk|1\n|-unboost|p2b: Roaring Moon|atk|1\n|-terastallize|p1b: Roaring Moon|Flying\n|move|p2b: Roaring Moon|Protect|p2b: Roaring Moon\n|-singleturn|p2b: Roaring Moon|Protect\n|move|p1b: Roaring Moon|Acrobatics|p2b: Roaring Moon\n|-activate|p2b: Roaring Moon|move: Protect\n|move|p2a: Amoonguss|Spore|p1b: Roaring Moon\n|-status|p1b: Roaring Moon|slp|[from] move: Spore\n|\n|upkeep\n|turn|3\n|inactive|kn17 has 30 seconds left.\n|inactive|kn17 has 20 seconds left.\n|inactive|kn17 has 15 seconds left.\n|inactive|kn17 has 10 seconds left.\n|inactive|kn17 has 5 seconds left.\n|\n|t:|1700272532\n|move|p2b: Roaring Moon|Acrobatics|p1b: Roaring Moon\n|-damage|p1b: Roaring Moon|20\/100 slp\n|cant|p1b: Roaring Moon|slp\n|move|p1a: Landorus|Rock Slide|p2a: Amoonguss|[spread] p2a,p2b\n|-damage|p2a: Amoonguss|85\/100\n|-damage|p2b: Roaring Moon|76\/100\n|move|p2a: Amoonguss|Spore|p1b: Roaring Moon\n|-fail|p1b: Roaring Moon|slp\n|\n|upkeep\n|turn|4\n|\n|t:|1700272554\n|move|p2b: Roaring Moon|Acrobatics|p1b: Roaring Moon\n|-damage|p1b: Roaring Moon|0 fnt\n|faint|p1b: Roaring Moon\n|-end|p1b: Roaring Moon|Protosynthesis|[silent]\n|move|p1a: Landorus|Rock Slide|p2b: Roaring Moon|[spread] p2a,p2b\n|-damage|p2a: Amoonguss|69\/100\n|-damage|p2b: Roaring Moon|52\/100\n|move|p2a: Amoonguss|Spore|p1a: Landorus\n|-status|p1a: Landorus|slp|[from] move: Spore\n|\n|upkeep\n|\n|t:|1700272570\n|switch|p1b: Flutter Mane|Flutter Mane, L50|100\/100\n|turn|5\n|\n|t:|1700272584\n|move|p2b: Roaring Moon|Protect|p2b: Roaring Moon\n|-singleturn|p2b: Roaring Moon|Protect\n|cant|p1a: Landorus|slp\n|move|p1b: Flutter Mane|Shadow Ball|p2a: Amoonguss\n|-damage|p2a: Amoonguss|22\/100\n|move|p2a: Amoonguss|Spore|p1b: Flutter Mane\n|-status|p1b: Flutter Mane|slp|[from] move: Spore\n|\n|upkeep\n|turn|6\n|inactive|kn17 has 30 seconds left.\n|\n|t:|1700272615\n|switch|p2a: Ursaluna|Ursaluna-Bloodmoon, L50, M|100\/100\n|move|p2b: Roaring Moon|Knock Off|p1b: Flutter Mane\n|-damage|p1b: Flutter Mane|48\/100 slp\n|-enditem|p1b: Flutter Mane|Choice Specs|[from] move: Knock Off|[of] p2b: Roaring Moon\n|cant|p1a: Landorus|slp\n|cant|p1b: Flutter Mane|slp\n|\n|upkeep\n|turn|7\n|inactive|kn17 has 30 seconds left.\n|inactive|kn17 has 20 seconds left.\n|inactive|kn17 has 15 seconds left.\n|j| Tampico11\n|\n|t:|1700272657\n|move|p2b: Roaring Moon|Protect|p2b: Roaring Moon\n|-singleturn|p2b: Roaring Moon|Protect\n|-curestatus|p1a: Landorus|slp|[msg]\n|move|p1a: Landorus|Rock Slide|p2a: Ursaluna|[spread] p2a\n|-activate|p2b: Roaring Moon|move: Protect\n|-resisted|p2a: Ursaluna\n|-damage|p2a: Ursaluna|94\/100\n|-curestatus|p1b: Flutter Mane|slp|[msg]\n|move|p1b: Flutter Mane|Dazzling Gleam|p2a: Ursaluna|[spread] p2a\n|-activate|p2b: Roaring Moon|move: Protect\n|-damage|p2a: Ursaluna|60\/100\n|move|p2a: Ursaluna|Earth Power|p1b: Flutter Mane\n|-damage|p1b: Flutter Mane|0 fnt\n|faint|p1b: Flutter Mane\n|-end|p1b: Flutter Mane|Protosynthesis|[silent]\n|\n|upkeep\n|inactive|LMagician has 30 seconds left.\n|\n|t:|1700272687\n|switch|p1b: Ogerpon|Ogerpon-Wellspring, L50, F|100\/100\n|turn|8\n|\n|t:|1700272702\n|-end|p2b: Roaring Moon|Protosynthesis|[silent]\n|switch|p2b: Amoonguss|Amoonguss, L50, F|55\/100\n|move|p2a: Ursaluna|Protect|p2a: Ursaluna\n|-singleturn|p2a: Ursaluna|Protect\n|move|p1a: Landorus|Rock Slide|p2a: Ursaluna|[spread] p2b\n|-activate|p2a: Ursaluna|move: Protect\n|-damage|p2b: Amoonguss|38\/100\n|move|p1b: Ogerpon|Ivy Cudgel|p2b: Amoonguss|[anim] Ivy Cudgel Water\n|-resisted|p2b: Amoonguss\n|-damage|p2b: Amoonguss|13\/100\n|\n|upkeep\n|turn|9\n|inactive|LMagician has 30 seconds left.\n|inactive|kn17 has 30 seconds left.\n|inactive|kn17 has 20 seconds left.\n|inactive|kn17 has 15 seconds left.\n|inactive|kn17 has 10 seconds left.\n|inactive|kn17 has 5 seconds left.\n|\n|t:|1700272757\n|move|p1a: Landorus|Rock Slide|p2a: Ursaluna|[spread] p2a,p2b\n|-resisted|p2a: Ursaluna\n|-damage|p2a: Ursaluna|54\/100\n|-damage|p2b: Amoonguss|0 fnt\n|faint|p2b: Amoonguss\n|move|p1b: Ogerpon|Ivy Cudgel|p2a: Ursaluna|[anim] Ivy Cudgel Water\n|-supereffective|p2a: Ursaluna\n|-damage|p2a: Ursaluna|0 fnt\n|faint|p2a: Ursaluna\n|\n|upkeep\n|\n|t:|1700272764\n|switch|p2a: Iron Hands|Iron Hands, L50|100\/100\n|switch|p2b: Roaring Moon|Roaring Moon, L50|52\/100\n|turn|10\n|\n|t:|1700272787\n|move|p2a: Iron Hands|Fake Out|p1a: Landorus\n|-damage|p1a: Landorus|85\/100\n|cant|p1a: Landorus|flinch\n|move|p2b: Roaring Moon|Tailwind|p2b: Roaring Moon\n|-sidestart|p2: kn17|move: Tailwind\n|move|p1b: Ogerpon|Ivy Cudgel|p2b: Roaring Moon|[anim] Ivy Cudgel Water\n|-resisted|p2b: Roaring Moon\n|-crit|p2b: Roaring Moon\n|-damage|p2b: Roaring Moon|0 fnt\n|faint|p2b: Roaring Moon\n|-end|p2b: Roaring Moon|Protosynthesis|[silent]\n|\n|upkeep\n|turn|11\n|\n|t:|1700272804\n|-terastallize|p2a: Iron Hands|Water\n|move|p1b: Ogerpon|Spiky Shield|p1b: Ogerpon\n|-singleturn|p1b: Ogerpon|move: Protect\n|move|p1a: Landorus|Rock Slide|p2a: Iron Hands\n|-damage|p2a: Iron Hands|82\/100\n|cant|p2a: Iron Hands|flinch\n|\n|upkeep\n|turn|12\n|\n|t:|1700272815\n|move|p1a: Landorus|Rock Slide|p2a: Iron Hands\n|-damage|p2a: Iron Hands|64\/100\n|move|p2a: Iron Hands|Heavy Slam|p1a: Landorus\n|-damage|p1a: Landorus|38\/100\n|move|p1b: Ogerpon|Wood Hammer|p2a: Iron Hands\n|-supereffective|p2a: Iron Hands\n|-damage|p2a: Iron Hands|0 fnt\n|faint|p2a: Iron Hands\n|-end|p2a: Iron Hands|Quark Drive|[silent]\n|-damage|p1b: Ogerpon|71\/100|[from] Recoil\n|\n|win|LMagician\n|l|\u2606kn17\n|c|&|\/uhtml prompt-kn17,kn17 is ready for game 3!\n|inactive|LMagician has 50 seconds to confirm battle start!\n|c|&|\/uhtml prompt-lmagician,LMagician is ready for game 3!\nBoth players are ready! Starting next match!\n|l| Tampico11\n|l| FenrirZzz\n|j| FenrirZzz\n|l| FenrirZzz\n|j| FenrirZzz\n|l| FenrirZzz\n","uploadtime":1700273538,"views":8,"p1id":"lmagician","p2id":"kn17","formatid":"gen9vgc2023regulatione","rating":0,"private":0,"password":""}