{"id":"gen9vgc2023regulatione-1995219905","p1":"cunxiao","p2":"khaotiklolx","format":"[Gen 9] VGC 2023 Regulation E","log":"|j|\u2606cunxiao\n|j|\u2606khaotiklolx\n|t:|1700536157\n|gametype|doubles\n|player|p1|cunxiao|dawn-gen4pt|1133\n|player|p2|khaotiklolx|steven|1074\n|teamsize|p1|6\n|teamsize|p2|6\n|gen|9\n|tier|[Gen 9] VGC 2023 Regulation E\n|rated|\n|rule|Species Clause: Limit one of each Pok\u00e9mon\n|rule|Item Clause: Limit one of each item\n|clearpoke\n|poke|p1|Flutter Mane, L50|\n|poke|p1|Ursaluna-Bloodmoon, L50, M|\n|poke|p1|Sableye, L50, M|\n|poke|p1|Goodra-Hisui, L50, M|\n|poke|p1|Igglybuff, L50, F|\n|poke|p1|Rillaboom, L50, M|\n|poke|p2|Dragonite, L50, M|\n|poke|p2|Chien-Pao, L50|\n|poke|p2|Urshifu-*, L50, F|\n|poke|p2|Arcanine-Hisui, L50, F|\n|poke|p2|Weezing, L50, M|\n|poke|p2|Rillaboom, L50, F|\n|teampreview|4\n|inactive|Battle timer is ON: inactive players will automatically lose when time's up. (requested by khaotiklolx)\n|\n|t:|1700536209\n|start\n|switch|p1a: otk|Ursaluna-Bloodmoon, L50, M|100\/100\n|switch|p1b: no taunt pls|Sableye, L50, M|100\/100\n|switch|p2a: Weezing|Weezing, L50, M|100\/100\n|switch|p2b: Urshifu|Urshifu-Rapid-Strike, L50, F|100\/100\n|-ability|p2a: Weezing|Neutralizing Gas\n|turn|1\n|inactive|khaotiklolx has 30 seconds left.\n|inactive|khaotiklolx has 20 seconds left.\n|inactive|khaotiklolx has 15 seconds left.\n|\n|t:|1700536250\n|-terastallize|p1a: otk|Normal\n|move|p1b: no taunt pls|Fake Out|p2b: Urshifu\n|-damage|p2b: Urshifu|94\/100\n|cant|p2b: Urshifu|flinch\n|move|p2a: Weezing|Gunk Shot|p1b: no taunt pls\n|-resisted|p1b: no taunt pls\n|-damage|p1b: no taunt pls|78\/100\n|move|p1a: otk|Blood Moon|p2a: Weezing\n|-damage|p2a: Weezing|0 fnt\n|faint|p2a: Weezing\n|-end|p2a: Weezing|ability: Neutralizing Gas\n|-damage|p1a: otk|91\/100|[from] item: Life Orb\n|\n|upkeep\n|\n|t:|1700536262\n|switch|p2a: Arcanine|Arcanine-Hisui, L50, F|100\/100\n|-ability|p2a: Arcanine|Intimidate|boost\n|-unboost|p1a: otk|atk|1\n|-unboost|p1b: no taunt pls|atk|1\n|turn|2\n|\n|t:|1700536279\n|move|p1b: no taunt pls|Encore|p1a: otk\n|-start|p1a: otk|Encore\n|move|p1a: otk|Blood Moon|p2a: Arcanine\n|-resisted|p2a: Arcanine\n|-damage|p2a: Arcanine|15\/100\n|-damage|p1a: otk|81\/100|[from] item: Life Orb\n|-hint|Some effects can force a Pokemon to use Blood Moon again in a row.\n|move|p2b: Urshifu|Close Combat|p1a: otk\n|-supereffective|p1a: otk\n|-damage|p1a: otk|0 fnt\n|-unboost|p2b: Urshifu|def|1\n|-unboost|p2b: Urshifu|spd|1\n|faint|p1a: otk\n|move|p2a: Arcanine|Rock Slide|p1b: no taunt pls\n|-damage|p1b: no taunt pls|27\/100\n|\n|upkeep\n|\n|t:|1700536296\n|switch|p1a: singer|Flutter Mane, L50|100\/100\n|-enditem|p1a: singer|Booster Energy\n|-activate|p1a: singer|ability: Protosynthesis|[fromitem]\n|-start|p1a: singer|protosynthesisspe\n|turn|3\n|\n|t:|1700536306\n|switch|p2b: Dragonite|Dragonite, L50, M|100\/100\n|move|p1b: no taunt pls|Encore||[still]\n|-fail|p1b: no taunt pls\n|move|p1a: singer|Icy Wind|p2a: Arcanine|[spread] p2a,p2b\n|-resisted|p2a: Arcanine\n|-supereffective|p2b: Dragonite\n|-damage|p2a: Arcanine|7\/100\n|-damage|p2b: Dragonite|47\/100\n|-unboost|p2a: Arcanine|spe|1\n|-unboost|p2b: Dragonite|spe|1\n|move|p2a: Arcanine|Rock Slide|p1a: singer|[spread] p1a,p1b\n|-damage|p1a: singer|61\/100\n|-damage|p1b: no taunt pls|0 fnt\n|faint|p1b: no taunt pls\n|\n|upkeep\n|\n|t:|1700536320\n|switch|p1b: boss|Igglybuff, L50, F, shiny|100\/100\n|turn|4\n|inactive|khaotiklolx has 30 seconds left.\n|\n|t:|1700536352\n|move|p1b: boss|Protect|p1b: boss\n|-singleturn|p1b: boss|Protect\n|move|p2b: Dragonite|Aqua Jet|p1a: singer\n|-damage|p1a: singer|35\/100\n|move|p1a: singer|Icy Wind|p2b: Dragonite|[spread] p2a,p2b\n|-resisted|p2a: Arcanine\n|-supereffective|p2b: Dragonite\n|-damage|p2a: Arcanine|0 fnt\n|-damage|p2b: Dragonite|0 fnt\n|faint|p2a: Arcanine\n|faint|p2b: Dragonite\n|\n|upkeep\n|\n|t:|1700536362\n|switch|p2b: Urshifu|Urshifu-Rapid-Strike, L50, F|94\/100\n|turn|5\n|\n|t:|1700536373\n|-terastallize|p2b: Urshifu|Water\n|move|p1a: singer|Perish Song|p1a: singer\n|-start|p1a: singer|perish3|[silent]\n|-start|p1b: boss|perish3|[silent]\n|-start|p2b: Urshifu|perish3|[silent]\n|-fieldactivate|move: Perish Song\n|move|p2b: Urshifu|Surging Strikes|p1a: singer\n|-crit|p1a: singer\n|-damage|p1a: singer|9\/100\n|-crit|p1a: singer\n|-damage|p1a: singer|0 fnt\n|faint|p1a: singer\n|-end|p1a: singer|Protosynthesis|[silent]\n|-hitcount|p1: singer|2\n|move|p1b: boss|Thunder Wave|p2b: Urshifu\n|-status|p2b: Urshifu|par\n|\n|-start|p2b: Urshifu|perish3\n|-start|p1b: boss|perish3\n|upkeep\n|turn|6\n|\n|t:|1700536389\n|move|p1b: boss|Endure|p1b: boss\n|-singleturn|p1b: boss|move: Endure\n|move|p2b: Urshifu|Surging Strikes|p1b: boss\n|-crit|p1b: boss\n|-activate|p1b: boss|move: Endure\n|-damage|p1b: boss|1\/100\n|-crit|p1b: boss\n|-activate|p1b: boss|move: Endure\n|-damage|p1b: boss|1\/100\n|-crit|p1b: boss\n|-activate|p1b: boss|move: Endure\n|-damage|p1b: boss|1\/100\n|-hitcount|p1b: boss|3\n|\n|-start|p2b: Urshifu|perish2\n|-start|p1b: boss|perish2\n|upkeep\n|turn|7\n|\n|t:|1700536405\n|move|p1b: boss|Endure||[still]\n|-fail|p1b: boss\n|cant|p2b: Urshifu|par\n|\n|-start|p2b: Urshifu|perish1\n|-start|p1b: boss|perish1\n|upkeep\n|turn|8\n|\n|t:|1700536414\n|move|p1b: boss|Endure|p1b: boss\n|-singleturn|p1b: boss|move: Endure\n|move|p2b: Urshifu|Surging Strikes|p1b: boss\n|-crit|p1b: boss\n|-activate|p1b: boss|move: Endure\n|-damage|p1b: boss|1\/100\n|-crit|p1b: boss\n|-activate|p1b: boss|move: Endure\n|-damage|p1b: boss|1\/100\n|-crit|p1b: boss\n|-activate|p1b: boss|move: Endure\n|-damage|p1b: boss|1\/100\n|-hitcount|p1b: boss|3\n|\n|-start|p2b: Urshifu|perish0\n|-start|p1b: boss|perish0\n|faint|p2b: Urshifu\n|faint|p1b: boss\n|\n|win|cunxiao\n|upkeep\n|raw|cunxiao's rating: 1133 &rarr; <strong>1154<\/strong><br \/>(+21 for winning)\n|raw|khaotiklolx's rating: 1074 &rarr; <strong>1056<\/strong><br \/>(-18 for losing)\n","uploadtime":1700536432,"views":2,"p1id":"cunxiao","p2id":"khaotiklolx","formatid":"gen9vgc2023regulatione","rating":1056,"private":0,"password":""}