{"id":"gen9vgc2023regulatione-1990135478","p1":"Ultrajoez","p2":"JeromeMuskrat","format":"[Gen 9] VGC 2023 Regulation E","log":"|j|\u2606Ultrajoez\n|j|\u2606JeromeMuskrat\n|t:|1699928383\n|gametype|doubles\n|player|p1|Ultrajoez|pokemaniac|1256\n|player|p2|JeromeMuskrat|1|1352\n|teamsize|p1|6\n|teamsize|p2|6\n|gen|9\n|tier|[Gen 9] VGC 2023 Regulation E\n|rated|\n|rule|Species Clause: Limit one of each Pok\u00e9mon\n|rule|Item Clause: Limit one of each item\n|clearpoke\n|poke|p1|Tauros-Paldea-Blaze, L50, M|\n|poke|p1|Landorus-Therian, L50, M|\n|poke|p1|Urshifu-*, L50, M|\n|poke|p1|Iron Hands, L50|\n|poke|p1|Tornadus, L50, M|\n|poke|p1|Empoleon, L50, M|\n|poke|p2|Illumise, L50, F|\n|poke|p2|Chi-Yu, L50|\n|poke|p2|Gholdengo, L50|\n|poke|p2|Flutter Mane, L50|\n|poke|p2|Ogerpon-Wellspring, L50, F|\n|poke|p2|Iron Hands, L50|\n|teampreview|4\n|inactive|Battle timer is ON: inactive players will automatically lose when time's up. (requested by Ultrajoez)\n|\n|t:|1699928435\n|start\n|switch|p1a: Fujin|Tornadus, L50, M|100\/100\n|switch|p1b: Landorus|Landorus-Therian, L50, M|100\/100\n|switch|p2a: Illumise|Illumise, L50, F|100\/100\n|switch|p2b: Chi-Yu|Chi-Yu, L50|100\/100\n|-ability|p1b: Landorus|Intimidate|boost\n|-unboost|p2a: Illumise|atk|1\n|-unboost|p2b: Chi-Yu|atk|1\n|-ability|p2b: Chi-Yu|Beads of Ruin\n|turn|1\n|\n|t:|1699928449\n|move|p1a: Fujin|Tailwind|p1a: Fujin\n|-sidestart|p1: Ultrajoez|move: Tailwind\n|move|p2a: Illumise|Tailwind|p2a: Illumise\n|-sidestart|p2: JeromeMuskrat|move: Tailwind\n|move|p1b: Landorus|Stomping Tantrum|p2b: Chi-Yu\n|-supereffective|p2b: Chi-Yu\n|-damage|p2b: Chi-Yu|0 fnt\n|faint|p2b: Chi-Yu\n|\n|upkeep\n|\n|t:|1699928459\n|switch|p2b: Flutter Mane|Flutter Mane, L50|100\/100\n|-enditem|p2b: Flutter Mane|Booster Energy\n|-activate|p2b: Flutter Mane|ability: Protosynthesis|[fromitem]\n|-start|p2b: Flutter Mane|protosynthesisspa\n|turn|2\n|\n|t:|1699928467\n|-terastallize|p2b: Flutter Mane|Fairy\n|move|p2a: Illumise|Helping Hand|p2b: Flutter Mane\n|-singleturn|p2b: Flutter Mane|Helping Hand|[of] p2a: Illumise\n|move|p1b: Landorus|Stomping Tantrum|p2b: Flutter Mane\n|-damage|p2b: Flutter Mane|13\/100\n|move|p2b: Flutter Mane|Dazzling Gleam|p1b: Landorus|[spread] p1a,p1b\n|-damage|p1a: Fujin|0 fnt\n|-damage|p1b: Landorus|0 fnt\n|faint|p1a: Fujin\n|faint|p1b: Landorus\n|\n|upkeep\n|\n|t:|1699928478\n|switch|p1a: Brian Hands|Iron Hands, L50|100\/100\n|switch|p1b: Urshifu|Urshifu, L50, M|100\/100\n|turn|3\n|\n|t:|1699928495\n|move|p2b: Flutter Mane|Protect|p2b: Flutter Mane\n|-singleturn|p2b: Flutter Mane|Protect\n|move|p1a: Brian Hands|Fake Out|p2a: Illumise\n|-damage|p2a: Illumise|83\/100\n|move|p1b: Urshifu|Sucker Punch||[still]\n|-fail|p1b: Urshifu\n|move|p2a: Illumise|Struggle Bug|p1a: Brian Hands|[spread] p1a,p1b\n|-resisted|p1a: Brian Hands\n|-damage|p1a: Brian Hands|98\/100\n|-damage|p1b: Urshifu|87\/100\n|-unboost|p1a: Brian Hands|spa|1\n|-unboost|p1b: Urshifu|spa|1\n|\n|upkeep\n|turn|4\n|inactive|Ultrajoez has 30 seconds left.\n|\n|t:|1699928522\n|-end|p2b: Flutter Mane|Protosynthesis|[silent]\n|switch|p2b: Ogerpon|Ogerpon-Wellspring, L50, F|100\/100\n|move|p1b: Urshifu|Sucker Punch||[still]\n|-fail|p1b: Urshifu\n|move|p2a: Illumise|Encore|p1a: Brian Hands\n|-start|p1a: Brian Hands|Encore\n|move|p1a: Brian Hands|Fake Out||[still]\n|-hint|Fake Out only works on your first turn out.\n|-fail|p1a: Brian Hands\n|\n|-sideend|p2: JeromeMuskrat|move: Tailwind\n|-sideend|p1: Ultrajoez|move: Tailwind\n|upkeep\n|turn|5\n|\n|t:|1699928543\n|move|p1a: Brian Hands|Fake Out||[still]\n|-hint|Fake Out only works on your first turn out.\n|-fail|p1a: Brian Hands\n|move|p2a: Illumise|Tailwind|p2a: Illumise\n|-sidestart|p2: JeromeMuskrat|move: Tailwind\n|move|p2b: Ogerpon|Ivy Cudgel|p1b: Urshifu\n|-damage|p1b: Urshifu|31\/100\n|move|p1b: Urshifu|Wicked Blow|p2b: Ogerpon\n|-crit|p2b: Ogerpon\n|-damage|p2b: Ogerpon|33\/100\n|\n|upkeep\n|turn|6\n|\n|t:|1699928567\n|move|p2b: Ogerpon|Helping Hand|p2a: Illumise\n|-singleturn|p2a: Illumise|Helping Hand|[of] p2b: Ogerpon\n|move|p1a: Brian Hands|Fake Out||[still]\n|-hint|Fake Out only works on your first turn out.\n|-fail|p1a: Brian Hands\n|move|p2a: Illumise|Struggle Bug|p1a: Brian Hands|[spread] p1a,p1b\n|-resisted|p1a: Brian Hands\n|-damage|p1a: Brian Hands|93\/100\n|-damage|p1b: Urshifu|9\/100\n|-unboost|p1a: Brian Hands|spa|1\n|-unboost|p1b: Urshifu|spa|1\n|move|p1b: Urshifu|Wicked Blow|p2b: Ogerpon\n|-crit|p2b: Ogerpon\n|-damage|p2b: Ogerpon|0 fnt\n|faint|p2b: Ogerpon\n|\n|-end|p1a: Brian Hands|Encore\n|upkeep\n|\n|t:|1699928578\n|switch|p2b: Flutter Mane|Flutter Mane, L50, tera:Fairy|13\/100\n|turn|7\n|\n|t:|1699928594\n|move|p2b: Flutter Mane|Protect|p2b: Flutter Mane\n|-singleturn|p2b: Flutter Mane|Protect\n|move|p1b: Urshifu|Sucker Punch||[still]\n|-fail|p1b: Urshifu\n|move|p2a: Illumise|Struggle Bug|p1b: Urshifu|[spread] p1a,p1b\n|-resisted|p1a: Brian Hands\n|-damage|p1a: Brian Hands|91\/100\n|-damage|p1b: Urshifu|0 fnt\n|-unboost|p1a: Brian Hands|spa|1\n|faint|p1b: Urshifu\n|move|p1a: Brian Hands|Wild Charge|p2a: Illumise\n|-damage|p2a: Illumise|32\/100\n|-damage|p1a: Brian Hands|82\/100|[from] Recoil\n|\n|upkeep\n|turn|8\n|\n|t:|1699928608\n|move|p2a: Illumise|Helping Hand|p2b: Flutter Mane\n|-singleturn|p2b: Flutter Mane|Helping Hand|[of] p2a: Illumise\n|move|p2b: Flutter Mane|Moonblast|p1a: Brian Hands\n|-supereffective|p1a: Brian Hands\n|-damage|p1a: Brian Hands|0 fnt\n|faint|p1a: Brian Hands\n|-end|p1a: Brian Hands|Quark Drive|[silent]\n|\n|win|JeromeMuskrat\n|raw|Ultrajoez's rating: 1256 &rarr; <strong>1238<\/strong><br \/>(-18 for losing)\n|raw|JeromeMuskrat's rating: 1352 &rarr; <strong>1367<\/strong><br \/>(+15 for winning)\n|l|\u2606Ultrajoez\n","uploadtime":1699928614,"views":7,"p1id":"ultrajoez","p2id":"jeromemuskrat","formatid":"gen9vgc2023regulatione","rating":1238,"private":0,"password":""}