{"id":"gen9vgc2023regulatione-1995139529","p1":"blankfortune","p2":"Kzrjzzk","format":"[Gen 9] VGC 2023 Regulation E","log":"|j|\u2606blankfortune\n|j|\u2606Kzrjzzk\n|t:|1700526969\n|gametype|doubles\n|player|p1|blankfortune|1|1236\n|player|p2|Kzrjzzk|lance|1183\n|teamsize|p1|6\n|teamsize|p2|6\n|gen|9\n|tier|[Gen 9] VGC 2023 Regulation E\n|rated|\n|rule|Species Clause: Limit one of each Pok\u00e9mon\n|rule|Item Clause: Limit one of each item\n|clearpoke\n|poke|p1|Roaring Moon, L50|\n|poke|p1|Heatran, L50, F|\n|poke|p1|Flutter Mane, L50|\n|poke|p1|Amoonguss, L50, M|\n|poke|p1|Iron Hands, L50|\n|poke|p1|Landorus-Therian, L50, M|\n|poke|p2|Flutter Mane, L50|\n|poke|p2|Tornadus, L50, M|\n|poke|p2|Rillaboom, L50, F|\n|poke|p2|Garganacl, L50, F|\n|poke|p2|Arcanine-Hisui, L50, M|\n|poke|p2|Chien-Pao, L50|\n|teampreview|4\n|inactive|Battle timer is ON: inactive players will automatically lose when time's up. (requested by Kzrjzzk)\n|inactive|blankfortune has 60 seconds left.\nblankfortune has agreed to open team sheets.\n|inactive|blankfortune has 30 seconds left.\nKzrjzzk has agreed to open team sheets.\n|\n|t:|1700527071\n|start\n|switch|p1a: Roaring Moon|Roaring Moon, L50|100\/100\n|switch|p1b: Landorus|Landorus-Therian, L50, M|100\/100\n|switch|p2a: Tornadus|Tornadus, L50, M|100\/100\n|switch|p2b: Garganacl|Garganacl, L50, F|100\/100\n|-ability|p1b: Landorus|Intimidate|boost\n|-unboost|p2a: Tornadus|atk|1\n|-unboost|p2b: Garganacl|atk|1\n|-enditem|p1a: Roaring Moon|Booster Energy\n|-activate|p1a: Roaring Moon|ability: Protosynthesis|[fromitem]\n|-start|p1a: Roaring Moon|protosynthesisspe\n|turn|1\n|inactive|blankfortune has 30 seconds left.\n|\n|t:|1700527100\n|switch|p2a: Arcanine|Arcanine-Hisui, L50, M|100\/100\n|-ability|p2a: Arcanine|Intimidate|boost\n|-unboost|p1a: Roaring Moon|atk|1\n|-unboost|p1b: Landorus|atk|1\n|-terastallize|p2b: Garganacl|Ghost\n|move|p1a: Roaring Moon|Tailwind|p1a: Roaring Moon\n|-sidestart|p1: blankfortune|move: Tailwind\n|move|p1b: Landorus|Stomping Tantrum|p2b: Garganacl\n|-damage|p2b: Garganacl|80\/100\n|move|p2b: Garganacl|Salt Cure|p1a: Roaring Moon\n|-damage|p1a: Roaring Moon|89\/100\n|-start|p1a: Roaring Moon|Salt Cure\n|\n|-damage|p1a: Roaring Moon|77\/100|[from] Salt Cure\n|upkeep\n|turn|2\n|\n|t:|1700527119\n|switch|p2a: Tornadus|Tornadus, L50, M|100\/100\n|move|p1a: Roaring Moon|Knock Off|p2b: Garganacl\n|-supereffective|p2b: Garganacl\n|-damage|p2b: Garganacl|37\/100\n|-enditem|p2b: Garganacl|Sitrus Berry|[from] move: Knock Off|[of] p1a: Roaring Moon\n|move|p1b: Landorus|Stomping Tantrum|p2a: Tornadus\n|-immune|p2a: Tornadus\n|move|p2b: Garganacl|Iron Defense|p2b: Garganacl\n|-boost|p2b: Garganacl|def|2\n|\n|-damage|p1a: Roaring Moon|64\/100|[from] Salt Cure\n|upkeep\n|turn|3\n|\n|t:|1700527126\n|switch|p1b: Heatran|Heatran, L50, F|100\/100\n|move|p2b: Garganacl|Protect|p2b: Garganacl\n|-singleturn|p2b: Garganacl|Protect\n|move|p2a: Tornadus|Tailwind|p2a: Tornadus\n|-sidestart|p2: Kzrjzzk|move: Tailwind\n|move|p1a: Roaring Moon|Knock Off|p2b: Garganacl\n|-activate|p2b: Garganacl|move: Protect\n|\n|-damage|p1a: Roaring Moon|52\/100|[from] Salt Cure\n|upkeep\n|turn|4\n|\n|t:|1700527141\n|move|p1a: Roaring Moon|Knock Off|p2b: Garganacl\n|-supereffective|p2b: Garganacl\n|-damage|p2b: Garganacl|21\/100\n|move|p2a: Tornadus|Bleakwind Storm|p1b: Heatran|[spread] p1b\n|-miss|p2a: Tornadus|p1a: Roaring Moon\n|-resisted|p1b: Heatran\n|-damage|p1b: Heatran|86\/100\n|move|p1b: Heatran|Heat Wave|p2b: Garganacl|[spread] p2a,p2b\n|-damage|p2a: Tornadus|67\/100\n|-damage|p2b: Garganacl|0 fnt\n|faint|p2b: Garganacl\n|\n|-damage|p1a: Roaring Moon|39\/100|[from] Salt Cure\n|-sideend|p1: blankfortune|move: Tailwind\n|upkeep\n|\n|t:|1700527151\n|switch|p2b: Arcanine|Arcanine-Hisui, L50, M|100\/100\n|-ability|p2b: Arcanine|Intimidate|boost\n|-unboost|p1a: Roaring Moon|atk|1\n|-unboost|p1b: Heatran|atk|1\n|turn|5\n|\n|t:|1700527162\n|-end|p1a: Roaring Moon|Protosynthesis|[silent]\n|switch|p1a: Landorus|Landorus-Therian, L50, M|100\/100\n|-ability|p1a: Landorus|Intimidate|boost\n|-unboost|p2a: Tornadus|atk|1\n|-unboost|p2b: Arcanine|atk|1\n|move|p2b: Arcanine|Rock Slide|p1a: Landorus|[spread] p1a,p1b\n|-damage|p1a: Landorus|74\/100\n|-damage|p1b: Heatran|63\/100\n|move|p2a: Tornadus|Bleakwind Storm|p1b: Heatran|[spread] p1a,p1b\n|-resisted|p1b: Heatran\n|-damage|p1a: Landorus|38\/100\n|-damage|p1b: Heatran|51\/100\n|-unboost|p1a: Landorus|spe|1\n|move|p1b: Heatran|Flash Cannon|p2b: Arcanine\n|-damage|p2b: Arcanine|45\/100\n|\n|upkeep\n|turn|6\n|inactive|blankfortune has 30 seconds left.\n|\n|t:|1700527194\n|move|p2b: Arcanine|Rock Slide|p1b: Heatran|[spread] p1a,p1b\n|-damage|p1a: Landorus|9\/100\n|-damage|p1b: Heatran|24\/100\n|-enditem|p1b: Heatran|Sitrus Berry|[eat]\n|-heal|p1b: Heatran|49\/100|[from] item: Sitrus Berry\n|move|p2a: Tornadus|Bleakwind Storm|p1a: Landorus|[spread] p1b\n|-miss|p2a: Tornadus|p1a: Landorus\n|-resisted|p1b: Heatran\n|-damage|p1b: Heatran|36\/100\n|move|p1a: Landorus|U-turn|p2a: Tornadus\n|-resisted|p2a: Tornadus\n|-damage|p2a: Tornadus|48\/100\n|-damage|p1a: Landorus|0 fnt|[from] item: Rocky Helmet|[of] p2a: Tornadus\n|faint|p1a: Landorus\n|cant|p1b: Heatran|flinch\n|\n|-sideend|p2: Kzrjzzk|move: Tailwind\n|upkeep\n|\n|t:|1700527213\n|switch|p1a: Roaring Moon|Roaring Moon, L50|39\/100\n|turn|7\n|\n|t:|1700527220\n|switch|p2b: Rillaboom|Rillaboom, L50, F|100\/100\n|-fieldstart|move: Grassy Terrain|[from] ability: Grassy Surge|[of] p2b: Rillaboom\n|move|p1b: Heatran|Protect|p1b: Heatran\n|-singleturn|p1b: Heatran|Protect\n|move|p1a: Roaring Moon|Tailwind|p1a: Roaring Moon\n|-sidestart|p1: blankfortune|move: Tailwind\n|move|p2a: Tornadus|Bleakwind Storm|p1b: Heatran|[spread] p1a\n|-activate|p1b: Heatran|move: Protect\n|-damage|p1a: Roaring Moon|12\/100\n|\n|-heal|p1a: Roaring Moon|18\/100|[from] Grassy Terrain\n|-heal|p1b: Heatran|42\/100|[from] Grassy Terrain\n|upkeep\n|turn|8\n|\n|t:|1700527235\n|move|p1a: Roaring Moon|Protect|p1a: Roaring Moon\n|-singleturn|p1a: Roaring Moon|Protect\n|move|p2b: Rillaboom|Fake Out|p1b: Heatran\n|-resisted|p1b: Heatran\n|-damage|p1b: Heatran|35\/100\n|move|p2a: Tornadus|Tailwind|p2a: Tornadus\n|-sidestart|p2: Kzrjzzk|move: Tailwind\n|cant|p1b: Heatran|flinch\n|\n|-heal|p1a: Roaring Moon|24\/100|[from] Grassy Terrain\n|-heal|p1b: Heatran|41\/100|[from] Grassy Terrain\n|upkeep\n|turn|9\n|\n|t:|1700527254\n|move|p2b: Rillaboom|Grassy Glide|p1a: Roaring Moon\n|-resisted|p1a: Roaring Moon\n|-damage|p1a: Roaring Moon|0 fnt\n|faint|p1a: Roaring Moon\n|-end|p1a: Roaring Moon|Protosynthesis|[silent]\n|move|p2a: Tornadus|Bleakwind Storm|p1b: Heatran\n|-resisted|p1b: Heatran\n|-damage|p1b: Heatran|22\/100\n|move|p1b: Heatran|Heat Wave|p2b: Rillaboom|[spread] p2a\n|-miss|p1b: Heatran|p2b: Rillaboom\n|-damage|p2a: Tornadus|14\/100\n|-status|p2a: Tornadus|brn\n|\n|-heal|p1b: Heatran|28\/100|[from] Grassy Terrain\n|-damage|p2a: Tornadus|8\/100 brn|[from] brn\n|upkeep\n|\n|t:|1700527258\n|switch|p1a: Flutter Mane|Flutter Mane, L50|100\/100\n|turn|10\n|\n|t:|1700527267\n|-terastallize|p1a: Flutter Mane|Fairy\n|move|p2b: Rillaboom|Grassy Glide|p1a: Flutter Mane\n|-damage|p1a: Flutter Mane|11\/100\n|move|p1a: Flutter Mane|Dazzling Gleam|p2b: Rillaboom|[spread] p2a,p2b\n|-damage|p2a: Tornadus|0 fnt\n|-damage|p2b: Rillaboom|43\/100\n|faint|p2a: Tornadus\n|move|p1b: Heatran|Heat Wave|p2b: Rillaboom\n|-supereffective|p2b: Rillaboom\n|-damage|p2b: Rillaboom|0 fnt\n|faint|p2b: Rillaboom\n|\n|-heal|p1a: Flutter Mane|17\/100|[from] Grassy Terrain\n|-heal|p1b: Heatran|34\/100|[from] Grassy Terrain\n|-sideend|p1: blankfortune|move: Tailwind\n|upkeep\n|\n|t:|1700527274\n|switch|p2b: Arcanine|Arcanine-Hisui, L50, M|45\/100\n|-ability|p2b: Arcanine|Intimidate|boost\n|-unboost|p1a: Flutter Mane|atk|1\n|-unboost|p1b: Heatran|atk|1\n|turn|11\n|\n|t:|1700527282\n|move|p2b: Arcanine|Rock Slide|p1a: Flutter Mane|[spread] p1a,p1b\n|-crit|p1b: Heatran\n|-damage|p1a: Flutter Mane|0 fnt\n|-damage|p1b: Heatran|0 fnt\n|faint|p1a: Flutter Mane\n|-end|p1a: Flutter Mane|Protosynthesis|[silent]\n|faint|p1b: Heatran\n|\n|win|Kzrjzzk\n|raw|blankfortune's rating: 1236 &rarr; <strong>1207<\/strong><br \/>(-29 for losing)\n|raw|Kzrjzzk's rating: 1183 &rarr; <strong>1212<\/strong><br \/>(+29 for winning)\n|c|\u2606blankfortune|lol crit\n|c|\u2606blankfortune|gg\n|l|\u2606blankfortune\n|n|\u2606Kzrjzzk|kzrjzzk\n|c|\u2606Kzrjzzk|gg\n","uploadtime":1700527304,"views":2,"p1id":"blankfortune","p2id":"kzrjzzk","formatid":"gen9vgc2023regulatione","rating":1207,"private":0,"password":""}