{"id":"gen9vgc2023regulatione-1993568756","p1":"casper6_14","p2":"tomcheung22","format":"[Gen 9] VGC 2023 Regulation E","log":"|j|\u2606casper6_14\n|j|\u2606tomcheung22\n|n|\u2606casper6_14|casper614\n|n|\u2606tomcheung22|tomcheung22\n|html|View the match progress at <a href=\"\/game-bestof3-gen9vgc2023regulatione-1993566249\">game-bestof3-gen9vgc2023regulatione-1993566249<\/a>\n|t:|1700332730\n|gametype|doubles\n|player|p1|casper6_14|1|\n|player|p2|tomcheung22|lady-gen4|\n|teamsize|p1|6\n|teamsize|p2|6\n|gen|9\n|tier|[Gen 9] VGC 2023 Regulation E\n|rated|Tournament battle\n|rule|Species Clause: Limit one of each Pok\u00e9mon\n|rule|Item Clause: Limit one of each item\n|clearpoke\n|poke|p1|Dondozo, L50, F|\n|poke|p1|Tatsugiri, L50, F|\n|poke|p1|Gholdengo, L50|\n|poke|p1|Perrserker, L50, F|\n|poke|p1|Indeedee-F, L50, F|\n|poke|p1|Armarouge, L50, F|\n|poke|p2|Rowlet, L50, F|\n|poke|p2|Armarouge, L50, F|\n|poke|p2|Indeedee-F, L50, F|\n|poke|p2|Torkoal, L50, F|\n|poke|p2|Great Tusk, L50|\n|poke|p2|Gengar, L50, F|\n|teampreview|4\n|showteam|p1|Dondozo||Leftovers|Unaware|OrderUp,Protect,Substitute,WaveCrash|||F|||50|,,,,,Dragon]Tatsugiri||ChoiceScarf|Commander|DracoMeteor,HydroPump,IcyWind,MuddyWater|||F|||50|,,,,,Dragon]Gholdengo||ChoiceSpecs|GoodasGold|MakeItRain,ShadowBall,Trick,Thunderbolt||||||50|,,,,,Steel]Perrserker||SitrusBerry|SteelySpirit|FakeOut,IronHead,SwordsDance,Protect|||F|||50|,,,,,Ghost]Indeedee-F||RockyHelmet|PsychicSurge|DazzlingGleam,FollowMe,HelpingHand,TrickRoom|||F|||50|,,,,,Fairy]Armarouge||LifeOrb|FlashFire|TrickRoom,ExpandingForce,WideGuard,Protect|||F|||50|,,,,,Psychic\n|showteam|p2|Rowlet||Eviolite|Overgrow|EnergyBall,ShadowSneak,SunnyDay,Haze|||F|||50|,,,,,Dragon]Armarouge||MindPlate|FlashFire|ExpandingForce,ArmorCannon,TrickRoom,WideGuard|||F|||50|,,,,,Psychic]Indeedee-F||PsychicSeed|PsychicSurge|DazzlingGleam,HelpingHand,FollowMe,TrickRoom|||F|||50|,,,,,Grass]Torkoal||Charcoal|Drought|Eruption,Flamethrower,EarthPower,ClearSmog|||F|||50|,,,,,Fire]Great Tusk||AssaultVest|Protosynthesis|HeadlongRush,CloseCombat,RockSlide,IceSpinner||||||50|,,,,,Fire]Gengar||FocusSash|CursedBody|SludgeBomb,IcyWind,Taunt,TrickRoom|||F|||50|,,,,,Poison\n|inactive|Battle timer is ON: inactive players will automatically lose when time's up. (requested by tomcheung22)\n|\n|t:|1700332768\n|start\n|switch|p1a: Gholdengo|Gholdengo, L50|100\/100\n|switch|p1b: Perrserker|Perrserker, L50, F|100\/100\n|switch|p2a: Indeedee|Indeedee-F, L50, F|100\/100\n|switch|p2b: Armarouge|Armarouge, L50, F|100\/100\n|-fieldstart|move: Psychic Terrain|[from] ability: Psychic Surge|[of] p2a: Indeedee\n|-enditem|p2a: Indeedee|Psychic Seed\n|-boost|p2a: Indeedee|spd|1|[from] item: Psychic Seed\n|turn|1\n|\n|t:|1700332784\n|switch|p2b: Torkoal|Torkoal, L50, F|100\/100\n|-weather|SunnyDay|[from] ability: Drought|[of] p2b: Torkoal\n|move|p1a: Gholdengo|Shadow Ball|p2b: Torkoal\n|-damage|p2b: Torkoal|0 fnt\n|faint|p2b: Torkoal\n|move|p1b: Perrserker|Iron Head|p2a: Indeedee\n|-damage|p2a: Indeedee|51\/100\n|move|p2a: Indeedee|Trick Room|p2a: Indeedee\n|-fieldstart|move: Trick Room|[of] p2a: Indeedee\n|\n|-weather|SunnyDay|[upkeep]\n|upkeep\n|\n|t:|1700332797\n|switch|p2b: Armarouge|Armarouge, L50, F|100\/100\n|turn|2\n|\n|t:|1700332823\n|move|p2a: Indeedee|Follow Me|p2a: Indeedee\n|-singleturn|p2a: Indeedee|move: Follow Me\n|move|p1b: Perrserker|Iron Head|p2a: Indeedee\n|-damage|p2a: Indeedee|0 fnt\n|faint|p2a: Indeedee\n|move|p2b: Armarouge|Armor Cannon|p1a: Gholdengo\n|-supereffective|p1a: Gholdengo\n|-damage|p1a: Gholdengo|0 fnt\n|-unboost|p2b: Armarouge|def|1\n|-unboost|p2b: Armarouge|spd|1\n|faint|p1a: Gholdengo\n|\n|-weather|SunnyDay|[upkeep]\n|upkeep\n|\n|t:|1700332831\n|switch|p1a: Dondozo|Dondozo, L50, F|100\/100\n|switch|p2a: Rowlet|Rowlet, L50, F|100\/100\n|turn|3\n|\n|t:|1700332846\n|-terastallize|p2b: Armarouge|Psychic\n|move|p2a: Rowlet|Haze|p2a: Rowlet\n|-clearallboost\n|move|p1b: Perrserker|Swords Dance|p1b: Perrserker\n|-boost|p1b: Perrserker|atk|2\n|move|p1a: Dondozo|Wave Crash|p2b: Armarouge\n|-damage|p2b: Armarouge|79\/100\n|-damage|p1a: Dondozo|95\/100|[from] Recoil\n|move|p2b: Armarouge|Expanding Force|p1b: Perrserker|[spread] p1a,p1b\n|-resisted|p1b: Perrserker\n|-damage|p1a: Dondozo|14\/100\n|-damage|p1b: Perrserker|38\/100\n|-enditem|p1b: Perrserker|Sitrus Berry|[eat]\n|-heal|p1b: Perrserker|63\/100|[from] item: Sitrus Berry\n|\n|-weather|SunnyDay|[upkeep]\n|-heal|p1a: Dondozo|20\/100|[from] item: Leftovers\n|upkeep\n|turn|4\n|inactive|casper6_14 has 30 seconds left.\n|inactive|tomcheung22 has 30 seconds left.\n|\n|t:|1700332872\n|move|p1a: Dondozo|Protect|p1a: Dondozo\n|-singleturn|p1a: Dondozo|Protect\n|move|p2a: Rowlet|Haze|p2a: Rowlet\n|-clearallboost\n|move|p1b: Perrserker|Iron Head|p2b: Armarouge\n|-damage|p2b: Armarouge|32\/100\n|move|p2b: Armarouge|Expanding Force|p1b: Perrserker|[spread] p1b\n|-activate|p1a: Dondozo|move: Protect\n|-resisted|p1b: Perrserker\n|-damage|p1b: Perrserker|0 fnt\n|faint|p1b: Perrserker\n|\n|-weather|SunnyDay|[upkeep]\n|-heal|p1a: Dondozo|26\/100|[from] item: Leftovers\n|upkeep\n|\n|t:|1700332888\n|switch|p1b: Tatsugiri|Tatsugiri, L50, F|100\/100\n|-activate|p1b: Tatsugiri|ability: Commander|[of] p1a: Dondozo\n|-boost|p1a: Dondozo|atk|2\n|-boost|p1a: Dondozo|spa|2\n|-boost|p1a: Dondozo|spe|2\n|-boost|p1a: Dondozo|def|2\n|-boost|p1a: Dondozo|spd|2\n|turn|5\n|\n|t:|1700332904\n|-terastallize|p1a: Dondozo|Dragon\n|move|p2a: Rowlet|Energy Ball|p1a: Dondozo\n|-resisted|p1a: Dondozo\n|-damage|p1a: Dondozo|21\/100\n|move|p2b: Armarouge|Expanding Force|p1a: Dondozo|[spread] p1a\n|-miss|p2b: Armarouge|p1b: Tatsugiri\n|-damage|p1a: Dondozo|0 fnt\n|faint|p1a: Dondozo\n|\n|-weather|none\n|-fieldend|move: Trick Room\n|-fieldend|move: Psychic Terrain\n|upkeep\n|turn|6\n|inactive|casper6_14 has 30 seconds left.\n|\n|t:|1700332934\n|move|p1b: Tatsugiri|Muddy Water|p2b: Armarouge|[spread] p2a\n|-miss|p1b: Tatsugiri|p2b: Armarouge\n|-resisted|p2a: Rowlet\n|-damage|p2a: Rowlet|77\/100\n|move|p2a: Rowlet|Energy Ball|p1b: Tatsugiri\n|-damage|p1b: Tatsugiri|71\/100\n|move|p2b: Armarouge|Trick Room|p2b: Armarouge\n|-fieldstart|move: Trick Room|[of] p2b: Armarouge\n|\n|upkeep\n|turn|7\n|\n|t:|1700332944\n|move|p2b: Armarouge|Wide Guard|p2b: Armarouge\n|-singleturn|p2b: Armarouge|Wide Guard\n|move|p2a: Rowlet|Energy Ball|p1b: Tatsugiri\n|-damage|p1b: Tatsugiri|41\/100\n|move|p1b: Tatsugiri|Muddy Water|p2a: Rowlet|[spread] \n|-activate|p2a: Rowlet|move: Wide Guard\n|-activate|p2b: Armarouge|move: Wide Guard\n|\n|upkeep\n|turn|8\n|c|\u2606casper6_14|gg\n|-message|casper6_14 forfeited.\n|\n|win|tomcheung22\n|l|\u2606casper6_14\n|c|\u2606tomcheung22|ggs\n","uploadtime":1700332962,"views":9,"p1id":"casper614","p2id":"tomcheung22","formatid":"gen9vgc2023regulatione","rating":0,"private":0,"password":""}