{"id":"gen9vgc2023regulatione-1988062108","p1":"p-funky","p2":"duramn","format":"[Gen 9] VGC 2023 Regulation E","log":"|j|\u2606p-funky\n|j|\u2606duramn\n|t:|1699664900\n|gametype|doubles\n|player|p1|p-funky|koga-gen1rb|1053\n|player|p2|duramn|janitor|1088\n|teamsize|p1|6\n|teamsize|p2|6\n|gen|9\n|tier|[Gen 9] VGC 2023 Regulation E\n|rated|\n|rule|Species Clause: Limit one of each Pok\u00e9mon\n|rule|Item Clause: Limit one of each item\n|clearpoke\n|poke|p1|Forretress, L50, F|\n|poke|p1|Slither Wing, L50|\n|poke|p1|Scizor, L50, F|\n|poke|p1|Volbeat, L50, M|\n|poke|p1|Volcarona, L50, M|\n|poke|p1|Kleavor, L50, F|\n|poke|p2|Pincurchin, L50, M|\n|poke|p2|Iron Hands, L50|\n|poke|p2|Dragonite, L50, F|\n|poke|p2|Gholdengo, L50|\n|poke|p2|Raichu-Alola, L50, M|\n|poke|p2|Clefairy, L50, M|\n|teampreview|4\n|inactive|Battle timer is ON: inactive players will automatically lose when time's up. (requested by duramn)\n|\n|t:|1699664926\n|start\n|switch|p1a: Volcarona|Volcarona, L50, M|100\/100\n|switch|p1b: Volbeat|Volbeat, L50, M|100\/100\n|switch|p2a: Clefairy|Clefairy, L50, M|100\/100\n|switch|p2b: Dragonite|Dragonite, L50, F|100\/100\n|turn|1\n|inactive|p-funky has 30 seconds left.\n|\n|t:|1699664954\n|-terastallize|p2b: Dragonite|Normal\n|move|p2a: Clefairy|Helping Hand|p2b: Dragonite\n|-singleturn|p2b: Dragonite|Helping Hand|[of] p2a: Clefairy\n|move|p1a: Volcarona|Protect|p1a: Volcarona\n|-singleturn|p1a: Volcarona|Protect\n|move|p2b: Dragonite|Extreme Speed|p1a: Volcarona\n|-activate|p1a: Volcarona|move: Protect\n|move|p1b: Volbeat|Taunt|p2a: Clefairy\n|-start|p2a: Clefairy|move: Taunt\n|\n|upkeep\n|turn|2\n|inactive|p-funky has 30 seconds left.\n|\n|t:|1699664979\n|switch|p1a: Forretress|Forretress, L50, F|100\/100\n|move|p2b: Dragonite|Extreme Speed|p1a: Forretress\n|-resisted|p1a: Forretress\n|-damage|p1a: Forretress|75\/100\n|move|p1b: Volbeat|Encore|p2a: Clefairy\n|-start|p2a: Clefairy|Encore\n|cant|p2a: Clefairy|move: Taunt|Helping Hand\n|\n|-heal|p1a: Forretress|81\/100|[from] item: Leftovers\n|upkeep\n|turn|3\n|\n|t:|1699664998\n|switch|p2a: Gholdengo|Gholdengo, L50|100\/100\n|move|p1b: Volbeat|Protect|p1b: Volbeat\n|-singleturn|p1b: Volbeat|Protect\n|move|p2b: Dragonite|Extreme Speed|p1b: Volbeat\n|-activate|p1b: Volbeat|move: Protect\n|move|p1a: Forretress|Iron Defense|p1a: Forretress\n|-boost|p1a: Forretress|def|2\n|\n|-heal|p1a: Forretress|87\/100|[from] item: Leftovers\n|upkeep\n|turn|4\n|\n|t:|1699665019\n|move|p2b: Dragonite|Extreme Speed|p1b: Volbeat\n|-damage|p1b: Volbeat|39\/100\n|move|p1b: Volbeat|Taunt|p2a: Gholdengo\n|-immune|p2a: Gholdengo|[from] ability: Good as Gold\n|move|p2a: Gholdengo|Nasty Plot|p2a: Gholdengo\n|-boost|p2a: Gholdengo|spa|2\n|move|p1a: Forretress|Body Press|p2b: Dragonite\n|-supereffective|p2b: Dragonite\n|-damage|p2b: Dragonite|2\/100\n|\n|-heal|p1a: Forretress|93\/100|[from] item: Leftovers\n|upkeep\n|turn|5\n|\n|t:|1699665043\n|move|p1a: Forretress|Protect|p1a: Forretress\n|-singleturn|p1a: Forretress|Protect\n|move|p2b: Dragonite|Extreme Speed|p1b: Volbeat\n|-damage|p1b: Volbeat|0 fnt\n|faint|p1b: Volbeat\n|move|p2a: Gholdengo|Shadow Ball|p1a: Forretress\n|-activate|p1a: Forretress|move: Protect\n|\n|-heal|p1a: Forretress|99\/100|[from] item: Leftovers\n|upkeep\n|\n|t:|1699665063\n|switch|p1b: Volcarona|Volcarona, L50, M|100\/100\n|turn|6\n|\n|t:|1699665073\n|move|p1b: Volcarona|Protect|p1b: Volcarona\n|-singleturn|p1b: Volcarona|Protect\n|move|p2b: Dragonite|Extreme Speed|p1b: Volcarona\n|-activate|p1b: Volcarona|move: Protect\n|move|p2a: Gholdengo|Shadow Ball|p1a: Forretress\n|-damage|p1a: Forretress|24\/100\n|move|p1a: Forretress|Body Press|p2b: Dragonite\n|-supereffective|p2b: Dragonite\n|-damage|p2b: Dragonite|0 fnt\n|faint|p2b: Dragonite\n|\n|-heal|p1a: Forretress|30\/100|[from] item: Leftovers\n|upkeep\n|\n|t:|1699665078\n|switch|p2b: Clefairy|Clefairy, L50, M|100\/100\n|turn|7\n|\n|t:|1699665102\n|move|p2b: Clefairy|Helping Hand|p2a: Gholdengo\n|-immune|p2a: Gholdengo|[from] ability: Good as Gold\n|move|p1b: Volcarona|Quiver Dance|p1b: Volcarona\n|-boost|p1b: Volcarona|spa|1\n|-boost|p1b: Volcarona|spd|1\n|-boost|p1b: Volcarona|spe|1\n|move|p2a: Gholdengo|Make It Rain|p1b: Volcarona|[spread] p1a,p1b\n|-resisted|p1a: Forretress\n|-resisted|p1b: Volcarona\n|-damage|p1a: Forretress|0 fnt\n|-damage|p1b: Volcarona|71\/100\n|-unboost|p2a: Gholdengo|spa|1\n|faint|p1a: Forretress\n|\n|upkeep\n|\n|t:|1699665116\n|switch|p1a: Kleavor|Kleavor, L50, F|100\/100\n|turn|8\n|\n|t:|1699665126\n|-terastallize|p1a: Kleavor|Ground\n|move|p2b: Clefairy|Follow Me|p2b: Clefairy\n|-singleturn|p2b: Clefairy|move: Follow Me\n|move|p1b: Volcarona|Heat Wave|p2b: Clefairy|[spread] p2a,p2b\n|-supereffective|p2a: Gholdengo\n|-damage|p2a: Gholdengo|12\/100\n|-damage|p2b: Clefairy|61\/100\n|move|p2a: Gholdengo|Shadow Ball|p1b: Volcarona\n|-damage|p1b: Volcarona|36\/100\n|move|p1a: Kleavor|Tera Blast|p2b: Clefairy|[anim] Tera Blast Ground\n|-damage|p2b: Clefairy|15\/100\n|\n|-heal|p2a: Gholdengo|18\/100|[from] item: Leftovers\n|upkeep\n|turn|9\n|inactive|p-funky has 30 seconds left.\n|\n|t:|1699665153\n|move|p1b: Volcarona|Heat Wave|p2b: Clefairy|[spread] p2a,p2b\n|-supereffective|p2a: Gholdengo\n|-damage|p2a: Gholdengo|0 fnt\n|-damage|p2b: Clefairy|0 fnt\n|faint|p2a: Gholdengo\n|faint|p2b: Clefairy\n|move|p1a: Kleavor|Trailblaze|p2: Gholdengo|[notarget]\n|-fail|p1a: Kleavor\n|\n|upkeep\n|\n|t:|1699665173\n|switch|p2b: Iron Hands|Iron Hands, L50|100\/100\n|turn|10\n|inactive|p-funky has 30 seconds left.\n|\n|t:|1699665201\n|move|p2b: Iron Hands|Fake Out|p1b: Volcarona\n|-damage|p1b: Volcarona|17\/100\n|-enditem|p1b: Volcarona|Aguav Berry|[eat]\n|-heal|p1b: Volcarona|50\/100|[from] item: Aguav Berry\n|cant|p1b: Volcarona|flinch\n|move|p1a: Kleavor|Trailblaze|p2b: Iron Hands\n|-damage|p2b: Iron Hands|84\/100\n|\n|upkeep\n|turn|11\n|inactive|p-funky has 30 seconds left.\n|\n|t:|1699665231\n|move|p1b: Volcarona|Giga Drain|p2b: Iron Hands\n|-damage|p2b: Iron Hands|62\/100\n|-heal|p1b: Volcarona|64\/100|[from] drain|[of] p2b: Iron Hands\n|move|p1a: Kleavor|Tera Blast|p2b: Iron Hands|[anim] Tera Blast Ground\n|-supereffective|p2b: Iron Hands\n|-damage|p2b: Iron Hands|6\/100\n|move|p2b: Iron Hands|Wild Charge|p1b: Volcarona\n|-damage|p1b: Volcarona|0 fnt\n|faint|p1b: Volcarona\n|-damage|p2b: Iron Hands|0 fnt|[from] Recoil\n|faint|p2b: Iron Hands\n|-end|p2b: Iron Hands|Quark Drive|[silent]\n|\n|win|p-funky\n|raw|p-funky's rating: 1053 &rarr; <strong>1088<\/strong><br \/>(+35 for winning)\n|raw|duramn's rating: 1088 &rarr; <strong>1062<\/strong><br \/>(-26 for losing)\n","uploadtime":1699665244,"views":28,"p1id":"pfunky","p2id":"duramn","formatid":"gen9vgc2023regulatione","rating":1062,"private":0,"password":""}