{"id":"gen9vgc2023regulatione-1989568246","p1":"holdeisolde","p2":"flopplayer","format":"[Gen 9] VGC 2023 Regulation E","log":"|j|\u2606holdeisolde\n|j|\u2606flopplayer\n|t:|1699872596\n|gametype|doubles\n|player|p1|holdeisolde|169|1326\n|player|p2|flopplayer|plasmagrunt|1384\n|teamsize|p1|6\n|teamsize|p2|6\n|gen|9\n|tier|[Gen 9] VGC 2023 Regulation E\n|rated|\n|rule|Species Clause: Limit one of each Pok\u00e9mon\n|rule|Item Clause: Limit one of each item\n|clearpoke\n|poke|p1|Dondozo, L50, F|\n|poke|p1|Tatsugiri, L50, F|\n|poke|p1|Ninetales-Alola, L50, F|\n|poke|p1|Iron Hands, L50|\n|poke|p1|Rillaboom, L50, M|\n|poke|p1|Zoroark-Hisui, L50, F|\n|poke|p2|Tatsugiri, L50, M|\n|poke|p2|Grimmsnarl, L50, M|\n|poke|p2|Iron Hands, L50|\n|poke|p2|Dondozo, L50, M|\n|poke|p2|Glimmora, L50, F|\n|poke|p2|Ogerpon-Hearthflame, L50, F|\n|teampreview|4\n|\n|t:|1699872623\n|start\n|switch|p1a: Dondozo|Dondozo, L50, F, shiny|100\/100\n|switch|p1b: Ninetales|Ninetales-Alola, L50, F|100\/100\n|switch|p2a: Grimmsnarl|Grimmsnarl, L50, M|100\/100\n|switch|p2b: Glimmora|Glimmora, L50, F, shiny|100\/100\n|-weather|Snow|[from] ability: Snow Warning|[of] p1b: Ninetales\n|turn|1\n|\n|t:|1699872655\n|move|p1b: Ninetales|Protect|p1b: Ninetales\n|-singleturn|p1b: Ninetales|Protect\n|move|p2a: Grimmsnarl|Reflect|p2a: Grimmsnarl\n|-sidestart|p2: flopplayer|Reflect\n|move|p1a: Dondozo|Will-O-Wisp|p2b: Glimmora\n|-status|p2b: Glimmora|brn\n|move|p2b: Glimmora|Mortal Spin|p1b: Ninetales|[spread] p1a\n|-activate|p1b: Ninetales|move: Protect\n|-resisted|p1a: Dondozo\n|-damage|p1a: Dondozo|98\/100\n|-status|p1a: Dondozo|psn\n|replace|p1a: Zoroark|Zoroark-Hisui, L50, F\n|-end|p1a: Zoroark|Illusion\n|\n|-weather|Snow|[upkeep]\n|-damage|p1a: Zoroark|86\/100 psn|[from] psn\n|-damage|p2b: Glimmora|95\/100 brn|[from] brn\n|upkeep\n|turn|2\n|\n|t:|1699872686\n|move|p2b: Glimmora|Spiky Shield|p2b: Glimmora\n|-singleturn|p2b: Glimmora|move: Protect\n|move|p1a: Zoroark|Will-O-Wisp|p2a: Grimmsnarl\n|-status|p2a: Grimmsnarl|brn\n|move|p1b: Ninetales|Aurora Veil|p1b: Ninetales\n|-sidestart|p1: holdeisolde|move: Aurora Veil\n|move|p2a: Grimmsnarl|Spirit Break|p1a: Zoroark\n|-damage|p1a: Zoroark|66\/100 psn\n|-unboost|p1a: Zoroark|spa|1\n|\n|-weather|Snow|[upkeep]\n|-damage|p1a: Zoroark|54\/100 psn|[from] psn\n|-damage|p2b: Glimmora|89\/100 brn|[from] brn\n|-damage|p2a: Grimmsnarl|95\/100 brn|[from] brn\n|upkeep\n|turn|3\n|\n|t:|1699872710\n|move|p2a: Grimmsnarl|Light Screen|p2a: Grimmsnarl\n|-sidestart|p2: flopplayer|move: Light Screen\n|move|p1a: Zoroark|Bitter Malice|p2b: Glimmora\n|-damage|p2b: Glimmora|68\/100 brn\n|-unboost|p2b: Glimmora|atk|1\n|move|p1b: Ninetales|Blizzard|p2b: Glimmora|[spread] p2a,p2b\n|-damage|p2a: Grimmsnarl|74\/100 brn\n|-damage|p2b: Glimmora|42\/100 brn\n|move|p2b: Glimmora|Mortal Spin|p1b: Ninetales|[spread] p1a,p1b\n|-resisted|p1a: Zoroark\n|-supereffective|p1b: Ninetales\n|-damage|p1a: Zoroark|53\/100 psn\n|-damage|p1b: Ninetales|98\/100\n|-status|p1b: Ninetales|psn\n|\n|-weather|Snow|[upkeep]\n|-damage|p1a: Zoroark|41\/100 psn|[from] psn\n|-damage|p1b: Ninetales|86\/100 psn|[from] psn\n|-damage|p2b: Glimmora|36\/100 brn|[from] brn\n|-damage|p2a: Grimmsnarl|68\/100 brn|[from] brn\n|upkeep\n|turn|4\n|\n|t:|1699872750\n|move|p2b: Glimmora|Spiky Shield|p2b: Glimmora\n|-singleturn|p2b: Glimmora|move: Protect\n|move|p1a: Zoroark|Dark Pulse|p2b: Glimmora\n|-activate|p2b: Glimmora|move: Protect\n|move|p1b: Ninetales|Moonblast|p2a: Grimmsnarl\n|-supereffective|p2a: Grimmsnarl\n|-damage|p2a: Grimmsnarl|21\/100 brn\n|move|p2a: Grimmsnarl|Spirit Break|p1b: Ninetales\n|-damage|p1b: Ninetales|77\/100 psn\n|-unboost|p1b: Ninetales|spa|1\n|\n|-weather|Snow|[upkeep]\n|-damage|p1a: Zoroark|29\/100 psn|[from] psn\n|-damage|p1b: Ninetales|65\/100 psn|[from] psn\n|-damage|p2b: Glimmora|31\/100 brn|[from] brn\n|-damage|p2a: Grimmsnarl|15\/100 brn|[from] brn\n|upkeep\n|turn|5\n|\n|t:|1699872785\n|move|p2a: Grimmsnarl|Parting Shot|p1b: Ninetales\n|-unboost|p1b: Ninetales|atk|1\n|-unboost|p1b: Ninetales|spa|1\n|\n|t:|1699872789\n|switch|p2a: Dondozo|Dondozo, L50, M|100\/100|[from] Parting Shot\n|move|p1a: Zoroark|Dark Pulse|p2b: Glimmora\n|-damage|p2b: Glimmora|14\/100 brn\n|move|p1b: Ninetales|Blizzard|p2a: Dondozo|[spread] p2a,p2b\n|-resisted|p2a: Dondozo\n|-damage|p2a: Dondozo|91\/100\n|-damage|p2b: Glimmora|0 fnt\n|faint|p2b: Glimmora\n|\n|-weather|none\n|-heal|p2a: Dondozo|98\/100|[from] item: Leftovers\n|-damage|p1a: Zoroark|17\/100 psn|[from] psn\n|-damage|p1b: Ninetales|53\/100 psn|[from] psn\n|upkeep\n|\n|t:|1699872809\n|switch|p2b: Grimmsnarl|Grimmsnarl, L50, M|15\/100 brn\n|turn|6\n|\n|t:|1699872821\n|move|p2a: Dondozo|Protect|p2a: Dondozo\n|-singleturn|p2a: Dondozo|Protect\n|move|p1a: Zoroark|Dark Pulse|p2a: Dondozo\n|-activate|p2a: Dondozo|move: Protect\n|move|p1b: Ninetales|Moonblast|p2a: Dondozo\n|-activate|p2a: Dondozo|move: Protect\n|move|p2b: Grimmsnarl|Spirit Break|p1a: Zoroark\n|-damage|p1a: Zoroark|0 fnt\n|faint|p1a: Zoroark\n|\n|-heal|p2a: Dondozo|100\/100|[from] item: Leftovers\n|-damage|p1b: Ninetales|41\/100 psn|[from] psn\n|-damage|p2b: Grimmsnarl|9\/100 brn|[from] brn\n|upkeep\n|\n|t:|1699872838\n|switch|p1a: Dondozo|Dondozo, L50, F, shiny|100\/100\n|turn|7\n|\n|t:|1699872856\n|move|p2b: Grimmsnarl|Parting Shot|p1a: Dondozo\n|-unboost|p1a: Dondozo|atk|1\n|-unboost|p1a: Dondozo|spa|1\n|\n|t:|1699872858\n|switch|p2b: Tatsugiri|Tatsugiri, L50, M|100\/100|[from] Parting Shot\n|-activate|p2b: Tatsugiri|ability: Commander|[of] p2a: Dondozo\n|-boost|p2a: Dondozo|atk|2\n|-boost|p2a: Dondozo|spa|2\n|-boost|p2a: Dondozo|spe|2\n|-boost|p2a: Dondozo|def|2\n|-boost|p2a: Dondozo|spd|2\n|move|p1b: Ninetales|Blizzard|p2b: Tatsugiri|[spread] p2a\n|-miss|p1b: Ninetales|p2b: Tatsugiri\n|-resisted|p2a: Dondozo\n|-damage|p2a: Dondozo|96\/100\n|move|p2a: Dondozo|Substitute|p2a: Dondozo\n|-start|p2a: Dondozo|Substitute\n|-damage|p2a: Dondozo|71\/100\n|move|p1a: Dondozo|Substitute|p1a: Dondozo\n|-start|p1a: Dondozo|Substitute\n|-damage|p1a: Dondozo|76\/100\n|\n|-heal|p2a: Dondozo|78\/100|[from] item: Leftovers\n|-heal|p1a: Dondozo|82\/100|[from] item: Leftovers\n|-damage|p1b: Ninetales|29\/100 psn|[from] psn\n|upkeep\n|turn|8\n|\n|t:|1699872897\n|switch|p1b: Tatsugiri|Tatsugiri, L50, F|100\/100\n|-activate|p1b: Tatsugiri|ability: Commander|[of] p1a: Dondozo\n|-boost|p1a: Dondozo|atk|2\n|-boost|p1a: Dondozo|spa|2\n|-boost|p1a: Dondozo|spe|2\n|-boost|p1a: Dondozo|def|2\n|-boost|p1a: Dondozo|spd|2\n|move|p2a: Dondozo|Protect|p2a: Dondozo\n|-singleturn|p2a: Dondozo|Protect\n|move|p1a: Dondozo|Order Up|p2a: Dondozo\n|-activate|p2a: Dondozo|move: Protect\n|\n|-heal|p2a: Dondozo|84\/100|[from] item: Leftovers\n|-heal|p1a: Dondozo|88\/100|[from] item: Leftovers\n|-sideend|p2: flopplayer|Reflect\n|upkeep\n|turn|9\n|\n|t:|1699872916\n|move|p2a: Dondozo|Order Up|p1a: Dondozo\n|-activate|p1a: Dondozo|move: Substitute|[damage]\n|-boost|p2a: Dondozo|atk|1\n|move|p1a: Dondozo|Order Up|p2a: Dondozo\n|-activate|p2a: Dondozo|move: Substitute|[damage]\n|-boost|p1a: Dondozo|atk|1\n|\n|-heal|p2a: Dondozo|90\/100|[from] item: Leftovers\n|-heal|p1a: Dondozo|94\/100|[from] item: Leftovers\n|-sideend|p1: holdeisolde|move: Aurora Veil\n|upkeep\n|turn|10\n|\n|t:|1699872937\n|move|p2a: Dondozo|Order Up|p1a: Dondozo\n|-end|p1a: Dondozo|Substitute\n|-boost|p2a: Dondozo|atk|1\n|move|p1a: Dondozo|Order Up|p2a: Dondozo\n|-end|p2a: Dondozo|Substitute\n|-boost|p1a: Dondozo|atk|1\n|\n|-heal|p2a: Dondozo|96\/100|[from] item: Leftovers\n|-heal|p1a: Dondozo|99\/100|[from] item: Leftovers\n|-sideend|p2: flopplayer|move: Light Screen\n|upkeep\n|turn|11\n|\n|t:|1699872953\n|move|p2a: Dondozo|Order Up|p1a: Dondozo\n|-crit|p1a: Dondozo\n|-damage|p1a: Dondozo|78\/100\n|-boost|p2a: Dondozo|atk|1\n|move|p1a: Dondozo|Substitute|p1a: Dondozo\n|-start|p1a: Dondozo|Substitute\n|-damage|p1a: Dondozo|53\/100\n|\n|-heal|p2a: Dondozo|100\/100|[from] item: Leftovers\n|-heal|p1a: Dondozo|59\/100|[from] item: Leftovers\n|upkeep\n|turn|12\n|\n|t:|1699872969\n|move|p2a: Dondozo|Order Up|p1a: Dondozo\n|-activate|p1a: Dondozo|move: Substitute|[damage]\n|-boost|p2a: Dondozo|atk|1\n|move|p1a: Dondozo|Order Up|p2a: Dondozo\n|-damage|p2a: Dondozo|87\/100\n|-boost|p1a: Dondozo|atk|1\n|\n|-heal|p2a: Dondozo|93\/100|[from] item: Leftovers\n|-heal|p1a: Dondozo|65\/100|[from] item: Leftovers\n|upkeep\n|turn|13\n|\n|t:|1699872991\n|move|p1a: Dondozo|Protect|p1a: Dondozo\n|-singleturn|p1a: Dondozo|Protect\n|move|p2a: Dondozo|Order Up|p1a: Dondozo\n|-activate|p1a: Dondozo|move: Protect\n|\n|-heal|p2a: Dondozo|99\/100|[from] item: Leftovers\n|-heal|p1a: Dondozo|71\/100|[from] item: Leftovers\n|upkeep\n|turn|14\n|\n|t:|1699873018\n|move|p2a: Dondozo|Order Up|p1a: Dondozo\n|-crit|p1a: Dondozo\n|-end|p1a: Dondozo|Substitute\n|-boost|p2a: Dondozo|atk|0\n|move|p1a: Dondozo|Order Up|p2a: Dondozo\n|-damage|p2a: Dondozo|86\/100\n|-boost|p1a: Dondozo|atk|1\n|\n|-heal|p2a: Dondozo|93\/100|[from] item: Leftovers\n|-heal|p1a: Dondozo|77\/100|[from] item: Leftovers\n|upkeep\n|turn|15\n|\n|t:|1699873032\n|move|p1a: Dondozo|Protect|p1a: Dondozo\n|-singleturn|p1a: Dondozo|Protect\n|move|p2a: Dondozo|Order Up|p1a: Dondozo\n|-activate|p1a: Dondozo|move: Protect\n|\n|-heal|p2a: Dondozo|99\/100|[from] item: Leftovers\n|-heal|p1a: Dondozo|84\/100|[from] item: Leftovers\n|upkeep\n|turn|16\n|\n|t:|1699873044\n|move|p2a: Dondozo|Order Up|p1a: Dondozo\n|-damage|p1a: Dondozo|70\/100\n|-boost|p2a: Dondozo|atk|0\n|move|p1a: Dondozo|Substitute|p1a: Dondozo\n|-start|p1a: Dondozo|Substitute\n|-damage|p1a: Dondozo|45\/100\n|\n|-heal|p2a: Dondozo|100\/100|[from] item: Leftovers\n|-heal|p1a: Dondozo|51\/100|[from] item: Leftovers\n|upkeep\n|turn|17\n|\n|t:|1699873060\n|move|p1a: Dondozo|Protect|p1a: Dondozo\n|-singleturn|p1a: Dondozo|Protect\n|move|p2a: Dondozo|Substitute|p2a: Dondozo\n|-start|p2a: Dondozo|Substitute\n|-damage|p2a: Dondozo|75\/100\n|\n|-heal|p2a: Dondozo|82\/100|[from] item: Leftovers\n|-heal|p1a: Dondozo|57\/100|[from] item: Leftovers\n|upkeep\n|turn|18\n|\n|t:|1699873076\n|move|p2a: Dondozo|Wave Crash|p1a: Dondozo\n|-resisted|p1a: Dondozo\n|-activate|p1a: Dondozo|move: Substitute|[damage]\n|-damage|p2a: Dondozo|76\/100|[from] Recoil|[of] p1a: Dondozo\n|move|p1a: Dondozo|Wave Crash|p2a: Dondozo\n|-resisted|p2a: Dondozo\n|-activate|p2a: Dondozo|move: Substitute|[damage]\n|-damage|p1a: Dondozo|52\/100|[from] Recoil|[of] p2a: Dondozo\n|\n|-heal|p2a: Dondozo|83\/100|[from] item: Leftovers\n|-heal|p1a: Dondozo|58\/100|[from] item: Leftovers\n|upkeep\n|turn|19\n|\n|t:|1699873092\n|move|p1a: Dondozo|Protect|p1a: Dondozo\n|-singleturn|p1a: Dondozo|Protect\n|move|p2a: Dondozo|Wave Crash|p1a: Dondozo\n|-activate|p1a: Dondozo|move: Protect\n|\n|-heal|p2a: Dondozo|89\/100|[from] item: Leftovers\n|-heal|p1a: Dondozo|64\/100|[from] item: Leftovers\n|upkeep\n|turn|20\n|\n|t:|1699873103\n|move|p2a: Dondozo|Wave Crash|p1a: Dondozo\n|-resisted|p1a: Dondozo\n|-end|p1a: Dondozo|Substitute\n|-damage|p2a: Dondozo|86\/100|[from] Recoil|[of] p1a: Dondozo\n|move|p1a: Dondozo|Order Up|p2a: Dondozo\n|-crit|p2a: Dondozo\n|-end|p2a: Dondozo|Substitute\n|-boost|p1a: Dondozo|atk|1\n|\n|-heal|p2a: Dondozo|93\/100|[from] item: Leftovers\n|-heal|p1a: Dondozo|70\/100|[from] item: Leftovers\n|upkeep\n|turn|21\n|\n|t:|1699873118\n|move|p2a: Dondozo|Order Up|p1a: Dondozo\n|-damage|p1a: Dondozo|56\/100\n|-boost|p2a: Dondozo|atk|0\n|move|p1a: Dondozo|Order Up|p2a: Dondozo\n|-damage|p2a: Dondozo|80\/100\n|-boost|p1a: Dondozo|atk|0\n|\n|-heal|p2a: Dondozo|86\/100|[from] item: Leftovers\n|-heal|p1a: Dondozo|62\/100|[from] item: Leftovers\n|upkeep\n|turn|22\n|\n|t:|1699873133\n|move|p2a: Dondozo|Protect|p2a: Dondozo\n|-singleturn|p2a: Dondozo|Protect\n|move|p1a: Dondozo|Wave Crash|p2a: Dondozo\n|-activate|p2a: Dondozo|move: Protect\n|\n|-heal|p2a: Dondozo|93\/100|[from] item: Leftovers\n|-heal|p1a: Dondozo|68\/100|[from] item: Leftovers\n|upkeep\n|turn|23\n|\n|t:|1699873147\n|move|p1a: Dondozo|Protect|p1a: Dondozo\n|-singleturn|p1a: Dondozo|Protect\n|move|p2a: Dondozo|Wave Crash|p1a: Dondozo\n|-activate|p1a: Dondozo|move: Protect\n|\n|-heal|p2a: Dondozo|99\/100|[from] item: Leftovers\n|-heal|p1a: Dondozo|74\/100|[from] item: Leftovers\n|upkeep\n|turn|24\n|\n|t:|1699873162\n|move|p2a: Dondozo|Wave Crash|p1a: Dondozo\n|-resisted|p1a: Dondozo\n|-damage|p1a: Dondozo|59\/100\n|-damage|p2a: Dondozo|94\/100|[from] Recoil\n|move|p1a: Dondozo|Wave Crash|p2a: Dondozo\n|-resisted|p2a: Dondozo\n|-damage|p2a: Dondozo|80\/100\n|-damage|p1a: Dondozo|54\/100|[from] Recoil\n|\n|-heal|p2a: Dondozo|86\/100|[from] item: Leftovers\n|-heal|p1a: Dondozo|60\/100|[from] item: Leftovers\n|upkeep\n|turn|25\n|\n|t:|1699873175\n|move|p1a: Dondozo|Protect|p1a: Dondozo\n|-singleturn|p1a: Dondozo|Protect\n|move|p2a: Dondozo|Wave Crash|p1a: Dondozo\n|-activate|p1a: Dondozo|move: Protect\n|\n|-heal|p2a: Dondozo|92\/100|[from] item: Leftovers\n|-heal|p1a: Dondozo|67\/100|[from] item: Leftovers\n|upkeep\n|turn|26\n|\n|t:|1699873187\n|move|p2a: Dondozo|Substitute|p2a: Dondozo\n|-start|p2a: Dondozo|Substitute\n|-damage|p2a: Dondozo|67\/100\n|move|p1a: Dondozo|Substitute|p1a: Dondozo\n|-start|p1a: Dondozo|Substitute\n|-damage|p1a: Dondozo|42\/100\n|\n|-heal|p2a: Dondozo|73\/100|[from] item: Leftovers\n|-heal|p1a: Dondozo|48\/100|[from] item: Leftovers\n|upkeep\n|turn|27\n|\n|t:|1699873197\n|move|p2a: Dondozo|Protect|p2a: Dondozo\n|-singleturn|p2a: Dondozo|Protect\n|move|p1a: Dondozo|Protect||[still]\n|-fail|p1a: Dondozo\n|\n|-heal|p2a: Dondozo|80\/100|[from] item: Leftovers\n|-heal|p1a: Dondozo|54\/100|[from] item: Leftovers\n|upkeep\n|turn|28\n|\n|t:|1699873211\n|move|p2a: Dondozo|Wave Crash|p1a: Dondozo\n|-resisted|p1a: Dondozo\n|-activate|p1a: Dondozo|move: Substitute|[damage]\n|-damage|p2a: Dondozo|74\/100|[from] Recoil|[of] p1a: Dondozo\n|move|p1a: Dondozo|Order Up|p2a: Dondozo\n|-activate|p2a: Dondozo|move: Substitute|[damage]\n|-boost|p1a: Dondozo|atk|0\n|\n|-heal|p2a: Dondozo|80\/100|[from] item: Leftovers\n|-heal|p1a: Dondozo|60\/100|[from] item: Leftovers\n|upkeep\n|turn|29\n|\n|t:|1699873238\n|move|p1a: Dondozo|Protect|p1a: Dondozo\n|-singleturn|p1a: Dondozo|Protect\n|move|p2a: Dondozo|Wave Crash|p1a: Dondozo\n|-activate|p1a: Dondozo|move: Protect\n|\n|-heal|p2a: Dondozo|87\/100|[from] item: Leftovers\n|-heal|p1a: Dondozo|66\/100|[from] item: Leftovers\n|upkeep\n|turn|30\n|\n|t:|1699873252\n|move|p2a: Dondozo|Wave Crash|p1a: Dondozo\n|-resisted|p1a: Dondozo\n|-end|p1a: Dondozo|Substitute\n|-damage|p2a: Dondozo|84\/100|[from] Recoil|[of] p1a: Dondozo\n|move|p1a: Dondozo|Wave Crash|p2a: Dondozo\n|-resisted|p2a: Dondozo\n|-end|p2a: Dondozo|Substitute\n|-damage|p1a: Dondozo|62\/100|[from] Recoil|[of] p2a: Dondozo\n|\n|-heal|p2a: Dondozo|90\/100|[from] item: Leftovers\n|-heal|p1a: Dondozo|68\/100|[from] item: Leftovers\n|upkeep\n|turn|31\n|\n|t:|1699873270\n|move|p2a: Dondozo|Protect|p2a: Dondozo\n|-singleturn|p2a: Dondozo|Protect\n|move|p1a: Dondozo|Protect||[still]\n|-fail|p1a: Dondozo\n|\n|-heal|p2a: Dondozo|97\/100|[from] item: Leftovers\n|-heal|p1a: Dondozo|74\/100|[from] item: Leftovers\n|upkeep\n|turn|32\n|\n|t:|1699873282\n|move|p2a: Dondozo|Wave Crash|p1a: Dondozo\n|-resisted|p1a: Dondozo\n|-damage|p1a: Dondozo|58\/100\n|-damage|p2a: Dondozo|91\/100|[from] Recoil\n|move|p1a: Dondozo|Substitute|p1a: Dondozo\n|-start|p1a: Dondozo|Substitute\n|-damage|p1a: Dondozo|33\/100\n|\n|-heal|p2a: Dondozo|98\/100|[from] item: Leftovers\n|-heal|p1a: Dondozo|39\/100|[from] item: Leftovers\n|upkeep\n|turn|33\n|\n|t:|1699873294\n|move|p1a: Dondozo|Protect|p1a: Dondozo\n|-singleturn|p1a: Dondozo|Protect\n|move|p2a: Dondozo|Substitute|p2a: Dondozo\n|-start|p2a: Dondozo|Substitute\n|-damage|p2a: Dondozo|73\/100\n|\n|-heal|p2a: Dondozo|79\/100|[from] item: Leftovers\n|-heal|p1a: Dondozo|45\/100|[from] item: Leftovers\n|upkeep\n|turn|34\n|\n|t:|1699873308\n|move|p2a: Dondozo|Order Up|p1a: Dondozo\n|-activate|p1a: Dondozo|move: Substitute|[damage]\n|-boost|p2a: Dondozo|atk|0\n|move|p1a: Dondozo|Wave Crash|p2a: Dondozo\n|-resisted|p2a: Dondozo\n|-activate|p2a: Dondozo|move: Substitute|[damage]\n|-damage|p1a: Dondozo|40\/100|[from] Recoil|[of] p2a: Dondozo\n|\n|-heal|p2a: Dondozo|85\/100|[from] item: Leftovers\n|-heal|p1a: Dondozo|47\/100|[from] item: Leftovers\n|upkeep\n|turn|35\n|\n|t:|1699873321\n|move|p2a: Dondozo|Protect|p2a: Dondozo\n|-singleturn|p2a: Dondozo|Protect\n|move|p1a: Dondozo|Protect||[still]\n|-fail|p1a: Dondozo\n|\n|-heal|p2a: Dondozo|91\/100|[from] item: Leftovers\n|-heal|p1a: Dondozo|53\/100|[from] item: Leftovers\n|upkeep\n|turn|36\n|\n|t:|1699873339\n|move|p2a: Dondozo|Order Up|p1a: Dondozo\n|-end|p1a: Dondozo|Substitute\n|-boost|p2a: Dondozo|atk|0\n|move|p1a: Dondozo|Substitute|p1a: Dondozo\n|-start|p1a: Dondozo|Substitute\n|-damage|p1a: Dondozo|28\/100\n|\n|-heal|p2a: Dondozo|98\/100|[from] item: Leftovers\n|-heal|p1a: Dondozo|34\/100|[from] item: Leftovers\n|upkeep\n|turn|37\n|\n|t:|1699873360\n|move|p2a: Dondozo|Substitute|p2a: Dondozo\n|-fail|p2a: Dondozo|move: Substitute\n|move|p1a: Dondozo|Wave Crash|p2a: Dondozo\n|-resisted|p2a: Dondozo\n|-end|p2a: Dondozo|Substitute\n|-damage|p1a: Dondozo|30\/100|[from] Recoil|[of] p2a: Dondozo\n|\n|-heal|p2a: Dondozo|100\/100|[from] item: Leftovers\n|-heal|p1a: Dondozo|36\/100|[from] item: Leftovers\n|upkeep\n|turn|38\n|\n|t:|1699873378\n|move|p1a: Dondozo|Protect|p1a: Dondozo\n|-singleturn|p1a: Dondozo|Protect\n|move|p2a: Dondozo|Substitute|p2a: Dondozo\n|-start|p2a: Dondozo|Substitute\n|-damage|p2a: Dondozo|75\/100\n|\n|-heal|p2a: Dondozo|82\/100|[from] item: Leftovers\n|-heal|p1a: Dondozo|42\/100|[from] item: Leftovers\n|upkeep\n|turn|39\n|\n|t:|1699873391\n|move|p2a: Dondozo|Wave Crash|p1a: Dondozo\n|-resisted|p1a: Dondozo\n|-activate|p1a: Dondozo|move: Substitute|[damage]\n|-damage|p2a: Dondozo|77\/100|[from] Recoil|[of] p1a: Dondozo\n|move|p1a: Dondozo|Wave Crash|p2a: Dondozo\n|-resisted|p2a: Dondozo\n|-activate|p2a: Dondozo|move: Substitute|[damage]\n|-damage|p1a: Dondozo|37\/100|[from] Recoil|[of] p2a: Dondozo\n|\n|-heal|p2a: Dondozo|83\/100|[from] item: Leftovers\n|-heal|p1a: Dondozo|44\/100|[from] item: Leftovers\n|upkeep\n|turn|40\n|\n|t:|1699873406\n|move|p2a: Dondozo|Protect|p2a: Dondozo\n|-singleturn|p2a: Dondozo|Protect\n|move|p1a: Dondozo|Protect||[still]\n|-fail|p1a: Dondozo\n|\n|-heal|p2a: Dondozo|89\/100|[from] item: Leftovers\n|-heal|p1a: Dondozo|50\/100|[from] item: Leftovers\n|upkeep\n|turn|41\n|\n|t:|1699873419\n|move|p2a: Dondozo|Wave Crash|p1a: Dondozo\n|-resisted|p1a: Dondozo\n|-end|p1a: Dondozo|Substitute\n|-damage|p2a: Dondozo|86\/100|[from] Recoil|[of] p1a: Dondozo\n|move|p1a: Dondozo|Wave Crash|p2a: Dondozo\n|-resisted|p2a: Dondozo\n|-end|p2a: Dondozo|Substitute\n|-damage|p1a: Dondozo|46\/100|[from] Recoil|[of] p2a: Dondozo\n|\n|-heal|p2a: Dondozo|93\/100|[from] item: Leftovers\n|-heal|p1a: Dondozo|52\/100|[from] item: Leftovers\n|upkeep\n|turn|42\n|\n|t:|1699873436\n|move|p1a: Dondozo|Protect|p1a: Dondozo\n|-singleturn|p1a: Dondozo|Protect\n|move|p2a: Dondozo|Order Up|p1a: Dondozo\n|-activate|p1a: Dondozo|move: Protect\n|\n|-heal|p2a: Dondozo|99\/100|[from] item: Leftovers\n|-heal|p1a: Dondozo|58\/100|[from] item: Leftovers\n|upkeep\n|turn|43\n|\n|t:|1699873446\n|move|p2a: Dondozo|Wave Crash|p1a: Dondozo\n|-resisted|p1a: Dondozo\n|-damage|p1a: Dondozo|42\/100\n|-damage|p2a: Dondozo|94\/100|[from] Recoil\n|move|p1a: Dondozo|Substitute|p1a: Dondozo\n|-start|p1a: Dondozo|Substitute\n|-damage|p1a: Dondozo|17\/100\n|\n|-heal|p2a: Dondozo|99\/100|[from] item: Leftovers\n|-heal|p1a: Dondozo|23\/100|[from] item: Leftovers\n|upkeep\n|turn|44\n|\n|t:|1699873464\n|move|p2a: Dondozo|Substitute|p2a: Dondozo\n|-start|p2a: Dondozo|Substitute\n|-damage|p2a: Dondozo|75\/100\n|move|p1a: Dondozo|Order Up|p2a: Dondozo\n|-activate|p2a: Dondozo|move: Substitute|[damage]\n|-boost|p1a: Dondozo|atk|0\n|\n|-heal|p2a: Dondozo|81\/100|[from] item: Leftovers\n|-heal|p1a: Dondozo|29\/100|[from] item: Leftovers\n|upkeep\n|turn|45\n|\n|t:|1699873480\n|move|p2a: Dondozo|Protect|p2a: Dondozo\n|-singleturn|p2a: Dondozo|Protect\n|move|p1a: Dondozo|Wave Crash|p2a: Dondozo\n|-activate|p2a: Dondozo|move: Protect\n|\n|-heal|p2a: Dondozo|88\/100|[from] item: Leftovers\n|-heal|p1a: Dondozo|35\/100|[from] item: Leftovers\n|upkeep\n|turn|46\n|\n|t:|1699873497\n|move|p2a: Dondozo|Order Up|p1a: Dondozo\n|-activate|p1a: Dondozo|move: Substitute|[damage]\n|-boost|p2a: Dondozo|atk|0\n|move|p1a: Dondozo|Wave Crash|p2a: Dondozo\n|-resisted|p2a: Dondozo\n|-end|p2a: Dondozo|Substitute\n|-damage|p1a: Dondozo|31\/100|[from] Recoil|[of] p2a: Dondozo\n|\n|-heal|p2a: Dondozo|94\/100|[from] item: Leftovers\n|-heal|p1a: Dondozo|37\/100|[from] item: Leftovers\n|upkeep\n|turn|47\n|\n|t:|1699873543\n|move|p2a: Dondozo|Order Up|p1a: Dondozo\n|-end|p1a: Dondozo|Substitute\n|-boost|p2a: Dondozo|atk|0\n|move|p1a: Dondozo|Order Up|p2a: Dondozo\n|-damage|p2a: Dondozo|80\/100\n|-boost|p1a: Dondozo|atk|0\n|\n|-heal|p2a: Dondozo|86\/100|[from] item: Leftovers\n|-heal|p1a: Dondozo|44\/100|[from] item: Leftovers\n|upkeep\n|turn|48\n|\n|t:|1699873559\n|move|p2a: Dondozo|Substitute|p2a: Dondozo\n|-start|p2a: Dondozo|Substitute\n|-damage|p2a: Dondozo|61\/100\n|move|p1a: Dondozo|Substitute|p1a: Dondozo\n|-start|p1a: Dondozo|Substitute\n|-damage|p1a: Dondozo|19\/100\n|\n|-heal|p2a: Dondozo|67\/100|[from] item: Leftovers\n|-heal|p1a: Dondozo|25\/100|[from] item: Leftovers\n|upkeep\n|turn|49\n|\n|t:|1699873580\n|move|p2a: Dondozo|Wave Crash|p1a: Dondozo\n|-resisted|p1a: Dondozo\n|-activate|p1a: Dondozo|move: Substitute|[damage]\n|-damage|p2a: Dondozo|62\/100|[from] Recoil|[of] p1a: Dondozo\n|move|p1a: Dondozo|Order Up|p2a: Dondozo\n|-activate|p2a: Dondozo|move: Substitute|[damage]\n|-boost|p1a: Dondozo|atk|0\n|\n|-heal|p2a: Dondozo|68\/100|[from] item: Leftovers\n|-heal|p1a: Dondozo|31\/100|[from] item: Leftovers\n|upkeep\n|turn|50\n|\n|t:|1699873606\n|move|p2a: Dondozo|Protect|p2a: Dondozo\n|-singleturn|p2a: Dondozo|Protect\n|move|p1a: Dondozo|Substitute|p1a: Dondozo\n|-fail|p1a: Dondozo|move: Substitute\n|\n|-heal|p2a: Dondozo|75\/100|[from] item: Leftovers\n|-heal|p1a: Dondozo|37\/100|[from] item: Leftovers\n|upkeep\n|turn|51\n|\n|t:|1699873615\n|move|p2a: Dondozo|Order Up|p1a: Dondozo\n|-end|p1a: Dondozo|Substitute\n|-boost|p2a: Dondozo|atk|0\n|move|p1a: Dondozo|Substitute|p1a: Dondozo\n|-start|p1a: Dondozo|Substitute\n|-damage|p1a: Dondozo|12\/100\n|\n|-heal|p2a: Dondozo|81\/100|[from] item: Leftovers\n|-heal|p1a: Dondozo|18\/100|[from] item: Leftovers\n|upkeep\n|turn|52\n|\n|t:|1699873628\n|move|p2a: Dondozo|Substitute|p2a: Dondozo\n|-fail|p2a: Dondozo|move: Substitute\n|move|p1a: Dondozo|Order Up|p2a: Dondozo\n|-end|p2a: Dondozo|Substitute\n|-boost|p1a: Dondozo|atk|0\n|\n|-heal|p2a: Dondozo|87\/100|[from] item: Leftovers\n|-heal|p1a: Dondozo|24\/100|[from] item: Leftovers\n|upkeep\n|turn|53\n|\n|t:|1699873651\n|move|p2a: Dondozo|Substitute|p2a: Dondozo\n|-start|p2a: Dondozo|Substitute\n|-damage|p2a: Dondozo|62\/100\n|move|p1a: Dondozo|Order Up|p2a: Dondozo\n|-activate|p2a: Dondozo|move: Substitute|[damage]\n|-boost|p1a: Dondozo|atk|0\n|\n|-heal|p2a: Dondozo|68\/100|[from] item: Leftovers\n|-heal|p1a: Dondozo|30\/100|[from] item: Leftovers\n|upkeep\n|turn|54\n|\n|t:|1699873664\n|move|p2a: Dondozo|Wave Crash|p1a: Dondozo\n|-resisted|p1a: Dondozo\n|-activate|p1a: Dondozo|move: Substitute|[damage]\n|-damage|p2a: Dondozo|63\/100|[from] Recoil|[of] p1a: Dondozo\n|move|p1a: Dondozo|Substitute|p1a: Dondozo\n|-fail|p1a: Dondozo|move: Substitute\n|\n|-heal|p2a: Dondozo|70\/100|[from] item: Leftovers\n|-heal|p1a: Dondozo|37\/100|[from] item: Leftovers\n|upkeep\n|turn|55\n|\n|t:|1699873685\n|move|p2a: Dondozo|Substitute|p2a: Dondozo\n|-fail|p2a: Dondozo|move: Substitute\n|move|p1a: Dondozo|Substitute|p1a: Dondozo\n|-fail|p1a: Dondozo|move: Substitute\n|\n|-heal|p2a: Dondozo|76\/100|[from] item: Leftovers\n|-heal|p1a: Dondozo|43\/100|[from] item: Leftovers\n|upkeep\n|turn|56\n|\n|t:|1699873699\n|move|p2a: Dondozo|Wave Crash|p1a: Dondozo\n|-resisted|p1a: Dondozo\n|-end|p1a: Dondozo|Substitute\n|-damage|p2a: Dondozo|73\/100|[from] Recoil|[of] p1a: Dondozo\n|move|p1a: Dondozo|Substitute|p1a: Dondozo\n|-start|p1a: Dondozo|Substitute\n|-damage|p1a: Dondozo|18\/100\n|\n|-heal|p2a: Dondozo|79\/100|[from] item: Leftovers\n|-heal|p1a: Dondozo|24\/100|[from] item: Leftovers\n|upkeep\n|turn|57\n|\n|t:|1699873712\n|move|p2a: Dondozo|Order Up|p1a: Dondozo\n|-activate|p1a: Dondozo|move: Substitute|[damage]\n|-boost|p2a: Dondozo|atk|0\n|move|p1a: Dondozo|Wave Crash|p2a: Dondozo\n|-resisted|p2a: Dondozo\n|-end|p2a: Dondozo|Substitute\n|-damage|p1a: Dondozo|20\/100|[from] Recoil|[of] p2a: Dondozo\n|\n|-heal|p2a: Dondozo|85\/100|[from] item: Leftovers\n|-heal|p1a: Dondozo|26\/100|[from] item: Leftovers\n|upkeep\n|turn|58\n|\n|t:|1699873746\n|move|p2a: Dondozo|Protect|p2a: Dondozo\n|-singleturn|p2a: Dondozo|Protect\n|move|p1a: Dondozo|Wave Crash|p2a: Dondozo\n|-activate|p2a: Dondozo|move: Protect\n|\n|-heal|p2a: Dondozo|92\/100|[from] item: Leftovers\n|-heal|p1a: Dondozo|32\/100|[from] item: Leftovers\n|upkeep\n|turn|59\n|\n|t:|1699873757\n|move|p2a: Dondozo|Substitute|p2a: Dondozo\n|-start|p2a: Dondozo|Substitute\n|-damage|p2a: Dondozo|67\/100\n|move|p1a: Dondozo|Wave Crash|p2a: Dondozo\n|-resisted|p2a: Dondozo\n|-activate|p2a: Dondozo|move: Substitute|[damage]\n|-damage|p1a: Dondozo|27\/100|[from] Recoil|[of] p2a: Dondozo\n|\n|-heal|p2a: Dondozo|73\/100|[from] item: Leftovers\n|-heal|p1a: Dondozo|33\/100|[from] item: Leftovers\n|upkeep\n|turn|60\n|\n|t:|1699873783\n|move|p2a: Dondozo|Substitute|p2a: Dondozo\n|-fail|p2a: Dondozo|move: Substitute\n|move|p1a: Dondozo|Order Up|p2a: Dondozo\n|-end|p2a: Dondozo|Substitute\n|-boost|p1a: Dondozo|atk|0\n|\n|-heal|p2a: Dondozo|79\/100|[from] item: Leftovers\n|-heal|p1a: Dondozo|39\/100|[from] item: Leftovers\n|upkeep\n|turn|61\n|\n|t:|1699873802\n|move|p2a: Dondozo|Substitute|p2a: Dondozo\n|-start|p2a: Dondozo|Substitute\n|-damage|p2a: Dondozo|54\/100\n|move|p1a: Dondozo|Substitute|p1a: Dondozo\n|-fail|p1a: Dondozo|move: Substitute\n|\n|-heal|p2a: Dondozo|60\/100|[from] item: Leftovers\n|-heal|p1a: Dondozo|45\/100|[from] item: Leftovers\n|upkeep\n|turn|62\n|\n|t:|1699873817\n|move|p2a: Dondozo|Protect|p2a: Dondozo\n|-singleturn|p2a: Dondozo|Protect\n|move|p1a: Dondozo|Wave Crash|p2a: Dondozo\n|-activate|p2a: Dondozo|move: Protect\n|\n|-heal|p2a: Dondozo|67\/100|[from] item: Leftovers\n|-heal|p1a: Dondozo|51\/100|[from] item: Leftovers\n|upkeep\n|turn|63\n|\n|t:|1699873832\n|move|p2a: Dondozo|Substitute|p2a: Dondozo\n|-fail|p2a: Dondozo|move: Substitute\n|move|p1a: Dondozo|Wave Crash|p2a: Dondozo\n|-resisted|p2a: Dondozo\n|-activate|p2a: Dondozo|move: Substitute|[damage]\n|-damage|p1a: Dondozo|46\/100|[from] Recoil|[of] p2a: Dondozo\n|\n|-heal|p2a: Dondozo|73\/100|[from] item: Leftovers\n|-heal|p1a: Dondozo|52\/100|[from] item: Leftovers\n|upkeep\n|turn|64\n|\n|t:|1699873845\n|move|p2a: Dondozo|Protect|p2a: Dondozo\n|-singleturn|p2a: Dondozo|Protect\n|move|p1a: Dondozo|Wave Crash|p2a: Dondozo\n|-activate|p2a: Dondozo|move: Protect\n|\n|-heal|p2a: Dondozo|79\/100|[from] item: Leftovers\n|-heal|p1a: Dondozo|58\/100|[from] item: Leftovers\n|upkeep\n|turn|65\n|\n|t:|1699873876\n|move|p2a: Dondozo|Protect|p2a: Dondozo\n|-singleturn|p2a: Dondozo|Protect\n|move|p1a: Dondozo|Order Up|p2a: Dondozo\n|-activate|p2a: Dondozo|move: Protect\n|\n|-heal|p2a: Dondozo|85\/100|[from] item: Leftovers\n|-heal|p1a: Dondozo|64\/100|[from] item: Leftovers\n|upkeep\n|turn|66\n|\n|t:|1699873887\n|move|p2a: Dondozo|Protect||[still]\n|-fail|p2a: Dondozo\n|move|p1a: Dondozo|Substitute|p1a: Dondozo\n|-fail|p1a: Dondozo|move: Substitute\n|\n|-heal|p2a: Dondozo|92\/100|[from] item: Leftovers\n|-heal|p1a: Dondozo|70\/100|[from] item: Leftovers\n|upkeep\n|turn|67\n|\n|t:|1699873901\n|move|p2a: Dondozo|Protect|p2a: Dondozo\n|-singleturn|p2a: Dondozo|Protect\n|move|p1a: Dondozo|Protect||[still]\n|-fail|p1a: Dondozo\n|\n|-heal|p2a: Dondozo|98\/100|[from] item: Leftovers\n|-heal|p1a: Dondozo|77\/100|[from] item: Leftovers\n|upkeep\n|turn|68\n|\n|t:|1699873920\n|move|p1a: Dondozo|Protect|p1a: Dondozo\n|-singleturn|p1a: Dondozo|Protect\n|move|p2a: Dondozo|Substitute|p2a: Dondozo\n|-fail|p2a: Dondozo|move: Substitute\n|\n|-heal|p2a: Dondozo|100\/100|[from] item: Leftovers\n|-heal|p1a: Dondozo|83\/100|[from] item: Leftovers\n|upkeep\n|turn|69\n|\n|t:|1699873948\n|move|p2a: Dondozo|Protect|p2a: Dondozo\n|-singleturn|p2a: Dondozo|Protect\n|move|p1a: Dondozo|Substitute|p1a: Dondozo\n|-fail|p1a: Dondozo|move: Substitute\n|\n|-heal|p1a: Dondozo|89\/100|[from] item: Leftovers\n|upkeep\n|turn|70\n|\n|t:|1699873958\n|-activate|p2a: Dondozo|move: Struggle\n|move|p2a: Dondozo|Struggle|p1b: Tatsugiri|[miss]\n|-miss|p2a: Dondozo|p1b: Tatsugiri\n|move|p1a: Dondozo|Order Up|p2a: Dondozo\n|-end|p2a: Dondozo|Substitute\n|-boost|p1a: Dondozo|atk|0\n|\n|-heal|p1a: Dondozo|95\/100|[from] item: Leftovers\n|upkeep\n|turn|71\n|\n|t:|1699873973\n|-activate|p2a: Dondozo|move: Struggle\n|move|p2a: Dondozo|Struggle|p1b: Tatsugiri|[miss]\n|-miss|p2a: Dondozo|p1b: Tatsugiri\n|-activate|p1a: Dondozo|move: Struggle\n|move|p1a: Dondozo|Struggle|p2b: Tatsugiri|[miss]\n|-miss|p1a: Dondozo|p2b: Tatsugiri\n|\n|-heal|p1a: Dondozo|100\/100|[from] item: Leftovers\n|upkeep\n|turn|72\n|\n|t:|1699873986\n|-activate|p2a: Dondozo|move: Struggle\n|move|p2a: Dondozo|Struggle|p1b: Tatsugiri|[miss]\n|-miss|p2a: Dondozo|p1b: Tatsugiri\n|-activate|p1a: Dondozo|move: Struggle\n|move|p1a: Dondozo|Struggle|p2b: Tatsugiri|[miss]\n|-miss|p1a: Dondozo|p2b: Tatsugiri\n|\n|upkeep\n|turn|73\n|inactive|Battle timer is ON: inactive players will automatically lose when time's up. (requested by holdeisolde)\n|\n|t:|1699874003\n|-activate|p2a: Dondozo|move: Struggle\n|move|p2a: Dondozo|Struggle|p1b: Tatsugiri|[miss]\n|-miss|p2a: Dondozo|p1b: Tatsugiri\n|-activate|p1a: Dondozo|move: Struggle\n|move|p1a: Dondozo|Struggle|p2a: Dondozo\n|-damage|p2a: Dondozo|92\/100\n|-damage|p1a: Dondozo|75\/100|[from] recoil\n|\n|-heal|p2a: Dondozo|98\/100|[from] item: Leftovers\n|-heal|p1a: Dondozo|81\/100|[from] item: Leftovers\n|upkeep\n|turn|74\n|\n|t:|1699874016\n|-activate|p2a: Dondozo|move: Struggle\n|move|p2a: Dondozo|Struggle|p1a: Dondozo\n|-activate|p1a: Dondozo|move: Substitute|[damage]\n|-damage|p2a: Dondozo|73\/100|[from] recoil\n|-activate|p1a: Dondozo|move: Struggle\n|move|p1a: Dondozo|Struggle|p2a: Dondozo\n|-damage|p2a: Dondozo|64\/100\n|-damage|p1a: Dondozo|56\/100|[from] recoil\n|\n|-heal|p2a: Dondozo|70\/100|[from] item: Leftovers\n|-heal|p1a: Dondozo|62\/100|[from] item: Leftovers\n|upkeep\n|turn|75\n|\n|t:|1699874030\n|-activate|p2a: Dondozo|move: Struggle\n|move|p2a: Dondozo|Struggle|p1b: Tatsugiri|[miss]\n|-miss|p2a: Dondozo|p1b: Tatsugiri\n|-activate|p1a: Dondozo|move: Struggle\n|move|p1a: Dondozo|Struggle|p2b: Tatsugiri|[miss]\n|-miss|p1a: Dondozo|p2b: Tatsugiri\n|\n|-heal|p2a: Dondozo|77\/100|[from] item: Leftovers\n|-heal|p1a: Dondozo|68\/100|[from] item: Leftovers\n|upkeep\n|turn|76\n|inactive|holdeisolde has 30 seconds left.\n|inactive|holdeisolde has 20 seconds left.\n|inactive|holdeisolde has 15 seconds left.\n|inactive|holdeisolde has 10 seconds left.\n|inactive|holdeisolde has 5 seconds left.\n|\n|t:|1699874085\n|-activate|p2a: Dondozo|move: Struggle\n|move|p2a: Dondozo|Struggle|p1b: Tatsugiri|[miss]\n|-miss|p2a: Dondozo|p1b: Tatsugiri\n|-activate|p1a: Dondozo|move: Struggle\n|move|p1a: Dondozo|Struggle|p2a: Dondozo\n|-damage|p2a: Dondozo|68\/100\n|-damage|p1a: Dondozo|43\/100|[from] recoil\n|\n|-heal|p2a: Dondozo|75\/100|[from] item: Leftovers\n|-heal|p1a: Dondozo|49\/100|[from] item: Leftovers\n|upkeep\n|turn|77\n|inactive|holdeisolde has 30 seconds left.\n|inactive|holdeisolde has 20 seconds left.\n|inactive|holdeisolde has 15 seconds left.\n|inactive|holdeisolde has 10 seconds left.\n|inactive|holdeisolde has 5 seconds left.\n|\n|t:|1699874140\n|-activate|p2a: Dondozo|move: Struggle\n|move|p2a: Dondozo|Struggle|p1a: Dondozo\n|-end|p1a: Dondozo|Substitute\n|-damage|p2a: Dondozo|50\/100|[from] recoil\n|-activate|p1a: Dondozo|move: Struggle\n|move|p1a: Dondozo|Struggle|p2b: Tatsugiri|[miss]\n|-miss|p1a: Dondozo|p2b: Tatsugiri\n|\n|-heal|p2a: Dondozo|56\/100|[from] item: Leftovers\n|-heal|p1a: Dondozo|55\/100|[from] item: Leftovers\n|upkeep\n|turn|78\n|inactive|holdeisolde has 30 seconds left.\n|inactive|holdeisolde has 20 seconds left.\n|inactive|holdeisolde has 15 seconds left.\n|inactive|holdeisolde has 10 seconds left.\n|inactive|holdeisolde has 5 seconds left.\n|\n|t:|1699874195\n|-activate|p2a: Dondozo|move: Struggle\n|move|p2a: Dondozo|Struggle|p1b: Tatsugiri|[miss]\n|-miss|p2a: Dondozo|p1b: Tatsugiri\n|-activate|p1a: Dondozo|move: Struggle\n|move|p1a: Dondozo|Struggle|p2b: Tatsugiri|[miss]\n|-miss|p1a: Dondozo|p2b: Tatsugiri\n|\n|-heal|p2a: Dondozo|62\/100|[from] item: Leftovers\n|-heal|p1a: Dondozo|61\/100|[from] item: Leftovers\n|upkeep\n|turn|79\n|inactive|holdeisolde has 30 seconds left.\n|inactive|holdeisolde has 20 seconds left.\n|inactive|holdeisolde has 15 seconds left.\n|inactive|holdeisolde has 10 seconds left.\n|inactive|holdeisolde has 5 seconds left.\n|\n|t:|1699874250\n|-activate|p2a: Dondozo|move: Struggle\n|move|p2a: Dondozo|Struggle|p1a: Dondozo\n|-damage|p1a: Dondozo|52\/100\n|-damage|p2a: Dondozo|37\/100|[from] recoil\n|-activate|p1a: Dondozo|move: Struggle\n|move|p1a: Dondozo|Struggle|p2b: Tatsugiri|[miss]\n|-miss|p1a: Dondozo|p2b: Tatsugiri\n|\n|-heal|p2a: Dondozo|43\/100|[from] item: Leftovers\n|-heal|p1a: Dondozo|58\/100|[from] item: Leftovers\n|upkeep\n|turn|80\n|inactive|holdeisolde has 30 seconds left.\n|inactive|holdeisolde has 20 seconds left.\n|inactive|holdeisolde has 15 seconds left.\n|inactive|holdeisolde has 10 seconds left.\n|inactive|holdeisolde has 5 seconds left.\n|\n|t:|1699874305\n|-activate|p2a: Dondozo|move: Struggle\n|move|p2a: Dondozo|Struggle|p1a: Dondozo\n|-damage|p1a: Dondozo|49\/100\n|-damage|p2a: Dondozo|18\/100|[from] recoil\n|-activate|p1a: Dondozo|move: Struggle\n|move|p1a: Dondozo|Struggle|p2a: Dondozo\n|-damage|p2a: Dondozo|10\/100\n|-damage|p1a: Dondozo|24\/100|[from] recoil\n|\n|-heal|p2a: Dondozo|17\/100|[from] item: Leftovers\n|-heal|p1a: Dondozo|30\/100|[from] item: Leftovers\n|upkeep\n|turn|81\n|inactive|holdeisolde has 30 seconds left.\n|inactive|holdeisolde has 20 seconds left.\n|inactive|holdeisolde has 15 seconds left.\n|inactive|holdeisolde has 10 seconds left.\n|inactive|holdeisolde has 5 seconds left.\n|\n|t:|1699874360\n|-activate|p2a: Dondozo|move: Struggle\n|move|p2a: Dondozo|Struggle|p1a: Dondozo\n|-damage|p1a: Dondozo|21\/100\n|-damage|p2a: Dondozo|0 fnt|[from] recoil\n|faint|p2a: Dondozo\n|-activate|p1a: Dondozo|move: Struggle\n|move|p1a: Dondozo|Struggle|p2b: Tatsugiri\n|-damage|p2b: Tatsugiri|31\/100\n|-damage|p1a: Dondozo|0 fnt|[from] recoil\n|faint|p1a: Dondozo\n|\n|upkeep\n|inactive|holdeisolde has 30 seconds left.\n|inactive|holdeisolde has 20 seconds left.\n|inactive|holdeisolde has 15 seconds left.\n|inactive|holdeisolde has 10 seconds left.\n|inactive|holdeisolde has 5 seconds left.\n|\n|t:|1699874415\n|switch|p2a: Grimmsnarl|Grimmsnarl, L50, M|9\/100 brn\n|switch|p1a: Ninetales|Ninetales-Alola, L50, F|29\/100 psn\n|-weather|Snow|[from] ability: Snow Warning|[of] p1a: Ninetales\n|turn|82\n|inactive|holdeisolde has 15 seconds left this turn.\n|inactive|holdeisolde has 10 seconds left.\n|inactive|holdeisolde has 5 seconds left.\n|-message|holdeisolde lost due to inactivity.\n|\n|win|flopplayer\n|raw|holdeisolde's rating: 1326 &rarr; <strong>1309<\/strong><br \/>(-17 for losing)\n|raw|flopplayer's rating: 1384 &rarr; <strong>1401<\/strong><br \/>(+17 for winning)\n","uploadtime":1699874438,"views":38,"p1id":"holdeisolde","p2id":"flopplayer","formatid":"gen9vgc2023regulatione","rating":1309,"private":0,"password":""}