{"id":"gen9vgc2023regulatione-1996407437","p1":"TriAxen","p2":"wu1fan","format":"[Gen 9] VGC 2023 Regulation E","log":"|j|\u2606TriAxen\n|j|\u2606wu1fan\n|t:|1700679089\n|gametype|doubles\n|player|p1|TriAxen|266|1144\n|player|p2|wu1fan|102|1169\n|teamsize|p1|6\n|teamsize|p2|6\n|gen|9\n|tier|[Gen 9] VGC 2023 Regulation E\n|rated|\n|rule|Species Clause: Limit one of each Pok\u00e9mon\n|rule|Item Clause: Limit one of each item\n|clearpoke\n|poke|p1|Golem-Alola, L50, M|\n|poke|p1|Lilligant-Hisui, L50, F|\n|poke|p1|Torkoal, L50, F|\n|poke|p1|Flutter Mane, L50|\n|poke|p1|Iron Hands, L50|\n|poke|p1|Sinistcha, L50|\n|poke|p2|Arcanine-Hisui, L50, M|\n|poke|p2|Baxcalibur, L50, M|\n|poke|p2|Ninetales-Alola, L50, F|\n|poke|p2|Ogerpon-Wellspring, L50, F|\n|poke|p2|Iron Hands, L50|\n|poke|p2|Flutter Mane, L50|\n|teampreview|4\n|inactive|Battle timer is ON: inactive players will automatically lose when time's up. (requested by TriAxen)\n|inactive|wu1fan has 60 seconds left.\n|\n|t:|1700679138\n|start\n|switch|p1a: Golem|Golem-Alola, L50, M|100\/100\n|switch|p1b: Torkoal|Torkoal, L50, F|100\/100\n|switch|p2a: Flutter Mane|Flutter Mane, L50|100\/100\n|switch|p2b: Iron Hands|Iron Hands, L50|100\/100\n|-weather|SunnyDay|[from] ability: Drought|[of] p1b: Torkoal\n|-activate|p2a: Flutter Mane|ability: Protosynthesis\n|-start|p2a: Flutter Mane|protosynthesisspe\n|turn|1\n|inactive|TriAxen has 30 seconds left.\n|inactive|TriAxen has 20 seconds left.\n|inactive|TriAxen has 15 seconds left.\n|\n|t:|1700679182\n|move|p2b: Iron Hands|Fake Out|p1a: Golem\n|-resisted|p1a: Golem\n|-crit|p1a: Golem\n|-damage|p1a: Golem|92\/100\n|move|p2a: Flutter Mane|Dark Pulse|p1b: Torkoal\n|-damage|p1b: Torkoal|75\/100\n|cant|p1a: Golem|flinch\n|move|p1b: Torkoal|Eruption|p2b: Iron Hands|[spread] p2a,p2b\n|-damage|p2a: Flutter Mane|63\/100\n|-damage|p2b: Iron Hands|79\/100\n|\n|-weather|SunnyDay|[upkeep]\n|upkeep\n|turn|2\n|\n|t:|1700679204\n|move|p2a: Flutter Mane|Dark Pulse|p1b: Torkoal\n|-damage|p1b: Torkoal|50\/100\n|move|p2b: Iron Hands|Drain Punch|p1a: Golem\n|-supereffective|p1a: Golem\n|-damage|p1a: Golem|15\/100\n|-heal|p2b: Iron Hands|100\/100|[from] drain|[of] p1a: Golem\n|move|p1a: Golem|Rock Slide|p2b: Iron Hands|[spread] p2a,p2b\n|-resisted|p2b: Iron Hands\n|-damage|p2a: Flutter Mane|0 fnt\n|-damage|p2b: Iron Hands|87\/100\n|faint|p2a: Flutter Mane\n|-end|p2a: Flutter Mane|Protosynthesis|[silent]\n|-damage|p1a: Golem|5\/100|[from] item: Life Orb\n|move|p1b: Torkoal|Will-O-Wisp|p2b: Iron Hands\n|-status|p2b: Iron Hands|brn\n|\n|-weather|SunnyDay|[upkeep]\n|-damage|p2b: Iron Hands|81\/100 brn|[from] brn\n|upkeep\n|\n|t:|1700679226\n|switch|p2a: Ninetales|Ninetales-Alola, L50, F|100\/100\n|-weather|Snow|[from] ability: Snow Warning|[of] p2a: Ninetales\n|turn|3\n|\n|t:|1700679237\n|move|p2a: Ninetales|Aurora Veil|p2a: Ninetales\n|-sidestart|p2: wu1fan|move: Aurora Veil\n|move|p2b: Iron Hands|Drain Punch|p1a: Golem\n|-supereffective|p1a: Golem\n|-damage|p1a: Golem|0 fnt\n|-heal|p2b: Iron Hands|83\/100 brn|[from] drain|[of] p1a: Golem\n|faint|p1a: Golem\n|move|p1b: Torkoal|Eruption|p2b: Iron Hands|[spread] p2a,p2b\n|-supereffective|p2a: Ninetales\n|-damage|p2a: Ninetales|80\/100\n|-damage|p2b: Iron Hands|76\/100 brn\n|\n|-weather|Snow|[upkeep]\n|-damage|p2b: Iron Hands|70\/100 brn|[from] brn\n|upkeep\n|\n|t:|1700679244\n|switch|p1a: Flutter Mane|Flutter Mane, L50|100\/100\n|turn|4\n|\n|t:|1700679262\n|move|p1a: Flutter Mane|Mystical Fire|p2a: Ninetales\n|-supereffective|p2a: Ninetales\n|-damage|p2a: Ninetales|28\/100\n|-unboost|p2a: Ninetales|spa|1\n|move|p2a: Ninetales|Icy Wind|p1a: Flutter Mane|[spread] p1a,p1b\n|-resisted|p1b: Torkoal\n|-damage|p1a: Flutter Mane|91\/100\n|-damage|p1b: Torkoal|46\/100\n|-unboost|p1a: Flutter Mane|spe|1\n|-unboost|p1b: Torkoal|spe|1\n|move|p2b: Iron Hands|Heavy Slam|p1a: Flutter Mane\n|-supereffective|p1a: Flutter Mane\n|-damage|p1a: Flutter Mane|0 fnt\n|faint|p1a: Flutter Mane\n|-end|p1a: Flutter Mane|Protosynthesis|[silent]\n|move|p1b: Torkoal|Eruption|p2b: Iron Hands|[spread] p2a,p2b\n|-supereffective|p2a: Ninetales\n|-damage|p2a: Ninetales|5\/100\n|-damage|p2b: Iron Hands|64\/100 brn\n|\n|-weather|Snow|[upkeep]\n|-damage|p2b: Iron Hands|58\/100 brn|[from] brn\n|upkeep\n|\n|t:|1700679279\n|switch|p1a: Iron Hands|Iron Hands, L50|100\/100\n|turn|5\n|inactive|wu1fan has 30 seconds left.\n|\n|t:|1700679308\n|move|p1b: Torkoal|Protect|p1b: Torkoal\n|-singleturn|p1b: Torkoal|Protect\n|move|p1a: Iron Hands|Fake Out|p2a: Ninetales\n|-damage|p2a: Ninetales|0 fnt\n|faint|p2a: Ninetales\n|move|p2b: Iron Hands|Wild Charge|p1b: Torkoal\n|-activate|p1b: Torkoal|move: Protect\n|\n|-weather|Snow|[upkeep]\n|-damage|p2b: Iron Hands|52\/100 brn|[from] brn\n|upkeep\n|\n|t:|1700679321\n|switch|p2a: Ogerpon|Ogerpon-Wellspring, L50, F|100\/100\n|turn|6\n|\n|t:|1700679344\n|move|p2a: Ogerpon|Ivy Cudgel|p1b: Torkoal|[anim] Ivy Cudgel Water\n|-supereffective|p1b: Torkoal\n|-damage|p1b: Torkoal|0 fnt\n|faint|p1b: Torkoal\n|move|p1a: Iron Hands|Drain Punch|p2a: Ogerpon\n|-damage|p2a: Ogerpon|75\/100\n|move|p2b: Iron Hands|Drain Punch|p1a: Iron Hands\n|-damage|p1a: Iron Hands|85\/100\n|-heal|p2b: Iron Hands|60\/100 brn|[from] drain|[of] p1a: Iron Hands\n|\n|-weather|Snow|[upkeep]\n|-damage|p2b: Iron Hands|54\/100 brn|[from] brn\n|upkeep\n|turn|7\n|\n|t:|1700679369\n|move|p2a: Ogerpon|Ivy Cudgel|p1a: Iron Hands|[anim] Ivy Cudgel Water\n|-damage|p1a: Iron Hands|48\/100\n|move|p1a: Iron Hands|Drain Punch|p2a: Ogerpon\n|-damage|p2a: Ogerpon|48\/100\n|-heal|p1a: Iron Hands|58\/100|[from] drain|[of] p2a: Ogerpon\n|move|p2b: Iron Hands|Drain Punch|p1a: Iron Hands\n|-damage|p1a: Iron Hands|43\/100\n|-heal|p2b: Iron Hands|62\/100 brn|[from] drain|[of] p1a: Iron Hands\n|\n|-weather|Snow|[upkeep]\n|-damage|p2b: Iron Hands|56\/100 brn|[from] brn\n|-sideend|p2: wu1fan|move: Aurora Veil\n|upkeep\n|turn|8\n|\n|t:|1700679386\n|-terastallize|p1a: Iron Hands|Fighting\n|move|p2a: Ogerpon|Spiky Shield|p2a: Ogerpon\n|-singleturn|p2a: Ogerpon|move: Protect\n|move|p2b: Iron Hands|Drain Punch|p1a: Iron Hands\n|-crit|p1a: Iron Hands\n|-damage|p1a: Iron Hands|20\/100\n|-heal|p2b: Iron Hands|68\/100 brn|[from] drain|[of] p1a: Iron Hands\n|move|p1a: Iron Hands|Drain Punch|p2a: Ogerpon\n|-activate|p2a: Ogerpon|move: Protect\n|-damage|p1a: Iron Hands|7\/100|[from] Spiky Shield|[of] p2a: Ogerpon\n|\n|-weather|Snow|[upkeep]\n|-damage|p2b: Iron Hands|62\/100 brn|[from] brn\n|upkeep\n|turn|9\n|\n|t:|1700679406\n|move|p2a: Ogerpon|Giga Drain|p1a: Iron Hands\n|-damage|p1a: Iron Hands|0 fnt\n|-heal|p2a: Ogerpon|53\/100|[from] drain|[of] p1a: Iron Hands\n|faint|p1a: Iron Hands\n|-end|p1a: Iron Hands|Quark Drive|[silent]\n|\n|win|wu1fan\n|raw|TriAxen's rating: 1144 &rarr; <strong>1121<\/strong><br \/>(-23 for losing)\n|raw|wu1fan's rating: 1169 &rarr; <strong>1192<\/strong><br \/>(+23 for winning)\n|l|\u2606TriAxen\n","uploadtime":1700679418,"views":5,"p1id":"triaxen","p2id":"wu1fan","formatid":"gen9vgc2023regulatione","rating":1121,"private":0,"password":""}