{"id":"gen9vgc2023regulatione-1994315342","p1":"Stratos2013","p2":"Balake304","format":"[Gen 9] VGC 2023 Regulation E","log":"|j|\u2606Stratos2013\n|j|\u2606Balake304\n|t:|1700430225\n|gametype|doubles\n|player|p1|Stratos2013|101|1116\n|player|p2|Balake304|102|1013\n|teamsize|p1|6\n|teamsize|p2|6\n|gen|9\n|tier|[Gen 9] VGC 2023 Regulation E\n|rated|\n|rule|Species Clause: Limit one of each Pok\u00e9mon\n|rule|Item Clause: Limit one of each item\n|clearpoke\n|poke|p1|Ninetales-Alola, L50, M|\n|poke|p1|Landorus-Therian, L50, M|\n|poke|p1|Iron Hands, L50|\n|poke|p1|Milotic, L50, M|\n|poke|p1|Ogerpon-Hearthflame, L50, F|\n|poke|p1|Baxcalibur, L50, F|\n|poke|p2|Okidogi, L50, M|\n|poke|p2|Grimmsnarl, L50, M|\n|poke|p2|Flutter Mane, L50|\n|poke|p2|Ogerpon-Hearthflame, L50, F|\n|poke|p2|Urshifu-*, L50, M|\n|poke|p2|Arcanine-Hisui, L50, M|\n|teampreview|4\n|inactive|Battle timer is ON: inactive players will automatically lose when time's up. (requested by Balake304)\nBalake304 has agreed to open team sheets.\nStratos2013 rejected open team sheets.\n|c|\u2606Balake304|what does that even do\n|\n|t:|1700430257\n|start\n|switch|p1a: Ninetales|Ninetales-Alola, L50, M|100\/100\n|switch|p1b: Landorus|Landorus-Therian, L50, M|100\/100\n|switch|p2a: Grimmsnarl|Grimmsnarl, L50, M|100\/100\n|switch|p2b: Arcanine|Arcanine-Hisui, L50, M|100\/100\n|-ability|p1b: Landorus|Intimidate|boost\n|-unboost|p2a: Grimmsnarl|atk|1\n|-unboost|p2b: Arcanine|atk|1\n|-weather|Snow|[from] ability: Snow Warning|[of] p1a: Ninetales\n|-ability|p2b: Arcanine|Intimidate|boost\n|-unboost|p1a: Ninetales|atk|1\n|-unboost|p1b: Landorus|atk|1\n|turn|1\n|\n|t:|1700430276\n|move|p1a: Ninetales|Protect|p1a: Ninetales\n|-singleturn|p1a: Ninetales|Protect\n|move|p2a: Grimmsnarl|Reflect|p2a: Grimmsnarl\n|-sidestart|p2: Balake304|Reflect\n|move|p1b: Landorus|U-turn|p2a: Grimmsnarl\n|-damage|p2a: Grimmsnarl|89\/100\n|\n|t:|1700430283\n|switch|p1b: Iron Hands|Iron Hands, L50|100\/100|[from] U-turn\n|move|p2b: Arcanine|Flare Blitz|p1a: Ninetales\n|-activate|p1a: Ninetales|move: Protect\n|\n|-weather|Snow|[upkeep]\n|upkeep\n|turn|2\n|\n|t:|1700430298\n|move|p1b: Iron Hands|Fake Out|p2b: Arcanine\n|-resisted|p2b: Arcanine\n|-damage|p2b: Arcanine|94\/100\n|move|p2a: Grimmsnarl|Light Screen|p2a: Grimmsnarl\n|-sidestart|p2: Balake304|move: Light Screen\n|move|p1a: Ninetales|Aurora Veil|p1a: Ninetales\n|-sidestart|p1: Stratos2013|move: Aurora Veil\n|cant|p2b: Arcanine|flinch\n|\n|-weather|Snow|[upkeep]\n|upkeep\n|turn|3\n|\n|t:|1700430316\n|move|p2a: Grimmsnarl|Parting Shot|p1b: Iron Hands\n|-unboost|p1b: Iron Hands|atk|1\n|-unboost|p1b: Iron Hands|spa|1\n|\n|t:|1700430320\n|switch|p2a: Urshifu|Urshifu-Rapid-Strike, L50, M|100\/100|[from] Parting Shot\n|move|p1a: Ninetales|Moonblast|p2a: Urshifu\n|-supereffective|p2a: Urshifu\n|-damage|p2a: Urshifu|45\/100\n|-unboost|p2a: Urshifu|spa|1\n|move|p2b: Arcanine|Flare Blitz|p1a: Ninetales\n|-supereffective|p1a: Ninetales\n|-damage|p1a: Ninetales|59\/100\n|-damage|p2b: Arcanine|81\/100|[from] Recoil\n|move|p1b: Iron Hands|Drain Punch|p2b: Arcanine\n|-supereffective|p2b: Arcanine\n|-damage|p2b: Arcanine|34\/100\n|\n|-weather|Snow|[upkeep]\n|upkeep\n|turn|4\n|\n|t:|1700430342\n|-terastallize|p2b: Arcanine|Fairy\n|move|p2a: Urshifu|Close Combat|p1a: Ninetales\n|-damage|p1a: Ninetales|19\/100\n|-unboost|p2a: Urshifu|def|1\n|-unboost|p2a: Urshifu|spd|1\n|move|p1a: Ninetales|Blizzard|p2a: Urshifu|[spread] p2a,p2b\n|-resisted|p2a: Urshifu\n|-damage|p2a: Urshifu|28\/100\n|-damage|p2b: Arcanine|20\/100\n|move|p2b: Arcanine|Tera Blast|p1b: Iron Hands|[anim] Tera Blast Fairy\n|-supereffective|p1b: Iron Hands\n|-damage|p1b: Iron Hands|74\/100\n|move|p1b: Iron Hands|Drain Punch|p2b: Arcanine\n|-resisted|p2b: Arcanine\n|-damage|p2b: Arcanine|8\/100\n|-heal|p1b: Iron Hands|78\/100|[from] drain|[of] p2b: Arcanine\n|\n|-weather|Snow|[upkeep]\n|upkeep\n|turn|5\n|inactive|Stratos2013 has 30 seconds left.\n|\n|t:|1700430373\n|move|p2b: Arcanine|Extreme Speed|p1a: Ninetales\n|-damage|p1a: Ninetales|10\/100\n|move|p2a: Urshifu|Close Combat|p1b: Iron Hands\n|-damage|p1b: Iron Hands|47\/100\n|-unboost|p2a: Urshifu|def|1\n|-unboost|p2a: Urshifu|spd|1\n|move|p1a: Ninetales|Blizzard|p2a: Urshifu|[spread] p2a,p2b\n|-resisted|p2a: Urshifu\n|-damage|p2a: Urshifu|3\/100\n|-damage|p2b: Arcanine|0 fnt\n|-status|p2a: Urshifu|frz\n|faint|p2b: Arcanine\n|move|p1b: Iron Hands|Wild Charge|p2a: Urshifu\n|-supereffective|p2a: Urshifu\n|-damage|p2a: Urshifu|0 fnt\n|faint|p2a: Urshifu\n|-damage|p1b: Iron Hands|47\/100|[from] Recoil\n|\n|-weather|none\n|upkeep\n|\n|t:|1700430390\n|switch|p2a: Grimmsnarl|Grimmsnarl, L50, M|89\/100\n|switch|p2b: Flutter Mane|Flutter Mane, L50|100\/100\n|turn|6\n|\n|t:|1700430416\n|move|p1a: Ninetales|Moonblast|p2b: Flutter Mane\n|-damage|p2b: Flutter Mane|83\/100\n|move|p2b: Flutter Mane|Dazzling Gleam|p1b: Iron Hands|[spread] p1a,p1b\n|-supereffective|p1b: Iron Hands\n|-damage|p1a: Ninetales|0 fnt\n|-damage|p1b: Iron Hands|16\/100\n|faint|p1a: Ninetales\n|move|p2a: Grimmsnarl|Spirit Break|p1b: Iron Hands\n|-supereffective|p1b: Iron Hands\n|-damage|p1b: Iron Hands|0 fnt\n|faint|p1b: Iron Hands\n|-end|p1b: Iron Hands|Quark Drive|[silent]\n|\n|upkeep\n|\n|t:|1700430428\n|switch|p1a: Milotic|Milotic, L50, M|100\/100\n|switch|p1b: Landorus|Landorus-Therian, L50, M|100\/100\n|-ability|p1b: Landorus|Intimidate|boost\n|-unboost|p2a: Grimmsnarl|atk|1\n|-unboost|p2b: Flutter Mane|atk|1\n|turn|7\n|c|\u2606Balake304|we in it?\n|\n|t:|1700430441\n|-terastallize|p1b: Landorus|Flying\n|move|p1b: Landorus|Tera Blast|p2b: Flutter Mane|[anim] Tera Blast Flying\n|-damage|p2b: Flutter Mane|27\/100\n|move|p2b: Flutter Mane|Dazzling Gleam|p1b: Landorus|[spread] p1a,p1b\n|-damage|p1a: Milotic|79\/100\n|-damage|p1b: Landorus|63\/100\n|move|p1a: Milotic|Icy Wind|p2b: Flutter Mane|[spread] p2a,p2b\n|-damage|p2a: Grimmsnarl|81\/100\n|-damage|p2b: Flutter Mane|20\/100\n|-unboost|p2a: Grimmsnarl|spe|1\n|-unboost|p2b: Flutter Mane|spe|1\n|move|p2a: Grimmsnarl|Spirit Break|p1b: Landorus\n|-crit|p1b: Landorus\n|-damage|p1b: Landorus|10\/100\n|-unboost|p1b: Landorus|spa|1\n|\n|upkeep\n|turn|8\n|inactive|Stratos2013 has 30 seconds left.\n|\n|t:|1700430468\n|move|p1b: Landorus|Tera Blast|p2a: Grimmsnarl|[anim] Tera Blast Flying\n|-damage|p2a: Grimmsnarl|42\/100\n|move|p2b: Flutter Mane|Dazzling Gleam|p1a: Milotic|[spread] p1a,p1b\n|-damage|p1a: Milotic|54\/100\n|-damage|p1b: Landorus|0 fnt\n|faint|p1b: Landorus\n|move|p1a: Milotic|Scald|p2b: Flutter Mane\n|-damage|p2b: Flutter Mane|2\/100\n|move|p2a: Grimmsnarl|Spirit Break|p1a: Milotic\n|-damage|p1a: Milotic|42\/100\n|-unboost|p1a: Milotic|spa|1\n|-ability|p1a: Milotic|Competitive|boost\n|-boost|p1a: Milotic|spa|2\n|-enditem|p1a: Milotic|Sitrus Berry|[eat]\n|-heal|p1a: Milotic|67\/100|[from] item: Sitrus Berry\n|\n|-sideend|p2: Balake304|Reflect\n|upkeep\n|turn|9\n|\n|t:|1700430486\n|move|p2b: Flutter Mane|Dazzling Gleam|p1a: Milotic\n|-damage|p1a: Milotic|35\/100\n|move|p1a: Milotic|Icy Wind|p2b: Flutter Mane|[spread] p2a,p2b\n|-damage|p2a: Grimmsnarl|31\/100\n|-damage|p2b: Flutter Mane|0 fnt\n|-unboost|p2a: Grimmsnarl|spe|1\n|faint|p2b: Flutter Mane\n|-end|p2b: Flutter Mane|Protosynthesis|[silent]\n|move|p2a: Grimmsnarl|Spirit Break|p1a: Milotic\n|-damage|p1a: Milotic|23\/100\n|-unboost|p1a: Milotic|spa|1\n|-ability|p1a: Milotic|Competitive|boost\n|-boost|p1a: Milotic|spa|2\n|\n|-sideend|p2: Balake304|move: Light Screen\n|-sideend|p1: Stratos2013|move: Aurora Veil\n|upkeep\n|turn|10\n|\n|t:|1700430501\n|move|p1a: Milotic|Scald|p2a: Grimmsnarl\n|-damage|p2a: Grimmsnarl|0 fnt\n|faint|p2a: Grimmsnarl\n|\n|win|Stratos2013\n|raw|Stratos2013's rating: 1116 &rarr; <strong>1134<\/strong><br \/>(+18 for winning)\n|raw|Balake304's rating: 1013 &rarr; <strong>1004<\/strong><br \/>(-9 for losing)\n|l|\u2606Balake304\n","uploadtime":1700430826,"views":27,"p1id":"stratos2013","p2id":"balake304","formatid":"gen9vgc2023regulatione","rating":1004,"private":0,"password":""}