{"id":"gen9vgc2023regulatione-1996469951","p1":"alezinho","p2":"heelflores","format":"[Gen 9] VGC 2023 Regulation E","log":"|j|\u2606alezinho\n|j|\u2606heelflores\n|t:|1700685100\n|gametype|doubles\n|player|p1|alezinho|ghetsis-gen5bw|1315\n|player|p2|heelflores|roughneck-gen4|1345\n|teamsize|p1|6\n|teamsize|p2|6\n|gen|9\n|tier|[Gen 9] VGC 2023 Regulation E\n|rated|\n|rule|Species Clause: Limit one of each Pok\u00e9mon\n|rule|Item Clause: Limit one of each item\n|clearpoke\n|poke|p1|Tornadus, L50, M|\n|poke|p1|Ogerpon-Cornerstone, L50, F|\n|poke|p1|Arcanine-Hisui, L50, M|\n|poke|p1|Rillaboom, L50, M|\n|poke|p1|Regieleki, L50|\n|poke|p1|Clefairy, L50, M|\n|poke|p2|Ogerpon-Wellspring, L50, F|\n|poke|p2|Regieleki, L50|\n|poke|p2|Indeedee-F, L50, F|\n|poke|p2|Tornadus, L50, M|\n|poke|p2|Chi-Yu, L50|\n|poke|p2|Flutter Mane, L50|\n|teampreview|4\n|inactive|Battle timer is ON: inactive players will automatically lose when time's up. (requested by alezinho)\nalezinho has agreed to open team sheets.\n|inactive|alezinho has 60 seconds left.\n|inactive|heelflores has 60 seconds left.\n|\n|t:|1700685155\n|start\n|switch|p1a: Tornadus|Tornadus, L50, M, shiny|100\/100\n|switch|p1b: Clefairy|Clefairy, L50, M|100\/100\n|switch|p2a: Tornadus|Tornadus, L50, M|100\/100\n|switch|p2b: Chi-Yu|Chi-Yu, L50|100\/100\n|-ability|p2b: Chi-Yu|Beads of Ruin\n|turn|1\n|inactive|alezinho has 30 seconds left.\n|inactive|heelflores has 30 seconds left.\n|inactive|alezinho has 20 seconds left.\n|inactive|heelflores has 20 seconds left.\n|\n|t:|1700685194\n|move|p1a: Tornadus|Taunt|p2a: Tornadus\n|-start|p2a: Tornadus|move: Taunt\n|cant|p2a: Tornadus|move: Taunt|Tailwind\n|move|p2b: Chi-Yu|Heat Wave|p1a: Tornadus|[spread] p1a\n|-miss|p2b: Chi-Yu|p1b: Clefairy\n|-damage|p1a: Tornadus|42\/100\n|-damage|p2b: Chi-Yu|91\/100|[from] item: Life Orb\n|move|p1b: Clefairy|Heal Pulse|p1a: Tornadus\n|-heal|p1a: Tornadus|92\/100\n|\n|upkeep\n|turn|2\n|\n|t:|1700685217\n|move|p1a: Tornadus|Tailwind|p1a: Tornadus\n|-sidestart|p1: alezinho|move: Tailwind\n|move|p2b: Chi-Yu|Overheat|p1a: Tornadus\n|-damage|p1a: Tornadus|0 fnt\n|-unboost|p2b: Chi-Yu|spa|2\n|faint|p1a: Tornadus\n|-damage|p2b: Chi-Yu|82\/100|[from] item: Life Orb\n|move|p2a: Tornadus|Bleakwind Storm|p1b: Clefairy\n|-damage|p1b: Clefairy|53\/100\n|-unboost|p1b: Clefairy|spe|1\n|move|p1b: Clefairy|Moonblast|p2b: Chi-Yu\n|-crit|p2b: Chi-Yu\n|-damage|p2b: Chi-Yu|45\/100\n|-unboost|p2b: Chi-Yu|spa|1\n|\n|upkeep\n|\n|t:|1700685228\n|switch|p1a: Ogerpon|Ogerpon-Cornerstone, L50, F|100\/100\n|turn|3\n|inactive|heelflores has 30 seconds left.\n|inactive|heelflores has 20 seconds left.\n|inactive|heelflores has 15 seconds left.\n|inactive|heelflores has 10 seconds left.\n|\n|t:|1700685276\n|switch|p2b: Ogerpon|Ogerpon-Wellspring, L50, F|100\/100\n|switch|p2a: Regieleki|Regieleki, L50|100\/100\n|-terastallize|p1a: Ogerpon|Rock\n|detailschange|p1a: Ogerpon|Ogerpon-Cornerstone-Tera, L50, F, tera:Rock\n|-ability|p1a: Ogerpon|Embody Aspect (Cornerstone)|boost\n|-boost|p1a: Ogerpon|def|1\n|move|p1a: Ogerpon|Swords Dance|p1a: Ogerpon\n|-boost|p1a: Ogerpon|atk|2\n|move|p1b: Clefairy|Heal Pulse|p1a: Ogerpon\n|-fail|p1a: Ogerpon|heal\n|\n|upkeep\n|turn|4\n|inactive|heelflores has 30 seconds left.\n|\n|t:|1700685306\n|move|p1a: Ogerpon|Spiky Shield|p1a: Ogerpon\n|-singleturn|p1a: Ogerpon|move: Protect\n|move|p2a: Regieleki|Electroweb|p1a: Ogerpon|[spread] p1b\n|-activate|p1a: Ogerpon|move: Protect\n|-damage|p1b: Clefairy|34\/100\n|-unboost|p1b: Clefairy|spe|1\n|move|p2b: Ogerpon|Ivy Cudgel|p1a: Ogerpon|[anim] Ivy Cudgel Water\n|-activate|p1a: Ogerpon|move: Protect\n|move|p1b: Clefairy|Icy Wind|p2a: Regieleki|[spread] p2a,p2b\n|-damage|p2a: Regieleki|90\/100\n|-damage|p2b: Ogerpon|94\/100\n|-unboost|p2a: Regieleki|spe|1\n|-unboost|p2b: Ogerpon|spe|1\n|\n|upkeep\n|turn|5\n|inactive|heelflores has 30 seconds left.\n|\n|t:|1700685335\n|-terastallize|p2b: Ogerpon|Water\n|detailschange|p2b: Ogerpon|Ogerpon-Wellspring-Tera, L50, F, tera:Water\n|-ability|p2b: Ogerpon|Embody Aspect (Wellspring)|boost\n|-boost|p2b: Ogerpon|spd|1\n|move|p1b: Clefairy|Follow Me|p1b: Clefairy\n|-singleturn|p1b: Clefairy|move: Follow Me\n|move|p1a: Ogerpon|Ivy Cudgel|p2a: Regieleki|[anim] Ivy Cudgel Rock\n|-damage|p2a: Regieleki|0 fnt\n|faint|p2a: Regieleki\n|move|p2b: Ogerpon|Ivy Cudgel|p1b: Clefairy|[anim] Ivy Cudgel Water\n|-damage|p1b: Clefairy|0 fnt\n|faint|p1b: Clefairy\n|\n|-sideend|p1: alezinho|move: Tailwind\n|upkeep\n|\n|t:|1700685350\n|switch|p2a: Tornadus|Tornadus, L50, M|100\/100\n|switch|p1b: Rillaboom|Rillaboom, L50, M|100\/100\n|-fieldstart|move: Grassy Terrain|[from] ability: Grassy Surge|[of] p1b: Rillaboom\n|turn|6\n|\n|t:|1700685373\n|move|p2a: Tornadus|Protect|p2a: Tornadus\n|-singleturn|p2a: Tornadus|Protect\n|move|p2b: Ogerpon|Spiky Shield|p2b: Ogerpon\n|-singleturn|p2b: Ogerpon|move: Protect\n|move|p1b: Rillaboom|Grassy Glide|p2b: Ogerpon\n|-activate|p2b: Ogerpon|move: Protect\n|-damage|p1b: Rillaboom|88\/100|[from] Spiky Shield|[of] p2b: Ogerpon\n|move|p1a: Ogerpon|Ivy Cudgel|p2a: Tornadus|[anim] Ivy Cudgel Rock\n|-activate|p2a: Tornadus|move: Protect\n|\n|-heal|p1b: Rillaboom|94\/100|[from] Grassy Terrain\n|-heal|p2b: Ogerpon|99\/100|[from] Grassy Terrain\n|upkeep\n|turn|7\n|inactive|heelflores has 30 seconds left.\n|\n|t:|1700685400\n|switch|p2b: Chi-Yu|Chi-Yu, L50|45\/100\n|-ability|p2b: Chi-Yu|Beads of Ruin\n|move|p2a: Tornadus|Tailwind|p2a: Tornadus\n|-sidestart|p2: heelflores|move: Tailwind\n|move|p1b: Rillaboom|Grassy Glide|p2b: Chi-Yu\n|-resisted|p2b: Chi-Yu\n|-crit|p2b: Chi-Yu\n|-damage|p2b: Chi-Yu|0 fnt\n|faint|p2b: Chi-Yu\n|-damage|p1b: Rillaboom|84\/100|[from] item: Life Orb\n|move|p1a: Ogerpon|Ivy Cudgel|p2a: Tornadus|[anim] Ivy Cudgel Rock\n|-supereffective|p2a: Tornadus\n|-damage|p2a: Tornadus|0 fnt\n|faint|p2a: Tornadus\n|\n|-heal|p1b: Rillaboom|90\/100|[from] Grassy Terrain\n|upkeep\n|\n|t:|1700685415\n|switch|p2a: Ogerpon|Ogerpon-Wellspring-Tera, L50, F, tera:Water|99\/100\n|-ability|p2a: Ogerpon|Embody Aspect (Wellspring)|boost\n|-boost|p2a: Ogerpon|spd|1\n|turn|8\n|\n|t:|1700685422\n|move|p2a: Ogerpon|Spiky Shield|p2a: Ogerpon\n|-singleturn|p2a: Ogerpon|move: Protect\n|move|p1b: Rillaboom|Grassy Glide|p2a: Ogerpon\n|-activate|p2a: Ogerpon|move: Protect\n|-damage|p1b: Rillaboom|78\/100|[from] Spiky Shield|[of] p2a: Ogerpon\n|move|p1a: Ogerpon|Horn Leech|p2a: Ogerpon\n|-activate|p2a: Ogerpon|move: Protect\n|-damage|p1a: Ogerpon|88\/100|[from] Spiky Shield|[of] p2a: Ogerpon\n|\n|-heal|p2a: Ogerpon|100\/100|[from] Grassy Terrain\n|-heal|p1a: Ogerpon|94\/100|[from] Grassy Terrain\n|-heal|p1b: Rillaboom|84\/100|[from] Grassy Terrain\n|upkeep\n|turn|9\n|\n|t:|1700685434\n|move|p1b: Rillaboom|Grassy Glide|p2a: Ogerpon\n|-supereffective|p2a: Ogerpon\n|-damage|p2a: Ogerpon|0 fnt\n|faint|p2a: Ogerpon\n|-damage|p1b: Rillaboom|74\/100|[from] item: Life Orb\n|\n|win|alezinho\n|raw|alezinho's rating: 1315 &rarr; <strong>1337<\/strong><br \/>(+22 for winning)\n|raw|heelflores's rating: 1345 &rarr; <strong>1323<\/strong><br \/>(-22 for losing)\n","uploadtime":1700685438,"views":4,"p1id":"alezinho","p2id":"heelflores","formatid":"gen9vgc2023regulatione","rating":1323,"private":0,"password":""}