{"id":"gen9vgc2023regulatione-1998636542","p1":"dunsparcedingo","p2":"Ho oh merry xmas","format":"[Gen 9] VGC 2023 Regulation E","log":"|j|\u2606dunsparcedingo\n|j|\u2606Ho oh merry xmas\n|t:|1700965900\n|gametype|doubles\n|player|p1|dunsparcedingo|zinnia|1323\n|player|p2|Ho oh merry xmas|102|1339\n|teamsize|p1|6\n|teamsize|p2|6\n|gen|9\n|tier|[Gen 9] VGC 2023 Regulation E\n|rated|\n|rule|Species Clause: Limit one of each Pok\u00e9mon\n|rule|Item Clause: Limit one of each item\n|clearpoke\n|poke|p1|Ogerpon-Cornerstone, L50, F|\n|poke|p1|Regidrago, L50|\n|poke|p1|Gholdengo, L50|\n|poke|p1|Grimmsnarl, L50, M|\n|poke|p1|Amoonguss, L50, F|\n|poke|p1|Urshifu-*, L50, M|\n|poke|p2|Ogerpon-Cornerstone, L50, F|\n|poke|p2|Farigiraf, L50, F|\n|poke|p2|Dragonite, L50, M|\n|poke|p2|Chien-Pao, L50|\n|poke|p2|Ursaluna-Bloodmoon, L50, M|\n|poke|p2|Iron Hands, L50|\n|teampreview|4\ndunsparcedingo has agreed to open team sheets.\nHo oh merry xmas has agreed to open team sheets.\n|c|\u2606Ho oh merry xmas|Glhf\n|c|\u2606dunsparcedingo|you too merry friend\n|\n|t:|1700965997\n|start\n|switch|p1a: Regidrago|Regidrago, L50|100\/100\n|switch|p1b: Gholdengo|Gholdengo, L50|100\/100\n|switch|p2a: Farigiraf|Farigiraf, L50, F, shiny|100\/100\n|switch|p2b: Dragonite|Dragonite, L50, M|100\/100\n|turn|1\n|\n|t:|1700966051\n|switch|p2a: Chien-Pao|Chien-Pao, L50|100\/100\n|-ability|p2a: Chien-Pao|Sword of Ruin\n|-terastallize|p2b: Dragonite|Normal\n|move|p2b: Dragonite|Outrage|p1a: Regidrago\n|-supereffective|p1a: Regidrago\n|-damage|p1a: Regidrago|0 fnt\n|faint|p1a: Regidrago\n|move|p1b: Gholdengo|Make It Rain|p2b: Dragonite|[spread] p2a,p2b\n|-supereffective|p2a: Chien-Pao\n|-enditem|p2a: Chien-Pao|Focus Sash\n|-damage|p2a: Chien-Pao|1\/100\n|-damage|p2b: Dragonite|39\/100\n|-unboost|p1b: Gholdengo|spa|1\n|\n|upkeep\n|\n|t:|1700966067\n|switch|p1a: Ogerpon|Ogerpon-Cornerstone, L50, F|100\/100\n|turn|2\n|\n|t:|1700966078\n|move|p2a: Chien-Pao|Protect|p2a: Chien-Pao\n|-singleturn|p2a: Chien-Pao|Protect\n|move|p1a: Ogerpon|Follow Me|p1a: Ogerpon\n|-singleturn|p1a: Ogerpon|move: Follow Me\n|move|p2b: Dragonite|Outrage|p1a: Ogerpon|[from]lockedmove\n|-ability|p1a: Ogerpon|Sturdy\n|-damage|p1a: Ogerpon|1\/100\n|-start|p2b: Dragonite|confusion|[fatigue]\n|move|p1b: Gholdengo|Make It Rain|p2a: Chien-Pao|[spread] p2b\n|-activate|p2a: Chien-Pao|move: Protect\n|-damage|p2b: Dragonite|0 fnt\n|-unboost|p1b: Gholdengo|spa|1\n|faint|p2b: Dragonite\n|\n|upkeep\n|\n|t:|1700966105\n|switch|p2b: Ogerpon|Ogerpon-Cornerstone, L50, F|100\/100\n|turn|3\n|\n|t:|1700966150\n|switch|p2a: Farigiraf|Farigiraf, L50, F, shiny|100\/100\n|move|p1a: Ogerpon|Follow Me|p1a: Ogerpon\n|-singleturn|p1a: Ogerpon|move: Follow Me\n|move|p2b: Ogerpon|Horn Leech|p1a: Ogerpon\n|-damage|p1a: Ogerpon|0 fnt\n|faint|p1a: Ogerpon\n|move|p1b: Gholdengo|Nasty Plot|p1b: Gholdengo\n|-boost|p1b: Gholdengo|spa|2\n|\n|upkeep\n|\n|t:|1700966161\n|switch|p1a: Grimmsnarl|Grimmsnarl, L50, M|100\/100\n|turn|4\n|\n|t:|1700966186\n|move|p2a: Farigiraf|Helping Hand|p2b: Ogerpon\n|-singleturn|p2b: Ogerpon|Helping Hand|[of] p2a: Farigiraf\n|move|p1a: Grimmsnarl|Reflect|p1a: Grimmsnarl\n|-sidestart|p1: dunsparcedingo|Reflect\n|move|p2b: Ogerpon|Ivy Cudgel|p1a: Grimmsnarl|[anim] Ivy Cudgel Rock\n|-damage|p1a: Grimmsnarl|15\/100\n|move|p1b: Gholdengo|Nasty Plot|p1b: Gholdengo\n|-boost|p1b: Gholdengo|spa|2\n|\n|upkeep\n|turn|5\n|\n|t:|1700966227\n|move|p1a: Grimmsnarl|Light Screen|p1a: Grimmsnarl\n|-sidestart|p1: dunsparcedingo|move: Light Screen\n|move|p2b: Ogerpon|Horn Leech|p1a: Grimmsnarl\n|-damage|p1a: Grimmsnarl|0 fnt\n|faint|p1a: Grimmsnarl\n|move|p1b: Gholdengo|Make It Rain|p2b: Ogerpon|[spread] p2a,p2b\n|-supereffective|p2b: Ogerpon\n|-damage|p2a: Farigiraf|0 fnt\n|-ability|p2b: Ogerpon|Sturdy\n|-damage|p2b: Ogerpon|1\/100\n|-unboost|p1b: Gholdengo|spa|1\n|faint|p2a: Farigiraf\n|\n|upkeep\n|\n|t:|1700966233\n|switch|p2a: Chien-Pao|Chien-Pao, L50|1\/100\n|-ability|p2a: Chien-Pao|Sword of Ruin\n|turn|6\n|\n|t:|1700966247\n|move|p2a: Chien-Pao|Protect|p2a: Chien-Pao\n|-singleturn|p2a: Chien-Pao|Protect\n|move|p2b: Ogerpon|Spiky Shield|p2b: Ogerpon\n|-singleturn|p2b: Ogerpon|move: Protect\n|move|p1b: Gholdengo|Make It Rain|p2b: Ogerpon|[spread] \n|-activate|p2a: Chien-Pao|move: Protect\n|-activate|p2b: Ogerpon|move: Protect\n|\n|upkeep\n|turn|7\n|\n|t:|1700966257\n|move|p2a: Chien-Pao|Crunch|p1b: Gholdengo\n|-supereffective|p1b: Gholdengo\n|-damage|p1b: Gholdengo|28\/100\n|move|p2b: Ogerpon|Ivy Cudgel|p1b: Gholdengo|[anim] Ivy Cudgel Rock\n|-resisted|p1b: Gholdengo\n|-damage|p1b: Gholdengo|1\/100\n|move|p1b: Gholdengo|Make It Rain|p2a: Chien-Pao|[spread] p2a,p2b\n|-supereffective|p2a: Chien-Pao\n|-supereffective|p2b: Ogerpon\n|-damage|p2a: Chien-Pao|0 fnt\n|-damage|p2b: Ogerpon|0 fnt\n|-unboost|p1b: Gholdengo|spa|1\n|faint|p2a: Chien-Pao\n|faint|p2b: Ogerpon\n|\n|win|dunsparcedingo\n|raw|dunsparcedingo's rating: 1323 &rarr; <strong>1344<\/strong><br \/>(+21 for winning)\n|raw|Ho oh merry xmas's rating: 1339 &rarr; <strong>1318<\/strong><br \/>(-21 for losing)\n|c|\u2606dunsparcedingo|woah\n|c|\u2606dunsparcedingo|gg\n|c|\u2606Ho oh merry xmas|Lol\n|c|\u2606Ho oh merry xmas|gg\n|c|\u2606Ho oh merry xmas|i have no matchup into gold\n|c|\u2606dunsparcedingo|cheese man go crazy\n|c|\u2606Ho oh merry xmas|Gg wp\n","uploadtime":1700966298,"views":1,"p1id":"dunsparcedingo","p2id":"hoohmerryxmas","formatid":"gen9vgc2023regulatione","rating":1318,"private":0,"password":""}