{"id":"gen9vgc2023regulatione-1993460999","p1":"SilverKID-1412","p2":"tt11823","format":"[Gen 9] VGC 2023 Regulation E","log":"|j|\u2606SilverKID-1412\n|j|\u2606tt11823\n|t:|1700320703\n|gametype|doubles\n|player|p1|SilverKID-1412|ingo|1143\n|player|p2|tt11823|waiter-gen9|1174\n|teamsize|p1|6\n|teamsize|p2|6\n|gen|9\n|tier|[Gen 9] VGC 2023 Regulation E\n|rated|\n|rule|Species Clause: Limit one of each Pok\u00e9mon\n|rule|Item Clause: Limit one of each item\n|clearpoke\n|poke|p1|Samurott-Hisui, L50, M|\n|poke|p1|Clodsire, L50, F|\n|poke|p1|Tornadus, L50, M|\n|poke|p1|Ceruledge, L50, F|\n|poke|p1|Iron Hands, L50|\n|poke|p1|Flutter Mane, L50|\n|poke|p2|Heatran, L50, F|\n|poke|p2|Iron Hands, L50|\n|poke|p2|Sinistcha, L50|\n|poke|p2|Goodra-Hisui, L50, F|\n|poke|p2|Urshifu-*, L50, F|\n|poke|p2|Tornadus, L50, M|\n|teampreview|4\n|\n|t:|1700320722\n|start\n|switch|p1a: Samurott|Samurott-Hisui, L50, M|100\/100\n|switch|p1b: Tornadus|Tornadus, L50, M|100\/100\n|switch|p2a: Tornadus|Tornadus, L50, M|100\/100\n|switch|p2b: Goodra|Goodra-Hisui, L50, F|100\/100\n|turn|1\n|\n|t:|1700320747\n|move|p1b: Tornadus|Knock Off|p2a: Tornadus\n|-damage|p2a: Tornadus|75\/100\n|-enditem|p2a: Tornadus|Covert Cloak|[from] move: Knock Off|[of] p1b: Tornadus\n|move|p2a: Tornadus|Icy Wind|p1b: Tornadus|[spread] p1a,p1b\n|-resisted|p1a: Samurott\n|-supereffective|p1b: Tornadus\n|-crit|p1b: Tornadus\n|-damage|p1a: Samurott|91\/100\n|-damage|p1b: Tornadus|49\/100\n|-unboost|p1a: Samurott|spe|1\n|-unboost|p1b: Tornadus|spe|1\n|-enditem|p1b: Tornadus|Sitrus Berry|[eat]\n|-heal|p1b: Tornadus|73\/100|[from] item: Sitrus Berry\n|move|p1a: Samurott|Ceaseless Edge|p2b: Goodra\n|-damage|p2b: Goodra|63\/100\n|-damage|p1a: Samurott|75\/100|[from] item: Rocky Helmet|[of] p2b: Goodra\n|-sidestart|p2: tt11823|Spikes\n|-damage|p1a: Samurott|65\/100|[from] item: Life Orb\n|move|p2b: Goodra|Shelter|p2b: Goodra\n|-boost|p2b: Goodra|def|2\n|\n|upkeep\n|turn|2\n|\n|t:|1700320778\n|move|p1b: Tornadus|Tailwind|p1b: Tornadus\n|-sidestart|p1: SilverKID-1412|move: Tailwind\n|move|p1a: Samurott|Ceaseless Edge|p2a: Tornadus\n|-damage|p2a: Tornadus|14\/100\n|-sidestart|p2: tt11823|Spikes\n|-damage|p1a: Samurott|56\/100|[from] item: Life Orb\n|move|p2a: Tornadus|Bleakwind Storm|p1a: Samurott|[spread] p1a,p1b\n|-damage|p1a: Samurott|1\/100\n|-damage|p1b: Tornadus|26\/100\n|move|p2b: Goodra|Shelter|p2b: Goodra\n|-boost|p2b: Goodra|def|2\n|\n|upkeep\n|turn|3\n|\n|t:|1700320793\n|move|p2a: Tornadus|Protect|p2a: Tornadus\n|-singleturn|p2a: Tornadus|Protect\n|move|p1b: Tornadus|Knock Off|p2b: Goodra\n|-damage|p2b: Goodra|57\/100\n|-damage|p1b: Tornadus|10\/100|[from] item: Rocky Helmet|[of] p2b: Goodra\n|-enditem|p2b: Goodra|Rocky Helmet|[from] move: Knock Off|[of] p1b: Tornadus\n|move|p1a: Samurott|Ceaseless Edge|p2a: Tornadus\n|-activate|p2a: Tornadus|move: Protect\n|move|p2b: Goodra|Life Dew|p2b: Goodra|[spread] p2a,p2b\n|-heal|p2a: Tornadus|39\/100\n|-heal|p2b: Goodra|82\/100\n|\n|upkeep\n|turn|4\n|\n|t:|1700320819\n|switch|p2a: Iron Hands|Iron Hands, L50|100\/100\n|-damage|p2a: Iron Hands|84\/100|[from] Spikes\n|move|p1b: Tornadus|Bleakwind Storm|p2b: Goodra|[spread] p2a,p2b\n|-resisted|p2b: Goodra\n|-damage|p2a: Iron Hands|65\/100\n|-damage|p2b: Goodra|69\/100\n|-unboost|p2a: Iron Hands|spe|1\n|-unboost|p2b: Goodra|spe|1\n|move|p1a: Samurott|Ceaseless Edge|p2a: Iron Hands\n|-resisted|p2a: Iron Hands\n|-damage|p2a: Iron Hands|45\/100\n|-sidestart|p2: tt11823|Spikes\n|-damage|p1a: Samurott|0 fnt|[from] item: Life Orb\n|faint|p1a: Samurott\n|move|p2b: Goodra|Body Press|p1b: Tornadus\n|-resisted|p1b: Tornadus\n|-damage|p1b: Tornadus|0 fnt\n|faint|p1b: Tornadus\n|\n|upkeep\n|\n|t:|1700320836\n|switch|p1b: Flutter Mane|Flutter Mane, L50|100\/100\n|switch|p1a: Clodsire|Clodsire, L50, F|100\/100\n|turn|5\n|\n|t:|1700320862\n|-terastallize|p1b: Flutter Mane|Fairy\n|move|p2a: Iron Hands|Fake Out|p1b: Flutter Mane\n|-damage|p1b: Flutter Mane|71\/100\n|cant|p1b: Flutter Mane|flinch\n|move|p1a: Clodsire|Stockpile|p1a: Clodsire\n|-start|p1a: Clodsire|stockpile1\n|-boost|p1a: Clodsire|def|1\n|-boost|p1a: Clodsire|spd|1\n|move|p2b: Goodra|Heavy Slam|p1b: Flutter Mane\n|-supereffective|p1b: Flutter Mane\n|-damage|p1b: Flutter Mane|0 fnt\n|faint|p1b: Flutter Mane\n|-end|p1b: Flutter Mane|Protosynthesis|[silent]\n|\n|-sideend|p1: SilverKID-1412|move: Tailwind\n|upkeep\n|turn|6\n|\n|t:|1700320885\n|move|p2b: Goodra|Body Press|p1a: Clodsire\n|-resisted|p1a: Clodsire\n|-damage|p1a: Clodsire|73\/100\n|move|p2a: Iron Hands|Drain Punch|p1a: Clodsire\n|-resisted|p1a: Clodsire\n|-damage|p1a: Clodsire|58\/100\n|-heal|p2a: Iron Hands|52\/100|[from] drain|[of] p1a: Clodsire\n|move|p1a: Clodsire|Toxic|p2a: Iron Hands\n|-status|p2a: Iron Hands|tox\n|\n|-heal|p1a: Clodsire|64\/100|[from] item: Leftovers\n|-damage|p2a: Iron Hands|46\/100 tox|[from] psn\n|upkeep\n|turn|7\n|\n|t:|1700320907\n|-end|p2a: Iron Hands|Quark Drive|[silent]\n|switch|p2a: Tornadus|Tornadus, L50, M|39\/100\n|move|p1a: Clodsire|Protect|p1a: Clodsire\n|-singleturn|p1a: Clodsire|Protect\n|move|p2b: Goodra|Body Press|p1a: Clodsire\n|-activate|p1a: Clodsire|move: Protect\n|\n|-heal|p1a: Clodsire|70\/100|[from] item: Leftovers\n|upkeep\n|turn|8\n|\n|t:|1700320916\n|move|p2a: Tornadus|Taunt|p1a: Clodsire\n|-start|p1a: Clodsire|move: Taunt\n|move|p2b: Goodra|Body Press|p1a: Clodsire\n|-resisted|p1a: Clodsire\n|-damage|p1a: Clodsire|45\/100\n|cant|p1a: Clodsire|move: Taunt|Toxic\n|\n|-heal|p1a: Clodsire|51\/100|[from] item: Leftovers\n|upkeep\n|turn|9\n|-message|SilverKID-1412 forfeited.\n|\n|win|tt11823\n|raw|SilverKID-1412's rating: 1143 &rarr; <strong>1122<\/strong><br \/>(-21 for losing)\n|raw|tt11823's rating: 1202 &rarr; <strong>1223<\/strong><br \/>(+21 for winning)\n|l|\u2606SilverKID-1412\n","uploadtime":1700320932,"views":8,"p1id":"silverkid1412","p2id":"tt11823","formatid":"gen9vgc2023regulatione","rating":1122,"private":0,"password":""}