{"id":"gen9vgc2023regulatione-1994884270","p1":"gjjkjhjgg","p2":"pokeveteran04","format":"[Gen 9] VGC 2023 Regulation E","log":"|j|\u2606gjjkjhjgg\n|j|\u2606pokeveteran04\n|n|\u2606gjjkjhjgg|gjjkjhjgg\n|n|\u2606pokeveteran04|pokeveteran04\n|html|View the match progress at <a href=\"\/game-bestof3-gen9vgc2023regulatione-1994875705\">game-bestof3-gen9vgc2023regulatione-1994875705<\/a>\n|t:|1700501545\n|gametype|doubles\n|player|p1|gjjkjhjgg|hilbert|\n|player|p2|pokeveteran04|red|\n|teamsize|p1|6\n|teamsize|p2|6\n|gen|9\n|tier|[Gen 9] VGC 2023 Regulation E\n|rated|Tournament battle\n|rule|Species Clause: Limit one of each Pok\u00e9mon\n|rule|Item Clause: Limit one of each item\n|clearpoke\n|poke|p1|Ninetales-Alola, L50, F|\n|poke|p1|Sinistcha-Masterpiece, L50|\n|poke|p1|Iron Hands, L50|\n|poke|p1|Ursaluna-Bloodmoon, L50, M|\n|poke|p1|Cetitan, L50, F|\n|poke|p1|Heatran, L50, F|\n|poke|p2|Tornadus, L50, M|\n|poke|p2|Amoonguss, L50, F|\n|poke|p2|Thundurus-Therian, L50, M|\n|poke|p2|Urshifu-*, L50, F|\n|poke|p2|Arcanine-Hisui, L50, M|\n|poke|p2|Ogerpon-Wellspring, L50, F|\n|teampreview|4\n|showteam|p1|Ninetales-Alola||LightClay|SnowWarning|Protect,AuroraVeil,Blizzard,Moonblast|||F|||50|,,,,,Steel]Sinistcha-Masterpiece||RockyHelmet|Hospitality|TrickRoom,MatchaGotcha,RagePowder,LifeDew||||||50|,,,,,Water]Iron Hands||AssaultVest|QuarkDrive|FakeOut,HeavySlam,WildCharge,DrainPunch||||||50|,,,,,Steel]Ursaluna-Bloodmoon||SafetyGoggles|MindsEye|Protect,CalmMind,BloodMoon,EarthPower|||M|||50|,,,,,Poison]Cetitan||SitrusBerry|SlushRush|Protect,BellyDrum,IceSpinner,Liquidation|||F|||50|,,,,,Water]Heatran||Leftovers|FlashFire|Protect,Flamethrower,TeraBlast,EarthPower|||F|||50|,,,,,Grass\n|showteam|p2|Tornadus||FocusSash|Prankster|Tailwind,BleakwindStorm,RainDance,Protect|||M|||50|,,,,,Steel]Amoonguss||Leftovers|Regenerator|Spore,RagePowder,PollenPuff,Protect|||F|||50|,,,,,Water]Thundurus-Therian||ChoiceSpecs|VoltAbsorb|Thunder,VoltSwitch,WeatherBall,WildboltStorm|||M|||50|,,,,,Electric]Urshifu-Rapid-Strike||MysticWater|UnseenFist|SurgingStrikes,AquaJet,CloseCombat,Protect|||F|||50|,,,,,Steel]Arcanine-Hisui||SitrusBerry|Intimidate|ExtremeSpeed,RockSlide,WillOWisp,Protect|||M|||50|,,,,,Water]Ogerpon-Wellspring||WellspringMask|WaterAbsorb|IvyCudgel,HornLeech,FollowMe,SpikyShield|||F|||50|,,,,,Water\n|j| Flarefox_7\n|j| FBISurveillanceMan\n|inactive|Battle timer is ON: inactive players will automatically lose when time's up. (requested by gjjkjhjgg)\n|\n|t:|1700501583\n|start\n|switch|p1a: Sinistcha|Sinistcha-Masterpiece, L50|100\/100\n|switch|p1b: Iron Hands|Iron Hands, L50|100\/100\n|switch|p2a: Tornadus|Tornadus, L50, M|100\/100\n|switch|p2b: GOD OF THUNDER!|Thundurus-Therian, L50, M|100\/100\n|turn|1\n|inactive|gjjkjhjgg has 30 seconds left.\n|\n|t:|1700501610\n|move|p1b: Iron Hands|Fake Out|p2a: Tornadus\n|-damage|p2a: Tornadus|75\/100\n|move|p2b: GOD OF THUNDER!|Wildbolt Storm|p1a: Sinistcha|[spread] p1a,p1b\n|-resisted|p1a: Sinistcha\n|-resisted|p1b: Iron Hands\n|-damage|p1a: Sinistcha|64\/100\n|-damage|p1b: Iron Hands|79\/100\n|-status|p1a: Sinistcha|par\n|cant|p2a: Tornadus|flinch\n|move|p1a: Sinistcha|Trick Room|p1a: Sinistcha\n|-fieldstart|move: Trick Room|[of] p1a: Sinistcha\n|\n|upkeep\n|turn|2\n|\n|t:|1700501626\n|switch|p1a: Ursaluna|Ursaluna-Bloodmoon, L50, M|100\/100\n|-terastallize|p2b: GOD OF THUNDER!|Electric\n|move|p2a: Tornadus|Protect|p2a: Tornadus\n|-singleturn|p2a: Tornadus|Protect\n|move|p1b: Iron Hands|Wild Charge|p2a: Tornadus\n|-activate|p2a: Tornadus|move: Protect\n|move|p2b: GOD OF THUNDER!|Wildbolt Storm|p1b: Iron Hands|[spread] p1b\n|-immune|p1a: Ursaluna\n|-resisted|p1b: Iron Hands\n|-damage|p1b: Iron Hands|51\/100\n|\n|upkeep\n|turn|3\n|inactive|gjjkjhjgg has 30 seconds left.\n|inactive|pokeveteran04 has 30 seconds left.\n|\n|t:|1700501658\n|-end|p1b: Iron Hands|Quark Drive|[silent]\n|switch|p1b: Heatran|Heatran, L50, F|100\/100\n|switch|p2a: Amoonguss|Amoonguss, L50, F|100\/100\n|switch|p2b: Urshifu|Urshifu-Rapid-Strike, L50, F|100\/100\n|move|p1a: Ursaluna|Earth Power|p2b: Urshifu\n|-damage|p2b: Urshifu|38\/100\n|\n|upkeep\n|turn|4\n|\n|t:|1700501682\n|switch|p1b: Sinistcha|Sinistcha-Masterpiece, L50|64\/100 par\n|move|p2a: Amoonguss|Protect|p2a: Amoonguss\n|-singleturn|p2a: Amoonguss|Protect\n|move|p2b: Urshifu|Protect|p2b: Urshifu\n|-singleturn|p2b: Urshifu|Protect\n|move|p1a: Ursaluna|Earth Power|p2b: Urshifu\n|-activate|p2b: Urshifu|move: Protect\n|\n|upkeep\n|turn|5\n|inactive|gjjkjhjgg has 30 seconds left.\n|\n|t:|1700501709\n|switch|p2b: Tornadus|Tornadus, L50, M|75\/100\n|move|p1b: Sinistcha|Life Dew||[still]|[spread] p1a,p1b\n|-fail|p1a: Ursaluna|heal\n|-heal|p1b: Sinistcha|89\/100 par\n|move|p2a: Amoonguss|Pollen Puff|p2b: Tornadus\n|-heal|p2b: Tornadus|100\/100\n|move|p1a: Ursaluna|Earth Power|p2b: Tornadus\n|-immune|p2b: Tornadus\n|\n|-fieldend|move: Trick Room\n|upkeep\n|turn|6\n|\n|t:|1700501732\n|switch|p1b: Heatran|Heatran, L50, F|100\/100\n|move|p2b: Tornadus|Bleakwind Storm|p1b: Heatran|[spread] p1a,p1b\n|-crit|p1a: Ursaluna\n|-resisted|p1b: Heatran\n|-crit|p1b: Heatran\n|-damage|p1a: Ursaluna|29\/100\n|-damage|p1b: Heatran|75\/100\n|move|p1a: Ursaluna|Blood Moon|p2b: Tornadus\n|-enditem|p2b: Tornadus|Focus Sash\n|-damage|p2b: Tornadus|1\/100\n|move|p2a: Amoonguss|Pollen Puff|p1b: Heatran\n|-resisted|p1b: Heatran\n|-damage|p1b: Heatran|71\/100\n|\n|-heal|p1b: Heatran|78\/100|[from] item: Leftovers\n|upkeep\n|turn|7\n|inactive|pokeveteran04 has 30 seconds left.\n|j| the brit crit\n|inactive|pokeveteran04 has 20 seconds left.\n|inactive|gjjkjhjgg has 30 seconds left.\n|\n|t:|1700501773\n|switch|p1a: Iron Hands|Iron Hands, L50|51\/100\n|switch|p2a: Urshifu|Urshifu-Rapid-Strike, L50, F|38\/100\n|move|p2b: Tornadus|Protect|p2b: Tornadus\n|-singleturn|p2b: Tornadus|Protect\n|move|p1b: Heatran|Flamethrower|p2a: Urshifu\n|-resisted|p2a: Urshifu\n|-damage|p2a: Urshifu|5\/100\n|\n|-heal|p1b: Heatran|84\/100|[from] item: Leftovers\n|upkeep\n|turn|8\n|j| COSMONAUTA J\n|\n|t:|1700501791\n|switch|p2b: Amoonguss|Amoonguss, L50, F|100\/100\n|switch|p1b: Sinistcha|Sinistcha-Masterpiece, L50|89\/100 par\n|-heal|p1a: Iron Hands|76\/100|[from] ability: Hospitality|[of] p1b: Sinistcha\n|move|p2a: Urshifu|Protect|p2a: Urshifu\n|-singleturn|p2a: Urshifu|Protect\n|move|p1a: Iron Hands|Fake Out|p2b: Amoonguss\n|-damage|p2b: Amoonguss|86\/100\n|\n|-heal|p2b: Amoonguss|92\/100|[from] item: Leftovers\n|upkeep\n|turn|9\n|l| COSMONAUTA J\n|inactive|gjjkjhjgg has 30 seconds left.\n|inactive|pokeveteran04 has 30 seconds left.\n|\n|t:|1700501818\n|switch|p2a: GOD OF THUNDER!|Thundurus-Therian, L50, M, tera:Electric|100\/100\n|-end|p1a: Iron Hands|Quark Drive|[silent]\n|switch|p1a: Ursaluna|Ursaluna-Bloodmoon, L50, M|29\/100\n|move|p1b: Sinistcha|Rage Powder|p1b: Sinistcha\n|-singleturn|p1b: Sinistcha|move: Rage Powder\n|move|p2b: Amoonguss|Spore|p1a: Ursaluna\n|-activate|p1a: Ursaluna|item: Safety Goggles|Spore\n|\n|-heal|p2b: Amoonguss|98\/100|[from] item: Leftovers\n|upkeep\n|turn|10\n|inactive|pokeveteran04 has 30 seconds left.\n|inactive|gjjkjhjgg has 30 seconds left.\n|inactive|pokeveteran04 has 20 seconds left.\n|inactive|gjjkjhjgg has 20 seconds left.\n|\n|t:|1700501864\n|move|p1a: Ursaluna|Protect|p1a: Ursaluna\n|-singleturn|p1a: Ursaluna|Protect\n|move|p2b: Amoonguss|Rage Powder|p2b: Amoonguss\n|-singleturn|p2b: Amoonguss|move: Rage Powder\n|move|p2a: GOD OF THUNDER!|Weather Ball|p1a: Ursaluna\n|-activate|p1a: Ursaluna|move: Protect\n|cant|p1b: Sinistcha|par\n|\n|-heal|p2b: Amoonguss|100\/100|[from] item: Leftovers\n|upkeep\n|turn|11\n|l| FBISurveillanceMan\n|\n|t:|1700501882\n|switch|p1a: Heatran|Heatran, L50, F|84\/100\n|move|p2a: GOD OF THUNDER!|Weather Ball|p1a: Heatran\n|-resisted|p1a: Heatran\n|-damage|p1a: Heatran|70\/100\n|move|p2b: Amoonguss|Spore|p1a: Heatran\n|-status|p1a: Heatran|slp|[from] move: Spore\n|move|p1b: Sinistcha|Life Dew|p1b: Sinistcha|[spread] p1a,p1b\n|-heal|p1a: Heatran|95\/100 slp\n|-heal|p1b: Sinistcha|100\/100 par\n|\n|-heal|p1a: Heatran|100\/100 slp|[from] item: Leftovers\n|upkeep\n|turn|12\n|inactive|gjjkjhjgg has 30 seconds left.\n|\n|t:|1700501911\n|switch|p2a: Tornadus|Tornadus, L50, M|1\/100\n|cant|p1a: Heatran|slp\n|move|p2b: Amoonguss|Pollen Puff|p2a: Tornadus\n|-heal|p2a: Tornadus|51\/100\n|move|p1b: Sinistcha|Trick Room|p1b: Sinistcha\n|-fieldstart|move: Trick Room|[of] p1b: Sinistcha\n|\n|upkeep\n|turn|13\n|\n|t:|1700501933\n|switch|p1b: Iron Hands|Iron Hands, L50|76\/100\n|move|p2b: Amoonguss|Pollen Puff|p2a: Tornadus\n|-heal|p2a: Tornadus|100\/100\n|cant|p1a: Heatran|slp\n|move|p2a: Tornadus|Bleakwind Storm|p1a: Heatran|[spread] p1a,p1b\n|-resisted|p1a: Heatran\n|-damage|p1a: Heatran|82\/100 slp\n|-damage|p1b: Iron Hands|47\/100\n|-unboost|p1a: Heatran|spe|1\n|\n|-heal|p1a: Heatran|88\/100 slp|[from] item: Leftovers\n|upkeep\n|turn|14\n|\n|t:|1700501958\n|switch|p1a: Sinistcha|Sinistcha-Masterpiece, L50|100\/100 par\n|-heal|p1b: Iron Hands|72\/100|[from] ability: Hospitality|[of] p1a: Sinistcha\n|move|p1b: Iron Hands|Fake Out|p2b: Amoonguss\n|-damage|p2b: Amoonguss|87\/100\n|cant|p2b: Amoonguss|flinch\n|move|p2a: Tornadus|Bleakwind Storm|p1a: Sinistcha|[spread] p1a\n|-miss|p2a: Tornadus|p1b: Iron Hands\n|-supereffective|p1a: Sinistcha\n|-damage|p1a: Sinistcha|22\/100 par\n|-unboost|p1a: Sinistcha|spe|1\n|\n|-heal|p2b: Amoonguss|93\/100|[from] item: Leftovers\n|upkeep\n|turn|15\n|\n|t:|1700501978\n|cant|p1a: Sinistcha|par\n|move|p2b: Amoonguss|Spore|p1b: Iron Hands\n|-status|p1b: Iron Hands|slp|[from] move: Spore\n|cant|p1b: Iron Hands|slp\n|move|p2a: Tornadus|Bleakwind Storm|p1a: Sinistcha|[spread] \n|-miss|p2a: Tornadus|p1a: Sinistcha\n|-miss|p2a: Tornadus|p1b: Iron Hands\n|\n|-heal|p2b: Amoonguss|99\/100|[from] item: Leftovers\n|upkeep\n|turn|16\n|\n|t:|1700501999\n|-end|p1b: Iron Hands|Quark Drive|[silent]\n|switch|p1b: Ursaluna|Ursaluna-Bloodmoon, L50, M|29\/100\n|-terastallize|p1a: Sinistcha|Water\n|move|p1a: Sinistcha|Life Dew|p1a: Sinistcha|[spread] p1a,p1b\n|-heal|p1a: Sinistcha|47\/100 par\n|-heal|p1b: Ursaluna|54\/100\n|move|p2b: Amoonguss|Spore||[still]\n|-fail|p2b: Amoonguss\n|move|p2a: Tornadus|Bleakwind Storm|p1b: Ursaluna|[spread] p1b\n|-miss|p2a: Tornadus|p1a: Sinistcha\n|-damage|p1b: Ursaluna|9\/100\n|-unboost|p1b: Ursaluna|spe|1\n|\n|-heal|p2b: Amoonguss|100\/100|[from] item: Leftovers\n|-fieldend|move: Trick Room\n|upkeep\n|turn|17\n|inactive|gjjkjhjgg has 30 seconds left.\n|inactive|pokeveteran04 has 30 seconds left.\n|inactive|pokeveteran04 has 20 seconds left.\n|inactive|pokeveteran04 has 15 seconds left.\n|inactive|pokeveteran04 has 10 seconds left.\n|\n|t:|1700502048\n|move|p1b: Ursaluna|Protect|p1b: Ursaluna\n|-singleturn|p1b: Ursaluna|Protect\n|move|p2a: Tornadus|Rain Dance|p2a: Tornadus\n|-weather|RainDance\n|move|p2b: Amoonguss|Pollen Puff|p1b: Ursaluna\n|-activate|p1b: Ursaluna|move: Protect\n|move|p1a: Sinistcha|Trick Room|p1a: Sinistcha\n|-fieldstart|move: Trick Room|[of] p1a: Sinistcha\n|\n|-weather|RainDance|[upkeep]\n|upkeep\n|turn|18\n|\n|t:|1700502064\n|move|p2b: Amoonguss|Rage Powder|p2b: Amoonguss\n|-singleturn|p2b: Amoonguss|move: Rage Powder\n|move|p1a: Sinistcha|Life Dew|p1a: Sinistcha|[spread] p1a,p1b\n|-heal|p1a: Sinistcha|72\/100 par\n|-heal|p1b: Ursaluna|34\/100\n|move|p1b: Ursaluna|Blood Moon|p2a: Tornadus\n|-damage|p2a: Tornadus|0 fnt\n|faint|p2a: Tornadus\n|\n|-weather|RainDance|[upkeep]\n|upkeep\n|inactive|pokeveteran04 has 30 seconds left.\n|\n|t:|1700502080\n|switch|p2a: Urshifu|Urshifu-Rapid-Strike, L50, F|5\/100\n|turn|19\n|inactive|pokeveteran04 has 25 seconds left this turn.\n|inactive|pokeveteran04 has 20 seconds left.\n|inactive|pokeveteran04 has 15 seconds left.\n|j| COSMONAUTA J\n|inactive|pokeveteran04 has 10 seconds left.\n|l| Flarefox_7\n|inactive|pokeveteran04 has 5 seconds left.\n|\n|t:|1700502103\n|move|p2a: Urshifu|Aqua Jet|p1b: Ursaluna\n|-supereffective|p1b: Ursaluna\n|-damage|p1b: Ursaluna|0 fnt\n|faint|p1b: Ursaluna\n|cant|p1a: Sinistcha|par\n|move|p2b: Amoonguss|Pollen Puff|p2a: Urshifu\n|-heal|p2a: Urshifu|55\/100\n|\n|-weather|RainDance|[upkeep]\n|upkeep\n|inactive|pokeveteran04 has 5 seconds left this turn.\n|inactive|gjjkjhjgg has 30 seconds left.\n|j| Mambae2\n|\n|t:|1700502114\n|switch|p1b: Iron Hands|Iron Hands, L50|72\/100 slp\n|turn|20\n|inactive|gjjkjhjgg has 25 seconds left this turn.\n|inactive|pokeveteran04 has 5 seconds left this turn.\n|inactive|gjjkjhjgg has 20 seconds left.\n|\n|t:|1700502121\n|move|p2b: Amoonguss|Rage Powder|p2b: Amoonguss\n|-singleturn|p2b: Amoonguss|move: Rage Powder\n|cant|p1a: Sinistcha|par\n|cant|p1b: Iron Hands|slp\n|move|p2a: Urshifu|Surging Strikes|p1b: Iron Hands\n|-crit|p1b: Iron Hands\n|-damage|p1b: Iron Hands|49\/100 slp\n|-crit|p1b: Iron Hands\n|-damage|p1b: Iron Hands|24\/100 slp\n|-crit|p1b: Iron Hands\n|-damage|p1b: Iron Hands|0 fnt\n|faint|p1b: Iron Hands\n|-end|p1b: Iron Hands|Quark Drive|[silent]\n|-hitcount|p1: Iron Hands|3\n|\n|-weather|RainDance|[upkeep]\n|upkeep\n|inactive|gjjkjhjgg has 20 seconds left this turn.\n|inactive|pokeveteran04 has 5 seconds left this turn.\n|inactive|gjjkjhjgg has 15 seconds left.\n|\n|t:|1700502130\n|switch|p1b: Heatran|Heatran, L50, F|88\/100 slp\n|turn|21\n|inactive|gjjkjhjgg has 15 seconds left this turn.\n|inactive|pokeveteran04 has 5 seconds left this turn.\n|inactive|gjjkjhjgg has 10 seconds left.\n|j| FBISurveillanceMan\n|inactive|gjjkjhjgg has 5 seconds left.\n|-message|pokeveteran04 lost due to inactivity.\n|\n|win|gjjkjhjgg\n|c|\u2606pokeveteran04|no\n|c|\u2606gjjkjhjgg|man\n|c|\u2606pokeveteran04|pplease no\n|c|\u2606gjjkjhjgg|this game\n|c|\u2606gjjkjhjgg|was\n|c|\u2606gjjkjhjgg|omfg\n|c|\u2606pokeveteran04|please......................\n|c|\u2606pokeveteran04|ive done every fucking thing for this?\n|c|\u2606gjjkjhjgg|happens bro\n|c|\u2606gjjkjhjgg|i wud hv lost\n|j| Tilzy\n|c|\u2606pokeveteran04|yes\n|c|\u2606gjjkjhjgg|coz i hv less mons left\n|c|\u2606gjjkjhjgg|but showdown\n|c|\u2606gjjkjhjgg|anyways gg bye\n|l| Tilzy\n|c|\u2606gjjkjhjgg|wp bro\n|l|\u2606gjjkjhjgg\n|c|\u2606pokeveteran04|gg\n|l| FBISurveillanceMan\n|j| Flarefox_7\n|l| COSMONAUTA J\n|l|\u2606pokeveteran04\n|l| Flarefox_7\n|j| GooberChedder445\n|l| GooberChedder445\n|j|\u2606pokeveteran04\n|player|p2|pokeveteran04|red\n","uploadtime":1700502169,"views":6,"p1id":"gjjkjhjgg","p2id":"pokeveteran04","formatid":"gen9vgc2023regulatione","rating":0,"private":0,"password":""}