{"id":"gen9vgc2023regulatione-1999339441","p1":"xnkasy_2","p2":"kmud8","format":"[Gen 9] VGC 2023 Regulation E","log":"|j|\u2606xnkasy_2\n|j|\u2606kmud8\n|t:|1701062880\n|gametype|doubles\n|player|p1|xnkasy_2|2|1189\n|player|p2|kmud8|hilbert|1129\n|teamsize|p1|6\n|teamsize|p2|6\n|gen|9\n|tier|[Gen 9] VGC 2023 Regulation E\n|rated|\n|rule|Species Clause: Limit one of each Pok\u00e9mon\n|rule|Item Clause: Limit one of each item\n|clearpoke\n|poke|p1|Iron Hands, L50|\n|poke|p1|Roaring Moon, L50|\n|poke|p1|Iron Moth, L50|\n|poke|p1|Urshifu-*, L50, M|\n|poke|p1|Pawmot, L50, M|\n|poke|p1|Thundurus, L50, M|\n|poke|p2|Chimecho, L50, F|\n|poke|p2|Bellibolt, L50, M|\n|poke|p2|Cinderace, L50, F|\n|poke|p2|Shiftry, L50, M|\n|poke|p2|Enamorus, L50, F|\n|poke|p2|Quaquaval, L50, M|\n|teampreview|4\n|\n|t:|1701062916\n|start\n|switch|p1a: Thundurus|Thundurus, L50, M|100\/100\n|switch|p1b: Iron Hands|Iron Hands, L50|100\/100\n|switch|p2a: Shiftry|Shiftry, L50, M|100\/100\n|switch|p2b: Chimecho|Chimecho, L50, F|100\/100\n|turn|1\n|\n|t:|1701062940\n|move|p2a: Shiftry|Fake Out|p1b: Iron Hands\n|-damage|p1b: Iron Hands|94\/100\n|cant|p1b: Iron Hands|flinch\n|move|p1a: Thundurus|Electric Terrain|p1a: Thundurus\n|-fieldstart|move: Electric Terrain\n|-activate|p1b: Iron Hands|ability: Quark Drive\n|-start|p1b: Iron Hands|quarkdriveatk\n|move|p2b: Chimecho|Icy Wind|p1a: Thundurus|[spread] p1a\n|-miss|p2b: Chimecho|p1b: Iron Hands\n|-enditem|p2b: Chimecho|Blunder Policy\n|-boost|p2b: Chimecho|spe|2\n|-supereffective|p1a: Thundurus\n|-damage|p1a: Thundurus|83\/100\n|-unboost|p1a: Thundurus|spe|1\n|\n|upkeep\n|turn|2\n|\n|t:|1701062973\n|move|p2b: Chimecho|Icy Wind|p1a: Thundurus|[spread] p1a,p1b\n|-supereffective|p1a: Thundurus\n|-damage|p1a: Thundurus|64\/100\n|-damage|p1b: Iron Hands|89\/100\n|-unboost|p1a: Thundurus|spe|1\n|-unboost|p1b: Iron Hands|spe|1\n|move|p2a: Shiftry|Tailwind|p2a: Shiftry\n|-sidestart|p2: kmud8|move: Tailwind\n|-ability|p2a: Shiftry|Wind Rider|boost\n|-boost|p2a: Shiftry|atk|1\n|move|p1a: Thundurus|Wildbolt Storm|p2b: Chimecho|[spread] p2b\n|-ability|p2a: Shiftry|Wind Rider|boost\n|-boost|p2a: Shiftry|atk|1\n|-damage|p2b: Chimecho|74\/100\n|move|p1b: Iron Hands|Drain Punch|p2a: Shiftry\n|-supereffective|p2a: Shiftry\n|-enditem|p2a: Shiftry|Focus Sash\n|-damage|p2a: Shiftry|1\/100\n|-heal|p1b: Iron Hands|100\/100|[from] drain|[of] p2a: Shiftry\n|\n|upkeep\n|turn|3\n|\n|t:|1701063008\n|switch|p1a: Roaring Moon|Roaring Moon, L50|100\/100\n|-enditem|p1a: Roaring Moon|Booster Energy\n|-activate|p1a: Roaring Moon|ability: Protosynthesis|[fromitem]\n|-start|p1a: Roaring Moon|protosynthesisatk\n|move|p2b: Chimecho|Ally Switch|p2b: Chimecho\n|swap|p2b: Chimecho|0|[from] move: Ally Switch\n|move|p2b: Shiftry|Leaf Blade|p1b: Iron Hands\n|-crit|p1b: Iron Hands\n|-damage|p1b: Iron Hands|23\/100\n|move|p1b: Iron Hands|Drain Punch|p2b: Shiftry\n|-supereffective|p2b: Shiftry\n|-damage|p2b: Shiftry|0 fnt\n|-heal|p1b: Iron Hands|23\/100|[from] drain|[of] p2b: Shiftry\n|faint|p2b: Shiftry\n|\n|upkeep\n|\n|t:|1701063035\n|switch|p2b: Enamorus|Enamorus, L50, F|100\/100\n|turn|4\n|\n|t:|1701063048\n|-end|p1b: Iron Hands|Quark Drive|[silent]\n|switch|p1b: Thundurus|Thundurus, L50, M|64\/100\n|-terastallize|p2b: Enamorus|Steel\n|move|p2b: Enamorus|Springtide Storm|p1b: Thundurus|[spread] p1a,p1b\n|-supereffective|p1a: Roaring Moon\n|-damage|p1a: Roaring Moon|0 fnt\n|-damage|p1b: Thundurus|25\/100\n|-unboost|p1b: Thundurus|atk|1\n|faint|p1a: Roaring Moon\n|-end|p1a: Roaring Moon|Protosynthesis|[silent]\n|move|p2a: Chimecho|Icy Wind|p1b: Thundurus\n|-supereffective|p1b: Thundurus\n|-damage|p1b: Thundurus|2\/100\n|-unboost|p1b: Thundurus|spe|1\n|\n|upkeep\n|\n|t:|1701063066\n|switch|p1a: Pawmot|Pawmot, L50, M|100\/100\n|turn|5\n|\n|t:|1701063102\n|switch|p1b: Iron Hands|Iron Hands, L50|23\/100\n|-activate|p1b: Iron Hands|ability: Quark Drive\n|-start|p1b: Iron Hands|quarkdriveatk\n|move|p1a: Pawmot|Fake Out|p2b: Enamorus\n|-resisted|p2b: Enamorus\n|-damage|p2b: Enamorus|89\/100\n|cant|p2b: Enamorus|flinch\n|move|p2a: Chimecho|Icy Wind|p1b: Iron Hands|[spread] p1a,p1b\n|-damage|p1a: Pawmot|84\/100\n|-damage|p1b: Iron Hands|19\/100\n|-unboost|p1a: Pawmot|spe|1\n|-unboost|p1b: Iron Hands|spe|1\n|\n|-sideend|p2: kmud8|move: Tailwind\n|-fieldend|move: Electric Terrain\n|-end|p1b: Iron Hands|Quark Drive\n|upkeep\n|turn|6\n|\n|t:|1701063132\n|move|p2b: Enamorus|Extrasensory|p1b: Iron Hands\n|-supereffective|p1b: Iron Hands\n|-damage|p1b: Iron Hands|0 fnt\n|faint|p1b: Iron Hands\n|-end|p1b: Iron Hands|Quark Drive|[silent]\n|move|p2a: Chimecho|Encore|p1a: Pawmot\n|-start|p1a: Pawmot|Encore\n|move|p1a: Pawmot|Fake Out||[still]\n|-hint|Fake Out only works on your first turn out.\n|-fail|p1a: Pawmot\n|\n|upkeep\n|\n|t:|1701063142\n|switch|p1b: Thundurus|Thundurus, L50, M|2\/100\n|turn|7\n|-message|xnkasy_2 forfeited.\n|\n|win|kmud8\n|raw|xnkasy_2's rating: 1189 &rarr; <strong>1160<\/strong><br \/>(-29 for losing)\n|raw|kmud8's rating: 1129 &rarr; <strong>1158<\/strong><br \/>(+29 for winning)\n|l|\u2606xnkasy_2\n","uploadtime":1701063157,"views":1,"p1id":"xnkasy2","p2id":"kmud8","formatid":"gen9vgc2023regulatione","rating":1158,"private":0,"password":""}