{"id":"gen9vgc2023regulatione-1989276456","p1":"N3wAlch3my","p2":"Gyaramax2020","format":"[Gen 9] VGC 2023 Regulation E","log":"|j|\u2606N3wAlch3my\n|j|\u2606Gyaramax2020\n|n|\u2606N3wAlch3my|n3walch3my\n|n|\u2606Gyaramax2020|gyaramax2020\n|html|View the match progress at <a href=\"\/game-bestof3-gen9vgc2023regulatione-1989276455\">game-bestof3-gen9vgc2023regulatione-1989276455<\/a>\n|t:|1699830884\n|gametype|doubles\n|player|p1|N3wAlch3my|266|\n|player|p2|Gyaramax2020|drayden|\n|teamsize|p1|6\n|teamsize|p2|6\n|gen|9\n|tier|[Gen 9] VGC 2023 Regulation E\n|rule|Species Clause: Limit one of each Pok\u00e9mon\n|rule|Item Clause: Limit one of each item\n|clearpoke\n|poke|p1|Ninetales-Alola, L50, M|\n|poke|p1|Empoleon, L50, M|\n|poke|p1|Sinistcha, L50|\n|poke|p1|Urshifu-*, L50, F|\n|poke|p1|Arcanine-Hisui, L50, F|\n|poke|p1|Luvdisc, L50, M|\n|poke|p2|Heatran, L50, M|\n|poke|p2|Clefairy, L50, F|\n|poke|p2|Sinistcha-Masterpiece, L50|\n|poke|p2|Iron Hands, L50|\n|poke|p2|Ursaluna-Bloodmoon, L50, M|\n|poke|p2|Landorus-Therian, L50, M|\n|teampreview|4\nGyaramax2020 has agreed to open team sheets.\n|\n|t:|1699830916\n|start\n|switch|p1a: Sinistcha|Sinistcha, L50|100\/100\n|switch|p1b: Ninetales|Ninetales-Alola, L50, M|100\/100\n|switch|p2a: Iron Hands|Iron Hands, L50, shiny|100\/100\n|switch|p2b: Heatran|Heatran, L50, M, shiny|100\/100\n|-weather|Snow|[from] ability: Snow Warning|[of] p1b: Ninetales\n|turn|1\n|\n|t:|1699830944\n|move|p1b: Ninetales|Protect|p1b: Ninetales\n|-singleturn|p1b: Ninetales|Protect\n|move|p2a: Iron Hands|Fake Out|p1b: Ninetales\n|-activate|p1b: Ninetales|move: Protect\n|move|p2b: Heatran|Heat Wave|p1b: Ninetales|[spread] p1a\n|-activate|p1b: Ninetales|move: Protect\n|-supereffective|p1a: Sinistcha\n|-damage|p1a: Sinistcha|0 fnt\n|faint|p1a: Sinistcha\n|\n|-weather|Snow|[upkeep]\n|upkeep\n|\n|t:|1699830966\n|switch|p1a: Arcanine|Arcanine-Hisui, L50, F|100\/100\n|-ability|p1a: Arcanine|Intimidate|boost\n|-unboost|p2a: Iron Hands|atk|1\n|-unboost|p2b: Heatran|atk|1\n|turn|2\n|\n|t:|1699830980\n|switch|p2b: Ursaluna|Ursaluna-Bloodmoon, L50, M|100\/100\n|move|p1b: Ninetales|Aurora Veil|p1b: Ninetales\n|-sidestart|p1: N3wAlch3my|move: Aurora Veil\n|move|p1a: Arcanine|Rock Slide|p2a: Iron Hands|[spread] p2a,p2b\n|-resisted|p2a: Iron Hands\n|-resisted|p2b: Ursaluna\n|-damage|p2a: Iron Hands|92\/100\n|-damage|p2b: Ursaluna|93\/100\n|cant|p2a: Iron Hands|flinch\n|\n|-weather|Snow|[upkeep]\n|-heal|p2b: Ursaluna|99\/100|[from] item: Leftovers\n|upkeep\n|turn|3\n|\n|t:|1699831023\n|switch|p1b: Empoleon|Empoleon, L50, M|100\/100\n|move|p1a: Arcanine|Flare Blitz|p2b: Ursaluna\n|-damage|p2b: Ursaluna|59\/100\n|-damage|p1a: Arcanine|86\/100|[from] Recoil\n|move|p2b: Ursaluna|Calm Mind|p2b: Ursaluna\n|-boost|p2b: Ursaluna|spa|1\n|-boost|p2b: Ursaluna|spd|1\n|move|p2a: Iron Hands|Heavy Slam|p1b: Empoleon\n|-resisted|p1b: Empoleon\n|-damage|p1b: Empoleon|95\/100\n|\n|-weather|Snow|[upkeep]\n|-heal|p2b: Ursaluna|65\/100|[from] item: Leftovers\n|upkeep\n|turn|4\n|\n|t:|1699831052\n|-end|p2a: Iron Hands|Quark Drive|[silent]\n|switch|p2a: Sinistcha|Sinistcha-Masterpiece, L50, shiny|100\/100\n|-heal|p2b: Ursaluna|90\/100|[from] ability: Hospitality|[of] p2a: Sinistcha\n|move|p1a: Arcanine|Flare Blitz|p2a: Sinistcha\n|-supereffective|p2a: Sinistcha\n|-damage|p2a: Sinistcha|16\/100\n|-damage|p1a: Arcanine|61\/100|[from] Recoil\n|move|p1b: Empoleon|Hydro Pump|p2b: Ursaluna\n|-supereffective|p2b: Ursaluna\n|-damage|p2b: Ursaluna|7\/100\n|move|p2b: Ursaluna|Earth Power|p1a: Arcanine\n|-supereffective|p1a: Arcanine\n|-damage|p1a: Arcanine|0 fnt\n|faint|p1a: Arcanine\n|\n|-weather|Snow|[upkeep]\n|-heal|p2b: Ursaluna|13\/100|[from] item: Leftovers\n|upkeep\n|\n|t:|1699831070\n|switch|p1a: Ninetales|Ninetales-Alola, L50, M|100\/100\n|turn|5\n|\n|t:|1699831077\n|move|p2a: Sinistcha|Rage Powder|p2a: Sinistcha\n|-singleturn|p2a: Sinistcha|move: Rage Powder\n|move|p2b: Ursaluna|Vacuum Wave|p1b: Empoleon\n|-supereffective|p1b: Empoleon\n|-damage|p1b: Empoleon|70\/100\n|move|p1a: Ninetales|Blizzard|p2a: Sinistcha|[spread] p2a,p2b\n|-supereffective|p2a: Sinistcha\n|-supereffective|p2b: Ursaluna\n|-damage|p2a: Sinistcha|0 fnt\n|-damage|p2b: Ursaluna|0 fnt\n|faint|p2a: Sinistcha\n|faint|p2b: Ursaluna\n|move|p1b: Empoleon|Ice Beam|p2: Sinistcha|[notarget]\n|-fail|p1b: Empoleon\n|\n|-weather|none\n|upkeep\n|\n|t:|1699831090\n|switch|p2a: Heatran|Heatran, L50, M, shiny|100\/100\n|switch|p2b: Iron Hands|Iron Hands, L50, shiny|92\/100\n|turn|6\n|\n|t:|1699831106\n|-terastallize|p2a: Heatran|Grass\n|move|p2b: Iron Hands|Fake Out|p1b: Empoleon\n|-resisted|p1b: Empoleon\n|-damage|p1b: Empoleon|63\/100\n|move|p1a: Ninetales|Moonblast|p2b: Iron Hands\n|-supereffective|p2b: Iron Hands\n|-damage|p2b: Iron Hands|60\/100\n|-unboost|p2b: Iron Hands|spa|1\n|cant|p1b: Empoleon|flinch\n|move|p2a: Heatran|Flash Cannon|p1a: Ninetales\n|-supereffective|p1a: Ninetales\n|-damage|p1a: Ninetales|0 fnt\n|faint|p1a: Ninetales\n|\n|upkeep\n|turn|7\n|\n|t:|1699831128\n|move|p1b: Empoleon|Hydro Pump|p2a: Heatran\n|-resisted|p2a: Heatran\n|-damage|p2a: Heatran|78\/100\n|move|p2a: Heatran|Flash Cannon|p1b: Empoleon\n|-resisted|p1b: Empoleon\n|-damage|p1b: Empoleon|54\/100\n|-unboost|p1b: Empoleon|spd|1\n|-ability|p1b: Empoleon|Competitive|boost\n|-boost|p1b: Empoleon|spa|2\n|move|p2b: Iron Hands|Drain Punch|p1b: Empoleon\n|-supereffective|p1b: Empoleon\n|-damage|p1b: Empoleon|0 fnt\n|-heal|p2b: Iron Hands|76\/100|[from] drain|[of] p1b: Empoleon\n|faint|p1b: Empoleon\n|\n|win|Gyaramax2020\n|inactive|N3wAlch3my has 50 seconds to confirm battle start!\n|inactive|Gyaramax2020 has 50 seconds to confirm battle start!\n|l|\u2606N3wAlch3my\n","uploadtime":1699831144,"views":12,"p1id":"n3walch3my","p2id":"gyaramax2020","formatid":"gen9vgc2023regulatione","rating":0,"private":0,"password":""}