{"id":"gen9vgc2023regulatione-1999632966","p1":"Ozwald McFly","p2":"Hotdogsandhallways","format":"[Gen 9] VGC 2023 Regulation E","log":"|j|\u2606Ozwald McFly\n|j|\u2606Hotdogsandhallways\n|t:|1701103022\n|gametype|doubles\n|player|p1|Ozwald McFly|2|1363\n|player|p2|Hotdogsandhallways|266|1353\n|teamsize|p1|6\n|teamsize|p2|6\n|gen|9\n|tier|[Gen 9] VGC 2023 Regulation E\n|rated|\n|rule|Species Clause: Limit one of each Pok\u00e9mon\n|rule|Item Clause: Limit one of each item\n|clearpoke\n|poke|p1|Noctowl, L50, F|\n|poke|p1|Sandy Shocks, L50|\n|poke|p1|Espeon, L50, F|\n|poke|p1|Indeedee-F, L50, F|\n|poke|p1|Iron Hands, L50|\n|poke|p1|Decidueye-Hisui, L50, M|\n|poke|p2|Iron Valiant, L50|\n|poke|p2|Kingambit, L50, M|\n|poke|p2|Iron Bundle, L50|\n|poke|p2|Tornadus, L50, M|\n|poke|p2|Salamence, L50, M|\n|poke|p2|Farigiraf, L50, F|\n|teampreview|4\n|inactive|Battle timer is ON: inactive players will automatically lose when time's up. (requested by Hotdogsandhallways)\n|\n|t:|1701103050\n|start\n|switch|p1a: Iron Hands|Iron Hands, L50|100\/100\n|switch|p1b: Indeedee|Indeedee-F, L50, F|100\/100\n|switch|p2a: Iron Bundle|Iron Bundle, L50|100\/100\n|switch|p2b: Kingambit|Kingambit, L50, M|100\/100\n|-fieldstart|move: Psychic Terrain|[from] ability: Psychic Surge|[of] p1b: Indeedee\n|-enditem|p2a: Iron Bundle|Booster Energy\n|-activate|p2a: Iron Bundle|ability: Quark Drive|[fromitem]\n|-start|p2a: Iron Bundle|quarkdrivespe\n|turn|1\n|inactive|Ozwald McFly has 30 seconds left.\n|inactive|Hotdogsandhallways has 30 seconds left.\n|\n|t:|1701103080\n|-terastallize|p1b: Indeedee|Fairy\n|-terastallize|p2b: Kingambit|Fairy\n|move|p2a: Iron Bundle|Icy Wind|p1b: Indeedee|[spread] p1a,p1b\n|-damage|p1a: Iron Hands|89\/100\n|-damage|p1b: Indeedee|82\/100\n|-unboost|p1a: Iron Hands|spe|1\n|-unboost|p1b: Indeedee|spe|1\n|move|p2b: Kingambit|Assurance|p1b: Indeedee\n|-resisted|p1b: Indeedee\n|-damage|p1b: Indeedee|49\/100\n|-enditem|p1b: Indeedee|Sitrus Berry|[eat]\n|-heal|p1b: Indeedee|74\/100|[from] item: Sitrus Berry\n|move|p1a: Iron Hands|Drain Punch|p2b: Kingambit\n|-resisted|p2b: Kingambit\n|-damage|p2b: Kingambit|84\/100\n|-heal|p1a: Iron Hands|96\/100|[from] drain|[of] p2b: Kingambit\n|move|p1b: Indeedee|Trick Room|p1b: Indeedee\n|-fieldstart|move: Trick Room|[of] p1b: Indeedee\n|\n|upkeep\n|turn|2\n|inactive|Ozwald McFly has 30 seconds left.\n|\n|t:|1701103110\n|move|p2a: Iron Bundle|Protect|p2a: Iron Bundle\n|-singleturn|p2a: Iron Bundle|Protect\n|move|p1a: Iron Hands|Wild Charge|p2a: Iron Bundle\n|-activate|p2a: Iron Bundle|move: Protect\n|move|p1b: Indeedee|Psyshock|p2b: Kingambit\n|-damage|p2b: Kingambit|56\/100\n|move|p2b: Kingambit|Tera Blast|p1a: Iron Hands|[anim] Tera Blast Fairy\n|-supereffective|p1a: Iron Hands\n|-damage|p1a: Iron Hands|35\/100\n|\n|upkeep\n|turn|3\n|\n|t:|1701103128\n|-end|p2a: Iron Bundle|Quark Drive|[silent]\n|switch|p2a: Salamence|Salamence, L50, M|100\/100\n|-ability|p2a: Salamence|Intimidate|boost\n|-unboost|p1a: Iron Hands|atk|1\n|-unboost|p1b: Indeedee|atk|1\n|move|p1b: Indeedee|Follow Me|p1b: Indeedee\n|-singleturn|p1b: Indeedee|move: Follow Me\n|move|p1a: Iron Hands|Drain Punch|p2a: Salamence\n|-resisted|p2a: Salamence\n|-damage|p2a: Salamence|84\/100\n|-heal|p1a: Iron Hands|42\/100|[from] drain|[of] p2a: Salamence\n|move|p2b: Kingambit|Iron Head|p1b: Indeedee\n|-supereffective|p1b: Indeedee\n|-damage|p1b: Indeedee|0 fnt\n|faint|p1b: Indeedee\n|\n|upkeep\n|\n|t:|1701103144\n|switch|p1b: Decidueye|Decidueye-Hisui, L50, M, shiny|100\/100\n|turn|4\n|\n|t:|1701103167\n|move|p1a: Iron Hands|Wild Charge|p2a: Salamence\n|-damage|p2a: Salamence|47\/100\n|-damage|p1a: Iron Hands|34\/100|[from] Recoil\n|move|p1b: Decidueye|Leaf Blade|p2b: Kingambit\n|-crit|p2b: Kingambit\n|-damage|p2b: Kingambit|4\/100\n|move|p2b: Kingambit|Tera Blast|p1a: Iron Hands|[anim] Tera Blast Fairy\n|-supereffective|p1a: Iron Hands\n|-damage|p1a: Iron Hands|0 fnt\n|faint|p1a: Iron Hands\n|-end|p1a: Iron Hands|Quark Drive|[silent]\n|move|p2a: Salamence|Dual Wingbeat|p1b: Decidueye\n|-supereffective|p1b: Decidueye\n|-damage|p1b: Decidueye|0 fnt\n|faint|p1b: Decidueye\n|-hitcount|p1: Decidueye|1\n|\n|upkeep\n|\n|t:|1701103185\n|switch|p1b: Espeon|Espeon, L50, F|100\/100\n|turn|5\n|\n|t:|1701103193\n|move|p1b: Espeon|Detect|p1b: Espeon\n|-singleturn|p1b: Espeon|Protect\n|move|p2b: Kingambit|Assurance|p1b: Espeon\n|-activate|p1b: Espeon|move: Protect\n|move|p2a: Salamence|Dual Wingbeat|p1b: Espeon\n|-activate|p1b: Espeon|move: Protect\n|\n|-fieldend|move: Trick Room\n|-fieldend|move: Psychic Terrain\n|upkeep\n|turn|6\n|\n|t:|1701103203\n|move|p2a: Salamence|Dual Wingbeat|p1b: Espeon\n|-damage|p1b: Espeon|53\/100\n|-damage|p1b: Espeon|7\/100\n|-hitcount|p1b: Espeon|2\n|move|p1b: Espeon|Dazzling Gleam|p2b: Kingambit|[spread] p2a,p2b\n|-supereffective|p2a: Salamence\n|-damage|p2a: Salamence|0 fnt\n|-damage|p2b: Kingambit|0 fnt\n|faint|p2a: Salamence\n|faint|p2b: Kingambit\n|\n|upkeep\n|\n|t:|1701103210\n|switch|p2a: Iron Bundle|Iron Bundle, L50|100\/100\n|switch|p2b: Iron Valiant|Iron Valiant, L50|100\/100\n|turn|7\n|\n|t:|1701103218\n|move|p2b: Iron Valiant|Shadow Sneak|p1b: Espeon\n|-supereffective|p1b: Espeon\n|-damage|p1b: Espeon|0 fnt\n|faint|p1b: Espeon\n|\n|win|Hotdogsandhallways\n|raw|Ozwald McFly's rating: 1363 &rarr; <strong>1342<\/strong><br \/>(-21 for losing)\n|raw|Hotdogsandhallways's rating: 1353 &rarr; <strong>1374<\/strong><br \/>(+21 for winning)\n","uploadtime":1701103224,"views":1,"p1id":"ozwaldmcfly","p2id":"hotdogsandhallways","formatid":"gen9vgc2023regulatione","rating":1342,"private":0,"password":""}