{"id":"gen9vgc2023regulatione-1992885552","p1":"CHAMPNIZER","p2":"TrapZelda","format":"[Gen 9] VGC 2023 Regulation E","log":"|j|\u2606CHAMPNIZER\n|j|\u2606TrapZelda\n|t:|1700243874\n|gametype|doubles\n|player|p1|CHAMPNIZER|swimmer|1276\n|player|p2|TrapZelda|101|1399\n|teamsize|p1|6\n|teamsize|p2|6\n|gen|9\n|tier|[Gen 9] VGC 2023 Regulation E\n|rated|\n|rule|Species Clause: Limit one of each Pok\u00e9mon\n|rule|Item Clause: Limit one of each item\n|clearpoke\n|poke|p1|Samurott-Hisui, L50, F|\n|poke|p1|Kleavor, L50, F|\n|poke|p1|Gastrodon, L50, M|\n|poke|p1|Gholdengo, L50|\n|poke|p1|Tornadus, L50, M|\n|poke|p1|Glimmora, L50, M|\n|poke|p2|Annihilape, L50, F|\n|poke|p2|Gholdengo, L50|\n|poke|p2|Sinistcha, L50|\n|poke|p2|Enamorus-Therian, L50, F|\n|poke|p2|Ursaluna-Bloodmoon, L50, M|\n|poke|p2|Cresselia, L50, F|\n|teampreview|4\n|\n|t:|1700243928\n|start\n|switch|p1a: Tornadus|Tornadus, L50, M|100\/100\n|switch|p1b: Kleavor|Kleavor, L50, F|100\/100\n|switch|p2a: Ursaluna|Ursaluna-Bloodmoon, L50, M|100\/100\n|switch|p2b: Cresselia|Cresselia, L50, F|100\/100\n|turn|1\n|\n|t:|1700243977\n|move|p2a: Ursaluna|Protect|p2a: Ursaluna\n|-singleturn|p2a: Ursaluna|Protect\n|move|p1a: Tornadus|Bleakwind Storm|p2b: Cresselia|[spread] \n|-activate|p2a: Ursaluna|move: Protect\n|-miss|p1a: Tornadus|p2b: Cresselia\n|move|p1b: Kleavor|Lunge|p2b: Cresselia\n|-supereffective|p2b: Cresselia\n|-damage|p2b: Cresselia|50\/100\n|-unboost|p2b: Cresselia|atk|1\n|move|p2b: Cresselia|Trick Room|p2b: Cresselia\n|-fieldstart|move: Trick Room|[of] p2b: Cresselia\n|\n|upkeep\n|turn|2\n|\n|t:|1700244011\n|switch|p2b: Annihilape|Annihilape, L50, F|100\/100\n|move|p2a: Ursaluna|Earth Power|p1b: Kleavor\n|-damage|p1b: Kleavor|56\/100\n|move|p1b: Kleavor|Stone Axe|p2b: Annihilape\n|-resisted|p2b: Annihilape\n|-damage|p2b: Annihilape|69\/100\n|-sidestart|p2: TrapZelda|move: Stealth Rock\n|move|p1a: Tornadus|Bleakwind Storm|p2b: Annihilape|[spread] p2a,p2b\n|-supereffective|p2b: Annihilape\n|-damage|p2a: Ursaluna|60\/100\n|-damage|p2b: Annihilape|10\/100\n|\n|-heal|p2b: Annihilape|15\/100|[from] item: Leftovers\n|upkeep\n|turn|3\n|\n|t:|1700244048\n|-terastallize|p2a: Ursaluna|Normal\n|move|p1b: Kleavor|Feint|p2a: Ursaluna\n|-damage|p2a: Ursaluna|52\/100\n|move|p2a: Ursaluna|Blood Moon|p1a: Tornadus\n|-damage|p1a: Tornadus|0 fnt\n|faint|p1a: Tornadus\n|move|p2b: Annihilape|Rage Fist|p1b: Kleavor\n|-damage|p1b: Kleavor|0 fnt\n|faint|p1b: Kleavor\n|\n|-heal|p2b: Annihilape|21\/100|[from] item: Leftovers\n|upkeep\n|\n|t:|1700244065\n|switch|p1b: Samurott|Samurott-Hisui, L50, F|100\/100\n|switch|p1a: Gholdengo|Gholdengo, L50|100\/100\n|turn|4\n|\n|t:|1700244083\n|move|p1a: Gholdengo|Protect|p1a: Gholdengo\n|-singleturn|p1a: Gholdengo|Protect\n|move|p2a: Ursaluna|Hyper Voice|p1b: Samurott|[spread] p1b\n|-activate|p1a: Gholdengo|move: Protect\n|-damage|p1b: Samurott|0 fnt\n|faint|p1b: Samurott\n|move|p2b: Annihilape|Drain Punch|p1a: Gholdengo\n|-activate|p1a: Gholdengo|move: Protect\n|\n|-heal|p2b: Annihilape|27\/100|[from] item: Leftovers\n|upkeep\n|turn|5\n|\n|t:|1700244094\n|move|p1a: Gholdengo|Protect||[still]\n|-fail|p1a: Gholdengo\n|move|p2a: Ursaluna|Earth Power|p1a: Gholdengo\n|-supereffective|p1a: Gholdengo\n|-damage|p1a: Gholdengo|0 fnt\n|faint|p1a: Gholdengo\n|\n|win|TrapZelda\n|raw|CHAMPNIZER's rating: 1276 &rarr; <strong>1259<\/strong><br \/>(-17 for losing)\n|raw|TrapZelda's rating: 1399 &rarr; <strong>1412<\/strong><br \/>(+13 for winning)\n|l|\u2606CHAMPNIZER\n","uploadtime":1700244110,"views":10,"p1id":"champnizer","p2id":"trapzelda","formatid":"gen9vgc2023regulatione","rating":1259,"private":0,"password":""}