{"id":"gen9vgc2023regulatione-1991115403","p1":"Ianne WildFyre","p2":"blindfishptsd","format":"[Gen 9] VGC 2023 Regulation E","log":"|j|\u2606Ianne WildFyre\n|j|\u2606blindfishptsd\n|t:|1700045276\n|gametype|doubles\n|player|p1|Ianne WildFyre|ingo|\n|player|p2|blindfishptsd|170|\n|teamsize|p1|6\n|teamsize|p2|6\n|gen|9\n|tier|[Gen 9] VGC 2023 Regulation E\n|rated|Tournament battle\n|rule|Species Clause: Limit one of each Pok\u00e9mon\n|rule|Item Clause: Limit one of each item\n|clearpoke\n|poke|p1|Iron Hands, L50|\n|poke|p1|Cresselia, L50, F|\n|poke|p1|Ninetales-Alola, L50, M|\n|poke|p1|Heatran, L50, F|\n|poke|p1|Sinistcha, L50|\n|poke|p1|Landorus-Therian, L50, M|\n|poke|p2|Chien-Pao, L50|\n|poke|p2|Dragonite, L50, M|\n|poke|p2|Rillaboom, L50, M|\n|poke|p2|Urshifu-*, L50, M|\n|poke|p2|Farigiraf, L50, F|\n|poke|p2|Heatran, L50, M|\n|teampreview|4\n|showteam|p1|Iron Hands||SafetyGoggles|QuarkDrive|DrainPunch,WildCharge,SwordsDance,Protect||||||50|,,,,,Fire]Cresselia||RockyHelmet|Levitate|Psychic,LunarBlessing,TrickRoom,IceBeam|||F|||50|,,,,,Fairy]Ninetales-Alola||LightClay|SnowWarning|FreezeDry,Moonblast,AuroraVeil,Protect|||M|||50|,,,,,Water]Heatran||AssaultVest|FlashFire|FlashCannon,EarthPower,TeraBlast,HeatWave|||F|||50|,,,,,Fairy]Sinistcha||SitrusBerry|Hospitality|MatchaGotcha,RagePowder,StrengthSap,TrickRoom||||||50|,,,,,Water]Landorus-Therian||ChoiceScarf|Intimidate|StompingTantrum,TeraBlast,Uturn,RockSlide|||M|||50|,,,,,Flying\n|showteam|p2|Chien-Pao||FocusSash|SwordofRuin|Protect,SuckerPunch,SacredSword,IcicleCrash||||||50|,,,,,Ghost]Dragonite||ChoiceBand|InnerFocus|ExtremeSpeed,AerialAce,StompingTantrum,Outrage|||M|||50|,,,,,Normal]Rillaboom||MiracleSeed|GrassySurge|WoodHammer,GrassyGlide,Protect,FakeOut|||M|||50|,,,,,Grass]Urshifu-Rapid-Strike||ChoiceScarf|UnseenFist|SurgingStrikes,CloseCombat,AquaJet,Uturn|||M|||50|,,,,,Water]Farigiraf||RockyHelmet|ArmorTail|Psychic,DazzlingGleam,HelpingHand,TrickRoom|||F|||50|,,,,,Fairy]Heatran||AssaultVest|FlashFire|HeatWave,FlashCannon,TeraBlast,EarthPower|||M|||50|,,,,,Fairy\n|inactive|Battle timer is ON: inactive players will automatically lose when time's up. (requested by blindfishptsd)\n|c|\u2606blindfishptsd|glhf\n|inactive|Ianne WildFyre has 60 seconds left.\n|j| Jufr1909\n|\n|t:|1700045336\n|start\n|switch|p1a: Iron Hands|Iron Hands, L50|100\/100\n|switch|p1b: Sinistcha|Sinistcha, L50|100\/100\n|switch|p2a: Heatran|Heatran, L50, M|100\/100\n|switch|p2b: Rillaboom|Rillaboom, L50, M|100\/100\n|-fieldstart|move: Grassy Terrain|[from] ability: Grassy Surge|[of] p2b: Rillaboom\n|turn|1\n|\n|t:|1700045359\n|switch|p1b: Hot Ch\u00e6to Girl|Heatran, L50, F|100\/100\n|move|p1a: Iron Hands|Protect|p1a: Iron Hands\n|-singleturn|p1a: Iron Hands|Protect\n|move|p2b: Rillaboom|Wood Hammer|p1a: Iron Hands\n|-activate|p1a: Iron Hands|move: Protect\n|move|p2a: Heatran|Heat Wave|p1b: Hot Ch\u00e6to Girl|[spread] \n|-activate|p1a: Iron Hands|move: Protect\n|-start|p1b: Hot Ch\u00e6to Girl|ability: Flash Fire\n|\n|upkeep\n|turn|2\n|\n|t:|1700045383\n|-terastallize|p2a: Heatran|Fairy\n|-terastallize|p1a: Iron Hands|Fire\n|move|p2b: Rillaboom|Protect|p2b: Rillaboom\n|-singleturn|p2b: Rillaboom|Protect\n|move|p1b: Hot Ch\u00e6to Girl|Earth Power|p2a: Heatran\n|-damage|p2a: Heatran|81\/100\n|move|p2a: Heatran|Earth Power|p1b: Hot Ch\u00e6to Girl\n|-supereffective|p1b: Hot Ch\u00e6to Girl\n|-damage|p1b: Hot Ch\u00e6to Girl|19\/100\n|move|p1a: Iron Hands|Swords Dance|p1a: Iron Hands\n|-boost|p1a: Iron Hands|atk|2\n|\n|-heal|p1b: Hot Ch\u00e6to Girl|25\/100|[from] Grassy Terrain\n|-heal|p2a: Heatran|87\/100|[from] Grassy Terrain\n|upkeep\n|turn|3\n|inactive|Ianne WildFyre has 30 seconds left.\n|inactive|blindfishptsd has 30 seconds left.\n|\n|t:|1700045414\n|-end|p1b: Hot Ch\u00e6to Girl|ability: Flash Fire|[silent]\n|switch|p1b: Calrissian|Landorus-Therian, L50, M|100\/100\n|-ability|p1b: Calrissian|Intimidate|boost\n|-unboost|p2a: Heatran|atk|1\n|-unboost|p2b: Rillaboom|atk|1\n|move|p2b: Rillaboom|Wood Hammer|p1b: Calrissian\n|-damage|p1b: Calrissian|23\/100\n|-damage|p2b: Rillaboom|78\/100|[from] Recoil\n|move|p2a: Heatran|Earth Power|p1a: Iron Hands\n|-supereffective|p1a: Iron Hands\n|-damage|p1a: Iron Hands|44\/100\n|move|p1a: Iron Hands|Wild Charge|p2a: Heatran\n|-damage|p2a: Heatran|0 fnt\n|faint|p2a: Heatran\n|-damage|p1a: Iron Hands|25\/100|[from] Recoil\n|\n|-heal|p2b: Rillaboom|84\/100|[from] Grassy Terrain\n|-heal|p1a: Iron Hands|31\/100|[from] Grassy Terrain\n|upkeep\n|j| speedrunlegend\n|c| speedrunlegend|Go team rillaboom\n|l| Jufr1909\n|\n|t:|1700045435\n|switch|p2a: Dragonite|Dragonite, L50, M|100\/100\n|turn|4\n|\n|t:|1700045455\n|switch|p1b: Sinistcha|Sinistcha, L50|100\/100\n|-heal|p1a: Iron Hands|56\/100|[from] ability: Hospitality|[of] p1b: Sinistcha\n|move|p1a: Iron Hands|Protect|p1a: Iron Hands\n|-singleturn|p1a: Iron Hands|Protect\n|move|p2b: Rillaboom|Grassy Glide|p1b: Sinistcha\n|-resisted|p1b: Sinistcha\n|-damage|p1b: Sinistcha|87\/100\n|move|p2a: Dragonite|Outrage|p1a: Iron Hands\n|-activate|p1a: Iron Hands|move: Protect\n|\n|-heal|p2b: Rillaboom|90\/100|[from] Grassy Terrain\n|-heal|p1b: Sinistcha|93\/100|[from] Grassy Terrain\n|-heal|p1a: Iron Hands|62\/100|[from] Grassy Terrain\n|upkeep\n|turn|5\n|c| speedrunlegend|No offense to your opponent btw\n|\n|t:|1700045480\n|switch|p2b: Urshifu|Urshifu-Rapid-Strike, L50, M|100\/100\n|-end|p1a: Iron Hands|Quark Drive|[silent]\n|switch|p1a: Calrissian|Landorus-Therian, L50, M|23\/100\n|-ability|p1a: Calrissian|Intimidate|boost\n|-fail|p2a: Dragonite|unboost|Attack|[from] ability: Inner Focus|[of] p2a: Dragonite\n|-unboost|p2b: Urshifu|atk|1\n|move|p2a: Dragonite|Outrage|p1b: Sinistcha\n|-damage|p1b: Sinistcha|4\/100\n|-enditem|p1b: Sinistcha|Sitrus Berry|[eat]\n|-heal|p1b: Sinistcha|29\/100|[from] item: Sitrus Berry\n|move|p1b: Sinistcha|Trick Room|p1b: Sinistcha\n|-fieldstart|move: Trick Room|[of] p1b: Sinistcha\n|\n|-heal|p1b: Sinistcha|36\/100|[from] Grassy Terrain\n|-fieldend|move: Grassy Terrain\n|upkeep\n|turn|6\n|\n|t:|1700045499\n|switch|p2b: Rillaboom|Rillaboom, L50, M|90\/100\n|-fieldstart|move: Grassy Terrain|[from] ability: Grassy Surge|[of] p2b: Rillaboom\n|move|p1b: Sinistcha|Matcha Gotcha|p2a: Dragonite|[spread] p2a,p2b\n|-resisted|p2a: Dragonite\n|-resisted|p2b: Rillaboom\n|-damage|p2a: Dragonite|92\/100\n|-heal|p1b: Sinistcha|40\/100|[from] drain|[of] p2a: Dragonite\n|-damage|p2b: Rillaboom|69\/100\n|-heal|p1b: Sinistcha|52\/100|[from] drain|[of] p2b: Rillaboom\n|move|p2a: Dragonite|Outrage|p1b: Sinistcha|[from]lockedmove\n|-damage|p1b: Sinistcha|0 fnt\n|faint|p1b: Sinistcha\n|move|p1a: Calrissian|Rock Slide|p2b: Rillaboom|[spread] p2a,p2b\n|-supereffective|p2a: Dragonite\n|-damage|p2a: Dragonite|49\/100\n|-damage|p2b: Rillaboom|49\/100\n|\n|-heal|p2b: Rillaboom|54\/100|[from] Grassy Terrain\n|upkeep\n|c|\u2606blindfishptsd|holy that new animation is sick\n|inactive|Ianne WildFyre has 30 seconds left.\n|inactive|Ianne WildFyre has 20 seconds left.\n|inactive|Ianne WildFyre has 15 seconds left.\n|\n|t:|1700045542\n|switch|p1b: Hot Ch\u00e6to Girl|Heatran, L50, F|25\/100\n|turn|7\n|c| speedrunlegend|Matcha ganja\n|\n|t:|1700045549\n|move|p2b: Rillaboom|Fake Out|p1b: Hot Ch\u00e6to Girl\n|-resisted|p1b: Hot Ch\u00e6to Girl\n|-damage|p1b: Hot Ch\u00e6to Girl|19\/100\n|cant|p1b: Hot Ch\u00e6to Girl|flinch\n|move|p2a: Dragonite|Outrage|p1a: Calrissian|[from]lockedmove\n|-damage|p1a: Calrissian|0 fnt\n|faint|p1a: Calrissian\n|-start|p2a: Dragonite|confusion|[fatigue]\n|\n|-heal|p1b: Hot Ch\u00e6to Girl|25\/100|[from] Grassy Terrain\n|-heal|p2b: Rillaboom|60\/100|[from] Grassy Terrain\n|upkeep\n|\n|t:|1700045556\n|switch|p1a: Iron Hands|Iron Hands, L50, tera:Fire|62\/100\n|turn|8\n|\n|t:|1700045577\n|switch|p2b: Urshifu|Urshifu-Rapid-Strike, L50, M|100\/100\n|move|p1a: Iron Hands|Swords Dance|p1a: Iron Hands\n|-boost|p1a: Iron Hands|atk|2\n|move|p1b: Hot Ch\u00e6to Girl|Heat Wave|p2b: Urshifu|[spread] p2a,p2b\n|-resisted|p2a: Dragonite\n|-resisted|p2b: Urshifu\n|-damage|p2a: Dragonite|30\/100\n|-damage|p2b: Urshifu|72\/100\n|-activate|p2a: Dragonite|confusion\n|move|p2a: Dragonite|Outrage|p1b: Hot Ch\u00e6to Girl\n|-resisted|p1b: Hot Ch\u00e6to Girl\n|-damage|p1b: Hot Ch\u00e6to Girl|0 fnt\n|faint|p1b: Hot Ch\u00e6to Girl\n|\n|-heal|p1a: Iron Hands|68\/100|[from] Grassy Terrain\n|-heal|p2b: Urshifu|78\/100|[from] Grassy Terrain\n|upkeep\n|turn|9\n|\n|t:|1700045596\n|switch|p2b: Rillaboom|Rillaboom, L50, M|60\/100\n|move|p1a: Iron Hands|Drain Punch|p2b: Rillaboom\n|-damage|p2b: Rillaboom|0 fnt\n|-heal|p1a: Iron Hands|95\/100|[from] drain|[of] p2b: Rillaboom\n|faint|p2b: Rillaboom\n|-activate|p2a: Dragonite|confusion\n|move|p2a: Dragonite|Outrage|p1a: Iron Hands|[from]lockedmove\n|-damage|p1a: Iron Hands|14\/100\n|\n|-heal|p1a: Iron Hands|20\/100|[from] Grassy Terrain\n|-fieldend|move: Trick Room\n|upkeep\n|\n|t:|1700045605\n|switch|p2b: Urshifu|Urshifu-Rapid-Strike, L50, M|78\/100\n|turn|10\n|c|\u2606Ianne WildFyre|gg\n|\n|t:|1700045610\n|move|p2b: Urshifu|Surging Strikes|p1a: Iron Hands\n|-supereffective|p1a: Iron Hands\n|-crit|p1a: Iron Hands\n|-damage|p1a: Iron Hands|0 fnt\n|faint|p1a: Iron Hands\n|-end|p1a: Iron Hands|Quark Drive|[silent]\n|-hitcount|p1: Iron Hands|1\n|\n|win|blindfishptsd\n|n|\u2606Ianne WildFyre|iannewildfyre\n|n|\u2606blindfishptsd|blindfishptsd\n|n| speedrunlegend|speedrunlegend\n","uploadtime":1700045611,"views":10,"p1id":"iannewildfyre","p2id":"blindfishptsd","formatid":"gen9vgc2023regulatione","rating":0,"private":0,"password":""}