{"id":"gen9vgc2023regulatione-1992490546","p1":"yukako_poke","p2":"vegetameanswell","format":"[Gen 9] VGC 2023 Regulation E","log":"|j|\u2606yukako_poke\n|j|\u2606vegetameanswell\n|t:|1700194225\n|gametype|doubles\n|player|p1|yukako_poke|dawn|1363\n|player|p2|vegetameanswell|rosa|1416\n|teamsize|p1|6\n|teamsize|p2|6\n|gen|9\n|tier|[Gen 9] VGC 2023 Regulation E\n|rated|\n|rule|Species Clause: Limit one of each Pok\u00e9mon\n|rule|Item Clause: Limit one of each item\n|clearpoke\n|poke|p1|Glimmora, L50, F|\n|poke|p1|Chi-Yu, L50|\n|poke|p1|Flutter Mane, L50|\n|poke|p1|Chien-Pao, L50|\n|poke|p1|Urshifu-*, L50, F|\n|poke|p1|Kommo-o, L50, F|\n|poke|p2|Regidrago, L50|\n|poke|p2|Illumise, L50, F|\n|poke|p2|Chi-Yu, L50|\n|poke|p2|Ogerpon-Wellspring, L50, F|\n|poke|p2|Rillaboom, L50, M|\n|poke|p2|Flutter Mane, L50|\n|teampreview|4\nvegetameanswell has agreed to open team sheets.\n|inactive|Battle timer is ON: inactive players will automatically lose when time's up. (requested by vegetameanswell)\nyukako_poke rejected open team sheets.\n|inactive|vegetameanswell has 60 seconds left.\n|\n|t:|1700194270\n|start\n|switch|p1a: Glimmora|Glimmora, L50, F|100\/100\n|switch|p1b: Flutter Mane|Flutter Mane, L50|100\/100\n|switch|p2a: Illumise|Illumise, L50, F|100\/100\n|switch|p2b: Firin' Ma LAZER|Regidrago, L50|100\/100\n|-enditem|p1b: Flutter Mane|Booster Energy\n|-activate|p1b: Flutter Mane|ability: Protosynthesis|[fromitem]\n|-start|p1b: Flutter Mane|protosynthesisspe\n|turn|1\n|\n|t:|1700194292\n|-terastallize|p2b: Firin' Ma LAZER|Steel\n|move|p2a: Illumise|Thunder Wave|p1b: Flutter Mane\n|-status|p1b: Flutter Mane|par\n|move|p2b: Firin' Ma LAZER|Tera Blast|p1b: Flutter Mane|[anim] Tera Blast Steel\n|-supereffective|p1b: Flutter Mane\n|-damage|p1b: Flutter Mane|10\/100 par\n|move|p1b: Flutter Mane|Dazzling Gleam|p2a: Illumise|[spread] p2a,p2b\n|-resisted|p2b: Firin' Ma LAZER\n|-damage|p2a: Illumise|78\/100\n|-damage|p2b: Firin' Ma LAZER|85\/100\n|move|p1a: Glimmora|Mortal Spin|p2b: Firin' Ma LAZER|[spread] p2a\n|-immune|p2b: Firin' Ma LAZER\n|-damage|p2a: Illumise|72\/100\n|\n|upkeep\n|turn|2\n|\n|t:|1700194311\n|move|p1b: Flutter Mane|Protect|p1b: Flutter Mane\n|-singleturn|p1b: Flutter Mane|Protect\n|move|p2a: Illumise|Encore|p1a: Glimmora\n|-start|p1a: Glimmora|Encore\n|move|p2b: Firin' Ma LAZER|Tera Blast|p1b: Flutter Mane|[anim] Tera Blast Steel\n|-activate|p1b: Flutter Mane|move: Protect\n|move|p1a: Glimmora|Mortal Spin|p2a: Illumise|[spread] p2a\n|-immune|p2b: Firin' Ma LAZER\n|-damage|p2a: Illumise|67\/100\n|\n|upkeep\n|turn|3\n|\n|t:|1700194338\n|switch|p1a: Kommo-o|Kommo-o, L50, F|100\/100\n|move|p2a: Illumise|Encore|p1b: Flutter Mane\n|-start|p1b: Flutter Mane|Encore\n|move|p2b: Firin' Ma LAZER|Tera Blast|p1a: Kommo-o|[anim] Tera Blast Steel\n|-damage|p1a: Kommo-o|46\/100\n|move|p1b: Flutter Mane|Protect||[still]\n|-fail|p1b: Flutter Mane\n|\n|-heal|p1a: Kommo-o|52\/100|[from] item: Leftovers\n|upkeep\n|turn|4\n|\n|t:|1700194361\n|-terastallize|p1a: Kommo-o|Fairy\n|move|p1b: Flutter Mane|Protect|p1b: Flutter Mane\n|-singleturn|p1b: Flutter Mane|Protect\n|move|p2a: Illumise|Thunder Wave|p1a: Kommo-o\n|-status|p1a: Kommo-o|par\n|move|p2b: Firin' Ma LAZER|Tera Blast|p1a: Kommo-o|[anim] Tera Blast Steel\n|-supereffective|p1a: Kommo-o\n|-damage|p1a: Kommo-o|0 fnt\n|faint|p1a: Kommo-o\n|\n|upkeep\n|\n|t:|1700194373\n|switch|p1a: Glimmora|Glimmora, L50, F|100\/100\n|turn|5\n|inactive|vegetameanswell has 30 seconds left.\n|\n|t:|1700194398\n|move|p1b: Flutter Mane|Protect|p1b: Flutter Mane\n|-singleturn|p1b: Flutter Mane|Protect\n|move|p2a: Illumise|Tailwind|p2a: Illumise\n|-sidestart|p2: vegetameanswell|move: Tailwind\n|move|p2b: Firin' Ma LAZER|Tera Blast|p1a: Glimmora|[anim] Tera Blast Steel\n|-supereffective|p1a: Glimmora\n|-damage|p1a: Glimmora|43\/100\n|move|p1a: Glimmora|Earth Power|p2b: Firin' Ma LAZER\n|-supereffective|p2b: Firin' Ma LAZER\n|-crit|p2b: Firin' Ma LAZER\n|-damage|p2b: Firin' Ma LAZER|2\/100\n|\n|-end|p1b: Flutter Mane|Encore\n|upkeep\n|turn|6\n|\n|t:|1700194418\n|move|p2a: Illumise|Encore|p1b: Flutter Mane\n|-start|p1b: Flutter Mane|Encore\n|move|p2b: Firin' Ma LAZER|Tera Blast|p1a: Glimmora|[anim] Tera Blast Steel\n|-supereffective|p1a: Glimmora\n|-damage|p1a: Glimmora|0 fnt\n|faint|p1a: Glimmora\n|move|p1b: Flutter Mane|Protect||[still]\n|-fail|p1b: Flutter Mane\n|\n|upkeep\n|\n|t:|1700194424\n|switch|p1a: Chien-Pao|Chien-Pao, L50|100\/100\n|-ability|p1a: Chien-Pao|Sword of Ruin\n|turn|7\n|-message|yukako_poke forfeited.\n|\n|win|vegetameanswell\n|raw|yukako_poke's rating: 1363 &rarr; <strong>1346<\/strong><br \/>(-17 for losing)\n|raw|vegetameanswell's rating: 1416 &rarr; <strong>1433<\/strong><br \/>(+17 for winning)\n|l|\u2606yukako_poke\n","uploadtime":1700194437,"views":19,"p1id":"yukakopoke","p2id":"vegetameanswell","formatid":"gen9vgc2023regulatione","rating":1346,"private":0,"password":""}