{"id":"gen9vgc2023regulatione-1989315018","p1":"ACH1235","p2":"bway","format":"[Gen 9] VGC 2023 Regulation E","log":"|j|\u2606ACH1235\n|j|\u2606bway\n|t:|1699835373\n|gametype|doubles\n|player|p1|ACH1235|169|1130\n|player|p2|bway|265|1049\n|teamsize|p1|6\n|teamsize|p2|6\n|gen|9\n|tier|[Gen 9] VGC 2023 Regulation E\n|rated|\n|rule|Species Clause: Limit one of each Pok\u00e9mon\n|rule|Item Clause: Limit one of each item\n|clearpoke\n|poke|p1|Flutter Mane, L50|\n|poke|p1|Sinistcha, L50|\n|poke|p1|Kingambit, L50, F|\n|poke|p1|Landorus-Therian, L50, M|\n|poke|p1|Orthworm, L50, M|\n|poke|p1|Roaring Moon, L50|\n|poke|p2|Piplup, L50, F|\n|poke|p2|Farigiraf, L50, M|\n|poke|p2|Sinistcha, L50|\n|poke|p2|Iron Hands, L50|\n|poke|p2|Ogerpon-Hearthflame, L50, F|\n|poke|p2|Landorus-Therian, L50, M|\n|teampreview|4\nbway rejected open team sheets.\n|\n|t:|1699835401\n|start\n|switch|p1a: Landorus|Landorus-Therian, L50, M|100\/100\n|switch|p1b: Orthworm|Orthworm, L50, M|100\/100\n|switch|p2a: Farigiraf|Farigiraf, L50, M|100\/100\n|switch|p2b: Piplup|Piplup, L50, F|100\/100\n|-ability|p1a: Landorus|Intimidate|boost\n|-unboost|p2a: Farigiraf|atk|1\n|-unboost|p2b: Piplup|atk|1\n|-ability|p2b: Piplup|Competitive|boost\n|-boost|p2b: Piplup|spa|2\n|turn|1\n|inactive|Battle timer is ON: inactive players will automatically lose when time's up. (requested by bway)\n|\n|t:|1699835422\n|move|p2b: Piplup|Protect|p2b: Piplup\n|-singleturn|p2b: Piplup|Protect\n|move|p1a: Landorus|Earthquake|p2b: Piplup|[spread] p2a\n|-activate|p2b: Piplup|move: Protect\n|-immune|p1b: Orthworm|[from] ability: Earth Eater\n|-damage|p2a: Farigiraf|56\/100\n|move|p1b: Orthworm|Iron Defense|p1b: Orthworm\n|-boost|p1b: Orthworm|def|2\n|move|p2a: Farigiraf|Trick Room|p2a: Farigiraf\n|-fieldstart|move: Trick Room|[of] p2a: Farigiraf\n|\n|upkeep\n|turn|2\n|inactive|bway has 30 seconds left.\n|\n|t:|1699835454\n|move|p2b: Piplup|Fling|p2a: Farigiraf\n|-supereffective|p2a: Farigiraf\n|-damage|p2a: Farigiraf|54\/100\n|-boost|p2a: Farigiraf|spa|1|[from] item: Petaya Berry\n|-enditem|p2a: Farigiraf|Weakness Policy\n|-boost|p2a: Farigiraf|atk|2|[from] item: Weakness Policy\n|-boost|p2a: Farigiraf|spa|2|[from] item: Weakness Policy\n|-enditem|p2b: Piplup|Petaya Berry|[from] move: Fling\n|move|p2a: Farigiraf|Psychic|p1a: Landorus\n|-damage|p1a: Landorus|12\/100\n|move|p1b: Orthworm|Iron Defense|p1b: Orthworm\n|-boost|p1b: Orthworm|def|2\n|move|p1a: Landorus|Earthquake|p2a: Farigiraf|[spread] p2a,p2b\n|-immune|p1b: Orthworm|[from] ability: Earth Eater\n|-damage|p2a: Farigiraf|9\/100\n|-damage|p2b: Piplup|35\/100\n|\n|upkeep\n|turn|3\n|inactive|ACH1235 has 30 seconds left.\n|inactive|ACH1235 has 20 seconds left.\n|inactive|ACH1235 has 15 seconds left.\n|\n|t:|1699835494\n|move|p2b: Piplup|Yawn|p1b: Orthworm\n|-start|p1b: Orthworm|move: Yawn|[of] p2b: Piplup\n|move|p2a: Farigiraf|Dazzling Gleam|p1b: Orthworm|[spread] p1a,p1b\n|-resisted|p1b: Orthworm\n|-damage|p1a: Landorus|0 fnt\n|-damage|p1b: Orthworm|67\/100\n|faint|p1a: Landorus\n|move|p1b: Orthworm|Body Press|p2a: Farigiraf\n|-crit|p2a: Farigiraf\n|-damage|p2a: Farigiraf|0 fnt\n|faint|p2a: Farigiraf\n|\n|-heal|p1b: Orthworm|74\/100|[from] item: Leftovers\n|upkeep\n|\n|t:|1699835510\n|switch|p2a: Iron Hands|Iron Hands, L50|100\/100\n|switch|p1a: Roaring Moon|Roaring Moon, L50|100\/100\n|-enditem|p1a: Roaring Moon|Booster Energy\n|-activate|p1a: Roaring Moon|ability: Protosynthesis|[fromitem]\n|-start|p1a: Roaring Moon|protosynthesisspe\n|turn|4\n|\n|t:|1699835533\n|move|p2b: Piplup|Yawn|p1a: Roaring Moon\n|-start|p1a: Roaring Moon|move: Yawn|[of] p2b: Piplup\n|move|p2a: Iron Hands|Wild Charge|p1b: Orthworm\n|-damage|p1b: Orthworm|61\/100\n|-damage|p2a: Iron Hands|98\/100|[from] Recoil\n|move|p1b: Orthworm|Body Press|p2a: Iron Hands\n|-damage|p2a: Iron Hands|27\/100\n|move|p1a: Roaring Moon|Earthquake|p2b: Piplup|[spread] p2a,p2b\n|-heal|p1b: Orthworm|86\/100|[from] ability: Earth Eater|[of] p1a: Roaring Moon\n|-supereffective|p2a: Iron Hands\n|-damage|p2a: Iron Hands|0 fnt\n|-damage|p2b: Piplup|0 fnt\n|faint|p2a: Iron Hands\n|-end|p2a: Iron Hands|Quark Drive|[silent]\n|faint|p2b: Piplup\n|\n|-heal|p1b: Orthworm|92\/100|[from] item: Leftovers\n|-end|p1b: Orthworm|move: Yawn|[silent]\n|-status|p1b: Orthworm|slp\n|upkeep\n|\n|t:|1699835546\n|switch|p2b: Ogerpon|Ogerpon-Hearthflame, L50, F|100\/100\n|-ability|p2b: Ogerpon|Mold Breaker\n|turn|5\n|\n|t:|1699835570\n|-end|p1a: Roaring Moon|Protosynthesis|[silent]\n|switch|p1a: Flutter Mane|Flutter Mane, L50|100\/100\n|cant|p1b: Orthworm|slp\n|move|p2b: Ogerpon|Spiky Shield||[still]\n|-fail|p2b: Ogerpon\n|\n|-heal|p1b: Orthworm|98\/100 slp|[from] item: Leftovers\n|-fieldend|move: Trick Room\n|upkeep\n|turn|6\n|\n|t:|1699835595\n|-terastallize|p2b: Ogerpon|Fire\n|detailschange|p2b: Ogerpon|Ogerpon-Hearthflame-Tera, L50, F, tera:Fire\n|-ability|p2b: Ogerpon|Embody Aspect (Hearthflame)|boost\n|-boost|p2b: Ogerpon|atk|1\n|-terastallize|p1a: Flutter Mane|Fairy\n|move|p2b: Ogerpon|Ivy Cudgel|p1a: Flutter Mane\n|-crit|p1a: Flutter Mane\n|-enditem|p1a: Flutter Mane|Focus Sash\n|-damage|p1a: Flutter Mane|1\/100\n|move|p1a: Flutter Mane|Moonblast|p2b: Ogerpon\n|-resisted|p2b: Ogerpon\n|-damage|p2b: Ogerpon|54\/100\n|cant|p1b: Orthworm|slp\n|\n|-heal|p1b: Orthworm|100\/100 slp|[from] item: Leftovers\n|upkeep\n|turn|7\n|\n|t:|1699835619\n|move|p1a: Flutter Mane|Protect|p1a: Flutter Mane\n|-singleturn|p1a: Flutter Mane|Protect\n|move|p2b: Ogerpon|Horn Leech|p1a: Flutter Mane\n|-activate|p1a: Flutter Mane|move: Protect\n|-curestatus|p1b: Orthworm|slp|[msg]\n|move|p1b: Orthworm|Body Press|p2b: Ogerpon\n|-damage|p2b: Ogerpon|0 fnt\n|faint|p2b: Ogerpon\n|\n|win|ACH1235\n|raw|ACH1235's rating: 1130 &rarr; <strong>1149<\/strong><br \/>(+19 for winning)\n|raw|bway's rating: 1049 &rarr; <strong>1036<\/strong><br \/>(-13 for losing)\n","uploadtime":1699835624,"views":13,"p1id":"ach1235","p2id":"bway","formatid":"gen9vgc2023regulatione","rating":1036,"private":0,"password":""}