{"id":"gen9vgc2023regulatione-1995891832","p1":"darkknight4545","p2":"xelrules1998765432","format":"[Gen 9] VGC 2023 Regulation E","log":"|j|\u2606darkknight4545\n|j|\u2606xelrules1998765432\n|t:|1700614262\n|gametype|doubles\n|player|p1|darkknight4545|hilbert-wonderlauncher|1067\n|player|p2|xelrules1998765432|101|1090\n|teamsize|p1|6\n|teamsize|p2|6\n|gen|9\n|tier|[Gen 9] VGC 2023 Regulation E\n|rated|\n|rule|Species Clause: Limit one of each Pok\u00e9mon\n|rule|Item Clause: Limit one of each item\n|clearpoke\n|poke|p1|Tauros, L50, M|\n|poke|p1|Meowscarada, L50, M|\n|poke|p1|Ogerpon-Wellspring, L50, F|\n|poke|p1|Flutter Mane, L50|\n|poke|p1|Arcanine, L50, M|\n|poke|p1|Regieleki, L50|\n|poke|p2|Torterra, L50, F|\n|poke|p2|Sinistcha, L50|\n|poke|p2|Grumpig, L50, M|\n|poke|p2|Talonflame, L50, F|\n|poke|p2|Ursaluna-Bloodmoon, L50, M|\n|poke|p2|Indeedee-F, L50, F|\n|teampreview|4\ndarkknight4545 has agreed to open team sheets.\n|inactive|Battle timer is ON: inactive players will automatically lose when time's up. (requested by darkknight4545)\n|c|\u2606darkknight4545|gl\n|\n|t:|1700614297\n|start\n|switch|p1a: Tauros|Tauros, L50, M, shiny|100\/100\n|switch|p1b: Meowscarada|Meowscarada, L50, M|100\/100\n|switch|p2a: Grumpig|Grumpig, L50, M, shiny|100\/100\n|switch|p2b: Talonflame|Talonflame, L50, F, shiny|100\/100\n|turn|1\n|inactive|darkknight4545 has 30 seconds left.\n|\n|t:|1700614327\n|move|p2b: Talonflame|Brave Bird|p1b: Meowscarada\n|-supereffective|p1b: Meowscarada\n|-enditem|p1b: Meowscarada|Focus Sash\n|-damage|p1b: Meowscarada|1\/100\n|-damage|p2b: Talonflame|68\/100|[from] Recoil\n|-damage|p2b: Talonflame|58\/100|[from] item: Life Orb\n|move|p1b: Meowscarada|Flower Trick|p1a: Tauros\n|-start|p1b: Meowscarada|typechange|Grass|[from] ability: Protean\n|-crit|p1a: Tauros\n|-damage|p1a: Tauros|42\/100\n|-setboost|p1a: Tauros|atk|6|[from] ability: Anger Point\n|move|p1a: Tauros|Raging Bull|p2b: Talonflame\n|-damage|p2b: Talonflame|0 fnt\n|faint|p2b: Talonflame\n|move|p2a: Grumpig|Dazzling Gleam|p1b: Meowscarada|[spread] p1a,p1b\n|-damage|p1a: Tauros|20\/100\n|-damage|p1b: Meowscarada|0 fnt\n|-enditem|p1a: Tauros|Aguav Berry|[eat]\n|-heal|p1a: Tauros|54\/100|[from] item: Aguav Berry\n|faint|p1b: Meowscarada\n|\n|upkeep\n|inactive|xelrules1998765432 has 30 seconds left.\n|\n|t:|1700614355\n|switch|p2b: Torterra|Torterra, L50, F, shiny|100\/100\n|switch|p1b: Ogerpon|Ogerpon-Wellspring, L50, F|100\/100\n|turn|2\n|\n|t:|1700614377\n|move|p1b: Ogerpon|Spiky Shield|p1b: Ogerpon\n|-singleturn|p1b: Ogerpon|move: Protect\n|move|p1a: Tauros|Raging Bull|p2a: Grumpig\n|-damage|p2a: Grumpig|0 fnt\n|faint|p2a: Grumpig\n|move|p2b: Torterra|Shell Smash|p2b: Torterra\n|-unboost|p2b: Torterra|def|1\n|-unboost|p2b: Torterra|spd|1\n|-boost|p2b: Torterra|atk|2\n|-boost|p2b: Torterra|spa|2\n|-boost|p2b: Torterra|spe|2\n|-enditem|p2b: Torterra|White Herb\n|-clearnegativeboost|p2b: Torterra|[silent]\n|\n|upkeep\n|\n|t:|1700614390\n|switch|p2a: Sinistcha|Sinistcha, L50, shiny|100\/100\n|turn|3\n|\n|t:|1700614411\n|-terastallize|p1b: Ogerpon|Water\n|detailschange|p1b: Ogerpon|Ogerpon-Wellspring-Tera, L50, F, tera:Water\n|-ability|p1b: Ogerpon|Embody Aspect (Wellspring)|boost\n|-boost|p1b: Ogerpon|spd|1\n|move|p2a: Sinistcha|Rage Powder|p2a: Sinistcha\n|-singleturn|p2a: Sinistcha|move: Rage Powder\n|move|p1a: Tauros|Raging Bull|p2a: Sinistcha\n|-immune|p2a: Sinistcha\n|move|p1b: Ogerpon|Ivy Cudgel|p2a: Sinistcha|[anim] Ivy Cudgel Water\n|-resisted|p2a: Sinistcha\n|-damage|p2a: Sinistcha|64\/100\n|move|p2b: Torterra|Rock Slide|p1b: Ogerpon|[spread] p1a,p1b\n|-damage|p1a: Tauros|10\/100\n|-damage|p1b: Ogerpon|60\/100\n|\n|upkeep\n|turn|4\n|\n|t:|1700614432\n|move|p2a: Sinistcha|Rage Powder|p2a: Sinistcha\n|-singleturn|p2a: Sinistcha|move: Rage Powder\n|move|p1a: Tauros|High Horsepower|p2a: Sinistcha\n|-resisted|p2a: Sinistcha\n|-damage|p2a: Sinistcha|14\/100\n|-damage|p1a: Tauros|0 fnt|[from] item: Rocky Helmet|[of] p2a: Sinistcha\n|faint|p1a: Tauros\n|move|p1b: Ogerpon|Horn Leech|p2a: Sinistcha\n|-resisted|p2a: Sinistcha\n|-damage|p2a: Sinistcha|0 fnt\n|-heal|p1b: Ogerpon|68\/100|[from] drain|[of] p2a: Sinistcha\n|-damage|p1b: Ogerpon|52\/100|[from] item: Rocky Helmet|[of] p2a: Sinistcha\n|faint|p2a: Sinistcha\n|move|p2b: Torterra|Rock Slide|p1b: Ogerpon\n|-damage|p1b: Ogerpon|0 fnt\n|faint|p1b: Ogerpon\n|\n|upkeep\n|\n|t:|1700614439\n|switch|p1a: Arcanine|Arcanine, L50, M, shiny|100\/100\n|-ability|p1a: Arcanine|Intimidate|boost\n|-unboost|p2b: Torterra|atk|1\n|turn|5\n|\n|t:|1700614456\n|-terastallize|p2b: Torterra|Fire\n|move|p2b: Torterra|Earthquake|p1a: Arcanine\n|-supereffective|p1a: Arcanine\n|-damage|p1a: Arcanine|0 fnt\n|faint|p1a: Arcanine\n|\n|win|xelrules1998765432\n|raw|darkknight4545's rating: 1067 &rarr; <strong>1048<\/strong><br \/>(-19 for losing)\n|raw|xelrules1998765432's rating: 1090 &rarr; <strong>1115<\/strong><br \/>(+25 for winning)\n|l|\u2606darkknight4545\n","uploadtime":1700614467,"views":9,"p1id":"darkknight4545","p2id":"xelrules1998765432","formatid":"gen9vgc2023regulatione","rating":1048,"private":0,"password":""}