{"id":"gen9vgc2023regulatione-1990840458","p1":"amelia24","p2":"Violet040","format":"[Gen 9] VGC 2023 Regulation E","log":"|j|\u2606amelia24\n|j|\u2606Violet040\n|t:|1700006349\n|gametype|doubles\n|player|p1|amelia24|roxie|1090\n|player|p2|Violet040|cheryl|1187\n|teamsize|p1|6\n|teamsize|p2|6\n|gen|9\n|tier|[Gen 9] VGC 2023 Regulation E\n|rated|\n|rule|Species Clause: Limit one of each Pok\u00e9mon\n|rule|Item Clause: Limit one of each item\n|clearpoke\n|poke|p1|Ogerpon-Wellspring, L50, F|\n|poke|p1|Urshifu-*, L50, M|\n|poke|p1|Flutter Mane, L50|\n|poke|p1|Iron Hands, L50|\n|poke|p1|Tornadus, L50, M|\n|poke|p1|Landorus-Therian, L50, M|\n|poke|p2|Rillaboom, L50, M|\n|poke|p2|Mimikyu, L50, M|\n|poke|p2|Farigiraf, L50, M|\n|poke|p2|Ogerpon-Wellspring, L50, F|\n|poke|p2|Heatran, L50, F|\n|poke|p2|Masquerain, L50, F|\n|teampreview|4\n|inactive|Battle timer is ON: inactive players will automatically lose when time's up. (requested by Violet040)\n|\n|t:|1700006390\n|start\n|switch|p1a: Flutter Mane|Flutter Mane, L50|100\/100\n|switch|p1b: Tornadus|Tornadus, L50, M|100\/100\n|switch|p2a: Farigiraf|Farigiraf, L50, M, shiny|100\/100\n|switch|p2b: Mimikyu|Mimikyu, L50, M, shiny|100\/100\n|-enditem|p1a: Flutter Mane|Booster Energy\n|-activate|p1a: Flutter Mane|ability: Protosynthesis|[fromitem]\n|-start|p1a: Flutter Mane|protosynthesisspe\n|turn|1\n|\n|t:|1700006413\n|move|p1b: Tornadus|Taunt||[still]\n|cant|p2a: Farigiraf|ability: Armor Tail|Taunt|[of] p1b: Tornadus\n|move|p1a: Flutter Mane|Moonblast|p2a: Farigiraf\n|-damage|p2a: Farigiraf|56\/100\n|move|p2a: Farigiraf|Hyper Voice|p1a: Flutter Mane|[spread] p1b\n|-immune|p1a: Flutter Mane\n|-damage|p1b: Tornadus|77\/100\n|-enditem|p2a: Farigiraf|Throat Spray\n|-boost|p2a: Farigiraf|spa|1|[from] item: Throat Spray\n|move|p2b: Mimikyu|Trick Room|p2b: Mimikyu\n|-fieldstart|move: Trick Room|[of] p2b: Mimikyu\n|\n|upkeep\n|turn|2\n|inactive|amelia24 has 30 seconds left.\n|inactive|amelia24 has 20 seconds left.\n|\n|t:|1700006452\n|move|p2a: Farigiraf|Psyshock|p1a: Flutter Mane\n|-damage|p1a: Flutter Mane|4\/100\n|move|p2b: Mimikyu|Play Rough|p1b: Tornadus|[miss]\n|-miss|p2b: Mimikyu|p1b: Tornadus\n|move|p1b: Tornadus|Bleakwind Storm|p2a: Farigiraf|[spread] p2b\n|-miss|p1b: Tornadus|p2a: Farigiraf\n|-activate|p2b: Mimikyu|ability: Disguise\n|-damage|p2b: Mimikyu|100\/100\n|detailschange|p2b: Mimikyu|Mimikyu-Busted, L50, M, shiny\n|-damage|p2b: Mimikyu|88\/100|[from] pokemon: Mimikyu-Busted\n|move|p1a: Flutter Mane|Moonblast|p2b: Mimikyu\n|-damage|p2b: Mimikyu|52\/100\n|\n|upkeep\n|turn|3\n|inactive|amelia24 has 30 seconds left.\n|\n|t:|1700006486\n|move|p2a: Farigiraf|Psyshock|p1b: Tornadus\n|-damage|p1b: Tornadus|14\/100\n|move|p2b: Mimikyu|Play Rough|p1a: Flutter Mane\n|-damage|p1a: Flutter Mane|0 fnt\n|faint|p1a: Flutter Mane\n|-end|p1a: Flutter Mane|Protosynthesis|[silent]\n|move|p1b: Tornadus|Bleakwind Storm|p2b: Mimikyu|[spread] p2a,p2b\n|-crit|p2a: Farigiraf\n|-damage|p2a: Farigiraf|13\/100\n|-damage|p2b: Mimikyu|25\/100\n|-unboost|p2b: Mimikyu|spe|1\n|\n|upkeep\n|\n|t:|1700006501\n|switch|p1a: Iron Hands|Iron Hands, L50|100\/100\n|turn|4\n|\n|t:|1700006514\n|move|p2b: Mimikyu|Baby-Doll Eyes|p1a: Iron Hands\n|-unboost|p1a: Iron Hands|atk|1\n|move|p1a: Iron Hands|Heavy Slam|p2b: Mimikyu\n|-supereffective|p2b: Mimikyu\n|-damage|p2b: Mimikyu|0 fnt\n|faint|p2b: Mimikyu\n|move|p2a: Farigiraf|Hyper Voice|p1b: Tornadus|[spread] p1a,p1b\n|-crit|p1b: Tornadus\n|-damage|p1a: Iron Hands|80\/100\n|-damage|p1b: Tornadus|0 fnt\n|faint|p1b: Tornadus\n|\n|upkeep\n|\n|t:|1700006527\n|switch|p2b: Masquerain|Masquerain, L50, F, shiny|100\/100\n|switch|p1b: Urshifu|Urshifu-Rapid-Strike, L50, M|100\/100\n|-ability|p2b: Masquerain|Intimidate|boost\n|-unboost|p1a: Iron Hands|atk|1\n|-unboost|p1b: Urshifu|atk|1\n|turn|5\n|\n|t:|1700006544\n|move|p1a: Iron Hands|Wild Charge|p2b: Masquerain\n|-supereffective|p2b: Masquerain\n|-damage|p2b: Masquerain|38\/100\n|-damage|p1a: Iron Hands|70\/100|[from] Recoil\n|move|p2a: Farigiraf|Psyshock|p1b: Urshifu\n|-supereffective|p1b: Urshifu\n|-damage|p1b: Urshifu|17\/100\n|move|p2b: Masquerain|Hurricane|p1a: Iron Hands\n|-damage|p1a: Iron Hands|47\/100\n|move|p1b: Urshifu|Surging Strikes|p2a: Farigiraf\n|-crit|p2a: Farigiraf\n|-damage|p2a: Farigiraf|0 fnt\n|faint|p2a: Farigiraf\n|-hitcount|p2: Farigiraf|1\n|\n|-fieldend|move: Trick Room\n|upkeep\n|\n|t:|1700006557\n|switch|p2a: Heatran|Heatran, L50, F, shiny|100\/100\n|turn|6\n|\n|t:|1700006577\n|-terastallize|p2a: Heatran|Grass\n|move|p1b: Urshifu|Surging Strikes|p2a: Heatran\n|-resisted|p2a: Heatran\n|-crit|p2a: Heatran\n|-damage|p2a: Heatran|90\/100\n|-resisted|p2a: Heatran\n|-crit|p2a: Heatran\n|-damage|p2a: Heatran|80\/100\n|-resisted|p2a: Heatran\n|-crit|p2a: Heatran\n|-damage|p2a: Heatran|70\/100\n|-hitcount|p2a: Heatran|3\n|move|p2a: Heatran|Tera Blast|p1b: Urshifu|[anim] Tera Blast Grass\n|-supereffective|p1b: Urshifu\n|-damage|p1b: Urshifu|0 fnt\n|faint|p1b: Urshifu\n|-damage|p2a: Heatran|60\/100|[from] item: Life Orb\n|move|p2b: Masquerain|Hurricane|p1a: Iron Hands\n|-damage|p1a: Iron Hands|22\/100\n|move|p1a: Iron Hands|Wild Charge|p2b: Masquerain\n|-supereffective|p2b: Masquerain\n|-damage|p2b: Masquerain|0 fnt\n|faint|p2b: Masquerain\n|-damage|p1a: Iron Hands|16\/100|[from] Recoil\n|\n|upkeep\n|turn|7\n|\n|t:|1700006597\n|-terastallize|p1a: Iron Hands|Fire\n|move|p2a: Heatran|Earth Power|p1a: Iron Hands\n|-supereffective|p1a: Iron Hands\n|-damage|p1a: Iron Hands|0 fnt\n|faint|p1a: Iron Hands\n|-end|p1a: Iron Hands|Quark Drive|[silent]\n|-damage|p2a: Heatran|50\/100|[from] item: Life Orb\n|\n|win|Violet040\n|raw|amelia24's rating: 1090 &rarr; <strong>1073<\/strong><br \/>(-17 for losing)\n|raw|Violet040's rating: 1187 &rarr; <strong>1205<\/strong><br \/>(+18 for winning)\n|l|\u2606Violet040\n","uploadtime":1700006609,"views":13,"p1id":"amelia24","p2id":"violet040","formatid":"gen9vgc2023regulatione","rating":1073,"private":0,"password":""}