{"id":"gen9vgc2023regulatione-1996269514","p1":"SacredArmadillo","p2":"Wow_yangg","format":"[Gen 9] VGC 2023 Regulation E","log":"|j|\u2606SacredArmadillo\n|j|\u2606Wow_yangg\n|t:|1700665949\n|gametype|doubles\n|player|p1|SacredArmadillo|ash|1514\n|player|p2|Wow_yangg|170|1676\n|teamsize|p1|6\n|teamsize|p2|6\n|gen|9\n|tier|[Gen 9] VGC 2023 Regulation E\n|rated|\n|rule|Species Clause: Limit one of each Pok\u00e9mon\n|rule|Item Clause: Limit one of each item\n|clearpoke\n|poke|p1|Torkoal, L50, M|\n|poke|p1|Indeedee-F, L50, F|\n|poke|p1|Armarouge, L50, M|\n|poke|p1|Urshifu-*, L50, M|\n|poke|p1|Ursaluna, L50, F|\n|poke|p1|Roaring Moon, L50|\n|poke|p2|Dondozo, L50, F|\n|poke|p2|Tatsugiri, L50, M|\n|poke|p2|Flutter Mane, L50|\n|poke|p2|Iron Hands, L50|\n|poke|p2|Ogerpon-Hearthflame, L50, F|\n|poke|p2|Talonflame, L50, F|\n|teampreview|4\n|\n|t:|1700665983\n|start\n|switch|p1a: Indeedee|Indeedee-F, L50, F|100\/100\n|switch|p1b: Armarouge|Armarouge, L50, M|100\/100\n|switch|p2a: Ogerpon|Ogerpon-Hearthflame, L50, F|100\/100\n|switch|p2b: Flutter Mane|Flutter Mane, L50|100\/100\n|-ability|p2a: Ogerpon|Mold Breaker\n|-fieldstart|move: Psychic Terrain|[from] ability: Psychic Surge|[of] p1a: Indeedee\n|turn|1\n|\n|t:|1700666003\n|move|p2b: Flutter Mane|Dazzling Gleam|p1b: Armarouge|[spread] p1a,p1b\n|-resisted|p1b: Armarouge\n|-damage|p1a: Indeedee|56\/100\n|-damage|p1b: Armarouge|68\/100\n|move|p2a: Ogerpon|Ivy Cudgel|p1a: Indeedee|[anim] Ivy Cudgel Fire\n|-damage|p1a: Indeedee|0 fnt\n|faint|p1a: Indeedee\n|move|p1b: Armarouge|Expanding Force|p2b: Flutter Mane|[spread] p2a,p2b\n|-damage|p2a: Ogerpon|36\/100\n|-damage|p2b: Flutter Mane|35\/100\n|\n|upkeep\n|\n|t:|1700666016\n|switch|p1a: Ursaluna|Ursaluna, L50, F|100\/100\n|turn|2\n|\n|t:|1700666031\n|-terastallize|p1a: Ursaluna|Normal\n|move|p1b: Armarouge|Endure|p1b: Armarouge\n|-singleturn|p1b: Armarouge|move: Endure\n|move|p2b: Flutter Mane|Dazzling Gleam|p1a: Ursaluna|[spread] p1a,p1b\n|-resisted|p1b: Armarouge\n|-damage|p1a: Ursaluna|72\/100\n|-damage|p1b: Armarouge|32\/100\n|move|p2a: Ogerpon|Ivy Cudgel|p1b: Armarouge|[anim] Ivy Cudgel Fire\n|-resisted|p1b: Armarouge\n|-activate|p1b: Armarouge|move: Endure\n|-damage|p1b: Armarouge|1\/100\n|-ability|p1b: Armarouge|Weak Armor|boost\n|-unboost|p1b: Armarouge|def|1\n|-boost|p1b: Armarouge|spe|2\n|move|p1a: Ursaluna|Earthquake|p2a: Ogerpon|[spread] p1b,p2a,p2b\n|-supereffective|p1b: Armarouge\n|-activate|p1b: Armarouge|move: Endure\n|-damage|p1b: Armarouge|1\/100\n|-damage|p2a: Ogerpon|0 fnt\n|-damage|p2b: Flutter Mane|0 fnt\n|-ability|p1b: Armarouge|Weak Armor|boost\n|-unboost|p1b: Armarouge|def|1\n|-boost|p1b: Armarouge|spe|2\n|-enditem|p1b: Armarouge|Weakness Policy\n|-boost|p1b: Armarouge|atk|2|[from] item: Weakness Policy\n|-boost|p1b: Armarouge|spa|2|[from] item: Weakness Policy\n|faint|p2a: Ogerpon\n|faint|p2b: Flutter Mane\n|-end|p2b: Flutter Mane|Protosynthesis|[silent]\n|\n|upkeep\n|\n|t:|1700666041\n|switch|p2b: Tatsugiri|Tatsugiri, L50, M|100\/100\n|switch|p2a: Dondozo|Dondozo, L50, F|100\/100\n|-activate|p2b: Tatsugiri|ability: Commander|[of] p2a: Dondozo\n|-boost|p2a: Dondozo|atk|2\n|-boost|p2a: Dondozo|spa|2\n|-boost|p2a: Dondozo|spe|2\n|-boost|p2a: Dondozo|def|2\n|-boost|p2a: Dondozo|spd|2\n|turn|3\n|\n|t:|1700666058\n|move|p1b: Armarouge|Expanding Force|p2b: Tatsugiri|[spread] p2a\n|-miss|p1b: Armarouge|p2b: Tatsugiri\n|-damage|p2a: Dondozo|39\/100\n|move|p2a: Dondozo|Earthquake|p1b: Armarouge|[spread] p1a,p1b\n|-miss|p2a: Dondozo|p2b: Tatsugiri\n|-supereffective|p1b: Armarouge\n|-damage|p1a: Ursaluna|40\/100\n|-damage|p1b: Armarouge|0 fnt\n|faint|p1b: Armarouge\n|move|p1a: Ursaluna|Body Slam|p2a: Dondozo\n|-damage|p2a: Dondozo|15\/100\n|-status|p2a: Dondozo|par\n|-damage|p1a: Ursaluna|23\/100|[from] item: Rocky Helmet|[of] p2a: Dondozo\n|\n|upkeep\n|\n|t:|1700666071\n|switch|p1b: Torkoal|Torkoal, L50, M|100\/100\n|-weather|SunnyDay|[from] ability: Drought|[of] p1b: Torkoal\n|turn|4\n|\n|t:|1700666081\n|move|p2a: Dondozo|Earthquake|p1b: Torkoal|[spread] p1a,p1b\n|-miss|p2a: Dondozo|p2b: Tatsugiri\n|-supereffective|p1b: Torkoal\n|-damage|p1a: Ursaluna|0 fnt\n|-damage|p1b: Torkoal|38\/100\n|faint|p1a: Ursaluna\n|move|p1b: Torkoal|Eruption|p2b: Tatsugiri|[spread] p2a\n|-miss|p1b: Torkoal|p2b: Tatsugiri\n|-resisted|p2a: Dondozo\n|-damage|p2a: Dondozo|8\/100 par\n|\n|-weather|SunnyDay|[upkeep]\n|upkeep\n|turn|5\n|\n|t:|1700666092\n|move|p2a: Dondozo|Earthquake|p1b: Torkoal|[spread] p1b\n|-miss|p2a: Dondozo|p2b: Tatsugiri\n|-supereffective|p1b: Torkoal\n|-damage|p1b: Torkoal|0 fnt\n|faint|p1b: Torkoal\n|\n|win|Wow_yangg\n|raw|SacredArmadillo's rating: 1514 &rarr; <strong>1503<\/strong><br \/>(-11 for losing)\n|raw|Wow_yangg's rating: 1676 &rarr; <strong>1687<\/strong><br \/>(+11 for winning)\n|c|\u2606SacredArmadillo|gg\n|l|\u2606SacredArmadillo\n","uploadtime":1700666108,"views":7,"p1id":"sacredarmadillo","p2id":"wowyangg","formatid":"gen9vgc2023regulatione","rating":1503,"private":0,"password":""}