{"id":"gen9vgc2023regulatione-1999296191","p1":"HeffNastyy","p2":"Panda Man7567","format":"[Gen 9] VGC 2023 Regulation E","log":"|j|\u2606HeffNastyy\n|j|\u2606Panda Man7567\n|t:|1701056484\n|gametype|doubles\n|player|p1|HeffNastyy|lance|1503\n|player|p2|Panda Man7567|265|1545\n|teamsize|p1|6\n|teamsize|p2|6\n|gen|9\n|tier|[Gen 9] VGC 2023 Regulation E\n|rated|\n|rule|Species Clause: Limit one of each Pok\u00e9mon\n|rule|Item Clause: Limit one of each item\n|clearpoke\n|poke|p1|Tornadus, L50, M|\n|poke|p1|Arcanine-Hisui, L50, F|\n|poke|p1|Gholdengo, L50|\n|poke|p1|Urshifu-*, L50, F|\n|poke|p1|Rillaboom, L50, M|\n|poke|p1|Chien-Pao, L50|\n|poke|p2|Kingambit, L50, M|\n|poke|p2|Amoonguss, L50, F|\n|poke|p2|Urshifu-*, L50, M|\n|poke|p2|Dragonite, L50, F|\n|poke|p2|Chien-Pao, L50|\n|poke|p2|Ogerpon-Hearthflame, L50, F|\n|teampreview|4\n|inactive|Battle timer is ON: inactive players will automatically lose when time's up. (requested by Panda Man7567)\nHeffNastyy has agreed to open team sheets.\nPanda Man7567 has agreed to open team sheets.\n|inactive|HeffNastyy has 30 seconds left.\n|inactive|Panda Man7567 has 30 seconds left.\n|inactive|HeffNastyy has 20 seconds left.\n|inactive|Panda Man7567 has 20 seconds left.\n|inactive|HeffNastyy has 15 seconds left.\n|inactive|Panda Man7567 has 15 seconds left.\n|inactive|HeffNastyy has 10 seconds left.\n|inactive|HeffNastyy has 5 seconds left.\n|\n|t:|1701056539\n|start\n|switch|p1a: Tornadus|Tornadus, L50, M|100\/100\n|switch|p1b: Gholdengo|Gholdengo, L50|100\/100\n|switch|p2a: Kingambit|Kingambit, L50, M|100\/100\n|switch|p2b: Urshifu|Urshifu-Rapid-Strike, L50, M|100\/100\n|turn|1\n|inactive|HeffNastyy has 30 seconds left.\n|inactive|Panda Man7567 has 30 seconds left.\n|inactive|HeffNastyy has 20 seconds left.\n|inactive|Panda Man7567 has 20 seconds left.\n|\n|t:|1701056575\n|-terastallize|p1b: Gholdengo|Steel\n|move|p2b: Urshifu|Aqua Jet|p1b: Gholdengo\n|-damage|p1b: Gholdengo|77\/100\n|move|p1a: Tornadus|Tailwind|p1a: Tornadus\n|-sidestart|p1: HeffNastyy|move: Tailwind\n|move|p2a: Kingambit|Sucker Punch|p1b: Gholdengo\n|-damage|p1b: Gholdengo|26\/100\n|move|p1b: Gholdengo|Thunderbolt|p2b: Urshifu\n|-supereffective|p2b: Urshifu\n|-damage|p2b: Urshifu|0 fnt\n|faint|p2b: Urshifu\n|\n|upkeep\n|\n|t:|1701056599\n|switch|p2b: Chien-Pao|Chien-Pao, L50|100\/100\n|-ability|p2b: Chien-Pao|Sword of Ruin\n|turn|2\n|inactive|Panda Man7567 has 30 seconds left.\n|j| ulomomu\n|inactive|Panda Man7567 has 20 seconds left.\n|inactive|Panda Man7567 has 15 seconds left.\n|\n|t:|1701056641\n|switch|p1b: Urshifu|Urshifu-Rapid-Strike, L50, F|100\/100\n|move|p2b: Chien-Pao|Protect|p2b: Chien-Pao\n|-singleturn|p2b: Chien-Pao|Protect\n|move|p1a: Tornadus|Bleakwind Storm|p2b: Chien-Pao|[spread] \n|-activate|p2b: Chien-Pao|move: Protect\n|-miss|p1a: Tornadus|p2a: Kingambit\n|move|p2a: Kingambit|Kowtow Cleave|p1a: Tornadus\n|-damage|p1a: Tornadus|12\/100\n|\n|upkeep\n|turn|3\n|inactive|HeffNastyy has 30 seconds left.\n|inactive|Panda Man7567 has 30 seconds left.\n|\n|t:|1701056675\n|-terastallize|p2a: Kingambit|Fairy\n|move|p1b: Urshifu|Surging Strikes|p2a: Kingambit\n|-crit|p2a: Kingambit\n|-damage|p2a: Kingambit|77\/100\n|-crit|p2a: Kingambit\n|-damage|p2a: Kingambit|52\/100\n|-crit|p2a: Kingambit\n|-damage|p2a: Kingambit|29\/100\n|-hitcount|p2a: Kingambit|3\n|move|p1a: Tornadus|Bleakwind Storm|p2b: Chien-Pao|[spread] p2a,p2b\n|-damage|p2a: Kingambit|0 fnt\n|-damage|p2b: Chien-Pao|47\/100\n|-unboost|p2b: Chien-Pao|spe|1\n|faint|p2a: Kingambit\n|move|p2b: Chien-Pao|Ice Spinner|p1a: Tornadus\n|-supereffective|p1a: Tornadus\n|-damage|p1a: Tornadus|0 fnt\n|faint|p1a: Tornadus\n|\n|upkeep\n|inactive|HeffNastyy has 30 seconds left.\n|\n|t:|1701056702\n|switch|p1a: Gholdengo|Gholdengo, L50, tera:Steel|26\/100\n|switch|p2a: Ogerpon|Ogerpon-Hearthflame, L50, F|100\/100\n|-ability|p2a: Ogerpon|Mold Breaker\n|turn|4\n|inactive|HeffNastyy has 30 seconds left.\n|inactive|HeffNastyy has 20 seconds left.\n|inactive|HeffNastyy has 15 seconds left.\n|\n|t:|1701056745\n|move|p2b: Chien-Pao|Sucker Punch|p1a: Gholdengo\n|-damage|p1a: Gholdengo|0 fnt\n|faint|p1a: Gholdengo\n|move|p1b: Urshifu|Surging Strikes|p2a: Ogerpon\n|-crit|p2a: Ogerpon\n|-damage|p2a: Ogerpon|57\/100\n|-crit|p2a: Ogerpon\n|-damage|p2a: Ogerpon|20\/100\n|-crit|p2a: Ogerpon\n|-damage|p2a: Ogerpon|0 fnt\n|faint|p2a: Ogerpon\n|-hitcount|p2: Ogerpon|3\n|\n|-sideend|p1: HeffNastyy|move: Tailwind\n|upkeep\n|\n|t:|1701056756\n|switch|p1a: Chien-Pao|Chien-Pao, L50|100\/100\n|-ability|p1a: Chien-Pao|Sword of Ruin\n|turn|5\n|l| ulomomu\n|\n|t:|1701056780\n|move|p1a: Chien-Pao|Ice Spinner|p2b: Chien-Pao\n|-resisted|p2b: Chien-Pao\n|-damage|p2b: Chien-Pao|19\/100\n|move|p1b: Urshifu|Surging Strikes|p2b: Chien-Pao\n|-crit|p2b: Chien-Pao\n|-damage|p2b: Chien-Pao|0 fnt\n|faint|p2b: Chien-Pao\n|-hitcount|p2: Chien-Pao|1\n|\n|win|HeffNastyy\n|raw|HeffNastyy's rating: 1503 &rarr; <strong>1525<\/strong><br \/>(+22 for winning)\n|raw|Panda Man7567's rating: 1545 &rarr; <strong>1523<\/strong><br \/>(-22 for losing)\n|c|\u2606Panda Man7567|gg\n|c|\u2606HeffNastyy|gg\n","uploadtime":1701056794,"views":13,"p1id":"heffnastyy","p2id":"pandaman7567","formatid":"gen9vgc2023regulatione","rating":1523,"private":0,"password":""}