{"id":"gen9vgc2023regulatione-1994489564","p1":"DCartaxo","p2":"Ozwald McFly","format":"[Gen 9] VGC 2023 Regulation E","log":"|j|\u2606DCartaxo\n|j|\u2606Ozwald McFly\n|t:|1700449940\n|gametype|doubles\n|player|p1|DCartaxo|102|1420\n|player|p2|Ozwald McFly|birdkeeper-gen4dp|1368\n|teamsize|p1|6\n|teamsize|p2|6\n|gen|9\n|tier|[Gen 9] VGC 2023 Regulation E\n|rated|\n|rule|Species Clause: Limit one of each Pok\u00e9mon\n|rule|Item Clause: Limit one of each item\n|clearpoke\n|poke|p1|Oranguru, L50, F|\n|poke|p1|Torkoal, L50, F|\n|poke|p1|Iron Hands, L50|\n|poke|p1|Ting-Lu, L50|\n|poke|p1|Annihilape, L50, F|\n|poke|p1|Goodra-Hisui, L50, F|\n|poke|p2|Noctowl, L50, F|\n|poke|p2|Sandy Shocks, L50|\n|poke|p2|Espeon, L50, F|\n|poke|p2|Indeedee-F, L50, F|\n|poke|p2|Iron Hands, L50|\n|poke|p2|Decidueye-Hisui, L50, M|\n|teampreview|4\n|\n|t:|1700449962\n|start\n|switch|p1a: Oranguru|Oranguru, L50, F|100\/100\n|switch|p1b: Annihilape|Annihilape, L50, F|100\/100\n|switch|p2a: Sandy Shocks|Sandy Shocks, L50|100\/100\n|switch|p2b: Noctowl|Noctowl, L50, F|100\/100\n|-enditem|p2a: Sandy Shocks|Booster Energy\n|-activate|p2a: Sandy Shocks|ability: Protosynthesis|[fromitem]\n|-start|p2a: Sandy Shocks|protosynthesisspe\n|turn|1\n|\n|t:|1700449980\n|move|p2a: Sandy Shocks|Gravity|p2a: Sandy Shocks\n|-fieldstart|move: Gravity\n|move|p1b: Annihilape|Final Gambit|p2b: Noctowl\n|-damage|p2b: Noctowl|0 fnt\n|faint|p1b: Annihilape\n|faint|p2b: Noctowl\n|move|p1a: Oranguru|Trick Room|p1a: Oranguru\n|-fieldstart|move: Trick Room|[of] p1a: Oranguru\n|\n|upkeep\n|\n|t:|1700449987\n|switch|p2b: Iron Hands|Iron Hands, L50|100\/100\n|switch|p1b: Torkoal|Torkoal, L50, F|100\/100\n|-weather|SunnyDay|[from] ability: Drought|[of] p1b: Torkoal\n|turn|2\n|\n|t:|1700449999\n|-terastallize|p2b: Iron Hands|Fire\n|move|p1b: Torkoal|Protect|p1b: Torkoal\n|-singleturn|p1b: Torkoal|Protect\n|move|p2a: Sandy Shocks|Protect|p2a: Sandy Shocks\n|-singleturn|p2a: Sandy Shocks|Protect\n|move|p2b: Iron Hands|Earthquake|p1a: Oranguru|[spread] p1a\n|-activate|p2a: Sandy Shocks|move: Protect\n|-activate|p1b: Torkoal|move: Protect\n|-damage|p1a: Oranguru|73\/100\n|move|p1a: Oranguru|Psyshock|p2b: Iron Hands\n|-damage|p2b: Iron Hands|82\/100\n|\n|-weather|SunnyDay|[upkeep]\n|upkeep\n|turn|3\n|\n|t:|1700450022\n|-terastallize|p1b: Torkoal|Fire\n|move|p1b: Torkoal|Eruption|p2a: Sandy Shocks|[spread] p2a,p2b\n|-resisted|p2b: Iron Hands\n|-damage|p2a: Sandy Shocks|0 fnt\n|-damage|p2b: Iron Hands|49\/100\n|faint|p2a: Sandy Shocks\n|-end|p2a: Sandy Shocks|Protosynthesis|[silent]\n|move|p2b: Iron Hands|Drain Punch|p1b: Torkoal\n|-damage|p1b: Torkoal|62\/100\n|-heal|p2b: Iron Hands|62\/100|[from] drain|[of] p1b: Torkoal\n|move|p1a: Oranguru|Instruct|p1b: Torkoal\n|-singleturn|p1b: Torkoal|move: Instruct|[of] p1a: Oranguru\n|move|p1b: Torkoal|Eruption|p2b: Iron Hands\n|-resisted|p2b: Iron Hands\n|-damage|p2b: Iron Hands|38\/100\n|\n|-weather|SunnyDay|[upkeep]\n|upkeep\n|\n|t:|1700450036\n|switch|p2a: Decidueye|Decidueye-Hisui, L50, M, shiny|100\/100\n|turn|4\n|\n|t:|1700450049\n|move|p1b: Torkoal|Earth Power|p2b: Iron Hands\n|-supereffective|p2b: Iron Hands\n|-damage|p2b: Iron Hands|11\/100\n|move|p2b: Iron Hands|Drain Punch|p1a: Oranguru\n|-damage|p1a: Oranguru|32\/100\n|-heal|p2b: Iron Hands|26\/100|[from] drain|[of] p1a: Oranguru\n|move|p2a: Decidueye|Triple Arrows|p1a: Oranguru\n|-damage|p1a: Oranguru|0 fnt\n|faint|p1a: Oranguru\n|\n|-weather|SunnyDay|[upkeep]\n|upkeep\n|\n|t:|1700450060\n|switch|p1a: Goodra|Goodra-Hisui, L50, F|100\/100\n|turn|5\n|\n|t:|1700450066\n|move|p2a: Decidueye|Protect|p2a: Decidueye\n|-singleturn|p2a: Decidueye|Protect\n|move|p1b: Torkoal|Heat Wave|p2b: Iron Hands|[spread] p2b\n|-activate|p2a: Decidueye|move: Protect\n|-resisted|p2b: Iron Hands\n|-damage|p2b: Iron Hands|7\/100\n|move|p2b: Iron Hands|Earthquake|p1a: Goodra|[spread] p1a,p1b\n|-activate|p2a: Decidueye|move: Protect\n|-supereffective|p1a: Goodra\n|-supereffective|p1b: Torkoal\n|-damage|p1a: Goodra|54\/100\n|-damage|p1b: Torkoal|4\/100\n|move|p1a: Goodra|Acid Armor|p1a: Goodra\n|-boost|p1a: Goodra|def|2\n|\n|-weather|SunnyDay|[upkeep]\n|-fieldend|move: Trick Room\n|-fieldend|move: Gravity\n|upkeep\n|turn|6\n|\n|t:|1700450086\n|move|p1b: Torkoal|Protect|p1b: Torkoal\n|-singleturn|p1b: Torkoal|Protect\n|move|p1a: Goodra|Body Press|p2b: Iron Hands\n|-damage|p2b: Iron Hands|0 fnt\n|faint|p2b: Iron Hands\n|-end|p2b: Iron Hands|Quark Drive|[silent]\n|move|p2a: Decidueye|Triple Arrows|p1a: Goodra\n|-supereffective|p1a: Goodra\n|-crit|p1a: Goodra\n|-damage|p1a: Goodra|0 fnt\n|faint|p1a: Goodra\n|\n|-weather|none\n|upkeep\n|turn|7\n|\n|t:|1700450099\n|move|p2a: Decidueye|Triple Arrows|p1b: Torkoal\n|-crit|p1b: Torkoal\n|-damage|p1b: Torkoal|0 fnt\n|faint|p1b: Torkoal\n|\n|win|Ozwald McFly\n|raw|DCartaxo's rating: 1420 &rarr; <strong>1397<\/strong><br \/>(-23 for losing)\n|raw|Ozwald McFly's rating: 1368 &rarr; <strong>1391<\/strong><br \/>(+23 for winning)\n","uploadtime":1700450108,"views":10,"p1id":"dcartaxo","p2id":"ozwaldmcfly","formatid":"gen9vgc2023regulatione","rating":1391,"private":0,"password":""}