{"id":"gen9vgc2023regulatione-1998855349","p1":"2ant14","p2":"OrangeObama","format":"[Gen 9] VGC 2023 Regulation E","log":"|j|\u26062ant14\n|j|\u2606OrangeObama\n|t:|1701003807\n|gametype|doubles\n|player|p1|2ant14|acetrainer-gen4dp|1195\n|player|p2|OrangeObama|acetrainer-gen4dp|1271\n|teamsize|p1|6\n|teamsize|p2|6\n|gen|9\n|tier|[Gen 9] VGC 2023 Regulation E\n|rated|\n|rule|Species Clause: Limit one of each Pok\u00e9mon\n|rule|Item Clause: Limit one of each item\n|clearpoke\n|poke|p1|Rillaboom, L50, M|\n|poke|p1|Gothitelle, L50, M|\n|poke|p1|Politoed, L50, M|\n|poke|p1|Basculegion, L50, M|\n|poke|p1|Flutter Mane, L50|\n|poke|p1|Corviknight, L50, M|\n|poke|p2|Heatran, L50, M|\n|poke|p2|Urshifu-*, L50, M|\n|poke|p2|Rillaboom, L50, F|\n|poke|p2|Landorus-Therian, L50, M|\n|poke|p2|Iron Hands, L50|\n|poke|p2|Tornadus, L50, M|\n|teampreview|4\n|inactive|Battle timer is ON: inactive players will automatically lose when time's up. (requested by OrangeObama)\n2ant14 rejected open team sheets.\n|inactive|2ant14 has 60 seconds left.\n|inactive|OrangeObama has 60 seconds left.\n|\n|t:|1701003855\n|start\n|switch|p1a: Flutter Mane|Flutter Mane, L50|100\/100\n|switch|p1b: Basculegion|Basculegion, L50, M|100\/100\n|switch|p2a: Rillaboom|Rillaboom, L50, F|100\/100\n|switch|p2b: Urshifu|Urshifu-Rapid-Strike, L50, M|100\/100\n|-fieldstart|move: Grassy Terrain|[from] ability: Grassy Surge|[of] p2a: Rillaboom\n|-enditem|p2a: Rillaboom|Grassy Seed\n|-boost|p2a: Rillaboom|def|1|[from] item: Grassy Seed\n|turn|1\n|inactive|OrangeObama has 30 seconds left.\n|\n|t:|1701003886\n|switch|p2b: Heatran|Heatran, L50, M|100\/100\n|-end|p1a: Flutter Mane|Protosynthesis|[silent]\n|switch|p1a: Politoed|Politoed, L50, M|100\/100\n|-weather|RainDance|[from] ability: Drizzle|[of] p1a: Politoed\n|-terastallize|p1b: Basculegion|Flying\n|move|p2a: Rillaboom|Grassy Glide|p1b: Basculegion\n|-resisted|p1b: Basculegion\n|-damage|p1b: Basculegion|78\/100\n|move|p1b: Basculegion|Tera Blast|p2b: Heatran|[anim] Tera Blast Flying\n|-resisted|p2b: Heatran\n|-damage|p2b: Heatran|69\/100\n|\n|-weather|RainDance|[upkeep]\n|-heal|p2b: Heatran|75\/100|[from] Grassy Terrain\n|-heal|p2b: Heatran|81\/100|[from] item: Leftovers\n|upkeep\n|turn|2\n|inactive|OrangeObama has 30 seconds left.\n|\n|t:|1701003913\n|move|p2b: Heatran|Protect|p2b: Heatran\n|-singleturn|p2b: Heatran|Protect\n|move|p2a: Rillaboom|Knock Off|p1b: Basculegion\n|-damage|p1b: Basculegion|37\/100\n|-enditem|p1b: Basculegion|Choice Band|[from] move: Knock Off|[of] p2a: Rillaboom\n|move|p1a: Politoed|Muddy Water|p2b: Heatran|[spread] p2a\n|-activate|p2b: Heatran|move: Protect\n|-resisted|p2a: Rillaboom\n|-damage|p2a: Rillaboom|83\/100\n|move|p1b: Basculegion|Tera Blast|p2a: Rillaboom|[anim] Tera Blast Flying\n|-supereffective|p2a: Rillaboom\n|-damage|p2a: Rillaboom|3\/100\n|\n|-weather|RainDance|[upkeep]\n|-heal|p2b: Heatran|87\/100|[from] Grassy Terrain\n|-heal|p2b: Heatran|93\/100|[from] item: Leftovers\n|-heal|p2a: Rillaboom|9\/100|[from] Grassy Terrain\n|upkeep\n|turn|3\n|\n|t:|1701003934\n|switch|p1b: Rillaboom|Rillaboom, L50, M|100\/100\n|move|p2b: Heatran|Flash Cannon|p1b: Rillaboom\n|-damage|p1b: Rillaboom|69\/100\n|move|p2a: Rillaboom|Wood Hammer|p1a: Politoed\n|-supereffective|p1a: Politoed\n|-damage|p1a: Politoed|0 fnt\n|faint|p1a: Politoed\n|-damage|p2a: Rillaboom|0 fnt|[from] Recoil\n|faint|p2a: Rillaboom\n|\n|-weather|RainDance|[upkeep]\n|-heal|p2b: Heatran|99\/100|[from] Grassy Terrain\n|-heal|p2b: Heatran|100\/100|[from] item: Leftovers\n|-heal|p1b: Rillaboom|75\/100|[from] Grassy Terrain\n|upkeep\n|\n|t:|1701003946\n|switch|p2a: Iron Hands|Iron Hands, L50|100\/100\n|switch|p1a: Basculegion|Basculegion, L50, M, tera:Flying|37\/100\n|-enditem|p2a: Iron Hands|Booster Energy\n|-activate|p2a: Iron Hands|ability: Quark Drive|[fromitem]\n|-start|p2a: Iron Hands|quarkdriveatk\n|turn|4\n|\n|t:|1701003967\n|switch|p2b: Urshifu|Urshifu-Rapid-Strike, L50, M|100\/100\n|move|p1b: Rillaboom|Fake Out|p2a: Iron Hands\n|-damage|p2a: Iron Hands|90\/100\n|cant|p2a: Iron Hands|flinch\n|move|p1a: Basculegion|Aqua Jet|p2b: Urshifu\n|-resisted|p2b: Urshifu\n|-damage|p2b: Urshifu|85\/100\n|\n|-weather|RainDance|[upkeep]\n|-heal|p2b: Urshifu|91\/100|[from] Grassy Terrain\n|-heal|p1b: Rillaboom|81\/100|[from] Grassy Terrain\n|-heal|p2a: Iron Hands|96\/100|[from] Grassy Terrain\n|upkeep\n|turn|5\n|\n|t:|1701003987\n|move|p2b: Urshifu|Detect|p2b: Urshifu\n|-singleturn|p2b: Urshifu|Protect\n|move|p1b: Rillaboom|Grassy Glide|p2b: Urshifu\n|-activate|p2b: Urshifu|move: Protect\n|move|p1a: Basculegion|Tera Blast|p2b: Urshifu|[anim] Tera Blast Flying\n|-activate|p2b: Urshifu|move: Protect\n|move|p2a: Iron Hands|Drain Punch|p1b: Rillaboom\n|-damage|p1b: Rillaboom|36\/100\n|-heal|p2a: Iron Hands|100\/100|[from] drain|[of] p1b: Rillaboom\n|\n|-weather|none\n|-heal|p2b: Urshifu|97\/100|[from] Grassy Terrain\n|-heal|p1b: Rillaboom|42\/100|[from] Grassy Terrain\n|-fieldend|move: Grassy Terrain\n|upkeep\n|turn|6\n|inactive|OrangeObama has 30 seconds left.\n|\n|t:|1701004018\n|switch|p2b: Heatran|Heatran, L50, M|100\/100\n|move|p1b: Rillaboom|U-turn|p2b: Heatran\n|-resisted|p2b: Heatran\n|-damage|p2b: Heatran|95\/100\n|\n|t:|1701004023\n|switch|p1b: Flutter Mane|Flutter Mane, L50|100\/100|[from] U-turn\n|move|p1a: Basculegion|Tera Blast|p2b: Heatran|[anim] Tera Blast Flying\n|-resisted|p2b: Heatran\n|-damage|p2b: Heatran|73\/100\n|move|p2a: Iron Hands|Drain Punch|p1b: Flutter Mane\n|-immune|p1b: Flutter Mane\n|\n|-heal|p2b: Heatran|79\/100|[from] item: Leftovers\n|upkeep\n|turn|7\n|\n|t:|1701004040\n|-terastallize|p2a: Iron Hands|Grass\n|move|p2b: Heatran|Protect|p2b: Heatran\n|-singleturn|p2b: Heatran|Protect\n|move|p1a: Basculegion|Flip Turn|p2b: Heatran\n|-activate|p2b: Heatran|move: Protect\n|move|p2a: Iron Hands|Heavy Slam|p1b: Flutter Mane\n|-supereffective|p1b: Flutter Mane\n|-enditem|p1b: Flutter Mane|Focus Sash\n|-damage|p1b: Flutter Mane|1\/100\n|move|p1b: Flutter Mane|Trick Room|p1b: Flutter Mane\n|-fieldstart|move: Trick Room|[of] p1b: Flutter Mane\n|\n|-heal|p2b: Heatran|85\/100|[from] item: Leftovers\n|upkeep\n|turn|8\n|\n|t:|1701004058\n|move|p1b: Flutter Mane|Protect|p1b: Flutter Mane\n|-singleturn|p1b: Flutter Mane|Protect\n|move|p2a: Iron Hands|Wild Charge|p1a: Basculegion\n|-supereffective|p1a: Basculegion\n|-damage|p1a: Basculegion|0 fnt\n|faint|p1a: Basculegion\n|-damage|p2a: Iron Hands|92\/100|[from] Recoil\n|move|p2b: Heatran|Heat Wave|p1b: Flutter Mane\n|-activate|p1b: Flutter Mane|move: Protect\n|\n|-heal|p2b: Heatran|91\/100|[from] item: Leftovers\n|upkeep\n|\n|t:|1701004068\n|switch|p1a: Rillaboom|Rillaboom, L50, M|42\/100\n|-fieldstart|move: Grassy Terrain|[from] ability: Grassy Surge|[of] p1a: Rillaboom\n|turn|9\n|\n|t:|1701004082\n|move|p1a: Rillaboom|Fake Out|p2b: Heatran\n|-resisted|p2b: Heatran\n|-damage|p2b: Heatran|86\/100\n|move|p2a: Iron Hands|Heavy Slam|p1b: Flutter Mane\n|-supereffective|p1b: Flutter Mane\n|-damage|p1b: Flutter Mane|0 fnt\n|faint|p1b: Flutter Mane\n|-end|p1b: Flutter Mane|Protosynthesis|[silent]\n|cant|p2b: Heatran|flinch\n|\n|-heal|p2a: Iron Hands|98\/100|[from] Grassy Terrain\n|-heal|p1a: Rillaboom|48\/100|[from] Grassy Terrain\n|-heal|p2b: Heatran|92\/100|[from] Grassy Terrain\n|-heal|p2b: Heatran|98\/100|[from] item: Leftovers\n|upkeep\n|turn|10\n|c|\u2606OrangeObama|gg\n|-message|2ant14 forfeited.\n|\n|win|OrangeObama\n|raw|2ant14's rating: 1195 &rarr; <strong>1175<\/strong><br \/>(-20 for losing)\n|raw|OrangeObama's rating: 1271 &rarr; <strong>1291<\/strong><br \/>(+20 for winning)\n|l|\u26062ant14\n|c|\u2606OrangeObama|gg\n","uploadtime":1701004099,"views":6,"p1id":"2ant14","p2id":"orangeobama","formatid":"gen9vgc2023regulatione","rating":1175,"private":0,"password":""}