{"id":"gen9vgc2023regulatione-1989303496","p1":"nixiangwoma","p2":"bway","format":"[Gen 9] VGC 2023 Regulation E","log":"|j|\u2606nixiangwoma\n|j|\u2606bway\n|t:|1699834022\n|gametype|doubles\n|player|p1|nixiangwoma|1|1177\n|player|p2|bway|265|1130\n|teamsize|p1|6\n|teamsize|p2|6\n|gen|9\n|tier|[Gen 9] VGC 2023 Regulation E\n|rated|\n|rule|Species Clause: Limit one of each Pok\u00e9mon\n|rule|Item Clause: Limit one of each item\n|clearpoke\n|poke|p1|Arcanine-Hisui, L50, M|\n|poke|p1|Gholdengo, L50|\n|poke|p1|Ogerpon, L50, F|\n|poke|p1|Roaring Moon, L50|\n|poke|p1|Thundurus-Therian, L50, M|\n|poke|p1|Urshifu-*, L50, F|\n|poke|p2|Piplup, L50, M|\n|poke|p2|Farigiraf, L50, F|\n|poke|p2|Sinistcha, L50|\n|poke|p2|Iron Hands, L50|\n|poke|p2|Kingambit, L50, M|\n|poke|p2|Ogerpon-Hearthflame, L50, F|\n|teampreview|4\nbway rejected open team sheets.\n|\n|t:|1699834053\n|start\n|switch|p1a: Roaring Moon|Roaring Moon, L50|100\/100\n|switch|p1b: Gholdengo|Gholdengo, L50|100\/100\n|switch|p2a: Iron Hands|Iron Hands, L50|100\/100\n|switch|p2b: Ogerpon|Ogerpon-Hearthflame, L50, F|100\/100\n|-ability|p2b: Ogerpon|Mold Breaker\n|-enditem|p1a: Roaring Moon|Booster Energy\n|-activate|p1a: Roaring Moon|ability: Protosynthesis|[fromitem]\n|-start|p1a: Roaring Moon|protosynthesisspe\n|turn|1\n|inactive|Battle timer is ON: inactive players will automatically lose when time's up. (requested by bway)\n|inactive|nixiangwoma has 60 seconds left.\n|\n|t:|1699834089\n|switch|p1b: Urshifu|Urshifu-Rapid-Strike, L50, F|100\/100\n|-terastallize|p1a: Roaring Moon|Ghost\n|move|p2a: Iron Hands|Fake Out|p1a: Roaring Moon\n|-immune|p1a: Roaring Moon\n|move|p1a: Roaring Moon|Breaking Swipe|p2b: Ogerpon|[spread] p2a,p2b\n|-crit|p2b: Ogerpon\n|-damage|p2a: Iron Hands|86\/100\n|-damage|p2b: Ogerpon|62\/100\n|-unboost|p2a: Iron Hands|atk|1\n|-unboost|p2b: Ogerpon|atk|1\n|move|p2b: Ogerpon|Ivy Cudgel|p1b: Urshifu\n|-resisted|p1b: Urshifu\n|-damage|p1b: Urshifu|83\/100\n|\n|upkeep\n|turn|2\n|inactive|nixiangwoma has 30 seconds left.\n|inactive|bway has 30 seconds left.\n|inactive|bway has 20 seconds left.\n|\n|t:|1699834125\n|move|p2b: Ogerpon|Spiky Shield|p2b: Ogerpon\n|-singleturn|p2b: Ogerpon|move: Protect\n|move|p1b: Urshifu|Detect|p1b: Urshifu\n|-singleturn|p1b: Urshifu|Protect\n|move|p1a: Roaring Moon|Breaking Swipe|p2a: Iron Hands|[spread] p2a\n|-activate|p2b: Ogerpon|move: Protect\n|-damage|p1a: Roaring Moon|88\/100|[from] Spiky Shield|[of] p2b: Ogerpon\n|-damage|p2a: Iron Hands|70\/100\n|-unboost|p2a: Iron Hands|atk|1\n|move|p2a: Iron Hands|Wild Charge|p1b: Urshifu\n|-activate|p1b: Urshifu|move: Protect\n|\n|upkeep\n|turn|3\n|\n|t:|1699834141\n|move|p1a: Roaring Moon|Breaking Swipe|p2b: Ogerpon|[spread] p2a,p2b\n|-damage|p2a: Iron Hands|56\/100\n|-damage|p2b: Ogerpon|33\/100\n|-unboost|p2a: Iron Hands|atk|1\n|-unboost|p2b: Ogerpon|atk|1\n|move|p2b: Ogerpon|Horn Leech|p1b: Urshifu\n|-supereffective|p1b: Urshifu\n|-damage|p1b: Urshifu|47\/100\n|-heal|p2b: Ogerpon|56\/100|[from] drain|[of] p1b: Urshifu\n|move|p1b: Urshifu|Surging Strikes|p2a: Iron Hands\n|-crit|p2a: Iron Hands\n|-damage|p2a: Iron Hands|39\/100\n|-crit|p2a: Iron Hands\n|-damage|p2a: Iron Hands|19\/100\n|-crit|p2a: Iron Hands\n|-damage|p2a: Iron Hands|2\/100\n|-hitcount|p2a: Iron Hands|3\n|move|p2a: Iron Hands|Volt Switch|p1b: Urshifu\n|-supereffective|p1b: Urshifu\n|-damage|p1b: Urshifu|17\/100\n|\n|t:|1699834148\n|-end|p2a: Iron Hands|Quark Drive|[silent]\n|switch|p2a: Farigiraf|Farigiraf, L50, F|100\/100|[from] Volt Switch\n|\n|upkeep\n|turn|4\n|inactive|nixiangwoma has 30 seconds left.\n|inactive|nixiangwoma has 20 seconds left.\n|\n|t:|1699834185\n|switch|p2b: Piplup|Piplup, L50, M|100\/100\n|-terastallize|p2a: Farigiraf|Fairy\n|move|p1b: Urshifu|Detect|p1b: Urshifu\n|-singleturn|p1b: Urshifu|Protect\n|move|p1a: Roaring Moon|Knock Off|p2a: Farigiraf\n|-resisted|p2a: Farigiraf\n|-crit|p2a: Farigiraf\n|-damage|p2a: Farigiraf|64\/100\n|-enditem|p2a: Farigiraf|Weakness Policy|[from] move: Knock Off|[of] p1a: Roaring Moon\n|move|p2a: Farigiraf|Trick Room|p2a: Farigiraf\n|-fieldstart|move: Trick Room|[of] p2a: Farigiraf\n|\n|upkeep\n|turn|5\n|\n|t:|1699834208\n|switch|p1b: Ogerpon|Ogerpon, L50, F|100\/100\n|move|p2b: Piplup|Fling|p2a: Farigiraf\n|-resisted|p2a: Farigiraf\n|-damage|p2a: Farigiraf|63\/100\n|-boost|p2a: Farigiraf|spa|1|[from] item: Petaya Berry\n|-enditem|p2b: Piplup|Petaya Berry|[from] move: Fling\n|move|p2a: Farigiraf|Dazzling Gleam|p1b: Ogerpon|[spread] p1a,p1b\n|-damage|p1a: Roaring Moon|44\/100\n|-damage|p1b: Ogerpon|46\/100\n|move|p1a: Roaring Moon|Knock Off|p2b: Piplup\n|-damage|p2b: Piplup|58\/100\n|\n|upkeep\n|turn|6\n|\n|t:|1699834230\n|move|p1b: Ogerpon|Spiky Shield|p1b: Ogerpon\n|-singleturn|p1b: Ogerpon|move: Protect\n|move|p1a: Roaring Moon|Protect|p1a: Roaring Moon\n|-singleturn|p1a: Roaring Moon|Protect\n|move|p2b: Piplup|Yawn|p1a: Roaring Moon\n|-activate|p1a: Roaring Moon|move: Protect\n|move|p2a: Farigiraf|Dazzling Gleam|p1a: Roaring Moon|[spread] \n|-activate|p1a: Roaring Moon|move: Protect\n|-activate|p1b: Ogerpon|move: Protect\n|\n|upkeep\n|turn|7\n|inactive|nixiangwoma has 30 seconds left.\n|\n|t:|1699834261\n|-end|p1a: Roaring Moon|Protosynthesis|[silent]\n|switch|p1a: Urshifu|Urshifu-Rapid-Strike, L50, F|17\/100\n|move|p2b: Piplup|Yawn|p1b: Ogerpon\n|-start|p1b: Ogerpon|move: Yawn|[of] p2b: Piplup\n|move|p2a: Farigiraf|Dazzling Gleam|p1a: Urshifu|[spread] p1a,p1b\n|-supereffective|p1a: Urshifu\n|-damage|p1a: Urshifu|0 fnt\n|-damage|p1b: Ogerpon|0 fnt\n|faint|p1a: Urshifu\n|faint|p1b: Ogerpon\n|\n|upkeep\n|\n|t:|1699834270\n|switch|p1a: Gholdengo|Gholdengo, L50|100\/100\n|switch|p1b: Roaring Moon|Roaring Moon, L50, tera:Ghost|44\/100\n|turn|8\n|\n|t:|1699834291\n|move|p1b: Roaring Moon|Protect|p1b: Roaring Moon\n|-singleturn|p1b: Roaring Moon|Protect\n|move|p2b: Piplup|Chilling Water|p1a: Gholdengo\n|-damage|p1a: Gholdengo|88\/100\n|-unboost|p1a: Gholdengo|atk|1\n|move|p2a: Farigiraf|Dazzling Gleam|p1b: Roaring Moon|[spread] p1a\n|-activate|p1b: Roaring Moon|move: Protect\n|-resisted|p1a: Gholdengo\n|-damage|p1a: Gholdengo|64\/100\n|move|p1a: Gholdengo|Nasty Plot|p1a: Gholdengo\n|-boost|p1a: Gholdengo|spa|2\n|\n|-fieldend|move: Trick Room\n|upkeep\n|turn|9\n|inactive|bway has 30 seconds left.\n|\n|t:|1699834317\n|move|p1b: Roaring Moon|Tailwind|p1b: Roaring Moon\n|-sidestart|p1: nixiangwoma|move: Tailwind\n|move|p1a: Gholdengo|Make It Rain|p2a: Farigiraf|[spread] p2a,p2b\n|-supereffective|p2a: Farigiraf\n|-resisted|p2b: Piplup\n|-damage|p2a: Farigiraf|0 fnt\n|-damage|p2b: Piplup|0 fnt\n|-unboost|p1a: Gholdengo|spa|1\n|faint|p2a: Farigiraf\n|faint|p2b: Piplup\n|-damage|p1a: Gholdengo|55\/100|[from] item: Life Orb\n|\n|upkeep\n|\n|t:|1699834324\n|switch|p2a: Iron Hands|Iron Hands, L50|2\/100\n|switch|p2b: Ogerpon|Ogerpon-Hearthflame, L50, F|56\/100\n|-ability|p2b: Ogerpon|Mold Breaker\n|turn|10\n|\n|t:|1699834337\n|move|p1b: Roaring Moon|Breaking Swipe|p2b: Ogerpon|[spread] p2a,p2b\n|-damage|p2a: Iron Hands|0 fnt\n|-damage|p2b: Ogerpon|27\/100\n|-unboost|p2b: Ogerpon|atk|1\n|faint|p2a: Iron Hands\n|-end|p2a: Iron Hands|Quark Drive|[silent]\n|move|p1a: Gholdengo|Shadow Ball|p2b: Ogerpon\n|-damage|p2b: Ogerpon|0 fnt\n|faint|p2b: Ogerpon\n|-damage|p1a: Gholdengo|45\/100|[from] item: Life Orb\n|\n|win|nixiangwoma\n|raw|nixiangwoma's rating: 1177 &rarr; <strong>1199<\/strong><br \/>(+22 for winning)\n|raw|bway's rating: 1130 &rarr; <strong>1108<\/strong><br \/>(-22 for losing)\n","uploadtime":1699834341,"views":20,"p1id":"nixiangwoma","p2id":"bway","formatid":"gen9vgc2023regulatione","rating":1108,"private":0,"password":""}