{"id":"gen9vgc2023regulatione-1999360209","p1":"wonder gawd","p2":"alpha can elephant","format":"[Gen 9] VGC 2023 Regulation E","log":"|j|\u2606wonder gawd\n|j|\u2606alpha can elephant\n|t:|1701066568\n|gametype|doubles\n|player|p1|wonder gawd|101|1406\n|player|p2|alpha can elephant|marley|1519\n|teamsize|p1|6\n|teamsize|p2|6\n|gen|9\n|tier|[Gen 9] VGC 2023 Regulation E\n|rated|\n|rule|Species Clause: Limit one of each Pok\u00e9mon\n|rule|Item Clause: Limit one of each item\n|clearpoke\n|poke|p1|Basculegion-F, L50, F|\n|poke|p1|Tinkaton, L50, F|\n|poke|p1|Annihilape, L50, M|\n|poke|p1|Cloyster, L50, M|\n|poke|p1|Thundurus, L50, M|\n|poke|p1|Urshifu-*, L50, F|\n|poke|p2|Chien-Pao, L50|\n|poke|p2|Dragonite, L50, F|\n|poke|p2|Flutter Mane, L50|\n|poke|p2|Chi-Yu, L50|\n|poke|p2|Ting-Lu, L50|\n|poke|p2|Dondozo, L50, F|\n|teampreview|4\n|inactive|Battle timer is ON: inactive players will automatically lose when time's up. (requested by alpha can elephant)\n|\n|t:|1701066617\n|start\n|switch|p1a: Sup Bich|Thundurus, L50, M, shiny|100\/100\n|switch|p1b: Swiss Round|Tinkaton, L50, F|100\/100\n|switch|p2a: Ting-Lu|Ting-Lu, L50|100\/100\n|switch|p2b: Dondozo|Dondozo, L50, F|100\/100\n|-ability|p2a: Ting-Lu|Vessel of Ruin\n|turn|1\n|inactive|wonder gawd has 30 seconds left.\n|inactive|wonder gawd has 20 seconds left.\n|inactive|wonder gawd has 15 seconds left.\n|\n|t:|1701066657\n|-terastallize|p1b: Swiss Round|Water\n|move|p1b: Swiss Round|Fake Out|p2b: Dondozo\n|-damage|p2b: Dondozo|92\/100\n|-damage|p1b: Swiss Round|91\/100|[from] item: Life Orb\n|move|p1a: Sup Bich|Swagger|p1b: Swiss Round\n|-boost|p1b: Swiss Round|atk|2\n|-immune|p1b: Swiss Round|confusion|[from] ability: Own Tempo\n|move|p2a: Ting-Lu|Ruination|p1a: Sup Bich\n|-damage|p1a: Sup Bich|51\/100\n|cant|p2b: Dondozo|flinch\n|\n|upkeep\n|turn|2\n|inactive|wonder gawd has 30 seconds left.\n|\n|t:|1701066690\n|move|p2a: Ting-Lu|Protect|p2a: Ting-Lu\n|-singleturn|p2a: Ting-Lu|Protect\n|move|p1a: Sup Bich|Scary Face|p2b: Dondozo\n|-unboost|p2b: Dondozo|spe|2\n|move|p1b: Swiss Round|Knock Off|p2b: Dondozo\n|-damage|p2b: Dondozo|50\/100\n|-enditem|p2b: Dondozo|Sitrus Berry|[from] move: Knock Off|[of] p1b: Swiss Round\n|-damage|p1b: Swiss Round|81\/100|[from] item: Life Orb\n|move|p2b: Dondozo|Yawn|p1b: Swiss Round\n|-start|p1b: Swiss Round|move: Yawn|[of] p2b: Dondozo\n|\n|upkeep\n|turn|3\n|inactive|wonder gawd has 30 seconds left.\n|inactive|alpha can elephant has 30 seconds left.\n|inactive|wonder gawd has 20 seconds left.\n|inactive|wonder gawd has 15 seconds left.\n|inactive|wonder gawd has 10 seconds left.\n|\n|t:|1701066738\n|move|p1a: Sup Bich|Swagger|p2b: Dondozo|[miss]\n|-miss|p1a: Sup Bich|p2b: Dondozo\n|move|p1b: Swiss Round|Gigaton Hammer|p2a: Ting-Lu\n|-damage|p2a: Ting-Lu|8\/100\n|-damage|p1b: Swiss Round|71\/100|[from] item: Life Orb\n|move|p2a: Ting-Lu|Ruination|p1b: Swiss Round\n|-damage|p1b: Swiss Round|36\/100\n|move|p2b: Dondozo|Wave Crash|p1a: Sup Bich\n|-damage|p1a: Sup Bich|0 fnt\n|faint|p1a: Sup Bich\n|-damage|p2b: Dondozo|40\/100|[from] Recoil\n|\n|-heal|p2a: Ting-Lu|14\/100|[from] item: Leftovers\n|-end|p1b: Swiss Round|move: Yawn|[silent]\n|-status|p1b: Swiss Round|slp\n|upkeep\n|\n|t:|1701066759\n|switch|p1a: The Pianost|Urshifu-Rapid-Strike, L50, F|100\/100\n|turn|4\n|inactive|wonder gawd has 30 seconds left.\n|\n|t:|1701066789\n|move|p1a: The Pianost|Surging Strikes|p2a: Ting-Lu\n|-supereffective|p2a: Ting-Lu\n|-crit|p2a: Ting-Lu\n|-damage|p2a: Ting-Lu|0 fnt\n|faint|p2a: Ting-Lu\n|-hitcount|p2: Ting-Lu|1\n|cant|p1b: Swiss Round|slp\n|move|p2b: Dondozo|Wave Crash|p1a: The Pianost\n|-resisted|p1a: The Pianost\n|-damage|p1a: The Pianost|73\/100\n|-damage|p2b: Dondozo|33\/100|[from] Recoil\n|\n|upkeep\n|\n|t:|1701066795\n|switch|p2a: Flutter Mane|Flutter Mane, L50|100\/100\n|-enditem|p2a: Flutter Mane|Booster Energy\n|-activate|p2a: Flutter Mane|ability: Protosynthesis|[fromitem]\n|-start|p2a: Flutter Mane|protosynthesisspe\n|turn|5\n|\n|t:|1701066808\n|switch|p2b: Chi-Yu|Chi-Yu, L50|100\/100\n|-ability|p2b: Chi-Yu|Beads of Ruin\n|-terastallize|p2a: Flutter Mane|Fairy\n|move|p2a: Flutter Mane|Dazzling Gleam|p1a: The Pianost|[spread] p1a,p1b\n|-supereffective|p1a: The Pianost\n|-damage|p1a: The Pianost|0 fnt\n|-damage|p1b: Swiss Round|0 fnt\n|faint|p1a: The Pianost\n|faint|p1b: Swiss Round\n|\n|upkeep\n|\n|t:|1701066817\n|switch|p1b: Child Taker|Annihilape, L50, M|100\/100\n|turn|6\n|-message|wonder gawd forfeited.\n|\n|win|alpha can elephant\n|raw|wonder gawd's rating: 1406 &rarr; <strong>1392<\/strong><br \/>(-14 for losing)\n|raw|alpha can elephant's rating: 1519 &rarr; <strong>1533<\/strong><br \/>(+14 for winning)\n|l|\u2606wonder gawd\n","uploadtime":1701066833,"views":23,"p1id":"wondergawd","p2id":"alphacanelephant","formatid":"gen9vgc2023regulatione","rating":1392,"private":0,"password":""}