{"id":"gen9vgc2023regulatione-1994450930","p1":"elektriktoad","p2":"ijnk","format":"[Gen 9] VGC 2023 Regulation E","log":"|j|\u2606elektriktoad\n|j|\u2606ijnk\n|t:|1700445381\n|gametype|doubles\n|player|p1|elektriktoad|janine|1403\n|player|p2|ijnk|shadowtriad|1335\n|teamsize|p1|6\n|teamsize|p2|6\n|gen|9\n|tier|[Gen 9] VGC 2023 Regulation E\n|rated|\n|rule|Species Clause: Limit one of each Pok\u00e9mon\n|rule|Item Clause: Limit one of each item\n|clearpoke\n|poke|p1|Muk-Alola, L50, F|\n|poke|p1|Scovillain, L50, M|\n|poke|p1|Sableye, L50, F|\n|poke|p1|Garganacl, L50, M|\n|poke|p1|Gliscor, L50, F|\n|poke|p1|Goodra-Hisui, L50, M|\n|poke|p2|Ninetales, L50, M|\n|poke|p2|Flutter Mane, L50|\n|poke|p2|Landorus-Therian, L50, M|\n|poke|p2|Tornadus, L50, M|\n|poke|p2|Kingambit, L50, F|\n|poke|p2|Chi-Yu, L50|\n|teampreview|4\n|\n|t:|1700445424\n|start\n|switch|p1a: Muk|Muk-Alola, L50, F|100\/100\n|switch|p1b: Scovillain|Scovillain, L50, M|100\/100\n|switch|p2a: Ninetales|Ninetales, L50, M|100\/100\n|switch|p2b: Chi-Yu|Chi-Yu, L50|100\/100\n|-ability|p2b: Chi-Yu|Beads of Ruin\n|-weather|SunnyDay|[from] ability: Drought|[of] p2a: Ninetales\n|turn|1\n|\n|t:|1700445440\n|move|p1a: Muk|Protect|p1a: Muk\n|-singleturn|p1a: Muk|Protect\n|move|p2b: Chi-Yu|Heat Wave|p1a: Muk|[spread] p1b\n|-activate|p1a: Muk|move: Protect\n|-damage|p1b: Scovillain|0 fnt\n|faint|p1b: Scovillain\n|-ability|p1a: Muk|Moody|[from] ability: Power of Alchemy|[of] p1b: Scovillain\n|move|p2a: Ninetales|Heat Wave|p1a: Muk\n|-activate|p1a: Muk|move: Protect\n|\n|-weather|SunnyDay|[upkeep]\n|-ability|p1a: Muk|Moody|boost\n|-boost|p1a: Muk|spd|2\n|-unboost|p1a: Muk|atk|1\n|upkeep\n|\n|t:|1700445457\n|switch|p1b: Garganacl|Garganacl, L50, M|100\/100\n|turn|2\n|\n|t:|1700445466\n|-terastallize|p2a: Ninetales|Ground\n|move|p1b: Garganacl|Wide Guard|p1b: Garganacl\n|-singleturn|p1b: Garganacl|Wide Guard\n|move|p2b: Chi-Yu|Heat Wave|p1b: Garganacl|[spread] \n|-activate|p1a: Muk|move: Wide Guard\n|-activate|p1b: Garganacl|move: Wide Guard\n|move|p2a: Ninetales|Tera Blast|p1b: Garganacl|[anim] Tera Blast Ground\n|-supereffective|p1b: Garganacl\n|-damage|p1b: Garganacl|44\/100\n|-enditem|p1b: Garganacl|Sitrus Berry|[eat]\n|-heal|p1b: Garganacl|69\/100|[from] item: Sitrus Berry\n|move|p1a: Muk|Minimize|p1a: Muk\n|-boost|p1a: Muk|evasion|2\n|\n|-weather|SunnyDay|[upkeep]\n|-ability|p1a: Muk|Moody|boost\n|-boost|p1a: Muk|spd|2\n|-unboost|p1a: Muk|spa|1\n|upkeep\n|turn|3\n|\n|t:|1700445493\n|switch|p2b: Flutter Mane|Flutter Mane, L50|100\/100\n|-activate|p2b: Flutter Mane|ability: Protosynthesis\n|-start|p2b: Flutter Mane|protosynthesisspa\n|-terastallize|p1b: Garganacl|Ghost\n|move|p2a: Ninetales|Tera Blast|p1b: Garganacl|[anim] Tera Blast Ground\n|-damage|p1b: Garganacl|47\/100\n|move|p1a: Muk|Toxic|p2a: Ninetales\n|-status|p2a: Ninetales|tox\n|move|p1b: Garganacl|Salt Cure|p2b: Flutter Mane\n|-damage|p2b: Flutter Mane|73\/100\n|-start|p2b: Flutter Mane|Salt Cure\n|\n|-weather|SunnyDay|[upkeep]\n|-damage|p2a: Ninetales|94\/100 tox|[from] psn\n|-damage|p2b: Flutter Mane|60\/100|[from] Salt Cure\n|-ability|p1a: Muk|Moody|boost\n|-boost|p1a: Muk|spa|2\n|-unboost|p1a: Muk|spd|1\n|upkeep\n|turn|4\n|\n|t:|1700445522\n|move|p2b: Flutter Mane|Moonblast|p1b: Garganacl\n|-damage|p1b: Garganacl|3\/100\n|move|p2a: Ninetales|Encore|p1a: Muk\n|-start|p1a: Muk|Encore\n|move|p1a: Muk|Toxic|p2b: Flutter Mane\n|-status|p2b: Flutter Mane|tox\n|move|p1b: Garganacl|Recover|p1b: Garganacl\n|-heal|p1b: Garganacl|54\/100\n|\n|-weather|SunnyDay|[upkeep]\n|-damage|p2b: Flutter Mane|54\/100 tox|[from] psn\n|-damage|p2a: Ninetales|82\/100 tox|[from] psn\n|-damage|p2b: Flutter Mane|42\/100 tox|[from] Salt Cure\n|-ability|p1a: Muk|Moody|boost\n|-boost|p1a: Muk|spa|2\n|-unboost|p1a: Muk|spd|1\n|upkeep\n|turn|5\n|\n|t:|1700445542\n|move|p2b: Flutter Mane|Moonblast|p1b: Garganacl\n|-damage|p1b: Garganacl|5\/100\n|move|p2a: Ninetales|Heat Wave|p1a: Muk|[spread] p1a,p1b\n|-damage|p1a: Muk|85\/100\n|-damage|p1b: Garganacl|0 fnt\n|faint|p1b: Garganacl\n|move|p1a: Muk|Toxic|p2a: Ninetales\n|-fail|p2a: Ninetales|tox\n|\n|-weather|SunnyDay|[upkeep]\n|-heal|p1a: Muk|91\/100|[from] item: Leftovers\n|-damage|p2b: Flutter Mane|30\/100 tox|[from] psn\n|-damage|p2a: Ninetales|64\/100 tox|[from] psn\n|-damage|p2b: Flutter Mane|18\/100 tox|[from] Salt Cure\n|-ability|p1a: Muk|Moody|boost\n|-boost|p1a: Muk|atk|2\n|-unboost|p1a: Muk|spd|1\n|upkeep\n|\n|t:|1700445551\n|switch|p1b: Goodra|Goodra-Hisui, L50, M|100\/100\n|turn|6\n|\n|t:|1700445572\n|move|p1b: Goodra|Protect|p1b: Goodra\n|-singleturn|p1b: Goodra|Protect\n|move|p2b: Flutter Mane|Moonblast|p1a: Muk|[miss]\n|-miss|p2b: Flutter Mane|p1a: Muk\n|move|p2a: Ninetales|Tera Blast|p1b: Goodra|[anim] Tera Blast Ground\n|-activate|p1b: Goodra|move: Protect\n|move|p1a: Muk|Toxic|p2b: Flutter Mane\n|-fail|p2b: Flutter Mane|tox\n|\n|-weather|SunnyDay|[upkeep]\n|-heal|p1a: Muk|97\/100|[from] item: Leftovers\n|-damage|p2b: Flutter Mane|0 fnt|[from] psn\n|faint|p2b: Flutter Mane\n|-end|p2b: Flutter Mane|Protosynthesis|[silent]\n|-damage|p2a: Ninetales|40\/100 tox|[from] psn\n|-end|p1a: Muk|Encore\n|-ability|p1a: Muk|Moody|boost\n|-boost|p1a: Muk|atk|2\n|-unboost|p1a: Muk|spd|1\n|upkeep\n|\n|t:|1700445580\n|switch|p2b: Kingambit|Kingambit, L50, F|100\/100\n|turn|7\n|\n|t:|1700445597\n|move|p1a: Muk|Protect|p1a: Muk\n|-singleturn|p1a: Muk|Protect\n|move|p2a: Ninetales|Heat Wave|p1a: Muk|[spread] p1b\n|-activate|p1a: Muk|move: Protect\n|-crit|p1b: Goodra\n|-damage|p1b: Goodra|65\/100\n|move|p1b: Goodra|Body Press|p2a: Ninetales\n|-damage|p2a: Ninetales|12\/100 tox\n|move|p2b: Kingambit|Kowtow Cleave|p1a: Muk\n|-activate|p1a: Muk|move: Protect\n|\n|-weather|SunnyDay|[upkeep]\n|-heal|p1a: Muk|100\/100|[from] item: Leftovers\n|-damage|p2a: Ninetales|0 fnt|[from] psn\n|faint|p2a: Ninetales\n|-ability|p1a: Muk|Moody|boost\n|-boost|p1a: Muk|spa|2\n|-unboost|p1a: Muk|spd|1\n|upkeep\n|\n|t:|1700445607\n|switch|p2a: Chi-Yu|Chi-Yu, L50|100\/100\n|-ability|p2a: Chi-Yu|Beads of Ruin\n|turn|8\n|\n|t:|1700445663\n|move|p2b: Kingambit|Protect|p2b: Kingambit\n|-singleturn|p2b: Kingambit|Protect\n|move|p2a: Chi-Yu|Overheat|p1a: Muk|[miss]\n|-miss|p2a: Chi-Yu|p1a: Muk\n|move|p1b: Goodra|Body Press|p2a: Chi-Yu\n|-supereffective|p2a: Chi-Yu\n|-damage|p2a: Chi-Yu|47\/100\n|move|p1a: Muk|Knock Off|p2a: Chi-Yu\n|-resisted|p2a: Chi-Yu\n|-damage|p2a: Chi-Yu|0 fnt\n|-enditem|p2a: Chi-Yu|Choice Scarf|[from] move: Knock Off|[of] p1a: Muk\n|faint|p2a: Chi-Yu\n|\n|-weather|none\n|-ability|p1a: Muk|Moody|boost\n|-boost|p1a: Muk|spa|1\n|-unboost|p1a: Muk|spd|1\n|upkeep\n|turn|9\n|-message|ijnk forfeited.\n|\n|win|elektriktoad\n|raw|elektriktoad's rating: 1403 &rarr; <strong>1419<\/strong><br \/>(+16 for winning)\n|raw|ijnk's rating: 1335 &rarr; <strong>1319<\/strong><br \/>(-16 for losing)\n|l|\u2606ijnk\n","uploadtime":1700445689,"views":9,"p1id":"elektriktoad","p2id":"ijnk","formatid":"gen9vgc2023regulatione","rating":1319,"private":0,"password":""}