{"id":"gen9vgc2023regulatione-1991115445","p1":"MadMat48","p2":"aylart2","format":"[Gen 9] VGC 2023 Regulation E","log":"|j|\u2606MadMat48\n|j|\u2606aylart2\n|t:|1700045283\n|gametype|doubles\n|player|p1|MadMat48|lance|1561\n|player|p2|aylart2|266|1635\n|teamsize|p1|6\n|teamsize|p2|6\n|gen|9\n|tier|[Gen 9] VGC 2023 Regulation E\n|rated|\n|rule|Species Clause: Limit one of each Pok\u00e9mon\n|rule|Item Clause: Limit one of each item\n|clearpoke\n|poke|p1|Scizor, L50, F|\n|poke|p1|Dragonite, L50, M|\n|poke|p1|Chien-Pao, L50|\n|poke|p1|Tauros-Paldea-Blaze, L50, M|\n|poke|p1|Tornadus, L50, M|\n|poke|p1|Urshifu-*, L50, M|\n|poke|p2|Tornadus, L50, M|\n|poke|p2|Rillaboom, L50, M|\n|poke|p2|Iron Hands, L50|\n|poke|p2|Flutter Mane, L50|\n|poke|p2|Urshifu-*, L50, F|\n|poke|p2|Ogerpon-Hearthflame, L50, F|\n|teampreview|4\n|inactive|Battle timer is ON: inactive players will automatically lose when time's up. (requested by aylart2)\n|inactive|MadMat48 also wants the timer to be on.\n|inactive|MadMat48 has 60 seconds left.\n|inactive|aylart2 has 60 seconds left.\n|inactive|aylart2 has 30 seconds left.\n|\n|t:|1700045344\n|start\n|switch|p1a: Tornadus|Tornadus, L50, M|100\/100\n|switch|p1b: Dragonite|Dragonite, L50, M|100\/100\n|switch|p2a: Tornadus|Tornadus, L50, M|100\/100\n|switch|p2b: Urshifu|Urshifu-Rapid-Strike, L50, F|100\/100\n|turn|1\n|inactive|aylart2 has 30 seconds left.\n|\n|t:|1700045374\n|-terastallize|p2a: Tornadus|Steel\n|move|p2a: Tornadus|Tailwind|p2a: Tornadus\n|-sidestart|p2: aylart2|move: Tailwind\n|move|p1a: Tornadus|Tailwind|p1a: Tornadus\n|-sidestart|p1: MadMat48|move: Tailwind\n|move|p2b: Urshifu|Surging Strikes|p1a: Tornadus\n|-crit|p1a: Tornadus\n|-damage|p1a: Tornadus|80\/100\n|-crit|p1a: Tornadus\n|-damage|p1a: Tornadus|56\/100\n|-crit|p1a: Tornadus\n|-damage|p1a: Tornadus|35\/100\n|-enditem|p1a: Tornadus|Sitrus Berry|[eat]\n|-heal|p1a: Tornadus|60\/100|[from] item: Sitrus Berry\n|-hitcount|p1a: Tornadus|3\n|move|p1b: Dragonite|Dragon Dance|p1b: Dragonite\n|-boost|p1b: Dragonite|atk|1\n|-boost|p1b: Dragonite|spe|1\n|\n|upkeep\n|turn|2\n|j| 123ABCDEFGxu\n|\n|t:|1700045397\n|move|p1a: Tornadus|Swagger|p1b: Dragonite|[miss]\n|-miss|p1a: Tornadus|p1b: Dragonite\n|move|p1b: Dragonite|Stomping Tantrum|p2a: Tornadus\n|-supereffective|p2a: Tornadus\n|-damage|p2a: Tornadus|0 fnt\n|faint|p2a: Tornadus\n|move|p2b: Urshifu|Surging Strikes|p1a: Tornadus\n|-crit|p1a: Tornadus\n|-damage|p1a: Tornadus|38\/100\n|-crit|p1a: Tornadus\n|-damage|p1a: Tornadus|14\/100\n|-crit|p1a: Tornadus\n|-damage|p1a: Tornadus|0 fnt\n|faint|p1a: Tornadus\n|-hitcount|p1: Tornadus|3\n|\n|upkeep\n|l| 123ABCDEFGxu\n|\n|t:|1700045414\n|switch|p2a: Flutter Mane|Flutter Mane, L50|100\/100\n|switch|p1a: Tauros|Tauros-Paldea-Blaze, L50, M|100\/100\n|-ability|p1a: Tauros|Intimidate|boost\n|-unboost|p2a: Flutter Mane|atk|1\n|-unboost|p2b: Urshifu|atk|1\n|turn|3\n|\n|t:|1700045425\n|-terastallize|p1b: Dragonite|Normal\n|move|p1a: Tauros|Protect|p1a: Tauros\n|-singleturn|p1a: Tauros|Protect\n|move|p1b: Dragonite|Extreme Speed|p2b: Urshifu\n|-damage|p2b: Urshifu|29\/100\n|move|p2a: Flutter Mane|Dazzling Gleam|p1b: Dragonite|[spread] p1b\n|-activate|p1a: Tauros|move: Protect\n|-damage|p1b: Dragonite|61\/100\n|move|p2b: Urshifu|Surging Strikes|p1a: Tauros\n|-supereffective|p1a: Tauros\n|-crit|p1a: Tauros\n|-damage|p1a: Tauros|54\/100\n|-supereffective|p1a: Tauros\n|-crit|p1a: Tauros\n|-damage|p1a: Tauros|7\/100\n|-supereffective|p1a: Tauros\n|-crit|p1a: Tauros\n|-damage|p1a: Tauros|0 fnt\n|faint|p1a: Tauros\n|-hitcount|p1: Tauros|3\n|\n|upkeep\n|\n|t:|1700045432\n|switch|p1a: Urshifu|Urshifu-Rapid-Strike, L50, M|100\/100\n|turn|4\n|\n|t:|1700045451\n|move|p2b: Urshifu|Detect|p2b: Urshifu\n|-singleturn|p2b: Urshifu|Protect\n|move|p1b: Dragonite|Extreme Speed|p2b: Urshifu\n|-activate|p2b: Urshifu|move: Protect\n|move|p1a: Urshifu|Surging Strikes|p2a: Flutter Mane\n|-crit|p2a: Flutter Mane\n|-damage|p2a: Flutter Mane|67\/100\n|-crit|p2a: Flutter Mane\n|-damage|p2a: Flutter Mane|29\/100\n|-crit|p2a: Flutter Mane\n|-damage|p2a: Flutter Mane|0 fnt\n|faint|p2a: Flutter Mane\n|-end|p2a: Flutter Mane|Protosynthesis|[silent]\n|-hitcount|p2: Flutter Mane|3\n|\n|-sideend|p2: aylart2|move: Tailwind\n|-sideend|p1: MadMat48|move: Tailwind\n|upkeep\n|\n|t:|1700045460\n|switch|p2a: Iron Hands|Iron Hands, L50|100\/100\n|turn|5\n|inactive|aylart2 has 30 seconds left.\n|inactive|aylart2 has 20 seconds left.\n|inactive|aylart2 has 15 seconds left.\n|\n|t:|1700045501\n|move|p2b: Urshifu|Detect||[still]\n|-fail|p2b: Urshifu\n|move|p1a: Urshifu|Surging Strikes|p2a: Iron Hands\n|-crit|p2a: Iron Hands\n|-damage|p2a: Iron Hands|86\/100\n|-crit|p2a: Iron Hands\n|-damage|p2a: Iron Hands|71\/100\n|-crit|p2a: Iron Hands\n|-damage|p2a: Iron Hands|55\/100\n|-hitcount|p2a: Iron Hands|3\n|move|p1b: Dragonite|Stomping Tantrum|p2a: Iron Hands\n|-supereffective|p2a: Iron Hands\n|-damage|p2a: Iron Hands|0 fnt\n|faint|p2a: Iron Hands\n|-end|p2a: Iron Hands|Quark Drive|[silent]\n|\n|upkeep\n|turn|6\n|-message|aylart2 forfeited.\n|\n|win|MadMat48\n|raw|MadMat48's rating: 1561 &rarr; <strong>1584<\/strong><br \/>(+23 for winning)\n|raw|aylart2's rating: 1610 &rarr; <strong>1587<\/strong><br \/>(-23 for losing)\n|l|\u2606aylart2\n|l|\u2606MadMat48\n","uploadtime":1700045517,"views":5,"p1id":"madmat48","p2id":"aylart2","formatid":"gen9vgc2023regulatione","rating":1584,"private":0,"password":""}