{"id":"gen9vgc2023regulatione-1991421350","p1":"babiwi bewey\u2714\ufe0f","p2":"kidturtle","format":"[Gen 9] VGC 2023 Regulation E","log":"|j|\u2606babiwi bewey\u2714\ufe0f\n|j|\u2606kidturtle\n|t:|1700075707\n|gametype|doubles\n|player|p1|babiwi bewey\u2714\ufe0f|valerie|\n|player|p2|kidturtle|hoopster|\n|teamsize|p1|6\n|teamsize|p2|6\n|gen|9\n|tier|[Gen 9] VGC 2023 Regulation E\n|rated|Tournament battle\n|rule|Species Clause: Limit one of each Pok\u00e9mon\n|rule|Item Clause: Limit one of each item\n|clearpoke\n|poke|p1|Dondozo, L50, F|\n|poke|p1|Tatsugiri, L50, M|\n|poke|p1|Ninetales-Alola, L50, F|\n|poke|p1|Heatran, L50, M|\n|poke|p1|Iron Hands, L50|\n|poke|p1|Glimmora, L50, M|\n|poke|p2|Ursaluna, L50, M|\n|poke|p2|Cresselia, L50, F|\n|poke|p2|Flutter Mane, L50|\n|poke|p2|Chi-Yu, L50|\n|poke|p2|Iron Hands, L50|\n|poke|p2|Urshifu-*, L50, M|\n|teampreview|4\n|showteam|p1|Dondozo||Leftovers|Unaware|Protect,WaveCrash,Substitute,OrderUp|||F|||50|,,,,,Dragon]Tatsugiri||AbilityShield|Commander|Protect,Taunt,DracoMeteor,MuddyWater|||M|||50|,,,,,Steel]Ninetales-Alola||LightClay|SnowWarning|Blizzard,Protect,AuroraVeil,Moonblast|||F|||50|,,,,,Ghost]Heatran||ShucaBerry|FlashFire|Protect,MagmaStorm,HeatWave,EarthPower|||M|||50|,,,,,Fairy]Iron Hands||AssaultVest|QuarkDrive|WildCharge,VoltSwitch,DrainPunch,FakeOut||||||50|,,,,,Grass]Glimmora||FocusSash|ToxicDebris|SpikyShield,PowerGem,EarthPower,MortalSpin|||M|||50|,,,,,Grass\n|showteam|p2|Ursaluna||FlameOrb|Guts|Facade,Earthquake,SwordsDance,Protect|||M|||50|,,,,,Ghost]Cresselia||MentalHerb|Levitate|IceBeam,AllySwitch,LunarBlessing,TrickRoom|||F|||50|,,,,,Fairy]Flutter Mane||BoosterEnergy|Protosynthesis|IcyWind,ShadowBall,Moonblast,Protect||||||50|,,,,,Fairy]Chi-Yu||ChoiceSpecs|BeadsofRuin|BurningJealousy,DarkPulse,Overheat,Snarl||||||50|,,,,,Ghost]Iron Hands||SitrusBerry|QuarkDrive|DrainPunch,WildCharge,FakeOut,SwordsDance||||||50|,,,,,Fire]Urshifu||FocusSash|UnseenFist|Detect,WickedBlow,CloseCombat,SuckerPunch|||M|||50|,,,,,Dark\n|inactive|Battle timer is ON: inactive players will automatically lose when time's up. (requested by kidturtle)\n|j| LanternComic\n|j| pizzafanBTW\n|j| fyfyyalt1\n|j| Tilzy\n|j| Kemils\n|\n|t:|1700075738\n|start\n|switch|p1a: Ninetales|Ninetales-Alola, L50, F|100\/100\n|switch|p1b: Heatran|Heatran, L50, M|100\/100\n|switch|p2a: Iron Hands|Iron Hands, L50|100\/100\n|switch|p2b: Cresselia|Cresselia, L50, F|100\/100\n|-weather|Snow|[from] ability: Snow Warning|[of] p1a: Ninetales\n|turn|1\n|j| O1OOO11O\n|j| godlyreal\n|j| MorningElegy\n|inactive|kidturtle has 30 seconds left.\n|\n|t:|1700075767\n|move|p1a: Ninetales|Aurora Veil|p1a: Ninetales\n|-sidestart|p1: babiwi bewey\u2714\ufe0f|move: Aurora Veil\n|move|p1b: Heatran|Magma Storm|p2a: Iron Hands\n|-damage|p2a: Iron Hands|59\/100\n|-activate|p2a: Iron Hands|move: Magma Storm|[of] p1b: Heatran\n|move|p2a: Iron Hands|Drain Punch|p1b: Heatran\n|-supereffective|p1b: Heatran\n|-damage|p1b: Heatran|52\/100\n|-heal|p2a: Iron Hands|79\/100|[from] drain|[of] p1b: Heatran\n|move|p2b: Cresselia|Trick Room|p2b: Cresselia\n|-fieldstart|move: Trick Room|[of] p2b: Cresselia\n|\n|-weather|Snow|[upkeep]\n|-damage|p2a: Iron Hands|67\/100|[from] move: Magma Storm|[partiallytrapped]\n|upkeep\n|turn|2\n|j| Kiwigal\n|\n|t:|1700075787\n|move|p2a: Iron Hands|Wild Charge|p1b: Heatran\n|-damage|p1b: Heatran|23\/100\n|-damage|p2a: Iron Hands|61\/100|[from] Recoil\n|move|p2b: Cresselia|Lunar Blessing|p2b: Cresselia|[spread] p2a,p2b\n|-heal|p2a: Iron Hands|86\/100\n|move|p1b: Heatran|Earth Power|p2a: Iron Hands\n|-supereffective|p2a: Iron Hands\n|-damage|p2a: Iron Hands|35\/100\n|-enditem|p2a: Iron Hands|Sitrus Berry|[eat]\n|-heal|p2a: Iron Hands|60\/100|[from] item: Sitrus Berry\n|move|p1a: Ninetales|Moonblast|p2a: Iron Hands\n|-supereffective|p2a: Iron Hands\n|-damage|p2a: Iron Hands|15\/100\n|\n|-weather|Snow|[upkeep]\n|-damage|p2a: Iron Hands|3\/100|[from] move: Magma Storm|[partiallytrapped]\n|upkeep\n|turn|3\n|\n|t:|1700075802\n|move|p1b: Heatran|Protect|p1b: Heatran\n|-singleturn|p1b: Heatran|Protect\n|move|p1a: Ninetales|Protect|p1a: Ninetales\n|-singleturn|p1a: Ninetales|Protect\n|move|p2a: Iron Hands|Wild Charge|p1b: Heatran\n|-activate|p1b: Heatran|move: Protect\n|move|p2b: Cresselia|Lunar Blessing|p2b: Cresselia|[spread] p2a,p2b\n|-heal|p2a: Iron Hands|27\/100\n|\n|-weather|Snow|[upkeep]\n|-damage|p2a: Iron Hands|15\/100|[from] move: Magma Storm|[partiallytrapped]\n|upkeep\n|turn|4\n|j| aussiepossy\n|\n|t:|1700075809\n|move|p2a: Iron Hands|Drain Punch|p1b: Heatran\n|-supereffective|p1b: Heatran\n|-damage|p1b: Heatran|0 fnt\n|-heal|p2a: Iron Hands|25\/100|[from] drain|[of] p1b: Heatran\n|faint|p1b: Heatran\n|move|p2b: Cresselia|Lunar Blessing|p2b: Cresselia|[spread] p2a,p2b\n|-heal|p2a: Iron Hands|50\/100\n|move|p1a: Ninetales|Blizzard|p2a: Iron Hands|[spread] p2a,p2b\n|-damage|p2a: Iron Hands|29\/100\n|-damage|p2b: Cresselia|87\/100\n|-status|p2a: Iron Hands|frz\n|\n|-weather|Snow|[upkeep]\n|-end|p2a: Iron Hands|Magma Storm|[partiallytrapped]|[silent]\n|upkeep\n|l| aussiepossy\n|c| Kiwigal|oof\n|c| fyfyyalt1|babiwi the hax lord\n|c| fyfyyalt1|:0\n|c| MorningElegy|babiwi\n|\n|t:|1700075833\n|switch|p1b: Dondozo|Dondozo, L50, F|100\/100\n|turn|5\n|c| MorningElegy|we need to have a conversation\n|c|\u2606babiwi bewey\u2714\ufe0f|i mean whats hands gonna do to dozo at this point\n|c|\u2606babiwi bewey\u2714\ufe0f|and he lunar blessings anyway\n|j| SlowHomie\n|c|\u2606babiwi bewey\u2714\ufe0f|soooooooooooooo\n|\n|t:|1700075856\n|switch|p1b: Tatsugiri|Tatsugiri, L50, M|100\/100\n|move|p1a: Ninetales|Protect|p1a: Ninetales\n|-singleturn|p1a: Ninetales|Protect\n|-curestatus|p2a: Iron Hands|frz|[msg]\n|move|p2a: Iron Hands|Swords Dance|p2a: Iron Hands\n|-boost|p2a: Iron Hands|atk|2\n|move|p2b: Cresselia|Lunar Blessing|p2b: Cresselia|[spread] p2a,p2b\n|-heal|p2a: Iron Hands|54\/100\n|-heal|p2b: Cresselia|100\/100\n|\n|-weather|none\n|-fieldend|move: Trick Room\n|upkeep\n|turn|6\n|c| Kiwigal|hands goes before cress\n|c|\u2606babiwi bewey\u2714\ufe0f|i misclicked bru\n|c|\u2606babiwi bewey\u2714\ufe0f|;-;\n|c| Kiwigal|nvm\n|c| MorningElegy|thawed anyway\n|\n|t:|1700075871\n|move|p1a: Ninetales|Moonblast|p2a: Iron Hands\n|-supereffective|p2a: Iron Hands\n|-damage|p2a: Iron Hands|5\/100\n|move|p1b: Tatsugiri|Muddy Water|p2a: Iron Hands|[spread] p2a,p2b\n|-damage|p2a: Iron Hands|0 fnt\n|-damage|p2b: Cresselia|82\/100\n|faint|p2a: Iron Hands\n|-end|p2a: Iron Hands|Quark Drive|[silent]\n|move|p2b: Cresselia|Trick Room|p2b: Cresselia\n|-fieldstart|move: Trick Room|[of] p2b: Cresselia\n|\n|upkeep\n|c| MorningElegy|giga chad\n|c|\u2606babiwi bewey\u2714\ufe0f|fat fingered lmao\n|\n|t:|1700075877\n|switch|p2a: Ursaluna|Ursaluna, L50, M|100\/100\n|turn|7\n|c| MorningElegy|uh oh\n|\n|t:|1700075889\n|switch|p1a: Dondozo|Dondozo, L50, F|100\/100\n|-activate|p1b: Tatsugiri|ability: Commander|[of] p1a: Dondozo\n|-boost|p1a: Dondozo|atk|2\n|-boost|p1a: Dondozo|spa|2\n|-boost|p1a: Dondozo|spe|2\n|-boost|p1a: Dondozo|def|2\n|-boost|p1a: Dondozo|spd|2\n|move|p2a: Ursaluna|Protect|p2a: Ursaluna\n|-singleturn|p2a: Ursaluna|Protect\n|move|p2b: Cresselia|Lunar Blessing|p2b: Cresselia|[spread] p2a,p2b\n|-heal|p2b: Cresselia|100\/100\n|\n|-status|p2a: Ursaluna|brn|[from] item: Flame Orb\n|upkeep\n|turn|8\n|c|\u2606babiwi bewey\u2714\ufe0f|here comes the ursa dudududu\n|\n|t:|1700075905\n|switch|p2b: Urshifu|Urshifu, L50, M|100\/100\n|-terastallize|p2a: Ursaluna|Ghost\n|move|p2a: Ursaluna|Facade|p1a: Dondozo\n|-damage|p1a: Dondozo|72\/100\n|move|p1a: Dondozo|Substitute|p1a: Dondozo\n|-start|p1a: Dondozo|Substitute\n|-damage|p1a: Dondozo|47\/100\n|\n|-heal|p1a: Dondozo|54\/100|[from] item: Leftovers\n|-damage|p2a: Ursaluna|95\/100 brn|[from] brn\n|-sideend|p1: babiwi bewey\u2714\ufe0f|move: Aurora Veil\n|upkeep\n|turn|9\n|c| fyfyyalt1|so much damage\n|\n|t:|1700075915\n|move|p2a: Ursaluna|Facade|p1a: Dondozo\n|-end|p1a: Dondozo|Substitute\n|move|p2b: Urshifu|Wicked Blow|p1a: Dondozo\n|-crit|p1a: Dondozo\n|-damage|p1a: Dondozo|11\/100\n|move|p1a: Dondozo|Wave Crash|p2a: Ursaluna\n|-damage|p2a: Ursaluna|23\/100 brn\n|-damage|p1a: Dondozo|0 fnt|[from] Recoil\n|faint|p1a: Dondozo\n|\n|-damage|p2a: Ursaluna|17\/100 brn|[from] brn\n|upkeep\n|c| fyfyyalt1|From ursa\n|\n|t:|1700075924\n|switch|p1a: Ninetales|Ninetales-Alola, L50, F|100\/100\n|-weather|Snow|[from] ability: Snow Warning|[of] p1a: Ninetales\n|turn|10\n|c| fyfyyalt1|the big fish is dead\n|c|\u2606babiwi bewey\u2714\ufe0f|bad news\n|c|\u2606babiwi bewey\u2714\ufe0f|im fucked\n|c| fyfyyalt1|Now the small fish\n|c| fyfyyalt1|dies as well\n|c| fyfyyalt1|:0\n|c|\u2606babiwi bewey\u2714\ufe0f|that misclick fucked me\n|c|\u2606babiwi bewey\u2714\ufe0f|:0\n|c| Kiwigal|blizzard luck\n|\n|t:|1700075949\n|switch|p2a: Cresselia|Cresselia, L50, F|100\/100\n|move|p1a: Ninetales|Protect|p1a: Ninetales\n|-singleturn|p1a: Ninetales|Protect\n|move|p1b: Tatsugiri|Draco Meteor|p2b: Urshifu\n|-damage|p2b: Urshifu|13\/100\n|-unboost|p1b: Tatsugiri|spa|2\n|move|p2b: Urshifu|Wicked Blow|p1b: Tatsugiri\n|-crit|p1b: Tatsugiri\n|-damage|p1b: Tatsugiri|16\/100\n|\n|-weather|Snow|[upkeep]\n|-fieldend|move: Trick Room\n|upkeep\n|turn|11\n|\n|t:|1700075968\n|move|p2b: Urshifu|Sucker Punch|p1a: Ninetales\n|-resisted|p1a: Ninetales\n|-damage|p1a: Ninetales|84\/100\n|move|p1a: Ninetales|Blizzard|p2b: Urshifu|[spread] p2a,p2b\n|-damage|p2a: Cresselia|86\/100\n|-damage|p2b: Urshifu|0 fnt\n|faint|p2b: Urshifu\n|move|p1b: Tatsugiri|Taunt|p2a: Cresselia\n|-start|p2a: Cresselia|move: Taunt\n|-enditem|p2a: Cresselia|Mental Herb\n|-end|p2a: Cresselia|move: Taunt\n|move|p2a: Cresselia|Trick Room|p2a: Cresselia\n|-fieldstart|move: Trick Room|[of] p2a: Cresselia\n|\n|-weather|Snow|[upkeep]\n|upkeep\n|c|\u2606babiwi bewey\u2714\ufe0f|no freeze\n|c|\u2606babiwi bewey\u2714\ufe0f|:(\n|\n|t:|1700075980\n|switch|p2b: Ursaluna|Ursaluna, L50, M, tera:Ghost|17\/100 brn\n|turn|12\n|l| Kiwigal\n|c|\u2606babiwi bewey\u2714\ufe0f|im so unlucky man\n|c| fyfyyalt1|Fr\n|\n|t:|1700075993\n|-terastallize|p1a: Ninetales|Ghost\n|move|p2b: Ursaluna|Protect|p2b: Ursaluna\n|-singleturn|p2b: Ursaluna|Protect\n|move|p2a: Cresselia|Lunar Blessing|p2a: Cresselia|[spread] p2a,p2b\n|-heal|p2a: Cresselia|100\/100\n|-heal|p2b: Ursaluna|42\/100 brn\n|-curestatus|p2b: Ursaluna|brn|[msg]\n|move|p1b: Tatsugiri|Muddy Water|p2b: Ursaluna|[spread] p2a\n|-activate|p2b: Ursaluna|move: Protect\n|-damage|p2a: Cresselia|91\/100\n|move|p1a: Ninetales|Blizzard|p2a: Cresselia|[spread] p2a\n|-activate|p2b: Ursaluna|move: Protect\n|-damage|p2a: Cresselia|76\/100\n|\n|-weather|Snow|[upkeep]\n|-status|p2b: Ursaluna|brn|[from] item: Flame Orb\n|upkeep\n|turn|13\n|c| fyfyyalt1|not haxxing is so fricking unlucky :0\n|\n|t:|1700076005\n|move|p2b: Ursaluna|Earthquake|p1a: Ninetales|[spread] p1a,p1b\n|-immune|p2a: Cresselia|[from] ability: Levitate\n|-damage|p1a: Ninetales|0 fnt\n|-damage|p1b: Tatsugiri|0 fnt\n|faint|p1a: Ninetales\n|faint|p1b: Tatsugiri\n|\n|win|kidturtle\n|n|\u2606babiwi bewey\u2714\ufe0f|babiwibewey\n|n|\u2606kidturtle|kidturtle\n|n| LanternComic|lanterncomic\n|n| pizzafanBTW|pizzafanbtw\n|n| fyfyyalt1|fyfyyalt1\n|n| Tilzy|tilzy\n|n| Kemils|kemils\n|n| O1OOO11O|o1ooo11o\n|n| godlyreal|godlyreal\n|n| MorningElegy|morningelegy\n|n| SlowHomie|slowhomie\n","uploadtime":1700076013,"views":26,"p1id":"babiwibewey","p2id":"kidturtle","formatid":"gen9vgc2023regulatione","rating":0,"private":0,"password":""}