{"id":"gen9vgc2023regulatione-1990240276","p1":"RealestYuan","p2":"cggh35","format":"[Gen 9] VGC 2023 Regulation E","log":"|j|\u2606RealestYuan\n|j|\u2606cggh35\n|t:|1699942772\n|gametype|doubles\n|player|p1|RealestYuan|1|1113\n|player|p2|cggh35|102|1046\n|teamsize|p1|6\n|teamsize|p2|6\n|gen|9\n|tier|[Gen 9] VGC 2023 Regulation E\n|rated|\n|rule|Species Clause: Limit one of each Pok\u00e9mon\n|rule|Item Clause: Limit one of each item\n|clearpoke\n|poke|p1|Articuno-Galar, L50|\n|poke|p1|Iron Hands, L50|\n|poke|p1|Amoonguss, L50, F|\n|poke|p1|Chi-Yu, L50|\n|poke|p1|Illumise, L50, F|\n|poke|p1|Baxcalibur, L50, M|\n|poke|p2|Chien-Pao, L50|\n|poke|p2|Ogerpon-Hearthflame, L50, F|\n|poke|p2|Urshifu-*, L50, F|\n|poke|p2|Indeedee-F, L50, F|\n|poke|p2|Oranguru, L50, M|\n|poke|p2|Ursaluna-Bloodmoon, L50, M|\n|teampreview|4\n|inactive|Battle timer is ON: inactive players will automatically lose when time's up. (requested by cggh35)\n|\n|t:|1699942819\n|start\n|switch|p1a: Illumise|Illumise, L50, F|100\/100\n|switch|p1b: Articuno|Articuno-Galar, L50|100\/100\n|switch|p2a: Ogerpon|Ogerpon-Hearthflame, L50, F|100\/100\n|switch|p2b: Oranguru|Oranguru, L50, M|100\/100\n|-ability|p2a: Ogerpon|Mold Breaker\n|turn|1\n|\n|t:|1699942830\n|move|p2a: Ogerpon|Follow Me|p2a: Ogerpon\n|-singleturn|p2a: Ogerpon|move: Follow Me\n|move|p1a: Illumise|Tailwind|p1a: Illumise\n|-sidestart|p1: RealestYuan|move: Tailwind\n|move|p1b: Articuno|Imprison|p1b: Articuno\n|-start|p1b: Articuno|move: Imprison\n|cant|p2b: Oranguru|move: Imprison|Trick Room\n|\n|upkeep\n|turn|2\n|inactive|cggh35 has 30 seconds left.\n|\n|t:|1699942859\n|move|p2a: Ogerpon|Spiky Shield|p2a: Ogerpon\n|-singleturn|p2a: Ogerpon|move: Protect\n|move|p1a: Illumise|Fake Tears|p2a: Ogerpon\n|-activate|p2a: Ogerpon|move: Protect\n|move|p1b: Articuno|Hurricane|p2a: Ogerpon\n|-activate|p2a: Ogerpon|move: Protect\n|move|p2b: Oranguru|Encore|p1a: Illumise\n|-start|p1a: Illumise|Encore\n|-enditem|p1a: Illumise|Mental Herb\n|-end|p1a: Illumise|Encore\n|\n|upkeep\n|turn|3\n|inactive|cggh35 has 30 seconds left.\n|inactive|cggh35 has 20 seconds left.\n|inactive|cggh35 has 15 seconds left.\n|inactive|cggh35 has 10 seconds left.\n|inactive|cggh35 has 5 seconds left.\n|\n|t:|1699942913\n|switch|p2b: Chien-Pao|Chien-Pao, L50|100\/100\n|-ability|p2b: Chien-Pao|Sword of Ruin\n|move|p2a: Ogerpon|Follow Me|p2a: Ogerpon\n|-singleturn|p2a: Ogerpon|move: Follow Me\n|move|p1a: Illumise|Fake Tears|p2a: Ogerpon\n|-unboost|p2a: Ogerpon|spd|2\n|move|p1b: Articuno|Hurricane|p2a: Ogerpon\n|-supereffective|p2a: Ogerpon\n|-damage|p2a: Ogerpon|0 fnt\n|faint|p2a: Ogerpon\n|\n|upkeep\n|\n|t:|1699942927\n|switch|p2a: Ursaluna|Ursaluna-Bloodmoon, L50, M|100\/100\n|turn|4\n|inactive|RealestYuan has 30 seconds left.\n|\n|t:|1699942958\n|switch|p2a: Oranguru|Oranguru, L50, M|100\/100\n|move|p1a: Illumise|Infestation|p2b: Chien-Pao\n|-supereffective|p2b: Chien-Pao\n|-damage|p2b: Chien-Pao|81\/100\n|-activate|p2b: Chien-Pao|move: Infestation|[of] p1a: Illumise\n|move|p1b: Articuno|Freezing Glare|p2a: Oranguru\n|-resisted|p2a: Oranguru\n|-damage|p2a: Oranguru|85\/100\n|move|p2b: Chien-Pao|Icicle Crash|p1b: Articuno|[miss]\n|-miss|p2b: Chien-Pao|p1b: Articuno\n|\n|-damage|p2b: Chien-Pao|69\/100|[from] move: Infestation|[partiallytrapped]\n|-sideend|p1: RealestYuan|move: Tailwind\n|upkeep\n|turn|5\n|\n|t:|1699942979\n|switch|p2a: Ursaluna|Ursaluna-Bloodmoon, L50, M|100\/100\n|-terastallize|p1b: Articuno|Dark\n|move|p1a: Illumise|Tailwind|p1a: Illumise\n|-sidestart|p1: RealestYuan|move: Tailwind\n|move|p1b: Articuno|Hurricane|p2b: Chien-Pao|[miss]\n|-miss|p1b: Articuno|p2b: Chien-Pao\n|move|p2b: Chien-Pao|Icicle Crash|p1b: Articuno\n|-damage|p1b: Articuno|41\/100\n|-enditem|p1b: Articuno|Sitrus Berry|[eat]\n|-heal|p1b: Articuno|66\/100|[from] item: Sitrus Berry\n|\n|-damage|p2b: Chien-Pao|57\/100|[from] move: Infestation|[partiallytrapped]\n|upkeep\n|turn|6\n|\n|t:|1699943002\n|-terastallize|p2a: Ursaluna|Normal\n|move|p1a: Illumise|Fake Tears|p2a: Ursaluna\n|-unboost|p2a: Ursaluna|spd|2\n|move|p2b: Chien-Pao|Sucker Punch||[still]\n|-fail|p2b: Chien-Pao\n|move|p1b: Articuno|Hurricane|p2a: Ursaluna|[miss]\n|-miss|p1b: Articuno|p2a: Ursaluna\n|move|p2a: Ursaluna|Hyper Voice|p1a: Illumise|[spread] p1a,p1b\n|-damage|p1a: Illumise|40\/100\n|-damage|p1b: Articuno|0 fnt\n|faint|p1b: Articuno\n|\n|-damage|p2b: Chien-Pao|44\/100|[from] move: Infestation|[partiallytrapped]\n|upkeep\n|\n|t:|1699943009\n|switch|p1b: Chi-Yu|Chi-Yu, L50|100\/100\n|-ability|p1b: Chi-Yu|Beads of Ruin\n|turn|7\n|\n|t:|1699943033\n|switch|p2a: Oranguru|Oranguru, L50, M|85\/100\n|move|p2b: Chien-Pao|Sucker Punch|p1b: Chi-Yu\n|-resisted|p1b: Chi-Yu\n|-damage|p1b: Chi-Yu|62\/100\n|move|p1b: Chi-Yu|Heat Wave|p2b: Chien-Pao|[spread] p2a,p2b\n|-supereffective|p2b: Chien-Pao\n|-damage|p2a: Oranguru|38\/100\n|-damage|p2b: Chien-Pao|0 fnt\n|faint|p2b: Chien-Pao\n|move|p1a: Illumise|Infestation|p2a: Oranguru\n|-supereffective|p2a: Oranguru\n|-damage|p2a: Oranguru|27\/100\n|-activate|p2a: Oranguru|move: Infestation|[of] p1a: Illumise\n|\n|-damage|p2a: Oranguru|15\/100|[from] move: Infestation|[partiallytrapped]\n|upkeep\n|\n|t:|1699943043\n|switch|p2b: Ursaluna|Ursaluna-Bloodmoon, L50, M, tera:Normal|100\/100\n|turn|8\n|\n|t:|1699943055\n|move|p2a: Oranguru|Protect|p2a: Oranguru\n|-singleturn|p2a: Oranguru|Protect\n|move|p1b: Chi-Yu|Heat Wave|p2a: Oranguru|[spread] p2b\n|-activate|p2a: Oranguru|move: Protect\n|-damage|p2b: Ursaluna|6\/100\n|move|p1a: Illumise|Infestation|p2a: Oranguru\n|-activate|p2a: Oranguru|move: Protect\n|move|p2b: Ursaluna|Hyper Voice|p1b: Chi-Yu|[spread] p1a,p1b\n|-damage|p1a: Illumise|0 fnt\n|-damage|p1b: Chi-Yu|0 fnt\n|faint|p1a: Illumise\n|faint|p1b: Chi-Yu\n|\n|-end|p2a: Oranguru|Infestation|[partiallytrapped]|[silent]\n|-sideend|p1: RealestYuan|move: Tailwind\n|upkeep\n|\n|t:|1699943059\n|switch|p1a: Baxcalibur|Baxcalibur, L50, M|100\/100\n|turn|9\n|inactive|cggh35 has 30 seconds left.\n|\n|t:|1699943092\n|move|p1a: Baxcalibur|Icicle Spear|p2b: Ursaluna\n|-damage|p2b: Ursaluna|0 fnt\n|faint|p2b: Ursaluna\n|-hitcount|p2: Ursaluna|1\n|move|p2a: Oranguru|Trick Room|p2a: Oranguru\n|-fieldstart|move: Trick Room|[of] p2a: Oranguru\n|\n|upkeep\n|turn|10\n|\n|t:|1699943099\n|move|p2a: Oranguru|Encore|p1a: Baxcalibur\n|-start|p1a: Baxcalibur|Encore\n|move|p1a: Baxcalibur|Icicle Spear|p2a: Oranguru\n|-damage|p2a: Oranguru|0 fnt\n|faint|p2a: Oranguru\n|-hitcount|p2: Oranguru|1\n|\n|win|RealestYuan\n|raw|RealestYuan's rating: 1113 &rarr; <strong>1133<\/strong><br \/>(+20 for winning)\n|raw|cggh35's rating: 1046 &rarr; <strong>1032<\/strong><br \/>(-14 for losing)\n","uploadtime":1699943103,"views":31,"p1id":"realestyuan","p2id":"cggh35","formatid":"gen9vgc2023regulatione","rating":1032,"private":0,"password":""}