{"id":"gen9vgc2023regulatione-1993233950","p1":"Indie Pro","p2":"22yearslater","format":"[Gen 9] VGC 2023 Regulation E","log":"|j|\u2606Indie Pro\n|j|\u260622yearslater\n|t:|1700281789\n|gametype|doubles\n|player|p1|Indie Pro|lucas|1071\n|player|p2|22yearslater|266|1166\n|teamsize|p1|6\n|teamsize|p2|6\n|gen|9\n|tier|[Gen 9] VGC 2023 Regulation E\n|rated|\n|rule|Species Clause: Limit one of each Pok\u00e9mon\n|rule|Item Clause: Limit one of each item\n|clearpoke\n|poke|p1|Flutter Mane, L50|\n|poke|p1|Iron Hands, L50|\n|poke|p1|Amoonguss, L50, M|\n|poke|p1|Ting-Lu, L50|\n|poke|p1|Grimmsnarl, L50, M|\n|poke|p1|Ogerpon-Wellspring, L50, F|\n|poke|p2|Rillaboom, L50, F|\n|poke|p2|Urshifu-*, L50, F|\n|poke|p2|Arcanine, L50, M|\n|poke|p2|Ursaluna-Bloodmoon, L50, M|\n|poke|p2|Farigiraf, L50, M|\n|poke|p2|Tornadus, L50, M|\n|teampreview|4\n|inactive|Battle timer is ON: inactive players will automatically lose when time's up. (requested by 22yearslater)\n|\n|t:|1700281816\n|start\n|switch|p1a: Iron Hands|Iron Hands, L50, shiny|100\/100\n|switch|p1b: Ting-Lu|Ting-Lu, L50|100\/100\n|switch|p2a: Arcanine|Arcanine, L50, M|100\/100\n|switch|p2b: Rillaboom|Rillaboom, L50, F|100\/100\n|-ability|p2a: Arcanine|Intimidate|boost\n|-unboost|p1a: Iron Hands|atk|1\n|-unboost|p1b: Ting-Lu|atk|1\n|-fieldstart|move: Grassy Terrain|[from] ability: Grassy Surge|[of] p2b: Rillaboom\n|-ability|p1b: Ting-Lu|Vessel of Ruin\n|turn|1\n|c|\u2606Indie Pro|HI\n|\n|t:|1700281838\n|move|p2b: Rillaboom|Fake Out|p1b: Ting-Lu\n|-damage|p1b: Ting-Lu|93\/100\n|move|p1a: Iron Hands|Fake Out|p2b: Rillaboom\n|-damage|p2b: Rillaboom|91\/100\n|move|p2a: Arcanine|Will-O-Wisp|p1b: Ting-Lu\n|-status|p1b: Ting-Lu|brn\n|cant|p1b: Ting-Lu|flinch\n|\n|-heal|p2b: Rillaboom|97\/100|[from] Grassy Terrain\n|-heal|p1b: Ting-Lu|99\/100 brn|[from] Grassy Terrain\n|-damage|p1b: Ting-Lu|93\/100 brn|[from] brn\n|upkeep\n|turn|2\n|\n|t:|1700281854\n|move|p2a: Arcanine|Will-O-Wisp|p1a: Iron Hands\n|-status|p1a: Iron Hands|brn\n|move|p2b: Rillaboom|Knock Off|p1a: Iron Hands\n|-resisted|p1a: Iron Hands\n|-damage|p1a: Iron Hands|89\/100 brn\n|-enditem|p1a: Iron Hands|Assault Vest|[from] move: Knock Off|[of] p2b: Rillaboom\n|move|p1a: Iron Hands|Drain Punch|p2b: Rillaboom\n|-damage|p2b: Rillaboom|82\/100\n|-heal|p1a: Iron Hands|95\/100 brn|[from] drain|[of] p2b: Rillaboom\n|move|p1b: Ting-Lu|Fissure|p2a: Arcanine|[miss]\n|-miss|p1b: Ting-Lu|p2a: Arcanine\n|\n|-heal|p2b: Rillaboom|88\/100|[from] Grassy Terrain\n|-heal|p1a: Iron Hands|100\/100 brn|[from] Grassy Terrain\n|-heal|p1b: Ting-Lu|99\/100 brn|[from] Grassy Terrain\n|-damage|p1a: Iron Hands|94\/100 brn|[from] brn\n|-damage|p1b: Ting-Lu|93\/100 brn|[from] brn\n|upkeep\n|turn|3\n|inactive|22yearslater has 30 seconds left.\n|\n|t:|1700281884\n|switch|p2a: Farigiraf|Farigiraf, L50, M|100\/100\n|move|p2b: Rillaboom|U-turn|p1b: Ting-Lu\n|-supereffective|p1b: Ting-Lu\n|-damage|p1b: Ting-Lu|63\/100 brn\n|\n|t:|1700281890\n|switch|p2b: Arcanine|Arcanine, L50, M|100\/100|[from] U-turn\n|-ability|p2b: Arcanine|Intimidate|boost\n|-unboost|p1a: Iron Hands|atk|1\n|-unboost|p1b: Ting-Lu|atk|1\n|move|p1a: Iron Hands|Drain Punch|p2b: Arcanine\n|-damage|p2b: Arcanine|90\/100\n|-heal|p1a: Iron Hands|99\/100 brn|[from] drain|[of] p2b: Arcanine\n|move|p1b: Ting-Lu|Fissure|p2a: Farigiraf|[miss]\n|-miss|p1b: Ting-Lu|p2a: Farigiraf\n|\n|-heal|p2b: Arcanine|96\/100|[from] Grassy Terrain\n|-heal|p1a: Iron Hands|100\/100 brn|[from] Grassy Terrain\n|-heal|p1b: Ting-Lu|69\/100 brn|[from] Grassy Terrain\n|-damage|p1a: Iron Hands|94\/100 brn|[from] brn\n|-damage|p1b: Ting-Lu|63\/100 brn|[from] brn\n|upkeep\n|turn|4\n|inactive|22yearslater has 30 seconds left.\n|\n|t:|1700281917\n|switch|p2b: Rillaboom|Rillaboom, L50, F|88\/100\n|move|p2a: Farigiraf|Nasty Plot|p2a: Farigiraf\n|-boost|p2a: Farigiraf|spa|2\n|move|p1a: Iron Hands|Drain Punch|p2a: Farigiraf\n|-damage|p2a: Farigiraf|90\/100\n|-heal|p1a: Iron Hands|99\/100 brn|[from] drain|[of] p2a: Farigiraf\n|move|p1b: Ting-Lu|Stomping Tantrum|p2b: Rillaboom\n|-resisted|p2b: Rillaboom\n|-damage|p2b: Rillaboom|79\/100\n|\n|-heal|p2b: Rillaboom|85\/100|[from] Grassy Terrain\n|-heal|p2a: Farigiraf|96\/100|[from] Grassy Terrain\n|-heal|p1a: Iron Hands|100\/100 brn|[from] Grassy Terrain\n|-heal|p1b: Ting-Lu|69\/100 brn|[from] Grassy Terrain\n|-damage|p1a: Iron Hands|94\/100 brn|[from] brn\n|-damage|p1b: Ting-Lu|63\/100 brn|[from] brn\n|upkeep\n|turn|5\n|\n|t:|1700281939\n|move|p2b: Rillaboom|Fake Out|p1b: Ting-Lu\n|-damage|p1b: Ting-Lu|55\/100 brn\n|move|p2a: Farigiraf|Nasty Plot|p2a: Farigiraf\n|-boost|p2a: Farigiraf|spa|2\n|move|p1a: Iron Hands|Wild Charge|p2a: Farigiraf\n|-damage|p2a: Farigiraf|84\/100\n|-damage|p1a: Iron Hands|92\/100 brn|[from] Recoil\n|cant|p1b: Ting-Lu|flinch\n|\n|-heal|p2b: Rillaboom|91\/100|[from] Grassy Terrain\n|-heal|p2a: Farigiraf|90\/100|[from] Grassy Terrain\n|-heal|p1a: Iron Hands|98\/100 brn|[from] Grassy Terrain\n|-heal|p1b: Ting-Lu|61\/100 brn|[from] Grassy Terrain\n|-damage|p1a: Iron Hands|92\/100 brn|[from] brn\n|-damage|p1b: Ting-Lu|55\/100 brn|[from] brn\n|-fieldend|move: Grassy Terrain\n|upkeep\n|turn|6\n|\n|t:|1700281961\n|move|p2b: Rillaboom|U-turn|p1b: Ting-Lu\n|-supereffective|p1b: Ting-Lu\n|-damage|p1b: Ting-Lu|27\/100 brn\n|-enditem|p1b: Ting-Lu|Sitrus Berry|[eat]\n|-heal|p1b: Ting-Lu|52\/100 brn|[from] item: Sitrus Berry\n|\n|t:|1700281967\n|switch|p2b: Arcanine|Arcanine, L50, M|96\/100|[from] U-turn\n|-ability|p2b: Arcanine|Intimidate|boost\n|-unboost|p1a: Iron Hands|atk|1\n|-unboost|p1b: Ting-Lu|atk|1\n|move|p2a: Farigiraf|Nasty Plot|p2a: Farigiraf\n|-boost|p2a: Farigiraf|spa|2\n|move|p1a: Iron Hands|Wild Charge|p2a: Farigiraf\n|-damage|p2a: Farigiraf|79\/100\n|-damage|p1a: Iron Hands|89\/100 brn|[from] Recoil\n|move|p1b: Ting-Lu|Fissure|p2a: Farigiraf\n|-damage|p2a: Farigiraf|0 fnt\n|faint|p2a: Farigiraf\n|-ohko\n|\n|-damage|p1a: Iron Hands|83\/100 brn|[from] brn\n|-damage|p1b: Ting-Lu|46\/100 brn|[from] brn\n|upkeep\n|\n|t:|1700281985\n|switch|p2a: Rillaboom|Rillaboom, L50, F|91\/100\n|-fieldstart|move: Grassy Terrain|[from] ability: Grassy Surge|[of] p2a: Rillaboom\n|turn|7\n|\n|t:|1700282001\n|move|p2a: Rillaboom|Grassy Glide|p1b: Ting-Lu\n|-supereffective|p1b: Ting-Lu\n|-damage|p1b: Ting-Lu|6\/100 brn\n|move|p2b: Arcanine|Flare Blitz|p1a: Iron Hands\n|-damage|p1a: Iron Hands|48\/100 brn\n|-damage|p2b: Arcanine|81\/100|[from] Recoil\n|move|p1a: Iron Hands|Drain Punch|p2a: Rillaboom\n|-damage|p2a: Rillaboom|83\/100\n|-heal|p1a: Iron Hands|52\/100 brn|[from] drain|[of] p2a: Rillaboom\n|move|p1b: Ting-Lu|Fissure|p2b: Arcanine|[miss]\n|-miss|p1b: Ting-Lu|p2b: Arcanine\n|\n|-heal|p2b: Arcanine|87\/100|[from] Grassy Terrain\n|-heal|p2a: Rillaboom|89\/100|[from] Grassy Terrain\n|-heal|p1a: Iron Hands|58\/100 brn|[from] Grassy Terrain\n|-heal|p1b: Ting-Lu|12\/100 brn|[from] Grassy Terrain\n|-damage|p1a: Iron Hands|52\/100 brn|[from] brn\n|-damage|p1b: Ting-Lu|6\/100 brn|[from] brn\n|upkeep\n|turn|8\n|\n|t:|1700282025\n|-end|p1a: Iron Hands|Quark Drive|[silent]\n|switch|p1a: Grimmsnarl|Grimmsnarl, L50, M, shiny|100\/100\n|switch|p1b: Ogerpon|Ogerpon-Wellspring, L50, F|100\/100\n|move|p2b: Arcanine|Extreme Speed|p1b: Ogerpon\n|-damage|p1b: Ogerpon|67\/100\n|move|p2a: Rillaboom|U-turn|p1a: Grimmsnarl\n|-damage|p1a: Grimmsnarl|74\/100\n|\n|t:|1700282035\n|switch|p2a: Ursaluna|Ursaluna-Bloodmoon, L50, M|100\/100|[from] U-turn\n|\n|-heal|p1b: Ogerpon|73\/100|[from] Grassy Terrain\n|-heal|p2b: Arcanine|93\/100|[from] Grassy Terrain\n|-heal|p1a: Grimmsnarl|80\/100|[from] Grassy Terrain\n|upkeep\n|turn|9\n|\n|t:|1700282052\n|move|p2a: Ursaluna|Protect|p2a: Ursaluna\n|-singleturn|p2a: Ursaluna|Protect\n|move|p1a: Grimmsnarl|Reflect|p1a: Grimmsnarl\n|-sidestart|p1: Indie Pro|Reflect\n|move|p1b: Ogerpon|Horn Leech|p2a: Ursaluna\n|-activate|p2a: Ursaluna|move: Protect\n|move|p2b: Arcanine|Will-O-Wisp|p1b: Ogerpon|[miss]\n|-miss|p2b: Arcanine|p1b: Ogerpon\n|\n|-heal|p1b: Ogerpon|79\/100|[from] Grassy Terrain\n|-heal|p2b: Arcanine|99\/100|[from] Grassy Terrain\n|-heal|p1a: Grimmsnarl|86\/100|[from] Grassy Terrain\n|upkeep\n|turn|10\n|\n|t:|1700282070\n|switch|p2a: Rillaboom|Rillaboom, L50, F|89\/100\n|move|p1a: Grimmsnarl|Light Screen|p1a: Grimmsnarl\n|-sidestart|p1: Indie Pro|move: Light Screen\n|move|p1b: Ogerpon|Horn Leech|p2a: Rillaboom\n|-resisted|p2a: Rillaboom\n|-damage|p2a: Rillaboom|62\/100\n|-heal|p1b: Ogerpon|96\/100|[from] drain|[of] p2a: Rillaboom\n|move|p2b: Arcanine|Will-O-Wisp|p1b: Ogerpon|[miss]\n|-miss|p2b: Arcanine|p1b: Ogerpon\n|\n|-heal|p1b: Ogerpon|100\/100|[from] Grassy Terrain\n|-heal|p2b: Arcanine|100\/100|[from] Grassy Terrain\n|-heal|p2a: Rillaboom|68\/100|[from] Grassy Terrain\n|-heal|p1a: Grimmsnarl|92\/100|[from] Grassy Terrain\n|upkeep\n|turn|11\n|\n|t:|1700282092\n|move|p2a: Rillaboom|Fake Out|p1b: Ogerpon\n|-damage|p1b: Ogerpon|88\/100\n|cant|p1b: Ogerpon|flinch\n|move|p2b: Arcanine|Will-O-Wisp|p1b: Ogerpon|[miss]\n|-miss|p2b: Arcanine|p1b: Ogerpon\n|move|p1a: Grimmsnarl|Spirit Break|p2a: Rillaboom\n|-damage|p2a: Rillaboom|38\/100\n|-unboost|p2a: Rillaboom|spa|1\n|\n|-heal|p1b: Ogerpon|94\/100|[from] Grassy Terrain\n|-heal|p2a: Rillaboom|44\/100|[from] Grassy Terrain\n|-heal|p1a: Grimmsnarl|98\/100|[from] Grassy Terrain\n|-fieldend|move: Grassy Terrain\n|upkeep\n|turn|12\n|\n|t:|1700282114\n|move|p1b: Ogerpon|Ivy Cudgel|p2b: Arcanine|[anim] Ivy Cudgel Water\n|-supereffective|p2b: Arcanine\n|-damage|p2b: Arcanine|0 fnt\n|faint|p2b: Arcanine\n|move|p2a: Rillaboom|U-turn|p1b: Ogerpon\n|-supereffective|p1b: Ogerpon\n|-damage|p1b: Ogerpon|50\/100\n|\n|t:|1700282120\n|switch|p2a: Ursaluna|Ursaluna-Bloodmoon, L50, M|100\/100|[from] U-turn\n|move|p1a: Grimmsnarl|Spirit Break|p2a: Ursaluna\n|-damage|p2a: Ursaluna|80\/100\n|-unboost|p2a: Ursaluna|spa|1\n|\n|upkeep\n|\n|t:|1700282127\n|switch|p2b: Rillaboom|Rillaboom, L50, F|44\/100\n|-fieldstart|move: Grassy Terrain|[from] ability: Grassy Surge|[of] p2b: Rillaboom\n|turn|13\n|\n|t:|1700282141\n|-terastallize|p2a: Ursaluna|Fairy\n|move|p2b: Rillaboom|Fake Out|p1b: Ogerpon\n|-damage|p1b: Ogerpon|35\/100\n|cant|p1b: Ogerpon|flinch\n|move|p1a: Grimmsnarl|Spirit Break|p2b: Rillaboom\n|-damage|p2b: Rillaboom|14\/100\n|-unboost|p2b: Rillaboom|spa|1\n|move|p2a: Ursaluna|Hyper Voice|p1b: Ogerpon|[spread] p1a,p1b\n|-damage|p1a: Grimmsnarl|82\/100\n|-damage|p1b: Ogerpon|17\/100\n|-enditem|p2a: Ursaluna|Throat Spray\n|-boost|p2a: Ursaluna|spa|1|[from] item: Throat Spray\n|\n|-heal|p1b: Ogerpon|22\/100|[from] Grassy Terrain\n|-heal|p2b: Rillaboom|20\/100|[from] Grassy Terrain\n|-heal|p1a: Grimmsnarl|88\/100|[from] Grassy Terrain\n|-heal|p2a: Ursaluna|85\/100|[from] Grassy Terrain\n|upkeep\n|turn|14\n|\n|t:|1700282164\n|move|p2a: Ursaluna|Protect|p2a: Ursaluna\n|-singleturn|p2a: Ursaluna|Protect\n|move|p2b: Rillaboom|Grassy Glide|p1b: Ogerpon\n|-damage|p1b: Ogerpon|0 fnt\n|faint|p1b: Ogerpon\n|move|p1a: Grimmsnarl|Spirit Break|p2b: Rillaboom\n|-crit|p2b: Rillaboom\n|-damage|p2b: Rillaboom|0 fnt\n|faint|p2b: Rillaboom\n|\n|-heal|p1a: Grimmsnarl|94\/100|[from] Grassy Terrain\n|-heal|p2a: Ursaluna|91\/100|[from] Grassy Terrain\n|upkeep\n|\n|t:|1700282177\n|switch|p1b: Ting-Lu|Ting-Lu, L50|6\/100 brn\n|-ability|p1b: Ting-Lu|Vessel of Ruin\n|turn|15\n|\n|t:|1700282188\n|move|p1a: Grimmsnarl|Spirit Break|p2a: Ursaluna\n|-damage|p2a: Ursaluna|70\/100\n|-unboost|p2a: Ursaluna|spa|1\n|move|p2a: Ursaluna|Hyper Voice|p1b: Ting-Lu|[spread] p1a,p1b\n|-damage|p1a: Grimmsnarl|82\/100\n|-damage|p1b: Ting-Lu|0 fnt\n|faint|p1b: Ting-Lu\n|\n|-heal|p1a: Grimmsnarl|88\/100|[from] Grassy Terrain\n|-heal|p2a: Ursaluna|75\/100|[from] Grassy Terrain\n|upkeep\n|\n|t:|1700282196\n|switch|p1b: Iron Hands|Iron Hands, L50, shiny|52\/100 brn\n|turn|16\n|\n|t:|1700282212\n|move|p2a: Ursaluna|Protect|p2a: Ursaluna\n|-singleturn|p2a: Ursaluna|Protect\n|move|p1b: Iron Hands|Fake Out|p2a: Ursaluna\n|-activate|p2a: Ursaluna|move: Protect\n|move|p1a: Grimmsnarl|Spirit Break|p2a: Ursaluna\n|-activate|p2a: Ursaluna|move: Protect\n|\n|-heal|p1a: Grimmsnarl|94\/100|[from] Grassy Terrain\n|-heal|p2a: Ursaluna|81\/100|[from] Grassy Terrain\n|-heal|p1b: Iron Hands|58\/100 brn|[from] Grassy Terrain\n|-damage|p1b: Iron Hands|52\/100 brn|[from] brn\n|-sideend|p1: Indie Pro|Reflect\n|upkeep\n|turn|17\n|\n|t:|1700282230\n|move|p1a: Grimmsnarl|Spirit Break|p2a: Ursaluna\n|-damage|p2a: Ursaluna|60\/100\n|-unboost|p2a: Ursaluna|spa|1\n|move|p2a: Ursaluna|Earth Power|p1b: Iron Hands\n|-supereffective|p1b: Iron Hands\n|-damage|p1b: Iron Hands|19\/100 brn\n|move|p1b: Iron Hands|Wild Charge|p2a: Ursaluna\n|-damage|p2a: Ursaluna|43\/100\n|-damage|p1b: Iron Hands|15\/100 brn|[from] Recoil\n|\n|-heal|p1a: Grimmsnarl|99\/100|[from] Grassy Terrain\n|-heal|p2a: Ursaluna|49\/100|[from] Grassy Terrain\n|-heal|p1b: Iron Hands|21\/100 brn|[from] Grassy Terrain\n|-damage|p1b: Iron Hands|15\/100 brn|[from] brn\n|-sideend|p1: Indie Pro|move: Light Screen\n|-fieldend|move: Grassy Terrain\n|upkeep\n|turn|18\n|\n|t:|1700282249\n|move|p1a: Grimmsnarl|Spirit Break|p2a: Ursaluna\n|-damage|p2a: Ursaluna|28\/100\n|-unboost|p2a: Ursaluna|spa|1\n|move|p2a: Ursaluna|Earth Power|p1b: Iron Hands\n|-supereffective|p1b: Iron Hands\n|-damage|p1b: Iron Hands|0 fnt\n|faint|p1b: Iron Hands\n|-end|p1b: Iron Hands|Quark Drive|[silent]\n|\n|upkeep\n|turn|19\n|\n|t:|1700282274\n|-terastallize|p1a: Grimmsnarl|Ghost\n|move|p1a: Grimmsnarl|Spirit Break|p2a: Ursaluna\n|-damage|p2a: Ursaluna|5\/100\n|-unboost|p2a: Ursaluna|spa|1\n|move|p2a: Ursaluna|Blood Moon|p1a: Grimmsnarl\n|-damage|p1a: Grimmsnarl|74\/100\n|\n|upkeep\n|turn|20\n|-message|22yearslater forfeited.\n|\n|win|Indie Pro\n|raw|Indie Pro's rating: 1071 &rarr; <strong>1108<\/strong><br \/>(+37 for winning)\n|raw|22yearslater's rating: 1166 &rarr; <strong>1134<\/strong><br \/>(-32 for losing)\n|l|\u260622yearslater\n","uploadtime":1700282291,"views":10,"p1id":"indiepro","p2id":"22yearslater","formatid":"gen9vgc2023regulatione","rating":1108,"private":0,"password":""}