{"id":"gen9vgc2023regulatione-2000054368","p1":"Redoblueo","p2":"hehheiamcheese","format":"[Gen 9] VGC 2023 Regulation E","log":"|j|\u2606Redoblueo\n|j|\u2606hehheiamcheese\n|t:|1701146813\n|gametype|doubles\n|player|p1|Redoblueo|steven|1022\n|player|p2|hehheiamcheese|hilbert|1058\n|teamsize|p1|6\n|teamsize|p2|6\n|gen|9\n|tier|[Gen 9] VGC 2023 Regulation E\n|rated|\n|rule|Species Clause: Limit one of each Pok\u00e9mon\n|rule|Item Clause: Limit one of each item\n|clearpoke\n|poke|p1|Pelipper, L50, F|\n|poke|p1|Indeedee-F, L50, F|\n|poke|p1|Urshifu-*, L50, F|\n|poke|p1|Armarouge, L50, M|\n|poke|p1|Basculegion, L50, M|\n|poke|p1|Ogerpon-Cornerstone, L50, F|\n|poke|p2|Baxcalibur, L50, M|\n|poke|p2|Flutter Mane, L50|\n|poke|p2|Arcanine-Hisui, L50, F|\n|poke|p2|Torterra, L50, M|\n|poke|p2|Iron Bundle, L50|\n|poke|p2|Grimmsnarl, L50, M|\n|teampreview|4\n|\n|t:|1701146832\n|start\n|switch|p1a: Pelipper|Pelipper, L50, F|100\/100\n|switch|p1b: Indeedee|Indeedee-F, L50, F|100\/100\n|switch|p2a: Walmart Incineroar|Grimmsnarl, L50, M|100\/100\n|switch|p2b: Flutter Mane|Flutter Mane, L50|100\/100\n|-weather|RainDance|[from] ability: Drizzle|[of] p1a: Pelipper\n|-fieldstart|move: Psychic Terrain|[from] ability: Psychic Surge|[of] p1b: Indeedee\n|-item|p1a: Pelipper|Liechi Berry|[from] ability: Frisk|[of] p2a: Walmart Incineroar|[identify]\n|-item|p1b: Indeedee|Weakness Policy|[from] ability: Frisk|[of] p2a: Walmart Incineroar|[identify]\n|-enditem|p2b: Flutter Mane|Booster Energy\n|-activate|p2b: Flutter Mane|ability: Protosynthesis|[fromitem]\n|-start|p2b: Flutter Mane|protosynthesisspa\n|turn|1\n|\n|t:|1701146857\n|move|p2a: Walmart Incineroar|Fake Out|p1b: Indeedee\n|-activate|p1b: Indeedee|move: Psychic Terrain\n|move|p2b: Flutter Mane|Power Gem|p1a: Pelipper\n|-supereffective|p1a: Pelipper\n|-damage|p1a: Pelipper|0 fnt\n|faint|p1a: Pelipper\n|move|p1b: Indeedee|Baton Pass|p1b: Indeedee\n|\n|t:|1701146864\n|switch|p1b: Urshifu|Urshifu-Rapid-Strike, L50, F|100\/100|[from] Baton Pass\n|\n|-weather|RainDance|[upkeep]\n|upkeep\n|\n|t:|1701146869\n|switch|p1a: Indeedee|Indeedee-F, L50, F|100\/100\n|turn|2\n|\n|t:|1701146879\n|move|p1a: Indeedee|Follow Me|p1a: Indeedee\n|-singleturn|p1a: Indeedee|move: Follow Me\n|move|p2b: Flutter Mane|Dazzling Gleam|p1a: Indeedee|[spread] p1a,p1b\n|-supereffective|p1b: Urshifu\n|-crit|p1b: Urshifu\n|-damage|p1a: Indeedee|59\/100\n|-damage|p1b: Urshifu|0 fnt\n|faint|p1b: Urshifu\n|move|p2a: Walmart Incineroar|Parting Shot|p1a: Indeedee\n|-unboost|p1a: Indeedee|atk|1\n|-unboost|p1a: Indeedee|spa|1\n|\n|t:|1701146889\n|switch|p2a: Arcanine|Arcanine-Hisui, L50, F|100\/100|[from] Parting Shot\n|-ability|p2a: Arcanine|Intimidate|boost\n|-unboost|p1a: Indeedee|atk|1\n|\n|-weather|RainDance|[upkeep]\n|upkeep\n|\n|t:|1701146896\n|switch|p1b: Armarouge|Armarouge, L50, M|100\/100\n|turn|3\n|\n|t:|1701146907\n|move|p1b: Armarouge|Wide Guard|p1b: Armarouge\n|-singleturn|p1b: Armarouge|Wide Guard\n|move|p2b: Flutter Mane|Power Gem|p1a: Indeedee\n|-damage|p1a: Indeedee|22\/100\n|move|p2a: Arcanine|Rock Slide|p1a: Indeedee|[spread] \n|-activate|p1a: Indeedee|move: Wide Guard\n|-activate|p1b: Armarouge|move: Wide Guard\n|move|p1a: Indeedee|Trick Room|p1a: Indeedee\n|-fieldstart|move: Trick Room|[of] p1a: Indeedee\n|\n|-weather|RainDance|[upkeep]\n|upkeep\n|turn|4\n|\n|t:|1701146932\n|move|p1b: Armarouge|Expanding Force|p2a: Arcanine|[spread] p2a,p2b\n|-damage|p2a: Arcanine|21\/100\n|-damage|p2b: Flutter Mane|22\/100\n|move|p1a: Indeedee|Psychic|p2b: Flutter Mane\n|-damage|p2b: Flutter Mane|0 fnt\n|faint|p2b: Flutter Mane\n|-end|p2b: Flutter Mane|Protosynthesis|[silent]\n|move|p2a: Arcanine|Rock Slide|p1a: Indeedee|[spread] p1b\n|-miss|p2a: Arcanine|p1a: Indeedee\n|-supereffective|p1b: Armarouge\n|-damage|p1b: Armarouge|53\/100\n|\n|-weather|RainDance|[upkeep]\n|upkeep\n|\n|t:|1701146943\n|switch|p2b: Walmart Incineroar|Grimmsnarl, L50, M|100\/100\n|-item|p1a: Indeedee|Weakness Policy|[from] ability: Frisk|[of] p2b: Walmart Incineroar|[identify]\n|-item|p1b: Armarouge|Twisted Spoon|[from] ability: Frisk|[of] p2b: Walmart Incineroar|[identify]\n|turn|5\n|\n|t:|1701146954\n|move|p1a: Indeedee|Follow Me|p1a: Indeedee\n|-singleturn|p1a: Indeedee|move: Follow Me\n|move|p2b: Walmart Incineroar|Parting Shot|p1a: Indeedee\n|-unboost|p1a: Indeedee|atk|1\n|-unboost|p1a: Indeedee|spa|1\n|\n|t:|1701146959\n|switch|p2b: Iron Bundle|Iron Bundle, L50|100\/100|[from] Parting Shot\n|move|p1b: Armarouge|Expanding Force|p2a: Arcanine|[spread] p2a,p2b\n|-damage|p2a: Arcanine|0 fnt\n|-damage|p2b: Iron Bundle|0 fnt\n|faint|p2a: Arcanine\n|faint|p2b: Iron Bundle\n|-end|p2b: Iron Bundle|Quark Drive|[silent]\n|\n|-weather|none\n|-fieldend|move: Psychic Terrain\n|upkeep\n|\n|t:|1701146969\n|switch|p2a: Walmart Incineroar|Grimmsnarl, L50, M|100\/100\n|-item|p1a: Indeedee|Weakness Policy|[from] ability: Frisk|[of] p2a: Walmart Incineroar|[identify]\n|-item|p1b: Armarouge|Twisted Spoon|[from] ability: Frisk|[of] p2a: Walmart Incineroar|[identify]\n|turn|6\n|\n|t:|1701146984\n|move|p2a: Walmart Incineroar|Fake Out|p1b: Armarouge\n|-damage|p1b: Armarouge|40\/100\n|move|p1a: Indeedee|Follow Me|p1a: Indeedee\n|-singleturn|p1a: Indeedee|move: Follow Me\n|cant|p1b: Armarouge|flinch\n|\n|upkeep\n|turn|7\n|\n|t:|1701146994\n|move|p1a: Indeedee|Follow Me|p1a: Indeedee\n|-singleturn|p1a: Indeedee|move: Follow Me\n|move|p2a: Walmart Incineroar|False Surrender|p1a: Indeedee\n|-supereffective|p1a: Indeedee\n|-damage|p1a: Indeedee|0 fnt\n|faint|p1a: Indeedee\n|move|p1b: Armarouge|Expanding Force|p2a: Walmart Incineroar\n|-immune|p2a: Walmart Incineroar\n|\n|-fieldend|move: Trick Room\n|upkeep\n|turn|8\n|\n|t:|1701147005\n|move|p1b: Armarouge|Energy Ball|p2a: Walmart Incineroar\n|-damage|p2a: Walmart Incineroar|68\/100\n|move|p2a: Walmart Incineroar|False Surrender|p1b: Armarouge\n|-supereffective|p1b: Armarouge\n|-damage|p1b: Armarouge|0 fnt\n|faint|p1b: Armarouge\n|\n|win|hehheiamcheese\n|raw|Redoblueo's rating: 1022 &rarr; <strong>1010<\/strong><br \/>(-12 for losing)\n|raw|hehheiamcheese's rating: 1058 &rarr; <strong>1086<\/strong><br \/>(+28 for winning)\n|c|\u2606hehheiamcheese|Gg\n|l|\u2606Redoblueo\n","uploadtime":1701147021,"views":11,"p1id":"redoblueo","p2id":"hehheiamcheese","formatid":"gen9vgc2023regulatione","rating":1010,"private":0,"password":""}