{"id":"gen9vgc2023regulatione-1999313468","p1":"Aquarsene","p2":"hunter16k","format":"[Gen 9] VGC 2023 Regulation E","log":"|j|\u2606Aquarsene\n|j|\u2606hunter16k\n|n|\u2606Aquarsene|aquarsene\n|n|\u2606hunter16k|hunter16k\n|html|View the match progress at <a href=\"\/game-bestof3-gen9vgc2023regulatione-1999311157\">game-bestof3-gen9vgc2023regulatione-1999311157<\/a>\n|t:|1701058848\n|gametype|doubles\n|player|p1|Aquarsene|2|\n|player|p2|hunter16k|skyla|\n|teamsize|p1|6\n|teamsize|p2|6\n|gen|9\n|tier|[Gen 9] VGC 2023 Regulation E\n|rule|Species Clause: Limit one of each Pok\u00e9mon\n|rule|Item Clause: Limit one of each item\n|clearpoke\n|poke|p1|Murkrow, L50, F|\n|poke|p1|Great Tusk, L50|\n|poke|p1|Slowking, L50, F|\n|poke|p1|Hydreigon, L50, M|\n|poke|p1|Ninetales-Alola, L50, F|\n|poke|p1|Articuno, L50|\n|poke|p2|Cinderace, L50, M|\n|poke|p2|Weavile, L50, M|\n|poke|p2|Milotic, L50, F|\n|poke|p2|Regieleki, L50|\n|poke|p2|Scizor, L50, F|\n|poke|p2|Iron Treads, L50|\n|teampreview|4\n|j| SCRUMPTIOUSBREAD\n|j| Daniel1018\n|c|\u2606hunter16k|draco miss was unfortunate\n|c|\u2606Aquarsene|Lol this is true.... Draco Meteor does tend to do that sometimes XD\n|\n|t:|1701058889\n|start\n|switch|p1a: Murkrow|Murkrow, L50, F|100\/100\n|switch|p1b: Hydreigon|Hydreigon, L50, M|100\/100\n|switch|p2a: Forgor|Milotic, L50, F|100\/100\n|switch|p2b: Make|Regieleki, L50|100\/100\n|turn|1\n|\n|t:|1701058907\n|move|p1a: Murkrow|Tailwind|p1a: Murkrow\n|-sidestart|p1: Aquarsene|move: Tailwind\n|move|p1b: Hydreigon|Draco Meteor|p2a: Forgor\n|-damage|p2a: Forgor|45\/100\n|-unboost|p1b: Hydreigon|spa|2\n|-damage|p1b: Hydreigon|91\/100|[from] item: Life Orb\n|move|p2b: Make|Volt Switch|p1a: Murkrow\n|-supereffective|p1a: Murkrow\n|-damage|p1a: Murkrow|0 fnt\n|faint|p1a: Murkrow\n|\n|t:|1701058920\n|switch|p2b: I|Cinderace, L50, M, shiny|100\/100|[from] Volt Switch\n|move|p2a: Forgor|Icy Wind|p1b: Hydreigon\n|-supereffective|p1b: Hydreigon\n|-damage|p1b: Hydreigon|59\/100\n|-unboost|p1b: Hydreigon|spe|1\n|\n|-heal|p2a: Forgor|51\/100|[from] item: Leftovers\n|upkeep\n|\n|t:|1701058929\n|switch|p1a: Ninetales|Ninetales-Alola, L50, F|100\/100\n|-weather|Snow|[from] ability: Snow Warning|[of] p1a: Ninetales\n|turn|2\n|\n|t:|1701058962\n|-terastallize|p1a: Ninetales|Water\n|move|p1a: Ninetales|Aurora Veil|p1a: Ninetales\n|-sidestart|p1: Aquarsene|move: Aurora Veil\n|move|p1b: Hydreigon|Draco Meteor|p2b: I\n|-damage|p2b: I|38\/100\n|-unboost|p1b: Hydreigon|spa|2\n|-damage|p1b: Hydreigon|49\/100|[from] item: Life Orb\n|move|p2b: I|Swords Dance|p2b: I\n|-start|p2b: I|typechange|Normal|[from] ability: Libero\n|-boost|p2b: I|atk|2\n|move|p2a: Forgor|Light Screen|p2a: Forgor\n|-sidestart|p2: hunter16k|move: Light Screen\n|\n|-weather|Snow|[upkeep]\n|-heal|p2a: Forgor|57\/100|[from] item: Leftovers\n|upkeep\n|turn|3\n|\n|t:|1701058988\n|move|p2b: I|Protect|p2b: I\n|-singleturn|p2b: I|Protect\n|move|p1a: Ninetales|Blizzard|p2a: Forgor|[spread] p2a\n|-activate|p2b: I|move: Protect\n|-resisted|p2a: Forgor\n|-damage|p2a: Forgor|51\/100\n|move|p1b: Hydreigon|Dark Pulse|p2a: Forgor\n|-damage|p2a: Forgor|41\/100\n|-damage|p1b: Hydreigon|40\/100|[from] item: Life Orb\n|move|p2a: Forgor|Icy Wind|p1b: Hydreigon|[spread] p1a,p1b\n|-resisted|p1a: Ninetales\n|-supereffective|p1b: Hydreigon\n|-damage|p1a: Ninetales|98\/100\n|-damage|p1b: Hydreigon|23\/100\n|-unboost|p1a: Ninetales|spe|1\n|-unboost|p1b: Hydreigon|spe|1\n|\n|-weather|Snow|[upkeep]\n|-heal|p2a: Forgor|47\/100|[from] item: Leftovers\n|upkeep\n|turn|4\n|\n|t:|1701059025\n|switch|p1b: Articuno|Articuno, L50|100\/100\n|-terastallize|p2b: I|Normal\n|move|p2b: I|Quick Attack|p1b: Articuno\n|-damage|p1b: Articuno|76\/100\n|move|p1a: Ninetales|Blizzard|p2b: I|[spread] p2a,p2b\n|-resisted|p2a: Forgor\n|-damage|p2a: Forgor|41\/100\n|-damage|p2b: I|15\/100\n|move|p2a: Forgor|Scald|p1a: Ninetales\n|-resisted|p1a: Ninetales\n|-damage|p1a: Ninetales|89\/100\n|\n|-weather|Snow|[upkeep]\n|-heal|p2a: Forgor|47\/100|[from] item: Leftovers\n|-sideend|p1: Aquarsene|move: Tailwind\n|upkeep\n|turn|5\n|\n|t:|1701059053\n|move|p2b: I|Protect|p2b: I\n|-singleturn|p2b: I|Protect\n|move|p1b: Articuno|Blizzard|p2a: Forgor|[spread] p2a\n|-activate|p2b: I|move: Protect\n|-resisted|p2a: Forgor\n|-damage|p2a: Forgor|38\/100\n|-status|p2a: Forgor|frz\n|move|p1a: Ninetales|Moonblast|p2a: Forgor\n|-crit|p2a: Forgor\n|-damage|p2a: Forgor|9\/100 frz\n|-unboost|p2a: Forgor|spa|1\n|-ability|p2a: Forgor|Competitive|boost\n|-boost|p2a: Forgor|spa|2\n|cant|p2a: Forgor|frz\n|\n|-weather|Snow|[upkeep]\n|-heal|p2a: Forgor|15\/100 frz|[from] item: Leftovers\n|upkeep\n|turn|6\n|\n|t:|1701059082\n|switch|p2a: Make|Regieleki, L50|100\/100\n|move|p2b: I|Pyro Ball|p1b: Articuno|[miss]\n|-miss|p2b: I|p1b: Articuno\n|move|p1b: Articuno|Blizzard|p2b: I|[spread] p2a,p2b\n|-damage|p2a: Make|52\/100\n|-damage|p2b: I|0 fnt\n|faint|p2b: I\n|move|p1a: Ninetales|Blizzard|p2a: Make\n|-damage|p2a: Make|6\/100\n|-status|p2a: Make|frz\n|\n|-weather|none\n|-sideend|p2: hunter16k|move: Light Screen\n|upkeep\n|\n|t:|1701059096\n|switch|p2b: Nicknames|Scizor, L50, F, shiny|100\/100\n|turn|7\n|\n|t:|1701059127\n|move|p2b: Nicknames|Bullet Punch|p1a: Ninetales\n|-resisted|p1a: Ninetales\n|-damage|p1a: Ninetales|80\/100\n|cant|p2a: Make|frz\n|move|p1a: Ninetales|Blizzard|p2b: Nicknames|[spread] p2a\n|-miss|p1a: Ninetales|p2b: Nicknames\n|-damage|p2a: Make|0 fnt\n|faint|p2a: Make\n|move|p1b: Articuno|Icy Wind|p2b: Nicknames\n|-resisted|p2b: Nicknames\n|-damage|p2b: Nicknames|90\/100\n|-unboost|p2b: Nicknames|spe|1\n|\n|upkeep\n|\n|t:|1701059140\n|switch|p2a: Forgor|Milotic, L50, F|15\/100 frz\n|turn|8\n|\n|t:|1701059158\n|move|p1b: Articuno|Helping Hand|p1a: Ninetales\n|-singleturn|p1a: Ninetales|Helping Hand|[of] p1b: Articuno\n|cant|p2a: Forgor|frz\n|move|p2b: Nicknames|Bullet Punch|p1b: Articuno\n|-supereffective|p1b: Articuno\n|-damage|p1b: Articuno|51\/100\n|move|p1a: Ninetales|Moonblast|p2a: Forgor\n|-damage|p2a: Forgor|0 fnt\n|faint|p2a: Forgor\n|\n|upkeep\n|turn|9\n|\n|t:|1701059199\n|move|p1b: Articuno|Helping Hand|p1a: Ninetales\n|-singleturn|p1a: Ninetales|Helping Hand|[of] p1b: Articuno\n|move|p1a: Ninetales|Moonblast|p2b: Nicknames\n|-resisted|p2b: Nicknames\n|-damage|p2b: Nicknames|72\/100\n|move|p2b: Nicknames|U-turn|p1a: Ninetales\n|-damage|p1a: Ninetales|48\/100\n|\n|-sideend|p1: Aquarsene|move: Aurora Veil\n|upkeep\n|turn|10\n|\n|t:|1701059217\n|move|p1b: Articuno|Helping Hand|p1a: Ninetales\n|-singleturn|p1a: Ninetales|Helping Hand|[of] p1b: Articuno\n|move|p2b: Nicknames|Bullet Punch|p1a: Ninetales\n|-resisted|p1a: Ninetales\n|-damage|p1a: Ninetales|34\/100\n|move|p1a: Ninetales|Moonblast|p2b: Nicknames\n|-resisted|p2b: Nicknames\n|-damage|p2b: Nicknames|54\/100\n|\n|upkeep\n|turn|11\n|\n|t:|1701059232\n|move|p1b: Articuno|Helping Hand|p1a: Ninetales\n|-singleturn|p1a: Ninetales|Helping Hand|[of] p1b: Articuno\n|move|p1a: Ninetales|Moonblast|p2b: Nicknames\n|-resisted|p2b: Nicknames\n|-damage|p2b: Nicknames|37\/100\n|-unboost|p2b: Nicknames|spa|1\n|move|p2b: Nicknames|U-turn|p1a: Ninetales\n|-damage|p1a: Ninetales|0 fnt\n|faint|p1a: Ninetales\n|\n|upkeep\n|\n|t:|1701059241\n|switch|p1a: Hydreigon|Hydreigon, L50, M|23\/100\n|turn|12\n|\n|t:|1701059249\n|move|p2b: Nicknames|Bullet Punch|p1a: Hydreigon\n|-damage|p1a: Hydreigon|0 fnt\n|faint|p1a: Hydreigon\n|move|p1b: Articuno|Blizzard|p2b: Nicknames\n|-resisted|p2b: Nicknames\n|-damage|p2b: Nicknames|17\/100\n|\n|upkeep\n|turn|13\n|\n|t:|1701059257\n|move|p2b: Nicknames|Bullet Punch|p1b: Articuno\n|-supereffective|p1b: Articuno\n|-damage|p1b: Articuno|14\/100\n|move|p1b: Articuno|Blizzard|p2b: Nicknames\n|-resisted|p2b: Nicknames\n|-damage|p2b: Nicknames|0 fnt\n|faint|p2b: Nicknames\n|\n|win|Aquarsene\n|c|&|\/uhtml prompt-aquarsene,Aquarsene is ready for game 3!\n|c|&|\/uhtml prompt-hunter16k,hunter16k is ready for game 3!\nBoth players are ready! Starting next match!\n","uploadtime":1701059657,"views":8,"p1id":"aquarsene","p2id":"hunter16k","formatid":"gen9vgc2023regulatione","rating":0,"private":0,"password":""}