{"id":"gen9vgc2023regulatione-1989305390","p1":"LavaDieDry","p2":"ThetaB","format":"[Gen 9] VGC 2023 Regulation E","log":"|j|\u2606LavaDieDry\n|j|\u2606ThetaB\n|n|\u2606LavaDieDry|lavadiedry\n|n|\u2606ThetaB|thetab\n|html|View the match progress at <a href=\"\/game-bestof3-gen9vgc2023regulatione-1989299601\">game-bestof3-gen9vgc2023regulatione-1989299601<\/a>\n|t:|1699834244\n|gametype|doubles\n|player|p1|LavaDieDry|colress-gen7|\n|player|p2|ThetaB|palmer|\n|teamsize|p1|6\n|teamsize|p2|6\n|gen|9\n|tier|[Gen 9] VGC 2023 Regulation E\n|rule|Species Clause: Limit one of each Pok\u00e9mon\n|rule|Item Clause: Limit one of each item\n|clearpoke\n|poke|p1|Tornadus, L50, M|\n|poke|p1|Flutter Mane, L50|\n|poke|p1|Urshifu-*, L50, F|\n|poke|p1|Ogerpon-Wellspring, L50, F|\n|poke|p1|Heatran, L50, M|\n|poke|p1|Farigiraf, L50, F|\n|poke|p2|Flutter Mane, L50|\n|poke|p2|Ogerpon-Wellspring, L50, F|\n|poke|p2|Iron Hands, L50|\n|poke|p2|Kingambit, L50, F|\n|poke|p2|Clefairy, L50, M|\n|poke|p2|Landorus-Therian, L50, M|\n|teampreview|4\n|inactive|Battle timer is ON: inactive players will automatically lose when time's up. (requested by LavaDieDry)\nThetaB has agreed to open team sheets.\n|j| 25 to 6 or 4\n|inactive|LavaDieDry has 60 seconds left.\n|inactive|ThetaB has 60 seconds left.\n|inactive|LavaDieDry has 30 seconds left.\n|inactive|LavaDieDry has 20 seconds left.\n|inactive|LavaDieDry has 15 seconds left.\n|inactive|LavaDieDry has 10 seconds left.\n|inactive|LavaDieDry has 5 seconds left.\n|\n|t:|1699834334\n|start\n|switch|p1a: Ogerpon|Ogerpon-Wellspring, L50, F|100\/100\n|switch|p1b: Heatran|Heatran, L50, M|100\/100\n|switch|p2a: Ogerpon|Ogerpon-Wellspring, L50, F|100\/100\n|switch|p2b: Iron Hands|Iron Hands, L50|100\/100\n|turn|1\n|inactive|LavaDieDry has 30 seconds left.\n|inactive|LavaDieDry has 20 seconds left.\n|inactive|ThetaB has 30 seconds left.\n|inactive|LavaDieDry has 15 seconds left.\n|inactive|LavaDieDry has 10 seconds left.\n|\n|t:|1699834382\n|-end|p2b: Iron Hands|Quark Drive|[silent]\n|switch|p2b: Kingambit|Kingambit, L50, F|100\/100\n|move|p2a: Ogerpon|Spiky Shield|p2a: Ogerpon\n|-singleturn|p2a: Ogerpon|move: Protect\n|move|p1a: Ogerpon|Spiky Shield|p1a: Ogerpon\n|-singleturn|p1a: Ogerpon|move: Protect\n|move|p1b: Heatran|Protect||[still]\n|-fail|p1b: Heatran\n|\n|upkeep\n|turn|2\n|inactive|LavaDieDry has 30 seconds left.\n|\n|t:|1699834414\n|-terastallize|p1b: Heatran|Grass\n|-terastallize|p2b: Kingambit|Dark\n|move|p2a: Ogerpon|Follow Me|p2a: Ogerpon\n|-singleturn|p2a: Ogerpon|move: Follow Me\n|move|p1a: Ogerpon|Horn Leech|p2a: Ogerpon\n|-damage|p2a: Ogerpon|49\/100\n|move|p1b: Heatran|Flamethrower|p2a: Ogerpon\n|-damage|p2a: Ogerpon|5\/100\n|move|p2b: Kingambit|Kowtow Cleave|p1a: Ogerpon\n|-damage|p1a: Ogerpon|21\/100\n|\n|upkeep\n|turn|3\n|inactive|LavaDieDry has 30 seconds left.\n|inactive|LavaDieDry has 20 seconds left.\n|inactive|ThetaB has 30 seconds left.\n|\n|t:|1699834453\n|switch|p1a: Farigiraf|Farigiraf, L50, F|100\/100\n|move|p2a: Ogerpon|Horn Leech|p1a: Farigiraf\n|-damage|p1a: Farigiraf|70\/100\n|-heal|p2a: Ogerpon|24\/100|[from] drain|[of] p1a: Farigiraf\n|move|p1b: Heatran|Flamethrower|p2b: Kingambit\n|-damage|p2b: Kingambit|52\/100\n|move|p2b: Kingambit|Swords Dance|p2b: Kingambit\n|-boost|p2b: Kingambit|atk|2\n|\n|upkeep\n|turn|4\n|j| Pokemon19385\n|inactive|ThetaB has 30 seconds left.\n|\n|t:|1699834486\n|move|p2b: Kingambit|Protect|p2b: Kingambit\n|-singleturn|p2b: Kingambit|Protect\n|move|p2a: Ogerpon|Horn Leech|p1a: Farigiraf\n|-damage|p1a: Farigiraf|42\/100\n|-heal|p2a: Ogerpon|41\/100|[from] drain|[of] p1a: Farigiraf\n|-enditem|p1a: Farigiraf|Sitrus Berry|[eat]\n|-heal|p1a: Farigiraf|67\/100|[from] item: Sitrus Berry\n|move|p1b: Heatran|Flamethrower|p2b: Kingambit\n|-activate|p2b: Kingambit|move: Protect\n|move|p1a: Farigiraf|Dazzling Gleam|p2b: Kingambit|[spread] p2a\n|-activate|p2b: Kingambit|move: Protect\n|-damage|p2a: Ogerpon|26\/100\n|\n|upkeep\n|turn|5\n|l| Pokemon19385\n|inactive|ThetaB has 30 seconds left.\n|\n|t:|1699834519\n|switch|p2a: Clefairy|Clefairy, L50, M|100\/100\n|move|p1b: Heatran|Flamethrower|p2a: Clefairy\n|-damage|p2a: Clefairy|58\/100\n|move|p1a: Farigiraf|Dazzling Gleam|p2a: Clefairy|[spread] p2a,p2b\n|-supereffective|p2b: Kingambit\n|-damage|p2a: Clefairy|45\/100\n|-damage|p2b: Kingambit|29\/100\n|move|p2b: Kingambit|Kowtow Cleave|p1a: Farigiraf\n|-supereffective|p1a: Farigiraf\n|-damage|p1a: Farigiraf|0 fnt\n|faint|p1a: Farigiraf\n|\n|upkeep\n|\n|t:|1699834526\n|switch|p1a: Flutter Mane|Flutter Mane, L50|100\/100\n|-enditem|p1a: Flutter Mane|Booster Energy\n|-activate|p1a: Flutter Mane|ability: Protosynthesis|[fromitem]\n|-start|p1a: Flutter Mane|protosynthesisspa\n|turn|6\n|inactive|LavaDieDry has 30 seconds left.\n|inactive|LavaDieDry has 20 seconds left.\n|\n|t:|1699834562\n|move|p1a: Flutter Mane|Protect|p1a: Flutter Mane\n|-singleturn|p1a: Flutter Mane|Protect\n|move|p2b: Kingambit|Protect|p2b: Kingambit\n|-singleturn|p2b: Kingambit|Protect\n|move|p1b: Heatran|Flash Cannon|p2b: Kingambit\n|-activate|p2b: Kingambit|move: Protect\n|move|p2a: Clefairy|Life Dew|p2a: Clefairy|[spread] p2a,p2b\n|-heal|p2a: Clefairy|69\/100\n|-heal|p2b: Kingambit|54\/100\n|\n|upkeep\n|turn|7\n|\n|t:|1699834581\n|move|p1a: Flutter Mane|Protect||[still]\n|-fail|p1a: Flutter Mane\n|move|p2b: Kingambit|Sucker Punch||[still]\n|-fail|p2b: Kingambit\n|move|p1b: Heatran|Flamethrower|p2b: Kingambit\n|-damage|p2b: Kingambit|20\/100\n|move|p2a: Clefairy|Life Dew|p2a: Clefairy|[spread] p2a,p2b\n|-heal|p2a: Clefairy|94\/100\n|-heal|p2b: Kingambit|45\/100\n|\n|upkeep\n|turn|8\n|\n|t:|1699834599\n|move|p2b: Kingambit|Sucker Punch|p1a: Flutter Mane\n|-damage|p1a: Flutter Mane|0 fnt\n|faint|p1a: Flutter Mane\n|-end|p1a: Flutter Mane|Protosynthesis|[silent]\n|move|p1b: Heatran|Flash Cannon|p2a: Clefairy\n|-supereffective|p2a: Clefairy\n|-damage|p2a: Clefairy|23\/100\n|move|p2a: Clefairy|Life Dew|p2a: Clefairy|[spread] p2a,p2b\n|-heal|p2a: Clefairy|48\/100\n|-heal|p2b: Kingambit|70\/100\n|\n|upkeep\n|\n|t:|1699834602\n|switch|p1a: Ogerpon|Ogerpon-Wellspring, L50, F|21\/100\n|turn|9\n|inactive|LavaDieDry has 30 seconds left.\n|\n|t:|1699834628\n|move|p2b: Kingambit|Protect|p2b: Kingambit\n|-singleturn|p2b: Kingambit|Protect\n|move|p2a: Clefairy|Protect|p2a: Clefairy\n|-singleturn|p2a: Clefairy|Protect\n|move|p1a: Ogerpon|Horn Leech|p2b: Kingambit\n|-activate|p2b: Kingambit|move: Protect\n|move|p1b: Heatran|Flash Cannon|p2a: Clefairy\n|-activate|p2a: Clefairy|move: Protect\n|\n|upkeep\n|turn|10\n|\n|t:|1699834646\n|move|p1a: Ogerpon|Follow Me|p1a: Ogerpon\n|-singleturn|p1a: Ogerpon|move: Follow Me\n|move|p2a: Clefairy|Follow Me|p2a: Clefairy\n|-singleturn|p2a: Clefairy|move: Follow Me\n|move|p1b: Heatran|Flash Cannon|p2a: Clefairy\n|-supereffective|p2a: Clefairy\n|-damage|p2a: Clefairy|0 fnt\n|faint|p2a: Clefairy\n|move|p2b: Kingambit|Kowtow Cleave|p1a: Ogerpon\n|-damage|p1a: Ogerpon|0 fnt\n|faint|p1a: Ogerpon\n|\n|upkeep\n|\n|t:|1699834653\n|switch|p2a: Iron Hands|Iron Hands, L50|100\/100\n|turn|11\n|\n|t:|1699834662\n|move|p2a: Iron Hands|Fake Out|p1b: Heatran\n|-damage|p1b: Heatran|87\/100\n|cant|p1b: Heatran|flinch\n|move|p2b: Kingambit|Swords Dance|p2b: Kingambit\n|-boost|p2b: Kingambit|atk|2\n|\n|-heal|p1b: Heatran|93\/100|[from] item: Leftovers\n|upkeep\n|turn|12\n|\n|t:|1699834675\n|move|p2b: Kingambit|Sucker Punch|p1b: Heatran\n|-damage|p1b: Heatran|0 fnt\n|faint|p1b: Heatran\n|\n|win|ThetaB\n|l|\u2606LavaDieDry\n|c|\u2606ThetaB|good match\n|l| 25 to 6 or 4\n","uploadtime":1699834810,"views":46,"p1id":"lavadiedry","p2id":"thetab","formatid":"gen9vgc2023regulatione","rating":0,"private":0,"password":""}