{"id":"gen9vgc2023regulatione-1993855339","p1":"Girthatron","p2":"PunkRockObstagoon","format":"[Gen 9] VGC 2023 Regulation E","log":"|j|\u2606Girthatron\n|j|\u2606PunkRockObstagoon\n|t:|1700365803\n|gametype|doubles\n|player|p1|Girthatron|hiker-gen4|1438\n|player|p2|PunkRockObstagoon|hilbert|1459\n|teamsize|p1|6\n|teamsize|p2|6\n|gen|9\n|tier|[Gen 9] VGC 2023 Regulation E\n|rated|\n|rule|Species Clause: Limit one of each Pok\u00e9mon\n|rule|Item Clause: Limit one of each item\n|clearpoke\n|poke|p1|Ursaluna, L50, F|\n|poke|p1|Cresselia, L50, F|\n|poke|p1|Sinistcha, L50|\n|poke|p1|Iron Hands, L50|\n|poke|p1|Empoleon, L50, M|\n|poke|p1|Flutter Mane, L50|\n|poke|p2|Spinarak, L50, M|\n|poke|p2|Tatsugiri-Droopy, L50, M|\n|poke|p2|Urshifu-*, L50, M|\n|poke|p2|Lurantis, L50, F|\n|poke|p2|Armarouge, L50, M|\n|poke|p2|Farigiraf, L50, F|\n|teampreview|4\n|inactive|Battle timer is ON: inactive players will automatically lose when time's up. (requested by PunkRockObstagoon)\n|inactive|Girthatron also wants the timer to be on.\n|inactive|Girthatron has 60 seconds left.\n|\n|t:|1700365842\n|start\n|switch|p1a: Ursaluna|Ursaluna, L50, F|100\/100\n|switch|p1b: Cresselia|Cresselia, L50, F|100\/100\n|switch|p2a: Lurantis|Lurantis, L50, F|100\/100\n|switch|p2b: Urshifu|Urshifu-Rapid-Strike, L50, M|100\/100\n|turn|1\n|\n|t:|1700365857\n|switch|p1a: Empoleon|Empoleon, L50, M|100\/100\n|move|p2b: Urshifu|U-turn|p1b: Cresselia\n|-supereffective|p1b: Cresselia\n|-damage|p1b: Cresselia|70\/100\n|\n|t:|1700365860\n|switch|p2b: Spinarak|Spinarak, L50, M, shiny|100\/100|[from] U-turn\n|move|p2a: Lurantis|Superpower|p1a: Empoleon\n|-supereffective|p1a: Empoleon\n|-damage|p1a: Empoleon|23\/100\n|-boost|p2a: Lurantis|atk|1\n|-boost|p2a: Lurantis|def|1\n|move|p1b: Cresselia|Trick Room|p1b: Cresselia\n|-fieldstart|move: Trick Room|[of] p1b: Cresselia\n|\n|upkeep\n|turn|2\n|inactive|Girthatron has 30 seconds left.\n|\n|t:|1700365887\n|move|p2a: Lurantis|Superpower|p1a: Empoleon\n|-supereffective|p1a: Empoleon\n|-damage|p1a: Empoleon|0 fnt\n|-boost|p2a: Lurantis|atk|1\n|-boost|p2a: Lurantis|def|1\n|faint|p1a: Empoleon\n|move|p2b: Spinarak|Acid Spray|p2a: Lurantis\n|-supereffective|p2a: Lurantis\n|-damage|p2a: Lurantis|89\/100\n|-boost|p2a: Lurantis|spd|2\n|move|p1b: Cresselia|Lunar Blessing|p1b: Cresselia\n|-heal|p1b: Cresselia|95\/100\n|\n|upkeep\n|\n|t:|1700365897\n|switch|p1a: Ursaluna|Ursaluna, L50, F|100\/100\n|turn|3\n|inactive|PunkRockObstagoon has 30 seconds left.\n|\n|t:|1700365929\n|-terastallize|p1a: Ursaluna|Poison\n|move|p2a: Lurantis|Knock Off|p1b: Cresselia\n|-supereffective|p1b: Cresselia\n|-damage|p1b: Cresselia|24\/100\n|-enditem|p1b: Cresselia|Mental Herb|[from] move: Knock Off|[of] p2a: Lurantis\n|move|p2b: Spinarak|Lunge|p2a: Lurantis\n|-supereffective|p2a: Lurantis\n|-damage|p2a: Lurantis|69\/100\n|-boost|p2a: Lurantis|atk|1\n|move|p1a: Ursaluna|Earthquake|p2b: Spinarak|[spread] p2a,p2b\n|-immune|p1b: Cresselia|[from] ability: Levitate\n|-resisted|p2a: Lurantis\n|-damage|p2a: Lurantis|57\/100\n|-damage|p2b: Spinarak|57\/100\n|move|p1b: Cresselia|Lunar Blessing|p1b: Cresselia|[spread] p1a,p1b\n|-heal|p1b: Cresselia|49\/100\n|\n|-status|p1a: Ursaluna|brn|[from] item: Flame Orb\n|upkeep\n|turn|4\n|inactive|Girthatron has 30 seconds left.\n|\n|t:|1700365955\n|move|p2a: Lurantis|Leaf Blade|p1b: Cresselia\n|-damage|p1b: Cresselia|0 fnt\n|faint|p1b: Cresselia\n|move|p2b: Spinarak|Lunge|p1a: Ursaluna\n|-resisted|p1a: Ursaluna\n|-crit|p1a: Ursaluna\n|-damage|p1a: Ursaluna|89\/100 brn\n|-unboost|p1a: Ursaluna|atk|1\n|move|p1a: Ursaluna|Facade|p2a: Lurantis\n|-damage|p2a: Lurantis|11\/100\n|\n|-damage|p1a: Ursaluna|83\/100 brn|[from] brn\n|upkeep\n|\n|t:|1700365966\n|switch|p1b: Flutter Mane|Flutter Mane, L50|100\/100\n|turn|5\n|\n|t:|1700365974\n|move|p1b: Flutter Mane|Protect|p1b: Flutter Mane\n|-singleturn|p1b: Flutter Mane|Protect\n|move|p2a: Lurantis|Leaf Blade|p1b: Flutter Mane\n|-activate|p1b: Flutter Mane|move: Protect\n|move|p2b: Spinarak|Lunge|p1a: Ursaluna\n|-resisted|p1a: Ursaluna\n|-damage|p1a: Ursaluna|76\/100 brn\n|-unboost|p1a: Ursaluna|atk|1\n|move|p1a: Ursaluna|Earthquake|p2a: Lurantis|[spread] p2a,p2b\n|-activate|p1b: Flutter Mane|move: Protect\n|-resisted|p2a: Lurantis\n|-damage|p2a: Lurantis|2\/100\n|-damage|p2b: Spinarak|26\/100\n|\n|-damage|p1a: Ursaluna|70\/100 brn|[from] brn\n|-fieldend|move: Trick Room\n|upkeep\n|turn|6\n|\n|t:|1700365995\n|move|p1b: Flutter Mane|Dazzling Gleam|p2b: Spinarak|[spread] p2a,p2b\n|-resisted|p2b: Spinarak\n|-damage|p2a: Lurantis|0 fnt\n|-damage|p2b: Spinarak|0 fnt\n|faint|p2a: Lurantis\n|faint|p2b: Spinarak\n|move|p1a: Ursaluna|Facade|p2: Lurantis|[notarget]\n|-fail|p1a: Ursaluna\n|\n|-damage|p1a: Ursaluna|64\/100 brn|[from] brn\n|upkeep\n|\n|t:|1700366001\n|switch|p2b: Armarouge|Armarouge, L50, M|100\/100\n|switch|p2a: Urshifu|Urshifu-Rapid-Strike, L50, M|100\/100\n|turn|7\n|\n|t:|1700366021\n|-terastallize|p2a: Urshifu|Water\n|move|p2b: Armarouge|Wide Guard|p2b: Armarouge\n|-singleturn|p2b: Armarouge|Wide Guard\n|move|p2a: Urshifu|Surging Strikes|p1b: Flutter Mane\n|-crit|p1b: Flutter Mane\n|-damage|p1b: Flutter Mane|42\/100\n|-crit|p1b: Flutter Mane\n|-damage|p1b: Flutter Mane|0 fnt\n|faint|p1b: Flutter Mane\n|-end|p1b: Flutter Mane|Protosynthesis|[silent]\n|-hitcount|p1: Flutter Mane|2\n|move|p1a: Ursaluna|Facade|p2a: Urshifu\n|-damage|p2a: Urshifu|42\/100\n|\n|-damage|p1a: Ursaluna|58\/100 brn|[from] brn\n|upkeep\n|turn|8\n|\n|t:|1700366042\n|move|p2a: Urshifu|Surging Strikes|p1a: Ursaluna\n|-crit|p1a: Ursaluna\n|-damage|p1a: Ursaluna|37\/100 brn\n|-crit|p1a: Ursaluna\n|-damage|p1a: Ursaluna|17\/100 brn\n|-crit|p1a: Ursaluna\n|-damage|p1a: Ursaluna|0 fnt\n|faint|p1a: Ursaluna\n|-hitcount|p1: Ursaluna|3\n|\n|win|PunkRockObstagoon\n|raw|Girthatron's rating: 1438 &rarr; <strong>1418<\/strong><br \/>(-20 for losing)\n|raw|PunkRockObstagoon's rating: 1446 &rarr; <strong>1466<\/strong><br \/>(+20 for winning)\n","uploadtime":1700366047,"views":8,"p1id":"girthatron","p2id":"punkrockobstagoon","formatid":"gen9vgc2023regulatione","rating":1418,"private":0,"password":""}