{"id":"gen9vgc2023regulatione-1991548244","p1":"Dumdunsparce","p2":"CaptainLatios","format":"[Gen 9] VGC 2023 Regulation E","log":"|j|\u2606Dumdunsparce\n|j|\u2606CaptainLatios\n|t:|1700087214\n|gametype|doubles\n|player|p1|Dumdunsparce|harlequin|1338\n|player|p2|CaptainLatios|caitlin-masters|1385\n|teamsize|p1|6\n|teamsize|p2|6\n|gen|9\n|tier|[Gen 9] VGC 2023 Regulation E\n|rated|\n|rule|Species Clause: Limit one of each Pok\u00e9mon\n|rule|Item Clause: Limit one of each item\n|clearpoke\n|poke|p1|Thundurus, L50, M|\n|poke|p1|Rillaboom, L50, M|\n|poke|p1|Gholdengo, L50|\n|poke|p1|Roaring Moon, L50|\n|poke|p1|Slowbro, L50, M|\n|poke|p1|Tauros-Paldea-Blaze, L50, M|\n|poke|p2|Ogerpon-Wellspring, L50, F|\n|poke|p2|Landorus-Therian, L50, M|\n|poke|p2|Ursaluna-Bloodmoon, L50, M|\n|poke|p2|Farigiraf, L50, M|\n|poke|p2|Chi-Yu, L50|\n|poke|p2|Iron Hands, L50|\n|teampreview|4\n|\n|t:|1700087247\n|start\n|switch|p1a: Gholdengo|Gholdengo, L50|100\/100\n|switch|p1b: Tauros|Tauros-Paldea-Blaze, L50, M|100\/100\n|switch|p2a: Farigiraf|Farigiraf, L50, M|100\/100\n|switch|p2b: Ursaluna|Ursaluna-Bloodmoon, L50, M|100\/100\n|-ability|p1b: Tauros|Intimidate|boost\n|-unboost|p2a: Farigiraf|atk|1\n|-unboost|p2b: Ursaluna|atk|1\n|turn|1\n|\n|t:|1700087267\n|move|p2b: Ursaluna|Protect|p2b: Ursaluna\n|-singleturn|p2b: Ursaluna|Protect\n|move|p1b: Tauros|Close Combat|p2a: Farigiraf\n|-damage|p2a: Farigiraf|63\/100\n|-unboost|p1b: Tauros|def|1\n|-unboost|p1b: Tauros|spd|1\n|-enditem|p1b: Tauros|Eject Pack\n|\n|t:|1700087276\n|switch|p1b: Slowbro|Slowbro, L50, M|100\/100\n|move|p1a: Gholdengo|Nasty Plot|p1a: Gholdengo\n|-boost|p1a: Gholdengo|spa|2\n|move|p2a: Farigiraf|Trick Room|p2a: Farigiraf\n|-fieldstart|move: Trick Room|[of] p2a: Farigiraf\n|\n|upkeep\n|turn|2\n|\n|t:|1700087306\n|move|p1a: Gholdengo|Protect|p1a: Gholdengo\n|-singleturn|p1a: Gholdengo|Protect\n|move|p2b: Ursaluna|Earth Power|p1a: Gholdengo\n|-activate|p1a: Gholdengo|move: Protect\n|move|p2a: Farigiraf|Psychic|p1a: Gholdengo\n|-activate|p1a: Gholdengo|move: Protect\n|move|p1b: Slowbro|Trick Room|p1b: Slowbro\n|-fieldend|move: Trick Room\n|\n|upkeep\n|turn|3\n|\n|t:|1700087323\n|move|p1a: Gholdengo|Make It Rain|p2b: Ursaluna|[spread] p2a,p2b\n|-damage|p2a: Farigiraf|0 fnt\n|-damage|p2b: Ursaluna|7\/100\n|-unboost|p1a: Gholdengo|spa|1\n|faint|p2a: Farigiraf\n|move|p2b: Ursaluna|Earth Power|p1a: Gholdengo\n|-supereffective|p1a: Gholdengo\n|-damage|p1a: Gholdengo|2\/100\n|-enditem|p1a: Gholdengo|Sitrus Berry|[eat]\n|-heal|p1a: Gholdengo|26\/100|[from] item: Sitrus Berry\n|move|p1b: Slowbro|Iron Defense|p1b: Slowbro\n|-boost|p1b: Slowbro|def|2\n|\n|upkeep\n|\n|t:|1700087333\n|switch|p2a: Ogerpon|Ogerpon-Wellspring, L50, F|100\/100\n|turn|4\n|\n|t:|1700087370\n|move|p1a: Gholdengo|Protect|p1a: Gholdengo\n|-singleturn|p1a: Gholdengo|Protect\n|move|p2b: Ursaluna|Protect|p2b: Ursaluna\n|-singleturn|p2b: Ursaluna|Protect\n|move|p2a: Ogerpon|Ivy Cudgel|p1a: Gholdengo|[anim] Ivy Cudgel Water\n|-activate|p1a: Gholdengo|move: Protect\n|move|p1b: Slowbro|Body Press|p2b: Ursaluna\n|-activate|p2b: Ursaluna|move: Protect\n|\n|upkeep\n|turn|5\n|\n|t:|1700087391\n|switch|p1a: Rillaboom|Rillaboom, L50, M|100\/100\n|-fieldstart|move: Grassy Terrain|[from] ability: Grassy Surge|[of] p1a: Rillaboom\n|switch|p2b: Iron Hands|Iron Hands, L50|100\/100\n|move|p2a: Ogerpon|Ivy Cudgel|p1a: Rillaboom|[anim] Ivy Cudgel Water\n|-resisted|p1a: Rillaboom\n|-damage|p1a: Rillaboom|76\/100\n|move|p1b: Slowbro|Body Press|p2b: Iron Hands\n|-damage|p2b: Iron Hands|71\/100\n|\n|-heal|p1a: Rillaboom|82\/100|[from] Grassy Terrain\n|-heal|p2b: Iron Hands|77\/100|[from] Grassy Terrain\n|upkeep\n|turn|6\n|\n|t:|1700087413\n|move|p1a: Rillaboom|Fake Out|p2b: Iron Hands\n|-damage|p2b: Iron Hands|68\/100\n|cant|p2b: Iron Hands|flinch\n|move|p2a: Ogerpon|Horn Leech|p1b: Slowbro\n|-supereffective|p1b: Slowbro\n|-damage|p1b: Slowbro|53\/100\n|move|p1b: Slowbro|Iron Defense|p1b: Slowbro\n|-boost|p1b: Slowbro|def|2\n|\n|-heal|p1a: Rillaboom|87\/100|[from] Grassy Terrain\n|-heal|p2b: Iron Hands|74\/100|[from] Grassy Terrain\n|-heal|p1b: Slowbro|59\/100|[from] Grassy Terrain\n|-heal|p1b: Slowbro|65\/100|[from] item: Leftovers\n|upkeep\n|turn|7\n|\n|t:|1700087442\n|switch|p1a: Tauros|Tauros-Paldea-Blaze, L50, M|100\/100\n|-ability|p1a: Tauros|Intimidate|boost\n|-unboost|p2a: Ogerpon|atk|1\n|-unboost|p2b: Iron Hands|atk|1\n|move|p2a: Ogerpon|Follow Me|p2a: Ogerpon\n|-singleturn|p2a: Ogerpon|move: Follow Me\n|move|p2b: Iron Hands|Drain Punch|p1a: Tauros\n|-damage|p1a: Tauros|76\/100\n|-heal|p2b: Iron Hands|83\/100|[from] drain|[of] p1a: Tauros\n|move|p1b: Slowbro|Body Press|p2a: Ogerpon\n|-damage|p2a: Ogerpon|42\/100\n|\n|-heal|p1a: Tauros|82\/100|[from] Grassy Terrain\n|-heal|p2a: Ogerpon|48\/100|[from] Grassy Terrain\n|-heal|p2b: Iron Hands|89\/100|[from] Grassy Terrain\n|-heal|p1b: Slowbro|71\/100|[from] Grassy Terrain\n|-heal|p1b: Slowbro|77\/100|[from] item: Leftovers\n|upkeep\n|turn|8\n|\n|t:|1700087501\n|-end|p2b: Iron Hands|Quark Drive|[silent]\n|switch|p2b: Ursaluna|Ursaluna-Bloodmoon, L50, M|7\/100\n|move|p1a: Tauros|Protect|p1a: Tauros\n|-singleturn|p1a: Tauros|Protect\n|move|p2a: Ogerpon|Ivy Cudgel|p1a: Tauros|[anim] Ivy Cudgel Water\n|-activate|p1a: Tauros|move: Protect\n|move|p1b: Slowbro|Body Press|p2a: Ogerpon\n|-damage|p2a: Ogerpon|0 fnt\n|faint|p2a: Ogerpon\n|\n|-heal|p1a: Tauros|89\/100|[from] Grassy Terrain\n|-heal|p2b: Ursaluna|13\/100|[from] Grassy Terrain\n|-heal|p1b: Slowbro|83\/100|[from] Grassy Terrain\n|-heal|p1b: Slowbro|89\/100|[from] item: Leftovers\n|upkeep\n|\n|t:|1700087534\n|switch|p2a: Iron Hands|Iron Hands, L50|89\/100\n|turn|9\n|\n|t:|1700087579\n|-terastallize|p2b: Ursaluna|Normal\n|move|p1a: Tauros|Will-O-Wisp|p2a: Iron Hands\n|-status|p2a: Iron Hands|brn\n|move|p2a: Iron Hands|Wild Charge|p1b: Slowbro\n|-supereffective|p1b: Slowbro\n|-damage|p1b: Slowbro|76\/100\n|-damage|p2a: Iron Hands|87\/100 brn|[from] Recoil\n|move|p2b: Ursaluna|Hyper Voice|p1a: Tauros|[spread] p1a,p1b\n|-damage|p1a: Tauros|26\/100\n|-damage|p1b: Slowbro|37\/100\n|-enditem|p2b: Ursaluna|Throat Spray\n|-boost|p2b: Ursaluna|spa|1|[from] item: Throat Spray\n|move|p1b: Slowbro|Body Press|p2b: Ursaluna\n|-supereffective|p2b: Ursaluna\n|-damage|p2b: Ursaluna|0 fnt\n|faint|p2b: Ursaluna\n|\n|-heal|p1a: Tauros|32\/100|[from] Grassy Terrain\n|-heal|p2a: Iron Hands|92\/100 brn|[from] Grassy Terrain\n|-heal|p1b: Slowbro|43\/100|[from] Grassy Terrain\n|-heal|p1b: Slowbro|49\/100|[from] item: Leftovers\n|-damage|p2a: Iron Hands|87\/100 brn|[from] brn\n|-fieldend|move: Grassy Terrain\n|upkeep\n|turn|10\n|-message|CaptainLatios forfeited.\n|\n|win|Dumdunsparce\n|raw|Dumdunsparce's rating: 1338 &rarr; <strong>1361<\/strong><br \/>(+23 for winning)\n|raw|CaptainLatios's rating: 1385 &rarr; <strong>1362<\/strong><br \/>(-23 for losing)\n|l|\u2606CaptainLatios\n","uploadtime":1700087598,"views":13,"p1id":"dumdunsparce","p2id":"captainlatios","formatid":"gen9vgc2023regulatione","rating":1361,"private":0,"password":""}