{"id":"gen9vgc2023regulatione-1994445404","p1":"Efeo","p2":"TestGanon","format":"[Gen 9] VGC 2023 Regulation E","log":"|j|\u2606Efeo\n|j|\u2606TestGanon\n|t:|1700444761\n|gametype|doubles\n|player|p1|Efeo|pokemaniac|1156\n|player|p2|TestGanon|2|1163\n|teamsize|p1|6\n|teamsize|p2|6\n|gen|9\n|tier|[Gen 9] VGC 2023 Regulation E\n|rated|\n|rule|Species Clause: Limit one of each Pok\u00e9mon\n|rule|Item Clause: Limit one of each item\n|clearpoke\n|poke|p1|Chi-Yu, L50|\n|poke|p1|Ninetales-Alola, L50, F|\n|poke|p1|Munkidori, L50, M|\n|poke|p1|Ogerpon-Wellspring, L50, F|\n|poke|p1|Flutter Mane, L50|\n|poke|p1|Tornadus, L50, M|\n|poke|p2|Tornadus, L50, M|\n|poke|p2|Landorus, L50, M|\n|poke|p2|Sableye, L50, F|\n|poke|p2|Urshifu-*, L50, F|\n|poke|p2|Scizor, L50, M|\n|poke|p2|Appletun, L50, F|\n|teampreview|4\n|inactive|Battle timer is ON: inactive players will automatically lose when time's up. (requested by TestGanon)\n|\n|t:|1700444791\n|start\n|switch|p1a: Munkidori|Munkidori, L50, M|100\/100\n|switch|p1b: Chi-Yu|Chi-Yu, L50|100\/100\n|switch|p2a: Tornadus|Tornadus, L50, M|100\/100\n|switch|p2b: Sableye|Sableye, L50, F|100\/100\n|-ability|p1b: Chi-Yu|Beads of Ruin\n|-item|p2a: Tornadus|Covert Cloak|[from] ability: Frisk|[of] p1a: Munkidori|[identify]\n|-item|p2b: Sableye|Eject Button|[from] ability: Frisk|[of] p1a: Munkidori|[identify]\n|turn|1\n|inactive|Efeo has 30 seconds left.\n|\n|t:|1700444818\n|move|p2b: Sableye|Fake Out|p1b: Chi-Yu\n|-damage|p1b: Chi-Yu|91\/100\n|move|p2a: Tornadus|Rain Dance|p2a: Tornadus\n|-weather|RainDance\n|cant|p1b: Chi-Yu|flinch\n|move|p1a: Munkidori|Parting Shot|p2a: Tornadus\n|-unboost|p2a: Tornadus|atk|1\n|-unboost|p2a: Tornadus|spa|1\n|\n|t:|1700444826\n|switch|p1a: Tornadus|Tornadus, L50, M|100\/100|[from] Parting Shot\n|\n|-weather|RainDance|[upkeep]\n|upkeep\n|turn|2\n|inactive|TestGanon has 30 seconds left.\n|\n|t:|1700444852\n|switch|p2b: Appletun|Appletun, L50, F|100\/100\n|move|p1a: Tornadus|Sunny Day|p1a: Tornadus\n|-weather|SunnyDay\n|move|p1b: Chi-Yu|Heat Wave|p2a: Tornadus|[spread] p2a,p2b\n|-crit|p2a: Tornadus\n|-damage|p2a: Tornadus|0 fnt\n|-damage|p2b: Appletun|66\/100\n|faint|p2a: Tornadus\n|-damage|p1b: Chi-Yu|81\/100|[from] item: Life Orb\n|\n|-weather|SunnyDay|[upkeep]\n|-heal|p2b: Appletun|72\/100|[from] item: Leftovers\n|upkeep\n|\n|t:|1700444858\n|switch|p2a: Sableye|Sableye, L50, F|100\/100\n|turn|3\n|\n|t:|1700444874\n|move|p1b: Chi-Yu|Protect|p1b: Chi-Yu\n|-singleturn|p1b: Chi-Yu|Protect\n|move|p2a: Sableye|Disable|p1b: Chi-Yu\n|-activate|p1b: Chi-Yu|move: Protect\n|move|p1a: Tornadus|Bleakwind Storm|p2b: Appletun|[spread] \n|-miss|p1a: Tornadus|p2a: Sableye\n|-miss|p1a: Tornadus|p2b: Appletun\n|move|p2b: Appletun|Leech Seed|p1a: Tornadus\n|-start|p1a: Tornadus|move: Leech Seed\n|\n|-weather|SunnyDay|[upkeep]\n|-heal|p2b: Appletun|78\/100|[from] item: Leftovers\n|-damage|p1a: Tornadus|88\/100|[from] Leech Seed|[of] p2b: Appletun\n|-heal|p2b: Appletun|87\/100|[silent]\n|upkeep\n|turn|4\n|\n|t:|1700444894\n|move|p2a: Sableye|Disable|p1a: Tornadus\n|-start|p1a: Tornadus|Disable|Bleakwind Storm\n|cant|p1a: Tornadus|Disable|Bleakwind Storm\n|move|p1b: Chi-Yu|Fire Blast|p2a: Sableye\n|-damage|p2a: Sableye|0 fnt\n|faint|p2a: Sableye\n|-damage|p1b: Chi-Yu|71\/100|[from] item: Life Orb\n|move|p2b: Appletun|Leech Seed|p1b: Chi-Yu\n|-start|p1b: Chi-Yu|move: Leech Seed\n|\n|-weather|SunnyDay|[upkeep]\n|-heal|p2b: Appletun|93\/100|[from] item: Leftovers\n|-damage|p1a: Tornadus|76\/100|[from] Leech Seed|[of] p2b: Appletun\n|-heal|p2b: Appletun|100\/100|[silent]\n|-damage|p1b: Chi-Yu|59\/100|[from] Leech Seed|[of] p2b: Appletun\n|upkeep\n|\n|t:|1700444907\n|switch|p2a: Urshifu|Urshifu-Rapid-Strike, L50, F|100\/100\n|turn|5\n|\n|t:|1700444919\n|move|p1a: Tornadus|Tailwind|p1a: Tornadus\n|-sidestart|p1: Efeo|move: Tailwind\n|move|p1b: Chi-Yu|Fire Blast|p2a: Urshifu\n|-resisted|p2a: Urshifu\n|-damage|p2a: Urshifu|0 fnt\n|faint|p2a: Urshifu\n|-damage|p1b: Chi-Yu|49\/100|[from] item: Life Orb\n|move|p2b: Appletun|Leech Seed||[still]\n|-fail|p2b: Appletun\n|\n|-weather|SunnyDay|[upkeep]\n|-damage|p1a: Tornadus|64\/100|[from] Leech Seed|[of] p2b: Appletun\n|-damage|p1b: Chi-Yu|37\/100|[from] Leech Seed|[of] p2b: Appletun\n|upkeep\n|turn|6\n|\n|t:|1700444939\n|switch|p1a: Munkidori|Munkidori, L50, M|100\/100\n|-item|p2b: Appletun|Leftovers|[from] ability: Frisk|[of] p1a: Munkidori|[identify]\n|switch|p1b: Ogerpon|Ogerpon-Wellspring, L50, F|100\/100\n|move|p2b: Appletun|Gyro Ball|p1a: Munkidori\n|-damage|p1a: Munkidori|65\/100\n|\n|-weather|none\n|upkeep\n|turn|7\n|\n|t:|1700444959\n|move|p1b: Ogerpon|Follow Me|p1b: Ogerpon\n|-singleturn|p1b: Ogerpon|move: Follow Me\n|move|p1a: Munkidori|Sludge Bomb|p2b: Appletun\n|-supereffective|p2b: Appletun\n|-damage|p2b: Appletun|30\/100\n|move|p2b: Appletun|Apple Acid|p1b: Ogerpon\n|-damage|p1b: Ogerpon|73\/100\n|-unboost|p1b: Ogerpon|spd|1\n|\n|-heal|p2b: Appletun|36\/100|[from] item: Leftovers\n|upkeep\n|turn|8\n|\n|t:|1700444973\n|move|p1b: Ogerpon|Follow Me|p1b: Ogerpon\n|-singleturn|p1b: Ogerpon|move: Follow Me\n|move|p1a: Munkidori|Sludge Bomb|p2b: Appletun\n|-supereffective|p2b: Appletun\n|-damage|p2b: Appletun|0 fnt\n|faint|p2b: Appletun\n|\n|win|Efeo\n|raw|Efeo's rating: 1156 &rarr; <strong>1182<\/strong><br \/>(+26 for winning)\n|raw|TestGanon's rating: 1163 &rarr; <strong>1137<\/strong><br \/>(-26 for losing)\n|l|\u2606TestGanon\n","uploadtime":1700444986,"views":6,"p1id":"efeo","p2id":"testganon","formatid":"gen9vgc2023regulatione","rating":1137,"private":0,"password":""}