{"id":"gen9vgc2023regulatione-1989006869","p1":"Kojay","p2":"PixylMoon","format":"[Gen 9] VGC 2023 Regulation E","log":"|j|\u2606Kojay\n|j|\u2606PixylMoon\n|t:|1699801376\n|gametype|doubles\n|player|p1|Kojay|red-gen2|1412\n|player|p2|PixylMoon|101|1489\n|teamsize|p1|6\n|teamsize|p2|6\n|gen|9\n|tier|[Gen 9] VGC 2023 Regulation E\n|rated|\n|rule|Species Clause: Limit one of each Pok\u00e9mon\n|rule|Item Clause: Limit one of each item\n|clearpoke\n|poke|p1|Arcanine-Hisui, L50, F|\n|poke|p1|Chien-Pao, L50|\n|poke|p1|Urshifu-*, L50, M|\n|poke|p1|Ogerpon, L50, F|\n|poke|p1|Thundurus, L50, M|\n|poke|p1|Flutter Mane, L50|\n|poke|p2|Armarouge, L50, F|\n|poke|p2|Indeedee-F, L50, F|\n|poke|p2|Torkoal, L50, F|\n|poke|p2|Lilligant-Hisui, L50, F|\n|poke|p2|Ursaluna, L50, F|\n|poke|p2|Cresselia, L50, F|\n|teampreview|4\nPixylMoon has agreed to open team sheets.\nKojay has agreed to open team sheets.\n|inactive|Battle timer is ON: inactive players will automatically lose when time's up. (requested by PixylMoon)\n|\n|t:|1699801443\n|start\n|switch|p1a: Thundurus|Thundurus, L50, M|100\/100\n|switch|p1b: Urshifu|Urshifu-Rapid-Strike, L50, M|100\/100\n|switch|p2a: Lilligant|Lilligant-Hisui, L50, F, shiny|100\/100\n|switch|p2b: Torkoal|Torkoal, L50, F, shiny|100\/100\n|-weather|SunnyDay|[from] ability: Drought|[of] p2b: Torkoal\n|turn|1\n|inactive|Kojay has 30 seconds left.\n|inactive|Kojay has 20 seconds left.\n|inactive|Kojay has 15 seconds left.\n|\n|t:|1699801486\n|move|p1a: Thundurus|Thunder Wave|p2a: Lilligant\n|-status|p2a: Lilligant|par\n|move|p1b: Urshifu|Ice Spinner|p2a: Lilligant\n|-supereffective|p2a: Lilligant\n|-damage|p2a: Lilligant|5\/100 par\n|move|p2a: Lilligant|Solar Blade||[still]\n|-prepare|p2a: Lilligant|Solar Blade\n|-anim|p2a: Lilligant|Solar Blade|p1b: Urshifu\n|-supereffective|p1b: Urshifu\n|-damage|p1b: Urshifu|0 fnt\n|faint|p1b: Urshifu\n|move|p2b: Torkoal|Heat Wave|p1a: Thundurus\n|-damage|p1a: Thundurus|18\/100\n|\n|-weather|SunnyDay|[upkeep]\n|upkeep\n|inactive|Kojay has 30 seconds left.\n|\n|t:|1699801519\n|switch|p1b: Ogerpon|Ogerpon, L50, F|100\/100\n|turn|2\n|\n|t:|1699801536\n|switch|p2a: Armarouge|Armarouge, L50, F, shiny|100\/100\n|move|p1b: Ogerpon|Stomping Tantrum|p2b: Torkoal\n|-supereffective|p2b: Torkoal\n|-damage|p2b: Torkoal|44\/100\n|-damage|p1b: Ogerpon|91\/100|[from] item: Life Orb\n|move|p1a: Thundurus|Wildbolt Storm|p2a: Armarouge|[spread] p2a,p2b\n|-damage|p2a: Armarouge|66\/100\n|-damage|p2b: Torkoal|0 fnt\n|faint|p2b: Torkoal\n|\n|-weather|SunnyDay|[upkeep]\n|upkeep\n|\n|t:|1699801547\n|switch|p2b: Indeedee|Indeedee-F, L50, F, shiny|100\/100\n|-fieldstart|move: Psychic Terrain|[from] ability: Psychic Surge|[of] p2b: Indeedee\n|turn|3\n|inactive|Kojay has 30 seconds left.\n|inactive|Kojay has 20 seconds left.\n|inactive|Kojay has 15 seconds left.\n|\n|t:|1699801591\n|-terastallize|p2a: Armarouge|Grass\n|move|p2b: Indeedee|Follow Me|p2b: Indeedee\n|-singleturn|p2b: Indeedee|move: Follow Me\n|move|p1b: Ogerpon|Ivy Cudgel|p2b: Indeedee\n|-crit|p2b: Indeedee\n|-damage|p2b: Indeedee|0 fnt\n|faint|p2b: Indeedee\n|-damage|p1b: Ogerpon|82\/100|[from] item: Life Orb\n|move|p1a: Thundurus|Wildbolt Storm|p2a: Armarouge\n|-resisted|p2a: Armarouge\n|-damage|p2a: Armarouge|45\/100\n|move|p2a: Armarouge|Expanding Force|p1b: Ogerpon|[spread] p1a,p1b\n|-damage|p1a: Thundurus|0 fnt\n|-damage|p1b: Ogerpon|0 fnt\n|faint|p1a: Thundurus\n|faint|p1b: Ogerpon\n|-damage|p2a: Armarouge|35\/100|[from] item: Life Orb\n|\n|-weather|SunnyDay|[upkeep]\n|upkeep\n|\n|t:|1699801605\n|switch|p1b: Chien-Pao|Chien-Pao, L50|100\/100\n|switch|p2b: Lilligant|Lilligant-Hisui, L50, F, shiny|5\/100 par\n|-ability|p1b: Chien-Pao|Sword of Ruin\n|turn|4\n|inactive|Kojay has 30 seconds left.\n|inactive|Kojay has 20 seconds left.\n|inactive|Kojay has 15 seconds left.\n|\n|t:|1699801649\n|-terastallize|p1b: Chien-Pao|Ghost\n|move|p1b: Chien-Pao|Ice Spinner|p2b: Lilligant\n|-supereffective|p2b: Lilligant\n|-damage|p2b: Lilligant|0 fnt\n|-fieldend|move: Psychic Terrain\n|faint|p2b: Lilligant\n|move|p2a: Armarouge|Heat Wave|p1b: Chien-Pao\n|-enditem|p1b: Chien-Pao|Focus Sash\n|-damage|p1b: Chien-Pao|1\/100\n|-damage|p2a: Armarouge|25\/100|[from] item: Life Orb\n|\n|-weather|SunnyDay|[upkeep]\n|upkeep\n|turn|5\n|\n|t:|1699801657\n|move|p1b: Chien-Pao|Ice Spinner|p2a: Armarouge\n|-supereffective|p2a: Armarouge\n|-crit|p2a: Armarouge\n|-damage|p2a: Armarouge|0 fnt\n|faint|p2a: Armarouge\n|\n|win|Kojay\n|raw|Kojay's rating: 1412 &rarr; <strong>1436<\/strong><br \/>(+24 for winning)\n|raw|PixylMoon's rating: 1489 &rarr; <strong>1465<\/strong><br \/>(-24 for losing)\n|c|\u2606PixylMoon|gg\n","uploadtime":1699801664,"views":19,"p1id":"kojay","p2id":"pixylmoon","formatid":"gen9vgc2023regulatione","rating":1436,"private":0,"password":""}