{"id":"gen9vgc2023regulatione-1997459291","p1":"wonder gawd","p2":"zhz2021","format":"[Gen 9] VGC 2023 Regulation E","log":"|j|\u2606wonder gawd\n|j|\u2606zhz2021\n|t:|1700809004\n|gametype|doubles\n|player|p1|wonder gawd|170|1435\n|player|p2|zhz2021|marley|1557\n|teamsize|p1|6\n|teamsize|p2|6\n|gen|9\n|tier|[Gen 9] VGC 2023 Regulation E\n|rated|\n|rule|Species Clause: Limit one of each Pok\u00e9mon\n|rule|Item Clause: Limit one of each item\n|clearpoke\n|poke|p1|Basculegion-F, L50, F|\n|poke|p1|Tinkaton, L50, F|\n|poke|p1|Annihilape, L50, M|\n|poke|p1|Cloyster, L50, M|\n|poke|p1|Thundurus, L50, M|\n|poke|p1|Urshifu-*, L50, F|\n|poke|p2|Weezing-Galar, L50, F|\n|poke|p2|Flutter Mane, L50|\n|poke|p2|Roaring Moon, L50|\n|poke|p2|Iron Hands, L50|\n|poke|p2|Brambleghast, L50, M|\n|poke|p2|Maushold-Four, L50|\n|teampreview|4\n|inactive|Battle timer is ON: inactive players will automatically lose when time's up. (requested by wonder gawd)\n|\n|t:|1700809023\n|start\n|switch|p1a: Who?|Thundurus, L50, M, shiny|100\/100\n|switch|p1b: OJ Simp|Annihilape, L50, M|100\/100\n|switch|p2a: Victroria Moon|Roaring Moon, L50|100\/100\n|switch|p2b: Gladstone&Disraeli|Weezing-Galar, L50, F|100\/100\n|-ability|p2b: Gladstone&Disraeli|Neutralizing Gas\n|-enditem|p2a: Victroria Moon|Booster Energy\n|-activate|p2a: Victroria Moon|ability: Protosynthesis|[fromitem]\n|-start|p2a: Victroria Moon|protosynthesisspe\n|turn|1\n|j| 5Sscreen\n|inactive|wonder gawd has 30 seconds left.\n|inactive|wonder gawd has 20 seconds left.\n|\n|t:|1700809060\n|move|p2a: Victroria Moon|Acrobatics|p1b: OJ Simp\n|-supereffective|p1b: OJ Simp\n|-damage|p1b: OJ Simp|21\/100\n|move|p1b: OJ Simp|Final Gambit|p2a: Victroria Moon\n|-damage|p2a: Victroria Moon|75\/100\n|faint|p1b: OJ Simp\n|move|p1a: Who?|Scary Face|p2a: Victroria Moon\n|-unboost|p2a: Victroria Moon|spe|2\n|move|p2b: Gladstone&Disraeli|Taunt|p1a: Who?\n|-start|p1a: Who?|move: Taunt\n|-enditem|p1a: Who?|Mental Herb\n|-end|p1a: Who?|move: Taunt\n|\n|upkeep\n|\n|t:|1700809074\n|switch|p1b: Twinkaton|Tinkaton, L50, F|100\/100\n|turn|2\n|\n|t:|1700809092\n|-terastallize|p2a: Victroria Moon|Ghost\n|move|p1a: Who?|Wildbolt Storm|p2a: Victroria Moon|[spread] p2a,p2b\n|-damage|p2a: Victroria Moon|40\/100\n|-damage|p2b: Gladstone&Disraeli|45\/100\n|-status|p2a: Victroria Moon|par\n|move|p1b: Twinkaton|Gigaton Hammer|p2a: Victroria Moon\n|-damage|p2a: Victroria Moon|0 fnt\n|faint|p2a: Victroria Moon\n|-end|p2a: Victroria Moon|Protosynthesis|[silent]\n|-damage|p1b: Twinkaton|91\/100|[from] item: Life Orb\n|move|p2b: Gladstone&Disraeli|Taunt|p1a: Who?\n|-start|p1a: Who?|move: Taunt\n|\n|upkeep\n|\n|t:|1700809097\n|switch|p2a: Brambleghast|Brambleghast, L50, M|100\/100\n|turn|3\n|inactive|wonder gawd has 30 seconds left.\n|\n|t:|1700809123\n|switch|p1a: The Pianist|Urshifu-Rapid-Strike, L50, F|100\/100\n|move|p2a: Brambleghast|Protect|p2a: Brambleghast\n|-singleturn|p2a: Brambleghast|Protect\n|move|p1b: Twinkaton|Knock Off|p2a: Brambleghast\n|-activate|p2a: Brambleghast|move: Protect\n|move|p2b: Gladstone&Disraeli|Will-O-Wisp|p1b: Twinkaton|[miss]\n|-miss|p2b: Gladstone&Disraeli|p1b: Twinkaton\n|\n|upkeep\n|turn|4\n|\n|t:|1700809148\n|switch|p1a: Who?|Thundurus, L50, M, shiny|100\/100\n|move|p1b: Twinkaton|Knock Off|p2a: Brambleghast\n|-supereffective|p2a: Brambleghast\n|-crit|p2a: Brambleghast\n|-damage|p2a: Brambleghast|0 fnt\n|-enditem|p2a: Brambleghast|Life Orb|[from] move: Knock Off|[of] p1b: Twinkaton\n|faint|p2a: Brambleghast\n|-damage|p1b: Twinkaton|81\/100|[from] item: Life Orb\n|move|p2b: Gladstone&Disraeli|Will-O-Wisp|p1b: Twinkaton\n|-status|p1b: Twinkaton|brn\n|\n|-damage|p1b: Twinkaton|75\/100 brn|[from] brn\n|upkeep\n|\n|t:|1700809152\n|switch|p2a: Arcueid|Flutter Mane, L50|100\/100\n|turn|5\n|inactive|wonder gawd has 30 seconds left.\n|\n|t:|1700809181\n|move|p2a: Arcueid|Moonblast|p1a: Who?\n|-damage|p1a: Who?|0 fnt\n|faint|p1a: Who?\n|move|p1b: Twinkaton|Gigaton Hammer|p2b: Gladstone&Disraeli\n|-supereffective|p2b: Gladstone&Disraeli\n|-damage|p2b: Gladstone&Disraeli|0 fnt\n|faint|p2b: Gladstone&Disraeli\n|-end|p2b: Gladstone&Disraeli|ability: Neutralizing Gas\n|-damage|p1b: Twinkaton|65\/100 brn|[from] item: Life Orb\n|\n|-damage|p1b: Twinkaton|59\/100 brn|[from] brn\n|upkeep\n|\n|t:|1700809190\n|switch|p1a: The Pianist|Urshifu-Rapid-Strike, L50, F|100\/100\n|turn|6\n|\n|t:|1700809203\n|-terastallize|p1a: The Pianist|Water\n|move|p2a: Arcueid|Moonblast|p1a: The Pianist\n|-damage|p1a: The Pianist|0 fnt\n|faint|p1a: The Pianist\n|move|p1b: Twinkaton|Knock Off|p2a: Arcueid\n|-damage|p2a: Arcueid|71\/100\n|-enditem|p2a: Arcueid|Choice Specs|[from] move: Knock Off|[of] p1b: Twinkaton\n|-damage|p1b: Twinkaton|49\/100 brn|[from] item: Life Orb\n|\n|-damage|p1b: Twinkaton|43\/100 brn|[from] brn\n|upkeep\n|turn|7\n|\n|t:|1700809215\n|move|p2a: Arcueid|Shadow Ball|p1b: Twinkaton\n|-damage|p1b: Twinkaton|2\/100 brn\n|move|p1b: Twinkaton|Gigaton Hammer|p2a: Arcueid\n|-supereffective|p2a: Arcueid\n|-damage|p2a: Arcueid|0 fnt\n|faint|p2a: Arcueid\n|-end|p2a: Arcueid|Protosynthesis|[silent]\n|-damage|p1b: Twinkaton|0 fnt|[from] item: Life Orb\n|faint|p1b: Twinkaton\n|\n|win|wonder gawd\n|raw|wonder gawd's rating: 1435 &rarr; <strong>1460<\/strong><br \/>(+25 for winning)\n|raw|zhz2021's rating: 1532 &rarr; <strong>1507<\/strong><br \/>(-25 for losing)\n|l|\u2606zhz2021\n|l|\u2606wonder gawd\n","uploadtime":1700809290,"views":7,"p1id":"wondergawd","p2id":"zhz2021","formatid":"gen9vgc2023regulatione","rating":1460,"private":0,"password":""}