{"id":"gen9vgc2023regulatione-1988696388","p1":"Y4kle","p2":"Obut999","format":"[Gen 9] VGC 2023 Regulation E","log":"|j|\u2606Y4kle\n|j|\u2606Obut999\n|t:|1699751815\n|gametype|doubles\n|player|p1|Y4kle|bugcatcher-gen4dp|1304\n|player|p2|Obut999|clerk-boss|1267\n|teamsize|p1|6\n|teamsize|p2|6\n|gen|9\n|tier|[Gen 9] VGC 2023 Regulation E\n|rated|\n|rule|Species Clause: Limit one of each Pok\u00e9mon\n|rule|Item Clause: Limit one of each item\n|clearpoke\n|poke|p1|Tornadus, L50, M|\n|poke|p1|Arcanine-Hisui, L50, M|\n|poke|p1|Dragonite, L50, F|\n|poke|p1|Heatran, L50, M|\n|poke|p1|Amoonguss, L50, F|\n|poke|p1|Maushold, L50|\n|poke|p2|Spiritomb, L50, F|\n|poke|p2|Hariyama, L50, F|\n|poke|p2|Torkoal, L50, F|\n|poke|p2|Annihilape, L50, F|\n|poke|p2|Meowscarada, L50, M|\n|poke|p2|Gastrodon, L50, F|\n|teampreview|4\n|inactive|Battle timer is ON: inactive players will automatically lose when time's up. (requested by Obut999)\n|\n|t:|1699751873\n|start\n|switch|p1a: Dragonite|Dragonite, L50, F|100\/100\n|switch|p1b: Amoonguss|Amoonguss, L50, F|100\/100\n|switch|p2a: Spiritomb|Spiritomb, L50, F|100\/100\n|switch|p2b: Annihilape|Annihilape, L50, F|100\/100\n|turn|1\n|\n|t:|1699751892\n|move|p2b: Annihilape|Final Gambit|p1b: Amoonguss\n|-damage|p1b: Amoonguss|2\/100\n|faint|p2b: Annihilape\n|move|p1a: Dragonite|Dragon Dance|p1a: Dragonite\n|-boost|p1a: Dragonite|atk|1\n|-boost|p1a: Dragonite|spe|1\n|move|p1b: Amoonguss|Spore|p2a: Spiritomb\n|-status|p2a: Spiritomb|slp|[from] move: Spore\n|cant|p2a: Spiritomb|slp\n|\n|upkeep\n|\n|t:|1699751902\n|switch|p2b: Gastrodon|Gastrodon, L50, F|100\/100\n|turn|2\n|\n|t:|1699751912\n|move|p2b: Gastrodon|Protect|p2b: Gastrodon\n|-singleturn|p2b: Gastrodon|Protect\n|move|p1a: Dragonite|Scale Shot|p2a: Spiritomb\n|-damage|p2a: Spiritomb|81\/100 slp\n|-damage|p2a: Spiritomb|60\/100 slp\n|-damage|p2a: Spiritomb|39\/100 slp\n|-damage|p2a: Spiritomb|18\/100 slp\n|-damage|p2a: Spiritomb|0 fnt\n|faint|p2a: Spiritomb\n|-hitcount|p2: Spiritomb|5\n|-unboost|p1a: Dragonite|def|1\n|-boost|p1a: Dragonite|spe|1\n|move|p1b: Amoonguss|Spore|p2b: Gastrodon\n|-activate|p2b: Gastrodon|move: Protect\n|\n|upkeep\n|\n|t:|1699751925\n|switch|p2a: Torkoal|Torkoal, L50, F|100\/100\n|-weather|SunnyDay|[from] ability: Drought|[of] p2a: Torkoal\n|turn|3\n|\n|t:|1699751945\n|move|p2a: Torkoal|Protect|p2a: Torkoal\n|-singleturn|p2a: Torkoal|Protect\n|move|p1a: Dragonite|Scale Shot|p2b: Gastrodon\n|-damage|p2b: Gastrodon|84\/100\n|-damage|p2b: Gastrodon|67\/100\n|-damage|p2b: Gastrodon|47\/100\n|-damage|p2b: Gastrodon|30\/100\n|-damage|p2b: Gastrodon|11\/100\n|-hitcount|p2b: Gastrodon|5\n|-unboost|p1a: Dragonite|def|1\n|-boost|p1a: Dragonite|spe|1\n|move|p1b: Amoonguss|Spore|p2a: Torkoal\n|-activate|p2a: Torkoal|move: Protect\n|move|p2b: Gastrodon|Ice Beam|p1a: Dragonite\n|-supereffective|p1a: Dragonite\n|-damage|p1a: Dragonite|67\/100\n|\n|-weather|SunnyDay|[upkeep]\n|-heal|p2b: Gastrodon|17\/100|[from] item: Leftovers\n|upkeep\n|turn|4\n|\n|t:|1699751970\n|-terastallize|p2a: Torkoal|Fire\n|move|p1b: Amoonguss|Protect|p1b: Amoonguss\n|-singleturn|p1b: Amoonguss|Protect\n|move|p1a: Dragonite|Earthquake|p2a: Torkoal|[spread] p2a,p2b\n|-activate|p1b: Amoonguss|move: Protect\n|-supereffective|p2a: Torkoal\n|-damage|p2a: Torkoal|41\/100\n|-damage|p2b: Gastrodon|0 fnt\n|faint|p2b: Gastrodon\n|move|p2a: Torkoal|Eruption|p1b: Amoonguss|[spread] p1a\n|-activate|p1b: Amoonguss|move: Protect\n|-resisted|p1a: Dragonite\n|-crit|p1a: Dragonite\n|-damage|p1a: Dragonite|35\/100\n|\n|-weather|SunnyDay|[upkeep]\n|upkeep\n|turn|5\n|-message|Obut999 forfeited.\n|\n|win|Y4kle\n|raw|Y4kle's rating: 1304 &rarr; <strong>1322<\/strong><br \/>(+18 for winning)\n|raw|Obut999's rating: 1267 &rarr; <strong>1245<\/strong><br \/>(-22 for losing)\n|l|\u2606Obut999\n","uploadtime":1699751989,"views":19,"p1id":"y4kle","p2id":"obut999","formatid":"gen9vgc2023regulatione","rating":1245,"private":0,"password":""}