{"id":"gen9vgc2023regulatione-1997395137","p1":"SuspiciousHyperion","p2":"soberlyquoting","format":"[Gen 9] VGC 2023 Regulation E","log":"|j|\u2606SuspiciousHyperion\n|j|\u2606soberlyquoting\n|t:|1700798606\n|gametype|doubles\n|player|p1|SuspiciousHyperion|1|\n|player|p2|soberlyquoting|leaf-masters|\n|teamsize|p1|6\n|teamsize|p2|6\n|gen|9\n|tier|[Gen 9] VGC 2023 Regulation E\n|rule|Species Clause: Limit one of each Pok\u00e9mon\n|rule|Item Clause: Limit one of each item\n|clearpoke\n|poke|p1|Cetitan, L50, M|\n|poke|p1|Maushold-Four, L50|\n|poke|p1|Farigiraf, L50, M|\n|poke|p1|Kingambit, L50, F|\n|poke|p1|Volcarona, L50, M|\n|poke|p1|Flutter Mane, L50|\n|poke|p2|Garchomp, L50, F|\n|poke|p2|Urshifu-*, L50, F|\n|poke|p2|Florges-Yellow, L50, F|\n|poke|p2|Iron Hands, L50|\n|poke|p2|Heatran, L50, F|\n|poke|p2|Landorus-Therian, L50, M|\n|teampreview|4\n|\n|t:|1700798631\n|start\n|switch|p1a: Ralph|Farigiraf, L50, M|100\/100\n|switch|p1b: Kingambit|Kingambit, L50, F|100\/100\n|switch|p2a: Sharkiplier|Garchomp, L50, F|100\/100\n|switch|p2b: Walkin on the|Landorus-Therian, L50, M|100\/100\n|-ability|p2b: Walkin on the|Intimidate|boost\n|-unboost|p1a: Ralph|atk|1\n|-unboost|p1b: Kingambit|atk|1\n|turn|1\n|inactive|Battle timer is ON: inactive players will automatically lose when time's up. (requested by SuspiciousHyperion)\n|\n|t:|1700798640\n|move|p1b: Kingambit|Protect|p1b: Kingambit\n|-singleturn|p1b: Kingambit|Protect\n|move|p2a: Sharkiplier|Earthquake|p1b: Kingambit|[spread] p1a\n|-activate|p1b: Kingambit|move: Protect\n|-immune|p2b: Walkin on the\n|-damage|p1a: Ralph|66\/100\n|move|p2b: Walkin on the|U-turn|p1a: Ralph\n|-supereffective|p1a: Ralph\n|-damage|p1a: Ralph|13\/100\n|\n|t:|1700798651\n|switch|p2b: Bara|Urshifu, L50, F|100\/100|[from] U-turn\n|move|p1a: Ralph|Trick Room|p1a: Ralph\n|-fieldstart|move: Trick Room|[of] p1a: Ralph\n|\n|upkeep\n|turn|2\n|\n|t:|1700798667\n|switch|p2b: Walkin on the|Landorus-Therian, L50, M|100\/100\n|-ability|p2b: Walkin on the|Intimidate|boost\n|-unboost|p1a: Ralph|atk|1\n|-unboost|p1b: Kingambit|atk|1\n|-terastallize|p1b: Kingambit|Flying\n|move|p1a: Ralph|Helping Hand|p1b: Kingambit\n|-singleturn|p1b: Kingambit|Helping Hand|[of] p1a: Ralph\n|move|p1b: Kingambit|Kowtow Cleave|p2a: Sharkiplier\n|-damage|p2a: Sharkiplier|53\/100\n|-damage|p1b: Kingambit|91\/100|[from] item: Life Orb\n|move|p2a: Sharkiplier|Earthquake|p1b: Kingambit|[spread] p1a\n|-immune|p2b: Walkin on the\n|-immune|p1b: Kingambit\n|-damage|p1a: Ralph|0 fnt\n|faint|p1a: Ralph\n|\n|upkeep\n|\n|t:|1700798680\n|switch|p1a: Maushold|Maushold-Four, L50|100\/100\n|turn|3\n|\n|t:|1700798699\n|move|p1a: Maushold|Protect|p1a: Maushold\n|-singleturn|p1a: Maushold|Protect\n|move|p1b: Kingambit|Kowtow Cleave|p2a: Sharkiplier\n|-damage|p2a: Sharkiplier|21\/100\n|-enditem|p2a: Sharkiplier|Aguav Berry|[eat]\n|-heal|p2a: Sharkiplier|55\/100|[from] item: Aguav Berry\n|-damage|p1b: Kingambit|81\/100|[from] item: Life Orb\n|move|p2b: Walkin on the|Stone Edge|p1b: Kingambit\n|-supereffective|p1b: Kingambit\n|-crit|p1b: Kingambit\n|-damage|p1b: Kingambit|18\/100\n|move|p2a: Sharkiplier|Scale Shot|p1a: Maushold\n|-activate|p1a: Maushold|move: Protect\n|\n|upkeep\n|turn|4\n|inactive|SuspiciousHyperion has 30 seconds left.\n|inactive|soberlyquoting has 30 seconds left.\n|\n|t:|1700798731\n|move|p1a: Maushold|Protect||[still]\n|-fail|p1a: Maushold\n|move|p1b: Kingambit|Kowtow Cleave|p2a: Sharkiplier\n|-damage|p2a: Sharkiplier|21\/100\n|-damage|p1b: Kingambit|8\/100|[from] item: Life Orb\n|move|p2b: Walkin on the|Stone Edge|p1b: Kingambit\n|-supereffective|p1b: Kingambit\n|-damage|p1b: Kingambit|0 fnt\n|faint|p1b: Kingambit\n|-end|p1b: Kingambit|fallenundefined|[silent]\n|move|p2a: Sharkiplier|Scale Shot|p1a: Maushold\n|-crit|p1a: Maushold\n|-damage|p1a: Maushold|77\/100\n|-damage|p1a: Maushold|62\/100\n|-damage|p1a: Maushold|46\/100\n|-hitcount|p1a: Maushold|3\n|-unboost|p2a: Sharkiplier|def|1\n|-boost|p2a: Sharkiplier|spe|1\n|\n|upkeep\n|\n|t:|1700798742\n|switch|p1b: Cetitan|Cetitan, L50, M|100\/100\n|turn|5\n|\n|t:|1700798756\n|move|p1a: Maushold|Follow Me|p1a: Maushold\n|-singleturn|p1a: Maushold|move: Follow Me\n|move|p1b: Cetitan|Belly Drum|p1b: Cetitan\n|-damage|p1b: Cetitan|50\/100\n|-setboost|p1b: Cetitan|atk|6|[from] move: Belly Drum\n|-enditem|p1b: Cetitan|Sitrus Berry|[eat]\n|-heal|p1b: Cetitan|75\/100|[from] item: Sitrus Berry\n|move|p2b: Walkin on the|Stone Edge|p1a: Maushold\n|-damage|p1a: Maushold|2\/100\n|move|p2a: Sharkiplier|Earthquake|p1a: Maushold|[spread] p1a,p1b\n|-immune|p2b: Walkin on the\n|-damage|p1a: Maushold|0 fnt\n|-damage|p1b: Cetitan|50\/100\n|faint|p1a: Maushold\n|\n|-fieldend|move: Trick Room\n|upkeep\n|turn|6\n|inactive|SuspiciousHyperion has 30 seconds left.\n|inactive|soberlyquoting has 30 seconds left.\n|inactive|SuspiciousHyperion has 20 seconds left.\n|inactive|soberlyquoting has 20 seconds left.\n|inactive|soberlyquoting has 15 seconds left.\n|\n|t:|1700798798\n|move|p1b: Cetitan|Ice Shard|p2b: Walkin on the\n|-supereffective|p2b: Walkin on the\n|-damage|p2b: Walkin on the|0 fnt\n|faint|p2b: Walkin on the\n|move|p2a: Sharkiplier|Crunch|p1b: Cetitan\n|-damage|p1b: Cetitan|27\/100\n|\n|upkeep\n|\n|t:|1700798801\n|switch|p2b: Kabe-don|Iron Hands, L50|100\/100\n|-enditem|p2b: Kabe-don|Booster Energy\n|-activate|p2b: Kabe-don|ability: Quark Drive|[fromitem]\n|-start|p2b: Kabe-don|quarkdriveatk\n|turn|7\n|\n|t:|1700798815\n|move|p2b: Kabe-don|Fake Out|p1b: Cetitan\n|-damage|p1b: Cetitan|7\/100\n|move|p2a: Sharkiplier|Crunch|p1b: Cetitan\n|-damage|p1b: Cetitan|0 fnt\n|faint|p1b: Cetitan\n|\n|win|soberlyquoting\n|l|\u2606SuspiciousHyperion\n","uploadtime":1700798823,"views":5,"p1id":"suspicioushyperion","p2id":"soberlyquoting","formatid":"gen9vgc2023regulatione","rating":0,"private":0,"password":""}