{"id":"gen9vgc2023regulatione-2000567179","p1":"VillagerZz","p2":"kwelpsy","format":"[Gen 9] VGC 2023 Regulation E","log":"|j|\u2606VillagerZz\n|j|\u2606kwelpsy\n|t:|1701206020\n|gametype|doubles\n|player|p1|VillagerZz|1|1145\n|player|p2|kwelpsy|265|1236\n|teamsize|p1|6\n|teamsize|p2|6\n|gen|9\n|tier|[Gen 9] VGC 2023 Regulation E\n|rated|\n|rule|Species Clause: Limit one of each Pok\u00e9mon\n|rule|Item Clause: Limit one of each item\n|clearpoke\n|poke|p1|Gliscor, L50, M|\n|poke|p1|Gastrodon-East, L50, F|\n|poke|p1|Tyranitar, L50, F|\n|poke|p1|Ogerpon-Cornerstone, L50, F|\n|poke|p1|Gothitelle, L50, F|\n|poke|p1|Heatran, L50, M|\n|poke|p2|Chi-Yu, L50|\n|poke|p2|Pelipper, L50, F|\n|poke|p2|Dragonite, L50, M|\n|poke|p2|Goodra-Hisui, L50, F|\n|poke|p2|Sableye, L50, M|\n|poke|p2|Dragapult, L50, F|\n|teampreview|4\n|inactive|Battle timer is ON: inactive players will automatically lose when time's up. (requested by VillagerZz)\nkwelpsy rejected open team sheets.\n|inactive|VillagerZz has 60 seconds left.\n|inactive|VillagerZz has 30 seconds left.\n|\n|t:|1701206083\n|start\n|switch|p1a: Ogerpon|Ogerpon-Cornerstone, L50, F|100\/100\n|switch|p1b: Gothitelle|Gothitelle, L50, F|100\/100\n|switch|p2a: Chi-Yu|Chi-Yu, L50|100\/100\n|switch|p2b: Sableye|Sableye, L50, M|100\/100\n|-ability|p2a: Chi-Yu|Beads of Ruin\n|turn|1\n|inactive|VillagerZz has 30 seconds left.\n|\n|t:|1701206109\n|move|p2a: Chi-Yu|Protect|p2a: Chi-Yu\n|-singleturn|p2a: Chi-Yu|Protect\n|move|p1a: Ogerpon|Spiky Shield|p1a: Ogerpon\n|-singleturn|p1a: Ogerpon|move: Protect\n|move|p2b: Sableye|Taunt|p1b: Gothitelle\n|-start|p1b: Gothitelle|move: Taunt\n|cant|p1b: Gothitelle|move: Taunt|Trick Room\n|\n|upkeep\n|turn|2\n|\n|t:|1701206131\n|switch|p1b: Tyranitar|Tyranitar, L50, F|100\/100\n|-weather|Sandstorm|[from] ability: Sand Stream|[of] p1b: Tyranitar\n|-terastallize|p1a: Ogerpon|Rock\n|detailschange|p1a: Ogerpon|Ogerpon-Cornerstone-Tera, L50, F, tera:Rock\n|-ability|p1a: Ogerpon|Embody Aspect (Cornerstone)|boost\n|-boost|p1a: Ogerpon|def|1\n|move|p2b: Sableye|Helping Hand|p2a: Chi-Yu\n|-singleturn|p2a: Chi-Yu|Helping Hand|[of] p2b: Sableye\n|move|p2a: Chi-Yu|Heat Wave|p1a: Ogerpon|[spread] p1a,p1b\n|-resisted|p1a: Ogerpon\n|-resisted|p1b: Tyranitar\n|-damage|p1a: Ogerpon|73\/100\n|-damage|p1b: Tyranitar|86\/100\n|move|p1a: Ogerpon|Ivy Cudgel|p2a: Chi-Yu|[anim] Ivy Cudgel Rock\n|-supereffective|p2a: Chi-Yu\n|-damage|p2a: Chi-Yu|0 fnt\n|faint|p2a: Chi-Yu\n|\n|-weather|Sandstorm|[upkeep]\n|-damage|p2b: Sableye|95\/100|[from] Sandstorm\n|upkeep\n|\n|t:|1701206148\n|switch|p2a: Dragonite|Dragonite, L50, M|100\/100\n|turn|3\n|inactive|kwelpsy has 30 seconds left.\n|\n|t:|1701206177\n|-terastallize|p2a: Dragonite|Ghost\n|move|p2b: Sableye|Quash|p1a: Ogerpon\n|-activate|p1a: Ogerpon|move: Quash\n|move|p2a: Dragonite|Thunder|p1a: Ogerpon\n|-damage|p1a: Ogerpon|51\/100\n|move|p1b: Tyranitar|Crunch|p2b: Sableye\n|-damage|p2b: Sableye|40\/100\n|move|p1a: Ogerpon|Ivy Cudgel|p2a: Dragonite|[anim] Ivy Cudgel Rock\n|-damage|p2a: Dragonite|69\/100\n|\n|-weather|Sandstorm|[upkeep]\n|-damage|p2a: Dragonite|64\/100|[from] Sandstorm\n|-damage|p2b: Sableye|34\/100|[from] Sandstorm\n|upkeep\n|turn|4\n|\n|t:|1701206200\n|move|p2b: Sableye|Quash|p1a: Ogerpon\n|-activate|p1a: Ogerpon|move: Quash\n|move|p2a: Dragonite|Thunder|p1a: Ogerpon\n|-damage|p1a: Ogerpon|27\/100\n|move|p1b: Tyranitar|Crunch|p2a: Dragonite\n|-supereffective|p2a: Dragonite\n|-damage|p2a: Dragonite|0 fnt\n|faint|p2a: Dragonite\n|move|p1a: Ogerpon|Horn Leech|p2b: Sableye\n|-damage|p2b: Sableye|0 fnt\n|-heal|p1a: Ogerpon|44\/100|[from] drain|[of] p2b: Sableye\n|faint|p2b: Sableye\n|\n|-weather|Sandstorm|[upkeep]\n|upkeep\n|\n|t:|1701206208\n|switch|p2b: Dragapult|Dragapult, L50, F|100\/100\n|turn|5\n|-message|kwelpsy forfeited.\n|\n|win|VillagerZz\n|raw|VillagerZz's rating: 1145 &rarr; <strong>1176<\/strong><br \/>(+31 for winning)\n|raw|kwelpsy's rating: 1236 &rarr; <strong>1205<\/strong><br \/>(-31 for losing)\n|l|\u2606kwelpsy\n","uploadtime":1701206224,"views":1,"p1id":"villagerzz","p2id":"kwelpsy","formatid":"gen9vgc2023regulatione","rating":1176,"private":0,"password":""}