{"id":"gen9vgc2023regulatione-1988368137","p1":"PritzShow","p2":"Specs Hex Pex","format":"[Gen 9] VGC 2023 Regulation E","log":"|j|\u2606PritzShow\n|j|\u2606Specs Hex Pex\n|n|\u2606PritzShow|pritzshow\n|n|\u2606Specs Hex Pex|specshexpex\n|html|View the match progress at <a href=\"\/game-bestof3-gen9vgc2023regulatione-1988368136\">game-bestof3-gen9vgc2023regulatione-1988368136<\/a>\n|t:|1699714806\n|gametype|doubles\n|player|p1|PritzShow|fisherman-gen4|\n|player|p2|Specs Hex Pex|lady|\n|teamsize|p1|6\n|teamsize|p2|6\n|gen|9\n|tier|[Gen 9] VGC 2023 Regulation E\n|rule|Species Clause: Limit one of each Pok\u00e9mon\n|rule|Item Clause: Limit one of each item\n|clearpoke\n|poke|p1|Rillaboom, L50, F|\n|poke|p1|Milotic, L50, M|\n|poke|p1|Arcanine, L50, M|\n|poke|p1|Ting-Lu, L50|\n|poke|p1|Zapdos, L50|\n|poke|p1|Eiscue, L50, M|\n|poke|p2|Goodra-Hisui, L50, M|\n|poke|p2|Mismagius, L50, F|\n|poke|p2|Moltres-Galar, L50|\n|poke|p2|Amoonguss, L50, M|\n|poke|p2|Bronzong, L50|\n|poke|p2|Ursaluna, L50, M|\n|teampreview|4\n|inactive|Battle timer is ON: inactive players will automatically lose when time's up. (requested by PritzShow)\n|c|\u2606PritzShow|gl hf\n|c|\u2606Specs Hex Pex|gl hf\n|\n|t:|1699714834\n|start\n|switch|p1a: Rillaboom|Rillaboom, L50, F|100\/100\n|switch|p1b: Milotic|Milotic, L50, M|100\/100\n|switch|p2a: Goodra|Goodra-Hisui, L50, M|100\/100\n|switch|p2b: Mismagius|Mismagius, L50, F|100\/100\n|-fieldstart|move: Grassy Terrain|[from] ability: Grassy Surge|[of] p1a: Rillaboom\n|-enditem|p1a: Rillaboom|Grassy Seed\n|-boost|p1a: Rillaboom|def|1|[from] item: Grassy Seed\n|turn|1\n|\n|t:|1699714860\n|move|p2b: Mismagius|Taunt|p1b: Milotic\n|-start|p1b: Milotic|move: Taunt\n|move|p1a: Rillaboom|Taunt|p2a: Goodra\n|-start|p2a: Goodra|move: Taunt\n|cant|p1b: Milotic|move: Taunt|Coil\n|cant|p2a: Goodra|move: Taunt|Acid Armor\n|\n|upkeep\n|turn|2\n|\n|t:|1699714882\n|switch|p2b: Amoonguss|Amoonguss, L50, M|100\/100\n|switch|p1b: Ting-Lu|Ting-Lu, L50|100\/100\n|-ability|p1b: Ting-Lu|Vessel of Ruin\n|move|p1a: Rillaboom|Wood Hammer|p2b: Amoonguss\n|-resisted|p2b: Amoonguss\n|-damage|p2b: Amoonguss|85\/100\n|-damage|p1a: Rillaboom|95\/100|[from] Recoil\n|move|p2a: Goodra|Body Press|p1b: Ting-Lu\n|-supereffective|p1b: Ting-Lu\n|-damage|p1b: Ting-Lu|72\/100\n|\n|-heal|p1a: Rillaboom|100\/100|[from] Grassy Terrain\n|-heal|p1b: Ting-Lu|78\/100|[from] Grassy Terrain\n|-heal|p1b: Ting-Lu|84\/100|[from] item: Leftovers\n|-heal|p2b: Amoonguss|90\/100|[from] Grassy Terrain\n|upkeep\n|turn|3\n|inactive|Specs Hex Pex has 30 seconds left.\n|\n|t:|1699714912\n|switch|p2a: Mismagius|Mismagius, L50, F|100\/100\n|move|p1a: Rillaboom|Taunt|p2b: Amoonguss\n|-start|p2b: Amoonguss|move: Taunt\n|move|p1b: Ting-Lu|Ruination|p2a: Mismagius|[miss]\n|-miss|p1b: Ting-Lu|p2a: Mismagius\n|move|p2b: Amoonguss|Pollen Puff|p1a: Rillaboom\n|-supereffective|p1a: Rillaboom\n|-crit|p1a: Rillaboom\n|-damage|p1a: Rillaboom|55\/100\n|\n|-heal|p1a: Rillaboom|61\/100|[from] Grassy Terrain\n|-heal|p1b: Ting-Lu|91\/100|[from] Grassy Terrain\n|-heal|p1b: Ting-Lu|97\/100|[from] item: Leftovers\n|-heal|p2b: Amoonguss|96\/100|[from] Grassy Terrain\n|upkeep\n|turn|4\n|inactive|PritzShow has 30 seconds left.\n|inactive|Specs Hex Pex has 30 seconds left.\n|\n|t:|1699714944\n|move|p2a: Mismagius|Taunt|p1a: Rillaboom\n|-start|p1a: Rillaboom|move: Taunt\n|move|p1a: Rillaboom|Wood Hammer|p2a: Mismagius\n|-enditem|p2a: Mismagius|Focus Sash\n|-damage|p2a: Mismagius|1\/100\n|-damage|p1a: Rillaboom|34\/100|[from] Recoil\n|move|p1b: Ting-Lu|Ruination|p2b: Amoonguss\n|-damage|p2b: Amoonguss|48\/100\n|move|p2b: Amoonguss|Giga Drain|p1b: Ting-Lu\n|-supereffective|p1b: Ting-Lu\n|-damage|p1b: Ting-Lu|66\/100\n|-heal|p2b: Amoonguss|67\/100|[from] drain|[of] p1b: Ting-Lu\n|\n|-heal|p1a: Rillaboom|40\/100|[from] Grassy Terrain\n|-heal|p1b: Ting-Lu|72\/100|[from] Grassy Terrain\n|-heal|p1b: Ting-Lu|78\/100|[from] item: Leftovers\n|-heal|p2b: Amoonguss|73\/100|[from] Grassy Terrain\n|upkeep\n|turn|5\n|inactive|PritzShow has 30 seconds left.\n|\n|t:|1699714975\n|switch|p2b: Goodra|Goodra-Hisui, L50, M|100\/100\n|move|p1a: Rillaboom|Grassy Glide|p2a: Mismagius\n|-damage|p2a: Mismagius|0 fnt\n|faint|p2a: Mismagius\n|move|p1b: Ting-Lu|Ruination|p2b: Goodra\n|-damage|p2b: Goodra|50\/100\n|\n|-heal|p1a: Rillaboom|46\/100|[from] Grassy Terrain\n|-heal|p2b: Goodra|57\/100|[from] Grassy Terrain\n|-heal|p2b: Goodra|63\/100|[from] item: Leftovers\n|-heal|p1b: Ting-Lu|84\/100|[from] Grassy Terrain\n|-heal|p1b: Ting-Lu|91\/100|[from] item: Leftovers\n|-fieldend|move: Grassy Terrain\n|upkeep\n|\n|t:|1699714991\n|switch|p2a: Amoonguss|Amoonguss, L50, M|100\/100\n|turn|6\n|\n|t:|1699715008\n|switch|p1a: Eiscue|Eiscue, L50, M|100\/100\n|move|p2b: Goodra|Acid Armor|p2b: Goodra\n|-boost|p2b: Goodra|def|2\n|move|p1b: Ting-Lu|Taunt|p2a: Amoonguss\n|-start|p2a: Amoonguss|move: Taunt\n|move|p2a: Amoonguss|Pollen Puff|p1a: Eiscue\n|-damage|p1a: Eiscue|84\/100\n|\n|-heal|p2b: Goodra|69\/100|[from] item: Leftovers\n|-heal|p1b: Ting-Lu|97\/100|[from] item: Leftovers\n|upkeep\n|turn|7\n|\n|t:|1699715032\n|move|p1a: Eiscue|Belly Drum|p1a: Eiscue\n|-damage|p1a: Eiscue|34\/100\n|-setboost|p1a: Eiscue|atk|6|[from] move: Belly Drum\n|-enditem|p1a: Eiscue|Sitrus Berry|[eat]\n|-heal|p1a: Eiscue|58\/100|[from] item: Sitrus Berry\n|move|p2b: Goodra|Body Press|p1b: Ting-Lu\n|-supereffective|p1b: Ting-Lu\n|-damage|p1b: Ting-Lu|48\/100\n|move|p1b: Ting-Lu|Taunt|p2b: Goodra\n|-start|p2b: Goodra|move: Taunt\n|move|p2a: Amoonguss|Pollen Puff|p2b: Goodra\n|-heal|p2b: Goodra|100\/100\n|\n|-heal|p1b: Ting-Lu|54\/100|[from] item: Leftovers\n|upkeep\n|turn|8\n|inactive|PritzShow has 30 seconds left.\n|inactive|Specs Hex Pex has 30 seconds left.\n|\n|t:|1699715074\n|-terastallize|p1a: Eiscue|Ground\n|move|p1a: Eiscue|Tera Blast|p2b: Goodra|[anim] Tera Blast Ground\n|-supereffective|p2b: Goodra\n|-damage|p2b: Goodra|0 fnt\n|faint|p2b: Goodra\n|move|p1b: Ting-Lu|Ruination|p2a: Amoonguss\n|-damage|p2a: Amoonguss|51\/100\n|move|p2a: Amoonguss|Giga Drain|p1a: Eiscue\n|-supereffective|p1a: Eiscue\n|-damage|p1a: Eiscue|13\/100\n|-heal|p2a: Amoonguss|67\/100|[from] drain|[of] p1a: Eiscue\n|\n|-heal|p1b: Ting-Lu|60\/100|[from] item: Leftovers\n|-end|p2a: Amoonguss|move: Taunt\n|upkeep\n|\n|t:|1699715088\n|switch|p2b: Moltres|Moltres-Galar, L50|100\/100\n|turn|9\n|\n|t:|1699715100\n|move|p1a: Eiscue|Protect|p1a: Eiscue\n|-singleturn|p1a: Eiscue|Protect\n|move|p2b: Moltres|Fiery Wrath|p1b: Ting-Lu|[spread] p1b\n|-activate|p1a: Eiscue|move: Protect\n|-resisted|p1b: Ting-Lu\n|-crit|p1b: Ting-Lu\n|-damage|p1b: Ting-Lu|51\/100\n|move|p1b: Ting-Lu|Taunt|p2a: Amoonguss\n|-start|p2a: Amoonguss|move: Taunt\n|move|p2a: Amoonguss|Giga Drain|p1b: Ting-Lu\n|-supereffective|p1b: Ting-Lu\n|-damage|p1b: Ting-Lu|26\/100\n|-heal|p2a: Amoonguss|82\/100|[from] drain|[of] p1b: Ting-Lu\n|\n|-heal|p1b: Ting-Lu|32\/100|[from] item: Leftovers\n|upkeep\n|turn|10\n|\n|t:|1699715123\n|move|p2b: Moltres|Fiery Wrath|p1b: Ting-Lu|[spread] p1a,p1b\n|-resisted|p1b: Ting-Lu\n|-damage|p1a: Eiscue|0 fnt\n|-damage|p1b: Ting-Lu|26\/100\n|faint|p1a: Eiscue\n|move|p1b: Ting-Lu|Taunt|p2b: Moltres\n|-start|p2b: Moltres|move: Taunt\n|move|p2a: Amoonguss|Giga Drain|p1b: Ting-Lu\n|-supereffective|p1b: Ting-Lu\n|-damage|p1b: Ting-Lu|0 fnt\n|-heal|p2a: Amoonguss|97\/100|[from] drain|[of] p1b: Ting-Lu\n|faint|p1b: Ting-Lu\n|\n|upkeep\n|\n|t:|1699715126\n|switch|p1a: Milotic|Milotic, L50, M|100\/100\n|switch|p1b: Rillaboom|Rillaboom, L50, F|46\/100\n|-fieldstart|move: Grassy Terrain|[from] ability: Grassy Surge|[of] p1b: Rillaboom\n|turn|11\n|\n|t:|1699715143\n|move|p1b: Rillaboom|Fake Out|p2a: Amoonguss\n|-damage|p2a: Amoonguss|84\/100\n|move|p2b: Moltres|Fiery Wrath|p1a: Milotic|[spread] p1a,p1b\n|-damage|p1a: Milotic|82\/100\n|-damage|p1b: Rillaboom|19\/100\n|move|p1a: Milotic|Coil|p1a: Milotic\n|-boost|p1a: Milotic|atk|1\n|-boost|p1a: Milotic|def|1\n|-boost|p1a: Milotic|accuracy|1\n|move|p2a: Amoonguss|Pollen Puff|p2b: Moltres\n|-immune|p2b: Moltres\n|\n|-heal|p1b: Rillaboom|25\/100|[from] Grassy Terrain\n|-heal|p1a: Milotic|88\/100|[from] Grassy Terrain\n|-heal|p2a: Amoonguss|90\/100|[from] Grassy Terrain\n|-end|p2a: Amoonguss|move: Taunt\n|upkeep\n|turn|12\n|inactive|PritzShow has 30 seconds left.\n|\n|t:|1699715177\n|move|p2b: Moltres|Air Slash|p1b: Rillaboom\n|-supereffective|p1b: Rillaboom\n|-damage|p1b: Rillaboom|0 fnt\n|faint|p1b: Rillaboom\n|move|p1a: Milotic|Hypnosis|p2a: Amoonguss|[miss]\n|-miss|p1a: Milotic|p2a: Amoonguss\n|move|p2a: Amoonguss|Giga Drain|p1a: Milotic\n|-supereffective|p1a: Milotic\n|-damage|p1a: Milotic|43\/100\n|-heal|p2a: Amoonguss|100\/100|[from] drain|[of] p1a: Milotic\n|\n|-heal|p1a: Milotic|49\/100|[from] Grassy Terrain\n|upkeep\n|turn|13\n|\n|t:|1699715191\n|move|p2a: Amoonguss|Rage Powder|p2a: Amoonguss\n|-singleturn|p2a: Amoonguss|move: Rage Powder\n|move|p2b: Moltres|Air Slash|p2a: Amoonguss\n|-supereffective|p2a: Amoonguss\n|-damage|p2a: Amoonguss|53\/100\n|move|p1a: Milotic|Hypnosis|p2a: Amoonguss|[miss]\n|-miss|p1a: Milotic|p2a: Amoonguss\n|\n|-heal|p1a: Milotic|54\/100|[from] Grassy Terrain\n|-heal|p2a: Amoonguss|59\/100|[from] Grassy Terrain\n|-end|p2b: Moltres|move: Taunt\n|upkeep\n|turn|14\n|\n|t:|1699715206\n|move|p2b: Moltres|Protect|p2b: Moltres\n|-singleturn|p2b: Moltres|Protect\n|move|p2a: Amoonguss|Rage Powder|p2a: Amoonguss\n|-singleturn|p2a: Amoonguss|move: Rage Powder\n|move|p1a: Milotic|Hypnosis|p2a: Amoonguss\n|-status|p2a: Amoonguss|slp|[from] move: Hypnosis\n|\n|-heal|p1a: Milotic|60\/100|[from] Grassy Terrain\n|-heal|p2a: Amoonguss|65\/100 slp|[from] Grassy Terrain\n|upkeep\n|turn|15\n|\n|t:|1699715222\n|move|p2b: Moltres|Nasty Plot|p2b: Moltres\n|-boost|p2b: Moltres|spa|2\n|move|p1a: Milotic|Recover|p1a: Milotic\n|-heal|p1a: Milotic|100\/100\n|cant|p2a: Amoonguss|slp\n|\n|-heal|p2a: Amoonguss|71\/100 slp|[from] Grassy Terrain\n|-fieldend|move: Grassy Terrain\n|upkeep\n|turn|16\n|\n|t:|1699715233\n|move|p2b: Moltres|Fiery Wrath|p1a: Milotic\n|-damage|p1a: Milotic|51\/100\n|move|p1a: Milotic|Hypnosis|p2b: Moltres\n|-status|p2b: Moltres|slp|[from] move: Hypnosis\n|cant|p2a: Amoonguss|slp\n|\n|upkeep\n|turn|17\n|\n|t:|1699715246\n|cant|p2b: Moltres|slp\n|move|p1a: Milotic|Scald|p2b: Moltres\n|-damage|p2b: Moltres|74\/100 slp\n|cant|p2a: Amoonguss|slp\n|\n|upkeep\n|turn|18\n|\n|t:|1699715260\n|-curestatus|p2b: Moltres|slp|[msg]\n|move|p2b: Moltres|Fiery Wrath|p1a: Milotic\n|-damage|p1a: Milotic|9\/100\n|move|p1a: Milotic|Scald|p2b: Moltres\n|-damage|p2b: Moltres|45\/100\n|-status|p2b: Moltres|brn\n|-ability|p2b: Moltres|Berserk|boost\n|-boost|p2b: Moltres|spa|1\n|-enditem|p2b: Moltres|Sitrus Berry|[eat]\n|-heal|p2b: Moltres|70\/100 brn|[from] item: Sitrus Berry\n|-curestatus|p2a: Amoonguss|slp|[msg]\n|move|p2a: Amoonguss|Giga Drain|p1a: Milotic\n|-supereffective|p1a: Milotic\n|-damage|p1a: Milotic|0 fnt\n|-heal|p2a: Amoonguss|75\/100|[from] drain|[of] p1a: Milotic\n|faint|p1a: Milotic\n|\n|win|Specs Hex Pex\n|c|\u2606PritzShow|gg\n|c|\u2606Specs Hex Pex|gg\n|inactive|PritzShow has 50 seconds to confirm battle start!\n|inactive|Specs Hex Pex has 50 seconds to confirm battle start!\n|c|&|\/uhtml prompt-specshexpex,Specs Hex Pex is ready for game 2!\n|c|&|\/uhtml prompt-specshexpex,Specs Hex Pex is ready for game 2!\n|c|&|\/uhtml prompt-pritzshow,PritzShow is ready for game 2!\nBoth players are ready! Starting next match!\n","uploadtime":1699716207,"views":15,"p1id":"pritzshow","p2id":"specshexpex","formatid":"gen9vgc2023regulatione","rating":0,"private":0,"password":""}