{"id":"gen9vgc2023regulatione-1998061271","p1":"ColdToast53","p2":"BieberDialga","format":"[Gen 9] VGC 2023 Regulation E","log":"|j|\u2606ColdToast53\n|j|\u2606BieberDialga\n|n|\u2606ColdToast53|coldtoast53\n|n|\u2606BieberDialga|bieberdialga\n|html|View the match progress at <a href=\"\/game-bestof3-gen9vgc2023regulatione-1998055113\">game-bestof3-gen9vgc2023regulatione-1998055113<\/a>\n|t:|1700885339\n|gametype|doubles\n|player|p1|ColdToast53|hilbert-wonderlauncher|\n|player|p2|BieberDialga|larry|\n|teamsize|p1|6\n|teamsize|p2|6\n|gen|9\n|tier|[Gen 9] VGC 2023 Regulation E\n|rule|Species Clause: Limit one of each Pok\u00e9mon\n|rule|Item Clause: Limit one of each item\n|clearpoke\n|poke|p1|Grimmsnarl, L50, M|\n|poke|p1|Flutter Mane, L50|\n|poke|p1|Amoonguss, L50, M|\n|poke|p1|Iron Hands, L50|\n|poke|p1|Kingambit, L50, M|\n|poke|p1|Urshifu-*, L50, M|\n|poke|p2|Landorus-Therian, L50, M|\n|poke|p2|Amoonguss, L50, M|\n|poke|p2|Iron Hands, L50|\n|poke|p2|Flutter Mane, L50|\n|poke|p2|Chien-Pao, L50|\n|poke|p2|Ogerpon-Wellspring, L50, F|\n|teampreview|4\nColdToast53 has agreed to open team sheets.\nBieberDialga has agreed to open team sheets.\n|showteam|p1|Grimmsnarl||EjectButton|Prankster|FakeOut,PartingShot,LightScreen,SpiritBreak|||M|||50|,,,,,Ghost]Flutter Mane||ChoiceSpecs|Protosynthesis|Moonblast,DazzlingGleam,ShadowBall,Thunderbolt||||||50|,,,,,Fairy]Amoonguss||RockyHelmet|Regenerator|Spore,RagePowder,PollenPuff,Protect|||M|||50|,,,,,Water]Iron Hands||AssaultVest|QuarkDrive|FakeOut,HeavySlam,WildCharge,DrainPunch||||||50|,,,,,Fairy]Kingambit||LifeOrb|Defiant|KowtowCleave,SuckerPunch,SwordsDance,Protect|||M|||50|,,,,,Dark]Urshifu-Rapid-Strike||FocusSash|UnseenFist|SurgingStrikes,AquaJet,CloseCombat,Protect|||M|||50|,,,,,Water\n|showteam|p2|Landorus-Therian||ChoiceScarf|Intimidate|StompingTantrum,TeraBlast,Uturn,RockSlide|||M|||50|,,,,,Flying]Amoonguss||SitrusBerry|Regenerator|Protect,Spore,RagePowder,PollenPuff|||M|||50|,,,,,Water]Iron Hands||AssaultVest|QuarkDrive|DrainPunch,WildCharge,FakeOut,VoltSwitch||||||50|,,,,,Fire]Flutter Mane||ChoiceSpecs|Protosynthesis|Moonblast,DazzlingGleam,ShadowBall,IcyWind||||||50|,,,,,Fairy]Chien-Pao||FocusSash|SwordofRuin|IceSpinner,SuckerPunch,SacredSword,Protect||||||50|,,,,,Ghost]Ogerpon-Wellspring||WellspringMask|WaterAbsorb|SwordsDance,HornLeech,IvyCudgel,SpikyShield|||F|||50|,,,,,Water\n|\n|t:|1700885440\n|start\n|switch|p1a: Jaeharys|Amoonguss, L50, M|100\/100\n|switch|p1b: Aegon|Kingambit, L50, M|100\/100\n|switch|p2a: Samus|Ogerpon-Wellspring, L50, F|100\/100\n|switch|p2b: King Dedede|Iron Hands, L50|100\/100\n|turn|1\n|\n|t:|1700885470\n|move|p1b: Aegon|Protect|p1b: Aegon\n|-singleturn|p1b: Aegon|Protect\n|move|p2b: King Dedede|Fake Out|p1a: Jaeharys\n|-damage|p1a: Jaeharys|87\/100\n|-damage|p2b: King Dedede|84\/100|[from] item: Rocky Helmet|[of] p1a: Jaeharys\n|move|p2a: Samus|Swords Dance|p2a: Samus\n|-boost|p2a: Samus|atk|2\n|cant|p1a: Jaeharys|flinch\n|\n|upkeep\n|turn|2\n|\n|t:|1700885509\n|move|p1a: Jaeharys|Rage Powder|p1a: Jaeharys\n|-singleturn|p1a: Jaeharys|move: Rage Powder\n|move|p2a: Samus|Ivy Cudgel|p1b: Aegon|[anim] Ivy Cudgel Water\n|-damage|p1b: Aegon|23\/100\n|move|p2b: King Dedede|Volt Switch|p1a: Jaeharys\n|-resisted|p1a: Jaeharys\n|-crit|p1a: Jaeharys\n|-damage|p1a: Jaeharys|79\/100\n|\n|t:|1700885519\n|-end|p2b: King Dedede|Quark Drive|[silent]\n|switch|p2b: Olimar|Amoonguss, L50, M|100\/100|[from] Volt Switch\n|move|p1b: Aegon|Swords Dance|p1b: Aegon\n|-boost|p1b: Aegon|atk|2\n|\n|upkeep\n|turn|3\n|\n|t:|1700885543\n|move|p1b: Aegon|Protect|p1b: Aegon\n|-singleturn|p1b: Aegon|Protect\n|move|p2b: Olimar|Rage Powder|p2b: Olimar\n|-singleturn|p2b: Olimar|move: Rage Powder\n|move|p2a: Samus|Ivy Cudgel|p1b: Aegon|[anim] Ivy Cudgel Water\n|-activate|p1b: Aegon|move: Protect\n|move|p1a: Jaeharys|Spore|p2a: Samus\n|-immune|p2a: Samus\n|\n|upkeep\n|turn|4\n|\n|t:|1700885682\n|move|p1a: Jaeharys|Rage Powder|p1a: Jaeharys\n|-singleturn|p1a: Jaeharys|move: Rage Powder\n|move|p2b: Olimar|Rage Powder|p2b: Olimar\n|-singleturn|p2b: Olimar|move: Rage Powder\n|move|p1b: Aegon|Sucker Punch||[still]\n|-fail|p1b: Aegon\n|move|p2a: Samus|Ivy Cudgel|p1b: Aegon|[anim] Ivy Cudgel Water\n|-damage|p1b: Aegon|0 fnt\n|faint|p1b: Aegon\n|\n|upkeep\n|\n|t:|1700885711\n|switch|p1b: Daeron|Iron Hands, L50|100\/100\n|turn|5\n|\n|t:|1700885736\n|move|p2a: Samus|Spiky Shield|p2a: Samus\n|-singleturn|p2a: Samus|move: Protect\n|move|p2b: Olimar|Protect|p2b: Olimar\n|-singleturn|p2b: Olimar|Protect\n|move|p1a: Jaeharys|Rage Powder|p1a: Jaeharys\n|-singleturn|p1a: Jaeharys|move: Rage Powder\n|move|p1b: Daeron|Wild Charge|p2a: Samus\n|-activate|p2a: Samus|move: Protect\n|-damage|p1b: Daeron|88\/100|[from] Spiky Shield|[of] p2a: Samus\n|\n|upkeep\n|turn|6\n|\n|t:|1700885767\n|switch|p1a: Aenys|Flutter Mane, L50|100\/100\n|move|p2b: Olimar|Rage Powder|p2b: Olimar\n|-singleturn|p2b: Olimar|move: Rage Powder\n|move|p2a: Samus|Swords Dance|p2a: Samus\n|-boost|p2a: Samus|atk|2\n|move|p1b: Daeron|Wild Charge|p2b: Olimar\n|-resisted|p2b: Olimar\n|-damage|p2b: Olimar|82\/100\n|-damage|p1b: Daeron|84\/100|[from] Recoil\n|\n|upkeep\n|turn|7\n|\n|t:|1700885796\n|-end|p1b: Daeron|Quark Drive|[silent]\n|switch|p1b: Jaeharys|Amoonguss, L50, M|100\/100\n|-terastallize|p1a: Aenys|Fairy\n|-terastallize|p2a: Samus|Water\n|detailschange|p2a: Samus|Ogerpon-Wellspring-Tera, L50, F, tera:Water\n|-ability|p2a: Samus|Embody Aspect (Wellspring)|boost\n|-boost|p2a: Samus|spd|1\n|move|p2b: Olimar|Rage Powder|p2b: Olimar\n|-singleturn|p2b: Olimar|move: Rage Powder\n|move|p1a: Aenys|Dazzling Gleam|p2b: Olimar|[spread] p2a,p2b\n|-crit|p2a: Samus\n|-resisted|p2b: Olimar\n|-damage|p2a: Samus|0 fnt\n|-damage|p2b: Olimar|54\/100\n|faint|p2a: Samus\n|\n|upkeep\n|\n|t:|1700885815\n|switch|p2a: King Dedede|Iron Hands, L50|84\/100\n|turn|8\n|\n|t:|1700885870\n|move|p2a: King Dedede|Fake Out|p1a: Aenys\n|-damage|p1a: Aenys|64\/100\n|move|p1b: Jaeharys|Rage Powder|p1b: Jaeharys\n|-singleturn|p1b: Jaeharys|move: Rage Powder\n|cant|p1a: Aenys|flinch\n|move|p2b: Olimar|Spore|p1a: Aenys\n|-status|p1a: Aenys|slp|[from] move: Spore\n|\n|upkeep\n|turn|9\n|\n|t:|1700885922\n|-end|p1a: Aenys|Protosynthesis|[silent]\n|switch|p1a: Daeron|Iron Hands, L50|84\/100\n|move|p2a: King Dedede|Volt Switch|p1b: Jaeharys\n|-resisted|p1b: Jaeharys\n|-damage|p1b: Jaeharys|96\/100\n|\n|t:|1700885929\n|-end|p2a: King Dedede|Quark Drive|[silent]\n|switch|p2a: Ike|Chien-Pao, L50|100\/100|[from] Volt Switch\n|-ability|p2a: Ike|Sword of Ruin\n|move|p1b: Jaeharys|Spore|p2a: Ike\n|-status|p2a: Ike|slp|[from] move: Spore\n|move|p2b: Olimar|Pollen Puff|p1b: Jaeharys\n|-damage|p1b: Jaeharys|81\/100\n|\n|upkeep\n|turn|10\n|\n|t:|1700885970\n|switch|p2a: King Dedede|Iron Hands, L50|84\/100\n|move|p1a: Daeron|Wild Charge|p2b: Olimar\n|-resisted|p2b: Olimar\n|-damage|p2b: Olimar|36\/100\n|-enditem|p2b: Olimar|Sitrus Berry|[eat]\n|-heal|p2b: Olimar|61\/100|[from] item: Sitrus Berry\n|-damage|p1a: Daeron|80\/100|[from] Recoil\n|move|p1b: Jaeharys|Pollen Puff|p2b: Olimar\n|-damage|p2b: Olimar|44\/100\n|move|p2b: Olimar|Spore|p1a: Daeron\n|-status|p1a: Daeron|slp|[from] move: Spore\n|\n|upkeep\n|turn|11\n|\n|t:|1700886009\n|move|p2a: King Dedede|Drain Punch|p1a: Daeron\n|-damage|p1a: Daeron|52\/100 slp\n|-heal|p2a: King Dedede|99\/100|[from] drain|[of] p1a: Daeron\n|cant|p1a: Daeron|slp\n|move|p1b: Jaeharys|Spore|p2a: King Dedede\n|-status|p2a: King Dedede|slp|[from] move: Spore\n|move|p2b: Olimar|Pollen Puff|p1a: Daeron\n|-resisted|p1a: Daeron\n|-damage|p1a: Daeron|48\/100 slp\n|\n|upkeep\n|turn|12\n|\n|t:|1700886055\n|cant|p2a: King Dedede|slp\n|-curestatus|p1a: Daeron|slp|[msg]\n|move|p1a: Daeron|Wild Charge|p2b: Olimar\n|-resisted|p2b: Olimar\n|-damage|p2b: Olimar|25\/100\n|-damage|p1a: Daeron|43\/100|[from] Recoil\n|move|p1b: Jaeharys|Pollen Puff|p2b: Olimar\n|-damage|p2b: Olimar|7\/100\n|move|p2b: Olimar|Pollen Puff|p1a: Daeron\n|-resisted|p1a: Daeron\n|-damage|p1a: Daeron|39\/100\n|\n|upkeep\n|turn|13\n|\n|t:|1700886101\n|-end|p1a: Daeron|Quark Drive|[silent]\n|switch|p1a: Aenys|Flutter Mane, L50, tera:Fairy|64\/100 slp\n|move|p2b: Olimar|Protect|p2b: Olimar\n|-singleturn|p2b: Olimar|Protect\n|cant|p2a: King Dedede|slp\n|move|p1b: Jaeharys|Pollen Puff|p2b: Olimar\n|-activate|p2b: Olimar|move: Protect\n|\n|upkeep\n|turn|14\n|\n|t:|1700886132\n|switch|p2b: Ike|Chien-Pao, L50|100\/100 slp\n|-ability|p2b: Ike|Sword of Ruin\n|cant|p1a: Aenys|slp\n|cant|p2a: King Dedede|slp\n|move|p1b: Jaeharys|Pollen Puff|p2b: Ike\n|-supereffective|p2b: Ike\n|-damage|p2b: Ike|38\/100 slp\n|\n|upkeep\n|turn|15\n|\n|t:|1700886150\n|cant|p1a: Aenys|slp\n|cant|p2b: Ike|slp\n|-curestatus|p2a: King Dedede|slp|[msg]\n|move|p2a: King Dedede|Wild Charge|p1a: Aenys\n|-damage|p1a: Aenys|0 fnt\n|faint|p1a: Aenys\n|-end|p1a: Aenys|Protosynthesis|[silent]\n|-damage|p2a: King Dedede|90\/100|[from] Recoil\n|move|p1b: Jaeharys|Pollen Puff|p2b: Ike\n|-supereffective|p2b: Ike\n|-damage|p2b: Ike|0 fnt\n|faint|p2b: Ike\n|\n|upkeep\n|\n|t:|1700886164\n|switch|p1a: Daeron|Iron Hands, L50|39\/100\n|switch|p2b: Olimar|Amoonguss, L50, M|40\/100\n|turn|16\n|\n|t:|1700886185\n|move|p1a: Daeron|Fake Out|p2b: Olimar\n|-damage|p2b: Olimar|29\/100\n|move|p2a: King Dedede|Drain Punch|p1a: Daeron\n|-damage|p1a: Daeron|10\/100\n|-heal|p2a: King Dedede|100\/100|[from] drain|[of] p1a: Daeron\n|move|p1b: Jaeharys|Pollen Puff|p1a: Daeron\n|-heal|p1a: Daeron|60\/100\n|cant|p2b: Olimar|flinch\n|\n|upkeep\n|turn|17\n|\n|t:|1700886215\n|move|p2a: King Dedede|Wild Charge|p1b: Jaeharys\n|-resisted|p1b: Jaeharys\n|-damage|p1b: Jaeharys|58\/100\n|-damage|p2a: King Dedede|84\/100|[from] item: Rocky Helmet|[of] p1b: Jaeharys\n|-damage|p2a: King Dedede|78\/100|[from] Recoil\n|move|p1a: Daeron|Wild Charge|p2b: Olimar\n|-resisted|p2b: Olimar\n|-damage|p2b: Olimar|9\/100\n|-damage|p1a: Daeron|56\/100|[from] Recoil\n|move|p1b: Jaeharys|Spore|p2a: King Dedede\n|-status|p2a: King Dedede|slp|[from] move: Spore\n|move|p2b: Olimar|Spore|p1a: Daeron\n|-status|p1a: Daeron|slp|[from] move: Spore\n|\n|upkeep\n|turn|18\n|\n|t:|1700886256\n|move|p2b: Olimar|Protect|p2b: Olimar\n|-singleturn|p2b: Olimar|Protect\n|cant|p2a: King Dedede|slp\n|cant|p1a: Daeron|slp\n|move|p1b: Jaeharys|Pollen Puff|p2b: Olimar\n|-activate|p2b: Olimar|move: Protect\n|\n|upkeep\n|turn|19\n|\n|t:|1700886282\n|move|p2b: Olimar|Rage Powder|p2b: Olimar\n|-singleturn|p2b: Olimar|move: Rage Powder\n|-curestatus|p2a: King Dedede|slp|[msg]\n|move|p2a: King Dedede|Drain Punch|p1a: Daeron\n|-damage|p1a: Daeron|29\/100 slp\n|-heal|p2a: King Dedede|93\/100|[from] drain|[of] p1a: Daeron\n|cant|p1a: Daeron|slp\n|move|p1b: Jaeharys|Pollen Puff|p2b: Olimar\n|-damage|p2b: Olimar|0 fnt\n|faint|p2b: Olimar\n|\n|upkeep\n|turn|20\n|\n|t:|1700886302\n|move|p2a: King Dedede|Drain Punch|p1a: Daeron\n|-crit|p1a: Daeron\n|-damage|p1a: Daeron|0 fnt\n|-heal|p2a: King Dedede|100\/100|[from] drain|[of] p1a: Daeron\n|faint|p1a: Daeron\n|-end|p1a: Daeron|Quark Drive|[silent]\n|move|p1b: Jaeharys|Pollen Puff|p1: Daeron|[notarget]\n|-fail|p1b: Jaeharys\n|\n|upkeep\n|turn|21\n|\n|t:|1700886325\n|move|p2a: King Dedede|Drain Punch|p1b: Jaeharys\n|-resisted|p1b: Jaeharys\n|-damage|p1b: Jaeharys|39\/100\n|-damage|p2a: King Dedede|84\/100|[from] item: Rocky Helmet|[of] p1b: Jaeharys\n|move|p1b: Jaeharys|Spore|p2a: King Dedede\n|-status|p2a: King Dedede|slp|[from] move: Spore\n|\n|upkeep\n|turn|22\n|\n|t:|1700886336\n|cant|p2a: King Dedede|slp\n|move|p1b: Jaeharys|Pollen Puff|p2a: King Dedede\n|-resisted|p2a: King Dedede\n|-damage|p2a: King Dedede|80\/100 slp\n|\n|upkeep\n|turn|23\n|\n|t:|1700886356\n|-curestatus|p2a: King Dedede|slp|[msg]\n|move|p2a: King Dedede|Drain Punch|p1b: Jaeharys\n|-resisted|p1b: Jaeharys\n|-damage|p1b: Jaeharys|21\/100\n|-heal|p2a: King Dedede|89\/100|[from] drain|[of] p1b: Jaeharys\n|-damage|p2a: King Dedede|72\/100|[from] item: Rocky Helmet|[of] p1b: Jaeharys\n|move|p1b: Jaeharys|Pollen Puff|p2a: King Dedede\n|-resisted|p2a: King Dedede\n|-damage|p2a: King Dedede|67\/100\n|\n|upkeep\n|turn|24\n|\n|t:|1700886369\n|move|p2a: King Dedede|Drain Punch|p1b: Jaeharys\n|-resisted|p1b: Jaeharys\n|-crit|p1b: Jaeharys\n|-damage|p1b: Jaeharys|0 fnt\n|-heal|p2a: King Dedede|77\/100|[from] drain|[of] p1b: Jaeharys\n|-damage|p2a: King Dedede|60\/100|[from] item: Rocky Helmet|[of] p1b: Jaeharys\n|faint|p1b: Jaeharys\n|\n|win|BieberDialga\n|l|\u2606ColdToast53\n|j| C4CTUSK1NG\n","uploadtime":1700886531,"views":8,"p1id":"coldtoast53","p2id":"bieberdialga","formatid":"gen9vgc2023regulatione","rating":0,"private":0,"password":""}