{"id":"gen9vgc2023regulatione-1991440505","p1":"Emirnent","p2":"bwahacough","format":"[Gen 9] VGC 2023 Regulation E","log":"|j|\u2606Emirnent\n|j|\u2606bwahacough\n|t:|1700077301\n|gametype|doubles\n|player|p1|Emirnent|1|1690\n|player|p2|bwahacough|medium|1726\n|teamsize|p1|6\n|teamsize|p2|6\n|gen|9\n|tier|[Gen 9] VGC 2023 Regulation E\n|rated|\n|rule|Species Clause: Limit one of each Pok\u00e9mon\n|rule|Item Clause: Limit one of each item\n|clearpoke\n|poke|p1|Flutter Mane, L50|\n|poke|p1|Ogerpon-Wellspring, L50, F|\n|poke|p1|Landorus, L50, M|\n|poke|p1|Iron Hands, L50|\n|poke|p1|Arcanine-Hisui, L50, M|\n|poke|p1|Urshifu-*, L50, M|\n|poke|p2|Lycanroc-Dusk, L50, M|\n|poke|p2|Tornadus, L50, M|\n|poke|p2|Urshifu-*, L50, M|\n|poke|p2|Farigiraf, L50, M|\n|poke|p2|Sinistcha, L50|\n|poke|p2|Iron Bundle, L50|\n|teampreview|4\n|inactive|Battle timer is ON: inactive players will automatically lose when time's up. (requested by Emirnent)\nbwahacough has agreed to open team sheets.\n|inactive|Emirnent has 60 seconds left.\n|inactive|bwahacough has 60 seconds left.\n|\n|t:|1700077364\n|start\n|switch|p1a: Alexander|Iron Hands, L50|100\/100\n|switch|p1b: PonDeFloor|Ogerpon-Wellspring, L50, F|100\/100\n|switch|p2a: Iron Bundle|Iron Bundle, L50, shiny|100\/100\n|switch|p2b: Urshifu|Urshifu-Rapid-Strike, L50, M|100\/100\n|-enditem|p2a: Iron Bundle|Booster Energy\n|-activate|p2a: Iron Bundle|ability: Quark Drive|[fromitem]\n|-start|p2a: Iron Bundle|quarkdrivespe\n|turn|1\n|inactive|Emirnent has 30 seconds left.\n|\n|t:|1700077394\n|-terastallize|p2a: Iron Bundle|Ghost\n|-terastallize|p1b: PonDeFloor|Water\n|detailschange|p1b: PonDeFloor|Ogerpon-Wellspring-Tera, L50, F, tera:Water\n|-ability|p1b: PonDeFloor|Embody Aspect (Wellspring)|boost\n|-boost|p1b: PonDeFloor|spd|1\n|move|p1a: Alexander|Fake Out|p2b: Urshifu\n|-damage|p2b: Urshifu|85\/100\n|move|p2a: Iron Bundle|Freeze-Dry|p1b: PonDeFloor\n|-supereffective|p1b: PonDeFloor\n|-damage|p1b: PonDeFloor|52\/100\n|move|p1b: PonDeFloor|Wood Hammer|p2b: Urshifu\n|-supereffective|p2b: Urshifu\n|-damage|p2b: Urshifu|0 fnt\n|faint|p2b: Urshifu\n|-damage|p1b: PonDeFloor|25\/100|[from] Recoil\n|\n|upkeep\n|\n|t:|1700077403\n|switch|p2b: Farigiraf|Farigiraf, L50, M, shiny|100\/100\n|turn|2\n|j| Asacado\n|\n|t:|1700077415\n|move|p1b: PonDeFloor|Spiky Shield|p1b: PonDeFloor\n|-singleturn|p1b: PonDeFloor|move: Protect\n|move|p2a: Iron Bundle|Encore|p1a: Alexander\n|-start|p1a: Alexander|Encore\n|move|p1a: Alexander|Fake Out||[still]\n|cant|p2b: Farigiraf|ability: Armor Tail|Fake Out|[of] p1a: Alexander\n|move|p2b: Farigiraf|Psychic|p1a: Alexander\n|-supereffective|p1a: Alexander\n|-damage|p1a: Alexander|64\/100\n|\n|upkeep\n|turn|3\n|\n|t:|1700077428\n|-end|p1a: Alexander|Quark Drive|[silent]\n|switch|p1a: McFlutter|Flutter Mane, L50|100\/100\n|-enditem|p1a: McFlutter|Booster Energy\n|-activate|p1a: McFlutter|ability: Protosynthesis|[fromitem]\n|-start|p1a: McFlutter|protosynthesisspe\n|move|p1b: PonDeFloor|Spiky Shield||[still]\n|-fail|p1b: PonDeFloor\n|move|p2a: Iron Bundle|Freeze-Dry|p1b: PonDeFloor\n|-supereffective|p1b: PonDeFloor\n|-damage|p1b: PonDeFloor|0 fnt\n|faint|p1b: PonDeFloor\n|move|p2b: Farigiraf|Psychic|p1a: McFlutter\n|-damage|p1a: McFlutter|64\/100\n|\n|upkeep\n|\n|t:|1700077432\n|switch|p1b: Alexander|Iron Hands, L50|64\/100\n|turn|4\n|\n|t:|1700077453\n|move|p1a: McFlutter|Shadow Ball|p2a: Iron Bundle\n|-supereffective|p2a: Iron Bundle\n|-damage|p2a: Iron Bundle|0 fnt\n|faint|p2a: Iron Bundle\n|-end|p2a: Iron Bundle|Quark Drive|[silent]\n|move|p1b: Alexander|Drain Punch|p2b: Farigiraf\n|-damage|p2b: Farigiraf|69\/100\n|-heal|p1b: Alexander|79\/100|[from] drain|[of] p2b: Farigiraf\n|move|p2b: Farigiraf|Psychic|p1b: Alexander\n|-supereffective|p1b: Alexander\n|-damage|p1b: Alexander|37\/100\n|\n|upkeep\n|\n|t:|1700077457\n|switch|p2a: Lycanroc|Lycanroc-Dusk, L50, M|100\/100\n|turn|5\n|\n|t:|1700077467\n|move|p2a: Lycanroc|Protect|p2a: Lycanroc\n|-singleturn|p2a: Lycanroc|Protect\n|move|p1a: McFlutter|Moonblast|p2a: Lycanroc\n|-activate|p2a: Lycanroc|move: Protect\n|move|p1b: Alexander|Drain Punch|p2a: Lycanroc\n|-activate|p2a: Lycanroc|move: Protect\n|move|p2b: Farigiraf|Psychic|p1b: Alexander\n|-supereffective|p1b: Alexander\n|-damage|p1b: Alexander|0 fnt\n|faint|p1b: Alexander\n|-end|p1b: Alexander|Quark Drive|[silent]\n|\n|upkeep\n|\n|t:|1700077469\n|switch|p1b: Balu|Urshifu, L50, M|100\/100\n|turn|6\n|\n|t:|1700077486\n|move|p2b: Farigiraf|Helping Hand|p2a: Lycanroc\n|-singleturn|p2a: Lycanroc|Helping Hand|[of] p2b: Farigiraf\n|move|p2a: Lycanroc|Accelerock|p1a: McFlutter\n|-damage|p1a: McFlutter|9\/100\n|move|p1a: McFlutter|Icy Wind|p2b: Farigiraf|[spread] p2a,p2b\n|-damage|p2a: Lycanroc|78\/100\n|-damage|p2b: Farigiraf|55\/100\n|-unboost|p2a: Lycanroc|spe|1\n|-unboost|p2b: Farigiraf|spe|1\n|move|p1b: Balu|Wicked Blow|p2b: Farigiraf\n|-supereffective|p2b: Farigiraf\n|-crit|p2b: Farigiraf\n|-damage|p2b: Farigiraf|0 fnt\n|faint|p2b: Farigiraf\n|\n|upkeep\n|turn|7\n|\n|t:|1700077495\n|move|p1a: McFlutter|Moonblast|p2a: Lycanroc\n|-damage|p2a: Lycanroc|8\/100\n|move|p1b: Balu|Wicked Blow|p2a: Lycanroc\n|-crit|p2a: Lycanroc\n|-damage|p2a: Lycanroc|0 fnt\n|faint|p2a: Lycanroc\n|\n|win|Emirnent\n|raw|Emirnent's rating: 1690 &rarr; <strong>1712<\/strong><br \/>(+22 for winning)\n|raw|bwahacough's rating: 1726 &rarr; <strong>1704<\/strong><br \/>(-22 for losing)\n|l|\u2606Emirnent\n|l|\u2606bwahacough\n","uploadtime":1700077542,"views":19,"p1id":"emirnent","p2id":"bwahacough","formatid":"gen9vgc2023regulatione","rating":1704,"private":0,"password":""}