{"id":"gen9vgc2023regulatione-1992764157","p1":"Thehoppa117","p2":"whyismynamejeff","format":"[Gen 9] VGC 2023 Regulation E","log":"|j|\u2606Thehoppa117\n|j|\u2606whyismynamejeff\n|t:|1700233353\n|gametype|doubles\n|player|p1|Thehoppa117|benga|\n|player|p2|whyismynamejeff|colress|\n|teamsize|p1|6\n|teamsize|p2|6\n|gen|9\n|tier|[Gen 9] VGC 2023 Regulation E\n|rated|Tournament battle\n|rule|Species Clause: Limit one of each Pok\u00e9mon\n|rule|Item Clause: Limit one of each item\n|clearpoke\n|poke|p1|Iron Jugulis, L50|\n|poke|p1|Iron Hands, L50|\n|poke|p1|Iron Moth, L50|\n|poke|p1|Ogerpon-Hearthflame, L50, F|\n|poke|p1|Flutter Mane, L50|\n|poke|p1|Arboliva, L50, M|\n|poke|p2|Empoleon, L50, M|\n|poke|p2|Ogerpon-Hearthflame, L50, F|\n|poke|p2|Flutter Mane, L50|\n|poke|p2|Iron Hands, L50|\n|poke|p2|Baxcalibur, L50, F|\n|poke|p2|Landorus-Therian, L50, M|\n|teampreview|4\n|showteam|p1|Iron Jugulis||BoosterEnergy|QuarkDrive|AirSlash,SunnyDay,ElectricTerrain,Tailwind||||||50|,,,,,Steel]Iron Hands||AssaultVest|QuarkDrive|IcePunch,DrainPunch,Earthquake,ThunderPunch||||||50|,,,,,Ground]Iron Moth||ChoiceScarf|QuarkDrive|HeatWave,Discharge,DazzlingGleam,SludgeWave||||||50|,,,,,Fairy]Ogerpon-Hearthflame||HearthflameMask|MoldBreaker|Growth,SpikyShield,IvyCudgel,HornLeech|||F|||50|,,,,,Fire]Flutter Mane||LifeOrb|Protosynthesis|DazzlingGleam,ShadowBall,Protect,IcyWind||||||50|,,,,,Ghost]Arboliva||SitrusBerry|Harvest|TerrainPulse,SunnyDay,StrengthSap,GigaDrain|||M|||50|,,,,,Grass\n|showteam|p2|Empoleon||Leftovers|Competitive|HydroPump,Protect,Yawn,AirSlash|||M|||50|,,,,,Dragon]Ogerpon-Hearthflame||HearthflameMask|MoldBreaker|IvyCudgel,Superpower,SwordsDance,SpikyShield|||F|||50|,,,,,Fire]Flutter Mane||BoosterEnergy|Protosynthesis|Moonblast,ShadowBall,IcyWind,Protect||||||50|,,,,,Fairy]Iron Hands||AssaultVest|QuarkDrive|WildCharge,DrainPunch,FakeOut,IcePunch||||||50|,,,,,Water]Baxcalibur||LoadedDice|ThermalExchange|IcicleSpear,ScaleShot,IceShard,Protect|||F|||50|,,,,,Poison]Landorus-Therian||ChoiceScarf|Intimidate|RockSlide,StompingTantrum,Uturn,TeraBlast|||M|||50|,,,,,Flying\n|\n|t:|1700233383\n|start\n|switch|p1a: Iron Jugulis|Iron Jugulis, L50|100\/100\n|switch|p1b: Iron Hands|Iron Hands, L50|100\/100\n|switch|p2a: Empoleon|Empoleon, L50, M|100\/100\n|switch|p2b: Ogerpon|Ogerpon-Hearthflame, L50, F|100\/100\n|-ability|p2b: Ogerpon|Mold Breaker\n|-enditem|p1a: Iron Jugulis|Booster Energy\n|-activate|p1a: Iron Jugulis|ability: Quark Drive|[fromitem]\n|-start|p1a: Iron Jugulis|quarkdrivespe\n|turn|1\n|inactive|Battle timer is ON: inactive players will automatically lose when time's up. (requested by Thehoppa117)\n|\n|t:|1700233407\n|move|p2b: Ogerpon|Spiky Shield|p2b: Ogerpon\n|-singleturn|p2b: Ogerpon|move: Protect\n|move|p1a: Iron Jugulis|Air Slash|p2b: Ogerpon\n|-activate|p2b: Ogerpon|move: Protect\n|move|p2a: Empoleon|Yawn|p1a: Iron Jugulis\n|-start|p1a: Iron Jugulis|move: Yawn|[of] p2a: Empoleon\n|move|p1b: Iron Hands|Drain Punch|p2a: Empoleon\n|-supereffective|p2a: Empoleon\n|-damage|p2a: Empoleon|9\/100\n|\n|-heal|p2a: Empoleon|15\/100|[from] item: Leftovers\n|upkeep\n|turn|2\n|j| Brainiac 5.0\n|l| Brainiac 5.0\n|inactive|Thehoppa117 has 30 seconds left.\n|inactive|Thehoppa117 has 20 seconds left.\n|inactive|Thehoppa117 has 15 seconds left.\n|\n|t:|1700233449\n|-terastallize|p1a: Iron Jugulis|Steel\n|move|p2a: Empoleon|Protect|p2a: Empoleon\n|-singleturn|p2a: Empoleon|Protect\n|move|p1a: Iron Jugulis|Electric Terrain|p1a: Iron Jugulis\n|-fieldstart|move: Electric Terrain\n|-activate|p1b: Iron Hands|ability: Quark Drive\n|-start|p1b: Iron Hands|quarkdriveatk\n|move|p2b: Ogerpon|Swords Dance|p2b: Ogerpon\n|-boost|p2b: Ogerpon|atk|2\n|move|p1b: Iron Hands|Drain Punch|p2b: Ogerpon\n|-crit|p2b: Ogerpon\n|-damage|p2b: Ogerpon|0 fnt\n|faint|p2b: Ogerpon\n|\n|-heal|p2a: Empoleon|21\/100|[from] item: Leftovers\n|-end|p1a: Iron Jugulis|move: Yawn|[silent]\n|-activate|p1a: Iron Jugulis|move: Electric Terrain\n|upkeep\n|\n|t:|1700233472\n|switch|p2b: Flutter Mane|Flutter Mane, L50|100\/100\n|-enditem|p2b: Flutter Mane|Booster Energy\n|-activate|p2b: Flutter Mane|ability: Protosynthesis|[fromitem]\n|-start|p2b: Flutter Mane|protosynthesisspe\n|turn|3\n|\n|t:|1700233487\n|move|p2b: Flutter Mane|Protect|p2b: Flutter Mane\n|-singleturn|p2b: Flutter Mane|Protect\n|move|p1a: Iron Jugulis|Air Slash|p2a: Empoleon\n|-resisted|p2a: Empoleon\n|-damage|p2a: Empoleon|10\/100\n|move|p2a: Empoleon|Air Slash|p1b: Iron Hands\n|-damage|p1b: Iron Hands|89\/100\n|move|p1b: Iron Hands|Thunder Punch|p2b: Flutter Mane\n|-activate|p2b: Flutter Mane|move: Protect\n|\n|-heal|p2a: Empoleon|16\/100|[from] item: Leftovers\n|upkeep\n|turn|4\n|\n|t:|1700233505\n|switch|p2a: Baxcalibur|Baxcalibur, L50, F|100\/100\n|move|p2b: Flutter Mane|Moonblast|p1b: Iron Hands\n|-supereffective|p1b: Iron Hands\n|-damage|p1b: Iron Hands|27\/100\n|move|p1a: Iron Jugulis|Sunny Day|p1a: Iron Jugulis\n|-weather|SunnyDay\n|move|p1b: Iron Hands|Thunder Punch|p2b: Flutter Mane\n|-damage|p2b: Flutter Mane|0 fnt\n|faint|p2b: Flutter Mane\n|-end|p2b: Flutter Mane|Protosynthesis|[silent]\n|\n|-weather|SunnyDay|[upkeep]\n|upkeep\n|\n|t:|1700233516\n|switch|p2b: Empoleon|Empoleon, L50, M|16\/100\n|turn|5\n|\n|t:|1700233528\n|move|p1a: Iron Jugulis|Tailwind|p1a: Iron Jugulis\n|-sidestart|p1: Thehoppa117|move: Tailwind\n|move|p2a: Baxcalibur|Icicle Spear|p1a: Iron Jugulis\n|-resisted|p1a: Iron Jugulis\n|-damage|p1a: Iron Jugulis|93\/100\n|-resisted|p1a: Iron Jugulis\n|-damage|p1a: Iron Jugulis|86\/100\n|-resisted|p1a: Iron Jugulis\n|-damage|p1a: Iron Jugulis|78\/100\n|-resisted|p1a: Iron Jugulis\n|-crit|p1a: Iron Jugulis\n|-damage|p1a: Iron Jugulis|68\/100\n|-resisted|p1a: Iron Jugulis\n|-damage|p1a: Iron Jugulis|60\/100\n|-hitcount|p1a: Iron Jugulis|5\n|move|p1b: Iron Hands|Drain Punch|p2a: Baxcalibur\n|-supereffective|p2a: Baxcalibur\n|-damage|p2a: Baxcalibur|0 fnt\n|-heal|p1b: Iron Hands|63\/100|[from] drain|[of] p2a: Baxcalibur\n|faint|p2a: Baxcalibur\n|move|p2b: Empoleon|Hydro Pump|p1b: Iron Hands\n|-damage|p1b: Iron Hands|49\/100\n|\n|-weather|SunnyDay|[upkeep]\n|-heal|p2b: Empoleon|21\/100|[from] item: Leftovers\n|upkeep\n|turn|6\n|inactive|whyismynamejeff has 30 seconds left.\n|\n|t:|1700233557\n|move|p1a: Iron Jugulis|Air Slash|p2b: Empoleon\n|-resisted|p2b: Empoleon\n|-damage|p2b: Empoleon|10\/100\n|move|p1b: Iron Hands|Drain Punch|p2b: Empoleon\n|-supereffective|p2b: Empoleon\n|-damage|p2b: Empoleon|0 fnt\n|-heal|p1b: Iron Hands|53\/100|[from] drain|[of] p2b: Empoleon\n|faint|p2b: Empoleon\n|\n|win|Thehoppa117\n|n|\u2606Thehoppa117|thehoppa117\n|n|\u2606whyismynamejeff|whyismynamejeff\n","uploadtime":1700233568,"views":16,"p1id":"thehoppa117","p2id":"whyismynamejeff","formatid":"gen9vgc2023regulatione","rating":0,"private":0,"password":""}