{"id":"gen9vgc2023regulatione-1994575785","p1":"Rewolf3","p2":"Nefferia","format":"[Gen 9] VGC 2023 Regulation E","log":"|j|\u2606Rewolf3\n|j|\u2606Nefferia\n|t:|1700462709\n|gametype|doubles\n|player|p1|Rewolf3|ingo|1093\n|player|p2|Nefferia|acetrainer|1052\n|teamsize|p1|6\n|teamsize|p2|6\n|gen|9\n|tier|[Gen 9] VGC 2023 Regulation E\n|rated|\n|rule|Species Clause: Limit one of each Pok\u00e9mon\n|rule|Item Clause: Limit one of each item\n|clearpoke\n|poke|p1|Arcanine-Hisui, L50, F|\n|poke|p1|Ogerpon-Wellspring, L50, F|\n|poke|p1|Gholdengo, L50|\n|poke|p1|Roaring Moon, L50|\n|poke|p1|Rillaboom, L50, M|\n|poke|p1|Regieleki, L50|\n|poke|p2|Garganacl, L50, M|\n|poke|p2|Wo-Chien, L50|\n|poke|p2|Ogerpon-Wellspring, L50, F|\n|poke|p2|Sinistcha, L50|\n|poke|p2|Thundurus, L50, M|\n|poke|p2|Grimmsnarl, L50, M|\n|teampreview|4\n|inactive|Battle timer is ON: inactive players will automatically lose when time's up. (requested by Nefferia)\n|inactive|Rewolf3 has 60 seconds left.\n|inactive|Nefferia has 60 seconds left.\n|\n|t:|1700462758\n|start\n|switch|p1a: Ogerpon|Ogerpon-Wellspring, L50, F|100\/100\n|switch|p1b: Arcanine|Arcanine-Hisui, L50, F|100\/100\n|switch|p2a: Grimmsnarl|Grimmsnarl, L50, M|100\/100\n|switch|p2b: Garganacl|Garganacl, L50, M|100\/100\n|-ability|p1b: Arcanine|Intimidate|boost\n|-unboost|p2a: Grimmsnarl|atk|1\n|-unboost|p2b: Garganacl|atk|1\n|turn|1\n|inactive|Rewolf3 has 30 seconds left.\n|\n|t:|1700462787\n|switch|p1b: Gholdengo|Gholdengo, L50|100\/100\n|move|p2a: Grimmsnarl|Reflect|p2a: Grimmsnarl\n|-sidestart|p2: Nefferia|Reflect\n|move|p1a: Ogerpon|Ivy Cudgel|p2b: Garganacl|[anim] Ivy Cudgel Water\n|-supereffective|p2b: Garganacl\n|-damage|p2b: Garganacl|54\/100\n|move|p2b: Garganacl|Iron Defense|p2b: Garganacl\n|-boost|p2b: Garganacl|def|2\n|\n|-heal|p2b: Garganacl|60\/100|[from] item: Leftovers\n|upkeep\n|turn|2\n|inactive|Rewolf3 has 30 seconds left.\n|inactive|Nefferia has 30 seconds left.\n|inactive|Rewolf3 has 20 seconds left.\n|inactive|Nefferia has 20 seconds left.\n|inactive|Rewolf3 has 15 seconds left.\n|inactive|Nefferia has 15 seconds left.\n|inactive|Nefferia has 10 seconds left.\n|inactive|Nefferia has 5 seconds left.\n|\n|t:|1700462840\n|-terastallize|p2b: Garganacl|Ghost\n|move|p1a: Ogerpon|Spiky Shield|p1a: Ogerpon\n|-singleturn|p1a: Ogerpon|move: Protect\n|move|p2b: Garganacl|Wide Guard|p2b: Garganacl\n|-singleturn|p2b: Garganacl|Wide Guard\n|move|p2a: Grimmsnarl|Light Screen|p2a: Grimmsnarl\n|-sidestart|p2: Nefferia|move: Light Screen\n|move|p1b: Gholdengo|Nasty Plot|p1b: Gholdengo\n|-boost|p1b: Gholdengo|spa|2\n|\n|-heal|p2b: Garganacl|66\/100|[from] item: Leftovers\n|upkeep\n|turn|3\n|inactive|Nefferia has 30 seconds left.\n|inactive|Nefferia has 20 seconds left.\n|\n|t:|1700462875\n|move|p2a: Grimmsnarl|Parting Shot|p1a: Ogerpon\n|-unboost|p1a: Ogerpon|atk|1\n|-unboost|p1a: Ogerpon|spa|1\n|\n|t:|1700462879\n|switch|p2a: Sinistcha|Sinistcha, L50|100\/100|[from] Parting Shot\n|-heal|p2b: Garganacl|91\/100|[from] ability: Hospitality|[of] p2a: Sinistcha\n|move|p1a: Ogerpon|Ivy Cudgel|p2b: Garganacl|[anim] Ivy Cudgel Water\n|-damage|p2b: Garganacl|83\/100\n|move|p1b: Gholdengo|Shadow Ball|p2b: Garganacl\n|-supereffective|p2b: Garganacl\n|-damage|p2b: Garganacl|35\/100\n|-unboost|p2b: Garganacl|spd|1\n|move|p2b: Garganacl|Salt Cure|p1b: Gholdengo\n|-resisted|p1b: Gholdengo\n|-damage|p1b: Gholdengo|97\/100\n|-start|p1b: Gholdengo|Salt Cure\n|\n|-heal|p1b: Gholdengo|100\/100|[from] item: Leftovers\n|-heal|p2b: Garganacl|41\/100|[from] item: Leftovers\n|-damage|p1b: Gholdengo|75\/100|[from] Salt Cure\n|upkeep\n|turn|4\n|inactive|Rewolf3 has 30 seconds left.\n|inactive|Nefferia has 30 seconds left.\n|inactive|Rewolf3 has 20 seconds left.\n|inactive|Nefferia has 20 seconds left.\n|inactive|Rewolf3 has 15 seconds left.\n|inactive|Nefferia has 15 seconds left.\n|inactive|Rewolf3 has 10 seconds left.\n|inactive|Nefferia has 10 seconds left.\n|inactive|Nefferia has 5 seconds left.\n|\n|t:|1700462929\n|move|p2a: Sinistcha|Rage Powder|p2a: Sinistcha\n|-singleturn|p2a: Sinistcha|move: Rage Powder\n|move|p1a: Ogerpon|Horn Leech|p2a: Sinistcha\n|-resisted|p2a: Sinistcha\n|-damage|p2a: Sinistcha|94\/100\n|move|p1b: Gholdengo|Shadow Ball|p2a: Sinistcha\n|-supereffective|p2a: Sinistcha\n|-damage|p2a: Sinistcha|0 fnt\n|faint|p2a: Sinistcha\n|move|p2b: Garganacl|Recover|p2b: Garganacl\n|-heal|p2b: Garganacl|91\/100\n|\n|-heal|p1b: Gholdengo|81\/100|[from] item: Leftovers\n|-heal|p2b: Garganacl|97\/100|[from] item: Leftovers\n|-damage|p1b: Gholdengo|56\/100|[from] Salt Cure\n|upkeep\n|\n|t:|1700462947\n|switch|p2a: Ogerpon|Ogerpon-Wellspring, L50, F|100\/100\n|turn|5\n|inactive|Rewolf3 has 30 seconds left.\n|\n|t:|1700462976\n|move|p2a: Ogerpon|Protect|p2a: Ogerpon\n|-singleturn|p2a: Ogerpon|Protect\n|move|p1a: Ogerpon|Follow Me|p1a: Ogerpon\n|-singleturn|p1a: Ogerpon|move: Follow Me\n|move|p1b: Gholdengo|Make It Rain|p2b: Garganacl|[spread] p2b\n|-activate|p2a: Ogerpon|move: Protect\n|-damage|p2b: Garganacl|14\/100\n|-unboost|p1b: Gholdengo|spa|1\n|move|p2b: Garganacl|Salt Cure|p1a: Ogerpon\n|-damage|p1a: Ogerpon|91\/100\n|-start|p1a: Ogerpon|Salt Cure\n|\n|-heal|p1b: Gholdengo|62\/100|[from] item: Leftovers\n|-heal|p2b: Garganacl|20\/100|[from] item: Leftovers\n|-damage|p1a: Ogerpon|66\/100|[from] Salt Cure\n|-damage|p1b: Gholdengo|37\/100|[from] Salt Cure\n|upkeep\n|turn|6\n|inactive|Rewolf3 has 30 seconds left.\n|inactive|Nefferia has 30 seconds left.\n|\n|t:|1700463011\n|switch|p2b: Grimmsnarl|Grimmsnarl, L50, M|100\/100\n|move|p2a: Ogerpon|Horn Leech|p1b: Gholdengo\n|-resisted|p1b: Gholdengo\n|-damage|p1b: Gholdengo|17\/100\n|move|p1a: Ogerpon|Ivy Cudgel|p2b: Grimmsnarl|[anim] Ivy Cudgel Water\n|-crit|p2b: Grimmsnarl\n|-damage|p2b: Grimmsnarl|0 fnt\n|faint|p2b: Grimmsnarl\n|move|p1b: Gholdengo|Shadow Ball|p2a: Ogerpon\n|-damage|p2a: Ogerpon|51\/100\n|\n|-heal|p1b: Gholdengo|23\/100|[from] item: Leftovers\n|-damage|p1a: Ogerpon|42\/100|[from] Salt Cure\n|-damage|p1b: Gholdengo|0 fnt|[from] Salt Cure\n|faint|p1b: Gholdengo\n|upkeep\n|\n|t:|1700463030\n|switch|p1b: Roaring Moon|Roaring Moon, L50|100\/100\n|switch|p2b: Garganacl|Garganacl, L50, M, tera:Ghost|20\/100\n|-enditem|p1b: Roaring Moon|Booster Energy\n|-activate|p1b: Roaring Moon|ability: Protosynthesis|[fromitem]\n|-start|p1b: Roaring Moon|protosynthesisatk\n|turn|7\n|-message|Nefferia forfeited.\n|\n|win|Rewolf3\n|raw|Rewolf3's rating: 1093 &rarr; <strong>1116<\/strong><br \/>(+23 for winning)\n|raw|Nefferia's rating: 1052 &rarr; <strong>1036<\/strong><br \/>(-16 for losing)\n|l|\u2606Nefferia\n","uploadtime":1700463056,"views":27,"p1id":"rewolf3","p2id":"nefferia","formatid":"gen9vgc2023regulatione","rating":1036,"private":0,"password":""}