{"id":"gen9vgc2023regulatione-1992653677","p1":"Iesihs","p2":"GB Five","format":"[Gen 9] VGC 2023 Regulation E","log":"|j|\u2606Iesihs\n|j|\u2606GB Five\n|t:|1700220872\n|gametype|doubles\n|player|p1|Iesihs|1|1459\n|player|p2|GB Five|1|1546\n|teamsize|p1|6\n|teamsize|p2|6\n|gen|9\n|tier|[Gen 9] VGC 2023 Regulation E\n|rated|\n|rule|Species Clause: Limit one of each Pok\u00e9mon\n|rule|Item Clause: Limit one of each item\n|clearpoke\n|poke|p1|Roaring Moon, L50|\n|poke|p1|Flutter Mane, L50|\n|poke|p1|Landorus-Therian, L50, M|\n|poke|p1|Heatran, L50, F|\n|poke|p1|Amoonguss, L50, F|\n|poke|p1|Iron Hands, L50|\n|poke|p2|Weezing, L50, M|\n|poke|p2|Urshifu-*, L50, M|\n|poke|p2|Toedscruel, L50, M|\n|poke|p2|Flutter Mane, L50|\n|poke|p2|Medicham, L50, F|\n|poke|p2|Roaring Moon, L50|\n|teampreview|4\n|\n|t:|1700220939\n|start\n|switch|p1a: Roaring Moon|Roaring Moon, L50|100\/100\n|switch|p1b: Iron Hands|Iron Hands, L50|100\/100\n|switch|p2a: \u54e5\u54e5\u559c\u6b22\u773c\u955c\u5a18\u5417\uff1f|Flutter Mane, L50|100\/100\n|switch|p2b: \u9006\u98ce\u56fd\u8db3\uff01\u9006\u98ce\u56fd\u8db3\uff01|Roaring Moon, L50|100\/100\n|-enditem|p2b: \u9006\u98ce\u56fd\u8db3\uff01\u9006\u98ce\u56fd\u8db3\uff01|Booster Energy\n|-activate|p2b: \u9006\u98ce\u56fd\u8db3\uff01\u9006\u98ce\u56fd\u8db3\uff01|ability: Protosynthesis|[fromitem]\n|-start|p2b: \u9006\u98ce\u56fd\u8db3\uff01\u9006\u98ce\u56fd\u8db3\uff01|protosynthesisspe\n|-enditem|p1a: Roaring Moon|Booster Energy\n|-activate|p1a: Roaring Moon|ability: Protosynthesis|[fromitem]\n|-start|p1a: Roaring Moon|protosynthesisatk\n|turn|1\n|\n|t:|1700220977\n|-terastallize|p2b: \u9006\u98ce\u56fd\u8db3\uff01\u9006\u98ce\u56fd\u8db3\uff01|Ghost\n|-terastallize|p1a: Roaring Moon|Flying\n|move|p1b: Iron Hands|Fake Out|p2b: \u9006\u98ce\u56fd\u8db3\uff01\u9006\u98ce\u56fd\u8db3\uff01\n|-immune|p2b: \u9006\u98ce\u56fd\u8db3\uff01\u9006\u98ce\u56fd\u8db3\uff01\n|move|p2b: \u9006\u98ce\u56fd\u8db3\uff01\u9006\u98ce\u56fd\u8db3\uff01|Breaking Swipe|p1b: Iron Hands|[spread] p1a,p1b\n|-damage|p1a: Roaring Moon|74\/100\n|-damage|p1b: Iron Hands|85\/100\n|-unboost|p1a: Roaring Moon|atk|1\n|-unboost|p1b: Iron Hands|atk|1\n|move|p1a: Roaring Moon|Acrobatics|p2a: \u54e5\u54e5\u559c\u6b22\u773c\u955c\u5a18\u5417\uff1f\n|-damage|p2a: \u54e5\u54e5\u559c\u6b22\u773c\u955c\u5a18\u5417\uff1f|29\/100\n|-enditem|p2a: \u54e5\u54e5\u559c\u6b22\u773c\u955c\u5a18\u5417\uff1f|Sitrus Berry|[eat]\n|-heal|p2a: \u54e5\u54e5\u559c\u6b22\u773c\u955c\u5a18\u5417\uff1f|54\/100|[from] item: Sitrus Berry\n|move|p2a: \u54e5\u54e5\u559c\u6b22\u773c\u955c\u5a18\u5417\uff1f|Dazzling Gleam|p1a: Roaring Moon|[spread] p1a,p1b\n|-supereffective|p1b: Iron Hands\n|-damage|p1a: Roaring Moon|47\/100\n|-damage|p1b: Iron Hands|54\/100\n|\n|upkeep\n|turn|2\n|\n|t:|1700221033\n|-end|p1a: Roaring Moon|Protosynthesis|[silent]\n|switch|p1a: Amoonguss|Amoonguss, L50, F|100\/100\n|-end|p1b: Iron Hands|Quark Drive|[silent]\n|switch|p1b: Flutter Mane|Flutter Mane, L50, shiny|100\/100\n|move|p2b: \u9006\u98ce\u56fd\u8db3\uff01\u9006\u98ce\u56fd\u8db3\uff01|Breaking Swipe|p1a: Amoonguss|[spread] p1a\n|-immune|p1b: Flutter Mane\n|-damage|p1a: Amoonguss|85\/100\n|-unboost|p1a: Amoonguss|atk|1\n|-damage|p2b: \u9006\u98ce\u56fd\u8db3\uff01\u9006\u98ce\u56fd\u8db3\uff01|84\/100|[from] item: Rocky Helmet|[of] p1a: Amoonguss\n|move|p2a: \u54e5\u54e5\u559c\u6b22\u773c\u955c\u5a18\u5417\uff1f|Dazzling Gleam|p1a: Amoonguss|[spread] p1a,p1b\n|-resisted|p1a: Amoonguss\n|-damage|p1a: Amoonguss|71\/100\n|-damage|p1b: Flutter Mane|68\/100\n|\n|upkeep\n|turn|3\n|inactive|Battle timer is ON: inactive players will automatically lose when time's up. (requested by Iesihs)\n|\n|t:|1700221086\n|move|p1a: Amoonguss|Rage Powder|p1a: Amoonguss\n|-singleturn|p1a: Amoonguss|move: Rage Powder\n|move|p2b: \u9006\u98ce\u56fd\u8db3\uff01\u9006\u98ce\u56fd\u8db3\uff01|Knock Off|p1a: Amoonguss\n|-damage|p1a: Amoonguss|38\/100\n|-damage|p2b: \u9006\u98ce\u56fd\u8db3\uff01\u9006\u98ce\u56fd\u8db3\uff01|68\/100|[from] item: Rocky Helmet|[of] p1a: Amoonguss\n|-enditem|p1a: Amoonguss|Rocky Helmet|[from] move: Knock Off|[of] p2b: \u9006\u98ce\u56fd\u8db3\uff01\u9006\u98ce\u56fd\u8db3\uff01\n|move|p1b: Flutter Mane|Dazzling Gleam|p2b: \u9006\u98ce\u56fd\u8db3\uff01\u9006\u98ce\u56fd\u8db3\uff01|[spread] p2a,p2b\n|-damage|p2a: \u54e5\u54e5\u559c\u6b22\u773c\u955c\u5a18\u5417\uff1f|10\/100\n|-damage|p2b: \u9006\u98ce\u56fd\u8db3\uff01\u9006\u98ce\u56fd\u8db3\uff01|25\/100\n|move|p2a: \u54e5\u54e5\u559c\u6b22\u773c\u955c\u5a18\u5417\uff1f|Hex|p1a: Amoonguss\n|-damage|p1a: Amoonguss|4\/100\n|\n|upkeep\n|turn|4\n|\n|t:|1700221110\n|move|p1a: Amoonguss|Rage Powder|p1a: Amoonguss\n|-singleturn|p1a: Amoonguss|move: Rage Powder\n|move|p2b: \u9006\u98ce\u56fd\u8db3\uff01\u9006\u98ce\u56fd\u8db3\uff01|Tailwind|p2b: \u9006\u98ce\u56fd\u8db3\uff01\u9006\u98ce\u56fd\u8db3\uff01\n|-sidestart|p2: GB Five|move: Tailwind\n|move|p2a: \u54e5\u54e5\u559c\u6b22\u773c\u955c\u5a18\u5417\uff1f|Dazzling Gleam|p1b: Flutter Mane|[spread] p1a,p1b\n|-resisted|p1a: Amoonguss\n|-damage|p1a: Amoonguss|0 fnt\n|-damage|p1b: Flutter Mane|35\/100\n|faint|p1a: Amoonguss\n|move|p1b: Flutter Mane|Dazzling Gleam|p2a: \u54e5\u54e5\u559c\u6b22\u773c\u955c\u5a18\u5417\uff1f|[spread] p2a,p2b\n|-crit|p2a: \u54e5\u54e5\u559c\u6b22\u773c\u955c\u5a18\u5417\uff1f\n|-damage|p2a: \u54e5\u54e5\u559c\u6b22\u773c\u955c\u5a18\u5417\uff1f|0 fnt\n|-damage|p2b: \u9006\u98ce\u56fd\u8db3\uff01\u9006\u98ce\u56fd\u8db3\uff01|0 fnt\n|faint|p2a: \u54e5\u54e5\u559c\u6b22\u773c\u955c\u5a18\u5417\uff1f\n|-end|p2a: \u54e5\u54e5\u559c\u6b22\u773c\u955c\u5a18\u5417\uff1f|Protosynthesis|[silent]\n|faint|p2b: \u9006\u98ce\u56fd\u8db3\uff01\u9006\u98ce\u56fd\u8db3\uff01\n|-end|p2b: \u9006\u98ce\u56fd\u8db3\uff01\u9006\u98ce\u56fd\u8db3\uff01|Protosynthesis|[silent]\n|\n|upkeep\n|\n|t:|1700221129\n|switch|p2b: \u3053\u308c\u308f\u9752\u6625\u3060\uff01|Urshifu, L50, M|100\/100\n|switch|p2a: \u59b9\u59b9\u8ddf\u6211\u4e0a\u5e8a\u5427\uff01|Toedscruel, L50, M|100\/100\n|switch|p1a: Iron Hands|Iron Hands, L50|54\/100\n|turn|5\n|inactive|Iesihs has 30 seconds left.\n|inactive|Iesihs has 20 seconds left.\n|inactive|Iesihs has 15 seconds left.\n|l|\u2606Iesihs\n|inactive|Iesihs disconnected and has a minute to reconnect!\n|player|p1|\n|inactive|Iesihs has 10 seconds left.\n|inactive|Iesihs has 5 seconds left.\n|j|\u2606Iesihs\n|inactive|Iesihs reconnected and has 5 seconds left.\n|player|p1|Iesihs|1\n|\n|t:|1700221182\n|move|p1a: Iron Hands|Fake Out|p2a: \u59b9\u59b9\u8ddf\u6211\u4e0a\u5e8a\u5427\uff01\n|-damage|p2a: \u59b9\u59b9\u8ddf\u6211\u4e0a\u5e8a\u5427\uff01|78\/100\n|cant|p2a: \u59b9\u59b9\u8ddf\u6211\u4e0a\u5e8a\u5427\uff01|flinch\n|move|p2b: \u3053\u308c\u308f\u9752\u6625\u3060\uff01|Close Combat|p1a: Iron Hands\n|-damage|p1a: Iron Hands|0 fnt\n|-unboost|p2b: \u3053\u308c\u308f\u9752\u6625\u3060\uff01|def|1\n|-unboost|p2b: \u3053\u308c\u308f\u9752\u6625\u3060\uff01|spd|1\n|faint|p1a: Iron Hands\n|-end|p1a: Iron Hands|Quark Drive|[silent]\n|move|p1b: Flutter Mane|Dazzling Gleam|p2b: \u3053\u308c\u308f\u9752\u6625\u3060\uff01|[spread] p2a,p2b\n|-supereffective|p2b: \u3053\u308c\u308f\u9752\u6625\u3060\uff01\n|-damage|p2a: \u59b9\u59b9\u8ddf\u6211\u4e0a\u5e8a\u5427\uff01|31\/100\n|-damage|p2b: \u3053\u308c\u308f\u9752\u6625\u3060\uff01|0 fnt\n|faint|p2b: \u3053\u308c\u308f\u9752\u6625\u3060\uff01\n|\n|upkeep\n|-message|GB Five forfeited.\n|\n|win|Iesihs\n|raw|Iesihs's rating: 1459 &rarr; <strong>1484<\/strong><br \/>(+25 for winning)\n|raw|GB Five's rating: 1546 &rarr; <strong>1521<\/strong><br \/>(-25 for losing)\n|l|\u2606GB Five\n|l|\u2606Iesihs\n|j|\u2606Iesihs\n|player|p1|Iesihs|1\n","uploadtime":1700221240,"views":26,"p1id":"iesihs","p2id":"gbfive","formatid":"gen9vgc2023regulatione","rating":1484,"private":0,"password":""}