{"id":"gen9vgc2023regulatione-1993653330","p1":"Wotan888","p2":"Squirly","format":"[Gen 9] VGC 2023 Regulation E","log":"|j|\u2606Wotan888\n|j|\u2606Squirly\n|n|\u2606Wotan888|wotan888\n|n|\u2606Squirly|squirly\n|html|View the match progress at <a href=\"\/game-bestof3-gen9vgc2023regulatione-1993653329\">game-bestof3-gen9vgc2023regulatione-1993653329<\/a>\n|t:|1700341898\n|gametype|doubles\n|player|p1|Wotan888|ethan|\n|player|p2|Squirly|psychic-gen4|\n|teamsize|p1|6\n|teamsize|p2|6\n|gen|9\n|tier|[Gen 9] VGC 2023 Regulation E\n|rule|Species Clause: Limit one of each Pok\u00e9mon\n|rule|Item Clause: Limit one of each item\n|clearpoke\n|poke|p1|Zapdos, L50|\n|poke|p1|Persian-Alola, L50, F|\n|poke|p1|Basculin-White-Striped, L50, F|\n|poke|p1|Baxcalibur, L50, F|\n|poke|p1|Ninetales-Alola, L50, F|\n|poke|p1|Torterra, L50, F|\n|poke|p2|Mamoswine, L50, F|\n|poke|p2|Ogerpon-Cornerstone, L50, F|\n|poke|p2|Foongus, L50, M|\n|poke|p2|Copperajah, L50, M|\n|poke|p2|Iron Jugulis, L50|\n|poke|p2|Skeledirge, L50, M|\n|teampreview|4\nWotan888 rejected open team sheets.\n|j| F3athers\n|j| jayballester\n|j| Jstardude\n|j| Specs Hex Pex\n|\n|t:|1700342012\n|start\n|switch|p1a: Zapdos|Zapdos, L50|100\/100\n|switch|p1b: Persian|Persian-Alola, L50, F, shiny|100\/100\n|switch|p2a: jet engine|Iron Jugulis, L50|100\/100\n|switch|p2b: Shrek|Ogerpon-Cornerstone, L50, F|100\/100\n|-enditem|p2a: jet engine|Booster Energy\n|-activate|p2a: jet engine|ability: Quark Drive|[fromitem]\n|-start|p2a: jet engine|quarkdrivespe\n|turn|1\n|c| jayballester|That Persian needs to go to the vet\n|c|\u2606Squirly|lol\n|c| F3athers|ate a pinch berry and got confused\n|\n|t:|1700342076\n|move|p1b: Persian|Fake Out|p2a: jet engine\n|-damage|p2a: jet engine|94\/100\n|cant|p2a: jet engine|flinch\n|move|p2b: Shrek|Ivy Cudgel|p1a: Zapdos|[anim] Ivy Cudgel Rock\n|-supereffective|p1a: Zapdos\n|-damage|p1a: Zapdos|0 fnt\n|faint|p1a: Zapdos\n|\n|upkeep\n|\n|t:|1700342096\n|switch|p1a: Ninetales|Ninetales-Alola, L50, F, shiny|100\/100\n|-weather|Snow|[from] ability: Snow Warning|[of] p1a: Ninetales\n|turn|2\n|\n|t:|1700342129\n|move|p2a: jet engine|Flash Cannon|p1a: Ninetales\n|-supereffective|p1a: Ninetales\n|-damage|p1a: Ninetales|0 fnt\n|faint|p1a: Ninetales\n|move|p1b: Persian|Parting Shot|p2b: Shrek\n|-unboost|p2b: Shrek|atk|1\n|-unboost|p2b: Shrek|spa|1\n|\n|t:|1700342134\n|switch|p1b: Baxcalibur|Baxcalibur, L50, F|100\/100|[from] Parting Shot\n|move|p2b: Shrek|Ivy Cudgel|p1b: Baxcalibur|[anim] Ivy Cudgel Rock\n|-supereffective|p1b: Baxcalibur\n|-damage|p1b: Baxcalibur|53\/100\n|\n|-weather|Snow|[upkeep]\n|upkeep\n|\n|t:|1700342136\n|switch|p1a: Persian|Persian-Alola, L50, F, shiny|100\/100\n|turn|3\n|\n|t:|1700342195\n|move|p1a: Persian|Fake Out|p2b: Shrek\n|-resisted|p2b: Shrek\n|-damage|p2b: Shrek|97\/100\n|move|p1b: Baxcalibur|Ice Shard|p2a: jet engine\n|-supereffective|p2a: jet engine\n|-damage|p2a: jet engine|38\/100\n|move|p2a: jet engine|Tailwind|p2a: jet engine\n|-sidestart|p2: Squirly|move: Tailwind\n|cant|p2b: Shrek|flinch\n|\n|-weather|Snow|[upkeep]\n|upkeep\n|turn|4\n|\n|t:|1700342222\n|move|p1b: Baxcalibur|Ice Shard|p2a: jet engine\n|-supereffective|p2a: jet engine\n|-damage|p2a: jet engine|0 fnt\n|faint|p2a: jet engine\n|-end|p2a: jet engine|Quark Drive|[silent]\n|move|p2b: Shrek|Ivy Cudgel|p1b: Baxcalibur|[anim] Ivy Cudgel Rock\n|-supereffective|p1b: Baxcalibur\n|-damage|p1b: Baxcalibur|8\/100\n|move|p1a: Persian|Parting Shot|p2b: Shrek\n|-unboost|p2b: Shrek|atk|1\n|-unboost|p2b: Shrek|spa|1\n|\n|-weather|Snow|[upkeep]\n|upkeep\n|\n|t:|1700342249\n|switch|p2a: Greater Tusk|Mamoswine, L50, F|100\/100\n|turn|5\n|\n|t:|1700342258\n|-terastallize|p1b: Baxcalibur|Steel\n|move|p2b: Shrek|Ivy Cudgel|p1b: Baxcalibur|[anim] Ivy Cudgel Rock\n|-resisted|p1b: Baxcalibur\n|-damage|p1b: Baxcalibur|0 fnt\n|faint|p1b: Baxcalibur\n|move|p2a: Greater Tusk|High Horsepower|p1a: Persian\n|-damage|p1a: Persian|62\/100\n|-damage|p2a: Greater Tusk|84\/100|[from] item: Rocky Helmet|[of] p1a: Persian\n|move|p1a: Persian|Knock Off|p2a: Greater Tusk\n|-damage|p2a: Greater Tusk|69\/100\n|-enditem|p2a: Greater Tusk|Assault Vest|[from] move: Knock Off|[of] p1a: Persian\n|\n|-weather|Snow|[upkeep]\n|upkeep\n|turn|6\n|\n|t:|1700342278\n|move|p2b: Shrek|Ivy Cudgel|p1a: Persian|[anim] Ivy Cudgel Rock\n|-damage|p1a: Persian|39\/100\n|move|p2a: Greater Tusk|High Horsepower|p1a: Persian\n|-damage|p1a: Persian|2\/100\n|-damage|p2a: Greater Tusk|53\/100|[from] item: Rocky Helmet|[of] p1a: Persian\n|move|p1a: Persian|Knock Off|p2a: Greater Tusk\n|-damage|p2a: Greater Tusk|42\/100\n|\n|-weather|none\n|-sideend|p2: Squirly|move: Tailwind\n|upkeep\n|turn|7\n|\n|t:|1700342293\n|move|p1a: Persian|Knock Off|p2a: Greater Tusk\n|-damage|p2a: Greater Tusk|26\/100\n|move|p2b: Shrek|Ivy Cudgel|p1a: Persian|[anim] Ivy Cudgel Rock\n|-damage|p1a: Persian|0 fnt\n|faint|p1a: Persian\n|\n|win|Squirly\n|c|&|\/uhtml prompt-squirly,Squirly is ready for game 2!\n|c|&|\/uhtml prompt-wotan888,Wotan888 is ready for game 2!\nBoth players are ready! Starting next match!\n|l| Specs Hex Pex\n|l| F3athers\n|l|\u2606Wotan888\n","uploadtime":1700342311,"views":10,"p1id":"wotan888","p2id":"squirly","formatid":"gen9vgc2023regulatione","rating":0,"private":0,"password":""}