{"id":"gen9vgc2023regulatione-1991223071","p1":"TekLord","p2":"please cheese","format":"[Gen 9] VGC 2023 Regulation E","log":"|j|\u2606TekLord\n|j|\u2606please cheese\n|t:|1700058738\n|gametype|doubles\n|player|p1|TekLord|lance|1353\n|player|p2|please cheese|pokemaniac|1314\n|teamsize|p1|6\n|teamsize|p2|6\n|gen|9\n|tier|[Gen 9] VGC 2023 Regulation E\n|rated|\n|rule|Species Clause: Limit one of each Pok\u00e9mon\n|rule|Item Clause: Limit one of each item\n|clearpoke\n|poke|p1|Landorus-Therian, L50, M|\n|poke|p1|Iron Hands, L50|\n|poke|p1|Flutter Mane, L50|\n|poke|p1|Ogerpon-Wellspring, L50, F|\n|poke|p1|Tornadus, L50, M|\n|poke|p1|Scizor, L50, M|\n|poke|p2|Zapdos, L50|\n|poke|p2|Politoed, L50, M|\n|poke|p2|Tornadus, L50, M|\n|poke|p2|Urshifu-*, L50, F|\n|poke|p2|Kingambit, L50, F|\n|poke|p2|Basculegion, L50, M|\n|teampreview|4\n|\n|t:|1700058793\n|start\n|switch|p1a: Scizor|Scizor, L50, M|100\/100\n|switch|p1b: Ogerpon|Ogerpon-Wellspring, L50, F|100\/100\n|switch|p2a: Kingambit|Kingambit, L50, F|100\/100\n|switch|p2b: Basculegion|Basculegion, L50, M|100\/100\n|turn|1\n|\n|t:|1700058837\n|switch|p2b: Zapdos|Zapdos, L50|100\/100\n|move|p2a: Kingambit|Protect|p2a: Kingambit\n|-singleturn|p2a: Kingambit|Protect\n|move|p1b: Ogerpon|Follow Me|p1b: Ogerpon\n|-singleturn|p1b: Ogerpon|move: Follow Me\n|move|p1a: Scizor|Swords Dance|p1a: Scizor\n|-boost|p1a: Scizor|atk|2\n|\n|upkeep\n|turn|2\n|\n|t:|1700058875\n|switch|p2a: Politoed|Politoed, L50, M|100\/100\n|-weather|RainDance|[from] ability: Drizzle|[of] p2a: Politoed\n|move|p1b: Ogerpon|Encore||[still]\n|-fail|p1b: Ogerpon\n|move|p2b: Zapdos|Hurricane|p1a: Scizor\n|-damage|p1a: Scizor|0 fnt\n|faint|p1a: Scizor\n|-damage|p2b: Zapdos|91\/100|[from] item: Life Orb\n|\n|-weather|RainDance|[upkeep]\n|upkeep\n|\n|t:|1700058889\n|switch|p1a: Iron Hands|Iron Hands, L50|100\/100\n|turn|3\n|\n|t:|1700058935\n|move|p2a: Politoed|Protect|p2a: Politoed\n|-singleturn|p2a: Politoed|Protect\n|move|p1a: Iron Hands|Fake Out|p2a: Politoed\n|-activate|p2a: Politoed|move: Protect\n|move|p1b: Ogerpon|Ivy Cudgel|p2b: Zapdos|[anim] Ivy Cudgel Water\n|-damage|p2b: Zapdos|2\/100\n|move|p2b: Zapdos|Hurricane|p1b: Ogerpon\n|-supereffective|p1b: Ogerpon\n|-damage|p1b: Ogerpon|0 fnt\n|faint|p1b: Ogerpon\n|-damage|p2b: Zapdos|0 fnt|[from] item: Life Orb\n|faint|p2b: Zapdos\n|\n|-weather|RainDance|[upkeep]\n|upkeep\n|\n|t:|1700058949\n|switch|p1b: Flutter Mane|Flutter Mane, L50|100\/100\n|switch|p2b: Basculegion|Basculegion, L50, M|100\/100\n|-enditem|p1b: Flutter Mane|Booster Energy\n|-activate|p1b: Flutter Mane|ability: Protosynthesis|[fromitem]\n|-start|p1b: Flutter Mane|protosynthesisspe\n|turn|4\n|\n|t:|1700058965\n|-terastallize|p1b: Flutter Mane|Fairy\n|-terastallize|p2b: Basculegion|Water\n|move|p2a: Politoed|Helping Hand|p2b: Basculegion\n|-singleturn|p2b: Basculegion|Helping Hand|[of] p2a: Politoed\n|move|p1b: Flutter Mane|Dazzling Gleam|p2a: Politoed|[spread] p2a,p2b\n|-damage|p2a: Politoed|65\/100\n|-damage|p2b: Basculegion|50\/100\n|move|p2b: Basculegion|Wave Crash|p1a: Iron Hands\n|-damage|p1a: Iron Hands|0 fnt\n|faint|p1a: Iron Hands\n|-end|p1a: Iron Hands|Quark Drive|[silent]\n|-damage|p2b: Basculegion|6\/100|[from] Recoil\n|\n|-weather|RainDance|[upkeep]\n|upkeep\n|turn|5\n|\n|t:|1700058988\n|switch|p2b: Kingambit|Kingambit, L50, F|100\/100\n|move|p1b: Flutter Mane|Dazzling Gleam|p2b: Kingambit|[spread] p2a,p2b\n|-damage|p2a: Politoed|23\/100\n|-damage|p2b: Kingambit|57\/100\n|move|p2a: Politoed|Icy Wind|p1b: Flutter Mane\n|-damage|p1b: Flutter Mane|88\/100\n|-unboost|p1b: Flutter Mane|spe|1\n|\n|-weather|RainDance|[upkeep]\n|upkeep\n|turn|6\n|\n|t:|1700059011\n|move|p2b: Kingambit|Protect|p2b: Kingambit\n|-singleturn|p2b: Kingambit|Protect\n|move|p1b: Flutter Mane|Dazzling Gleam|p2b: Kingambit|[spread] p2a\n|-activate|p2b: Kingambit|move: Protect\n|-damage|p2a: Politoed|0 fnt\n|faint|p2a: Politoed\n|\n|-weather|RainDance|[upkeep]\n|upkeep\n|\n|t:|1700059018\n|switch|p2a: Basculegion|Basculegion, L50, M, tera:Water|6\/100\n|turn|7\n|\n|t:|1700059033\n|move|p2a: Basculegion|Aqua Jet|p1b: Flutter Mane\n|-damage|p1b: Flutter Mane|0 fnt\n|faint|p1b: Flutter Mane\n|-end|p1b: Flutter Mane|Protosynthesis|[silent]\n|\n|win|please cheese\n|raw|TekLord's rating: 1353 &rarr; <strong>1331<\/strong><br \/>(-22 for losing)\n|raw|please cheese's rating: 1314 &rarr; <strong>1336<\/strong><br \/>(+22 for winning)\n|l|\u2606TekLord\n","uploadtime":1700059057,"views":20,"p1id":"teklord","p2id":"pleasecheese","formatid":"gen9vgc2023regulatione","rating":1331,"private":0,"password":""}