{"id":"gen9vgc2023regulatione-1993373170","p1":"Ludwigxzc","p2":"miniat","format":"[Gen 9] VGC 2023 Regulation E","log":"|j|\u2606Ludwigxzc\n|j|\u2606miniat\n|t:|1700308086\n|gametype|doubles\n|player|p1|Ludwigxzc|101|1349\n|player|p2|miniat|cress|1351\n|teamsize|p1|6\n|teamsize|p2|6\n|gen|9\n|tier|[Gen 9] VGC 2023 Regulation E\n|rated|\n|rule|Species Clause: Limit one of each Pok\u00e9mon\n|rule|Item Clause: Limit one of each item\n|clearpoke\n|poke|p1|Ogerpon-Wellspring, L50, F|\n|poke|p1|Arcanine-Hisui, L50, F|\n|poke|p1|Tornadus, L50, M|\n|poke|p1|Iron Hands, L50|\n|poke|p1|Urshifu-*, L50, M|\n|poke|p1|Chi-Yu, L50|\n|poke|p2|Roaring Moon, L50|\n|poke|p2|Sableye, L50, F|\n|poke|p2|Urshifu-*, L50, M|\n|poke|p2|Tornadus, L50, M|\n|poke|p2|Iron Hands, L50|\n|poke|p2|Ogerpon, L50, F|\n|teampreview|4\n|inactive|Battle timer is ON: inactive players will automatically lose when time's up. (requested by Ludwigxzc)\n|\n|t:|1700308108\n|start\n|switch|p1a: Tornadus|Tornadus, L50, M|100\/100\n|switch|p1b: Arcanine|Arcanine-Hisui, L50, F|100\/100\n|switch|p2a: Roaring Moon|Roaring Moon, L50|100\/100\n|switch|p2b: Sableye|Sableye, L50, F|100\/100\n|-ability|p1b: Arcanine|Intimidate|boost\n|-unboost|p2a: Roaring Moon|atk|1\n|-unboost|p2b: Sableye|atk|1\n|-enditem|p2a: Roaring Moon|Booster Energy\n|-activate|p2a: Roaring Moon|ability: Protosynthesis|[fromitem]\n|-start|p2a: Roaring Moon|protosynthesisspe\n|turn|1\n|\n|t:|1700308130\n|-terastallize|p1b: Arcanine|Fairy\n|move|p2b: Sableye|Fake Out|p1b: Arcanine\n|-damage|p1b: Arcanine|95\/100\n|move|p1a: Tornadus|Tailwind|p1a: Tornadus\n|-sidestart|p1: Ludwigxzc|move: Tailwind\n|move|p2a: Roaring Moon|Dragon Dance|p2a: Roaring Moon\n|-boost|p2a: Roaring Moon|atk|1\n|-boost|p2a: Roaring Moon|spe|1\n|cant|p1b: Arcanine|flinch\n|\n|upkeep\n|turn|2\n|\n|t:|1700308146\n|move|p2a: Roaring Moon|Protect|p2a: Roaring Moon\n|-singleturn|p2a: Roaring Moon|Protect\n|move|p2b: Sableye|Will-O-Wisp|p1b: Arcanine\n|-status|p1b: Arcanine|brn\n|move|p1a: Tornadus|Bleakwind Storm|p2b: Sableye|[spread] p2b\n|-activate|p2a: Roaring Moon|move: Protect\n|-damage|p2b: Sableye|62\/100\n|move|p1b: Arcanine|Tera Blast|p2a: Roaring Moon|[anim] Tera Blast Fairy\n|-activate|p2a: Roaring Moon|move: Protect\n|\n|-damage|p1b: Arcanine|89\/100 brn|[from] brn\n|upkeep\n|turn|3\n|\n|t:|1700308163\n|-terastallize|p2a: Roaring Moon|Flying\n|move|p2b: Sableye|Leer|p1b: Arcanine|[spread] p1a,p1b\n|-unboost|p1a: Tornadus|def|1\n|-unboost|p1b: Arcanine|def|1\n|move|p2a: Roaring Moon|Acrobatics|p1b: Arcanine\n|-damage|p1b: Arcanine|0 fnt\n|faint|p1b: Arcanine\n|move|p1a: Tornadus|Bleakwind Storm|p2b: Sableye|[spread] p2b\n|-miss|p1a: Tornadus|p2a: Roaring Moon\n|-damage|p2b: Sableye|24\/100\n|-enditem|p2b: Sableye|Sitrus Berry|[eat]\n|-heal|p2b: Sableye|49\/100|[from] item: Sitrus Berry\n|\n|upkeep\n|\n|t:|1700308182\n|switch|p1b: Urshifu|Urshifu-Rapid-Strike, L50, M|100\/100\n|turn|4\n|\n|t:|1700308200\n|move|p1b: Urshifu|Detect|p1b: Urshifu\n|-singleturn|p1b: Urshifu|Protect\n|move|p1a: Tornadus|Rain Dance|p1a: Tornadus\n|-weather|RainDance\n|move|p2b: Sableye|Leer|p1b: Urshifu|[spread] p1a\n|-activate|p1b: Urshifu|move: Protect\n|-unboost|p1a: Tornadus|def|1\n|move|p2a: Roaring Moon|Acrobatics|p1b: Urshifu\n|-activate|p1b: Urshifu|move: Protect\n|\n|-weather|RainDance|[upkeep]\n|-sideend|p1: Ludwigxzc|move: Tailwind\n|upkeep\n|turn|5\n|inactive|Ludwigxzc has 30 seconds left.\n|\n|t:|1700308225\n|move|p1b: Urshifu|Aqua Jet|p2b: Sableye\n|-damage|p2b: Sableye|0 fnt\n|faint|p2b: Sableye\n|move|p2a: Roaring Moon|Acrobatics|p1b: Urshifu\n|-supereffective|p1b: Urshifu\n|-damage|p1b: Urshifu|0 fnt\n|faint|p1b: Urshifu\n|move|p1a: Tornadus|Bleakwind Storm|p2a: Roaring Moon\n|-damage|p2a: Roaring Moon|55\/100\n|\n|-weather|RainDance|[upkeep]\n|upkeep\n|\n|t:|1700308237\n|switch|p1b: Ogerpon|Ogerpon-Wellspring, L50, F|100\/100\n|switch|p2b: Urshifu|Urshifu-Rapid-Strike, L50, M|100\/100\n|turn|6\n|\n|t:|1700308251\n|move|p1b: Ogerpon|Spiky Shield|p1b: Ogerpon\n|-singleturn|p1b: Ogerpon|move: Protect\n|move|p2b: Urshifu|Aqua Jet|p1a: Tornadus\n|-damage|p1a: Tornadus|44\/100\n|move|p2a: Roaring Moon|Acrobatics|p1b: Ogerpon\n|-activate|p1b: Ogerpon|move: Protect\n|-damage|p2a: Roaring Moon|43\/100|[from] Spiky Shield|[of] p1b: Ogerpon\n|move|p1a: Tornadus|Bleakwind Storm|p2b: Urshifu|[spread] p2a,p2b\n|-supereffective|p2b: Urshifu\n|-damage|p2a: Roaring Moon|9\/100\n|-damage|p2b: Urshifu|8\/100\n|-unboost|p2a: Roaring Moon|spe|1\n|\n|-weather|RainDance|[upkeep]\n|upkeep\n|turn|7\n|inactive|miniat has 30 seconds left.\n|\n|t:|1700308282\n|switch|p2b: Iron Hands|Iron Hands, L50|100\/100\n|move|p2a: Roaring Moon|Protect|p2a: Roaring Moon\n|-singleturn|p2a: Roaring Moon|Protect\n|move|p1a: Tornadus|Tailwind|p1a: Tornadus\n|-sidestart|p1: Ludwigxzc|move: Tailwind\n|move|p1b: Ogerpon|Ivy Cudgel|p2a: Roaring Moon|[anim] Ivy Cudgel Water\n|-activate|p2a: Roaring Moon|move: Protect\n|\n|-weather|RainDance|[upkeep]\n|upkeep\n|turn|8\n|inactive|Ludwigxzc has 30 seconds left.\n|inactive|Ludwigxzc has 20 seconds left.\n|inactive|Ludwigxzc has 15 seconds left.\n|inactive|miniat has 30 seconds left.\n|\n|t:|1700308331\n|-end|p2a: Roaring Moon|Protosynthesis|[silent]\n|switch|p2a: Urshifu|Urshifu-Rapid-Strike, L50, M|8\/100\n|move|p1b: Ogerpon|Ivy Cudgel|p2b: Iron Hands|[anim] Ivy Cudgel Water\n|-damage|p2b: Iron Hands|45\/100\n|move|p1a: Tornadus|Bleakwind Storm|p2a: Urshifu|[spread] p2a,p2b\n|-supereffective|p2a: Urshifu\n|-damage|p2a: Urshifu|0 fnt\n|-damage|p2b: Iron Hands|27\/100\n|faint|p2a: Urshifu\n|move|p2b: Iron Hands|Wild Charge|p1a: Tornadus\n|-supereffective|p1a: Tornadus\n|-damage|p1a: Tornadus|0 fnt\n|faint|p1a: Tornadus\n|-damage|p2b: Iron Hands|19\/100|[from] Recoil\n|\n|-weather|none\n|upkeep\n|\n|t:|1700308333\n|switch|p2a: Roaring Moon|Roaring Moon, L50, tera:Flying|9\/100\n|turn|9\n|\n|t:|1700308352\n|move|p1b: Ogerpon|Spiky Shield|p1b: Ogerpon\n|-singleturn|p1b: Ogerpon|move: Protect\n|move|p2a: Roaring Moon|Dragon Dance|p2a: Roaring Moon\n|-boost|p2a: Roaring Moon|atk|1\n|-boost|p2a: Roaring Moon|spe|1\n|move|p2b: Iron Hands|Drain Punch|p1b: Ogerpon\n|-activate|p1b: Ogerpon|move: Protect\n|-damage|p2b: Iron Hands|7\/100|[from] Spiky Shield|[of] p1b: Ogerpon\n|\n|upkeep\n|turn|10\n|\n|t:|1700308363\n|move|p2a: Roaring Moon|Protect|p2a: Roaring Moon\n|-singleturn|p2a: Roaring Moon|Protect\n|move|p1b: Ogerpon|Spiky Shield||[still]\n|-fail|p1b: Ogerpon\n|move|p2b: Iron Hands|Drain Punch|p1b: Ogerpon\n|-damage|p1b: Ogerpon|55\/100\n|-heal|p2b: Iron Hands|24\/100|[from] drain|[of] p1b: Ogerpon\n|\n|-sideend|p1: Ludwigxzc|move: Tailwind\n|upkeep\n|turn|11\n|inactive|miniat has 30 seconds left.\n|inactive|miniat has 20 seconds left.\n|inactive|miniat has 15 seconds left.\n|inactive|miniat has 10 seconds left.\n|\n|t:|1700308411\n|move|p2a: Roaring Moon|Dragon Dance|p2a: Roaring Moon\n|-boost|p2a: Roaring Moon|atk|1\n|-boost|p2a: Roaring Moon|spe|1\n|move|p1b: Ogerpon|Ivy Cudgel|p2a: Roaring Moon|[anim] Ivy Cudgel Water\n|-damage|p2a: Roaring Moon|0 fnt\n|faint|p2a: Roaring Moon\n|-end|p2a: Roaring Moon|Protosynthesis|[silent]\n|move|p2b: Iron Hands|Drain Punch|p1b: Ogerpon\n|-damage|p1b: Ogerpon|9\/100\n|-heal|p2b: Iron Hands|42\/100|[from] drain|[of] p1b: Ogerpon\n|\n|upkeep\n|turn|12\n|\n|t:|1700308426\n|move|p1b: Ogerpon|Spiky Shield|p1b: Ogerpon\n|-singleturn|p1b: Ogerpon|move: Protect\n|move|p2b: Iron Hands|Fake Out||[still]\n|-hint|Fake Out only works on your first turn out.\n|-fail|p2b: Iron Hands\n|\n|upkeep\n|turn|13\n|\n|t:|1700308433\n|move|p1b: Ogerpon|Ivy Cudgel|p2b: Iron Hands|[anim] Ivy Cudgel Water\n|-damage|p2b: Iron Hands|3\/100\n|move|p2b: Iron Hands|Drain Punch|p1b: Ogerpon\n|-damage|p1b: Ogerpon|0 fnt\n|-heal|p2b: Iron Hands|7\/100|[from] drain|[of] p1b: Ogerpon\n|faint|p1b: Ogerpon\n|\n|win|miniat\n|raw|Ludwigxzc's rating: 1349 &rarr; <strong>1329<\/strong><br \/>(-20 for losing)\n|raw|miniat's rating: 1351 &rarr; <strong>1371<\/strong><br \/>(+20 for winning)\n|c|\u2606miniat|yoooo\n|l|\u2606Ludwigxzc\n","uploadtime":1700308445,"views":34,"p1id":"ludwigxzc","p2id":"miniat","formatid":"gen9vgc2023regulatione","rating":1329,"private":0,"password":""}