{"id":"gen9vgc2023regulatione-1993886914","p1":"Mynegrass","p2":"Drewilliams10","format":"[Gen 9] VGC 2023 Regulation E","log":"|j|\u2606Mynegrass\n|j|\u2606Drewilliams10\n|t:|1700370248\n|gametype|doubles\n|player|p1|Mynegrass|volkner|1139\n|player|p2|Drewilliams10|shadowtriad|1219\n|teamsize|p1|6\n|teamsize|p2|6\n|gen|9\n|tier|[Gen 9] VGC 2023 Regulation E\n|rated|\n|rule|Species Clause: Limit one of each Pok\u00e9mon\n|rule|Item Clause: Limit one of each item\n|clearpoke\n|poke|p1|Snorlax, L50, M|\n|poke|p1|Sinistcha, L50|\n|poke|p1|Landorus-Therian, L50, M|\n|poke|p1|Iron Hands, L50|\n|poke|p1|Clefairy, L50, M|\n|poke|p1|Kommo-o, L50, M|\n|poke|p2|Ogerpon-Hearthflame, L50, F|\n|poke|p2|Gyarados, L50, M|\n|poke|p2|Rillaboom, L50, M|\n|poke|p2|Tornadus, L50, M|\n|poke|p2|Iron Hands, L50|\n|poke|p2|Gholdengo, L50|\n|teampreview|4\n|j| GymLeader Avery\n|l| GymLeader Avery\n|inactive|Battle timer is ON: inactive players will automatically lose when time's up. (requested by Mynegrass)\nMynegrass rejected open team sheets.\n|\n|t:|1700370288\n|start\n|switch|p1a: Landorus|Landorus-Therian, L50, M|100\/100\n|switch|p1b: Snorlax|Snorlax, L50, M, shiny|100\/100\n|switch|p2a: Tornadus|Tornadus, L50, M|100\/100\n|switch|p2b: Gholdengo|Gholdengo, L50|100\/100\n|-ability|p1a: Landorus|Intimidate|boost\n|-unboost|p2a: Tornadus|atk|1\n|-unboost|p2b: Gholdengo|atk|1\n|turn|1\n|\n|t:|1700370309\n|move|p1b: Snorlax|Protect|p1b: Snorlax\n|-singleturn|p1b: Snorlax|Protect\n|move|p2a: Tornadus|Tailwind|p2a: Tornadus\n|-sidestart|p2: Drewilliams10|move: Tailwind\n|move|p2b: Gholdengo|Trick|p1b: Snorlax\n|-activate|p1b: Snorlax|move: Protect\n|move|p1a: Landorus|Stomping Tantrum|p2b: Gholdengo\n|-supereffective|p2b: Gholdengo\n|-damage|p2b: Gholdengo|0 fnt\n|faint|p2b: Gholdengo\n|\n|upkeep\n|\n|t:|1700370314\n|switch|p2b: Gyarados|Gyarados, L50, M|100\/100\n|-ability|p2b: Gyarados|Intimidate|boost\n|-unboost|p1a: Landorus|atk|1\n|-unboost|p1b: Snorlax|atk|1\n|turn|2\n|\n|t:|1700370326\n|switch|p1a: Iron Hands|Iron Hands, L50|100\/100\n|move|p2a: Tornadus|Taunt|p1b: Snorlax\n|-start|p1b: Snorlax|move: Taunt\n|move|p2b: Gyarados|Dragon Dance|p2b: Gyarados\n|-boost|p2b: Gyarados|atk|1\n|-boost|p2b: Gyarados|spe|1\n|cant|p1b: Snorlax|move: Taunt|Belly Drum\n|\n|upkeep\n|turn|3\n|\n|t:|1700370348\n|switch|p1b: Clefairy|Clefairy, L50, M|100\/100\n|-terastallize|p2b: Gyarados|Fire\n|move|p2b: Gyarados|Dragon Dance|p2b: Gyarados\n|-boost|p2b: Gyarados|atk|1\n|-boost|p2b: Gyarados|spe|1\n|move|p2a: Tornadus|Bleakwind Storm|p1b: Clefairy|[spread] p1a,p1b\n|-damage|p1a: Iron Hands|89\/100\n|-damage|p1b: Clefairy|75\/100\n|move|p1a: Iron Hands|Wild Charge|p2b: Gyarados\n|-damage|p2b: Gyarados|51\/100\n|-damage|p1a: Iron Hands|78\/100|[from] Recoil\n|\n|upkeep\n|turn|4\n|\n|t:|1700370370\n|move|p2b: Gyarados|Protect|p2b: Gyarados\n|-singleturn|p2b: Gyarados|Protect\n|move|p1b: Clefairy|Follow Me|p1b: Clefairy\n|-singleturn|p1b: Clefairy|move: Follow Me\n|move|p2a: Tornadus|Taunt|p1b: Clefairy\n|-start|p1b: Clefairy|move: Taunt\n|move|p1a: Iron Hands|Drain Punch|p2b: Gyarados\n|-activate|p2b: Gyarados|move: Protect\n|\n|-sideend|p2: Drewilliams10|move: Tailwind\n|upkeep\n|turn|5\n|\n|t:|1700370385\n|move|p2b: Gyarados|Waterfall|p1a: Iron Hands\n|-damage|p1a: Iron Hands|42\/100\n|move|p2a: Tornadus|Bleakwind Storm|p1b: Clefairy|[spread] p1a,p1b\n|-damage|p1a: Iron Hands|30\/100\n|-damage|p1b: Clefairy|51\/100\n|move|p1a: Iron Hands|Wild Charge|p2b: Gyarados\n|-crit|p2b: Gyarados\n|-damage|p2b: Gyarados|0 fnt\n|faint|p2b: Gyarados\n|-damage|p1a: Iron Hands|19\/100|[from] Recoil\n|-activate|p1b: Clefairy|move: Struggle\n|move|p1b: Clefairy|Struggle|p2a: Tornadus\n|-damage|p2a: Tornadus|95\/100\n|-damage|p1b: Clefairy|26\/100|[from] recoil\n|\n|upkeep\n|\n|t:|1700370394\n|switch|p2b: Iron Hands|Iron Hands, L50|100\/100\n|turn|6\n|\n|t:|1700370417\n|-end|p1a: Iron Hands|Quark Drive|[silent]\n|switch|p1a: Landorus|Landorus-Therian, L50, M|100\/100\n|-ability|p1a: Landorus|Intimidate|boost\n|-unboost|p2a: Tornadus|atk|1\n|-unboost|p2b: Iron Hands|atk|1\n|switch|p1b: Snorlax|Snorlax, L50, M, shiny|100\/100\n|move|p2a: Tornadus|Tailwind|p2a: Tornadus\n|-sidestart|p2: Drewilliams10|move: Tailwind\n|move|p2b: Iron Hands|Drain Punch|p1a: Landorus\n|-resisted|p1a: Landorus\n|-damage|p1a: Landorus|85\/100\n|\n|upkeep\n|turn|7\n|\n|t:|1700370438\n|move|p1b: Snorlax|Protect|p1b: Snorlax\n|-singleturn|p1b: Snorlax|Protect\n|move|p2a: Tornadus|Bleakwind Storm|p1b: Snorlax|[spread] \n|-activate|p1b: Snorlax|move: Protect\n|-miss|p2a: Tornadus|p1a: Landorus\n|move|p1a: Landorus|Rock Slide|p2a: Tornadus|[spread] p2a,p2b\n|-supereffective|p2a: Tornadus\n|-resisted|p2b: Iron Hands\n|-damage|p2a: Tornadus|46\/100\n|-damage|p2b: Iron Hands|94\/100\n|move|p2b: Iron Hands|Ice Punch|p1a: Landorus\n|-supereffective|p1a: Landorus\n|-damage|p1a: Landorus|3\/100\n|\n|upkeep\n|turn|8\n|inactive|Drewilliams10 has 30 seconds left.\n|\n|t:|1700370469\n|move|p2a: Tornadus|Bleakwind Storm|p1a: Landorus|[spread] p1a\n|-miss|p2a: Tornadus|p1b: Snorlax\n|-damage|p1a: Landorus|0 fnt\n|faint|p1a: Landorus\n|move|p2b: Iron Hands|Drain Punch|p1b: Snorlax\n|-supereffective|p1b: Snorlax\n|-damage|p1b: Snorlax|59\/100\n|-heal|p2b: Iron Hands|100\/100|[from] drain|[of] p1b: Snorlax\n|move|p1b: Snorlax|Belly Drum|p1b: Snorlax\n|-damage|p1b: Snorlax|9\/100\n|-setboost|p1b: Snorlax|atk|6|[from] move: Belly Drum\n|-enditem|p1b: Snorlax|Sitrus Berry|[eat]\n|-heal|p1b: Snorlax|34\/100|[from] item: Sitrus Berry\n|\n|upkeep\n|\n|t:|1700370478\n|switch|p1a: Clefairy|Clefairy, L50, M|26\/100\n|turn|9\n|\n|t:|1700370497\n|move|p1a: Clefairy|Follow Me|p1a: Clefairy\n|-singleturn|p1a: Clefairy|move: Follow Me\n|move|p2a: Tornadus|Bleakwind Storm|p1a: Clefairy|[spread] p1b\n|-miss|p2a: Tornadus|p1a: Clefairy\n|-damage|p1b: Snorlax|19\/100\n|-unboost|p1b: Snorlax|spe|1\n|move|p2b: Iron Hands|Wild Charge|p1a: Clefairy\n|-damage|p1a: Clefairy|0 fnt\n|faint|p1a: Clefairy\n|-damage|p2b: Iron Hands|96\/100|[from] Recoil\n|move|p1b: Snorlax|High Horsepower|p2b: Iron Hands|[miss]\n|-miss|p1b: Snorlax|p2b: Iron Hands\n|\n|-sideend|p2: Drewilliams10|move: Tailwind\n|upkeep\n|\n|t:|1700370512\n|switch|p1a: Iron Hands|Iron Hands, L50|19\/100\n|turn|10\n|\n|t:|1700370525\n|move|p1a: Iron Hands|Fake Out|p2b: Iron Hands\n|-damage|p2b: Iron Hands|85\/100\n|move|p2a: Tornadus|Bleakwind Storm|p1b: Snorlax|[spread] p1a,p1b\n|-damage|p1a: Iron Hands|3\/100\n|-damage|p1b: Snorlax|0 fnt\n|-unboost|p1a: Iron Hands|spe|1\n|faint|p1b: Snorlax\n|cant|p2b: Iron Hands|flinch\n|\n|upkeep\n|turn|11\n|-message|Mynegrass forfeited.\n|\n|win|Drewilliams10\n|raw|Mynegrass's rating: 1139 &rarr; <strong>1120<\/strong><br \/>(-19 for losing)\n|raw|Drewilliams10's rating: 1219 &rarr; <strong>1238<\/strong><br \/>(+19 for winning)\n|l|\u2606Mynegrass\n","uploadtime":1700370550,"views":7,"p1id":"mynegrass","p2id":"drewilliams10","formatid":"gen9vgc2023regulatione","rating":1120,"private":0,"password":""}