{"id":"gen9vgc2023regulatione-1994078013","p1":"pokesun1","p2":"smudgerox","format":"[Gen 9] VGC 2023 Regulation E","log":"|j|\u2606pokesun1\n|j|\u2606smudgerox\n|n|\u2606pokesun1|pokesun1\n|n|\u2606smudgerox|smudgerox\n|html|View the match progress at <a href=\"\/game-bestof3-gen9vgc2023regulatione-1994073895\">game-bestof3-gen9vgc2023regulatione-1994073895<\/a>\n|t:|1700403984\n|gametype|doubles\n|player|p1|pokesun1|lady-gen4|\n|player|p2|smudgerox|#dwcopiii|\n|teamsize|p1|6\n|teamsize|p2|6\n|gen|9\n|tier|[Gen 9] VGC 2023 Regulation E\n|rated|Tournament battle\n|rule|Species Clause: Limit one of each Pok\u00e9mon\n|rule|Item Clause: Limit one of each item\n|clearpoke\n|poke|p1|Ogerpon-Wellspring, L50, F|\n|poke|p1|Regieleki, L50|\n|poke|p1|Indeedee-F, L50, F|\n|poke|p1|Tornadus, L50, M|\n|poke|p1|Chi-Yu, L50|\n|poke|p1|Flutter Mane, L50|\n|poke|p2|Kommo-o, L50, F|\n|poke|p2|Tyranitar, L50, M|\n|poke|p2|Rillaboom, L50, M|\n|poke|p2|Flutter Mane, L50|\n|poke|p2|Arcanine-Hisui, L50, M|\n|poke|p2|Iron Bundle, L50|\n|teampreview|4\n|showteam|p1|Ogerpon-Wellspring||WellspringMask|WaterAbsorb|IvyCudgel,HornLeech,SwordsDance,SpikyShield|||F|||50|,,,,,Water]Regieleki||Magnet|Transistor|Thunderbolt,Electroweb,TeraBlast,Protect||||||50|,,,,,Ice]Indeedee-F||PsychicSeed|PsychicSurge|Psychic,FollowMe,HelpingHand,Protect|||F|||50|,,,,,Dragon]Tornadus||SafetyGoggles|Prankster|BleakwindStorm,Tailwind,RainDance,Protect|||M|||50|,,,,,Dark]Chi-Yu||LifeOrb|BeadsofRuin|HeatWave,Overheat,Snarl,Protect||||||50|,,,,,Fire]Flutter Mane||FocusSash|Protosynthesis|DazzlingGleam,Moonblast,ShadowBall,Protect||||||50|,,,,,Fairy\n|showteam|p2|Kommo-o||Leftovers|Bulletproof|BodyPress,IronDefense,IronHead,Protect|||F|||50|,,,,,Steel]Tyranitar||AssaultVest|SandStream|KnockOff,RockSlide,LowKick,TeraBlast|||M|||50|,,,,,Psychic]Rillaboom||MiracleSeed|GrassySurge|FakeOut,WoodHammer,GrassyGlide,Taunt|||M|||50|,,,,,Grass]Flutter Mane||ChoiceSpecs|Protosynthesis|DazzlingGleam,Moonblast,ShadowBall,TrickRoom||||||50|,,,,,Fairy]Arcanine-Hisui||SitrusBerry|Intimidate|FlareBlitz,RockSlide,Howl,WillOWisp|||M|||50|,,,,,Water]Iron Bundle||BoosterEnergy|QuarkDrive|FreezeDry,IcyWind,HydroPump,Protect||||||50|,,,,,Ghost\n|inactive|Battle timer is ON: inactive players will automatically lose when time's up. (requested by smudgerox)\n|inactive|smudgerox has 60 seconds left.\n|\n|t:|1700404027\n|start\n|switch|p1a: Regieleki|Regieleki, L50|100\/100\n|switch|p1b: Ogerpon|Ogerpon-Wellspring, L50, F|100\/100\n|switch|p2a: Tyranitar|Tyranitar, L50, M|100\/100\n|switch|p2b: Kommo-o|Kommo-o, L50, F|100\/100\n|-weather|Sandstorm|[from] ability: Sand Stream|[of] p2a: Tyranitar\n|turn|1\n|inactive|pokesun1 has 30 seconds left.\n|inactive|smudgerox has 30 seconds left.\n|\n|t:|1700404062\n|switch|p1a: Indeedee|Indeedee-F, L50, F|100\/100\n|-fieldstart|move: Psychic Terrain|[from] ability: Psychic Surge|[of] p1a: Indeedee\n|-enditem|p1a: Indeedee|Psychic Seed\n|-boost|p1a: Indeedee|spd|1|[from] item: Psychic Seed\n|-terastallize|p2a: Tyranitar|Psychic\n|move|p1b: Ogerpon|Swords Dance|p1b: Ogerpon\n|-boost|p1b: Ogerpon|atk|2\n|move|p2a: Tyranitar|Tera Blast|p1b: Ogerpon|[anim] Tera Blast Psychic\n|-damage|p1b: Ogerpon|30\/100\n|move|p2b: Kommo-o|Iron Defense|p2b: Kommo-o\n|-boost|p2b: Kommo-o|def|2\n|\n|-weather|Sandstorm|[upkeep]\n|-damage|p1b: Ogerpon|24\/100|[from] Sandstorm\n|-damage|p2a: Tyranitar|94\/100|[from] Sandstorm\n|-damage|p2b: Kommo-o|94\/100|[from] Sandstorm\n|-damage|p1a: Indeedee|94\/100|[from] Sandstorm\n|-heal|p2b: Kommo-o|100\/100|[from] item: Leftovers\n|upkeep\n|turn|2\n|\n|t:|1700404083\n|move|p1a: Indeedee|Follow Me|p1a: Indeedee\n|-singleturn|p1a: Indeedee|move: Follow Me\n|move|p1b: Ogerpon|Horn Leech|p2a: Tyranitar\n|-crit|p2a: Tyranitar\n|-damage|p2a: Tyranitar|0 fnt\n|-heal|p1b: Ogerpon|70\/100|[from] drain|[of] p2a: Tyranitar\n|faint|p2a: Tyranitar\n|move|p2b: Kommo-o|Iron Defense|p2b: Kommo-o\n|-boost|p2b: Kommo-o|def|2\n|\n|-weather|Sandstorm|[upkeep]\n|-damage|p1b: Ogerpon|64\/100|[from] Sandstorm\n|-damage|p2b: Kommo-o|94\/100|[from] Sandstorm\n|-damage|p1a: Indeedee|88\/100|[from] Sandstorm\n|-heal|p2b: Kommo-o|100\/100|[from] item: Leftovers\n|upkeep\n|\n|t:|1700404099\n|switch|p2a: Arcanine|Arcanine-Hisui, L50, M|100\/100\n|-ability|p2a: Arcanine|Intimidate|boost\n|-unboost|p1a: Indeedee|atk|1\n|-unboost|p1b: Ogerpon|atk|1\n|turn|3\n|\n|t:|1700404124\n|move|p1b: Ogerpon|Ivy Cudgel|p2a: Arcanine|[anim] Ivy Cudgel Water\n|-supereffective|p2a: Arcanine\n|-damage|p2a: Arcanine|0 fnt\n|faint|p2a: Arcanine\n|move|p2b: Kommo-o|Body Press|p1a: Indeedee\n|-damage|p1a: Indeedee|0 fnt\n|faint|p1a: Indeedee\n|\n|-weather|Sandstorm|[upkeep]\n|-damage|p1b: Ogerpon|58\/100|[from] Sandstorm\n|-damage|p2b: Kommo-o|94\/100|[from] Sandstorm\n|-heal|p2b: Kommo-o|100\/100|[from] item: Leftovers\n|upkeep\n|\n|t:|1700404136\n|switch|p2a: Iron Bundle|Iron Bundle, L50|100\/100\n|switch|p1a: Chi-Yu|Chi-Yu, L50|100\/100\n|-ability|p1a: Chi-Yu|Beads of Ruin\n|-enditem|p2a: Iron Bundle|Booster Energy\n|-activate|p2a: Iron Bundle|ability: Quark Drive|[fromitem]\n|-start|p2a: Iron Bundle|quarkdrivespe\n|turn|4\n|\n|t:|1700404157\n|-terastallize|p1b: Ogerpon|Water\n|detailschange|p1b: Ogerpon|Ogerpon-Wellspring-Tera, L50, F, tera:Water\n|-ability|p1b: Ogerpon|Embody Aspect (Wellspring)|boost\n|-boost|p1b: Ogerpon|spd|1\n|move|p1a: Chi-Yu|Protect|p1a: Chi-Yu\n|-singleturn|p1a: Chi-Yu|Protect\n|move|p2a: Iron Bundle|Hydro Pump|p1a: Chi-Yu\n|-activate|p1a: Chi-Yu|move: Protect\n|move|p1b: Ogerpon|Horn Leech|p2a: Iron Bundle\n|-supereffective|p2a: Iron Bundle\n|-damage|p2a: Iron Bundle|0 fnt\n|-heal|p1b: Ogerpon|95\/100|[from] drain|[of] p2a: Iron Bundle\n|faint|p2a: Iron Bundle\n|-end|p2a: Iron Bundle|Quark Drive|[silent]\n|move|p2b: Kommo-o|Body Press|p1b: Ogerpon\n|-damage|p1b: Ogerpon|0 fnt\n|faint|p1b: Ogerpon\n|\n|-weather|Sandstorm|[upkeep]\n|-damage|p1a: Chi-Yu|95\/100|[from] Sandstorm\n|-damage|p2b: Kommo-o|94\/100|[from] Sandstorm\n|-heal|p2b: Kommo-o|100\/100|[from] item: Leftovers\n|upkeep\n|\n|t:|1700404161\n|switch|p1b: Regieleki|Regieleki, L50|100\/100\n|turn|5\n|inactive|smudgerox has 30 seconds left.\n|\n|t:|1700404187\n|move|p1b: Regieleki|Thunderbolt|p2b: Kommo-o\n|-resisted|p2b: Kommo-o\n|-damage|p2b: Kommo-o|65\/100\n|move|p1a: Chi-Yu|Overheat|p2b: Kommo-o\n|-resisted|p2b: Kommo-o\n|-damage|p2b: Kommo-o|5\/100\n|-unboost|p1a: Chi-Yu|spa|2\n|-damage|p1a: Chi-Yu|85\/100|[from] item: Life Orb\n|move|p2b: Kommo-o|Body Press|p1a: Chi-Yu\n|-supereffective|p1a: Chi-Yu\n|-damage|p1a: Chi-Yu|0 fnt\n|faint|p1a: Chi-Yu\n|\n|-weather|none\n|-heal|p2b: Kommo-o|11\/100|[from] item: Leftovers\n|-fieldend|move: Psychic Terrain\n|upkeep\n|turn|6\n|\n|t:|1700404207\n|move|p2b: Kommo-o|Protect|p2b: Kommo-o\n|-singleturn|p2b: Kommo-o|Protect\n|move|p1b: Regieleki|Thunderbolt|p2b: Kommo-o\n|-activate|p2b: Kommo-o|move: Protect\n|\n|-heal|p2b: Kommo-o|18\/100|[from] item: Leftovers\n|upkeep\n|turn|7\n|j| O1OOO11O\n|\n|t:|1700404225\n|move|p2b: Kommo-o|Protect||[still]\n|-fail|p2b: Kommo-o\n|move|p1b: Regieleki|Thunderbolt|p2b: Kommo-o\n|-resisted|p2b: Kommo-o\n|-crit|p2b: Kommo-o\n|-damage|p2b: Kommo-o|0 fnt\n|faint|p2b: Kommo-o\n|\n|win|pokesun1\n|l| O1OOO11O\n|c|\u2606pokesun1|Hg\n|c|\u2606pokesun1|Gg\n|c|\u2606smudgerox|xD\n","uploadtime":1700404260,"views":7,"p1id":"pokesun1","p2id":"smudgerox","formatid":"gen9vgc2023regulatione","rating":0,"private":0,"password":""}