{"id":"gen9vgc2023regulatione-1991103418","p1":"Weredude08","p2":"Jippt351","format":"[Gen 9] VGC 2023 Regulation E","log":"|j|\u2606Weredude08\n|j|\u2606Jippt351\n|t:|1700043392\n|gametype|doubles\n|player|p1|Weredude08|steven|1250\n|player|p2|Jippt351|lucas|1383\n|teamsize|p1|6\n|teamsize|p2|6\n|gen|9\n|tier|[Gen 9] VGC 2023 Regulation E\n|rated|\n|rule|Species Clause: Limit one of each Pok\u00e9mon\n|rule|Item Clause: Limit one of each item\n|clearpoke\n|poke|p1|Dondozo, L50, F|\n|poke|p1|Tatsugiri-Stretchy, L50, F|\n|poke|p1|Rillaboom, L50, F|\n|poke|p1|Chi-Yu, L50|\n|poke|p1|Flutter Mane, L50|\n|poke|p1|Landorus-Therian, L50, M|\n|poke|p2|Tornadus, L50, M|\n|poke|p2|Flutter Mane, L50|\n|poke|p2|Regidrago, L50|\n|poke|p2|Heatran, L50, F|\n|poke|p2|Urshifu-*, L50, M|\n|poke|p2|Farigiraf, L50, F|\n|teampreview|4\n|inactive|Battle timer is ON: inactive players will automatically lose when time's up. (requested by Weredude08)\n|inactive|Jippt351 also wants the timer to be on.\n|l|\u2606Jippt351\n|inactive|Jippt351 disconnected and has a minute to reconnect!\n|player|p2|\nWeredude08 has agreed to open team sheets.\n|j|\u2606Jippt351\n|inactive|Jippt351 reconnected and has 65 seconds left.\n|player|p2|Jippt351|lucas\n|inactive|Jippt351 has 60 seconds left.\n|\n|t:|1700043426\n|start\n|switch|p1a: Chi-Yu|Chi-Yu, L50|100\/100\n|switch|p1b: Flutter Mane|Flutter Mane, L50|100\/100\n|switch|p2a: Tornadus|Tornadus, L50, M|100\/100\n|switch|p2b: Flutter Mane|Flutter Mane, L50|100\/100\n|-ability|p1a: Chi-Yu|Beads of Ruin\n|-enditem|p1b: Flutter Mane|Booster Energy\n|-activate|p1b: Flutter Mane|ability: Protosynthesis|[fromitem]\n|-start|p1b: Flutter Mane|protosynthesisspe\n|-enditem|p2b: Flutter Mane|Booster Energy\n|-activate|p2b: Flutter Mane|ability: Protosynthesis|[fromitem]\n|-start|p2b: Flutter Mane|protosynthesisspa\n|turn|1\n|\n|t:|1700043442\n|-terastallize|p2b: Flutter Mane|Water\n|move|p2a: Tornadus|Tailwind|p2a: Tornadus\n|-sidestart|p2: Jippt351|move: Tailwind\n|move|p2b: Flutter Mane|Shadow Ball|p1b: Flutter Mane\n|-supereffective|p1b: Flutter Mane\n|-damage|p1b: Flutter Mane|0 fnt\n|faint|p1b: Flutter Mane\n|-end|p1b: Flutter Mane|Protosynthesis|[silent]\n|move|p1a: Chi-Yu|Heat Wave|p2a: Tornadus|[spread] p2a,p2b\n|-resisted|p2b: Flutter Mane\n|-damage|p2a: Tornadus|5\/100\n|-damage|p2b: Flutter Mane|64\/100\n|-status|p2a: Tornadus|brn\n|\n|-damage|p2a: Tornadus|0 fnt|[from] brn\n|faint|p2a: Tornadus\n|upkeep\n|l|\u2606Jippt351\n|inactive|Jippt351 disconnected and has a minute to reconnect!\n|player|p2|\n|j|\u2606Jippt351\n|inactive|Jippt351 reconnected and has 35 seconds left.\n|player|p2|Jippt351|lucas\n|inactive|Jippt351 has 30 seconds left.\n|\n|t:|1700043470\n|switch|p1b: Dondozo|Dondozo, L50, F|100\/100\n|switch|p2a: Regidrago|Regidrago, L50|100\/100\n|turn|2\n|\n|t:|1700043489\n|switch|p1a: Tatsugiri|Tatsugiri-Stretchy, L50, F|100\/100\n|-activate|p1a: Tatsugiri|ability: Commander|[of] p1b: Dondozo\n|-boost|p1b: Dondozo|atk|2\n|-boost|p1b: Dondozo|spa|2\n|-boost|p1b: Dondozo|spe|2\n|-boost|p1b: Dondozo|def|2\n|-boost|p1b: Dondozo|spd|2\n|-terastallize|p1b: Dondozo|Steel\n|move|p2b: Flutter Mane|Dazzling Gleam|p1a: Tatsugiri|[spread] p1b\n|-miss|p2b: Flutter Mane|p1a: Tatsugiri\n|-resisted|p1b: Dondozo\n|-damage|p1b: Dondozo|91\/100\n|move|p2a: Regidrago|Dragon Energy|p1a: Tatsugiri|[spread] p1b\n|-miss|p2a: Regidrago|p1a: Tatsugiri\n|-resisted|p1b: Dondozo\n|-damage|p1b: Dondozo|70\/100\n|move|p1b: Dondozo|Earthquake|p2b: Flutter Mane|[spread] p2a,p2b\n|-miss|p1b: Dondozo|p1a: Tatsugiri\n|-damage|p2a: Regidrago|52\/100\n|-damage|p2b: Flutter Mane|0 fnt\n|faint|p2b: Flutter Mane\n|-end|p2b: Flutter Mane|Protosynthesis|[silent]\n|\n|-heal|p1b: Dondozo|76\/100|[from] item: Leftovers\n|upkeep\n|l|\u2606Jippt351\n|inactive|Jippt351 disconnected and has a minute to reconnect!\n|player|p2|\n|j|\u2606Jippt351\n|inactive|Jippt351 reconnected and has 35 seconds left.\n|player|p2|Jippt351|lucas\n|inactive|Jippt351 has 30 seconds left.\n|\n|t:|1700043518\n|switch|p2b: Urshifu|Urshifu, L50, M|100\/100\n|turn|3\n|\n|t:|1700043538\n|move|p2b: Urshifu|Close Combat|p1b: Dondozo\n|-supereffective|p1b: Dondozo\n|-damage|p1b: Dondozo|32\/100\n|-unboost|p2b: Urshifu|def|1\n|-unboost|p2b: Urshifu|spd|1\n|move|p2a: Regidrago|Earth Power|p1b: Dondozo\n|-supereffective|p1b: Dondozo\n|-damage|p1b: Dondozo|8\/100\n|move|p1b: Dondozo|Order Up|p2b: Urshifu\n|-damage|p2b: Urshifu|33\/100\n|-boost|p1b: Dondozo|spe|1\n|\n|-heal|p1b: Dondozo|14\/100|[from] item: Leftovers\n|upkeep\n|turn|4\n|\n|t:|1700043554\n|move|p2b: Urshifu|Close Combat|p1b: Dondozo\n|-supereffective|p1b: Dondozo\n|-damage|p1b: Dondozo|0 fnt\n|-unboost|p2b: Urshifu|def|1\n|-unboost|p2b: Urshifu|spd|1\n|faint|p1b: Dondozo\n|move|p2a: Regidrago|Earth Power|p1a: Tatsugiri\n|-damage|p1a: Tatsugiri|65\/100\n|\n|-sideend|p2: Jippt351|move: Tailwind\n|upkeep\n|\n|t:|1700043557\n|switch|p1b: Chi-Yu|Chi-Yu, L50|100\/100\n|-ability|p1b: Chi-Yu|Beads of Ruin\n|turn|5\n|\n|t:|1700043570\n|move|p2b: Urshifu|Close Combat|p1a: Tatsugiri\n|-damage|p1a: Tatsugiri|0 fnt\n|-unboost|p2b: Urshifu|def|1\n|-unboost|p2b: Urshifu|spd|1\n|faint|p1a: Tatsugiri\n|move|p2a: Regidrago|Dragon Energy|p1b: Chi-Yu\n|-damage|p1b: Chi-Yu|37\/100\n|move|p1b: Chi-Yu|Snarl|p2a: Regidrago|[spread] p2a,p2b\n|-crit|p2a: Regidrago\n|-resisted|p2b: Urshifu\n|-damage|p2a: Regidrago|0 fnt\n|-damage|p2b: Urshifu|0 fnt\n|faint|p2a: Regidrago\n|faint|p2b: Urshifu\n|\n|win|Weredude08\n|raw|Weredude08's rating: 1250 &rarr; <strong>1284<\/strong><br \/>(+34 for winning)\n|raw|Jippt351's rating: 1383 &rarr; <strong>1356<\/strong><br \/>(-27 for losing)\n|l|\u2606Weredude08\n","uploadtime":1700043582,"views":17,"p1id":"weredude08","p2id":"jippt351","formatid":"gen9vgc2023regulatione","rating":1284,"private":0,"password":""}