{"id":"gen9vgc2023regulatione-1988953893","p1":"Seen Silver","p2":"Animod2","format":"[Gen 9] VGC 2023 Regulation E","log":"|j|\u2606Seen Silver\n|j|\u2606Animod2\n|n|\u2606Seen Silver|seensilver\n|n|\u2606Animod2|animod2\n|html|View the match progress at <a href=\"\/game-bestof3-gen9vgc2023regulatione-1988952509\">game-bestof3-gen9vgc2023regulatione-1988952509<\/a>\n|t:|1699793844\n|gametype|doubles\n|player|p1|Seen Silver|cilan|\n|player|p2|Animod2|scientist|\n|teamsize|p1|6\n|teamsize|p2|6\n|gen|9\n|tier|[Gen 9] VGC 2023 Regulation E\n|rated|Tournament battle\n|rule|Species Clause: Limit one of each Pok\u00e9mon\n|rule|Item Clause: Limit one of each item\n|clearpoke\n|poke|p1|Indeedee-F, L50, F|\n|poke|p1|Armarouge, L50, F|\n|poke|p1|Ursaluna, L50, F|\n|poke|p1|Urshifu-*, L50, M|\n|poke|p1|Torkoal, L50, M|\n|poke|p1|Gallade, L50, M|\n|poke|p2|Okidogi, L50, M|\n|poke|p2|Moltres-Galar, L50|\n|poke|p2|Gastrodon, L50, M|\n|poke|p2|Heatran, L50, M|\n|poke|p2|Ninetales-Alola, L50, F|\n|poke|p2|Sinistcha, L50|\n|teampreview|4\n|showteam|p1|Indeedee-F||PsychicSeed|PsychicSurge|FollowMe,TrickRoom,DazzlingGleam,HelpingHand|||F|||50|,,,,,Dragon]Armarouge||TwistedSpoon|FlashFire|HeatWave,ExpandingForce,TrickRoom,WideGuard|||F|||50|,,,,,Grass]Ursaluna||FlameOrb|Guts|HeadlongRush,Facade,SwordsDance,Protect|||F|||50|,,,,,Ghost]Urshifu||ChoiceScarf|UnseenFist|WickedBlow,CloseCombat,Uturn,Taunt|||M|||50|,,,,,Dark]Torkoal||Charcoal|Drought|Eruption,HeatWave,Protect,EarthPower|||M|||50|,,,,,Fire]Gallade||LifeOrb|Sharpness|SwordsDance,SacredSword,PsychoCut,ShadowSneak|||M|||50|,,,,,Fighting\n|showteam|p2|Okidogi||AssaultVest|GuardDog|DrainPunch,HighHorsepower,GunkShot,KnockOff|||M|||50|,,,,,Fire]Moltres-Galar||SitrusBerry|Berserk|FieryWrath,AirSlash,NastyPlot,Protect||||||50|,,,,,Steel]Gastrodon||LifeOrb|StormDrain|EarthPower,IceBeam,ClearSmog,Protect|||M|||50|,,,,,Poison]Heatran||Leftovers|FlashFire|HeatWave,FlashCannon,EarthPower,Protect|||M|||50|,,,,,Fairy]Ninetales-Alola||LightClay|SnowWarning|AuroraVeil,IcyWind,Moonblast,Encore|||F|||50|,,,,,Ghost]Sinistcha||RockyHelmet|Hospitality|MatchaGotcha,StrengthSap,RagePowder,TrickRoom||||||50|,,,,,Water\n|j| ghostistheman\n|j| wssl_ww\n|j| A13XOW\n|\n|t:|1699793905\n|start\n|switch|p1a: Armarouge|Armarouge, L50, F|100\/100\n|switch|p1b: Urshifu|Urshifu, L50, M|100\/100\n|switch|p2a: Ninetales|Ninetales-Alola, L50, F|100\/100\n|switch|p2b: Moltres|Moltres-Galar, L50|100\/100\n|-weather|Snow|[from] ability: Snow Warning|[of] p2a: Ninetales\n|turn|1\n|\n|t:|1699793940\n|move|p1b: Urshifu|Close Combat|p2b: Moltres\n|-damage|p2b: Moltres|45\/100\n|-unboost|p1b: Urshifu|def|1\n|-unboost|p1b: Urshifu|spd|1\n|-ability|p2b: Moltres|Berserk|boost\n|-boost|p2b: Moltres|spa|1\n|-enditem|p2b: Moltres|Sitrus Berry|[eat]\n|-heal|p2b: Moltres|70\/100|[from] item: Sitrus Berry\n|move|p2a: Ninetales|Aurora Veil|p2a: Ninetales\n|-sidestart|p2: Animod2|move: Aurora Veil\n|move|p2b: Moltres|Fiery Wrath|p1b: Urshifu|[spread] p1a,p1b\n|-supereffective|p1a: Armarouge\n|-resisted|p1b: Urshifu\n|-damage|p1a: Armarouge|4\/100\n|-damage|p1b: Urshifu|75\/100\n|move|p1a: Armarouge|Trick Room|p1a: Armarouge\n|-fieldstart|move: Trick Room|[of] p1a: Armarouge\n|\n|-weather|Snow|[upkeep]\n|upkeep\n|turn|2\n|\n|t:|1699793970\n|move|p1a: Armarouge|Wide Guard|p1a: Armarouge\n|-singleturn|p1a: Armarouge|Wide Guard\n|move|p2b: Moltres|Air Slash|p1b: Urshifu\n|-supereffective|p1b: Urshifu\n|-damage|p1b: Urshifu|0 fnt\n|faint|p1b: Urshifu\n|move|p2a: Ninetales|Moonblast|p1a: Armarouge\n|-resisted|p1a: Armarouge\n|-damage|p1a: Armarouge|0 fnt\n|faint|p1a: Armarouge\n|\n|-weather|Snow|[upkeep]\n|upkeep\n|\n|t:|1699793980\n|switch|p1a: Monokuma|Indeedee-F, L50, F|100\/100\n|switch|p1b: Ursaluna|Ursaluna, L50, F|100\/100\n|-fieldstart|move: Psychic Terrain|[from] ability: Psychic Surge|[of] p1a: Monokuma\n|-enditem|p1a: Monokuma|Psychic Seed\n|-boost|p1a: Monokuma|spd|1|[from] item: Psychic Seed\n|turn|3\n|l| A13XOW\n|\n|t:|1699794004\n|-terastallize|p2a: Ninetales|Ghost\n|move|p1a: Monokuma|Helping Hand|p1b: Ursaluna\n|-singleturn|p1b: Ursaluna|Helping Hand|[of] p1a: Monokuma\n|move|p2b: Moltres|Protect|p2b: Moltres\n|-singleturn|p2b: Moltres|Protect\n|move|p1b: Ursaluna|Swords Dance|p1b: Ursaluna\n|-boost|p1b: Ursaluna|atk|2\n|move|p2a: Ninetales|Moonblast|p1b: Ursaluna\n|-damage|p1b: Ursaluna|75\/100\n|\n|-weather|Snow|[upkeep]\n|-status|p1b: Ursaluna|brn|[from] item: Flame Orb\n|upkeep\n|turn|4\n|\n|t:|1699794040\n|switch|p2b: Sinistcha|Sinistcha, L50|100\/100\n|move|p1a: Monokuma|Helping Hand|p1b: Ursaluna\n|-singleturn|p1b: Ursaluna|Helping Hand|[of] p1a: Monokuma\n|move|p1b: Ursaluna|Facade|p2b: Sinistcha\n|-immune|p2b: Sinistcha\n|move|p2a: Ninetales|Moonblast|p1a: Monokuma\n|-damage|p1a: Monokuma|84\/100\n|-unboost|p1a: Monokuma|spa|1\n|\n|-weather|Snow|[upkeep]\n|-damage|p1b: Ursaluna|69\/100 brn|[from] brn\n|upkeep\n|turn|5\n|\n|t:|1699794079\n|-terastallize|p1b: Ursaluna|Ghost\n|move|p1b: Ursaluna|Protect|p1b: Ursaluna\n|-singleturn|p1b: Ursaluna|Protect\n|move|p1a: Monokuma|Dazzling Gleam|p2a: Ninetales|[spread] p2a,p2b\n|-damage|p2a: Ninetales|94\/100\n|-damage|p2b: Sinistcha|94\/100\n|move|p2b: Sinistcha|Matcha Gotcha|p1a: Monokuma|[spread] p1a\n|-activate|p1b: Ursaluna|move: Protect\n|-damage|p1a: Monokuma|67\/100\n|-heal|p2b: Sinistcha|100\/100|[from] drain|[of] p1a: Monokuma\n|move|p2a: Ninetales|Encore|p1b: Ursaluna\n|-activate|p1b: Ursaluna|move: Protect\n|\n|-weather|none\n|-damage|p1b: Ursaluna|63\/100 brn|[from] brn\n|-fieldend|move: Trick Room\n|upkeep\n|turn|6\n|\n|t:|1699794118\n|move|p2a: Ninetales|Encore|p1b: Ursaluna\n|-start|p1b: Ursaluna|Encore\n|move|p2b: Sinistcha|Matcha Gotcha|p1a: Monokuma|[spread] p1a,p1b\n|-damage|p1a: Monokuma|50\/100\n|-damage|p1b: Ursaluna|42\/100 brn\n|move|p1b: Ursaluna|Protect|p1b: Ursaluna\n|-singleturn|p1b: Ursaluna|Protect\n|move|p1a: Monokuma|Trick Room|p1a: Monokuma\n|-fieldstart|move: Trick Room|[of] p1a: Monokuma\n|\n|-damage|p1b: Ursaluna|36\/100 brn|[from] brn\n|upkeep\n|turn|7\n|c|\u2606Seen Silver|gg\n|\n|t:|1699794137\n|move|p1b: Ursaluna|Protect||[still]\n|-fail|p1b: Ursaluna\n|move|p1a: Monokuma|Dazzling Gleam|p2a: Ninetales|[spread] p2a,p2b\n|-damage|p2a: Ninetales|89\/100\n|-damage|p2b: Sinistcha|95\/100\n|move|p2a: Ninetales|Moonblast|p1b: Ursaluna\n|-damage|p1b: Ursaluna|11\/100 brn\n|-unboost|p1b: Ursaluna|spa|1\n|move|p2b: Sinistcha|Trick Room|p2b: Sinistcha\n|-fieldend|move: Trick Room\n|\n|-damage|p1b: Ursaluna|6\/100 brn|[from] brn\n|-fieldend|move: Psychic Terrain\n|upkeep\n|turn|8\n|c|\u2606Seen Silver|read me like a book man\n|l| wssl_ww\n|\n|t:|1699794155\n|move|p1b: Ursaluna|Protect|p1b: Ursaluna\n|-singleturn|p1b: Ursaluna|Protect\n|move|p2a: Ninetales|Moonblast|p1a: Monokuma\n|-damage|p1a: Monokuma|32\/100\n|move|p2b: Sinistcha|Matcha Gotcha|p1b: Ursaluna|[spread] p1a\n|-activate|p1b: Ursaluna|move: Protect\n|-damage|p1a: Monokuma|15\/100\n|-heal|p2b: Sinistcha|100\/100|[from] drain|[of] p1a: Monokuma\n|-status|p1a: Monokuma|brn\n|move|p1a: Monokuma|Dazzling Gleam|p2b: Sinistcha|[spread] p2a,p2b\n|-crit|p2b: Sinistcha\n|-damage|p2a: Ninetales|82\/100\n|-damage|p2b: Sinistcha|82\/100\n|\n|-damage|p1a: Monokuma|9\/100 brn|[from] brn\n|-damage|p1b: Ursaluna|0 fnt|[from] brn\n|faint|p1b: Ursaluna\n|-sideend|p2: Animod2|move: Aurora Veil\n|upkeep\n|turn|9\n|c|\u2606Animod2|gg\n|\n|t:|1699794174\n|move|p2a: Ninetales|Moonblast|p1a: Monokuma\n|-damage|p1a: Monokuma|0 fnt\n|faint|p1a: Monokuma\n|\n|win|Animod2\n","uploadtime":1699794182,"views":13,"p1id":"seensilver","p2id":"animod2","formatid":"gen9vgc2023regulatione","rating":0,"private":0,"password":""}