{"id":"gen9vgc2023regulatione-1990781752","p1":"cochamo","p2":"5wamp","format":"[Gen 9] VGC 2023 Regulation E","log":"|j|\u2606cochamo\n|j|\u26065wamp\n|t:|1700000269\n|gametype|doubles\n|player|p1|cochamo|pokemonbreeder|1430\n|player|p2|5wamp|carmine-festival|1441\n|teamsize|p1|6\n|teamsize|p2|6\n|gen|9\n|tier|[Gen 9] VGC 2023 Regulation E\n|rated|\n|rule|Species Clause: Limit one of each Pok\u00e9mon\n|rule|Item Clause: Limit one of each item\n|clearpoke\n|poke|p1|Rillaboom, L50, F|\n|poke|p1|Tornadus, L50, M|\n|poke|p1|Regidrago, L50|\n|poke|p1|Flutter Mane, L50|\n|poke|p1|Urshifu-*, L50, M|\n|poke|p1|Heatran, L50, M|\n|poke|p2|Dondozo, L50, F|\n|poke|p2|Tatsugiri, L50, F|\n|poke|p2|Rillaboom, L50, F|\n|poke|p2|Volcarona, L50, M|\n|poke|p2|Kingambit, L50, M|\n|poke|p2|Clefairy, L50, M|\n|teampreview|4\n5wamp has agreed to open team sheets.\n|inactive|Battle timer is ON: inactive players will automatically lose when time's up. (requested by 5wamp)\n|\n|t:|1700000298\n|start\n|switch|p1a: Rillaboom|Rillaboom, L50, F|100\/100\n|switch|p1b: Heatran|Heatran, L50, M|100\/100\n|switch|p2a: Volcarona|Volcarona, L50, M|100\/100\n|switch|p2b: Kingambit|Kingambit, L50, M|100\/100\n|-fieldstart|move: Grassy Terrain|[from] ability: Grassy Surge|[of] p1a: Rillaboom\n|turn|1\n|\n|t:|1700000317\n|move|p2a: Volcarona|Protect|p2a: Volcarona\n|-singleturn|p2a: Volcarona|Protect\n|move|p2b: Kingambit|Protect|p2b: Kingambit\n|-singleturn|p2b: Kingambit|Protect\n|move|p1a: Rillaboom|Fake Out|p2a: Volcarona\n|-activate|p2a: Volcarona|move: Protect\n|move|p1b: Heatran|Heat Wave|p2a: Volcarona|[spread] \n|-activate|p2a: Volcarona|move: Protect\n|-activate|p2b: Kingambit|move: Protect\n|\n|upkeep\n|turn|2\n|\n|t:|1700000337\n|-terastallize|p2a: Volcarona|Ground\n|move|p2a: Volcarona|Tera Blast|p1b: Heatran|[anim] Tera Blast Ground\n|-supereffective|p1b: Heatran\n|-damage|p1b: Heatran|0 fnt\n|faint|p1b: Heatran\n|move|p1a: Rillaboom|High Horsepower|p2b: Kingambit\n|-supereffective|p2b: Kingambit\n|-damage|p2b: Kingambit|52\/100\n|move|p2b: Kingambit|Kowtow Cleave|p1a: Rillaboom\n|-crit|p1a: Rillaboom\n|-damage|p1a: Rillaboom|5\/100\n|\n|-heal|p1a: Rillaboom|11\/100|[from] Grassy Terrain\n|-heal|p2b: Kingambit|58\/100|[from] Grassy Terrain\n|upkeep\n|\n|t:|1700000357\n|switch|p1b: Tornadus|Tornadus, L50, M|100\/100\n|turn|3\n|\n|t:|1700000367\n|switch|p2b: Rillaboom|Rillaboom, L50, F|100\/100\n|move|p2a: Volcarona|Protect|p2a: Volcarona\n|-singleturn|p2a: Volcarona|Protect\n|move|p1b: Tornadus|Tailwind|p1b: Tornadus\n|-sidestart|p1: cochamo|move: Tailwind\n|move|p1a: Rillaboom|Grassy Glide|p2a: Volcarona\n|-activate|p2a: Volcarona|move: Protect\n|\n|-heal|p1a: Rillaboom|17\/100|[from] Grassy Terrain\n|upkeep\n|turn|4\n|\n|t:|1700000384\n|switch|p1a: Regidrago|Regidrago, L50|100\/100\n|move|p2b: Rillaboom|Fake Out|p1a: Regidrago\n|-damage|p1a: Regidrago|85\/100\n|move|p1b: Tornadus|Bleakwind Storm|p2b: Rillaboom|[spread] p2a,p2b\n|-supereffective|p2b: Rillaboom\n|-damage|p2a: Volcarona|69\/100\n|-damage|p2b: Rillaboom|53\/100\n|move|p2a: Volcarona|Quiver Dance|p2a: Volcarona\n|-boost|p2a: Volcarona|spa|1\n|-boost|p2a: Volcarona|spd|1\n|-boost|p2a: Volcarona|spe|1\n|\n|-heal|p1a: Regidrago|91\/100|[from] Grassy Terrain\n|-heal|p2a: Volcarona|75\/100|[from] Grassy Terrain\n|-heal|p2b: Rillaboom|59\/100|[from] Grassy Terrain\n|upkeep\n|turn|5\n|\n|t:|1700000402\n|-terastallize|p1a: Regidrago|Dragon\n|move|p2a: Volcarona|Protect|p2a: Volcarona\n|-singleturn|p2a: Volcarona|Protect\n|move|p2b: Rillaboom|Grassy Glide|p1a: Regidrago\n|-resisted|p1a: Regidrago\n|-damage|p1a: Regidrago|69\/100\n|move|p1b: Tornadus|Bleakwind Storm|p2b: Rillaboom|[spread] p2b\n|-activate|p2a: Volcarona|move: Protect\n|-supereffective|p2b: Rillaboom\n|-damage|p2b: Rillaboom|9\/100\n|move|p1a: Regidrago|Dragon Energy|p2a: Volcarona|[spread] p2b\n|-activate|p2a: Volcarona|move: Protect\n|-damage|p2b: Rillaboom|0 fnt\n|faint|p2b: Rillaboom\n|\n|-heal|p1a: Regidrago|75\/100|[from] Grassy Terrain\n|-heal|p2a: Volcarona|81\/100|[from] Grassy Terrain\n|-fieldend|move: Grassy Terrain\n|upkeep\n|\n|t:|1700000416\n|switch|p2b: Kingambit|Kingambit, L50, M|58\/100\n|turn|6\n|\n|t:|1700000426\n|move|p2b: Kingambit|Sucker Punch|p1a: Regidrago\n|-damage|p1a: Regidrago|22\/100\n|move|p1b: Tornadus|Bleakwind Storm|p2b: Kingambit|[spread] p2a,p2b\n|-resisted|p2b: Kingambit\n|-damage|p2a: Volcarona|62\/100\n|-damage|p2b: Kingambit|41\/100\n|move|p1a: Regidrago|Draco Meteor|p2a: Volcarona\n|-damage|p2a: Volcarona|0 fnt\n|-unboost|p1a: Regidrago|spa|2\n|faint|p2a: Volcarona\n|\n|-sideend|p1: cochamo|move: Tailwind\n|upkeep\n|\n|t:|1700000434\n|switch|p2a: Clefairy|Clefairy, L50, M|100\/100\n|turn|7\n|\n|t:|1700000445\n|move|p1a: Regidrago|Protect|p1a: Regidrago\n|-singleturn|p1a: Regidrago|Protect\n|move|p1b: Tornadus|Taunt|p2a: Clefairy\n|-start|p2a: Clefairy|move: Taunt\n|move|p2b: Kingambit|Swords Dance|p2b: Kingambit\n|-boost|p2b: Kingambit|atk|2\n|cant|p2a: Clefairy|move: Taunt|Heal Pulse\n|\n|upkeep\n|turn|8\n|\n|t:|1700000461\n|move|p1b: Tornadus|Bleakwind Storm|p2b: Kingambit|[spread] p2a,p2b\n|-resisted|p2b: Kingambit\n|-damage|p2a: Clefairy|72\/100\n|-damage|p2b: Kingambit|28\/100\n|-unboost|p2b: Kingambit|spe|1\n|-ability|p2b: Kingambit|Defiant|boost\n|-boost|p2b: Kingambit|atk|2\n|move|p1a: Regidrago|Earth Power|p2b: Kingambit\n|-supereffective|p2b: Kingambit\n|-damage|p2b: Kingambit|4\/100\n|-unboost|p2b: Kingambit|spd|1\n|-ability|p2b: Kingambit|Defiant|boost\n|-boost|p2b: Kingambit|atk|2\n|-activate|p2a: Clefairy|move: Struggle\n|move|p2a: Clefairy|Struggle|p1b: Tornadus\n|-damage|p1b: Tornadus|93\/100\n|-damage|p2a: Clefairy|47\/100|[from] recoil\n|move|p2b: Kingambit|Kowtow Cleave|p1b: Tornadus\n|-damage|p1b: Tornadus|0 fnt\n|faint|p1b: Tornadus\n|\n|upkeep\n|\n|t:|1700000479\n|switch|p1b: Rillaboom|Rillaboom, L50, F|17\/100\n|-fieldstart|move: Grassy Terrain|[from] ability: Grassy Surge|[of] p1b: Rillaboom\n|turn|9\n|\n|t:|1700000493\n|move|p2b: Kingambit|Protect|p2b: Kingambit\n|-singleturn|p2b: Kingambit|Protect\n|move|p1b: Rillaboom|Fake Out|p2b: Kingambit\n|-activate|p2b: Kingambit|move: Protect\n|move|p1a: Regidrago|Earth Power|p2a: Clefairy\n|-damage|p2a: Clefairy|34\/100\n|-unboost|p2a: Clefairy|spd|1\n|-activate|p2a: Clefairy|move: Struggle\n|move|p2a: Clefairy|Struggle|p1a: Regidrago\n|-damage|p1a: Regidrago|16\/100\n|-damage|p2a: Clefairy|10\/100|[from] recoil\n|\n|-heal|p1a: Regidrago|22\/100|[from] Grassy Terrain\n|-heal|p1b: Rillaboom|23\/100|[from] Grassy Terrain\n|-heal|p2a: Clefairy|16\/100|[from] Grassy Terrain\n|-heal|p2b: Kingambit|10\/100|[from] Grassy Terrain\n|-end|p2a: Clefairy|move: Taunt\n|upkeep\n|turn|10\n|inactive|cochamo has 30 seconds left.\n|inactive|5wamp has 30 seconds left.\n|\n|t:|1700000525\n|move|p2a: Clefairy|Follow Me|p2a: Clefairy\n|-singleturn|p2a: Clefairy|move: Follow Me\n|move|p1b: Rillaboom|Grassy Glide|p2a: Clefairy\n|-crit|p2a: Clefairy\n|-damage|p2a: Clefairy|0 fnt\n|faint|p2a: Clefairy\n|move|p2b: Kingambit|Sucker Punch|p1a: Regidrago\n|-damage|p1a: Regidrago|0 fnt\n|faint|p1a: Regidrago\n|\n|-heal|p1b: Rillaboom|30\/100|[from] Grassy Terrain\n|-heal|p2b: Kingambit|16\/100|[from] Grassy Terrain\n|upkeep\n|turn|11\n|\n|t:|1700000537\n|move|p2b: Kingambit|Protect|p2b: Kingambit\n|-singleturn|p2b: Kingambit|Protect\n|move|p1b: Rillaboom|Grassy Glide|p2b: Kingambit\n|-activate|p2b: Kingambit|move: Protect\n|\n|-heal|p1b: Rillaboom|36\/100|[from] Grassy Terrain\n|-heal|p2b: Kingambit|22\/100|[from] Grassy Terrain\n|upkeep\n|turn|12\n|\n|t:|1700000549\n|move|p1b: Rillaboom|Grassy Glide|p2b: Kingambit\n|-resisted|p2b: Kingambit\n|-damage|p2b: Kingambit|7\/100\n|move|p2b: Kingambit|Sucker Punch||[still]\n|-fail|p2b: Kingambit\n|\n|-heal|p1b: Rillaboom|42\/100|[from] Grassy Terrain\n|-heal|p2b: Kingambit|13\/100|[from] Grassy Terrain\n|upkeep\n|turn|13\n|c|\u26065wamp|gg\n|\n|t:|1700000559\n|move|p2b: Kingambit|Protect|p2b: Kingambit\n|-singleturn|p2b: Kingambit|Protect\n|move|p1b: Rillaboom|Grassy Glide|p2b: Kingambit\n|-activate|p2b: Kingambit|move: Protect\n|\n|-heal|p1b: Rillaboom|48\/100|[from] Grassy Terrain\n|-heal|p2b: Kingambit|19\/100|[from] Grassy Terrain\n|-fieldend|move: Grassy Terrain\n|upkeep\n|turn|14\n|\n|t:|1700000571\n|move|p1b: Rillaboom|Fake Out||[still]\n|-hint|Fake Out only works on your first turn out.\n|-fail|p1b: Rillaboom\n|move|p2b: Kingambit|Sucker Punch||[still]\n|-fail|p2b: Kingambit\n|\n|upkeep\n|turn|15\n|\n|t:|1700000578\n|move|p1b: Rillaboom|Fake Out|p1: Regidrago|[notarget]\n|-fail|p1b: Rillaboom\n|move|p2b: Kingambit|Kowtow Cleave|p1b: Rillaboom\n|-damage|p1b: Rillaboom|0 fnt\n|faint|p1b: Rillaboom\n|\n|win|5wamp\n|raw|cochamo's rating: 1430 &rarr; <strong>1411<\/strong><br \/>(-19 for losing)\n|raw|5wamp's rating: 1441 &rarr; <strong>1460<\/strong><br \/>(+19 for winning)\n|l|\u2606cochamo\n","uploadtime":1700000587,"views":50,"p1id":"cochamo","p2id":"5wamp","formatid":"gen9vgc2023regulatione","rating":1411,"private":0,"password":""}