{"id":"gen9vgc2023regulatione-1996241318","p1":"Hrv1105020","p2":"krenitos","format":"[Gen 9] VGC 2023 Regulation E","log":"|j|\u2606Hrv1105020\n|j|\u2606krenitos\n|t:|1700663046\n|gametype|doubles\n|player|p1|Hrv1105020|volkner|1096\n|player|p2|krenitos|fisherman|1100\n|teamsize|p1|6\n|teamsize|p2|6\n|gen|9\n|tier|[Gen 9] VGC 2023 Regulation E\n|rated|\n|rule|Species Clause: Limit one of each Pok\u00e9mon\n|rule|Item Clause: Limit one of each item\n|clearpoke\n|poke|p1|Sawsbuck, L50, F|\n|poke|p1|Thundurus, L50, M|\n|poke|p1|Urshifu-*, L50, M|\n|poke|p1|Chien-Pao, L50|\n|poke|p1|Iron Hands, L50|\n|poke|p1|Roaring Moon, L50|\n|poke|p2|Flutter Mane, L50|\n|poke|p2|Glimmora, L50, F|\n|poke|p2|Dusclops, L50, F|\n|poke|p2|Ceruledge, L50, F|\n|poke|p2|Gyarados, L50, F|\n|poke|p2|Gholdengo, L50|\n|teampreview|4\n|inactive|Battle timer is ON: inactive players will automatically lose when time's up. (requested by krenitos)\n|inactive|Hrv1105020 has 60 seconds left.\n|inactive|Hrv1105020 has 30 seconds left.\n|\n|t:|1700663111\n|start\n|switch|p1a: Thundurus|Thundurus, L50, M|100\/100\n|switch|p1b: Roaring Moon|Roaring Moon, L50, shiny|100\/100\n|switch|p2a: Glimmora|Glimmora, L50, F, shiny|100\/100\n|switch|p2b: Dusclops|Dusclops, L50, F|100\/100\n|-ability|p2b: Dusclops|Pressure\n|-enditem|p1b: Roaring Moon|Booster Energy\n|-activate|p1b: Roaring Moon|ability: Protosynthesis|[fromitem]\n|-start|p1b: Roaring Moon|protosynthesisspe\n|turn|1\n|\n|t:|1700663128\n|move|p2b: Dusclops|Protect|p2b: Dusclops\n|-singleturn|p2b: Dusclops|Protect\n|move|p1b: Roaring Moon|Knock Off|p2b: Dusclops\n|-activate|p2b: Dusclops|move: Protect\n|move|p1a: Thundurus|Wildbolt Storm|p2b: Dusclops|[spread] \n|-activate|p2b: Dusclops|move: Protect\n|-miss|p1a: Thundurus|p2a: Glimmora\n|move|p2a: Glimmora|Power Gem|p1a: Thundurus\n|-supereffective|p1a: Thundurus\n|-damage|p1a: Thundurus|0 fnt\n|faint|p1a: Thundurus\n|\n|upkeep\n|\n|t:|1700663134\n|switch|p1a: Chien-Pao|Chien-Pao, L50|100\/100\n|-ability|p1a: Chien-Pao|Sword of Ruin\n|turn|2\n|\n|t:|1700663145\n|move|p2a: Glimmora|Spiky Shield|p2a: Glimmora\n|-singleturn|p2a: Glimmora|move: Protect\n|move|p1b: Roaring Moon|Knock Off|p2b: Dusclops\n|-supereffective|p2b: Dusclops\n|-damage|p2b: Dusclops|13\/100\n|-enditem|p2b: Dusclops|Eviolite|[from] move: Knock Off|[of] p1b: Roaring Moon\n|move|p1a: Chien-Pao|Icicle Crash|p2b: Dusclops\n|-damage|p2b: Dusclops|0 fnt\n|faint|p2b: Dusclops\n|\n|upkeep\n|\n|t:|1700663155\n|switch|p2b: Gyarados|Gyarados, L50, F, shiny|100\/100\n|-ability|p2b: Gyarados|Intimidate|boost\n|-unboost|p1a: Chien-Pao|atk|1\n|-unboost|p1b: Roaring Moon|atk|1\n|turn|3\n|\n|t:|1700663166\n|move|p2b: Gyarados|Protect|p2b: Gyarados\n|-singleturn|p2b: Gyarados|Protect\n|move|p1b: Roaring Moon|Knock Off|p2b: Gyarados\n|-activate|p2b: Gyarados|move: Protect\n|move|p1a: Chien-Pao|Icicle Crash|p2b: Gyarados\n|-activate|p2b: Gyarados|move: Protect\n|move|p2a: Glimmora|Power Gem|p1a: Chien-Pao\n|-supereffective|p1a: Chien-Pao\n|-enditem|p1a: Chien-Pao|Focus Sash\n|-damage|p1a: Chien-Pao|1\/100\n|\n|upkeep\n|turn|4\n|\n|t:|1700663180\n|switch|p2b: Gholdengo|Gholdengo, L50|100\/100\n|move|p2a: Glimmora|Spiky Shield|p2a: Glimmora\n|-singleturn|p2a: Glimmora|move: Protect\n|move|p1b: Roaring Moon|Knock Off|p2b: Gholdengo\n|-supereffective|p2b: Gholdengo\n|-damage|p2b: Gholdengo|17\/100\n|-enditem|p2b: Gholdengo|Leftovers|[from] move: Knock Off|[of] p1b: Roaring Moon\n|move|p1a: Chien-Pao|Icicle Crash|p2b: Gholdengo\n|-resisted|p2b: Gholdengo\n|-damage|p2b: Gholdengo|0 fnt\n|faint|p2b: Gholdengo\n|\n|upkeep\n|\n|t:|1700663192\n|switch|p2b: Gyarados|Gyarados, L50, F, shiny|100\/100\n|-ability|p2b: Gyarados|Intimidate|boost\n|-unboost|p1a: Chien-Pao|atk|1\n|-unboost|p1b: Roaring Moon|atk|1\n|turn|5\n|inactive|Hrv1105020 has 30 seconds left.\n|\n|t:|1700663220\n|move|p1a: Chien-Pao|Protect|p1a: Chien-Pao\n|-singleturn|p1a: Chien-Pao|Protect\n|move|p1b: Roaring Moon|Knock Off|p2b: Gyarados\n|-damage|p2b: Gyarados|63\/100\n|-enditem|p2b: Gyarados|Mystic Water|[from] move: Knock Off|[of] p1b: Roaring Moon\n|move|p2a: Glimmora|Power Gem|p1a: Chien-Pao\n|-activate|p1a: Chien-Pao|move: Protect\n|move|p2b: Gyarados|Crunch|p1b: Roaring Moon\n|-resisted|p1b: Roaring Moon\n|-damage|p1b: Roaring Moon|75\/100\n|\n|upkeep\n|turn|6\n|\n|t:|1700663239\n|move|p2b: Gyarados|Protect|p2b: Gyarados\n|-singleturn|p2b: Gyarados|Protect\n|move|p1b: Roaring Moon|Acrobatics|p2b: Gyarados\n|-activate|p2b: Gyarados|move: Protect\n|move|p1a: Chien-Pao|Icicle Crash|p2b: Gyarados\n|-activate|p2b: Gyarados|move: Protect\n|move|p2a: Glimmora|Power Gem|p1a: Chien-Pao\n|-supereffective|p1a: Chien-Pao\n|-damage|p1a: Chien-Pao|0 fnt\n|faint|p1a: Chien-Pao\n|\n|upkeep\n|\n|t:|1700663241\n|switch|p1a: Sawsbuck|Sawsbuck, L50, F, shiny|100\/100\n|turn|7\n|\n|t:|1700663257\n|-terastallize|p1a: Sawsbuck|Water\n|-terastallize|p2b: Gyarados|Dark\n|move|p1b: Roaring Moon|Knock Off|p2a: Glimmora\n|-damage|p2a: Glimmora|73\/100\n|-damage|p1b: Roaring Moon|59\/100|[from] item: Rocky Helmet|[of] p2a: Glimmora\n|-activate|p2a: Glimmora|ability: Toxic Debris\n|-sidestart|p1: Hrv1105020|move: Toxic Spikes\n|-enditem|p2a: Glimmora|Rocky Helmet|[from] move: Knock Off|[of] p1b: Roaring Moon\n|move|p1a: Sawsbuck|Horn Leech|p2b: Gyarados\n|-damage|p2b: Gyarados|18\/100\n|-damage|p1a: Sawsbuck|91\/100|[from] item: Life Orb\n|move|p2a: Glimmora|Sludge Bomb|p1a: Sawsbuck\n|-damage|p1a: Sawsbuck|13\/100\n|move|p2b: Gyarados|Waterfall|p1b: Roaring Moon\n|-resisted|p1b: Roaring Moon\n|-damage|p1b: Roaring Moon|29\/100\n|\n|upkeep\n|turn|8\n|inactive|Hrv1105020 has 30 seconds left.\n|\n|t:|1700663283\n|move|p2a: Glimmora|Spiky Shield|p2a: Glimmora\n|-singleturn|p2a: Glimmora|move: Protect\n|move|p2b: Gyarados|Protect|p2b: Gyarados\n|-singleturn|p2b: Gyarados|Protect\n|move|p1b: Roaring Moon|Acrobatics|p2b: Gyarados\n|-activate|p2b: Gyarados|move: Protect\n|move|p1a: Sawsbuck|High Horsepower|p2a: Glimmora\n|-activate|p2a: Glimmora|move: Protect\n|-damage|p1a: Sawsbuck|0 fnt|[from] Spiky Shield|[of] p2a: Glimmora\n|faint|p1a: Sawsbuck\n|\n|upkeep\n|turn|9\n|-message|Hrv1105020 forfeited.\n|\n|win|krenitos\n|raw|Hrv1105020's rating: 1096 &rarr; <strong>1072<\/strong><br \/>(-24 for losing)\n|raw|krenitos's rating: 1100 &rarr; <strong>1125<\/strong><br \/>(+25 for winning)\n|l|\u2606Hrv1105020\n","uploadtime":1700663299,"views":4,"p1id":"hrv1105020","p2id":"krenitos","formatid":"gen9vgc2023regulatione","rating":1072,"private":0,"password":""}