{"id":"gen9vgc2023regulatione-1993392958","p1":"GroundNecton","p2":"elmassa45","format":"[Gen 9] VGC 2023 Regulation E","log":"|j|\u2606GroundNecton\n|j|\u2606elmassa45\n|t:|1700311456\n|gametype|doubles\n|player|p1|GroundNecton|aaron|1294\n|player|p2|elmassa45|169|1298\n|teamsize|p1|6\n|teamsize|p2|6\n|gen|9\n|tier|[Gen 9] VGC 2023 Regulation E\n|rated|\n|rule|Species Clause: Limit one of each Pok\u00e9mon\n|rule|Item Clause: Limit one of each item\n|clearpoke\n|poke|p1|Chien-Pao, L50|\n|poke|p1|Urshifu-*, L50, M|\n|poke|p1|Chi-Yu, L50|\n|poke|p1|Flutter Mane, L50|\n|poke|p1|Dragonite, L50, M|\n|poke|p1|Rillaboom, L50, F|\n|poke|p2|Urshifu-*, L50, M|\n|poke|p2|Iron Hands, L50|\n|poke|p2|Orthworm, L50, F|\n|poke|p2|Flutter Mane, L50|\n|poke|p2|Illumise, L50, F|\n|poke|p2|Brambleghast, L50, M|\n|teampreview|4\n|inactive|Battle timer is ON: inactive players will automatically lose when time's up. (requested by elmassa45)\n|inactive|GroundNecton has 60 seconds left.\n|inactive|elmassa45 has 60 seconds left.\n|inactive|elmassa45 has 30 seconds left.\n|inactive|elmassa45 has 20 seconds left.\n|inactive|elmassa45 has 15 seconds left.\n|inactive|elmassa45 has 10 seconds left.\n|inactive|elmassa45 has 5 seconds left.\n|\n|t:|1700311546\n|start\n|switch|p1a: \ub0a0\uac1c\uce58\ub294\uba38\ub9ac|Flutter Mane, L50|100\/100\n|switch|p1b: \uc704\uc720\uc774|Chi-Yu, L50|100\/100\n|switch|p2a: Urshifu|Urshifu, L50, M|100\/100\n|switch|p2b: Iron Hands|Iron Hands, L50|100\/100\n|-ability|p1b: \uc704\uc720\uc774|Beads of Ruin\n|-enditem|p1a: \ub0a0\uac1c\uce58\ub294\uba38\ub9ac|Booster Energy\n|-activate|p1a: \ub0a0\uac1c\uce58\ub294\uba38\ub9ac|ability: Protosynthesis|[fromitem]\n|-start|p1a: \ub0a0\uac1c\uce58\ub294\uba38\ub9ac|protosynthesisspe\n|turn|1\n|inactive|GroundNecton has 30 seconds left.\n|inactive|elmassa45 has 30 seconds left.\n|inactive|GroundNecton has 20 seconds left.\n|inactive|GroundNecton has 15 seconds left.\n|\n|t:|1700311589\n|switch|p1b: \uc6b0\ub77c\uc624\uc2a4|Urshifu-Rapid-Strike, L50, M|100\/100\n|-terastallize|p2b: Iron Hands|Water\n|move|p2a: Urshifu|Protect|p2a: Urshifu\n|-singleturn|p2a: Urshifu|Protect\n|move|p1a: \ub0a0\uac1c\uce58\ub294\uba38\ub9ac|Moonblast|p2a: Urshifu\n|-activate|p2a: Urshifu|move: Protect\n|move|p2b: Iron Hands|Heavy Slam|p1a: \ub0a0\uac1c\uce58\ub294\uba38\ub9ac\n|-supereffective|p1a: \ub0a0\uac1c\uce58\ub294\uba38\ub9ac\n|-damage|p1a: \ub0a0\uac1c\uce58\ub294\uba38\ub9ac|0 fnt\n|faint|p1a: \ub0a0\uac1c\uce58\ub294\uba38\ub9ac\n|-end|p1a: \ub0a0\uac1c\uce58\ub294\uba38\ub9ac|Protosynthesis|[silent]\n|\n|upkeep\n|\n|t:|1700311606\n|switch|p1a: \uace0\ub9b4\ud0c0|Rillaboom, L50, F|100\/100\n|-fieldstart|move: Grassy Terrain|[from] ability: Grassy Surge|[of] p1a: \uace0\ub9b4\ud0c0\n|turn|2\n|inactive|GroundNecton has 30 seconds left.\n|inactive|elmassa45 has 30 seconds left.\n|\n|t:|1700311634\n|-end|p2b: Iron Hands|Quark Drive|[silent]\n|switch|p2b: Orthworm|Orthworm, L50, F|100\/100\n|move|p1a: \uace0\ub9b4\ud0c0|Fake Out|p2b: Orthworm\n|-resisted|p2b: Orthworm\n|-damage|p2b: Orthworm|95\/100\n|move|p2a: Urshifu|Swords Dance|p2a: Urshifu\n|-boost|p2a: Urshifu|atk|2\n|move|p1b: \uc6b0\ub77c\uc624\uc2a4|Close Combat|p2a: Urshifu\n|-supereffective|p2a: Urshifu\n|-damage|p2a: Urshifu|0 fnt\n|-unboost|p1b: \uc6b0\ub77c\uc624\uc2a4|def|1\n|-unboost|p1b: \uc6b0\ub77c\uc624\uc2a4|spd|1\n|faint|p2a: Urshifu\n|\n|-heal|p2b: Orthworm|100\/100|[from] Grassy Terrain\n|upkeep\n|\n|t:|1700311650\n|switch|p2a: Flutter Mane|Flutter Mane, L50|100\/100\n|turn|3\n|\n|t:|1700311672\n|move|p1b: \uc6b0\ub77c\uc624\uc2a4|Detect|p1b: \uc6b0\ub77c\uc624\uc2a4\n|-singleturn|p1b: \uc6b0\ub77c\uc624\uc2a4|Protect\n|move|p2a: Flutter Mane|Dazzling Gleam|p1b: \uc6b0\ub77c\uc624\uc2a4|[spread] p1a\n|-activate|p1b: \uc6b0\ub77c\uc624\uc2a4|move: Protect\n|-damage|p1a: \uace0\ub9b4\ud0c0|32\/100\n|move|p1a: \uace0\ub9b4\ud0c0|Drum Beating|p2a: Flutter Mane\n|-damage|p2a: Flutter Mane|0 fnt\n|faint|p2a: Flutter Mane\n|-end|p2a: Flutter Mane|Protosynthesis|[silent]\n|move|p2b: Orthworm|Iron Defense|p2b: Orthworm\n|-boost|p2b: Orthworm|def|2\n|\n|-heal|p1a: \uace0\ub9b4\ud0c0|38\/100|[from] Grassy Terrain\n|upkeep\n|\n|t:|1700311682\n|switch|p2a: Iron Hands|Iron Hands, L50, tera:Water|100\/100\n|turn|4\n|\n|t:|1700311700\n|move|p1b: \uc6b0\ub77c\uc624\uc2a4|Surging Strikes|p2b: Orthworm\n|-crit|p2b: Orthworm\n|-damage|p2b: Orthworm|81\/100\n|-crit|p2b: Orthworm\n|-damage|p2b: Orthworm|61\/100\n|-crit|p2b: Orthworm\n|-damage|p2b: Orthworm|41\/100\n|-hitcount|p2b: Orthworm|3\n|move|p1a: \uace0\ub9b4\ud0c0|Drum Beating|p2a: Iron Hands\n|-supereffective|p2a: Iron Hands\n|-damage|p2a: Iron Hands|7\/100\n|-unboost|p2a: Iron Hands|spe|1\n|move|p2b: Orthworm|Body Press|p1a: \uace0\ub9b4\ud0c0\n|-damage|p1a: \uace0\ub9b4\ud0c0|0 fnt\n|faint|p1a: \uace0\ub9b4\ud0c0\n|move|p2a: Iron Hands|Wild Charge|p1b: \uc6b0\ub77c\uc624\uc2a4\n|-supereffective|p1b: \uc6b0\ub77c\uc624\uc2a4\n|-damage|p1b: \uc6b0\ub77c\uc624\uc2a4|0 fnt\n|faint|p1b: \uc6b0\ub77c\uc624\uc2a4\n|-damage|p2a: Iron Hands|0 fnt|[from] Recoil\n|faint|p2a: Iron Hands\n|-end|p2a: Iron Hands|Quark Drive|[silent]\n|\n|-heal|p2b: Orthworm|47\/100|[from] Grassy Terrain\n|-heal|p2b: Orthworm|53\/100|[from] item: Leftovers\n|upkeep\n|\n|t:|1700311722\n|switch|p1a: \uc704\uc720\uc774|Chi-Yu, L50|100\/100\n|-ability|p1a: \uc704\uc720\uc774|Beads of Ruin\n|turn|5\n|\n|t:|1700311729\n|-terastallize|p1a: \uc704\uc720\uc774|Fire\n|move|p1a: \uc704\uc720\uc774|Heat Wave|p2b: Orthworm\n|-supereffective|p2b: Orthworm\n|-damage|p2b: Orthworm|0 fnt\n|faint|p2b: Orthworm\n|\n|win|GroundNecton\n|raw|GroundNecton's rating: 1294 &rarr; <strong>1319<\/strong><br \/>(+25 for winning)\n|raw|elmassa45's rating: 1298 &rarr; <strong>1273<\/strong><br \/>(-25 for losing)\n|l|\u2606elmassa45\n","uploadtime":1700311736,"views":7,"p1id":"groundnecton","p2id":"elmassa45","formatid":"gen9vgc2023regulatione","rating":1273,"private":0,"password":""}