{"id":"gen9vgc2023regulatione-1998471351","p1":"KyuremBiancoEtero","p2":"Triir","format":"[Gen 9] VGC 2023 Regulation E","log":"|j|\u2606KyuremBiancoEtero\n|j|\u2606Triir\n|n|\u2606KyuremBiancoEtero|kyurembiancoetero\n|n|\u2606Triir|triir\n|html|View the match progress at <a href=\"\/game-bestof3-gen9vgc2023regulatione-1998468895\">game-bestof3-gen9vgc2023regulatione-1998468895<\/a>\n|t:|1700946054\n|gametype|doubles\n|player|p1|KyuremBiancoEtero|bellelba|\n|player|p2|Triir|palmer|\n|teamsize|p1|6\n|teamsize|p2|6\n|gen|9\n|tier|[Gen 9] VGC 2023 Regulation E\n|rule|Species Clause: Limit one of each Pok\u00e9mon\n|rule|Item Clause: Limit one of each item\n|clearpoke\n|poke|p1|Rillaboom, L50, M|\n|poke|p1|Chien-Pao, L50|\n|poke|p1|Arcanine-Hisui, L50, M|\n|poke|p1|Urshifu-*, L50, F|\n|poke|p1|Tornadus, L50, M|\n|poke|p1|Landorus, L50, M|\n|poke|p2|Urshifu-*, L50, M|\n|poke|p2|Tornadus, L50, M|\n|poke|p2|Regidrago, L50|\n|poke|p2|Rillaboom, L50, F|\n|poke|p2|Gholdengo, L50|\n|poke|p2|Ogerpon-Hearthflame, L50, F|\n|teampreview|4\n|\n|t:|1700946065\n|start\n|switch|p1a: Tornadus|Tornadus, L50, M|100\/100\n|switch|p1b: Landorus|Landorus, L50, M|100\/100\n|switch|p2a: Tornadus|Tornadus, L50, M|100\/100\n|switch|p2b: Regidrago|Regidrago, L50|100\/100\n|turn|1\n|\n|t:|1700946077\n|move|p1a: Tornadus|Tailwind|p1a: Tornadus\n|-sidestart|p1: KyuremBiancoEtero|move: Tailwind\n|move|p2a: Tornadus|Tailwind|p2a: Tornadus\n|-sidestart|p2: Triir|move: Tailwind\n|move|p1b: Landorus|Earth Power|p2b: Regidrago\n|-damage|p2b: Regidrago|28\/100\n|move|p2b: Regidrago|Draco Meteor|p1a: Tornadus\n|-damage|p1a: Tornadus|0 fnt\n|-unboost|p2b: Regidrago|spa|2\n|faint|p1a: Tornadus\n|\n|upkeep\n|j| Sicgatto\n|\n|t:|1700946097\n|switch|p1a: Arcanine|Arcanine-Hisui, L50, M, shiny|100\/100\n|-ability|p1a: Arcanine|Intimidate|boost\n|-unboost|p2a: Tornadus|atk|1\n|-unboost|p2b: Regidrago|atk|1\n|turn|2\n|\n|t:|1700946116\n|move|p2a: Tornadus|Protect|p2a: Tornadus\n|-singleturn|p2a: Tornadus|Protect\n|move|p1b: Landorus|Earth Power|p2b: Regidrago\n|-damage|p2b: Regidrago|0 fnt\n|faint|p2b: Regidrago\n|move|p1a: Arcanine|Rock Slide|p2a: Tornadus\n|-activate|p2a: Tornadus|move: Protect\n|\n|upkeep\n|\n|t:|1700946123\n|switch|p2b: Urshifu|Urshifu-Rapid-Strike, L50, M|100\/100\n|turn|3\n|\n|t:|1700946158\n|switch|p1b: Rillaboom|Rillaboom, L50, M, shiny|100\/100\n|-fieldstart|move: Grassy Terrain|[from] ability: Grassy Surge|[of] p1b: Rillaboom\n|switch|p2a: Rillaboom|Rillaboom, L50, F|100\/100\n|move|p2b: Urshifu|Surging Strikes|p1a: Arcanine\n|-supereffective|p1a: Arcanine\n|-crit|p1a: Arcanine\n|-damage|p1a: Arcanine|0 fnt\n|faint|p1a: Arcanine\n|-hitcount|p1: Arcanine|1\n|\n|upkeep\n|\n|t:|1700946162\n|switch|p1a: Landorus|Landorus, L50, M|100\/100\n|turn|4\n|j| Dice Player\n|j| Dracozoltommemerd\n|\n|t:|1700946205\n|-terastallize|p2b: Urshifu|Poison\n|-terastallize|p1a: Landorus|Poison\n|move|p1b: Rillaboom|Fake Out|p2a: Rillaboom\n|-damage|p2a: Rillaboom|87\/100\n|cant|p2a: Rillaboom|flinch\n|move|p2b: Urshifu|Surging Strikes|p1a: Landorus\n|-crit|p1a: Landorus\n|-damage|p1a: Landorus|77\/100\n|-crit|p1a: Landorus\n|-damage|p1a: Landorus|53\/100\n|-crit|p1a: Landorus\n|-damage|p1a: Landorus|30\/100\n|-hitcount|p1a: Landorus|3\n|move|p1a: Landorus|Earth Power|p2b: Urshifu\n|-supereffective|p2b: Urshifu\n|-damage|p2b: Urshifu|0 fnt\n|faint|p2b: Urshifu\n|\n|-heal|p1a: Landorus|36\/100|[from] Grassy Terrain\n|-heal|p2a: Rillaboom|93\/100|[from] Grassy Terrain\n|-sideend|p2: Triir|move: Tailwind\n|-sideend|p1: KyuremBiancoEtero|move: Tailwind\n|upkeep\n|\n|t:|1700946210\n|switch|p2b: Tornadus|Tornadus, L50, M|100\/100\n|turn|5\n|\n|t:|1700946221\n|move|p2b: Tornadus|Tailwind|p2b: Tornadus\n|-sidestart|p2: Triir|move: Tailwind\n|move|p2a: Rillaboom|Wood Hammer|p1a: Landorus\n|-resisted|p1a: Landorus\n|-damage|p1a: Landorus|0 fnt\n|faint|p1a: Landorus\n|-damage|p2a: Rillaboom|83\/100|[from] Recoil\n|move|p1b: Rillaboom|Wood Hammer|p2b: Tornadus\n|-resisted|p2b: Tornadus\n|-damage|p2b: Tornadus|56\/100\n|-damage|p1b: Rillaboom|84\/100|[from] item: Rocky Helmet|[of] p2b: Tornadus\n|-damage|p1b: Rillaboom|70\/100|[from] Recoil\n|\n|-heal|p2a: Rillaboom|88\/100|[from] Grassy Terrain\n|-heal|p1b: Rillaboom|76\/100|[from] Grassy Terrain\n|upkeep\n|turn|6\n|\n|t:|1700946226\n|move|p2b: Tornadus|Bleakwind Storm|p1b: Rillaboom\n|-supereffective|p1b: Rillaboom\n|-damage|p1b: Rillaboom|0 fnt\n|faint|p1b: Rillaboom\n|\n|win|Triir\n|l| Dice Player\n|c|\u2606Triir|gg\n|l| Dracozoltommemerd\n|l| Sicgatto\n|c|\u2606KyuremBiancoEtero|gg\n|l|\u2606KyuremBiancoEtero\n","uploadtime":1700946305,"views":21,"p1id":"kyurembiancoetero","p2id":"triir","formatid":"gen9vgc2023regulatione","rating":0,"private":0,"password":""}