{"id":"gen9vgc2023regulatione-1989974687","p1":"C2Lard","p2":"Daboudidabouda","format":"[Gen 9] VGC 2023 Regulation E","log":"|j|\u2606C2Lard\n|j|\u2606Daboudidabouda\n|n|\u2606C2Lard|c2lard\n|n|\u2606Daboudidabouda|daboudidabouda\n|html|View the match progress at <a href=\"\/game-bestof3-gen9vgc2023regulatione-1989972804\">game-bestof3-gen9vgc2023regulatione-1989972804<\/a>\n|t:|1699911667\n|gametype|doubles\n|player|p1|C2Lard|zinnia|\n|player|p2|Daboudidabouda|169|\n|teamsize|p1|6\n|teamsize|p2|6\n|gen|9\n|tier|[Gen 9] VGC 2023 Regulation E\n|rule|Species Clause: Limit one of each Pok\u00e9mon\n|rule|Item Clause: Limit one of each item\n|clearpoke\n|poke|p1|Ogerpon-Hearthflame, L50, F|\n|poke|p1|Urshifu-*, L50, F|\n|poke|p1|Tornadus, L50, M|\n|poke|p1|Landorus-Therian, L50, M|\n|poke|p1|Flutter Mane, L50|\n|poke|p1|Kingambit, L50, M|\n|poke|p2|Ogerpon-Hearthflame, L50, F|\n|poke|p2|Iron Bundle, L50|\n|poke|p2|Milotic, L50, F|\n|poke|p2|Iron Hands, L50|\n|poke|p2|Gholdengo, L50|\n|poke|p2|Dragonite, L50, M|\n|teampreview|4\nC2Lard has agreed to open team sheets.\nDaboudidabouda has agreed to open team sheets.\n|showteam|p1|Ogerpon-Hearthflame||HearthflameMask|MoldBreaker|IvyCudgel,HornLeech,FollowMe,SpikyShield|||F|||50|,,,,,Fire]Urshifu-Rapid-Strike||FocusSash|UnseenFist|SurgingStrikes,AquaJet,CloseCombat,Protect|||F|||50|,,,,,Water]Tornadus||MentalHerb|Prankster|Tailwind,BleakwindStorm,RainDance,Taunt|||M|||50|,,,,,Ghost]Landorus-Therian||ChoiceScarf|Intimidate|TeraBlast,RockSlide,Uturn,StompingTantrum|||M|||50|,,,,,Flying]Flutter Mane||ChoiceSpecs|Protosynthesis|Moonblast,DazzlingGleam,ShadowBall,PowerGem||||||50|,,,,,Fairy]Kingambit||BlackGlasses|Defiant|KowtowCleave,SuckerPunch,SwordsDance,Protect|||M|||50|,,,,,Fire\n|showteam|p2|Ogerpon-Hearthflame||HearthflameMask|MoldBreaker|IvyCudgel,WoodHammer,StompingTantrum,SpikyShield|||F|||50|,,,,,Fire]Iron Bundle||BoosterEnergy|QuarkDrive|Protect,FreezeDry,IcyWind,HydroPump||||||50|,,,,,Ghost]Milotic||Leftovers|Competitive|IcyWind,Scald,Haze,Protect|||F|||50|,,,,,Dragon]Iron Hands||AssaultVest|QuarkDrive|FakeOut,DrainPunch,HeavySlam,WildCharge||||||50|,,,,,Fire]Gholdengo||SitrusBerry|GoodasGold|MakeItRain,ShadowBall,NastyPlot,Protect||||||50|,,,,,Dragon]Dragonite||ChoiceBand|InnerFocus|ExtremeSpeed,TeraBlast,StompingTantrum,IceSpinner|||M|||50|,,,,,Flying\n|\n|t:|1699911714\n|start\n|switch|p1a: Tornadus|Tornadus, L50, M|100\/100\n|switch|p1b: Ogerpon|Ogerpon-Hearthflame, L50, F|100\/100\n|switch|p2a: Milotic|Milotic, L50, F|100\/100\n|switch|p2b: Iron Hands|Iron Hands, L50|100\/100\n|-ability|p1b: Ogerpon|Mold Breaker\n|turn|1\n|\n|t:|1699911746\n|move|p1b: Ogerpon|Spiky Shield|p1b: Ogerpon\n|-singleturn|p1b: Ogerpon|move: Protect\n|move|p1a: Tornadus|Tailwind|p1a: Tornadus\n|-sidestart|p1: C2Lard|move: Tailwind\n|move|p2a: Milotic|Icy Wind|p1a: Tornadus|[spread] \n|-activate|p1b: Ogerpon|move: Protect\n|-miss|p2a: Milotic|p1a: Tornadus\n|move|p2b: Iron Hands|Wild Charge|p1a: Tornadus\n|-supereffective|p1a: Tornadus\n|-damage|p1a: Tornadus|0 fnt\n|faint|p1a: Tornadus\n|-damage|p2b: Iron Hands|81\/100|[from] Recoil\n|\n|upkeep\n|\n|t:|1699911767\n|switch|p1a: Flutter Mane|Flutter Mane, L50|100\/100\n|turn|2\n|\n|t:|1699911776\n|move|p1a: Flutter Mane|Moonblast|p2b: Iron Hands\n|-supereffective|p2b: Iron Hands\n|-damage|p2b: Iron Hands|7\/100\n|move|p1b: Ogerpon|Horn Leech|p2a: Milotic\n|-supereffective|p2a: Milotic\n|-damage|p2a: Milotic|0 fnt\n|faint|p2a: Milotic\n|move|p2b: Iron Hands|Heavy Slam|p1a: Flutter Mane\n|-supereffective|p1a: Flutter Mane\n|-damage|p1a: Flutter Mane|0 fnt\n|faint|p1a: Flutter Mane\n|-end|p1a: Flutter Mane|Protosynthesis|[silent]\n|\n|upkeep\n|\n|t:|1699911807\n|switch|p1a: Landorus|Landorus-Therian, L50, M|100\/100\n|switch|p2a: Ogerpon|Ogerpon-Hearthflame, L50, F|100\/100\n|-ability|p1a: Landorus|Intimidate|boost\n|-unboost|p2a: Ogerpon|atk|1\n|-unboost|p2b: Iron Hands|atk|1\n|-ability|p2a: Ogerpon|Mold Breaker\n|turn|3\n|\n|t:|1699911832\n|-terastallize|p1b: Ogerpon|Fire\n|detailschange|p1b: Ogerpon|Ogerpon-Hearthflame-Tera, L50, F, tera:Fire\n|-ability|p1b: Ogerpon|Embody Aspect (Hearthflame)|boost\n|-boost|p1b: Ogerpon|atk|1\n|move|p2a: Ogerpon|Spiky Shield|p2a: Ogerpon\n|-singleturn|p2a: Ogerpon|move: Protect\n|move|p1a: Landorus|Rock Slide|p2b: Iron Hands|[spread] p2b\n|-activate|p2a: Ogerpon|move: Protect\n|-resisted|p2b: Iron Hands\n|-damage|p2b: Iron Hands|0 fnt\n|faint|p2b: Iron Hands\n|-end|p2b: Iron Hands|Quark Drive|[silent]\n|move|p1b: Ogerpon|Ivy Cudgel|p2a: Ogerpon\n|-activate|p2a: Ogerpon|move: Protect\n|\n|upkeep\n|\n|t:|1699911844\n|switch|p2b: Gholdengo|Gholdengo, L50|100\/100\n|turn|4\n|\n|t:|1699911882\n|-terastallize|p2b: Gholdengo|Dragon\n|move|p1a: Landorus|Rock Slide|p2a: Ogerpon|[spread] p2a\n|-miss|p1a: Landorus|p2b: Gholdengo\n|-supereffective|p2a: Ogerpon\n|-damage|p2a: Ogerpon|44\/100\n|move|p1b: Ogerpon|Ivy Cudgel|p2a: Ogerpon\n|-damage|p2a: Ogerpon|0 fnt\n|faint|p2a: Ogerpon\n|move|p2b: Gholdengo|Shadow Ball|p1b: Ogerpon\n|-damage|p1b: Ogerpon|63\/100\n|-unboost|p1b: Ogerpon|spd|1\n|\n|-sideend|p1: C2Lard|move: Tailwind\n|upkeep\n|turn|5\n|\n|t:|1699911898\n|move|p1a: Landorus|Rock Slide|p2b: Gholdengo|[miss]\n|-miss|p1a: Landorus|p2b: Gholdengo\n|move|p1b: Ogerpon|Horn Leech|p2b: Gholdengo\n|-resisted|p2b: Gholdengo\n|-damage|p2b: Gholdengo|71\/100\n|-heal|p1b: Ogerpon|78\/100|[from] drain|[of] p2b: Gholdengo\n|move|p2b: Gholdengo|Shadow Ball|p1b: Ogerpon\n|-damage|p1b: Ogerpon|25\/100\n|\n|upkeep\n|turn|6\n|\n|t:|1699911909\n|move|p1a: Landorus|Rock Slide|p2b: Gholdengo|[miss]\n|-miss|p1a: Landorus|p2b: Gholdengo\n|move|p1b: Ogerpon|Horn Leech|p2b: Gholdengo\n|-resisted|p2b: Gholdengo\n|-damage|p2b: Gholdengo|42\/100\n|-heal|p1b: Ogerpon|40\/100|[from] drain|[of] p2b: Gholdengo\n|-enditem|p2b: Gholdengo|Sitrus Berry|[eat]\n|-heal|p2b: Gholdengo|67\/100|[from] item: Sitrus Berry\n|move|p2b: Gholdengo|Shadow Ball|p1b: Ogerpon\n|-damage|p1b: Ogerpon|0 fnt\n|faint|p1b: Ogerpon\n|\n|upkeep\n|turn|7\n|\n|t:|1699911921\n|move|p1a: Landorus|Rock Slide|p2b: Gholdengo\n|-damage|p2b: Gholdengo|42\/100\n|move|p2b: Gholdengo|Shadow Ball|p1a: Landorus\n|-damage|p1a: Landorus|49\/100\n|\n|upkeep\n|turn|8\n|\n|t:|1699911931\n|move|p1a: Landorus|Rock Slide|p2b: Gholdengo\n|-damage|p2b: Gholdengo|17\/100\n|move|p2b: Gholdengo|Shadow Ball|p1a: Landorus\n|-damage|p1a: Landorus|3\/100\n|-unboost|p1a: Landorus|spd|1\n|\n|upkeep\n|turn|9\n|\n|t:|1699911942\n|move|p2b: Gholdengo|Protect|p2b: Gholdengo\n|-singleturn|p2b: Gholdengo|Protect\n|move|p1a: Landorus|Rock Slide|p2b: Gholdengo\n|-activate|p2b: Gholdengo|move: Protect\n|\n|upkeep\n|turn|10\n|\n|t:|1699911947\n|move|p1a: Landorus|Rock Slide|p2b: Gholdengo\n|-crit|p2b: Gholdengo\n|-damage|p2b: Gholdengo|0 fnt\n|faint|p2b: Gholdengo\n|\n|win|C2Lard\n|l|\u2606C2Lard\n|l|\u2606Daboudidabouda\n|j|\u2606Daboudidabouda\n|player|p2|Daboudidabouda|169\n|j|\u2606C2Lard\n|player|p1|C2Lard|zinnia\n","uploadtime":1699911966,"views":13,"p1id":"c2lard","p2id":"daboudidabouda","formatid":"gen9vgc2023regulatione","rating":0,"private":0,"password":""}