{"id":"gen9vgc2023regulatione-1996497373","p1":"NuriaHablamePorfa","p2":"Alvaroqb_","format":"[Gen 9] VGC 2023 Regulation E","log":"|j|\u2606NuriaHablamePorfa\n|j|\u2606Alvaroqb_\n|t:|1700687777\n|gametype|doubles\n|player|p1|NuriaHablamePorfa|ethan|\n|player|p2|Alvaroqb_|266|\n|teamsize|p1|6\n|teamsize|p2|6\n|gen|9\n|tier|[Gen 9] VGC 2023 Regulation E\n|rule|Species Clause: Limit one of each Pok\u00e9mon\n|rule|Item Clause: Limit one of each item\n|clearpoke\n|poke|p1|Amoonguss, L50, F|\n|poke|p1|Iron Hands, L50|\n|poke|p1|Arcanine-Hisui, L50, F|\n|poke|p1|Tornadus, L50, M|\n|poke|p1|Gholdengo, L50|\n|poke|p1|Urshifu-*, L50, M|\n|poke|p2|Urshifu-*, L50, F|\n|poke|p2|Tornadus, L50, M|\n|poke|p2|Regidrago, L50|\n|poke|p2|Rillaboom, L50, F|\n|poke|p2|Arcanine-Hisui, L50, F|\n|poke|p2|Gholdengo, L50|\n|teampreview|4\n|inactive|Battle timer is ON: inactive players will automatically lose when time's up. (requested by NuriaHablamePorfa)\nAlvaroqb_ has agreed to open team sheets.\nNuriaHablamePorfa has agreed to open team sheets.\n|showteam|p1|Amoonguss||RockyHelmet|Regenerator|Spore,RagePowder,PollenPuff,Protect|||F|||50|,,,,,Water]Iron Hands||AssaultVest|QuarkDrive|FakeOut,WildCharge,DrainPunch,HeavySlam||||||50|,,,,,Water]Arcanine-Hisui||ChoiceBand|Intimidate|FlareBlitz,RockSlide,ExtremeSpeed,TeraBlast|||F|||50|,,,,,Fairy]Tornadus||SitrusBerry|Prankster|Tailwind,BleakwindStorm,RainDance,Taunt|||M|||50|,,,,,Dragon]Gholdengo||Leftovers|GoodasGold|MakeItRain,ShadowBall,NastyPlot,Protect||||||50|,,,,,Dragon]Urshifu-Rapid-Strike||SplashPlate|UnseenFist|Detect,Substitute,SurgingStrikes,CloseCombat|||M|||50|,,,,,Water\n|showteam|p2|Urshifu-Rapid-Strike||SplashPlate|UnseenFist|SurgingStrikes,CloseCombat,AquaJet,Protect|||F|||50|,,,,,Water]Tornadus||CovertCloak|Prankster|BleakwindStorm,RainDance,Tailwind,Taunt|||M|||50|,,,,,Steel]Regidrago||DragonFang|DragonsMaw|DragonEnergy,DracoMeteor,EarthPower,Protect||||||50|,,,,,Steel]Rillaboom||AssaultVest|GrassySurge|FakeOut,WoodHammer,HighHorsepower,GrassyGlide|||F|||50|,,,,,Poison]Arcanine-Hisui||SitrusBerry|Intimidate|FlareBlitz,ExtremeSpeed,RockSlide,WillOWisp|||F|||50|,,,,,Fairy]Gholdengo||MetalCoat|GoodasGold|MakeItRain,ShadowBall,NastyPlot,Protect||||||50|,,,,,Dragon\n|inactive|Alvaroqb_ has 30 seconds left.\n|inactive|Alvaroqb_ has 20 seconds left.\n|\n|t:|1700687829\n|start\n|switch|p1a: Tornadus|Tornadus, L50, M|100\/100\n|switch|p1b: Tete|Urshifu-Rapid-Strike, L50, M|100\/100\n|switch|p2a: Over|Rillaboom, L50, F|100\/100\n|switch|p2b: Gholdengo|Gholdengo, L50|100\/100\n|-fieldstart|move: Grassy Terrain|[from] ability: Grassy Surge|[of] p2a: Over\n|turn|1\n|inactive|NuriaHablamePorfa has 30 seconds left.\n|inactive|Alvaroqb_ has 30 seconds left.\n|inactive|Alvaroqb_ has 20 seconds left.\n|inactive|Alvaroqb_ has 15 seconds left.\n|inactive|Alvaroqb_ has 10 seconds left.\n|\n|t:|1700687878\n|-terastallize|p2b: Gholdengo|Dragon\n|move|p1b: Tete|Detect|p1b: Tete\n|-singleturn|p1b: Tete|Protect\n|move|p2a: Over|Fake Out|p1a: Tornadus\n|-damage|p1a: Tornadus|88\/100\n|cant|p1a: Tornadus|flinch\n|move|p2b: Gholdengo|Make It Rain|p1a: Tornadus|[spread] p1a\n|-activate|p1b: Tete|move: Protect\n|-damage|p1a: Tornadus|13\/100\n|-unboost|p2b: Gholdengo|spa|1\n|-enditem|p1a: Tornadus|Sitrus Berry|[eat]\n|-heal|p1a: Tornadus|38\/100|[from] item: Sitrus Berry\n|\n|upkeep\n|turn|2\n|\n|t:|1700687901\n|switch|p1b: Iron Hands|Iron Hands, L50|100\/100\n|move|p1a: Tornadus|Tailwind|p1a: Tornadus\n|-sidestart|p1: NuriaHablamePorfa|move: Tailwind\n|move|p2a: Over|Grassy Glide|p1b: Iron Hands\n|-damage|p1b: Iron Hands|72\/100\n|move|p2b: Gholdengo|Nasty Plot|p2b: Gholdengo\n|-boost|p2b: Gholdengo|spa|2\n|\n|-heal|p1b: Iron Hands|78\/100|[from] Grassy Terrain\n|upkeep\n|turn|3\n|\n|t:|1700687918\n|move|p1a: Tornadus|Bleakwind Storm|p2b: Gholdengo|[spread] p2a,p2b\n|-supereffective|p2a: Over\n|-damage|p2a: Over|54\/100\n|-damage|p2b: Gholdengo|69\/100\n|move|p1b: Iron Hands|Drain Punch|p2a: Over\n|-damage|p2a: Over|15\/100\n|-heal|p1b: Iron Hands|95\/100|[from] drain|[of] p2a: Over\n|move|p2b: Gholdengo|Make It Rain|p1b: Iron Hands|[spread] p1a,p1b\n|-resisted|p1b: Iron Hands\n|-damage|p1a: Tornadus|0 fnt\n|-damage|p1b: Iron Hands|70\/100\n|-unboost|p2b: Gholdengo|spa|1\n|faint|p1a: Tornadus\n|move|p2a: Over|Wood Hammer|p1b: Iron Hands\n|-damage|p1b: Iron Hands|6\/100\n|-damage|p2a: Over|0 fnt|[from] Recoil\n|faint|p2a: Over\n|\n|-heal|p1b: Iron Hands|12\/100|[from] Grassy Terrain\n|-heal|p2b: Gholdengo|75\/100|[from] Grassy Terrain\n|upkeep\n|\n|t:|1700687936\n|switch|p1a: Arcanine|Arcanine-Hisui, L50, F|100\/100\n|switch|p2a: Tornadus|Tornadus, L50, M|100\/100\n|-ability|p1a: Arcanine|Intimidate|boost\n|-unboost|p2a: Tornadus|atk|1\n|-unboost|p2b: Gholdengo|atk|1\n|turn|4\n|inactive|Alvaroqb_ has 30 seconds left.\n|\n|t:|1700687962\n|-terastallize|p1a: Arcanine|Fairy\n|move|p2b: Gholdengo|Protect|p2b: Gholdengo\n|-singleturn|p2b: Gholdengo|Protect\n|move|p2a: Tornadus|Tailwind|p2a: Tornadus\n|-sidestart|p2: Alvaroqb_|move: Tailwind\n|move|p1a: Arcanine|Tera Blast|p2b: Gholdengo|[anim] Tera Blast Fairy\n|-activate|p2b: Gholdengo|move: Protect\n|move|p1b: Iron Hands|Wild Charge|p2a: Tornadus\n|-supereffective|p2a: Tornadus\n|-damage|p2a: Tornadus|9\/100\n|-damage|p1b: Iron Hands|0 fnt|[from] Recoil\n|faint|p1b: Iron Hands\n|-end|p1b: Iron Hands|Quark Drive|[silent]\n|\n|-heal|p2b: Gholdengo|80\/100|[from] Grassy Terrain\n|upkeep\n|\n|t:|1700687965\n|switch|p1b: Tete|Urshifu-Rapid-Strike, L50, M|100\/100\n|turn|5\n|\n|t:|1700687986\n|move|p2b: Gholdengo|Protect|p2b: Gholdengo\n|-singleturn|p2b: Gholdengo|Protect\n|move|p1b: Tete|Surging Strikes|p2a: Tornadus\n|-crit|p2a: Tornadus\n|-damage|p2a: Tornadus|0 fnt\n|faint|p2a: Tornadus\n|-hitcount|p2: Tornadus|1\n|move|p1a: Arcanine|Tera Blast|p2b: Gholdengo|[anim] Tera Blast Fairy\n|-activate|p2b: Gholdengo|move: Protect\n|\n|-heal|p2b: Gholdengo|86\/100|[from] Grassy Terrain\n|-sideend|p1: NuriaHablamePorfa|move: Tailwind\n|-fieldend|move: Grassy Terrain\n|upkeep\n|\n|t:|1700687990\n|switch|p2a: Regidrago|Regidrago, L50|100\/100\n|turn|6\n|\n|t:|1700687998\n|move|p2a: Regidrago|Dragon Energy|p1b: Tete|[spread] p1b\n|-immune|p1a: Arcanine\n|-damage|p1b: Tete|0 fnt\n|faint|p1b: Tete\n|move|p2b: Gholdengo|Make It Rain|p1a: Arcanine\n|-supereffective|p1a: Arcanine\n|-damage|p1a: Arcanine|0 fnt\n|-unboost|p2b: Gholdengo|spa|1\n|faint|p1a: Arcanine\n|\n|win|Alvaroqb_\n","uploadtime":1700688015,"views":3,"p1id":"nuriahablameporfa","p2id":"alvaroqb","formatid":"gen9vgc2023regulatione","rating":0,"private":0,"password":""}