{"id":"gen9vgc2023regulatione-1991749325","p1":"previouslyunnamed","p2":"Axs00","format":"[Gen 9] VGC 2023 Regulation E","log":"|j|\u2606previouslyunnamed\n|j|\u2606Axs00\n|t:|1700110726\n|gametype|doubles\n|player|p1|previouslyunnamed|265|1642\n|player|p2|Axs00|veteran|1563\n|teamsize|p1|6\n|teamsize|p2|6\n|gen|9\n|tier|[Gen 9] VGC 2023 Regulation E\n|rated|\n|rule|Species Clause: Limit one of each Pok\u00e9mon\n|rule|Item Clause: Limit one of each item\n|clearpoke\n|poke|p1|Iron Hands, L50|\n|poke|p1|Landorus-Therian, L50, M|\n|poke|p1|Chi-Yu, L50|\n|poke|p1|Flutter Mane, L50|\n|poke|p1|Cresselia, L50, F|\n|poke|p1|Amoonguss, L50, F|\n|poke|p2|Urshifu-*, L50, M|\n|poke|p2|Roaring Moon, L50|\n|poke|p2|Gholdengo, L50|\n|poke|p2|Rillaboom, L50, M|\n|poke|p2|Heatran, L50, M|\n|poke|p2|Landorus-Therian, L50, M|\n|teampreview|4\n|inactive|Battle timer is ON: inactive players will automatically lose when time's up. (requested by previouslyunnamed)\n|inactive|Axs00 has 60 seconds left.\n|\n|t:|1700110769\n|start\n|switch|p1a: Iron Hands|Iron Hands, L50|100\/100\n|switch|p1b: Flutter Mane|Flutter Mane, L50|100\/100\n|switch|p2a: Gholdengo|Gholdengo, L50|100\/100\n|switch|p2b: Rillaboom|Rillaboom, L50, M|100\/100\n|-fieldstart|move: Grassy Terrain|[from] ability: Grassy Surge|[of] p2b: Rillaboom\n|-enditem|p1b: Flutter Mane|Booster Energy\n|-activate|p1b: Flutter Mane|ability: Protosynthesis|[fromitem]\n|-start|p1b: Flutter Mane|protosynthesisspe\n|turn|1\n|inactive|previouslyunnamed has 30 seconds left.\n|inactive|Axs00 has 30 seconds left.\n|inactive|previouslyunnamed has 20 seconds left.\n|inactive|Axs00 has 20 seconds left.\n|inactive|Axs00 has 15 seconds left.\n|\n|t:|1700110812\n|-end|p1a: Iron Hands|Quark Drive|[silent]\n|switch|p1a: Landorus|Landorus-Therian, L50, M|100\/100\n|-ability|p1a: Landorus|Intimidate|boost\n|-unboost|p2a: Gholdengo|atk|1\n|-unboost|p2b: Rillaboom|atk|1\n|-terastallize|p2a: Gholdengo|Dragon\n|move|p1b: Flutter Mane|Protect|p1b: Flutter Mane\n|-singleturn|p1b: Flutter Mane|Protect\n|move|p2b: Rillaboom|Fake Out|p1a: Landorus\n|-damage|p1a: Landorus|90\/100\n|move|p2a: Gholdengo|Make It Rain|p1a: Landorus|[spread] p1a\n|-activate|p1b: Flutter Mane|move: Protect\n|-damage|p1a: Landorus|28\/100\n|-unboost|p2a: Gholdengo|spa|1\n|\n|upkeep\n|turn|2\n|inactive|previouslyunnamed has 30 seconds left.\n|inactive|Axs00 has 30 seconds left.\n|inactive|Axs00 has 20 seconds left.\n|\n|t:|1700110852\n|switch|p2b: Landorus|Landorus-Therian, L50, M|100\/100\n|-ability|p2b: Landorus|Intimidate|boost\n|-unboost|p1a: Landorus|atk|1\n|-unboost|p1b: Flutter Mane|atk|1\n|move|p2a: Gholdengo|Protect|p2a: Gholdengo\n|-singleturn|p2a: Gholdengo|Protect\n|move|p1b: Flutter Mane|Moonblast|p2a: Gholdengo\n|-activate|p2a: Gholdengo|move: Protect\n|move|p1a: Landorus|U-turn|p2b: Landorus\n|-resisted|p2b: Landorus\n|-damage|p2b: Landorus|92\/100\n|\n|t:|1700110859\n|switch|p1a: Iron Hands|Iron Hands, L50|100\/100|[from] U-turn\n|\n|upkeep\n|turn|3\n|inactive|Axs00 has 30 seconds left.\n|inactive|Axs00 has 20 seconds left.\n|inactive|Axs00 has 15 seconds left.\n|inactive|Axs00 has 10 seconds left.\n|inactive|Axs00 has 5 seconds left.\n|\n|t:|1700110911\n|switch|p2a: Heatran|Heatran, L50, M|100\/100\n|-terastallize|p1b: Flutter Mane|Fairy\n|move|p1a: Iron Hands|Fake Out|p2b: Landorus\n|-damage|p2b: Landorus|76\/100\n|move|p1b: Flutter Mane|Moonblast|p2a: Heatran\n|-resisted|p2a: Heatran\n|-damage|p2a: Heatran|86\/100\n|-unboost|p2a: Heatran|spa|1\n|cant|p2b: Landorus|flinch\n|\n|-heal|p2a: Heatran|93\/100|[from] Grassy Terrain\n|upkeep\n|turn|4\n|inactive|Axs00 has 30 seconds left.\n|inactive|Axs00 has 20 seconds left.\n|inactive|Axs00 has 15 seconds left.\n|inactive|Axs00 has 10 seconds left.\n|inactive|Axs00 has 5 seconds left.\n|\n|t:|1700110963\n|move|p1b: Flutter Mane|Protect|p1b: Flutter Mane\n|-singleturn|p1b: Flutter Mane|Protect\n|move|p2a: Heatran|Protect|p2a: Heatran\n|-singleturn|p2a: Heatran|Protect\n|move|p2b: Landorus|Stomping Tantrum|p1a: Iron Hands\n|-supereffective|p1a: Iron Hands\n|-damage|p1a: Iron Hands|0 fnt\n|faint|p1a: Iron Hands\n|-end|p1a: Iron Hands|Quark Drive|[silent]\n|\n|-heal|p2a: Heatran|99\/100|[from] Grassy Terrain\n|upkeep\n|\n|t:|1700110971\n|switch|p1a: Landorus|Landorus-Therian, L50, M|28\/100\n|-ability|p1a: Landorus|Intimidate|boost\n|-unboost|p2a: Heatran|atk|1\n|-unboost|p2b: Landorus|atk|1\n|turn|5\n|inactive|Axs00 has 30 seconds left.\n|inactive|Axs00 has 20 seconds left.\n|inactive|Axs00 has 15 seconds left.\n|inactive|Axs00 has 10 seconds left.\n|\n|t:|1700111017\n|switch|p2b: Rillaboom|Rillaboom, L50, M|100\/100\n|move|p1b: Flutter Mane|Moonblast|p2b: Rillaboom\n|-damage|p2b: Rillaboom|57\/100\n|-unboost|p2b: Rillaboom|spa|1\n|move|p1a: Landorus|Stomping Tantrum|p2a: Heatran\n|-supereffective|p2a: Heatran\n|-damage|p2a: Heatran|0 fnt\n|faint|p2a: Heatran\n|\n|-heal|p2b: Rillaboom|63\/100|[from] Grassy Terrain\n|-fieldend|move: Grassy Terrain\n|upkeep\n|inactive|Axs00 has 30 seconds left.\n|inactive|Axs00 has 20 seconds left.\n|\n|t:|1700111054\n|switch|p2a: Gholdengo|Gholdengo, L50, tera:Dragon|100\/100\n|turn|6\n|inactive|Axs00 has 30 seconds left.\n|\n|t:|1700111086\n|switch|p1a: Amoonguss|Amoonguss, L50, F, shiny|100\/100\n|move|p1b: Flutter Mane|Protect|p1b: Flutter Mane\n|-singleturn|p1b: Flutter Mane|Protect\n|move|p2b: Rillaboom|Fake Out|p1a: Amoonguss\n|-damage|p1a: Amoonguss|90\/100\n|move|p2a: Gholdengo|Shadow Ball|p1a: Amoonguss\n|-damage|p1a: Amoonguss|51\/100\n|\n|upkeep\n|turn|7\n|inactive|Axs00 has 30 seconds left.\n|inactive|Axs00 has 20 seconds left.\n|inactive|Axs00 has 15 seconds left.\n|inactive|Axs00 has 10 seconds left.\n|inactive|Axs00 has 5 seconds left.\n|\n|t:|1700111139\n|switch|p2a: Landorus|Landorus-Therian, L50, M|76\/100\n|-ability|p2a: Landorus|Intimidate|boost\n|-unboost|p1a: Amoonguss|atk|1\n|-unboost|p1b: Flutter Mane|atk|1\n|move|p1a: Amoonguss|Rage Powder|p1a: Amoonguss\n|-singleturn|p1a: Amoonguss|move: Rage Powder\n|move|p1b: Flutter Mane|Icy Wind|p2b: Rillaboom|[spread] p2a,p2b\n|-supereffective|p2a: Landorus\n|-supereffective|p2b: Rillaboom\n|-damage|p2a: Landorus|12\/100\n|-damage|p2b: Rillaboom|44\/100\n|-unboost|p2a: Landorus|spe|1\n|-unboost|p2b: Rillaboom|spe|1\n|move|p2b: Rillaboom|U-turn|p1a: Amoonguss\n|-damage|p1a: Amoonguss|32\/100\n|-enditem|p1a: Amoonguss|Sitrus Berry|[eat]\n|-heal|p1a: Amoonguss|57\/100|[from] item: Sitrus Berry\n|\n|t:|1700111154\n|switch|p2b: Gholdengo|Gholdengo, L50, tera:Dragon|100\/100|[from] U-turn\n|\n|upkeep\n|turn|8\n|inactive|Axs00 has 30 seconds left.\n|inactive|Axs00 has 20 seconds left.\n|inactive|Axs00 has 15 seconds left.\n|\n|t:|1700111196\n|switch|p2a: Rillaboom|Rillaboom, L50, M|44\/100\n|-fieldstart|move: Grassy Terrain|[from] ability: Grassy Surge|[of] p2a: Rillaboom\n|move|p1a: Amoonguss|Rage Powder|p1a: Amoonguss\n|-singleturn|p1a: Amoonguss|move: Rage Powder\n|move|p1b: Flutter Mane|Moonblast|p2b: Gholdengo\n|-supereffective|p2b: Gholdengo\n|-damage|p2b: Gholdengo|0 fnt\n|faint|p2b: Gholdengo\n|\n|-heal|p2a: Rillaboom|50\/100|[from] Grassy Terrain\n|-heal|p1a: Amoonguss|63\/100|[from] Grassy Terrain\n|upkeep\n|inactive|Axs00 has 30 seconds left.\n|\n|t:|1700111207\n|switch|p2b: Landorus|Landorus-Therian, L50, M|12\/100\n|-ability|p2b: Landorus|Intimidate|boost\n|-unboost|p1a: Amoonguss|atk|1\n|-unboost|p1b: Flutter Mane|atk|1\n|turn|9\n|inactive|Axs00 has 25 seconds left this turn.\n|inactive|Axs00 has 20 seconds left.\n|inactive|Axs00 has 15 seconds left.\n|inactive|Axs00 has 10 seconds left.\n|inactive|Axs00 has 5 seconds left.\n|\n|t:|1700111228\n|move|p1b: Flutter Mane|Protect|p1b: Flutter Mane\n|-singleturn|p1b: Flutter Mane|Protect\n|move|p2a: Rillaboom|Fake Out|p1b: Flutter Mane\n|-activate|p1b: Flutter Mane|move: Protect\n|move|p2b: Landorus|Rock Slide|p1b: Flutter Mane|[spread] p1a\n|-activate|p1b: Flutter Mane|move: Protect\n|-damage|p1a: Amoonguss|45\/100\n|move|p1a: Amoonguss|Pollen Puff|p2a: Rillaboom\n|-supereffective|p2a: Rillaboom\n|-damage|p2a: Rillaboom|27\/100\n|\n|-heal|p2a: Rillaboom|33\/100|[from] Grassy Terrain\n|-heal|p1a: Amoonguss|51\/100|[from] Grassy Terrain\n|upkeep\n|turn|10\n|inactive|Axs00 has 5 seconds left this turn.\n|-message|Axs00 lost due to inactivity.\n|\n|win|previouslyunnamed\n|raw|previouslyunnamed's rating: 1642 &rarr; <strong>1658<\/strong><br \/>(+16 for winning)\n|raw|Axs00's rating: 1563 &rarr; <strong>1547<\/strong><br \/>(-16 for losing)\n","uploadtime":1700111246,"views":27,"p1id":"previouslyunnamed","p2id":"axs00","formatid":"gen9vgc2023regulatione","rating":1547,"private":0,"password":""}