{"id":"gen9vgc2023regulatione-1990776958","p1":"HeZaR","p2":"bobforte22","format":"[Gen 9] VGC 2023 Regulation E","log":"|j|\u2606HeZaR\n|j|\u2606bobforte22\n|t:|1699999806\n|gametype|doubles\n|player|p1|HeZaR|169|1314\n|player|p2|bobforte22|pilot|1280\n|teamsize|p1|6\n|teamsize|p2|6\n|gen|9\n|tier|[Gen 9] VGC 2023 Regulation E\n|rated|\n|rule|Species Clause: Limit one of each Pok\u00e9mon\n|rule|Item Clause: Limit one of each item\n|clearpoke\n|poke|p1|Mimikyu, L50, M|\n|poke|p1|Ursaluna, L50, M|\n|poke|p1|Torkoal, L50, M|\n|poke|p1|Rabsca, L50, M|\n|poke|p1|Iron Hands, L50|\n|poke|p1|Golem-Alola, L50, M|\n|poke|p2|Chi-Yu, L50|\n|poke|p2|Jolteon, L50, F|\n|poke|p2|Iron Hands, L50|\n|poke|p2|Iron Bundle, L50|\n|poke|p2|Arcanine, L50, F|\n|poke|p2|Garchomp, L50, F|\n|teampreview|4\nHeZaR has agreed to open team sheets.\n|inactive|Battle timer is ON: inactive players will automatically lose when time's up. (requested by HeZaR)\n|\n|t:|1699999839\n|start\n|switch|p1a: Mimikyu|Mimikyu, L50, M|100\/100\n|switch|p1b: Iron Hands|Iron Hands, L50|100\/100\n|switch|p2a: Chi-Yu|Chi-Yu, L50|100\/100\n|switch|p2b: Jolteon|Jolteon, L50, F|100\/100\n|-ability|p2a: Chi-Yu|Beads of Ruin\n|turn|1\n|\n|t:|1699999853\n|move|p1b: Iron Hands|Fake Out|p2b: Jolteon\n|-damage|p2b: Jolteon|77\/100\n|cant|p2b: Jolteon|flinch\n|move|p2a: Chi-Yu|Heat Wave|p1a: Mimikyu|[spread] p1a,p1b\n|-activate|p1a: Mimikyu|ability: Disguise\n|-damage|p1a: Mimikyu|100\/100\n|-damage|p1b: Iron Hands|32\/100\n|detailschange|p1a: Mimikyu|Mimikyu-Busted, L50, M\n|-damage|p1a: Mimikyu|88\/100|[from] pokemon: Mimikyu-Busted\n|-enditem|p1b: Iron Hands|Sitrus Berry|[eat]\n|-heal|p1b: Iron Hands|57\/100|[from] item: Sitrus Berry\n|move|p1a: Mimikyu|Trick Room|p1a: Mimikyu\n|-fieldstart|move: Trick Room|[of] p1a: Mimikyu\n|\n|upkeep\n|turn|2\n|\n|t:|1699999874\n|switch|p2b: Arcanine|Arcanine, L50, F, shiny|100\/100\n|-ability|p2b: Arcanine|Intimidate|boost\n|-unboost|p1a: Mimikyu|atk|1\n|-unboost|p1b: Iron Hands|atk|1\n|-terastallize|p2a: Chi-Yu|Ghost\n|move|p1b: Iron Hands|Drain Punch|p2a: Chi-Yu\n|-immune|p2a: Chi-Yu\n|move|p1a: Mimikyu|Wood Hammer|p2b: Arcanine\n|-resisted|p2b: Arcanine\n|-damage|p2b: Arcanine|90\/100\n|-damage|p1a: Mimikyu|71\/100|[from] item: Rocky Helmet|[of] p2b: Arcanine\n|-damage|p1a: Mimikyu|68\/100|[from] Recoil\n|move|p2a: Chi-Yu|Heat Wave|p1b: Iron Hands|[spread] p1a\n|-miss|p2a: Chi-Yu|p1b: Iron Hands\n|-damage|p1a: Mimikyu|0 fnt\n|faint|p1a: Mimikyu\n|\n|upkeep\n|\n|t:|1699999892\n|switch|p1a: Golem|Golem-Alola, L50, M|100\/100\n|turn|3\n|inactive|bobforte22 has 30 seconds left.\n|inactive|bobforte22 has 20 seconds left.\n|\n|t:|1699999930\n|-end|p1b: Iron Hands|Quark Drive|[silent]\n|switch|p1b: Ursaluna|Ursaluna, L50, M|100\/100\n|switch|p2a: Jolteon|Jolteon, L50, F|77\/100\n|move|p2b: Arcanine|Protect|p2b: Arcanine\n|-singleturn|p2b: Arcanine|Protect\n|move|p1a: Golem|Explosion|p2b: Arcanine|[spread] \n|-activate|p2b: Arcanine|move: Protect\n|-heal|p2a: Jolteon|100\/100|[from] ability: Volt Absorb|[of] p1a: Golem\n|-immune|p1b: Ursaluna\n|faint|p1a: Golem\n|\n|-status|p1b: Ursaluna|brn|[from] item: Flame Orb\n|upkeep\n|\n|t:|1699999944\n|switch|p1a: Iron Hands|Iron Hands, L50|57\/100\n|turn|4\n|\n|t:|1699999969\n|move|p2a: Jolteon|Protect|p2a: Jolteon\n|-singleturn|p2a: Jolteon|Protect\n|move|p1b: Ursaluna|Facade|p2a: Jolteon\n|-activate|p2a: Jolteon|move: Protect\n|move|p1a: Iron Hands|Drain Punch|p2b: Arcanine\n|-damage|p2b: Arcanine|45\/100\n|-heal|p1a: Iron Hands|74\/100|[from] drain|[of] p2b: Arcanine\n|-damage|p1a: Iron Hands|58\/100|[from] item: Rocky Helmet|[of] p2b: Arcanine\n|move|p2b: Arcanine|Will-O-Wisp|p1a: Iron Hands\n|-status|p1a: Iron Hands|brn\n|\n|-damage|p1b: Ursaluna|95\/100 brn|[from] brn\n|-damage|p1a: Iron Hands|52\/100 brn|[from] brn\n|upkeep\n|turn|5\n|\n|t:|1699999991\n|move|p2b: Arcanine|Protect|p2b: Arcanine\n|-singleturn|p2b: Arcanine|Protect\n|move|p1b: Ursaluna|Earthquake|p2a: Jolteon|[spread] p1a,p2a\n|-activate|p2b: Arcanine|move: Protect\n|-supereffective|p1a: Iron Hands\n|-supereffective|p2a: Jolteon\n|-damage|p1a: Iron Hands|0 fnt\n|-damage|p2a: Jolteon|0 fnt\n|faint|p1a: Iron Hands\n|-end|p1a: Iron Hands|Quark Drive|[silent]\n|faint|p2a: Jolteon\n|\n|-damage|p1b: Ursaluna|89\/100 brn|[from] brn\n|-fieldend|move: Trick Room\n|upkeep\n|\n|t:|1700000005\n|switch|p2a: Chi-Yu|Chi-Yu, L50, tera:Ghost|100\/100\n|-ability|p2a: Chi-Yu|Beads of Ruin\n|turn|6\n|\n|t:|1700000030\n|move|p2a: Chi-Yu|Dark Pulse|p1b: Ursaluna\n|-damage|p1b: Ursaluna|14\/100 brn\n|move|p2b: Arcanine|Flare Blitz|p1b: Ursaluna\n|-damage|p1b: Ursaluna|0 fnt\n|faint|p1b: Ursaluna\n|-damage|p2b: Arcanine|40\/100|[from] Recoil\n|\n|win|bobforte22\n|raw|HeZaR's rating: 1314 &rarr; <strong>1292<\/strong><br \/>(-22 for losing)\n|raw|bobforte22's rating: 1280 &rarr; <strong>1307<\/strong><br \/>(+27 for winning)\n|l|\u2606HeZaR\n","uploadtime":1700000042,"views":8,"p1id":"hezar","p2id":"bobforte22","formatid":"gen9vgc2023regulatione","rating":1292,"private":0,"password":""}