{"id":"gen9vgc2023regulatione-1999328777","p1":"TheFrostyKnight","p2":"Beauty Nova","format":"[Gen 9] VGC 2023 Regulation E","log":"|j|\u2606TheFrostyKnight\n|j|\u2606Beauty Nova\n|t:|1701061143\n|gametype|doubles\n|player|p1|TheFrostyKnight|265|1074\n|player|p2|Beauty Nova|beauty-gen6xy|1144\n|teamsize|p1|6\n|teamsize|p2|6\n|gen|9\n|tier|[Gen 9] VGC 2023 Regulation E\n|rated|\n|rule|Species Clause: Limit one of each Pok\u00e9mon\n|rule|Item Clause: Limit one of each item\n|clearpoke\n|poke|p1|Landorus, L50, M|\n|poke|p1|Sableye, L50, M|\n|poke|p1|Chi-Yu, L50|\n|poke|p1|Ogerpon-Wellspring, L50, F|\n|poke|p1|Goodra-Hisui, L50, M|\n|poke|p1|Iron Valiant, L50|\n|poke|p2|Oricorio-Sensu, L50, F|\n|poke|p2|Flamigo, L50, F|\n|poke|p2|Volcarona, L50, M|\n|poke|p2|Vivillon-Fancy, L50, F|\n|poke|p2|Lilligant, L50, F|\n|poke|p2|Torkoal, L50, F|\n|teampreview|4\n|\n|t:|1701061161\n|start\n|switch|p1a: Sableye|Sableye, L50, M|100\/100\n|switch|p1b: Landorus|Landorus, L50, M|100\/100\n|switch|p2a: Oricorio|Oricorio-Sensu, L50, F|100\/100\n|switch|p2b: Vivillon|Vivillon-Fancy, L50, F|100\/100\n|turn|1\n|inactive|Battle timer is ON: inactive players will automatically lose when time's up. (requested by TheFrostyKnight)\n|\n|t:|1701061183\n|move|p1b: Landorus|Protect|p1b: Landorus\n|-singleturn|p1b: Landorus|Protect\n|move|p2a: Oricorio|Protect|p2a: Oricorio\n|-singleturn|p2a: Oricorio|Protect\n|move|p1a: Sableye|Light Screen|p1a: Sableye\n|-sidestart|p1: TheFrostyKnight|move: Light Screen\n|move|p2b: Vivillon|Quiver Dance|p2b: Vivillon\n|-boost|p2b: Vivillon|spa|1\n|-boost|p2b: Vivillon|spd|1\n|-boost|p2b: Vivillon|spe|1\n|-activate|p2a: Oricorio|ability: Dancer\n|move|p2a: Oricorio|Quiver Dance|p2a: Oricorio|[from]ability: Dancer\n|-boost|p2a: Oricorio|spa|1\n|-boost|p2a: Oricorio|spd|1\n|-boost|p2a: Oricorio|spe|1\n|\n|upkeep\n|turn|2\n|\n|t:|1701061207\n|move|p1a: Sableye|Gravity|p1a: Sableye\n|-fieldstart|move: Gravity\n|move|p2b: Vivillon|Quiver Dance|p2b: Vivillon\n|-boost|p2b: Vivillon|spa|1\n|-boost|p2b: Vivillon|spd|1\n|-boost|p2b: Vivillon|spe|1\n|-activate|p2a: Oricorio|ability: Dancer\n|move|p2a: Oricorio|Quiver Dance|p2a: Oricorio|[from]ability: Dancer\n|-boost|p2a: Oricorio|spa|1\n|-boost|p2a: Oricorio|spd|1\n|-boost|p2a: Oricorio|spe|1\n|move|p2a: Oricorio|Substitute|p2a: Oricorio\n|-start|p2a: Oricorio|Substitute\n|-damage|p2a: Oricorio|75\/100\n|move|p1b: Landorus|Sandsear Storm|p2b: Vivillon|[spread] p2a,p2b\n|-end|p2a: Oricorio|Substitute\n|-resisted|p2b: Vivillon\n|-damage|p2b: Vivillon|72\/100\n|\n|-heal|p2a: Oricorio|81\/100|[from] item: Leftovers\n|upkeep\n|turn|3\n|inactive|TheFrostyKnight has 30 seconds left.\n|\n|t:|1701061234\n|move|p2a: Oricorio|Protect|p2a: Oricorio\n|-singleturn|p2a: Oricorio|Protect\n|move|p1a: Sableye|Thunder Wave|p2a: Oricorio\n|-activate|p2a: Oricorio|move: Protect\n|move|p2b: Vivillon|Quiver Dance|p2b: Vivillon\n|-boost|p2b: Vivillon|spa|1\n|-boost|p2b: Vivillon|spd|1\n|-boost|p2b: Vivillon|spe|1\n|-activate|p2a: Oricorio|ability: Dancer\n|move|p2a: Oricorio|Quiver Dance|p2a: Oricorio|[from]ability: Dancer\n|-boost|p2a: Oricorio|spa|1\n|-boost|p2a: Oricorio|spd|1\n|-boost|p2a: Oricorio|spe|1\n|move|p1b: Landorus|Sandsear Storm|p2b: Vivillon|[spread] p2b\n|-activate|p2a: Oricorio|move: Protect\n|-resisted|p2b: Vivillon\n|-crit|p2b: Vivillon\n|-damage|p2b: Vivillon|0 fnt\n|faint|p2b: Vivillon\n|\n|-heal|p2a: Oricorio|87\/100|[from] item: Leftovers\n|upkeep\n|\n|t:|1701061250\n|switch|p2b: Flamigo|Flamigo, L50, F|100\/100\n|-copyboost|p2b: Flamigo|p2a: Oricorio|[from] ability: Costar\n|turn|4\n|\n|t:|1701061266\n|move|p1b: Landorus|Protect|p1b: Landorus\n|-singleturn|p1b: Landorus|Protect\n|move|p2a: Oricorio|Revelation Dance|p1b: Landorus\n|-activate|p1b: Landorus|move: Protect\n|move|p2b: Flamigo|Copycat|p2b: Flamigo\n|move|p2b: Flamigo|Revelation Dance|p1a: Sableye|[from]move: Copycat\n|-damage|p1a: Sableye|0 fnt\n|faint|p1a: Sableye\n|-activate|p2a: Oricorio|ability: Dancer\n|move|p2a: Oricorio|Revelation Dance|p1b: Landorus|[from]ability: Dancer\n|-activate|p1b: Landorus|move: Protect\n|\n|-heal|p2a: Oricorio|93\/100|[from] item: Leftovers\n|upkeep\n|\n|t:|1701061288\n|switch|p1a: Iron Valiant|Iron Valiant, L50|100\/100\n|-enditem|p1a: Iron Valiant|Booster Energy\n|-activate|p1a: Iron Valiant|ability: Quark Drive|[fromitem]\n|-start|p1a: Iron Valiant|quarkdrivespe\n|turn|5\n|\n|t:|1701061299\n|-terastallize|p1a: Iron Valiant|Fairy\n|move|p2a: Oricorio|Revelation Dance|p1b: Landorus\n|-damage|p1b: Landorus|2\/100\n|move|p2b: Flamigo|Copycat|p2b: Flamigo\n|move|p2b: Flamigo|Revelation Dance|p1b: Landorus|[from]move: Copycat\n|-damage|p1b: Landorus|0 fnt\n|faint|p1b: Landorus\n|-activate|p2a: Oricorio|ability: Dancer\n|move|p2a: Oricorio|Revelation Dance|p1a: Iron Valiant|[from]ability: Dancer\n|-damage|p1a: Iron Valiant|0 fnt\n|faint|p1a: Iron Valiant\n|-end|p1a: Iron Valiant|Quark Drive|[silent]\n|\n|-heal|p2a: Oricorio|99\/100|[from] item: Leftovers\n|-sideend|p1: TheFrostyKnight|move: Light Screen\n|upkeep\n|\n|t:|1701061317\n|switch|p1b: Chi-Yu|Chi-Yu, L50|100\/100\n|-ability|p1b: Chi-Yu|Beads of Ruin\n|turn|6\n|\n|t:|1701061330\n|-terastallize|p2b: Flamigo|Fighting\n|move|p2a: Oricorio|Revelation Dance|p1b: Chi-Yu\n|-resisted|p1b: Chi-Yu\n|-damage|p1b: Chi-Yu|44\/100\n|move|p2b: Flamigo|Copycat|p2b: Flamigo\n|move|p2b: Flamigo|Revelation Dance|p1b: Chi-Yu|[from]move: Copycat\n|-supereffective|p1b: Chi-Yu\n|-damage|p1b: Chi-Yu|0 fnt\n|faint|p1b: Chi-Yu\n|-activate|p2a: Oricorio|ability: Dancer\n|move|p2a: Oricorio|Revelation Dance|p1: Iron Valiant|[from]ability: Dancer|[notarget]\n|-fail|p2a: Oricorio\n|\n|win|Beauty Nova\n|raw|TheFrostyKnight's rating: 1074 &rarr; <strong>1057<\/strong><br \/>(-17 for losing)\n|raw|Beauty Nova's rating: 1144 &rarr; <strong>1164<\/strong><br \/>(+20 for winning)\n|l|\u2606TheFrostyKnight\n","uploadtime":1701061348,"views":6,"p1id":"thefrostyknight","p2id":"beautynova","formatid":"gen9vgc2023regulatione","rating":1057,"private":0,"password":""}