{"id":"gen9vgc2023regulatione-1999306280","p1":"heavenz11","p2":"yukiriii","format":"[Gen 9] VGC 2023 Regulation E","log":"|j|\u2606heavenz11\n|j|\u2606yukiriii\n|t:|1701057827\n|gametype|doubles\n|player|p1|heavenz11|volkner|1221\n|player|p2|yukiriii|marley|1316\n|teamsize|p1|6\n|teamsize|p2|6\n|gen|9\n|tier|[Gen 9] VGC 2023 Regulation E\n|rated|\n|rule|Species Clause: Limit one of each Pok\u00e9mon\n|rule|Item Clause: Limit one of each item\n|clearpoke\n|poke|p1|Tornadus, L50, M|\n|poke|p1|Urshifu-*, L50, F|\n|poke|p1|Landorus-Therian, L50, M|\n|poke|p1|Iron Hands, L50|\n|poke|p1|Heatran, L50, M|\n|poke|p1|Flutter Mane, L50|\n|poke|p2|Politoed, L50, F|\n|poke|p2|Zapdos, L50|\n|poke|p2|Gholdengo, L50|\n|poke|p2|Rillaboom, L50, F|\n|poke|p2|Urshifu-*, L50, F|\n|poke|p2|Landorus-Therian, L50, M|\n|teampreview|4\nyukiriii has agreed to open team sheets.\n|inactive|Battle timer is ON: inactive players will automatically lose when time's up. (requested by yukiriii)\n|inactive|heavenz11 has 60 seconds left.\n|\n|t:|1701057937\n|start\n|switch|p1a: Iron Hands|Iron Hands, L50|100\/100\n|switch|p1b: Landorus|Landorus-Therian, L50, M|100\/100\n|switch|p2a: Rillaboom|Rillaboom, L50, F|100\/100\n|switch|p2b: Zapdos|Zapdos, L50|100\/100\n|-ability|p1b: Landorus|Intimidate|boost\n|-unboost|p2a: Rillaboom|atk|1\n|-unboost|p2b: Zapdos|atk|1\n|-fieldstart|move: Grassy Terrain|[from] ability: Grassy Surge|[of] p2a: Rillaboom\n|turn|1\n|\n|t:|1701057957\n|move|p2a: Rillaboom|Fake Out|p1a: Iron Hands\n|-damage|p1a: Iron Hands|94\/100\n|cant|p1a: Iron Hands|flinch\n|move|p1b: Landorus|U-turn|p2a: Rillaboom\n|-supereffective|p2a: Rillaboom\n|-damage|p2a: Rillaboom|52\/100\n|\n|t:|1701057964\n|switch|p1b: Heatran|Heatran, L50, M|100\/100|[from] U-turn\n|move|p2b: Zapdos|Tailwind|p2b: Zapdos\n|-sidestart|p2: yukiriii|move: Tailwind\n|\n|-heal|p2a: Rillaboom|58\/100|[from] Grassy Terrain\n|-heal|p1a: Iron Hands|99\/100|[from] Grassy Terrain\n|upkeep\n|turn|2\n|inactive|yukiriii has 30 seconds left.\n|inactive|yukiriii has 20 seconds left.\n|inactive|yukiriii has 15 seconds left.\n|inactive|yukiriii has 10 seconds left.\n|\n|t:|1701058011\n|switch|p2b: Landorus|Landorus-Therian, L50, M|100\/100\n|-ability|p2b: Landorus|Intimidate|boost\n|-unboost|p1a: Iron Hands|atk|1\n|-unboost|p1b: Heatran|atk|1\n|move|p2a: Rillaboom|High Horsepower|p1b: Heatran\n|-supereffective|p1b: Heatran\n|-damage|p1b: Heatran|24\/100\n|move|p1b: Heatran|Heat Wave|p2b: Landorus|[spread] p2a,p2b\n|-supereffective|p2a: Rillaboom\n|-damage|p2a: Rillaboom|3\/100\n|-damage|p2b: Landorus|58\/100\n|move|p1a: Iron Hands|Drain Punch|p2a: Rillaboom\n|-damage|p2a: Rillaboom|0 fnt\n|-heal|p1a: Iron Hands|100\/100|[from] drain|[of] p2a: Rillaboom\n|faint|p2a: Rillaboom\n|\n|-heal|p1b: Heatran|30\/100|[from] Grassy Terrain\n|upkeep\n|\n|t:|1701058035\n|switch|p2a: Zapdos|Zapdos, L50|100\/100\n|turn|3\n|\n|t:|1701058051\n|-terastallize|p1a: Iron Hands|Water\n|move|p1b: Heatran|Protect|p1b: Heatran\n|-singleturn|p1b: Heatran|Protect\n|move|p2b: Landorus|Stomping Tantrum|p1a: Iron Hands\n|-damage|p1a: Iron Hands|69\/100\n|move|p2a: Zapdos|Thunderbolt|p1b: Heatran\n|-activate|p1b: Heatran|move: Protect\n|move|p1a: Iron Hands|Drain Punch|p2b: Landorus\n|-resisted|p2b: Landorus\n|-damage|p2b: Landorus|41\/100\n|-heal|p1a: Iron Hands|75\/100|[from] drain|[of] p2b: Landorus\n|\n|-heal|p1b: Heatran|36\/100|[from] Grassy Terrain\n|-heal|p1a: Iron Hands|81\/100|[from] Grassy Terrain\n|upkeep\n|turn|4\n|inactive|yukiriii has 30 seconds left.\n|\n|t:|1701058077\n|switch|p2b: Urshifu|Urshifu-Rapid-Strike, L50, F|100\/100\n|-end|p1a: Iron Hands|Quark Drive|[silent]\n|switch|p1a: Landorus|Landorus-Therian, L50, M|100\/100\n|-ability|p1a: Landorus|Intimidate|boost\n|-unboost|p2a: Zapdos|atk|1\n|-unboost|p2b: Urshifu|atk|1\n|move|p2a: Zapdos|Thunderbolt|p1a: Landorus\n|-immune|p1a: Landorus\n|move|p1b: Heatran|Heat Wave|p2b: Urshifu|[spread] p2a,p2b\n|-resisted|p2b: Urshifu\n|-damage|p2a: Zapdos|66\/100\n|-damage|p2b: Urshifu|73\/100\n|\n|-heal|p2b: Urshifu|79\/100|[from] Grassy Terrain\n|-heal|p1b: Heatran|42\/100|[from] Grassy Terrain\n|-sideend|p2: yukiriii|move: Tailwind\n|upkeep\n|turn|5\n|inactive|heavenz11 has 30 seconds left.\n|\n|t:|1701058115\n|move|p1a: Landorus|Rock Slide|p2b: Urshifu|[spread] p2a,p2b\n|-supereffective|p2a: Zapdos\n|-resisted|p2b: Urshifu\n|-damage|p2a: Zapdos|27\/100\n|-damage|p2b: Urshifu|69\/100\n|-enditem|p2a: Zapdos|Sitrus Berry|[eat]\n|-heal|p2a: Zapdos|52\/100|[from] item: Sitrus Berry\n|move|p2b: Urshifu|Surging Strikes|p1a: Landorus\n|-supereffective|p1a: Landorus\n|-crit|p1a: Landorus\n|-damage|p1a: Landorus|58\/100\n|-supereffective|p1a: Landorus\n|-crit|p1a: Landorus\n|-damage|p1a: Landorus|16\/100\n|-supereffective|p1a: Landorus\n|-crit|p1a: Landorus\n|-damage|p1a: Landorus|0 fnt\n|faint|p1a: Landorus\n|-hitcount|p1: Landorus|3\n|move|p2a: Zapdos|Thunderbolt|p1b: Heatran\n|-damage|p1b: Heatran|3\/100\n|move|p1b: Heatran|Heat Wave|p2b: Urshifu|[spread] p2a,p2b\n|-resisted|p2b: Urshifu\n|-damage|p2a: Zapdos|14\/100\n|-damage|p2b: Urshifu|42\/100\n|\n|-heal|p2b: Urshifu|47\/100|[from] Grassy Terrain\n|-heal|p1b: Heatran|9\/100|[from] Grassy Terrain\n|-fieldend|move: Grassy Terrain\n|upkeep\n|inactive|heavenz11 has 30 seconds left.\n|\n|t:|1701058146\n|switch|p1a: Flutter Mane|Flutter Mane, L50|100\/100\n|turn|6\n|\n|t:|1701058158\n|move|p2b: Urshifu|Protect|p2b: Urshifu\n|-singleturn|p2b: Urshifu|Protect\n|move|p1a: Flutter Mane|Dazzling Gleam|p2a: Zapdos|[spread] p2a\n|-activate|p2b: Urshifu|move: Protect\n|-damage|p2a: Zapdos|0 fnt\n|faint|p2a: Zapdos\n|move|p1b: Heatran|Heat Wave|p2b: Urshifu\n|-activate|p2b: Urshifu|move: Protect\n|\n|upkeep\n|\n|t:|1701058160\n|switch|p2a: Landorus|Landorus-Therian, L50, M|41\/100\n|-ability|p2a: Landorus|Intimidate|boost\n|-unboost|p1a: Flutter Mane|atk|1\n|-unboost|p1b: Heatran|atk|1\n|turn|7\n|\n|t:|1701058174\n|switch|p1b: Iron Hands|Iron Hands, L50, tera:Water|81\/100\n|-terastallize|p2b: Urshifu|Water\n|move|p2a: Landorus|Rock Slide|p1a: Flutter Mane|[spread] p1a,p1b\n|-damage|p1a: Flutter Mane|63\/100\n|-damage|p1b: Iron Hands|64\/100\n|cant|p1a: Flutter Mane|flinch\n|move|p2b: Urshifu|Surging Strikes|p1a: Flutter Mane\n|-crit|p1a: Flutter Mane\n|-damage|p1a: Flutter Mane|6\/100\n|-crit|p1a: Flutter Mane\n|-damage|p1a: Flutter Mane|0 fnt\n|faint|p1a: Flutter Mane\n|-end|p1a: Flutter Mane|Protosynthesis|[silent]\n|-hitcount|p1: Flutter Mane|2\n|\n|upkeep\n|\n|t:|1701058188\n|switch|p1a: Heatran|Heatran, L50, M|9\/100\n|turn|8\n|\n|t:|1701058202\n|move|p1a: Heatran|Protect|p1a: Heatran\n|-singleturn|p1a: Heatran|Protect\n|move|p2a: Landorus|Rock Slide|p1b: Iron Hands|[spread] p1b\n|-activate|p1a: Heatran|move: Protect\n|-damage|p1b: Iron Hands|48\/100\n|move|p2b: Urshifu|Surging Strikes|p1b: Iron Hands\n|-resisted|p1b: Iron Hands\n|-crit|p1b: Iron Hands\n|-damage|p1b: Iron Hands|37\/100\n|-resisted|p1b: Iron Hands\n|-crit|p1b: Iron Hands\n|-damage|p1b: Iron Hands|26\/100\n|-resisted|p1b: Iron Hands\n|-crit|p1b: Iron Hands\n|-damage|p1b: Iron Hands|15\/100\n|-hitcount|p1b: Iron Hands|3\n|move|p1b: Iron Hands|Wild Charge|p2b: Urshifu\n|-supereffective|p2b: Urshifu\n|-damage|p2b: Urshifu|0 fnt\n|faint|p2b: Urshifu\n|-damage|p1b: Iron Hands|6\/100|[from] Recoil\n|\n|upkeep\n|turn|9\n|\n|t:|1701058223\n|move|p2a: Landorus|Rock Slide|p1b: Iron Hands|[spread] p1a\n|-miss|p2a: Landorus|p1b: Iron Hands\n|-damage|p1a: Heatran|0 fnt\n|faint|p1a: Heatran\n|move|p1b: Iron Hands|Drain Punch|p2a: Landorus\n|-resisted|p2a: Landorus\n|-damage|p2a: Landorus|19\/100\n|-heal|p1b: Iron Hands|14\/100|[from] drain|[of] p2a: Landorus\n|\n|upkeep\n|turn|10\n|\n|t:|1701058232\n|move|p2a: Landorus|Rock Slide|p1b: Iron Hands\n|-damage|p1b: Iron Hands|0 fnt\n|faint|p1b: Iron Hands\n|-end|p1b: Iron Hands|Quark Drive|[silent]\n|\n|win|yukiriii\n|raw|heavenz11's rating: 1221 &rarr; <strong>1203<\/strong><br \/>(-18 for losing)\n|raw|yukiriii's rating: 1316 &rarr; <strong>1331<\/strong><br \/>(+15 for winning)\n|c|\u2606heavenz11|gg\n|l|\u2606heavenz11\n|c|\u2606yukiriii|gg\n","uploadtime":1701058241,"views":8,"p1id":"heavenz11","p2id":"yukiriii","formatid":"gen9vgc2023regulatione","rating":1203,"private":0,"password":""}