{"id":"gen9vgc2023regulatione-1999318089","p1":"foiledfeline","p2":"therealrumpleman","format":"[Gen 9] VGC 2023 Regulation E","log":"|j|\u2606foiledfeline\n|j|\u2606therealrumpleman\n|t:|1701059518\n|gametype|doubles\n|player|p1|foiledfeline|169|1623\n|player|p2|therealrumpleman|2|1648\n|teamsize|p1|6\n|teamsize|p2|6\n|gen|9\n|tier|[Gen 9] VGC 2023 Regulation E\n|rated|\n|rule|Species Clause: Limit one of each Pok\u00e9mon\n|rule|Item Clause: Limit one of each item\n|clearpoke\n|poke|p1|Ursaluna, L50, F|\n|poke|p1|Urshifu-*, L50, M|\n|poke|p1|Iron Hands, L50|\n|poke|p1|Torkoal, L50, F|\n|poke|p1|Ogerpon-Hearthflame, L50, F|\n|poke|p1|Cresselia, L50, F|\n|poke|p2|Ogerpon-Wellspring, L50, F|\n|poke|p2|Landorus, L50, M|\n|poke|p2|Arcanine-Hisui, L50, M|\n|poke|p2|Roaring Moon, L50|\n|poke|p2|Flutter Mane, L50|\n|poke|p2|Iron Hands, L50|\n|teampreview|4\nfoiledfeline has agreed to open team sheets.\n|\n|t:|1701059560\n|start\n|switch|p1a: Iron Hands|Iron Hands, L50, shiny|100\/100\n|switch|p1b: Urshifu|Urshifu, L50, M|100\/100\n|switch|p2a: Roaring Moon|Roaring Moon, L50|100\/100\n|switch|p2b: Landorus|Landorus, L50, M|100\/100\n|-enditem|p2a: Roaring Moon|Booster Energy\n|-activate|p2a: Roaring Moon|ability: Protosynthesis|[fromitem]\n|-start|p2a: Roaring Moon|protosynthesisspe\n|turn|1\n|\n|t:|1701059580\n|-end|p2a: Roaring Moon|Protosynthesis|[silent]\n|switch|p2a: Iron Hands|Iron Hands, L50|100\/100\n|move|p1b: Urshifu|Wicked Blow|p2b: Landorus\n|-crit|p2b: Landorus\n|-damage|p2b: Landorus|38\/100\n|move|p2b: Landorus|Earth Power|p1a: Iron Hands\n|-supereffective|p1a: Iron Hands\n|-damage|p1a: Iron Hands|21\/100\n|move|p1a: Iron Hands|Drain Punch|p2a: Iron Hands\n|-damage|p2a: Iron Hands|73\/100\n|-heal|p1a: Iron Hands|34\/100|[from] drain|[of] p2a: Iron Hands\n|\n|upkeep\n|turn|2\n|\n|t:|1701059603\n|-end|p1a: Iron Hands|Quark Drive|[silent]\n|switch|p1a: Cresselia|Cresselia, L50, F, shiny|100\/100\n|move|p2a: Iron Hands|Fake Out|p1b: Urshifu\n|-damage|p1b: Urshifu|83\/100\n|cant|p1b: Urshifu|flinch\n|move|p2b: Landorus|Earth Power|p1a: Cresselia\n|-immune|p1a: Cresselia|[from] ability: Levitate\n|\n|upkeep\n|turn|3\n|\n|t:|1701059639\n|switch|p1b: Iron Hands|Iron Hands, L50, shiny|34\/100\n|switch|p2b: Roaring Moon|Roaring Moon, L50|100\/100\n|move|p2a: Iron Hands|Drain Punch|p1b: Iron Hands\n|-damage|p1b: Iron Hands|3\/100\n|-heal|p2a: Iron Hands|89\/100|[from] drain|[of] p1b: Iron Hands\n|move|p1a: Cresselia|Trick Room|p1a: Cresselia\n|-fieldstart|move: Trick Room|[of] p1a: Cresselia\n|\n|upkeep\n|turn|4\n|\n|t:|1701059659\n|move|p2b: Roaring Moon|Protect|p2b: Roaring Moon\n|-singleturn|p2b: Roaring Moon|Protect\n|move|p1b: Iron Hands|Drain Punch|p2b: Roaring Moon\n|-activate|p2b: Roaring Moon|move: Protect\n|move|p2a: Iron Hands|Drain Punch|p1b: Iron Hands\n|-damage|p1b: Iron Hands|0 fnt\n|-heal|p2a: Iron Hands|90\/100|[from] drain|[of] p1b: Iron Hands\n|faint|p1b: Iron Hands\n|-end|p1b: Iron Hands|Quark Drive|[silent]\n|move|p1a: Cresselia|Ice Beam|p2b: Roaring Moon\n|-activate|p2b: Roaring Moon|move: Protect\n|\n|upkeep\n|\n|t:|1701059674\n|switch|p1b: Ursaluna|Ursaluna, L50, F|100\/100\n|turn|5\n|\n|t:|1701059699\n|-terastallize|p2a: Iron Hands|Grass\n|-terastallize|p1a: Cresselia|Dark\n|move|p1b: Ursaluna|Headlong Rush|p2a: Iron Hands\n|-resisted|p2a: Iron Hands\n|-damage|p2a: Iron Hands|64\/100\n|-unboost|p1b: Ursaluna|def|1\n|-unboost|p1b: Ursaluna|spd|1\n|move|p2a: Iron Hands|Drain Punch|p1b: Ursaluna\n|-supereffective|p1b: Ursaluna\n|-damage|p1b: Ursaluna|3\/100\n|-heal|p2a: Iron Hands|100\/100|[from] drain|[of] p1b: Ursaluna\n|move|p1a: Cresselia|Ice Beam|p2b: Roaring Moon\n|-supereffective|p2b: Roaring Moon\n|-damage|p2b: Roaring Moon|70\/100\n|move|p2b: Roaring Moon|Knock Off|p1a: Cresselia\n|-resisted|p1a: Cresselia\n|-damage|p1a: Cresselia|85\/100\n|-enditem|p1a: Cresselia|Safety Goggles|[from] move: Knock Off|[of] p2b: Roaring Moon\n|\n|-status|p1b: Ursaluna|brn|[from] item: Flame Orb\n|upkeep\n|turn|6\n|inactive|Battle timer is ON: inactive players will automatically lose when time's up. (requested by therealrumpleman)\n|inactive|therealrumpleman has 60 seconds left.\n|\n|t:|1701059733\n|move|p1b: Ursaluna|Facade|p2a: Iron Hands\n|-damage|p2a: Iron Hands|18\/100\n|move|p2a: Iron Hands|Drain Punch|p1a: Cresselia\n|-supereffective|p1a: Cresselia\n|-damage|p1a: Cresselia|29\/100\n|-heal|p2a: Iron Hands|45\/100|[from] drain|[of] p1a: Cresselia\n|move|p1a: Cresselia|Lunar Blessing|p1a: Cresselia|[spread] p1a,p1b\n|-heal|p1a: Cresselia|54\/100\n|-heal|p1b: Ursaluna|28\/100 brn\n|-curestatus|p1b: Ursaluna|brn|[msg]\n|move|p2b: Roaring Moon|Acrobatics|p1a: Cresselia\n|-damage|p1a: Cresselia|29\/100\n|\n|-status|p1b: Ursaluna|brn|[from] item: Flame Orb\n|upkeep\n|turn|7\n|inactive|therealrumpleman has 30 seconds left.\n|\n|t:|1701059760\n|-end|p2a: Iron Hands|Quark Drive|[silent]\n|switch|p2a: Landorus|Landorus, L50, M|38\/100\n|move|p1b: Ursaluna|Facade|p2a: Landorus\n|-damage|p2a: Landorus|0 fnt\n|faint|p2a: Landorus\n|move|p1a: Cresselia|Lunar Blessing|p1a: Cresselia|[spread] p1a,p1b\n|-heal|p1a: Cresselia|54\/100\n|-heal|p1b: Ursaluna|53\/100 brn\n|-curestatus|p1b: Ursaluna|brn|[msg]\n|move|p2b: Roaring Moon|Acrobatics|p1a: Cresselia\n|-crit|p1a: Cresselia\n|-damage|p1a: Cresselia|18\/100\n|\n|-fieldend|move: Trick Room\n|-status|p1b: Ursaluna|brn|[from] item: Flame Orb\n|upkeep\n|\n|t:|1701059778\n|switch|p2a: Iron Hands|Iron Hands, L50, tera:Grass|45\/100\n|turn|8\n|inactive|foiledfeline has 30 seconds left.\n|\n|t:|1701059805\n|move|p1a: Cresselia|Ally Switch|p1a: Cresselia\n|swap|p1a: Cresselia|1|[from] move: Ally Switch\n|move|p2b: Roaring Moon|Acrobatics|p1a: Ursaluna\n|-damage|p1a: Ursaluna|6\/100 brn\n|move|p2a: Iron Hands|Drain Punch|p1b: Cresselia\n|-supereffective|p1b: Cresselia\n|-damage|p1b: Cresselia|0 fnt\n|-heal|p2a: Iron Hands|54\/100|[from] drain|[of] p1b: Cresselia\n|faint|p1b: Cresselia\n|move|p1a: Ursaluna|Facade|p2a: Iron Hands\n|-damage|p2a: Iron Hands|0 fnt\n|faint|p2a: Iron Hands\n|-end|p2a: Iron Hands|Quark Drive|[silent]\n|\n|-damage|p1a: Ursaluna|0 fnt|[from] brn\n|faint|p1a: Ursaluna\n|upkeep\n|\n|t:|1701059822\n|switch|p1b: Urshifu|Urshifu, L50, M|83\/100\n|switch|p2a: Ogerpon|Ogerpon-Wellspring, L50, F|100\/100\n|turn|9\n|\n|t:|1701059836\n|move|p2a: Ogerpon|Follow Me|p2a: Ogerpon\n|-singleturn|p2a: Ogerpon|move: Follow Me\n|move|p1b: Urshifu|Close Combat|p2a: Ogerpon\n|-damage|p2a: Ogerpon|37\/100\n|-unboost|p1b: Urshifu|def|1\n|-unboost|p1b: Urshifu|spd|1\n|move|p2b: Roaring Moon|Acrobatics|p1b: Urshifu\n|-supereffective|p1b: Urshifu\n|-damage|p1b: Urshifu|0 fnt\n|faint|p1b: Urshifu\n|\n|win|therealrumpleman\n|raw|foiledfeline's rating: 1623 &rarr; <strong>1604<\/strong><br \/>(-19 for losing)\n|raw|therealrumpleman's rating: 1648 &rarr; <strong>1667<\/strong><br \/>(+19 for winning)\n","uploadtime":1701059848,"views":2,"p1id":"foiledfeline","p2id":"therealrumpleman","formatid":"gen9vgc2023regulatione","rating":1604,"private":0,"password":""}