{"id":"gen9vgc2023regulatione-1995617836","p1":"LegoInMyEggo","p2":"DoctorCaliente","format":"[Gen 9] VGC 2023 Regulation E","log":"|j|\u2606LegoInMyEggo\n|j|\u2606DoctorCaliente\n|n|\u2606LegoInMyEggo|legoinmyeggo\n|n|\u2606DoctorCaliente|doctorcaliente\n|html|View the match progress at <a href=\"\/game-bestof3-gen9vgc2023regulatione-1995606931\">game-bestof3-gen9vgc2023regulatione-1995606931<\/a>\n|t:|1700587933\n|gametype|doubles\n|player|p1|LegoInMyEggo|adaman|\n|player|p2|DoctorCaliente|169|\n|teamsize|p1|6\n|teamsize|p2|6\n|gen|9\n|tier|[Gen 9] VGC 2023 Regulation E\n|rule|Species Clause: Limit one of each Pok\u00e9mon\n|rule|Item Clause: Limit one of each item\n|clearpoke\n|poke|p1|Oranguru, L50, F|\n|poke|p1|Lilligant-Hisui, L50, F|\n|poke|p1|Landorus-Therian, L50, M|\n|poke|p1|Ursaluna-Bloodmoon, L50, M|\n|poke|p1|Torkoal, L50, M|\n|poke|p1|Hatterene, L50, F|\n|poke|p2|Ogerpon-Hearthflame, L50, F|\n|poke|p2|Thundurus, L50, M|\n|poke|p2|Grimmsnarl, L50, M|\n|poke|p2|Tyranitar, L50, M|\n|poke|p2|Spectrier, L50|\n|poke|p2|Sableye, L50, M|\n|teampreview|4\nDoctorCaliente has agreed to open team sheets.\nLegoInMyEggo has agreed to open team sheets.\n|showteam|p1|Oranguru||MentalHerb|InnerFocus|TrickRoom,Instruct,Psychic,BrickBreak|||F|||50|,,,,,Fairy]Lilligant-Hisui||FocusSash|Chlorophyll|CloseCombat,AfterYou,SolarBlade,SleepPowder|||F|||50|,,,,,Ghost]Landorus-Therian||ChoiceScarf|Intimidate|Uturn,StompingTantrum,RockSlide,TeraBlast|||M|||50|,,,,,Flying]Ursaluna-Bloodmoon||ThroatSpray|MindsEye|BloodMoon,EarthPower,HyperVoice,Protect|||M|||50|,,,,,Normal]Torkoal||Charcoal|Drought|HeatWave,Protect,Eruption,SolarBeam|||M|||50|,,,,,Grass]Hatterene||LifeOrb|MagicBounce|TrickRoom,DazzlingGleam,DarkPulse,Protect|||F|||50|,,,,,Steel\n|showteam|p2|Ogerpon-Hearthflame||HearthflameMask|MoldBreaker|IvyCudgel,HornLeech,StompingTantrum,SpikyShield|||F|||50|,,,,,Fire]Thundurus||ChoiceScarf|Defiant|WildCharge,KnockOff,Acrobatics,Uturn|||M|||50|,,,,,Steel]Grimmsnarl||LightClay|Prankster|FakeOut,SpiritBreak,LightScreen,Reflect|||M|||50|,,,,,Ghost]Tyranitar||AssaultVest|SandStream|TeraBlast,RockSlide,IcePunch,Assurance|||M|||50|,,,,,Flying]Spectrier||ChoiceSpecs|GrimNeigh|DarkPulse,ShadowBall,Psychic,TeraBlast||||||50|,,,,,Water]Sableye||EjectButton|Prankster|Encore,FoulPlay,WillOWisp,Quash|||M|||50|,,,,,Dark\n|\n|t:|1700588037\n|start\n|switch|p1a: Oranguru|Oranguru, L50, F|100\/100\n|switch|p1b: Ursaluna|Ursaluna-Bloodmoon, L50, M|100\/100\n|switch|p2a: ON DA LORSE|Spectrier, L50|100\/100\n|switch|p2b: Sableye|Sableye, L50, M|100\/100\n|turn|1\n|\n|t:|1700588073\n|-terastallize|p2a: ON DA LORSE|Water\n|-terastallize|p1a: Oranguru|Fairy\n|move|p1b: Ursaluna|Protect|p1b: Ursaluna\n|-singleturn|p1b: Ursaluna|Protect\n|move|p2a: ON DA LORSE|Tera Blast|p1b: Ursaluna|[anim] Tera Blast Water\n|-activate|p1b: Ursaluna|move: Protect\n|move|p2b: Sableye|Foul Play|p1a: Oranguru\n|-resisted|p1a: Oranguru\n|-damage|p1a: Oranguru|91\/100\n|move|p1a: Oranguru|Trick Room|p1a: Oranguru\n|-fieldstart|move: Trick Room|[of] p1a: Oranguru\n|\n|upkeep\n|turn|2\n|\n|t:|1700588091\n|move|p2b: Sableye|Quash|p1b: Ursaluna\n|-activate|p1b: Ursaluna|move: Quash\n|move|p1a: Oranguru|Instruct|p1b: Ursaluna\n|-singleturn|p1b: Ursaluna|move: Instruct|[of] p1a: Oranguru\n|move|p1b: Ursaluna|Protect|p1b: Ursaluna\n|-singleturn|p1b: Ursaluna|Protect\n|move|p2a: ON DA LORSE|Tera Blast|p1b: Ursaluna|[anim] Tera Blast Water\n|-activate|p1b: Ursaluna|move: Protect\n|move|p1b: Ursaluna|Hyper Voice|p2b: Sableye|[spread] p2a,p2b\n|-crit|p2a: ON DA LORSE\n|-damage|p2a: ON DA LORSE|26\/100\n|-damage|p2b: Sableye|58\/100\n|-enditem|p2b: Sableye|Eject Button\n|-enditem|p1b: Ursaluna|Throat Spray\n|-boost|p1b: Ursaluna|spa|1|[from] item: Throat Spray\n|\n|t:|1700588185\n|switch|p2b: Bonkzilla|Tyranitar, L50, M|100\/100\n|-weather|Sandstorm|[from] ability: Sand Stream|[of] p2b: Bonkzilla\n|\n|-weather|Sandstorm|[upkeep]\n|-damage|p1a: Oranguru|85\/100|[from] Sandstorm\n|-damage|p2a: ON DA LORSE|20\/100|[from] Sandstorm\n|upkeep\n|turn|3\n|\n|t:|1700588210\n|switch|p2a: Sableye|Sableye, L50, M|58\/100\n|move|p1b: Ursaluna|Blood Moon|p2b: Bonkzilla\n|-resisted|p2b: Bonkzilla\n|-damage|p2b: Bonkzilla|78\/100\n|move|p1a: Oranguru|Instruct|p1b: Ursaluna\n|-singleturn|p1b: Ursaluna|move: Instruct|[of] p1a: Oranguru\n|move|p1b: Ursaluna|Blood Moon|p2b: Bonkzilla\n|-resisted|p2b: Bonkzilla\n|-damage|p2b: Bonkzilla|53\/100\n|-hint|Some effects can force a Pokemon to use Blood Moon again in a row.\n|move|p2b: Bonkzilla|Ice Punch|p1b: Ursaluna\n|-supereffective|p1b: Ursaluna\n|-damage|p1b: Ursaluna|59\/100\n|\n|-weather|Sandstorm|[upkeep]\n|-damage|p1a: Oranguru|79\/100|[from] Sandstorm\n|-damage|p2a: Sableye|52\/100|[from] Sandstorm\n|upkeep\n|turn|4\n|\n|t:|1700588294\n|move|p2a: Sableye|Encore|p1b: Ursaluna\n|-start|p1b: Ursaluna|Encore\n|move|p1b: Ursaluna|Blood Moon|p2b: Bonkzilla\n|-resisted|p2b: Bonkzilla\n|-damage|p2b: Bonkzilla|31\/100\n|-hint|Some effects can force a Pokemon to use Blood Moon again in a row.\n|move|p1a: Oranguru|Brick Break|p2b: Bonkzilla\n|-supereffective|p2b: Bonkzilla\n|-damage|p2b: Bonkzilla|0 fnt\n|faint|p2b: Bonkzilla\n|\n|-weather|Sandstorm|[upkeep]\n|-damage|p1a: Oranguru|73\/100|[from] Sandstorm\n|-damage|p2a: Sableye|46\/100|[from] Sandstorm\n|upkeep\n|\n|t:|1700588313\n|switch|p2b: Ogerbonk|Ogerpon-Hearthflame, L50, F|100\/100\n|-ability|p2b: Ogerbonk|Mold Breaker\n|turn|5\n|\n|t:|1700588354\n|switch|p1b: Landorus|Landorus-Therian, L50, M|100\/100\n|-ability|p1b: Landorus|Intimidate|boost\n|-unboost|p2a: Sableye|atk|1\n|-unboost|p2b: Ogerbonk|atk|1\n|move|p2a: Sableye|Quash||[still]\n|-fail|p2a: Sableye\n|move|p1a: Oranguru|Psychic|p2b: Ogerbonk\n|-damage|p2b: Ogerbonk|69\/100\n|move|p2b: Ogerbonk|Horn Leech|p1b: Landorus\n|-damage|p1b: Landorus|71\/100\n|-heal|p2b: Ogerbonk|88\/100|[from] drain|[of] p1b: Landorus\n|\n|-weather|Sandstorm|[upkeep]\n|-damage|p1a: Oranguru|67\/100|[from] Sandstorm\n|-damage|p2a: Sableye|41\/100|[from] Sandstorm\n|-damage|p2b: Ogerbonk|82\/100|[from] Sandstorm\n|-fieldend|move: Trick Room\n|upkeep\n|turn|6\n|\n|t:|1700588411\n|move|p2b: Ogerbonk|Spiky Shield|p2b: Ogerbonk\n|-singleturn|p2b: Ogerbonk|move: Protect\n|move|p2a: Sableye|Will-O-Wisp|p1b: Landorus\n|-status|p1b: Landorus|brn\n|move|p1b: Landorus|Rock Slide|p2a: Sableye|[spread] p2a\n|-activate|p2b: Ogerbonk|move: Protect\n|-damage|p2a: Sableye|27\/100\n|move|p1a: Oranguru|Instruct|p1b: Landorus\n|-singleturn|p1b: Landorus|move: Instruct|[of] p1a: Oranguru\n|move|p1b: Landorus|Rock Slide|p2b: Ogerbonk|[spread] p2a\n|-activate|p2b: Ogerbonk|move: Protect\n|-damage|p2a: Sableye|12\/100\n|\n|-weather|none\n|-damage|p1b: Landorus|65\/100 brn|[from] brn\n|upkeep\n|turn|7\n|\n|t:|1700588455\n|move|p2a: Sableye|Quash|p1b: Landorus\n|-activate|p1b: Landorus|move: Quash\n|move|p2b: Ogerbonk|Horn Leech|p1b: Landorus\n|-damage|p1b: Landorus|39\/100 brn\n|-heal|p2b: Ogerbonk|99\/100|[from] drain|[of] p1b: Landorus\n|move|p1a: Oranguru|Instruct|p1b: Landorus\n|-singleturn|p1b: Landorus|move: Instruct|[of] p1a: Oranguru\n|move|p1b: Landorus|Rock Slide|p2a: Sableye|[spread] p2a,p2b\n|-supereffective|p2b: Ogerbonk\n|-damage|p2a: Sableye|0 fnt\n|-damage|p2b: Ogerbonk|71\/100\n|faint|p2a: Sableye\n|move|p1b: Landorus|Rock Slide|p2b: Ogerbonk|[miss]\n|-miss|p1b: Landorus|p2b: Ogerbonk\n|\n|-damage|p1b: Landorus|33\/100 brn|[from] brn\n|upkeep\n|\n|t:|1700588470\n|switch|p2a: ON DA LORSE|Spectrier, L50, tera:Water|20\/100\n|turn|8\n|\n|t:|1700588492\n|move|p2a: ON DA LORSE|Tera Blast|p1b: Landorus|[anim] Tera Blast Water\n|-supereffective|p1b: Landorus\n|-damage|p1b: Landorus|0 fnt\n|faint|p1b: Landorus\n|-ability|p2a: ON DA LORSE|Grim Neigh|boost\n|-boost|p2a: ON DA LORSE|spa|1\n|move|p2b: Ogerbonk|Ivy Cudgel|p1a: Oranguru|[anim] Ivy Cudgel Fire\n|-damage|p1a: Oranguru|33\/100\n|move|p1a: Oranguru|Psychic|p2a: ON DA LORSE\n|-damage|p2a: ON DA LORSE|0 fnt\n|faint|p2a: ON DA LORSE\n|\n|upkeep\n|\n|t:|1700588503\n|switch|p1b: Lilligant|Lilligant-Hisui, L50, F|100\/100\n|turn|9\n|\n|t:|1700588521\n|move|p2b: Ogerbonk|Spiky Shield|p2b: Ogerbonk\n|-singleturn|p2b: Ogerbonk|move: Protect\n|move|p1b: Lilligant|Sleep Powder|p2b: Ogerbonk\n|-activate|p2b: Ogerbonk|move: Protect\n|move|p1a: Oranguru|Psychic|p2b: Ogerbonk\n|-activate|p2b: Ogerbonk|move: Protect\n|\n|upkeep\n|turn|10\n|\n|t:|1700588549\n|move|p2b: Ogerbonk|Ivy Cudgel|p1b: Lilligant|[anim] Ivy Cudgel Fire\n|-supereffective|p1b: Lilligant\n|-enditem|p1b: Lilligant|Focus Sash\n|-damage|p1b: Lilligant|1\/100\n|move|p1b: Lilligant|Close Combat|p2b: Ogerbonk\n|-damage|p2b: Ogerbonk|0 fnt\n|-unboost|p1b: Lilligant|def|1\n|-unboost|p1b: Lilligant|spd|1\n|faint|p2b: Ogerbonk\n|\n|win|LegoInMyEggo\n","uploadtime":1700588584,"views":5,"p1id":"legoinmyeggo","p2id":"doctorcaliente","formatid":"gen9vgc2023regulatione","rating":0,"private":0,"password":""}