{"id":"gen9vgc2023regulatione-1994273144","p1":"YamiElmo","p2":"pikaddict","format":"[Gen 9] VGC 2023 Regulation E","log":"|j|\u2606YamiElmo\n|j|\u2606pikaddict\n|t:|1700425818\n|gametype|doubles\n|player|p1|YamiElmo|giovanni|1458\n|player|p2|pikaddict|169|1459\n|teamsize|p1|6\n|teamsize|p2|6\n|gen|9\n|tier|[Gen 9] VGC 2023 Regulation E\n|rated|\n|rule|Species Clause: Limit one of each Pok\u00e9mon\n|rule|Item Clause: Limit one of each item\n|clearpoke\n|poke|p1|Zapdos-Galar, L50|\n|poke|p1|Dragonite, L50, M|\n|poke|p1|Chien-Pao, L50|\n|poke|p1|Rillaboom, L50, M|\n|poke|p1|Dondozo, L50, M|\n|poke|p1|Heatran, L50, F|\n|poke|p2|Iron Bundle, L50|\n|poke|p2|Arcanine-Hisui, L50, M|\n|poke|p2|Tyranitar, L50, F|\n|poke|p2|Kommo-o, L50, F|\n|poke|p2|Rillaboom, L50, F|\n|poke|p2|Flutter Mane, L50|\n|teampreview|4\n|inactive|Battle timer is ON: inactive players will automatically lose when time's up. (requested by YamiElmo)\n|inactive|YamiElmo has 60 seconds left.\n|inactive|pikaddict has 60 seconds left.\n|\n|t:|1700425856\n|start\n|switch|p1a: Barney|Dragonite, L50, M|100\/100\n|switch|p1b: Diego|Chien-Pao, L50|100\/100\n|switch|p2a: Flutter Mane|Flutter Mane, L50|100\/100\n|switch|p2b: Tyranitar|Tyranitar, L50, F|100\/100\n|-ability|p1b: Diego|Sword of Ruin\n|-weather|Sandstorm|[from] ability: Sand Stream|[of] p2b: Tyranitar\n|turn|1\n|\n|t:|1700425880\n|-terastallize|p2b: Tyranitar|Psychic\n|move|p2a: Flutter Mane|Dazzling Gleam|p1b: Diego|[spread] p1a,p1b\n|-supereffective|p1a: Barney\n|-supereffective|p1b: Diego\n|-damage|p1a: Barney|6\/100\n|-enditem|p1b: Diego|Focus Sash\n|-damage|p1b: Diego|1\/100\n|move|p1b: Diego|Icicle Crash|p2a: Flutter Mane\n|-damage|p2a: Flutter Mane|0 fnt\n|faint|p2a: Flutter Mane\n|-end|p2a: Flutter Mane|Protosynthesis|[silent]\n|move|p1a: Barney|Outrage|p2b: Tyranitar\n|-damage|p2b: Tyranitar|0 fnt\n|faint|p2b: Tyranitar\n|\n|-weather|Sandstorm|[upkeep]\n|-damage|p1b: Diego|0 fnt|[from] Sandstorm\n|-damage|p1a: Barney|0 fnt|[from] Sandstorm\n|faint|p1b: Diego\n|faint|p1a: Barney\n|upkeep\n|\n|t:|1700425898\n|switch|p2a: Kommo-o|Kommo-o, L50, F|100\/100\n|switch|p1b: Marlin|Dondozo, L50, M, shiny|100\/100\n|switch|p1a: Ronaldinho|Rillaboom, L50, M|100\/100\n|switch|p2b: Iron Bundle|Iron Bundle, L50|100\/100\n|-fieldstart|move: Grassy Terrain|[from] ability: Grassy Surge|[of] p1a: Ronaldinho\n|-enditem|p2b: Iron Bundle|Booster Energy\n|-activate|p2b: Iron Bundle|ability: Quark Drive|[fromitem]\n|-start|p2b: Iron Bundle|quarkdrivespe\n|turn|2\n|inactive|YamiElmo has 30 seconds left.\n|\n|t:|1700425923\n|move|p2b: Iron Bundle|Protect|p2b: Iron Bundle\n|-singleturn|p2b: Iron Bundle|Protect\n|move|p1a: Ronaldinho|Fake Out|p2b: Iron Bundle\n|-activate|p2b: Iron Bundle|move: Protect\n|move|p2a: Kommo-o|Iron Defense|p2a: Kommo-o\n|-boost|p2a: Kommo-o|def|2\n|move|p1b: Marlin|Yawn|p2a: Kommo-o\n|-start|p2a: Kommo-o|move: Yawn|[of] p1b: Marlin\n|\n|-weather|Sandstorm|[upkeep]\n|-damage|p2b: Iron Bundle|94\/100|[from] Sandstorm\n|-damage|p1a: Ronaldinho|94\/100|[from] Sandstorm\n|-damage|p2a: Kommo-o|94\/100|[from] Sandstorm\n|-damage|p1b: Marlin|94\/100|[from] Sandstorm\n|-heal|p2b: Iron Bundle|100\/100|[from] Grassy Terrain\n|-heal|p1a: Ronaldinho|100\/100|[from] Grassy Terrain\n|-heal|p2a: Kommo-o|100\/100|[from] Grassy Terrain\n|-heal|p1b: Marlin|100\/100|[from] Grassy Terrain\n|upkeep\n|turn|3\n|\n|t:|1700425945\n|-terastallize|p1a: Ronaldinho|Fire\n|move|p1b: Marlin|Protect|p1b: Marlin\n|-singleturn|p1b: Marlin|Protect\n|move|p2b: Iron Bundle|Freeze-Dry|p1a: Ronaldinho\n|-resisted|p1a: Ronaldinho\n|-damage|p1a: Ronaldinho|77\/100\n|move|p1a: Ronaldinho|Wood Hammer|p2b: Iron Bundle\n|-supereffective|p2b: Iron Bundle\n|-damage|p2b: Iron Bundle|0 fnt\n|faint|p2b: Iron Bundle\n|-end|p2b: Iron Bundle|Quark Drive|[silent]\n|-damage|p1a: Ronaldinho|53\/100|[from] Recoil\n|move|p2a: Kommo-o|Body Press|p1a: Ronaldinho\n|-damage|p1a: Ronaldinho|0 fnt\n|faint|p1a: Ronaldinho\n|\n|-weather|Sandstorm|[upkeep]\n|-damage|p2a: Kommo-o|94\/100|[from] Sandstorm\n|-damage|p1b: Marlin|94\/100|[from] Sandstorm\n|-heal|p2a: Kommo-o|100\/100|[from] Grassy Terrain\n|-heal|p1b: Marlin|100\/100|[from] Grassy Terrain\n|-end|p2a: Kommo-o|move: Yawn|[silent]\n|-status|p2a: Kommo-o|slp\n|upkeep\n|turn|4\n|\n|t:|1700425965\n|cant|p2a: Kommo-o|slp\n|move|p1b: Marlin|Fissure|p2a: Kommo-o|[miss]\n|-miss|p1b: Marlin|p2a: Kommo-o\n|\n|-weather|Sandstorm|[upkeep]\n|-damage|p2a: Kommo-o|94\/100 slp|[from] Sandstorm\n|-damage|p1b: Marlin|94\/100|[from] Sandstorm\n|-heal|p2a: Kommo-o|100\/100 slp|[from] Grassy Terrain\n|-heal|p1b: Marlin|100\/100|[from] Grassy Terrain\n|upkeep\n|turn|5\n|\n|t:|1700425974\n|cant|p2a: Kommo-o|slp\n|move|p1b: Marlin|Fissure|p2a: Kommo-o|[miss]\n|-miss|p1b: Marlin|p2a: Kommo-o\n|\n|-weather|none\n|upkeep\n|turn|6\n|\n|t:|1700425981\n|cant|p2a: Kommo-o|slp\n|move|p1b: Marlin|Yawn||[still]\n|-fail|p1b: Marlin\n|\n|-fieldend|move: Grassy Terrain\n|upkeep\n|turn|7\n|\n|t:|1700425988\n|-curestatus|p2a: Kommo-o|slp|[msg]\n|move|p2a: Kommo-o|Iron Defense|p2a: Kommo-o\n|-boost|p2a: Kommo-o|def|2\n|move|p1b: Marlin|Yawn|p2a: Kommo-o\n|-start|p2a: Kommo-o|move: Yawn|[of] p1b: Marlin\n|\n|upkeep\n|turn|8\n|\n|t:|1700425996\n|move|p1b: Marlin|Protect|p1b: Marlin\n|-singleturn|p1b: Marlin|Protect\n|move|p2a: Kommo-o|Body Press|p1b: Marlin\n|-activate|p1b: Marlin|move: Protect\n|\n|-end|p2a: Kommo-o|move: Yawn|[silent]\n|-status|p2a: Kommo-o|slp\n|upkeep\n|turn|9\n|\n|t:|1700426005\n|cant|p2a: Kommo-o|slp\n|move|p1b: Marlin|Fissure|p2a: Kommo-o|[miss]\n|-miss|p1b: Marlin|p2a: Kommo-o\n|\n|upkeep\n|turn|10\n|\n|t:|1700426011\n|-curestatus|p2a: Kommo-o|slp|[msg]\n|move|p2a: Kommo-o|Body Press|p1b: Marlin\n|-damage|p1b: Marlin|77\/100\n|-damage|p2a: Kommo-o|84\/100|[from] item: Rocky Helmet|[of] p1b: Marlin\n|move|p1b: Marlin|Fissure|p2a: Kommo-o\n|-damage|p2a: Kommo-o|0 fnt\n|faint|p2a: Kommo-o\n|-ohko\n|\n|win|YamiElmo\n|raw|YamiElmo's rating: 1458 &rarr; <strong>1478<\/strong><br \/>(+20 for winning)\n|raw|pikaddict's rating: 1459 &rarr; <strong>1439<\/strong><br \/>(-20 for losing)\n|l|\u2606pikaddict\n","uploadtime":1700426165,"views":9,"p1id":"yamielmo","p2id":"pikaddict","formatid":"gen9vgc2023regulatione","rating":1439,"private":0,"password":""}