{"id":"gen9vgc2023regulatione-1994396217","p1":"COSMONAUTA J","p2":"Rickinch","format":"[Gen 9] VGC 2023 Regulation E","log":"|j|\u2606COSMONAUTA J\n|j|\u2606Rickinch\n|n|\u2606COSMONAUTA J|cosmonautaj\n|n|\u2606Rickinch|rickinch\n|html|View the match progress at <a href=\"\/game-bestof3-gen9vgc2023regulatione-1994390971\">game-bestof3-gen9vgc2023regulatione-1994390971<\/a>\n|t:|1700439136\n|gametype|doubles\n|player|p1|COSMONAUTA J|cyrus|\n|player|p2|Rickinch|101|\n|teamsize|p1|6\n|teamsize|p2|6\n|gen|9\n|tier|[Gen 9] VGC 2023 Regulation E\n|rated|Tournament battle\n|rule|Species Clause: Limit one of each Pok\u00e9mon\n|rule|Item Clause: Limit one of each item\n|clearpoke\n|poke|p1|Heatran, L50, M|\n|poke|p1|Iron Bundle, L50|\n|poke|p1|Rillaboom, L50, M|\n|poke|p1|Ogerpon-Hearthflame, L50, F|\n|poke|p1|Landorus-Therian, L50, M|\n|poke|p1|Iron Hands, L50|\n|poke|p2|Dipplin, L50, F|\n|poke|p2|Ting-Lu, L50|\n|poke|p2|Rillaboom, L50, M|\n|poke|p2|Urshifu-*, L50, M|\n|poke|p2|Arcanine-Hisui, L50, M|\n|poke|p2|Glimmora, L50, F|\n|teampreview|4\n|showteam|p1|Heatran||LifeOrb|FlashFire|HeatWave,FlashCannon,EarthPower,Protect|||M|||50|,,,,,Fairy]Iron Bundle||BoosterEnergy|QuarkDrive|FreezeDry,HydroPump,Protect,IcyWind||||||50|,,,,,Ghost]Rillaboom||SitrusBerry|GrassySurge|WoodHammer,GrassyGlide,Uturn,FakeOut|||M|||50|,,,,,Fire]Ogerpon-Hearthflame||HearthflameMask|MoldBreaker|SwordsDance,GrassyGlide,SpikyShield,IvyCudgel|||F|||50|,,,,,Fire]Landorus-Therian||ChoiceScarf|Intimidate|StompingTantrum,RockSlide,TeraBlast,Uturn|||M|||50|,,,,,Flying]Iron Hands||AssaultVest|QuarkDrive|WildCharge,DrainPunch,HeavySlam,FakeOut||||||50|,,,,,Water\n|showteam|p2|Dipplin||Eviolite|StickyHold|Recover,PollenPuff,SyrupBomb,DracoMeteor|||F|||50|,,,,,Steel]Ting-Lu||AssaultVest|VesselofRuin|Snarl,Fissure,Ruination,SandTomb||||||50|,,,,,Poison]Rillaboom||MiracleSeed|GrassySurge|FakeOut,GrassyGlide,WoodHammer,Protect|||M|||50|,,,,,Grass]Urshifu-Rapid-Strike||MysticWater|UnseenFist|AquaJet,SurgingStrikes,CloseCombat,Detect|||M|||50|,,,,,Water]Arcanine-Hisui||SitrusBerry|Intimidate|RockSlide,FlareBlitz,WillOWisp,Protect|||M|||50|,,,,,Fairy]Glimmora||FocusSash|ToxicDebris|EnergyBall,PowerGem,MortalSpin,SpikyShield|||F|||50|,,,,,Grass\n|inactive|Battle timer is ON: inactive players will automatically lose when time's up. (requested by COSMONAUTA J)\n|inactive|Rickinch has 60 seconds left.\n|\n|t:|1700439198\n|start\n|switch|p1a: $$ AVANTI $$|Rillaboom, L50, M|100\/100\n|switch|p1b: BLOGUEIRA|Ogerpon-Hearthflame, L50, F|100\/100\n|switch|p2a: Arcanine|Arcanine-Hisui, L50, M|100\/100\n|switch|p2b: Ting-Lu|Ting-Lu, L50|100\/100\n|-ability|p1b: BLOGUEIRA|Mold Breaker\n|-ability|p2a: Arcanine|Intimidate|boost\n|-unboost|p1a: $$ AVANTI $$|atk|1\n|-unboost|p1b: BLOGUEIRA|atk|1\n|-fieldstart|move: Grassy Terrain|[from] ability: Grassy Surge|[of] p1a: $$ AVANTI $$\n|-ability|p2b: Ting-Lu|Vessel of Ruin\n|turn|1\n|inactive|Rickinch has 30 seconds left.\n|inactive|Rickinch has 20 seconds left.\n|\n|t:|1700439233\n|switch|p1b: AVI\u00c3O|Landorus-Therian, L50, M|100\/100\n|-ability|p1b: AVI\u00c3O|Intimidate|boost\n|-unboost|p2a: Arcanine|atk|1\n|-unboost|p2b: Ting-Lu|atk|1\n|switch|p2a: Rillaboom|Rillaboom, L50, M|100\/100\n|move|p1a: $$ AVANTI $$|Fake Out|p2a: Rillaboom\n|-damage|p2a: Rillaboom|92\/100\n|move|p2b: Ting-Lu|Ruination|p1b: AVI\u00c3O|[miss]\n|-miss|p2b: Ting-Lu|p1b: AVI\u00c3O\n|\n|-heal|p2a: Rillaboom|98\/100|[from] Grassy Terrain\n|upkeep\n|turn|2\n|inactive|COSMONAUTA J has 30 seconds left.\n|inactive|COSMONAUTA J has 20 seconds left.\n|\n|t:|1700439272\n|switch|p2b: Arcanine|Arcanine-Hisui, L50, M|100\/100\n|-ability|p2b: Arcanine|Intimidate|boost\n|-unboost|p1a: $$ AVANTI $$|atk|1\n|-unboost|p1b: AVI\u00c3O|atk|1\n|-terastallize|p1b: AVI\u00c3O|Flying\n|move|p2a: Rillaboom|Fake Out|p1b: AVI\u00c3O\n|-damage|p1b: AVI\u00c3O|86\/100\n|cant|p1b: AVI\u00c3O|flinch\n|move|p1a: $$ AVANTI $$|U-turn|p2b: Arcanine\n|-resisted|p2b: Arcanine\n|-damage|p2b: Arcanine|92\/100\n|\n|t:|1700439285\n|switch|p1a: BLOGUEIRA|Ogerpon-Hearthflame, L50, F|100\/100|[from] U-turn\n|-ability|p1a: BLOGUEIRA|Mold Breaker\n|\n|-heal|p2b: Arcanine|98\/100|[from] Grassy Terrain\n|-heal|p2a: Rillaboom|100\/100|[from] Grassy Terrain\n|upkeep\n|turn|3\n|\n|t:|1700439300\n|switch|p2a: Ting-Lu|Ting-Lu, L50|100\/100\n|-ability|p2a: Ting-Lu|Vessel of Ruin\n|move|p1b: AVI\u00c3O|Stomping Tantrum|p2b: Arcanine\n|-supereffective|p2b: Arcanine\n|-damage|p2b: Arcanine|0 fnt\n|faint|p2b: Arcanine\n|move|p1a: BLOGUEIRA|Ivy Cudgel|p2a: Ting-Lu|[anim] Ivy Cudgel Fire\n|-damage|p2a: Ting-Lu|71\/100\n|\n|-heal|p2a: Ting-Lu|78\/100|[from] Grassy Terrain\n|upkeep\n|\n|t:|1700439314\n|switch|p2b: Rillaboom|Rillaboom, L50, M|100\/100\n|turn|4\n|\n|t:|1700439328\n|switch|p1b: $$ AVANTI $$|Rillaboom, L50, M|100\/100\n|switch|p2b: Urshifu|Urshifu-Rapid-Strike, L50, M|100\/100\n|move|p1a: BLOGUEIRA|Swords Dance|p1a: BLOGUEIRA\n|-boost|p1a: BLOGUEIRA|atk|2\n|move|p2a: Ting-Lu|Fissure|p1a: BLOGUEIRA|[miss]\n|-miss|p2a: Ting-Lu|p1a: BLOGUEIRA\n|\n|-heal|p2a: Ting-Lu|84\/100|[from] Grassy Terrain\n|upkeep\n|turn|5\n|\n|t:|1700439345\n|switch|p2b: Rillaboom|Rillaboom, L50, M|100\/100\n|-terastallize|p2a: Ting-Lu|Poison\n|move|p1a: BLOGUEIRA|Spiky Shield|p1a: BLOGUEIRA\n|-singleturn|p1a: BLOGUEIRA|move: Protect\n|move|p1b: $$ AVANTI $$|Wood Hammer|p2a: Ting-Lu\n|-resisted|p2a: Ting-Lu\n|-damage|p2a: Ting-Lu|62\/100\n|-damage|p1b: $$ AVANTI $$|92\/100|[from] Recoil\n|move|p2a: Ting-Lu|Fissure|p1a: BLOGUEIRA\n|-activate|p1a: BLOGUEIRA|move: Protect\n|\n|-heal|p1b: $$ AVANTI $$|98\/100|[from] Grassy Terrain\n|-heal|p2a: Ting-Lu|68\/100|[from] Grassy Terrain\n|-fieldend|move: Grassy Terrain\n|upkeep\n|turn|6\n|inactive|COSMONAUTA J has 30 seconds left.\n|\n|t:|1700439370\n|move|p2b: Rillaboom|Fake Out|p1a: BLOGUEIRA\n|-damage|p1a: BLOGUEIRA|86\/100\n|cant|p1a: BLOGUEIRA|flinch\n|move|p1b: $$ AVANTI $$|Wood Hammer|p2a: Ting-Lu\n|-resisted|p2a: Ting-Lu\n|-crit|p2a: Ting-Lu\n|-damage|p2a: Ting-Lu|44\/100\n|-damage|p1b: $$ AVANTI $$|87\/100|[from] Recoil\n|move|p2a: Ting-Lu|Fissure|p1a: BLOGUEIRA\n|-damage|p1a: BLOGUEIRA|0 fnt\n|faint|p1a: BLOGUEIRA\n|-ohko\n|\n|upkeep\n|\n|t:|1700439382\n|switch|p1a: AVI\u00c3O|Landorus-Therian, L50, M, tera:Flying|86\/100\n|-ability|p1a: AVI\u00c3O|Intimidate|boost\n|-unboost|p2a: Ting-Lu|atk|1\n|-unboost|p2b: Rillaboom|atk|1\n|turn|7\n|\n|t:|1700439399\n|switch|p1b: S.E.PANELA|Heatran, L50, M|100\/100\n|switch|p2a: Urshifu|Urshifu-Rapid-Strike, L50, M|100\/100\n|move|p2b: Rillaboom|Protect|p2b: Rillaboom\n|-singleturn|p2b: Rillaboom|Protect\n|move|p1a: AVI\u00c3O|Tera Blast|p2b: Rillaboom|[anim] Tera Blast Flying\n|-activate|p2b: Rillaboom|move: Protect\n|\n|upkeep\n|turn|8\n|\n|t:|1700439413\n|switch|p2b: Ting-Lu|Ting-Lu, L50, tera:Poison|44\/100\n|-ability|p2b: Ting-Lu|Vessel of Ruin\n|move|p2a: Urshifu|Detect|p2a: Urshifu\n|-singleturn|p2a: Urshifu|Protect\n|move|p1a: AVI\u00c3O|Tera Blast|p2a: Urshifu|[anim] Tera Blast Flying\n|-activate|p2a: Urshifu|move: Protect\n|move|p1b: S.E.PANELA|Heat Wave|p2b: Ting-Lu|[spread] p2b\n|-activate|p2a: Urshifu|move: Protect\n|-damage|p2b: Ting-Lu|29\/100\n|-damage|p1b: S.E.PANELA|91\/100|[from] item: Life Orb\n|\n|upkeep\n|turn|9\n|inactive|Rickinch has 30 seconds left.\n|inactive|Rickinch has 20 seconds left.\n|inactive|Rickinch has 15 seconds left.\n|\n|t:|1700439457\n|switch|p2a: Rillaboom|Rillaboom, L50, M|100\/100\n|-fieldstart|move: Grassy Terrain|[from] ability: Grassy Surge|[of] p2a: Rillaboom\n|switch|p1b: $$ AVANTI $$|Rillaboom, L50, M|87\/100\n|move|p1a: AVI\u00c3O|Tera Blast|p2a: Rillaboom|[anim] Tera Blast Flying\n|-supereffective|p2a: Rillaboom\n|-damage|p2a: Rillaboom|0 fnt\n|faint|p2a: Rillaboom\n|move|p2b: Ting-Lu|Fissure|p1b: $$ AVANTI $$\n|-damage|p1b: $$ AVANTI $$|0 fnt\n|faint|p1b: $$ AVANTI $$\n|-ohko\n|\n|-heal|p2b: Ting-Lu|35\/100|[from] Grassy Terrain\n|upkeep\n|j| Rileysoxx\n|\n|t:|1700439474\n|switch|p2a: Urshifu|Urshifu-Rapid-Strike, L50, M|100\/100\n|switch|p1b: S.E.PANELA|Heatran, L50, M|91\/100\n|turn|10\n|\n|t:|1700439495\n|move|p2a: Urshifu|Detect|p2a: Urshifu\n|-singleturn|p2a: Urshifu|Protect\n|move|p1a: AVI\u00c3O|Tera Blast|p2a: Urshifu|[anim] Tera Blast Flying\n|-activate|p2a: Urshifu|move: Protect\n|move|p1b: S.E.PANELA|Earth Power|p2b: Ting-Lu\n|-supereffective|p2b: Ting-Lu\n|-damage|p2b: Ting-Lu|5\/100\n|-damage|p1b: S.E.PANELA|82\/100|[from] item: Life Orb\n|move|p2b: Ting-Lu|Fissure|p1b: S.E.PANELA|[miss]\n|-miss|p2b: Ting-Lu|p1b: S.E.PANELA\n|\n|-heal|p1b: S.E.PANELA|88\/100|[from] Grassy Terrain\n|-heal|p2b: Ting-Lu|11\/100|[from] Grassy Terrain\n|upkeep\n|turn|11\n|\n|t:|1700439514\n|move|p2a: Urshifu|Aqua Jet|p1b: S.E.PANELA\n|-supereffective|p1b: S.E.PANELA\n|-damage|p1b: S.E.PANELA|41\/100\n|move|p1a: AVI\u00c3O|Tera Blast|p2a: Urshifu|[anim] Tera Blast Flying\n|-supereffective|p2a: Urshifu\n|-damage|p2a: Urshifu|0 fnt\n|faint|p2a: Urshifu\n|move|p1b: S.E.PANELA|Earth Power|p2b: Ting-Lu\n|-supereffective|p2b: Ting-Lu\n|-damage|p2b: Ting-Lu|0 fnt\n|faint|p2b: Ting-Lu\n|-damage|p1b: S.E.PANELA|31\/100|[from] item: Life Orb\n|\n|win|COSMONAUTA J\n|l| Rileysoxx\n","uploadtime":1700439528,"views":18,"p1id":"cosmonautaj","p2id":"rickinch","formatid":"gen9vgc2023regulatione","rating":0,"private":0,"password":""}