{"id":"gen9vgc2023regulatione-1990161793","p1":"ClubSandwichBread","p2":"project g1","format":"[Gen 9] VGC 2023 Regulation E","log":"|j|\u2606ClubSandwichBread\n|j|\u2606project g1\n|t:|1699931398\n|gametype|doubles\n|player|p1|ClubSandwichBread|swimmer-gen4dp|1235\n|player|p2|project g1|102|1177\n|teamsize|p1|6\n|teamsize|p2|6\n|gen|9\n|tier|[Gen 9] VGC 2023 Regulation E\n|rated|\n|rule|Species Clause: Limit one of each Pok\u00e9mon\n|rule|Item Clause: Limit one of each item\n|clearpoke\n|poke|p1|Amoonguss, L50, F|\n|poke|p1|Roaring Moon, L50|\n|poke|p1|Tornadus, L50, M|\n|poke|p1|Urshifu-*, L50, M|\n|poke|p1|Arcanine-Hisui, L50, M|\n|poke|p1|Tinkaton, L50, F|\n|poke|p2|Farigiraf, L50, M|\n|poke|p2|Amoonguss, L50, F|\n|poke|p2|Copperajah, L50, F|\n|poke|p2|Perrserker, L50, M|\n|poke|p2|Gholdengo, L50|\n|poke|p2|Scizor, L50, F|\n|teampreview|4\n|inactive|Battle timer is ON: inactive players will automatically lose when time's up. (requested by ClubSandwichBread)\n|inactive|ClubSandwichBread has 60 seconds left.\n|inactive|project g1 has 60 seconds left.\n|inactive|ClubSandwichBread has 30 seconds left.\n|inactive|ClubSandwichBread has 20 seconds left.\n|inactive|ClubSandwichBread has 15 seconds left.\n|\n|t:|1699931477\n|start\n|switch|p1a: Tornadus|Tornadus, L50, M|100\/100\n|switch|p1b: Urshifu|Urshifu-Rapid-Strike, L50, M|100\/100\n|switch|p2a: Perrserker|Perrserker, L50, M|100\/100\n|switch|p2b: Farigiraf|Farigiraf, L50, M|100\/100\n|turn|1\n|\n|t:|1699931500\n|move|p1b: Urshifu|Detect|p1b: Urshifu\n|-singleturn|p1b: Urshifu|Protect\n|move|p2a: Perrserker|Fake Out|p1b: Urshifu\n|-activate|p1b: Urshifu|move: Protect\n|move|p1a: Tornadus|Rain Dance|p1a: Tornadus\n|-weather|RainDance\n|move|p2b: Farigiraf|Trick Room|p2b: Farigiraf\n|-fieldstart|move: Trick Room|[of] p2b: Farigiraf\n|\n|-weather|RainDance|[upkeep]\n|upkeep\n|turn|2\n|\n|t:|1699931519\n|-terastallize|p1b: Urshifu|Water\n|move|p2a: Perrserker|Gyro Ball|p1a: Tornadus\n|-damage|p1a: Tornadus|38\/100\n|move|p2b: Farigiraf|Psyshock|p1b: Urshifu\n|-damage|p1b: Urshifu|70\/100\n|move|p1b: Urshifu|Surging Strikes|p2a: Perrserker\n|-crit|p2a: Perrserker\n|-damage|p2a: Perrserker|65\/100\n|-crit|p2a: Perrserker\n|-damage|p2a: Perrserker|24\/100\n|-crit|p2a: Perrserker\n|-damage|p2a: Perrserker|0 fnt\n|faint|p2a: Perrserker\n|-hitcount|p2: Perrserker|3\n|move|p1a: Tornadus|Bleakwind Storm|p2b: Farigiraf\n|-damage|p2b: Farigiraf|67\/100\n|\n|-weather|RainDance|[upkeep]\n|-heal|p2b: Farigiraf|74\/100|[from] item: Leftovers\n|upkeep\n|\n|t:|1699931527\n|switch|p2a: Copperajah|Copperajah, L50, F|100\/100\n|turn|3\n|\n|t:|1699931547\n|move|p1b: Urshifu|Detect|p1b: Urshifu\n|-singleturn|p1b: Urshifu|Protect\n|move|p2a: Copperajah|Rock Slide|p1b: Urshifu|[spread] p1a\n|-activate|p1b: Urshifu|move: Protect\n|-supereffective|p1a: Tornadus\n|-damage|p1a: Tornadus|0 fnt\n|faint|p1a: Tornadus\n|move|p2b: Farigiraf|Hyper Voice|p1b: Urshifu\n|-activate|p1b: Urshifu|move: Protect\n|\n|-weather|RainDance|[upkeep]\n|-heal|p2b: Farigiraf|80\/100|[from] item: Leftovers\n|upkeep\n|\n|t:|1699931559\n|switch|p1a: Tinkaton|Tinkaton, L50, F|100\/100\n|-ability|p1a: Tinkaton|Mold Breaker\n|turn|4\n|\n|t:|1699931575\n|move|p2a: Copperajah|Rock Slide|p1a: Tinkaton|[spread] p1a,p1b\n|-resisted|p1a: Tinkaton\n|-damage|p1a: Tinkaton|82\/100\n|-damage|p1b: Urshifu|31\/100\n|move|p2b: Farigiraf|Hyper Voice|p1a: Tinkaton|[spread] p1a,p1b\n|-resisted|p1a: Tinkaton\n|-damage|p1a: Tinkaton|75\/100\n|-damage|p1b: Urshifu|0 fnt\n|faint|p1b: Urshifu\n|move|p1a: Tinkaton|Knock Off|p2b: Farigiraf\n|-supereffective|p2b: Farigiraf\n|-damage|p2b: Farigiraf|40\/100\n|-enditem|p2b: Farigiraf|Leftovers|[from] move: Knock Off|[of] p1a: Tinkaton\n|\n|-weather|RainDance|[upkeep]\n|upkeep\n|\n|t:|1699931586\n|switch|p1b: Roaring Moon|Roaring Moon, L50|100\/100\n|-enditem|p1b: Roaring Moon|Booster Energy\n|-activate|p1b: Roaring Moon|ability: Protosynthesis|[fromitem]\n|-start|p1b: Roaring Moon|protosynthesisatk\n|turn|5\n|\n|t:|1699931596\n|move|p1b: Roaring Moon|Protect|p1b: Roaring Moon\n|-singleturn|p1b: Roaring Moon|Protect\n|move|p2a: Copperajah|Play Rough|p1b: Roaring Moon\n|-activate|p1b: Roaring Moon|move: Protect\n|move|p2b: Farigiraf|Hyper Voice|p1a: Tinkaton|[spread] p1a\n|-activate|p1b: Roaring Moon|move: Protect\n|-resisted|p1a: Tinkaton\n|-damage|p1a: Tinkaton|69\/100\n|move|p1a: Tinkaton|Knock Off|p2b: Farigiraf\n|-supereffective|p2b: Farigiraf\n|-damage|p2b: Farigiraf|12\/100\n|\n|-weather|none\n|-fieldend|move: Trick Room\n|upkeep\n|turn|6\n|\n|t:|1699931619\n|move|p1b: Roaring Moon|Knock Off|p2a: Copperajah\n|-damage|p2a: Copperajah|29\/100\n|-enditem|p2a: Copperajah|Life Orb|[from] move: Knock Off|[of] p1b: Roaring Moon\n|move|p1a: Tinkaton|Knock Off|p2a: Copperajah\n|-damage|p2a: Copperajah|14\/100\n|move|p2b: Farigiraf|Hyper Voice|p1b: Roaring Moon|[spread] p1a,p1b\n|-resisted|p1a: Tinkaton\n|-crit|p1b: Roaring Moon\n|-damage|p1a: Tinkaton|62\/100\n|-damage|p1b: Roaring Moon|65\/100\n|move|p2a: Copperajah|Play Rough|p1b: Roaring Moon\n|-supereffective|p1b: Roaring Moon\n|-crit|p1b: Roaring Moon\n|-damage|p1b: Roaring Moon|0 fnt\n|faint|p1b: Roaring Moon\n|-end|p1b: Roaring Moon|Protosynthesis|[silent]\n|\n|upkeep\n|turn|7\n|\n|t:|1699931638\n|move|p1a: Tinkaton|Knock Off|p2a: Copperajah\n|-damage|p2a: Copperajah|0 fnt\n|faint|p2a: Copperajah\n|move|p2b: Farigiraf|Hyper Voice|p1a: Tinkaton\n|-resisted|p1a: Tinkaton\n|-damage|p1a: Tinkaton|52\/100\n|\n|upkeep\n|\n|t:|1699931640\n|switch|p2a: Scizor|Scizor, L50, F|100\/100\n|turn|8\n|\n|t:|1699931664\n|-terastallize|p2a: Scizor|Fire\n|move|p1a: Tinkaton|Knock Off|p2a: Scizor\n|-damage|p2a: Scizor|82\/100\n|-enditem|p2a: Scizor|Clear Amulet|[from] move: Knock Off|[of] p1a: Tinkaton\n|move|p2a: Scizor|Swords Dance|p2a: Scizor\n|-boost|p2a: Scizor|atk|2\n|move|p2b: Farigiraf|Trick Room|p2b: Farigiraf\n|-fieldstart|move: Trick Room|[of] p2b: Farigiraf\n|\n|upkeep\n|turn|9\n|\n|t:|1699931676\n|move|p2a: Scizor|Bullet Punch|p1a: Tinkaton\n|-damage|p1a: Tinkaton|0 fnt\n|faint|p1a: Tinkaton\n|\n|win|project g1\n|raw|ClubSandwichBread's rating: 1235 &rarr; <strong>1206<\/strong><br \/>(-29 for losing)\n|raw|project g1's rating: 1177 &rarr; <strong>1206<\/strong><br \/>(+29 for winning)\n","uploadtime":1699931681,"views":12,"p1id":"clubsandwichbread","p2id":"projectg1","formatid":"gen9vgc2023regulatione","rating":1206,"private":0,"password":""}