{"id":"gen9vgc2023regulatione-1998535849","p1":"IronHands7","p2":"jomagames12","format":"[Gen 9] VGC 2023 Regulation E","log":"|j|\u2606IronHands7\n|j|\u2606jomagames12\n|t:|1700953484\n|gametype|doubles\n|player|p1|IronHands7|265|1151\n|player|p2|jomagames12|giovanni|1249\n|teamsize|p1|6\n|teamsize|p2|6\n|gen|9\n|tier|[Gen 9] VGC 2023 Regulation E\n|rated|\n|rule|Species Clause: Limit one of each Pok\u00e9mon\n|rule|Item Clause: Limit one of each item\n|clearpoke\n|poke|p1|Iron Hands, L50|\n|poke|p1|Flutter Mane, L50|\n|poke|p1|Dragonite, L50, M|\n|poke|p1|Amoonguss, L50, M|\n|poke|p1|Chien-Pao, L50|\n|poke|p1|Arcanine-Hisui, L50, M|\n|poke|p2|Chi-Yu, L50|\n|poke|p2|Sinistcha, L50|\n|poke|p2|Tornadus, L50, M|\n|poke|p2|Indeedee, L50, M|\n|poke|p2|Ogerpon-Wellspring, L50, F|\n|poke|p2|Iron Hands, L50|\n|teampreview|4\n|\n|t:|1700953538\n|start\n|switch|p1a: Dragonite|Dragonite, L50, M, shiny|100\/100\n|switch|p1b: Flutter Mane|Flutter Mane, L50|100\/100\n|switch|p2a: Indeedee|Indeedee, L50, M|100\/100\n|switch|p2b: Iron Hands|Iron Hands, L50|100\/100\n|-fieldstart|move: Psychic Terrain|[from] ability: Psychic Surge|[of] p2a: Indeedee\n|-enditem|p1b: Flutter Mane|Booster Energy\n|-activate|p1b: Flutter Mane|ability: Protosynthesis|[fromitem]\n|-start|p1b: Flutter Mane|protosynthesisspe\n|turn|1\n|\n|t:|1700953581\n|-terastallize|p2b: Iron Hands|Poison\n|move|p1b: Flutter Mane|Dazzling Gleam|p2a: Indeedee|[spread] p2a,p2b\n|-resisted|p2b: Iron Hands\n|-damage|p2a: Indeedee|63\/100\n|-damage|p2b: Iron Hands|93\/100\n|move|p2a: Indeedee|Trick|p1b: Flutter Mane\n|-activate|p2a: Indeedee|move: Trick|[of] p1b: Flutter Mane\n|-item|p1b: Flutter Mane|Choice Scarf|[from] move: Trick\n|-enditem|p2a: Indeedee|Choice Scarf|[silent]|[from] move: Trick\n|move|p1a: Dragonite|Stomping Tantrum|p2b: Iron Hands\n|-supereffective|p2b: Iron Hands\n|-damage|p2b: Iron Hands|53\/100\n|move|p2b: Iron Hands|Wild Charge|p1b: Flutter Mane\n|-damage|p1b: Flutter Mane|24\/100\n|-damage|p2b: Iron Hands|41\/100|[from] Recoil\n|\n|upkeep\n|turn|2\n|\n|t:|1700953607\n|-end|p2b: Iron Hands|Quark Drive|[silent]\n|switch|p2b: Ogerpon|Ogerpon-Wellspring, L50, F|100\/100\n|move|p1b: Flutter Mane|Dazzling Gleam|p2b: Ogerpon|[spread] p2a,p2b\n|-damage|p2a: Indeedee|26\/100\n|-damage|p2b: Ogerpon|71\/100\n|move|p2a: Indeedee|Psychic|p1b: Flutter Mane\n|-damage|p1b: Flutter Mane|0 fnt\n|faint|p1b: Flutter Mane\n|-end|p1b: Flutter Mane|Protosynthesis|[silent]\n|move|p1a: Dragonite|Stomping Tantrum|p2b: Ogerpon\n|-resisted|p2b: Ogerpon\n|-damage|p2b: Ogerpon|56\/100\n|\n|upkeep\n|\n|t:|1700953618\n|switch|p1b: Chien-Pao|Chien-Pao, L50|100\/100\n|-ability|p1b: Chien-Pao|Sword of Ruin\n|turn|3\n|\n|t:|1700953647\n|switch|p2a: Iron Hands|Iron Hands, L50, tera:Poison|41\/100\n|move|p1b: Chien-Pao|Protect|p1b: Chien-Pao\n|-singleturn|p1b: Chien-Pao|Protect\n|move|p2b: Ogerpon|Spiky Shield|p2b: Ogerpon\n|-singleturn|p2b: Ogerpon|move: Protect\n|move|p1a: Dragonite|Dragon Dance|p1a: Dragonite\n|-boost|p1a: Dragonite|atk|1\n|-boost|p1a: Dragonite|spe|1\n|\n|upkeep\n|turn|4\n|\n|t:|1700953671\n|move|p1b: Chien-Pao|Ice Spinner|p2b: Ogerpon\n|-damage|p2b: Ogerpon|0 fnt\n|-fieldend|move: Psychic Terrain\n|faint|p2b: Ogerpon\n|move|p1a: Dragonite|Outrage|p2a: Iron Hands\n|-damage|p2a: Iron Hands|0 fnt\n|faint|p2a: Iron Hands\n|-end|p2a: Iron Hands|Quark Drive|[silent]\n|\n|upkeep\n|\n|t:|1700953677\n|switch|p2b: Indeedee|Indeedee, L50, M|26\/100\n|switch|p2a: Chi-Yu|Chi-Yu, L50|100\/100\n|-fieldstart|move: Psychic Terrain|[from] ability: Psychic Surge|[of] p2b: Indeedee\n|-ability|p2a: Chi-Yu|Beads of Ruin\n|turn|5\n|\n|t:|1700953689\n|move|p2b: Indeedee|Helping Hand|p2a: Chi-Yu\n|-singleturn|p2a: Chi-Yu|Helping Hand|[of] p2b: Indeedee\n|move|p1b: Chien-Pao|Ice Spinner|p2b: Indeedee\n|-damage|p2b: Indeedee|0 fnt\n|-fieldend|move: Psychic Terrain\n|faint|p2b: Indeedee\n|move|p1a: Dragonite|Outrage|p2a: Chi-Yu|[from]lockedmove\n|-damage|p2a: Chi-Yu|0 fnt\n|faint|p2a: Chi-Yu\n|-start|p1a: Dragonite|confusion|[fatigue]\n|\n|win|IronHands7\n|raw|IronHands7's rating: 1151 &rarr; <strong>1183<\/strong><br \/>(+32 for winning)\n|raw|jomagames12's rating: 1249 &rarr; <strong>1217<\/strong><br \/>(-32 for losing)\n|l|\u2606jomagames12\n","uploadtime":1700953710,"views":18,"p1id":"ironhands7","p2id":"jomagames12","formatid":"gen9vgc2023regulatione","rating":1183,"private":0,"password":""}