{"id":"gen9vgc2023regulatione-1990710543","p1":"ThiagoPrates23","p2":"bwahacough","format":"[Gen 9] VGC 2023 Regulation E","log":"|j|\u2606ThiagoPrates23\n|j|\u2606bwahacough\n|t:|1699993815\n|gametype|doubles\n|player|p1|ThiagoPrates23|lance|1474\n|player|p2|bwahacough|medium|1667\n|teamsize|p1|6\n|teamsize|p2|6\n|gen|9\n|tier|[Gen 9] VGC 2023 Regulation E\n|rated|\n|rule|Species Clause: Limit one of each Pok\u00e9mon\n|rule|Item Clause: Limit one of each item\n|clearpoke\n|poke|p1|Dragonite, L50, M|\n|poke|p1|Chien-Pao, L50|\n|poke|p1|Urshifu-*, L50, M|\n|poke|p1|Tornadus, L50, M|\n|poke|p1|Flutter Mane, L50|\n|poke|p1|Chi-Yu, L50|\n|poke|p2|Lycanroc-Dusk, L50, M|\n|poke|p2|Tornadus, L50, M|\n|poke|p2|Urshifu-*, L50, M|\n|poke|p2|Farigiraf, L50, M|\n|poke|p2|Sinistcha, L50|\n|poke|p2|Iron Bundle, L50|\n|teampreview|4\nbwahacough has agreed to open team sheets.\n|\n|t:|1699993834\n|start\n|switch|p1a: Tornadus|Tornadus, L50, M|100\/100\n|switch|p1b: Urshifu|Urshifu-Rapid-Strike, L50, M|100\/100\n|switch|p2a: Lycanroc|Lycanroc-Dusk, L50, M|100\/100\n|switch|p2b: Tornadus|Tornadus, L50, M, shiny|100\/100\n|turn|1\n|\n|t:|1699993846\n|-terastallize|p1b: Urshifu|Water\n|move|p2a: Lycanroc|Accelerock|p1a: Tornadus\n|-supereffective|p1a: Tornadus\n|-damage|p1a: Tornadus|49\/100\n|move|p1a: Tornadus|Tailwind|p1a: Tornadus\n|-sidestart|p1: ThiagoPrates23|move: Tailwind\n|move|p1b: Urshifu|Surging Strikes|p2a: Lycanroc\n|-supereffective|p2a: Lycanroc\n|-crit|p2a: Lycanroc\n|-enditem|p2a: Lycanroc|Focus Sash\n|-damage|p2a: Lycanroc|1\/100\n|-supereffective|p2a: Lycanroc\n|-crit|p2a: Lycanroc\n|-damage|p2a: Lycanroc|0 fnt\n|faint|p2a: Lycanroc\n|-hitcount|p2: Lycanroc|2\n|move|p2b: Tornadus|Bleakwind Storm|p1b: Urshifu|[spread] p1a,p1b\n|-damage|p1a: Tornadus|9\/100\n|-damage|p1b: Urshifu|64\/100\n|\n|upkeep\n|\n|t:|1699993849\n|switch|p2a: Iron Bundle|Iron Bundle, L50, shiny|100\/100\n|-enditem|p2a: Iron Bundle|Booster Energy\n|-activate|p2a: Iron Bundle|ability: Quark Drive|[fromitem]\n|-start|p2a: Iron Bundle|quarkdrivespe\n|turn|2\n|\n|t:|1699993868\n|move|p1a: Tornadus|Rain Dance|p1a: Tornadus\n|-weather|RainDance\n|move|p2b: Tornadus|Tailwind|p2b: Tornadus\n|-sidestart|p2: bwahacough|move: Tailwind\n|move|p2a: Iron Bundle|Icy Wind|p1b: Urshifu|[spread] p1a,p1b\n|-supereffective|p1a: Tornadus\n|-resisted|p1b: Urshifu\n|-damage|p1a: Tornadus|0 fnt\n|-damage|p1b: Urshifu|52\/100\n|-unboost|p1b: Urshifu|spe|1\n|faint|p1a: Tornadus\n|move|p1b: Urshifu|Surging Strikes|p2b: Tornadus\n|-crit|p2b: Tornadus\n|-damage|p2b: Tornadus|41\/100\n|-crit|p2b: Tornadus\n|-damage|p2b: Tornadus|0 fnt\n|faint|p2b: Tornadus\n|-hitcount|p2: Tornadus|2\n|\n|-weather|RainDance|[upkeep]\n|upkeep\n|\n|t:|1699993896\n|switch|p2b: Farigiraf|Farigiraf, L50, M, shiny|100\/100\n|switch|p1a: Flutter Mane|Flutter Mane, L50, shiny|100\/100\n|-enditem|p1a: Flutter Mane|Booster Energy\n|-activate|p1a: Flutter Mane|ability: Protosynthesis|[fromitem]\n|-start|p1a: Flutter Mane|protosynthesisspa\n|turn|3\n|\n|t:|1699993905\n|move|p2a: Iron Bundle|Freeze-Dry|p1b: Urshifu\n|-supereffective|p1b: Urshifu\n|-damage|p1b: Urshifu|0 fnt\n|faint|p1b: Urshifu\n|move|p1a: Flutter Mane|Moonblast|p2a: Iron Bundle\n|-damage|p2a: Iron Bundle|0 fnt\n|faint|p2a: Iron Bundle\n|-end|p2a: Iron Bundle|Quark Drive|[silent]\n|move|p2b: Farigiraf|Psychic|p1a: Flutter Mane\n|-damage|p1a: Flutter Mane|70\/100\n|\n|-weather|RainDance|[upkeep]\n|upkeep\n|\n|t:|1699993915\n|switch|p1b: Chi-Yu|Chi-Yu, L50|100\/100\n|-ability|p1b: Chi-Yu|Beads of Ruin\n|turn|4\n|\n|t:|1699993947\n|-terastallize|p2b: Farigiraf|Fairy\n|move|p1a: Flutter Mane|Moonblast|p2b: Farigiraf\n|-damage|p2b: Farigiraf|12\/100\n|-unboost|p2b: Farigiraf|spa|1\n|-enditem|p2b: Farigiraf|Sitrus Berry|[eat]\n|-heal|p2b: Farigiraf|37\/100|[from] item: Sitrus Berry\n|move|p1b: Chi-Yu|Snarl|p2b: Farigiraf\n|-resisted|p2b: Farigiraf\n|-damage|p2b: Farigiraf|20\/100\n|-unboost|p2b: Farigiraf|spa|1\n|move|p2b: Farigiraf|Dazzling Gleam|p1b: Chi-Yu|[spread] p1a,p1b\n|-damage|p1a: Flutter Mane|56\/100\n|-damage|p1b: Chi-Yu|88\/100\n|\n|-weather|RainDance|[upkeep]\n|-sideend|p1: ThiagoPrates23|move: Tailwind\n|upkeep\n|turn|5\n|-message|bwahacough forfeited.\n|\n|win|ThiagoPrates23\n|raw|ThiagoPrates23's rating: 1474 &rarr; <strong>1505<\/strong><br \/>(+31 for winning)\n|raw|bwahacough's rating: 1690 &rarr; <strong>1659<\/strong><br \/>(-31 for losing)\n|l|\u2606bwahacough\n","uploadtime":1699993973,"views":10,"p1id":"thiagoprates23","p2id":"bwahacough","formatid":"gen9vgc2023regulatione","rating":1505,"private":0,"password":""}