{"id":"gen9vgc2023regulatione-1993949279","p1":"mkkkkkl","p2":"RaimuBeat","format":"[Gen 9] VGC 2023 Regulation E","log":"|j|\u2606mkkkkkl\n|j|\u2606RaimuBeat\n|t:|1700381072\n|gametype|doubles\n|player|p1|mkkkkkl|iono|1123\n|player|p2|RaimuBeat|caitlin|1115\n|teamsize|p1|6\n|teamsize|p2|6\n|gen|9\n|tier|[Gen 9] VGC 2023 Regulation E\n|rated|\n|rule|Species Clause: Limit one of each Pok\u00e9mon\n|rule|Item Clause: Limit one of each item\n|clearpoke\n|poke|p1|Iron Hands, L50|\n|poke|p1|Ninetales-Alola, L50, F|\n|poke|p1|Ogerpon-Wellspring, L50, F|\n|poke|p1|Heatran, L50, M|\n|poke|p1|Cresselia, L50, F|\n|poke|p1|Iron Bundle, L50|\n|poke|p2|Sylveon, L50, F|\n|poke|p2|Kommo-o, L50, F|\n|poke|p2|Clefairy, L50, F|\n|poke|p2|Rillaboom, L50, M|\n|poke|p2|Snorlax, L50, M|\n|poke|p2|Oranguru, L50, M|\n|teampreview|4\n|inactive|Battle timer is ON: inactive players will automatically lose when time's up. (requested by mkkkkkl)\n|\n|t:|1700381088\n|start\n|switch|p1a: Ninetales|Ninetales-Alola, L50, F|100\/100\n|switch|p1b: Iron Bundle|Iron Bundle, L50|100\/100\n|switch|p2a: Quina|Snorlax, L50, M|100\/100\n|switch|p2b: Vivi|Oranguru, L50, M|100\/100\n|-weather|Snow|[from] ability: Snow Warning|[of] p1a: Ninetales\n|-enditem|p1b: Iron Bundle|Booster Energy\n|-activate|p1b: Iron Bundle|ability: Quark Drive|[fromitem]\n|-start|p1b: Iron Bundle|quarkdrivespe\n|turn|1\n|\n|t:|1700381109\n|-terastallize|p2a: Quina|Water\n|move|p1b: Iron Bundle|Blizzard|p2a: Quina|[spread] p2a,p2b\n|-resisted|p2a: Quina\n|-damage|p2a: Quina|94\/100\n|-damage|p2b: Vivi|76\/100\n|-status|p2a: Quina|frz\n|-status|p2b: Vivi|frz\n|move|p1a: Ninetales|Aurora Veil|p1a: Ninetales\n|-sidestart|p1: mkkkkkl|move: Aurora Veil\n|cant|p2a: Quina|frz\n|cant|p2b: Vivi|frz\n|\n|-weather|Snow|[upkeep]\n|-heal|p2b: Vivi|82\/100 frz|[from] item: Leftovers\n|upkeep\n|turn|2\n|c|\u2606mkkkkkl|hahaha\n|c|\u2606RaimuBeat|God, I hate then this happen\n|\n|t:|1700381131\n|move|p1b: Iron Bundle|Blizzard|p2b: Vivi|[spread] p2a,p2b\n|-resisted|p2a: Quina\n|-crit|p2b: Vivi\n|-damage|p2a: Quina|89\/100 frz\n|-damage|p2b: Vivi|46\/100 frz\n|move|p1a: Ninetales|Blizzard|p2a: Quina|[spread] p2a,p2b\n|-resisted|p2a: Quina\n|-damage|p2a: Quina|84\/100 frz\n|-damage|p2b: Vivi|29\/100 frz\n|cant|p2a: Quina|frz\n|cant|p2b: Vivi|frz\n|\n|-weather|Snow|[upkeep]\n|-heal|p2b: Vivi|35\/100 frz|[from] item: Leftovers\n|upkeep\n|turn|3\n|\n|t:|1700381149\n|move|p1b: Iron Bundle|Blizzard|p2b: Vivi|[spread] p2a,p2b\n|-resisted|p2a: Quina\n|-damage|p2a: Quina|78\/100 frz\n|-damage|p2b: Vivi|9\/100 frz\n|move|p1a: Ninetales|Blizzard|p2b: Vivi|[spread] p2a,p2b\n|-resisted|p2a: Quina\n|-damage|p2a: Quina|74\/100 frz\n|-damage|p2b: Vivi|0 fnt\n|faint|p2b: Vivi\n|-curestatus|p2a: Quina|frz|[msg]\n|move|p2a: Quina|Belly Drum|p2a: Quina\n|-damage|p2a: Quina|24\/100\n|-setboost|p2a: Quina|atk|6|[from] move: Belly Drum\n|-enditem|p2a: Quina|Aguav Berry|[eat]\n|-heal|p2a: Quina|57\/100|[from] item: Aguav Berry\n|\n|-weather|Snow|[upkeep]\n|upkeep\n|\n|t:|1700381164\n|switch|p2b: Zidane|Rillaboom, L50, M|100\/100\n|-fieldstart|move: Grassy Terrain|[from] ability: Grassy Surge|[of] p2b: Zidane\n|turn|4\n|\n|t:|1700381184\n|move|p2b: Zidane|Fake Out|p1b: Iron Bundle\n|-damage|p1b: Iron Bundle|93\/100\n|cant|p1b: Iron Bundle|flinch\n|move|p1a: Ninetales|Blizzard|p2b: Zidane|[spread] p2a,p2b\n|-resisted|p2a: Quina\n|-supereffective|p2b: Zidane\n|-crit|p2b: Zidane\n|-damage|p2a: Quina|52\/100\n|-damage|p2b: Zidane|31\/100\n|move|p2a: Quina|Facade|p1a: Ninetales\n|-damage|p1a: Ninetales|12\/100\n|\n|-weather|Snow|[upkeep]\n|-heal|p1b: Iron Bundle|99\/100|[from] Grassy Terrain\n|-heal|p1a: Ninetales|18\/100|[from] Grassy Terrain\n|-heal|p2b: Zidane|37\/100|[from] Grassy Terrain\n|-heal|p2a: Quina|58\/100|[from] Grassy Terrain\n|upkeep\n|turn|5\n|inactive|mkkkkkl has 30 seconds left.\n|\n|t:|1700381212\n|switch|p1a: Heatran|Heatran, L50, M|100\/100\n|move|p2b: Zidane|Grassy Glide|p1a: Heatran\n|-resisted|p1a: Heatran\n|-damage|p1a: Heatran|95\/100\n|move|p1b: Iron Bundle|Blizzard|p2a: Quina|[spread] p2a,p2b\n|-resisted|p2a: Quina\n|-supereffective|p2b: Zidane\n|-damage|p2a: Quina|53\/100\n|-damage|p2b: Zidane|0 fnt\n|faint|p2b: Zidane\n|move|p2a: Quina|Facade|p1b: Iron Bundle\n|-damage|p1b: Iron Bundle|25\/100\n|\n|-weather|none\n|-heal|p1b: Iron Bundle|32\/100|[from] Grassy Terrain\n|-heal|p1a: Heatran|100\/100|[from] Grassy Terrain\n|-heal|p2a: Quina|59\/100|[from] Grassy Terrain\n|-sideend|p1: mkkkkkl|move: Aurora Veil\n|upkeep\n|\n|t:|1700381228\n|switch|p2b: Sarah|Sylveon, L50, F, shiny|100\/100\n|turn|6\n|\n|t:|1700381237\n|-end|p1b: Iron Bundle|Quark Drive|[silent]\n|switch|p1b: Ninetales|Ninetales-Alola, L50, F|18\/100\n|-weather|Snow|[from] ability: Snow Warning|[of] p1b: Ninetales\n|move|p1a: Heatran|Flash Cannon|p2b: Sarah\n|-supereffective|p2b: Sarah\n|-damage|p2b: Sarah|40\/100\n|move|p2b: Sarah|Hyper Voice|p1b: Ninetales|[spread] p1a,p1b\n|-resisted|p1a: Heatran\n|-damage|p1a: Heatran|91\/100\n|-damage|p1b: Ninetales|0 fnt\n|faint|p1b: Ninetales\n|move|p2a: Quina|High Horsepower|p1a: Heatran\n|-supereffective|p1a: Heatran\n|-crit|p1a: Heatran\n|-damage|p1a: Heatran|0 fnt\n|faint|p1a: Heatran\n|\n|-weather|Snow|[upkeep]\n|-heal|p2b: Sarah|46\/100|[from] Grassy Terrain\n|-heal|p2a: Quina|65\/100|[from] Grassy Terrain\n|upkeep\n|\n|t:|1700381251\n|switch|p1b: Cresselia|Cresselia, L50, F|100\/100\n|switch|p1a: Iron Bundle|Iron Bundle, L50|32\/100\n|turn|7\n|\n|t:|1700381272\n|-terastallize|p1b: Cresselia|Fairy\n|move|p1a: Iron Bundle|Blizzard|p2b: Sarah|[spread] p2a,p2b\n|-resisted|p2a: Quina\n|-damage|p2a: Quina|58\/100\n|-damage|p2b: Sarah|15\/100\n|move|p1b: Cresselia|Moonblast|p2a: Quina\n|-damage|p2a: Quina|42\/100\n|move|p2b: Sarah|Hyper Voice|p1b: Cresselia|[spread] p1a,p1b\n|-damage|p1a: Iron Bundle|0 fnt\n|-damage|p1b: Cresselia|62\/100\n|faint|p1a: Iron Bundle\n|-end|p1a: Iron Bundle|Quark Drive|[silent]\n|move|p2a: Quina|Facade|p1b: Cresselia\n|-damage|p1b: Cresselia|0 fnt\n|-damage|p2a: Quina|25\/100|[from] item: Rocky Helmet|[of] p1b: Cresselia\n|faint|p1b: Cresselia\n|\n|win|RaimuBeat\n|raw|mkkkkkl's rating: 1123 &rarr; <strong>1097<\/strong><br \/>(-26 for losing)\n|raw|RaimuBeat's rating: 1115 &rarr; <strong>1141<\/strong><br \/>(+26 for winning)\n|c|\u2606RaimuBeat|I am shocked\n|l|\u2606mkkkkkl\n|c|\u2606RaimuBeat|That I came back from that\n","uploadtime":1700381291,"views":32,"p1id":"mkkkkkl","p2id":"raimubeat","formatid":"gen9vgc2023regulatione","rating":1097,"private":0,"password":""}