{"id":"gen9vgc2023regulatione-2000165489","p1":"jojorendicx","p2":"ADCasey","format":"[Gen 9] VGC 2023 Regulation E","log":"|j|\u2606jojorendicx\n|j|\u2606ADCasey\n|t:|1701165970\n|gametype|doubles\n|player|p1|jojorendicx|ingo|1048\n|player|p2|ADCasey|blue|1061\n|teamsize|p1|6\n|teamsize|p2|6\n|gen|9\n|tier|[Gen 9] VGC 2023 Regulation E\n|rated|\n|rule|Species Clause: Limit one of each Pok\u00e9mon\n|rule|Item Clause: Limit one of each item\n|clearpoke\n|poke|p1|Meowscarada, L50, M|\n|poke|p1|Cramorant, L50, M|\n|poke|p1|Amoonguss, L50, M|\n|poke|p1|Zoroark-Hisui, L50, M|\n|poke|p1|Goodra-Hisui, L50, F|\n|poke|p1|Sneasler, L50, F|\n|poke|p2|Inteleon, L50, M|\n|poke|p2|Politoed, L50, F|\n|poke|p2|Quaquaval, L50, M|\n|poke|p2|Maushold, L50|\n|poke|p2|Tinkaton, L50, F|\n|poke|p2|Tornadus, L50, M|\n|teampreview|4\n|\n|t:|1701166004\n|start\n|switch|p1a: Cramorant|Cramorant, L50, M|100\/100\n|switch|p1b: Goodra|Goodra-Hisui, L50, F|100\/100\n|switch|p2a: Politoed|Politoed, L50, F, shiny|100\/100\n|switch|p2b: Inteleon|Inteleon, L50, M, shiny|100\/100\n|-weather|RainDance|[from] ability: Drizzle|[of] p2a: Politoed\n|turn|1\n|\n|t:|1701166023\n|-terastallize|p2b: Inteleon|Water\n|move|p2a: Politoed|Helping Hand|p2b: Inteleon\n|-singleturn|p2b: Inteleon|Helping Hand|[of] p2a: Politoed\n|move|p2b: Inteleon|Snipe Shot|p1b: Goodra\n|-resisted|p1b: Goodra\n|-damage|p1b: Goodra|69\/100\n|move|p1a: Cramorant|Surf|p2a: Politoed|[spread] p1b,p2a,p2b\n|-formechange|p1a: Cramorant|Cramorant-Gulping|\n|-resisted|p1b: Goodra\n|-resisted|p2a: Politoed\n|-resisted|p2b: Inteleon\n|-damage|p1b: Goodra|65\/100\n|-damage|p2a: Politoed|88\/100\n|-damage|p2b: Inteleon|74\/100\n|move|p1b: Goodra|Thunderbolt|p2a: Politoed\n|-supereffective|p2a: Politoed\n|-crit|p2a: Politoed\n|-damage|p2a: Politoed|35\/100\n|-status|p2a: Politoed|par\n|\n|-weather|RainDance|[upkeep]\n|upkeep\n|turn|2\n|\n|t:|1701166049\n|move|p2b: Inteleon|Snipe Shot|p1a: Cramorant\n|-resisted|p1a: Cramorant\n|-crit|p1a: Cramorant\n|-damage|p1a: Cramorant|0 fnt\n|-damage|p2b: Inteleon|49\/100|[from] ability: Gulp Missile|[of] p1a: Cramorant\n|-unboost|p2b: Inteleon|def|1\n|-formechange|p1a: Cramorant|Cramorant|\n|faint|p1a: Cramorant\n|move|p1b: Goodra|Thunderbolt|p2a: Politoed\n|-supereffective|p2a: Politoed\n|-damage|p2a: Politoed|0 fnt\n|faint|p2a: Politoed\n|\n|-weather|RainDance|[upkeep]\n|upkeep\n|\n|t:|1701166062\n|switch|p1a: Meowscarada|Meowscarada, L50, M, shiny|100\/100\n|switch|p2a: Tornadus|Tornadus, L50, M|100\/100\n|turn|3\n|\n|t:|1701166072\n|switch|p2b: Maushold|Maushold, L50|100\/100\n|move|p1a: Meowscarada|Flower Trick|p2b: Maushold\n|-start|p1a: Meowscarada|typechange|Grass|[from] ability: Protean\n|-crit|p2b: Maushold\n|-damage|p2b: Maushold|28\/100\n|move|p2a: Tornadus|Bleakwind Storm|p1a: Meowscarada|[spread] p1a,p1b\n|-supereffective|p1a: Meowscarada\n|-crit|p1a: Meowscarada\n|-resisted|p1b: Goodra\n|-damage|p1a: Meowscarada|0 fnt\n|-damage|p1b: Goodra|58\/100\n|faint|p1a: Meowscarada\n|move|p1b: Goodra|Thunderbolt|p2a: Tornadus\n|-supereffective|p2a: Tornadus\n|-damage|p2a: Tornadus|36\/100\n|\n|-weather|RainDance|[upkeep]\n|upkeep\n|\n|t:|1701166089\n|switch|p1a: Amoonguss|Amoonguss, L50, M|100\/100\n|turn|4\n|\n|t:|1701166101\n|-terastallize|p1b: Goodra|Electric\n|move|p2b: Maushold|Protect|p2b: Maushold\n|-singleturn|p2b: Maushold|Protect\n|move|p2a: Tornadus|Bleakwind Storm|p1b: Goodra|[spread] p1a,p1b\n|-supereffective|p1a: Amoonguss\n|-resisted|p1b: Goodra\n|-damage|p1a: Amoonguss|24\/100\n|-damage|p1b: Goodra|52\/100\n|move|p1b: Goodra|Thunderbolt|p2a: Tornadus\n|-supereffective|p2a: Tornadus\n|-damage|p2a: Tornadus|0 fnt\n|faint|p2a: Tornadus\n|move|p1a: Amoonguss|Spore|p2b: Maushold\n|-activate|p2b: Maushold|move: Protect\n|\n|-weather|RainDance|[upkeep]\n|-heal|p1a: Amoonguss|29\/100|[from] item: Black Sludge\n|upkeep\n|\n|t:|1701166109\n|switch|p2a: Inteleon|Inteleon, L50, M, shiny, tera:Water|49\/100\n|turn|5\n|\n|t:|1701166125\n|move|p2a: Inteleon|Snipe Shot|p1b: Goodra\n|-crit|p1b: Goodra\n|-damage|p1b: Goodra|0 fnt\n|faint|p1b: Goodra\n|move|p2b: Maushold|Population Bomb|p1a: Amoonguss\n|-damage|p1a: Amoonguss|21\/100\n|-damage|p1a: Amoonguss|13\/100\n|-status|p2b: Maushold|slp|[from] ability: Effect Spore|[of] p1a: Amoonguss\n|-hitcount|p1a: Amoonguss|2\n|move|p1a: Amoonguss|Spore|p2b: Maushold\n|-fail|p2b: Maushold|slp\n|\n|-weather|RainDance|[upkeep]\n|-heal|p1a: Amoonguss|19\/100|[from] item: Black Sludge\n|upkeep\n|turn|6\n|\n|t:|1701166142\n|cant|p2b: Maushold|slp\n|move|p2a: Inteleon|Snipe Shot|p1a: Amoonguss\n|-resisted|p1a: Amoonguss\n|-crit|p1a: Amoonguss\n|-damage|p1a: Amoonguss|0 fnt\n|faint|p1a: Amoonguss\n|\n|win|ADCasey\n|raw|jojorendicx's rating: 1048 &rarr; <strong>1031<\/strong><br \/>(-17 for losing)\n|raw|ADCasey's rating: 1061 &rarr; <strong>1091<\/strong><br \/>(+30 for winning)\n","uploadtime":1701166149,"views":16,"p1id":"jojorendicx","p2id":"adcasey","formatid":"gen9vgc2023regulatione","rating":1031,"private":0,"password":""}