{"id":"gen9vgc2023regulatione-1990584732","p1":"JasePokemonTwitte","p2":"fyfyyalt1","format":"[Gen 9] VGC 2023 Regulation E","log":"|j|\u2606JasePokemonTwitte\n|j|\u2606fyfyyalt1\n|t:|1699983460\n|gametype|doubles\n|player|p1|JasePokemonTwitte|youngster-gen4dp|1696\n|player|p2|fyfyyalt1|101|1612\n|teamsize|p1|6\n|teamsize|p2|6\n|gen|9\n|tier|[Gen 9] VGC 2023 Regulation E\n|rated|\n|rule|Species Clause: Limit one of each Pok\u00e9mon\n|rule|Item Clause: Limit one of each item\n|clearpoke\n|poke|p1|Ninetales-Alola, L50, F|\n|poke|p1|Iron Hands, L50|\n|poke|p1|Sinistcha, L50|\n|poke|p1|Cresselia, L50, F|\n|poke|p1|Snorlax, L50, F|\n|poke|p1|Arcanine-Hisui, L50, M|\n|poke|p2|Tornadus, L50, M|\n|poke|p2|Iron Hands, L50|\n|poke|p2|Gholdengo, L50|\n|poke|p2|Urshifu-*, L50, M|\n|poke|p2|Ogerpon-Wellspring, L50, F|\n|poke|p2|Chien-Pao, L50|\n|teampreview|4\nfyfyyalt1 has agreed to open team sheets.\n|inactive|Battle timer is ON: inactive players will automatically lose when time's up. (requested by JasePokemonTwitte)\nJasePokemonTwitte has agreed to open team sheets.\n|inactive|fyfyyalt1 has 30 seconds left.\n|inactive|fyfyyalt1 has 20 seconds left.\n|\n|t:|1699983528\n|start\n|switch|p1a: Cresselia|Cresselia, L50, F|100\/100\n|switch|p1b: Iron Hands|Iron Hands, L50|100\/100\n|switch|p2a: Ogerpon|Ogerpon-Wellspring, L50, F|100\/100\n|switch|p2b: Iron Hands|Iron Hands, L50|100\/100\n|turn|1\n|j| DozoLover\n|\n|t:|1699983540\n|move|p2b: Iron Hands|Fake Out|p1b: Iron Hands\n|-damage|p1b: Iron Hands|92\/100\n|move|p2a: Ogerpon|Power Whip|p1b: Iron Hands\n|-damage|p1b: Iron Hands|44\/100\n|-enditem|p1b: Iron Hands|Sitrus Berry|[eat]\n|-heal|p1b: Iron Hands|69\/100|[from] item: Sitrus Berry\n|cant|p1b: Iron Hands|flinch\n|move|p1a: Cresselia|Trick Room|p1a: Cresselia\n|-fieldstart|move: Trick Room|[of] p1a: Cresselia\n|\n|upkeep\n|turn|2\n|\n|t:|1699983559\n|move|p1b: Iron Hands|Protect|p1b: Iron Hands\n|-singleturn|p1b: Iron Hands|Protect\n|move|p2b: Iron Hands|Drain Punch|p1b: Iron Hands\n|-activate|p1b: Iron Hands|move: Protect\n|move|p1a: Cresselia|Lunar Blessing|p1a: Cresselia|[spread] p1a,p1b\n|-heal|p1b: Iron Hands|94\/100\n|move|p2a: Ogerpon|Ivy Cudgel|p1b: Iron Hands|[anim] Ivy Cudgel Water\n|-activate|p1b: Iron Hands|move: Protect\n|\n|upkeep\n|turn|3\n|\n|t:|1699983573\n|switch|p1a: Arcanine|Arcanine-Hisui, L50, M|100\/100\n|-ability|p1a: Arcanine|Intimidate|boost\n|-unboost|p2a: Ogerpon|atk|1\n|-unboost|p2b: Iron Hands|atk|1\n|-terastallize|p2a: Ogerpon|Water\n|detailschange|p2a: Ogerpon|Ogerpon-Wellspring-Tera, L50, F, tera:Water\n|-ability|p2a: Ogerpon|Embody Aspect (Wellspring)|boost\n|-boost|p2a: Ogerpon|spd|1\n|move|p1b: Iron Hands|Belly Drum|p1b: Iron Hands\n|-damage|p1b: Iron Hands|44\/100\n|-setboost|p1b: Iron Hands|atk|6|[from] move: Belly Drum\n|move|p2b: Iron Hands|Drain Punch|p1b: Iron Hands\n|-damage|p1b: Iron Hands|27\/100\n|move|p2a: Ogerpon|Ivy Cudgel|p1b: Iron Hands|[anim] Ivy Cudgel Water\n|-damage|p1b: Iron Hands|0 fnt\n|faint|p1b: Iron Hands\n|-end|p1b: Iron Hands|Quark Drive|[silent]\n|\n|upkeep\n|\n|t:|1699983592\n|switch|p1b: Sinistcha|Sinistcha, L50|100\/100\n|turn|4\n|l| DozoLover\n|j| Dioxide8\n|\n|t:|1699983601\n|switch|p1a: Cresselia|Cresselia, L50, F|100\/100\n|move|p2b: Iron Hands|Heavy Slam|p1b: Sinistcha\n|-damage|p1b: Sinistcha|74\/100\n|-damage|p2b: Iron Hands|84\/100|[from] item: Rocky Helmet|[of] p1b: Sinistcha\n|move|p1b: Sinistcha|Matcha Gotcha|p2b: Iron Hands|[spread] p2a,p2b\n|-supereffective|p2a: Ogerpon\n|-damage|p2a: Ogerpon|74\/100\n|-heal|p1b: Sinistcha|88\/100|[from] drain|[of] p2a: Ogerpon\n|-damage|p2b: Iron Hands|71\/100\n|-heal|p1b: Sinistcha|97\/100|[from] drain|[of] p2b: Iron Hands\n|move|p2a: Ogerpon|Ivy Cudgel|p1a: Cresselia|[anim] Ivy Cudgel Water\n|-damage|p1a: Cresselia|68\/100\n|\n|upkeep\n|turn|5\n|\n|t:|1699983622\n|switch|p2a: Gholdengo|Gholdengo, L50|100\/100\n|move|p2b: Iron Hands|Heavy Slam|p1a: Cresselia\n|-damage|p1a: Cresselia|54\/100\n|move|p1b: Sinistcha|Matcha Gotcha|p2a: Gholdengo|[spread] p2a,p2b\n|-resisted|p2a: Gholdengo\n|-crit|p2b: Iron Hands\n|-damage|p2a: Gholdengo|90\/100\n|-heal|p1b: Sinistcha|100\/100|[from] drain|[of] p2a: Gholdengo\n|-damage|p2b: Iron Hands|52\/100\n|-status|p2b: Iron Hands|brn\n|move|p1a: Cresselia|Psychic|p2b: Iron Hands\n|-supereffective|p2b: Iron Hands\n|-damage|p2b: Iron Hands|24\/100 brn\n|-unboost|p2b: Iron Hands|spd|1\n|\n|-heal|p2a: Gholdengo|96\/100|[from] item: Leftovers\n|-damage|p2b: Iron Hands|18\/100 brn|[from] brn\n|-fieldend|move: Trick Room\n|upkeep\n|turn|6\n|\n|t:|1699983639\n|switch|p1b: Arcanine|Arcanine-Hisui, L50, M|100\/100\n|-ability|p1b: Arcanine|Intimidate|boost\n|-unboost|p2a: Gholdengo|atk|1\n|-unboost|p2b: Iron Hands|atk|1\n|-end|p2b: Iron Hands|Quark Drive|[silent]\n|switch|p2b: Ogerpon|Ogerpon-Wellspring-Tera, L50, F, tera:Water|74\/100\n|-ability|p2b: Ogerpon|Embody Aspect (Wellspring)|boost\n|-boost|p2b: Ogerpon|spd|1\n|move|p2a: Gholdengo|Nasty Plot|p2a: Gholdengo\n|-boost|p2a: Gholdengo|spa|2\n|move|p1a: Cresselia|Lunar Blessing|p1a: Cresselia|[spread] p1a,p1b\n|-heal|p1a: Cresselia|79\/100\n|\n|-heal|p2a: Gholdengo|100\/100|[from] item: Leftovers\n|upkeep\n|turn|7\n|\n|t:|1699983662\n|-terastallize|p1b: Arcanine|Fairy\n|move|p2b: Ogerpon|Follow Me|p2b: Ogerpon\n|-singleturn|p2b: Ogerpon|move: Follow Me\n|move|p2a: Gholdengo|Shadow Ball|p1a: Cresselia\n|-supereffective|p1a: Cresselia\n|-damage|p1a: Cresselia|0 fnt\n|faint|p1a: Cresselia\n|move|p1b: Arcanine|Flare Blitz|p2b: Ogerpon\n|-resisted|p2b: Ogerpon\n|-damage|p2b: Ogerpon|43\/100\n|-damage|p1b: Arcanine|91\/100|[from] Recoil\n|\n|upkeep\n|-message|JasePokemonTwitte forfeited.\n|\n|win|fyfyyalt1\n|raw|JasePokemonTwitte's rating: 1696 &rarr; <strong>1671<\/strong><br \/>(-25 for losing)\n|raw|fyfyyalt1's rating: 1612 &rarr; <strong>1637<\/strong><br \/>(+25 for winning)\n|c|\u2606fyfyyalt1|ots\n|c|\u2606fyfyyalt1|and u lose :0\n|l|\u2606JasePokemonTwitte\n","uploadtime":1699983686,"views":29,"p1id":"jasepokemontwitte","p2id":"fyfyyalt1","formatid":"gen9vgc2023regulatione","rating":1637,"private":0,"password":""}