{"id":"gen9vgc2023regulatione-1998379017","p1":"GielBakker","p2":"Juytre","format":"[Gen 9] VGC 2023 Regulation E","log":"|j|\u2606GielBakker\n|j|\u2606Juytre\n|t:|1700935712\n|gametype|doubles\n|player|p1|GielBakker|benga|1369\n|player|p2|Juytre|will|1399\n|teamsize|p1|6\n|teamsize|p2|6\n|gen|9\n|tier|[Gen 9] VGC 2023 Regulation E\n|rated|\n|rule|Species Clause: Limit one of each Pok\u00e9mon\n|rule|Item Clause: Limit one of each item\n|clearpoke\n|poke|p1|Tornadus, L50, M|\n|poke|p1|Ogerpon-Wellspring, L50, F|\n|poke|p1|Gholdengo, L50|\n|poke|p1|Arcanine-Hisui, L50, M|\n|poke|p1|Rillaboom, L50, F|\n|poke|p1|Chien-Pao, L50|\n|poke|p2|Ninetales-Alola, L50, M|\n|poke|p2|Flutter Mane, L50|\n|poke|p2|Arcanine-Hisui, L50, M|\n|poke|p2|Cetitan, L50, M|\n|poke|p2|Rillaboom, L50, F|\n|poke|p2|Urshifu-*, L50, F|\n|teampreview|4\n|\n|t:|1700935734\n|start\n|switch|p1a: Tornadus|Tornadus, L50, M|100\/100\n|switch|p1b: Arcanine|Arcanine-Hisui, L50, M|100\/100\n|switch|p2a: Arcanine|Arcanine-Hisui, L50, M|100\/100\n|switch|p2b: Rillaboom|Rillaboom, L50, F|100\/100\n|-ability|p1b: Arcanine|Intimidate|boost\n|-unboost|p2a: Arcanine|atk|1\n|-unboost|p2b: Rillaboom|atk|1\n|-ability|p2a: Arcanine|Intimidate|boost\n|-unboost|p1a: Tornadus|atk|1\n|-unboost|p1b: Arcanine|atk|1\n|-fieldstart|move: Grassy Terrain|[from] ability: Grassy Surge|[of] p2b: Rillaboom\n|turn|1\n|\n|t:|1700935744\n|switch|p1b: Ogerpon|Ogerpon-Wellspring, L50, F|100\/100\n|move|p2b: Rillaboom|Fake Out|p1b: Ogerpon\n|-damage|p1b: Ogerpon|90\/100\n|move|p1a: Tornadus|Tailwind|p1a: Tornadus\n|-sidestart|p1: GielBakker|move: Tailwind\n|move|p2a: Arcanine|Rock Slide|p1a: Tornadus|[spread] p1a,p1b\n|-supereffective|p1a: Tornadus\n|-damage|p1a: Tornadus|32\/100\n|-damage|p1b: Ogerpon|58\/100\n|\n|-heal|p1b: Ogerpon|64\/100|[from] Grassy Terrain\n|upkeep\n|turn|2\n|\n|t:|1700935753\n|-terastallize|p2a: Arcanine|Fairy\n|move|p1a: Tornadus|Rain Dance|p1a: Tornadus\n|-weather|RainDance\n|move|p2b: Rillaboom|Grassy Glide|p1b: Ogerpon\n|-damage|p1b: Ogerpon|39\/100\n|move|p1b: Ogerpon|Ivy Cudgel|p2a: Arcanine|[anim] Ivy Cudgel Water\n|-damage|p2a: Arcanine|0 fnt\n|faint|p2a: Arcanine\n|\n|-weather|RainDance|[upkeep]\n|-heal|p1b: Ogerpon|45\/100|[from] Grassy Terrain\n|upkeep\n|\n|t:|1700935766\n|switch|p2a: Cetitan|Cetitan, L50, M|100\/100\n|turn|3\n|\n|t:|1700935780\n|switch|p2b: Ninetales|Ninetales-Alola, L50, M|100\/100\n|-weather|Snow|[from] ability: Snow Warning|[of] p2b: Ninetales\n|move|p2a: Cetitan|Ice Shard|p1a: Tornadus\n|-supereffective|p1a: Tornadus\n|-damage|p1a: Tornadus|0 fnt\n|faint|p1a: Tornadus\n|move|p1b: Ogerpon|Ivy Cudgel|p2a: Cetitan|[anim] Ivy Cudgel Water\n|-damage|p2a: Cetitan|56\/100\n|\n|-weather|Snow|[upkeep]\n|-heal|p1b: Ogerpon|51\/100|[from] Grassy Terrain\n|-heal|p2a: Cetitan|62\/100|[from] Grassy Terrain\n|upkeep\n|\n|t:|1700935790\n|switch|p1a: Chien-Pao|Chien-Pao, L50|100\/100\n|-ability|p1a: Chien-Pao|Sword of Ruin\n|turn|4\n|\n|t:|1700935805\n|switch|p2a: Rillaboom|Rillaboom, L50, F|100\/100\n|-terastallize|p1b: Ogerpon|Water\n|detailschange|p1b: Ogerpon|Ogerpon-Wellspring-Tera, L50, F, tera:Water\n|-ability|p1b: Ogerpon|Embody Aspect (Wellspring)|boost\n|-boost|p1b: Ogerpon|spd|1\n|move|p1a: Chien-Pao|Protect|p1a: Chien-Pao\n|-singleturn|p1a: Chien-Pao|Protect\n|move|p1b: Ogerpon|Ivy Cudgel|p2a: Rillaboom|[anim] Ivy Cudgel Water\n|-resisted|p2a: Rillaboom\n|-crit|p2a: Rillaboom\n|-damage|p2a: Rillaboom|7\/100\n|move|p2b: Ninetales|Aurora Veil|p2b: Ninetales\n|-sidestart|p2: Juytre|move: Aurora Veil\n|\n|-weather|Snow|[upkeep]\n|-heal|p1b: Ogerpon|57\/100|[from] Grassy Terrain\n|-heal|p2a: Rillaboom|12\/100|[from] Grassy Terrain\n|-sideend|p1: GielBakker|move: Tailwind\n|upkeep\n|turn|5\n|\n|t:|1700935826\n|switch|p1a: Arcanine|Arcanine-Hisui, L50, M|100\/100\n|-ability|p1a: Arcanine|Intimidate|boost\n|-unboost|p2a: Rillaboom|atk|1\n|-unboost|p2b: Ninetales|atk|1\n|move|p2a: Rillaboom|Fake Out|p1a: Arcanine\n|-resisted|p1a: Arcanine\n|-damage|p1a: Arcanine|94\/100\n|move|p2b: Ninetales|Dazzling Gleam|p1a: Arcanine|[spread] p1a,p1b\n|-resisted|p1a: Arcanine\n|-damage|p1a: Arcanine|80\/100\n|-damage|p1b: Ogerpon|42\/100\n|move|p1b: Ogerpon|Ivy Cudgel|p2b: Ninetales|[anim] Ivy Cudgel Water\n|-damage|p2b: Ninetales|44\/100\n|\n|-weather|Snow|[upkeep]\n|-heal|p2b: Ninetales|50\/100|[from] Grassy Terrain\n|-heal|p1a: Arcanine|86\/100|[from] Grassy Terrain\n|-heal|p2a: Rillaboom|18\/100|[from] Grassy Terrain\n|-heal|p1b: Ogerpon|48\/100|[from] Grassy Terrain\n|-fieldend|move: Grassy Terrain\n|upkeep\n|turn|6\n|\n|t:|1700935846\n|move|p2b: Ninetales|Dazzling Gleam|p1b: Ogerpon|[spread] p1a,p1b\n|-resisted|p1a: Arcanine\n|-damage|p1a: Arcanine|73\/100\n|-damage|p1b: Ogerpon|32\/100\n|move|p1a: Arcanine|Rock Slide|p2b: Ninetales|[spread] p2a,p2b\n|-supereffective|p2b: Ninetales\n|-damage|p2a: Rillaboom|0 fnt\n|-damage|p2b: Ninetales|0 fnt\n|faint|p2a: Rillaboom\n|faint|p2b: Ninetales\n|move|p1b: Ogerpon|Ivy Cudgel|p2: Rillaboom|[notarget]\n|-fail|p1b: Ogerpon\n|\n|-weather|Snow|[upkeep]\n|upkeep\n|\n|t:|1700935848\n|switch|p2b: Cetitan|Cetitan, L50, M|62\/100\n|turn|7\n|\n|t:|1700935853\n|move|p2b: Cetitan|High Horsepower|p1a: Arcanine\n|-supereffective|p1a: Arcanine\n|-damage|p1a: Arcanine|0 fnt\n|faint|p1a: Arcanine\n|move|p1b: Ogerpon|Ivy Cudgel|p2b: Cetitan|[anim] Ivy Cudgel Water\n|-damage|p2b: Cetitan|28\/100\n|\n|-weather|none\n|upkeep\n|\n|t:|1700935856\n|switch|p1a: Chien-Pao|Chien-Pao, L50|100\/100\n|-ability|p1a: Chien-Pao|Sword of Ruin\n|turn|8\n|c|\u2606Juytre|I\u2019m confused gg\n|-message|Juytre forfeited.\n|\n|win|GielBakker\n|raw|GielBakker's rating: 1369 &rarr; <strong>1391<\/strong><br \/>(+22 for winning)\n|raw|Juytre's rating: 1399 &rarr; <strong>1377<\/strong><br \/>(-22 for losing)\n|l|\u2606Juytre\n","uploadtime":1700935878,"views":5,"p1id":"gielbakker","p2id":"juytre","formatid":"gen9vgc2023regulatione","rating":1377,"private":0,"password":""}