{"id":"gen9vgc2023regulatione-1994873599","p1":"ItsYaBoiGuz","p2":"Bellakath","format":"[Gen 9] VGC 2023 Regulation E","log":"|j|\u2606ItsYaBoiGuz\n|j|\u2606Bellakath\n|n|\u2606ItsYaBoiGuz|itsyaboiguz\n|n|\u2606Bellakath|bellakath\n|html|View the match progress at <a href=\"\/game-bestof3-gen9vgc2023regulatione-1994870486\">game-bestof3-gen9vgc2023regulatione-1994870486<\/a>\n|t:|1700500612\n|gametype|doubles\n|player|p1|ItsYaBoiGuz|volkner|\n|player|p2|Bellakath|dawn|\n|teamsize|p1|6\n|teamsize|p2|6\n|gen|9\n|tier|[Gen 9] VGC 2023 Regulation E\n|rule|Species Clause: Limit one of each Pok\u00e9mon\n|rule|Item Clause: Limit one of each item\n|clearpoke\n|poke|p1|Iron Hands, L50|\n|poke|p1|Ogerpon-Wellspring, L50, F|\n|poke|p1|Kingambit, L50, M|\n|poke|p1|Flutter Mane, L50|\n|poke|p1|Tornadus, L50, M|\n|poke|p1|Arcanine-Hisui, L50, M|\n|poke|p2|Iron Hands, L50|\n|poke|p2|Flutter Mane, L50|\n|poke|p2|Landorus-Therian, L50, M|\n|poke|p2|Ogerpon-Wellspring, L50, F|\n|poke|p2|Chi-Yu, L50|\n|poke|p2|Sinistcha, L50|\n|teampreview|4\n|inactive|Battle timer is ON: inactive players will automatically lose when time's up. (requested by ItsYaBoiGuz)\nBellakath has agreed to open team sheets.\nItsYaBoiGuz has agreed to open team sheets.\n|showteam|p1|Iron Hands||AssaultVest|QuarkDrive|FakeOut,WildCharge,DrainPunch,HeavySlam||||||50|,,,,,Water]Ogerpon-Wellspring||WellspringMask|WaterAbsorb|FollowMe,IvyCudgel,HornLeech,SpikyShield|||F|||50|,,,,,Water]Kingambit||BlackGlasses|Defiant|KowtowCleave,SuckerPunch,SwordsDance,Protect|||M|||50|,,,,,Poison]Flutter Mane||BoosterEnergy|Protosynthesis|Moonblast,ShadowBall,IcyWind,Protect||||||50|,,,,,Fairy]Tornadus||CovertCloak|Prankster|BleakwindStorm,Taunt,Tailwind,RainDance|||M|||50|,,,,,Ghost]Arcanine-Hisui||ChoiceBand|Intimidate|RockSlide,ExtremeSpeed,TeraBlast,FlareBlitz|||M|||50|,,,,,Fairy\n|showteam|p2|Iron Hands||AssaultVest|QuarkDrive|FakeOut,DrainPunch,WildCharge,HeavySlam||||||50|,,,,,Water]Flutter Mane||BoosterEnergy|Protosynthesis|Moonblast,ShadowBall,IcyWind,Protect||||||50|,,,,,Fairy]Landorus-Therian||ChoiceScarf|Intimidate|StompingTantrum,TeraBlast,RockSlide,Uturn|||M|||50|,,,,,Flying]Ogerpon-Wellspring||WellspringMask|WaterAbsorb|SpikyShield,IvyCudgel,HornLeech,FollowMe|||F|||50|,,,,,Water]Chi-Yu||ChoiceSpecs|BeadsofRuin|HeatWave,DarkPulse,Snarl,Overheat||||||50|,,,,,Ghost]Sinistcha||RockyHelmet|Hospitality|MatchaGotcha,RagePowder,TrickRoom,StrengthSap||||||50|,,,,,Fairy\n|inactive|ItsYaBoiGuz has 30 seconds left.\n|inactive|ItsYaBoiGuz has 20 seconds left.\n|inactive|ItsYaBoiGuz has 15 seconds left.\n|inactive|ItsYaBoiGuz has 10 seconds left.\n|\n|t:|1700500663\n|start\n|switch|p1a: Ogerpon|Ogerpon-Wellspring, L50, F|100\/100\n|switch|p1b: Flutter Mane|Flutter Mane, L50, shiny|100\/100\n|switch|p2a: Landorus|Landorus-Therian, L50, M|100\/100\n|switch|p2b: Flutter Mane|Flutter Mane, L50|100\/100\n|-ability|p2a: Landorus|Intimidate|boost\n|-unboost|p1a: Ogerpon|atk|1\n|-unboost|p1b: Flutter Mane|atk|1\n|-enditem|p2b: Flutter Mane|Booster Energy\n|-activate|p2b: Flutter Mane|ability: Protosynthesis|[fromitem]\n|-start|p2b: Flutter Mane|protosynthesisspe\n|-enditem|p1b: Flutter Mane|Booster Energy\n|-activate|p1b: Flutter Mane|ability: Protosynthesis|[fromitem]\n|-start|p1b: Flutter Mane|protosynthesisspe\n|turn|1\n|\n|t:|1700500674\n|move|p1b: Flutter Mane|Protect|p1b: Flutter Mane\n|-singleturn|p1b: Flutter Mane|Protect\n|move|p1a: Ogerpon|Spiky Shield|p1a: Ogerpon\n|-singleturn|p1a: Ogerpon|move: Protect\n|move|p2b: Flutter Mane|Shadow Ball|p1b: Flutter Mane\n|-activate|p1b: Flutter Mane|move: Protect\n|move|p2a: Landorus|U-turn|p1b: Flutter Mane\n|-activate|p1b: Flutter Mane|move: Protect\n|\n|upkeep\n|turn|2\n|\n|t:|1700500687\n|move|p1a: Ogerpon|Follow Me|p1a: Ogerpon\n|-singleturn|p1a: Ogerpon|move: Follow Me\n|move|p2b: Flutter Mane|Moonblast|p1a: Ogerpon\n|-damage|p1a: Ogerpon|58\/100\n|-unboost|p1a: Ogerpon|spa|1\n|move|p1b: Flutter Mane|Shadow Ball|p2b: Flutter Mane\n|-supereffective|p2b: Flutter Mane\n|-damage|p2b: Flutter Mane|7\/100\n|move|p2a: Landorus|U-turn|p1a: Ogerpon\n|-supereffective|p1a: Ogerpon\n|-damage|p1a: Ogerpon|3\/100\n|\n|t:|1700500697\n|switch|p2a: Iron Hands|Iron Hands, L50|100\/100|[from] U-turn\n|\n|upkeep\n|turn|3\n|\n|t:|1700500703\n|move|p2b: Flutter Mane|Protect|p2b: Flutter Mane\n|-singleturn|p2b: Flutter Mane|Protect\n|move|p1b: Flutter Mane|Protect|p1b: Flutter Mane\n|-singleturn|p1b: Flutter Mane|Protect\n|move|p1a: Ogerpon|Spiky Shield|p1a: Ogerpon\n|-singleturn|p1a: Ogerpon|move: Protect\n|move|p2a: Iron Hands|Heavy Slam|p1b: Flutter Mane\n|-activate|p1b: Flutter Mane|move: Protect\n|\n|upkeep\n|turn|4\n|\n|t:|1700500714\n|move|p1a: Ogerpon|Follow Me|p1a: Ogerpon\n|-singleturn|p1a: Ogerpon|move: Follow Me\n|move|p2b: Flutter Mane|Icy Wind|p1a: Ogerpon|[spread] p1a,p1b\n|-damage|p1a: Ogerpon|0 fnt\n|-damage|p1b: Flutter Mane|87\/100\n|-unboost|p1b: Flutter Mane|spe|1\n|faint|p1a: Ogerpon\n|move|p1b: Flutter Mane|Icy Wind|p2a: Iron Hands|[spread] p2a,p2b\n|-crit|p2b: Flutter Mane\n|-damage|p2a: Iron Hands|94\/100\n|-damage|p2b: Flutter Mane|0 fnt\n|-unboost|p2a: Iron Hands|spe|1\n|faint|p2b: Flutter Mane\n|-end|p2b: Flutter Mane|Protosynthesis|[silent]\n|move|p2a: Iron Hands|Heavy Slam|p1b: Flutter Mane\n|-supereffective|p1b: Flutter Mane\n|-damage|p1b: Flutter Mane|0 fnt\n|faint|p1b: Flutter Mane\n|-end|p1b: Flutter Mane|Protosynthesis|[silent]\n|\n|upkeep\n|\n|t:|1700500718\n|switch|p2b: Landorus|Landorus-Therian, L50, M|100\/100\n|switch|p1b: Kingambit|Kingambit, L50, M, shiny|100\/100\n|switch|p1a: Arcanine|Arcanine-Hisui, L50, M, shiny|100\/100\n|-ability|p2b: Landorus|Intimidate|boost\n|-unboost|p1a: Arcanine|atk|1\n|-unboost|p1b: Kingambit|atk|1\n|-ability|p1b: Kingambit|Defiant|boost\n|-boost|p1b: Kingambit|atk|2\n|-ability|p1a: Arcanine|Intimidate|boost\n|-unboost|p2a: Iron Hands|atk|1\n|-unboost|p2b: Landorus|atk|1\n|turn|5\n|\n|t:|1700500740\n|-terastallize|p1b: Kingambit|Poison\n|move|p1a: Arcanine|Extreme Speed|p2b: Landorus\n|-damage|p2b: Landorus|70\/100\n|move|p1b: Kingambit|Sucker Punch|p2b: Landorus\n|-damage|p2b: Landorus|0 fnt\n|faint|p2b: Landorus\n|move|p2a: Iron Hands|Drain Punch|p1a: Arcanine\n|-supereffective|p1a: Arcanine\n|-damage|p1a: Arcanine|39\/100\n|-heal|p2a: Iron Hands|100\/100|[from] drain|[of] p1a: Arcanine\n|\n|upkeep\n|\n|t:|1700500746\n|switch|p2b: Sinistcha|Sinistcha, L50|100\/100\n|turn|6\n|\n|t:|1700500758\n|-terastallize|p2b: Sinistcha|Fairy\n|move|p1a: Arcanine|Extreme Speed|p2a: Iron Hands\n|-damage|p2a: Iron Hands|80\/100\n|move|p1b: Kingambit|Swords Dance|p1b: Kingambit\n|-boost|p1b: Kingambit|atk|2\n|move|p2a: Iron Hands|Drain Punch|p1a: Arcanine\n|-supereffective|p1a: Arcanine\n|-damage|p1a: Arcanine|0 fnt\n|-heal|p2a: Iron Hands|95\/100|[from] drain|[of] p1a: Arcanine\n|faint|p1a: Arcanine\n|move|p2b: Sinistcha|Trick Room|p2b: Sinistcha\n|-fieldstart|move: Trick Room|[of] p2b: Sinistcha\n|\n|upkeep\n|turn|7\n|\n|t:|1700500768\n|move|p1b: Kingambit|Protect|p1b: Kingambit\n|-singleturn|p1b: Kingambit|Protect\n|move|p2a: Iron Hands|Wild Charge|p1b: Kingambit\n|-activate|p1b: Kingambit|move: Protect\n|move|p2b: Sinistcha|Matcha Gotcha|p1b: Kingambit\n|-activate|p1b: Kingambit|move: Protect\n|\n|upkeep\n|turn|8\n|\n|t:|1700500779\n|move|p2a: Iron Hands|Wild Charge|p1b: Kingambit\n|-damage|p1b: Kingambit|76\/100\n|-damage|p2a: Iron Hands|90\/100|[from] Recoil\n|move|p1b: Kingambit|Kowtow Cleave|p2a: Iron Hands\n|-resisted|p2a: Iron Hands\n|-damage|p2a: Iron Hands|38\/100\n|move|p2b: Sinistcha|Matcha Gotcha|p1b: Kingambit|[miss]\n|-miss|p2b: Sinistcha|p1b: Kingambit\n|\n|upkeep\n|turn|9\n|\n|t:|1700500789\n|move|p1b: Kingambit|Protect|p1b: Kingambit\n|-singleturn|p1b: Kingambit|Protect\n|move|p2b: Sinistcha|Rage Powder|p2b: Sinistcha\n|-singleturn|p2b: Sinistcha|move: Rage Powder\n|move|p2a: Iron Hands|Wild Charge|p1b: Kingambit\n|-activate|p1b: Kingambit|move: Protect\n|\n|upkeep\n|turn|10\n|\n|t:|1700500795\n|move|p2a: Iron Hands|Wild Charge|p1b: Kingambit\n|-damage|p1b: Kingambit|49\/100\n|-damage|p2a: Iron Hands|32\/100|[from] Recoil\n|move|p1b: Kingambit|Kowtow Cleave|p2a: Iron Hands\n|-resisted|p2a: Iron Hands\n|-damage|p2a: Iron Hands|0 fnt\n|faint|p2a: Iron Hands\n|-end|p2a: Iron Hands|Quark Drive|[silent]\n|move|p2b: Sinistcha|Matcha Gotcha|p1b: Kingambit\n|-resisted|p1b: Kingambit\n|-damage|p1b: Kingambit|35\/100\n|\n|-fieldend|move: Trick Room\n|upkeep\n|turn|11\n|j| ziloXX\n|\n|t:|1700500803\n|move|p2b: Sinistcha|Matcha Gotcha|p1b: Kingambit\n|-resisted|p1b: Kingambit\n|-damage|p1b: Kingambit|18\/100\n|move|p1b: Kingambit|Kowtow Cleave|p2b: Sinistcha\n|-resisted|p2b: Sinistcha\n|-damage|p2b: Sinistcha|49\/100\n|-damage|p1b: Kingambit|1\/100|[from] item: Rocky Helmet|[of] p2b: Sinistcha\n|\n|upkeep\n|turn|12\n|\n|t:|1700500814\n|move|p1b: Kingambit|Sucker Punch||[still]\n|-fail|p1b: Kingambit\n|move|p2b: Sinistcha|Strength Sap|p1b: Kingambit\n|-unboost|p1b: Kingambit|atk|1\n|-ability|p1b: Kingambit|Defiant|boost\n|-boost|p1b: Kingambit|atk|2\n|-heal|p2b: Sinistcha|100\/100\n|\n|upkeep\n|turn|13\n|\n|t:|1700500821\n|move|p1b: Kingambit|Sucker Punch|p2b: Sinistcha\n|-resisted|p2b: Sinistcha\n|-damage|p2b: Sinistcha|48\/100\n|-damage|p1b: Kingambit|0 fnt|[from] item: Rocky Helmet|[of] p2b: Sinistcha\n|faint|p1b: Kingambit\n|\n|win|Bellakath\n|c|\u2606Bellakath|gg\n|c|\u2606ItsYaBoiGuz|gg\n|c|&|\/uhtml prompt-itsyaboiguz,ItsYaBoiGuz is ready for game 3!\n|c|&|\/uhtml prompt-bellakath,Bellakath is ready for game 3!\nBoth players are ready! Starting next match!\n|j| Jeidel\n|l| Jeidel\n","uploadtime":1700501102,"views":19,"p1id":"itsyaboiguz","p2id":"bellakath","formatid":"gen9vgc2023regulatione","rating":0,"private":0,"password":""}