{"id":"gen9vgc2023regulatione-2000678808","p1":"Eleisson4","p2":"Natrox1998","format":"[Gen 9] VGC 2023 Regulation E","log":"|j|\u2606Eleisson4\n|j|\u2606Natrox1998\n|n|\u2606Eleisson4|eleisson4\n|n|\u2606Natrox1998|natrox1998\n|html|View the match progress at <a href=\"\/game-bestof3-gen9vgc2023regulatione-2000678807\">game-bestof3-gen9vgc2023regulatione-2000678807<\/a>\n|t:|1701217863\n|gametype|doubles\n|player|p1|Eleisson4|170|\n|player|p2|Natrox1998|giovanni|\n|teamsize|p1|6\n|teamsize|p2|6\n|gen|9\n|tier|[Gen 9] VGC 2023 Regulation E\n|rule|Species Clause: Limit one of each Pok\u00e9mon\n|rule|Item Clause: Limit one of each item\n|clearpoke\n|poke|p1|Iron Hands, L50|\n|poke|p1|Amoonguss, L50, F|\n|poke|p1|Chien-Pao, L50|\n|poke|p1|Arcanine-Hisui, L50, F|\n|poke|p1|Urshifu-*, L50, F|\n|poke|p1|Landorus-Therian, L50, M|\n|poke|p2|Urshifu-*, L50, M|\n|poke|p2|Gholdengo, L50|\n|poke|p2|Rillaboom, L50, F|\n|poke|p2|Tornadus, L50, M|\n|poke|p2|Arcanine-Hisui, L50, M|\n|poke|p2|Flutter Mane, L50|\n|teampreview|4\nNatrox1998 has agreed to open team sheets.\n|inactive|Battle timer is ON: inactive players will automatically lose when time's up. (requested by Natrox1998)\nEleisson4 has agreed to open team sheets.\n|showteam|p1|Iron Hands||BoosterEnergy|QuarkDrive|SwordsDance,IcePunch,WildCharge,DrainPunch||||||50|,,,,,Ground]Amoonguss||AguavBerry|Regenerator|Spore,RagePowder,PollenPuff,ClearSmog|||F|||50|,,,,,Water]Chien-Pao||FocusSash|SwordofRuin|IceSpinner,SuckerPunch,PsychicFangs,Protect||||||50|,,,,,Ghost]Arcanine-Hisui||SitrusBerry|Intimidate|FlareBlitz,ExtremeSpeed,ThunderFang,RockSlide|||F|||50|,,,,,Grass]Urshifu-Rapid-Strike||MysticWater|UnseenFist|CloseCombat,Taunt,SurgingStrikes,Protect|||F|||50|,,,,,Water]Landorus-Therian||ChoiceScarf|Intimidate|Fissure,TeraBlast,RockSlide,Uturn|||M|||50|,,,,,Normal\n|showteam|p2|Urshifu||FocusSash|UnseenFist|CloseCombat,WickedBlow,SuckerPunch,Protect|||M|||50|,,,,,Dark]Gholdengo||Leftovers|GoodasGold|MakeItRain,ShadowBall,NastyPlot,Protect||||||50|,,,,,Dragon]Rillaboom||AssaultVest|GrassySurge|FakeOut,GrassyGlide,WoodHammer,Uturn|||F|||50|,,,,,Fire]Tornadus||CovertCloak|Prankster|Tailwind,RainDance,Taunt,BleakwindStorm|||M|||50|,,,,,Dark]Arcanine-Hisui||ChoiceBand|Intimidate|RockSlide,FlareBlitz,TeraBlast,ExtremeSpeed|||M|||50|,,,,,Fairy]Flutter Mane||BoosterEnergy|Protosynthesis|DazzlingGleam,Moonblast,ShadowBall,Protect||||||50|,,,,,Fairy\n|inactive|Natrox1998 has 30 seconds left.\n|inactive|Natrox1998 has 20 seconds left.\n|inactive|Natrox1998 has 15 seconds left.\n|inactive|Natrox1998 has 10 seconds left.\n|\n|t:|1701217949\n|start\n|switch|p1a: Iron Hands|Iron Hands, L50, shiny|100\/100\n|switch|p1b: Arcanine|Arcanine-Hisui, L50, F|100\/100\n|switch|p2a: Telameneo|Flutter Mane, L50|100\/100\n|switch|p2b: Lakitus|Tornadus, L50, M|100\/100\n|-ability|p1b: Arcanine|Intimidate|boost\n|-unboost|p2a: Telameneo|atk|1\n|-unboost|p2b: Lakitus|atk|1\n|-enditem|p2a: Telameneo|Booster Energy\n|-activate|p2a: Telameneo|ability: Protosynthesis|[fromitem]\n|-start|p2a: Telameneo|protosynthesisspa\n|-enditem|p1a: Iron Hands|Booster Energy\n|-activate|p1a: Iron Hands|ability: Quark Drive|[fromitem]\n|-start|p1a: Iron Hands|quarkdriveatk\n|turn|1\n|inactive|Eleisson4 has 30 seconds left.\n|inactive|Natrox1998 has 30 seconds left.\n|\n|t:|1701217979\n|switch|p2b: Arcanine|Arcanine-Hisui, L50, M|100\/100\n|-ability|p2b: Arcanine|Intimidate|boost\n|-unboost|p1a: Iron Hands|atk|1\n|-unboost|p1b: Arcanine|atk|1\n|-end|p1a: Iron Hands|Quark Drive|[silent]\n|switch|p1a: Amoonguss|Amoonguss, L50, F, shiny|100\/100\n|move|p2a: Telameneo|Moonblast|p1a: Amoonguss\n|-resisted|p1a: Amoonguss\n|-damage|p1a: Amoonguss|69\/100\n|-unboost|p1a: Amoonguss|spa|1\n|move|p1b: Arcanine|Rock Slide|p2b: Arcanine|[spread] p2a,p2b\n|-supereffective|p2b: Arcanine\n|-damage|p2a: Telameneo|61\/100\n|-damage|p2b: Arcanine|50\/100\n|\n|upkeep\n|turn|2\n|inactive|Eleisson4 has 30 seconds left.\n|inactive|Natrox1998 has 30 seconds left.\n|inactive|Natrox1998 has 20 seconds left.\n|inactive|Natrox1998 has 15 seconds left.\n|inactive|Natrox1998 has 10 seconds left.\n|inactive|Natrox1998 has 5 seconds left.\n|\n|t:|1701218029\n|switch|p1a: Landorus|Landorus-Therian, L50, M|100\/100\n|-ability|p1a: Landorus|Intimidate|boost\n|-unboost|p2a: Telameneo|atk|1\n|-unboost|p2b: Arcanine|atk|1\n|move|p2a: Telameneo|Protect|p2a: Telameneo\n|-singleturn|p2a: Telameneo|Protect\n|move|p2b: Arcanine|Flare Blitz|p1a: Landorus\n|-damage|p1a: Landorus|27\/100\n|-damage|p2b: Arcanine|26\/100|[from] Recoil\n|move|p1b: Arcanine|Rock Slide|p2a: Telameneo|[spread] \n|-activate|p2a: Telameneo|move: Protect\n|-miss|p1b: Arcanine|p2b: Arcanine\n|\n|upkeep\n|turn|3\n|inactive|Natrox1998 has 30 seconds left.\n|inactive|Natrox1998 has 20 seconds left.\n|inactive|Natrox1998 has 15 seconds left.\n|\n|t:|1701218072\n|-end|p2a: Telameneo|Protosynthesis|[silent]\n|switch|p2a: Lakitus|Tornadus, L50, M|100\/100\n|move|p1a: Landorus|U-turn|p2a: Lakitus\n|-resisted|p2a: Lakitus\n|-damage|p2a: Lakitus|86\/100\n|\n|t:|1701218080\n|switch|p1a: Iron Hands|Iron Hands, L50, shiny|100\/100|[from] U-turn\n|move|p1b: Arcanine|Rock Slide|p2b: Arcanine|[spread] p2b\n|-miss|p1b: Arcanine|p2a: Lakitus\n|-supereffective|p2b: Arcanine\n|-damage|p2b: Arcanine|0 fnt\n|faint|p2b: Arcanine\n|\n|upkeep\n|\n|t:|1701218088\n|switch|p2b: Telameneo|Flutter Mane, L50|61\/100\n|turn|4\n|inactive|Eleisson4 has 30 seconds left.\n|\n|t:|1701218116\n|-end|p1a: Iron Hands|Quark Drive|[silent]\n|switch|p1a: Landorus|Landorus-Therian, L50, M|27\/100\n|-ability|p1a: Landorus|Intimidate|boost\n|-unboost|p2a: Lakitus|atk|1\n|-unboost|p2b: Telameneo|atk|1\n|move|p2a: Lakitus|Tailwind|p2a: Lakitus\n|-sidestart|p2: Natrox1998|move: Tailwind\n|move|p2b: Telameneo|Shadow Ball|p1b: Arcanine\n|-damage|p1b: Arcanine|44\/100\n|-unboost|p1b: Arcanine|spd|1\n|-enditem|p1b: Arcanine|Sitrus Berry|[eat]\n|-heal|p1b: Arcanine|69\/100|[from] item: Sitrus Berry\n|move|p1b: Arcanine|Rock Slide|p2b: Telameneo|[spread] p2a,p2b\n|-supereffective|p2a: Lakitus\n|-crit|p2b: Telameneo\n|-damage|p2a: Lakitus|47\/100\n|-damage|p2b: Telameneo|0 fnt\n|faint|p2b: Telameneo\n|-end|p2b: Telameneo|Protosynthesis|[silent]\n|\n|upkeep\n|\n|t:|1701218131\n|switch|p2b: Urshifu|Urshifu, L50, M|100\/100\n|turn|5\n|inactive|Eleisson4 has 30 seconds left.\n|inactive|Natrox1998 has 30 seconds left.\n|inactive|Eleisson4 has 20 seconds left.\n|inactive|Natrox1998 has 20 seconds left.\n|inactive|Eleisson4 has 15 seconds left.\n|\n|t:|1701218173\n|-terastallize|p2b: Urshifu|Dark\n|move|p2a: Lakitus|Bleakwind Storm|p1b: Arcanine|[spread] \n|-miss|p2a: Lakitus|p1a: Landorus\n|-miss|p2a: Lakitus|p1b: Arcanine\n|move|p2b: Urshifu|Wicked Blow|p1a: Landorus\n|-crit|p1a: Landorus\n|-damage|p1a: Landorus|0 fnt\n|faint|p1a: Landorus\n|move|p1b: Arcanine|Rock Slide|p2a: Lakitus|[spread] p2a\n|-miss|p1b: Arcanine|p2b: Urshifu\n|-supereffective|p2a: Lakitus\n|-damage|p2a: Lakitus|8\/100\n|\n|upkeep\n|\n|t:|1701218192\n|switch|p1a: Amoonguss|Amoonguss, L50, F, shiny|100\/100\n|turn|6\n|inactive|Natrox1998 has 30 seconds left.\n|inactive|Natrox1998 has 20 seconds left.\n|inactive|Natrox1998 has 15 seconds left.\n|\n|t:|1701218235\n|move|p1b: Arcanine|Extreme Speed|p2a: Lakitus\n|-damage|p2a: Lakitus|0 fnt\n|faint|p2a: Lakitus\n|move|p2b: Urshifu|Wicked Blow|p1a: Amoonguss\n|-crit|p1a: Amoonguss\n|-damage|p1a: Amoonguss|29\/100\n|move|p1a: Amoonguss|Spore|p2b: Urshifu\n|-status|p2b: Urshifu|slp|[from] move: Spore\n|\n|upkeep\n|turn|7\n|\n|t:|1701218253\n|cant|p2b: Urshifu|slp\n|move|p1b: Arcanine|Flare Blitz|p2b: Urshifu\n|-damage|p2b: Urshifu|59\/100 slp\n|-damage|p1b: Arcanine|55\/100|[from] Recoil\n|move|p1a: Amoonguss|Pollen Puff|p1b: Arcanine\n|-heal|p1b: Arcanine|100\/100\n|\n|-sideend|p2: Natrox1998|move: Tailwind\n|upkeep\n|turn|8\n|\n|t:|1701218274\n|move|p1b: Arcanine|Flare Blitz|p2b: Urshifu\n|-damage|p2b: Urshifu|22\/100 slp\n|-damage|p1b: Arcanine|88\/100|[from] Recoil\n|cant|p2b: Urshifu|slp\n|move|p1a: Amoonguss|Pollen Puff|p1b: Arcanine\n|-heal|p1b: Arcanine|100\/100\n|\n|upkeep\n|turn|9\n|\n|t:|1701218285\n|move|p1a: Amoonguss|Rage Powder|p1a: Amoonguss\n|-singleturn|p1a: Amoonguss|move: Rage Powder\n|cant|p2b: Urshifu|slp\n|move|p1b: Arcanine|Flare Blitz|p2b: Urshifu\n|-damage|p2b: Urshifu|0 fnt\n|faint|p2b: Urshifu\n|-damage|p1b: Arcanine|93\/100|[from] Recoil\n|\n|win|Eleisson4\n|c|&|\/uhtml prompt-natrox1998,Natrox1998 is ready for game 2!\n|inactive|Eleisson4 has 50 seconds to confirm battle start!\n|c|&|\/uhtml prompt-eleisson4,Eleisson4 is ready for game 2!\nBoth players are ready! Starting next match!\n|l|\u2606Natrox1998\n","uploadtime":1701218711,"views":0,"p1id":"eleisson4","p2id":"natrox1998","formatid":"gen9vgc2023regulatione","rating":0,"private":0,"password":""}