{"id":"gen9vgc2023regulatione-1998904866","p1":"alcachofa1490","p2":"fsd879fsdfsd","format":"[Gen 9] VGC 2023 Regulation E","log":"|j|\u2606alcachofa1490\n|j|\u2606fsd879fsdfsd\n|t:|1701011221\n|gametype|doubles\n|player|p1|alcachofa1490|byron|1178\n|player|p2|fsd879fsdfsd|pokemaniac|1079\n|teamsize|p1|6\n|teamsize|p2|6\n|gen|9\n|tier|[Gen 9] VGC 2023 Regulation E\n|rated|\n|rule|Species Clause: Limit one of each Pok\u00e9mon\n|rule|Item Clause: Limit one of each item\n|clearpoke\n|poke|p1|Chien-Pao, L50|\n|poke|p1|Arcanine-Hisui, L50, F|\n|poke|p1|Iron Hands, L50|\n|poke|p1|Amoonguss, L50, M|\n|poke|p1|Cetitan, L50, F|\n|poke|p1|Abomasnow, L50, M|\n|poke|p2|Tornadus, L50, M|\n|poke|p2|Urshifu-*, L50, F|\n|poke|p2|Gholdengo, L50|\n|poke|p2|Arcanine-Hisui, L50, F|\n|poke|p2|Rillaboom, L50, M|\n|poke|p2|Amoonguss, L50, F|\n|teampreview|4\n|inactive|Battle timer is ON: inactive players will automatically lose when time's up. (requested by alcachofa1490)\nfsd879fsdfsd rejected open team sheets.\n|inactive|alcachofa1490 has 60 seconds left.\n|inactive|fsd879fsdfsd has 60 seconds left.\n|\n|t:|1701011265\n|start\n|switch|p1a: Iron Hands|Iron Hands, L50|100\/100\n|switch|p1b: Arcanine|Arcanine-Hisui, L50, F|100\/100\n|switch|p2a: Tornadus|Tornadus, L50, M|100\/100\n|switch|p2b: Gholdengo|Gholdengo, L50|100\/100\n|-ability|p1b: Arcanine|Intimidate|boost\n|-unboost|p2a: Tornadus|atk|1\n|-unboost|p2b: Gholdengo|atk|1\n|turn|1\n|\n|t:|1701011279\n|-terastallize|p2b: Gholdengo|Dragon\n|move|p1b: Arcanine|Flare Blitz|p2b: Gholdengo\n|-resisted|p2b: Gholdengo\n|-damage|p2b: Gholdengo|71\/100\n|-damage|p1b: Arcanine|89\/100|[from] Recoil\n|move|p2a: Tornadus|Bleakwind Storm|p1a: Iron Hands|[spread] p1b\n|-miss|p2a: Tornadus|p1a: Iron Hands\n|-resisted|p1b: Arcanine\n|-damage|p1b: Arcanine|71\/100\n|-unboost|p1b: Arcanine|spe|1\n|move|p2b: Gholdengo|Nasty Plot|p2b: Gholdengo\n|-boost|p2b: Gholdengo|spa|2\n|move|p1a: Iron Hands|Wild Charge|p2a: Tornadus\n|-supereffective|p2a: Tornadus\n|-damage|p2a: Tornadus|0 fnt\n|faint|p2a: Tornadus\n|-damage|p1a: Iron Hands|84\/100|[from] Recoil\n|\n|-heal|p2b: Gholdengo|76\/100|[from] item: Leftovers\n|upkeep\n|\n|t:|1701011298\n|switch|p2a: Urshifu|Urshifu-Rapid-Strike, L50, F|100\/100\n|turn|2\n|\n|t:|1701011306\n|switch|p1b: Amoonguss|Amoonguss, L50, M|100\/100\n|move|p2a: Urshifu|Surging Strikes|p1a: Iron Hands\n|-crit|p1a: Iron Hands\n|-damage|p1a: Iron Hands|72\/100\n|-crit|p1a: Iron Hands\n|-damage|p1a: Iron Hands|59\/100\n|-crit|p1a: Iron Hands\n|-damage|p1a: Iron Hands|46\/100\n|-hitcount|p1a: Iron Hands|3\n|move|p2b: Gholdengo|Shadow Ball|p1a: Iron Hands\n|-damage|p1a: Iron Hands|0 fnt\n|faint|p1a: Iron Hands\n|-end|p1a: Iron Hands|Quark Drive|[silent]\n|\n|-heal|p2b: Gholdengo|82\/100|[from] item: Leftovers\n|upkeep\n|\n|t:|1701011324\n|switch|p1a: Chien-Pao|Chien-Pao, L50|100\/100\n|-ability|p1a: Chien-Pao|Sword of Ruin\n|turn|3\n|\n|t:|1701011340\n|-terastallize|p1a: Chien-Pao|Ghost\n|move|p1b: Amoonguss|Rage Powder|p1b: Amoonguss\n|-singleturn|p1b: Amoonguss|move: Rage Powder\n|move|p2a: Urshifu|Surging Strikes|p1b: Amoonguss\n|-resisted|p1b: Amoonguss\n|-crit|p1b: Amoonguss\n|-damage|p1b: Amoonguss|90\/100\n|-damage|p2a: Urshifu|84\/100|[from] item: Rocky Helmet|[of] p1b: Amoonguss\n|-resisted|p1b: Amoonguss\n|-crit|p1b: Amoonguss\n|-damage|p1b: Amoonguss|79\/100\n|-damage|p2a: Urshifu|68\/100|[from] item: Rocky Helmet|[of] p1b: Amoonguss\n|-resisted|p1b: Amoonguss\n|-crit|p1b: Amoonguss\n|-damage|p1b: Amoonguss|69\/100\n|-damage|p2a: Urshifu|52\/100|[from] item: Rocky Helmet|[of] p1b: Amoonguss\n|-hitcount|p1b: Amoonguss|3\n|move|p1a: Chien-Pao|Ice Spinner|p2b: Gholdengo\n|-supereffective|p2b: Gholdengo\n|-damage|p2b: Gholdengo|0 fnt\n|faint|p2b: Gholdengo\n|\n|upkeep\n|inactive|fsd879fsdfsd has 30 seconds left.\n|\n|t:|1701011369\n|switch|p2b: Rillaboom|Rillaboom, L50, M|100\/100\n|-fieldstart|move: Grassy Terrain|[from] ability: Grassy Surge|[of] p2b: Rillaboom\n|turn|4\n|inactive|alcachofa1490 has 30 seconds left.\n|\n|t:|1701011399\n|switch|p1a: Arcanine|Arcanine-Hisui, L50, F|71\/100\n|-ability|p1a: Arcanine|Intimidate|boost\n|-unboost|p2a: Urshifu|atk|1\n|-unboost|p2b: Rillaboom|atk|1\n|move|p1b: Amoonguss|Rage Powder|p1b: Amoonguss\n|-singleturn|p1b: Amoonguss|move: Rage Powder\n|move|p2b: Rillaboom|Grassy Glide|p1a: Arcanine\n|-damage|p1a: Arcanine|39\/100\n|move|p2a: Urshifu|Surging Strikes|p1b: Amoonguss\n|-resisted|p1b: Amoonguss\n|-crit|p1b: Amoonguss\n|-damage|p1b: Amoonguss|61\/100\n|-damage|p2a: Urshifu|36\/100|[from] item: Rocky Helmet|[of] p1b: Amoonguss\n|-resisted|p1b: Amoonguss\n|-crit|p1b: Amoonguss\n|-damage|p1b: Amoonguss|53\/100\n|-damage|p2a: Urshifu|19\/100|[from] item: Rocky Helmet|[of] p1b: Amoonguss\n|-resisted|p1b: Amoonguss\n|-crit|p1b: Amoonguss\n|-damage|p1b: Amoonguss|45\/100\n|-damage|p2a: Urshifu|3\/100|[from] item: Rocky Helmet|[of] p1b: Amoonguss\n|-hitcount|p1b: Amoonguss|3\n|\n|-heal|p2a: Urshifu|9\/100|[from] Grassy Terrain\n|-heal|p1a: Arcanine|45\/100|[from] Grassy Terrain\n|-heal|p1b: Amoonguss|51\/100|[from] Grassy Terrain\n|upkeep\n|turn|5\n|inactive|fsd879fsdfsd has 30 seconds left.\n|\n|t:|1701011431\n|move|p1a: Arcanine|Extreme Speed|p2a: Urshifu\n|-crit|p2a: Urshifu\n|-damage|p2a: Urshifu|0 fnt\n|faint|p2a: Urshifu\n|move|p2b: Rillaboom|Grassy Glide|p1a: Arcanine\n|-damage|p1a: Arcanine|15\/100\n|move|p1b: Amoonguss|Pollen Puff|p1a: Arcanine\n|-heal|p1a: Arcanine|65\/100\n|\n|-heal|p1a: Arcanine|71\/100|[from] Grassy Terrain\n|-heal|p1b: Amoonguss|57\/100|[from] Grassy Terrain\n|upkeep\n|turn|6\n|\n|t:|1701011445\n|switch|p1b: Chien-Pao|Chien-Pao, L50, tera:Ghost|100\/100\n|-ability|p1b: Chien-Pao|Sword of Ruin\n|move|p1a: Arcanine|Extreme Speed|p2b: Rillaboom\n|-damage|p2b: Rillaboom|67\/100\n|move|p2b: Rillaboom|Grassy Glide|p1a: Arcanine\n|-damage|p1a: Arcanine|32\/100\n|\n|-heal|p1a: Arcanine|38\/100|[from] Grassy Terrain\n|-heal|p2b: Rillaboom|72\/100|[from] Grassy Terrain\n|upkeep\n|turn|7\n|\n|t:|1701011458\n|switch|p1a: Amoonguss|Amoonguss, L50, M|91\/100\n|move|p2b: Rillaboom|Grassy Glide|p1b: Chien-Pao\n|-damage|p1b: Chien-Pao|64\/100\n|move|p1b: Chien-Pao|Ice Spinner|p2b: Rillaboom\n|-supereffective|p2b: Rillaboom\n|-damage|p2b: Rillaboom|0 fnt\n|-fieldend|move: Grassy Terrain\n|faint|p2b: Rillaboom\n|\n|win|alcachofa1490\n|raw|alcachofa1490's rating: 1178 &rarr; <strong>1196<\/strong><br \/>(+18 for winning)\n|raw|fsd879fsdfsd's rating: 1079 &rarr; <strong>1063<\/strong><br \/>(-16 for losing)\n|l|\u2606alcachofa1490\n","uploadtime":1701011469,"views":3,"p1id":"alcachofa1490","p2id":"fsd879fsdfsd","formatid":"gen9vgc2023regulatione","rating":1063,"private":0,"password":""}