{"id":"gen9vgc2023regulatione-1998372514","p1":"ulomomu","p2":"Weezing & Yamper \u266b","format":"[Gen 9] VGC 2023 Regulation E","log":"|j|\u2606ulomomu\n|j|\u2606Weezing & Yamper \u266b\n|t:|1700935006\n|gametype|doubles\n|player|p1|ulomomu|juggler|1344\n|player|p2|Weezing & Yamper \u266b|102|1423\n|teamsize|p1|6\n|teamsize|p2|6\n|gen|9\n|tier|[Gen 9] VGC 2023 Regulation E\n|rated|\n|rule|Species Clause: Limit one of each Pok\u00e9mon\n|rule|Item Clause: Limit one of each item\n|clearpoke\n|poke|p1|Annihilape, L50, M|\n|poke|p1|Sinistcha, L50|\n|poke|p1|Sableye, L50, M|\n|poke|p1|Arcanine-Hisui, L50, F|\n|poke|p1|Moltres-Galar, L50|\n|poke|p1|Ursaluna-Bloodmoon, L50, M|\n|poke|p2|Dragonite, L50, M|\n|poke|p2|Chien-Pao, L50|\n|poke|p2|Empoleon, L50, M|\n|poke|p2|Landorus-Therian, L50, M|\n|poke|p2|Iron Hands, L50|\n|poke|p2|Ogerpon-Hearthflame, L50, F|\n|teampreview|4\n|j| Giessenburg\nulomomu rejected open team sheets.\n|inactive|Battle timer is ON: inactive players will automatically lose when time's up. (requested by ulomomu)\n|\n|t:|1700935054\n|start\n|switch|p1a: Sableye|Sableye, L50, M|100\/100\n|switch|p1b: Annihilape|Annihilape, L50, M|100\/100\n|switch|p2a: Landorus|Landorus-Therian, L50, M|100\/100\n|switch|p2b: Dragonite|Dragonite, L50, M|100\/100\n|-ability|p2a: Landorus|Intimidate|boost\n|-unboost|p1a: Sableye|atk|1\n|-unboost|p1b: Annihilape|atk|1\n|-ability|p1b: Annihilape|Defiant|boost\n|-boost|p1b: Annihilape|atk|2\n|turn|1\n|c|\u2606Weezing & Yamper \u266b|le bogdan\n|inactive|ulomomu has 30 seconds left.\n|inactive|Weezing & Yamper \u266b has 30 seconds left.\n|\n|t:|1700935082\n|switch|p2a: Chien-Pao|Chien-Pao, L50|100\/100\n|-ability|p2a: Chien-Pao|Sword of Ruin\n|move|p1b: Annihilape|Protect|p1b: Annihilape\n|-singleturn|p1b: Annihilape|Protect\n|move|p1a: Sableye|Will-O-Wisp|p2b: Dragonite\n|-status|p2b: Dragonite|brn\n|move|p2b: Dragonite|Aerial Ace|p1b: Annihilape\n|-activate|p1b: Annihilape|move: Protect\n|\n|-damage|p2b: Dragonite|95\/100 brn|[from] brn\n|upkeep\n|turn|2\n|inactive|ulomomu has 30 seconds left.\n|inactive|ulomomu has 20 seconds left.\n|\n|t:|1700935120\n|switch|p1a: Arcanine|Arcanine-Hisui, L50, F|100\/100\n|-ability|p1a: Arcanine|Intimidate|boost\n|-unboost|p2a: Chien-Pao|atk|1\n|-unboost|p2b: Dragonite|atk|1\n|-terastallize|p1b: Annihilape|Fire\n|move|p2a: Chien-Pao|Protect|p2a: Chien-Pao\n|-singleturn|p2a: Chien-Pao|Protect\n|move|p2b: Dragonite|Aerial Ace|p1b: Annihilape\n|-damage|p1b: Annihilape|78\/100\n|move|p1b: Annihilape|Bulk Up|p1b: Annihilape\n|-boost|p1b: Annihilape|atk|1\n|-boost|p1b: Annihilape|def|1\n|\n|-damage|p2b: Dragonite|89\/100 brn|[from] brn\n|upkeep\n|turn|3\n|inactive|ulomomu has 30 seconds left.\n|\n|t:|1700935147\n|switch|p2a: Iron Hands|Iron Hands, L50|100\/100\n|move|p1a: Arcanine|Rock Slide|p2a: Iron Hands|[spread] p2a,p2b\n|-resisted|p2a: Iron Hands\n|-supereffective|p2b: Dragonite\n|-damage|p2a: Iron Hands|91\/100\n|-damage|p2b: Dragonite|29\/100 brn\n|move|p2b: Dragonite|Aerial Ace|p1b: Annihilape\n|-damage|p1b: Annihilape|67\/100\n|move|p1b: Annihilape|Drain Punch|p2a: Iron Hands\n|-damage|p2a: Iron Hands|43\/100\n|-heal|p1b: Annihilape|95\/100|[from] drain|[of] p2a: Iron Hands\n|\n|-damage|p2b: Dragonite|24\/100 brn|[from] brn\n|upkeep\n|turn|4\n|\n|t:|1700935167\n|switch|p1a: Sableye|Sableye, L50, M|100\/100\n|switch|p2b: Landorus|Landorus-Therian, L50, M|100\/100\n|-ability|p2b: Landorus|Intimidate|boost\n|-unboost|p1a: Sableye|atk|1\n|-unboost|p1b: Annihilape|atk|1\n|-ability|p1b: Annihilape|Defiant|boost\n|-boost|p1b: Annihilape|atk|2\n|move|p2a: Iron Hands|Fake Out|p1b: Annihilape\n|-damage|p1b: Annihilape|87\/100\n|cant|p1b: Annihilape|flinch\n|\n|upkeep\n|turn|5\n|\n|t:|1700935189\n|switch|p2b: Chien-Pao|Chien-Pao, L50|100\/100\n|-ability|p2b: Chien-Pao|Sword of Ruin\n|move|p1a: Sableye|Will-O-Wisp|p2b: Chien-Pao\n|-hint|Since gen 7, Dark is immune to Prankster moves.\n|-immune|p2b: Chien-Pao\n|move|p1b: Annihilape|Drain Punch|p2a: Iron Hands\n|-crit|p2a: Iron Hands\n|-damage|p2a: Iron Hands|0 fnt\n|-heal|p1b: Annihilape|100\/100|[from] drain|[of] p2a: Iron Hands\n|faint|p2a: Iron Hands\n|-end|p2a: Iron Hands|Quark Drive|[silent]\n|\n|upkeep\n|\n|t:|1700935198\n|switch|p2a: Landorus|Landorus-Therian, L50, M|100\/100\n|-ability|p2a: Landorus|Intimidate|boost\n|-unboost|p1a: Sableye|atk|1\n|-unboost|p1b: Annihilape|atk|1\n|-ability|p1b: Annihilape|Defiant|boost\n|-boost|p1b: Annihilape|atk|2\n|turn|6\n|-message|Weezing & Yamper \u266b forfeited.\n|\n|win|ulomomu\n|raw|ulomomu's rating: 1344 &rarr; <strong>1368<\/strong><br \/>(+24 for winning)\n|raw|Weezing &amp; Yamper \u266b's rating: 1423 &rarr; <strong>1399<\/strong><br \/>(-24 for losing)\n|l|\u2606Weezing & Yamper \u266b\n","uploadtime":1700935216,"views":1,"p1id":"ulomomu","p2id":"weezingyamper","formatid":"gen9vgc2023regulatione","rating":1368,"private":0,"password":""}