{"id":"gen9vgc2023regulatione-1995299640","p1":"haamgamer07","p2":"fluffydragon12","format":"[Gen 9] VGC 2023 Regulation E","log":"|j|\u2606haamgamer07\n|j|\u2606fluffydragon12\n|t:|1700549453\n|gametype|doubles\n|player|p1|haamgamer07|1|1142\n|player|p2|fluffydragon12|benga|1129\n|teamsize|p1|6\n|teamsize|p2|6\n|gen|9\n|tier|[Gen 9] VGC 2023 Regulation E\n|rated|\n|rule|Species Clause: Limit one of each Pok\u00e9mon\n|rule|Item Clause: Limit one of each item\n|clearpoke\n|poke|p1|Flutter Mane, L50|\n|poke|p1|Iron Hands, L50|\n|poke|p1|Ogerpon-Hearthflame, L50, F|\n|poke|p1|Cresselia, L50, F|\n|poke|p1|Ursaluna, L50, F|\n|poke|p1|Empoleon, L50, M|\n|poke|p2|Tyranitar, L50, F|\n|poke|p2|Arcanine-Hisui, L50, F|\n|poke|p2|Houndstone, L50, F|\n|poke|p2|Gastrodon, L50, F|\n|poke|p2|Rillaboom, L50, F|\n|poke|p2|Chien-Pao, L50|\n|teampreview|4\n|inactive|Battle timer is ON: inactive players will automatically lose when time's up. (requested by haamgamer07)\n|inactive|haamgamer07 has 60 seconds left.\n|inactive|haamgamer07 has 30 seconds left.\n|inactive|haamgamer07 has 20 seconds left.\n|inactive|haamgamer07 has 15 seconds left.\n|inactive|haamgamer07 has 10 seconds left.\n|\n|t:|1700549542\n|start\n|switch|p1a: Flutter Mane|Flutter Mane, L50|100\/100\n|switch|p1b: Ogerpon|Ogerpon-Hearthflame, L50, F|100\/100\n|switch|p2a: Tyranitar|Tyranitar, L50, F|100\/100\n|switch|p2b: Rillaboom|Rillaboom, L50, F|100\/100\n|-ability|p1b: Ogerpon|Mold Breaker\n|-fieldstart|move: Grassy Terrain|[from] ability: Grassy Surge|[of] p2b: Rillaboom\n|-weather|Sandstorm|[from] ability: Sand Stream|[of] p2a: Tyranitar\n|turn|1\n|inactive|haamgamer07 has 30 seconds left.\n|\n|t:|1700549568\n|-end|p1a: Flutter Mane|Protosynthesis|[silent]\n|switch|p1a: Iron Hands|Iron Hands, L50|100\/100\n|move|p1b: Ogerpon|Spiky Shield|p1b: Ogerpon\n|-singleturn|p1b: Ogerpon|move: Protect\n|move|p2b: Rillaboom|Grassy Glide|p1a: Iron Hands\n|-damage|p1a: Iron Hands|73\/100\n|move|p2a: Tyranitar|Rock Slide|p1b: Ogerpon|[spread] p1a\n|-activate|p1b: Ogerpon|move: Protect\n|-resisted|p1a: Iron Hands\n|-damage|p1a: Iron Hands|63\/100\n|\n|-weather|Sandstorm|[upkeep]\n|-damage|p1b: Ogerpon|94\/100|[from] Sandstorm\n|-damage|p2b: Rillaboom|95\/100|[from] Sandstorm\n|-damage|p1a: Iron Hands|57\/100|[from] Sandstorm\n|-heal|p1b: Ogerpon|100\/100|[from] Grassy Terrain\n|-heal|p2b: Rillaboom|100\/100|[from] Grassy Terrain\n|-heal|p1a: Iron Hands|63\/100|[from] Grassy Terrain\n|upkeep\n|turn|2\n|inactive|haamgamer07 has 30 seconds left.\n|\n|t:|1700549593\n|switch|p2b: Arcanine|Arcanine-Hisui, L50, F|100\/100\n|-ability|p2b: Arcanine|Intimidate|boost\n|-unboost|p1a: Iron Hands|atk|1\n|-unboost|p1b: Ogerpon|atk|1\n|move|p2a: Tyranitar|Protect|p2a: Tyranitar\n|-singleturn|p2a: Tyranitar|Protect\n|move|p1a: Iron Hands|Fake Out|p2a: Tyranitar\n|-activate|p2a: Tyranitar|move: Protect\n|move|p1b: Ogerpon|Ivy Cudgel|p2b: Arcanine|[anim] Ivy Cudgel Fire\n|-resisted|p2b: Arcanine\n|-damage|p2b: Arcanine|89\/100\n|\n|-weather|Sandstorm|[upkeep]\n|-damage|p1b: Ogerpon|94\/100|[from] Sandstorm\n|-damage|p1a: Iron Hands|57\/100|[from] Sandstorm\n|-heal|p1b: Ogerpon|100\/100|[from] Grassy Terrain\n|-heal|p2b: Arcanine|95\/100|[from] Grassy Terrain\n|-heal|p1a: Iron Hands|63\/100|[from] Grassy Terrain\n|upkeep\n|turn|3\n|inactive|haamgamer07 has 30 seconds left.\n|\n|t:|1700549622\n|move|p1b: Ogerpon|Follow Me|p1b: Ogerpon\n|-singleturn|p1b: Ogerpon|move: Follow Me\n|move|p2b: Arcanine|Flare Blitz|p1b: Ogerpon\n|-damage|p1b: Ogerpon|22\/100\n|-damage|p2b: Arcanine|69\/100|[from] Recoil\n|move|p2a: Tyranitar|Rock Slide|p1a: Iron Hands|[spread] p1a,p1b\n|-resisted|p1a: Iron Hands\n|-crit|p1a: Iron Hands\n|-supereffective|p1b: Ogerpon\n|-damage|p1a: Iron Hands|48\/100\n|-damage|p1b: Ogerpon|0 fnt\n|faint|p1b: Ogerpon\n|move|p1a: Iron Hands|Drain Punch|p2b: Arcanine\n|-supereffective|p2b: Arcanine\n|-damage|p2b: Arcanine|10\/100\n|-heal|p1a: Iron Hands|70\/100|[from] drain|[of] p2b: Arcanine\n|-enditem|p2b: Arcanine|Figy Berry|[eat]\n|-heal|p2b: Arcanine|43\/100|[from] item: Figy Berry\n|\n|-weather|Sandstorm|[upkeep]\n|-damage|p1a: Iron Hands|64\/100|[from] Sandstorm\n|-heal|p2b: Arcanine|49\/100|[from] Grassy Terrain\n|-heal|p1a: Iron Hands|70\/100|[from] Grassy Terrain\n|upkeep\n|\n|t:|1700549642\n|switch|p1b: Flutter Mane|Flutter Mane, L50|100\/100\n|turn|4\n|inactive|haamgamer07 has 30 seconds left.\n|\n|t:|1700549674\n|move|p2b: Arcanine|Will-O-Wisp|p1a: Iron Hands|[miss]\n|-miss|p2b: Arcanine|p1a: Iron Hands\n|move|p2a: Tyranitar|Knock Off|p1b: Flutter Mane\n|-enditem|p1b: Flutter Mane|Focus Sash\n|-damage|p1b: Flutter Mane|1\/100\n|move|p1a: Iron Hands|Volt Switch|p2b: Arcanine\n|-damage|p2b: Arcanine|38\/100\n|\n|t:|1700549682\n|-end|p1a: Iron Hands|Quark Drive|[silent]\n|switch|p1a: Ursaluna|Ursaluna, L50, F|100\/100|[from] Volt Switch\n|move|p1b: Flutter Mane|Trick Room|p1b: Flutter Mane\n|-fieldstart|move: Trick Room|[of] p1b: Flutter Mane\n|\n|-weather|Sandstorm|[upkeep]\n|-damage|p1b: Flutter Mane|0 fnt|[from] Sandstorm\n|faint|p1b: Flutter Mane\n|-end|p1b: Flutter Mane|Protosynthesis|[silent]\n|-heal|p2b: Arcanine|44\/100|[from] Grassy Terrain\n|-status|p1a: Ursaluna|brn|[from] item: Flame Orb\n|upkeep\n|\n|t:|1700549691\n|switch|p1b: Iron Hands|Iron Hands, L50|70\/100\n|turn|5\n|\n|t:|1700549708\n|move|p2a: Tyranitar|Protect|p2a: Tyranitar\n|-singleturn|p2a: Tyranitar|Protect\n|move|p2b: Arcanine|Protect|p2b: Arcanine\n|-singleturn|p2b: Arcanine|Protect\n|move|p1a: Ursaluna|Headlong Rush|p2a: Tyranitar\n|-activate|p2a: Tyranitar|move: Protect\n|move|p1b: Iron Hands|Drain Punch|p2b: Arcanine\n|-activate|p2b: Arcanine|move: Protect\n|\n|-weather|none\n|-heal|p1b: Iron Hands|76\/100|[from] Grassy Terrain\n|-heal|p2b: Arcanine|50\/100|[from] Grassy Terrain\n|-damage|p1a: Ursaluna|94\/100 brn|[from] brn\n|-fieldend|move: Grassy Terrain\n|upkeep\n|turn|6\n|inactive|haamgamer07 has 30 seconds left.\n|\n|t:|1700549735\n|switch|p2a: Rillaboom|Rillaboom, L50, F|100\/100\n|-fieldstart|move: Grassy Terrain|[from] ability: Grassy Surge|[of] p2a: Rillaboom\n|move|p1a: Ursaluna|Swords Dance|p1a: Ursaluna\n|-boost|p1a: Ursaluna|atk|2\n|move|p1b: Iron Hands|Drain Punch|p2b: Arcanine\n|-supereffective|p2b: Arcanine\n|-damage|p2b: Arcanine|0 fnt\n|-heal|p1b: Iron Hands|96\/100|[from] drain|[of] p2b: Arcanine\n|faint|p2b: Arcanine\n|\n|-heal|p1a: Ursaluna|100\/100 brn|[from] Grassy Terrain\n|-heal|p1b: Iron Hands|100\/100|[from] Grassy Terrain\n|-damage|p1a: Ursaluna|94\/100 brn|[from] brn\n|upkeep\n|\n|t:|1700549745\n|switch|p2b: Tyranitar|Tyranitar, L50, F|100\/100\n|-weather|Sandstorm|[from] ability: Sand Stream|[of] p2b: Tyranitar\n|turn|7\n|\n|t:|1700549769\n|move|p2b: Tyranitar|Protect|p2b: Tyranitar\n|-singleturn|p2b: Tyranitar|Protect\n|move|p2a: Rillaboom|Fake Out|p1a: Ursaluna\n|-damage|p1a: Ursaluna|82\/100 brn\n|cant|p1a: Ursaluna|flinch\n|move|p1b: Iron Hands|Drain Punch|p2a: Rillaboom\n|-damage|p2a: Rillaboom|63\/100\n|\n|-weather|Sandstorm|[upkeep]\n|-damage|p1b: Iron Hands|94\/100|[from] Sandstorm\n|-damage|p2a: Rillaboom|57\/100|[from] Sandstorm\n|-heal|p1a: Ursaluna|88\/100 brn|[from] Grassy Terrain\n|-heal|p1b: Iron Hands|100\/100|[from] Grassy Terrain\n|-heal|p2a: Rillaboom|63\/100|[from] Grassy Terrain\n|-damage|p1a: Ursaluna|82\/100 brn|[from] brn\n|upkeep\n|turn|8\n|\n|t:|1700549793\n|move|p2a: Rillaboom|Grassy Glide|p1a: Ursaluna\n|-supereffective|p1a: Ursaluna\n|-damage|p1a: Ursaluna|12\/100 brn\n|move|p1a: Ursaluna|Headlong Rush|p2a: Rillaboom\n|-resisted|p2a: Rillaboom\n|-damage|p2a: Rillaboom|0 fnt\n|-unboost|p1a: Ursaluna|def|1\n|-unboost|p1a: Ursaluna|spd|1\n|faint|p2a: Rillaboom\n|move|p1b: Iron Hands|Drain Punch|p2b: Tyranitar\n|-supereffective|p2b: Tyranitar\n|-damage|p2b: Tyranitar|0 fnt\n|faint|p2b: Tyranitar\n|\n|-weather|Sandstorm|[upkeep]\n|-damage|p1b: Iron Hands|94\/100|[from] Sandstorm\n|-heal|p1a: Ursaluna|18\/100 brn|[from] Grassy Terrain\n|-heal|p1b: Iron Hands|100\/100|[from] Grassy Terrain\n|-damage|p1a: Ursaluna|12\/100 brn|[from] brn\n|-fieldend|move: Trick Room\n|upkeep\n|\n|t:|1700549797\n|switch|p2b: Houndstone|Houndstone, L50, F|100\/100\n|turn|9\n|inactive|haamgamer07 has 30 seconds left.\n|\n|t:|1700549828\n|-terastallize|p2b: Houndstone|Fighting\n|move|p2b: Houndstone|Tera Blast|p1a: Ursaluna|[anim] Tera Blast Fighting\n|-supereffective|p1a: Ursaluna\n|-damage|p1a: Ursaluna|0 fnt\n|faint|p1a: Ursaluna\n|move|p1b: Iron Hands|Wild Charge|p2b: Houndstone\n|-damage|p2b: Houndstone|45\/100\n|-enditem|p2b: Houndstone|Sitrus Berry|[eat]\n|-heal|p2b: Houndstone|70\/100|[from] item: Sitrus Berry\n|-damage|p1b: Iron Hands|91\/100|[from] Recoil\n|\n|-weather|Sandstorm|[upkeep]\n|-damage|p1b: Iron Hands|85\/100|[from] Sandstorm\n|-heal|p2b: Houndstone|77\/100|[from] Grassy Terrain\n|-heal|p1b: Iron Hands|91\/100|[from] Grassy Terrain\n|upkeep\n|turn|10\n|\n|t:|1700549844\n|move|p2b: Houndstone|Last Respects|p1b: Iron Hands\n|-crit|p1b: Iron Hands\n|-damage|p1b: Iron Hands|0 fnt\n|faint|p1b: Iron Hands\n|-end|p1b: Iron Hands|Quark Drive|[silent]\n|\n|win|fluffydragon12\n|raw|haamgamer07's rating: 1142 &rarr; <strong>1116<\/strong><br \/>(-26 for losing)\n|raw|fluffydragon12's rating: 1129 &rarr; <strong>1155<\/strong><br \/>(+26 for winning)\n|l|\u2606fluffydragon12\n","uploadtime":1700549851,"views":5,"p1id":"haamgamer07","p2id":"fluffydragon12","formatid":"gen9vgc2023regulatione","rating":1116,"private":0,"password":""}