{"id":"gen9vgc2023regulatione-1994298544","p1":"Osprey11","p2":"Pink_SSB","format":"[Gen 9] VGC 2023 Regulation E","log":"|j|\u2606Osprey11\n|j|\u2606Pink_SSB\n|n|\u2606Osprey11|osprey11\n|n|\u2606Pink_SSB|pinkssb\n|html|View the match progress at <a href=\"\/game-bestof3-gen9vgc2023regulatione-1994298543\">game-bestof3-gen9vgc2023regulatione-1994298543<\/a>\n|t:|1700428450\n|gametype|doubles\n|player|p1|Osprey11|101|\n|player|p2|Pink_SSB|1|\n|teamsize|p1|6\n|teamsize|p2|6\n|gen|9\n|tier|[Gen 9] VGC 2023 Regulation E\n|rule|Species Clause: Limit one of each Pok\u00e9mon\n|rule|Item Clause: Limit one of each item\n|clearpoke\n|poke|p1|Moltres-Galar, L50|\n|poke|p1|Sinistcha, L50|\n|poke|p1|Iron Hands, L50|\n|poke|p1|Ogerpon-Wellspring, L50, F|\n|poke|p1|Arcanine-Hisui, L50, M|\n|poke|p1|Tornadus, L50, M|\n|poke|p2|Eiscue, L50, F|\n|poke|p2|Iron Hands, L50|\n|poke|p2|Sinistcha, L50|\n|poke|p2|Landorus-Therian, L50, M|\n|poke|p2|Heatran, L50, F|\n|poke|p2|Flutter Mane, L50|\n|teampreview|4\n|inactive|Battle timer is ON: inactive players will automatically lose when time's up. (requested by Pink_SSB)\n|inactiveoff|Battle timer is now OFF.\n|l|\u2606Osprey11\n|player|p1|\n|j|\u2606Osprey11\n|player|p1|Osprey11|101\n|j| Van. Volcanucks\n|inactive|Battle timer is ON: inactive players will automatically lose when time's up. (requested by Pink_SSB)\n|\n|t:|1700428538\n|start\n|switch|p1a: Iron Hands|Iron Hands, L50|100\/100\n|switch|p1b: Tornadus|Tornadus, L50, M|100\/100\n|switch|p2a: Eiscue|Eiscue, L50, F|100\/100\n|switch|p2b: Uncle Lando|Landorus-Therian, L50, M|100\/100\n|-ability|p2b: Uncle Lando|Intimidate|boost\n|-unboost|p1a: Iron Hands|atk|1\n|-unboost|p1b: Tornadus|atk|1\n|turn|1\n|\n|t:|1700428560\n|-terastallize|p2a: Eiscue|Ghost\n|move|p2b: Uncle Lando|Rock Slide|p1b: Tornadus|[spread] p1a,p1b\n|-resisted|p1a: Iron Hands\n|-supereffective|p1b: Tornadus\n|-damage|p1a: Iron Hands|93\/100\n|-damage|p1b: Tornadus|56\/100\n|move|p1b: Tornadus|Icy Wind|p2b: Uncle Lando|[spread] p2a,p2b\n|-supereffective|p2b: Uncle Lando\n|-damage|p2a: Eiscue|85\/100\n|-damage|p2b: Uncle Lando|53\/100\n|-unboost|p2a: Eiscue|spe|1\n|-unboost|p2b: Uncle Lando|spe|1\n|move|p1a: Iron Hands|Heavy Slam|p2a: Eiscue\n|-activate|p2a: Eiscue|ability: Ice Face\n|-damage|p2a: Eiscue|85\/100\n|detailschange|p2a: Eiscue|Eiscue-Noice, L50, F, tera:Ghost\n|move|p2a: Eiscue|Belly Drum|p2a: Eiscue\n|-damage|p2a: Eiscue|35\/100\n|-setboost|p2a: Eiscue|atk|6|[from] move: Belly Drum\n|-enditem|p2a: Eiscue|Sitrus Berry|[eat]\n|-heal|p2a: Eiscue|60\/100|[from] item: Sitrus Berry\n|\n|upkeep\n|turn|2\n|inactive|Osprey11 has 30 seconds left.\n|inactive|Osprey11 has 20 seconds left.\n|\n|t:|1700428596\n|switch|p2b: Brian's Sippy Cup|Sinistcha, L50|100\/100\n|-heal|p2a: Eiscue|84\/100|[from] ability: Hospitality|[of] p2b: Brian's Sippy Cup\n|move|p2a: Eiscue|Protect|p2a: Eiscue\n|-singleturn|p2a: Eiscue|Protect\n|move|p1b: Tornadus|Icy Wind|p2a: Eiscue|[spread] p2b\n|-activate|p2a: Eiscue|move: Protect\n|-supereffective|p2b: Brian's Sippy Cup\n|-damage|p2b: Brian's Sippy Cup|76\/100\n|-unboost|p2b: Brian's Sippy Cup|spe|1\n|move|p1a: Iron Hands|Wild Charge|p2a: Eiscue\n|-activate|p2a: Eiscue|move: Protect\n|\n|upkeep\n|turn|3\n|inactive|Osprey11 has 30 seconds left.\n|inactive|Pink_SSB has 30 seconds left.\n|inactive|Osprey11 has 20 seconds left.\n|inactive|Pink_SSB has 20 seconds left.\n|inactive|Osprey11 has 15 seconds left.\n|inactive|Pink_SSB has 15 seconds left.\n|inactive|Osprey11 has 10 seconds left.\n|inactive|Pink_SSB has 10 seconds left.\n|inactive|Osprey11 has 5 seconds left.\n|\n|t:|1700428651\n|switch|p2a: Uncle Lando|Landorus-Therian, L50, M|53\/100\n|-ability|p2a: Uncle Lando|Intimidate|boost\n|-unboost|p1a: Iron Hands|atk|1\n|-unboost|p1b: Tornadus|atk|1\n|move|p1a: Iron Hands|Fake Out||[still]\n|-hint|Fake Out only works on your first turn out.\n|-fail|p1a: Iron Hands\n|move|p1b: Tornadus|Tailwind|p1b: Tornadus\n|-sidestart|p1: Osprey11|move: Tailwind\n|move|p2b: Brian's Sippy Cup|Trick Room|p2b: Brian's Sippy Cup\n|-fieldstart|move: Trick Room|[of] p2b: Brian's Sippy Cup\n|\n|upkeep\n|turn|4\n|inactive|Osprey11 has 30 seconds left.\n|\n|t:|1700428681\n|-end|p1a: Iron Hands|Quark Drive|[silent]\n|switch|p1a: Ogerpon|Ogerpon-Wellspring, L50, F|100\/100\n|switch|p1b: Arcanine|Arcanine-Hisui, L50, M|100\/100\n|-ability|p1b: Arcanine|Intimidate|boost\n|-unboost|p2a: Uncle Lando|atk|1\n|-unboost|p2b: Brian's Sippy Cup|atk|1\n|move|p2b: Brian's Sippy Cup|Strength Sap|p1a: Ogerpon\n|-unboost|p1a: Ogerpon|atk|1\n|-heal|p2b: Brian's Sippy Cup|100\/100\n|move|p2a: Uncle Lando|Rock Slide|p1a: Ogerpon|[spread] p1a,p1b\n|-supereffective|p1b: Arcanine\n|-damage|p1a: Ogerpon|88\/100\n|-damage|p1b: Arcanine|75\/100\n|\n|upkeep\n|turn|5\n|inactive|Osprey11 has 30 seconds left.\n|\n|t:|1700428716\n|switch|p2a: Eiscue|Eiscue-Noice, L50, F, tera:Ghost|84\/100\n|move|p2b: Brian's Sippy Cup|Strength Sap|p1b: Arcanine\n|-unboost|p1b: Arcanine|atk|1\n|move|p1b: Arcanine|Flare Blitz|p2b: Brian's Sippy Cup\n|-supereffective|p2b: Brian's Sippy Cup\n|-damage|p2b: Brian's Sippy Cup|40\/100\n|-damage|p1b: Arcanine|58\/100|[from] item: Rocky Helmet|[of] p2b: Brian's Sippy Cup\n|-damage|p1b: Arcanine|41\/100|[from] Recoil\n|-enditem|p1b: Arcanine|Sitrus Berry|[eat]\n|-heal|p1b: Arcanine|65\/100|[from] item: Sitrus Berry\n|move|p1a: Ogerpon|Ivy Cudgel|p2a: Eiscue|[anim] Ivy Cudgel Water\n|-damage|p2a: Eiscue|36\/100\n|\n|upkeep\n|turn|6\n|inactive|Osprey11 has 30 seconds left.\n|\n|t:|1700428741\n|switch|p1b: Iron Hands|Iron Hands, L50|93\/100\n|move|p2b: Brian's Sippy Cup|Strength Sap|p1a: Ogerpon\n|-unboost|p1a: Ogerpon|atk|1\n|-heal|p2b: Brian's Sippy Cup|92\/100\n|move|p2a: Eiscue|Liquidation|p1b: Iron Hands\n|-damage|p1b: Iron Hands|77\/100\n|move|p1a: Ogerpon|Ivy Cudgel|p2a: Eiscue|[anim] Ivy Cudgel Water\n|-crit|p2a: Eiscue\n|-damage|p2a: Eiscue|0 fnt\n|faint|p2a: Eiscue\n|\n|-sideend|p1: Osprey11|move: Tailwind\n|upkeep\n|\n|t:|1700428748\n|switch|p2a: Uncle Lando|Landorus-Therian, L50, M|53\/100\n|-ability|p2a: Uncle Lando|Intimidate|boost\n|-unboost|p1a: Ogerpon|atk|1\n|-unboost|p1b: Iron Hands|atk|1\n|turn|7\n|inactive|Osprey11 has 30 seconds left.\n|inactive|Osprey11 has 20 seconds left.\n|\n|t:|1700428787\n|move|p2b: Brian's Sippy Cup|Matcha Gotcha|p1a: Ogerpon|[spread] p1a,p1b\n|-damage|p1a: Ogerpon|62\/100\n|-heal|p2b: Brian's Sippy Cup|100\/100|[from] drain|[of] p1a: Ogerpon\n|-damage|p1b: Iron Hands|62\/100\n|move|p1b: Iron Hands|Heavy Slam|p2b: Brian's Sippy Cup\n|-damage|p2b: Brian's Sippy Cup|71\/100\n|-damage|p1b: Iron Hands|46\/100|[from] item: Rocky Helmet|[of] p2b: Brian's Sippy Cup\n|move|p1a: Ogerpon|Ivy Cudgel|p2a: Uncle Lando|[anim] Ivy Cudgel Water\n|-supereffective|p2a: Uncle Lando\n|-crit|p2a: Uncle Lando\n|-damage|p2a: Uncle Lando|0 fnt\n|faint|p2a: Uncle Lando\n|\n|-fieldend|move: Trick Room\n|upkeep\n|\n|t:|1700428799\n|switch|p2a: Tera-Ass|Heatran, L50, F|100\/100\n|turn|8\n|\n|t:|1700428813\n|switch|p1a: Arcanine|Arcanine-Hisui, L50, M|65\/100\n|-ability|p1a: Arcanine|Intimidate|boost\n|-unboost|p2a: Tera-Ass|atk|1\n|-unboost|p2b: Brian's Sippy Cup|atk|1\n|-end|p1b: Iron Hands|Quark Drive|[silent]\n|switch|p1b: Tornadus|Tornadus, L50, M|56\/100\n|move|p2a: Tera-Ass|Protect|p2a: Tera-Ass\n|-singleturn|p2a: Tera-Ass|Protect\n|move|p2b: Brian's Sippy Cup|Trick Room|p2b: Brian's Sippy Cup\n|-fieldstart|move: Trick Room|[of] p2b: Brian's Sippy Cup\n|\n|upkeep\n|turn|9\n|inactive|Osprey11 has 30 seconds left.\n|inactive|Pink_SSB has 30 seconds left.\n|\n|t:|1700428840\n|-terastallize|p1a: Arcanine|Grass\n|move|p1b: Tornadus|Rain Dance|p1b: Tornadus\n|-weather|RainDance\n|move|p2b: Brian's Sippy Cup|Strength Sap|p1a: Arcanine\n|-unboost|p1a: Arcanine|atk|1\n|-heal|p2b: Brian's Sippy Cup|100\/100\n|move|p2a: Tera-Ass|Heat Wave|p1b: Tornadus|[spread] p1a\n|-miss|p2a: Tera-Ass|p1b: Tornadus\n|-supereffective|p1a: Arcanine\n|-damage|p1a: Arcanine|32\/100\n|move|p1a: Arcanine|Snarl|p2a: Tera-Ass|[spread] p2a\n|-miss|p1a: Arcanine|p2b: Brian's Sippy Cup\n|-damage|p2a: Tera-Ass|94\/100\n|-unboost|p2a: Tera-Ass|spa|1\n|\n|-weather|RainDance|[upkeep]\n|-heal|p2a: Tera-Ass|99\/100|[from] item: Leftovers\n|upkeep\n|turn|10\n|\n|t:|1700428864\n|move|p2b: Brian's Sippy Cup|Matcha Gotcha|p1a: Arcanine|[spread] p1a,p1b\n|-resisted|p1a: Arcanine\n|-resisted|p1b: Tornadus\n|-damage|p1a: Arcanine|19\/100\n|-damage|p1b: Tornadus|42\/100\n|move|p2a: Tera-Ass|Heat Wave|p1a: Arcanine|[spread] p1a,p1b\n|-supereffective|p1a: Arcanine\n|-damage|p1a: Arcanine|0 fnt\n|-damage|p1b: Tornadus|31\/100\n|faint|p1a: Arcanine\n|move|p1b: Tornadus|Bleakwind Storm|p2a: Tera-Ass|[spread] p2a,p2b\n|-resisted|p2a: Tera-Ass\n|-supereffective|p2b: Brian's Sippy Cup\n|-damage|p2a: Tera-Ass|87\/100\n|-damage|p2b: Brian's Sippy Cup|32\/100\n|\n|-weather|RainDance|[upkeep]\n|-heal|p2a: Tera-Ass|93\/100|[from] item: Leftovers\n|upkeep\n|\n|t:|1700428878\n|switch|p1a: Iron Hands|Iron Hands, L50|46\/100\n|turn|11\n|\n|t:|1700428890\n|move|p2b: Brian's Sippy Cup|Strength Sap|p1a: Iron Hands\n|-unboost|p1a: Iron Hands|atk|1\n|-heal|p2b: Brian's Sippy Cup|100\/100\n|move|p1a: Iron Hands|Drain Punch|p2a: Tera-Ass\n|-supereffective|p2a: Tera-Ass\n|-damage|p2a: Tera-Ass|47\/100\n|-heal|p1a: Iron Hands|65\/100|[from] drain|[of] p2a: Tera-Ass\n|move|p2a: Tera-Ass|Flash Cannon|p1b: Tornadus\n|-damage|p1b: Tornadus|2\/100\n|move|p1b: Tornadus|Bleakwind Storm|p2a: Tera-Ass|[spread] p2a,p2b\n|-resisted|p2a: Tera-Ass\n|-supereffective|p2b: Brian's Sippy Cup\n|-damage|p2a: Tera-Ass|35\/100\n|-damage|p2b: Brian's Sippy Cup|35\/100\n|\n|-weather|RainDance|[upkeep]\n|-heal|p2a: Tera-Ass|41\/100|[from] item: Leftovers\n|upkeep\n|turn|12\n|\n|t:|1700428915\n|switch|p1b: Ogerpon|Ogerpon-Wellspring, L50, F|62\/100\n|move|p2b: Brian's Sippy Cup|Strength Sap|p1a: Iron Hands\n|-unboost|p1a: Iron Hands|atk|1\n|-heal|p2b: Brian's Sippy Cup|100\/100\n|move|p1a: Iron Hands|Drain Punch|p2a: Tera-Ass\n|-supereffective|p2a: Tera-Ass\n|-damage|p2a: Tera-Ass|7\/100\n|-heal|p1a: Iron Hands|80\/100|[from] drain|[of] p2a: Tera-Ass\n|move|p2a: Tera-Ass|Flash Cannon|p1b: Ogerpon\n|-resisted|p1b: Ogerpon\n|-damage|p1b: Ogerpon|49\/100\n|\n|-weather|RainDance|[upkeep]\n|-heal|p2a: Tera-Ass|13\/100|[from] item: Leftovers\n|-fieldend|move: Trick Room\n|upkeep\n|turn|13\n|\n|t:|1700428939\n|move|p1b: Ogerpon|Ivy Cudgel|p2a: Tera-Ass|[anim] Ivy Cudgel Water\n|-supereffective|p2a: Tera-Ass\n|-damage|p2a: Tera-Ass|0 fnt\n|faint|p2a: Tera-Ass\n|move|p1a: Iron Hands|Wild Charge|p2b: Brian's Sippy Cup\n|-resisted|p2b: Brian's Sippy Cup\n|-damage|p2b: Brian's Sippy Cup|90\/100\n|-damage|p1a: Iron Hands|64\/100|[from] item: Rocky Helmet|[of] p2b: Brian's Sippy Cup\n|-damage|p1a: Iron Hands|61\/100|[from] Recoil\n|move|p2b: Brian's Sippy Cup|Matcha Gotcha|p1a: Iron Hands|[spread] p1a,p1b\n|-damage|p1a: Iron Hands|47\/100\n|-heal|p2b: Brian's Sippy Cup|99\/100|[from] drain|[of] p1a: Iron Hands\n|-damage|p1b: Ogerpon|23\/100\n|-heal|p2b: Brian's Sippy Cup|100\/100|[from] drain|[of] p1b: Ogerpon\n|\n|-weather|none\n|upkeep\n|turn|14\n|inactive|Osprey11 has 30 seconds left.\n|inactive|Osprey11 has 20 seconds left.\n|inactive|Osprey11 has 15 seconds left.\n|inactive|Osprey11 has 10 seconds left.\n|\n|t:|1700428985\n|-end|p1a: Iron Hands|Quark Drive|[silent]\n|switch|p1a: Tornadus|Tornadus, L50, M|2\/100\n|move|p1b: Ogerpon|Horn Leech|p2b: Brian's Sippy Cup\n|-resisted|p2b: Brian's Sippy Cup\n|-damage|p2b: Brian's Sippy Cup|85\/100\n|-heal|p1b: Ogerpon|31\/100|[from] drain|[of] p2b: Brian's Sippy Cup\n|-damage|p1b: Ogerpon|14\/100|[from] item: Rocky Helmet|[of] p2b: Brian's Sippy Cup\n|move|p2b: Brian's Sippy Cup|Matcha Gotcha|p1a: Tornadus|[spread] p1a,p1b\n|-resisted|p1a: Tornadus\n|-damage|p1a: Tornadus|0 fnt\n|-heal|p2b: Brian's Sippy Cup|85\/100|[from] drain|[of] p1a: Tornadus\n|-damage|p1b: Ogerpon|0 fnt\n|-heal|p2b: Brian's Sippy Cup|93\/100|[from] drain|[of] p1b: Ogerpon\n|faint|p1a: Tornadus\n|faint|p1b: Ogerpon\n|\n|upkeep\n|inactive|Osprey11 has 30 seconds left.\n|\n|t:|1700429001\n|switch|p1a: Iron Hands|Iron Hands, L50|47\/100\n|turn|15\n|inactive|Osprey11 has 25 seconds left this turn.\n|inactive|Osprey11 has 20 seconds left.\n|inactive|Osprey11 has 15 seconds left.\n|\n|t:|1700429012\n|move|p1a: Iron Hands|Heavy Slam|p2b: Brian's Sippy Cup\n|-damage|p2b: Brian's Sippy Cup|49\/100\n|-damage|p1a: Iron Hands|30\/100|[from] item: Rocky Helmet|[of] p2b: Brian's Sippy Cup\n|move|p2b: Brian's Sippy Cup|Strength Sap|p1a: Iron Hands\n|-unboost|p1a: Iron Hands|atk|1\n|-heal|p2b: Brian's Sippy Cup|100\/100\n|\n|upkeep\n|turn|16\n|inactive|Osprey11 has 15 seconds left this turn.\n|inactive|Osprey11 has 10 seconds left.\n|\n|t:|1700429021\n|move|p1a: Iron Hands|Heavy Slam|p2b: Brian's Sippy Cup\n|-damage|p2b: Brian's Sippy Cup|74\/100\n|-damage|p1a: Iron Hands|14\/100|[from] item: Rocky Helmet|[of] p2b: Brian's Sippy Cup\n|move|p2b: Brian's Sippy Cup|Strength Sap|p1a: Iron Hands\n|-unboost|p1a: Iron Hands|atk|1\n|-heal|p2b: Brian's Sippy Cup|100\/100\n|\n|upkeep\n|turn|17\n|inactive|Osprey11 has 10 seconds left this turn.\n|inactive|Osprey11 has 5 seconds left.\n|\n|t:|1700429030\n|move|p1a: Iron Hands|Heavy Slam|p2b: Brian's Sippy Cup\n|-damage|p2b: Brian's Sippy Cup|80\/100\n|-damage|p1a: Iron Hands|0 fnt|[from] item: Rocky Helmet|[of] p2b: Brian's Sippy Cup\n|faint|p1a: Iron Hands\n|-end|p1a: Iron Hands|Quark Drive|[silent]\n|\n|win|Pink_SSB\n|inactive|Osprey11 has 5 seconds left this turn.\n|c|&|\/uhtml prompt-pinkssb,Pink_SSB is ready for game 2!\n|inactive|Osprey11 has 50 seconds to confirm battle start!\n|inactive|Osprey11 has 39 seconds to confirm battle start!\n|inactive|Osprey11 has 29 seconds to confirm battle start!\n|inactive|Osprey11 has 19 seconds to confirm battle start!\n|inactive|Osprey11 has 9 seconds to confirm battle start!\n","uploadtime":1700429090,"views":5,"p1id":"osprey11","p2id":"pinkssb","formatid":"gen9vgc2023regulatione","rating":0,"private":0,"password":""}