{"id":"gen9vgc2023regulatione-1997842822","p1":"Oorko","p2":"orad10","format":"[Gen 9] VGC 2023 Regulation E","log":"|j|\u2606Oorko\n|j|\u2606orad10\n|t:|1700858727\n|gametype|doubles\n|player|p1|Oorko|dragontamer|1383\n|player|p2|orad10|cynthia|1346\n|teamsize|p1|6\n|teamsize|p2|6\n|gen|9\n|tier|[Gen 9] VGC 2023 Regulation E\n|rated|\n|rule|Species Clause: Limit one of each Pok\u00e9mon\n|rule|Item Clause: Limit one of each item\n|clearpoke\n|poke|p1|Gholdengo, L50|\n|poke|p1|Amoonguss, L50, F|\n|poke|p1|Iron Hands, L50|\n|poke|p1|Tornadus, L50, M|\n|poke|p1|Urshifu-*, L50, M|\n|poke|p1|Arcanine-Hisui, L50, M|\n|poke|p2|Moltres-Galar, L50|\n|poke|p2|Tornadus, L50, M|\n|poke|p2|Landorus-Therian, L50, M|\n|poke|p2|Grimmsnarl, L50, M|\n|poke|p2|Urshifu-*, L50, M|\n|poke|p2|Heatran, L50, F|\n|teampreview|4\n|\n|t:|1700858781\n|start\n|switch|p1a: Tornadus|Tornadus, L50, M|100\/100\n|switch|p1b: Arcanine|Arcanine-Hisui, L50, M|100\/100\n|switch|p2a: Moltres|Moltres-Galar, L50|100\/100\n|switch|p2b: Grimmsnarl|Grimmsnarl, L50, M, shiny|100\/100\n|-ability|p1b: Arcanine|Intimidate|boost\n|-unboost|p2a: Moltres|atk|1\n|-unboost|p2b: Grimmsnarl|atk|1\n|turn|1\n|\n|t:|1700858798\n|move|p1a: Tornadus|Tailwind|p1a: Tornadus\n|-sidestart|p1: Oorko|move: Tailwind\n|move|p2b: Grimmsnarl|Reflect|p2b: Grimmsnarl\n|-sidestart|p2: orad10|Reflect\n|move|p1b: Arcanine|Rock Slide|p2b: Grimmsnarl|[spread] p2a,p2b\n|-supereffective|p2a: Moltres\n|-damage|p2a: Moltres|40\/100\n|-damage|p2b: Grimmsnarl|70\/100\n|-ability|p2a: Moltres|Berserk|boost\n|-boost|p2a: Moltres|spa|1\n|-enditem|p2a: Moltres|Sitrus Berry|[eat]\n|-heal|p2a: Moltres|65\/100|[from] item: Sitrus Berry\n|move|p2a: Moltres|Nasty Plot|p2a: Moltres\n|-boost|p2a: Moltres|spa|2\n|\n|upkeep\n|turn|2\n|\n|t:|1700858824\n|-terastallize|p2a: Moltres|Poison\n|move|p2b: Grimmsnarl|Thunder Wave|p1b: Arcanine\n|-status|p1b: Arcanine|par\n|move|p1a: Tornadus|Bleakwind Storm|p2b: Grimmsnarl|[spread] p2a\n|-miss|p1a: Tornadus|p2b: Grimmsnarl\n|-damage|p2a: Moltres|40\/100\n|-ability|p2a: Moltres|Berserk|boost\n|-boost|p2a: Moltres|spa|1\n|move|p2a: Moltres|Fiery Wrath|p1a: Tornadus|[spread] p1a,p1b\n|-damage|p1a: Tornadus|0 fnt\n|-damage|p1b: Arcanine|4\/100 par\n|faint|p1a: Tornadus\n|move|p1b: Arcanine|Rock Slide|p2a: Moltres|[spread] p2a,p2b\n|-damage|p2a: Moltres|10\/100\n|-damage|p2b: Grimmsnarl|39\/100\n|\n|upkeep\n|\n|t:|1700858845\n|switch|p1a: Urshifu|Urshifu-Rapid-Strike, L50, M|100\/100\n|turn|3\n|\n|t:|1700858853\n|switch|p1b: Amoonguss|Amoonguss, L50, F|100\/100\n|-terastallize|p1a: Urshifu|Water\n|move|p1a: Urshifu|Aqua Jet|p2a: Moltres\n|-damage|p2a: Moltres|0 fnt\n|faint|p2a: Moltres\n|move|p2b: Grimmsnarl|Thunder Wave|p1a: Urshifu\n|-status|p1a: Urshifu|par\n|\n|upkeep\n|\n|t:|1700858863\n|switch|p2a: Tornadus|Tornadus, L50, M|100\/100\n|turn|4\n|\n|t:|1700858875\n|move|p2a: Tornadus|Bleakwind Storm|p1a: Urshifu|[spread] p1a,p1b\n|-supereffective|p1b: Amoonguss\n|-damage|p1a: Urshifu|52\/100 par\n|-damage|p1b: Amoonguss|48\/100\n|-unboost|p1a: Urshifu|spe|1\n|move|p1a: Urshifu|Surging Strikes|p2b: Grimmsnarl\n|-crit|p2b: Grimmsnarl\n|-damage|p2b: Grimmsnarl|4\/100\n|-crit|p2b: Grimmsnarl\n|-damage|p2b: Grimmsnarl|0 fnt\n|faint|p2b: Grimmsnarl\n|-hitcount|p2: Grimmsnarl|2\n|move|p1b: Amoonguss|Spore|p2a: Tornadus\n|-status|p2a: Tornadus|slp|[from] move: Spore\n|\n|-sideend|p1: Oorko|move: Tailwind\n|upkeep\n|\n|t:|1700858883\n|switch|p2b: Heatran|Heatran, L50, F, shiny|100\/100\n|turn|5\n|\n|t:|1700858904\n|cant|p2a: Tornadus|slp\n|move|p2b: Heatran|Magma Storm|p1a: Urshifu|[miss]\n|-miss|p2b: Heatran|p1a: Urshifu\n|move|p1a: Urshifu|Surging Strikes|p2b: Heatran\n|-supereffective|p2b: Heatran\n|-crit|p2b: Heatran\n|-damage|p2b: Heatran|42\/100\n|-supereffective|p2b: Heatran\n|-crit|p2b: Heatran\n|-damage|p2b: Heatran|0 fnt\n|faint|p2b: Heatran\n|-hitcount|p2: Heatran|2\n|move|p1b: Amoonguss|Pollen Puff|p1a: Urshifu\n|-heal|p1a: Urshifu|100\/100 par\n|\n|upkeep\n|turn|6\n|-message|orad10 forfeited.\n|\n|win|Oorko\n|raw|Oorko's rating: 1383 &rarr; <strong>1401<\/strong><br \/>(+18 for winning)\n|raw|orad10's rating: 1346 &rarr; <strong>1328<\/strong><br \/>(-18 for losing)\n|l|\u2606orad10\n","uploadtime":1700858917,"views":1,"p1id":"oorko","p2id":"orad10","formatid":"gen9vgc2023regulatione","rating":1328,"private":0,"password":""}