{"id":"gen9vgc2023regulatione-2000640065","p1":"who1658","p2":"GeneralDoggo","format":"[Gen 9] VGC 2023 Regulation E","log":"|j|\u2606who1658\n|j|\u2606GeneralDoggo\n|t:|1701213426\n|gametype|doubles\n|player|p1|who1658|brycen|\n|player|p2|GeneralDoggo|unknown|\n|teamsize|p1|6\n|teamsize|p2|6\n|gen|9\n|tier|[Gen 9] VGC 2023 Regulation E\n|rule|Species Clause: Limit one of each Pok\u00e9mon\n|rule|Item Clause: Limit one of each item\n|clearpoke\n|poke|p1|Iron Hands, L50|\n|poke|p1|Kingambit, L50, F|\n|poke|p1|Flutter Mane, L50|\n|poke|p1|Chien-Pao, L50|\n|poke|p1|Trevenant, L50, M|\n|poke|p1|Ursaluna-Bloodmoon, L50, M|\n|poke|p2|Sneasler, L50, F|\n|poke|p2|Indeedee-F, L50, F|\n|poke|p2|Regidrago, L50|\n|poke|p2|Urshifu-*, L50, M|\n|poke|p2|Heatran, L50, M|\n|poke|p2|Landorus-Therian, L50, M|\n|teampreview|4\nGeneralDoggo has agreed to open team sheets.\n|c|\u2606GeneralDoggo|accept ots this time\n|c|\u2606GeneralDoggo|theres the option to do so\n|j| ZBFusion\nwho1658 has agreed to open team sheets.\n|showteam|p1|Iron Hands||AssaultVest|QuarkDrive|WildCharge,FakeOut,DrainPunch,HeavySlam||||||50|,,,,,Grass]Kingambit||SafetyGoggles|Defiant|KowtowCleave,SuckerPunch,IronHead,TeraBlast|||F|||50|,,,,,Flying]Flutter Mane||BoosterEnergy|Protosynthesis|Moonblast,DazzlingGleam,ShadowBall,Protect||||||50|,,,,,Fairy]Chien-Pao||FocusSash|SwordofRuin|Crunch,IceSpinner,SacredSword,Protect||||||50|,,,,,Bug]Trevenant||SitrusBerry|Harvest|WoodHammer,AllySwitch,TrickRoom,Protect|||M|||50|,,,,,Water]Ursaluna-Bloodmoon||LifeOrb|MindsEye|BloodMoon,EarthPower,CalmMind,HyperVoice|||M|||50|,,,,,Ghost\n|showteam|p2|Sneasler||PsychicSeed|Unburden|Acrobatics,CloseCombat,DireClaw,Protect|||F|||50|,,,,,Flying]Indeedee-F||RockyHelmet|PsychicSurge|FollowMe,HelpingHand,TrickRoom,Psychic|||F|||50|,,,,,Fairy]Regidrago||DragonFang|DragonsMaw|DragonEnergy,DracoMeteor,EarthPower,Protect||||||50|,,,,,Steel]Urshifu-Rapid-Strike||FocusSash|UnseenFist|SurgingStrikes,CloseCombat,SwordsDance,Detect|||M|||50|,,,,,Water]Heatran||Leftovers|FlashFire|MagmaStorm,FlashCannon,EarthPower,Protect|||M|||50|,,,,,Grass]Landorus-Therian||ChoiceScarf|Intimidate|StompingTantrum,RockSlide,TeraBlast,Uturn|||M|||50|,,,,,Flying\n|c|\u2606who1658|Done\n|c| ZBFusion|joining the match without an invite link: heckerman 100\n|c|\u2606GeneralDoggo|sick\n|\n|t:|1701213479\n|start\n|switch|p1a: Flutter Mane|Flutter Mane, L50|100\/100\n|switch|p1b: Trevenant|Trevenant, L50, M, shiny|100\/100\n|switch|p2a: Indeedee|Indeedee-F, L50, F|100\/100\n|switch|p2b: Regidrago|Regidrago, L50|100\/100\n|-fieldstart|move: Psychic Terrain|[from] ability: Psychic Surge|[of] p2a: Indeedee\n|-enditem|p1a: Flutter Mane|Booster Energy\n|-activate|p1a: Flutter Mane|ability: Protosynthesis|[fromitem]\n|-start|p1a: Flutter Mane|protosynthesisspa\n|turn|1\n|\n|t:|1701213520\n|switch|p2b: Heatran|Heatran, L50, M|100\/100\n|move|p1b: Trevenant|Ally Switch|p1b: Trevenant\n|swap|p1b: Trevenant|0|[from] move: Ally Switch\n|move|p1b: Flutter Mane|Dazzling Gleam|p2a: Indeedee|[spread] p2a,p2b\n|-resisted|p2b: Heatran\n|-damage|p2a: Indeedee|61\/100\n|-damage|p2b: Heatran|91\/100\n|move|p2a: Indeedee|Psychic|p1a: Trevenant\n|-damage|p1a: Trevenant|58\/100\n|\n|-heal|p2b: Heatran|97\/100|[from] item: Leftovers\n|upkeep\n|turn|2\n|\n|t:|1701213550\n|-terastallize|p1a: Trevenant|Water\n|move|p1b: Flutter Mane|Protect|p1b: Flutter Mane\n|-singleturn|p1b: Flutter Mane|Protect\n|move|p2a: Indeedee|Psychic|p1b: Flutter Mane\n|-activate|p1b: Flutter Mane|move: Protect\n|move|p2b: Heatran|Magma Storm|p1a: Trevenant|[miss]\n|-miss|p2b: Heatran|p1a: Trevenant\n|move|p1a: Trevenant|Trick Room|p1a: Trevenant\n|-fieldstart|move: Trick Room|[of] p1a: Trevenant\n|\n|-heal|p2b: Heatran|100\/100|[from] item: Leftovers\n|upkeep\n|turn|3\n|c|\u2606GeneralDoggo|magma miss lmao\n|\n|t:|1701213573\n|-end|p1b: Flutter Mane|Protosynthesis|[silent]\n|switch|p1b: Iron Hands|Iron Hands, L50, shiny|100\/100\n|move|p2a: Indeedee|Helping Hand|p2b: Heatran\n|-singleturn|p2b: Heatran|Helping Hand|[of] p2a: Indeedee\n|move|p1a: Trevenant|Wood Hammer|p2a: Indeedee\n|-damage|p2a: Indeedee|0 fnt\n|-damage|p1a: Trevenant|41\/100|[from] item: Rocky Helmet|[of] p2a: Indeedee\n|-enditem|p1a: Trevenant|Sitrus Berry|[eat]\n|-heal|p1a: Trevenant|66\/100|[from] item: Sitrus Berry\n|faint|p2a: Indeedee\n|-damage|p1a: Trevenant|48\/100|[from] Recoil\n|move|p2b: Heatran|Magma Storm|p1b: Iron Hands|[miss]\n|-miss|p2b: Heatran|p1b: Iron Hands\n|\n|upkeep\n|c|\u2606GeneralDoggo|im going fucking insane\n|c|\u2606who1658|No shot\n|\n|t:|1701213595\n|switch|p2a: Regidrago|Regidrago, L50|100\/100\n|turn|4\n|c|\u2606who1658|That's usually what my luck looks like\n|\n|t:|1701213625\n|-end|p1b: Iron Hands|Quark Drive|[silent]\n|switch|p1b: Kingambit|Kingambit, L50, F, shiny|100\/100\n|move|p2b: Heatran|Protect|p2b: Heatran\n|-singleturn|p2b: Heatran|Protect\n|move|p1a: Trevenant|Ally Switch|p1a: Trevenant\n|swap|p1a: Trevenant|1|[from] move: Ally Switch\n|move|p2a: Regidrago|Dragon Energy|p1a: Kingambit|[spread] p1a,p1b\n|-resisted|p1a: Kingambit\n|-damage|p1a: Kingambit|55\/100\n|-damage|p1b: Trevenant|0 fnt\n|faint|p1b: Trevenant\n|\n|upkeep\n|\n|t:|1701213644\n|switch|p1b: Flutter Mane|Flutter Mane, L50|100\/100\n|turn|5\n|\n|t:|1701213662\n|move|p1b: Flutter Mane|Protect|p1b: Flutter Mane\n|-singleturn|p1b: Flutter Mane|Protect\n|move|p1a: Kingambit|Kowtow Cleave|p2a: Regidrago\n|-damage|p2a: Regidrago|40\/100\n|move|p2b: Heatran|Flash Cannon|p1b: Flutter Mane\n|-activate|p1b: Flutter Mane|move: Protect\n|move|p2a: Regidrago|Earth Power|p1a: Kingambit\n|-supereffective|p1a: Kingambit\n|-damage|p1a: Kingambit|1\/100\n|\n|-fieldend|move: Psychic Terrain\n|upkeep\n|turn|6\n|\n|t:|1701213697\n|move|p2a: Regidrago|Protect|p2a: Regidrago\n|-singleturn|p2a: Regidrago|Protect\n|move|p1a: Kingambit|Kowtow Cleave|p2b: Heatran\n|-damage|p2b: Heatran|55\/100\n|move|p2b: Heatran|Flash Cannon|p1b: Flutter Mane\n|-supereffective|p1b: Flutter Mane\n|-damage|p1b: Flutter Mane|3\/100\n|move|p1b: Flutter Mane|Shadow Ball|p2b: Heatran\n|-damage|p2b: Heatran|11\/100\n|\n|-heal|p2b: Heatran|17\/100|[from] item: Leftovers\n|-fieldend|move: Trick Room\n|upkeep\n|turn|7\n|c|\u2606who1658|Wtaf\n|c|\u2606GeneralDoggo|bad rolls\n|\n|t:|1701213736\n|move|p2b: Heatran|Protect|p2b: Heatran\n|-singleturn|p2b: Heatran|Protect\n|move|p1a: Kingambit|Sucker Punch|p2a: Regidrago\n|-damage|p2a: Regidrago|0 fnt\n|faint|p2a: Regidrago\n|move|p1b: Flutter Mane|Dazzling Gleam|p2b: Heatran\n|-activate|p2b: Heatran|move: Protect\n|\n|-heal|p2b: Heatran|23\/100|[from] item: Leftovers\n|upkeep\n|\n|t:|1701213741\n|switch|p2a: Urshifu|Urshifu-Rapid-Strike, L50, M|100\/100\n|turn|8\n|\n|t:|1701213757\n|move|p2b: Heatran|Protect||[still]\n|-fail|p2b: Heatran\n|move|p1a: Kingambit|Sucker Punch|p2a: Urshifu\n|-resisted|p2a: Urshifu\n|-damage|p2a: Urshifu|80\/100\n|move|p1b: Flutter Mane|Dazzling Gleam|p2a: Urshifu|[spread] p2a,p2b\n|-supereffective|p2a: Urshifu\n|-resisted|p2b: Heatran\n|-damage|p2a: Urshifu|0 fnt\n|-damage|p2b: Heatran|16\/100\n|faint|p2a: Urshifu\n|\n|-heal|p2b: Heatran|22\/100|[from] item: Leftovers\n|upkeep\n|turn|9\n|c|\u2606GeneralDoggo|ah shit\n|c|\u2606GeneralDoggo|i forgot to tera\n|c|\u2606GeneralDoggo|whoops\n|\n|t:|1701213782\n|-terastallize|p2b: Heatran|Grass\n|move|p1a: Kingambit|Sucker Punch|p2b: Heatran\n|-damage|p2b: Heatran|0 fnt\n|faint|p2b: Heatran\n|\n|win|who1658\n|c|\u2606GeneralDoggo|gg\n","uploadtime":1701213788,"views":1,"p1id":"who1658","p2id":"generaldoggo","formatid":"gen9vgc2023regulatione","rating":0,"private":0,"password":""}