{"id":"gen9vgc2023regulatione-1988817929","p1":"Twodie","p2":"benjc","format":"[Gen 9] VGC 2023 Regulation E","log":"|j|\u2606Twodie\n|j|\u2606benjc\n|n|\u2606Twodie|twodie\n|n|\u2606benjc|benjc\n|html|View the match progress at <a href=\"\/game-bestof3-gen9vgc2023regulatione-1988817928\">game-bestof3-gen9vgc2023regulatione-1988817928<\/a>\n|t:|1699767654\n|gametype|doubles\n|player|p1|Twodie|1|\n|player|p2|benjc|preschooler|\n|teamsize|p1|6\n|teamsize|p2|6\n|gen|9\n|tier|[Gen 9] VGC 2023 Regulation E\n|rule|Species Clause: Limit one of each Pok\u00e9mon\n|rule|Item Clause: Limit one of each item\n|clearpoke\n|poke|p1|Avalugg, L50, M|\n|poke|p1|Slowking-Galar, L50, F|\n|poke|p1|Vikavolt, L50, M|\n|poke|p1|Houndstone, L50, M|\n|poke|p1|Magnezone, L50|\n|poke|p1|Quagsire, L50, F|\n|poke|p2|Samurott-Hisui, L50, F|\n|poke|p2|Gliscor, L50, F|\n|poke|p2|Delphox, L50, F|\n|poke|p2|Ariados, L50, F|\n|poke|p2|Decidueye, L50, M|\n|poke|p2|Persian, L50, M|\n|teampreview|4\n|inactive|Battle timer is ON: inactive players will automatically lose when time's up. (requested by benjc)\n|c|\u2606benjc|gl hf!\n|inactiveoff|Battle timer is now OFF.\nTwodie rejected open team sheets.\n|\n|t:|1699767724\n|start\n|switch|p1a: Vikavolt|Vikavolt, L50, M, shiny|100\/100\n|switch|p1b: Slowking|Slowking-Galar, L50, F|100\/100\n|switch|p2a: Delphox|Delphox, L50, F|100\/100\n|switch|p2b: Ariados|Ariados, L50, F|100\/100\n|turn|1\n|\n|t:|1699767747\n|-terastallize|p1a: Vikavolt|Water\n|move|p2b: Ariados|Shadow Sneak|p2a: Delphox\n|-supereffective|p2a: Delphox\n|-damage|p2a: Delphox|84\/100\n|-enditem|p2a: Delphox|Weakness Policy\n|-boost|p2a: Delphox|atk|2|[from] item: Weakness Policy\n|-boost|p2a: Delphox|spa|2|[from] item: Weakness Policy\n|move|p2a: Delphox|Shadow Ball|p1b: Slowking\n|-supereffective|p1b: Slowking\n|-damage|p1b: Slowking|11\/100\n|-item|p2a: Delphox|Colbur Berry|[from] ability: Magician|[of] p1b: Slowking\n|move|p1a: Vikavolt|Tera Blast|p2a: Delphox|[anim] Tera Blast Water\n|-supereffective|p2a: Delphox\n|-damage|p2a: Delphox|0 fnt\n|faint|p2a: Delphox\n|-damage|p1a: Vikavolt|91\/100|[from] item: Life Orb\n|move|p1b: Slowking|Trick Room|p1b: Slowking\n|-fieldstart|move: Trick Room|[of] p1b: Slowking\n|\n|upkeep\n|\n|t:|1699767773\n|switch|p2a: Decidueye|Decidueye, L50, M|100\/100\n|turn|2\n|\n|t:|1699767800\n|move|p2b: Ariados|Shadow Sneak|p1b: Slowking\n|-supereffective|p1b: Slowking\n|-damage|p1b: Slowking|0 fnt\n|faint|p1b: Slowking\n|move|p1a: Vikavolt|Thunderbolt|p2a: Decidueye\n|-resisted|p2a: Decidueye\n|-damage|p2a: Decidueye|67\/100\n|-status|p2a: Decidueye|par\n|-damage|p1a: Vikavolt|81\/100|[from] item: Life Orb\n|cant|p2a: Decidueye|par\n|\n|upkeep\n|c|\u2606benjc|ouch\n|\n|t:|1699767811\n|switch|p1b: Avalugg|Avalugg, L50, M|100\/100\n|turn|3\n|\n|t:|1699767838\n|move|p2a: Decidueye|Protect|p2a: Decidueye\n|-singleturn|p2a: Decidueye|Protect\n|move|p1b: Avalugg|Ice Spinner|p2a: Decidueye\n|-activate|p2a: Decidueye|move: Protect\n|move|p1a: Vikavolt|Thunderbolt|p2b: Ariados\n|-enditem|p2b: Ariados|Focus Sash\n|-damage|p2b: Ariados|1\/100\n|-damage|p1a: Vikavolt|71\/100|[from] item: Life Orb\n|move|p2b: Ariados|Foul Play|p1b: Avalugg\n|-damage|p1b: Avalugg|90\/100\n|\n|upkeep\n|turn|4\n|\n|t:|1699767874\n|move|p2b: Ariados|Rage Powder|p2b: Ariados\n|-singleturn|p2b: Ariados|move: Rage Powder\n|move|p2a: Decidueye|Energy Ball|p1a: Vikavolt\n|-supereffective|p1a: Vikavolt\n|-damage|p1a: Vikavolt|0 fnt\n|faint|p1a: Vikavolt\n|move|p1b: Avalugg|Ice Spinner|p2b: Ariados\n|-damage|p2b: Ariados|0 fnt\n|faint|p2b: Ariados\n|\n|upkeep\n|\n|t:|1699767883\n|switch|p1a: Magnezone|Magnezone, L50, shiny|100\/100\n|switch|p2b: Samurott|Samurott-Hisui, L50, F|100\/100\n|turn|5\n|\n|t:|1699767898\n|-terastallize|p2b: Samurott|Dark\n|move|p2a: Decidueye|Protect|p2a: Decidueye\n|-singleturn|p2a: Decidueye|Protect\n|move|p1b: Avalugg|Ice Spinner|p2a: Decidueye\n|-activate|p2a: Decidueye|move: Protect\n|move|p1a: Magnezone|Thunderbolt|p2b: Samurott\n|-damage|p2b: Samurott|0 fnt\n|faint|p2b: Samurott\n|\n|-fieldend|move: Trick Room\n|upkeep\n|turn|6\n|\n|t:|1699767915\n|move|p1a: Magnezone|Thunderbolt|p2a: Decidueye\n|-resisted|p2a: Decidueye\n|-damage|p2a: Decidueye|30\/100 par\n|-enditem|p2a: Decidueye|Sitrus Berry|[eat]\n|-heal|p2a: Decidueye|55\/100 par|[from] item: Sitrus Berry\n|move|p1b: Avalugg|Ice Spinner|p2a: Decidueye\n|-supereffective|p2a: Decidueye\n|-damage|p2a: Decidueye|0 fnt\n|faint|p2a: Decidueye\n|\n|win|Twodie\n|c|&|\/uhtml prompt-twodie,Twodie is ready for game 2!\n|c|\u2606benjc|ggs\n|c|&|\/uhtml prompt-benjc,benjc is ready for game 2!\nBoth players are ready! Starting next match!\n|j| J4ce\n|l| J4ce\n","uploadtime":1699768489,"views":26,"p1id":"twodie","p2id":"benjc","formatid":"gen9vgc2023regulatione","rating":0,"private":0,"password":""}