{"id":"gen9vgc2023regulatione-1988427133","p1":"Pojer","p2":"don drapion","format":"[Gen 9] VGC 2023 Regulation E","log":"|j|\u2606Pojer\n|j|\u2606don drapion\n|t:|1699721767\n|gametype|doubles\n|player|p1|Pojer|benga|1285\n|player|p2|don drapion|2|1367\n|teamsize|p1|6\n|teamsize|p2|6\n|gen|9\n|tier|[Gen 9] VGC 2023 Regulation E\n|rated|\n|rule|Species Clause: Limit one of each Pok\u00e9mon\n|rule|Item Clause: Limit one of each item\n|clearpoke\n|poke|p1|Armarouge, L50, F|\n|poke|p1|Indeedee-F, L50, F|\n|poke|p1|Sinistcha-Masterpiece, L50|\n|poke|p1|Iron Hands, L50|\n|poke|p1|Ninetales-Alola, L50, M|\n|poke|p1|Roaring Moon, L50|\n|poke|p2|Dusclops, L50, M|\n|poke|p2|Ursaluna-Bloodmoon, L50, M|\n|poke|p2|Bruxish, L50, F|\n|poke|p2|Urshifu-*, L50, M|\n|poke|p2|Regieleki, L50|\n|poke|p2|Glastrier, L50|\n|teampreview|4\n|inactive|Battle timer is ON: inactive players will automatically lose when time's up. (requested by Pojer)\ndon drapion rejected open team sheets.\n|inactive|don drapion has 60 seconds left.\n|\n|t:|1699721820\n|start\n|switch|p1a: Iron Hands|Iron Hands, L50|100\/100\n|switch|p1b: Ninetales|Ninetales-Alola, L50, M|100\/100\n|switch|p2a: Urshifu|Urshifu, L50, M|100\/100\n|switch|p2b: Glastrier|Glastrier, L50|100\/100\n|-weather|Snow|[from] ability: Snow Warning|[of] p1b: Ninetales\n|turn|1\n|\n|t:|1699721840\n|-terastallize|p2a: Urshifu|Fairy\n|move|p1a: Iron Hands|Fake Out|p2a: Urshifu\n|-damage|p2a: Urshifu|84\/100\n|move|p1b: Ninetales|Aurora Veil|p1b: Ninetales\n|-sidestart|p1: Pojer|move: Aurora Veil\n|cant|p2a: Urshifu|flinch\n|move|p2b: Glastrier|Iron Defense|p2b: Glastrier\n|-boost|p2b: Glastrier|def|2\n|\n|-weather|Snow|[upkeep]\n|upkeep\n|turn|2\n|\n|t:|1699721857\n|move|p1b: Ninetales|Icy Wind|p2a: Urshifu|[spread] p2a,p2b\n|-resisted|p2b: Glastrier\n|-damage|p2a: Urshifu|73\/100\n|-damage|p2b: Glastrier|96\/100\n|-unboost|p2a: Urshifu|spe|1\n|-unboost|p2b: Glastrier|spe|1\n|move|p2a: Urshifu|Tera Blast|p1a: Iron Hands|[anim] Tera Blast Fairy\n|-supereffective|p1a: Iron Hands\n|-damage|p1a: Iron Hands|58\/100\n|move|p1a: Iron Hands|Drain Punch|p2b: Glastrier\n|-supereffective|p2b: Glastrier\n|-damage|p2b: Glastrier|78\/100\n|-heal|p1a: Iron Hands|65\/100|[from] drain|[of] p2b: Glastrier\n|move|p2b: Glastrier|Body Press|p1b: Ninetales\n|-damage|p1b: Ninetales|72\/100\n|\n|-weather|Snow|[upkeep]\n|-heal|p2b: Glastrier|84\/100|[from] item: Leftovers\n|upkeep\n|turn|3\n|\n|t:|1699721879\n|switch|p1b: Indeedee|Indeedee-F, L50, F|100\/100\n|-fieldstart|move: Psychic Terrain|[from] ability: Psychic Surge|[of] p1b: Indeedee\n|switch|p2a: Dusclops|Dusclops, L50, M, shiny|100\/100\n|-item|p1a: Iron Hands|Assault Vest|[from] ability: Frisk|[of] p2a: Dusclops|[identify]\n|-item|p1b: Indeedee|Rocky Helmet|[from] ability: Frisk|[of] p2a: Dusclops|[identify]\n|move|p2b: Glastrier|Protect|p2b: Glastrier\n|-singleturn|p2b: Glastrier|Protect\n|move|p1a: Iron Hands|Heavy Slam|p2a: Dusclops\n|-damage|p2a: Dusclops|76\/100\n|\n|-weather|Snow|[upkeep]\n|-heal|p2b: Glastrier|90\/100|[from] item: Leftovers\n|upkeep\n|turn|4\n|inactive|don drapion has 30 seconds left.\n|inactive|don drapion has 20 seconds left.\n|inactive|don drapion has 15 seconds left.\n|inactive|don drapion has 10 seconds left.\n|\n|t:|1699721928\n|-end|p1a: Iron Hands|Quark Drive|[silent]\n|switch|p1a: Armarouge|Armarouge, L50, F|100\/100\n|move|p2a: Dusclops|Helping Hand|p2b: Glastrier\n|-singleturn|p2b: Glastrier|Helping Hand|[of] p2a: Dusclops\n|move|p1b: Indeedee|Follow Me|p1b: Indeedee\n|-singleturn|p1b: Indeedee|move: Follow Me\n|move|p2b: Glastrier|Body Press|p1b: Indeedee\n|-damage|p1b: Indeedee|51\/100\n|-damage|p2b: Glastrier|74\/100|[from] item: Rocky Helmet|[of] p1b: Indeedee\n|\n|-weather|Snow|[upkeep]\n|-heal|p2b: Glastrier|80\/100|[from] item: Leftovers\n|upkeep\n|turn|5\n|\n|t:|1699721947\n|-terastallize|p1a: Armarouge|Psychic\n|move|p1b: Indeedee|Helping Hand|p1a: Armarouge\n|-singleturn|p1a: Armarouge|Helping Hand|[of] p1b: Indeedee\n|move|p2b: Glastrier|Protect|p2b: Glastrier\n|-singleturn|p2b: Glastrier|Protect\n|move|p1a: Armarouge|Expanding Force|p2b: Glastrier|[spread] p2a\n|-activate|p2b: Glastrier|move: Protect\n|-damage|p2a: Dusclops|0 fnt\n|faint|p2a: Dusclops\n|-damage|p1a: Armarouge|91\/100|[from] item: Life Orb\n|\n|-weather|none\n|-heal|p2b: Glastrier|86\/100|[from] item: Leftovers\n|upkeep\n|\n|t:|1699721963\n|switch|p2a: Urshifu|Urshifu, L50, M, tera:Fairy|73\/100\n|turn|6\n|\n|t:|1699721976\n|move|p1b: Indeedee|Follow Me|p1b: Indeedee\n|-singleturn|p1b: Indeedee|move: Follow Me\n|move|p2a: Urshifu|Wicked Blow|p1b: Indeedee\n|-supereffective|p1b: Indeedee\n|-crit|p1b: Indeedee\n|-damage|p1b: Indeedee|0 fnt\n|-damage|p2a: Urshifu|57\/100|[from] item: Rocky Helmet|[of] p1b: Indeedee\n|faint|p1b: Indeedee\n|move|p1a: Armarouge|Expanding Force|p2b: Glastrier|[spread] p2a,p2b\n|-crit|p2b: Glastrier\n|-damage|p2a: Urshifu|0 fnt\n|-damage|p2b: Glastrier|0 fnt\n|faint|p2a: Urshifu\n|faint|p2b: Glastrier\n|-damage|p1a: Armarouge|81\/100|[from] item: Life Orb\n|\n|upkeep\n|-message|don drapion forfeited.\n|\n|win|Pojer\n|raw|Pojer's rating: 1285 &rarr; <strong>1316<\/strong><br \/>(+31 for winning)\n|raw|don drapion's rating: 1367 &rarr; <strong>1342<\/strong><br \/>(-25 for losing)\n|l|\u2606don drapion\n","uploadtime":1699721988,"views":14,"p1id":"pojer","p2id":"dondrapion","formatid":"gen9vgc2023regulatione","rating":1316,"private":0,"password":""}