{"id":"gen9vgc2023regulatione-1992378675","p1":"BlueJayX2","p2":"sonaw4","format":"[Gen 9] VGC 2023 Regulation E","log":"|j|\u2606BlueJayX2\n|j|\u2606sonaw4\n|t:|1700180698\n|gametype|doubles\n|player|p1|BlueJayX2|marley|1080\n|player|p2|sonaw4|266|1080\n|teamsize|p1|6\n|teamsize|p2|6\n|gen|9\n|tier|[Gen 9] VGC 2023 Regulation E\n|rated|\n|rule|Species Clause: Limit one of each Pok\u00e9mon\n|rule|Item Clause: Limit one of each item\n|clearpoke\n|poke|p1|Sylveon, L50, F|\n|poke|p1|Grimmsnarl, L50, M|\n|poke|p1|Volbeat, L50, M|\n|poke|p1|Tauros-Paldea-Aqua, L50, M|\n|poke|p1|Ariados, L50, M|\n|poke|p1|Dudunsparce-*, L50, F|\n|poke|p2|Volcarona, L50, F|\n|poke|p2|Baxcalibur, L50, M|\n|poke|p2|Urshifu-*, L50, F|\n|poke|p2|Flutter Mane, L50|\n|poke|p2|Tornadus, L50, M|\n|poke|p2|Cresselia, L50, F|\n|teampreview|4\n|inactive|Battle timer is ON: inactive players will automatically lose when time's up. (requested by BlueJayX2)\n|inactive|BlueJayX2 has 60 seconds left.\n|inactive|sonaw4 has 60 seconds left.\n|\n|t:|1700180733\n|start\n|switch|p1a: Sylveon|Sylveon, L50, F, shiny|100\/100\n|switch|p1b: Volbeat|Volbeat, L50, M|100\/100\n|switch|p2a: Tornadus|Tornadus, L50, M|100\/100\n|switch|p2b: Urshifu|Urshifu-Rapid-Strike, L50, F|100\/100\n|turn|1\n|inactive|sonaw4 has 30 seconds left.\n|\n|t:|1700180760\n|move|p2a: Tornadus|Taunt|p1b: Volbeat\n|-start|p1b: Volbeat|move: Taunt\n|-enditem|p1b: Volbeat|Mental Herb\n|-end|p1b: Volbeat|move: Taunt\n|move|p1b: Volbeat|Thunder Wave|p2b: Urshifu\n|-status|p2b: Urshifu|par\n|move|p1a: Sylveon|Hyper Voice|p2b: Urshifu|[spread] p2a,p2b\n|-supereffective|p2b: Urshifu\n|-damage|p2a: Tornadus|56\/100\n|-damage|p2b: Urshifu|0 fnt\n|faint|p2b: Urshifu\n|-enditem|p1a: Sylveon|Throat Spray\n|-boost|p1a: Sylveon|spa|1|[from] item: Throat Spray\n|\n|upkeep\n|\n|t:|1700180773\n|switch|p2b: Volcarona|Volcarona, L50, F|100\/100\n|turn|2\n|\n|t:|1700180796\n|switch|p1b: Dudunsparce|Dudunsparce-Three-Segment, L50, F|100\/100\n|-terastallize|p1a: Sylveon|Ground\n|move|p2b: Volcarona|Overheat|p1a: Sylveon\n|-damage|p1a: Sylveon|16\/100\n|-unboost|p2b: Volcarona|spa|2\n|-damage|p2b: Volcarona|91\/100|[from] item: Life Orb\n|move|p2a: Tornadus|Bleakwind Storm|p1b: Dudunsparce|[spread] p1b\n|-miss|p2a: Tornadus|p1a: Sylveon\n|-damage|p1b: Dudunsparce|66\/100\n|move|p1a: Sylveon|Tera Blast|p2b: Volcarona|[anim] Tera Blast Ground\n|-damage|p2b: Volcarona|22\/100\n|\n|upkeep\n|turn|3\n|\n|t:|1700180820\n|switch|p2b: Cresselia|Cresselia, L50, F|100\/100\n|move|p1a: Sylveon|Quick Attack|p2b: Cresselia\n|-damage|p2b: Cresselia|95\/100\n|move|p2a: Tornadus|Bleakwind Storm|p1b: Dudunsparce|[spread] p1b\n|-miss|p2a: Tornadus|p1a: Sylveon\n|-damage|p1b: Dudunsparce|30\/100\n|-unboost|p1b: Dudunsparce|spe|1\n|move|p1b: Dudunsparce|Rock Slide|p2b: Cresselia|[spread] p2a,p2b\n|-supereffective|p2a: Tornadus\n|-damage|p2a: Tornadus|26\/100\n|-damage|p2b: Cresselia|86\/100\n|\n|upkeep\n|turn|4\n|inactive|BlueJayX2 has 30 seconds left.\n|\n|t:|1700180846\n|move|p1a: Sylveon|Protect|p1a: Sylveon\n|-singleturn|p1a: Sylveon|Protect\n|move|p1b: Dudunsparce|Protect|p1b: Dudunsparce\n|-singleturn|p1b: Dudunsparce|Protect\n|move|p2a: Tornadus|Tailwind|p2a: Tornadus\n|-sidestart|p2: sonaw4|move: Tailwind\n|move|p2b: Cresselia|Psychic|p1a: Sylveon\n|-activate|p1a: Sylveon|move: Protect\n|\n|upkeep\n|turn|5\n|\n|t:|1700180861\n|move|p2a: Tornadus|Bleakwind Storm|p1a: Sylveon|[spread] p1a,p1b\n|-damage|p1a: Sylveon|0 fnt\n|-damage|p1b: Dudunsparce|0 fnt\n|faint|p1a: Sylveon\n|faint|p1b: Dudunsparce\n|move|p2b: Cresselia|Psychic|p1: Sylveon|[notarget]\n|-fail|p2b: Cresselia\n|\n|upkeep\n|\n|t:|1700180869\n|switch|p1b: Grimmsnarl|Grimmsnarl, L50, M, shiny|100\/100\n|switch|p1a: Volbeat|Volbeat, L50, M|100\/100\n|turn|6\n|inactive|sonaw4 has 30 seconds left.\n|\n|t:|1700180895\n|move|p2b: Cresselia|Helping Hand|p2a: Tornadus\n|-singleturn|p2a: Tornadus|Helping Hand|[of] p2b: Cresselia\n|move|p1a: Volbeat|Thunder Wave|p2a: Tornadus\n|-status|p2a: Tornadus|par\n|cant|p2a: Tornadus|par\n|move|p1b: Grimmsnarl|Spirit Break|p2a: Tornadus\n|-damage|p2a: Tornadus|2\/100 par\n|\n|upkeep\n|turn|7\n|\n|t:|1700180913\n|move|p1a: Volbeat|Tailwind|p1a: Volbeat\n|-sidestart|p1: BlueJayX2|move: Tailwind\n|move|p2b: Cresselia|Psychic|p1a: Volbeat\n|-damage|p1a: Volbeat|78\/100\n|-unboost|p1a: Volbeat|spd|1\n|move|p1b: Grimmsnarl|Spirit Break|p2a: Tornadus\n|-damage|p2a: Tornadus|0 fnt\n|faint|p2a: Tornadus\n|\n|-sideend|p2: sonaw4|move: Tailwind\n|upkeep\n|\n|t:|1700180922\n|switch|p2a: Volcarona|Volcarona, L50, F|22\/100\n|turn|8\n|\n|t:|1700180932\n|move|p2b: Cresselia|Helping Hand|p2a: Volcarona\n|-singleturn|p2a: Volcarona|Helping Hand|[of] p2b: Cresselia\n|move|p1a: Volbeat|Thunder Wave|p2a: Volcarona\n|-status|p2a: Volcarona|par\n|move|p1b: Grimmsnarl|Spirit Break|p2a: Volcarona\n|-resisted|p2a: Volcarona\n|-damage|p2a: Volcarona|0 fnt\n|faint|p2a: Volcarona\n|\n|upkeep\n|turn|9\n|c|\u2606sonaw4|nice!\n|c|\u2606sonaw4|cringe!\n|-message|sonaw4 forfeited.\n|\n|win|BlueJayX2\n|raw|BlueJayX2's rating: 1080 &rarr; <strong>1108<\/strong><br \/>(+28 for winning)\n|raw|sonaw4's rating: 1080 &rarr; <strong>1058<\/strong><br \/>(-22 for losing)\n|l|\u2606sonaw4\n","uploadtime":1700180966,"views":24,"p1id":"bluejayx2","p2id":"sonaw4","formatid":"gen9vgc2023regulatione","rating":1058,"private":0,"password":""}