{"id":"gen9vgc2023regulatione-1997875469","p1":"sebastiancastillo4","p2":"FerlanLPP","format":"[Gen 9] VGC 2023 Regulation E","log":"|j|\u2606sebastiancastillo4\n|j|\u2606FerlanLPP\n|t:|1700862474\n|gametype|doubles\n|player|p1|sebastiancastillo4|170|1100\n|player|p2|FerlanLPP|rocketgruntf|1081\n|teamsize|p1|6\n|teamsize|p2|6\n|gen|9\n|tier|[Gen 9] VGC 2023 Regulation E\n|rated|\n|rule|Species Clause: Limit one of each Pok\u00e9mon\n|rule|Item Clause: Limit one of each item\n|clearpoke\n|poke|p1|Flutter Mane, L50|\n|poke|p1|Landorus-Therian, L50, M|\n|poke|p1|Iron Hands, L50|\n|poke|p1|Ogerpon-Hearthflame, L50, F|\n|poke|p1|Tornadus, L50, M|\n|poke|p1|Heatran, L50, M|\n|poke|p2|Sinistcha, L50|\n|poke|p2|Moltres-Galar, L50|\n|poke|p2|Grimmsnarl, L50, M|\n|poke|p2|Arcanine-Hisui, L50, F|\n|poke|p2|Milotic, L50, M|\n|poke|p2|Munkidori, L50, M|\n|teampreview|4\n|inactive|Battle timer is ON: inactive players will automatically lose when time's up. (requested by sebastiancastillo4)\n|\n|t:|1700862507\n|start\n|switch|p1a: Heatran|Heatran, L50, M|100\/100\n|switch|p1b: Tornadus|Tornadus, L50, M|100\/100\n|switch|p2a: Moltres|Moltres-Galar, L50|100\/100\n|switch|p2b: Grimmsnarl|Grimmsnarl, L50, M|100\/100\n|turn|1\n|inactive|FerlanLPP has 30 seconds left.\n|inactive|FerlanLPP has 20 seconds left.\n|inactive|FerlanLPP has 15 seconds left.\n|\n|t:|1700862548\n|move|p1b: Tornadus|Tailwind|p1b: Tornadus\n|-sidestart|p1: sebastiancastillo4|move: Tailwind\n|move|p2b: Grimmsnarl|Light Screen|p2b: Grimmsnarl\n|-sidestart|p2: FerlanLPP|move: Light Screen\n|move|p1a: Heatran|Flash Cannon|p2b: Grimmsnarl\n|-supereffective|p2b: Grimmsnarl\n|-damage|p2b: Grimmsnarl|49\/100\n|move|p2a: Moltres|Nasty Plot|p2a: Moltres\n|-boost|p2a: Moltres|spa|2\n|\n|upkeep\n|turn|2\n|inactive|FerlanLPP has 30 seconds left.\n|\n|t:|1700862578\n|move|p1b: Tornadus|Taunt|p2a: Moltres\n|-hint|Since gen 7, Dark is immune to Prankster moves.\n|-immune|p2a: Moltres\n|move|p2b: Grimmsnarl|Parting Shot|p1a: Heatran\n|-unboost|p1a: Heatran|atk|1\n|-unboost|p1a: Heatran|spa|1\n|\n|t:|1700862595\n|switch|p2b: Milotic|Milotic, L50, M|100\/100|[from] Parting Shot\n|move|p1a: Heatran|Flash Cannon|p2b: Milotic\n|-resisted|p2b: Milotic\n|-damage|p2b: Milotic|94\/100\n|-unboost|p2b: Milotic|spd|1\n|-ability|p2b: Milotic|Competitive|boost\n|-boost|p2b: Milotic|spa|2\n|move|p2a: Moltres|Nasty Plot|p2a: Moltres\n|-boost|p2a: Moltres|spa|2\n|\n|upkeep\n|turn|3\n|inactive|sebastiancastillo4 has 30 seconds left.\n|inactive|FerlanLPP has 30 seconds left.\n|inactive|sebastiancastillo4 has 20 seconds left.\n|\n|t:|1700862631\n|move|p1b: Tornadus|Bleakwind Storm|p2a: Moltres|[spread] p2a,p2b\n|-crit|p2a: Moltres\n|-damage|p2a: Moltres|56\/100\n|-damage|p2b: Milotic|64\/100\n|-unboost|p2b: Milotic|spe|1\n|-ability|p2b: Milotic|Competitive|boost\n|-boost|p2b: Milotic|spa|2\n|move|p1a: Heatran|Heat Wave|p2a: Moltres|[spread] p2a,p2b\n|-resisted|p2b: Milotic\n|-damage|p2a: Moltres|44\/100\n|-damage|p2b: Milotic|55\/100\n|-ability|p2a: Moltres|Berserk|boost\n|-boost|p2a: Moltres|spa|1\n|-enditem|p2a: Moltres|Sitrus Berry|[eat]\n|-heal|p2a: Moltres|69\/100|[from] item: Sitrus Berry\n|move|p2a: Moltres|Fiery Wrath|p1a: Heatran|[spread] p1a,p1b\n|-damage|p1a: Heatran|20\/100\n|-damage|p1b: Tornadus|0 fnt\n|faint|p1b: Tornadus\n|move|p2b: Milotic|Hydro Pump|p1a: Heatran\n|-supereffective|p1a: Heatran\n|-damage|p1a: Heatran|0 fnt\n|faint|p1a: Heatran\n|\n|upkeep\n|\n|t:|1700862650\n|switch|p1b: Iron Hands|Iron Hands, L50|100\/100\n|switch|p1a: Flutter Mane|Flutter Mane, L50|100\/100\n|-enditem|p1a: Flutter Mane|Booster Energy\n|-activate|p1a: Flutter Mane|ability: Protosynthesis|[fromitem]\n|-start|p1a: Flutter Mane|protosynthesisspe\n|turn|4\n|\n|t:|1700862669\n|-terastallize|p2a: Moltres|Poison\n|move|p1b: Iron Hands|Fake Out|p2b: Milotic\n|-damage|p2b: Milotic|38\/100\n|move|p1a: Flutter Mane|Moonblast|p2a: Moltres\n|-resisted|p2a: Moltres\n|-crit|p2a: Moltres\n|-damage|p2a: Moltres|38\/100\n|-unboost|p2a: Moltres|spa|1\n|-ability|p2a: Moltres|Berserk|boost\n|-boost|p2a: Moltres|spa|1\n|move|p2a: Moltres|Fiery Wrath|p1a: Flutter Mane|[spread] p1a,p1b\n|-resisted|p1b: Iron Hands\n|-damage|p1a: Flutter Mane|0 fnt\n|-damage|p1b: Iron Hands|66\/100\n|faint|p1a: Flutter Mane\n|-end|p1a: Flutter Mane|Protosynthesis|[silent]\n|cant|p2b: Milotic|flinch\n|\n|-sideend|p1: sebastiancastillo4|move: Tailwind\n|upkeep\n|turn|5\n|-message|sebastiancastillo4 forfeited.\n|\n|win|FerlanLPP\n|raw|sebastiancastillo4's rating: 1100 &rarr; <strong>1074<\/strong><br \/>(-26 for losing)\n|raw|FerlanLPP's rating: 1081 &rarr; <strong>1110<\/strong><br \/>(+29 for winning)\n|l|\u2606sebastiancastillo4\n","uploadtime":1700862692,"views":2,"p1id":"sebastiancastillo4","p2id":"ferlanlpp","formatid":"gen9vgc2023regulatione","rating":1074,"private":0,"password":""}