{"id":"gen9vgc2023regulatione-1998492153","p1":"Crumpet","p2":"shmoe6","format":"[Gen 9] VGC 2023 Regulation E","log":"|j|\u2606Crumpet\n|j|\u2606shmoe6\n|t:|1700948429\n|gametype|doubles\n|player|p1|Crumpet|2|1276\n|player|p2|shmoe6|skyla-masters2|1192\n|teamsize|p1|6\n|teamsize|p2|6\n|gen|9\n|tier|[Gen 9] VGC 2023 Regulation E\n|rated|\n|rule|Species Clause: Limit one of each Pok\u00e9mon\n|rule|Item Clause: Limit one of each item\n|clearpoke\n|poke|p1|Spectrier, L50|\n|poke|p1|Grimmsnarl, L50, M|\n|poke|p1|Arcanine-Hisui, L50, M|\n|poke|p1|Amoonguss, L50, M|\n|poke|p1|Goodra-Hisui, L50, M|\n|poke|p1|Ogerpon-Wellspring, L50, F|\n|poke|p2|Okidogi, L50, M|\n|poke|p2|Ninetales-Alola, L50, F|\n|poke|p2|Ogerpon-Wellspring, L50, F|\n|poke|p2|Landorus-Therian, L50, M|\n|poke|p2|Baxcalibur, L50, F|\n|poke|p2|Iron Hands, L50|\n|teampreview|4\n|\n|t:|1700948465\n|start\n|switch|p1a: Spectrier|Spectrier, L50|100\/100\n|switch|p1b: Grimmsnarl|Grimmsnarl, L50, M|100\/100\n|switch|p2a: Ogerpon|Ogerpon-Wellspring, L50, F|100\/100\n|switch|p2b: Okidogi|Okidogi, L50, M|100\/100\n|turn|1\n|\n|t:|1700948484\n|move|p1a: Spectrier|Protect|p1a: Spectrier\n|-singleturn|p1a: Spectrier|Protect\n|move|p1b: Grimmsnarl|Reflect|p1b: Grimmsnarl\n|-sidestart|p1: Crumpet|Reflect\n|move|p2a: Ogerpon|Ivy Cudgel|p1a: Spectrier|[anim] Ivy Cudgel Water\n|-activate|p1a: Spectrier|move: Protect\n|move|p2b: Okidogi|Bulk Up|p2b: Okidogi\n|-boost|p2b: Okidogi|atk|1\n|-boost|p2b: Okidogi|def|1\n|\n|upkeep\n|turn|2\n|\n|t:|1700948504\n|move|p1b: Grimmsnarl|Parting Shot|p2a: Ogerpon\n|-unboost|p2a: Ogerpon|atk|1\n|-unboost|p2a: Ogerpon|spa|1\n|\n|t:|1700948507\n|switch|p1b: Arcanine|Arcanine-Hisui, L50, M|100\/100|[from] Parting Shot\n|-ability|p1b: Arcanine|Intimidate|boost\n|-unboost|p2a: Ogerpon|atk|1\n|-ability|p2b: Okidogi|Guard Dog|boost\n|-boost|p2b: Okidogi|atk|1\n|move|p1a: Spectrier|Nasty Plot|p1a: Spectrier\n|-boost|p1a: Spectrier|spa|2\n|move|p2a: Ogerpon|Ivy Cudgel|p1a: Spectrier|[anim] Ivy Cudgel Water\n|-damage|p1a: Spectrier|72\/100\n|move|p2b: Okidogi|Poison Jab|p1b: Arcanine\n|-resisted|p1b: Arcanine\n|-damage|p1b: Arcanine|67\/100\n|-status|p1b: Arcanine|psn\n|\n|-damage|p1b: Arcanine|55\/100 psn|[from] psn\n|upkeep\n|turn|3\n|\n|t:|1700948548\n|switch|p1b: Amoonguss|Amoonguss, L50, M|100\/100\n|-terastallize|p1a: Spectrier|Fairy\n|move|p2a: Ogerpon|Spiky Shield|p2a: Ogerpon\n|-singleturn|p2a: Ogerpon|move: Protect\n|move|p1a: Spectrier|Draining Kiss|p2b: Okidogi\n|-damage|p2b: Okidogi|39\/100\n|-heal|p1a: Spectrier|100\/100|[from] drain|[of] p2b: Okidogi\n|move|p2b: Okidogi|Drain Punch|p1b: Amoonguss\n|-resisted|p1b: Amoonguss\n|-damage|p1b: Amoonguss|81\/100\n|-heal|p2b: Okidogi|50\/100|[from] drain|[of] p1b: Amoonguss\n|-damage|p2b: Okidogi|33\/100|[from] item: Rocky Helmet|[of] p1b: Amoonguss\n|\n|-heal|p2b: Okidogi|40\/100|[from] item: Leftovers\n|upkeep\n|turn|4\n|\n|t:|1700948587\n|move|p2a: Ogerpon|Follow Me|p2a: Ogerpon\n|-singleturn|p2a: Ogerpon|move: Follow Me\n|move|p1b: Amoonguss|Rage Powder|p1b: Amoonguss\n|-singleturn|p1b: Amoonguss|move: Rage Powder\n|move|p1a: Spectrier|Shadow Ball|p2a: Ogerpon\n|-damage|p2a: Ogerpon|10\/100\n|move|p2b: Okidogi|Poison Jab|p1b: Amoonguss\n|-damage|p1b: Amoonguss|36\/100\n|-damage|p2b: Okidogi|23\/100|[from] item: Rocky Helmet|[of] p1b: Amoonguss\n|\n|-heal|p2b: Okidogi|29\/100|[from] item: Leftovers\n|upkeep\n|turn|5\n|\n|t:|1700948611\n|move|p2a: Ogerpon|Follow Me|p2a: Ogerpon\n|-singleturn|p2a: Ogerpon|move: Follow Me\n|move|p1b: Amoonguss|Rage Powder|p1b: Amoonguss\n|-singleturn|p1b: Amoonguss|move: Rage Powder\n|move|p1a: Spectrier|Shadow Ball|p2a: Ogerpon\n|-damage|p2a: Ogerpon|0 fnt\n|faint|p2a: Ogerpon\n|-ability|p1a: Spectrier|Grim Neigh|boost\n|-boost|p1a: Spectrier|spa|1\n|move|p2b: Okidogi|Poison Jab|p1b: Amoonguss\n|-damage|p1b: Amoonguss|0 fnt\n|-damage|p2b: Okidogi|12\/100|[from] item: Rocky Helmet|[of] p1b: Amoonguss\n|faint|p1b: Amoonguss\n|\n|-heal|p2b: Okidogi|19\/100|[from] item: Leftovers\n|upkeep\n|\n|t:|1700948632\n|switch|p2a: Iron Hands|Iron Hands, L50|100\/100\n|switch|p1b: Grimmsnarl|Grimmsnarl, L50, M|100\/100\n|turn|6\n|\n|t:|1700948651\n|move|p1a: Spectrier|Protect|p1a: Spectrier\n|-singleturn|p1a: Spectrier|Protect\n|move|p2b: Okidogi|Poison Jab|p1a: Spectrier\n|-activate|p1a: Spectrier|move: Protect\n|move|p2a: Iron Hands|Heavy Slam|p1b: Grimmsnarl\n|-supereffective|p1b: Grimmsnarl\n|-damage|p1b: Grimmsnarl|45\/100\n|move|p1b: Grimmsnarl|Spirit Break|p2a: Iron Hands\n|-supereffective|p2a: Iron Hands\n|-damage|p2a: Iron Hands|58\/100\n|-unboost|p2a: Iron Hands|spa|1\n|\n|-heal|p2b: Okidogi|25\/100|[from] item: Leftovers\n|upkeep\n|turn|7\n|\n|t:|1700948671\n|move|p1b: Grimmsnarl|Parting Shot|p2a: Iron Hands\n|-unboost|p2a: Iron Hands|atk|1\n|-unboost|p2a: Iron Hands|spa|1\n|\n|t:|1700948674\n|switch|p1b: Arcanine|Arcanine-Hisui, L50, M|55\/100 psn|[from] Parting Shot\n|-ability|p1b: Arcanine|Intimidate|boost\n|-unboost|p2a: Iron Hands|atk|1\n|-ability|p2b: Okidogi|Guard Dog|boost\n|-boost|p2b: Okidogi|atk|1\n|move|p1a: Spectrier|Shadow Ball|p2b: Okidogi\n|-damage|p2b: Okidogi|0 fnt\n|faint|p2b: Okidogi\n|-ability|p1a: Spectrier|Grim Neigh|boost\n|-boost|p1a: Spectrier|spa|1\n|move|p2a: Iron Hands|Heavy Slam|p1b: Arcanine\n|-damage|p1b: Arcanine|46\/100 psn\n|\n|-damage|p1b: Arcanine|34\/100 psn|[from] psn\n|upkeep\n|\n|t:|1700948684\n|switch|p2b: Baxcalibur|Baxcalibur, L50, F|100\/100\n|turn|8\n|\n|t:|1700948715\n|switch|p1b: Grimmsnarl|Grimmsnarl, L50, M|45\/100\n|-terastallize|p2b: Baxcalibur|Poison\n|move|p1a: Spectrier|Draining Kiss|p2b: Baxcalibur\n|-resisted|p2b: Baxcalibur\n|-damage|p2b: Baxcalibur|58\/100\n|move|p2b: Baxcalibur|Swords Dance|p2b: Baxcalibur\n|-boost|p2b: Baxcalibur|atk|2\n|move|p2a: Iron Hands|Drain Punch|p1b: Grimmsnarl\n|-damage|p1b: Grimmsnarl|31\/100\n|-heal|p2a: Iron Hands|64\/100|[from] drain|[of] p1b: Grimmsnarl\n|\n|-sideend|p1: Crumpet|Reflect\n|upkeep\n|turn|9\n|\n|t:|1700948757\n|move|p1b: Grimmsnarl|Reflect|p1b: Grimmsnarl\n|-sidestart|p1: Crumpet|Reflect\n|move|p1a: Spectrier|Shadow Ball|p2a: Iron Hands\n|-damage|p2a: Iron Hands|0 fnt\n|faint|p2a: Iron Hands\n|-end|p2a: Iron Hands|Quark Drive|[silent]\n|-ability|p1a: Spectrier|Grim Neigh|boost\n|-boost|p1a: Spectrier|spa|1\n|move|p2b: Baxcalibur|Icicle Spear|p1a: Spectrier\n|-damage|p1a: Spectrier|74\/100\n|-damage|p1a: Spectrier|48\/100\n|-enditem|p1a: Spectrier|Sitrus Berry|[eat]\n|-heal|p1a: Spectrier|73\/100|[from] item: Sitrus Berry\n|-damage|p1a: Spectrier|47\/100\n|-damage|p1a: Spectrier|18\/100\n|-damage|p1a: Spectrier|0 fnt\n|faint|p1a: Spectrier\n|-hitcount|p1: Spectrier|5\n|\n|upkeep\n|\n|t:|1700948775\n|switch|p1a: Arcanine|Arcanine-Hisui, L50, M|34\/100 psn\n|-ability|p1a: Arcanine|Intimidate|boost\n|-unboost|p2b: Baxcalibur|atk|1\n|turn|10\n|\n|t:|1700948786\n|move|p1b: Grimmsnarl|Parting Shot|p2b: Baxcalibur\n|-unboost|p2b: Baxcalibur|atk|1\n|-unboost|p2b: Baxcalibur|spa|1\n|move|p2b: Baxcalibur|Icicle Spear|p1a: Arcanine\n|-resisted|p1a: Arcanine\n|-damage|p1a: Arcanine|29\/100 psn\n|-resisted|p1a: Arcanine\n|-damage|p1a: Arcanine|24\/100 psn\n|-resisted|p1a: Arcanine\n|-damage|p1a: Arcanine|19\/100 psn\n|-resisted|p1a: Arcanine\n|-damage|p1a: Arcanine|14\/100 psn\n|-resisted|p1a: Arcanine\n|-damage|p1a: Arcanine|9\/100 psn\n|-hitcount|p1a: Arcanine|5\n|move|p1a: Arcanine|Rock Slide|p2b: Baxcalibur\n|-damage|p2b: Baxcalibur|23\/100\n|\n|-damage|p1a: Arcanine|0 fnt|[from] psn\n|faint|p1a: Arcanine\n|upkeep\n|turn|11\n|\n|t:|1700948809\n|move|p2b: Baxcalibur|Swords Dance|p2b: Baxcalibur\n|-boost|p2b: Baxcalibur|atk|2\n|move|p1b: Grimmsnarl|Spirit Break|p2b: Baxcalibur\n|-resisted|p2b: Baxcalibur\n|-damage|p2b: Baxcalibur|9\/100\n|-unboost|p2b: Baxcalibur|spa|1\n|\n|upkeep\n|turn|12\n|\n|t:|1700948819\n|move|p2b: Baxcalibur|Icicle Spear|p1b: Grimmsnarl\n|-damage|p1b: Grimmsnarl|12\/100\n|-damage|p1b: Grimmsnarl|0 fnt\n|faint|p1b: Grimmsnarl\n|-hitcount|p1: Grimmsnarl|2\n|\n|win|shmoe6\n|raw|Crumpet's rating: 1276 &rarr; <strong>1245<\/strong><br \/>(-31 for losing)\n|raw|shmoe6's rating: 1192 &rarr; <strong>1223<\/strong><br \/>(+31 for winning)\n|c|\u2606shmoe6|gg\n|c|\u2606shmoe6|wp\n|l|\u2606Crumpet\n","uploadtime":1700948832,"views":24,"p1id":"crumpet","p2id":"shmoe6","formatid":"gen9vgc2023regulatione","rating":1223,"private":0,"password":""}