{"id":"gen9vgc2023regulatione-1993693781","p1":"tpw989","p2":"Evil Yarrack","format":"[Gen 9] VGC 2023 Regulation E","log":"|j|\u2606tpw989\n|j|\u2606Evil Yarrack\n|t:|1700346320\n|gametype|doubles\n|player|p1|tpw989|blackbelt|\n|player|p2|Evil Yarrack|youngster-gen4dp|\n|teamsize|p1|6\n|teamsize|p2|6\n|gen|9\n|tier|[Gen 9] VGC 2023 Regulation E\n|rule|Species Clause: Limit one of each Pok\u00e9mon\n|rule|Item Clause: Limit one of each item\n|clearpoke\n|poke|p1|Oricorio-Pom-Pom, L50, F|\n|poke|p1|Volcarona, L50, M|\n|poke|p1|Kommo-o, L50, M|\n|poke|p1|Lilligant-Hisui, L50, F|\n|poke|p1|Quaquaval, L50, F|\n|poke|p1|Talonflame, L50, F|\n|poke|p2|Toxtricity, L50, M|\n|poke|p2|Oricorio-Sensu, L50, M|\n|poke|p2|Kommo-o, L50, M|\n|poke|p2|Grimmsnarl, L50, M|\n|poke|p2|Kingambit, L50, F|\n|poke|p2|Sinistcha-Masterpiece, L50|\n|teampreview|4\n|inactive|Battle timer is ON: inactive players will automatically lose when time's up. (requested by Evil Yarrack)\n|\n|t:|1700346348\n|start\n|switch|p1a: Oricorio|Oricorio-Pom-Pom, L50, F, shiny|100\/100\n|switch|p1b: Talonflame|Talonflame, L50, F|100\/100\n|switch|p2a: Grimmsnarl|Grimmsnarl, L50, M|100\/100\n|switch|p2b: Oricorio|Oricorio-Sensu, L50, M|100\/100\n|turn|1\n|inactive|tpw989 has 30 seconds left.\n|\n|t:|1700346375\n|move|p2a: Grimmsnarl|Fake Out|p1a: Oricorio\n|-damage|p1a: Oricorio|84\/100\n|move|p1b: Talonflame|Tailwind|p1b: Talonflame\n|-sidestart|p1: tpw989|move: Tailwind\n|cant|p1a: Oricorio|flinch\n|move|p2b: Oricorio|Tailwind|p2b: Oricorio\n|-sidestart|p2: Evil Yarrack|move: Tailwind\n|\n|upkeep\n|turn|2\n|\n|t:|1700346397\n|move|p2a: Grimmsnarl|Light Screen|p2a: Grimmsnarl\n|-sidestart|p2: Evil Yarrack|move: Light Screen\n|move|p1b: Talonflame|Sunny Day|p1b: Talonflame\n|-weather|SunnyDay\n|move|p2b: Oricorio|Icy Wind|p1a: Oricorio|[spread] p1a,p1b\n|-supereffective|p1a: Oricorio\n|-damage|p1a: Oricorio|52\/100\n|-damage|p1b: Talonflame|86\/100\n|-unboost|p1a: Oricorio|spe|1\n|-unboost|p1b: Talonflame|spe|1\n|move|p1a: Oricorio|Revelation Dance|p2b: Oricorio\n|-supereffective|p2b: Oricorio\n|-crit|p2b: Oricorio\n|-damage|p2b: Oricorio|0 fnt\n|faint|p2b: Oricorio\n|\n|-weather|SunnyDay|[upkeep]\n|-heal|p1b: Talonflame|91\/100|[from] item: Leftovers\n|upkeep\n|\n|t:|1700346417\n|switch|p2b: Toxtricity|Toxtricity, L50, M|100\/100\n|turn|3\n|\n|t:|1700346441\n|-terastallize|p2b: Toxtricity|Normal\n|move|p1a: Oricorio|Protect|p1a: Oricorio\n|-singleturn|p1a: Oricorio|Protect\n|move|p2a: Grimmsnarl|Parting Shot|p1b: Talonflame\n|-unboost|p1b: Talonflame|atk|1\n|-unboost|p1b: Talonflame|spa|1\n|\n|t:|1700346448\n|switch|p2a: Kommo-o|Kommo-o, L50, M|100\/100|[from] Parting Shot\n|move|p1b: Talonflame|Brave Bird|p2b: Toxtricity\n|-damage|p2b: Toxtricity|58\/100\n|-damage|p1b: Talonflame|75\/100|[from] Recoil\n|move|p2b: Toxtricity|Boomburst|p1a: Oricorio|[spread] p1b\n|-activate|p1a: Oricorio|move: Protect\n|-immune|p2a: Kommo-o|[from] ability: Soundproof\n|-damage|p1b: Talonflame|0 fnt\n|faint|p1b: Talonflame\n|\n|-weather|SunnyDay|[upkeep]\n|upkeep\n|\n|t:|1700346462\n|switch|p1b: Volcarona|Volcarona, L50, M, shiny|100\/100\n|turn|4\n|\n|t:|1700346471\n|-terastallize|p1a: Oricorio|Ground\n|move|p1b: Volcarona|Quiver Dance|p1b: Volcarona\n|-boost|p1b: Volcarona|spa|1\n|-boost|p1b: Volcarona|spd|1\n|-boost|p1b: Volcarona|spe|1\n|-activate|p1a: Oricorio|ability: Dancer\n|move|p1a: Oricorio|Quiver Dance|p1a: Oricorio|[from]ability: Dancer\n|-boost|p1a: Oricorio|spa|1\n|-boost|p1a: Oricorio|spd|1\n|-boost|p1a: Oricorio|spe|1\n|move|p1a: Oricorio|Revelation Dance|p2b: Toxtricity\n|-damage|p2b: Toxtricity|4\/100\n|move|p2a: Kommo-o|Clangorous Soul|p2a: Kommo-o\n|-boost|p2a: Kommo-o|atk|1\n|-boost|p2a: Kommo-o|def|1\n|-boost|p2a: Kommo-o|spa|1\n|-boost|p2a: Kommo-o|spd|1\n|-boost|p2a: Kommo-o|spe|1\n|-damage|p2a: Kommo-o|68\/100\n|-enditem|p2a: Kommo-o|Throat Spray\n|-boost|p2a: Kommo-o|spa|1|[from] item: Throat Spray\n|-activate|p1a: Oricorio|ability: Dancer\n|move|p1a: Oricorio|Clangorous Soul|p1a: Oricorio|[from]ability: Dancer\n|-boost|p1a: Oricorio|atk|1\n|-boost|p1a: Oricorio|def|1\n|-boost|p1a: Oricorio|spa|1\n|-boost|p1a: Oricorio|spd|1\n|-boost|p1a: Oricorio|spe|1\n|-damage|p1a: Oricorio|19\/100\n|move|p2b: Toxtricity|Boomburst|p1b: Volcarona|[spread] p1a,p1b\n|-immune|p2a: Kommo-o|[from] ability: Soundproof\n|-damage|p1a: Oricorio|0 fnt\n|-damage|p1b: Volcarona|25\/100\n|faint|p1a: Oricorio\n|\n|-weather|SunnyDay|[upkeep]\n|-sideend|p2: Evil Yarrack|move: Tailwind\n|-sideend|p1: tpw989|move: Tailwind\n|upkeep\n|inactive|tpw989 has 30 seconds left.\n|\n|t:|1700346502\n|switch|p1a: Kommo-o|Kommo-o, L50, M, shiny|100\/100\n|turn|5\n|\n|t:|1700346515\n|move|p2a: Kommo-o|Protect|p2a: Kommo-o\n|-singleturn|p2a: Kommo-o|Protect\n|move|p1a: Kommo-o|Protect|p1a: Kommo-o\n|-singleturn|p1a: Kommo-o|Protect\n|move|p1b: Volcarona|Heat Wave|p2b: Toxtricity|[spread] p2b\n|-activate|p2a: Kommo-o|move: Protect\n|-damage|p2b: Toxtricity|0 fnt\n|faint|p2b: Toxtricity\n|\n|-weather|SunnyDay|[upkeep]\n|upkeep\n|\n|t:|1700346528\n|switch|p2b: Grimmsnarl|Grimmsnarl, L50, M|100\/100\n|turn|6\n|j| Deli(VeryReal)\n|\n|t:|1700346544\n|move|p2b: Grimmsnarl|Fake Out|p1b: Volcarona\n|-damage|p1b: Volcarona|8\/100\n|-damage|p2b: Grimmsnarl|84\/100|[from] item: Rocky Helmet|[of] p1b: Volcarona\n|cant|p1b: Volcarona|flinch\n|move|p2a: Kommo-o|Clanging Scales|p1a: Kommo-o|[spread] p1a,p1b\n|-supereffective|p1a: Kommo-o\n|-damage|p1a: Kommo-o|0 fnt\n|-damage|p1b: Volcarona|0 fnt\n|faint|p1a: Kommo-o\n|faint|p1b: Volcarona\n|\n|win|Evil Yarrack\n|c| Deli(VeryReal)|Hi guys\n|c|\u2606tpw989|supp\n|c|\u2606Evil Yarrack|Sup\n","uploadtime":1700346578,"views":8,"p1id":"tpw989","p2id":"evilyarrack","formatid":"gen9vgc2023regulatione","rating":0,"private":0,"password":""}