{"id":"gen9vgc2023regulatione-1994318274","p1":"Kzjekz","p2":"Squirell96","format":"[Gen 9] VGC 2023 Regulation E","log":"|j|\u2606Kzjekz\n|j|\u2606Squirell96\n|t:|1700430534\n|gametype|doubles\n|player|p1|Kzjekz|lance|1073\n|player|p2|Squirell96|265|1182\n|teamsize|p1|6\n|teamsize|p2|6\n|gen|9\n|tier|[Gen 9] VGC 2023 Regulation E\n|rated|\n|rule|Species Clause: Limit one of each Pok\u00e9mon\n|rule|Item Clause: Limit one of each item\n|clearpoke\n|poke|p1|Flutter Mane, L50|\n|poke|p1|Tornadus, L50, M|\n|poke|p1|Rillaboom, L50, M|\n|poke|p1|Garganacl, L50, F|\n|poke|p1|Arcanine-Hisui, L50, M|\n|poke|p1|Chien-Pao, L50|\n|poke|p2|Kommo-o, L50, M|\n|poke|p2|Florges-Orange, L50, F|\n|poke|p2|Goodra-Hisui, L50, F|\n|poke|p2|Iron Hands, L50|\n|poke|p2|Landorus-Therian, L50, M|\n|poke|p2|Milotic, L50, F|\n|teampreview|4\n|inactive|Battle timer is ON: inactive players will automatically lose when time's up. (requested by Squirell96)\nSquirell96 rejected open team sheets.\n|\n|t:|1700430560\n|start\n|switch|p1a: Tornadus|Tornadus, L50, M|100\/100\n|switch|p1b: Garganacl|Garganacl, L50, F|100\/100\n|switch|p2a: Landorus|Landorus-Therian, L50, M|100\/100\n|switch|p2b: Kommo-o|Kommo-o, L50, M|100\/100\n|-ability|p2a: Landorus|Intimidate|boost\n|-unboost|p1a: Tornadus|atk|1\n|-unboost|p1b: Garganacl|atk|1\n|turn|1\n|inactive|Kzjekz has 30 seconds left.\n|inactive|Squirell96 has 30 seconds left.\n|inactive|Squirell96 has 20 seconds left.\n|inactive|Squirell96 has 15 seconds left.\n|\n|t:|1700430603\n|-terastallize|p1b: Garganacl|Ghost\n|move|p1a: Tornadus|Taunt|p2b: Kommo-o\n|-start|p2b: Kommo-o|move: Taunt\n|move|p2a: Landorus|U-turn|p1a: Tornadus\n|-resisted|p1a: Tornadus\n|-damage|p1a: Tornadus|83\/100\n|-damage|p2a: Landorus|84\/100|[from] item: Rocky Helmet|[of] p1a: Tornadus\n|\n|t:|1700430614\n|switch|p2a: Milotic|Milotic, L50, F|100\/100|[from] U-turn\n|move|p2b: Kommo-o|Clanging Scales|p1a: Tornadus|[spread] p1a,p1b\n|-damage|p1a: Tornadus|54\/100\n|-damage|p1b: Garganacl|76\/100\n|-unboost|p2b: Kommo-o|def|1\n|-enditem|p2b: Kommo-o|Throat Spray\n|-boost|p2b: Kommo-o|spa|1|[from] item: Throat Spray\n|move|p1b: Garganacl|Iron Defense|p1b: Garganacl\n|-boost|p1b: Garganacl|def|2\n|\n|upkeep\n|turn|2\n|\n|t:|1700430624\n|move|p1a: Tornadus|Bleakwind Storm|p2a: Milotic|[spread] p2a,p2b\n|-supereffective|p2b: Kommo-o\n|-damage|p2a: Milotic|74\/100\n|-damage|p2b: Kommo-o|46\/100\n|move|p2b: Kommo-o|Clanging Scales|p1b: Garganacl|[spread] p1a,p1b\n|-damage|p1a: Tornadus|3\/100\n|-damage|p1b: Garganacl|35\/100\n|-enditem|p1b: Garganacl|Sitrus Berry|[eat]\n|-heal|p1b: Garganacl|60\/100|[from] item: Sitrus Berry\n|-unboost|p2b: Kommo-o|def|1\n|move|p2a: Milotic|Ice Beam|p1a: Tornadus\n|-supereffective|p1a: Tornadus\n|-damage|p1a: Tornadus|0 fnt\n|faint|p1a: Tornadus\n|move|p1b: Garganacl|Salt Cure|p2a: Milotic\n|-damage|p2a: Milotic|65\/100\n|-start|p2a: Milotic|Salt Cure\n|\n|-damage|p2a: Milotic|41\/100|[from] Salt Cure\n|upkeep\n|\n|t:|1700430629\n|switch|p1a: Flutter Mane|Flutter Mane, L50|100\/100\n|-enditem|p1a: Flutter Mane|Booster Energy\n|-activate|p1a: Flutter Mane|ability: Protosynthesis|[fromitem]\n|-start|p1a: Flutter Mane|protosynthesisspe\n|turn|3\n|\n|t:|1700430642\n|-terastallize|p2b: Kommo-o|Steel\n|move|p1a: Flutter Mane|Protect|p1a: Flutter Mane\n|-singleturn|p1a: Flutter Mane|Protect\n|move|p2b: Kommo-o|Flash Cannon|p1a: Flutter Mane\n|-activate|p1a: Flutter Mane|move: Protect\n|move|p2a: Milotic|Ice Beam|p1b: Garganacl\n|-damage|p1b: Garganacl|40\/100\n|move|p1b: Garganacl|Recover|p1b: Garganacl\n|-heal|p1b: Garganacl|90\/100\n|\n|-damage|p2a: Milotic|16\/100|[from] Salt Cure\n|-end|p2b: Kommo-o|move: Taunt\n|upkeep\n|turn|4\n|\n|t:|1700430656\n|move|p1a: Flutter Mane|Substitute|p1a: Flutter Mane\n|-start|p1a: Flutter Mane|Substitute\n|-damage|p1a: Flutter Mane|76\/100\n|move|p2b: Kommo-o|Flash Cannon|p1a: Flutter Mane\n|-supereffective|p1a: Flutter Mane\n|-end|p1a: Flutter Mane|Substitute\n|move|p2a: Milotic|Ice Beam|p1b: Garganacl\n|-damage|p1b: Garganacl|71\/100\n|move|p1b: Garganacl|Salt Cure|p2b: Kommo-o\n|-resisted|p2b: Kommo-o\n|-damage|p2b: Kommo-o|39\/100\n|-start|p2b: Kommo-o|Salt Cure\n|\n|-damage|p2b: Kommo-o|14\/100|[from] Salt Cure\n|-damage|p2a: Milotic|0 fnt|[from] Salt Cure\n|faint|p2a: Milotic\n|upkeep\n|\n|t:|1700430669\n|switch|p2a: Landorus|Landorus-Therian, L50, M|84\/100\n|-ability|p2a: Landorus|Intimidate|boost\n|-unboost|p1a: Flutter Mane|atk|1\n|-unboost|p1b: Garganacl|atk|1\n|turn|5\n|\n|t:|1700430673\n|move|p1a: Flutter Mane|Protect|p1a: Flutter Mane\n|-singleturn|p1a: Flutter Mane|Protect\n|move|p2b: Kommo-o|Protect|p2b: Kommo-o\n|-singleturn|p2b: Kommo-o|Protect\n|move|p2a: Landorus|Earthquake|p1b: Garganacl|[spread] p1b\n|-activate|p2b: Kommo-o|move: Protect\n|-activate|p1a: Flutter Mane|move: Protect\n|-damage|p1b: Garganacl|56\/100\n|move|p1b: Garganacl|Salt Cure|p2a: Landorus\n|-damage|p2a: Landorus|74\/100\n|-start|p2a: Landorus|Salt Cure\n|\n|-damage|p2a: Landorus|62\/100|[from] Salt Cure\n|-damage|p2b: Kommo-o|0 fnt|[from] Salt Cure\n|faint|p2b: Kommo-o\n|upkeep\n|\n|t:|1700430684\n|switch|p2b: Iron Hands|Iron Hands, L50|100\/100\n|turn|6\n|\n|t:|1700430695\n|move|p1a: Flutter Mane|Moonblast|p2a: Landorus\n|-damage|p2a: Landorus|0 fnt\n|faint|p2a: Landorus\n|move|p2b: Iron Hands|Wild Charge|p1a: Flutter Mane\n|-damage|p1a: Flutter Mane|0 fnt\n|faint|p1a: Flutter Mane\n|-end|p1a: Flutter Mane|Protosynthesis|[silent]\n|-damage|p2b: Iron Hands|90\/100|[from] Recoil\n|move|p1b: Garganacl|Iron Defense|p1b: Garganacl\n|-boost|p1b: Garganacl|def|2\n|\n|upkeep\n|\n|t:|1700430698\n|switch|p1a: Rillaboom|Rillaboom, L50, M|100\/100\n|-fieldstart|move: Grassy Terrain|[from] ability: Grassy Surge|[of] p1a: Rillaboom\n|turn|7\n|-message|Squirell96 forfeited.\n|\n|win|Kzjekz\n|raw|Kzjekz's rating: 1073 &rarr; <strong>1111<\/strong><br \/>(+38 for winning)\n|raw|Squirell96's rating: 1182 &rarr; <strong>1149<\/strong><br \/>(-33 for losing)\n|l|\u2606Squirell96\n","uploadtime":1700430727,"views":4,"p1id":"kzjekz","p2id":"squirell96","formatid":"gen9vgc2023regulatione","rating":1111,"private":0,"password":""}