{"id":"gen9vgc2023regulatione-1991329133","p1":"be g 1000","p2":"JayoticNL","format":"[Gen 9] VGC 2023 Regulation E","log":"|j|\u2606be g 1000\n|j|\u2606JayoticNL\n|t:|1700068059\n|gametype|doubles\n|player|p1|be g 1000|flint|1426\n|player|p2|JayoticNL|169|1529\n|teamsize|p1|6\n|teamsize|p2|6\n|gen|9\n|tier|[Gen 9] VGC 2023 Regulation E\n|rated|\n|rule|Species Clause: Limit one of each Pok\u00e9mon\n|rule|Item Clause: Limit one of each item\n|clearpoke\n|poke|p1|Ninetales-Alola, L50, F|\n|poke|p1|Rillaboom, L50, M|\n|poke|p1|Baxcalibur, L50, M|\n|poke|p1|Landorus-Therian, L50, M|\n|poke|p1|Empoleon, L50, F|\n|poke|p1|Iron Hands, L50|\n|poke|p2|Wo-Chien, L50|\n|poke|p2|Glimmora, L50, F|\n|poke|p2|Thundurus, L50, M|\n|poke|p2|Arcanine, L50, M|\n|poke|p2|Gastrodon, L50, F|\n|poke|p2|Ogerpon-Wellspring, L50, F|\n|teampreview|4\n|\n|t:|1700068090\n|start\n|switch|p1a: Iron Hands|Iron Hands, L50|100\/100\n|switch|p1b: Ninetales|Ninetales-Alola, L50, F, shiny|100\/100\n|switch|p2a: Thundurus|Thundurus, L50, M|100\/100\n|switch|p2b: Glimmora|Glimmora, L50, F|100\/100\n|-weather|Snow|[from] ability: Snow Warning|[of] p1b: Ninetales\n|turn|1\n|\n|t:|1700068102\n|move|p1a: Iron Hands|Fake Out|p2a: Thundurus\n|-damage|p2a: Thundurus|86\/100\n|move|p2a: Thundurus|Taunt|p1b: Ninetales\n|-start|p1b: Ninetales|move: Taunt\n|move|p1b: Ninetales|Freeze-Dry|p2a: Thundurus\n|-supereffective|p2a: Thundurus\n|-damage|p2a: Thundurus|33\/100\n|move|p2b: Glimmora|Mortal Spin|p1a: Iron Hands|[spread] p1a,p1b\n|-supereffective|p1b: Ninetales\n|-damage|p1a: Iron Hands|98\/100\n|-damage|p1b: Ninetales|95\/100\n|-status|p1a: Iron Hands|psn\n|-status|p1b: Ninetales|psn\n|\n|-weather|Snow|[upkeep]\n|-damage|p1b: Ninetales|83\/100 psn|[from] psn\n|-damage|p1a: Iron Hands|86\/100 psn|[from] psn\n|upkeep\n|turn|2\n|\n|t:|1700068137\n|switch|p1b: Baxcalibur|Baxcalibur, L50, M|100\/100\n|move|p2a: Thundurus|Thunder Wave|p1b: Baxcalibur\n|-status|p1b: Baxcalibur|par\n|move|p2b: Glimmora|Sludge Bomb|p1b: Baxcalibur\n|-damage|p1b: Baxcalibur|61\/100 par\n|move|p1a: Iron Hands|Drain Punch|p2b: Glimmora\n|-damage|p2b: Glimmora|54\/100\n|-heal|p1a: Iron Hands|100\/100 psn|[from] drain|[of] p2b: Glimmora\n|-activate|p2b: Glimmora|ability: Toxic Debris\n|-sidestart|p1: be g 1000|move: Toxic Spikes\n|\n|-weather|Snow|[upkeep]\n|-heal|p1b: Baxcalibur|67\/100 par|[from] ability: Ice Body\n|-damage|p1a: Iron Hands|88\/100 psn|[from] psn\n|upkeep\n|turn|3\n|\n|t:|1700068158\n|switch|p2a: Wo-Chien|Wo-Chien, L50|100\/100\n|-ability|p2a: Wo-Chien|Tablets of Ruin\n|move|p1b: Baxcalibur|Ice Shard|p2a: Wo-Chien\n|-supereffective|p2a: Wo-Chien\n|-damage|p2a: Wo-Chien|71\/100\n|move|p2b: Glimmora|Power Gem|p1b: Baxcalibur\n|-supereffective|p1b: Baxcalibur\n|-damage|p1b: Baxcalibur|1\/100 par\n|move|p1a: Iron Hands|Drain Punch|p2b: Glimmora\n|-damage|p2b: Glimmora|23\/100\n|-heal|p1a: Iron Hands|100\/100 psn|[from] drain|[of] p2b: Glimmora\n|-activate|p2b: Glimmora|ability: Toxic Debris\n|-sidestart|p1: be g 1000|move: Toxic Spikes\n|\n|-weather|Snow|[upkeep]\n|-heal|p1b: Baxcalibur|7\/100 par|[from] ability: Ice Body\n|-heal|p2a: Wo-Chien|78\/100|[from] item: Leftovers\n|-damage|p1a: Iron Hands|88\/100 psn|[from] psn\n|upkeep\n|turn|4\n|\n|t:|1700068196\n|-terastallize|p2a: Wo-Chien|Poison\n|move|p1b: Baxcalibur|Protect|p1b: Baxcalibur\n|-singleturn|p1b: Baxcalibur|Protect\n|move|p2b: Glimmora|Power Gem|p1b: Baxcalibur\n|-activate|p1b: Baxcalibur|move: Protect\n|move|p2a: Wo-Chien|Leech Seed|p1a: Iron Hands|[miss]\n|-miss|p2a: Wo-Chien|p1a: Iron Hands\n|move|p1a: Iron Hands|Drain Punch|p2b: Glimmora\n|-damage|p2b: Glimmora|0 fnt\n|-heal|p1a: Iron Hands|97\/100 psn|[from] drain|[of] p2b: Glimmora\n|faint|p2b: Glimmora\n|\n|-weather|Snow|[upkeep]\n|-heal|p1b: Baxcalibur|13\/100 par|[from] ability: Ice Body\n|-heal|p2a: Wo-Chien|84\/100|[from] item: Leftovers\n|-damage|p1a: Iron Hands|85\/100 psn|[from] psn\n|upkeep\n|\n|t:|1700068207\n|switch|p2b: Ogerpon|Ogerpon-Wellspring, L50, F|100\/100\n|turn|5\n|\n|t:|1700068223\n|switch|p1b: Rillaboom|Rillaboom, L50, M|100\/100\n|-status|p1b: Rillaboom|tox\n|-fieldstart|move: Grassy Terrain|[from] ability: Grassy Surge|[of] p1b: Rillaboom\n|move|p2b: Ogerpon|Swords Dance|p2b: Ogerpon\n|-boost|p2b: Ogerpon|atk|2\n|move|p2a: Wo-Chien|Pollen Puff|p1b: Rillaboom\n|-supereffective|p1b: Rillaboom\n|-damage|p1b: Rillaboom|53\/100 tox\n|move|p1a: Iron Hands|Wild Charge|p2b: Ogerpon\n|-damage|p2b: Ogerpon|62\/100\n|-damage|p1a: Iron Hands|77\/100 psn|[from] Recoil\n|\n|-weather|none\n|-heal|p2b: Ogerpon|68\/100|[from] Grassy Terrain\n|-heal|p1b: Rillaboom|59\/100 tox|[from] Grassy Terrain\n|-heal|p2a: Wo-Chien|90\/100|[from] Grassy Terrain\n|-heal|p2a: Wo-Chien|96\/100|[from] item: Leftovers\n|-heal|p1a: Iron Hands|83\/100 psn|[from] Grassy Terrain\n|-damage|p1b: Rillaboom|53\/100 tox|[from] psn\n|-damage|p1a: Iron Hands|71\/100 psn|[from] psn\n|upkeep\n|turn|6\n|\n|t:|1700068249\n|-terastallize|p1a: Iron Hands|Grass\n|move|p2b: Ogerpon|Spiky Shield|p2b: Ogerpon\n|-singleturn|p2b: Ogerpon|move: Protect\n|move|p2a: Wo-Chien|Protect|p2a: Wo-Chien\n|-singleturn|p2a: Wo-Chien|Protect\n|move|p1b: Rillaboom|Fake Out|p2b: Ogerpon\n|-activate|p2b: Ogerpon|move: Protect\n|-damage|p1b: Rillaboom|41\/100 tox|[from] Spiky Shield|[of] p2b: Ogerpon\n|-enditem|p1b: Rillaboom|Sitrus Berry|[eat]\n|-heal|p1b: Rillaboom|66\/100 tox|[from] item: Sitrus Berry\n|move|p1a: Iron Hands|Wild Charge|p2b: Ogerpon\n|-activate|p2b: Ogerpon|move: Protect\n|-damage|p1a: Iron Hands|59\/100 psn|[from] Spiky Shield|[of] p2b: Ogerpon\n|\n|-heal|p2b: Ogerpon|74\/100|[from] Grassy Terrain\n|-heal|p1b: Rillaboom|72\/100 tox|[from] Grassy Terrain\n|-heal|p2a: Wo-Chien|100\/100|[from] Grassy Terrain\n|-heal|p1a: Iron Hands|65\/100 psn|[from] Grassy Terrain\n|-damage|p1b: Rillaboom|60\/100 tox|[from] psn\n|-damage|p1a: Iron Hands|53\/100 psn|[from] psn\n|upkeep\n|turn|7\n|inactive|Battle timer is ON: inactive players will automatically lose when time's up. (requested by be g 1000)\n|\n|t:|1700068288\n|move|p1b: Rillaboom|Grassy Glide|p2b: Ogerpon\n|-damage|p2b: Ogerpon|46\/100\n|move|p2b: Ogerpon|Ivy Cudgel|p1a: Iron Hands|[anim] Ivy Cudgel Water\n|-resisted|p1a: Iron Hands\n|-damage|p1a: Iron Hands|25\/100 psn\n|move|p2a: Wo-Chien|Pollen Puff|p2b: Ogerpon\n|-heal|p2b: Ogerpon|96\/100\n|move|p1a: Iron Hands|Wild Charge|p2b: Ogerpon\n|-damage|p2b: Ogerpon|59\/100\n|-damage|p1a: Iron Hands|18\/100 psn|[from] Recoil\n|\n|-heal|p2b: Ogerpon|65\/100|[from] Grassy Terrain\n|-heal|p1b: Rillaboom|66\/100 tox|[from] Grassy Terrain\n|-heal|p1a: Iron Hands|24\/100 psn|[from] Grassy Terrain\n|-damage|p1b: Rillaboom|48\/100 tox|[from] psn\n|-damage|p1a: Iron Hands|12\/100 psn|[from] psn\n|upkeep\n|turn|8\n|\n|t:|1700068312\n|move|p2b: Ogerpon|Spiky Shield|p2b: Ogerpon\n|-singleturn|p2b: Ogerpon|move: Protect\n|move|p1b: Rillaboom|High Horsepower|p2a: Wo-Chien\n|-supereffective|p2a: Wo-Chien\n|-damage|p2a: Wo-Chien|57\/100\n|move|p2a: Wo-Chien|Pollen Puff|p1a: Iron Hands\n|-supereffective|p1a: Iron Hands\n|-damage|p1a: Iron Hands|0 fnt\n|faint|p1a: Iron Hands\n|-end|p1a: Iron Hands|Quark Drive|[silent]\n|\n|-heal|p2b: Ogerpon|71\/100|[from] Grassy Terrain\n|-heal|p1b: Rillaboom|54\/100 tox|[from] Grassy Terrain\n|-heal|p2a: Wo-Chien|63\/100|[from] Grassy Terrain\n|-heal|p2a: Wo-Chien|69\/100|[from] item: Leftovers\n|-damage|p1b: Rillaboom|31\/100 tox|[from] psn\n|upkeep\n|\n|t:|1700068323\n|switch|p1a: Ninetales|Ninetales-Alola, L50, F, shiny|83\/100 psn\n|-weather|Snow|[from] ability: Snow Warning|[of] p1a: Ninetales\n|turn|9\n|inactive|JayoticNL has 30 seconds left.\n|\n|t:|1700068353\n|move|p1a: Ninetales|Aurora Veil|p1a: Ninetales\n|-sidestart|p1: be g 1000|move: Aurora Veil\n|move|p2b: Ogerpon|Ivy Cudgel|p1a: Ninetales|[anim] Ivy Cudgel Water\n|-damage|p1a: Ninetales|32\/100 psn\n|move|p1b: Rillaboom|U-turn|p2b: Ogerpon\n|-supereffective|p2b: Ogerpon\n|-damage|p2b: Ogerpon|33\/100\n|\n|t:|1700068360\n|switch|p1b: Baxcalibur|Baxcalibur, L50, M|13\/100 par|[from] U-turn\n|move|p2a: Wo-Chien|Leech Seed|p1a: Ninetales\n|-start|p1a: Ninetales|move: Leech Seed\n|\n|-weather|Snow|[upkeep]\n|-heal|p1b: Baxcalibur|19\/100 par|[from] ability: Ice Body\n|-heal|p1a: Ninetales|38\/100 psn|[from] Grassy Terrain\n|-heal|p2b: Ogerpon|39\/100|[from] Grassy Terrain\n|-heal|p2a: Wo-Chien|75\/100|[from] Grassy Terrain\n|-heal|p2a: Wo-Chien|82\/100|[from] item: Leftovers\n|-heal|p1b: Baxcalibur|25\/100 par|[from] Grassy Terrain\n|-damage|p1a: Ninetales|26\/100 psn|[from] Leech Seed|[of] p2a: Wo-Chien\n|-heal|p2a: Wo-Chien|92\/100|[silent]\n|-damage|p1a: Ninetales|14\/100 psn|[from] psn\n|-fieldend|move: Grassy Terrain\n|upkeep\n|turn|10\n|inactive|JayoticNL has 30 seconds left.\n|inactive|JayoticNL has 20 seconds left.\n|inactive|JayoticNL has 15 seconds left.\n|\n|t:|1700068401\n|switch|p1a: Rillaboom|Rillaboom, L50, M|31\/100 tox\n|-fieldstart|move: Grassy Terrain|[from] ability: Grassy Surge|[of] p1a: Rillaboom\n|move|p2b: Ogerpon|Spiky Shield|p2b: Ogerpon\n|-singleturn|p2b: Ogerpon|move: Protect\n|move|p2a: Wo-Chien|Foul Play|p1b: Baxcalibur\n|-damage|p1b: Baxcalibur|4\/100 par\n|cant|p1b: Baxcalibur|par\n|\n|-weather|Snow|[upkeep]\n|-heal|p1b: Baxcalibur|10\/100 par|[from] ability: Ice Body\n|-heal|p2b: Ogerpon|45\/100|[from] Grassy Terrain\n|-heal|p1a: Rillaboom|37\/100 tox|[from] Grassy Terrain\n|-heal|p2a: Wo-Chien|98\/100|[from] Grassy Terrain\n|-heal|p2a: Wo-Chien|100\/100|[from] item: Leftovers\n|-heal|p1b: Baxcalibur|16\/100 par|[from] Grassy Terrain\n|-damage|p1a: Rillaboom|31\/100 tox|[from] psn\n|upkeep\n|turn|11\n|\n|t:|1700068418\n|move|p1a: Rillaboom|Fake Out|p2a: Wo-Chien\n|-damage|p2a: Wo-Chien|91\/100\n|move|p2b: Ogerpon|Ivy Cudgel|p1b: Baxcalibur|[anim] Ivy Cudgel Water\n|-resisted|p1b: Baxcalibur\n|-damage|p1b: Baxcalibur|0 fnt\n|faint|p1b: Baxcalibur\n|cant|p2a: Wo-Chien|flinch\n|\n|-weather|Snow|[upkeep]\n|-heal|p2b: Ogerpon|51\/100|[from] Grassy Terrain\n|-heal|p1a: Rillaboom|37\/100 tox|[from] Grassy Terrain\n|-heal|p2a: Wo-Chien|97\/100|[from] Grassy Terrain\n|-heal|p2a: Wo-Chien|100\/100|[from] item: Leftovers\n|-damage|p1a: Rillaboom|25\/100 tox|[from] psn\n|upkeep\n|\n|t:|1700068423\n|switch|p1b: Ninetales|Ninetales-Alola, L50, F, shiny|14\/100 psn\n|turn|12\n|-message|be g 1000 forfeited.\n|\n|win|JayoticNL\n|raw|be g 1000's rating: 1426 &rarr; <strong>1412<\/strong><br \/>(-14 for losing)\n|raw|JayoticNL's rating: 1529 &rarr; <strong>1543<\/strong><br \/>(+14 for winning)\n|l|\u2606be g 1000\n","uploadtime":1700068649,"views":20,"p1id":"beg1000","p2id":"jayoticnl","formatid":"gen9vgc2023regulatione","rating":1412,"private":0,"password":""}