{"id":"gen9vgc2023regulatione-1988605149","p1":"Kizrhzk","p2":"TurtleDerp47","format":"[Gen 9] VGC 2023 Regulation E","log":"|j|\u2606Kizrhzk\n|j|\u2606TurtleDerp47\n|t:|1699741108\n|gametype|doubles\n|player|p1|Kizrhzk|lance|1122\n|player|p2|TurtleDerp47|1|1087\n|teamsize|p1|6\n|teamsize|p2|6\n|gen|9\n|tier|[Gen 9] VGC 2023 Regulation E\n|rated|\n|rule|Species Clause: Limit one of each Pok\u00e9mon\n|rule|Item Clause: Limit one of each item\n|clearpoke\n|poke|p1|Flutter Mane, L50|\n|poke|p1|Tornadus, L50, M|\n|poke|p1|Rillaboom, L50, M|\n|poke|p1|Garganacl, L50, F|\n|poke|p1|Arcanine-Hisui, L50, F|\n|poke|p1|Chien-Pao, L50|\n|poke|p2|Ninetales-Alola, L50, F|\n|poke|p2|Rillaboom, L50, M|\n|poke|p2|Sneasler, L50, M|\n|poke|p2|Milotic, L50, F|\n|poke|p2|Baxcalibur, L50, M|\n|poke|p2|Umbreon, L50, M|\n|teampreview|4\n|\n|t:|1699741134\n|start\n|switch|p1a: Tornadus|Tornadus, L50, M|100\/100\n|switch|p1b: Garganacl|Garganacl, L50, F|100\/100\n|switch|p2a: Kaguya|Ninetales-Alola, L50, F, shiny|100\/100\n|switch|p2b: Sebastion|Umbreon, L50, M, shiny|100\/100\n|-weather|Snow|[from] ability: Snow Warning|[of] p2a: Kaguya\n|turn|1\n|\n|t:|1699741157\n|move|p1a: Tornadus|Sunny Day|p1a: Tornadus\n|-weather|SunnyDay\n|move|p2a: Kaguya|Aurora Veil||[still]\n|-fail|p2a: Kaguya\n|move|p2b: Sebastion|Taunt|p1a: Tornadus\n|-start|p1a: Tornadus|move: Taunt\n|move|p1b: Garganacl|Salt Cure|p2b: Sebastion\n|-damage|p2b: Sebastion|90\/100\n|-start|p2b: Sebastion|Salt Cure\n|\n|-weather|SunnyDay|[upkeep]\n|-damage|p2b: Sebastion|78\/100|[from] Salt Cure\n|upkeep\n|turn|2\n|\n|t:|1699741176\n|switch|p2a: ~Rayquaza~|Milotic, L50, F, shiny|100\/100\n|move|p1a: Tornadus|Bleakwind Storm|p2a: ~Rayquaza~|[spread] p2a,p2b\n|-damage|p2a: ~Rayquaza~|78\/100\n|-damage|p2b: Sebastion|55\/100\n|move|p2b: Sebastion|Taunt|p1b: Garganacl\n|-start|p1b: Garganacl|move: Taunt\n|cant|p1b: Garganacl|move: Taunt|Iron Defense\n|\n|-weather|SunnyDay|[upkeep]\n|-damage|p2b: Sebastion|43\/100|[from] Salt Cure\n|-status|p2a: ~Rayquaza~|brn|[from] item: Flame Orb\n|upkeep\n|turn|3\n|\n|t:|1699741195\n|switch|p2b: Kaguya|Ninetales-Alola, L50, F, shiny|100\/100\n|-weather|Snow|[from] ability: Snow Warning|[of] p2b: Kaguya\n|-terastallize|p1b: Garganacl|Ghost\n|move|p1a: Tornadus|Bleakwind Storm|p2b: Kaguya|[spread] \n|-miss|p1a: Tornadus|p2a: ~Rayquaza~\n|-miss|p1a: Tornadus|p2b: Kaguya\n|move|p2a: ~Rayquaza~|Scald|p1b: Garganacl\n|-damage|p1b: Garganacl|83\/100\n|move|p1b: Garganacl|Salt Cure|p2a: ~Rayquaza~\n|-damage|p2a: ~Rayquaza~|70\/100 brn\n|-start|p2a: ~Rayquaza~|Salt Cure\n|\n|-weather|Snow|[upkeep]\n|-damage|p2a: ~Rayquaza~|64\/100 brn|[from] brn\n|-damage|p2a: ~Rayquaza~|40\/100 brn|[from] Salt Cure\n|upkeep\n|turn|4\n|\n|t:|1699741220\n|switch|p2a: Kaido|Baxcalibur, L50, M, shiny|100\/100\n|move|p2b: Kaguya|Blizzard|p1b: Garganacl|[spread] p1a,p1b\n|-supereffective|p1a: Tornadus\n|-damage|p1a: Tornadus|48\/100\n|-damage|p1b: Garganacl|59\/100\n|-status|p1a: Tornadus|frz\n|cant|p1a: Tornadus|frz\n|move|p1b: Garganacl|Salt Cure|p2b: Kaguya\n|-supereffective|p2b: Kaguya\n|-damage|p2b: Kaguya|68\/100\n|-start|p2b: Kaguya|Salt Cure\n|\n|-weather|Snow|[upkeep]\n|-damage|p2b: Kaguya|56\/100|[from] Salt Cure\n|-end|p1a: Tornadus|move: Taunt\n|-end|p1b: Garganacl|move: Taunt\n|upkeep\n|turn|5\n|\n|t:|1699741245\n|switch|p1a: Arcanine|Arcanine-Hisui, L50, F|100\/100\n|-ability|p1a: Arcanine|Intimidate|boost\n|-unboost|p2a: Kaido|atk|1\n|-unboost|p2b: Kaguya|atk|1\n|move|p2b: Kaguya|Blizzard|p1b: Garganacl|[spread] p1a,p1b\n|-resisted|p1a: Arcanine\n|-crit|p1a: Arcanine\n|-damage|p1a: Arcanine|69\/100\n|-damage|p1b: Garganacl|37\/100\n|-enditem|p1b: Garganacl|Sitrus Berry|[eat]\n|-heal|p1b: Garganacl|62\/100|[from] item: Sitrus Berry\n|move|p2a: Kaido|Icicle Spear|p1b: Garganacl\n|-damage|p1b: Garganacl|55\/100\n|-damage|p1b: Garganacl|47\/100\n|-damage|p1b: Garganacl|40\/100\n|-damage|p1b: Garganacl|33\/100\n|-hitcount|p1b: Garganacl|4\n|move|p1b: Garganacl|Salt Cure|p2a: Kaido\n|-supereffective|p2a: Kaido\n|-damage|p2a: Kaido|80\/100\n|-start|p2a: Kaido|Salt Cure\n|\n|-weather|Snow|[upkeep]\n|-damage|p2b: Kaguya|44\/100|[from] Salt Cure\n|-damage|p2a: Kaido|68\/100|[from] Salt Cure\n|upkeep\n|turn|6\n|\n|t:|1699741280\n|switch|p2a: ~Rayquaza~|Milotic, L50, F, shiny|40\/100 brn\n|move|p2b: Kaguya|Moonblast|p1a: Arcanine\n|-resisted|p1a: Arcanine\n|-damage|p1a: Arcanine|44\/100\n|move|p1a: Arcanine|Rock Slide|p2a: ~Rayquaza~|[spread] p2a,p2b\n|-supereffective|p2b: Kaguya\n|-damage|p2a: ~Rayquaza~|18\/100 brn\n|-damage|p2b: Kaguya|0 fnt\n|faint|p2b: Kaguya\n|move|p1b: Garganacl|Recover|p1b: Garganacl\n|-heal|p1b: Garganacl|83\/100\n|\n|-weather|Snow|[upkeep]\n|-damage|p2a: ~Rayquaza~|12\/100 brn|[from] brn\n|upkeep\n|\n|t:|1699741294\n|switch|p2b: Sebastion|Umbreon, L50, M, shiny|43\/100\n|turn|7\n|\n|t:|1699741304\n|move|p1a: Arcanine|Rock Slide|p2b: Sebastion|[spread] p2a\n|-miss|p1a: Arcanine|p2b: Sebastion\n|-damage|p2a: ~Rayquaza~|0 fnt\n|faint|p2a: ~Rayquaza~\n|move|p2b: Sebastion|Taunt|p1b: Garganacl\n|-start|p1b: Garganacl|move: Taunt\n|cant|p1b: Garganacl|move: Taunt|Iron Defense\n|\n|-weather|none\n|upkeep\n|\n|t:|1699741314\n|switch|p2a: Kaido|Baxcalibur, L50, M, shiny|68\/100\n|turn|8\n|\n|t:|1699741326\n|switch|p1a: Tornadus|Tornadus, L50, M|48\/100 frz\n|move|p2a: Kaido|Icicle Spear|p1b: Garganacl\n|-damage|p1b: Garganacl|73\/100\n|-damage|p1b: Garganacl|62\/100\n|-damage|p1b: Garganacl|53\/100\n|-damage|p1b: Garganacl|43\/100\n|-hitcount|p1b: Garganacl|4\n|move|p2b: Sebastion|Moonlight|p2b: Sebastion\n|-heal|p2b: Sebastion|93\/100\n|move|p1b: Garganacl|Salt Cure|p2a: Kaido\n|-supereffective|p2a: Kaido\n|-damage|p2a: Kaido|40\/100\n|-start|p2a: Kaido|Salt Cure\n|\n|-damage|p2a: Kaido|28\/100|[from] Salt Cure\n|upkeep\n|turn|9\n|\n|t:|1699741355\n|switch|p1b: Arcanine|Arcanine-Hisui, L50, F|44\/100\n|-ability|p1b: Arcanine|Intimidate|boost\n|-unboost|p2a: Kaido|atk|1\n|-fail|p2b: Sebastion|unboost|Attack|[from] ability: Inner Focus|[of] p2b: Sebastion\n|cant|p1a: Tornadus|frz\n|move|p2a: Kaido|Icicle Spear|p1a: Tornadus\n|-supereffective|p1a: Tornadus\n|-damage|p1a: Tornadus|22\/100 frz\n|-supereffective|p1a: Tornadus\n|-damage|p1a: Tornadus|0 fnt\n|faint|p1a: Tornadus\n|-hitcount|p1: Tornadus|2\n|move|p2b: Sebastion|Foul Play|p1b: Arcanine\n|-damage|p1b: Arcanine|0 fnt\n|faint|p1b: Arcanine\n|\n|-damage|p2a: Kaido|16\/100|[from] Salt Cure\n|upkeep\n|\n|t:|1699741367\n|switch|p1b: Flutter Mane|Flutter Mane, L50|100\/100\n|switch|p1a: Garganacl|Garganacl, L50, F, tera:Ghost|43\/100\n|-enditem|p1b: Flutter Mane|Booster Energy\n|-activate|p1b: Flutter Mane|ability: Protosynthesis|[fromitem]\n|-start|p1b: Flutter Mane|protosynthesisspe\n|turn|10\n|\n|t:|1699741387\n|move|p1b: Flutter Mane|Protect|p1b: Flutter Mane\n|-singleturn|p1b: Flutter Mane|Protect\n|move|p1a: Garganacl|Protect|p1a: Garganacl\n|-singleturn|p1a: Garganacl|Protect\n|move|p2a: Kaido|Icicle Spear|p1b: Flutter Mane\n|-activate|p1b: Flutter Mane|move: Protect\n|move|p2b: Sebastion|Taunt|p1a: Garganacl\n|-activate|p1a: Garganacl|move: Protect\n|\n|-damage|p2a: Kaido|4\/100|[from] Salt Cure\n|upkeep\n|turn|11\n|\n|t:|1699741404\n|move|p1b: Flutter Mane|Moonblast|p2a: Kaido\n|-supereffective|p2a: Kaido\n|-damage|p2a: Kaido|0 fnt\n|faint|p2a: Kaido\n|move|p2b: Sebastion|Taunt|p1a: Garganacl\n|-start|p1a: Garganacl|move: Taunt\n|cant|p1a: Garganacl|move: Taunt|Recover\n|\n|upkeep\n|turn|12\n|\n|t:|1699741414\n|move|p1b: Flutter Mane|Substitute|p1b: Flutter Mane\n|-start|p1b: Flutter Mane|Substitute\n|-damage|p1b: Flutter Mane|76\/100\n|move|p2b: Sebastion|Snarl|p1b: Flutter Mane|[spread] p1a,p1b\n|-supereffective|p1a: Garganacl\n|-damage|p1a: Garganacl|30\/100\n|-damage|p1b: Flutter Mane|66\/100\n|-unboost|p1a: Garganacl|spa|1\n|-unboost|p1b: Flutter Mane|spa|1\n|move|p1a: Garganacl|Salt Cure|p2b: Sebastion\n|-damage|p2b: Sebastion|83\/100\n|-start|p2b: Sebastion|Salt Cure\n|\n|-damage|p2b: Sebastion|70\/100|[from] Salt Cure\n|upkeep\n|turn|13\n|\n|t:|1699741425\n|move|p1b: Flutter Mane|Protect|p1b: Flutter Mane\n|-singleturn|p1b: Flutter Mane|Protect\n|move|p2b: Sebastion|Snarl|p1a: Garganacl|[spread] p1a\n|-activate|p1b: Flutter Mane|move: Protect\n|-supereffective|p1a: Garganacl\n|-damage|p1a: Garganacl|18\/100\n|-unboost|p1a: Garganacl|spa|1\n|move|p1a: Garganacl|Salt Cure|p2b: Sebastion\n|-damage|p2b: Sebastion|60\/100\n|\n|-damage|p2b: Sebastion|48\/100|[from] Salt Cure\n|-end|p1a: Garganacl|move: Taunt\n|upkeep\n|turn|14\n|\n|t:|1699741443\n|move|p1a: Garganacl|Protect|p1a: Garganacl\n|-singleturn|p1a: Garganacl|Protect\n|move|p1b: Flutter Mane|Moonblast|p2b: Sebastion\n|-supereffective|p2b: Sebastion\n|-damage|p2b: Sebastion|3\/100\n|move|p2b: Sebastion|Taunt|p1a: Garganacl\n|-activate|p1a: Garganacl|move: Protect\n|\n|-damage|p2b: Sebastion|0 fnt|[from] Salt Cure\n|faint|p2b: Sebastion\n|\n|win|Kizrhzk\n|upkeep\n|raw|Kizrhzk's rating: 1122 &rarr; <strong>1144<\/strong><br \/>(+22 for winning)\n|raw|TurtleDerp47's rating: 1087 &rarr; <strong>1066<\/strong><br \/>(-21 for losing)\n","uploadtime":1699741454,"views":11,"p1id":"kizrhzk","p2id":"turtlederp47","formatid":"gen9vgc2023regulatione","rating":1066,"private":0,"password":""}