{"id":"gen9vgc2023regulatione-1999404289","p1":"Cinarguncavdi2231","p2":"Chaizen Hirussa","format":"[Gen 9] VGC 2023 Regulation E","log":"|j|\u2606Cinarguncavdi2231\n|j|\u2606Chaizen Hirussa\n|t:|1701074774\n|gametype|doubles\n|player|p1|Cinarguncavdi2231|guitarist-gen4|1249\n|player|p2|Chaizen Hirussa|bugcatcher-gen4dp|1329\n|teamsize|p1|6\n|teamsize|p2|6\n|gen|9\n|tier|[Gen 9] VGC 2023 Regulation E\n|rated|\n|rule|Species Clause: Limit one of each Pok\u00e9mon\n|rule|Item Clause: Limit one of each item\n|clearpoke\n|poke|p1|Flutter Mane, L50|\n|poke|p1|Amoonguss, L50, F|\n|poke|p1|Arcanine, L50, F|\n|poke|p1|Palafin, L50, M|\n|poke|p1|Chien-Pao, L50|\n|poke|p1|Dragapult, L50, M|\n|poke|p2|Flutter Mane, L50|\n|poke|p2|Zapdos-Galar, L50|\n|poke|p2|Chien-Pao, L50|\n|poke|p2|Arcanine-Hisui, L50, M|\n|poke|p2|Ogerpon-Wellspring, L50, F|\n|poke|p2|Farigiraf, L50, F|\n|teampreview|4\n|inactive|Battle timer is ON: inactive players will automatically lose when time's up. (requested by Cinarguncavdi2231)\n|inactive|Cinarguncavdi2231 has 60 seconds left.\n|inactive|Chaizen Hirussa has 60 seconds left.\n|\n|t:|1701074840\n|start\n|switch|p1a: Chien-Pao|Chien-Pao, L50|100\/100\n|switch|p1b: Dragapult|Dragapult, L50, M|100\/100\n|switch|p2a: Arcanine|Arcanine-Hisui, L50, M|100\/100\n|switch|p2b: Flutter Mane|Flutter Mane, L50|100\/100\n|-ability|p1a: Chien-Pao|Sword of Ruin\n|-ability|p2a: Arcanine|Intimidate|boost\n|-unboost|p1a: Chien-Pao|atk|1\n|-fail|p1b: Dragapult|unboost|[from] ability: Clear Body|[of] p1b: Dragapult\n|-enditem|p2b: Flutter Mane|Booster Energy\n|-activate|p2b: Flutter Mane|ability: Protosynthesis|[fromitem]\n|-start|p2b: Flutter Mane|protosynthesisspe\n|turn|1\n|inactive|Cinarguncavdi2231 has 30 seconds left.\n|inactive|Cinarguncavdi2231 has 20 seconds left.\n|\n|t:|1701074875\n|switch|p2a: Ogerpon|Ogerpon-Wellspring, L50, F|100\/100\n|-terastallize|p1b: Dragapult|Steel\n|move|p1a: Chien-Pao|Protect|p1a: Chien-Pao\n|-singleturn|p1a: Chien-Pao|Protect\n|move|p2b: Flutter Mane|Dazzling Gleam|p1b: Dragapult|[spread] p1b\n|-activate|p1a: Chien-Pao|move: Protect\n|-resisted|p1b: Dragapult\n|-damage|p1b: Dragapult|83\/100\n|move|p1b: Dragapult|Phantom Force||[still]\n|-prepare|p1b: Dragapult|Phantom Force\n|\n|upkeep\n|turn|2\n|\n|t:|1701074892\n|-end|p2b: Flutter Mane|Protosynthesis|[silent]\n|switch|p2b: Arcanine|Arcanine-Hisui, L50, M|100\/100\n|-ability|p2b: Arcanine|Intimidate|boost\n|-unboost|p1a: Chien-Pao|atk|1\n|-fail|p1b: Dragapult|unboost|[from] ability: Clear Body|[of] p1b: Dragapult\n|switch|p1a: Amoonguss|Amoonguss, L50, F|100\/100\n|move|p1b: Dragapult|Phantom Force|p2b: Arcanine|[from]lockedmove\n|-damage|p2b: Arcanine|17\/100\n|move|p2a: Ogerpon|Swords Dance|p2a: Ogerpon\n|-boost|p2a: Ogerpon|atk|2\n|\n|upkeep\n|turn|3\n|inactive|Cinarguncavdi2231 has 30 seconds left.\n|inactive|Chaizen Hirussa has 30 seconds left.\n|inactive|Cinarguncavdi2231 has 20 seconds left.\n|inactive|Chaizen Hirussa has 20 seconds left.\n|inactive|Cinarguncavdi2231 has 15 seconds left.\n|\n|t:|1701074934\n|move|p1b: Dragapult|Phantom Force||[still]\n|-prepare|p1b: Dragapult|Phantom Force\n|move|p2b: Arcanine|Flare Blitz|p1a: Amoonguss\n|-supereffective|p1a: Amoonguss\n|-damage|p1a: Amoonguss|0 fnt\n|faint|p1a: Amoonguss\n|-damage|p2b: Arcanine|0 fnt|[from] Recoil\n|faint|p2b: Arcanine\n|move|p2a: Ogerpon|Swords Dance|p2a: Ogerpon\n|-boost|p2a: Ogerpon|atk|2\n|\n|upkeep\n|\n|t:|1701074944\n|switch|p2b: Zapdos|Zapdos-Galar, L50|100\/100\n|switch|p1a: Chien-Pao|Chien-Pao, L50|100\/100\n|-ability|p1a: Chien-Pao|Sword of Ruin\n|turn|4\n|inactive|Chaizen Hirussa has 30 seconds left.\n|inactive|Chaizen Hirussa has 20 seconds left.\n|\n|t:|1701074979\n|switch|p2b: Flutter Mane|Flutter Mane, L50|100\/100\n|-terastallize|p2a: Ogerpon|Water\n|detailschange|p2a: Ogerpon|Ogerpon-Wellspring-Tera, L50, F, tera:Water\n|-ability|p2a: Ogerpon|Embody Aspect (Wellspring)|boost\n|-boost|p2a: Ogerpon|spd|1\n|move|p1b: Dragapult|Phantom Force|p2b: Flutter Mane|[from]lockedmove\n|-supereffective|p2b: Flutter Mane\n|-damage|p2b: Flutter Mane|0 fnt\n|faint|p2b: Flutter Mane\n|-end|p2b: Flutter Mane|Protosynthesis|[silent]\n|move|p1a: Chien-Pao|Ice Spinner|p2a: Ogerpon\n|-resisted|p2a: Ogerpon\n|-damage|p2a: Ogerpon|71\/100\n|move|p2a: Ogerpon|Horn Leech|p1b: Dragapult\n|-resisted|p1b: Dragapult\n|-damage|p1b: Dragapult|0 fnt\n|-heal|p2a: Ogerpon|100\/100|[from] drain|[of] p1b: Dragapult\n|faint|p1b: Dragapult\n|\n|upkeep\n|\n|t:|1701074996\n|switch|p1b: Arcanine|Arcanine, L50, F|100\/100\n|switch|p2b: Zapdos|Zapdos-Galar, L50|100\/100\n|-ability|p1b: Arcanine|Intimidate|boost\n|-unboost|p2a: Ogerpon|atk|1\n|-unboost|p2b: Zapdos|atk|1\n|-ability|p2b: Zapdos|Defiant|boost\n|-boost|p2b: Zapdos|atk|2\n|turn|5\n|inactive|Chaizen Hirussa has 30 seconds left.\n|\n|t:|1701075021\n|move|p1b: Arcanine|Protect|p1b: Arcanine\n|-singleturn|p1b: Arcanine|Protect\n|move|p2b: Zapdos|Brave Bird|p1b: Arcanine\n|-activate|p1b: Arcanine|move: Protect\n|move|p1a: Chien-Pao|Ice Spinner|p2b: Zapdos\n|-supereffective|p2b: Zapdos\n|-damage|p2b: Zapdos|0 fnt\n|faint|p2b: Zapdos\n|move|p2a: Ogerpon|Ivy Cudgel|p1a: Chien-Pao|[anim] Ivy Cudgel Water\n|-enditem|p1a: Chien-Pao|Focus Sash\n|-damage|p1a: Chien-Pao|1\/100\n|\n|upkeep\n|turn|6\n|inactive|Cinarguncavdi2231 has 30 seconds left.\n|inactive|Cinarguncavdi2231 has 20 seconds left.\n|\n|t:|1701075056\n|move|p1a: Chien-Pao|Sucker Punch|p2a: Ogerpon\n|-damage|p2a: Ogerpon|50\/100\n|move|p2a: Ogerpon|Ivy Cudgel|p1b: Arcanine|[anim] Ivy Cudgel Water\n|-supereffective|p1b: Arcanine\n|-damage|p1b: Arcanine|0 fnt\n|faint|p1b: Arcanine\n|\n|upkeep\n|turn|7\n|\n|t:|1701075076\n|move|p1a: Chien-Pao|Sucker Punch|p2a: Ogerpon\n|-damage|p2a: Ogerpon|0 fnt\n|faint|p2a: Ogerpon\n|\n|win|Cinarguncavdi2231\n|raw|Cinarguncavdi2231's rating: 1249 &rarr; <strong>1280<\/strong><br \/>(+31 for winning)\n|raw|Chaizen Hirussa's rating: 1329 &rarr; <strong>1304<\/strong><br \/>(-25 for losing)\n","uploadtime":1701075082,"views":3,"p1id":"cinarguncavdi2231","p2id":"chaizenhirussa","formatid":"gen9vgc2023regulatione","rating":1280,"private":0,"password":""}