{"id":"gen9vgc2023regulatione-1998000494","p1":"99 Poipole","p2":"TREY_NJVGC","format":"[Gen 9] VGC 2023 Regulation E","log":"|j|\u260699 Poipole\n|j|\u2606TREY_NJVGC\n|t:|1700877350\n|gametype|doubles\n|player|p1|99 Poipole|lance|1158\n|player|p2|TREY_NJVGC|bede-leader|1081\n|teamsize|p1|6\n|teamsize|p2|6\n|gen|9\n|tier|[Gen 9] VGC 2023 Regulation E\n|rated|\n|rule|Species Clause: Limit one of each Pok\u00e9mon\n|rule|Item Clause: Limit one of each item\n|clearpoke\n|poke|p1|Dragapult, L50, M|\n|poke|p1|Ogerpon-Wellspring, L50, F|\n|poke|p1|Flutter Mane, L50|\n|poke|p1|Iron Hands, L50|\n|poke|p1|Chien-Pao, L50|\n|poke|p1|Tornadus, L50, M|\n|poke|p2|Urshifu-*, L50, M|\n|poke|p2|Politoed, L50, M|\n|poke|p2|Ludicolo, L50, F|\n|poke|p2|Thundurus-Therian, L50, M|\n|poke|p2|Tornadus, L50, M|\n|poke|p2|Sinistcha, L50|\n|teampreview|4\n|\n|t:|1700877412\n|start\n|switch|p1a: Dragapult|Dragapult, L50, M, shiny|100\/100\n|switch|p1b: Ogerpon|Ogerpon-Wellspring, L50, F|100\/100\n|switch|p2a: Tornadus|Tornadus, L50, M|100\/100\n|switch|p2b: Thundurus|Thundurus-Therian, L50, M|100\/100\n|turn|1\n|\n|t:|1700877441\n|switch|p2b: Politoed|Politoed, L50, M|100\/100\n|-weather|RainDance|[from] ability: Drizzle|[of] p2b: Politoed\n|move|p1a: Dragapult|Dragon Pulse|p2b: Politoed\n|-damage|p2b: Politoed|79\/100\n|move|p2a: Tornadus|Bleakwind Storm|p1a: Dragapult|[spread] p1a,p1b\n|-supereffective|p1b: Ogerpon\n|-damage|p1a: Dragapult|57\/100\n|-damage|p1b: Ogerpon|27\/100\n|-unboost|p1a: Dragapult|spe|1\n|move|p1b: Ogerpon|Ivy Cudgel|p2b: Politoed|[anim] Ivy Cudgel Water\n|-resisted|p2b: Politoed\n|-damage|p2b: Politoed|43\/100\n|-enditem|p2b: Politoed|Sitrus Berry|[eat]\n|-heal|p2b: Politoed|68\/100|[from] item: Sitrus Berry\n|\n|-weather|RainDance|[upkeep]\n|upkeep\n|turn|2\n|\n|t:|1700877469\n|move|p2b: Politoed|Helping Hand|p2a: Tornadus\n|-singleturn|p2a: Tornadus|Helping Hand|[of] p2b: Politoed\n|move|p1b: Ogerpon|Spiky Shield|p1b: Ogerpon\n|-singleturn|p1b: Ogerpon|move: Protect\n|move|p2a: Tornadus|Bleakwind Storm|p1a: Dragapult|[spread] p1a\n|-activate|p1b: Ogerpon|move: Protect\n|-damage|p1a: Dragapult|0 fnt\n|faint|p1a: Dragapult\n|\n|-weather|RainDance|[upkeep]\n|upkeep\n|\n|t:|1700877478\n|switch|p1a: Iron Hands|Iron Hands, L50|100\/100\n|turn|3\n|\n|t:|1700877496\n|move|p2b: Politoed|Protect|p2b: Politoed\n|-singleturn|p2b: Politoed|Protect\n|move|p1a: Iron Hands|Fake Out|p2a: Tornadus\n|-damage|p2a: Tornadus|73\/100\n|move|p2a: Tornadus|Tailwind|p2a: Tornadus\n|-sidestart|p2: TREY_NJVGC|move: Tailwind\n|move|p1b: Ogerpon|Ivy Cudgel|p2a: Tornadus|[anim] Ivy Cudgel Water\n|-damage|p2a: Tornadus|0 fnt\n|faint|p2a: Tornadus\n|\n|-weather|RainDance|[upkeep]\n|upkeep\n|\n|t:|1700877508\n|switch|p2a: Ludicolo|Ludicolo, L50, F|100\/100\n|turn|4\n|\n|t:|1700877528\n|move|p2a: Ludicolo|Fake Out|p1a: Iron Hands\n|-damage|p1a: Iron Hands|96\/100\n|move|p1b: Ogerpon|Follow Me|p1b: Ogerpon\n|-singleturn|p1b: Ogerpon|move: Follow Me\n|move|p2b: Politoed|Perish Song|p2b: Politoed\n|-start|p1a: Iron Hands|perish3|[silent]\n|-start|p1b: Ogerpon|perish3|[silent]\n|-start|p2a: Ludicolo|perish3|[silent]\n|-start|p2b: Politoed|perish3|[silent]\n|-fieldactivate|move: Perish Song\n|cant|p1a: Iron Hands|flinch\n|\n|-weather|RainDance|[upkeep]\n|-start|p2a: Ludicolo|perish3\n|-start|p2b: Politoed|perish3\n|-start|p1b: Ogerpon|perish3\n|-start|p1a: Iron Hands|perish3\n|upkeep\n|turn|5\n|\n|t:|1700877548\n|-terastallize|p2b: Politoed|Grass\n|move|p2b: Politoed|Helping Hand|p2a: Ludicolo\n|-singleturn|p2a: Ludicolo|Helping Hand|[of] p2b: Politoed\n|move|p2a: Ludicolo|Ice Beam|p1b: Ogerpon\n|-damage|p1b: Ogerpon|0 fnt\n|faint|p1b: Ogerpon\n|move|p1a: Iron Hands|Wild Charge|p2b: Politoed\n|-resisted|p2b: Politoed\n|-damage|p2b: Politoed|41\/100\n|-damage|p1a: Iron Hands|91\/100|[from] Recoil\n|\n|-weather|none\n|-start|p2a: Ludicolo|perish2\n|-start|p2b: Politoed|perish2\n|-start|p1a: Iron Hands|perish2\n|upkeep\n|\n|t:|1700877557\n|switch|p1b: Tornadus|Tornadus, L50, M, shiny|100\/100\n|turn|6\n|\n|t:|1700877591\n|switch|p2b: Thundurus|Thundurus-Therian, L50, M|100\/100\n|move|p2a: Ludicolo|Ice Beam|p1b: Tornadus\n|-supereffective|p1b: Tornadus\n|-damage|p1b: Tornadus|60\/100\n|move|p1b: Tornadus|Bleakwind Storm|p2b: Thundurus|[spread] p2a,p2b\n|-supereffective|p2a: Ludicolo\n|-resisted|p2b: Thundurus\n|-damage|p2a: Ludicolo|54\/100\n|-damage|p2b: Thundurus|78\/100\n|move|p1a: Iron Hands|Drain Punch|p2a: Ludicolo\n|-damage|p2a: Ludicolo|0 fnt\n|-heal|p1a: Iron Hands|100\/100|[from] drain|[of] p2a: Ludicolo\n|faint|p2a: Ludicolo\n|\n|-start|p1a: Iron Hands|perish1\n|-sideend|p2: TREY_NJVGC|move: Tailwind\n|upkeep\n|\n|t:|1700877605\n|switch|p2a: Politoed|Politoed, L50, M, tera:Grass|41\/100\n|-weather|RainDance|[from] ability: Drizzle|[of] p2a: Politoed\n|turn|7\n|\n|t:|1700877618\n|move|p2b: Thundurus|Wildbolt Storm|p1b: Tornadus|[spread] p1a,p1b\n|-resisted|p1a: Iron Hands\n|-supereffective|p1b: Tornadus\n|-damage|p1a: Iron Hands|80\/100\n|-damage|p1b: Tornadus|0 fnt\n|faint|p1b: Tornadus\n|move|p2a: Politoed|Chilling Water|p1a: Iron Hands\n|-crit|p1a: Iron Hands\n|-damage|p1a: Iron Hands|57\/100\n|-unboost|p1a: Iron Hands|atk|1\n|move|p1a: Iron Hands|Drain Punch|p2a: Politoed\n|-damage|p2a: Politoed|11\/100\n|-heal|p1a: Iron Hands|68\/100|[from] drain|[of] p2a: Politoed\n|\n|-weather|RainDance|[upkeep]\n|-start|p1a: Iron Hands|perish0\n|upkeep\n|faint|p1a: Iron Hands\n|-end|p1a: Iron Hands|Quark Drive|[silent]\n|\n|win|TREY_NJVGC\n|raw|99 Poipole's rating: 1158 &rarr; <strong>1128<\/strong><br \/>(-30 for losing)\n|raw|TREY_NJVGC's rating: 1081 &rarr; <strong>1115<\/strong><br \/>(+34 for winning)\n|l|\u260699 Poipole\n","uploadtime":1700877638,"views":6,"p1id":"99poipole","p2id":"treynjvgc","formatid":"gen9vgc2023regulatione","rating":1115,"private":0,"password":""}