{"id":"gen9vgc2023regulatione-1988799958","p1":"PRZombies","p2":"KingKRool213","format":"[Gen 9] VGC 2023 Regulation E","log":"|j|\u2606PRZombies\n|j|\u2606KingKRool213\n|t:|1699764912\n|gametype|doubles\n|player|p1|PRZombies|265|1072\n|player|p2|KingKRool213|roark|1000\n|teamsize|p1|6\n|teamsize|p2|6\n|gen|9\n|tier|[Gen 9] VGC 2023 Regulation E\n|rated|\n|rule|Species Clause: Limit one of each Pok\u00e9mon\n|rule|Item Clause: Limit one of each item\n|clearpoke\n|poke|p1|Kommo-o, L50, F|\n|poke|p1|Tyranitar, L50, F|\n|poke|p1|Rillaboom, L50, M|\n|poke|p1|Flutter Mane, L50|\n|poke|p1|Arcanine-Hisui, L50, F|\n|poke|p1|Iron Bundle, L50|\n|poke|p2|Gliscor, L50, M|\n|poke|p2|Ting-Lu, L50|\n|poke|p2|Wo-Chien, L50|\n|poke|p2|Cresselia, L50, F|\n|poke|p2|Glimmora, L50, M|\n|poke|p2|Clefable, L50, M|\n|teampreview|4\n|\n|t:|1699764983\n|start\n|switch|p1a: Kommo-o|Kommo-o, L50, F|100\/100\n|switch|p1b: Flutter Mane|Flutter Mane, L50|100\/100\n|switch|p2a: Glimmora|Glimmora, L50, M|100\/100\n|switch|p2b: Gliscor|Gliscor, L50, M, shiny|100\/100\n|turn|1\n|\n|t:|1699765009\n|-end|p1b: Flutter Mane|Protosynthesis|[silent]\n|switch|p1b: Tyranitar|Tyranitar, L50, F|100\/100\n|-weather|Sandstorm|[from] ability: Sand Stream|[of] p1b: Tyranitar\n|move|p2b: Gliscor|Protect|p2b: Gliscor\n|-singleturn|p2b: Gliscor|Protect\n|move|p2a: Glimmora|Mortal Spin|p1b: Tyranitar|[spread] p1a,p1b\n|-resisted|p1b: Tyranitar\n|-damage|p1a: Kommo-o|98\/100\n|-damage|p1b: Tyranitar|99\/100\n|-status|p1a: Kommo-o|psn\n|-status|p1b: Tyranitar|psn\n|move|p1a: Kommo-o|Iron Defense|p1a: Kommo-o\n|-boost|p1a: Kommo-o|def|2\n|\n|-weather|Sandstorm|[upkeep]\n|-damage|p1a: Kommo-o|92\/100 psn|[from] Sandstorm\n|-heal|p1a: Kommo-o|98\/100 psn|[from] item: Leftovers\n|-damage|p1b: Tyranitar|86\/100 psn|[from] psn\n|-damage|p1a: Kommo-o|86\/100 psn|[from] psn\n|-status|p2b: Gliscor|tox|[from] item: Toxic Orb\n|upkeep\n|turn|2\n|\n|t:|1699765045\n|move|p2a: Glimmora|Spiky Shield|p2a: Glimmora\n|-singleturn|p2a: Glimmora|move: Protect\n|move|p2b: Gliscor|Earthquake|p1b: Tyranitar|[spread] p1a,p1b\n|-activate|p2a: Glimmora|move: Protect\n|-supereffective|p1b: Tyranitar\n|-damage|p1a: Kommo-o|78\/100 psn\n|-damage|p1b: Tyranitar|44\/100 psn\n|move|p1b: Tyranitar|Low Kick|p2a: Glimmora\n|-activate|p2a: Glimmora|move: Protect\n|-damage|p1b: Tyranitar|32\/100 psn|[from] Spiky Shield|[of] p2a: Glimmora\n|move|p1a: Kommo-o|Body Press|p2b: Gliscor\n|-resisted|p2b: Gliscor\n|-damage|p2b: Gliscor|70\/100 tox\n|\n|-weather|Sandstorm|[upkeep]\n|-damage|p1a: Kommo-o|72\/100 psn|[from] Sandstorm\n|-heal|p1a: Kommo-o|78\/100 psn|[from] item: Leftovers\n|-heal|p2b: Gliscor|82\/100 tox|[from] ability: Poison Heal\n|-damage|p1b: Tyranitar|19\/100 psn|[from] psn\n|-damage|p1a: Kommo-o|66\/100 psn|[from] psn\n|upkeep\n|turn|3\n|\n|t:|1699765077\n|move|p2b: Gliscor|Protect|p2b: Gliscor\n|-singleturn|p2b: Gliscor|Protect\n|move|p2a: Glimmora|Spikes|p1b: Tyranitar\n|-sidestart|p1: PRZombies|Spikes\n|move|p1b: Tyranitar|Rock Slide|p2b: Gliscor|[spread] p2a\n|-activate|p2b: Gliscor|move: Protect\n|-damage|p2a: Glimmora|58\/100\n|-activate|p2a: Glimmora|ability: Toxic Debris\n|-sidestart|p1: PRZombies|move: Toxic Spikes\n|move|p1a: Kommo-o|Body Press|p2a: Glimmora\n|-damage|p2a: Glimmora|0 fnt\n|-activate|p2a: Glimmora|ability: Toxic Debris\n|-sidestart|p1: PRZombies|move: Toxic Spikes\n|faint|p2a: Glimmora\n|\n|-weather|Sandstorm|[upkeep]\n|-damage|p1a: Kommo-o|60\/100 psn|[from] Sandstorm\n|-heal|p1a: Kommo-o|66\/100 psn|[from] item: Leftovers\n|-heal|p2b: Gliscor|94\/100 tox|[from] ability: Poison Heal\n|-damage|p1b: Tyranitar|7\/100 psn|[from] psn\n|-damage|p1a: Kommo-o|54\/100 psn|[from] psn\n|upkeep\n|\n|t:|1699765092\n|switch|p2a: Cresselia|Cresselia, L50, F, shiny|100\/100\n|turn|4\n|\n|t:|1699765106\n|-terastallize|p1a: Kommo-o|Steel\n|move|p2b: Gliscor|Earthquake|p1a: Kommo-o|[spread] p1a,p1b\n|-immune|p2a: Cresselia|[from] ability: Levitate\n|-supereffective|p1a: Kommo-o\n|-supereffective|p1b: Tyranitar\n|-damage|p1a: Kommo-o|37\/100 psn\n|-damage|p1b: Tyranitar|0 fnt\n|faint|p1b: Tyranitar\n|move|p1a: Kommo-o|Iron Head|p2a: Cresselia\n|-damage|p2a: Cresselia|83\/100\n|-damage|p1a: Kommo-o|21\/100 psn|[from] item: Rocky Helmet|[of] p2a: Cresselia\n|move|p2a: Cresselia|Dazzling Gleam|p1a: Kommo-o\n|-resisted|p1a: Kommo-o\n|-damage|p1a: Kommo-o|14\/100 psn\n|\n|-weather|Sandstorm|[upkeep]\n|-damage|p2a: Cresselia|77\/100|[from] Sandstorm\n|-heal|p1a: Kommo-o|20\/100 psn|[from] item: Leftovers\n|-heal|p2b: Gliscor|100\/100 tox|[from] ability: Poison Heal\n|-damage|p1a: Kommo-o|8\/100 psn|[from] psn\n|upkeep\n|\n|t:|1699765127\n|switch|p1b: Arcanine|Arcanine-Hisui, L50, F|100\/100\n|-damage|p1b: Arcanine|88\/100|[from] Spikes\n|-status|p1b: Arcanine|tox\n|-ability|p1b: Arcanine|Intimidate|boost\n|-unboost|p2a: Cresselia|atk|1\n|-unboost|p2b: Gliscor|atk|1\n|turn|5\n|\n|t:|1699765145\n|move|p1b: Arcanine|Rock Slide|p2a: Cresselia|[spread] p2a,p2b\n|-crit|p2b: Gliscor\n|-damage|p2a: Cresselia|65\/100\n|-damage|p2b: Gliscor|76\/100 tox\n|move|p2b: Gliscor|Earthquake|p1b: Arcanine|[spread] p1a,p1b\n|-immune|p2a: Cresselia|[from] ability: Levitate\n|-supereffective|p1a: Kommo-o\n|-supereffective|p1b: Arcanine\n|-damage|p1a: Kommo-o|0 fnt\n|-damage|p1b: Arcanine|14\/100 tox\n|-enditem|p1b: Arcanine|Sitrus Berry|[eat]\n|-heal|p1b: Arcanine|39\/100 tox|[from] item: Sitrus Berry\n|faint|p1a: Kommo-o\n|move|p2a: Cresselia|Lunar Blessing|p2a: Cresselia|[spread] p2a,p2b\n|-heal|p2a: Cresselia|89\/100\n|-heal|p2b: Gliscor|100\/100 tox\n|-curestatus|p2b: Gliscor|tox|[msg]\n|\n|-weather|none\n|-damage|p1b: Arcanine|33\/100 tox|[from] psn\n|-status|p2b: Gliscor|tox|[from] item: Toxic Orb\n|upkeep\n|\n|t:|1699765152\n|switch|p1a: Flutter Mane|Flutter Mane, L50|100\/100\n|-damage|p1a: Flutter Mane|88\/100|[from] Spikes\n|-status|p1a: Flutter Mane|tox\n|turn|6\n|\n|t:|1699765171\n|move|p2a: Cresselia|Protect|p2a: Cresselia\n|-singleturn|p2a: Cresselia|Protect\n|move|p1a: Flutter Mane|Dazzling Gleam|p2a: Cresselia|[spread] p2b\n|-activate|p2a: Cresselia|move: Protect\n|-damage|p2b: Gliscor|51\/100 tox\n|move|p1b: Arcanine|Rock Slide|p2b: Gliscor|[spread] p2b\n|-activate|p2a: Cresselia|move: Protect\n|-damage|p2b: Gliscor|34\/100 tox\n|move|p2b: Gliscor|Earthquake|p1b: Arcanine|[spread] p1a,p1b\n|-activate|p2a: Cresselia|move: Protect\n|-supereffective|p1b: Arcanine\n|-damage|p1a: Flutter Mane|58\/100 tox\n|-damage|p1b: Arcanine|0 fnt\n|faint|p1b: Arcanine\n|\n|-damage|p1a: Flutter Mane|52\/100 tox|[from] psn\n|-heal|p2b: Gliscor|46\/100 tox|[from] ability: Poison Heal\n|upkeep\n|turn|7\n|\n|t:|1699765190\n|move|p2b: Gliscor|Protect|p2b: Gliscor\n|-singleturn|p2b: Gliscor|Protect\n|move|p1a: Flutter Mane|Dazzling Gleam|p2b: Gliscor|[spread] p2a\n|-activate|p2b: Gliscor|move: Protect\n|-damage|p2a: Cresselia|62\/100\n|move|p2a: Cresselia|Lunar Blessing|p2a: Cresselia|[spread] p2a,p2b\n|-heal|p2a: Cresselia|87\/100\n|-heal|p2b: Gliscor|71\/100 tox\n|-curestatus|p2b: Gliscor|tox|[msg]\n|\n|-damage|p1a: Flutter Mane|39\/100 tox|[from] psn\n|-status|p2b: Gliscor|tox|[from] item: Toxic Orb\n|upkeep\n|turn|8\n|\n|t:|1699765213\n|-terastallize|p2b: Gliscor|Poison\n|move|p2a: Cresselia|Protect|p2a: Cresselia\n|-singleturn|p2a: Cresselia|Protect\n|move|p1a: Flutter Mane|Dazzling Gleam|p2a: Cresselia|[spread] p2b\n|-activate|p2a: Cresselia|move: Protect\n|-resisted|p2b: Gliscor\n|-damage|p2b: Gliscor|49\/100 tox\n|move|p2b: Gliscor|Earthquake|p1a: Flutter Mane|[spread] p1a\n|-activate|p2a: Cresselia|move: Protect\n|-damage|p1a: Flutter Mane|9\/100 tox\n|\n|-damage|p1a: Flutter Mane|0 fnt|[from] psn\n|faint|p1a: Flutter Mane\n|-end|p1a: Flutter Mane|Protosynthesis|[silent]\n|\n|win|KingKRool213\n|upkeep\n|raw|PRZombies's rating: 1072 &rarr; <strong>1047<\/strong><br \/>(-25 for losing)\n|raw|KingKRool213's rating: 1000 &rarr; <strong>1048<\/strong><br \/>(+48 for winning)\n|l|\u2606PRZombies\n","uploadtime":1699765243,"views":17,"p1id":"przombies","p2id":"kingkrool213","formatid":"gen9vgc2023regulatione","rating":1047,"private":0,"password":""}