{"id":"gen9vgc2023regulatione-1989984519","p1":"DegeneraVGC","p2":"carpe_panem","format":"[Gen 9] VGC 2023 Regulation E","log":"|j|\u2606DegeneraVGC\n|j|\u2606carpe_panem\n|t:|1699912576\n|gametype|doubles\n|player|p1|DegeneraVGC|266|1112\n|player|p2|carpe_panem|2|1080\n|teamsize|p1|6\n|teamsize|p2|6\n|gen|9\n|tier|[Gen 9] VGC 2023 Regulation E\n|rated|\n|rule|Species Clause: Limit one of each Pok\u00e9mon\n|rule|Item Clause: Limit one of each item\n|clearpoke\n|poke|p1|Chien-Pao, L50|\n|poke|p1|Urshifu-*, L50, M|\n|poke|p1|Greninja-*, L50, M|\n|poke|p1|Arcanine-Hisui, L50, M|\n|poke|p1|Farigiraf, L50, F|\n|poke|p1|Decidueye, L50, M|\n|poke|p2|Torterra, L50, F|\n|poke|p2|Grimmsnarl, L50, M|\n|poke|p2|Urshifu-*, L50, M|\n|poke|p2|Cresselia, L50, F|\n|poke|p2|Ursaluna-Bloodmoon, L50, M|\n|poke|p2|Dusclops, L50, F|\n|teampreview|4\n|\n|t:|1699912631\n|start\n|switch|p1a: Farigiraf|Farigiraf, L50, F|100\/100\n|switch|p1b: Decidueye|Decidueye, L50, M|100\/100\n|switch|p2a: Torterra|Torterra, L50, F|100\/100\n|switch|p2b: Grimmsnarl|Grimmsnarl, L50, M|100\/100\n|turn|1\n|\n|t:|1699912676\n|move|p2b: Grimmsnarl|Light Screen|p2b: Grimmsnarl\n|-sidestart|p2: carpe_panem|move: Light Screen\n|move|p1a: Farigiraf|Hyper Voice|p2a: Torterra|[spread] p2a,p2b\n|-damage|p2a: Torterra|80\/100\n|-damage|p2b: Grimmsnarl|79\/100\n|move|p1b: Decidueye|Hurricane|p2a: Torterra\n|-supereffective|p2a: Torterra\n|-damage|p2a: Torterra|15\/100\n|-enditem|p2a: Torterra|Sitrus Berry|[eat]\n|-heal|p2a: Torterra|40\/100|[from] item: Sitrus Berry\n|move|p2a: Torterra|Amnesia|p2a: Torterra\n|-boost|p2a: Torterra|spd|2\n|\n|upkeep\n|turn|2\n|\n|t:|1699912709\n|switch|p1b: Urshifu|Urshifu-Rapid-Strike, L50, M|100\/100\n|-terastallize|p2a: Torterra|Fairy\n|move|p2b: Grimmsnarl|Parting Shot||[still]\n|cant|p1a: Farigiraf|ability: Armor Tail|Parting Shot|[of] p2b: Grimmsnarl\n|move|p1a: Farigiraf|Hyper Voice|p2a: Torterra|[spread] p2a,p2b\n|-damage|p2a: Torterra|30\/100\n|-damage|p2b: Grimmsnarl|57\/100\n|move|p2a: Torterra|Synthesis|p2a: Torterra\n|-heal|p2a: Torterra|80\/100\n|\n|upkeep\n|turn|3\n|\n|t:|1699912729\n|switch|p1a: Chien-Pao|Chien-Pao, L50|100\/100\n|-ability|p1a: Chien-Pao|Sword of Ruin\n|-terastallize|p1b: Urshifu|Water\n|move|p2b: Grimmsnarl|Reflect|p2b: Grimmsnarl\n|-sidestart|p2: carpe_panem|Reflect\n|move|p1b: Urshifu|Surging Strikes|p2a: Torterra\n|-damage|p2a: Torterra|66\/100\n|-damage|p2a: Torterra|51\/100\n|-damage|p2a: Torterra|38\/100\n|-hitcount|p2a: Torterra|3\n|move|p2a: Torterra|Iron Defense|p2a: Torterra\n|-boost|p2a: Torterra|def|2\n|\n|upkeep\n|turn|4\n|\n|t:|1699912755\n|move|p2b: Grimmsnarl|Parting Shot|p1b: Urshifu\n|-unboost|p1b: Urshifu|atk|1\n|-unboost|p1b: Urshifu|spa|1\n|\n|t:|1699912759\n|switch|p2b: Cresselia|Cresselia, L50, F|100\/100|[from] Parting Shot\n|move|p1a: Chien-Pao|Ice Spinner|p2a: Torterra\n|-damage|p2a: Torterra|22\/100\n|-damage|p1a: Chien-Pao|91\/100|[from] item: Life Orb\n|move|p1b: Urshifu|Surging Strikes|p2a: Torterra\n|-damage|p2a: Torterra|17\/100\n|-damage|p2a: Torterra|12\/100\n|-damage|p2a: Torterra|6\/100\n|-hitcount|p2a: Torterra|3\n|move|p2a: Torterra|Synthesis|p2a: Torterra\n|-heal|p2a: Torterra|56\/100\n|\n|upkeep\n|turn|5\n|\n|t:|1699912785\n|switch|p1b: Decidueye|Decidueye, L50, M|100\/100\n|move|p1a: Chien-Pao|Ice Spinner|p2a: Torterra\n|-damage|p2a: Torterra|39\/100\n|-damage|p1a: Chien-Pao|81\/100|[from] item: Life Orb\n|move|p2a: Torterra|Iron Defense|p2a: Torterra\n|-boost|p2a: Torterra|def|2\n|move|p2b: Cresselia|Trick Room|p2b: Cresselia\n|-fieldstart|move: Trick Room|[of] p2b: Cresselia\n|\n|upkeep\n|turn|6\n|\n|t:|1699912803\n|switch|p1a: Farigiraf|Farigiraf, L50, F|100\/100\n|move|p2a: Torterra|Synthesis|p2a: Torterra\n|-heal|p2a: Torterra|89\/100\n|move|p2b: Cresselia|Calm Mind|p2b: Cresselia\n|-boost|p2b: Cresselia|spa|1\n|-boost|p2b: Cresselia|spd|1\n|move|p1b: Decidueye|Shadow Ball|p2b: Cresselia\n|-supereffective|p2b: Cresselia\n|-damage|p2b: Cresselia|63\/100\n|\n|upkeep\n|turn|7\n|\n|t:|1699912832\n|move|p2a: Torterra|Iron Defense|p2a: Torterra\n|-boost|p2a: Torterra|def|2\n|move|p2b: Cresselia|Calm Mind|p2b: Cresselia\n|-boost|p2b: Cresselia|spa|1\n|-boost|p2b: Cresselia|spd|1\n|move|p1a: Farigiraf|Hyper Voice|p2b: Cresselia|[spread] p2a,p2b\n|-damage|p2a: Torterra|79\/100\n|-damage|p2b: Cresselia|56\/100\n|move|p1b: Decidueye|Shadow Ball|p2b: Cresselia\n|-supereffective|p2b: Cresselia\n|-damage|p2b: Cresselia|29\/100\n|\n|upkeep\n|turn|8\n|\n|t:|1699912851\n|move|p2a: Torterra|Body Press|p1a: Farigiraf\n|-damage|p1a: Farigiraf|0 fnt\n|faint|p1a: Farigiraf\n|move|p2b: Cresselia|Lunar Blessing|p2b: Cresselia|[spread] p2a,p2b\n|-heal|p2a: Torterra|100\/100\n|-heal|p2b: Cresselia|54\/100\n|move|p1b: Decidueye|Shadow Ball|p2b: Cresselia\n|-supereffective|p2b: Cresselia\n|-damage|p2b: Cresselia|27\/100\n|\n|-sideend|p2: carpe_panem|move: Light Screen\n|upkeep\n|\n|t:|1699912868\n|switch|p1a: Chien-Pao|Chien-Pao, L50|81\/100\n|-ability|p1a: Chien-Pao|Sword of Ruin\n|turn|9\n|\n|t:|1699912879\n|move|p1a: Chien-Pao|Protect|p1a: Chien-Pao\n|-singleturn|p1a: Chien-Pao|Protect\n|move|p2a: Torterra|Body Press|p1a: Chien-Pao\n|-activate|p1a: Chien-Pao|move: Protect\n|move|p2b: Cresselia|Stored Power|p1b: Decidueye\n|-damage|p1b: Decidueye|41\/100\n|move|p1b: Decidueye|Shadow Ball|p2b: Cresselia\n|-supereffective|p2b: Cresselia\n|-damage|p2b: Cresselia|0 fnt\n|faint|p2b: Cresselia\n|\n|-fieldend|move: Trick Room\n|upkeep\n|\n|t:|1699912891\n|switch|p2b: Ursaluna|Ursaluna-Bloodmoon, L50, M|100\/100\n|turn|10\n|\n|t:|1699912910\n|switch|p1b: Urshifu|Urshifu-Rapid-Strike, L50, M, tera:Water|100\/100\n|move|p1a: Chien-Pao|Ice Spinner|p2b: Ursaluna\n|-supereffective|p2b: Ursaluna\n|-damage|p2b: Ursaluna|27\/100\n|-damage|p1a: Chien-Pao|71\/100|[from] item: Life Orb\n|move|p2a: Torterra|Body Press|p1a: Chien-Pao\n|-supereffective|p1a: Chien-Pao\n|-damage|p1a: Chien-Pao|0 fnt\n|faint|p1a: Chien-Pao\n|move|p2b: Ursaluna|Blood Moon|p1b: Urshifu\n|-damage|p1b: Urshifu|0 fnt\n|faint|p1b: Urshifu\n|-damage|p2b: Ursaluna|17\/100|[from] item: Life Orb\n|\n|-sideend|p2: carpe_panem|Reflect\n|upkeep\n|\n|t:|1699912921\n|switch|p1a: Decidueye|Decidueye, L50, M|41\/100\n|turn|11\n|\n|t:|1699912940\n|move|p1a: Decidueye|Grass Pledge|p2b: Ursaluna\n|-supereffective|p2b: Ursaluna\n|-damage|p2b: Ursaluna|0 fnt\n|faint|p2b: Ursaluna\n|move|p2a: Torterra|Amnesia|p2a: Torterra\n|-boost|p2a: Torterra|spd|2\n|\n|upkeep\n|\n|t:|1699912943\n|switch|p2b: Grimmsnarl|Grimmsnarl, L50, M|57\/100\n|turn|12\n|\n|t:|1699912954\n|move|p1a: Decidueye|Grass Pledge|p2b: Grimmsnarl\n|-damage|p2b: Grimmsnarl|0 fnt\n|faint|p2b: Grimmsnarl\n|move|p2a: Torterra|Amnesia|p2a: Torterra\n|-boost|p2a: Torterra|spd|2\n|\n|upkeep\n|turn|13\n|-message|carpe_panem forfeited.\n|\n|win|DegeneraVGC\n|raw|DegeneraVGC's rating: 1112 &rarr; <strong>1135<\/strong><br \/>(+23 for winning)\n|raw|carpe_panem's rating: 1080 &rarr; <strong>1060<\/strong><br \/>(-20 for losing)\n|l|\u2606carpe_panem\n","uploadtime":1699913038,"views":16,"p1id":"degeneravgc","p2id":"carpepanem","formatid":"gen9vgc2023regulatione","rating":1060,"private":0,"password":""}