{"id":"gen9vgc2023regulatione-1999334537","p1":"Redrainreyes","p2":"Scarlet Devil Flan","format":"[Gen 9] VGC 2023 Regulation E","log":"|j|\u2606Redrainreyes\n|j|\u2606Scarlet Devil Flan\n|t:|1701062081\n|gametype|doubles\n|player|p1|Redrainreyes|guitarist|1053\n|player|p2|Scarlet Devil Flan|tate|1072\n|teamsize|p1|4\n|teamsize|p2|6\n|gen|9\n|tier|[Gen 9] VGC 2023 Regulation E\n|rated|\n|rule|Species Clause: Limit one of each Pok\u00e9mon\n|rule|Item Clause: Limit one of each item\n|clearpoke\n|poke|p1|Meowscarada, L50, F|\n|poke|p1|Arboliva, L50, F|\n|poke|p1|Ogerpon-Hearthflame, L50, F|\n|poke|p1|Sinistcha, L50|\n|poke|p2|Tinkaton, L50, F|\n|poke|p2|Tornadus, L50, M|\n|poke|p2|Oranguru, L50, F|\n|poke|p2|Clefairy, L50, F|\n|poke|p2|Lilligant-Hisui, L50, F|\n|poke|p2|Torkoal, L50, F|\n|teampreview|4\n|\n|t:|1701062097\n|start\n|switch|p1a: Ogerpon|Ogerpon-Hearthflame, L50, F|100\/100\n|switch|p1b: Arboliva|Arboliva, L50, F|100\/100\n|switch|p2a: Ponka Donka|Tinkaton, L50, F|100\/100\n|switch|p2b: William|Tornadus, L50, M, shiny|100\/100\n|-ability|p1a: Ogerpon|Mold Breaker\n|-item|p2a: Ponka Donka|Air Balloon\n|turn|1\n|\n|t:|1701062109\n|move|p1a: Ogerpon|Protect|p1a: Ogerpon\n|-singleturn|p1a: Ogerpon|Protect\n|move|p2a: Ponka Donka|Fake Out|p1a: Ogerpon\n|-activate|p1a: Ogerpon|move: Protect\n|move|p2b: William|Swagger|p2a: Ponka Donka\n|-boost|p2a: Ponka Donka|atk|2\n|-immune|p2a: Ponka Donka|confusion|[from] ability: Own Tempo\n|move|p1b: Arboliva|Earth Power|p2a: Ponka Donka\n|-immune|p2a: Ponka Donka\n|\n|upkeep\n|turn|2\n|\n|t:|1701062125\n|-terastallize|p2a: Ponka Donka|Steel\n|move|p1b: Arboliva|Protect|p1b: Arboliva\n|-singleturn|p1b: Arboliva|Protect\n|move|p2b: William|Tailwind|p2b: William\n|-sidestart|p2: Scarlet Devil Flan|move: Tailwind\n|move|p2a: Ponka Donka|Gigaton Hammer|p1a: Ogerpon\n|-resisted|p1a: Ogerpon\n|-damage|p1a: Ogerpon|0 fnt\n|faint|p1a: Ogerpon\n|\n|upkeep\n|\n|t:|1701062135\n|switch|p1a: Sinistcha|Sinistcha, L50|100\/100\n|turn|3\n|\n|t:|1701062149\n|move|p2a: Ponka Donka|Protect|p2a: Ponka Donka\n|-singleturn|p2a: Ponka Donka|Protect\n|move|p2b: William|Bleakwind Storm|p1a: Sinistcha|[spread] p1a,p1b\n|-supereffective|p1a: Sinistcha\n|-supereffective|p1b: Arboliva\n|-damage|p1a: Sinistcha|18\/100\n|-damage|p1b: Arboliva|54\/100\n|-fieldstart|move: Grassy Terrain|[from] ability: Seed Sower|[of] p1b: Arboliva\n|move|p1a: Sinistcha|Matcha Gotcha|p2a: Ponka Donka|[spread] p2b\n|-activate|p2a: Ponka Donka|move: Protect\n|-resisted|p2b: William\n|-damage|p2b: William|88\/100\n|-heal|p1a: Sinistcha|25\/100|[from] drain|[of] p2b: William\n|move|p1b: Arboliva|Hyper Voice|p2b: William|[spread] p2b\n|-activate|p2a: Ponka Donka|move: Protect\n|-damage|p2b: William|65\/100\n|\n|-heal|p1a: Sinistcha|31\/100|[from] Grassy Terrain\n|-heal|p1b: Arboliva|60\/100|[from] Grassy Terrain\n|-heal|p1b: Arboliva|66\/100|[from] item: Leftovers\n|upkeep\n|turn|4\n|\n|t:|1701062175\n|move|p1a: Sinistcha|Protect|p1a: Sinistcha\n|-singleturn|p1a: Sinistcha|Protect\n|move|p2a: Ponka Donka|Gigaton Hammer|p1b: Arboliva\n|-damage|p1b: Arboliva|0 fnt\n|faint|p1b: Arboliva\n|move|p2b: William|Bleakwind Storm|p1a: Sinistcha\n|-activate|p1a: Sinistcha|move: Protect\n|\n|-heal|p1a: Sinistcha|38\/100|[from] Grassy Terrain\n|upkeep\n|\n|t:|1701062180\n|switch|p1b: Meowscarada|Meowscarada, L50, F|100\/100\n|turn|5\n|\n|t:|1701062191\n|move|p2a: Ponka Donka|Protect|p2a: Ponka Donka\n|-singleturn|p2a: Ponka Donka|Protect\n|move|p1a: Sinistcha|Rage Powder|p1a: Sinistcha\n|-singleturn|p1a: Sinistcha|move: Rage Powder\n|move|p1b: Meowscarada|Sucker Punch|p2b: William\n|-damage|p2b: William|0 fnt\n|faint|p2b: William\n|\n|-heal|p1a: Sinistcha|44\/100|[from] Grassy Terrain\n|-sideend|p2: Scarlet Devil Flan|move: Tailwind\n|upkeep\n|\n|t:|1701062200\n|switch|p2b: Steam|Torkoal, L50, F, shiny|100\/100\n|-weather|SunnyDay|[from] ability: Drought|[of] p2b: Steam\n|turn|6\n|inactive|Battle timer is ON: inactive players will automatically lose when time's up. (requested by Redrainreyes)\n|\n|t:|1701062213\n|move|p1a: Sinistcha|Rage Powder|p1a: Sinistcha\n|-singleturn|p1a: Sinistcha|move: Rage Powder\n|move|p1b: Meowscarada|Sucker Punch|p2a: Ponka Donka\n|-damage|p2a: Ponka Donka|31\/100\n|-enditem|p2a: Ponka Donka|Air Balloon\n|move|p2a: Ponka Donka|Play Rough|p1a: Sinistcha\n|-damage|p1a: Sinistcha|0 fnt\n|-damage|p2a: Ponka Donka|15\/100|[from] item: Rocky Helmet|[of] p1a: Sinistcha\n|faint|p1a: Sinistcha\n|move|p2b: Steam|Eruption|p1b: Meowscarada\n|-supereffective|p1b: Meowscarada\n|-damage|p1b: Meowscarada|0 fnt\n|faint|p1b: Meowscarada\n|\n|win|Scarlet Devil Flan\n|raw|Redrainreyes's rating: 1053 &rarr; <strong>1036<\/strong><br \/>(-17 for losing)\n|raw|Scarlet Devil Flan's rating: 1072 &rarr; <strong>1100<\/strong><br \/>(+28 for winning)\n|l|\u2606Redrainreyes\n","uploadtime":1701062232,"views":2,"p1id":"redrainreyes","p2id":"scarletdevilflan","formatid":"gen9vgc2023regulatione","rating":1036,"private":0,"password":""}