{"id":"gen9vgc2023regulatione-1997040868","p1":"mochipupusa","p2":"lagodude","format":"[Gen 9] VGC 2023 Regulation E","log":"|j|\u2606mochipupusa\n|j|\u2606lagodude\n|t:|1700758531\n|gametype|doubles\n|player|p1|mochipupusa|collector|1324\n|player|p2|lagodude|265|1223\n|teamsize|p1|6\n|teamsize|p2|6\n|gen|9\n|tier|[Gen 9] VGC 2023 Regulation E\n|rated|\n|rule|Species Clause: Limit one of each Pok\u00e9mon\n|rule|Item Clause: Limit one of each item\n|clearpoke\n|poke|p1|Roaring Moon, L50|\n|poke|p1|Milotic, L50, M|\n|poke|p1|Landorus-Therian, L50, M|\n|poke|p1|Flutter Mane, L50|\n|poke|p1|Iron Hands, L50|\n|poke|p1|Ogerpon-Hearthflame, L50, F|\n|poke|p2|Pelipper, L50, M|\n|poke|p2|Urshifu-*, L50, M|\n|poke|p2|Tornadus, L50, M|\n|poke|p2|Thundurus-Therian, L50, M|\n|poke|p2|Landorus, L50, M|\n|poke|p2|Annihilape, L50, M|\n|teampreview|4\n|inactive|Battle timer is ON: inactive players will automatically lose when time's up. (requested by lagodude)\nmochipupusa has agreed to open team sheets.\n|inactive|mochipupusa has 60 seconds left.\n|inactive|lagodude has 60 seconds left.\n|\n|t:|1700758576\n|start\n|switch|p1a: Flutter Mane|Flutter Mane, L50|100\/100\n|switch|p1b: Iron Hands|Iron Hands, L50|100\/100\n|switch|p2a: Tornadus|Tornadus, L50, M|100\/100\n|switch|p2b: Pelipper|Pelipper, L50, M|100\/100\n|-weather|RainDance|[from] ability: Drizzle|[of] p2b: Pelipper\n|turn|1\n|inactive|mochipupusa has 30 seconds left.\n|inactive|lagodude has 30 seconds left.\n|\n|t:|1700758603\n|move|p2a: Tornadus|Taunt|p1a: Flutter Mane\n|-start|p1a: Flutter Mane|move: Taunt\n|move|p1a: Flutter Mane|Dazzling Gleam|p2a: Tornadus|[spread] p2a,p2b\n|-damage|p2a: Tornadus|64\/100\n|-damage|p2b: Pelipper|47\/100\n|move|p2b: Pelipper|Icy Wind|p1b: Iron Hands|[spread] p1a,p1b\n|-damage|p1a: Flutter Mane|89\/100\n|-damage|p1b: Iron Hands|93\/100\n|-unboost|p1a: Flutter Mane|spe|1\n|-unboost|p1b: Iron Hands|spe|1\n|move|p1b: Iron Hands|Wild Charge|p2a: Tornadus\n|-supereffective|p2a: Tornadus\n|-damage|p2a: Tornadus|0 fnt\n|faint|p2a: Tornadus\n|-damage|p1b: Iron Hands|81\/100|[from] Recoil\n|\n|-weather|RainDance|[upkeep]\n|upkeep\n|\n|t:|1700758614\n|switch|p2a: Urshifu|Urshifu-Rapid-Strike, L50, M|100\/100\n|turn|2\n|inactive|mochipupusa has 30 seconds left.\n|inactive|mochipupusa has 20 seconds left.\n|\n|t:|1700758651\n|-end|p1a: Flutter Mane|Protosynthesis|[silent]\n|switch|p1a: Landorus|Landorus-Therian, L50, M|100\/100\n|-ability|p1a: Landorus|Intimidate|boost\n|-unboost|p2a: Urshifu|atk|1\n|-unboost|p2b: Pelipper|atk|1\n|move|p2b: Pelipper|Wide Guard|p2b: Pelipper\n|-singleturn|p2b: Pelipper|Wide Guard\n|move|p2a: Urshifu|Surging Strikes|p1b: Iron Hands\n|-crit|p1b: Iron Hands\n|-damage|p1b: Iron Hands|52\/100\n|-crit|p1b: Iron Hands\n|-damage|p1b: Iron Hands|19\/100\n|-crit|p1b: Iron Hands\n|-damage|p1b: Iron Hands|0 fnt\n|faint|p1b: Iron Hands\n|-end|p1b: Iron Hands|Quark Drive|[silent]\n|-hitcount|p1: Iron Hands|3\n|\n|-weather|RainDance|[upkeep]\n|upkeep\n|inactive|mochipupusa has 30 seconds left.\n|\n|t:|1700758685\n|switch|p1b: Milotic|Milotic, L50, M|100\/100\n|turn|3\n|\n|t:|1700758700\n|-terastallize|p1a: Landorus|Flying\n|move|p1a: Landorus|Tera Blast|p2a: Urshifu|[anim] Tera Blast Flying\n|-supereffective|p2a: Urshifu\n|-crit|p2a: Urshifu\n|-damage|p2a: Urshifu|0 fnt\n|faint|p2a: Urshifu\n|move|p1b: Milotic|Scald|p2b: Pelipper\n|-resisted|p2b: Pelipper\n|-damage|p2b: Pelipper|12\/100\n|move|p2b: Pelipper|Icy Wind|p1a: Landorus|[spread] p1a,p1b\n|-supereffective|p1a: Landorus\n|-resisted|p1b: Milotic\n|-damage|p1a: Landorus|72\/100\n|-damage|p1b: Milotic|96\/100\n|-unboost|p1a: Landorus|spe|1\n|-unboost|p1b: Milotic|spe|1\n|-ability|p1b: Milotic|Competitive|boost\n|-boost|p1b: Milotic|spa|2\n|\n|-weather|RainDance|[upkeep]\n|-heal|p1b: Milotic|100\/100|[from] item: Leftovers\n|upkeep\n|\n|t:|1700758717\n|switch|p2a: Thundurus|Thundurus-Therian, L50, M|100\/100\n|turn|4\n|\n|t:|1700758737\n|move|p2b: Pelipper|Helping Hand|p2a: Thundurus\n|-singleturn|p2a: Thundurus|Helping Hand|[of] p2b: Pelipper\n|move|p2a: Thundurus|Wildbolt Storm|p1b: Milotic|[spread] p1a,p1b\n|-supereffective|p1a: Landorus\n|-supereffective|p1b: Milotic\n|-damage|p1a: Landorus|0 fnt\n|-damage|p1b: Milotic|15\/100\n|faint|p1a: Landorus\n|move|p1b: Milotic|Icy Wind|p2a: Thundurus|[spread] p2a,p2b\n|-supereffective|p2a: Thundurus\n|-damage|p2a: Thundurus|60\/100\n|-damage|p2b: Pelipper|0 fnt\n|-unboost|p2a: Thundurus|spe|1\n|faint|p2b: Pelipper\n|\n|-weather|RainDance|[upkeep]\n|-heal|p1b: Milotic|21\/100|[from] item: Leftovers\n|upkeep\n|\n|t:|1700758752\n|switch|p1a: Flutter Mane|Flutter Mane, L50|89\/100\n|turn|5\n|\n|t:|1700758769\n|-terastallize|p2a: Thundurus|Steel\n|move|p1a: Flutter Mane|Moonblast|p2a: Thundurus\n|-resisted|p2a: Thundurus\n|-damage|p2a: Thundurus|35\/100\n|move|p2a: Thundurus|Wildbolt Storm|p1b: Milotic|[spread] p1a,p1b\n|-supereffective|p1b: Milotic\n|-damage|p1a: Flutter Mane|52\/100\n|-damage|p1b: Milotic|0 fnt\n|faint|p1b: Milotic\n|\n|-weather|RainDance|[upkeep]\n|upkeep\n|turn|6\n|\n|t:|1700758788\n|move|p1a: Flutter Mane|Shadow Ball|p2a: Thundurus\n|-damage|p2a: Thundurus|0 fnt\n|faint|p2a: Thundurus\n|\n|win|mochipupusa\n|raw|mochipupusa's rating: 1324 &rarr; <strong>1338<\/strong><br \/>(+14 for winning)\n|raw|lagodude's rating: 1223 &rarr; <strong>1205<\/strong><br \/>(-18 for losing)\n|l|\u2606lagodude\n","uploadtime":1700758847,"views":1,"p1id":"mochipupusa","p2id":"lagodude","formatid":"gen9vgc2023regulatione","rating":1205,"private":0,"password":""}