{"id":"gen9vgc2023regulatione-1989234765","p1":"treezmcgee","p2":"Juanluquedios","format":"[Gen 9] VGC 2023 Regulation E","log":"|j|\u2606treezmcgee\n|j|\u2606Juanluquedios\n|t:|1699826349\n|gametype|doubles\n|player|p1|treezmcgee|swimmerf-gen4|1096\n|player|p2|Juanluquedios|101|1142\n|teamsize|p1|6\n|teamsize|p2|6\n|gen|9\n|tier|[Gen 9] VGC 2023 Regulation E\n|rated|\n|rule|Species Clause: Limit one of each Pok\u00e9mon\n|rule|Item Clause: Limit one of each item\n|clearpoke\n|poke|p1|Polteageist-Antique, L50|\n|poke|p1|Appletun, L50, M|\n|poke|p1|Grimmsnarl, L50, M|\n|poke|p1|Goodra-Hisui, L50, F|\n|poke|p1|Umbreon, L50, F|\n|poke|p1|Arboliva, L50, F|\n|poke|p2|Roaring Moon, L50|\n|poke|p2|Empoleon, L50, F|\n|poke|p2|Ogerpon-Hearthflame, L50, F|\n|poke|p2|Flutter Mane, L50|\n|poke|p2|Landorus-Therian, L50, M|\n|poke|p2|Iron Hands, L50|\n|teampreview|4\n|inactive|Battle timer is ON: inactive players will automatically lose when time's up. (requested by treezmcgee)\ntreezmcgee rejected open team sheets.\n|inactive|treezmcgee has 60 seconds left.\n|\n|t:|1699826393\n|start\n|switch|p1a: Grimmsnarl|Grimmsnarl, L50, M|100\/100\n|switch|p1b: Appletun|Appletun, L50, M|100\/100\n|switch|p2a: EL PEPE|Iron Hands, L50|100\/100\n|switch|p2b: Amador|Empoleon, L50, F|100\/100\n|turn|1\n|inactive|treezmcgee has 30 seconds left.\n|\n|t:|1699826423\n|-terastallize|p1b: Appletun|Poison\n|move|p1a: Grimmsnarl|Light Screen|p1a: Grimmsnarl\n|-sidestart|p1: treezmcgee|move: Light Screen\n|move|p2b: Amador|Flash Cannon|p1a: Grimmsnarl\n|-supereffective|p1a: Grimmsnarl\n|-damage|p1a: Grimmsnarl|43\/100\n|move|p2a: EL PEPE|Heavy Slam|p1a: Grimmsnarl\n|-supereffective|p1a: Grimmsnarl\n|-damage|p1a: Grimmsnarl|0 fnt\n|faint|p1a: Grimmsnarl\n|move|p1b: Appletun|Leech Seed|p2a: EL PEPE\n|-start|p2a: EL PEPE|move: Leech Seed\n|\n|-damage|p2a: EL PEPE|88\/100|[from] Leech Seed|[of] p1b: Appletun\n|upkeep\n|\n|t:|1699826440\n|switch|p1a: Goodra|Goodra-Hisui, L50, F|100\/100\n|turn|2\n|\n|t:|1699826464\n|-end|p2a: EL PEPE|Quark Drive|[silent]\n|switch|p2a: Diwgo|Ogerpon-Hearthflame, L50, F|100\/100\n|-ability|p2a: Diwgo|Mold Breaker\n|move|p2b: Amador|Yawn|p1b: Appletun\n|-start|p1b: Appletun|move: Yawn|[of] p2b: Amador\n|move|p1a: Goodra|Dragon Claw|p2a: Diwgo\n|-damage|p2a: Diwgo|64\/100\n|move|p1b: Appletun|Iron Defense|p1b: Appletun\n|-boost|p1b: Appletun|def|2\n|\n|upkeep\n|turn|3\n|inactive|treezmcgee has 30 seconds left.\n|\n|t:|1699826490\n|-terastallize|p2a: Diwgo|Fire\n|detailschange|p2a: Diwgo|Ogerpon-Hearthflame-Tera, L50, F, tera:Fire\n|-ability|p2a: Diwgo|Embody Aspect (Hearthflame)|boost\n|-boost|p2a: Diwgo|atk|1\n|move|p2a: Diwgo|Ivy Cudgel|p1b: Appletun\n|-damage|p1b: Appletun|57\/100\n|move|p2b: Amador|Yawn|p1a: Goodra\n|-start|p1a: Goodra|move: Yawn|[of] p2b: Amador\n|move|p1a: Goodra|Body Press|p2b: Amador\n|-supereffective|p2b: Amador\n|-damage|p2b: Amador|47\/100\n|-enditem|p2b: Amador|Sitrus Berry|[eat]\n|-heal|p2b: Amador|72\/100|[from] item: Sitrus Berry\n|move|p1b: Appletun|Body Press|p2b: Amador\n|-supereffective|p2b: Amador\n|-damage|p2b: Amador|0 fnt\n|faint|p2b: Amador\n|\n|-end|p1b: Appletun|move: Yawn|[silent]\n|-status|p1b: Appletun|slp\n|upkeep\n|\n|t:|1699826511\n|switch|p2b: EL PEPE|Iron Hands, L50|88\/100\n|turn|4\n|\n|t:|1699826523\n|switch|p1a: Umbreon|Umbreon, L50, F|100\/100\n|move|p2b: EL PEPE|Fake Out|p1a: Umbreon\n|-damage|p1a: Umbreon|91\/100\n|move|p2a: Diwgo|Ivy Cudgel|p1b: Appletun\n|-damage|p1b: Appletun|17\/100 slp\n|-activate|p1b: Appletun|ability: Ripen\n|-enditem|p1b: Appletun|Apicot Berry|[eat]\n|-boost|p1b: Appletun|spd|2|[from] item: Apicot Berry\n|cant|p1b: Appletun|slp\n|\n|-heal|p1a: Umbreon|97\/100|[from] item: Leftovers\n|upkeep\n|turn|5\n|\n|t:|1699826543\n|move|p2a: Diwgo|Ivy Cudgel|p1b: Appletun\n|-damage|p1b: Appletun|0 fnt\n|faint|p1b: Appletun\n|move|p1a: Umbreon|Toxic|p2b: EL PEPE\n|-status|p2b: EL PEPE|tox\n|move|p2b: EL PEPE|Drain Punch|p1a: Umbreon\n|-supereffective|p1a: Umbreon\n|-damage|p1a: Umbreon|44\/100\n|-heal|p2b: EL PEPE|100\/100 tox|[from] drain|[of] p1a: Umbreon\n|\n|-heal|p1a: Umbreon|50\/100|[from] item: Leftovers\n|-damage|p2b: EL PEPE|94\/100 tox|[from] psn\n|upkeep\n|\n|t:|1699826556\n|switch|p1b: Goodra|Goodra-Hisui, L50, F|100\/100\n|turn|6\n|\n|t:|1699826571\n|move|p2a: Diwgo|Horn Leech|p1a: Umbreon\n|-damage|p1a: Umbreon|9\/100\n|-heal|p2a: Diwgo|90\/100|[from] drain|[of] p1a: Umbreon\n|move|p1a: Umbreon|Moonlight|p1a: Umbreon\n|-heal|p1a: Umbreon|59\/100\n|move|p1b: Goodra|Dragon Claw|p2b: EL PEPE\n|-damage|p2b: EL PEPE|75\/100 tox\n|move|p2b: EL PEPE|Drain Punch|p1b: Goodra\n|-supereffective|p1b: Goodra\n|-damage|p1b: Goodra|36\/100\n|-heal|p2b: EL PEPE|98\/100 tox|[from] drain|[of] p1b: Goodra\n|\n|-heal|p1a: Umbreon|65\/100|[from] item: Leftovers\n|-damage|p2b: EL PEPE|86\/100 tox|[from] psn\n|upkeep\n|turn|7\n|\n|t:|1699826594\n|move|p2a: Diwgo|Ivy Cudgel|p1a: Umbreon\n|-damage|p1a: Umbreon|0 fnt\n|faint|p1a: Umbreon\n|move|p1b: Goodra|Dragon Claw|p2b: EL PEPE\n|-damage|p2b: EL PEPE|68\/100 tox\n|move|p2b: EL PEPE|Drain Punch|p1b: Goodra\n|-supereffective|p1b: Goodra\n|-damage|p1b: Goodra|0 fnt\n|-heal|p2b: EL PEPE|81\/100 tox|[from] drain|[of] p1b: Goodra\n|faint|p1b: Goodra\n|\n|win|Juanluquedios\n|raw|treezmcgee's rating: 1096 &rarr; <strong>1075<\/strong><br \/>(-21 for losing)\n|raw|Juanluquedios's rating: 1142 &rarr; <strong>1164<\/strong><br \/>(+22 for winning)\n|l|\u2606treezmcgee\n","uploadtime":1699826608,"views":29,"p1id":"treezmcgee","p2id":"juanluquedios","formatid":"gen9vgc2023regulatione","rating":1075,"private":0,"password":""}