{"id":"gen9vgc2023regulatione-2000568593","p1":"MattressMatters","p2":"cold and ice","format":"[Gen 9] VGC 2023 Regulation E","log":"|j|\u2606MattressMatters\n|j|\u2606cold and ice\n|t:|1701206149\n|gametype|doubles\n|player|p1|MattressMatters|baker|1077\n|player|p2|cold and ice|266|1137\n|teamsize|p1|5\n|teamsize|p2|6\n|gen|9\n|tier|[Gen 9] VGC 2023 Regulation E\n|rated|\n|rule|Species Clause: Limit one of each Pok\u00e9mon\n|rule|Item Clause: Limit one of each item\n|clearpoke\n|poke|p1|Iron Hands, L50|\n|poke|p1|Sableye, L50, M|\n|poke|p1|Magcargo, L50, M|\n|poke|p1|Oranguru, L50, F|\n|poke|p1|Kingambit, L50, M|\n|poke|p2|Farigiraf, L50, F|\n|poke|p2|Rillaboom, L50, M|\n|poke|p2|Indeedee-F, L50, F|\n|poke|p2|Roaring Moon, L50|\n|poke|p2|Weezing-Galar, L50, F|\n|poke|p2|Landorus-Therian, L50, M|\n|teampreview|4\n|\n|t:|1701206178\n|start\n|switch|p1a: Oranguru|Oranguru, L50, F|100\/100\n|switch|p1b: Kingambit|Kingambit, L50, M|100\/100\n|switch|p2a: Roaring Moon|Roaring Moon, L50, shiny|100\/100\n|switch|p2b: Weezing|Weezing-Galar, L50, F, shiny|100\/100\n|-ability|p2b: Weezing|Neutralizing Gas\n|-enditem|p2a: Roaring Moon|Booster Energy\n|-activate|p2a: Roaring Moon|ability: Protosynthesis|[fromitem]\n|-start|p2a: Roaring Moon|protosynthesisatk\n|turn|1\n|\n|t:|1701206209\n|move|p2a: Roaring Moon|Dragon Dance|p2a: Roaring Moon\n|-boost|p2a: Roaring Moon|atk|1\n|-boost|p2a: Roaring Moon|spe|1\n|move|p2b: Weezing|Will-O-Wisp|p1b: Kingambit\n|-status|p1b: Kingambit|brn\n|move|p1b: Kingambit|Iron Head|p2b: Weezing\n|-supereffective|p2b: Weezing\n|-damage|p2b: Weezing|69\/100\n|move|p1a: Oranguru|Trick Room|p1a: Oranguru\n|-fieldstart|move: Trick Room|[of] p1a: Oranguru\n|\n|-heal|p2b: Weezing|74\/100|[from] item: Leftovers\n|-damage|p1b: Kingambit|95\/100 brn|[from] brn\n|upkeep\n|turn|2\n|\n|t:|1701206240\n|-end|p2b: Weezing|ability: Neutralizing Gas\n|switch|p2b: Rillaboom|Rillaboom, L50, M|100\/100\n|-fieldstart|move: Grassy Terrain|[from] ability: Grassy Surge|[of] p2b: Rillaboom\n|move|p1b: Kingambit|Iron Head|p2b: Rillaboom\n|-damage|p2b: Rillaboom|79\/100\n|move|p1a: Oranguru|Encore|p2a: Roaring Moon\n|-start|p2a: Roaring Moon|Encore\n|move|p2a: Roaring Moon|Dragon Dance|p2a: Roaring Moon\n|-boost|p2a: Roaring Moon|atk|1\n|-boost|p2a: Roaring Moon|spe|1\n|\n|-heal|p1b: Kingambit|100\/100 brn|[from] Grassy Terrain\n|-heal|p2b: Rillaboom|85\/100|[from] Grassy Terrain\n|-damage|p1b: Kingambit|95\/100 brn|[from] brn\n|upkeep\n|turn|3\n|inactive|Battle timer is ON: inactive players will automatically lose when time's up. (requested by cold and ice)\n|\n|t:|1701206303\n|switch|p1a: Magcargo|Magcargo, L50, M|100\/100\n|move|p1b: Kingambit|Iron Head|p2a: Roaring Moon\n|-damage|p2a: Roaring Moon|72\/100\n|move|p2b: Rillaboom|Drain Punch|p1b: Kingambit\n|-supereffective|p1b: Kingambit\n|-damage|p1b: Kingambit|27\/100 brn\n|-heal|p2b: Rillaboom|100\/100|[from] drain|[of] p1b: Kingambit\n|move|p2a: Roaring Moon|Dragon Dance|p2a: Roaring Moon\n|-boost|p2a: Roaring Moon|atk|1\n|-boost|p2a: Roaring Moon|spe|1\n|\n|-heal|p1b: Kingambit|33\/100 brn|[from] Grassy Terrain\n|-heal|p2a: Roaring Moon|78\/100|[from] Grassy Terrain\n|-damage|p1b: Kingambit|27\/100 brn|[from] brn\n|upkeep\n|turn|4\n|\n|t:|1701206324\n|switch|p1b: Oranguru|Oranguru, L50, F|100\/100\n|-terastallize|p2b: Rillaboom|Fire\n|move|p1a: Magcargo|Shell Smash|p1a: Magcargo\n|-unboost|p1a: Magcargo|def|1\n|-unboost|p1a: Magcargo|spd|1\n|-boost|p1a: Magcargo|atk|2\n|-boost|p1a: Magcargo|spa|2\n|-boost|p1a: Magcargo|spe|2\n|-enditem|p1a: Magcargo|White Herb\n|-activate|p1b: Oranguru|ability: Symbiosis|Weakness Policy|[of] p1a: Magcargo\n|-clearnegativeboost|p1a: Magcargo|[silent]\n|move|p2b: Rillaboom|Drain Punch|p1b: Oranguru\n|-damage|p1b: Oranguru|78\/100\n|move|p2a: Roaring Moon|Dragon Dance|p2a: Roaring Moon\n|-boost|p2a: Roaring Moon|atk|1\n|-boost|p2a: Roaring Moon|spe|1\n|\n|-heal|p1b: Oranguru|84\/100|[from] Grassy Terrain\n|-heal|p2a: Roaring Moon|84\/100|[from] Grassy Terrain\n|-end|p2a: Roaring Moon|Encore\n|upkeep\n|turn|5\n|inactive|MattressMatters has 30 seconds left.\n|inactive|cold and ice has 30 seconds left.\n|\n|t:|1701206351\n|move|p2b: Rillaboom|Grassy Glide|p1a: Magcargo\n|-damage|p1a: Magcargo|62\/100\n|move|p1b: Oranguru|Encore|p2a: Roaring Moon\n|-start|p2a: Roaring Moon|Encore\n|move|p1a: Magcargo|Earth Power|p2b: Rillaboom\n|-supereffective|p2b: Rillaboom\n|-damage|p2b: Rillaboom|3\/100\n|move|p2a: Roaring Moon|Dragon Dance|p2a: Roaring Moon\n|-boost|p2a: Roaring Moon|atk|1\n|-boost|p2a: Roaring Moon|spe|1\n|\n|-heal|p1b: Oranguru|90\/100|[from] Grassy Terrain\n|-heal|p1a: Magcargo|68\/100|[from] Grassy Terrain\n|-heal|p2b: Rillaboom|9\/100|[from] Grassy Terrain\n|-heal|p2a: Roaring Moon|90\/100|[from] Grassy Terrain\n|-fieldend|move: Trick Room\n|upkeep\n|turn|6\n|inactive|MattressMatters has 30 seconds left.\n|\n|t:|1701206381\n|move|p2b: Rillaboom|Grassy Glide|p1b: Oranguru\n|-damage|p1b: Oranguru|54\/100\n|move|p2a: Roaring Moon|Dragon Dance|p2a: Roaring Moon\n|-boost|p2a: Roaring Moon|atk|1\n|-boost|p2a: Roaring Moon|spe|1\n|move|p1a: Magcargo|Recover|p1a: Magcargo\n|-heal|p1a: Magcargo|100\/100\n|move|p1b: Oranguru|Trick Room|p1b: Oranguru\n|-fieldstart|move: Trick Room|[of] p1b: Oranguru\n|\n|-heal|p1b: Oranguru|60\/100|[from] Grassy Terrain\n|-heal|p2b: Rillaboom|15\/100|[from] Grassy Terrain\n|-heal|p2a: Roaring Moon|96\/100|[from] Grassy Terrain\n|-fieldend|move: Grassy Terrain\n|upkeep\n|turn|7\n|inactive|MattressMatters has 30 seconds left.\n|\n|t:|1701206407\n|move|p1b: Oranguru|Bulldoze|p2a: Roaring Moon|[spread] p1a,p2a,p2b\n|-supereffective|p1a: Magcargo\n|-supereffective|p2b: Rillaboom\n|-damage|p1a: Magcargo|69\/100\n|-damage|p2a: Roaring Moon|88\/100\n|-damage|p2b: Rillaboom|2\/100\n|-unboost|p1a: Magcargo|spe|1\n|-unboost|p2a: Roaring Moon|spe|1\n|-unboost|p2b: Rillaboom|spe|1\n|-enditem|p1a: Magcargo|Weakness Policy\n|-boost|p1a: Magcargo|atk|2|[from] item: Weakness Policy\n|-boost|p1a: Magcargo|spa|2|[from] item: Weakness Policy\n|move|p1a: Magcargo|Heat Wave|p2a: Roaring Moon|[spread] p2a,p2b\n|-resisted|p2a: Roaring Moon\n|-crit|p2a: Roaring Moon\n|-resisted|p2b: Rillaboom\n|-damage|p2a: Roaring Moon|24\/100\n|-damage|p2b: Rillaboom|0 fnt\n|faint|p2b: Rillaboom\n|move|p2a: Roaring Moon|Dragon Dance|p2a: Roaring Moon\n|-boost|p2a: Roaring Moon|atk|0\n|-boost|p2a: Roaring Moon|spe|1\n|\n|-end|p2a: Roaring Moon|Encore\n|upkeep\n|\n|t:|1701206430\n|switch|p2b: Landorus|Landorus-Therian, L50, M|100\/100\n|-ability|p2b: Landorus|Intimidate|boost\n|-unboost|p1a: Magcargo|atk|1\n|-unboost|p1b: Oranguru|atk|1\n|turn|8\n|inactive|MattressMatters has 30 seconds left.\n|\n|t:|1701206458\n|-end|p2a: Roaring Moon|Protosynthesis|[silent]\n|switch|p2a: Weezing|Weezing-Galar, L50, F, shiny|74\/100\n|-ability|p2a: Weezing|Neutralizing Gas\n|move|p1a: Magcargo|Heat Wave|p2a: Weezing|[spread] p2a,p2b\n|-damage|p2a: Weezing|0 fnt\n|-enditem|p2b: Landorus|Focus Sash\n|-damage|p2b: Landorus|1\/100\n|faint|p2a: Weezing\n|-end|p2a: Weezing|ability: Neutralizing Gas\n|-ability|p2b: Landorus|Intimidate|boost\n|-unboost|p1a: Magcargo|atk|1\n|-unboost|p1b: Oranguru|atk|1\n|move|p1b: Oranguru|Instruct|p1a: Magcargo\n|-singleturn|p1a: Magcargo|move: Instruct|[of] p1b: Oranguru\n|move|p1a: Magcargo|Heat Wave|p2b: Landorus\n|-damage|p2b: Landorus|0 fnt\n|faint|p2b: Landorus\n|\n|upkeep\n|-message|cold and ice forfeited.\n|\n|win|MattressMatters\n|raw|MattressMatters's rating: 1077 &rarr; <strong>1110<\/strong><br \/>(+33 for winning)\n|raw|cold and ice's rating: 1137 &rarr; <strong>1108<\/strong><br \/>(-29 for losing)\n|l|\u2606cold and ice\n","uploadtime":1701206491,"views":2,"p1id":"mattressmatters","p2id":"coldandice","formatid":"gen9vgc2023regulatione","rating":1108,"private":0,"password":""}