{"id":"gen9vgc2023regulatione-1998629247","p1":"TheOrthwormJim","p2":"QueenFluffyShadow","format":"[Gen 9] VGC 2023 Regulation E","log":"|j|\u2606TheOrthwormJim\n|j|\u2606QueenFluffyShadow\n|t:|1700964980\n|gametype|doubles\n|player|p1|TheOrthwormJim|larry|1172\n|player|p2|QueenFluffyShadow|bellelba|1150\n|teamsize|p1|6\n|teamsize|p2|6\n|gen|9\n|tier|[Gen 9] VGC 2023 Regulation E\n|rated|\n|rule|Species Clause: Limit one of each Pok\u00e9mon\n|rule|Item Clause: Limit one of each item\n|clearpoke\n|poke|p1|Indeedee-F, L50, F|\n|poke|p1|Hatterene, L50, F|\n|poke|p1|Hoothoot, L50, M|\n|poke|p1|Torkoal, L50, M|\n|poke|p1|Lilligant-Hisui, L50, F|\n|poke|p1|Flutter Mane, L50|\n|poke|p2|Zorua-Hisui, L50, M|\n|poke|p2|Ogerpon-Wellspring, L50, F|\n|poke|p2|Heatran, L50, M|\n|poke|p2|Ninetales-Alola, L50, M|\n|poke|p2|Spectrier, L50|\n|poke|p2|Iron Hands, L50|\n|teampreview|4\n|inactive|Battle timer is ON: inactive players will automatically lose when time's up. (requested by TheOrthwormJim)\n|inactive|QueenFluffyShadow has 60 seconds left.\n|\n|t:|1700965037\n|start\n|switch|p1a: Indeedee|Indeedee-F, L50, F|100\/100\n|switch|p1b: Hatterene|Hatterene, L50, F|100\/100\n|switch|p2a: Ninetales|Ninetales-Alola, L50, M|100\/100\n|switch|p2b: Heatran|Heatran, L50, M|100\/100\n|-weather|Snow|[from] ability: Snow Warning|[of] p2a: Ninetales\n|-fieldstart|move: Psychic Terrain|[from] ability: Psychic Surge|[of] p1a: Indeedee\n|turn|1\n|\n|t:|1700965057\n|-terastallize|p1b: Hatterene|Water\n|move|p1a: Indeedee|Follow Me|p1a: Indeedee\n|-singleturn|p1a: Indeedee|move: Follow Me\n|move|p2a: Ninetales|Aurora Veil|p2a: Ninetales\n|-sidestart|p2: QueenFluffyShadow|move: Aurora Veil\n|move|p2b: Heatran|Taunt|p1a: Indeedee\n|-start|p1a: Indeedee|move: Taunt\n|move|p1b: Hatterene|Trick Room|p1b: Hatterene\n|-fieldstart|move: Trick Room|[of] p1b: Hatterene\n|\n|-weather|Snow|[upkeep]\n|upkeep\n|turn|2\n|inactive|TheOrthwormJim has 30 seconds left.\n|\n|t:|1700965085\n|move|p2a: Ninetales|Protect|p2a: Ninetales\n|-singleturn|p2a: Ninetales|Protect\n|move|p1b: Hatterene|Misty Explosion|p2b: Heatran|[spread] p1a,p2b\n|-activate|p2a: Ninetales|move: Protect\n|-damage|p1a: Indeedee|40\/100\n|-damage|p2b: Heatran|53\/100\n|replace|p2b: Zorua|Zorua-Hisui, L50, M, shiny\n|-end|p2b: Zorua|Illusion\n|faint|p1b: Hatterene\n|move|p2b: Zorua|Snarl|p1a: Indeedee\n|-supereffective|p1a: Indeedee\n|-damage|p1a: Indeedee|8\/100\n|-unboost|p1a: Indeedee|spa|1\n|move|p1a: Indeedee|Dazzling Gleam|p2a: Ninetales|[spread] p2b\n|-activate|p2a: Ninetales|move: Protect\n|-damage|p2b: Zorua|42\/100\n|\n|-weather|Snow|[upkeep]\n|upkeep\n|\n|t:|1700965100\n|switch|p1b: Torkoal|Torkoal, L50, M|100\/100\n|-weather|SunnyDay|[from] ability: Drought|[of] p1b: Torkoal\n|turn|3\n|\n|t:|1700965114\n|switch|p1a: Hoothoot|Hoothoot, L50, M, shiny|100\/100\n|switch|p2a: Heatran|Heatran, L50, M|100\/100\n|move|p1b: Torkoal|Eruption|p2a: Heatran|[spread] p2b\n|-start|p2a: Heatran|ability: Flash Fire\n|-damage|p2b: Zorua|0 fnt\n|faint|p2b: Zorua\n|\n|-weather|SunnyDay|[upkeep]\n|upkeep\n|\n|t:|1700965127\n|switch|p2b: Iron Hands|Iron Hands, L50|100\/100\n|turn|4\n|\n|t:|1700965144\n|move|p1a: Hoothoot|Skill Swap|p2a: Heatran\n|-activate|p1a: Hoothoot|move: Skill Swap|Flash Fire|Tinted Lens|[of] p2a: Heatran\n|-end|p2a: Heatran|ability: Flash Fire|[silent]\n|move|p1b: Torkoal|Eruption|p2a: Heatran|[spread] p2a,p2b\n|-damage|p2a: Heatran|35\/100\n|-damage|p2b: Iron Hands|57\/100\n|move|p2b: Iron Hands|Drain Punch|p1b: Torkoal\n|-damage|p1b: Torkoal|70\/100\n|-heal|p2b: Iron Hands|69\/100|[from] drain|[of] p1b: Torkoal\n|move|p2a: Heatran|Earth Power|p1b: Torkoal\n|-supereffective|p1b: Torkoal\n|-damage|p1b: Torkoal|0 fnt\n|faint|p1b: Torkoal\n|\n|-weather|SunnyDay|[upkeep]\n|-heal|p2a: Heatran|41\/100|[from] item: Leftovers\n|upkeep\n|\n|t:|1700965158\n|switch|p1b: Indeedee|Indeedee-F, L50, F|8\/100\n|turn|5\n|\n|t:|1700965171\n|move|p2a: Heatran|Protect|p2a: Heatran\n|-singleturn|p2a: Heatran|Protect\n|move|p2b: Iron Hands|Fake Out||[still]\n|-hint|Fake Out only works on your first turn out.\n|-fail|p2b: Iron Hands\n|move|p1a: Hoothoot|Hypnosis|p2a: Heatran\n|-activate|p2a: Heatran|move: Protect\n|move|p1b: Indeedee|Dazzling Gleam|p2b: Iron Hands|[spread] p2b\n|-activate|p2a: Heatran|move: Protect\n|-supereffective|p2b: Iron Hands\n|-damage|p2b: Iron Hands|57\/100\n|\n|-weather|SunnyDay|[upkeep]\n|-heal|p2a: Heatran|47\/100|[from] item: Leftovers\n|-fieldend|move: Trick Room\n|-fieldend|move: Psychic Terrain\n|upkeep\n|turn|6\n|-message|TheOrthwormJim forfeited.\n|\n|win|QueenFluffyShadow\n|raw|TheOrthwormJim's rating: 1172 &rarr; <strong>1145<\/strong><br \/>(-27 for losing)\n|raw|QueenFluffyShadow's rating: 1150 &rarr; <strong>1177<\/strong><br \/>(+27 for winning)\n|l|\u2606TheOrthwormJim\n","uploadtime":1700965204,"views":7,"p1id":"theorthwormjim","p2id":"queenfluffyshadow","formatid":"gen9vgc2023regulatione","rating":1145,"private":0,"password":""}