{"id":"gen9vgc2023regulatione-1989341490","p1":"pie31415926535","p2":"Snog2273","format":"[Gen 9] VGC 2023 Regulation E","log":"|j|\u2606pie31415926535\n|j|\u2606Snog2273\n|t:|1699838430\n|gametype|doubles\n|player|p1|pie31415926535|cheren|1182\n|player|p2|Snog2273|supernerd|1251\n|teamsize|p1|6\n|teamsize|p2|6\n|gen|9\n|tier|[Gen 9] VGC 2023 Regulation E\n|rated|\n|rule|Species Clause: Limit one of each Pok\u00e9mon\n|rule|Item Clause: Limit one of each item\n|clearpoke\n|poke|p1|Farigiraf, L50, F|\n|poke|p1|Flutter Mane, L50|\n|poke|p1|Urshifu-*, L50, M|\n|poke|p1|Amoonguss, L50, M|\n|poke|p1|Chien-Pao, L50|\n|poke|p1|Tornadus, L50, M|\n|poke|p2|Stonjourner, L50, M|\n|poke|p2|Tatsugiri, L50, F|\n|poke|p2|Farigiraf, L50, M|\n|poke|p2|Iron Hands, L50|\n|poke|p2|Amoonguss, L50, M|\n|poke|p2|Ogerpon, L50, F|\n|teampreview|4\n|inactive|Battle timer is ON: inactive players will automatically lose when time's up. (requested by Snog2273)\nSnog2273 has agreed to open team sheets.\n|inactive|Snog2273 has 60 seconds left.\npie31415926535 has agreed to open team sheets.\n|inactive|Snog2273 has 30 seconds left.\n|\n|t:|1699838498\n|start\n|switch|p1a: Tornadus|Tornadus, L50, M|100\/100\n|switch|p1b: Urshifu|Urshifu-Rapid-Strike, L50, M|100\/100\n|switch|p2a: Farigiraf|Farigiraf, L50, M|100\/100\n|switch|p2b: Stonjourner|Stonjourner, L50, M|100\/100\n|turn|1\n|inactive|pie31415926535 has 30 seconds left.\n|\n|t:|1699838529\n|-terastallize|p2b: Stonjourner|Grass\n|move|p1a: Tornadus|Tailwind|p1a: Tornadus\n|-sidestart|p1: pie31415926535|move: Tailwind\n|move|p1b: Urshifu|Surging Strikes|p2a: Farigiraf\n|-crit|p2a: Farigiraf\n|-damage|p2a: Farigiraf|64\/100\n|-crit|p2a: Farigiraf\n|-damage|p2a: Farigiraf|32\/100\n|-enditem|p2a: Farigiraf|Sitrus Berry|[eat]\n|-heal|p2a: Farigiraf|57\/100|[from] item: Sitrus Berry\n|-crit|p2a: Farigiraf\n|-damage|p2a: Farigiraf|19\/100\n|-hitcount|p2a: Farigiraf|3\n|move|p2a: Farigiraf|Psychic|p1b: Urshifu\n|-supereffective|p1b: Urshifu\n|-damage|p1b: Urshifu|0 fnt\n|faint|p1b: Urshifu\n|move|p2b: Stonjourner|Stone Edge|p1a: Tornadus\n|-supereffective|p1a: Tornadus\n|-damage|p1a: Tornadus|0 fnt\n|faint|p1a: Tornadus\n|\n|upkeep\n|\n|t:|1699838542\n|switch|p1b: Flutter Mane|Flutter Mane, L50|100\/100\n|switch|p1a: Chien-Pao|Chien-Pao, L50|100\/100\n|-ability|p1a: Chien-Pao|Sword of Ruin\n|turn|2\n|inactive|Snog2273 has 30 seconds left.\n|\n|t:|1699838570\n|-terastallize|p1b: Flutter Mane|Fairy\n|move|p1b: Flutter Mane|Dazzling Gleam|p2b: Stonjourner|[spread] p2a,p2b\n|-damage|p2a: Farigiraf|0 fnt\n|-damage|p2b: Stonjourner|0 fnt\n|faint|p2a: Farigiraf\n|faint|p2b: Stonjourner\n|move|p1a: Chien-Pao|Ice Spinner|p2: Farigiraf|[notarget]\n|-fail|p1a: Chien-Pao\n|\n|upkeep\n|\n|t:|1699838578\n|switch|p2a: Iron Hands|Iron Hands, L50|100\/100\n|switch|p2b: Amoonguss|Amoonguss, L50, M|100\/100\n|turn|3\n|\n|t:|1699838590\n|move|p2a: Iron Hands|Fake Out|p1a: Chien-Pao\n|-damage|p1a: Chien-Pao|79\/100\n|move|p1b: Flutter Mane|Dazzling Gleam|p2a: Iron Hands|[spread] p2a,p2b\n|-supereffective|p2a: Iron Hands\n|-resisted|p2b: Amoonguss\n|-damage|p2a: Iron Hands|35\/100\n|-damage|p2b: Amoonguss|72\/100\n|cant|p1a: Chien-Pao|flinch\n|move|p2b: Amoonguss|Spore|p1b: Flutter Mane\n|-status|p1b: Flutter Mane|slp|[from] move: Spore\n|\n|upkeep\n|turn|4\n|\n|t:|1699838609\n|move|p2b: Amoonguss|Rage Powder|p2b: Amoonguss\n|-singleturn|p2b: Amoonguss|move: Rage Powder\n|move|p1a: Chien-Pao|Sucker Punch||[still]\n|-fail|p1a: Chien-Pao\n|cant|p1b: Flutter Mane|slp\n|move|p2a: Iron Hands|Drain Punch|p1a: Chien-Pao\n|-supereffective|p1a: Chien-Pao\n|-damage|p1a: Chien-Pao|0 fnt\n|-heal|p2a: Iron Hands|61\/100|[from] drain|[of] p1a: Chien-Pao\n|faint|p1a: Chien-Pao\n|\n|-sideend|p1: pie31415926535|move: Tailwind\n|upkeep\n|turn|5\n|\n|t:|1699838627\n|-curestatus|p1b: Flutter Mane|slp|[msg]\n|move|p1b: Flutter Mane|Dazzling Gleam|p2a: Iron Hands|[spread] p2a,p2b\n|-supereffective|p2a: Iron Hands\n|-resisted|p2b: Amoonguss\n|-damage|p2a: Iron Hands|0 fnt\n|-damage|p2b: Amoonguss|43\/100\n|faint|p2a: Iron Hands\n|-end|p2a: Iron Hands|Quark Drive|[silent]\n|move|p2b: Amoonguss|Clear Smog|p1b: Flutter Mane\n|-supereffective|p1b: Flutter Mane\n|-damage|p1b: Flutter Mane|68\/100\n|-clearboost|p1b: Flutter Mane\n|\n|upkeep\n|turn|6\n|\n|t:|1699838639\n|move|p1b: Flutter Mane|Dazzling Gleam|p2b: Amoonguss\n|-resisted|p2b: Amoonguss\n|-damage|p2b: Amoonguss|2\/100\n|-enditem|p2b: Amoonguss|Aguav Berry|[eat]\n|-heal|p2b: Amoonguss|35\/100|[from] item: Aguav Berry\n|move|p2b: Amoonguss|Spore|p1b: Flutter Mane\n|-status|p1b: Flutter Mane|slp|[from] move: Spore\n|\n|upkeep\n|turn|7\n|\n|t:|1699838648\n|cant|p1b: Flutter Mane|slp\n|move|p2b: Amoonguss|Clear Smog|p1b: Flutter Mane\n|-supereffective|p1b: Flutter Mane\n|-damage|p1b: Flutter Mane|36\/100 slp\n|-clearboost|p1b: Flutter Mane\n|\n|upkeep\n|turn|8\n|\n|t:|1699838655\n|cant|p1b: Flutter Mane|slp\n|move|p2b: Amoonguss|Clear Smog|p1b: Flutter Mane\n|-supereffective|p1b: Flutter Mane\n|-damage|p1b: Flutter Mane|3\/100 slp\n|-clearboost|p1b: Flutter Mane\n|\n|upkeep\n|turn|9\n|\n|t:|1699838662\n|cant|p1b: Flutter Mane|slp\n|move|p2b: Amoonguss|Clear Smog|p1b: Flutter Mane\n|-supereffective|p1b: Flutter Mane\n|-damage|p1b: Flutter Mane|0 fnt\n|-clearboost|p1b: Flutter Mane\n|faint|p1b: Flutter Mane\n|-end|p1b: Flutter Mane|Protosynthesis|[silent]\n|\n|win|Snog2273\n|raw|pie31415926535's rating: 1182 &rarr; <strong>1162<\/strong><br \/>(-20 for losing)\n|raw|Snog2273's rating: 1251 &rarr; <strong>1271<\/strong><br \/>(+20 for winning)\n|l|\u2606pie31415926535\n","uploadtime":1699838678,"views":9,"p1id":"pie31415926535","p2id":"snog2273","formatid":"gen9vgc2023regulatione","rating":1162,"private":0,"password":""}