{"id":"gen9vgc2023regulatione-1988577198","p1":"mikerossisafraud","p2":"Crifab93","format":"[Gen 9] VGC 2023 Regulation E","log":"|j|\u2606mikerossisafraud\n|j|\u2606Crifab93\n|t:|1699738024\n|gametype|doubles\n|player|p1|mikerossisafraud|1|1611\n|player|p2|Crifab93|n|1701\n|teamsize|p1|6\n|teamsize|p2|6\n|gen|9\n|tier|[Gen 9] VGC 2023 Regulation E\n|rated|\n|rule|Species Clause: Limit one of each Pok\u00e9mon\n|rule|Item Clause: Limit one of each item\n|clearpoke\n|poke|p1|Dondozo, L50, F|\n|poke|p1|Tatsugiri, L50, M|\n|poke|p1|Glimmora, L50, F|\n|poke|p1|Rillaboom, L50, M|\n|poke|p1|Ogerpon-Hearthflame, L50, F|\n|poke|p1|Gothitelle, L50, F|\n|poke|p2|Roaring Moon, L50|\n|poke|p2|Iron Hands, L50|\n|poke|p2|Heatran, L50, M|\n|poke|p2|Chien-Pao, L50|\n|poke|p2|Ogerpon-Wellspring, L50, F|\n|poke|p2|Farigiraf, L50, M|\n|teampreview|4\n|inactive|Battle timer is ON: inactive players will automatically lose when time's up. (requested by mikerossisafraud)\n|\n|t:|1699738076\n|start\n|switch|p1a: Rillaboom|Rillaboom, L50, M|100\/100\n|switch|p1b: Ogerpon|Ogerpon-Hearthflame, L50, F|100\/100\n|switch|p2a: Roaring Moon|Roaring Moon, L50|100\/100\n|switch|p2b: Chien-Pao|Chien-Pao, L50|100\/100\n|-ability|p2b: Chien-Pao|Sword of Ruin\n|-ability|p1b: Ogerpon|Mold Breaker\n|-fieldstart|move: Grassy Terrain|[from] ability: Grassy Surge|[of] p1a: Rillaboom\n|-enditem|p2a: Roaring Moon|Booster Energy\n|-activate|p2a: Roaring Moon|ability: Protosynthesis|[fromitem]\n|-start|p2a: Roaring Moon|protosynthesisatk\n|turn|1\n|inactive|mikerossisafraud has 30 seconds left.\n|inactive|mikerossisafraud has 20 seconds left.\n|inactive|mikerossisafraud has 15 seconds left.\n|inactive|mikerossisafraud has 10 seconds left.\n|inactive|mikerossisafraud has 5 seconds left.\n|\n|t:|1699738129\n|-terastallize|p1a: Rillaboom|Fire\n|move|p2b: Chien-Pao|Protect|p2b: Chien-Pao\n|-singleturn|p2b: Chien-Pao|Protect\n|move|p2a: Roaring Moon|Protect|p2a: Roaring Moon\n|-singleturn|p2a: Roaring Moon|Protect\n|move|p1a: Rillaboom|Fake Out|p2a: Roaring Moon\n|-activate|p2a: Roaring Moon|move: Protect\n|move|p1b: Ogerpon|Swords Dance|p1b: Ogerpon\n|-boost|p1b: Ogerpon|atk|2\n|\n|upkeep\n|turn|2\n|inactive|mikerossisafraud has 30 seconds left.\n|inactive|Crifab93 has 30 seconds left.\n|inactive|mikerossisafraud has 20 seconds left.\n|inactive|Crifab93 has 20 seconds left.\n|\n|t:|1699738174\n|move|p1b: Ogerpon|Spiky Shield|p1b: Ogerpon\n|-singleturn|p1b: Ogerpon|move: Protect\n|move|p2b: Chien-Pao|Haze|p2b: Chien-Pao\n|-clearallboost\n|move|p2a: Roaring Moon|Acrobatics|p1b: Ogerpon\n|-activate|p1b: Ogerpon|move: Protect\n|-damage|p2a: Roaring Moon|88\/100|[from] Spiky Shield|[of] p1b: Ogerpon\n|move|p1a: Rillaboom|Wood Hammer|p2b: Chien-Pao\n|-damage|p2b: Chien-Pao|6\/100\n|-damage|p1a: Rillaboom|76\/100|[from] Recoil\n|\n|-heal|p2b: Chien-Pao|12\/100|[from] Grassy Terrain\n|-heal|p2a: Roaring Moon|94\/100|[from] Grassy Terrain\n|-heal|p1a: Rillaboom|82\/100|[from] Grassy Terrain\n|upkeep\n|turn|3\n|\n|t:|1699738198\n|move|p2b: Chien-Pao|Protect|p2b: Chien-Pao\n|-singleturn|p2b: Chien-Pao|Protect\n|move|p1a: Rillaboom|Grassy Glide|p2b: Chien-Pao\n|-activate|p2b: Chien-Pao|move: Protect\n|move|p1b: Ogerpon|Swords Dance|p1b: Ogerpon\n|-boost|p1b: Ogerpon|atk|2\n|move|p2a: Roaring Moon|Knock Off|p1a: Rillaboom\n|-damage|p1a: Rillaboom|0 fnt\n|-enditem|p1a: Rillaboom|Assault Vest|[from] move: Knock Off|[of] p2a: Roaring Moon\n|faint|p1a: Rillaboom\n|\n|-heal|p2b: Chien-Pao|18\/100|[from] Grassy Terrain\n|-heal|p2a: Roaring Moon|100\/100|[from] Grassy Terrain\n|upkeep\n|\n|t:|1699738212\n|switch|p1a: Dondozo|Dondozo, L50, F|100\/100\n|turn|4\n|\n|t:|1699738228\n|switch|p2b: Ogerpon|Ogerpon-Wellspring, L50, F|100\/100\n|-terastallize|p2a: Roaring Moon|Flying\n|move|p1a: Dondozo|Protect|p1a: Dondozo\n|-singleturn|p1a: Dondozo|Protect\n|move|p1b: Ogerpon|Grassy Glide|p2b: Ogerpon\n|-damage|p2b: Ogerpon|23\/100\n|move|p2a: Roaring Moon|Acrobatics|p1b: Ogerpon\n|-supereffective|p1b: Ogerpon\n|-damage|p1b: Ogerpon|0 fnt\n|faint|p1b: Ogerpon\n|\n|-heal|p2b: Ogerpon|29\/100|[from] Grassy Terrain\n|upkeep\n|\n|t:|1699738241\n|switch|p1b: Tatsugiri|Tatsugiri, L50, M|100\/100\n|-activate|p1b: Tatsugiri|ability: Commander|[of] p1a: Dondozo\n|-boost|p1a: Dondozo|atk|2\n|-boost|p1a: Dondozo|spa|2\n|-boost|p1a: Dondozo|spe|2\n|-boost|p1a: Dondozo|def|2\n|-boost|p1a: Dondozo|spd|2\n|turn|5\n|\n|t:|1699738248\n|move|p2a: Roaring Moon|Protect|p2a: Roaring Moon\n|-singleturn|p2a: Roaring Moon|Protect\n|move|p1a: Dondozo|Yawn|p2a: Roaring Moon\n|-activate|p2a: Roaring Moon|move: Protect\n|move|p2b: Ogerpon|Horn Leech|p1a: Dondozo\n|-supereffective|p1a: Dondozo\n|-damage|p1a: Dondozo|61\/100\n|-heal|p2b: Ogerpon|53\/100|[from] drain|[of] p1a: Dondozo\n|\n|-heal|p1a: Dondozo|67\/100|[from] Grassy Terrain\n|-heal|p1a: Dondozo|73\/100|[from] item: Leftovers\n|-heal|p2b: Ogerpon|59\/100|[from] Grassy Terrain\n|-fieldend|move: Grassy Terrain\n|upkeep\n|turn|6\n|\n|t:|1699738266\n|move|p1a: Dondozo|Order Up|p2a: Roaring Moon\n|-damage|p2a: Roaring Moon|60\/100\n|-boost|p1a: Dondozo|atk|1\n|move|p2a: Roaring Moon|Knock Off|p1a: Dondozo\n|-damage|p1a: Dondozo|47\/100\n|-enditem|p1a: Dondozo|Leftovers|[from] move: Knock Off|[of] p2a: Roaring Moon\n|move|p2b: Ogerpon|Horn Leech|p1a: Dondozo\n|-supereffective|p1a: Dondozo\n|-damage|p1a: Dondozo|16\/100\n|-heal|p2b: Ogerpon|79\/100|[from] drain|[of] p1a: Dondozo\n|\n|upkeep\n|turn|7\n|-message|mikerossisafraud forfeited.\n|\n|win|Crifab93\n|raw|mikerossisafraud's rating: 1611 &rarr; <strong>1596<\/strong><br \/>(-15 for losing)\n|raw|Crifab93's rating: 1701 &rarr; <strong>1716<\/strong><br \/>(+15 for winning)\n|l|\u2606mikerossisafraud\n","uploadtime":1699738291,"views":12,"p1id":"mikerossisafraud","p2id":"crifab93","formatid":"gen9vgc2023regulatione","rating":1596,"private":0,"password":""}