{"id":"gen9vgc2023regulatione-1994057628","p1":"Noah Aloha","p2":"Jadedragon61","format":"[Gen 9] VGC 2023 Regulation E","log":"|j|\u2606Noah Aloha\n|j|\u2606Jadedragon61\n|t:|1700401078\n|gametype|doubles\n|player|p1|Noah Aloha|backersf|1286\n|player|p2|Jadedragon61|colress|1372\n|teamsize|p1|6\n|teamsize|p2|6\n|gen|9\n|tier|[Gen 9] VGC 2023 Regulation E\n|rated|\n|rule|Species Clause: Limit one of each Pok\u00e9mon\n|rule|Item Clause: Limit one of each item\n|clearpoke\n|poke|p1|Ogerpon-Hearthflame, L50, F|\n|poke|p1|Tornadus, L50, M|\n|poke|p1|Azelf, L50|\n|poke|p1|Indeedee-F, L50, F|\n|poke|p1|Garganacl, L50, M|\n|poke|p1|Flutter Mane, L50|\n|poke|p2|Tyranitar, L50, M|\n|poke|p2|Arcanine-Hisui, L50, F|\n|poke|p2|Rillaboom, L50, F|\n|poke|p2|Kommo-o, L50, M|\n|poke|p2|Iron Bundle, L50|\n|poke|p2|Flutter Mane, L50|\n|teampreview|4\n|inactive|Battle timer is ON: inactive players will automatically lose when time's up. (requested by Jadedragon61)\n|inactive|Noah Aloha has 60 seconds left.\n|inactive|Jadedragon61 has 60 seconds left.\n|\n|t:|1700401158\n|start\n|switch|p1a: Indeedee|Indeedee-F, L50, F|100\/100\n|switch|p1b: Ogerpon|Ogerpon-Hearthflame, L50, F|100\/100\n|switch|p2a: Rock doggo|Arcanine-Hisui, L50, F, shiny|100\/100\n|switch|p2b: Jade dragon|Tyranitar, L50, M|100\/100\n|-ability|p1b: Ogerpon|Mold Breaker\n|-ability|p2a: Rock doggo|Intimidate|boost\n|-unboost|p1a: Indeedee|atk|1\n|-unboost|p1b: Ogerpon|atk|1\n|-fieldstart|move: Psychic Terrain|[from] ability: Psychic Surge|[of] p1a: Indeedee\n|-weather|Sandstorm|[from] ability: Sand Stream|[of] p2b: Jade dragon\n|turn|1\n|\n|t:|1700401174\n|move|p1a: Indeedee|Follow Me|p1a: Indeedee\n|-singleturn|p1a: Indeedee|move: Follow Me\n|move|p1b: Ogerpon|Stomping Tantrum|p2a: Rock doggo\n|-supereffective|p2a: Rock doggo\n|-damage|p2a: Rock doggo|3\/100\n|-enditem|p2a: Rock doggo|Sitrus Berry|[eat]\n|-heal|p2a: Rock doggo|28\/100|[from] item: Sitrus Berry\n|move|p2a: Rock doggo|Rock Slide|p1a: Indeedee|[spread] p1a,p1b\n|-supereffective|p1b: Ogerpon\n|-damage|p1a: Indeedee|61\/100\n|-damage|p1b: Ogerpon|22\/100\n|move|p2b: Jade dragon|Knock Off|p1a: Indeedee\n|-supereffective|p1a: Indeedee\n|-damage|p1a: Indeedee|0 fnt\n|-enditem|p1a: Indeedee|Terrain Extender|[from] move: Knock Off|[of] p2b: Jade dragon\n|faint|p1a: Indeedee\n|\n|-weather|Sandstorm|[upkeep]\n|-damage|p1b: Ogerpon|16\/100|[from] Sandstorm\n|upkeep\n|\n|t:|1700401193\n|switch|p1a: Azelf|Azelf, L50|100\/100\n|turn|2\n|\n|t:|1700401206\n|-terastallize|p1b: Ogerpon|Fire\n|detailschange|p1b: Ogerpon|Ogerpon-Hearthflame-Tera, L50, F, tera:Fire\n|-ability|p1b: Ogerpon|Embody Aspect (Hearthflame)|boost\n|-boost|p1b: Ogerpon|atk|1\n|move|p1a: Azelf|Expanding Force|p2a: Rock doggo\n|-damage|p2a: Rock doggo|0 fnt\n|faint|p2a: Rock doggo\n|-damage|p1a: Azelf|91\/100|[from] item: Life Orb\n|move|p1b: Ogerpon|Horn Leech|p2b: Jade dragon\n|-supereffective|p2b: Jade dragon\n|-damage|p2b: Jade dragon|33\/100\n|-heal|p1b: Ogerpon|61\/100|[from] drain|[of] p2b: Jade dragon\n|move|p2b: Jade dragon|Knock Off|p1a: Azelf\n|-supereffective|p1a: Azelf\n|-damage|p1a: Azelf|0 fnt\n|-enditem|p1a: Azelf|Life Orb|[from] move: Knock Off|[of] p2b: Jade dragon\n|faint|p1a: Azelf\n|\n|-weather|Sandstorm|[upkeep]\n|-damage|p1b: Ogerpon|55\/100|[from] Sandstorm\n|upkeep\n|\n|t:|1700401222\n|switch|p1a: Garganacl|Garganacl, L50, M|100\/100\n|switch|p2a: (Not) jade dragon|Kommo-o, L50, M, shiny|100\/100\n|-enditem|p1a: Garganacl|Psychic Seed\n|-boost|p1a: Garganacl|spd|1|[from] item: Psychic Seed\n|turn|3\n|\n|t:|1700401231\n|move|p1b: Ogerpon|Horn Leech|p2b: Jade dragon\n|-supereffective|p2b: Jade dragon\n|-damage|p2b: Jade dragon|0 fnt\n|-heal|p1b: Ogerpon|77\/100|[from] drain|[of] p2b: Jade dragon\n|faint|p2b: Jade dragon\n|move|p2a: (Not) jade dragon|Iron Defense|p2a: (Not) jade dragon\n|-boost|p2a: (Not) jade dragon|def|2\n|move|p1a: Garganacl|Iron Defense|p1a: Garganacl\n|-boost|p1a: Garganacl|def|2\n|\n|-weather|Sandstorm|[upkeep]\n|-damage|p1b: Ogerpon|71\/100|[from] Sandstorm\n|-damage|p2a: (Not) jade dragon|94\/100|[from] Sandstorm\n|-heal|p2a: (Not) jade dragon|100\/100|[from] item: Leftovers\n|upkeep\n|\n|t:|1700401234\n|switch|p2b: Monke|Rillaboom, L50, F|100\/100\n|-fieldstart|move: Grassy Terrain|[from] ability: Grassy Surge|[of] p2b: Monke\n|turn|4\n|\n|t:|1700401241\n|move|p2b: Monke|Fake Out|p1a: Garganacl\n|-resisted|p1a: Garganacl\n|-crit|p1a: Garganacl\n|-damage|p1a: Garganacl|93\/100\n|move|p1b: Ogerpon|Ivy Cudgel|p2b: Monke|[anim] Ivy Cudgel Fire\n|-supereffective|p2b: Monke\n|-damage|p2b: Monke|0 fnt\n|faint|p2b: Monke\n|move|p2a: (Not) jade dragon|Iron Defense|p2a: (Not) jade dragon\n|-boost|p2a: (Not) jade dragon|def|2\n|cant|p1a: Garganacl|flinch\n|\n|-weather|Sandstorm|[upkeep]\n|-damage|p1b: Ogerpon|66\/100|[from] Sandstorm\n|-damage|p2a: (Not) jade dragon|94\/100|[from] Sandstorm\n|-heal|p1b: Ogerpon|71\/100|[from] Grassy Terrain\n|-heal|p2a: (Not) jade dragon|100\/100|[from] Grassy Terrain\n|-heal|p1a: Garganacl|99\/100|[from] Grassy Terrain\n|upkeep\n|turn|5\n|\n|t:|1700401251\n|move|p1b: Ogerpon|Swords Dance|p1b: Ogerpon\n|-boost|p1b: Ogerpon|atk|2\n|move|p2a: (Not) jade dragon|Body Press|p1a: Garganacl\n|-supereffective|p1a: Garganacl\n|-damage|p1a: Garganacl|2\/100\n|move|p1a: Garganacl|Salt Cure|p2a: (Not) jade dragon\n|-resisted|p2a: (Not) jade dragon\n|-damage|p2a: (Not) jade dragon|99\/100\n|-start|p2a: (Not) jade dragon|Salt Cure\n|\n|-weather|none\n|-heal|p1b: Ogerpon|77\/100|[from] Grassy Terrain\n|-heal|p2a: (Not) jade dragon|100\/100|[from] Grassy Terrain\n|-heal|p1a: Garganacl|8\/100|[from] Grassy Terrain\n|-damage|p2a: (Not) jade dragon|88\/100|[from] Salt Cure\n|upkeep\n|turn|6\n|\n|t:|1700401261\n|move|p1b: Ogerpon|Ivy Cudgel|p2a: (Not) jade dragon|[anim] Ivy Cudgel Fire\n|-resisted|p2a: (Not) jade dragon\n|-damage|p2a: (Not) jade dragon|68\/100\n|move|p2a: (Not) jade dragon|Body Press|p1a: Garganacl\n|-supereffective|p1a: Garganacl\n|-damage|p1a: Garganacl|0 fnt\n|faint|p1a: Garganacl\n|\n|-heal|p1b: Ogerpon|83\/100|[from] Grassy Terrain\n|-heal|p2a: (Not) jade dragon|75\/100|[from] Grassy Terrain\n|-heal|p2a: (Not) jade dragon|81\/100|[from] item: Leftovers\n|-damage|p2a: (Not) jade dragon|68\/100|[from] Salt Cure\n|upkeep\n|turn|7\n|\n|t:|1700401269\n|move|p1b: Ogerpon|Ivy Cudgel|p2a: (Not) jade dragon|[anim] Ivy Cudgel Fire\n|-resisted|p2a: (Not) jade dragon\n|-damage|p2a: (Not) jade dragon|50\/100\n|move|p2a: (Not) jade dragon|Body Press|p1b: Ogerpon\n|-damage|p1b: Ogerpon|0 fnt\n|faint|p1b: Ogerpon\n|\n|win|Jadedragon61\n|raw|Noah Aloha's rating: 1286 &rarr; <strong>1267<\/strong><br \/>(-19 for losing)\n|raw|Jadedragon61's rating: 1372 &rarr; <strong>1387<\/strong><br \/>(+15 for winning)\n|l|\u2606Noah Aloha\n","uploadtime":1700401278,"views":5,"p1id":"noahaloha","p2id":"jadedragon61","formatid":"gen9vgc2023regulatione","rating":1267,"private":0,"password":""}