{"id":"gen9vgc2023regulatione-1995817493","p1":"Jbenn","p2":"StonerSomeone","format":"[Gen 9] VGC 2023 Regulation E","log":"|j|\u2606Jbenn\n|j|\u2606StonerSomeone\n|n|\u2606Jbenn|jbenn\n|n|\u2606StonerSomeone|stonersomeone\n|html|View the match progress at <a href=\"\/game-bestof3-gen9vgc2023regulatione-1995817492\">game-bestof3-gen9vgc2023regulatione-1995817492<\/a>\n|t:|1700606073\n|gametype|doubles\n|player|p1|Jbenn|266|\n|player|p2|StonerSomeone|anabel|\n|teamsize|p1|6\n|teamsize|p2|6\n|gen|9\n|tier|[Gen 9] VGC 2023 Regulation E\n|rated|Tournament battle\n|rule|Species Clause: Limit one of each Pok\u00e9mon\n|rule|Item Clause: Limit one of each item\n|clearpoke\n|poke|p1|Thundurus, L50, M|\n|poke|p1|Farigiraf, L50, M|\n|poke|p1|Torkoal, L50, F|\n|poke|p1|Kingambit, L50, F|\n|poke|p1|Flutter Mane, L50|\n|poke|p1|Landorus-Therian, L50, M|\n|poke|p2|Moltres, L50|\n|poke|p2|Iron Hands, L50|\n|poke|p2|Urshifu-*, L50, F|\n|poke|p2|Flutter Mane, L50|\n|poke|p2|Landorus-Therian, L50, M|\n|poke|p2|Milotic, L50, F|\n|teampreview|4\n|showteam|p1|Thundurus||ExpertBelt|Prankster|Protect,Thunderbolt,ElectricTerrain,RainDance|||M|||50|,,,,,Water]Farigiraf||SitrusBerry|ArmorTail|TrickRoom,Psychic,DazzlingGleam,NastyPlot|||M|||50|,,,,,Fairy]Torkoal||EjectPack|Drought|Protect,Overheat,EarthPower,HelpingHand|||F|||50|,,,,,Flying]Kingambit||AssaultVest|Defiant|LowKick,Assurance,SuckerPunch,TeraBlast|||F|||50|,,,,,Fire]Flutter Mane||BoosterEnergy|Protosynthesis|Protect,Moonblast,DazzlingGleam,ShadowBall||||||50|,,,,,Fairy]Landorus-Therian||ChoiceScarf|Intimidate|RockSlide,Earthquake,StompingTantrum,Uturn|||M|||50|,,,,,Fire\n|showteam|p2|Moltres||RockyHelmet|FlameBody|HeatWave,AirSlash,Tailwind,Roost||||||50|,,,,,Dragon]Iron Hands||AssaultVest|QuarkDrive|DrainPunch,WildCharge,HeavySlam,FakeOut||||||50|,,,,,Fire]Urshifu||BlackGlasses|UnseenFist|Protect,WickedBlow,SuckerPunch,CloseCombat|||F|||50|,,,,,Poison]Flutter Mane||ChoiceSpecs|Protosynthesis|PowerGem,DazzlingGleam,Moonblast,ShadowBall||||||50|,,,,,Fairy]Landorus-Therian||ChoiceScarf|Intimidate|TeraBlast,StompingTantrum,Uturn,RockSlide|||M|||50|,,,,,Flying]Milotic||SitrusBerry|Competitive|Scald,IcyWind,Recover,Protect|||F|||50|,,,,,Grass\n|inactive|Battle timer is ON: inactive players will automatically lose when time's up. (requested by StonerSomeone)\n|c|\u2606StonerSomeone|glhf!\n|j| Lawrence_lmao\n|c|\u2606Jbenn|U2!\n|inactive|Jbenn has 60 seconds left.\n|inactive|StonerSomeone has 60 seconds left.\n|inactive|Jbenn has 30 seconds left.\n|\n|t:|1700606134\n|start\n|switch|p1a: Kingambit|Kingambit, L50, F|100\/100\n|switch|p1b: Flutter Mane|Flutter Mane, L50|100\/100\n|switch|p2a: Urshifu|Urshifu, L50, F|100\/100\n|switch|p2b: Iron Hands|Iron Hands, L50|100\/100\n|-enditem|p1b: Flutter Mane|Booster Energy\n|-activate|p1b: Flutter Mane|ability: Protosynthesis|[fromitem]\n|-start|p1b: Flutter Mane|protosynthesisspa\n|turn|1\n|inactive|Jbenn has 30 seconds left.\n|inactive|StonerSomeone has 30 seconds left.\n|j| Red Fang X\n|inactive|Jbenn has 20 seconds left.\n|\n|t:|1700606171\n|-end|p1b: Flutter Mane|Protosynthesis|[silent]\n|switch|p1b: Torkoal|Torkoal, L50, F|100\/100\n|-weather|SunnyDay|[from] ability: Drought|[of] p1b: Torkoal\n|-terastallize|p1a: Kingambit|Fire\n|move|p2a: Urshifu|Protect|p2a: Urshifu\n|-singleturn|p2a: Urshifu|Protect\n|move|p2b: Iron Hands|Heavy Slam|p1b: Torkoal\n|-resisted|p1b: Torkoal\n|-damage|p1b: Torkoal|86\/100\n|move|p1a: Kingambit|Tera Blast|p2a: Urshifu|[anim] Tera Blast Fire\n|-activate|p2a: Urshifu|move: Protect\n|\n|-weather|SunnyDay|[upkeep]\n|upkeep\n|turn|2\n|inactive|Jbenn has 30 seconds left.\n|\n|t:|1700606200\n|move|p2a: Urshifu|Wicked Blow|p1a: Kingambit\n|-crit|p1a: Kingambit\n|-damage|p1a: Kingambit|41\/100\n|move|p2b: Iron Hands|Drain Punch|p1a: Kingambit\n|-damage|p1a: Kingambit|10\/100\n|move|p1a: Kingambit|Tera Blast|p2b: Iron Hands|[anim] Tera Blast Fire\n|-damage|p2b: Iron Hands|47\/100\n|move|p1b: Torkoal|Overheat|p2b: Iron Hands\n|-damage|p2b: Iron Hands|8\/100\n|-unboost|p1b: Torkoal|spa|2\n|-enditem|p1b: Torkoal|Eject Pack\n|\n|t:|1700606213\n|switch|p1b: Flutter Mane|Flutter Mane, L50|100\/100\n|-activate|p1b: Flutter Mane|ability: Protosynthesis\n|-start|p1b: Flutter Mane|protosynthesisspa\n|\n|-weather|SunnyDay|[upkeep]\n|upkeep\n|turn|3\n|inactive|StonerSomeone has 30 seconds left.\n|\n|t:|1700606245\n|-terastallize|p2a: Urshifu|Poison\n|move|p2a: Urshifu|Sucker Punch|p1a: Kingambit\n|-damage|p1a: Kingambit|0 fnt\n|faint|p1a: Kingambit\n|move|p1b: Flutter Mane|Dazzling Gleam|p2a: Urshifu|[spread] p2a,p2b\n|-resisted|p2a: Urshifu\n|-supereffective|p2b: Iron Hands\n|-damage|p2a: Urshifu|73\/100\n|-damage|p2b: Iron Hands|0 fnt\n|faint|p2b: Iron Hands\n|-end|p2b: Iron Hands|Quark Drive|[silent]\n|\n|-weather|SunnyDay|[upkeep]\n|upkeep\n|\n|t:|1700606261\n|switch|p2b: Milotic|Milotic, L50, F|100\/100\n|switch|p1a: Torkoal|Torkoal, L50, F|86\/100\n|turn|4\n|\n|t:|1700606277\n|move|p1a: Torkoal|Helping Hand|p1b: Flutter Mane\n|-singleturn|p1b: Flutter Mane|Helping Hand|[of] p1a: Torkoal\n|move|p2a: Urshifu|Protect|p2a: Urshifu\n|-singleturn|p2a: Urshifu|Protect\n|move|p1b: Flutter Mane|Shadow Ball|p2a: Urshifu\n|-activate|p2a: Urshifu|move: Protect\n|move|p2b: Milotic|Icy Wind|p1b: Flutter Mane|[spread] p1a,p1b\n|-resisted|p1a: Torkoal\n|-damage|p1a: Torkoal|81\/100\n|-damage|p1b: Flutter Mane|91\/100\n|-unboost|p1a: Torkoal|spe|1\n|-unboost|p1b: Flutter Mane|spe|1\n|\n|-weather|SunnyDay|[upkeep]\n|upkeep\n|turn|5\n|\n|t:|1700606291\n|-end|p1b: Flutter Mane|Protosynthesis|[silent]\n|switch|p1b: Farigiraf|Farigiraf, L50, M|100\/100\n|move|p2a: Urshifu|Wicked Blow|p1b: Farigiraf\n|-supereffective|p1b: Farigiraf\n|-crit|p1b: Farigiraf\n|-damage|p1b: Farigiraf|0 fnt\n|faint|p1b: Farigiraf\n|move|p2b: Milotic|Scald|p1a: Torkoal\n|-supereffective|p1a: Torkoal\n|-damage|p1a: Torkoal|42\/100\n|move|p1a: Torkoal|Overheat|p2a: Urshifu\n|-damage|p2a: Urshifu|0 fnt\n|-unboost|p1a: Torkoal|spa|2\n|faint|p2a: Urshifu\n|\n|-weather|none\n|upkeep\n|\n|t:|1700606304\n|switch|p2a: Landorus|Landorus-Therian, L50, M|100\/100\n|switch|p1b: Flutter Mane|Flutter Mane, L50|91\/100\n|-ability|p2a: Landorus|Intimidate|boost\n|-unboost|p1a: Torkoal|atk|1\n|-unboost|p1b: Flutter Mane|atk|1\n|turn|6\n|inactive|Jbenn has 30 seconds left.\n|inactive|Jbenn has 20 seconds left.\n|inactive|Jbenn has 15 seconds left.\n|inactive|Jbenn has 10 seconds left.\n|\n|t:|1700606354\n|move|p1a: Torkoal|Helping Hand|p1b: Flutter Mane\n|-singleturn|p1b: Flutter Mane|Helping Hand|[of] p1a: Torkoal\n|move|p2a: Landorus|Stomping Tantrum|p1b: Flutter Mane\n|-damage|p1b: Flutter Mane|10\/100\n|move|p1b: Flutter Mane|Moonblast|p2a: Landorus\n|-damage|p2a: Landorus|8\/100\n|move|p2b: Milotic|Scald|p1a: Torkoal\n|-supereffective|p1a: Torkoal\n|-damage|p1a: Torkoal|0 fnt\n|faint|p1a: Torkoal\n|\n|upkeep\n|turn|7\n|c|\u2606Jbenn|ggwp\n|c|\u2606StonerSomeone|gg\n|\n|t:|1700606372\n|move|p2a: Landorus|Stomping Tantrum|p1b: Flutter Mane\n|-damage|p1b: Flutter Mane|0 fnt\n|faint|p1b: Flutter Mane\n|-end|p1b: Flutter Mane|Protosynthesis|[silent]\n|\n|win|StonerSomeone\n|c|&|\/uhtml prompt-jbenn,Jbenn is ready for game 2!\n","uploadtime":1700606377,"views":5,"p1id":"jbenn","p2id":"stonersomeone","formatid":"gen9vgc2023regulatione","rating":0,"private":0,"password":""}