{"id":"gen9vgc2023regulatione-1994416161","p1":"gtg-nimbus","p2":"TheoSu","format":"[Gen 9] VGC 2023 Regulation E","log":"|j|\u2606gtg-nimbus\n|j|\u2606TheoSu\n|t:|1700441454\n|gametype|doubles\n|player|p1|gtg-nimbus|170|1344\n|player|p2|TheoSu|red|1428\n|teamsize|p1|6\n|teamsize|p2|6\n|gen|9\n|tier|[Gen 9] VGC 2023 Regulation E\n|rated|\n|rule|Species Clause: Limit one of each Pok\u00e9mon\n|rule|Item Clause: Limit one of each item\n|clearpoke\n|poke|p1|Ogerpon-Hearthflame, L50, F|\n|poke|p1|Chien-Pao, L50|\n|poke|p1|Tornadus, L50, M|\n|poke|p1|Landorus-Therian, L50, M|\n|poke|p1|Chi-Yu, L50|\n|poke|p1|Flutter Mane, L50|\n|poke|p2|Altaria, L50, F|\n|poke|p2|Gothitelle, L50, F|\n|poke|p2|Landorus-Therian, L50, M|\n|poke|p2|Flutter Mane, L50|\n|poke|p2|Chi-Yu, L50|\n|poke|p2|Ogerpon-Wellspring, L50, F|\n|teampreview|4\n|inactive|Battle timer is ON: inactive players will automatically lose when time's up. (requested by gtg-nimbus)\n|inactive|TheoSu has 60 seconds left.\n|inactive|TheoSu has 30 seconds left.\n|inactive|TheoSu has 20 seconds left.\n|inactive|TheoSu has 15 seconds left.\n|\n|t:|1700441549\n|start\n|switch|p1a: Flutter Mane|Flutter Mane, L50|100\/100\n|switch|p1b: Chien-Pao|Chien-Pao, L50|100\/100\n|switch|p2a: Landorus|Landorus-Therian, L50, M|100\/100\n|switch|p2b: Altaria|Altaria, L50, F|100\/100\n|-ability|p1b: Chien-Pao|Sword of Ruin\n|-ability|p2a: Landorus|Intimidate|boost\n|-unboost|p1a: Flutter Mane|atk|1\n|-unboost|p1b: Chien-Pao|atk|1\n|-ability|p2b: Altaria|Cloud Nine\n|turn|1\n|inactive|TheoSu has 30 seconds left.\n|inactive|TheoSu has 20 seconds left.\n|inactive|TheoSu has 15 seconds left.\n|inactive|TheoSu has 10 seconds left.\n|\n|t:|1700441596\n|-end|p1a: Flutter Mane|Protosynthesis|[silent]\n|switch|p1a: Landorus|Landorus-Therian, L50, M|100\/100\n|-ability|p1a: Landorus|Intimidate|boost\n|-unboost|p2a: Landorus|atk|1\n|-unboost|p2b: Altaria|atk|1\n|-terastallize|p2b: Altaria|Steel\n|move|p1b: Chien-Pao|Ice Spinner|p2a: Landorus\n|-supereffective|p2a: Landorus\n|-damage|p2a: Landorus|0 fnt\n|faint|p2a: Landorus\n|move|p2b: Altaria|Dazzling Gleam|p1b: Chien-Pao|[spread] p1a,p1b\n|-supereffective|p1b: Chien-Pao\n|-damage|p1a: Landorus|87\/100\n|-damage|p1b: Chien-Pao|70\/100\n|\n|upkeep\n|\n|t:|1700441611\n|switch|p2a: Chi-Yu|Chi-Yu, L50|100\/100\n|-ability|p2a: Chi-Yu|Beads of Ruin\n|turn|2\n|\n|t:|1700441621\n|move|p1a: Landorus|Stomping Tantrum|p2a: Chi-Yu\n|-supereffective|p2a: Chi-Yu\n|-enditem|p2a: Chi-Yu|Focus Sash\n|-damage|p2a: Chi-Yu|1\/100\n|move|p1b: Chien-Pao|Sacred Sword|p2b: Altaria\n|-supereffective|p2b: Altaria\n|-damage|p2b: Altaria|55\/100\n|move|p2a: Chi-Yu|Heat Wave|p1a: Landorus|[spread] p1a,p1b\n|-crit|p1a: Landorus\n|-supereffective|p1b: Chien-Pao\n|-damage|p1a: Landorus|0 fnt\n|-damage|p1b: Chien-Pao|0 fnt\n|faint|p1a: Landorus\n|faint|p1b: Chien-Pao\n|move|p2b: Altaria|Will-O-Wisp|p1: Landorus|[notarget]\n|-fail|p2b: Altaria\n|\n|upkeep\n|\n|t:|1700441635\n|switch|p1b: Ogerpon|Ogerpon-Hearthflame, L50, F|100\/100\n|switch|p1a: Flutter Mane|Flutter Mane, L50|100\/100\n|-ability|p1b: Ogerpon|Mold Breaker\n|turn|3\n|\n|t:|1700441644\n|switch|p2a: Gothitelle|Gothitelle, L50, F|100\/100\n|move|p2b: Altaria|Protect|p2b: Altaria\n|-singleturn|p2b: Altaria|Protect\n|move|p1b: Ogerpon|Ivy Cudgel|p2b: Altaria|[anim] Ivy Cudgel Fire\n|-activate|p2b: Altaria|move: Protect\n|move|p1a: Flutter Mane|Dazzling Gleam|p2b: Altaria|[spread] p2a\n|-activate|p2b: Altaria|move: Protect\n|-damage|p2a: Gothitelle|72\/100\n|-damage|p1a: Flutter Mane|91\/100|[from] item: Life Orb\n|\n|upkeep\n|turn|4\n|\n|t:|1700441660\n|-terastallize|p1b: Ogerpon|Fire\n|detailschange|p1b: Ogerpon|Ogerpon-Hearthflame-Tera, L50, F, tera:Fire\n|-ability|p1b: Ogerpon|Embody Aspect (Hearthflame)|boost\n|-boost|p1b: Ogerpon|atk|1\n|move|p2a: Gothitelle|Fake Out|p1b: Ogerpon\n|-damage|p1b: Ogerpon|93\/100\n|cant|p1b: Ogerpon|flinch\n|move|p1a: Flutter Mane|Shadow Ball|p2a: Gothitelle\n|-supereffective|p2a: Gothitelle\n|-damage|p2a: Gothitelle|0 fnt\n|faint|p2a: Gothitelle\n|-damage|p1a: Flutter Mane|82\/100|[from] item: Life Orb\n|move|p2b: Altaria|Perish Song|p2b: Altaria\n|-start|p1a: Flutter Mane|perish3|[silent]\n|-start|p1b: Ogerpon|perish3|[silent]\n|-start|p2b: Altaria|perish3|[silent]\n|-fieldactivate|move: Perish Song\n|\n|-start|p1b: Ogerpon|perish3\n|-start|p1a: Flutter Mane|perish3\n|-start|p2b: Altaria|perish3\n|upkeep\n|\n|t:|1700441680\n|switch|p2a: Chi-Yu|Chi-Yu, L50|1\/100\n|-ability|p2a: Chi-Yu|Beads of Ruin\n|turn|5\n|\n|t:|1700441696\n|move|p2a: Chi-Yu|Protect|p2a: Chi-Yu\n|-singleturn|p2a: Chi-Yu|Protect\n|move|p2b: Altaria|Protect|p2b: Altaria\n|-singleturn|p2b: Altaria|Protect\n|move|p1b: Ogerpon|Ivy Cudgel|p2b: Altaria|[anim] Ivy Cudgel Fire\n|-activate|p2b: Altaria|move: Protect\n|move|p1a: Flutter Mane|Dazzling Gleam|p2a: Chi-Yu|[spread] \n|-activate|p2a: Chi-Yu|move: Protect\n|-activate|p2b: Altaria|move: Protect\n|\n|-start|p1b: Ogerpon|perish2\n|-start|p1a: Flutter Mane|perish2\n|-start|p2b: Altaria|perish2\n|upkeep\n|turn|6\n|c|\u2606gtg-nimbus|gg\n|c|\u2606TheoSu|gg\n|\n|t:|1700441718\n|move|p2a: Chi-Yu|Protect|p2a: Chi-Yu\n|-singleturn|p2a: Chi-Yu|Protect\n|move|p2b: Altaria|Protect||[still]\n|-fail|p2b: Altaria\n|move|p1b: Ogerpon|Ivy Cudgel|p2b: Altaria|[anim] Ivy Cudgel Fire\n|-supereffective|p2b: Altaria\n|-damage|p2b: Altaria|0 fnt\n|faint|p2b: Altaria\n|move|p1a: Flutter Mane|Dazzling Gleam|p2a: Chi-Yu\n|-activate|p2a: Chi-Yu|move: Protect\n|\n|-start|p1b: Ogerpon|perish1\n|-start|p1a: Flutter Mane|perish1\n|upkeep\n|turn|7\n|\n|t:|1700441733\n|move|p2a: Chi-Yu|Protect|p2a: Chi-Yu\n|-singleturn|p2a: Chi-Yu|Protect\n|move|p1b: Ogerpon|Ivy Cudgel|p2a: Chi-Yu|[anim] Ivy Cudgel Fire\n|-activate|p2a: Chi-Yu|move: Protect\n|move|p1a: Flutter Mane|Dazzling Gleam|p2a: Chi-Yu\n|-activate|p2a: Chi-Yu|move: Protect\n|\n|-start|p1b: Ogerpon|perish0\n|-start|p1a: Flutter Mane|perish0\n|faint|p1b: Ogerpon\n|faint|p1a: Flutter Mane\n|-end|p1a: Flutter Mane|Protosynthesis|[silent]\n|\n|win|TheoSu\n|upkeep\n|raw|gtg-nimbus's rating: 1344 &rarr; <strong>1329<\/strong><br \/>(-15 for losing)\n|raw|TheoSu's rating: 1428 &rarr; <strong>1443<\/strong><br \/>(+15 for winning)\n|c|\u2606TheoSu|omg bruh\n|c|\u2606gtg-nimbus|for real\n|c|\u2606TheoSu|im srry lol\n|c|\u2606TheoSu|aint no way that happen\n|c|\u2606gtg-nimbus|Unlucky\n|l|\u2606gtg-nimbus\n|c|\u2606TheoSu|I literally said imagine triple protect\n","uploadtime":1700441970,"views":4,"p1id":"gtgnimbus","p2id":"theosu","formatid":"gen9vgc2023regulatione","rating":1329,"private":0,"password":""}