{"id":"gen9vgc2023regulatione-1996494890","p1":"Rean411","p2":"Tizio20","format":"[Gen 9] VGC 2023 Regulation E","log":"|j|\u2606Rean411\n|j|\u2606Tizio20\n|t:|1700687534\n|gametype|doubles\n|player|p1|Rean411|101|1358\n|player|p2|Tizio20|grimsley|1344\n|teamsize|p1|6\n|teamsize|p2|6\n|gen|9\n|tier|[Gen 9] VGC 2023 Regulation E\n|rated|\n|rule|Species Clause: Limit one of each Pok\u00e9mon\n|rule|Item Clause: Limit one of each item\n|clearpoke\n|poke|p1|Iron Hands, L50|\n|poke|p1|Chien-Pao, L50|\n|poke|p1|Annihilape, L50, M|\n|poke|p1|Ninetales-Alola, L50, F|\n|poke|p1|Amoonguss, L50, M|\n|poke|p1|Arcanine-Hisui, L50, M|\n|poke|p2|Regidrago, L50|\n|poke|p2|Tornadus, L50, M|\n|poke|p2|Urshifu-*, L50, M|\n|poke|p2|Ogerpon-Hearthflame, L50, F|\n|poke|p2|Rillaboom, L50, F|\n|poke|p2|Gholdengo, L50|\n|teampreview|4\nTizio20 has agreed to open team sheets.\n|inactive|Battle timer is ON: inactive players will automatically lose when time's up. (requested by Tizio20)\n|c|\u2606Rean411|GLHF can we do CTS please? Practicing for cart\n|inactive|Tizio20 has 60 seconds left.\n|c|\u2606Tizio20|Cts?\n|inactive|Tizio20 has 30 seconds left.\n|\n|t:|1700687605\n|start\n|switch|p1a: Iron Hands|Iron Hands, L50|100\/100\n|switch|p1b: Chien-Pao|Chien-Pao, L50|100\/100\n|switch|p2a: Tornadus|Tornadus, L50, M|100\/100\n|switch|p2b: Gholdengo|Gholdengo, L50|100\/100\n|-ability|p1b: Chien-Pao|Sword of Ruin\n|turn|1\n|c|\u2606Rean411|You clicked Open Team Sheets. I would like to not click that button\n|c|\u2606Tizio20|Ahhh oki\n|inactive|Rean411 has 30 seconds left.\n|inactive|Tizio20 has 30 seconds left.\n|\n|t:|1700687638\n|switch|p2a: Urshifu|Urshifu-Rapid-Strike, L50, M|100\/100\n|move|p1b: Chien-Pao|Ice Spinner|p2a: Urshifu\n|-resisted|p2a: Urshifu\n|-damage|p2a: Urshifu|72\/100\n|move|p2b: Gholdengo|Make It Rain|p1b: Chien-Pao|[spread] p1a,p1b\n|-resisted|p1a: Iron Hands\n|-supereffective|p1b: Chien-Pao\n|-damage|p1a: Iron Hands|84\/100\n|-enditem|p1b: Chien-Pao|Focus Sash\n|-damage|p1b: Chien-Pao|1\/100\n|-unboost|p2b: Gholdengo|spa|1\n|-damage|p2b: Gholdengo|91\/100|[from] item: Life Orb\n|move|p1a: Iron Hands|Wild Charge|p2b: Gholdengo\n|-damage|p2b: Gholdengo|23\/100\n|-damage|p1a: Iron Hands|71\/100|[from] Recoil\n|\n|upkeep\n|turn|2\n|inactive|Rean411 has 30 seconds left.\n|inactive|Tizio20 has 30 seconds left.\n|inactive|Tizio20 has 20 seconds left.\n|c|\u2606Rean411|I predicted the switch but not the mon\n|\n|t:|1700687678\n|switch|p1b: Ninetales|Ninetales-Alola, L50, F|100\/100\n|-weather|Snow|[from] ability: Snow Warning|[of] p1b: Ninetales\n|move|p2a: Urshifu|Surging Strikes|p1a: Iron Hands\n|-crit|p1a: Iron Hands\n|-damage|p1a: Iron Hands|57\/100\n|-crit|p1a: Iron Hands\n|-damage|p1a: Iron Hands|43\/100\n|-crit|p1a: Iron Hands\n|-damage|p1a: Iron Hands|30\/100\n|-hitcount|p1a: Iron Hands|3\n|move|p2b: Gholdengo|Shadow Ball|p1a: Iron Hands\n|-damage|p1a: Iron Hands|13\/100\n|-damage|p2b: Gholdengo|13\/100|[from] item: Life Orb\n|move|p1a: Iron Hands|Wild Charge|p2b: Gholdengo\n|-damage|p2b: Gholdengo|0 fnt\n|faint|p2b: Gholdengo\n|-damage|p1a: Iron Hands|10\/100|[from] Recoil\n|\n|-weather|Snow|[upkeep]\n|upkeep\n|\n|t:|1700687699\n|switch|p2b: Tornadus|Tornadus, L50, M|100\/100\n|turn|3\n|c|\u2606Tizio20|You do half of the job\n|inactive|Rean411 has 30 seconds left.\n|inactive|Rean411 has 20 seconds left.\n|\n|t:|1700687736\n|-end|p1a: Iron Hands|Quark Drive|[silent]\n|switch|p1a: Chien-Pao|Chien-Pao, L50|1\/100\n|-ability|p1a: Chien-Pao|Sword of Ruin\n|-terastallize|p2a: Urshifu|Water\n|move|p2b: Tornadus|Rain Dance|p2b: Tornadus\n|-weather|RainDance\n|move|p2a: Urshifu|Surging Strikes|p1b: Ninetales\n|-crit|p1b: Ninetales\n|-damage|p1b: Ninetales|38\/100\n|-crit|p1b: Ninetales\n|-damage|p1b: Ninetales|0 fnt\n|faint|p1b: Ninetales\n|-hitcount|p1: Ninetales|2\n|\n|-weather|RainDance|[upkeep]\n|upkeep\n|\n|t:|1700687746\n|switch|p1b: Iron Hands|Iron Hands, L50|10\/100\n|turn|4\n|inactive|Rean411 has 30 seconds left.\n|\n|t:|1700687772\n|move|p1b: Iron Hands|Fake Out|p2a: Urshifu\n|-damage|p2a: Urshifu|52\/100\n|move|p2b: Tornadus|Tailwind|p2b: Tornadus\n|-sidestart|p2: Tizio20|move: Tailwind\n|cant|p2a: Urshifu|flinch\n|move|p1a: Chien-Pao|Ice Spinner|p2b: Tornadus\n|-supereffective|p2b: Tornadus\n|-damage|p2b: Tornadus|0 fnt\n|-damage|p1a: Chien-Pao|0 fnt|[from] item: Rocky Helmet|[of] p2b: Tornadus\n|faint|p2b: Tornadus\n|faint|p1a: Chien-Pao\n|\n|-weather|RainDance|[upkeep]\n|upkeep\n|\n|t:|1700687781\n|switch|p1a: Arcanine|Arcanine-Hisui, L50, M|100\/100\n|switch|p2b: Regidrago|Regidrago, L50|100\/100\n|-ability|p1a: Arcanine|Intimidate|boost\n|-unboost|p2a: Urshifu|atk|1\n|-unboost|p2b: Regidrago|atk|1\n|turn|5\n|\n|t:|1700687797\n|-terastallize|p1a: Arcanine|Fairy\n|move|p2a: Urshifu|Surging Strikes|p1a: Arcanine\n|-crit|p1a: Arcanine\n|-damage|p1a: Arcanine|57\/100\n|-crit|p1a: Arcanine\n|-damage|p1a: Arcanine|16\/100\n|-enditem|p1a: Arcanine|Sitrus Berry|[eat]\n|-heal|p1a: Arcanine|41\/100|[from] item: Sitrus Berry\n|-crit|p1a: Arcanine\n|-damage|p1a: Arcanine|0 fnt\n|faint|p1a: Arcanine\n|-hitcount|p1: Arcanine|3\n|move|p2b: Regidrago|Dragon Energy|p1b: Iron Hands\n|-damage|p1b: Iron Hands|0 fnt\n|faint|p1b: Iron Hands\n|-end|p1b: Iron Hands|Quark Drive|[silent]\n|\n|win|Tizio20\n|raw|Rean411's rating: 1358 &rarr; <strong>1337<\/strong><br \/>(-21 for losing)\n|raw|Tizio20's rating: 1344 &rarr; <strong>1365<\/strong><br \/>(+21 for winning)\n|c|\u2606Tizio20|Gg\n|c|\u2606Rean411|I hate that bear so much some days\n|c|\u2606Rean411|GGWP\n|c|\u2606Tizio20|Wp too\n","uploadtime":1700687836,"views":2,"p1id":"rean411","p2id":"tizio20","formatid":"gen9vgc2023regulatione","rating":1337,"private":0,"password":""}