{"id":"gen9vgc2023regulatione-1993345917","p1":"beeki","p2":"Altimate1","format":"[Gen 9] VGC 2023 Regulation E","log":"|j|\u2606beeki\n|j|\u2606Altimate1\n|t:|1700302943\n|gametype|doubles\n|player|p1|beeki|larry|1414\n|player|p2|Altimate1|supernerd|1526\n|teamsize|p1|6\n|teamsize|p2|6\n|gen|9\n|tier|[Gen 9] VGC 2023 Regulation E\n|rated|\n|rule|Species Clause: Limit one of each Pok\u00e9mon\n|rule|Item Clause: Limit one of each item\n|clearpoke\n|poke|p1|Torkoal, L50, F|\n|poke|p1|Lilligant-Hisui, L50, F|\n|poke|p1|Landorus-Therian, L50, M|\n|poke|p1|Dusclops, L50, F|\n|poke|p1|Iron Hands, L50|\n|poke|p1|Ursaluna-Bloodmoon, L50, M|\n|poke|p2|Regieleki, L50|\n|poke|p2|Rillaboom, L50, F|\n|poke|p2|Azumarill, L50, F|\n|poke|p2|Arcanine-Hisui, L50, M|\n|poke|p2|Gholdengo, L50|\n|poke|p2|Urshifu-*, L50, F|\n|teampreview|4\n|\n|t:|1700302960\n|start\n|switch|p1a: Torkoal|Torkoal, L50, F|100\/100\n|switch|p1b: Lilligant|Lilligant-Hisui, L50, F, shiny|100\/100\n|switch|p2a: Arcanine|Arcanine-Hisui, L50, M|100\/100\n|switch|p2b: Urshifu|Urshifu, L50, F|100\/100\n|-ability|p2a: Arcanine|Intimidate|boost\n|-unboost|p1a: Torkoal|atk|1\n|-unboost|p1b: Lilligant|atk|1\n|-weather|SunnyDay|[from] ability: Drought|[of] p1a: Torkoal\n|turn|1\n|\n|t:|1700302983\n|switch|p1a: Iron Hands|Iron Hands, L50|100\/100\n|move|p2b: Urshifu|Sucker Punch||[still]\n|-fail|p2b: Urshifu\n|move|p1b: Lilligant|Sleep Powder|p2b: Urshifu\n|-status|p2b: Urshifu|slp|[from] move: Sleep Powder\n|move|p2a: Arcanine|Rock Slide|p1a: Iron Hands|[spread] p1a,p1b\n|-resisted|p1a: Iron Hands\n|-resisted|p1b: Lilligant\n|-damage|p1a: Iron Hands|90\/100\n|-damage|p1b: Lilligant|79\/100\n|\n|-weather|SunnyDay|[upkeep]\n|upkeep\n|turn|2\n|\n|t:|1700303007\n|switch|p2b: Azumarill|Azumarill, L50, F|100\/100\n|switch|p2a: Rillaboom|Rillaboom, L50, F|100\/100\n|-fieldstart|move: Grassy Terrain|[from] ability: Grassy Surge|[of] p2a: Rillaboom\n|move|p1b: Lilligant|Close Combat|p2a: Rillaboom\n|-damage|p2a: Rillaboom|65\/100\n|-unboost|p1b: Lilligant|def|1\n|-unboost|p1b: Lilligant|spd|1\n|move|p1a: Iron Hands|Drain Punch|p2b: Azumarill\n|-resisted|p2b: Azumarill\n|-damage|p2b: Azumarill|79\/100\n|-heal|p1a: Iron Hands|99\/100|[from] drain|[of] p2b: Azumarill\n|\n|-weather|SunnyDay|[upkeep]\n|-heal|p1b: Lilligant|85\/100|[from] Grassy Terrain\n|-heal|p2a: Rillaboom|71\/100|[from] Grassy Terrain\n|-heal|p2b: Azumarill|85\/100|[from] Grassy Terrain\n|-heal|p2b: Azumarill|91\/100|[from] item: Leftovers\n|-heal|p1a: Iron Hands|100\/100|[from] Grassy Terrain\n|upkeep\n|turn|3\n|\n|t:|1700303027\n|switch|p2b: Arcanine|Arcanine-Hisui, L50, M|100\/100\n|-ability|p2b: Arcanine|Intimidate|boost\n|-unboost|p1a: Iron Hands|atk|1\n|-unboost|p1b: Lilligant|atk|1\n|move|p1b: Lilligant|Sleep Powder|p2b: Arcanine\n|-status|p2b: Arcanine|slp|[from] move: Sleep Powder\n|move|p2a: Rillaboom|U-turn|p1b: Lilligant\n|-damage|p1b: Lilligant|31\/100\n|\n|t:|1700303057\n|switch|p2a: Azumarill|Azumarill, L50, F|91\/100|[from] U-turn\n|move|p1a: Iron Hands|Volt Switch|p2b: Arcanine\n|-damage|p2b: Arcanine|85\/100 slp\n|\n|t:|1700303064\n|-end|p1a: Iron Hands|Quark Drive|[silent]\n|switch|p1a: Landorus|Landorus-Therian, L50, M|100\/100|[from] Volt Switch\n|-ability|p1a: Landorus|Intimidate|boost\n|-unboost|p2a: Azumarill|atk|1\n|-unboost|p2b: Arcanine|atk|1\n|\n|-weather|SunnyDay|[upkeep]\n|-heal|p1b: Lilligant|37\/100|[from] Grassy Terrain\n|-heal|p2b: Arcanine|91\/100 slp|[from] Grassy Terrain\n|-heal|p2a: Azumarill|97\/100|[from] Grassy Terrain\n|-heal|p2a: Azumarill|100\/100|[from] item: Leftovers\n|upkeep\n|turn|4\n|\n|t:|1700303089\n|switch|p2b: Urshifu|Urshifu, L50, F|100\/100 slp\n|-terastallize|p1a: Landorus|Flying\n|move|p1b: Lilligant|Solar Blade||[still]\n|-prepare|p1b: Lilligant|Solar Blade\n|-anim|p1b: Lilligant|Solar Blade|p2a: Azumarill\n|-supereffective|p2a: Azumarill\n|-damage|p2a: Azumarill|16\/100\n|move|p1a: Landorus|Stomping Tantrum|p2b: Urshifu\n|-damage|p2b: Urshifu|58\/100 slp\n|move|p2a: Azumarill|Play Rough|p1b: Lilligant|[miss]\n|-miss|p2a: Azumarill|p1b: Lilligant\n|\n|-weather|SunnyDay|[upkeep]\n|-heal|p1b: Lilligant|43\/100|[from] Grassy Terrain\n|-heal|p2b: Urshifu|64\/100 slp|[from] Grassy Terrain\n|-heal|p2a: Azumarill|22\/100|[from] Grassy Terrain\n|-heal|p2a: Azumarill|28\/100|[from] item: Leftovers\n|upkeep\n|turn|5\n|\n|t:|1700303112\n|switch|p1b: Torkoal|Torkoal, L50, F|100\/100\n|switch|p1a: Iron Hands|Iron Hands, L50|100\/100\n|switch|p2a: Arcanine|Arcanine-Hisui, L50, M|91\/100 slp\n|-ability|p2a: Arcanine|Intimidate|boost\n|-unboost|p1a: Iron Hands|atk|1\n|-unboost|p1b: Torkoal|atk|1\n|cant|p2b: Urshifu|slp\n|\n|-weather|none\n|-heal|p2b: Urshifu|69\/100 slp|[from] Grassy Terrain\n|-heal|p2a: Arcanine|97\/100 slp|[from] Grassy Terrain\n|upkeep\n|turn|6\n|\n|t:|1700303125\n|switch|p1b: Landorus|Landorus-Therian, L50, M, tera:Flying|100\/100\n|-ability|p1b: Landorus|Intimidate|boost\n|-unboost|p2a: Arcanine|atk|1\n|-unboost|p2b: Urshifu|atk|1\n|-curestatus|p2b: Urshifu|slp|[msg]\n|move|p2b: Urshifu|Wicked Blow|p1b: Landorus\n|-crit|p1b: Landorus\n|-damage|p1b: Landorus|24\/100\n|cant|p2a: Arcanine|slp\n|move|p1a: Iron Hands|Drain Punch|p2b: Urshifu\n|-supereffective|p2b: Urshifu\n|-damage|p2b: Urshifu|16\/100\n|\n|-heal|p2b: Urshifu|22\/100|[from] Grassy Terrain\n|-heal|p2a: Arcanine|100\/100 slp|[from] Grassy Terrain\n|-fieldend|move: Grassy Terrain\n|upkeep\n|turn|7\n|\n|t:|1700303168\n|switch|p1b: Torkoal|Torkoal, L50, F|100\/100\n|-weather|SunnyDay|[from] ability: Drought|[of] p1b: Torkoal\n|move|p2b: Urshifu|Sucker Punch||[still]\n|-fail|p2b: Urshifu\n|cant|p2a: Arcanine|slp\n|move|p1a: Iron Hands|Wild Charge|p2b: Urshifu\n|-damage|p2b: Urshifu|0 fnt\n|faint|p2b: Urshifu\n|-damage|p1a: Iron Hands|96\/100|[from] Recoil\n|\n|-weather|SunnyDay|[upkeep]\n|upkeep\n|\n|t:|1700303174\n|switch|p2b: Azumarill|Azumarill, L50, F|28\/100\n|turn|8\n|\n|t:|1700303201\n|-curestatus|p2a: Arcanine|slp|[msg]\n|move|p2a: Arcanine|Rock Slide|p1a: Iron Hands|[spread] p1a,p1b\n|-resisted|p1a: Iron Hands\n|-supereffective|p1b: Torkoal\n|-damage|p1a: Iron Hands|90\/100\n|-damage|p1b: Torkoal|73\/100\n|move|p2b: Azumarill|Play Rough|p1a: Iron Hands\n|-supereffective|p1a: Iron Hands\n|-damage|p1a: Iron Hands|15\/100\n|cant|p1a: Iron Hands|flinch\n|cant|p1b: Torkoal|flinch\n|\n|-weather|SunnyDay|[upkeep]\n|-heal|p2b: Azumarill|34\/100|[from] item: Leftovers\n|upkeep\n|turn|9\n|\n|t:|1700303246\n|-end|p1a: Iron Hands|Quark Drive|[silent]\n|switch|p1a: Lilligant|Lilligant-Hisui, L50, F, shiny|43\/100\n|-terastallize|p2a: Arcanine|Fairy\n|move|p2a: Arcanine|Flare Blitz|p1a: Lilligant\n|-supereffective|p1a: Lilligant\n|-damage|p1a: Lilligant|0 fnt\n|faint|p1a: Lilligant\n|-damage|p2a: Arcanine|90\/100|[from] Recoil\n|move|p2b: Azumarill|Liquidation|p1b: Torkoal\n|-supereffective|p1b: Torkoal\n|-damage|p1b: Torkoal|33\/100\n|move|p1b: Torkoal|Earth Power|p2b: Azumarill\n|-damage|p2b: Azumarill|0 fnt\n|faint|p2b: Azumarill\n|\n|-weather|SunnyDay|[upkeep]\n|upkeep\n|\n|t:|1700303261\n|switch|p1a: Iron Hands|Iron Hands, L50|15\/100\n|switch|p2b: Rillaboom|Rillaboom, L50, F|71\/100\n|-fieldstart|move: Grassy Terrain|[from] ability: Grassy Surge|[of] p2b: Rillaboom\n|turn|10\n|\n|t:|1700303293\n|switch|p1b: Landorus|Landorus-Therian, L50, M, tera:Flying|24\/100\n|-ability|p1b: Landorus|Intimidate|boost\n|-unboost|p2a: Arcanine|atk|1\n|-unboost|p2b: Rillaboom|atk|1\n|move|p2b: Rillaboom|Fake Out|p1a: Iron Hands\n|-damage|p1a: Iron Hands|7\/100\n|cant|p1a: Iron Hands|flinch\n|move|p2a: Arcanine|Rock Slide|p1a: Iron Hands|[spread] p1a,p1b\n|-resisted|p1a: Iron Hands\n|-supereffective|p1b: Landorus\n|-damage|p1a: Iron Hands|2\/100\n|-damage|p1b: Landorus|0 fnt\n|faint|p1b: Landorus\n|\n|-weather|SunnyDay|[upkeep]\n|-heal|p2a: Arcanine|96\/100|[from] Grassy Terrain\n|-heal|p2b: Rillaboom|77\/100|[from] Grassy Terrain\n|-heal|p1a: Iron Hands|8\/100|[from] Grassy Terrain\n|upkeep\n|\n|t:|1700303300\n|switch|p1b: Torkoal|Torkoal, L50, F|33\/100\n|turn|11\n|\n|t:|1700303317\n|move|p2a: Arcanine|Rock Slide|p1a: Iron Hands|[spread] p1a,p1b\n|-resisted|p1a: Iron Hands\n|-supereffective|p1b: Torkoal\n|-damage|p1a: Iron Hands|3\/100\n|-damage|p1b: Torkoal|9\/100\n|move|p2b: Rillaboom|Wood Hammer|p1a: Iron Hands\n|-crit|p1a: Iron Hands\n|-damage|p1a: Iron Hands|0 fnt\n|faint|p1a: Iron Hands\n|-end|p1a: Iron Hands|Quark Drive|[silent]\n|-damage|p2b: Rillaboom|76\/100|[from] Recoil\n|cant|p1b: Torkoal|flinch\n|\n|-weather|none\n|-heal|p2a: Arcanine|100\/100|[from] Grassy Terrain\n|-heal|p2b: Rillaboom|82\/100|[from] Grassy Terrain\n|-heal|p1b: Torkoal|15\/100|[from] Grassy Terrain\n|upkeep\n|turn|12\n|\n|t:|1700303332\n|move|p2a: Arcanine|Rock Slide|p1b: Torkoal\n|-supereffective|p1b: Torkoal\n|-damage|p1b: Torkoal|0 fnt\n|faint|p1b: Torkoal\n|\n|win|Altimate1\n|raw|beeki's rating: 1414 &rarr; <strong>1400<\/strong><br \/>(-14 for losing)\n|raw|Altimate1's rating: 1526 &rarr; <strong>1540<\/strong><br \/>(+14 for winning)\n|c|\u2606beeki|gg\n|l|\u2606Altimate1\n","uploadtime":1700303346,"views":11,"p1id":"beeki","p2id":"altimate1","formatid":"gen9vgc2023regulatione","rating":1400,"private":0,"password":""}