{"id":"gen9vgc2023regulatione-2000454554","p1":"Doc Positive","p2":"Lurvas","format":"[Gen 9] VGC 2023 Regulation E","log":"|j|\u2606Doc Positive\n|j|\u2606Lurvas\n|t:|1701196198\n|gametype|doubles\n|player|p1|Doc Positive|cyrus|1145\n|player|p2|Lurvas|alder|1235\n|teamsize|p1|6\n|teamsize|p2|6\n|gen|9\n|tier|[Gen 9] VGC 2023 Regulation E\n|rated|\n|rule|Species Clause: Limit one of each Pok\u00e9mon\n|rule|Item Clause: Limit one of each item\n|clearpoke\n|poke|p1|Cresselia, L50, F|\n|poke|p1|Ursaluna-Bloodmoon, L50, M|\n|poke|p1|Iron Hands, L50|\n|poke|p1|Ogerpon-Wellspring, L50, F|\n|poke|p1|Arcanine-Hisui, L50, M|\n|poke|p1|Flutter Mane, L50|\n|poke|p2|Urshifu-*, L50, F|\n|poke|p2|Rillaboom, L50, F|\n|poke|p2|Flutter Mane, L50|\n|poke|p2|Arcanine-Hisui, L50, M|\n|poke|p2|Chien-Pao, L50|\n|poke|p2|Tornadus, L50, M|\n|teampreview|4\n|inactive|Battle timer is ON: inactive players will automatically lose when time's up. (requested by Doc Positive)\nLurvas has agreed to open team sheets.\n|\n|t:|1701196222\n|start\n|switch|p1a: Ogerpon|Ogerpon-Wellspring, L50, F|100\/100\n|switch|p1b: Flutter Mane|Flutter Mane, L50|100\/100\n|switch|p2a: Rillaboom|Rillaboom, L50, F|100\/100\n|switch|p2b: Tornadus|Tornadus, L50, M|100\/100\n|-fieldstart|move: Grassy Terrain|[from] ability: Grassy Surge|[of] p2a: Rillaboom\n|-enditem|p1b: Flutter Mane|Booster Energy\n|-activate|p1b: Flutter Mane|ability: Protosynthesis|[fromitem]\n|-start|p1b: Flutter Mane|protosynthesisspa\n|turn|1\n|\n|t:|1701196245\n|move|p2a: Rillaboom|Fake Out|p1a: Ogerpon\n|-damage|p1a: Ogerpon|83\/100\n|move|p2b: Tornadus|Tailwind|p2b: Tornadus\n|-sidestart|p2: Lurvas|move: Tailwind\n|move|p1b: Flutter Mane|Shadow Ball|p2a: Rillaboom\n|-damage|p2a: Rillaboom|56\/100\n|-unboost|p2a: Rillaboom|spd|1\n|cant|p1a: Ogerpon|flinch\n|\n|-heal|p2a: Rillaboom|62\/100|[from] Grassy Terrain\n|-heal|p1a: Ogerpon|89\/100|[from] Grassy Terrain\n|upkeep\n|turn|2\n|\n|t:|1701196266\n|move|p1a: Ogerpon|Follow Me|p1a: Ogerpon\n|-singleturn|p1a: Ogerpon|move: Follow Me\n|move|p2a: Rillaboom|Grassy Glide|p1a: Ogerpon\n|-damage|p1a: Ogerpon|51\/100\n|move|p2b: Tornadus|Bleakwind Storm|p1a: Ogerpon|[spread] \n|-miss|p2b: Tornadus|p1a: Ogerpon\n|-miss|p2b: Tornadus|p1b: Flutter Mane\n|move|p1b: Flutter Mane|Dazzling Gleam|p2a: Rillaboom|[spread] p2a,p2b\n|-damage|p2a: Rillaboom|19\/100\n|-damage|p2b: Tornadus|52\/100\n|\n|-heal|p2a: Rillaboom|25\/100|[from] Grassy Terrain\n|-heal|p1a: Ogerpon|57\/100|[from] Grassy Terrain\n|upkeep\n|turn|3\n|\n|t:|1701196281\n|move|p1a: Ogerpon|Follow Me|p1a: Ogerpon\n|-singleturn|p1a: Ogerpon|move: Follow Me\n|move|p2b: Tornadus|Bleakwind Storm|p1b: Flutter Mane|[spread] p1b\n|-miss|p2b: Tornadus|p1a: Ogerpon\n|-damage|p1b: Flutter Mane|72\/100\n|move|p2a: Rillaboom|Drum Beating|p1a: Ogerpon\n|-damage|p1a: Ogerpon|0 fnt\n|faint|p1a: Ogerpon\n|move|p1b: Flutter Mane|Dazzling Gleam|p2b: Tornadus|[spread] p2a,p2b\n|-damage|p2a: Rillaboom|0 fnt\n|-damage|p2b: Tornadus|3\/100\n|faint|p2a: Rillaboom\n|\n|-heal|p1b: Flutter Mane|78\/100|[from] Grassy Terrain\n|upkeep\n|\n|t:|1701196295\n|switch|p1a: Cresselia|Cresselia, L50, F|100\/100\n|switch|p2a: Arcanine|Arcanine-Hisui, L50, M|100\/100\n|-ability|p2a: Arcanine|Intimidate|boost\n|-unboost|p1a: Cresselia|atk|1\n|-unboost|p1b: Flutter Mane|atk|1\n|turn|4\n|\n|t:|1701196306\n|move|p2b: Tornadus|Bleakwind Storm|p1a: Cresselia|[spread] p1b\n|-miss|p2b: Tornadus|p1a: Cresselia\n|-damage|p1b: Flutter Mane|47\/100\n|move|p2a: Arcanine|Flare Blitz|p1a: Cresselia\n|-damage|p1a: Cresselia|41\/100\n|-status|p1a: Cresselia|brn\n|-damage|p2a: Arcanine|75\/100|[from] Recoil\n|move|p1b: Flutter Mane|Dazzling Gleam|p2a: Arcanine|[spread] p2a,p2b\n|-resisted|p2a: Arcanine\n|-crit|p2a: Arcanine\n|-damage|p2a: Arcanine|42\/100\n|-damage|p2b: Tornadus|0 fnt\n|faint|p2b: Tornadus\n|move|p1a: Cresselia|Trick Room|p1a: Cresselia\n|-fieldstart|move: Trick Room|[of] p1a: Cresselia\n|\n|-heal|p1b: Flutter Mane|53\/100|[from] Grassy Terrain\n|-heal|p2a: Arcanine|48\/100|[from] Grassy Terrain\n|-damage|p1a: Cresselia|34\/100 brn|[from] brn\n|-sideend|p2: Lurvas|move: Tailwind\n|upkeep\n|\n|t:|1701196323\n|switch|p2b: Chien-Pao|Chien-Pao, L50|100\/100\n|-ability|p2b: Chien-Pao|Sword of Ruin\n|turn|5\n|\n|t:|1701196331\n|move|p1a: Cresselia|Helping Hand|p1b: Flutter Mane\n|-singleturn|p1b: Flutter Mane|Helping Hand|[of] p1a: Cresselia\n|move|p2b: Chien-Pao|Sucker Punch|p1b: Flutter Mane\n|-damage|p1b: Flutter Mane|0 fnt\n|faint|p1b: Flutter Mane\n|-end|p1b: Flutter Mane|Protosynthesis|[silent]\n|move|p2a: Arcanine|Flare Blitz|p1a: Cresselia\n|-damage|p1a: Cresselia|0 fnt\n|faint|p1a: Cresselia\n|-damage|p2a: Arcanine|34\/100|[from] Recoil\n|\n|-heal|p2a: Arcanine|40\/100|[from] Grassy Terrain\n|-fieldend|move: Grassy Terrain\n|upkeep\n|\n|t:|1701196343\n|switch|p1b: Ursaluna|Ursaluna-Bloodmoon, L50, M|100\/100\n|turn|6\n|\n|t:|1701196350\n|move|p1b: Ursaluna|Hyper Voice|p2b: Chien-Pao|[spread] p2a,p2b\n|-resisted|p2a: Arcanine\n|-crit|p2a: Arcanine\n|-damage|p2a: Arcanine|9\/100\n|-damage|p2b: Chien-Pao|40\/100\n|-enditem|p1b: Ursaluna|Throat Spray\n|-boost|p1b: Ursaluna|spa|1|[from] item: Throat Spray\n|move|p2a: Arcanine|Flare Blitz|p1b: Ursaluna\n|-damage|p1b: Ursaluna|13\/100\n|-damage|p2a: Arcanine|0 fnt|[from] Recoil\n|faint|p2a: Arcanine\n|move|p2b: Chien-Pao|Sacred Sword|p1b: Ursaluna\n|-supereffective|p1b: Ursaluna\n|-damage|p1b: Ursaluna|0 fnt\n|faint|p1b: Ursaluna\n|\n|win|Lurvas\n|raw|Doc Positive's rating: 1145 &rarr; <strong>1126<\/strong><br \/>(-19 for losing)\n|raw|Lurvas's rating: 1235 &rarr; <strong>1254<\/strong><br \/>(+19 for winning)\n|c|\u2606Lurvas|gg\n","uploadtime":1701196365,"views":12,"p1id":"docpositive","p2id":"lurvas","formatid":"gen9vgc2023regulatione","rating":1126,"private":0,"password":""}