{"id":"gen9vgc2023regulatione-1998639463","p1":"Prf.Anu","p2":"essence1112","format":"[Gen 9] VGC 2023 Regulation E","log":"|j|\u2606Prf.Anu\n|j|\u2606essence1112\n|t:|1700966257\n|gametype|doubles\n|player|p1|Prf.Anu|unknown|1157\n|player|p2|essence1112|2|1098\n|teamsize|p1|6\n|teamsize|p2|6\n|gen|9\n|tier|[Gen 9] VGC 2023 Regulation E\n|rated|\n|rule|Species Clause: Limit one of each Pok\u00e9mon\n|rule|Item Clause: Limit one of each item\n|clearpoke\n|poke|p1|Ogerpon-Wellspring, L50, F|\n|poke|p1|Heatran, L50, F|\n|poke|p1|Armarouge, L50, M|\n|poke|p1|Flutter Mane, L50|\n|poke|p1|Indeedee-F, L50, F|\n|poke|p1|Tornadus, L50, M|\n|poke|p2|Fezandipiti, L50, M|\n|poke|p2|Ogerpon-Wellspring, L50, F|\n|poke|p2|Flutter Mane, L50|\n|poke|p2|Chi-Yu, L50|\n|poke|p2|Landorus-Therian, L50, M|\n|poke|p2|Dragonite, L50, M|\n|teampreview|4\n|inactive|Battle timer is ON: inactive players will automatically lose when time's up. (requested by Prf.Anu)\n|inactive|Prf.Anu has 60 seconds left.\n|inactive|essence1112 has 60 seconds left.\n|\n|t:|1700966295\n|start\n|switch|p1a: Tornadus|Tornadus, L50, M, shiny|100\/100\n|switch|p1b: Armarouge|Armarouge, L50, M, shiny|100\/100\n|switch|p2a: Fezandipiti|Fezandipiti, L50, M|100\/100\n|switch|p2b: Chi-Yu|Chi-Yu, L50|100\/100\n|-ability|p2b: Chi-Yu|Beads of Ruin\n|turn|1\n|inactive|Prf.Anu has 30 seconds left.\n|\n|t:|1700966324\n|switch|p1b: Indeedee|Indeedee-F, L50, F, shiny|100\/100\n|-fieldstart|move: Psychic Terrain|[from] ability: Psychic Surge|[of] p1b: Indeedee\n|-terastallize|p2a: Fezandipiti|Ghost\n|move|p1a: Tornadus|Taunt|p2a: Fezandipiti\n|-activate|p2a: Fezandipiti|move: Psychic Terrain\n|move|p2b: Chi-Yu|Dark Pulse|p1b: Indeedee\n|-supereffective|p1b: Indeedee\n|-damage|p1b: Indeedee|8\/100\n|move|p2a: Fezandipiti|Icy Wind|p1b: Indeedee|[spread] p1a,p1b\n|-supereffective|p1a: Tornadus\n|-damage|p1a: Tornadus|78\/100\n|-damage|p1b: Indeedee|0 fnt\n|faint|p1b: Indeedee\n|\n|upkeep\n|\n|t:|1700966341\n|switch|p1b: Flutter Mane|Flutter Mane, L50, shiny|100\/100\n|-enditem|p1b: Flutter Mane|Booster Energy\n|-activate|p1b: Flutter Mane|ability: Protosynthesis|[fromitem]\n|-start|p1b: Flutter Mane|protosynthesisspa\n|turn|2\n|\n|t:|1700966363\n|move|p2a: Fezandipiti|Protect|p2a: Fezandipiti\n|-singleturn|p2a: Fezandipiti|Protect\n|move|p1a: Tornadus|Tailwind|p1a: Tornadus\n|-sidestart|p1: Prf.Anu|move: Tailwind\n|move|p1b: Flutter Mane|Dazzling Gleam|p2b: Chi-Yu|[spread] p2b\n|-activate|p2a: Fezandipiti|move: Protect\n|-damage|p2b: Chi-Yu|43\/100\n|move|p2b: Chi-Yu|Dark Pulse|p1b: Flutter Mane\n|-damage|p1b: Flutter Mane|40\/100\n|\n|upkeep\n|turn|3\n|\n|t:|1700966382\n|move|p2b: Chi-Yu|Protect|p2b: Chi-Yu\n|-singleturn|p2b: Chi-Yu|Protect\n|move|p1b: Flutter Mane|Dazzling Gleam|p2a: Fezandipiti|[spread] p2a\n|-activate|p2b: Chi-Yu|move: Protect\n|-damage|p2a: Fezandipiti|65\/100\n|move|p1a: Tornadus|Bleakwind Storm|p2a: Fezandipiti|[spread] p2a\n|-activate|p2b: Chi-Yu|move: Protect\n|-damage|p2a: Fezandipiti|34\/100\n|-enditem|p2a: Fezandipiti|Sitrus Berry|[eat]\n|-heal|p2a: Fezandipiti|58\/100|[from] item: Sitrus Berry\n|move|p2a: Fezandipiti|Sludge Bomb|p1b: Flutter Mane\n|-crit|p1b: Flutter Mane\n|-damage|p1b: Flutter Mane|0 fnt\n|faint|p1b: Flutter Mane\n|-end|p1b: Flutter Mane|Protosynthesis|[silent]\n|\n|upkeep\n|\n|t:|1700966399\n|switch|p1b: Armarouge|Armarouge, L50, M, shiny|100\/100\n|turn|4\n|\n|t:|1700966414\n|-terastallize|p1b: Armarouge|Psychic\n|move|p2a: Fezandipiti|Protect|p2a: Fezandipiti\n|-singleturn|p2a: Fezandipiti|Protect\n|move|p1a: Tornadus|Bleakwind Storm|p2a: Fezandipiti|[spread] p2b\n|-activate|p2a: Fezandipiti|move: Protect\n|-damage|p2b: Chi-Yu|0 fnt\n|faint|p2b: Chi-Yu\n|move|p1b: Armarouge|Heat Wave|p2a: Fezandipiti\n|-activate|p2a: Fezandipiti|move: Protect\n|\n|upkeep\n|\n|t:|1700966429\n|switch|p2b: Dragonite|Dragonite, L50, M|100\/100\n|turn|5\n|inactive|essence1112 has 30 seconds left.\n|inactive|essence1112 has 20 seconds left.\n|inactive|essence1112 has 15 seconds left.\n|inactive|essence1112 has 10 seconds left.\n|\n|t:|1700966476\n|move|p1a: Tornadus|Protect|p1a: Tornadus\n|-singleturn|p1a: Tornadus|Protect\n|move|p2b: Dragonite|Extreme Speed|p1b: Armarouge\n|-activate|p1b: Armarouge|move: Psychic Terrain\n|move|p1b: Armarouge|Heat Wave|p2a: Fezandipiti|[spread] p2a,p2b\n|-resisted|p2b: Dragonite\n|-damage|p2a: Fezandipiti|28\/100\n|-damage|p2b: Dragonite|79\/100\n|-status|p2a: Fezandipiti|brn\n|move|p2a: Fezandipiti|Icy Wind|p1a: Tornadus|[spread] p1b\n|-activate|p1a: Tornadus|move: Protect\n|-damage|p1b: Armarouge|91\/100\n|-unboost|p1b: Armarouge|spe|1\n|\n|-damage|p2a: Fezandipiti|22\/100 brn|[from] brn\n|-sideend|p1: Prf.Anu|move: Tailwind\n|-fieldend|move: Psychic Terrain\n|upkeep\n|turn|6\n|\n|t:|1700966500\n|move|p2b: Dragonite|Extreme Speed|p1b: Armarouge\n|-damage|p1b: Armarouge|44\/100\n|move|p1a: Tornadus|Tailwind|p1a: Tornadus\n|-sidestart|p1: Prf.Anu|move: Tailwind\n|move|p1b: Armarouge|Heat Wave|p2a: Fezandipiti|[spread] p2a,p2b\n|-crit|p2a: Fezandipiti\n|-resisted|p2b: Dragonite\n|-damage|p2a: Fezandipiti|0 fnt\n|-damage|p2b: Dragonite|55\/100\n|faint|p2a: Fezandipiti\n|\n|upkeep\n|\n|t:|1700966513\n|switch|p2a: Ogerpon|Ogerpon-Wellspring, L50, F|100\/100\n|turn|7\n|\n|t:|1700966521\n|move|p2b: Dragonite|Extreme Speed|p1b: Armarouge\n|-damage|p1b: Armarouge|0 fnt\n|faint|p1b: Armarouge\n|move|p1a: Tornadus|Bleakwind Storm|p2a: Ogerpon|[spread] p2a,p2b\n|-supereffective|p2a: Ogerpon\n|-crit|p2a: Ogerpon\n|-damage|p2a: Ogerpon|0 fnt\n|-damage|p2b: Dragonite|25\/100\n|faint|p2a: Ogerpon\n|\n|upkeep\n|turn|8\n|\n|t:|1700966531\n|move|p2b: Dragonite|Extreme Speed|p1a: Tornadus\n|-damage|p1a: Tornadus|21\/100\n|move|p1a: Tornadus|Bleakwind Storm|p2b: Dragonite\n|-damage|p2b: Dragonite|0 fnt\n|faint|p2b: Dragonite\n|\n|win|Prf.Anu\n|raw|Prf.Anu's rating: 1157 &rarr; <strong>1178<\/strong><br \/>(+21 for winning)\n|raw|essence1112's rating: 1098 &rarr; <strong>1077<\/strong><br \/>(-21 for losing)\n","uploadtime":1700966541,"views":1,"p1id":"prfanu","p2id":"essence1112","formatid":"gen9vgc2023regulatione","rating":1077,"private":0,"password":""}