{"id":"gen9vgc2023regulatione-1988397180","p1":"BlindMagneton","p2":"skiddybard","format":"[Gen 9] VGC 2023 Regulation E","log":"|j|\u2606BlindMagneton\n|j|\u2606skiddybard\n|t:|1699718353\n|gametype|doubles\n|player|p1|BlindMagneton|wattson|1273\n|player|p2|skiddybard|170|1293\n|teamsize|p1|6\n|teamsize|p2|6\n|gen|9\n|tier|[Gen 9] VGC 2023 Regulation E\n|rated|\n|rule|Species Clause: Limit one of each Pok\u00e9mon\n|rule|Item Clause: Limit one of each item\n|clearpoke\n|poke|p1|Zoroark-Hisui, L50, F|\n|poke|p1|Grimmsnarl, L50, M|\n|poke|p1|Magnezone, L50|\n|poke|p1|Ogerpon-Wellspring, L50, F|\n|poke|p1|Farigiraf, L50, M|\n|poke|p1|Salamence, L50, M|\n|poke|p2|Ursaluna, L50, M|\n|poke|p2|Sinistcha, L50|\n|poke|p2|Heatran, L50, M|\n|poke|p2|Rotom-Wash, L50|\n|poke|p2|Enamorus-Therian, L50, F|\n|poke|p2|Annihilape, L50, M|\n|teampreview|4\n|inactive|Battle timer is ON: inactive players will automatically lose when time's up. (requested by skiddybard)\n|inactive|BlindMagneton has 60 seconds left.\n|inactive|BlindMagneton has 30 seconds left.\n|inactive|BlindMagneton has 20 seconds left.\n|inactive|BlindMagneton has 15 seconds left.\n|\n|t:|1699718432\n|start\n|switch|p1a: Grimmsnarl|Grimmsnarl, L50, M|100\/100\n|switch|p1b: Farigiraf|Farigiraf, L50, M|100\/100\n|switch|p2a: Sinistcha|Sinistcha, L50|100\/100\n|switch|p2b: Ursaluna|Ursaluna, L50, M|100\/100\n|turn|1\n|\n|t:|1699718456\n|move|p1a: Grimmsnarl|Thunder Wave|p2a: Sinistcha\n|-status|p2a: Sinistcha|par\n|move|p1b: Farigiraf|Hex|p2a: Sinistcha\n|-supereffective|p2a: Sinistcha\n|-damage|p2a: Sinistcha|0 fnt\n|faint|p2a: Sinistcha\n|move|p2b: Ursaluna|Swords Dance|p2b: Ursaluna\n|-boost|p2b: Ursaluna|atk|2\n|\n|-status|p2b: Ursaluna|brn|[from] item: Flame Orb\n|upkeep\n|\n|t:|1699718465\n|switch|p2a: Annihilape|Annihilape, L50, M|100\/100\n|turn|2\n|inactive|BlindMagneton has 30 seconds left.\n|inactive|skiddybard has 30 seconds left.\n|inactive|BlindMagneton has 20 seconds left.\n|inactive|skiddybard has 20 seconds left.\n|inactive|BlindMagneton has 15 seconds left.\n|inactive|BlindMagneton has 10 seconds left.\n|\n|t:|1699718512\n|move|p1a: Grimmsnarl|Thunder Wave|p2a: Annihilape\n|-status|p2a: Annihilape|par\n|move|p1b: Farigiraf|Icy Wind|p2b: Ursaluna|[spread] p2a,p2b\n|-crit|p2a: Annihilape\n|-supereffective|p2b: Ursaluna\n|-damage|p2a: Annihilape|83\/100 par\n|-damage|p2b: Ursaluna|76\/100 brn\n|-unboost|p2a: Annihilape|spe|1\n|-ability|p2a: Annihilape|Defiant|boost\n|-boost|p2a: Annihilape|atk|2\n|-unboost|p2b: Ursaluna|spe|1\n|move|p2b: Ursaluna|Facade|p1a: Grimmsnarl\n|-damage|p1a: Grimmsnarl|0 fnt\n|faint|p1a: Grimmsnarl\n|move|p2a: Annihilape|Brick Break|p1b: Farigiraf\n|-immune|p1b: Farigiraf\n|\n|-heal|p2a: Annihilape|89\/100 par|[from] item: Leftovers\n|-damage|p2b: Ursaluna|70\/100 brn|[from] brn\n|upkeep\n|inactive|BlindMagneton has 30 seconds left.\n|inactive|BlindMagneton has 20 seconds left.\n|inactive|BlindMagneton has 15 seconds left.\n|\n|t:|1699718553\n|switch|p1a: Farigiraf|Farigiraf, L50, M|100\/100\n|turn|3\n|\n|t:|1699718569\n|move|p2a: Annihilape|Protect|p2a: Annihilape\n|-singleturn|p2a: Annihilape|Protect\n|move|p1b: Farigiraf|Hex|p2a: Annihilape\n|-activate|p2a: Annihilape|move: Protect\n|move|p1a: Farigiraf|Hyper Voice|p2a: Annihilape|[spread] p2b\n|-activate|p2a: Annihilape|move: Protect\n|-damage|p2b: Ursaluna|38\/100 brn\n|-enditem|p1a: Farigiraf|Throat Spray\n|-boost|p1a: Farigiraf|spa|1|[from] item: Throat Spray\n|move|p2b: Ursaluna|Headlong Rush|p1b: Farigiraf\n|-enditem|p1b: Farigiraf|Focus Sash\n|-damage|p1b: Farigiraf|1\/100\n|-unboost|p2b: Ursaluna|def|1\n|-unboost|p2b: Ursaluna|spd|1\n|replace|p1b: Zoroark|Zoroark-Hisui, L50, F\n|-end|p1b: Zoroark|Illusion\n|\n|-heal|p2a: Annihilape|96\/100 par|[from] item: Leftovers\n|-damage|p2b: Ursaluna|32\/100 brn|[from] brn\n|upkeep\n|turn|4\n|inactive|BlindMagneton has 30 seconds left.\n|inactive|skiddybard has 30 seconds left.\n|\n|t:|1699718597\n|-terastallize|p1b: Zoroark|Ghost\n|-terastallize|p2a: Annihilape|Steel\n|move|p2b: Ursaluna|Protect|p2b: Ursaluna\n|-singleturn|p2b: Ursaluna|Protect\n|move|p1b: Zoroark|Hex|p2a: Annihilape\n|-damage|p2a: Annihilape|16\/100 par\n|move|p1a: Farigiraf|Hyper Voice|p2b: Ursaluna|[spread] p2a\n|-activate|p2b: Ursaluna|move: Protect\n|-resisted|p2a: Annihilape\n|-damage|p2a: Annihilape|0 fnt\n|faint|p2a: Annihilape\n|\n|-damage|p2b: Ursaluna|26\/100 brn|[from] brn\n|upkeep\n|\n|t:|1699718607\n|switch|p2a: Heatran|Heatran, L50, M|100\/100\n|-item|p2a: Heatran|Air Balloon\n|turn|5\n|\n|t:|1699718631\n|move|p1b: Zoroark|Hex|p2a: Heatran\n|-damage|p2a: Heatran|61\/100\n|-enditem|p2a: Heatran|Air Balloon\n|move|p2a: Heatran|Heat Wave|p1a: Farigiraf|[spread] p1a,p1b\n|-damage|p1a: Farigiraf|64\/100\n|-damage|p1b: Zoroark|0 fnt\n|-status|p1a: Farigiraf|brn\n|faint|p1b: Zoroark\n|move|p1a: Farigiraf|Hyper Voice|p2a: Heatran|[spread] p2a,p2b\n|-resisted|p2a: Heatran\n|-damage|p2a: Heatran|42\/100\n|-damage|p2b: Ursaluna|0 fnt\n|faint|p2b: Ursaluna\n|\n|-damage|p1a: Farigiraf|58\/100 brn|[from] brn\n|upkeep\n|\n|t:|1699718638\n|switch|p1b: Magnezone|Magnezone, L50|100\/100\n|turn|6\n|inactive|BlindMagneton has 30 seconds left.\n|inactive|BlindMagneton has 20 seconds left.\n|\n|t:|1699718678\n|move|p2a: Heatran|Heat Wave|p1a: Farigiraf|[spread] p1a\n|-miss|p2a: Heatran|p1b: Magnezone\n|-damage|p1a: Farigiraf|21\/100 brn\n|move|p1a: Farigiraf|Hyper Voice|p2a: Heatran\n|-resisted|p2a: Heatran\n|-damage|p2a: Heatran|16\/100\n|move|p1b: Magnezone|Thunderbolt|p2a: Heatran\n|-damage|p2a: Heatran|0 fnt\n|faint|p2a: Heatran\n|\n|win|BlindMagneton\n|raw|BlindMagneton's rating: 1273 &rarr; <strong>1299<\/strong><br \/>(+26 for winning)\n|raw|skiddybard's rating: 1293 &rarr; <strong>1267<\/strong><br \/>(-26 for losing)\n|l|\u2606skiddybard\n","uploadtime":1699718688,"views":26,"p1id":"blindmagneton","p2id":"skiddybard","formatid":"gen9vgc2023regulatione","rating":1267,"private":0,"password":""}