{"id":"gen9vgc2023regulatione-1991539848","p1":"grad_and_sad","p2":"Jard13255","format":"[Gen 9] VGC 2023 Regulation E","log":"|j|\u2606grad_and_sad\n|j|\u2606Jard13255\n|t:|1700086377\n|gametype|doubles\n|player|p1|grad_and_sad|dragontamer|1119\n|player|p2|Jard13255|psychic-gen4|1051\n|teamsize|p1|6\n|teamsize|p2|6\n|gen|9\n|tier|[Gen 9] VGC 2023 Regulation E\n|rated|\n|rule|Species Clause: Limit one of each Pok\u00e9mon\n|rule|Item Clause: Limit one of each item\n|clearpoke\n|poke|p1|Garganacl, L50, M|\n|poke|p1|Gothitelle, L50, M|\n|poke|p1|Ting-Lu, L50|\n|poke|p1|Cresselia, L50, F|\n|poke|p1|Glimmora, L50, M|\n|poke|p1|Kommo-o, L50, M|\n|poke|p2|Gyarados, L50, M|\n|poke|p2|Garganacl, L50, F|\n|poke|p2|Sinistcha, L50|\n|poke|p2|Iron Hands, L50|\n|poke|p2|Grimmsnarl, L50, M|\n|poke|p2|Glimmora, L50, M|\n|teampreview|4\n|inactive|Battle timer is ON: inactive players will automatically lose when time's up. (requested by grad_and_sad)\nJard13255 has agreed to open team sheets.\n|\n|t:|1700086400\n|start\n|switch|p1a: Gothitelle|Gothitelle, L50, M|100\/100\n|switch|p1b: Glimmora|Glimmora, L50, M|100\/100\n|switch|p2a: Sinistcha|Sinistcha, L50|100\/100\n|switch|p2b: Grimmsnarl|Grimmsnarl, L50, M|100\/100\n|turn|1\n|\n|t:|1700086422\n|move|p1a: Gothitelle|Fake Out|p2b: Grimmsnarl\n|-damage|p2b: Grimmsnarl|95\/100\n|cant|p2b: Grimmsnarl|flinch\n|move|p1b: Glimmora|Mortal Spin|p2a: Sinistcha|[spread] p2a,p2b\n|-supereffective|p2b: Grimmsnarl\n|-damage|p2a: Sinistcha|95\/100\n|-damage|p2b: Grimmsnarl|83\/100\n|-status|p2a: Sinistcha|psn\n|-status|p2b: Grimmsnarl|psn\n|-damage|p1b: Glimmora|84\/100|[from] item: Rocky Helmet|[of] p2a: Sinistcha\n|move|p2a: Sinistcha|Matcha Gotcha|p1a: Gothitelle|[spread] p1a,p1b\n|-damage|p1a: Gothitelle|77\/100\n|-heal|p2a: Sinistcha|100\/100 psn|[from] drain|[of] p1a: Gothitelle\n|-damage|p1b: Glimmora|65\/100\n|\n|-damage|p2a: Sinistcha|88\/100 psn|[from] psn\n|-damage|p2b: Grimmsnarl|71\/100 psn|[from] psn\n|upkeep\n|turn|2\n|inactive|grad_and_sad has 30 seconds left.\n|\n|t:|1700086453\n|move|p1a: Gothitelle|Protect|p1a: Gothitelle\n|-singleturn|p1a: Gothitelle|Protect\n|move|p2b: Grimmsnarl|Light Screen|p2b: Grimmsnarl\n|-sidestart|p2: Jard13255|move: Light Screen\n|move|p1b: Glimmora|Sludge Bomb|p2b: Grimmsnarl\n|-supereffective|p2b: Grimmsnarl\n|-damage|p2b: Grimmsnarl|7\/100 psn\n|move|p2a: Sinistcha|Matcha Gotcha|p1b: Glimmora|[spread] \n|-activate|p1a: Gothitelle|move: Protect\n|-miss|p2a: Sinistcha|p1b: Glimmora\n|\n|-damage|p2a: Sinistcha|76\/100 psn|[from] psn\n|-damage|p2b: Grimmsnarl|0 fnt|[from] psn\n|faint|p2b: Grimmsnarl\n|upkeep\n|\n|t:|1700086469\n|switch|p2b: Garganacl|Garganacl, L50, F|100\/100\n|turn|3\n|\n|t:|1700086490\n|switch|p1a: Garganacl|Garganacl, L50, M|100\/100\n|move|p2b: Garganacl|Protect|p2b: Garganacl\n|-singleturn|p2b: Garganacl|Protect\n|move|p1b: Glimmora|Earth Power|p2b: Garganacl\n|-activate|p2b: Garganacl|move: Protect\n|move|p2a: Sinistcha|Matcha Gotcha|p1b: Glimmora|[spread] p1a,p1b\n|-supereffective|p1a: Garganacl\n|-damage|p1a: Garganacl|65\/100\n|-heal|p2a: Sinistcha|94\/100 psn|[from] drain|[of] p1a: Garganacl\n|-damage|p1b: Glimmora|47\/100\n|-heal|p2a: Sinistcha|100\/100 psn|[from] drain|[of] p1b: Glimmora\n|\n|-damage|p2a: Sinistcha|88\/100 psn|[from] psn\n|upkeep\n|turn|4\n|inactive|Jard13255 has 30 seconds left.\n|\n|t:|1700086518\n|-terastallize|p1a: Garganacl|Ghost\n|move|p1b: Glimmora|Earth Power|p2b: Garganacl\n|-supereffective|p2b: Garganacl\n|-damage|p2b: Garganacl|67\/100\n|move|p2a: Sinistcha|Matcha Gotcha|p1a: Garganacl|[spread] p1a,p1b\n|-damage|p1a: Garganacl|48\/100\n|-heal|p2a: Sinistcha|97\/100 psn|[from] drain|[of] p1a: Garganacl\n|-damage|p1b: Glimmora|28\/100\n|-heal|p2a: Sinistcha|100\/100 psn|[from] drain|[of] p1b: Glimmora\n|-enditem|p1a: Garganacl|Sitrus Berry|[eat]\n|-heal|p1a: Garganacl|73\/100|[from] item: Sitrus Berry\n|move|p2b: Garganacl|Stealth Rock|p1b: Glimmora\n|-sidestart|p1: grad_and_sad|move: Stealth Rock\n|move|p1a: Garganacl|Salt Cure|p2a: Sinistcha\n|-damage|p2a: Sinistcha|87\/100 psn\n|-start|p2a: Sinistcha|Salt Cure\n|\n|-heal|p2b: Garganacl|73\/100|[from] item: Leftovers\n|-damage|p2a: Sinistcha|75\/100 psn|[from] psn\n|-damage|p2a: Sinistcha|62\/100 psn|[from] Salt Cure\n|upkeep\n|turn|5\n|inactive|grad_and_sad has 30 seconds left.\n|inactive|Jard13255 has 30 seconds left.\n|inactive|grad_and_sad has 20 seconds left.\n|inactive|Jard13255 has 20 seconds left.\n|inactive|Jard13255 has 15 seconds left.\n|inactive|Jard13255 has 10 seconds left.\n|\n|t:|1700086565\n|switch|p2b: Gyarados|Gyarados, L50, M|100\/100\n|-ability|p2b: Gyarados|Intimidate|boost\n|-unboost|p1a: Garganacl|atk|1\n|-unboost|p1b: Glimmora|atk|1\n|move|p1a: Garganacl|Protect|p1a: Garganacl\n|-singleturn|p1a: Garganacl|Protect\n|move|p1b: Glimmora|Sludge Bomb|p2a: Sinistcha\n|-damage|p2a: Sinistcha|33\/100 psn\n|move|p2a: Sinistcha|Hex|p1b: Glimmora\n|-damage|p1b: Glimmora|6\/100\n|\n|-damage|p2a: Sinistcha|21\/100 psn|[from] psn\n|-damage|p2a: Sinistcha|8\/100 psn|[from] Salt Cure\n|upkeep\n|turn|6\n|inactive|grad_and_sad has 30 seconds left.\n|inactive|Jard13255 has 30 seconds left.\n|\n|t:|1700086599\n|switch|p1b: Gothitelle|Gothitelle, L50, M|77\/100\n|-damage|p1b: Gothitelle|64\/100|[from] Stealth Rock\n|switch|p2a: Garganacl|Garganacl, L50, F|73\/100\n|move|p2b: Gyarados|Protect|p2b: Gyarados\n|-singleturn|p2b: Gyarados|Protect\n|move|p1a: Garganacl|Salt Cure|p2b: Gyarados\n|-activate|p2b: Gyarados|move: Protect\n|\n|-heal|p2a: Garganacl|79\/100|[from] item: Leftovers\n|upkeep\n|turn|7\n|inactive|Jard13255 has 30 seconds left.\n|\n|t:|1700086632\n|move|p1b: Gothitelle|Fake Out|p2a: Garganacl\n|-resisted|p2a: Garganacl\n|-damage|p2a: Garganacl|77\/100\n|move|p2b: Gyarados|Taunt|p1b: Gothitelle\n|-start|p1b: Gothitelle|move: Taunt\n|cant|p2a: Garganacl|flinch\n|move|p1a: Garganacl|Salt Cure|p2b: Gyarados\n|-supereffective|p2b: Gyarados\n|-damage|p2b: Gyarados|85\/100\n|-start|p2b: Gyarados|Salt Cure\n|\n|-heal|p2a: Garganacl|83\/100|[from] item: Leftovers\n|-damage|p2b: Gyarados|60\/100|[from] Salt Cure\n|upkeep\n|turn|8\n|inactive|grad_and_sad has 30 seconds left.\n|inactive|Jard13255 has 30 seconds left.\n|\n|t:|1700086658\n|-terastallize|p2b: Gyarados|Dragon\n|move|p1b: Gothitelle|Psychic|p2a: Garganacl\n|-damage|p2a: Garganacl|66\/100\n|move|p2a: Garganacl|Salt Cure|p1a: Garganacl\n|-damage|p1a: Garganacl|63\/100\n|-start|p1a: Garganacl|Salt Cure\n|move|p1a: Garganacl|Body Press|p2a: Garganacl\n|-supereffective|p2a: Garganacl\n|-damage|p2a: Garganacl|35\/100\n|move|p2b: Gyarados|Dragon Tail|p1b: Gothitelle\n|-damage|p1b: Gothitelle|40\/100\n|drag|p1b: Glimmora|Glimmora, L50, M|6\/100\n|-damage|p1b: Glimmora|0 fnt|[from] Stealth Rock\n|faint|p1b: Glimmora\n|\n|-heal|p2a: Garganacl|41\/100|[from] item: Leftovers\n|-damage|p2b: Gyarados|48\/100|[from] Salt Cure\n|-damage|p1a: Garganacl|51\/100|[from] Salt Cure\n|upkeep\n|\n|t:|1700086679\n|switch|p1b: Gothitelle|Gothitelle, L50, M|40\/100\n|-damage|p1b: Gothitelle|28\/100|[from] Stealth Rock\n|turn|9\n|\n|t:|1700086697\n|move|p2a: Garganacl|Protect|p2a: Garganacl\n|-singleturn|p2a: Garganacl|Protect\n|move|p1b: Gothitelle|Fake Out|p2b: Gyarados\n|-damage|p2b: Gyarados|43\/100\n|cant|p2b: Gyarados|flinch\n|move|p1a: Garganacl|Recover|p1a: Garganacl\n|-heal|p1a: Garganacl|100\/100\n|\n|-heal|p2a: Garganacl|47\/100|[from] item: Leftovers\n|-damage|p2b: Gyarados|30\/100|[from] Salt Cure\n|-damage|p1a: Garganacl|88\/100|[from] Salt Cure\n|-sideend|p2: Jard13255|move: Light Screen\n|upkeep\n|turn|10\n|inactive|Jard13255 has 30 seconds left.\n|\n|t:|1700086728\n|switch|p1a: Ting-Lu|Ting-Lu, L50|100\/100\n|-damage|p1a: Ting-Lu|95\/100|[from] Stealth Rock\n|-ability|p1a: Ting-Lu|Vessel of Ruin\n|move|p1b: Gothitelle|Protect|p1b: Gothitelle\n|-singleturn|p1b: Gothitelle|Protect\n|move|p2b: Gyarados|Waterfall|p1a: Ting-Lu\n|-supereffective|p1a: Ting-Lu\n|-damage|p1a: Ting-Lu|51\/100\n|move|p2a: Garganacl|Salt Cure|p1b: Gothitelle\n|-activate|p1b: Gothitelle|move: Protect\n|\n|-heal|p2a: Garganacl|53\/100|[from] item: Leftovers\n|-damage|p2b: Gyarados|18\/100|[from] Salt Cure\n|upkeep\n|-enditem|p2b: Gyarados|Aguav Berry|[eat]\n|-heal|p2b: Gyarados|51\/100|[from] item: Aguav Berry\n|turn|11\n|inactive|grad_and_sad has 30 seconds left.\n|inactive|grad_and_sad has 20 seconds left.\n|inactive|grad_and_sad has 15 seconds left.\n|\n|t:|1700086768\n|move|p1b: Gothitelle|Helping Hand|p1a: Ting-Lu\n|-singleturn|p1a: Ting-Lu|Helping Hand|[of] p1b: Gothitelle\n|move|p2a: Garganacl|Protect|p2a: Garganacl\n|-singleturn|p2a: Garganacl|Protect\n|move|p1a: Ting-Lu|Sand Tomb|p2a: Garganacl\n|-activate|p2a: Garganacl|move: Protect\n|move|p2b: Gyarados|Dragon Tail|p1b: Gothitelle\n|-damage|p1b: Gothitelle|4\/100\n|drag|p1b: Garganacl|Garganacl, L50, M, tera:Ghost|88\/100\n|-damage|p1b: Garganacl|76\/100|[from] Stealth Rock\n|\n|-heal|p2a: Garganacl|58\/100|[from] item: Leftovers\n|-damage|p2b: Gyarados|39\/100|[from] Salt Cure\n|upkeep\n|turn|12\n|inactive|Jard13255 has 30 seconds left.\n|inactive|Jard13255 has 20 seconds left.\n|inactive|Jard13255 has 15 seconds left.\n|\n|t:|1700086808\n|switch|p2a: Sinistcha|Sinistcha, L50|8\/100 psn\n|-heal|p2b: Gyarados|63\/100|[from] ability: Hospitality|[of] p2a: Sinistcha\n|move|p2b: Gyarados|Waterfall|p1a: Ting-Lu\n|-supereffective|p1a: Ting-Lu\n|-crit|p1a: Ting-Lu\n|-damage|p1a: Ting-Lu|0 fnt\n|faint|p1a: Ting-Lu\n|move|p1b: Garganacl|Salt Cure|p2b: Gyarados\n|-damage|p2b: Gyarados|51\/100\n|\n|-damage|p2a: Sinistcha|0 fnt|[from] psn\n|faint|p2a: Sinistcha\n|-damage|p2b: Gyarados|39\/100|[from] Salt Cure\n|upkeep\n|\n|t:|1700086824\n|switch|p2a: Garganacl|Garganacl, L50, F|58\/100\n|switch|p1a: Gothitelle|Gothitelle, L50, M|4\/100\n|-damage|p1a: Gothitelle|0 fnt|[from] Stealth Rock\n|faint|p1a: Gothitelle\n|turn|13\n|\n|t:|1700086836\n|move|p2b: Gyarados|Waterfall|p1b: Garganacl\n|-damage|p1b: Garganacl|50\/100\n|move|p2a: Garganacl|Salt Cure|p1b: Garganacl\n|-damage|p1b: Garganacl|40\/100\n|-start|p1b: Garganacl|Salt Cure\n|move|p1b: Garganacl|Body Press|p2a: Garganacl\n|-supereffective|p2a: Garganacl\n|-damage|p2a: Garganacl|29\/100\n|\n|-heal|p2a: Garganacl|34\/100|[from] item: Leftovers\n|-damage|p2b: Gyarados|26\/100|[from] Salt Cure\n|-damage|p1b: Garganacl|27\/100|[from] Salt Cure\n|upkeep\n|turn|14\n|\n|t:|1700086851\n|move|p2b: Gyarados|Waterfall|p1b: Garganacl\n|-damage|p1b: Garganacl|0 fnt\n|faint|p1b: Garganacl\n|\n|win|Jard13255\n|raw|grad_and_sad's rating: 1119 &rarr; <strong>1089<\/strong><br \/>(-30 for losing)\n|raw|Jard13255's rating: 1051 &rarr; <strong>1090<\/strong><br \/>(+39 for winning)\n|l|\u2606grad_and_sad\n|c|\u2606Jard13255|gg\n","uploadtime":1700086863,"views":13,"p1id":"gradandsad","p2id":"jard13255","formatid":"gen9vgc2023regulatione","rating":1089,"private":0,"password":""}