{"id":"gen9vgc2023regulatione-1997632222","p1":"PsychoR&R","p2":"postman7534216","format":"[Gen 9] VGC 2023 Regulation E","log":"|j|\u2606PsychoR&R\n|j|\u2606postman7534216\n|t:|1700835389\n|gametype|doubles\n|player|p1|PsychoR&R|1|\n|player|p2|postman7534216|blackbelt-gen4dp|\n|teamsize|p1|6\n|teamsize|p2|6\n|gen|9\n|tier|[Gen 9] VGC 2023 Regulation E\n|rule|Species Clause: Limit one of each Pok\u00e9mon\n|rule|Item Clause: Limit one of each item\n|clearpoke\n|poke|p1|Maushold-Four, L50|\n|poke|p1|Roaring Moon, L50|\n|poke|p1|Weezing, L50, M|\n|poke|p1|Gardevoir, L50, M|\n|poke|p1|Gliscor, L50, M|\n|poke|p1|Froslass, L50, F|\n|poke|p2|Gholdengo, L50|\n|poke|p2|Grimmsnarl, L50, M|\n|poke|p2|Overqwil, L50, F|\n|poke|p2|Donphan, L50, F|\n|poke|p2|Alomomola, L50, F|\n|poke|p2|Torkoal, L50, M|\n|teampreview|4\nPsychoR&R has agreed to open team sheets.\n|inactive|Battle timer is ON: inactive players will automatically lose when time's up. (requested by PsychoR&R)\n|\n|t:|1700835437\n|start\n|switch|p1a: Roaring Moon|Roaring Moon, L50|100\/100\n|switch|p1b: Weezing|Weezing, L50, M|100\/100\n|switch|p2a: Donphan|Donphan, L50, F|100\/100\n|switch|p2b: Alomomola|Alomomola, L50, F|100\/100\n|-ability|p1b: Weezing|Neutralizing Gas\n|-enditem|p1a: Roaring Moon|Booster Energy\n|-activate|p1a: Roaring Moon|ability: Protosynthesis|[fromitem]\n|-start|p1a: Roaring Moon|protosynthesisspe\n|turn|1\n|inactive|PsychoR&R has 30 seconds left.\n|inactive|postman7534216 has 30 seconds left.\n|inactive|postman7534216 has 20 seconds left.\n|\n|t:|1700835475\n|-terastallize|p1a: Roaring Moon|Poison\n|move|p1a: Roaring Moon|Breaking Swipe|p2a: Donphan|[spread] p2a,p2b\n|-damage|p2a: Donphan|78\/100\n|-damage|p2b: Alomomola|81\/100\n|-unboost|p2a: Donphan|atk|1\n|move|p2a: Donphan|Stomping Tantrum|p1b: Weezing\n|-supereffective|p1b: Weezing\n|-damage|p1b: Weezing|32\/100\n|-enditem|p1b: Weezing|Sitrus Berry|[eat]\n|-heal|p1b: Weezing|57\/100|[from] item: Sitrus Berry\n|move|p1b: Weezing|Will-O-Wisp|p2a: Donphan\n|-status|p2a: Donphan|brn\n|move|p2b: Alomomola|Wish|p2b: Alomomola\n|\n|-damage|p2a: Donphan|72\/100 brn|[from] brn\n|upkeep\n|turn|2\n|\n|t:|1700835498\n|-end|p1b: Weezing|ability: Neutralizing Gas\n|switch|p1b: Gliscor|Gliscor, L50, M|100\/100\n|switch|p2b: Overqwil|Overqwil, L50, F|100\/100\n|-ability|p2b: Overqwil|Intimidate|boost\n|-unboost|p1a: Roaring Moon|atk|1\n|-fail|p1b: Gliscor|unboost|Attack|[from] ability: Hyper Cutter|[of] p1b: Gliscor\n|move|p1a: Roaring Moon|Knock Off|p2b: Overqwil\n|-resisted|p2b: Overqwil\n|-damage|p2b: Overqwil|85\/100\n|-enditem|p2b: Overqwil|Life Orb|[from] move: Knock Off|[of] p1a: Roaring Moon\n|move|p2a: Donphan|Stomping Tantrum|p1a: Roaring Moon\n|-supereffective|p1a: Roaring Moon\n|-damage|p1a: Roaring Moon|54\/100\n|\n|-heal|p2b: Overqwil|100\/100|[from] move: Wish|[wisher] Alomomola\n|-damage|p2a: Donphan|66\/100 brn|[from] brn\n|upkeep\n|turn|3\n|inactive|PsychoR&R has 30 seconds left.\n|inactive|postman7534216 has 30 seconds left.\n|\n|t:|1700835529\n|switch|p1b: Weezing|Weezing, L50, M|57\/100\n|-ability|p1b: Weezing|Neutralizing Gas\n|switch|p2a: Alomomola|Alomomola, L50, F|100\/100\n|-terastallize|p2b: Overqwil|Grass\n|move|p1a: Roaring Moon|Breaking Swipe|p2a: Alomomola|[spread] p2a,p2b\n|-crit|p2a: Alomomola\n|-damage|p2a: Alomomola|72\/100\n|-damage|p2b: Overqwil|85\/100\n|-unboost|p2b: Overqwil|atk|1\n|move|p2b: Overqwil|Minimize|p2b: Overqwil\n|-boost|p2b: Overqwil|evasion|2\n|\n|upkeep\n|turn|4\n|inactive|PsychoR&R has 30 seconds left.\n|\n|t:|1700835554\n|move|p1a: Roaring Moon|Knock Off|p2a: Alomomola\n|-damage|p2a: Alomomola|44\/100\n|-enditem|p2a: Alomomola|Covert Cloak|[from] move: Knock Off|[of] p1a: Roaring Moon\n|move|p2b: Overqwil|Lash Out|p1a: Roaring Moon\n|-damage|p1a: Roaring Moon|24\/100\n|move|p1b: Weezing|Taunt|p2b: Overqwil|[miss]\n|-miss|p1b: Weezing|p2b: Overqwil\n|move|p2a: Alomomola|Wish|p2a: Alomomola\n|\n|upkeep\n|turn|5\n|\n|t:|1700835574\n|switch|p2a: Donphan|Donphan, L50, F|66\/100 brn\n|move|p1a: Roaring Moon|Breaking Swipe|p2b: Overqwil|[spread] p2a\n|-miss|p1a: Roaring Moon|p2b: Overqwil\n|-damage|p2a: Donphan|50\/100 brn\n|-unboost|p2a: Donphan|atk|1\n|move|p2b: Overqwil|Lash Out|p1a: Roaring Moon\n|-damage|p1a: Roaring Moon|0 fnt\n|faint|p1a: Roaring Moon\n|-end|p1a: Roaring Moon|Protosynthesis|[silent]\n|move|p1b: Weezing|Gunk Shot|p2b: Overqwil|[miss]\n|-miss|p1b: Weezing|p2b: Overqwil\n|\n|-heal|p2a: Donphan|100\/100 brn|[from] move: Wish|[wisher] Alomomola\n|-damage|p2a: Donphan|95\/100 brn|[from] brn\n|upkeep\n|\n|t:|1700835588\n|switch|p1a: Gardevoir|Gardevoir, L50, M|100\/100\n|turn|6\n|\n|t:|1700835607\n|move|p1a: Gardevoir|Dazzling Gleam|p2a: Donphan|[spread] p2a,p2b\n|-damage|p2a: Donphan|24\/100 brn\n|-damage|p2b: Overqwil|35\/100\n|move|p2b: Overqwil|Lash Out|p1a: Gardevoir\n|-damage|p1a: Gardevoir|65\/100\n|move|p2a: Donphan|Stomping Tantrum|p1b: Weezing\n|-supereffective|p1b: Weezing\n|-damage|p1b: Weezing|22\/100\n|move|p1b: Weezing|Gunk Shot|p2b: Overqwil|[miss]\n|-miss|p1b: Weezing|p2b: Overqwil\n|\n|-damage|p2a: Donphan|18\/100 brn|[from] brn\n|upkeep\n|turn|7\n|\n|t:|1700835630\n|-end|p1b: Weezing|ability: Neutralizing Gas\n|-ability|p2b: Overqwil|Intimidate|boost\n|-unboost|p1a: Gardevoir|atk|1\n|-unboost|p1b: Weezing|atk|1\n|switch|p1b: Gliscor|Gliscor, L50, M|100\/100\n|move|p1a: Gardevoir|Dazzling Gleam|p2b: Overqwil|[spread] p2a,p2b\n|-crit|p2b: Overqwil\n|-damage|p2a: Donphan|0 fnt\n|-damage|p2b: Overqwil|0 fnt\n|faint|p2a: Donphan\n|faint|p2b: Overqwil\n|\n|upkeep\n|\n|t:|1700835640\n|switch|p2b: Alomomola|Alomomola, L50, F|44\/100\n|switch|p2a: Gholdengo|Gholdengo, L50|100\/100\n|turn|8\n|\n|t:|1700835651\n|move|p2a: Gholdengo|Protect|p2a: Gholdengo\n|-singleturn|p2a: Gholdengo|Protect\n|move|p1b: Gliscor|High Horsepower|p2a: Gholdengo\n|-activate|p2a: Gholdengo|move: Protect\n|move|p1a: Gardevoir|Dazzling Gleam|p2b: Alomomola|[spread] p2b\n|-activate|p2a: Gholdengo|move: Protect\n|-damage|p2b: Alomomola|9\/100\n|move|p2b: Alomomola|Wish|p2b: Alomomola\n|\n|upkeep\n|turn|9\n|inactive|postman7534216 has 30 seconds left.\n|\n|t:|1700835678\n|move|p2b: Alomomola|Protect|p2b: Alomomola\n|-singleturn|p2b: Alomomola|Protect\n|move|p1b: Gliscor|High Horsepower|p2a: Gholdengo\n|-supereffective|p2a: Gholdengo\n|-damage|p2a: Gholdengo|0 fnt\n|faint|p2a: Gholdengo\n|-damage|p1b: Gliscor|91\/100|[from] item: Life Orb\n|move|p1a: Gardevoir|Dazzling Gleam|p2b: Alomomola\n|-activate|p2b: Alomomola|move: Protect\n|\n|-heal|p2b: Alomomola|59\/100|[from] move: Wish|[wisher] Alomomola\n|upkeep\n|turn|10\n|-message|postman7534216 forfeited.\n|\n|win|PsychoR&R\n|l|\u2606postman7534216\n|l|\u2606PsychoR&R\n|j|\u2606postman7534216\n|player|p2|postman7534216|blackbelt-gen4dp\n","uploadtime":1700835707,"views":28,"p1id":"psychorr","p2id":"postman7534216","formatid":"gen9vgc2023regulatione","rating":0,"private":0,"password":""}