{"id":"gen9vgc2023regulatione-1988619063","p1":"Steve9999","p2":"Violet040","format":"[Gen 9] VGC 2023 Regulation E","log":"|j|\u2606Steve9999\n|j|\u2606Violet040\n|t:|1699742662\n|gametype|doubles\n|player|p1|Steve9999|170|1160\n|player|p2|Violet040|erika|1193\n|teamsize|p1|6\n|teamsize|p2|6\n|gen|9\n|tier|[Gen 9] VGC 2023 Regulation E\n|rated|\n|rule|Species Clause: Limit one of each Pok\u00e9mon\n|rule|Item Clause: Limit one of each item\n|clearpoke\n|poke|p1|Chi-Yu, L50|\n|poke|p1|Flutter Mane, L50|\n|poke|p1|Iron Hands, L50|\n|poke|p1|Tornadus, L50, M|\n|poke|p1|Landorus-Therian, L50, M|\n|poke|p1|Ogerpon-Wellspring, L50, F|\n|poke|p2|Ogerpon-Cornerstone, L50, F|\n|poke|p2|Mimikyu, L50, M|\n|poke|p2|Cresselia, L50, F|\n|poke|p2|Palafin, L50, M|\n|poke|p2|Heatran, L50, M|\n|poke|p2|Sinistcha-Masterpiece, L50|\n|teampreview|4\n|inactive|Battle timer is ON: inactive players will automatically lose when time's up. (requested by Violet040)\n|\n|t:|1699742698\n|start\n|switch|p1a: Tornadus|Tornadus, L50, M|100\/100\n|switch|p1b: Ogerpon|Ogerpon-Wellspring, L50, F|100\/100\n|switch|p2a: Palafin|Palafin, L50, M, shiny|100\/100\n|switch|p2b: Mimikyu|Mimikyu, L50, M|100\/100\n|turn|1\n|\n|t:|1699742720\n|detailschange|p2a: Palafin|Palafin-Hero, L50, M, shiny\n|switch|p2a: Heatran|Heatran, L50, M, shiny|100\/100\n|move|p1a: Tornadus|Tailwind|p1a: Tornadus\n|-sidestart|p1: Steve9999|move: Tailwind\n|move|p1b: Ogerpon|Horn Leech|p2a: Heatran\n|-resisted|p2a: Heatran\n|-damage|p2a: Heatran|91\/100\n|move|p2b: Mimikyu|Trick Room|p2b: Mimikyu\n|-fieldstart|move: Trick Room|[of] p2b: Mimikyu\n|\n|upkeep\n|turn|2\n|\n|t:|1699742738\n|-terastallize|p2a: Heatran|Grass\n|-terastallize|p1b: Ogerpon|Water\n|detailschange|p1b: Ogerpon|Ogerpon-Wellspring-Tera, L50, F, tera:Water\n|-ability|p1b: Ogerpon|Embody Aspect (Wellspring)|boost\n|-boost|p1b: Ogerpon|spd|1\n|move|p1a: Tornadus|Rain Dance|p1a: Tornadus\n|-weather|RainDance\n|move|p2a: Heatran|Tera Blast|p1b: Ogerpon|[anim] Tera Blast Grass\n|-supereffective|p1b: Ogerpon\n|-damage|p1b: Ogerpon|0 fnt\n|faint|p1b: Ogerpon\n|-damage|p2a: Heatran|81\/100|[from] item: Life Orb\n|move|p2b: Mimikyu|Will-O-Wisp|p1a: Tornadus\n|-status|p1a: Tornadus|brn\n|\n|-weather|RainDance|[upkeep]\n|-damage|p1a: Tornadus|95\/100 brn|[from] brn\n|upkeep\n|\n|t:|1699742754\n|switch|p1b: Iron Hands|Iron Hands, L50, shiny|100\/100\n|turn|3\n|\n|t:|1699742759\n|move|p2a: Heatran|Protect|p2a: Heatran\n|-singleturn|p2a: Heatran|Protect\n|move|p1b: Iron Hands|Fake Out|p2a: Heatran\n|-activate|p2a: Heatran|move: Protect\n|move|p2b: Mimikyu|Will-O-Wisp|p1b: Iron Hands|[miss]\n|-miss|p2b: Mimikyu|p1b: Iron Hands\n|move|p1a: Tornadus|Bleakwind Storm|p2a: Heatran|[spread] p2b\n|-activate|p2a: Heatran|move: Protect\n|-activate|p2b: Mimikyu|ability: Disguise\n|-damage|p2b: Mimikyu|100\/100\n|detailschange|p2b: Mimikyu|Mimikyu-Busted, L50, M\n|-damage|p2b: Mimikyu|88\/100|[from] pokemon: Mimikyu-Busted\n|\n|-weather|RainDance|[upkeep]\n|-damage|p1a: Tornadus|89\/100 brn|[from] brn\n|upkeep\n|turn|4\n|inactive|Steve9999 has 30 seconds left.\n|\n|t:|1699742789\n|move|p2a: Heatran|Earth Power|p1b: Iron Hands\n|-supereffective|p1b: Iron Hands\n|-damage|p1b: Iron Hands|41\/100\n|-damage|p2a: Heatran|71\/100|[from] item: Life Orb\n|move|p2b: Mimikyu|Play Rough|p1b: Iron Hands|[miss]\n|-miss|p2b: Mimikyu|p1b: Iron Hands\n|move|p1b: Iron Hands|Drain Punch|p2a: Heatran\n|-damage|p2a: Heatran|37\/100\n|-heal|p1b: Iron Hands|52\/100|[from] drain|[of] p2a: Heatran\n|move|p1a: Tornadus|Bleakwind Storm|p2b: Mimikyu|[spread] p2a,p2b\n|-supereffective|p2a: Heatran\n|-damage|p2a: Heatran|0 fnt\n|-damage|p2b: Mimikyu|56\/100\n|faint|p2a: Heatran\n|\n|-weather|RainDance|[upkeep]\n|-damage|p1a: Tornadus|83\/100 brn|[from] brn\n|-sideend|p1: Steve9999|move: Tailwind\n|upkeep\n|\n|t:|1699742800\n|switch|p2a: Palafin|Palafin-Hero, L50, M, shiny|100\/100\n|-activate|p2a: Palafin|ability: Zero to Hero\n|turn|5\n|\n|t:|1699742813\n|move|p2a: Palafin|Jet Punch|p1a: Tornadus\n|-damage|p1a: Tornadus|0 fnt\n|faint|p1a: Tornadus\n|move|p1b: Iron Hands|Wild Charge|p2a: Palafin\n|-supereffective|p2a: Palafin\n|-damage|p2a: Palafin|27\/100\n|-damage|p1b: Iron Hands|38\/100|[from] Recoil\n|move|p2b: Mimikyu|Will-O-Wisp|p1b: Iron Hands\n|-status|p1b: Iron Hands|brn\n|\n|-weather|RainDance|[upkeep]\n|-damage|p1b: Iron Hands|32\/100 brn|[from] brn\n|-fieldend|move: Trick Room\n|upkeep\n|\n|t:|1699742824\n|switch|p1a: Flutter Mane|Flutter Mane, L50, shiny|100\/100\n|turn|6\n|\n|t:|1699742837\n|move|p2a: Palafin|Jet Punch|p1a: Flutter Mane\n|-damage|p1a: Flutter Mane|0 fnt\n|faint|p1a: Flutter Mane\n|-end|p1a: Flutter Mane|Protosynthesis|[silent]\n|move|p2b: Mimikyu|Play Rough|p1b: Iron Hands\n|-supereffective|p1b: Iron Hands\n|-damage|p1b: Iron Hands|0 fnt\n|faint|p1b: Iron Hands\n|-end|p1b: Iron Hands|Quark Drive|[silent]\n|\n|win|Violet040\n|raw|Steve9999's rating: 1160 &rarr; <strong>1137<\/strong><br \/>(-23 for losing)\n|raw|Violet040's rating: 1193 &rarr; <strong>1216<\/strong><br \/>(+23 for winning)\n|l|\u2606Violet040\n","uploadtime":1699742852,"views":13,"p1id":"steve9999","p2id":"violet040","formatid":"gen9vgc2023regulatione","rating":1137,"private":0,"password":""}