{"id":"gen9vgc2023regulatione-1998645559","p1":"Sug3r","p2":"Lixeira Pistola","format":"[Gen 9] VGC 2023 Regulation E","log":"|j|\u2606Sug3r\n|j|\u2606Lixeira Pistola\n|t:|1700967020\n|gametype|doubles\n|player|p1|Sug3r|102|1224\n|player|p2|Lixeira Pistola|giovanni|1160\n|teamsize|p1|6\n|teamsize|p2|6\n|gen|9\n|tier|[Gen 9] VGC 2023 Regulation E\n|rated|\n|rule|Species Clause: Limit one of each Pok\u00e9mon\n|rule|Item Clause: Limit one of each item\n|clearpoke\n|poke|p1|Roaring Moon, L50|\n|poke|p1|Ninetales-Alola, L50, M|\n|poke|p1|Milotic, L50, M|\n|poke|p1|Ogerpon-Wellspring, L50, F|\n|poke|p1|Iron Hands, L50|\n|poke|p1|Arcanine-Hisui, L50, M|\n|poke|p2|Torkoal, L50, M|\n|poke|p2|Lilligant-Hisui, L50, F|\n|poke|p2|Charizard, L50, M|\n|poke|p2|Flutter Mane, L50|\n|poke|p2|Indeedee-F, L50, F|\n|poke|p2|Armarouge, L50, M|\n|teampreview|4\n|inactive|Battle timer is ON: inactive players will automatically lose when time's up. (requested by Lixeira Pistola)\nLixeira Pistola rejected open team sheets.\n|inactive|Sug3r has 60 seconds left.\n|\n|t:|1700967080\n|start\n|switch|p1a: Roaring Moon|Roaring Moon, L50, shiny|100\/100\n|switch|p1b: Iron Hands|Iron Hands, L50|100\/100\n|switch|p2a: Indeedee|Indeedee-F, L50, F|100\/100\n|switch|p2b: Armarouge|Armarouge, L50, M, shiny|100\/100\n|-fieldstart|move: Psychic Terrain|[from] ability: Psychic Surge|[of] p2a: Indeedee\n|-enditem|p1a: Roaring Moon|Booster Energy\n|-activate|p1a: Roaring Moon|ability: Protosynthesis|[fromitem]\n|-start|p1a: Roaring Moon|protosynthesisatk\n|turn|1\n|\n|t:|1700967104\n|-end|p1b: Iron Hands|Quark Drive|[silent]\n|switch|p1b: Arcanine|Arcanine-Hisui, L50, M|100\/100\n|-ability|p1b: Arcanine|Intimidate|boost\n|-unboost|p2a: Indeedee|atk|1\n|-unboost|p2b: Armarouge|atk|1\n|move|p2a: Indeedee|Follow Me|p2a: Indeedee\n|-singleturn|p2a: Indeedee|move: Follow Me\n|move|p1a: Roaring Moon|Knock Off|p2a: Indeedee\n|-supereffective|p2a: Indeedee\n|-damage|p2a: Indeedee|0 fnt\n|-damage|p1a: Roaring Moon|84\/100|[from] item: Rocky Helmet|[of] p2a: Indeedee\n|-enditem|p2a: Indeedee|Rocky Helmet|[from] move: Knock Off|[of] p1a: Roaring Moon\n|faint|p2a: Indeedee\n|move|p2b: Armarouge|Trick Room|p2b: Armarouge\n|-fieldstart|move: Trick Room|[of] p2b: Armarouge\n|\n|upkeep\n|\n|t:|1700967117\n|switch|p2a: Torkoal|Torkoal, L50, M|100\/100\n|-weather|SunnyDay|[from] ability: Drought|[of] p2a: Torkoal\n|turn|2\n|\n|t:|1700967128\n|-terastallize|p2a: Torkoal|Fire\n|move|p1b: Arcanine|Protect|p1b: Arcanine\n|-singleturn|p1b: Arcanine|Protect\n|move|p2a: Torkoal|Eruption|p1b: Arcanine|[spread] p1a\n|-activate|p1b: Arcanine|move: Protect\n|-resisted|p1a: Roaring Moon\n|-damage|p1a: Roaring Moon|25\/100\n|move|p2b: Armarouge|Aura Sphere|p1b: Arcanine\n|-activate|p1b: Arcanine|move: Protect\n|move|p1a: Roaring Moon|Knock Off|p2b: Armarouge\n|-supereffective|p2b: Armarouge\n|-damage|p2b: Armarouge|0 fnt\n|-enditem|p2b: Armarouge|Life Orb|[from] move: Knock Off|[of] p1a: Roaring Moon\n|faint|p2b: Armarouge\n|\n|-weather|SunnyDay|[upkeep]\n|upkeep\n|\n|t:|1700967132\n|switch|p2b: Lilligant|Lilligant-Hisui, L50, F, shiny|100\/100\n|turn|3\n|\n|t:|1700967151\n|switch|p1b: Iron Hands|Iron Hands, L50|100\/100\n|move|p1a: Roaring Moon|Protect|p1a: Roaring Moon\n|-singleturn|p1a: Roaring Moon|Protect\n|move|p2a: Torkoal|Eruption|p1b: Iron Hands|[spread] p1b\n|-activate|p1a: Roaring Moon|move: Protect\n|-damage|p1b: Iron Hands|9\/100\n|move|p2b: Lilligant|Close Combat|p1b: Iron Hands\n|-damage|p1b: Iron Hands|0 fnt\n|-unboost|p2b: Lilligant|def|1\n|-unboost|p2b: Lilligant|spd|1\n|faint|p1b: Iron Hands\n|-end|p1b: Iron Hands|Quark Drive|[silent]\n|\n|-weather|SunnyDay|[upkeep]\n|upkeep\n|\n|t:|1700967169\n|switch|p1b: Ninetales|Ninetales-Alola, L50, M, shiny|100\/100\n|-weather|Snow|[from] ability: Snow Warning|[of] p1b: Ninetales\n|turn|4\n|\n|t:|1700967179\n|-end|p1a: Roaring Moon|Protosynthesis|[silent]\n|switch|p1a: Arcanine|Arcanine-Hisui, L50, M|100\/100\n|-ability|p1a: Arcanine|Intimidate|boost\n|-unboost|p2a: Torkoal|atk|1\n|-unboost|p2b: Lilligant|atk|1\n|move|p1b: Ninetales|Protect|p1b: Ninetales\n|-singleturn|p1b: Ninetales|Protect\n|move|p2a: Torkoal|Eruption|p1a: Arcanine|[spread] p1a\n|-activate|p1b: Ninetales|move: Protect\n|-resisted|p1a: Arcanine\n|-damage|p1a: Arcanine|69\/100\n|move|p2b: Lilligant|Sleep Powder|p1b: Ninetales\n|-activate|p1b: Ninetales|move: Protect\n|\n|-weather|Snow|[upkeep]\n|upkeep\n|turn|5\n|inactive|Sug3r has 30 seconds left.\n|\n|t:|1700967213\n|move|p1a: Arcanine|Protect|p1a: Arcanine\n|-singleturn|p1a: Arcanine|Protect\n|move|p2a: Torkoal|Eruption|p1b: Ninetales|[spread] p1b\n|-activate|p1a: Arcanine|move: Protect\n|-supereffective|p1b: Ninetales\n|-damage|p1b: Ninetales|0 fnt\n|faint|p1b: Ninetales\n|move|p2b: Lilligant|Close Combat|p1a: Arcanine\n|-activate|p1a: Arcanine|move: Protect\n|\n|-weather|Snow|[upkeep]\n|-fieldend|move: Trick Room\n|-fieldend|move: Psychic Terrain\n|upkeep\n|\n|t:|1700967226\n|switch|p1b: Roaring Moon|Roaring Moon, L50, shiny|25\/100\n|turn|6\n|\n|t:|1700967239\n|-terastallize|p1a: Arcanine|Normal\n|move|p1a: Arcanine|Extreme Speed|p2b: Lilligant\n|-enditem|p2b: Lilligant|Focus Sash\n|-damage|p2b: Lilligant|1\/100\n|move|p1b: Roaring Moon|Acrobatics|p2b: Lilligant\n|-supereffective|p2b: Lilligant\n|-damage|p2b: Lilligant|0 fnt\n|faint|p2b: Lilligant\n|move|p2a: Torkoal|Eruption|p1b: Roaring Moon|[spread] p1a,p1b\n|-resisted|p1b: Roaring Moon\n|-damage|p1a: Arcanine|0 fnt\n|-damage|p1b: Roaring Moon|0 fnt\n|faint|p1a: Arcanine\n|faint|p1b: Roaring Moon\n|-end|p1b: Roaring Moon|Protosynthesis|[silent]\n|\n|win|Lixeira Pistola\n|raw|Sug3r's rating: 1224 &rarr; <strong>1194<\/strong><br \/>(-30 for losing)\n|raw|Lixeira Pistola's rating: 1160 &rarr; <strong>1190<\/strong><br \/>(+30 for winning)\n","uploadtime":1700967251,"views":1,"p1id":"sug3r","p2id":"lixeirapistola","formatid":"gen9vgc2023regulatione","rating":1190,"private":0,"password":""}