{"id":"gen9vgc2023regulatione-1993269425","p1":"Teekin","p2":"beewatree","format":"[Gen 9] VGC 2023 Regulation E","log":"|j|\u2606Teekin\n|j|\u2606beewatree\n|n|\u2606Teekin|teekin\n|n|\u2606beewatree|beewatree\n|html|View the match progress at <a href=\"\/game-bestof3-gen9vgc2023regulatione-1993269424\">game-bestof3-gen9vgc2023regulatione-1993269424<\/a>\n|t:|1700287429\n|gametype|doubles\n|player|p1|Teekin|ingo|\n|player|p2|beewatree|170|\n|teamsize|p1|6\n|teamsize|p2|6\n|gen|9\n|tier|[Gen 9] VGC 2023 Regulation E\n|rule|Species Clause: Limit one of each Pok\u00e9mon\n|rule|Item Clause: Limit one of each item\n|clearpoke\n|poke|p1|Uxie, L50|\n|poke|p1|Wo-Chien, L50|\n|poke|p1|Tauros-Paldea-Aqua, L50, M|\n|poke|p1|Hydreigon, L50, F|\n|poke|p1|Skeledirge, L50, M|\n|poke|p1|Clefable, L50, F|\n|poke|p2|Toxtricity, L50, M|\n|poke|p2|Pincurchin, L50, F|\n|poke|p2|Noivern, L50, M|\n|poke|p2|Sableye, L50, F|\n|poke|p2|Electrode-Hisui, L50|\n|poke|p2|Enamorus, L50, F|\n|teampreview|4\n|inactive|Battle timer is ON: inactive players will automatically lose when time's up. (requested by Teekin)\nbeewatree has agreed to open team sheets.\n|inactiveoff|Battle timer is now OFF.\nTeekin has agreed to open team sheets.\n|showteam|p1|Uxie||Leftovers|Levitate|CalmMind,MysticalPower,Protect,DazzlingGleam||||||50|,,,,,Fairy]Wo-Chien||BigRoot|TabletsofRuin|LeechSeed,PollenPuff,KnockOff,Protect||||||50|,,,,,Fire]Tauros-Paldea-Aqua||SafetyGoggles|Intimidate|AquaJet,RagingBull,CloseCombat,Protect|||M|||50|,,,,,Water]Hydreigon||ChoiceSpecs|Levitate|DarkPulse,DracoMeteor,EarthPower,FlashCannon|||F|||50|,,,,,Steel]Skeledirge||ThroatSpray|Unaware|TorchSong,ShadowBall,Protect,SlackOff|||M|||50|,,,,,Fairy]Clefable||SitrusBerry|Unaware|HealPulse,FollowMe,Protect,Moonblast|||F|||50|,,,,,Grass\n|showteam|p2|Toxtricity||ThroatSpray|PunkRock|Boomburst,Overdrive,HyperVoice,Protect|||M|||50|,,,,,Ghost]Pincurchin||AssaultVest|ElectricSurge|Scald,HydroPump,Thunder,Discharge|||F|||50|,,,,,Water]Noivern||CovertCloak|Telepathy|Tailwind,Boomburst,DracoMeteor,Whirlwind|||M|||50|,,,,,Normal]Sableye||SitrusBerry|Prankster|Encore,Disable,Quash,Gravity|||F|||50|,,,,,Dark]Electrode-Hisui||FocusSash|Soundproof|Chloroblast,ThunderWave,Taunt,Thunder||||||50|,,,,,Electric]Enamorus||LifeOrb|Contrary|SpringtideStorm,FocusBlast,EarthPower,Protect|||F|||50|,,,,,Fairy\n|j| angelicism\n|\n|t:|1700287532\n|start\n|switch|p1a: Knawledge|Uxie, L50|100\/100\n|switch|p1b: The Wo|Wo-Chien, L50|100\/100\n|switch|p2a: Toxtricity|Toxtricity, L50, M|100\/100\n|switch|p2b: Noivern|Noivern, L50, M|100\/100\n|-ability|p1b: The Wo|Tablets of Ruin\n|turn|1\n|c|\u2606beewatree|glhf!\n|\n|t:|1700287587\n|-terastallize|p2a: Toxtricity|Ghost\n|move|p2b: Noivern|Draco Meteor|p1b: The Wo\n|-damage|p1b: The Wo|65\/100\n|-unboost|p2b: Noivern|spa|2\n|move|p1a: Knawledge|Calm Mind|p1a: Knawledge\n|-boost|p1a: Knawledge|spa|1\n|-boost|p1a: Knawledge|spd|1\n|move|p2a: Toxtricity|Boomburst|p1a: Knawledge|[spread] p1a,p1b\n|-activate|p2b: Noivern|ability: Telepathy\n|-damage|p1a: Knawledge|79\/100\n|-damage|p1b: The Wo|34\/100\n|-enditem|p2a: Toxtricity|Throat Spray\n|-boost|p2a: Toxtricity|spa|1|[from] item: Throat Spray\n|move|p1b: The Wo|Pollen Puff|p1a: Knawledge\n|-heal|p1a: Knawledge|100\/100\n|\n|upkeep\n|turn|2\n|c|\u2606Teekin|glhf\n|\n|t:|1700287626\n|switch|p1b: Steve|Skeledirge, L50, M|100\/100\n|move|p1a: Knawledge|Mystical Power|p2b: Noivern\n|-damage|p2b: Noivern|51\/100\n|-boost|p1a: Knawledge|spa|1\n|move|p2a: Toxtricity|Boomburst|p1b: Steve|[spread] p1a\n|-activate|p2b: Noivern|ability: Telepathy\n|-immune|p1b: Steve\n|-damage|p1a: Knawledge|68\/100\n|move|p2b: Noivern|Whirlwind|p1a: Knawledge\n|drag|p1a: De Blob|Clefable, L50, F|100\/100\n|\n|upkeep\n|turn|3\n|\n|t:|1700287674\n|move|p2b: Noivern|Tailwind|p2b: Noivern\n|-sidestart|p2: beewatree|move: Tailwind\n|move|p2a: Toxtricity|Overdrive|p1a: De Blob|[spread] p1a,p1b\n|-damage|p1a: De Blob|69\/100\n|-damage|p1b: Steve|64\/100\n|move|p1b: Steve|Torch Song|p2a: Toxtricity\n|-damage|p2a: Toxtricity|77\/100\n|-boost|p1b: Steve|spa|1\n|-enditem|p1b: Steve|Throat Spray\n|-boost|p1b: Steve|spa|1|[from] item: Throat Spray\n|move|p1a: De Blob|Moonblast|p2b: Noivern\n|-supereffective|p2b: Noivern\n|-damage|p2b: Noivern|0 fnt\n|faint|p2b: Noivern\n|\n|upkeep\n|\n|t:|1700287691\n|switch|p2b: Sableye|Sableye, L50, F|100\/100\n|turn|4\n|\n|t:|1700287702\n|move|p2b: Sableye|Disable|p1b: Steve\n|-start|p1b: Steve|Disable|Torch Song\n|move|p2a: Toxtricity|Boomburst|p1b: Steve|[spread] p1a\n|-immune|p2b: Sableye\n|-immune|p1b: Steve\n|-crit|p1a: De Blob\n|-damage|p1a: De Blob|10\/100\n|-enditem|p1a: De Blob|Sitrus Berry|[eat]\n|-heal|p1a: De Blob|35\/100|[from] item: Sitrus Berry\n|move|p1b: Steve|Slack Off|p1b: Steve\n|-heal|p1b: Steve|100\/100\n|move|p1a: De Blob|Moonblast|p2b: Sableye\n|-supereffective|p2b: Sableye\n|-damage|p2b: Sableye|19\/100\n|-enditem|p2b: Sableye|Sitrus Berry|[eat]\n|-heal|p2b: Sableye|44\/100|[from] item: Sitrus Berry\n|\n|upkeep\n|turn|5\n|\n|t:|1700287728\n|move|p2b: Sableye|Encore|p1b: Steve\n|-start|p1b: Steve|Encore\n|move|p2a: Toxtricity|Boomburst|p1b: Steve|[spread] p1a\n|-immune|p2b: Sableye\n|-immune|p1b: Steve\n|-crit|p1a: De Blob\n|-damage|p1a: De Blob|0 fnt\n|faint|p1a: De Blob\n|move|p1b: Steve|Slack Off||[still]\n|-fail|p1b: Steve|heal\n|\n|upkeep\n|\n|t:|1700287738\n|switch|p1a: The Wo|Wo-Chien, L50|34\/100\n|-ability|p1a: The Wo|Tablets of Ruin\n|turn|6\n|\n|t:|1700287761\n|move|p2b: Sableye|Quash|p1a: The Wo\n|-hint|Since gen 7, Dark is immune to Prankster moves.\n|-immune|p1a: The Wo\n|move|p2a: Toxtricity|Boomburst|p1a: The Wo|[spread] p1a\n|-immune|p2b: Sableye\n|-immune|p1b: Steve\n|-crit|p1a: The Wo\n|-damage|p1a: The Wo|0 fnt\n|faint|p1a: The Wo\n|move|p1b: Steve|Slack Off||[still]\n|-fail|p1b: Steve|heal\n|\n|-sideend|p2: beewatree|move: Tailwind\n|upkeep\n|\n|t:|1700287770\n|switch|p1a: Knawledge|Uxie, L50|68\/100\n|turn|7\n|\n|t:|1700287793\n|move|p2b: Sableye|Quash|p1a: Knawledge\n|-activate|p1a: Knawledge|move: Quash\n|move|p2a: Toxtricity|Boomburst|p1a: Knawledge|[spread] p1a\n|-immune|p2b: Sableye\n|-immune|p1b: Steve\n|-damage|p1a: Knawledge|16\/100\n|move|p1b: Steve|Slack Off||[still]\n|-fail|p1b: Steve|heal\n|move|p1a: Knawledge|Calm Mind|p1a: Knawledge\n|-boost|p1a: Knawledge|spa|1\n|-boost|p1a: Knawledge|spd|1\n|\n|-heal|p1a: Knawledge|22\/100|[from] item: Leftovers\n|-end|p1b: Steve|Encore\n|-end|p1b: Steve|Disable\n|upkeep\n|turn|8\n|\n|t:|1700287843\n|move|p1a: Knawledge|Protect|p1a: Knawledge\n|-singleturn|p1a: Knawledge|Protect\n|move|p2b: Sableye|Encore|p1a: Knawledge\n|-activate|p1a: Knawledge|move: Protect\n|move|p2a: Toxtricity|Boomburst|p1b: Steve|[spread] \n|-activate|p1a: Knawledge|move: Protect\n|-immune|p2b: Sableye\n|-immune|p1b: Steve\n|move|p1b: Steve|Shadow Ball|p2a: Toxtricity\n|-supereffective|p2a: Toxtricity\n|-damage|p2a: Toxtricity|0 fnt\n|faint|p2a: Toxtricity\n|\n|-heal|p1a: Knawledge|28\/100|[from] item: Leftovers\n|upkeep\n|\n|t:|1700287857\n|switch|p2a: Enamorus|Enamorus, L50, F|100\/100\n|turn|9\n|\n|t:|1700287875\n|move|p2b: Sableye|Encore|p1a: Knawledge\n|-start|p1a: Knawledge|Encore\n|move|p2a: Enamorus|Springtide Storm|p1b: Steve|[spread] p1a,p1b\n|-resisted|p1b: Steve\n|-damage|p1a: Knawledge|6\/100\n|-damage|p1b: Steve|79\/100\n|-damage|p2a: Enamorus|90\/100|[from] item: Life Orb\n|move|p1a: Knawledge|Protect|p1a: Knawledge\n|-singleturn|p1a: Knawledge|Protect\n|move|p1b: Steve|Torch Song|p2a: Enamorus\n|-damage|p2a: Enamorus|0 fnt\n|-boost|p1b: Steve|spa|1\n|faint|p2a: Enamorus\n|\n|-heal|p1a: Knawledge|12\/100|[from] item: Leftovers\n|upkeep\n|turn|10\n|-message|beewatree forfeited.\n|\n|win|Teekin\n|c|\u2606beewatree|gg\n|c|&|\/uhtml prompt-beewatree,beewatree is ready for game 2!\n|c|\u2606Teekin|gg\n|c|&|\/uhtml prompt-teekin,Teekin is ready for game 2!\nBoth players are ready! Starting next match!\n|l| angelicism\n|j| arrascaxeira\n","uploadtime":1700288459,"views":14,"p1id":"teekin","p2id":"beewatree","formatid":"gen9vgc2023regulatione","rating":0,"private":0,"password":""}