{"id":"gen9vgc2023regulatione-1994621798","p1":"averagerandbats","p2":"ih8racists","format":"[Gen 9] VGC 2023 Regulation E","log":"|j|\u2606averagerandbats\n|j|\u2606ih8racists\n|t:|1700470862\n|gametype|doubles\n|player|p1|averagerandbats|janitor|1336\n|player|p2|ih8racists|101|1362\n|teamsize|p1|6\n|teamsize|p2|6\n|gen|9\n|tier|[Gen 9] VGC 2023 Regulation E\n|rated|\n|rule|Species Clause: Limit one of each Pok\u00e9mon\n|rule|Item Clause: Limit one of each item\n|clearpoke\n|poke|p1|Arcanine-Hisui, L50, M|\n|poke|p1|Urshifu-*, L50, M|\n|poke|p1|Rillaboom, L50, F|\n|poke|p1|Gholdengo, L50|\n|poke|p1|Ogerpon-Wellspring, L50, F|\n|poke|p1|Tornadus, L50, M|\n|poke|p2|Typhlosion-Hisui, L50, M|\n|poke|p2|Torkoal, L50, M|\n|poke|p2|Flutter Mane, L50|\n|poke|p2|Lilligant-Hisui, L50, F|\n|poke|p2|Tornadus, L50, M|\n|poke|p2|Ogerpon-Hearthflame, L50, F|\n|teampreview|4\n|c|\u2606ih8racists|glhf\n|\n|t:|1700470919\n|start\n|switch|p1a: Urshifu|Urshifu-Rapid-Strike, L50, M|100\/100\n|switch|p1b: Rillaboom|Rillaboom, L50, F, shiny|100\/100\n|switch|p2a: Lilligant|Lilligant-Hisui, L50, F|100\/100\n|switch|p2b: Tornadus|Tornadus, L50, M|100\/100\n|-fieldstart|move: Grassy Terrain|[from] ability: Grassy Surge|[of] p1b: Rillaboom\n|turn|1\n|inactive|Battle timer is ON: inactive players will automatically lose when time's up. (requested by ih8racists)\n|\n|t:|1700470951\n|switch|p2a: Flutter Mane|Flutter Mane, L50|100\/100\n|move|p1b: Rillaboom|Fake Out|p2a: Flutter Mane\n|-immune|p2a: Flutter Mane\n|move|p2b: Tornadus|Sunny Day|p2b: Tornadus\n|-weather|SunnyDay\n|-activate|p2a: Flutter Mane|ability: Protosynthesis\n|-start|p2a: Flutter Mane|protosynthesisspa\n|move|p1a: Urshifu|Ice Punch|p2b: Tornadus\n|-supereffective|p2b: Tornadus\n|-damage|p2b: Tornadus|31\/100\n|\n|-weather|SunnyDay|[upkeep]\n|upkeep\n|turn|2\n|inactive|averagerandbats has 30 seconds left.\n|\n|t:|1700470977\n|-terastallize|p1a: Urshifu|Water\n|-terastallize|p2a: Flutter Mane|Fairy\n|move|p2b: Tornadus|Tailwind|p2b: Tornadus\n|-sidestart|p2: ih8racists|move: Tailwind\n|move|p1b: Rillaboom|Grassy Glide|p2a: Flutter Mane\n|-damage|p2a: Flutter Mane|33\/100\n|move|p2a: Flutter Mane|Dazzling Gleam|p1a: Urshifu|[spread] p1a,p1b\n|-damage|p1a: Urshifu|0 fnt\n|-damage|p1b: Rillaboom|41\/100\n|faint|p1a: Urshifu\n|\n|-weather|SunnyDay|[upkeep]\n|-heal|p2a: Flutter Mane|38\/100|[from] Grassy Terrain\n|-heal|p1b: Rillaboom|47\/100|[from] Grassy Terrain\n|upkeep\n|\n|t:|1700470991\n|switch|p1a: Arcanine|Arcanine-Hisui, L50, M|100\/100\n|-ability|p1a: Arcanine|Intimidate|boost\n|-unboost|p2a: Flutter Mane|atk|1\n|-unboost|p2b: Tornadus|atk|1\n|turn|3\n|\n|t:|1700471005\n|-end|p2a: Flutter Mane|Protosynthesis|[silent]\n|switch|p2a: Lilligant|Lilligant-Hisui, L50, F|100\/100\n|move|p1a: Arcanine|Extreme Speed|p2a: Lilligant\n|-damage|p2a: Lilligant|46\/100\n|move|p2b: Tornadus|Bleakwind Storm|p1a: Arcanine|[spread] p1a,p1b\n|-resisted|p1a: Arcanine\n|-supereffective|p1b: Rillaboom\n|-damage|p1a: Arcanine|83\/100\n|-damage|p1b: Rillaboom|0 fnt\n|faint|p1b: Rillaboom\n|\n|-weather|SunnyDay|[upkeep]\n|-heal|p2a: Lilligant|53\/100|[from] Grassy Terrain\n|-heal|p1a: Arcanine|89\/100|[from] Grassy Terrain\n|upkeep\n|\n|t:|1700471017\n|switch|p1b: Ogerpon|Ogerpon-Wellspring, L50, F|100\/100\n|turn|4\n|\n|t:|1700471025\n|move|p1b: Ogerpon|Spiky Shield|p1b: Ogerpon\n|-singleturn|p1b: Ogerpon|move: Protect\n|move|p1a: Arcanine|Extreme Speed|p2a: Lilligant\n|-damage|p2a: Lilligant|0 fnt\n|faint|p2a: Lilligant\n|move|p2b: Tornadus|Bleakwind Storm|p1b: Ogerpon|[spread] \n|-activate|p1b: Ogerpon|move: Protect\n|-miss|p2b: Tornadus|p1a: Arcanine\n|\n|-weather|SunnyDay|[upkeep]\n|-heal|p1a: Arcanine|95\/100|[from] Grassy Terrain\n|upkeep\n|\n|t:|1700471034\n|switch|p2a: Typhlosion|Typhlosion-Hisui, L50, M|100\/100\n|turn|5\n|\n|t:|1700471044\n|move|p1a: Arcanine|Extreme Speed|p2b: Tornadus\n|-damage|p2b: Tornadus|0 fnt\n|faint|p2b: Tornadus\n|move|p2a: Typhlosion|Eruption|p1b: Ogerpon|[spread] p1a,p1b\n|-resisted|p1a: Arcanine\n|-damage|p1a: Arcanine|73\/100\n|-damage|p1b: Ogerpon|28\/100\n|move|p1b: Ogerpon|Ivy Cudgel|p2a: Typhlosion|[anim] Ivy Cudgel Water\n|-supereffective|p2a: Typhlosion\n|-damage|p2a: Typhlosion|20\/100\n|\n|-weather|none\n|-heal|p2a: Typhlosion|26\/100|[from] Grassy Terrain\n|-heal|p1b: Ogerpon|34\/100|[from] Grassy Terrain\n|-heal|p1a: Arcanine|80\/100|[from] Grassy Terrain\n|-sideend|p2: ih8racists|move: Tailwind\n|-fieldend|move: Grassy Terrain\n|upkeep\n|\n|t:|1700471048\n|switch|p2b: Flutter Mane|Flutter Mane, L50, tera:Fairy|38\/100\n|turn|6\n|inactive|averagerandbats has 30 seconds left.\n|\n|t:|1700471076\n|move|p1b: Ogerpon|Spiky Shield|p1b: Ogerpon\n|-singleturn|p1b: Ogerpon|move: Protect\n|move|p1a: Arcanine|Extreme Speed|p2a: Typhlosion\n|-immune|p2a: Typhlosion\n|move|p2a: Typhlosion|Eruption|p1b: Ogerpon|[spread] p1a\n|-activate|p1b: Ogerpon|move: Protect\n|-resisted|p1a: Arcanine\n|-damage|p1a: Arcanine|73\/100\n|move|p2b: Flutter Mane|Shadow Ball|p1a: Arcanine\n|-damage|p1a: Arcanine|5\/100\n|\n|upkeep\n|turn|7\n|\n|t:|1700471094\n|move|p1a: Arcanine|Extreme Speed|p2b: Flutter Mane\n|-damage|p2b: Flutter Mane|0 fnt\n|faint|p2b: Flutter Mane\n|-end|p2b: Flutter Mane|Protosynthesis|[silent]\n|move|p2a: Typhlosion|Eruption|p1a: Arcanine|[spread] p1a,p1b\n|-resisted|p1a: Arcanine\n|-damage|p1a: Arcanine|0 fnt\n|-damage|p1b: Ogerpon|14\/100\n|faint|p1a: Arcanine\n|move|p1b: Ogerpon|Ivy Cudgel|p2a: Typhlosion|[anim] Ivy Cudgel Water\n|-supereffective|p2a: Typhlosion\n|-damage|p2a: Typhlosion|0 fnt\n|faint|p2a: Typhlosion\n|\n|win|averagerandbats\n|raw|averagerandbats's rating: 1336 &rarr; <strong>1357<\/strong><br \/>(+21 for winning)\n|raw|ih8racists's rating: 1362 &rarr; <strong>1341<\/strong><br \/>(-21 for losing)\n|l|\u2606ih8racists\n","uploadtime":1700471109,"views":3,"p1id":"averagerandbats","p2id":"ih8racists","formatid":"gen9vgc2023regulatione","rating":1341,"private":0,"password":""}