{"id":"gen9vgc2023regulatione-1993981219","p1":"LameLiarLeo","p2":"Aylona","format":"[Gen 9] VGC 2023 Regulation E","log":"|j|\u2606LameLiarLeo\n|j|\u2606Aylona\n|n|\u2606LameLiarLeo|lameliarleo\n|n|\u2606Aylona|aylona\n|html|View the match progress at <a href=\"\/game-bestof3-gen9vgc2023regulatione-1993981218\">game-bestof3-gen9vgc2023regulatione-1993981218<\/a>\n|t:|1700387542\n|gametype|doubles\n|player|p1|LameLiarLeo|caitlin|\n|player|p2|Aylona|morty|\n|teamsize|p1|6\n|teamsize|p2|6\n|gen|9\n|tier|[Gen 9] VGC 2023 Regulation E\n|rule|Species Clause: Limit one of each Pok\u00e9mon\n|rule|Item Clause: Limit one of each item\n|clearpoke\n|poke|p1|Iron Valiant, L50|\n|poke|p1|Gholdengo, L50|\n|poke|p1|Ogerpon-Wellspring, L50, F|\n|poke|p1|Rillaboom, L50, F|\n|poke|p1|Heatran, L50, M|\n|poke|p1|Ninetales-Alola, L50, M|\n|poke|p2|Annihilape, L50, F|\n|poke|p2|Iron Hands, L50|\n|poke|p2|Arcanine-Hisui, L50, M|\n|poke|p2|Sinistcha, L50|\n|poke|p2|Indeedee-F, L50, F|\n|poke|p2|Hatterene, L50, F|\n|teampreview|4\n|inactive|Battle timer is ON: inactive players will automatically lose when time's up. (requested by LameLiarLeo)\nAylona has agreed to open team sheets.\nLameLiarLeo has agreed to open team sheets.\n|showteam|p1|Iron Valiant||BoosterEnergy|QuarkDrive|CloseCombat,Moonblast,Encore,Disable||||||50|,,,,,Ghost]Gholdengo||Leftovers|GoodasGold|MakeItRain,ShadowBall,NastyPlot,Protect||||||50|,,,,,Dragon]Ogerpon-Wellspring||WellspringMask|WaterAbsorb|IvyCudgel,HornLeech,FollowMe,SpikyShield|||F|||50|,,,,,Water]Rillaboom||AssaultVest|GrassySurge|FakeOut,WoodHammer,GrassyGlide,Uturn|||F|||50|,,,,,Fire]Heatran||LifeOrb|FlashFire|HeatWave,TeraBlast,EarthPower,Protect|||M|||50|,,,,,Fairy]Ninetales-Alola||SitrusBerry|SnowWarning|Blizzard,IcyWind,AuroraVeil,Protect|||M|||50|,,,,,Fire\n|showteam|p2|Annihilape||Leftovers|Defiant|RageFist,DrainPunch,BulkUp,Protect|||F|||50|,,,,,Fire]Iron Hands||AssaultVest|QuarkDrive|WildCharge,DrainPunch,HeavySlam,FakeOut||||||50|,,,,,Grass]Arcanine-Hisui||ChoiceBand|Intimidate|FlareBlitz,RockSlide,ExtremeSpeed,TeraBlast|||M|||50|,,,,,Fairy]Sinistcha||SitrusBerry|Hospitality|MatchaGotcha,StrengthSap,TrickRoom,RagePowder||||||50|,,,,,Water]Indeedee-F||RockyHelmet|PsychicSurge|DazzlingGleam,HelpingHand,TrickRoom,FollowMe|||F|||50|,,,,,Dragon]Hatterene||LifeOrb|MagicBounce|Psychic,DazzlingGleam,TrickRoom,Protect|||F|||50|,,,,,Water\n|c|\u2606Aylona|Oh no\n|c|\u2606Aylona|I am about to get smoked am I?\n|inactive|LameLiarLeo has 30 seconds left.\n|inactive|Aylona has 30 seconds left.\n|inactive|LameLiarLeo has 20 seconds left.\n|inactive|Aylona has 20 seconds left.\n|\n|t:|1700387605\n|start\n|switch|p1a: Heatran|Heatran, L50, M|100\/100\n|switch|p1b: Ninetales|Ninetales-Alola, L50, M|100\/100\n|switch|p2a: Annihilape|Annihilape, L50, F|100\/100\n|switch|p2b: Iron Hands|Iron Hands, L50|100\/100\n|-weather|Snow|[from] ability: Snow Warning|[of] p1b: Ninetales\n|turn|1\n|c|\u2606LameLiarLeo|I doubt\n|inactive|LameLiarLeo has 30 seconds left.\n|inactive|Aylona has 30 seconds left.\n|\n|t:|1700387634\n|move|p2b: Iron Hands|Fake Out|p1b: Ninetales\n|-damage|p1b: Ninetales|90\/100\n|cant|p1b: Ninetales|flinch\n|move|p2a: Annihilape|Bulk Up|p2a: Annihilape\n|-boost|p2a: Annihilape|atk|1\n|-boost|p2a: Annihilape|def|1\n|move|p1a: Heatran|Heat Wave|p2b: Iron Hands|[spread] p2a,p2b\n|-damage|p2a: Annihilape|66\/100\n|-damage|p2b: Iron Hands|73\/100\n|-damage|p1a: Heatran|91\/100|[from] item: Life Orb\n|\n|-weather|Snow|[upkeep]\n|-heal|p2a: Annihilape|72\/100|[from] item: Leftovers\n|upkeep\n|turn|2\n|\n|t:|1700387660\n|-terastallize|p1a: Heatran|Fairy\n|move|p1b: Ninetales|Icy Wind|p2b: Iron Hands|[spread] p2a,p2b\n|-damage|p2a: Annihilape|62\/100\n|-damage|p2b: Iron Hands|67\/100\n|-unboost|p2a: Annihilape|spe|1\n|-ability|p2a: Annihilape|Defiant|boost\n|-boost|p2a: Annihilape|atk|2\n|-unboost|p2b: Iron Hands|spe|1\n|move|p1a: Heatran|Tera Blast|p2a: Annihilape|[anim] Tera Blast Fairy\n|-supereffective|p2a: Annihilape\n|-damage|p2a: Annihilape|0 fnt\n|faint|p2a: Annihilape\n|-damage|p1a: Heatran|81\/100|[from] item: Life Orb\n|move|p2b: Iron Hands|Heavy Slam|p1b: Ninetales\n|-supereffective|p1b: Ninetales\n|-damage|p1b: Ninetales|0 fnt\n|faint|p1b: Ninetales\n|\n|-weather|Snow|[upkeep]\n|upkeep\n|\n|t:|1700387677\n|switch|p1b: Ogerpon|Ogerpon-Wellspring, L50, F|100\/100\n|switch|p2a: Sinistcha|Sinistcha, L50|100\/100\n|-heal|p2b: Iron Hands|92\/100|[from] ability: Hospitality|[of] p2a: Sinistcha\n|turn|3\n|\n|t:|1700387696\n|-terastallize|p2a: Sinistcha|Water\n|move|p1b: Ogerpon|Horn Leech|p2a: Sinistcha\n|-supereffective|p2a: Sinistcha\n|-damage|p2a: Sinistcha|26\/100\n|-enditem|p2a: Sinistcha|Sitrus Berry|[eat]\n|-heal|p2a: Sinistcha|51\/100|[from] item: Sitrus Berry\n|move|p1a: Heatran|Heat Wave|p2b: Iron Hands|[spread] p2a,p2b\n|-resisted|p2a: Sinistcha\n|-damage|p2a: Sinistcha|29\/100\n|-damage|p2b: Iron Hands|65\/100\n|-damage|p1a: Heatran|72\/100|[from] item: Life Orb\n|move|p2a: Sinistcha|Matcha Gotcha|p1b: Ogerpon|[spread] p1a,p1b\n|-damage|p1a: Heatran|48\/100\n|-heal|p2a: Sinistcha|42\/100|[from] drain|[of] p1a: Heatran\n|-damage|p1b: Ogerpon|77\/100\n|-heal|p2a: Sinistcha|54\/100|[from] drain|[of] p1b: Ogerpon\n|-status|p1a: Heatran|brn\n|move|p2b: Iron Hands|Heavy Slam|p1a: Heatran\n|-supereffective|p1a: Heatran\n|-damage|p1a: Heatran|21\/100 brn\n|\n|-weather|Snow|[upkeep]\n|-damage|p1a: Heatran|15\/100 brn|[from] brn\n|upkeep\n|turn|4\n|inactive|Aylona has 30 seconds left.\n|\n|t:|1700387725\n|switch|p2a: Arcanine|Arcanine-Hisui, L50, M|100\/100\n|-ability|p2a: Arcanine|Intimidate|boost\n|-unboost|p1a: Heatran|atk|1\n|-unboost|p1b: Ogerpon|atk|1\n|move|p1b: Ogerpon|Horn Leech|p2a: Arcanine\n|-damage|p2a: Arcanine|68\/100\n|-heal|p1b: Ogerpon|93\/100|[from] drain|[of] p2a: Arcanine\n|move|p1a: Heatran|Tera Blast|p2b: Iron Hands|[anim] Tera Blast Fairy\n|-supereffective|p2b: Iron Hands\n|-damage|p2b: Iron Hands|9\/100\n|-damage|p1a: Heatran|6\/100 brn|[from] item: Life Orb\n|move|p2b: Iron Hands|Drain Punch|p1b: Ogerpon\n|-damage|p1b: Ogerpon|51\/100\n|-heal|p2b: Iron Hands|25\/100|[from] drain|[of] p1b: Ogerpon\n|\n|-weather|Snow|[upkeep]\n|-damage|p1a: Heatran|0 fnt|[from] brn\n|faint|p1a: Heatran\n|upkeep\n|\n|t:|1700387730\n|switch|p1a: Rillaboom|Rillaboom, L50, F|100\/100\n|-fieldstart|move: Grassy Terrain|[from] ability: Grassy Surge|[of] p1a: Rillaboom\n|turn|5\n|\n|t:|1700387754\n|-end|p2b: Iron Hands|Quark Drive|[silent]\n|switch|p2b: Sinistcha|Sinistcha, L50, tera:Water|54\/100\n|-heal|p2a: Arcanine|93\/100|[from] ability: Hospitality|[of] p2b: Sinistcha\n|move|p1a: Rillaboom|Fake Out|p2a: Arcanine\n|-resisted|p2a: Arcanine\n|-damage|p2a: Arcanine|84\/100\n|cant|p2a: Arcanine|flinch\n|move|p1b: Ogerpon|Ivy Cudgel|p2a: Arcanine|[anim] Ivy Cudgel Water\n|-supereffective|p2a: Arcanine\n|-damage|p2a: Arcanine|0 fnt\n|faint|p2a: Arcanine\n|\n|-weather|none\n|-heal|p1b: Ogerpon|57\/100|[from] Grassy Terrain\n|-heal|p2b: Sinistcha|60\/100|[from] Grassy Terrain\n|upkeep\n|\n|t:|1700387767\n|switch|p2a: Iron Hands|Iron Hands, L50|25\/100\n|turn|6\n|j| fyfyyalt1\n|\n|t:|1700387779\n|move|p2a: Iron Hands|Fake Out|p1a: Rillaboom\n|-damage|p1a: Rillaboom|88\/100\n|move|p1b: Ogerpon|Horn Leech|p2b: Sinistcha\n|-supereffective|p2b: Sinistcha\n|-crit|p2b: Sinistcha\n|-damage|p2b: Sinistcha|0 fnt\n|-heal|p1b: Ogerpon|85\/100|[from] drain|[of] p2b: Sinistcha\n|faint|p2b: Sinistcha\n|cant|p1a: Rillaboom|flinch\n|\n|-heal|p1b: Ogerpon|91\/100|[from] Grassy Terrain\n|-heal|p1a: Rillaboom|94\/100|[from] Grassy Terrain\n|-heal|p2a: Iron Hands|31\/100|[from] Grassy Terrain\n|upkeep\n|turn|7\n|c|\u2606Aylona|AWWW\n|c|\u2606Aylona|MAn\n|c|\u2606Aylona|gga\n|-message|Aylona forfeited.\n|\n|win|LameLiarLeo\n|c|\u2606LameLiarLeo|gg\n|c|&|\/uhtml prompt-aylona,Aylona is ready for game 2!\n|c|&|\/uhtml prompt-lameliarleo,LameLiarLeo is ready for game 2!\nBoth players are ready! Starting next match!\n|j| Choruto\n|l| fyfyyalt1\n|l|\u2606Aylona\n|l| Choruto\n|j| Choruto\n","uploadtime":1700388722,"views":49,"p1id":"lameliarleo","p2id":"aylona","formatid":"gen9vgc2023regulatione","rating":0,"private":0,"password":""}