{"id":"gen9vgc2023regulatione-1990140382","p1":"soulmp4","p2":"Byacoz42","format":"[Gen 9] VGC 2023 Regulation E","log":"|j|\u2606soulmp4\n|j|\u2606Byacoz42\n|t:|1699928942\n|gametype|doubles\n|player|p1|soulmp4|clown|1127\n|player|p2|Byacoz42|169|1077\n|teamsize|p1|6\n|teamsize|p2|6\n|gen|9\n|tier|[Gen 9] VGC 2023 Regulation E\n|rated|\n|rule|Species Clause: Limit one of each Pok\u00e9mon\n|rule|Item Clause: Limit one of each item\n|clearpoke\n|poke|p1|Iron Hands, L50|\n|poke|p1|Rotom-Mow, L50|\n|poke|p1|Chi-Yu, L50|\n|poke|p1|Iron Bundle, L50|\n|poke|p1|Landorus-Therian, L50, M|\n|poke|p1|Tornadus, L50, M|\n|poke|p2|Goodra-Hisui, L50, M|\n|poke|p2|Dipplin, L50, F|\n|poke|p2|Kommo-o, L50, F|\n|poke|p2|Dragapult, L50, M|\n|poke|p2|Dragonite, L50, M|\n|poke|p2|Hydreigon, L50, M|\n|teampreview|4\n|j| GymLeader Avery\nsoulmp4 has agreed to open team sheets.\nByacoz42 has agreed to open team sheets.\n|\n|t:|1699929019\n|start\n|switch|p1a: If I miss this|Iron Hands, L50|100\/100\n|switch|p1b: Hydro Pump|Iron Bundle, L50|100\/100\n|switch|p2a: Dragapult|Dragapult, L50, M|100\/100\n|switch|p2b: Dipplin|Dipplin, L50, F, shiny|100\/100\n|-enditem|p1b: Hydro Pump|Booster Energy\n|-activate|p1b: Hydro Pump|ability: Quark Drive|[fromitem]\n|-start|p1b: Hydro Pump|quarkdrivespe\n|turn|1\n|\n|t:|1699929083\n|move|p1a: If I miss this|Fake Out|p2b: Dipplin\n|-damage|p2b: Dipplin|92\/100\n|move|p1b: Hydro Pump|Freeze-Dry|p2a: Dragapult\n|-supereffective|p2a: Dragapult\n|-damage|p2a: Dragapult|23\/100\n|move|p2a: Dragapult|Light Screen|p2a: Dragapult\n|-sidestart|p2: Byacoz42|move: Light Screen\n|cant|p2b: Dipplin|flinch\n|\n|upkeep\n|turn|2\n|\n|t:|1699929130\n|move|p1b: Hydro Pump|Freeze-Dry|p2b: Dipplin\n|-supereffective|p2b: Dipplin\n|-damage|p2b: Dipplin|30\/100\n|move|p2a: Dragapult|Reflect|p2a: Dragapult\n|-sidestart|p2: Byacoz42|Reflect\n|move|p1a: If I miss this|Wild Charge|p2a: Dragapult\n|-resisted|p2a: Dragapult\n|-damage|p2a: Dragapult|4\/100\n|-damage|p1a: If I miss this|97\/100|[from] Recoil\n|move|p2b: Dipplin|Pollen Puff|p2a: Dragapult\n|-heal|p2a: Dragapult|53\/100\n|\n|upkeep\n|turn|3\n|\n|t:|1699929180\n|switch|p2a: Goodra|Goodra-Hisui, L50, M|100\/100\n|move|p1b: Hydro Pump|Freeze-Dry|p2a: Goodra\n|-damage|p2a: Goodra|86\/100\n|move|p1a: If I miss this|Wild Charge|p2a: Goodra\n|-resisted|p2a: Goodra\n|-damage|p2a: Goodra|74\/100\n|-damage|p1a: If I miss this|94\/100|[from] Recoil\n|move|p2b: Dipplin|Recover|p2b: Dipplin\n|-heal|p2b: Dipplin|81\/100\n|\n|-heal|p2a: Goodra|80\/100|[from] item: Leftovers\n|upkeep\n|turn|4\n|\n|t:|1699929224\n|move|p1b: Hydro Pump|Icy Wind|p2a: Goodra|[spread] p2a,p2b\n|-supereffective|p2b: Dipplin\n|-damage|p2a: Goodra|71\/100\n|-damage|p2b: Dipplin|45\/100\n|-unboost|p2a: Goodra|spe|1\n|-unboost|p2b: Dipplin|spe|1\n|move|p1a: If I miss this|Drain Punch|p2a: Goodra\n|-supereffective|p2a: Goodra\n|-damage|p2a: Goodra|36\/100\n|-heal|p1a: If I miss this|100\/100|[from] drain|[of] p2a: Goodra\n|move|p2a: Goodra|Shelter|p2a: Goodra\n|-boost|p2a: Goodra|def|2\n|move|p2b: Dipplin|Dragon Pulse|p1a: If I miss this\n|-damage|p1a: If I miss this|78\/100\n|\n|-heal|p2a: Goodra|42\/100|[from] item: Leftovers\n|upkeep\n|turn|5\n|\n|t:|1699929251\n|move|p1b: Hydro Pump|Icy Wind|p2b: Dipplin|[spread] p2a,p2b\n|-supereffective|p2b: Dipplin\n|-damage|p2a: Goodra|33\/100\n|-damage|p2b: Dipplin|5\/100\n|-unboost|p2a: Goodra|spe|1\n|-unboost|p2b: Dipplin|spe|1\n|move|p1a: If I miss this|Drain Punch|p2a: Goodra\n|-supereffective|p2a: Goodra\n|-damage|p2a: Goodra|12\/100\n|-heal|p1a: If I miss this|86\/100|[from] drain|[of] p2a: Goodra\n|move|p2a: Goodra|Shelter|p2a: Goodra\n|-boost|p2a: Goodra|def|2\n|move|p2b: Dipplin|Recover|p2b: Dipplin\n|-heal|p2b: Dipplin|55\/100\n|\n|-heal|p2a: Goodra|18\/100|[from] item: Leftovers\n|upkeep\n|turn|6\n|\n|t:|1699929277\n|move|p2a: Goodra|Protect|p2a: Goodra\n|-singleturn|p2a: Goodra|Protect\n|move|p1b: Hydro Pump|Icy Wind|p2b: Dipplin|[spread] p2b\n|-activate|p2a: Goodra|move: Protect\n|-supereffective|p2b: Dipplin\n|-damage|p2b: Dipplin|19\/100\n|-unboost|p2b: Dipplin|spe|1\n|move|p1a: If I miss this|Drain Punch|p2a: Goodra\n|-activate|p2a: Goodra|move: Protect\n|move|p2b: Dipplin|Pollen Puff|p2a: Goodra\n|-activate|p2a: Goodra|move: Protect\n|\n|-heal|p2a: Goodra|23\/100|[from] item: Leftovers\n|upkeep\n|turn|7\n|\n|t:|1699929303\n|switch|p2b: Dragonite|Dragonite, L50, M|100\/100\n|move|p1b: Hydro Pump|Icy Wind|p2a: Goodra|[spread] p2a,p2b\n|-supereffective|p2b: Dragonite\n|-damage|p2a: Goodra|14\/100\n|-damage|p2b: Dragonite|76\/100\n|-unboost|p2a: Goodra|spe|1\n|-unboost|p2b: Dragonite|spe|1\n|move|p1a: If I miss this|Drain Punch|p2a: Goodra\n|-supereffective|p2a: Goodra\n|-damage|p2a: Goodra|0 fnt\n|-heal|p1a: If I miss this|92\/100|[from] drain|[of] p2a: Goodra\n|faint|p2a: Goodra\n|\n|upkeep\n|-message|Byacoz42 forfeited.\n|\n|win|soulmp4\n|raw|soulmp4's rating: 1127 &rarr; <strong>1148<\/strong><br \/>(+21 for winning)\n|raw|Byacoz42's rating: 1077 &rarr; <strong>1059<\/strong><br \/>(-18 for losing)\n|l|\u2606Byacoz42\n","uploadtime":1699929317,"views":14,"p1id":"soulmp4","p2id":"byacoz42","formatid":"gen9vgc2023regulatione","rating":1059,"private":0,"password":""}