{"id":"gen9vgc2023regulatione-1996485336","p1":"Arcaa9","p2":"deathdragon25o","format":"[Gen 9] VGC 2023 Regulation E","log":"|j|\u2606Arcaa9\n|j|\u2606deathdragon25o\n|t:|1700686590\n|gametype|doubles\n|player|p1|Arcaa9|brycenman|\n|player|p2|deathdragon25o|cress|\n|teamsize|p1|6\n|teamsize|p2|6\n|gen|9\n|tier|[Gen 9] VGC 2023 Regulation E\n|rule|Species Clause: Limit one of each Pok\u00e9mon\n|rule|Item Clause: Limit one of each item\n|clearpoke\n|poke|p1|Snorlax, L50, F|\n|poke|p1|Munkidori, L50, M|\n|poke|p1|Arcanine, L50, F|\n|poke|p1|Dragonite, L50, M|\n|poke|p1|Iron Bundle, L50|\n|poke|p1|Vulpix-Alola, L50, M|\n|poke|p2|Iron Valiant, L50|\n|poke|p2|Moltres-Galar, L50|\n|poke|p2|Quaquaval, L50, F|\n|poke|p2|Dragalge, L50, F|\n|poke|p2|Hawlucha, L50, F|\n|poke|p2|Arboliva, L50, M|\n|teampreview|4\n|c|\u2606deathdragon25o|Can you get links\n|l|\u2606Arcaa9\n|player|p1|\n|l|\u2606deathdragon25o\n|player|p2|\n|j| Stryke Out\n|j|\u2606Arcaa9\n|player|p1|Arcaa9|brycenman\n|\n|t:|1700686669\n|start\n|switch|p1a: Munkidori|Munkidori, L50, M|100\/100\n|switch|p1b: Snorlax|Snorlax, L50, F|100\/100\n|switch|p2a: Moltres|Moltres-Galar, L50|100\/100\n|switch|p2b: Iron Valiant|Iron Valiant, L50|100\/100\n|-enditem|p2b: Iron Valiant|Booster Energy\n|-activate|p2b: Iron Valiant|ability: Quark Drive|[fromitem]\n|-start|p2b: Iron Valiant|quarkdrivespe\n|turn|1\n|j|\u2606deathdragon25o\n|player|p2|deathdragon25o|cress\n|\n|t:|1700686722\n|-terastallize|p1b: Snorlax|Ghost\n|move|p2b: Iron Valiant|Protect|p2b: Iron Valiant\n|-singleturn|p2b: Iron Valiant|Protect\n|move|p1a: Munkidori|Fake Out|p2a: Moltres\n|-damage|p2a: Moltres|94\/100\n|cant|p2a: Moltres|flinch\n|move|p1b: Snorlax|Heavy Slam|p2b: Iron Valiant\n|-activate|p2b: Iron Valiant|move: Protect\n|\n|upkeep\n|turn|2\n|\n|t:|1700686736\n|-terastallize|p2b: Iron Valiant|Fairy\n|move|p2b: Iron Valiant|Moonblast|p1b: Snorlax\n|-damage|p1b: Snorlax|56\/100\n|move|p1a: Munkidori|Psychic|p2b: Iron Valiant\n|-damage|p2b: Iron Valiant|15\/100\n|move|p2a: Moltres|Fiery Wrath|p1a: Munkidori|[spread] p1a,p1b\n|-supereffective|p1a: Munkidori\n|-supereffective|p1b: Snorlax\n|-damage|p1a: Munkidori|34\/100\n|-damage|p1b: Snorlax|16\/100\n|move|p1b: Snorlax|Ice Punch|p2a: Moltres\n|-supereffective|p2a: Moltres\n|-damage|p2a: Moltres|47\/100\n|-ability|p2a: Moltres|Berserk|boost\n|-boost|p2a: Moltres|spa|1\n|-enditem|p2a: Moltres|Sitrus Berry|[eat]\n|-heal|p2a: Moltres|72\/100|[from] item: Sitrus Berry\n|\n|upkeep\n|turn|3\n|\n|t:|1700686755\n|move|p1a: Munkidori|Protect|p1a: Munkidori\n|-singleturn|p1a: Munkidori|Protect\n|move|p2b: Iron Valiant|Dazzling Gleam|p1b: Snorlax|[spread] p1b\n|-activate|p1a: Munkidori|move: Protect\n|-damage|p1b: Snorlax|0 fnt\n|faint|p1b: Snorlax\n|move|p2a: Moltres|Fiery Wrath|p1a: Munkidori\n|-activate|p1a: Munkidori|move: Protect\n|\n|upkeep\n|\n|t:|1700686761\n|switch|p1b: Arcanine|Arcanine, L50, F|100\/100\n|-ability|p1b: Arcanine|Intimidate|boost\n|-unboost|p2a: Moltres|atk|1\n|-unboost|p2b: Iron Valiant|atk|1\n|turn|4\n|\n|t:|1700686770\n|move|p1b: Arcanine|Extreme Speed|p2b: Iron Valiant\n|-damage|p2b: Iron Valiant|0 fnt\n|faint|p2b: Iron Valiant\n|-end|p2b: Iron Valiant|Quark Drive|[silent]\n|move|p1a: Munkidori|Sludge Bomb|p2a: Moltres\n|-damage|p2a: Moltres|36\/100\n|-status|p2a: Moltres|psn\n|-ability|p2a: Moltres|Berserk|boost\n|-boost|p2a: Moltres|spa|1\n|move|p2a: Moltres|Rain Dance|p2a: Moltres\n|-weather|RainDance\n|\n|-weather|RainDance|[upkeep]\n|-damage|p2a: Moltres|23\/100 psn|[from] psn\n|upkeep\n|\n|t:|1700686777\n|switch|p2b: Quaquaval|Quaquaval, L50, F|100\/100\n|turn|5\n|\n|t:|1700686791\n|move|p1b: Arcanine|Extreme Speed|p2a: Moltres\n|-damage|p2a: Moltres|0 fnt\n|faint|p2a: Moltres\n|move|p1a: Munkidori|Psychic|p2b: Quaquaval\n|-supereffective|p2b: Quaquaval\n|-enditem|p2b: Quaquaval|Focus Sash\n|-damage|p2b: Quaquaval|1\/100\n|-status|p2b: Quaquaval|tox|[from] ability: Toxic Chain|[of] p1a: Munkidori\n|move|p2b: Quaquaval|Aqua Step|p1b: Arcanine\n|-supereffective|p1b: Arcanine\n|-damage|p1b: Arcanine|0 fnt\n|-boost|p2b: Quaquaval|spe|1\n|faint|p1b: Arcanine\n|\n|-weather|RainDance|[upkeep]\n|-damage|p2b: Quaquaval|0 fnt|[from] psn\n|faint|p2b: Quaquaval\n|upkeep\n|\n|t:|1700686809\n|switch|p1b: Iron Bundle|Iron Bundle, L50|100\/100\n|switch|p2a: Dragalge|Dragalge, L50, F|100\/100\n|-enditem|p1b: Iron Bundle|Booster Energy\n|-activate|p1b: Iron Bundle|ability: Quark Drive|[fromitem]\n|-start|p1b: Iron Bundle|quarkdrivespe\n|turn|6\n|\n|t:|1700686822\n|move|p1b: Iron Bundle|Freeze-Dry|p2a: Dragalge\n|-supereffective|p2a: Dragalge\n|-damage|p2a: Dragalge|44\/100\n|move|p1a: Munkidori|Psychic|p2a: Dragalge\n|-supereffective|p2a: Dragalge\n|-damage|p2a: Dragalge|0 fnt\n|faint|p2a: Dragalge\n|\n|win|Arcaa9\n|c|\u2606deathdragon25o|Darn poison\n|l|\u2606deathdragon25o\n|l|\u2606Arcaa9\n|l| Stryke Out\n|j| Stryke Out\n|l| Stryke Out\n","uploadtime":1700686836,"views":10,"p1id":"arcaa9","p2id":"deathdragon25o","formatid":"gen9vgc2023regulatione","rating":0,"private":0,"password":""}