{"id":"gen9vgc2023regulatione-1996696409","p1":"meowmeowjoe","p2":"BrookPardo","format":"[Gen 9] VGC 2023 Regulation E","log":"|j|\u2606meowmeowjoe\n|j|\u2606BrookPardo\n|t:|1700710960\n|gametype|doubles\n|player|p1|meowmeowjoe|guitarist|1260\n|player|p2|BrookPardo|marlon|1271\n|teamsize|p1|6\n|teamsize|p2|6\n|gen|9\n|tier|[Gen 9] VGC 2023 Regulation E\n|rated|\n|rule|Species Clause: Limit one of each Pok\u00e9mon\n|rule|Item Clause: Limit one of each item\n|clearpoke\n|poke|p1|Annihilape, L50, M|\n|poke|p1|Sinistcha, L50|\n|poke|p1|Grimmsnarl, L50, M|\n|poke|p1|Landorus-Therian, L50, M|\n|poke|p1|Bellibolt, L50, M|\n|poke|p1|Corviknight, L50, M|\n|poke|p2|Flutter Mane, L50|\n|poke|p2|Ogerpon-Wellspring, L50, F|\n|poke|p2|Iron Hands, L50|\n|poke|p2|Chi-Yu, L50|\n|poke|p2|Grimmsnarl, L50, M|\n|poke|p2|Heatran, L50, M|\n|teampreview|4\n|inactive|Battle timer is ON: inactive players will automatically lose when time's up. (requested by meowmeowjoe)\n|\n|t:|1700711006\n|start\n|switch|p1a: Grimmsnarl|Grimmsnarl, L50, M, shiny|100\/100\n|switch|p1b: Landorus|Landorus-Therian, L50, M|100\/100\n|switch|p2a: Iron Hands|Iron Hands, L50|100\/100\n|switch|p2b: Grimmsnarl|Grimmsnarl, L50, M, shiny|100\/100\n|-ability|p1b: Landorus|Intimidate|boost\n|-unboost|p2a: Iron Hands|atk|1\n|-unboost|p2b: Grimmsnarl|atk|1\n|turn|1\n|inactive|BrookPardo has 30 seconds left.\n|\n|t:|1700711036\n|move|p2a: Iron Hands|Fake Out|p1a: Grimmsnarl\n|-damage|p1a: Grimmsnarl|90\/100\n|cant|p1a: Grimmsnarl|flinch\n|move|p2b: Grimmsnarl|Reflect|p2b: Grimmsnarl\n|-sidestart|p2: BrookPardo|Reflect\n|move|p1b: Landorus|U-turn|p2b: Grimmsnarl\n|-damage|p2b: Grimmsnarl|80\/100\n|\n|t:|1700711051\n|switch|p1b: Annihilape|Annihilape, L50, M|100\/100|[from] U-turn\n|\n|upkeep\n|turn|2\n|\n|t:|1700711065\n|move|p1b: Annihilape|Protect|p1b: Annihilape\n|-singleturn|p1b: Annihilape|Protect\n|move|p1a: Grimmsnarl|Reflect|p1a: Grimmsnarl\n|-sidestart|p1: meowmeowjoe|Reflect\n|move|p2b: Grimmsnarl|Spirit Break|p1a: Grimmsnarl\n|-supereffective|p1a: Grimmsnarl\n|-damage|p1a: Grimmsnarl|63\/100\n|-unboost|p1a: Grimmsnarl|spa|1\n|move|p2a: Iron Hands|Heavy Slam|p1a: Grimmsnarl\n|-supereffective|p1a: Grimmsnarl\n|-damage|p1a: Grimmsnarl|16\/100\n|\n|upkeep\n|turn|3\n|\n|t:|1700711088\n|move|p1a: Grimmsnarl|Parting Shot|p2a: Iron Hands\n|-unboost|p2a: Iron Hands|atk|1\n|-unboost|p2a: Iron Hands|spa|1\n|\n|t:|1700711093\n|switch|p1a: Bellibolt|Bellibolt, L50, M, shiny|100\/100|[from] Parting Shot\n|move|p2b: Grimmsnarl|Light Screen|p2b: Grimmsnarl\n|-sidestart|p2: BrookPardo|move: Light Screen\n|move|p1b: Annihilape|Bulk Up|p1b: Annihilape\n|-boost|p1b: Annihilape|atk|1\n|-boost|p1b: Annihilape|def|1\n|move|p2a: Iron Hands|Heavy Slam|p1a: Bellibolt\n|-resisted|p1a: Bellibolt\n|-damage|p1a: Bellibolt|96\/100\n|-start|p1a: Bellibolt|Charge|Heavy Slam|[from] ability: Electromorphosis\n|\n|upkeep\n|turn|4\n|\n|t:|1700711110\n|-end|p2a: Iron Hands|Quark Drive|[silent]\n|switch|p2a: Heatran|Heatran, L50, M|100\/100\n|move|p1b: Annihilape|Protect|p1b: Annihilape\n|-singleturn|p1b: Annihilape|Protect\n|move|p2b: Grimmsnarl|Parting Shot|p1a: Bellibolt\n|-unboost|p1a: Bellibolt|atk|1\n|-unboost|p1a: Bellibolt|spa|1\n|\n|t:|1700711117\n|switch|p2b: Flutter Mane|Flutter Mane, L50, shiny|100\/100|[from] Parting Shot\n|move|p1a: Bellibolt|Parabolic Charge|p2a: Heatran|[spread] p2a,p2b\n|-activate|p1b: Annihilape|move: Protect\n|-damage|p2a: Heatran|87\/100\n|-heal|p1a: Bellibolt|100\/100|[from] drain|[of] p2a: Heatran\n|-damage|p2b: Flutter Mane|83\/100\n|-end|p1a: Bellibolt|Charge|[silent]\n|\n|-heal|p2a: Heatran|93\/100|[from] item: Leftovers\n|upkeep\n|turn|5\n|inactive|meowmeowjoe has 30 seconds left.\n|\n|t:|1700711149\n|-terastallize|p1b: Annihilape|Fire\n|-terastallize|p2a: Heatran|Grass\n|move|p2b: Flutter Mane|Dazzling Gleam|p1a: Bellibolt|[spread] p1a,p1b\n|-resisted|p1b: Annihilape\n|-damage|p1a: Bellibolt|82\/100\n|-damage|p1b: Annihilape|88\/100\n|-start|p1a: Bellibolt|Charge|Dazzling Gleam|[from] ability: Electromorphosis\n|move|p1b: Annihilape|Drain Punch|p2a: Heatran\n|-damage|p2a: Heatran|60\/100\n|-heal|p1b: Annihilape|100\/100|[from] drain|[of] p2a: Heatran\n|move|p2a: Heatran|Heat Wave|p1a: Bellibolt|[spread] p1a,p1b\n|-resisted|p1b: Annihilape\n|-damage|p1a: Bellibolt|58\/100\n|-damage|p1b: Annihilape|84\/100\n|-status|p1a: Bellibolt|brn\n|-start|p1a: Bellibolt|Charge|Heat Wave|[from] ability: Electromorphosis\n|move|p1a: Bellibolt|Acid Spray|p2b: Flutter Mane\n|-damage|p2b: Flutter Mane|77\/100\n|-unboost|p2b: Flutter Mane|spd|2\n|\n|-heal|p1b: Annihilape|90\/100|[from] item: Leftovers\n|-heal|p2a: Heatran|66\/100|[from] item: Leftovers\n|-damage|p1a: Bellibolt|52\/100 brn|[from] brn\n|-sideend|p2: BrookPardo|Reflect\n|upkeep\n|turn|6\n|inactive|BrookPardo has 30 seconds left.\n|inactive|BrookPardo has 20 seconds left.\n|inactive|BrookPardo has 15 seconds left.\n|inactive|BrookPardo has 10 seconds left.\n|\n|t:|1700711197\n|move|p1b: Annihilape|Protect|p1b: Annihilape\n|-singleturn|p1b: Annihilape|Protect\n|move|p2b: Flutter Mane|Shadow Ball|p1a: Bellibolt\n|-damage|p1a: Bellibolt|25\/100 brn\n|-start|p1a: Bellibolt|Charge|Shadow Ball|[from] ability: Electromorphosis\n|move|p2a: Heatran|Earth Power|p1b: Annihilape\n|-activate|p1b: Annihilape|move: Protect\n|move|p1a: Bellibolt|Parabolic Charge|p2b: Flutter Mane|[spread] p2a,p2b\n|-activate|p1b: Annihilape|move: Protect\n|-resisted|p2a: Heatran\n|-damage|p2a: Heatran|59\/100\n|-heal|p1a: Bellibolt|28\/100 brn|[from] drain|[of] p2a: Heatran\n|-damage|p2b: Flutter Mane|40\/100\n|-heal|p1a: Bellibolt|39\/100 brn|[from] drain|[of] p2b: Flutter Mane\n|-end|p1a: Bellibolt|Charge|[silent]\n|\n|-heal|p1b: Annihilape|96\/100|[from] item: Leftovers\n|-heal|p2a: Heatran|65\/100|[from] item: Leftovers\n|-damage|p1a: Bellibolt|33\/100 brn|[from] brn\n|upkeep\n|turn|7\n|inactive|meowmeowjoe has 30 seconds left.\n|inactive|BrookPardo has 30 seconds left.\n|\n|t:|1700711226\n|switch|p1b: Landorus|Landorus-Therian, L50, M|100\/100\n|-ability|p1b: Landorus|Intimidate|boost\n|-unboost|p2a: Heatran|atk|1\n|-unboost|p2b: Flutter Mane|atk|1\n|move|p2b: Flutter Mane|Dazzling Gleam|p1a: Bellibolt|[spread] p1a,p1b\n|-damage|p1a: Bellibolt|12\/100 brn\n|-damage|p1b: Landorus|60\/100\n|-start|p1a: Bellibolt|Charge|Dazzling Gleam|[from] ability: Electromorphosis\n|move|p2a: Heatran|Earth Power|p1b: Landorus\n|-immune|p1b: Landorus\n|move|p1a: Bellibolt|Acid Spray|p2a: Heatran\n|-supereffective|p2a: Heatran\n|-damage|p2a: Heatran|57\/100\n|-unboost|p2a: Heatran|spd|2\n|\n|-heal|p2a: Heatran|63\/100|[from] item: Leftovers\n|-damage|p1a: Bellibolt|6\/100 brn|[from] brn\n|-sideend|p2: BrookPardo|move: Light Screen\n|upkeep\n|turn|8\n|\n|t:|1700711249\n|switch|p1a: Annihilape|Annihilape, L50, M, tera:Fire|96\/100\n|move|p2b: Flutter Mane|Protect|p2b: Flutter Mane\n|-singleturn|p2b: Flutter Mane|Protect\n|move|p2a: Heatran|Protect|p2a: Heatran\n|-singleturn|p2a: Heatran|Protect\n|move|p1b: Landorus|U-turn|p2a: Heatran\n|-activate|p2a: Heatran|move: Protect\n|\n|-heal|p1a: Annihilape|100\/100|[from] item: Leftovers\n|-heal|p2a: Heatran|69\/100|[from] item: Leftovers\n|upkeep\n|turn|9\n|inactive|meowmeowjoe has 30 seconds left.\n|inactive|BrookPardo has 30 seconds left.\n|\n|t:|1700711278\n|move|p2b: Flutter Mane|Dazzling Gleam|p1b: Landorus|[spread] p1a,p1b\n|-resisted|p1a: Annihilape\n|-damage|p1a: Annihilape|88\/100\n|-damage|p1b: Landorus|17\/100\n|move|p1b: Landorus|U-turn|p2a: Heatran\n|-supereffective|p2a: Heatran\n|-crit|p2a: Heatran\n|-damage|p2a: Heatran|0 fnt\n|faint|p2a: Heatran\n|\n|t:|1700711286\n|switch|p1b: Bellibolt|Bellibolt, L50, M, shiny|6\/100 brn|[from] U-turn\n|move|p1a: Annihilape|Rage Fist|p2b: Flutter Mane\n|-supereffective|p2b: Flutter Mane\n|-damage|p2b: Flutter Mane|0 fnt\n|faint|p2b: Flutter Mane\n|-end|p2b: Flutter Mane|Protosynthesis|[silent]\n|\n|-heal|p1a: Annihilape|95\/100|[from] item: Leftovers\n|-damage|p1b: Bellibolt|0 fnt|[from] brn\n|faint|p1b: Bellibolt\n|-sideend|p1: meowmeowjoe|Reflect\n|upkeep\n|\n|t:|1700711297\n|switch|p2b: Grimmsnarl|Grimmsnarl, L50, M, shiny|80\/100\n|switch|p2a: Iron Hands|Iron Hands, L50|100\/100\n|switch|p1b: Grimmsnarl|Grimmsnarl, L50, M, shiny|16\/100\n|turn|10\n|\n|t:|1700711313\n|move|p1a: Annihilape|Protect|p1a: Annihilape\n|-singleturn|p1a: Annihilape|Protect\n|move|p2a: Iron Hands|Fake Out|p1b: Grimmsnarl\n|-damage|p1b: Grimmsnarl|0 fnt\n|faint|p1b: Grimmsnarl\n|move|p2b: Grimmsnarl|Reflect|p2b: Grimmsnarl\n|-sidestart|p2: BrookPardo|Reflect\n|\n|-heal|p1a: Annihilape|100\/100|[from] item: Leftovers\n|upkeep\n|\n|t:|1700711321\n|switch|p1b: Landorus|Landorus-Therian, L50, M|17\/100\n|-ability|p1b: Landorus|Intimidate|boost\n|-unboost|p2a: Iron Hands|atk|1\n|-unboost|p2b: Grimmsnarl|atk|1\n|turn|11\n|\n|t:|1700711340\n|move|p1b: Landorus|Stomping Tantrum|p2b: Grimmsnarl\n|-damage|p2b: Grimmsnarl|50\/100\n|move|p1a: Annihilape|Rage Fist|p2b: Grimmsnarl\n|-resisted|p2b: Grimmsnarl\n|-damage|p2b: Grimmsnarl|16\/100\n|move|p2b: Grimmsnarl|Spirit Break|p1b: Landorus\n|-damage|p1b: Landorus|0 fnt\n|faint|p1b: Landorus\n|move|p2a: Iron Hands|Drain Punch|p1a: Annihilape\n|-damage|p1a: Annihilape|73\/100\n|\n|-heal|p1a: Annihilape|79\/100|[from] item: Leftovers\n|upkeep\n|turn|12\n|\n|t:|1700711361\n|move|p1a: Annihilape|Drain Punch|p2b: Grimmsnarl\n|-damage|p2b: Grimmsnarl|0 fnt\n|-heal|p1a: Annihilape|87\/100|[from] drain|[of] p2b: Grimmsnarl\n|faint|p2b: Grimmsnarl\n|move|p2a: Iron Hands|Wild Charge|p1a: Annihilape\n|-damage|p1a: Annihilape|53\/100\n|-damage|p2a: Iron Hands|93\/100|[from] Recoil\n|\n|-heal|p1a: Annihilape|59\/100|[from] item: Leftovers\n|upkeep\n|turn|13\n|\n|t:|1700711373\n|move|p1a: Annihilape|Rage Fist|p2a: Iron Hands\n|-damage|p2a: Iron Hands|25\/100\n|move|p2a: Iron Hands|Wild Charge|p1a: Annihilape\n|-damage|p1a: Annihilape|24\/100\n|-damage|p2a: Iron Hands|18\/100|[from] Recoil\n|\n|-heal|p1a: Annihilape|30\/100|[from] item: Leftovers\n|upkeep\n|turn|14\n|\n|t:|1700711383\n|move|p1a: Annihilape|Drain Punch|p2a: Iron Hands\n|-damage|p2a: Iron Hands|1\/100\n|-heal|p1a: Annihilape|40\/100|[from] drain|[of] p2a: Iron Hands\n|move|p2a: Iron Hands|Wild Charge|p1a: Annihilape\n|-damage|p1a: Annihilape|5\/100\n|-damage|p2a: Iron Hands|0 fnt|[from] Recoil\n|faint|p2a: Iron Hands\n|-end|p2a: Iron Hands|Quark Drive|[silent]\n|\n|win|meowmeowjoe\n|raw|meowmeowjoe's rating: 1260 &rarr; <strong>1286<\/strong><br \/>(+26 for winning)\n|raw|BrookPardo's rating: 1271 &rarr; <strong>1245<\/strong><br \/>(-26 for losing)\n|l|\u2606BrookPardo\n|c|\u2606meowmeowjoe|gg\n","uploadtime":1700711409,"views":6,"p1id":"meowmeowjoe","p2id":"brookpardo","formatid":"gen9vgc2023regulatione","rating":1245,"private":0,"password":""}