{"id":"gen9vgc2023regulatione-1992866049","p1":"PokeKidMax","p2":"Jack00VGC","format":"[Gen 9] VGC 2023 Regulation E","log":"|j|\u2606PokeKidMax\n|j|\u2606Jack00VGC\n|t:|1700242215\n|gametype|doubles\n|player|p1|PokeKidMax|blue-lgpe|1083\n|player|p2|Jack00VGC|alder|1084\n|teamsize|p1|6\n|teamsize|p2|6\n|gen|9\n|tier|[Gen 9] VGC 2023 Regulation E\n|rated|\n|rule|Species Clause: Limit one of each Pok\u00e9mon\n|rule|Item Clause: Limit one of each item\n|clearpoke\n|poke|p1|Iron Hands, L50|\n|poke|p1|Gholdengo, L50|\n|poke|p1|Urshifu-*, L50, M|\n|poke|p1|Amoonguss, L50, F|\n|poke|p1|Salamence, L50, M|\n|poke|p1|Pelipper, L50, M|\n|poke|p2|Ursaluna-Bloodmoon, L50, M|\n|poke|p2|Ogerpon-Wellspring, L50, F|\n|poke|p2|Gothitelle, L50, M|\n|poke|p2|Dragonite, L50, M|\n|poke|p2|Chien-Pao, L50|\n|poke|p2|Heatran, L50, F|\n|teampreview|4\n|inactive|Battle timer is ON: inactive players will automatically lose when time's up. (requested by Jack00VGC)\n|inactive|PokeKidMax also wants the timer to be on.\nPokeKidMax has agreed to open team sheets.\nJack00VGC rejected open team sheets.\n|inactive|Jack00VGC has 60 seconds left.\n|\n|t:|1700242246\n|start\n|switch|p1a: Salamence|Salamence, L50, M, shiny|100\/100\n|switch|p1b: Pelipper|Pelipper, L50, M, shiny|100\/100\n|switch|p2a: Ursaluna|Ursaluna-Bloodmoon, L50, M|100\/100\n|switch|p2b: Gothitelle|Gothitelle, L50, M|100\/100\n|-ability|p1a: Salamence|Intimidate|boost\n|-unboost|p2a: Ursaluna|atk|1\n|-unboost|p2b: Gothitelle|atk|1\n|-weather|RainDance|[from] ability: Drizzle|[of] p1b: Pelipper\n|turn|1\n|inactive|PokeKidMax has 30 seconds left.\n|inactive|Jack00VGC has 30 seconds left.\n|inactive|PokeKidMax has 20 seconds left.\n|inactive|PokeKidMax has 15 seconds left.\n|\n|t:|1700242287\n|-terastallize|p2a: Ursaluna|Fairy\n|move|p1a: Salamence|Hurricane|p2b: Gothitelle\n|-damage|p2b: Gothitelle|41\/100\n|-damage|p1a: Salamence|91\/100|[from] item: Life Orb\n|move|p1b: Pelipper|Hurricane|p2b: Gothitelle\n|-damage|p2b: Gothitelle|11\/100\n|move|p2a: Ursaluna|Calm Mind|p2a: Ursaluna\n|-boost|p2a: Ursaluna|spa|1\n|-boost|p2a: Ursaluna|spd|1\n|move|p2b: Gothitelle|Trick Room|p2b: Gothitelle\n|-fieldstart|move: Trick Room|[of] p2b: Gothitelle\n|\n|-weather|RainDance|[upkeep]\n|upkeep\n|turn|2\n|inactive|Jack00VGC has 30 seconds left.\n|\n|t:|1700242313\n|switch|p2b: Dragonite|Dragonite, L50, M|100\/100\n|move|p1a: Salamence|Protect|p1a: Salamence\n|-singleturn|p1a: Salamence|Protect\n|move|p2a: Ursaluna|Blood Moon|p1a: Salamence\n|-activate|p1a: Salamence|move: Protect\n|move|p1b: Pelipper|Hurricane|p2a: Ursaluna\n|-damage|p2a: Ursaluna|73\/100\n|-start|p2a: Ursaluna|confusion\n|\n|-weather|RainDance|[upkeep]\n|-heal|p2a: Ursaluna|79\/100|[from] item: Leftovers\n|upkeep\n|turn|3\n|inactive|Jack00VGC has 30 seconds left.\n|\n|t:|1700242339\n|switch|p1a: Amoonguss|Amoonguss, L50, F, shiny|100\/100\n|-activate|p2a: Ursaluna|confusion\n|move|p2a: Ursaluna|Calm Mind|p2a: Ursaluna\n|-boost|p2a: Ursaluna|spa|1\n|-boost|p2a: Ursaluna|spd|1\n|move|p1b: Pelipper|Hurricane|p2a: Ursaluna\n|-damage|p2a: Ursaluna|57\/100\n|move|p2b: Dragonite|Outrage|p1a: Amoonguss\n|-damage|p1a: Amoonguss|17\/100\n|-damage|p2b: Dragonite|84\/100|[from] item: Rocky Helmet|[of] p1a: Amoonguss\n|\n|-weather|RainDance|[upkeep]\n|-heal|p2a: Ursaluna|63\/100|[from] item: Leftovers\n|upkeep\n|turn|4\n|inactive|PokeKidMax has 30 seconds left.\n|inactive|PokeKidMax has 20 seconds left.\n|inactive|PokeKidMax has 15 seconds left.\n|inactive|PokeKidMax has 10 seconds left.\n|inactive|PokeKidMax has 5 seconds left.\n|\n|t:|1700242394\n|move|p1a: Amoonguss|Pollen Puff|p2b: Dragonite\n|-resisted|p2b: Dragonite\n|-damage|p2b: Dragonite|74\/100\n|-activate|p2a: Ursaluna|confusion\n|move|p2a: Ursaluna|Blood Moon|p1a: Amoonguss\n|-damage|p1a: Amoonguss|0 fnt\n|faint|p1a: Amoonguss\n|move|p1b: Pelipper|Hurricane|p2b: Dragonite\n|-damage|p2b: Dragonite|35\/100\n|-start|p2b: Dragonite|confusion\n|-activate|p2b: Dragonite|confusion\n|move|p2b: Dragonite|Outrage|p1b: Pelipper|[from]lockedmove\n|-damage|p1b: Pelipper|0 fnt\n|faint|p1b: Pelipper\n|\n|-weather|RainDance|[upkeep]\n|-heal|p2a: Ursaluna|69\/100|[from] item: Leftovers\n|upkeep\n|inactive|PokeKidMax has 30 seconds left.\n|\n|t:|1700242425\n|switch|p1a: Salamence|Salamence, L50, M, shiny|91\/100\n|switch|p1b: Gholdengo|Gholdengo, L50|100\/100\n|-ability|p1a: Salamence|Intimidate|boost\n|-unboost|p2a: Ursaluna|atk|1\n|-fail|p2b: Dragonite|unboost|Attack|[from] ability: Inner Focus|[of] p2b: Dragonite\n|turn|5\n|\n|t:|1700242446\n|-terastallize|p1a: Salamence|Flying\n|-end|p2a: Ursaluna|confusion\n|move|p2a: Ursaluna|Earth Power|p1b: Gholdengo\n|-supereffective|p1b: Gholdengo\n|-damage|p1b: Gholdengo|0 fnt\n|faint|p1b: Gholdengo\n|-end|p2b: Dragonite|confusion\n|move|p2b: Dragonite|Outrage|p1a: Salamence|[from]lockedmove\n|-damage|p1a: Salamence|0 fnt\n|faint|p1a: Salamence\n|-start|p2b: Dragonite|confusion|[fatigue]\n|\n|win|Jack00VGC\n|raw|PokeKidMax's rating: 1083 &rarr; <strong>1061<\/strong><br \/>(-22 for losing)\n|raw|Jack00VGC's rating: 1084 &rarr; <strong>1111<\/strong><br \/>(+27 for winning)\n|l|\u2606PokeKidMax\n","uploadtime":1700242461,"views":14,"p1id":"pokekidmax","p2id":"jack00vgc","formatid":"gen9vgc2023regulatione","rating":1061,"private":0,"password":""}