{"id":"gen9vgc2023regulatione-1994939287","p1":"huffingkoffinggas","p2":"phantomslayer17","format":"[Gen 9] VGC 2023 Regulation E","log":"|j|\u2606huffingkoffinggas\n|j|\u2606phantomslayer17\n|t:|1700506439\n|gametype|doubles\n|player|p1|huffingkoffinggas|medium|1241\n|player|p2|phantomslayer17|burglar|1240\n|teamsize|p1|6\n|teamsize|p2|6\n|gen|9\n|tier|[Gen 9] VGC 2023 Regulation E\n|rated|\n|rule|Species Clause: Limit one of each Pok\u00e9mon\n|rule|Item Clause: Limit one of each item\n|clearpoke\n|poke|p1|Ursaluna-Bloodmoon, L50, M|\n|poke|p1|Iron Bundle, L50|\n|poke|p1|Sableye, L50, M|\n|poke|p1|Landorus, L50, M|\n|poke|p1|Tyranitar, L50, M|\n|poke|p1|Sinistcha-Masterpiece, L50|\n|poke|p2|Tornadus, L50, M|\n|poke|p2|Haxorus, L50, F|\n|poke|p2|Flutter Mane, L50|\n|poke|p2|Brute Bonnet, L50|\n|poke|p2|Gyarados, L50, M|\n|poke|p2|Urshifu-*, L50, F|\n|teampreview|4\n|inactive|Battle timer is ON: inactive players will automatically lose when time's up. (requested by huffingkoffinggas)\n|\n|t:|1700506468\n|start\n|switch|p1a: Iron Bundle|Iron Bundle, L50|100\/100\n|switch|p1b: Sinistcha|Sinistcha-Masterpiece, L50|100\/100\n|switch|p2a: Flutter Mane|Flutter Mane, L50|100\/100\n|switch|p2b: Brute Bonnet|Brute Bonnet, L50, shiny|100\/100\n|-enditem|p2a: Flutter Mane|Booster Energy\n|-activate|p2a: Flutter Mane|ability: Protosynthesis|[fromitem]\n|-start|p2a: Flutter Mane|protosynthesisspe\n|-enditem|p1a: Iron Bundle|Booster Energy\n|-activate|p1a: Iron Bundle|ability: Quark Drive|[fromitem]\n|-start|p1a: Iron Bundle|quarkdrivespe\n|turn|1\n|\n|t:|1700506489\n|move|p2a: Flutter Mane|Protect|p2a: Flutter Mane\n|-singleturn|p2a: Flutter Mane|Protect\n|move|p1a: Iron Bundle|Protect|p1a: Iron Bundle\n|-singleturn|p1a: Iron Bundle|Protect\n|move|p2b: Brute Bonnet|Spore|p1a: Iron Bundle\n|-activate|p1a: Iron Bundle|move: Protect\n|move|p1b: Sinistcha|Trick Room|p1b: Sinistcha\n|-fieldstart|move: Trick Room|[of] p1b: Sinistcha\n|\n|upkeep\n|turn|2\n|inactive|huffingkoffinggas has 30 seconds left.\n|\n|t:|1700506519\n|-end|p1a: Iron Bundle|Quark Drive|[silent]\n|switch|p1a: Tyranitar|Tyranitar, L50, M|100\/100\n|-weather|Sandstorm|[from] ability: Sand Stream|[of] p1a: Tyranitar\n|move|p1b: Sinistcha|Calm Mind|p1b: Sinistcha\n|-boost|p1b: Sinistcha|spa|1\n|-boost|p1b: Sinistcha|spd|1\n|move|p2b: Brute Bonnet|Spore|p1a: Tyranitar\n|-status|p1a: Tyranitar|slp|[from] move: Spore\n|move|p2a: Flutter Mane|Hex|p1b: Sinistcha\n|-supereffective|p1b: Sinistcha\n|-damage|p1b: Sinistcha|60\/100\n|\n|-weather|Sandstorm|[upkeep]\n|-damage|p1b: Sinistcha|53\/100|[from] Sandstorm\n|-damage|p2b: Brute Bonnet|95\/100|[from] Sandstorm\n|-damage|p2a: Flutter Mane|94\/100|[from] Sandstorm\n|-heal|p2b: Brute Bonnet|100\/100|[from] item: Leftovers\n|upkeep\n|turn|3\n|inactive|phantomslayer17 has 30 seconds left.\n|inactive|phantomslayer17 has 20 seconds left.\n|inactive|phantomslayer17 has 15 seconds left.\n|inactive|phantomslayer17 has 10 seconds left.\n|\n|t:|1700506565\n|cant|p1a: Tyranitar|slp\n|move|p1b: Sinistcha|Matcha Gotcha|p2a: Flutter Mane|[spread] p2a,p2b\n|-resisted|p2b: Brute Bonnet\n|-damage|p2a: Flutter Mane|63\/100\n|-heal|p1b: Sinistcha|68\/100|[from] drain|[of] p2a: Flutter Mane\n|-damage|p2b: Brute Bonnet|83\/100\n|-heal|p1b: Sinistcha|79\/100|[from] drain|[of] p2b: Brute Bonnet\n|move|p2b: Brute Bonnet|Pollen Puff|p1b: Sinistcha\n|-damage|p1b: Sinistcha|69\/100\n|move|p2a: Flutter Mane|Moonblast|p1a: Tyranitar\n|-supereffective|p1a: Tyranitar\n|-damage|p1a: Tyranitar|65\/100 slp\n|-unboost|p1a: Tyranitar|spa|1\n|\n|-weather|Sandstorm|[upkeep]\n|-damage|p1b: Sinistcha|62\/100|[from] Sandstorm\n|-damage|p2b: Brute Bonnet|77\/100|[from] Sandstorm\n|-damage|p2a: Flutter Mane|56\/100|[from] Sandstorm\n|-heal|p2b: Brute Bonnet|83\/100|[from] item: Leftovers\n|upkeep\n|turn|4\n|\n|t:|1700506582\n|cant|p1a: Tyranitar|slp\n|move|p1b: Sinistcha|Matcha Gotcha|p2b: Brute Bonnet|[spread] p2a,p2b\n|-resisted|p2b: Brute Bonnet\n|-damage|p2a: Flutter Mane|21\/100\n|-heal|p1b: Sinistcha|79\/100|[from] drain|[of] p2a: Flutter Mane\n|-damage|p2b: Brute Bonnet|68\/100\n|-heal|p1b: Sinistcha|89\/100|[from] drain|[of] p2b: Brute Bonnet\n|move|p2b: Brute Bonnet|Pollen Puff|p2a: Flutter Mane\n|-heal|p2a: Flutter Mane|71\/100\n|move|p2a: Flutter Mane|Moonblast|p1a: Tyranitar\n|-supereffective|p1a: Tyranitar\n|-damage|p1a: Tyranitar|29\/100 slp\n|-unboost|p1a: Tyranitar|spa|1\n|\n|-weather|Sandstorm|[upkeep]\n|-damage|p1b: Sinistcha|82\/100|[from] Sandstorm\n|-damage|p2b: Brute Bonnet|62\/100|[from] Sandstorm\n|-damage|p2a: Flutter Mane|64\/100|[from] Sandstorm\n|-heal|p2b: Brute Bonnet|68\/100|[from] item: Leftovers\n|upkeep\n|turn|5\n|\n|t:|1700506606\n|move|p2a: Flutter Mane|Protect|p2a: Flutter Mane\n|-singleturn|p2a: Flutter Mane|Protect\n|cant|p1a: Tyranitar|slp\n|move|p1b: Sinistcha|Matcha Gotcha|p2b: Brute Bonnet|[spread] p2b\n|-activate|p2a: Flutter Mane|move: Protect\n|-resisted|p2b: Brute Bonnet\n|-damage|p2b: Brute Bonnet|51\/100\n|-heal|p1b: Sinistcha|93\/100|[from] drain|[of] p2b: Brute Bonnet\n|move|p2b: Brute Bonnet|Spore|p1a: Tyranitar\n|-fail|p1a: Tyranitar|slp\n|\n|-weather|Sandstorm|[upkeep]\n|-damage|p1b: Sinistcha|87\/100|[from] Sandstorm\n|-damage|p2b: Brute Bonnet|45\/100|[from] Sandstorm\n|-damage|p2a: Flutter Mane|58\/100|[from] Sandstorm\n|-heal|p2b: Brute Bonnet|51\/100|[from] item: Leftovers\n|-fieldend|move: Trick Room\n|upkeep\n|turn|6\n|\n|t:|1700506630\n|move|p2a: Flutter Mane|Dazzling Gleam|p1b: Sinistcha|[spread] p1a,p1b\n|-supereffective|p1a: Tyranitar\n|-damage|p1a: Tyranitar|8\/100 slp\n|-damage|p1b: Sinistcha|71\/100\n|move|p2b: Brute Bonnet|Pollen Puff|p2a: Flutter Mane\n|-heal|p2a: Flutter Mane|100\/100\n|-curestatus|p1a: Tyranitar|slp|[msg]\n|move|p1a: Tyranitar|Rock Slide|p2b: Brute Bonnet|[spread] p2a,p2b\n|-damage|p2a: Flutter Mane|60\/100\n|-damage|p2b: Brute Bonnet|33\/100\n|move|p1b: Sinistcha|Trick Room|p1b: Sinistcha\n|-fieldstart|move: Trick Room|[of] p1b: Sinistcha\n|\n|-weather|none\n|-heal|p2b: Brute Bonnet|39\/100|[from] item: Leftovers\n|upkeep\n|turn|7\n|inactive|phantomslayer17 has 30 seconds left.\n|inactive|phantomslayer17 has 20 seconds left.\n|inactive|phantomslayer17 has 15 seconds left.\n|inactive|phantomslayer17 has 10 seconds left.\n|\n|t:|1700506679\n|move|p1a: Tyranitar|Rock Slide|p2a: Flutter Mane|[spread] p2a,p2b\n|-damage|p2a: Flutter Mane|22\/100\n|-damage|p2b: Brute Bonnet|21\/100\n|move|p1b: Sinistcha|Matcha Gotcha|p2b: Brute Bonnet|[spread] p2a,p2b\n|-resisted|p2b: Brute Bonnet\n|-damage|p2a: Flutter Mane|0 fnt\n|-heal|p1b: Sinistcha|81\/100|[from] drain|[of] p2a: Flutter Mane\n|-damage|p2b: Brute Bonnet|5\/100\n|-heal|p1b: Sinistcha|91\/100|[from] drain|[of] p2b: Brute Bonnet\n|-status|p2b: Brute Bonnet|brn\n|faint|p2a: Flutter Mane\n|-end|p2a: Flutter Mane|Protosynthesis|[silent]\n|cant|p2b: Brute Bonnet|flinch\n|\n|-heal|p2b: Brute Bonnet|11\/100 brn|[from] item: Leftovers\n|-damage|p2b: Brute Bonnet|5\/100 brn|[from] brn\n|upkeep\n|\n|t:|1700506683\n|switch|p2a: Urshifu|Urshifu, L50, F|100\/100\n|turn|8\n|inactive|huffingkoffinggas has 30 seconds left.\n|inactive|huffingkoffinggas has 20 seconds left.\n|\n|t:|1700506721\n|move|p1b: Sinistcha|Rage Powder|p1b: Sinistcha\n|-singleturn|p1b: Sinistcha|move: Rage Powder\n|move|p1a: Tyranitar|Rock Slide|p2b: Brute Bonnet|[spread] p2a,p2b\n|-resisted|p2a: Urshifu\n|-crit|p2a: Urshifu\n|-damage|p2a: Urshifu|78\/100\n|-damage|p2b: Brute Bonnet|0 fnt\n|faint|p2b: Brute Bonnet\n|-end|p2b: Brute Bonnet|Protosynthesis|[silent]\n|move|p2a: Urshifu|Wicked Blow|p1b: Sinistcha\n|-supereffective|p1b: Sinistcha\n|-crit|p1b: Sinistcha\n|-damage|p1b: Sinistcha|0 fnt\n|-damage|p2a: Urshifu|62\/100|[from] item: Rocky Helmet|[of] p1b: Sinistcha\n|faint|p1b: Sinistcha\n|-damage|p2a: Urshifu|52\/100|[from] item: Life Orb\n|\n|upkeep\n|\n|t:|1700506731\n|switch|p1b: Ursaluna|Ursaluna-Bloodmoon, L50, M|100\/100\n|switch|p2b: Haxorus|Haxorus, L50, F, shiny|100\/100\n|-ability|p2b: Haxorus|Mold Breaker\n|turn|9\n|inactive|phantomslayer17 has 30 seconds left.\n|inactive|phantomslayer17 has 20 seconds left.\n|inactive|phantomslayer17 has 15 seconds left.\n|\n|t:|1700506775\n|-terastallize|p1b: Ursaluna|Fairy\n|move|p1b: Ursaluna|Moonblast|p2a: Urshifu\n|-supereffective|p2a: Urshifu\n|-damage|p2a: Urshifu|0 fnt\n|faint|p2a: Urshifu\n|move|p1a: Tyranitar|Knock Off|p2b: Haxorus\n|-damage|p2b: Haxorus|52\/100\n|-enditem|p2b: Haxorus|Clear Amulet|[from] move: Knock Off|[of] p1a: Tyranitar\n|move|p2b: Haxorus|Dragon Claw|p1a: Tyranitar\n|-damage|p1a: Tyranitar|0 fnt\n|faint|p1a: Tyranitar\n|\n|upkeep\n|\n|t:|1700506787\n|switch|p1a: Iron Bundle|Iron Bundle, L50|100\/100\n|turn|10\n|\n|t:|1700506795\n|-terastallize|p2b: Haxorus|Fire\n|move|p1a: Iron Bundle|Protect|p1a: Iron Bundle\n|-singleturn|p1a: Iron Bundle|Protect\n|move|p1b: Ursaluna|Moonblast|p2b: Haxorus\n|-resisted|p2b: Haxorus\n|-damage|p2b: Haxorus|20\/100\n|move|p2b: Haxorus|Dragon Claw|p1b: Ursaluna\n|-immune|p1b: Ursaluna\n|\n|-fieldend|move: Trick Room\n|upkeep\n|turn|11\n|-message|phantomslayer17 forfeited.\n|\n|win|huffingkoffinggas\n|raw|huffingkoffinggas's rating: 1241 &rarr; <strong>1266<\/strong><br \/>(+25 for winning)\n|raw|phantomslayer17's rating: 1240 &rarr; <strong>1215<\/strong><br \/>(-25 for losing)\n|l|\u2606phantomslayer17\n","uploadtime":1700506834,"views":16,"p1id":"huffingkoffinggas","p2id":"phantomslayer17","formatid":"gen9vgc2023regulatione","rating":1215,"private":0,"password":""}