{"id":"gen9vgc2023regulatione-1997867625","p1":"TheLunes","p2":"CaliberChamp","format":"[Gen 9] VGC 2023 Regulation E","log":"|j|\u2606TheLunes\n|j|\u2606CaliberChamp\n|t:|1700861572\n|gametype|doubles\n|player|p1|TheLunes|veteran|1331\n|player|p2|CaliberChamp|red-masters|1231\n|teamsize|p1|6\n|teamsize|p2|6\n|gen|9\n|tier|[Gen 9] VGC 2023 Regulation E\n|rated|\n|rule|Species Clause: Limit one of each Pok\u00e9mon\n|rule|Item Clause: Limit one of each item\n|clearpoke\n|poke|p1|Iron Hands, L50|\n|poke|p1|Sinistcha, L50|\n|poke|p1|Moltres-Galar, L50|\n|poke|p1|Scream Tail, L50|\n|poke|p1|Kommo-o, L50, F|\n|poke|p1|Flutter Mane, L50|\n|poke|p2|Cinderace, L50, M|\n|poke|p2|Corviknight, L50, M|\n|poke|p2|Toxtricity-Low-Key, L50, F|\n|poke|p2|Grimmsnarl, L50, M|\n|poke|p2|Quaquaval, L50, M|\n|poke|p2|Frosmoth, L50, F|\n|teampreview|4\n|inactive|Battle timer is ON: inactive players will automatically lose when time's up. (requested by CaliberChamp)\n|inactive|TheLunes has 60 seconds left.\n|inactive|CaliberChamp has 60 seconds left.\n|\n|t:|1700861613\n|start\n|switch|p1a: Flutter Mane|Flutter Mane, L50|100\/100\n|switch|p1b: Kommo-o|Kommo-o, L50, F|100\/100\n|switch|p2a: Riffit|Toxtricity-Low-Key, L50, F|100\/100\n|switch|p2b: Hyrok|Grimmsnarl, L50, M|100\/100\n|turn|1\n|inactive|TheLunes has 30 seconds left.\n|inactive|TheLunes has 20 seconds left.\n|inactive|TheLunes has 15 seconds left.\n|\n|t:|1700861656\n|move|p2b: Hyrok|Light Screen|p2b: Hyrok\n|-sidestart|p2: CaliberChamp|move: Light Screen\n|move|p1a: Flutter Mane|Moonblast|p2b: Hyrok\n|-supereffective|p2b: Hyrok\n|-damage|p2b: Hyrok|0 fnt\n|faint|p2b: Hyrok\n|move|p2a: Riffit|Nuzzle|p1a: Flutter Mane\n|-crit|p1a: Flutter Mane\n|-damage|p1a: Flutter Mane|86\/100\n|-status|p1a: Flutter Mane|par\n|move|p1b: Kommo-o|Clangorous Soul|p1b: Kommo-o\n|-boost|p1b: Kommo-o|atk|1\n|-boost|p1b: Kommo-o|def|1\n|-boost|p1b: Kommo-o|spa|1\n|-boost|p1b: Kommo-o|spd|1\n|-boost|p1b: Kommo-o|spe|1\n|-damage|p1b: Kommo-o|68\/100\n|-enditem|p1b: Kommo-o|Throat Spray\n|-boost|p1b: Kommo-o|spa|1|[from] item: Throat Spray\n|\n|upkeep\n|inactive|CaliberChamp has 30 seconds left.\n|\n|t:|1700861685\n|switch|p2b: Karasu|Corviknight, L50, M|100\/100\n|turn|2\n|\n|t:|1700861705\n|-end|p1a: Flutter Mane|Protosynthesis|[silent]\n|switch|p1a: Sinistcha|Sinistcha, L50|100\/100\n|-heal|p1b: Kommo-o|93\/100|[from] ability: Hospitality|[of] p1a: Sinistcha\n|move|p1b: Kommo-o|Clanging Scales|p2a: Riffit|[spread] p2a,p2b\n|-resisted|p2b: Karasu\n|-damage|p2a: Riffit|59\/100\n|-damage|p2b: Karasu|76\/100\n|-unboost|p1b: Kommo-o|def|1\n|move|p2a: Riffit|Nuzzle|p1b: Kommo-o\n|-resisted|p1b: Kommo-o\n|-damage|p1b: Kommo-o|90\/100\n|-status|p1b: Kommo-o|par\n|move|p2b: Karasu|Bulk Up|p2b: Karasu\n|-boost|p2b: Karasu|atk|1\n|-boost|p2b: Karasu|def|1\n|\n|upkeep\n|turn|3\n|inactive|TheLunes has 30 seconds left.\n|inactive|CaliberChamp has 30 seconds left.\n|inactive|TheLunes has 20 seconds left.\n|inactive|CaliberChamp has 20 seconds left.\n|\n|t:|1700861743\n|switch|p1a: Iron Hands|Iron Hands, L50|100\/100\n|-terastallize|p2b: Karasu|Fire\n|move|p2a: Riffit|Snarl|p1a: Iron Hands|[spread] p1a,p1b\n|-resisted|p1a: Iron Hands\n|-resisted|p1b: Kommo-o\n|-damage|p1a: Iron Hands|96\/100\n|-damage|p1b: Kommo-o|83\/100 par\n|-unboost|p1a: Iron Hands|spa|1\n|-unboost|p1b: Kommo-o|spa|1\n|cant|p1b: Kommo-o|par\n|move|p2b: Karasu|Brave Bird|p1b: Kommo-o\n|-supereffective|p1b: Kommo-o\n|-damage|p1b: Kommo-o|0 fnt\n|faint|p1b: Kommo-o\n|-damage|p2b: Karasu|54\/100|[from] Recoil\n|\n|upkeep\n|\n|t:|1700861761\n|switch|p1b: Flutter Mane|Flutter Mane, L50|86\/100 par\n|turn|4\n|\n|t:|1700861778\n|move|p1a: Iron Hands|Fake Out|p2a: Riffit\n|-damage|p2a: Riffit|33\/100\n|cant|p2a: Riffit|flinch\n|move|p1b: Flutter Mane|Moonblast|p2b: Karasu\n|-resisted|p2b: Karasu\n|-damage|p2b: Karasu|31\/100\n|move|p2b: Karasu|Roost|p2b: Karasu\n|-heal|p2b: Karasu|81\/100\n|\n|upkeep\n|turn|5\n|\n|t:|1700861798\n|move|p2a: Riffit|Overdrive|p1a: Iron Hands|[spread] p1a,p1b\n|-resisted|p1a: Iron Hands\n|-damage|p1a: Iron Hands|84\/100\n|-damage|p1b: Flutter Mane|43\/100 par\n|move|p1b: Flutter Mane|Moonblast|p2a: Riffit\n|-resisted|p2a: Riffit\n|-damage|p2a: Riffit|0 fnt\n|faint|p2a: Riffit\n|move|p2b: Karasu|Brave Bird|p1b: Flutter Mane\n|-damage|p1b: Flutter Mane|0 fnt\n|faint|p1b: Flutter Mane\n|-end|p1b: Flutter Mane|Protosynthesis|[silent]\n|-damage|p2b: Karasu|72\/100|[from] Recoil\n|move|p1a: Iron Hands|Drain Punch|p2b: Karasu\n|-damage|p2b: Karasu|54\/100\n|-heal|p1a: Iron Hands|91\/100|[from] drain|[of] p2b: Karasu\n|-damage|p1a: Iron Hands|74\/100|[from] item: Rocky Helmet|[of] p2b: Karasu\n|\n|upkeep\n|\n|t:|1700861817\n|switch|p1b: Sinistcha|Sinistcha, L50|100\/100\n|switch|p2a: Ace|Cinderace, L50, M|100\/100\n|-heal|p1a: Iron Hands|99\/100|[from] ability: Hospitality|[of] p1b: Sinistcha\n|turn|6\n|inactive|TheLunes has 30 seconds left.\n|\n|t:|1700861843\n|-terastallize|p1b: Sinistcha|Dragon\n|move|p2a: Ace|Pyro Ball|p1b: Sinistcha\n|-resisted|p1b: Sinistcha\n|-damage|p1b: Sinistcha|67\/100\n|-damage|p2a: Ace|91\/100|[from] item: Life Orb\n|move|p2b: Karasu|Roost|p2b: Karasu\n|-heal|p2b: Karasu|100\/100\n|move|p1a: Iron Hands|Drain Punch|p2a: Ace\n|-damage|p2a: Ace|31\/100\n|-heal|p1a: Iron Hands|100\/100|[from] drain|[of] p2a: Ace\n|move|p1b: Sinistcha|Trick Room|p1b: Sinistcha\n|-fieldstart|move: Trick Room|[of] p1b: Sinistcha\n|\n|upkeep\n|turn|7\n|inactive|TheLunes has 30 seconds left.\n|inactive|CaliberChamp has 30 seconds left.\n|\n|t:|1700861871\n|move|p2a: Ace|Sucker Punch|p1b: Sinistcha\n|-start|p2a: Ace|typechange|Dark|[from] ability: Libero\n|-damage|p1b: Sinistcha|24\/100\n|-damage|p2a: Ace|15\/100|[from] item: Rocky Helmet|[of] p1b: Sinistcha\n|-damage|p2a: Ace|5\/100|[from] item: Life Orb\n|move|p1a: Iron Hands|Drain Punch|p2a: Ace\n|-supereffective|p2a: Ace\n|-damage|p2a: Ace|0 fnt\n|faint|p2a: Ace\n|move|p2b: Karasu|Brave Bird|p1b: Sinistcha\n|-damage|p1b: Sinistcha|0 fnt\n|-damage|p2b: Karasu|84\/100|[from] item: Rocky Helmet|[of] p1b: Sinistcha\n|faint|p1b: Sinistcha\n|-damage|p2b: Karasu|77\/100|[from] Recoil\n|\n|upkeep\n|turn|8\n|\n|t:|1700861891\n|move|p1a: Iron Hands|Drain Punch|p2b: Karasu\n|-damage|p2b: Karasu|58\/100\n|-damage|p1a: Iron Hands|84\/100|[from] item: Rocky Helmet|[of] p2b: Karasu\n|move|p2b: Karasu|Bulk Up|p2b: Karasu\n|-boost|p2b: Karasu|atk|1\n|-boost|p2b: Karasu|def|1\n|\n|-sideend|p2: CaliberChamp|move: Light Screen\n|upkeep\n|turn|9\n|\n|t:|1700861901\n|move|p1a: Iron Hands|Drain Punch|p2b: Karasu\n|-damage|p2b: Karasu|44\/100\n|-heal|p1a: Iron Hands|89\/100|[from] drain|[of] p2b: Karasu\n|-damage|p1a: Iron Hands|73\/100|[from] item: Rocky Helmet|[of] p2b: Karasu\n|move|p2b: Karasu|Bulk Up|p2b: Karasu\n|-boost|p2b: Karasu|atk|1\n|-boost|p2b: Karasu|def|1\n|\n|upkeep\n|turn|10\n|\n|t:|1700861913\n|move|p1a: Iron Hands|Drain Punch|p2b: Karasu\n|-damage|p2b: Karasu|33\/100\n|-heal|p1a: Iron Hands|78\/100|[from] drain|[of] p2b: Karasu\n|-damage|p1a: Iron Hands|61\/100|[from] item: Rocky Helmet|[of] p2b: Karasu\n|move|p2b: Karasu|Roost|p2b: Karasu\n|-heal|p2b: Karasu|83\/100\n|\n|-fieldend|move: Trick Room\n|upkeep\n|turn|11\n|\n|t:|1700861924\n|move|p2b: Karasu|Bulk Up|p2b: Karasu\n|-boost|p2b: Karasu|atk|1\n|-boost|p2b: Karasu|def|1\n|move|p1a: Iron Hands|Drain Punch|p2b: Karasu\n|-damage|p2b: Karasu|74\/100\n|-heal|p1a: Iron Hands|65\/100|[from] drain|[of] p2b: Karasu\n|-damage|p1a: Iron Hands|48\/100|[from] item: Rocky Helmet|[of] p2b: Karasu\n|\n|upkeep\n|turn|12\n|\n|t:|1700861935\n|move|p2b: Karasu|Bulk Up|p2b: Karasu\n|-boost|p2b: Karasu|atk|1\n|-boost|p2b: Karasu|def|1\n|move|p1a: Iron Hands|Drain Punch|p2b: Karasu\n|-damage|p2b: Karasu|66\/100\n|-heal|p1a: Iron Hands|51\/100|[from] drain|[of] p2b: Karasu\n|-damage|p1a: Iron Hands|35\/100|[from] item: Rocky Helmet|[of] p2b: Karasu\n|\n|upkeep\n|turn|13\n|\n|t:|1700861944\n|move|p2b: Karasu|Bulk Up|p2b: Karasu\n|-boost|p2b: Karasu|atk|1\n|-boost|p2b: Karasu|def|1\n|move|p1a: Iron Hands|Drain Punch|p2b: Karasu\n|-damage|p2b: Karasu|59\/100\n|-heal|p1a: Iron Hands|38\/100|[from] drain|[of] p2b: Karasu\n|-damage|p1a: Iron Hands|22\/100|[from] item: Rocky Helmet|[of] p2b: Karasu\n|\n|upkeep\n|turn|14\n|\n|t:|1700861955\n|move|p2b: Karasu|Roost|p2b: Karasu\n|-heal|p2b: Karasu|100\/100\n|move|p1a: Iron Hands|Drain Punch|p2b: Karasu\n|-crit|p2b: Karasu\n|-damage|p2b: Karasu|58\/100\n|-heal|p1a: Iron Hands|38\/100|[from] drain|[of] p2b: Karasu\n|-damage|p1a: Iron Hands|22\/100|[from] item: Rocky Helmet|[of] p2b: Karasu\n|\n|upkeep\n|turn|15\n|\n|t:|1700861965\n|move|p2b: Karasu|Roost|p2b: Karasu\n|-heal|p2b: Karasu|100\/100\n|move|p1a: Iron Hands|Drain Punch|p2b: Karasu\n|-damage|p2b: Karasu|93\/100\n|-heal|p1a: Iron Hands|25\/100|[from] drain|[of] p2b: Karasu\n|-damage|p1a: Iron Hands|9\/100|[from] item: Rocky Helmet|[of] p2b: Karasu\n|\n|upkeep\n|turn|16\n|\n|t:|1700861974\n|move|p2b: Karasu|Body Press|p1a: Iron Hands\n|-damage|p1a: Iron Hands|0 fnt\n|faint|p1a: Iron Hands\n|-end|p1a: Iron Hands|Quark Drive|[silent]\n|\n|win|CaliberChamp\n|raw|TheLunes's rating: 1331 &rarr; <strong>1305<\/strong><br \/>(-26 for losing)\n|raw|CaliberChamp's rating: 1231 &rarr; <strong>1263<\/strong><br \/>(+32 for winning)\n|l|\u2606TheLunes\n","uploadtime":1700861988,"views":17,"p1id":"thelunes","p2id":"caliberchamp","formatid":"gen9vgc2023regulatione","rating":1263,"private":0,"password":""}