{"id":"gen9vgc2023regulatione-1994489624","p1":"Cabobs","p2":"leafyarrow","format":"[Gen 9] VGC 2023 Regulation E","log":"|j|\u2606Cabobs\n|j|\u2606leafyarrow\n|t:|1700449947\n|gametype|doubles\n|player|p1|Cabobs|ingo|1192\n|player|p2|leafyarrow|selene|1221\n|teamsize|p1|6\n|teamsize|p2|6\n|gen|9\n|tier|[Gen 9] VGC 2023 Regulation E\n|rated|\n|rule|Species Clause: Limit one of each Pok\u00e9mon\n|rule|Item Clause: Limit one of each item\n|clearpoke\n|poke|p1|Iron Hands, L50|\n|poke|p1|Sinistcha, L50|\n|poke|p1|Arcanine-Hisui, L50, F|\n|poke|p1|Ogerpon-Wellspring, L50, F|\n|poke|p1|Spectrier, L50|\n|poke|p1|Chien-Pao, L50|\n|poke|p2|Enamorus-Therian, L50, F|\n|poke|p2|Ursaluna, L50, F|\n|poke|p2|Indeedee-F, L50, F|\n|poke|p2|Armarouge, L50, M|\n|poke|p2|Roaring Moon, L50|\n|poke|p2|Ninetales-Alola, L50, F|\n|teampreview|4\nleafyarrow has agreed to open team sheets.\nCabobs has agreed to open team sheets.\n|\n|t:|1700450012\n|start\n|switch|p1a: Brian Hands|Iron Hands, L50|100\/100\n|switch|p1b: :3|Chien-Pao, L50|100\/100\n|switch|p2a: Roaring Moon|Roaring Moon, L50|100\/100\n|switch|p2b: Indeedee|Indeedee-F, L50, F|100\/100\n|-ability|p1b: :3|Sword of Ruin\n|-fieldstart|move: Psychic Terrain|[from] ability: Psychic Surge|[of] p2b: Indeedee\n|-enditem|p2b: Indeedee|Psychic Seed\n|-boost|p2b: Indeedee|spd|1|[from] item: Psychic Seed\n|-enditem|p2a: Roaring Moon|Booster Energy\n|-activate|p2a: Roaring Moon|ability: Protosynthesis|[fromitem]\n|-start|p2a: Roaring Moon|protosynthesisspe\n|turn|1\n|\n|t:|1700450042\n|move|p2a: Roaring Moon|Acrobatics|p1b: :3\n|-damage|p1b: :3|41\/100\n|move|p1b: :3|Ice Spinner|p2a: Roaring Moon\n|-supereffective|p2a: Roaring Moon\n|-crit|p2a: Roaring Moon\n|-damage|p2a: Roaring Moon|0 fnt\n|-fieldend|move: Psychic Terrain\n|faint|p2a: Roaring Moon\n|-end|p2a: Roaring Moon|Protosynthesis|[silent]\n|move|p1a: Brian Hands|Drain Punch|p2b: Indeedee\n|-crit|p2b: Indeedee\n|-damage|p2b: Indeedee|23\/100\n|move|p2b: Indeedee|Trick Room|p2b: Indeedee\n|-fieldstart|move: Trick Room|[of] p2b: Indeedee\n|\n|upkeep\n|\n|t:|1700450059\n|switch|p2a: Ursaluna|Ursaluna, L50, F|100\/100\n|turn|2\n|\n|t:|1700450082\n|switch|p2b: Enamorus|Enamorus-Therian, L50, F|100\/100\n|move|p2a: Ursaluna|Protect|p2a: Ursaluna\n|-singleturn|p2a: Ursaluna|Protect\n|move|p1b: :3|Sucker Punch||[still]\n|-fail|p1b: :3\n|move|p1a: Brian Hands|Drain Punch|p2b: Enamorus\n|-resisted|p2b: Enamorus\n|-damage|p2b: Enamorus|87\/100\n|\n|-status|p2a: Ursaluna|brn|[from] item: Flame Orb\n|upkeep\n|turn|3\n|\n|t:|1700450110\n|switch|p2b: Indeedee|Indeedee-F, L50, F|23\/100\n|-fieldstart|move: Psychic Terrain|[from] ability: Psychic Surge|[of] p2b: Indeedee\n|move|p1b: :3|Sucker Punch||[still]\n|-fail|p1b: :3\n|move|p2a: Ursaluna|Earthquake|p1b: :3|[spread] p2b,p1a,p1b\n|-supereffective|p1a: Brian Hands\n|-damage|p2b: Indeedee|0 fnt\n|-damage|p1a: Brian Hands|0 fnt\n|-damage|p1b: :3|0 fnt\n|faint|p2b: Indeedee\n|faint|p1a: Brian Hands\n|-end|p1a: Brian Hands|Quark Drive|[silent]\n|faint|p1b: :3\n|\n|-damage|p2a: Ursaluna|95\/100 brn|[from] brn\n|upkeep\n|\n|t:|1700450124\n|switch|p1a: What da dawg doin|Arcanine-Hisui, L50, F|100\/100\n|switch|p2b: Enamorus|Enamorus-Therian, L50, F|87\/100\n|switch|p1b: Bonk|Ogerpon-Wellspring, L50, F|100\/100\n|-ability|p1a: What da dawg doin|Intimidate|boost\n|-unboost|p2a: Ursaluna|atk|1\n|-unboost|p2b: Enamorus|atk|1\n|turn|4\n|\n|t:|1700450156\n|-terastallize|p2a: Ursaluna|Ghost\n|-terastallize|p1a: What da dawg doin|Fairy\n|move|p2b: Enamorus|Moonblast|p1a: What da dawg doin\n|-damage|p1a: What da dawg doin|6\/100\n|-unboost|p1a: What da dawg doin|spa|1\n|move|p2a: Ursaluna|Earthquake|p1a: What da dawg doin|[spread] p1a,p1b\n|-immune|p2b: Enamorus\n|-resisted|p1b: Bonk\n|-damage|p1a: What da dawg doin|0 fnt\n|-damage|p1b: Bonk|76\/100\n|faint|p1a: What da dawg doin\n|move|p1b: Bonk|Horn Leech|p2a: Ursaluna\n|-damage|p2a: Ursaluna|64\/100 brn\n|-heal|p1b: Bonk|95\/100|[from] drain|[of] p2a: Ursaluna\n|\n|-damage|p2a: Ursaluna|58\/100 brn|[from] brn\n|upkeep\n|turn|5\n|\n|t:|1700450178\n|move|p2a: Ursaluna|Protect|p2a: Ursaluna\n|-singleturn|p2a: Ursaluna|Protect\n|move|p1b: Bonk|Spiky Shield|p1b: Bonk\n|-singleturn|p1b: Bonk|move: Protect\n|move|p2b: Enamorus|Moonblast|p1b: Bonk\n|-activate|p1b: Bonk|move: Protect\n|\n|-damage|p2a: Ursaluna|52\/100 brn|[from] brn\n|-fieldend|move: Trick Room\n|upkeep\n|turn|6\n|\n|t:|1700450191\n|move|p1b: Bonk|Ivy Cudgel|p2b: Enamorus|[anim] Ivy Cudgel Water\n|-crit|p2b: Enamorus\n|-damage|p2b: Enamorus|4\/100\n|move|p2a: Ursaluna|Facade|p1b: Bonk\n|-damage|p1b: Bonk|9\/100\n|move|p2b: Enamorus|Moonblast|p1b: Bonk\n|-damage|p1b: Bonk|0 fnt\n|faint|p1b: Bonk\n|\n|win|leafyarrow\n|raw|Cabobs's rating: 1192 &rarr; <strong>1169<\/strong><br \/>(-23 for losing)\n|raw|leafyarrow's rating: 1221 &rarr; <strong>1244<\/strong><br \/>(+23 for winning)\n","uploadtime":1700450202,"views":15,"p1id":"cabobs","p2id":"leafyarrow","formatid":"gen9vgc2023regulatione","rating":1169,"private":0,"password":""}