{"id":"gen9vgc2023regulatione-1988109999","p1":"Ferocino","p2":"bobforte22","format":"[Gen 9] VGC 2023 Regulation E","log":"|j|\u2606Ferocino\n|j|\u2606bobforte22\n|t:|1699670742\n|gametype|doubles\n|player|p1|Ferocino|medium|1219\n|player|p2|bobforte22|pilot|1320\n|teamsize|p1|6\n|teamsize|p2|6\n|gen|9\n|tier|[Gen 9] VGC 2023 Regulation E\n|rated|\n|rule|Species Clause: Limit one of each Pok\u00e9mon\n|rule|Item Clause: Limit one of each item\n|clearpoke\n|poke|p1|Dipplin, L50, M|\n|poke|p1|Iron Bundle, L50|\n|poke|p1|Moltres-Galar, L50|\n|poke|p1|Heatran, L50, M|\n|poke|p1|Ninetales-Alola, L50, M|\n|poke|p1|Iron Hands, L50|\n|poke|p2|Dragonite, L50, M|\n|poke|p2|Chi-Yu, L50|\n|poke|p2|Grimmsnarl, L50, M|\n|poke|p2|Gyarados, L50, M|\n|poke|p2|Articuno-Galar, L50|\n|poke|p2|Gholdengo, L50|\n|teampreview|4\n|inactive|Battle timer is ON: inactive players will automatically lose when time's up. (requested by bobforte22)\n|\n|t:|1699670774\n|start\n|switch|p1a: Iron Bundle|Iron Bundle, L50|100\/100\n|switch|p1b: Heatran|Heatran, L50, M|100\/100\n|switch|p2a: Grimmsnarl|Grimmsnarl, L50, M|100\/100\n|switch|p2b: Chi-Yu|Chi-Yu, L50|100\/100\n|-ability|p2b: Chi-Yu|Beads of Ruin\n|-enditem|p1a: Iron Bundle|Booster Energy\n|-activate|p1a: Iron Bundle|ability: Quark Drive|[fromitem]\n|-start|p1a: Iron Bundle|quarkdrivespa\n|turn|1\n|inactive|bobforte22 has 30 seconds left.\n|\n|t:|1699670801\n|move|p2a: Grimmsnarl|Fake Out|p1b: Heatran\n|-resisted|p1b: Heatran\n|-damage|p1b: Heatran|96\/100\n|move|p2b: Chi-Yu|Dark Pulse|p1b: Heatran\n|-damage|p1b: Heatran|58\/100\n|move|p1a: Iron Bundle|Hydro Pump|p2b: Chi-Yu|[miss]\n|-miss|p1a: Iron Bundle|p2b: Chi-Yu\n|cant|p1b: Heatran|flinch\n|\n|-heal|p1b: Heatran|64\/100|[from] item: Leftovers\n|upkeep\n|turn|2\n|\n|t:|1699670824\n|switch|p2b: Gyarados|Gyarados, L50, M|100\/100\n|-ability|p2b: Gyarados|Intimidate|boost\n|-unboost|p1a: Iron Bundle|atk|1\n|-unboost|p1b: Heatran|atk|1\n|move|p1a: Iron Bundle|Hydro Pump|p2b: Gyarados|[miss]\n|-miss|p1a: Iron Bundle|p2b: Gyarados\n|move|p1b: Heatran|Substitute|p1b: Heatran\n|-start|p1b: Heatran|Substitute\n|-damage|p1b: Heatran|39\/100\n|move|p2a: Grimmsnarl|Spirit Break|p1a: Iron Bundle\n|-damage|p1a: Iron Bundle|64\/100\n|-unboost|p1a: Iron Bundle|spa|1\n|\n|-heal|p1b: Heatran|45\/100|[from] item: Leftovers\n|upkeep\n|turn|3\n|inactive|Ferocino has 30 seconds left.\n|inactive|bobforte22 has 30 seconds left.\n|inactive|Ferocino has 20 seconds left.\n|inactive|Ferocino has 15 seconds left.\n|\n|t:|1699670864\n|move|p1a: Iron Bundle|Protect|p1a: Iron Bundle\n|-singleturn|p1a: Iron Bundle|Protect\n|move|p2a: Grimmsnarl|Parting Shot|p1a: Iron Bundle\n|-activate|p1a: Iron Bundle|move: Protect\n|move|p2b: Gyarados|Waterfall|p1b: Heatran\n|-supereffective|p1b: Heatran\n|-end|p1b: Heatran|Substitute\n|move|p1b: Heatran|Flash Cannon|p2a: Grimmsnarl\n|-supereffective|p2a: Grimmsnarl\n|-damage|p2a: Grimmsnarl|28\/100\n|\n|-heal|p1b: Heatran|52\/100|[from] item: Leftovers\n|upkeep\n|turn|4\n|inactive|Ferocino has 30 seconds left.\n|\n|t:|1699670898\n|switch|p1b: Dipplin|Dipplin, L50, M|100\/100\n|-ability|p1b: Dipplin|Supersweet Syrup\n|-ability|p1b: Dipplin|Supersweet Syrup|boost\n|-unboost|p2a: Grimmsnarl|evasion|1\n|-unboost|p2b: Gyarados|evasion|1\n|move|p2a: Grimmsnarl|Parting Shot|p1a: Iron Bundle\n|-unboost|p1a: Iron Bundle|atk|1\n|-unboost|p1a: Iron Bundle|spa|1\n|\n|t:|1699670908\n|switch|p2a: Chi-Yu|Chi-Yu, L50|100\/100|[from] Parting Shot\n|-ability|p2a: Chi-Yu|Beads of Ruin\n|move|p1a: Iron Bundle|Icy Wind|p2a: Chi-Yu|[spread] p2a,p2b\n|-resisted|p2a: Chi-Yu\n|-damage|p2a: Chi-Yu|93\/100\n|-damage|p2b: Gyarados|85\/100\n|-unboost|p2a: Chi-Yu|spe|1\n|-unboost|p2b: Gyarados|spe|1\n|move|p2b: Gyarados|Waterfall|p1b: Dipplin\n|-resisted|p1b: Dipplin\n|-damage|p1b: Dipplin|95\/100\n|\n|upkeep\n|turn|5\n|inactive|Ferocino has 30 seconds left.\n|inactive|bobforte22 has 30 seconds left.\n|inactive|Ferocino has 20 seconds left.\n|inactive|Ferocino has 15 seconds left.\n|inactive|Ferocino has 10 seconds left.\n|\n|t:|1699670956\n|-terastallize|p2a: Chi-Yu|Ghost\n|move|p1a: Iron Bundle|Protect|p1a: Iron Bundle\n|-singleturn|p1a: Iron Bundle|Protect\n|move|p2a: Chi-Yu|Heat Wave|p1b: Dipplin|[spread] p1b\n|-activate|p1a: Iron Bundle|move: Protect\n|-damage|p1b: Dipplin|68\/100\n|move|p2b: Gyarados|Dragon Dance|p2b: Gyarados\n|-boost|p2b: Gyarados|atk|1\n|-boost|p2b: Gyarados|spe|1\n|move|p1b: Dipplin|Infestation|p2b: Gyarados\n|-resisted|p2b: Gyarados\n|-damage|p2b: Gyarados|82\/100\n|-activate|p2b: Gyarados|move: Infestation|[of] p1b: Dipplin\n|\n|-damage|p2b: Gyarados|70\/100|[from] move: Infestation|[partiallytrapped]\n|upkeep\n|turn|6\n|\n|t:|1699670980\n|-end|p1a: Iron Bundle|Quark Drive|[silent]\n|switch|p1a: Heatran|Heatran, L50, M|52\/100\n|move|p2a: Chi-Yu|Heat Wave|p1b: Dipplin|[spread] p1b\n|-start|p1a: Heatran|ability: Flash Fire\n|-damage|p1b: Dipplin|38\/100\n|move|p2b: Gyarados|Waterfall|p1a: Heatran\n|-supereffective|p1a: Heatran\n|-damage|p1a: Heatran|0 fnt\n|faint|p1a: Heatran\n|move|p1b: Dipplin|Syrup Bomb|p2b: Gyarados\n|-damage|p2b: Gyarados|50\/100\n|-start|p2b: Gyarados|Syrup Bomb\n|-enditem|p2b: Gyarados|Sitrus Berry|[eat]\n|-heal|p2b: Gyarados|75\/100|[from] item: Sitrus Berry\n|\n|-damage|p2b: Gyarados|63\/100|[from] move: Infestation|[partiallytrapped]\n|-unboost|p2b: Gyarados|spe|1\n|upkeep\n|\n|t:|1699671001\n|switch|p1a: Moltres|Moltres-Galar, L50|100\/100\n|turn|7\n|\n|t:|1699671015\n|move|p1a: Moltres|Fiery Wrath|p2a: Chi-Yu|[spread] p2a,p2b\n|-supereffective|p2a: Chi-Yu\n|-damage|p2a: Chi-Yu|21\/100\n|-damage|p2b: Gyarados|37\/100\n|move|p2a: Chi-Yu|Heat Wave|p1a: Moltres|[spread] p1a,p1b\n|-damage|p1a: Moltres|54\/100\n|-damage|p1b: Dipplin|10\/100\n|move|p2b: Gyarados|Waterfall|p1a: Moltres\n|-damage|p1a: Moltres|0 fnt\n|faint|p1a: Moltres\n|move|p1b: Dipplin|Recover|p1b: Dipplin\n|-heal|p1b: Dipplin|60\/100\n|\n|-damage|p2b: Gyarados|25\/100|[from] move: Infestation|[partiallytrapped]\n|-unboost|p2b: Gyarados|spe|1\n|upkeep\n|\n|t:|1699671029\n|switch|p1a: Iron Bundle|Iron Bundle, L50|64\/100\n|turn|8\n|\n|t:|1699671044\n|move|p1a: Iron Bundle|Icy Wind|p2b: Gyarados|[spread] p2a,p2b\n|-damage|p2a: Chi-Yu|0 fnt\n|-damage|p2b: Gyarados|2\/100\n|-unboost|p2b: Gyarados|spe|1\n|faint|p2a: Chi-Yu\n|move|p1b: Dipplin|Pollen Puff|p1a: Iron Bundle\n|-heal|p1a: Iron Bundle|100\/100\n|move|p2b: Gyarados|Waterfall|p1a: Iron Bundle\n|-resisted|p1a: Iron Bundle\n|-damage|p1a: Iron Bundle|62\/100\n|\n|-damage|p2b: Gyarados|0 fnt|[from] move: Infestation|[partiallytrapped]\n|faint|p2b: Gyarados\n|upkeep\n|\n|t:|1699671058\n|switch|p2a: Grimmsnarl|Grimmsnarl, L50, M|28\/100\n|switch|p2b: Gholdengo|Gholdengo, L50|100\/100\n|turn|9\n|\n|t:|1699671082\n|-terastallize|p1b: Dipplin|Fire\n|move|p1a: Iron Bundle|Protect|p1a: Iron Bundle\n|-singleturn|p1a: Iron Bundle|Protect\n|move|p2a: Grimmsnarl|Fake Tears|p1b: Dipplin\n|-unboost|p1b: Dipplin|spd|2\n|move|p2b: Gholdengo|Shadow Ball|p1b: Dipplin\n|-damage|p1b: Dipplin|16\/100\n|-unboost|p1b: Dipplin|spd|1\n|move|p1b: Dipplin|Syrup Bomb|p2b: Gholdengo\n|-resisted|p2b: Gholdengo\n|-damage|p2b: Gholdengo|91\/100\n|-start|p2b: Gholdengo|Syrup Bomb\n|\n|-heal|p2b: Gholdengo|97\/100|[from] item: Leftovers\n|-unboost|p2b: Gholdengo|spe|1\n|upkeep\n|turn|10\n|inactive|Ferocino has 30 seconds left.\n|\n|t:|1699671108\n|move|p2a: Grimmsnarl|Fake Tears|p1a: Iron Bundle\n|-unboost|p1a: Iron Bundle|spd|2\n|move|p1a: Iron Bundle|Icy Wind|p2a: Grimmsnarl|[spread] p2a,p2b\n|-crit|p2a: Grimmsnarl\n|-resisted|p2b: Gholdengo\n|-damage|p2a: Grimmsnarl|0 fnt\n|-damage|p2b: Gholdengo|87\/100\n|-unboost|p2b: Gholdengo|spe|1\n|faint|p2a: Grimmsnarl\n|move|p1b: Dipplin|Recover|p1b: Dipplin\n|-heal|p1b: Dipplin|66\/100\n|move|p2b: Gholdengo|Make It Rain|p1a: Iron Bundle|[spread] p1a,p1b\n|-resisted|p1b: Dipplin\n|-damage|p1a: Iron Bundle|0 fnt\n|-damage|p1b: Dipplin|39\/100\n|-unboost|p2b: Gholdengo|spa|1\n|faint|p1a: Iron Bundle\n|-end|p1a: Iron Bundle|Quark Drive|[silent]\n|\n|-heal|p2b: Gholdengo|93\/100|[from] item: Leftovers\n|-unboost|p2b: Gholdengo|spe|1\n|upkeep\n|turn|11\n|\n|t:|1699671131\n|move|p1b: Dipplin|Recover|p1b: Dipplin\n|-heal|p1b: Dipplin|89\/100\n|move|p2b: Gholdengo|Nasty Plot|p2b: Gholdengo\n|-boost|p2b: Gholdengo|spa|2\n|\n|-heal|p2b: Gholdengo|99\/100|[from] item: Leftovers\n|-unboost|p2b: Gholdengo|spe|1\n|upkeep\n|turn|12\n|\n|t:|1699671141\n|move|p1b: Dipplin|Infestation|p2b: Gholdengo\n|-resisted|p2b: Gholdengo\n|-damage|p2b: Gholdengo|98\/100\n|-activate|p2b: Gholdengo|move: Infestation|[of] p1b: Dipplin\n|move|p2b: Gholdengo|Nasty Plot|p2b: Gholdengo\n|-boost|p2b: Gholdengo|spa|2\n|\n|-heal|p2b: Gholdengo|100\/100|[from] item: Leftovers\n|-damage|p2b: Gholdengo|88\/100|[from] move: Infestation|[partiallytrapped]\n|-end|p2b: Gholdengo|Syrup Bomb|[silent]\n|upkeep\n|turn|13\n|\n|t:|1699671154\n|move|p1b: Dipplin|Syrup Bomb|p2b: Gholdengo|[miss]\n|-miss|p1b: Dipplin|p2b: Gholdengo\n|move|p2b: Gholdengo|Shadow Ball|p1b: Dipplin\n|-damage|p1b: Dipplin|0 fnt\n|faint|p1b: Dipplin\n|\n|win|bobforte22\n|raw|Ferocino's rating: 1219 &rarr; <strong>1201<\/strong><br \/>(-18 for losing)\n|raw|bobforte22's rating: 1320 &rarr; <strong>1334<\/strong><br \/>(+14 for winning)\n|l|\u2606Ferocino\n","uploadtime":1699671163,"views":12,"p1id":"ferocino","p2id":"bobforte22","formatid":"gen9vgc2023regulatione","rating":1201,"private":0,"password":""}