{"id":"gen9vgc2023regulatione-1999858358","p1":"TheRicoSuave","p2":"KokoGian","format":"[Gen 9] VGC 2023 Regulation E","log":"|j|\u2606TheRicoSuave\n|j|\u2606KokoGian\n|t:|1701123461\n|gametype|doubles\n|player|p1|TheRicoSuave|169|1322\n|player|p2|KokoGian|benga|1423\n|teamsize|p1|6\n|teamsize|p2|6\n|gen|9\n|tier|[Gen 9] VGC 2023 Regulation E\n|rated|\n|rule|Species Clause: Limit one of each Pok\u00e9mon\n|rule|Item Clause: Limit one of each item\n|clearpoke\n|poke|p1|Iron Hands, L50|\n|poke|p1|Flutter Mane, L50|\n|poke|p1|Dusclops, L50, M|\n|poke|p1|Ogerpon-Wellspring, L50, F|\n|poke|p1|Ursaluna-Bloodmoon, L50, M|\n|poke|p1|Chi-Yu, L50|\n|poke|p2|Amoonguss, L50, M|\n|poke|p2|Iron Hands, L50|\n|poke|p2|Arcanine-Hisui, L50, F|\n|poke|p2|Tornadus, L50, M|\n|poke|p2|Urshifu-*, L50, M|\n|poke|p2|Gholdengo, L50|\n|teampreview|4\nKokoGian has agreed to open team sheets.\n|inactive|Battle timer is ON: inactive players will automatically lose when time's up. (requested by TheRicoSuave)\nTheRicoSuave has agreed to open team sheets.\n|inactive|TheRicoSuave has 30 seconds left.\n|inactive|KokoGian has 30 seconds left.\n|inactive|TheRicoSuave has 20 seconds left.\n|inactive|KokoGian has 20 seconds left.\n|inactive|TheRicoSuave has 15 seconds left.\n|inactive|TheRicoSuave has 10 seconds left.\n|inactive|TheRicoSuave has 5 seconds left.\n|\n|t:|1701123518\n|start\n|switch|p1a: Dusclops|Dusclops, L50, M|100\/100\n|switch|p1b: Moonbert|Ursaluna-Bloodmoon, L50, M|100\/100\n|switch|p2a: Arcanine|Arcanine-Hisui, L50, F, shiny|100\/100\n|switch|p2b: Gholdengo|Gholdengo, L50|100\/100\n|-ability|p2a: Arcanine|Intimidate|boost\n|-unboost|p1a: Dusclops|atk|1\n|-unboost|p1b: Moonbert|atk|1\n|-ability|p1a: Dusclops|Pressure\n|turn|1\n|\n|t:|1701123543\n|-terastallize|p2b: Gholdengo|Dragon\n|-terastallize|p1a: Dusclops|Dark\n|move|p1b: Moonbert|Protect|p1b: Moonbert\n|-singleturn|p1b: Moonbert|Protect\n|move|p2a: Arcanine|Rock Slide|p1a: Dusclops|[spread] p1a\n|-activate|p1b: Moonbert|move: Protect\n|-damage|p1a: Dusclops|73\/100\n|move|p2b: Gholdengo|Shadow Ball|p1a: Dusclops\n|-resisted|p1a: Dusclops\n|-damage|p1a: Dusclops|62\/100\n|move|p1a: Dusclops|Trick Room|p1a: Dusclops\n|-fieldstart|move: Trick Room|[of] p1a: Dusclops\n|\n|upkeep\n|turn|2\n|inactive|TheRicoSuave has 30 seconds left.\n|\n|t:|1701123568\n|move|p1a: Dusclops|Brick Break|p1b: Moonbert\n|-supereffective|p1b: Moonbert\n|-damage|p1b: Moonbert|88\/100\n|-enditem|p1b: Moonbert|Weakness Policy\n|-boost|p1b: Moonbert|atk|2|[from] item: Weakness Policy\n|-boost|p1b: Moonbert|spa|2|[from] item: Weakness Policy\n|move|p1b: Moonbert|Hyper Voice|p2b: Gholdengo|[spread] p2a,p2b\n|-resisted|p2a: Arcanine\n|-damage|p2a: Arcanine|54\/100\n|-damage|p2b: Gholdengo|30\/100\n|move|p2b: Gholdengo|Nasty Plot|p2b: Gholdengo\n|-boost|p2b: Gholdengo|spa|2\n|move|p2a: Arcanine|Rock Slide|p1b: Moonbert|[spread] p1a,p1b\n|-resisted|p1b: Moonbert\n|-damage|p1a: Dusclops|33\/100\n|-damage|p1b: Moonbert|72\/100\n|\n|-heal|p2b: Gholdengo|36\/100|[from] item: Leftovers\n|upkeep\n|turn|3\n|\n|t:|1701123587\n|move|p2b: Gholdengo|Protect|p2b: Gholdengo\n|-singleturn|p2b: Gholdengo|Protect\n|move|p1a: Dusclops|Night Shade|p2a: Arcanine\n|-damage|p2a: Arcanine|24\/100\n|move|p1b: Moonbert|Hyper Voice|p2a: Arcanine|[spread] p2a\n|-activate|p2b: Gholdengo|move: Protect\n|-resisted|p2a: Arcanine\n|-damage|p2a: Arcanine|0 fnt\n|faint|p2a: Arcanine\n|\n|-heal|p2b: Gholdengo|43\/100|[from] item: Leftovers\n|upkeep\n|\n|t:|1701123600\n|switch|p2a: Amoonguss|Amoonguss, L50, M|100\/100\n|turn|4\n|inactive|TheRicoSuave has 30 seconds left.\n|\n|t:|1701123631\n|move|p1a: Dusclops|Will-O-Wisp|p1b: Moonbert\n|-status|p1b: Moonbert|brn\n|move|p2a: Amoonguss|Spore||[still]\n|-fail|p2a: Amoonguss\n|move|p1b: Moonbert|Hyper Voice|p2b: Gholdengo|[spread] p2a,p2b\n|-damage|p2a: Amoonguss|24\/100\n|-damage|p2b: Gholdengo|0 fnt\n|faint|p2b: Gholdengo\n|\n|-damage|p1b: Moonbert|66\/100 brn|[from] brn\n|upkeep\n|c|\u2606KokoGian|good shit man\n|c|\u2606KokoGian|well played\n|c|\u2606TheRicoSuave|THANK YOU IM SCREAMING\n|\n|t:|1701123648\n|switch|p2b: Iron Hands|Iron Hands, L50|100\/100\n|turn|5\n|c|\u2606KokoGian|AHAHAH\n|c|\u2606KokoGian|terrific\n|inactive|KokoGian has 30 seconds left.\n|\n|t:|1701123682\n|move|p1b: Moonbert|Protect|p1b: Moonbert\n|-singleturn|p1b: Moonbert|Protect\n|move|p2b: Iron Hands|Fake Out|p1b: Moonbert\n|-activate|p1b: Moonbert|move: Protect\n|move|p1a: Dusclops|Will-O-Wisp|p2b: Iron Hands\n|-status|p2b: Iron Hands|brn\n|move|p2a: Amoonguss|Spore|p1a: Dusclops\n|-status|p1a: Dusclops|slp|[from] move: Spore\n|\n|-damage|p1b: Moonbert|60\/100 brn|[from] brn\n|-damage|p2b: Iron Hands|94\/100 brn|[from] brn\n|-fieldend|move: Trick Room\n|upkeep\n|turn|6\n|\n|t:|1701123702\n|switch|p1a: Chi-Yu|Chi-Yu, L50|100\/100\n|-ability|p1a: Chi-Yu|Beads of Ruin\n|move|p2b: Iron Hands|Drain Punch|p1b: Moonbert\n|-supereffective|p1b: Moonbert\n|-damage|p1b: Moonbert|31\/100 brn\n|-heal|p2b: Iron Hands|100\/100 brn|[from] drain|[of] p1b: Moonbert\n|move|p1b: Moonbert|Hyper Voice|p2b: Iron Hands|[spread] p2a,p2b\n|-damage|p2a: Amoonguss|0 fnt\n|-damage|p2b: Iron Hands|45\/100 brn\n|faint|p2a: Amoonguss\n|\n|-damage|p2b: Iron Hands|39\/100 brn|[from] brn\n|-damage|p1b: Moonbert|25\/100 brn|[from] brn\n|upkeep\n|turn|7\n|c|\u2606TheRicoSuave|gg!\n|c|\u2606KokoGian|ggs\n|inactive|KokoGian has 30 seconds left.\n|inactive|KokoGian has 20 seconds left.\n|inactive|KokoGian has 15 seconds left.\n|inactive|KokoGian has 10 seconds left.\n|inactive|KokoGian has 5 seconds left.\n|\n|t:|1701123757\n|move|p2b: Iron Hands|Fake Out||[still]\n|-hint|Fake Out only works on your first turn out.\n|-fail|p2b: Iron Hands\n|move|p1a: Chi-Yu|Overheat|p2b: Iron Hands\n|-damage|p2b: Iron Hands|0 fnt\n|-unboost|p1a: Chi-Yu|spa|2\n|faint|p2b: Iron Hands\n|-end|p2b: Iron Hands|Quark Drive|[silent]\n|\n|win|TheRicoSuave\n|raw|TheRicoSuave's rating: 1322 &rarr; <strong>1348<\/strong><br \/>(+26 for winning)\n|raw|KokoGian's rating: 1423 &rarr; <strong>1397<\/strong><br \/>(-26 for losing)\n","uploadtime":1701123766,"views":24,"p1id":"thericosuave","p2id":"kokogian","formatid":"gen9vgc2023regulatione","rating":1348,"private":0,"password":""}