{"id":"gen9vgc2023regulatione-1999812929","p1":"luizhsouza3","p2":"kavonpokebros","format":"[Gen 9] VGC 2023 Regulation E","log":"|j|\u2606luizhsouza3\n|j|\u2606kavonpokebros\n|t:|1701119050\n|gametype|doubles\n|player|p1|luizhsouza3|striker|1030\n|player|p2|kavonpokebros|worker-gen4|1086\n|teamsize|p1|6\n|teamsize|p2|6\n|gen|9\n|tier|[Gen 9] VGC 2023 Regulation E\n|rated|\n|rule|Species Clause: Limit one of each Pok\u00e9mon\n|rule|Item Clause: Limit one of each item\n|clearpoke\n|poke|p1|Typhlosion-Hisui, L50, M|\n|poke|p1|Kommo-o, L50, M|\n|poke|p1|Tyranitar, L50, F|\n|poke|p1|Gliscor, L50, F|\n|poke|p1|Empoleon, L50, M|\n|poke|p1|Ogerpon, L50, F|\n|poke|p2|Persian-Alola, L50, M|\n|poke|p2|Arcanine, L50, M|\n|poke|p2|Milotic, L50, M|\n|poke|p2|Mimikyu, L50, M|\n|poke|p2|Appletun, L50, M|\n|poke|p2|Sneasler, L50, F|\n|teampreview|4\n|inactive|Battle timer is ON: inactive players will automatically lose when time's up. (requested by luizhsouza3)\n|inactive|kavonpokebros has 60 seconds left.\n|\n|t:|1701119099\n|start\n|switch|p1a: Ogerpon|Ogerpon, L50, F|100\/100\n|switch|p1b: Empoleon|Empoleon, L50, M|100\/100\n|switch|p2a: Persian|Persian-Alola, L50, M|100\/100\n|switch|p2b: Sneasler|Sneasler, L50, F|100\/100\n|turn|1\n|\n|t:|1701119122\n|switch|p1b: Gliscor|Gliscor, L50, F|100\/100\n|-terastallize|p2b: Sneasler|Poison\n|move|p1a: Ogerpon|Spiky Shield|p1a: Ogerpon\n|-singleturn|p1a: Ogerpon|move: Protect\n|move|p2a: Persian|Fake Out|p1b: Gliscor\n|-damage|p1b: Gliscor|94\/100\n|move|p2b: Sneasler|Dire Claw|p1a: Ogerpon\n|-activate|p1a: Ogerpon|move: Protect\n|-damage|p2b: Sneasler|88\/100|[from] Spiky Shield|[of] p1a: Ogerpon\n|\n|-status|p1b: Gliscor|tox|[from] item: Toxic Orb\n|upkeep\n|turn|2\n|inactive|luizhsouza3 has 30 seconds left.\n|inactive|kavonpokebros has 30 seconds left.\n|inactive|kavonpokebros has 20 seconds left.\n|inactive|kavonpokebros has 15 seconds left.\n|\n|t:|1701119167\n|switch|p2a: Arcanine|Arcanine, L50, M|100\/100\n|-ability|p2a: Arcanine|Intimidate|boost\n|-unboost|p1a: Ogerpon|atk|1\n|-ability|p1a: Ogerpon|Defiant|boost\n|-boost|p1a: Ogerpon|atk|2\n|-enditem|p2a: Arcanine|Mirror Herb\n|-boost|p2a: Arcanine|atk|2|[from] item: Mirror Herb\n|-unboost|p1b: Gliscor|atk|1\n|switch|p1a: Empoleon|Empoleon, L50, M|100\/100\n|switch|p2b: Milotic|Milotic, L50, M|100\/100\n|move|p1b: Gliscor|Fling|p2b: Milotic\n|-damage|p2b: Milotic|95\/100\n|-status|p2b: Milotic|tox\n|-enditem|p1b: Gliscor|Toxic Orb|[from] move: Fling\n|\n|-heal|p1b: Gliscor|100\/100 tox|[from] ability: Poison Heal\n|-damage|p2b: Milotic|89\/100 tox|[from] psn\n|upkeep\n|turn|3\n|inactive|luizhsouza3 has 30 seconds left.\n|inactive|kavonpokebros has 30 seconds left.\n|\n|t:|1701119196\n|move|p2a: Arcanine|Protect|p2a: Arcanine\n|-singleturn|p2a: Arcanine|Protect\n|move|p1b: Gliscor|Acrobatics|p2b: Milotic\n|-damage|p2b: Milotic|63\/100 tox\n|move|p2b: Milotic|Scald|p1b: Gliscor\n|-supereffective|p1b: Gliscor\n|-damage|p1b: Gliscor|0 fnt\n|faint|p1b: Gliscor\n|move|p1a: Empoleon|Hydro Pump|p2a: Arcanine\n|-activate|p2a: Arcanine|move: Protect\n|\n|-damage|p2b: Milotic|51\/100 tox|[from] psn\n|upkeep\n|\n|t:|1701119206\n|switch|p1b: Kommo-o|Kommo-o, L50, M|100\/100\n|turn|4\n|inactive|kavonpokebros has 30 seconds left.\n|\n|t:|1701119234\n|-terastallize|p1b: Kommo-o|Normal\n|move|p1b: Kommo-o|Clangorous Soul|p1b: Kommo-o\n|-boost|p1b: Kommo-o|atk|1\n|-boost|p1b: Kommo-o|def|1\n|-boost|p1b: Kommo-o|spa|1\n|-boost|p1b: Kommo-o|spd|1\n|-boost|p1b: Kommo-o|spe|1\n|-damage|p1b: Kommo-o|68\/100\n|-enditem|p1b: Kommo-o|Throat Spray\n|-boost|p1b: Kommo-o|spa|1|[from] item: Throat Spray\n|move|p2a: Arcanine|Flare Blitz|p1a: Empoleon\n|-crit|p1a: Empoleon\n|-damage|p1a: Empoleon|0 fnt\n|faint|p1a: Empoleon\n|-damage|p2a: Arcanine|69\/100|[from] Recoil\n|move|p2b: Milotic|Scald|p1b: Kommo-o\n|-damage|p1b: Kommo-o|21\/100\n|\n|-damage|p2b: Milotic|33\/100 tox|[from] psn\n|upkeep\n|\n|t:|1701119254\n|switch|p1a: Ogerpon|Ogerpon, L50, F|100\/100\n|turn|5\n|\n|t:|1701119262\n|switch|p2b: Persian|Persian-Alola, L50, M|100\/100\n|move|p1a: Ogerpon|Spiky Shield|p1a: Ogerpon\n|-singleturn|p1a: Ogerpon|move: Protect\n|move|p2a: Arcanine|Extreme Speed|p1b: Kommo-o\n|-damage|p1b: Kommo-o|0 fnt\n|faint|p1b: Kommo-o\n|\n|upkeep\n|turn|6\n|\n|t:|1701119277\n|move|p2b: Persian|Fake Out|p1a: Ogerpon\n|-damage|p1a: Ogerpon|92\/100\n|cant|p1a: Ogerpon|flinch\n|move|p2a: Arcanine|Flare Blitz|p1a: Ogerpon\n|-supereffective|p1a: Ogerpon\n|-damage|p1a: Ogerpon|0 fnt\n|faint|p1a: Ogerpon\n|-damage|p2a: Arcanine|45\/100|[from] Recoil\n|\n|win|kavonpokebros\n|raw|luizhsouza3's rating: 1030 &rarr; <strong>1018<\/strong><br \/>(-12 for losing)\n|raw|kavonpokebros's rating: 1086 &rarr; <strong>1109<\/strong><br \/>(+23 for winning)\n|l|\u2606luizhsouza3\n","uploadtime":1701119290,"views":15,"p1id":"luizhsouza3","p2id":"kavonpokebros","formatid":"gen9vgc2023regulatione","rating":1018,"private":0,"password":""}