{"id":"gen9vgc2023regulatione-1999635324","p1":"Ozwald McFly","p2":"Alex1999a.","format":"[Gen 9] VGC 2023 Regulation E","log":"|j|\u2606Ozwald McFly\n|j|\u2606Alex1999a.\n|t:|1701103232\n|gametype|doubles\n|player|p1|Ozwald McFly|2|1342\n|player|p2|Alex1999a.|lucas|1431\n|teamsize|p1|6\n|teamsize|p2|6\n|gen|9\n|tier|[Gen 9] VGC 2023 Regulation E\n|rated|\n|rule|Species Clause: Limit one of each Pok\u00e9mon\n|rule|Item Clause: Limit one of each item\n|clearpoke\n|poke|p1|Noctowl, L50, F|\n|poke|p1|Sandy Shocks, L50|\n|poke|p1|Espeon, L50, F|\n|poke|p1|Indeedee-F, L50, F|\n|poke|p1|Iron Hands, L50|\n|poke|p1|Decidueye-Hisui, L50, M|\n|poke|p2|Cresselia, L50, F|\n|poke|p2|Amoonguss, L50, M|\n|poke|p2|Iron Hands, L50|\n|poke|p2|Ursaluna, L50, F|\n|poke|p2|Flutter Mane, L50|\n|poke|p2|Chi-Yu, L50|\n|teampreview|4\n|inactive|Battle timer is ON: inactive players will automatically lose when time's up. (requested by Alex1999a.)\n|\n|t:|1701103250\n|start\n|switch|p1a: Espeon|Espeon, L50, F|100\/100\n|switch|p1b: Indeedee|Indeedee-F, L50, F|100\/100\n|switch|p2a: Cresselia|Cresselia, L50, F|100\/100\n|switch|p2b: Chi-Yu|Chi-Yu, L50|100\/100\n|-ability|p2b: Chi-Yu|Beads of Ruin\n|-fieldstart|move: Psychic Terrain|[from] ability: Psychic Surge|[of] p1b: Indeedee\n|turn|1\n|inactive|Ozwald McFly has 30 seconds left.\n|\n|t:|1701103279\n|-terastallize|p2b: Chi-Yu|Fire\n|-terastallize|p1a: Espeon|Fairy\n|move|p2a: Cresselia|Helping Hand|p2b: Chi-Yu\n|-singleturn|p2b: Chi-Yu|Helping Hand|[of] p2a: Cresselia\n|move|p1b: Indeedee|Helping Hand|p1a: Espeon\n|-singleturn|p1a: Espeon|Helping Hand|[of] p1b: Indeedee\n|move|p2b: Chi-Yu|Heat Wave|p1a: Espeon|[spread] p1a,p1b\n|-crit|p1a: Espeon\n|-enditem|p1a: Espeon|Focus Sash\n|-damage|p1a: Espeon|1\/100\n|-damage|p1b: Indeedee|18\/100\n|-enditem|p1b: Indeedee|Sitrus Berry|[eat]\n|-heal|p1b: Indeedee|43\/100|[from] item: Sitrus Berry\n|move|p1a: Espeon|Dazzling Gleam|p2a: Cresselia|[spread] p2a,p2b\n|-resisted|p2b: Chi-Yu\n|-damage|p2a: Cresselia|66\/100\n|-damage|p2b: Chi-Yu|74\/100\n|\n|upkeep\n|turn|2\n|inactive|Ozwald McFly has 30 seconds left.\n|\n|t:|1701103305\n|move|p2b: Chi-Yu|Heat Wave|p1b: Indeedee|[spread] p1a,p1b\n|-damage|p1a: Espeon|0 fnt\n|-damage|p1b: Indeedee|0 fnt\n|faint|p1a: Espeon\n|faint|p1b: Indeedee\n|move|p2a: Cresselia|Trick Room|p2a: Cresselia\n|-fieldstart|move: Trick Room|[of] p2a: Cresselia\n|\n|upkeep\n|\n|t:|1701103312\n|switch|p1b: Decidueye|Decidueye-Hisui, L50, M, shiny|100\/100\n|switch|p1a: Iron Hands|Iron Hands, L50|100\/100\n|turn|3\n|\n|t:|1701103337\n|switch|p2a: Iron Hands|Iron Hands, L50|100\/100\n|switch|p2b: Ursaluna|Ursaluna, L50, F|100\/100\n|move|p1a: Iron Hands|Heavy Slam|p2a: Iron Hands\n|-resisted|p2a: Iron Hands\n|-damage|p2a: Iron Hands|95\/100\n|move|p1b: Decidueye|Triple Arrows|p2b: Ursaluna\n|-supereffective|p2b: Ursaluna\n|-damage|p2b: Ursaluna|32\/100\n|\n|-status|p2b: Ursaluna|brn|[from] item: Flame Orb\n|upkeep\n|turn|4\n|inactive|Ozwald McFly has 30 seconds left.\n|\n|t:|1701103370\n|move|p1b: Decidueye|Protect|p1b: Decidueye\n|-singleturn|p1b: Decidueye|Protect\n|move|p1a: Iron Hands|Earthquake|p2b: Ursaluna|[spread] p2a,p2b\n|-activate|p1b: Decidueye|move: Protect\n|-supereffective|p2a: Iron Hands\n|-damage|p2a: Iron Hands|55\/100\n|-damage|p2b: Ursaluna|11\/100 brn\n|move|p2b: Ursaluna|Facade|p1b: Decidueye\n|-activate|p1b: Decidueye|move: Protect\n|move|p2a: Iron Hands|Drain Punch|p1a: Iron Hands\n|-damage|p1a: Iron Hands|70\/100\n|-heal|p2a: Iron Hands|70\/100|[from] drain|[of] p1a: Iron Hands\n|\n|-damage|p2b: Ursaluna|5\/100 brn|[from] brn\n|upkeep\n|turn|5\n|inactive|Alex1999a. has 30 seconds left.\n|\n|t:|1701103401\n|move|p1a: Iron Hands|Drain Punch|p2b: Ursaluna\n|-supereffective|p2b: Ursaluna\n|-damage|p2b: Ursaluna|0 fnt\n|-heal|p1a: Iron Hands|72\/100|[from] drain|[of] p2b: Ursaluna\n|faint|p2b: Ursaluna\n|move|p2a: Iron Hands|Fire Punch|p1b: Decidueye\n|-supereffective|p1b: Decidueye\n|-damage|p1b: Decidueye|38\/100\n|move|p1b: Decidueye|Triple Arrows|p2a: Iron Hands\n|-damage|p2a: Iron Hands|41\/100\n|\n|-fieldend|move: Psychic Terrain\n|upkeep\n|\n|t:|1701103412\n|switch|p2b: Cresselia|Cresselia, L50, F|66\/100\n|turn|6\n|c|\u2606Alex1999a.|worst trick room of my life\n|\n|t:|1701103429\n|move|p1b: Decidueye|Protect|p1b: Decidueye\n|-singleturn|p1b: Decidueye|Protect\n|move|p1a: Iron Hands|Drain Punch|p2a: Iron Hands\n|-damage|p2a: Iron Hands|9\/100\n|-heal|p1a: Iron Hands|88\/100|[from] drain|[of] p2a: Iron Hands\n|move|p2a: Iron Hands|Fire Punch|p1b: Decidueye\n|-activate|p1b: Decidueye|move: Protect\n|move|p2b: Cresselia|Lunar Blessing|p2b: Cresselia|[spread] p2a,p2b\n|-heal|p2a: Iron Hands|34\/100\n|-heal|p2b: Cresselia|91\/100\n|\n|-fieldend|move: Trick Room\n|upkeep\n|turn|7\n|\n|t:|1701103446\n|move|p2b: Cresselia|Psychic|p1b: Decidueye\n|-supereffective|p1b: Decidueye\n|-damage|p1b: Decidueye|0 fnt\n|faint|p1b: Decidueye\n|move|p2a: Iron Hands|Fire Punch|p1a: Iron Hands\n|-damage|p1a: Iron Hands|68\/100\n|move|p1a: Iron Hands|Drain Punch|p2a: Iron Hands\n|-damage|p2a: Iron Hands|3\/100\n|-heal|p1a: Iron Hands|83\/100|[from] drain|[of] p2a: Iron Hands\n|\n|upkeep\n|turn|8\n|\n|t:|1701103458\n|move|p2b: Cresselia|Psychic|p1a: Iron Hands\n|-supereffective|p1a: Iron Hands\n|-damage|p1a: Iron Hands|56\/100\n|move|p2a: Iron Hands|Drain Punch|p1a: Iron Hands\n|-damage|p1a: Iron Hands|23\/100\n|-heal|p2a: Iron Hands|19\/100|[from] drain|[of] p1a: Iron Hands\n|move|p1a: Iron Hands|Drain Punch|p2a: Iron Hands\n|-damage|p2a: Iron Hands|0 fnt\n|-heal|p1a: Iron Hands|33\/100|[from] drain|[of] p2a: Iron Hands\n|faint|p2a: Iron Hands\n|-end|p2a: Iron Hands|Quark Drive|[silent]\n|\n|upkeep\n|c|\u2606Alex1999a.|gg\n|\n|t:|1701103469\n|switch|p2a: Chi-Yu|Chi-Yu, L50, tera:Fire|74\/100\n|-ability|p2a: Chi-Yu|Beads of Ruin\n|turn|9\n|\n|t:|1701103475\n|move|p2a: Chi-Yu|Flamethrower|p1a: Iron Hands\n|-damage|p1a: Iron Hands|0 fnt\n|faint|p1a: Iron Hands\n|-end|p1a: Iron Hands|Quark Drive|[silent]\n|\n|win|Alex1999a.\n|raw|Ozwald McFly's rating: 1342 &rarr; <strong>1327<\/strong><br \/>(-15 for losing)\n|raw|Alex1999a.'s rating: 1431 &rarr; <strong>1446<\/strong><br \/>(+15 for winning)\n|l|\u2606Alex1999a.\n","uploadtime":1701103483,"views":1,"p1id":"ozwaldmcfly","p2id":"alex1999a","formatid":"gen9vgc2023regulatione","rating":1327,"private":0,"password":""}