{"id":"gen9vgc2023regulatione-1993424236","p1":"tapuleleyyds","p2":"ikuyoikuyo","format":"[Gen 9] VGC 2023 Regulation E","log":"|j|\u2606tapuleleyyds\n|j|\u2606ikuyoikuyo\n|n|\u2606tapuleleyyds|tapuleleyyds\n|n|\u2606ikuyoikuyo|ikuyoikuyo\n|html|View the match progress at <a href=\"\/game-bestof3-gen9vgc2023regulatione-1993424235\">game-bestof3-gen9vgc2023regulatione-1993424235<\/a>\n|t:|1700316091\n|gametype|doubles\n|player|p1|tapuleleyyds|caitlin|\n|player|p2|ikuyoikuyo|dawn-masters3|\n|teamsize|p1|6\n|teamsize|p2|6\n|gen|9\n|tier|[Gen 9] VGC 2023 Regulation E\n|rule|Species Clause: Limit one of each Pok\u00e9mon\n|rule|Item Clause: Limit one of each item\n|clearpoke\n|poke|p1|Tornadus, L50, M|\n|poke|p1|Arcanine-Hisui, L50, F|\n|poke|p1|Chi-Yu, L50|\n|poke|p1|Ogerpon-Wellspring, L50, F|\n|poke|p1|Flutter Mane, L50|\n|poke|p1|Iron Hands, L50|\n|poke|p2|Roaring Moon, L50|\n|poke|p2|Ogerpon, L50, F|\n|poke|p2|Arcanine-Hisui, L50, F|\n|poke|p2|Urshifu-*, L50, F|\n|poke|p2|Thundurus-Therian, L50, M|\n|poke|p2|Gholdengo, L50|\n|teampreview|4\n|\n|t:|1700316135\n|start\n|switch|p1a: Flutter Mane|Flutter Mane, L50|100\/100\n|switch|p1b: Tornadus|Tornadus, L50, M|100\/100\n|switch|p2a: Roaring Moon|Roaring Moon, L50|100\/100\n|switch|p2b: Arcanine|Arcanine-Hisui, L50, F|100\/100\n|-ability|p2b: Arcanine|Intimidate|boost\n|-unboost|p1a: Flutter Mane|atk|1\n|-unboost|p1b: Tornadus|atk|1\n|-enditem|p2a: Roaring Moon|Booster Energy\n|-activate|p2a: Roaring Moon|ability: Protosynthesis|[fromitem]\n|-start|p2a: Roaring Moon|protosynthesisspe\n|turn|1\n|\n|t:|1700316144\n|-end|p1a: Flutter Mane|Protosynthesis|[silent]\n|switch|p1a: Iron Hands|Iron Hands, L50|100\/100\n|-terastallize|p2a: Roaring Moon|Poison\n|move|p1b: Tornadus|Protect|p1b: Tornadus\n|-singleturn|p1b: Tornadus|Protect\n|move|p2a: Roaring Moon|Tailwind|p2a: Roaring Moon\n|-sidestart|p2: ikuyoikuyo|move: Tailwind\n|move|p2b: Arcanine|Rock Slide|p1b: Tornadus|[spread] p1a\n|-activate|p1b: Tornadus|move: Protect\n|-resisted|p1a: Iron Hands\n|-damage|p1a: Iron Hands|86\/100\n|\n|upkeep\n|turn|2\n|\n|t:|1700316165\n|move|p1a: Iron Hands|Fake Out|p2a: Roaring Moon\n|-damage|p2a: Roaring Moon|82\/100\n|move|p1b: Tornadus|Tailwind|p1b: Tornadus\n|-sidestart|p1: tapuleleyyds|move: Tailwind\n|cant|p2a: Roaring Moon|flinch\n|move|p2b: Arcanine|Rock Slide|p1b: Tornadus|[spread] p1a,p1b\n|-resisted|p1a: Iron Hands\n|-supereffective|p1b: Tornadus\n|-damage|p1a: Iron Hands|71\/100\n|-damage|p1b: Tornadus|4\/100\n|\n|upkeep\n|turn|3\n|\n|t:|1700316186\n|move|p1b: Tornadus|Protect|p1b: Tornadus\n|-singleturn|p1b: Tornadus|Protect\n|move|p2a: Roaring Moon|Breaking Swipe|p1b: Tornadus|[spread] p1a\n|-activate|p1b: Tornadus|move: Protect\n|-damage|p1a: Iron Hands|55\/100\n|-unboost|p1a: Iron Hands|atk|1\n|move|p2b: Arcanine|Rock Slide|p1b: Tornadus|[spread] p1a\n|-activate|p1b: Tornadus|move: Protect\n|-resisted|p1a: Iron Hands\n|-damage|p1a: Iron Hands|41\/100\n|move|p1a: Iron Hands|Drain Punch|p2b: Arcanine\n|-supereffective|p2b: Arcanine\n|-damage|p2b: Arcanine|41\/100\n|-heal|p1a: Iron Hands|65\/100|[from] drain|[of] p2b: Arcanine\n|\n|upkeep\n|turn|4\n|\n|t:|1700316213\n|switch|p1b: Ogerpon|Ogerpon-Wellspring, L50, F|100\/100\n|switch|p2b: Ogerpon|Ogerpon, L50, F|100\/100\n|move|p2a: Roaring Moon|Breaking Swipe|p1b: Ogerpon|[spread] p1a,p1b\n|-damage|p1a: Iron Hands|50\/100\n|-damage|p1b: Ogerpon|76\/100\n|-unboost|p1a: Iron Hands|atk|1\n|-unboost|p1b: Ogerpon|atk|1\n|move|p1a: Iron Hands|Drain Punch|p2b: Ogerpon\n|-crit|p2b: Ogerpon\n|-damage|p2b: Ogerpon|26\/100\n|-heal|p1a: Iron Hands|76\/100|[from] drain|[of] p2b: Ogerpon\n|\n|-sideend|p2: ikuyoikuyo|move: Tailwind\n|upkeep\n|turn|5\n|\n|t:|1700316245\n|move|p1b: Ogerpon|Spiky Shield|p1b: Ogerpon\n|-singleturn|p1b: Ogerpon|move: Protect\n|move|p2a: Roaring Moon|Breaking Swipe|p1a: Iron Hands|[spread] p1a\n|-activate|p1b: Ogerpon|move: Protect\n|-damage|p2a: Roaring Moon|70\/100|[from] Spiky Shield|[of] p1b: Ogerpon\n|-damage|p1a: Iron Hands|61\/100\n|-unboost|p1a: Iron Hands|atk|1\n|move|p2b: Ogerpon|Ivy Cudgel|p1a: Iron Hands\n|-crit|p1a: Iron Hands\n|-damage|p1a: Iron Hands|7\/100\n|move|p1a: Iron Hands|Wild Charge|p2a: Roaring Moon\n|-damage|p2a: Roaring Moon|44\/100\n|-damage|p1a: Iron Hands|2\/100|[from] Recoil\n|\n|-sideend|p1: tapuleleyyds|move: Tailwind\n|upkeep\n|turn|6\n|l|\u2606tapuleleyyds\n|player|p1|\n|j|\u2606tapuleleyyds\n|player|p1|tapuleleyyds|caitlin\n|\n|t:|1700316547\n|-end|p1a: Iron Hands|Quark Drive|[silent]\n|switch|p1a: Flutter Mane|Flutter Mane, L50|100\/100\n|move|p2a: Roaring Moon|Tailwind|p2a: Roaring Moon\n|-sidestart|p2: ikuyoikuyo|move: Tailwind\n|move|p2b: Ogerpon|Ivy Cudgel|p1b: Ogerpon\n|-crit|p1b: Ogerpon\n|-damage|p1b: Ogerpon|0 fnt\n|faint|p1b: Ogerpon\n|\n|upkeep\n|\n|t:|1700316564\n|switch|p1b: Tornadus|Tornadus, L50, M|4\/100\n|turn|7\n|\n|t:|1700316600\n|move|p2b: Ogerpon|Spiky Shield|p2b: Ogerpon\n|-singleturn|p2b: Ogerpon|move: Protect\n|move|p1b: Tornadus|Tailwind|p1b: Tornadus\n|-sidestart|p1: tapuleleyyds|move: Tailwind\n|move|p2a: Roaring Moon|Knock Off|p1a: Flutter Mane\n|-damage|p1a: Flutter Mane|24\/100\n|-enditem|p1a: Flutter Mane|Choice Specs|[from] move: Knock Off|[of] p2a: Roaring Moon\n|move|p1a: Flutter Mane|Shadow Ball|p2a: Roaring Moon\n|-damage|p2a: Roaring Moon|5\/100\n|\n|upkeep\n|turn|8\n|c|\u2606tapuleleyyds|\u7ef7\n|c|\u2606tapuleleyyds|ct\u72d7\n|\n|t:|1700316648\n|move|p2a: Roaring Moon|Breaking Swipe|p1b: Tornadus|[spread] p1b\n|-immune|p1a: Flutter Mane\n|-damage|p1b: Tornadus|0 fnt\n|faint|p1b: Tornadus\n|move|p1a: Flutter Mane|Dazzling Gleam|p2a: Roaring Moon|[spread] p2a,p2b\n|-resisted|p2a: Roaring Moon\n|-damage|p2a: Roaring Moon|0 fnt\n|-damage|p2b: Ogerpon|0 fnt\n|faint|p2a: Roaring Moon\n|-end|p2a: Roaring Moon|Protosynthesis|[silent]\n|faint|p2b: Ogerpon\n|\n|upkeep\n|\n|t:|1700316663\n|switch|p2a: Urshifu|Urshifu-Rapid-Strike, L50, F|100\/100\n|switch|p2b: Arcanine|Arcanine-Hisui, L50, F|41\/100\n|switch|p1b: Iron Hands|Iron Hands, L50|2\/100\n|-ability|p2b: Arcanine|Intimidate|boost\n|-unboost|p1a: Flutter Mane|atk|1\n|-unboost|p1b: Iron Hands|atk|1\n|turn|9\n|\n|t:|1700316736\n|-terastallize|p1a: Flutter Mane|Fairy\n|move|p2a: Urshifu|Detect|p2a: Urshifu\n|-singleturn|p2a: Urshifu|Protect\n|move|p1b: Iron Hands|Fake Out|p2b: Arcanine\n|-resisted|p2b: Arcanine\n|-damage|p2b: Arcanine|36\/100\n|cant|p2b: Arcanine|flinch\n|move|p1a: Flutter Mane|Dazzling Gleam|p2b: Arcanine|[spread] p2b\n|-activate|p2a: Urshifu|move: Protect\n|-resisted|p2b: Arcanine\n|-damage|p2b: Arcanine|13\/100\n|\n|-sideend|p2: ikuyoikuyo|move: Tailwind\n|upkeep\n|turn|10\n|\n|t:|1700316773\n|move|p2b: Arcanine|Extreme Speed|p1a: Flutter Mane\n|-damage|p1a: Flutter Mane|0 fnt\n|faint|p1a: Flutter Mane\n|-end|p1a: Flutter Mane|Protosynthesis|[silent]\n|move|p1b: Iron Hands|Drain Punch|p2a: Urshifu\n|-crit|p2a: Urshifu\n|-damage|p2a: Urshifu|48\/100\n|-heal|p1b: Iron Hands|24\/100|[from] drain|[of] p2a: Urshifu\n|move|p2a: Urshifu|Surging Strikes|p1b: Iron Hands\n|-crit|p1b: Iron Hands\n|-damage|p1b: Iron Hands|9\/100\n|-crit|p1b: Iron Hands\n|-damage|p1b: Iron Hands|0 fnt\n|faint|p1b: Iron Hands\n|-end|p1b: Iron Hands|Quark Drive|[silent]\n|-hitcount|p1: Iron Hands|2\n|\n|win|ikuyoikuyo\n|inactive|tapuleleyyds has 50 seconds to confirm battle start!\n|inactive|ikuyoikuyo has 50 seconds to confirm battle start!\n|inactive|tapuleleyyds has 40 seconds to confirm battle start!\n|inactive|ikuyoikuyo has 40 seconds to confirm battle start!\n|inactive|tapuleleyyds has 30 seconds to confirm battle start!\n|inactive|ikuyoikuyo has 30 seconds to confirm battle start!\n|inactive|tapuleleyyds has 20 seconds to confirm battle start!\n|inactive|ikuyoikuyo has 20 seconds to confirm battle start!\n|inactive|tapuleleyyds has 10 seconds to confirm battle start!\n|inactive|ikuyoikuyo has 10 seconds to confirm battle start!\nBoth players are ready! Starting next match!\n","uploadtime":1700317169,"views":10,"p1id":"tapuleleyyds","p2id":"ikuyoikuyo","formatid":"gen9vgc2023regulatione","rating":0,"private":0,"password":""}