{"id":"gen9vgc2023regulatione-2000276015","p1":"16bitsmitty","p2":"Prodejay","format":"[Gen 9] VGC 2023 Regulation E","log":"|j|\u260616bitsmitty\n|j|\u2606Prodejay\n|t:|1701180388\n|gametype|doubles\n|player|p1|16bitsmitty|pokemaniac|1085\n|player|p2|Prodejay|2|1017\n|teamsize|p1|6\n|teamsize|p2|6\n|gen|9\n|tier|[Gen 9] VGC 2023 Regulation E\n|rated|\n|rule|Species Clause: Limit one of each Pok\u00e9mon\n|rule|Item Clause: Limit one of each item\n|clearpoke\n|poke|p1|Dondozo, L50, M|\n|poke|p1|Tatsugiri, L50, F|\n|poke|p1|Glimmora, L50, F|\n|poke|p1|Ninetales-Alola, L50, F|\n|poke|p1|Iron Hands, L50|\n|poke|p1|Ogerpon-Hearthflame, L50, F|\n|poke|p2|Braviary-Hisui, L50, M|\n|poke|p2|Volbeat, L50, M|\n|poke|p2|Politoed, L50, F|\n|poke|p2|Basculegion, L50, M|\n|poke|p2|Clodsire, L50, F|\n|poke|p2|Iron Hands, L50|\n|teampreview|4\n|inactive|Battle timer is ON: inactive players will automatically lose when time's up. (requested by 16bitsmitty)\n|\n|t:|1701180436\n|start\n|switch|p1a: Glimmora|Glimmora, L50, F|100\/100\n|switch|p1b: Ninetales|Ninetales-Alola, L50, F|100\/100\n|switch|p2a: Volbeat|Volbeat, L50, M|100\/100\n|switch|p2b: Braviary|Braviary-Hisui, L50, M|100\/100\n|-weather|Snow|[from] ability: Snow Warning|[of] p1b: Ninetales\n|turn|1\n|\n|t:|1701180460\n|-terastallize|p1b: Ninetales|Ghost\n|-terastallize|p2b: Braviary|Psychic\n|move|p1a: Glimmora|Spiky Shield|p1a: Glimmora\n|-singleturn|p1a: Glimmora|move: Protect\n|move|p2a: Volbeat|Rain Dance|p2a: Volbeat\n|-weather|RainDance\n|move|p1b: Ninetales|Aurora Veil||[still]\n|-fail|p1b: Ninetales\n|move|p2b: Braviary|Esper Wing|p1b: Ninetales\n|-damage|p1b: Ninetales|16\/100\n|-boost|p2b: Braviary|spe|1\n|\n|-weather|RainDance|[upkeep]\n|upkeep\n|turn|2\n|\n|t:|1701180484\n|move|p1b: Ninetales|Protect|p1b: Ninetales\n|-singleturn|p1b: Ninetales|Protect\n|move|p2a: Volbeat|Encore|p1a: Glimmora\n|-start|p1a: Glimmora|Encore\n|move|p2b: Braviary|Esper Wing|p1b: Ninetales\n|-activate|p1b: Ninetales|move: Protect\n|move|p1a: Glimmora|Spiky Shield||[still]\n|-fail|p1a: Glimmora\n|\n|-weather|RainDance|[upkeep]\n|upkeep\n|turn|3\n|\n|t:|1701180502\n|switch|p1b: Tatsugiri|Tatsugiri, L50, F|100\/100\n|switch|p1a: Dondozo|Dondozo, L50, M|100\/100\n|-activate|p1b: Tatsugiri|ability: Commander|[of] p1a: Dondozo\n|-boost|p1a: Dondozo|atk|2\n|-boost|p1a: Dondozo|spa|2\n|-boost|p1a: Dondozo|spe|2\n|-boost|p1a: Dondozo|def|2\n|-boost|p1a: Dondozo|spd|2\n|move|p2a: Volbeat|Encore|p1b: Tatsugiri|[miss]\n|-miss|p2a: Volbeat|p1b: Tatsugiri\n|move|p2b: Braviary|Esper Wing|p1b: Tatsugiri|[miss]\n|-miss|p2b: Braviary|p1b: Tatsugiri\n|\n|-weather|RainDance|[upkeep]\n|upkeep\n|turn|4\n|inactive|Prodejay has 30 seconds left.\n|inactive|Prodejay has 20 seconds left.\n|inactive|Prodejay has 15 seconds left.\n|\n|t:|1701180546\n|switch|p2a: Iron Hands|Iron Hands, L50|100\/100\n|-enditem|p2a: Iron Hands|Booster Energy\n|-activate|p2a: Iron Hands|ability: Quark Drive|[fromitem]\n|-start|p2a: Iron Hands|quarkdriveatk\n|move|p1a: Dondozo|Order Up|p2a: Iron Hands\n|-damage|p2a: Iron Hands|68\/100\n|-boost|p1a: Dondozo|atk|1\n|move|p2b: Braviary|Esper Wing|p1a: Dondozo\n|-damage|p1a: Dondozo|56\/100\n|-boost|p2b: Braviary|spe|1\n|\n|-weather|RainDance|[upkeep]\n|-heal|p1a: Dondozo|62\/100|[from] item: Leftovers\n|upkeep\n|turn|5\n|\n|t:|1701180562\n|move|p2a: Iron Hands|Fake Out|p1a: Dondozo\n|-damage|p1a: Dondozo|54\/100\n|cant|p1a: Dondozo|flinch\n|move|p2b: Braviary|Esper Wing|p1a: Dondozo\n|-damage|p1a: Dondozo|9\/100\n|-boost|p2b: Braviary|spe|1\n|\n|-weather|none\n|-heal|p1a: Dondozo|15\/100|[from] item: Leftovers\n|upkeep\n|turn|6\n|\n|t:|1701180574\n|-end|p2a: Iron Hands|Quark Drive|[silent]\n|switch|p2a: Volbeat|Volbeat, L50, M|100\/100\n|move|p2b: Braviary|Esper Wing|p1a: Dondozo\n|-damage|p1a: Dondozo|0 fnt\n|-boost|p2b: Braviary|spe|1\n|faint|p1a: Dondozo\n|\n|upkeep\n|\n|t:|1701180584\n|switch|p1a: Glimmora|Glimmora, L50, F|100\/100\n|turn|7\n|\n|t:|1701180598\n|move|p2a: Volbeat|Taunt|p1b: Tatsugiri\n|-start|p1b: Tatsugiri|move: Taunt\n|move|p2b: Braviary|Esper Wing|p1a: Glimmora\n|-supereffective|p1a: Glimmora\n|-damage|p1a: Glimmora|0 fnt\n|-boost|p2b: Braviary|spe|1\n|faint|p1a: Glimmora\n|move|p1b: Tatsugiri|Muddy Water|p2b: Braviary|[spread] p2a,p2b\n|-damage|p2a: Volbeat|77\/100\n|-damage|p2b: Braviary|67\/100\n|-unboost|p2b: Braviary|accuracy|1\n|\n|upkeep\n|\n|t:|1701180609\n|switch|p1a: Ninetales|Ninetales-Alola, L50, F, tera:Ghost|16\/100\n|-weather|Snow|[from] ability: Snow Warning|[of] p1a: Ninetales\n|turn|8\n|\n|t:|1701180615\n|move|p2a: Volbeat|Rain Dance|p2a: Volbeat\n|-weather|RainDance\n|move|p2b: Braviary|Esper Wing|p1b: Tatsugiri\n|-damage|p1b: Tatsugiri|0 fnt\n|-boost|p2b: Braviary|spe|1\n|faint|p1b: Tatsugiri\n|move|p1a: Ninetales|Blizzard|p2b: Braviary|[spread] p2a,p2b\n|-damage|p2a: Volbeat|55\/100\n|-damage|p2b: Braviary|39\/100\n|\n|-weather|RainDance|[upkeep]\n|upkeep\n|turn|9\n|c|\u260616bitsmitty|gg\n|\n|t:|1701180632\n|move|p2a: Volbeat|Taunt|p1a: Ninetales\n|-start|p1a: Ninetales|move: Taunt\n|move|p2b: Braviary|Esper Wing|p1a: Ninetales|[miss]\n|-miss|p2b: Braviary|p1a: Ninetales\n|move|p1a: Ninetales|Blizzard|p2b: Braviary|[spread] p2a\n|-miss|p1a: Ninetales|p2b: Braviary\n|-damage|p2a: Volbeat|36\/100\n|\n|-weather|RainDance|[upkeep]\n|upkeep\n|turn|10\n|c|\u2606Prodejay|gg\n|-message|16bitsmitty forfeited.\n|\n|win|Prodejay\n|raw|16bitsmitty's rating: 1085 &rarr; <strong>1058<\/strong><br \/>(-27 for losing)\n|raw|Prodejay's rating: 1017 &rarr; <strong>1062<\/strong><br \/>(+45 for winning)\n|l|\u260616bitsmitty\n","uploadtime":1701180651,"views":2,"p1id":"16bitsmitty","p2id":"prodejay","formatid":"gen9vgc2023regulatione","rating":1058,"private":0,"password":""}