{"id":"gen9vgc2023regulatione-2000203405","p1":"brunikolas","p2":"muehlbel","format":"[Gen 9] VGC 2023 Regulation E","log":"|j|\u2606brunikolas\n|j|\u2606muehlbel\n|t:|1701171603\n|gametype|doubles\n|player|p1|brunikolas|1|1132\n|player|p2|muehlbel|veteran|1006\n|teamsize|p1|6\n|teamsize|p2|6\n|gen|9\n|tier|[Gen 9] VGC 2023 Regulation E\n|rated|\n|rule|Species Clause: Limit one of each Pok\u00e9mon\n|rule|Item Clause: Limit one of each item\n|clearpoke\n|poke|p1|Dragonite, L50, M|\n|poke|p1|Weezing-Galar, L50, F|\n|poke|p1|Zoroark-Hisui, L50, M|\n|poke|p1|Iron Hands, L50|\n|poke|p1|Flutter Mane, L50|\n|poke|p1|Roaring Moon, L50|\n|poke|p2|Chien-Pao, L50|\n|poke|p2|Dragapult, L50, M|\n|poke|p2|Heatran, L50, M|\n|poke|p2|Farigiraf, L50, F|\n|poke|p2|Rillaboom, L50, F|\n|poke|p2|Urshifu-*, L50, F|\n|teampreview|4\nmuehlbel rejected open team sheets.\n|\n|t:|1701171688\n|start\n|switch|p1a: Weezing|Weezing-Galar, L50, F|100\/100\n|switch|p1b: Flutter Mane|Flutter Mane, L50|100\/100\n|switch|p2a: Chien-Pao|Chien-Pao, L50|100\/100\n|switch|p2b: Urshifu|Urshifu-Rapid-Strike, L50, F|100\/100\n|-ability|p1a: Weezing|Neutralizing Gas\n|turn|1\n|inactive|Battle timer is ON: inactive players will automatically lose when time's up. (requested by muehlbel)\n|inactive|brunikolas has 60 seconds left.\n|\n|t:|1701171725\n|-terastallize|p1b: Flutter Mane|Fairy\n|move|p2b: Urshifu|U-turn|p1b: Flutter Mane\n|-resisted|p1b: Flutter Mane\n|-damage|p1b: Flutter Mane|81\/100\n|\n|t:|1701171730\n|switch|p2b: Farigiraf|Farigiraf, L50, F|100\/100|[from] U-turn\n|move|p2a: Chien-Pao|Icicle Crash|p1b: Flutter Mane\n|-damage|p1b: Flutter Mane|0 fnt\n|faint|p1b: Flutter Mane\n|-end|p1b: Flutter Mane|Protosynthesis|[silent]\n|move|p1a: Weezing|Dazzling Gleam|p2a: Chien-Pao|[spread] p2a,p2b\n|-supereffective|p2a: Chien-Pao\n|-damage|p2a: Chien-Pao|42\/100\n|-damage|p2b: Farigiraf|82\/100\n|\n|upkeep\n|\n|t:|1701171744\n|switch|p1b: Iron Hands|Iron Hands, L50|100\/100\n|turn|2\n|\n|t:|1701171759\n|move|p2a: Chien-Pao|Protect|p2a: Chien-Pao\n|-singleturn|p2a: Chien-Pao|Protect\n|move|p1b: Iron Hands|Fake Out|p2b: Farigiraf\n|-damage|p2b: Farigiraf|70\/100\n|-damage|p1b: Iron Hands|84\/100|[from] item: Rocky Helmet|[of] p2b: Farigiraf\n|cant|p2b: Farigiraf|flinch\n|move|p1a: Weezing|Dazzling Gleam|p2a: Chien-Pao|[spread] p2b\n|-activate|p2a: Chien-Pao|move: Protect\n|-damage|p2b: Farigiraf|50\/100\n|\n|upkeep\n|turn|3\n|inactive|brunikolas has 30 seconds left.\n|\n|t:|1701171787\n|move|p2a: Chien-Pao|Icicle Crash|p1a: Weezing\n|-damage|p1a: Weezing|65\/100\n|move|p2b: Farigiraf|Dazzling Gleam|p1a: Weezing|[spread] p1a,p1b\n|-resisted|p1a: Weezing\n|-supereffective|p1b: Iron Hands\n|-damage|p1a: Weezing|56\/100\n|-damage|p1b: Iron Hands|65\/100\n|move|p1a: Weezing|Destiny Bond|p1a: Weezing\n|-singlemove|p1a: Weezing|Destiny Bond\n|move|p1b: Iron Hands|Drain Punch|p2a: Chien-Pao\n|-supereffective|p2a: Chien-Pao\n|-damage|p2a: Chien-Pao|0 fnt\n|-heal|p1b: Iron Hands|79\/100|[from] drain|[of] p2a: Chien-Pao\n|faint|p2a: Chien-Pao\n|\n|-heal|p1a: Weezing|62\/100|[from] item: Leftovers\n|upkeep\n|\n|t:|1701171807\n|switch|p2a: Heatran|Heatran, L50, M, shiny|100\/100\n|turn|4\n|\n|t:|1701171818\n|move|p2a: Heatran|Heat Wave|p1b: Iron Hands|[spread] p1a,p1b\n|-crit|p1a: Weezing\n|-damage|p1a: Weezing|0 fnt\n|-damage|p1b: Iron Hands|54\/100\n|faint|p1a: Weezing\n|-activate|p1a: Weezing|move: Destiny Bond\n|-end|p1a: Weezing|ability: Neutralizing Gas\n|faint|p2a: Heatran\n|move|p2b: Farigiraf|Dazzling Gleam|p1b: Iron Hands\n|-supereffective|p1b: Iron Hands\n|-damage|p1b: Iron Hands|28\/100\n|move|p1b: Iron Hands|Drain Punch|p2b: Farigiraf\n|-damage|p2b: Farigiraf|19\/100\n|-heal|p1b: Iron Hands|43\/100|[from] drain|[of] p2b: Farigiraf\n|-damage|p1b: Iron Hands|26\/100|[from] item: Rocky Helmet|[of] p2b: Farigiraf\n|\n|upkeep\n|\n|t:|1701171831\n|switch|p2a: Urshifu|Urshifu-Rapid-Strike, L50, F|100\/100\n|switch|p1a: Roaring Moon|Roaring Moon, L50|100\/100\n|-enditem|p1a: Roaring Moon|Booster Energy\n|-activate|p1a: Roaring Moon|ability: Protosynthesis|[fromitem]\n|-start|p1a: Roaring Moon|protosynthesisspe\n|turn|5\n|\n|t:|1701171843\n|move|p1a: Roaring Moon|Acrobatics|p2a: Urshifu\n|-supereffective|p2a: Urshifu\n|-damage|p2a: Urshifu|19\/100\n|move|p2a: Urshifu|Close Combat|p1a: Roaring Moon\n|-supereffective|p1a: Roaring Moon\n|-damage|p1a: Roaring Moon|0 fnt\n|-unboost|p2a: Urshifu|def|1\n|-unboost|p2a: Urshifu|spd|1\n|faint|p1a: Roaring Moon\n|-end|p1a: Roaring Moon|Protosynthesis|[silent]\n|move|p2b: Farigiraf|Dazzling Gleam|p1b: Iron Hands\n|-supereffective|p1b: Iron Hands\n|-damage|p1b: Iron Hands|0 fnt\n|faint|p1b: Iron Hands\n|-end|p1b: Iron Hands|Quark Drive|[silent]\n|\n|win|muehlbel\n|raw|brunikolas's rating: 1132 &rarr; <strong>1098<\/strong><br \/>(-34 for losing)\n|raw|muehlbel's rating: 1006 &rarr; <strong>1059<\/strong><br \/>(+53 for winning)\n|l|\u2606muehlbel\n","uploadtime":1701171861,"views":13,"p1id":"brunikolas","p2id":"muehlbel","formatid":"gen9vgc2023regulatione","rating":1059,"private":0,"password":""}