{"id":"gen9vgc2023regulatione-1991897209","p1":"N FariNas","p2":"jaykabuie","format":"[Gen 9] VGC 2023 Regulation E","log":"|j|\u2606N FariNas\n|j|\u2606jaykabuie\n|t:|1700135210\n|gametype|doubles\n|player|p1|N FariNas|blackbelt-gen4dp|1161\n|player|p2|jaykabuie|hiker-gen4|1245\n|teamsize|p1|6\n|teamsize|p2|6\n|gen|9\n|tier|[Gen 9] VGC 2023 Regulation E\n|rated|\n|rule|Species Clause: Limit one of each Pok\u00e9mon\n|rule|Item Clause: Limit one of each item\n|clearpoke\n|poke|p1|Milotic, L50, F|\n|poke|p1|Ogerpon-Wellspring, L50, F|\n|poke|p1|Tornadus, L50, M|\n|poke|p1|Baxcalibur, L50, M|\n|poke|p1|Sinistcha, L50|\n|poke|p1|Iron Hands, L50|\n|poke|p2|Iron Bundle, L50|\n|poke|p2|Ninetales-Alola, L50, M|\n|poke|p2|Arcanine-Hisui, L50, M|\n|poke|p2|Rillaboom, L50, M|\n|poke|p2|Gholdengo, L50|\n|poke|p2|Iron Hands, L50|\n|teampreview|4\n|inactive|Battle timer is ON: inactive players will automatically lose when time's up. (requested by N FariNas)\n|\n|t:|1700135236\n|start\n|switch|p1a: Iron Hands|Iron Hands, L50|100\/100\n|switch|p1b: Baxcalibur|Baxcalibur, L50, M|100\/100\n|switch|p2a: Iron Bundle|Iron Bundle, L50|100\/100\n|switch|p2b: Ninetales|Ninetales-Alola, L50, M|100\/100\n|-weather|Snow|[from] ability: Snow Warning|[of] p2b: Ninetales\n|-enditem|p2a: Iron Bundle|Booster Energy\n|-activate|p2a: Iron Bundle|ability: Quark Drive|[fromitem]\n|-start|p2a: Iron Bundle|quarkdrivespe\n|turn|1\n|inactive|jaykabuie has 30 seconds left.\n|\n|t:|1700135265\n|-terastallize|p2b: Ninetales|Fairy\n|-terastallize|p1b: Baxcalibur|Poison\n|move|p2a: Iron Bundle|Protect|p2a: Iron Bundle\n|-singleturn|p2a: Iron Bundle|Protect\n|move|p2b: Ninetales|Moonblast|p1b: Baxcalibur\n|-resisted|p1b: Baxcalibur\n|-damage|p1b: Baxcalibur|78\/100\n|-unboost|p1b: Baxcalibur|spa|1\n|move|p1b: Baxcalibur|Dragon Dance|p1b: Baxcalibur\n|-boost|p1b: Baxcalibur|atk|1\n|-boost|p1b: Baxcalibur|spe|1\n|move|p1a: Iron Hands|Wild Charge|p2a: Iron Bundle\n|-activate|p2a: Iron Bundle|move: Protect\n|\n|-weather|Snow|[upkeep]\n|upkeep\n|turn|2\n|\n|t:|1700135286\n|switch|p2b: Arcanine|Arcanine-Hisui, L50, M|100\/100\n|-ability|p2b: Arcanine|Intimidate|boost\n|-unboost|p1a: Iron Hands|atk|1\n|-unboost|p1b: Baxcalibur|atk|1\n|move|p1b: Baxcalibur|Protect|p1b: Baxcalibur\n|-singleturn|p1b: Baxcalibur|Protect\n|move|p2a: Iron Bundle|Blizzard|p1a: Iron Hands|[spread] p1a\n|-activate|p1b: Baxcalibur|move: Protect\n|-damage|p1a: Iron Hands|80\/100\n|move|p1a: Iron Hands|Wild Charge|p2a: Iron Bundle\n|-supereffective|p2a: Iron Bundle\n|-damage|p2a: Iron Bundle|54\/100\n|-damage|p1a: Iron Hands|74\/100|[from] Recoil\n|\n|-weather|Snow|[upkeep]\n|upkeep\n|turn|3\n|inactive|jaykabuie has 30 seconds left.\n|inactive|jaykabuie has 20 seconds left.\n|\n|t:|1700135321\n|move|p2a: Iron Bundle|Blizzard|p1b: Baxcalibur|[spread] p1a,p1b\n|-damage|p1a: Iron Hands|55\/100\n|-damage|p1b: Baxcalibur|40\/100\n|-status|p1a: Iron Hands|frz\n|move|p1b: Baxcalibur|Dragon Dance|p1b: Baxcalibur\n|-boost|p1b: Baxcalibur|atk|1\n|-boost|p1b: Baxcalibur|spe|1\n|move|p2b: Arcanine|Flare Blitz|p1a: Iron Hands\n|-damage|p1a: Iron Hands|5\/100 frz\n|-curestatus|p1a: Iron Hands|frz|[msg]\n|-damage|p2b: Arcanine|76\/100|[from] Recoil\n|-damage|p2b: Arcanine|67\/100|[from] item: Life Orb\n|move|p1a: Iron Hands|Drain Punch|p2a: Iron Bundle\n|-supereffective|p2a: Iron Bundle\n|-damage|p2a: Iron Bundle|16\/100\n|-heal|p1a: Iron Hands|15\/100|[from] drain|[of] p2a: Iron Bundle\n|\n|-weather|Snow|[upkeep]\n|upkeep\n|turn|4\n|\n|t:|1700135346\n|move|p1b: Baxcalibur|Protect|p1b: Baxcalibur\n|-singleturn|p1b: Baxcalibur|Protect\n|move|p2b: Arcanine|Extreme Speed|p1a: Iron Hands\n|-damage|p1a: Iron Hands|0 fnt\n|faint|p1a: Iron Hands\n|-end|p1a: Iron Hands|Quark Drive|[silent]\n|-damage|p2b: Arcanine|57\/100|[from] item: Life Orb\n|move|p2a: Iron Bundle|Hydro Pump|p1b: Baxcalibur\n|-activate|p1b: Baxcalibur|move: Protect\n|\n|-weather|Snow|[upkeep]\n|upkeep\n|\n|t:|1700135356\n|switch|p1a: Tornadus|Tornadus, L50, M|100\/100\n|turn|5\n|\n|t:|1700135379\n|move|p2a: Iron Bundle|Blizzard|p1b: Baxcalibur|[spread] p1a,p1b\n|-supereffective|p1a: Tornadus\n|-damage|p1a: Tornadus|0 fnt\n|-damage|p1b: Baxcalibur|0 fnt\n|faint|p1a: Tornadus\n|faint|p1b: Baxcalibur\n|move|p2b: Arcanine|Rock Slide|p1: Tornadus|[notarget]\n|-fail|p2b: Arcanine\n|\n|-weather|none\n|upkeep\n|-message|N FariNas forfeited.\n|\n|win|jaykabuie\n|raw|N FariNas's rating: 1161 &rarr; <strong>1142<\/strong><br \/>(-19 for losing)\n|raw|jaykabuie's rating: 1245 &rarr; <strong>1264<\/strong><br \/>(+19 for winning)\n|l|\u2606N FariNas\n","uploadtime":1700135486,"views":20,"p1id":"nfarinas","p2id":"jaykabuie","formatid":"gen9vgc2023regulatione","rating":1142,"private":0,"password":""}