{"id":"gen9vgc2023regulatione-1988228303","p1":"Josuee_29","p2":"smeargle artist","format":"[Gen 9] VGC 2023 Regulation E","log":"|j|\u2606Josuee_29\n|j|\u2606smeargle artist\n|t:|1699689603\n|gametype|doubles\n|player|p1|Josuee_29|lucas|1163\n|player|p2|smeargle artist|cynthia-gen4|1056\n|teamsize|p1|6\n|teamsize|p2|6\n|gen|9\n|tier|[Gen 9] VGC 2023 Regulation E\n|rated|\n|rule|Species Clause: Limit one of each Pok\u00e9mon\n|rule|Item Clause: Limit one of each item\n|clearpoke\n|poke|p1|Tornadus, L50, M|\n|poke|p1|Iron Hands, L50|\n|poke|p1|Rillaboom, L50, M|\n|poke|p1|Flutter Mane, L50|\n|poke|p1|Ogerpon-Hearthflame, L50, F|\n|poke|p1|Heatran, L50, F|\n|poke|p2|Palafin, L50, M|\n|poke|p2|Scream Tail, L50|\n|poke|p2|Flutter Mane, L50|\n|poke|p2|Amoonguss, L50, F|\n|poke|p2|Arcanine, L50, F|\n|poke|p2|Gothitelle, L50, M|\n|teampreview|4\n|inactive|Battle timer is ON: inactive players will automatically lose when time's up. (requested by smeargle artist)\nsmeargle artist rejected open team sheets.\n|inactive|Josuee_29 has 60 seconds left.\n|\n|t:|1699689677\n|start\n|switch|p1a: Iron Hands|Iron Hands, L50|100\/100\n|switch|p1b: Ogerpon|Ogerpon-Hearthflame, L50, F|100\/100\n|switch|p2a: INEEDAHERO|Palafin, L50, M|100\/100\n|switch|p2b: AWOOOOOOOOOO|Arcanine, L50, F, shiny|100\/100\n|-ability|p1b: Ogerpon|Mold Breaker\n|-ability|p2b: AWOOOOOOOOOO|Intimidate|boost\n|-fail|p1a: Iron Hands|unboost|[from] item: Clear Amulet|[of] p1a: Iron Hands\n|-unboost|p1b: Ogerpon|atk|1\n|turn|1\n|inactive|Josuee_29 has 30 seconds left.\n|inactive|smeargle artist has 30 seconds left.\n|inactive|Josuee_29 has 20 seconds left.\n|inactive|smeargle artist has 20 seconds left.\n|inactive|Josuee_29 has 15 seconds left.\n|inactive|smeargle artist has 15 seconds left.\n|inactive|Josuee_29 has 10 seconds left.\n|\n|t:|1699689723\n|-terastallize|p2a: INEEDAHERO|Water\n|move|p1a: Iron Hands|Fake Out|p2b: AWOOOOOOOOOO\n|-damage|p2b: AWOOOOOOOOOO|83\/100\n|move|p1b: Ogerpon|Ivy Cudgel|p2a: INEEDAHERO\n|-resisted|p2a: INEEDAHERO\n|-damage|p2a: INEEDAHERO|78\/100\n|cant|p2b: AWOOOOOOOOOO|flinch\n|move|p2a: INEEDAHERO|Wave Crash|p1a: Iron Hands\n|-damage|p1a: Iron Hands|47\/100\n|-damage|p2a: INEEDAHERO|58\/100|[from] Recoil\n|\n|upkeep\n|turn|2\n|inactive|Josuee_29 has 30 seconds left.\n|inactive|Josuee_29 has 20 seconds left.\n|inactive|Josuee_29 has 15 seconds left.\n|inactive|Josuee_29 has 10 seconds left.\n|\n|t:|1699689773\n|-end|p1a: Iron Hands|Quark Drive|[silent]\n|switch|p1a: Rillaboom|Rillaboom, L50, M|100\/100\n|-fieldstart|move: Grassy Terrain|[from] ability: Grassy Surge|[of] p1a: Rillaboom\n|move|p1b: Ogerpon|Stomping Tantrum|p2b: AWOOOOOOOOOO\n|-supereffective|p2b: AWOOOOOOOOOO\n|-damage|p2b: AWOOOOOOOOOO|38\/100\n|move|p2b: AWOOOOOOOOOO|Flare Blitz|p1b: Ogerpon\n|-damage|p1b: Ogerpon|31\/100\n|-damage|p2b: AWOOOOOOOOOO|17\/100|[from] Recoil\n|move|p2a: INEEDAHERO|Wave Crash|p1a: Rillaboom\n|-resisted|p1a: Rillaboom\n|-crit|p1a: Rillaboom\n|-damage|p1a: Rillaboom|51\/100\n|-damage|p2a: INEEDAHERO|41\/100|[from] Recoil\n|\n|-heal|p1b: Ogerpon|37\/100|[from] Grassy Terrain\n|-heal|p2b: AWOOOOOOOOOO|23\/100|[from] Grassy Terrain\n|-heal|p2a: INEEDAHERO|47\/100|[from] Grassy Terrain\n|-heal|p1a: Rillaboom|57\/100|[from] Grassy Terrain\n|-heal|p1a: Rillaboom|63\/100|[from] item: Leftovers\n|upkeep\n|turn|3\n|inactive|Josuee_29 has 30 seconds left.\n|inactive|Josuee_29 has 20 seconds left.\n|inactive|Josuee_29 has 15 seconds left.\n|inactive|Josuee_29 has 10 seconds left.\n|inactive|Josuee_29 has 5 seconds left.\n|\n|t:|1699689828\n|detailschange|p2a: INEEDAHERO|Palafin-Hero, L50, M, tera:Water\n|switch|p2a: AAAAAAAAAAAA|Scream Tail, L50, shiny|100\/100\n|-enditem|p2a: AAAAAAAAAAAA|Booster Energy\n|-activate|p2a: AAAAAAAAAAAA|ability: Protosynthesis|[fromitem]\n|-start|p2a: AAAAAAAAAAAA|protosynthesisspe\n|move|p2b: AWOOOOOOOOOO|Protect|p2b: AWOOOOOOOOOO\n|-singleturn|p2b: AWOOOOOOOOOO|Protect\n|move|p1a: Rillaboom|Fake Out|p2b: AWOOOOOOOOOO\n|-activate|p2b: AWOOOOOOOOOO|move: Protect\n|move|p1b: Ogerpon|Ivy Cudgel|p2a: AAAAAAAAAAAA\n|-damage|p2a: AAAAAAAAAAAA|72\/100\n|\n|-heal|p2a: AAAAAAAAAAAA|78\/100|[from] Grassy Terrain\n|-heal|p1b: Ogerpon|43\/100|[from] Grassy Terrain\n|-heal|p2b: AWOOOOOOOOOO|28\/100|[from] Grassy Terrain\n|-heal|p1a: Rillaboom|68\/100|[from] Grassy Terrain\n|-heal|p1a: Rillaboom|74\/100|[from] item: Leftovers\n|upkeep\n|turn|4\n|inactive|Josuee_29 has 30 seconds left.\n|inactive|smeargle artist has 30 seconds left.\n|inactive|Josuee_29 has 20 seconds left.\n|inactive|Josuee_29 has 15 seconds left.\n|\n|t:|1699689868\n|switch|p1b: Heatran|Heatran, L50, F|100\/100\n|move|p2a: AAAAAAAAAAAA|Disable||[still]\n|-fail|p2a: AAAAAAAAAAAA\n|move|p2b: AWOOOOOOOOOO|Flare Blitz|p1b: Heatran\n|-start|p1b: Heatran|ability: Flash Fire\n|move|p1a: Rillaboom|High Horsepower|p2b: AWOOOOOOOOOO\n|-supereffective|p2b: AWOOOOOOOOOO\n|-damage|p2b: AWOOOOOOOOOO|0 fnt\n|faint|p2b: AWOOOOOOOOOO\n|\n|-heal|p2a: AAAAAAAAAAAA|83\/100|[from] Grassy Terrain\n|-heal|p1a: Rillaboom|80\/100|[from] Grassy Terrain\n|-heal|p1a: Rillaboom|86\/100|[from] item: Leftovers\n|upkeep\n|\n|t:|1699689885\n|switch|p2b: INEEDAHERO|Palafin-Hero, L50, M, tera:Water|47\/100\n|-activate|p2b: INEEDAHERO|ability: Zero to Hero\n|turn|5\n|\n|t:|1699689899\n|move|p2a: AAAAAAAAAAAA|Protect|p2a: AAAAAAAAAAAA\n|-singleturn|p2a: AAAAAAAAAAAA|Protect\n|move|p1a: Rillaboom|Grassy Glide|p2b: INEEDAHERO\n|-supereffective|p2b: INEEDAHERO\n|-damage|p2b: INEEDAHERO|0 fnt\n|faint|p2b: INEEDAHERO\n|move|p1b: Heatran|Flash Cannon|p2a: AAAAAAAAAAAA\n|-activate|p2a: AAAAAAAAAAAA|move: Protect\n|\n|-heal|p2a: AAAAAAAAAAAA|89\/100|[from] Grassy Terrain\n|-heal|p1a: Rillaboom|92\/100|[from] Grassy Terrain\n|-heal|p1a: Rillaboom|98\/100|[from] item: Leftovers\n|upkeep\n|\n|t:|1699689911\n|switch|p2b: EEEEEEEEEEE|Flutter Mane, L50|100\/100\n|turn|6\n|inactive|Josuee_29 has 30 seconds left.\n|-message|smeargle artist forfeited.\n|\n|win|Josuee_29\n|raw|Josuee_29's rating: 1163 &rarr; <strong>1181<\/strong><br \/>(+18 for winning)\n|raw|smeargle artist's rating: 1056 &rarr; <strong>1043<\/strong><br \/>(-13 for losing)\n|l|\u2606smeargle artist\n","uploadtime":1699689954,"views":21,"p1id":"josuee29","p2id":"smeargleartist","formatid":"gen9vgc2023regulatione","rating":1043,"private":0,"password":""}