{"id":"gen9vgc2023regulatione-1992219874","p1":"huffingkoffinggas","p2":"tiko12","format":"[Gen 9] VGC 2023 Regulation E","log":"|j|\u2606huffingkoffinggas\n|j|\u2606tiko12\n|t:|1700164983\n|gametype|doubles\n|player|p1|huffingkoffinggas|medium|1164\n|player|p2|tiko12|ghetsis|1109\n|teamsize|p1|6\n|teamsize|p2|6\n|gen|9\n|tier|[Gen 9] VGC 2023 Regulation E\n|rated|\n|rule|Species Clause: Limit one of each Pok\u00e9mon\n|rule|Item Clause: Limit one of each item\n|clearpoke\n|poke|p1|Ursaluna-Bloodmoon, L50, M|\n|poke|p1|Iron Bundle, L50|\n|poke|p1|Ogerpon, L50, F|\n|poke|p1|Sableye, L50, M|\n|poke|p1|Landorus, L50, M|\n|poke|p1|Tyranitar, L50, M|\n|poke|p2|Tyranitar, L50, M|\n|poke|p2|Trevenant, L50, F|\n|poke|p2|Mimikyu, L50, M|\n|poke|p2|Heatran, L50, M|\n|poke|p2|Ninetales, L50, F|\n|poke|p2|Milotic, L50, F|\n|teampreview|4\n|inactive|Battle timer is ON: inactive players will automatically lose when time's up. (requested by huffingkoffinggas)\n|\n|t:|1700165008\n|start\n|switch|p1a: Iron Bundle|Iron Bundle, L50|100\/100\n|switch|p1b: Ogerpon|Ogerpon, L50, F|100\/100\n|switch|p2a: Heatran|Heatran, L50, M|100\/100\n|switch|p2b: Mimikyu|Mimikyu, L50, M, shiny|100\/100\n|turn|1\n|inactive|tiko12 has 30 seconds left.\n|\n|t:|1700165039\n|move|p1b: Ogerpon|Spiky Shield|p1b: Ogerpon\n|-singleturn|p1b: Ogerpon|move: Protect\n|move|p2a: Heatran|Protect|p2a: Heatran\n|-singleturn|p2a: Heatran|Protect\n|move|p1a: Iron Bundle|Hydro Pump|p2a: Heatran\n|-activate|p2a: Heatran|move: Protect\n|move|p2b: Mimikyu|Will-O-Wisp|p1b: Ogerpon\n|-activate|p1b: Ogerpon|move: Protect\n|\n|upkeep\n|turn|2\n|inactive|huffingkoffinggas has 30 seconds left.\n|inactive|tiko12 has 30 seconds left.\n|\n|t:|1700165071\n|switch|p1b: Ursaluna|Ursaluna-Bloodmoon, L50, M|100\/100\n|-terastallize|p2a: Heatran|Grass\n|move|p1a: Iron Bundle|Freeze-Dry|p2b: Mimikyu\n|-activate|p2b: Mimikyu|ability: Disguise\n|-damage|p2b: Mimikyu|100\/100\n|detailschange|p2b: Mimikyu|Mimikyu-Busted, L50, M, shiny\n|-damage|p2b: Mimikyu|88\/100|[from] pokemon: Mimikyu-Busted\n|move|p2a: Heatran|Heat Wave|p1a: Iron Bundle|[spread] p1b\n|-miss|p2a: Heatran|p1a: Iron Bundle\n|-damage|p1b: Ursaluna|63\/100\n|move|p2b: Mimikyu|Trick Room|p2b: Mimikyu\n|-fieldstart|move: Trick Room|[of] p2b: Mimikyu\n|\n|upkeep\n|turn|3\n|inactive|tiko12 has 30 seconds left.\n|\n|t:|1700165101\n|move|p1b: Ursaluna|Hyper Voice|p2a: Heatran|[spread] p2a,p2b\n|-damage|p2a: Heatran|64\/100\n|-damage|p2b: Mimikyu|44\/100\n|-enditem|p1b: Ursaluna|Throat Spray\n|-boost|p1b: Ursaluna|spa|1|[from] item: Throat Spray\n|move|p2a: Heatran|Heat Wave|p1a: Iron Bundle|[spread] p1a,p1b\n|-damage|p1a: Iron Bundle|38\/100\n|-damage|p1b: Ursaluna|28\/100\n|move|p2b: Mimikyu|Will-O-Wisp|p1b: Ursaluna\n|-status|p1b: Ursaluna|brn\n|move|p1a: Iron Bundle|Freeze-Dry|p2a: Heatran\n|-supereffective|p2a: Heatran\n|-damage|p2a: Heatran|4\/100\n|-status|p2a: Heatran|frz\n|\n|-heal|p2a: Heatran|10\/100 frz|[from] item: Leftovers\n|-damage|p1b: Ursaluna|22\/100 brn|[from] brn\n|upkeep\n|turn|4\n|inactive|tiko12 has 30 seconds left.\n|\n|t:|1700165131\n|move|p1b: Ursaluna|Hyper Voice|p2a: Heatran|[spread] p2a,p2b\n|-damage|p2a: Heatran|0 fnt\n|-damage|p2b: Mimikyu|0 fnt\n|faint|p2a: Heatran\n|faint|p2b: Mimikyu\n|move|p1a: Iron Bundle|Freeze-Dry|p2: Heatran|[notarget]\n|-fail|p1a: Iron Bundle\n|\n|-damage|p1b: Ursaluna|16\/100 brn|[from] brn\n|upkeep\n|\n|t:|1700165139\n|switch|p2a: Tyranitar|Tyranitar, L50, M, shiny|100\/100\n|switch|p2b: Trevenant|Trevenant, L50, F|100\/100\n|-weather|Sandstorm|[from] ability: Sand Stream|[of] p2a: Tyranitar\n|turn|5\n|inactive|tiko12 has 30 seconds left.\n|inactive|tiko12 has 20 seconds left.\n|inactive|huffingkoffinggas has 30 seconds left.\n|\n|t:|1700165180\n|-end|p1a: Iron Bundle|Quark Drive|[silent]\n|switch|p1a: Ogerpon|Ogerpon, L50, F|100\/100\n|move|p2b: Trevenant|Ally Switch|p2b: Trevenant\n|swap|p2b: Trevenant|0|[from] move: Ally Switch\n|move|p1b: Ursaluna|Moonblast|p2a: Trevenant\n|-damage|p2a: Trevenant|45\/100\n|-enditem|p2a: Trevenant|Sitrus Berry|[eat]\n|-heal|p2a: Trevenant|70\/100|[from] item: Sitrus Berry\n|move|p2b: Tyranitar|Rock Slide|p1a: Ogerpon|[spread] p1a,p1b\n|-resisted|p1b: Ursaluna\n|-damage|p1a: Ogerpon|63\/100\n|-damage|p1b: Ursaluna|3\/100 brn\n|-damage|p2b: Tyranitar|91\/100|[from] item: Life Orb\n|\n|-weather|Sandstorm|[upkeep]\n|-damage|p2a: Trevenant|64\/100|[from] Sandstorm\n|-damage|p1a: Ogerpon|57\/100|[from] Sandstorm\n|-damage|p1b: Ursaluna|0 fnt|[from] brn\n|faint|p1b: Ursaluna\n|upkeep\n|\n|t:|1700165195\n|switch|p1b: Landorus|Landorus, L50, M|100\/100\n|turn|6\n|\n|t:|1700165215\n|move|p1b: Landorus|Protect|p1b: Landorus\n|-singleturn|p1b: Landorus|Protect\n|move|p1a: Ogerpon|Spiky Shield|p1a: Ogerpon\n|-singleturn|p1a: Ogerpon|move: Protect\n|move|p2a: Trevenant|Horn Leech|p1b: Landorus\n|-activate|p1b: Landorus|move: Protect\n|move|p2b: Tyranitar|Rock Slide|p1b: Landorus|[spread] \n|-activate|p1a: Ogerpon|move: Protect\n|-activate|p1b: Landorus|move: Protect\n|\n|-weather|Sandstorm|[upkeep]\n|-damage|p2a: Trevenant|58\/100|[from] Sandstorm\n|-damage|p1a: Ogerpon|51\/100|[from] Sandstorm\n|-fieldend|move: Trick Room\n|upkeep\n|turn|7\n|inactive|huffingkoffinggas has 30 seconds left.\n|inactive|tiko12 has 30 seconds left.\n|\n|t:|1700165243\n|move|p1a: Ogerpon|Grassy Terrain|p1a: Ogerpon\n|-fieldstart|move: Grassy Terrain\n|move|p1b: Landorus|Sludge Bomb|p2a: Trevenant\n|-damage|p2a: Trevenant|19\/100\n|-status|p2a: Trevenant|psn\n|-damage|p1b: Landorus|91\/100|[from] item: Life Orb\n|move|p2b: Tyranitar|Rock Slide|p1b: Landorus|[spread] p1a,p1b\n|-damage|p1a: Ogerpon|13\/100\n|-damage|p1b: Landorus|52\/100\n|-damage|p2b: Tyranitar|81\/100|[from] item: Life Orb\n|move|p2a: Trevenant|Horn Leech|p1b: Landorus\n|-damage|p1b: Landorus|0 fnt\n|-heal|p2a: Trevenant|43\/100 psn|[from] drain|[of] p1b: Landorus\n|faint|p1b: Landorus\n|\n|-weather|Sandstorm|[upkeep]\n|-damage|p1a: Ogerpon|7\/100|[from] Sandstorm\n|-damage|p2a: Trevenant|37\/100 psn|[from] Sandstorm\n|-heal|p1a: Ogerpon|13\/100|[from] Grassy Terrain\n|-heal|p2b: Tyranitar|87\/100|[from] Grassy Terrain\n|-heal|p2a: Trevenant|43\/100 psn|[from] Grassy Terrain\n|-damage|p2a: Trevenant|31\/100 psn|[from] psn\n|upkeep\n|\n|t:|1700165256\n|switch|p1b: Iron Bundle|Iron Bundle, L50|38\/100\n|turn|8\n|\n|t:|1700165275\n|-terastallize|p1a: Ogerpon|Grass\n|detailschange|p1a: Ogerpon|Ogerpon-Teal-Tera, L50, F, tera:Grass\n|-ability|p1a: Ogerpon|Embody Aspect (Teal)|boost\n|-boost|p1a: Ogerpon|spe|1\n|move|p1a: Ogerpon|Ivy Cudgel|p2b: Tyranitar\n|-supereffective|p2b: Tyranitar\n|-damage|p2b: Tyranitar|0 fnt\n|faint|p2b: Tyranitar\n|move|p1b: Iron Bundle|Freeze-Dry|p2a: Trevenant\n|-supereffective|p2a: Trevenant\n|-damage|p2a: Trevenant|0 fnt\n|faint|p2a: Trevenant\n|\n|win|huffingkoffinggas\n|raw|huffingkoffinggas's rating: 1164 &rarr; <strong>1185<\/strong><br \/>(+21 for winning)\n|raw|tiko12's rating: 1109 &rarr; <strong>1088<\/strong><br \/>(-21 for losing)\n|c|\u2606huffingkoffinggas|gg\n","uploadtime":1700165289,"views":21,"p1id":"huffingkoffinggas","p2id":"tiko12","formatid":"gen9vgc2023regulatione","rating":1088,"private":0,"password":""}