{"id":"gen9vgc2023regulatione-1997565257","p1":"blazingfox4","p2":"Krem765","format":"[Gen 9] VGC 2023 Regulation E","log":"|j|\u2606blazingfox4\n|j|\u2606Krem765\n|t:|1700826299\n|gametype|doubles\n|player|p1|blazingfox4|blackbelt-gen4|1335\n|player|p2|Krem765|jupiter|1301\n|teamsize|p1|6\n|teamsize|p2|6\n|gen|9\n|tier|[Gen 9] VGC 2023 Regulation E\n|rated|\n|rule|Species Clause: Limit one of each Pok\u00e9mon\n|rule|Item Clause: Limit one of each item\n|clearpoke\n|poke|p1|Urshifu-*, L50, M|\n|poke|p1|Flutter Mane, L50|\n|poke|p1|Arcanine-Hisui, L50, F|\n|poke|p1|Iron Hands, L50|\n|poke|p1|Landorus-Therian, L50, M|\n|poke|p1|Tornadus, L50, M|\n|poke|p2|Iron Hands, L50|\n|poke|p2|Farigiraf, L50, F|\n|poke|p2|Ting-Lu, L50|\n|poke|p2|Palossand, L50, M|\n|poke|p2|Tornadus, L50, M|\n|poke|p2|Arcanine-Hisui, L50, F|\n|teampreview|4\n|inactive|Battle timer is ON: inactive players will automatically lose when time's up. (requested by blazingfox4)\n|inactive|blazingfox4 has 60 seconds left.\n|\n|t:|1700826335\n|start\n|switch|p1a: Tornadus|Tornadus, L50, M|100\/100\n|switch|p1b: Urshifu|Urshifu-Rapid-Strike, L50, M|100\/100\n|switch|p2a: its rough|Tornadus, L50, M|100\/100\n|switch|p2b: aibohphobia|Farigiraf, L50, F|100\/100\n|turn|1\n|\n|t:|1700826349\n|-terastallize|p1b: Urshifu|Water\n|move|p1a: Tornadus|Rain Dance|p1a: Tornadus\n|-weather|RainDance\n|move|p2a: its rough|Taunt|p1a: Tornadus\n|-start|p1a: Tornadus|move: Taunt\n|move|p1b: Urshifu|Surging Strikes|p2b: aibohphobia\n|-crit|p2b: aibohphobia\n|-damage|p2b: aibohphobia|63\/100\n|-crit|p2b: aibohphobia\n|-damage|p2b: aibohphobia|22\/100\n|-enditem|p2b: aibohphobia|Sitrus Berry|[eat]\n|-heal|p2b: aibohphobia|47\/100|[from] item: Sitrus Berry\n|-crit|p2b: aibohphobia\n|-damage|p2b: aibohphobia|10\/100\n|-hitcount|p2b: aibohphobia|3\n|move|p2b: aibohphobia|Trick Room|p2b: aibohphobia\n|-fieldstart|move: Trick Room|[of] p2b: aibohphobia\n|\n|-weather|RainDance|[upkeep]\n|upkeep\n|turn|2\n|\n|t:|1700826367\n|move|p1b: Urshifu|Detect|p1b: Urshifu\n|-singleturn|p1b: Urshifu|Protect\n|move|p2a: its rough|Sandstorm|p2a: its rough\n|-weather|Sandstorm\n|move|p2b: aibohphobia|Dazzling Gleam|p1b: Urshifu|[spread] p1a\n|-activate|p1b: Urshifu|move: Protect\n|-damage|p1a: Tornadus|79\/100\n|move|p1a: Tornadus|Icy Wind|p2b: aibohphobia|[spread] p2a,p2b\n|-supereffective|p2a: its rough\n|-damage|p2a: its rough|78\/100\n|-damage|p2b: aibohphobia|0 fnt\n|-unboost|p2a: its rough|spe|1\n|faint|p2b: aibohphobia\n|\n|-weather|Sandstorm|[upkeep]\n|-damage|p1b: Urshifu|94\/100|[from] Sandstorm\n|-damage|p1a: Tornadus|73\/100|[from] Sandstorm\n|upkeep\n|\n|t:|1700826381\n|switch|p2b: Princess|Arcanine-Hisui, L50, F|100\/100\n|-ability|p2b: Princess|Intimidate|boost\n|-unboost|p1a: Tornadus|atk|1\n|-unboost|p1b: Urshifu|atk|1\n|turn|3\n|\n|t:|1700826386\n|switch|p1b: Flutter Mane|Flutter Mane, L50|100\/100\n|-enditem|p1b: Flutter Mane|Booster Energy\n|-activate|p1b: Flutter Mane|ability: Protosynthesis|[fromitem]\n|-start|p1b: Flutter Mane|protosynthesisspe\n|switch|p1a: Arcanine|Arcanine-Hisui, L50, F|100\/100\n|-ability|p1a: Arcanine|Intimidate|boost\n|-unboost|p2a: its rough|atk|1\n|-unboost|p2b: Princess|atk|1\n|-terastallize|p2b: Princess|Grass\n|move|p2a: its rough|Bleakwind Storm|p1a: Arcanine|[spread] p1a,p1b\n|-resisted|p1a: Arcanine\n|-damage|p1a: Arcanine|86\/100\n|-damage|p1b: Flutter Mane|72\/100\n|move|p2b: Princess|Tera Blast|p1b: Flutter Mane|[anim] Tera Blast Grass\n|-damage|p1b: Flutter Mane|14\/100\n|\n|-weather|Sandstorm|[upkeep]\n|-damage|p2b: Princess|95\/100|[from] Sandstorm\n|-damage|p1b: Flutter Mane|8\/100|[from] Sandstorm\n|upkeep\n|turn|4\n|\n|t:|1700826407\n|switch|p2b: cereal killer|Ting-Lu, L50|100\/100\n|-ability|p2b: cereal killer|Vessel of Ruin\n|move|p1b: Flutter Mane|Protect|p1b: Flutter Mane\n|-singleturn|p1b: Flutter Mane|Protect\n|move|p2a: its rough|Bleakwind Storm|p1b: Flutter Mane|[spread] p1a\n|-activate|p1b: Flutter Mane|move: Protect\n|-resisted|p1a: Arcanine\n|-damage|p1a: Arcanine|76\/100\n|move|p1a: Arcanine|Flare Blitz|p2b: cereal killer\n|-damage|p2b: cereal killer|65\/100\n|-damage|p1a: Arcanine|59\/100|[from] item: Rocky Helmet|[of] p2b: cereal killer\n|-damage|p1a: Arcanine|41\/100|[from] Recoil\n|-enditem|p1a: Arcanine|Sitrus Berry|[eat]\n|-heal|p1a: Arcanine|66\/100|[from] item: Sitrus Berry\n|\n|-weather|Sandstorm|[upkeep]\n|-damage|p1b: Flutter Mane|2\/100|[from] Sandstorm\n|upkeep\n|turn|5\n|\n|t:|1700826430\n|switch|p1a: Tornadus|Tornadus, L50, M|73\/100\n|move|p2b: cereal killer|Stomping Tantrum|p1a: Tornadus\n|-immune|p1a: Tornadus\n|move|p2a: its rough|Bleakwind Storm|p1b: Flutter Mane|[spread] p1a,p1b\n|-crit|p1b: Flutter Mane\n|-damage|p1a: Tornadus|39\/100\n|-damage|p1b: Flutter Mane|0 fnt\n|faint|p1b: Flutter Mane\n|-end|p1b: Flutter Mane|Protosynthesis|[silent]\n|\n|-weather|Sandstorm|[upkeep]\n|-damage|p1a: Tornadus|34\/100|[from] Sandstorm\n|-fieldend|move: Trick Room\n|upkeep\n|\n|t:|1700826439\n|switch|p1b: Urshifu|Urshifu-Rapid-Strike, L50, M, tera:Water|94\/100\n|turn|6\n|\n|t:|1700826449\n|move|p1a: Tornadus|Tailwind|p1a: Tornadus\n|-sidestart|p1: blazingfox4|move: Tailwind\n|move|p1b: Urshifu|Surging Strikes|p2b: cereal killer\n|-supereffective|p2b: cereal killer\n|-crit|p2b: cereal killer\n|-damage|p2b: cereal killer|27\/100\n|-damage|p1b: Urshifu|78\/100|[from] item: Rocky Helmet|[of] p2b: cereal killer\n|-supereffective|p2b: cereal killer\n|-crit|p2b: cereal killer\n|-damage|p2b: cereal killer|0 fnt\n|-damage|p1b: Urshifu|62\/100|[from] item: Rocky Helmet|[of] p2b: cereal killer\n|faint|p2b: cereal killer\n|-hitcount|p2: cereal killer|2\n|move|p2a: its rough|Bleakwind Storm|p1a: Tornadus|[spread] p1a,p1b\n|-damage|p1a: Tornadus|0 fnt\n|-damage|p1b: Urshifu|22\/100\n|faint|p1a: Tornadus\n|\n|-weather|none\n|upkeep\n|\n|t:|1700826455\n|switch|p1a: Arcanine|Arcanine-Hisui, L50, F|66\/100\n|switch|p2b: Princess|Arcanine-Hisui, L50, F, tera:Grass|95\/100\n|-ability|p1a: Arcanine|Intimidate|boost\n|-unboost|p2a: its rough|atk|1\n|-unboost|p2b: Princess|atk|1\n|-ability|p2b: Princess|Intimidate|boost\n|-unboost|p1a: Arcanine|atk|1\n|-unboost|p1b: Urshifu|atk|1\n|turn|7\n|\n|t:|1700826463\n|move|p1b: Urshifu|Detect|p1b: Urshifu\n|-singleturn|p1b: Urshifu|Protect\n|move|p1a: Arcanine|Flare Blitz|p2b: Princess\n|-supereffective|p2b: Princess\n|-damage|p2b: Princess|14\/100\n|-damage|p1a: Arcanine|35\/100|[from] Recoil\n|move|p2b: Princess|Rock Slide|p1b: Urshifu|[spread] \n|-activate|p1b: Urshifu|move: Protect\n|-miss|p2b: Princess|p1a: Arcanine\n|move|p2a: its rough|Bleakwind Storm|p1b: Urshifu|[spread] p1a\n|-activate|p1b: Urshifu|move: Protect\n|-resisted|p1a: Arcanine\n|-damage|p1a: Arcanine|15\/100\n|\n|upkeep\n|turn|8\n|\n|t:|1700826486\n|move|p1a: Arcanine|Extreme Speed|p2b: Princess\n|-damage|p2b: Princess|0 fnt\n|faint|p2b: Princess\n|move|p1b: Urshifu|Surging Strikes|p2a: its rough\n|-crit|p2a: its rough\n|-damage|p2a: its rough|32\/100\n|-crit|p2a: its rough\n|-damage|p2a: its rough|0 fnt\n|faint|p2a: its rough\n|-hitcount|p2: its rough|2\n|\n|win|blazingfox4\n|raw|blazingfox4's rating: 1335 &rarr; <strong>1353<\/strong><br \/>(+18 for winning)\n|raw|Krem765's rating: 1301 &rarr; <strong>1283<\/strong><br \/>(-18 for losing)\n|l|\u2606Krem765\n","uploadtime":1700826528,"views":7,"p1id":"blazingfox4","p2id":"krem765","formatid":"gen9vgc2023regulatione","rating":1283,"private":0,"password":""}