{"id":"gen9vgc2023regulatione-1993483614","p1":"carlotimo","p2":"jungle231016","format":"[Gen 9] VGC 2023 Regulation E","log":"|j|\u2606carlotimo\n|j|\u2606jungle231016\n|t:|1700323368\n|gametype|doubles\n|player|p1|carlotimo|n|1079\n|player|p2|jungle231016|170|1069\n|teamsize|p1|6\n|teamsize|p2|6\n|gen|9\n|tier|[Gen 9] VGC 2023 Regulation E\n|rated|\n|rule|Species Clause: Limit one of each Pok\u00e9mon\n|rule|Item Clause: Limit one of each item\n|clearpoke\n|poke|p1|Kommo-o, L50, M|\n|poke|p1|Tyranitar, L50, M|\n|poke|p1|Arcanine-Hisui, L50, F|\n|poke|p1|Rillaboom, L50, F|\n|poke|p1|Flutter Mane, L50|\n|poke|p1|Iron Bundle, L50|\n|poke|p2|Iron Bundle, L50|\n|poke|p2|Amoonguss, L50, F|\n|poke|p2|Salamence, L50, M|\n|poke|p2|Pelipper, L50, F|\n|poke|p2|Gholdengo, L50|\n|poke|p2|Iron Hands, L50|\n|teampreview|4\n|inactive|Battle timer is ON: inactive players will automatically lose when time's up. (requested by carlotimo)\ncarlotimo rejected open team sheets.\n|inactive|jungle231016 has 60 seconds left.\n|\n|t:|1700323425\n|start\n|switch|p1a: Flutter Mane|Flutter Mane, L50, shiny|100\/100\n|switch|p1b: Iron Bundle|Iron Bundle, L50, shiny|100\/100\n|switch|p2a: Pelipper|Pelipper, L50, F|100\/100\n|switch|p2b: Iron Bundle|Iron Bundle, L50|100\/100\n|-weather|RainDance|[from] ability: Drizzle|[of] p2a: Pelipper\n|-enditem|p1b: Iron Bundle|Booster Energy\n|-activate|p1b: Iron Bundle|ability: Quark Drive|[fromitem]\n|-start|p1b: Iron Bundle|quarkdrivespe\n|-enditem|p2b: Iron Bundle|Booster Energy\n|-activate|p2b: Iron Bundle|ability: Quark Drive|[fromitem]\n|-start|p2b: Iron Bundle|quarkdrivespa\n|turn|1\n|inactive|jungle231016 has 30 seconds left.\n|inactive|jungle231016 has 20 seconds left.\n|inactive|jungle231016 has 15 seconds left.\n|\n|t:|1700323470\n|-terastallize|p2a: Pelipper|Water\n|move|p1b: Iron Bundle|Icy Wind|p2b: Iron Bundle|[spread] p2b\n|-miss|p1b: Iron Bundle|p2a: Pelipper\n|-resisted|p2b: Iron Bundle\n|-damage|p2b: Iron Bundle|93\/100\n|-unboost|p2b: Iron Bundle|spe|1\n|move|p1a: Flutter Mane|Dazzling Gleam|p2b: Iron Bundle|[spread] p2a,p2b\n|-damage|p2a: Pelipper|19\/100\n|-damage|p2b: Iron Bundle|21\/100\n|move|p2a: Pelipper|Weather Ball|p1a: Flutter Mane\n|-damage|p1a: Flutter Mane|24\/100\n|move|p2b: Iron Bundle|Icy Wind|p1a: Flutter Mane|[spread] p1a,p1b\n|-resisted|p1b: Iron Bundle\n|-damage|p1a: Flutter Mane|0 fnt\n|-damage|p1b: Iron Bundle|87\/100\n|-unboost|p1b: Iron Bundle|spe|1\n|faint|p1a: Flutter Mane\n|-end|p1a: Flutter Mane|Protosynthesis|[silent]\n|\n|-weather|RainDance|[upkeep]\n|upkeep\n|\n|t:|1700323489\n|switch|p1a: Tyranitar|Tyranitar, L50, M, shiny|100\/100\n|-weather|Sandstorm|[from] ability: Sand Stream|[of] p1a: Tyranitar\n|turn|2\n|\n|t:|1700323501\n|switch|p2a: Iron Hands|Iron Hands, L50|100\/100\n|-terastallize|p1a: Tyranitar|Psychic\n|move|p2b: Iron Bundle|Protect|p2b: Iron Bundle\n|-singleturn|p2b: Iron Bundle|Protect\n|move|p1b: Iron Bundle|Icy Wind|p2b: Iron Bundle|[spread] p2a\n|-activate|p2b: Iron Bundle|move: Protect\n|-damage|p2a: Iron Hands|90\/100\n|-unboost|p2a: Iron Hands|spe|1\n|move|p1a: Tyranitar|Rock Slide|p2b: Iron Bundle|[spread] p2a\n|-activate|p2b: Iron Bundle|move: Protect\n|-resisted|p2a: Iron Hands\n|-damage|p2a: Iron Hands|79\/100\n|\n|-weather|Sandstorm|[upkeep]\n|-damage|p1b: Iron Bundle|81\/100|[from] Sandstorm\n|-damage|p1a: Tyranitar|94\/100|[from] Sandstorm\n|-damage|p2b: Iron Bundle|15\/100|[from] Sandstorm\n|-damage|p2a: Iron Hands|73\/100|[from] Sandstorm\n|upkeep\n|turn|3\n|inactive|jungle231016 has 30 seconds left.\n|\n|t:|1700323526\n|-end|p2b: Iron Bundle|Quark Drive|[silent]\n|switch|p2b: Gholdengo|Gholdengo, L50|100\/100\n|move|p1b: Iron Bundle|Freeze-Dry|p2b: Gholdengo\n|-resisted|p2b: Gholdengo\n|-damage|p2b: Gholdengo|83\/100\n|move|p1a: Tyranitar|Low Kick|p2a: Iron Hands\n|-damage|p2a: Iron Hands|42\/100\n|move|p2a: Iron Hands|Drain Punch|p1a: Tyranitar\n|-resisted|p1a: Tyranitar\n|-damage|p1a: Tyranitar|77\/100\n|-heal|p2a: Iron Hands|48\/100|[from] drain|[of] p1a: Tyranitar\n|\n|-weather|Sandstorm|[upkeep]\n|-damage|p1b: Iron Bundle|75\/100|[from] Sandstorm\n|-damage|p1a: Tyranitar|71\/100|[from] Sandstorm\n|-damage|p2a: Iron Hands|42\/100|[from] Sandstorm\n|-heal|p2b: Gholdengo|89\/100|[from] item: Leftovers\n|upkeep\n|turn|4\n|inactive|jungle231016 has 30 seconds left.\n|\n|t:|1700323555\n|move|p1b: Iron Bundle|Icy Wind|p2a: Iron Hands|[spread] p2a,p2b\n|-resisted|p2b: Gholdengo\n|-damage|p2a: Iron Hands|30\/100\n|-damage|p2b: Gholdengo|78\/100\n|-unboost|p2a: Iron Hands|spe|1\n|-unboost|p2b: Gholdengo|spe|1\n|move|p1a: Tyranitar|Low Kick|p2b: Gholdengo\n|-immune|p2b: Gholdengo\n|move|p2b: Gholdengo|Nasty Plot|p2b: Gholdengo\n|-boost|p2b: Gholdengo|spa|2\n|move|p2a: Iron Hands|Wild Charge|p1b: Iron Bundle\n|-supereffective|p1b: Iron Bundle\n|-damage|p1b: Iron Bundle|0 fnt\n|faint|p1b: Iron Bundle\n|-end|p1b: Iron Bundle|Quark Drive|[silent]\n|-damage|p2a: Iron Hands|20\/100|[from] Recoil\n|\n|-weather|Sandstorm|[upkeep]\n|-damage|p1a: Tyranitar|65\/100|[from] Sandstorm\n|-damage|p2a: Iron Hands|14\/100|[from] Sandstorm\n|-heal|p2b: Gholdengo|84\/100|[from] item: Leftovers\n|upkeep\n|\n|t:|1700323567\n|switch|p1b: Arcanine|Arcanine-Hisui, L50, F, shiny|100\/100\n|-ability|p1b: Arcanine|Intimidate|boost\n|-unboost|p2a: Iron Hands|atk|1\n|-unboost|p2b: Gholdengo|atk|1\n|turn|5\n|inactive|jungle231016 has 30 seconds left.\n|\n|t:|1700323595\n|-end|p2a: Iron Hands|Quark Drive|[silent]\n|switch|p2a: Pelipper|Pelipper, L50, F, tera:Water|19\/100\n|-weather|RainDance|[from] ability: Drizzle|[of] p2a: Pelipper\n|move|p2b: Gholdengo|Protect|p2b: Gholdengo\n|-singleturn|p2b: Gholdengo|Protect\n|move|p1b: Arcanine|Flare Blitz|p2b: Gholdengo\n|-activate|p2b: Gholdengo|move: Protect\n|move|p1a: Tyranitar|Rock Slide|p2b: Gholdengo|[spread] p2a\n|-activate|p2b: Gholdengo|move: Protect\n|-damage|p2a: Pelipper|0 fnt\n|faint|p2a: Pelipper\n|\n|-weather|RainDance|[upkeep]\n|-heal|p2b: Gholdengo|90\/100|[from] item: Leftovers\n|upkeep\n|\n|t:|1700323615\n|switch|p2a: Iron Hands|Iron Hands, L50|14\/100\n|turn|6\n|\n|t:|1700323626\n|move|p2a: Iron Hands|Fake Out|p1b: Arcanine\n|-resisted|p1b: Arcanine\n|-damage|p1b: Arcanine|93\/100\n|cant|p1b: Arcanine|flinch\n|move|p1a: Tyranitar|Rock Slide|p2b: Gholdengo|[spread] p2a,p2b\n|-resisted|p2a: Iron Hands\n|-resisted|p2b: Gholdengo\n|-damage|p2a: Iron Hands|3\/100\n|-damage|p2b: Gholdengo|73\/100\n|move|p2b: Gholdengo|Make It Rain|p1a: Tyranitar|[spread] p1a,p1b\n|-damage|p1a: Tyranitar|0 fnt\n|-damage|p1b: Arcanine|0 fnt\n|-unboost|p2b: Gholdengo|spa|1\n|faint|p1a: Tyranitar\n|faint|p1b: Arcanine\n|\n|win|jungle231016\n|raw|carlotimo's rating: 1079 &rarr; <strong>1057<\/strong><br \/>(-22 for losing)\n|raw|jungle231016's rating: 1069 &rarr; <strong>1100<\/strong><br \/>(+31 for winning)\n|l|\u2606carlotimo\n","uploadtime":1700323648,"views":17,"p1id":"carlotimo","p2id":"jungle231016","formatid":"gen9vgc2023regulatione","rating":1057,"private":0,"password":""}