{"id":"gen9vgc2023regulatione-1991153123","p1":"Apacher","p2":"Smoggy__","format":"[Gen 9] VGC 2023 Regulation E","log":"|j|\u2606Apacher\n|j|\u2606Smoggy__\n|t:|1700050860\n|gametype|doubles\n|player|p1|Apacher|crasherwake|1483\n|player|p2|Smoggy__|1|1626\n|teamsize|p1|6\n|teamsize|p2|6\n|gen|9\n|tier|[Gen 9] VGC 2023 Regulation E\n|rated|\n|rule|Species Clause: Limit one of each Pok\u00e9mon\n|rule|Item Clause: Limit one of each item\n|clearpoke\n|poke|p1|Baxcalibur, L50, M|\n|poke|p1|Ninetales-Alola, L50, F|\n|poke|p1|Heatran, L50, M|\n|poke|p1|Ogerpon-Wellspring, L50, F|\n|poke|p1|Landorus-Therian, L50, M|\n|poke|p1|Iron Hands, L50|\n|poke|p2|Tornadus, L50, M|\n|poke|p2|Regidrago, L50|\n|poke|p2|Urshifu-*, L50, M|\n|poke|p2|Farigiraf, L50, M|\n|poke|p2|Flutter Mane, L50|\n|poke|p2|Arcanine-Hisui, L50, M|\n|teampreview|4\n|inactive|Battle timer is ON: inactive players will automatically lose when time's up. (requested by Apacher)\n|inactive|Apacher has 60 seconds left.\n|\n|t:|1700050902\n|start\n|switch|p1a: Adrian|Ninetales-Alola, L50, F, shiny|100\/100\n|switch|p1b: Bonkinator|Baxcalibur, L50, M, shiny|100\/100\n|switch|p2a: Tornadus|Tornadus, L50, M|100\/100\n|switch|p2b: Flutter Mane|Flutter Mane, L50|100\/100\n|-weather|Snow|[from] ability: Snow Warning|[of] p1a: Adrian\n|-enditem|p2b: Flutter Mane|Booster Energy\n|-activate|p2b: Flutter Mane|ability: Protosynthesis|[fromitem]\n|-start|p2b: Flutter Mane|protosynthesisspa\n|turn|1\n|\n|t:|1700050921\n|-terastallize|p2b: Flutter Mane|Water\n|-terastallize|p1b: Bonkinator|Poison\n|move|p2a: Tornadus|Sunny Day|p2a: Tornadus\n|-weather|SunnyDay\n|move|p2b: Flutter Mane|Moonblast|p1b: Bonkinator\n|-resisted|p1b: Bonkinator\n|-damage|p1b: Bonkinator|66\/100\n|-unboost|p1b: Bonkinator|spa|1\n|move|p1a: Adrian|Icy Wind|p2a: Tornadus|[spread] p2a,p2b\n|-supereffective|p2a: Tornadus\n|-resisted|p2b: Flutter Mane\n|-damage|p2a: Tornadus|66\/100\n|-damage|p2b: Flutter Mane|95\/100\n|-unboost|p2a: Tornadus|spe|1\n|-unboost|p2b: Flutter Mane|spe|1\n|move|p1b: Bonkinator|Icicle Spear|p2a: Tornadus\n|-supereffective|p2a: Tornadus\n|-damage|p2a: Tornadus|18\/100\n|-supereffective|p2a: Tornadus\n|-damage|p2a: Tornadus|0 fnt\n|faint|p2a: Tornadus\n|-hitcount|p2: Tornadus|2\n|\n|-weather|SunnyDay|[upkeep]\n|upkeep\n|\n|t:|1700050935\n|switch|p2a: Urshifu|Urshifu, L50, M|100\/100\n|turn|2\n|\n|t:|1700050951\n|switch|p1b: Ferrus Manus|Iron Hands, L50|100\/100\n|move|p2a: Urshifu|Iron Head|p1a: Adrian\n|-supereffective|p1a: Adrian\n|-damage|p1a: Adrian|0 fnt\n|faint|p1a: Adrian\n|move|p2b: Flutter Mane|Shadow Ball|p1b: Ferrus Manus\n|-damage|p1b: Ferrus Manus|73\/100\n|\n|-weather|SunnyDay|[upkeep]\n|upkeep\n|\n|t:|1700050967\n|switch|p1a: Bonkinator|Baxcalibur, L50, M, shiny, tera:Poison|66\/100\n|turn|3\n|\n|t:|1700050974\n|switch|p2a: Regidrago|Regidrago, L50|100\/100\n|move|p2b: Flutter Mane|Protect|p2b: Flutter Mane\n|-singleturn|p2b: Flutter Mane|Protect\n|move|p1b: Ferrus Manus|Fake Out|p2a: Regidrago\n|-damage|p2a: Regidrago|84\/100\n|move|p1a: Bonkinator|Scale Shot|p2b: Flutter Mane\n|-activate|p2b: Flutter Mane|move: Protect\n|\n|-weather|SunnyDay|[upkeep]\n|upkeep\n|turn|4\n|\n|t:|1700050992\n|move|p1a: Bonkinator|Scale Shot|p2a: Regidrago\n|-supereffective|p2a: Regidrago\n|-damage|p2a: Regidrago|54\/100\n|-supereffective|p2a: Regidrago\n|-damage|p2a: Regidrago|19\/100\n|-supereffective|p2a: Regidrago\n|-damage|p2a: Regidrago|0 fnt\n|faint|p2a: Regidrago\n|-hitcount|p2: Regidrago|3\n|-unboost|p1a: Bonkinator|def|1\n|-boost|p1a: Bonkinator|spe|1\n|move|p2b: Flutter Mane|Moonblast|p1b: Ferrus Manus\n|-supereffective|p1b: Ferrus Manus\n|-damage|p1b: Ferrus Manus|12\/100\n|move|p1b: Ferrus Manus|Wild Charge|p2b: Flutter Mane\n|-supereffective|p2b: Flutter Mane\n|-damage|p2b: Flutter Mane|0 fnt\n|faint|p2b: Flutter Mane\n|-end|p2b: Flutter Mane|Protosynthesis|[silent]\n|-damage|p1b: Ferrus Manus|0 fnt|[from] Recoil\n|faint|p1b: Ferrus Manus\n|-end|p1b: Ferrus Manus|Quark Drive|[silent]\n|\n|-weather|SunnyDay|[upkeep]\n|upkeep\n|\n|t:|1700051008\n|switch|p2b: Urshifu|Urshifu, L50, M|100\/100\n|switch|p1b: Ogres Doupes|Ogerpon-Wellspring, L50, F|100\/100\n|turn|5\n|\n|t:|1700051013\n|move|p1b: Ogres Doupes|Follow Me|p1b: Ogres Doupes\n|-singleturn|p1b: Ogres Doupes|move: Follow Me\n|move|p2b: Urshifu|Wicked Blow|p1b: Ogres Doupes\n|-crit|p1b: Ogres Doupes\n|-damage|p1b: Ogres Doupes|25\/100\n|move|p1a: Bonkinator|Scale Shot|p2b: Urshifu\n|-damage|p2b: Urshifu|85\/100\n|-damage|p2b: Urshifu|69\/100\n|-damage|p2b: Urshifu|55\/100\n|-damage|p2b: Urshifu|39\/100\n|-crit|p2b: Urshifu\n|-damage|p2b: Urshifu|16\/100\n|-hitcount|p2b: Urshifu|5\n|-unboost|p1a: Bonkinator|def|1\n|-boost|p1a: Bonkinator|spe|1\n|\n|-weather|none\n|upkeep\n|turn|6\n|\n|t:|1700051029\n|move|p1a: Bonkinator|Icicle Spear|p2b: Urshifu\n|-damage|p2b: Urshifu|0 fnt\n|faint|p2b: Urshifu\n|-hitcount|p2: Urshifu|1\n|\n|win|Apacher\n|raw|Apacher's rating: 1483 &rarr; <strong>1509<\/strong><br \/>(+26 for winning)\n|raw|Smoggy__'s rating: 1599 &rarr; <strong>1573<\/strong><br \/>(-26 for losing)\n|l|\u2606Apacher\n","uploadtime":1700051033,"views":10,"p1id":"apacher","p2id":"smoggy","formatid":"gen9vgc2023regulatione","rating":1509,"private":0,"password":""}