{"id":"gen9vgc2023regulatione-1999617227","p1":"LowEloGrind","p2":"GKun1999","format":"[Gen 9] VGC 2023 Regulation E","log":"|j|\u2606LowEloGrind\n|j|\u2606GKun1999\n|t:|1701101601\n|gametype|doubles\n|player|p1|LowEloGrind|1|1253\n|player|p2|GKun1999|ghetsis|1160\n|teamsize|p1|6\n|teamsize|p2|6\n|gen|9\n|tier|[Gen 9] VGC 2023 Regulation E\n|rated|\n|rule|Species Clause: Limit one of each Pok\u00e9mon\n|rule|Item Clause: Limit one of each item\n|clearpoke\n|poke|p1|Iron Hands, L50|\n|poke|p1|Sinistcha, L50|\n|poke|p1|Arcanine-Hisui, L50, F|\n|poke|p1|Moltres-Galar, L50|\n|poke|p1|Iron Bundle, L50|\n|poke|p1|Ninetales-Alola, L50, M|\n|poke|p2|Gholdengo, L50|\n|poke|p2|Iron Hands, L50|\n|poke|p2|Amoonguss, L50, M|\n|poke|p2|Arcanine-Hisui, L50, M|\n|poke|p2|Chien-Pao, L50|\n|poke|p2|Urshifu-*, L50, F|\n|teampreview|4\nGKun1999 has agreed to open team sheets.\nLowEloGrind has agreed to open team sheets.\n|inactive|Battle timer is ON: inactive players will automatically lose when time's up. (requested by GKun1999)\n|inactive|LowEloGrind has 60 seconds left.\n|inactive|GKun1999 has 60 seconds left.\n|inactive|GKun1999 has 30 seconds left.\n|inactive|GKun1999 has 20 seconds left.\n|inactive|GKun1999 has 15 seconds left.\n|inactive|GKun1999 has 10 seconds left.\n|\n|t:|1701101691\n|start\n|switch|p1a: Under the Tree|Iron Bundle, L50|100\/100\n|switch|p1b: Snowing!!!!!|Ninetales-Alola, L50, M|100\/100\n|switch|p2a: Arcanine|Arcanine-Hisui, L50, M|100\/100\n|switch|p2b: Iron Hands|Iron Hands, L50|100\/100\n|-weather|Snow|[from] ability: Snow Warning|[of] p1b: Snowing!!!!!\n|-ability|p2a: Arcanine|Intimidate|boost\n|-unboost|p1a: Under the Tree|atk|1\n|-unboost|p1b: Snowing!!!!!|atk|1\n|-enditem|p1a: Under the Tree|Booster Energy\n|-activate|p1a: Under the Tree|ability: Quark Drive|[fromitem]\n|-start|p1a: Under the Tree|quarkdrivespe\n|turn|1\n|inactive|GKun1999 has 30 seconds left.\n|\n|t:|1701101725\n|switch|p2a: Urshifu|Urshifu-Rapid-Strike, L50, F|100\/100\n|-terastallize|p1a: Under the Tree|Ghost\n|move|p1a: Under the Tree|Hydro Pump|p2a: Urshifu|[miss]\n|-miss|p1a: Under the Tree|p2a: Urshifu\n|move|p1b: Snowing!!!!!|Aurora Veil|p1b: Snowing!!!!!\n|-sidestart|p1: LowEloGrind|move: Aurora Veil\n|move|p2b: Iron Hands|Heavy Slam|p1b: Snowing!!!!!\n|-supereffective|p1b: Snowing!!!!!\n|-damage|p1b: Snowing!!!!!|0 fnt\n|faint|p1b: Snowing!!!!!\n|\n|-weather|Snow|[upkeep]\n|upkeep\n|\n|t:|1701101742\n|switch|p1b: Family Disaster|Moltres-Galar, L50|100\/100\n|turn|2\n|\n|t:|1701101764\n|move|p2a: Urshifu|Detect|p2a: Urshifu\n|-singleturn|p2a: Urshifu|Protect\n|move|p1a: Under the Tree|Freeze-Dry|p2a: Urshifu\n|-activate|p2a: Urshifu|move: Protect\n|move|p1b: Family Disaster|Nasty Plot|p1b: Family Disaster\n|-boost|p1b: Family Disaster|spa|2\n|move|p2b: Iron Hands|Wild Charge|p1b: Family Disaster\n|-supereffective|p1b: Family Disaster\n|-damage|p1b: Family Disaster|43\/100\n|-damage|p2b: Iron Hands|88\/100|[from] Recoil\n|-ability|p1b: Family Disaster|Berserk|boost\n|-boost|p1b: Family Disaster|spa|1\n|-enditem|p1b: Family Disaster|Sitrus Berry|[eat]\n|-heal|p1b: Family Disaster|68\/100|[from] item: Sitrus Berry\n|\n|-weather|Snow|[upkeep]\n|upkeep\n|turn|3\n|inactive|GKun1999 has 30 seconds left.\n|\n|t:|1701101790\n|switch|p2a: Arcanine|Arcanine-Hisui, L50, M|100\/100\n|-ability|p2a: Arcanine|Intimidate|boost\n|-unboost|p1a: Under the Tree|atk|1\n|-unboost|p1b: Family Disaster|atk|1\n|move|p1a: Under the Tree|Freeze-Dry|p2a: Arcanine\n|-resisted|p2a: Arcanine\n|-crit|p2a: Arcanine\n|-damage|p2a: Arcanine|74\/100\n|move|p1b: Family Disaster|Air Slash|p2b: Iron Hands\n|-damage|p2b: Iron Hands|47\/100\n|move|p2b: Iron Hands|Wild Charge|p1b: Family Disaster\n|-supereffective|p1b: Family Disaster\n|-damage|p1b: Family Disaster|8\/100\n|-damage|p2b: Iron Hands|34\/100|[from] Recoil\n|-ability|p1b: Family Disaster|Berserk|boost\n|-boost|p1b: Family Disaster|spa|1\n|\n|-weather|Snow|[upkeep]\n|upkeep\n|turn|4\n|inactive|GKun1999 has 30 seconds left.\n|\n|t:|1701101819\n|-end|p2b: Iron Hands|Quark Drive|[silent]\n|switch|p2b: Gholdengo|Gholdengo, L50|100\/100\n|move|p1b: Family Disaster|Protect|p1b: Family Disaster\n|-singleturn|p1b: Family Disaster|Protect\n|move|p2a: Arcanine|Protect|p2a: Arcanine\n|-singleturn|p2a: Arcanine|Protect\n|move|p1a: Under the Tree|Hydro Pump|p2b: Gholdengo\n|-damage|p2b: Gholdengo|40\/100\n|\n|-weather|Snow|[upkeep]\n|upkeep\n|turn|5\n|\n|t:|1701101839\n|move|p1a: Under the Tree|Hydro Pump|p2a: Arcanine\n|-supereffective|p2a: Arcanine\n|-damage|p2a: Arcanine|0 fnt\n|faint|p2a: Arcanine\n|move|p2b: Gholdengo|Make It Rain|p1b: Family Disaster|[spread] p1a,p1b\n|-damage|p1a: Under the Tree|34\/100\n|-damage|p1b: Family Disaster|0 fnt\n|-unboost|p2b: Gholdengo|spa|1\n|faint|p1b: Family Disaster\n|\n|-weather|none\n|upkeep\n|\n|t:|1701101854\n|switch|p1b: Cuddly Dog|Arcanine-Hisui, L50, F|100\/100\n|switch|p2a: Urshifu|Urshifu-Rapid-Strike, L50, F|100\/100\n|-ability|p1b: Cuddly Dog|Intimidate|boost\n|-unboost|p2a: Urshifu|atk|1\n|-unboost|p2b: Gholdengo|atk|1\n|turn|6\n|\n|t:|1701101864\n|move|p1a: Under the Tree|Freeze-Dry|p2a: Urshifu\n|-supereffective|p2a: Urshifu\n|-damage|p2a: Urshifu|0 fnt\n|faint|p2a: Urshifu\n|move|p2b: Gholdengo|Make It Rain|p1b: Cuddly Dog|[spread] p1a,p1b\n|-damage|p1a: Under the Tree|0 fnt\n|-damage|p1b: Cuddly Dog|61\/100\n|-unboost|p2b: Gholdengo|spa|1\n|faint|p1a: Under the Tree\n|-end|p1a: Under the Tree|Quark Drive|[silent]\n|move|p1b: Cuddly Dog|Flare Blitz|p2b: Gholdengo\n|-supereffective|p2b: Gholdengo\n|-damage|p2b: Gholdengo|0 fnt\n|faint|p2b: Gholdengo\n|-damage|p1b: Cuddly Dog|49\/100|[from] Recoil\n|\n|upkeep\n|\n|t:|1701101880\n|switch|p2b: Iron Hands|Iron Hands, L50|34\/100\n|turn|7\n|\n|t:|1701101884\n|move|p2b: Iron Hands|Fake Out|p1b: Cuddly Dog\n|-resisted|p1b: Cuddly Dog\n|-damage|p1b: Cuddly Dog|43\/100\n|cant|p1b: Cuddly Dog|flinch\n|\n|upkeep\n|turn|8\n|\n|t:|1701101890\n|-terastallize|p2b: Iron Hands|Water\n|move|p1b: Cuddly Dog|Flare Blitz|p2b: Iron Hands\n|-resisted|p2b: Iron Hands\n|-damage|p2b: Iron Hands|0 fnt\n|faint|p2b: Iron Hands\n|-end|p2b: Iron Hands|Quark Drive|[silent]\n|-damage|p1b: Cuddly Dog|28\/100|[from] Recoil\n|\n|win|LowEloGrind\n|raw|LowEloGrind's rating: 1253 &rarr; <strong>1271<\/strong><br \/>(+18 for winning)\n|raw|GKun1999's rating: 1160 &rarr; <strong>1142<\/strong><br \/>(-18 for losing)\n|l|\u2606GKun1999\n","uploadtime":1701101901,"views":7,"p1id":"lowelogrind","p2id":"gkun1999","formatid":"gen9vgc2023regulatione","rating":1142,"private":0,"password":""}