{"id":"gen9vgc2023regulatione-1999892405","p1":"legendvgc","p2":"Everybo-D","format":"[Gen 9] VGC 2023 Regulation E","log":"|j|\u2606legendvgc\n|j|\u2606Everybo-D\n|n|\u2606legendvgc|legendvgc\n|n|\u2606Everybo-D|everybod\n|html|View the match progress at <a href=\"\/game-bestof3-gen9vgc2023regulatione-1999892404\">game-bestof3-gen9vgc2023regulatione-1999892404<\/a>\n|t:|1701127043\n|gametype|doubles\n|player|p1|legendvgc|266|\n|player|p2|Everybo-D|169|\n|teamsize|p1|6\n|teamsize|p2|6\n|gen|9\n|tier|[Gen 9] VGC 2023 Regulation E\n|rule|Species Clause: Limit one of each Pok\u00e9mon\n|rule|Item Clause: Limit one of each item\n|clearpoke\n|poke|p1|Ninetales-Alola, L50, F|\n|poke|p1|Sneasler, L50, F|\n|poke|p1|Froslass, L50, F|\n|poke|p1|Articuno-Galar, L50|\n|poke|p1|Regidrago, L50|\n|poke|p1|Revavroom, L50, F|\n|poke|p2|Houndstone, L50, M|\n|poke|p2|Iron Bundle, L50|\n|poke|p2|Garchomp, L50, M|\n|poke|p2|Thundurus, L50, M|\n|poke|p2|Hariyama, L50, M|\n|poke|p2|Tyranitar, L50, F|\n|teampreview|4\n|j| Burnerv2\n|j| DozenSBU\n|\n|t:|1701127125\n|start\n|switch|p1a: Ninetales|Ninetales-Alola, L50, F|100\/100\n|switch|p1b: Sneasler|Sneasler, L50, F|100\/100\n|switch|p2a: Greyy|Thundurus, L50, M|100\/100\n|switch|p2b: Dusk|Garchomp, L50, M|100\/100\n|-ability|p1b: Sneasler|Pressure\n|-weather|Snow|[from] ability: Snow Warning|[of] p1a: Ninetales\n|turn|1\n|\n|t:|1701127151\n|switch|p2b: Bloon Impact|Tyranitar, L50, F|100\/100\n|-weather|Sandstorm|[from] ability: Sand Stream|[of] p2b: Bloon Impact\n|move|p1b: Sneasler|Fake Out|p2b: Bloon Impact\n|-resisted|p2b: Bloon Impact\n|-damage|p2b: Bloon Impact|95\/100\n|move|p2a: Greyy|Eerie Impulse|p1a: Ninetales\n|-unboost|p1a: Ninetales|spa|2\n|move|p1a: Ninetales|Snowscape|p1a: Ninetales\n|-weather|Snow\n|\n|-weather|Snow|[upkeep]\n|upkeep\n|turn|2\n|\n|t:|1701127216\n|move|p2a: Greyy|Taunt|p1a: Ninetales\n|-start|p1a: Ninetales|move: Taunt\n|move|p1b: Sneasler|Dire Claw|p2b: Bloon Impact\n|-resisted|p2b: Bloon Impact\n|-damage|p2b: Bloon Impact|77\/100\n|cant|p1a: Ninetales|move: Taunt|Aurora Veil\n|move|p2b: Bloon Impact|Icy Wind|p1a: Ninetales|[spread] p1a,p1b\n|-resisted|p1a: Ninetales\n|-damage|p1a: Ninetales|96\/100\n|-damage|p1b: Sneasler|90\/100\n|-unboost|p1a: Ninetales|spe|1\n|-unboost|p1b: Sneasler|spe|1\n|\n|-weather|Snow|[upkeep]\n|upkeep\n|turn|3\n|\n|t:|1701127250\n|switch|p1a: Revavroom|Revavroom, L50, F|100\/100\n|move|p2b: Bloon Impact|Protect|p2b: Bloon Impact\n|-singleturn|p2b: Bloon Impact|Protect\n|move|p2a: Greyy|Thunderbolt|p1a: Revavroom\n|-damage|p1a: Revavroom|39\/100\n|move|p1b: Sneasler|Close Combat|p2b: Bloon Impact\n|-activate|p2b: Bloon Impact|move: Protect\n|\n|-weather|Snow|[upkeep]\n|upkeep\n|turn|4\n|\n|t:|1701127278\n|switch|p2b: Dusk|Garchomp, L50, M|100\/100\n|move|p1a: Revavroom|High Horsepower|p2b: Dusk\n|-damage|p2b: Dusk|68\/100\n|move|p2a: Greyy|Thunderbolt|p1a: Revavroom\n|-damage|p1a: Revavroom|0 fnt\n|faint|p1a: Revavroom\n|move|p1b: Sneasler|Dire Claw|p2a: Greyy\n|-damage|p2a: Greyy|50\/100\n|-status|p2a: Greyy|psn\n|\n|-weather|Snow|[upkeep]\n|-damage|p2a: Greyy|38\/100 psn|[from] psn\n|upkeep\n|\n|t:|1701127303\n|switch|p1a: Ninetales|Ninetales-Alola, L50, F|96\/100\n|turn|5\n|\n|t:|1701127329\n|move|p2a: Greyy|Thunder Wave|p1a: Ninetales\n|-status|p1a: Ninetales|par\n|move|p2b: Dusk|Stomping Tantrum|p1b: Sneasler\n|-supereffective|p1b: Sneasler\n|-damage|p1b: Sneasler|0 fnt\n|faint|p1b: Sneasler\n|move|p1a: Ninetales|Moonblast|p2b: Dusk\n|-supereffective|p2b: Dusk\n|-damage|p2b: Dusk|0 fnt\n|faint|p2b: Dusk\n|\n|-weather|none\n|-damage|p2a: Greyy|25\/100 psn|[from] psn\n|upkeep\n|-enditem|p2a: Greyy|Aguav Berry|[eat]\n|-heal|p2a: Greyy|59\/100 psn|[from] item: Aguav Berry\n|\n|t:|1701127340\n|switch|p1b: Regidrago|Regidrago, L50|100\/100\n|switch|p2b: Bloon Impact|Tyranitar, L50, F|77\/100\n|-weather|Sandstorm|[from] ability: Sand Stream|[of] p2b: Bloon Impact\n|turn|6\n|\n|t:|1701127361\n|-terastallize|p1b: Regidrago|Dragon\n|move|p2a: Greyy|Eerie Impulse|p1b: Regidrago\n|-unboost|p1b: Regidrago|spa|2\n|move|p1b: Regidrago|Dragon Energy|p2a: Greyy|[spread] p2a,p2b\n|-damage|p2a: Greyy|17\/100 psn\n|-damage|p2b: Bloon Impact|58\/100\n|move|p1a: Ninetales|Moonblast|p2b: Bloon Impact\n|-supereffective|p2b: Bloon Impact\n|-damage|p2b: Bloon Impact|26\/100\n|-unboost|p2b: Bloon Impact|spa|1\n|move|p2b: Bloon Impact|Crunch|p1b: Regidrago\n|-damage|p1b: Regidrago|61\/100\n|\n|-weather|Sandstorm|[upkeep]\n|-damage|p1b: Regidrago|55\/100|[from] Sandstorm\n|-damage|p2a: Greyy|11\/100 psn|[from] Sandstorm\n|-damage|p1a: Ninetales|90\/100 par|[from] Sandstorm\n|-damage|p2a: Greyy|0 fnt|[from] psn\n|faint|p2a: Greyy\n|upkeep\n|\n|t:|1701127377\n|switch|p2a: Jackie|Houndstone, L50, M|100\/100\n|turn|7\n|\n|t:|1701127390\n|move|p2a: Jackie|Last Respects|p1b: Regidrago\n|-damage|p1b: Regidrago|0 fnt\n|faint|p1b: Regidrago\n|cant|p1a: Ninetales|par\n|move|p2b: Bloon Impact|Crunch|p1a: Ninetales\n|-resisted|p1a: Ninetales\n|-damage|p1a: Ninetales|61\/100 par\n|\n|-weather|Sandstorm|[upkeep]\n|-damage|p1a: Ninetales|55\/100 par|[from] Sandstorm\n|upkeep\n|turn|8\n|\n|t:|1701127403\n|move|p2a: Jackie|Last Respects|p1a: Ninetales\n|-damage|p1a: Ninetales|0 fnt\n|faint|p1a: Ninetales\n|\n|win|Everybo-D\n","uploadtime":1701127408,"views":15,"p1id":"legendvgc","p2id":"everybod","formatid":"gen9vgc2023regulatione","rating":0,"private":0,"password":""}