{"id":"gen9vgc2023regulatione-1990440225","p1":"Izzywooperstan","p2":"KumpelYD","format":"[Gen 9] VGC 2023 Regulation E","log":"|j|\u2606Izzywooperstan\n|j|\u2606KumpelYD\n|t:|1699971178\n|gametype|doubles\n|player|p1|Izzywooperstan|lady|1381\n|player|p2|KumpelYD|volkner|1428\n|teamsize|p1|6\n|teamsize|p2|6\n|gen|9\n|tier|[Gen 9] VGC 2023 Regulation E\n|rated|\n|rule|Species Clause: Limit one of each Pok\u00e9mon\n|rule|Item Clause: Limit one of each item\n|clearpoke\n|poke|p1|Ogerpon-Wellspring, L50, F|\n|poke|p1|Rillaboom, L50, F|\n|poke|p1|Baxcalibur, L50, M|\n|poke|p1|Ninetales-Alola, L50, M|\n|poke|p1|Heatran, L50, F|\n|poke|p1|Landorus-Therian, L50, M|\n|poke|p2|Arcanine, L50, M|\n|poke|p2|Cresselia, L50, F|\n|poke|p2|Ogerpon-Wellspring, L50, F|\n|poke|p2|Ting-Lu, L50|\n|poke|p2|Flutter Mane, L50|\n|poke|p2|Iron Hands, L50|\n|teampreview|4\n|inactive|Battle timer is ON: inactive players will automatically lose when time's up. (requested by KumpelYD)\nIzzywooperstan has agreed to open team sheets.\n|inactive|Izzywooperstan has 60 seconds left.\n|inactive|KumpelYD has 60 seconds left.\n|inactive|Izzywooperstan has 30 seconds left.\n|\n|t:|1699971247\n|start\n|switch|p1a: Landorus|Landorus-Therian, L50, M|100\/100\n|switch|p1b: Ogerpon|Ogerpon-Wellspring, L50, F|100\/100\n|switch|p2a: Arcanine|Arcanine, L50, M|100\/100\n|switch|p2b: Cresselia|Cresselia, L50, F|100\/100\n|-ability|p1a: Landorus|Intimidate|boost\n|-unboost|p2a: Arcanine|atk|1\n|-unboost|p2b: Cresselia|atk|1\n|-ability|p2a: Arcanine|Intimidate|boost\n|-unboost|p1a: Landorus|atk|1\n|-unboost|p1b: Ogerpon|atk|1\n|turn|1\n|inactive|Izzywooperstan has 30 seconds left.\n|\n|t:|1699971273\n|switch|p1b: Heatran|Heatran, L50, F|100\/100\n|-terastallize|p2a: Arcanine|Grass\n|move|p1a: Landorus|U-turn|p2b: Cresselia\n|-supereffective|p2b: Cresselia\n|-damage|p2b: Cresselia|79\/100\n|\n|t:|1699971284\n|switch|p1a: Rillaboom|Rillaboom, L50, F|100\/100|[from] U-turn\n|-fieldstart|move: Grassy Terrain|[from] ability: Grassy Surge|[of] p1a: Rillaboom\n|move|p2a: Arcanine|Will-O-Wisp|p1a: Rillaboom\n|-status|p1a: Rillaboom|brn\n|move|p2b: Cresselia|Trick Room|p2b: Cresselia\n|-fieldstart|move: Trick Room|[of] p2b: Cresselia\n|\n|-damage|p1a: Rillaboom|95\/100 brn|[from] brn\n|upkeep\n|turn|2\n|\n|t:|1699971303\n|switch|p2a: Ting-Lu|Ting-Lu, L50|100\/100\n|-ability|p2a: Ting-Lu|Vessel of Ruin\n|move|p1a: Rillaboom|Fake Out|p2b: Cresselia\n|-damage|p2b: Cresselia|75\/100\n|move|p1b: Heatran|Heat Wave|p2a: Ting-Lu|[spread] p2a,p2b\n|-damage|p2a: Ting-Lu|87\/100\n|-damage|p2b: Cresselia|57\/100\n|cant|p2b: Cresselia|flinch\n|\n|-heal|p2a: Ting-Lu|93\/100|[from] Grassy Terrain\n|-heal|p1a: Rillaboom|100\/100 brn|[from] Grassy Terrain\n|-damage|p1a: Rillaboom|95\/100 brn|[from] brn\n|upkeep\n|turn|3\n|\n|t:|1699971324\n|switch|p1b: Landorus|Landorus-Therian, L50, M|100\/100\n|-ability|p1b: Landorus|Intimidate|boost\n|-unboost|p2a: Ting-Lu|atk|1\n|-unboost|p2b: Cresselia|atk|1\n|move|p2a: Ting-Lu|Fissure|p1b: Landorus\n|-immune|p1b: Landorus\n|move|p2b: Cresselia|Lunar Blessing|p2b: Cresselia|[spread] p2a,p2b\n|-heal|p2a: Ting-Lu|100\/100\n|-heal|p2b: Cresselia|82\/100\n|move|p1a: Rillaboom|Wood Hammer|p2a: Ting-Lu\n|-supereffective|p2a: Ting-Lu\n|-damage|p2a: Ting-Lu|65\/100\n|-damage|p1a: Rillaboom|79\/100 brn|[from] Recoil\n|\n|-heal|p2a: Ting-Lu|72\/100|[from] Grassy Terrain\n|-heal|p1a: Rillaboom|85\/100 brn|[from] Grassy Terrain\n|-damage|p1a: Rillaboom|79\/100 brn|[from] brn\n|upkeep\n|turn|4\n|\n|t:|1699971343\n|switch|p2b: Arcanine|Arcanine, L50, M, tera:Grass|100\/100\n|-ability|p2b: Arcanine|Intimidate|boost\n|-unboost|p1a: Rillaboom|atk|1\n|-unboost|p1b: Landorus|atk|1\n|move|p1a: Rillaboom|Grassy Glide|p2a: Ting-Lu\n|-supereffective|p2a: Ting-Lu\n|-damage|p2a: Ting-Lu|61\/100\n|move|p2a: Ting-Lu|Fissure|p1a: Rillaboom\n|-damage|p1a: Rillaboom|0 fnt\n|faint|p1a: Rillaboom\n|-ohko\n|move|p1b: Landorus|U-turn|p2a: Ting-Lu\n|-supereffective|p2a: Ting-Lu\n|-damage|p2a: Ting-Lu|44\/100\n|\n|t:|1699971358\n|switch|p1b: Ogerpon|Ogerpon-Wellspring, L50, F|100\/100|[from] U-turn\n|\n|-heal|p2a: Ting-Lu|50\/100|[from] Grassy Terrain\n|upkeep\n|\n|t:|1699971360\n|switch|p1a: Landorus|Landorus-Therian, L50, M|100\/100\n|-ability|p1a: Landorus|Intimidate|boost\n|-unboost|p2a: Ting-Lu|atk|1\n|-unboost|p2b: Arcanine|atk|1\n|turn|5\n|\n|t:|1699971368\n|switch|p1a: Heatran|Heatran, L50, F|100\/100\n|move|p1b: Ogerpon|Spiky Shield|p1b: Ogerpon\n|-singleturn|p1b: Ogerpon|move: Protect\n|move|p2a: Ting-Lu|Fissure|p1b: Ogerpon\n|-activate|p1b: Ogerpon|move: Protect\n|move|p2b: Arcanine|Will-O-Wisp|p1a: Heatran\n|-start|p1a: Heatran|ability: Flash Fire\n|\n|-heal|p2a: Ting-Lu|56\/100|[from] Grassy Terrain\n|-fieldend|move: Trick Room\n|-fieldend|move: Grassy Terrain\n|upkeep\n|turn|6\n|\n|t:|1699971384\n|switch|p2a: Iron Hands|Iron Hands, L50|100\/100\n|-terastallize|p1b: Ogerpon|Water\n|detailschange|p1b: Ogerpon|Ogerpon-Wellspring-Tera, L50, F, tera:Water\n|-ability|p1b: Ogerpon|Embody Aspect (Wellspring)|boost\n|-boost|p1b: Ogerpon|spd|1\n|move|p1b: Ogerpon|Ivy Cudgel|p2a: Iron Hands|[anim] Ivy Cudgel Water\n|-damage|p2a: Iron Hands|60\/100\n|move|p2b: Arcanine|Will-O-Wisp|p1b: Ogerpon\n|-status|p1b: Ogerpon|brn\n|move|p1a: Heatran|Heat Wave|p2a: Iron Hands|[spread] p2a,p2b\n|-supereffective|p2b: Arcanine\n|-damage|p2a: Iron Hands|10\/100\n|-damage|p2b: Arcanine|0 fnt\n|-status|p2a: Iron Hands|brn\n|faint|p2b: Arcanine\n|\n|-damage|p1b: Ogerpon|94\/100 brn|[from] brn\n|-damage|p2a: Iron Hands|4\/100 brn|[from] brn\n|upkeep\n|\n|t:|1699971402\n|switch|p2b: Ting-Lu|Ting-Lu, L50|56\/100\n|-ability|p2b: Ting-Lu|Vessel of Ruin\n|turn|7\n|\n|t:|1699971413\n|switch|p1b: Landorus|Landorus-Therian, L50, M|100\/100\n|-ability|p1b: Landorus|Intimidate|boost\n|-unboost|p2a: Iron Hands|atk|1\n|-unboost|p2b: Ting-Lu|atk|1\n|move|p1a: Heatran|Protect|p1a: Heatran\n|-singleturn|p1a: Heatran|Protect\n|move|p2a: Iron Hands|Fake Out|p1a: Heatran\n|-activate|p1a: Heatran|move: Protect\n|move|p2b: Ting-Lu|Fissure|p1b: Landorus\n|-immune|p1b: Landorus\n|\n|-damage|p2a: Iron Hands|0 fnt|[from] brn\n|faint|p2a: Iron Hands\n|-end|p2a: Iron Hands|Quark Drive|[silent]\n|upkeep\n|\n|t:|1699971422\n|switch|p2a: Cresselia|Cresselia, L50, F|82\/100\n|turn|8\n|\n|t:|1699971434\n|move|p1b: Landorus|U-turn|p2a: Cresselia\n|-supereffective|p2a: Cresselia\n|-damage|p2a: Cresselia|51\/100\n|\n|t:|1699971436\n|switch|p1b: Ogerpon|Ogerpon-Wellspring-Tera, L50, F, tera:Water|94\/100 brn|[from] U-turn\n|-ability|p1b: Ogerpon|Embody Aspect (Wellspring)|boost\n|-boost|p1b: Ogerpon|spd|1\n|move|p1a: Heatran|Heat Wave|p2a: Cresselia|[spread] p2a,p2b\n|-damage|p2a: Cresselia|24\/100\n|-damage|p2b: Ting-Lu|36\/100\n|move|p2b: Ting-Lu|Fissure|p1a: Heatran|[miss]\n|-miss|p2b: Ting-Lu|p1a: Heatran\n|move|p2a: Cresselia|Trick Room|p2a: Cresselia\n|-fieldstart|move: Trick Room|[of] p2a: Cresselia\n|\n|-damage|p1b: Ogerpon|88\/100 brn|[from] brn\n|upkeep\n|turn|9\n|inactive|Izzywooperstan has 30 seconds left.\n|\n|t:|1699971465\n|move|p1a: Heatran|Protect|p1a: Heatran\n|-singleturn|p1a: Heatran|Protect\n|move|p2b: Ting-Lu|Fissure|p1b: Ogerpon|[miss]\n|-miss|p2b: Ting-Lu|p1b: Ogerpon\n|move|p2a: Cresselia|Lunar Blessing|p2a: Cresselia|[spread] p2a,p2b\n|-heal|p2a: Cresselia|49\/100\n|-heal|p2b: Ting-Lu|61\/100\n|move|p1b: Ogerpon|Ivy Cudgel|p2b: Ting-Lu|[anim] Ivy Cudgel Water\n|-supereffective|p2b: Ting-Lu\n|-damage|p2b: Ting-Lu|27\/100\n|\n|-damage|p1b: Ogerpon|82\/100 brn|[from] brn\n|upkeep\n|turn|10\n|\n|t:|1699971487\n|move|p2b: Ting-Lu|Fissure|p1a: Heatran\n|-damage|p1a: Heatran|0 fnt\n|faint|p1a: Heatran\n|-ohko\n|move|p2a: Cresselia|Lunar Blessing|p2a: Cresselia|[spread] p2a,p2b\n|-heal|p2a: Cresselia|74\/100\n|-heal|p2b: Ting-Lu|52\/100\n|move|p1b: Ogerpon|Ivy Cudgel|p2b: Ting-Lu|[anim] Ivy Cudgel Water\n|-supereffective|p2b: Ting-Lu\n|-damage|p2b: Ting-Lu|16\/100\n|\n|-damage|p1b: Ogerpon|75\/100 brn|[from] brn\n|upkeep\n|\n|t:|1699971499\n|switch|p1a: Landorus|Landorus-Therian, L50, M|100\/100\n|-ability|p1a: Landorus|Intimidate|boost\n|-unboost|p2a: Cresselia|atk|1\n|-unboost|p2b: Ting-Lu|atk|1\n|turn|11\n|\n|t:|1699971510\n|move|p1b: Ogerpon|Spiky Shield|p1b: Ogerpon\n|-singleturn|p1b: Ogerpon|move: Protect\n|move|p2b: Ting-Lu|Fissure|p1b: Ogerpon\n|-activate|p1b: Ogerpon|move: Protect\n|move|p2a: Cresselia|Lunar Blessing|p2a: Cresselia|[spread] p2a,p2b\n|-heal|p2a: Cresselia|99\/100\n|-heal|p2b: Ting-Lu|41\/100\n|move|p1a: Landorus|U-turn|p2b: Ting-Lu\n|-supereffective|p2b: Ting-Lu\n|-damage|p2b: Ting-Lu|16\/100\n|\n|-damage|p1b: Ogerpon|69\/100 brn|[from] brn\n|upkeep\n|turn|12\n|\n|t:|1699971530\n|move|p2a: Cresselia|Ally Switch|p2a: Cresselia\n|swap|p2a: Cresselia|1|[from] move: Ally Switch\n|move|p2a: Ting-Lu|Ruination|p1a: Landorus\n|-damage|p1a: Landorus|51\/100\n|move|p1b: Ogerpon|Ivy Cudgel|p2b: Cresselia|[anim] Ivy Cudgel Water\n|-damage|p2b: Cresselia|76\/100\n|move|p1a: Landorus|U-turn|p2b: Cresselia\n|-supereffective|p2b: Cresselia\n|-damage|p2b: Cresselia|46\/100\n|\n|-damage|p1b: Ogerpon|63\/100 brn|[from] brn\n|-fieldend|move: Trick Room\n|upkeep\n|turn|13\n|\n|t:|1699971543\n|move|p1a: Landorus|U-turn|p2a: Ting-Lu\n|-supereffective|p2a: Ting-Lu\n|-damage|p2a: Ting-Lu|0 fnt\n|faint|p2a: Ting-Lu\n|move|p1b: Ogerpon|Ivy Cudgel|p2b: Cresselia|[anim] Ivy Cudgel Water\n|-damage|p2b: Cresselia|24\/100\n|move|p2b: Cresselia|Trick Room|p2b: Cresselia\n|-fieldstart|move: Trick Room|[of] p2b: Cresselia\n|\n|-damage|p1b: Ogerpon|57\/100 brn|[from] brn\n|upkeep\n|turn|14\n|\n|t:|1699971554\n|move|p2b: Cresselia|Lunar Blessing|p2b: Cresselia\n|-heal|p2b: Cresselia|49\/100\n|move|p1b: Ogerpon|Ivy Cudgel|p2b: Cresselia|[anim] Ivy Cudgel Water\n|-crit|p2b: Cresselia\n|-damage|p2b: Cresselia|15\/100\n|move|p1a: Landorus|U-turn|p2b: Cresselia\n|-supereffective|p2b: Cresselia\n|-damage|p2b: Cresselia|0 fnt\n|faint|p2b: Cresselia\n|\n|win|Izzywooperstan\n|raw|Izzywooperstan's rating: 1381 &rarr; <strong>1404<\/strong><br \/>(+23 for winning)\n|raw|KumpelYD's rating: 1428 &rarr; <strong>1405<\/strong><br \/>(-23 for losing)\n|l|\u2606KumpelYD\n","uploadtime":1699971567,"views":16,"p1id":"izzywooperstan","p2id":"kumpelyd","formatid":"gen9vgc2023regulatione","rating":1404,"private":0,"password":""}