{"id":"gen9vgc2023regulatione-1989557441","p1":"aliasniamor","p2":"Jippt351","format":"[Gen 9] VGC 2023 Regulation E","log":"|j|\u2606aliasniamor\n|j|\u2606Jippt351\n|t:|1699870912\n|gametype|doubles\n|player|p1|aliasniamor|266|1190\n|player|p2|Jippt351|1|1077\n|teamsize|p1|6\n|teamsize|p2|6\n|gen|9\n|tier|[Gen 9] VGC 2023 Regulation E\n|rated|\n|rule|Species Clause: Limit one of each Pok\u00e9mon\n|rule|Item Clause: Limit one of each item\n|clearpoke\n|poke|p1|Garganacl, L50, F|\n|poke|p1|Glimmora, L50, M|\n|poke|p1|Iron Valiant, L50|\n|poke|p1|Talonflame, L50, M|\n|poke|p1|Amoonguss, L50, F|\n|poke|p1|Roaring Moon, L50|\n|poke|p2|Tornadus, L50, M|\n|poke|p2|Flutter Mane, L50|\n|poke|p2|Regidrago, L50|\n|poke|p2|Heatran, L50, F|\n|poke|p2|Urshifu-*, L50, M|\n|poke|p2|Farigiraf, L50, F|\n|teampreview|4\n|inactive|Battle timer is ON: inactive players will automatically lose when time's up. (requested by Jippt351)\n|l|\u2606Jippt351\n|inactive|Jippt351 disconnected and has a minute to reconnect!\n|player|p2|\n|j|\u2606Jippt351\n|inactive|Jippt351 reconnected and has 65 seconds left.\n|player|p2|Jippt351|1\n|inactive|Jippt351 has 60 seconds left.\n|l|\u2606Jippt351\n|inactive|Jippt351 disconnected and has a minute to reconnect!\n|player|p2|\n|j|\u2606Jippt351\n|inactive|Jippt351 reconnected and has 40 seconds left.\n|player|p2|Jippt351|1\n|\n|t:|1699870974\n|start\n|switch|p1a: Amoonguss|Amoonguss, L50, F|100\/100\n|switch|p1b: Garganacl|Garganacl, L50, F|100\/100\n|switch|p2a: Tornadus|Tornadus, L50, M|100\/100\n|switch|p2b: Flutter Mane|Flutter Mane, L50|100\/100\n|-enditem|p2b: Flutter Mane|Booster Energy\n|-activate|p2b: Flutter Mane|ability: Protosynthesis|[fromitem]\n|-start|p2b: Flutter Mane|protosynthesisspa\n|turn|1\n|inactive|aliasniamor has 30 seconds left.\n|inactive|Jippt351 has 30 seconds left.\n|\n|t:|1699871003\n|move|p1a: Amoonguss|Protect|p1a: Amoonguss\n|-singleturn|p1a: Amoonguss|Protect\n|move|p1b: Garganacl|Protect|p1b: Garganacl\n|-singleturn|p1b: Garganacl|Protect\n|move|p2a: Tornadus|Tailwind|p2a: Tornadus\n|-sidestart|p2: Jippt351|move: Tailwind\n|move|p2b: Flutter Mane|Dazzling Gleam|p1a: Amoonguss|[spread] \n|-activate|p1a: Amoonguss|move: Protect\n|-activate|p1b: Garganacl|move: Protect\n|\n|upkeep\n|turn|2\n|\n|t:|1699871026\n|move|p1b: Garganacl|Wide Guard|p1b: Garganacl\n|-singleturn|p1b: Garganacl|Wide Guard\n|move|p2b: Flutter Mane|Substitute|p2b: Flutter Mane\n|-start|p2b: Flutter Mane|Substitute\n|-damage|p2b: Flutter Mane|76\/100\n|move|p2a: Tornadus|Bleakwind Storm|p1b: Garganacl|[spread] \n|-activate|p1a: Amoonguss|move: Wide Guard\n|-activate|p1b: Garganacl|move: Wide Guard\n|move|p1a: Amoonguss|Pollen Puff|p2b: Flutter Mane\n|-resisted|p2b: Flutter Mane\n|-activate|p2b: Flutter Mane|move: Substitute|[damage]\n|\n|upkeep\n|turn|3\n|\n|t:|1699871046\n|move|p2b: Flutter Mane|Dazzling Gleam|p1b: Garganacl|[spread] p1a,p1b\n|-resisted|p1a: Amoonguss\n|-damage|p1a: Amoonguss|88\/100\n|-damage|p1b: Garganacl|62\/100\n|move|p2a: Tornadus|Bleakwind Storm|p1a: Amoonguss|[spread] p1b\n|-miss|p2a: Tornadus|p1a: Amoonguss\n|-resisted|p1b: Garganacl\n|-damage|p1b: Garganacl|46\/100\n|-unboost|p1b: Garganacl|spe|1\n|move|p1a: Amoonguss|Giga Drain|p2b: Flutter Mane\n|-end|p2b: Flutter Mane|Substitute\n|-heal|p1a: Amoonguss|94\/100|[from] drain|[of] p2b: Flutter Mane\n|move|p1b: Garganacl|Salt Cure|p2a: Tornadus\n|-supereffective|p2a: Tornadus\n|-damage|p2a: Tornadus|60\/100\n|-start|p2a: Tornadus|Salt Cure\n|\n|-heal|p1b: Garganacl|52\/100|[from] item: Leftovers\n|-damage|p2a: Tornadus|48\/100|[from] Salt Cure\n|upkeep\n|turn|4\n|l|\u2606Jippt351\n|inactive|Jippt351 disconnected and has a minute to reconnect!\n|player|p2|\n|j|\u2606Jippt351\n|inactive|Jippt351 reconnected and has 35 seconds left.\n|player|p2|Jippt351|1\n|inactive|Jippt351 has 30 seconds left.\n|inactive|Jippt351 has 20 seconds left.\n|inactive|Jippt351 has 15 seconds left.\n|inactive|Jippt351 has 10 seconds left.\n|\n|t:|1699871091\n|move|p1b: Garganacl|Wide Guard|p1b: Garganacl\n|-singleturn|p1b: Garganacl|Wide Guard\n|move|p2a: Tornadus|Sunny Day|p2a: Tornadus\n|-weather|SunnyDay\n|move|p2b: Flutter Mane|Dazzling Gleam|p1a: Amoonguss|[spread] \n|-activate|p1a: Amoonguss|move: Wide Guard\n|-activate|p1b: Garganacl|move: Wide Guard\n|move|p1a: Amoonguss|Giga Drain|p2b: Flutter Mane\n|-damage|p2b: Flutter Mane|54\/100\n|-heal|p1a: Amoonguss|100\/100|[from] drain|[of] p2b: Flutter Mane\n|\n|-weather|SunnyDay|[upkeep]\n|-heal|p1b: Garganacl|58\/100|[from] item: Leftovers\n|-damage|p2a: Tornadus|36\/100|[from] Salt Cure\n|-sideend|p2: Jippt351|move: Tailwind\n|upkeep\n|turn|5\n|inactive|aliasniamor has 30 seconds left.\n|inactive|aliasniamor has 20 seconds left.\n|inactive|aliasniamor has 15 seconds left.\n|\n|t:|1699871131\n|move|p1b: Garganacl|Wide Guard|p1b: Garganacl\n|-singleturn|p1b: Garganacl|Wide Guard\n|move|p2a: Tornadus|Tailwind|p2a: Tornadus\n|-sidestart|p2: Jippt351|move: Tailwind\n|move|p2b: Flutter Mane|Dazzling Gleam|p1a: Amoonguss|[spread] \n|-activate|p1a: Amoonguss|move: Wide Guard\n|-activate|p1b: Garganacl|move: Wide Guard\n|move|p1a: Amoonguss|Giga Drain|p2b: Flutter Mane\n|-damage|p2b: Flutter Mane|31\/100\n|\n|-weather|SunnyDay|[upkeep]\n|-heal|p1b: Garganacl|63\/100|[from] item: Leftovers\n|-damage|p2a: Tornadus|24\/100|[from] Salt Cure\n|upkeep\n|turn|6\n|\n|t:|1699871154\n|move|p1b: Garganacl|Wide Guard|p1b: Garganacl\n|-singleturn|p1b: Garganacl|Wide Guard\n|move|p2b: Flutter Mane|Substitute|p2b: Flutter Mane\n|-start|p2b: Flutter Mane|Substitute\n|-damage|p2b: Flutter Mane|7\/100\n|move|p2a: Tornadus|Bleakwind Storm|p1b: Garganacl|[spread] \n|-activate|p1a: Amoonguss|move: Wide Guard\n|-activate|p1b: Garganacl|move: Wide Guard\n|move|p1a: Amoonguss|Giga Drain|p2b: Flutter Mane\n|-activate|p2b: Flutter Mane|move: Substitute|[damage]\n|\n|-weather|SunnyDay|[upkeep]\n|-heal|p1b: Garganacl|69\/100|[from] item: Leftovers\n|-damage|p2a: Tornadus|11\/100|[from] Salt Cure\n|upkeep\n|turn|7\n|inactive|Jippt351 has 30 seconds left.\n|\n|t:|1699871182\n|switch|p2a: Heatran|Heatran, L50, F|100\/100\n|move|p1b: Garganacl|Wide Guard|p1b: Garganacl\n|-singleturn|p1b: Garganacl|Wide Guard\n|move|p2b: Flutter Mane|Dazzling Gleam|p1a: Amoonguss|[spread] \n|-activate|p1a: Amoonguss|move: Wide Guard\n|-activate|p1b: Garganacl|move: Wide Guard\n|move|p1a: Amoonguss|Giga Drain|p2b: Flutter Mane\n|-end|p2b: Flutter Mane|Substitute\n|\n|-weather|SunnyDay|[upkeep]\n|-heal|p1b: Garganacl|75\/100|[from] item: Leftovers\n|upkeep\n|turn|8\n|inactive|aliasniamor has 30 seconds left.\n|\n|t:|1699871209\n|move|p2b: Flutter Mane|Shadow Ball|p1a: Amoonguss\n|-damage|p1a: Amoonguss|64\/100\n|move|p2a: Heatran|Heat Wave|p1b: Garganacl|[spread] p1a,p1b\n|-supereffective|p1a: Amoonguss\n|-resisted|p1b: Garganacl\n|-damage|p1a: Amoonguss|0 fnt\n|-damage|p1b: Garganacl|35\/100\n|faint|p1a: Amoonguss\n|-damage|p2a: Heatran|91\/100|[from] item: Life Orb\n|move|p1b: Garganacl|Salt Cure|p2a: Heatran\n|-damage|p2a: Heatran|76\/100\n|-start|p2a: Heatran|Salt Cure\n|\n|-weather|none\n|-heal|p1b: Garganacl|41\/100|[from] item: Leftovers\n|-damage|p2a: Heatran|51\/100|[from] Salt Cure\n|-sideend|p2: Jippt351|move: Tailwind\n|upkeep\n|\n|t:|1699871229\n|switch|p1a: Iron Valiant|Iron Valiant, L50|100\/100\n|turn|9\n|inactive|Jippt351 has 30 seconds left.\n|\n|t:|1699871256\n|move|p1b: Garganacl|Wide Guard|p1b: Garganacl\n|-singleturn|p1b: Garganacl|Wide Guard\n|move|p2b: Flutter Mane|Dazzling Gleam|p1a: Iron Valiant|[spread] \n|-activate|p1a: Iron Valiant|move: Wide Guard\n|-activate|p1b: Garganacl|move: Wide Guard\n|move|p1a: Iron Valiant|Drain Punch|p2a: Heatran\n|-supereffective|p2a: Heatran\n|-damage|p2a: Heatran|0 fnt\n|faint|p2a: Heatran\n|-damage|p1a: Iron Valiant|91\/100|[from] item: Life Orb\n|\n|-heal|p1b: Garganacl|47\/100|[from] item: Leftovers\n|upkeep\n|\n|t:|1699871262\n|switch|p2a: Urshifu|Urshifu, L50, M|100\/100\n|turn|10\n|\n|t:|1699871284\n|-terastallize|p1b: Garganacl|Ghost\n|move|p2a: Urshifu|Close Combat|p1a: Iron Valiant\n|-resisted|p1a: Iron Valiant\n|-damage|p1a: Iron Valiant|49\/100\n|-unboost|p2a: Urshifu|def|1\n|-unboost|p2a: Urshifu|spd|1\n|move|p2b: Flutter Mane|Dazzling Gleam|p1a: Iron Valiant|[spread] p1a,p1b\n|-supereffective|p1a: Iron Valiant\n|-damage|p1a: Iron Valiant|0 fnt\n|-damage|p1b: Garganacl|10\/100\n|faint|p1a: Iron Valiant\n|-end|p1a: Iron Valiant|Quark Drive|[silent]\n|move|p1b: Garganacl|Recover|p1b: Garganacl\n|-heal|p1b: Garganacl|60\/100\n|\n|-heal|p1b: Garganacl|66\/100|[from] item: Leftovers\n|upkeep\n|\n|t:|1699871298\n|switch|p1a: Roaring Moon|Roaring Moon, L50|100\/100\n|-enditem|p1a: Roaring Moon|Booster Energy\n|-activate|p1a: Roaring Moon|ability: Protosynthesis|[fromitem]\n|-start|p1a: Roaring Moon|protosynthesisatk\n|turn|11\n|\n|t:|1699871308\n|move|p1a: Roaring Moon|Protect|p1a: Roaring Moon\n|-singleturn|p1a: Roaring Moon|Protect\n|move|p2a: Urshifu|Close Combat|p1a: Roaring Moon\n|-supereffective|p1a: Roaring Moon\n|-damage|p1a: Roaring Moon|0 fnt\n|-unboost|p2a: Urshifu|def|1\n|-unboost|p2a: Urshifu|spd|1\n|faint|p1a: Roaring Moon\n|-end|p1a: Roaring Moon|Protosynthesis|[silent]\n|move|p2b: Flutter Mane|Shadow Ball|p1b: Garganacl\n|-supereffective|p1b: Garganacl\n|-damage|p1b: Garganacl|11\/100\n|-unboost|p1b: Garganacl|spd|1\n|move|p1b: Garganacl|Salt Cure|p2b: Flutter Mane\n|-damage|p2b: Flutter Mane|0 fnt\n|faint|p2b: Flutter Mane\n|-end|p2b: Flutter Mane|Protosynthesis|[silent]\n|\n|-heal|p1b: Garganacl|17\/100|[from] item: Leftovers\n|upkeep\n|-message|aliasniamor forfeited.\n|\n|win|Jippt351\n|raw|aliasniamor's rating: 1190 &rarr; <strong>1157<\/strong><br \/>(-33 for losing)\n|raw|Jippt351's rating: 1077 &rarr; <strong>1114<\/strong><br \/>(+37 for winning)\n|l|\u2606aliasniamor\n","uploadtime":1699871336,"views":46,"p1id":"aliasniamor","p2id":"jippt351","formatid":"gen9vgc2023regulatione","rating":1114,"private":0,"password":""}