{"id":"gen9vgc2023regulatione-1996873192","p1":"xingshen","p2":"yyhjtyddrty6u","format":"[Gen 9] VGC 2023 Regulation E","log":"|j|\u2606xingshen\n|j|\u2606yyhjtyddrty6u\n|t:|1700738550\n|gametype|doubles\n|player|p1|xingshen|265|1144\n|player|p2|yyhjtyddrty6u|169|1121\n|teamsize|p1|6\n|teamsize|p2|6\n|gen|9\n|tier|[Gen 9] VGC 2023 Regulation E\n|rated|\n|rule|Species Clause: Limit one of each Pok\u00e9mon\n|rule|Item Clause: Limit one of each item\n|clearpoke\n|poke|p1|Landorus-Therian, L50, M|\n|poke|p1|Chi-Yu, L50|\n|poke|p1|Ogerpon-Hearthflame, L50, F|\n|poke|p1|Ninetales, L50, M|\n|poke|p1|Flutter Mane, L50|\n|poke|p1|Dragonite, L50, M|\n|poke|p2|Milotic, L50, M|\n|poke|p2|Urshifu-*, L50, M|\n|poke|p2|Thundurus, L50, M|\n|poke|p2|Rillaboom, L50, F|\n|poke|p2|Heatran, L50, M|\n|poke|p2|Landorus-Therian, L50, M|\n|teampreview|4\n|\n|t:|1700738577\n|start\n|switch|p1a: Ninetales|Ninetales, L50, M|100\/100\n|switch|p1b: Chi-Yu|Chi-Yu, L50|100\/100\n|switch|p2a: Urshifu|Urshifu, L50, M|100\/100\n|switch|p2b: Thundurus|Thundurus, L50, M|100\/100\n|-ability|p1b: Chi-Yu|Beads of Ruin\n|-weather|SunnyDay|[from] ability: Drought|[of] p1a: Ninetales\n|turn|1\n|\n|t:|1700738596\n|-terastallize|p1b: Chi-Yu|Ghost\n|move|p2b: Thundurus|Eerie Impulse|p1a: Ninetales\n|-unboost|p1a: Ninetales|spa|2\n|move|p1b: Chi-Yu|Heat Wave|p2b: Thundurus|[spread] p2a,p2b\n|-enditem|p2a: Urshifu|Focus Sash\n|-damage|p2a: Urshifu|1\/100\n|-damage|p2b: Thundurus|4\/100\n|move|p2a: Urshifu|Wicked Blow|p1b: Chi-Yu\n|-supereffective|p1b: Chi-Yu\n|-crit|p1b: Chi-Yu\n|-enditem|p1b: Chi-Yu|Focus Sash\n|-damage|p1b: Chi-Yu|1\/100\n|move|p1a: Ninetales|Fire Blast|p2b: Thundurus|[miss]\n|-miss|p1a: Ninetales|p2b: Thundurus\n|\n|-weather|SunnyDay|[upkeep]\n|upkeep\n|turn|2\n|\n|t:|1700738625\n|switch|p2b: Heatran|Heatran, L50, M|100\/100\n|switch|p1b: Flutter Mane|Flutter Mane, L50|100\/100\n|-activate|p1b: Flutter Mane|ability: Protosynthesis\n|-start|p1b: Flutter Mane|protosynthesisspe\n|move|p2a: Urshifu|Sucker Punch||[still]\n|-fail|p2a: Urshifu\n|move|p1a: Ninetales|Fire Blast|p2a: Urshifu\n|-damage|p2a: Urshifu|0 fnt\n|faint|p2a: Urshifu\n|\n|-weather|SunnyDay|[upkeep]\n|upkeep\n|\n|t:|1700738637\n|switch|p2a: Thundurus|Thundurus, L50, M|4\/100\n|turn|3\n|\n|t:|1700738657\n|switch|p1a: Chi-Yu|Chi-Yu, L50, tera:Ghost|1\/100\n|-ability|p1a: Chi-Yu|Beads of Ruin\n|move|p2a: Thundurus|Eerie Impulse|p1b: Flutter Mane\n|-unboost|p1b: Flutter Mane|spa|2\n|move|p1b: Flutter Mane|Shadow Ball|p2b: Heatran\n|-damage|p2b: Heatran|77\/100\n|move|p2b: Heatran|Heat Wave|p1a: Chi-Yu|[spread] p1a,p1b\n|-crit|p1a: Chi-Yu\n|-damage|p1a: Chi-Yu|0 fnt\n|-damage|p1b: Flutter Mane|19\/100\n|faint|p1a: Chi-Yu\n|\n|-weather|SunnyDay|[upkeep]\n|upkeep\n|\n|t:|1700738675\n|switch|p1a: Ninetales|Ninetales, L50, M|100\/100\n|turn|4\n|\n|t:|1700738691\n|move|p1a: Ninetales|Protect|p1a: Ninetales\n|-singleturn|p1a: Ninetales|Protect\n|move|p2a: Thundurus|Eerie Impulse|p1a: Ninetales\n|-activate|p1a: Ninetales|move: Protect\n|move|p1b: Flutter Mane|Shadow Ball|p2a: Thundurus\n|-damage|p2a: Thundurus|0 fnt\n|faint|p2a: Thundurus\n|move|p2b: Heatran|Heat Wave|p1b: Flutter Mane|[spread] \n|-activate|p1a: Ninetales|move: Protect\n|-miss|p2b: Heatran|p1b: Flutter Mane\n|\n|-weather|SunnyDay|[upkeep]\n|upkeep\n|\n|t:|1700738701\n|switch|p2a: Landorus|Landorus-Therian, L50, M|100\/100\n|-ability|p2a: Landorus|Intimidate|boost\n|-unboost|p1a: Ninetales|atk|1\n|-unboost|p1b: Flutter Mane|atk|1\n|turn|5\n|\n|t:|1700738719\n|-end|p1b: Flutter Mane|Protosynthesis|[silent]\n|switch|p1b: Ogerpon|Ogerpon-Hearthflame, L50, F|100\/100\n|-ability|p1b: Ogerpon|Mold Breaker\n|-terastallize|p2a: Landorus|Flying\n|move|p2a: Landorus|Tera Blast|p1a: Ninetales|[anim] Tera Blast Flying\n|-damage|p1a: Ninetales|25\/100\n|-enditem|p1a: Ninetales|Aguav Berry|[eat]\n|-heal|p1a: Ninetales|58\/100|[from] item: Aguav Berry\n|move|p1a: Ninetales|Fire Blast|p2a: Landorus\n|-damage|p2a: Landorus|37\/100\n|move|p2b: Heatran|Heat Wave|p1b: Ogerpon|[spread] p1a,p1b\n|-resisted|p1a: Ninetales\n|-damage|p1a: Ninetales|31\/100\n|-damage|p1b: Ogerpon|41\/100\n|\n|-weather|none\n|upkeep\n|turn|6\n|\n|t:|1700738754\n|move|p1b: Ogerpon|Spiky Shield|p1b: Ogerpon\n|-singleturn|p1b: Ogerpon|move: Protect\n|move|p2a: Landorus|Tera Blast|p1b: Ogerpon|[anim] Tera Blast Flying\n|-activate|p1b: Ogerpon|move: Protect\n|move|p1a: Ninetales|Memento|p2b: Heatran\n|-unboost|p2b: Heatran|atk|2\n|-unboost|p2b: Heatran|spa|2\n|faint|p1a: Ninetales\n|move|p2b: Heatran|Earth Power|p1b: Ogerpon\n|-activate|p1b: Ogerpon|move: Protect\n|\n|upkeep\n|\n|t:|1700738767\n|switch|p1a: Flutter Mane|Flutter Mane, L50|19\/100\n|turn|7\n|\n|t:|1700738779\n|move|p1b: Ogerpon|Spiky Shield|p1b: Ogerpon\n|-singleturn|p1b: Ogerpon|move: Protect\n|move|p2a: Landorus|Tera Blast|p1b: Ogerpon|[anim] Tera Blast Flying\n|-activate|p1b: Ogerpon|move: Protect\n|move|p1a: Flutter Mane|Shadow Ball|p2a: Landorus\n|-damage|p2a: Landorus|0 fnt\n|faint|p2a: Landorus\n|move|p2b: Heatran|Flash Cannon|p1a: Flutter Mane\n|-supereffective|p1a: Flutter Mane\n|-damage|p1a: Flutter Mane|0 fnt\n|faint|p1a: Flutter Mane\n|-end|p1a: Flutter Mane|Protosynthesis|[silent]\n|\n|upkeep\n|turn|8\n|\n|t:|1700738795\n|move|p1b: Ogerpon|Ivy Cudgel|p2b: Heatran|[anim] Ivy Cudgel Fire\n|-damage|p2b: Heatran|25\/100\n|move|p2b: Heatran|Heat Wave|p1b: Ogerpon\n|-damage|p1b: Ogerpon|12\/100\n|\n|upkeep\n|turn|9\n|\n|t:|1700738802\n|move|p1b: Ogerpon|Ivy Cudgel|p2b: Heatran|[anim] Ivy Cudgel Fire\n|-crit|p2b: Heatran\n|-damage|p2b: Heatran|0 fnt\n|faint|p2b: Heatran\n|\n|win|xingshen\n|raw|xingshen's rating: 1126 &rarr; <strong>1151<\/strong><br \/>(+25 for winning)\n|raw|yyhjtyddrty6u's rating: 1121 &rarr; <strong>1096<\/strong><br \/>(-25 for losing)\n","uploadtime":1700738811,"views":5,"p1id":"xingshen","p2id":"yyhjtyddrty6u","formatid":"gen9vgc2023regulatione","rating":1096,"private":0,"password":""}