{"id":"gen9vgc2023regulatione-1993522029","p1":"Open00","p2":"verylonelysole","format":"[Gen 9] VGC 2023 Regulation E","log":"|j|\u2606Open00\n|j|\u2606verylonelysole\n|t:|1700327654\n|gametype|doubles\n|player|p1|Open00|depotagent|1292\n|player|p2|verylonelysole|bruno|1209\n|teamsize|p1|6\n|teamsize|p2|6\n|gen|9\n|tier|[Gen 9] VGC 2023 Regulation E\n|rated|\n|rule|Species Clause: Limit one of each Pok\u00e9mon\n|rule|Item Clause: Limit one of each item\n|clearpoke\n|poke|p1|Gholdengo, L50|\n|poke|p1|Iron Hands, L50|\n|poke|p1|Amoonguss, L50, M|\n|poke|p1|Iron Bundle, L50|\n|poke|p1|Pelipper, L50, M|\n|poke|p1|Salamence, L50, F|\n|poke|p2|Dusclops, L50, M|\n|poke|p2|Ursaluna-Bloodmoon, L50, M|\n|poke|p2|Iron Hands, L50|\n|poke|p2|Landorus-Therian, L50, M|\n|poke|p2|Iron Bundle, L50|\n|poke|p2|Cresselia, L50, F|\n|teampreview|4\n|inactive|Battle timer is ON: inactive players will automatically lose when time's up. (requested by Open00)\n|inactive|verylonelysole has 60 seconds left.\n|\n|t:|1700327707\n|start\n|switch|p1a: Iron Hands|Iron Hands, L50|100\/100\n|switch|p1b: Amoonguss|Amoonguss, L50, M|100\/100\n|switch|p2a: Landorus|Landorus-Therian, L50, M|100\/100\n|switch|p2b: Ursaluna|Ursaluna-Bloodmoon, L50, M|100\/100\n|-ability|p2a: Landorus|Intimidate|boost\n|-unboost|p1a: Iron Hands|atk|1\n|-unboost|p1b: Amoonguss|atk|1\n|turn|1\n|inactive|verylonelysole has 30 seconds left.\n|inactive|verylonelysole has 20 seconds left.\n|inactive|verylonelysole has 15 seconds left.\n|\n|t:|1700327748\n|move|p1a: Iron Hands|Fake Out|p2a: Landorus\n|-damage|p2a: Landorus|87\/100\n|cant|p2a: Landorus|flinch\n|move|p2b: Ursaluna|Hyper Voice|p1a: Iron Hands|[spread] p1a,p1b\n|-damage|p1a: Iron Hands|83\/100\n|-damage|p1b: Amoonguss|66\/100\n|-enditem|p2b: Ursaluna|Throat Spray\n|-boost|p2b: Ursaluna|spa|1|[from] item: Throat Spray\n|move|p1b: Amoonguss|Spore|p2b: Ursaluna\n|-status|p2b: Ursaluna|slp|[from] move: Spore\n|\n|upkeep\n|turn|2\n|\n|t:|1700327764\n|-end|p1a: Iron Hands|Quark Drive|[silent]\n|switch|p1a: Pelipper|Pelipper, L50, M|100\/100\n|-weather|RainDance|[from] ability: Drizzle|[of] p1a: Pelipper\n|move|p2a: Landorus|Stomping Tantrum|p1a: Pelipper\n|-immune|p1a: Pelipper\n|cant|p2b: Ursaluna|slp\n|move|p1b: Amoonguss|Spore|p2a: Landorus\n|-status|p2a: Landorus|slp|[from] move: Spore\n|\n|-weather|RainDance|[upkeep]\n|upkeep\n|turn|3\n|\n|t:|1700327783\n|switch|p1b: Iron Bundle|Iron Bundle, L50|100\/100\n|-enditem|p1b: Iron Bundle|Booster Energy\n|-activate|p1b: Iron Bundle|ability: Quark Drive|[fromitem]\n|-start|p1b: Iron Bundle|quarkdrivespe\n|cant|p2a: Landorus|slp\n|move|p1a: Pelipper|Weather Ball|p2b: Ursaluna\n|-supereffective|p2b: Ursaluna\n|-damage|p2b: Ursaluna|7\/100 slp\n|-curestatus|p2b: Ursaluna|slp|[msg]\n|move|p2b: Ursaluna|Hyper Voice|p1b: Iron Bundle|[spread] p1a,p1b\n|-damage|p1a: Pelipper|21\/100\n|-damage|p1b: Iron Bundle|23\/100\n|\n|-weather|RainDance|[upkeep]\n|upkeep\n|turn|4\n|\n|t:|1700327806\n|switch|p2a: Iron Hands|Iron Hands, L50, shiny|100\/100\n|move|p2b: Ursaluna|Vacuum Wave|p1b: Iron Bundle\n|-supereffective|p1b: Iron Bundle\n|-damage|p1b: Iron Bundle|0 fnt\n|faint|p1b: Iron Bundle\n|-end|p1b: Iron Bundle|Quark Drive|[silent]\n|move|p1a: Pelipper|Hurricane|p2a: Iron Hands\n|-damage|p2a: Iron Hands|70\/100\n|\n|-weather|RainDance|[upkeep]\n|upkeep\n|\n|t:|1700327816\n|switch|p1b: Iron Hands|Iron Hands, L50|83\/100\n|turn|5\n|\n|t:|1700327826\n|move|p2b: Ursaluna|Protect|p2b: Ursaluna\n|-singleturn|p2b: Ursaluna|Protect\n|move|p1b: Iron Hands|Fake Out|p2b: Ursaluna\n|-activate|p2b: Ursaluna|move: Protect\n|move|p2a: Iron Hands|Fake Out|p1a: Pelipper\n|-damage|p1a: Pelipper|6\/100\n|cant|p1a: Pelipper|flinch\n|\n|-weather|RainDance|[upkeep]\n|upkeep\n|turn|6\n|\n|t:|1700327844\n|move|p1a: Pelipper|Protect|p1a: Pelipper\n|-singleturn|p1a: Pelipper|Protect\n|move|p2b: Ursaluna|Vacuum Wave|p1a: Pelipper\n|-activate|p1a: Pelipper|move: Protect\n|move|p1b: Iron Hands|Drain Punch|p2b: Ursaluna\n|-supereffective|p2b: Ursaluna\n|-damage|p2b: Ursaluna|0 fnt\n|-heal|p1b: Iron Hands|85\/100|[from] drain|[of] p2b: Ursaluna\n|faint|p2b: Ursaluna\n|move|p2a: Iron Hands|Swords Dance|p2a: Iron Hands\n|-boost|p2a: Iron Hands|atk|2\n|\n|-weather|none\n|upkeep\n|\n|t:|1700327863\n|switch|p2b: Landorus|Landorus-Therian, L50, M|87\/100 slp\n|-ability|p2b: Landorus|Intimidate|boost\n|-unboost|p1a: Pelipper|atk|1\n|-unboost|p1b: Iron Hands|atk|1\n|turn|7\n|inactive|verylonelysole has 30 seconds left.\n|\n|t:|1700327889\n|switch|p1a: Amoonguss|Amoonguss, L50, M|99\/100\n|cant|p2b: Landorus|slp\n|move|p1b: Iron Hands|Drain Punch|p2a: Iron Hands\n|-damage|p2a: Iron Hands|51\/100\n|-heal|p1b: Iron Hands|94\/100|[from] drain|[of] p2a: Iron Hands\n|move|p2a: Iron Hands|Thunder Punch|p1a: Amoonguss\n|-resisted|p1a: Amoonguss\n|-damage|p1a: Amoonguss|72\/100\n|\n|upkeep\n|turn|8\n|inactive|verylonelysole has 30 seconds left.\n|\n|t:|1700327917\n|-terastallize|p2b: Landorus|Flying\n|-curestatus|p2b: Landorus|slp|[msg]\n|move|p2b: Landorus|Tera Blast|p1a: Amoonguss|[anim] Tera Blast Flying\n|-supereffective|p1a: Amoonguss\n|-damage|p1a: Amoonguss|0 fnt\n|faint|p1a: Amoonguss\n|move|p1b: Iron Hands|Drain Punch|p2b: Landorus\n|-resisted|p2b: Landorus\n|-damage|p2b: Landorus|70\/100\n|-heal|p1b: Iron Hands|99\/100|[from] drain|[of] p2b: Landorus\n|move|p2a: Iron Hands|Drain Punch|p1b: Iron Hands\n|-damage|p1b: Iron Hands|49\/100\n|-heal|p2a: Iron Hands|78\/100|[from] drain|[of] p1b: Iron Hands\n|\n|upkeep\n|\n|t:|1700327929\n|switch|p1a: Pelipper|Pelipper, L50, M|6\/100\n|-weather|RainDance|[from] ability: Drizzle|[of] p1a: Pelipper\n|turn|9\n|\n|t:|1700327944\n|move|p2b: Landorus|Tera Blast|p1a: Pelipper|[anim] Tera Blast Flying\n|-damage|p1a: Pelipper|0 fnt\n|faint|p1a: Pelipper\n|move|p1b: Iron Hands|Wild Charge|p2b: Landorus\n|-supereffective|p2b: Landorus\n|-damage|p2b: Landorus|0 fnt\n|faint|p2b: Landorus\n|-damage|p1b: Iron Hands|37\/100|[from] Recoil\n|move|p2a: Iron Hands|Drain Punch|p1b: Iron Hands\n|-damage|p1b: Iron Hands|0 fnt\n|-heal|p2a: Iron Hands|97\/100|[from] drain|[of] p1b: Iron Hands\n|faint|p1b: Iron Hands\n|-end|p1b: Iron Hands|Quark Drive|[silent]\n|\n|win|verylonelysole\n|raw|Open00's rating: 1292 &rarr; <strong>1261<\/strong><br \/>(-31 for losing)\n|raw|verylonelysole's rating: 1209 &rarr; <strong>1240<\/strong><br \/>(+31 for winning)\n|l|\u2606Open00\n","uploadtime":1700327960,"views":7,"p1id":"open00","p2id":"verylonelysole","formatid":"gen9vgc2023regulatione","rating":1240,"private":0,"password":""}