{"id":"gen9vgc2023regulatione-1993033393","p1":"whykeyVGC","p2":"Gurrasnurra5","format":"[Gen 9] VGC 2023 Regulation E","log":"|j|\u2606whykeyVGC\n|j|\u2606Gurrasnurra5\n|t:|1700257483\n|gametype|doubles\n|player|p1|whykeyVGC|265|1338\n|player|p2|Gurrasnurra5|265|1398\n|teamsize|p1|6\n|teamsize|p2|6\n|gen|9\n|tier|[Gen 9] VGC 2023 Regulation E\n|rated|\n|rule|Species Clause: Limit one of each Pok\u00e9mon\n|rule|Item Clause: Limit one of each item\n|clearpoke\n|poke|p1|Landorus-Therian, L50, M|\n|poke|p1|Ogerpon-Wellspring, L50, F|\n|poke|p1|Kingambit, L50, M|\n|poke|p1|Flutter Mane, L50|\n|poke|p1|Heatran, L50, M|\n|poke|p1|Iron Hands, L50|\n|poke|p2|Amoonguss, L50, M|\n|poke|p2|Tornadus, L50, M|\n|poke|p2|Chien-Pao, L50|\n|poke|p2|Urshifu-*, L50, M|\n|poke|p2|Arcanine-Hisui, L50, F|\n|poke|p2|Flutter Mane, L50|\n|teampreview|4\nwhykeyVGC has agreed to open team sheets.\nGurrasnurra5 has agreed to open team sheets.\n|\n|t:|1700257536\n|start\n|switch|p1a: Landorus|Landorus-Therian, L50, M|100\/100\n|switch|p1b: Iron Hands|Iron Hands, L50|100\/100\n|switch|p2a: Tornadus|Tornadus, L50, M|100\/100\n|switch|p2b: Urshifu|Urshifu-Rapid-Strike, L50, M|100\/100\n|-ability|p1a: Landorus|Intimidate|boost\n|-unboost|p2a: Tornadus|atk|1\n|-unboost|p2b: Urshifu|atk|1\n|turn|1\n|\n|t:|1700257552\n|-terastallize|p1a: Landorus|Flying\n|-terastallize|p2b: Urshifu|Water\n|move|p1b: Iron Hands|Fake Out|p2a: Tornadus\n|-damage|p2a: Tornadus|80\/100\n|cant|p2a: Tornadus|flinch\n|move|p1a: Landorus|Tera Blast|p2b: Urshifu|[anim] Tera Blast Flying\n|-damage|p2b: Urshifu|28\/100\n|move|p2b: Urshifu|Surging Strikes|p1b: Iron Hands\n|-crit|p1b: Iron Hands\n|-damage|p1b: Iron Hands|77\/100\n|-crit|p1b: Iron Hands\n|-damage|p1b: Iron Hands|52\/100\n|-crit|p1b: Iron Hands\n|-damage|p1b: Iron Hands|26\/100\n|-hitcount|p1b: Iron Hands|3\n|\n|upkeep\n|turn|2\n|\n|t:|1700257584\n|move|p2b: Urshifu|Protect|p2b: Urshifu\n|-singleturn|p2b: Urshifu|Protect\n|move|p2a: Tornadus|Tailwind|p2a: Tornadus\n|-sidestart|p2: Gurrasnurra5|move: Tailwind\n|move|p1a: Landorus|Tera Blast|p2b: Urshifu|[anim] Tera Blast Flying\n|-activate|p2b: Urshifu|move: Protect\n|move|p1b: Iron Hands|Wild Charge|p2a: Tornadus\n|-supereffective|p2a: Tornadus\n|-damage|p2a: Tornadus|0 fnt\n|faint|p2a: Tornadus\n|-damage|p1b: Iron Hands|10\/100|[from] Recoil\n|\n|upkeep\n|\n|t:|1700257593\n|switch|p2a: Arcanine|Arcanine-Hisui, L50, F|100\/100\n|-ability|p2a: Arcanine|Intimidate|boost\n|-unboost|p1a: Landorus|atk|1\n|-unboost|p1b: Iron Hands|atk|1\n|turn|3\n|\n|t:|1700257619\n|move|p2a: Arcanine|Rock Slide|p1b: Iron Hands|[spread] p1a\n|-miss|p2a: Arcanine|p1b: Iron Hands\n|-supereffective|p1a: Landorus\n|-damage|p1a: Landorus|13\/100\n|move|p2b: Urshifu|Surging Strikes|p1a: Landorus\n|-crit|p1a: Landorus\n|-damage|p1a: Landorus|0 fnt\n|faint|p1a: Landorus\n|-hitcount|p1: Landorus|1\n|move|p1b: Iron Hands|Drain Punch|p2a: Arcanine\n|-supereffective|p2a: Arcanine\n|-damage|p2a: Arcanine|32\/100\n|-heal|p1b: Iron Hands|36\/100|[from] drain|[of] p2a: Arcanine\n|\n|upkeep\n|\n|t:|1700257631\n|switch|p1a: Kingambit|Kingambit, L50, M|100\/100\n|turn|4\n|\n|t:|1700257640\n|move|p1a: Kingambit|Sucker Punch|p2b: Urshifu\n|-damage|p2b: Urshifu|0 fnt\n|faint|p2b: Urshifu\n|move|p2a: Arcanine|Rock Slide|p1b: Iron Hands|[spread] p1a,p1b\n|-resisted|p1a: Kingambit\n|-resisted|p1b: Iron Hands\n|-damage|p1a: Kingambit|86\/100\n|-damage|p1b: Iron Hands|22\/100\n|move|p1b: Iron Hands|Drain Punch|p2a: Arcanine\n|-supereffective|p2a: Arcanine\n|-damage|p2a: Arcanine|0 fnt\n|-heal|p1b: Iron Hands|34\/100|[from] drain|[of] p2a: Arcanine\n|faint|p2a: Arcanine\n|\n|upkeep\n|\n|t:|1700257643\n|switch|p2b: Flutter Mane|Flutter Mane, L50|100\/100\n|turn|5\n|\n|t:|1700257653\n|move|p2b: Flutter Mane|Dazzling Gleam|p1a: Kingambit|[spread] p1a,p1b\n|-supereffective|p1b: Iron Hands\n|-damage|p1a: Kingambit|41\/100\n|-damage|p1b: Iron Hands|0 fnt\n|faint|p1b: Iron Hands\n|-end|p1b: Iron Hands|Quark Drive|[silent]\n|move|p1a: Kingambit|Kowtow Cleave|p2b: Flutter Mane\n|-damage|p2b: Flutter Mane|0 fnt\n|faint|p2b: Flutter Mane\n|-end|p2b: Flutter Mane|Protosynthesis|[silent]\n|\n|win|whykeyVGC\n|raw|whykeyVGC's rating: 1338 &rarr; <strong>1361<\/strong><br \/>(+23 for winning)\n|raw|Gurrasnurra5's rating: 1398 &rarr; <strong>1375<\/strong><br \/>(-23 for losing)\n|l|\u2606Gurrasnurra5\n","uploadtime":1700257664,"views":8,"p1id":"whykeyvgc","p2id":"gurrasnurra5","formatid":"gen9vgc2023regulatione","rating":1361,"private":0,"password":""}