{"id":"gen9vgc2023regulatione-1988018517","p1":"macstar8","p2":"Loswiththeemost","format":"[Gen 9] VGC 2023 Regulation E","log":"|j|\u2606macstar8\n|j|\u2606Loswiththeemost\n|t:|1699659740\n|gametype|doubles\n|player|p1|macstar8|zinzolin|1051\n|player|p2|Loswiththeemost|265|1105\n|teamsize|p1|6\n|teamsize|p2|6\n|gen|9\n|tier|[Gen 9] VGC 2023 Regulation E\n|rated|\n|rule|Species Clause: Limit one of each Pok\u00e9mon\n|rule|Item Clause: Limit one of each item\n|clearpoke\n|poke|p1|Snorlax, L50, M|\n|poke|p1|Vivillon-Ocean, L50, M|\n|poke|p1|Sinistcha, L50|\n|poke|p1|Kommo-o, L50, M|\n|poke|p1|Iron Hands, L50|\n|poke|p1|Landorus-Therian, L50, M|\n|poke|p2|Chien-Pao, L50|\n|poke|p2|Amoonguss, L50, M|\n|poke|p2|Dragonite, L50, F|\n|poke|p2|Kingambit, L50, M|\n|poke|p2|Urshifu-*, L50, F|\n|poke|p2|Farigiraf, L50, F|\n|teampreview|4\n|\n|t:|1699659765\n|start\n|switch|p1a: Snorlax|Snorlax, L50, M|100\/100\n|switch|p1b: Vivillon|Vivillon-Ocean, L50, M|100\/100\n|switch|p2a: Chien-Pao|Chien-Pao, L50|100\/100\n|switch|p2b: Dragonite|Dragonite, L50, F|100\/100\n|-ability|p2a: Chien-Pao|Sword of Ruin\n|turn|1\n|inactive|Battle timer is ON: inactive players will automatically lose when time's up. (requested by macstar8)\n|\n|t:|1699659792\n|move|p1b: Vivillon|Rage Powder|p1b: Vivillon\n|-singleturn|p1b: Vivillon|move: Rage Powder\n|move|p2a: Chien-Pao|Ice Spinner|p1b: Vivillon\n|-supereffective|p1b: Vivillon\n|-enditem|p1b: Vivillon|Focus Sash\n|-damage|p1b: Vivillon|1\/100\n|move|p2b: Dragonite|Dragon Claw|p1b: Vivillon\n|-damage|p1b: Vivillon|0 fnt\n|faint|p1b: Vivillon\n|move|p1a: Snorlax|Belly Drum|p1a: Snorlax\n|-damage|p1a: Snorlax|51\/100\n|-setboost|p1a: Snorlax|atk|6|[from] move: Belly Drum\n|\n|upkeep\n|\n|t:|1699659803\n|switch|p1b: Iron Hands|Iron Hands, L50|100\/100\n|turn|2\n|\n|t:|1699659826\n|-terastallize|p2b: Dragonite|Normal\n|move|p2a: Chien-Pao|Protect|p2a: Chien-Pao\n|-singleturn|p2a: Chien-Pao|Protect\n|move|p1a: Snorlax|Protect|p1a: Snorlax\n|-singleturn|p1a: Snorlax|Protect\n|move|p1b: Iron Hands|Fake Out|p2b: Dragonite\n|-damage|p2b: Dragonite|78\/100\n|move|p2b: Dragonite|Extreme Speed|p1a: Snorlax\n|-activate|p1a: Snorlax|move: Protect\n|\n|upkeep\n|turn|3\n|inactive|macstar8 has 30 seconds left.\n|\n|t:|1699659851\n|-end|p1b: Iron Hands|Quark Drive|[silent]\n|switch|p1b: Sinistcha|Sinistcha, L50|100\/100\n|-heal|p1a: Snorlax|75\/100|[from] ability: Hospitality|[of] p1b: Sinistcha\n|-terastallize|p1a: Snorlax|Ghost\n|move|p2b: Dragonite|Extreme Speed|p1a: Snorlax\n|-immune|p1a: Snorlax\n|move|p2a: Chien-Pao|Ice Spinner|p1a: Snorlax\n|-damage|p1a: Snorlax|52\/100\n|move|p1a: Snorlax|Facade|p2a: Chien-Pao\n|-enditem|p2a: Chien-Pao|Focus Sash\n|-damage|p2a: Chien-Pao|1\/100\n|\n|upkeep\n|turn|4\n|\n|t:|1699659874\n|move|p1a: Snorlax|Protect|p1a: Snorlax\n|-singleturn|p1a: Snorlax|Protect\n|move|p2a: Chien-Pao|Ice Spinner|p1b: Sinistcha\n|-supereffective|p1b: Sinistcha\n|-damage|p1b: Sinistcha|26\/100\n|move|p2b: Dragonite|Dragon Claw|p1a: Snorlax\n|-activate|p1a: Snorlax|move: Protect\n|move|p1b: Sinistcha|Life Dew|p1b: Sinistcha|[spread] p1a,p1b\n|-heal|p1a: Snorlax|77\/100\n|-heal|p1b: Sinistcha|52\/100\n|\n|-heal|p1b: Sinistcha|58\/100|[from] item: Leftovers\n|upkeep\n|turn|5\n|\n|t:|1699659891\n|switch|p1b: Iron Hands|Iron Hands, L50|100\/100\n|move|p2a: Chien-Pao|Sucker Punch|p1a: Snorlax\n|-supereffective|p1a: Snorlax\n|-damage|p1a: Snorlax|0 fnt\n|faint|p1a: Snorlax\n|move|p2b: Dragonite|Aerial Ace|p1b: Iron Hands\n|-damage|p1b: Iron Hands|73\/100\n|\n|upkeep\n|\n|t:|1699659897\n|switch|p1a: Sinistcha|Sinistcha, L50|58\/100\n|-heal|p1b: Iron Hands|97\/100|[from] ability: Hospitality|[of] p1a: Sinistcha\n|turn|6\n|\n|t:|1699659913\n|move|p2a: Chien-Pao|Protect|p2a: Chien-Pao\n|-singleturn|p2a: Chien-Pao|Protect\n|move|p1b: Iron Hands|Fake Out|p2a: Chien-Pao\n|-activate|p2a: Chien-Pao|move: Protect\n|move|p2b: Dragonite|Aerial Ace|p1a: Sinistcha\n|-supereffective|p1a: Sinistcha\n|-damage|p1a: Sinistcha|0 fnt\n|faint|p1a: Sinistcha\n|\n|upkeep\n|turn|7\n|-message|macstar8 forfeited.\n|\n|win|Loswiththeemost\n|raw|macstar8's rating: 1051 &rarr; <strong>1036<\/strong><br \/>(-15 for losing)\n|raw|Loswiththeemost's rating: 1105 &rarr; <strong>1126<\/strong><br \/>(+21 for winning)\n|l|\u2606macstar8\n","uploadtime":1699659924,"views":70,"p1id":"macstar8","p2id":"loswiththeemost","formatid":"gen9vgc2023regulatione","rating":1036,"private":0,"password":""}