{"id":"gen9vgc2023regulatione-1996672050","p1":"Nervoneo","p2":"BootsBlue","format":"[Gen 9] VGC 2023 Regulation E","log":"|j|\u2606Nervoneo\n|j|\u2606BootsBlue\n|t:|1700707846\n|gametype|doubles\n|player|p1|Nervoneo|lucas|1265\n|player|p2|BootsBlue|102|1261\n|teamsize|p1|6\n|teamsize|p2|6\n|gen|9\n|tier|[Gen 9] VGC 2023 Regulation E\n|rated|\n|rule|Species Clause: Limit one of each Pok\u00e9mon\n|rule|Item Clause: Limit one of each item\n|clearpoke\n|poke|p1|Weezing, L50, F|\n|poke|p1|Ogerpon-Hearthflame, L50, F|\n|poke|p1|Roaring Moon, L50|\n|poke|p1|Urshifu-*, L50, M|\n|poke|p1|Shiftry, L50, M|\n|poke|p1|Flutter Mane, L50|\n|poke|p2|Typhlosion-Hisui, L50, F|\n|poke|p2|Tornadus, L50, M|\n|poke|p2|Torkoal, L50, F|\n|poke|p2|Urshifu-*, L50, F|\n|poke|p2|Basculegion, L50, M|\n|poke|p2|Pincurchin, L50, M|\n|teampreview|4\n|inactive|Battle timer is ON: inactive players will automatically lose when time's up. (requested by BootsBlue)\n|\n|t:|1700707879\n|start\n|switch|p1a: 2020|Weezing, L50, F|100\/100\n|switch|p1b: Cadmyril|Roaring Moon, L50, shiny|100\/100\n|switch|p2a: Urshifu|Urshifu-Rapid-Strike, L50, F|100\/100\n|switch|p2b: Tornadus|Tornadus, L50, M|100\/100\n|-ability|p1a: 2020|Neutralizing Gas\n|-enditem|p1b: Cadmyril|Booster Energy\n|-activate|p1b: Cadmyril|ability: Protosynthesis|[fromitem]\n|-start|p1b: Cadmyril|protosynthesisspe\n|turn|1\n|inactive|Nervoneo has 30 seconds left.\n|\n|t:|1700707913\n|-terastallize|p1b: Cadmyril|Poison\n|move|p1b: Cadmyril|Tailwind|p1b: Cadmyril\n|-sidestart|p1: Nervoneo|move: Tailwind\n|move|p1a: 2020|Will-O-Wisp|p2a: Urshifu\n|-status|p2a: Urshifu|brn\n|move|p2a: Urshifu|Taunt|p1a: 2020\n|-start|p1a: 2020|move: Taunt\n|move|p2b: Tornadus|Tailwind|p2b: Tornadus\n|-sidestart|p2: BootsBlue|move: Tailwind\n|\n|-damage|p2a: Urshifu|95\/100 brn|[from] brn\n|upkeep\n|turn|2\n|\n|t:|1700707927\n|move|p1b: Cadmyril|Breaking Swipe|p2b: Tornadus|[spread] p2a,p2b\n|-damage|p2a: Urshifu|72\/100 brn\n|-damage|p2b: Tornadus|74\/100\n|-unboost|p2a: Urshifu|atk|1\n|move|p2a: Urshifu|Surging Strikes|p1b: Cadmyril\n|-crit|p1b: Cadmyril\n|-damage|p1b: Cadmyril|86\/100\n|-crit|p1b: Cadmyril\n|-damage|p1b: Cadmyril|74\/100\n|-crit|p1b: Cadmyril\n|-damage|p1b: Cadmyril|60\/100\n|-hitcount|p1b: Cadmyril|3\n|move|p2b: Tornadus|Rain Dance|p2b: Tornadus\n|-weather|RainDance\n|move|p1a: 2020|Gunk Shot|p2b: Tornadus|[miss]\n|-miss|p1a: 2020|p2b: Tornadus\n|\n|-weather|RainDance|[upkeep]\n|-damage|p2a: Urshifu|67\/100 brn|[from] brn\n|upkeep\n|turn|3\n|\n|t:|1700707941\n|move|p1b: Cadmyril|Knock Off|p2a: Urshifu\n|-resisted|p2a: Urshifu\n|-damage|p2a: Urshifu|40\/100 brn\n|-enditem|p2a: Urshifu|Punching Glove|[from] move: Knock Off|[of] p1b: Cadmyril\n|move|p2a: Urshifu|Surging Strikes|p1b: Cadmyril\n|-crit|p1b: Cadmyril\n|-damage|p1b: Cadmyril|42\/100\n|-crit|p1b: Cadmyril\n|-damage|p1b: Cadmyril|26\/100\n|-crit|p1b: Cadmyril\n|-damage|p1b: Cadmyril|8\/100\n|-hitcount|p1b: Cadmyril|3\n|move|p2b: Tornadus|Weather Ball|p1b: Cadmyril\n|-damage|p1b: Cadmyril|0 fnt\n|faint|p1b: Cadmyril\n|-end|p1b: Cadmyril|Protosynthesis|[silent]\n|move|p1a: 2020|Gunk Shot|p2a: Urshifu\n|-damage|p2a: Urshifu|0 fnt\n|faint|p2a: Urshifu\n|\n|-weather|RainDance|[upkeep]\n|upkeep\n|\n|t:|1700707954\n|switch|p1b: like water|Urshifu-Rapid-Strike, L50, M|100\/100\n|switch|p2a: Torkoal|Torkoal, L50, F|100\/100\n|turn|4\n|\n|t:|1700707979\n|move|p1b: like water|Surging Strikes|p2a: Torkoal\n|-supereffective|p2a: Torkoal\n|-crit|p2a: Torkoal\n|-damage|p2a: Torkoal|60\/100\n|-supereffective|p2a: Torkoal\n|-crit|p2a: Torkoal\n|-damage|p2a: Torkoal|18\/100\n|-supereffective|p2a: Torkoal\n|-crit|p2a: Torkoal\n|-damage|p2a: Torkoal|0 fnt\n|faint|p2a: Torkoal\n|-hitcount|p2: Torkoal|3\n|move|p2b: Tornadus|Sunny Day|p2b: Tornadus\n|-weather|SunnyDay\n|move|p1a: 2020|Gunk Shot|p2b: Tornadus\n|-damage|p2b: Tornadus|33\/100\n|\n|-weather|SunnyDay|[upkeep]\n|-end|p1a: 2020|move: Taunt\n|-sideend|p2: BootsBlue|move: Tailwind\n|-sideend|p1: Nervoneo|move: Tailwind\n|upkeep\n|\n|t:|1700707983\n|switch|p2a: Typhlosion|Typhlosion-Hisui, L50, F|100\/100\n|turn|5\n|\n|t:|1700708004\n|move|p1b: like water|Surging Strikes|p2a: Typhlosion\n|-supereffective|p2a: Typhlosion\n|-crit|p2a: Typhlosion\n|-damage|p2a: Typhlosion|71\/100\n|-supereffective|p2a: Typhlosion\n|-crit|p2a: Typhlosion\n|-damage|p2a: Typhlosion|38\/100\n|-supereffective|p2a: Typhlosion\n|-crit|p2a: Typhlosion\n|-damage|p2a: Typhlosion|5\/100\n|-hitcount|p2a: Typhlosion|3\n|move|p2a: Typhlosion|Eruption|p1b: like water|[spread] p1a,p1b\n|-resisted|p1b: like water\n|-damage|p1a: 2020|95\/100\n|-damage|p1b: like water|97\/100\n|move|p2b: Tornadus|Tailwind|p2b: Tornadus\n|-sidestart|p2: BootsBlue|move: Tailwind\n|move|p1a: 2020|Gunk Shot|p2a: Typhlosion\n|-resisted|p2a: Typhlosion\n|-damage|p2a: Typhlosion|0 fnt\n|faint|p2a: Typhlosion\n|\n|-weather|SunnyDay|[upkeep]\n|upkeep\n|turn|6\n|-message|BootsBlue forfeited.\n|\n|win|Nervoneo\n|raw|Nervoneo's rating: 1246 &rarr; <strong>1272<\/strong><br \/>(+26 for winning)\n|raw|BootsBlue's rating: 1261 &rarr; <strong>1235<\/strong><br \/>(-26 for losing)\n|l|\u2606BootsBlue\n","uploadtime":1700708021,"views":13,"p1id":"nervoneo","p2id":"bootsblue","formatid":"gen9vgc2023regulatione","rating":1235,"private":0,"password":""}