{"id":"gen9vgc2023regulatione-1988421150","p1":"GeoGreenBeanz","p2":"JacopinoGenerale","format":"[Gen 9] VGC 2023 Regulation E","log":"|j|\u2606GeoGreenBeanz\n|j|\u2606JacopinoGenerale\n|t:|1699721110\n|gametype|doubles\n|player|p1|GeoGreenBeanz|265|1085\n|player|p2|JacopinoGenerale|benga|1182\n|teamsize|p1|6\n|teamsize|p2|6\n|gen|9\n|tier|[Gen 9] VGC 2023 Regulation E\n|rated|\n|rule|Species Clause: Limit one of each Pok\u00e9mon\n|rule|Item Clause: Limit one of each item\n|clearpoke\n|poke|p1|Chi-Yu, L50|\n|poke|p1|Gastrodon-East, L50, M|\n|poke|p1|Electrode-Hisui, L50|\n|poke|p1|Dachsbun, L50, F|\n|poke|p1|Mienshao, L50, F|\n|poke|p1|Ribombee, L50, F|\n|poke|p2|Ogerpon, L50, F|\n|poke|p2|Farigiraf, L50, F|\n|poke|p2|Dusclops, L50, M|\n|poke|p2|Ursaluna-Bloodmoon, L50, M|\n|poke|p2|Iron Hands, L50|\n|poke|p2|Urshifu-*, L50, M|\n|teampreview|4\n|inactive|Battle timer is ON: inactive players will automatically lose when time's up. (requested by JacopinoGenerale)\nJacopinoGenerale rejected open team sheets.\n|inactive|GeoGreenBeanz has 60 seconds left.\n|inactive|JacopinoGenerale has 60 seconds left.\n|inactive|GeoGreenBeanz has 30 seconds left.\n|inactive|GeoGreenBeanz has 20 seconds left.\n|inactive|GeoGreenBeanz has 15 seconds left.\n|\n|t:|1699721190\n|start\n|switch|p1a: Mienshao|Mienshao, L50, F|100\/100\n|switch|p1b: Ribombee|Ribombee, L50, F|100\/100\n|switch|p2a: Dusclops|Dusclops, L50, M|100\/100\n|switch|p2b: Ursaluna|Ursaluna-Bloodmoon, L50, M|100\/100\n|-item|p1a: Mienshao|Expert Belt|[from] ability: Frisk|[of] p2a: Dusclops|[identify]\n|-item|p1b: Ribombee|Focus Sash|[from] ability: Frisk|[of] p2a: Dusclops|[identify]\n|turn|1\n|\n|t:|1699721213\n|move|p1b: Ribombee|Helping Hand|p1a: Mienshao\n|-singleturn|p1a: Mienshao|Helping Hand|[of] p1b: Ribombee\n|move|p2b: Ursaluna|Protect|p2b: Ursaluna\n|-singleturn|p2b: Ursaluna|Protect\n|move|p1a: Mienshao|Knock Off|p2a: Dusclops\n|-supereffective|p2a: Dusclops\n|-damage|p2a: Dusclops|28\/100\n|-enditem|p2a: Dusclops|Eviolite|[from] move: Knock Off|[of] p1a: Mienshao\n|move|p2a: Dusclops|Trick Room|p2a: Dusclops\n|-fieldstart|move: Trick Room|[of] p2a: Dusclops\n|\n|upkeep\n|turn|2\n|inactive|GeoGreenBeanz has 30 seconds left.\n|\n|t:|1699721243\n|-terastallize|p2b: Ursaluna|Normal\n|move|p2a: Dusclops|Brick Break|p2b: Ursaluna\n|-supereffective|p2b: Ursaluna\n|-damage|p2b: Ursaluna|83\/100\n|-enditem|p2b: Ursaluna|Weakness Policy\n|-boost|p2b: Ursaluna|atk|2|[from] item: Weakness Policy\n|-boost|p2b: Ursaluna|spa|2|[from] item: Weakness Policy\n|move|p2b: Ursaluna|Blood Moon|p1a: Mienshao\n|-damage|p1a: Mienshao|0 fnt\n|faint|p1a: Mienshao\n|move|p1b: Ribombee|Dazzling Gleam|p2b: Ursaluna|[spread] p2a,p2b\n|-damage|p2a: Dusclops|10\/100\n|-damage|p2b: Ursaluna|54\/100\n|\n|upkeep\n|\n|t:|1699721259\n|switch|p1a: Dachsbun|Dachsbun, L50, F|100\/100\n|turn|3\n|\n|t:|1699721274\n|move|p2a: Dusclops|Taunt|p1b: Ribombee\n|-start|p1b: Ribombee|move: Taunt\n|move|p2b: Ursaluna|Hyper Voice|p1b: Ribombee|[spread] p1a,p1b\n|-damage|p1a: Dachsbun|0 fnt\n|-enditem|p1b: Ribombee|Focus Sash\n|-damage|p1b: Ribombee|1\/100\n|faint|p1a: Dachsbun\n|move|p1b: Ribombee|Dazzling Gleam|p2b: Ursaluna|[spread] p2a,p2b\n|-damage|p2a: Dusclops|0 fnt\n|-damage|p2b: Ursaluna|25\/100\n|faint|p2a: Dusclops\n|\n|upkeep\n|\n|t:|1699721289\n|switch|p2a: Iron Hands|Iron Hands, L50|100\/100\n|switch|p1a: Chi-Yu|Chi-Yu, L50|100\/100\n|-ability|p1a: Chi-Yu|Beads of Ruin\n|-enditem|p2a: Iron Hands|Booster Energy\n|-activate|p2a: Iron Hands|ability: Quark Drive|[fromitem]\n|-start|p2a: Iron Hands|quarkdriveatk\n|turn|4\n|\n|t:|1699721308\n|-terastallize|p1a: Chi-Yu|Ghost\n|move|p2a: Iron Hands|Close Combat|p1a: Chi-Yu\n|-immune|p1a: Chi-Yu\n|move|p2b: Ursaluna|Blood Moon|p1b: Ribombee\n|-damage|p1b: Ribombee|0 fnt\n|faint|p1b: Ribombee\n|move|p1a: Chi-Yu|Heat Wave|p2b: Ursaluna|[spread] p2a\n|-miss|p1a: Chi-Yu|p2b: Ursaluna\n|-damage|p2a: Iron Hands|56\/100\n|\n|upkeep\n|turn|5\n|\n|t:|1699721323\n|move|p2a: Iron Hands|Wild Charge|p1a: Chi-Yu\n|-damage|p1a: Chi-Yu|0 fnt\n|faint|p1a: Chi-Yu\n|-damage|p2a: Iron Hands|44\/100|[from] Recoil\n|\n|win|JacopinoGenerale\n|raw|GeoGreenBeanz's rating: 1085 &rarr; <strong>1068<\/strong><br \/>(-17 for losing)\n|raw|JacopinoGenerale's rating: 1182 &rarr; <strong>1200<\/strong><br \/>(+18 for winning)\n","uploadtime":1699721330,"views":15,"p1id":"geogreenbeanz","p2id":"jacopinogenerale","formatid":"gen9vgc2023regulatione","rating":1068,"private":0,"password":""}