{"id":"gen9vgc2023regulatione-1994961936","p1":"shu0910","p2":"DomsDome","format":"[Gen 9] VGC 2023 Regulation E","log":"|j|\u2606shu0910\n|j|\u2606DomsDome\n|t:|1700508421\n|gametype|doubles\n|player|p1|shu0910|larry|\n|player|p2|DomsDome|266|\n|teamsize|p1|6\n|teamsize|p2|6\n|gen|9\n|tier|[Gen 9] VGC 2023 Regulation E\n|rule|Species Clause: Limit one of each Pok\u00e9mon\n|rule|Item Clause: Limit one of each item\n|clearpoke\n|poke|p1|Zapdos-Galar, L50|\n|poke|p1|Trevenant, L50, F|\n|poke|p1|Dragapult, L50, M|\n|poke|p1|Glimmora, L50, F|\n|poke|p1|Grimmsnarl, L50, M|\n|poke|p1|Rotom-Wash, L50|\n|poke|p2|Meowscarada, L50, F|\n|poke|p2|Hydreigon, L50, F|\n|poke|p2|Indeedee-F, L50, F|\n|poke|p2|Dusclops, L50, M|\n|poke|p2|Glastrier, L50|\n|poke|p2|Crawdaunt, L50, M|\n|teampreview|4\n|c|\u2606DomsDome|glhf\n|c|\u2606shu0910|glhf\n|c|\u2606DomsDome|should never have doubted dusclops\n|c|\u2606DomsDome|would've wiped the floor g2\n|\n|t:|1700508607\n|start\n|switch|p1a: Ghroot|Trevenant, L50, F|100\/100\n|switch|p1b: Roadrunner|Zapdos-Galar, L50|100\/100\n|switch|p2a: Meowscarada|Meowscarada, L50, F|100\/100\n|switch|p2b: Hydreigon|Hydreigon, L50, F|100\/100\n|turn|1\n|c|\u2606DomsDome|that's annoyed me\n|\n|t:|1700508649\n|switch|p1a: ur weird uncle|Grimmsnarl, L50, M|100\/100\n|-terastallize|p2b: Hydreigon|Poison\n|move|p2a: Meowscarada|Play Rough|p1b: Roadrunner\n|-start|p2a: Meowscarada|typechange|Fairy|[from] ability: Protean\n|-supereffective|p1b: Roadrunner\n|-damage|p1b: Roadrunner|0 fnt\n|faint|p1b: Roadrunner\n|move|p2b: Hydreigon|Dark Pulse|p1a: ur weird uncle\n|-resisted|p1a: ur weird uncle\n|-crit|p1a: ur weird uncle\n|-damage|p1a: ur weird uncle|86\/100\n|-damage|p2b: Hydreigon|91\/100|[from] item: Life Orb\n|\n|upkeep\n|\n|t:|1700508668\n|switch|p1b: Ghroot|Trevenant, L50, F|100\/100\n|turn|2\n|\n|t:|1700508700\n|move|p1a: ur weird uncle|Reflect|p1a: ur weird uncle\n|-sidestart|p1: shu0910|Reflect\n|move|p2a: Meowscarada|Play Rough|p1a: ur weird uncle|[miss]\n|-miss|p2a: Meowscarada|p1a: ur weird uncle\n|move|p2b: Hydreigon|Tera Blast|p1a: ur weird uncle|[anim] Tera Blast Poison\n|-supereffective|p1a: ur weird uncle\n|-damage|p1a: ur weird uncle|9\/100\n|-damage|p2b: Hydreigon|81\/100|[from] item: Life Orb\n|move|p1b: Ghroot|Trick Room|p1b: Ghroot\n|-fieldstart|move: Trick Room|[of] p1b: Ghroot\n|\n|upkeep\n|turn|3\n|\n|t:|1700508742\n|switch|p2b: Indeedee|Indeedee-F, L50, F|100\/100\n|-fieldstart|move: Psychic Terrain|[from] ability: Psychic Surge|[of] p2b: Indeedee\n|move|p1a: ur weird uncle|Parting Shot|p2b: Indeedee\n|-activate|p2b: Indeedee|move: Psychic Terrain\n|move|p1b: Ghroot|Will-O-Wisp|p2a: Meowscarada|[miss]\n|-miss|p1b: Ghroot|p2a: Meowscarada\n|move|p2a: Meowscarada|Play Rough|p1a: ur weird uncle\n|-supereffective|p1a: ur weird uncle\n|-damage|p1a: ur weird uncle|0 fnt\n|faint|p1a: ur weird uncle\n|\n|upkeep\n|\n|t:|1700508753\n|switch|p1a: CPS|Dragapult, L50, M|100\/100\n|turn|4\n|c|\u2606shu0910|i hate my life\n|c|\u2606DomsDome|me too\n|\n|t:|1700508777\n|switch|p2a: Crawdaunt|Crawdaunt, L50, M|100\/100\n|move|p2b: Indeedee|Follow Me|p2b: Indeedee\n|-singleturn|p2b: Indeedee|move: Follow Me\n|move|p1b: Ghroot|Will-O-Wisp|p2b: Indeedee\n|-status|p2b: Indeedee|brn\n|move|p1a: CPS|Phantom Force||[still]\n|-prepare|p1a: CPS|Phantom Force\n|\n|-damage|p2b: Indeedee|94\/100 brn|[from] brn\n|upkeep\n|turn|5\n|\n|t:|1700508852\n|-terastallize|p1b: Ghroot|Dark\n|move|p2b: Indeedee|Follow Me|p2b: Indeedee\n|-singleturn|p2b: Indeedee|move: Follow Me\n|move|p2a: Crawdaunt|Crunch|p1b: Ghroot\n|-resisted|p1b: Ghroot\n|-damage|p1b: Ghroot|76\/100\n|move|p1b: Ghroot|Horn Leech|p2b: Indeedee\n|-damage|p2b: Indeedee|47\/100 brn\n|-heal|p1b: Ghroot|94\/100|[from] drain|[of] p2b: Indeedee\n|move|p1a: CPS|Phantom Force|p2b: Indeedee|[from]lockedmove\n|-immune|p2b: Indeedee\n|\n|-damage|p2b: Indeedee|41\/100 brn|[from] brn\n|upkeep\n|turn|6\n|\n|t:|1700508916\n|move|p2b: Indeedee|Protect|p2b: Indeedee\n|-singleturn|p2b: Indeedee|Protect\n|move|p1a: CPS|Protect|p1a: CPS\n|-singleturn|p1a: CPS|Protect\n|move|p2a: Crawdaunt|Crunch|p1a: CPS\n|-activate|p1a: CPS|move: Protect\n|move|p1b: Ghroot|Horn Leech|p2a: Crawdaunt\n|-supereffective|p2a: Crawdaunt\n|-damage|p2a: Crawdaunt|36\/100\n|-heal|p1b: Ghroot|100\/100|[from] drain|[of] p2a: Crawdaunt\n|\n|-damage|p2b: Indeedee|35\/100 brn|[from] brn\n|-fieldend|move: Trick Room\n|upkeep\n|turn|7\n|\n|t:|1700509012\n|move|p2b: Indeedee|Follow Me|p2b: Indeedee\n|-singleturn|p2b: Indeedee|move: Follow Me\n|move|p1a: CPS|Dragon Darts|p2b: Indeedee\n|-damage|p2b: Indeedee|0 fnt\n|faint|p2b: Indeedee\n|move|p1b: Ghroot|Horn Leech|p2a: Crawdaunt\n|-supereffective|p2a: Crawdaunt\n|-damage|p2a: Crawdaunt|0 fnt\n|faint|p2a: Crawdaunt\n|\n|-fieldend|move: Psychic Terrain\n|upkeep\n|\n|t:|1700509021\n|switch|p2b: Meowscarada|Meowscarada, L50, F|100\/100\n|switch|p2a: Hydreigon|Hydreigon, L50, F, tera:Poison|81\/100\n|turn|8\n|\n|t:|1700509059\n|move|p1a: CPS|Phantom Force||[still]\n|-prepare|p1a: CPS|Phantom Force\n|move|p2b: Meowscarada|Play Rough|p1b: Ghroot\n|-start|p2b: Meowscarada|typechange|Fairy|[from] ability: Protean\n|-supereffective|p1b: Ghroot\n|-damage|p1b: Ghroot|2\/100\n|-enditem|p1b: Ghroot|Aguav Berry|[eat]\n|-heal|p1b: Ghroot|35\/100|[from] item: Aguav Berry\n|move|p2a: Hydreigon|Draco Meteor|p1a: CPS|[miss]\n|-miss|p2a: Hydreigon|p1a: CPS\n|move|p1b: Ghroot|Trick Room|p1b: Ghroot\n|-fieldstart|move: Trick Room|[of] p1b: Ghroot\n|\n|upkeep\n|turn|9\n|\n|t:|1700509110\n|move|p1b: Ghroot|Will-O-Wisp|p2b: Meowscarada\n|-status|p2b: Meowscarada|brn\n|move|p2a: Hydreigon|Tera Blast|p1b: Ghroot|[anim] Tera Blast Poison\n|-damage|p1b: Ghroot|0 fnt\n|faint|p1b: Ghroot\n|-damage|p2a: Hydreigon|72\/100|[from] item: Life Orb\n|move|p2b: Meowscarada|Play Rough|p1a: CPS|[miss]\n|-miss|p2b: Meowscarada|p1a: CPS\n|move|p1a: CPS|Phantom Force|p2a: Hydreigon|[from]lockedmove\n|-damage|p2a: Hydreigon|19\/100\n|\n|-damage|p2b: Meowscarada|95\/100 brn|[from] brn\n|-sideend|p1: shu0910|Reflect\n|upkeep\n|turn|10\n|\n|t:|1700509140\n|move|p1a: CPS|Sucker Punch|p2a: Hydreigon\n|-damage|p2a: Hydreigon|0 fnt\n|faint|p2a: Hydreigon\n|move|p2b: Meowscarada|Play Rough|p1a: CPS\n|-supereffective|p1a: CPS\n|-damage|p1a: CPS|13\/100\n|\n|-damage|p2b: Meowscarada|89\/100 brn|[from] brn\n|upkeep\n|turn|11\n|\n|t:|1700509149\n|move|p1a: CPS|Protect|p1a: CPS\n|-singleturn|p1a: CPS|Protect\n|move|p2b: Meowscarada|Play Rough|p1a: CPS\n|-activate|p1a: CPS|move: Protect\n|\n|-damage|p2b: Meowscarada|83\/100 brn|[from] brn\n|upkeep\n|turn|12\n|\n|t:|1700509157\n|move|p2b: Meowscarada|Play Rough|p1a: CPS\n|-supereffective|p1a: CPS\n|-damage|p1a: CPS|0 fnt\n|faint|p1a: CPS\n|\n|win|DomsDome\n|c|\u2606DomsDome|gg\n|c|\u2606shu0910|ggs was close\n|c|\u2606DomsDome|way too close\n|c|\u2606DomsDome|for my liking xD\n|c|\u2606shu0910|was banking on you missing the play rough\n|c|\u2606DomsDome|fuck that\n|c|\u2606DomsDome|if i did that again\n|c|\u2606DomsDome|would've died\n|c|\u2606shu0910|yeah then i wouldve phantom forced and then burn should have killed\n","uploadtime":1700509283,"views":4,"p1id":"shu0910","p2id":"domsdome","formatid":"gen9vgc2023regulatione","rating":0,"private":0,"password":""}