{"id":"gen9vgc2023regulatione-1997450644","p1":"Beard387","p2":"olivermaul","format":"[Gen 9] VGC 2023 Regulation E","log":"|j|\u2606Beard387\n|j|\u2606olivermaul\n|t:|1700807429\n|gametype|doubles\n|player|p1|Beard387|biker|1116\n|player|p2|olivermaul|brawly|1157\n|teamsize|p1|6\n|teamsize|p2|6\n|gen|9\n|tier|[Gen 9] VGC 2023 Regulation E\n|rated|\n|rule|Species Clause: Limit one of each Pok\u00e9mon\n|rule|Item Clause: Limit one of each item\n|clearpoke\n|poke|p1|Grimmsnarl, L50, M|\n|poke|p1|Snorlax, L50, M|\n|poke|p1|Sinistcha-Masterpiece, L50|\n|poke|p1|Tornadus, L50, M|\n|poke|p1|Kommo-o, L50, F|\n|poke|p1|Maushold-Four, L50|\n|poke|p2|Samurott-Hisui, L50, M|\n|poke|p2|Amoonguss, L50, M|\n|poke|p2|Arcanine-Hisui, L50, M|\n|poke|p2|Chien-Pao, L50|\n|poke|p2|Glimmora, L50, F|\n|poke|p2|Gallade, L50, M|\n|teampreview|4\n|inactive|Battle timer is ON: inactive players will automatically lose when time's up. (requested by Beard387)\n|inactive|Beard387 has 60 seconds left.\n|\n|t:|1700807464\n|start\n|switch|p1a: Snorlax|Snorlax, L50, M|100\/100\n|switch|p1b: Maushold|Maushold-Four, L50|100\/100\n|switch|p2a: Arcanine|Arcanine-Hisui, L50, M|100\/100\n|switch|p2b: Chien-Pao|Chien-Pao, L50|100\/100\n|-ability|p2b: Chien-Pao|Sword of Ruin\n|-ability|p2a: Arcanine|Intimidate|boost\n|-unboost|p1a: Snorlax|atk|1\n|-unboost|p1b: Maushold|atk|1\n|turn|1\n|\n|t:|1700807482\n|move|p1b: Maushold|Follow Me|p1b: Maushold\n|-singleturn|p1b: Maushold|move: Follow Me\n|move|p2b: Chien-Pao|Ice Spinner|p1b: Maushold\n|-damage|p1b: Maushold|20\/100\n|move|p2a: Arcanine|Rock Slide|p1a: Snorlax|[spread] p1a,p1b\n|-damage|p1a: Snorlax|74\/100\n|-damage|p1b: Maushold|0 fnt\n|faint|p1b: Maushold\n|move|p1a: Snorlax|Belly Drum|p1a: Snorlax\n|-damage|p1a: Snorlax|24\/100\n|-setboost|p1a: Snorlax|atk|6|[from] move: Belly Drum\n|-enditem|p1a: Snorlax|Sitrus Berry|[eat]\n|-heal|p1a: Snorlax|49\/100|[from] item: Sitrus Berry\n|\n|upkeep\n|\n|t:|1700807497\n|switch|p1b: Sinistcha|Sinistcha-Masterpiece, L50|100\/100\n|-heal|p1a: Snorlax|74\/100|[from] ability: Hospitality|[of] p1b: Sinistcha\n|turn|2\n|\n|t:|1700807513\n|switch|p1b: Tornadus|Tornadus, L50, M|100\/100\n|move|p2b: Chien-Pao|Haze|p2b: Chien-Pao\n|-clearallboost\n|move|p2a: Arcanine|Flare Blitz|p1b: Tornadus\n|-damage|p1b: Tornadus|24\/100\n|-damage|p2a: Arcanine|75\/100|[from] Recoil\n|move|p1a: Snorlax|Earthquake|p2a: Arcanine|[spread] p2a,p2b\n|-immune|p1b: Tornadus\n|-supereffective|p2a: Arcanine\n|-damage|p2a: Arcanine|0 fnt\n|-damage|p2b: Chien-Pao|62\/100\n|faint|p2a: Arcanine\n|\n|upkeep\n|\n|t:|1700807522\n|switch|p2a: Amoonguss|Amoonguss, L50, M|100\/100\n|turn|3\n|inactive|Beard387 has 30 seconds left.\n|inactive|olivermaul has 30 seconds left.\n|\n|t:|1700807548\n|move|p1b: Tornadus|Tailwind|p1b: Tornadus\n|-sidestart|p1: Beard387|move: Tailwind\n|move|p2b: Chien-Pao|Ice Spinner|p1a: Snorlax\n|-damage|p1a: Snorlax|48\/100\n|move|p1a: Snorlax|Earthquake|p2b: Chien-Pao|[spread] p2a,p2b\n|-immune|p1b: Tornadus\n|-damage|p2a: Amoonguss|72\/100\n|-damage|p2b: Chien-Pao|30\/100\n|move|p2a: Amoonguss|Giga Drain|p1a: Snorlax\n|-damage|p1a: Snorlax|32\/100\n|-heal|p2a: Amoonguss|81\/100|[from] drain|[of] p1a: Snorlax\n|\n|upkeep\n|turn|4\n|inactive|olivermaul has 30 seconds left.\n|\n|t:|1700807577\n|switch|p1b: Sinistcha|Sinistcha-Masterpiece, L50|100\/100\n|-heal|p1a: Snorlax|57\/100|[from] ability: Hospitality|[of] p1b: Sinistcha\n|-terastallize|p2a: Amoonguss|Water\n|move|p1a: Snorlax|Protect|p1a: Snorlax\n|-singleturn|p1a: Snorlax|Protect\n|move|p2b: Chien-Pao|Ice Spinner|p1b: Sinistcha\n|-supereffective|p1b: Sinistcha\n|-damage|p1b: Sinistcha|0 fnt\n|faint|p1b: Sinistcha\n|move|p2a: Amoonguss|Sludge Bomb|p1a: Snorlax\n|-activate|p1a: Snorlax|move: Protect\n|\n|upkeep\n|\n|t:|1700807592\n|switch|p1b: Tornadus|Tornadus, L50, M|24\/100\n|turn|5\n|\n|t:|1700807607\n|move|p1b: Tornadus|Heat Wave|p2a: Amoonguss|[spread] p2a,p2b\n|-resisted|p2a: Amoonguss\n|-supereffective|p2b: Chien-Pao\n|-damage|p2a: Amoonguss|73\/100\n|-damage|p2b: Chien-Pao|0 fnt\n|faint|p2b: Chien-Pao\n|move|p1a: Snorlax|Earthquake|p2a: Amoonguss|[spread] p2a\n|-immune|p1b: Tornadus\n|-damage|p2a: Amoonguss|53\/100\n|move|p2a: Amoonguss|Giga Drain|p1a: Snorlax\n|-damage|p1a: Snorlax|43\/100\n|-heal|p2a: Amoonguss|62\/100|[from] drain|[of] p1a: Snorlax\n|\n|upkeep\n|\n|t:|1700807609\n|switch|p2b: Samurott|Samurott-Hisui, L50, M|100\/100\n|turn|6\n|\n|t:|1700807630\n|move|p2a: Amoonguss|Rage Powder|p2a: Amoonguss\n|-singleturn|p2a: Amoonguss|move: Rage Powder\n|move|p1b: Tornadus|Bleakwind Storm|p2a: Amoonguss|[spread] p2a,p2b\n|-damage|p2a: Amoonguss|33\/100\n|-damage|p2b: Samurott|73\/100\n|move|p2b: Samurott|Sacred Sword|p1a: Snorlax\n|-supereffective|p1a: Snorlax\n|-damage|p1a: Snorlax|0 fnt\n|faint|p1a: Snorlax\n|\n|-sideend|p1: Beard387|move: Tailwind\n|upkeep\n|turn|7\n|\n|t:|1700807645\n|move|p2b: Samurott|Aqua Jet|p1b: Tornadus\n|-damage|p1b: Tornadus|1\/100\n|move|p1b: Tornadus|Bleakwind Storm|p2a: Amoonguss|[spread] p2a,p2b\n|-damage|p2a: Amoonguss|6\/100\n|-damage|p2b: Samurott|47\/100\n|-unboost|p2b: Samurott|spe|1\n|move|p2a: Amoonguss|Sludge Bomb|p1b: Tornadus\n|-damage|p1b: Tornadus|0 fnt\n|faint|p1b: Tornadus\n|\n|win|olivermaul\n|raw|Beard387's rating: 1116 &rarr; <strong>1094<\/strong><br \/>(-22 for losing)\n|raw|olivermaul's rating: 1157 &rarr; <strong>1179<\/strong><br \/>(+22 for winning)\n","uploadtime":1700807659,"views":6,"p1id":"beard387","p2id":"olivermaul","formatid":"gen9vgc2023regulatione","rating":1094,"private":0,"password":""}