{"id":"gen9vgc2023regulatione-1991805977","p1":"minionbanana57","p2":"Originalcojo","format":"[Gen 9] VGC 2023 Regulation E","log":"|j|\u2606minionbanana57\n|j|\u2606Originalcojo\n|t:|1700120762\n|gametype|doubles\n|player|p1|minionbanana57|265|1524\n|player|p2|Originalcojo|101|1521\n|teamsize|p1|6\n|teamsize|p2|6\n|gen|9\n|tier|[Gen 9] VGC 2023 Regulation E\n|rated|\n|rule|Species Clause: Limit one of each Pok\u00e9mon\n|rule|Item Clause: Limit one of each item\n|clearpoke\n|poke|p1|Sneasler, L50, M|\n|poke|p1|Indeedee-F, L50, F|\n|poke|p1|Armarouge, L50, M|\n|poke|p1|Amoonguss, L50, M|\n|poke|p1|Urshifu-*, L50, F|\n|poke|p1|Flutter Mane, L50|\n|poke|p2|Iron Hands, L50|\n|poke|p2|Arcanine-Hisui, L50, F|\n|poke|p2|Moltres-Galar, L50|\n|poke|p2|Flutter Mane, L50|\n|poke|p2|Sinistcha, L50|\n|poke|p2|Gastrodon, L50, F|\n|teampreview|4\nminionbanana57 has agreed to open team sheets.\n|\n|t:|1700120805\n|start\n|switch|p1a: Urshifu|Urshifu-Rapid-Strike, L50, F|100\/100\n|switch|p1b: Indeedee|Indeedee-F, L50, F, shiny|100\/100\n|switch|p2a: Arcanine|Arcanine-Hisui, L50, F|100\/100\n|switch|p2b: Moltres|Moltres-Galar, L50, shiny|100\/100\n|-ability|p2a: Arcanine|Intimidate|boost\n|-unboost|p1a: Urshifu|atk|1\n|-unboost|p1b: Indeedee|atk|1\n|-fieldstart|move: Psychic Terrain|[from] ability: Psychic Surge|[of] p1b: Indeedee\n|turn|1\n|j| 5Sscreen\n|j| hdwyzdmszrj\n|\n|t:|1700120826\n|switch|p2a: Sinistcha|Sinistcha, L50|100\/100\n|move|p1a: Urshifu|Surging Strikes|p2a: Sinistcha\n|-resisted|p2a: Sinistcha\n|-crit|p2a: Sinistcha\n|-damage|p2a: Sinistcha|90\/100\n|-damage|p1a: Urshifu|84\/100|[from] item: Rocky Helmet|[of] p2a: Sinistcha\n|-resisted|p2a: Sinistcha\n|-crit|p2a: Sinistcha\n|-damage|p2a: Sinistcha|80\/100\n|-damage|p1a: Urshifu|68\/100|[from] item: Rocky Helmet|[of] p2a: Sinistcha\n|-resisted|p2a: Sinistcha\n|-crit|p2a: Sinistcha\n|-damage|p2a: Sinistcha|72\/100\n|-damage|p1a: Urshifu|51\/100|[from] item: Rocky Helmet|[of] p2a: Sinistcha\n|-hitcount|p2a: Sinistcha|3\n|move|p2b: Moltres|Fiery Wrath|p1a: Urshifu|[spread] p1a,p1b\n|-resisted|p1a: Urshifu\n|-supereffective|p1b: Indeedee\n|-damage|p1a: Urshifu|27\/100\n|-damage|p1b: Indeedee|42\/100\n|move|p1b: Indeedee|Dazzling Gleam|p2a: Sinistcha|[spread] p2a,p2b\n|-supereffective|p2b: Moltres\n|-damage|p2a: Sinistcha|59\/100\n|-damage|p2b: Moltres|80\/100\n|\n|upkeep\n|turn|2\n|j| wingedfarigiraf\n|\n|t:|1700120847\n|move|p1b: Indeedee|Follow Me|p1b: Indeedee\n|-singleturn|p1b: Indeedee|move: Follow Me\n|move|p1a: Urshifu|Surging Strikes|p2b: Moltres\n|-crit|p2b: Moltres\n|-damage|p2b: Moltres|56\/100\n|-crit|p2b: Moltres\n|-damage|p2b: Moltres|34\/100\n|-enditem|p2b: Moltres|Sitrus Berry|[eat]\n|-heal|p2b: Moltres|59\/100|[from] item: Sitrus Berry\n|-crit|p2b: Moltres\n|-damage|p2b: Moltres|38\/100\n|-hitcount|p2b: Moltres|3\n|-ability|p2b: Moltres|Berserk|boost\n|-boost|p2b: Moltres|spa|1\n|move|p2b: Moltres|Fiery Wrath|p1a: Urshifu|[spread] p1a,p1b\n|-resisted|p1a: Urshifu\n|-supereffective|p1b: Indeedee\n|-damage|p1a: Urshifu|0 fnt\n|-damage|p1b: Indeedee|0 fnt\n|faint|p1a: Urshifu\n|faint|p1b: Indeedee\n|move|p2a: Sinistcha|Matcha Gotcha|p1: Urshifu|[notarget]\n|-fail|p2a: Sinistcha\n|\n|upkeep\n|\n|t:|1700120862\n|switch|p1a: Flutter Mane|Flutter Mane, L50, shiny|100\/100\n|switch|p1b: Armarouge|Armarouge, L50, M, shiny|100\/100\n|-enditem|p1a: Flutter Mane|Booster Energy\n|-activate|p1a: Flutter Mane|ability: Protosynthesis|[fromitem]\n|-start|p1a: Flutter Mane|protosynthesisspe\n|turn|3\n|\n|t:|1700120900\n|switch|p2a: Arcanine|Arcanine-Hisui, L50, F|100\/100\n|-ability|p2a: Arcanine|Intimidate|boost\n|-unboost|p1a: Flutter Mane|atk|1\n|-unboost|p1b: Armarouge|atk|1\n|move|p2b: Moltres|Protect|p2b: Moltres\n|-singleturn|p2b: Moltres|Protect\n|move|p1a: Flutter Mane|Shadow Ball|p2a: Arcanine\n|-damage|p2a: Arcanine|52\/100\n|move|p1b: Armarouge|Trick Room|p1b: Armarouge\n|-fieldstart|move: Trick Room|[of] p1b: Armarouge\n|\n|upkeep\n|turn|4\n|\n|t:|1700120921\n|switch|p2a: Sinistcha|Sinistcha, L50|59\/100\n|-heal|p2b: Moltres|63\/100|[from] ability: Hospitality|[of] p2a: Sinistcha\n|-terastallize|p1b: Armarouge|Grass\n|move|p1b: Armarouge|Expanding Force|p2b: Moltres|[spread] p2a\n|-immune|p2b: Moltres\n|-damage|p2a: Sinistcha|0 fnt\n|faint|p2a: Sinistcha\n|-damage|p1b: Armarouge|91\/100|[from] item: Life Orb\n|move|p2b: Moltres|Fiery Wrath|p1b: Armarouge|[spread] p1a,p1b\n|-damage|p1a: Flutter Mane|54\/100\n|-damage|p1b: Armarouge|43\/100\n|move|p1a: Flutter Mane|Moonblast|p2b: Moltres\n|-supereffective|p2b: Moltres\n|-damage|p2b: Moltres|0 fnt\n|faint|p2b: Moltres\n|\n|upkeep\n|\n|t:|1700120938\n|switch|p2a: Iron Hands|Iron Hands, L50|100\/100\n|switch|p2b: Arcanine|Arcanine-Hisui, L50, F|52\/100\n|-ability|p2b: Arcanine|Intimidate|boost\n|-unboost|p1a: Flutter Mane|atk|1\n|-unboost|p1b: Armarouge|atk|1\n|turn|5\n|\n|t:|1700120953\n|-terastallize|p2a: Iron Hands|Water\n|move|p1a: Flutter Mane|Protect|p1a: Flutter Mane\n|-singleturn|p1a: Flutter Mane|Protect\n|move|p2a: Iron Hands|Heavy Slam|p1b: Armarouge\n|-damage|p1b: Armarouge|7\/100\n|move|p1b: Armarouge|Expanding Force|p2a: Iron Hands|[spread] p2a,p2b\n|-crit|p2b: Arcanine\n|-damage|p2a: Iron Hands|51\/100\n|-damage|p2b: Arcanine|0 fnt\n|faint|p2b: Arcanine\n|-damage|p1b: Armarouge|0 fnt|[from] item: Life Orb\n|faint|p1b: Armarouge\n|\n|-fieldend|move: Psychic Terrain\n|upkeep\n|turn|6\n|\n|t:|1700120968\n|move|p2a: Iron Hands|Heavy Slam|p1a: Flutter Mane\n|-supereffective|p1a: Flutter Mane\n|-damage|p1a: Flutter Mane|0 fnt\n|faint|p1a: Flutter Mane\n|-end|p1a: Flutter Mane|Protosynthesis|[silent]\n|\n|win|Originalcojo\n|raw|minionbanana57's rating: 1524 &rarr; <strong>1504<\/strong><br \/>(-20 for losing)\n|raw|Originalcojo's rating: 1521 &rarr; <strong>1541<\/strong><br \/>(+20 for winning)\n|l|\u2606minionbanana57\n|l| hdwyzdmszrj\n|l|\u2606Originalcojo\n","uploadtime":1700121065,"views":17,"p1id":"minionbanana57","p2id":"originalcojo","formatid":"gen9vgc2023regulatione","rating":1504,"private":0,"password":""}