{"id":"gen9vgc2023regulatione-1995020952","p1":"wdytyaia","p2":"handreal","format":"[Gen 9] VGC 2023 Regulation E","log":"|j|\u2606wdytyaia\n|j|\u2606handreal\n|t:|1700514158\n|gametype|doubles\n|player|p1|wdytyaia|irida|1386\n|player|p2|handreal|cynthia|1440\n|teamsize|p1|6\n|teamsize|p2|6\n|gen|9\n|tier|[Gen 9] VGC 2023 Regulation E\n|rated|\n|rule|Species Clause: Limit one of each Pok\u00e9mon\n|rule|Item Clause: Limit one of each item\n|clearpoke\n|poke|p1|Chien-Pao, L50|\n|poke|p1|Dragonite, L50, M|\n|poke|p1|Rillaboom, L50, M|\n|poke|p1|Heatran, L50, M|\n|poke|p1|Urshifu-*, L50, F|\n|poke|p1|Farigiraf, L50, M|\n|poke|p2|Tornadus, L50, M|\n|poke|p2|Pelipper, L50, F|\n|poke|p2|Landorus, L50, M|\n|poke|p2|Basculegion, L50, M|\n|poke|p2|Farigiraf, L50, F|\n|poke|p2|Gholdengo, L50|\n|teampreview|4\n|inactive|Battle timer is ON: inactive players will automatically lose when time's up. (requested by handreal)\nwdytyaia has agreed to open team sheets.\n|inactive|wdytyaia has 60 seconds left.\n|inactive|handreal has 60 seconds left.\n|\n|t:|1700514207\n|start\n|switch|p1a: Dragonite|Dragonite, L50, M|100\/100\n|switch|p1b: Farigiraf|Farigiraf, L50, M, shiny|100\/100\n|switch|p2a: Pelipper|Pelipper, L50, F|100\/100\n|switch|p2b: Basculegion|Basculegion, L50, M|100\/100\n|-weather|RainDance|[from] ability: Drizzle|[of] p2a: Pelipper\n|turn|1\n|inactive|handreal has 30 seconds left.\n|inactive|handreal has 20 seconds left.\n|inactive|handreal has 15 seconds left.\n|inactive|handreal has 10 seconds left.\n|inactive|handreal has 5 seconds left.\n|\n|t:|1700514260\n|move|p2b: Basculegion|Wave Crash|p1a: Dragonite\n|-resisted|p1a: Dragonite\n|-damage|p1a: Dragonite|49\/100\n|-damage|p2b: Basculegion|85\/100|[from] Recoil\n|move|p2a: Pelipper|Hurricane|p1a: Dragonite\n|-damage|p1a: Dragonite|4\/100\n|-start|p1a: Dragonite|confusion\n|-activate|p1a: Dragonite|confusion\n|move|p1a: Dragonite|Outrage|p2a: Pelipper\n|-enditem|p2a: Pelipper|Focus Sash\n|-damage|p2a: Pelipper|1\/100\n|move|p1b: Farigiraf|Trick Room|p1b: Farigiraf\n|-fieldstart|move: Trick Room|[of] p1b: Farigiraf\n|\n|-weather|RainDance|[upkeep]\n|upkeep\n|turn|2\n|inactive|handreal has 30 seconds left.\n|inactive|handreal has 20 seconds left.\n|inactive|handreal has 15 seconds left.\n|inactive|handreal has 10 seconds left.\n|inactive|handreal has 5 seconds left.\n|\n|t:|1700514312\n|move|p2a: Pelipper|Protect|p2a: Pelipper\n|-singleturn|p2a: Pelipper|Protect\n|move|p1b: Farigiraf|Psychic|p2a: Pelipper\n|-activate|p2a: Pelipper|move: Protect\n|-activate|p1a: Dragonite|confusion\n|-damage|p1a: Dragonite|0 fnt|[from] confusion\n|faint|p1a: Dragonite\n|move|p2b: Basculegion|Last Respects|p1b: Farigiraf\n|-immune|p1b: Farigiraf\n|\n|-weather|RainDance|[upkeep]\n|upkeep\n|\n|t:|1700514324\n|switch|p1a: Chien-Pao|Chien-Pao, L50|100\/100\n|-ability|p1a: Chien-Pao|Sword of Ruin\n|turn|3\n|inactive|handreal has 30 seconds left.\n|inactive|handreal has 20 seconds left.\n|inactive|handreal has 15 seconds left.\n|inactive|handreal has 10 seconds left.\n|\n|t:|1700514374\n|-terastallize|p2b: Basculegion|Water\n|move|p1a: Chien-Pao|Sucker Punch|p2b: Basculegion\n|-damage|p2b: Basculegion|19\/100\n|move|p1b: Farigiraf|Dazzling Gleam|p2b: Basculegion|[spread] p2a,p2b\n|-damage|p2a: Pelipper|0 fnt\n|-damage|p2b: Basculegion|3\/100\n|faint|p2a: Pelipper\n|move|p2b: Basculegion|Wave Crash|p1a: Chien-Pao\n|-enditem|p1a: Chien-Pao|Focus Sash\n|-damage|p1a: Chien-Pao|1\/100\n|-damage|p2b: Basculegion|0 fnt|[from] Recoil\n|faint|p2b: Basculegion\n|\n|-weather|RainDance|[upkeep]\n|upkeep\n|\n|t:|1700514386\n|switch|p2a: Landorus|Landorus, L50, M|100\/100\n|switch|p2b: Farigiraf|Farigiraf, L50, F|100\/100\n|turn|4\n|inactive|handreal has 30 seconds left.\n|\n|t:|1700514414\n|move|p2a: Landorus|Protect|p2a: Landorus\n|-singleturn|p2a: Landorus|Protect\n|move|p1a: Chien-Pao|Protect|p1a: Chien-Pao\n|-singleturn|p1a: Chien-Pao|Protect\n|move|p2b: Farigiraf|Dazzling Gleam|p1b: Farigiraf|[spread] p1b\n|-activate|p1a: Chien-Pao|move: Protect\n|-damage|p1b: Farigiraf|84\/100\n|move|p1b: Farigiraf|Trick Room|p1b: Farigiraf\n|-fieldend|move: Trick Room\n|\n|-weather|RainDance|[upkeep]\n|upkeep\n|turn|5\n|inactive|handreal has 30 seconds left.\n|inactive|handreal has 20 seconds left.\n|\n|t:|1700514451\n|move|p2a: Landorus|Protect||[still]\n|-fail|p2a: Landorus\n|move|p1a: Chien-Pao|Icicle Crash|p2a: Landorus\n|-supereffective|p2a: Landorus\n|-damage|p2a: Landorus|0 fnt\n|faint|p2a: Landorus\n|move|p2b: Farigiraf|Dazzling Gleam|p1b: Farigiraf|[spread] p1a,p1b\n|-supereffective|p1a: Chien-Pao\n|-damage|p1a: Chien-Pao|0 fnt\n|-damage|p1b: Farigiraf|67\/100\n|faint|p1a: Chien-Pao\n|move|p1b: Farigiraf|Dazzling Gleam|p2b: Farigiraf\n|-damage|p2b: Farigiraf|82\/100\n|\n|-weather|none\n|upkeep\n|\n|t:|1700514456\n|switch|p1a: Urshifu|Urshifu-Rapid-Strike, L50, F|100\/100\n|turn|6\n|\n|t:|1700514476\n|-terastallize|p1a: Urshifu|Water\n|move|p1b: Farigiraf|Helping Hand|p1a: Urshifu\n|-singleturn|p1a: Urshifu|Helping Hand|[of] p1b: Farigiraf\n|move|p1a: Urshifu|Surging Strikes|p2b: Farigiraf\n|-crit|p2b: Farigiraf\n|-damage|p2b: Farigiraf|42\/100\n|-enditem|p2b: Farigiraf|Sitrus Berry|[eat]\n|-heal|p2b: Farigiraf|67\/100|[from] item: Sitrus Berry\n|-crit|p2b: Farigiraf\n|-damage|p2b: Farigiraf|24\/100\n|-crit|p2b: Farigiraf\n|-damage|p2b: Farigiraf|0 fnt\n|faint|p2b: Farigiraf\n|-hitcount|p2: Farigiraf|3\n|\n|win|wdytyaia\n|raw|wdytyaia's rating: 1386 &rarr; <strong>1409<\/strong><br \/>(+23 for winning)\n|raw|handreal's rating: 1440 &rarr; <strong>1417<\/strong><br \/>(-23 for losing)\n|l|\u2606handreal\n","uploadtime":1700514493,"views":4,"p1id":"wdytyaia","p2id":"handreal","formatid":"gen9vgc2023regulatione","rating":1409,"private":0,"password":""}