{"id":"gen9vgc2023regulatione-1997032810","p1":"Jadedragon61","p2":"Pistone75","format":"[Gen 9] VGC 2023 Regulation E","log":"|j|\u2606Jadedragon61\n|j|\u2606Pistone75\n|t:|1700757707\n|gametype|doubles\n|player|p1|Jadedragon61|colress|1378\n|player|p2|Pistone75|266|1464\n|teamsize|p1|6\n|teamsize|p2|6\n|gen|9\n|tier|[Gen 9] VGC 2023 Regulation E\n|rated|\n|rule|Species Clause: Limit one of each Pok\u00e9mon\n|rule|Item Clause: Limit one of each item\n|clearpoke\n|poke|p1|Tyranitar, L50, M|\n|poke|p1|Rillaboom, L50, F|\n|poke|p1|Kommo-o, L50, F|\n|poke|p1|Iron Bundle, L50|\n|poke|p1|Flutter Mane, L50|\n|poke|p1|Landorus-Therian, L50, M|\n|poke|p2|Arcanine-Hisui, L50, F|\n|poke|p2|Gastrodon, L50, M|\n|poke|p2|Landorus-Therian, L50, M|\n|poke|p2|Indeedee-F, L50, F|\n|poke|p2|Glastrier, L50|\n|poke|p2|Armarouge, L50, M|\n|teampreview|4\n|inactive|Battle timer is ON: inactive players will automatically lose when time's up. (requested by Pistone75)\n|\n|t:|1700757789\n|start\n|switch|p1a: Jadedragon|Tyranitar, L50, M, shiny|100\/100\n|switch|p1b: Creamed corn|Landorus-Therian, L50, M, shiny|100\/100\n|switch|p2a: Arcanine|Arcanine-Hisui, L50, F|100\/100\n|switch|p2b: Indeedee|Indeedee-F, L50, F|100\/100\n|-ability|p1b: Creamed corn|Intimidate|boost\n|-fail|p2a: Arcanine|unboost|[from] item: Clear Amulet|[of] p2a: Arcanine\n|-unboost|p2b: Indeedee|atk|1\n|-ability|p2a: Arcanine|Intimidate|boost\n|-unboost|p1a: Jadedragon|atk|1\n|-unboost|p1b: Creamed corn|atk|1\n|-fieldstart|move: Psychic Terrain|[from] ability: Psychic Surge|[of] p2b: Indeedee\n|-enditem|p2b: Indeedee|Psychic Seed\n|-boost|p2b: Indeedee|spd|1|[from] item: Psychic Seed\n|-weather|Sandstorm|[from] ability: Sand Stream|[of] p1a: Jadedragon\n|turn|1\n|inactive|Pistone75 has 30 seconds left.\n|\n|t:|1700757818\n|switch|p2a: Gastrodon|Gastrodon, L50, M|100\/100\n|-terastallize|p2b: Indeedee|Dragon\n|move|p1b: Creamed corn|Stomping Tantrum|p2b: Indeedee\n|-crit|p2b: Indeedee\n|-damage|p2b: Indeedee|28\/100\n|move|p1a: Jadedragon|Knock Off|p2b: Indeedee\n|-damage|p2b: Indeedee|2\/100\n|move|p2b: Indeedee|Trick Room|p2b: Indeedee\n|-fieldstart|move: Trick Room|[of] p2b: Indeedee\n|\n|-weather|Sandstorm|[upkeep]\n|-damage|p2b: Indeedee|0 fnt|[from] Sandstorm\n|faint|p2b: Indeedee\n|upkeep\n|\n|t:|1700757831\n|switch|p2b: Glastrier|Glastrier, L50|100\/100\n|turn|2\n|inactive|Pistone75 has 30 seconds left.\n|\n|t:|1700757857\n|switch|p1b: Haitatsu!|Iron Bundle, L50, shiny|100\/100\n|-enditem|p1b: Haitatsu!|Booster Energy\n|-activate|p1b: Haitatsu!|ability: Quark Drive|[fromitem]\n|-start|p1b: Haitatsu!|quarkdrivespe\n|move|p2b: Glastrier|High Horsepower|p1a: Jadedragon\n|-supereffective|p1a: Jadedragon\n|-damage|p1a: Jadedragon|42\/100\n|move|p2a: Gastrodon|Earth Power|p1a: Jadedragon\n|-supereffective|p1a: Jadedragon\n|-damage|p1a: Jadedragon|17\/100\n|move|p1a: Jadedragon|Knock Off|p2b: Glastrier\n|-damage|p2b: Glastrier|75\/100\n|-enditem|p2b: Glastrier|Assault Vest|[from] move: Knock Off|[of] p1a: Jadedragon\n|\n|-weather|Sandstorm|[upkeep]\n|-damage|p2b: Glastrier|69\/100|[from] Sandstorm\n|-damage|p1b: Haitatsu!|94\/100|[from] Sandstorm\n|upkeep\n|turn|3\n|inactive|Jadedragon61 has 30 seconds left.\n|\n|t:|1700757883\n|switch|p1a: Monke|Rillaboom, L50, F, shiny|100\/100\n|-fieldstart|move: Grassy Terrain|[from] ability: Grassy Surge|[of] p1a: Monke\n|move|p2b: Glastrier|Heavy Slam|p1b: Haitatsu!\n|-damage|p1b: Haitatsu!|39\/100\n|move|p2a: Gastrodon|Earth Power|p1a: Monke\n|-resisted|p1a: Monke\n|-damage|p1a: Monke|84\/100\n|move|p1b: Haitatsu!|Hydro Pump|p2a: Gastrodon\n|-activate|p2a: Gastrodon|ability: Storm Drain\n|-ability|p2a: Gastrodon|Storm Drain|boost\n|-boost|p2a: Gastrodon|spa|1\n|\n|-weather|Sandstorm|[upkeep]\n|-damage|p2b: Glastrier|63\/100|[from] Sandstorm\n|-damage|p1a: Monke|78\/100|[from] Sandstorm\n|-damage|p1b: Haitatsu!|33\/100|[from] Sandstorm\n|-heal|p2b: Glastrier|69\/100|[from] Grassy Terrain\n|-heal|p1a: Monke|84\/100|[from] Grassy Terrain\n|-heal|p1b: Haitatsu!|39\/100|[from] Grassy Terrain\n|upkeep\n|turn|4\n|inactive|Pistone75 has 30 seconds left.\n|\n|t:|1700757911\n|move|p2a: Gastrodon|Protect|p2a: Gastrodon\n|-singleturn|p2a: Gastrodon|Protect\n|move|p1a: Monke|Fake Out|p2b: Glastrier\n|-crit|p2b: Glastrier\n|-damage|p2b: Glastrier|56\/100\n|cant|p2b: Glastrier|flinch\n|move|p1b: Haitatsu!|Freeze-Dry|p2a: Gastrodon\n|-activate|p2a: Gastrodon|move: Protect\n|\n|-weather|Sandstorm|[upkeep]\n|-damage|p2b: Glastrier|49\/100|[from] Sandstorm\n|-damage|p1a: Monke|78\/100|[from] Sandstorm\n|-damage|p1b: Haitatsu!|33\/100|[from] Sandstorm\n|-heal|p2b: Glastrier|56\/100|[from] Grassy Terrain\n|-heal|p1a: Monke|84\/100|[from] Grassy Terrain\n|-heal|p1b: Haitatsu!|39\/100|[from] Grassy Terrain\n|upkeep\n|turn|5\n|inactive|Jadedragon61 has 30 seconds left.\n|\n|t:|1700757946\n|-end|p1b: Haitatsu!|Quark Drive|[silent]\n|switch|p1b: Creamed corn|Landorus-Therian, L50, M, shiny|100\/100\n|-ability|p1b: Creamed corn|Intimidate|boost\n|-unboost|p2a: Gastrodon|atk|1\n|-unboost|p2b: Glastrier|atk|1\n|move|p1a: Monke|Protect|p1a: Monke\n|-singleturn|p1a: Monke|Protect\n|move|p2b: Glastrier|Heavy Slam|p1b: Creamed corn\n|-damage|p1b: Creamed corn|65\/100\n|move|p2a: Gastrodon|Ice Beam|p1a: Monke\n|-activate|p1a: Monke|move: Protect\n|\n|-weather|none\n|-heal|p2b: Glastrier|62\/100|[from] Grassy Terrain\n|-heal|p1a: Monke|89\/100|[from] Grassy Terrain\n|-fieldend|move: Trick Room\n|upkeep\n|turn|6\n|inactive|Pistone75 has 30 seconds left.\n|\n|t:|1700757973\n|move|p1b: Creamed corn|Stomping Tantrum|p2b: Glastrier\n|-damage|p2b: Glastrier|31\/100\n|move|p1a: Monke|Wood Hammer|p2a: Gastrodon\n|-supereffective|p2a: Gastrodon\n|-damage|p2a: Gastrodon|0 fnt\n|faint|p2a: Gastrodon\n|-damage|p1a: Monke|56\/100|[from] Recoil\n|move|p2b: Glastrier|Icicle Crash|p1a: Monke\n|-supereffective|p1a: Monke\n|-damage|p1a: Monke|0 fnt\n|faint|p1a: Monke\n|-ability|p2b: Glastrier|Chilling Neigh|boost\n|-boost|p2b: Glastrier|atk|1\n|\n|-heal|p2b: Glastrier|37\/100|[from] Grassy Terrain\n|upkeep\n|\n|t:|1700757983\n|switch|p1a: Jadedragon|Tyranitar, L50, M, shiny|17\/100\n|switch|p2a: Arcanine|Arcanine-Hisui, L50, F|100\/100\n|-ability|p2a: Arcanine|Intimidate|boost\n|-unboost|p1a: Jadedragon|atk|1\n|-unboost|p1b: Creamed corn|atk|1\n|-weather|Sandstorm|[from] ability: Sand Stream|[of] p1a: Jadedragon\n|turn|7\n|\n|t:|1700757993\n|move|p2a: Arcanine|Protect|p2a: Arcanine\n|-singleturn|p2a: Arcanine|Protect\n|move|p1b: Creamed corn|Stomping Tantrum|p2a: Arcanine\n|-activate|p2a: Arcanine|move: Protect\n|move|p1a: Jadedragon|Heavy Slam|p2b: Glastrier\n|-supereffective|p2b: Glastrier\n|-damage|p2b: Glastrier|22\/100\n|move|p2b: Glastrier|Icicle Crash|p1b: Creamed corn\n|-supereffective|p1b: Creamed corn\n|-damage|p1b: Creamed corn|0 fnt\n|faint|p1b: Creamed corn\n|-ability|p2b: Glastrier|Chilling Neigh|boost\n|-boost|p2b: Glastrier|atk|1\n|\n|-weather|Sandstorm|[upkeep]\n|-damage|p2b: Glastrier|16\/100|[from] Sandstorm\n|-heal|p1a: Jadedragon|23\/100|[from] Grassy Terrain\n|-heal|p2b: Glastrier|22\/100|[from] Grassy Terrain\n|-fieldend|move: Grassy Terrain\n|upkeep\n|\n|t:|1700757997\n|switch|p1b: Haitatsu!|Iron Bundle, L50, shiny|39\/100\n|turn|8\n|\n|t:|1700758020\n|move|p1b: Haitatsu!|Hydro Pump|p2a: Arcanine\n|-supereffective|p2a: Arcanine\n|-damage|p2a: Arcanine|0 fnt\n|faint|p2a: Arcanine\n|move|p1a: Jadedragon|Heavy Slam|p2b: Glastrier\n|-supereffective|p2b: Glastrier\n|-damage|p2b: Glastrier|8\/100\n|move|p2b: Glastrier|Heavy Slam|p1b: Haitatsu!\n|-damage|p1b: Haitatsu!|0 fnt\n|faint|p1b: Haitatsu!\n|-end|p1b: Haitatsu!|Quark Drive|[silent]\n|-ability|p2b: Glastrier|Chilling Neigh|boost\n|-boost|p2b: Glastrier|atk|1\n|\n|-weather|Sandstorm|[upkeep]\n|-damage|p2b: Glastrier|2\/100|[from] Sandstorm\n|upkeep\n|turn|9\n|\n|t:|1700758032\n|move|p1a: Jadedragon|Heavy Slam|p2b: Glastrier\n|-supereffective|p2b: Glastrier\n|-damage|p2b: Glastrier|0 fnt\n|faint|p2b: Glastrier\n|\n|win|Jadedragon61\n|raw|Jadedragon61's rating: 1378 &rarr; <strong>1403<\/strong><br \/>(+25 for winning)\n|raw|Pistone75's rating: 1464 &rarr; <strong>1439<\/strong><br \/>(-25 for losing)\n","uploadtime":1700758040,"views":0,"p1id":"jadedragon61","p2id":"pistone75","formatid":"gen9vgc2023regulatione","rating":1403,"private":0,"password":""}