{"id":"gen9vgc2023regulatione-1987998681","p1":"greyman resdusko","p2":"ElBau1129","format":"[Gen 9] VGC 2023 Regulation E","log":"|j|\u2606greyman resdusko\n|j|\u2606ElBau1129\n|t:|1699657497\n|gametype|doubles\n|player|p1|greyman resdusko|2|\n|player|p2|ElBau1129|ingo|\n|teamsize|p1|6\n|teamsize|p2|6\n|gen|9\n|tier|[Gen 9] VGC 2023 Regulation E\n|rule|Species Clause: Limit one of each Pok\u00e9mon\n|rule|Item Clause: Limit one of each item\n|clearpoke\n|poke|p1|Baxcalibur, L50, F|\n|poke|p1|Garganacl, L50, M|\n|poke|p1|Gholdengo, L50|\n|poke|p1|Meowscarada, L50, M|\n|poke|p1|Mimikyu, L50, F|\n|poke|p1|Tauros-Paldea-Aqua, L50, M|\n|poke|p2|Amoonguss, L50, F|\n|poke|p2|Torkoal, L50, M|\n|poke|p2|Lilligant, L50, F|\n|poke|p2|Oranguru, L50, M|\n|poke|p2|Hariyama, L50, M|\n|poke|p2|Sylveon, L50, F|\n|teampreview|4\nElBau1129 has agreed to open team sheets.\ngreyman resdusko has agreed to open team sheets.\n|showteam|p1|Baxcalibur||LoadedDice|ThermalExchange|GlaiveRush,IceShard,IcicleSpear,Protect|||F|||50|,,,,,Water]Garganacl||Leftovers|PurifyingSalt|SaltCure,Recover,WideGuard,Protect|||M|||50|,,,,,Poison]Gholdengo||ChoiceSpecs|GoodasGold|MakeItRain,ShadowBall,PowerGem,FocusBlast||||||50|,,,,,Steel]Meowscarada||FocusSash|Overgrow|FlowerTrick,KnockOff,SuckerPunch,Protect|||M|||50|,,,,,Grass]Mimikyu||LifeOrb|Disguise|PlayRough,ShadowClaw,ShadowSneak,Protect|||F|||50|,,,,,Ghost]Tauros-Paldea-Aqua||SafetyGoggles|Intimidate|CloseCombat,WaveCrash,AquaJet,Protect|||M|||50|,,,,,Water\n|showteam|p2|Amoonguss||BlackSludge|EffectSpore|Spore,RagePowder,PollenPuff,Protect|||F|||50|,,,,,Water]Torkoal||Charcoal|Drought|Eruption,EarthPower,HeatWave,Protect|||M|||50|,,,,,Fire]Lilligant||CovertCloak|Chlorophyll|AfterYou,SleepPowder,LeafStorm,TeraBlast|||F|||50|,,,,,Ground]Oranguru||SafetyGoggles|InnerFocus|TrickRoom,Instruct,Psyshock,Taunt|||M|||50|,,,,,Dark]Hariyama||FlameOrb|Guts|FakeOut,CloseCombat,KnockOff,Detect|||M|||50|,,,,,Dark]Sylveon||LifeOrb|Pixilate|HyperVoice,CalmMind,ShadowBall,Protect|||F|||50|,,,,,Ghost\n|c|\u2606greyman resdusko|gl\n|c|\u2606ElBau1129|gl we\n|j| drakig\n|c|\u2606ElBau1129|I am ready for the Last Dance of the day\n|c|\u2606greyman resdusko|Lit\n|c|\u2606ElBau1129|my last dance\n|c|\u2606greyman resdusko|And mine\n|j| ChadouMC\n|c| ChadouMC|gl\n|c|\u2606ElBau1129|change da world, my final dance\n|j| SlashLigue\n|c| SlashLigue|ya esta\n|c| SlashLigue|empezar\n|inactive|Battle timer is ON: inactive players will automatically lose when time's up. (requested by ElBau1129)\n|\n|t:|1699657647\n|start\n|switch|p1a: HardBetterStronger|Garganacl, L50, M|100\/100\n|switch|p1b: Pochita Girando|Meowscarada, L50, M|100\/100\n|switch|p2a: Mexicano|Oranguru, L50, M|100\/100\n|switch|p2b: Sus|Amoonguss, L50, F|100\/100\n|turn|1\n|inactive|ElBau1129 has 30 seconds left.\n|inactive|ElBau1129 has 20 seconds left.\n|inactive|ElBau1129 has 15 seconds left.\n|inactive|ElBau1129 has 10 seconds left.\n|\n|t:|1699657693\n|-terastallize|p2a: Mexicano|Dark\n|move|p2b: Sus|Rage Powder|p2b: Sus\n|-singleturn|p2b: Sus|move: Rage Powder\n|move|p1b: Pochita Girando|Knock Off|p2a: Mexicano\n|-resisted|p2a: Mexicano\n|-damage|p2a: Mexicano|77\/100\n|-enditem|p2a: Mexicano|Safety Goggles|[from] move: Knock Off|[of] p1b: Pochita Girando\n|move|p1a: HardBetterStronger|Salt Cure|p2b: Sus\n|-damage|p2b: Sus|89\/100\n|-start|p2b: Sus|Salt Cure\n|move|p2a: Mexicano|Trick Room|p2a: Mexicano\n|-fieldstart|move: Trick Room|[of] p2a: Mexicano\n|\n|-heal|p2b: Sus|95\/100|[from] item: Black Sludge\n|-damage|p2b: Sus|83\/100|[from] Salt Cure\n|upkeep\n|turn|2\n|inactive|ElBau1129 has 30 seconds left.\n|\n|t:|1699657720\n|move|p1b: Pochita Girando|Protect|p1b: Pochita Girando\n|-singleturn|p1b: Pochita Girando|Protect\n|move|p2b: Sus|Pollen Puff|p1b: Pochita Girando\n|-activate|p1b: Pochita Girando|move: Protect\n|move|p1a: HardBetterStronger|Salt Cure|p2a: Mexicano\n|-damage|p2a: Mexicano|63\/100\n|-start|p2a: Mexicano|Salt Cure\n|move|p2a: Mexicano|Taunt|p1a: HardBetterStronger\n|-start|p1a: HardBetterStronger|move: Taunt\n|\n|-heal|p2b: Sus|89\/100|[from] item: Black Sludge\n|-damage|p2b: Sus|76\/100|[from] Salt Cure\n|-damage|p2a: Mexicano|51\/100|[from] Salt Cure\n|upkeep\n|turn|3\n|inactive|ElBau1129 has 30 seconds left.\n|inactive|ElBau1129 has 20 seconds left.\n|inactive|ElBau1129 has 15 seconds left.\n|\n|t:|1699657766\n|switch|p1b: Roro Pirrorro|Gholdengo, L50|100\/100\n|move|p2b: Sus|Pollen Puff|p1b: Roro Pirrorro\n|-resisted|p1b: Roro Pirrorro\n|-damage|p1b: Roro Pirrorro|96\/100\n|move|p1a: HardBetterStronger|Salt Cure|p2b: Sus\n|-damage|p2b: Sus|64\/100\n|move|p2a: Mexicano|Instruct|p2b: Sus\n|-singleturn|p2b: Sus|move: Instruct|[of] p2a: Mexicano\n|move|p2b: Sus|Pollen Puff|p1b: Roro Pirrorro\n|-resisted|p1b: Roro Pirrorro\n|-damage|p1b: Roro Pirrorro|92\/100\n|\n|-heal|p2b: Sus|70\/100|[from] item: Black Sludge\n|-damage|p2b: Sus|58\/100|[from] Salt Cure\n|-damage|p2a: Mexicano|38\/100|[from] Salt Cure\n|upkeep\n|turn|4\n|inactive|ElBau1129 has 30 seconds left.\n|\n|t:|1699657793\n|switch|p2a: Torkoal|Torkoal, L50, M|100\/100\n|-weather|SunnyDay|[from] ability: Drought|[of] p2a: Torkoal\n|-terastallize|p1b: Roro Pirrorro|Steel\n|move|p2b: Sus|Protect|p2b: Sus\n|-singleturn|p2b: Sus|Protect\n|move|p1a: HardBetterStronger|Salt Cure|p2b: Sus\n|-activate|p2b: Sus|move: Protect\n|move|p1b: Roro Pirrorro|Make It Rain|p2a: Torkoal|[spread] p2a\n|-activate|p2b: Sus|move: Protect\n|-resisted|p2a: Torkoal\n|-damage|p2a: Torkoal|44\/100\n|-unboost|p1b: Roro Pirrorro|spa|1\n|\n|-weather|SunnyDay|[upkeep]\n|-heal|p2b: Sus|64\/100|[from] item: Black Sludge\n|-damage|p2b: Sus|51\/100|[from] Salt Cure\n|upkeep\n|turn|5\n|inactive|ElBau1129 has 30 seconds left.\n|\n|t:|1699657820\n|switch|p1b: Hermana de Draki\ud83d\udc80|Mimikyu, L50, F|100\/100\n|move|p2a: Torkoal|Heat Wave|p1b: Hermana de Draki\ud83d\udc80|[spread] p1a,p1b\n|-resisted|p1a: HardBetterStronger\n|-crit|p1a: HardBetterStronger\n|-damage|p1a: HardBetterStronger|73\/100\n|-activate|p1b: Hermana de Draki\ud83d\udc80|ability: Disguise\n|-damage|p1b: Hermana de Draki\ud83d\udc80|100\/100\n|-status|p1b: Hermana de Draki\ud83d\udc80|brn\n|detailschange|p1b: Hermana de Draki\ud83d\udc80|Mimikyu-Busted, L50, F\n|-damage|p1b: Hermana de Draki\ud83d\udc80|88\/100 brn|[from] pokemon: Mimikyu-Busted\n|move|p2b: Sus|Pollen Puff|p2a: Torkoal\n|-heal|p2a: Torkoal|94\/100\n|move|p1a: HardBetterStronger|Salt Cure|p2a: Torkoal\n|-supereffective|p2a: Torkoal\n|-damage|p2a: Torkoal|72\/100\n|-start|p2a: Torkoal|Salt Cure\n|\n|-weather|SunnyDay|[upkeep]\n|-heal|p2b: Sus|57\/100|[from] item: Black Sludge\n|-heal|p1a: HardBetterStronger|79\/100|[from] item: Leftovers\n|-damage|p1b: Hermana de Draki\ud83d\udc80|82\/100 brn|[from] brn\n|-damage|p2a: Torkoal|60\/100|[from] Salt Cure\n|-damage|p2b: Sus|45\/100|[from] Salt Cure\n|-end|p1a: HardBetterStronger|move: Taunt\n|-fieldend|move: Trick Room\n|upkeep\n|turn|6\n|inactive|ElBau1129 has 30 seconds left.\n|inactive|ElBau1129 has 20 seconds left.\n|inactive|ElBau1129 has 15 seconds left.\n|inactive|ElBau1129 has 10 seconds left.\n|\n|t:|1699657866\n|move|p2b: Sus|Protect|p2b: Sus\n|-singleturn|p2b: Sus|Protect\n|move|p1b: Hermana de Draki\ud83d\udc80|Shadow Claw|p2b: Sus\n|-activate|p2b: Sus|move: Protect\n|move|p1a: HardBetterStronger|Salt Cure|p2a: Torkoal\n|-supereffective|p2a: Torkoal\n|-damage|p2a: Torkoal|38\/100\n|move|p2a: Torkoal|Heat Wave|p1a: HardBetterStronger|[spread] p1a,p1b\n|-resisted|p1a: HardBetterStronger\n|-damage|p1a: HardBetterStronger|59\/100\n|-damage|p1b: Hermana de Draki\ud83d\udc80|10\/100 brn\n|\n|-weather|SunnyDay|[upkeep]\n|-heal|p1a: HardBetterStronger|65\/100|[from] item: Leftovers\n|-heal|p2b: Sus|51\/100|[from] item: Black Sludge\n|-damage|p1b: Hermana de Draki\ud83d\udc80|4\/100 brn|[from] brn\n|-damage|p2b: Sus|39\/100|[from] Salt Cure\n|-damage|p2a: Torkoal|26\/100|[from] Salt Cure\n|upkeep\n|turn|7\n|inactive|ElBau1129 has 30 seconds left.\n|\n|t:|1699657899\n|switch|p2b: Hariyama|Hariyama, L50, M|100\/100\n|move|p1b: Hermana de Draki\ud83d\udc80|Shadow Claw|p2b: Hariyama\n|-damage|p2b: Hariyama|81\/100\n|-damage|p1b: Hermana de Draki\ud83d\udc80|0 fnt|[from] item: Life Orb\n|faint|p1b: Hermana de Draki\ud83d\udc80\n|move|p1a: HardBetterStronger|Salt Cure|p2a: Torkoal\n|-supereffective|p2a: Torkoal\n|-damage|p2a: Torkoal|2\/100\n|move|p2a: Torkoal|Heat Wave|p1a: HardBetterStronger\n|-resisted|p1a: HardBetterStronger\n|-damage|p1a: HardBetterStronger|38\/100\n|\n|-weather|SunnyDay|[upkeep]\n|-heal|p1a: HardBetterStronger|44\/100|[from] item: Leftovers\n|-damage|p2a: Torkoal|0 fnt|[from] Salt Cure\n|faint|p2a: Torkoal\n|-status|p2b: Hariyama|brn|[from] item: Flame Orb\n|upkeep\n|inactive|ElBau1129 has 30 seconds left.\n|\n|t:|1699657924\n|switch|p1b: Pochita Girando|Meowscarada, L50, M|100\/100\n|switch|p2a: Sus|Amoonguss, L50, F|39\/100\n|turn|8\n|\n|t:|1699657938\n|move|p1b: Pochita Girando|Protect|p1b: Pochita Girando\n|-singleturn|p1b: Pochita Girando|Protect\n|move|p2b: Hariyama|Fake Out|p1b: Pochita Girando\n|-activate|p1b: Pochita Girando|move: Protect\n|move|p1a: HardBetterStronger|Recover|p1a: HardBetterStronger\n|-heal|p1a: HardBetterStronger|94\/100\n|move|p2a: Sus|Pollen Puff|p1b: Pochita Girando\n|-activate|p1b: Pochita Girando|move: Protect\n|\n|-weather|none\n|-heal|p1a: HardBetterStronger|99\/100|[from] item: Leftovers\n|-heal|p2a: Sus|45\/100|[from] item: Black Sludge\n|-damage|p2b: Hariyama|75\/100 brn|[from] brn\n|upkeep\n|turn|9\n|inactive|ElBau1129 has 30 seconds left.\n|\n|t:|1699657970\n|move|p2b: Hariyama|Detect|p2b: Hariyama\n|-singleturn|p2b: Hariyama|Protect\n|move|p1b: Pochita Girando|Flower Trick|p2b: Hariyama\n|-activate|p2b: Hariyama|move: Protect\n|move|p1a: HardBetterStronger|Salt Cure|p2b: Hariyama\n|-activate|p2b: Hariyama|move: Protect\n|move|p2a: Sus|Pollen Puff|p1b: Pochita Girando\n|-supereffective|p1b: Pochita Girando\n|-enditem|p1b: Pochita Girando|Focus Sash\n|-damage|p1b: Pochita Girando|1\/100\n|\n|-heal|p1a: HardBetterStronger|100\/100|[from] item: Leftovers\n|-heal|p2a: Sus|50\/100|[from] item: Black Sludge\n|-damage|p2b: Hariyama|69\/100 brn|[from] brn\n|upkeep\n|turn|10\n|inactive|ElBau1129 has 30 seconds left.\n|\n|t:|1699657997\n|switch|p2b: Mexicano|Oranguru, L50, M, tera:Dark|38\/100\n|move|p1b: Pochita Girando|Flower Trick|p2b: Mexicano\n|-crit|p2b: Mexicano\n|-damage|p2b: Mexicano|0 fnt\n|faint|p2b: Mexicano\n|move|p1a: HardBetterStronger|Salt Cure|p2a: Sus\n|-damage|p2a: Sus|39\/100\n|-start|p2a: Sus|Salt Cure\n|move|p2a: Sus|Pollen Puff|p2: Mexicano|[notarget]\n|-fail|p2a: Sus\n|\n|-heal|p2a: Sus|45\/100|[from] item: Black Sludge\n|-damage|p2a: Sus|33\/100|[from] Salt Cure\n|upkeep\n|\n|t:|1699658004\n|switch|p2b: Hariyama|Hariyama, L50, M|69\/100 brn\n|turn|11\n|inactive|ElBau1129 has 30 seconds left.\n|inactive|ElBau1129 has 20 seconds left.\n|\n|t:|1699658042\n|move|p1b: Pochita Girando|Protect|p1b: Pochita Girando\n|-singleturn|p1b: Pochita Girando|Protect\n|move|p1a: HardBetterStronger|Protect|p1a: HardBetterStronger\n|-singleturn|p1a: HardBetterStronger|Protect\n|move|p2b: Hariyama|Fake Out|p1b: Pochita Girando\n|-activate|p1b: Pochita Girando|move: Protect\n|move|p2a: Sus|Pollen Puff|p2b: Hariyama\n|-heal|p2b: Hariyama|100\/100 brn\n|\n|-heal|p2a: Sus|39\/100|[from] item: Black Sludge\n|-damage|p2b: Hariyama|95\/100 brn|[from] brn\n|-damage|p2a: Sus|26\/100|[from] Salt Cure\n|upkeep\n|turn|12\n|\n|t:|1699658059\n|move|p1b: Pochita Girando|Knock Off|p2a: Sus\n|-damage|p2a: Sus|0 fnt\n|-enditem|p2a: Sus|Black Sludge|[from] move: Knock Off|[of] p1b: Pochita Girando\n|faint|p2a: Sus\n|move|p2b: Hariyama|Close Combat|p1a: HardBetterStronger\n|-supereffective|p1a: HardBetterStronger\n|-damage|p1a: HardBetterStronger|0 fnt\n|-unboost|p2b: Hariyama|def|1\n|-unboost|p2b: Hariyama|spd|1\n|faint|p1a: HardBetterStronger\n|\n|-damage|p2b: Hariyama|89\/100 brn|[from] brn\n|upkeep\n|\n|t:|1699658065\n|switch|p1a: Roro Pirrorro|Gholdengo, L50, tera:Steel|92\/100\n|turn|13\n|\n|t:|1699658069\n|move|p1b: Pochita Girando|Flower Trick|p2b: Hariyama\n|-crit|p2b: Hariyama\n|-damage|p2b: Hariyama|0 fnt\n|faint|p2b: Hariyama\n|\n|win|greyman resdusko\n|c|\u2606greyman resdusko|gg\n","uploadtime":1699658076,"views":34,"p1id":"greymanresdusko","p2id":"elbau1129","formatid":"gen9vgc2023regulatione","rating":0,"private":0,"password":""}