{"id":"gen9vgc2023regulatione-2000206141","p1":"YaBoyDane1993","p2":"Gennaro Legit VGC","format":"[Gen 9] VGC 2023 Regulation E","log":"|j|\u2606YaBoyDane1993\n|j|\u2606Gennaro Legit VGC\n|t:|1701171983\n|gametype|doubles\n|player|p1|YaBoyDane1993|265|1171\n|player|p2|Gennaro Legit VGC|youngster-gen4dp|1224\n|teamsize|p1|6\n|teamsize|p2|6\n|gen|9\n|tier|[Gen 9] VGC 2023 Regulation E\n|rated|\n|rule|Species Clause: Limit one of each Pok\u00e9mon\n|rule|Item Clause: Limit one of each item\n|clearpoke\n|poke|p1|Slaking, L50, F|\n|poke|p1|Weezing-Galar, L50, F|\n|poke|p1|Ogerpon-Hearthflame, L50, F|\n|poke|p1|Flutter Mane, L50|\n|poke|p1|Kommo-o, L50, F|\n|poke|p1|Toxapex, L50, M|\n|poke|p2|Arcanine-Hisui, L50, F|\n|poke|p2|Chien-Pao, L50|\n|poke|p2|Rillaboom, L50, M|\n|poke|p2|Gholdengo, L50|\n|poke|p2|Tornadus, L50, M|\n|poke|p2|Urshifu-*, L50, M|\n|teampreview|4\nGennaro Legit VGC has agreed to open team sheets.\n|\n|t:|1701172012\n|start\n|switch|p1a: Slaking|Slaking, L50, F, shiny|100\/100\n|switch|p1b: Weezing|Weezing-Galar, L50, F|100\/100\n|switch|p2a: Gholdengo|Gholdengo, L50|100\/100\n|switch|p2b: Tornadus|Tornadus, L50, M|100\/100\n|-ability|p1b: Weezing|Neutralizing Gas\n|turn|1\n|\n|t:|1701172038\n|-terastallize|p2a: Gholdengo|Steel\n|move|p1b: Weezing|Protect|p1b: Weezing\n|-singleturn|p1b: Weezing|Protect\n|move|p2a: Gholdengo|Make It Rain|p1a: Slaking|[spread] p1a\n|-activate|p1b: Weezing|move: Protect\n|-damage|p1a: Slaking|53\/100\n|-unboost|p2a: Gholdengo|spa|1\n|move|p2b: Tornadus|Bleakwind Storm|p1b: Weezing|[spread] p1a\n|-activate|p1b: Weezing|move: Protect\n|-damage|p1a: Slaking|35\/100\n|move|p1a: Slaking|Rock Slide|p2a: Gholdengo|[spread] p2b\n|-miss|p1a: Slaking|p2a: Gholdengo\n|-supereffective|p2b: Tornadus\n|-damage|p2b: Tornadus|69\/100\n|\n|upkeep\n|turn|2\n|\n|t:|1701172072\n|move|p2a: Gholdengo|Make It Rain|p1a: Slaking|[spread] p1a,p1b\n|-supereffective|p1b: Weezing\n|-damage|p1a: Slaking|6\/100\n|-damage|p1b: Weezing|0 fnt\n|-unboost|p2a: Gholdengo|spa|1\n|faint|p1b: Weezing\n|-end|p1b: Weezing|ability: Neutralizing Gas\n|move|p2b: Tornadus|Bleakwind Storm|p1a: Slaking\n|-damage|p1a: Slaking|0 fnt\n|faint|p1a: Slaking\n|\n|upkeep\n|\n|t:|1701172087\n|switch|p1a: Toxapex|Toxapex, L50, M|100\/100\n|switch|p1b: Kommo-o|Kommo-o, L50, F|100\/100\n|turn|3\n|\n|t:|1701172110\n|switch|p2a: Urshifu|Urshifu-Rapid-Strike, L50, M|100\/100\n|move|p1a: Toxapex|Baneful Bunker|p1a: Toxapex\n|-singleturn|p1a: Toxapex|move: Protect\n|move|p2b: Tornadus|Taunt|p1b: Kommo-o\n|-start|p1b: Kommo-o|move: Taunt\n|cant|p1b: Kommo-o|move: Taunt|Clangorous Soul\n|\n|upkeep\n|turn|4\n|\n|t:|1701172142\n|move|p2b: Tornadus|Rain Dance|p2b: Tornadus\n|-weather|RainDance\n|move|p2a: Urshifu|Surging Strikes|p1a: Toxapex\n|-resisted|p1a: Toxapex\n|-crit|p1a: Toxapex\n|-damage|p1a: Toxapex|86\/100\n|-resisted|p1a: Toxapex\n|-crit|p1a: Toxapex\n|-damage|p1a: Toxapex|73\/100\n|-resisted|p1a: Toxapex\n|-crit|p1a: Toxapex\n|-damage|p1a: Toxapex|60\/100\n|-hitcount|p1a: Toxapex|3\n|move|p1b: Kommo-o|Clanging Scales|p2b: Tornadus|[spread] p2a,p2b\n|-damage|p2a: Urshifu|51\/100\n|-damage|p2b: Tornadus|27\/100\n|-unboost|p1b: Kommo-o|def|1\n|-enditem|p1b: Kommo-o|Throat Spray\n|-boost|p1b: Kommo-o|spa|1|[from] item: Throat Spray\n|move|p1a: Toxapex|Substitute|p1a: Toxapex\n|-start|p1a: Toxapex|Substitute\n|-damage|p1a: Toxapex|35\/100\n|\n|-weather|RainDance|[upkeep]\n|-heal|p1a: Toxapex|41\/100|[from] item: Leftovers\n|upkeep\n|turn|5\n|\n|t:|1701172173\n|move|p1a: Toxapex|Baneful Bunker|p1a: Toxapex\n|-singleturn|p1a: Toxapex|move: Protect\n|move|p2a: Urshifu|Surging Strikes|p1b: Kommo-o\n|-resisted|p1b: Kommo-o\n|-crit|p1b: Kommo-o\n|-damage|p1b: Kommo-o|72\/100\n|-resisted|p1b: Kommo-o\n|-crit|p1b: Kommo-o\n|-damage|p1b: Kommo-o|44\/100\n|-resisted|p1b: Kommo-o\n|-crit|p1b: Kommo-o\n|-damage|p1b: Kommo-o|16\/100\n|-hitcount|p1b: Kommo-o|3\n|move|p1b: Kommo-o|Boomburst|p2a: Urshifu|[spread] p2a,p2b\n|-activate|p1a: Toxapex|move: Protect\n|-damage|p2a: Urshifu|0 fnt\n|-damage|p2b: Tornadus|0 fnt\n|faint|p2a: Urshifu\n|faint|p2b: Tornadus\n|\n|-weather|RainDance|[upkeep]\n|-heal|p1a: Toxapex|46\/100|[from] item: Leftovers\n|-end|p1b: Kommo-o|move: Taunt\n|upkeep\n|\n|t:|1701172192\n|switch|p2a: Chien-Pao|Chien-Pao, L50|100\/100\n|switch|p2b: Gholdengo|Gholdengo, L50, tera:Steel|100\/100\n|-ability|p2a: Chien-Pao|Sword of Ruin\n|turn|6\n|\n|t:|1701172217\n|-terastallize|p1a: Toxapex|Water\n|move|p2a: Chien-Pao|Icicle Crash|p1b: Kommo-o|[miss]\n|-miss|p2a: Chien-Pao|p1b: Kommo-o\n|move|p1b: Kommo-o|Clanging Scales|p2b: Gholdengo|[spread] p2a,p2b\n|-resisted|p2b: Gholdengo\n|-damage|p2a: Chien-Pao|11\/100\n|-damage|p2b: Gholdengo|72\/100\n|-unboost|p1b: Kommo-o|def|1\n|move|p2b: Gholdengo|Shadow Ball|p1a: Toxapex\n|-crit|p1a: Toxapex\n|-end|p1a: Toxapex|Substitute\n|move|p1a: Toxapex|Surf|p2b: Gholdengo|[spread] p1b,p2a,p2b\n|-resisted|p1b: Kommo-o\n|-damage|p1b: Kommo-o|0 fnt\n|-damage|p2a: Chien-Pao|0 fnt\n|-damage|p2b: Gholdengo|30\/100\n|faint|p1b: Kommo-o\n|faint|p2a: Chien-Pao\n|\n|-weather|RainDance|[upkeep]\n|-heal|p1a: Toxapex|52\/100|[from] item: Leftovers\n|upkeep\n|turn|7\n|\n|t:|1701172246\n|move|p1a: Toxapex|Baneful Bunker|p1a: Toxapex\n|-singleturn|p1a: Toxapex|move: Protect\n|move|p2b: Gholdengo|Shadow Ball|p1a: Toxapex\n|-activate|p1a: Toxapex|move: Protect\n|\n|-weather|RainDance|[upkeep]\n|-heal|p1a: Toxapex|58\/100|[from] item: Leftovers\n|upkeep\n|turn|8\n|\n|t:|1701172259\n|move|p2b: Gholdengo|Shadow Ball|p1a: Toxapex\n|-damage|p1a: Toxapex|8\/100\n|move|p1a: Toxapex|Surf|p2b: Gholdengo\n|-damage|p2b: Gholdengo|0 fnt\n|faint|p2b: Gholdengo\n|\n|win|YaBoyDane1993\n|raw|YaBoyDane1993's rating: 1171 &rarr; <strong>1200<\/strong><br \/>(+29 for winning)\n|raw|Gennaro Legit VGC's rating: 1224 &rarr; <strong>1195<\/strong><br \/>(-29 for losing)\n|l|\u2606Gennaro Legit VGC\n","uploadtime":1701172285,"views":1,"p1id":"yaboydane1993","p2id":"gennarolegitvgc","formatid":"gen9vgc2023regulatione","rating":1195,"private":0,"password":""}