{"id":"gen9vgc2023regulatione-1989044181","p1":"TheGreatMutwa","p2":"TestJay","format":"[Gen 9] VGC 2023 Regulation E","log":"|j|\u2606TheGreatMutwa\n|j|\u2606TestJay\n|t:|1699805905\n|gametype|doubles\n|player|p1|TheGreatMutwa|theroyal|1339\n|player|p2|TestJay|pokemonranger-gen4|1412\n|teamsize|p1|6\n|teamsize|p2|6\n|gen|9\n|tier|[Gen 9] VGC 2023 Regulation E\n|rated|\n|rule|Species Clause: Limit one of each Pok\u00e9mon\n|rule|Item Clause: Limit one of each item\n|clearpoke\n|poke|p1|Chi-Yu, L50|\n|poke|p1|Munkidori, L50, M|\n|poke|p1|Rillaboom, L50, F|\n|poke|p1|Annihilape, L50, F|\n|poke|p1|Arcanine-Hisui, L50, M|\n|poke|p1|Maushold, L50|\n|poke|p2|Dusclops, L50, M|\n|poke|p2|Ursaluna-Bloodmoon, L50, M|\n|poke|p2|Kommo-o, L50, M|\n|poke|p2|Landorus-Therian, L50, M|\n|poke|p2|Iron Hands, L50|\n|poke|p2|Sinistcha-Masterpiece, L50|\n|teampreview|4\n|\n|t:|1699805925\n|start\n|switch|p1a: Chi-Yu|Chi-Yu, L50|100\/100\n|switch|p1b: Munkidori|Munkidori, L50, M|100\/100\n|switch|p2a: Dusclops|Dusclops, L50, M, shiny|100\/100\n|switch|p2b: Ursaluna|Ursaluna-Bloodmoon, L50, M|100\/100\n|-ability|p1a: Chi-Yu|Beads of Ruin\n|-ability|p2a: Dusclops|Pressure\n|turn|1\n|inactive|Battle timer is ON: inactive players will automatically lose when time's up. (requested by TestJay)\n|\n|t:|1699805955\n|-terastallize|p1a: Chi-Yu|Steel\n|move|p2b: Ursaluna|Protect|p2b: Ursaluna\n|-singleturn|p2b: Ursaluna|Protect\n|move|p1b: Munkidori|Sludge Wave|p2b: Ursaluna|[spread] p2a\n|-activate|p2b: Ursaluna|move: Protect\n|-immune|p1a: Chi-Yu\n|-resisted|p2a: Dusclops\n|-damage|p2a: Dusclops|79\/100\n|move|p1a: Chi-Yu|Dark Pulse|p2a: Dusclops\n|-supereffective|p2a: Dusclops\n|-damage|p2a: Dusclops|0 fnt\n|faint|p2a: Dusclops\n|-damage|p1a: Chi-Yu|90\/100|[from] item: Life Orb\n|\n|upkeep\n|\n|t:|1699805967\n|switch|p2a: Sinistcha|Sinistcha-Masterpiece, L50|100\/100\n|turn|2\n|\n|t:|1699805979\n|-terastallize|p2a: Sinistcha|Fire\n|move|p1b: Munkidori|Sludge Wave|p2a: Sinistcha|[spread] p2a,p2b\n|-immune|p1a: Chi-Yu\n|-resisted|p2b: Ursaluna\n|-damage|p2a: Sinistcha|33\/100\n|-damage|p2b: Ursaluna|55\/100\n|move|p1a: Chi-Yu|Dark Pulse|p2a: Sinistcha\n|-damage|p2a: Sinistcha|0 fnt\n|faint|p2a: Sinistcha\n|-damage|p1a: Chi-Yu|80\/100|[from] item: Life Orb\n|move|p2b: Ursaluna|Earth Power|p1a: Chi-Yu\n|-supereffective|p1a: Chi-Yu\n|-damage|p1a: Chi-Yu|0 fnt\n|faint|p1a: Chi-Yu\n|\n|upkeep\n|\n|t:|1699805994\n|switch|p1a: Annihilape|Annihilape, L50, F|100\/100\n|switch|p2a: Iron Hands|Iron Hands, L50|100\/100\n|turn|3\n|\n|t:|1699806019\n|switch|p1b: Maushold|Maushold, L50|100\/100\n|move|p2a: Iron Hands|Fake Out|p1b: Maushold\n|-damage|p1b: Maushold|80\/100\n|move|p1a: Annihilape|Bulk Up|p1a: Annihilape\n|-boost|p1a: Annihilape|atk|1\n|-boost|p1a: Annihilape|def|1\n|move|p2b: Ursaluna|Blood Moon|p1a: Annihilape\n|-damage|p1a: Annihilape|60\/100\n|\n|upkeep\n|turn|4\n|\n|t:|1699806035\n|move|p1b: Maushold|Follow Me|p1b: Maushold\n|-singleturn|p1b: Maushold|move: Follow Me\n|move|p1a: Annihilape|Drain Punch|p2b: Ursaluna\n|-supereffective|p2b: Ursaluna\n|-damage|p2b: Ursaluna|0 fnt\n|-heal|p1a: Annihilape|88\/100|[from] drain|[of] p2b: Ursaluna\n|faint|p2b: Ursaluna\n|move|p2a: Iron Hands|Drain Punch|p1b: Maushold\n|-supereffective|p1b: Maushold\n|-damage|p1b: Maushold|0 fnt\n|faint|p1b: Maushold\n|\n|upkeep\n|\n|t:|1699806045\n|switch|p1b: Munkidori|Munkidori, L50, M|100\/100\n|turn|5\n|\n|t:|1699806055\n|move|p1b: Munkidori|Psyshock|p2a: Iron Hands\n|-supereffective|p2a: Iron Hands\n|-damage|p2a: Iron Hands|17\/100\n|move|p1a: Annihilape|Rage Fist|p2a: Iron Hands\n|-damage|p2a: Iron Hands|0 fnt\n|faint|p2a: Iron Hands\n|-end|p2a: Iron Hands|Quark Drive|[silent]\n|\n|win|TheGreatMutwa\n|raw|TheGreatMutwa's rating: 1339 &rarr; <strong>1363<\/strong><br \/>(+24 for winning)\n|raw|TestJay's rating: 1412 &rarr; <strong>1388<\/strong><br \/>(-24 for losing)\n|l|\u2606TestJay\n","uploadtime":1699806072,"views":10,"p1id":"thegreatmutwa","p2id":"testjay","formatid":"gen9vgc2023regulatione","rating":1363,"private":0,"password":""}