{"id":"gen9vgc2023regulatione-1989567538","p1":"givi","p2":"Choruto","format":"[Gen 9] VGC 2023 Regulation E","log":"|j|\u2606givi\n|j|\u2606Choruto\n|t:|1699872490\n|gametype|doubles\n|player|p1|givi|lucas|\n|player|p2|Choruto|170|\n|teamsize|p1|6\n|teamsize|p2|6\n|gen|9\n|tier|[Gen 9] VGC 2023 Regulation E\n|rated|Tournament battle\n|rule|Species Clause: Limit one of each Pok\u00e9mon\n|rule|Item Clause: Limit one of each item\n|clearpoke\n|poke|p1|Urshifu-*, L50, M|\n|poke|p1|Gholdengo, L50|\n|poke|p1|Tornadus, L50, M|\n|poke|p1|Iron Hands, L50|\n|poke|p1|Sinistcha-Masterpiece, L50|\n|poke|p1|Heatran, L50, F|\n|poke|p2|Gholdengo, L50|\n|poke|p2|Tornadus, L50, M|\n|poke|p2|Urshifu-*, L50, M|\n|poke|p2|Iron Hands, L50|\n|poke|p2|Farigiraf, L50, F|\n|poke|p2|Ninetales-Alola, L50, F|\n|teampreview|4\n|showteam|p1|Urshifu-Rapid-Strike||MysticWater|UnseenFist|SurgingStrikes,Uturn,CloseCombat,Protect|||M|||50|,,,,,Water]Gholdengo||Leftovers|GoodasGold|MakeItRain,ShadowBall,Protect,NastyPlot||||||50|,,,,,Dragon]Tornadus||CovertCloak|Prankster|Tailwind,BleakwindStorm,RainDance,Taunt|||M|||50|,,,,,Dark]Iron Hands||AssaultVest|QuarkDrive|FakeOut,DrainPunch,WildCharge,HeavySlam||||||50|,,,,,Fire]Sinistcha-Masterpiece||RockyHelmet|Hospitality|MatchaGotcha,RagePowder,StrengthSap,TrickRoom||||||50|,,,,,Water]Heatran||LifeOrb|FlashFire|HeatWave,EarthPower,TeraBlast,Protect|||F|||50|,,,,,Fairy\n|showteam|p2|Gholdengo||Leftovers|GoodasGold|MakeItRain,ShadowBall,NastyPlot,Protect||||||50|,,,,,Dragon]Tornadus||SkyPlate|Prankster|BleakwindStorm,Tailwind,Taunt,RainDance|||M|||50|,,,,,Flying]Urshifu-Rapid-Strike||ChoiceScarf|UnseenFist|SurgingStrikes,CloseCombat,IceSpinner,Uturn|||M|||50|,,,,,Water]Iron Hands||AssaultVest|QuarkDrive|WildCharge,DrainPunch,HeavySlam,FakeOut||||||50|,,,,,Water]Farigiraf||SitrusBerry|ArmorTail|Psychic,HyperVoice,TrickRoom,Imprison|||F|||50|,,,,,Water]Ninetales-Alola||LightClay|SnowWarning|FreezeDry,Moonblast,Protect,AuroraVeil|||F|||50|,,,,,Water\n|j| 4KuserVGC\n|c|\u2606Choruto|This feels familiar\n|j| Aylona\n|c|\u2606Choruto|Its like the same team lol\n|c|\u2606givi|haha true\n|j| ale cog\n|\n|t:|1699872581\n|start\n|switch|p1a: Tornadus|Tornadus, L50, M|100\/100\n|switch|p1b: Iron Hands|Iron Hands, L50|100\/100\n|switch|p2a: Halibut|Iron Hands, L50, shiny|100\/100\n|switch|p2b: Cherry|Farigiraf, L50, F|100\/100\n|turn|1\n|\n|t:|1699872608\n|switch|p1a: Sinistcha|Sinistcha-Masterpiece, L50|100\/100\n|move|p2a: Halibut|Wild Charge|p1a: Sinistcha\n|-resisted|p1a: Sinistcha\n|-damage|p1a: Sinistcha|78\/100\n|-damage|p2a: Halibut|84\/100|[from] item: Rocky Helmet|[of] p1a: Sinistcha\n|-damage|p2a: Halibut|80\/100|[from] Recoil\n|move|p1b: Iron Hands|Drain Punch|p2b: Cherry\n|-damage|p2b: Cherry|64\/100\n|move|p2b: Cherry|Trick Room|p2b: Cherry\n|-fieldstart|move: Trick Room|[of] p2b: Cherry\n|\n|upkeep\n|turn|2\n|\n|t:|1699872647\n|move|p1b: Iron Hands|Drain Punch|p2b: Cherry\n|-damage|p2b: Cherry|24\/100\n|-enditem|p2b: Cherry|Sitrus Berry|[eat]\n|-heal|p2b: Cherry|49\/100|[from] item: Sitrus Berry\n|move|p2a: Halibut|Heavy Slam|p1a: Sinistcha\n|-damage|p1a: Sinistcha|35\/100\n|-damage|p2a: Halibut|63\/100|[from] item: Rocky Helmet|[of] p1a: Sinistcha\n|move|p1a: Sinistcha|Matcha Gotcha|p2a: Halibut|[spread] p2a,p2b\n|-damage|p2a: Halibut|47\/100\n|-heal|p1a: Sinistcha|47\/100|[from] drain|[of] p2a: Halibut\n|-damage|p2b: Cherry|16\/100\n|-heal|p1a: Sinistcha|67\/100|[from] drain|[of] p2b: Cherry\n|move|p2b: Cherry|Psychic|p1a: Sinistcha\n|-damage|p1a: Sinistcha|27\/100\n|\n|upkeep\n|turn|3\n|\n|t:|1699872681\n|switch|p1a: Tornadus|Tornadus, L50, M|100\/100\n|switch|p2b: Trident|Gholdengo, L50|100\/100\n|move|p1b: Iron Hands|Wild Charge|p2b: Trident\n|-damage|p2b: Trident|60\/100\n|-damage|p1b: Iron Hands|92\/100|[from] Recoil\n|move|p2a: Halibut|Heavy Slam|p1a: Tornadus\n|-damage|p1a: Tornadus|44\/100\n|\n|-heal|p2b: Trident|66\/100|[from] item: Leftovers\n|upkeep\n|turn|4\n|\n|t:|1699872709\n|move|p2b: Trident|Protect|p2b: Trident\n|-singleturn|p2b: Trident|Protect\n|move|p1b: Iron Hands|Drain Punch|p2a: Halibut\n|-damage|p2a: Halibut|19\/100\n|-heal|p1b: Iron Hands|100\/100|[from] drain|[of] p2a: Halibut\n|move|p2a: Halibut|Heavy Slam|p1a: Tornadus\n|-damage|p1a: Tornadus|0 fnt\n|faint|p1a: Tornadus\n|\n|-heal|p2b: Trident|73\/100|[from] item: Leftovers\n|upkeep\n|\n|t:|1699872721\n|switch|p1a: Heatran|Heatran, L50, F|100\/100\n|turn|5\n|inactive|Battle timer is ON: inactive players will automatically lose when time's up. (requested by givi)\n|\n|t:|1699872734\n|-end|p2a: Halibut|Quark Drive|[silent]\n|switch|p2a: Cherry|Farigiraf, L50, F|16\/100\n|-terastallize|p2b: Trident|Dragon\n|move|p1a: Heatran|Protect|p1a: Heatran\n|-singleturn|p1a: Heatran|Protect\n|move|p1b: Iron Hands|Drain Punch|p2a: Cherry\n|-damage|p2a: Cherry|0 fnt\n|faint|p2a: Cherry\n|move|p2b: Trident|Nasty Plot|p2b: Trident\n|-boost|p2b: Trident|spa|2\n|\n|-heal|p2b: Trident|79\/100|[from] item: Leftovers\n|-fieldend|move: Trick Room\n|upkeep\n|\n|t:|1699872738\n|switch|p2a: Typhoon|Tornadus, L50, M, shiny|100\/100\n|turn|6\n|inactive|givi has 30 seconds left.\n|inactive|Choruto has 30 seconds left.\n|inactive|givi has 20 seconds left.\n|\n|t:|1699872777\n|move|p2a: Typhoon|Bleakwind Storm|p1a: Heatran|[spread] p1a,p1b\n|-resisted|p1a: Heatran\n|-damage|p1a: Heatran|79\/100\n|-damage|p1b: Iron Hands|78\/100\n|move|p2b: Trident|Make It Rain|p1a: Heatran|[spread] p1a,p1b\n|-resisted|p1a: Heatran\n|-resisted|p1b: Iron Hands\n|-damage|p1a: Heatran|61\/100\n|-damage|p1b: Iron Hands|57\/100\n|-unboost|p2b: Trident|spa|1\n|move|p1a: Heatran|Heat Wave|p2a: Typhoon|[spread] p2a,p2b\n|-resisted|p2b: Trident\n|-damage|p2a: Typhoon|49\/100\n|-damage|p2b: Trident|56\/100\n|-damage|p1a: Heatran|52\/100|[from] item: Life Orb\n|move|p1b: Iron Hands|Drain Punch|p2b: Trident\n|-damage|p2b: Trident|21\/100\n|-heal|p1b: Iron Hands|71\/100|[from] drain|[of] p2b: Trident\n|\n|-heal|p2b: Trident|27\/100|[from] item: Leftovers\n|upkeep\n|turn|7\n|inactive|Choruto has 30 seconds left.\n|inactive|givi has 30 seconds left.\n|c|\u2606Choruto|Oh man that was a throiw\n|inactive|givi has 20 seconds left.\n|inactive|givi has 15 seconds left.\n|l| 4KuserVGC\n|inactive|givi has 10 seconds left.\n|inactive|givi has 5 seconds left.\n|\n|t:|1699872833\n|move|p2b: Trident|Protect|p2b: Trident\n|-singleturn|p2b: Trident|Protect\n|move|p2a: Typhoon|Tailwind|p2a: Typhoon\n|-sidestart|p2: Choruto|move: Tailwind\n|move|p1a: Heatran|Heat Wave|p2b: Trident|[spread] p2a\n|-activate|p2b: Trident|move: Protect\n|-damage|p2a: Typhoon|0 fnt\n|faint|p2a: Typhoon\n|-damage|p1a: Heatran|42\/100|[from] item: Life Orb\n|move|p1b: Iron Hands|Wild Charge|p2b: Trident\n|-activate|p2b: Trident|move: Protect\n|\n|-heal|p2b: Trident|33\/100|[from] item: Leftovers\n|upkeep\n|\n|t:|1699872836\n|switch|p2a: Halibut|Iron Hands, L50, shiny|19\/100\n|turn|8\n|\n|t:|1699872857\n|-end|p1b: Iron Hands|Quark Drive|[silent]\n|switch|p1b: Sinistcha|Sinistcha-Masterpiece, L50|27\/100\n|-heal|p1a: Heatran|67\/100|[from] ability: Hospitality|[of] p1b: Sinistcha\n|move|p1a: Heatran|Protect|p1a: Heatran\n|-singleturn|p1a: Heatran|Protect\n|move|p2a: Halibut|Fake Out|p1b: Sinistcha\n|-immune|p1b: Sinistcha\n|move|p2b: Trident|Shadow Ball|p1a: Heatran\n|-activate|p1a: Heatran|move: Protect\n|\n|-heal|p2b: Trident|39\/100|[from] item: Leftovers\n|upkeep\n|turn|9\n|inactive|givi has 30 seconds left.\n|\n|t:|1699872882\n|-terastallize|p1a: Heatran|Fairy\n|move|p2b: Trident|Shadow Ball|p1b: Sinistcha\n|-supereffective|p1b: Sinistcha\n|-damage|p1b: Sinistcha|0 fnt\n|faint|p1b: Sinistcha\n|move|p2a: Halibut|Drain Punch|p1a: Heatran\n|-resisted|p1a: Heatran\n|-damage|p1a: Heatran|48\/100\n|-heal|p2a: Halibut|26\/100|[from] drain|[of] p1a: Heatran\n|move|p1a: Heatran|Tera Blast|p2b: Trident|[anim] Tera Blast Fairy\n|-supereffective|p2b: Trident\n|-damage|p2b: Trident|0 fnt\n|faint|p2b: Trident\n|-damage|p1a: Heatran|39\/100|[from] item: Life Orb\n|\n|upkeep\n|\n|t:|1699872887\n|switch|p1b: Iron Hands|Iron Hands, L50|71\/100\n|turn|10\n|-message|Choruto forfeited.\n|\n|win|givi\n|n|\u2606givi|givi\n|n|\u2606Choruto|choruto\n|n| Aylona|aylona\n|n| ale cog|alecog\n","uploadtime":1699872889,"views":27,"p1id":"givi","p2id":"choruto","formatid":"gen9vgc2023regulatione","rating":0,"private":0,"password":""}