{"id":"gen9vgc2023regulatione-1998487830","p1":"shmoe6","p2":"imo73","format":"[Gen 9] VGC 2023 Regulation E","log":"|j|\u2606shmoe6\n|j|\u2606imo73\n|t:|1700947940\n|gametype|doubles\n|player|p1|shmoe6|skyla-masters2|1196\n|player|p2|imo73|169|1156\n|teamsize|p1|6\n|teamsize|p2|6\n|gen|9\n|tier|[Gen 9] VGC 2023 Regulation E\n|rated|\n|rule|Species Clause: Limit one of each Pok\u00e9mon\n|rule|Item Clause: Limit one of each item\n|clearpoke\n|poke|p1|Okidogi, L50, M|\n|poke|p1|Ninetales-Alola, L50, F|\n|poke|p1|Ogerpon-Wellspring, L50, F|\n|poke|p1|Landorus-Therian, L50, M|\n|poke|p1|Baxcalibur, L50, F|\n|poke|p1|Iron Hands, L50|\n|poke|p2|Urshifu-*, L50, F|\n|poke|p2|Tornadus, L50, M|\n|poke|p2|Farigiraf, L50, M|\n|poke|p2|Klefki, L50, M|\n|poke|p2|Ogerpon-Wellspring, L50, F|\n|poke|p2|Amoonguss, L50, M|\n|teampreview|4\n|\n|t:|1700947987\n|start\n|switch|p1a: Iron Hands|Iron Hands, L50|100\/100\n|switch|p1b: Okidogi|Okidogi, L50, M|100\/100\n|switch|p2a: Klefki|Klefki, L50, M|100\/100\n|switch|p2b: Ogerpon|Ogerpon-Wellspring, L50, F|100\/100\n|turn|1\n|\n|t:|1700948012\n|move|p2b: Ogerpon|Spiky Shield|p2b: Ogerpon\n|-singleturn|p2b: Ogerpon|move: Protect\n|move|p1a: Iron Hands|Fake Out|p2b: Ogerpon\n|-activate|p2b: Ogerpon|move: Protect\n|-damage|p1a: Iron Hands|88\/100|[from] Spiky Shield|[of] p2b: Ogerpon\n|move|p2a: Klefki|Reflect|p2a: Klefki\n|-sidestart|p2: imo73|Reflect\n|move|p1b: Okidogi|Bulk Up|p1b: Okidogi\n|-boost|p1b: Okidogi|atk|1\n|-boost|p1b: Okidogi|def|1\n|\n|upkeep\n|turn|2\n|\n|t:|1700948035\n|-terastallize|p2b: Ogerpon|Water\n|detailschange|p2b: Ogerpon|Ogerpon-Wellspring-Tera, L50, F, tera:Water\n|-ability|p2b: Ogerpon|Embody Aspect (Wellspring)|boost\n|-boost|p2b: Ogerpon|spd|1\n|move|p1b: Okidogi|Protect|p1b: Okidogi\n|-singleturn|p1b: Okidogi|Protect\n|move|p2a: Klefki|Light Screen|p2a: Klefki\n|-sidestart|p2: imo73|move: Light Screen\n|move|p2b: Ogerpon|Ivy Cudgel|p1b: Okidogi|[anim] Ivy Cudgel Water\n|-activate|p1b: Okidogi|move: Protect\n|move|p1a: Iron Hands|Wild Charge|p2b: Ogerpon\n|-supereffective|p2b: Ogerpon\n|-damage|p2b: Ogerpon|44\/100\n|-damage|p1a: Iron Hands|77\/100|[from] Recoil\n|\n|upkeep\n|turn|3\n|\n|t:|1700948071\n|switch|p2a: Amoonguss|Amoonguss, L50, M|100\/100\n|move|p2b: Ogerpon|Spiky Shield|p2b: Ogerpon\n|-singleturn|p2b: Ogerpon|move: Protect\n|move|p1b: Okidogi|Poison Jab|p2b: Ogerpon\n|-activate|p2b: Ogerpon|move: Protect\n|-damage|p1b: Okidogi|88\/100|[from] Spiky Shield|[of] p2b: Ogerpon\n|move|p1a: Iron Hands|Drain Punch|p2a: Amoonguss\n|-resisted|p2a: Amoonguss\n|-damage|p2a: Amoonguss|86\/100\n|-heal|p1a: Iron Hands|84\/100|[from] drain|[of] p2a: Amoonguss\n|-damage|p1a: Iron Hands|68\/100|[from] item: Rocky Helmet|[of] p2a: Amoonguss\n|\n|-heal|p1b: Okidogi|94\/100|[from] item: Leftovers\n|upkeep\n|turn|4\n|\n|t:|1700948106\n|-end|p1a: Iron Hands|Quark Drive|[silent]\n|switch|p1a: Landorus|Landorus-Therian, L50, M|100\/100\n|-ability|p1a: Landorus|Intimidate|boost\n|-unboost|p2a: Amoonguss|atk|1\n|-unboost|p2b: Ogerpon|atk|1\n|move|p2a: Amoonguss|Rage Powder|p2a: Amoonguss\n|-singleturn|p2a: Amoonguss|move: Rage Powder\n|move|p2b: Ogerpon|Horn Leech|p1a: Landorus\n|-damage|p1a: Landorus|73\/100\n|-heal|p2b: Ogerpon|58\/100|[from] drain|[of] p1a: Landorus\n|move|p1b: Okidogi|Poison Jab|p2a: Amoonguss\n|-damage|p2a: Amoonguss|44\/100\n|-damage|p1b: Okidogi|78\/100|[from] item: Rocky Helmet|[of] p2a: Amoonguss\n|\n|-heal|p1b: Okidogi|84\/100|[from] item: Leftovers\n|upkeep\n|turn|5\n|\n|t:|1700948127\n|move|p2b: Ogerpon|Spiky Shield|p2b: Ogerpon\n|-singleturn|p2b: Ogerpon|move: Protect\n|move|p1a: Landorus|Rock Slide|p2a: Amoonguss|[spread] \n|-activate|p2b: Ogerpon|move: Protect\n|-miss|p1a: Landorus|p2a: Amoonguss\n|move|p1b: Okidogi|Poison Jab|p2a: Amoonguss\n|-damage|p2a: Amoonguss|0 fnt\n|-damage|p1b: Okidogi|67\/100|[from] item: Rocky Helmet|[of] p2a: Amoonguss\n|faint|p2a: Amoonguss\n|\n|-heal|p1b: Okidogi|73\/100|[from] item: Leftovers\n|upkeep\n|\n|t:|1700948133\n|switch|p2a: Urshifu|Urshifu, L50, F|100\/100\n|turn|6\n|\n|t:|1700948155\n|switch|p1a: Ogerpon|Ogerpon-Wellspring, L50, F|100\/100\n|move|p2a: Urshifu|Wicked Blow|p1b: Okidogi\n|-resisted|p1b: Okidogi\n|-crit|p1b: Okidogi\n|-damage|p1b: Okidogi|50\/100\n|move|p2b: Ogerpon|Ivy Cudgel|p1a: Ogerpon|[anim] Ivy Cudgel Water\n|-immune|p1a: Ogerpon|[from] ability: Water Absorb\n|move|p1b: Okidogi|Drain Punch|p2a: Urshifu\n|-supereffective|p2a: Urshifu\n|-damage|p2a: Urshifu|14\/100\n|-heal|p1b: Okidogi|90\/100|[from] drain|[of] p2a: Urshifu\n|\n|-heal|p1b: Okidogi|96\/100|[from] item: Leftovers\n|upkeep\n|turn|7\n|-message|imo73 forfeited.\n|\n|win|shmoe6\n|raw|shmoe6's rating: 1196 &rarr; <strong>1218<\/strong><br \/>(+22 for winning)\n|raw|imo73's rating: 1156 &rarr; <strong>1134<\/strong><br \/>(-22 for losing)\n|l|\u2606imo73\n","uploadtime":1700948170,"views":18,"p1id":"shmoe6","p2id":"imo73","formatid":"gen9vgc2023regulatione","rating":1134,"private":0,"password":""}