{"id":"gen9vgc2023regulatione-2000200728","p1":"Bnt162b2","p2":"balfcyur","format":"[Gen 9] VGC 2023 Regulation E","log":"|j|\u2606Bnt162b2\n|j|\u2606balfcyur\n|t:|1701171230\n|gametype|doubles\n|player|p1|Bnt162b2|101|1426\n|player|p2|balfcyur|silver|1379\n|teamsize|p1|6\n|teamsize|p2|6\n|gen|9\n|tier|[Gen 9] VGC 2023 Regulation E\n|rated|\n|rule|Species Clause: Limit one of each Pok\u00e9mon\n|rule|Item Clause: Limit one of each item\n|clearpoke\n|poke|p1|Kingambit, L50, M|\n|poke|p1|Flutter Mane, L50|\n|poke|p1|Chi-Yu, L50|\n|poke|p1|Urshifu-*, L50, M|\n|poke|p1|Landorus-Therian, L50, M|\n|poke|p1|Farigiraf, L50, M|\n|poke|p2|Ogerpon-Hearthflame, L50, F|\n|poke|p2|Tornadus, L50, M|\n|poke|p2|Urshifu-*, L50, M|\n|poke|p2|Flutter Mane, L50|\n|poke|p2|Clefairy, L50, F|\n|poke|p2|Kingambit, L50, F|\n|teampreview|4\n|inactive|Battle timer is ON: inactive players will automatically lose when time's up. (requested by balfcyur)\nbalfcyur has agreed to open team sheets.\n|inactive|Bnt162b2 has 60 seconds left.\n|inactive|balfcyur has 60 seconds left.\n|\n|t:|1701171283\n|start\n|switch|p1a: Urshifu|Urshifu-Rapid-Strike, L50, M|100\/100\n|switch|p1b: Flutter Mane|Flutter Mane, L50|100\/100\n|switch|p2a: Tornadus|Tornadus, L50, M|100\/100\n|switch|p2b: Kingambit|Kingambit, L50, F|100\/100\n|turn|1\n|\n|t:|1701171296\n|switch|p1a: Chi-Yu|Chi-Yu, L50|100\/100\n|-ability|p1a: Chi-Yu|Beads of Ruin\n|move|p2a: Tornadus|Tailwind|p2a: Tornadus\n|-sidestart|p2: balfcyur|move: Tailwind\n|move|p2b: Kingambit|Sucker Punch|p1b: Flutter Mane\n|-damage|p1b: Flutter Mane|0 fnt\n|faint|p1b: Flutter Mane\n|-end|p1b: Flutter Mane|Protosynthesis|[silent]\n|\n|upkeep\n|\n|t:|1701171306\n|switch|p1b: Farigiraf|Farigiraf, L50, M|100\/100\n|turn|2\n|\n|t:|1701171324\n|switch|p2b: Urshifu|Urshifu-Rapid-Strike, L50, M|100\/100\n|-terastallize|p1b: Farigiraf|Normal\n|move|p2a: Tornadus|Bleakwind Storm|p1b: Farigiraf|[spread] p1a,p1b\n|-damage|p1a: Chi-Yu|65\/100\n|-damage|p1b: Farigiraf|53\/100\n|-unboost|p1a: Chi-Yu|spe|1\n|move|p1a: Chi-Yu|Heat Wave|p2a: Tornadus|[spread] p2a,p2b\n|-resisted|p2b: Urshifu\n|-damage|p2a: Tornadus|47\/100\n|-damage|p2b: Urshifu|65\/100\n|move|p1b: Farigiraf|Dazzling Gleam|p2a: Tornadus|[spread] p2a,p2b\n|-supereffective|p2b: Urshifu\n|-damage|p2a: Tornadus|24\/100\n|-damage|p2b: Urshifu|1\/100\n|\n|upkeep\n|turn|3\n|inactive|Bnt162b2 has 30 seconds left.\n|inactive|balfcyur has 30 seconds left.\n|\n|t:|1701171353\n|move|p2a: Tornadus|Bleakwind Storm|p1b: Farigiraf|[spread] p1a,p1b\n|-damage|p1a: Chi-Yu|28\/100\n|-damage|p1b: Farigiraf|7\/100\n|-unboost|p1b: Farigiraf|spe|1\n|-enditem|p1b: Farigiraf|Sitrus Berry|[eat]\n|-heal|p1b: Farigiraf|31\/100|[from] item: Sitrus Berry\n|move|p2b: Urshifu|Surging Strikes|p1a: Chi-Yu\n|-supereffective|p1a: Chi-Yu\n|-crit|p1a: Chi-Yu\n|-damage|p1a: Chi-Yu|0 fnt\n|faint|p1a: Chi-Yu\n|-hitcount|p1: Chi-Yu|1\n|-damage|p2b: Urshifu|0 fnt|[from] item: Life Orb\n|faint|p2b: Urshifu\n|move|p1b: Farigiraf|Trick Room|p1b: Farigiraf\n|-fieldstart|move: Trick Room|[of] p1b: Farigiraf\n|\n|upkeep\n|\n|t:|1701171366\n|switch|p2b: Flutter Mane|Flutter Mane, L50|100\/100\n|switch|p1a: Urshifu|Urshifu-Rapid-Strike, L50, M|100\/100\n|turn|4\n|\n|t:|1701171372\n|move|p1b: Farigiraf|Dazzling Gleam|p2b: Flutter Mane|[spread] p2a,p2b\n|-damage|p2a: Tornadus|8\/100\n|-damage|p2b: Flutter Mane|83\/100\n|move|p1a: Urshifu|Surging Strikes|p2b: Flutter Mane\n|-crit|p2b: Flutter Mane\n|-damage|p2b: Flutter Mane|34\/100\n|-crit|p2b: Flutter Mane\n|-damage|p2b: Flutter Mane|0 fnt\n|faint|p2b: Flutter Mane\n|-end|p2b: Flutter Mane|Protosynthesis|[silent]\n|-hitcount|p2: Flutter Mane|2\n|move|p2a: Tornadus|Bleakwind Storm|p1b: Farigiraf|[spread] p1a\n|-miss|p2a: Tornadus|p1b: Farigiraf\n|-supereffective|p1a: Urshifu\n|-damage|p1a: Urshifu|10\/100\n|\n|-sideend|p2: balfcyur|move: Tailwind\n|upkeep\n|\n|t:|1701171385\n|switch|p2b: Kingambit|Kingambit, L50, F|100\/100\n|turn|5\n|\n|t:|1701171404\n|-terastallize|p2b: Kingambit|Ground\n|move|p2a: Tornadus|Protect|p2a: Tornadus\n|-singleturn|p2a: Tornadus|Protect\n|move|p1a: Urshifu|Protect|p1a: Urshifu\n|-singleturn|p1a: Urshifu|Protect\n|move|p2b: Kingambit|Kowtow Cleave|p1a: Urshifu\n|-activate|p1a: Urshifu|move: Protect\n|move|p1b: Farigiraf|Trick Room|p1b: Farigiraf\n|-fieldend|move: Trick Room\n|\n|upkeep\n|turn|6\n|\n|t:|1701171417\n|move|p2a: Tornadus|Tailwind|p2a: Tornadus\n|-sidestart|p2: balfcyur|move: Tailwind\n|move|p1a: Urshifu|Surging Strikes|p2b: Kingambit\n|-supereffective|p2b: Kingambit\n|-crit|p2b: Kingambit\n|-damage|p2b: Kingambit|66\/100\n|-supereffective|p2b: Kingambit\n|-crit|p2b: Kingambit\n|-damage|p2b: Kingambit|27\/100\n|-supereffective|p2b: Kingambit\n|-crit|p2b: Kingambit\n|-damage|p2b: Kingambit|0 fnt\n|faint|p2b: Kingambit\n|-hitcount|p2: Kingambit|3\n|move|p1b: Farigiraf|Dazzling Gleam|p2a: Tornadus\n|-damage|p2a: Tornadus|0 fnt\n|faint|p2a: Tornadus\n|\n|win|Bnt162b2\n|raw|Bnt162b2's rating: 1426 &rarr; <strong>1443<\/strong><br \/>(+17 for winning)\n|raw|balfcyur's rating: 1379 &rarr; <strong>1362<\/strong><br \/>(-17 for losing)\n|l|\u2606balfcyur\n","uploadtime":1701171435,"views":1,"p1id":"bnt162b2","p2id":"balfcyur","formatid":"gen9vgc2023regulatione","rating":1362,"private":0,"password":""}