{"id":"gen9vgc2023regulatione-1988615509","p1":"ShimeNaruka","p2":"YoraeRasante","format":"[Gen 9] VGC 2023 Regulation E","log":"|j|\u2606ShimeNaruka\n|j|\u2606YoraeRasante\n|n|\u2606ShimeNaruka|shimenaruka\n|n|\u2606YoraeRasante|yoraerasante\n|html|View the match progress at <a href=\"\/game-bestof3-gen9vgc2023regulatione-1988615508\">game-bestof3-gen9vgc2023regulatione-1988615508<\/a>\n|t:|1699742260\n|gametype|doubles\n|player|p1|ShimeNaruka|alder|\n|player|p2|YoraeRasante|red|\n|teamsize|p1|6\n|teamsize|p2|6\n|gen|9\n|tier|[Gen 9] VGC 2023 Regulation E\n|rule|Species Clause: Limit one of each Pok\u00e9mon\n|rule|Item Clause: Limit one of each item\n|clearpoke\n|poke|p1|Flutter Mane, L50|\n|poke|p1|Urshifu-*, L50, F|\n|poke|p1|Ogerpon-Wellspring, L50, F|\n|poke|p1|Iron Hands, L50|\n|poke|p1|Landorus, L50, M|\n|poke|p1|Arcanine-Hisui, L50, M|\n|poke|p2|Tyranitar, L50, F|\n|poke|p2|Flutter Mane, L50|\n|poke|p2|Urshifu-*, L50, F|\n|poke|p2|Iron Hands, L50|\n|poke|p2|Rillaboom, L50, M|\n|poke|p2|Tornadus, L50, M|\n|teampreview|4\n|j| Marcostap\nShimeNaruka has agreed to open team sheets.\nYoraeRasante has agreed to open team sheets.\n|showteam|p1|Flutter Mane||BoosterEnergy|Protosynthesis|Moonblast,ShadowBall,IcyWind,Protect||||||50|,,,,,Fairy]Urshifu||FocusSash|UnseenFist|WickedBlow,CloseCombat,SuckerPunch,Protect|||F|||50|,,,,,Dark]Ogerpon-Wellspring||WellspringMask|WaterAbsorb|IvyCudgel,WoodHammer,FollowMe,SpikyShield|||F|||50|,,,,,Water]Iron Hands||AssaultVest|QuarkDrive|WildCharge,DrainPunch,HeavySlam,FakeOut||||||50|,,,,,Grass]Landorus||LifeOrb|SheerForce|EarthPower,SludgeBomb,Taunt,Protect|||M|||50|,,,,,Poison]Arcanine-Hisui||ChoiceBand|Intimidate|FlareBlitz,RockSlide,ExtremeSpeed,TeraBlast|||M|||50|,,,,,Fairy\n|showteam|p2|Tyranitar||LifeOrb|SandStream|KnockOff,RockSlide,LowKick,TeraBlast|||F|||50|,,,,,Psychic]Flutter Mane||ChoiceSpecs|Protosynthesis|ShadowBall,Moonblast,DazzlingGleam,TrickRoom||||||50|,,,,,Fairy]Urshifu-Rapid-Strike||ChoiceScarf|UnseenFist|SurgingStrikes,CloseCombat,AquaJet,Uturn|||F|||50|,,,,,Water]Iron Hands||AssaultVest|QuarkDrive|WildCharge,DrainPunch,HeavySlam,FakeOut||||||50|,,,,,Grass]Rillaboom||MiracleSeed|GrassySurge|FakeOut,WoodHammer,GrassyGlide,Taunt|||M|||50|,,,,,Grass]Tornadus||CovertCloak|Prankster|BleakwindStorm,Tailwind,Taunt,RainDance|||M|||50|,,,,,Flying\n|j| Rebornsan93\n|c| Marcostap|vai\n|j| lucasarreguy\n|c| lucasarreguy|podem come\u00e7ar\n|\n|t:|1699742303\n|start\n|switch|p1a: Iron Hands|Iron Hands, L50|100\/100\n|switch|p1b: Ogerpon|Ogerpon-Wellspring, L50, F|100\/100\n|switch|p2a: Urshifu|Urshifu-Rapid-Strike, L50, F|100\/100\n|switch|p2b: Flutter Mane|Flutter Mane, L50|100\/100\n|turn|1\n|\n|t:|1699742346\n|move|p1b: Ogerpon|Follow Me|p1b: Ogerpon\n|-singleturn|p1b: Ogerpon|move: Follow Me\n|move|p2a: Urshifu|U-turn|p1b: Ogerpon\n|-supereffective|p1b: Ogerpon\n|-damage|p1b: Ogerpon|51\/100\n|j| bb_hachi8\n|\n|t:|1699742362\n|switch|p2a: Rillaboom|Rillaboom, L50, M|100\/100|[from] U-turn\n|-fieldstart|move: Grassy Terrain|[from] ability: Grassy Surge|[of] p2a: Rillaboom\n|move|p2b: Flutter Mane|Dazzling Gleam|p1b: Ogerpon|[spread] p1a,p1b\n|-supereffective|p1a: Iron Hands\n|-damage|p1a: Iron Hands|49\/100\n|-damage|p1b: Ogerpon|2\/100\n|move|p1a: Iron Hands|Wild Charge|p2a: Rillaboom\n|-resisted|p2a: Rillaboom\n|-damage|p2a: Rillaboom|79\/100\n|-damage|p1a: Iron Hands|45\/100|[from] Recoil\n|\n|-heal|p1b: Ogerpon|8\/100|[from] Grassy Terrain\n|-heal|p2a: Rillaboom|85\/100|[from] Grassy Terrain\n|-heal|p1a: Iron Hands|51\/100|[from] Grassy Terrain\n|upkeep\n|turn|2\n|\n|t:|1699742386\n|move|p1b: Ogerpon|Spiky Shield|p1b: Ogerpon\n|-singleturn|p1b: Ogerpon|move: Protect\n|move|p2a: Rillaboom|Grassy Glide|p1a: Iron Hands\n|-damage|p1a: Iron Hands|17\/100\n|move|p2b: Flutter Mane|Dazzling Gleam|p1b: Ogerpon|[spread] p1a\n|-activate|p1b: Ogerpon|move: Protect\n|-supereffective|p1a: Iron Hands\n|-damage|p1a: Iron Hands|0 fnt\n|faint|p1a: Iron Hands\n|-end|p1a: Iron Hands|Quark Drive|[silent]\n|\n|-heal|p1b: Ogerpon|13\/100|[from] Grassy Terrain\n|-heal|p2a: Rillaboom|91\/100|[from] Grassy Terrain\n|upkeep\n|\n|t:|1699742400\n|switch|p1a: Landorus|Landorus, L50, M|100\/100\n|turn|3\n|\n|t:|1699742411\n|-terastallize|p1a: Landorus|Poison\n|move|p1b: Ogerpon|Follow Me|p1b: Ogerpon\n|-singleturn|p1b: Ogerpon|move: Follow Me\n|move|p2a: Rillaboom|Grassy Glide|p1b: Ogerpon\n|-damage|p1b: Ogerpon|0 fnt\n|faint|p1b: Ogerpon\n|move|p2b: Flutter Mane|Dazzling Gleam|p1a: Landorus\n|-resisted|p1a: Landorus\n|-damage|p1a: Landorus|66\/100\n|move|p1a: Landorus|Sludge Bomb|p2a: Rillaboom\n|-supereffective|p2a: Rillaboom\n|-damage|p2a: Rillaboom|0 fnt\n|faint|p2a: Rillaboom\n|\n|-heal|p1a: Landorus|72\/100|[from] Grassy Terrain\n|upkeep\n|\n|t:|1699742440\n|switch|p1b: Urshifu|Urshifu, L50, F|100\/100\n|switch|p2a: Urshifu|Urshifu-Rapid-Strike, L50, F|100\/100\n|turn|4\n|\n|t:|1699742474\n|-end|p2b: Flutter Mane|Protosynthesis|[silent]\n|switch|p2b: Tornadus|Tornadus, L50, M|100\/100\n|move|p2a: Urshifu|Surging Strikes|p1a: Landorus\n|-crit|p1a: Landorus\n|-damage|p1a: Landorus|51\/100\n|-crit|p1a: Landorus\n|-damage|p1a: Landorus|29\/100\n|-crit|p1a: Landorus\n|-damage|p1a: Landorus|8\/100\n|-hitcount|p1a: Landorus|3\n|move|p1a: Landorus|Sludge Bomb|p2a: Urshifu\n|-damage|p2a: Urshifu|0 fnt\n|faint|p2a: Urshifu\n|move|p1b: Urshifu|Close Combat|p2b: Tornadus\n|-resisted|p2b: Tornadus\n|-damage|p2b: Tornadus|61\/100\n|-unboost|p1b: Urshifu|def|1\n|-unboost|p1b: Urshifu|spd|1\n|\n|-heal|p1a: Landorus|14\/100|[from] Grassy Terrain\n|upkeep\n|\n|t:|1699742493\n|switch|p2a: Flutter Mane|Flutter Mane, L50|100\/100\n|turn|5\n|\n|t:|1699742517\n|move|p1b: Urshifu|Sucker Punch|p2a: Flutter Mane\n|-damage|p2a: Flutter Mane|21\/100\n|move|p2a: Flutter Mane|Moonblast|p1b: Urshifu\n|-supereffective|p1b: Urshifu\n|-enditem|p1b: Urshifu|Focus Sash\n|-damage|p1b: Urshifu|1\/100\n|move|p1a: Landorus|Sludge Bomb|p2a: Flutter Mane\n|-damage|p2a: Flutter Mane|0 fnt\n|faint|p2a: Flutter Mane\n|-end|p2a: Flutter Mane|Protosynthesis|[silent]\n|move|p2b: Tornadus|Bleakwind Storm|p1a: Landorus|[spread] p1a,p1b\n|-supereffective|p1b: Urshifu\n|-damage|p1a: Landorus|0 fnt\n|-damage|p1b: Urshifu|0 fnt\n|faint|p1a: Landorus\n|faint|p1b: Urshifu\n|\n|win|YoraeRasante\n|inactive|ShimeNaruka has 50 seconds to confirm battle start!\n|inactive|YoraeRasante has 50 seconds to confirm battle start!\n|c|&|\/uhtml prompt-yoraerasante,YoraeRasante is ready for game 2!\n","uploadtime":1699742533,"views":12,"p1id":"shimenaruka","p2id":"yoraerasante","formatid":"gen9vgc2023regulatione","rating":0,"private":0,"password":""}