{"id":"gen9vgc2023regulatione-1989218669","p1":"charzardboobs","p2":"SlimeSenshiGalaxy","format":"[Gen 9] VGC 2023 Regulation E","log":"|j|\u2606charzardboobs\n|j|\u2606SlimeSenshiGalaxy\n|t:|1699824650\n|gametype|doubles\n|player|p1|charzardboobs|2|1052\n|player|p2|SlimeSenshiGalaxy|caitlin|1042\n|teamsize|p1|6\n|teamsize|p2|6\n|gen|9\n|tier|[Gen 9] VGC 2023 Regulation E\n|rated|\n|rule|Species Clause: Limit one of each Pok\u00e9mon\n|rule|Item Clause: Limit one of each item\n|clearpoke\n|poke|p1|Ogerpon, L50, F|\n|poke|p1|Iron Hands, L50|\n|poke|p1|Heatran, L50, M|\n|poke|p1|Chien-Pao, L50|\n|poke|p1|Flutter Mane, L50|\n|poke|p1|Farigiraf, L50, F|\n|poke|p2|Grimmsnarl, L50, M|\n|poke|p2|Lurantis, L50, F|\n|poke|p2|Ninetales-Alola, L50, F|\n|poke|p2|Glaceon, L50, F|\n|poke|p2|Gothitelle, L50, F|\n|poke|p2|Dragonite, L50, M|\n|teampreview|4\n|inactive|Battle timer is ON: inactive players will automatically lose when time's up. (requested by SlimeSenshiGalaxy)\n|\n|t:|1699824717\n|start\n|switch|p1a: Chien-Pao|Chien-Pao, L50|100\/100\n|switch|p1b: Heatran|Heatran, L50, M|100\/100\n|switch|p2a: Grimmsnarl|Grimmsnarl, L50, M|100\/100\n|switch|p2b: Lurantis|Lurantis, L50, F|100\/100\n|-ability|p1a: Chien-Pao|Sword of Ruin\n|turn|1\n|\n|t:|1699824740\n|-terastallize|p1b: Heatran|Fire\n|-terastallize|p2b: Lurantis|Water\n|move|p1a: Chien-Pao|Protect|p1a: Chien-Pao\n|-singleturn|p1a: Chien-Pao|Protect\n|move|p2a: Grimmsnarl|Scary Face|p2b: Lurantis\n|-boost|p2b: Lurantis|spe|2\n|move|p1b: Heatran|Heat Wave|p2b: Lurantis|[spread] p2a\n|-miss|p1b: Heatran|p2b: Lurantis\n|-damage|p2a: Grimmsnarl|42\/100\n|move|p2b: Lurantis|Superpower|p1a: Chien-Pao\n|-activate|p1a: Chien-Pao|move: Protect\n|\n|upkeep\n|turn|2\n|inactive|charzardboobs has 30 seconds left.\n|inactive|charzardboobs has 20 seconds left.\n|\n|t:|1699824776\n|move|p1a: Chien-Pao|Sucker Punch|p2b: Lurantis\n|-damage|p2b: Lurantis|48\/100\n|move|p2a: Grimmsnarl|Fake Tears|p2b: Lurantis\n|-boost|p2b: Lurantis|spd|2\n|move|p1b: Heatran|Heat Wave|p2b: Lurantis|[spread] p2a,p2b\n|-resisted|p2b: Lurantis\n|-damage|p2a: Grimmsnarl|0 fnt\n|-damage|p2b: Lurantis|33\/100\n|faint|p2a: Grimmsnarl\n|move|p2b: Lurantis|Superpower|p1a: Chien-Pao\n|-supereffective|p1a: Chien-Pao\n|-enditem|p1a: Chien-Pao|Focus Sash\n|-damage|p1a: Chien-Pao|1\/100\n|-boost|p2b: Lurantis|atk|1\n|-boost|p2b: Lurantis|def|1\n|\n|upkeep\n|\n|t:|1699824792\n|switch|p2a: Ninetales|Ninetales-Alola, L50, F|100\/100\n|-weather|Snow|[from] ability: Snow Warning|[of] p2a: Ninetales\n|turn|3\n|\n|t:|1699824804\n|move|p1a: Chien-Pao|Sucker Punch|p2b: Lurantis\n|-damage|p2b: Lurantis|0 fnt\n|faint|p2b: Lurantis\n|move|p2a: Ninetales|Aurora Veil|p2a: Ninetales\n|-sidestart|p2: SlimeSenshiGalaxy|move: Aurora Veil\n|move|p1b: Heatran|Heat Wave|p2a: Ninetales\n|-supereffective|p2a: Ninetales\n|-damage|p2a: Ninetales|0 fnt\n|faint|p2a: Ninetales\n|\n|-weather|Snow|[upkeep]\n|upkeep\n|\n|t:|1699824817\n|switch|p2b: Glaceon|Glaceon, L50, F|100\/100\n|turn|4\n|\n|t:|1699824826\n|move|p1a: Chien-Pao|Protect|p1a: Chien-Pao\n|-singleturn|p1a: Chien-Pao|Protect\n|move|p2b: Glaceon|Protect|p2b: Glaceon\n|-singleturn|p2b: Glaceon|Protect\n|move|p1b: Heatran|Heat Wave|p2b: Glaceon\n|-activate|p2b: Glaceon|move: Protect\n|\n|-weather|Snow|[upkeep]\n|upkeep\n|turn|5\n|\n|t:|1699824837\n|switch|p1a: Iron Hands|Iron Hands, L50|100\/100\n|move|p1b: Heatran|Heat Wave|p2b: Glaceon|[miss]\n|-miss|p1b: Heatran|p2b: Glaceon\n|move|p2b: Glaceon|Blizzard|p1b: Heatran|[spread] p1a,p1b\n|-resisted|p1b: Heatran\n|-crit|p1b: Heatran\n|-damage|p1a: Iron Hands|74\/100\n|-damage|p1b: Heatran|65\/100\n|\n|-weather|Snow|[upkeep]\n|upkeep\n|turn|6\n|\n|t:|1699824850\n|-end|p1a: Iron Hands|Quark Drive|[silent]\n|switch|p1a: Chien-Pao|Chien-Pao, L50|1\/100\n|-ability|p1a: Chien-Pao|Sword of Ruin\n|move|p2b: Glaceon|Protect|p2b: Glaceon\n|-singleturn|p2b: Glaceon|Protect\n|move|p1b: Heatran|Heat Wave|p2b: Glaceon\n|-activate|p2b: Glaceon|move: Protect\n|\n|-weather|Snow|[upkeep]\n|upkeep\n|turn|7\n|\n|t:|1699824862\n|move|p1a: Chien-Pao|Protect|p1a: Chien-Pao\n|-singleturn|p1a: Chien-Pao|Protect\n|move|p1b: Heatran|Heat Wave|p2b: Glaceon\n|-supereffective|p2b: Glaceon\n|-damage|p2b: Glaceon|0 fnt\n|faint|p2b: Glaceon\n|\n|win|charzardboobs\n|raw|charzardboobs's rating: 1052 &rarr; <strong>1083<\/strong><br \/>(+31 for winning)\n|raw|SlimeSenshiGalaxy's rating: 1042 &rarr; <strong>1026<\/strong><br \/>(-16 for losing)\n|l|\u2606SlimeSenshiGalaxy\n","uploadtime":1699824872,"views":40,"p1id":"charzardboobs","p2id":"slimesenshigalaxy","formatid":"gen9vgc2023regulatione","rating":1026,"private":0,"password":""}