{"id":"gen9vgc2023regulatione-1998789770","p1":"ManuPKMN","p2":"Bardemis","format":"[Gen 9] VGC 2023 Regulation E","log":"|j|\u2606ManuPKMN\n|j|\u2606Bardemis\n|t:|1700991351\n|gametype|doubles\n|player|p1|ManuPKMN|170|1222\n|player|p2|Bardemis|morty|1176\n|teamsize|p1|6\n|teamsize|p2|6\n|gen|9\n|tier|[Gen 9] VGC 2023 Regulation E\n|rated|\n|rule|Species Clause: Limit one of each Pok\u00e9mon\n|rule|Item Clause: Limit one of each item\n|clearpoke\n|poke|p1|Roaring Moon, L50|\n|poke|p1|Weezing, L50, F|\n|poke|p1|Flutter Mane, L50|\n|poke|p1|Ogerpon-Hearthflame, L50, F|\n|poke|p1|Rillaboom, L50, M|\n|poke|p1|Urshifu-*, L50, M|\n|poke|p2|Goodra, L50, F|\n|poke|p2|Arcanine-Hisui, L50, F|\n|poke|p2|Tornadus, L50, M|\n|poke|p2|Dragonite, L50, F|\n|poke|p2|Urshifu-*, L50, F|\n|poke|p2|Sinistcha, L50|\n|teampreview|4\n|inactive|Battle timer is ON: inactive players will automatically lose when time's up. (requested by Bardemis)\n|inactive|ManuPKMN has 60 seconds left.\n|inactive|ManuPKMN has 30 seconds left.\n|inactive|ManuPKMN has 20 seconds left.\n|\n|t:|1700991422\n|start\n|switch|p1a: Urshifu|Urshifu-Rapid-Strike, L50, M|100\/100\n|switch|p1b: Weezing|Weezing, L50, F, shiny|100\/100\n|switch|p2a: Dragonite|Dragonite, L50, F|100\/100\n|switch|p2b: Goodra|Goodra, L50, F|100\/100\n|-ability|p1b: Weezing|Neutralizing Gas\n|turn|1\n|inactive|ManuPKMN has 30 seconds left.\n|inactive|Bardemis has 30 seconds left.\n|inactive|ManuPKMN has 20 seconds left.\n|\n|t:|1700991460\n|move|p1a: Urshifu|Detect|p1a: Urshifu\n|-singleturn|p1a: Urshifu|Protect\n|move|p2a: Dragonite|Protect|p2a: Dragonite\n|-singleturn|p2a: Dragonite|Protect\n|move|p1b: Weezing|Taunt|p2b: Goodra\n|-start|p2b: Goodra|move: Taunt\n|move|p2b: Goodra|Thunderbolt|p1a: Urshifu\n|-activate|p1a: Urshifu|move: Protect\n|\n|upkeep\n|turn|2\n|inactive|ManuPKMN has 30 seconds left.\n|\n|t:|1700991487\n|switch|p1a: Ogerpon|Ogerpon-Hearthflame, L50, F|100\/100\n|move|p2a: Dragonite|Tailwind|p2a: Dragonite\n|-sidestart|p2: Bardemis|move: Tailwind\n|move|p2b: Goodra|Thunderbolt|p1a: Ogerpon\n|-resisted|p1a: Ogerpon\n|-damage|p1a: Ogerpon|86\/100\n|move|p1b: Weezing|Will-O-Wisp|p2a: Dragonite\n|-status|p2a: Dragonite|brn\n|\n|-damage|p2a: Dragonite|94\/100 brn|[from] brn\n|upkeep\n|turn|3\n|inactive|ManuPKMN has 30 seconds left.\n|\n|t:|1700991515\n|-terastallize|p2b: Goodra|Water\n|-terastallize|p1a: Ogerpon|Fire\n|detailschange|p1a: Ogerpon|Ogerpon-Hearthflame-Tera, L50, F, tera:Fire\n|move|p2a: Dragonite|Aerial Ace|p1a: Ogerpon\n|-damage|p1a: Ogerpon|70\/100\n|move|p2b: Goodra|Scald|p1a: Ogerpon\n|-supereffective|p1a: Ogerpon\n|-damage|p1a: Ogerpon|0 fnt\n|faint|p1a: Ogerpon\n|move|p1b: Weezing|Taunt|p2a: Dragonite\n|-start|p2a: Dragonite|move: Taunt\n|\n|-heal|p2a: Dragonite|100\/100 brn|[from] item: Leftovers\n|-damage|p2a: Dragonite|94\/100 brn|[from] brn\n|-end|p2b: Goodra|move: Taunt\n|upkeep\n|\n|t:|1700991533\n|switch|p1a: Flutter Mane|Flutter Mane, L50, shiny|100\/100\n|turn|4\n|\n|t:|1700991543\n|move|p2a: Dragonite|Aerial Ace|p1a: Flutter Mane\n|-damage|p1a: Flutter Mane|78\/100\n|move|p2b: Goodra|Scald|p1b: Weezing\n|-damage|p1b: Weezing|56\/100\n|move|p1a: Flutter Mane|Dazzling Gleam|p2b: Goodra|[spread] p2a,p2b\n|-supereffective|p2a: Dragonite\n|-damage|p2a: Dragonite|22\/100 brn\n|-damage|p2b: Goodra|84\/100\n|move|p1b: Weezing|Sludge Bomb|p2b: Goodra\n|-damage|p2b: Goodra|71\/100\n|\n|-heal|p2a: Dragonite|28\/100 brn|[from] item: Leftovers\n|-damage|p2a: Dragonite|22\/100 brn|[from] brn\n|upkeep\n|turn|5\n|\n|t:|1700991561\n|move|p1b: Weezing|Protect|p1b: Weezing\n|-singleturn|p1b: Weezing|Protect\n|move|p2a: Dragonite|Aerial Ace|p1b: Weezing\n|-activate|p1b: Weezing|move: Protect\n|move|p2b: Goodra|Scald|p1b: Weezing\n|-activate|p1b: Weezing|move: Protect\n|move|p1a: Flutter Mane|Dazzling Gleam|p2a: Dragonite|[spread] p2a,p2b\n|-supereffective|p2a: Dragonite\n|-damage|p2a: Dragonite|0 fnt\n|-damage|p2b: Goodra|54\/100\n|faint|p2a: Dragonite\n|\n|-sideend|p2: Bardemis|move: Tailwind\n|upkeep\n|\n|t:|1700991566\n|switch|p2a: Sinistcha|Sinistcha, L50|100\/100\n|turn|6\n|\n|t:|1700991582\n|move|p1a: Flutter Mane|Dazzling Gleam|p2b: Goodra|[spread] p2a,p2b\n|-damage|p2a: Sinistcha|59\/100\n|-damage|p2b: Goodra|36\/100\n|move|p1b: Weezing|Taunt|p2a: Sinistcha\n|-start|p2a: Sinistcha|move: Taunt\n|move|p2b: Goodra|Scald|p1a: Flutter Mane\n|-damage|p1a: Flutter Mane|40\/100\n|cant|p2a: Sinistcha|move: Taunt|Trick Room\n|\n|upkeep\n|turn|7\n|\n|t:|1700991596\n|move|p1a: Flutter Mane|Dazzling Gleam|p2b: Goodra|[spread] p2a,p2b\n|-damage|p2a: Sinistcha|19\/100\n|-damage|p2b: Goodra|16\/100\n|-enditem|p2a: Sinistcha|Sitrus Berry|[eat]\n|-heal|p2a: Sinistcha|43\/100|[from] item: Sitrus Berry\n|move|p1b: Weezing|Sludge Bomb|p2b: Goodra\n|-damage|p2b: Goodra|3\/100\n|move|p2b: Goodra|Scald|p1a: Flutter Mane\n|-damage|p1a: Flutter Mane|0 fnt\n|faint|p1a: Flutter Mane\n|-end|p1a: Flutter Mane|Protosynthesis|[silent]\n|move|p2a: Sinistcha|Matcha Gotcha|p1b: Weezing\n|-resisted|p1b: Weezing\n|-damage|p1b: Weezing|38\/100\n|-heal|p2a: Sinistcha|52\/100|[from] drain|[of] p1b: Weezing\n|-enditem|p1b: Weezing|Sitrus Berry|[eat]\n|-heal|p1b: Weezing|63\/100|[from] item: Sitrus Berry\n|\n|upkeep\n|\n|t:|1700991616\n|switch|p1a: Urshifu|Urshifu-Rapid-Strike, L50, M|100\/100\n|turn|8\n|inactive|ManuPKMN has 30 seconds left.\n|\n|t:|1700991643\n|move|p1a: Urshifu|Close Combat|p2b: Goodra\n|-damage|p2b: Goodra|0 fnt\n|-unboost|p1a: Urshifu|def|1\n|-unboost|p1a: Urshifu|spd|1\n|faint|p2b: Goodra\n|move|p1b: Weezing|Sludge Bomb|p2a: Sinistcha\n|-damage|p2a: Sinistcha|27\/100\n|move|p2a: Sinistcha|Matcha Gotcha|p1a: Urshifu|[spread] p1b\n|-miss|p2a: Sinistcha|p1a: Urshifu\n|-resisted|p1b: Weezing\n|-damage|p1b: Weezing|49\/100\n|-heal|p2a: Sinistcha|34\/100|[from] drain|[of] p1b: Weezing\n|-status|p1b: Weezing|brn\n|\n|-damage|p1b: Weezing|44\/100 brn|[from] brn\n|-end|p2a: Sinistcha|move: Taunt\n|upkeep\n|\n|t:|1700991659\n|switch|p2b: Arcanine|Arcanine-Hisui, L50, F|100\/100\n|turn|9\n|\n|t:|1700991673\n|move|p2b: Arcanine|Extreme Speed|p1b: Weezing\n|-damage|p1b: Weezing|19\/100 brn\n|move|p1a: Urshifu|Surging Strikes|p2b: Arcanine\n|-supereffective|p2b: Arcanine\n|-crit|p2b: Arcanine\n|-damage|p2b: Arcanine|0 fnt\n|faint|p2b: Arcanine\n|-hitcount|p2: Arcanine|1\n|move|p1b: Weezing|Taunt|p2a: Sinistcha\n|-start|p2a: Sinistcha|move: Taunt\n|move|p2a: Sinistcha|Matcha Gotcha|p1a: Urshifu|[spread] p1a,p1b\n|-supereffective|p1a: Urshifu\n|-resisted|p1b: Weezing\n|-damage|p1a: Urshifu|6\/100\n|-heal|p2a: Sinistcha|86\/100|[from] drain|[of] p1a: Urshifu\n|-damage|p1b: Weezing|5\/100 brn\n|-heal|p2a: Sinistcha|92\/100|[from] drain|[of] p1b: Weezing\n|-status|p1a: Urshifu|brn\n|\n|-damage|p1a: Urshifu|0 fnt|[from] brn\n|faint|p1a: Urshifu\n|-damage|p1b: Weezing|0 fnt|[from] brn\n|faint|p1b: Weezing\n|-end|p1b: Weezing|ability: Neutralizing Gas\n|\n|win|Bardemis\n|upkeep\n|raw|ManuPKMN's rating: 1222 &rarr; <strong>1194<\/strong><br \/>(-28 for losing)\n|raw|Bardemis's rating: 1176 &rarr; <strong>1204<\/strong><br \/>(+28 for winning)\n|l|\u2606ManuPKMN\n","uploadtime":1700991708,"views":10,"p1id":"manupkmn","p2id":"bardemis","formatid":"gen9vgc2023regulatione","rating":1194,"private":0,"password":""}