{"id":"gen9vgc2023regulatione-1995674178","p1":"JasePokemonTwitter","p2":"eldoka","format":"[Gen 9] VGC 2023 Regulation E","log":"|j|\u2606JasePokemonTwitter\n|j|\u2606eldoka\n|t:|1700592839\n|gametype|doubles\n|player|p1|JasePokemonTwitter|youngster-gen4dp|1702\n|player|p2|eldoka|170|1637\n|teamsize|p1|6\n|teamsize|p2|6\n|gen|9\n|tier|[Gen 9] VGC 2023 Regulation E\n|rated|\n|rule|Species Clause: Limit one of each Pok\u00e9mon\n|rule|Item Clause: Limit one of each item\n|clearpoke\n|poke|p1|Sableye, L50, F|\n|poke|p1|Ninetales-Alola, L50, M|\n|poke|p1|Heatran, L50, F|\n|poke|p1|Sinistcha-Masterpiece, L50|\n|poke|p1|Landorus, L50, M|\n|poke|p1|Urshifu-*, L50, F|\n|poke|p2|Ninetales-Alola, L50, M|\n|poke|p2|Arcanine-Hisui, L50, F|\n|poke|p2|Flutter Mane, L50|\n|poke|p2|Landorus-Therian, L50, M|\n|poke|p2|Sinistcha, L50|\n|poke|p2|Iron Hands, L50|\n|teampreview|4\neldoka has agreed to open team sheets.\n|j| thomas shelby 1\n|inactive|Battle timer is ON: inactive players will automatically lose when time's up. (requested by JasePokemonTwitter)\n|\n|t:|1700592893\n|start\n|switch|p1a: Sableye|Sableye, L50, F|100\/100\n|switch|p1b: Heatran|Heatran, L50, F|100\/100\n|switch|p2a: Iron Hands|Iron Hands, L50|100\/100\n|switch|p2b: Arcanine|Arcanine-Hisui, L50, F|100\/100\n|-ability|p2b: Arcanine|Intimidate|boost\n|-unboost|p1a: Sableye|atk|1\n|-unboost|p1b: Heatran|atk|1\n|turn|1\n|\n|t:|1700592911\n|move|p1b: Heatran|Protect|p1b: Heatran\n|-singleturn|p1b: Heatran|Protect\n|move|p2a: Iron Hands|Fake Out|p1b: Heatran\n|-activate|p1b: Heatran|move: Protect\n|move|p1a: Sableye|Will-O-Wisp|p2a: Iron Hands\n|-status|p2a: Iron Hands|brn\n|move|p2b: Arcanine|Rock Slide|p1a: Sableye|[spread] p1a\n|-activate|p1b: Heatran|move: Protect\n|-damage|p1a: Sableye|66\/100\n|\n|-damage|p2a: Iron Hands|94\/100 brn|[from] brn\n|upkeep\n|turn|2\n|\n|t:|1700592928\n|switch|p2b: Sinistcha|Sinistcha, L50|100\/100\n|-heal|p2a: Iron Hands|100\/100 brn|[from] ability: Hospitality|[of] p2b: Sinistcha\n|move|p1a: Sableye|Disable||[still]\n|-fail|p1a: Sableye\n|move|p1b: Heatran|Substitute|p1b: Heatran\n|-start|p1b: Heatran|Substitute\n|-damage|p1b: Heatran|76\/100\n|move|p2a: Iron Hands|Drain Punch|p1b: Heatran\n|-supereffective|p1b: Heatran\n|-end|p1b: Heatran|Substitute\n|\n|-heal|p1b: Heatran|82\/100|[from] item: Leftovers\n|-damage|p2a: Iron Hands|94\/100 brn|[from] brn\n|upkeep\n|turn|3\n|\n|t:|1700592949\n|-end|p2a: Iron Hands|Quark Drive|[silent]\n|switch|p2a: Arcanine|Arcanine-Hisui, L50, F|100\/100\n|-ability|p2a: Arcanine|Intimidate|boost\n|-unboost|p1a: Sableye|atk|1\n|-unboost|p1b: Heatran|atk|1\n|move|p1a: Sableye|Disable||[still]\n|-fail|p1a: Sableye\n|move|p1b: Heatran|Substitute|p1b: Heatran\n|-start|p1b: Heatran|Substitute\n|-damage|p1b: Heatran|57\/100\n|move|p2b: Sinistcha|Matcha Gotcha|p1a: Sableye|[spread] p1a,p1b\n|-resisted|p1b: Heatran\n|-activate|p1b: Heatran|move: Substitute|[damage]\n|-damage|p1a: Sableye|39\/100\n|\n|-heal|p1b: Heatran|63\/100|[from] item: Leftovers\n|upkeep\n|turn|4\n|\n|t:|1700592968\n|move|p2b: Sinistcha|Rage Powder|p2b: Sinistcha\n|-singleturn|p2b: Sinistcha|move: Rage Powder\n|move|p1a: Sableye|Gravity|p1a: Sableye\n|-fieldstart|move: Gravity\n|move|p2a: Arcanine|Rock Slide|p1a: Sableye|[spread] p1a,p1b\n|-end|p1b: Heatran|Substitute\n|-damage|p1a: Sableye|3\/100\n|move|p1b: Heatran|Magma Storm|p2b: Sinistcha\n|-supereffective|p2b: Sinistcha\n|-damage|p2b: Sinistcha|0 fnt\n|faint|p2b: Sinistcha\n|\n|-heal|p1b: Heatran|69\/100|[from] item: Leftovers\n|upkeep\n|\n|t:|1700592982\n|switch|p2b: Landorus|Landorus-Therian, L50, M|100\/100\n|-ability|p2b: Landorus|Intimidate|boost\n|-unboost|p1a: Sableye|atk|1\n|-unboost|p1b: Heatran|atk|1\n|turn|5\n|\n|t:|1700592995\n|-terastallize|p1b: Heatran|Grass\n|move|p1a: Sableye|Will-O-Wisp|p2b: Landorus\n|-status|p2b: Landorus|brn\n|move|p2a: Arcanine|Rock Slide|p1a: Sableye|[spread] p1a,p1b\n|-damage|p1a: Sableye|0 fnt\n|-damage|p1b: Heatran|43\/100\n|faint|p1a: Sableye\n|move|p2b: Landorus|Stomping Tantrum|p1b: Heatran\n|-resisted|p1b: Heatran\n|-damage|p1b: Heatran|34\/100\n|move|p1b: Heatran|Magma Storm|p2b: Landorus\n|-damage|p2b: Landorus|38\/100 brn\n|-activate|p2b: Landorus|move: Magma Storm|[of] p1b: Heatran\n|\n|-heal|p1b: Heatran|40\/100|[from] item: Leftovers\n|-damage|p2b: Landorus|32\/100 brn|[from] brn\n|-damage|p2b: Landorus|20\/100 brn|[from] move: Magma Storm|[partiallytrapped]\n|upkeep\n|\n|t:|1700593005\n|switch|p1a: Landorus|Landorus, L50, M|100\/100\n|turn|6\n|inactive|eldoka has 30 seconds left.\n|inactive|eldoka has 20 seconds left.\n|inactive|eldoka has 15 seconds left.\n|inactive|eldoka has 10 seconds left.\n|\n|t:|1700593051\n|-terastallize|p2a: Arcanine|Grass\n|move|p2a: Arcanine|Rock Slide|p1b: Heatran|[spread] p1a,p1b\n|-damage|p1a: Landorus|69\/100\n|-damage|p1b: Heatran|16\/100\n|move|p1a: Landorus|Sandsear Storm|p2b: Landorus|[spread] p2a,p2b\n|-resisted|p2a: Arcanine\n|-damage|p2a: Arcanine|66\/100\n|-damage|p2b: Landorus|0 fnt\n|faint|p2b: Landorus\n|move|p1b: Heatran|Magma Storm|p2a: Arcanine\n|-supereffective|p2a: Arcanine\n|-damage|p2a: Arcanine|0 fnt\n|faint|p2a: Arcanine\n|\n|-heal|p1b: Heatran|22\/100|[from] item: Leftovers\n|upkeep\n|l| thomas shelby 1\n|-message|eldoka forfeited.\n|\n|win|JasePokemonTwitter\n|raw|JasePokemonTwitter's rating: 1702 &rarr; <strong>1718<\/strong><br \/>(+16 for winning)\n|raw|eldoka's rating: 1637 &rarr; <strong>1621<\/strong><br \/>(-16 for losing)\n|l|\u2606eldoka\n","uploadtime":1700593066,"views":0,"p1id":"jasepokemontwitter","p2id":"eldoka","formatid":"gen9vgc2023regulatione","rating":1621,"private":0,"password":""}