{"id":"gen9vgc2023regulatione-1990718774","p1":"atworkyolo13","p2":"bwahacough","format":"[Gen 9] VGC 2023 Regulation E","log":"|j|\u2606atworkyolo13\n|j|\u2606bwahacough\n|t:|1699994512\n|gametype|doubles\n|player|p1|atworkyolo13|170|1479\n|player|p2|bwahacough|medium|1691\n|teamsize|p1|6\n|teamsize|p2|6\n|gen|9\n|tier|[Gen 9] VGC 2023 Regulation E\n|rated|\n|rule|Species Clause: Limit one of each Pok\u00e9mon\n|rule|Item Clause: Limit one of each item\n|clearpoke\n|poke|p1|Oranguru, L50, F|\n|poke|p1|Arcanine-Hisui, L50, F|\n|poke|p1|Sinistcha-Masterpiece, L50|\n|poke|p1|Iron Hands, L50|\n|poke|p1|Ursaluna-Bloodmoon, L50, M|\n|poke|p1|Moltres-Galar, L50|\n|poke|p2|Lycanroc-Dusk, L50, M|\n|poke|p2|Tornadus, L50, M|\n|poke|p2|Urshifu-*, L50, F|\n|poke|p2|Farigiraf, L50, M|\n|poke|p2|Sinistcha, L50|\n|poke|p2|Iron Bundle, L50|\n|teampreview|4\n|inactive|Battle timer is ON: inactive players will automatically lose when time's up. (requested by atworkyolo13)\n|inactive|atworkyolo13 has 60 seconds left.\n|inactive|bwahacough has 60 seconds left.\n|\n|t:|1699994549\n|start\n|switch|p1a: Oranguru|Oranguru, L50, F|100\/100\n|switch|p1b: Moltres|Moltres-Galar, L50|100\/100\n|switch|p2a: Urshifu|Urshifu-Rapid-Strike, L50, F|100\/100\n|switch|p2b: Farigiraf|Farigiraf, L50, M, shiny|100\/100\n|turn|1\n|\n|t:|1699994558\n|switch|p1b: Sinistcha|Sinistcha-Masterpiece, L50|100\/100\n|move|p2b: Farigiraf|Helping Hand|p2a: Urshifu\n|-singleturn|p2a: Urshifu|Helping Hand|[of] p2b: Farigiraf\n|move|p2a: Urshifu|U-turn|p1a: Oranguru\n|-supereffective|p1a: Oranguru\n|-damage|p1a: Oranguru|6\/100\n|\n|t:|1699994561\n|switch|p2a: Sinistcha|Sinistcha, L50, shiny|100\/100|[from] U-turn\n|move|p1a: Oranguru|Encore|p2b: Farigiraf\n|-start|p2b: Farigiraf|Encore\n|\n|upkeep\n|turn|2\n|inactive|atworkyolo13 has 30 seconds left.\n|\n|t:|1699994590\n|move|p2b: Farigiraf|Helping Hand|p2a: Sinistcha\n|-singleturn|p2a: Sinistcha|Helping Hand|[of] p2b: Farigiraf\n|move|p2a: Sinistcha|Shadow Ball|p1b: Sinistcha\n|-supereffective|p1b: Sinistcha\n|-damage|p1b: Sinistcha|0 fnt\n|faint|p1b: Sinistcha\n|move|p1a: Oranguru|Trick Room|p1a: Oranguru\n|-fieldstart|move: Trick Room|[of] p1a: Oranguru\n|\n|upkeep\n|\n|t:|1699994596\n|switch|p1b: Moltres|Moltres-Galar, L50|100\/100\n|turn|3\n|\n|t:|1699994605\n|move|p2b: Farigiraf|Helping Hand|p2a: Sinistcha\n|-singleturn|p2a: Sinistcha|Helping Hand|[of] p2b: Farigiraf\n|move|p1a: Oranguru|Encore|p2a: Sinistcha\n|-start|p2a: Sinistcha|Encore\n|move|p2a: Sinistcha|Shadow Ball|p1b: Moltres\n|-resisted|p1b: Moltres\n|-damage|p1b: Moltres|81\/100\n|move|p1b: Moltres|Nasty Plot|p1b: Moltres\n|-boost|p1b: Moltres|spa|2\n|\n|upkeep\n|turn|4\n|\n|t:|1699994622\n|move|p2b: Farigiraf|Helping Hand|p2a: Sinistcha\n|-singleturn|p2a: Sinistcha|Helping Hand|[of] p2b: Farigiraf\n|move|p1a: Oranguru|Instruct|p1b: Moltres\n|-singleturn|p1b: Moltres|move: Instruct|[of] p1a: Oranguru\n|move|p1b: Moltres|Nasty Plot|p1b: Moltres\n|-boost|p1b: Moltres|spa|2\n|move|p2a: Sinistcha|Shadow Ball|p1b: Moltres\n|-resisted|p1b: Moltres\n|-damage|p1b: Moltres|62\/100\n|move|p1b: Moltres|Air Slash|p2a: Sinistcha|[miss]\n|-miss|p1b: Moltres|p2a: Sinistcha\n|\n|-end|p2b: Farigiraf|Encore\n|upkeep\n|turn|5\n|\n|t:|1699994646\n|-terastallize|p2a: Sinistcha|Dark\n|move|p1a: Oranguru|Instruct|p1b: Moltres\n|-singleturn|p1b: Moltres|move: Instruct|[of] p1a: Oranguru\n|move|p1b: Moltres|Air Slash|p2a: Sinistcha\n|-damage|p2a: Sinistcha|1\/100\n|-enditem|p2a: Sinistcha|Aguav Berry|[eat]\n|-heal|p2a: Sinistcha|34\/100|[from] item: Aguav Berry\n|move|p2b: Farigiraf|Dazzling Gleam|p1a: Oranguru|[spread] p1a,p1b\n|-supereffective|p1b: Moltres\n|-damage|p1a: Oranguru|0 fnt\n|-damage|p1b: Moltres|42\/100\n|faint|p1a: Oranguru\n|-ability|p1b: Moltres|Berserk|boost\n|-boost|p1b: Moltres|spa|1\n|-enditem|p1b: Moltres|Sitrus Berry|[eat]\n|-heal|p1b: Moltres|67\/100|[from] item: Sitrus Berry\n|cant|p2a: Sinistcha|flinch\n|move|p1b: Moltres|Fiery Wrath|p2b: Farigiraf|[spread] p2a,p2b\n|-resisted|p2a: Sinistcha\n|-supereffective|p2b: Farigiraf\n|-damage|p2a: Sinistcha|0 fnt\n|-damage|p2b: Farigiraf|0 fnt\n|faint|p2a: Sinistcha\n|faint|p2b: Farigiraf\n|\n|upkeep\n|\n|t:|1699994651\n|switch|p1a: Iron Hands|Iron Hands, L50|100\/100\n|switch|p2b: Lycanroc|Lycanroc-Dusk, L50, M|100\/100\n|switch|p2a: Urshifu|Urshifu-Rapid-Strike, L50, F|100\/100\n|turn|6\n|\n|t:|1699994666\n|move|p2b: Lycanroc|Protect|p2b: Lycanroc\n|-singleturn|p2b: Lycanroc|Protect\n|move|p1a: Iron Hands|Fake Out|p2a: Urshifu\n|-damage|p2a: Urshifu|85\/100\n|move|p1b: Moltres|Air Slash|p2a: Urshifu\n|-supereffective|p2a: Urshifu\n|-damage|p2a: Urshifu|0 fnt\n|faint|p2a: Urshifu\n|\n|-fieldend|move: Trick Room\n|upkeep\n|turn|7\n|\n|t:|1699994674\n|move|p1b: Moltres|Protect|p1b: Moltres\n|-singleturn|p1b: Moltres|Protect\n|move|p2b: Lycanroc|Rock Slide|p1b: Moltres|[spread] p1a\n|-activate|p1b: Moltres|move: Protect\n|-resisted|p1a: Iron Hands\n|-damage|p1a: Iron Hands|90\/100\n|move|p1a: Iron Hands|Drain Punch|p2b: Lycanroc\n|-supereffective|p2b: Lycanroc\n|-enditem|p2b: Lycanroc|Focus Sash\n|-damage|p2b: Lycanroc|1\/100\n|-heal|p1a: Iron Hands|100\/100|[from] drain|[of] p2b: Lycanroc\n|\n|upkeep\n|turn|8\n|\n|t:|1699994680\n|move|p2b: Lycanroc|Rock Slide|p1a: Iron Hands|[spread] p1a,p1b\n|-resisted|p1a: Iron Hands\n|-supereffective|p1b: Moltres\n|-damage|p1a: Iron Hands|90\/100\n|-damage|p1b: Moltres|5\/100\n|-ability|p1b: Moltres|Berserk|boost\n|-boost|p1b: Moltres|spa|1\n|move|p1b: Moltres|Fiery Wrath|p2b: Lycanroc\n|-damage|p2b: Lycanroc|0 fnt\n|faint|p2b: Lycanroc\n|\n|win|atworkyolo13\n|raw|atworkyolo13's rating: 1479 &rarr; <strong>1509<\/strong><br \/>(+30 for winning)\n|raw|bwahacough's rating: 1669 &rarr; <strong>1639<\/strong><br \/>(-30 for losing)\n","uploadtime":1699994690,"views":8,"p1id":"atworkyolo13","p2id":"bwahacough","formatid":"gen9vgc2023regulatione","rating":1509,"private":0,"password":""}