{"id":"gen9vgc2023regulatione-1994684232","p1":"steffivt","p2":"hellycopeter","format":"[Gen 9] VGC 2023 Regulation E","log":"|j|\u2606steffivt\n|j|\u2606hellycopeter\n|t:|1700480636\n|gametype|doubles\n|player|p1|steffivt|265|1281\n|player|p2|hellycopeter|170|1295\n|teamsize|p1|6\n|teamsize|p2|6\n|gen|9\n|tier|[Gen 9] VGC 2023 Regulation E\n|rated|\n|rule|Species Clause: Limit one of each Pok\u00e9mon\n|rule|Item Clause: Limit one of each item\n|clearpoke\n|poke|p1|Kingambit, L50, M|\n|poke|p1|Ogerpon-Hearthflame, L50, F|\n|poke|p1|Landorus-Therian, L50, M|\n|poke|p1|Urshifu-*, L50, F|\n|poke|p1|Flutter Mane, L50|\n|poke|p1|Iron Bundle, L50|\n|poke|p2|Gholdengo, L50|\n|poke|p2|Iron Hands, L50|\n|poke|p2|Amoonguss, L50, M|\n|poke|p2|Iron Bundle, L50|\n|poke|p2|Pelipper, L50, F|\n|poke|p2|Salamence, L50, M|\n|teampreview|4\n|inactive|Battle timer is ON: inactive players will automatically lose when time's up. (requested by steffivt)\n|inactive|hellycopeter also wants the timer to be on.\n|inactive|steffivt has 60 seconds left.\n|inactive|hellycopeter has 60 seconds left.\n|\n|t:|1700480690\n|start\n|switch|p1a: Iron Bundle|Iron Bundle, L50|100\/100\n|switch|p1b: Landorus|Landorus-Therian, L50, M|100\/100\n|switch|p2a: Iron Hands|Iron Hands, L50|100\/100\n|switch|p2b: Iron Bundle|Iron Bundle, L50|100\/100\n|-ability|p1b: Landorus|Intimidate|boost\n|-unboost|p2a: Iron Hands|atk|1\n|-unboost|p2b: Iron Bundle|atk|1\n|-enditem|p1a: Iron Bundle|Booster Energy\n|-activate|p1a: Iron Bundle|ability: Quark Drive|[fromitem]\n|-start|p1a: Iron Bundle|quarkdrivespe\n|-enditem|p2b: Iron Bundle|Booster Energy\n|-activate|p2b: Iron Bundle|ability: Quark Drive|[fromitem]\n|-start|p2b: Iron Bundle|quarkdrivespe\n|turn|1\n|inactive|hellycopeter has 30 seconds left.\n|\n|t:|1700480715\n|switch|p1b: Urshifu|Urshifu-Rapid-Strike, L50, F|100\/100\n|move|p2a: Iron Hands|Fake Out|p1a: Iron Bundle\n|-damage|p1a: Iron Bundle|91\/100\n|cant|p1a: Iron Bundle|flinch\n|move|p2b: Iron Bundle|Freeze-Dry|p1b: Urshifu\n|-supereffective|p1b: Urshifu\n|-crit|p1b: Urshifu\n|-enditem|p1b: Urshifu|Focus Sash\n|-damage|p1b: Urshifu|1\/100\n|\n|upkeep\n|turn|2\n|\n|t:|1700480734\n|move|p2b: Iron Bundle|Protect|p2b: Iron Bundle\n|-singleturn|p2b: Iron Bundle|Protect\n|move|p1b: Urshifu|Protect|p1b: Urshifu\n|-singleturn|p1b: Urshifu|Protect\n|move|p1a: Iron Bundle|Icy Wind|p2a: Iron Hands|[spread] p2a\n|-activate|p2b: Iron Bundle|move: Protect\n|-damage|p2a: Iron Hands|90\/100\n|-unboost|p2a: Iron Hands|spe|1\n|move|p2a: Iron Hands|Drain Punch|p1b: Urshifu\n|-activate|p1b: Urshifu|move: Protect\n|\n|upkeep\n|turn|3\n|\n|t:|1700480754\n|move|p1a: Iron Bundle|Icy Wind|p2b: Iron Bundle|[spread] p2a,p2b\n|-resisted|p2b: Iron Bundle\n|-damage|p2a: Iron Hands|79\/100\n|-damage|p2b: Iron Bundle|94\/100\n|-unboost|p2a: Iron Hands|spe|1\n|-unboost|p2b: Iron Bundle|spe|1\n|move|p2b: Iron Bundle|Icy Wind|p1b: Urshifu|[spread] p1a,p1b\n|-resisted|p1a: Iron Bundle\n|-resisted|p1b: Urshifu\n|-damage|p1a: Iron Bundle|85\/100\n|-damage|p1b: Urshifu|0 fnt\n|-unboost|p1a: Iron Bundle|spe|1\n|faint|p1b: Urshifu\n|move|p2a: Iron Hands|Drain Punch|p1a: Iron Bundle\n|-supereffective|p1a: Iron Bundle\n|-damage|p1a: Iron Bundle|28\/100\n|-heal|p2a: Iron Hands|98\/100|[from] drain|[of] p1a: Iron Bundle\n|\n|upkeep\n|\n|t:|1700480765\n|switch|p1b: Landorus|Landorus-Therian, L50, M|100\/100\n|-ability|p1b: Landorus|Intimidate|boost\n|-unboost|p2a: Iron Hands|atk|1\n|-unboost|p2b: Iron Bundle|atk|1\n|turn|4\n|\n|t:|1700480782\n|-end|p2a: Iron Hands|Quark Drive|[silent]\n|switch|p2a: Salamence|Salamence, L50, M|100\/100\n|-ability|p2a: Salamence|Intimidate|boost\n|-unboost|p1a: Iron Bundle|atk|1\n|-unboost|p1b: Landorus|atk|1\n|move|p2b: Iron Bundle|Protect|p2b: Iron Bundle\n|-singleturn|p2b: Iron Bundle|Protect\n|move|p1b: Landorus|U-turn|p2b: Iron Bundle\n|-activate|p2b: Iron Bundle|move: Protect\n|move|p1a: Iron Bundle|Icy Wind|p2b: Iron Bundle|[spread] p2a\n|-activate|p2b: Iron Bundle|move: Protect\n|-supereffective|p2a: Salamence\n|-damage|p2a: Salamence|7\/100\n|-unboost|p2a: Salamence|spe|1\n|\n|upkeep\n|turn|5\n|inactive|hellycopeter has 30 seconds left.\n|\n|t:|1700480813\n|switch|p2a: Iron Hands|Iron Hands, L50|98\/100\n|move|p1b: Landorus|U-turn|p2b: Iron Bundle\n|-damage|p2b: Iron Bundle|79\/100\n|\n|t:|1700480821\n|switch|p1b: Flutter Mane|Flutter Mane, L50|100\/100|[from] U-turn\n|move|p1a: Iron Bundle|Icy Wind|p2b: Iron Bundle|[spread] p2a,p2b\n|-resisted|p2b: Iron Bundle\n|-damage|p2a: Iron Hands|87\/100\n|-damage|p2b: Iron Bundle|73\/100\n|-unboost|p2a: Iron Hands|spe|1\n|-unboost|p2b: Iron Bundle|spe|1\n|move|p2b: Iron Bundle|Freeze-Dry|p1a: Iron Bundle\n|-damage|p1a: Iron Bundle|0 fnt\n|faint|p1a: Iron Bundle\n|-end|p1a: Iron Bundle|Quark Drive|[silent]\n|\n|upkeep\n|\n|t:|1700480832\n|switch|p1a: Landorus|Landorus-Therian, L50, M|100\/100\n|-ability|p1a: Landorus|Intimidate|boost\n|-unboost|p2a: Iron Hands|atk|1\n|-unboost|p2b: Iron Bundle|atk|1\n|turn|6\n|\n|t:|1700480855\n|-end|p2b: Iron Bundle|Quark Drive|[silent]\n|switch|p2b: Amoonguss|Amoonguss, L50, M|100\/100\n|-end|p2a: Iron Hands|Quark Drive|[silent]\n|switch|p2a: Salamence|Salamence, L50, M|7\/100\n|-ability|p2a: Salamence|Intimidate|boost\n|-unboost|p1a: Landorus|atk|1\n|-unboost|p1b: Flutter Mane|atk|1\n|-terastallize|p1a: Landorus|Flying\n|move|p1a: Landorus|Tera Blast|p2b: Amoonguss|[anim] Tera Blast Flying\n|-supereffective|p2b: Amoonguss\n|-damage|p2b: Amoonguss|37\/100\n|-enditem|p2b: Amoonguss|Sitrus Berry|[eat]\n|-heal|p2b: Amoonguss|62\/100|[from] item: Sitrus Berry\n|move|p1b: Flutter Mane|Calm Mind|p1b: Flutter Mane\n|-boost|p1b: Flutter Mane|spa|1\n|-boost|p1b: Flutter Mane|spd|1\n|\n|upkeep\n|turn|7\n|inactive|steffivt has 30 seconds left.\n|\n|t:|1700480880\n|move|p2a: Salamence|Tailwind|p2a: Salamence\n|-sidestart|p2: hellycopeter|move: Tailwind\n|move|p1a: Landorus|Tera Blast|p2b: Amoonguss|[anim] Tera Blast Flying\n|-supereffective|p2b: Amoonguss\n|-damage|p2b: Amoonguss|5\/100\n|move|p1b: Flutter Mane|Shadow Ball|p2a: Salamence\n|-damage|p2a: Salamence|0 fnt\n|faint|p2a: Salamence\n|move|p2b: Amoonguss|Spore|p1b: Flutter Mane\n|-status|p1b: Flutter Mane|slp|[from] move: Spore\n|\n|upkeep\n|\n|t:|1700480893\n|switch|p2a: Iron Bundle|Iron Bundle, L50|73\/100\n|turn|8\n|\n|t:|1700480900\n|move|p2b: Amoonguss|Protect|p2b: Amoonguss\n|-singleturn|p2b: Amoonguss|Protect\n|move|p2a: Iron Bundle|Freeze-Dry|p1a: Landorus\n|-supereffective|p1a: Landorus\n|-damage|p1a: Landorus|19\/100\n|move|p1a: Landorus|Tera Blast|p2a: Iron Bundle|[anim] Tera Blast Flying\n|-damage|p2a: Iron Bundle|37\/100\n|cant|p1b: Flutter Mane|slp\n|\n|upkeep\n|turn|9\n|\n|t:|1700480914\n|switch|p2b: Iron Hands|Iron Hands, L50|87\/100\n|move|p2a: Iron Bundle|Freeze-Dry|p1a: Landorus\n|-supereffective|p1a: Landorus\n|-damage|p1a: Landorus|0 fnt\n|faint|p1a: Landorus\n|-curestatus|p1b: Flutter Mane|slp|[msg]\n|move|p1b: Flutter Mane|Moonblast|p2b: Iron Hands\n|-supereffective|p2b: Iron Hands\n|-damage|p2b: Iron Hands|17\/100\n|\n|upkeep\n|turn|10\n|inactive|hellycopeter has 30 seconds left.\n|\n|t:|1700480947\n|move|p2a: Iron Bundle|Freeze-Dry|p1b: Flutter Mane\n|-damage|p1b: Flutter Mane|83\/100\n|move|p1b: Flutter Mane|Moonblast|p2b: Iron Hands\n|-supereffective|p2b: Iron Hands\n|-damage|p2b: Iron Hands|0 fnt\n|faint|p2b: Iron Hands\n|-end|p2b: Iron Hands|Quark Drive|[silent]\n|\n|-heal|p1b: Flutter Mane|89\/100|[from] item: Leftovers\n|-sideend|p2: hellycopeter|move: Tailwind\n|upkeep\n|\n|t:|1700480958\n|switch|p2b: Amoonguss|Amoonguss, L50, M|39\/100\n|turn|11\n|\n|t:|1700480968\n|-terastallize|p2b: Amoonguss|Water\n|move|p2b: Amoonguss|Protect|p2b: Amoonguss\n|-singleturn|p2b: Amoonguss|Protect\n|move|p1b: Flutter Mane|Shadow Ball|p2b: Amoonguss\n|-activate|p2b: Amoonguss|move: Protect\n|move|p2a: Iron Bundle|Hydro Pump|p1b: Flutter Mane\n|-damage|p1b: Flutter Mane|60\/100\n|\n|-heal|p1b: Flutter Mane|66\/100|[from] item: Leftovers\n|upkeep\n|turn|12\n|\n|t:|1700480986\n|move|p1b: Flutter Mane|Protect|p1b: Flutter Mane\n|-singleturn|p1b: Flutter Mane|Protect\n|move|p2a: Iron Bundle|Hydro Pump|p1b: Flutter Mane\n|-activate|p1b: Flutter Mane|move: Protect\n|move|p2b: Amoonguss|Spore|p1b: Flutter Mane\n|-activate|p1b: Flutter Mane|move: Protect\n|\n|-heal|p1b: Flutter Mane|72\/100|[from] item: Leftovers\n|upkeep\n|turn|13\n|\n|t:|1700481003\n|move|p1b: Flutter Mane|Calm Mind|p1b: Flutter Mane\n|-boost|p1b: Flutter Mane|spa|1\n|-boost|p1b: Flutter Mane|spd|1\n|move|p2a: Iron Bundle|Hydro Pump|p1b: Flutter Mane|[miss]\n|-miss|p2a: Iron Bundle|p1b: Flutter Mane\n|move|p2b: Amoonguss|Spore|p1b: Flutter Mane\n|-status|p1b: Flutter Mane|slp|[from] move: Spore\n|\n|-heal|p1b: Flutter Mane|78\/100 slp|[from] item: Leftovers\n|upkeep\n|turn|14\n|\n|t:|1700481025\n|cant|p1b: Flutter Mane|slp\n|move|p2a: Iron Bundle|Hydro Pump|p1b: Flutter Mane|[miss]\n|-miss|p2a: Iron Bundle|p1b: Flutter Mane\n|move|p2b: Amoonguss|Pollen Puff|p2a: Iron Bundle\n|-heal|p2a: Iron Bundle|87\/100\n|\n|-heal|p1b: Flutter Mane|84\/100 slp|[from] item: Leftovers\n|upkeep\n|turn|15\n|\n|t:|1700481045\n|-curestatus|p1b: Flutter Mane|slp|[msg]\n|move|p1b: Flutter Mane|Moonblast|p2b: Amoonguss\n|-damage|p2b: Amoonguss|0 fnt\n|faint|p2b: Amoonguss\n|move|p2a: Iron Bundle|Hydro Pump|p1b: Flutter Mane\n|-damage|p1b: Flutter Mane|63\/100\n|\n|-heal|p1b: Flutter Mane|70\/100|[from] item: Leftovers\n|upkeep\n|turn|16\n|-message|hellycopeter forfeited.\n|\n|win|steffivt\n|raw|steffivt's rating: 1281 &rarr; <strong>1307<\/strong><br \/>(+26 for winning)\n|raw|hellycopeter's rating: 1295 &rarr; <strong>1269<\/strong><br \/>(-26 for losing)\n|l|\u2606hellycopeter\n","uploadtime":1700481059,"views":11,"p1id":"steffivt","p2id":"hellycopeter","formatid":"gen9vgc2023regulatione","rating":1269,"private":0,"password":""}