{"id":"gen9vgc2023regulatione-2000315668","p1":"LeeDSL","p2":"aPiece0ft0ast","format":"[Gen 9] VGC 2023 Regulation E","log":"|j|\u203dLeeDSL\n|j|\u2606aPiece0ft0ast\n|t:|1701184253\n|gametype|doubles\n|player|p1|LeeDSL|170|1097\n|player|p2|aPiece0ft0ast|giovanni|1033\n|teamsize|p1|6\n|teamsize|p2|6\n|gen|9\n|tier|[Gen 9] VGC 2023 Regulation E\n|rated|\n|rule|Species Clause: Limit one of each Pok\u00e9mon\n|rule|Item Clause: Limit one of each item\n|clearpoke\n|poke|p1|Bellibolt, L50, M|\n|poke|p1|Delibird, L50, F|\n|poke|p1|Dondozo, L50, F|\n|poke|p1|Tatsugiri-Droopy, L50, F|\n|poke|p1|Ogerpon-Hearthflame, L50, F|\n|poke|p1|Rillaboom, L50, F|\n|poke|p2|Flutter Mane, L50|\n|poke|p2|Urshifu-*, L50, F|\n|poke|p2|Rillaboom, L50, F|\n|poke|p2|Arcanine-Hisui, L50, M|\n|poke|p2|Iron Bundle, L50|\n|poke|p2|Chien-Pao, L50|\n|teampreview|4\n|\n|t:|1701184307\n|start\n|switch|p1a: Delibird|Delibird, L50, F|100\/100\n|switch|p1b: Dondozo|Dondozo, L50, F|100\/100\n|switch|p2a: Mike Tyson|Urshifu-Rapid-Strike, L50, F|100\/100\n|switch|p2b: Rillaboom|Rillaboom, L50, F|100\/100\n|-fieldstart|move: Grassy Terrain|[from] ability: Grassy Surge|[of] p2b: Rillaboom\n|-enditem|p2b: Rillaboom|Grassy Seed\n|-boost|p2b: Rillaboom|def|1|[from] item: Grassy Seed\n|turn|1\n|c|\u2606aPiece0ft0ast|hi\n|c|\u2606aPiece0ft0ast|;3\n|\n|t:|1701184340\n|move|p1b: Dondozo|Protect|p1b: Dondozo\n|-singleturn|p1b: Dondozo|Protect\n|move|p1a: Delibird|Fake Out|p2b: Rillaboom\n|-damage|p2b: Rillaboom|95\/100\n|move|p2a: Mike Tyson|Drain Punch|p1a: Delibird\n|-damage|p1a: Delibird|26\/100\n|-enditem|p1a: Delibird|Sitrus Berry|[eat]\n|-heal|p1a: Delibird|51\/100|[from] item: Sitrus Berry\n|cant|p2b: Rillaboom|flinch\n|\n|-heal|p2b: Rillaboom|100\/100|[from] Grassy Terrain\n|upkeep\n|turn|2\n|\n|t:|1701184362\n|switch|p1a: Tatsugiri|Tatsugiri-Droopy, L50, F|100\/100\n|-activate|p1a: Tatsugiri|ability: Commander|[of] p1b: Dondozo\n|-boost|p1b: Dondozo|atk|2\n|-boost|p1b: Dondozo|spa|2\n|-boost|p1b: Dondozo|spe|2\n|-boost|p1b: Dondozo|def|2\n|-boost|p1b: Dondozo|spd|2\n|move|p2a: Mike Tyson|Drain Punch|p1a: Tatsugiri|[miss]\n|-miss|p2a: Mike Tyson|p1a: Tatsugiri\n|move|p1b: Dondozo|Order Up|p2a: Mike Tyson\n|-damage|p2a: Mike Tyson|69\/100\n|-boost|p1b: Dondozo|def|1\n|move|p2b: Rillaboom|Drum Beating|p1b: Dondozo\n|-supereffective|p1b: Dondozo\n|-damage|p1b: Dondozo|83\/100\n|-unboost|p1b: Dondozo|spe|1\n|\n|-heal|p2a: Mike Tyson|75\/100|[from] Grassy Terrain\n|-heal|p1b: Dondozo|90\/100|[from] Grassy Terrain\n|-heal|p1b: Dondozo|96\/100|[from] item: Leftovers\n|upkeep\n|turn|3\n|\n|t:|1701184395\n|move|p2a: Mike Tyson|Poison Jab|p1b: Dondozo\n|-damage|p1b: Dondozo|92\/100\n|move|p2b: Rillaboom|Knock Off|p1b: Dondozo\n|-damage|p1b: Dondozo|86\/100\n|-enditem|p1b: Dondozo|Leftovers|[from] move: Knock Off|[of] p2b: Rillaboom\n|move|p1b: Dondozo|Body Press|p2b: Rillaboom\n|-damage|p2b: Rillaboom|39\/100\n|\n|-heal|p2a: Mike Tyson|82\/100|[from] Grassy Terrain\n|-heal|p2b: Rillaboom|45\/100|[from] Grassy Terrain\n|-heal|p1b: Dondozo|93\/100|[from] Grassy Terrain\n|upkeep\n|turn|4\n|\n|t:|1701184412\n|move|p2a: Mike Tyson|Poison Jab|p1b: Dondozo\n|-damage|p1b: Dondozo|88\/100\n|move|p2b: Rillaboom|Wood Hammer|p1b: Dondozo\n|-supereffective|p1b: Dondozo\n|-damage|p1b: Dondozo|66\/100\n|-damage|p2b: Rillaboom|35\/100|[from] Recoil\n|move|p1b: Dondozo|Order Up|p2b: Rillaboom\n|-damage|p2b: Rillaboom|4\/100\n|-boost|p1b: Dondozo|def|1\n|\n|-heal|p2a: Mike Tyson|88\/100|[from] Grassy Terrain\n|-heal|p2b: Rillaboom|11\/100|[from] Grassy Terrain\n|-heal|p1b: Dondozo|72\/100|[from] Grassy Terrain\n|upkeep\n|turn|5\n|\n|t:|1701184432\n|move|p2a: Mike Tyson|Poison Jab|p1b: Dondozo\n|-damage|p1b: Dondozo|69\/100\n|move|p2b: Rillaboom|Wood Hammer|p1b: Dondozo\n|-supereffective|p1b: Dondozo\n|-damage|p1b: Dondozo|47\/100\n|-damage|p2b: Rillaboom|0 fnt|[from] Recoil\n|faint|p2b: Rillaboom\n|move|p1b: Dondozo|Body Press|p2a: Mike Tyson\n|-damage|p2a: Mike Tyson|23\/100\n|\n|-heal|p2a: Mike Tyson|29\/100|[from] Grassy Terrain\n|-heal|p1b: Dondozo|53\/100|[from] Grassy Terrain\n|-fieldend|move: Grassy Terrain\n|upkeep\n|\n|t:|1701184451\n|switch|p2b: Chien-Pao|Chien-Pao, L50|100\/100\n|-ability|p2b: Chien-Pao|Sword of Ruin\n|turn|6\n|\n|t:|1701184461\n|move|p2b: Chien-Pao|Swords Dance|p2b: Chien-Pao\n|-boost|p2b: Chien-Pao|atk|2\n|move|p2a: Mike Tyson|Drain Punch|p1b: Dondozo\n|-damage|p1b: Dondozo|46\/100\n|-heal|p2a: Mike Tyson|35\/100|[from] drain|[of] p1b: Dondozo\n|move|p1b: Dondozo|Order Up|p2a: Mike Tyson\n|-damage|p2a: Mike Tyson|0 fnt\n|faint|p2a: Mike Tyson\n|-boost|p1b: Dondozo|def|1\n|\n|upkeep\n|\n|t:|1701184471\n|switch|p2a: Good Boy|Arcanine-Hisui, L50, M, shiny|100\/100\n|-ability|p2a: Good Boy|Intimidate|boost\n|-unboost|p1a: Tatsugiri|atk|1\n|-unboost|p1b: Dondozo|atk|1\n|turn|7\n|\n|t:|1701184486\n|move|p2b: Chien-Pao|Crunch|p1b: Dondozo\n|-damage|p1b: Dondozo|36\/100\n|-damage|p2b: Chien-Pao|91\/100|[from] item: Life Orb\n|move|p2a: Good Boy|Crunch|p1b: Dondozo\n|-damage|p1b: Dondozo|32\/100\n|-unboost|p1b: Dondozo|def|1\n|move|p1b: Dondozo|Body Press|p2b: Chien-Pao\n|-supereffective|p2b: Chien-Pao\n|-damage|p2b: Chien-Pao|0 fnt\n|faint|p2b: Chien-Pao\n|\n|upkeep\n|turn|8\n|\n|t:|1701184502\n|move|p2a: Good Boy|Close Combat|p1b: Dondozo\n|-damage|p1b: Dondozo|26\/100\n|-unboost|p2a: Good Boy|def|1\n|-unboost|p2a: Good Boy|spd|1\n|move|p1b: Dondozo|Wave Crash|p2a: Good Boy\n|-supereffective|p2a: Good Boy\n|-enditem|p2a: Good Boy|Focus Sash\n|-damage|p2a: Good Boy|1\/100\n|-damage|p1b: Dondozo|4\/100|[from] Recoil\n|\n|upkeep\n|turn|9\n|\n|t:|1701184522\n|-terastallize|p2a: Good Boy|Fighting\n|move|p1b: Dondozo|Protect|p1b: Dondozo\n|-singleturn|p1b: Dondozo|Protect\n|move|p2a: Good Boy|Close Combat|p1b: Dondozo\n|-activate|p1b: Dondozo|move: Protect\n|\n|upkeep\n|turn|10\n|\n|t:|1701184536\n|move|p2a: Good Boy|Extreme Speed|p1b: Dondozo\n|-damage|p1b: Dondozo|0 fnt\n|faint|p1b: Dondozo\n|\n|upkeep\n|\n|t:|1701184543\n|switch|p1b: Delibird|Delibird, L50, F|51\/100\n|turn|11\n|\n|t:|1701184552\n|move|p1b: Delibird|Fake Out|p2a: Good Boy\n|-damage|p2a: Good Boy|0 fnt\n|faint|p2a: Good Boy\n|\n|win|LeeDSL\n|raw|LeeDSL's rating: 1097 &rarr; <strong>1118<\/strong><br \/>(+21 for winning)\n|raw|aPiece0ft0ast's rating: 1033 &rarr; <strong>1021<\/strong><br \/>(-12 for losing)\n|c|\u2606aPiece0ft0ast|kanker homo\n","uploadtime":1701184556,"views":1,"p1id":"leedsl","p2id":"apiece0ft0ast","formatid":"gen9vgc2023regulatione","rating":1021,"private":0,"password":""}