{"id":"gen9vgc2023regulatione-1997678747","p1":"Labbbing","p2":"Zanyruki","format":"[Gen 9] VGC 2023 Regulation E","log":"|j|\u2606Labbbing\n|j|\u2606Zanyruki\n|t:|1700840874\n|gametype|doubles\n|player|p1|Labbbing|turo|1249\n|player|p2|Zanyruki|102|1269\n|teamsize|p1|6\n|teamsize|p2|6\n|gen|9\n|tier|[Gen 9] VGC 2023 Regulation E\n|rated|\n|rule|Species Clause: Limit one of each Pok\u00e9mon\n|rule|Item Clause: Limit one of each item\n|clearpoke\n|poke|p1|Ogerpon-Cornerstone, L50, F|\n|poke|p1|Ursaluna, L50, M|\n|poke|p1|Cresselia, L50, F|\n|poke|p1|Chien-Pao, L50|\n|poke|p1|Dragonite, L50, M|\n|poke|p1|Flutter Mane, L50|\n|poke|p2|Ninetales-Alola, L50, M|\n|poke|p2|Rillaboom, L50, M|\n|poke|p2|Urshifu-*, L50, F|\n|poke|p2|Cresselia, L50, F|\n|poke|p2|Tsareena, L50, F|\n|poke|p2|Arcanine-Hisui, L50, M|\n|teampreview|4\n|inactive|Battle timer is ON: inactive players will automatically lose when time's up. (requested by Labbbing)\n|inactive|Labbbing has 60 seconds left.\n|inactive|Zanyruki has 60 seconds left.\n|\n|t:|1700840925\n|start\n|switch|p1a: Flutter Mane|Flutter Mane, L50, shiny|100\/100\n|switch|p1b: Chien-Pao|Chien-Pao, L50|100\/100\n|switch|p2a: Rillaboom|Rillaboom, L50, M|100\/100\n|switch|p2b: Arcanine|Arcanine-Hisui, L50, M|100\/100\n|-ability|p1b: Chien-Pao|Sword of Ruin\n|-ability|p2b: Arcanine|Intimidate|boost\n|-unboost|p1a: Flutter Mane|atk|1\n|-unboost|p1b: Chien-Pao|atk|1\n|-fieldstart|move: Grassy Terrain|[from] ability: Grassy Surge|[of] p2a: Rillaboom\n|turn|1\n|inactive|Zanyruki has 30 seconds left.\n|\n|t:|1700840957\n|switch|p1b: Thot|Cresselia, L50, F, shiny|100\/100\n|-terastallize|p2b: Arcanine|Normal\n|move|p2a: Rillaboom|Grassy Glide|p1a: Flutter Mane\n|-damage|p1a: Flutter Mane|48\/100\n|move|p1a: Flutter Mane|Shadow Ball|p2a: Rillaboom\n|-damage|p2a: Rillaboom|50\/100\n|move|p2b: Arcanine|Rock Slide|p1b: Thot|[spread] p1a\n|-miss|p2b: Arcanine|p1b: Thot\n|-damage|p1a: Flutter Mane|0 fnt\n|faint|p1a: Flutter Mane\n|-end|p1a: Flutter Mane|Protosynthesis|[silent]\n|\n|-heal|p2a: Rillaboom|56\/100|[from] Grassy Terrain\n|upkeep\n|\n|t:|1700840972\n|switch|p1a: Ursaluna|Ursaluna, L50, M, shiny|100\/100\n|turn|2\n|\n|t:|1700840987\n|switch|p2b: Tsareena|Tsareena, L50, F|100\/100\n|move|p1a: Ursaluna|Protect|p1a: Ursaluna\n|-singleturn|p1a: Ursaluna|Protect\n|move|p2a: Rillaboom|Swords Dance|p2a: Rillaboom\n|-boost|p2a: Rillaboom|atk|2\n|move|p1b: Thot|Trick Room|p1b: Thot\n|-fieldstart|move: Trick Room|[of] p1b: Thot\n|\n|-heal|p2a: Rillaboom|62\/100|[from] Grassy Terrain\n|-status|p1a: Ursaluna|brn|[from] item: Flame Orb\n|upkeep\n|turn|3\n|inactive|Labbbing has 30 seconds left.\n|inactive|Zanyruki has 30 seconds left.\n|\n|t:|1700841016\n|-terastallize|p1a: Ursaluna|Ghost\n|move|p2a: Rillaboom|Grassy Glide|p1a: Ursaluna\n|-damage|p1a: Ursaluna|47\/100 brn\n|move|p1a: Ursaluna|Facade|p2a: Rillaboom\n|-damage|p2a: Rillaboom|0 fnt\n|faint|p2a: Rillaboom\n|move|p2b: Tsareena|Knock Off|p1b: Thot\n|-supereffective|p1b: Thot\n|-damage|p1b: Thot|56\/100\n|-enditem|p1b: Thot|Mental Herb|[from] move: Knock Off|[of] p2b: Tsareena\n|move|p1b: Thot|Lunar Blessing|p1b: Thot|[spread] p1a,p1b\n|-heal|p1a: Ursaluna|72\/100 brn\n|-curestatus|p1a: Ursaluna|brn|[msg]\n|-heal|p1b: Thot|81\/100\n|\n|-heal|p1a: Ursaluna|78\/100|[from] Grassy Terrain\n|-status|p1a: Ursaluna|brn|[from] item: Flame Orb\n|upkeep\n|c|\u2606Zanyruki|lol your cress's name\n|\n|t:|1700841034\n|switch|p2a: Arcanine|Arcanine-Hisui, L50, M, tera:Normal|100\/100\n|-ability|p2a: Arcanine|Intimidate|boost\n|-unboost|p1a: Ursaluna|atk|1\n|-unboost|p1b: Thot|atk|1\n|turn|4\n|\n|t:|1700841047\n|move|p1a: Ursaluna|Bulk Up|p1a: Ursaluna\n|-boost|p1a: Ursaluna|atk|1\n|-boost|p1a: Ursaluna|def|1\n|move|p2b: Tsareena|Knock Off|p1a: Ursaluna\n|-supereffective|p1a: Ursaluna\n|-damage|p1a: Ursaluna|44\/100 brn\n|-enditem|p1a: Ursaluna|Flame Orb|[from] move: Knock Off|[of] p2b: Tsareena\n|move|p1b: Thot|Lunar Blessing|p1b: Thot|[spread] p1a,p1b\n|-heal|p1a: Ursaluna|68\/100 brn\n|-curestatus|p1a: Ursaluna|brn|[msg]\n|-heal|p1b: Thot|100\/100\n|move|p2a: Arcanine|Flare Blitz|p1a: Ursaluna\n|-damage|p1a: Ursaluna|19\/100\n|-damage|p2a: Arcanine|81\/100|[from] Recoil\n|\n|-heal|p1a: Ursaluna|25\/100|[from] Grassy Terrain\n|-heal|p2a: Arcanine|87\/100|[from] Grassy Terrain\n|upkeep\n|turn|5\n|inactive|Zanyruki has 30 seconds left.\n|c|\u2606Labbbing|Lmao it was funny\n|\n|t:|1700841078\n|move|p2b: Tsareena|Grassy Glide|p1a: Ursaluna\n|-damage|p1a: Ursaluna|6\/100\n|move|p1a: Ursaluna|Facade|p2a: Arcanine\n|-crit|p2a: Arcanine\n|-damage|p2a: Arcanine|22\/100\n|move|p1b: Thot|Lunar Blessing|p1b: Thot|[spread] p1a,p1b\n|-heal|p1a: Ursaluna|30\/100\n|move|p2a: Arcanine|Flare Blitz|p1a: Ursaluna\n|-damage|p1a: Ursaluna|0 fnt\n|faint|p1a: Ursaluna\n|-damage|p2a: Arcanine|10\/100|[from] Recoil\n|\n|-heal|p2a: Arcanine|16\/100|[from] Grassy Terrain\n|-fieldend|move: Grassy Terrain\n|upkeep\n|\n|t:|1700841090\n|switch|p1a: Chien-Pao|Chien-Pao, L50|100\/100\n|-ability|p1a: Chien-Pao|Sword of Ruin\n|turn|6\n|\n|t:|1700841106\n|switch|p2a: Cresselia|Cresselia, L50, F|100\/100\n|move|p1a: Chien-Pao|Protect|p1a: Chien-Pao\n|-singleturn|p1a: Chien-Pao|Protect\n|move|p2b: Tsareena|U-turn|p1a: Chien-Pao\n|-activate|p1a: Chien-Pao|move: Protect\n|move|p1b: Thot|Psychic|p2a: Cresselia\n|-resisted|p2a: Cresselia\n|-damage|p2a: Cresselia|93\/100\n|\n|-fieldend|move: Trick Room\n|upkeep\n|turn|7\n|c|\u2606Labbbing|Oh big knock off\n|c|\u2606Labbbing|i forgot\n|\n|t:|1700841122\n|move|p1b: Thot|Helping Hand|p1a: Chien-Pao\n|-singleturn|p1a: Chien-Pao|Helping Hand|[of] p1b: Thot\n|move|p1a: Chien-Pao|Icicle Crash|p2b: Tsareena\n|-supereffective|p2b: Tsareena\n|-damage|p2b: Tsareena|0 fnt\n|faint|p2b: Tsareena\n|move|p2a: Cresselia|Moonblast|p1a: Chien-Pao\n|-supereffective|p1a: Chien-Pao\n|-damage|p1a: Chien-Pao|40\/100\n|\n|upkeep\n|\n|t:|1700841131\n|switch|p2b: Arcanine|Arcanine-Hisui, L50, M, tera:Normal|16\/100\n|-ability|p2b: Arcanine|Intimidate|boost\n|-unboost|p1a: Chien-Pao|atk|1\n|-unboost|p1b: Thot|atk|1\n|turn|8\n|\n|t:|1700841140\n|move|p1a: Chien-Pao|Protect|p1a: Chien-Pao\n|-singleturn|p1a: Chien-Pao|Protect\n|move|p2b: Arcanine|Extreme Speed|p1a: Chien-Pao\n|-activate|p1a: Chien-Pao|move: Protect\n|move|p1b: Thot|Psychic|p2b: Arcanine\n|-damage|p2b: Arcanine|0 fnt\n|faint|p2b: Arcanine\n|move|p2a: Cresselia|Lunar Blessing|p2a: Cresselia\n|-heal|p2a: Cresselia|100\/100\n|\n|upkeep\n|turn|9\n|c|\u2606Zanyruki|gg\n|inactive|Zanyruki has 30 seconds left.\n|\n|t:|1700841169\n|move|p1b: Thot|Helping Hand|p1a: Chien-Pao\n|-singleturn|p1a: Chien-Pao|Helping Hand|[of] p1b: Thot\n|move|p1a: Chien-Pao|Icicle Crash|p2a: Cresselia\n|-damage|p2a: Cresselia|63\/100\n|cant|p2a: Cresselia|flinch\n|\n|upkeep\n|turn|10\n|\n|t:|1700841184\n|move|p1a: Chien-Pao|Protect|p1a: Chien-Pao\n|-singleturn|p1a: Chien-Pao|Protect\n|move|p1b: Thot|Lunar Blessing|p1b: Thot|[spread] p1a,p1b\n|-heal|p1a: Chien-Pao|65\/100\n|move|p2a: Cresselia|Moonblast|p1a: Chien-Pao\n|-activate|p1a: Chien-Pao|move: Protect\n|\n|upkeep\n|turn|11\n|\n|t:|1700841192\n|move|p1a: Chien-Pao|Haze|p1a: Chien-Pao\n|-clearallboost\n|move|p1b: Thot|Lunar Blessing|p1b: Thot|[spread] p1a,p1b\n|-heal|p1a: Chien-Pao|90\/100\n|move|p2a: Cresselia|Moonblast|p1a: Chien-Pao\n|-supereffective|p1a: Chien-Pao\n|-damage|p1a: Chien-Pao|31\/100\n|\n|upkeep\n|turn|12\n|c|\u2606Zanyruki|whoa, haze\n|c|\u2606Labbbing|Yeah for dondozo\n|-message|Zanyruki forfeited.\n|\n|win|Labbbing\n|raw|Labbbing's rating: 1249 &rarr; <strong>1275<\/strong><br \/>(+26 for winning)\n|raw|Zanyruki's rating: 1269 &rarr; <strong>1243<\/strong><br \/>(-26 for losing)\n|l|\u2606Zanyruki\n","uploadtime":1700841219,"views":3,"p1id":"labbbing","p2id":"zanyruki","formatid":"gen9vgc2023regulatione","rating":1243,"private":0,"password":""}