{"id":"gen9vgc2023regulatione-1988354688","p1":"Seatoe","p2":"BlindMagneton","format":"[Gen 9] VGC 2023 Regulation E","log":"|j|\u2606Seatoe\n|j|\u2606BlindMagneton\n|t:|1699713053\n|gametype|doubles\n|player|p1|Seatoe|sailor|1289\n|player|p2|BlindMagneton|wattson|1222\n|teamsize|p1|6\n|teamsize|p2|6\n|gen|9\n|tier|[Gen 9] VGC 2023 Regulation E\n|rated|\n|rule|Species Clause: Limit one of each Pok\u00e9mon\n|rule|Item Clause: Limit one of each item\n|clearpoke\n|poke|p1|Pelipper, L50, F|\n|poke|p1|Ludicolo, L50, M|\n|poke|p1|Tornadus, L50, M|\n|poke|p1|Gholdengo, L50|\n|poke|p1|Chesnaught, L50, F|\n|poke|p1|Landorus-Therian, L50, M|\n|poke|p2|Zoroark-Hisui, L50, F|\n|poke|p2|Grimmsnarl, L50, M|\n|poke|p2|Magnezone, L50|\n|poke|p2|Ogerpon-Wellspring, L50, F|\n|poke|p2|Farigiraf, L50, F|\n|poke|p2|Salamence, L50, M|\n|teampreview|4\n|inactive|Battle timer is ON: inactive players will automatically lose when time's up. (requested by Seatoe)\n|\n|t:|1699713130\n|start\n|switch|p1a: Pelipper|Pelipper, L50, F|100\/100\n|switch|p1b: Chesnaught|Chesnaught, L50, F|100\/100\n|switch|p2a: Grimmsnarl|Grimmsnarl, L50, M|100\/100\n|switch|p2b: Magnezone|Magnezone, L50|100\/100\n|-weather|RainDance|[from] ability: Drizzle|[of] p1a: Pelipper\n|turn|1\n|\n|t:|1699713153\n|switch|p1a: Landorus|Landorus-Therian, L50, M|100\/100\n|-ability|p1a: Landorus|Intimidate|boost\n|-unboost|p2a: Grimmsnarl|atk|1\n|-unboost|p2b: Magnezone|atk|1\n|move|p2a: Grimmsnarl|Fake Out|p1b: Chesnaught\n|-damage|p1b: Chesnaught|94\/100\n|cant|p1b: Chesnaught|flinch\n|move|p2b: Magnezone|Thunderbolt|p1a: Landorus\n|-immune|p1a: Landorus\n|\n|-weather|RainDance|[upkeep]\n|upkeep\n|turn|2\n|\n|t:|1699713173\n|move|p2b: Magnezone|Protect|p2b: Magnezone\n|-singleturn|p2b: Magnezone|Protect\n|move|p2a: Grimmsnarl|Thunder Wave|p1b: Chesnaught\n|-status|p1b: Chesnaught|par\n|move|p1a: Landorus|U-turn|p2a: Grimmsnarl\n|-damage|p2a: Grimmsnarl|73\/100\n|\n|t:|1699713180\n|switch|p1a: Ludicolo|Ludicolo, L50, M|100\/100|[from] U-turn\n|move|p1b: Chesnaught|Iron Defense|p1b: Chesnaught\n|-boost|p1b: Chesnaught|def|2\n|\n|-weather|RainDance|[upkeep]\n|upkeep\n|turn|3\n|inactive|BlindMagneton has 30 seconds left.\n|\n|t:|1699713215\n|switch|p2b: Salamence|Salamence, L50, M|100\/100\n|-ability|p2b: Salamence|Intimidate|boost\n|-unboost|p1a: Ludicolo|atk|1\n|-unboost|p1b: Chesnaught|atk|1\n|move|p2a: Grimmsnarl|Parting Shot|p1a: Ludicolo\n|-unboost|p1a: Ludicolo|atk|1\n|-unboost|p1a: Ludicolo|spa|1\n|\n|t:|1699713223\n|switch|p2a: Ogerpon|Ogerpon-Wellspring, L50, F|100\/100|[from] Parting Shot\n|move|p1a: Ludicolo|Hydro Pump|p2a: Ogerpon\n|-immune|p2a: Ogerpon|[from] ability: Water Absorb\n|move|p1b: Chesnaught|Body Press|p2b: Salamence\n|-resisted|p2b: Salamence\n|-damage|p2b: Salamence|60\/100\n|\n|-weather|RainDance|[upkeep]\n|upkeep\n|turn|4\n|inactive|BlindMagneton has 30 seconds left.\n|inactive|BlindMagneton has 20 seconds left.\n|inactive|BlindMagneton has 15 seconds left.\n|\n|t:|1699713265\n|switch|p1a: Pelipper|Pelipper, L50, F|100\/100\n|move|p2b: Salamence|Protect|p2b: Salamence\n|-singleturn|p2b: Salamence|Protect\n|move|p1b: Chesnaught|Spiky Shield|p1b: Chesnaught\n|-singleturn|p1b: Chesnaught|move: Protect\n|move|p2a: Ogerpon|Knock Off|p1b: Chesnaught\n|-activate|p1b: Chesnaught|move: Protect\n|-damage|p2a: Ogerpon|88\/100|[from] Spiky Shield|[of] p1b: Chesnaught\n|\n|-weather|RainDance|[upkeep]\n|upkeep\n|turn|5\n|\n|t:|1699713288\n|-terastallize|p1b: Chesnaught|Steel\n|move|p2a: Ogerpon|Encore|p1b: Chesnaught\n|-start|p1b: Chesnaught|Encore\n|move|p2b: Salamence|Dual Wingbeat|p1a: Pelipper\n|-damage|p1a: Pelipper|80\/100\n|-damage|p1a: Pelipper|58\/100\n|-hitcount|p1a: Pelipper|2\n|-damage|p2b: Salamence|51\/100|[from] item: Life Orb\n|move|p1a: Pelipper|Hurricane|p2a: Ogerpon\n|-supereffective|p2a: Ogerpon\n|-damage|p2a: Ogerpon|0 fnt\n|faint|p2a: Ogerpon\n|cant|p1b: Chesnaught|par\n|\n|-weather|none\n|upkeep\n|\n|t:|1699713311\n|switch|p2a: Magnezone|Magnezone, L50|100\/100\n|turn|6\n|\n|t:|1699713319\n|switch|p2b: Grimmsnarl|Grimmsnarl, L50, M|73\/100\n|switch|p1a: Landorus|Landorus-Therian, L50, M|100\/100\n|-ability|p1a: Landorus|Intimidate|boost\n|-unboost|p2a: Magnezone|atk|1\n|-unboost|p2b: Grimmsnarl|atk|1\n|move|p1b: Chesnaught|Spiky Shield|p1b: Chesnaught\n|-singleturn|p1b: Chesnaught|move: Protect\n|move|p2a: Magnezone|Flash Cannon|p1a: Landorus\n|-damage|p1a: Landorus|21\/100\n|\n|upkeep\n|turn|7\n|inactive|BlindMagneton has 30 seconds left.\n|inactive|BlindMagneton has 20 seconds left.\n|inactive|BlindMagneton has 15 seconds left.\n|inactive|BlindMagneton has 10 seconds left.\n|inactive|BlindMagneton has 5 seconds left.\n|\n|t:|1699713373\n|switch|p1b: Ludicolo|Ludicolo, L50, M|100\/100\n|-terastallize|p2a: Magnezone|Fairy\n|move|p2b: Grimmsnarl|Fake Out|p1a: Landorus\n|-damage|p1a: Landorus|12\/100\n|cant|p1a: Landorus|flinch\n|move|p2a: Magnezone|Tera Blast|p1a: Landorus|[anim] Tera Blast Fairy\n|-damage|p1a: Landorus|0 fnt\n|faint|p1a: Landorus\n|\n|upkeep\n|\n|t:|1699713388\n|switch|p1a: Pelipper|Pelipper, L50, F|58\/100\n|-weather|RainDance|[from] ability: Drizzle|[of] p1a: Pelipper\n|turn|8\n|inactive|BlindMagneton has 30 seconds left.\n|\n|t:|1699713415\n|move|p1a: Pelipper|Protect|p1a: Pelipper\n|-singleturn|p1a: Pelipper|Protect\n|move|p2a: Magnezone|Protect|p2a: Magnezone\n|-singleturn|p2a: Magnezone|Protect\n|move|p2b: Grimmsnarl|Thunder Wave|p1a: Pelipper\n|-activate|p1a: Pelipper|move: Protect\n|move|p1b: Ludicolo|Hydro Pump|p2a: Magnezone\n|-activate|p2a: Magnezone|move: Protect\n|\n|-weather|RainDance|[upkeep]\n|upkeep\n|turn|9\n|inactive|BlindMagneton has 30 seconds left.\n|inactive|BlindMagneton has 20 seconds left.\n|\n|t:|1699713454\n|switch|p1a: Chesnaught|Chesnaught, L50, F, tera:Steel|94\/100 par\n|switch|p2a: Salamence|Salamence, L50, M|51\/100\n|-ability|p2a: Salamence|Intimidate|boost\n|-unboost|p1a: Chesnaught|atk|1\n|-unboost|p1b: Ludicolo|atk|1\n|move|p2b: Grimmsnarl|Thunder Wave|p1b: Ludicolo\n|-status|p1b: Ludicolo|par\n|cant|p1b: Ludicolo|par\n|\n|-weather|RainDance|[upkeep]\n|upkeep\n|turn|10\n|inactive|BlindMagneton has 30 seconds left.\n|inactive|BlindMagneton has 20 seconds left.\n|inactive|BlindMagneton has 15 seconds left.\n|\n|t:|1699713495\n|move|p2a: Salamence|Dual Wingbeat|p1b: Ludicolo\n|-supereffective|p1b: Ludicolo\n|-crit|p1b: Ludicolo\n|-damage|p1b: Ludicolo|0 fnt\n|faint|p1b: Ludicolo\n|-hitcount|p1: Ludicolo|1\n|-damage|p2a: Salamence|41\/100|[from] item: Life Orb\n|move|p2b: Grimmsnarl|Spirit Break|p1a: Chesnaught\n|-resisted|p1a: Chesnaught\n|-damage|p1a: Chesnaught|87\/100 par\n|-unboost|p1a: Chesnaught|spa|1\n|cant|p1a: Chesnaught|par\n|\n|-weather|RainDance|[upkeep]\n|upkeep\n|inactive|Seatoe has 30 seconds left.\n|inactive|Seatoe has 20 seconds left.\n|\n|t:|1699713531\n|switch|p1b: Pelipper|Pelipper, L50, F|58\/100\n|turn|11\n|\n|t:|1699713556\n|move|p2b: Grimmsnarl|Parting Shot|p1b: Pelipper\n|-unboost|p1b: Pelipper|atk|1\n|-unboost|p1b: Pelipper|spa|1\n|-message|Seatoe forfeited.\n|\n|win|BlindMagneton\n|raw|Seatoe's rating: 1289 &rarr; <strong>1259<\/strong><br \/>(-30 for losing)\n|raw|BlindMagneton's rating: 1222 &rarr; <strong>1252<\/strong><br \/>(+30 for winning)\n|l|\u2606Seatoe\n","uploadtime":1699713570,"views":30,"p1id":"seatoe","p2id":"blindmagneton","formatid":"gen9vgc2023regulatione","rating":1252,"private":0,"password":""}