{"id":"gen9vgc2023regulatione-1989997170","p1":"sb203","p2":"MurphyTheMut","format":"[Gen 9] VGC 2023 Regulation E","log":"|j|\u2606sb203\n|j|\u2606MurphyTheMut\n|t:|1699913793\n|gametype|doubles\n|player|p1|sb203|101|1226\n|player|p2|MurphyTheMut|roughneck-gen4|1205\n|teamsize|p1|6\n|teamsize|p2|6\n|gen|9\n|tier|[Gen 9] VGC 2023 Regulation E\n|rated|\n|rule|Species Clause: Limit one of each Pok\u00e9mon\n|rule|Item Clause: Limit one of each item\n|clearpoke\n|poke|p1|Weezing, L50, F|\n|poke|p1|Flutter Mane, L50|\n|poke|p1|Roaring Moon, L50|\n|poke|p1|Iron Hands, L50|\n|poke|p1|Landorus-Therian, L50, M|\n|poke|p1|Ogerpon-Wellspring, L50, F|\n|poke|p2|Hippowdon, L50, M|\n|poke|p2|Tyranitar, L50, M|\n|poke|p2|Flutter Mane, L50|\n|poke|p2|Indeedee-F, L50, F|\n|poke|p2|Armarouge, L50, M|\n|poke|p2|Kommo-o, L50, F|\n|teampreview|4\n|inactive|Battle timer is ON: inactive players will automatically lose when time's up. (requested by sb203)\nsb203 has agreed to open team sheets.\n|inactive|MurphyTheMut has 60 seconds left.\n|inactive|MurphyTheMut has 30 seconds left.\n|inactive|MurphyTheMut has 20 seconds left.\n|inactive|MurphyTheMut has 15 seconds left.\n|\n|t:|1699913876\n|start\n|switch|p1a: Weezing|Weezing, L50, F|100\/100\n|switch|p1b: Roaring Moon|Roaring Moon, L50|100\/100\n|switch|p2a: Indeedee|Indeedee-F, L50, F|100\/100\n|switch|p2b: Hippowdon|Hippowdon, L50, M|100\/100\n|-ability|p1a: Weezing|Neutralizing Gas\n|-enditem|p1b: Roaring Moon|Booster Energy\n|-activate|p1b: Roaring Moon|ability: Protosynthesis|[fromitem]\n|-start|p1b: Roaring Moon|protosynthesisatk\n|turn|1\n|inactive|sb203 has 30 seconds left.\n|\n|t:|1699913908\n|-terastallize|p2a: Indeedee|Dark\n|move|p1a: Weezing|Protect|p1a: Weezing\n|-singleturn|p1a: Weezing|Protect\n|move|p1b: Roaring Moon|Knock Off|p2a: Indeedee\n|-resisted|p2a: Indeedee\n|-damage|p2a: Indeedee|70\/100\n|-damage|p1b: Roaring Moon|84\/100|[from] item: Rocky Helmet|[of] p2a: Indeedee\n|-enditem|p2a: Indeedee|Rocky Helmet|[from] move: Knock Off|[of] p1b: Roaring Moon\n|move|p2b: Hippowdon|Curse|p2b: Hippowdon\n|-unboost|p2b: Hippowdon|spe|1\n|-boost|p2b: Hippowdon|atk|1\n|-boost|p2b: Hippowdon|def|1\n|move|p2a: Indeedee|Trick Room|p2a: Indeedee\n|-fieldstart|move: Trick Room|[of] p2a: Indeedee\n|\n|upkeep\n|turn|2\n|inactive|MurphyTheMut has 30 seconds left.\n|inactive|MurphyTheMut has 20 seconds left.\n|inactive|MurphyTheMut has 15 seconds left.\n|inactive|MurphyTheMut has 10 seconds left.\n|inactive|MurphyTheMut has 5 seconds left.\n|\n|t:|1699913958\n|-terastallize|p1a: Weezing|Ghost\n|move|p2a: Indeedee|Follow Me|p2a: Indeedee\n|-singleturn|p2a: Indeedee|move: Follow Me\n|move|p2b: Hippowdon|Earthquake|p1b: Roaring Moon|[spread] p2a,p1a,p1b\n|-damage|p2a: Indeedee|0 fnt\n|-damage|p1a: Weezing|37\/100\n|-damage|p1b: Roaring Moon|4\/100\n|-enditem|p1a: Weezing|Sitrus Berry|[eat]\n|-heal|p1a: Weezing|62\/100|[from] item: Sitrus Berry\n|faint|p2a: Indeedee\n|-damage|p2b: Hippowdon|91\/100|[from] item: Life Orb\n|move|p1a: Weezing|Will-O-Wisp|p2b: Hippowdon\n|-status|p2b: Hippowdon|brn\n|move|p1b: Roaring Moon|Knock Off|p2b: Hippowdon\n|-damage|p2b: Hippowdon|57\/100 brn\n|-enditem|p2b: Hippowdon|Life Orb|[from] move: Knock Off|[of] p1b: Roaring Moon\n|\n|-damage|p2b: Hippowdon|51\/100 brn|[from] brn\n|upkeep\n|\n|t:|1699913977\n|switch|p2a: Kommo-o|Kommo-o, L50, F|100\/100\n|turn|3\n|inactive|MurphyTheMut has 30 seconds left.\n|\n|t:|1699914009\n|move|p2b: Hippowdon|Protect|p2b: Hippowdon\n|-singleturn|p2b: Hippowdon|Protect\n|move|p1a: Weezing|Protect|p1a: Weezing\n|-singleturn|p1a: Weezing|Protect\n|move|p2a: Kommo-o|Body Press|p1b: Roaring Moon\n|-supereffective|p1b: Roaring Moon\n|-damage|p1b: Roaring Moon|0 fnt\n|faint|p1b: Roaring Moon\n|-end|p1b: Roaring Moon|Protosynthesis|[silent]\n|\n|-damage|p2b: Hippowdon|45\/100 brn|[from] brn\n|upkeep\n|\n|t:|1699914026\n|switch|p1b: Flutter Mane|Flutter Mane, L50|100\/100\n|turn|4\n|inactive|MurphyTheMut has 30 seconds left.\n|\n|t:|1699914057\n|move|p2b: Hippowdon|Heavy Slam|p1b: Flutter Mane\n|-supereffective|p1b: Flutter Mane\n|-damage|p1b: Flutter Mane|0 fnt\n|faint|p1b: Flutter Mane\n|-end|p1b: Flutter Mane|Protosynthesis|[silent]\n|move|p1a: Weezing|Will-O-Wisp|p2a: Kommo-o\n|-status|p2a: Kommo-o|brn\n|move|p2a: Kommo-o|Iron Head|p1a: Weezing\n|-damage|p1a: Weezing|54\/100\n|\n|-damage|p2b: Hippowdon|39\/100 brn|[from] brn\n|-damage|p2a: Kommo-o|94\/100 brn|[from] brn\n|upkeep\n|\n|t:|1699914070\n|switch|p1b: Landorus|Landorus-Therian, L50, M|100\/100\n|turn|5\n|inactive|MurphyTheMut has 30 seconds left.\n|inactive|MurphyTheMut has 20 seconds left.\n|inactive|MurphyTheMut has 15 seconds left.\n|\n|t:|1699914110\n|move|p2b: Hippowdon|Curse|p2b: Hippowdon\n|-unboost|p2b: Hippowdon|spe|1\n|-boost|p2b: Hippowdon|atk|1\n|-boost|p2b: Hippowdon|def|1\n|move|p1a: Weezing|Sludge Bomb|p2a: Kommo-o\n|-damage|p2a: Kommo-o|72\/100 brn\n|move|p2a: Kommo-o|Iron Defense|p2a: Kommo-o\n|-boost|p2a: Kommo-o|def|2\n|move|p1b: Landorus|Stomping Tantrum|p2a: Kommo-o\n|-damage|p2a: Kommo-o|58\/100 brn\n|\n|-heal|p2a: Kommo-o|64\/100 brn|[from] item: Leftovers\n|-damage|p2b: Hippowdon|33\/100 brn|[from] brn\n|-damage|p2a: Kommo-o|58\/100 brn|[from] brn\n|-fieldend|move: Trick Room\n|upkeep\n|turn|6\n|\n|t:|1699914133\n|move|p1b: Landorus|Stomping Tantrum|p2b: Hippowdon\n|-damage|p2b: Hippowdon|19\/100 brn\n|move|p2a: Kommo-o|Body Press|p1b: Landorus\n|-resisted|p1b: Landorus\n|-damage|p1b: Landorus|78\/100\n|move|p1a: Weezing|Sludge Bomb|p2a: Kommo-o\n|-damage|p2a: Kommo-o|32\/100 brn\n|move|p2b: Hippowdon|Heavy Slam|p1b: Landorus\n|-damage|p1b: Landorus|37\/100\n|\n|-heal|p2a: Kommo-o|38\/100 brn|[from] item: Leftovers\n|-damage|p2a: Kommo-o|32\/100 brn|[from] brn\n|-damage|p2b: Hippowdon|13\/100 brn|[from] brn\n|upkeep\n|turn|7\n|inactive|MurphyTheMut has 30 seconds left.\n|inactive|MurphyTheMut has 20 seconds left.\n|\n|t:|1699914169\n|move|p2a: Kommo-o|Protect|p2a: Kommo-o\n|-singleturn|p2a: Kommo-o|Protect\n|move|p1b: Landorus|Stomping Tantrum|p2b: Hippowdon\n|-damage|p2b: Hippowdon|0 fnt\n|faint|p2b: Hippowdon\n|move|p1a: Weezing|Sludge Bomb|p2a: Kommo-o\n|-activate|p2a: Kommo-o|move: Protect\n|\n|-heal|p2a: Kommo-o|38\/100 brn|[from] item: Leftovers\n|-damage|p2a: Kommo-o|32\/100 brn|[from] brn\n|upkeep\n|\n|t:|1699914179\n|switch|p2b: Flutter Mane|Flutter Mane, L50|100\/100\n|turn|8\n|inactive|MurphyTheMut has 30 seconds left.\n|inactive|MurphyTheMut has 20 seconds left.\n|inactive|MurphyTheMut has 15 seconds left.\n|\n|t:|1699914221\n|move|p1b: Landorus|Stomping Tantrum|p2b: Flutter Mane\n|-damage|p2b: Flutter Mane|31\/100\n|move|p2b: Flutter Mane|Shadow Ball|p1b: Landorus\n|-damage|p1b: Landorus|0 fnt\n|faint|p1b: Landorus\n|move|p2a: Kommo-o|Iron Head|p1a: Weezing\n|-damage|p1a: Weezing|45\/100\n|move|p1a: Weezing|Sludge Bomb|p2b: Flutter Mane\n|-damage|p2b: Flutter Mane|6\/100\n|\n|-heal|p2a: Kommo-o|38\/100 brn|[from] item: Leftovers\n|-damage|p2a: Kommo-o|32\/100 brn|[from] brn\n|upkeep\n|turn|9\n|inactive|MurphyTheMut has 30 seconds left.\n|\n|t:|1699914246\n|move|p2b: Flutter Mane|Shadow Ball|p1a: Weezing\n|-supereffective|p1a: Weezing\n|-damage|p1a: Weezing|0 fnt\n|faint|p1a: Weezing\n|-end|p1a: Weezing|ability: Neutralizing Gas\n|\n|win|MurphyTheMut\n|raw|sb203's rating: 1226 &rarr; <strong>1199<\/strong><br \/>(-27 for losing)\n|raw|MurphyTheMut's rating: 1205 &rarr; <strong>1232<\/strong><br \/>(+27 for winning)\n|c|\u2606MurphyTheMut|gg\n|c|\u2606sb203|Gg\n","uploadtime":1699914283,"views":27,"p1id":"sb203","p2id":"murphythemut","formatid":"gen9vgc2023regulatione","rating":1199,"private":0,"password":""}