{"id":"gen9vgc2023regulatione-1988644030","p1":"VeeGey","p2":"palkia<salamance","format":"[Gen 9] VGC 2023 Regulation E","log":"|j|\u2606VeeGey\n|j|\u2606palkia<salamance\n|t:|1699745523\n|gametype|doubles\n|player|p1|VeeGey|crasherwake|1197\n|player|p2|palkia<salamance|265|1251\n|teamsize|p1|6\n|teamsize|p2|6\n|gen|9\n|tier|[Gen 9] VGC 2023 Regulation E\n|rated|\n|rule|Species Clause: Limit one of each Pok\u00e9mon\n|rule|Item Clause: Limit one of each item\n|clearpoke\n|poke|p1|Okidogi, L50, M|\n|poke|p1|Mightyena, L50, F|\n|poke|p1|Sinistcha, L50|\n|poke|p1|Iron Bundle, L50|\n|poke|p1|Enamorus, L50, F|\n|poke|p1|Zapdos, L50|\n|poke|p2|Ursaluna-Bloodmoon, L50, M|\n|poke|p2|Cresselia, L50, F|\n|poke|p2|Flutter Mane, L50|\n|poke|p2|Iron Hands, L50|\n|poke|p2|Arcanine, L50, M|\n|poke|p2|Amoonguss, L50, M|\n|teampreview|4\n|inactive|Battle timer is ON: inactive players will automatically lose when time's up. (requested by VeeGey)\n|inactive|VeeGey has 60 seconds left.\n|\n|t:|1699745572\n|start\n|switch|p1a: Zapdos|Zapdos, L50|100\/100\n|switch|p1b: Iron Bundle|Iron Bundle, L50|100\/100\n|switch|p2a: Ursaluna|Ursaluna-Bloodmoon, L50, M|100\/100\n|switch|p2b: Cresselia|Cresselia, L50, F|100\/100\n|-enditem|p1b: Iron Bundle|Booster Energy\n|-activate|p1b: Iron Bundle|ability: Quark Drive|[fromitem]\n|-start|p1b: Iron Bundle|quarkdrivespa\n|turn|1\n|\n|t:|1699745586\n|-terastallize|p2a: Ursaluna|Water\n|move|p1b: Iron Bundle|Hydro Pump|p2a: Ursaluna\n|-resisted|p2a: Ursaluna\n|-damage|p2a: Ursaluna|56\/100\n|move|p1a: Zapdos|Thunder Wave|p2b: Cresselia\n|-status|p2b: Cresselia|par\n|move|p2a: Ursaluna|Hyper Voice|p1b: Iron Bundle|[spread] p1a,p1b\n|-damage|p1a: Zapdos|69\/100\n|-damage|p1b: Iron Bundle|20\/100\n|-enditem|p2a: Ursaluna|Throat Spray\n|-boost|p2a: Ursaluna|spa|1|[from] item: Throat Spray\n|cant|p2b: Cresselia|par\n|\n|upkeep\n|turn|2\n|\n|t:|1699745603\n|move|p2a: Ursaluna|Protect|p2a: Ursaluna\n|-singleturn|p2a: Ursaluna|Protect\n|move|p1b: Iron Bundle|Freeze-Dry|p2a: Ursaluna\n|-activate|p2a: Ursaluna|move: Protect\n|move|p1a: Zapdos|Thunderbolt|p2b: Cresselia\n|-damage|p2b: Cresselia|71\/100 par\n|move|p2b: Cresselia|Trick Room|p2b: Cresselia\n|-fieldstart|move: Trick Room|[of] p2b: Cresselia\n|\n|upkeep\n|turn|3\n|inactive|palkia<salamance has 30 seconds left.\n|inactive|palkia<salamance has 20 seconds left.\n|\n|t:|1699745638\n|-terastallize|p1a: Zapdos|Steel\n|move|p1b: Iron Bundle|Protect|p1b: Iron Bundle\n|-singleturn|p1b: Iron Bundle|Protect\n|move|p2a: Ursaluna|Hyper Voice|p1b: Iron Bundle|[spread] p1a\n|-activate|p1b: Iron Bundle|move: Protect\n|-resisted|p1a: Zapdos\n|-damage|p1a: Zapdos|44\/100\n|move|p2b: Cresselia|Lunar Blessing|p2b: Cresselia|[spread] p2a,p2b\n|-heal|p2a: Ursaluna|80\/100\n|-heal|p2b: Cresselia|97\/100 par\n|-curestatus|p2b: Cresselia|par|[msg]\n|move|p1a: Zapdos|Thunderbolt|p2a: Ursaluna\n|-supereffective|p2a: Ursaluna\n|-damage|p2a: Ursaluna|0 fnt\n|faint|p2a: Ursaluna\n|\n|upkeep\n|\n|t:|1699745653\n|switch|p2a: Arcanine|Arcanine, L50, M|100\/100\n|-ability|p2a: Arcanine|Intimidate|boost\n|-unboost|p1a: Zapdos|atk|1\n|-unboost|p1b: Iron Bundle|atk|1\n|turn|4\n|\n|t:|1699745671\n|move|p2b: Cresselia|Dazzling Gleam|p1b: Iron Bundle|[spread] p1a,p1b\n|-resisted|p1a: Zapdos\n|-damage|p1a: Zapdos|40\/100\n|-damage|p1b: Iron Bundle|0 fnt\n|faint|p1b: Iron Bundle\n|-end|p1b: Iron Bundle|Quark Drive|[silent]\n|move|p1a: Zapdos|Thunderbolt|p2a: Arcanine\n|-damage|p2a: Arcanine|44\/100\n|move|p2a: Arcanine|Snarl|p1a: Zapdos\n|-damage|p1a: Zapdos|31\/100\n|-unboost|p1a: Zapdos|spa|1\n|\n|upkeep\n|inactive|VeeGey has 30 seconds left.\n|\n|t:|1699745697\n|switch|p1b: Sinistcha|Sinistcha, L50|100\/100\n|-heal|p1a: Zapdos|55\/100|[from] ability: Hospitality|[of] p1b: Sinistcha\n|turn|5\n|\n|t:|1699745710\n|move|p2b: Cresselia|Lunar Blessing|p2b: Cresselia|[spread] p2a,p2b\n|-heal|p2a: Arcanine|69\/100\n|-heal|p2b: Cresselia|100\/100\n|move|p1a: Zapdos|Thunderbolt|p2a: Arcanine\n|-damage|p2a: Arcanine|30\/100\n|move|p2a: Arcanine|Flare Blitz|p1b: Sinistcha\n|-supereffective|p1b: Sinistcha\n|-damage|p1b: Sinistcha|0 fnt\n|faint|p1b: Sinistcha\n|-damage|p2a: Arcanine|0 fnt|[from] Recoil\n|faint|p2a: Arcanine\n|\n|upkeep\n|\n|t:|1699745720\n|switch|p1b: Okidogi|Okidogi, L50, M|100\/100\n|switch|p2a: Flutter Mane|Flutter Mane, L50|100\/100\n|-enditem|p2a: Flutter Mane|Booster Energy\n|-activate|p2a: Flutter Mane|ability: Protosynthesis|[fromitem]\n|-start|p2a: Flutter Mane|protosynthesisspe\n|turn|6\n|\n|t:|1699745737\n|move|p2a: Flutter Mane|Protect|p2a: Flutter Mane\n|-singleturn|p2a: Flutter Mane|Protect\n|move|p1b: Okidogi|Iron Head|p2a: Flutter Mane\n|-activate|p2a: Flutter Mane|move: Protect\n|move|p2b: Cresselia|Dazzling Gleam|p1b: Okidogi|[spread] p1a,p1b\n|-resisted|p1a: Zapdos\n|-crit|p1b: Okidogi\n|-damage|p1a: Zapdos|51\/100\n|-damage|p1b: Okidogi|91\/100\n|move|p1a: Zapdos|Thunder Wave|p2a: Flutter Mane\n|-activate|p2a: Flutter Mane|move: Protect\n|\n|-fieldend|move: Trick Room\n|upkeep\n|turn|7\n|inactive|palkia<salamance has 30 seconds left.\n|inactive|palkia<salamance has 20 seconds left.\n|\n|t:|1699745774\n|move|p2b: Cresselia|Helping Hand|p2a: Flutter Mane\n|-singleturn|p2a: Flutter Mane|Helping Hand|[of] p2b: Cresselia\n|move|p2a: Flutter Mane|Moonblast|p1b: Okidogi\n|-damage|p1b: Okidogi|40\/100\n|-unboost|p1b: Okidogi|spa|1\n|move|p1a: Zapdos|Thunder Wave|p2a: Flutter Mane\n|-status|p2a: Flutter Mane|par\n|move|p1b: Okidogi|Iron Head|p2a: Flutter Mane\n|-supereffective|p2a: Flutter Mane\n|-damage|p2a: Flutter Mane|23\/100 par\n|\n|upkeep\n|turn|8\n|\n|t:|1699745796\n|cant|p2a: Flutter Mane|par\n|move|p1a: Zapdos|Thunder Wave|p2b: Cresselia|[miss]\n|-miss|p1a: Zapdos|p2b: Cresselia\n|move|p2b: Cresselia|Lunar Blessing|p2b: Cresselia|[spread] p2a,p2b\n|-heal|p2a: Flutter Mane|47\/100 par\n|-curestatus|p2a: Flutter Mane|par|[msg]\n|move|p1b: Okidogi|Iron Head|p2a: Flutter Mane\n|-supereffective|p2a: Flutter Mane\n|-damage|p2a: Flutter Mane|0 fnt\n|faint|p2a: Flutter Mane\n|-end|p2a: Flutter Mane|Protosynthesis|[silent]\n|\n|upkeep\n|turn|9\n|l|\u2606palkia<salamance\n|inactive|palkia<salamance disconnected and has a minute to reconnect!\n|player|p2|\n|inactive|palkia<salamance has 30 seconds left.\n|c|\u2606VeeGey|Come baaack\n|inactive|palkia<salamance has 20 seconds left.\n|inactive|palkia<salamance has 15 seconds left.\n|inactive|palkia<salamance has 10 seconds left.\n|inactive|palkia<salamance has 5 seconds left.\n|-message|palkia<salamance lost due to inactivity.\n|\n|win|VeeGey\n|raw|VeeGey's rating: 1197 &rarr; <strong>1226<\/strong><br \/>(+29 for winning)\n|raw|palkia&lt;salamance's rating: 1251 &rarr; <strong>1222<\/strong><br \/>(-29 for losing)\n","uploadtime":1699745857,"views":14,"p1id":"veegey","p2id":"palkiasalamance","formatid":"gen9vgc2023regulatione","rating":1222,"private":0,"password":""}