{"id":"gen9vgc2023regulatione-1998017159","p1":"maybecursed","p2":"neusrel","format":"[Gen 9] VGC 2023 Regulation E","log":"|j|\u2606maybecursed\n|j|\u2606neusrel\n|n|\u2606maybecursed|maybecursed\n|n|\u2606neusrel|neusrel\n|html|View the match progress at <a href=\"\/game-bestof3-gen9vgc2023regulatione-1998017158\">game-bestof3-gen9vgc2023regulatione-1998017158<\/a>\n|t:|1700879458\n|gametype|doubles\n|player|p1|maybecursed|backpacker|\n|player|p2|neusrel|red|\n|teamsize|p1|6\n|teamsize|p2|6\n|gen|9\n|tier|[Gen 9] VGC 2023 Regulation E\n|rule|Species Clause: Limit one of each Pok\u00e9mon\n|rule|Item Clause: Limit one of each item\n|clearpoke\n|poke|p1|Roaring Moon, L50|\n|poke|p1|Ninetales-Alola, L50, M|\n|poke|p1|Landorus-Therian, L50, M|\n|poke|p1|Iron Hands, L50|\n|poke|p1|Milotic, L50, M|\n|poke|p1|Ogerpon-Hearthflame, L50, F|\n|poke|p2|Urshifu-*, L50, M|\n|poke|p2|Dragapult, L50, M|\n|poke|p2|Chi-Yu, L50|\n|poke|p2|Ogerpon-Wellspring, L50, F|\n|poke|p2|Indeedee-F, L50, F|\n|poke|p2|Tornadus, L50, M|\n|teampreview|4\nmaybecursed has agreed to open team sheets.\n|c|\u2606maybecursed|open?\nneusrel has agreed to open team sheets.\n|showteam|p1|Roaring Moon||BoosterEnergy|Protosynthesis|Acrobatics,KnockOff,DragonDance,Protect||||||50|,,,,,Flying]Ninetales-Alola||LightClay|SnowWarning|Blizzard,Moonblast,AuroraVeil,Protect|||M|||50|,,,,,Ghost]Landorus-Therian||ChoiceScarf|Intimidate|TeraBlast,StompingTantrum,RockSlide,Uturn|||M|||50|,,,,,Flying]Iron Hands||AssaultVest|QuarkDrive|FakeOut,WildCharge,DrainPunch,HeavySlam||||||50|,,,,,Grass]Milotic||SitrusBerry|Competitive|Scald,Recover,IcyWind,Protect|||M|||50|,,,,,Grass]Ogerpon-Hearthflame||HearthflameMask|MoldBreaker|IvyCudgel,WoodHammer,FollowMe,SpikyShield|||F|||50|,,,,,Fire\n|showteam|p2|Urshifu-Rapid-Strike||ChoiceScarf|UnseenFist|SurgingStrikes,CloseCombat,AquaJet,Uturn|||M|||50|,,,,,Poison]Dragapult||FocusSash|ClearBody|ShadowBall,DracoMeteor,WillOWisp,Protect|||M|||50|,,,,,Steel]Chi-Yu||LifeOrb|BeadsofRuin|HeatWave,Overheat,Snarl,Protect||||||50|,,,,,Fire]Ogerpon-Wellspring||WellspringMask|WaterAbsorb|IvyCudgel,HornLeech,SwordsDance,SpikyShield|||F|||50|,,,,,Water]Indeedee-F||PsychicSeed|PsychicSurge|FollowMe,Protect,Psychic,HelpingHand|||F|||50|,,,,,Dragon]Tornadus||SafetyGoggles|Prankster|BleakwindStorm,Tailwind,RainDance,Protect|||M|||50|,,,,,Ghost\n|c|\u2606neusrel|Sorry\n|\n|t:|1700879598\n|start\n|switch|p1a: Iron Hands|Iron Hands, L50|100\/100\n|switch|p1b: Ninetales|Ninetales-Alola, L50, M|100\/100\n|switch|p2a: Tornadus|Tornadus, L50, M|100\/100\n|switch|p2b: Urshifu|Urshifu-Rapid-Strike, L50, M|100\/100\n|-weather|Snow|[from] ability: Snow Warning|[of] p1b: Ninetales\n|turn|1\n|inactive|Battle timer is ON: inactive players will automatically lose when time's up. (requested by maybecursed)\n|\n|t:|1700879621\n|-terastallize|p2b: Urshifu|Poison\n|move|p1a: Iron Hands|Fake Out|p2b: Urshifu\n|-damage|p2b: Urshifu|84\/100\n|move|p2a: Tornadus|Rain Dance|p2a: Tornadus\n|-weather|RainDance\n|cant|p2b: Urshifu|flinch\n|move|p1b: Ninetales|Aurora Veil||[still]\n|-fail|p1b: Ninetales\n|\n|-weather|RainDance|[upkeep]\n|upkeep\n|turn|2\n|j| 1BRe0N\n|inactive|maybecursed has 30 seconds left.\n|\n|t:|1700879646\n|move|p2b: Urshifu|Surging Strikes|p1b: Ninetales\n|-crit|p1b: Ninetales\n|-damage|p1b: Ninetales|60\/100\n|-crit|p1b: Ninetales\n|-damage|p1b: Ninetales|22\/100\n|-crit|p1b: Ninetales\n|-damage|p1b: Ninetales|0 fnt\n|faint|p1b: Ninetales\n|-hitcount|p1: Ninetales|3\n|move|p2a: Tornadus|Bleakwind Storm|p1a: Iron Hands\n|-damage|p1a: Iron Hands|80\/100\n|move|p1a: Iron Hands|Wild Charge|p2a: Tornadus\n|-supereffective|p2a: Tornadus\n|-damage|p2a: Tornadus|0 fnt\n|faint|p2a: Tornadus\n|-damage|p1a: Iron Hands|62\/100|[from] Recoil\n|\n|-weather|RainDance|[upkeep]\n|upkeep\n|inactive|neusrel has 30 seconds left.\n|\n|t:|1700879671\n|switch|p1b: Milotic|Milotic, L50, M|100\/100\n|switch|p2a: Dragapult|Dragapult, L50, M|100\/100\n|turn|3\n|inactive|neusrel has 30 seconds left.\n|\n|t:|1700879700\n|-terastallize|p1b: Milotic|Grass\n|move|p2b: Urshifu|Surging Strikes|p1a: Iron Hands\n|-crit|p1a: Iron Hands\n|-damage|p1a: Iron Hands|36\/100\n|-crit|p1a: Iron Hands\n|-damage|p1a: Iron Hands|13\/100\n|-crit|p1a: Iron Hands\n|-damage|p1a: Iron Hands|0 fnt\n|faint|p1a: Iron Hands\n|-end|p1a: Iron Hands|Quark Drive|[silent]\n|-hitcount|p1: Iron Hands|3\n|move|p2a: Dragapult|Will-O-Wisp|p1b: Milotic\n|-status|p1b: Milotic|brn\n|move|p1b: Milotic|Icy Wind|p2a: Dragapult|[spread] p2b\n|-miss|p1b: Milotic|p2a: Dragapult\n|-damage|p2b: Urshifu|68\/100\n|-unboost|p2b: Urshifu|spe|1\n|\n|-weather|RainDance|[upkeep]\n|-damage|p1b: Milotic|94\/100 brn|[from] brn\n|upkeep\n|\n|t:|1700879707\n|switch|p1a: Roaring Moon|Roaring Moon, L50|100\/100\n|-enditem|p1a: Roaring Moon|Booster Energy\n|-activate|p1a: Roaring Moon|ability: Protosynthesis|[fromitem]\n|-start|p1a: Roaring Moon|protosynthesisatk\n|turn|4\n|inactive|maybecursed has 30 seconds left.\n|inactive|neusrel has 30 seconds left.\n|inactive|maybecursed has 20 seconds left.\n|\n|t:|1700879744\n|move|p2a: Dragapult|Draco Meteor|p1a: Roaring Moon\n|-supereffective|p1a: Roaring Moon\n|-damage|p1a: Roaring Moon|4\/100\n|-unboost|p2a: Dragapult|spa|2\n|move|p1a: Roaring Moon|Acrobatics|p2b: Urshifu\n|-damage|p2b: Urshifu|21\/100\n|move|p2b: Urshifu|Surging Strikes|p1a: Roaring Moon\n|-resisted|p1a: Roaring Moon\n|-crit|p1a: Roaring Moon\n|-damage|p1a: Roaring Moon|0 fnt\n|faint|p1a: Roaring Moon\n|-end|p1a: Roaring Moon|Protosynthesis|[silent]\n|-hitcount|p1: Roaring Moon|1\n|move|p1b: Milotic|Scald|p2a: Dragapult\n|-resisted|p2a: Dragapult\n|-damage|p2a: Dragapult|67\/100\n|\n|-weather|RainDance|[upkeep]\n|-damage|p1b: Milotic|88\/100 brn|[from] brn\n|upkeep\n|turn|5\n|inactive|neusrel has 30 seconds left.\n|\n|t:|1700879770\n|move|p2a: Dragapult|Draco Meteor|p1b: Milotic\n|-damage|p1b: Milotic|68\/100 brn\n|-unboost|p2a: Dragapult|spa|2\n|move|p2b: Urshifu|Surging Strikes|p1b: Milotic\n|-resisted|p1b: Milotic\n|-crit|p1b: Milotic\n|-damage|p1b: Milotic|52\/100 brn\n|-resisted|p1b: Milotic\n|-crit|p1b: Milotic\n|-damage|p1b: Milotic|36\/100 brn\n|-enditem|p1b: Milotic|Sitrus Berry|[eat]\n|-heal|p1b: Milotic|61\/100 brn|[from] item: Sitrus Berry\n|-resisted|p1b: Milotic\n|-crit|p1b: Milotic\n|-damage|p1b: Milotic|47\/100 brn\n|-hitcount|p1b: Milotic|3\n|move|p1b: Milotic|Scald|p2b: Urshifu\n|-damage|p2b: Urshifu|0 fnt\n|faint|p2b: Urshifu\n|\n|-weather|none\n|-damage|p1b: Milotic|41\/100 brn|[from] brn\n|upkeep\n|\n|t:|1700879791\n|switch|p2b: Ogerpon|Ogerpon-Wellspring, L50, F|100\/100\n|turn|6\n|\n|t:|1700879815\n|move|p2a: Dragapult|Draco Meteor|p1b: Milotic\n|-damage|p1b: Milotic|28\/100 brn\n|-unboost|p2a: Dragapult|spa|2\n|move|p2b: Ogerpon|Swords Dance|p2b: Ogerpon\n|-boost|p2b: Ogerpon|atk|2\n|move|p1b: Milotic|Recover|p1b: Milotic\n|-heal|p1b: Milotic|78\/100 brn\n|\n|-damage|p1b: Milotic|71\/100 brn|[from] brn\n|upkeep\n|turn|7\n|\n|t:|1700879832\n|move|p2a: Dragapult|Shadow Ball|p1b: Milotic\n|-damage|p1b: Milotic|64\/100 brn\n|-unboost|p1b: Milotic|spd|1\n|-ability|p1b: Milotic|Competitive|boost\n|-boost|p1b: Milotic|spa|2\n|move|p2b: Ogerpon|Ivy Cudgel|p1b: Milotic|[anim] Ivy Cudgel Water\n|-resisted|p1b: Milotic\n|-damage|p1b: Milotic|15\/100 brn\n|move|p1b: Milotic|Icy Wind|p2b: Ogerpon|[spread] p2a\n|-miss|p1b: Milotic|p2b: Ogerpon\n|-supereffective|p2a: Dragapult\n|-damage|p2a: Dragapult|9\/100\n|\n|-damage|p1b: Milotic|9\/100 brn|[from] brn\n|upkeep\n|turn|8\n|\n|t:|1700879850\n|move|p2a: Dragapult|Shadow Ball|p1b: Milotic\n|-damage|p1b: Milotic|0 fnt\n|faint|p1b: Milotic\n|\n|win|neusrel\n|c|&|\/uhtml prompt-maybecursed,maybecursed is ready for game 2!\n|c|&|\/uhtml prompt-maybecursed,maybecursed is ready for game 2!\n|inactive|neusrel has 50 seconds to confirm battle start!\n|c|&|\/uhtml prompt-neusrel,neusrel is ready for game 2!\nBoth players are ready! Starting next match!\n|l| 1BRe0N\n|l|\u2606maybecursed\n","uploadtime":1700880224,"views":2,"p1id":"maybecursed","p2id":"neusrel","formatid":"gen9vgc2023regulatione","rating":0,"private":0,"password":""}