{"id":"gen9vgc2023regulatione-1998689837","p1":"Buffboiland27pow","p2":"Jecovah","format":"[Gen 9] VGC 2023 Regulation E","log":"|j|\u2606Buffboiland27pow\n|j|\u2606Jecovah\n|t:|1700972962\n|gametype|doubles\n|player|p1|Buffboiland27pow|lucas|1000\n|player|p2|Jecovah|clair|1000\n|teamsize|p1|6\n|teamsize|p2|6\n|gen|9\n|tier|[Gen 9] VGC 2023 Regulation E\n|rated|\n|rule|Species Clause: Limit one of each Pok\u00e9mon\n|rule|Item Clause: Limit one of each item\n|clearpoke\n|poke|p1|Pawmot, L50, M|\n|poke|p1|Sinistcha-Masterpiece, L50|\n|poke|p1|Ting-Lu, L50|\n|poke|p1|Arcanine-Hisui, L50, F|\n|poke|p1|Flutter Mane, L50|\n|poke|p1|Appletun, L50, M|\n|poke|p2|Vaporeon, L50, M|\n|poke|p2|Gliscor, L50, M|\n|poke|p2|Maushold, L50|\n|poke|p2|Kingambit, L50, M|\n|poke|p2|Chien-Pao, L50|\n|poke|p2|Amoonguss, L50, F|\n|teampreview|4\n|inactive|Battle timer is ON: inactive players will automatically lose when time's up. (requested by Buffboiland27pow)\n|inactive|Jecovah has 60 seconds left.\n|inactive|Jecovah has 30 seconds left.\n|inactive|Jecovah has 20 seconds left.\n|\n|t:|1700973057\n|start\n|switch|p1a: Premium|Appletun, L50, M|100\/100\n|switch|p1b: Lock|Arcanine-Hisui, L50, F, shiny|100\/100\n|switch|p2a: Gliscor|Gliscor, L50, M|100\/100\n|switch|p2b: Kingambit|Kingambit, L50, M|100\/100\n|-ability|p1b: Lock|Intimidate|boost\n|-unboost|p2a: Gliscor|atk|1\n|-unboost|p2b: Kingambit|atk|1\n|-ability|p2b: Kingambit|Defiant|boost\n|-boost|p2b: Kingambit|atk|2\n|turn|1\n|\n|t:|1700973081\n|move|p2b: Kingambit|Protect|p2b: Kingambit\n|-singleturn|p2b: Kingambit|Protect\n|move|p1b: Lock|Rock Slide|p2b: Kingambit|[spread] p2a\n|-activate|p2b: Kingambit|move: Protect\n|-damage|p2a: Gliscor|75\/100\n|cant|p2a: Gliscor|flinch\n|move|p1a: Premium|Reflect|p1a: Premium\n|-sidestart|p1: Buffboiland27pow|Reflect\n|\n|-status|p2a: Gliscor|tox|[from] item: Toxic Orb\n|upkeep\n|turn|2\n|inactive|Jecovah has 30 seconds left.\n|\n|t:|1700973110\n|switch|p2b: Vaporeon|Vaporeon, L50, M|100\/100\n|move|p1a: Premium|Helping Hand|p1b: Lock\n|-singleturn|p1b: Lock|Helping Hand|[of] p1a: Premium\n|move|p1b: Lock|Rock Slide|p2b: Vaporeon|[spread] p2a\n|-miss|p1b: Lock|p2b: Vaporeon\n|-damage|p2a: Gliscor|37\/100 tox\n|cant|p2a: Gliscor|flinch\n|\n|-heal|p2a: Gliscor|49\/100 tox|[from] ability: Poison Heal\n|upkeep\n|turn|3\n|inactive|Buffboiland27pow has 30 seconds left.\n|\n|t:|1700973141\n|move|p1b: Lock|Rock Slide|p2a: Gliscor|[spread] p2a,p2b\n|-damage|p2a: Gliscor|26\/100 tox\n|-damage|p2b: Vaporeon|72\/100\n|move|p2a: Gliscor|Substitute|p2a: Gliscor\n|-start|p2a: Gliscor|Substitute\n|-damage|p2a: Gliscor|2\/100 tox\n|move|p2b: Vaporeon|Scald|p1b: Lock\n|-supereffective|p1b: Lock\n|-damage|p1b: Lock|0 fnt\n|faint|p1b: Lock\n|move|p1a: Premium|Light Screen|p1a: Premium\n|-sidestart|p1: Buffboiland27pow|move: Light Screen\n|\n|-heal|p2b: Vaporeon|78\/100|[from] item: Leftovers\n|-heal|p2a: Gliscor|14\/100 tox|[from] ability: Poison Heal\n|upkeep\n|\n|t:|1700973157\n|switch|p1b: Whyswoop|Flutter Mane, L50|100\/100\n|turn|4\n|\n|t:|1700973174\n|move|p1b: Whyswoop|Protect|p1b: Whyswoop\n|-singleturn|p1b: Whyswoop|Protect\n|move|p2b: Vaporeon|Protect|p2b: Vaporeon\n|-singleturn|p2b: Vaporeon|Protect\n|move|p2a: Gliscor|Toxic|p1b: Whyswoop\n|-activate|p1b: Whyswoop|move: Protect\n|move|p1a: Premium|Gyro Ball|p2a: Gliscor\n|-activate|p2a: Gliscor|move: Substitute|[damage]\n|\n|-heal|p2b: Vaporeon|84\/100|[from] item: Leftovers\n|-heal|p2a: Gliscor|26\/100 tox|[from] ability: Poison Heal\n|upkeep\n|turn|5\n|inactive|Buffboiland27pow has 30 seconds left.\n|inactive|Jecovah has 30 seconds left.\n|\n|t:|1700973206\n|-terastallize|p1a: Premium|Steel\n|move|p1b: Whyswoop|Icy Wind|p2b: Vaporeon|[spread] p2a,p2b\n|-supereffective|p2a: Gliscor\n|-end|p2a: Gliscor|Substitute\n|-resisted|p2b: Vaporeon\n|-damage|p2b: Vaporeon|78\/100\n|-unboost|p2b: Vaporeon|spe|1\n|move|p2a: Gliscor|Toxic|p1b: Whyswoop\n|-status|p1b: Whyswoop|tox\n|move|p2b: Vaporeon|Wish|p2b: Vaporeon\n|move|p1a: Premium|Gyro Ball|p2a: Gliscor\n|-damage|p2a: Gliscor|2\/100 tox\n|\n|-heal|p2b: Vaporeon|84\/100|[from] item: Leftovers\n|-damage|p1b: Whyswoop|94\/100 tox|[from] psn\n|-heal|p2a: Gliscor|14\/100 tox|[from] ability: Poison Heal\n|-sideend|p1: Buffboiland27pow|Reflect\n|upkeep\n|turn|6\n|inactive|Buffboiland27pow has 30 seconds left.\n|inactive|Jecovah has 30 seconds left.\n|inactive|Buffboiland27pow has 20 seconds left.\n|inactive|Jecovah has 20 seconds left.\n|inactive|Buffboiland27pow has 15 seconds left.\n|inactive|Jecovah has 15 seconds left.\n|inactive|Buffboiland27pow has 10 seconds left.\n|\n|t:|1700973254\n|switch|p2a: Maushold|Maushold, L50|100\/100\n|move|p1b: Whyswoop|Shadow Ball|p2b: Vaporeon\n|-damage|p2b: Vaporeon|49\/100\n|-unboost|p2b: Vaporeon|spd|1\n|move|p2b: Vaporeon|Scald|p1a: Premium\n|-damage|p1a: Premium|84\/100\n|-status|p1a: Premium|brn\n|move|p1a: Premium|Gyro Ball|p2a: Maushold\n|-damage|p2a: Maushold|64\/100\n|\n|-heal|p2b: Vaporeon|98\/100|[from] move: Wish|[wisher] Vaporeon\n|-heal|p2b: Vaporeon|100\/100|[from] item: Leftovers\n|-damage|p1b: Whyswoop|82\/100 tox|[from] psn\n|-damage|p1a: Premium|78\/100 brn|[from] brn\n|upkeep\n|turn|7\n|inactive|Jecovah has 30 seconds left.\n|inactive|Jecovah has 20 seconds left.\n|\n|t:|1700973293\n|move|p2b: Vaporeon|Helping Hand|p2a: Maushold\n|-singleturn|p2a: Maushold|Helping Hand|[of] p2b: Vaporeon\n|move|p1a: Premium|Helping Hand|p1b: Whyswoop\n|-singleturn|p1b: Whyswoop|Helping Hand|[of] p1a: Premium\n|move|p1b: Whyswoop|Dazzling Gleam|p2a: Maushold|[spread] p2a,p2b\n|-damage|p2a: Maushold|0 fnt\n|-damage|p2b: Vaporeon|32\/100\n|faint|p2a: Maushold\n|\n|-heal|p2b: Vaporeon|38\/100|[from] item: Leftovers\n|-damage|p1b: Whyswoop|64\/100 tox|[from] psn\n|-damage|p1a: Premium|72\/100 brn|[from] brn\n|-sideend|p1: Buffboiland27pow|move: Light Screen\n|upkeep\n|\n|t:|1700973314\n|switch|p2a: Gliscor|Gliscor, L50, M|14\/100 tox\n|turn|8\n|\n|t:|1700973333\n|move|p1b: Whyswoop|Shadow Ball|p2b: Vaporeon\n|-damage|p2b: Vaporeon|0 fnt\n|faint|p2b: Vaporeon\n|move|p2a: Gliscor|Substitute|p2a: Gliscor\n|-fail|p2a: Gliscor|move: Substitute|[weak]\n|move|p1a: Premium|Gyro Ball|p2a: Gliscor\n|-damage|p2a: Gliscor|4\/100 tox\n|\n|-damage|p1b: Whyswoop|39\/100 tox|[from] psn\n|-heal|p2a: Gliscor|16\/100 tox|[from] ability: Poison Heal\n|-damage|p1a: Premium|66\/100 brn|[from] brn\n|upkeep\n|\n|t:|1700973344\n|switch|p2b: Kingambit|Kingambit, L50, M|100\/100\n|turn|9\n|\n|t:|1700973363\n|move|p1a: Premium|Helping Hand|p1b: Whyswoop\n|-singleturn|p1b: Whyswoop|Helping Hand|[of] p1a: Premium\n|move|p1b: Whyswoop|Dazzling Gleam|p2b: Kingambit|[spread] p2a,p2b\n|-damage|p2a: Gliscor|0 fnt\n|-damage|p2b: Kingambit|41\/100\n|faint|p2a: Gliscor\n|move|p2b: Kingambit|Swords Dance|p2b: Kingambit\n|-boost|p2b: Kingambit|atk|2\n|\n|-damage|p1b: Whyswoop|9\/100 tox|[from] psn\n|-damage|p1a: Premium|60\/100 brn|[from] brn\n|upkeep\n|turn|10\n|\n|t:|1700973386\n|move|p1b: Whyswoop|Dazzling Gleam|p2b: Kingambit\n|-damage|p2b: Kingambit|0 fnt\n|faint|p2b: Kingambit\n|\n|win|Buffboiland27pow\n|raw|Buffboiland27pow's rating: 1000 &rarr; <strong>1040<\/strong><br \/>(+40 for winning)\n|raw|Jecovah's rating: 1000 &rarr; <strong>1000<\/strong><br \/>(+0 for losing)\n|l|\u2606Jecovah\n","uploadtime":1700973396,"views":2,"p1id":"buffboiland27pow","p2id":"jecovah","formatid":"gen9vgc2023regulatione","rating":1000,"private":0,"password":""}