{"id":"gen9vgc2023regulatione-1992766100","p1":"realrightchris","p2":"Arns","format":"[Gen 9] VGC 2023 Regulation E","log":"|j|\u2606realrightchris\n|j|\u2606Arns\n|t:|1700233538\n|gametype|doubles\n|player|p1|realrightchris|norman|\n|player|p2|Arns|170|\n|teamsize|p1|6\n|teamsize|p2|6\n|gen|9\n|tier|[Gen 9] VGC 2023 Regulation E\n|rule|Species Clause: Limit one of each Pok\u00e9mon\n|rule|Item Clause: Limit one of each item\n|clearpoke\n|poke|p1|Landorus-Therian, L50, M|\n|poke|p1|Flutter Mane, L50|\n|poke|p1|Thundurus, L50, M|\n|poke|p1|Ogerpon-Wellspring, L50, F|\n|poke|p1|Cresselia, L50, F|\n|poke|p1|Heatran, L50, F|\n|poke|p2|Avalugg-Hisui, L50, M|\n|poke|p2|Annihilape, L50, M|\n|poke|p2|Arboliva, L50, M|\n|poke|p2|Ampharos, L50, M|\n|poke|p2|Articuno-Galar, L50|\n|poke|p2|Arcanine-Hisui, L50, F|\n|teampreview|4\n|inactive|Battle timer is ON: inactive players will automatically lose when time's up. (requested by realrightchris)\n|\n|t:|1700233586\n|start\n|switch|p1a: Thundurus|Thundurus, L50, M, shiny|100\/100\n|switch|p1b: Flutter Mane|Flutter Mane, L50|100\/100\n|switch|p2a: Arcanine|Arcanine-Hisui, L50, F|100\/100\n|switch|p2b: Annihilape|Annihilape, L50, M|100\/100\n|turn|1\n|inactive|realrightchris has 30 seconds left.\n|\n|t:|1700233617\n|move|p1a: Thundurus|Thunder Wave|p2a: Arcanine\n|-status|p2a: Arcanine|par\n|move|p1b: Flutter Mane|Shadow Ball|p2b: Annihilape\n|-supereffective|p2b: Annihilape\n|-damage|p2b: Annihilape|13\/100\n|move|p2b: Annihilape|Rage Fist|p1b: Flutter Mane\n|-supereffective|p1b: Flutter Mane\n|-enditem|p1b: Flutter Mane|Focus Sash\n|-damage|p1b: Flutter Mane|1\/100\n|move|p2a: Arcanine|Howl|p2a: Arcanine|[spread] p2a,p2b\n|-boost|p2a: Arcanine|atk|1\n|-boost|p2b: Annihilape|atk|1\n|\n|upkeep\n|turn|2\n|inactive|Arns has 30 seconds left.\n|inactive|Arns has 20 seconds left.\n|inactive|Arns has 15 seconds left.\n|inactive|Arns has 10 seconds left.\n|inactive|Arns has 5 seconds left.\n|\n|t:|1700233672\n|move|p1b: Flutter Mane|Dazzling Gleam|p2a: Arcanine|[spread] p2a,p2b\n|-resisted|p2a: Arcanine\n|-supereffective|p2b: Annihilape\n|-damage|p2a: Arcanine|81\/100 par\n|-damage|p2b: Annihilape|0 fnt\n|faint|p2b: Annihilape\n|move|p1a: Thundurus|Thunderbolt|p2a: Arcanine\n|-damage|p2a: Arcanine|29\/100 par\n|move|p2a: Arcanine|Flare Blitz|p1b: Flutter Mane\n|-damage|p1b: Flutter Mane|0 fnt\n|faint|p1b: Flutter Mane\n|-end|p1b: Flutter Mane|Protosynthesis|[silent]\n|-damage|p2a: Arcanine|19\/100 par|[from] item: Life Orb\n|\n|upkeep\n|inactive|Arns has 30 seconds left.\n|inactive|Arns has 20 seconds left.\n|inactive|Arns has 15 seconds left.\n|\n|t:|1700233714\n|switch|p1b: Heatran|Heatran, L50, F|100\/100\n|switch|p2b: Arboliva|Arboliva, L50, M|100\/100\n|turn|3\n|inactive|realrightchris has 30 seconds left.\n|inactive|Arns has 30 seconds left.\n|\n|t:|1700233746\n|-terastallize|p1b: Heatran|Fire\n|move|p1a: Thundurus|Thunderbolt|p2a: Arcanine\n|-damage|p2a: Arcanine|0 fnt\n|faint|p2a: Arcanine\n|move|p1b: Heatran|Heat Wave|p2b: Arboliva\n|-supereffective|p2b: Arboliva\n|-damage|p2b: Arboliva|0 fnt\n|faint|p2b: Arboliva\n|-damage|p1b: Heatran|91\/100|[from] item: Life Orb\n|\n|upkeep\n|\n|t:|1700233765\n|switch|p2b: Articuno|Articuno-Galar, L50|100\/100\n|turn|4\n|\n|t:|1700233776\n|move|p1a: Thundurus|Taunt|p2b: Articuno\n|-start|p2b: Articuno|move: Taunt\n|cant|p2b: Articuno|move: Taunt|Calm Mind\n|move|p1b: Heatran|Heat Wave|p2b: Articuno\n|-damage|p2b: Articuno|33\/100\n|-damage|p1b: Heatran|81\/100|[from] item: Life Orb\n|\n|-heal|p2b: Articuno|39\/100|[from] item: Leftovers\n|upkeep\n|turn|5\n|inactive|Arns has 30 seconds left.\n|\n|t:|1700233804\n|-terastallize|p2b: Articuno|Psychic\n|move|p1a: Thundurus|Sunny Day|p1a: Thundurus\n|-weather|SunnyDay\n|move|p2b: Articuno|Psyshock|p1a: Thundurus\n|-damage|p1a: Thundurus|52\/100\n|move|p1b: Heatran|Heat Wave|p2b: Articuno\n|-damage|p2b: Articuno|0 fnt\n|faint|p2b: Articuno\n|-damage|p1b: Heatran|72\/100|[from] item: Life Orb\n|\n|win|realrightchris\n|l|\u2606Arns\n","uploadtime":1700233824,"views":16,"p1id":"realrightchris","p2id":"arns","formatid":"gen9vgc2023regulatione","rating":0,"private":0,"password":""}