{"id":"gen9vgc2023regulatione-1993936793","p1":"Chaizen Hirussa","p2":"PunkRockObstagoon","format":"[Gen 9] VGC 2023 Regulation E","log":"|j|\u2606Chaizen Hirussa\n|j|\u2606PunkRockObstagoon\n|t:|1700378621\n|gametype|doubles\n|player|p1|Chaizen Hirussa|bugcatcher-gen4dp|1349\n|player|p2|PunkRockObstagoon|hilbert|1509\n|teamsize|p1|6\n|teamsize|p2|6\n|gen|9\n|tier|[Gen 9] VGC 2023 Regulation E\n|rated|\n|rule|Species Clause: Limit one of each Pok\u00e9mon\n|rule|Item Clause: Limit one of each item\n|clearpoke\n|poke|p1|Zapdos-Galar, L50|\n|poke|p1|Tornadus, L50, M|\n|poke|p1|Flutter Mane, L50|\n|poke|p1|Arcanine-Hisui, L50, F|\n|poke|p1|Rillaboom, L50, M|\n|poke|p1|Scizor, L50, F|\n|poke|p2|Spinarak, L50, M|\n|poke|p2|Tatsugiri-Droopy, L50, M|\n|poke|p2|Lurantis, L50, F|\n|poke|p2|Armarouge, L50, M|\n|poke|p2|Farigiraf, L50, F|\n|poke|p2|Roaring Moon, L50|\n|teampreview|4\n|inactive|Battle timer is ON: inactive players will automatically lose when time's up. (requested by PunkRockObstagoon)\n|inactive|Chaizen Hirussa has 60 seconds left.\n|inactive|PunkRockObstagoon has 60 seconds left.\n|\n|t:|1700378678\n|start\n|switch|p1a: Arcanine|Arcanine-Hisui, L50, F|100\/100\n|switch|p1b: Zapdos|Zapdos-Galar, L50|100\/100\n|switch|p2a: Farigiraf|Farigiraf, L50, F|100\/100\n|switch|p2b: Roaring Moon|Roaring Moon, L50|100\/100\n|-ability|p1a: Arcanine|Intimidate|boost\n|-unboost|p2a: Farigiraf|atk|1\n|-unboost|p2b: Roaring Moon|atk|1\n|-enditem|p2b: Roaring Moon|Booster Energy\n|-activate|p2b: Roaring Moon|ability: Protosynthesis|[fromitem]\n|-start|p2b: Roaring Moon|protosynthesisspe\n|turn|1\n|inactive|Chaizen Hirussa has 30 seconds left.\n|\n|t:|1700378705\n|switch|p1a: Rillaboom|Rillaboom, L50, M|100\/100\n|-fieldstart|move: Grassy Terrain|[from] ability: Grassy Surge|[of] p1a: Rillaboom\n|-enditem|p1b: Zapdos|Grassy Seed\n|-boost|p1b: Zapdos|def|1|[from] item: Grassy Seed\n|-terastallize|p1b: Zapdos|Electric\n|move|p2b: Roaring Moon|Knock Off|p1a: Rillaboom\n|-damage|p1a: Rillaboom|72\/100\n|-enditem|p1a: Rillaboom|Miracle Seed|[from] move: Knock Off|[of] p2b: Roaring Moon\n|move|p1b: Zapdos|Knock Off|p2a: Farigiraf\n|-supereffective|p2a: Farigiraf\n|-damage|p2a: Farigiraf|33\/100\n|-enditem|p2a: Farigiraf|Focus Sash|[from] move: Knock Off|[of] p1b: Zapdos\n|move|p2a: Farigiraf|Trick Room|p2a: Farigiraf\n|-fieldstart|move: Trick Room|[of] p2a: Farigiraf\n|\n|-heal|p2a: Farigiraf|39\/100|[from] Grassy Terrain\n|-heal|p1a: Rillaboom|77\/100|[from] Grassy Terrain\n|upkeep\n|turn|2\n|inactive|Chaizen Hirussa has 30 seconds left.\n|inactive|PunkRockObstagoon has 30 seconds left.\n|\n|t:|1700378734\n|switch|p1a: Arcanine|Arcanine-Hisui, L50, F|100\/100\n|-ability|p1a: Arcanine|Intimidate|boost\n|-unboost|p2a: Farigiraf|atk|1\n|-unboost|p2b: Roaring Moon|atk|1\n|-end|p2b: Roaring Moon|Protosynthesis|[silent]\n|switch|p2b: Armarouge|Armarouge, L50, M|100\/100\n|move|p2a: Farigiraf|Hyper Voice|p1a: Arcanine|[spread] p1a,p1b\n|-resisted|p1a: Arcanine\n|-damage|p1a: Arcanine|83\/100\n|-damage|p1b: Zapdos|68\/100\n|move|p1b: Zapdos|Thunderous Kick|p2a: Farigiraf\n|-damage|p2a: Farigiraf|0 fnt\n|faint|p2a: Farigiraf\n|\n|-heal|p1a: Arcanine|88\/100|[from] Grassy Terrain\n|-heal|p1b: Zapdos|74\/100|[from] Grassy Terrain\n|upkeep\n|\n|t:|1700378738\n|switch|p2a: Lurantis|Lurantis, L50, F|100\/100\n|turn|3\n|\n|t:|1700378752\n|move|p1a: Arcanine|Protect|p1a: Arcanine\n|-singleturn|p1a: Arcanine|Protect\n|move|p1b: Zapdos|Detect|p1b: Zapdos\n|-singleturn|p1b: Zapdos|Protect\n|move|p2a: Lurantis|Superpower|p1a: Arcanine\n|-activate|p1a: Arcanine|move: Protect\n|move|p2b: Armarouge|Heat Wave|p1b: Zapdos|[spread] \n|-activate|p1a: Arcanine|move: Protect\n|-activate|p1b: Zapdos|move: Protect\n|\n|-heal|p1a: Arcanine|94\/100|[from] Grassy Terrain\n|-heal|p1b: Zapdos|80\/100|[from] Grassy Terrain\n|upkeep\n|turn|4\n|inactive|Chaizen Hirussa has 30 seconds left.\n|\n|t:|1700378781\n|switch|p1a: Flutter Mane|Flutter Mane, L50|100\/100\n|-enditem|p1a: Flutter Mane|Booster Energy\n|-activate|p1a: Flutter Mane|ability: Protosynthesis|[fromitem]\n|-start|p1a: Flutter Mane|protosynthesisspa\n|move|p2a: Lurantis|Superpower|p1b: Zapdos\n|-damage|p1b: Zapdos|52\/100\n|-boost|p2a: Lurantis|atk|1\n|-boost|p2a: Lurantis|def|1\n|move|p2b: Armarouge|Heat Wave|p1b: Zapdos|[spread] p1a,p1b\n|-damage|p1a: Flutter Mane|61\/100\n|-damage|p1b: Zapdos|16\/100\n|move|p1b: Zapdos|Knock Off|p2b: Armarouge\n|-supereffective|p2b: Armarouge\n|-damage|p2b: Armarouge|47\/100\n|-enditem|p2b: Armarouge|Safety Goggles|[from] move: Knock Off|[of] p1b: Zapdos\n|\n|-heal|p2b: Armarouge|54\/100|[from] Grassy Terrain\n|-heal|p1b: Zapdos|21\/100|[from] Grassy Terrain\n|-heal|p1a: Flutter Mane|67\/100|[from] Grassy Terrain\n|upkeep\n|turn|5\n|inactive|Chaizen Hirussa has 30 seconds left.\n|inactive|Chaizen Hirussa has 20 seconds left.\n|inactive|Chaizen Hirussa has 15 seconds left.\n|\n|t:|1700378823\n|switch|p2b: Roaring Moon|Roaring Moon, L50|100\/100\n|move|p1b: Zapdos|Detect|p1b: Zapdos\n|-singleturn|p1b: Zapdos|Protect\n|move|p2a: Lurantis|Leaf Blade|p1a: Flutter Mane\n|-damage|p1a: Flutter Mane|0 fnt\n|faint|p1a: Flutter Mane\n|-end|p1a: Flutter Mane|Protosynthesis|[silent]\n|\n|-heal|p1b: Zapdos|27\/100|[from] Grassy Terrain\n|-fieldend|move: Trick Room\n|-fieldend|move: Grassy Terrain\n|upkeep\n|\n|t:|1700378833\n|switch|p1a: Arcanine|Arcanine-Hisui, L50, F|94\/100\n|-ability|p1a: Arcanine|Intimidate|boost\n|-boost|p2a: Lurantis|atk|1\n|-unboost|p2b: Roaring Moon|atk|1\n|turn|6\n|inactive|Chaizen Hirussa has 30 seconds left.\n|inactive|Chaizen Hirussa has 20 seconds left.\n|inactive|Chaizen Hirussa has 15 seconds left.\n|inactive|Chaizen Hirussa has 10 seconds left.\n|\n|t:|1700378883\n|-terastallize|p2a: Lurantis|Rock\n|move|p1a: Arcanine|Extreme Speed|p2b: Roaring Moon\n|-damage|p2b: Roaring Moon|61\/100\n|-damage|p1a: Arcanine|84\/100|[from] item: Life Orb\n|move|p2b: Roaring Moon|Breaking Swipe|p1a: Arcanine|[spread] p1a,p1b\n|-crit|p1b: Zapdos\n|-damage|p1a: Arcanine|67\/100\n|-damage|p1b: Zapdos|0 fnt\n|-unboost|p1a: Arcanine|atk|1\n|faint|p1b: Zapdos\n|move|p2a: Lurantis|Leaf Blade|p1a: Arcanine\n|-damage|p1a: Arcanine|0 fnt\n|faint|p1a: Arcanine\n|\n|upkeep\n|\n|t:|1700378903\n|switch|p1b: Rillaboom|Rillaboom, L50, M|77\/100\n|-fieldstart|move: Grassy Terrain|[from] ability: Grassy Surge|[of] p1b: Rillaboom\n|turn|7\n|\n|t:|1700378914\n|move|p1b: Rillaboom|Fake Out|p2b: Roaring Moon\n|-damage|p2b: Roaring Moon|46\/100\n|cant|p2b: Roaring Moon|flinch\n|move|p2a: Lurantis|Superpower|p1b: Rillaboom\n|-damage|p1b: Rillaboom|0 fnt\n|-boost|p2a: Lurantis|atk|1\n|-boost|p2a: Lurantis|def|1\n|faint|p1b: Rillaboom\n|\n|win|PunkRockObstagoon\n|raw|Chaizen Hirussa's rating: 1349 &rarr; <strong>1338<\/strong><br \/>(-11 for losing)\n|raw|PunkRockObstagoon's rating: 1509 &rarr; <strong>1520<\/strong><br \/>(+11 for winning)\n","uploadtime":1700378917,"views":14,"p1id":"chaizenhirussa","p2id":"punkrockobstagoon","formatid":"gen9vgc2023regulatione","rating":1338,"private":0,"password":""}