{"id":"gen9vgc2023regulatione-1992002988","p1":"CrshoutSpky","p2":"BeckerVGC","format":"[Gen 9] VGC 2023 Regulation E","log":"|j|\u2606CrshoutSpky\n|j|\u2606BeckerVGC\n|t:|1700146809\n|gametype|doubles\n|player|p1|CrshoutSpky|gambler|1288\n|player|p2|BeckerVGC|hiker-gen4|1336\n|teamsize|p1|6\n|teamsize|p2|6\n|gen|9\n|tier|[Gen 9] VGC 2023 Regulation E\n|rated|\n|rule|Species Clause: Limit one of each Pok\u00e9mon\n|rule|Item Clause: Limit one of each item\n|clearpoke\n|poke|p1|Chien-Pao, L50|\n|poke|p1|Murkrow, L50, M|\n|poke|p1|Brambleghast, L50, F|\n|poke|p1|Uxie, L50|\n|poke|p1|Flutter Mane, L50|\n|poke|p1|Iron Hands, L50|\n|poke|p2|Urshifu-*, L50, M|\n|poke|p2|Iron Hands, L50|\n|poke|p2|Heatran, L50, F|\n|poke|p2|Flutter Mane, L50|\n|poke|p2|Tornadus, L50, M|\n|poke|p2|Amoonguss, L50, M|\n|teampreview|4\n|inactive|Battle timer is ON: inactive players will automatically lose when time's up. (requested by CrshoutSpky)\n|\n|t:|1700146837\n|start\n|switch|p1a: Murkrow|Murkrow, L50, M|100\/100\n|switch|p1b: Brambleghast|Brambleghast, L50, F|100\/100\n|switch|p2a: Heatran|Heatran, L50, F|100\/100\n|switch|p2b: Tornadus|Tornadus, L50, M|100\/100\n|turn|1\n|\n|t:|1700146860\n|move|p2b: Tornadus|Sunny Day|p2b: Tornadus\n|-weather|SunnyDay\n|move|p1a: Murkrow|Tailwind|p1a: Murkrow\n|-sidestart|p1: CrshoutSpky|move: Tailwind\n|-ability|p1b: Brambleghast|Wind Rider|boost\n|-boost|p1b: Brambleghast|atk|1\n|move|p1b: Brambleghast|Poltergeist|p2a: Heatran\n|-activate|p2a: Heatran|move: Poltergeist|Life Orb\n|-damage|p2a: Heatran|19\/100\n|move|p2a: Heatran|Heat Wave|p1a: Murkrow|[spread] \n|-ability|p1b: Brambleghast|Wind Rider|boost\n|-boost|p1b: Brambleghast|atk|1\n|-miss|p2a: Heatran|p1a: Murkrow\n|\n|-weather|SunnyDay|[upkeep]\n|upkeep\n|turn|2\n|\n|t:|1700146879\n|move|p2a: Heatran|Protect|p2a: Heatran\n|-singleturn|p2a: Heatran|Protect\n|move|p1b: Brambleghast|Shadow Sneak|p2a: Heatran\n|-activate|p2a: Heatran|move: Protect\n|move|p1a: Murkrow|Taunt|p2b: Tornadus\n|-start|p2b: Tornadus|move: Taunt\n|move|p2b: Tornadus|Bleakwind Storm|p1a: Murkrow|[spread] p1a\n|-ability|p1b: Brambleghast|Wind Rider|boost\n|-boost|p1b: Brambleghast|atk|1\n|-damage|p1a: Murkrow|60\/100\n|-unboost|p1a: Murkrow|spe|1\n|\n|-weather|SunnyDay|[upkeep]\n|upkeep\n|turn|3\n|inactive|BeckerVGC has 30 seconds left.\n|\n|t:|1700146905\n|switch|p2b: Iron Hands|Iron Hands, L50|100\/100\n|move|p1b: Brambleghast|Shadow Sneak|p2a: Heatran\n|-damage|p2a: Heatran|0 fnt\n|faint|p2a: Heatran\n|move|p1a: Murkrow|Thunder Wave|p2b: Iron Hands|[miss]\n|-miss|p1a: Murkrow|p2b: Iron Hands\n|\n|-weather|SunnyDay|[upkeep]\n|upkeep\n|\n|t:|1700146915\n|switch|p2a: Urshifu|Urshifu, L50, M|100\/100\n|turn|4\n|\n|t:|1700146930\n|move|p1a: Murkrow|Thunder Wave|p2a: Urshifu\n|-hint|Since gen 7, Dark is immune to Prankster moves.\n|-immune|p2a: Urshifu\n|move|p2a: Urshifu|Sucker Punch|p1b: Brambleghast\n|-supereffective|p1b: Brambleghast\n|-enditem|p1b: Brambleghast|Focus Sash\n|-damage|p1b: Brambleghast|1\/100\n|move|p1b: Brambleghast|Poltergeist|p2b: Iron Hands|[miss]\n|-miss|p1b: Brambleghast|p2b: Iron Hands\n|move|p2b: Iron Hands|Drain Punch|p1b: Brambleghast\n|-immune|p1b: Brambleghast\n|\n|-weather|SunnyDay|[upkeep]\n|-sideend|p1: CrshoutSpky|move: Tailwind\n|upkeep\n|turn|5\n|\n|t:|1700146954\n|move|p1b: Brambleghast|Protect|p1b: Brambleghast\n|-singleturn|p1b: Brambleghast|Protect\n|move|p2a: Urshifu|Sucker Punch||[still]\n|-fail|p2a: Urshifu\n|move|p1a: Murkrow|Tailwind|p1a: Murkrow\n|-sidestart|p1: CrshoutSpky|move: Tailwind\n|-ability|p1b: Brambleghast|Wind Rider|boost\n|-boost|p1b: Brambleghast|atk|1\n|move|p2b: Iron Hands|Wild Charge|p1a: Murkrow\n|-supereffective|p1a: Murkrow\n|-damage|p1a: Murkrow|0 fnt\n|faint|p1a: Murkrow\n|-damage|p2b: Iron Hands|92\/100|[from] Recoil\n|\n|-weather|none\n|upkeep\n|\n|t:|1700146962\n|switch|p1a: Iron Hands|Iron Hands, L50|100\/100\n|turn|6\n|\n|t:|1700146979\n|move|p1a: Iron Hands|Fake Out|p2a: Urshifu\n|-damage|p2a: Urshifu|87\/100\n|cant|p2a: Urshifu|flinch\n|move|p1b: Brambleghast|Seed Bomb|p2a: Urshifu\n|-damage|p2a: Urshifu|0 fnt\n|faint|p2a: Urshifu\n|move|p2b: Iron Hands|Drain Punch|p1a: Iron Hands\n|-damage|p1a: Iron Hands|74\/100\n|-heal|p2b: Iron Hands|100\/100|[from] drain|[of] p1a: Iron Hands\n|\n|upkeep\n|\n|t:|1700146990\n|switch|p2a: Tornadus|Tornadus, L50, M|100\/100\n|turn|7\n|c|\u2606CrshoutSpky|Shoulda finished bramble\n|\n|t:|1700147006\n|move|p2a: Tornadus|Taunt|p1b: Brambleghast\n|-start|p1b: Brambleghast|move: Taunt\n|move|p1b: Brambleghast|Poltergeist|p2b: Iron Hands\n|-activate|p2b: Iron Hands|move: Poltergeist|Assault Vest\n|-damage|p2b: Iron Hands|0 fnt\n|faint|p2b: Iron Hands\n|-end|p2b: Iron Hands|Quark Drive|[silent]\n|move|p1a: Iron Hands|Wild Charge|p2a: Tornadus\n|-supereffective|p2a: Tornadus\n|-damage|p2a: Tornadus|0 fnt\n|faint|p2a: Tornadus\n|-damage|p1a: Iron Hands|54\/100|[from] Recoil\n|\n|win|CrshoutSpky\n|raw|CrshoutSpky's rating: 1288 &rarr; <strong>1316<\/strong><br \/>(+28 for winning)\n|raw|BeckerVGC's rating: 1336 &rarr; <strong>1313<\/strong><br \/>(-23 for losing)\n|c|\u2606CrshoutSpky|Gg\n|l|\u2606CrshoutSpky\n","uploadtime":1700147022,"views":22,"p1id":"crshoutspky","p2id":"beckervgc","formatid":"gen9vgc2023regulatione","rating":1313,"private":0,"password":""}