{"id":"gen9vgc2023regulatione-1989953266","p1":"theblu3","p2":"UrshifuIncarnate","format":"[Gen 9] VGC 2023 Regulation E","log":"|j|\u2606theblu3\n|j|\u2606UrshifuIncarnate\n|t:|1699909729\n|gametype|doubles\n|player|p1|theblu3|266|1189\n|player|p2|UrshifuIncarnate|unknown|1295\n|teamsize|p1|6\n|teamsize|p2|6\n|gen|9\n|tier|[Gen 9] VGC 2023 Regulation E\n|rated|\n|rule|Species Clause: Limit one of each Pok\u00e9mon\n|rule|Item Clause: Limit one of each item\n|clearpoke\n|poke|p1|Articuno, L50|\n|poke|p1|Ninetales-Alola, L50, M|\n|poke|p1|Baxcalibur, L50, F|\n|poke|p1|Iron Hands, L50|\n|poke|p1|Heatran, L50, M|\n|poke|p1|Ogerpon-Wellspring, L50, F|\n|poke|p2|Landorus, L50, M|\n|poke|p2|Tornadus, L50, M|\n|poke|p2|Ogerpon-Hearthflame, L50, F|\n|poke|p2|Iron Hands, L50|\n|poke|p2|Urshifu-*, L50, M|\n|poke|p2|Rillaboom, L50, M|\n|teampreview|4\ntheblu3 has agreed to open team sheets.\n|inactive|Battle timer is ON: inactive players will automatically lose when time's up. (requested by theblu3)\nUrshifuIncarnate has agreed to open team sheets.\n|inactive|theblu3 has 30 seconds left.\n|\n|t:|1699909776\n|start\n|switch|p1a: Articuno|Articuno, L50|100\/100\n|switch|p1b: Ninetales|Ninetales-Alola, L50, M|100\/100\n|switch|p2a: Just A Prank Bro|Tornadus, L50, M, shiny|100\/100\n|switch|p2b: Shamone-Strike|Urshifu-Rapid-Strike, L50, M|100\/100\n|-weather|Snow|[from] ability: Snow Warning|[of] p1b: Ninetales\n|turn|1\n|inactive|theblu3 has 30 seconds left.\n|inactive|UrshifuIncarnate has 30 seconds left.\n|inactive|UrshifuIncarnate has 20 seconds left.\n|inactive|UrshifuIncarnate has 15 seconds left.\n|\n|t:|1699909818\n|-terastallize|p2b: Shamone-Strike|Water\n|move|p2a: Just A Prank Bro|Rain Dance|p2a: Just A Prank Bro\n|-weather|RainDance\n|move|p2b: Shamone-Strike|Surging Strikes|p1a: Articuno\n|-crit|p1a: Articuno\n|-damage|p1a: Articuno|64\/100\n|-crit|p1a: Articuno\n|-damage|p1a: Articuno|29\/100\n|-crit|p1a: Articuno\n|-damage|p1a: Articuno|0 fnt\n|faint|p1a: Articuno\n|-hitcount|p1: Articuno|3\n|move|p1b: Ninetales|Icy Wind|p2a: Just A Prank Bro|[spread] p2a,p2b\n|-supereffective|p2a: Just A Prank Bro\n|-resisted|p2b: Shamone-Strike\n|-damage|p2a: Just A Prank Bro|74\/100\n|-damage|p2b: Shamone-Strike|92\/100\n|-unboost|p2a: Just A Prank Bro|spe|1\n|-unboost|p2b: Shamone-Strike|spe|1\n|\n|-weather|RainDance|[upkeep]\n|upkeep\n|\n|t:|1699909831\n|switch|p1a: Iron Hands|Iron Hands, L50|100\/100\n|turn|2\n|\n|t:|1699909856\n|switch|p1b: Baxcalibur|Baxcalibur, L50, F|100\/100\n|move|p2a: Just A Prank Bro|Tailwind|p2a: Just A Prank Bro\n|-sidestart|p2: UrshifuIncarnate|move: Tailwind\n|move|p2b: Shamone-Strike|Surging Strikes|p1b: Baxcalibur\n|-resisted|p1b: Baxcalibur\n|-crit|p1b: Baxcalibur\n|-damage|p1b: Baxcalibur|81\/100\n|-resisted|p1b: Baxcalibur\n|-crit|p1b: Baxcalibur\n|-damage|p1b: Baxcalibur|59\/100\n|-resisted|p1b: Baxcalibur\n|-crit|p1b: Baxcalibur\n|-damage|p1b: Baxcalibur|40\/100\n|-hitcount|p1b: Baxcalibur|3\n|move|p1a: Iron Hands|Volt Switch|p2a: Just A Prank Bro\n|-supereffective|p2a: Just A Prank Bro\n|-damage|p2a: Just A Prank Bro|46\/100\n|\n|t:|1699909863\n|-end|p1a: Iron Hands|Quark Drive|[silent]\n|switch|p1a: Ninetales|Ninetales-Alola, L50, M|100\/100|[from] Volt Switch\n|-weather|Snow|[from] ability: Snow Warning|[of] p1a: Ninetales\n|\n|-weather|Snow|[upkeep]\n|upkeep\n|turn|3\n|\n|t:|1699909882\n|switch|p1b: Iron Hands|Iron Hands, L50|100\/100\n|move|p2a: Just A Prank Bro|Rain Dance|p2a: Just A Prank Bro\n|-weather|RainDance\n|move|p2b: Shamone-Strike|Surging Strikes|p1b: Iron Hands\n|-crit|p1b: Iron Hands\n|-damage|p1b: Iron Hands|71\/100\n|-crit|p1b: Iron Hands\n|-damage|p1b: Iron Hands|42\/100\n|-crit|p1b: Iron Hands\n|-damage|p1b: Iron Hands|14\/100\n|-hitcount|p1b: Iron Hands|3\n|move|p1a: Ninetales|Aurora Veil||[still]\n|-fail|p1a: Ninetales\n|\n|-weather|RainDance|[upkeep]\n|upkeep\n|turn|4\n|\n|t:|1699909896\n|switch|p1a: Baxcalibur|Baxcalibur, L50, F|40\/100\n|move|p1b: Iron Hands|Fake Out|p2b: Shamone-Strike\n|-damage|p2b: Shamone-Strike|76\/100\n|cant|p2b: Shamone-Strike|flinch\n|move|p2a: Just A Prank Bro|Bleakwind Storm|p1a: Baxcalibur|[spread] p1a,p1b\n|-damage|p1a: Baxcalibur|12\/100\n|-damage|p1b: Iron Hands|0 fnt\n|-unboost|p1a: Baxcalibur|spe|1\n|faint|p1b: Iron Hands\n|-end|p1b: Iron Hands|Quark Drive|[silent]\n|\n|-weather|RainDance|[upkeep]\n|upkeep\n|\n|t:|1699909904\n|switch|p1b: Ninetales|Ninetales-Alola, L50, M|100\/100\n|-weather|Snow|[from] ability: Snow Warning|[of] p1b: Ninetales\n|turn|5\n|\n|t:|1699909914\n|move|p2a: Just A Prank Bro|Rain Dance|p2a: Just A Prank Bro\n|-weather|RainDance\n|move|p2b: Shamone-Strike|Surging Strikes|p1b: Ninetales\n|-crit|p1b: Ninetales\n|-damage|p1b: Ninetales|52\/100\n|-crit|p1b: Ninetales\n|-damage|p1b: Ninetales|0 fnt\n|faint|p1b: Ninetales\n|-hitcount|p1: Ninetales|2\n|move|p1a: Baxcalibur|Scale Shot|p2b: Shamone-Strike\n|-damage|p2b: Shamone-Strike|61\/100\n|-damage|p2b: Shamone-Strike|48\/100\n|-damage|p2b: Shamone-Strike|34\/100\n|-damage|p2b: Shamone-Strike|21\/100\n|-hitcount|p2b: Shamone-Strike|4\n|-unboost|p1a: Baxcalibur|def|1\n|-boost|p1a: Baxcalibur|spe|1\n|\n|-weather|RainDance|[upkeep]\n|-sideend|p2: UrshifuIncarnate|move: Tailwind\n|upkeep\n|turn|6\n|-message|theblu3 forfeited.\n|\n|win|UrshifuIncarnate\n|raw|theblu3's rating: 1189 &rarr; <strong>1171<\/strong><br \/>(-18 for losing)\n|raw|UrshifuIncarnate's rating: 1295 &rarr; <strong>1313<\/strong><br \/>(+18 for winning)\n|l|\u2606theblu3\n","uploadtime":1699909931,"views":9,"p1id":"theblu3","p2id":"urshifuincarnate","formatid":"gen9vgc2023regulatione","rating":1171,"private":0,"password":""}