{"id":"gen9vgc2023regulatione-1991448917","p1":"cardojtv","p2":"LegacyShowden","format":"[Gen 9] VGC 2023 Regulation E","log":"|j|\u2606cardojtv\n|j|\u2606LegacyShowden\n|t:|1700078017\n|gametype|doubles\n|player|p1|cardojtv|acetrainersnow|1167\n|player|p2|LegacyShowden|rosa|1120\n|teamsize|p1|6\n|teamsize|p2|6\n|gen|9\n|tier|[Gen 9] VGC 2023 Regulation E\n|rated|\n|rule|Species Clause: Limit one of each Pok\u00e9mon\n|rule|Item Clause: Limit one of each item\n|clearpoke\n|poke|p1|Landorus-Therian, L50, M|\n|poke|p1|Urshifu-*, L50, F|\n|poke|p1|Hydreigon, L50, M|\n|poke|p1|Rillaboom, L50, M|\n|poke|p1|Kommo-o, L50, M|\n|poke|p1|Tyranitar, L50, F|\n|poke|p2|Landorus-Therian, L50, M|\n|poke|p2|Samurott-Hisui, L50, M|\n|poke|p2|Ogerpon-Hearthflame, L50, F|\n|poke|p2|Kommo-o, L50, M|\n|poke|p2|Gholdengo, L50|\n|poke|p2|Thundurus, L50, M|\n|teampreview|4\n|inactive|Battle timer is ON: inactive players will automatically lose when time's up. (requested by LegacyShowden)\n|inactive|cardojtv has 60 seconds left.\n|inactive|LegacyShowden has 60 seconds left.\n|\n|t:|1700078062\n|start\n|switch|p1a: Landorus|Landorus-Therian, L50, M|100\/100\n|switch|p1b: Rillaboom|Rillaboom, L50, M|100\/100\n|switch|p2a: Landorus|Landorus-Therian, L50, M|100\/100\n|switch|p2b: Kommo-o|Kommo-o, L50, M|100\/100\n|-ability|p2a: Landorus|Intimidate|boost\n|-unboost|p1a: Landorus|atk|1\n|-unboost|p1b: Rillaboom|atk|1\n|-ability|p1a: Landorus|Intimidate|boost\n|-unboost|p2a: Landorus|atk|1\n|-unboost|p2b: Kommo-o|atk|1\n|-fieldstart|move: Grassy Terrain|[from] ability: Grassy Surge|[of] p1b: Rillaboom\n|-enditem|p1b: Rillaboom|Grassy Seed\n|-boost|p1b: Rillaboom|def|1|[from] item: Grassy Seed\n|turn|1\n|inactive|cardojtv has 30 seconds left.\n|inactive|LegacyShowden has 30 seconds left.\n|\n|t:|1700078093\n|switch|p2a: Gholdengo|Gholdengo, L50|100\/100\n|-terastallize|p1a: Landorus|Flying\n|move|p2b: Kommo-o|Protect|p2b: Kommo-o\n|-singleturn|p2b: Kommo-o|Protect\n|move|p1b: Rillaboom|Fake Out|p2a: Gholdengo\n|-immune|p2a: Gholdengo\n|move|p1a: Landorus|Tera Blast|p2b: Kommo-o|[anim] Tera Blast Flying\n|-activate|p2b: Kommo-o|move: Protect\n|\n|upkeep\n|turn|2\n|\n|t:|1700078109\n|switch|p1a: Urshifu|Urshifu-Rapid-Strike, L50, F|100\/100\n|switch|p2a: Landorus|Landorus-Therian, L50, M|100\/100\n|-ability|p2a: Landorus|Intimidate|boost\n|-unboost|p1a: Urshifu|atk|1\n|-unboost|p1b: Rillaboom|atk|1\n|move|p2b: Kommo-o|Iron Defense|p2b: Kommo-o\n|-boost|p2b: Kommo-o|def|2\n|move|p1b: Rillaboom|High Horsepower|p2b: Kommo-o|[miss]\n|-miss|p1b: Rillaboom|p2b: Kommo-o\n|\n|upkeep\n|turn|3\n|\n|t:|1700078130\n|switch|p2a: Ogerpon|Ogerpon-Hearthflame, L50, F|100\/100\n|-ability|p2a: Ogerpon|Mold Breaker\n|switch|p1b: Landorus|Landorus-Therian, L50, M, tera:Flying|100\/100\n|-ability|p1b: Landorus|Intimidate|boost\n|-unboost|p2a: Ogerpon|atk|1\n|-unboost|p2b: Kommo-o|atk|1\n|move|p1a: Urshifu|Surging Strikes|p2a: Ogerpon\n|-crit|p2a: Ogerpon\n|-damage|p2a: Ogerpon|64\/100\n|-crit|p2a: Ogerpon\n|-damage|p2a: Ogerpon|29\/100\n|-crit|p2a: Ogerpon\n|-damage|p2a: Ogerpon|0 fnt\n|faint|p2a: Ogerpon\n|-hitcount|p2: Ogerpon|3\n|move|p2b: Kommo-o|Iron Defense|p2b: Kommo-o\n|-boost|p2b: Kommo-o|def|2\n|\n|upkeep\n|\n|t:|1700078138\n|switch|p2a: Landorus|Landorus-Therian, L50, M|100\/100\n|-ability|p2a: Landorus|Intimidate|boost\n|-unboost|p1a: Urshifu|atk|1\n|-unboost|p1b: Landorus|atk|1\n|turn|4\n|inactive|cardojtv has 30 seconds left.\n|\n|t:|1700078166\n|-terastallize|p2a: Landorus|Flying\n|move|p2a: Landorus|Tera Blast|p1a: Urshifu|[anim] Tera Blast Flying\n|-supereffective|p1a: Urshifu\n|-damage|p1a: Urshifu|0 fnt\n|faint|p1a: Urshifu\n|move|p1b: Landorus|Tera Blast|p2b: Kommo-o|[anim] Tera Blast Flying\n|-supereffective|p2b: Kommo-o\n|-damage|p2b: Kommo-o|80\/100\n|move|p2b: Kommo-o|Iron Defense|p2b: Kommo-o\n|-boost|p2b: Kommo-o|def|2\n|\n|-heal|p2b: Kommo-o|87\/100|[from] Grassy Terrain\n|upkeep\n|\n|t:|1700078181\n|switch|p1a: Hydreigon|Hydreigon, L50, M|100\/100\n|turn|5\n|\n|t:|1700078201\n|switch|p2a: Gholdengo|Gholdengo, L50|100\/100\n|switch|p1b: Rillaboom|Rillaboom, L50, M|100\/100\n|move|p2b: Kommo-o|Protect|p2b: Kommo-o\n|-singleturn|p2b: Kommo-o|Protect\n|move|p1a: Hydreigon|Draco Meteor|p2b: Kommo-o\n|-activate|p2b: Kommo-o|move: Protect\n|\n|-heal|p2b: Kommo-o|93\/100|[from] Grassy Terrain\n|-fieldend|move: Grassy Terrain\n|upkeep\n|turn|6\n|\n|t:|1700078225\n|move|p1b: Rillaboom|Fake Out|p2b: Kommo-o\n|-damage|p2b: Kommo-o|90\/100\n|move|p1a: Hydreigon|Draco Meteor|p2b: Kommo-o\n|-supereffective|p2b: Kommo-o\n|-damage|p2b: Kommo-o|0 fnt\n|-unboost|p1a: Hydreigon|spa|2\n|faint|p2b: Kommo-o\n|move|p2a: Gholdengo|Make It Rain|p1b: Rillaboom|[spread] p1a,p1b\n|-damage|p1a: Hydreigon|25\/100\n|-damage|p1b: Rillaboom|27\/100\n|-unboost|p2a: Gholdengo|spa|1\n|-damage|p2a: Gholdengo|91\/100|[from] item: Life Orb\n|\n|upkeep\n|\n|t:|1700078228\n|switch|p2b: Landorus|Landorus-Therian, L50, M, tera:Flying|100\/100\n|-ability|p2b: Landorus|Intimidate|boost\n|-unboost|p1a: Hydreigon|atk|1\n|-unboost|p1b: Rillaboom|atk|1\n|turn|7\n|inactive|cardojtv has 30 seconds left.\n|\n|t:|1700078257\n|move|p2b: Landorus|Rock Slide|p1b: Rillaboom|[spread] p1a,p1b\n|-crit|p1b: Rillaboom\n|-damage|p1a: Hydreigon|0 fnt\n|-damage|p1b: Rillaboom|0 fnt\n|faint|p1a: Hydreigon\n|faint|p1b: Rillaboom\n|move|p2a: Gholdengo|Make It Rain|p1: Hydreigon|[notarget]\n|-fail|p2a: Gholdengo\n|\n|upkeep\n|\n|t:|1700078266\n|switch|p1b: Landorus|Landorus-Therian, L50, M, tera:Flying|100\/100\n|-ability|p1b: Landorus|Intimidate|boost\n|-unboost|p2a: Gholdengo|atk|1\n|-unboost|p2b: Landorus|atk|1\n|turn|8\n|\n|t:|1700078289\n|move|p2b: Landorus|Rock Slide|p1b: Landorus\n|-supereffective|p1b: Landorus\n|-damage|p1b: Landorus|56\/100\n|cant|p1b: Landorus|flinch\n|move|p2a: Gholdengo|Shadow Ball|p1b: Landorus\n|-damage|p1b: Landorus|6\/100\n|-damage|p2a: Gholdengo|81\/100|[from] item: Life Orb\n|\n|upkeep\n|turn|9\n|-message|cardojtv forfeited.\n|\n|win|LegacyShowden\n|raw|cardojtv's rating: 1167 &rarr; <strong>1139<\/strong><br \/>(-28 for losing)\n|raw|LegacyShowden's rating: 1120 &rarr; <strong>1148<\/strong><br \/>(+28 for winning)\n|l|\u2606cardojtv\n","uploadtime":1700078345,"views":12,"p1id":"cardojtv","p2id":"legacyshowden","formatid":"gen9vgc2023regulatione","rating":1139,"private":0,"password":""}