{"id":"gen9vgc2023regulatione-1993786381","p1":"monkeyflipping","p2":"bwahacough","format":"[Gen 9] VGC 2023 Regulation E","log":"|j|\u2606monkeyflipping\n|j|\u2606bwahacough\n|t:|1700357107\n|gametype|doubles\n|player|p1|monkeyflipping|burglar|1738\n|player|p2|bwahacough|medium|1772\n|teamsize|p1|6\n|teamsize|p2|6\n|gen|9\n|tier|[Gen 9] VGC 2023 Regulation E\n|rated|\n|rule|Species Clause: Limit one of each Pok\u00e9mon\n|rule|Item Clause: Limit one of each item\n|clearpoke\n|poke|p1|Tornadus, L50, M|\n|poke|p1|Urshifu-*, L50, M|\n|poke|p1|Brambleghast, L50, F|\n|poke|p1|Landorus, L50, M|\n|poke|p1|Iron Bundle, L50|\n|poke|p1|Gholdengo, L50|\n|poke|p2|Lycanroc-Dusk, L50, M|\n|poke|p2|Tornadus, L50, M|\n|poke|p2|Urshifu-*, L50, M|\n|poke|p2|Farigiraf, L50, F|\n|poke|p2|Sinistcha, L50|\n|poke|p2|Iron Bundle, L50|\n|teampreview|4\n|inactive|Battle timer is ON: inactive players will automatically lose when time's up. (requested by monkeyflipping)\nbwahacough has agreed to open team sheets.\n|j| sprocke123\n|inactive|monkeyflipping has 60 seconds left.\n|\n|t:|1700357160\n|start\n|switch|p1a: Tornadus|Tornadus, L50, M|100\/100\n|switch|p1b: StringCheeseMan|Gholdengo, L50, shiny|100\/100\n|switch|p2a: Tornadus|Tornadus, L50, M, shiny|100\/100\n|switch|p2b: Urshifu|Urshifu-Rapid-Strike, L50, M|100\/100\n|turn|1\n|inactive|bwahacough has 30 seconds left.\n|inactive|bwahacough has 20 seconds left.\n|\n|t:|1700357198\n|move|p1a: Tornadus|Tailwind|p1a: Tornadus\n|-sidestart|p1: monkeyflipping|move: Tailwind\n|move|p2a: Tornadus|Tailwind|p2a: Tornadus\n|-sidestart|p2: bwahacough|move: Tailwind\n|move|p2b: Urshifu|Surging Strikes|p1b: StringCheeseMan\n|-crit|p1b: StringCheeseMan\n|-damage|p1b: StringCheeseMan|70\/100\n|-crit|p1b: StringCheeseMan\n|-damage|p1b: StringCheeseMan|42\/100\n|-crit|p1b: StringCheeseMan\n|-damage|p1b: StringCheeseMan|10\/100\n|-hitcount|p1b: StringCheeseMan|3\n|move|p1b: StringCheeseMan|Thunderbolt|p2b: Urshifu\n|-supereffective|p2b: Urshifu\n|-damage|p2b: Urshifu|0 fnt\n|faint|p2b: Urshifu\n|\n|upkeep\n|j| horizonbattle\n|\n|t:|1700357200\n|switch|p2b: Lycanroc|Lycanroc-Dusk, L50, M|100\/100\n|turn|2\n|inactive|monkeyflipping has 30 seconds left.\n|j| thanos kong\n|\n|t:|1700357234\n|move|p1a: Tornadus|Rain Dance|p1a: Tornadus\n|-weather|RainDance\n|move|p2a: Tornadus|Heat Wave|p1a: Tornadus|[spread] p1a,p1b\n|-supereffective|p1b: StringCheeseMan\n|-damage|p1a: Tornadus|87\/100\n|-damage|p1b: StringCheeseMan|0 fnt\n|faint|p1b: StringCheeseMan\n|move|p2b: Lycanroc|Rock Slide|p1a: Tornadus|[miss]\n|-miss|p2b: Lycanroc|p1a: Tornadus\n|\n|-weather|RainDance|[upkeep]\n|upkeep\n|\n|t:|1700357247\n|switch|p1b: Brambleghast|Brambleghast, L50, F|100\/100\n|-ability|p1b: Brambleghast|Wind Rider|boost\n|-boost|p1b: Brambleghast|atk|1\n|turn|3\n|\n|t:|1700357265\n|-terastallize|p1a: Tornadus|Steel\n|-terastallize|p2b: Lycanroc|Rock\n|move|p1a: Tornadus|Bleakwind Storm|p2a: Tornadus|[spread] p2a,p2b\n|-resisted|p2b: Lycanroc\n|-damage|p2a: Tornadus|59\/100\n|-damage|p2b: Lycanroc|72\/100\n|-unboost|p2b: Lycanroc|spe|1\n|move|p2a: Tornadus|Bleakwind Storm|p1b: Brambleghast|[spread] p1a\n|-ability|p1b: Brambleghast|Wind Rider|boost\n|-boost|p1b: Brambleghast|atk|1\n|-resisted|p1a: Tornadus\n|-damage|p1a: Tornadus|67\/100\n|move|p1b: Brambleghast|Poltergeist|p2b: Lycanroc\n|-activate|p2b: Lycanroc|move: Poltergeist|Focus Sash\n|-damage|p2b: Lycanroc|0 fnt\n|faint|p2b: Lycanroc\n|\n|-weather|RainDance|[upkeep]\n|upkeep\n|\n|t:|1700357267\n|switch|p2b: Iron Bundle|Iron Bundle, L50, shiny|100\/100\n|-enditem|p2b: Iron Bundle|Booster Energy\n|-activate|p2b: Iron Bundle|ability: Quark Drive|[fromitem]\n|-start|p2b: Iron Bundle|quarkdrivespe\n|turn|4\n|inactive|monkeyflipping has 30 seconds left.\n|\n|t:|1700357296\n|move|p2b: Iron Bundle|Freeze-Dry|p1b: Brambleghast\n|-supereffective|p1b: Brambleghast\n|-enditem|p1b: Brambleghast|Focus Sash\n|-damage|p1b: Brambleghast|1\/100\n|move|p1a: Tornadus|Bleakwind Storm|p2b: Iron Bundle|[spread] p2a,p2b\n|-damage|p2a: Tornadus|20\/100\n|-damage|p2b: Iron Bundle|42\/100\n|move|p2a: Tornadus|Heat Wave|p1a: Tornadus|[spread] \n|-ability|p1b: Brambleghast|Wind Rider|boost\n|-boost|p1b: Brambleghast|atk|1\n|-miss|p2a: Tornadus|p1a: Tornadus\n|move|p1b: Brambleghast|Power Whip|p2b: Iron Bundle\n|-supereffective|p2b: Iron Bundle\n|-damage|p2b: Iron Bundle|0 fnt\n|faint|p2b: Iron Bundle\n|-end|p2b: Iron Bundle|Quark Drive|[silent]\n|\n|-weather|RainDance|[upkeep]\n|-sideend|p2: bwahacough|move: Tailwind\n|-sideend|p1: monkeyflipping|move: Tailwind\n|upkeep\n|turn|5\n|-message|bwahacough forfeited.\n|\n|win|monkeyflipping\n|raw|monkeyflipping's rating: 1738 &rarr; <strong>1760<\/strong><br \/>(+22 for winning)\n|raw|bwahacough's rating: 1772 &rarr; <strong>1750<\/strong><br \/>(-22 for losing)\n|l|\u2606bwahacough\n","uploadtime":1700357312,"views":18,"p1id":"monkeyflipping","p2id":"bwahacough","formatid":"gen9vgc2023regulatione","rating":1750,"private":0,"password":""}