{"id":"gen9vgc2023regulatione-1999356665","p1":"krlxjms","p2":"Dark Eagle1325","format":"[Gen 9] VGC 2023 Regulation E","log":"|j|\u2606krlxjms\n|j|\u2606Dark Eagle1325\n|t:|1701065921\n|gametype|doubles\n|player|p1|krlxjms|ethan|1082\n|player|p2|Dark Eagle1325|acetrainer-gen4dp|1183\n|teamsize|p1|6\n|teamsize|p2|6\n|gen|9\n|tier|[Gen 9] VGC 2023 Regulation E\n|rated|\n|rule|Species Clause: Limit one of each Pok\u00e9mon\n|rule|Item Clause: Limit one of each item\n|clearpoke\n|poke|p1|Urshifu-*, L50, F|\n|poke|p1|Tornadus, L50, M|\n|poke|p1|Flutter Mane, L50|\n|poke|p1|Roaring Moon, L50|\n|poke|p1|Rillaboom, L50, M|\n|poke|p1|Arcanine-Hisui, L50, M|\n|poke|p2|Dragapult, L50, M|\n|poke|p2|Chien-Pao, L50|\n|poke|p2|Regieleki, L50|\n|poke|p2|Landorus-Therian, L50, M|\n|poke|p2|Ninetales-Alola, L50, F|\n|poke|p2|Tornadus, L50, M|\n|teampreview|4\n|\n|t:|1701065942\n|start\n|switch|p1a: Flutter Mane|Flutter Mane, L50|100\/100\n|switch|p1b: Arcanine|Arcanine-Hisui, L50, M|100\/100\n|switch|p2a: Ninetales|Ninetales-Alola, L50, F|100\/100\n|switch|p2b: Tornadus|Tornadus, L50, M|100\/100\n|-ability|p1b: Arcanine|Intimidate|boost\n|-unboost|p2a: Ninetales|atk|1\n|-unboost|p2b: Tornadus|atk|1\n|-weather|Snow|[from] ability: Snow Warning|[of] p2a: Ninetales\n|turn|1\n|\n|t:|1701065957\n|move|p2b: Tornadus|Tailwind|p2b: Tornadus\n|-sidestart|p2: Dark Eagle1325|move: Tailwind\n|move|p2a: Ninetales|Aurora Veil|p2a: Ninetales\n|-sidestart|p2: Dark Eagle1325|move: Aurora Veil\n|move|p1a: Flutter Mane|Confuse Ray|p2a: Ninetales\n|-start|p2a: Ninetales|confusion\n|move|p1b: Arcanine|Rock Slide|p2a: Ninetales|[spread] p2a,p2b\n|-supereffective|p2a: Ninetales\n|-supereffective|p2b: Tornadus\n|-damage|p2a: Ninetales|50\/100\n|-damage|p2b: Tornadus|28\/100\n|\n|-weather|Snow|[upkeep]\n|upkeep\n|turn|2\n|\n|t:|1701065978\n|move|p1a: Flutter Mane|Helping Hand|p1b: Arcanine\n|-singleturn|p1b: Arcanine|Helping Hand|[of] p1a: Flutter Mane\n|move|p2b: Tornadus|Weather Ball|p1a: Flutter Mane\n|-damage|p1a: Flutter Mane|66\/100\n|-activate|p2a: Ninetales|confusion\n|move|p2a: Ninetales|Blizzard|p1b: Arcanine|[spread] p1a,p1b\n|-resisted|p1b: Arcanine\n|-damage|p1a: Flutter Mane|30\/100\n|-damage|p1b: Arcanine|80\/100\n|move|p1b: Arcanine|Rock Slide|p2a: Ninetales|[spread] p2a,p2b\n|-supereffective|p2a: Ninetales\n|-supereffective|p2b: Tornadus\n|-damage|p2a: Ninetales|0 fnt\n|-damage|p2b: Tornadus|0 fnt\n|faint|p2a: Ninetales\n|faint|p2b: Tornadus\n|\n|-weather|Snow|[upkeep]\n|upkeep\n|\n|t:|1701065993\n|switch|p2b: Chien-Pao|Chien-Pao, L50|100\/100\n|switch|p2a: Dragapult|Dragapult, L50, M|100\/100\n|-ability|p2b: Chien-Pao|Sword of Ruin\n|turn|3\n|\n|t:|1701066012\n|move|p1a: Flutter Mane|Helping Hand|p1b: Arcanine\n|-singleturn|p1b: Arcanine|Helping Hand|[of] p1a: Flutter Mane\n|move|p2a: Dragapult|Disable|p1a: Flutter Mane\n|-start|p1a: Flutter Mane|Disable|Helping Hand\n|move|p2b: Chien-Pao|Sacred Sword|p1b: Arcanine\n|-supereffective|p1b: Arcanine\n|-damage|p1b: Arcanine|0 fnt\n|faint|p1b: Arcanine\n|\n|-weather|Snow|[upkeep]\n|upkeep\n|\n|t:|1701066024\n|switch|p1b: Urshifu|Urshifu-Rapid-Strike, L50, F|100\/100\n|turn|4\n|\n|t:|1701066035\n|-terastallize|p2b: Chien-Pao|Ghost\n|-terastallize|p1b: Urshifu|Water\n|move|p2b: Chien-Pao|Sucker Punch|p1a: Flutter Mane\n|-damage|p1a: Flutter Mane|0 fnt\n|faint|p1a: Flutter Mane\n|-end|p1a: Flutter Mane|Protosynthesis|[silent]\n|move|p2a: Dragapult|Psychic Fangs|p1b: Urshifu\n|-damage|p1b: Urshifu|51\/100\n|-damage|p2a: Dragapult|91\/100|[from] item: Life Orb\n|move|p1b: Urshifu|Surging Strikes|p2b: Chien-Pao\n|-crit|p2b: Chien-Pao\n|-damage|p2b: Chien-Pao|50\/100\n|-crit|p2b: Chien-Pao\n|-damage|p2b: Chien-Pao|1\/100\n|-crit|p2b: Chien-Pao\n|-damage|p2b: Chien-Pao|0 fnt\n|faint|p2b: Chien-Pao\n|-hitcount|p2: Chien-Pao|3\n|-damage|p1b: Urshifu|42\/100|[from] item: Life Orb\n|\n|-weather|Snow|[upkeep]\n|-sideend|p2: Dark Eagle1325|move: Tailwind\n|upkeep\n|\n|t:|1701066049\n|switch|p1a: Rillaboom|Rillaboom, L50, M|100\/100\n|-fieldstart|move: Grassy Terrain|[from] ability: Grassy Surge|[of] p1a: Rillaboom\n|turn|5\n|\n|t:|1701066058\n|move|p1b: Urshifu|Aqua Jet|p2a: Dragapult\n|-resisted|p2a: Dragapult\n|-damage|p2a: Dragapult|75\/100\n|-damage|p1b: Urshifu|32\/100|[from] item: Life Orb\n|move|p2a: Dragapult|Psychic Fangs|p1b: Urshifu\n|-damage|p1b: Urshifu|0 fnt\n|faint|p1b: Urshifu\n|-damage|p2a: Dragapult|66\/100|[from] item: Life Orb\n|move|p1a: Rillaboom|Knock Off|p2a: Dragapult\n|-supereffective|p2a: Dragapult\n|-crit|p2a: Dragapult\n|-damage|p2a: Dragapult|0 fnt\n|-enditem|p2a: Dragapult|Life Orb|[from] move: Knock Off|[of] p1a: Rillaboom\n|faint|p2a: Dragapult\n|\n|win|krlxjms\n|raw|krlxjms's rating: 1082 &rarr; <strong>1118<\/strong><br \/>(+36 for winning)\n|raw|Dark Eagle1325's rating: 1183 &rarr; <strong>1151<\/strong><br \/>(-32 for losing)\n|l|\u2606Dark Eagle1325\n","uploadtime":1701066073,"views":4,"p1id":"krlxjms","p2id":"darkeagle1325","formatid":"gen9vgc2023regulatione","rating":1118,"private":0,"password":""}