{"id":"gen9vgc2023regulatione-1995683471","p1":"SecretAltVGC","p2":"namboyVGC","format":"[Gen 9] VGC 2023 Regulation E","log":"|j|\u2606SecretAltVGC\n|j|\u2606namboyVGC\n|n|\u2606SecretAltVGC|secretaltvgc\n|n|\u2606namboyVGC|namboyvgc\n|html|View the match progress at <a href=\"\/game-bestof3-gen9vgc2023regulatione-1995683470\">game-bestof3-gen9vgc2023regulatione-1995683470<\/a>\n|t:|1700593654\n|gametype|doubles\n|player|p1|SecretAltVGC|unknownf|\n|player|p2|namboyVGC|youngster-gen4dp|\n|teamsize|p1|6\n|teamsize|p2|6\n|gen|9\n|tier|[Gen 9] VGC 2023 Regulation E\n|rule|Species Clause: Limit one of each Pok\u00e9mon\n|rule|Item Clause: Limit one of each item\n|clearpoke\n|poke|p1|Flutter Mane, L50|\n|poke|p1|Heatran, L50, M|\n|poke|p1|Amoonguss, L50, M|\n|poke|p1|Iron Hands, L50|\n|poke|p1|Kingambit, L50, F|\n|poke|p1|Landorus-Therian, L50, M|\n|poke|p2|Farigiraf, L50, M|\n|poke|p2|Gholdengo, L50|\n|poke|p2|Ogerpon-Wellspring, L50, F|\n|poke|p2|Iron Hands, L50|\n|poke|p2|Roaring Moon, L50|\n|poke|p2|Ursaluna-Bloodmoon, L50, M|\n|teampreview|4\n|inactive|Battle timer is ON: inactive players will automatically lose when time's up. (requested by namboyVGC)\nnamboyVGC has agreed to open team sheets.\nSecretAltVGC has agreed to open team sheets.\n|showteam|p1|Flutter Mane||ChoiceSpecs|Protosynthesis|Moonblast,DazzlingGleam,ShadowBall,TrickRoom||||||50|,,,,,Fairy]Heatran||LifeOrb|FlashFire|HeatWave,FlashCannon,EarthPower,Protect|||M|||50|,,,,,Grass]Amoonguss||SitrusBerry|Regenerator|Spore,RagePowder,PollenPuff,Protect|||M|||50|,,,,,Water]Iron Hands||AssaultVest|QuarkDrive|DrainPunch,WildCharge,HeavySlam,FakeOut||||||50|,,,,,Water]Kingambit||BlackGlasses|Defiant|KowtowCleave,SuckerPunch,SwordsDance,Protect|||F|||50|,,,,,Poison]Landorus-Therian||ChoiceScarf|Intimidate|StompingTantrum,RockSlide,TeraBlast,Uturn|||M|||50|,,,,,Flying\n|showteam|p2|Farigiraf||SitrusBerry|ArmorTail|TrickRoom,NastyPlot,Psychic,DazzlingGleam|||M|||50|,,,,,Fairy]Gholdengo||LifeOrb|GoodasGold|ShadowBall,MakeItRain,NastyPlot,Protect||||||50|,,,,,Dragon]Ogerpon-Wellspring||WellspringMask|WaterAbsorb|FollowMe,IvyCudgel,SpikyShield,WoodHammer|||F|||50|,,,,,Water]Iron Hands||AssaultVest|QuarkDrive|FakeOut,DrainPunch,WildCharge,HeavySlam||||||50|,,,,,Fire]Roaring Moon||BoosterEnergy|Protosynthesis|KnockOff,BreakingSwipe,Tailwind,Protect||||||50|,,,,,Poison]Ursaluna-Bloodmoon||NormalGem|MindsEye|HyperVoice,BloodMoon,Protect,EarthPower|||M|||50|,,,,,Normal\n|c|\u2606SecretAltVGC|Glhf\n|c|\u2606namboyVGC|glhf!\n|inactive|SecretAltVGC has 30 seconds left.\n|inactive|namboyVGC has 30 seconds left.\n|inactive|SecretAltVGC has 20 seconds left.\n|inactive|namboyVGC has 20 seconds left.\n|inactive|SecretAltVGC has 15 seconds left.\n|inactive|namboyVGC has 15 seconds left.\n|inactive|SecretAltVGC has 10 seconds left.\n|inactive|namboyVGC has 10 seconds left.\n|\n|t:|1700593705\n|start\n|switch|p1a: Heatran|Heatran, L50, M|100\/100\n|switch|p1b: Landorus|Landorus-Therian, L50, M|100\/100\n|switch|p2a: Ursaluna|Ursaluna-Bloodmoon, L50, M|100\/100\n|switch|p2b: Farigiraf|Farigiraf, L50, M, shiny|100\/100\n|-ability|p1b: Landorus|Intimidate|boost\n|-unboost|p2a: Ursaluna|atk|1\n|-unboost|p2b: Farigiraf|atk|1\n|turn|1\n|inactive|namboyVGC has 30 seconds left.\n|\n|t:|1700593738\n|move|p1b: Landorus|U-turn|p2b: Farigiraf\n|-supereffective|p2b: Farigiraf\n|-damage|p2b: Farigiraf|56\/100\n|\n|t:|1700593740\n|switch|p1b: Amoonguss|Amoonguss, L50, M|100\/100|[from] U-turn\n|move|p1a: Heatran|Heat Wave|p2b: Farigiraf|[spread] p2a,p2b\n|-damage|p2a: Ursaluna|40\/100\n|-damage|p2b: Farigiraf|5\/100\n|-enditem|p2b: Farigiraf|Sitrus Berry|[eat]\n|-heal|p2b: Farigiraf|30\/100|[from] item: Sitrus Berry\n|-damage|p1a: Heatran|91\/100|[from] item: Life Orb\n|move|p2a: Ursaluna|Blood Moon|p1b: Amoonguss\n|-enditem|p2a: Ursaluna|Normal Gem|[from] gem\n|-crit|p1b: Amoonguss\n|-damage|p1b: Amoonguss|0 fnt\n|faint|p1b: Amoonguss\n|move|p2b: Farigiraf|Trick Room|p2b: Farigiraf\n|-fieldstart|move: Trick Room|[of] p2b: Farigiraf\n|\n|upkeep\n|\n|t:|1700593757\n|switch|p1b: Kingambit|Kingambit, L50, F|100\/100\n|turn|2\n|\n|t:|1700593771\n|move|p2a: Ursaluna|Protect|p2a: Ursaluna\n|-singleturn|p2a: Ursaluna|Protect\n|move|p1a: Heatran|Protect|p1a: Heatran\n|-singleturn|p1a: Heatran|Protect\n|move|p2b: Farigiraf|Nasty Plot|p2b: Farigiraf\n|-boost|p2b: Farigiraf|spa|2\n|move|p1b: Kingambit|Kowtow Cleave|p2a: Ursaluna\n|-activate|p2a: Ursaluna|move: Protect\n|\n|upkeep\n|turn|3\n|\n|t:|1700593790\n|switch|p1a: Landorus|Landorus-Therian, L50, M|100\/100\n|-ability|p1a: Landorus|Intimidate|boost\n|-unboost|p2a: Ursaluna|atk|1\n|-unboost|p2b: Farigiraf|atk|1\n|-terastallize|p2b: Farigiraf|Fairy\n|move|p2a: Ursaluna|Earth Power|p1a: Landorus\n|-immune|p1a: Landorus\n|move|p1b: Kingambit|Kowtow Cleave|p2a: Ursaluna\n|-damage|p2a: Ursaluna|0 fnt\n|faint|p2a: Ursaluna\n|move|p2b: Farigiraf|Psychic|p1a: Landorus\n|-damage|p1a: Landorus|5\/100\n|\n|upkeep\n|\n|t:|1700593803\n|switch|p2a: Iron Hands|Iron Hands, L50|100\/100\n|turn|4\n|\n|t:|1700593811\n|switch|p1a: Heatran|Heatran, L50, M|91\/100\n|move|p1b: Kingambit|Protect|p1b: Kingambit\n|-singleturn|p1b: Kingambit|Protect\n|move|p2a: Iron Hands|Fake Out|p1b: Kingambit\n|-activate|p1b: Kingambit|move: Protect\n|move|p2b: Farigiraf|Dazzling Gleam|p1a: Heatran|[spread] p1a\n|-activate|p1b: Kingambit|move: Protect\n|-resisted|p1a: Heatran\n|-damage|p1a: Heatran|78\/100\n|\n|upkeep\n|turn|5\n|inactive|namboyVGC has 30 seconds left.\n|\n|t:|1700593838\n|switch|p1b: Landorus|Landorus-Therian, L50, M|5\/100\n|-ability|p1b: Landorus|Intimidate|boost\n|-unboost|p2a: Iron Hands|atk|1\n|-unboost|p2b: Farigiraf|atk|1\n|move|p1a: Heatran|Protect|p1a: Heatran\n|-singleturn|p1a: Heatran|Protect\n|move|p2b: Farigiraf|Dazzling Gleam|p1a: Heatran|[spread] p1b\n|-activate|p1a: Heatran|move: Protect\n|-damage|p1b: Landorus|0 fnt\n|faint|p1b: Landorus\n|move|p2a: Iron Hands|Drain Punch|p1a: Heatran\n|-activate|p1a: Heatran|move: Protect\n|\n|-fieldend|move: Trick Room\n|upkeep\n|\n|t:|1700593840\n|switch|p1b: Kingambit|Kingambit, L50, F|100\/100\n|turn|6\n|\n|t:|1700593865\n|-terastallize|p1b: Kingambit|Poison\n|move|p1a: Heatran|Flash Cannon|p2b: Farigiraf\n|-supereffective|p2b: Farigiraf\n|-damage|p2b: Farigiraf|0 fnt\n|faint|p2b: Farigiraf\n|-damage|p1a: Heatran|68\/100|[from] item: Life Orb\n|move|p2a: Iron Hands|Drain Punch|p1a: Heatran\n|-supereffective|p1a: Heatran\n|-damage|p1a: Heatran|15\/100\n|move|p1b: Kingambit|Swords Dance|p1b: Kingambit\n|-boost|p1b: Kingambit|atk|2\n|\n|upkeep\n|\n|t:|1700593876\n|switch|p2b: Gholdengo|Gholdengo, L50|100\/100\n|turn|7\n|\n|t:|1700593890\n|move|p1a: Heatran|Protect|p1a: Heatran\n|-singleturn|p1a: Heatran|Protect\n|move|p2b: Gholdengo|Shadow Ball|p1b: Kingambit\n|-damage|p1b: Kingambit|45\/100\n|-damage|p2b: Gholdengo|91\/100|[from] item: Life Orb\n|move|p2a: Iron Hands|Wild Charge|p1b: Kingambit\n|-damage|p1b: Kingambit|20\/100\n|-damage|p2a: Iron Hands|95\/100|[from] Recoil\n|move|p1b: Kingambit|Kowtow Cleave|p2b: Gholdengo\n|-supereffective|p2b: Gholdengo\n|-damage|p2b: Gholdengo|0 fnt\n|faint|p2b: Gholdengo\n|\n|upkeep\n|turn|8\n|inactive|SecretAltVGC has 30 seconds left.\n|\n|t:|1700593916\n|move|p1b: Kingambit|Sucker Punch|p2a: Iron Hands\n|-resisted|p2a: Iron Hands\n|-damage|p2a: Iron Hands|63\/100\n|move|p1a: Heatran|Earth Power|p2a: Iron Hands\n|-supereffective|p2a: Iron Hands\n|-damage|p2a: Iron Hands|17\/100\n|-damage|p1a: Heatran|5\/100|[from] item: Life Orb\n|move|p2a: Iron Hands|Drain Punch|p1a: Heatran\n|-supereffective|p1a: Heatran\n|-damage|p1a: Heatran|0 fnt\n|-heal|p2a: Iron Hands|19\/100|[from] drain|[of] p1a: Heatran\n|faint|p1a: Heatran\n|\n|upkeep\n|turn|9\n|\n|t:|1700593929\n|move|p1b: Kingambit|Sucker Punch|p2a: Iron Hands\n|-resisted|p2a: Iron Hands\n|-damage|p2a: Iron Hands|0 fnt\n|faint|p2a: Iron Hands\n|-end|p2a: Iron Hands|Quark Drive|[silent]\n|\n|win|SecretAltVGC\n|c|&|\/uhtml prompt-namboyvgc,namboyVGC is ready for game 2!\n|c|&|\/uhtml prompt-secretaltvgc,SecretAltVGC is ready for game 2!\nBoth players are ready! Starting next match!\n","uploadtime":1700593933,"views":1,"p1id":"secretaltvgc","p2id":"namboyvgc","formatid":"gen9vgc2023regulatione","rating":0,"private":0,"password":""}