{"id":"gen9vgc2023regulatione-1993880888","p1":"Fuecocodagoat!","p2":"Syph0n_78","format":"[Gen 9] VGC 2023 Regulation E","log":"|j|\u2606Fuecocodagoat!\n|j|\u2606Syph0n_78\n|t:|1700369363\n|gametype|doubles\n|player|p1|Fuecocodagoat!|102|1130\n|player|p2|Syph0n_78|iris-gen5bw2|1040\n|teamsize|p1|6\n|teamsize|p2|6\n|gen|9\n|tier|[Gen 9] VGC 2023 Regulation E\n|rated|\n|rule|Species Clause: Limit one of each Pok\u00e9mon\n|rule|Item Clause: Limit one of each item\n|clearpoke\n|poke|p1|Enamorus, L50, F|\n|poke|p1|Thundurus, L50, M|\n|poke|p1|Annihilape, L50, M|\n|poke|p1|Chi-Yu, L50|\n|poke|p1|Urshifu-*, L50, F|\n|poke|p1|Ogerpon-Hearthflame, L50, F|\n|poke|p2|Cetitan, L50, M|\n|poke|p2|Ninetales-Alola, L50, F|\n|poke|p2|Sinistcha-Masterpiece, L50|\n|poke|p2|Clefairy, L50, M|\n|poke|p2|Dondozo, L50, F|\n|poke|p2|Tatsugiri-Droopy, L50, M|\n|teampreview|4\n|\n|t:|1700369384\n|start\n|switch|p1a: Thundurus|Thundurus, L50, M|100\/100\n|switch|p1b: Enamorus|Enamorus, L50, F|100\/100\n|switch|p2a: Cetitan|Cetitan, L50, M, shiny|100\/100\n|switch|p2b: Clefairy|Clefairy, L50, M|100\/100\n|turn|1\n|\n|t:|1700369400\n|move|p2b: Clefairy|Follow Me|p2b: Clefairy\n|-singleturn|p2b: Clefairy|move: Follow Me\n|move|p1a: Thundurus|Eerie Impulse|p2b: Clefairy\n|-unboost|p2b: Clefairy|spa|2\n|move|p1b: Enamorus|Dazzling Gleam|p2a: Cetitan|[spread] p2a,p2b\n|-damage|p2a: Cetitan|81\/100\n|-damage|p2b: Clefairy|68\/100\n|move|p2a: Cetitan|Belly Drum|p2a: Cetitan\n|-damage|p2a: Cetitan|31\/100\n|-setboost|p2a: Cetitan|atk|6|[from] move: Belly Drum\n|-enditem|p2a: Cetitan|Sitrus Berry|[eat]\n|-heal|p2a: Cetitan|56\/100|[from] item: Sitrus Berry\n|\n|upkeep\n|turn|2\n|\n|t:|1700369421\n|switch|p2b: Ninetales|Ninetales-Alola, L50, F|100\/100\n|-weather|Snow|[from] ability: Snow Warning|[of] p2b: Ninetales\n|move|p1b: Enamorus|Protect|p1b: Enamorus\n|-singleturn|p1b: Enamorus|Protect\n|move|p2a: Cetitan|Ice Shard|p1b: Enamorus\n|-activate|p1b: Enamorus|move: Protect\n|move|p1a: Thundurus|Eerie Impulse|p1b: Enamorus\n|-activate|p1b: Enamorus|move: Protect\n|\n|-weather|Snow|[upkeep]\n|upkeep\n|turn|3\n|\n|t:|1700369444\n|move|p2a: Cetitan|Ice Shard|p1b: Enamorus\n|-supereffective|p1b: Enamorus\n|-damage|p1b: Enamorus|0 fnt\n|faint|p1b: Enamorus\n|move|p1a: Thundurus|Eerie Impulse|p1: Enamorus|[notarget]\n|-fail|p1a: Thundurus\n|move|p2b: Ninetales|Aurora Veil|p2b: Ninetales\n|-sidestart|p2: Syph0n_78|move: Aurora Veil\n|\n|-weather|Snow|[upkeep]\n|upkeep\n|\n|t:|1700369460\n|switch|p1b: Ogerpon|Ogerpon-Hearthflame, L50, F|100\/100\n|-ability|p1b: Ogerpon|Mold Breaker\n|turn|4\n|\n|t:|1700369484\n|move|p1a: Thundurus|Scary Face|p2a: Cetitan\n|-unboost|p2a: Cetitan|spe|2\n|move|p2b: Ninetales|Blizzard|p1b: Ogerpon|[spread] p1a,p1b\n|-supereffective|p1a: Thundurus\n|-crit|p1a: Thundurus\n|-damage|p1a: Thundurus|32\/100\n|-damage|p1b: Ogerpon|72\/100\n|-status|p1b: Ogerpon|frz\n|-curestatus|p1b: Ogerpon|frz|[msg]\n|move|p1b: Ogerpon|Ivy Cudgel|p2b: Ninetales|[anim] Ivy Cudgel Fire\n|-supereffective|p2b: Ninetales\n|-damage|p2b: Ninetales|41\/100\n|move|p2a: Cetitan|Earthquake|p1a: Thundurus|[spread] p2b,p1b\n|-immune|p1a: Thundurus\n|-damage|p2b: Ninetales|0 fnt\n|-damage|p1b: Ogerpon|0 fnt\n|faint|p2b: Ninetales\n|faint|p1b: Ogerpon\n|\n|-weather|Snow|[upkeep]\n|upkeep\n|\n|t:|1700369507\n|switch|p2b: Sinistcha|Sinistcha-Masterpiece, L50|100\/100\n|switch|p1b: Urshifu|Urshifu-Rapid-Strike, L50, F|100\/100\n|-heal|p2a: Cetitan|81\/100|[from] ability: Hospitality|[of] p2b: Sinistcha\n|turn|5\n|\n|t:|1700369532\n|move|p2a: Cetitan|Protect|p2a: Cetitan\n|-singleturn|p2a: Cetitan|Protect\n|move|p1b: Urshifu|Surging Strikes|p2a: Cetitan\n|-crit|p2a: Cetitan\n|-damage|p2a: Cetitan|70\/100\n|-crit|p2a: Cetitan\n|-damage|p2a: Cetitan|58\/100\n|-crit|p2a: Cetitan\n|-damage|p2a: Cetitan|46\/100\n|-hitcount|p2a: Cetitan|3\n|move|p1a: Thundurus|Thunderbolt|p2a: Cetitan\n|-activate|p2a: Cetitan|move: Protect\n|move|p2b: Sinistcha|Trick Room|p2b: Sinistcha\n|-fieldstart|move: Trick Room|[of] p2b: Sinistcha\n|\n|-weather|Snow|[upkeep]\n|upkeep\n|turn|6\n|\n|t:|1700369555\n|move|p2b: Sinistcha|Rage Powder|p2b: Sinistcha\n|-singleturn|p2b: Sinistcha|move: Rage Powder\n|move|p2a: Cetitan|Earthquake|p1a: Thundurus|[spread] p2b,p1b\n|-immune|p1a: Thundurus\n|-resisted|p2b: Sinistcha\n|-damage|p2b: Sinistcha|73\/100\n|-damage|p1b: Urshifu|6\/100\n|move|p1a: Thundurus|Thunderbolt|p2b: Sinistcha\n|-resisted|p2b: Sinistcha\n|-damage|p2b: Sinistcha|63\/100\n|move|p1b: Urshifu|Surging Strikes|p2b: Sinistcha\n|-resisted|p2b: Sinistcha\n|-crit|p2b: Sinistcha\n|-damage|p2b: Sinistcha|54\/100\n|-damage|p1b: Urshifu|0 fnt|[from] item: Rocky Helmet|[of] p2b: Sinistcha\n|faint|p1b: Urshifu\n|-hitcount|p2b: Sinistcha|1\n|\n|-weather|none\n|upkeep\n|turn|7\n|\n|t:|1700369574\n|move|p2a: Cetitan|Ice Shard|p1a: Thundurus\n|-supereffective|p1a: Thundurus\n|-damage|p1a: Thundurus|0 fnt\n|faint|p1a: Thundurus\n|\n|win|Syph0n_78\n|raw|Fuecocodagoat!'s rating: 1130 &rarr; <strong>1099<\/strong><br \/>(-31 for losing)\n|raw|Syph0n_78's rating: 1040 &rarr; <strong>1083<\/strong><br \/>(+43 for winning)\n|c|\u2606Fuecocodagoat!|gg\n|l|\u2606Fuecocodagoat!\n","uploadtime":1700369580,"views":20,"p1id":"fuecocodagoat","p2id":"syph0n78","formatid":"gen9vgc2023regulatione","rating":1083,"private":0,"password":""}