{"id":"gen9vgc2023regulatione-1992493364","p1":"Chaizen Hirussa","p2":"WillieDangerously","format":"[Gen 9] VGC 2023 Regulation E","log":"|j|\u2606Chaizen Hirussa\n|j|\u2606WillieDangerously\n|t:|1700194618\n|gametype|doubles\n|player|p1|Chaizen Hirussa|bugcatcher-gen4dp|1402\n|player|p2|WillieDangerously|psychic-gen4|1474\n|teamsize|p1|6\n|teamsize|p2|6\n|gen|9\n|tier|[Gen 9] VGC 2023 Regulation E\n|rated|\n|rule|Species Clause: Limit one of each Pok\u00e9mon\n|rule|Item Clause: Limit one of each item\n|clearpoke\n|poke|p1|Zapdos-Galar, L50|\n|poke|p1|Roaring Moon, L50|\n|poke|p1|Gholdengo, L50|\n|poke|p1|Arcanine-Hisui, L50, M|\n|poke|p1|Rillaboom, L50, F|\n|poke|p1|Milotic, L50, F|\n|poke|p2|Iron Hands, L50|\n|poke|p2|Iron Bundle, L50|\n|poke|p2|Landorus-Therian, L50, M|\n|poke|p2|Sinistcha, L50|\n|poke|p2|Ninetales-Alola, L50, M|\n|poke|p2|Heatran, L50, F|\n|teampreview|4\n|inactive|Battle timer is ON: inactive players will automatically lose when time's up. (requested by Chaizen Hirussa)\n|inactive|Chaizen Hirussa has 60 seconds left.\n|inactive|WillieDangerously has 60 seconds left.\n|\n|t:|1700194666\n|start\n|switch|p1a: Milotic|Milotic, L50, F|100\/100\n|switch|p1b: Rillaboom|Rillaboom, L50, F|100\/100\n|switch|p2a: Iron Bundle|Iron Bundle, L50|100\/100\n|switch|p2b: Ninetales|Ninetales-Alola, L50, M|100\/100\n|-weather|Snow|[from] ability: Snow Warning|[of] p2b: Ninetales\n|-fieldstart|move: Grassy Terrain|[from] ability: Grassy Surge|[of] p1b: Rillaboom\n|-enditem|p2a: Iron Bundle|Booster Energy\n|-activate|p2a: Iron Bundle|ability: Quark Drive|[fromitem]\n|-start|p2a: Iron Bundle|quarkdrivespe\n|turn|1\n|\n|t:|1700194689\n|switch|p1b: Arcanine|Arcanine-Hisui, L50, M|100\/100\n|-ability|p1b: Arcanine|Intimidate|boost\n|-unboost|p2a: Iron Bundle|atk|1\n|-unboost|p2b: Ninetales|atk|1\n|move|p2a: Iron Bundle|Protect|p2a: Iron Bundle\n|-singleturn|p2a: Iron Bundle|Protect\n|move|p2b: Ninetales|Aurora Veil|p2b: Ninetales\n|-sidestart|p2: WillieDangerously|move: Aurora Veil\n|move|p1a: Milotic|Coil|p1a: Milotic\n|-boost|p1a: Milotic|atk|1\n|-boost|p1a: Milotic|def|1\n|-boost|p1a: Milotic|accuracy|1\n|\n|-weather|Snow|[upkeep]\n|upkeep\n|turn|2\n|inactive|Chaizen Hirussa has 30 seconds left.\n|\n|t:|1700194724\n|-terastallize|p1b: Arcanine|Psychic\n|move|p2a: Iron Bundle|Hydro Pump|p1b: Arcanine\n|-damage|p1b: Arcanine|59\/100\n|move|p2b: Ninetales|Blizzard|p1b: Arcanine|[spread] p1a,p1b\n|-resisted|p1a: Milotic\n|-crit|p1a: Milotic\n|-damage|p1a: Milotic|86\/100\n|-damage|p1b: Arcanine|39\/100\n|move|p1b: Arcanine|Psychic Fangs|p2b: Ninetales\n|-sideend|p2: WillieDangerously|move: Aurora Veil\n|-damage|p2b: Ninetales|64\/100\n|move|p1a: Milotic|Icy Wind|p2a: Iron Bundle|[spread] p2a,p2b\n|-resisted|p2a: Iron Bundle\n|-resisted|p2b: Ninetales\n|-damage|p2a: Iron Bundle|94\/100\n|-damage|p2b: Ninetales|58\/100\n|-unboost|p2a: Iron Bundle|spe|1\n|-unboost|p2b: Ninetales|spe|1\n|\n|-weather|Snow|[upkeep]\n|-heal|p2a: Iron Bundle|100\/100|[from] Grassy Terrain\n|-heal|p1b: Arcanine|45\/100|[from] Grassy Terrain\n|-heal|p2b: Ninetales|64\/100|[from] Grassy Terrain\n|-heal|p1a: Milotic|92\/100|[from] Grassy Terrain\n|-heal|p1a: Milotic|98\/100|[from] item: Leftovers\n|upkeep\n|turn|3\n|inactive|Chaizen Hirussa has 30 seconds left.\n|inactive|WillieDangerously has 30 seconds left.\n|inactive|WillieDangerously has 20 seconds left.\n|inactive|WillieDangerously has 15 seconds left.\n|\n|t:|1700194767\n|move|p2b: Ninetales|Helping Hand|p2a: Iron Bundle\n|-singleturn|p2a: Iron Bundle|Helping Hand|[of] p2b: Ninetales\n|move|p2a: Iron Bundle|Blizzard|p1a: Milotic|[spread] p1a,p1b\n|-resisted|p1a: Milotic\n|-damage|p1a: Milotic|77\/100\n|-damage|p1b: Arcanine|0 fnt\n|faint|p1b: Arcanine\n|move|p1a: Milotic|Icy Wind|p2b: Ninetales|[spread] p2a,p2b\n|-resisted|p2a: Iron Bundle\n|-resisted|p2b: Ninetales\n|-damage|p2a: Iron Bundle|94\/100\n|-damage|p2b: Ninetales|58\/100\n|-unboost|p2a: Iron Bundle|spe|1\n|-unboost|p2b: Ninetales|spe|1\n|\n|-weather|Snow|[upkeep]\n|-heal|p2a: Iron Bundle|100\/100|[from] Grassy Terrain\n|-heal|p1a: Milotic|83\/100|[from] Grassy Terrain\n|-heal|p1a: Milotic|89\/100|[from] item: Leftovers\n|-heal|p2b: Ninetales|64\/100|[from] Grassy Terrain\n|upkeep\n|\n|t:|1700194786\n|switch|p1b: Zapdos|Zapdos-Galar, L50|100\/100\n|-enditem|p1b: Zapdos|Grassy Seed\n|-boost|p1b: Zapdos|def|1|[from] item: Grassy Seed\n|turn|4\n|\n|t:|1700194819\n|-end|p2a: Iron Bundle|Quark Drive|[silent]\n|switch|p2a: Sinistcha|Sinistcha, L50|100\/100\n|-heal|p2b: Ninetales|89\/100|[from] ability: Hospitality|[of] p2a: Sinistcha\n|move|p1b: Zapdos|Thunderous Kick|p2a: Sinistcha\n|-immune|p2a: Sinistcha\n|move|p1a: Milotic|Coil|p1a: Milotic\n|-boost|p1a: Milotic|atk|1\n|-boost|p1a: Milotic|def|1\n|-boost|p1a: Milotic|accuracy|1\n|move|p2b: Ninetales|Aurora Veil|p2b: Ninetales\n|-sidestart|p2: WillieDangerously|move: Aurora Veil\n|\n|-weather|Snow|[upkeep]\n|-heal|p1a: Milotic|95\/100|[from] Grassy Terrain\n|-heal|p1a: Milotic|100\/100|[from] item: Leftovers\n|-heal|p2b: Ninetales|95\/100|[from] Grassy Terrain\n|upkeep\n|turn|5\n|inactive|WillieDangerously has 30 seconds left.\n|inactive|WillieDangerously has 20 seconds left.\n|\n|t:|1700194857\n|move|p1b: Zapdos|Thunderous Kick|p2b: Ninetales\n|-damage|p2b: Ninetales|74\/100\n|-unboost|p2b: Ninetales|def|1\n|move|p1a: Milotic|Icy Wind|p2a: Sinistcha|[spread] p2a,p2b\n|-supereffective|p2a: Sinistcha\n|-resisted|p2b: Ninetales\n|-damage|p2a: Sinistcha|83\/100\n|-damage|p2b: Ninetales|70\/100\n|-unboost|p2a: Sinistcha|spe|1\n|-unboost|p2b: Ninetales|spe|1\n|move|p2b: Ninetales|Blizzard|p1a: Milotic|[spread] p1a,p1b\n|-resisted|p1a: Milotic\n|-supereffective|p1b: Zapdos\n|-damage|p1a: Milotic|92\/100\n|-damage|p1b: Zapdos|57\/100\n|move|p2a: Sinistcha|Matcha Gotcha|p1a: Milotic|[spread] p1a,p1b\n|-supereffective|p1a: Milotic\n|-resisted|p1b: Zapdos\n|-damage|p1a: Milotic|32\/100\n|-heal|p2a: Sinistcha|100\/100|[from] drain|[of] p1a: Milotic\n|-damage|p1b: Zapdos|40\/100\n|-status|p1a: Milotic|brn\n|\n|-weather|none\n|-heal|p1a: Milotic|38\/100 brn|[from] Grassy Terrain\n|-heal|p1a: Milotic|44\/100 brn|[from] item: Leftovers\n|-heal|p2b: Ninetales|75\/100|[from] Grassy Terrain\n|-damage|p1a: Milotic|38\/100 brn|[from] brn\n|-fieldend|move: Grassy Terrain\n|upkeep\n|turn|6\n|inactive|Chaizen Hirussa has 30 seconds left.\n|inactive|WillieDangerously has 30 seconds left.\n|inactive|Chaizen Hirussa has 20 seconds left.\n|inactive|WillieDangerously has 20 seconds left.\n|inactive|Chaizen Hirussa has 15 seconds left.\n|\n|t:|1700194900\n|move|p1b: Zapdos|Acrobatics|p2a: Sinistcha\n|-supereffective|p2a: Sinistcha\n|-damage|p2a: Sinistcha|39\/100\n|-enditem|p2a: Sinistcha|Sitrus Berry|[eat]\n|-heal|p2a: Sinistcha|64\/100|[from] item: Sitrus Berry\n|move|p1a: Milotic|Hydro Pump|p2b: Ninetales\n|-damage|p2b: Ninetales|41\/100\n|move|p2b: Ninetales|Moonblast|p1b: Zapdos\n|-supereffective|p1b: Zapdos\n|-damage|p1b: Zapdos|0 fnt\n|faint|p1b: Zapdos\n|move|p2a: Sinistcha|Trick Room|p2a: Sinistcha\n|-fieldstart|move: Trick Room|[of] p2a: Sinistcha\n|\n|-heal|p1a: Milotic|44\/100 brn|[from] item: Leftovers\n|-damage|p1a: Milotic|38\/100 brn|[from] brn\n|upkeep\n|\n|t:|1700194914\n|switch|p1b: Rillaboom|Rillaboom, L50, F|100\/100\n|-fieldstart|move: Grassy Terrain|[from] ability: Grassy Surge|[of] p1b: Rillaboom\n|turn|7\n|\n|t:|1700194933\n|move|p2b: Ninetales|Helping Hand|p2a: Sinistcha\n|-singleturn|p2a: Sinistcha|Helping Hand|[of] p2b: Ninetales\n|move|p1b: Rillaboom|Fake Out|p2b: Ninetales\n|-damage|p2b: Ninetales|20\/100\n|-damage|p1b: Rillaboom|91\/100|[from] item: Life Orb\n|move|p2a: Sinistcha|Matcha Gotcha|p1b: Rillaboom|[spread] p1b\n|-miss|p2a: Sinistcha|p1a: Milotic\n|-resisted|p1b: Rillaboom\n|-damage|p1b: Rillaboom|59\/100\n|-heal|p2a: Sinistcha|83\/100|[from] drain|[of] p1b: Rillaboom\n|-status|p1b: Rillaboom|brn\n|move|p1a: Milotic|Icy Wind|p2b: Ninetales|[spread] p2a,p2b\n|-supereffective|p2a: Sinistcha\n|-resisted|p2b: Ninetales\n|-damage|p2a: Sinistcha|66\/100\n|-damage|p2b: Ninetales|16\/100\n|-unboost|p2a: Sinistcha|spe|1\n|-unboost|p2b: Ninetales|spe|1\n|\n|-heal|p2a: Sinistcha|72\/100|[from] Grassy Terrain\n|-heal|p2b: Ninetales|22\/100|[from] Grassy Terrain\n|-heal|p1b: Rillaboom|65\/100 brn|[from] Grassy Terrain\n|-heal|p1a: Milotic|44\/100 brn|[from] Grassy Terrain\n|-heal|p1a: Milotic|50\/100 brn|[from] item: Leftovers\n|-damage|p1b: Rillaboom|59\/100 brn|[from] brn\n|-damage|p1a: Milotic|44\/100 brn|[from] brn\n|upkeep\n|turn|8\n|inactive|Chaizen Hirussa has 30 seconds left.\n|\n|t:|1700194959\n|move|p1b: Rillaboom|Grassy Glide|p2b: Ninetales\n|-damage|p2b: Ninetales|0 fnt\n|faint|p2b: Ninetales\n|-damage|p1b: Rillaboom|49\/100 brn|[from] item: Life Orb\n|move|p2a: Sinistcha|Matcha Gotcha|p1a: Milotic|[spread] p1a,p1b\n|-supereffective|p1a: Milotic\n|-resisted|p1b: Rillaboom\n|-damage|p1a: Milotic|0 fnt\n|-heal|p2a: Sinistcha|97\/100|[from] drain|[of] p1a: Milotic\n|-damage|p1b: Rillaboom|28\/100 brn\n|-heal|p2a: Sinistcha|100\/100|[from] drain|[of] p1b: Rillaboom\n|faint|p1a: Milotic\n|\n|-heal|p1b: Rillaboom|34\/100 brn|[from] Grassy Terrain\n|-damage|p1b: Rillaboom|28\/100 brn|[from] brn\n|upkeep\n|\n|t:|1700194972\n|switch|p2b: Heatran|Heatran, L50, F|100\/100\n|turn|9\n|-message|Chaizen Hirussa forfeited.\n|\n|win|WillieDangerously\n|raw|Chaizen Hirussa's rating: 1402 &rarr; <strong>1386<\/strong><br \/>(-16 for losing)\n|raw|WillieDangerously's rating: 1474 &rarr; <strong>1490<\/strong><br \/>(+16 for winning)\n|l|\u2606Chaizen Hirussa\n","uploadtime":1700194986,"views":16,"p1id":"chaizenhirussa","p2id":"williedangerously","formatid":"gen9vgc2023regulatione","rating":1386,"private":0,"password":""}