{"id":"gen9vgc2023regulatione-1990331078","p1":"pub reject","p2":"Brigdaddy","format":"[Gen 9] VGC 2023 Regulation E","log":"|j|\u2606pub reject\n|j|\u2606Brigdaddy\n|t:|1699957878\n|gametype|doubles\n|player|p1|pub reject|101|1153\n|player|p2|Brigdaddy|102|1145\n|teamsize|p1|6\n|teamsize|p2|6\n|gen|9\n|tier|[Gen 9] VGC 2023 Regulation E\n|rated|\n|rule|Species Clause: Limit one of each Pok\u00e9mon\n|rule|Item Clause: Limit one of each item\n|clearpoke\n|poke|p1|Gholdengo, L50|\n|poke|p1|Murkrow, L50, F|\n|poke|p1|Regidrago, L50|\n|poke|p1|Ogerpon-Wellspring, L50, F|\n|poke|p1|Maushold-Four, L50|\n|poke|p1|Riolu, L50, F|\n|poke|p2|Scizor, L50, M|\n|poke|p2|Pelipper, L50, F|\n|poke|p2|Cresselia, L50, F|\n|poke|p2|Ursaluna, L50, M|\n|poke|p2|Regieleki, L50|\n|poke|p2|Weavile, L50, M|\n|teampreview|4\n|\n|t:|1699957902\n|start\n|switch|p1a: Murkrow|Murkrow, L50, F|100\/100\n|switch|p1b: Gholdengo|Gholdengo, L50|100\/100\n|switch|p2a: Weavile|Weavile, L50, M|100\/100\n|switch|p2b: Regieleki|Regieleki, L50|100\/100\n|-ability|p2a: Weavile|Pressure\n|turn|1\n|inactive|Battle timer is ON: inactive players will automatically lose when time's up. (requested by pub reject)\n|\n|t:|1699957937\n|move|p1b: Gholdengo|Protect|p1b: Gholdengo\n|-singleturn|p1b: Gholdengo|Protect\n|move|p1a: Murkrow|Tailwind|p1a: Murkrow\n|-sidestart|p1: pub reject|move: Tailwind\n|move|p2b: Regieleki|Volt Switch|p1a: Murkrow\n|-supereffective|p1a: Murkrow\n|-enditem|p1a: Murkrow|Focus Sash\n|-damage|p1a: Murkrow|1\/100\n|\n|t:|1699957947\n|switch|p2b: Scizor|Scizor, L50, M|100\/100|[from] Volt Switch\n|move|p2a: Weavile|Knock Off|p1b: Gholdengo\n|-activate|p1b: Gholdengo|move: Protect\n|\n|upkeep\n|turn|2\n|\n|t:|1699957968\n|move|p2a: Weavile|Protect|p2a: Weavile\n|-singleturn|p2a: Weavile|Protect\n|move|p1a: Murkrow|Sucker Punch|p1b: Gholdengo\n|-supereffective|p1b: Gholdengo\n|-damage|p1b: Gholdengo|49\/100\n|-enditem|p1b: Gholdengo|Weakness Policy\n|-boost|p1b: Gholdengo|atk|2|[from] item: Weakness Policy\n|-boost|p1b: Gholdengo|spa|2|[from] item: Weakness Policy\n|move|p1b: Gholdengo|Dazzling Gleam|p2a: Weavile|[spread] p2b\n|-activate|p2a: Weavile|move: Protect\n|-resisted|p2b: Scizor\n|-damage|p2b: Scizor|81\/100\n|move|p2b: Scizor|U-turn|p1a: Murkrow\n|-damage|p1a: Murkrow|0 fnt\n|faint|p1a: Murkrow\n|\n|t:|1699957986\n|switch|p2b: Regieleki|Regieleki, L50|100\/100|[from] U-turn\n|\n|upkeep\n|\n|t:|1699957991\n|switch|p1a: Maushold|Maushold-Four, L50|100\/100\n|turn|3\n|\n|t:|1699957999\n|switch|p2a: Scizor|Scizor, L50, M|81\/100\n|move|p1a: Maushold|Follow Me|p1a: Maushold\n|-singleturn|p1a: Maushold|move: Follow Me\n|move|p1b: Gholdengo|Dazzling Gleam|p2a: Scizor|[spread] p2a,p2b\n|-resisted|p2a: Scizor\n|-damage|p2a: Scizor|61\/100\n|-damage|p2b: Regieleki|16\/100\n|move|p2b: Regieleki|Electroweb|p1b: Gholdengo|[spread] p1b\n|-miss|p2b: Regieleki|p1a: Maushold\n|-damage|p1b: Gholdengo|5\/100\n|-unboost|p1b: Gholdengo|spe|1\n|\n|upkeep\n|turn|4\n|inactive|pub reject has 30 seconds left.\n|\n|t:|1699958025\n|move|p1a: Maushold|Follow Me|p1a: Maushold\n|-singleturn|p1a: Maushold|move: Follow Me\n|move|p2a: Scizor|Bullet Punch|p1a: Maushold\n|-damage|p1a: Maushold|55\/100\n|move|p2b: Regieleki|Electroweb|p1b: Gholdengo|[spread] p1a,p1b\n|-damage|p1a: Maushold|15\/100\n|-damage|p1b: Gholdengo|0 fnt\n|-unboost|p1a: Maushold|spe|1\n|faint|p1b: Gholdengo\n|\n|-sideend|p1: pub reject|move: Tailwind\n|upkeep\n|\n|t:|1699958036\n|switch|p1b: Ogerpon|Ogerpon-Wellspring, L50, F|100\/100\n|turn|5\n|\n|t:|1699958050\n|move|p1b: Ogerpon|Spiky Shield|p1b: Ogerpon\n|-singleturn|p1b: Ogerpon|move: Protect\n|move|p2b: Regieleki|Electroweb|p1b: Ogerpon|[spread] p1a\n|-activate|p1b: Ogerpon|move: Protect\n|-damage|p1a: Maushold|0 fnt\n|faint|p1a: Maushold\n|move|p2a: Scizor|U-turn|p1b: Ogerpon\n|-activate|p1b: Ogerpon|move: Protect\n|-damage|p2a: Scizor|49\/100|[from] Spiky Shield|[of] p1b: Ogerpon\n|\n|upkeep\n|turn|6\n|c|\u2606pub reject|gg\n|\n|t:|1699958066\n|move|p2b: Regieleki|Electroweb|p1b: Ogerpon\n|-damage|p1b: Ogerpon|44\/100\n|-unboost|p1b: Ogerpon|spe|1\n|move|p1b: Ogerpon|Ivy Cudgel|p2a: Scizor|[anim] Ivy Cudgel Water\n|-damage|p2a: Scizor|0 fnt\n|faint|p2a: Scizor\n|\n|upkeep\n|\n|t:|1699958078\n|switch|p2a: Cresselia|Cresselia, L50, F|100\/100\n|turn|7\n|\n|t:|1699958085\n|move|p2b: Regieleki|Electroweb|p1b: Ogerpon\n|-damage|p1b: Ogerpon|0 fnt\n|faint|p1b: Ogerpon\n|\n|win|Brigdaddy\n|raw|pub reject's rating: 1153 &rarr; <strong>1127<\/strong><br \/>(-26 for losing)\n|raw|Brigdaddy's rating: 1145 &rarr; <strong>1171<\/strong><br \/>(+26 for winning)\n","uploadtime":1699958091,"views":6,"p1id":"pubreject","p2id":"brigdaddy","formatid":"gen9vgc2023regulatione","rating":1127,"private":0,"password":""}