{"id":"gen9vgc2023regulatione-2000027844","p1":"Faceruin","p2":"kaijudad","format":"[Gen 9] VGC 2023 Regulation E","log":"|j|\u2606Faceruin\n|j|\u2606kaijudad\n|t:|1701143043\n|gametype|doubles\n|player|p1|Faceruin|cheren-gen5bw2|1082\n|player|p2|kaijudad|clerk-boss|1000\n|teamsize|p1|6\n|teamsize|p2|6\n|gen|9\n|tier|[Gen 9] VGC 2023 Regulation E\n|rated|\n|rule|Species Clause: Limit one of each Pok\u00e9mon\n|rule|Item Clause: Limit one of each item\n|clearpoke\n|poke|p1|Gliscor, L50, F|\n|poke|p1|Empoleon, L50, M|\n|poke|p1|Ninetales-Alola, L50, M|\n|poke|p1|Sandslash-Alola, L50, F|\n|poke|p1|Heatran, L50, F|\n|poke|p1|Kommo-o, L50, M|\n|poke|p2|Iron Hands, L50|\n|poke|p2|Landorus-Therian, L50, M|\n|poke|p2|Sinistcha, L50|\n|poke|p2|Grimmsnarl, L50, M|\n|poke|p2|Goodra-Hisui, L50, M|\n|poke|p2|Toxapex, L50, F|\n|teampreview|4\n|inactive|Battle timer is ON: inactive players will automatically lose when time's up. (requested by kaijudad)\n|inactive|Faceruin has 60 seconds left.\n|\n|t:|1701143077\n|start\n|switch|p1a: Ninetales|Ninetales-Alola, L50, M|100\/100\n|switch|p1b: Sandslash|Sandslash-Alola, L50, F, shiny|100\/100\n|switch|p2a: Simply Beloved|Toxapex, L50, F|100\/100\n|switch|p2b: Junji Ito|Goodra-Hisui, L50, M|100\/100\n|-weather|Snow|[from] ability: Snow Warning|[of] p1a: Ninetales\n|turn|1\n|inactive|kaijudad has 30 seconds left.\n|inactive|kaijudad has 20 seconds left.\n|inactive|kaijudad has 15 seconds left.\n|\n|t:|1701143119\n|switch|p1b: Kommo-o|Kommo-o, L50, M|100\/100\n|switch|p1a: Empoleon|Empoleon, L50, M|100\/100\n|move|p2b: Junji Ito|Shelter|p2b: Junji Ito\n|-boost|p2b: Junji Ito|def|2\n|move|p2a: Simply Beloved|Infestation|p1a: Empoleon\n|-resisted|p1a: Empoleon\n|-damage|p1a: Empoleon|99\/100\n|-activate|p1a: Empoleon|move: Infestation|[of] p2a: Simply Beloved\n|-damage|p2a: Simply Beloved|84\/100|[from] item: Rocky Helmet|[of] p1a: Empoleon\n|\n|-weather|Snow|[upkeep]\n|-damage|p1a: Empoleon|83\/100|[from] move: Infestation|[partiallytrapped]\n|upkeep\n|turn|2\n|inactive|kaijudad has 30 seconds left.\n|\n|t:|1701143155\n|move|p1b: Kommo-o|Aura Sphere|p2b: Junji Ito\n|-supereffective|p2b: Junji Ito\n|-damage|p2b: Junji Ito|23\/100\n|move|p2b: Junji Ito|Body Press|p1a: Empoleon\n|-supereffective|p1a: Empoleon\n|-damage|p1a: Empoleon|0 fnt\n|-damage|p2b: Junji Ito|7\/100|[from] item: Rocky Helmet|[of] p1a: Empoleon\n|faint|p1a: Empoleon\n|move|p2a: Simply Beloved|Infestation|p1b: Kommo-o\n|-resisted|p1b: Kommo-o\n|-damage|p1b: Kommo-o|99\/100\n|-activate|p1b: Kommo-o|move: Infestation|[of] p2a: Simply Beloved\n|\n|-weather|Snow|[upkeep]\n|-heal|p2b: Junji Ito|13\/100|[from] item: Leftovers\n|-damage|p1b: Kommo-o|82\/100|[from] move: Infestation|[partiallytrapped]\n|upkeep\n|\n|t:|1701143165\n|switch|p1a: Sandslash|Sandslash-Alola, L50, F, shiny|100\/100\n|turn|3\n|\n|t:|1701143175\n|move|p2a: Simply Beloved|Baneful Bunker|p2a: Simply Beloved\n|-singleturn|p2a: Simply Beloved|move: Protect\n|move|p1a: Sandslash|Swords Dance|p1a: Sandslash\n|-boost|p1a: Sandslash|atk|2\n|move|p1b: Kommo-o|Aura Sphere|p2b: Junji Ito\n|-supereffective|p2b: Junji Ito\n|-damage|p2b: Junji Ito|0 fnt\n|faint|p2b: Junji Ito\n|\n|-weather|Snow|[upkeep]\n|-damage|p1b: Kommo-o|66\/100|[from] move: Infestation|[partiallytrapped]\n|upkeep\n|\n|t:|1701143186\n|switch|p2b: Yahuko Sho|Iron Hands, L50|100\/100\n|turn|4\n|\n|t:|1701143208\n|move|p2b: Yahuko Sho|Fake Out|p1a: Sandslash\n|-resisted|p1a: Sandslash\n|-damage|p1a: Sandslash|96\/100\n|cant|p1a: Sandslash|flinch\n|move|p1b: Kommo-o|Aura Sphere|p2a: Simply Beloved\n|-resisted|p2a: Simply Beloved\n|-damage|p2a: Simply Beloved|65\/100\n|move|p2a: Simply Beloved|Infestation|p1a: Sandslash\n|-resisted|p1a: Sandslash\n|-damage|p1a: Sandslash|93\/100\n|-activate|p1a: Sandslash|move: Infestation|[of] p2a: Simply Beloved\n|\n|-weather|Snow|[upkeep]\n|-damage|p1a: Sandslash|76\/100|[from] move: Infestation|[partiallytrapped]\n|-damage|p1b: Kommo-o|49\/100|[from] move: Infestation|[partiallytrapped]\n|upkeep\n|turn|5\n|\n|t:|1701143226\n|move|p1a: Sandslash|Earthquake|p2b: Yahuko Sho|[spread] p1b,p2a,p2b\n|-supereffective|p2a: Simply Beloved\n|-supereffective|p2b: Yahuko Sho\n|-damage|p1b: Kommo-o|13\/100\n|-damage|p2a: Simply Beloved|9\/100\n|-damage|p2b: Yahuko Sho|47\/100\n|move|p1b: Kommo-o|Aura Sphere|p2b: Yahuko Sho\n|-damage|p2b: Yahuko Sho|21\/100\n|move|p2b: Yahuko Sho|Drain Punch|p1a: Sandslash\n|-supereffective|p1a: Sandslash\n|-damage|p1a: Sandslash|0 fnt\n|-heal|p2b: Yahuko Sho|46\/100|[from] drain|[of] p1a: Sandslash\n|faint|p1a: Sandslash\n|move|p2a: Simply Beloved|Recover|p2a: Simply Beloved\n|-heal|p2a: Simply Beloved|59\/100\n|\n|-weather|Snow|[upkeep]\n|-damage|p1b: Kommo-o|0 fnt|[from] move: Infestation|[partiallytrapped]\n|faint|p1b: Kommo-o\n|upkeep\n|-message|Faceruin forfeited.\n|\n|win|kaijudad\n|raw|Faceruin's rating: 1082 &rarr; <strong>1055<\/strong><br \/>(-27 for losing)\n|raw|kaijudad's rating: 1000 &rarr; <strong>1049<\/strong><br \/>(+49 for winning)\n|l|\u2606Faceruin\n","uploadtime":1701143252,"views":16,"p1id":"faceruin","p2id":"kaijudad","formatid":"gen9vgc2023regulatione","rating":1049,"private":0,"password":""}