{"id":"gen9vgc2023regulatione-1999062335","p1":"TrapZelda","p2":"Balec88","format":"[Gen 9] VGC 2023 Regulation E","log":"|j|\u2606TrapZelda\n|j|\u2606Balec88\n|t:|1701029114\n|gametype|doubles\n|player|p1|TrapZelda|101|\n|player|p2|Balec88|1|\n|teamsize|p1|6\n|teamsize|p2|6\n|gen|9\n|tier|[Gen 9] VGC 2023 Regulation E\n|rule|Species Clause: Limit one of each Pok\u00e9mon\n|rule|Item Clause: Limit one of each item\n|clearpoke\n|poke|p1|Annihilape, L50, F|\n|poke|p1|Oranguru, L50, F|\n|poke|p1|Sinistcha, L50|\n|poke|p1|Tinkaton, L50, F|\n|poke|p1|Ursaluna-Bloodmoon, L50, M|\n|poke|p1|Torkoal, L50, F|\n|poke|p2|Indeedee-F, L50, F|\n|poke|p2|Gholdengo, L50|\n|poke|p2|Urshifu-*, L50, F|\n|poke|p2|Regidrago, L50|\n|poke|p2|Tornadus, L50, M|\n|poke|p2|Landorus-Therian, L50, M|\n|teampreview|4\n|inactive|Battle timer is ON: inactive players will automatically lose when time's up. (requested by TrapZelda)\n|\n|t:|1701029141\n|start\n|switch|p1a: Tinkaton|Tinkaton, L50, F|100\/100\n|switch|p1b: Oranguru|Oranguru, L50, F|100\/100\n|switch|p2a: Indeedee|Indeedee-F, L50, F|100\/100\n|switch|p2b: Regidrago|Regidrago, L50|100\/100\n|-fieldstart|move: Psychic Terrain|[from] ability: Psychic Surge|[of] p2a: Indeedee\n|-ability|p1a: Tinkaton|Mold Breaker\n|turn|1\n|inactive|TrapZelda has 30 seconds left.\n|inactive|Balec88 has 30 seconds left.\n|inactive|TrapZelda has 20 seconds left.\n|\n|t:|1701029177\n|move|p2b: Regidrago|Dragon Energy|p1a: Tinkaton|[spread] p1b\n|-immune|p1a: Tinkaton\n|-damage|p1b: Oranguru|30\/100\n|move|p2a: Indeedee|Psychic|p1b: Oranguru\n|-resisted|p1b: Oranguru\n|-damage|p1b: Oranguru|18\/100\n|move|p1a: Tinkaton|Rock Slide|p2a: Indeedee|[spread] p2b\n|-miss|p1a: Tinkaton|p2a: Indeedee\n|-damage|p2b: Regidrago|86\/100\n|move|p1b: Oranguru|Trick Room|p1b: Oranguru\n|-fieldstart|move: Trick Room|[of] p1b: Oranguru\n|-enditem|p1a: Tinkaton|Room Service\n|-unboost|p1a: Tinkaton|spe|1|[from] item: Room Service\n|\n|upkeep\n|turn|2\n|\n|t:|1701029194\n|move|p2b: Regidrago|Protect|p2b: Regidrago\n|-singleturn|p2b: Regidrago|Protect\n|move|p1b: Oranguru|Instruct|p1a: Tinkaton\n|-singleturn|p1a: Tinkaton|move: Instruct|[of] p1b: Oranguru\n|move|p1a: Tinkaton|Rock Slide|p2b: Regidrago|[spread] p2a\n|-activate|p2b: Regidrago|move: Protect\n|-damage|p2a: Indeedee|85\/100\n|move|p1a: Tinkaton|Play Rough|p2b: Regidrago\n|-activate|p2b: Regidrago|move: Protect\n|move|p2a: Indeedee|Trick Room|p2a: Indeedee\n|-fieldend|move: Trick Room\n|\n|upkeep\n|turn|3\n|inactive|Balec88 has 30 seconds left.\n|inactive|Balec88 has 20 seconds left.\n|\n|t:|1701029233\n|move|p2a: Indeedee|Follow Me|p2a: Indeedee\n|-singleturn|p2a: Indeedee|move: Follow Me\n|move|p2b: Regidrago|Dragon Pulse|p1b: Oranguru\n|-damage|p1b: Oranguru|0 fnt\n|faint|p1b: Oranguru\n|move|p1a: Tinkaton|Play Rough|p2a: Indeedee\n|-damage|p2a: Indeedee|52\/100\n|-damage|p1a: Tinkaton|84\/100|[from] item: Rocky Helmet|[of] p2a: Indeedee\n|\n|upkeep\n|\n|t:|1701029255\n|switch|p1b: Annihilape|Annihilape, L50, F|100\/100\n|turn|4\n|\n|t:|1701029267\n|move|p2b: Regidrago|Protect|p2b: Regidrago\n|-singleturn|p2b: Regidrago|Protect\n|move|p2a: Indeedee|Protect|p2a: Indeedee\n|-singleturn|p2a: Indeedee|Protect\n|move|p1b: Annihilape|Protect|p1b: Annihilape\n|-singleturn|p1b: Annihilape|Protect\n|move|p1a: Tinkaton|Gigaton Hammer|p2a: Indeedee\n|-activate|p2a: Indeedee|move: Protect\n|\n|upkeep\n|turn|5\n|\n|t:|1701029292\n|switch|p1b: Torkoal|Torkoal, L50, F|100\/100\n|-weather|SunnyDay|[from] ability: Drought|[of] p1b: Torkoal\n|move|p2a: Indeedee|Follow Me|p2a: Indeedee\n|-singleturn|p2a: Indeedee|move: Follow Me\n|move|p2b: Regidrago|Dragon Energy|p1b: Torkoal|[spread] p1b\n|-immune|p1a: Tinkaton\n|-damage|p1b: Torkoal|2\/100\n|move|p1a: Tinkaton|Rock Slide|p2b: Regidrago|[spread] p2b\n|-miss|p1a: Tinkaton|p2a: Indeedee\n|-damage|p2b: Regidrago|70\/100\n|\n|-weather|SunnyDay|[upkeep]\n|-fieldend|move: Psychic Terrain\n|upkeep\n|turn|6\n|inactive|TrapZelda has 30 seconds left.\n|inactive|Balec88 has 30 seconds left.\n|\n|t:|1701029335\n|move|p2a: Indeedee|Protect|p2a: Indeedee\n|-singleturn|p2a: Indeedee|Protect\n|move|p2b: Regidrago|Dragon Energy|p1a: Tinkaton|[spread] p1b\n|-immune|p1a: Tinkaton\n|-damage|p1b: Torkoal|0 fnt\n|faint|p1b: Torkoal\n|move|p1a: Tinkaton|Play Rough|p2b: Regidrago\n|-supereffective|p2b: Regidrago\n|-damage|p2b: Regidrago|0 fnt\n|faint|p2b: Regidrago\n|\n|-weather|SunnyDay|[upkeep]\n|upkeep\n|\n|t:|1701029350\n|switch|p2b: Tornadus|Tornadus, L50, M|100\/100\n|switch|p1b: Annihilape|Annihilape, L50, F|100\/100\n|turn|7\n|\n|t:|1701029360\n|move|p2a: Indeedee|Protect|p2a: Indeedee\n|-singleturn|p2a: Indeedee|Protect\n|move|p1b: Annihilape|Protect|p1b: Annihilape\n|-singleturn|p1b: Annihilape|Protect\n|move|p2b: Tornadus|Tailwind|p2b: Tornadus\n|-sidestart|p2: Balec88|move: Tailwind\n|move|p1a: Tinkaton|Gigaton Hammer|p2b: Tornadus\n|-damage|p2b: Tornadus|39\/100\n|\n|-weather|SunnyDay|[upkeep]\n|upkeep\n|turn|8\n|inactive|TrapZelda has 30 seconds left.\n|inactive|Balec88 has 30 seconds left.\n|\n|t:|1701029396\n|-terastallize|p1b: Annihilape|Ground\n|move|p2a: Indeedee|Follow Me|p2a: Indeedee\n|-singleturn|p2a: Indeedee|move: Follow Me\n|move|p2b: Tornadus|Bleakwind Storm|p1b: Annihilape|[spread] p1a\n|-miss|p2b: Tornadus|p1b: Annihilape\n|-resisted|p1a: Tinkaton\n|-damage|p1a: Tinkaton|70\/100\n|-unboost|p1a: Tinkaton|spe|1\n|move|p1b: Annihilape|Drain Punch|p2a: Indeedee\n|-damage|p2a: Indeedee|17\/100\n|-damage|p1b: Annihilape|84\/100|[from] item: Rocky Helmet|[of] p2a: Indeedee\n|move|p1a: Tinkaton|Rock Slide|p2a: Indeedee|[spread] p2a,p2b\n|-supereffective|p2b: Tornadus\n|-damage|p2a: Indeedee|1\/100\n|-damage|p2b: Tornadus|12\/100\n|\n|-weather|SunnyDay|[upkeep]\n|-heal|p1b: Annihilape|90\/100|[from] item: Leftovers\n|upkeep\n|turn|9\n|\n|t:|1701029418\n|move|p2a: Indeedee|Protect|p2a: Indeedee\n|-singleturn|p2a: Indeedee|Protect\n|move|p1b: Annihilape|Protect|p1b: Annihilape\n|-singleturn|p1b: Annihilape|Protect\n|move|p2b: Tornadus|Bleakwind Storm|p1a: Tinkaton|[spread] p1a\n|-activate|p1b: Annihilape|move: Protect\n|-resisted|p1a: Tinkaton\n|-damage|p1a: Tinkaton|54\/100\n|-unboost|p1a: Tinkaton|spe|1\n|move|p1a: Tinkaton|Rock Slide|p2a: Indeedee|[spread] p2b\n|-activate|p2a: Indeedee|move: Protect\n|-supereffective|p2b: Tornadus\n|-damage|p2b: Tornadus|0 fnt\n|faint|p2b: Tornadus\n|\n|-weather|none\n|-heal|p1b: Annihilape|96\/100|[from] item: Leftovers\n|upkeep\n|\n|t:|1701029421\n|switch|p2b: Gholdengo|Gholdengo, L50|100\/100\n|turn|10\n|inactive|TrapZelda has 30 seconds left.\n|inactive|TrapZelda has 20 seconds left.\n|\n|t:|1701029460\n|-terastallize|p2b: Gholdengo|Water\n|move|p2a: Indeedee|Follow Me|p2a: Indeedee\n|-singleturn|p2a: Indeedee|move: Follow Me\n|move|p2b: Gholdengo|Make It Rain|p1a: Tinkaton|[spread] p1a,p1b\n|-damage|p1a: Tinkaton|0 fnt\n|-damage|p1b: Annihilape|34\/100\n|-unboost|p2b: Gholdengo|spa|1\n|faint|p1a: Tinkaton\n|move|p1b: Annihilape|Earthquake|p2a: Indeedee|[spread] p2a,p2b\n|-crit|p2a: Indeedee\n|-damage|p2a: Indeedee|0 fnt\n|-damage|p2b: Gholdengo|62\/100\n|faint|p2a: Indeedee\n|\n|-heal|p1b: Annihilape|40\/100|[from] item: Leftovers\n|-sideend|p2: Balec88|move: Tailwind\n|upkeep\n|turn|11\n|\n|t:|1701029477\n|move|p1b: Annihilape|Protect|p1b: Annihilape\n|-singleturn|p1b: Annihilape|Protect\n|move|p2b: Gholdengo|Make It Rain|p1b: Annihilape\n|-activate|p1b: Annihilape|move: Protect\n|\n|-heal|p1b: Annihilape|46\/100|[from] item: Leftovers\n|upkeep\n|turn|12\n|\n|t:|1701029489\n|move|p2b: Gholdengo|Make It Rain|p1b: Annihilape\n|-damage|p1b: Annihilape|0 fnt\n|-unboost|p2b: Gholdengo|spa|1\n|faint|p1b: Annihilape\n|\n|win|Balec88\n","uploadtime":1701029498,"views":17,"p1id":"trapzelda","p2id":"balec88","formatid":"gen9vgc2023regulatione","rating":0,"private":0,"password":""}