{"id":"gen9vgc2023regulatione-1999362710","p1":"SpoupSpoup","p2":"Jop 37 in a row","format":"[Gen 9] VGC 2023 Regulation E","log":"|j|\u2606SpoupSpoup\n|j|\u2606Jop 37 in a row\n|t:|1701067048\n|gametype|doubles\n|player|p1|SpoupSpoup|winona|1205\n|player|p2|Jop 37 in a row|lillie|1130\n|teamsize|p1|6\n|teamsize|p2|6\n|gen|9\n|tier|[Gen 9] VGC 2023 Regulation E\n|rated|\n|rule|Species Clause: Limit one of each Pok\u00e9mon\n|rule|Item Clause: Limit one of each item\n|clearpoke\n|poke|p1|Landorus, L50, M|\n|poke|p1|Tyranitar, L50, F|\n|poke|p1|Flutter Mane, L50|\n|poke|p1|Infernape, L50, F|\n|poke|p1|Iron Bundle, L50|\n|poke|p1|Amoonguss, L50, F|\n|poke|p2|Moltres-Galar, L50|\n|poke|p2|Arcanine-Hisui, L50, F|\n|poke|p2|Munkidori, L50, M|\n|poke|p2|Sinistcha, L50|\n|poke|p2|Grimmsnarl, L50, M|\n|poke|p2|Milotic, L50, F|\n|teampreview|4\n|inactive|Battle timer is ON: inactive players will automatically lose when time's up. (requested by SpoupSpoup)\n|inactive|SpoupSpoup has 60 seconds left.\n|\n|t:|1701067094\n|start\n|switch|p1a: Flutter Mane|Flutter Mane, L50|100\/100\n|switch|p1b: Iron Bundle|Iron Bundle, L50|100\/100\n|switch|p2a: Grimmsnarl|Grimmsnarl, L50, M, shiny|100\/100\n|switch|p2b: Arcanine|Arcanine-Hisui, L50, F, shiny|100\/100\n|-ability|p2b: Arcanine|Intimidate|boost\n|-unboost|p1a: Flutter Mane|atk|1\n|-unboost|p1b: Iron Bundle|atk|1\n|-enditem|p1b: Iron Bundle|Booster Energy\n|-activate|p1b: Iron Bundle|ability: Quark Drive|[fromitem]\n|-start|p1b: Iron Bundle|quarkdrivespe\n|turn|1\n|inactive|SpoupSpoup has 30 seconds left.\n|inactive|Jop 37 in a row has 30 seconds left.\n|\n|t:|1701067124\n|-terastallize|p2b: Arcanine|Fairy\n|move|p2a: Grimmsnarl|Light Screen|p2a: Grimmsnarl\n|-sidestart|p2: Jop 37 in a row|move: Light Screen\n|move|p1b: Iron Bundle|Hydro Pump|p2b: Arcanine\n|-damage|p2b: Arcanine|74\/100\n|move|p1a: Flutter Mane|Dazzling Gleam|p2b: Arcanine|[spread] p2a,p2b\n|-supereffective|p2a: Grimmsnarl\n|-damage|p2a: Grimmsnarl|42\/100\n|-damage|p2b: Arcanine|49\/100\n|move|p2b: Arcanine|Rock Slide|p1a: Flutter Mane|[spread] p1b\n|-miss|p2b: Arcanine|p1a: Flutter Mane\n|-supereffective|p1b: Iron Bundle\n|-damage|p1b: Iron Bundle|26\/100\n|\n|upkeep\n|turn|2\n|\n|t:|1701067147\n|move|p2a: Grimmsnarl|Parting Shot|p1a: Flutter Mane\n|-unboost|p1a: Flutter Mane|atk|1\n|-unboost|p1a: Flutter Mane|spa|1\n|\n|t:|1701067150\n|switch|p2a: Sinistcha|Sinistcha, L50, shiny|100\/100|[from] Parting Shot\n|-heal|p2b: Arcanine|74\/100|[from] ability: Hospitality|[of] p2a: Sinistcha\n|move|p1b: Iron Bundle|Icy Wind|p2a: Sinistcha|[spread] p2a,p2b\n|-supereffective|p2a: Sinistcha\n|-damage|p2a: Sinistcha|75\/100\n|-damage|p2b: Arcanine|64\/100\n|-unboost|p2a: Sinistcha|spe|1\n|-unboost|p2b: Arcanine|spe|1\n|move|p1a: Flutter Mane|Dazzling Gleam|p2a: Sinistcha|[spread] p2a,p2b\n|-damage|p2a: Sinistcha|55\/100\n|-damage|p2b: Arcanine|48\/100\n|move|p2b: Arcanine|Rock Slide|p1a: Flutter Mane|[spread] p1a,p1b\n|-supereffective|p1b: Iron Bundle\n|-damage|p1a: Flutter Mane|43\/100\n|-damage|p1b: Iron Bundle|0 fnt\n|faint|p1b: Iron Bundle\n|-end|p1b: Iron Bundle|Quark Drive|[silent]\n|\n|upkeep\n|\n|t:|1701067174\n|switch|p1b: Tyranitar|Tyranitar, L50, F|100\/100\n|-weather|Sandstorm|[from] ability: Sand Stream|[of] p1b: Tyranitar\n|turn|3\n|\n|t:|1701067188\n|switch|p2b: Grimmsnarl|Grimmsnarl, L50, M, shiny|42\/100\n|move|p1a: Flutter Mane|Dazzling Gleam|p2a: Sinistcha|[spread] p2a,p2b\n|-supereffective|p2b: Grimmsnarl\n|-damage|p2a: Sinistcha|32\/100\n|-damage|p2b: Grimmsnarl|4\/100\n|move|p1b: Tyranitar|Knock Off|p2a: Sinistcha\n|-supereffective|p2a: Sinistcha\n|-damage|p2a: Sinistcha|0 fnt\n|-damage|p1b: Tyranitar|84\/100|[from] item: Rocky Helmet|[of] p2a: Sinistcha\n|-enditem|p2a: Sinistcha|Rocky Helmet|[from] move: Knock Off|[of] p1b: Tyranitar\n|faint|p2a: Sinistcha\n|\n|-weather|Sandstorm|[upkeep]\n|-damage|p1a: Flutter Mane|37\/100|[from] Sandstorm\n|-damage|p2b: Grimmsnarl|0 fnt|[from] Sandstorm\n|faint|p2b: Grimmsnarl\n|upkeep\n|\n|t:|1701067196\n|switch|p2a: Arcanine|Arcanine-Hisui, L50, F, shiny, tera:Fairy|48\/100\n|switch|p2b: Moltres|Moltres-Galar, L50, shiny|100\/100\n|-ability|p2a: Arcanine|Intimidate|boost\n|-unboost|p1a: Flutter Mane|atk|1\n|-unboost|p1b: Tyranitar|atk|1\n|turn|4\n|\n|t:|1701067211\n|move|p2b: Moltres|Protect|p2b: Moltres\n|-singleturn|p2b: Moltres|Protect\n|move|p1a: Flutter Mane|Dazzling Gleam|p2b: Moltres|[spread] p2a\n|-activate|p2b: Moltres|move: Protect\n|-damage|p2a: Arcanine|33\/100\n|move|p2a: Arcanine|Tera Blast|p1b: Tyranitar|[anim] Tera Blast Fairy\n|-supereffective|p1b: Tyranitar\n|-damage|p1b: Tyranitar|15\/100\n|move|p1b: Tyranitar|Rock Slide|p2a: Arcanine|[spread] p2a\n|-activate|p2b: Moltres|move: Protect\n|-damage|p2a: Arcanine|10\/100\n|\n|-weather|Sandstorm|[upkeep]\n|-damage|p1a: Flutter Mane|31\/100|[from] Sandstorm\n|-damage|p2a: Arcanine|4\/100|[from] Sandstorm\n|-damage|p2b: Moltres|94\/100|[from] Sandstorm\n|upkeep\n|turn|5\n|c|\u2606SpoupSpoup|interesting mixed set, did you spec SpA\n|c|\u2606SpoupSpoup|?\n|inactive|SpoupSpoup has 30 seconds left.\n|\n|t:|1701067239\n|move|p2a: Arcanine|Extreme Speed|p1b: Tyranitar\n|-resisted|p1b: Tyranitar\n|-damage|p1b: Tyranitar|4\/100\n|move|p1a: Flutter Mane|Dazzling Gleam|p2a: Arcanine|[spread] p2a,p2b\n|-supereffective|p2b: Moltres\n|-damage|p2a: Arcanine|0 fnt\n|-damage|p2b: Moltres|63\/100\n|faint|p2a: Arcanine\n|move|p2b: Moltres|Fiery Wrath|p1b: Tyranitar|[spread] p1a,p1b\n|-resisted|p1b: Tyranitar\n|-damage|p1a: Flutter Mane|0 fnt\n|-damage|p1b: Tyranitar|0 fnt\n|faint|p1a: Flutter Mane\n|-end|p1a: Flutter Mane|Protosynthesis|[silent]\n|faint|p1b: Tyranitar\n|\n|-weather|Sandstorm|[upkeep]\n|-damage|p2b: Moltres|57\/100|[from] Sandstorm\n|upkeep\n|c|\u2606Jop 37 in a row|terablast uses your higher stat\n|\n|t:|1701067253\n|switch|p1b: Amoonguss|Amoonguss, L50, F|100\/100\n|turn|6\n|c|\u2606Jop 37 in a row|so it was physical\n|\n|t:|1701067266\n|-terastallize|p1b: Amoonguss|Water\n|move|p2b: Moltres|Protect|p2b: Moltres\n|-singleturn|p2b: Moltres|Protect\n|move|p1b: Amoonguss|Spore|p2b: Moltres\n|-activate|p2b: Moltres|move: Protect\n|\n|-weather|Sandstorm|[upkeep]\n|-damage|p2b: Moltres|51\/100|[from] Sandstorm\n|-damage|p1b: Amoonguss|95\/100|[from] Sandstorm\n|upkeep\n|turn|7\n|\n|t:|1701067277\n|move|p2b: Moltres|Fiery Wrath|p1b: Amoonguss\n|-damage|p1b: Amoonguss|59\/100\n|move|p1b: Amoonguss|Spore|p2b: Moltres\n|-status|p2b: Moltres|slp|[from] move: Spore\n|\n|-weather|none\n|upkeep\n|turn|8\n|\n|t:|1701067285\n|cant|p2b: Moltres|slp\n|move|p1b: Amoonguss|Pollen Puff|p2b: Moltres\n|-damage|p2b: Moltres|41\/100 slp\n|-ability|p2b: Moltres|Berserk|boost\n|-boost|p2b: Moltres|spa|1\n|-enditem|p2b: Moltres|Sitrus Berry|[eat]\n|-heal|p2b: Moltres|66\/100 slp|[from] item: Sitrus Berry\n|\n|-sideend|p2: Jop 37 in a row|move: Light Screen\n|upkeep\n|turn|9\n|c|\u2606SpoupSpoup|gg\n|\n|t:|1701067296\n|cant|p2b: Moltres|slp\n|move|p1b: Amoonguss|Pollen Puff|p2b: Moltres\n|-damage|p2b: Moltres|53\/100 slp\n|\n|upkeep\n|turn|10\n|\n|t:|1701067306\n|-curestatus|p2b: Moltres|slp|[msg]\n|move|p2b: Moltres|Nasty Plot|p2b: Moltres\n|-boost|p2b: Moltres|spa|2\n|move|p1b: Amoonguss|Spore|p2b: Moltres\n|-status|p2b: Moltres|slp|[from] move: Spore\n|\n|upkeep\n|turn|11\n|c|\u2606Jop 37 in a row|gg\n|\n|t:|1701067316\n|cant|p2b: Moltres|slp\n|move|p1b: Amoonguss|Pollen Puff|p2b: Moltres\n|-damage|p2b: Moltres|38\/100 slp\n|-ability|p2b: Moltres|Berserk|boost\n|-boost|p2b: Moltres|spa|1\n|\n|upkeep\n|turn|12\n|\n|t:|1701067324\n|cant|p2b: Moltres|slp\n|move|p1b: Amoonguss|Pollen Puff|p2b: Moltres\n|-damage|p2b: Moltres|23\/100 slp\n|\n|upkeep\n|turn|13\n|\n|t:|1701067331\n|-curestatus|p2b: Moltres|slp|[msg]\n|move|p2b: Moltres|Fiery Wrath|p1b: Amoonguss\n|-damage|p1b: Amoonguss|0 fnt\n|faint|p1b: Amoonguss\n|\n|win|Jop 37 in a row\n|raw|SpoupSpoup's rating: 1205 &rarr; <strong>1175<\/strong><br \/>(-30 for losing)\n|raw|Jop 37 in a row's rating: 1130 &rarr; <strong>1160<\/strong><br \/>(+30 for winning)\n","uploadtime":1701067337,"views":9,"p1id":"spoupspoup","p2id":"jop37inarow","formatid":"gen9vgc2023regulatione","rating":1160,"private":0,"password":""}