{"id":"gen9vgc2023regulatione-2000119595","p1":"12laudaa","p2":"nicolas rainier","format":"[Gen 9] VGC 2023 Regulation E","log":"|j|\u260612laudaa\n|j|\u2606nicolas rainier\n|t:|1701158345\n|gametype|doubles\n|player|p1|12laudaa|266|1121\n|player|p2|nicolas rainier|266|1254\n|teamsize|p1|6\n|teamsize|p2|6\n|gen|9\n|tier|[Gen 9] VGC 2023 Regulation E\n|rated|\n|rule|Species Clause: Limit one of each Pok\u00e9mon\n|rule|Item Clause: Limit one of each item\n|clearpoke\n|poke|p1|Roaring Moon, L50|\n|poke|p1|Tornadus, L50, M|\n|poke|p1|Landorus-Therian, L50, M|\n|poke|p1|Torkoal, L50, M|\n|poke|p1|Flutter Mane, L50|\n|poke|p1|Lilligant-Hisui, L50, F|\n|poke|p2|Klefki, L50, M|\n|poke|p2|Volcarona, L50, F|\n|poke|p2|Flutter Mane, L50|\n|poke|p2|Iron Bundle, L50|\n|poke|p2|Landorus-Therian, L50, M|\n|poke|p2|Sinistcha-Masterpiece, L50|\n|teampreview|4\n|\n|t:|1701158373\n|start\n|switch|p1a: Lilligant|Lilligant-Hisui, L50, F|100\/100\n|switch|p1b: Torkoal|Torkoal, L50, M|100\/100\n|switch|p2a: Volcarona|Volcarona, L50, F, shiny|100\/100\n|switch|p2b: Klefki|Klefki, L50, M, shiny|100\/100\n|-weather|SunnyDay|[from] ability: Drought|[of] p1b: Torkoal\n|turn|1\n|\n|t:|1701158390\n|-terastallize|p1b: Torkoal|Fire\n|move|p2a: Volcarona|Protect|p2a: Volcarona\n|-singleturn|p2a: Volcarona|Protect\n|move|p2b: Klefki|Thunder Wave|p1a: Lilligant\n|-status|p1a: Lilligant|par\n|move|p1a: Lilligant|After You|p1b: Torkoal\n|-activate|p1b: Torkoal|move: After You\n|move|p1b: Torkoal|Eruption|p2b: Klefki|[spread] p2b\n|-activate|p2a: Volcarona|move: Protect\n|-supereffective|p2b: Klefki\n|-damage|p2b: Klefki|0 fnt\n|faint|p2b: Klefki\n|\n|-weather|SunnyDay|[upkeep]\n|upkeep\n|\n|t:|1701158403\n|switch|p2b: Landorus|Landorus-Therian, L50, M, shiny|100\/100\n|-ability|p2b: Landorus|Intimidate|boost\n|-unboost|p1a: Lilligant|atk|1\n|-unboost|p1b: Torkoal|atk|1\n|turn|2\n|\n|t:|1701158413\n|-terastallize|p2a: Volcarona|Dragon\n|move|p2b: Landorus|Stomping Tantrum|p1b: Torkoal\n|-supereffective|p1b: Torkoal\n|-damage|p1b: Torkoal|39\/100\n|move|p1a: Lilligant|Sleep Powder|p2b: Landorus\n|-status|p2b: Landorus|slp|[from] move: Sleep Powder\n|move|p2a: Volcarona|Quiver Dance|p2a: Volcarona\n|-boost|p2a: Volcarona|spa|1\n|-boost|p2a: Volcarona|spd|1\n|-boost|p2a: Volcarona|spe|1\n|move|p1b: Torkoal|Heat Wave|p2a: Volcarona|[spread] p2a,p2b\n|-resisted|p2a: Volcarona\n|-damage|p2a: Volcarona|81\/100\n|-damage|p2b: Landorus|21\/100 slp\n|\n|-weather|SunnyDay|[upkeep]\n|upkeep\n|turn|3\n|\n|t:|1701158436\n|switch|p1b: Flutter Mane|Flutter Mane, L50|100\/100\n|-activate|p1b: Flutter Mane|ability: Protosynthesis\n|-start|p1b: Flutter Mane|protosynthesisspe\n|cant|p2b: Landorus|slp\n|move|p2a: Volcarona|Heat Wave|p1b: Flutter Mane|[spread] \n|-miss|p2a: Volcarona|p1a: Lilligant\n|-miss|p2a: Volcarona|p1b: Flutter Mane\n|move|p1a: Lilligant|Sleep Powder|p2a: Volcarona\n|-status|p2a: Volcarona|slp|[from] move: Sleep Powder\n|\n|-weather|SunnyDay|[upkeep]\n|upkeep\n|turn|4\n|c|\u2606nicolas rainier|bruh\n|\n|t:|1701158457\n|switch|p2b: Sinistcha|Sinistcha-Masterpiece, L50, shiny|100\/100\n|-heal|p2a: Volcarona|100\/100 slp|[from] ability: Hospitality|[of] p2b: Sinistcha\n|move|p1b: Flutter Mane|Dazzling Gleam|p2b: Sinistcha|[spread] p2a,p2b\n|-supereffective|p2a: Volcarona\n|-damage|p2a: Volcarona|56\/100 slp\n|-damage|p2b: Sinistcha|61\/100\n|cant|p2a: Volcarona|slp\n|move|p1a: Lilligant|Solar Blade||[still]\n|-prepare|p1a: Lilligant|Solar Blade\n|-anim|p1a: Lilligant|Solar Blade|p2b: Sinistcha\n|-resisted|p2b: Sinistcha\n|-damage|p2b: Sinistcha|46\/100\n|-damage|p1a: Lilligant|84\/100 par|[from] item: Rocky Helmet|[of] p2b: Sinistcha\n|\n|-weather|SunnyDay|[upkeep]\n|upkeep\n|turn|5\n|\n|t:|1701158476\n|switch|p1a: RAWR|Landorus-Therian, L50, M, shiny|100\/100\n|-ability|p1a: RAWR|Intimidate|boost\n|-unboost|p2a: Volcarona|atk|1\n|-unboost|p2b: Sinistcha|atk|1\n|switch|p2b: Landorus|Landorus-Therian, L50, M, shiny|21\/100 slp\n|-ability|p2b: Landorus|Intimidate|boost\n|-unboost|p1a: RAWR|atk|1\n|-unboost|p1b: Flutter Mane|atk|1\n|move|p1b: Flutter Mane|Moonblast|p2a: Volcarona\n|-supereffective|p2a: Volcarona\n|-damage|p2a: Volcarona|0 fnt\n|faint|p2a: Volcarona\n|\n|-weather|none\n|-end|p1b: Flutter Mane|Protosynthesis\n|upkeep\n|c|\u2606nicolas rainier|I hate this game\n|\n|t:|1701158498\n|switch|p2a: Sinistcha|Sinistcha-Masterpiece, L50, shiny|46\/100\n|-heal|p2b: Landorus|46\/100 slp|[from] ability: Hospitality|[of] p2a: Sinistcha\n|turn|6\n|\n|t:|1701158504\n|switch|p1a: Torkoal|Torkoal, L50, M, tera:Fire|39\/100\n|-weather|SunnyDay|[from] ability: Drought|[of] p1a: Torkoal\n|-activate|p1b: Flutter Mane|ability: Protosynthesis\n|-start|p1b: Flutter Mane|protosynthesisspe\n|move|p1b: Flutter Mane|Shadow Ball|p2a: Sinistcha\n|-supereffective|p2a: Sinistcha\n|-crit|p2a: Sinistcha\n|-damage|p2a: Sinistcha|0 fnt\n|faint|p2a: Sinistcha\n|cant|p2b: Landorus|slp\n|\n|-weather|SunnyDay|[upkeep]\n|upkeep\n|turn|7\n|\n|t:|1701158518\n|switch|p1a: RAWR|Landorus-Therian, L50, M, shiny|100\/100\n|-ability|p1a: RAWR|Intimidate|boost\n|-unboost|p2b: Landorus|atk|1\n|move|p1b: Flutter Mane|Moonblast|p2b: Landorus\n|-damage|p2b: Landorus|0 fnt\n|faint|p2b: Landorus\n|\n|win|12laudaa\n|raw|12laudaa's rating: 1121 &rarr; <strong>1155<\/strong><br \/>(+34 for winning)\n|raw|nicolas rainier's rating: 1254 &rarr; <strong>1220<\/strong><br \/>(-34 for losing)\n|l|\u2606nicolas rainier\n","uploadtime":1701160132,"views":5,"p1id":"12laudaa","p2id":"nicolasrainier","formatid":"gen9vgc2023regulatione","rating":1155,"private":0,"password":""}