{"id":"gen9vgc2023regulatione-1994612657","p1":"JIWAI","p2":"Zujjj","format":"[Gen 9] VGC 2023 Regulation E","log":"|j|\u2606JIWAI\n|j|\u2606Zujjj\n|t:|1700469335\n|gametype|doubles\n|player|p1|JIWAI|2|1133\n|player|p2|Zujjj|ninjaboy|1030\n|teamsize|p1|6\n|teamsize|p2|6\n|gen|9\n|tier|[Gen 9] VGC 2023 Regulation E\n|rated|\n|rule|Species Clause: Limit one of each Pok\u00e9mon\n|rule|Item Clause: Limit one of each item\n|clearpoke\n|poke|p1|Gholdengo, L50|\n|poke|p1|Iron Hands, L50|\n|poke|p1|Amoonguss, L50, F|\n|poke|p1|Iron Bundle, L50|\n|poke|p1|Pelipper, L50, F|\n|poke|p1|Salamence, L50, F|\n|poke|p2|Rillaboom, L50, M|\n|poke|p2|Landorus, L50, M|\n|poke|p2|Clefairy, L50, F|\n|poke|p2|Iron Hands, L50|\n|poke|p2|Wyrdeer, L50, F|\n|poke|p2|Dusknoir, L50, M|\n|teampreview|4\n|inactive|Battle timer is ON: inactive players will automatically lose when time's up. (requested by JIWAI)\n|inactive|JIWAI has 60 seconds left.\n|inactive|Zujjj has 60 seconds left.\n|\n|t:|1700469389\n|start\n|switch|p1a: Pelipper|Pelipper, L50, F|100\/100\n|switch|p1b: Salamence|Salamence, L50, F|100\/100\n|switch|p2a: Rillaboom|Rillaboom, L50, M|100\/100\n|switch|p2b: Dusknoir|Dusknoir, L50, M, shiny|100\/100\n|-ability|p1b: Salamence|Intimidate|boost\n|-unboost|p2a: Rillaboom|atk|1\n|-unboost|p2b: Dusknoir|atk|1\n|-weather|RainDance|[from] ability: Drizzle|[of] p1a: Pelipper\n|-fieldstart|move: Grassy Terrain|[from] ability: Grassy Surge|[of] p2a: Rillaboom\n|-item|p1a: Pelipper|Focus Sash|[from] ability: Frisk|[of] p2b: Dusknoir|[identify]\n|-item|p1b: Salamence|Choice Scarf|[from] ability: Frisk|[of] p2b: Dusknoir|[identify]\n|turn|1\n|inactive|JIWAI has 30 seconds left.\n|inactive|JIWAI has 20 seconds left.\n|\n|t:|1700469424\n|move|p2a: Rillaboom|Fake Out|p1b: Salamence\n|-damage|p1b: Salamence|89\/100\n|cant|p1b: Salamence|flinch\n|move|p1a: Pelipper|Hurricane|p2a: Rillaboom\n|-supereffective|p2a: Rillaboom\n|-damage|p2a: Rillaboom|34\/100\n|move|p2b: Dusknoir|Trick Room|p2b: Dusknoir\n|-fieldstart|move: Trick Room|[of] p2b: Dusknoir\n|\n|-weather|RainDance|[upkeep]\n|-heal|p2a: Rillaboom|40\/100|[from] Grassy Terrain\n|upkeep\n|turn|2\n|\n|t:|1700469442\n|move|p2b: Dusknoir|Will-O-Wisp|p1b: Salamence\n|-status|p1b: Salamence|brn\n|move|p2a: Rillaboom|U-turn|p1a: Pelipper\n|-resisted|p1a: Pelipper\n|-damage|p1a: Pelipper|91\/100\n|\n|t:|1700469451\n|switch|p2a: Landorus|Landorus, L50, M, shiny|100\/100|[from] U-turn\n|-enditem|p2a: Landorus|Grassy Seed\n|-boost|p2a: Landorus|def|1|[from] item: Grassy Seed\n|move|p1a: Pelipper|Hurricane|p2a: Landorus\n|-damage|p2a: Landorus|65\/100\n|move|p1b: Salamence|Draco Meteor|p2b: Dusknoir\n|-crit|p2b: Dusknoir\n|-damage|p2b: Dusknoir|27\/100\n|-unboost|p1b: Salamence|spa|2\n|-enditem|p2b: Dusknoir|Sitrus Berry|[eat]\n|-heal|p2b: Dusknoir|52\/100|[from] item: Sitrus Berry\n|\n|-weather|RainDance|[upkeep]\n|-heal|p2b: Dusknoir|58\/100|[from] Grassy Terrain\n|-damage|p1b: Salamence|83\/100 brn|[from] brn\n|upkeep\n|turn|3\n|inactive|JIWAI has 30 seconds left.\n|inactive|Zujjj has 30 seconds left.\n|\n|t:|1700469486\n|switch|p2b: Iron Hands|Iron Hands, L50|100\/100\n|move|p2a: Landorus|Calm Mind|p2a: Landorus\n|-boost|p2a: Landorus|spa|1\n|-boost|p2a: Landorus|spd|1\n|move|p1a: Pelipper|Hurricane|p2a: Landorus\n|-damage|p2a: Landorus|44\/100\n|move|p1b: Salamence|Draco Meteor|p2a: Landorus\n|-damage|p2a: Landorus|29\/100\n|-unboost|p1b: Salamence|spa|2\n|\n|-weather|RainDance|[upkeep]\n|-damage|p1b: Salamence|77\/100 brn|[from] brn\n|upkeep\n|turn|4\n|\n|t:|1700469509\n|switch|p1a: Gholdengo|Gholdengo, L50|100\/100\n|switch|p1b: Iron Bundle|Iron Bundle, L50|100\/100\n|-enditem|p1b: Iron Bundle|Booster Energy\n|-activate|p1b: Iron Bundle|ability: Quark Drive|[fromitem]\n|-start|p1b: Iron Bundle|quarkdrivespe\n|move|p2a: Landorus|Protect|p2a: Landorus\n|-singleturn|p2a: Landorus|Protect\n|move|p2b: Iron Hands|Wild Charge|p1a: Gholdengo\n|-damage|p1a: Gholdengo|14\/100\n|-damage|p2b: Iron Hands|84\/100|[from] Recoil\n|\n|-weather|RainDance|[upkeep]\n|-heal|p2b: Iron Hands|90\/100|[from] Grassy Terrain\n|-heal|p1a: Gholdengo|20\/100|[from] Grassy Terrain\n|-heal|p1a: Gholdengo|26\/100|[from] item: Leftovers\n|upkeep\n|turn|5\n|inactive|JIWAI has 30 seconds left.\n|\n|t:|1700469535\n|move|p1a: Gholdengo|Protect|p1a: Gholdengo\n|-singleturn|p1a: Gholdengo|Protect\n|move|p2b: Iron Hands|Wild Charge|p1b: Iron Bundle\n|-supereffective|p1b: Iron Bundle\n|-damage|p1b: Iron Bundle|0 fnt\n|faint|p1b: Iron Bundle\n|-end|p1b: Iron Bundle|Quark Drive|[silent]\n|-damage|p2b: Iron Hands|74\/100|[from] Recoil\n|move|p2a: Landorus|Earth Power|p1a: Gholdengo\n|-activate|p1a: Gholdengo|move: Protect\n|\n|-weather|none\n|-heal|p2b: Iron Hands|80\/100|[from] Grassy Terrain\n|-heal|p1a: Gholdengo|32\/100|[from] Grassy Terrain\n|-heal|p1a: Gholdengo|38\/100|[from] item: Leftovers\n|-fieldend|move: Trick Room\n|-fieldend|move: Grassy Terrain\n|upkeep\n|\n|t:|1700469551\n|switch|p1b: Salamence|Salamence, L50, F|77\/100 brn\n|-ability|p1b: Salamence|Intimidate|boost\n|-unboost|p2a: Landorus|atk|1\n|-unboost|p2b: Iron Hands|atk|1\n|turn|6\n|\n|t:|1700469574\n|move|p1a: Gholdengo|Protect||[still]\n|-fail|p1a: Gholdengo\n|move|p1b: Salamence|Draco Meteor|p2a: Landorus\n|-damage|p2a: Landorus|0 fnt\n|-unboost|p1b: Salamence|spa|2\n|faint|p2a: Landorus\n|move|p2b: Iron Hands|Wild Charge|p1b: Salamence\n|-damage|p1b: Salamence|13\/100 brn\n|-damage|p2b: Iron Hands|69\/100|[from] Recoil\n|\n|-heal|p1a: Gholdengo|44\/100|[from] item: Leftovers\n|-damage|p1b: Salamence|7\/100 brn|[from] brn\n|upkeep\n|\n|t:|1700469587\n|switch|p2a: Rillaboom|Rillaboom, L50, M|40\/100\n|-fieldstart|move: Grassy Terrain|[from] ability: Grassy Surge|[of] p2a: Rillaboom\n|turn|7\n|\n|t:|1700469611\n|-terastallize|p1a: Gholdengo|Dragon\n|move|p2a: Rillaboom|Fake Out|p1b: Salamence\n|-damage|p1b: Salamence|0 fnt\n|faint|p1b: Salamence\n|move|p1a: Gholdengo|Make It Rain|p2a: Rillaboom|[spread] p2a,p2b\n|-resisted|p2b: Iron Hands\n|-damage|p2a: Rillaboom|6\/100\n|-damage|p2b: Iron Hands|48\/100\n|-unboost|p1a: Gholdengo|spa|1\n|move|p2b: Iron Hands|Wild Charge|p1a: Gholdengo\n|-resisted|p1a: Gholdengo\n|-damage|p1a: Gholdengo|16\/100\n|-damage|p2b: Iron Hands|43\/100|[from] Recoil\n|\n|-heal|p1a: Gholdengo|22\/100|[from] Grassy Terrain\n|-heal|p1a: Gholdengo|28\/100|[from] item: Leftovers\n|-heal|p2a: Rillaboom|12\/100|[from] Grassy Terrain\n|-heal|p2b: Iron Hands|49\/100|[from] Grassy Terrain\n|upkeep\n|\n|t:|1700469629\n|switch|p1b: Pelipper|Pelipper, L50, F|91\/100\n|-weather|RainDance|[from] ability: Drizzle|[of] p1b: Pelipper\n|turn|8\n|\n|t:|1700469652\n|move|p1a: Gholdengo|Protect|p1a: Gholdengo\n|-singleturn|p1a: Gholdengo|Protect\n|move|p2a: Rillaboom|Grassy Glide|p1b: Pelipper\n|-damage|p1b: Pelipper|46\/100\n|move|p1b: Pelipper|Hurricane|p2a: Rillaboom\n|-supereffective|p2a: Rillaboom\n|-damage|p2a: Rillaboom|0 fnt\n|faint|p2a: Rillaboom\n|move|p2b: Iron Hands|Wild Charge|p1a: Gholdengo\n|-activate|p1a: Gholdengo|move: Protect\n|\n|-weather|RainDance|[upkeep]\n|-heal|p1a: Gholdengo|34\/100|[from] Grassy Terrain\n|-heal|p1a: Gholdengo|40\/100|[from] item: Leftovers\n|-heal|p2b: Iron Hands|55\/100|[from] Grassy Terrain\n|upkeep\n|\n|t:|1700469666\n|switch|p2a: Dusknoir|Dusknoir, L50, M, shiny|58\/100\n|-item|p1a: Gholdengo|Leftovers|[from] ability: Frisk|[of] p2a: Dusknoir|[identify]\n|-item|p1b: Pelipper|Focus Sash|[from] ability: Frisk|[of] p2a: Dusknoir|[identify]\n|turn|9\n|\n|t:|1700469691\n|move|p1a: Gholdengo|Shadow Ball|p2a: Dusknoir\n|-supereffective|p2a: Dusknoir\n|-damage|p2a: Dusknoir|7\/100\n|move|p1b: Pelipper|Weather Ball|p2b: Iron Hands\n|-damage|p2b: Iron Hands|10\/100\n|move|p2b: Iron Hands|Wild Charge|p1b: Pelipper\n|-supereffective|p1b: Pelipper\n|-damage|p1b: Pelipper|0 fnt\n|faint|p1b: Pelipper\n|-damage|p2b: Iron Hands|3\/100|[from] Recoil\n|move|p2a: Dusknoir|Trick Room|p2a: Dusknoir\n|-fieldstart|move: Trick Room|[of] p2a: Dusknoir\n|\n|-weather|RainDance|[upkeep]\n|-heal|p2a: Dusknoir|13\/100|[from] Grassy Terrain\n|-heal|p2b: Iron Hands|9\/100|[from] Grassy Terrain\n|-heal|p1a: Gholdengo|46\/100|[from] Grassy Terrain\n|-heal|p1a: Gholdengo|52\/100|[from] item: Leftovers\n|upkeep\n|turn|10\n|\n|t:|1700469716\n|move|p2a: Dusknoir|Icy Wind|p1a: Gholdengo\n|-supereffective|p1a: Gholdengo\n|-damage|p1a: Gholdengo|33\/100\n|-unboost|p1a: Gholdengo|spe|1\n|move|p2b: Iron Hands|Wild Charge|p1a: Gholdengo\n|-resisted|p1a: Gholdengo\n|-damage|p1a: Gholdengo|4\/100\n|-damage|p2b: Iron Hands|3\/100|[from] Recoil\n|move|p1a: Gholdengo|Make It Rain|p2a: Dusknoir|[spread] p2a,p2b\n|-resisted|p2b: Iron Hands\n|-damage|p2a: Dusknoir|0 fnt\n|-damage|p2b: Iron Hands|0 fnt\n|-unboost|p1a: Gholdengo|spa|1\n|faint|p2a: Dusknoir\n|faint|p2b: Iron Hands\n|-end|p2b: Iron Hands|Quark Drive|[silent]\n|\n|win|JIWAI\n|raw|JIWAI's rating: 1133 &rarr; <strong>1151<\/strong><br \/>(+18 for winning)\n|raw|Zujjj's rating: 1030 &rarr; <strong>1020<\/strong><br \/>(-10 for losing)\n","uploadtime":1700469732,"views":10,"p1id":"jiwai","p2id":"zujjj","formatid":"gen9vgc2023regulatione","rating":1020,"private":0,"password":""}