{"id":"gen9vgc2023regulatione-1990231775","p1":"CharlienoB","p2":"Zetro Bro","format":"[Gen 9] VGC 2023 Regulation E","log":"|j|\u2606CharlienoB\n|j|\u2606Zetro Bro\n|t:|1699941311\n|gametype|doubles\n|player|p1|CharlienoB|265|1063\n|player|p2|Zetro Bro|steven|1000\n|teamsize|p1|6\n|teamsize|p2|6\n|gen|9\n|tier|[Gen 9] VGC 2023 Regulation E\n|rated|\n|rule|Species Clause: Limit one of each Pok\u00e9mon\n|rule|Item Clause: Limit one of each item\n|clearpoke\n|poke|p1|Espathra, L50, F|\n|poke|p1|Slaking, L50, F|\n|poke|p1|Volcarona, L50, F|\n|poke|p1|Rillaboom, L50, F|\n|poke|p1|Iron Bundle, L50|\n|poke|p1|Fraxure, L50, M|\n|poke|p2|Meowscarada, L50, F|\n|poke|p2|Dragapult, L50, M|\n|poke|p2|Urshifu-*, L50, M|\n|poke|p2|Iron Moth, L50|\n|poke|p2|Maushold-Four, L50|\n|poke|p2|Annihilape, L50, M|\n|teampreview|4\n|\n|t:|1699941341\n|start\n|switch|p1a: Fraxure|Fraxure, L50, M, shiny|100\/100\n|switch|p1b: Espathra|Espathra, L50, F|100\/100\n|switch|p2a: Jerry|Maushold-Four, L50|100\/100\n|switch|p2b: Ursa Major|Urshifu-Rapid-Strike, L50, M|100\/100\n|-ability|p1a: Fraxure|Mold Breaker\n|turn|1\n|inactive|Battle timer is ON: inactive players will automatically lose when time's up. (requested by Zetro Bro)\n|\n|t:|1699941399\n|move|p2b: Ursa Major|Aqua Jet|p1b: Espathra\n|-damage|p1b: Espathra|82\/100\n|move|p2a: Jerry|Population Bomb|p1a: Fraxure\n|-damage|p1a: Fraxure|93\/100\n|-damage|p1a: Fraxure|87\/100\n|-damage|p1a: Fraxure|80\/100\n|-hitcount|p1a: Fraxure|3\n|move|p1b: Espathra|Lumina Crash|p2b: Ursa Major\n|-supereffective|p2b: Ursa Major\n|-damage|p2b: Ursa Major|23\/100\n|-unboost|p2b: Ursa Major|spd|2\n|move|p1a: Fraxure|Breaking Swipe|p2b: Ursa Major|[spread] p2a,p2b\n|-damage|p2a: Jerry|78\/100\n|-damage|p2b: Ursa Major|5\/100\n|-unboost|p2a: Jerry|atk|1\n|-unboost|p2b: Ursa Major|atk|1\n|\n|-heal|p2a: Jerry|84\/100|[from] item: Leftovers\n|-ability|p1b: Espathra|Speed Boost|boost\n|-boost|p1b: Espathra|spe|1\n|upkeep\n|turn|2\n|inactiveoff|Battle timer is now OFF.\n|\n|t:|1699941428\n|-terastallize|p1b: Espathra|Fairy\n|move|p1b: Espathra|Dazzling Gleam|p2a: Jerry|[spread] p2a,p2b\n|-supereffective|p2b: Ursa Major\n|-crit|p2b: Ursa Major\n|-damage|p2a: Jerry|58\/100\n|-damage|p2b: Ursa Major|0 fnt\n|faint|p2b: Ursa Major\n|move|p2a: Jerry|Population Bomb|p1a: Fraxure\n|-damage|p1a: Fraxure|75\/100\n|-damage|p1a: Fraxure|70\/100\n|-damage|p1a: Fraxure|65\/100\n|-hitcount|p1a: Fraxure|3\n|move|p1a: Fraxure|Dragon Dance|p1a: Fraxure\n|-boost|p1a: Fraxure|atk|1\n|-boost|p1a: Fraxure|spe|1\n|\n|-heal|p2a: Jerry|64\/100|[from] item: Leftovers\n|-ability|p1b: Espathra|Speed Boost|boost\n|-boost|p1b: Espathra|spe|1\n|upkeep\n|\n|t:|1699941433\n|switch|p2b: Dragonaut|Dragapult, L50, M, shiny|100\/100\n|turn|3\n|\n|t:|1699941462\n|move|p1b: Espathra|Dazzling Gleam|p2b: Dragonaut|[spread] p2a,p2b\n|-supereffective|p2b: Dragonaut\n|-damage|p2a: Jerry|38\/100\n|-damage|p2b: Dragonaut|49\/100\n|move|p2b: Dragonaut|Dragon Darts|p1a: Fraxure\n|-supereffective|p1a: Fraxure\n|-damage|p1a: Fraxure|26\/100\n|-anim|p2b: Dragonaut|Dragon Darts|p1a: Fraxure\n|-supereffective|p1a: Fraxure\n|-damage|p1a: Fraxure|0 fnt\n|faint|p1a: Fraxure\n|move|p2a: Jerry|Bullet Seed|p1b: Espathra\n|-damage|p1b: Espathra|78\/100\n|-damage|p1b: Espathra|73\/100\n|-damage|p1b: Espathra|68\/100\n|-hitcount|p1b: Espathra|3\n|\n|-heal|p2a: Jerry|44\/100|[from] item: Leftovers\n|-ability|p1b: Espathra|Speed Boost|boost\n|-boost|p1b: Espathra|spe|1\n|upkeep\n|\n|t:|1699941483\n|switch|p1a: Iron Bundle|Iron Bundle, L50|100\/100\n|-enditem|p1a: Iron Bundle|Booster Energy\n|-activate|p1a: Iron Bundle|ability: Quark Drive|[fromitem]\n|-start|p1a: Iron Bundle|quarkdrivespe\n|turn|4\n|\n|t:|1699941510\n|move|p1b: Espathra|Dazzling Gleam|p2b: Dragonaut|[spread] p2a,p2b\n|-supereffective|p2b: Dragonaut\n|-damage|p2a: Jerry|18\/100\n|-damage|p2b: Dragonaut|0 fnt\n|faint|p2b: Dragonaut\n|move|p1a: Iron Bundle|Icy Wind|p2a: Jerry\n|-damage|p2a: Jerry|0 fnt\n|faint|p2a: Jerry\n|\n|-ability|p1b: Espathra|Speed Boost|boost\n|-boost|p1b: Espathra|spe|1\n|upkeep\n|\n|t:|1699941515\n|switch|p2a: Rawern|Meowscarada, L50, F, shiny|100\/100\n|turn|5\n|\n|t:|1699941531\n|-terastallize|p2a: Rawern|Water\n|move|p1b: Espathra|Dazzling Gleam|p2a: Rawern\n|-damage|p2a: Rawern|61\/100\n|move|p1a: Iron Bundle|Freeze-Dry|p2a: Rawern\n|-supereffective|p2a: Rawern\n|-damage|p2a: Rawern|0 fnt\n|faint|p2a: Rawern\n|\n|win|CharlienoB\n|raw|CharlienoB's rating: 1063 &rarr; <strong>1088<\/strong><br \/>(+25 for winning)\n|raw|Zetro Bro's rating: 1000 &rarr; <strong>1000<\/strong><br \/>(+0 for losing)\n|l|\u2606Zetro Bro\n","uploadtime":1699941544,"views":12,"p1id":"charlienob","p2id":"zetrobro","formatid":"gen9vgc2023regulatione","rating":1000,"private":0,"password":""}