{"id":"gen9vgc2023regulatione-1994194569","p1":"khoppasteel","p2":"ZippyMonster96","format":"[Gen 9] VGC 2023 Regulation E","log":"|j|\u2606khoppasteel\n|j|\u2606ZippyMonster96\n|t:|1700417565\n|gametype|doubles\n|player|p1|khoppasteel|169|1025\n|player|p2|ZippyMonster96|dragontamer|1000\n|teamsize|p1|6\n|teamsize|p2|6\n|gen|9\n|tier|[Gen 9] VGC 2023 Regulation E\n|rated|\n|rule|Species Clause: Limit one of each Pok\u00e9mon\n|rule|Item Clause: Limit one of each item\n|clearpoke\n|poke|p1|Golduck, L50, M|\n|poke|p1|Pelipper, L50, M|\n|poke|p1|Rotom-Wash, L50|\n|poke|p1|Electrode-Hisui, L50|\n|poke|p1|Torterra, L50, M|\n|poke|p1|Golem-Alola, L50, M|\n|poke|p2|Mimikyu, L50, F|\n|poke|p2|Flamigo, L50, F|\n|poke|p2|Annihilape, L50, M|\n|poke|p2|Gholdengo, L50|\n|poke|p2|Clefairy, L50, F|\n|poke|p2|Palafin, L50, M|\n|teampreview|4\n|\n|t:|1700417584\n|start\n|switch|p1a: Pelipper|Pelipper, L50, M|100\/100\n|switch|p1b: Electrode|Electrode-Hisui, L50|100\/100\n|switch|p2a: Mimikyu|Mimikyu, L50, F|100\/100\n|switch|p2b: Clefairy|Clefairy, L50, F|100\/100\n|-weather|RainDance|[from] ability: Drizzle|[of] p1a: Pelipper\n|turn|1\n|inactive|Battle timer is ON: inactive players will automatically lose when time's up. (requested by ZippyMonster96)\n|\n|t:|1700417630\n|move|p2b: Clefairy|Follow Me|p2b: Clefairy\n|-singleturn|p2b: Clefairy|move: Follow Me\n|move|p1b: Electrode|Leech Seed|p2b: Clefairy\n|-start|p2b: Clefairy|move: Leech Seed\n|move|p2a: Mimikyu|Swords Dance|p2a: Mimikyu\n|-boost|p2a: Mimikyu|atk|2\n|move|p1a: Pelipper|Hydro Pump|p2b: Clefairy\n|-damage|p2b: Clefairy|67\/100\n|\n|-weather|RainDance|[upkeep]\n|-damage|p2b: Clefairy|54\/100|[from] Leech Seed|[of] p1b: Electrode\n|upkeep\n|turn|2\n|inactive|khoppasteel has 30 seconds left.\n|inactive|khoppasteel has 20 seconds left.\n|\n|t:|1700417666\n|move|p2b: Clefairy|Follow Me|p2b: Clefairy\n|-singleturn|p2b: Clefairy|move: Follow Me\n|move|p1b: Electrode|Giga Drain|p2b: Clefairy\n|-damage|p2b: Clefairy|39\/100\n|move|p2a: Mimikyu|Swords Dance|p2a: Mimikyu\n|-boost|p2a: Mimikyu|atk|2\n|move|p1a: Pelipper|Hydro Pump|p2b: Clefairy\n|-damage|p2b: Clefairy|5\/100\n|\n|-weather|RainDance|[upkeep]\n|-damage|p2b: Clefairy|0 fnt|[from] Leech Seed|[of] p1b: Electrode\n|faint|p2b: Clefairy\n|upkeep\n|\n|t:|1700417682\n|switch|p2b: Flamigo|Flamigo, L50, F|100\/100\n|-copyboost|p2b: Flamigo|p2a: Mimikyu|[from] ability: Costar\n|turn|3\n|inactive|ZippyMonster96 has 30 seconds left.\n|\n|t:|1700417709\n|-terastallize|p2b: Flamigo|Steel\n|move|p2a: Mimikyu|Protect|p2a: Mimikyu\n|-singleturn|p2a: Mimikyu|Protect\n|move|p1b: Electrode|Leech Seed|p2b: Flamigo\n|-start|p2b: Flamigo|move: Leech Seed\n|move|p2b: Flamigo|Dual Wingbeat|p1b: Electrode\n|-damage|p1b: Electrode|0 fnt\n|-damage|p2b: Flamigo|76\/100|[from] ability: Aftermath|[of] p1b: Electrode\n|faint|p1b: Electrode\n|-hitcount|p1: Electrode|1\n|-damage|p2b: Flamigo|66\/100|[from] item: Life Orb\n|move|p1a: Pelipper|Hurricane|p2b: Flamigo\n|-resisted|p2b: Flamigo\n|-damage|p2b: Flamigo|36\/100\n|-start|p2b: Flamigo|confusion\n|\n|-weather|RainDance|[upkeep]\n|upkeep\n|inactive|khoppasteel has 30 seconds left.\n|inactive|khoppasteel has 20 seconds left.\n|inactive|khoppasteel has 15 seconds left.\n|inactive|khoppasteel has 10 seconds left.\n|\n|t:|1700417758\n|switch|p1b: Rotom|Rotom-Wash, L50|100\/100\n|turn|4\n|inactive|khoppasteel has 30 seconds left.\n|\n|t:|1700417785\n|-activate|p2b: Flamigo|confusion\n|move|p2b: Flamigo|Protect|p2b: Flamigo\n|-singleturn|p2b: Flamigo|Protect\n|move|p1b: Rotom|Thunder|p2a: Mimikyu\n|-activate|p2a: Mimikyu|ability: Disguise\n|-damage|p2a: Mimikyu|100\/100\n|detailschange|p2a: Mimikyu|Mimikyu-Busted, L50, F\n|-damage|p2a: Mimikyu|88\/100|[from] pokemon: Mimikyu-Busted\n|move|p2a: Mimikyu|Play Rough|p1b: Rotom\n|-damage|p1b: Rotom|0 fnt\n|faint|p1b: Rotom\n|move|p1a: Pelipper|Soak|p2a: Mimikyu\n|-start|p2a: Mimikyu|typechange|Water\n|\n|-weather|RainDance|[upkeep]\n|upkeep\n|\n|t:|1700417802\n|switch|p1b: Golem|Golem-Alola, L50, M|100\/100\n|turn|5\n|inactive|khoppasteel has 30 seconds left.\n|inactive|khoppasteel has 20 seconds left.\n|inactive|khoppasteel has 15 seconds left.\n|\n|t:|1700417846\n|move|p1b: Golem|Protect|p1b: Golem\n|-singleturn|p1b: Golem|Protect\n|move|p2a: Mimikyu|Play Rough|p1a: Pelipper\n|-damage|p1a: Pelipper|46\/100\n|-activate|p2b: Flamigo|confusion\n|move|p2b: Flamigo|Close Combat|p1b: Golem\n|-activate|p1b: Golem|move: Protect\n|move|p1a: Pelipper|Hydro Pump|p2b: Flamigo|[miss]\n|-miss|p1a: Pelipper|p2b: Flamigo\n|\n|-weather|none\n|-damage|p2b: Flamigo|23\/100|[from] Leech Seed|[of] p1b: Golem\n|-status|p1b: Golem|tox|[from] item: Toxic Orb\n|upkeep\n|turn|6\n|inactive|khoppasteel has 30 seconds left.\n|inactive|ZippyMonster96 has 30 seconds left.\n|inactive|khoppasteel has 20 seconds left.\n|inactive|khoppasteel has 15 seconds left.\n|\n|t:|1700417887\n|move|p2a: Mimikyu|Play Rough|p1a: Pelipper\n|-crit|p1a: Pelipper\n|-damage|p1a: Pelipper|0 fnt\n|faint|p1a: Pelipper\n|-end|p2b: Flamigo|confusion\n|move|p2b: Flamigo|Close Combat|p1b: Golem\n|-supereffective|p1b: Golem\n|-crit|p1b: Golem\n|-damage|p1b: Golem|0 fnt\n|-unboost|p2b: Flamigo|def|1\n|-unboost|p2b: Flamigo|spd|1\n|faint|p1b: Golem\n|-damage|p2b: Flamigo|14\/100|[from] item: Life Orb\n|\n|win|ZippyMonster96\n|raw|khoppasteel's rating: 1025 &rarr; <strong>1010<\/strong><br \/>(-15 for losing)\n|raw|ZippyMonster96's rating: 1000 &rarr; <strong>1043<\/strong><br \/>(+43 for winning)\n|l|\u2606khoppasteel\n","uploadtime":1700418022,"views":6,"p1id":"khoppasteel","p2id":"zippymonster96","formatid":"gen9vgc2023regulatione","rating":1010,"private":0,"password":""}