{"id":"gen9vgc2023regulatione-1995789567","p1":"StonerSomeone","p2":"heypolo","format":"[Gen 9] VGC 2023 Regulation E","log":"|j|\u2606StonerSomeone\n|j|\u2606heypolo\n|n|\u2606StonerSomeone|stonersomeone\n|n|\u2606heypolo|heypolo\n|html|View the match progress at <a href=\"\/game-bestof3-gen9vgc2023regulatione-1995789566\">game-bestof3-gen9vgc2023regulatione-1995789566<\/a>\n|t:|1700603347\n|gametype|doubles\n|player|p1|StonerSomeone|anabel|\n|player|p2|heypolo|n|\n|teamsize|p1|6\n|teamsize|p2|6\n|gen|9\n|tier|[Gen 9] VGC 2023 Regulation E\n|rated|Tournament battle\n|rule|Species Clause: Limit one of each Pok\u00e9mon\n|rule|Item Clause: Limit one of each item\n|clearpoke\n|poke|p1|Moltres, L50|\n|poke|p1|Iron Hands, L50|\n|poke|p1|Urshifu-*, L50, M|\n|poke|p1|Flutter Mane, L50|\n|poke|p1|Landorus-Therian, L50, M|\n|poke|p1|Milotic, L50, F|\n|poke|p2|Iron Hands, L50|\n|poke|p2|Ogerpon-Hearthflame, L50, F|\n|poke|p2|Tornadus, L50, M|\n|poke|p2|Urshifu-*, L50, M|\n|poke|p2|Chien-Pao, L50|\n|poke|p2|Grimmsnarl, L50, M|\n|teampreview|4\n|showteam|p1|Moltres||RockyHelmet|FlameBody|HeatWave,AirSlash,Tailwind,Roost||||||50|,,,,,Dragon]Iron Hands||AssaultVest|QuarkDrive|DrainPunch,WildCharge,HeavySlam,FakeOut||||||50|,,,,,Fire]Urshifu||BlackGlasses|UnseenFist|Protect,WickedBlow,SuckerPunch,CloseCombat|||M|||50|,,,,,Poison]Flutter Mane||ChoiceSpecs|Protosynthesis|PowerGem,DazzlingGleam,Moonblast,ShadowBall||||||50|,,,,,Fairy]Landorus-Therian||ChoiceScarf|Intimidate|TeraBlast,StompingTantrum,Uturn,RockSlide|||M|||50|,,,,,Flying]Milotic||SitrusBerry|Competitive|Scald,IcyWind,Recover,Protect|||F|||50|,,,,,Grass\n|showteam|p2|Iron Hands||AssaultVest|QuarkDrive|WildCharge,DrainPunch,HeavySlam,FakeOut||||||50|,,,,,Water]Ogerpon-Hearthflame||HearthflameMask|MoldBreaker|IvyCudgel,WoodHammer,StompingTantrum,SpikyShield|||F|||50|,,,,,Fire]Tornadus||CovertCloak|Prankster|BleakwindStorm,Tailwind,RainDance,SunnyDay|||M|||50|,,,,,Ghost]Urshifu-Rapid-Strike||MysticWater|UnseenFist|SurgingStrikes,CloseCombat,AquaJet,Detect|||M|||50|,,,,,Water]Chien-Pao||FocusSash|SwordofRuin|IceSpinner,SacredSword,SuckerPunch,Protect||||||50|,,,,,Ghost]Grimmsnarl||LightClay|Prankster|LightScreen,Reflect,SpiritBreak,PartingShot|||M|||50|,,,,,Dark\n|inactive|Battle timer is ON: inactive players will automatically lose when time's up. (requested by StonerSomeone)\n|inactive|StonerSomeone has 60 seconds left.\n|\n|t:|1700603401\n|start\n|switch|p1a: Iron Hands|Iron Hands, L50|100\/100\n|switch|p1b: Flutter Mane|Flutter Mane, L50|100\/100\n|switch|p2a: Tornadus|Tornadus, L50, M|100\/100\n|switch|p2b: Urshifu|Urshifu-Rapid-Strike, L50, M|100\/100\n|turn|1\n|\n|t:|1700603423\n|-end|p1a: Iron Hands|Quark Drive|[silent]\n|switch|p1a: Moltres|Moltres, L50|100\/100\n|move|p2b: Urshifu|Detect|p2b: Urshifu\n|-singleturn|p2b: Urshifu|Protect\n|move|p2a: Tornadus|Rain Dance|p2a: Tornadus\n|-weather|RainDance\n|move|p1b: Flutter Mane|Power Gem|p2a: Tornadus\n|-supereffective|p2a: Tornadus\n|-damage|p2a: Tornadus|22\/100\n|\n|-weather|RainDance|[upkeep]\n|upkeep\n|turn|2\n|\n|t:|1700603442\n|-terastallize|p1a: Moltres|Dragon\n|move|p2a: Tornadus|Tailwind|p2a: Tornadus\n|-sidestart|p2: heypolo|move: Tailwind\n|move|p2b: Urshifu|Surging Strikes|p1b: Flutter Mane\n|-crit|p1b: Flutter Mane\n|-damage|p1b: Flutter Mane|44\/100\n|-crit|p1b: Flutter Mane\n|-damage|p1b: Flutter Mane|0 fnt\n|faint|p1b: Flutter Mane\n|-end|p1b: Flutter Mane|Protosynthesis|[silent]\n|-hitcount|p1: Flutter Mane|2\n|move|p1a: Moltres|Air Slash|p2b: Urshifu\n|-supereffective|p2b: Urshifu\n|-damage|p2b: Urshifu|8\/100\n|\n|-weather|RainDance|[upkeep]\n|upkeep\n|\n|t:|1700603451\n|switch|p1b: Iron Hands|Iron Hands, L50|100\/100\n|turn|3\n|\n|t:|1700603461\n|switch|p2a: Iron Hands|Iron Hands, L50|100\/100\n|move|p2b: Urshifu|Detect|p2b: Urshifu\n|-singleturn|p2b: Urshifu|Protect\n|move|p1b: Iron Hands|Fake Out|p2b: Urshifu\n|-activate|p2b: Urshifu|move: Protect\n|move|p1a: Moltres|Air Slash|p2a: Iron Hands\n|-damage|p2a: Iron Hands|80\/100\n|\n|-weather|RainDance|[upkeep]\n|upkeep\n|turn|4\n|\n|t:|1700603483\n|-terastallize|p2b: Urshifu|Water\n|move|p2b: Urshifu|Surging Strikes|p1b: Iron Hands\n|-crit|p1b: Iron Hands\n|-damage|p1b: Iron Hands|66\/100\n|-crit|p1b: Iron Hands\n|-damage|p1b: Iron Hands|27\/100\n|-crit|p1b: Iron Hands\n|-damage|p1b: Iron Hands|0 fnt\n|faint|p1b: Iron Hands\n|-end|p1b: Iron Hands|Quark Drive|[silent]\n|-hitcount|p1: Iron Hands|3\n|move|p2a: Iron Hands|Drain Punch|p1a: Moltres\n|-damage|p1a: Moltres|61\/100\n|-heal|p2a: Iron Hands|96\/100|[from] drain|[of] p1a: Moltres\n|-damage|p2a: Iron Hands|80\/100|[from] item: Rocky Helmet|[of] p1a: Moltres\n|-status|p2a: Iron Hands|brn|[from] ability: Flame Body|[of] p1a: Moltres\n|move|p1a: Moltres|Heat Wave|p2b: Urshifu|[spread] \n|-miss|p1a: Moltres|p2a: Iron Hands\n|-miss|p1a: Moltres|p2b: Urshifu\n|\n|-weather|RainDance|[upkeep]\n|-damage|p2a: Iron Hands|74\/100 brn|[from] brn\n|upkeep\n|\n|t:|1700603493\n|switch|p1b: Landorus|Landorus-Therian, L50, M|100\/100\n|-ability|p1b: Landorus|Intimidate|boost\n|-unboost|p2a: Iron Hands|atk|1\n|-unboost|p2b: Urshifu|atk|1\n|turn|5\n|\n|t:|1700603514\n|move|p2b: Urshifu|Surging Strikes|p1b: Landorus\n|-supereffective|p1b: Landorus\n|-crit|p1b: Landorus\n|-damage|p1b: Landorus|0 fnt\n|faint|p1b: Landorus\n|-hitcount|p1: Landorus|1\n|move|p2a: Iron Hands|Drain Punch|p1a: Moltres\n|-damage|p1a: Moltres|49\/100\n|-heal|p2a: Iron Hands|79\/100 brn|[from] drain|[of] p1a: Moltres\n|-damage|p2a: Iron Hands|62\/100 brn|[from] item: Rocky Helmet|[of] p1a: Moltres\n|move|p1a: Moltres|Roost|p1a: Moltres\n|-heal|p1a: Moltres|99\/100\n|\n|-weather|none\n|-damage|p2a: Iron Hands|56\/100 brn|[from] brn\n|-sideend|p2: heypolo|move: Tailwind\n|upkeep\n|turn|6\n|\n|t:|1700603530\n|-end|p2a: Iron Hands|Quark Drive|[silent]\n|switch|p2a: Tornadus|Tornadus, L50, M|22\/100\n|move|p2b: Urshifu|Detect|p2b: Urshifu\n|-singleturn|p2b: Urshifu|Protect\n|move|p1a: Moltres|Air Slash|p2a: Tornadus\n|-damage|p2a: Tornadus|0 fnt\n|faint|p2a: Tornadus\n|\n|upkeep\n|\n|t:|1700603537\n|switch|p2a: Iron Hands|Iron Hands, L50|56\/100 brn\n|turn|7\n|\n|t:|1700603544\n|move|p2a: Iron Hands|Fake Out|p1a: Moltres\n|-damage|p1a: Moltres|93\/100\n|-damage|p2a: Iron Hands|40\/100 brn|[from] item: Rocky Helmet|[of] p1a: Moltres\n|move|p2b: Urshifu|Close Combat|p1a: Moltres\n|-damage|p1a: Moltres|53\/100\n|-unboost|p2b: Urshifu|def|1\n|-unboost|p2b: Urshifu|spd|1\n|-damage|p2b: Urshifu|0 fnt|[from] item: Rocky Helmet|[of] p1a: Moltres\n|faint|p2b: Urshifu\n|cant|p1a: Moltres|flinch\n|\n|-damage|p2a: Iron Hands|34\/100 brn|[from] brn\n|upkeep\n|\n|t:|1700603554\n|switch|p2b: Ogerpon|Ogerpon-Hearthflame, L50, F|100\/100\n|-ability|p2b: Ogerpon|Mold Breaker\n|turn|8\n|\n|t:|1700603564\n|move|p2b: Ogerpon|Wood Hammer|p1a: Moltres\n|-resisted|p1a: Moltres\n|-damage|p1a: Moltres|22\/100\n|-damage|p2b: Ogerpon|84\/100|[from] item: Rocky Helmet|[of] p1a: Moltres\n|-damage|p2b: Ogerpon|72\/100|[from] Recoil\n|move|p1a: Moltres|Roost|p1a: Moltres\n|-heal|p1a: Moltres|73\/100\n|move|p2a: Iron Hands|Drain Punch|p1a: Moltres\n|-damage|p1a: Moltres|54\/100\n|-heal|p2a: Iron Hands|42\/100 brn|[from] drain|[of] p1a: Moltres\n|-damage|p2a: Iron Hands|25\/100 brn|[from] item: Rocky Helmet|[of] p1a: Moltres\n|\n|-damage|p2a: Iron Hands|19\/100 brn|[from] brn\n|upkeep\n|turn|9\n|\n|t:|1700603581\n|move|p2b: Ogerpon|Wood Hammer|p1a: Moltres\n|-resisted|p1a: Moltres\n|-damage|p1a: Moltres|23\/100\n|-damage|p2b: Ogerpon|56\/100|[from] item: Rocky Helmet|[of] p1a: Moltres\n|-damage|p2b: Ogerpon|43\/100|[from] Recoil\n|move|p1a: Moltres|Roost|p1a: Moltres\n|-heal|p1a: Moltres|73\/100\n|move|p2a: Iron Hands|Drain Punch|p1a: Moltres\n|-damage|p1a: Moltres|54\/100\n|-heal|p2a: Iron Hands|27\/100 brn|[from] drain|[of] p1a: Moltres\n|-damage|p2a: Iron Hands|11\/100 brn|[from] item: Rocky Helmet|[of] p1a: Moltres\n|\n|-damage|p2a: Iron Hands|5\/100 brn|[from] brn\n|upkeep\n|turn|10\n|\n|t:|1700603592\n|move|p2b: Ogerpon|Spiky Shield|p2b: Ogerpon\n|-singleturn|p2b: Ogerpon|move: Protect\n|move|p1a: Moltres|Roost|p1a: Moltres\n|-heal|p1a: Moltres|100\/100\n|move|p2a: Iron Hands|Drain Punch|p1a: Moltres\n|-damage|p1a: Moltres|83\/100\n|-heal|p2a: Iron Hands|12\/100 brn|[from] drain|[of] p1a: Moltres\n|-damage|p2a: Iron Hands|0 fnt|[from] item: Rocky Helmet|[of] p1a: Moltres\n|faint|p2a: Iron Hands\n|-end|p2a: Iron Hands|Quark Drive|[silent]\n|\n|upkeep\n|turn|11\n|\n|t:|1700603606\n|move|p2b: Ogerpon|Ivy Cudgel|p1a: Moltres|[anim] Ivy Cudgel Fire\n|-resisted|p1a: Moltres\n|-crit|p1a: Moltres\n|-damage|p1a: Moltres|42\/100\n|move|p1a: Moltres|Air Slash|p2b: Ogerpon\n|-supereffective|p2b: Ogerpon\n|-damage|p2b: Ogerpon|0 fnt\n|faint|p2b: Ogerpon\n|\n|win|StonerSomeone\n","uploadtime":1700603611,"views":0,"p1id":"stonersomeone","p2id":"heypolo","formatid":"gen9vgc2023regulatione","rating":0,"private":0,"password":""}