{"id":"gen9vgc2023regulatione-1998581350","p1":"871sselhtooT","p2":"SumSamSum","format":"[Gen 9] VGC 2023 Regulation E","log":"|j|\u2606871sselhtooT\n|j|\u2606SumSamSum\n|t:|1700959028\n|gametype|doubles\n|player|p1|871sselhtooT|266|1110\n|player|p2|SumSamSum|veteran|1106\n|teamsize|p1|6\n|teamsize|p2|6\n|gen|9\n|tier|[Gen 9] VGC 2023 Regulation E\n|rated|\n|rule|Species Clause: Limit one of each Pok\u00e9mon\n|rule|Item Clause: Limit one of each item\n|clearpoke\n|poke|p1|Iron Hands, L50|\n|poke|p1|Landorus-Therian, L50, M|\n|poke|p1|Sinistcha, L50|\n|poke|p1|Grimmsnarl, L50, M|\n|poke|p1|Goodra-Hisui, L50, F|\n|poke|p1|Toxapex, L50, F|\n|poke|p2|Milotic, L50, F|\n|poke|p2|Conkeldurr, L50, M|\n|poke|p2|Meowscarada, L50, F|\n|poke|p2|Dusclops, L50, F|\n|poke|p2|Arcanine, L50, F|\n|poke|p2|Yanmega, L50, F|\n|teampreview|4\n|inactive|Battle timer is ON: inactive players will automatically lose when time's up. (requested by 871sselhtooT)\n|inactive|SumSamSum has 60 seconds left.\n|inactive|SumSamSum has 30 seconds left.\n|inactive|SumSamSum has 20 seconds left.\n|inactive|SumSamSum has 15 seconds left.\n|\n|t:|1700959104\n|start\n|switch|p1a: Toxapex|Toxapex, L50, F, shiny|100\/100\n|switch|p1b: Grimmsnarl|Grimmsnarl, L50, M, shiny|100\/100\n|switch|p2a: Meowscarada|Meowscarada, L50, F|100\/100\n|switch|p2b: Milotic|Milotic, L50, F|100\/100\n|turn|1\n|\n|t:|1700959120\n|move|p1b: Grimmsnarl|Light Screen|p1b: Grimmsnarl\n|-sidestart|p1: 871sselhtooT|move: Light Screen\n|move|p2a: Meowscarada|Flower Trick|p1a: Toxapex\n|-start|p2a: Meowscarada|typechange|Grass|[from] ability: Protean\n|-crit|p1a: Toxapex\n|-damage|p1a: Toxapex|48\/100\n|move|p2b: Milotic|Coil|p2b: Milotic\n|-boost|p2b: Milotic|atk|1\n|-boost|p2b: Milotic|def|1\n|-boost|p2b: Milotic|accuracy|1\n|move|p1a: Toxapex|Substitute|p1a: Toxapex\n|-start|p1a: Toxapex|Substitute\n|-damage|p1a: Toxapex|23\/100\n|\n|upkeep\n|turn|2\n|\n|t:|1700959137\n|move|p1b: Grimmsnarl|Taunt|p2b: Milotic\n|-start|p2b: Milotic|move: Taunt\n|move|p2a: Meowscarada|Flower Trick|p1a: Toxapex\n|-crit|p1a: Toxapex\n|-end|p1a: Toxapex|Substitute\n|cant|p2b: Milotic|move: Taunt|Coil\n|move|p1a: Toxapex|Recover|p1a: Toxapex\n|-heal|p1a: Toxapex|74\/100\n|\n|upkeep\n|turn|3\n|\n|t:|1700959153\n|move|p1b: Grimmsnarl|Parting Shot|p2a: Meowscarada\n|-unboost|p2a: Meowscarada|atk|1\n|-unboost|p2a: Meowscarada|spa|1\n|\n|t:|1700959158\n|switch|p1b: Iron Hands|Iron Hands, L50, shiny|100\/100|[from] Parting Shot\n|move|p2a: Meowscarada|Flower Trick|p1a: Toxapex\n|-crit|p1a: Toxapex\n|-damage|p1a: Toxapex|25\/100\n|move|p2b: Milotic|Scald|p1a: Toxapex\n|-resisted|p1a: Toxapex\n|-damage|p1a: Toxapex|18\/100\n|move|p1a: Toxapex|Infestation|p2a: Meowscarada\n|-supereffective|p2a: Meowscarada\n|-damage|p2a: Meowscarada|91\/100\n|-activate|p2a: Meowscarada|move: Infestation|[of] p1a: Toxapex\n|\n|-damage|p2a: Meowscarada|75\/100|[from] move: Infestation|[partiallytrapped]\n|upkeep\n|turn|4\n|\n|t:|1700959180\n|-terastallize|p1a: Toxapex|Dragon\n|move|p1b: Iron Hands|Fake Out|p2a: Meowscarada\n|-damage|p2a: Meowscarada|53\/100\n|cant|p2a: Meowscarada|flinch\n|move|p2b: Milotic|Scald|p1b: Iron Hands\n|-damage|p1b: Iron Hands|90\/100\n|-status|p1b: Iron Hands|brn\n|move|p1a: Toxapex|Recover|p1a: Toxapex\n|-heal|p1a: Toxapex|68\/100\n|\n|-damage|p1b: Iron Hands|84\/100 brn|[from] brn\n|-damage|p2a: Meowscarada|36\/100|[from] move: Infestation|[partiallytrapped]\n|-end|p2b: Milotic|move: Taunt\n|upkeep\n|turn|5\n|\n|t:|1700959200\n|move|p1a: Toxapex|Baneful Bunker|p1a: Toxapex\n|-singleturn|p1a: Toxapex|move: Protect\n|move|p2a: Meowscarada|Flower Trick|p1a: Toxapex\n|-activate|p1a: Toxapex|move: Protect\n|move|p2b: Milotic|Coil|p2b: Milotic\n|-boost|p2b: Milotic|atk|1\n|-boost|p2b: Milotic|def|1\n|-boost|p2b: Milotic|accuracy|1\n|move|p1b: Iron Hands|Wild Charge|p2b: Milotic\n|-supereffective|p2b: Milotic\n|-damage|p2b: Milotic|78\/100\n|-damage|p1b: Iron Hands|79\/100 brn|[from] Recoil\n|\n|-heal|p2b: Milotic|84\/100|[from] item: Leftovers\n|-damage|p1b: Iron Hands|73\/100 brn|[from] brn\n|-damage|p2a: Meowscarada|20\/100|[from] move: Infestation|[partiallytrapped]\n|-sideend|p1: 871sselhtooT|move: Light Screen\n|upkeep\n|turn|6\n|\n|t:|1700959221\n|move|p2a: Meowscarada|Flower Trick|p1b: Iron Hands\n|-crit|p1b: Iron Hands\n|-damage|p1b: Iron Hands|28\/100 brn\n|move|p2b: Milotic|Hypnosis|p1a: Toxapex\n|-status|p1a: Toxapex|slp|[from] move: Hypnosis\n|move|p1b: Iron Hands|Drain Punch|p2a: Meowscarada\n|-damage|p2a: Meowscarada|0 fnt\n|-heal|p1b: Iron Hands|35\/100 brn|[from] drain|[of] p2a: Meowscarada\n|faint|p2a: Meowscarada\n|cant|p1a: Toxapex|slp\n|\n|-heal|p2b: Milotic|90\/100|[from] item: Leftovers\n|-damage|p1b: Iron Hands|29\/100 brn|[from] brn\n|upkeep\n|\n|t:|1700959239\n|switch|p2a: Conkeldurr|Conkeldurr, L50, M|100\/100\n|turn|7\n|\n|t:|1700959251\n|-curestatus|p1a: Toxapex|slp|[msg]\n|move|p1a: Toxapex|Baneful Bunker|p1a: Toxapex\n|-singleturn|p1a: Toxapex|move: Protect\n|move|p2b: Milotic|Scald|p1b: Iron Hands\n|-damage|p1b: Iron Hands|14\/100 brn\n|move|p1b: Iron Hands|Volt Switch|p2b: Milotic\n|-supereffective|p2b: Milotic\n|-crit|p2b: Milotic\n|-damage|p2b: Milotic|66\/100\n|\n|t:|1700959262\n|-end|p1b: Iron Hands|Quark Drive|[silent]\n|switch|p1b: Grimmsnarl|Grimmsnarl, L50, M, shiny|100\/100|[from] Volt Switch\n|move|p2a: Conkeldurr|Ice Punch|p1a: Toxapex\n|-activate|p1a: Toxapex|move: Protect\n|-status|p2a: Conkeldurr|psn\n|\n|-heal|p2b: Milotic|72\/100|[from] item: Leftovers\n|-damage|p2a: Conkeldurr|88\/100 psn|[from] psn\n|upkeep\n|turn|8\n|\n|t:|1700959278\n|move|p2a: Conkeldurr|Protect|p2a: Conkeldurr\n|-singleturn|p2a: Conkeldurr|Protect\n|move|p2b: Milotic|Hypnosis|p1b: Grimmsnarl\n|-status|p1b: Grimmsnarl|slp|[from] move: Hypnosis\n|cant|p1b: Grimmsnarl|slp\n|move|p1a: Toxapex|Substitute|p1a: Toxapex\n|-start|p1a: Toxapex|Substitute\n|-damage|p1a: Toxapex|43\/100\n|\n|-heal|p2b: Milotic|78\/100|[from] item: Leftovers\n|-damage|p2a: Conkeldurr|76\/100 psn|[from] psn\n|upkeep\n|turn|9\n|\n|t:|1700959294\n|cant|p1b: Grimmsnarl|slp\n|move|p2b: Milotic|Scald|p1b: Grimmsnarl\n|-damage|p1b: Grimmsnarl|74\/100 slp\n|move|p2a: Conkeldurr|Ice Punch|p1a: Toxapex\n|-supereffective|p1a: Toxapex\n|-end|p1a: Toxapex|Substitute\n|move|p1a: Toxapex|Infestation|p2a: Conkeldurr\n|-resisted|p2a: Conkeldurr\n|-damage|p2a: Conkeldurr|74\/100 psn\n|-activate|p2a: Conkeldurr|move: Infestation|[of] p1a: Toxapex\n|\n|-heal|p2b: Milotic|84\/100|[from] item: Leftovers\n|-damage|p2a: Conkeldurr|62\/100 psn|[from] psn\n|-damage|p2a: Conkeldurr|45\/100 psn|[from] move: Infestation|[partiallytrapped]\n|upkeep\n|turn|10\n|\n|t:|1700959315\n|move|p1a: Toxapex|Baneful Bunker|p1a: Toxapex\n|-singleturn|p1a: Toxapex|move: Protect\n|cant|p1b: Grimmsnarl|slp\n|move|p2b: Milotic|Hypnosis|p1a: Toxapex\n|-activate|p1a: Toxapex|move: Protect\n|move|p2a: Conkeldurr|Drain Punch|p1b: Grimmsnarl\n|-damage|p1b: Grimmsnarl|8\/100 slp\n|-heal|p2a: Conkeldurr|76\/100 psn|[from] drain|[of] p1b: Grimmsnarl\n|\n|-heal|p2b: Milotic|90\/100|[from] item: Leftovers\n|-damage|p2a: Conkeldurr|64\/100 psn|[from] psn\n|-damage|p2a: Conkeldurr|48\/100 psn|[from] move: Infestation|[partiallytrapped]\n|upkeep\n|turn|11\n|\n|t:|1700959335\n|-curestatus|p1b: Grimmsnarl|slp|[msg]\n|move|p1b: Grimmsnarl|Parting Shot|p2a: Conkeldurr\n|-unboost|p2a: Conkeldurr|atk|1\n|-unboost|p2a: Conkeldurr|spa|1\n|\n|t:|1700959345\n|switch|p1b: Iron Hands|Iron Hands, L50, shiny|14\/100 brn|[from] Parting Shot\n|move|p2b: Milotic|Scald|p1b: Iron Hands\n|-damage|p1b: Iron Hands|0 fnt\n|faint|p1b: Iron Hands\n|-end|p1b: Iron Hands|Quark Drive|[silent]\n|move|p2a: Conkeldurr|Ice Punch|p1a: Toxapex\n|-supereffective|p1a: Toxapex\n|-damage|p1a: Toxapex|4\/100\n|move|p1a: Toxapex|Infestation|p2b: Milotic\n|-damage|p2b: Milotic|88\/100\n|-activate|p2b: Milotic|move: Infestation|[of] p1a: Toxapex\n|\n|-heal|p2b: Milotic|94\/100|[from] item: Leftovers\n|-damage|p2a: Conkeldurr|35\/100 psn|[from] psn\n|-damage|p2b: Milotic|78\/100|[from] move: Infestation|[partiallytrapped]\n|-damage|p2a: Conkeldurr|19\/100 psn|[from] move: Infestation|[partiallytrapped]\n|upkeep\n|\n|t:|1700959355\n|switch|p1b: Sinistcha|Sinistcha, L50, shiny|100\/100\n|turn|12\n|\n|t:|1700959368\n|move|p2a: Conkeldurr|Protect|p2a: Conkeldurr\n|-singleturn|p2a: Conkeldurr|Protect\n|move|p1b: Sinistcha|Rage Powder|p1b: Sinistcha\n|-singleturn|p1b: Sinistcha|move: Rage Powder\n|move|p2b: Milotic|Hypnosis|p1b: Sinistcha\n|-status|p1b: Sinistcha|slp|[from] move: Hypnosis\n|move|p1a: Toxapex|Recover|p1a: Toxapex\n|-heal|p1a: Toxapex|54\/100\n|\n|-heal|p2b: Milotic|84\/100|[from] item: Leftovers\n|-damage|p2a: Conkeldurr|7\/100 psn|[from] psn\n|-damage|p2b: Milotic|67\/100|[from] move: Infestation|[partiallytrapped]\n|-damage|p2a: Conkeldurr|0 fnt|[from] move: Infestation|[partiallytrapped]\n|faint|p2a: Conkeldurr\n|upkeep\n|\n|t:|1700959377\n|switch|p2a: Dusclops|Dusclops, L50, F|100\/100\n|-ability|p2a: Dusclops|Pressure\n|turn|13\n|\n|t:|1700959385\n|cant|p1b: Sinistcha|slp\n|move|p2b: Milotic|Hypnosis|p1a: Toxapex\n|-status|p1a: Toxapex|slp|[from] move: Hypnosis\n|cant|p1a: Toxapex|slp\n|move|p2a: Dusclops|Night Shade|p1a: Toxapex\n|-damage|p1a: Toxapex|22\/100 slp\n|\n|-heal|p2b: Milotic|73\/100|[from] item: Leftovers\n|-damage|p2b: Milotic|57\/100|[from] move: Infestation|[partiallytrapped]\n|upkeep\n|turn|14\n|\n|t:|1700959408\n|-terastallize|p2b: Milotic|Poison\n|cant|p1b: Sinistcha|slp\n|move|p2b: Milotic|Scald|p1b: Sinistcha\n|-resisted|p1b: Sinistcha\n|-damage|p1b: Sinistcha|88\/100 slp\n|cant|p1a: Toxapex|slp\n|move|p2a: Dusclops|Night Shade|p1a: Toxapex\n|-damage|p1a: Toxapex|0 fnt\n|faint|p1a: Toxapex\n|\n|-heal|p2b: Milotic|63\/100|[from] item: Leftovers\n|-end|p2b: Milotic|Infestation|[partiallytrapped]|[silent]\n|upkeep\n|\n|t:|1700959420\n|switch|p1a: Grimmsnarl|Grimmsnarl, L50, M, shiny|8\/100\n|turn|15\n|\n|t:|1700959430\n|move|p1a: Grimmsnarl|Light Screen|p1a: Grimmsnarl\n|-sidestart|p1: 871sselhtooT|move: Light Screen\n|move|p2b: Milotic|Scald|p1a: Grimmsnarl\n|-damage|p1a: Grimmsnarl|0 fnt\n|faint|p1a: Grimmsnarl\n|cant|p1b: Sinistcha|slp\n|move|p2a: Dusclops|Night Shade|p1b: Sinistcha\n|-damage|p1b: Sinistcha|60\/100 slp\n|\n|-heal|p2b: Milotic|69\/100|[from] item: Leftovers\n|upkeep\n|turn|16\n|\n|t:|1700959446\n|move|p2b: Milotic|Recover|p2b: Milotic\n|-heal|p2b: Milotic|100\/100\n|-curestatus|p1b: Sinistcha|slp|[msg]\n|move|p1b: Sinistcha|Calm Mind|p1b: Sinistcha\n|-boost|p1b: Sinistcha|spa|1\n|-boost|p1b: Sinistcha|spd|1\n|move|p2a: Dusclops|Night Shade|p1b: Sinistcha\n|-damage|p1b: Sinistcha|32\/100\n|-enditem|p1b: Sinistcha|Sitrus Berry|[eat]\n|-heal|p1b: Sinistcha|57\/100|[from] item: Sitrus Berry\n|\n|upkeep\n|turn|17\n|\n|t:|1700959458\n|move|p2b: Milotic|Hypnosis|p1b: Sinistcha\n|-status|p1b: Sinistcha|slp|[from] move: Hypnosis\n|cant|p1b: Sinistcha|slp\n|move|p2a: Dusclops|Night Shade|p1b: Sinistcha\n|-damage|p1b: Sinistcha|29\/100 slp\n|\n|upkeep\n|turn|18\n|\n|t:|1700959462\n|move|p2b: Milotic|Scald|p1b: Sinistcha\n|-resisted|p1b: Sinistcha\n|-damage|p1b: Sinistcha|22\/100 slp\n|cant|p1b: Sinistcha|slp\n|move|p2a: Dusclops|Night Shade|p1b: Sinistcha\n|-damage|p1b: Sinistcha|0 fnt\n|faint|p1b: Sinistcha\n|\n|win|SumSamSum\n|raw|871sselhtooT's rating: 1110 &rarr; <strong>1085<\/strong><br \/>(-25 for losing)\n|raw|SumSamSum's rating: 1106 &rarr; <strong>1131<\/strong><br \/>(+25 for winning)\n|l|\u2606871sselhtooT\n","uploadtime":1700959627,"views":3,"p1id":"871sselhtoot","p2id":"sumsamsum","formatid":"gen9vgc2023regulatione","rating":1085,"private":0,"password":""}