{"id":"gen9vgc2023regulatione-1998108969","p1":"That_Leek","p2":"Suluxz","format":"[Gen 9] VGC 2023 Regulation E","log":"|j|\u2606That_Leek\n|j|\u2606Suluxz\n|t:|1700892833\n|gametype|doubles\n|player|p1|That_Leek|blue|1521\n|player|p2|Suluxz|hilbert|1502\n|teamsize|p1|6\n|teamsize|p2|6\n|gen|9\n|tier|[Gen 9] VGC 2023 Regulation E\n|rated|\n|rule|Species Clause: Limit one of each Pok\u00e9mon\n|rule|Item Clause: Limit one of each item\n|clearpoke\n|poke|p1|Gholdengo, L50|\n|poke|p1|Ogerpon-Wellspring, L50, F|\n|poke|p1|Arcanine-Hisui, L50, M|\n|poke|p1|Chien-Pao, L50|\n|poke|p1|Scream Tail, L50|\n|poke|p1|Dragonite, L50, F|\n|poke|p2|Rillaboom, L50, M|\n|poke|p2|Tornadus, L50, M|\n|poke|p2|Urshifu-*, L50, M|\n|poke|p2|Farigiraf, L50, M|\n|poke|p2|Iron Hands, L50|\n|poke|p2|Heatran, L50, M|\n|teampreview|4\nThat_Leek has agreed to open team sheets.\n|inactive|Battle timer is ON: inactive players will automatically lose when time's up. (requested by Suluxz)\n|inactive|That_Leek has 60 seconds left.\n|\n|t:|1700892883\n|start\n|switch|p1a: Arcanine|Arcanine-Hisui, L50, M|100\/100\n|switch|p1b: Chien-Pao|Chien-Pao, L50|100\/100\n|switch|p2a: Tornadus|Tornadus, L50, M|100\/100\n|switch|p2b: Rillaboom|Rillaboom, L50, M|100\/100\n|-ability|p1b: Chien-Pao|Sword of Ruin\n|-ability|p1a: Arcanine|Intimidate|boost\n|-unboost|p2a: Tornadus|atk|1\n|-unboost|p2b: Rillaboom|atk|1\n|-fieldstart|move: Grassy Terrain|[from] ability: Grassy Surge|[of] p2b: Rillaboom\n|turn|1\n|\n|t:|1700892904\n|-terastallize|p2b: Rillaboom|Water\n|move|p1b: Chien-Pao|Protect|p1b: Chien-Pao\n|-singleturn|p1b: Chien-Pao|Protect\n|move|p2a: Tornadus|Tailwind|p2a: Tornadus\n|-sidestart|p2: Suluxz|move: Tailwind\n|move|p2b: Rillaboom|High Horsepower|p1a: Arcanine|[miss]\n|-miss|p2b: Rillaboom|p1a: Arcanine\n|move|p1a: Arcanine|Rock Slide|p2b: Rillaboom|[spread] p2a,p2b\n|-supereffective|p2a: Tornadus\n|-damage|p2a: Tornadus|0 fnt\n|-damage|p2b: Rillaboom|45\/100\n|faint|p2a: Tornadus\n|\n|-heal|p2b: Rillaboom|51\/100|[from] Grassy Terrain\n|upkeep\n|c|\u2606Suluxz|:\/\/\/\/\/\/\/\/\/\/\/\/\n|c|\u2606That_Leek|mb\n|\n|t:|1700892922\n|switch|p2a: Urshifu|Urshifu-Rapid-Strike, L50, M|100\/100\n|turn|2\n|inactive|That_Leek has 30 seconds left.\n|inactive|That_Leek has 20 seconds left.\n|inactive|That_Leek has 15 seconds left.\n|inactive|That_Leek has 10 seconds left.\n|\n|t:|1700892971\n|switch|p1a: Ogerpon|Ogerpon-Wellspring, L50, F|100\/100\n|move|p2a: Urshifu|Surging Strikes|p1a: Ogerpon\n|-immune|p1a: Ogerpon|[from] ability: Water Absorb\n|move|p2b: Rillaboom|Wood Hammer|p1b: Chien-Pao\n|-damage|p1b: Chien-Pao|8\/100\n|-damage|p2b: Rillaboom|28\/100|[from] Recoil\n|move|p1b: Chien-Pao|Sacred Sword|p2a: Urshifu\n|-damage|p2a: Urshifu|63\/100\n|\n|-heal|p2a: Urshifu|68\/100|[from] Grassy Terrain\n|-heal|p2b: Rillaboom|34\/100|[from] Grassy Terrain\n|-heal|p1b: Chien-Pao|13\/100|[from] Grassy Terrain\n|upkeep\n|turn|3\n|j| RhetoricallyAve\n|\n|t:|1700892994\n|move|p1b: Chien-Pao|Sucker Punch||[still]\n|-fail|p1b: Chien-Pao\n|move|p2a: Urshifu|Close Combat|p1b: Chien-Pao\n|-supereffective|p1b: Chien-Pao\n|-damage|p1b: Chien-Pao|0 fnt\n|-unboost|p2a: Urshifu|def|1\n|-unboost|p2a: Urshifu|spd|1\n|faint|p1b: Chien-Pao\n|move|p2b: Rillaboom|Bulk Up|p2b: Rillaboom\n|-boost|p2b: Rillaboom|atk|1\n|-boost|p2b: Rillaboom|def|1\n|move|p1a: Ogerpon|Horn Leech|p2a: Urshifu\n|-supereffective|p2a: Urshifu\n|-damage|p2a: Urshifu|0 fnt\n|faint|p2a: Urshifu\n|\n|-heal|p2b: Rillaboom|40\/100|[from] Grassy Terrain\n|upkeep\n|\n|t:|1700893007\n|switch|p1b: Arcanine|Arcanine-Hisui, L50, M|100\/100\n|switch|p2a: Heatran|Heatran, L50, M|100\/100\n|-ability|p1b: Arcanine|Intimidate|boost\n|-unboost|p2a: Heatran|atk|1\n|-unboost|p2b: Rillaboom|atk|1\n|turn|4\n|\n|t:|1700893023\n|move|p1a: Ogerpon|Spiky Shield|p1a: Ogerpon\n|-singleturn|p1a: Ogerpon|move: Protect\n|move|p1b: Arcanine|Extreme Speed|p2b: Rillaboom\n|-damage|p2b: Rillaboom|15\/100\n|move|p2a: Heatran|Heat Wave|p1b: Arcanine|[spread] p1b\n|-activate|p1a: Ogerpon|move: Protect\n|-resisted|p1b: Arcanine\n|-damage|p1b: Arcanine|85\/100\n|-damage|p2a: Heatran|91\/100|[from] item: Life Orb\n|move|p2b: Rillaboom|Wood Hammer|p1a: Ogerpon\n|-activate|p1a: Ogerpon|move: Protect\n|-damage|p2b: Rillaboom|3\/100|[from] Spiky Shield|[of] p1a: Ogerpon\n|\n|-heal|p2a: Heatran|97\/100|[from] Grassy Terrain\n|-heal|p2b: Rillaboom|9\/100|[from] Grassy Terrain\n|-heal|p1b: Arcanine|91\/100|[from] Grassy Terrain\n|-sideend|p2: Suluxz|move: Tailwind\n|upkeep\n|turn|5\n|c|\u2606Suluxz|That's a really shit way to lose dude\n|c|\u2606That_Leek|yeah\n|\n|t:|1700893046\n|move|p1b: Arcanine|Extreme Speed|p2b: Rillaboom\n|-damage|p2b: Rillaboom|0 fnt\n|faint|p2b: Rillaboom\n|move|p2a: Heatran|Heat Wave|p1a: Ogerpon|[spread] p1a,p1b\n|-resisted|p1b: Arcanine\n|-damage|p1a: Ogerpon|58\/100\n|-damage|p1b: Arcanine|76\/100\n|-status|p1a: Ogerpon|brn\n|-damage|p2a: Heatran|87\/100|[from] item: Life Orb\n|move|p1a: Ogerpon|Ivy Cudgel|p2a: Heatran|[anim] Ivy Cudgel Water\n|-supereffective|p2a: Heatran\n|-crit|p2a: Heatran\n|-damage|p2a: Heatran|0 fnt\n|faint|p2a: Heatran\n|\n|win|That_Leek\n|raw|That_Leek's rating: 1521 &rarr; <strong>1540<\/strong><br \/>(+19 for winning)\n|raw|Suluxz's rating: 1502 &rarr; <strong>1483<\/strong><br \/>(-19 for losing)\n|c|\u2606Suluxz|This losing streak is just fate ig\n|c|\u2606That_Leek|I know man\n|l|\u2606Suluxz\n|c|\u2606That_Leek|it's hard\n|l| RhetoricallyAve\n","uploadtime":1700893053,"views":6,"p1id":"thatleek","p2id":"suluxz","formatid":"gen9vgc2023regulatione","rating":1483,"private":0,"password":""}