{"id":"gen9vgc2023regulatione-1988765349","p1":"u7h7hh798","p2":"eeqwer","format":"[Gen 9] VGC 2023 Regulation E","log":"|j|\u2606u7h7hh798\n|j|\u2606eeqwer\n|t:|1699760258\n|gametype|doubles\n|player|p1|u7h7hh798|silver|1241\n|player|p2|eeqwer|lady|1365\n|teamsize|p1|6\n|teamsize|p2|6\n|gen|9\n|tier|[Gen 9] VGC 2023 Regulation E\n|rated|\n|rule|Species Clause: Limit one of each Pok\u00e9mon\n|rule|Item Clause: Limit one of each item\n|clearpoke\n|poke|p1|Dondozo, L50, M|\n|poke|p1|Tatsugiri, L50, F|\n|poke|p1|Glimmora, L50, F|\n|poke|p1|Urshifu-*, L50, M|\n|poke|p1|Ogerpon-Wellspring, L50, F|\n|poke|p1|Chi-Yu, L50|\n|poke|p2|Ogerpon-Wellspring, L50, F|\n|poke|p2|Roaring Moon, L50|\n|poke|p2|Farigiraf, L50, M|\n|poke|p2|Ursaluna-Bloodmoon, L50, M|\n|poke|p2|Indeedee-F, L50, F|\n|poke|p2|Armarouge, L50, F|\n|teampreview|4\n|inactive|Battle timer is ON: inactive players will automatically lose when time's up. (requested by eeqwer)\n|inactive|u7h7hh798 also wants the timer to be on.\n|inactive|u7h7hh798 has 60 seconds left.\n|inactive|eeqwer has 60 seconds left.\n|inactive|eeqwer has 30 seconds left.\n|inactive|eeqwer has 20 seconds left.\n|\n|t:|1699760332\n|start\n|switch|p1a: Ogerpon|Ogerpon-Wellspring, L50, F|100\/100\n|switch|p1b: Chi-Yu|Chi-Yu, L50|100\/100\n|switch|p2a: Roaring Moon|Roaring Moon, L50|100\/100\n|switch|p2b: Armarouge|Armarouge, L50, F|100\/100\n|-ability|p1b: Chi-Yu|Beads of Ruin\n|-enditem|p2a: Roaring Moon|Booster Energy\n|-activate|p2a: Roaring Moon|ability: Protosynthesis|[fromitem]\n|-start|p2a: Roaring Moon|protosynthesisspe\n|turn|1\n|inactive|u7h7hh798 has 30 seconds left.\n|\n|t:|1699760362\n|-terastallize|p1b: Chi-Yu|Ghost\n|move|p1a: Ogerpon|Follow Me|p1a: Ogerpon\n|-singleturn|p1a: Ogerpon|move: Follow Me\n|move|p2a: Roaring Moon|Earthquake|p1b: Chi-Yu|[spread] p2b,p1a,p1b\n|-supereffective|p2b: Armarouge\n|-resisted|p1a: Ogerpon\n|-damage|p2b: Armarouge|50\/100\n|-damage|p1a: Ogerpon|89\/100\n|-damage|p1b: Chi-Yu|65\/100\n|-ability|p2b: Armarouge|Weak Armor|boost\n|-unboost|p2b: Armarouge|def|1\n|-boost|p2b: Armarouge|spe|2\n|-enditem|p2b: Armarouge|Weakness Policy\n|-boost|p2b: Armarouge|atk|2|[from] item: Weakness Policy\n|-boost|p2b: Armarouge|spa|2|[from] item: Weakness Policy\n|move|p2b: Armarouge|Heat Wave|p1b: Chi-Yu|[spread] p1a,p1b\n|-damage|p1a: Ogerpon|0 fnt\n|-damage|p1b: Chi-Yu|0 fnt\n|faint|p1a: Ogerpon\n|faint|p1b: Chi-Yu\n|\n|upkeep\n|\n|t:|1699760378\n|switch|p1b: Tatsugiri|Tatsugiri, L50, F|100\/100\n|switch|p1a: Dondozo|Dondozo, L50, M|100\/100\n|-activate|p1b: Tatsugiri|ability: Commander|[of] p1a: Dondozo\n|-boost|p1a: Dondozo|atk|2\n|-boost|p1a: Dondozo|spa|2\n|-boost|p1a: Dondozo|spe|2\n|-boost|p1a: Dondozo|def|2\n|-boost|p1a: Dondozo|spd|2\n|turn|2\n|\n|t:|1699760389\n|move|p2a: Roaring Moon|Knock Off|p1a: Dondozo\n|-damage|p1a: Dondozo|86\/100\n|-enditem|p1a: Dondozo|Leftovers|[from] move: Knock Off|[of] p2a: Roaring Moon\n|move|p2b: Armarouge|Expanding Force|p1a: Dondozo\n|-damage|p1a: Dondozo|47\/100\n|move|p1a: Dondozo|Earthquake|p2b: Armarouge|[spread] p2a,p2b\n|-miss|p1a: Dondozo|p1b: Tatsugiri\n|-supereffective|p2b: Armarouge\n|-damage|p2a: Roaring Moon|60\/100\n|-damage|p2b: Armarouge|0 fnt\n|faint|p2b: Armarouge\n|\n|upkeep\n|\n|t:|1699760402\n|switch|p2b: Ogerpon|Ogerpon-Wellspring, L50, F|100\/100\n|turn|3\n|\n|t:|1699760418\n|move|p2a: Roaring Moon|Acrobatics|p1a: Dondozo\n|-damage|p1a: Dondozo|36\/100\n|move|p1a: Dondozo|Order Up|p2a: Roaring Moon\n|-supereffective|p2a: Roaring Moon\n|-damage|p2a: Roaring Moon|0 fnt\n|faint|p2a: Roaring Moon\n|-end|p2a: Roaring Moon|Protosynthesis|[silent]\n|-boost|p1a: Dondozo|atk|1\n|move|p2b: Ogerpon|Swords Dance|p2b: Ogerpon\n|-boost|p2b: Ogerpon|atk|2\n|\n|upkeep\n|\n|t:|1699760424\n|switch|p2a: Indeedee|Indeedee-F, L50, F|100\/100\n|-fieldstart|move: Psychic Terrain|[from] ability: Psychic Surge|[of] p2a: Indeedee\n|turn|4\n|\n|t:|1699760436\n|-terastallize|p2a: Indeedee|Fairy\n|move|p2a: Indeedee|Follow Me|p2a: Indeedee\n|-singleturn|p2a: Indeedee|move: Follow Me\n|move|p1a: Dondozo|Earthquake|p2a: Indeedee|[spread] p2a,p2b\n|-miss|p1a: Dondozo|p1b: Tatsugiri\n|-resisted|p2b: Ogerpon\n|-damage|p2a: Indeedee|51\/100\n|-damage|p2b: Ogerpon|81\/100\n|move|p2b: Ogerpon|Horn Leech|p1a: Dondozo\n|-supereffective|p1a: Dondozo\n|-damage|p1a: Dondozo|0 fnt\n|-heal|p2b: Ogerpon|100\/100|[from] drain|[of] p1a: Dondozo\n|faint|p1a: Dondozo\n|\n|upkeep\n|turn|5\n|\n|t:|1699760453\n|move|p2b: Ogerpon|Horn Leech|p1b: Tatsugiri\n|-damage|p1b: Tatsugiri|10\/100\n|move|p1b: Tatsugiri|Surf|p2a: Indeedee|[spread] p2a\n|-immune|p2b: Ogerpon|[from] ability: Water Absorb\n|-damage|p2a: Indeedee|27\/100\n|move|p2a: Indeedee|Dazzling Gleam|p1b: Tatsugiri\n|-supereffective|p1b: Tatsugiri\n|-damage|p1b: Tatsugiri|0 fnt\n|faint|p1b: Tatsugiri\n|\n|win|eeqwer\n|raw|u7h7hh798's rating: 1241 &rarr; <strong>1225<\/strong><br \/>(-16 for losing)\n|raw|eeqwer's rating: 1365 &rarr; <strong>1378<\/strong><br \/>(+13 for winning)\n|l|\u2606eeqwer\n","uploadtime":1699760463,"views":16,"p1id":"u7h7hh798","p2id":"eeqwer","formatid":"gen9vgc2023regulatione","rating":1225,"private":0,"password":""}