{"id":"gen9vgc2023regulatione-1999250879","p1":"cygnusx1018","p2":"Aquarsene","format":"[Gen 9] VGC 2023 Regulation E","log":"|j|\u2606cygnusx1018\n|j|\u2606Aquarsene\n|n|\u2606cygnusx1018|cygnusx1018\n|n|\u2606Aquarsene|aquarsene\n|html|View the match progress at <a href=\"\/game-bestof3-gen9vgc2023regulatione-1999250878\">game-bestof3-gen9vgc2023regulatione-1999250878<\/a>\n|t:|1701050795\n|gametype|doubles\n|player|p1|cygnusx1018|169|\n|player|p2|Aquarsene|2|\n|teamsize|p1|6\n|teamsize|p2|6\n|gen|9\n|tier|[Gen 9] VGC 2023 Regulation E\n|rule|Species Clause: Limit one of each Pok\u00e9mon\n|rule|Item Clause: Limit one of each item\n|clearpoke\n|poke|p1|Tornadus, L50, M|\n|poke|p1|Chi-Yu, L50|\n|poke|p1|Chien-Pao, L50|\n|poke|p1|Stonjourner, L50, M|\n|poke|p1|Gyarados, L50, F|\n|poke|p1|Maushold-Four, L50|\n|poke|p2|Murkrow, L50, F|\n|poke|p2|Great Tusk, L50|\n|poke|p2|Slowking, L50, F|\n|poke|p2|Hydreigon, L50, M|\n|poke|p2|Ninetales-Alola, L50, F|\n|poke|p2|Articuno, L50|\n|teampreview|4\ncygnusx1018 rejected open team sheets.\n|inactive|Battle timer is ON: inactive players will automatically lose when time's up. (requested by cygnusx1018)\n|c|\u2606Aquarsene|glhf :)\n|c|\u2606cygnusx1018|glhf\n|\n|t:|1701050831\n|start\n|switch|p1a: WEEEEEEEE (U)|Tornadus, L50, M|100\/100\n|switch|p1b: Magic Karp 2.0|Chi-Yu, L50|100\/100\n|switch|p2a: Murkrow|Murkrow, L50, F|100\/100\n|switch|p2b: Great Tusk|Great Tusk, L50|100\/100\n|-ability|p1b: Magic Karp 2.0|Beads of Ruin\n|turn|1\n|\n|t:|1701050849\n|move|p1b: Magic Karp 2.0|Protect|p1b: Magic Karp 2.0\n|-singleturn|p1b: Magic Karp 2.0|Protect\n|move|p1a: WEEEEEEEE (U)|Sunny Day|p1a: WEEEEEEEE (U)\n|-weather|SunnyDay\n|-activate|p2b: Great Tusk|ability: Protosynthesis\n|-start|p2b: Great Tusk|protosynthesisatk\n|move|p2a: Murkrow|Tailwind|p2a: Murkrow\n|-sidestart|p2: Aquarsene|move: Tailwind\n|move|p2b: Great Tusk|Headlong Rush|p1b: Magic Karp 2.0\n|-activate|p1b: Magic Karp 2.0|move: Protect\n|\n|-weather|SunnyDay|[upkeep]\n|upkeep\n|turn|2\n|\n|t:|1701050873\n|switch|p1a: Stonehenge|Stonjourner, L50, M, shiny|100\/100\n|move|p2a: Murkrow|Protect|p2a: Murkrow\n|-singleturn|p2a: Murkrow|Protect\n|move|p2b: Great Tusk|Headlong Rush|p1b: Magic Karp 2.0\n|-supereffective|p1b: Magic Karp 2.0\n|-damage|p1b: Magic Karp 2.0|0 fnt\n|-unboost|p2b: Great Tusk|def|1\n|-unboost|p2b: Great Tusk|spd|1\n|faint|p1b: Magic Karp 2.0\n|\n|-weather|SunnyDay|[upkeep]\n|upkeep\n|\n|t:|1701050886\n|switch|p1b: WEEEEEEEE (U)|Tornadus, L50, M|100\/100\n|turn|3\n|\n|t:|1701050901\n|move|p2a: Murkrow|Haze|p2a: Murkrow\n|-clearallboost\n|move|p1b: WEEEEEEEE (U)|Tailwind|p1b: WEEEEEEEE (U)\n|-sidestart|p1: cygnusx1018|move: Tailwind\n|move|p2b: Great Tusk|Ice Spinner|p1b: WEEEEEEEE (U)\n|-supereffective|p1b: WEEEEEEEE (U)\n|-damage|p1b: WEEEEEEEE (U)|7\/100\n|move|p1a: Stonehenge|Rock Slide|p2b: Great Tusk|[spread] p2a\n|-miss|p1a: Stonehenge|p2b: Great Tusk\n|-supereffective|p2a: Murkrow\n|-damage|p2a: Murkrow|17\/100\n|-damage|p1a: Stonehenge|91\/100|[from] item: Life Orb\n|\n|-weather|SunnyDay|[upkeep]\n|upkeep\n|turn|4\n|inactive|cygnusx1018 has 30 seconds left.\n|inactive|Aquarsene has 30 seconds left.\n|inactive|Aquarsene has 20 seconds left.\n|\n|t:|1701050937\n|move|p2b: Great Tusk|Earthquake|p1b: WEEEEEEEE (U)|[spread] p1a\n|-immune|p2a: Murkrow\n|-immune|p1b: WEEEEEEEE (U)\n|-supereffective|p1a: Stonehenge\n|-damage|p1a: Stonehenge|21\/100\n|move|p1b: WEEEEEEEE (U)|Bleakwind Storm|p2b: Great Tusk|[spread] p2a,p2b\n|-crit|p2a: Murkrow\n|-supereffective|p2b: Great Tusk\n|-damage|p2a: Murkrow|0 fnt\n|-damage|p2b: Great Tusk|8\/100\n|faint|p2a: Murkrow\n|move|p1a: Stonehenge|Rock Slide|p2b: Great Tusk\n|-resisted|p2b: Great Tusk\n|-damage|p2b: Great Tusk|0 fnt\n|faint|p2b: Great Tusk\n|-end|p2b: Great Tusk|Protosynthesis|[silent]\n|-damage|p1a: Stonehenge|11\/100|[from] item: Life Orb\n|\n|-weather|SunnyDay|[upkeep]\n|-sideend|p2: Aquarsene|move: Tailwind\n|upkeep\n|\n|t:|1701050953\n|switch|p2b: Hydreigon|Hydreigon, L50, M|100\/100\n|switch|p2a: Ninetales|Ninetales-Alola, L50, F|100\/100\n|-weather|Snow|[from] ability: Snow Warning|[of] p2a: Ninetales\n|turn|5\n|inactive|Aquarsene has 30 seconds left.\n|\n|t:|1701050981\n|move|p1b: WEEEEEEEE (U)|Taunt|p2a: Ninetales\n|-start|p2a: Ninetales|move: Taunt\n|move|p1a: Stonehenge|Rock Slide|p2a: Ninetales|[spread] p2a,p2b\n|-supereffective|p2a: Ninetales\n|-damage|p2a: Ninetales|42\/100\n|-damage|p2b: Hydreigon|61\/100\n|-damage|p1a: Stonehenge|2\/100|[from] item: Life Orb\n|move|p2b: Hydreigon|Dark Pulse|p1a: Stonehenge\n|-damage|p1a: Stonehenge|0 fnt\n|faint|p1a: Stonehenge\n|-damage|p2b: Hydreigon|52\/100|[from] item: Life Orb\n|move|p2a: Ninetales|Blizzard|p1b: WEEEEEEEE (U)\n|-supereffective|p1b: WEEEEEEEE (U)\n|-damage|p1b: WEEEEEEEE (U)|0 fnt\n|faint|p1b: WEEEEEEEE (U)\n|\n|-weather|Snow|[upkeep]\n|upkeep\n|\n|t:|1701050999\n|switch|p1b: Magic Karp|Gyarados, L50, F, shiny|100\/100\n|-ability|p1b: Magic Karp|Intimidate|boost\n|-unboost|p2a: Ninetales|atk|1\n|-unboost|p2b: Hydreigon|atk|1\n|turn|6\n|\n|t:|1701051013\n|move|p1b: Magic Karp|Waterfall|p2a: Ninetales\n|-damage|p2a: Ninetales|1\/100\n|move|p2b: Hydreigon|Draco Meteor|p1b: Magic Karp\n|-damage|p1b: Magic Karp|41\/100\n|-unboost|p2b: Hydreigon|spa|2\n|-damage|p2b: Hydreigon|42\/100|[from] item: Life Orb\n|move|p2a: Ninetales|Blizzard|p1b: Magic Karp\n|-damage|p1b: Magic Karp|18\/100\n|-status|p1b: Magic Karp|frz\n|\n|-weather|Snow|[upkeep]\n|-sideend|p1: cygnusx1018|move: Tailwind\n|upkeep\n|turn|7\n|\n|t:|1701051030\n|move|p2b: Hydreigon|Dark Pulse|p1b: Magic Karp\n|-damage|p1b: Magic Karp|0 fnt\n|faint|p1b: Magic Karp\n|-damage|p2b: Hydreigon|33\/100|[from] item: Life Orb\n|\n|win|Aquarsene\n|c|&|\/uhtml prompt-aquarsene,Aquarsene is ready for game 2!\n|c|&|\/uhtml prompt-cygnusx1018,cygnusx1018 is ready for game 2!\nBoth players are ready! Starting next match!\n","uploadtime":1701051222,"views":13,"p1id":"cygnusx1018","p2id":"aquarsene","formatid":"gen9vgc2023regulatione","rating":0,"private":0,"password":""}