{"id":"gen9vgc2023regulatione-1992031904","p1":"Ross68","p2":"HiRezK1ng","format":"[Gen 9] VGC 2023 Regulation E","log":"|j|\u2606Ross68\n|j|\u2606HiRezK1ng\n|t:|1700149327\n|gametype|doubles\n|player|p1|Ross68|1|1168\n|player|p2|HiRezK1ng|265|1176\n|teamsize|p1|6\n|teamsize|p2|6\n|gen|9\n|tier|[Gen 9] VGC 2023 Regulation E\n|rated|\n|rule|Species Clause: Limit one of each Pok\u00e9mon\n|rule|Item Clause: Limit one of each item\n|clearpoke\n|poke|p1|Politoed, L50, M|\n|poke|p1|Ludicolo, L50, M|\n|poke|p1|Rillaboom, L50, F|\n|poke|p1|Scizor, L50, M|\n|poke|p1|Zapdos, L50|\n|poke|p1|Urshifu-*, L50, M|\n|poke|p2|Arbok, L50, F|\n|poke|p2|Ogerpon-Wellspring, L50, F|\n|poke|p2|Pelipper, L50, M|\n|poke|p2|Iron Hands, L50|\n|poke|p2|Flutter Mane, L50|\n|poke|p2|Indeedee-F, L50, F|\n|teampreview|4\n|\n|t:|1700149425\n|start\n|switch|p1a: Politoed|Politoed, L50, M|100\/100\n|switch|p1b: Zapdos|Zapdos, L50|100\/100\n|switch|p2a: Arbok|Arbok, L50, F|100\/100\n|switch|p2b: Ogerpon|Ogerpon-Wellspring, L50, F|100\/100\n|-ability|p2a: Arbok|Intimidate|boost\n|-unboost|p1a: Politoed|atk|1\n|-unboost|p1b: Zapdos|atk|1\n|-weather|RainDance|[from] ability: Drizzle|[of] p1a: Politoed\n|turn|1\n|\n|t:|1700149456\n|move|p2b: Ogerpon|Spiky Shield|p2b: Ogerpon\n|-singleturn|p2b: Ogerpon|move: Protect\n|move|p1a: Politoed|Protect|p1a: Politoed\n|-singleturn|p1a: Politoed|Protect\n|move|p1b: Zapdos|Tailwind|p1b: Zapdos\n|-sidestart|p1: Ross68|move: Tailwind\n|move|p2a: Arbok|Coil|p2a: Arbok\n|-boost|p2a: Arbok|atk|1\n|-boost|p2a: Arbok|def|1\n|-boost|p2a: Arbok|accuracy|1\n|\n|-weather|RainDance|[upkeep]\n|upkeep\n|turn|2\n|\n|t:|1700149493\n|-terastallize|p2b: Ogerpon|Water\n|detailschange|p2b: Ogerpon|Ogerpon-Wellspring-Tera, L50, F, tera:Water\n|-ability|p2b: Ogerpon|Embody Aspect (Wellspring)|boost\n|-boost|p2b: Ogerpon|spd|1\n|move|p2a: Arbok|Protect|p2a: Arbok\n|-singleturn|p2a: Arbok|Protect\n|move|p1b: Zapdos|Hurricane|p2b: Ogerpon\n|-damage|p2b: Ogerpon|56\/100\n|move|p1a: Politoed|Muddy Water|p2a: Arbok|[spread] p2b\n|-activate|p2a: Arbok|move: Protect\n|-resisted|p2b: Ogerpon\n|-damage|p2b: Ogerpon|46\/100\n|move|p2b: Ogerpon|Ivy Cudgel|p1b: Zapdos|[anim] Ivy Cudgel Water\n|-damage|p1b: Zapdos|0 fnt\n|faint|p1b: Zapdos\n|\n|-weather|RainDance|[upkeep]\n|upkeep\n|\n|t:|1700149516\n|switch|p1b: Scizor|Scizor, L50, M|100\/100\n|turn|3\n|\n|t:|1700149537\n|-terastallize|p1b: Scizor|Steel\n|move|p1a: Politoed|Helping Hand|p1b: Scizor\n|-singleturn|p1b: Scizor|Helping Hand|[of] p1a: Politoed\n|move|p2b: Ogerpon|Spiky Shield|p2b: Ogerpon\n|-singleturn|p2b: Ogerpon|move: Protect\n|move|p1b: Scizor|Bullet Punch|p2a: Arbok\n|-damage|p2a: Arbok|33\/100\n|move|p2a: Arbok|Glare|p1b: Scizor\n|-status|p1b: Scizor|par\n|\n|-weather|RainDance|[upkeep]\n|-heal|p2a: Arbok|39\/100|[from] item: Leftovers\n|upkeep\n|turn|4\n|\n|t:|1700149567\n|move|p2a: Arbok|Protect|p2a: Arbok\n|-singleturn|p2a: Arbok|Protect\n|move|p1b: Scizor|Bullet Punch|p2a: Arbok\n|-activate|p2a: Arbok|move: Protect\n|move|p1a: Politoed|Muddy Water|p2b: Ogerpon|[spread] p2b\n|-activate|p2a: Arbok|move: Protect\n|-resisted|p2b: Ogerpon\n|-damage|p2b: Ogerpon|35\/100\n|move|p2b: Ogerpon|Horn Leech|p1a: Politoed\n|-supereffective|p1a: Politoed\n|-damage|p1a: Politoed|29\/100\n|-heal|p2b: Ogerpon|73\/100|[from] drain|[of] p1a: Politoed\n|\n|-weather|RainDance|[upkeep]\n|-heal|p1a: Politoed|36\/100|[from] item: Leftovers\n|-heal|p2a: Arbok|45\/100|[from] item: Leftovers\n|-sideend|p1: Ross68|move: Tailwind\n|upkeep\n|turn|5\n|\n|t:|1700149591\n|move|p1a: Politoed|Helping Hand|p1b: Scizor\n|-singleturn|p1b: Scizor|Helping Hand|[of] p1a: Politoed\n|cant|p1b: Scizor|par\n|move|p2b: Ogerpon|Ivy Cudgel|p1b: Scizor|[anim] Ivy Cudgel Water\n|-crit|p1b: Scizor\n|-damage|p1b: Scizor|0 fnt\n|faint|p1b: Scizor\n|move|p2a: Arbok|Gunk Shot|p1a: Politoed\n|-damage|p1a: Politoed|0 fnt\n|faint|p1a: Politoed\n|\n|-weather|none\n|-heal|p2a: Arbok|52\/100|[from] item: Leftovers\n|upkeep\n|\n|t:|1700149598\n|switch|p1b: Ludicolo|Ludicolo, L50, M|100\/100\n|turn|6\n|\n|t:|1700149622\n|move|p2b: Ogerpon|Spiky Shield|p2b: Ogerpon\n|-singleturn|p2b: Ogerpon|move: Protect\n|move|p2a: Arbok|Protect|p2a: Arbok\n|-singleturn|p2a: Arbok|Protect\n|move|p1b: Ludicolo|Giga Drain|p2b: Ogerpon\n|-activate|p2b: Ogerpon|move: Protect\n|\n|-heal|p2a: Arbok|58\/100|[from] item: Leftovers\n|upkeep\n|turn|7\n|\n|t:|1700149639\n|move|p2b: Ogerpon|Swords Dance|p2b: Ogerpon\n|-boost|p2b: Ogerpon|atk|2\n|move|p2a: Arbok|Glare|p1b: Ludicolo\n|-status|p1b: Ludicolo|par\n|cant|p1b: Ludicolo|par\n|\n|-heal|p2a: Arbok|64\/100|[from] item: Leftovers\n|upkeep\n|turn|8\n|\n|t:|1700149652\n|move|p2b: Ogerpon|Horn Leech|p1b: Ludicolo\n|-damage|p1b: Ludicolo|9\/100 par\n|-heal|p2b: Ogerpon|100\/100|[from] drain|[of] p1b: Ludicolo\n|move|p2a: Arbok|Gunk Shot|p1b: Ludicolo\n|-supereffective|p1b: Ludicolo\n|-damage|p1b: Ludicolo|0 fnt\n|faint|p1b: Ludicolo\n|\n|win|HiRezK1ng\n|raw|Ross68's rating: 1168 &rarr; <strong>1144<\/strong><br \/>(-24 for losing)\n|raw|HiRezK1ng's rating: 1176 &rarr; <strong>1200<\/strong><br \/>(+24 for winning)\n","uploadtime":1700149669,"views":15,"p1id":"ross68","p2id":"hirezk1ng","formatid":"gen9vgc2023regulatione","rating":1144,"private":0,"password":""}