{"id":"gen9vgc2023regulatione-1993284841","p1":"whyismynamejeff","p2":"jemenuieeee","format":"[Gen 9] VGC 2023 Regulation E","log":"|j|\u2606whyismynamejeff\n|j|\u2606jemenuieeee\n|t:|1700290260\n|gametype|doubles\n|player|p1|whyismynamejeff|colress|1163\n|player|p2|jemenuieeee|2|1117\n|teamsize|p1|6\n|teamsize|p2|6\n|gen|9\n|tier|[Gen 9] VGC 2023 Regulation E\n|rated|\n|rule|Species Clause: Limit one of each Pok\u00e9mon\n|rule|Item Clause: Limit one of each item\n|clearpoke\n|poke|p1|Empoleon, L50, M|\n|poke|p1|Ogerpon-Hearthflame, L50, F|\n|poke|p1|Flutter Mane, L50|\n|poke|p1|Iron Hands, L50|\n|poke|p1|Baxcalibur, L50, M|\n|poke|p1|Landorus-Therian, L50, M|\n|poke|p2|Ninetales, L50, F|\n|poke|p2|Charizard, L50, F|\n|poke|p2|Volbeat, L50, M|\n|poke|p2|Victreebel, L50, M|\n|poke|p2|Flutter Mane, L50|\n|poke|p2|Sandy Shocks, L50|\n|teampreview|4\n|\n|t:|1700290284\n|start\n|switch|p1a: Ogerpon|Ogerpon-Hearthflame, L50, F|100\/100\n|switch|p1b: Empoleon|Empoleon, L50, M|100\/100\n|switch|p2a: Sandy Shocks|Sandy Shocks, L50|100\/100\n|switch|p2b: Ninetales|Ninetales, L50, F|100\/100\n|-ability|p1a: Ogerpon|Mold Breaker\n|-weather|SunnyDay|[from] ability: Drought|[of] p2b: Ninetales\n|-activate|p2a: Sandy Shocks|ability: Protosynthesis\n|-start|p2a: Sandy Shocks|protosynthesisspa\n|turn|1\n|\n|t:|1700290302\n|move|p1a: Ogerpon|Spiky Shield|p1a: Ogerpon\n|-singleturn|p1a: Ogerpon|move: Protect\n|move|p2a: Sandy Shocks|Gravity|p2a: Sandy Shocks\n|-fieldstart|move: Gravity\n|move|p2b: Ninetales|Hypnosis|p1b: Empoleon\n|-status|p1b: Empoleon|slp|[from] move: Hypnosis\n|cant|p1b: Empoleon|slp\n|\n|-weather|SunnyDay|[upkeep]\n|upkeep\n|turn|2\n|\n|t:|1700290319\n|-terastallize|p1a: Ogerpon|Fire\n|detailschange|p1a: Ogerpon|Ogerpon-Hearthflame-Tera, L50, F, tera:Fire\n|-ability|p1a: Ogerpon|Embody Aspect (Hearthflame)|boost\n|-boost|p1a: Ogerpon|atk|1\n|move|p1a: Ogerpon|Ivy Cudgel|p2b: Ninetales|[anim] Ivy Cudgel Fire\n|-resisted|p2b: Ninetales\n|-damage|p2b: Ninetales|0 fnt\n|faint|p2b: Ninetales\n|move|p2a: Sandy Shocks|Earth Power|p1a: Ogerpon\n|-supereffective|p1a: Ogerpon\n|-damage|p1a: Ogerpon|0 fnt\n|faint|p1a: Ogerpon\n|-curestatus|p1b: Empoleon|slp|[msg]\n|move|p1b: Empoleon|Ice Beam|p2a: Sandy Shocks\n|-supereffective|p2a: Sandy Shocks\n|-damage|p2a: Sandy Shocks|26\/100\n|\n|-weather|SunnyDay|[upkeep]\n|upkeep\n|\n|t:|1700290341\n|switch|p1a: Landorus|Landorus-Therian, L50, M|100\/100\n|switch|p2b: Flutter Mane|Flutter Mane, L50|100\/100\n|-ability|p1a: Landorus|Intimidate|boost\n|-unboost|p2a: Sandy Shocks|atk|1\n|-unboost|p2b: Flutter Mane|atk|1\n|-activate|p2b: Flutter Mane|ability: Protosynthesis\n|-start|p2b: Flutter Mane|protosynthesisspa\n|turn|3\n|\n|t:|1700290365\n|move|p1a: Landorus|Stomping Tantrum|p2a: Sandy Shocks\n|-supereffective|p2a: Sandy Shocks\n|-damage|p2a: Sandy Shocks|0 fnt\n|faint|p2a: Sandy Shocks\n|-end|p2a: Sandy Shocks|Protosynthesis|[silent]\n|move|p2b: Flutter Mane|Shadow Ball|p1a: Landorus\n|-damage|p1a: Landorus|0 fnt\n|faint|p1a: Landorus\n|move|p1b: Empoleon|Flash Cannon|p2b: Flutter Mane\n|-supereffective|p2b: Flutter Mane\n|-damage|p2b: Flutter Mane|7\/100\n|\n|-weather|SunnyDay|[upkeep]\n|upkeep\n|\n|t:|1700290378\n|switch|p2a: Volbeat|Volbeat, L50, M|100\/100\n|switch|p1a: Flutter Mane|Flutter Mane, L50|100\/100\n|-activate|p1a: Flutter Mane|ability: Protosynthesis\n|-start|p1a: Flutter Mane|protosynthesisspe\n|turn|4\n|\n|t:|1700290386\n|move|p2a: Volbeat|Tailwind|p2a: Volbeat\n|-sidestart|p2: jemenuieeee|move: Tailwind\n|move|p2b: Flutter Mane|Shadow Ball|p1a: Flutter Mane\n|-supereffective|p1a: Flutter Mane\n|-damage|p1a: Flutter Mane|0 fnt\n|faint|p1a: Flutter Mane\n|-end|p1a: Flutter Mane|Protosynthesis|[silent]\n|move|p1b: Empoleon|Ice Beam|p2a: Volbeat\n|-damage|p2a: Volbeat|76\/100\n|\n|-weather|SunnyDay|[upkeep]\n|upkeep\n|turn|5\n|\n|t:|1700290404\n|move|p2b: Flutter Mane|Shadow Ball|p1b: Empoleon\n|-damage|p1b: Empoleon|15\/100\n|move|p2a: Volbeat|Infestation|p1b: Empoleon\n|-resisted|p1b: Empoleon\n|-damage|p1b: Empoleon|14\/100\n|-activate|p1b: Empoleon|move: Infestation|[of] p2a: Volbeat\n|move|p1b: Empoleon|Hydro Pump|p2b: Flutter Mane\n|-damage|p2b: Flutter Mane|0 fnt\n|faint|p2b: Flutter Mane\n|-end|p2b: Flutter Mane|Protosynthesis|[silent]\n|\n|-weather|SunnyDay|[upkeep]\n|-heal|p1b: Empoleon|19\/100|[from] item: Leftovers\n|-damage|p1b: Empoleon|7\/100|[from] move: Infestation|[partiallytrapped]\n|-fieldend|move: Gravity\n|upkeep\n|turn|6\n|\n|t:|1700290430\n|-terastallize|p2a: Volbeat|Water\n|move|p2a: Volbeat|Infestation|p1b: Empoleon\n|-resisted|p1b: Empoleon\n|-damage|p1b: Empoleon|6\/100\n|move|p1b: Empoleon|Hydro Pump|p2a: Volbeat\n|-resisted|p2a: Volbeat\n|-damage|p2a: Volbeat|65\/100\n|\n|-weather|SunnyDay|[upkeep]\n|-heal|p1b: Empoleon|11\/100|[from] item: Leftovers\n|-damage|p1b: Empoleon|0 fnt|[from] move: Infestation|[partiallytrapped]\n|faint|p1b: Empoleon\n|\n|win|jemenuieeee\n|upkeep\n|raw|whyismynamejeff's rating: 1163 &rarr; <strong>1135<\/strong><br \/>(-28 for losing)\n|raw|jemenuieeee's rating: 1117 &rarr; <strong>1145<\/strong><br \/>(+28 for winning)\n","uploadtime":1700290446,"views":11,"p1id":"whyismynamejeff","p2id":"jemenuieeee","formatid":"gen9vgc2023regulatione","rating":1135,"private":0,"password":""}