{"id":"gen9vgc2023regulatione-1999954066","p1":"sweetnoodles","p2":"elektriktoad","format":"[Gen 9] VGC 2023 Regulation E","log":"|j|\u2606sweetnoodles\n|j|\u2606elektriktoad\n|t:|1701134099\n|gametype|doubles\n|player|p1|sweetnoodles|lady|1650\n|player|p2|elektriktoad|janine|1594\n|teamsize|p1|6\n|teamsize|p2|6\n|gen|9\n|tier|[Gen 9] VGC 2023 Regulation E\n|rated|\n|rule|Species Clause: Limit one of each Pok\u00e9mon\n|rule|Item Clause: Limit one of each item\n|clearpoke\n|poke|p1|Dusclops, L50, M|\n|poke|p1|Iron Hands, L50|\n|poke|p1|Ursaluna-Bloodmoon, L50, M|\n|poke|p1|Indeedee-F, L50, F|\n|poke|p1|Armarouge, L50, F|\n|poke|p1|Urshifu-*, L50, F|\n|poke|p2|Muk-Alola, L50, M|\n|poke|p2|Scovillain, L50, F|\n|poke|p2|Sableye, L50, F|\n|poke|p2|Garganacl, L50, F|\n|poke|p2|Goodra-Hisui, L50, M|\n|poke|p2|Ogerpon-Wellspring, L50, F|\n|teampreview|4\n|inactive|Battle timer is ON: inactive players will automatically lose when time's up. (requested by sweetnoodles)\n|inactive|sweetnoodles has 60 seconds left.\n|\n|t:|1701134147\n|start\n|switch|p1a: Dusclops|Dusclops, L50, M|100\/100\n|switch|p1b: Urshifu|Urshifu-Rapid-Strike, L50, F|100\/100\n|switch|p2a: Muk|Muk-Alola, L50, M|100\/100\n|switch|p2b: Scovillain|Scovillain, L50, F|100\/100\n|-item|p2a: Muk|Black Sludge|[from] ability: Frisk|[of] p1a: Dusclops|[identify]\n|-item|p2b: Scovillain|Wide Lens|[from] ability: Frisk|[of] p1a: Dusclops|[identify]\n|turn|1\n|\n|t:|1701134167\n|-terastallize|p1b: Urshifu|Water\n|move|p1a: Dusclops|Helping Hand|p1b: Urshifu\n|-singleturn|p1b: Urshifu|Helping Hand|[of] p1a: Dusclops\n|move|p1b: Urshifu|Surging Strikes|p2a: Muk\n|-crit|p2a: Muk\n|-damage|p2a: Muk|67\/100\n|-crit|p2a: Muk\n|-damage|p2a: Muk|27\/100\n|-crit|p2a: Muk\n|-damage|p2a: Muk|0 fnt\n|faint|p2a: Muk\n|-hitcount|p2: Muk|3\n|move|p2b: Scovillain|Leaf Storm|p1b: Urshifu\n|-supereffective|p1b: Urshifu\n|-damage|p1b: Urshifu|0 fnt\n|-unboost|p2b: Scovillain|spa|2\n|faint|p1b: Urshifu\n|\n|-ability|p2b: Scovillain|Moody|boost\n|-boost|p2b: Scovillain|spa|2\n|-unboost|p2b: Scovillain|spe|1\n|upkeep\n|\n|t:|1701134188\n|switch|p1b: Ursaluna|Ursaluna-Bloodmoon, L50, M|100\/100\n|switch|p2a: Goodra|Goodra-Hisui, L50, M|100\/100\n|turn|2\n|inactive|elektriktoad has 30 seconds left.\n|\n|t:|1701134218\n|move|p2b: Scovillain|Leaf Storm|p1b: Ursaluna\n|-supereffective|p1b: Ursaluna\n|-damage|p1b: Ursaluna|0 fnt\n|-unboost|p2b: Scovillain|spa|2\n|faint|p1b: Ursaluna\n|move|p2a: Goodra|Shelter|p2a: Goodra\n|-boost|p2a: Goodra|def|2\n|move|p1a: Dusclops|Trick Room|p1a: Dusclops\n|-fieldstart|move: Trick Room|[of] p1a: Dusclops\n|\n|-ability|p2b: Scovillain|Moody|boost\n|-boost|p2b: Scovillain|spd|2\n|-unboost|p2b: Scovillain|spa|1\n|upkeep\n|\n|t:|1701134230\n|switch|p1b: Iron Hands|Iron Hands, L50|100\/100\n|turn|3\n|\n|t:|1701134249\n|move|p2b: Scovillain|Rage Powder|p2b: Scovillain\n|-singleturn|p2b: Scovillain|move: Rage Powder\n|move|p1a: Dusclops|Will-O-Wisp|p2b: Scovillain\n|-immune|p2b: Scovillain\n|move|p1b: Iron Hands|Swords Dance|p1b: Iron Hands\n|-boost|p1b: Iron Hands|atk|2\n|move|p2a: Goodra|Shelter|p2a: Goodra\n|-boost|p2a: Goodra|def|2\n|\n|-ability|p2b: Scovillain|Moody|boost\n|-boost|p2b: Scovillain|spe|2\n|-unboost|p2b: Scovillain|def|1\n|upkeep\n|turn|4\n|j| RM20VGC777\n|inactive|sweetnoodles has 30 seconds left.\n|\n|t:|1701134281\n|move|p2b: Scovillain|Rage Powder|p2b: Scovillain\n|-singleturn|p2b: Scovillain|move: Rage Powder\n|move|p1a: Dusclops|Will-O-Wisp|p2b: Scovillain\n|-immune|p2b: Scovillain\n|move|p1b: Iron Hands|Drain Punch|p2b: Scovillain\n|-damage|p2b: Scovillain|0 fnt\n|faint|p2b: Scovillain\n|move|p2a: Goodra|Shelter|p2a: Goodra\n|-boost|p2a: Goodra|def|2\n|\n|upkeep\n|\n|t:|1701134292\n|switch|p2b: Garganacl|Garganacl, L50, F|100\/100\n|turn|5\n|\n|t:|1701134303\n|-terastallize|p2b: Garganacl|Ghost\n|move|p1a: Dusclops|Will-O-Wisp|p2a: Goodra\n|-status|p2a: Goodra|brn\n|move|p2b: Garganacl|Salt Cure|p1b: Iron Hands\n|-resisted|p1b: Iron Hands\n|-damage|p1b: Iron Hands|96\/100\n|-start|p1b: Iron Hands|Salt Cure\n|move|p1b: Iron Hands|Swords Dance|p1b: Iron Hands\n|-boost|p1b: Iron Hands|atk|2\n|move|p2a: Goodra|Body Press|p1b: Iron Hands\n|-damage|p1b: Iron Hands|62\/100\n|\n|-heal|p1b: Iron Hands|69\/100|[from] item: Leftovers\n|-damage|p2a: Goodra|95\/100 brn|[from] brn\n|-damage|p1b: Iron Hands|56\/100|[from] Salt Cure\n|upkeep\n|turn|6\n|inactive|elektriktoad has 30 seconds left.\n|inactive|elektriktoad has 20 seconds left.\n|inactive|elektriktoad has 15 seconds left.\n|\n|t:|1701134345\n|move|p1a: Dusclops|Helping Hand|p1b: Iron Hands\n|-singleturn|p1b: Iron Hands|Helping Hand|[of] p1a: Dusclops\n|move|p2b: Garganacl|Salt Cure|p1a: Dusclops\n|-damage|p1a: Dusclops|94\/100\n|-start|p1a: Dusclops|Salt Cure\n|move|p1b: Iron Hands|Drain Punch|p2a: Goodra\n|-supereffective|p2a: Goodra\n|-damage|p2a: Goodra|29\/100 brn\n|-heal|p1b: Iron Hands|81\/100|[from] drain|[of] p2a: Goodra\n|move|p2a: Goodra|Body Press|p1b: Iron Hands\n|-damage|p1b: Iron Hands|44\/100\n|\n|-heal|p1b: Iron Hands|50\/100|[from] item: Leftovers\n|-heal|p2a: Goodra|35\/100 brn|[from] item: Leftovers\n|-damage|p2a: Goodra|29\/100 brn|[from] brn\n|-damage|p1a: Dusclops|81\/100|[from] Salt Cure\n|-damage|p1b: Iron Hands|38\/100|[from] Salt Cure\n|-fieldend|move: Trick Room\n|upkeep\n|turn|7\n|\n|t:|1701134366\n|move|p2a: Goodra|Body Press|p1b: Iron Hands\n|-damage|p1b: Iron Hands|5\/100\n|move|p1b: Iron Hands|Drain Punch|p2a: Goodra\n|-supereffective|p2a: Goodra\n|-damage|p2a: Goodra|0 fnt\n|-heal|p1b: Iron Hands|16\/100|[from] drain|[of] p2a: Goodra\n|faint|p2a: Goodra\n|move|p2b: Garganacl|Salt Cure|p1b: Iron Hands\n|-resisted|p1b: Iron Hands\n|-damage|p1b: Iron Hands|12\/100\n|move|p1a: Dusclops|Trick Room|p1a: Dusclops\n|-fieldstart|move: Trick Room|[of] p1a: Dusclops\n|\n|-heal|p1b: Iron Hands|18\/100|[from] item: Leftovers\n|-damage|p1a: Dusclops|69\/100|[from] Salt Cure\n|-damage|p1b: Iron Hands|6\/100|[from] Salt Cure\n|upkeep\n|turn|8\n|\n|t:|1701134385\n|move|p1a: Dusclops|Helping Hand|p1b: Iron Hands\n|-singleturn|p1b: Iron Hands|Helping Hand|[of] p1a: Dusclops\n|move|p2b: Garganacl|Protect|p2b: Garganacl\n|-singleturn|p2b: Garganacl|Protect\n|move|p1b: Iron Hands|Thunder Punch|p2b: Garganacl\n|-activate|p2b: Garganacl|move: Protect\n|\n|-heal|p1b: Iron Hands|12\/100|[from] item: Leftovers\n|-damage|p1a: Dusclops|57\/100|[from] Salt Cure\n|-damage|p1b: Iron Hands|0 fnt|[from] Salt Cure\n|faint|p1b: Iron Hands\n|-end|p1b: Iron Hands|Quark Drive|[silent]\n|upkeep\n|turn|9\n|\n|t:|1701134400\n|move|p1a: Dusclops|Pain Split|p2b: Garganacl\n|-sethp|p2b: Garganacl|71\/100|[from] move: Pain Split|[silent]\n|-sethp|p1a: Dusclops|99\/100|[from] move: Pain Split\n|move|p2b: Garganacl|Salt Cure|p1a: Dusclops\n|-damage|p1a: Dusclops|91\/100\n|\n|-damage|p1a: Dusclops|79\/100|[from] Salt Cure\n|upkeep\n|turn|10\n|-message|sweetnoodles forfeited.\n|\n|win|elektriktoad\n|raw|sweetnoodles's rating: 1650 &rarr; <strong>1627<\/strong><br \/>(-23 for losing)\n|raw|elektriktoad's rating: 1594 &rarr; <strong>1617<\/strong><br \/>(+23 for winning)\n|l|\u2606sweetnoodles\n","uploadtime":1701134422,"views":22,"p1id":"sweetnoodles","p2id":"elektriktoad","formatid":"gen9vgc2023regulatione","rating":1617,"private":0,"password":""}