{"id":"gen9vgc2023regulatione-1996176113","p1":"1 Time cp","p2":"minirenard-aden","format":"[Gen 9] VGC 2023 Regulation E","log":"|j|\u26061 Time cp\n|j|\u2606minirenard-aden\n|t:|1700655281\n|gametype|doubles\n|player|p1|1 Time cp|lucas|1289\n|player|p2|minirenard-aden|265|1207\n|teamsize|p1|6\n|teamsize|p2|6\n|gen|9\n|tier|[Gen 9] VGC 2023 Regulation E\n|rated|\n|rule|Species Clause: Limit one of each Pok\u00e9mon\n|rule|Item Clause: Limit one of each item\n|clearpoke\n|poke|p1|Infernape, L50, F|\n|poke|p1|Dondozo, L50, F|\n|poke|p1|Tatsugiri, L50, F|\n|poke|p1|Dragonite, L50, F|\n|poke|p1|Chien-Pao, L50|\n|poke|p1|Ogerpon, L50, F|\n|poke|p2|Roaring Moon, L50|\n|poke|p2|Urshifu-*, L50, F|\n|poke|p2|Chi-Yu, L50|\n|poke|p2|Rillaboom, L50, F|\n|poke|p2|Flutter Mane, L50|\n|poke|p2|Masquerain, L50, F|\n|teampreview|4\n|inactive|Battle timer is ON: inactive players will automatically lose when time's up. (requested by minirenard-aden)\nminirenard-aden rejected open team sheets.\n|\n|t:|1700655360\n|start\n|switch|p1a: Ogerpon|Ogerpon, L50, F|100\/100\n|switch|p1b: Dragonite|Dragonite, L50, F, shiny|100\/100\n|switch|p2a: Masquerain|Masquerain, L50, F|100\/100\n|switch|p2b: Roaring Moon|Roaring Moon, L50|100\/100\n|-ability|p2a: Masquerain|Intimidate|boost\n|-unboost|p1a: Ogerpon|atk|1\n|-ability|p1a: Ogerpon|Defiant|boost\n|-boost|p1a: Ogerpon|atk|2\n|-fail|p1b: Dragonite|unboost|Attack|[from] ability: Inner Focus|[of] p1b: Dragonite\n|-enditem|p2b: Roaring Moon|Booster Energy\n|-activate|p2b: Roaring Moon|ability: Protosynthesis|[fromitem]\n|-start|p2b: Roaring Moon|protosynthesisspe\n|turn|1\n|inactive|1 Time cp has 30 seconds left.\n|inactive|minirenard-aden has 30 seconds left.\n|inactive|minirenard-aden has 20 seconds left.\n|\n|t:|1700655397\n|-terastallize|p2b: Roaring Moon|Poison\n|move|p1a: Ogerpon|Spiky Shield|p1a: Ogerpon\n|-singleturn|p1a: Ogerpon|move: Protect\n|move|p2b: Roaring Moon|Tailwind|p2b: Roaring Moon\n|-sidestart|p2: minirenard-aden|move: Tailwind\n|move|p2a: Masquerain|Sticky Web|p1b: Dragonite\n|-sidestart|p1: 1 Time cp|move: Sticky Web\n|move|p1b: Dragonite|Outrage|p2b: Roaring Moon\n|-damage|p2b: Roaring Moon|0 fnt\n|faint|p2b: Roaring Moon\n|-end|p2b: Roaring Moon|Protosynthesis|[silent]\n|\n|upkeep\n|\n|t:|1700655410\n|switch|p2b: Rillaboom|Rillaboom, L50, F|100\/100\n|-fieldstart|move: Grassy Terrain|[from] ability: Grassy Surge|[of] p2b: Rillaboom\n|turn|2\n|\n|t:|1700655429\n|-terastallize|p1a: Ogerpon|Grass\n|detailschange|p1a: Ogerpon|Ogerpon-Teal-Tera, L50, F, tera:Grass\n|-ability|p1a: Ogerpon|Embody Aspect (Teal)|boost\n|-boost|p1a: Ogerpon|spe|1\n|move|p2b: Rillaboom|Fake Out|p1b: Dragonite\n|-crit|p1b: Dragonite\n|-damage|p1b: Dragonite|82\/100\n|move|p1a: Ogerpon|Ivy Cudgel|p2b: Rillaboom\n|-resisted|p2b: Rillaboom\n|-damage|p2b: Rillaboom|22\/100\n|-enditem|p2b: Rillaboom|Figy Berry|[eat]\n|-heal|p2b: Rillaboom|55\/100|[from] item: Figy Berry\n|-damage|p1a: Ogerpon|90\/100|[from] item: Life Orb\n|move|p2a: Masquerain|Air Slash|p1a: Ogerpon\n|-supereffective|p1a: Ogerpon\n|-damage|p1a: Ogerpon|30\/100\n|move|p1b: Dragonite|Outrage|p2a: Masquerain|[from]lockedmove\n|-damage|p2a: Masquerain|0 fnt\n|faint|p2a: Masquerain\n|-start|p1b: Dragonite|confusion|[fatigue]\n|\n|-heal|p1a: Ogerpon|37\/100|[from] Grassy Terrain\n|-heal|p2b: Rillaboom|61\/100|[from] Grassy Terrain\n|upkeep\n|\n|t:|1700655446\n|switch|p2a: Chi-Yu|Chi-Yu, L50|100\/100\n|-ability|p2a: Chi-Yu|Beads of Ruin\n|turn|3\n|\n|t:|1700655466\n|move|p1a: Ogerpon|Spiky Shield|p1a: Ogerpon\n|-singleturn|p1a: Ogerpon|move: Protect\n|move|p2a: Chi-Yu|Heat Wave|p1b: Dragonite|[spread] p1b\n|-activate|p1a: Ogerpon|move: Protect\n|-resisted|p1b: Dragonite\n|-damage|p1b: Dragonite|39\/100\n|-status|p1b: Dragonite|brn\n|move|p2b: Rillaboom|Wood Hammer|p1b: Dragonite\n|-resisted|p1b: Dragonite\n|-damage|p1b: Dragonite|20\/100 brn\n|-damage|p2b: Rillaboom|56\/100|[from] Recoil\n|-activate|p1b: Dragonite|confusion\n|move|p1b: Dragonite|Outrage|p2b: Rillaboom\n|-damage|p2b: Rillaboom|4\/100\n|\n|-heal|p1a: Ogerpon|43\/100|[from] Grassy Terrain\n|-heal|p2b: Rillaboom|10\/100|[from] Grassy Terrain\n|-damage|p1b: Dragonite|14\/100 brn|[from] brn\n|upkeep\n|turn|4\n|inactive|1 Time cp has 30 seconds left.\n|inactive|minirenard-aden has 30 seconds left.\n|\n|t:|1700655497\n|move|p1a: Ogerpon|Quick Attack|p2b: Rillaboom\n|-damage|p2b: Rillaboom|0 fnt\n|faint|p2b: Rillaboom\n|-damage|p1a: Ogerpon|33\/100|[from] item: Life Orb\n|move|p2a: Chi-Yu|Heat Wave|p1b: Dragonite|[spread] p1a,p1b\n|-supereffective|p1a: Ogerpon\n|-resisted|p1b: Dragonite\n|-damage|p1a: Ogerpon|0 fnt\n|-damage|p1b: Dragonite|0 fnt\n|faint|p1a: Ogerpon\n|faint|p1b: Dragonite\n|\n|-sideend|p2: minirenard-aden|move: Tailwind\n|upkeep\n|\n|t:|1700655504\n|switch|p1a: Dondozo|Dondozo, L50, F, shiny|100\/100\n|switch|p1b: Tatsugiri|Tatsugiri, L50, F|100\/100\n|-activate|p1b: Tatsugiri|ability: Commander|[of] p1a: Dondozo\n|-boost|p1a: Dondozo|atk|2\n|-boost|p1a: Dondozo|spa|2\n|-boost|p1a: Dondozo|spe|2\n|-boost|p1a: Dondozo|def|2\n|-boost|p1a: Dondozo|spd|2\n|-activate|p1a: Dondozo|move: Sticky Web\n|-unboost|p1a: Dondozo|spe|1\n|turn|5\n|\n|t:|1700655522\n|move|p2a: Chi-Yu|Heat Wave|p1a: Dondozo|[spread] p1a\n|-miss|p2a: Chi-Yu|p1b: Tatsugiri\n|-resisted|p1a: Dondozo\n|-damage|p1a: Dondozo|78\/100\n|move|p1a: Dondozo|Earthquake|p2a: Chi-Yu|[spread] p2a\n|-miss|p1a: Dondozo|p1b: Tatsugiri\n|-supereffective|p2a: Chi-Yu\n|-damage|p2a: Chi-Yu|26\/100\n|\n|-heal|p2a: Chi-Yu|31\/100|[from] Grassy Terrain\n|-heal|p1a: Dondozo|84\/100|[from] Grassy Terrain\n|-heal|p1a: Dondozo|90\/100|[from] item: Leftovers\n|upkeep\n|turn|6\n|c|\u26061 Time cp|ez\n|\n|t:|1700655533\n|move|p1a: Dondozo|Protect|p1a: Dondozo\n|-singleturn|p1a: Dondozo|Protect\n|move|p2a: Chi-Yu|Heat Wave|p1a: Dondozo|[spread] \n|-miss|p2a: Chi-Yu|p1b: Tatsugiri\n|-activate|p1a: Dondozo|move: Protect\n|\n|-heal|p2a: Chi-Yu|37\/100|[from] Grassy Terrain\n|-heal|p1a: Dondozo|95\/100|[from] Grassy Terrain\n|-heal|p1a: Dondozo|100\/100|[from] item: Leftovers\n|-fieldend|move: Grassy Terrain\n|upkeep\n|turn|7\n|\n|t:|1700655544\n|move|p2a: Chi-Yu|Heat Wave|p1b: Tatsugiri|[spread] p1a\n|-miss|p2a: Chi-Yu|p1b: Tatsugiri\n|-resisted|p1a: Dondozo\n|-damage|p1a: Dondozo|78\/100\n|move|p1a: Dondozo|Earthquake|p2a: Chi-Yu|[spread] p2a\n|-miss|p1a: Dondozo|p1b: Tatsugiri\n|-supereffective|p2a: Chi-Yu\n|-damage|p2a: Chi-Yu|0 fnt\n|faint|p2a: Chi-Yu\n|\n|win|1 Time cp\n|raw|1 Time cp's rating: 1289 &rarr; <strong>1308<\/strong><br \/>(+19 for winning)\n|raw|minirenard-aden's rating: 1207 &rarr; <strong>1188<\/strong><br \/>(-19 for losing)\n|l|\u2606minirenard-aden\n","uploadtime":1700655572,"views":6,"p1id":"1timecp","p2id":"minirenardaden","formatid":"gen9vgc2023regulatione","rating":1188,"private":0,"password":""}