{"id":"gen9vgc2023regulatione-1994056242","p1":"bgb97","p2":"VegitoSKBEST","format":"[Gen 9] VGC 2023 Regulation E","log":"|j|\u2606bgb97\n|j|\u2606VegitoSKBEST\n|t:|1700400860\n|gametype|doubles\n|player|p1|bgb97|170|1030\n|player|p2|VegitoSKBEST|colress|1099\n|teamsize|p1|6\n|teamsize|p2|6\n|gen|9\n|tier|[Gen 9] VGC 2023 Regulation E\n|rated|\n|rule|Species Clause: Limit one of each Pok\u00e9mon\n|rule|Item Clause: Limit one of each item\n|clearpoke\n|poke|p1|Ogerpon-Wellspring, L50, F|\n|poke|p1|Urshifu-*, L50, M|\n|poke|p1|Skeledirge, L50, F|\n|poke|p1|Rillaboom, L50, M|\n|poke|p1|Enamorus, L50, F|\n|poke|p1|Gliscor, L50, M|\n|poke|p2|Salamence, L50, F|\n|poke|p2|Vivillon-Monsoon, L50, M|\n|poke|p2|Okidogi, L50, M|\n|poke|p2|Arcanine-Hisui, L50, M|\n|poke|p2|Gholdengo, L50|\n|poke|p2|Tornadus, L50, M|\n|teampreview|4\n|inactive|Battle timer is ON: inactive players will automatically lose when time's up. (requested by bgb97)\n|\n|t:|1700400884\n|start\n|switch|p1a: Skeledirge|Skeledirge, L50, F|100\/100\n|switch|p1b: Gliscor|Gliscor, L50, M|100\/100\n|switch|p2a: Vivillon|Vivillon-Monsoon, L50, M, shiny|100\/100\n|switch|p2b: Salamence|Salamence, L50, F|100\/100\n|turn|1\n|\n|t:|1700400903\n|-terastallize|p1a: Skeledirge|Fairy\n|move|p2b: Salamence|Rock Slide|p1b: Gliscor|[spread] p1a,p1b\n|-damage|p1a: Skeledirge|89\/100\n|-damage|p1b: Gliscor|79\/100\n|cant|p1b: Gliscor|flinch\n|move|p2a: Vivillon|Tailwind|p2a: Vivillon\n|-sidestart|p2: VegitoSKBEST|move: Tailwind\n|move|p1a: Skeledirge|Will-O-Wisp|p2b: Salamence\n|-status|p2b: Salamence|brn\n|-enditem|p2b: Salamence|Lum Berry|[eat]\n|-curestatus|p2b: Salamence|brn|[msg]\n|\n|-status|p1b: Gliscor|tox|[from] item: Toxic Orb\n|upkeep\n|turn|2\n|\n|t:|1700400924\n|-terastallize|p2b: Salamence|Steel\n|move|p2a: Vivillon|Rage Powder|p2a: Vivillon\n|-singleturn|p2a: Vivillon|move: Rage Powder\n|move|p2b: Salamence|Iron Head|p1a: Skeledirge\n|-supereffective|p1a: Skeledirge\n|-damage|p1a: Skeledirge|40\/100\n|move|p1b: Gliscor|Knock Off|p2a: Vivillon\n|-damage|p2a: Vivillon|58\/100\n|-damage|p1b: Gliscor|62\/100 tox|[from] item: Rocky Helmet|[of] p2a: Vivillon\n|-enditem|p2a: Vivillon|Rocky Helmet|[from] move: Knock Off|[of] p1b: Gliscor\n|move|p1a: Skeledirge|Will-O-Wisp|p2a: Vivillon\n|-status|p2a: Vivillon|brn\n|\n|-heal|p1b: Gliscor|74\/100 tox|[from] ability: Poison Heal\n|-damage|p2a: Vivillon|52\/100 brn|[from] brn\n|upkeep\n|turn|3\n|inactive|bgb97 has 30 seconds left.\n|\n|t:|1700400952\n|switch|p1a: Urshifu|Urshifu, L50, M|100\/100\n|move|p2a: Vivillon|Rage Powder|p2a: Vivillon\n|-singleturn|p2a: Vivillon|move: Rage Powder\n|move|p2b: Salamence|Iron Head|p1a: Urshifu\n|-damage|p1a: Urshifu|58\/100\n|move|p1b: Gliscor|Earthquake|p2a: Vivillon|[spread] p1a,p2b\n|-immune|p2a: Vivillon\n|-crit|p1a: Urshifu\n|-supereffective|p2b: Salamence\n|-damage|p1a: Urshifu|11\/100\n|-damage|p2b: Salamence|45\/100\n|\n|-heal|p1b: Gliscor|86\/100 tox|[from] ability: Poison Heal\n|-damage|p2a: Vivillon|46\/100 brn|[from] brn\n|upkeep\n|turn|4\n|inactive|bgb97 has 30 seconds left.\n|inactive|VegitoSKBEST has 30 seconds left.\n|\n|t:|1700400981\n|move|p2a: Vivillon|Rage Powder|p2a: Vivillon\n|-singleturn|p2a: Vivillon|move: Rage Powder\n|move|p2b: Salamence|Outrage|p1b: Gliscor\n|-damage|p1b: Gliscor|18\/100 tox\n|move|p1a: Urshifu|Wicked Blow|p2a: Vivillon\n|-crit|p2a: Vivillon\n|-damage|p2a: Vivillon|0 fnt\n|faint|p2a: Vivillon\n|move|p1b: Gliscor|Earthquake|p2b: Salamence|[spread] p1a,p2b\n|-supereffective|p2b: Salamence\n|-damage|p1a: Urshifu|0 fnt\n|-damage|p2b: Salamence|0 fnt\n|faint|p1a: Urshifu\n|faint|p2b: Salamence\n|\n|-heal|p1b: Gliscor|30\/100 tox|[from] ability: Poison Heal\n|-sideend|p2: VegitoSKBEST|move: Tailwind\n|upkeep\n|\n|t:|1700400996\n|switch|p2b: Arcanine|Arcanine-Hisui, L50, M, shiny|100\/100\n|switch|p1a: Skeledirge|Skeledirge, L50, F, tera:Fairy|40\/100\n|switch|p2a: Okidogi|Okidogi, L50, M|100\/100\n|-ability|p2b: Arcanine|Intimidate|boost\n|-unboost|p1a: Skeledirge|atk|1\n|-unboost|p1b: Gliscor|atk|1\n|turn|5\n|\n|t:|1700401019\n|move|p1b: Gliscor|Protect|p1b: Gliscor\n|-singleturn|p1b: Gliscor|Protect\n|move|p2b: Arcanine|Extreme Speed|p1b: Gliscor\n|-activate|p1b: Gliscor|move: Protect\n|move|p2a: Okidogi|Iron Head|p1a: Skeledirge\n|-supereffective|p1a: Skeledirge\n|-damage|p1a: Skeledirge|6\/100\n|cant|p1a: Skeledirge|flinch\n|\n|-heal|p1b: Gliscor|42\/100 tox|[from] ability: Poison Heal\n|upkeep\n|turn|6\n|inactive|bgb97 has 30 seconds left.\n|inactive|VegitoSKBEST has 30 seconds left.\n|inactive|VegitoSKBEST has 20 seconds left.\n|inactive|VegitoSKBEST has 15 seconds left.\n|inactive|VegitoSKBEST has 10 seconds left.\n|inactive|VegitoSKBEST has 5 seconds left.\n|\n|t:|1700401074\n|move|p2b: Arcanine|Flare Blitz|p1b: Gliscor\n|-damage|p1b: Gliscor|0 fnt\n|faint|p1b: Gliscor\n|-damage|p2b: Arcanine|89\/100|[from] Recoil\n|-damage|p2b: Arcanine|79\/100|[from] item: Life Orb\n|move|p2a: Okidogi|Close Combat|p1a: Skeledirge\n|-resisted|p1a: Skeledirge\n|-damage|p1a: Skeledirge|0 fnt\n|-unboost|p2a: Okidogi|def|1\n|-unboost|p2a: Okidogi|spd|1\n|faint|p1a: Skeledirge\n|\n|upkeep\n|\n|t:|1700401084\n|switch|p1b: Enamorus|Enamorus, L50, F|100\/100\n|turn|7\n|inactive|VegitoSKBEST has 30 seconds left.\n|inactive|VegitoSKBEST has 20 seconds left.\n|inactive|VegitoSKBEST has 15 seconds left.\n|inactive|VegitoSKBEST has 10 seconds left.\n|inactive|VegitoSKBEST has 5 seconds left.\n|\n|t:|1700401139\n|move|p1b: Enamorus|Earth Power|p2a: Okidogi\n|-supereffective|p2a: Okidogi\n|-damage|p2a: Okidogi|0 fnt\n|faint|p2a: Okidogi\n|move|p2b: Arcanine|Flare Blitz|p1b: Enamorus\n|-damage|p1b: Enamorus|0 fnt\n|faint|p1b: Enamorus\n|-damage|p2b: Arcanine|50\/100|[from] Recoil\n|-damage|p2b: Arcanine|40\/100|[from] item: Life Orb\n|\n|win|VegitoSKBEST\n|raw|bgb97's rating: 1030 &rarr; <strong>1018<\/strong><br \/>(-12 for losing)\n|raw|VegitoSKBEST's rating: 1099 &rarr; <strong>1119<\/strong><br \/>(+20 for winning)\n|l|\u2606bgb97\n","uploadtime":1700401153,"views":6,"p1id":"bgb97","p2id":"vegitoskbest","formatid":"gen9vgc2023regulatione","rating":1018,"private":0,"password":""}