{"id":"gen9vgc2023regulatione-1996753925","p1":"Treeman480","p2":"Croxru","format":"[Gen 9] VGC 2023 Regulation E","log":"|j|\u2606Treeman480\n|j|\u2606Croxru\n|t:|1700719493\n|gametype|doubles\n|player|p1|Treeman480|fisherman|1205\n|player|p2|Croxru|twins-gen4dp|1108\n|teamsize|p1|6\n|teamsize|p2|6\n|gen|9\n|tier|[Gen 9] VGC 2023 Regulation E\n|rated|\n|rule|Species Clause: Limit one of each Pok\u00e9mon\n|rule|Item Clause: Limit one of each item\n|clearpoke\n|poke|p1|Ogerpon, L50, F|\n|poke|p1|Arcanine-Hisui, L50, F|\n|poke|p1|Roaring Moon, L50|\n|poke|p1|Gholdengo, L50|\n|poke|p1|Landorus-Therian, L50, M|\n|poke|p1|Iron Hands, L50|\n|poke|p2|Tinkaton, L50, F|\n|poke|p2|Medicham, L50, F|\n|poke|p2|Gyarados, L50, F|\n|poke|p2|Skeledirge, L50, M|\n|poke|p2|Maushold, L50|\n|poke|p2|Toedscruel, L50, M|\n|teampreview|4\n|c|\u2606Croxru|glhf\n|\n|t:|1700719518\n|start\n|switch|p1a: Gholdengo|Gholdengo, L50|100\/100\n|switch|p1b: Arcanine|Arcanine-Hisui, L50, F|100\/100\n|switch|p2a: pants n shirt|Maushold, L50|100\/100\n|switch|p2b: Offensive|Medicham, L50, F|100\/100\n|-ability|p1b: Arcanine|Intimidate|boost\n|-unboost|p2a: pants n shirt|atk|1\n|-unboost|p2b: Offensive|atk|1\n|turn|1\n|c|\u2606Treeman480|u\n|c|\u2606Treeman480|u2*\n|\n|t:|1700719542\n|switch|p1a: Landorus|Landorus-Therian, L50, M|100\/100\n|-ability|p1a: Landorus|Intimidate|boost\n|-unboost|p2a: pants n shirt|atk|1\n|-unboost|p2b: Offensive|atk|1\n|move|p2b: Offensive|Helping Hand|p2a: pants n shirt\n|-singleturn|p2a: pants n shirt|Helping Hand|[of] p2b: Offensive\n|move|p2a: pants n shirt|Beat Up|p1a: Landorus\n|-damage|p1a: Landorus|95\/100\n|-damage|p1a: Landorus|91\/100\n|-damage|p1a: Landorus|87\/100\n|-damage|p1a: Landorus|80\/100\n|-hitcount|p1a: Landorus|4\n|move|p1b: Arcanine|Will-O-Wisp|p2a: pants n shirt\n|-status|p2a: pants n shirt|brn\n|\n|-damage|p2a: pants n shirt|94\/100 brn|[from] brn\n|upkeep\n|turn|2\n|\n|t:|1700719564\n|-terastallize|p2a: pants n shirt|Normal\n|move|p2b: Offensive|Helping Hand|p2a: pants n shirt\n|-singleturn|p2a: pants n shirt|Helping Hand|[of] p2b: Offensive\n|move|p1a: Landorus|U-turn|p2b: Offensive\n|-damage|p2b: Offensive|68\/100\n|\n|t:|1700719569\n|switch|p1a: Iron Hams|Iron Hands, L50|100\/100|[from] U-turn\n|move|p2a: pants n shirt|Population Bomb|p1a: Iron Hams\n|-damage|p1a: Iron Hams|96\/100\n|-damage|p1a: Iron Hams|92\/100\n|-damage|p1a: Iron Hams|87\/100\n|-damage|p1a: Iron Hams|84\/100\n|-damage|p1a: Iron Hams|80\/100\n|-damage|p1a: Iron Hams|76\/100\n|-damage|p1a: Iron Hams|71\/100\n|-damage|p1a: Iron Hams|67\/100\n|-damage|p1a: Iron Hams|63\/100\n|-damage|p1a: Iron Hams|59\/100\n|-hitcount|p1a: Iron Hams|10\n|move|p1b: Arcanine|Howl|p1b: Arcanine|[spread] p1a,p1b\n|-boost|p1a: Iron Hams|atk|1\n|-boost|p1b: Arcanine|atk|1\n|\n|-damage|p2a: pants n shirt|88\/100 brn|[from] brn\n|upkeep\n|turn|3\n|\n|t:|1700719604\n|switch|p1b: Landorus|Landorus-Therian, L50, M|80\/100\n|-ability|p1b: Landorus|Intimidate|boost\n|-unboost|p2a: pants n shirt|atk|1\n|-unboost|p2b: Offensive|atk|1\n|move|p1a: Iron Hams|Fake Out|p2b: Offensive\n|-damage|p2b: Offensive|38\/100\n|move|p2a: pants n shirt|Encore||[still]\n|-fail|p2a: pants n shirt\n|cant|p2b: Offensive|flinch\n|\n|-damage|p2a: pants n shirt|82\/100 brn|[from] brn\n|upkeep\n|turn|4\n|\n|t:|1700719627\n|switch|p2b: Be afraid child|Gyarados, L50, F|100\/100\n|-ability|p2b: Be afraid child|Intimidate|boost\n|-unboost|p1a: Iron Hams|atk|1\n|-unboost|p1b: Landorus|atk|1\n|-end|p1a: Iron Hams|Quark Drive|[silent]\n|switch|p1a: Arcanine|Arcanine-Hisui, L50, F|100\/100\n|-ability|p1a: Arcanine|Intimidate|boost\n|-unboost|p2a: pants n shirt|atk|1\n|-unboost|p2b: Be afraid child|atk|1\n|move|p1b: Landorus|U-turn|p2b: Be afraid child\n|-resisted|p2b: Be afraid child\n|-damage|p2b: Be afraid child|89\/100\n|\n|t:|1700719638\n|switch|p1b: Iron Hams|Iron Hands, L50|59\/100|[from] U-turn\n|move|p2a: pants n shirt|Encore||[still]\n|-fail|p2a: pants n shirt\n|\n|-damage|p2a: pants n shirt|76\/100 brn|[from] brn\n|upkeep\n|turn|5\n|c|\u2606Croxru|kinda annoying right now lol\n|\n|t:|1700719662\n|move|p2a: pants n shirt|Population Bomb|p1a: Arcanine\n|-resisted|p1a: Arcanine\n|-damage|p1a: Arcanine|99\/100\n|-resisted|p1a: Arcanine\n|-damage|p1a: Arcanine|97\/100\n|-resisted|p1a: Arcanine\n|-damage|p1a: Arcanine|96\/100\n|-resisted|p1a: Arcanine\n|-damage|p1a: Arcanine|94\/100\n|-resisted|p1a: Arcanine\n|-damage|p1a: Arcanine|93\/100\n|-resisted|p1a: Arcanine\n|-damage|p1a: Arcanine|91\/100\n|-resisted|p1a: Arcanine\n|-damage|p1a: Arcanine|90\/100\n|-resisted|p1a: Arcanine\n|-damage|p1a: Arcanine|88\/100\n|-resisted|p1a: Arcanine\n|-damage|p1a: Arcanine|87\/100\n|-resisted|p1a: Arcanine\n|-damage|p1a: Arcanine|85\/100\n|-hitcount|p1a: Arcanine|10\n|move|p1a: Arcanine|Rock Slide|p2a: pants n shirt|[spread] p2a,p2b\n|-supereffective|p2b: Be afraid child\n|-crit|p2b: Be afraid child\n|-damage|p2a: pants n shirt|42\/100 brn\n|-damage|p2b: Be afraid child|8\/100\n|move|p2b: Be afraid child|Waterfall|p1a: Arcanine\n|-supereffective|p1a: Arcanine\n|-damage|p1a: Arcanine|0 fnt\n|faint|p1a: Arcanine\n|move|p1b: Iron Hams|Wild Charge|p2b: Be afraid child\n|-supereffective|p2b: Be afraid child\n|-damage|p2b: Be afraid child|0 fnt\n|faint|p2b: Be afraid child\n|-damage|p1b: Iron Hams|58\/100|[from] Recoil\n|\n|-damage|p2a: pants n shirt|36\/100 brn|[from] brn\n|upkeep\n|c|\u2606Treeman480|im afraid of the mouse\n|c|\u2606Treeman480|i remember population bomb meta\n|c|\u2606Treeman480|i know not to let it free\n|c|\u2606Croxru|yea\n|\n|t:|1700719698\n|switch|p1a: Gholdengo|Gholdengo, L50|100\/100\n|switch|p2b: just dead|Skeledirge, L50, M|100\/100\n|turn|6\n|\n|t:|1700719717\n|-terastallize|p1a: Gholdengo|Dragon\n|move|p2a: pants n shirt|Beat Up|p1a: Gholdengo\n|-crit|p1a: Gholdengo\n|-damage|p1a: Gholdengo|97\/100\n|-damage|p1a: Gholdengo|96\/100\n|-crit|p1a: Gholdengo\n|-damage|p1a: Gholdengo|93\/100\n|-hitcount|p1a: Gholdengo|3\n|move|p1a: Gholdengo|Shadow Ball|p2b: just dead\n|-supereffective|p2b: just dead\n|-damage|p2b: just dead|6\/100\n|-damage|p1a: Gholdengo|83\/100|[from] item: Life Orb\n|move|p2b: just dead|Torch Song|p1a: Gholdengo\n|-resisted|p1a: Gholdengo\n|-damage|p1a: Gholdengo|64\/100\n|-boost|p2b: just dead|spa|1\n|-enditem|p2b: just dead|Throat Spray\n|-boost|p2b: just dead|spa|1|[from] item: Throat Spray\n|move|p1b: Iron Hams|Wild Charge|p2b: just dead\n|-damage|p2b: just dead|0 fnt\n|faint|p2b: just dead\n|-damage|p1b: Iron Hams|57\/100|[from] Recoil\n|\n|-damage|p2a: pants n shirt|30\/100 brn|[from] brn\n|upkeep\n|c|\u2606Croxru|your out playing me right now\n|\n|t:|1700719750\n|switch|p2b: Offensive|Medicham, L50, F|38\/100\n|turn|7\n|c|\u2606Treeman480|im terrified of the mouse is the only reason\n|c|\u2606Treeman480|lmaoo\n|c|\u2606Croxru|well gg\n|c|\u2606Treeman480|Ggs\n|\n|t:|1700719770\n|-end|p1b: Iron Hams|Quark Drive|[silent]\n|switch|p1b: Landorus|Landorus-Therian, L50, M|80\/100\n|-ability|p1b: Landorus|Intimidate|boost\n|-unboost|p2a: pants n shirt|atk|1\n|-unboost|p2b: Offensive|atk|1\n|move|p1a: Gholdengo|Protect|p1a: Gholdengo\n|-singleturn|p1a: Gholdengo|Protect\n|move|p2b: Offensive|Feint|p1a: Gholdengo\n|-activate|p1a: Gholdengo|move: Feint\n|-crit|p1a: Gholdengo\n|-damage|p1a: Gholdengo|51\/100\n|move|p2a: pants n shirt|Encore|p1a: Gholdengo\n|-immune|p1a: Gholdengo|[from] ability: Good as Gold\n|\n|-damage|p2a: pants n shirt|24\/100 brn|[from] brn\n|upkeep\n|turn|8\n|c|\u2606Croxru|just ko them\n|\n|t:|1700719796\n|move|p2b: Offensive|Feint|p1a: Gholdengo\n|-damage|p1a: Gholdengo|45\/100\n|move|p1b: Landorus|U-turn|p2b: Offensive\n|-crit|p2b: Offensive\n|-damage|p2b: Offensive|0 fnt\n|faint|p2b: Offensive\n|c|\u2606Treeman480|9 crits from pop bomb coulda killed so i wnated to be safe with another intimidate\n|\n|t:|1700719812\n|switch|p1b: Iron Hams|Iron Hands, L50|57\/100|[from] U-turn\n|move|p2a: pants n shirt|Encore|p1a: Gholdengo\n|-immune|p1a: Gholdengo|[from] ability: Good as Gold\n|move|p1a: Gholdengo|Make It Rain|p2a: pants n shirt\n|-damage|p2a: pants n shirt|0 fnt\n|-unboost|p1a: Gholdengo|spa|1\n|faint|p2a: pants n shirt\n|-damage|p1a: Gholdengo|35\/100|[from] item: Life Orb\n|\n|win|Treeman480\n|raw|Treeman480's rating: 1205 &rarr; <strong>1223<\/strong><br \/>(+18 for winning)\n|raw|Croxru's rating: 1108 &rarr; <strong>1090<\/strong><br \/>(-18 for losing)\n|c|\u2606Croxru|gg\n|c|\u2606Treeman480|Gg\n|c|\u2606Treeman480|love the team!\n","uploadtime":1700719825,"views":3,"p1id":"treeman480","p2id":"croxru","formatid":"gen9vgc2023regulatione","rating":1090,"private":0,"password":""}