{"id":"gen9vgc2023regulatione-1987862985","p1":"Actual Gamer Girl","p2":"Tizio20","format":"[Gen 9] VGC 2023 Regulation E","log":"|j|\u2606Actual Gamer Girl\n|j|\u2606Tizio20\n|t:|1699643763\n|gametype|doubles\n|player|p1|Actual Gamer Girl|1|1346\n|player|p2|Tizio20|grimsley|1423\n|teamsize|p1|6\n|teamsize|p2|6\n|gen|9\n|tier|[Gen 9] VGC 2023 Regulation E\n|rated|\n|rule|Species Clause: Limit one of each Pok\u00e9mon\n|rule|Item Clause: Limit one of each item\n|clearpoke\n|poke|p1|Sinistcha, L50|\n|poke|p1|Arcanine-Hisui, L50, F|\n|poke|p1|Iron Hands, L50|\n|poke|p1|Chien-Pao, L50|\n|poke|p1|Flutter Mane, L50|\n|poke|p1|Kommo-o, L50, F|\n|poke|p2|Indeedee-F, L50, F|\n|poke|p2|Armarouge, L50, M|\n|poke|p2|Cresselia, L50, F|\n|poke|p2|Torkoal, L50, M|\n|poke|p2|Iron Hands, L50|\n|poke|p2|Ursaluna, L50, F|\n|teampreview|4\n|inactive|Battle timer is ON: inactive players will automatically lose when time's up. (requested by Tizio20)\nTizio20 has agreed to open team sheets.\nActual Gamer Girl has agreed to open team sheets.\n|\n|t:|1699643812\n|start\n|switch|p1a: Arcanine|Arcanine-Hisui, L50, F|100\/100\n|switch|p1b: Kommo-o|Kommo-o, L50, F|100\/100\n|switch|p2a: Barbara D'Urso|Cresselia, L50, F|100\/100\n|switch|p2b: Gianni Morandi|Iron Hands, L50|100\/100\n|-ability|p1a: Arcanine|Intimidate|boost\n|-unboost|p2a: Barbara D'Urso|atk|1\n|-unboost|p2b: Gianni Morandi|atk|1\n|turn|1\n|inactive|Actual Gamer Girl has 30 seconds left.\n|inactive|Actual Gamer Girl has 20 seconds left.\n|inactive|Actual Gamer Girl has 15 seconds left.\n|\n|t:|1699643852\n|switch|p1b: Sinistcha|Sinistcha, L50|100\/100\n|move|p2b: Gianni Morandi|Fake Out|p1b: Sinistcha\n|-immune|p1b: Sinistcha\n|move|p1a: Arcanine|Flare Blitz|p2b: Gianni Morandi\n|-damage|p2b: Gianni Morandi|59\/100\n|-damage|p1a: Arcanine|82\/100|[from] Recoil\n|move|p2a: Barbara D'Urso|Trick Room|p2a: Barbara D'Urso\n|-fieldstart|move: Trick Room|[of] p2a: Barbara D'Urso\n|\n|upkeep\n|turn|2\n|\n|t:|1699643871\n|-end|p2b: Gianni Morandi|Quark Drive|[silent]\n|switch|p2b: Silvio|Armarouge, L50, M|100\/100\n|switch|p1a: Flutter Mane|Flutter Mane, L50|100\/100\n|move|p1b: Sinistcha|Matcha Gotcha|p2b: Silvio|[spread] p2a,p2b\n|-resisted|p2b: Silvio\n|-damage|p2a: Barbara D'Urso|87\/100\n|-damage|p2b: Silvio|86\/100\n|-status|p2a: Barbara D'Urso|brn\n|move|p2a: Barbara D'Urso|Ice Beam|p1b: Sinistcha\n|-supereffective|p1b: Sinistcha\n|-damage|p1b: Sinistcha|66\/100\n|\n|-damage|p2a: Barbara D'Urso|80\/100 brn|[from] brn\n|upkeep\n|turn|3\n|\n|t:|1699643893\n|-terastallize|p1b: Sinistcha|Fire\n|move|p2b: Silvio|Expanding Force|p1a: Flutter Mane\n|-damage|p1a: Flutter Mane|55\/100\n|move|p1b: Sinistcha|Shadow Ball|p2b: Silvio\n|-supereffective|p2b: Silvio\n|-damage|p2b: Silvio|18\/100\n|move|p2a: Barbara D'Urso|Ice Beam|p1b: Sinistcha\n|-resisted|p1b: Sinistcha\n|-damage|p1b: Sinistcha|57\/100\n|move|p1a: Flutter Mane|Shadow Ball|p2b: Silvio\n|-supereffective|p2b: Silvio\n|-damage|p2b: Silvio|0 fnt\n|faint|p2b: Silvio\n|\n|-damage|p2a: Barbara D'Urso|74\/100 brn|[from] brn\n|upkeep\n|\n|t:|1699643908\n|switch|p2b: Torkoal|Torkoal, L50, M|100\/100\n|-weather|SunnyDay|[from] ability: Drought|[of] p2b: Torkoal\n|-activate|p1a: Flutter Mane|ability: Protosynthesis\n|-start|p1a: Flutter Mane|protosynthesisspa\n|turn|4\n|\n|t:|1699643919\n|-end|p1a: Flutter Mane|Protosynthesis|[silent]\n|switch|p1a: Arcanine|Arcanine-Hisui, L50, F|82\/100\n|-ability|p1a: Arcanine|Intimidate|boost\n|-unboost|p2a: Barbara D'Urso|atk|1\n|-unboost|p2b: Torkoal|atk|1\n|-terastallize|p2b: Torkoal|Fire\n|move|p2b: Torkoal|Eruption|p1a: Arcanine|[spread] p1a,p1b\n|-resisted|p1a: Arcanine\n|-resisted|p1b: Sinistcha\n|-damage|p1a: Arcanine|43\/100\n|-damage|p1b: Sinistcha|0 fnt\n|-enditem|p1a: Arcanine|Sitrus Berry|[eat]\n|-heal|p1a: Arcanine|68\/100|[from] item: Sitrus Berry\n|faint|p1b: Sinistcha\n|move|p2a: Barbara D'Urso|Lunar Blessing|p2a: Barbara D'Urso|[spread] p2a,p2b\n|-heal|p2a: Barbara D'Urso|99\/100 brn\n|-curestatus|p2a: Barbara D'Urso|brn|[msg]\n|\n|-weather|SunnyDay|[upkeep]\n|upkeep\n|\n|t:|1699643935\n|switch|p1b: Kommo-o|Kommo-o, L50, F|100\/100\n|turn|5\n|\n|t:|1699643956\n|switch|p2b: Gianni Morandi|Iron Hands, L50|59\/100\n|move|p1b: Kommo-o|Protect|p1b: Kommo-o\n|-singleturn|p1b: Kommo-o|Protect\n|move|p1a: Arcanine|Protect|p1a: Arcanine\n|-singleturn|p1a: Arcanine|Protect\n|move|p2a: Barbara D'Urso|Dazzling Gleam|p1a: Arcanine|[spread] \n|-activate|p1a: Arcanine|move: Protect\n|-activate|p1b: Kommo-o|move: Protect\n|\n|-weather|SunnyDay|[upkeep]\n|-fieldend|move: Trick Room\n|upkeep\n|turn|6\n|\n|t:|1699643980\n|switch|p1b: Flutter Mane|Flutter Mane, L50|55\/100\n|-activate|p1b: Flutter Mane|ability: Protosynthesis\n|-start|p1b: Flutter Mane|protosynthesisspa\n|move|p2b: Gianni Morandi|Fake Out|p1a: Arcanine\n|-resisted|p1a: Arcanine\n|-damage|p1a: Arcanine|60\/100\n|cant|p1a: Arcanine|flinch\n|move|p2a: Barbara D'Urso|Trick Room|p2a: Barbara D'Urso\n|-fieldstart|move: Trick Room|[of] p2a: Barbara D'Urso\n|\n|-weather|SunnyDay|[upkeep]\n|upkeep\n|turn|7\n|\n|t:|1699643998\n|move|p2b: Gianni Morandi|Heavy Slam|p1b: Flutter Mane\n|-supereffective|p1b: Flutter Mane\n|-damage|p1b: Flutter Mane|0 fnt\n|faint|p1b: Flutter Mane\n|-end|p1b: Flutter Mane|Protosynthesis|[silent]\n|move|p2a: Barbara D'Urso|Lunar Blessing|p2a: Barbara D'Urso|[spread] p2a,p2b\n|-heal|p2a: Barbara D'Urso|100\/100\n|-heal|p2b: Gianni Morandi|84\/100\n|move|p1a: Arcanine|Flare Blitz|p2b: Gianni Morandi\n|-damage|p2b: Gianni Morandi|28\/100\n|-damage|p1a: Arcanine|34\/100|[from] Recoil\n|\n|-weather|SunnyDay|[upkeep]\n|upkeep\n|\n|t:|1699644001\n|switch|p1b: Kommo-o|Kommo-o, L50, F|100\/100\n|turn|8\n|inactive|Actual Gamer Girl has 30 seconds left.\n|\n|t:|1699644027\n|move|p1a: Arcanine|Extreme Speed|p2b: Gianni Morandi\n|-damage|p2b: Gianni Morandi|10\/100\n|move|p2b: Gianni Morandi|Drain Punch|p1a: Arcanine\n|-supereffective|p1a: Arcanine\n|-damage|p1a: Arcanine|0 fnt\n|-heal|p2b: Gianni Morandi|22\/100|[from] drain|[of] p1a: Arcanine\n|faint|p1a: Arcanine\n|move|p2a: Barbara D'Urso|Dazzling Gleam|p1b: Kommo-o\n|-supereffective|p1b: Kommo-o\n|-damage|p1b: Kommo-o|42\/100\n|move|p1b: Kommo-o|Clangorous Soul|p1b: Kommo-o\n|-boost|p1b: Kommo-o|atk|1\n|-boost|p1b: Kommo-o|def|1\n|-boost|p1b: Kommo-o|spa|1\n|-boost|p1b: Kommo-o|spd|1\n|-boost|p1b: Kommo-o|spe|1\n|-damage|p1b: Kommo-o|9\/100\n|\n|-weather|none\n|-heal|p1b: Kommo-o|15\/100|[from] item: Leftovers\n|upkeep\n|turn|9\n|\n|t:|1699644045\n|move|p1b: Kommo-o|Protect|p1b: Kommo-o\n|-singleturn|p1b: Kommo-o|Protect\n|move|p2b: Gianni Morandi|Drain Punch|p1b: Kommo-o\n|-activate|p1b: Kommo-o|move: Protect\n|move|p2a: Barbara D'Urso|Dazzling Gleam|p1b: Kommo-o\n|-activate|p1b: Kommo-o|move: Protect\n|\n|-heal|p1b: Kommo-o|21\/100|[from] item: Leftovers\n|upkeep\n|turn|10\n|\n|t:|1699644051\n|move|p1b: Kommo-o|Protect||[still]\n|-fail|p1b: Kommo-o\n|move|p2b: Gianni Morandi|Drain Punch|p1b: Kommo-o\n|-damage|p1b: Kommo-o|2\/100\n|-heal|p2b: Gianni Morandi|29\/100|[from] drain|[of] p1b: Kommo-o\n|move|p2a: Barbara D'Urso|Dazzling Gleam|p1b: Kommo-o\n|-supereffective|p1b: Kommo-o\n|-damage|p1b: Kommo-o|0 fnt\n|faint|p1b: Kommo-o\n|\n|win|Tizio20\n|raw|Actual Gamer Girl's rating: 1346 &rarr; <strong>1330<\/strong><br \/>(-16 for losing)\n|raw|Tizio20's rating: 1423 &rarr; <strong>1439<\/strong><br \/>(+16 for winning)\n|l|\u2606Actual Gamer Girl\n|j|\u2606Actual Gamer Girl\n|player|p1|Actual Gamer Girl|1\n|c|\u2606Tizio20|Gg\n|l|\u2606Tizio20\n","uploadtime":1699644070,"views":13,"p1id":"actualgamergirl","p2id":"tizio20","formatid":"gen9vgc2023regulatione","rating":1330,"private":0,"password":""}