{"id":"gen9vgc2023regulatione-1998207007","p1":"SleepyZetsu","p2":"Y4kle","format":"[Gen 9] VGC 2023 Regulation E","log":"|j|\u2606SleepyZetsu\n|j|\u2606Y4kle\n|t:|1700912642\n|gametype|doubles\n|player|p1|SleepyZetsu|colress|1318\n|player|p2|Y4kle|bugcatcher-gen4dp|1387\n|teamsize|p1|6\n|teamsize|p2|6\n|gen|9\n|tier|[Gen 9] VGC 2023 Regulation E\n|rated|\n|rule|Species Clause: Limit one of each Pok\u00e9mon\n|rule|Item Clause: Limit one of each item\n|clearpoke\n|poke|p1|Typhlosion-Hisui, L50, M|\n|poke|p1|Tornadus, L50, M|\n|poke|p1|Glimmora, L50, M|\n|poke|p1|Chi-Yu, L50|\n|poke|p1|Moltres-Galar, L50|\n|poke|p1|Ninetales-Alola, L50, F|\n|poke|p2|Uxie, L50|\n|poke|p2|Tornadus, L50, M|\n|poke|p2|Landorus-Therian, L50, M|\n|poke|p2|Maushold, L50|\n|poke|p2|Ogerpon-Hearthflame, L50, F|\n|poke|p2|Iron Valiant, L50|\n|teampreview|4\n|inactive|Battle timer is ON: inactive players will automatically lose when time's up. (requested by SleepyZetsu)\n|inactive|Y4kle has 60 seconds left.\n|\n|t:|1700912696\n|start\n|switch|p1a: Tornadus|Tornadus, L50, M|100\/100\n|switch|p1b: Moltres|Moltres-Galar, L50|100\/100\n|switch|p2a: Tornadus|Tornadus, L50, M|100\/100\n|switch|p2b: Maushold|Maushold, L50|100\/100\n|turn|1\n|\n|t:|1700912714\n|move|p2a: Tornadus|Taunt|p1b: Moltres\n|-hint|Since gen 7, Dark is immune to Prankster moves.\n|-immune|p1b: Moltres\n|move|p1a: Tornadus|Tailwind|p1a: Tornadus\n|-sidestart|p1: SleepyZetsu|move: Tailwind\n|move|p1b: Moltres|Nasty Plot|p1b: Moltres\n|-boost|p1b: Moltres|spa|2\n|move|p2b: Maushold|Thunder Wave|p1b: Moltres\n|-status|p1b: Moltres|par\n|\n|upkeep\n|turn|2\n|inactive|SleepyZetsu has 30 seconds left.\n|\n|t:|1700912742\n|move|p1a: Tornadus|Taunt|p2a: Tornadus\n|-start|p2a: Tornadus|move: Taunt\n|cant|p2a: Tornadus|move: Taunt|Tailwind\n|move|p1b: Moltres|Fiery Wrath|p2a: Tornadus|[spread] p2a,p2b\n|-damage|p2a: Tornadus|42\/100\n|-damage|p2b: Maushold|34\/100\n|move|p2b: Maushold|Thunder Wave|p1a: Tornadus\n|-status|p1a: Tornadus|par\n|\n|upkeep\n|turn|3\n|\n|t:|1700912766\n|move|p2a: Tornadus|Bleakwind Storm|p1b: Moltres|[spread] p1a\n|-miss|p2a: Tornadus|p1b: Moltres\n|-damage|p1a: Tornadus|76\/100 par\n|move|p1b: Moltres|Fiery Wrath|p2b: Maushold|[spread] p2a,p2b\n|-crit|p2b: Maushold\n|-damage|p2a: Tornadus|0 fnt\n|-damage|p2b: Maushold|0 fnt\n|faint|p2a: Tornadus\n|faint|p2b: Maushold\n|cant|p1a: Tornadus|par\n|\n|upkeep\n|\n|t:|1700912776\n|switch|p2a: Uxie|Uxie, L50|100\/100\n|switch|p2b: Iron Valiant|Iron Valiant, L50|100\/100\n|turn|4\n|\n|t:|1700912791\n|-terastallize|p1b: Moltres|Steel\n|-terastallize|p2a: Uxie|Fairy\n|move|p2b: Iron Valiant|Wide Guard|p2b: Iron Valiant\n|-singleturn|p2b: Iron Valiant|Wide Guard\n|move|p1b: Moltres|Fiery Wrath|p2a: Uxie|[spread] \n|-activate|p2a: Uxie|move: Wide Guard\n|-activate|p2b: Iron Valiant|move: Wide Guard\n|move|p1a: Tornadus|Bleakwind Storm|p2b: Iron Valiant|[spread] \n|-activate|p2a: Uxie|move: Wide Guard\n|-activate|p2b: Iron Valiant|move: Wide Guard\n|move|p2a: Uxie|Calm Mind|p2a: Uxie\n|-boost|p2a: Uxie|spa|1\n|-boost|p2a: Uxie|spd|1\n|\n|-sideend|p1: SleepyZetsu|move: Tailwind\n|upkeep\n|turn|5\n|inactive|Y4kle has 30 seconds left.\n|\n|t:|1700912821\n|move|p1a: Tornadus|Tailwind|p1a: Tornadus\n|-sidestart|p1: SleepyZetsu|move: Tailwind\n|move|p1b: Moltres|Air Slash|p2b: Iron Valiant\n|-supereffective|p2b: Iron Valiant\n|-damage|p2b: Iron Valiant|0 fnt\n|faint|p2b: Iron Valiant\n|-end|p2b: Iron Valiant|Quark Drive|[silent]\n|move|p2a: Uxie|Calm Mind|p2a: Uxie\n|-boost|p2a: Uxie|spa|1\n|-boost|p2a: Uxie|spd|1\n|\n|upkeep\n|turn|6\n|\n|t:|1700912835\n|move|p1b: Moltres|Air Slash|p2a: Uxie\n|-damage|p2a: Uxie|75\/100\n|cant|p1a: Tornadus|par\n|move|p2a: Uxie|Calm Mind|p2a: Uxie\n|-boost|p2a: Uxie|spa|1\n|-boost|p2a: Uxie|spd|1\n|\n|-heal|p2a: Uxie|81\/100|[from] item: Leftovers\n|upkeep\n|turn|7\n|\n|t:|1700912851\n|switch|p1b: Typhlosion|Typhlosion-Hisui, L50, M|100\/100\n|-item|p2a: Uxie|Leftovers|[from] ability: Frisk|[of] p1b: Typhlosion|[identify]\n|switch|p1a: Chi-Yu|Chi-Yu, L50|100\/100\n|-ability|p1a: Chi-Yu|Beads of Ruin\n|move|p2a: Uxie|Calm Mind|p2a: Uxie\n|-boost|p2a: Uxie|spa|1\n|-boost|p2a: Uxie|spd|1\n|\n|-heal|p2a: Uxie|87\/100|[from] item: Leftovers\n|upkeep\n|turn|8\n|inactive|SleepyZetsu has 30 seconds left.\n|\n|t:|1700912880\n|move|p1a: Chi-Yu|Nasty Plot|p1a: Chi-Yu\n|-boost|p1a: Chi-Yu|spa|2\n|move|p1b: Typhlosion|Eruption|p2a: Uxie\n|-damage|p2a: Uxie|47\/100\n|move|p2a: Uxie|Mystical Power|p1b: Typhlosion\n|-damage|p1b: Typhlosion|0 fnt\n|-boost|p2a: Uxie|spa|1\n|faint|p1b: Typhlosion\n|\n|-heal|p2a: Uxie|53\/100|[from] item: Leftovers\n|-sideend|p1: SleepyZetsu|move: Tailwind\n|upkeep\n|\n|t:|1700912898\n|switch|p1b: Moltres|Moltres-Galar, L50, tera:Steel|100\/100 par\n|turn|9\n|\n|t:|1700912912\n|move|p1a: Chi-Yu|Heat Wave|p2a: Uxie\n|-damage|p2a: Uxie|4\/100\n|-damage|p1a: Chi-Yu|90\/100|[from] item: Life Orb\n|move|p2a: Uxie|Draining Kiss|p1a: Chi-Yu\n|-damage|p1a: Chi-Yu|14\/100\n|-heal|p2a: Uxie|47\/100|[from] drain|[of] p1a: Chi-Yu\n|move|p1b: Moltres|Fiery Wrath|p2a: Uxie\n|-resisted|p2a: Uxie\n|-damage|p2a: Uxie|40\/100\n|\n|-heal|p2a: Uxie|46\/100|[from] item: Leftovers\n|upkeep\n|turn|10\n|\n|t:|1700912928\n|move|p2a: Uxie|Protect|p2a: Uxie\n|-singleturn|p2a: Uxie|Protect\n|move|p1a: Chi-Yu|Heat Wave|p2a: Uxie\n|-activate|p2a: Uxie|move: Protect\n|move|p1b: Moltres|Air Slash|p2a: Uxie\n|-activate|p2a: Uxie|move: Protect\n|\n|-heal|p2a: Uxie|52\/100|[from] item: Leftovers\n|upkeep\n|turn|11\n|\n|t:|1700912939\n|move|p1a: Chi-Yu|Heat Wave|p2a: Uxie\n|-damage|p2a: Uxie|8\/100\n|-damage|p1a: Chi-Yu|4\/100|[from] item: Life Orb\n|move|p2a: Uxie|Draining Kiss|p1a: Chi-Yu\n|-damage|p1a: Chi-Yu|0 fnt\n|-heal|p2a: Uxie|10\/100|[from] drain|[of] p1a: Chi-Yu\n|faint|p1a: Chi-Yu\n|move|p1b: Moltres|Air Slash|p2a: Uxie|[miss]\n|-miss|p1b: Moltres|p2a: Uxie\n|\n|-heal|p2a: Uxie|16\/100|[from] item: Leftovers\n|upkeep\n|\n|t:|1700912953\n|switch|p1a: Tornadus|Tornadus, L50, M|76\/100 par\n|turn|12\n|\n|t:|1700912961\n|move|p2a: Uxie|Protect|p2a: Uxie\n|-singleturn|p2a: Uxie|Protect\n|move|p1b: Moltres|Air Slash|p2a: Uxie\n|-activate|p2a: Uxie|move: Protect\n|move|p1a: Tornadus|Bleakwind Storm|p2a: Uxie\n|-activate|p2a: Uxie|move: Protect\n|\n|-heal|p2a: Uxie|22\/100|[from] item: Leftovers\n|upkeep\n|turn|13\n|\n|t:|1700912972\n|move|p2a: Uxie|Draining Kiss|p1a: Tornadus\n|-damage|p1a: Tornadus|30\/100 par\n|-heal|p2a: Uxie|58\/100|[from] drain|[of] p1a: Tornadus\n|move|p1b: Moltres|Air Slash|p2a: Uxie\n|-damage|p2a: Uxie|49\/100\n|move|p1a: Tornadus|Bleakwind Storm|p2a: Uxie\n|-damage|p2a: Uxie|39\/100\n|-unboost|p2a: Uxie|spe|1\n|\n|-heal|p2a: Uxie|45\/100|[from] item: Leftovers\n|upkeep\n|turn|14\n|\n|t:|1700912987\n|move|p1a: Tornadus|Tailwind|p1a: Tornadus\n|-sidestart|p1: SleepyZetsu|move: Tailwind\n|move|p1b: Moltres|Nasty Plot|p1b: Moltres\n|-boost|p1b: Moltres|spa|2\n|move|p2a: Uxie|Draining Kiss|p1a: Tornadus\n|-damage|p1a: Tornadus|0 fnt\n|-heal|p2a: Uxie|68\/100|[from] drain|[of] p1a: Tornadus\n|faint|p1a: Tornadus\n|\n|-heal|p2a: Uxie|74\/100|[from] item: Leftovers\n|upkeep\n|turn|15\n|\n|t:|1700913001\n|cant|p1b: Moltres|par\n|move|p2a: Uxie|Mystical Power|p1b: Moltres|[miss]\n|-miss|p2a: Uxie|p1b: Moltres\n|\n|-heal|p2a: Uxie|81\/100|[from] item: Leftovers\n|upkeep\n|turn|16\n|\n|t:|1700913009\n|move|p1b: Moltres|Nasty Plot|p1b: Moltres\n|-boost|p1b: Moltres|spa|2\n|move|p2a: Uxie|Mystical Power|p1b: Moltres\n|-resisted|p1b: Moltres\n|-damage|p1b: Moltres|67\/100 par\n|-boost|p2a: Uxie|spa|1\n|\n|-heal|p2a: Uxie|87\/100|[from] item: Leftovers\n|upkeep\n|turn|17\n|\n|t:|1700913020\n|move|p1b: Moltres|Nasty Plot|p1b: Moltres\n|-boost|p1b: Moltres|spa|2\n|move|p2a: Uxie|Mystical Power|p1b: Moltres\n|-resisted|p1b: Moltres\n|-damage|p1b: Moltres|31\/100 par\n|-enditem|p1b: Moltres|Sitrus Berry|[eat]\n|-heal|p1b: Moltres|56\/100 par|[from] item: Sitrus Berry\n|\n|-heal|p2a: Uxie|93\/100|[from] item: Leftovers\n|-sideend|p1: SleepyZetsu|move: Tailwind\n|upkeep\n|turn|18\n|\n|t:|1700913031\n|cant|p1b: Moltres|par\n|move|p2a: Uxie|Mystical Power|p1b: Moltres\n|-resisted|p1b: Moltres\n|-damage|p1b: Moltres|15\/100 par\n|\n|-heal|p2a: Uxie|99\/100|[from] item: Leftovers\n|upkeep\n|turn|19\n|\n|t:|1700913041\n|move|p1b: Moltres|Air Slash|p2a: Uxie\n|-damage|p2a: Uxie|62\/100\n|move|p2a: Uxie|Mystical Power|p1b: Moltres\n|-resisted|p1b: Moltres\n|-damage|p1b: Moltres|0 fnt\n|faint|p1b: Moltres\n|\n|win|Y4kle\n|raw|SleepyZetsu's rating: 1318 &rarr; <strong>1302<\/strong><br \/>(-16 for losing)\n|raw|Y4kle's rating: 1387 &rarr; <strong>1403<\/strong><br \/>(+16 for winning)\n","uploadtime":1700913048,"views":11,"p1id":"sleepyzetsu","p2id":"y4kle","formatid":"gen9vgc2023regulatione","rating":1302,"private":0,"password":""}