{"id":"gen9vgc2023regulatione-1992471756","p1":"Yin_LITE","p2":"ArcturusXIII","format":"[Gen 9] VGC 2023 Regulation E","log":"|j|\u2606Yin_LITE\n|j|\u2606ArcturusXIII\n|t:|1700191715\n|gametype|doubles\n|player|p1|Yin_LITE|169|1137\n|player|p2|ArcturusXIII|101|1023\n|teamsize|p1|6\n|teamsize|p2|6\n|gen|9\n|tier|[Gen 9] VGC 2023 Regulation E\n|rated|\n|rule|Species Clause: Limit one of each Pok\u00e9mon\n|rule|Item Clause: Limit one of each item\n|clearpoke\n|poke|p1|Rillaboom, L50, F|\n|poke|p1|Dragonite, L50, F|\n|poke|p1|Chien-Pao, L50|\n|poke|p1|Sneasler, L50, M|\n|poke|p1|Urshifu-*, L50, M|\n|poke|p1|Clefairy, L50, F|\n|poke|p2|Espathra, L50, F|\n|poke|p2|Bellibolt, L50, M|\n|poke|p2|Glimmora, L50, F|\n|poke|p2|Barraskewda, L50, F|\n|poke|p2|Rillaboom, L50, F|\n|poke|p2|Politoed, L50, M|\n|teampreview|4\n|inactive|Battle timer is ON: inactive players will automatically lose when time's up. (requested by Yin_LITE)\nArcturusXIII rejected open team sheets.\n|inactive|Yin_LITE has 60 seconds left.\n|\n|t:|1700191775\n|start\n|switch|p1a: Urshifu|Urshifu-Rapid-Strike, L50, M|100\/100\n|switch|p1b: Chien-Pao|Chien-Pao, L50|100\/100\n|switch|p2a: Glimmora|Glimmora, L50, F|100\/100\n|switch|p2b: Espathra|Espathra, L50, F|100\/100\n|-ability|p1b: Chien-Pao|Sword of Ruin\n|turn|1\n|inactive|Yin_LITE has 30 seconds left.\n|inactive|ArcturusXIII has 30 seconds left.\n|inactive|ArcturusXIII has 20 seconds left.\n|\n|t:|1700191812\n|-terastallize|p1a: Urshifu|Fire\n|move|p1b: Chien-Pao|Throat Chop|p2b: Espathra\n|-supereffective|p2b: Espathra\n|-enditem|p2b: Espathra|Focus Sash\n|-damage|p2b: Espathra|1\/100\n|-start|p2b: Espathra|Throat Chop|[silent]\n|move|p2b: Espathra|Lumina Crash|p1a: Urshifu\n|-damage|p1a: Urshifu|71\/100\n|-unboost|p1a: Urshifu|spd|2\n|move|p2a: Glimmora|Sludge Bomb|p1a: Urshifu\n|-damage|p1a: Urshifu|0 fnt\n|faint|p1a: Urshifu\n|\n|upkeep\n|\n|t:|1700191832\n|switch|p1a: Dragonite|Dragonite, L50, F|100\/100\n|turn|2\n|\n|t:|1700191856\n|move|p2b: Espathra|Ally Switch|p2b: Espathra\n|swap|p2b: Espathra|0|[from] move: Ally Switch\n|move|p1b: Chien-Pao|Psychic Fangs|p2b: Glimmora\n|-supereffective|p2b: Glimmora\n|-damage|p2b: Glimmora|0 fnt\n|-activate|p2b: Glimmora|ability: Toxic Debris\n|-sidestart|p1: Yin_LITE|move: Toxic Spikes\n|faint|p2b: Glimmora\n|move|p1a: Dragonite|Iron Head|p2a: Espathra\n|-damage|p2a: Espathra|0 fnt\n|faint|p2a: Espathra\n|\n|upkeep\n|\n|t:|1700191866\n|switch|p2a: Politoed|Politoed, L50, M|100\/100\n|switch|p2b: Barraskewda|Barraskewda, L50, F|100\/100\n|-weather|RainDance|[from] ability: Drizzle|[of] p2a: Politoed\n|turn|3\n|inactive|ArcturusXIII has 30 seconds left.\n|\n|t:|1700191896\n|switch|p1a: Rillaboom|Rillaboom, L50, F|100\/100\n|-status|p1a: Rillaboom|psn\n|-fieldstart|move: Grassy Terrain|[from] ability: Grassy Surge|[of] p1a: Rillaboom\n|-terastallize|p2b: Barraskewda|Fighting\n|move|p1b: Chien-Pao|Protect|p1b: Chien-Pao\n|-singleturn|p1b: Chien-Pao|Protect\n|move|p2b: Barraskewda|Close Combat|p1b: Chien-Pao\n|-activate|p1b: Chien-Pao|move: Protect\n|move|p2a: Politoed|Icy Wind|p1b: Chien-Pao|[spread] p1a\n|-activate|p1b: Chien-Pao|move: Protect\n|-supereffective|p1a: Rillaboom\n|-damage|p1a: Rillaboom|79\/100 psn\n|-unboost|p1a: Rillaboom|spe|1\n|\n|-weather|RainDance|[upkeep]\n|-heal|p1a: Rillaboom|85\/100 psn|[from] Grassy Terrain\n|-damage|p1a: Rillaboom|73\/100 psn|[from] psn\n|upkeep\n|turn|4\n|inactive|Yin_LITE has 30 seconds left.\n|\n|t:|1700191923\n|move|p1a: Rillaboom|Fake Out|p2b: Barraskewda\n|-damage|p2b: Barraskewda|46\/100\n|-damage|p1a: Rillaboom|63\/100 psn|[from] item: Life Orb\n|cant|p2b: Barraskewda|flinch\n|move|p1b: Chien-Pao|Psychic Fangs|p2b: Barraskewda\n|-supereffective|p2b: Barraskewda\n|-damage|p2b: Barraskewda|0 fnt\n|faint|p2b: Barraskewda\n|move|p2a: Politoed|Icy Wind|p1b: Chien-Pao|[spread] p1a,p1b\n|-supereffective|p1a: Rillaboom\n|-resisted|p1b: Chien-Pao\n|-damage|p1a: Rillaboom|43\/100 psn\n|-damage|p1b: Chien-Pao|93\/100\n|-unboost|p1a: Rillaboom|spe|1\n|-unboost|p1b: Chien-Pao|spe|1\n|\n|-weather|RainDance|[upkeep]\n|-heal|p1b: Chien-Pao|99\/100|[from] Grassy Terrain\n|-heal|p1a: Rillaboom|49\/100 psn|[from] Grassy Terrain\n|-damage|p1a: Rillaboom|37\/100 psn|[from] psn\n|upkeep\n|turn|5\n|-message|ArcturusXIII forfeited.\n|\n|win|Yin_LITE\n|raw|Yin_LITE's rating: 1137 &rarr; <strong>1154<\/strong><br \/>(+17 for winning)\n|raw|ArcturusXIII's rating: 1023 &rarr; <strong>1014<\/strong><br \/>(-9 for losing)\n|l|\u2606ArcturusXIII\n","uploadtime":1700191961,"views":13,"p1id":"yinlite","p2id":"arcturusxiii","formatid":"gen9vgc2023regulatione","rating":1014,"private":0,"password":""}