{"id":"gen9vgc2023regulatione-1999236951","p1":"DarkMcL0vin","p2":"Drelowe23","format":"[Gen 9] VGC 2023 Regulation E","log":"|j|\u2606DarkMcL0vin\n|j|\u2606Drelowe23\n|t:|1701049119\n|gametype|doubles\n|player|p1|DarkMcL0vin|milo|1041\n|player|p2|Drelowe23|2|1030\n|teamsize|p1|6\n|teamsize|p2|6\n|gen|9\n|tier|[Gen 9] VGC 2023 Regulation E\n|rated|\n|rule|Species Clause: Limit one of each Pok\u00e9mon\n|rule|Item Clause: Limit one of each item\n|clearpoke\n|poke|p1|Iron Hands, L50|\n|poke|p1|Landorus-Therian, L50, M|\n|poke|p1|Kleavor, L50, M|\n|poke|p1|Espathra, L50, M|\n|poke|p1|Chandelure, L50, F|\n|poke|p1|Amoonguss, L50, F|\n|poke|p2|Kommo-o, L50, M|\n|poke|p2|Amoonguss, L50, M|\n|poke|p2|Cinderace, L50, F|\n|poke|p2|Tinkaton, L50, F|\n|poke|p2|Ogerpon-Wellspring, L50, F|\n|poke|p2|Sinistcha, L50|\n|teampreview|4\n|inactive|Battle timer is ON: inactive players will automatically lose when time's up. (requested by DarkMcL0vin)\n|inactive|Drelowe23 has 60 seconds left.\n|inactive|Drelowe23 has 30 seconds left.\n|inactive|Drelowe23 has 20 seconds left.\n|\n|t:|1701049190\n|start\n|switch|p1a: Espathra|Espathra, L50, M|100\/100\n|switch|p1b: Amoonguss|Amoonguss, L50, F|100\/100\n|switch|p2a: Kommo-o|Kommo-o, L50, M|100\/100\n|switch|p2b: Amoonguss|Amoonguss, L50, M|100\/100\n|turn|1\n|\n|t:|1701049211\n|-terastallize|p2a: Kommo-o|Steel\n|move|p1a: Espathra|Lumina Crash|p2a: Kommo-o\n|-resisted|p2a: Kommo-o\n|-damage|p2a: Kommo-o|82\/100\n|-unboost|p2a: Kommo-o|spd|2\n|move|p2a: Kommo-o|Clangorous Soul|p2a: Kommo-o\n|-boost|p2a: Kommo-o|atk|1\n|-boost|p2a: Kommo-o|def|1\n|-boost|p2a: Kommo-o|spa|1\n|-boost|p2a: Kommo-o|spd|1\n|-boost|p2a: Kommo-o|spe|1\n|-damage|p2a: Kommo-o|49\/100\n|-enditem|p2a: Kommo-o|Sitrus Berry|[eat]\n|-heal|p2a: Kommo-o|74\/100|[from] item: Sitrus Berry\n|move|p2b: Amoonguss|Spore|p1a: Espathra\n|-status|p1a: Espathra|slp|[from] move: Spore\n|move|p1b: Amoonguss|Spore|p2a: Kommo-o\n|-immune|p2a: Kommo-o|[from] ability: Overcoat\n|\n|-ability|p1a: Espathra|Speed Boost|boost\n|-boost|p1a: Espathra|spe|1\n|upkeep\n|turn|2\n|inactive|DarkMcL0vin has 30 seconds left.\n|inactive|Drelowe23 has 30 seconds left.\n|inactive|DarkMcL0vin has 20 seconds left.\n|inactive|Drelowe23 has 20 seconds left.\n|inactive|DarkMcL0vin has 15 seconds left.\n|\n|t:|1701049255\n|switch|p1a: Landorus|Landorus-Therian, L50, M|100\/100\n|-ability|p1a: Landorus|Intimidate|boost\n|-unboost|p2a: Kommo-o|atk|1\n|-unboost|p2b: Amoonguss|atk|1\n|switch|p2b: Sinistcha|Sinistcha, L50|100\/100\n|-heal|p2a: Kommo-o|99\/100|[from] ability: Hospitality|[of] p2b: Sinistcha\n|move|p1b: Amoonguss|Rage Powder|p1b: Amoonguss\n|-singleturn|p1b: Amoonguss|move: Rage Powder\n|move|p2a: Kommo-o|Clangorous Soul|p2a: Kommo-o\n|-boost|p2a: Kommo-o|atk|1\n|-boost|p2a: Kommo-o|def|1\n|-boost|p2a: Kommo-o|spa|1\n|-boost|p2a: Kommo-o|spd|1\n|-boost|p2a: Kommo-o|spe|1\n|-damage|p2a: Kommo-o|66\/100\n|\n|upkeep\n|turn|3\n|inactive|Drelowe23 has 30 seconds left.\n|\n|t:|1701049288\n|move|p1b: Amoonguss|Rage Powder|p1b: Amoonguss\n|-singleturn|p1b: Amoonguss|move: Rage Powder\n|move|p1a: Landorus|Stomping Tantrum|p2a: Kommo-o\n|-supereffective|p2a: Kommo-o\n|-damage|p2a: Kommo-o|35\/100\n|move|p2a: Kommo-o|Clanging Scales|p1a: Landorus|[spread] p1a,p1b\n|-damage|p1a: Landorus|33\/100\n|-damage|p1b: Amoonguss|58\/100\n|-unboost|p2a: Kommo-o|def|1\n|move|p2b: Sinistcha|Strength Sap|p1a: Landorus\n|-unboost|p1a: Landorus|atk|1\n|\n|upkeep\n|turn|4\n|\n|t:|1701049312\n|switch|p2b: Amoonguss|Amoonguss, L50, M|100\/100\n|move|p1a: Landorus|Stomping Tantrum|p2a: Kommo-o\n|-supereffective|p2a: Kommo-o\n|-damage|p2a: Kommo-o|5\/100\n|move|p2a: Kommo-o|Drain Punch|p1a: Landorus\n|-resisted|p1a: Landorus\n|-damage|p1a: Landorus|1\/100\n|-heal|p2a: Kommo-o|20\/100|[from] drain|[of] p1a: Landorus\n|move|p1b: Amoonguss|Pollen Puff|p1a: Landorus\n|-heal|p1a: Landorus|51\/100\n|\n|upkeep\n|turn|5\n|\n|t:|1701049331\n|switch|p1b: Espathra|Espathra, L50, M|100\/100 slp\n|switch|p2b: Sinistcha|Sinistcha, L50|100\/100\n|-heal|p2a: Kommo-o|44\/100|[from] ability: Hospitality|[of] p2b: Sinistcha\n|move|p1a: Landorus|Stomping Tantrum|p2a: Kommo-o\n|-supereffective|p2a: Kommo-o\n|-damage|p2a: Kommo-o|11\/100\n|move|p2a: Kommo-o|Clangorous Soul||[still]\n|-fail|p2a: Kommo-o\n|\n|upkeep\n|turn|6\n|\n|t:|1701049347\n|switch|p2b: Amoonguss|Amoonguss, L50, M|100\/100\n|move|p2a: Kommo-o|Protect|p2a: Kommo-o\n|-singleturn|p2a: Kommo-o|Protect\n|cant|p1b: Espathra|slp\n|move|p1a: Landorus|Stomping Tantrum|p2a: Kommo-o\n|-activate|p2a: Kommo-o|move: Protect\n|\n|-ability|p1b: Espathra|Speed Boost|boost\n|-boost|p1b: Espathra|spe|1\n|upkeep\n|turn|7\n|\n|t:|1701049370\n|switch|p1a: Amoonguss|Amoonguss, L50, F|91\/100\n|switch|p2b: Sinistcha|Sinistcha, L50|100\/100\n|-heal|p2a: Kommo-o|36\/100|[from] ability: Hospitality|[of] p2b: Sinistcha\n|cant|p1b: Espathra|slp\n|move|p2a: Kommo-o|Drain Punch|p1b: Espathra\n|-resisted|p1b: Espathra\n|-damage|p1b: Espathra|60\/100 slp\n|-heal|p2a: Kommo-o|55\/100|[from] drain|[of] p1b: Espathra\n|\n|-ability|p1b: Espathra|Speed Boost|boost\n|-boost|p1b: Espathra|spe|1\n|upkeep\n|turn|8\n|\n|t:|1701049394\n|switch|p2b: Amoonguss|Amoonguss, L50, M|100\/100\n|switch|p1a: Kleavor|Kleavor, L50, M|100\/100\n|cant|p1b: Espathra|slp\n|move|p2a: Kommo-o|Clanging Scales|p1a: Kleavor|[spread] p1a,p1b\n|-damage|p1a: Kleavor|22\/100\n|-damage|p1b: Espathra|0 fnt\n|faint|p1b: Espathra\n|-unboost|p2a: Kommo-o|def|1\n|\n|upkeep\n|\n|t:|1701049404\n|switch|p1b: Amoonguss|Amoonguss, L50, F|100\/100\n|turn|9\n|\n|t:|1701049417\n|switch|p2b: Sinistcha|Sinistcha, L50|100\/100\n|-heal|p2a: Kommo-o|80\/100|[from] ability: Hospitality|[of] p2b: Sinistcha\n|move|p2a: Kommo-o|Drain Punch|p1a: Kleavor\n|-damage|p1a: Kleavor|0 fnt\n|-heal|p2a: Kommo-o|90\/100|[from] drain|[of] p1a: Kleavor\n|faint|p1a: Kleavor\n|move|p1b: Amoonguss|Pollen Puff|p1: Kleavor|[notarget]\n|-fail|p1b: Amoonguss\n|\n|upkeep\n|c|\u2606DarkMcL0vin|fuck all 5 turns of sleep fucked me\n|-message|DarkMcL0vin forfeited.\n|\n|win|Drelowe23\n|raw|DarkMcL0vin's rating: 1041 &rarr; <strong>1024<\/strong><br \/>(-17 for losing)\n|raw|Drelowe23's rating: 1030 &rarr; <strong>1067<\/strong><br \/>(+37 for winning)\n","uploadtime":1701049431,"views":1,"p1id":"darkmcl0vin","p2id":"drelowe23","formatid":"gen9vgc2023regulatione","rating":1024,"private":0,"password":""}