{"id":"gen9vgc2023regulatione-1998715956","p1":"tealpens4","p2":"ninetalesabuser","format":"[Gen 9] VGC 2023 Regulation E","log":"|j|\u2606tealpens4\n|j|\u2606ninetalesabuser\n|t:|1700976910\n|gametype|doubles\n|player|p1|tealpens4|169|1151\n|player|p2|ninetalesabuser|pokekid|1102\n|teamsize|p1|6\n|teamsize|p2|6\n|gen|9\n|tier|[Gen 9] VGC 2023 Regulation E\n|rated|\n|rule|Species Clause: Limit one of each Pok\u00e9mon\n|rule|Item Clause: Limit one of each item\n|clearpoke\n|poke|p1|Tornadus, L50, M|\n|poke|p1|Politoed, L50, M|\n|poke|p1|Rillaboom, L50, M|\n|poke|p1|Arcanine-Hisui, L50, F|\n|poke|p1|Chien-Pao, L50|\n|poke|p1|Urshifu-*, L50, F|\n|poke|p2|Baxcalibur, L50, M|\n|poke|p2|Ninetales-Alola, L50, F|\n|poke|p2|Heatran, L50, M|\n|poke|p2|Ogerpon-Wellspring, L50, F|\n|poke|p2|Landorus-Therian, L50, M|\n|poke|p2|Dipplin, L50, M|\n|teampreview|4\n|inactive|Battle timer is ON: inactive players will automatically lose when time's up. (requested by tealpens4)\n|\n|t:|1700976955\n|start\n|switch|p1a: Tornadus|Tornadus, L50, M|100\/100\n|switch|p1b: Urshifu|Urshifu-Rapid-Strike, L50, F|100\/100\n|switch|p2a: Baxcalibur|Baxcalibur, L50, M, shiny|100\/100\n|switch|p2b: Dipplin|Dipplin, L50, M|100\/100\n|-ability|p2b: Dipplin|Supersweet Syrup\n|-ability|p2b: Dipplin|Supersweet Syrup|boost\n|-unboost|p1a: Tornadus|evasion|1\n|-unboost|p1b: Urshifu|evasion|1\n|turn|1\n|inactive|tealpens4 has 30 seconds left.\n|inactive|tealpens4 has 20 seconds left.\n|\n|t:|1700976994\n|move|p1a: Tornadus|Protect|p1a: Tornadus\n|-singleturn|p1a: Tornadus|Protect\n|move|p2a: Baxcalibur|Ice Shard|p1a: Tornadus\n|-activate|p1a: Tornadus|move: Protect\n|move|p1b: Urshifu|Close Combat|p2a: Baxcalibur\n|-supereffective|p2a: Baxcalibur\n|-crit|p2a: Baxcalibur\n|-damage|p2a: Baxcalibur|0 fnt\n|-unboost|p1b: Urshifu|def|1\n|-unboost|p1b: Urshifu|spd|1\n|faint|p2a: Baxcalibur\n|move|p2b: Dipplin|Syrup Bomb|p1b: Urshifu\n|-supereffective|p1b: Urshifu\n|-crit|p1b: Urshifu\n|-damage|p1b: Urshifu|0 fnt\n|faint|p1b: Urshifu\n|\n|upkeep\n|c|\u2606tealpens4|..\n|inactive|tealpens4 has 30 seconds left.\n|\n|t:|1700977020\n|switch|p1b: Politoed|Politoed, L50, M|100\/100\n|switch|p2a: Heatran|Heatran, L50, M|100\/100\n|-weather|RainDance|[from] ability: Drizzle|[of] p1b: Politoed\n|turn|2\n|\n|t:|1700977035\n|-terastallize|p1a: Tornadus|Flying\n|move|p2a: Heatran|Protect|p2a: Heatran\n|-singleturn|p2a: Heatran|Protect\n|move|p1a: Tornadus|Bleakwind Storm|p2b: Dipplin|[spread] p2b\n|-activate|p2a: Heatran|move: Protect\n|-supereffective|p2b: Dipplin\n|-damage|p2b: Dipplin|13\/100\n|move|p1b: Politoed|Muddy Water|p2b: Dipplin|[spread] p2b\n|-activate|p2a: Heatran|move: Protect\n|-resisted|p2b: Dipplin\n|-damage|p2b: Dipplin|7\/100\n|move|p2b: Dipplin|Syrup Bomb|p1b: Politoed\n|-supereffective|p1b: Politoed\n|-damage|p1b: Politoed|63\/100\n|-start|p1b: Politoed|Syrup Bomb\n|\n|-weather|RainDance|[upkeep]\n|-unboost|p1b: Politoed|spe|1\n|upkeep\n|turn|3\n|inactive|tealpens4 has 30 seconds left.\n|inactive|ninetalesabuser has 30 seconds left.\n|\n|t:|1700977065\n|move|p2b: Dipplin|Protect|p2b: Dipplin\n|-singleturn|p2b: Dipplin|Protect\n|move|p1a: Tornadus|Bleakwind Storm|p2b: Dipplin|[spread] p2a\n|-activate|p2b: Dipplin|move: Protect\n|-resisted|p2a: Heatran\n|-damage|p2a: Heatran|75\/100\n|-unboost|p2a: Heatran|spe|1\n|move|p2a: Heatran|Earth Power|p1b: Politoed\n|-damage|p1b: Politoed|26\/100\n|-unboost|p1b: Politoed|spd|1\n|-enditem|p1b: Politoed|Sitrus Berry|[eat]\n|-heal|p1b: Politoed|51\/100|[from] item: Sitrus Berry\n|-damage|p2a: Heatran|66\/100|[from] item: Life Orb\n|move|p1b: Politoed|Muddy Water|p2a: Heatran|[spread] p2a\n|-activate|p2b: Dipplin|move: Protect\n|-supereffective|p2a: Heatran\n|-damage|p2a: Heatran|0 fnt\n|faint|p2a: Heatran\n|\n|-weather|RainDance|[upkeep]\n|-unboost|p1b: Politoed|spe|1\n|upkeep\n|c|\u2606tealpens4|the toed!\n|\n|t:|1700977085\n|switch|p2a: Landorus|Landorus-Therian, L50, M|100\/100\n|-ability|p2a: Landorus|Intimidate|boost\n|-unboost|p1a: Tornadus|atk|1\n|-unboost|p1b: Politoed|atk|1\n|turn|4\n|c|\u2606tealpens4|where is the answer?!\n|inactive|ninetalesabuser has 30 seconds left.\n|\n|t:|1700977115\n|-terastallize|p2a: Landorus|Flying\n|move|p1a: Tornadus|Tailwind|p1a: Tornadus\n|-sidestart|p1: tealpens4|move: Tailwind\n|move|p2a: Landorus|Tera Blast|p1b: Politoed|[anim] Tera Blast Flying\n|-damage|p1b: Politoed|0 fnt\n|faint|p1b: Politoed\n|move|p2b: Dipplin|Draco Meteor|p1a: Tornadus\n|-damage|p1a: Tornadus|49\/100\n|-unboost|p2b: Dipplin|spa|2\n|\n|-weather|RainDance|[upkeep]\n|upkeep\n|\n|t:|1700977126\n|switch|p1b: Chien-Pao|Chien-Pao, L50|100\/100\n|-ability|p1b: Chien-Pao|Sword of Ruin\n|turn|5\n|\n|t:|1700977138\n|move|p2b: Dipplin|Protect|p2b: Dipplin\n|-singleturn|p2b: Dipplin|Protect\n|move|p1b: Chien-Pao|Sucker Punch|p2a: Landorus\n|-damage|p2a: Landorus|47\/100\n|move|p1a: Tornadus|Bleakwind Storm|p2b: Dipplin|[spread] p2a\n|-activate|p2b: Dipplin|move: Protect\n|-damage|p2a: Landorus|0 fnt\n|faint|p2a: Landorus\n|\n|-weather|RainDance|[upkeep]\n|upkeep\n|turn|6\n|c|\u2606tealpens4|too many protects\n|-message|ninetalesabuser forfeited.\n|\n|win|tealpens4\n|raw|tealpens4's rating: 1151 &rarr; <strong>1172<\/strong><br \/>(+21 for winning)\n|raw|ninetalesabuser's rating: 1102 &rarr; <strong>1081<\/strong><br \/>(-21 for losing)\n|l|\u2606ninetalesabuser\n","uploadtime":1700977157,"views":8,"p1id":"tealpens4","p2id":"ninetalesabuser","formatid":"gen9vgc2023regulatione","rating":1081,"private":0,"password":""}