{"id":"gen9vgc2023regulatione-1995631967","p1":"Dr0FPS","p2":"tomcheung22","format":"[Gen 9] VGC 2023 Regulation E","log":"|j|\u2606Dr0FPS\n|j|\u2606tomcheung22\n|n|\u2606Dr0FPS|dr0fps\n|n|\u2606tomcheung22|tomcheung22\n|html|View the match progress at <a href=\"\/game-bestof3-gen9vgc2023regulatione-1995629599\">game-bestof3-gen9vgc2023regulatione-1995629599<\/a>\n|t:|1700589178\n|gametype|doubles\n|player|p1|Dr0FPS|nate|\n|player|p2|tomcheung22|lady-gen4|\n|teamsize|p1|6\n|teamsize|p2|6\n|gen|9\n|tier|[Gen 9] VGC 2023 Regulation E\n|rated|Tournament battle\n|rule|Species Clause: Limit one of each Pok\u00e9mon\n|rule|Item Clause: Limit one of each item\n|clearpoke\n|poke|p1|Kommo-o, L50, F|\n|poke|p1|Tyranitar, L50, F|\n|poke|p1|Rillaboom, L50, M|\n|poke|p1|Flutter Mane, L50|\n|poke|p1|Arcanine-Hisui, L50, F|\n|poke|p1|Iron Bundle, L50|\n|poke|p2|Gliscor, L50, F|\n|poke|p2|Empoleon, L50, F|\n|poke|p2|Iron Moth, L50|\n|poke|p2|Flutter Mane, L50|\n|poke|p2|Thundurus, L50, M|\n|poke|p2|Ogerpon-Wellspring, L50, F|\n|teampreview|4\n|showteam|p1|Kommo-o||Leftovers|Bulletproof|BodyPress,IronDefense,IronHead,Protect|||F|||50|,,,,,Steel]Tyranitar||AssaultVest|SandStream|KnockOff,RockSlide,LowKick,TeraBlast|||F|||50|,,,,,Psychic]Rillaboom||MiracleSeed|GrassySurge|FakeOut,WoodHammer,GrassyGlide,Taunt|||M|||50|,,,,,Grass]Flutter Mane||ChoiceSpecs|Protosynthesis|DazzlingGleam,Moonblast,ShadowBall,TrickRoom||||||50|,,,,,Fairy]Arcanine-Hisui||SitrusBerry|Intimidate|FlareBlitz,RockSlide,Howl,WillOWisp|||F|||50|,,,,,Water]Iron Bundle||BoosterEnergy|QuarkDrive|FreezeDry,IcyWind,HydroPump,Protect||||||50|,,,,,Ghost\n|showteam|p2|Gliscor||ToxicOrb|PoisonHeal|DualWingbeat,HighHorsepower,SwordsDance,Protect|||F|||50|,,,,,Dragon]Empoleon||SitrusBerry|Competitive|WaterPledge,FlashCannon,IcyWind,Protect|||F|||50|,,,,,Fairy]Iron Moth||BoosterEnergy|QuarkDrive|Overheat,HeatWave,AcidSpray,Protect||||||50|,,,,,Fire]Flutter Mane||FairyFeather|Protosynthesis|DazzlingGleam,Moonblast,CalmMind,Protect||||||50|,,,,,Fairy]Thundurus||CovertCloak|Prankster|Thunderbolt,ScaryFace,Snarl,ElectricTerrain|||M|||50|,,,,,Dragon]Ogerpon-Wellspring||WellspringMask|WaterAbsorb|IvyCudgel,HornLeech,SwordsDance,SpikyShield|||F|||50|,,,,,Water\n|inactive|Battle timer is ON: inactive players will automatically lose when time's up. (requested by Dr0FPS)\n|\n|t:|1700589224\n|start\n|switch|p1a: Rillaboom|Rillaboom, L50, M|100\/100\n|switch|p1b: Flutter Mane|Flutter Mane, L50|100\/100\n|switch|p2a: Thundurus|Thundurus, L50, M|100\/100\n|switch|p2b: Flutter Mane|Flutter Mane, L50|100\/100\n|-fieldstart|move: Grassy Terrain|[from] ability: Grassy Surge|[of] p1a: Rillaboom\n|turn|1\n|inactive|Dr0FPS has 30 seconds left.\n|\n|t:|1700589252\n|-end|p1b: Flutter Mane|Protosynthesis|[silent]\n|switch|p1b: Arcanine|Arcanine-Hisui, L50, F|100\/100\n|-ability|p1b: Arcanine|Intimidate|boost\n|-unboost|p2a: Thundurus|atk|1\n|-unboost|p2b: Flutter Mane|atk|1\n|move|p2b: Flutter Mane|Protect|p2b: Flutter Mane\n|-singleturn|p2b: Flutter Mane|Protect\n|move|p2a: Thundurus|Snarl|p1b: Arcanine|[spread] p1a,p1b\n|-damage|p1a: Rillaboom|87\/100\n|-damage|p1b: Arcanine|88\/100\n|-unboost|p1a: Rillaboom|spa|1\n|-unboost|p1b: Arcanine|spa|1\n|move|p1a: Rillaboom|Wood Hammer|p2b: Flutter Mane\n|-activate|p2b: Flutter Mane|move: Protect\n|\n|-heal|p1b: Arcanine|94\/100|[from] Grassy Terrain\n|-heal|p1a: Rillaboom|93\/100|[from] Grassy Terrain\n|upkeep\n|turn|2\n|inactive|tomcheung22 has 30 seconds left.\n|\n|t:|1700589280\n|switch|p2a: Ogerpon|Ogerpon-Wellspring, L50, F|100\/100\n|move|p2b: Flutter Mane|Moonblast|p1a: Rillaboom\n|-damage|p1a: Rillaboom|21\/100\n|move|p1b: Arcanine|Rock Slide|p2a: Ogerpon|[spread] p2a,p2b\n|-crit|p2b: Flutter Mane\n|-damage|p2a: Ogerpon|75\/100\n|-damage|p2b: Flutter Mane|49\/100\n|move|p1a: Rillaboom|Wood Hammer|p2b: Flutter Mane\n|-damage|p2b: Flutter Mane|0 fnt\n|faint|p2b: Flutter Mane\n|-end|p2b: Flutter Mane|Protosynthesis|[silent]\n|-damage|p1a: Rillaboom|8\/100|[from] Recoil\n|\n|-heal|p2a: Ogerpon|82\/100|[from] Grassy Terrain\n|-heal|p1b: Arcanine|100\/100|[from] Grassy Terrain\n|-heal|p1a: Rillaboom|14\/100|[from] Grassy Terrain\n|upkeep\n|inactive|tomcheung22 has 30 seconds left.\n|\n|t:|1700589308\n|switch|p2b: Iron Moth|Iron Moth, L50|100\/100\n|-enditem|p2b: Iron Moth|Booster Energy\n|-activate|p2b: Iron Moth|ability: Quark Drive|[fromitem]\n|-start|p2b: Iron Moth|quarkdrivespe\n|turn|3\n|j| viper pit\n|j| gioz1994\n|l| gioz1994\n|\n|t:|1700589326\n|-terastallize|p1b: Arcanine|Water\n|move|p1a: Rillaboom|Grassy Glide|p2a: Ogerpon\n|-damage|p2a: Ogerpon|27\/100\n|move|p2b: Iron Moth|Heat Wave|p1a: Rillaboom|[spread] p1a,p1b\n|-supereffective|p1a: Rillaboom\n|-resisted|p1b: Arcanine\n|-damage|p1a: Rillaboom|0 fnt\n|-damage|p1b: Arcanine|83\/100\n|faint|p1a: Rillaboom\n|move|p2a: Ogerpon|Horn Leech|p1b: Arcanine\n|-supereffective|p1b: Arcanine\n|-damage|p1b: Arcanine|0 fnt\n|-heal|p2a: Ogerpon|73\/100|[from] drain|[of] p1b: Arcanine\n|faint|p1b: Arcanine\n|\n|-heal|p2a: Ogerpon|79\/100|[from] Grassy Terrain\n|upkeep\n|\n|t:|1700589339\n|switch|p1b: Flutter Mane|Flutter Mane, L50|100\/100\n|switch|p1a: Iron Bundle|Iron Bundle, L50|100\/100\n|-enditem|p1a: Iron Bundle|Booster Energy\n|-activate|p1a: Iron Bundle|ability: Quark Drive|[fromitem]\n|-start|p1a: Iron Bundle|quarkdrivespe\n|turn|4\n|\n|t:|1700589351\n|-terastallize|p2a: Ogerpon|Water\n|detailschange|p2a: Ogerpon|Ogerpon-Wellspring-Tera, L50, F, tera:Water\n|-ability|p2a: Ogerpon|Embody Aspect (Wellspring)|boost\n|-boost|p2a: Ogerpon|spd|1\n|move|p1a: Iron Bundle|Hydro Pump|p2b: Iron Moth\n|-supereffective|p2b: Iron Moth\n|-damage|p2b: Iron Moth|0 fnt\n|faint|p2b: Iron Moth\n|-end|p2b: Iron Moth|Quark Drive|[silent]\n|move|p1b: Flutter Mane|Dazzling Gleam|p2a: Ogerpon\n|-damage|p2a: Ogerpon|37\/100\n|move|p2a: Ogerpon|Horn Leech|p1a: Iron Bundle\n|-supereffective|p1a: Iron Bundle\n|-damage|p1a: Iron Bundle|0 fnt\n|-heal|p2a: Ogerpon|74\/100|[from] drain|[of] p1a: Iron Bundle\n|faint|p1a: Iron Bundle\n|-end|p1a: Iron Bundle|Quark Drive|[silent]\n|\n|-heal|p2a: Ogerpon|80\/100|[from] Grassy Terrain\n|upkeep\n|\n|t:|1700589366\n|switch|p2b: Thundurus|Thundurus, L50, M|100\/100\n|turn|5\n|\n|t:|1700589370\n|move|p2a: Ogerpon|Spiky Shield|p2a: Ogerpon\n|-singleturn|p2a: Ogerpon|move: Protect\n|move|p1b: Flutter Mane|Dazzling Gleam|p2a: Ogerpon|[spread] p2b\n|-activate|p2a: Ogerpon|move: Protect\n|-damage|p2b: Thundurus|61\/100\n|move|p2b: Thundurus|Snarl|p1b: Flutter Mane\n|-damage|p1b: Flutter Mane|85\/100\n|-unboost|p1b: Flutter Mane|spa|1\n|\n|-heal|p1b: Flutter Mane|91\/100|[from] Grassy Terrain\n|-heal|p2a: Ogerpon|86\/100|[from] Grassy Terrain\n|-fieldend|move: Grassy Terrain\n|upkeep\n|turn|6\n|-message|Dr0FPS forfeited.\n|\n|win|tomcheung22\n|l|\u2606Dr0FPS\n","uploadtime":1700589385,"views":0,"p1id":"dr0fps","p2id":"tomcheung22","formatid":"gen9vgc2023regulatione","rating":0,"private":0,"password":""}