{"id":"gen9vgc2023regulatione-1996172786","p1":"Zaypher","p2":"Abused24","format":"[Gen 9] VGC 2023 Regulation E","log":"|j|\u2606Zaypher\n|j|\u2606Abused24\n|n|\u2606Zaypher|zaypher\n|n|\u2606Abused24|abused24\n|html|View the match progress at <a href=\"\/game-bestof3-gen9vgc2023regulatione-1996172785\">game-bestof3-gen9vgc2023regulatione-1996172785<\/a>\n|t:|1700654829\n|gametype|doubles\n|player|p1|Zaypher|waiter-gen4|\n|player|p2|Abused24|dawn|\n|teamsize|p1|6\n|teamsize|p2|6\n|gen|9\n|tier|[Gen 9] VGC 2023 Regulation E\n|rule|Species Clause: Limit one of each Pok\u00e9mon\n|rule|Item Clause: Limit one of each item\n|clearpoke\n|poke|p1|Maushold-Four, L50|\n|poke|p1|Dusclops, L50, M|\n|poke|p1|Ursaluna-Bloodmoon, L50, M|\n|poke|p1|Decidueye, L50, F|\n|poke|p1|Urshifu-*, L50, M|\n|poke|p1|Inteleon, L50, M|\n|poke|p2|Kingambit, L50, F|\n|poke|p2|Ogerpon-Wellspring, L50, F|\n|poke|p2|Murkrow, L50, M|\n|poke|p2|Fezandipiti, L50, M|\n|poke|p2|Tauros-Paldea-Blaze, L50, M|\n|poke|p2|Thwackey, L50, F|\n|teampreview|4\n|c|\u2606Zaypher|gl hf :D\n|c|\u2606Zaypher|lemme grab the tera sheet rq\n|c|\u2606Abused24|https:\/\/pokepast.es\/3c595690b48ef75c\nAbused24 rejected open team sheets.\n|c|\u2606Zaypher|https:\/\/pokepast.es\/7f2f0d65b945a1d9\n|\n|t:|1700655036\n|start\n|switch|p1a: Clean|Inteleon, L50, M, shiny|100\/100\n|switch|p1b: Out Of The Woods|Decidueye, L50, F, shiny|100\/100\n|switch|p2a: Kingambit|Kingambit, L50, F|100\/100\n|switch|p2b: Ogerpon|Ogerpon-Wellspring, L50, F|100\/100\n|turn|1\n|j| JabsGR\n|\n|t:|1700655083\n|move|p2b: Ogerpon|Follow Me|p2b: Ogerpon\n|-singleturn|p2b: Ogerpon|move: Follow Me\n|move|p1a: Clean|Water Pledge|p2b: Ogerpon\n|-waiting|p1a: Clean|p1b: Out Of The Woods\n|move|p1b: Out Of The Woods|Grass Pledge|p2b: Ogerpon|[from]move: Water Pledge\n|-combine\n|-damage|p2b: Ogerpon|34\/100\n|-sidestart|p2: Abused24|Grass Pledge\n|move|p2a: Kingambit|Swords Dance|p2a: Kingambit\n|-boost|p2a: Kingambit|atk|2\n|\n|upkeep\n|turn|2\n|c| JabsGR|good luck to both\n|c| JabsGR|I got the funny zaypher\n|c|\u2606Zaypher|:)\n|\n|t:|1700655153\n|-terastallize|p1b: Out Of The Woods|Ground\n|move|p2b: Ogerpon|Follow Me|p2b: Ogerpon\n|-singleturn|p2b: Ogerpon|move: Follow Me\n|move|p1a: Clean|Air Slash|p2b: Ogerpon\n|-supereffective|p2b: Ogerpon\n|-damage|p2b: Ogerpon|0 fnt\n|faint|p2b: Ogerpon\n|move|p1b: Out Of The Woods|Tera Blast|p2a: Kingambit|[anim] Tera Blast Ground\n|-supereffective|p2a: Kingambit\n|-damage|p2a: Kingambit|31\/100\n|move|p2a: Kingambit|Kowtow Cleave|p1b: Out Of The Woods\n|-damage|p1b: Out Of The Woods|0 fnt\n|faint|p1b: Out Of The Woods\n|\n|upkeep\n|\n|t:|1700655166\n|switch|p2b: Thwackey|Thwackey, L50, F|100\/100\n|switch|p1b: I Wish You Would|Urshifu, L50, M|100\/100\n|-fieldstart|move: Grassy Terrain|[from] ability: Grassy Surge|[of] p2b: Thwackey\n|turn|3\n|\n|t:|1700655191\n|move|p1a: Clean|Protect|p1a: Clean\n|-singleturn|p1a: Clean|Protect\n|move|p2b: Thwackey|Fake Out|p1b: I Wish You Would\n|-damage|p1b: I Wish You Would|90\/100\n|move|p2a: Kingambit|Sucker Punch||[still]\n|-fail|p2a: Kingambit\n|cant|p1b: I Wish You Would|flinch\n|\n|-heal|p1b: I Wish You Would|96\/100|[from] Grassy Terrain\n|-heal|p2a: Kingambit|37\/100|[from] Grassy Terrain\n|upkeep\n|turn|4\n|\n|t:|1700655240\n|move|p2a: Kingambit|Sucker Punch|p1a: Clean\n|-enditem|p1a: Clean|Focus Sash\n|-damage|p1a: Clean|1\/100\n|move|p1a: Clean|Ice Beam|p2b: Thwackey\n|-supereffective|p2b: Thwackey\n|-damage|p2b: Thwackey|23\/100\n|move|p1b: I Wish You Would|Drain Punch|p2a: Kingambit\n|-supereffective|p2a: Kingambit\n|-damage|p2a: Kingambit|0 fnt\n|-heal|p1b: I Wish You Would|100\/100|[from] drain|[of] p2a: Kingambit\n|faint|p2a: Kingambit\n|move|p2b: Thwackey|Wood Hammer|p1b: I Wish You Would\n|-damage|p1b: I Wish You Would|24\/100\n|-damage|p2b: Thwackey|0 fnt|[from] Recoil\n|faint|p2b: Thwackey\n|\n|-heal|p1a: Clean|7\/100|[from] Grassy Terrain\n|-heal|p1b: I Wish You Would|30\/100|[from] Grassy Terrain\n|-sideend|p2: Abused24|Grass Pledge\n|upkeep\n|c|\u2606Abused24|lol\n|\n|t:|1700655268\n|switch|p2a: Tauros|Tauros-Paldea-Blaze, L50, M|100\/100\n|-ability|p2a: Tauros|Intimidate|boost\n|-unboost|p1a: Clean|atk|1\n|-fail|p1b: I Wish You Would|unboost|[from] item: Clear Amulet|[of] p1b: I Wish You Would\n|turn|5\n|\n|t:|1700655299\n|-terastallize|p2a: Tauros|Fairy\n|move|p1a: Clean|Water Pledge|p2a: Tauros\n|-damage|p2a: Tauros|12\/100\n|move|p2a: Tauros|Rock Slide|p1a: Clean|[spread] p1a,p1b\n|-resisted|p1b: I Wish You Would\n|-damage|p1a: Clean|0 fnt\n|-damage|p1b: I Wish You Would|18\/100\n|faint|p1a: Clean\n|move|p1b: I Wish You Would|Drain Punch|p2a: Tauros\n|-resisted|p2a: Tauros\n|-damage|p2a: Tauros|0 fnt\n|-heal|p1b: I Wish You Would|23\/100|[from] drain|[of] p2a: Tauros\n|faint|p2a: Tauros\n|\n|win|Zaypher\n|inactive|Zaypher has 50 seconds to confirm battle start!\n|inactive|Abused24 has 50 seconds to confirm battle start!\n|c|\u2606Zaypher|gg\n|c|\u2606Abused24|gg\n|c|&|\/uhtml prompt-abused24,Abused24 is ready for game 2!\n|c|&|\/uhtml prompt-abused24,Abused24 is ready for game 2!\n|inactive|Zaypher has 40 seconds to confirm battle start!\n|c|&|\/uhtml prompt-abused24,Abused24 is ready for game 2!\n|c|\u2606Zaypher|oh why is the im ready button up there lmao\n|c|&|\/uhtml prompt-abused24,Abused24 is ready for game 2!\n|inactive|Zaypher has 30 seconds to confirm battle start!\n|c|&|\/uhtml prompt-abused24,Abused24 is ready for game 2!\n|c|&|\/uhtml prompt-zaypher,Zaypher is ready for game 2!\nBoth players are ready! Starting next match!\n","uploadtime":1700656030,"views":2,"p1id":"zaypher","p2id":"abused24","formatid":"gen9vgc2023regulatione","rating":0,"private":0,"password":""}