{"id":"gen9vgc2023regulatione-1998936392","p1":"xingshen","p2":"MrMcNukington","format":"[Gen 9] VGC 2023 Regulation E","log":"|j|\u2606xingshen\n|j|\u2606MrMcNukington\n|t:|1701015162\n|gametype|doubles\n|player|p1|xingshen|1|1241\n|player|p2|MrMcNukington|will|1259\n|teamsize|p1|6\n|teamsize|p2|6\n|gen|9\n|tier|[Gen 9] VGC 2023 Regulation E\n|rated|\n|rule|Species Clause: Limit one of each Pok\u00e9mon\n|rule|Item Clause: Limit one of each item\n|clearpoke\n|poke|p1|Indeedee-F, L50, F|\n|poke|p1|Ting-Lu, L50|\n|poke|p1|Sinistcha-Masterpiece, L50|\n|poke|p1|Gallade, L50, M|\n|poke|p1|Avalugg-Hisui, L50, M|\n|poke|p1|Ursaluna-Bloodmoon, L50, M|\n|poke|p2|Chien-Pao, L50|\n|poke|p2|Dragonite, L50, F|\n|poke|p2|Heatran, L50, M|\n|poke|p2|Rillaboom, L50, M|\n|poke|p2|Urshifu-*, L50, F|\n|poke|p2|Farigiraf, L50, M|\n|teampreview|4\n|\n|t:|1701015223\n|start\n|switch|p1a: Indeedee|Indeedee-F, L50, F|100\/100\n|switch|p1b: Ting-Lu|Ting-Lu, L50|100\/100\n|switch|p2a: Chien-Pao|Chien-Pao, L50|100\/100\n|switch|p2b: Urshifu|Urshifu-Rapid-Strike, L50, F|100\/100\n|-ability|p2a: Chien-Pao|Sword of Ruin\n|-fieldstart|move: Psychic Terrain|[from] ability: Psychic Surge|[of] p1a: Indeedee\n|-ability|p1b: Ting-Lu|Vessel of Ruin\n|turn|1\n|\n|t:|1701015259\n|move|p2b: Urshifu|Surging Strikes|p1a: Indeedee\n|-crit|p1a: Indeedee\n|-damage|p1a: Indeedee|73\/100\n|-damage|p2b: Urshifu|84\/100|[from] item: Rocky Helmet|[of] p1a: Indeedee\n|-crit|p1a: Indeedee\n|-damage|p1a: Indeedee|46\/100\n|-damage|p2b: Urshifu|68\/100|[from] item: Rocky Helmet|[of] p1a: Indeedee\n|-crit|p1a: Indeedee\n|-damage|p1a: Indeedee|19\/100\n|-damage|p2b: Urshifu|52\/100|[from] item: Rocky Helmet|[of] p1a: Indeedee\n|-hitcount|p1a: Indeedee|3\n|move|p2a: Chien-Pao|Icicle Crash|p1b: Ting-Lu\n|-supereffective|p1b: Ting-Lu\n|-damage|p1b: Ting-Lu|33\/100\n|cant|p1b: Ting-Lu|flinch\n|move|p1a: Indeedee|Trick Room|p1a: Indeedee\n|-fieldstart|move: Trick Room|[of] p1a: Indeedee\n|\n|upkeep\n|turn|2\n|\n|t:|1701015285\n|move|p1a: Indeedee|Follow Me|p1a: Indeedee\n|-singleturn|p1a: Indeedee|move: Follow Me\n|move|p1b: Ting-Lu|Heavy Slam|p2a: Chien-Pao\n|-supereffective|p2a: Chien-Pao\n|-damage|p2a: Chien-Pao|2\/100\n|move|p2a: Chien-Pao|Icicle Crash|p1a: Indeedee\n|-damage|p1a: Indeedee|0 fnt\n|faint|p1a: Indeedee\n|move|p2b: Urshifu|Surging Strikes|p1b: Ting-Lu\n|-supereffective|p1b: Ting-Lu\n|-crit|p1b: Ting-Lu\n|-damage|p1b: Ting-Lu|6\/100\n|-supereffective|p1b: Ting-Lu\n|-crit|p1b: Ting-Lu\n|-damage|p1b: Ting-Lu|0 fnt\n|faint|p1b: Ting-Lu\n|-hitcount|p1: Ting-Lu|2\n|\n|upkeep\n|\n|t:|1701015304\n|switch|p1b: Avalugg|Avalugg-Hisui, L50, M|100\/100\n|switch|p1a: Gallade|Gallade, L50, M|100\/100\n|turn|3\n|\n|t:|1701015320\n|-terastallize|p1b: Avalugg|Grass\n|move|p2a: Chien-Pao|Sucker Punch|p1a: Gallade\n|-activate|p1a: Gallade|move: Psychic Terrain\n|move|p1b: Avalugg|Rock Slide|p2b: Urshifu|[spread] p2a,p2b\n|-supereffective|p2a: Chien-Pao\n|-resisted|p2b: Urshifu\n|-damage|p2a: Chien-Pao|0 fnt\n|-damage|p2b: Urshifu|31\/100\n|faint|p2a: Chien-Pao\n|move|p1a: Gallade|Leaf Blade|p2b: Urshifu\n|-supereffective|p2b: Urshifu\n|-crit|p2b: Urshifu\n|-damage|p2b: Urshifu|0 fnt\n|faint|p2b: Urshifu\n|\n|upkeep\n|\n|t:|1701015326\n|switch|p2b: Rillaboom|Rillaboom, L50, M|100\/100\n|switch|p2a: Dragonite|Dragonite, L50, F|100\/100\n|-fieldstart|move: Grassy Terrain|[from] ability: Grassy Surge|[of] p2b: Rillaboom\n|turn|4\n|c|\u2606MrMcNukington|i forgor\n|\n|t:|1701015350\n|-terastallize|p2a: Dragonite|Normal\n|move|p1a: Gallade|Protect|p1a: Gallade\n|-singleturn|p1a: Gallade|Protect\n|move|p2b: Rillaboom|Fake Out|p1a: Gallade\n|-activate|p1a: Gallade|move: Protect\n|move|p2a: Dragonite|Extreme Speed|p1b: Avalugg\n|-damage|p1b: Avalugg|66\/100\n|move|p1b: Avalugg|Ice Fang|p2b: Rillaboom\n|-supereffective|p2b: Rillaboom\n|-damage|p2b: Rillaboom|0 fnt\n|faint|p2b: Rillaboom\n|\n|-heal|p1b: Avalugg|72\/100|[from] Grassy Terrain\n|upkeep\n|turn|5\n|\n|t:|1701015374\n|move|p2a: Dragonite|Extreme Speed|p1a: Gallade\n|-damage|p1a: Gallade|8\/100\n|move|p1b: Avalugg|Mountain Gale|p2a: Dragonite\n|-damage|p2a: Dragonite|47\/100\n|move|p1a: Gallade|Sacred Sword|p2a: Dragonite\n|-supereffective|p2a: Dragonite\n|-damage|p2a: Dragonite|0 fnt\n|faint|p2a: Dragonite\n|\n|win|xingshen\n|raw|xingshen's rating: 1241 &rarr; <strong>1267<\/strong><br \/>(+26 for winning)\n|raw|MrMcNukington's rating: 1259 &rarr; <strong>1233<\/strong><br \/>(-26 for losing)\n|l|\u2606MrMcNukington\n","uploadtime":1701015388,"views":4,"p1id":"xingshen","p2id":"mrmcnukington","formatid":"gen9vgc2023regulatione","rating":1233,"private":0,"password":""}