{"id":"gen9vgc2023regulatione-1996509125","p1":"Pokenerd62","p2":"gundnub","format":"[Gen 9] VGC 2023 Regulation E","log":"|j|\u2606Pokenerd62\n|j|\u2606gundnub\n|t:|1700688962\n|gametype|doubles\n|player|p1|Pokenerd62|170|1441\n|player|p2|gundnub|169|1452\n|teamsize|p1|6\n|teamsize|p2|6\n|gen|9\n|tier|[Gen 9] VGC 2023 Regulation E\n|rated|\n|rule|Species Clause: Limit one of each Pok\u00e9mon\n|rule|Item Clause: Limit one of each item\n|clearpoke\n|poke|p1|Chi-Yu, L50|\n|poke|p1|Iron Hands, L50|\n|poke|p1|Flutter Mane, L50|\n|poke|p1|Ogerpon-Hearthflame, L50, F|\n|poke|p1|Tornadus, L50, M|\n|poke|p1|Dragonite, L50, F|\n|poke|p2|Ogerpon-Wellspring, L50, F|\n|poke|p2|Gholdengo, L50|\n|poke|p2|Landorus-Therian, L50, M|\n|poke|p2|Tornadus, L50, M|\n|poke|p2|Iron Hands, L50|\n|poke|p2|Chi-Yu, L50|\n|teampreview|4\n|\n|t:|1700689008\n|start\n|switch|p1a: Tornadus|Tornadus, L50, M|100\/100\n|switch|p1b: Dragonite|Dragonite, L50, F|100\/100\n|switch|p2a: Tornadus|Tornadus, L50, M|100\/100\n|switch|p2b: Landorus|Landorus-Therian, L50, M|100\/100\n|-ability|p2b: Landorus|Intimidate|boost\n|-unboost|p1a: Tornadus|atk|1\n|-fail|p1b: Dragonite|unboost|[from] item: Clear Amulet|[of] p1b: Dragonite\n|turn|1\n|\n|t:|1700689038\n|switch|p2a: Gholdengo|Gholdengo, L50|100\/100\n|-terastallize|p1b: Dragonite|Normal\n|move|p1a: Tornadus|Tailwind|p1a: Tornadus\n|-sidestart|p1: Pokenerd62|move: Tailwind\n|move|p2b: Landorus|Rock Slide|p1b: Dragonite|[spread] p1a,p1b\n|-supereffective|p1a: Tornadus\n|-damage|p1a: Tornadus|52\/100\n|-damage|p1b: Dragonite|90\/100\n|move|p1b: Dragonite|Ice Spinner|p2b: Landorus\n|-supereffective|p2b: Landorus\n|-damage|p2b: Landorus|0 fnt\n|faint|p2b: Landorus\n|\n|upkeep\n|\n|t:|1700689050\n|switch|p2b: Tornadus|Tornadus, L50, M|100\/100\n|turn|2\n|\n|t:|1700689059\n|move|p1a: Tornadus|Taunt|p2b: Tornadus\n|-start|p2b: Tornadus|move: Taunt\n|cant|p2b: Tornadus|move: Taunt|Tailwind\n|move|p1b: Dragonite|Ice Spinner|p2b: Tornadus\n|-supereffective|p2b: Tornadus\n|-damage|p2b: Tornadus|32\/100\n|move|p2a: Gholdengo|Nasty Plot|p2a: Gholdengo\n|-boost|p2a: Gholdengo|spa|2\n|\n|upkeep\n|turn|3\n|\n|t:|1700689073\n|switch|p2b: Ogerpon|Ogerpon-Wellspring, L50, F|100\/100\n|move|p1b: Dragonite|Extreme Speed|p2b: Ogerpon\n|-damage|p2b: Ogerpon|48\/100\n|move|p1a: Tornadus|Knock Off|p2a: Gholdengo\n|-supereffective|p2a: Gholdengo\n|-damage|p2a: Gholdengo|76\/100\n|-enditem|p2a: Gholdengo|Sitrus Berry|[from] move: Knock Off|[of] p1a: Tornadus\n|move|p2a: Gholdengo|Make It Rain|p1b: Dragonite|[spread] p1a,p1b\n|-damage|p1a: Tornadus|0 fnt\n|-damage|p1b: Dragonite|12\/100\n|-unboost|p2a: Gholdengo|spa|1\n|faint|p1a: Tornadus\n|\n|upkeep\n|\n|t:|1700689087\n|switch|p1a: Chi-Yu|Chi-Yu, L50|100\/100\n|-ability|p1a: Chi-Yu|Beads of Ruin\n|turn|4\n|\n|t:|1700689125\n|-terastallize|p2a: Gholdengo|Dragon\n|move|p1b: Dragonite|Protect|p1b: Dragonite\n|-singleturn|p1b: Dragonite|Protect\n|move|p2b: Ogerpon|Spiky Shield|p2b: Ogerpon\n|-singleturn|p2b: Ogerpon|move: Protect\n|move|p1a: Chi-Yu|Snarl|p2a: Gholdengo|[spread] p2a\n|-activate|p2b: Ogerpon|move: Protect\n|-damage|p2a: Gholdengo|45\/100\n|-unboost|p2a: Gholdengo|spa|1\n|-damage|p1a: Chi-Yu|91\/100|[from] item: Life Orb\n|move|p2a: Gholdengo|Make It Rain|p1a: Chi-Yu|[spread] p1a\n|-activate|p1b: Dragonite|move: Protect\n|-resisted|p1a: Chi-Yu\n|-damage|p1a: Chi-Yu|67\/100\n|-unboost|p2a: Gholdengo|spa|1\n|\n|-sideend|p1: Pokenerd62|move: Tailwind\n|upkeep\n|turn|5\n|\n|t:|1700689147\n|move|p2a: Gholdengo|Protect|p2a: Gholdengo\n|-singleturn|p2a: Gholdengo|Protect\n|move|p1b: Dragonite|Extreme Speed|p2b: Ogerpon\n|-damage|p2b: Ogerpon|0 fnt\n|faint|p2b: Ogerpon\n|move|p1a: Chi-Yu|Dark Pulse|p2a: Gholdengo\n|-activate|p2a: Gholdengo|move: Protect\n|\n|upkeep\n|\n|t:|1700689151\n|switch|p2b: Tornadus|Tornadus, L50, M|32\/100\n|turn|6\n|-message|gundnub forfeited.\n|\n|win|Pokenerd62\n|raw|Pokenerd62's rating: 1441 &rarr; <strong>1462<\/strong><br \/>(+21 for winning)\n|raw|gundnub's rating: 1452 &rarr; <strong>1431<\/strong><br \/>(-21 for losing)\n|l|\u2606gundnub\n","uploadtime":1700689172,"views":13,"p1id":"pokenerd62","p2id":"gundnub","formatid":"gen9vgc2023regulatione","rating":1431,"private":0,"password":""}