{"id":"gen9vgc2023regulatione-1993709749","p1":"BlindMagneton","p2":"horizonbattle","format":"[Gen 9] VGC 2023 Regulation E","log":"|j|\u2606BlindMagneton\n|j|\u2606horizonbattle\n|t:|1700348098\n|gametype|doubles\n|player|p1|BlindMagneton|wattson|1511\n|player|p2|horizonbattle|dawn-gen4pt|1542\n|teamsize|p1|6\n|teamsize|p2|6\n|gen|9\n|tier|[Gen 9] VGC 2023 Regulation E\n|rated|\n|rule|Species Clause: Limit one of each Pok\u00e9mon\n|rule|Item Clause: Limit one of each item\n|clearpoke\n|poke|p1|Mandibuzz, L50, F|\n|poke|p1|Ninetales-Alola, L50, M|\n|poke|p1|Iron Hands, L50|\n|poke|p1|Flamigo, L50, F|\n|poke|p1|Farigiraf, L50, M|\n|poke|p1|Mamoswine, L50, M|\n|poke|p2|Heatran, L50, F|\n|poke|p2|Landorus-Therian, L50, M|\n|poke|p2|Roaring Moon, L50|\n|poke|p2|Iron Hands, L50|\n|poke|p2|Amoonguss, L50, M|\n|poke|p2|Flutter Mane, L50|\n|teampreview|4\n|inactive|Battle timer is ON: inactive players will automatically lose when time's up. (requested by horizonbattle)\n|inactive|BlindMagneton has 60 seconds left.\n|inactive|BlindMagneton has 30 seconds left.\n|inactive|BlindMagneton has 20 seconds left.\n|inactive|BlindMagneton has 15 seconds left.\n|inactive|BlindMagneton has 10 seconds left.\n|inactive|BlindMagneton has 5 seconds left.\n|\n|t:|1700348186\n|start\n|switch|p1a: Ninetales|Ninetales-Alola, L50, M|100\/100\n|switch|p1b: Mandibuzz|Mandibuzz, L50, F|100\/100\n|switch|p2a: Iron Hands|Iron Hands, L50|100\/100\n|switch|p2b: Roaring Moon|Roaring Moon, L50|100\/100\n|-weather|Snow|[from] ability: Snow Warning|[of] p1a: Ninetales\n|-enditem|p2b: Roaring Moon|Booster Energy\n|-activate|p2b: Roaring Moon|ability: Protosynthesis|[fromitem]\n|-start|p2b: Roaring Moon|protosynthesisspe\n|turn|1\n|inactive|BlindMagneton has 30 seconds left.\n|inactive|horizonbattle has 30 seconds left.\n|inactive|BlindMagneton has 20 seconds left.\n|inactive|BlindMagneton has 15 seconds left.\n|inactive|horizonbattle has 20 seconds left.\n|inactive|BlindMagneton has 10 seconds left.\n|inactive|BlindMagneton has 5 seconds left.\n|\n|t:|1700348236\n|move|p1a: Ninetales|Protect|p1a: Ninetales\n|-singleturn|p1a: Ninetales|Protect\n|move|p1b: Mandibuzz|Protect|p1b: Mandibuzz\n|-singleturn|p1b: Mandibuzz|Protect\n|move|p2a: Iron Hands|Fake Out|p1a: Ninetales\n|-activate|p1a: Ninetales|move: Protect\n|move|p2b: Roaring Moon|Knock Off|p1b: Mandibuzz\n|-activate|p1b: Mandibuzz|move: Protect\n|\n|-weather|Snow|[upkeep]\n|upkeep\n|turn|2\n|inactive|BlindMagneton has 30 seconds left.\n|inactive|BlindMagneton has 20 seconds left.\n|inactive|horizonbattle has 30 seconds left.\n|inactive|BlindMagneton has 15 seconds left.\n|inactive|BlindMagneton has 10 seconds left.\n|\n|t:|1700348283\n|-terastallize|p1b: Mandibuzz|Ground\n|move|p2b: Roaring Moon|Protect|p2b: Roaring Moon\n|-singleturn|p2b: Roaring Moon|Protect\n|move|p1a: Ninetales|Aurora Veil|p1a: Ninetales\n|-sidestart|p1: BlindMagneton|move: Aurora Veil\n|move|p1b: Mandibuzz|Bone Rush|p2a: Iron Hands\n|-supereffective|p2a: Iron Hands\n|-damage|p2a: Iron Hands|87\/100\n|-supereffective|p2a: Iron Hands\n|-damage|p2a: Iron Hands|75\/100\n|-supereffective|p2a: Iron Hands\n|-damage|p2a: Iron Hands|63\/100\n|-supereffective|p2a: Iron Hands\n|-crit|p2a: Iron Hands\n|-damage|p2a: Iron Hands|43\/100\n|-hitcount|p2a: Iron Hands|4\n|move|p2a: Iron Hands|Heavy Slam|p1b: Mandibuzz\n|-damage|p1b: Mandibuzz|70\/100\n|-ability|p1b: Mandibuzz|Weak Armor|boost\n|-unboost|p1b: Mandibuzz|def|1\n|-boost|p1b: Mandibuzz|spe|2\n|\n|-weather|Snow|[upkeep]\n|upkeep\n|turn|3\n|j| OUCK fuckk\n|inactive|BlindMagneton has 30 seconds left.\n|inactive|horizonbattle has 30 seconds left.\n|inactive|horizonbattle has 20 seconds left.\n|\n|t:|1700348320\n|-terastallize|p2a: Iron Hands|Grass\n|move|p1b: Mandibuzz|Protect|p1b: Mandibuzz\n|-singleturn|p1b: Mandibuzz|Protect\n|move|p2b: Roaring Moon|Tailwind|p2b: Roaring Moon\n|-sidestart|p2: horizonbattle|move: Tailwind\n|move|p1a: Ninetales|Blizzard|p2a: Iron Hands|[spread] p2a,p2b\n|-supereffective|p2a: Iron Hands\n|-supereffective|p2b: Roaring Moon\n|-damage|p2a: Iron Hands|7\/100\n|-damage|p2b: Roaring Moon|42\/100\n|move|p2a: Iron Hands|Heavy Slam|p1b: Mandibuzz\n|-activate|p1b: Mandibuzz|move: Protect\n|\n|-weather|Snow|[upkeep]\n|upkeep\n|turn|4\n|inactive|BlindMagneton has 30 seconds left.\n|inactive|BlindMagneton has 20 seconds left.\n|inactive|horizonbattle has 30 seconds left.\n|inactive|BlindMagneton has 15 seconds left.\n|inactive|BlindMagneton has 10 seconds left.\n|\n|t:|1700348369\n|switch|p1b: Mamoswine|Mamoswine, L50, M|100\/100\n|move|p2b: Roaring Moon|Acrobatics|p1b: Mamoswine\n|-damage|p1b: Mamoswine|80\/100\n|move|p1a: Ninetales|Blizzard|p2b: Roaring Moon|[spread] p2a,p2b\n|-supereffective|p2a: Iron Hands\n|-supereffective|p2b: Roaring Moon\n|-damage|p2a: Iron Hands|0 fnt\n|-damage|p2b: Roaring Moon|0 fnt\n|faint|p2a: Iron Hands\n|-end|p2a: Iron Hands|Quark Drive|[silent]\n|faint|p2b: Roaring Moon\n|-end|p2b: Roaring Moon|Protosynthesis|[silent]\n|\n|-weather|Snow|[upkeep]\n|upkeep\n|\n|t:|1700348376\n|switch|p2b: Flutter Mane|Flutter Mane, L50|100\/100\n|switch|p2a: Heatran|Heatran, L50, F|100\/100\n|turn|5\n|\n|t:|1700348397\n|move|p1a: Ninetales|Protect|p1a: Ninetales\n|-singleturn|p1a: Ninetales|Protect\n|move|p2b: Flutter Mane|Moonblast|p1a: Ninetales\n|-activate|p1a: Ninetales|move: Protect\n|move|p2a: Heatran|Flash Cannon|p1b: Mamoswine\n|-supereffective|p1b: Mamoswine\n|-damage|p1b: Mamoswine|0 fnt\n|faint|p1b: Mamoswine\n|-damage|p2a: Heatran|91\/100|[from] item: Life Orb\n|\n|-weather|none\n|upkeep\n|\n|t:|1700348411\n|switch|p1b: Mandibuzz|Mandibuzz, L50, F, tera:Ground|70\/100\n|turn|6\n|inactive|BlindMagneton has 30 seconds left.\n|\n|t:|1700348439\n|move|p1a: Ninetales|Protect|p1a: Ninetales\n|-singleturn|p1a: Ninetales|Protect\n|move|p1b: Mandibuzz|Protect|p1b: Mandibuzz\n|-singleturn|p1b: Mandibuzz|Protect\n|move|p2b: Flutter Mane|Moonblast|p1b: Mandibuzz\n|-activate|p1b: Mandibuzz|move: Protect\n|move|p2a: Heatran|Flash Cannon|p1a: Ninetales\n|-activate|p1a: Ninetales|move: Protect\n|\n|-sideend|p2: horizonbattle|move: Tailwind\n|-sideend|p1: BlindMagneton|move: Aurora Veil\n|upkeep\n|turn|7\n|\n|t:|1700348461\n|move|p2a: Heatran|Protect|p2a: Heatran\n|-singleturn|p2a: Heatran|Protect\n|move|p1a: Ninetales|Ice Shard|p1b: Mandibuzz\n|-supereffective|p1b: Mandibuzz\n|-damage|p1b: Mandibuzz|54\/100\n|-ability|p1b: Mandibuzz|Weak Armor|boost\n|-unboost|p1b: Mandibuzz|def|1\n|-boost|p1b: Mandibuzz|spe|2\n|-enditem|p1b: Mandibuzz|Weakness Policy\n|-boost|p1b: Mandibuzz|atk|2|[from] item: Weakness Policy\n|-boost|p1b: Mandibuzz|spa|2|[from] item: Weakness Policy\n|move|p1b: Mandibuzz|Lash Out|p2b: Flutter Mane\n|-enditem|p2b: Flutter Mane|Focus Sash\n|-damage|p2b: Flutter Mane|1\/100\n|move|p2b: Flutter Mane|Moonblast|p1b: Mandibuzz\n|-damage|p1b: Mandibuzz|4\/100\n|\n|upkeep\n|turn|8\n|inactive|horizonbattle has 30 seconds left.\n|inactive|BlindMagneton has 30 seconds left.\n|inactive|BlindMagneton has 20 seconds left.\n|\n|t:|1700348503\n|move|p1a: Ninetales|Ice Shard|p2b: Flutter Mane\n|-damage|p2b: Flutter Mane|0 fnt\n|faint|p2b: Flutter Mane\n|-end|p2b: Flutter Mane|Protosynthesis|[silent]\n|move|p1b: Mandibuzz|Bone Rush|p2a: Heatran\n|-supereffective|p2a: Heatran\n|-crit|p2a: Heatran\n|-damage|p2a: Heatran|0 fnt\n|faint|p2a: Heatran\n|-hitcount|p2: Heatran|1\n|\n|win|BlindMagneton\n|raw|BlindMagneton's rating: 1511 &rarr; <strong>1533<\/strong><br \/>(+22 for winning)\n|raw|horizonbattle's rating: 1542 &rarr; <strong>1520<\/strong><br \/>(-22 for losing)\n","uploadtime":1700348520,"views":14,"p1id":"blindmagneton","p2id":"horizonbattle","formatid":"gen9vgc2023regulatione","rating":1520,"private":0,"password":""}