{"id":"gen9vgc2023regulatione-1992905668","p1":"J_Couz","p2":"TeraBlastNormal","format":"[Gen 9] VGC 2023 Regulation E","log":"|j|\u2606J_Couz\n|j|\u2606TeraBlastNormal\n|t:|1700245629\n|gametype|doubles\n|player|p1|J_Couz|pokemonbreeder-gen4|1222\n|player|p2|TeraBlastNormal|2|1273\n|teamsize|p1|6\n|teamsize|p2|6\n|gen|9\n|tier|[Gen 9] VGC 2023 Regulation E\n|rated|\n|rule|Species Clause: Limit one of each Pok\u00e9mon\n|rule|Item Clause: Limit one of each item\n|clearpoke\n|poke|p1|Iron Hands, L50|\n|poke|p1|Tornadus, L50, M|\n|poke|p1|Ogerpon-Hearthflame, L50, F|\n|poke|p1|Chien-Pao, L50|\n|poke|p1|Landorus-Therian, L50, M|\n|poke|p1|Flutter Mane, L50|\n|poke|p2|Dragonite, L50, M|\n|poke|p2|Chien-Pao, L50|\n|poke|p2|Urshifu-*, L50, M|\n|poke|p2|Kingambit, L50, M|\n|poke|p2|Ogerpon-Hearthflame, L50, F|\n|poke|p2|Amoonguss, L50, M|\n|teampreview|4\n|inactive|Battle timer is ON: inactive players will automatically lose when time's up. (requested by J_Couz)\n|inactive|J_Couz has 60 seconds left.\n|inactive|TeraBlastNormal has 60 seconds left.\n|\n|t:|1700245690\n|start\n|switch|p1a: Tornadus|Tornadus, L50, M|100\/100\n|switch|p1b: Ogerpon|Ogerpon-Hearthflame, L50, F|100\/100\n|switch|p2a: Ogerpon|Ogerpon-Hearthflame, L50, F|100\/100\n|switch|p2b: Kingambit|Kingambit, L50, M|100\/100\n|-ability|p1b: Ogerpon|Mold Breaker\n|-ability|p2a: Ogerpon|Mold Breaker\n|turn|1\n|inactive|TeraBlastNormal has 30 seconds left.\n|inactive|TeraBlastNormal has 20 seconds left.\n|inactive|TeraBlastNormal has 15 seconds left.\n|inactive|TeraBlastNormal has 10 seconds left.\n|inactive|TeraBlastNormal has 5 seconds left.\n|\n|t:|1700245744\n|-terastallize|p1b: Ogerpon|Fire\n|detailschange|p1b: Ogerpon|Ogerpon-Hearthflame-Tera, L50, F, tera:Fire\n|-ability|p1b: Ogerpon|Embody Aspect (Hearthflame)|boost\n|-boost|p1b: Ogerpon|atk|1\n|-terastallize|p2b: Kingambit|Poison\n|move|p1a: Tornadus|Tailwind|p1a: Tornadus\n|-sidestart|p1: J_Couz|move: Tailwind\n|move|p1b: Ogerpon|Ivy Cudgel|p2a: Ogerpon|[anim] Ivy Cudgel Fire\n|-damage|p2a: Ogerpon|0 fnt\n|faint|p2a: Ogerpon\n|move|p2b: Kingambit|Kowtow Cleave|p1b: Ogerpon\n|-damage|p1b: Ogerpon|20\/100\n|\n|upkeep\n|\n|t:|1700245762\n|switch|p2a: Dragonite|Dragonite, L50, M|100\/100\n|turn|2\n|\n|t:|1700245781\n|move|p1b: Ogerpon|Spiky Shield|p1b: Ogerpon\n|-singleturn|p1b: Ogerpon|move: Protect\n|move|p2a: Dragonite|Extreme Speed|p1b: Ogerpon\n|-activate|p1b: Ogerpon|move: Protect\n|-damage|p2a: Dragonite|88\/100|[from] Spiky Shield|[of] p1b: Ogerpon\n|move|p1a: Tornadus|Bleakwind Storm|p2b: Kingambit|[spread] p2a\n|-miss|p1a: Tornadus|p2b: Kingambit\n|-damage|p2a: Dragonite|67\/100\n|move|p2b: Kingambit|Swords Dance|p2b: Kingambit\n|-boost|p2b: Kingambit|atk|2\n|\n|upkeep\n|turn|3\n|\n|t:|1700245800\n|switch|p1b: Iron Hands|Iron Hands, L50|100\/100\n|move|p2a: Dragonite|Extreme Speed|p1b: Iron Hands\n|-damage|p1b: Iron Hands|81\/100\n|move|p2b: Kingambit|Sucker Punch|p1a: Tornadus\n|-damage|p1a: Tornadus|0 fnt\n|faint|p1a: Tornadus\n|\n|-heal|p1b: Iron Hands|87\/100|[from] item: Leftovers\n|upkeep\n|\n|t:|1700245811\n|switch|p1a: Landorus|Landorus-Therian, L50, M|100\/100\n|-ability|p1a: Landorus|Intimidate|boost\n|-fail|p2a: Dragonite|unboost|Attack|[from] ability: Inner Focus|[of] p2a: Dragonite\n|-unboost|p2b: Kingambit|atk|1\n|-ability|p2b: Kingambit|Defiant|boost\n|-boost|p2b: Kingambit|atk|2\n|turn|4\n|\n|t:|1700245826\n|move|p1b: Iron Hands|Fake Out|p2b: Kingambit\n|-damage|p2b: Kingambit|88\/100\n|cant|p2b: Kingambit|flinch\n|move|p1a: Landorus|Rock Slide|p2a: Dragonite|[spread] p2a,p2b\n|-supereffective|p2a: Dragonite\n|-damage|p2a: Dragonite|10\/100\n|-damage|p2b: Kingambit|65\/100\n|move|p2a: Dragonite|Stomping Tantrum|p1b: Iron Hands\n|-supereffective|p1b: Iron Hands\n|-damage|p1b: Iron Hands|45\/100\n|\n|-heal|p1b: Iron Hands|51\/100|[from] item: Leftovers\n|-sideend|p1: J_Couz|move: Tailwind\n|upkeep\n|turn|5\n|\n|t:|1700245850\n|move|p1b: Iron Hands|Protect|p1b: Iron Hands\n|-singleturn|p1b: Iron Hands|Protect\n|move|p2b: Kingambit|Sucker Punch|p1a: Landorus\n|-damage|p1a: Landorus|0 fnt\n|faint|p1a: Landorus\n|move|p2a: Dragonite|Stomping Tantrum|p1b: Iron Hands\n|-activate|p1b: Iron Hands|move: Protect\n|\n|-heal|p1b: Iron Hands|57\/100|[from] item: Leftovers\n|upkeep\n|\n|t:|1700245862\n|switch|p1a: Ogerpon|Ogerpon-Hearthflame-Tera, L50, F, tera:Fire|20\/100\n|-ability|p1a: Ogerpon|Embody Aspect (Hearthflame)|boost\n|-boost|p1a: Ogerpon|atk|1\n|turn|6\n|\n|t:|1700245881\n|move|p1a: Ogerpon|Spiky Shield|p1a: Ogerpon\n|-singleturn|p1a: Ogerpon|move: Protect\n|move|p2b: Kingambit|Sucker Punch||[still]\n|-fail|p2b: Kingambit\n|move|p2a: Dragonite|Stomping Tantrum|p1b: Iron Hands\n|-supereffective|p1b: Iron Hands\n|-damage|p1b: Iron Hands|20\/100\n|move|p1b: Iron Hands|Wild Charge|p2a: Dragonite\n|-damage|p2a: Dragonite|0 fnt\n|faint|p2a: Dragonite\n|-damage|p1b: Iron Hands|18\/100|[from] Recoil\n|\n|-heal|p1b: Iron Hands|24\/100|[from] item: Leftovers\n|upkeep\n|\n|t:|1700245896\n|switch|p2a: Urshifu|Urshifu-Rapid-Strike, L50, M|100\/100\n|turn|7\n|\n|t:|1700245911\n|move|p2b: Kingambit|Sucker Punch|p1b: Iron Hands\n|-resisted|p1b: Iron Hands\n|-damage|p1b: Iron Hands|0 fnt\n|faint|p1b: Iron Hands\n|-end|p1b: Iron Hands|Quark Drive|[silent]\n|move|p2a: Urshifu|Surging Strikes|p1a: Ogerpon\n|-supereffective|p1a: Ogerpon\n|-crit|p1a: Ogerpon\n|-damage|p1a: Ogerpon|0 fnt\n|faint|p1a: Ogerpon\n|-hitcount|p1: Ogerpon|1\n|\n|win|TeraBlastNormal\n|raw|J_Couz's rating: 1222 &rarr; <strong>1201<\/strong><br \/>(-21 for losing)\n|raw|TeraBlastNormal's rating: 1273 &rarr; <strong>1294<\/strong><br \/>(+21 for winning)\n|l|\u2606J_Couz\n","uploadtime":1700245947,"views":15,"p1id":"jcouz","p2id":"terablastnormal","formatid":"gen9vgc2023regulatione","rating":1201,"private":0,"password":""}