{"id":"gen9vgc2023regulatione-1990057063","p1":"Auscar","p2":"diegodm2694","format":"[Gen 9] VGC 2023 Regulation E","log":"|j|\u2606Auscar\n|j|\u2606diegodm2694\n|t:|1699919903\n|gametype|doubles\n|player|p1|Auscar|101|1449\n|player|p2|diegodm2694|266|1356\n|teamsize|p1|6\n|teamsize|p2|6\n|gen|9\n|tier|[Gen 9] VGC 2023 Regulation E\n|rated|\n|rule|Species Clause: Limit one of each Pok\u00e9mon\n|rule|Item Clause: Limit one of each item\n|clearpoke\n|poke|p1|Dipplin, L50, M|\n|poke|p1|Grimmsnarl, L50, M|\n|poke|p1|Gothitelle, L50, F|\n|poke|p1|Chien-Pao, L50|\n|poke|p1|Dragonite, L50, F|\n|poke|p1|Landorus-Therian, L50, M|\n|poke|p2|Clefairy, L50, F|\n|poke|p2|Roaring Moon, L50|\n|poke|p2|Flutter Mane, L50|\n|poke|p2|Heatran, L50, M|\n|poke|p2|Ogerpon-Hearthflame, L50, F|\n|poke|p2|Urshifu-*, L50, M|\n|teampreview|4\n|inactive|Battle timer is ON: inactive players will automatically lose when time's up. (requested by diegodm2694)\n|\n|t:|1699919942\n|start\n|switch|p1a: Gothitelle|Gothitelle, L50, F|100\/100\n|switch|p1b: Grimmsnarl|Grimmsnarl, L50, M|100\/100\n|switch|p2a: Roaring Moon|Roaring Moon, L50|100\/100\n|switch|p2b: Clefairy|Clefairy, L50, F|100\/100\n|-enditem|p2a: Roaring Moon|Booster Energy\n|-activate|p2a: Roaring Moon|ability: Protosynthesis|[fromitem]\n|-start|p2a: Roaring Moon|protosynthesisspe\n|turn|1\n|inactive|Auscar has 30 seconds left.\n|inactive|Auscar has 20 seconds left.\n|inactive|Auscar has 15 seconds left.\n|\n|t:|1699919984\n|move|p1a: Gothitelle|Protect|p1a: Gothitelle\n|-singleturn|p1a: Gothitelle|Protect\n|move|p1b: Grimmsnarl|Reflect|p1b: Grimmsnarl\n|-sidestart|p1: Auscar|Reflect\n|move|p2a: Roaring Moon|Knock Off|p1a: Gothitelle\n|-activate|p1a: Gothitelle|move: Protect\n|move|p2b: Clefairy|Encore|p1b: Grimmsnarl\n|-start|p1b: Grimmsnarl|Encore\n|\n|upkeep\n|turn|2\n|\n|t:|1699920008\n|switch|p1b: Dipplin|Dipplin, L50, M, shiny|100\/100\n|-terastallize|p1a: Gothitelle|Dragon\n|move|p2b: Clefairy|Helping Hand|p2a: Roaring Moon\n|-singleturn|p2a: Roaring Moon|Helping Hand|[of] p2b: Clefairy\n|move|p2a: Roaring Moon|Knock Off|p1a: Gothitelle\n|-damage|p1a: Gothitelle|57\/100\n|-enditem|p1a: Gothitelle|Sitrus Berry|[from] move: Knock Off|[of] p2a: Roaring Moon\n|move|p1a: Gothitelle|Hypnosis|p2b: Clefairy\n|-status|p2b: Clefairy|slp|[from] move: Hypnosis\n|\n|upkeep\n|turn|3\n|\n|t:|1699920028\n|-terastallize|p2a: Roaring Moon|Flying\n|move|p1a: Gothitelle|Protect|p1a: Gothitelle\n|-singleturn|p1a: Gothitelle|Protect\n|cant|p2b: Clefairy|slp\n|move|p2a: Roaring Moon|Acrobatics|p1a: Gothitelle\n|-activate|p1a: Gothitelle|move: Protect\n|move|p1b: Dipplin|Sweet Scent|p2b: Clefairy|[spread] p2a,p2b\n|-unboost|p2a: Roaring Moon|evasion|2\n|-unboost|p2b: Clefairy|evasion|2\n|\n|upkeep\n|turn|4\n|inactive|Auscar has 30 seconds left.\n|\n|t:|1699920053\n|switch|p1a: Grimmsnarl|Grimmsnarl, L50, M|100\/100\n|cant|p2b: Clefairy|slp\n|move|p2a: Roaring Moon|Acrobatics|p1a: Grimmsnarl\n|-damage|p1a: Grimmsnarl|55\/100\n|move|p1b: Dipplin|Syrup Bomb|p2a: Roaring Moon\n|-resisted|p2a: Roaring Moon\n|-damage|p2a: Roaring Moon|93\/100\n|-start|p2a: Roaring Moon|Syrup Bomb\n|\n|-unboost|p2a: Roaring Moon|spe|1\n|upkeep\n|turn|5\n|\n|t:|1699920072\n|switch|p2b: Flutter Mane|Flutter Mane, L50|100\/100\n|move|p1a: Grimmsnarl|Parting Shot|p2a: Roaring Moon\n|-unboost|p2a: Roaring Moon|atk|1\n|-unboost|p2a: Roaring Moon|spa|1\n|\n|t:|1699920079\n|switch|p1a: Gothitelle|Gothitelle, L50, F, tera:Dragon|57\/100|[from] Parting Shot\n|move|p2a: Roaring Moon|Knock Off|p1a: Gothitelle\n|-damage|p1a: Gothitelle|44\/100\n|move|p1b: Dipplin|Pollen Puff|p1a: Gothitelle\n|-heal|p1a: Gothitelle|94\/100\n|\n|-unboost|p2a: Roaring Moon|spe|1\n|upkeep\n|turn|6\n|inactive|Auscar has 30 seconds left.\n|\n|t:|1699920110\n|move|p1a: Gothitelle|Protect|p1a: Gothitelle\n|-singleturn|p1a: Gothitelle|Protect\n|move|p2b: Flutter Mane|Dazzling Gleam|p1a: Gothitelle|[spread] p1b\n|-activate|p1a: Gothitelle|move: Protect\n|-supereffective|p1b: Dipplin\n|-damage|p1b: Dipplin|49\/100\n|move|p2a: Roaring Moon|Knock Off|p1b: Dipplin\n|-damage|p1b: Dipplin|36\/100\n|-activate|p1b: Dipplin|ability: Sticky Hold\n|move|p1b: Dipplin|Syrup Bomb|p2b: Flutter Mane\n|-damage|p2b: Flutter Mane|80\/100\n|-start|p2b: Flutter Mane|Syrup Bomb\n|\n|-unboost|p2b: Flutter Mane|spe|1\n|-unboost|p2a: Roaring Moon|spe|1\n|upkeep\n|turn|7\n|inactive|Auscar has 30 seconds left.\n|\n|t:|1699920139\n|switch|p1b: Grimmsnarl|Grimmsnarl, L50, M|55\/100\n|move|p2b: Flutter Mane|Dazzling Gleam|p1b: Grimmsnarl|[spread] p1a,p1b\n|-supereffective|p1a: Gothitelle\n|-supereffective|p1b: Grimmsnarl\n|-damage|p1a: Gothitelle|8\/100\n|-damage|p1b: Grimmsnarl|0 fnt\n|faint|p1b: Grimmsnarl\n|move|p2a: Roaring Moon|Acrobatics|p1a: Gothitelle\n|-damage|p1a: Gothitelle|0 fnt\n|faint|p1a: Gothitelle\n|\n|-unboost|p2b: Flutter Mane|spe|1\n|-end|p2a: Roaring Moon|Syrup Bomb|[silent]\n|upkeep\n|\n|t:|1699920156\n|switch|p1b: Dipplin|Dipplin, L50, M, shiny|36\/100\n|switch|p1a: Landorus|Landorus-Therian, L50, M|100\/100\n|-ability|p1a: Landorus|Intimidate|boost\n|-unboost|p2a: Roaring Moon|atk|1\n|-unboost|p2b: Flutter Mane|atk|1\n|turn|8\n|\n|t:|1699920179\n|-end|p2b: Flutter Mane|Protosynthesis|[silent]\n|switch|p2b: Clefairy|Clefairy, L50, F|100\/100 slp\n|move|p1a: Landorus|Swords Dance|p1a: Landorus\n|-boost|p1a: Landorus|atk|2\n|move|p2a: Roaring Moon|Tailwind|p2a: Roaring Moon\n|-sidestart|p2: diegodm2694|move: Tailwind\n|move|p1b: Dipplin|Pollen Puff|p1a: Landorus\n|-immune|p1a: Landorus\n|\n|-sideend|p1: Auscar|Reflect\n|upkeep\n|turn|9\n|\n|t:|1699920202\n|-curestatus|p2b: Clefairy|slp|[msg]\n|move|p2b: Clefairy|Helping Hand|p2a: Roaring Moon\n|-singleturn|p2a: Roaring Moon|Helping Hand|[of] p2b: Clefairy\n|move|p2a: Roaring Moon|Knock Off|p1a: Landorus\n|-damage|p1a: Landorus|62\/100\n|-enditem|p1a: Landorus|Clear Amulet|[from] move: Knock Off|[of] p2a: Roaring Moon\n|move|p1a: Landorus|Rock Slide|p2a: Roaring Moon|[spread] p2a,p2b\n|-supereffective|p2a: Roaring Moon\n|-damage|p2a: Roaring Moon|16\/100\n|-damage|p2b: Clefairy|65\/100\n|move|p1b: Dipplin|Recover|p1b: Dipplin\n|-heal|p1b: Dipplin|86\/100\n|\n|upkeep\n|turn|10\n|\n|t:|1699920224\n|move|p2b: Clefairy|Helping Hand|p2a: Roaring Moon\n|-singleturn|p2a: Roaring Moon|Helping Hand|[of] p2b: Clefairy\n|move|p2a: Roaring Moon|Acrobatics|p1b: Dipplin\n|-supereffective|p1b: Dipplin\n|-damage|p1b: Dipplin|35\/100\n|move|p1a: Landorus|Rock Slide|p2a: Roaring Moon|[spread] p2a,p2b\n|-supereffective|p2a: Roaring Moon\n|-damage|p2a: Roaring Moon|0 fnt\n|-damage|p2b: Clefairy|32\/100\n|faint|p2a: Roaring Moon\n|-end|p2a: Roaring Moon|Protosynthesis|[silent]\n|move|p1b: Dipplin|Pollen Puff|p1a: Landorus\n|-heal|p1a: Landorus|100\/100\n|\n|upkeep\n|\n|t:|1699920238\n|switch|p2a: Flutter Mane|Flutter Mane, L50|80\/100\n|turn|11\n|\n|t:|1699920249\n|move|p2b: Clefairy|Helping Hand|p2a: Flutter Mane\n|-singleturn|p2a: Flutter Mane|Helping Hand|[of] p2b: Clefairy\n|move|p2a: Flutter Mane|Moonblast|p1a: Landorus\n|-damage|p1a: Landorus|0 fnt\n|faint|p1a: Landorus\n|move|p1b: Dipplin|Recover|p1b: Dipplin\n|-heal|p1b: Dipplin|85\/100\n|\n|-sideend|p2: diegodm2694|move: Tailwind\n|upkeep\n|turn|12\n|\n|t:|1699920266\n|move|p2b: Clefairy|Helping Hand|p2a: Flutter Mane\n|-singleturn|p2a: Flutter Mane|Helping Hand|[of] p2b: Clefairy\n|move|p2a: Flutter Mane|Moonblast|p1b: Dipplin\n|-supereffective|p1b: Dipplin\n|-damage|p1b: Dipplin|0 fnt\n|faint|p1b: Dipplin\n|\n|win|diegodm2694\n|raw|Auscar's rating: 1449 &rarr; <strong>1424<\/strong><br \/>(-25 for losing)\n|raw|diegodm2694's rating: 1356 &rarr; <strong>1381<\/strong><br \/>(+25 for winning)\n|l|\u2606Auscar\n","uploadtime":1699920315,"views":16,"p1id":"auscar","p2id":"diegodm2694","formatid":"gen9vgc2023regulatione","rating":1381,"private":0,"password":""}