{"id":"gen9vgc2023regulatione-1992108813","p1":"Cjj22","p2":"BAN SHEDNINJA OK","format":"[Gen 9] VGC 2023 Regulation E","log":"|j|\u2606Cjj22\n|j|\u2606BAN SHEDNINJA OK\n|t:|1700155813\n|gametype|doubles\n|player|p1|Cjj22|n|1138\n|player|p2|BAN SHEDNINJA OK|flannery|1086\n|teamsize|p1|6\n|teamsize|p2|6\n|gen|9\n|tier|[Gen 9] VGC 2023 Regulation E\n|rated|\n|rule|Species Clause: Limit one of each Pok\u00e9mon\n|rule|Item Clause: Limit one of each item\n|clearpoke\n|poke|p1|Articuno, L50|\n|poke|p1|Chien-Pao, L50|\n|poke|p1|Dragonite, L50, M|\n|poke|p1|Amoonguss, L50, F|\n|poke|p1|Flutter Mane, L50|\n|poke|p1|Arcanine-Hisui, L50, M|\n|poke|p2|Urshifu-*, L50, F|\n|poke|p2|Regieleki, L50|\n|poke|p2|Sneasler, L50, M|\n|poke|p2|Arcanine-Hisui, L50, M|\n|poke|p2|Rillaboom, L50, M|\n|poke|p2|Flutter Mane, L50|\n|teampreview|4\n|inactive|Battle timer is ON: inactive players will automatically lose when time's up. (requested by BAN SHEDNINJA OK)\nBAN SHEDNINJA OK has agreed to open team sheets.\n|c|\u2606BAN SHEDNINJA OK|Glhf\n|inactive|Cjj22 has 60 seconds left.\n|\n|t:|1700155849\n|start\n|switch|p1a: Amoonguss|Amoonguss, L50, F|100\/100\n|switch|p1b: Chien-Pao|Chien-Pao, L50|100\/100\n|switch|p2a: Sneasler|Sneasler, L50, M, shiny|100\/100\n|switch|p2b: Rillaboom|Rillaboom, L50, M|100\/100\n|-ability|p1b: Chien-Pao|Sword of Ruin\n|-fieldstart|move: Grassy Terrain|[from] ability: Grassy Surge|[of] p2b: Rillaboom\n|-enditem|p2a: Sneasler|Grassy Seed\n|-boost|p2a: Sneasler|def|1|[from] item: Grassy Seed\n|turn|1\n|c|\u2606Cjj22|glhf\n|\n|t:|1700155872\n|-terastallize|p1b: Chien-Pao|Ghost\n|move|p1a: Amoonguss|Protect|p1a: Amoonguss\n|-singleturn|p1a: Amoonguss|Protect\n|move|p2b: Rillaboom|Fake Out|p1a: Amoonguss\n|-activate|p1a: Amoonguss|move: Protect\n|move|p2a: Sneasler|Close Combat|p1b: Chien-Pao\n|-immune|p1b: Chien-Pao\n|move|p1b: Chien-Pao|Ice Spinner|p2b: Rillaboom\n|-supereffective|p2b: Rillaboom\n|-damage|p2b: Rillaboom|0 fnt\n|-fieldend|move: Grassy Terrain\n|faint|p2b: Rillaboom\n|\n|upkeep\n|\n|t:|1700155886\n|switch|p2b: Regieleki|Regieleki, L50, shiny|100\/100\n|turn|2\n|inactive|Cjj22 has 30 seconds left.\n|inactive|Cjj22 has 20 seconds left.\n|\n|t:|1700155921\n|switch|p1a: Arcanine|Arcanine-Hisui, L50, M, shiny|100\/100\n|-ability|p1a: Arcanine|Intimidate|boost\n|-unboost|p2a: Sneasler|atk|1\n|-unboost|p2b: Regieleki|atk|1\n|-terastallize|p2b: Regieleki|Ice\n|move|p2a: Sneasler|Swords Dance|p2a: Sneasler\n|-boost|p2a: Sneasler|atk|2\n|move|p1b: Chien-Pao|Ice Spinner|p2a: Sneasler\n|-damage|p2a: Sneasler|42\/100\n|move|p2b: Regieleki|Tera Blast|p1a: Arcanine|[anim] Tera Blast Ice\n|-resisted|p1a: Arcanine\n|-damage|p1a: Arcanine|77\/100\n|\n|upkeep\n|turn|3\n|c|\u2606BAN SHEDNINJA OK|Could there be a more doomed turn 1 for me\n|inactive|Cjj22 has 30 seconds left.\n|inactive|BAN SHEDNINJA OK has 30 seconds left.\n|inactive|Cjj22 has 20 seconds left.\n|inactive|BAN SHEDNINJA OK has 20 seconds left.\n|\n|t:|1700155959\n|move|p1a: Arcanine|Extreme Speed|p2a: Sneasler\n|-damage|p2a: Sneasler|0 fnt\n|faint|p2a: Sneasler\n|move|p1b: Chien-Pao|Ice Spinner|p2b: Regieleki\n|-resisted|p2b: Regieleki\n|-damage|p2b: Regieleki|53\/100\n|move|p2b: Regieleki|Thunderbolt|p1b: Chien-Pao\n|-damage|p1b: Chien-Pao|4\/100\n|\n|upkeep\n|\n|t:|1700155962\n|switch|p2a: Urshifu|Urshifu-Rapid-Strike, L50, F|100\/100\n|turn|4\n|\n|t:|1700155974\n|move|p1a: Arcanine|Extreme Speed|p2a: Urshifu\n|-damage|p2a: Urshifu|48\/100\n|move|p1b: Chien-Pao|Ice Spinner|p2a: Urshifu\n|-resisted|p2a: Urshifu\n|-damage|p2a: Urshifu|22\/100\n|move|p2a: Urshifu|Surging Strikes|p1b: Chien-Pao\n|-crit|p1b: Chien-Pao\n|-damage|p1b: Chien-Pao|0 fnt\n|faint|p1b: Chien-Pao\n|-hitcount|p1: Chien-Pao|1\n|move|p2b: Regieleki|Thunderbolt|p1a: Arcanine\n|-damage|p1a: Arcanine|8\/100\n|\n|upkeep\n|inactive|Cjj22 has 30 seconds left.\n|\n|t:|1700156001\n|switch|p1b: Dragonite|Dragonite, L50, M|100\/100\n|turn|5\n|\n|t:|1700156007\n|move|p1a: Arcanine|Extreme Speed|p2a: Urshifu\n|-damage|p2a: Urshifu|0 fnt\n|faint|p2a: Urshifu\n|move|p1b: Dragonite|Extreme Speed|p2b: Regieleki\n|-damage|p2b: Regieleki|0 fnt\n|faint|p2b: Regieleki\n|\n|win|Cjj22\n|raw|Cjj22's rating: 1138 &rarr; <strong>1159<\/strong><br \/>(+21 for winning)\n|raw|BAN SHEDNINJA OK's rating: 1086 &rarr; <strong>1067<\/strong><br \/>(-19 for losing)\n|l|\u2606BAN SHEDNINJA OK\n","uploadtime":1700156016,"views":14,"p1id":"cjj22","p2id":"banshedninjaok","formatid":"gen9vgc2023regulatione","rating":1067,"private":0,"password":""}