{"id":"gen9vgc2023regulatione-1990513864","p1":"Bertorium7","p2":"Duckablo","format":"[Gen 9] VGC 2023 Regulation E","log":"|j|\u2606Bertorium7\n|j|\u2606Duckablo\n|t:|1699977689\n|gametype|doubles\n|player|p1|Bertorium7|265|1174\n|player|p2|Duckablo|crasherwake|1080\n|teamsize|p1|6\n|teamsize|p2|6\n|gen|9\n|tier|[Gen 9] VGC 2023 Regulation E\n|rated|\n|rule|Species Clause: Limit one of each Pok\u00e9mon\n|rule|Item Clause: Limit one of each item\n|clearpoke\n|poke|p1|Okidogi, L50, M|\n|poke|p1|Maushold, L50|\n|poke|p1|Rillaboom, L50, M|\n|poke|p1|Chien-Pao, L50|\n|poke|p1|Landorus-Therian, L50, M|\n|poke|p1|Ogerpon-Hearthflame, L50, F|\n|poke|p2|Gholdengo, L50|\n|poke|p2|Iron Hands, L50|\n|poke|p2|Amoonguss, L50, F|\n|poke|p2|Iron Bundle, L50|\n|poke|p2|Pelipper, L50, F|\n|poke|p2|Salamence, L50, F|\n|teampreview|4\nDuckablo rejected open team sheets.\n|inactive|Battle timer is ON: inactive players will automatically lose when time's up. (requested by Bertorium7)\n|\n|t:|1699977716\n|start\n|switch|p1a: Rillaboom|Rillaboom, L50, M|100\/100\n|switch|p1b: Okidogi|Okidogi, L50, M|100\/100\n|switch|p2a: Iron Bundle|Iron Bundle, L50|100\/100\n|switch|p2b: Salamence|Salamence, L50, F|100\/100\n|-ability|p2b: Salamence|Intimidate|boost\n|-unboost|p1a: Rillaboom|atk|1\n|-ability|p1b: Okidogi|Guard Dog|boost\n|-boost|p1b: Okidogi|atk|1\n|-enditem|p1b: Okidogi|Adrenaline Orb\n|-boost|p1b: Okidogi|spe|1|[from] item: Adrenaline Orb\n|-fieldstart|move: Grassy Terrain|[from] ability: Grassy Surge|[of] p1a: Rillaboom\n|-enditem|p2a: Iron Bundle|Booster Energy\n|-activate|p2a: Iron Bundle|ability: Quark Drive|[fromitem]\n|-start|p2a: Iron Bundle|quarkdrivespe\n|turn|1\n|inactive|Duckablo has 30 seconds left.\n|\n|t:|1699977747\n|-terastallize|p2a: Iron Bundle|Ghost\n|move|p1a: Rillaboom|Fake Out|p2a: Iron Bundle\n|-immune|p2a: Iron Bundle\n|move|p2a: Iron Bundle|Icy Wind|p1b: Okidogi|[spread] p1a,p1b\n|-supereffective|p1a: Rillaboom\n|-damage|p1a: Rillaboom|76\/100\n|-damage|p1b: Okidogi|82\/100\n|-unboost|p1a: Rillaboom|spe|1\n|-unboost|p1b: Okidogi|spe|1\n|move|p2b: Salamence|Tailwind|p2b: Salamence\n|-sidestart|p2: Duckablo|move: Tailwind\n|move|p1b: Okidogi|Poison Jab|p2b: Salamence\n|-damage|p2b: Salamence|20\/100\n|\n|-heal|p1b: Okidogi|88\/100|[from] Grassy Terrain\n|-heal|p1a: Rillaboom|82\/100|[from] Grassy Terrain\n|upkeep\n|turn|2\n|inactive|Duckablo has 30 seconds left.\n|\n|t:|1699977776\n|switch|p2b: Pelipper|Pelipper, L50, F|100\/100\n|-weather|RainDance|[from] ability: Drizzle|[of] p2b: Pelipper\n|move|p1a: Rillaboom|Grassy Glide|p2b: Pelipper\n|-damage|p2b: Pelipper|73\/100\n|move|p2a: Iron Bundle|Freeze-Dry|p1b: Okidogi\n|-damage|p1b: Okidogi|58\/100\n|move|p1b: Okidogi|Poison Jab|p2a: Iron Bundle\n|-resisted|p2a: Iron Bundle\n|-damage|p2a: Iron Bundle|72\/100\n|\n|-weather|RainDance|[upkeep]\n|-heal|p2a: Iron Bundle|78\/100|[from] Grassy Terrain\n|-heal|p1b: Okidogi|65\/100|[from] Grassy Terrain\n|-heal|p1a: Rillaboom|88\/100|[from] Grassy Terrain\n|upkeep\n|turn|3\n|inactive|Bertorium7 has 30 seconds left.\n|inactive|Bertorium7 has 20 seconds left.\n|inactive|Bertorium7 has 15 seconds left.\n|\n|t:|1699977817\n|switch|p1b: Chien-Pao|Chien-Pao, L50|100\/100\n|-ability|p1b: Chien-Pao|Sword of Ruin\n|switch|p1a: Ogerpon|Ogerpon-Hearthflame, L50, F|100\/100\n|-ability|p1a: Ogerpon|Mold Breaker\n|move|p2a: Iron Bundle|Icy Wind|p1b: Chien-Pao|[spread] p1a,p1b\n|-resisted|p1b: Chien-Pao\n|-damage|p1a: Ogerpon|84\/100\n|-damage|p1b: Chien-Pao|87\/100\n|-unboost|p1a: Ogerpon|spe|1\n|-unboost|p1b: Chien-Pao|spe|1\n|move|p2b: Pelipper|Hurricane|p1b: Chien-Pao\n|-damage|p1b: Chien-Pao|21\/100\n|\n|-weather|RainDance|[upkeep]\n|-heal|p2a: Iron Bundle|85\/100|[from] Grassy Terrain\n|-heal|p1b: Chien-Pao|27\/100|[from] Grassy Terrain\n|-heal|p1a: Ogerpon|90\/100|[from] Grassy Terrain\n|upkeep\n|turn|4\n|c|\u2606Duckablo|ughhhhh\n|c|\u2606Duckablo|im nervous\n|inactive|Bertorium7 has 30 seconds left.\n|inactive|Bertorium7 has 20 seconds left.\n|inactive|Bertorium7 has 15 seconds left.\n|\n|t:|1699977858\n|-terastallize|p1a: Ogerpon|Fire\n|detailschange|p1a: Ogerpon|Ogerpon-Hearthflame-Tera, L50, F, tera:Fire\n|-ability|p1a: Ogerpon|Embody Aspect (Hearthflame)|boost\n|-boost|p1a: Ogerpon|atk|1\n|move|p1b: Chien-Pao|Sucker Punch|p2a: Iron Bundle\n|-supereffective|p2a: Iron Bundle\n|-damage|p2a: Iron Bundle|0 fnt\n|faint|p2a: Iron Bundle\n|-end|p2a: Iron Bundle|Quark Drive|[silent]\n|move|p2b: Pelipper|Weather Ball|p1a: Ogerpon\n|-supereffective|p1a: Ogerpon\n|-damage|p1a: Ogerpon|0 fnt\n|faint|p1a: Ogerpon\n|\n|-weather|RainDance|[upkeep]\n|-heal|p1b: Chien-Pao|33\/100|[from] Grassy Terrain\n|-sideend|p2: Duckablo|move: Tailwind\n|upkeep\n|\n|t:|1699977873\n|switch|p2a: Gholdengo|Gholdengo, L50|100\/100\n|switch|p1a: Okidogi|Okidogi, L50, M|65\/100\n|turn|5\n|inactive|Bertorium7 has 30 seconds left.\n|\n|t:|1699977904\n|switch|p2b: Salamence|Salamence, L50, F|20\/100\n|-ability|p2b: Salamence|Intimidate|boost\n|-ability|p1a: Okidogi|Guard Dog|boost\n|-boost|p1a: Okidogi|atk|1\n|-unboost|p1b: Chien-Pao|atk|1\n|move|p1b: Chien-Pao|Protect|p1b: Chien-Pao\n|-singleturn|p1b: Chien-Pao|Protect\n|move|p1a: Okidogi|Protect|p1a: Okidogi\n|-singleturn|p1a: Okidogi|Protect\n|move|p2a: Gholdengo|Nasty Plot|p2a: Gholdengo\n|-boost|p2a: Gholdengo|spa|2\n|\n|-weather|RainDance|[upkeep]\n|-heal|p1b: Chien-Pao|38\/100|[from] Grassy Terrain\n|-heal|p1a: Okidogi|71\/100|[from] Grassy Terrain\n|-fieldend|move: Grassy Terrain\n|upkeep\n|turn|6\n|inactive|Bertorium7 has 30 seconds left.\n|\n|t:|1699977929\n|switch|p1b: Rillaboom|Rillaboom, L50, M|88\/100\n|-fieldstart|move: Grassy Terrain|[from] ability: Grassy Surge|[of] p1b: Rillaboom\n|move|p2a: Gholdengo|Protect|p2a: Gholdengo\n|-singleturn|p2a: Gholdengo|Protect\n|move|p2b: Salamence|Tailwind|p2b: Salamence\n|-sidestart|p2: Duckablo|move: Tailwind\n|move|p1a: Okidogi|Poison Jab|p2b: Salamence\n|-damage|p2b: Salamence|0 fnt\n|faint|p2b: Salamence\n|\n|-weather|none\n|-heal|p1a: Okidogi|77\/100|[from] Grassy Terrain\n|-heal|p1b: Rillaboom|94\/100|[from] Grassy Terrain\n|upkeep\n|\n|t:|1699977942\n|switch|p2b: Pelipper|Pelipper, L50, F|73\/100\n|-weather|RainDance|[from] ability: Drizzle|[of] p2b: Pelipper\n|turn|7\n|\n|t:|1699977951\n|move|p2b: Pelipper|Protect|p2b: Pelipper\n|-singleturn|p2b: Pelipper|Protect\n|move|p1b: Rillaboom|Fake Out|p2b: Pelipper\n|-activate|p2b: Pelipper|move: Protect\n|move|p2a: Gholdengo|Make It Rain|p1a: Okidogi|[spread] p1a,p1b\n|-damage|p1a: Okidogi|0 fnt\n|-damage|p1b: Rillaboom|28\/100\n|-unboost|p2a: Gholdengo|spa|1\n|faint|p1a: Okidogi\n|\n|-weather|RainDance|[upkeep]\n|-heal|p1b: Rillaboom|34\/100|[from] Grassy Terrain\n|upkeep\n|\n|t:|1699977954\n|switch|p1a: Chien-Pao|Chien-Pao, L50|38\/100\n|-ability|p1a: Chien-Pao|Sword of Ruin\n|turn|8\n|c|\u2606Duckablo|YUUUUUSSSS\n|\n|t:|1699977974\n|move|p2a: Gholdengo|Protect|p2a: Gholdengo\n|-singleturn|p2a: Gholdengo|Protect\n|move|p1a: Chien-Pao|Sucker Punch|p2b: Pelipper\n|-damage|p2b: Pelipper|16\/100\n|move|p2b: Pelipper|Weather Ball|p1a: Chien-Pao\n|-damage|p1a: Chien-Pao|0 fnt\n|faint|p1a: Chien-Pao\n|move|p1b: Rillaboom|Wood Hammer|p2a: Gholdengo\n|-activate|p2a: Gholdengo|move: Protect\n|\n|-weather|RainDance|[upkeep]\n|-heal|p1b: Rillaboom|40\/100|[from] Grassy Terrain\n|upkeep\n|turn|9\n|\n|t:|1699977991\n|move|p1b: Rillaboom|Grassy Glide|p2b: Pelipper\n|-damage|p2b: Pelipper|0 fnt\n|faint|p2b: Pelipper\n|move|p2a: Gholdengo|Shadow Ball|p1b: Rillaboom\n|-damage|p1b: Rillaboom|0 fnt\n|faint|p1b: Rillaboom\n|\n|win|Duckablo\n|raw|Bertorium7's rating: 1174 &rarr; <strong>1142<\/strong><br \/>(-32 for losing)\n|raw|Duckablo's rating: 1080 &rarr; <strong>1115<\/strong><br \/>(+35 for winning)\n|c|\u2606Duckablo|gg :)\n","uploadtime":1699978002,"views":12,"p1id":"bertorium7","p2id":"duckablo","formatid":"gen9vgc2023regulatione","rating":1115,"private":0,"password":""}