{"id":"gen9vgc2023regulatione-1998529661","p1":"ivanpexa","p2":"Pepelu99","format":"[Gen 9] VGC 2023 Regulation E","log":"|j|\u2606ivanpexa\n|j|\u2606Pepelu99\n|t:|1700952752\n|gametype|doubles\n|player|p1|ivanpexa|169|\n|player|p2|Pepelu99|266|\n|teamsize|p1|6\n|teamsize|p2|6\n|gen|9\n|tier|[Gen 9] VGC 2023 Regulation E\n|rule|Species Clause: Limit one of each Pok\u00e9mon\n|rule|Item Clause: Limit one of each item\n|clearpoke\n|poke|p1|Heatran, L50, F|\n|poke|p1|Iron Hands, L50|\n|poke|p1|Roaring Moon, L50|\n|poke|p1|Amoonguss, L50, M|\n|poke|p1|Flutter Mane, L50|\n|poke|p1|Landorus-Therian, L50, M|\n|poke|p2|Chien-Pao, L50|\n|poke|p2|Rillaboom, L50, F|\n|poke|p2|Arcanine-Hisui, L50, M|\n|poke|p2|Urshifu-*, L50, M|\n|poke|p2|Tornadus, L50, M|\n|poke|p2|Flutter Mane, L50|\n|teampreview|4\n|j| 3ChrisTresTigres\n|\n|t:|1700952775\n|start\n|switch|p1a: Heatran|Heatran, L50, F|100\/100\n|switch|p1b: Landorus|Landorus-Therian, L50, M|100\/100\n|switch|p2a: Arcanine|Arcanine-Hisui, L50, M|100\/100\n|switch|p2b: Tornadus|Tornadus, L50, M|100\/100\n|-ability|p1b: Landorus|Intimidate|boost\n|-unboost|p2a: Arcanine|atk|1\n|-unboost|p2b: Tornadus|atk|1\n|-ability|p2a: Arcanine|Intimidate|boost\n|-unboost|p1a: Heatran|atk|1\n|-unboost|p1b: Landorus|atk|1\n|turn|1\n|\n|t:|1700952802\n|switch|p2a: Urshifu|Urshifu-Rapid-Strike, L50, M|100\/100\n|move|p2b: Tornadus|Tailwind|p2b: Tornadus\n|-sidestart|p2: Pepelu99|move: Tailwind\n|move|p1b: Landorus|Stomping Tantrum|p2a: Urshifu\n|-damage|p2a: Urshifu|74\/100\n|move|p1a: Heatran|Heat Wave|p2b: Tornadus|[spread] p2a,p2b\n|-resisted|p2a: Urshifu\n|-damage|p2a: Urshifu|50\/100\n|-damage|p2b: Tornadus|52\/100\n|\n|upkeep\n|turn|2\n|\n|t:|1700952932\n|switch|p1b: Amoonguss|Amoonguss, L50, M|100\/100\n|switch|p1a: Iron Hands|Iron Hands, L50|100\/100\n|-terastallize|p2a: Urshifu|Water\n|move|p2b: Tornadus|Rain Dance|p2b: Tornadus\n|-weather|RainDance\n|move|p2a: Urshifu|Surging Strikes|p1b: Amoonguss\n|-resisted|p1b: Amoonguss\n|-crit|p1b: Amoonguss\n|-damage|p1b: Amoonguss|83\/100\n|-damage|p2a: Urshifu|33\/100|[from] item: Rocky Helmet|[of] p1b: Amoonguss\n|-resisted|p1b: Amoonguss\n|-crit|p1b: Amoonguss\n|-damage|p1b: Amoonguss|66\/100\n|-damage|p2a: Urshifu|17\/100|[from] item: Rocky Helmet|[of] p1b: Amoonguss\n|-resisted|p1b: Amoonguss\n|-crit|p1b: Amoonguss\n|-damage|p1b: Amoonguss|48\/100\n|-damage|p2a: Urshifu|0 fnt|[from] item: Rocky Helmet|[of] p1b: Amoonguss\n|faint|p2a: Urshifu\n|-hitcount|p1b: Amoonguss|3\n|\n|-weather|RainDance|[upkeep]\n|upkeep\n|\n|t:|1700952980\n|switch|p2a: Rillaboom|Rillaboom, L50, F|100\/100\n|-fieldstart|move: Grassy Terrain|[from] ability: Grassy Surge|[of] p2a: Rillaboom\n|turn|3\n|l|\u2606Pepelu99\n|player|p2|\n|j|\u2606Pepelu99\n|player|p2|Pepelu99|266\n|\n|t:|1700953033\n|switch|p1b: Landorus|Landorus-Therian, L50, M|100\/100\n|-ability|p1b: Landorus|Intimidate|boost\n|-unboost|p2a: Rillaboom|atk|1\n|-unboost|p2b: Tornadus|atk|1\n|move|p2a: Rillaboom|Fake Out|p1a: Iron Hands\n|-damage|p1a: Iron Hands|94\/100\n|cant|p1a: Iron Hands|flinch\n|move|p2b: Tornadus|Bleakwind Storm|p1a: Iron Hands|[spread] p1a,p1b\n|-damage|p1a: Iron Hands|77\/100\n|-damage|p1b: Landorus|65\/100\n|-unboost|p1b: Landorus|spe|1\n|\n|-weather|RainDance|[upkeep]\n|-heal|p1a: Iron Hands|83\/100|[from] Grassy Terrain\n|upkeep\n|turn|4\n|\n|t:|1700953080\n|switch|p2b: Arcanine|Arcanine-Hisui, L50, M|100\/100\n|-ability|p2b: Arcanine|Intimidate|boost\n|-unboost|p1a: Iron Hands|atk|1\n|-unboost|p1b: Landorus|atk|1\n|move|p2a: Rillaboom|Wood Hammer|p1b: Landorus\n|-damage|p1b: Landorus|6\/100\n|-damage|p2a: Rillaboom|84\/100|[from] Recoil\n|move|p1b: Landorus|Stomping Tantrum|p2b: Arcanine\n|-supereffective|p2b: Arcanine\n|-damage|p2b: Arcanine|0 fnt\n|faint|p2b: Arcanine\n|move|p1a: Iron Hands|Wild Charge|p2a: Rillaboom\n|-resisted|p2a: Rillaboom\n|-damage|p2a: Rillaboom|69\/100\n|-damage|p1a: Iron Hands|79\/100|[from] Recoil\n|\n|-weather|RainDance|[upkeep]\n|-heal|p2a: Rillaboom|75\/100|[from] Grassy Terrain\n|-heal|p1a: Iron Hands|85\/100|[from] Grassy Terrain\n|-sideend|p2: Pepelu99|move: Tailwind\n|upkeep\n|\n|t:|1700953103\n|switch|p2b: Tornadus|Tornadus, L50, M|52\/100\n|turn|5\n|\n|t:|1700953137\n|move|p1b: Landorus|Stomping Tantrum|p2a: Rillaboom\n|-resisted|p2a: Rillaboom\n|-damage|p2a: Rillaboom|62\/100\n|move|p2b: Tornadus|Bleakwind Storm|p1a: Iron Hands|[spread] p1a,p1b\n|-damage|p1a: Iron Hands|69\/100\n|-damage|p1b: Landorus|0 fnt\n|-unboost|p1a: Iron Hands|spe|1\n|faint|p1b: Landorus\n|move|p2a: Rillaboom|Wood Hammer|p1a: Iron Hands\n|-damage|p1a: Iron Hands|31\/100\n|-damage|p2a: Rillaboom|48\/100|[from] Recoil\n|move|p1a: Iron Hands|Wild Charge|p2b: Tornadus\n|-supereffective|p2b: Tornadus\n|-damage|p2b: Tornadus|0 fnt\n|-damage|p1a: Iron Hands|14\/100|[from] item: Rocky Helmet|[of] p2b: Tornadus\n|faint|p2b: Tornadus\n|-damage|p1a: Iron Hands|4\/100|[from] Recoil\n|\n|-weather|RainDance|[upkeep]\n|-heal|p2a: Rillaboom|54\/100|[from] Grassy Terrain\n|-heal|p1a: Iron Hands|10\/100|[from] Grassy Terrain\n|upkeep\n|\n|t:|1700953155\n|switch|p1b: Heatran|Heatran, L50, F|100\/100\n|turn|6\n|\n|t:|1700953162\n|move|p1b: Heatran|Protect|p1b: Heatran\n|-singleturn|p1b: Heatran|Protect\n|move|p2a: Rillaboom|Grassy Glide|p1a: Iron Hands\n|-damage|p1a: Iron Hands|0 fnt\n|faint|p1a: Iron Hands\n|-end|p1a: Iron Hands|Quark Drive|[silent]\n|\n|-weather|none\n|-heal|p2a: Rillaboom|59\/100|[from] Grassy Terrain\n|upkeep\n|\n|t:|1700953167\n|switch|p1a: Amoonguss|Amoonguss, L50, M|81\/100\n|turn|7\n|\n|t:|1700953206\n|-terastallize|p1b: Heatran|Grass\n|move|p2a: Rillaboom|U-turn|p1a: Amoonguss\n|-damage|p1a: Amoonguss|69\/100\n|-damage|p2a: Rillaboom|43\/100|[from] item: Rocky Helmet|[of] p1a: Amoonguss\n|move|p1b: Heatran|Heat Wave|p2a: Rillaboom\n|-supereffective|p2a: Rillaboom\n|-damage|p2a: Rillaboom|0 fnt\n|faint|p2a: Rillaboom\n|\n|win|ivanpexa\n|l|\u2606Pepelu99\n","uploadtime":1700953222,"views":3,"p1id":"ivanpexa","p2id":"pepelu99","formatid":"gen9vgc2023regulatione","rating":0,"private":0,"password":""}