{"id":"gen9vgc2023regulatione-1989714613","p1":"pepping_out","p2":"Zacynthius","format":"[Gen 9] VGC 2023 Regulation E","log":"|j|\u2606pepping_out\n|j|\u2606Zacynthius\n|t:|1699889424\n|gametype|doubles\n|player|p1|pepping_out|zinzolin|1067\n|player|p2|Zacynthius|veteran|1074\n|teamsize|p1|6\n|teamsize|p2|6\n|gen|9\n|tier|[Gen 9] VGC 2023 Regulation E\n|rated|\n|rule|Species Clause: Limit one of each Pok\u00e9mon\n|rule|Item Clause: Limit one of each item\n|clearpoke\n|poke|p1|Grumpig, L50, F|\n|poke|p1|Cetitan, L50, M|\n|poke|p1|Roaring Moon, L50|\n|poke|p1|Moltres-Galar, L50|\n|poke|p1|Ogerpon-Cornerstone, L50, F|\n|poke|p1|Amoonguss, L50, F|\n|poke|p2|Sinistcha-Masterpiece, L50|\n|poke|p2|Landorus-Therian, L50, M|\n|poke|p2|Kommo-o, L50, M|\n|poke|p2|Overqwil, L50, M|\n|poke|p2|Ninetales-Alola, L50, F|\n|poke|p2|Fezandipiti, L50, M|\n|teampreview|4\n|inactive|Battle timer is ON: inactive players will automatically lose when time's up. (requested by Zacynthius)\nZacynthius has agreed to open team sheets.\n|\n|t:|1699889442\n|start\n|switch|p1a: Roaring Moon|Roaring Moon, L50|100\/100\n|switch|p1b: Cetitan|Cetitan, L50, M|100\/100\n|switch|p2a: Dark Intentions|Overqwil, L50, M|100\/100\n|switch|p2b: Shaka|Kommo-o, L50, M, shiny|100\/100\n|-ability|p2a: Dark Intentions|Intimidate|boost\n|-unboost|p1a: Roaring Moon|atk|1\n|-unboost|p1b: Cetitan|atk|1\n|-enditem|p1a: Roaring Moon|Booster Energy\n|-activate|p1a: Roaring Moon|ability: Protosynthesis|[fromitem]\n|-start|p1a: Roaring Moon|protosynthesisspe\n|turn|1\n|\n|t:|1699889463\n|switch|p1b: Moltres|Moltres-Galar, L50|100\/100\n|switch|p2a: Mittens|Landorus-Therian, L50, M|100\/100\n|-ability|p2a: Mittens|Intimidate|boost\n|-unboost|p1a: Roaring Moon|atk|1\n|-unboost|p1b: Moltres|atk|1\n|-terastallize|p2b: Shaka|Steel\n|move|p1a: Roaring Moon|Tailwind|p1a: Roaring Moon\n|-sidestart|p1: pepping_out|move: Tailwind\n|move|p2b: Shaka|Clangorous Soul|p2b: Shaka\n|-boost|p2b: Shaka|atk|1\n|-boost|p2b: Shaka|def|1\n|-boost|p2b: Shaka|spa|1\n|-boost|p2b: Shaka|spd|1\n|-boost|p2b: Shaka|spe|1\n|-damage|p2b: Shaka|68\/100\n|-enditem|p2b: Shaka|Throat Spray\n|-boost|p2b: Shaka|spa|1|[from] item: Throat Spray\n|\n|upkeep\n|turn|2\n|\n|t:|1699889482\n|-end|p1a: Roaring Moon|Protosynthesis|[silent]\n|switch|p1a: Cetitan|Cetitan, L50, M|100\/100\n|switch|p2a: Big Green|Sinistcha-Masterpiece, L50|100\/100\n|-heal|p2b: Shaka|92\/100|[from] ability: Hospitality|[of] p2a: Big Green\n|move|p1b: Moltres|Nasty Plot|p1b: Moltres\n|-boost|p1b: Moltres|spa|2\n|move|p2b: Shaka|Clanging Scales|p1a: Cetitan|[spread] p1a,p1b\n|-damage|p1a: Cetitan|30\/100\n|-damage|p1b: Moltres|37\/100\n|-ability|p1b: Moltres|Berserk|boost\n|-boost|p1b: Moltres|spa|1\n|-unboost|p2b: Shaka|def|1\n|-enditem|p1b: Moltres|Sitrus Berry|[eat]\n|-heal|p1b: Moltres|61\/100|[from] item: Sitrus Berry\n|\n|upkeep\n|turn|3\n|\n|t:|1699889504\n|move|p2a: Big Green|Rage Powder|p2a: Big Green\n|-singleturn|p2a: Big Green|move: Rage Powder\n|move|p1b: Moltres|Fiery Wrath|p2a: Big Green|[spread] p2a,p2b\n|-supereffective|p2a: Big Green\n|-damage|p2a: Big Green|0 fnt\n|-damage|p2b: Shaka|34\/100\n|faint|p2a: Big Green\n|move|p2b: Shaka|Clanging Scales|p1b: Moltres|[spread] p1a,p1b\n|-damage|p1a: Cetitan|0 fnt\n|-damage|p1b: Moltres|5\/100\n|faint|p1a: Cetitan\n|-ability|p1b: Moltres|Berserk|boost\n|-boost|p1b: Moltres|spa|1\n|-unboost|p2b: Shaka|def|1\n|\n|upkeep\n|\n|t:|1699889519\n|switch|p1a: Roaring Moon|Roaring Moon, L50|100\/100\n|switch|p2a: Mittens|Landorus-Therian, L50, M|100\/100\n|-ability|p2a: Mittens|Intimidate|boost\n|-unboost|p1a: Roaring Moon|atk|1\n|-unboost|p1b: Moltres|atk|1\n|turn|4\n|\n|t:|1699889531\n|switch|p2a: Dark Intentions|Overqwil, L50, M|100\/100\n|-ability|p2a: Dark Intentions|Intimidate|boost\n|-unboost|p1a: Roaring Moon|atk|1\n|-unboost|p1b: Moltres|atk|1\n|move|p1a: Roaring Moon|Knock Off|p2a: Dark Intentions\n|-resisted|p2a: Dark Intentions\n|-damage|p2a: Dark Intentions|89\/100\n|-damage|p1a: Roaring Moon|84\/100|[from] item: Rocky Helmet|[of] p2a: Dark Intentions\n|-enditem|p2a: Dark Intentions|Rocky Helmet|[from] move: Knock Off|[of] p1a: Roaring Moon\n|move|p1b: Moltres|Fiery Wrath|p2a: Dark Intentions|[spread] p2a,p2b\n|-resisted|p2a: Dark Intentions\n|-damage|p2a: Dark Intentions|24\/100\n|-damage|p2b: Shaka|0 fnt\n|faint|p2b: Shaka\n|\n|-sideend|p1: pepping_out|move: Tailwind\n|upkeep\n|\n|t:|1699889533\n|switch|p2b: Mittens|Landorus-Therian, L50, M|100\/100\n|-ability|p2b: Mittens|Intimidate|boost\n|-unboost|p1a: Roaring Moon|atk|1\n|-unboost|p1b: Moltres|atk|1\n|turn|5\n|\n|t:|1699889547\n|move|p2b: Mittens|Brick Break|p1a: Roaring Moon\n|-supereffective|p1a: Roaring Moon\n|-damage|p1a: Roaring Moon|14\/100\n|move|p1a: Roaring Moon|Tailwind|p1a: Roaring Moon\n|-sidestart|p1: pepping_out|move: Tailwind\n|move|p1b: Moltres|Fiery Wrath|p2b: Mittens|[spread] p2a,p2b\n|-resisted|p2a: Dark Intentions\n|-damage|p2a: Dark Intentions|0 fnt\n|-damage|p2b: Mittens|0 fnt\n|faint|p2a: Dark Intentions\n|faint|p2b: Mittens\n|\n|win|pepping_out\n|raw|pepping_out's rating: 1067 &rarr; <strong>1098<\/strong><br \/>(+31 for winning)\n|raw|Zacynthius's rating: 1074 &rarr; <strong>1052<\/strong><br \/>(-22 for losing)\n|l|\u2606Zacynthius\n","uploadtime":1699889568,"views":21,"p1id":"peppingout","p2id":"zacynthius","formatid":"gen9vgc2023regulatione","rating":1052,"private":0,"password":""}