{"id":"gen9vgc2023regulatione-1991729727","p1":"Suxxon","p2":"pelipperislandxoo","format":"[Gen 9] VGC 2023 Regulation E","log":"|j|\u2606Suxxon\n|j|\u2606pelipperislandxoo\n|t:|1700107956\n|gametype|doubles\n|player|p1|Suxxon|iris-gen5bw2|1098\n|player|p2|pelipperislandxoo|101|1058\n|teamsize|p1|6\n|teamsize|p2|6\n|gen|9\n|tier|[Gen 9] VGC 2023 Regulation E\n|rated|\n|rule|Species Clause: Limit one of each Pok\u00e9mon\n|rule|Item Clause: Limit one of each item\n|clearpoke\n|poke|p1|Ogerpon-Hearthflame, L50, F|\n|poke|p1|Iron Hands, L50|\n|poke|p1|Landorus-Therian, L50, M|\n|poke|p1|Cresselia, L50, F|\n|poke|p1|Clefairy, L50, F|\n|poke|p1|Snorlax, L50, M|\n|poke|p2|Ceruledge, L50, M|\n|poke|p2|Rillaboom, L50, M|\n|poke|p2|Farigiraf, L50, M|\n|poke|p2|Clodsire, L50, F|\n|poke|p2|Urshifu-*, L50, M|\n|poke|p2|Sylveon, L50, M|\n|teampreview|4\n|inactive|Battle timer is ON: inactive players will automatically lose when time's up. (requested by pelipperislandxoo)\n|inactive|pelipperislandxoo has 60 seconds left.\n|\n|t:|1700107990\n|start\n|switch|p1a: Landorus|Landorus-Therian, L50, M|100\/100\n|switch|p1b: Iron Hands|Iron Hands, L50|100\/100\n|switch|p2a: Ceruledge|Ceruledge, L50, M|100\/100\n|switch|p2b: Clodsire|Clodsire, L50, F, shiny|100\/100\n|-ability|p1a: Landorus|Intimidate|boost\n|-fail|p2a: Ceruledge|unboost|[from] item: Clear Amulet|[of] p2a: Ceruledge\n|-unboost|p2b: Clodsire|atk|1\n|turn|1\n|inactive|Suxxon has 30 seconds left.\n|\n|t:|1700108025\n|move|p1b: Iron Hands|Fake Out|p2b: Clodsire\n|-damage|p2b: Clodsire|85\/100\n|move|p1a: Landorus|Rock Slide|p2a: Ceruledge|[spread] p2a,p2b\n|-supereffective|p2a: Ceruledge\n|-resisted|p2b: Clodsire\n|-damage|p2a: Ceruledge|49\/100\n|-damage|p2b: Clodsire|75\/100\n|move|p2a: Ceruledge|Bulk Up|p2a: Ceruledge\n|-boost|p2a: Ceruledge|atk|1\n|-boost|p2a: Ceruledge|def|1\n|cant|p2b: Clodsire|flinch\n|\n|-heal|p2b: Clodsire|81\/100|[from] item: Leftovers\n|upkeep\n|turn|2\n|inactive|pelipperislandxoo has 30 seconds left.\n|\n|t:|1700108058\n|-terastallize|p2a: Ceruledge|Steel\n|move|p1a: Landorus|Rock Slide|p2b: Clodsire|[spread] p2a,p2b\n|-resisted|p2a: Ceruledge\n|-resisted|p2b: Clodsire\n|-damage|p2a: Ceruledge|41\/100\n|-damage|p2b: Clodsire|70\/100\n|move|p2a: Ceruledge|Bitter Blade|p1a: Landorus\n|-damage|p1a: Landorus|16\/100\n|-heal|p2a: Ceruledge|84\/100|[from] drain|[of] p1a: Landorus\n|move|p1b: Iron Hands|Wild Charge|p2a: Ceruledge\n|-damage|p2a: Ceruledge|38\/100\n|-damage|p1b: Iron Hands|92\/100|[from] Recoil\n|move|p2b: Clodsire|Gunk Shot|p1b: Iron Hands\n|-damage|p1b: Iron Hands|70\/100\n|\n|-heal|p2b: Clodsire|77\/100|[from] item: Leftovers\n|upkeep\n|turn|3\n|inactive|Suxxon has 30 seconds left.\n|inactive|pelipperislandxoo has 30 seconds left.\n|\n|t:|1700108085\n|switch|p1a: Cresselia|Cresselia, L50, F, shiny|100\/100\n|move|p2a: Ceruledge|Shadow Sneak|p1a: Cresselia\n|-supereffective|p1a: Cresselia\n|-damage|p1a: Cresselia|63\/100\n|move|p1b: Iron Hands|Drain Punch|p2a: Ceruledge\n|-supereffective|p2a: Ceruledge\n|-damage|p2a: Ceruledge|0 fnt\n|-heal|p1b: Iron Hands|84\/100|[from] drain|[of] p2a: Ceruledge\n|faint|p2a: Ceruledge\n|move|p2b: Clodsire|Stomping Tantrum|p1b: Iron Hands\n|-supereffective|p1b: Iron Hands\n|-damage|p1b: Iron Hands|57\/100\n|\n|-heal|p2b: Clodsire|83\/100|[from] item: Leftovers\n|upkeep\n|\n|t:|1700108099\n|switch|p2a: Sylveon|Sylveon, L50, M|100\/100\n|turn|4\n|inactive|Suxxon has 30 seconds left.\n|\n|t:|1700108134\n|-terastallize|p1b: Iron Hands|Fire\n|move|p1a: Cresselia|Calm Mind|p1a: Cresselia\n|-boost|p1a: Cresselia|spa|1\n|-boost|p1a: Cresselia|spd|1\n|move|p2a: Sylveon|Hyper Voice|p1b: Iron Hands|[spread] p1a,p1b\n|-resisted|p1b: Iron Hands\n|-damage|p1a: Cresselia|44\/100\n|-damage|p1b: Iron Hands|42\/100\n|move|p1b: Iron Hands|Heavy Slam|p2a: Sylveon\n|-supereffective|p2a: Sylveon\n|-damage|p2a: Sylveon|0 fnt\n|faint|p2a: Sylveon\n|move|p2b: Clodsire|Yawn|p1a: Cresselia\n|-start|p1a: Cresselia|move: Yawn|[of] p2b: Clodsire\n|\n|-heal|p2b: Clodsire|89\/100|[from] item: Leftovers\n|upkeep\n|\n|t:|1700108148\n|switch|p2a: Urshifu|Urshifu, L50, M|100\/100\n|turn|5\n|\n|t:|1700108173\n|-end|p1b: Iron Hands|Quark Drive|[silent]\n|switch|p1b: Landorus|Landorus-Therian, L50, M|16\/100\n|-ability|p1b: Landorus|Intimidate|boost\n|-unboost|p2a: Urshifu|atk|1\n|-unboost|p2b: Clodsire|atk|1\n|move|p2a: Urshifu|Sucker Punch||[still]\n|-fail|p2a: Urshifu\n|move|p1a: Cresselia|Stored Power|p2a: Urshifu\n|-immune|p2a: Urshifu\n|move|p2b: Clodsire|Gunk Shot|p1a: Cresselia\n|-damage|p1a: Cresselia|29\/100\n|\n|-heal|p2b: Clodsire|95\/100|[from] item: Leftovers\n|-end|p1a: Cresselia|move: Yawn|[silent]\n|-status|p1a: Cresselia|slp\n|upkeep\n|turn|6\n|inactive|Suxxon has 30 seconds left.\n|\n|t:|1700108198\n|move|p2a: Urshifu|Sucker Punch|p1b: Landorus\n|-damage|p1b: Landorus|0 fnt\n|faint|p1b: Landorus\n|cant|p1a: Cresselia|slp\n|move|p2b: Clodsire|Gunk Shot|p1a: Cresselia\n|-damage|p1a: Cresselia|14\/100 slp\n|\n|-heal|p2b: Clodsire|100\/100|[from] item: Leftovers\n|upkeep\n|\n|t:|1700108210\n|switch|p1b: Ogerpon|Ogerpon-Hearthflame, L50, F|100\/100\n|-ability|p1b: Ogerpon|Mold Breaker\n|turn|7\n|\n|t:|1700108234\n|move|p1b: Ogerpon|Swords Dance|p1b: Ogerpon\n|-boost|p1b: Ogerpon|atk|2\n|move|p2a: Urshifu|Wicked Blow|p1b: Ogerpon\n|-crit|p1b: Ogerpon\n|-damage|p1b: Ogerpon|33\/100\n|-curestatus|p1a: Cresselia|slp|[msg]\n|move|p1a: Cresselia|Lunar Blessing|p1a: Cresselia|[spread] p1a,p1b\n|-heal|p1a: Cresselia|39\/100\n|-heal|p1b: Ogerpon|59\/100\n|move|p2b: Clodsire|Gunk Shot|p1a: Cresselia\n|-damage|p1a: Cresselia|26\/100\n|\n|upkeep\n|turn|8\n|inactive|Suxxon has 30 seconds left.\n|inactive|pelipperislandxoo has 30 seconds left.\n|\n|t:|1700108266\n|move|p1b: Ogerpon|Spiky Shield|p1b: Ogerpon\n|-singleturn|p1b: Ogerpon|move: Protect\n|move|p2a: Urshifu|Detect|p2a: Urshifu\n|-singleturn|p2a: Urshifu|Protect\n|move|p1a: Cresselia|Stored Power|p2b: Clodsire\n|-supereffective|p2b: Clodsire\n|-damage|p2b: Clodsire|56\/100\n|move|p2b: Clodsire|Gunk Shot|p1b: Ogerpon\n|-activate|p1b: Ogerpon|move: Protect\n|\n|-heal|p2b: Clodsire|63\/100|[from] item: Leftovers\n|upkeep\n|turn|9\n|inactive|Suxxon has 30 seconds left.\n|inactive|pelipperislandxoo has 30 seconds left.\n|\n|t:|1700108297\n|move|p1b: Ogerpon|Ivy Cudgel|p2a: Urshifu|[anim] Ivy Cudgel Fire\n|-enditem|p2a: Urshifu|Focus Sash\n|-damage|p2a: Urshifu|1\/100\n|move|p2a: Urshifu|Wicked Blow|p1a: Cresselia\n|-supereffective|p1a: Cresselia\n|-crit|p1a: Cresselia\n|-damage|p1a: Cresselia|0 fnt\n|faint|p1a: Cresselia\n|move|p2b: Clodsire|Yawn|p1b: Ogerpon\n|-start|p1b: Ogerpon|move: Yawn|[of] p2b: Clodsire\n|\n|-heal|p2b: Clodsire|69\/100|[from] item: Leftovers\n|upkeep\n|\n|t:|1700108309\n|switch|p1a: Iron Hands|Iron Hands, L50, tera:Fire|42\/100\n|turn|10\n|\n|t:|1700108319\n|move|p2a: Urshifu|Detect|p2a: Urshifu\n|-singleturn|p2a: Urshifu|Protect\n|move|p2b: Clodsire|Protect|p2b: Clodsire\n|-singleturn|p2b: Clodsire|Protect\n|move|p1a: Iron Hands|Fake Out|p2a: Urshifu\n|-activate|p2a: Urshifu|move: Protect\n|move|p1b: Ogerpon|Horn Leech|p2b: Clodsire\n|-activate|p2b: Clodsire|move: Protect\n|\n|-heal|p2b: Clodsire|75\/100|[from] item: Leftovers\n|-end|p1b: Ogerpon|move: Yawn|[silent]\n|-status|p1b: Ogerpon|slp\n|upkeep\n|turn|11\n|\n|t:|1700108342\n|cant|p1b: Ogerpon|slp\n|move|p2a: Urshifu|Wicked Blow|p1a: Iron Hands\n|-crit|p1a: Iron Hands\n|-damage|p1a: Iron Hands|0 fnt\n|faint|p1a: Iron Hands\n|-end|p1a: Iron Hands|Quark Drive|[silent]\n|move|p2b: Clodsire|Gunk Shot|p1b: Ogerpon\n|-supereffective|p1b: Ogerpon\n|-damage|p1b: Ogerpon|5\/100 slp\n|\n|-heal|p2b: Clodsire|81\/100|[from] item: Leftovers\n|upkeep\n|turn|12\n|\n|t:|1700108355\n|cant|p1b: Ogerpon|slp\n|move|p2a: Urshifu|Wicked Blow|p1b: Ogerpon\n|-crit|p1b: Ogerpon\n|-damage|p1b: Ogerpon|0 fnt\n|faint|p1b: Ogerpon\n|\n|win|pelipperislandxoo\n|raw|Suxxon's rating: 1098 &rarr; <strong>1070<\/strong><br \/>(-28 for losing)\n|raw|pelipperislandxoo's rating: 1058 &rarr; <strong>1093<\/strong><br \/>(+35 for winning)\n","uploadtime":1700108362,"views":13,"p1id":"suxxon","p2id":"pelipperislandxoo","formatid":"gen9vgc2023regulatione","rating":1070,"private":0,"password":""}