{"id":"gen9vgc2023regulatione-1994491953","p1":"nubasorus","p2":"leafyarrow","format":"[Gen 9] VGC 2023 Regulation E","log":"|j|\u2606nubasorus\n|j|\u2606leafyarrow\n|t:|1700450223\n|gametype|doubles\n|player|p1|nubasorus|266|1146\n|player|p2|leafyarrow|selene|1244\n|teamsize|p1|6\n|teamsize|p2|6\n|gen|9\n|tier|[Gen 9] VGC 2023 Regulation E\n|rated|\n|rule|Species Clause: Limit one of each Pok\u00e9mon\n|rule|Item Clause: Limit one of each item\n|clearpoke\n|poke|p1|Iron Hands, L50|\n|poke|p1|Landorus-Therian, L50, M|\n|poke|p1|Sableye, L50, F|\n|poke|p1|Corviknight, L50, F|\n|poke|p1|Sinistcha, L50|\n|poke|p1|Flutter Mane, L50|\n|poke|p2|Enamorus-Therian, L50, F|\n|poke|p2|Ursaluna, L50, F|\n|poke|p2|Indeedee-F, L50, F|\n|poke|p2|Armarouge, L50, M|\n|poke|p2|Roaring Moon, L50|\n|poke|p2|Ninetales-Alola, L50, F|\n|teampreview|4\nleafyarrow has agreed to open team sheets.\n|\n|t:|1700450257\n|start\n|switch|p1a: Flutter Mane|Flutter Mane, L50|100\/100\n|switch|p1b: Landorus|Landorus-Therian, L50, M|100\/100\n|switch|p2a: Indeedee|Indeedee-F, L50, F|100\/100\n|switch|p2b: Ninetales|Ninetales-Alola, L50, F|100\/100\n|-ability|p1b: Landorus|Intimidate|boost\n|-unboost|p2a: Indeedee|atk|1\n|-unboost|p2b: Ninetales|atk|1\n|-weather|Snow|[from] ability: Snow Warning|[of] p2b: Ninetales\n|-fieldstart|move: Psychic Terrain|[from] ability: Psychic Surge|[of] p2a: Indeedee\n|-enditem|p2a: Indeedee|Psychic Seed\n|-boost|p2a: Indeedee|spd|1|[from] item: Psychic Seed\n|-enditem|p1a: Flutter Mane|Booster Energy\n|-activate|p1a: Flutter Mane|ability: Protosynthesis|[fromitem]\n|-start|p1a: Flutter Mane|protosynthesisspe\n|turn|1\n|\n|t:|1700450280\n|-terastallize|p1a: Flutter Mane|Fairy\n|move|p2a: Indeedee|Follow Me|p2a: Indeedee\n|-singleturn|p2a: Indeedee|move: Follow Me\n|move|p1a: Flutter Mane|Dazzling Gleam|p2a: Indeedee|[spread] p2a,p2b\n|-damage|p2a: Indeedee|72\/100\n|-damage|p2b: Ninetales|50\/100\n|move|p1b: Landorus|Rock Slide|p2a: Indeedee|[spread] p2a,p2b\n|-supereffective|p2b: Ninetales\n|-damage|p2a: Indeedee|50\/100\n|-damage|p2b: Ninetales|2\/100\n|move|p2b: Ninetales|Icy Wind|p1b: Landorus|[spread] p1a\n|-miss|p2b: Ninetales|p1b: Landorus\n|-damage|p1a: Flutter Mane|84\/100\n|-unboost|p1a: Flutter Mane|spe|1\n|\n|-weather|Snow|[upkeep]\n|upkeep\n|turn|2\n|\n|t:|1700450310\n|move|p2a: Indeedee|Follow Me|p2a: Indeedee\n|-singleturn|p2a: Indeedee|move: Follow Me\n|move|p1b: Landorus|Rock Slide|p2b: Ninetales|[spread] p2a,p2b\n|-supereffective|p2b: Ninetales\n|-damage|p2a: Indeedee|27\/100\n|-damage|p2b: Ninetales|0 fnt\n|faint|p2b: Ninetales\n|move|p1a: Flutter Mane|Dazzling Gleam|p2a: Indeedee\n|-damage|p2a: Indeedee|0 fnt\n|faint|p2a: Indeedee\n|\n|-weather|Snow|[upkeep]\n|upkeep\n|\n|t:|1700450320\n|switch|p2b: Roaring Moon|Roaring Moon, L50|100\/100\n|switch|p2a: Armarouge|Armarouge, L50, M|100\/100\n|-enditem|p2b: Roaring Moon|Booster Energy\n|-activate|p2b: Roaring Moon|ability: Protosynthesis|[fromitem]\n|-start|p2b: Roaring Moon|protosynthesisspe\n|turn|3\n|\n|t:|1700450332\n|-terastallize|p2a: Armarouge|Psychic\n|move|p1a: Flutter Mane|Protect|p1a: Flutter Mane\n|-singleturn|p1a: Flutter Mane|Protect\n|move|p2b: Roaring Moon|Tailwind|p2b: Roaring Moon\n|-sidestart|p2: leafyarrow|move: Tailwind\n|move|p1b: Landorus|Rock Slide|p2a: Armarouge|[spread] p2a,p2b\n|-damage|p2a: Armarouge|79\/100\n|-damage|p2b: Roaring Moon|71\/100\n|move|p2a: Armarouge|Expanding Force|p1a: Flutter Mane|[spread] p1b\n|-activate|p1a: Flutter Mane|move: Protect\n|-damage|p1b: Landorus|0 fnt\n|faint|p1b: Landorus\n|\n|-weather|Snow|[upkeep]\n|upkeep\n|\n|t:|1700450347\n|switch|p1b: Sinistcha|Sinistcha, L50|100\/100\n|-heal|p1a: Flutter Mane|100\/100|[from] ability: Hospitality|[of] p1b: Sinistcha\n|turn|4\n|\n|t:|1700450374\n|move|p2b: Roaring Moon|Protect|p2b: Roaring Moon\n|-singleturn|p2b: Roaring Moon|Protect\n|move|p1a: Flutter Mane|Dazzling Gleam|p2a: Armarouge|[spread] p2a\n|-activate|p2b: Roaring Moon|move: Protect\n|-damage|p2a: Armarouge|32\/100\n|move|p2a: Armarouge|Expanding Force|p1a: Flutter Mane|[spread] p1a,p1b\n|-damage|p1a: Flutter Mane|0 fnt\n|-damage|p1b: Sinistcha|0 fnt\n|faint|p1a: Flutter Mane\n|-end|p1a: Flutter Mane|Protosynthesis|[silent]\n|faint|p1b: Sinistcha\n|\n|-weather|Snow|[upkeep]\n|upkeep\n|\n|t:|1700450386\n|switch|p1b: Iron Hands|Iron Hands, L50|100\/100\n|turn|5\n|\n|t:|1700450392\n|move|p2b: Roaring Moon|Knock Off|p1b: Iron Hands\n|-resisted|p1b: Iron Hands\n|-damage|p1b: Iron Hands|82\/100\n|-enditem|p1b: Iron Hands|Assault Vest|[from] move: Knock Off|[of] p2b: Roaring Moon\n|move|p2a: Armarouge|Expanding Force|p1b: Iron Hands\n|-supereffective|p1b: Iron Hands\n|-damage|p1b: Iron Hands|0 fnt\n|faint|p1b: Iron Hands\n|-end|p1b: Iron Hands|Quark Drive|[silent]\n|\n|win|leafyarrow\n|raw|nubasorus's rating: 1146 &rarr; <strong>1128<\/strong><br \/>(-18 for losing)\n|raw|leafyarrow's rating: 1244 &rarr; <strong>1262<\/strong><br \/>(+18 for winning)\n","uploadtime":1700450402,"views":17,"p1id":"nubasorus","p2id":"leafyarrow","formatid":"gen9vgc2023regulatione","rating":1128,"private":0,"password":""}