{"id":"gen9vgc2023regulatione-1999245503","p1":"wingwingy55","p2":"Slippers_486","format":"[Gen 9] VGC 2023 Regulation E","log":"|j|\u2606wingwingy55\n|j|\u2606Slippers_486\n|t:|1701050146\n|gametype|doubles\n|player|p1|wingwingy55|preschooler|1025\n|player|p2|Slippers_486|swimmer-gen4|1000\n|teamsize|p1|6\n|teamsize|p2|6\n|gen|9\n|tier|[Gen 9] VGC 2023 Regulation E\n|rated|\n|rule|Species Clause: Limit one of each Pok\u00e9mon\n|rule|Item Clause: Limit one of each item\n|clearpoke\n|poke|p1|Dragapult, L50, M|\n|poke|p1|Clefairy, L50, F|\n|poke|p1|Ogerpon, L50, F|\n|poke|p1|Thundurus-Therian, L50, M|\n|poke|p1|Pelipper, L50, M|\n|poke|p1|Tornadus, L50, M|\n|poke|p2|Gholdengo, L50|\n|poke|p2|Articuno-Galar, L50|\n|poke|p2|Raichu, L50, F|\n|poke|p2|Conkeldurr, L50, M|\n|poke|p2|Hydreigon, L50, F|\n|poke|p2|Ogerpon-Wellspring, L50, F|\n|teampreview|4\n|\n|t:|1701050182\n|start\n|switch|p1a: Tornadus|Tornadus, L50, M|100\/100\n|switch|p1b: Thundurus|Thundurus-Therian, L50, M|100\/100\n|switch|p2a: Raichu|Raichu, L50, F|100\/100\n|switch|p2b: Articuno|Articuno-Galar, L50|100\/100\n|turn|1\n|\n|t:|1701050214\n|switch|p1a: Dragapult|Dragapult, L50, M, shiny|100\/100\n|move|p2a: Raichu|Fake Out|p1a: Dragapult\n|-immune|p1a: Dragapult\n|move|p1b: Thundurus|Wildbolt Storm|p2a: Raichu|[spread] p2b\n|-ability|p2a: Raichu|Lightning Rod|boost\n|-boost|p2a: Raichu|spa|1\n|-supereffective|p2b: Articuno\n|-damage|p2b: Articuno|12\/100\n|-status|p2b: Articuno|par\n|move|p2b: Articuno|Tailwind|p2b: Articuno\n|-sidestart|p2: Slippers_486|move: Tailwind\n|\n|upkeep\n|turn|2\n|\n|t:|1701050254\n|move|p2a: Raichu|Encore|p1b: Thundurus\n|-start|p1b: Thundurus|Encore\n|move|p1a: Dragapult|Dragon Darts|p2b: Articuno\n|-damage|p2b: Articuno|0 fnt\n|-anim|p1a: Dragapult|Dragon Darts|p2a: Raichu\n|-damage|p2a: Raichu|45\/100\n|faint|p2b: Articuno\n|-damage|p1a: Dragapult|91\/100|[from] item: Life Orb\n|move|p1b: Thundurus|Wildbolt Storm|p2a: Raichu\n|-ability|p2a: Raichu|Lightning Rod|boost\n|-boost|p2a: Raichu|spa|1\n|\n|upkeep\n|\n|t:|1701050277\n|switch|p2b: Hydreigon|Hydreigon, L50, F|100\/100\n|turn|3\n|\n|t:|1701050310\n|switch|p1a: Ogerpon|Ogerpon, L50, F|100\/100\n|switch|p1b: Tornadus|Tornadus, L50, M|100\/100\n|move|p2a: Raichu|Volt Switch|p1a: Ogerpon\n|-resisted|p1a: Ogerpon\n|-damage|p1a: Ogerpon|76\/100\n|\n|t:|1701050318\n|switch|p2a: Conkeldurr|Conkeldurr, L50, M, shiny|100\/100|[from] Volt Switch\n|move|p2b: Hydreigon|Draco Meteor|p1a: Ogerpon\n|-damage|p1a: Ogerpon|0 fnt\n|-unboost|p2b: Hydreigon|spa|2\n|faint|p1a: Ogerpon\n|-damage|p2b: Hydreigon|91\/100|[from] item: Life Orb\n|\n|upkeep\n|\n|t:|1701050328\n|switch|p1a: Thundurus|Thundurus-Therian, L50, M|100\/100\n|turn|4\n|\n|t:|1701050351\n|switch|p2b: Raichu|Raichu, L50, F|45\/100\n|move|p1a: Thundurus|Protect|p1a: Thundurus\n|-singleturn|p1a: Thundurus|Protect\n|move|p1b: Tornadus|Rain Dance|p1b: Tornadus\n|-weather|RainDance\n|move|p2a: Conkeldurr|Ice Punch|p1b: Tornadus\n|-supereffective|p1b: Tornadus\n|-damage|p1b: Tornadus|27\/100\n|\n|-weather|RainDance|[upkeep]\n|-sideend|p2: Slippers_486|move: Tailwind\n|upkeep\n|turn|5\n|\n|t:|1701050394\n|-terastallize|p1a: Thundurus|Flying\n|move|p2b: Raichu|Fake Out|p1b: Tornadus\n|-damage|p1b: Tornadus|18\/100\n|move|p1b: Tornadus|Tailwind|p1b: Tornadus\n|-sidestart|p1: wingwingy55|move: Tailwind\n|move|p1a: Thundurus|Tera Blast|p2a: Conkeldurr|[anim] Tera Blast Flying\n|-supereffective|p2a: Conkeldurr\n|-damage|p2a: Conkeldurr|0 fnt\n|faint|p2a: Conkeldurr\n|\n|-weather|RainDance|[upkeep]\n|upkeep\n|\n|t:|1701050410\n|switch|p2a: Hydreigon|Hydreigon, L50, F|91\/100\n|turn|6\n|\n|t:|1701050440\n|move|p1a: Thundurus|Tera Blast|p2a: Hydreigon|[anim] Tera Blast Flying\n|-damage|p2a: Hydreigon|27\/100\n|move|p1b: Tornadus|Bleakwind Storm|p2b: Raichu|[spread] p2a,p2b\n|-resisted|p2b: Raichu\n|-damage|p2a: Hydreigon|0 fnt\n|-damage|p2b: Raichu|24\/100\n|faint|p2a: Hydreigon\n|-enditem|p2b: Raichu|Red Card|[of] p1b: Tornadus\n|drag|p1b: Dragapult|Dragapult, L50, M, shiny|91\/100\n|move|p2b: Raichu|Volt Switch|p1b: Dragapult\n|-resisted|p1b: Dragapult\n|-damage|p1b: Dragapult|75\/100\n|\n|-weather|RainDance|[upkeep]\n|upkeep\n|turn|7\n|\n|t:|1701050459\n|move|p1b: Dragapult|Dragon Darts|p2b: Raichu\n|-damage|p2b: Raichu|0 fnt\n|faint|p2b: Raichu\n|-damage|p1b: Dragapult|65\/100|[from] item: Life Orb\n|\n|win|wingwingy55\n|raw|wingwingy55's rating: 1025 &rarr; <strong>1059<\/strong><br \/>(+34 for winning)\n|raw|Slippers_486's rating: 1000 &rarr; <strong>1000<\/strong><br \/>(+0 for losing)\n","uploadtime":1701050466,"views":8,"p1id":"wingwingy55","p2id":"slippers486","formatid":"gen9vgc2023regulatione","rating":1000,"private":0,"password":""}