{"id":"gen9vgc2023regulatione-1992936435","p1":"noguest000","p2":"Treecko25","format":"[Gen 9] VGC 2023 Regulation E","log":"|j|\u2606noguest000\n|j|\u2606Treecko25\n|t:|1700248341\n|gametype|doubles\n|player|p1|noguest000|bruno|1245\n|player|p2|Treecko25|hilda|1261\n|teamsize|p1|6\n|teamsize|p2|6\n|gen|9\n|tier|[Gen 9] VGC 2023 Regulation E\n|rated|\n|rule|Species Clause: Limit one of each Pok\u00e9mon\n|rule|Item Clause: Limit one of each item\n|clearpoke\n|poke|p1|Flutter Mane, L50|\n|poke|p1|Rillaboom, L50, F|\n|poke|p1|Iron Hands, L50|\n|poke|p1|Sinistcha-Masterpiece, L50|\n|poke|p1|Heatran, L50, M|\n|poke|p1|Landorus-Therian, L50, M|\n|poke|p2|Landorus-Therian, L50, M|\n|poke|p2|Ogerpon-Hearthflame, L50, F|\n|poke|p2|Rillaboom, L50, M|\n|poke|p2|Urshifu-*, L50, M|\n|poke|p2|Flutter Mane, L50|\n|poke|p2|Clefairy, L50, F|\n|teampreview|4\n|inactive|Battle timer is ON: inactive players will automatically lose when time's up. (requested by Treecko25)\n|inactive|noguest000 has 60 seconds left.\n|\n|t:|1700248399\n|start\n|switch|p1a: Rillaboom|Rillaboom, L50, F|100\/100\n|switch|p1b: Sinistcha|Sinistcha-Masterpiece, L50|100\/100\n|switch|p2a: Landorus|Landorus-Therian, L50, M|100\/100\n|switch|p2b: Rillaboom|Rillaboom, L50, M|100\/100\n|-ability|p2a: Landorus|Intimidate|boost\n|-unboost|p1a: Rillaboom|atk|1\n|-unboost|p1b: Sinistcha|atk|1\n|-fieldstart|move: Grassy Terrain|[from] ability: Grassy Surge|[of] p2b: Rillaboom\n|turn|1\n|\n|t:|1700248418\n|move|p1a: Rillaboom|Fake Out|p2a: Landorus\n|-damage|p2a: Landorus|89\/100\n|move|p2b: Rillaboom|Fake Out|p1a: Rillaboom\n|-damage|p1a: Rillaboom|87\/100\n|cant|p2a: Landorus|flinch\n|move|p1b: Sinistcha|Trick Room|p1b: Sinistcha\n|-fieldstart|move: Trick Room|[of] p1b: Sinistcha\n|\n|-heal|p1a: Rillaboom|93\/100|[from] Grassy Terrain\n|upkeep\n|turn|2\n|inactive|noguest000 has 30 seconds left.\n|\n|t:|1700248444\n|-terastallize|p2a: Landorus|Flying\n|move|p1b: Sinistcha|Matcha Gotcha|p2b: Rillaboom|[spread] p2a,p2b\n|-resisted|p2a: Landorus\n|-resisted|p2b: Rillaboom\n|-damage|p2a: Landorus|65\/100\n|-damage|p2b: Rillaboom|86\/100\n|move|p1a: Rillaboom|U-turn|p2b: Rillaboom\n|-supereffective|p2b: Rillaboom\n|-damage|p2b: Rillaboom|57\/100\n|\n|t:|1700248456\n|switch|p1a: Heatran|Heatran, L50, M|100\/100|[from] U-turn\n|move|p2b: Rillaboom|U-turn|p1b: Sinistcha\n|-damage|p1b: Sinistcha|81\/100\n|-damage|p2b: Rillaboom|41\/100|[from] item: Rocky Helmet|[of] p1b: Sinistcha\n|\n|t:|1700248466\n|switch|p2b: Clefairy|Clefairy, L50, F|100\/100|[from] U-turn\n|move|p2a: Landorus|Tera Blast|p1b: Sinistcha|[anim] Tera Blast Flying\n|-supereffective|p1b: Sinistcha\n|-damage|p1b: Sinistcha|0 fnt\n|faint|p1b: Sinistcha\n|\n|upkeep\n|\n|t:|1700248471\n|switch|p1b: Rillaboom|Rillaboom, L50, F|93\/100\n|turn|3\n|\n|t:|1700248485\n|switch|p2a: Rillaboom|Rillaboom, L50, M|41\/100\n|move|p2b: Clefairy|Protect|p2b: Clefairy\n|-singleturn|p2b: Clefairy|Protect\n|move|p1b: Rillaboom|Fake Out|p2a: Rillaboom\n|-crit|p2a: Rillaboom\n|-damage|p2a: Rillaboom|27\/100\n|move|p1a: Heatran|Flash Cannon|p2b: Clefairy\n|-activate|p2b: Clefairy|move: Protect\n|\n|-heal|p2a: Rillaboom|32\/100|[from] Grassy Terrain\n|-heal|p1b: Rillaboom|99\/100|[from] Grassy Terrain\n|upkeep\n|turn|4\n|\n|t:|1700248505\n|move|p1a: Heatran|Protect|p1a: Heatran\n|-singleturn|p1a: Heatran|Protect\n|move|p2a: Rillaboom|Fake Out|p1a: Heatran\n|-activate|p1a: Heatran|move: Protect\n|move|p2b: Clefairy|Icy Wind|p1b: Rillaboom|[spread] p1b\n|-activate|p1a: Heatran|move: Protect\n|-supereffective|p1b: Rillaboom\n|-crit|p1b: Rillaboom\n|-damage|p1b: Rillaboom|87\/100\n|-unboost|p1b: Rillaboom|spe|1\n|move|p1b: Rillaboom|U-turn|p2a: Rillaboom\n|-supereffective|p2a: Rillaboom\n|-damage|p2a: Rillaboom|0 fnt\n|faint|p2a: Rillaboom\n|\n|t:|1700248517\n|switch|p1b: Iron Hands|Iron Hands, L50|100\/100|[from] U-turn\n|\n|upkeep\n|\n|t:|1700248524\n|switch|p2a: Urshifu|Urshifu-Rapid-Strike, L50, M|100\/100\n|turn|5\n|inactive|noguest000 has 30 seconds left.\n|inactive|noguest000 has 20 seconds left.\n|\n|t:|1700248561\n|-terastallize|p1a: Heatran|Grass\n|move|p2b: Clefairy|Protect|p2b: Clefairy\n|-singleturn|p2b: Clefairy|Protect\n|move|p2a: Urshifu|Detect|p2a: Urshifu\n|-singleturn|p2a: Urshifu|Protect\n|move|p1b: Iron Hands|Drain Punch|p2a: Urshifu\n|-activate|p2a: Urshifu|move: Protect\n|move|p1a: Heatran|Flash Cannon|p2b: Clefairy\n|-activate|p2b: Clefairy|move: Protect\n|\n|-fieldend|move: Trick Room\n|-fieldend|move: Grassy Terrain\n|upkeep\n|turn|6\n|\n|t:|1700248581\n|move|p2b: Clefairy|Helping Hand|p2a: Urshifu\n|-singleturn|p2a: Urshifu|Helping Hand|[of] p2b: Clefairy\n|move|p2a: Urshifu|Surging Strikes|p1b: Iron Hands\n|-crit|p1b: Iron Hands\n|-damage|p1b: Iron Hands|77\/100\n|-crit|p1b: Iron Hands\n|-damage|p1b: Iron Hands|53\/100\n|-crit|p1b: Iron Hands\n|-damage|p1b: Iron Hands|29\/100\n|-hitcount|p1b: Iron Hands|3\n|move|p1a: Heatran|Flash Cannon|p2b: Clefairy\n|-supereffective|p2b: Clefairy\n|-damage|p2b: Clefairy|33\/100\n|move|p1b: Iron Hands|Wild Charge|p2b: Clefairy\n|-damage|p2b: Clefairy|0 fnt\n|faint|p2b: Clefairy\n|-damage|p1b: Iron Hands|23\/100|[from] Recoil\n|\n|upkeep\n|\n|t:|1700248598\n|switch|p2b: Landorus|Landorus-Therian, L50, M, tera:Flying|65\/100\n|-ability|p2b: Landorus|Intimidate|boost\n|-unboost|p1a: Heatran|atk|1\n|-unboost|p1b: Iron Hands|atk|1\n|turn|7\n|\n|t:|1700248608\n|move|p2b: Landorus|Tera Blast|p1a: Heatran|[anim] Tera Blast Flying\n|-supereffective|p1a: Heatran\n|-damage|p1a: Heatran|0 fnt\n|faint|p1a: Heatran\n|move|p2a: Urshifu|Surging Strikes|p1b: Iron Hands\n|-crit|p1b: Iron Hands\n|-damage|p1b: Iron Hands|9\/100\n|-crit|p1b: Iron Hands\n|-damage|p1b: Iron Hands|0 fnt\n|faint|p1b: Iron Hands\n|-end|p1b: Iron Hands|Quark Drive|[silent]\n|-hitcount|p1: Iron Hands|2\n|\n|upkeep\n|\n|t:|1700248618\n|switch|p1b: Rillaboom|Rillaboom, L50, F|87\/100\n|-fieldstart|move: Grassy Terrain|[from] ability: Grassy Surge|[of] p1b: Rillaboom\n|turn|8\n|\n|t:|1700248625\n|move|p2a: Urshifu|Detect|p2a: Urshifu\n|-singleturn|p2a: Urshifu|Protect\n|move|p1b: Rillaboom|Fake Out|p2b: Landorus\n|-damage|p2b: Landorus|49\/100\n|cant|p2b: Landorus|flinch\n|\n|-heal|p1b: Rillaboom|93\/100|[from] Grassy Terrain\n|upkeep\n|turn|9\n|\n|t:|1700248637\n|move|p1b: Rillaboom|Grassy Glide|p2b: Landorus\n|-resisted|p2b: Landorus\n|-damage|p2b: Landorus|28\/100\n|move|p2b: Landorus|Tera Blast|p1b: Rillaboom|[anim] Tera Blast Flying\n|-supereffective|p1b: Rillaboom\n|-damage|p1b: Rillaboom|0 fnt\n|faint|p1b: Rillaboom\n|\n|win|Treecko25\n|raw|noguest000's rating: 1245 &rarr; <strong>1221<\/strong><br \/>(-24 for losing)\n|raw|Treecko25's rating: 1261 &rarr; <strong>1285<\/strong><br \/>(+24 for winning)\n|l|\u2606noguest000\n","uploadtime":1700248652,"views":20,"p1id":"noguest000","p2id":"treecko25","formatid":"gen9vgc2023regulatione","rating":1221,"private":0,"password":""}