{"id":"gen9vgc2023regulatione-1990924217","p1":"solstardragon","p2":"AXELLARAMENA","format":"[Gen 9] VGC 2023 Regulation E","log":"|j|\u2606solstardragon\n|j|\u2606AXELLARAMENA\n|t:|1700015703\n|gametype|doubles\n|player|p1|solstardragon|gambler|1129\n|player|p2|AXELLARAMENA|1|1131\n|teamsize|p1|6\n|teamsize|p2|6\n|gen|9\n|tier|[Gen 9] VGC 2023 Regulation E\n|rated|\n|rule|Species Clause: Limit one of each Pok\u00e9mon\n|rule|Item Clause: Limit one of each item\n|clearpoke\n|poke|p1|Dipplin, L50, M|\n|poke|p1|Skeledirge, L50, M|\n|poke|p1|Gyarados, L50, M|\n|poke|p1|Indeedee-F, L50, F|\n|poke|p1|Tyranitar, L50, F|\n|poke|p1|Rillaboom, L50, F|\n|poke|p2|Torterra, L50, F|\n|poke|p2|Sinistcha, L50|\n|poke|p2|Grumpig, L50, M|\n|poke|p2|Talonflame, L50, M|\n|poke|p2|Ursaluna-Bloodmoon, L50, M|\n|poke|p2|Indeedee-F, L50, F|\n|teampreview|4\n|\n|t:|1700015762\n|start\n|switch|p1a: Indeedee|Indeedee-F, L50, F|100\/100\n|switch|p1b: Rillaboom|Rillaboom, L50, F, shiny|100\/100\n|switch|p2a: Grumpig|Grumpig, L50, M, shiny|100\/100\n|switch|p2b: Indeedee|Indeedee-F, L50, F|100\/100\n|-fieldstart|move: Grassy Terrain|[from] ability: Grassy Surge|[of] p1b: Rillaboom\n|-enditem|p1b: Rillaboom|Grassy Seed\n|-boost|p1b: Rillaboom|def|1|[from] item: Grassy Seed\n|-fieldstart|move: Psychic Terrain|[from] ability: Psychic Surge|[of] p2b: Indeedee\n|-enditem|p2b: Indeedee|Psychic Seed\n|-boost|p2b: Indeedee|spd|1|[from] item: Psychic Seed\n|turn|1\n|\n|t:|1700015831\n|switch|p1b: Skeledirge|Skeledirge, L50, M, shiny|100\/100\n|move|p2b: Indeedee|Follow Me|p2b: Indeedee\n|-singleturn|p2b: Indeedee|move: Follow Me\n|move|p1a: Indeedee|Follow Me|p1a: Indeedee\n|-singleturn|p1a: Indeedee|move: Follow Me\n|move|p2a: Grumpig|Trick Room|p2a: Grumpig\n|-fieldstart|move: Trick Room|[of] p2a: Grumpig\n|\n|upkeep\n|turn|2\n|\n|t:|1700015849\n|switch|p2b: Ursaluna|Ursaluna-Bloodmoon, L50, M|100\/100\n|move|p1a: Indeedee|Follow Me|p1a: Indeedee\n|-singleturn|p1a: Indeedee|move: Follow Me\n|move|p1b: Skeledirge|Torch Song|p2a: Grumpig\n|-damage|p2a: Grumpig|86\/100\n|-boost|p1b: Skeledirge|spa|1\n|move|p2a: Grumpig|Simple Beam|p1a: Indeedee\n|-endability|p1a: Indeedee|Psychic Surge|[from] move: Simple Beam\n|-ability|p1a: Indeedee|Simple|[from] move: Simple Beam\n|\n|upkeep\n|turn|3\n|\n|t:|1700015883\n|switch|p1b: Rillaboom|Rillaboom, L50, F, shiny|100\/100\n|-fieldstart|move: Grassy Terrain|[from] ability: Grassy Surge|[of] p1b: Rillaboom\n|-terastallize|p2b: Ursaluna|Fairy\n|move|p2b: Ursaluna|Calm Mind|p2b: Ursaluna\n|-boost|p2b: Ursaluna|spa|1\n|-boost|p2b: Ursaluna|spd|1\n|move|p1a: Indeedee|Dazzling Gleam|p2b: Ursaluna|[spread] p2a,p2b\n|-damage|p2a: Grumpig|76\/100\n|-damage|p2b: Ursaluna|90\/100\n|move|p2a: Grumpig|Taunt|p1a: Indeedee\n|-start|p1a: Indeedee|move: Taunt\n|\n|-heal|p2b: Ursaluna|96\/100|[from] Grassy Terrain\n|-heal|p2a: Grumpig|82\/100|[from] Grassy Terrain\n|upkeep\n|turn|4\n|\n|t:|1700015913\n|move|p1b: Rillaboom|Fake Out|p2b: Ursaluna\n|-damage|p2b: Ursaluna|86\/100\n|cant|p2b: Ursaluna|flinch\n|move|p1a: Indeedee|Dazzling Gleam|p2b: Ursaluna|[spread] p2a,p2b\n|-crit|p2b: Ursaluna\n|-damage|p2a: Grumpig|72\/100\n|-damage|p2b: Ursaluna|65\/100\n|move|p2a: Grumpig|Simple Beam|p2b: Ursaluna\n|-endability|p2b: Ursaluna|Mind's Eye|[from] move: Simple Beam\n|-ability|p2b: Ursaluna|Simple|[from] move: Simple Beam\n|\n|-heal|p2b: Ursaluna|71\/100|[from] Grassy Terrain\n|-heal|p2a: Grumpig|78\/100|[from] Grassy Terrain\n|upkeep\n|turn|5\n|\n|t:|1700015937\n|switch|p2a: Sinistcha|Sinistcha, L50, shiny|100\/100\n|-heal|p2b: Ursaluna|96\/100|[from] ability: Hospitality|[of] p2a: Sinistcha\n|move|p2b: Ursaluna|Calm Mind|p2b: Ursaluna\n|-boost|p2b: Ursaluna|spa|2\n|-boost|p2b: Ursaluna|spd|2\n|move|p1a: Indeedee|Dazzling Gleam|p2a: Sinistcha|[spread] p2a,p2b\n|-damage|p2a: Sinistcha|88\/100\n|-damage|p2b: Ursaluna|90\/100\n|move|p1b: Rillaboom|Wood Hammer|p2b: Ursaluna\n|-damage|p2b: Ursaluna|32\/100\n|-damage|p1b: Rillaboom|83\/100|[from] Recoil\n|\n|-heal|p2b: Ursaluna|38\/100|[from] Grassy Terrain\n|-heal|p2a: Sinistcha|94\/100|[from] Grassy Terrain\n|-heal|p1b: Rillaboom|89\/100|[from] Grassy Terrain\n|-fieldend|move: Trick Room\n|upkeep\n|turn|6\n|\n|t:|1700015959\n|move|p2b: Ursaluna|Protect|p2b: Ursaluna\n|-singleturn|p2b: Ursaluna|Protect\n|move|p1b: Rillaboom|Wood Hammer|p2b: Ursaluna\n|-activate|p2b: Ursaluna|move: Protect\n|move|p1a: Indeedee|Dazzling Gleam|p2b: Ursaluna|[spread] p2a\n|-activate|p2b: Ursaluna|move: Protect\n|-damage|p2a: Sinistcha|80\/100\n|move|p2a: Sinistcha|Trick Room|p2a: Sinistcha\n|-fieldstart|move: Trick Room|[of] p2a: Sinistcha\n|\n|-heal|p2b: Ursaluna|44\/100|[from] Grassy Terrain\n|-heal|p2a: Sinistcha|87\/100|[from] Grassy Terrain\n|-heal|p1b: Rillaboom|95\/100|[from] Grassy Terrain\n|-end|p1a: Indeedee|move: Taunt\n|upkeep\n|turn|7\n|\n|t:|1700015982\n|switch|p1b: Tyranitar|Tyranitar, L50, F|100\/100\n|-ability|p1b: Tyranitar|Unnerve\n|move|p2b: Ursaluna|Hyper Voice|p1a: Indeedee|[spread] p1a,p1b\n|-resisted|p1b: Tyranitar\n|-damage|p1a: Indeedee|7\/100\n|-damage|p1b: Tyranitar|71\/100\n|-enditem|p2b: Ursaluna|Throat Spray\n|-boost|p2b: Ursaluna|spa|2|[from] item: Throat Spray\n|move|p2a: Sinistcha|Life Dew|p2a: Sinistcha|[spread] p2a,p2b\n|-heal|p2a: Sinistcha|100\/100\n|-heal|p2b: Ursaluna|69\/100\n|move|p1a: Indeedee|Trick Room|p1a: Indeedee\n|-fieldend|move: Trick Room\n|\n|-heal|p1b: Tyranitar|77\/100|[from] Grassy Terrain\n|-heal|p1a: Indeedee|13\/100|[from] Grassy Terrain\n|-heal|p2b: Ursaluna|75\/100|[from] Grassy Terrain\n|-fieldend|move: Grassy Terrain\n|upkeep\n|turn|8\n|\n|t:|1700016009\n|switch|p1a: Rillaboom|Rillaboom, L50, F, shiny|95\/100\n|-fieldstart|move: Grassy Terrain|[from] ability: Grassy Surge|[of] p1a: Rillaboom\n|move|p1b: Tyranitar|Assurance|p2a: Sinistcha\n|-supereffective|p2a: Sinistcha\n|-damage|p2a: Sinistcha|42\/100\n|-damage|p1b: Tyranitar|60\/100|[from] item: Rocky Helmet|[of] p2a: Sinistcha\n|move|p2b: Ursaluna|Hyper Voice|p1a: Rillaboom|[spread] p1a,p1b\n|-resisted|p1b: Tyranitar\n|-damage|p1a: Rillaboom|0 fnt\n|-damage|p1b: Tyranitar|19\/100\n|faint|p1a: Rillaboom\n|move|p2a: Sinistcha|Trick Room|p2a: Sinistcha\n|-fieldstart|move: Trick Room|[of] p2a: Sinistcha\n|\n|-heal|p2b: Ursaluna|81\/100|[from] Grassy Terrain\n|-heal|p1b: Tyranitar|25\/100|[from] Grassy Terrain\n|-heal|p2a: Sinistcha|48\/100|[from] Grassy Terrain\n|upkeep\n|\n|t:|1700016026\n|switch|p1a: Indeedee|Indeedee-F, L50, F|13\/100\n|-fieldstart|move: Psychic Terrain|[from] ability: Psychic Surge|[of] p1a: Indeedee\n|turn|9\n|\n|t:|1700016037\n|move|p2b: Ursaluna|Hyper Voice|p1a: Indeedee|[spread] p1a,p1b\n|-resisted|p1b: Tyranitar\n|-damage|p1a: Indeedee|0 fnt\n|-damage|p1b: Tyranitar|0 fnt\n|faint|p1a: Indeedee\n|faint|p1b: Tyranitar\n|move|p2a: Sinistcha|Life Dew|p2a: Sinistcha|[spread] p2a,p2b\n|-heal|p2a: Sinistcha|73\/100\n|-heal|p2b: Ursaluna|100\/100\n|\n|upkeep\n|-message|solstardragon forfeited.\n|\n|win|AXELLARAMENA\n|raw|solstardragon's rating: 1129 &rarr; <strong>1104<\/strong><br \/>(-25 for losing)\n|raw|AXELLARAMENA's rating: 1131 &rarr; <strong>1156<\/strong><br \/>(+25 for winning)\n|l|\u2606solstardragon\n","uploadtime":1700016083,"views":23,"p1id":"solstardragon","p2id":"axellaramena","formatid":"gen9vgc2023regulatione","rating":1104,"private":0,"password":""}