{"id":"gen9vgc2023regulatione-1994488004","p1":"sunnyFPS","p2":"leafyarrow","format":"[Gen 9] VGC 2023 Regulation E","log":"|j|\u2606sunnyFPS\n|j|\u2606leafyarrow\n|t:|1700449747\n|gametype|doubles\n|player|p1|sunnyFPS|winona|1235\n|player|p2|leafyarrow|selene|1247\n|teamsize|p1|6\n|teamsize|p2|6\n|gen|9\n|tier|[Gen 9] VGC 2023 Regulation E\n|rated|\n|rule|Species Clause: Limit one of each Pok\u00e9mon\n|rule|Item Clause: Limit one of each item\n|clearpoke\n|poke|p1|Ogerpon-Wellspring, L50, F|\n|poke|p1|Flutter Mane, L50|\n|poke|p1|Landorus-Therian, L50, M|\n|poke|p1|Chi-Yu, L50|\n|poke|p1|Thundurus, L50, M|\n|poke|p1|Sinistcha-Masterpiece, L50|\n|poke|p2|Enamorus-Therian, L50, F|\n|poke|p2|Ursaluna, L50, M|\n|poke|p2|Indeedee-F, L50, F|\n|poke|p2|Armarouge, L50, M|\n|poke|p2|Roaring Moon, L50|\n|poke|p2|Ninetales-Alola, L50, M|\n|teampreview|4\nleafyarrow has agreed to open team sheets.\n|\n|t:|1700449781\n|start\n|switch|p1a: Landorus|Landorus-Therian, L50, M, shiny|100\/100\n|switch|p1b: Thundurus|Thundurus, L50, M, shiny|100\/100\n|switch|p2a: Roaring Moon|Roaring Moon, L50|100\/100\n|switch|p2b: Ninetales|Ninetales-Alola, L50, M|100\/100\n|-weather|Snow|[from] ability: Snow Warning|[of] p2b: Ninetales\n|-ability|p1a: Landorus|Intimidate|boost\n|-unboost|p2a: Roaring Moon|atk|1\n|-unboost|p2b: Ninetales|atk|1\n|-enditem|p2a: Roaring Moon|Booster Energy\n|-activate|p2a: Roaring Moon|ability: Protosynthesis|[fromitem]\n|-start|p2a: Roaring Moon|protosynthesisspe\n|turn|1\n|\n|t:|1700449806\n|switch|p2b: Indeedee|Indeedee-F, L50, F|100\/100\n|-fieldstart|move: Psychic Terrain|[from] ability: Psychic Surge|[of] p2b: Indeedee\n|-enditem|p2b: Indeedee|Psychic Seed\n|-boost|p2b: Indeedee|spd|1|[from] item: Psychic Seed\n|move|p1b: Thundurus|Taunt|p2b: Indeedee\n|-activate|p2b: Indeedee|move: Psychic Terrain\n|move|p2a: Roaring Moon|Knock Off|p1a: Landorus\n|-damage|p1a: Landorus|59\/100\n|-enditem|p1a: Landorus|Covert Cloak|[from] move: Knock Off|[of] p2a: Roaring Moon\n|move|p1a: Landorus|Rock Slide|p2a: Roaring Moon|[spread] p2a,p2b\n|-crit|p2b: Indeedee\n|-damage|p2a: Roaring Moon|73\/100\n|-damage|p2b: Indeedee|69\/100\n|\n|-weather|Snow|[upkeep]\n|upkeep\n|turn|2\n|\n|t:|1700449828\n|move|p2b: Indeedee|Helping Hand|p2a: Roaring Moon\n|-singleturn|p2a: Roaring Moon|Helping Hand|[of] p2b: Indeedee\n|move|p2a: Roaring Moon|Knock Off|p1b: Thundurus\n|-damage|p1b: Thundurus|19\/100\n|-enditem|p1b: Thundurus|Aguav Berry|[from] move: Knock Off|[of] p2a: Roaring Moon\n|move|p1b: Thundurus|Wildbolt Storm|p2b: Indeedee|[spread] p2a,p2b\n|-resisted|p2a: Roaring Moon\n|-crit|p2a: Roaring Moon\n|-damage|p2a: Roaring Moon|44\/100\n|-damage|p2b: Indeedee|40\/100\n|-status|p2a: Roaring Moon|par\n|-status|p2b: Indeedee|par\n|move|p1a: Landorus|Taunt|p2b: Indeedee\n|-start|p2b: Indeedee|move: Taunt\n|\n|-weather|Snow|[upkeep]\n|upkeep\n|turn|3\n|c|\u2606sunnyFPS|what\uff1f\n|\n|t:|1700449852\n|move|p1b: Thundurus|Wildbolt Storm|p2b: Indeedee|[spread] p2a,p2b\n|-resisted|p2a: Roaring Moon\n|-damage|p2a: Roaring Moon|23\/100 par\n|-damage|p2b: Indeedee|11\/100 par\n|move|p1a: Landorus|Rock Slide|p2a: Roaring Moon|[spread] p2b\n|-miss|p1a: Landorus|p2a: Roaring Moon\n|-damage|p2b: Indeedee|0 fnt\n|faint|p2b: Indeedee\n|cant|p2a: Roaring Moon|par\n|\n|-weather|Snow|[upkeep]\n|upkeep\n|\n|t:|1700449868\n|switch|p2b: Armarouge|Armarouge, L50, M|100\/100\n|turn|4\n|\n|t:|1700449892\n|move|p1b: Thundurus|Wildbolt Storm|p2b: Armarouge|[spread] p2a,p2b\n|-resisted|p2a: Roaring Moon\n|-damage|p2a: Roaring Moon|2\/100 par\n|-damage|p2b: Armarouge|51\/100\n|-status|p2b: Armarouge|par\n|move|p1a: Landorus|Rock Slide|p2a: Roaring Moon|[spread] p2a,p2b\n|-supereffective|p2b: Armarouge\n|-damage|p2a: Roaring Moon|0 fnt\n|-damage|p2b: Armarouge|13\/100 par\n|faint|p2a: Roaring Moon\n|-end|p2a: Roaring Moon|Protosynthesis|[silent]\n|cant|p2b: Armarouge|flinch\n|\n|-weather|Snow|[upkeep]\n|upkeep\n|\n|t:|1700449904\n|switch|p2a: Ninetales|Ninetales-Alola, L50, M|100\/100\n|turn|5\n|\n|t:|1700449914\n|move|p2a: Ninetales|Aurora Veil|p2a: Ninetales\n|-sidestart|p2: leafyarrow|move: Aurora Veil\n|move|p1b: Thundurus|Wildbolt Storm|p2b: Armarouge|[spread] p2a\n|-miss|p1b: Thundurus|p2b: Armarouge\n|-damage|p2a: Ninetales|65\/100\n|move|p1a: Landorus|Earthquake|p2b: Armarouge|[spread] p2a,p2b\n|-immune|p1b: Thundurus\n|-supereffective|p2b: Armarouge\n|-damage|p2a: Ninetales|38\/100\n|-damage|p2b: Armarouge|0 fnt\n|faint|p2b: Armarouge\n|\n|-weather|none\n|-fieldend|move: Psychic Terrain\n|upkeep\n|turn|6\n|-message|leafyarrow forfeited.\n|\n|win|sunnyFPS\n|raw|sunnyFPS's rating: 1235 &rarr; <strong>1261<\/strong><br \/>(+26 for winning)\n|raw|leafyarrow's rating: 1247 &rarr; <strong>1221<\/strong><br \/>(-26 for losing)\n|l|\u2606leafyarrow\n","uploadtime":1700449930,"views":36,"p1id":"sunnyfps","p2id":"leafyarrow","formatid":"gen9vgc2023regulatione","rating":1221,"private":0,"password":""}