{"id":"gen9vgc2023regulatione-1999450494","p1":"DouWu","p2":"BeckerVGC","format":"[Gen 9] VGC 2023 Regulation E","log":"|j|\u2606DouWu\n|j|\u2606BeckerVGC\n|t:|1701082495\n|gametype|doubles\n|player|p1|DouWu|larry|1384\n|player|p2|BeckerVGC|hiker-gen4|1301\n|teamsize|p1|6\n|teamsize|p2|6\n|gen|9\n|tier|[Gen 9] VGC 2023 Regulation E\n|rated|\n|rule|Species Clause: Limit one of each Pok\u00e9mon\n|rule|Item Clause: Limit one of each item\n|clearpoke\n|poke|p1|Roaring Moon, L50|\n|poke|p1|Weezing, L50, M|\n|poke|p1|Flutter Mane, L50|\n|poke|p1|Iron Hands, L50|\n|poke|p1|Landorus-Therian, L50, M|\n|poke|p1|Ogerpon-Hearthflame, L50, F|\n|poke|p2|Indeedee-F, L50, F|\n|poke|p2|Armarouge, L50, M|\n|poke|p2|Gholdengo, L50|\n|poke|p2|Tornadus, L50, M|\n|poke|p2|Urshifu-*, L50, F|\n|poke|p2|Iron Hands, L50|\n|teampreview|4\n|\n|t:|1701082528\n|start\n|switch|p1a: Weezing|Weezing, L50, M|100\/100\n|switch|p1b: Roaring Moon|Roaring Moon, L50|100\/100\n|switch|p2a: Gholdengo|Gholdengo, L50|100\/100\n|switch|p2b: Iron Hands|Iron Hands, L50|100\/100\n|-ability|p1a: Weezing|Neutralizing Gas\n|-enditem|p1b: Roaring Moon|Booster Energy\n|-activate|p1b: Roaring Moon|ability: Protosynthesis|[fromitem]\n|-start|p1b: Roaring Moon|protosynthesisspe\n|turn|1\n|\n|t:|1701082559\n|-terastallize|p2a: Gholdengo|Fairy\n|move|p1b: Roaring Moon|Knock Off|p2a: Gholdengo\n|-resisted|p2a: Gholdengo\n|-damage|p2a: Gholdengo|75\/100\n|-enditem|p2a: Gholdengo|Choice Specs|[from] move: Knock Off|[of] p1b: Roaring Moon\n|move|p2a: Gholdengo|Dazzling Gleam|p1b: Roaring Moon|[spread] p1a,p1b\n|-resisted|p1a: Weezing\n|-supereffective|p1b: Roaring Moon\n|-damage|p1a: Weezing|81\/100\n|-damage|p1b: Roaring Moon|0 fnt\n|faint|p1b: Roaring Moon\n|-end|p1b: Roaring Moon|Protosynthesis|[silent]\n|move|p1a: Weezing|Will-O-Wisp|p2b: Iron Hands\n|-status|p2b: Iron Hands|brn\n|move|p2b: Iron Hands|Drain Punch|p1a: Weezing\n|-resisted|p1a: Weezing\n|-damage|p1a: Weezing|73\/100\n|\n|-heal|p1a: Weezing|79\/100|[from] item: Leftovers\n|-damage|p2b: Iron Hands|95\/100 brn|[from] brn\n|upkeep\n|\n|t:|1701082592\n|switch|p1b: Ogerpon|Ogerpon-Hearthflame, L50, F|100\/100\n|turn|2\n|\n|t:|1701082608\n|move|p1b: Ogerpon|Stomping Tantrum|p2b: Iron Hands\n|-supereffective|p2b: Iron Hands\n|-damage|p2b: Iron Hands|53\/100 brn\n|move|p2a: Gholdengo|Make It Rain|p1a: Weezing|[spread] p1a,p1b\n|-resisted|p1b: Ogerpon\n|-damage|p1a: Weezing|21\/100\n|-damage|p1b: Ogerpon|76\/100\n|-unboost|p2a: Gholdengo|spa|1\n|move|p1a: Weezing|Gunk Shot|p2a: Gholdengo\n|-supereffective|p2a: Gholdengo\n|-damage|p2a: Gholdengo|0 fnt\n|faint|p2a: Gholdengo\n|move|p2b: Iron Hands|Ice Punch|p1b: Ogerpon\n|-crit|p1b: Ogerpon\n|-damage|p1b: Ogerpon|49\/100\n|\n|-heal|p1a: Weezing|27\/100|[from] item: Leftovers\n|-damage|p2b: Iron Hands|47\/100 brn|[from] brn\n|upkeep\n|\n|t:|1701082634\n|switch|p2a: Indeedee|Indeedee-F, L50, F|100\/100\n|turn|3\n|\n|t:|1701082662\n|move|p1b: Ogerpon|Spiky Shield|p1b: Ogerpon\n|-singleturn|p1b: Ogerpon|move: Protect\n|move|p2a: Indeedee|Psychic|p1a: Weezing\n|-supereffective|p1a: Weezing\n|-damage|p1a: Weezing|0 fnt\n|faint|p1a: Weezing\n|-end|p1a: Weezing|ability: Neutralizing Gas\n|-ability|p1b: Ogerpon|Mold Breaker\n|-fieldstart|move: Psychic Terrain|[from] ability: Psychic Surge|[of] p2a: Indeedee\n|-enditem|p2a: Indeedee|Psychic Seed\n|-boost|p2a: Indeedee|spd|1|[from] item: Psychic Seed\n|move|p2b: Iron Hands|Ice Punch|p1b: Ogerpon\n|-activate|p1b: Ogerpon|move: Protect\n|-damage|p2b: Iron Hands|35\/100 brn|[from] Spiky Shield|[of] p1b: Ogerpon\n|\n|-damage|p2b: Iron Hands|29\/100 brn|[from] brn\n|upkeep\n|\n|t:|1701082679\n|switch|p1a: Landorus|Landorus-Therian, L50, M|100\/100\n|-ability|p1a: Landorus|Intimidate|boost\n|-unboost|p2a: Indeedee|atk|1\n|-unboost|p2b: Iron Hands|atk|1\n|turn|4\n|\n|t:|1701082692\n|-end|p2b: Iron Hands|Quark Drive|[silent]\n|switch|p2b: Armarouge|Armarouge, L50, M|100\/100\n|move|p2a: Indeedee|Follow Me|p2a: Indeedee\n|-singleturn|p2a: Indeedee|move: Follow Me\n|move|p1b: Ogerpon|Stomping Tantrum|p2a: Indeedee\n|-damage|p2a: Indeedee|70\/100\n|move|p1a: Landorus|U-turn|p2a: Indeedee\n|-supereffective|p2a: Indeedee\n|-damage|p2a: Indeedee|19\/100\n|\n|upkeep\n|turn|5\n|\n|t:|1701082715\n|move|p2a: Indeedee|Follow Me|p2a: Indeedee\n|-singleturn|p2a: Indeedee|move: Follow Me\n|move|p1b: Ogerpon|Stomping Tantrum|p2a: Indeedee\n|-damage|p2a: Indeedee|0 fnt\n|faint|p2a: Indeedee\n|move|p1a: Landorus|Stomping Tantrum|p2b: Armarouge\n|-supereffective|p2b: Armarouge\n|-damage|p2b: Armarouge|18\/100\n|move|p2b: Armarouge|Expanding Force|p1b: Ogerpon|[spread] p1a,p1b\n|-damage|p1a: Landorus|5\/100\n|-damage|p1b: Ogerpon|0 fnt\n|faint|p1b: Ogerpon\n|-damage|p2b: Armarouge|8\/100|[from] item: Life Orb\n|\n|upkeep\n|\n|t:|1701082728\n|switch|p2a: Iron Hands|Iron Hands, L50|29\/100 brn\n|turn|6\n|\n|t:|1701082736\n|move|p1a: Landorus|Protect|p1a: Landorus\n|-singleturn|p1a: Landorus|Protect\n|move|p2a: Iron Hands|Fake Out|p1a: Landorus\n|-hint|Psychic Terrain doesn't affect Pok\u00e9mon immune to Ground.\n|-activate|p1a: Landorus|move: Protect\n|move|p2b: Armarouge|Expanding Force|p1a: Landorus\n|-activate|p1a: Landorus|move: Protect\n|\n|-damage|p2a: Iron Hands|23\/100 brn|[from] brn\n|upkeep\n|turn|7\n|\n|t:|1701082755\n|-terastallize|p1a: Landorus|Water\n|move|p2b: Armarouge|Wide Guard|p2b: Armarouge\n|-singleturn|p2b: Armarouge|Wide Guard\n|move|p1a: Landorus|Stomping Tantrum|p2b: Armarouge\n|-supereffective|p2b: Armarouge\n|-damage|p2b: Armarouge|0 fnt\n|faint|p2b: Armarouge\n|move|p2a: Iron Hands|Ice Punch|p1a: Landorus\n|-resisted|p1a: Landorus\n|-damage|p1a: Landorus|0 fnt\n|faint|p1a: Landorus\n|\n|win|BeckerVGC\n|raw|DouWu's rating: 1384 &rarr; <strong>1359<\/strong><br \/>(-25 for losing)\n|raw|BeckerVGC's rating: 1301 &rarr; <strong>1326<\/strong><br \/>(+25 for winning)\n|l|\u2606DouWu\n","uploadtime":1701082797,"views":15,"p1id":"douwu","p2id":"beckervgc","formatid":"gen9vgc2023regulatione","rating":1326,"private":0,"password":""}