{"id":"gen9vgc2023regulatione-1991444546","p1":"zackattack13131","p2":"LegacyShowden","format":"[Gen 9] VGC 2023 Regulation E","log":"|j|\u2606zackattack13131\n|j|\u2606LegacyShowden\n|t:|1700077640\n|gametype|doubles\n|player|p1|zackattack13131|101|1080\n|player|p2|LegacyShowden|rosa|1095\n|teamsize|p1|6\n|teamsize|p2|6\n|gen|9\n|tier|[Gen 9] VGC 2023 Regulation E\n|rated|\n|rule|Species Clause: Limit one of each Pok\u00e9mon\n|rule|Item Clause: Limit one of each item\n|clearpoke\n|poke|p1|Tyranitar, L50, F|\n|poke|p1|Jolteon, L50, M|\n|poke|p1|Landorus-Therian, L50, M|\n|poke|p1|Tornadus, L50, M|\n|poke|p1|Wugtrio, L50, F|\n|poke|p1|Infernape, L50, F|\n|poke|p2|Landorus-Therian, L50, M|\n|poke|p2|Samurott-Hisui, L50, M|\n|poke|p2|Ogerpon-Hearthflame, L50, F|\n|poke|p2|Kommo-o, L50, M|\n|poke|p2|Gholdengo, L50|\n|poke|p2|Thundurus, L50, M|\n|teampreview|4\n|inactive|Battle timer is ON: inactive players will automatically lose when time's up. (requested by LegacyShowden)\nzackattack13131 rejected open team sheets.\n|inactive|zackattack13131 has 60 seconds left.\n|inactive|LegacyShowden has 60 seconds left.\n|\n|t:|1700077688\n|start\n|switch|p1a: Infernape|Infernape, L50, F|100\/100\n|switch|p1b: Tornadus|Tornadus, L50, M|100\/100\n|switch|p2a: Landorus|Landorus-Therian, L50, M|100\/100\n|switch|p2b: Kommo-o|Kommo-o, L50, M|100\/100\n|-ability|p2a: Landorus|Intimidate|boost\n|-unboost|p1a: Infernape|atk|1\n|-unboost|p1b: Tornadus|atk|1\n|turn|1\n|inactive|LegacyShowden has 30 seconds left.\n|inactive|LegacyShowden has 20 seconds left.\n|inactive|LegacyShowden has 15 seconds left.\n|inactive|LegacyShowden has 10 seconds left.\n|\n|t:|1700077735\n|switch|p2a: Gholdengo|Gholdengo, L50|100\/100\n|move|p1a: Infernape|Protect|p1a: Infernape\n|-singleturn|p1a: Infernape|Protect\n|move|p2b: Kommo-o|Protect|p2b: Kommo-o\n|-singleturn|p2b: Kommo-o|Protect\n|move|p1b: Tornadus|Tailwind|p1b: Tornadus\n|-sidestart|p1: zackattack13131|move: Tailwind\n|\n|upkeep\n|turn|2\n|inactive|zackattack13131 has 30 seconds left.\n|inactive|LegacyShowden has 30 seconds left.\n|inactive|LegacyShowden has 20 seconds left.\n|inactive|LegacyShowden has 15 seconds left.\n|inactive|LegacyShowden has 10 seconds left.\n|\n|t:|1700077785\n|move|p1b: Tornadus|Bleakwind Storm|p2b: Kommo-o|[spread] p2a,p2b\n|-resisted|p2a: Gholdengo\n|-supereffective|p2b: Kommo-o\n|-damage|p2a: Gholdengo|83\/100\n|-damage|p2b: Kommo-o|33\/100\n|-enditem|p2b: Kommo-o|Sitrus Berry|[eat]\n|-heal|p2b: Kommo-o|58\/100|[from] item: Sitrus Berry\n|move|p1a: Infernape|Fire Punch|p2a: Gholdengo\n|-supereffective|p2a: Gholdengo\n|-damage|p2a: Gholdengo|19\/100\n|move|p2b: Kommo-o|Body Press|p1a: Infernape\n|-damage|p1a: Infernape|39\/100\n|move|p2a: Gholdengo|Make It Rain|p1a: Infernape|[spread] p1a,p1b\n|-resisted|p1a: Infernape\n|-damage|p1a: Infernape|0 fnt\n|-damage|p1b: Tornadus|0 fnt\n|-unboost|p2a: Gholdengo|spa|1\n|faint|p1a: Infernape\n|faint|p1b: Tornadus\n|-damage|p2a: Gholdengo|10\/100|[from] item: Life Orb\n|\n|upkeep\n|\n|t:|1700077807\n|switch|p1b: Jolteon|Jolteon, L50, M|100\/100\n|switch|p1a: Landorus|Landorus-Therian, L50, M|100\/100\n|-ability|p1a: Landorus|Intimidate|boost\n|-unboost|p2a: Gholdengo|atk|1\n|-unboost|p2b: Kommo-o|atk|1\n|turn|3\n|\n|t:|1700077823\n|switch|p2b: Landorus|Landorus-Therian, L50, M|100\/100\n|-ability|p2b: Landorus|Intimidate|boost\n|-unboost|p1a: Landorus|atk|1\n|-unboost|p1b: Jolteon|atk|1\n|move|p1b: Jolteon|Discharge|p2b: Landorus|[spread] p2a\n|-immune|p1a: Landorus\n|-immune|p2b: Landorus\n|-damage|p2a: Gholdengo|0 fnt\n|faint|p2a: Gholdengo\n|move|p1a: Landorus|Rock Slide|p2b: Landorus\n|-damage|p2b: Landorus|71\/100\n|-damage|p1a: Landorus|91\/100|[from] item: Life Orb\n|\n|upkeep\n|\n|t:|1700077837\n|switch|p2a: Kommo-o|Kommo-o, L50, M|58\/100\n|turn|4\n|\n|t:|1700077851\n|move|p2a: Kommo-o|Protect|p2a: Kommo-o\n|-singleturn|p2a: Kommo-o|Protect\n|move|p1b: Jolteon|Discharge|p2a: Kommo-o|[spread] \n|-activate|p2a: Kommo-o|move: Protect\n|-immune|p1a: Landorus\n|-immune|p2b: Landorus\n|move|p1a: Landorus|Rock Slide|p2a: Kommo-o|[spread] p2b\n|-activate|p2a: Kommo-o|move: Protect\n|-damage|p2b: Landorus|48\/100\n|-damage|p1a: Landorus|81\/100|[from] item: Life Orb\n|move|p2b: Landorus|Stomping Tantrum|p1b: Jolteon\n|-supereffective|p1b: Jolteon\n|-damage|p1b: Jolteon|0 fnt\n|faint|p1b: Jolteon\n|\n|-sideend|p1: zackattack13131|move: Tailwind\n|upkeep\n|turn|5\n|\n|t:|1700077874\n|switch|p2b: Ogerpon|Ogerpon-Hearthflame, L50, F|100\/100\n|-ability|p2b: Ogerpon|Mold Breaker\n|move|p1a: Landorus|Rock Slide|p2a: Kommo-o|[spread] p2a,p2b\n|-resisted|p2a: Kommo-o\n|-supereffective|p2b: Ogerpon\n|-damage|p2a: Kommo-o|52\/100\n|-damage|p2b: Ogerpon|55\/100\n|-damage|p1a: Landorus|71\/100|[from] item: Life Orb\n|cant|p2a: Kommo-o|flinch\n|\n|upkeep\n|turn|6\n|inactive|LegacyShowden has 30 seconds left.\n|inactive|LegacyShowden has 20 seconds left.\n|\n|t:|1700077914\n|move|p2b: Ogerpon|Horn Leech|p1a: Landorus\n|-damage|p1a: Landorus|18\/100\n|-heal|p2b: Ogerpon|84\/100|[from] drain|[of] p1a: Landorus\n|move|p1a: Landorus|Earthquake|p2a: Kommo-o|[spread] p2a,p2b\n|-damage|p2a: Kommo-o|26\/100\n|-damage|p2b: Ogerpon|39\/100\n|-damage|p1a: Landorus|8\/100|[from] item: Life Orb\n|move|p2a: Kommo-o|Iron Defense|p2a: Kommo-o\n|-boost|p2a: Kommo-o|def|2\n|\n|upkeep\n|turn|7\n|-message|zackattack13131 forfeited.\n|\n|win|LegacyShowden\n|raw|zackattack13131's rating: 1080 &rarr; <strong>1059<\/strong><br \/>(-21 for losing)\n|raw|LegacyShowden's rating: 1095 &rarr; <strong>1120<\/strong><br \/>(+25 for winning)\n|l|\u2606zackattack13131\n","uploadtime":1700077935,"views":10,"p1id":"zackattack13131","p2id":"legacyshowden","formatid":"gen9vgc2023regulatione","rating":1059,"private":0,"password":""}