{"id":"gen9vgc2023regulatione-1996708666","p1":"Titandoubles","p2":"L10n Escanor","format":"[Gen 9] VGC 2023 Regulation E","log":"|j|\u2606Titandoubles\n|j|\u2606L10n Escanor\n|t:|1700712618\n|gametype|doubles\n|player|p1|Titandoubles|266|1162\n|player|p2|L10n Escanor|steven|1206\n|teamsize|p1|6\n|teamsize|p2|6\n|gen|9\n|tier|[Gen 9] VGC 2023 Regulation E\n|rated|\n|rule|Species Clause: Limit one of each Pok\u00e9mon\n|rule|Item Clause: Limit one of each item\n|clearpoke\n|poke|p1|Ninetales-Alola, L50, F|\n|poke|p1|Landorus-Therian, L50, M|\n|poke|p1|Rillaboom, L50, F|\n|poke|p1|Heatran, L50, M|\n|poke|p1|Glastrier, L50|\n|poke|p1|Farigiraf, L50, F|\n|poke|p2|Flutter Mane, L50|\n|poke|p2|Iron Hands, L50|\n|poke|p2|Ogerpon-Hearthflame, L50, F|\n|poke|p2|Urshifu-*, L50, F|\n|poke|p2|Amoonguss, L50, F|\n|poke|p2|Tornadus, L50, M|\n|teampreview|4\nL10n Escanor has agreed to open team sheets.\n|\n|t:|1700712669\n|start\n|switch|p1a: Ninetales|Ninetales-Alola, L50, F|100\/100\n|switch|p1b: Rillaboom|Rillaboom, L50, F|100\/100\n|switch|p2a: Tornadus|Tornadus, L50, M|100\/100\n|switch|p2b: Flutter Mane|Flutter Mane, L50|100\/100\n|-weather|Snow|[from] ability: Snow Warning|[of] p1a: Ninetales\n|-fieldstart|move: Grassy Terrain|[from] ability: Grassy Surge|[of] p1b: Rillaboom\n|-enditem|p2b: Flutter Mane|Booster Energy\n|-activate|p2b: Flutter Mane|ability: Protosynthesis|[fromitem]\n|-start|p2b: Flutter Mane|protosynthesisspa\n|turn|1\n|inactive|Battle timer is ON: inactive players will automatically lose when time's up. (requested by Titandoubles)\n|\n|t:|1700712722\n|move|p2a: Tornadus|Tailwind|p2a: Tornadus\n|-sidestart|p2: L10n Escanor|move: Tailwind\n|move|p1b: Rillaboom|Grassy Glide|p2b: Flutter Mane\n|-damage|p2b: Flutter Mane|22\/100\n|move|p2b: Flutter Mane|Moonblast|p1a: Ninetales\n|-damage|p1a: Ninetales|22\/100\n|move|p1a: Ninetales|Aurora Veil|p1a: Ninetales\n|-sidestart|p1: Titandoubles|move: Aurora Veil\n|\n|-weather|Snow|[upkeep]\n|-heal|p2b: Flutter Mane|28\/100|[from] Grassy Terrain\n|-heal|p1a: Ninetales|28\/100|[from] Grassy Terrain\n|upkeep\n|turn|2\n|inactive|L10n Escanor has 30 seconds left.\n|\n|t:|1700712752\n|move|p2b: Flutter Mane|Protect|p2b: Flutter Mane\n|-singleturn|p2b: Flutter Mane|Protect\n|move|p1b: Rillaboom|Grassy Glide|p2b: Flutter Mane\n|-activate|p2b: Flutter Mane|move: Protect\n|move|p2a: Tornadus|Bleakwind Storm|p1a: Ninetales|[spread] p1a\n|-miss|p2a: Tornadus|p1b: Rillaboom\n|-damage|p1a: Ninetales|4\/100\n|move|p1a: Ninetales|Blizzard|p2a: Tornadus|[spread] p2a\n|-activate|p2b: Flutter Mane|move: Protect\n|-supereffective|p2a: Tornadus\n|-damage|p2a: Tornadus|21\/100\n|\n|-weather|Snow|[upkeep]\n|-heal|p2b: Flutter Mane|34\/100|[from] Grassy Terrain\n|-heal|p1a: Ninetales|10\/100|[from] Grassy Terrain\n|upkeep\n|turn|3\n|inactive|L10n Escanor has 30 seconds left.\n|inactive|Titandoubles has 30 seconds left.\n|inactive|L10n Escanor has 20 seconds left.\n|\n|t:|1700712789\n|-end|p2b: Flutter Mane|Protosynthesis|[silent]\n|switch|p2b: Ogerpon|Ogerpon-Hearthflame, L50, F|100\/100\n|-ability|p2b: Ogerpon|Mold Breaker\n|move|p1a: Ninetales|Protect|p1a: Ninetales\n|-singleturn|p1a: Ninetales|Protect\n|move|p2a: Tornadus|Rain Dance|p2a: Tornadus\n|-weather|RainDance\n|move|p1b: Rillaboom|Grassy Glide|p2b: Ogerpon\n|-resisted|p2b: Ogerpon\n|-damage|p2b: Ogerpon|88\/100\n|\n|-weather|RainDance|[upkeep]\n|-heal|p2b: Ogerpon|94\/100|[from] Grassy Terrain\n|-heal|p1a: Ninetales|16\/100|[from] Grassy Terrain\n|upkeep\n|turn|4\n|inactive|Titandoubles has 30 seconds left.\n|inactive|Titandoubles has 20 seconds left.\n|\n|t:|1700712827\n|switch|p1b: Landorus|Landorus-Therian, L50, M|100\/100\n|-ability|p1b: Landorus|Intimidate|boost\n|-unboost|p2a: Tornadus|atk|1\n|-unboost|p2b: Ogerpon|atk|1\n|move|p2b: Ogerpon|Grassy Glide|p1a: Ninetales\n|-damage|p1a: Ninetales|0 fnt\n|faint|p1a: Ninetales\n|move|p2a: Tornadus|Bleakwind Storm|p1b: Landorus\n|-damage|p1b: Landorus|78\/100\n|\n|-weather|RainDance|[upkeep]\n|-heal|p2b: Ogerpon|100\/100|[from] Grassy Terrain\n|-sideend|p2: L10n Escanor|move: Tailwind\n|upkeep\n|\n|t:|1700712842\n|switch|p1a: Rillaboom|Rillaboom, L50, F|100\/100\n|turn|5\n|\n|t:|1700712865\n|move|p2b: Ogerpon|Spiky Shield|p2b: Ogerpon\n|-singleturn|p2b: Ogerpon|move: Protect\n|move|p1a: Rillaboom|Fake Out|p2a: Tornadus\n|-damage|p2a: Tornadus|3\/100\n|move|p2a: Tornadus|Tailwind|p2a: Tornadus\n|-sidestart|p2: L10n Escanor|move: Tailwind\n|move|p1b: Landorus|Rock Slide|p2a: Tornadus|[spread] p2a\n|-activate|p2b: Ogerpon|move: Protect\n|-supereffective|p2a: Tornadus\n|-damage|p2a: Tornadus|0 fnt\n|faint|p2a: Tornadus\n|\n|-weather|RainDance|[upkeep]\n|-sideend|p1: Titandoubles|move: Aurora Veil\n|-fieldend|move: Grassy Terrain\n|upkeep\n|\n|t:|1700712881\n|switch|p2a: Urshifu|Urshifu-Rapid-Strike, L50, F|100\/100\n|turn|6\n|\n|t:|1700712905\n|-terastallize|p2a: Urshifu|Water\n|move|p2b: Ogerpon|Ivy Cudgel|p1a: Rillaboom|[anim] Ivy Cudgel Fire\n|-supereffective|p1a: Rillaboom\n|-damage|p1a: Rillaboom|55\/100\n|move|p2a: Urshifu|Surging Strikes|p1b: Landorus\n|-supereffective|p1b: Landorus\n|-crit|p1b: Landorus\n|-damage|p1b: Landorus|0 fnt\n|faint|p1b: Landorus\n|-hitcount|p1: Landorus|1\n|move|p1a: Rillaboom|Wood Hammer|p2a: Urshifu\n|-supereffective|p2a: Urshifu\n|-damage|p2a: Urshifu|0 fnt\n|faint|p2a: Urshifu\n|-damage|p1a: Rillaboom|19\/100|[from] Recoil\n|\n|-weather|RainDance|[upkeep]\n|upkeep\n|\n|t:|1700712920\n|switch|p2a: Flutter Mane|Flutter Mane, L50|34\/100\n|switch|p1b: Glastrier|Glastrier, L50|100\/100\n|turn|7\n|inactive|Titandoubles has 30 seconds left.\n|inactive|L10n Escanor has 30 seconds left.\n|\n|t:|1700712954\n|-terastallize|p1b: Glastrier|Ice\n|move|p2a: Flutter Mane|Dazzling Gleam|p1b: Glastrier|[spread] p1a,p1b\n|-damage|p1a: Rillaboom|0 fnt\n|-damage|p1b: Glastrier|76\/100\n|faint|p1a: Rillaboom\n|move|p2b: Ogerpon|Horn Leech|p1b: Glastrier\n|-damage|p1b: Glastrier|56\/100\n|move|p1b: Glastrier|Icicle Crash|p2b: Ogerpon\n|-damage|p2b: Ogerpon|0 fnt\n|faint|p2b: Ogerpon\n|-ability|p1b: Glastrier|Chilling Neigh|boost\n|-boost|p1b: Glastrier|atk|1\n|-damage|p1b: Glastrier|46\/100|[from] item: Life Orb\n|\n|-weather|none\n|upkeep\n|turn|8\n|\n|t:|1700712972\n|move|p2a: Flutter Mane|Moonblast|p1b: Glastrier\n|-damage|p1b: Glastrier|0 fnt\n|faint|p1b: Glastrier\n|\n|win|L10n Escanor\n|raw|Titandoubles's rating: 1162 &rarr; <strong>1140<\/strong><br \/>(-22 for losing)\n|raw|L10n Escanor's rating: 1206 &rarr; <strong>1228<\/strong><br \/>(+22 for winning)\n","uploadtime":1700712978,"views":5,"p1id":"titandoubles","p2id":"l10nescanor","formatid":"gen9vgc2023regulatione","rating":1140,"private":0,"password":""}