{"id":"gen9vgc2023regulatione-1998430386","p1":"whyismynamejeff","p2":"catondrugs","format":"[Gen 9] VGC 2023 Regulation E","log":"|j|\u2606whyismynamejeff\n|j|\u2606catondrugs\n|t:|1700941453\n|gametype|doubles\n|player|p1|whyismynamejeff|musician|1066\n|player|p2|catondrugs|ingo|1000\n|teamsize|p1|6\n|teamsize|p2|6\n|gen|9\n|tier|[Gen 9] VGC 2023 Regulation E\n|rated|\n|rule|Species Clause: Limit one of each Pok\u00e9mon\n|rule|Item Clause: Limit one of each item\n|clearpoke\n|poke|p1|Ogerpon-Wellspring, L50, F|\n|poke|p1|Regieleki, L50|\n|poke|p1|Indeedee-F, L50, F|\n|poke|p1|Tornadus, L50, M|\n|poke|p1|Chi-Yu, L50|\n|poke|p1|Flutter Mane, L50|\n|poke|p2|Indeedee-F, L50, F|\n|poke|p2|Grimmsnarl, L50, M|\n|poke|p2|Toxapex, L50, F|\n|poke|p2|Umbreon, L50, F|\n|poke|p2|Typhlosion-Hisui, L50, M|\n|poke|p2|Samurott-Hisui, L50, F|\n|teampreview|4\n|\n|t:|1700941474\n|start\n|switch|p1a: Regieleki|Regieleki, L50|100\/100\n|switch|p1b: Chi-Yu|Chi-Yu, L50|100\/100\n|switch|p2a: Grimmsnarl|Grimmsnarl, L50, M|100\/100\n|switch|p2b: Toxapex|Toxapex, L50, F|100\/100\n|-ability|p1b: Chi-Yu|Beads of Ruin\n|turn|1\n|\n|t:|1700941492\n|move|p1b: Chi-Yu|Protect|p1b: Chi-Yu\n|-singleturn|p1b: Chi-Yu|Protect\n|move|p2b: Toxapex|Baneful Bunker|p2b: Toxapex\n|-singleturn|p2b: Toxapex|move: Protect\n|move|p2a: Grimmsnarl|Light Screen|p2a: Grimmsnarl\n|-sidestart|p2: catondrugs|move: Light Screen\n|move|p1a: Regieleki|Thunderbolt|p2b: Toxapex\n|-activate|p2b: Toxapex|move: Protect\n|\n|upkeep\n|turn|2\n|\n|t:|1700941508\n|move|p2a: Grimmsnarl|Reflect|p2a: Grimmsnarl\n|-sidestart|p2: catondrugs|Reflect\n|move|p1a: Regieleki|Thunderbolt|p2b: Toxapex\n|-supereffective|p2b: Toxapex\n|-damage|p2b: Toxapex|27\/100\n|move|p1b: Chi-Yu|Heat Wave|p2a: Grimmsnarl|[spread] p2b\n|-miss|p1b: Chi-Yu|p2a: Grimmsnarl\n|-resisted|p2b: Toxapex\n|-damage|p2b: Toxapex|12\/100\n|-damage|p1b: Chi-Yu|91\/100|[from] item: Life Orb\n|move|p2b: Toxapex|Poison Jab|p1a: Regieleki\n|-damage|p1a: Regieleki|60\/100\n|\n|-heal|p2b: Toxapex|18\/100|[from] item: Black Sludge\n|upkeep\n|turn|3\n|c|\u2606whyismynamejeff|bro\n|\n|t:|1700941535\n|move|p2a: Grimmsnarl|Protect|p2a: Grimmsnarl\n|-singleturn|p2a: Grimmsnarl|Protect\n|move|p2b: Toxapex|Baneful Bunker|p2b: Toxapex\n|-singleturn|p2b: Toxapex|move: Protect\n|move|p1a: Regieleki|Thunderbolt|p2b: Toxapex\n|-activate|p2b: Toxapex|move: Protect\n|move|p1b: Chi-Yu|Overheat|p2a: Grimmsnarl\n|-activate|p2a: Grimmsnarl|move: Protect\n|\n|-heal|p2b: Toxapex|23\/100|[from] item: Black Sludge\n|upkeep\n|turn|4\n|\n|t:|1700941557\n|switch|p2b: Indeedee|Indeedee-F, L50, F|100\/100\n|-fieldstart|move: Psychic Terrain|[from] ability: Psychic Surge|[of] p2b: Indeedee\n|move|p2a: Grimmsnarl|Parting Shot|p1b: Chi-Yu\n|-activate|p1b: Chi-Yu|move: Psychic Terrain\n|move|p1a: Regieleki|Thunderbolt|p2b: Indeedee\n|-damage|p2b: Indeedee|50\/100\n|-enditem|p2b: Indeedee|Sitrus Berry|[eat]\n|-heal|p2b: Indeedee|75\/100|[from] item: Sitrus Berry\n|move|p1b: Chi-Yu|Overheat|p2a: Grimmsnarl\n|-damage|p2a: Grimmsnarl|29\/100\n|-unboost|p1b: Chi-Yu|spa|2\n|-damage|p1b: Chi-Yu|81\/100|[from] item: Life Orb\n|\n|upkeep\n|turn|5\n|\n|t:|1700941580\n|switch|p1b: Ogerpon|Ogerpon-Wellspring, L50, F|100\/100\n|move|p2a: Grimmsnarl|Parting Shot|p1a: Regieleki\n|-activate|p1a: Regieleki|move: Psychic Terrain\n|move|p1a: Regieleki|Thunderbolt|p2b: Indeedee\n|-damage|p2b: Indeedee|33\/100\n|move|p2b: Indeedee|Dazzling Gleam|p1a: Regieleki|[spread] p1a,p1b\n|-damage|p1a: Regieleki|34\/100\n|-damage|p1b: Ogerpon|83\/100\n|\n|upkeep\n|turn|6\n|\n|t:|1700941609\n|move|p1a: Regieleki|Protect|p1a: Regieleki\n|-singleturn|p1a: Regieleki|Protect\n|move|p2a: Grimmsnarl|Parting Shot|p1b: Ogerpon\n|-activate|p1b: Ogerpon|move: Psychic Terrain\n|move|p1b: Ogerpon|Swords Dance|p1b: Ogerpon\n|-boost|p1b: Ogerpon|atk|2\n|move|p2b: Indeedee|Dazzling Gleam|p1a: Regieleki|[spread] p1b\n|-activate|p1a: Regieleki|move: Protect\n|-damage|p1b: Ogerpon|66\/100\n|\n|upkeep\n|turn|7\n|\n|t:|1700941627\n|switch|p2a: Samurott|Samurott-Hisui, L50, F|100\/100\n|move|p1a: Regieleki|Thunderbolt|p2a: Samurott\n|-supereffective|p2a: Samurott\n|-damage|p2a: Samurott|0 fnt\n|faint|p2a: Samurott\n|move|p1b: Ogerpon|Horn Leech|p2b: Indeedee\n|-damage|p2b: Indeedee|0 fnt\n|-heal|p1b: Ogerpon|85\/100|[from] drain|[of] p2b: Indeedee\n|faint|p2b: Indeedee\n|\n|upkeep\n|\n|t:|1700941638\n|switch|p2a: Toxapex|Toxapex, L50, F|57\/100\n|switch|p2b: Grimmsnarl|Grimmsnarl, L50, M|29\/100\n|turn|8\n|\n|t:|1700941651\n|move|p2b: Grimmsnarl|Parting Shot|p1a: Regieleki\n|-activate|p1a: Regieleki|move: Psychic Terrain\n|move|p1a: Regieleki|Thunderbolt|p2a: Toxapex\n|-supereffective|p2a: Toxapex\n|-damage|p2a: Toxapex|0 fnt\n|faint|p2a: Toxapex\n|move|p1b: Ogerpon|Ivy Cudgel|p2b: Grimmsnarl|[anim] Ivy Cudgel Water\n|-damage|p2b: Grimmsnarl|0 fnt\n|faint|p2b: Grimmsnarl\n|\n|win|whyismynamejeff\n|raw|whyismynamejeff's rating: 1066 &rarr; <strong>1090<\/strong><br \/>(+24 for winning)\n|raw|catondrugs's rating: 1000 &rarr; <strong>1000<\/strong><br \/>(+0 for losing)\n|l|\u2606catondrugs\n","uploadtime":1700941725,"views":11,"p1id":"whyismynamejeff","p2id":"catondrugs","formatid":"gen9vgc2023regulatione","rating":1000,"private":0,"password":""}