{"id":"gen9vgc2023regulatione-1998301098","p1":"gucci sister","p2":"miencraftLord77","format":"[Gen 9] VGC 2023 Regulation E","log":"|j|\u2606gucci sister\n|j|\u2606miencraftLord77\n|t:|1700926726\n|gametype|doubles\n|player|p1|gucci sister|266|1048\n|player|p2|miencraftLord77|lucas|1107\n|teamsize|p1|6\n|teamsize|p2|6\n|gen|9\n|tier|[Gen 9] VGC 2023 Regulation E\n|rated|\n|rule|Species Clause: Limit one of each Pok\u00e9mon\n|rule|Item Clause: Limit one of each item\n|clearpoke\n|poke|p1|Zapdos-Galar, L50|\n|poke|p1|Dedenne, L50, F|\n|poke|p1|Iron Valiant, L50|\n|poke|p1|Muk-Alola, L50, F|\n|poke|p1|Ceruledge, L50, F|\n|poke|p1|Revavroom, L50, F|\n|poke|p2|Urshifu-*, L50, M|\n|poke|p2|Tornadus, L50, M|\n|poke|p2|Basculegion, L50, M|\n|poke|p2|Iron Hands, L50|\n|poke|p2|Flutter Mane, L50|\n|poke|p2|Clefable, L50, F|\n|teampreview|4\n|inactive|Battle timer is ON: inactive players will automatically lose when time's up. (requested by miencraftLord77)\n|inactive|miencraftLord77 has 60 seconds left.\ngucci sister rejected open team sheets.\n|\n|t:|1700926762\n|start\n|switch|p1a: Revavroom|Revavroom, L50, F|100\/100\n|switch|p1b: Muk|Muk-Alola, L50, F|100\/100\n|switch|p2a: Tornadus|Tornadus, L50, M, shiny|100\/100\n|switch|p2b: Basculegion|Basculegion, L50, M, shiny|100\/100\n|turn|1\n|inactive|miencraftLord77 has 30 seconds left.\n|\n|t:|1700926788\n|move|p2a: Tornadus|Rain Dance|p2a: Tornadus\n|-weather|RainDance\n|move|p2b: Basculegion|Wave Crash|p1b: Muk\n|-damage|p1b: Muk|0 fnt\n|-damage|p2b: Basculegion|84\/100|[from] item: Rocky Helmet|[of] p1b: Muk\n|faint|p1b: Muk\n|-damage|p2b: Basculegion|48\/100|[from] Recoil\n|move|p1a: Revavroom|Shift Gear|p1a: Revavroom\n|-boost|p1a: Revavroom|spe|2\n|-boost|p1a: Revavroom|atk|1\n|\n|-weather|RainDance|[upkeep]\n|upkeep\n|\n|t:|1700926800\n|switch|p1b: Dedenne|Dedenne, L50, F|100\/100\n|turn|2\n|\n|t:|1700926808\n|move|p1a: Revavroom|Protect|p1a: Revavroom\n|-singleturn|p1a: Revavroom|Protect\n|move|p2a: Tornadus|Tailwind|p2a: Tornadus\n|-sidestart|p2: miencraftLord77|move: Tailwind\n|move|p2b: Basculegion|Wave Crash|p1a: Revavroom\n|-activate|p1a: Revavroom|move: Protect\n|move|p1b: Dedenne|Nuzzle|p2b: Basculegion\n|-supereffective|p2b: Basculegion\n|-damage|p2b: Basculegion|36\/100\n|-status|p2b: Basculegion|par\n|\n|-weather|RainDance|[upkeep]\n|upkeep\n|turn|3\n|c|\u2606miencraftLord77|you got me\n|c|\u2606gucci sister|i love dedenne\n|\n|t:|1700926831\n|move|p1a: Revavroom|Poison Jab|p2a: Tornadus\n|-damage|p2a: Tornadus|28\/100\n|move|p2a: Tornadus|Bleakwind Storm|p1a: Revavroom|[spread] p1a,p1b\n|-resisted|p1a: Revavroom\n|-resisted|p1b: Dedenne\n|-damage|p1a: Revavroom|79\/100\n|-damage|p1b: Dedenne|80\/100\n|move|p2b: Basculegion|Wave Crash|p1a: Revavroom\n|-damage|p1a: Revavroom|0 fnt\n|faint|p1a: Revavroom\n|-damage|p2b: Basculegion|15\/100 par|[from] Recoil\n|move|p1b: Dedenne|Nuzzle|p2a: Tornadus\n|-supereffective|p2a: Tornadus\n|-damage|p2a: Tornadus|15\/100\n|-status|p2a: Tornadus|par\n|\n|-weather|RainDance|[upkeep]\n|upkeep\n|c|\u2606miencraftLord77|????\n|c|\u2606miencraftLord77|your car is going to die\n|\n|t:|1700926844\n|switch|p1a: Zapdos|Zapdos-Galar, L50, shiny|100\/100\n|turn|4\n|c|\u2606miencraftLord77|are you just paralyzing everything\n|c|\u2606gucci sister|yes\n|c|\u2606miencraftLord77|you have choice specs nuzzle\n|c|\u2606miencraftLord77|not even scarf?\n|inactive|miencraftLord77 has 30 seconds left.\n|\n|t:|1700926878\n|move|p1a: Zapdos|Detect|p1a: Zapdos\n|-singleturn|p1a: Zapdos|Protect\n|move|p2b: Basculegion|Wave Crash|p1a: Zapdos\n|-activate|p1a: Zapdos|move: Protect\n|move|p1b: Dedenne|Charm|p2b: Basculegion\n|-unboost|p2b: Basculegion|atk|2\n|move|p2a: Tornadus|Bleakwind Storm|p1b: Dedenne|[spread] p1b\n|-activate|p1a: Zapdos|move: Protect\n|-resisted|p1b: Dedenne\n|-damage|p1b: Dedenne|57\/100\n|-unboost|p1b: Dedenne|spe|1\n|\n|-weather|RainDance|[upkeep]\n|upkeep\n|turn|5\n|c|\u2606miencraftLord77|D:\n|c|\u2606miencraftLord77|not cool\n|inactive|miencraftLord77 has 30 seconds left.\n|\n|t:|1700926905\n|switch|p2a: Clefable|Clefable, L50, F|100\/100\n|-terastallize|p1a: Zapdos|Ice\n|move|p1b: Dedenne|Protect|p1b: Dedenne\n|-singleturn|p1b: Dedenne|Protect\n|move|p2b: Basculegion|Wave Crash|p1a: Zapdos\n|-damage|p1a: Zapdos|32\/100\n|-damage|p2b: Basculegion|0 fnt|[from] Recoil\n|faint|p2b: Basculegion\n|move|p1a: Zapdos|Dual Wingbeat|p2a: Clefable\n|-damage|p2a: Clefable|79\/100\n|-damage|p2a: Clefable|60\/100\n|-hitcount|p2a: Clefable|2\n|\n|-weather|RainDance|[upkeep]\n|-sideend|p2: miencraftLord77|move: Tailwind\n|upkeep\n|c|\u2606miencraftLord77|die please\n|\n|t:|1700926922\n|switch|p2b: Tornadus|Tornadus, L50, M, shiny|15\/100 par\n|turn|6\n|inactive|miencraftLord77 has 30 seconds left.\n|\n|t:|1700926954\n|move|p2a: Clefable|Follow Me|p2a: Clefable\n|-singleturn|p2a: Clefable|move: Follow Me\n|move|p1a: Zapdos|Tera Blast|p2a: Clefable|[anim] Tera Blast Ice\n|-damage|p2a: Clefable|21\/100\n|move|p1b: Dedenne|Nuzzle|p2a: Clefable\n|-damage|p2a: Clefable|15\/100\n|-status|p2a: Clefable|par\n|move|p2b: Tornadus|Bleakwind Storm|p1a: Zapdos|[spread] p1a,p1b\n|-resisted|p1b: Dedenne\n|-damage|p1a: Zapdos|1\/100\n|-damage|p1b: Dedenne|35\/100\n|-unboost|p1b: Dedenne|spe|1\n|-enditem|p1b: Dedenne|Sitrus Berry|[eat]\n|-heal|p1b: Dedenne|60\/100|[from] item: Sitrus Berry\n|-heal|p1b: Dedenne|93\/100|[from] ability: Cheek Pouch\n|\n|-weather|RainDance|[upkeep]\n|upkeep\n|turn|7\n|c|\u2606miencraftLord77|excuse me sir why are you not dead\n|c|\u2606miencraftLord77|i have acomplaint\n|\n|t:|1700926974\n|move|p1a: Zapdos|Detect|p1a: Zapdos\n|-singleturn|p1a: Zapdos|Protect\n|cant|p2a: Clefable|par\n|move|p1b: Dedenne|Nuzzle|p2b: Tornadus\n|-supereffective|p2b: Tornadus\n|-damage|p2b: Tornadus|2\/100 par\n|move|p2b: Tornadus|Bleakwind Storm|p1b: Dedenne|[spread] p1b\n|-activate|p1a: Zapdos|move: Protect\n|-resisted|p1b: Dedenne\n|-damage|p1b: Dedenne|71\/100\n|\n|-weather|RainDance|[upkeep]\n|upkeep\n|turn|8\n|\n|t:|1700926989\n|move|p2a: Clefable|Follow Me|p2a: Clefable\n|-singleturn|p2a: Clefable|move: Follow Me\n|move|p1a: Zapdos|Tera Blast|p2a: Clefable|[anim] Tera Blast Ice\n|-damage|p2a: Clefable|0 fnt\n|faint|p2a: Clefable\n|move|p1b: Dedenne|Nuzzle|p2b: Tornadus\n|-supereffective|p2b: Tornadus\n|-damage|p2b: Tornadus|0 fnt\n|faint|p2b: Tornadus\n|\n|-weather|none\n|upkeep\n|c|\u2606miencraftLord77|will you fall down a flight of stairs already\n|c|\u2606miencraftLord77|PLEASE\n|c|\u2606gucci sister|:O\n|\n|t:|1700927001\n|switch|p2b: Urshifu|Urshifu-Rapid-Strike, L50, M|100\/100\n|turn|9\n|\n|t:|1700927015\n|move|p2b: Urshifu|Surging Strikes|p1a: Zapdos\n|-crit|p1a: Zapdos\n|-damage|p1a: Zapdos|0 fnt\n|faint|p1a: Zapdos\n|-hitcount|p1: Zapdos|1\n|move|p1b: Dedenne|Charm|p2b: Urshifu\n|-unboost|p2b: Urshifu|atk|2\n|\n|upkeep\n|turn|10\n|c|\u2606miencraftLord77|no\n|c|\u2606miencraftLord77|bad mouse\n|c|\u2606gucci sister|:]\n|\n|t:|1700927029\n|move|p2b: Urshifu|Surging Strikes|p1b: Dedenne\n|-crit|p1b: Dedenne\n|-damage|p1b: Dedenne|31\/100\n|-crit|p1b: Dedenne\n|-damage|p1b: Dedenne|0 fnt\n|faint|p1b: Dedenne\n|-hitcount|p1: Dedenne|2\n|\n|win|miencraftLord77\n|raw|gucci sister's rating: 1048 &rarr; <strong>1034<\/strong><br \/>(-14 for losing)\n|raw|miencraftLord77's rating: 1107 &rarr; <strong>1128<\/strong><br \/>(+21 for winning)\n|c|\u2606miencraftLord77|ggs\n|c|\u2606gucci sister|gg\n|c|\u2606gucci sister|wp\n|l|\u2606gucci sister\n|c|\u2606miencraftLord77|super fun game\n","uploadtime":1700927041,"views":5,"p1id":"guccisister","p2id":"miencraftlord77","formatid":"gen9vgc2023regulatione","rating":1034,"private":0,"password":""}