{"id":"gen9vgc2023regulatione-1993036176","p1":"WizardDragons","p2":"luk29powavgcwp","format":"[Gen 9] VGC 2023 Regulation E","log":"|j|\u2606WizardDragons\n|j|\u2606luk29powavgcwp\n|t:|1700257772\n|gametype|doubles\n|player|p1|WizardDragons|alder|1211\n|player|p2|luk29powavgcwp|102|1135\n|teamsize|p1|6\n|teamsize|p2|6\n|gen|9\n|tier|[Gen 9] VGC 2023 Regulation E\n|rated|\n|rule|Species Clause: Limit one of each Pok\u00e9mon\n|rule|Item Clause: Limit one of each item\n|clearpoke\n|poke|p1|Sinistcha, L50|\n|poke|p1|Urshifu-*, L50, M|\n|poke|p1|Ogerpon-Wellspring, L50, F|\n|poke|p1|Chien-Pao, L50|\n|poke|p1|Flutter Mane, L50|\n|poke|p1|Iron Hands, L50|\n|poke|p2|Tornadus, L50, M|\n|poke|p2|Landorus-Therian, L50, M|\n|poke|p2|Gholdengo, L50|\n|poke|p2|Ogerpon-Hearthflame, L50, F|\n|poke|p2|Urshifu-*, L50, M|\n|poke|p2|Iron Bundle, L50|\n|teampreview|4\n|\n|t:|1700257815\n|start\n|switch|p1a: Chien-Pao|Chien-Pao, L50|100\/100\n|switch|p1b: Ogerpon|Ogerpon-Wellspring, L50, F|100\/100\n|switch|p2a: Landorus|Landorus-Therian, L50, M|100\/100\n|switch|p2b: Iron Bundle|Iron Bundle, L50|100\/100\n|-ability|p2a: Landorus|Intimidate|boost\n|-unboost|p1a: Chien-Pao|atk|1\n|-unboost|p1b: Ogerpon|atk|1\n|-ability|p1a: Chien-Pao|Sword of Ruin\n|-enditem|p2b: Iron Bundle|Booster Energy\n|-activate|p2b: Iron Bundle|ability: Quark Drive|[fromitem]\n|-start|p2b: Iron Bundle|quarkdrivespe\n|turn|1\n|\n|t:|1700257846\n|move|p2b: Iron Bundle|Freeze-Dry|p1b: Ogerpon\n|-supereffective|p1b: Ogerpon\n|-damage|p1b: Ogerpon|0 fnt\n|faint|p1b: Ogerpon\n|move|p2a: Landorus|U-turn|p1a: Chien-Pao\n|-supereffective|p1a: Chien-Pao\n|-damage|p1a: Chien-Pao|13\/100\n|\n|t:|1700257862\n|switch|p2a: Ogerpon|Ogerpon-Hearthflame, L50, F|100\/100|[from] U-turn\n|-ability|p2a: Ogerpon|Mold Breaker\n|move|p1a: Chien-Pao|Icy Wind|p2a: Ogerpon|[spread] p2a,p2b\n|-resisted|p2b: Iron Bundle\n|-damage|p2a: Ogerpon|84\/100\n|-damage|p2b: Iron Bundle|96\/100\n|-unboost|p2a: Ogerpon|spe|1\n|-unboost|p2b: Iron Bundle|spe|1\n|\n|upkeep\n|\n|t:|1700257880\n|switch|p1b: Flutter Mane|Flutter Mane, L50|100\/100\n|turn|2\n|\n|t:|1700257900\n|switch|p2a: Landorus|Landorus-Therian, L50, M|100\/100\n|-ability|p2a: Landorus|Intimidate|boost\n|-unboost|p1a: Chien-Pao|atk|1\n|-unboost|p1b: Flutter Mane|atk|1\n|move|p1a: Chien-Pao|Sucker Punch||[still]\n|-fail|p1a: Chien-Pao\n|move|p1b: Flutter Mane|Thunderbolt|p2b: Iron Bundle\n|-supereffective|p2b: Iron Bundle\n|-damage|p2b: Iron Bundle|0 fnt\n|faint|p2b: Iron Bundle\n|-end|p2b: Iron Bundle|Quark Drive|[silent]\n|\n|upkeep\n|\n|t:|1700257924\n|switch|p2b: Urshifu|Urshifu, L50, M|100\/100\n|turn|3\n|\n|t:|1700257956\n|-end|p1b: Flutter Mane|Protosynthesis|[silent]\n|switch|p1b: Urshifu|Urshifu, L50, M|100\/100\n|-terastallize|p2b: Urshifu|Poison\n|move|p2b: Urshifu|Sucker Punch||[still]\n|-fail|p2b: Urshifu\n|move|p2a: Landorus|U-turn|p1a: Chien-Pao\n|-supereffective|p1a: Chien-Pao\n|-damage|p1a: Chien-Pao|0 fnt\n|faint|p1a: Chien-Pao\n|\n|t:|1700257966\n|switch|p2a: Ogerpon|Ogerpon-Hearthflame, L50, F|84\/100|[from] U-turn\n|-ability|p2a: Ogerpon|Mold Breaker\n|\n|upkeep\n|\n|t:|1700257969\n|switch|p1a: Flutter Mane|Flutter Mane, L50|100\/100\n|turn|4\n|\n|t:|1700257991\n|switch|p2a: Landorus|Landorus-Therian, L50, M|100\/100\n|-ability|p2a: Landorus|Intimidate|boost\n|-unboost|p1a: Flutter Mane|atk|1\n|-unboost|p1b: Urshifu|atk|1\n|move|p2b: Urshifu|Sucker Punch|p1a: Flutter Mane\n|-damage|p1a: Flutter Mane|0 fnt\n|faint|p1a: Flutter Mane\n|-end|p1a: Flutter Mane|Protosynthesis|[silent]\n|move|p1b: Urshifu|Wicked Blow|p2a: Landorus\n|-crit|p2a: Landorus\n|-damage|p2a: Landorus|8\/100\n|-damage|p1b: Urshifu|91\/100|[from] item: Life Orb\n|\n|upkeep\n|turn|5\n|\n|t:|1700258010\n|switch|p2a: Ogerpon|Ogerpon-Hearthflame, L50, F|84\/100\n|-ability|p2a: Ogerpon|Mold Breaker\n|-terastallize|p1b: Urshifu|Fire\n|move|p2b: Urshifu|Sucker Punch|p1b: Urshifu\n|-damage|p1b: Urshifu|34\/100\n|move|p1b: Urshifu|Wicked Blow|p2a: Ogerpon\n|-crit|p2a: Ogerpon\n|-damage|p2a: Ogerpon|0 fnt\n|faint|p2a: Ogerpon\n|-damage|p1b: Urshifu|24\/100|[from] item: Life Orb\n|\n|upkeep\n|\n|t:|1700258024\n|switch|p2a: Landorus|Landorus-Therian, L50, M|8\/100\n|-ability|p2a: Landorus|Intimidate|boost\n|-unboost|p1b: Urshifu|atk|1\n|turn|6\n|\n|t:|1700258035\n|move|p2b: Urshifu|Sucker Punch|p1b: Urshifu\n|-damage|p1b: Urshifu|0 fnt\n|faint|p1b: Urshifu\n|\n|win|luk29powavgcwp\n|raw|WizardDragons's rating: 1211 &rarr; <strong>1181<\/strong><br \/>(-30 for losing)\n|raw|luk29powavgcwp's rating: 1135 &rarr; <strong>1165<\/strong><br \/>(+30 for winning)\n|l|\u2606WizardDragons\n","uploadtime":1700258041,"views":9,"p1id":"wizarddragons","p2id":"luk29powavgcwp","formatid":"gen9vgc2023regulatione","rating":1165,"private":0,"password":""}