{"id":"gen9vgc2023regulatione-1990114384","p1":"Oshawott","p2":"brunovisk2","format":"[Gen 9] VGC 2023 Regulation E","log":"|j|\u2606Oshawott\n|j|\u2606brunovisk2\n|t:|1699926076\n|gametype|doubles\n|player|p1|Oshawott|giovanni|\n|player|p2|brunovisk2|ethan|\n|teamsize|p1|6\n|teamsize|p2|6\n|gen|9\n|tier|[Gen 9] VGC 2023 Regulation E\n|rated|Tournament battle\n|rule|Species Clause: Limit one of each Pok\u00e9mon\n|rule|Item Clause: Limit one of each item\n|clearpoke\n|poke|p1|Roaring Moon, L50|\n|poke|p1|Iron Hands, L50|\n|poke|p1|Arcanine-Hisui, L50, M|\n|poke|p1|Gholdengo, L50|\n|poke|p1|Thundurus, L50, M|\n|poke|p1|Rillaboom, L50, M|\n|poke|p2|Moltres-Galar, L50|\n|poke|p2|Sinistcha, L50|\n|poke|p2|Grimmsnarl, L50, M|\n|poke|p2|Iron Hands, L50|\n|poke|p2|Flutter Mane, L50|\n|poke|p2|Arcanine-Hisui, L50, M|\n|teampreview|4\n|showteam|p1|Roaring Moon||BoosterEnergy|Protosynthesis|KnockOff,Acrobatics,Tailwind,Protect||||||50|,,,,,Flying]Iron Hands||AssaultVest|QuarkDrive|DrainPunch,WildCharge,HeavySlam,FakeOut||||||50|,,,,,Fire]Arcanine-Hisui||ChoiceBand|Intimidate|FlareBlitz,RockSlide,TeraBlast,ExtremeSpeed|||M|||50|,,,,,Fairy]Gholdengo||Leftovers|GoodasGold|MakeItRain,ShadowBall,NastyPlot,Protect||||||50|,,,,,Dragon]Thundurus||GrassySeed|Defiant|WildCharge,Acrobatics,BulkUp,Protect|||M|||50|,,,,,Water]Rillaboom||MiracleSeed|GrassySurge|GrassyGlide,FakeOut,HighHorsepower,WoodHammer|||M|||50|,,,,,Fire\n|showteam|p2|Moltres-Galar||SitrusBerry|Berserk|FieryWrath,AirSlash,NastyPlot,Protect||||||50|,,,,,Poison]Sinistcha||RockyHelmet|Hospitality|MatchaGotcha,RagePowder,StrengthSap,TrickRoom||||||50|,,,,,Dragon]Grimmsnarl||LightClay|Prankster|SpiritBreak,LightScreen,Reflect,Taunt|||M|||50|,,,,,Fire]Iron Hands||AssaultVest|QuarkDrive|WildCharge,DrainPunch,FakeOut,HeavySlam||||||50|,,,,,Grass]Flutter Mane||ChoiceSpecs|Protosynthesis|DazzlingGleam,ShadowBall,Thunderbolt,Moonblast||||||50|,,,,,Fairy]Arcanine-Hisui||ChoiceBand|Intimidate|FlareBlitz,RockSlide,ExtremeSpeed,TeraBlast|||M|||50|,,,,,Fairy\n|inactive|Battle timer is ON: inactive players will automatically lose when time's up. (requested by Oshawott)\n|c|\u2606brunovisk2|sup bro\n|c|\u2606brunovisk2|glhf\n|inactive|Oshawott has 60 seconds left.\n|\n|t:|1699926115\n|start\n|switch|p1a: Roaring Moon|Roaring Moon, L50, shiny|100\/100\n|switch|p1b: Arcanine|Arcanine-Hisui, L50, M, shiny|100\/100\n|switch|p2a: Arcanine|Arcanine-Hisui, L50, M|100\/100\n|switch|p2b: Iron Hands|Iron Hands, L50|100\/100\n|-ability|p2a: Arcanine|Intimidate|boost\n|-unboost|p1a: Roaring Moon|atk|1\n|-unboost|p1b: Arcanine|atk|1\n|-ability|p1b: Arcanine|Intimidate|boost\n|-unboost|p2a: Arcanine|atk|1\n|-unboost|p2b: Iron Hands|atk|1\n|-enditem|p1a: Roaring Moon|Booster Energy\n|-activate|p1a: Roaring Moon|ability: Protosynthesis|[fromitem]\n|-start|p1a: Roaring Moon|protosynthesisspe\n|turn|1\n|inactive|Oshawott has 30 seconds left.\n|inactive|Oshawott has 20 seconds left.\n|inactive|brunovisk2 has 30 seconds left.\n|inactive|Oshawott has 15 seconds left.\n|\n|t:|1699926156\n|move|p1a: Roaring Moon|Protect|p1a: Roaring Moon\n|-singleturn|p1a: Roaring Moon|Protect\n|move|p2b: Iron Hands|Fake Out|p1b: Arcanine\n|-resisted|p1b: Arcanine\n|-damage|p1b: Arcanine|95\/100\n|move|p2a: Arcanine|Rock Slide|p1b: Arcanine|[spread] p1b\n|-activate|p1a: Roaring Moon|move: Protect\n|-supereffective|p1b: Arcanine\n|-damage|p1b: Arcanine|35\/100\n|cant|p1b: Arcanine|flinch\n|\n|upkeep\n|turn|2\n|\n|t:|1699926180\n|move|p1b: Arcanine|Extreme Speed|p2b: Iron Hands\n|-damage|p2b: Iron Hands|80\/100\n|move|p1a: Roaring Moon|Tailwind|p1a: Roaring Moon\n|-sidestart|p1: Oshawott|move: Tailwind\n|move|p2a: Arcanine|Rock Slide|p1b: Arcanine|[spread] p1a,p1b\n|-crit|p1a: Roaring Moon\n|-supereffective|p1b: Arcanine\n|-damage|p1a: Roaring Moon|19\/100\n|-damage|p1b: Arcanine|0 fnt\n|faint|p1b: Arcanine\n|move|p2b: Iron Hands|Drain Punch|p1a: Roaring Moon\n|-supereffective|p1a: Roaring Moon\n|-damage|p1a: Roaring Moon|0 fnt\n|-heal|p2b: Iron Hands|88\/100|[from] drain|[of] p1a: Roaring Moon\n|faint|p1a: Roaring Moon\n|-end|p1a: Roaring Moon|Protosynthesis|[silent]\n|\n|upkeep\n|\n|t:|1699926187\n|switch|p1a: Rillaboom|Rillaboom, L50, M|100\/100\n|switch|p1b: Thundurus|Thundurus, L50, M|100\/100\n|-fieldstart|move: Grassy Terrain|[from] ability: Grassy Surge|[of] p1a: Rillaboom\n|-enditem|p1b: Thundurus|Grassy Seed\n|-boost|p1b: Thundurus|def|1|[from] item: Grassy Seed\n|turn|3\n|\n|t:|1699926210\n|-end|p2b: Iron Hands|Quark Drive|[silent]\n|switch|p2b: Sinistcha|Sinistcha, L50|100\/100\n|move|p1a: Rillaboom|Fake Out|p2a: Arcanine\n|-resisted|p2a: Arcanine\n|-damage|p2a: Arcanine|92\/100\n|move|p1b: Thundurus|Bulk Up|p1b: Thundurus\n|-boost|p1b: Thundurus|atk|1\n|-boost|p1b: Thundurus|def|1\n|cant|p2a: Arcanine|flinch\n|\n|-heal|p2a: Arcanine|98\/100|[from] Grassy Terrain\n|upkeep\n|turn|4\n|\n|t:|1699926228\n|switch|p2a: Iron Hands|Iron Hands, L50|88\/100\n|-terastallize|p1a: Rillaboom|Fire\n|move|p1b: Thundurus|Acrobatics|p2b: Sinistcha\n|-supereffective|p2b: Sinistcha\n|-damage|p2b: Sinistcha|0 fnt\n|-damage|p1b: Thundurus|84\/100|[from] item: Rocky Helmet|[of] p2b: Sinistcha\n|faint|p2b: Sinistcha\n|move|p1a: Rillaboom|High Horsepower|p2a: Iron Hands\n|-supereffective|p2a: Iron Hands\n|-damage|p2a: Iron Hands|33\/100\n|\n|-heal|p2a: Iron Hands|39\/100|[from] Grassy Terrain\n|upkeep\n|\n|t:|1699926243\n|switch|p2b: Arcanine|Arcanine-Hisui, L50, M|98\/100\n|-ability|p2b: Arcanine|Intimidate|boost\n|-unboost|p1a: Rillaboom|atk|1\n|-unboost|p1b: Thundurus|atk|1\n|-ability|p1b: Thundurus|Defiant|boost\n|-boost|p1b: Thundurus|atk|2\n|turn|5\n|\n|t:|1699926259\n|move|p2a: Iron Hands|Fake Out|p1a: Rillaboom\n|-damage|p1a: Rillaboom|86\/100\n|move|p1b: Thundurus|Wild Charge|p2b: Arcanine\n|-damage|p2b: Arcanine|2\/100\n|-damage|p1b: Thundurus|60\/100|[from] Recoil\n|cant|p1a: Rillaboom|flinch\n|move|p2b: Arcanine|Rock Slide|p1a: Rillaboom|[spread] p1a,p1b\n|-supereffective|p1a: Rillaboom\n|-supereffective|p1b: Thundurus\n|-damage|p1a: Rillaboom|11\/100\n|-damage|p1b: Thundurus|7\/100\n|\n|-heal|p1a: Rillaboom|17\/100|[from] Grassy Terrain\n|-heal|p2b: Arcanine|8\/100|[from] Grassy Terrain\n|-heal|p2a: Iron Hands|45\/100|[from] Grassy Terrain\n|-sideend|p1: Oshawott|move: Tailwind\n|upkeep\n|turn|6\n|\n|t:|1699926283\n|move|p1a: Rillaboom|Grassy Glide|p2b: Arcanine\n|-damage|p2b: Arcanine|0 fnt\n|faint|p2b: Arcanine\n|move|p1b: Thundurus|Acrobatics|p2a: Iron Hands\n|-damage|p2a: Iron Hands|0 fnt\n|faint|p2a: Iron Hands\n|-end|p2a: Iron Hands|Quark Drive|[silent]\n|\n|-heal|p1a: Rillaboom|23\/100|[from] Grassy Terrain\n|upkeep\n|\n|t:|1699926288\n|switch|p2b: Moltres|Moltres-Galar, L50|100\/100\n|turn|7\n|\n|t:|1699926303\n|move|p1b: Thundurus|Wild Charge|p2b: Moltres\n|-supereffective|p2b: Moltres\n|-damage|p2b: Moltres|0 fnt\n|faint|p2b: Moltres\n|-damage|p1b: Thundurus|0 fnt|[from] Recoil\n|faint|p1b: Thundurus\n|\n|win|Oshawott\n|n|\u2606Oshawott|oshawott\n|n|\u2606brunovisk2|brunovisk2\n|l|\u2606brunovisk2\n","uploadtime":1699926325,"views":19,"p1id":"oshawott","p2id":"brunovisk2","formatid":"gen9vgc2023regulatione","rating":0,"private":0,"password":""}