{"id":"gen9vgc2023regulatione-1988622903","p1":"It'sJustKen VGC","p2":"RoryRemisdad14","format":"[Gen 9] VGC 2023 Regulation E","log":"|j|\u2606It'sJustKen VGC\n|j|\u2606RoryRemisdad14\n|t:|1699743089\n|gametype|doubles\n|player|p1|It'sJustKen VGC|turo|1323\n|player|p2|RoryRemisdad14|benga|1377\n|teamsize|p1|6\n|teamsize|p2|6\n|gen|9\n|tier|[Gen 9] VGC 2023 Regulation E\n|rated|\n|rule|Species Clause: Limit one of each Pok\u00e9mon\n|rule|Item Clause: Limit one of each item\n|clearpoke\n|poke|p1|Ting-Lu, L50|\n|poke|p1|Palafin, L50, F|\n|poke|p1|Pelipper, L50, F|\n|poke|p1|Iron Bundle, L50|\n|poke|p1|Ogerpon-Hearthflame, L50, F|\n|poke|p1|Dragonite, L50, F|\n|poke|p2|Sinistcha, L50|\n|poke|p2|Landorus-Therian, L50, M|\n|poke|p2|Iron Hands, L50|\n|poke|p2|Kommo-o, L50, F|\n|poke|p2|Kingambit, L50, M|\n|poke|p2|Chien-Pao, L50|\n|teampreview|4\n|inactive|Battle timer is ON: inactive players will automatically lose when time's up. (requested by It'sJustKen VGC)\n|inactive|RoryRemisdad14 has 60 seconds left.\n|\n|t:|1699743121\n|start\n|switch|p1a: Iron Bundle|Iron Bundle, L50|100\/100\n|switch|p1b: Dragonite|Dragonite, L50, F|100\/100\n|switch|p2a: Iron Hands|Iron Hands, L50|100\/100\n|switch|p2b: Chien-Pao|Chien-Pao, L50|100\/100\n|-ability|p2b: Chien-Pao|Sword of Ruin\n|-enditem|p1a: Iron Bundle|Booster Energy\n|-activate|p1a: Iron Bundle|ability: Quark Drive|[fromitem]\n|-start|p1a: Iron Bundle|quarkdrivespe\n|turn|1\n|\n|t:|1699743137\n|-terastallize|p2b: Chien-Pao|Ghost\n|move|p1a: Iron Bundle|Protect|p1a: Iron Bundle\n|-singleturn|p1a: Iron Bundle|Protect\n|move|p2a: Iron Hands|Fake Out|p1a: Iron Bundle\n|-activate|p1a: Iron Bundle|move: Protect\n|move|p1b: Dragonite|Extreme Speed|p2b: Chien-Pao\n|-immune|p2b: Chien-Pao\n|move|p2b: Chien-Pao|Icicle Crash|p1b: Dragonite\n|-supereffective|p1b: Dragonite\n|-damage|p1b: Dragonite|0 fnt\n|faint|p1b: Dragonite\n|\n|upkeep\n|\n|t:|1699743141\n|switch|p1b: Pelipper|Pelipper, L50, F|100\/100\n|-weather|RainDance|[from] ability: Drizzle|[of] p1b: Pelipper\n|turn|2\n|inactive|It'sJustKen VGC has 30 seconds left.\n|\n|t:|1699743173\n|-terastallize|p1b: Pelipper|Ground\n|move|p2b: Chien-Pao|Protect|p2b: Chien-Pao\n|-singleturn|p2b: Chien-Pao|Protect\n|move|p1a: Iron Bundle|Icy Wind|p2a: Iron Hands|[spread] p2a\n|-activate|p2b: Chien-Pao|move: Protect\n|-damage|p2a: Iron Hands|91\/100\n|-unboost|p2a: Iron Hands|spe|1\n|move|p1b: Pelipper|Weather Ball|p2b: Chien-Pao\n|-activate|p2b: Chien-Pao|move: Protect\n|move|p2a: Iron Hands|Wild Charge|p1b: Pelipper\n|-immune|p1b: Pelipper\n|\n|-weather|RainDance|[upkeep]\n|upkeep\n|turn|3\n|\n|t:|1699743188\n|switch|p2b: Kingambit|Kingambit, L50, M|100\/100\n|move|p1b: Pelipper|Protect|p1b: Pelipper\n|-singleturn|p1b: Pelipper|Protect\n|move|p1a: Iron Bundle|Icy Wind|p2b: Kingambit|[spread] p2a,p2b\n|-resisted|p2b: Kingambit\n|-damage|p2a: Iron Hands|81\/100\n|-damage|p2b: Kingambit|92\/100\n|-unboost|p2a: Iron Hands|spe|1\n|-unboost|p2b: Kingambit|spe|1\n|-ability|p2b: Kingambit|Defiant|boost\n|-boost|p2b: Kingambit|atk|2\n|move|p2a: Iron Hands|Drain Punch|p1a: Iron Bundle\n|-supereffective|p1a: Iron Bundle\n|-damage|p1a: Iron Bundle|0 fnt\n|-heal|p2a: Iron Hands|100\/100|[from] drain|[of] p1a: Iron Bundle\n|faint|p1a: Iron Bundle\n|-end|p1a: Iron Bundle|Quark Drive|[silent]\n|\n|-weather|RainDance|[upkeep]\n|upkeep\n|inactive|It'sJustKen VGC has 30 seconds left.\n|\n|t:|1699743218\n|switch|p1a: Ting-Lu|Ting-Lu, L50|100\/100\n|-ability|p1a: Ting-Lu|Vessel of Ruin\n|turn|4\n|\n|t:|1699743234\n|move|p1b: Pelipper|Weather Ball|p2a: Iron Hands\n|-damage|p2a: Iron Hands|72\/100\n|move|p1a: Ting-Lu|Earthquake|p2a: Iron Hands|[spread] p1b,p2a,p2b\n|-supereffective|p2a: Iron Hands\n|-supereffective|p2b: Kingambit\n|-damage|p1b: Pelipper|50\/100\n|-damage|p2a: Iron Hands|23\/100\n|-damage|p2b: Kingambit|43\/100\n|move|p2b: Kingambit|Kowtow Cleave|p1a: Ting-Lu\n|-resisted|p1a: Ting-Lu\n|-damage|p1a: Ting-Lu|68\/100\n|move|p2a: Iron Hands|Drain Punch|p1a: Ting-Lu\n|-supereffective|p1a: Ting-Lu\n|-damage|p1a: Ting-Lu|17\/100\n|-heal|p2a: Iron Hands|48\/100|[from] drain|[of] p1a: Ting-Lu\n|\n|-weather|RainDance|[upkeep]\n|upkeep\n|turn|5\n|\n|t:|1699743253\n|move|p2b: Kingambit|Sucker Punch|p1b: Pelipper\n|-damage|p1b: Pelipper|0 fnt\n|-damage|p2b: Kingambit|26\/100|[from] item: Rocky Helmet|[of] p1b: Pelipper\n|faint|p1b: Pelipper\n|move|p1a: Ting-Lu|Earthquake|p2b: Kingambit|[spread] p2a,p2b\n|-supereffective|p2a: Iron Hands\n|-supereffective|p2b: Kingambit\n|-crit|p2b: Kingambit\n|-damage|p2a: Iron Hands|0 fnt\n|-damage|p2b: Kingambit|0 fnt\n|faint|p2a: Iron Hands\n|-end|p2a: Iron Hands|Quark Drive|[silent]\n|faint|p2b: Kingambit\n|\n|-weather|RainDance|[upkeep]\n|upkeep\n|-message|It'sJustKen VGC forfeited.\n|\n|win|RoryRemisdad14\n|raw|It&apos;sJustKen VGC's rating: 1323 &rarr; <strong>1306<\/strong><br \/>(-17 for losing)\n|raw|RoryRemisdad14's rating: 1377 &rarr; <strong>1394<\/strong><br \/>(+17 for winning)\n|c|\u2606It'sJustKen VGC|gg wp\n","uploadtime":1699743264,"views":9,"p1id":"itsjustkenvgc","p2id":"roryremisdad14","formatid":"gen9vgc2023regulatione","rating":1306,"private":0,"password":""}