{"id":"gen9vgc2023regulatione-1998447213","p1":"Abro hilo","p2":"aloalopolisia","format":"[Gen 9] VGC 2023 Regulation E","log":"|j|\u2606Abro hilo\n|j|\u2606aloalopolisia\n|t:|1700943335\n|gametype|doubles\n|player|p1|Abro hilo|pilot|1385\n|player|p2|aloalopolisia|169|1473\n|teamsize|p1|6\n|teamsize|p2|6\n|gen|9\n|tier|[Gen 9] VGC 2023 Regulation E\n|rated|\n|rule|Species Clause: Limit one of each Pok\u00e9mon\n|rule|Item Clause: Limit one of each item\n|clearpoke\n|poke|p1|Ninetales-Alola, L50, M|\n|poke|p1|Empoleon, L50, M|\n|poke|p1|Roaring Moon, L50|\n|poke|p1|Sinistcha, L50|\n|poke|p1|Urshifu-*, L50, F|\n|poke|p1|Arcanine-Hisui, L50, F|\n|poke|p2|Flutter Mane, L50|\n|poke|p2|Chien-Pao, L50|\n|poke|p2|Dragonite, L50, M|\n|poke|p2|Iron Hands, L50|\n|poke|p2|Chi-Yu, L50|\n|poke|p2|Gyarados, L50, M|\n|teampreview|4\n|inactive|Battle timer is ON: inactive players will automatically lose when time's up. (requested by Abro hilo)\n|\n|t:|1700943412\n|start\n|switch|p1a: Roaring Moon|Roaring Moon, L50|100\/100\n|switch|p1b: Empoleon|Empoleon, L50, M|100\/100\n|switch|p2a: Flutter Mane|Flutter Mane, L50|100\/100\n|switch|p2b: Iron Hands|Iron Hands, L50|100\/100\n|-enditem|p1a: Roaring Moon|Booster Energy\n|-activate|p1a: Roaring Moon|ability: Protosynthesis|[fromitem]\n|-start|p1a: Roaring Moon|protosynthesisspe\n|-enditem|p2a: Flutter Mane|Booster Energy\n|-activate|p2a: Flutter Mane|ability: Protosynthesis|[fromitem]\n|-start|p2a: Flutter Mane|protosynthesisspe\n|turn|1\n|inactive|Abro hilo has 30 seconds left.\n|inactive|aloalopolisia has 30 seconds left.\n|inactive|Abro hilo has 20 seconds left.\n|inactive|aloalopolisia has 20 seconds left.\n|inactive|aloalopolisia has 15 seconds left.\n|\n|t:|1700943452\n|-end|p1a: Roaring Moon|Protosynthesis|[silent]\n|switch|p1a: Arcanine|Arcanine-Hisui, L50, F|100\/100\n|-ability|p1a: Arcanine|Intimidate|boost\n|-unboost|p2a: Flutter Mane|atk|1\n|-unboost|p2b: Iron Hands|atk|1\n|move|p2b: Iron Hands|Fake Out|p1b: Empoleon\n|-resisted|p1b: Empoleon\n|-damage|p1b: Empoleon|95\/100\n|move|p2a: Flutter Mane|Moonblast|p1a: Arcanine\n|-resisted|p1a: Arcanine\n|-damage|p1a: Arcanine|68\/100\n|-unboost|p1a: Arcanine|spa|1\n|cant|p1b: Empoleon|flinch\n|\n|upkeep\n|turn|2\n|inactive|aloalopolisia has 30 seconds left.\n|inactive|aloalopolisia has 20 seconds left.\n|\n|t:|1700943491\n|-end|p2a: Flutter Mane|Protosynthesis|[silent]\n|switch|p2a: Chien-Pao|Chien-Pao, L50|100\/100\n|-ability|p2a: Chien-Pao|Sword of Ruin\n|-terastallize|p1a: Arcanine|Fairy\n|move|p1a: Arcanine|Tera Blast|p2b: Iron Hands|[anim] Tera Blast Fairy\n|-supereffective|p2b: Iron Hands\n|-damage|p2b: Iron Hands|0 fnt\n|faint|p2b: Iron Hands\n|-end|p2b: Iron Hands|Quark Drive|[silent]\n|move|p1b: Empoleon|Flash Cannon|p2a: Chien-Pao\n|-supereffective|p2a: Chien-Pao\n|-enditem|p2a: Chien-Pao|Focus Sash\n|-damage|p2a: Chien-Pao|1\/100\n|-unboost|p2a: Chien-Pao|spd|1\n|\n|upkeep\n|\n|t:|1700943509\n|switch|p2b: Dragonite|Dragonite, L50, M|100\/100\n|turn|3\n|inactive|aloalopolisia has 30 seconds left.\n|\n|t:|1700943541\n|-terastallize|p2b: Dragonite|Normal\n|move|p1b: Empoleon|Vacuum Wave|p2a: Chien-Pao\n|-supereffective|p2a: Chien-Pao\n|-damage|p2a: Chien-Pao|0 fnt\n|faint|p2a: Chien-Pao\n|move|p1a: Arcanine|Tera Blast|p2b: Dragonite|[anim] Tera Blast Fairy\n|-damage|p2b: Dragonite|47\/100\n|move|p2b: Dragonite|Outrage|p1b: Empoleon\n|-resisted|p1b: Empoleon\n|-damage|p1b: Empoleon|42\/100\n|\n|upkeep\n|\n|t:|1700943551\n|switch|p2a: Flutter Mane|Flutter Mane, L50|100\/100\n|turn|4\n|\n|t:|1700943564\n|move|p1b: Empoleon|Vacuum Wave|p2b: Dragonite\n|-supereffective|p2b: Dragonite\n|-damage|p2b: Dragonite|24\/100\n|move|p2a: Flutter Mane|Moonblast|p1a: Arcanine\n|-damage|p1a: Arcanine|9\/100\n|move|p1a: Arcanine|Tera Blast|p2a: Flutter Mane|[anim] Tera Blast Fairy\n|-damage|p2a: Flutter Mane|5\/100\n|move|p2b: Dragonite|Outrage|p1b: Empoleon|[from]lockedmove\n|-resisted|p1b: Empoleon\n|-damage|p1b: Empoleon|0 fnt\n|faint|p1b: Empoleon\n|\n|upkeep\n|\n|t:|1700943575\n|switch|p1b: Roaring Moon|Roaring Moon, L50|100\/100\n|turn|5\n|\n|t:|1700943584\n|move|p1b: Roaring Moon|Protect|p1b: Roaring Moon\n|-singleturn|p1b: Roaring Moon|Protect\n|move|p2a: Flutter Mane|Dazzling Gleam|p1b: Roaring Moon|[spread] p1a\n|-activate|p1b: Roaring Moon|move: Protect\n|-damage|p1a: Arcanine|0 fnt\n|faint|p1a: Arcanine\n|move|p2b: Dragonite|Outrage|p1b: Roaring Moon|[from]lockedmove\n|-activate|p1b: Roaring Moon|move: Protect\n|-start|p2b: Dragonite|confusion|[fatigue]\n|\n|upkeep\n|\n|t:|1700943589\n|switch|p1a: Sinistcha|Sinistcha, L50|100\/100\n|turn|6\n|inactive|aloalopolisia has 30 seconds left.\n|inactive|aloalopolisia has 20 seconds left.\n|\n|t:|1700943626\n|move|p1b: Roaring Moon|Protect||[still]\n|-fail|p1b: Roaring Moon\n|move|p2a: Flutter Mane|Moonblast|p1b: Roaring Moon\n|-supereffective|p1b: Roaring Moon\n|-damage|p1b: Roaring Moon|0 fnt\n|faint|p1b: Roaring Moon\n|-end|p1b: Roaring Moon|Protosynthesis|[silent]\n|-activate|p2b: Dragonite|confusion\n|move|p2b: Dragonite|Outrage|p1a: Sinistcha\n|-damage|p1a: Sinistcha|12\/100\n|-damage|p2b: Dragonite|7\/100|[from] item: Rocky Helmet|[of] p1a: Sinistcha\n|move|p1a: Sinistcha|Matcha Gotcha|p2a: Flutter Mane|[spread] p2a,p2b\n|-damage|p2a: Flutter Mane|0 fnt\n|-heal|p1a: Sinistcha|15\/100|[from] drain|[of] p2a: Flutter Mane\n|-damage|p2b: Dragonite|0 fnt\n|-heal|p1a: Sinistcha|18\/100|[from] drain|[of] p2b: Dragonite\n|faint|p2a: Flutter Mane\n|-end|p2a: Flutter Mane|Protosynthesis|[silent]\n|faint|p2b: Dragonite\n|\n|win|Abro hilo\n|raw|Abro hilo's rating: 1385 &rarr; <strong>1410<\/strong><br \/>(+25 for winning)\n|raw|aloalopolisia's rating: 1473 &rarr; <strong>1448<\/strong><br \/>(-25 for losing)\n","uploadtime":1700943647,"views":3,"p1id":"abrohilo","p2id":"aloalopolisia","formatid":"gen9vgc2023regulatione","rating":1410,"private":0,"password":""}