{"id":"gen9vgc2023regulatione-1999829221","p1":"AJay_13","p2":"willy4598","format":"[Gen 9] VGC 2023 Regulation E","log":"|j|\u2606AJay_13\n|j|\u2606willy4598\n|t:|1701120598\n|gametype|doubles\n|player|p1|AJay_13|n|1174\n|player|p2|willy4598|pokemonbreeder-gen4|1250\n|teamsize|p1|6\n|teamsize|p2|6\n|gen|9\n|tier|[Gen 9] VGC 2023 Regulation E\n|rated|\n|rule|Species Clause: Limit one of each Pok\u00e9mon\n|rule|Item Clause: Limit one of each item\n|clearpoke\n|poke|p1|Iron Hands, L50|\n|poke|p1|Sinistcha, L50|\n|poke|p1|Arcanine-Hisui, L50, M|\n|poke|p1|Moltres-Galar, L50|\n|poke|p1|Iron Bundle, L50|\n|poke|p1|Ninetales-Alola, L50, M|\n|poke|p2|Okidogi, L50, M|\n|poke|p2|Urshifu-*, L50, M|\n|poke|p2|Chien-Pao, L50|\n|poke|p2|Rillaboom, L50, F|\n|poke|p2|Glimmora, L50, M|\n|poke|p2|Drifblim, L50, M|\n|teampreview|4\n|\n|t:|1701120641\n|start\n|switch|p1a: Snowing!!!!!|Ninetales-Alola, L50, M|100\/100\n|switch|p1b: Under the Tree|Iron Bundle, L50|100\/100\n|switch|p2a: Chien-Pao|Chien-Pao, L50|100\/100\n|switch|p2b: Glimmora|Glimmora, L50, M|100\/100\n|-ability|p2a: Chien-Pao|Sword of Ruin\n|-weather|Snow|[from] ability: Snow Warning|[of] p1a: Snowing!!!!!\n|-enditem|p1b: Under the Tree|Booster Energy\n|-activate|p1b: Under the Tree|ability: Quark Drive|[fromitem]\n|-start|p1b: Under the Tree|quarkdrivespe\n|turn|1\n|inactive|Battle timer is ON: inactive players will automatically lose when time's up. (requested by willy4598)\n|inactive|AJay_13 also wants the timer to be on.\n|inactive|willy4598 has 60 seconds left.\n|\n|t:|1701120685\n|move|p2a: Chien-Pao|Sucker Punch|p1b: Under the Tree\n|-damage|p1b: Under the Tree|63\/100\n|move|p1b: Under the Tree|Hydro Pump|p2b: Glimmora\n|-supereffective|p2b: Glimmora\n|-damage|p2b: Glimmora|0 fnt\n|faint|p2b: Glimmora\n|move|p1a: Snowing!!!!!|Aurora Veil|p1a: Snowing!!!!!\n|-sidestart|p1: AJay_13|move: Aurora Veil\n|\n|-weather|Snow|[upkeep]\n|upkeep\n|\n|t:|1701120696\n|switch|p2b: Rillaboom|Rillaboom, L50, F|100\/100\n|-fieldstart|move: Grassy Terrain|[from] ability: Grassy Surge|[of] p2b: Rillaboom\n|turn|2\n|\n|t:|1701120705\n|move|p1b: Under the Tree|Protect|p1b: Under the Tree\n|-singleturn|p1b: Under the Tree|Protect\n|move|p1a: Snowing!!!!!|Protect|p1a: Snowing!!!!!\n|-singleturn|p1a: Snowing!!!!!|Protect\n|move|p2b: Rillaboom|Grassy Glide|p1b: Under the Tree\n|-activate|p1b: Under the Tree|move: Protect\n|move|p2a: Chien-Pao|Icicle Crash|p1a: Snowing!!!!!\n|-activate|p1a: Snowing!!!!!|move: Protect\n|\n|-weather|Snow|[upkeep]\n|-heal|p1b: Under the Tree|69\/100|[from] Grassy Terrain\n|upkeep\n|turn|3\n|\n|t:|1701120723\n|move|p2b: Rillaboom|Grassy Glide|p1b: Under the Tree\n|-supereffective|p1b: Under the Tree\n|-damage|p1b: Under the Tree|10\/100\n|move|p1b: Under the Tree|Icy Wind|p2a: Chien-Pao|[spread] p2a\n|-miss|p1b: Under the Tree|p2b: Rillaboom\n|-resisted|p2a: Chien-Pao\n|-damage|p2a: Chien-Pao|83\/100\n|-unboost|p2a: Chien-Pao|spe|1\n|move|p1a: Snowing!!!!!|Blizzard|p2b: Rillaboom|[spread] p2a,p2b\n|-resisted|p2a: Chien-Pao\n|-supereffective|p2b: Rillaboom\n|-damage|p2a: Chien-Pao|61\/100\n|-damage|p2b: Rillaboom|62\/100\n|-status|p2b: Rillaboom|frz\n|move|p2a: Chien-Pao|Icicle Crash|p1a: Snowing!!!!!\n|-resisted|p1a: Snowing!!!!!\n|-damage|p1a: Snowing!!!!!|86\/100\n|\n|-weather|Snow|[upkeep]\n|-heal|p1b: Under the Tree|16\/100|[from] Grassy Terrain\n|-heal|p1a: Snowing!!!!!|92\/100|[from] Grassy Terrain\n|-heal|p2a: Chien-Pao|67\/100|[from] Grassy Terrain\n|-heal|p2b: Rillaboom|68\/100 frz|[from] Grassy Terrain\n|upkeep\n|turn|4\n|inactive|AJay_13 has 30 seconds left.\n|inactive|willy4598 has 30 seconds left.\n|inactive|willy4598 has 20 seconds left.\n|\n|t:|1701120758\n|-terastallize|p2b: Rillaboom|Rock\n|move|p1b: Under the Tree|Protect|p1b: Under the Tree\n|-singleturn|p1b: Under the Tree|Protect\n|move|p2a: Chien-Pao|Sucker Punch||[still]\n|-fail|p2a: Chien-Pao\n|move|p1a: Snowing!!!!!|Moonblast|p2a: Chien-Pao\n|-supereffective|p2a: Chien-Pao\n|-crit|p2a: Chien-Pao\n|-damage|p2a: Chien-Pao|0 fnt\n|faint|p2a: Chien-Pao\n|-curestatus|p2b: Rillaboom|frz|[msg]\n|move|p2b: Rillaboom|Wood Hammer|p1a: Snowing!!!!!\n|-damage|p1a: Snowing!!!!!|44\/100\n|-damage|p2b: Rillaboom|54\/100|[from] Recoil\n|\n|-weather|Snow|[upkeep]\n|-heal|p1b: Under the Tree|22\/100|[from] Grassy Terrain\n|-heal|p1a: Snowing!!!!!|50\/100|[from] Grassy Terrain\n|-heal|p2b: Rillaboom|60\/100|[from] Grassy Terrain\n|upkeep\n|\n|t:|1701120779\n|switch|p2a: Okidogi|Okidogi, L50, M|100\/100\n|turn|5\n|\n|t:|1701120790\n|move|p2b: Rillaboom|Grassy Glide|p1b: Under the Tree\n|-supereffective|p1b: Under the Tree\n|-damage|p1b: Under the Tree|0 fnt\n|faint|p1b: Under the Tree\n|-end|p1b: Under the Tree|Quark Drive|[silent]\n|move|p1a: Snowing!!!!!|Blizzard|p2a: Okidogi|[spread] p2a,p2b\n|-damage|p2a: Okidogi|79\/100\n|-damage|p2b: Rillaboom|41\/100\n|move|p2a: Okidogi|Bulk Up|p2a: Okidogi\n|-boost|p2a: Okidogi|atk|1\n|-boost|p2a: Okidogi|def|1\n|\n|-weather|none\n|-heal|p1a: Snowing!!!!!|57\/100|[from] Grassy Terrain\n|-heal|p2b: Rillaboom|47\/100|[from] Grassy Terrain\n|-heal|p2a: Okidogi|85\/100|[from] Grassy Terrain\n|-heal|p2a: Okidogi|91\/100|[from] item: Leftovers\n|upkeep\n|\n|t:|1701120807\n|switch|p1b: Mint Hot Chocolate|Sinistcha, L50|100\/100\n|-heal|p1a: Snowing!!!!!|82\/100|[from] ability: Hospitality|[of] p1b: Mint Hot Chocolate\n|turn|6\n|\n|t:|1701120832\n|switch|p1a: Family Disaster|Moltres-Galar, L50|100\/100\n|-terastallize|p1b: Mint Hot Chocolate|Fire\n|move|p2b: Rillaboom|U-turn|p1b: Mint Hot Chocolate\n|-resisted|p1b: Mint Hot Chocolate\n|-damage|p1b: Mint Hot Chocolate|93\/100\n|move|p2a: Okidogi|Poison Fang|p1b: Mint Hot Chocolate\n|-damage|p1b: Mint Hot Chocolate|73\/100\n|move|p1b: Mint Hot Chocolate|Matcha Gotcha|p2a: Okidogi|[spread] p2a,p2b\n|-resisted|p2a: Okidogi\n|-supereffective|p2b: Rillaboom\n|-damage|p2a: Okidogi|77\/100\n|-heal|p1b: Mint Hot Chocolate|81\/100|[from] drain|[of] p2a: Okidogi\n|-damage|p2b: Rillaboom|0 fnt\n|-heal|p1b: Mint Hot Chocolate|100\/100|[from] drain|[of] p2b: Rillaboom\n|faint|p2b: Rillaboom\n|\n|-heal|p2a: Okidogi|83\/100|[from] Grassy Terrain\n|-heal|p2a: Okidogi|89\/100|[from] item: Leftovers\n|-fieldend|move: Grassy Terrain\n|upkeep\n|turn|7\n|c|\u2606willy4598|Love the theme team\n|inactive|willy4598 has 30 seconds left.\n|c|\u2606AJay_13|Ty\n|\n|t:|1701120862\n|move|p1b: Mint Hot Chocolate|Rage Powder|p1b: Mint Hot Chocolate\n|-singleturn|p1b: Mint Hot Chocolate|move: Rage Powder\n|move|p1a: Family Disaster|Nasty Plot|p1a: Family Disaster\n|-boost|p1a: Family Disaster|spa|2\n|move|p2a: Okidogi|Drain Punch|p1b: Mint Hot Chocolate\n|-damage|p1b: Mint Hot Chocolate|69\/100\n|-heal|p2a: Okidogi|100\/100|[from] drain|[of] p1b: Mint Hot Chocolate\n|\n|upkeep\n|turn|8\n|\n|t:|1701120873\n|move|p1a: Family Disaster|Air Slash|p2a: Okidogi\n|-supereffective|p2a: Okidogi\n|-damage|p2a: Okidogi|0 fnt\n|faint|p2a: Okidogi\n|\n|win|AJay_13\n|raw|AJay_13's rating: 1174 &rarr; <strong>1204<\/strong><br \/>(+30 for winning)\n|raw|willy4598's rating: 1250 &rarr; <strong>1220<\/strong><br \/>(-30 for losing)\n|c|\u2606willy4598|Gg\n|c|\u2606AJay_13|Gg\n","uploadtime":1701120897,"views":3,"p1id":"ajay13","p2id":"willy4598","formatid":"gen9vgc2023regulatione","rating":1204,"private":0,"password":""}