{"id":"gen9vgc2023regulatione-1995936742","p1":"N4N0vgc","p2":"Fancy Cucudrula","format":"[Gen 9] VGC 2023 Regulation E","log":"|j|\u2606N4N0vgc\n|j|\u2606Fancy Cucudrula\n|n|\u2606N4N0vgc|n4n0vgc\n|n|\u2606Fancy Cucudrula|fancycucudrula\n|html|View the match progress at <a href=\"\/game-bestof3-gen9vgc2023regulatione-1995934232\">game-bestof3-gen9vgc2023regulatione-1995934232<\/a>\n|t:|1700619435\n|gametype|doubles\n|player|p1|N4N0vgc|guzma|\n|player|p2|Fancy Cucudrula|valerie|\n|teamsize|p1|6\n|teamsize|p2|6\n|gen|9\n|tier|[Gen 9] VGC 2023 Regulation E\n|rule|Species Clause: Limit one of each Pok\u00e9mon\n|rule|Item Clause: Limit one of each item\n|clearpoke\n|poke|p1|Tatsugiri, L50, M|\n|poke|p1|Dondozo, L50, M|\n|poke|p1|Iron Hands, L50|\n|poke|p1|Ninetales-Alola, L50, M|\n|poke|p1|Ogerpon-Hearthflame, L50, F|\n|poke|p1|Glimmora, L50, F|\n|poke|p2|Flutter Mane, L50|\n|poke|p2|Amoonguss, L50, F|\n|poke|p2|Heatran, L50, F|\n|poke|p2|Iron Hands, L50|\n|poke|p2|Landorus-Therian, L50, M|\n|poke|p2|Chien-Pao, L50|\n|teampreview|4\nN4N0vgc has agreed to open team sheets.\nFancy Cucudrula has agreed to open team sheets.\n|showteam|p1|Tatsugiri||ChoiceScarf|Commander|MuddyWater,DracoMeteor,IcyWind,DragonPulse|||M|||50|,,,,,Steel]Dondozo||Leftovers|Unaware|Substitute,Earthquake,OrderUp,Protect|||M|||50|,,,,,Dragon]Iron Hands||AssaultVest|QuarkDrive|FakeOut,DrainPunch,WildCharge,HeavySlam||||||50|,,,,,Fire]Ninetales-Alola||LightClay|SnowWarning|Blizzard,Moonblast,AuroraVeil,Protect|||M|||50|,,,,,Water]Ogerpon-Hearthflame||HearthflameMask|MoldBreaker|IvyCudgel,HornLeech,SwordsDance,SpikyShield|||F|||50|,,,,,Fire]Glimmora||FocusSash|ToxicDebris|MortalSpin,SpikyShield,EarthPower,SludgeBomb|||F|||50|,,,,,Grass\n|showteam|p2|Flutter Mane||ChoiceSpecs|Protosynthesis|DazzlingGleam,Moonblast,ShadowBall,PerishSong||||||50|,,,,,Fairy]Amoonguss||RockyHelmet|Regenerator|RagePowder,PollenPuff,Spore,Protect|||F|||50|,,,,,Water]Heatran||SafetyGoggles|FlashFire|HeatWave,EarthPower,FlashCannon,Protect|||F|||50|,,,,,Fairy]Iron Hands||AssaultVest|QuarkDrive|DrainPunch,WildCharge,HeavySlam,FakeOut||||||50|,,,,,Water]Landorus-Therian||ChoiceScarf|Intimidate|StompingTantrum,TeraBlast,RockSlide,Uturn|||M|||50|,,,,,Flying]Chien-Pao||FocusSash|SwordofRuin|IceSpinner,SuckerPunch,Haze,Protect||||||50|,,,,,Ghost\n|inactive|Battle timer is ON: inactive players will automatically lose when time's up. (requested by Fancy Cucudrula)\n|inactive|Fancy Cucudrula has 60 seconds left.\n|\n|t:|1700619474\n|start\n|switch|p1a: Kitsune|Ninetales-Alola, L50, M, shiny|100\/100\n|switch|p1b: FerroPajas|Iron Hands, L50|100\/100\n|switch|p2a: Luquisha|Landorus-Therian, L50, M|100\/100\n|switch|p2b: Sasha Colby|Flutter Mane, L50|100\/100\n|-ability|p2a: Luquisha|Intimidate|boost\n|-unboost|p1a: Kitsune|atk|1\n|-unboost|p1b: FerroPajas|atk|1\n|-weather|Snow|[from] ability: Snow Warning|[of] p1a: Kitsune\n|turn|1\n|\n|t:|1700619498\n|switch|p2a: Lawrence|Heatran, L50, F, shiny|100\/100\n|move|p2b: Sasha Colby|Moonblast|p1b: FerroPajas\n|-supereffective|p1b: FerroPajas\n|-damage|p1b: FerroPajas|36\/100\n|move|p1a: Kitsune|Aurora Veil|p1a: Kitsune\n|-sidestart|p1: N4N0vgc|move: Aurora Veil\n|move|p1b: FerroPajas|Heavy Slam|p2b: Sasha Colby\n|-supereffective|p2b: Sasha Colby\n|-damage|p2b: Sasha Colby|11\/100\n|\n|-weather|Snow|[upkeep]\n|upkeep\n|turn|2\n|\n|t:|1700619517\n|move|p2b: Sasha Colby|Moonblast|p1b: FerroPajas\n|-supereffective|p1b: FerroPajas\n|-damage|p1b: FerroPajas|0 fnt\n|faint|p1b: FerroPajas\n|-end|p1b: FerroPajas|Quark Drive|[silent]\n|move|p1a: Kitsune|Blizzard|p2a: Lawrence|[spread] p2a,p2b\n|-resisted|p2a: Lawrence\n|-damage|p2a: Lawrence|95\/100\n|-damage|p2b: Sasha Colby|0 fnt\n|faint|p2b: Sasha Colby\n|-end|p2b: Sasha Colby|Protosynthesis|[silent]\n|move|p2a: Lawrence|Flash Cannon|p1a: Kitsune\n|-supereffective|p1a: Kitsune\n|-damage|p1a: Kitsune|1\/100\n|\n|-weather|Snow|[upkeep]\n|upkeep\n|\n|t:|1700619530\n|switch|p2b: Luquisha|Landorus-Therian, L50, M|100\/100\n|switch|p1b: DozoNET|Dondozo, L50, M|100\/100\n|-ability|p2b: Luquisha|Intimidate|boost\n|-unboost|p1a: Kitsune|atk|1\n|-unboost|p1b: DozoNET|atk|1\n|turn|3\n|\n|t:|1700619549\n|switch|p2b: Mistress|Iron Hands, L50, shiny|100\/100\n|switch|p1a: Comandante|Tatsugiri, L50, M|100\/100\n|-activate|p1a: Comandante|ability: Commander|[of] p1b: DozoNET\n|-boost|p1b: DozoNET|atk|2\n|-boost|p1b: DozoNET|spa|2\n|-boost|p1b: DozoNET|spe|2\n|-boost|p1b: DozoNET|def|2\n|-boost|p1b: DozoNET|spd|2\n|-terastallize|p2a: Lawrence|Fairy\n|move|p1b: DozoNET|Substitute|p1b: DozoNET\n|-start|p1b: DozoNET|Substitute\n|-damage|p1b: DozoNET|76\/100\n|move|p2a: Lawrence|Heat Wave|p1a: Comandante|[spread] p1b\n|-miss|p2a: Lawrence|p1a: Comandante\n|-resisted|p1b: DozoNET\n|-activate|p1b: DozoNET|move: Substitute|[damage]\n|\n|-weather|Snow|[upkeep]\n|-heal|p1b: DozoNET|82\/100|[from] item: Leftovers\n|upkeep\n|turn|4\n|inactive|N4N0vgc has 30 seconds left.\n|\n|t:|1700619576\n|-terastallize|p1b: DozoNET|Dragon\n|move|p1b: DozoNET|Order Up|p2b: Mistress\n|-damage|p2b: Mistress|64\/100\n|-boost|p1b: DozoNET|atk|1\n|move|p2a: Lawrence|Earth Power|p1b: DozoNET\n|-activate|p1b: DozoNET|move: Substitute|[damage]\n|move|p2b: Mistress|Wild Charge|p1b: DozoNET\n|-resisted|p1b: DozoNET\n|-activate|p1b: DozoNET|move: Substitute|[damage]\n|-damage|p2b: Mistress|62\/100|[from] Recoil|[of] p1b: DozoNET\n|\n|-weather|Snow|[upkeep]\n|-heal|p1b: DozoNET|88\/100|[from] item: Leftovers\n|upkeep\n|turn|5\n|\n|t:|1700619601\n|move|p1b: DozoNET|Order Up|p2b: Mistress\n|-damage|p2b: Mistress|16\/100\n|-boost|p1b: DozoNET|atk|1\n|move|p2a: Lawrence|Earth Power|p1b: DozoNET\n|-end|p1b: DozoNET|Substitute\n|move|p2b: Mistress|Wild Charge|p1b: DozoNET\n|-resisted|p1b: DozoNET\n|-crit|p1b: DozoNET\n|-damage|p1b: DozoNET|64\/100\n|-damage|p2b: Mistress|9\/100|[from] Recoil\n|\n|-weather|none\n|-heal|p1b: DozoNET|70\/100|[from] item: Leftovers\n|upkeep\n|turn|6\n|\n|t:|1700619617\n|-end|p2b: Mistress|Quark Drive|[silent]\n|switch|p2b: Luquisha|Landorus-Therian, L50, M|100\/100\n|-ability|p2b: Luquisha|Intimidate|boost\n|-unboost|p1a: Comandante|atk|1\n|-unboost|p1b: DozoNET|atk|1\n|move|p1b: DozoNET|Protect|p1b: DozoNET\n|-singleturn|p1b: DozoNET|Protect\n|move|p2a: Lawrence|Flash Cannon|p1b: DozoNET\n|-activate|p1b: DozoNET|move: Protect\n|\n|-heal|p1b: DozoNET|76\/100|[from] item: Leftovers\n|upkeep\n|turn|7\n|\n|t:|1700619631\n|move|p2b: Luquisha|Stomping Tantrum|p1b: DozoNET\n|-damage|p1b: DozoNET|66\/100\n|move|p1b: DozoNET|Substitute|p1b: DozoNET\n|-start|p1b: DozoNET|Substitute\n|-damage|p1b: DozoNET|41\/100\n|move|p2a: Lawrence|Flash Cannon|p1b: DozoNET\n|-activate|p1b: DozoNET|move: Substitute|[damage]\n|\n|-heal|p1b: DozoNET|48\/100|[from] item: Leftovers\n|upkeep\n|turn|8\n|\n|t:|1700619641\n|move|p1b: DozoNET|Protect|p1b: DozoNET\n|-singleturn|p1b: DozoNET|Protect\n|move|p2b: Luquisha|Stomping Tantrum|p1b: DozoNET\n|-activate|p1b: DozoNET|move: Protect\n|move|p2a: Lawrence|Flash Cannon|p1b: DozoNET\n|-activate|p1b: DozoNET|move: Protect\n|\n|-heal|p1b: DozoNET|54\/100|[from] item: Leftovers\n|-sideend|p1: N4N0vgc|move: Aurora Veil\n|upkeep\n|turn|9\n|\n|t:|1700619646\n|move|p2b: Luquisha|Stomping Tantrum|p1b: DozoNET\n|-end|p1b: DozoNET|Substitute\n|move|p1b: DozoNET|Order Up|p2b: Luquisha\n|-damage|p2b: Luquisha|36\/100\n|-boost|p1b: DozoNET|atk|1\n|move|p2a: Lawrence|Flash Cannon|p1b: DozoNET\n|-damage|p1b: DozoNET|37\/100\n|\n|-heal|p1b: DozoNET|43\/100|[from] item: Leftovers\n|upkeep\n|turn|10\n|\n|t:|1700619657\n|switch|p2b: Mistress|Iron Hands, L50, shiny|9\/100\n|move|p1b: DozoNET|Order Up|p2b: Mistress\n|-damage|p2b: Mistress|0 fnt\n|faint|p2b: Mistress\n|-end|p2b: Mistress|Quark Drive|[silent]\n|-boost|p1b: DozoNET|atk|1\n|move|p2a: Lawrence|Flash Cannon|p1b: DozoNET\n|-damage|p1b: DozoNET|25\/100\n|\n|-heal|p1b: DozoNET|32\/100|[from] item: Leftovers\n|upkeep\n|\n|t:|1700619668\n|switch|p2b: Luquisha|Landorus-Therian, L50, M|36\/100\n|-ability|p2b: Luquisha|Intimidate|boost\n|-unboost|p1a: Comandante|atk|1\n|-unboost|p1b: DozoNET|atk|1\n|turn|11\n|\n|t:|1700619674\n|move|p1b: DozoNET|Protect|p1b: DozoNET\n|-singleturn|p1b: DozoNET|Protect\n|move|p2b: Luquisha|Stomping Tantrum|p1b: DozoNET\n|-activate|p1b: DozoNET|move: Protect\n|move|p2a: Lawrence|Flash Cannon|p1b: DozoNET\n|-activate|p1b: DozoNET|move: Protect\n|\n|-heal|p1b: DozoNET|38\/100|[from] item: Leftovers\n|upkeep\n|turn|12\n|\n|t:|1700619679\n|move|p2b: Luquisha|Stomping Tantrum|p1b: DozoNET\n|-damage|p1b: DozoNET|25\/100\n|move|p1b: DozoNET|Order Up|p2b: Luquisha\n|-damage|p2b: Luquisha|0 fnt\n|faint|p2b: Luquisha\n|-boost|p1b: DozoNET|atk|1\n|move|p2a: Lawrence|Flash Cannon|p1b: DozoNET\n|-damage|p1b: DozoNET|8\/100\n|\n|-heal|p1b: DozoNET|15\/100|[from] item: Leftovers\n|upkeep\n|turn|13\n|\n|t:|1700619688\n|move|p1b: DozoNET|Protect|p1b: DozoNET\n|-singleturn|p1b: DozoNET|Protect\n|move|p2a: Lawrence|Flash Cannon|p1b: DozoNET\n|-activate|p1b: DozoNET|move: Protect\n|\n|-heal|p1b: DozoNET|21\/100|[from] item: Leftovers\n|upkeep\n|turn|14\n|\n|t:|1700619693\n|move|p1b: DozoNET|Earthquake|p2a: Lawrence|[spread] p2a\n|-miss|p1b: DozoNET|p1a: Comandante\n|-damage|p2a: Lawrence|46\/100\n|move|p2a: Lawrence|Flash Cannon|p1b: DozoNET\n|-damage|p1b: DozoNET|3\/100\n|\n|-heal|p1b: DozoNET|9\/100|[from] item: Leftovers\n|upkeep\n|turn|15\n|\n|t:|1700619700\n|move|p1b: DozoNET|Earthquake|p2a: Lawrence|[spread] p2a\n|-miss|p1b: DozoNET|p1a: Comandante\n|-damage|p2a: Lawrence|0 fnt\n|faint|p2a: Lawrence\n|\n|win|N4N0vgc\n|c|\u2606N4N0vgc|ggs\n|c|\u2606Fancy Cucudrula|gg\n","uploadtime":1700619730,"views":2,"p1id":"n4n0vgc","p2id":"fancycucudrula","formatid":"gen9vgc2023regulatione","rating":0,"private":0,"password":""}