{"id":"gen9vgc2023regulatione-1992370514","p1":"Terry kloak","p2":"rexonagirl","format":"[Gen 9] VGC 2023 Regulation E","log":"|j|\u2606Terry kloak\n|j|\u2606rexonagirl\n|t:|1700179760\n|gametype|doubles\n|player|p1|Terry kloak|169|1753\n|player|p2|rexonagirl|grimsley-masters|1615\n|teamsize|p1|6\n|teamsize|p2|6\n|gen|9\n|tier|[Gen 9] VGC 2023 Regulation E\n|rated|\n|rule|Species Clause: Limit one of each Pok\u00e9mon\n|rule|Item Clause: Limit one of each item\n|clearpoke\n|poke|p1|Fezandipiti, L50, M|\n|poke|p1|Garganacl, L50, M|\n|poke|p1|Ogerpon-Wellspring, L50, F|\n|poke|p1|Ceruledge, L50, F|\n|poke|p1|Kingambit, L50, F|\n|poke|p1|Landorus-Therian, L50, M|\n|poke|p2|Flutter Mane, L50|\n|poke|p2|Tornadus, L50, M|\n|poke|p2|Chi-Yu, L50|\n|poke|p2|Amoonguss, L50, F|\n|poke|p2|Ogerpon-Hearthflame, L50, F|\n|poke|p2|Urshifu-*, L50, F|\n|teampreview|4\n|inactive|Battle timer is ON: inactive players will automatically lose when time's up. (requested by rexonagirl)\n|inactive|Terry kloak has 60 seconds left.\n|\n|t:|1700179797\n|start\n|switch|p1a: Garganacl|Garganacl, L50, M, shiny|100\/100\n|switch|p1b: Ogerpon|Ogerpon-Wellspring, L50, F|100\/100\n|switch|p2a: Urshifu-Vapid|Urshifu-Rapid-Strike, L50, F|100\/100\n|switch|p2b: Transadus|Tornadus, L50, M|100\/100\n|turn|1\n|\n|t:|1700179812\n|move|p1a: Garganacl|Wide Guard|p1a: Garganacl\n|-singleturn|p1a: Garganacl|Wide Guard\n|move|p2b: Transadus|Tailwind|p2b: Transadus\n|-sidestart|p2: rexonagirl|move: Tailwind\n|move|p2a: Urshifu-Vapid|U-turn|p1b: Ogerpon\n|-supereffective|p1b: Ogerpon\n|-damage|p1b: Ogerpon|26\/100\n|\n|t:|1700179821\n|switch|p2a: Ogrepoon|Ogerpon-Hearthflame, L50, F|100\/100|[from] U-turn\n|-ability|p2a: Ogrepoon|Mold Breaker\n|move|p1b: Ogerpon|Horn Leech|p2a: Ogrepoon\n|-resisted|p2a: Ogrepoon\n|-damage|p2a: Ogrepoon|87\/100\n|-heal|p1b: Ogerpon|33\/100|[from] drain|[of] p2a: Ogrepoon\n|\n|upkeep\n|turn|2\n|\n|t:|1700179836\n|switch|p1b: Landorus|Landorus-Therian, L50, M|100\/100\n|-ability|p1b: Landorus|Intimidate|boost\n|-unboost|p2a: Ogrepoon|atk|1\n|-unboost|p2b: Transadus|atk|1\n|-terastallize|p2a: Ogrepoon|Fire\n|detailschange|p2a: Ogrepoon|Ogerpon-Hearthflame-Tera, L50, F, tera:Fire\n|-ability|p2a: Ogrepoon|Embody Aspect (Hearthflame)|boost\n|-boost|p2a: Ogrepoon|atk|1\n|move|p2b: Transadus|Bleakwind Storm|p1b: Landorus|[spread] p1a,p1b\n|-resisted|p1a: Garganacl\n|-damage|p1a: Garganacl|88\/100\n|-damage|p1b: Landorus|49\/100\n|move|p2a: Ogrepoon|Horn Leech|p1b: Landorus\n|-damage|p1b: Landorus|1\/100\n|-heal|p2a: Ogrepoon|100\/100|[from] drain|[of] p1b: Landorus\n|move|p1a: Garganacl|Salt Cure|p2a: Ogrepoon\n|-supereffective|p2a: Ogrepoon\n|-damage|p2a: Ogrepoon|62\/100\n|-start|p2a: Ogrepoon|Salt Cure\n|\n|-heal|p1a: Garganacl|94\/100|[from] item: Leftovers\n|-damage|p2a: Ogrepoon|50\/100|[from] Salt Cure\n|upkeep\n|turn|3\n|inactive|Terry kloak has 30 seconds left.\n|inactive|rexonagirl has 30 seconds left.\n|\n|t:|1700179874\n|switch|p1b: Ceruledge|Ceruledge, L50, F|100\/100\n|move|p2b: Transadus|Icy Wind|p1a: Garganacl|[spread] p1a\n|-miss|p2b: Transadus|p1b: Ceruledge\n|-damage|p1a: Garganacl|85\/100\n|-unboost|p1a: Garganacl|spe|1\n|move|p2a: Ogrepoon|Horn Leech|p1b: Ceruledge\n|-resisted|p1b: Ceruledge\n|-crit|p1b: Ceruledge\n|-damage|p1b: Ceruledge|57\/100\n|-heal|p2a: Ogrepoon|74\/100|[from] drain|[of] p1b: Ceruledge\n|move|p1a: Garganacl|Salt Cure|p2a: Ogrepoon\n|-supereffective|p2a: Ogrepoon\n|-damage|p2a: Ogrepoon|36\/100\n|\n|-heal|p1a: Garganacl|90\/100|[from] item: Leftovers\n|-damage|p2a: Ogrepoon|24\/100|[from] Salt Cure\n|upkeep\n|turn|4\n|\n|t:|1700179894\n|move|p1a: Garganacl|Protect|p1a: Garganacl\n|-singleturn|p1a: Garganacl|Protect\n|move|p2b: Transadus|Bleakwind Storm|p1b: Ceruledge|[spread] \n|-activate|p1a: Garganacl|move: Protect\n|-miss|p2b: Transadus|p1b: Ceruledge\n|move|p2a: Ogrepoon|Horn Leech|p1a: Garganacl\n|-activate|p1a: Garganacl|move: Protect\n|move|p1b: Ceruledge|Bitter Blade|p2b: Transadus\n|-damage|p2b: Transadus|33\/100\n|-heal|p1b: Ceruledge|87\/100|[from] drain|[of] p2b: Transadus\n|\n|-heal|p1a: Garganacl|96\/100|[from] item: Leftovers\n|-damage|p2a: Ogrepoon|11\/100|[from] Salt Cure\n|-sideend|p2: rexonagirl|move: Tailwind\n|upkeep\n|turn|5\n|inactive|rexonagirl has 30 seconds left.\n|\n|t:|1700179924\n|move|p2b: Transadus|Tailwind|p2b: Transadus\n|-sidestart|p2: rexonagirl|move: Tailwind\n|move|p1b: Ceruledge|Shadow Sneak|p2a: Ogrepoon\n|-crit|p2a: Ogrepoon\n|-damage|p2a: Ogrepoon|0 fnt\n|faint|p2a: Ogrepoon\n|move|p1a: Garganacl|Salt Cure|p2b: Transadus\n|-supereffective|p2b: Transadus\n|-damage|p2b: Transadus|0 fnt\n|faint|p2b: Transadus\n|\n|-heal|p1a: Garganacl|100\/100|[from] item: Leftovers\n|upkeep\n|\n|t:|1700179929\n|switch|p2b: Ch-u|Chi-Yu, L50|100\/100\n|switch|p2a: Urshifu-Vapid|Urshifu-Rapid-Strike, L50, F|100\/100\n|-ability|p2b: Ch-u|Beads of Ruin\n|turn|6\n|inactive|Terry kloak has 30 seconds left.\n|inactive|Terry kloak has 20 seconds left.\n|inactive|Terry kloak has 15 seconds left.\n|inactive|Terry kloak has 10 seconds left.\n|\n|t:|1700179974\n|-terastallize|p1b: Ceruledge|Water\n|move|p2a: Urshifu-Vapid|Close Combat|p1a: Garganacl\n|-supereffective|p1a: Garganacl\n|-damage|p1a: Garganacl|11\/100\n|-unboost|p2a: Urshifu-Vapid|def|1\n|-unboost|p2a: Urshifu-Vapid|spd|1\n|move|p2b: Ch-u|Dark Pulse|p1b: Ceruledge\n|-damage|p1b: Ceruledge|6\/100\n|move|p1b: Ceruledge|Bitter Blade|p2a: Urshifu-Vapid\n|-resisted|p2a: Urshifu-Vapid\n|-damage|p2a: Urshifu-Vapid|70\/100\n|-heal|p1b: Ceruledge|22\/100|[from] drain|[of] p2a: Urshifu-Vapid\n|move|p1a: Garganacl|Salt Cure|p2a: Urshifu-Vapid\n|-resisted|p2a: Urshifu-Vapid\n|-damage|p2a: Urshifu-Vapid|58\/100\n|-start|p2a: Urshifu-Vapid|Salt Cure\n|\n|-heal|p1a: Garganacl|16\/100|[from] item: Leftovers\n|-damage|p2a: Urshifu-Vapid|34\/100|[from] Salt Cure\n|upkeep\n|turn|7\n|inactive|Terry kloak has 30 seconds left.\n|\n|t:|1700180002\n|move|p1a: Garganacl|Protect|p1a: Garganacl\n|-singleturn|p1a: Garganacl|Protect\n|move|p1b: Ceruledge|Shadow Sneak|p2a: Urshifu-Vapid\n|-damage|p2a: Urshifu-Vapid|6\/100\n|move|p2a: Urshifu-Vapid|Close Combat|p1b: Ceruledge\n|-damage|p1b: Ceruledge|0 fnt\n|-unboost|p2a: Urshifu-Vapid|def|1\n|-unboost|p2a: Urshifu-Vapid|spd|1\n|faint|p1b: Ceruledge\n|move|p2b: Ch-u|Dark Pulse|p1a: Garganacl\n|-activate|p1a: Garganacl|move: Protect\n|\n|-heal|p1a: Garganacl|22\/100|[from] item: Leftovers\n|-damage|p2a: Urshifu-Vapid|0 fnt|[from] Salt Cure\n|faint|p2a: Urshifu-Vapid\n|upkeep\n|\n|t:|1700180019\n|switch|p1b: Ogerpon|Ogerpon-Wellspring, L50, F|33\/100\n|turn|8\n|-message|rexonagirl forfeited.\n|\n|win|Terry kloak\n|raw|Terry kloak's rating: 1753 &rarr; <strong>1765<\/strong><br \/>(+12 for winning)\n|raw|rexonagirl's rating: 1615 &rarr; <strong>1603<\/strong><br \/>(-12 for losing)\n|l|\u2606rexonagirl\n","uploadtime":1700180041,"views":31,"p1id":"terrykloak","p2id":"rexonagirl","formatid":"gen9vgc2023regulatione","rating":1603,"private":0,"password":""}