{"id":"gen9vgc2023regulatione-1994362238","p1":"klay.yrey","p2":"Drumcat","format":"[Gen 9] VGC 2023 Regulation E","log":"|j|\u2606klay.yrey\n|j|\u2606Drumcat\n|t:|1700435272\n|gametype|doubles\n|player|p1|klay.yrey|candice|1062\n|player|p2|Drumcat|265|1093\n|teamsize|p1|6\n|teamsize|p2|6\n|gen|9\n|tier|[Gen 9] VGC 2023 Regulation E\n|rated|\n|rule|Species Clause: Limit one of each Pok\u00e9mon\n|rule|Item Clause: Limit one of each item\n|clearpoke\n|poke|p1|Kommo-o, L50, M|\n|poke|p1|Chandelure, L50, M|\n|poke|p1|Shiftry, L50, M|\n|poke|p1|Tornadus-Therian, L50, M|\n|poke|p1|Palafin, L50, M|\n|poke|p1|Gardevoir, L50, M|\n|poke|p2|Clefairy, L50, M|\n|poke|p2|Cetitan, L50, F|\n|poke|p2|Kommo-o, L50, F|\n|poke|p2|Sinistcha-Masterpiece, L50|\n|poke|p2|Landorus-Therian, L50, M|\n|poke|p2|Rillaboom, L50, F|\n|teampreview|4\n|\n|t:|1700435302\n|start\n|switch|p1a: Chandelure|Chandelure, L50, M|100\/100\n|switch|p1b: Tornadus|Tornadus-Therian, L50, M|100\/100\n|switch|p2a: Clefairy|Clefairy, L50, M|100\/100\n|switch|p2b: Cetitan|Cetitan, L50, F|100\/100\n|turn|1\n|\n|t:|1700435335\n|move|p2b: Cetitan|Protect|p2b: Cetitan\n|-singleturn|p2b: Cetitan|Protect\n|move|p2a: Clefairy|Protect|p2a: Clefairy\n|-singleturn|p2a: Clefairy|Protect\n|move|p1b: Tornadus|Tailwind|p1b: Tornadus\n|-sidestart|p1: klay.yrey|move: Tailwind\n|move|p1a: Chandelure|Taunt|p2a: Clefairy\n|-activate|p2a: Clefairy|move: Protect\n|\n|upkeep\n|turn|2\n|\n|t:|1700435356\n|move|p2a: Clefairy|Follow Me|p2a: Clefairy\n|-singleturn|p2a: Clefairy|move: Follow Me\n|move|p1b: Tornadus|Taunt|p2a: Clefairy\n|-start|p2a: Clefairy|move: Taunt\n|move|p1a: Chandelure|Taunt||[still]\n|-fail|p1a: Chandelure\n|move|p2b: Cetitan|Belly Drum|p2b: Cetitan\n|-damage|p2b: Cetitan|50\/100\n|-setboost|p2b: Cetitan|atk|6|[from] move: Belly Drum\n|-enditem|p2b: Cetitan|Sitrus Berry|[eat]\n|-heal|p2b: Cetitan|75\/100|[from] item: Sitrus Berry\n|\n|upkeep\n|turn|3\n|\n|t:|1700435380\n|switch|p2a: Landorus|Landorus-Therian, L50, M|100\/100\n|-ability|p2a: Landorus|Intimidate|boost\n|-unboost|p1a: Chandelure|atk|1\n|-unboost|p1b: Tornadus|atk|1\n|move|p2b: Cetitan|Protect|p2b: Cetitan\n|-singleturn|p2b: Cetitan|Protect\n|move|p1b: Tornadus|Bleakwind Storm|p2b: Cetitan|[spread] p2a\n|-activate|p2b: Cetitan|move: Protect\n|-crit|p2a: Landorus\n|-damage|p2a: Landorus|43\/100\n|move|p1a: Chandelure|Heat Wave|p2a: Landorus|[spread] p2a\n|-activate|p2b: Cetitan|move: Protect\n|-damage|p2a: Landorus|0 fnt\n|faint|p2a: Landorus\n|\n|upkeep\n|c|\u2606Drumcat|crit saved u\n|\n|t:|1700435400\n|switch|p2a: Clefairy|Clefairy, L50, M|100\/100\n|turn|4\n|c|\u2606klay.yrey|dumb fuck\n|c|\u2606Drumcat|wdym explain\n|\n|t:|1700435427\n|switch|p2a: Rillaboom|Rillaboom, L50, F|100\/100\n|-fieldstart|move: Grassy Terrain|[from] ability: Grassy Surge|[of] p2a: Rillaboom\n|move|p2b: Cetitan|Ice Shard|p1b: Tornadus\n|-supereffective|p1b: Tornadus\n|-crit|p1b: Tornadus\n|-damage|p1b: Tornadus|0 fnt\n|faint|p1b: Tornadus\n|move|p1a: Chandelure|Heat Wave|p2a: Rillaboom|[spread] p2a,p2b\n|-supereffective|p2a: Rillaboom\n|-supereffective|p2b: Cetitan\n|-damage|p2a: Rillaboom|32\/100\n|-damage|p2b: Cetitan|38\/100\n|\n|-heal|p2a: Rillaboom|38\/100|[from] Grassy Terrain\n|-heal|p2b: Cetitan|44\/100|[from] Grassy Terrain\n|-sideend|p1: klay.yrey|move: Tailwind\n|upkeep\n|c|\u2606klay.yrey|hang yourself\n|\n|t:|1700435439\n|switch|p1b: Palafin|Palafin, L50, M|100\/100\n|turn|5\n|c|\u2606Drumcat|?\n|c|\u2606Drumcat|im confused\n|\n|t:|1700435453\n|detailschange|p1b: Palafin|Palafin-Hero, L50, M\n|switch|p1b: Shiftry|Shiftry, L50, M|100\/100\n|-terastallize|p2b: Cetitan|Water\n|move|p2a: Rillaboom|Grassy Glide|p1b: Shiftry\n|-resisted|p1b: Shiftry\n|-damage|p1b: Shiftry|71\/100\n|move|p1a: Chandelure|Heat Wave|p2a: Rillaboom|[spread] p2a,p2b\n|-supereffective|p2a: Rillaboom\n|-resisted|p2b: Cetitan\n|-damage|p2a: Rillaboom|0 fnt\n|-damage|p2b: Cetitan|34\/100\n|faint|p2a: Rillaboom\n|move|p2b: Cetitan|Liquidation|p1a: Chandelure\n|-supereffective|p1a: Chandelure\n|-damage|p1a: Chandelure|0 fnt\n|faint|p1a: Chandelure\n|\n|-heal|p1b: Shiftry|77\/100|[from] Grassy Terrain\n|-heal|p2b: Cetitan|40\/100|[from] Grassy Terrain\n|upkeep\n|c|\u2606Drumcat|idk wut ur sayin\n|\n|t:|1700435474\n|switch|p2a: Clefairy|Clefairy, L50, M|100\/100\n|switch|p1a: Palafin|Palafin-Hero, L50, M|100\/100\n|-activate|p1a: Palafin|ability: Zero to Hero\n|turn|6\n|\n|t:|1700435487\n|move|p2a: Clefairy|Follow Me|p2a: Clefairy\n|-singleturn|p2a: Clefairy|move: Follow Me\n|move|p1a: Palafin|Flip Turn|p2a: Clefairy\n|-damage|p2a: Clefairy|68\/100\n|move|p1b: Shiftry|Razor Leaf|p2a: Clefairy|[spread] p2a,p2b\n|-supereffective|p2b: Cetitan\n|-damage|p2a: Clefairy|44\/100\n|-damage|p2b: Cetitan|0 fnt\n|faint|p2b: Cetitan\n|-damage|p1b: Shiftry|68\/100|[from] item: Life Orb\n|\n|-heal|p1b: Shiftry|74\/100|[from] Grassy Terrain\n|-heal|p2a: Clefairy|50\/100|[from] Grassy Terrain\n|upkeep\n|turn|7\n|c|\u2606Drumcat|gg\n|\n|t:|1700435500\n|move|p2a: Clefairy|Protect|p2a: Clefairy\n|-singleturn|p2a: Clefairy|Protect\n|move|p1a: Palafin|Ice Punch|p2a: Clefairy\n|-activate|p2a: Clefairy|move: Protect\n|move|p1b: Shiftry|Knock Off|p2a: Clefairy\n|-activate|p2a: Clefairy|move: Protect\n|\n|-heal|p1b: Shiftry|80\/100|[from] Grassy Terrain\n|-heal|p2a: Clefairy|56\/100|[from] Grassy Terrain\n|upkeep\n|turn|8\n|c|\u2606Drumcat|this is where u choke on ur saliva from the rage of having a shitty team and projecting it onto me for some reason\n|c|\u2606Drumcat|this is y u mad bro\n|c|\u2606klay.yrey|why cany i say k1ll oyturself\n|c|\u2606Drumcat|cuz ur tryin so hard to make shiftry work\n|c|\u2606klay.yrey|>(\n|inactive|Battle timer is ON: inactive players will automatically lose when time's up. (requested by klay.yrey)\n|c|\u2606Drumcat|you technically cant\n|c|\u2606Drumcat|but ur trying really hard to and its pathetic\n|c|\u2606klay.yrey|get a job\n|c|\u2606Drumcat|I DO!\n|inactive|Drumcat has 60 seconds left.\n|c|\u2606Drumcat|Im working from home rn!\n|c|\u2606Drumcat|I should go back to work\n|c|\u2606Drumcat|just say go kilometers per sec yourself\n|inactive|Drumcat has 30 seconds left.\n|inactive|Drumcat has 20 seconds left.\n|c|\u2606klay.yrey|shut up\n|c|\u2606klay.yrey|miles is better\n|inactive|Drumcat has 15 seconds left.\n|c|\u2606klay.yrey|>>>>>>\n|c|\u2606Drumcat|your aura is translecent and frankly ur pathetic\n|inactive|Drumcat has 10 seconds left.\n|-message|Drumcat forfeited.\n|\n|win|klay.yrey\n|raw|klay.yrey's rating: 1062 &rarr; <strong>1095<\/strong><br \/>(+33 for winning)\n|raw|Drumcat's rating: 1093 &rarr; <strong>1067<\/strong><br \/>(-26 for losing)\n","uploadtime":1700435404,"views":4,"p1id":"klayyrey","p2id":"drumcat","formatid":"gen9vgc2023regulatione","rating":1067,"private":0,"password":""}