{"id":"gen9vgc2023regulatione-1990136411","p1":"Ozwald McFly","p2":"Tjgrif54321","format":"[Gen 9] VGC 2023 Regulation E","log":"|j|\u2606Ozwald McFly\n|j|\u2606Tjgrif54321\n|t:|1699928485\n|gametype|doubles\n|player|p1|Ozwald McFly|birdkeeper-gen4dp|1156\n|player|p2|Tjgrif54321|pokemaniac|1151\n|teamsize|p1|6\n|teamsize|p2|6\n|gen|9\n|tier|[Gen 9] VGC 2023 Regulation E\n|rated|\n|rule|Species Clause: Limit one of each Pok\u00e9mon\n|rule|Item Clause: Limit one of each item\n|clearpoke\n|poke|p1|Noctowl, L50, F|\n|poke|p1|Sandy Shocks, L50|\n|poke|p1|Espeon, L50, F|\n|poke|p1|Indeedee-F, L50, F|\n|poke|p1|Iron Hands, L50|\n|poke|p1|Decidueye-Hisui, L50, M|\n|poke|p2|Flutter Mane, L50|\n|poke|p2|Iron Hands, L50|\n|poke|p2|Landorus-Therian, L50, M|\n|poke|p2|Ogerpon-Hearthflame, L50, F|\n|poke|p2|Farigiraf, L50, M|\n|poke|p2|Chien-Pao, L50|\n|teampreview|4\n|inactive|Battle timer is ON: inactive players will automatically lose when time's up. (requested by Tjgrif54321)\n|\n|t:|1699928504\n|start\n|switch|p1a: Decidueye|Decidueye-Hisui, L50, M, shiny|100\/100\n|switch|p1b: Indeedee|Indeedee-F, L50, F|100\/100\n|switch|p2a: Flutter Mane|Flutter Mane, L50|100\/100\n|switch|p2b: Landorus|Landorus-Therian, L50, M|100\/100\n|-ability|p2b: Landorus|Intimidate|boost\n|-fail|p1a: Decidueye|unboost|Attack|[from] ability: Scrappy|[of] p1a: Decidueye\n|-unboost|p1b: Indeedee|atk|1\n|-fieldstart|move: Psychic Terrain|[from] ability: Psychic Surge|[of] p1b: Indeedee\n|-enditem|p2a: Flutter Mane|Booster Energy\n|-activate|p2a: Flutter Mane|ability: Protosynthesis|[fromitem]\n|-start|p2a: Flutter Mane|protosynthesisspa\n|turn|1\n|\n|t:|1699928518\n|move|p1a: Decidueye|Protect|p1a: Decidueye\n|-singleturn|p1a: Decidueye|Protect\n|move|p2b: Landorus|U-turn|p1b: Indeedee\n|-supereffective|p1b: Indeedee\n|-damage|p1b: Indeedee|42\/100\n|-enditem|p1b: Indeedee|Sitrus Berry|[eat]\n|-heal|p1b: Indeedee|67\/100|[from] item: Sitrus Berry\n|\n|t:|1699928529\n|switch|p2b: Ogerpon|Ogerpon-Hearthflame, L50, F|100\/100|[from] U-turn\n|-ability|p2b: Ogerpon|Mold Breaker\n|move|p2a: Flutter Mane|Moonblast|p1a: Decidueye\n|-activate|p1a: Decidueye|move: Protect\n|move|p1b: Indeedee|Trick Room|p1b: Indeedee\n|-fieldstart|move: Trick Room|[of] p1b: Indeedee\n|\n|upkeep\n|turn|2\n|\n|t:|1699928544\n|-terastallize|p1a: Decidueye|Fighting\n|move|p1b: Indeedee|Helping Hand|p1a: Decidueye\n|-singleturn|p1a: Decidueye|Helping Hand|[of] p1b: Indeedee\n|move|p1a: Decidueye|Leaf Blade|p2a: Flutter Mane\n|-crit|p2a: Flutter Mane\n|-damage|p2a: Flutter Mane|0 fnt\n|faint|p2a: Flutter Mane\n|-end|p2a: Flutter Mane|Protosynthesis|[silent]\n|move|p2b: Ogerpon|U-turn|p1b: Indeedee\n|-supereffective|p1b: Indeedee\n|-damage|p1b: Indeedee|4\/100\n|\n|t:|1699928552\n|switch|p2b: Landorus|Landorus-Therian, L50, M|100\/100|[from] U-turn\n|-ability|p2b: Landorus|Intimidate|boost\n|-fail|p1a: Decidueye|unboost|Attack|[from] ability: Scrappy|[of] p1a: Decidueye\n|-unboost|p1b: Indeedee|atk|1\n|\n|upkeep\n|\n|t:|1699928560\n|switch|p2a: Ogerpon|Ogerpon-Hearthflame, L50, F|100\/100\n|-ability|p2a: Ogerpon|Mold Breaker\n|turn|3\n|inactive|Ozwald McFly has 30 seconds left.\n|\n|t:|1699928595\n|switch|p2b: Iron Hands|Iron Hands, L50|100\/100\n|move|p1a: Decidueye|Protect|p1a: Decidueye\n|-singleturn|p1a: Decidueye|Protect\n|move|p1b: Indeedee|Psyshock|p2b: Iron Hands\n|-supereffective|p2b: Iron Hands\n|-damage|p2b: Iron Hands|53\/100\n|move|p2a: Ogerpon|Ivy Cudgel|p1b: Indeedee\n|-crit|p1b: Indeedee\n|-damage|p1b: Indeedee|0 fnt\n|faint|p1b: Indeedee\n|\n|upkeep\n|\n|t:|1699928607\n|switch|p1b: Iron Hands|Iron Hands, L50|100\/100\n|turn|4\n|\n|t:|1699928621\n|move|p1b: Iron Hands|Drain Punch|p2a: Ogerpon\n|-damage|p2a: Ogerpon|39\/100\n|move|p1a: Decidueye|Triple Arrows|p2a: Ogerpon\n|-damage|p2a: Ogerpon|0 fnt\n|faint|p2a: Ogerpon\n|move|p2b: Iron Hands|Drain Punch|p1b: Iron Hands\n|-damage|p1b: Iron Hands|65\/100\n|-heal|p2b: Iron Hands|70\/100|[from] drain|[of] p1b: Iron Hands\n|\n|upkeep\n|\n|t:|1699928632\n|switch|p2a: Landorus|Landorus-Therian, L50, M|100\/100\n|-ability|p2a: Landorus|Intimidate|boost\n|-fail|p1a: Decidueye|unboost|Attack|[from] ability: Scrappy|[of] p1a: Decidueye\n|-unboost|p1b: Iron Hands|atk|1\n|turn|5\n|\n|t:|1699928645\n|-terastallize|p2a: Landorus|Flying\n|move|p1b: Iron Hands|Drain Punch|p2b: Iron Hands\n|-damage|p2b: Iron Hands|46\/100\n|-heal|p1b: Iron Hands|78\/100|[from] drain|[of] p2b: Iron Hands\n|move|p1a: Decidueye|Triple Arrows|p2b: Iron Hands\n|-damage|p2b: Iron Hands|2\/100\n|move|p2b: Iron Hands|Drain Punch|p1b: Iron Hands\n|-damage|p1b: Iron Hands|42\/100\n|-heal|p2b: Iron Hands|19\/100|[from] drain|[of] p1b: Iron Hands\n|move|p2a: Landorus|Tera Blast|p1a: Decidueye|[anim] Tera Blast Flying\n|-supereffective|p1a: Decidueye\n|-damage|p1a: Decidueye|0 fnt\n|faint|p1a: Decidueye\n|\n|-fieldend|move: Trick Room\n|-fieldend|move: Psychic Terrain\n|upkeep\n|\n|t:|1699928661\n|switch|p1a: Espeon|Espeon, L50, F|100\/100\n|turn|6\n|\n|t:|1699928675\n|move|p2a: Landorus|Tera Blast|p1b: Iron Hands|[anim] Tera Blast Flying\n|-damage|p1b: Iron Hands|0 fnt\n|faint|p1b: Iron Hands\n|-end|p1b: Iron Hands|Quark Drive|[silent]\n|move|p1a: Espeon|Dazzling Gleam|p2b: Iron Hands|[spread] p2a,p2b\n|-supereffective|p2b: Iron Hands\n|-damage|p2a: Landorus|71\/100\n|-damage|p2b: Iron Hands|0 fnt\n|faint|p2b: Iron Hands\n|-end|p2b: Iron Hands|Quark Drive|[silent]\n|\n|upkeep\n|turn|7\n|\n|t:|1699928683\n|move|p2a: Landorus|Tera Blast|p1a: Espeon|[anim] Tera Blast Flying\n|-enditem|p1a: Espeon|Focus Sash\n|-damage|p1a: Espeon|1\/100\n|move|p1a: Espeon|Psychic|p2a: Landorus\n|-damage|p2a: Landorus|9\/100\n|\n|upkeep\n|turn|8\n|\n|t:|1699928691\n|move|p1a: Espeon|Detect|p1a: Espeon\n|-singleturn|p1a: Espeon|Protect\n|move|p2a: Landorus|Tera Blast|p1a: Espeon|[anim] Tera Blast Flying\n|-activate|p1a: Espeon|move: Protect\n|\n|upkeep\n|turn|9\n|\n|t:|1699928697\n|move|p2a: Landorus|Tera Blast|p1a: Espeon|[anim] Tera Blast Flying\n|-damage|p1a: Espeon|0 fnt\n|faint|p1a: Espeon\n|\n|win|Tjgrif54321\n|raw|Ozwald McFly's rating: 1156 &rarr; <strong>1131<\/strong><br \/>(-25 for losing)\n|raw|Tjgrif54321's rating: 1151 &rarr; <strong>1176<\/strong><br \/>(+25 for winning)\n|l|\u2606Tjgrif54321\n","uploadtime":1699928703,"views":7,"p1id":"ozwaldmcfly","p2id":"tjgrif54321","formatid":"gen9vgc2023regulatione","rating":1131,"private":0,"password":""}