{"id":"gen9vgc2023regulatione-1988763708","p1":"FSLYSOKOLY","p2":"u7h7hh798","format":"[Gen 9] VGC 2023 Regulation E","log":"|j|\u2606FSLYSOKOLY\n|j|\u2606u7h7hh798\n|t:|1699760052\n|gametype|doubles\n|player|p1|FSLYSOKOLY|dawn|1129\n|player|p2|u7h7hh798|silver|1223\n|teamsize|p1|6\n|teamsize|p2|6\n|gen|9\n|tier|[Gen 9] VGC 2023 Regulation E\n|rated|\n|rule|Species Clause: Limit one of each Pok\u00e9mon\n|rule|Item Clause: Limit one of each item\n|clearpoke\n|poke|p1|Ogerpon-Hearthflame, L50, F|\n|poke|p1|Arcanine-Hisui, L50, M|\n|poke|p1|Gastrodon, L50, F|\n|poke|p1|Cresselia, L50, F|\n|poke|p1|Iron Hands, L50|\n|poke|p1|Flutter Mane, L50|\n|poke|p2|Dondozo, L50, F|\n|poke|p2|Tatsugiri, L50, M|\n|poke|p2|Glimmora, L50, M|\n|poke|p2|Urshifu-*, L50, M|\n|poke|p2|Ogerpon-Wellspring, L50, F|\n|poke|p2|Chi-Yu, L50|\n|teampreview|4\n|inactive|Battle timer is ON: inactive players will automatically lose when time's up. (requested by u7h7hh798)\n|inactive|FSLYSOKOLY has 60 seconds left.\n|inactive|u7h7hh798 has 60 seconds left.\n|inactive|FSLYSOKOLY has 30 seconds left.\n|\n|t:|1699760113\n|start\n|switch|p1a: Gastrodon|Gastrodon, L50, F|100\/100\n|switch|p1b: Ogerpon|Ogerpon-Hearthflame, L50, F|100\/100\n|switch|p2a: Urshifu|Urshifu, L50, M|100\/100\n|switch|p2b: Ogerpon|Ogerpon-Wellspring, L50, F|100\/100\n|-ability|p1b: Ogerpon|Mold Breaker\n|turn|1\n|inactive|FSLYSOKOLY has 30 seconds left.\n|inactive|u7h7hh798 has 30 seconds left.\n|inactive|u7h7hh798 has 20 seconds left.\n|inactive|FSLYSOKOLY has 20 seconds left.\n|inactive|u7h7hh798 has 15 seconds left.\n|inactive|FSLYSOKOLY has 15 seconds left.\n|\n|t:|1699760161\n|-terastallize|p1b: Ogerpon|Fire\n|detailschange|p1b: Ogerpon|Ogerpon-Hearthflame-Tera, L50, F, tera:Fire\n|-ability|p1b: Ogerpon|Embody Aspect (Hearthflame)|boost\n|-boost|p1b: Ogerpon|atk|1\n|move|p1a: Gastrodon|Protect|p1a: Gastrodon\n|-singleturn|p1a: Gastrodon|Protect\n|move|p1b: Ogerpon|Ivy Cudgel|p2b: Ogerpon\n|-damage|p2b: Ogerpon|0 fnt\n|faint|p2b: Ogerpon\n|move|p2a: Urshifu|Wicked Blow|p1a: Gastrodon\n|-crit|p1a: Gastrodon\n|-damage|p1a: Gastrodon|40\/100\n|-enditem|p1a: Gastrodon|Sitrus Berry|[eat]\n|-heal|p1a: Gastrodon|65\/100|[from] item: Sitrus Berry\n|\n|upkeep\n|\n|t:|1699760174\n|switch|p2b: Dondozo|Dondozo, L50, F|100\/100\n|turn|2\n|\n|t:|1699760193\n|move|p2b: Dondozo|Protect|p2b: Dondozo\n|-singleturn|p2b: Dondozo|Protect\n|move|p1b: Ogerpon|Horn Leech|p2b: Dondozo\n|-activate|p2b: Dondozo|move: Protect\n|move|p2a: Urshifu|Wicked Blow|p1a: Gastrodon\n|-crit|p1a: Gastrodon\n|-damage|p1a: Gastrodon|6\/100\n|move|p1a: Gastrodon|Earth Power|p2b: Dondozo\n|-activate|p2b: Dondozo|move: Protect\n|\n|upkeep\n|turn|3\n|\n|t:|1699760206\n|switch|p2a: Tatsugiri|Tatsugiri, L50, M|100\/100\n|-activate|p2a: Tatsugiri|ability: Commander|[of] p2b: Dondozo\n|-boost|p2b: Dondozo|atk|2\n|-boost|p2b: Dondozo|spa|2\n|-boost|p2b: Dondozo|spe|2\n|-boost|p2b: Dondozo|def|2\n|-boost|p2b: Dondozo|spd|2\n|-terastallize|p2b: Dondozo|Dragon\n|move|p2b: Dondozo|Earthquake|p1a: Gastrodon|[spread] p1a,p1b\n|-miss|p2b: Dondozo|p2a: Tatsugiri\n|-supereffective|p1b: Ogerpon\n|-damage|p1a: Gastrodon|0 fnt\n|-damage|p1b: Ogerpon|19\/100\n|faint|p1a: Gastrodon\n|move|p1b: Ogerpon|Ivy Cudgel|p2a: Tatsugiri|[miss]\n|-miss|p1b: Ogerpon|p2a: Tatsugiri\n|\n|upkeep\n|\n|t:|1699760212\n|switch|p1a: Flutter Mane|Flutter Mane, L50|100\/100\n|-enditem|p1a: Flutter Mane|Booster Energy\n|-activate|p1a: Flutter Mane|ability: Protosynthesis|[fromitem]\n|-start|p1a: Flutter Mane|protosynthesisspe\n|turn|4\n|\n|t:|1699760221\n|move|p1a: Flutter Mane|Moonblast|p2b: Dondozo\n|-supereffective|p2b: Dondozo\n|-damage|p2b: Dondozo|58\/100\n|move|p2b: Dondozo|Earthquake|p1b: Ogerpon|[spread] p1a,p1b\n|-miss|p2b: Dondozo|p2a: Tatsugiri\n|-supereffective|p1b: Ogerpon\n|-damage|p1a: Flutter Mane|36\/100\n|-damage|p1b: Ogerpon|0 fnt\n|faint|p1b: Ogerpon\n|\n|-heal|p2b: Dondozo|64\/100|[from] item: Leftovers\n|upkeep\n|\n|t:|1699760229\n|switch|p1b: Arcanine|Arcanine-Hisui, L50, M|100\/100\n|-ability|p1b: Arcanine|Intimidate|boost\n|-unboost|p2a: Tatsugiri|atk|1\n|-fail|p2b: Dondozo|unboost|Attack|[from] ability: Oblivious|[of] p2b: Dondozo\n|turn|5\n|\n|t:|1699760237\n|move|p2b: Dondozo|Protect|p2b: Dondozo\n|-singleturn|p2b: Dondozo|Protect\n|move|p1a: Flutter Mane|Moonblast|p2b: Dondozo\n|-activate|p2b: Dondozo|move: Protect\n|move|p1b: Arcanine|Rock Slide|p2a: Tatsugiri|[spread] \n|-miss|p1b: Arcanine|p2a: Tatsugiri\n|-activate|p2b: Dondozo|move: Protect\n|\n|-heal|p2b: Dondozo|70\/100|[from] item: Leftovers\n|upkeep\n|turn|6\n|\n|t:|1699760244\n|move|p1a: Flutter Mane|Moonblast|p2b: Dondozo\n|-supereffective|p2b: Dondozo\n|-damage|p2b: Dondozo|22\/100\n|move|p2b: Dondozo|Earthquake|p1a: Flutter Mane|[spread] p1a,p1b\n|-miss|p2b: Dondozo|p2a: Tatsugiri\n|-supereffective|p1b: Arcanine\n|-damage|p1a: Flutter Mane|0 fnt\n|-damage|p1b: Arcanine|0 fnt\n|faint|p1a: Flutter Mane\n|-end|p1a: Flutter Mane|Protosynthesis|[silent]\n|faint|p1b: Arcanine\n|\n|win|u7h7hh798\n|raw|FSLYSOKOLY's rating: 1129 &rarr; <strong>1111<\/strong><br \/>(-18 for losing)\n|raw|u7h7hh798's rating: 1223 &rarr; <strong>1241<\/strong><br \/>(+18 for winning)\n|l|\u2606FSLYSOKOLY\n","uploadtime":1699760495,"views":14,"p1id":"fslysokoly","p2id":"u7h7hh798","formatid":"gen9vgc2023regulatione","rating":1111,"private":0,"password":""}