{"id":"gen9vgc2023regulatione-1993844604","p1":"Samglizzyslapper","p2":"ramennoodsz","format":"[Gen 9] VGC 2023 Regulation E","log":"|j|\u2606Samglizzyslapper\n|j|\u2606ramennoodsz\n|t:|1700364379\n|gametype|doubles\n|player|p1|Samglizzyslapper|infielder|1128\n|player|p2|ramennoodsz|266|1232\n|teamsize|p1|6\n|teamsize|p2|6\n|gen|9\n|tier|[Gen 9] VGC 2023 Regulation E\n|rated|\n|rule|Species Clause: Limit one of each Pok\u00e9mon\n|rule|Item Clause: Limit one of each item\n|clearpoke\n|poke|p1|Arcanine-Hisui, L50, M|\n|poke|p1|Flutter Mane, L50|\n|poke|p1|Ogerpon-Wellspring, L50, F|\n|poke|p1|Okidogi, L50, M|\n|poke|p1|Mamoswine, L50, F|\n|poke|p1|Iron Jugulis, L50|\n|poke|p2|Grimmsnarl, L50, M|\n|poke|p2|Flutter Mane, L50|\n|poke|p2|Amoonguss, L50, M|\n|poke|p2|Iron Hands, L50|\n|poke|p2|Kingambit, L50, F|\n|poke|p2|Urshifu-*, L50, M|\n|teampreview|4\n|inactive|Battle timer is ON: inactive players will automatically lose when time's up. (requested by ramennoodsz)\n|inactive|ramennoodsz has 60 seconds left.\nSamglizzyslapper has agreed to open team sheets.\n|inactive|ramennoodsz has 30 seconds left.\n|\n|t:|1700364441\n|start\n|switch|p1a: Iron Jugulis|Iron Jugulis, L50|100\/100\n|switch|p1b: Mamoswine|Mamoswine, L50, F|100\/100\n|switch|p2a: Grimmsnarl|Grimmsnarl, L50, M|100\/100\n|switch|p2b: Amoonguss|Amoonguss, L50, M|100\/100\n|turn|1\n|\n|t:|1700364453\n|move|p2a: Grimmsnarl|Fake Out|p1a: Iron Jugulis\n|-damage|p1a: Iron Jugulis|87\/100\n|move|p1b: Mamoswine|Ice Shard|p2b: Amoonguss\n|-supereffective|p2b: Amoonguss\n|-damage|p2b: Amoonguss|52\/100\n|cant|p1a: Iron Jugulis|flinch\n|move|p2b: Amoonguss|Spore|p1b: Mamoswine\n|-status|p1b: Mamoswine|slp|[from] move: Spore\n|\n|upkeep\n|turn|2\n|\n|t:|1700364477\n|switch|p2b: Iron Hands|Iron Hands, L50|100\/100\n|cant|p1b: Mamoswine|slp\n|move|p1a: Iron Jugulis|Tailwind|p1a: Iron Jugulis\n|-sidestart|p1: Samglizzyslapper|move: Tailwind\n|move|p2a: Grimmsnarl|Spirit Break|p1a: Iron Jugulis\n|-supereffective|p1a: Iron Jugulis\n|-damage|p1a: Iron Jugulis|14\/100\n|-unboost|p1a: Iron Jugulis|spa|1\n|\n|upkeep\n|turn|3\n|\n|t:|1700364495\n|move|p1a: Iron Jugulis|Snarl|p2a: Grimmsnarl|[spread] p2a,p2b\n|-resisted|p2a: Grimmsnarl\n|-resisted|p2b: Iron Hands\n|-damage|p2a: Grimmsnarl|97\/100\n|-damage|p2b: Iron Hands|97\/100\n|-unboost|p2a: Grimmsnarl|spa|1\n|-unboost|p2b: Iron Hands|spa|1\n|-enditem|p2a: Grimmsnarl|Eject Button\n|\n|t:|1700364509\n|switch|p2a: Amoonguss|Amoonguss, L50, M|85\/100\n|cant|p1b: Mamoswine|slp\n|move|p2b: Iron Hands|Drain Punch|p1b: Mamoswine\n|-supereffective|p1b: Mamoswine\n|-damage|p1b: Mamoswine|7\/100 slp\n|-heal|p2b: Iron Hands|100\/100|[from] drain|[of] p1b: Mamoswine\n|\n|upkeep\n|turn|4\n|inactive|Samglizzyslapper has 30 seconds left.\n|inactive|ramennoodsz has 30 seconds left.\n|\n|t:|1700364540\n|-curestatus|p1b: Mamoswine|slp|[msg]\n|move|p1b: Mamoswine|Ice Shard|p2a: Amoonguss\n|-supereffective|p2a: Amoonguss\n|-damage|p2a: Amoonguss|33\/100\n|move|p1a: Iron Jugulis|Snarl|p2a: Amoonguss|[spread] p2a,p2b\n|-resisted|p2b: Iron Hands\n|-damage|p2a: Amoonguss|22\/100\n|-damage|p2b: Iron Hands|97\/100\n|-unboost|p2a: Amoonguss|spa|1\n|-unboost|p2b: Iron Hands|spa|1\n|move|p2b: Iron Hands|Drain Punch|p1b: Mamoswine\n|-supereffective|p1b: Mamoswine\n|-damage|p1b: Mamoswine|0 fnt\n|-heal|p2b: Iron Hands|99\/100|[from] drain|[of] p1b: Mamoswine\n|faint|p1b: Mamoswine\n|move|p2a: Amoonguss|Spore|p1a: Iron Jugulis\n|-status|p1a: Iron Jugulis|slp|[from] move: Spore\n|\n|upkeep\n|\n|t:|1700364548\n|switch|p1b: Flutter Mane|Flutter Mane, L50|100\/100\n|turn|5\n|\n|t:|1700364567\n|switch|p2a: Grimmsnarl|Grimmsnarl, L50, M|97\/100\n|-terastallize|p1b: Flutter Mane|Normal\n|move|p1b: Flutter Mane|Hyper Voice|p2b: Iron Hands|[spread] p2a,p2b\n|-crit|p2a: Grimmsnarl\n|-damage|p2a: Grimmsnarl|36\/100\n|-damage|p2b: Iron Hands|76\/100\n|cant|p1a: Iron Jugulis|slp\n|move|p2b: Iron Hands|Heavy Slam|p1b: Flutter Mane\n|-damage|p1b: Flutter Mane|26\/100\n|\n|-sideend|p1: Samglizzyslapper|move: Tailwind\n|upkeep\n|turn|6\n|inactive|ramennoodsz has 30 seconds left.\n|\n|t:|1700364594\n|move|p2a: Grimmsnarl|Fake Out|p1b: Flutter Mane\n|-damage|p1b: Flutter Mane|9\/100\n|cant|p1b: Flutter Mane|flinch\n|-curestatus|p1a: Iron Jugulis|slp|[msg]\n|move|p1a: Iron Jugulis|Tailwind|p1a: Iron Jugulis\n|-sidestart|p1: Samglizzyslapper|move: Tailwind\n|move|p2b: Iron Hands|Drain Punch|p1b: Flutter Mane\n|-supereffective|p1b: Flutter Mane\n|-damage|p1b: Flutter Mane|0 fnt\n|-heal|p2b: Iron Hands|79\/100|[from] drain|[of] p1b: Flutter Mane\n|faint|p1b: Flutter Mane\n|-end|p1b: Flutter Mane|Protosynthesis|[silent]\n|\n|upkeep\n|\n|t:|1700364605\n|switch|p1b: Arcanine|Arcanine-Hisui, L50, M|100\/100\n|-ability|p1b: Arcanine|Intimidate|boost\n|-unboost|p2a: Grimmsnarl|atk|1\n|-unboost|p2b: Iron Hands|atk|1\n|turn|7\n|\n|t:|1700364617\n|-end|p2b: Iron Hands|Quark Drive|[silent]\n|switch|p2b: Amoonguss|Amoonguss, L50, M|55\/100\n|move|p2a: Grimmsnarl|Parting Shot|p1b: Arcanine\n|-unboost|p1b: Arcanine|atk|1\n|-unboost|p1b: Arcanine|spa|1\n|\n|t:|1700364624\n|switch|p2a: Iron Hands|Iron Hands, L50|79\/100|[from] Parting Shot\n|move|p1a: Iron Jugulis|Hurricane|p2b: Amoonguss|[miss]\n|-miss|p1a: Iron Jugulis|p2b: Amoonguss\n|move|p1b: Arcanine|Flare Blitz|p2b: Amoonguss\n|-supereffective|p2b: Amoonguss\n|-damage|p2b: Amoonguss|0 fnt\n|-damage|p1b: Arcanine|84\/100|[from] item: Rocky Helmet|[of] p2b: Amoonguss\n|faint|p2b: Amoonguss\n|-damage|p1b: Arcanine|62\/100|[from] Recoil\n|\n|upkeep\n|\n|t:|1700364635\n|switch|p2b: Grimmsnarl|Grimmsnarl, L50, M|36\/100\n|turn|8\n|\n|t:|1700364649\n|move|p2b: Grimmsnarl|Fake Out|p1b: Arcanine\n|-resisted|p1b: Arcanine\n|-damage|p1b: Arcanine|56\/100\n|move|p1a: Iron Jugulis|Hurricane|p2b: Grimmsnarl|[miss]\n|-miss|p1a: Iron Jugulis|p2b: Grimmsnarl\n|cant|p1b: Arcanine|flinch\n|move|p2a: Iron Hands|Drain Punch|p1b: Arcanine\n|-supereffective|p1b: Arcanine\n|-damage|p1b: Arcanine|0 fnt\n|-heal|p2a: Iron Hands|99\/100|[from] drain|[of] p1b: Arcanine\n|faint|p1b: Arcanine\n|\n|upkeep\n|turn|9\n|\n|t:|1700364664\n|move|p1a: Iron Jugulis|Hurricane|p2a: Iron Hands|[miss]\n|-miss|p1a: Iron Jugulis|p2a: Iron Hands\n|move|p2b: Grimmsnarl|Spirit Break|p1a: Iron Jugulis\n|-supereffective|p1a: Iron Jugulis\n|-damage|p1a: Iron Jugulis|0 fnt\n|faint|p1a: Iron Jugulis\n|-end|p1a: Iron Jugulis|Quark Drive|[silent]\n|\n|win|ramennoodsz\n|raw|Samglizzyslapper's rating: 1128 &rarr; <strong>1110<\/strong><br \/>(-18 for losing)\n|raw|ramennoodsz's rating: 1232 &rarr; <strong>1250<\/strong><br \/>(+18 for winning)\n|l|\u2606Samglizzyslapper\n","uploadtime":1700364684,"views":8,"p1id":"samglizzyslapper","p2id":"ramennoodsz","formatid":"gen9vgc2023regulatione","rating":1110,"private":0,"password":""}