{"id":"gen9vgc2023regulatione-1988114678","p1":"NickC_VGC","p2":"laqueesha_keeana","format":"[Gen 9] VGC 2023 Regulation E","log":"|j|\u2606NickC_VGC\n|j|\u2606laqueesha_keeana\n|t:|1699671336\n|gametype|doubles\n|player|p1|NickC_VGC|169|1317\n|player|p2|laqueesha_keeana|fantina|1361\n|teamsize|p1|6\n|teamsize|p2|6\n|gen|9\n|tier|[Gen 9] VGC 2023 Regulation E\n|rated|\n|rule|Species Clause: Limit one of each Pok\u00e9mon\n|rule|Item Clause: Limit one of each item\n|clearpoke\n|poke|p1|Landorus-Therian, L50, M|\n|poke|p1|Ogerpon-Wellspring, L50, F|\n|poke|p1|Farigiraf, L50, M|\n|poke|p1|Sylveon, L50, F|\n|poke|p1|Kommo-o, L50, F|\n|poke|p1|Arcanine-Hisui, L50, M|\n|poke|p2|Sinistcha, L50|\n|poke|p2|Chesnaught, L50, M|\n|poke|p2|Iron Hands, L50|\n|poke|p2|Flutter Mane, L50|\n|poke|p2|Grimmsnarl, L50, M|\n|poke|p2|Clefairy, L50, M|\n|teampreview|4\n|inactive|Battle timer is ON: inactive players will automatically lose when time's up. (requested by laqueesha_keeana)\n|\n|t:|1699671387\n|start\n|switch|p1a: Kommo-o|Kommo-o, L50, F|100\/100\n|switch|p1b: Sylveon|Sylveon, L50, F|100\/100\n|switch|p2a: Chesnaught|Chesnaught, L50, M|100\/100\n|switch|p2b: Grimmsnarl|Grimmsnarl, L50, M|100\/100\n|turn|1\n|inactive|NickC_VGC has 30 seconds left.\n|\n|t:|1699671416\n|-terastallize|p1a: Kommo-o|Steel\n|move|p2a: Chesnaught|Spiky Shield|p2a: Chesnaught\n|-singleturn|p2a: Chesnaught|move: Protect\n|move|p2b: Grimmsnarl|Light Screen|p2b: Grimmsnarl\n|-sidestart|p2: laqueesha_keeana|move: Light Screen\n|move|p1a: Kommo-o|Iron Defense|p1a: Kommo-o\n|-boost|p1a: Kommo-o|def|2\n|move|p1b: Sylveon|Hyper Voice|p2a: Chesnaught|[spread] p2b\n|-activate|p2a: Chesnaught|move: Protect\n|-supereffective|p2b: Grimmsnarl\n|-damage|p2b: Grimmsnarl|13\/100\n|\n|upkeep\n|turn|2\n|\n|t:|1699671438\n|-terastallize|p2a: Chesnaught|Fire\n|move|p2b: Grimmsnarl|Parting Shot|p1b: Sylveon\n|-unboost|p1b: Sylveon|atk|1\n|-unboost|p1b: Sylveon|spa|1\n|\n|t:|1699671447\n|switch|p2b: Sinistcha|Sinistcha, L50|100\/100|[from] Parting Shot\n|move|p1a: Kommo-o|Iron Defense|p1a: Kommo-o\n|-boost|p1a: Kommo-o|def|2\n|move|p2a: Chesnaught|Belly Drum|p2a: Chesnaught\n|-damage|p2a: Chesnaught|50\/100\n|-setboost|p2a: Chesnaught|atk|6|[from] move: Belly Drum\n|-enditem|p2a: Chesnaught|Sitrus Berry|[eat]\n|-heal|p2a: Chesnaught|75\/100|[from] item: Sitrus Berry\n|move|p1b: Sylveon|Hyper Voice|p2a: Chesnaught|[spread] p2a,p2b\n|-resisted|p2a: Chesnaught\n|-damage|p2a: Chesnaught|62\/100\n|-damage|p2b: Sinistcha|74\/100\n|\n|upkeep\n|turn|3\n|\n|t:|1699671469\n|move|p2b: Sinistcha|Rage Powder|p2b: Sinistcha\n|-singleturn|p2b: Sinistcha|move: Rage Powder\n|move|p1a: Kommo-o|Iron Defense|p1a: Kommo-o\n|-boost|p1a: Kommo-o|def|2\n|move|p2a: Chesnaught|Drain Punch|p1a: Kommo-o\n|-supereffective|p1a: Kommo-o\n|-damage|p1a: Kommo-o|50\/100\n|-heal|p2a: Chesnaught|90\/100|[from] drain|[of] p1a: Kommo-o\n|move|p1b: Sylveon|Hyper Voice|p2b: Sinistcha|[spread] p2a,p2b\n|-resisted|p2a: Chesnaught\n|-damage|p2a: Chesnaught|76\/100\n|-damage|p2b: Sinistcha|46\/100\n|\n|-heal|p1a: Kommo-o|56\/100|[from] item: Leftovers\n|upkeep\n|turn|4\n|\n|t:|1699671488\n|move|p1a: Kommo-o|Protect|p1a: Kommo-o\n|-singleturn|p1a: Kommo-o|Protect\n|move|p2a: Chesnaught|Drain Punch|p1a: Kommo-o\n|-activate|p1a: Kommo-o|move: Protect\n|move|p1b: Sylveon|Hyper Voice|p2a: Chesnaught|[spread] p2a,p2b\n|-resisted|p2a: Chesnaught\n|-damage|p2a: Chesnaught|61\/100\n|-damage|p2b: Sinistcha|21\/100\n|move|p2b: Sinistcha|Trick Room|p2b: Sinistcha\n|-fieldstart|move: Trick Room|[of] p2b: Sinistcha\n|\n|-heal|p1a: Kommo-o|62\/100|[from] item: Leftovers\n|upkeep\n|turn|5\n|\n|t:|1699671507\n|move|p1b: Sylveon|Hyper Voice|p2b: Sinistcha|[spread] p2a,p2b\n|-resisted|p2a: Chesnaught\n|-damage|p2a: Chesnaught|47\/100\n|-damage|p2b: Sinistcha|0 fnt\n|faint|p2b: Sinistcha\n|move|p2a: Chesnaught|Drain Punch|p1a: Kommo-o\n|-supereffective|p1a: Kommo-o\n|-damage|p1a: Kommo-o|13\/100\n|-heal|p2a: Chesnaught|75\/100|[from] drain|[of] p1a: Kommo-o\n|move|p1a: Kommo-o|Body Press|p2a: Chesnaught\n|-damage|p2a: Chesnaught|0 fnt\n|faint|p2a: Chesnaught\n|\n|-heal|p1a: Kommo-o|19\/100|[from] item: Leftovers\n|upkeep\n|\n|t:|1699671519\n|switch|p2a: Grimmsnarl|Grimmsnarl, L50, M|13\/100\n|switch|p2b: Flutter Mane|Flutter Mane, L50|100\/100\n|-enditem|p2b: Flutter Mane|Booster Energy\n|-activate|p2b: Flutter Mane|ability: Protosynthesis|[fromitem]\n|-start|p2b: Flutter Mane|protosynthesisspe\n|turn|6\n|-message|laqueesha_keeana forfeited.\n|\n|win|NickC_VGC\n|raw|NickC_VGC's rating: 1317 &rarr; <strong>1340<\/strong><br \/>(+23 for winning)\n|raw|laqueesha_keeana's rating: 1361 &rarr; <strong>1338<\/strong><br \/>(-23 for losing)\n|l|\u2606laqueesha_keeana\n|l|\u2606NickC_VGC\n|j|\u2606NickC_VGC\n|player|p1|NickC_VGC|169\n","uploadtime":1699672022,"views":35,"p1id":"nickcvgc","p2id":"laqueeshakeeana","formatid":"gen9vgc2023regulatione","rating":1338,"private":0,"password":""}