{"id":"gen9vgc2023regulatione-1994402847","p1":"The Creative Act","p2":"BonleyVGC","format":"[Gen 9] VGC 2023 Regulation E","log":"|j|\u2606The Creative Act\n|j|\u2606BonleyVGC\n|t:|1700439909\n|gametype|doubles\n|player|p1|The Creative Act|lucas|1204\n|player|p2|BonleyVGC|dancer|1271\n|teamsize|p1|6\n|teamsize|p2|6\n|gen|9\n|tier|[Gen 9] VGC 2023 Regulation E\n|rated|\n|rule|Species Clause: Limit one of each Pok\u00e9mon\n|rule|Item Clause: Limit one of each item\n|clearpoke\n|poke|p1|Tornadus, L50, M|\n|poke|p1|Ogerpon-Hearthflame, L50, F|\n|poke|p1|Flutter Mane, L50|\n|poke|p1|Urshifu-*, L50, F|\n|poke|p1|Landorus-Therian, L50, M|\n|poke|p1|Kingambit, L50, M|\n|poke|p2|Ogerpon-Cornerstone, L50, F|\n|poke|p2|Heatran, L50, F|\n|poke|p2|Tornadus, L50, M|\n|poke|p2|Landorus-Therian, L50, M|\n|poke|p2|Tyranitar, L50, M|\n|poke|p2|Gastrodon, L50, F|\n|teampreview|4\n|\n|t:|1700439938\n|start\n|switch|p1a: Kingambit|Kingambit, L50, M|100\/100\n|switch|p1b: Ogerpon|Ogerpon-Hearthflame, L50, F|100\/100\n|switch|p2a: Heatran|Heatran, L50, F|100\/100\n|switch|p2b: Tornadus|Tornadus, L50, M|100\/100\n|-ability|p1b: Ogerpon|Mold Breaker\n|turn|1\n|\n|t:|1700439976\n|move|p1a: Kingambit|Sucker Punch|p2a: Heatran\n|-damage|p2a: Heatran|54\/100\n|move|p2b: Tornadus|Air Slash|p1b: Ogerpon\n|-supereffective|p1b: Ogerpon\n|-damage|p1b: Ogerpon|15\/100\n|move|p1b: Ogerpon|Horn Leech|p2b: Tornadus\n|-resisted|p2b: Tornadus\n|-damage|p2b: Tornadus|60\/100\n|-heal|p1b: Ogerpon|35\/100|[from] drain|[of] p2b: Tornadus\n|move|p2a: Heatran|Heat Wave|p1a: Kingambit|[spread] p1a,p1b\n|-supereffective|p1a: Kingambit\n|-damage|p1a: Kingambit|14\/100\n|-damage|p1b: Ogerpon|0 fnt\n|faint|p1b: Ogerpon\n|-damage|p2a: Heatran|44\/100|[from] item: Life Orb\n|\n|upkeep\n|inactive|Battle timer is ON: inactive players will automatically lose when time's up. (requested by The Creative Act)\n|\n|t:|1700439991\n|switch|p1b: Urshifu|Urshifu-Rapid-Strike, L50, F|100\/100\n|turn|2\n|\n|t:|1700440004\n|switch|p2a: Gastrodon|Gastrodon, L50, F|100\/100\n|move|p1a: Kingambit|Protect|p1a: Kingambit\n|-singleturn|p1a: Kingambit|Protect\n|move|p1b: Urshifu|Aqua Jet|p2a: Gastrodon\n|-ability|p2a: Gastrodon|Storm Drain|boost\n|-boost|p2a: Gastrodon|spa|1\n|move|p2b: Tornadus|Air Slash|p1b: Urshifu\n|-supereffective|p1b: Urshifu\n|-damage|p1b: Urshifu|0 fnt\n|faint|p1b: Urshifu\n|\n|upkeep\n|\n|t:|1700440014\n|switch|p1b: Flutter Mane|Flutter Mane, L50|100\/100\n|-enditem|p1b: Flutter Mane|Booster Energy\n|-activate|p1b: Flutter Mane|ability: Protosynthesis|[fromitem]\n|-start|p1b: Flutter Mane|protosynthesisspe\n|turn|3\n|\n|t:|1700440031\n|move|p2b: Tornadus|Sandstorm|p2b: Tornadus\n|-weather|Sandstorm\n|move|p1a: Kingambit|Sucker Punch||[still]\n|-fail|p1a: Kingambit\n|move|p1b: Flutter Mane|Dazzling Gleam|p2b: Tornadus|[spread] p2a,p2b\n|-damage|p2a: Gastrodon|73\/100\n|-damage|p2b: Tornadus|19\/100\n|move|p2a: Gastrodon|Yawn|p1b: Flutter Mane\n|-start|p1b: Flutter Mane|move: Yawn|[of] p2a: Gastrodon\n|\n|-weather|Sandstorm|[upkeep]\n|-damage|p1b: Flutter Mane|94\/100|[from] Sandstorm\n|-heal|p2a: Gastrodon|78\/100|[from] item: Leftovers\n|upkeep\n|turn|4\n|\n|t:|1700440048\n|move|p1b: Flutter Mane|Protect|p1b: Flutter Mane\n|-singleturn|p1b: Flutter Mane|Protect\n|move|p2a: Gastrodon|Protect|p2a: Gastrodon\n|-singleturn|p2a: Gastrodon|Protect\n|move|p2b: Tornadus|Tailwind|p2b: Tornadus\n|-sidestart|p2: BonleyVGC|move: Tailwind\n|move|p1a: Kingambit|Kowtow Cleave|p2b: Tornadus\n|-damage|p2b: Tornadus|0 fnt\n|faint|p2b: Tornadus\n|\n|-weather|Sandstorm|[upkeep]\n|-damage|p1b: Flutter Mane|88\/100|[from] Sandstorm\n|-heal|p2a: Gastrodon|84\/100|[from] item: Leftovers\n|-end|p1b: Flutter Mane|move: Yawn|[silent]\n|-status|p1b: Flutter Mane|slp\n|upkeep\n|\n|t:|1700440065\n|switch|p2b: Heatran|Heatran, L50, F|44\/100\n|turn|5\n|\n|t:|1700440077\n|move|p2b: Heatran|Protect|p2b: Heatran\n|-singleturn|p2b: Heatran|Protect\n|cant|p1b: Flutter Mane|slp\n|move|p2a: Gastrodon|Earth Power|p1a: Kingambit\n|-supereffective|p1a: Kingambit\n|-damage|p1a: Kingambit|0 fnt\n|faint|p1a: Kingambit\n|\n|-weather|Sandstorm|[upkeep]\n|-damage|p1b: Flutter Mane|82\/100 slp|[from] Sandstorm\n|-heal|p2a: Gastrodon|90\/100|[from] item: Leftovers\n|upkeep\n|turn|6\n|inactive|BonleyVGC has 30 seconds left.\n|\n|t:|1700440103\n|-terastallize|p1b: Flutter Mane|Fairy\n|-terastallize|p2a: Gastrodon|Fire\n|cant|p1b: Flutter Mane|slp\n|move|p2b: Heatran|Flash Cannon|p1b: Flutter Mane\n|-supereffective|p1b: Flutter Mane\n|-damage|p1b: Flutter Mane|0 fnt\n|faint|p1b: Flutter Mane\n|-end|p1b: Flutter Mane|Protosynthesis|[silent]\n|-damage|p2b: Heatran|34\/100|[from] item: Life Orb\n|\n|win|BonleyVGC\n|raw|The Creative Act's rating: 1204 &rarr; <strong>1184<\/strong><br \/>(-20 for losing)\n|raw|BonleyVGC's rating: 1271 &rarr; <strong>1291<\/strong><br \/>(+20 for winning)\n","uploadtime":1700440118,"views":34,"p1id":"thecreativeact","p2id":"bonleyvgc","formatid":"gen9vgc2023regulatione","rating":1184,"private":0,"password":""}