{"id":"gen9vgc2023regulatione-1994555288","p1":"Rean412","p2":"KnighLt","format":"[Gen 9] VGC 2023 Regulation E","log":"|j|\u2606Rean412\n|j|\u2606KnighLt\n|t:|1700459115\n|gametype|doubles\n|player|p1|Rean412|170|\n|player|p2|KnighLt|supernerd|\n|teamsize|p1|6\n|teamsize|p2|6\n|gen|9\n|tier|[Gen 9] VGC 2023 Regulation E\n|rated|Tournament battle\n|rule|Species Clause: Limit one of each Pok\u00e9mon\n|rule|Item Clause: Limit one of each item\n|clearpoke\n|poke|p1|Cresselia, L50, F|\n|poke|p1|Iron Hands, L50|\n|poke|p1|Ninetales-Alola, L50, M|\n|poke|p1|Annihilape, L50, F|\n|poke|p1|Ursaluna, L50, F|\n|poke|p1|Ogerpon-Wellspring, L50, F|\n|poke|p2|Zapdos, L50|\n|poke|p2|Pelipper, L50, F|\n|poke|p2|Moltres-Galar, L50|\n|poke|p2|Basculegion, L50, M|\n|poke|p2|Goodra-Hisui, L50, F|\n|poke|p2|Landorus-Therian, L50, M|\n|teampreview|4\n|showteam|p1|Cresselia||MentalHerb|Levitate|DazzlingGleam,HelpingHand,LunarBlessing,TrickRoom|||F|||50|,,,,,Fairy]Iron Hands||AssaultVest|QuarkDrive|WildCharge,DrainPunch,HeavySlam,FakeOut||||||50|,,,,,Water]Ninetales-Alola||LightClay|SnowWarning|Blizzard,IcyWind,AuroraVeil,Protect|||M|||50|,,,,,Ghost]Annihilape||Leftovers|Defiant|RageFist,DrainPunch,BulkUp,Protect|||F|||50|,,,,,Fire]Ursaluna||FlameOrb|Guts|Facade,Earthquake,Crunch,Protect|||F|||50|,,,,,Fairy]Ogerpon-Wellspring||WellspringMask|WaterAbsorb|IvyCudgel,HornLeech,FollowMe,SpikyShield|||F|||50|,,,,,Water\n|showteam|p2|Zapdos||LifeOrb|Static|Thunder,Hurricane,WeatherBall,Protect||||||50|,,,,,Water]Pelipper||DampRock|Drizzle|Hurricane,WeatherBall,HelpingHand,Protect|||F|||50|,,,,,Ground]Moltres-Galar||ChoiceSpecs|Berserk|FieryWrath,DarkPulse,SuckerPunch,Hurricane||||||50|,,,,,Dark]Basculegion||ChoiceBand|SwiftSwim|WaveCrash,AquaJet,LastRespects,Outrage|||M|||50|,,,,,Dragon]Goodra-Hisui||Leftovers|ShellArmor|BodyPress,HeavySlam,AcidArmor,Protect|||F|||50|,,,,,Water]Landorus-Therian||ChoiceScarf|Intimidate|TeraBlast,StompingTantrum,RockSlide,Uturn|||M|||50|,,,,,Flying\n|c|\u2606KnighLt|glhf\n|j|%Radio Free C-Side\n|c|\u2606Rean412|GLHF\n|j| Luke111192\n|j| drounddd\n|j| Flarefox_7\n|\n|t:|1700459167\n|start\n|switch|p1a: Cresselia|Cresselia, L50, F|100\/100\n|switch|p1b: Iron Hands|Iron Hands, L50|100\/100\n|switch|p2a: Snailien|Goodra-Hisui, L50, F|100\/100\n|switch|p2b: Sparky|Zapdos, L50|100\/100\n|turn|1\n|inactive|Battle timer is ON: inactive players will automatically lose when time's up. (requested by KnighLt)\n|\n|t:|1700459218\n|switch|p2b: Mr. Jowls|Pelipper, L50, F|100\/100\n|-weather|RainDance|[from] ability: Drizzle|[of] p2b: Mr. Jowls\n|-terastallize|p2a: Snailien|Water\n|move|p2a: Snailien|Acid Armor|p2a: Snailien\n|-boost|p2a: Snailien|def|2\n|move|p1b: Iron Hands|Wild Charge|p2b: Mr. Jowls\n|-supereffective|p2b: Mr. Jowls\n|-damage|p2b: Mr. Jowls|0 fnt\n|faint|p2b: Mr. Jowls\n|-damage|p1b: Iron Hands|83\/100|[from] Recoil\n|move|p1a: Cresselia|Trick Room|p1a: Cresselia\n|-fieldstart|move: Trick Room|[of] p1a: Cresselia\n|\n|-weather|RainDance|[upkeep]\n|upkeep\n|c|\u2606Rean412|Sweet\n|c|\u2606KnighLt|Ouch\n|c|\u2606KnighLt|That hurt\n|\n|t:|1700459234\n|switch|p2b: Sparky|Zapdos, L50|100\/100\n|turn|2\n|c|\u2606KnighLt|That's prob gg\n|c|\u2606Rean412|You, have, no idea how good that felt\n|inactive|Rean412 has 30 seconds left.\n|\n|t:|1700459263\n|move|p1b: Iron Hands|Wild Charge|p2a: Snailien\n|-supereffective|p2a: Snailien\n|-damage|p2a: Snailien|62\/100\n|-damage|p1b: Iron Hands|76\/100|[from] Recoil\n|move|p2a: Snailien|Body Press|p1b: Iron Hands\n|-damage|p1b: Iron Hands|46\/100\n|move|p1a: Cresselia|Dazzling Gleam|p2a: Snailien|[spread] p2a,p2b\n|-damage|p2a: Snailien|55\/100\n|-damage|p2b: Sparky|89\/100\n|move|p2b: Sparky|Weather Ball|p1b: Iron Hands\n|-damage|p1b: Iron Hands|12\/100\n|-damage|p2b: Sparky|79\/100|[from] item: Life Orb\n|\n|-weather|RainDance|[upkeep]\n|-heal|p2a: Snailien|61\/100|[from] item: Leftovers\n|upkeep\n|turn|3\n|inactive|Rean412 has 30 seconds left.\n|\n|t:|1700459292\n|-terastallize|p1b: Iron Hands|Water\n|move|p2a: Snailien|Protect|p2a: Snailien\n|-singleturn|p2a: Snailien|Protect\n|move|p1b: Iron Hands|Heavy Slam|p2b: Sparky\n|-resisted|p2b: Sparky\n|-damage|p2b: Sparky|59\/100\n|-status|p1b: Iron Hands|par|[from] ability: Static|[of] p2b: Sparky\n|move|p1a: Cresselia|Lunar Blessing|p1a: Cresselia|[spread] p1a,p1b\n|-heal|p1b: Iron Hands|37\/100 par\n|-curestatus|p1b: Iron Hands|par|[msg]\n|move|p2b: Sparky|Hurricane|p1b: Iron Hands\n|-damage|p1b: Iron Hands|0 fnt\n|faint|p1b: Iron Hands\n|-end|p1b: Iron Hands|Quark Drive|[silent]\n|-damage|p2b: Sparky|49\/100|[from] item: Life Orb\n|\n|-weather|RainDance|[upkeep]\n|-heal|p2a: Snailien|67\/100|[from] item: Leftovers\n|upkeep\n|\n|t:|1700459311\n|switch|p1b: Papa Bear|Ursaluna, L50, F|100\/100\n|turn|4\n|j| ootama\n|c| Flarefox_7|the static blessing\n|c| Flarefox_7|kind of\n|inactive|Rean412 has 30 seconds left.\n|\n|t:|1700459342\n|move|p2a: Snailien|Protect||[still]\n|-fail|p2a: Snailien\n|move|p2b: Sparky|Protect|p2b: Sparky\n|-singleturn|p2b: Sparky|Protect\n|move|p1b: Papa Bear|Crunch|p2a: Snailien\n|-damage|p2a: Snailien|56\/100\n|move|p1a: Cresselia|Dazzling Gleam|p2b: Sparky|[spread] p2a\n|-activate|p2b: Sparky|move: Protect\n|-damage|p2a: Snailien|49\/100\n|\n|-weather|RainDance|[upkeep]\n|-heal|p2a: Snailien|55\/100|[from] item: Leftovers\n|-status|p1b: Papa Bear|brn|[from] item: Flame Orb\n|upkeep\n|turn|5\n|c|\u2606KnighLt|Tried to catch another switch\n|inactive|KnighLt has 30 seconds left.\n|\n|t:|1700459373\n|move|p1a: Cresselia|Helping Hand|p1b: Papa Bear\n|-singleturn|p1b: Papa Bear|Helping Hand|[of] p1a: Cresselia\n|move|p2a: Snailien|Protect|p2a: Snailien\n|-singleturn|p2a: Snailien|Protect\n|move|p1b: Papa Bear|Facade|p2a: Snailien\n|-activate|p2a: Snailien|move: Protect\n|move|p2b: Sparky|Weather Ball|p1b: Papa Bear\n|-supereffective|p1b: Papa Bear\n|-damage|p1b: Papa Bear|0 fnt\n|faint|p1b: Papa Bear\n|-damage|p2b: Sparky|39\/100|[from] item: Life Orb\n|\n|-weather|RainDance|[upkeep]\n|-heal|p2a: Snailien|61\/100|[from] item: Leftovers\n|-fieldend|move: Trick Room\n|upkeep\n|c|\u2606KnighLt|This time it is I who get the read\n|inactive|Rean412 has 30 seconds left.\n|c|\u2606Rean412|I figured you would assume no one would be dumb enough not to protect there\n|\n|t:|1700459402\n|switch|p1b: Ogerpon|Ogerpon-Wellspring, L50, F|100\/100\n|turn|6\n|\n|t:|1700459426\n|move|p1a: Cresselia|Helping Hand|p1b: Ogerpon\n|-singleturn|p1b: Ogerpon|Helping Hand|[of] p1a: Cresselia\n|move|p1b: Ogerpon|Ivy Cudgel|p2b: Sparky|[anim] Ivy Cudgel Water\n|-damage|p2b: Sparky|0 fnt\n|faint|p2b: Sparky\n|move|p2a: Snailien|Body Press|p1a: Cresselia\n|-resisted|p1a: Cresselia\n|-damage|p1a: Cresselia|86\/100\n|\n|-weather|RainDance|[upkeep]\n|-heal|p2a: Snailien|67\/100|[from] item: Leftovers\n|upkeep\n|\n|t:|1700459436\n|switch|p2b: Fang Feesh|Basculegion, L50, M|100\/100\n|turn|7\n|\n|t:|1700459448\n|move|p1a: Cresselia|Helping Hand|p1b: Ogerpon\n|-singleturn|p1b: Ogerpon|Helping Hand|[of] p1a: Cresselia\n|move|p2b: Fang Feesh|Last Respects|p1a: Cresselia\n|-supereffective|p1a: Cresselia\n|-damage|p1a: Cresselia|0 fnt\n|faint|p1a: Cresselia\n|move|p1b: Ogerpon|Horn Leech|p2b: Fang Feesh\n|-supereffective|p2b: Fang Feesh\n|-crit|p2b: Fang Feesh\n|-damage|p2b: Fang Feesh|0 fnt\n|faint|p2b: Fang Feesh\n|move|p2a: Snailien|Body Press|p1b: Ogerpon\n|-damage|p1b: Ogerpon|50\/100\n|\n|-weather|RainDance|[upkeep]\n|-heal|p2a: Snailien|73\/100|[from] item: Leftovers\n|upkeep\n|turn|8\n|c|\u2606Rean412|Now, the mind games\n|c|%Radio Free C-Side|I'm surprised you didn't bring ape to this, it fully walls hoodra and deals with lando well\n|c| Flarefox_7|this is gonna be close...\n|inactive|Rean412 has 30 seconds left.\n|inactive|Rean412 has 20 seconds left.\n|c|\u2606KnighLt|I didn't bring Lando because I thought you'd bring Ape\n|inactive|Rean412 has 15 seconds left.\n|\n|t:|1700459492\n|move|p1b: Ogerpon|Spiky Shield|p1b: Ogerpon\n|-singleturn|p1b: Ogerpon|move: Protect\n|move|p2a: Snailien|Protect||[still]\n|-fail|p2a: Snailien\n|\n|-weather|none\n|-heal|p2a: Snailien|80\/100|[from] item: Leftovers\n|upkeep\n|turn|9\n|c|\u2606KnighLt|And now it comes down to whether Horn Leech kills...\n|c| Flarefox_7|ok so like there are chances\n|\n|t:|1700459508\n|move|p1b: Ogerpon|Horn Leech|p2a: Snailien\n|-supereffective|p2a: Snailien\n|-damage|p2a: Snailien|48\/100\n|-heal|p1b: Ogerpon|65\/100|[from] drain|[of] p2a: Snailien\n|move|p2a: Snailien|Body Press|p1b: Ogerpon\n|-crit|p1b: Ogerpon\n|-damage|p1b: Ogerpon|0 fnt\n|faint|p1b: Ogerpon\n|\n|win|KnighLt\n|n|\u2606Rean412|rean412\n|n|\u2606KnighLt|knighlt\n|n| Radio Free C-Side|radiofreecside\n|n| Luke111192|luke111192\n|n| drounddd|drounddd\n|n| Flarefox_7|flarefox7\n|n| ootama|ootama\n","uploadtime":1700459508,"views":6,"p1id":"rean412","p2id":"knighlt","formatid":"gen9vgc2023regulatione","rating":0,"private":0,"password":""}