{"id":"gen9vgc2023regulatione-1990479589","p1":"Enzowhat","p2":"Mortipherus","format":"[Gen 9] VGC 2023 Regulation E","log":"|j|\u2606Enzowhat\n|j|\u2606Mortipherus\n|t:|1699974780\n|gametype|doubles\n|player|p1|Enzowhat|1|1088\n|player|p2|Mortipherus|biker-gen4|1107\n|teamsize|p1|6\n|teamsize|p2|6\n|gen|9\n|tier|[Gen 9] VGC 2023 Regulation E\n|rated|\n|rule|Species Clause: Limit one of each Pok\u00e9mon\n|rule|Item Clause: Limit one of each item\n|clearpoke\n|poke|p1|Ogerpon-Hearthflame, L50, F|\n|poke|p1|Landorus-Therian, L50, M|\n|poke|p1|Gastrodon, L50, M|\n|poke|p1|Arcanine-Hisui, L50, F|\n|poke|p1|Ursaluna-Bloodmoon, L50, M|\n|poke|p1|Oranguru, L50, F|\n|poke|p2|Zapdos-Galar, L50|\n|poke|p2|Flutter Mane, L50|\n|poke|p2|Chi-Yu, L50|\n|poke|p2|Iron Hands, L50|\n|poke|p2|Ogerpon-Wellspring, L50, F|\n|poke|p2|Farigiraf, L50, F|\n|teampreview|4\n|inactive|Battle timer is ON: inactive players will automatically lose when time's up. (requested by Mortipherus)\nMortipherus has agreed to open team sheets.\n|\n|t:|1699974821\n|start\n|switch|p1a: Ogerpon|Ogerpon-Hearthflame, L50, F|100\/100\n|switch|p1b: Ursaluna|Ursaluna-Bloodmoon, L50, M|100\/100\n|switch|p2a: Chi-Yu|Chi-Yu, L50|100\/100\n|switch|p2b: Farigiraf|Farigiraf, L50, F|100\/100\n|-ability|p1a: Ogerpon|Mold Breaker\n|-ability|p2a: Chi-Yu|Beads of Ruin\n|turn|1\n|\n|t:|1699974840\n|move|p1a: Ogerpon|Stomping Tantrum|p2a: Chi-Yu\n|-supereffective|p2a: Chi-Yu\n|-damage|p2a: Chi-Yu|5\/100\n|move|p2a: Chi-Yu|Heat Wave|p1a: Ogerpon|[spread] p1a,p1b\n|-damage|p1a: Ogerpon|15\/100\n|-damage|p1b: Ursaluna|13\/100\n|move|p2b: Farigiraf|Psychic|p1b: Ursaluna\n|-damage|p1b: Ursaluna|0 fnt\n|faint|p1b: Ursaluna\n|\n|upkeep\n|\n|t:|1699974858\n|switch|p1b: Gastrodon|Gastrodon, L50, M|100\/100\n|turn|2\n|\n|t:|1699974875\n|switch|p2a: Zapdos|Zapdos-Galar, L50|100\/100\n|-terastallize|p1a: Ogerpon|Fire\n|detailschange|p1a: Ogerpon|Ogerpon-Hearthflame-Tera, L50, F, tera:Fire\n|-ability|p1a: Ogerpon|Embody Aspect (Hearthflame)|boost\n|-boost|p1a: Ogerpon|atk|1\n|move|p1a: Ogerpon|Horn Leech|p2b: Farigiraf\n|-damage|p2b: Farigiraf|52\/100\n|-heal|p1a: Ogerpon|51\/100|[from] drain|[of] p2b: Farigiraf\n|move|p2b: Farigiraf|Psychic|p1a: Ogerpon\n|-damage|p1a: Ogerpon|11\/100\n|move|p1b: Gastrodon|Muddy Water|p2b: Farigiraf|[spread] p2a,p2b\n|-damage|p2a: Zapdos|73\/100\n|-damage|p2b: Farigiraf|31\/100\n|-enditem|p2b: Farigiraf|Sitrus Berry|[eat]\n|-heal|p2b: Farigiraf|56\/100|[from] item: Sitrus Berry\n|\n|upkeep\n|turn|3\n|inactive|Mortipherus has 30 seconds left.\n|\n|t:|1699974905\n|-terastallize|p2a: Zapdos|Flying\n|move|p1a: Ogerpon|Spiky Shield|p1a: Ogerpon\n|-singleturn|p1a: Ogerpon|move: Protect\n|move|p2a: Zapdos|Brave Bird|p1a: Ogerpon\n|-activate|p1a: Ogerpon|move: Protect\n|-damage|p2a: Zapdos|61\/100|[from] Spiky Shield|[of] p1a: Ogerpon\n|move|p2b: Farigiraf|Psychic|p1b: Gastrodon\n|-damage|p1b: Gastrodon|77\/100\n|move|p1b: Gastrodon|Muddy Water|p2b: Farigiraf|[spread] p2a,p2b\n|-damage|p2a: Zapdos|37\/100\n|-damage|p2b: Farigiraf|33\/100\n|-unboost|p2a: Zapdos|accuracy|1\n|-ability|p2a: Zapdos|Defiant|boost\n|-boost|p2a: Zapdos|atk|2\n|\n|upkeep\n|turn|4\n|\n|t:|1699974925\n|switch|p1a: Landorus|Landorus-Therian, L50, M|100\/100\n|-ability|p1a: Landorus|Intimidate|boost\n|-unboost|p2a: Zapdos|atk|1\n|-ability|p2a: Zapdos|Defiant|boost\n|-boost|p2a: Zapdos|atk|2\n|-unboost|p2b: Farigiraf|atk|1\n|move|p2a: Zapdos|Brave Bird|p1b: Gastrodon\n|-damage|p1b: Gastrodon|0 fnt\n|faint|p1b: Gastrodon\n|-damage|p2a: Zapdos|4\/100|[from] Recoil\n|move|p2b: Farigiraf|Psychic|p1a: Landorus\n|-damage|p1a: Landorus|79\/100\n|\n|upkeep\n|\n|t:|1699974937\n|switch|p1b: Ogerpon|Ogerpon-Hearthflame-Tera, L50, F, tera:Fire|11\/100\n|-ability|p1b: Ogerpon|Embody Aspect (Hearthflame)|boost\n|-boost|p1b: Ogerpon|atk|1\n|turn|5\n|\n|t:|1699974946\n|move|p1b: Ogerpon|Spiky Shield|p1b: Ogerpon\n|-singleturn|p1b: Ogerpon|move: Protect\n|move|p2a: Zapdos|Brave Bird|p1a: Landorus\n|-damage|p1a: Landorus|0 fnt\n|faint|p1a: Landorus\n|-damage|p2a: Zapdos|0 fnt|[from] Recoil\n|faint|p2a: Zapdos\n|move|p2b: Farigiraf|Psychic|p1b: Ogerpon\n|-activate|p1b: Ogerpon|move: Protect\n|\n|upkeep\n|\n|t:|1699974959\n|switch|p2a: Flutter Mane|Flutter Mane, L50, shiny|100\/100\n|-enditem|p2a: Flutter Mane|Booster Energy\n|-activate|p2a: Flutter Mane|ability: Protosynthesis|[fromitem]\n|-start|p2a: Flutter Mane|protosynthesisspe\n|turn|6\n|\n|t:|1699974967\n|move|p2a: Flutter Mane|Moonblast|p1b: Ogerpon\n|-resisted|p1b: Ogerpon\n|-damage|p1b: Ogerpon|0 fnt\n|faint|p1b: Ogerpon\n|\n|win|Mortipherus\n|raw|Enzowhat's rating: 1088 &rarr; <strong>1066<\/strong><br \/>(-22 for losing)\n|raw|Mortipherus's rating: 1107 &rarr; <strong>1131<\/strong><br \/>(+24 for winning)\n|l|\u2606Enzowhat\n","uploadtime":1699974987,"views":11,"p1id":"enzowhat","p2id":"mortipherus","formatid":"gen9vgc2023regulatione","rating":1066,"private":0,"password":""}