{"id":"gen9vgc2023regulatione-1995552972","p1":"AXELLARAMENA","p2":"Paulboss007","format":"[Gen 9] VGC 2023 Regulation E","log":"|j|\u2606AXELLARAMENA\n|j|\u2606Paulboss007\n|t:|1700582277\n|gametype|doubles\n|player|p1|AXELLARAMENA|265|1046\n|player|p2|Paulboss007|ethan|1141\n|teamsize|p1|6\n|teamsize|p2|6\n|gen|9\n|tier|[Gen 9] VGC 2023 Regulation E\n|rated|\n|rule|Species Clause: Limit one of each Pok\u00e9mon\n|rule|Item Clause: Limit one of each item\n|clearpoke\n|poke|p1|Ceruledge, L50, M|\n|poke|p1|Grumpig, L50, M|\n|poke|p1|Sinistcha-Masterpiece, L50|\n|poke|p1|Armarouge, L50, M|\n|poke|p1|Indeedee-F, L50, F|\n|poke|p1|Ursaluna-Bloodmoon, L50, M|\n|poke|p2|Ursaluna-Bloodmoon, L50, M|\n|poke|p2|Cresselia, L50, F|\n|poke|p2|Urshifu-*, L50, M|\n|poke|p2|Sinistcha, L50|\n|poke|p2|Fezandipiti, L50, M|\n|poke|p2|Iron Hands, L50|\n|teampreview|4\n|inactive|Battle timer is ON: inactive players will automatically lose when time's up. (requested by Paulboss007)\n|inactive|AXELLARAMENA has 60 seconds left.\nPaulboss007 has agreed to open team sheets.\n|\n|t:|1700582316\n|start\n|switch|p1a: Grumpig|Grumpig, L50, M, shiny|100\/100\n|switch|p1b: Armarouge|Armarouge, L50, M|100\/100\n|switch|p2a: Iron Hands|Iron Hands, L50|100\/100\n|switch|p2b: Cresselia|Cresselia, L50, F|100\/100\n|turn|1\n|inactive|AXELLARAMENA has 30 seconds left.\n|inactive|AXELLARAMENA has 20 seconds left.\n|\n|t:|1700582351\n|move|p1a: Grumpig|Simple Beam|p1b: Armarouge\n|-endability|p1b: Armarouge|Flash Fire|[from] move: Simple Beam\n|-ability|p1b: Armarouge|Simple|[from] move: Simple Beam\n|move|p2b: Cresselia|Psychic|p1b: Armarouge\n|-resisted|p1b: Armarouge\n|-damage|p1b: Armarouge|89\/100\n|move|p1b: Armarouge|Calm Mind|p1b: Armarouge\n|-boost|p1b: Armarouge|spa|2\n|-boost|p1b: Armarouge|spd|2\n|move|p2a: Iron Hands|Wild Charge|p1b: Armarouge\n|-damage|p1b: Armarouge|46\/100\n|-damage|p2a: Iron Hands|93\/100|[from] Recoil\n|\n|-heal|p1b: Armarouge|52\/100|[from] item: Leftovers\n|upkeep\n|turn|2\n|inactive|AXELLARAMENA has 30 seconds left.\n|\n|t:|1700582379\n|switch|p1a: Indeedee|Indeedee-F, L50, F|100\/100\n|-fieldstart|move: Psychic Terrain|[from] ability: Psychic Surge|[of] p1a: Indeedee\n|-enditem|p1a: Indeedee|Psychic Seed\n|-boost|p1a: Indeedee|spd|1|[from] item: Psychic Seed\n|move|p2b: Cresselia|Psychic|p1b: Armarouge\n|-resisted|p1b: Armarouge\n|-damage|p1b: Armarouge|46\/100\n|move|p1b: Armarouge|Expanding Force|p2a: Iron Hands|[spread] p2a,p2b\n|-supereffective|p2a: Iron Hands\n|-resisted|p2b: Cresselia\n|-damage|p2a: Iron Hands|0 fnt\n|-damage|p2b: Cresselia|78\/100\n|faint|p2a: Iron Hands\n|-end|p2a: Iron Hands|Quark Drive|[silent]\n|\n|-heal|p2b: Cresselia|84\/100|[from] item: Leftovers\n|-heal|p1b: Armarouge|52\/100|[from] item: Leftovers\n|upkeep\n|\n|t:|1700582397\n|switch|p2a: Urshifu|Urshifu-Rapid-Strike, L50, M|100\/100\n|turn|3\n|inactive|AXELLARAMENA has 30 seconds left.\n|\n|t:|1700582429\n|-terastallize|p1b: Armarouge|Grass\n|move|p1a: Indeedee|Follow Me|p1a: Indeedee\n|-singleturn|p1a: Indeedee|move: Follow Me\n|move|p2a: Urshifu|Surging Strikes|p1a: Indeedee\n|-crit|p1a: Indeedee\n|-damage|p1a: Indeedee|72\/100\n|-crit|p1a: Indeedee\n|-damage|p1a: Indeedee|42\/100\n|-crit|p1a: Indeedee\n|-damage|p1a: Indeedee|15\/100\n|-hitcount|p1a: Indeedee|3\n|-damage|p2a: Urshifu|91\/100|[from] item: Life Orb\n|move|p2b: Cresselia|Psychic|p1a: Indeedee\n|-resisted|p1a: Indeedee\n|-damage|p1a: Indeedee|7\/100\n|move|p1b: Armarouge|Energy Ball|p2a: Urshifu\n|-supereffective|p2a: Urshifu\n|-damage|p2a: Urshifu|0 fnt\n|faint|p2a: Urshifu\n|\n|-heal|p2b: Cresselia|90\/100|[from] item: Leftovers\n|-heal|p1b: Armarouge|58\/100|[from] item: Leftovers\n|upkeep\n|inactive|Paulboss007 has 30 seconds left.\n|\n|t:|1700582457\n|switch|p2a: Ursaluna|Ursaluna-Bloodmoon, L50, M|100\/100\n|turn|4\n|\n|t:|1700582481\n|move|p2a: Ursaluna|Protect|p2a: Ursaluna\n|-singleturn|p2a: Ursaluna|Protect\n|move|p1b: Armarouge|Calm Mind|p1b: Armarouge\n|-boost|p1b: Armarouge|spa|2\n|-boost|p1b: Armarouge|spd|2\n|move|p1a: Indeedee|Trick Room|p1a: Indeedee\n|-fieldstart|move: Trick Room|[of] p1a: Indeedee\n|move|p2b: Cresselia|Trick Room|p2b: Cresselia\n|-fieldend|move: Trick Room\n|\n|-heal|p2b: Cresselia|97\/100|[from] item: Leftovers\n|-heal|p1b: Armarouge|64\/100|[from] item: Leftovers\n|upkeep\n|turn|5\n|inactive|Paulboss007 has 30 seconds left.\n|\n|t:|1700582512\n|switch|p1a: Sinistcha|Sinistcha-Masterpiece, L50, shiny|100\/100\n|-heal|p1b: Armarouge|89\/100|[from] ability: Hospitality|[of] p1a: Sinistcha\n|-terastallize|p2a: Ursaluna|Normal\n|move|p2b: Cresselia|Ally Switch|p2b: Cresselia\n|swap|p2b: Cresselia|0|[from] move: Ally Switch\n|move|p2b: Ursaluna|Blood Moon|p1b: Armarouge\n|-damage|p1b: Armarouge|54\/100\n|move|p1b: Armarouge|Energy Ball|p2a: Cresselia\n|-damage|p2a: Cresselia|41\/100\n|-unboost|p2a: Cresselia|spd|1\n|\n|-heal|p2a: Cresselia|47\/100|[from] item: Leftovers\n|-heal|p1b: Armarouge|60\/100|[from] item: Leftovers\n|upkeep\n|turn|6\n|inactive|AXELLARAMENA has 30 seconds left.\n|inactive|AXELLARAMENA has 20 seconds left.\n|\n|t:|1700582549\n|move|p2b: Ursaluna|Protect|p2b: Ursaluna\n|-singleturn|p2b: Ursaluna|Protect\n|move|p1a: Sinistcha|Matcha Gotcha|p2b: Ursaluna|[spread] p2a\n|-activate|p2b: Ursaluna|move: Protect\n|-damage|p2a: Cresselia|27\/100\n|move|p1b: Armarouge|Expanding Force|p2b: Ursaluna|[spread] p2a\n|-activate|p2b: Ursaluna|move: Protect\n|-resisted|p2a: Cresselia\n|-damage|p2a: Cresselia|0 fnt\n|faint|p2a: Cresselia\n|\n|-heal|p1b: Armarouge|66\/100|[from] item: Leftovers\n|-fieldend|move: Psychic Terrain\n|upkeep\n|turn|7\n|\n|t:|1700582570\n|move|p1a: Sinistcha|Matcha Gotcha|p2b: Ursaluna\n|-damage|p2b: Ursaluna|62\/100\n|move|p1b: Armarouge|Energy Ball|p2b: Ursaluna\n|-damage|p2b: Ursaluna|0 fnt\n|faint|p2b: Ursaluna\n|\n|win|AXELLARAMENA\n|raw|AXELLARAMENA's rating: 1046 &rarr; <strong>1088<\/strong><br \/>(+42 for winning)\n|raw|Paulboss007's rating: 1141 &rarr; <strong>1109<\/strong><br \/>(-32 for losing)\n|l|\u2606Paulboss007\n","uploadtime":1700582582,"views":10,"p1id":"axellaramena","p2id":"paulboss007","formatid":"gen9vgc2023regulatione","rating":1088,"private":0,"password":""}