{"id":"gen9vgc2023regulatione-1995826428","p1":"TyL8","p2":"Trainer Oje","format":"[Gen 9] VGC 2023 Regulation E","log":"|j|\u2606TyL8\n|j|\u2606Trainer Oje\n|t:|1700606978\n|gametype|doubles\n|player|p1|TyL8|dawn|1505\n|player|p2|Trainer Oje|elesa|1568\n|teamsize|p1|6\n|teamsize|p2|6\n|gen|9\n|tier|[Gen 9] VGC 2023 Regulation E\n|rated|\n|rule|Species Clause: Limit one of each Pok\u00e9mon\n|rule|Item Clause: Limit one of each item\n|clearpoke\n|poke|p1|Ninetales-Alola, L50, M|\n|poke|p1|Glastrier, L50|\n|poke|p1|Farigiraf, L50, M|\n|poke|p1|Rillaboom, L50, F|\n|poke|p1|Ting-Lu, L50|\n|poke|p1|Arcanine-Hisui, L50, F|\n|poke|p2|Urshifu-*, L50, M|\n|poke|p2|Chien-Pao, L50|\n|poke|p2|Arcanine-Hisui, L50, M|\n|poke|p2|Rillaboom, L50, F|\n|poke|p2|Flutter Mane, L50|\n|poke|p2|Tornadus, L50, M|\n|teampreview|4\n|inactive|Battle timer is ON: inactive players will automatically lose when time's up. (requested by TyL8)\n|inactive|TyL8 has 60 seconds left.\n|inactive|Trainer Oje has 60 seconds left.\n|\n|t:|1700607030\n|start\n|switch|p1a: Glastrier|Glastrier, L50|100\/100\n|switch|p1b: Ninetales|Ninetales-Alola, L50, M, shiny|100\/100\n|switch|p2a: Rillaboom|Rillaboom, L50, F|100\/100\n|switch|p2b: Urshifu|Urshifu-Rapid-Strike, L50, M|100\/100\n|-weather|Snow|[from] ability: Snow Warning|[of] p1b: Ninetales\n|-fieldstart|move: Grassy Terrain|[from] ability: Grassy Surge|[of] p2a: Rillaboom\n|turn|1\n|\n|t:|1700607049\n|switch|p2a: Chien-Pao|Chien-Pao, L50|100\/100\n|-ability|p2a: Chien-Pao|Sword of Ruin\n|-terastallize|p2b: Urshifu|Water\n|-terastallize|p1a: Glastrier|Dragon\n|move|p1b: Ninetales|Protect|p1b: Ninetales\n|-singleturn|p1b: Ninetales|Protect\n|move|p2b: Urshifu|Surging Strikes|p1b: Ninetales\n|-crit|p1b: Ninetales\n|-damage|p1b: Ninetales|63\/100\n|-crit|p1b: Ninetales\n|-damage|p1b: Ninetales|28\/100\n|-crit|p1b: Ninetales\n|-damage|p1b: Ninetales|0 fnt\n|faint|p1b: Ninetales\n|-hitcount|p1: Ninetales|3\n|move|p1a: Glastrier|Iron Defense|p1a: Glastrier\n|-boost|p1a: Glastrier|def|2\n|\n|-weather|Snow|[upkeep]\n|upkeep\n|\n|t:|1700607062\n|switch|p1b: Rillaboom|Rillaboom, L50, F, shiny|100\/100\n|turn|2\n|\n|t:|1700607083\n|move|p1b: Rillaboom|Fake Out|p2a: Chien-Pao\n|-damage|p2a: Chien-Pao|87\/100\n|cant|p2a: Chien-Pao|flinch\n|move|p2b: Urshifu|Surging Strikes|p1a: Glastrier\n|-resisted|p1a: Glastrier\n|-crit|p1a: Glastrier\n|-damage|p1a: Glastrier|85\/100\n|-resisted|p1a: Glastrier\n|-crit|p1a: Glastrier\n|-damage|p1a: Glastrier|70\/100\n|-resisted|p1a: Glastrier\n|-crit|p1a: Glastrier\n|-damage|p1a: Glastrier|56\/100\n|-hitcount|p1a: Glastrier|3\n|move|p1a: Glastrier|Iron Defense|p1a: Glastrier\n|-boost|p1a: Glastrier|def|2\n|\n|-weather|Snow|[upkeep]\n|-heal|p2a: Chien-Pao|93\/100|[from] Grassy Terrain\n|-heal|p1a: Glastrier|62\/100|[from] Grassy Terrain\n|-heal|p1a: Glastrier|68\/100|[from] item: Leftovers\n|upkeep\n|turn|3\n|\n|t:|1700607106\n|move|p1a: Glastrier|Protect|p1a: Glastrier\n|-singleturn|p1a: Glastrier|Protect\n|move|p2a: Chien-Pao|Icicle Crash|p1a: Glastrier\n|-activate|p1a: Glastrier|move: Protect\n|move|p2b: Urshifu|Surging Strikes|p1a: Glastrier\n|-resisted|p1a: Glastrier\n|-crit|p1a: Glastrier\n|-damage|p1a: Glastrier|51\/100\n|-resisted|p1a: Glastrier\n|-crit|p1a: Glastrier\n|-damage|p1a: Glastrier|36\/100\n|-resisted|p1a: Glastrier\n|-crit|p1a: Glastrier\n|-damage|p1a: Glastrier|19\/100\n|-hitcount|p1a: Glastrier|3\n|move|p1b: Rillaboom|Wood Hammer|p2b: Urshifu\n|-supereffective|p2b: Urshifu\n|-crit|p2b: Urshifu\n|-damage|p2b: Urshifu|0 fnt\n|faint|p2b: Urshifu\n|-damage|p1b: Rillaboom|69\/100|[from] Recoil\n|\n|-weather|Snow|[upkeep]\n|-heal|p2a: Chien-Pao|99\/100|[from] Grassy Terrain\n|-heal|p1b: Rillaboom|75\/100|[from] Grassy Terrain\n|-heal|p1a: Glastrier|25\/100|[from] Grassy Terrain\n|-heal|p1a: Glastrier|31\/100|[from] item: Leftovers\n|upkeep\n|\n|t:|1700607127\n|switch|p2b: Rillaboom|Rillaboom, L50, F|100\/100\n|turn|4\n|\n|t:|1700607140\n|switch|p1b: Arcanine|Arcanine-Hisui, L50, F|100\/100\n|-ability|p1b: Arcanine|Intimidate|boost\n|-unboost|p2a: Chien-Pao|atk|1\n|-unboost|p2b: Rillaboom|atk|1\n|move|p2b: Rillaboom|Fake Out|p1a: Glastrier\n|-damage|p1a: Glastrier|28\/100\n|move|p2a: Chien-Pao|Icicle Crash|p1a: Glastrier\n|-supereffective|p1a: Glastrier\n|-damage|p1a: Glastrier|3\/100\n|-damage|p2a: Chien-Pao|89\/100|[from] item: Life Orb\n|cant|p1a: Glastrier|flinch\n|\n|-weather|Snow|[upkeep]\n|-heal|p2a: Chien-Pao|95\/100|[from] Grassy Terrain\n|-heal|p1a: Glastrier|9\/100|[from] Grassy Terrain\n|-heal|p1a: Glastrier|15\/100|[from] item: Leftovers\n|upkeep\n|turn|5\n|\n|t:|1700607163\n|move|p2a: Chien-Pao|Protect|p2a: Chien-Pao\n|-singleturn|p2a: Chien-Pao|Protect\n|move|p1a: Glastrier|Protect|p1a: Glastrier\n|-singleturn|p1a: Glastrier|Protect\n|move|p1b: Arcanine|Rock Slide|p2b: Rillaboom|[spread] p2b\n|-activate|p2a: Chien-Pao|move: Protect\n|-damage|p2b: Rillaboom|50\/100\n|move|p2b: Rillaboom|High Horsepower|p1b: Arcanine\n|-supereffective|p1b: Arcanine\n|-damage|p1b: Arcanine|0 fnt\n|faint|p1b: Arcanine\n|\n|-weather|none\n|-heal|p2a: Chien-Pao|100\/100|[from] Grassy Terrain\n|-heal|p2b: Rillaboom|56\/100|[from] Grassy Terrain\n|-heal|p1a: Glastrier|21\/100|[from] Grassy Terrain\n|-heal|p1a: Glastrier|28\/100|[from] item: Leftovers\n|-fieldend|move: Grassy Terrain\n|upkeep\n|\n|t:|1700607175\n|switch|p1b: Rillaboom|Rillaboom, L50, F, shiny|75\/100\n|-fieldstart|move: Grassy Terrain|[from] ability: Grassy Surge|[of] p1b: Rillaboom\n|turn|6\n|\n|t:|1700607191\n|switch|p2a: Arcanine|Arcanine-Hisui, L50, M|100\/100\n|-ability|p2a: Arcanine|Intimidate|boost\n|-unboost|p1a: Glastrier|atk|1\n|-unboost|p1b: Rillaboom|atk|1\n|move|p1b: Rillaboom|Fake Out|p2a: Arcanine\n|-resisted|p2a: Arcanine\n|-damage|p2a: Arcanine|95\/100\n|move|p2b: Rillaboom|U-turn|p1b: Rillaboom\n|-supereffective|p1b: Rillaboom\n|-damage|p1b: Rillaboom|42\/100\n|\n|t:|1700607202\n|switch|p2b: Chien-Pao|Chien-Pao, L50|100\/100|[from] U-turn\n|-ability|p2b: Chien-Pao|Sword of Ruin\n|move|p1a: Glastrier|Body Press|p2a: Arcanine\n|-supereffective|p2a: Arcanine\n|-damage|p2a: Arcanine|0 fnt\n|faint|p2a: Arcanine\n|-ability|p1a: Glastrier|Chilling Neigh|boost\n|-boost|p1a: Glastrier|atk|1\n|\n|-heal|p1b: Rillaboom|48\/100|[from] Grassy Terrain\n|-heal|p1a: Glastrier|34\/100|[from] Grassy Terrain\n|-heal|p1a: Glastrier|40\/100|[from] item: Leftovers\n|upkeep\n|\n|t:|1700607212\n|switch|p2a: Rillaboom|Rillaboom, L50, F|56\/100\n|turn|7\n|\n|t:|1700607219\n|move|p1b: Rillaboom|Protect|p1b: Rillaboom\n|-singleturn|p1b: Rillaboom|Protect\n|move|p1a: Glastrier|Protect|p1a: Glastrier\n|-singleturn|p1a: Glastrier|Protect\n|move|p2a: Rillaboom|Fake Out|p1a: Glastrier\n|-activate|p1a: Glastrier|move: Protect\n|move|p2b: Chien-Pao|Icicle Crash|p1b: Rillaboom\n|-activate|p1b: Rillaboom|move: Protect\n|\n|-heal|p2a: Rillaboom|62\/100|[from] Grassy Terrain\n|-heal|p1b: Rillaboom|54\/100|[from] Grassy Terrain\n|-heal|p1a: Glastrier|46\/100|[from] Grassy Terrain\n|-heal|p1a: Glastrier|53\/100|[from] item: Leftovers\n|upkeep\n|turn|8\n|\n|t:|1700607244\n|move|p2b: Chien-Pao|Protect|p2b: Chien-Pao\n|-singleturn|p2b: Chien-Pao|Protect\n|move|p2a: Rillaboom|U-turn|p1b: Rillaboom\n|-supereffective|p1b: Rillaboom\n|-damage|p1b: Rillaboom|0 fnt\n|faint|p1b: Rillaboom\n|move|p1a: Glastrier|Body Press|p2b: Chien-Pao\n|-activate|p2b: Chien-Pao|move: Protect\n|\n|-heal|p2a: Rillaboom|68\/100|[from] Grassy Terrain\n|-heal|p1a: Glastrier|59\/100|[from] Grassy Terrain\n|-heal|p1a: Glastrier|65\/100|[from] item: Leftovers\n|upkeep\n|turn|9\n|j| MoonlightPachirisu\n|\n|t:|1700607260\n|move|p1a: Glastrier|Protect|p1a: Glastrier\n|-singleturn|p1a: Glastrier|Protect\n|move|p2b: Chien-Pao|Icicle Crash|p1a: Glastrier\n|-activate|p1a: Glastrier|move: Protect\n|move|p2a: Rillaboom|Wood Hammer|p1a: Glastrier\n|-activate|p1a: Glastrier|move: Protect\n|\n|-heal|p2a: Rillaboom|74\/100|[from] Grassy Terrain\n|-heal|p1a: Glastrier|71\/100|[from] Grassy Terrain\n|-heal|p1a: Glastrier|78\/100|[from] item: Leftovers\n|upkeep\n|turn|10\n|\n|t:|1700607273\n|move|p2b: Chien-Pao|Icicle Crash|p1a: Glastrier\n|-supereffective|p1a: Glastrier\n|-damage|p1a: Glastrier|37\/100\n|-damage|p2b: Chien-Pao|91\/100|[from] item: Life Orb\n|move|p2a: Rillaboom|Wood Hammer|p1a: Glastrier\n|-resisted|p1a: Glastrier\n|-damage|p1a: Glastrier|24\/100\n|-damage|p2a: Rillaboom|70\/100|[from] Recoil\n|move|p1a: Glastrier|Body Press|p2b: Chien-Pao\n|-supereffective|p2b: Chien-Pao\n|-damage|p2b: Chien-Pao|0 fnt\n|faint|p2b: Chien-Pao\n|-ability|p1a: Glastrier|Chilling Neigh|boost\n|-boost|p1a: Glastrier|atk|1\n|\n|-heal|p2a: Rillaboom|76\/100|[from] Grassy Terrain\n|-heal|p1a: Glastrier|31\/100|[from] Grassy Terrain\n|-heal|p1a: Glastrier|37\/100|[from] item: Leftovers\n|-fieldend|move: Grassy Terrain\n|upkeep\n|turn|11\n|l| MoonlightPachirisu\n|\n|t:|1700607292\n|move|p1a: Glastrier|Protect|p1a: Glastrier\n|-singleturn|p1a: Glastrier|Protect\n|move|p2a: Rillaboom|High Horsepower|p1a: Glastrier\n|-activate|p1a: Glastrier|move: Protect\n|\n|-heal|p1a: Glastrier|43\/100|[from] item: Leftovers\n|upkeep\n|turn|12\n|\n|t:|1700607295\n|move|p2a: Rillaboom|High Horsepower|p1a: Glastrier\n|-damage|p1a: Glastrier|36\/100\n|move|p1a: Glastrier|Icicle Crash|p2a: Rillaboom\n|-supereffective|p2a: Rillaboom\n|-damage|p2a: Rillaboom|0 fnt\n|faint|p2a: Rillaboom\n|\n|win|TyL8\n|raw|TyL8's rating: 1505 &rarr; <strong>1529<\/strong><br \/>(+24 for winning)\n|raw|Trainer Oje's rating: 1568 &rarr; <strong>1544<\/strong><br \/>(-24 for losing)\n|l|\u2606Trainer Oje\n|c|\u2606TyL8|Gg\n","uploadtime":1700607308,"views":7,"p1id":"tyl8","p2id":"traineroje","formatid":"gen9vgc2023regulatione","rating":1529,"private":0,"password":""}