{"id":"gen9vgc2023regulatione-1991844407","p1":"BlueJayX2","p2":"Krem765","format":"[Gen 9] VGC 2023 Regulation E","log":"|j|\u2606BlueJayX2\n|j|\u2606Krem765\n|t:|1700127277\n|gametype|doubles\n|player|p1|BlueJayX2|marley|1070\n|player|p2|Krem765|jupiter|1068\n|teamsize|p1|6\n|teamsize|p2|6\n|gen|9\n|tier|[Gen 9] VGC 2023 Regulation E\n|rated|\n|rule|Species Clause: Limit one of each Pok\u00e9mon\n|rule|Item Clause: Limit one of each item\n|clearpoke\n|poke|p1|Sableye, L50, M|\n|poke|p1|Grimmsnarl, L50, M|\n|poke|p1|Kingambit, L50, F|\n|poke|p1|Gyarados, L50, M|\n|poke|p1|Noivern, L50, M|\n|poke|p1|Gastrodon, L50, M|\n|poke|p2|Iron Hands, L50|\n|poke|p2|Ting-Lu, L50|\n|poke|p2|Flutter Mane, L50|\n|poke|p2|Farigiraf, L50, F|\n|poke|p2|Ogerpon-Wellspring, L50, F|\n|poke|p2|Heatran, L50, M|\n|teampreview|4\n|inactive|Battle timer is ON: inactive players will automatically lose when time's up. (requested by BlueJayX2)\n|inactive|BlueJayX2 has 60 seconds left.\n|\n|t:|1700127309\n|start\n|switch|p1a: Noivern|Noivern, L50, M|100\/100\n|switch|p1b: Kingambit|Kingambit, L50, F|100\/100\n|switch|p2a: Farigiraf|Farigiraf, L50, F|100\/100\n|switch|p2b: Ting-Lu|Ting-Lu, L50|100\/100\n|-ability|p2b: Ting-Lu|Vessel of Ruin\n|turn|1\n|inactive|Krem765 has 30 seconds left.\n|\n|t:|1700127338\n|move|p1a: Noivern|Boomburst|p2b: Ting-Lu|[spread] p1b,p2a,p2b\n|-resisted|p1b: Kingambit\n|-damage|p1b: Kingambit|92\/100\n|-damage|p2a: Farigiraf|78\/100\n|-damage|p2b: Ting-Lu|81\/100\n|move|p1b: Kingambit|Kowtow Cleave|p2a: Farigiraf\n|-supereffective|p2a: Farigiraf\n|-damage|p2a: Farigiraf|5\/100\n|-enditem|p2a: Farigiraf|Sitrus Berry|[eat]\n|-heal|p2a: Farigiraf|30\/100|[from] item: Sitrus Berry\n|move|p2b: Ting-Lu|Fissure|p1b: Kingambit|[miss]\n|-miss|p2b: Ting-Lu|p1b: Kingambit\n|move|p2a: Farigiraf|Trick Room|p2a: Farigiraf\n|-fieldstart|move: Trick Room|[of] p2a: Farigiraf\n|\n|-heal|p2b: Ting-Lu|88\/100|[from] item: Leftovers\n|upkeep\n|turn|2\n|\n|t:|1700127362\n|switch|p1b: Gyarados|Gyarados, L50, M|100\/100\n|-ability|p1b: Gyarados|Intimidate|boost\n|-unboost|p2a: Farigiraf|atk|1\n|-unboost|p2b: Ting-Lu|atk|1\n|move|p2b: Ting-Lu|Stomping Tantrum|p1b: Gyarados\n|-immune|p1b: Gyarados\n|move|p2a: Farigiraf|Dazzling Gleam|p1a: Noivern|[spread] p1a,p1b\n|-supereffective|p1a: Noivern\n|-damage|p1a: Noivern|67\/100\n|-damage|p1b: Gyarados|87\/100\n|move|p1a: Noivern|Uproar|p2a: Farigiraf\n|-damage|p2a: Farigiraf|11\/100\n|-start|p1a: Noivern|Uproar\n|\n|-heal|p2b: Ting-Lu|94\/100|[from] item: Leftovers\n|-start|p1a: Noivern|Uproar|[upkeep]\n|upkeep\n|turn|3\n|\n|t:|1700127385\n|move|p2a: Farigiraf|Protect|p2a: Farigiraf\n|-singleturn|p2a: Farigiraf|Protect\n|move|p2b: Ting-Lu|Lash Out|p1a: Noivern\n|-damage|p1a: Noivern|33\/100\n|move|p1b: Gyarados|Dragon Dance|p1b: Gyarados\n|-boost|p1b: Gyarados|atk|1\n|-boost|p1b: Gyarados|spe|1\n|move|p1a: Noivern|Uproar|p2a: Farigiraf|[from]lockedmove\n|-activate|p2a: Farigiraf|move: Protect\n|\n|-heal|p2b: Ting-Lu|99\/100|[from] item: Leftovers\n|-start|p1a: Noivern|Uproar|[upkeep]\n|upkeep\n|turn|4\n|\n|t:|1700127406\n|move|p2b: Ting-Lu|Lash Out|p1a: Noivern\n|-damage|p1a: Noivern|0 fnt\n|faint|p1a: Noivern\n|move|p2a: Farigiraf|Dazzling Gleam|p1b: Gyarados\n|-damage|p1b: Gyarados|70\/100\n|move|p1b: Gyarados|Dragon Dance|p1b: Gyarados\n|-boost|p1b: Gyarados|atk|1\n|-boost|p1b: Gyarados|spe|1\n|\n|-heal|p2b: Ting-Lu|100\/100|[from] item: Leftovers\n|upkeep\n|\n|t:|1700127420\n|switch|p1a: Gastrodon|Gastrodon, L50, M|100\/100\n|turn|5\n|\n|t:|1700127434\n|move|p1a: Gastrodon|Muddy Water|p2a: Farigiraf|[spread] p2a,p2b\n|-supereffective|p2b: Ting-Lu\n|-damage|p2a: Farigiraf|0 fnt\n|-damage|p2b: Ting-Lu|63\/100\n|-unboost|p2b: Ting-Lu|accuracy|1\n|faint|p2a: Farigiraf\n|move|p2b: Ting-Lu|Fissure|p1a: Gastrodon|[miss]\n|-miss|p2b: Ting-Lu|p1a: Gastrodon\n|move|p1b: Gyarados|Waterfall|p1a: Gastrodon\n|-activate|p1a: Gastrodon|ability: Storm Drain\n|-ability|p1a: Gastrodon|Storm Drain|boost\n|-boost|p1a: Gastrodon|spa|1\n|\n|-heal|p2b: Ting-Lu|69\/100|[from] item: Leftovers\n|-fieldend|move: Trick Room\n|upkeep\n|\n|t:|1700127445\n|switch|p2a: Iron Hands|Iron Hands, L50|100\/100\n|turn|6\n|inactive|BlueJayX2 has 30 seconds left.\n|\n|t:|1700127472\n|-terastallize|p1b: Gyarados|Flying\n|move|p2a: Iron Hands|Fake Out|p1b: Gyarados\n|-damage|p1b: Gyarados|49\/100\n|cant|p1b: Gyarados|flinch\n|move|p2b: Ting-Lu|Lash Out|p1b: Gyarados|[miss]\n|-miss|p2b: Ting-Lu|p1b: Gyarados\n|move|p1a: Gastrodon|Muddy Water|p2b: Ting-Lu|[spread] p2a,p2b\n|-supereffective|p2b: Ting-Lu\n|-damage|p2a: Iron Hands|80\/100\n|-damage|p2b: Ting-Lu|16\/100\n|\n|-heal|p2b: Ting-Lu|22\/100|[from] item: Leftovers\n|upkeep\n|turn|7\n|-message|Krem765 forfeited.\n|\n|win|BlueJayX2\n|raw|BlueJayX2's rating: 1070 &rarr; <strong>1099<\/strong><br \/>(+29 for winning)\n|raw|Krem765's rating: 1068 &rarr; <strong>1048<\/strong><br \/>(-20 for losing)\n|l|\u2606Krem765\n","uploadtime":1700127499,"views":33,"p1id":"bluejayx2","p2id":"krem765","formatid":"gen9vgc2023regulatione","rating":1048,"private":0,"password":""}