{"id":"gen9vgc2023regulatione-1998926375","p1":"lcnrcr06","p2":"MurphyTheMut","format":"[Gen 9] VGC 2023 Regulation E","log":"|j|\u2606lcnrcr06\n|j|\u2606MurphyTheMut\n|t:|1701013947\n|gametype|doubles\n|player|p1|lcnrcr06|drayden|1412\n|player|p2|MurphyTheMut|roughneck-gen4|1402\n|teamsize|p1|6\n|teamsize|p2|6\n|gen|9\n|tier|[Gen 9] VGC 2023 Regulation E\n|rated|\n|rule|Species Clause: Limit one of each Pok\u00e9mon\n|rule|Item Clause: Limit one of each item\n|clearpoke\n|poke|p1|Tornadus, L50, M|\n|poke|p1|Urshifu-*, L50, M|\n|poke|p1|Amoonguss, L50, F|\n|poke|p1|Arcanine-Hisui, L50, F|\n|poke|p1|Iron Hands, L50|\n|poke|p1|Flutter Mane, L50|\n|poke|p2|Ursaluna-Bloodmoon, L50, M|\n|poke|p2|Rillaboom, L50, M|\n|poke|p2|Dusclops, L50, F|\n|poke|p2|Kommo-o, L50, F|\n|poke|p2|Gyarados, L50, F|\n|poke|p2|Heatran, L50, M|\n|teampreview|4\n|inactive|Battle timer is ON: inactive players will automatically lose when time's up. (requested by MurphyTheMut)\n|inactive|lcnrcr06 has 60 seconds left.\n|inactive|MurphyTheMut has 60 seconds left.\n|inactive|MurphyTheMut has 30 seconds left.\n|inactive|MurphyTheMut has 20 seconds left.\n|inactive|MurphyTheMut has 15 seconds left.\n|inactive|MurphyTheMut has 10 seconds left.\n|\n|t:|1701014040\n|start\n|switch|p1a: Arcanine|Arcanine-Hisui, L50, F|100\/100\n|switch|p1b: Flutter Mane|Flutter Mane, L50|100\/100\n|switch|p2a: Dusclops|Dusclops, L50, F|100\/100\n|switch|p2b: Kommo-o|Kommo-o, L50, F|100\/100\n|-ability|p1a: Arcanine|Intimidate|boost\n|-unboost|p2a: Dusclops|atk|1\n|-unboost|p2b: Kommo-o|atk|1\n|-ability|p2a: Dusclops|Pressure\n|-enditem|p1b: Flutter Mane|Booster Energy\n|-activate|p1b: Flutter Mane|ability: Protosynthesis|[fromitem]\n|-start|p1b: Flutter Mane|protosynthesisspa\n|turn|1\n|inactive|MurphyTheMut has 30 seconds left.\n|\n|t:|1701014074\n|-terastallize|p2b: Kommo-o|Steel\n|move|p1b: Flutter Mane|Shadow Ball|p2a: Dusclops\n|-supereffective|p2a: Dusclops\n|-damage|p2a: Dusclops|39\/100\n|move|p1a: Arcanine|Rock Slide|p2a: Dusclops|[spread] p2a\n|-miss|p1a: Arcanine|p2b: Kommo-o\n|-damage|p2a: Dusclops|15\/100\n|move|p2b: Kommo-o|Iron Defense|p2b: Kommo-o\n|-boost|p2b: Kommo-o|def|2\n|move|p2a: Dusclops|Trick Room|p2a: Dusclops\n|-fieldstart|move: Trick Room|[of] p2a: Dusclops\n|\n|upkeep\n|turn|2\n|\n|t:|1701014094\n|-end|p1b: Flutter Mane|Protosynthesis|[silent]\n|switch|p1b: Iron Hands|Iron Hands, L50|100\/100\n|move|p2a: Dusclops|Pain Split|p1a: Arcanine\n|-sethp|p1a: Arcanine|57\/100|[from] move: Pain Split|[silent]\n|-sethp|p2a: Dusclops|67\/100|[from] move: Pain Split\n|move|p2b: Kommo-o|Iron Defense|p2b: Kommo-o\n|-boost|p2b: Kommo-o|def|2\n|move|p1a: Arcanine|Rock Slide|p2a: Dusclops|[spread] p2a,p2b\n|-crit|p2a: Dusclops\n|-resisted|p2b: Kommo-o\n|-damage|p2a: Dusclops|34\/100\n|-damage|p2b: Kommo-o|96\/100\n|\n|-heal|p2b: Kommo-o|100\/100|[from] item: Leftovers\n|upkeep\n|turn|3\n|\n|t:|1701014113\n|move|p2b: Kommo-o|Protect|p2b: Kommo-o\n|-singleturn|p2b: Kommo-o|Protect\n|move|p2a: Dusclops|Will-O-Wisp|p1b: Iron Hands\n|-status|p1b: Iron Hands|brn\n|move|p1b: Iron Hands|Drain Punch|p2b: Kommo-o\n|-activate|p2b: Kommo-o|move: Protect\n|move|p1a: Arcanine|Rock Slide|p2b: Kommo-o|[spread] p2a\n|-activate|p2b: Kommo-o|move: Protect\n|-damage|p2a: Dusclops|11\/100\n|\n|-damage|p1b: Iron Hands|94\/100 brn|[from] brn\n|upkeep\n|turn|4\n|\n|t:|1701014133\n|move|p2a: Dusclops|Pain Split|p1b: Iron Hands\n|-sethp|p1b: Iron Hands|51\/100 brn|[from] move: Pain Split|[silent]\n|-sethp|p2a: Dusclops|79\/100|[from] move: Pain Split\n|move|p1b: Iron Hands|Drain Punch|p2b: Kommo-o\n|-supereffective|p2b: Kommo-o\n|-damage|p2b: Kommo-o|90\/100\n|-heal|p1b: Iron Hands|55\/100 brn|[from] drain|[of] p2b: Kommo-o\n|move|p2b: Kommo-o|Body Press|p1a: Arcanine\n|-supereffective|p1a: Arcanine\n|-damage|p1a: Arcanine|0 fnt\n|faint|p1a: Arcanine\n|\n|-heal|p2b: Kommo-o|96\/100|[from] item: Leftovers\n|-damage|p1b: Iron Hands|49\/100 brn|[from] brn\n|upkeep\n|\n|t:|1701014144\n|switch|p1a: Amoonguss|Amoonguss, L50, F|100\/100\n|turn|5\n|\n|t:|1701014162\n|move|p2a: Dusclops|Will-O-Wisp|p1a: Amoonguss\n|-status|p1a: Amoonguss|brn\n|move|p1a: Amoonguss|Spore|p2b: Kommo-o\n|-immune|p2b: Kommo-o|[from] ability: Overcoat\n|move|p1b: Iron Hands|Drain Punch|p2b: Kommo-o\n|-supereffective|p2b: Kommo-o\n|-damage|p2b: Kommo-o|87\/100\n|-heal|p1b: Iron Hands|52\/100 brn|[from] drain|[of] p2b: Kommo-o\n|move|p2b: Kommo-o|Iron Defense|p2b: Kommo-o\n|-boost|p2b: Kommo-o|def|2\n|\n|-heal|p2b: Kommo-o|93\/100|[from] item: Leftovers\n|-damage|p1a: Amoonguss|95\/100 brn|[from] brn\n|-damage|p1b: Iron Hands|46\/100 brn|[from] brn\n|-fieldend|move: Trick Room\n|upkeep\n|turn|6\n|inactive|lcnrcr06 has 30 seconds left.\n|inactive|MurphyTheMut has 30 seconds left.\n|\n|t:|1701014195\n|switch|p2a: Rillaboom|Rillaboom, L50, M|100\/100\n|-fieldstart|move: Grassy Terrain|[from] ability: Grassy Surge|[of] p2a: Rillaboom\n|move|p2b: Kommo-o|Body Press|p1a: Amoonguss\n|-resisted|p1a: Amoonguss\n|-crit|p1a: Amoonguss\n|-damage|p1a: Amoonguss|0 fnt\n|faint|p1a: Amoonguss\n|move|p1b: Iron Hands|Drain Punch|p2b: Kommo-o\n|-supereffective|p2b: Kommo-o\n|-damage|p2b: Kommo-o|86\/100\n|-heal|p1b: Iron Hands|49\/100 brn|[from] drain|[of] p2b: Kommo-o\n|\n|-heal|p2b: Kommo-o|92\/100|[from] Grassy Terrain\n|-heal|p2b: Kommo-o|98\/100|[from] item: Leftovers\n|-heal|p1b: Iron Hands|56\/100 brn|[from] Grassy Terrain\n|-damage|p1b: Iron Hands|49\/100 brn|[from] brn\n|upkeep\n|\n|t:|1701014198\n|switch|p1a: Flutter Mane|Flutter Mane, L50|100\/100\n|turn|7\n|\n|t:|1701014222\n|move|p2a: Rillaboom|Grassy Glide|p1a: Flutter Mane\n|-damage|p1a: Flutter Mane|30\/100\n|move|p1a: Flutter Mane|Shadow Ball|p2b: Kommo-o\n|-crit|p2b: Kommo-o\n|-damage|p2b: Kommo-o|44\/100\n|-unboost|p2b: Kommo-o|spd|1\n|move|p2b: Kommo-o|Body Press|p1b: Iron Hands\n|-damage|p1b: Iron Hands|0 fnt\n|faint|p1b: Iron Hands\n|-end|p1b: Iron Hands|Quark Drive|[silent]\n|\n|-heal|p1a: Flutter Mane|36\/100|[from] Grassy Terrain\n|-heal|p2b: Kommo-o|50\/100|[from] Grassy Terrain\n|-heal|p2b: Kommo-o|56\/100|[from] item: Leftovers\n|upkeep\n|turn|8\n|\n|t:|1701014238\n|-terastallize|p1a: Flutter Mane|Fairy\n|move|p2b: Kommo-o|Protect|p2b: Kommo-o\n|-singleturn|p2b: Kommo-o|Protect\n|move|p2a: Rillaboom|Grassy Glide|p1a: Flutter Mane\n|-damage|p1a: Flutter Mane|0 fnt\n|faint|p1a: Flutter Mane\n|-end|p1a: Flutter Mane|Protosynthesis|[silent]\n|\n|win|MurphyTheMut\n|raw|lcnrcr06's rating: 1412 &rarr; <strong>1391<\/strong><br \/>(-21 for losing)\n|raw|MurphyTheMut's rating: 1402 &rarr; <strong>1423<\/strong><br \/>(+21 for winning)\n|c|\u2606MurphyTheMut|gg\n","uploadtime":1701014401,"views":22,"p1id":"lcnrcr06","p2id":"murphythemut","formatid":"gen9vgc2023regulatione","rating":1391,"private":0,"password":""}