{"id":"gen9vgc2023regulatione-1992220693","p1":"Mastrota89","p2":"GabboVGC","format":"[Gen 9] VGC 2023 Regulation E","log":"|j|\u2606Mastrota89\n|j|\u2606GabboVGC\n|n|\u2606Mastrota89|mastrota89\n|n|\u2606GabboVGC|gabbovgc\n|html|View the match progress at <a href=\"\/game-bestof3-gen9vgc2023regulatione-1992213905\">game-bestof3-gen9vgc2023regulatione-1992213905<\/a>\n|t:|1700165054\n|gametype|doubles\n|player|p1|Mastrota89|rocketgrunt|\n|player|p2|GabboVGC|marnie-league|\n|teamsize|p1|6\n|teamsize|p2|6\n|gen|9\n|tier|[Gen 9] VGC 2023 Regulation E\n|rule|Species Clause: Limit one of each Pok\u00e9mon\n|rule|Item Clause: Limit one of each item\n|clearpoke\n|poke|p1|Iron Hands, L50|\n|poke|p1|Flutter Mane, L50|\n|poke|p1|Roaring Moon, L50|\n|poke|p1|Amoonguss, L50, F|\n|poke|p1|Heatran, L50, M|\n|poke|p1|Landorus-Therian, L50, M|\n|poke|p2|Tornadus, L50, M|\n|poke|p2|Urshifu-*, L50, M|\n|poke|p2|Arcanine-Hisui, L50, M|\n|poke|p2|Iron Hands, L50|\n|poke|p2|Amoonguss, L50, M|\n|poke|p2|Gholdengo, L50|\n|teampreview|4\n|j| BossettiVMax\nGabboVGC has agreed to open team sheets.\n|j| Crudo de fava\nMastrota89 has agreed to open team sheets.\n|showteam|p1|Iron Hands||AssaultVest|QuarkDrive|VoltSwitch,WildCharge,FakeOut,DrainPunch||||||50|,,,,,Water]Flutter Mane||ChoiceSpecs|Protosynthesis|DazzlingGleam,Moonblast,ShadowBall,PerishSong||||||50|,,,,,Fairy]Roaring Moon||BoosterEnergy|Protosynthesis|Protect,KnockOff,DragonDance,Acrobatics||||||50|,,,,,Flying]Amoonguss||RockyHelmet|Regenerator|Protect,RagePowder,Spore,PollenPuff|||F|||50|,,,,,Water]Heatran||Leftovers|FlashFire|Protect,EarthPower,MagmaStorm,Substitute|||M|||50|,,,,,Fairy]Landorus-Therian||ChoiceScarf|Intimidate|RockSlide,TeraBlast,StompingTantrum,Uturn|||M|||50|,,,,,Flying\n|showteam|p2|Tornadus||RockyHelmet|Prankster|BleakwindStorm,RainDance,Tailwind,Protect|||M|||50|,,,,,Steel]Urshifu-Rapid-Strike||MysticWater|UnseenFist|SurgingStrikes,CloseCombat,AquaJet,Protect|||M|||50|,,,,,Water]Arcanine-Hisui||ChoiceBand|Intimidate|FlareBlitz,RockSlide,ExtremeSpeed,TeraBlast|||M|||50|,,,,,Fairy]Iron Hands||AssaultVest|QuarkDrive|WildCharge,DrainPunch,VoltSwitch,FakeOut||||||50|,,,,,Water]Amoonguss||SitrusBerry|Regenerator|PollenPuff,Spore,RagePowder,Protect|||M|||50|,,,,,Fire]Gholdengo||Leftovers|GoodasGold|MakeItRain,ShadowBall,NastyPlot,Protect||||||50|,,,,,Dragon\n|c|\u2606Mastrota89|glhf\n|c|\u2606GabboVGC|glhf\n|\n|t:|1700165144\n|start\n|switch|p1a: Iron Hands|Iron Hands, L50, shiny|100\/100\n|switch|p1b: Flutter Mane|Flutter Mane, L50|100\/100\n|switch|p2a: Iron Hands|Iron Hands, L50|100\/100\n|switch|p2b: Gholdengo|Gholdengo, L50|100\/100\n|turn|1\n|j| ryukeivgc\n|\n|t:|1700165217\n|move|p2b: Gholdengo|Protect|p2b: Gholdengo\n|-singleturn|p2b: Gholdengo|Protect\n|move|p1b: Flutter Mane|Dazzling Gleam|p2a: Iron Hands|[spread] p2a\n|-activate|p2b: Gholdengo|move: Protect\n|-supereffective|p2a: Iron Hands\n|-damage|p2a: Iron Hands|61\/100\n|move|p2a: Iron Hands|Volt Switch|p1b: Flutter Mane\n|-damage|p1b: Flutter Mane|89\/100\n|\n|t:|1700165229\n|-end|p2a: Iron Hands|Quark Drive|[silent]\n|switch|p2a: Tornadus|Tornadus, L50, M|100\/100|[from] Volt Switch\n|move|p1a: Iron Hands|Drain Punch|p2a: Tornadus\n|-resisted|p2a: Tornadus\n|-damage|p2a: Tornadus|82\/100\n|-damage|p1a: Iron Hands|84\/100|[from] item: Rocky Helmet|[of] p2a: Tornadus\n|\n|upkeep\n|turn|2\n|\n|t:|1700165256\n|-end|p1b: Flutter Mane|Protosynthesis|[silent]\n|switch|p1b: Heatran|Heatran, L50, M, shiny|100\/100\n|move|p2a: Tornadus|Tailwind|p2a: Tornadus\n|-sidestart|p2: GabboVGC|move: Tailwind\n|move|p2b: Gholdengo|Nasty Plot|p2b: Gholdengo\n|-boost|p2b: Gholdengo|spa|2\n|move|p1a: Iron Hands|Volt Switch|p2a: Tornadus\n|-supereffective|p2a: Tornadus\n|-damage|p2a: Tornadus|46\/100\n|\n|t:|1700165264\n|-end|p1a: Iron Hands|Quark Drive|[silent]\n|switch|p1a: Amoonguss|Amoonguss, L50, F, shiny|100\/100|[from] Volt Switch\n|\n|upkeep\n|turn|3\n|\n|t:|1700165301\n|-terastallize|p2b: Gholdengo|Dragon\n|move|p2a: Tornadus|Bleakwind Storm|p1b: Heatran|[spread] p1a,p1b\n|-supereffective|p1a: Amoonguss\n|-resisted|p1b: Heatran\n|-damage|p1a: Amoonguss|37\/100\n|-damage|p1b: Heatran|88\/100\n|move|p2b: Gholdengo|Shadow Ball|p1b: Heatran\n|-crit|p1b: Heatran\n|-damage|p1b: Heatran|0 fnt\n|faint|p1b: Heatran\n|move|p1a: Amoonguss|Pollen Puff|p1: Heatran|[notarget]\n|-fail|p1a: Amoonguss\n|\n|upkeep\n|\n|t:|1700165328\n|switch|p1b: Iron Hands|Iron Hands, L50, shiny|84\/100\n|turn|4\n|\n|t:|1700165383\n|switch|p2a: Iron Hands|Iron Hands, L50|61\/100\n|move|p1a: Amoonguss|Protect|p1a: Amoonguss\n|-singleturn|p1a: Amoonguss|Protect\n|move|p2b: Gholdengo|Shadow Ball|p1a: Amoonguss\n|-activate|p1a: Amoonguss|move: Protect\n|move|p1b: Iron Hands|Drain Punch|p2b: Gholdengo\n|-damage|p2b: Gholdengo|59\/100\n|-heal|p1b: Iron Hands|99\/100|[from] drain|[of] p2b: Gholdengo\n|\n|-heal|p2b: Gholdengo|65\/100|[from] item: Leftovers\n|upkeep\n|turn|5\n|\n|t:|1700165402\n|move|p2a: Iron Hands|Fake Out|p1b: Iron Hands\n|-damage|p1b: Iron Hands|90\/100\n|move|p2b: Gholdengo|Shadow Ball|p1a: Amoonguss\n|-damage|p1a: Amoonguss|0 fnt\n|faint|p1a: Amoonguss\n|cant|p1b: Iron Hands|flinch\n|\n|-heal|p2b: Gholdengo|70\/100|[from] item: Leftovers\n|-sideend|p2: GabboVGC|move: Tailwind\n|upkeep\n|\n|t:|1700165408\n|switch|p1a: Flutter Mane|Flutter Mane, L50|89\/100\n|turn|6\n|l| Crudo de fava\n|\n|t:|1700165467\n|move|p2b: Gholdengo|Protect|p2b: Gholdengo\n|-singleturn|p2b: Gholdengo|Protect\n|move|p1a: Flutter Mane|Dazzling Gleam|p2a: Iron Hands|[spread] p2a\n|-activate|p2b: Gholdengo|move: Protect\n|-supereffective|p2a: Iron Hands\n|-damage|p2a: Iron Hands|25\/100\n|move|p2a: Iron Hands|Volt Switch|p1a: Flutter Mane\n|-damage|p1a: Flutter Mane|77\/100\n|j| Crudo de fava\n|\n|t:|1700165494\n|-end|p2a: Iron Hands|Quark Drive|[silent]\n|switch|p2a: Tornadus|Tornadus, L50, M|46\/100|[from] Volt Switch\n|move|p1b: Iron Hands|Wild Charge|p2a: Tornadus\n|-supereffective|p2a: Tornadus\n|-damage|p2a: Tornadus|0 fnt\n|-damage|p1b: Iron Hands|74\/100|[from] item: Rocky Helmet|[of] p2a: Tornadus\n|faint|p2a: Tornadus\n|-damage|p1b: Iron Hands|65\/100|[from] Recoil\n|\n|-heal|p2b: Gholdengo|76\/100|[from] item: Leftovers\n|upkeep\n|\n|t:|1700165521\n|switch|p2a: Iron Hands|Iron Hands, L50|25\/100\n|turn|7\n|\n|t:|1700165552\n|move|p2a: Iron Hands|Fake Out|p1b: Iron Hands\n|-damage|p1b: Iron Hands|54\/100\n|move|p1a: Flutter Mane|Dazzling Gleam|p2b: Gholdengo|[spread] p2a,p2b\n|-supereffective|p2a: Iron Hands\n|-supereffective|p2b: Gholdengo\n|-damage|p2a: Iron Hands|0 fnt\n|-damage|p2b: Gholdengo|0 fnt\n|faint|p2a: Iron Hands\n|-end|p2a: Iron Hands|Quark Drive|[silent]\n|faint|p2b: Gholdengo\n|cant|p1b: Iron Hands|flinch\n|\n|upkeep\n|\n|t:|1700165559\n|switch|p2b: Urshifu|Urshifu-Rapid-Strike, L50, M|100\/100\n|turn|8\n|\n|t:|1700165564\n|-terastallize|p1a: Flutter Mane|Fairy\n|move|p1a: Flutter Mane|Dazzling Gleam|p2b: Urshifu\n|-supereffective|p2b: Urshifu\n|-damage|p2b: Urshifu|0 fnt\n|faint|p2b: Urshifu\n|\n|win|Mastrota89\n|c|\u2606GabboVGC|gg\n|c|\u2606Mastrota89|gg\n","uploadtime":1700165571,"views":13,"p1id":"mastrota89","p2id":"gabbovgc","formatid":"gen9vgc2023regulatione","rating":0,"private":0,"password":""}