{"id":"gen9vgc2023regulatione-1996942594","p1":"MySticPT","p2":"zdmszrj","format":"[Gen 9] VGC 2023 Regulation E","log":"|j|\u2606MySticPT\n|j|\u2606zdmszrj\n|t:|1700747737\n|gametype|doubles\n|player|p1|MySticPT|101|1614\n|player|p2|zdmszrj|bugcatcher-gen4dp|1577\n|teamsize|p1|6\n|teamsize|p2|6\n|gen|9\n|tier|[Gen 9] VGC 2023 Regulation E\n|rated|\n|rule|Species Clause: Limit one of each Pok\u00e9mon\n|rule|Item Clause: Limit one of each item\n|clearpoke\n|poke|p1|Ursaluna-Bloodmoon, L50, M|\n|poke|p1|Armarouge, L50, M|\n|poke|p1|Indeedee-F, L50, F|\n|poke|p1|Torkoal, L50, M|\n|poke|p1|Iron Bundle, L50|\n|poke|p1|Ogerpon-Hearthflame, L50, F|\n|poke|p2|Mimikyu, L50, M|\n|poke|p2|Enamorus-Therian, L50, F|\n|poke|p2|Iron Hands, L50|\n|poke|p2|Zapdos, L50|\n|poke|p2|Overqwil, L50, M|\n|poke|p2|Flutter Mane, L50|\n|teampreview|4\n|\n|t:|1700747785\n|start\n|switch|p1a: Indeedee|Indeedee-F, L50, F|100\/100\n|switch|p1b: Armarouge|Armarouge, L50, M|100\/100\n|switch|p2a: Mimikyu|Mimikyu, L50, M, shiny|100\/100\n|switch|p2b: Overqwil|Overqwil, L50, M|100\/100\n|-ability|p2b: Overqwil|Intimidate|boost\n|-unboost|p1a: Indeedee|atk|1\n|-unboost|p1b: Armarouge|atk|1\n|-fieldstart|move: Psychic Terrain|[from] ability: Psychic Surge|[of] p1a: Indeedee\n|turn|1\n|inactive|Battle timer is ON: inactive players will automatically lose when time's up. (requested by zdmszrj)\n|\n|t:|1700747836\n|move|p1a: Indeedee|Follow Me|p1a: Indeedee\n|-singleturn|p1a: Indeedee|move: Follow Me\n|move|p2a: Mimikyu|Taunt|p1a: Indeedee\n|-start|p1a: Indeedee|move: Taunt\n|move|p2b: Overqwil|Crunch|p1a: Indeedee\n|-supereffective|p1a: Indeedee\n|-damage|p1a: Indeedee|26\/100\n|move|p1b: Armarouge|Expanding Force|p2b: Overqwil|[spread] p2a\n|-immune|p2b: Overqwil\n|-activate|p2a: Mimikyu|ability: Disguise\n|-damage|p2a: Mimikyu|100\/100\n|detailschange|p2a: Mimikyu|Mimikyu-Busted, L50, M, shiny\n|-damage|p2a: Mimikyu|88\/100|[from] pokemon: Mimikyu-Busted\n|-damage|p1b: Armarouge|91\/100|[from] item: Life Orb\n|\n|upkeep\n|turn|2\n|inactive|MySticPT has 30 seconds left.\n|inactive|zdmszrj has 30 seconds left.\n|inactive|MySticPT has 20 seconds left.\n|inactive|MySticPT has 15 seconds left.\n|inactive|MySticPT has 10 seconds left.\n|\n|t:|1700747883\n|switch|p1b: Torkoal|Torkoal, L50, M|100\/100\n|-weather|SunnyDay|[from] ability: Drought|[of] p1b: Torkoal\n|move|p2a: Mimikyu|Curse|p1b: Torkoal\n|-start|p1b: Torkoal|Curse|[of] p2a: Mimikyu\n|-damage|p2a: Mimikyu|38\/100\n|move|p2b: Overqwil|Crunch|p1b: Torkoal\n|-damage|p1b: Torkoal|75\/100\n|move|p1a: Indeedee|Dazzling Gleam|p2a: Mimikyu|[spread] p2a,p2b\n|-damage|p2a: Mimikyu|27\/100\n|-damage|p2b: Overqwil|90\/100\n|\n|-weather|SunnyDay|[upkeep]\n|-damage|p1b: Torkoal|50\/100|[from] Curse\n|upkeep\n|turn|3\n|inactive|MySticPT has 30 seconds left.\n|inactive|zdmszrj has 30 seconds left.\n|inactive|MySticPT has 20 seconds left.\n|inactive|zdmszrj has 20 seconds left.\n|inactive|zdmszrj has 15 seconds left.\n|\n|t:|1700747932\n|move|p2a: Mimikyu|Curse|p1a: Indeedee\n|-start|p1a: Indeedee|Curse|[of] p2a: Mimikyu\n|-damage|p2a: Mimikyu|0 fnt\n|faint|p2a: Mimikyu\n|move|p1a: Indeedee|Dazzling Gleam|p2b: Overqwil\n|-damage|p2b: Overqwil|77\/100\n|move|p2b: Overqwil|Poison Jab|p1b: Torkoal\n|-damage|p1b: Torkoal|19\/100\n|move|p1b: Torkoal|Heat Wave|p2b: Overqwil\n|-damage|p2b: Overqwil|31\/100\n|\n|-weather|SunnyDay|[upkeep]\n|-damage|p1a: Indeedee|1\/100|[from] Curse\n|-damage|p1b: Torkoal|0 fnt|[from] Curse\n|faint|p1b: Torkoal\n|upkeep\n|j| THUNDERSND77\n|inactive|MySticPT has 30 seconds left.\n|\n|t:|1700747957\n|switch|p2a: Enamorus|Enamorus-Therian, L50, F, shiny|100\/100\n|switch|p1b: Ursaluna|Ursaluna-Bloodmoon, L50, M|100\/100\n|turn|4\n|inactive|MySticPT has 30 seconds left.\n|\n|t:|1700747990\n|-terastallize|p1b: Ursaluna|Normal\n|move|p2b: Overqwil|Poison Jab|p1b: Ursaluna\n|-damage|p1b: Ursaluna|75\/100\n|move|p1a: Indeedee|Dazzling Gleam|p2a: Enamorus|[spread] p2a,p2b\n|-damage|p2a: Enamorus|86\/100\n|-damage|p2b: Overqwil|22\/100\n|move|p1b: Ursaluna|Hyper Voice|p2a: Enamorus|[spread] p2a,p2b\n|-damage|p2a: Enamorus|38\/100\n|-damage|p2b: Overqwil|0 fnt\n|faint|p2b: Overqwil\n|-enditem|p1b: Ursaluna|Throat Spray\n|-boost|p1b: Ursaluna|spa|1|[from] item: Throat Spray\n|move|p2a: Enamorus|Moonblast|p1b: Ursaluna\n|-damage|p1b: Ursaluna|0 fnt\n|faint|p1b: Ursaluna\n|-damage|p2a: Enamorus|28\/100|[from] item: Life Orb\n|\n|-weather|SunnyDay|[upkeep]\n|-damage|p1a: Indeedee|0 fnt|[from] Curse\n|faint|p1a: Indeedee\n|upkeep\n|j| Imburningbabe\n|\n|t:|1700748012\n|switch|p2b: Flutter Mane|Flutter Mane, L50|100\/100\n|switch|p1b: Armarouge|Armarouge, L50, M|91\/100\n|-activate|p2b: Flutter Mane|ability: Protosynthesis\n|-start|p2b: Flutter Mane|protosynthesisspe\n|turn|5\n|\n|t:|1700748024\n|move|p2b: Flutter Mane|Shadow Ball|p1b: Armarouge\n|-supereffective|p1b: Armarouge\n|-damage|p1b: Armarouge|0 fnt\n|faint|p1b: Armarouge\n|\n|win|zdmszrj\n|raw|MySticPT's rating: 1614 &rarr; <strong>1592<\/strong><br \/>(-22 for losing)\n|raw|zdmszrj's rating: 1577 &rarr; <strong>1599<\/strong><br \/>(+22 for winning)\n|l|\u2606MySticPT\n|l| THUNDERSND77\n|l| Imburningbabe\n","uploadtime":1700748155,"views":1,"p1id":"mysticpt","p2id":"zdmszrj","formatid":"gen9vgc2023regulatione","rating":1592,"private":0,"password":""}