{"id":"gen9vgc2023regulatione-1988674810","p1":"lainshy","p2":"Yuri","format":"[Gen 9] VGC 2023 Regulation E","log":"|j|\u2606lainshy\n|j|\u2606Yuri\n|n|\u2606lainshy|lainshy\n|n|\u2606Yuri|yuri\n|html|View the match progress at <a href=\"\/game-bestof3-gen9vgc2023regulatione-1988668666\">game-bestof3-gen9vgc2023regulatione-1988668666<\/a>\n|t:|1699749160\n|gametype|doubles\n|player|p1|lainshy|geeta|\n|player|p2|Yuri|galacticgrunt|\n|teamsize|p1|6\n|teamsize|p2|6\n|gen|9\n|tier|[Gen 9] VGC 2023 Regulation E\n|rule|Species Clause: Limit one of each Pok\u00e9mon\n|rule|Item Clause: Limit one of each item\n|clearpoke\n|poke|p1|Baxcalibur, L50, F|\n|poke|p1|Kingambit, L50, F|\n|poke|p1|Ursaluna-Bloodmoon, L50, M|\n|poke|p1|Corviknight, L50, F|\n|poke|p1|Gholdengo, L50|\n|poke|p1|Ribombee, L50, F|\n|poke|p2|Tornadus, L50, M|\n|poke|p2|Arcanine-Hisui, L50, F|\n|poke|p2|Iron Hands, L50|\n|poke|p2|Gholdengo, L50|\n|poke|p2|Urshifu-*, L50, M|\n|poke|p2|Ogerpon-Wellspring, L50, F|\n|teampreview|4\nlainshy has agreed to open team sheets.\n|j| Rebornsan93\n|j| DorititosKiller\n|j| Leon1das\nYuri has agreed to open team sheets.\n|showteam|p1|Baxcalibur||LoadedDice|ThermalExchange|Protect,GlaiveRush,IcicleSpear,IceShard|||F|||50|,,,,,Ice]Kingambit||FocusSash|SupremeOverlord|SwordsDance,KowtowCleave,SuckerPunch,IronHead|||F|||50|,,,,,Poison]Ursaluna-Bloodmoon||Leftovers|MindsEye|CalmMind,BloodMoon,EarthPower,Moonlight|||M|||50|,,,,,Flying]Corviknight||RockyHelmet|MirrorArmor|BraveBird,BodyPress,Tailwind,Roost|||F|||50|,,,,,Dragon]Gholdengo||SitrusBerry|GoodasGold|NastyPlot,Protect,MakeItRain,ShadowBall||||||50|,,,,,Steel]Ribombee||HeavyDutyBoots|ShieldDust|StickyWeb,StunSpore,DazzlingGleam,PollenPuff|||F|||50|,,,,,Steel\n|showteam|p2|Tornadus||CovertCloak|Prankster|BleakwindStorm,Tailwind,Taunt,RainDance|||M|||50|,,,,,Dragon]Arcanine-Hisui||ChoiceBand|Intimidate|FlareBlitz,RockSlide,ExtremeSpeed,TeraBlast|||F|||50|,,,,,Fairy]Iron Hands||AssaultVest|QuarkDrive|WildCharge,DrainPunch,HeavySlam,FakeOut||||||50|,,,,,Grass]Gholdengo||Leftovers|GoodasGold|MakeItRain,ShadowBall,NastyPlot,Protect||||||50|,,,,,Dragon]Urshifu-Rapid-Strike||ChoiceScarf|UnseenFist|SurgingStrikes,CloseCombat,AquaJet,Uturn|||M|||50|,,,,,Water]Ogerpon-Wellspring||WellspringMask|WaterAbsorb|IvyCudgel,PowerWhip,FollowMe,SpikyShield|||F|||50|,,,,,Water\n|c| Rebornsan93|comecem\n|\n|t:|1699749233\n|start\n|switch|p1a: Ribombee|Ribombee, L50, F|100\/100\n|switch|p1b: Ursaluna|Ursaluna-Bloodmoon, L50, M|100\/100\n|switch|p2a: Iron Hands|Iron Hands, L50|100\/100\n|switch|p2b: Tornadus|Tornadus, L50, M|100\/100\n|turn|1\n|\n|t:|1699749253\n|move|p2a: Iron Hands|Fake Out|p1b: Ursaluna\n|-damage|p1b: Ursaluna|90\/100\n|move|p2b: Tornadus|Taunt|p1a: Ribombee\n|-start|p1a: Ribombee|move: Taunt\n|move|p1a: Ribombee|Dazzling Gleam|p2b: Tornadus|[spread] p2a,p2b\n|-supereffective|p2a: Iron Hands\n|-damage|p2a: Iron Hands|73\/100\n|-damage|p2b: Tornadus|77\/100\n|cant|p1b: Ursaluna|flinch\n|\n|-heal|p1b: Ursaluna|96\/100|[from] item: Leftovers\n|upkeep\n|turn|2\n|j| PSmonteiro\n|j| ShimeNaruka\n|\n|t:|1699749289\n|move|p2b: Tornadus|Tailwind|p2b: Tornadus\n|-sidestart|p2: Yuri|move: Tailwind\n|move|p1a: Ribombee|Dazzling Gleam|p2b: Tornadus|[spread] p2a,p2b\n|-supereffective|p2a: Iron Hands\n|-damage|p2a: Iron Hands|46\/100\n|-damage|p2b: Tornadus|56\/100\n|move|p2a: Iron Hands|Drain Punch|p1b: Ursaluna\n|-supereffective|p1b: Ursaluna\n|-damage|p1b: Ursaluna|39\/100\n|-heal|p2a: Iron Hands|72\/100|[from] drain|[of] p1b: Ursaluna\n|move|p1b: Ursaluna|Earth Power|p2a: Iron Hands\n|-supereffective|p2a: Iron Hands\n|-damage|p2a: Iron Hands|17\/100\n|\n|-heal|p1b: Ursaluna|45\/100|[from] item: Leftovers\n|upkeep\n|turn|3\n|\n|t:|1699749319\n|-terastallize|p1b: Ursaluna|Flying\n|move|p2b: Tornadus|Bleakwind Storm|p1a: Ribombee|[spread] p1b\n|-miss|p2b: Tornadus|p1a: Ribombee\n|-damage|p1b: Ursaluna|11\/100\n|move|p1a: Ribombee|Dazzling Gleam|p2b: Tornadus|[spread] p2a,p2b\n|-supereffective|p2a: Iron Hands\n|-damage|p2a: Iron Hands|0 fnt\n|-damage|p2b: Tornadus|33\/100\n|faint|p2a: Iron Hands\n|-end|p2a: Iron Hands|Quark Drive|[silent]\n|move|p1b: Ursaluna|Moonlight|p1b: Ursaluna\n|-heal|p1b: Ursaluna|61\/100\n|\n|-heal|p1b: Ursaluna|67\/100|[from] item: Leftovers\n|-end|p1a: Ribombee|move: Taunt\n|upkeep\n|j| lucasarreguy\n|\n|t:|1699749338\n|switch|p2a: Arcanine|Arcanine-Hisui, L50, F|100\/100\n|-ability|p2a: Arcanine|Intimidate|boost\n|-unboost|p1a: Ribombee|atk|1\n|-unboost|p1b: Ursaluna|atk|1\n|turn|4\n|\n|t:|1699749371\n|move|p2b: Tornadus|Bleakwind Storm|p1a: Ribombee|[spread] p1a,p1b\n|-supereffective|p1a: Ribombee\n|-damage|p1a: Ribombee|28\/100\n|-damage|p1b: Ursaluna|32\/100\n|move|p2a: Arcanine|Rock Slide|p1b: Ursaluna|[spread] p1a,p1b\n|-supereffective|p1a: Ribombee\n|-supereffective|p1b: Ursaluna\n|-damage|p1a: Ribombee|0 fnt\n|-damage|p1b: Ursaluna|0 fnt\n|faint|p1a: Ribombee\n|faint|p1b: Ursaluna\n|\n|upkeep\n|\n|t:|1699749382\n|switch|p1a: Baxcalibur|Baxcalibur, L50, F|100\/100\n|switch|p1b: Kingambit|Kingambit, L50, F|100\/100\n|-activate|p1b: Kingambit|ability: Supreme Overlord\n|-start|p1b: Kingambit|fallen2|[silent]\n|turn|5\n|\n|t:|1699749426\n|move|p2b: Tornadus|Rain Dance|p2b: Tornadus\n|-weather|RainDance\n|move|p1a: Baxcalibur|Ice Shard|p2b: Tornadus\n|-supereffective|p2b: Tornadus\n|-damage|p2b: Tornadus|0 fnt\n|faint|p2b: Tornadus\n|move|p2a: Arcanine|Rock Slide|p1b: Kingambit|[spread] p1a,p1b\n|-supereffective|p1a: Baxcalibur\n|-resisted|p1b: Kingambit\n|-damage|p1a: Baxcalibur|20\/100\n|-damage|p1b: Kingambit|85\/100\n|move|p1b: Kingambit|Swords Dance|p1b: Kingambit\n|-boost|p1b: Kingambit|atk|2\n|\n|-weather|RainDance|[upkeep]\n|-sideend|p2: Yuri|move: Tailwind\n|upkeep\n|\n|t:|1699749442\n|switch|p2b: Urshifu|Urshifu-Rapid-Strike, L50, M|100\/100\n|turn|6\n|\n|t:|1699749465\n|move|p1a: Baxcalibur|Protect|p1a: Baxcalibur\n|-singleturn|p1a: Baxcalibur|Protect\n|move|p1b: Kingambit|Sucker Punch|p2a: Arcanine\n|-damage|p2a: Arcanine|0 fnt\n|faint|p2a: Arcanine\n|move|p2b: Urshifu|Surging Strikes|p1b: Kingambit\n|-crit|p1b: Kingambit\n|-damage|p1b: Kingambit|61\/100\n|-crit|p1b: Kingambit\n|-damage|p1b: Kingambit|38\/100\n|-crit|p1b: Kingambit\n|-damage|p1b: Kingambit|13\/100\n|-hitcount|p1b: Kingambit|3\n|\n|-weather|RainDance|[upkeep]\n|upkeep\n|turn|7\n|\n|t:|1699749490\n|move|p1a: Baxcalibur|Ice Shard|p2b: Urshifu\n|-resisted|p2b: Urshifu\n|-damage|p2b: Urshifu|91\/100\n|move|p1b: Kingambit|Sucker Punch|p2b: Urshifu\n|-resisted|p2b: Urshifu\n|-damage|p2b: Urshifu|39\/100\n|move|p2b: Urshifu|Surging Strikes|p1b: Kingambit\n|-crit|p1b: Kingambit\n|-damage|p1b: Kingambit|0 fnt\n|faint|p1b: Kingambit\n|-end|p1b: Kingambit|fallen2|[silent]\n|-hitcount|p1: Kingambit|1\n|\n|-weather|RainDance|[upkeep]\n|upkeep\n|turn|8\n|j| bb_hachi8\n|\n|t:|1699749550\n|move|p1a: Baxcalibur|Ice Shard|p2b: Urshifu\n|-resisted|p2b: Urshifu\n|-damage|p2b: Urshifu|28\/100\n|move|p2b: Urshifu|Surging Strikes|p1a: Baxcalibur\n|-resisted|p1a: Baxcalibur\n|-crit|p1a: Baxcalibur\n|-damage|p1a: Baxcalibur|3\/100\n|-resisted|p1a: Baxcalibur\n|-crit|p1a: Baxcalibur\n|-damage|p1a: Baxcalibur|0 fnt\n|faint|p1a: Baxcalibur\n|-hitcount|p1: Baxcalibur|2\n|\n|win|Yuri\n","uploadtime":1699749554,"views":9,"p1id":"lainshy","p2id":"yuri","formatid":"gen9vgc2023regulatione","rating":0,"private":0,"password":""}