{"id":"gen9vgc2023regulatione-1999171911","p1":"R u a Penguin","p2":"blazingfox4","format":"[Gen 9] VGC 2023 Regulation E","log":"|j|\u2606R u a Penguin\n|j|\u2606blazingfox4\n|t:|1701041163\n|gametype|doubles\n|player|p1|R u a Penguin|pokemaniac|1301\n|player|p2|blazingfox4|blackbelt-gen4|1287\n|teamsize|p1|6\n|teamsize|p2|6\n|gen|9\n|tier|[Gen 9] VGC 2023 Regulation E\n|rated|\n|rule|Species Clause: Limit one of each Pok\u00e9mon\n|rule|Item Clause: Limit one of each item\n|clearpoke\n|poke|p1|Torkoal, L50, F|\n|poke|p1|Kingambit, L50, F|\n|poke|p1|Cresselia, L50, F|\n|poke|p1|Ting-Lu, L50|\n|poke|p1|Glastrier, L50|\n|poke|p1|Farigiraf, L50, M|\n|poke|p2|Urshifu-*, L50, M|\n|poke|p2|Flutter Mane, L50|\n|poke|p2|Arcanine-Hisui, L50, M|\n|poke|p2|Iron Hands, L50|\n|poke|p2|Landorus-Therian, L50, M|\n|poke|p2|Tornadus, L50, M|\n|teampreview|4\n|inactive|Battle timer is ON: inactive players will automatically lose when time's up. (requested by blazingfox4)\n|inactive|R u a Penguin also wants the timer to be on.\n|inactive|R u a Penguin has 60 seconds left.\n|inactive|blazingfox4 has 60 seconds left.\n|\n|t:|1701041205\n|start\n|switch|p1a: Farigiraf|Farigiraf, L50, M|100\/100\n|switch|p1b: Kingambit|Kingambit, L50, F|100\/100\n|switch|p2a: Urshifu|Urshifu-Rapid-Strike, L50, M|100\/100\n|switch|p2b: Landorus|Landorus-Therian, L50, M|100\/100\n|-ability|p2b: Landorus|Intimidate|boost\n|-unboost|p1a: Farigiraf|atk|1\n|-unboost|p1b: Kingambit|atk|1\n|-ability|p1b: Kingambit|Defiant|boost\n|-boost|p1b: Kingambit|atk|2\n|turn|1\n|inactive|R u a Penguin has 30 seconds left.\n|\n|t:|1701041239\n|-terastallize|p2a: Urshifu|Water\n|-terastallize|p1b: Kingambit|Ghost\n|move|p2b: Landorus|Stomping Tantrum|p1b: Kingambit\n|-damage|p1b: Kingambit|64\/100\n|move|p2a: Urshifu|Surging Strikes|p1a: Farigiraf\n|-crit|p1a: Farigiraf\n|-damage|p1a: Farigiraf|64\/100\n|-crit|p1a: Farigiraf\n|-damage|p1a: Farigiraf|28\/100\n|-crit|p1a: Farigiraf\n|-damage|p1a: Farigiraf|0 fnt\n|faint|p1a: Farigiraf\n|-hitcount|p1: Farigiraf|3\n|move|p1b: Kingambit|Kowtow Cleave|p2b: Landorus\n|-damage|p2b: Landorus|0 fnt\n|faint|p2b: Landorus\n|\n|upkeep\n|\n|t:|1701041258\n|switch|p2b: Flutter Mane|Flutter Mane, L50|100\/100\n|switch|p1a: Torkoal|Torkoal, L50, F|100\/100\n|-weather|SunnyDay|[from] ability: Drought|[of] p1a: Torkoal\n|-activate|p2b: Flutter Mane|ability: Protosynthesis\n|-start|p2b: Flutter Mane|protosynthesisspe\n|turn|2\n|\n|t:|1701041265\n|move|p2b: Flutter Mane|Protect|p2b: Flutter Mane\n|-singleturn|p2b: Flutter Mane|Protect\n|move|p1b: Kingambit|Sucker Punch||[still]\n|-fail|p1b: Kingambit\n|move|p2a: Urshifu|Surging Strikes|p1b: Kingambit\n|-crit|p1b: Kingambit\n|-damage|p1b: Kingambit|51\/100\n|-crit|p1b: Kingambit\n|-damage|p1b: Kingambit|39\/100\n|-crit|p1b: Kingambit\n|-damage|p1b: Kingambit|26\/100\n|-hitcount|p1b: Kingambit|3\n|move|p1a: Torkoal|Heat Wave|p2a: Urshifu|[spread] p2a\n|-activate|p2b: Flutter Mane|move: Protect\n|-resisted|p2a: Urshifu\n|-damage|p2a: Urshifu|66\/100\n|\n|-weather|SunnyDay|[upkeep]\n|upkeep\n|turn|3\n|\n|t:|1701041285\n|-end|p2b: Flutter Mane|Protosynthesis|[silent]\n|switch|p2b: Iron Hands|Iron Hands, L50|100\/100\n|move|p1b: Kingambit|Sucker Punch||[still]\n|-fail|p1b: Kingambit\n|move|p2a: Urshifu|Surging Strikes|p1b: Kingambit\n|-crit|p1b: Kingambit\n|-damage|p1b: Kingambit|14\/100\n|-crit|p1b: Kingambit\n|-damage|p1b: Kingambit|2\/100\n|-crit|p1b: Kingambit\n|-damage|p1b: Kingambit|0 fnt\n|faint|p1b: Kingambit\n|-hitcount|p1: Kingambit|3\n|move|p1a: Torkoal|Eruption|p2a: Urshifu|[spread] p2a,p2b\n|-resisted|p2a: Urshifu\n|-damage|p2a: Urshifu|13\/100\n|-damage|p2b: Iron Hands|60\/100\n|\n|-weather|SunnyDay|[upkeep]\n|upkeep\n|\n|t:|1701041293\n|switch|p1b: Ting-Lu|Ting-Lu, L50|100\/100\n|-ability|p1b: Ting-Lu|Vessel of Ruin\n|turn|4\n|\n|t:|1701041313\n|move|p2b: Iron Hands|Fake Out|p1b: Ting-Lu\n|-damage|p1b: Ting-Lu|93\/100\n|move|p2a: Urshifu|Surging Strikes|p1a: Torkoal\n|-supereffective|p1a: Torkoal\n|-crit|p1a: Torkoal\n|-damage|p1a: Torkoal|76\/100\n|-supereffective|p1a: Torkoal\n|-crit|p1a: Torkoal\n|-damage|p1a: Torkoal|51\/100\n|-supereffective|p1a: Torkoal\n|-crit|p1a: Torkoal\n|-damage|p1a: Torkoal|27\/100\n|-hitcount|p1a: Torkoal|3\n|cant|p1b: Ting-Lu|flinch\n|move|p1a: Torkoal|Eruption|p2b: Iron Hands|[spread] p2a,p2b\n|-resisted|p2a: Urshifu\n|-damage|p2a: Urshifu|2\/100\n|-damage|p2b: Iron Hands|53\/100\n|\n|-weather|SunnyDay|[upkeep]\n|upkeep\n|turn|5\n|\n|t:|1701041336\n|move|p2a: Urshifu|Surging Strikes|p1b: Ting-Lu\n|-supereffective|p1b: Ting-Lu\n|-crit|p1b: Ting-Lu\n|-damage|p1b: Ting-Lu|78\/100\n|-supereffective|p1b: Ting-Lu\n|-crit|p1b: Ting-Lu\n|-damage|p1b: Ting-Lu|62\/100\n|-supereffective|p1b: Ting-Lu\n|-crit|p1b: Ting-Lu\n|-damage|p1b: Ting-Lu|46\/100\n|-hitcount|p1b: Ting-Lu|3\n|move|p2b: Iron Hands|Drain Punch|p1a: Torkoal\n|-damage|p1a: Torkoal|0 fnt\n|-heal|p2b: Iron Hands|60\/100|[from] drain|[of] p1a: Torkoal\n|faint|p1a: Torkoal\n|move|p1b: Ting-Lu|Heavy Slam|p2b: Iron Hands\n|-resisted|p2b: Iron Hands\n|-damage|p2b: Iron Hands|57\/100\n|\n|-weather|SunnyDay|[upkeep]\n|upkeep\n|turn|6\n|-message|R u a Penguin forfeited.\n|\n|win|blazingfox4\n|raw|R u a Penguin's rating: 1301 &rarr; <strong>1280<\/strong><br \/>(-21 for losing)\n|raw|blazingfox4's rating: 1287 &rarr; <strong>1313<\/strong><br \/>(+26 for winning)\n|l|\u2606R u a Penguin\n|l|\u2606blazingfox4\n|j|\u2606blazingfox4\n|player|p2|blazingfox4|blackbelt-gen4\n","uploadtime":1701041501,"views":2,"p1id":"ruapenguin","p2id":"blazingfox4","formatid":"gen9vgc2023regulatione","rating":1280,"private":0,"password":""}