{"id":"gen9vgc2023regulatione-1990194021","p1":"Collinator64","p2":"Rexluser","format":"[Gen 9] VGC 2023 Regulation E","log":"|j|\u2606Collinator64\n|j|\u2606Rexluser\n|t:|1699935523\n|gametype|doubles\n|player|p1|Collinator64|drayden|1000\n|player|p2|Rexluser|265|1069\n|teamsize|p1|6\n|teamsize|p2|6\n|gen|9\n|tier|[Gen 9] VGC 2023 Regulation E\n|rated|\n|rule|Species Clause: Limit one of each Pok\u00e9mon\n|rule|Item Clause: Limit one of each item\n|clearpoke\n|poke|p1|Cresselia, L50, F|\n|poke|p1|Ursaluna-Bloodmoon, L50, M|\n|poke|p1|Iron Hands, L50|\n|poke|p1|Ogerpon-Wellspring, L50, F|\n|poke|p1|Arcanine-Hisui, L50, M|\n|poke|p1|Flutter Mane, L50|\n|poke|p2|Enamorus, L50, F|\n|poke|p2|Passimian, L50, F|\n|poke|p2|Dugtrio-Alola, L50, F|\n|poke|p2|Tornadus, L50, M|\n|poke|p2|Farigiraf, L50, M|\n|poke|p2|Rillaboom, L50, M|\n|teampreview|4\n|inactive|Battle timer is ON: inactive players will automatically lose when time's up. (requested by Rexluser)\nCollinator64 has agreed to open team sheets.\n|\n|t:|1699935552\n|start\n|switch|p1a: Cresselia|Cresselia, L50, F|100\/100\n|switch|p1b: Iron Hands|Iron Hands, L50|100\/100\n|switch|p2a: Enamorus|Enamorus, L50, F|100\/100\n|switch|p2b: Passimian|Passimian, L50, F|100\/100\n|turn|1\n|\n|t:|1699935574\n|move|p2b: Passimian|Protect|p2b: Passimian\n|-singleturn|p2b: Passimian|Protect\n|move|p1b: Iron Hands|Fake Out|p2b: Passimian\n|-activate|p2b: Passimian|move: Protect\n|move|p2a: Enamorus|Misty Explosion|p1a: Cresselia|[spread] p1a,p1b\n|-activate|p2b: Passimian|move: Protect\n|-supereffective|p1b: Iron Hands\n|-damage|p1a: Cresselia|71\/100\n|-damage|p1b: Iron Hands|49\/100\n|faint|p2a: Enamorus\n|-ability|p2b: Passimian|Contrary|[from] ability: Receiver|[of] p2a: Enamorus\n|move|p1a: Cresselia|Trick Room|p1a: Cresselia\n|-fieldstart|move: Trick Room|[of] p1a: Cresselia\n|\n|upkeep\n|\n|t:|1699935587\n|switch|p2a: Dugtrio|Dugtrio-Alola, L50, F|100\/100\n|turn|2\n|\n|t:|1699935600\n|move|p1b: Iron Hands|Drain Punch|p2a: Dugtrio\n|-supereffective|p2a: Dugtrio\n|-damage|p2a: Dugtrio|0 fnt\n|-heal|p1b: Iron Hands|79\/100|[from] drain|[of] p2a: Dugtrio\n|-ability|p2a: Dugtrio|Tangling Hair\n|-unboost|p1b: Iron Hands|spe|1\n|faint|p2a: Dugtrio\n|move|p1a: Cresselia|Psychic|p2b: Passimian\n|-supereffective|p2b: Passimian\n|-damage|p2b: Passimian|51\/100\n|move|p2b: Passimian|Close Combat|p1b: Iron Hands\n|-damage|p1b: Iron Hands|44\/100\n|-boost|p2b: Passimian|def|1\n|-boost|p2b: Passimian|spd|1\n|\n|-heal|p2b: Passimian|57\/100|[from] item: Leftovers\n|upkeep\n|\n|t:|1699935612\n|switch|p2a: Rillaboom|Rillaboom, L50, M|100\/100\n|-fieldstart|move: Grassy Terrain|[from] ability: Grassy Surge|[of] p2a: Rillaboom\n|turn|3\n|\n|t:|1699935628\n|-terastallize|p2a: Rillaboom|Fire\n|move|p2a: Rillaboom|Fake Out|p1a: Cresselia\n|-damage|p1a: Cresselia|63\/100\n|move|p1b: Iron Hands|Wild Charge|p2b: Passimian\n|-damage|p2b: Passimian|23\/100\n|-damage|p1b: Iron Hands|36\/100|[from] Recoil\n|cant|p1a: Cresselia|flinch\n|move|p2b: Passimian|Close Combat|p1b: Iron Hands\n|-damage|p1b: Iron Hands|0 fnt\n|-boost|p2b: Passimian|def|1\n|-boost|p2b: Passimian|spd|1\n|faint|p1b: Iron Hands\n|-end|p1b: Iron Hands|Quark Drive|[silent]\n|\n|-heal|p2b: Passimian|29\/100|[from] Grassy Terrain\n|-heal|p2b: Passimian|35\/100|[from] item: Leftovers\n|upkeep\n|\n|t:|1699935641\n|switch|p1b: Arcanine|Arcanine-Hisui, L50, M|100\/100\n|-ability|p1b: Arcanine|Intimidate|boost\n|-unboost|p2a: Rillaboom|atk|1\n|-boost|p2b: Passimian|atk|1\n|turn|4\n|\n|t:|1699935656\n|move|p1a: Cresselia|Psychic|p2b: Passimian\n|-supereffective|p2b: Passimian\n|-damage|p2b: Passimian|6\/100\n|-boost|p2b: Passimian|spd|1\n|move|p2a: Rillaboom|Drum Beating|p1a: Cresselia\n|-damage|p1a: Cresselia|40\/100\n|-unboost|p1a: Cresselia|spe|1\n|move|p2b: Passimian|Drain Punch|p1b: Arcanine\n|-supereffective|p1b: Arcanine\n|-damage|p1b: Arcanine|0 fnt\n|-heal|p2b: Passimian|58\/100|[from] drain|[of] p1b: Arcanine\n|faint|p1b: Arcanine\n|\n|-heal|p2b: Passimian|64\/100|[from] Grassy Terrain\n|-heal|p2b: Passimian|70\/100|[from] item: Leftovers\n|upkeep\n|\n|t:|1699935671\n|switch|p1b: Ursaluna|Ursaluna-Bloodmoon, L50, M|100\/100\n|turn|5\n|inactive|Collinator64 has 30 seconds left.\n|inactive|Collinator64 has 20 seconds left.\n|\n|t:|1699935707\n|-terastallize|p1b: Ursaluna|Grass\n|move|p1a: Cresselia|Psychic|p2b: Passimian\n|-supereffective|p2b: Passimian\n|-damage|p2b: Passimian|48\/100\n|move|p1b: Ursaluna|Blood Moon|p2b: Passimian\n|-damage|p2b: Passimian|14\/100\n|move|p2a: Rillaboom|Drum Beating|p1a: Cresselia\n|-damage|p1a: Cresselia|19\/100\n|-unboost|p1a: Cresselia|spe|1\n|move|p2b: Passimian|Drain Punch|p1b: Ursaluna\n|-damage|p1b: Ursaluna|63\/100\n|-heal|p2b: Passimian|35\/100|[from] drain|[of] p1b: Ursaluna\n|\n|-heal|p1b: Ursaluna|69\/100|[from] Grassy Terrain\n|-heal|p2b: Passimian|41\/100|[from] Grassy Terrain\n|-heal|p2b: Passimian|47\/100|[from] item: Leftovers\n|-fieldend|move: Trick Room\n|upkeep\n|turn|6\n|inactive|Rexluser has 30 seconds left.\n|inactive|Rexluser has 20 seconds left.\n|inactive|Rexluser has 15 seconds left.\n|\n|t:|1699935748\n|move|p2b: Passimian|Drain Punch|p1a: Cresselia\n|-resisted|p1a: Cresselia\n|-damage|p1a: Cresselia|2\/100\n|-heal|p2b: Passimian|57\/100|[from] drain|[of] p1a: Cresselia\n|move|p2a: Rillaboom|Brick Break|p1b: Ursaluna\n|-damage|p1b: Ursaluna|57\/100\n|move|p1b: Ursaluna|Hyper Voice|p2a: Rillaboom|[spread] p2a,p2b\n|-damage|p2a: Rillaboom|74\/100\n|-damage|p2b: Passimian|42\/100\n|-enditem|p1b: Ursaluna|Throat Spray\n|-boost|p1b: Ursaluna|spa|1|[from] item: Throat Spray\n|move|p1a: Cresselia|Trick Room|p1a: Cresselia\n|-fieldstart|move: Trick Room|[of] p1a: Cresselia\n|\n|-heal|p1b: Ursaluna|63\/100|[from] Grassy Terrain\n|-heal|p2a: Rillaboom|80\/100|[from] Grassy Terrain\n|-heal|p2b: Passimian|49\/100|[from] Grassy Terrain\n|-heal|p2b: Passimian|55\/100|[from] item: Leftovers\n|upkeep\n|turn|7\n|-message|Collinator64 forfeited.\n|\n|win|Rexluser\n|raw|Collinator64's rating: 1000 &rarr; <strong>1000<\/strong><br \/>(+0 for losing)\n|raw|Rexluser's rating: 1069 &rarr; <strong>1093<\/strong><br \/>(+24 for winning)\n|l|\u2606Collinator64\n","uploadtime":1699935768,"views":7,"p1id":"collinator64","p2id":"rexluser","formatid":"gen9vgc2023regulatione","rating":1000,"private":0,"password":""}