{"id":"gen9vgc2023regulatione-1998477077","p1":"SquidBox","p2":"cygnusx1018","format":"[Gen 9] VGC 2023 Regulation E","log":"|j|\u2606SquidBox\n|j|\u2606cygnusx1018\n|t:|1700946716\n|gametype|doubles\n|player|p1|SquidBox|cyrus|\n|player|p2|cygnusx1018|169|\n|teamsize|p1|6\n|teamsize|p2|6\n|gen|9\n|tier|[Gen 9] VGC 2023 Regulation E\n|rule|Species Clause: Limit one of each Pok\u00e9mon\n|rule|Item Clause: Limit one of each item\n|clearpoke\n|poke|p1|Slaking, L50, M|\n|poke|p1|Ribombee, L50, M|\n|poke|p1|Talonflame, L50, M|\n|poke|p1|Walking Wake, L50|\n|poke|p1|Qwilfish-Hisui, L50, M|\n|poke|p1|Uxie, L50|\n|poke|p2|Ditto, L50|\n|poke|p2|Gyarados, L50, F|\n|poke|p2|Stonjourner, L50, M|\n|poke|p2|Tornadus, L50, M|\n|poke|p2|Chi-Yu, L50|\n|poke|p2|Chien-Pao, L50|\n|teampreview|4\n|inactive|Battle timer is ON: inactive players will automatically lose when time's up. (requested by SquidBox)\ncygnusx1018 rejected open team sheets.\n|inactive|SquidBox has 60 seconds left.\n|\n|t:|1700946747\n|start\n|switch|p1a: Slaking|Slaking, L50, M|100\/100\n|switch|p1b: Ribombee|Ribombee, L50, M|100\/100\n|switch|p2a: WEEEEEEE (U)|Tornadus, L50, M|100\/100\n|switch|p2b: Magic Karp 2.0|Chi-Yu, L50|100\/100\n|-ability|p2b: Magic Karp 2.0|Beads of Ruin\n|turn|1\n|inactive|SquidBox has 30 seconds left.\n|inactive|cygnusx1018 has 30 seconds left.\n|inactive|SquidBox has 20 seconds left.\n|inactive|SquidBox has 15 seconds left.\n|inactive|SquidBox has 10 seconds left.\n|\n|t:|1700946793\n|move|p2a: WEEEEEEE (U)|Taunt|p1b: Ribombee\n|-start|p1b: Ribombee|move: Taunt\n|cant|p1b: Ribombee|move: Taunt|Skill Swap\n|move|p2b: Magic Karp 2.0|Heat Wave|p1b: Ribombee|[spread] p1a,p1b\n|-supereffective|p1b: Ribombee\n|-damage|p1a: Slaking|48\/100\n|-enditem|p1b: Ribombee|Focus Sash\n|-damage|p1b: Ribombee|1\/100\n|move|p1a: Slaking|Drain Punch|p2b: Magic Karp 2.0\n|-supereffective|p2b: Magic Karp 2.0\n|-damage|p2b: Magic Karp 2.0|0 fnt\n|-heal|p1a: Slaking|73\/100|[from] drain|[of] p2b: Magic Karp 2.0\n|faint|p2b: Magic Karp 2.0\n|\n|upkeep\n|\n|t:|1700946809\n|switch|p2b: Kung Pao. Chimken|Chien-Pao, L50|100\/100\n|-ability|p2b: Kung Pao. Chimken|Sword of Ruin\n|turn|2\n|inactive|SquidBox has 30 seconds left.\n|inactive|cygnusx1018 has 30 seconds left.\n|\n|t:|1700946842\n|switch|p1b: Qwilfish|Qwilfish-Hisui, L50, M|100\/100\n|-ability|p1b: Qwilfish|Intimidate|boost\n|-unboost|p2a: WEEEEEEE (U)|atk|1\n|-unboost|p2b: Kung Pao. Chimken|atk|1\n|switch|p1a: Uxie|Uxie, L50|100\/100\n|move|p2a: WEEEEEEE (U)|Tailwind|p2a: WEEEEEEE (U)\n|-sidestart|p2: cygnusx1018|move: Tailwind\n|move|p2b: Kung Pao. Chimken|Crunch|p1b: Qwilfish\n|-resisted|p1b: Qwilfish\n|-damage|p1b: Qwilfish|83\/100\n|-unboost|p1b: Qwilfish|def|1\n|-damage|p2b: Kung Pao. Chimken|91\/100|[from] item: Life Orb\n|\n|upkeep\n|turn|3\n|inactive|SquidBox has 30 seconds left.\n|inactive|cygnusx1018 has 30 seconds left.\n|inactive|SquidBox has 20 seconds left.\n|\n|t:|1700946878\n|-terastallize|p1a: Uxie|Fairy\n|move|p2a: WEEEEEEE (U)|Rain Dance|p2a: WEEEEEEE (U)\n|-weather|RainDance\n|move|p2b: Kung Pao. Chimken|Ice Spinner|p1b: Qwilfish\n|-damage|p1b: Qwilfish|30\/100\n|-damage|p2b: Kung Pao. Chimken|81\/100|[from] item: Life Orb\n|move|p1a: Uxie|Reflect|p1a: Uxie\n|-sidestart|p1: SquidBox|Reflect\n|move|p1b: Qwilfish|Barb Barrage|p2a: WEEEEEEE (U)\n|-damage|p2a: WEEEEEEE (U)|62\/100\n|-status|p2a: WEEEEEEE (U)|psn\n|\n|-weather|RainDance|[upkeep]\n|-damage|p2a: WEEEEEEE (U)|50\/100 psn|[from] psn\n|upkeep\n|turn|4\n|inactive|SquidBox has 30 seconds left.\n|\n|t:|1700946913\n|move|p1a: Uxie|Ally Switch|p1a: Uxie\n|swap|p1a: Uxie|1|[from] move: Ally Switch\n|move|p2b: Kung Pao. Chimken|Sacred Sword|p1b: Uxie\n|-resisted|p1b: Uxie\n|-damage|p1b: Uxie|92\/100\n|-damage|p2b: Kung Pao. Chimken|71\/100|[from] item: Life Orb\n|move|p2a: WEEEEEEE (U)|Bleakwind Storm|p1a: Qwilfish|[spread] p1a,p1b\n|-damage|p1a: Qwilfish|0 fnt\n|-damage|p1b: Uxie|65\/100\n|faint|p1a: Qwilfish\n|\n|-weather|RainDance|[upkeep]\n|-damage|p2a: WEEEEEEE (U)|38\/100 psn|[from] psn\n|upkeep\n|\n|t:|1700946923\n|switch|p1a: Slaking|Slaking, L50, M|73\/100\n|turn|5\n|\n|t:|1700946932\n|switch|p2b: Im You But Better|Ditto, L50|100\/100\n|-transform|p2b: Im You But Better|p1a: Slaking|[from] ability: Imposter\n|move|p2a: WEEEEEEE (U)|Bleakwind Storm|p1a: Slaking|[spread] p1a,p1b\n|-damage|p1a: Slaking|36\/100\n|-damage|p1b: Uxie|37\/100\n|move|p1a: Slaking|Body Slam|p2a: WEEEEEEE (U)\n|-damage|p2a: WEEEEEEE (U)|0 fnt\n|faint|p2a: WEEEEEEE (U)\n|move|p1b: Uxie|Knock Off|p2b: Im You But Better\n|-damage|p2b: Im You But Better|80\/100\n|-enditem|p2b: Im You But Better|Choice Scarf|[from] move: Knock Off|[of] p1b: Uxie\n|\n|-weather|RainDance|[upkeep]\n|-sideend|p2: cygnusx1018|move: Tailwind\n|upkeep\n|\n|t:|1700946947\n|switch|p2a: Kung Pao. Chimken|Chien-Pao, L50|71\/100\n|-ability|p2a: Kung Pao. Chimken|Sword of Ruin\n|turn|6\n|\n|t:|1700946971\n|move|p2a: Kung Pao. Chimken|Sacred Sword|p1b: Uxie\n|-resisted|p1b: Uxie\n|-damage|p1b: Uxie|23\/100\n|-damage|p2a: Kung Pao. Chimken|61\/100|[from] item: Life Orb\n|move|p2b: Im You But Better|Drain Punch|p1a: Slaking\n|-supereffective|p1a: Slaking\n|-damage|p1a: Slaking|0 fnt\n|-heal|p2b: Im You But Better|100\/100|[from] drain|[of] p1a: Slaking\n|faint|p1a: Slaking\n|move|p1b: Uxie|Knock Off|p2a: Kung Pao. Chimken\n|-resisted|p2a: Kung Pao. Chimken\n|-damage|p2a: Kung Pao. Chimken|50\/100\n|-enditem|p2a: Kung Pao. Chimken|Life Orb|[from] move: Knock Off|[of] p1b: Uxie\n|\n|-weather|RainDance|[upkeep]\n|upkeep\n|\n|t:|1700946977\n|switch|p1a: Ribombee|Ribombee, L50, M|1\/100\n|turn|7\n|inactive|SquidBox has 30 seconds left.\n|inactive|cygnusx1018 has 30 seconds left.\n|inactive|SquidBox has 20 seconds left.\n|\n|t:|1700947013\n|cant|p2b: Im You But Better|ability: Truant\n|move|p1a: Ribombee|Pollen Puff|p2a: Kung Pao. Chimken\n|-supereffective|p2a: Kung Pao. Chimken\n|-damage|p2a: Kung Pao. Chimken|0 fnt\n|faint|p2a: Kung Pao. Chimken\n|move|p1b: Uxie|Knock Off|p2b: Im You But Better\n|-damage|p2b: Im You But Better|88\/100\n|\n|-weather|none\n|upkeep\n|turn|8\n|\n|t:|1700947037\n|-terastallize|p2b: Im You But Better|Normal\n|move|p1a: Ribombee|Pollen Puff|p1b: Uxie\n|-heal|p1b: Uxie|73\/100\n|move|p2b: Im You But Better|Body Slam|p1b: Uxie\n|-damage|p1b: Uxie|38\/100\n|move|p1b: Uxie|Knock Off|p2b: Im You But Better\n|-damage|p2b: Im You But Better|76\/100\n|\n|upkeep\n|turn|9\n|\n|t:|1700947052\n|move|p1a: Ribombee|Pollen Puff|p2b: Im You But Better\n|-damage|p2b: Im You But Better|26\/100\n|cant|p2b: Im You But Better|ability: Truant\n|move|p1b: Uxie|Knock Off|p2b: Im You But Better\n|-damage|p2b: Im You But Better|13\/100\n|\n|upkeep\n|turn|10\n|\n|t:|1700947070\n|move|p1a: Ribombee|Pollen Puff|p2b: Im You But Better\n|-damage|p2b: Im You But Better|0 fnt\n|faint|p2b: Im You But Better\n|\n|win|SquidBox\n","uploadtime":1700947077,"views":24,"p1id":"squidbox","p2id":"cygnusx1018","formatid":"gen9vgc2023regulatione","rating":0,"private":0,"password":""}