{"id":"gen9vgc2023regulatione-1994034441","p1":"sbll","p2":"GroundNecton","format":"[Gen 9] VGC 2023 Regulation E","log":"|j|\u2606sbll\n|j|\u2606GroundNecton\n|t:|1700397343\n|gametype|doubles\n|player|p1|sbll|scientistf|1343\n|player|p2|GroundNecton|aaron|1352\n|teamsize|p1|6\n|teamsize|p2|6\n|gen|9\n|tier|[Gen 9] VGC 2023 Regulation E\n|rated|\n|rule|Species Clause: Limit one of each Pok\u00e9mon\n|rule|Item Clause: Limit one of each item\n|clearpoke\n|poke|p1|Sylveon, L50, M|\n|poke|p1|Chi-Yu, L50|\n|poke|p1|Iron Bundle, L50|\n|poke|p1|Iron Hands, L50|\n|poke|p1|Sinistcha, L50|\n|poke|p1|Corviknight, L50, F|\n|poke|p2|Chien-Pao, L50|\n|poke|p2|Urshifu-*, L50, M|\n|poke|p2|Chi-Yu, L50|\n|poke|p2|Flutter Mane, L50|\n|poke|p2|Dragonite, L50, F|\n|poke|p2|Rillaboom, L50, F|\n|teampreview|4\n|inactive|Battle timer is ON: inactive players will automatically lose when time's up. (requested by GroundNecton)\n|inactive|sbll has 60 seconds left.\n|inactive|sbll has 30 seconds left.\n|inactive|sbll has 20 seconds left.\n|\n|t:|1700397498\n|start\n|switch|p1a: Ross|Sylveon, L50, M|100\/100\n|switch|p1b: Handsoap|Iron Hands, L50, shiny|100\/100\n|switch|p2a: \ub0a0\uac1c\uce58\ub294\uba38\ub9ac|Flutter Mane, L50|100\/100\n|switch|p2b: \uc704\uc720\uc774|Chi-Yu, L50|100\/100\n|-ability|p2b: \uc704\uc720\uc774|Beads of Ruin\n|-enditem|p2a: \ub0a0\uac1c\uce58\ub294\uba38\ub9ac|Booster Energy\n|-activate|p2a: \ub0a0\uac1c\uce58\ub294\uba38\ub9ac|ability: Protosynthesis|[fromitem]\n|-start|p2a: \ub0a0\uac1c\uce58\ub294\uba38\ub9ac|protosynthesisspe\n|turn|1\n|inactive|sbll has 30 seconds left.\n|inactive|GroundNecton has 30 seconds left.\n|inactive|sbll has 20 seconds left.\n|inactive|GroundNecton has 20 seconds left.\n|\n|t:|1700397537\n|-terastallize|p2b: \uc704\uc720\uc774|Fire\n|-terastallize|p1a: Ross|Fire\n|move|p1b: Handsoap|Fake Out|p2b: \uc704\uc720\uc774\n|-damage|p2b: \uc704\uc720\uc774|72\/100\n|move|p2a: \ub0a0\uac1c\uce58\ub294\uba38\ub9ac|Moonblast|p1b: Handsoap\n|-supereffective|p1b: Handsoap\n|-damage|p1b: Handsoap|32\/100\n|cant|p2b: \uc704\uc720\uc774|flinch\n|move|p1a: Ross|Hyper Voice|p2a: \ub0a0\uac1c\uce58\ub294\uba38\ub9ac|[spread] p2a,p2b\n|-resisted|p2b: \uc704\uc720\uc774\n|-damage|p2a: \ub0a0\uac1c\uce58\ub294\uba38\ub9ac|65\/100\n|-damage|p2b: \uc704\uc720\uc774|56\/100\n|\n|upkeep\n|turn|2\n|inactive|sbll has 30 seconds left.\n|inactive|GroundNecton has 30 seconds left.\n|inactive|sbll has 20 seconds left.\n|inactive|GroundNecton has 20 seconds left.\n|inactive|sbll has 15 seconds left.\n|\n|t:|1700397579\n|-end|p1b: Handsoap|Quark Drive|[silent]\n|switch|p1b: Chi-Yu|Chi-Yu, L50|100\/100\n|-ability|p1b: Chi-Yu|Beads of Ruin\n|move|p2a: \ub0a0\uac1c\uce58\ub294\uba38\ub9ac|Shadow Ball|p1a: Ross\n|-damage|p1a: Ross|61\/100\n|move|p2b: \uc704\uc720\uc774|Heat Wave|p1b: Chi-Yu|[spread] p1a,p1b\n|-resisted|p1a: Ross\n|-resisted|p1b: Chi-Yu\n|-damage|p1a: Ross|20\/100\n|-damage|p1b: Chi-Yu|52\/100\n|move|p1a: Ross|Calm Mind|p1a: Ross\n|-boost|p1a: Ross|spa|1\n|-boost|p1a: Ross|spd|1\n|\n|-heal|p1a: Ross|26\/100|[from] item: Leftovers\n|upkeep\n|turn|3\n|inactive|sbll has 30 seconds left.\n|\n|t:|1700397612\n|move|p1b: Chi-Yu|Protect|p1b: Chi-Yu\n|-singleturn|p1b: Chi-Yu|Protect\n|move|p1a: Ross|Protect|p1a: Ross\n|-singleturn|p1a: Ross|Protect\n|move|p2a: \ub0a0\uac1c\uce58\ub294\uba38\ub9ac|Icy Wind|p1a: Ross|[spread] \n|-activate|p1a: Ross|move: Protect\n|-activate|p1b: Chi-Yu|move: Protect\n|move|p2b: \uc704\uc720\uc774|Heat Wave|p1b: Chi-Yu|[spread] \n|-activate|p1a: Ross|move: Protect\n|-activate|p1b: Chi-Yu|move: Protect\n|\n|-heal|p1a: Ross|32\/100|[from] item: Leftovers\n|upkeep\n|turn|4\n|inactive|sbll has 30 seconds left.\n|\n|t:|1700397645\n|move|p2a: \ub0a0\uac1c\uce58\ub294\uba38\ub9ac|Icy Wind|p1b: Chi-Yu|[spread] p1a,p1b\n|-resisted|p1a: Ross\n|-resisted|p1b: Chi-Yu\n|-damage|p1a: Ross|28\/100\n|-damage|p1b: Chi-Yu|45\/100\n|-unboost|p1a: Ross|spe|1\n|-unboost|p1b: Chi-Yu|spe|1\n|move|p2b: \uc704\uc720\uc774|Heat Wave|p1a: Ross|[spread] p1a,p1b\n|-resisted|p1a: Ross\n|-resisted|p1b: Chi-Yu\n|-damage|p1a: Ross|0 fnt\n|-damage|p1b: Chi-Yu|0 fnt\n|faint|p1a: Ross\n|faint|p1b: Chi-Yu\n|\n|upkeep\n|\n|t:|1700397658\n|switch|p1b: Handsoap|Iron Hands, L50, shiny|32\/100\n|switch|p1a: Troms\u00f8|Iron Bundle, L50|100\/100\n|-enditem|p1a: Troms\u00f8|Booster Energy\n|-activate|p1a: Troms\u00f8|ability: Quark Drive|[fromitem]\n|-start|p1a: Troms\u00f8|quarkdrivespe\n|turn|5\n|inactive|GroundNecton has 30 seconds left.\n|\n|t:|1700397687\n|switch|p2b: \uc6b0\ub77c\uc624\uc2a4|Urshifu-Rapid-Strike, L50, M|100\/100\n|move|p2a: \ub0a0\uac1c\uce58\ub294\uba38\ub9ac|Icy Wind|p1a: Troms\u00f8|[spread] p1a,p1b\n|-resisted|p1a: Troms\u00f8\n|-damage|p1a: Troms\u00f8|96\/100\n|-damage|p1b: Handsoap|24\/100\n|-unboost|p1a: Troms\u00f8|spe|1\n|-unboost|p1b: Handsoap|spe|1\n|move|p1a: Troms\u00f8|Hydro Pump|p2b: \uc6b0\ub77c\uc624\uc2a4\n|-resisted|p2b: \uc6b0\ub77c\uc624\uc2a4\n|-damage|p2b: \uc6b0\ub77c\uc624\uc2a4|62\/100\n|move|p1b: Handsoap|Heavy Slam|p2a: \ub0a0\uac1c\uce58\ub294\uba38\ub9ac\n|-supereffective|p2a: \ub0a0\uac1c\uce58\ub294\uba38\ub9ac\n|-damage|p2a: \ub0a0\uac1c\uce58\ub294\uba38\ub9ac|0 fnt\n|faint|p2a: \ub0a0\uac1c\uce58\ub294\uba38\ub9ac\n|-end|p2a: \ub0a0\uac1c\uce58\ub294\uba38\ub9ac|Protosynthesis|[silent]\n|\n|upkeep\n|inactive|GroundNecton has 30 seconds left.\n|\n|t:|1700397716\n|switch|p2a: \uc704\uc720\uc774|Chi-Yu, L50, tera:Fire|56\/100\n|-ability|p2a: \uc704\uc720\uc774|Beads of Ruin\n|turn|6\n|\n|t:|1700397728\n|move|p1a: Troms\u00f8|Hydro Pump|p2a: \uc704\uc720\uc774\n|-supereffective|p2a: \uc704\uc720\uc774\n|-crit|p2a: \uc704\uc720\uc774\n|-damage|p2a: \uc704\uc720\uc774|0 fnt\n|faint|p2a: \uc704\uc720\uc774\n|move|p2b: \uc6b0\ub77c\uc624\uc2a4|Close Combat|p1a: Troms\u00f8\n|-supereffective|p1a: Troms\u00f8\n|-damage|p1a: Troms\u00f8|0 fnt\n|-unboost|p2b: \uc6b0\ub77c\uc624\uc2a4|def|1\n|-unboost|p2b: \uc6b0\ub77c\uc624\uc2a4|spd|1\n|faint|p1a: Troms\u00f8\n|-end|p1a: Troms\u00f8|Quark Drive|[silent]\n|move|p1b: Handsoap|Wild Charge|p2b: \uc6b0\ub77c\uc624\uc2a4\n|-supereffective|p2b: \uc6b0\ub77c\uc624\uc2a4\n|-damage|p2b: \uc6b0\ub77c\uc624\uc2a4|0 fnt\n|faint|p2b: \uc6b0\ub77c\uc624\uc2a4\n|-damage|p1b: Handsoap|13\/100|[from] Recoil\n|\n|upkeep\n|\n|t:|1700397743\n|switch|p2a: \ud30c\uc624\uc820|Chien-Pao, L50|100\/100\n|-ability|p2a: \ud30c\uc624\uc820|Sword of Ruin\n|turn|7\n|\n|t:|1700397756\n|move|p2a: \ud30c\uc624\uc820|Crunch|p1b: Handsoap\n|-resisted|p1b: Handsoap\n|-damage|p1b: Handsoap|0 fnt\n|faint|p1b: Handsoap\n|-end|p1b: Handsoap|Quark Drive|[silent]\n|\n|win|GroundNecton\n|raw|sbll's rating: 1343 &rarr; <strong>1324<\/strong><br \/>(-19 for losing)\n|raw|GroundNecton's rating: 1352 &rarr; <strong>1371<\/strong><br \/>(+19 for winning)\n","uploadtime":1700397761,"views":6,"p1id":"sbll","p2id":"groundnecton","formatid":"gen9vgc2023regulatione","rating":1324,"private":0,"password":""}