{"id":"gen9vgc2023regulatione-1987954599","p1":"Hornet G","p2":"pr1ncip3","format":"[Gen 9] VGC 2023 Regulation E","log":"|j|\u2606Hornet G\n|j|\u2606pr1ncip3\n|t:|1699652753\n|gametype|doubles\n|player|p1|Hornet G|265|1252\n|player|p2|pr1ncip3|102|1356\n|teamsize|p1|6\n|teamsize|p2|6\n|gen|9\n|tier|[Gen 9] VGC 2023 Regulation E\n|rated|\n|rule|Species Clause: Limit one of each Pok\u00e9mon\n|rule|Item Clause: Limit one of each item\n|clearpoke\n|poke|p1|Klefki, L50, F|\n|poke|p1|Moltres-Galar, L50|\n|poke|p1|Sinistcha, L50|\n|poke|p1|Arcanine-Hisui, L50, M|\n|poke|p1|Milotic, L50, F|\n|poke|p1|Dragonite, L50, M|\n|poke|p2|Tornadus, L50, M|\n|poke|p2|Arcanine-Hisui, L50, M|\n|poke|p2|Iron Hands, L50|\n|poke|p2|Gholdengo, L50|\n|poke|p2|Urshifu-*, L50, M|\n|poke|p2|Ogerpon-Wellspring, L50, F|\n|teampreview|4\n|\n|t:|1699652806\n|start\n|switch|p1a: Moltres|Moltres-Galar, L50|100\/100\n|switch|p1b: Klefki|Klefki, L50, F|100\/100\n|switch|p2a: Tornadus|Tornadus, L50, M|100\/100\n|switch|p2b: Arcanine|Arcanine-Hisui, L50, M|100\/100\n|-ability|p2b: Arcanine|Intimidate|boost\n|-unboost|p1a: Moltres|atk|1\n|-unboost|p1b: Klefki|atk|1\n|turn|1\n|\n|t:|1699652857\n|switch|p1a: Milotic|Milotic, L50, F|100\/100\n|-terastallize|p2b: Arcanine|Fairy\n|move|p2a: Tornadus|Taunt|p1b: Klefki\n|-start|p1b: Klefki|move: Taunt\n|cant|p1b: Klefki|move: Taunt|Reflect\n|move|p2b: Arcanine|Tera Blast|p1a: Milotic|[anim] Tera Blast Fairy\n|-damage|p1a: Milotic|48\/100\n|\n|-heal|p1a: Milotic|54\/100|[from] item: Leftovers\n|upkeep\n|turn|2\n|\n|t:|1699652891\n|switch|p2b: Iron Hands|Iron Hands, L50|100\/100\n|move|p2a: Tornadus|Taunt|p1a: Milotic\n|-start|p1a: Milotic|move: Taunt\n|cant|p1a: Milotic|move: Taunt|Recover\n|move|p1b: Klefki|Dazzling Gleam|p2a: Tornadus|[spread] p2a,p2b\n|-supereffective|p2b: Iron Hands\n|-damage|p2a: Tornadus|84\/100\n|-damage|p2b: Iron Hands|83\/100\n|\n|-heal|p1a: Milotic|60\/100|[from] item: Leftovers\n|upkeep\n|turn|3\n|\n|t:|1699652921\n|switch|p1a: Sinistcha|Sinistcha, L50|100\/100\n|move|p2a: Tornadus|Bleakwind Storm|p1a: Sinistcha|[spread] p1a,p1b\n|-supereffective|p1a: Sinistcha\n|-resisted|p1b: Klefki\n|-damage|p1a: Sinistcha|29\/100\n|-damage|p1b: Klefki|80\/100\n|move|p1b: Klefki|Dazzling Gleam|p2a: Tornadus|[spread] p2a,p2b\n|-supereffective|p2b: Iron Hands\n|-damage|p2a: Tornadus|70\/100\n|-damage|p2b: Iron Hands|65\/100\n|move|p2b: Iron Hands|Wild Charge|p1a: Sinistcha\n|-resisted|p1a: Sinistcha\n|-damage|p1a: Sinistcha|9\/100\n|-damage|p2b: Iron Hands|61\/100|[from] Recoil\n|\n|-end|p1b: Klefki|move: Taunt\n|upkeep\n|turn|4\n|\n|t:|1699652955\n|move|p1a: Sinistcha|Rage Powder|p1a: Sinistcha\n|-singleturn|p1a: Sinistcha|move: Rage Powder\n|move|p1b: Klefki|Reflect|p1b: Klefki\n|-sidestart|p1: Hornet G|Reflect\n|move|p2a: Tornadus|Bleakwind Storm|p1b: Klefki|[spread] p1a,p1b\n|-supereffective|p1a: Sinistcha\n|-resisted|p1b: Klefki\n|-damage|p1a: Sinistcha|0 fnt\n|-damage|p1b: Klefki|60\/100\n|faint|p1a: Sinistcha\n|move|p2b: Iron Hands|Wild Charge|p1b: Klefki\n|-damage|p1b: Klefki|25\/100\n|-damage|p2b: Iron Hands|55\/100|[from] Recoil\n|\n|upkeep\n|\n|t:|1699652965\n|switch|p1a: Moltres|Moltres-Galar, L50|100\/100\n|turn|5\n|\n|t:|1699652983\n|-terastallize|p1a: Moltres|Poison\n|move|p2a: Tornadus|Taunt|p1a: Moltres\n|-start|p1a: Moltres|move: Taunt\n|move|p1b: Klefki|Thunder Wave|p2a: Tornadus\n|-status|p2a: Tornadus|par\n|cant|p1a: Moltres|move: Taunt|Nasty Plot\n|move|p2b: Iron Hands|Wild Charge|p1b: Klefki\n|-damage|p1b: Klefki|0 fnt\n|faint|p1b: Klefki\n|-damage|p2b: Iron Hands|51\/100|[from] Recoil\n|\n|upkeep\n|\n|t:|1699652992\n|switch|p1b: Milotic|Milotic, L50, F|60\/100\n|turn|6\n|\n|t:|1699653007\n|move|p2a: Tornadus|Tailwind|p2a: Tornadus\n|-sidestart|p2: pr1ncip3|move: Tailwind\n|move|p2b: Iron Hands|Wild Charge|p1b: Milotic\n|-supereffective|p1b: Milotic\n|-damage|p1b: Milotic|11\/100\n|-damage|p2b: Iron Hands|41\/100|[from] Recoil\n|move|p1a: Moltres|Fiery Wrath|p2a: Tornadus|[spread] p2a,p2b\n|-resisted|p2b: Iron Hands\n|-damage|p2a: Tornadus|44\/100 par\n|-damage|p2b: Iron Hands|35\/100\n|move|p1b: Milotic|Scald|p2b: Iron Hands\n|-damage|p2b: Iron Hands|21\/100\n|\n|-heal|p1b: Milotic|17\/100|[from] item: Leftovers\n|upkeep\n|turn|7\n|\n|t:|1699653047\n|move|p2a: Tornadus|Taunt|p1b: Milotic\n|-start|p1b: Milotic|move: Taunt\n|move|p2b: Iron Hands|Drain Punch|p1b: Milotic\n|-damage|p1b: Milotic|0 fnt\n|-heal|p2b: Iron Hands|28\/100|[from] drain|[of] p1b: Milotic\n|faint|p1b: Milotic\n|move|p1a: Moltres|Fiery Wrath|p2b: Iron Hands|[spread] p2a,p2b\n|-resisted|p2b: Iron Hands\n|-damage|p2a: Tornadus|21\/100 par\n|-damage|p2b: Iron Hands|20\/100\n|\n|-end|p1a: Moltres|move: Taunt\n|upkeep\n|turn|8\n|\n|t:|1699653067\n|move|p2a: Tornadus|Taunt|p1a: Moltres\n|-start|p1a: Moltres|move: Taunt\n|move|p2b: Iron Hands|Wild Charge|p1a: Moltres\n|-damage|p1a: Moltres|71\/100\n|-damage|p2b: Iron Hands|15\/100|[from] Recoil\n|move|p1a: Moltres|Fiery Wrath|p2b: Iron Hands|[spread] p2a,p2b\n|-resisted|p2b: Iron Hands\n|-damage|p2a: Tornadus|0 fnt\n|-damage|p2b: Iron Hands|8\/100\n|faint|p2a: Tornadus\n|\n|upkeep\n|\n|t:|1699653078\n|switch|p2a: Ogerpon|Ogerpon-Wellspring, L50, F|100\/100\n|turn|9\n|\n|t:|1699653101\n|move|p2a: Ogerpon|Ivy Cudgel|p1a: Moltres\n|-crit|p1a: Moltres\n|-damage|p1a: Moltres|0 fnt\n|faint|p1a: Moltres\n|\n|win|pr1ncip3\n|raw|Hornet G's rating: 1252 &rarr; <strong>1234<\/strong><br \/>(-18 for losing)\n|raw|pr1ncip3's rating: 1356 &rarr; <strong>1370<\/strong><br \/>(+14 for winning)\n|c|\u2606pr1ncip3|gg\n","uploadtime":1699653110,"views":21,"p1id":"hornetg","p2id":"pr1ncip3","formatid":"gen9vgc2023regulatione","rating":1234,"private":0,"password":""}