{"id":"gen9vgc2023regulatione-1993406764","p1":"py123456","p2":"Nyarlathotepkk","format":"[Gen 9] VGC 2023 Regulation E","log":"|j|\u2606py123456\n|j|\u2606Nyarlathotepkk\n|t:|1700313601\n|gametype|doubles\n|player|p1|py123456|steven|1173\n|player|p2|Nyarlathotepkk|lass-gen4dp|1068\n|teamsize|p1|6\n|teamsize|p2|6\n|gen|9\n|tier|[Gen 9] VGC 2023 Regulation E\n|rated|\n|rule|Species Clause: Limit one of each Pok\u00e9mon\n|rule|Item Clause: Limit one of each item\n|clearpoke\n|poke|p1|Flutter Mane, L50|\n|poke|p1|Ogerpon-Wellspring, L50, F|\n|poke|p1|Iron Hands, L50|\n|poke|p1|Sableye, L50, M|\n|poke|p1|Espathra, L50, M|\n|poke|p1|Chi-Yu, L50|\n|poke|p2|Dusclops, L50, F|\n|poke|p2|Ursaluna-Bloodmoon, L50, M|\n|poke|p2|Urshifu-*, L50, F|\n|poke|p2|Ogerpon-Hearthflame, L50, F|\n|poke|p2|Rillaboom, L50, F|\n|poke|p2|Flutter Mane, L50|\n|teampreview|4\npy123456 rejected open team sheets.\n|inactive|Battle timer is ON: inactive players will automatically lose when time's up. (requested by py123456)\n|\n|t:|1700313637\n|start\n|switch|p1a: Sableye|Sableye, L50, M, shiny|100\/100\n|switch|p1b: Espathra|Espathra, L50, M|100\/100\n|switch|p2a: Flutter Mane|Flutter Mane, L50|100\/100\n|switch|p2b: Urshifu|Urshifu, L50, F|100\/100\n|-enditem|p2a: Flutter Mane|Booster Energy\n|-activate|p2a: Flutter Mane|ability: Protosynthesis|[fromitem]\n|-start|p2a: Flutter Mane|protosynthesisspe\n|turn|1\n|inactive|py123456 has 30 seconds left.\n|inactive|Nyarlathotepkk has 30 seconds left.\n|inactive|py123456 has 20 seconds left.\n|\n|t:|1700313674\n|move|p1a: Sableye|Gravity|p1a: Sableye\n|-fieldstart|move: Gravity\n|move|p2a: Flutter Mane|Icy Wind|p1b: Espathra|[spread] p1a,p1b\n|-crit|p1b: Espathra\n|-damage|p1a: Sableye|86\/100\n|-damage|p1b: Espathra|72\/100\n|-unboost|p1a: Sableye|spe|1\n|-unboost|p1b: Espathra|spe|1\n|-enditem|p1a: Sableye|Eject Button\n|\n|t:|1700313680\n|switch|p1a: Iron Hands|Iron Hands, L50|100\/100\n|move|p2b: Urshifu|Wicked Blow|p1b: Espathra\n|-supereffective|p1b: Espathra\n|-crit|p1b: Espathra\n|-damage|p1b: Espathra|0 fnt\n|faint|p1b: Espathra\n|\n|upkeep\n|\n|t:|1700313688\n|switch|p1b: Sableye|Sableye, L50, M, shiny|86\/100\n|turn|2\n|inactive|Nyarlathotepkk has 30 seconds left.\n|\n|t:|1700313714\n|switch|p2b: Ogerpon|Ogerpon-Hearthflame, L50, F|100\/100\n|-ability|p2b: Ogerpon|Mold Breaker\n|-terastallize|p1a: Iron Hands|Fire\n|move|p2a: Flutter Mane|Protect|p2a: Flutter Mane\n|-singleturn|p2a: Flutter Mane|Protect\n|move|p1b: Sableye|Will-O-Wisp|p2b: Ogerpon\n|-immune|p2b: Ogerpon\n|move|p1a: Iron Hands|Belly Drum|p1a: Iron Hands\n|-damage|p1a: Iron Hands|50\/100\n|-setboost|p1a: Iron Hands|atk|6|[from] move: Belly Drum\n|-enditem|p1a: Iron Hands|Sitrus Berry|[eat]\n|-heal|p1a: Iron Hands|75\/100|[from] item: Sitrus Berry\n|\n|upkeep\n|turn|3\n|inactive|py123456 has 30 seconds left.\n|inactive|Nyarlathotepkk has 30 seconds left.\n|inactive|Nyarlathotepkk has 20 seconds left.\n|inactive|py123456 has 20 seconds left.\n|inactive|Nyarlathotepkk has 15 seconds left.\n|inactive|Nyarlathotepkk has 10 seconds left.\n|inactive|Nyarlathotepkk has 5 seconds left.\n|\n|t:|1700313764\n|move|p1b: Sableye|Encore|p2a: Flutter Mane\n|-start|p2a: Flutter Mane|Encore\n|move|p2a: Flutter Mane|Protect||[still]\n|-fail|p2a: Flutter Mane\n|move|p2b: Ogerpon|Ivy Cudgel|p1b: Sableye|[anim] Ivy Cudgel Fire\n|-damage|p1b: Sableye|3\/100\n|move|p1a: Iron Hands|Drain Punch|p2b: Ogerpon\n|-damage|p2b: Ogerpon|0 fnt\n|-heal|p1a: Iron Hands|100\/100|[from] drain|[of] p2b: Ogerpon\n|faint|p2b: Ogerpon\n|\n|upkeep\n|\n|t:|1700313779\n|switch|p2b: Rillaboom|Rillaboom, L50, F|100\/100\n|-fieldstart|move: Grassy Terrain|[from] ability: Grassy Surge|[of] p2b: Rillaboom\n|turn|4\n|\n|t:|1700313796\n|move|p2a: Flutter Mane|Protect|p2a: Flutter Mane\n|-singleturn|p2a: Flutter Mane|Protect\n|move|p1a: Iron Hands|Detect|p1a: Iron Hands\n|-singleturn|p1a: Iron Hands|Protect\n|move|p2b: Rillaboom|Grassy Glide|p1b: Sableye\n|-damage|p1b: Sableye|0 fnt\n|faint|p1b: Sableye\n|\n|upkeep\n|\n|t:|1700313805\n|switch|p1b: Ogerpon|Ogerpon-Wellspring, L50, F|100\/100\n|turn|5\n|\n|t:|1700313818\n|move|p2a: Flutter Mane|Protect|p2a: Flutter Mane\n|-singleturn|p2a: Flutter Mane|Protect\n|move|p1b: Ogerpon|Spiky Shield|p1b: Ogerpon\n|-singleturn|p1b: Ogerpon|move: Protect\n|move|p2b: Rillaboom|Grassy Glide|p1b: Ogerpon\n|-activate|p1b: Ogerpon|move: Protect\n|-damage|p2b: Rillaboom|88\/100|[from] Spiky Shield|[of] p1b: Ogerpon\n|move|p1a: Iron Hands|Drain Punch|p2b: Rillaboom\n|-damage|p2b: Rillaboom|0 fnt\n|faint|p2b: Rillaboom\n|\n|-end|p2a: Flutter Mane|Encore\n|-fieldend|move: Gravity\n|upkeep\n|\n|t:|1700313834\n|switch|p2b: Urshifu|Urshifu, L50, F|100\/100\n|turn|6\n|inactive|py123456 has 30 seconds left.\n|inactive|py123456 has 20 seconds left.\n|\n|t:|1700313872\n|move|p1b: Ogerpon|Follow Me|p1b: Ogerpon\n|-singleturn|p1b: Ogerpon|move: Follow Me\n|move|p2a: Flutter Mane|Moonblast|p1b: Ogerpon\n|-damage|p1b: Ogerpon|57\/100\n|move|p2b: Urshifu|Close Combat|p1b: Ogerpon\n|-damage|p1b: Ogerpon|0 fnt\n|-unboost|p2b: Urshifu|def|1\n|-unboost|p2b: Urshifu|spd|1\n|faint|p1b: Ogerpon\n|move|p1a: Iron Hands|Thunder Punch|p2a: Flutter Mane\n|-damage|p2a: Flutter Mane|0 fnt\n|faint|p2a: Flutter Mane\n|-end|p2a: Flutter Mane|Protosynthesis|[silent]\n|\n|upkeep\n|turn|7\n|\n|t:|1700313888\n|move|p2b: Urshifu|Close Combat|p1a: Iron Hands\n|-damage|p1a: Iron Hands|30\/100\n|-unboost|p2b: Urshifu|def|1\n|-unboost|p2b: Urshifu|spd|1\n|move|p1a: Iron Hands|Drain Punch|p2b: Urshifu\n|-supereffective|p2b: Urshifu\n|-damage|p2b: Urshifu|0 fnt\n|-heal|p1a: Iron Hands|65\/100|[from] drain|[of] p2b: Urshifu\n|faint|p2b: Urshifu\n|\n|win|py123456\n|raw|py123456's rating: 1173 &rarr; <strong>1191<\/strong><br \/>(+18 for winning)\n|raw|Nyarlathotepkk's rating: 1068 &rarr; <strong>1054<\/strong><br \/>(-14 for losing)\n","uploadtime":1700313899,"views":7,"p1id":"py123456","p2id":"nyarlathotepkk","formatid":"gen9vgc2023regulatione","rating":1054,"private":0,"password":""}