{"id":"gen9vgc2023regulatione-1992008656","p1":"pakole","p2":"genforrer","format":"[Gen 9] VGC 2023 Regulation E","log":"|j|\u2606pakole\n|j|\u2606genforrer\n|t:|1700147321\n|gametype|doubles\n|player|p1|pakole|265|1073\n|player|p2|genforrer|elesa|1000\n|teamsize|p1|6\n|teamsize|p2|6\n|gen|9\n|tier|[Gen 9] VGC 2023 Regulation E\n|rated|\n|rule|Species Clause: Limit one of each Pok\u00e9mon\n|rule|Item Clause: Limit one of each item\n|clearpoke\n|poke|p1|Grafaiai, L50, M|\n|poke|p1|Avalugg-Hisui, L50, F|\n|poke|p1|Roaring Moon, L50|\n|poke|p1|Kilowattrel, L50, F|\n|poke|p1|Flutter Mane, L50|\n|poke|p1|Palafin, L50, F|\n|poke|p2|Heatran, L50, M|\n|poke|p2|Moltres-Galar, L50|\n|poke|p2|Thundurus, L50, M|\n|poke|p2|Wo-Chien, L50|\n|poke|p2|Landorus-Therian, L50, M|\n|poke|p2|Urshifu-*, L50, M|\n|teampreview|4\n|\n|t:|1700147343\n|start\n|switch|p1a: Kilowattrel|Kilowattrel, L50, F|100\/100\n|switch|p1b: Grafaiai|Grafaiai, L50, M|100\/100\n|switch|p2a: Thundurus|Thundurus, L50, M|100\/100\n|switch|p2b: Landorus|Landorus-Therian, L50, M|100\/100\n|-ability|p2b: Landorus|Intimidate|boost\n|-unboost|p1a: Kilowattrel|atk|1\n|-unboost|p1b: Grafaiai|atk|1\n|turn|1\n|\n|t:|1700147378\n|move|p2a: Thundurus|Taunt|p1a: Kilowattrel\n|-start|p1a: Kilowattrel|move: Taunt\n|move|p1b: Grafaiai|Parting Shot|p2b: Landorus\n|-unboost|p2b: Landorus|atk|1\n|-unboost|p2b: Landorus|spa|1\n|\n|t:|1700147384\n|switch|p1b: Avalugg|Avalugg-Hisui, L50, F|100\/100|[from] Parting Shot\n|cant|p1a: Kilowattrel|move: Taunt|Tailwind\n|move|p2b: Landorus|Stomping Tantrum|p1b: Avalugg\n|-supereffective|p1b: Avalugg\n|-damage|p1b: Avalugg|54\/100\n|-enditem|p1b: Avalugg|Weakness Policy\n|-boost|p1b: Avalugg|atk|2|[from] item: Weakness Policy\n|-boost|p1b: Avalugg|spa|2|[from] item: Weakness Policy\n|\n|upkeep\n|turn|2\n|\n|t:|1700147422\n|switch|p1a: Grafaiai|Grafaiai, L50, M|100\/100\n|switch|p2b: Heatran|Heatran, L50, M|100\/100\n|move|p2a: Thundurus|Scary Face|p1a: Grafaiai\n|-unboost|p1a: Grafaiai|spe|2\n|move|p1b: Avalugg|Avalanche|p2a: Thundurus\n|-supereffective|p2a: Thundurus\n|-damage|p2a: Thundurus|0 fnt\n|faint|p2a: Thundurus\n|\n|upkeep\n|\n|t:|1700147432\n|switch|p2a: Landorus|Landorus-Therian, L50, M|100\/100\n|-ability|p2a: Landorus|Intimidate|boost\n|-unboost|p1a: Grafaiai|atk|1\n|-unboost|p1b: Avalugg|atk|1\n|turn|3\n|l|\u2606pakole\n|player|p1|\n|inactive|Battle timer is ON: inactive players will automatically lose when time's up. (requested by genforrer)\n|j|\u2606pakole\n|inactive|pakole reconnected and has 90 seconds left.\n|player|p1|pakole|265\n|\n|t:|1700147484\n|switch|p2a: Moltres|Moltres-Galar, L50|100\/100\n|move|p1a: Grafaiai|Parting Shot|p2a: Moltres\n|-hint|Since gen 7, Dark is immune to Prankster moves.\n|-immune|p2a: Moltres\n|move|p2b: Heatran|Flash Cannon|p1b: Avalugg\n|-supereffective|p1b: Avalugg\n|-damage|p1b: Avalugg|0 fnt\n|faint|p1b: Avalugg\n|-damage|p2b: Heatran|91\/100|[from] item: Life Orb\n|\n|upkeep\n|\n|t:|1700147497\n|switch|p1b: Kilowattrel|Kilowattrel, L50, F|100\/100\n|turn|4\n|\n|t:|1700147521\n|move|p1a: Grafaiai|Encore|p2b: Heatran\n|-start|p2b: Heatran|Encore\n|move|p1b: Kilowattrel|Thunderbolt|p2a: Moltres\n|-supereffective|p2a: Moltres\n|-damage|p2a: Moltres|38\/100\n|-ability|p2a: Moltres|Berserk|boost\n|-boost|p2a: Moltres|spa|1\n|-enditem|p2a: Moltres|Sitrus Berry|[eat]\n|-heal|p2a: Moltres|62\/100|[from] item: Sitrus Berry\n|move|p2a: Moltres|Snarl|p1b: Kilowattrel|[spread] p1a,p1b\n|-damage|p1a: Grafaiai|78\/100\n|-damage|p1b: Kilowattrel|52\/100\n|-unboost|p1a: Grafaiai|spa|1\n|-unboost|p1b: Kilowattrel|spa|1\n|move|p2b: Heatran|Flash Cannon|p1b: Kilowattrel\n|-resisted|p1b: Kilowattrel\n|-damage|p1b: Kilowattrel|1\/100\n|-damage|p2b: Heatran|81\/100|[from] item: Life Orb\n|\n|-heal|p1a: Grafaiai|83\/100|[from] item: Leftovers\n|upkeep\n|turn|5\n|inactive|pakole has 30 seconds left.\n|inactive|genforrer has 30 seconds left.\n|inactive|pakole has 20 seconds left.\n|inactive|genforrer has 20 seconds left.\n|\n|t:|1700147559\n|move|p1b: Kilowattrel|Thunderbolt|p2a: Moltres\n|-supereffective|p2a: Moltres\n|-damage|p2a: Moltres|17\/100\n|-ability|p2a: Moltres|Berserk|boost\n|-boost|p2a: Moltres|spa|1\n|move|p2a: Moltres|Fiery Wrath|p1b: Kilowattrel|[spread] p1a,p1b\n|-crit|p1a: Grafaiai\n|-damage|p1a: Grafaiai|11\/100\n|-damage|p1b: Kilowattrel|0 fnt\n|faint|p1b: Kilowattrel\n|move|p2b: Heatran|Flash Cannon|p1a: Grafaiai\n|-damage|p1a: Grafaiai|0 fnt\n|faint|p1a: Grafaiai\n|-damage|p2b: Heatran|72\/100|[from] item: Life Orb\n|\n|upkeep\n|\n|t:|1700147574\n|switch|p1b: Flutter Mane|Flutter Mane, L50|100\/100\n|turn|6\n|\n|t:|1700147593\n|-terastallize|p1b: Flutter Mane|Ghost\n|-terastallize|p2a: Moltres|Poison\n|move|p1b: Flutter Mane|Shadow Ball|p2a: Moltres\n|-damage|p2a: Moltres|0 fnt\n|faint|p2a: Moltres\n|move|p2b: Heatran|Flash Cannon|p1b: Flutter Mane\n|-damage|p1b: Flutter Mane|43\/100\n|-damage|p2b: Heatran|62\/100|[from] item: Life Orb\n|\n|-end|p2b: Heatran|Encore\n|upkeep\n|\n|t:|1700147603\n|switch|p2a: Landorus|Landorus-Therian, L50, M|100\/100\n|-ability|p2a: Landorus|Intimidate|boost\n|-unboost|p1b: Flutter Mane|atk|1\n|turn|7\n|\n|t:|1700147611\n|move|p1b: Flutter Mane|Shadow Ball|p2b: Heatran\n|-damage|p2b: Heatran|0 fnt\n|faint|p2b: Heatran\n|move|p2a: Landorus|Stomping Tantrum|p1b: Flutter Mane\n|-damage|p1b: Flutter Mane|0 fnt\n|faint|p1b: Flutter Mane\n|-end|p1b: Flutter Mane|Protosynthesis|[silent]\n|\n|win|genforrer\n|raw|pakole's rating: 1073 &rarr; <strong>1048<\/strong><br \/>(-25 for losing)\n|raw|genforrer's rating: 1000 &rarr; <strong>1048<\/strong><br \/>(+48 for winning)\n","uploadtime":1700147624,"views":21,"p1id":"pakole","p2id":"genforrer","formatid":"gen9vgc2023regulatione","rating":1048,"private":0,"password":""}