{"id":"gen9vgc2023regulatione-1988501595","p1":"Jippt351","p2":"azumarillsky","format":"[Gen 9] VGC 2023 Regulation E","log":"|j|\u2606Jippt351\n|j|\u203dazumarillsky\n|t:|1699729732\n|gametype|doubles\n|player|p1|Jippt351|1|1262\n|player|p2|azumarillsky|170|1385\n|teamsize|p1|6\n|teamsize|p2|6\n|gen|9\n|tier|[Gen 9] VGC 2023 Regulation E\n|rated|\n|rule|Species Clause: Limit one of each Pok\u00e9mon\n|rule|Item Clause: Limit one of each item\n|clearpoke\n|poke|p1|Tornadus, L50, M|\n|poke|p1|Flutter Mane, L50|\n|poke|p1|Regidrago, L50|\n|poke|p1|Heatran, L50, M|\n|poke|p1|Urshifu-*, L50, F|\n|poke|p1|Farigiraf, L50, F|\n|poke|p2|Glimmora, L50, M|\n|poke|p2|Goodra-Hisui, L50, M|\n|poke|p2|Roaring Moon, L50|\n|poke|p2|Chi-Yu, L50|\n|poke|p2|Sinistcha-Masterpiece, L50|\n|poke|p2|Wigglytuff, L50, M|\n|teampreview|4\n|inactive|Battle timer is ON: inactive players will automatically lose when time's up. (requested by Jippt351)\n|inactive|Jippt351 has 60 seconds left.\n|inactive|azumarillsky has 60 seconds left.\n|\n|t:|1699729789\n|start\n|switch|p1a: Farigiraf|Farigiraf, L50, F|100\/100\n|switch|p1b: Heatran|Heatran, L50, M|100\/100\n|switch|p2a: Goodra|Goodra-Hisui, L50, M|100\/100\n|switch|p2b: Chi-Yu|Chi-Yu, L50|100\/100\n|-ability|p2b: Chi-Yu|Beads of Ruin\n|turn|1\n|l|\u2606Jippt351\n|inactive|Jippt351 disconnected and has a minute to reconnect!\n|player|p1|\n|inactive|Jippt351 has 30 seconds left.\n|j|\u2606Jippt351\n|inactive|Jippt351 reconnected and has 30 seconds left.\n|player|p1|Jippt351|1\n|inactive|Jippt351 has 20 seconds left.\n|inactive|Jippt351 has 15 seconds left.\n|inactive|Jippt351 has 10 seconds left.\n|\n|t:|1699729835\n|move|p2b: Chi-Yu|Snarl|p1b: Heatran|[spread] p1a,p1b\n|-supereffective|p1a: Farigiraf\n|-damage|p1a: Farigiraf|43\/100\n|-damage|p1b: Heatran|75\/100\n|-unboost|p1a: Farigiraf|spa|1\n|-unboost|p1b: Heatran|spa|1\n|move|p1b: Heatran|Earth Power|p2b: Chi-Yu\n|-supereffective|p2b: Chi-Yu\n|-damage|p2b: Chi-Yu|46\/100\n|-enditem|p2b: Chi-Yu|Sitrus Berry|[eat]\n|-heal|p2b: Chi-Yu|71\/100|[from] item: Sitrus Berry\n|-damage|p1b: Heatran|66\/100|[from] item: Life Orb\n|move|p1a: Farigiraf|Dazzling Gleam|p2b: Chi-Yu|[spread] p2a,p2b\n|-damage|p2a: Goodra|90\/100\n|-damage|p2b: Chi-Yu|60\/100\n|move|p2a: Goodra|Acid Armor|p2a: Goodra\n|-boost|p2a: Goodra|def|2\n|\n|-heal|p2a: Goodra|96\/100|[from] item: Leftovers\n|upkeep\n|turn|2\n|l|\u2606Jippt351\n|inactive|Jippt351 disconnected and has a minute to reconnect!\n|player|p1|\n|inactive|Jippt351 has 30 seconds left.\n|j|\u2606Jippt351\n|inactive|Jippt351 reconnected and has 30 seconds left.\n|player|p1|Jippt351|1\n|inactive|Jippt351 has 20 seconds left.\n|\n|t:|1699729871\n|move|p2b: Chi-Yu|Snarl|p1a: Farigiraf|[spread] p1a,p1b\n|-supereffective|p1a: Farigiraf\n|-damage|p1a: Farigiraf|0 fnt\n|-damage|p1b: Heatran|40\/100\n|-unboost|p1b: Heatran|spa|1\n|faint|p1a: Farigiraf\n|move|p1b: Heatran|Heat Wave|p2b: Chi-Yu|[spread] p2a,p2b\n|-resisted|p2b: Chi-Yu\n|-damage|p2a: Goodra|73\/100\n|-damage|p2b: Chi-Yu|49\/100\n|-damage|p1b: Heatran|31\/100|[from] item: Life Orb\n|move|p2a: Goodra|Body Press|p1b: Heatran\n|-supereffective|p1b: Heatran\n|-damage|p1b: Heatran|0 fnt\n|faint|p1b: Heatran\n|\n|-heal|p2a: Goodra|79\/100|[from] item: Leftovers\n|upkeep\n|\n|t:|1699729879\n|switch|p1b: Urshifu|Urshifu, L50, F|100\/100\n|switch|p1a: Flutter Mane|Flutter Mane, L50|100\/100\n|-enditem|p1a: Flutter Mane|Booster Energy\n|-activate|p1a: Flutter Mane|ability: Protosynthesis|[fromitem]\n|-start|p1a: Flutter Mane|protosynthesisspa\n|turn|3\n|inactive|azumarillsky has 30 seconds left.\n|inactive|azumarillsky has 20 seconds left.\n|\n|t:|1699729914\n|-terastallize|p1a: Flutter Mane|Water\n|move|p1b: Urshifu|Close Combat|p2b: Chi-Yu\n|-supereffective|p2b: Chi-Yu\n|-damage|p2b: Chi-Yu|0 fnt\n|-unboost|p1b: Urshifu|def|1\n|-unboost|p1b: Urshifu|spd|1\n|faint|p2b: Chi-Yu\n|move|p1a: Flutter Mane|Dazzling Gleam|p2a: Goodra\n|-damage|p2a: Goodra|40\/100\n|move|p2a: Goodra|Heavy Slam|p1a: Flutter Mane\n|-resisted|p1a: Flutter Mane\n|-damage|p1a: Flutter Mane|62\/100\n|\n|-heal|p2a: Goodra|45\/100|[from] item: Leftovers\n|upkeep\n|\n|t:|1699729927\n|switch|p2b: Sinistcha|Sinistcha-Masterpiece, L50|100\/100\n|-heal|p2a: Goodra|70\/100|[from] ability: Hospitality|[of] p2b: Sinistcha\n|turn|4\n|\n|t:|1699729940\n|move|p2b: Sinistcha|Rage Powder|p2b: Sinistcha\n|-singleturn|p2b: Sinistcha|move: Rage Powder\n|move|p1b: Urshifu|Close Combat|p2b: Sinistcha\n|-immune|p2b: Sinistcha\n|move|p1a: Flutter Mane|Shadow Ball|p2b: Sinistcha\n|-supereffective|p2b: Sinistcha\n|-damage|p2b: Sinistcha|0 fnt\n|faint|p2b: Sinistcha\n|move|p2a: Goodra|Body Press|p1a: Flutter Mane\n|-damage|p1a: Flutter Mane|0 fnt\n|faint|p1a: Flutter Mane\n|-end|p1a: Flutter Mane|Protosynthesis|[silent]\n|\n|-heal|p2a: Goodra|76\/100|[from] item: Leftovers\n|upkeep\n|\n|t:|1699729952\n|switch|p2b: Wigglytuff|Wigglytuff, L50, M|100\/100\n|turn|5\n|\n|t:|1699729959\n|move|p1b: Urshifu|Close Combat|p2b: Wigglytuff\n|-damage|p2b: Wigglytuff|27\/100\n|-unboost|p1b: Urshifu|def|1\n|-unboost|p1b: Urshifu|spd|1\n|move|p2a: Goodra|Body Press|p1b: Urshifu\n|-supereffective|p1b: Urshifu\n|-damage|p1b: Urshifu|0 fnt\n|faint|p1b: Urshifu\n|\n|win|azumarillsky\n|raw|Jippt351's rating: 1262 &rarr; <strong>1245<\/strong><br \/>(-17 for losing)\n|raw|azumarillsky's rating: 1385 &rarr; <strong>1398<\/strong><br \/>(+13 for winning)\n","uploadtime":1699729967,"views":39,"p1id":"jippt351","p2id":"azumarillsky","formatid":"gen9vgc2023regulatione","rating":1245,"private":0,"password":""}