{"id":"gen9vgc2023regulatione-1996408720","p1":"gobrokeforpokes","p2":"Pawmaughty","format":"[Gen 9] VGC 2023 Regulation E","log":"|j|\u2606gobrokeforpokes\n|j|\u2606Pawmaughty\n|t:|1700679205\n|gametype|doubles\n|player|p1|gobrokeforpokes|2|1452\n|player|p2|Pawmaughty|swimmerf-gen4|1443\n|teamsize|p1|6\n|teamsize|p2|6\n|gen|9\n|tier|[Gen 9] VGC 2023 Regulation E\n|rated|\n|rule|Species Clause: Limit one of each Pok\u00e9mon\n|rule|Item Clause: Limit one of each item\n|clearpoke\n|poke|p1|Arcanine-Hisui, L50, M|\n|poke|p1|Iron Bundle, L50|\n|poke|p1|Weezing, L50, M|\n|poke|p1|Ogerpon-Hearthflame, L50, F|\n|poke|p1|Torkoal, L50, F|\n|poke|p1|Tornadus, L50, M|\n|poke|p2|Farigiraf, L50, M|\n|poke|p2|Urshifu-*, L50, F|\n|poke|p2|Gholdengo, L50|\n|poke|p2|Iron Hands, L50|\n|poke|p2|Amoonguss, L50, M|\n|poke|p2|Pelipper, L50, F|\n|teampreview|4\n|inactive|Battle timer is ON: inactive players will automatically lose when time's up. (requested by Pawmaughty)\nPawmaughty has agreed to open team sheets.\n|\n|t:|1700679233\n|start\n|switch|p1a: Weezing|Weezing, L50, M|100\/100\n|switch|p1b: Tornadus|Tornadus, L50, M|100\/100\n|switch|p2a: Gholdengo|Gholdengo, L50, shiny|100\/100\n|switch|p2b: Amoonguss|Amoonguss, L50, M|100\/100\n|-ability|p1a: Weezing|Neutralizing Gas\n|-block|p1b: Tornadus|item: Ability Shield\n|turn|1\n|\n|t:|1700679253\n|move|p2b: Amoonguss|Protect|p2b: Amoonguss\n|-singleturn|p2b: Amoonguss|Protect\n|move|p1b: Tornadus|Taunt|p2a: Gholdengo\n|-start|p2a: Gholdengo|move: Taunt\n|cant|p2a: Gholdengo|move: Taunt|Nasty Plot\n|move|p1a: Weezing|Taunt|p2b: Amoonguss\n|-activate|p2b: Amoonguss|move: Protect\n|\n|upkeep\n|turn|2\n|inactive|Pawmaughty has 30 seconds left.\n|inactive|Pawmaughty has 20 seconds left.\n|inactive|Pawmaughty has 15 seconds left.\n|inactive|Pawmaughty has 10 seconds left.\n|inactive|Pawmaughty has 5 seconds left.\n|\n|t:|1700679306\n|switch|p2b: Iron Hands|Iron Hands, L50|100\/100\n|move|p1b: Tornadus|Bleakwind Storm|p2a: Gholdengo|[spread] p2a,p2b\n|-resisted|p2a: Gholdengo\n|-damage|p2a: Gholdengo|81\/100\n|-damage|p2b: Iron Hands|80\/100\n|move|p2a: Gholdengo|Shadow Ball|p1a: Weezing\n|-damage|p1a: Weezing|66\/100\n|move|p1a: Weezing|Taunt|p2b: Iron Hands\n|-start|p2b: Iron Hands|move: Taunt\n|\n|-heal|p2a: Gholdengo|87\/100|[from] item: Leftovers\n|-heal|p1a: Weezing|71\/100|[from] item: Leftovers\n|upkeep\n|turn|3\n|\n|t:|1700679322\n|move|p2b: Iron Hands|Fake Out|p1a: Weezing\n|-damage|p1a: Weezing|57\/100\n|move|p1b: Tornadus|Sunny Day|p1b: Tornadus\n|-weather|SunnyDay\n|move|p2a: Gholdengo|Shadow Ball|p1a: Weezing\n|-damage|p1a: Weezing|20\/100\n|cant|p1a: Weezing|flinch\n|\n|-weather|SunnyDay|[upkeep]\n|-heal|p2a: Gholdengo|93\/100|[from] item: Leftovers\n|-heal|p1a: Weezing|25\/100|[from] item: Leftovers\n|-end|p2a: Gholdengo|move: Taunt\n|upkeep\n|turn|4\n|\n|t:|1700679334\n|-end|p2b: Iron Hands|Quark Drive|[silent]\n|switch|p2b: Pelipper|Pelipper, L50, F|100\/100\n|move|p1b: Tornadus|Tailwind|p1b: Tornadus\n|-sidestart|p1: gobrokeforpokes|move: Tailwind\n|move|p1a: Weezing|Will-O-Wisp|p2b: Pelipper|[miss]\n|-miss|p1a: Weezing|p2b: Pelipper\n|move|p2a: Gholdengo|Shadow Ball|p1a: Weezing\n|-damage|p1a: Weezing|0 fnt\n|faint|p1a: Weezing\n|-end|p1a: Weezing|ability: Neutralizing Gas\n|-weather|RainDance|[from] ability: Drizzle|[of] p2b: Pelipper\n|\n|-weather|RainDance|[upkeep]\n|-heal|p2a: Gholdengo|99\/100|[from] item: Leftovers\n|upkeep\n|\n|t:|1700679341\n|switch|p1a: Arcanine|Arcanine-Hisui, L50, M|100\/100\n|-ability|p1a: Arcanine|Intimidate|boost\n|-unboost|p2a: Gholdengo|atk|1\n|-unboost|p2b: Pelipper|atk|1\n|turn|5\n|\n|t:|1700679352\n|switch|p2b: Iron Hands|Iron Hands, L50|80\/100\n|-terastallize|p2a: Gholdengo|Dragon\n|move|p1b: Tornadus|Sunny Day|p1b: Tornadus\n|-weather|SunnyDay\n|move|p1a: Arcanine|Flare Blitz|p2a: Gholdengo\n|-resisted|p2a: Gholdengo\n|-damage|p2a: Gholdengo|66\/100\n|-damage|p1a: Arcanine|88\/100|[from] Recoil\n|move|p2a: Gholdengo|Make It Rain|p1b: Tornadus|[spread] p1a,p1b\n|-damage|p1a: Arcanine|56\/100\n|-damage|p1b: Tornadus|44\/100\n|-unboost|p2a: Gholdengo|spa|1\n|\n|-weather|SunnyDay|[upkeep]\n|-heal|p2a: Gholdengo|72\/100|[from] item: Leftovers\n|upkeep\n|turn|6\n|\n|t:|1700679367\n|move|p2b: Iron Hands|Fake Out|p1a: Arcanine\n|-resisted|p1a: Arcanine\n|-damage|p1a: Arcanine|43\/100\n|move|p1b: Tornadus|Bleakwind Storm|p2b: Iron Hands|[spread] p2a,p2b\n|-damage|p2a: Gholdengo|37\/100\n|-damage|p2b: Iron Hands|60\/100\n|cant|p1a: Arcanine|flinch\n|move|p2a: Gholdengo|Nasty Plot|p2a: Gholdengo\n|-boost|p2a: Gholdengo|spa|2\n|\n|-weather|SunnyDay|[upkeep]\n|-heal|p2a: Gholdengo|44\/100|[from] item: Leftovers\n|upkeep\n|turn|7\n|\n|t:|1700679391\n|move|p2a: Gholdengo|Protect|p2a: Gholdengo\n|-singleturn|p2a: Gholdengo|Protect\n|move|p1b: Tornadus|Bleakwind Storm|p2a: Gholdengo|[spread] p2b\n|-activate|p2a: Gholdengo|move: Protect\n|-damage|p2b: Iron Hands|38\/100\n|move|p1a: Arcanine|Rock Slide|p2a: Gholdengo|[spread] p2b\n|-activate|p2a: Gholdengo|move: Protect\n|-resisted|p2b: Iron Hands\n|-damage|p2b: Iron Hands|28\/100\n|move|p2b: Iron Hands|Drain Punch|p1a: Arcanine\n|-supereffective|p1a: Arcanine\n|-crit|p1a: Arcanine\n|-damage|p1a: Arcanine|0 fnt\n|-heal|p2b: Iron Hands|44\/100|[from] drain|[of] p1a: Arcanine\n|faint|p1a: Arcanine\n|\n|-weather|SunnyDay|[upkeep]\n|-heal|p2a: Gholdengo|50\/100|[from] item: Leftovers\n|-sideend|p1: gobrokeforpokes|move: Tailwind\n|upkeep\n|\n|t:|1700679401\n|switch|p1a: Ogerpon|Ogerpon-Hearthflame, L50, F|100\/100\n|-ability|p1a: Ogerpon|Mold Breaker\n|turn|8\n|\n|t:|1700679412\n|-terastallize|p1a: Ogerpon|Fire\n|detailschange|p1a: Ogerpon|Ogerpon-Hearthflame-Tera, L50, F, tera:Fire\n|-ability|p1a: Ogerpon|Embody Aspect (Hearthflame)|boost\n|-boost|p1a: Ogerpon|atk|1\n|move|p1b: Tornadus|Bleakwind Storm|p2a: Gholdengo|[spread] p2a\n|-miss|p1b: Tornadus|p2b: Iron Hands\n|-damage|p2a: Gholdengo|15\/100\n|-unboost|p2a: Gholdengo|spe|1\n|move|p1a: Ogerpon|Ivy Cudgel|p2a: Gholdengo|[anim] Ivy Cudgel Fire\n|-resisted|p2a: Gholdengo\n|-damage|p2a: Gholdengo|0 fnt\n|faint|p2a: Gholdengo\n|move|p2b: Iron Hands|Drain Punch|p1a: Ogerpon\n|-damage|p1a: Ogerpon|46\/100\n|-heal|p2b: Iron Hands|62\/100|[from] drain|[of] p1a: Ogerpon\n|\n|-weather|SunnyDay|[upkeep]\n|upkeep\n|\n|t:|1700679429\n|switch|p2a: Amoonguss|Amoonguss, L50, M|100\/100\n|turn|9\n|\n|t:|1700679439\n|move|p1a: Ogerpon|Spiky Shield|p1a: Ogerpon\n|-singleturn|p1a: Ogerpon|move: Protect\n|move|p2a: Amoonguss|Rage Powder|p2a: Amoonguss\n|-singleturn|p2a: Amoonguss|move: Rage Powder\n|move|p1b: Tornadus|Taunt|p2a: Amoonguss\n|-start|p2a: Amoonguss|move: Taunt\n|move|p2b: Iron Hands|Wild Charge|p1b: Tornadus\n|-supereffective|p1b: Tornadus\n|-damage|p1b: Tornadus|0 fnt\n|faint|p1b: Tornadus\n|-damage|p2b: Iron Hands|55\/100|[from] Recoil\n|\n|-weather|none\n|upkeep\n|turn|10\n|\n|t:|1700679449\n|switch|p2a: Pelipper|Pelipper, L50, F|100\/100\n|-weather|RainDance|[from] ability: Drizzle|[of] p2a: Pelipper\n|move|p1a: Ogerpon|Horn Leech|p2b: Iron Hands\n|-damage|p2b: Iron Hands|7\/100\n|-heal|p1a: Ogerpon|83\/100|[from] drain|[of] p2b: Iron Hands\n|move|p2b: Iron Hands|Drain Punch|p1a: Ogerpon\n|-crit|p1a: Ogerpon\n|-damage|p1a: Ogerpon|0 fnt\n|-heal|p2b: Iron Hands|33\/100|[from] drain|[of] p1a: Ogerpon\n|faint|p1a: Ogerpon\n|\n|win|Pawmaughty\n|raw|gobrokeforpokes's rating: 1452 &rarr; <strong>1431<\/strong><br \/>(-21 for losing)\n|raw|Pawmaughty's rating: 1443 &rarr; <strong>1464<\/strong><br \/>(+21 for winning)\n","uploadtime":1700679454,"views":7,"p1id":"gobrokeforpokes","p2id":"pawmaughty","formatid":"gen9vgc2023regulatione","rating":1431,"private":0,"password":""}