{"id":"gen9vgc2023regulatione-1988734010","p1":"spork2000","p2":"Bardemis","format":"[Gen 9] VGC 2023 Regulation E","log":"|j|\u2606spork2000\n|j|\u2606Bardemis\n|n|\u2606spork2000|spork2000\n|n|\u2606Bardemis|bardemis\n|html|View the match progress at <a href=\"\/game-bestof3-gen9vgc2023regulatione-1988731400\">game-bestof3-gen9vgc2023regulatione-1988731400<\/a>\n|t:|1699756325\n|gametype|doubles\n|player|p1|spork2000|170|\n|player|p2|Bardemis|morty|\n|teamsize|p1|6\n|teamsize|p2|6\n|gen|9\n|tier|[Gen 9] VGC 2023 Regulation E\n|rule|Species Clause: Limit one of each Pok\u00e9mon\n|rule|Item Clause: Limit one of each item\n|clearpoke\n|poke|p1|Jumpluff, L50, M|\n|poke|p1|Ninetales, L50, M|\n|poke|p1|Flutter Mane, L50|\n|poke|p1|Thundurus, L50, M|\n|poke|p1|Ogerpon-Hearthflame, L50, F|\n|poke|p1|Great Tusk, L50|\n|poke|p2|Torterra, L50, M|\n|poke|p2|Grimmsnarl, L50, M|\n|poke|p2|Urshifu-*, L50, M|\n|poke|p2|Heatran, L50, M|\n|poke|p2|Roaring Moon, L50|\n|poke|p2|Farigiraf, L50, M|\n|teampreview|4\n|inactive|Battle timer is ON: inactive players will automatically lose when time's up. (requested by Bardemis)\nBardemis has agreed to open team sheets.\nspork2000 has agreed to open team sheets.\n|showteam|p1|Jumpluff||WideLens|Chlorophyll|SleepPowder,Protect,Encore,Tailwind|||M|||50|,,,,,Ghost]Ninetales||ChoiceSpecs|Drought|Overheat,EnergyBall,HeatWave,Extrasensory|||M|||50|,,,,,Fire]Flutter Mane||LifeOrb|Protosynthesis|Substitute,DazzlingGleam,Protect,ShadowBall||||||50|,,,,,Fairy]Thundurus||FocusSash|Prankster|SunnyDay,ThunderWave,Thunderbolt,Uturn|||M|||50|,,,,,Ghost]Ogerpon-Hearthflame||HearthflameMask|MoldBreaker|FollowMe,IvyCudgel,KnockOff,SpikyShield|||F|||50|,,,,,Fire]Great Tusk||ChoiceScarf|Protosynthesis|HeadlongRush,CloseCombat,IceSpinner,StoneEdge||||||50|,,,,,Ground\n|showteam|p2|Torterra||WhiteHerb|ShellArmor|ShellSmash,WoodHammer,HighHorsepower,Protect|||M|||50|,,,,,Water]Grimmsnarl||LightClay|Prankster|Reflect,LightScreen,SpiritBreak,PartingShot|||M|||50|,,,,,Ghost]Urshifu-Rapid-Strike||MysticWater|UnseenFist|SurgingStrikes,CloseCombat,AquaJet,Protect|||M|||50|,,,,,Water]Heatran||Leftovers|FlashFire|EarthPower,Protect,FlashCannon,HeatWave|||M|||50|,,,,,Grass]Roaring Moon||BoosterEnergy|Protosynthesis|Tailwind,KnockOff,Acrobatics,Protect||||||50|,,,,,Flying]Farigiraf||SafetyGoggles|ArmorTail|Psyshock,DazzlingGleam,Imprison,TrickRoom|||M|||50|,,,,,Fairy\n|\n|t:|1699756358\n|start\n|switch|p1a: Nine Tails|Ninetales, L50, M|100\/100\n|switch|p1b: Fire Shrek|Ogerpon-Hearthflame, L50, F|100\/100\n|switch|p2a: Roaring Moon|Roaring Moon, L50|100\/100\n|switch|p2b: Torterra|Torterra, L50, M|100\/100\n|-ability|p1b: Fire Shrek|Mold Breaker\n|-weather|SunnyDay|[from] ability: Drought|[of] p1a: Nine Tails\n|-activate|p2a: Roaring Moon|ability: Protosynthesis\n|-start|p2a: Roaring Moon|protosynthesisspe\n|turn|1\n|j| olmecssb\n|j| E.Bluemage\n|inactive|spork2000 has 30 seconds left.\n|\n|t:|1699756386\n|-terastallize|p1b: Fire Shrek|Fire\n|detailschange|p1b: Fire Shrek|Ogerpon-Hearthflame-Tera, L50, F, tera:Fire\n|-ability|p1b: Fire Shrek|Embody Aspect (Hearthflame)|boost\n|-boost|p1b: Fire Shrek|atk|1\n|-terastallize|p2b: Torterra|Water\n|move|p2a: Roaring Moon|Tailwind|p2a: Roaring Moon\n|-sidestart|p2: Bardemis|move: Tailwind\n|move|p1b: Fire Shrek|Ivy Cudgel|p2a: Roaring Moon\n|-resisted|p2a: Roaring Moon\n|-damage|p2a: Roaring Moon|0 fnt\n|faint|p2a: Roaring Moon\n|-end|p2a: Roaring Moon|Protosynthesis|[silent]\n|move|p1a: Nine Tails|Overheat|p2b: Torterra\n|-resisted|p2b: Torterra\n|-damage|p2b: Torterra|48\/100\n|-unboost|p1a: Nine Tails|spa|2\n|move|p2b: Torterra|Shell Smash|p2b: Torterra\n|-unboost|p2b: Torterra|def|1\n|-unboost|p2b: Torterra|spd|1\n|-boost|p2b: Torterra|atk|2\n|-boost|p2b: Torterra|spa|2\n|-boost|p2b: Torterra|spe|2\n|-enditem|p2b: Torterra|White Herb\n|-clearnegativeboost|p2b: Torterra|[silent]\n|\n|-weather|SunnyDay|[upkeep]\n|upkeep\n|\n|t:|1699756411\n|switch|p2a: Heatran|Heatran, L50, M|100\/100\n|turn|2\n|\n|t:|1699756423\n|switch|p1a: Genie|Thundurus, L50, M|100\/100\n|move|p1b: Fire Shrek|Spiky Shield|p1b: Fire Shrek\n|-singleturn|p1b: Fire Shrek|move: Protect\n|move|p2b: Torterra|High Horsepower|p1a: Genie\n|-immune|p1a: Genie\n|move|p2a: Heatran|Earth Power|p1b: Fire Shrek\n|-activate|p1b: Fire Shrek|move: Protect\n|\n|-weather|SunnyDay|[upkeep]\n|upkeep\n|turn|3\n|inactive|spork2000 has 30 seconds left.\n|\n|t:|1699756455\n|move|p2b: Torterra|Protect|p2b: Torterra\n|-singleturn|p2b: Torterra|Protect\n|move|p1b: Fire Shrek|Follow Me|p1b: Fire Shrek\n|-singleturn|p1b: Fire Shrek|move: Follow Me\n|move|p2a: Heatran|Earth Power|p1b: Fire Shrek\n|-supereffective|p1b: Fire Shrek\n|-damage|p1b: Fire Shrek|26\/100\n|-unboost|p1b: Fire Shrek|spd|1\n|move|p1a: Genie|Thunderbolt|p2b: Torterra\n|-activate|p2b: Torterra|move: Protect\n|\n|-weather|SunnyDay|[upkeep]\n|upkeep\n|turn|4\n|\n|t:|1699756477\n|move|p1b: Fire Shrek|Follow Me|p1b: Fire Shrek\n|-singleturn|p1b: Fire Shrek|move: Follow Me\n|move|p2b: Torterra|Wood Hammer|p1b: Fire Shrek\n|-resisted|p1b: Fire Shrek\n|-damage|p1b: Fire Shrek|0 fnt\n|faint|p1b: Fire Shrek\n|-damage|p2b: Torterra|42\/100|[from] Recoil\n|move|p2a: Heatran|Heat Wave|p1a: Genie\n|-damage|p1a: Genie|41\/100\n|move|p1a: Genie|Thunderbolt|p2b: Torterra\n|-supereffective|p2b: Torterra\n|-damage|p2b: Torterra|0 fnt\n|faint|p2b: Torterra\n|\n|-weather|SunnyDay|[upkeep]\n|-sideend|p2: Bardemis|move: Tailwind\n|upkeep\n|\n|t:|1699756498\n|switch|p1b: Old Donphan|Great Tusk, L50|100\/100\n|switch|p2b: Farigiraf|Farigiraf, L50, M, shiny|100\/100\n|-activate|p1b: Old Donphan|ability: Protosynthesis\n|-start|p1b: Old Donphan|protosynthesisatk\n|turn|5\n|inactive|spork2000 has 30 seconds left.\n|\n|t:|1699756531\n|move|p2a: Heatran|Protect|p2a: Heatran\n|-singleturn|p2a: Heatran|Protect\n|move|p1b: Old Donphan|Headlong Rush|p2b: Farigiraf\n|-damage|p2b: Farigiraf|21\/100\n|-unboost|p1b: Old Donphan|def|1\n|-unboost|p1b: Old Donphan|spd|1\n|move|p1a: Genie|Thunderbolt|p2b: Farigiraf\n|-damage|p2b: Farigiraf|0 fnt\n|faint|p2b: Farigiraf\n|\n|-weather|none\n|-end|p1b: Old Donphan|Protosynthesis\n|upkeep\n|turn|6\n|\n|t:|1699756548\n|move|p1b: Old Donphan|Headlong Rush|p2a: Heatran\n|-supereffective|p2a: Heatran\n|-damage|p2a: Heatran|0 fnt\n|-unboost|p1b: Old Donphan|def|1\n|-unboost|p1b: Old Donphan|spd|1\n|faint|p2a: Heatran\n|\n|win|spork2000\n|c|\u2606spork2000|Good games\n|l| E.Bluemage\n","uploadtime":1699756569,"views":28,"p1id":"spork2000","p2id":"bardemis","formatid":"gen9vgc2023regulatione","rating":0,"private":0,"password":""}