{"id":"gen9vgc2023regulatione-1995536568","p1":"Ustad22","p2":"doofsus","format":"[Gen 9] VGC 2023 Regulation E","log":"|j|\u2606Ustad22\n|j|\u2606doofsus\n|t:|1700580828\n|gametype|doubles\n|player|p1|Ustad22|266|1107\n|player|p2|doofsus|170|1059\n|teamsize|p1|6\n|teamsize|p2|6\n|gen|9\n|tier|[Gen 9] VGC 2023 Regulation E\n|rated|\n|rule|Species Clause: Limit one of each Pok\u00e9mon\n|rule|Item Clause: Limit one of each item\n|clearpoke\n|poke|p1|Armarouge, L50, M|\n|poke|p1|Indeedee, L50, M|\n|poke|p1|Kingambit, L50, M|\n|poke|p1|Iron Hands, L50|\n|poke|p1|Samurott-Hisui, L50, M|\n|poke|p1|Tornadus, L50, M|\n|poke|p2|Baxcalibur, L50, M|\n|poke|p2|Ninetales-Alola, L50, F|\n|poke|p2|Flutter Mane, L50|\n|poke|p2|Chien-Pao, L50|\n|poke|p2|Dachsbun, L50, F|\n|poke|p2|Basculegion, L50, M|\n|teampreview|4\n|\n|t:|1700580863\n|start\n|switch|p1a: Indeedee|Indeedee, L50, M|100\/100\n|switch|p1b: Samurott|Samurott-Hisui, L50, M|100\/100\n|switch|p2a: Ninetales|Ninetales-Alola, L50, F|100\/100\n|switch|p2b: Flutter Mane|Flutter Mane, L50, shiny|100\/100\n|-weather|Snow|[from] ability: Snow Warning|[of] p2a: Ninetales\n|-fieldstart|move: Psychic Terrain|[from] ability: Psychic Surge|[of] p1a: Indeedee\n|turn|1\n|\n|t:|1700580900\n|switch|p1a: Iron Hands|Iron Hands, L50|100\/100\n|move|p2b: Flutter Mane|Moonblast|p1b: Samurott\n|-supereffective|p1b: Samurott\n|-damage|p1b: Samurott|0 fnt\n|faint|p1b: Samurott\n|move|p2a: Ninetales|Aurora Veil|p2a: Ninetales\n|-sidestart|p2: doofsus|move: Aurora Veil\n|\n|-weather|Snow|[upkeep]\n|upkeep\n|\n|t:|1700580911\n|switch|p1b: Indeedee|Indeedee, L50, M|100\/100\n|turn|2\n|\n|t:|1700580930\n|-end|p2b: Flutter Mane|Protosynthesis|[silent]\n|switch|p2b: Baxcalibur|Baxcalibur, L50, M, shiny|100\/100\n|switch|p1b: Kingambit|Kingambit, L50, M|100\/100\n|move|p2a: Ninetales|Blizzard|p1a: Iron Hands|[spread] p1a,p1b\n|-resisted|p1b: Kingambit\n|-damage|p1a: Iron Hands|84\/100\n|-damage|p1b: Kingambit|88\/100\n|move|p1a: Iron Hands|Stomping Tantrum|p2a: Ninetales\n|-damage|p2a: Ninetales|84\/100\n|\n|-weather|Snow|[upkeep]\n|upkeep\n|turn|3\n|\n|t:|1700580952\n|move|p2a: Ninetales|Moonblast|p1a: Iron Hands\n|-supereffective|p1a: Iron Hands\n|-damage|p1a: Iron Hands|48\/100\n|move|p2b: Baxcalibur|Dragon Dance|p2b: Baxcalibur\n|-boost|p2b: Baxcalibur|atk|1\n|-boost|p2b: Baxcalibur|spe|1\n|move|p1b: Kingambit|Iron Head|p2a: Ninetales\n|-supereffective|p2a: Ninetales\n|-damage|p2a: Ninetales|0 fnt\n|faint|p2a: Ninetales\n|move|p1a: Iron Hands|Drain Punch|p2b: Baxcalibur\n|-supereffective|p2b: Baxcalibur\n|-damage|p2b: Baxcalibur|58\/100\n|-heal|p1a: Iron Hands|63\/100|[from] drain|[of] p2b: Baxcalibur\n|\n|-weather|Snow|[upkeep]\n|upkeep\n|\n|t:|1700580970\n|switch|p2a: Chien-Pao|Chien-Pao, L50|100\/100\n|-ability|p2a: Chien-Pao|Sword of Ruin\n|turn|4\n|\n|t:|1700580990\n|-terastallize|p2b: Baxcalibur|Fairy\n|move|p2b: Baxcalibur|Glaive Rush|p1a: Iron Hands\n|-damage|p1a: Iron Hands|0 fnt\n|-singlemove|p2b: Baxcalibur|Glaive Rush|[silent]\n|faint|p1a: Iron Hands\n|-end|p1a: Iron Hands|Quark Drive|[silent]\n|move|p2a: Chien-Pao|Sacred Sword|p1b: Kingambit\n|-supereffective|p1b: Kingambit\n|-damage|p1b: Kingambit|0 fnt\n|faint|p1b: Kingambit\n|\n|-weather|Snow|[upkeep]\n|upkeep\n|\n|t:|1700581005\n|switch|p1a: Indeedee|Indeedee, L50, M|100\/100\n|turn|5\n|\n|t:|1700581014\n|-terastallize|p1a: Indeedee|Ghost\n|move|p2b: Baxcalibur|Icicle Spear|p1a: Indeedee\n|-damage|p1a: Indeedee|48\/100\n|-damage|p1a: Indeedee|0 fnt\n|faint|p1a: Indeedee\n|-hitcount|p1: Indeedee|2\n|\n|win|doofsus\n|raw|Ustad22's rating: 1107 &rarr; <strong>1079<\/strong><br \/>(-28 for losing)\n|raw|doofsus's rating: 1059 &rarr; <strong>1094<\/strong><br \/>(+35 for winning)\n|l|\u2606Ustad22\n","uploadtime":1700581028,"views":10,"p1id":"ustad22","p2id":"doofsus","formatid":"gen9vgc2023regulatione","rating":1079,"private":0,"password":""}