{"id":"gen9vgc2023regulatione-1993864636","p1":"Choruto","p2":"clumsyyuki","format":"[Gen 9] VGC 2023 Regulation E","log":"|j|\u2606Choruto\n|j|\u203dclumsyyuki\n|n|\u2606Choruto|choruto\n|n|\u203dclumsyyuki|clumsyyuki\n|html|View the match progress at <a href=\"\/game-bestof3-gen9vgc2023regulatione-1993861759\">game-bestof3-gen9vgc2023regulatione-1993861759<\/a>\n|t:|1700367056\n|gametype|doubles\n|player|p1|Choruto|fisherman|\n|player|p2|clumsyyuki|leaf-masters|\n|teamsize|p1|6\n|teamsize|p2|6\n|gen|9\n|tier|[Gen 9] VGC 2023 Regulation E\n|rule|Species Clause: Limit one of each Pok\u00e9mon\n|rule|Item Clause: Limit one of each item\n|clearpoke\n|poke|p1|Gholdengo, L50|\n|poke|p1|Tornadus, L50, M|\n|poke|p1|Urshifu-*, L50, M|\n|poke|p1|Iron Hands, L50|\n|poke|p1|Farigiraf, L50, F|\n|poke|p1|Ninetales-Alola, L50, F|\n|poke|p2|Iron Bundle, L50|\n|poke|p2|Ogerpon-Hearthflame, L50, F|\n|poke|p2|Landorus-Therian, L50, M|\n|poke|p2|Flutter Mane, L50|\n|poke|p2|Rillaboom, L50, F|\n|poke|p2|Chien-Pao, L50|\n|teampreview|4\nclumsyyuki has agreed to open team sheets.\nChoruto has agreed to open team sheets.\n|showteam|p1|Gholdengo||Leftovers|GoodasGold|MakeItRain,ShadowBall,NastyPlot,Protect||||||50|,,,,,Dragon]Tornadus||SkyPlate|Prankster|BleakwindStorm,Tailwind,Taunt,RainDance|||M|||50|,,,,,Flying]Urshifu-Rapid-Strike||ChoiceScarf|UnseenFist|SurgingStrikes,CloseCombat,IceSpinner,Uturn|||M|||50|,,,,,Water]Iron Hands||AssaultVest|QuarkDrive|WildCharge,DrainPunch,HeavySlam,FakeOut||||||50|,,,,,Water]Farigiraf||SitrusBerry|ArmorTail|Psychic,HyperVoice,TrickRoom,Imprison|||F|||50|,,,,,Water]Ninetales-Alola||LightClay|SnowWarning|FreezeDry,Moonblast,Protect,AuroraVeil|||F|||50|,,,,,Water\n|showteam|p2|Iron Bundle||BoosterEnergy|QuarkDrive|Protect,FreezeDry,IcyWind,HydroPump||||||50|,,,,,Ghost]Ogerpon-Hearthflame||HearthflameMask|MoldBreaker|IvyCudgel,GrassyGlide,SpikyShield,SwordsDance|||F|||50|,,,,,Fire]Landorus-Therian||ChoiceScarf|Intimidate|StompingTantrum,Uturn,TeraBlast,RockSlide|||M|||50|,,,,,Flying]Flutter Mane||ChoiceSpecs|Protosynthesis|Moonblast,DazzlingGleam,Thunderbolt,ShadowBall||||||50|,,,,,Fairy]Rillaboom||AssaultVest|GrassySurge|HighHorsepower,WoodHammer,GrassyGlide,FakeOut|||F|||50|,,,,,Fire]Chien-Pao||FocusSash|SwordofRuin|SuckerPunch,ThroatChop,Protect,IceSpinner||||||50|,,,,,Dark\n|\n|t:|1700367122\n|start\n|switch|p1a: Halibut|Iron Hands, L50, shiny|100\/100\n|switch|p1b: Cherry|Farigiraf, L50, F|100\/100\n|switch|p2a: Iron Bundle|Iron Bundle, L50|100\/100\n|switch|p2b: Ogerpon|Ogerpon-Hearthflame, L50, F|100\/100\n|-ability|p2b: Ogerpon|Mold Breaker\n|-enditem|p2a: Iron Bundle|Booster Energy\n|-activate|p2a: Iron Bundle|ability: Quark Drive|[fromitem]\n|-start|p2a: Iron Bundle|quarkdrivespe\n|turn|1\n|\n|t:|1700367170\n|move|p1a: Halibut|Fake Out|p2b: Ogerpon\n|-damage|p2b: Ogerpon|80\/100\n|move|p2a: Iron Bundle|Hydro Pump|p1b: Cherry\n|-damage|p1b: Cherry|39\/100\n|-enditem|p1b: Cherry|Sitrus Berry|[eat]\n|-heal|p1b: Cherry|64\/100|[from] item: Sitrus Berry\n|cant|p2b: Ogerpon|flinch\n|move|p1b: Cherry|Trick Room|p1b: Cherry\n|-fieldstart|move: Trick Room|[of] p1b: Cherry\n|\n|upkeep\n|turn|2\n|\n|t:|1700367185\n|move|p2b: Ogerpon|Spiky Shield|p2b: Ogerpon\n|-singleturn|p2b: Ogerpon|move: Protect\n|move|p2a: Iron Bundle|Protect|p2a: Iron Bundle\n|-singleturn|p2a: Iron Bundle|Protect\n|move|p1a: Halibut|Drain Punch|p2b: Ogerpon\n|-activate|p2b: Ogerpon|move: Protect\n|-damage|p1a: Halibut|88\/100|[from] Spiky Shield|[of] p2b: Ogerpon\n|move|p1b: Cherry|Psychic|p2b: Ogerpon\n|-activate|p2b: Ogerpon|move: Protect\n|\n|upkeep\n|turn|3\n|\n|t:|1700367206\n|switch|p1b: Trident|Gholdengo, L50|100\/100\n|switch|p2b: Rillaboom|Rillaboom, L50, F|100\/100\n|-fieldstart|move: Grassy Terrain|[from] ability: Grassy Surge|[of] p2b: Rillaboom\n|move|p1a: Halibut|Drain Punch|p2a: Iron Bundle\n|-supereffective|p2a: Iron Bundle\n|-damage|p2a: Iron Bundle|0 fnt\n|-heal|p1a: Halibut|100\/100|[from] drain|[of] p2a: Iron Bundle\n|faint|p2a: Iron Bundle\n|-end|p2a: Iron Bundle|Quark Drive|[silent]\n|\n|upkeep\n|\n|t:|1700367223\n|switch|p2a: Ogerpon|Ogerpon-Hearthflame, L50, F|80\/100\n|-ability|p2a: Ogerpon|Mold Breaker\n|turn|4\n|\n|t:|1700367253\n|-terastallize|p2a: Ogerpon|Fire\n|detailschange|p2a: Ogerpon|Ogerpon-Hearthflame-Tera, L50, F, tera:Fire\n|-ability|p2a: Ogerpon|Embody Aspect (Hearthflame)|boost\n|-boost|p2a: Ogerpon|atk|1\n|move|p1a: Halibut|Drain Punch|p2a: Ogerpon\n|-damage|p2a: Ogerpon|21\/100\n|move|p2b: Rillaboom|High Horsepower|p1b: Trident\n|-supereffective|p1b: Trident\n|-damage|p1b: Trident|36\/100\n|move|p1b: Trident|Shadow Ball|p2a: Ogerpon\n|-damage|p2a: Ogerpon|0 fnt\n|faint|p2a: Ogerpon\n|\n|-heal|p1b: Trident|42\/100|[from] Grassy Terrain\n|-heal|p1b: Trident|49\/100|[from] item: Leftovers\n|upkeep\n|\n|t:|1700367268\n|switch|p2a: Chien-Pao|Chien-Pao, L50|100\/100\n|-ability|p2a: Chien-Pao|Sword of Ruin\n|turn|5\n|\n|t:|1700367275\n|move|p2a: Chien-Pao|Protect|p2a: Chien-Pao\n|-singleturn|p2a: Chien-Pao|Protect\n|move|p1a: Halibut|Drain Punch|p2b: Rillaboom\n|-damage|p2b: Rillaboom|45\/100\n|move|p2b: Rillaboom|High Horsepower|p1b: Trident|[miss]\n|-miss|p2b: Rillaboom|p1b: Trident\n|move|p1b: Trident|Make It Rain|p2b: Rillaboom|[spread] p2b\n|-activate|p2a: Chien-Pao|move: Protect\n|-damage|p2b: Rillaboom|11\/100\n|-unboost|p1b: Trident|spa|1\n|\n|-heal|p2b: Rillaboom|17\/100|[from] Grassy Terrain\n|-heal|p1b: Trident|55\/100|[from] Grassy Terrain\n|-heal|p1b: Trident|61\/100|[from] item: Leftovers\n|-fieldend|move: Trick Room\n|upkeep\n|turn|6\n|\n|t:|1700367301\n|move|p2a: Chien-Pao|Ice Spinner|p1a: Halibut\n|-damage|p1a: Halibut|57\/100\n|-fieldend|move: Grassy Terrain\n|move|p1b: Trident|Make It Rain|p2a: Chien-Pao|[spread] p2a,p2b\n|-supereffective|p2a: Chien-Pao\n|-damage|p2a: Chien-Pao|14\/100\n|-damage|p2b: Rillaboom|0 fnt\n|-unboost|p1b: Trident|spa|1\n|faint|p2b: Rillaboom\n|move|p1a: Halibut|Drain Punch|p2a: Chien-Pao\n|-supereffective|p2a: Chien-Pao\n|-damage|p2a: Chien-Pao|0 fnt\n|-heal|p1a: Halibut|62\/100|[from] drain|[of] p2a: Chien-Pao\n|faint|p2a: Chien-Pao\n|\n|win|Choruto\n|c|&|\/uhtml prompt-choruto,Choruto is ready for game 3!\n|inactive|clumsyyuki has 50 seconds to confirm battle start!\n","uploadtime":1700367321,"views":9,"p1id":"choruto","p2id":"clumsyyuki","formatid":"gen9vgc2023regulatione","rating":0,"private":0,"password":""}