{"id":"gen9vgc2023regulatione-1998236853","p1":"Yurdi","p2":"Fadecampo","format":"[Gen 9] VGC 2023 Regulation E","log":"|j|\u2606Yurdi\n|j|\u2606Fadecampo\n|n|\u2606Yurdi|yurdi\n|n|\u2606Fadecampo|fadecampo\n|html|View the match progress at <a href=\"\/game-bestof3-gen9vgc2023regulatione-1998235500\">game-bestof3-gen9vgc2023regulatione-1998235500<\/a>\n|t:|1700917733\n|gametype|doubles\n|player|p1|Yurdi|steven|\n|player|p2|Fadecampo|101|\n|teamsize|p1|6\n|teamsize|p2|6\n|gen|9\n|tier|[Gen 9] VGC 2023 Regulation E\n|rated|Tournament battle\n|rule|Species Clause: Limit one of each Pok\u00e9mon\n|rule|Item Clause: Limit one of each item\n|clearpoke\n|poke|p1|Ogerpon-Wellspring, L50, F|\n|poke|p1|Arcanine-Hisui, L50, F|\n|poke|p1|Iron Hands, L50|\n|poke|p1|Flutter Mane, L50|\n|poke|p1|Tornadus, L50, M|\n|poke|p1|Chien-Pao, L50|\n|poke|p2|Amoonguss, L50, F|\n|poke|p2|Tornadus, L50, M|\n|poke|p2|Iron Hands, L50|\n|poke|p2|Arcanine-Hisui, L50, F|\n|poke|p2|Gholdengo, L50|\n|poke|p2|Urshifu-*, L50, M|\n|teampreview|4\n|showteam|p1|Ogerpon-Wellspring||WellspringMask|WaterAbsorb|IvyCudgel,HornLeech,FollowMe,SpikyShield|||F|||50|,,,,,Water]Arcanine-Hisui||ChoiceBand|Intimidate|FlareBlitz,RockSlide,ExtremeSpeed,TeraBlast|||F|||50|,,,,,Fairy]Iron Hands||AssaultVest|QuarkDrive|WildCharge,DrainPunch,HeavySlam,FakeOut||||||50|,,,,,Fire]Flutter Mane||BoosterEnergy|Protosynthesis|Moonblast,ShadowBall,IcyWind,Protect||||||50|,,,,,Fairy]Tornadus||CovertCloak|Prankster|BleakwindStorm,Tailwind,Taunt,Protect|||M|||50|,,,,,Ghost]Chien-Pao||FocusSash|SwordofRuin|IceSpinner,LashOut,SuckerPunch,Protect||||||50|,,,,,Ghost\n|showteam|p2|Amoonguss||SitrusBerry|Regenerator|PollenPuff,Spore,RagePowder,Protect|||F|||50|,,,,,Water]Tornadus||RockyHelmet|Prankster|Tailwind,BleakwindStorm,Protect,RainDance|||M|||50|,,,,,Ghost]Iron Hands||AssaultVest|QuarkDrive|FakeOut,WildCharge,DrainPunch,VoltSwitch||||||50|,,,,,Water]Arcanine-Hisui||ChoiceBand|Intimidate|FlareBlitz,ExtremeSpeed,RockSlide,HeadSmash|||F|||50|,,,,,Fairy]Gholdengo||Leftovers|GoodasGold|MakeItRain,ShadowBall,NastyPlot,Protect||||||50|,,,,,Dragon]Urshifu-Rapid-Strike||MysticWater|UnseenFist|AquaJet,Detect,CloseCombat,SurgingStrikes|||M|||50|,,,,,Water\n|\n|t:|1700917760\n|start\n|switch|p1a: Flutter Mane|Flutter Mane, L50|100\/100\n|switch|p1b: Tornadus|Tornadus, L50, M|100\/100\n|switch|p2a: Hirofumi|Arcanine-Hisui, L50, F, shiny|100\/100\n|switch|p2b: Snow|Tornadus, L50, M|100\/100\n|-ability|p2a: Hirofumi|Intimidate|boost\n|-unboost|p1a: Flutter Mane|atk|1\n|-unboost|p1b: Tornadus|atk|1\n|-enditem|p1a: Flutter Mane|Booster Energy\n|-activate|p1a: Flutter Mane|ability: Protosynthesis|[fromitem]\n|-start|p1a: Flutter Mane|protosynthesisspe\n|turn|1\n|inactive|Battle timer is ON: inactive players will automatically lose when time's up. (requested by Fadecampo)\n|\n|t:|1700917780\n|-terastallize|p1a: Flutter Mane|Fairy\n|move|p1b: Tornadus|Tailwind|p1b: Tornadus\n|-sidestart|p1: Yurdi|move: Tailwind\n|move|p1a: Flutter Mane|Moonblast|p2a: Hirofumi\n|-resisted|p2a: Hirofumi\n|-damage|p2a: Hirofumi|67\/100\n|move|p2b: Snow|Bleakwind Storm|p1a: Flutter Mane|[spread] p1b\n|-miss|p2b: Snow|p1a: Flutter Mane\n|-damage|p1b: Tornadus|70\/100\n|move|p2a: Hirofumi|Rock Slide|p1a: Flutter Mane|[spread] p1a,p1b\n|-supereffective|p1b: Tornadus\n|-damage|p1a: Flutter Mane|33\/100\n|-damage|p1b: Tornadus|0 fnt\n|faint|p1b: Tornadus\n|\n|upkeep\n|\n|t:|1700917798\n|switch|p1b: Ogerpon|Ogerpon-Wellspring, L50, F|100\/100\n|turn|2\n|\n|t:|1700917805\n|switch|p2a: amoonguss bus|Amoonguss, L50, F, shiny|100\/100\n|move|p2b: Snow|Tailwind|p2b: Snow\n|-sidestart|p2: Fadecampo|move: Tailwind\n|move|p1a: Flutter Mane|Moonblast|p2b: Snow\n|-damage|p2b: Snow|33\/100\n|move|p1b: Ogerpon|Ivy Cudgel|p2a: amoonguss bus|[anim] Ivy Cudgel Water\n|-resisted|p2a: amoonguss bus\n|-crit|p2a: amoonguss bus\n|-damage|p2a: amoonguss bus|67\/100\n|\n|upkeep\n|turn|3\n|\n|t:|1700917829\n|move|p2b: Snow|Protect|p2b: Snow\n|-singleturn|p2b: Snow|Protect\n|move|p2a: amoonguss bus|Protect|p2a: amoonguss bus\n|-singleturn|p2a: amoonguss bus|Protect\n|move|p1b: Ogerpon|Follow Me|p1b: Ogerpon\n|-singleturn|p1b: Ogerpon|move: Follow Me\n|move|p1a: Flutter Mane|Icy Wind|p2a: amoonguss bus|[spread] \n|-activate|p2a: amoonguss bus|move: Protect\n|-activate|p2b: Snow|move: Protect\n|\n|upkeep\n|turn|4\n|\n|t:|1700917838\n|move|p1b: Ogerpon|Follow Me|p1b: Ogerpon\n|-singleturn|p1b: Ogerpon|move: Follow Me\n|move|p1a: Flutter Mane|Icy Wind|p2a: amoonguss bus|[spread] p2a,p2b\n|-supereffective|p2a: amoonguss bus\n|-supereffective|p2b: Snow\n|-damage|p2a: amoonguss bus|42\/100\n|-damage|p2b: Snow|1\/100\n|-unboost|p2a: amoonguss bus|spe|1\n|-unboost|p2b: Snow|spe|1\n|-enditem|p2a: amoonguss bus|Sitrus Berry|[eat]\n|-heal|p2a: amoonguss bus|67\/100|[from] item: Sitrus Berry\n|move|p2b: Snow|Bleakwind Storm|p1a: Flutter Mane|[spread] p1a,p1b\n|-supereffective|p1b: Ogerpon\n|-damage|p1a: Flutter Mane|0 fnt\n|-damage|p1b: Ogerpon|40\/100\n|faint|p1a: Flutter Mane\n|-end|p1a: Flutter Mane|Protosynthesis|[silent]\n|move|p2a: amoonguss bus|Pollen Puff|p1b: Ogerpon\n|-supereffective|p1b: Ogerpon\n|-damage|p1b: Ogerpon|6\/100\n|\n|-sideend|p1: Yurdi|move: Tailwind\n|upkeep\n|\n|t:|1700917854\n|switch|p1a: Arcanine|Arcanine-Hisui, L50, F|100\/100\n|-ability|p1a: Arcanine|Intimidate|boost\n|-unboost|p2a: amoonguss bus|atk|1\n|-unboost|p2b: Snow|atk|1\n|turn|5\n|\n|t:|1700917865\n|switch|p2b: Hirofumi|Arcanine-Hisui, L50, F, shiny|67\/100\n|-ability|p2b: Hirofumi|Intimidate|boost\n|-unboost|p1a: Arcanine|atk|1\n|-unboost|p1b: Ogerpon|atk|1\n|move|p1b: Ogerpon|Spiky Shield|p1b: Ogerpon\n|-singleturn|p1b: Ogerpon|move: Protect\n|move|p1a: Arcanine|Rock Slide|p2b: Hirofumi|[spread] p2a\n|-miss|p1a: Arcanine|p2b: Hirofumi\n|-damage|p2a: amoonguss bus|45\/100\n|move|p2a: amoonguss bus|Pollen Puff|p1b: Ogerpon\n|-activate|p1b: Ogerpon|move: Protect\n|\n|-sideend|p2: Fadecampo|move: Tailwind\n|upkeep\n|turn|6\n|\n|t:|1700917882\n|switch|p2a: Xavier|Gholdengo, L50|100\/100\n|move|p2b: Hirofumi|Extreme Speed|p1b: Ogerpon\n|-damage|p1b: Ogerpon|0 fnt\n|faint|p1b: Ogerpon\n|move|p1a: Arcanine|Rock Slide|p2a: Xavier|[spread] p2a\n|-miss|p1a: Arcanine|p2b: Hirofumi\n|-resisted|p2a: Xavier\n|-damage|p2a: Xavier|87\/100\n|\n|-heal|p2a: Xavier|94\/100|[from] item: Leftovers\n|upkeep\n|turn|7\n|\n|t:|1700917887\n|switch|p2b: amoonguss bus|Amoonguss, L50, F, shiny|78\/100\n|move|p1a: Arcanine|Rock Slide|p2a: Xavier|[spread] p2a,p2b\n|-resisted|p2a: Xavier\n|-damage|p2a: Xavier|81\/100\n|-damage|p2b: amoonguss bus|58\/100\n|move|p2a: Xavier|Nasty Plot|p2a: Xavier\n|-boost|p2a: Xavier|spa|2\n|\n|-heal|p2a: Xavier|87\/100|[from] item: Leftovers\n|upkeep\n|turn|8\n|-message|Yurdi forfeited.\n|\n|win|Fadecampo\n|l|\u2606Yurdi\n","uploadtime":1700917904,"views":3,"p1id":"yurdi","p2id":"fadecampo","formatid":"gen9vgc2023regulatione","rating":0,"private":0,"password":""}