{"id":"gen9vgc2023regulatione-1991680845","p1":"RAW_TOAST_94","p2":"Redorian","format":"[Gen 9] VGC 2023 Regulation E","log":"|j|\u2606RAW_TOAST_94\n|j|\u2606Redorian\n|n|\u2606RAW_TOAST_94|rawtoast94\n|n|\u2606Redorian|redorian\n|html|View the match progress at <a href=\"\/game-bestof3-gen9vgc2023regulatione-1991680844\">game-bestof3-gen9vgc2023regulatione-1991680844<\/a>\n|t:|1700101964\n|gametype|doubles\n|player|p1|RAW_TOAST_94|cynthia|\n|player|p2|Redorian|proton|\n|teamsize|p1|6\n|teamsize|p2|6\n|gen|9\n|tier|[Gen 9] VGC 2023 Regulation E\n|rule|Species Clause: Limit one of each Pok\u00e9mon\n|rule|Item Clause: Limit one of each item\n|clearpoke\n|poke|p1|Ogerpon-Wellspring, L50, F|\n|poke|p1|Milotic, L50, F|\n|poke|p1|Politoed, L50, F|\n|poke|p1|Empoleon, L50, M|\n|poke|p1|Basculegion, L50, M|\n|poke|p1|Gyarados, L50, F|\n|poke|p2|Ninetales, L50, F|\n|poke|p2|Chi-Yu, L50|\n|poke|p2|Shiftry, L50, M|\n|poke|p2|Flutter Mane, L50|\n|poke|p2|Armarouge, L50, M|\n|poke|p2|Roaring Moon, L50|\n|teampreview|4\nRAW_TOAST_94 has agreed to open team sheets.\nRedorian has agreed to open team sheets.\n|showteam|p1|Ogerpon-Wellspring||WellspringMask|WaterAbsorb|IvyCudgel,WoodHammer,SpikyShield,Uturn|||F|||50|,,,,,Water]Milotic||Leftovers|Competitive|TeraBlast,Recover,Scald,IceBeam|||F|||50|,,,,,Grass]Politoed||DampRock|Drizzle|EarthPower,Encore,IcyWind,Surf|||F|||50|,,,,,Grass]Empoleon||ChoiceSpecs|Competitive|FlashCannon,HydroPump,IceBeam,FlipTurn|||M|||50|,,,,,Steel]Basculegion||ChoiceBand|SwiftSwim|LastRespects,PsychicFangs,WaveCrash,FlipTurn|||M|||50|,,,,,Ghost]Gyarados||SafetyGoggles|Intimidate|Taunt,ThunderWave,Waterfall,IronHead|||F|||50|,,,,,Dark\n|showteam|p2|Ninetales||HeatRock|Drought|HeatWave,Encore,Protect,WillOWisp|||F|||50|,,,,,Grass]Chi-Yu||LifeOrb|BeadsofRuin|Overheat,Protect,DarkPulse,HeatWave||||||50|,,,,,Water]Shiftry||FocusSash|Chlorophyll|KnockOff,FakeOut,SolarBlade,Tailwind|||M|||50|,,,,,Poison]Flutter Mane||PixiePlate|Protosynthesis|Protect,IcyWind,ShadowBall,DazzlingGleam||||||50|,,,,,Fairy]Armarouge||WeaknessPolicy|WeakArmor|CalmMind,StoredPower,ArmorCannon,WideGuard|||M|||50|,,,,,Grass]Roaring Moon||BoosterEnergy|Protosynthesis|Uturn,BreakingSwipe,LashOut,Acrobatics||||||50|,,,,,Flying\n|\n|t:|1700102006\n|start\n|switch|p1a: Basculegion|Basculegion, L50, M, shiny|100\/100\n|switch|p1b: Gyarados|Gyarados, L50, F, shiny|100\/100\n|switch|p2a: Mars|Roaring Moon, L50, shiny|100\/100\n|switch|p2b: Tengu|Shiftry, L50, M, shiny|100\/100\n|-ability|p1b: Gyarados|Intimidate|boost\n|-unboost|p2a: Mars|atk|1\n|-unboost|p2b: Tengu|atk|1\n|-enditem|p2a: Mars|Booster Energy\n|-activate|p2a: Mars|ability: Protosynthesis|[fromitem]\n|-start|p2a: Mars|protosynthesisspe\n|turn|1\n|\n|t:|1700102042\n|switch|p1b: Politoed|Politoed, L50, F, shiny|100\/100\n|-weather|RainDance|[from] ability: Drizzle|[of] p1b: Politoed\n|move|p2b: Tengu|Fake Out|p1b: Politoed\n|-damage|p1b: Politoed|92\/100\n|move|p1a: Basculegion|Flip Turn|p2a: Mars\n|-resisted|p2a: Mars\n|-damage|p2a: Mars|59\/100\n|\n|t:|1700102051\n|switch|p1a: Gyarados|Gyarados, L50, F, shiny|100\/100|[from] Flip Turn\n|-ability|p1a: Gyarados|Intimidate|boost\n|-unboost|p2a: Mars|atk|1\n|-unboost|p2b: Tengu|atk|1\n|move|p2a: Mars|U-turn|p1a: Gyarados\n|-resisted|p1a: Gyarados\n|-damage|p1a: Gyarados|95\/100\n|\n|t:|1700102058\n|-end|p2a: Mars|Protosynthesis|[silent]\n|switch|p2a: Kyubi|Ninetales, L50, F, shiny|100\/100|[from] U-turn\n|-weather|SunnyDay|[from] ability: Drought|[of] p2a: Kyubi\n|\n|-weather|SunnyDay|[upkeep]\n|upkeep\n|turn|2\n|\n|t:|1700102077\n|switch|p2b: Cyrus|Armarouge, L50, M, shiny|100\/100\n|move|p2a: Kyubi|Will-O-Wisp|p1a: Gyarados\n|-status|p1a: Gyarados|brn\n|move|p1a: Gyarados|Taunt|p2b: Cyrus\n|-start|p2b: Cyrus|move: Taunt\n|move|p1b: Politoed|Earth Power|p2a: Kyubi\n|-supereffective|p2a: Kyubi\n|-crit|p2a: Kyubi\n|-damage|p2a: Kyubi|34\/100\n|\n|-weather|SunnyDay|[upkeep]\n|-damage|p1a: Gyarados|89\/100 brn|[from] brn\n|upkeep\n|turn|3\n|\n|t:|1700102107\n|switch|p2a: Mars|Roaring Moon, L50, shiny|59\/100\n|-activate|p2a: Mars|ability: Protosynthesis\n|-start|p2a: Mars|protosynthesisspe\n|switch|p2b: Tengu|Shiftry, L50, M, shiny|100\/100\n|switch|p1b: Milotic|Milotic, L50, F|100\/100\n|move|p1a: Gyarados|Thunder Wave|p2a: Mars\n|-status|p2a: Mars|par\n|\n|-weather|SunnyDay|[upkeep]\n|-damage|p1a: Gyarados|83\/100 brn|[from] brn\n|upkeep\n|turn|4\n|\n|t:|1700102138\n|switch|p1a: Politoed|Politoed, L50, F, shiny|92\/100\n|-weather|RainDance|[from] ability: Drizzle|[of] p1a: Politoed\n|-end|p2a: Mars|Protosynthesis\n|move|p2b: Tengu|Knock Off|p1a: Politoed\n|-damage|p1a: Politoed|48\/100\n|-enditem|p1a: Politoed|Damp Rock|[from] move: Knock Off|[of] p2b: Tengu\n|move|p1b: Milotic|Ice Beam|p2b: Tengu\n|-supereffective|p2b: Tengu\n|-damage|p2b: Tengu|22\/100\n|move|p2a: Mars|Acrobatics|p1b: Milotic\n|-damage|p1b: Milotic|68\/100\n|\n|-weather|RainDance|[upkeep]\n|-heal|p1b: Milotic|74\/100|[from] item: Leftovers\n|upkeep\n|turn|5\n|\n|t:|1700102161\n|switch|p1a: Gyarados|Gyarados, L50, F, shiny|83\/100 brn\n|-ability|p1a: Gyarados|Intimidate|boost\n|-unboost|p2a: Mars|atk|1\n|-unboost|p2b: Tengu|atk|1\n|move|p2b: Tengu|Tailwind|p2b: Tengu\n|-sidestart|p2: Redorian|move: Tailwind\n|move|p2a: Mars|U-turn|p1b: Milotic\n|-damage|p1b: Milotic|59\/100\n|\n|t:|1700102175\n|-end|p2a: Mars|Protosynthesis|[silent]\n|switch|p2a: Cyrus|Armarouge, L50, M, shiny|100\/100|[from] U-turn\n|move|p1b: Milotic|Ice Beam|p2b: Tengu\n|-supereffective|p2b: Tengu\n|-damage|p2b: Tengu|0 fnt\n|faint|p2b: Tengu\n|\n|-weather|RainDance|[upkeep]\n|-heal|p1b: Milotic|65\/100|[from] item: Leftovers\n|-damage|p1a: Gyarados|77\/100 brn|[from] brn\n|upkeep\n|\n|t:|1700102184\n|switch|p2b: Kyubi|Ninetales, L50, F, shiny|34\/100\n|-weather|SunnyDay|[from] ability: Drought|[of] p2b: Kyubi\n|turn|6\n|\n|t:|1700102197\n|switch|p1a: Politoed|Politoed, L50, F, shiny|48\/100\n|-weather|RainDance|[from] ability: Drizzle|[of] p1a: Politoed\n|move|p2b: Kyubi|Encore|p1b: Milotic\n|-start|p1b: Milotic|Encore\n|move|p2a: Cyrus|Calm Mind|p2a: Cyrus\n|-boost|p2a: Cyrus|spa|1\n|-boost|p2a: Cyrus|spd|1\n|move|p1b: Milotic|Ice Beam|p2a: Cyrus\n|-resisted|p2a: Cyrus\n|-damage|p2a: Cyrus|92\/100\n|\n|-weather|RainDance|[upkeep]\n|-heal|p1b: Milotic|71\/100|[from] item: Leftovers\n|upkeep\n|turn|7\n|\n|t:|1700102225\n|switch|p2b: Mars|Roaring Moon, L50, shiny|59\/100 par\n|switch|p1b: Gyarados|Gyarados, L50, F, shiny|77\/100 brn\n|-ability|p1b: Gyarados|Intimidate|boost\n|-unboost|p2a: Cyrus|atk|1\n|-unboost|p2b: Mars|atk|1\n|move|p2a: Cyrus|Calm Mind|p2a: Cyrus\n|-boost|p2a: Cyrus|spa|1\n|-boost|p2a: Cyrus|spd|1\n|move|p1a: Politoed|Earth Power|p2b: Mars\n|-damage|p2b: Mars|37\/100 par\n|-unboost|p2b: Mars|spd|1\n|\n|-weather|RainDance|[upkeep]\n|-damage|p1b: Gyarados|71\/100 brn|[from] brn\n|upkeep\n|turn|8\n|\n|t:|1700102249\n|move|p2a: Cyrus|Stored Power|p1b: Gyarados\n|-damage|p1b: Gyarados|11\/100 brn\n|move|p2b: Mars|U-turn|p1a: Politoed\n|-damage|p1a: Politoed|30\/100\n|\n|t:|1700102254\n|-end|p2b: Mars|Protosynthesis|[silent]\n|switch|p2b: Kyubi|Ninetales, L50, F, shiny|34\/100|[from] U-turn\n|-weather|SunnyDay|[from] ability: Drought|[of] p2b: Kyubi\n|move|p1b: Gyarados|Waterfall|p2b: Kyubi\n|-supereffective|p2b: Kyubi\n|-damage|p2b: Kyubi|13\/100\n|move|p1a: Politoed|Encore|p2a: Cyrus\n|-start|p2a: Cyrus|Encore\n|\n|-weather|SunnyDay|[upkeep]\n|-damage|p1b: Gyarados|5\/100 brn|[from] brn\n|-sideend|p2: Redorian|move: Tailwind\n|upkeep\n|turn|9\n|\n|t:|1700102278\n|switch|p1a: Milotic|Milotic, L50, F|71\/100\n|-terastallize|p1b: Gyarados|Dark\n|-terastallize|p2a: Cyrus|Grass\n|move|p2b: Kyubi|Will-O-Wisp|p1a: Milotic\n|-status|p1a: Milotic|brn\n|move|p1b: Gyarados|Waterfall|p2b: Kyubi\n|-supereffective|p2b: Kyubi\n|-damage|p2b: Kyubi|0 fnt\n|faint|p2b: Kyubi\n|move|p2a: Cyrus|Stored Power|p1b: Gyarados\n|-immune|p1b: Gyarados\n|\n|-weather|SunnyDay|[upkeep]\n|-heal|p1a: Milotic|77\/100 brn|[from] item: Leftovers\n|-damage|p1b: Gyarados|0 fnt|[from] brn\n|faint|p1b: Gyarados\n|-damage|p1a: Milotic|71\/100 brn|[from] brn\n|upkeep\n|\n|t:|1700102296\n|switch|p2b: Mars|Roaring Moon, L50, shiny|37\/100 par\n|switch|p1b: Politoed|Politoed, L50, F, shiny|30\/100\n|-activate|p2b: Mars|ability: Protosynthesis\n|-start|p2b: Mars|protosynthesisspe\n|-weather|RainDance|[from] ability: Drizzle|[of] p1b: Politoed\n|-end|p2b: Mars|Protosynthesis\n|turn|10\n|\n|t:|1700102317\n|move|p1a: Milotic|Ice Beam|p2a: Cyrus\n|-supereffective|p2a: Cyrus\n|-damage|p2a: Cyrus|65\/100\n|-enditem|p2a: Cyrus|Weakness Policy\n|-boost|p2a: Cyrus|atk|2|[from] item: Weakness Policy\n|-boost|p2a: Cyrus|spa|2|[from] item: Weakness Policy\n|move|p2a: Cyrus|Stored Power|p1a: Milotic\n|-damage|p1a: Milotic|0 fnt\n|faint|p1a: Milotic\n|move|p2b: Mars|Acrobatics|p1b: Politoed\n|-damage|p1b: Politoed|0 fnt\n|faint|p1b: Politoed\n|\n|-weather|RainDance|[upkeep]\n|upkeep\n|\n|t:|1700102338\n|switch|p1b: Basculegion|Basculegion, L50, M, shiny|100\/100\n|turn|11\n|\n|t:|1700102349\n|move|p1b: Basculegion|Last Respects|p2a: Cyrus\n|-damage|p2a: Cyrus|0 fnt\n|faint|p2a: Cyrus\n|cant|p2b: Mars|par\n|\n|-weather|RainDance|[upkeep]\n|upkeep\n|turn|12\n|c|\u2606Redorian|awwwwwww\n|c|\u2606Redorian|dang\n|c|\u2606RAW_TOAST_94|PAPAHAX\n|\n|t:|1700102360\n|move|p1b: Basculegion|Last Respects|p2b: Mars\n|-resisted|p2b: Mars\n|-damage|p2b: Mars|0 fnt\n|faint|p2b: Mars\n|-end|p2b: Mars|Protosynthesis|[silent]\n|\n|win|RAW_TOAST_94\n|c|&|\/uhtml prompt-redorian,Redorian is ready for game 2!\n|c|\u2606RAW_TOAST_94|I have to go\n|c|\u2606RAW_TOAST_94|sorry\n","uploadtime":1700102369,"views":16,"p1id":"rawtoast94","p2id":"redorian","formatid":"gen9vgc2023regulatione","rating":0,"private":0,"password":""}