{"id":"gen9vgc2023regulatione-1996868795","p1":"xingshen","p2":"papsi_jr","format":"[Gen 9] VGC 2023 Regulation E","log":"|j|\u2606xingshen\n|j|\u2606papsi_jr\n|t:|1700737924\n|gametype|doubles\n|player|p1|xingshen|265|1148\n|player|p2|papsi_jr|harlequin|1037\n|teamsize|p1|6\n|teamsize|p2|6\n|gen|9\n|tier|[Gen 9] VGC 2023 Regulation E\n|rated|\n|rule|Species Clause: Limit one of each Pok\u00e9mon\n|rule|Item Clause: Limit one of each item\n|clearpoke\n|poke|p1|Landorus-Therian, L50, M|\n|poke|p1|Chi-Yu, L50|\n|poke|p1|Ogerpon-Hearthflame, L50, F|\n|poke|p1|Ninetales, L50, M|\n|poke|p1|Flutter Mane, L50|\n|poke|p1|Dragonite, L50, M|\n|poke|p2|Arcanine-Hisui, L50, M|\n|poke|p2|Brute Bonnet, L50|\n|poke|p2|Flutter Mane, L50|\n|poke|p2|Gastrodon, L50, F|\n|poke|p2|Sneasler, L50, M|\n|poke|p2|Tornadus, L50, M|\n|teampreview|4\n|inactive|Battle timer is ON: inactive players will automatically lose when time's up. (requested by papsi_jr)\n|inactive|xingshen has 60 seconds left.\n|inactive|papsi_jr has 60 seconds left.\n|\n|t:|1700737957\n|start\n|switch|p1a: Dragonite|Dragonite, L50, M|100\/100\n|switch|p1b: Ogerpon|Ogerpon-Hearthflame, L50, F|100\/100\n|switch|p2a: Flutter Mane|Flutter Mane, L50, shiny|100\/100\n|switch|p2b: Brute Bonnet|Brute Bonnet, L50, shiny|100\/100\n|-ability|p1b: Ogerpon|Mold Breaker\n|turn|1\n|inactive|papsi_jr has 30 seconds left.\n|inactive|papsi_jr has 20 seconds left.\n|\n|t:|1700737997\n|-terastallize|p2b: Brute Bonnet|Ghost\n|move|p2b: Brute Bonnet|Rage Powder|p2b: Brute Bonnet\n|-singleturn|p2b: Brute Bonnet|move: Rage Powder\n|move|p2a: Flutter Mane|Substitute|p2a: Flutter Mane\n|-start|p2a: Flutter Mane|Substitute\n|-damage|p2a: Flutter Mane|76\/100\n|move|p1b: Ogerpon|Ivy Cudgel|p2a: Flutter Mane|[anim] Ivy Cudgel Fire\n|-crit|p2a: Flutter Mane\n|-end|p2a: Flutter Mane|Substitute\n|move|p1a: Dragonite|Low Kick|p2b: Brute Bonnet\n|-immune|p2b: Brute Bonnet\n|\n|upkeep\n|turn|2\n|inactive|xingshen has 30 seconds left.\n|\n|t:|1700738025\n|switch|p1a: Landorus|Landorus-Therian, L50, M|100\/100\n|-ability|p1a: Landorus|Intimidate|boost\n|-unboost|p2a: Flutter Mane|atk|1\n|-unboost|p2b: Brute Bonnet|atk|1\n|move|p2a: Flutter Mane|Protect|p2a: Flutter Mane\n|-singleturn|p2a: Flutter Mane|Protect\n|move|p1b: Ogerpon|Ivy Cudgel|p2b: Brute Bonnet|[anim] Ivy Cudgel Fire\n|-damage|p2b: Brute Bonnet|48\/100\n|move|p2b: Brute Bonnet|Spore|p1a: Landorus\n|-status|p1a: Landorus|slp|[from] move: Spore\n|\n|upkeep\n|turn|3\n|inactive|xingshen has 30 seconds left.\n|\n|t:|1700738051\n|move|p2b: Brute Bonnet|Sucker Punch|p1b: Ogerpon\n|-damage|p1b: Ogerpon|69\/100\n|cant|p1a: Landorus|slp\n|move|p2a: Flutter Mane|Shadow Ball|p1b: Ogerpon\n|-damage|p1b: Ogerpon|10\/100\n|move|p1b: Ogerpon|Ivy Cudgel|p2b: Brute Bonnet|[anim] Ivy Cudgel Fire\n|-damage|p2b: Brute Bonnet|0 fnt\n|faint|p2b: Brute Bonnet\n|-end|p2b: Brute Bonnet|Protosynthesis|[silent]\n|\n|upkeep\n|\n|t:|1700738064\n|switch|p2b: Gastrodon|Gastrodon, L50, F, shiny|100\/100\n|turn|4\n|\n|t:|1700738080\n|switch|p1b: Dragonite|Dragonite, L50, M|100\/100\n|-curestatus|p1a: Landorus|slp|[msg]\n|move|p1a: Landorus|Stomping Tantrum|p2a: Flutter Mane\n|-damage|p2a: Flutter Mane|0 fnt\n|faint|p2a: Flutter Mane\n|-end|p2a: Flutter Mane|Protosynthesis|[silent]\n|move|p2b: Gastrodon|Ice Beam|p1a: Landorus\n|-supereffective|p1a: Landorus\n|-damage|p1a: Landorus|0 fnt\n|faint|p1a: Landorus\n|\n|upkeep\n|\n|t:|1700738095\n|switch|p2a: Sneasler|Sneasler, L50, M, shiny|100\/100\n|switch|p1a: Ogerpon|Ogerpon-Hearthflame, L50, F|10\/100\n|-ability|p1a: Ogerpon|Mold Breaker\n|turn|5\n|inactive|papsi_jr has 30 seconds left.\n|\n|t:|1700738122\n|-terastallize|p1b: Dragonite|Normal\n|move|p1a: Ogerpon|Spiky Shield|p1a: Ogerpon\n|-singleturn|p1a: Ogerpon|move: Protect\n|move|p2a: Sneasler|Fake Out|p1a: Ogerpon\n|-activate|p1a: Ogerpon|move: Protect\n|-damage|p2a: Sneasler|88\/100|[from] Spiky Shield|[of] p1a: Ogerpon\n|move|p1b: Dragonite|Extreme Speed|p2a: Sneasler\n|-damage|p2a: Sneasler|0 fnt\n|faint|p2a: Sneasler\n|move|p2b: Gastrodon|Ice Beam|p1b: Dragonite\n|-damage|p1b: Dragonite|89\/100\n|\n|upkeep\n|turn|6\n|-message|papsi_jr forfeited.\n|\n|win|xingshen\n|raw|xingshen's rating: 1125 &rarr; <strong>1144<\/strong><br \/>(+19 for winning)\n|raw|papsi_jr's rating: 1037 &rarr; <strong>1025<\/strong><br \/>(-12 for losing)\n|l|\u2606papsi_jr\n","uploadtime":1700738141,"views":5,"p1id":"xingshen","p2id":"papsijr","formatid":"gen9vgc2023regulatione","rating":1025,"private":0,"password":""}