{"id":"gen9vgc2023regulatione-1993116029","p1":"Fernanch","p2":"ant_3","format":"[Gen 9] VGC 2023 Regulation E","log":"|j|\u2606Fernanch\n|j|\u2606ant_3\n|n|\u2606Fernanch|fernanch\n|n|\u2606ant_3|ant3\n|html|View the match progress at <a href=\"\/game-bestof3-gen9vgc2023regulatione-1993116028\">game-bestof3-gen9vgc2023regulatione-1993116028<\/a>\n|t:|1700266638\n|gametype|doubles\n|player|p1|Fernanch|waiter-gen4dp|\n|player|p2|ant_3|266|\n|teamsize|p1|6\n|teamsize|p2|6\n|gen|9\n|tier|[Gen 9] VGC 2023 Regulation E\n|rule|Species Clause: Limit one of each Pok\u00e9mon\n|rule|Item Clause: Limit one of each item\n|clearpoke\n|poke|p1|Iron Hands, L50|\n|poke|p1|Amoonguss, L50, M|\n|poke|p1|Chi-Yu, L50|\n|poke|p1|Grafaiai, L50, F|\n|poke|p1|Regieleki, L50|\n|poke|p1|Hatterene, L50, F|\n|poke|p2|Iron Bundle, L50|\n|poke|p2|Ursaluna, L50, M|\n|poke|p2|Chimecho, L50, M|\n|poke|p2|Breloom, L50, M|\n|poke|p2|Urshifu-*, L50, M|\n|poke|p2|Murkrow, L50, F|\n|teampreview|4\n|c|\u2606ant_3|GL HF\nFernanch rejected open team sheets.\n|c|\u2606Fernanch|Glhf\n|c|\u2606Fernanch|Dang, u are fast with the links\n|c|\u2606Fernanch|Also I think I forgot to put half of my teras\n|\n|t:|1700266740\n|start\n|switch|p1a: Iron Hands|Iron Hands, L50|100\/100\n|switch|p1b: Chi-Yu|Chi-Yu, L50|100\/100\n|switch|p2a: Iron Bundle|Iron Bundle, L50|100\/100\n|switch|p2b: Chimecho|Chimecho, L50, M|100\/100\n|-ability|p1b: Chi-Yu|Beads of Ruin\n|turn|1\n|j| The Carkol Rider\n|\n|t:|1700266782\n|-end|p2a: Iron Bundle|Quark Drive|[silent]\n|switch|p2a: Ursaluna|Ursaluna, L50, M|100\/100\n|-terastallize|p2b: Chimecho|Fairy\n|move|p1a: Iron Hands|Fake Out|p2a: Ursaluna\n|-damage|p2a: Ursaluna|90\/100\n|move|p1b: Chi-Yu|Dark Pulse|p2b: Chimecho\n|-resisted|p2b: Chimecho\n|-damage|p2b: Chimecho|78\/100\n|cant|p2b: Chimecho|flinch\n|\n|-status|p2a: Ursaluna|brn|[from] item: Flame Orb\n|upkeep\n|turn|2\n|\n|t:|1700266814\n|switch|p1b: Amoonguss|Amoonguss, L50, M|100\/100\n|move|p1a: Iron Hands|Drain Punch|p2a: Ursaluna\n|-supereffective|p2a: Ursaluna\n|-damage|p2a: Ursaluna|36\/100 brn\n|move|p2a: Ursaluna|Facade|p1a: Iron Hands\n|-damage|p1a: Iron Hands|17\/100\n|move|p2b: Chimecho|Trick Room|p2b: Chimecho\n|-fieldstart|move: Trick Room|[of] p2b: Chimecho\n|\n|-damage|p2a: Ursaluna|30\/100 brn|[from] brn\n|upkeep\n|turn|3\n|\n|t:|1700266847\n|move|p1b: Amoonguss|Rage Powder|p1b: Amoonguss\n|-singleturn|p1b: Amoonguss|move: Rage Powder\n|move|p1a: Iron Hands|Drain Punch|p2a: Ursaluna\n|-supereffective|p2a: Ursaluna\n|-damage|p2a: Ursaluna|0 fnt\n|-heal|p1a: Iron Hands|31\/100|[from] drain|[of] p2a: Ursaluna\n|faint|p2a: Ursaluna\n|move|p2b: Chimecho|Hypnosis|p1b: Amoonguss\n|-status|p1b: Amoonguss|slp|[from] move: Hypnosis\n|\n|upkeep\n|c|\u2606ant_3|i threw lmfaooo\n|\n|t:|1700266875\n|switch|p2a: Urshifu|Urshifu, L50, M|100\/100\n|turn|4\n|\n|t:|1700266883\n|move|p2a: Urshifu|Protect|p2a: Urshifu\n|-singleturn|p2a: Urshifu|Protect\n|move|p1a: Iron Hands|Play Rough|p2a: Urshifu\n|-activate|p2a: Urshifu|move: Protect\n|cant|p1b: Amoonguss|slp\n|move|p2b: Chimecho|Psychic|p1a: Iron Hands\n|-supereffective|p1a: Iron Hands\n|-damage|p1a: Iron Hands|1\/100\n|\n|upkeep\n|turn|5\n|j| Paycech\n|c| The Carkol Rider|hands moment\n|\n|t:|1700266899\n|switch|p2a: Iron Bundle|Iron Bundle, L50|100\/100\n|move|p1a: Iron Hands|Play Rough|p2a: Iron Bundle|[miss]\n|-miss|p1a: Iron Hands|p2a: Iron Bundle\n|-curestatus|p1b: Amoonguss|slp|[msg]\n|move|p1b: Amoonguss|Spore|p2a: Iron Bundle\n|-status|p2a: Iron Bundle|slp|[from] move: Spore\n|move|p2b: Chimecho|Psychic|p1b: Amoonguss\n|-supereffective|p1b: Amoonguss\n|-damage|p1b: Amoonguss|38\/100\n|\n|-heal|p1b: Amoonguss|44\/100|[from] item: Black Sludge\n|upkeep\n|turn|6\n|j| CanuckChum\n|\n|t:|1700266926\n|move|p1a: Iron Hands|Drain Punch|p2a: Iron Bundle\n|-supereffective|p2a: Iron Bundle\n|-crit|p2a: Iron Bundle\n|-damage|p2a: Iron Bundle|0 fnt\n|-heal|p1a: Iron Hands|28\/100|[from] drain|[of] p2a: Iron Bundle\n|faint|p2a: Iron Bundle\n|-end|p2a: Iron Bundle|Quark Drive|[silent]\n|move|p1b: Amoonguss|Spore|p2b: Chimecho\n|-status|p2b: Chimecho|slp|[from] move: Spore\n|cant|p2b: Chimecho|slp\n|\n|-heal|p1b: Amoonguss|50\/100|[from] item: Black Sludge\n|-fieldend|move: Trick Room\n|upkeep\n|\n|t:|1700266933\n|switch|p2a: Urshifu|Urshifu, L50, M|100\/100\n|turn|7\n|c|\u2606Fernanch|Why do I have a feeling that crit didn't mattered\n|c|\u2606Fernanch|(since u know, hands)\n|\n|t:|1700266965\n|move|p2a: Urshifu|Close Combat|p1a: Iron Hands\n|-damage|p1a: Iron Hands|0 fnt\n|-unboost|p2a: Urshifu|def|1\n|-unboost|p2a: Urshifu|spd|1\n|faint|p1a: Iron Hands\n|-end|p1a: Iron Hands|Quark Drive|[silent]\n|-curestatus|p2b: Chimecho|slp|[msg]\n|move|p2b: Chimecho|Hypnosis|p1b: Amoonguss\n|-status|p1b: Amoonguss|slp|[from] move: Hypnosis\n|cant|p1b: Amoonguss|slp\n|\n|-heal|p1b: Amoonguss|56\/100 slp|[from] item: Black Sludge\n|upkeep\n|\n|t:|1700266987\n|switch|p1a: Regieleki|Regieleki, L50|100\/100\n|turn|8\n|c|\u2606ant_3|dang i really only got one kill\n|\n|t:|1700267011\n|move|p1a: Regieleki|Volt Switch|p2a: Urshifu\n|-damage|p2a: Urshifu|0 fnt\n|faint|p2a: Urshifu\n|\n|t:|1700267015\n|switch|p1a: Chi-Yu|Chi-Yu, L50|100\/100|[from] Volt Switch\n|-ability|p1a: Chi-Yu|Beads of Ruin\n|move|p2b: Chimecho|Psychic|p1a: Chi-Yu\n|-immune|p1a: Chi-Yu\n|cant|p1b: Amoonguss|slp\n|\n|-heal|p1b: Amoonguss|62\/100 slp|[from] item: Black Sludge\n|upkeep\n|turn|9\n|\n|t:|1700267025\n|move|p1a: Chi-Yu|Heat Wave|p2b: Chimecho\n|-damage|p2b: Chimecho|30\/100\n|move|p2b: Chimecho|Psychic|p1b: Amoonguss\n|-supereffective|p1b: Amoonguss\n|-damage|p1b: Amoonguss|0 fnt\n|faint|p1b: Amoonguss\n|\n|upkeep\n|\n|t:|1700267028\n|switch|p1b: Regieleki|Regieleki, L50|100\/100\n|turn|10\n|\n|t:|1700267031\n|move|p1b: Regieleki|Thunderbolt|p2b: Chimecho\n|-damage|p2b: Chimecho|0 fnt\n|faint|p2b: Chimecho\n|\n|win|Fernanch\n|c|\u2606ant_3|aight ggs\n|c|&|\/uhtml prompt-ant3,ant_3 is ready for game 2!\n|c|&|\/uhtml prompt-fernanch,Fernanch is ready for game 2!\nBoth players are ready! Starting next match!\n|l| Paycech\n|l| The Carkol Rider\n|l| CanuckChum\n|j| Beauty Devon\n|l|\u2606ant_3\n","uploadtime":1700267325,"views":12,"p1id":"fernanch","p2id":"ant3","formatid":"gen9vgc2023regulatione","rating":0,"private":0,"password":""}