{"id":"gen9vgc2023regulatione-1995005625","p1":"crudo de fava","p2":"higashi no gab","format":"[Gen 9] VGC 2023 Regulation E","log":"|j|\u2606crudo de fava\n|j|\u2606higashi no gab\n|n|\u2606crudo de fava|crudodefava\n|n|\u2606higashi no gab|higashinogab\n|html|View the match progress at <a href=\"\/game-bestof3-gen9vgc2023regulatione-1994998147\">game-bestof3-gen9vgc2023regulatione-1994998147<\/a>\n|t:|1700512624\n|gametype|doubles\n|player|p1|crudo de fava|steven|\n|player|p2|higashi no gab|unknown|\n|teamsize|p1|6\n|teamsize|p2|6\n|gen|9\n|tier|[Gen 9] VGC 2023 Regulation E\n|rule|Species Clause: Limit one of each Pok\u00e9mon\n|rule|Item Clause: Limit one of each item\n|clearpoke\n|poke|p1|Chien-Pao, L50|\n|poke|p1|Arcanine-Hisui, L50, M|\n|poke|p1|Urshifu-*, L50, M|\n|poke|p1|Tornadus, L50, M|\n|poke|p1|Rillaboom, L50, M|\n|poke|p1|Gholdengo, L50|\n|poke|p2|Glimmora, L50, M|\n|poke|p2|Iron Hands, L50|\n|poke|p2|Tatsugiri, L50, F|\n|poke|p2|Dondozo, L50, F|\n|poke|p2|Ninetales-Alola, L50, M|\n|poke|p2|Ogerpon-Hearthflame, L50, F|\n|teampreview|4\ncrudo de fava has agreed to open team sheets.\nhigashi no gab has agreed to open team sheets.\n|showteam|p1|Chien-Pao||LifeOrb|SwordofRuin|SuckerPunch,IcicleCrash,SacredSword,Protect||||||50|,,,,,Poison]Arcanine-Hisui||ChoiceBand|Intimidate|ExtremeSpeed,FlareBlitz,RockSlide,HeadSmash|||M|||50|,,,,,Normal]Urshifu-Rapid-Strike||MysticWater|UnseenFist|SurgingStrikes,Protect,CloseCombat,AquaJet|||M|||50|,,,,,Water]Tornadus||SitrusBerry|Prankster|BleakwindStorm,Tailwind,Taunt,Protect|||M|||50|,,,,,Ghost]Rillaboom||AssaultVest|GrassySurge|FakeOut,WoodHammer,GrassyGlide,Uturn|||M|||50|,,,,,Ghost]Gholdengo||Leftovers|GoodasGold|MakeItRain,NastyPlot,ShadowBall,Protect||||||50|,,,,,Dragon\n|showteam|p2|Glimmora||FocusSash|ToxicDebris|PowerGem,EarthPower,MortalSpin,SpikyShield|||M|||50|,,,,,Grass]Iron Hands||AssaultVest|QuarkDrive|DrainPunch,WildCharge,FakeOut,HeavySlam||||||50|,,,,,Water]Tatsugiri||ChoiceScarf|Commander|DracoMeteor,MuddyWater,IcyWind,SleepTalk|||F|||50|,,,,,Steel]Dondozo||Leftovers|Unaware|Earthquake,Protect,OrderUp,Substitute|||F|||50|,,,,,Dragon]Ninetales-Alola||LightClay|SnowWarning|FreezeDry,IcyWind,AuroraVeil,Protect|||M|||50|,,,,,Ghost]Ogerpon-Hearthflame||HearthflameMask|MoldBreaker|SpikyShield,IvyCudgel,HornLeech,SwordsDance|||F|||50|,,,,,Fire\n|j| Polpolpo\n|j| stecca\n|j| Porcellone sporco\n|\n|t:|1700512725\n|start\n|switch|p1a: Rillaboom|Rillaboom, L50, M|100\/100\n|switch|p1b: Gholdengo|Gholdengo, L50|100\/100\n|switch|p2a: Glimmora|Glimmora, L50, M, shiny|100\/100\n|switch|p2b: Iron Hands|Iron Hands, L50, shiny|100\/100\n|-fieldstart|move: Grassy Terrain|[from] ability: Grassy Surge|[of] p1a: Rillaboom\n|turn|1\n|\n|t:|1700512780\n|move|p2a: Glimmora|Spiky Shield|p2a: Glimmora\n|-singleturn|p2a: Glimmora|move: Protect\n|move|p1a: Rillaboom|Fake Out|p2a: Glimmora\n|-activate|p2a: Glimmora|move: Protect\n|-damage|p1a: Rillaboom|88\/100|[from] Spiky Shield|[of] p2a: Glimmora\n|move|p1b: Gholdengo|Nasty Plot|p1b: Gholdengo\n|-boost|p1b: Gholdengo|spa|2\n|move|p2b: Iron Hands|Drain Punch|p1a: Rillaboom\n|-damage|p1a: Rillaboom|52\/100\n|\n|-heal|p1a: Rillaboom|58\/100|[from] Grassy Terrain\n|upkeep\n|turn|2\n|l| Porcellone sporco\n|\n|t:|1700512911\n|switch|p1a: Urshifu|Urshifu-Rapid-Strike, L50, M|100\/100\n|move|p2a: Glimmora|Earth Power|p1b: Gholdengo\n|-supereffective|p1b: Gholdengo\n|-damage|p1b: Gholdengo|37\/100\n|move|p1b: Gholdengo|Make It Rain|p2a: Glimmora|[spread] p2a,p2b\n|-supereffective|p2a: Glimmora\n|-resisted|p2b: Iron Hands\n|-enditem|p2a: Glimmora|Focus Sash\n|-damage|p2a: Glimmora|1\/100\n|-damage|p2b: Iron Hands|74\/100\n|-unboost|p1b: Gholdengo|spa|1\n|move|p2b: Iron Hands|Wild Charge|p1b: Gholdengo\n|-damage|p1b: Gholdengo|0 fnt\n|faint|p1b: Gholdengo\n|-damage|p2b: Iron Hands|67\/100|[from] Recoil\n|\n|-heal|p2a: Glimmora|7\/100|[from] Grassy Terrain\n|-heal|p2b: Iron Hands|74\/100|[from] Grassy Terrain\n|upkeep\n|\n|t:|1700512969\n|switch|p1b: Rillaboom|Rillaboom, L50, M|58\/100\n|turn|3\n|\n|t:|1700513038\n|-terastallize|p1a: Urshifu|Water\n|move|p1b: Rillaboom|Grassy Glide|p2b: Iron Hands\n|-damage|p2b: Iron Hands|51\/100\n|move|p2a: Glimmora|Mortal Spin|p1b: Rillaboom|[spread] p1a,p1b\n|-supereffective|p1b: Rillaboom\n|-damage|p1a: Urshifu|95\/100\n|-damage|p1b: Rillaboom|49\/100\n|-status|p1a: Urshifu|psn\n|-status|p1b: Rillaboom|psn\n|move|p1a: Urshifu|Surging Strikes|p2b: Iron Hands\n|-crit|p2b: Iron Hands\n|-damage|p2b: Iron Hands|30\/100\n|-crit|p2b: Iron Hands\n|-damage|p2b: Iron Hands|8\/100\n|-crit|p2b: Iron Hands\n|-damage|p2b: Iron Hands|0 fnt\n|faint|p2b: Iron Hands\n|-end|p2b: Iron Hands|Quark Drive|[silent]\n|-hitcount|p2: Iron Hands|3\n|\n|-heal|p2a: Glimmora|12\/100|[from] Grassy Terrain\n|-heal|p1a: Urshifu|100\/100 psn|[from] Grassy Terrain\n|-heal|p1b: Rillaboom|55\/100 psn|[from] Grassy Terrain\n|-damage|p1a: Urshifu|88\/100 psn|[from] psn\n|-damage|p1b: Rillaboom|43\/100 psn|[from] psn\n|upkeep\n|\n|t:|1700513063\n|switch|p2b: Dondoro|Dondozo, L50, F|100\/100\n|turn|4\n|\n|t:|1700513155\n|switch|p2a: Tatsugiri|Tatsugiri, L50, F, shiny|100\/100\n|-activate|p2a: Tatsugiri|ability: Commander|[of] p2b: Dondoro\n|-boost|p2b: Dondoro|atk|2\n|-boost|p2b: Dondoro|spa|2\n|-boost|p2b: Dondoro|spe|2\n|-boost|p2b: Dondoro|def|2\n|-boost|p2b: Dondoro|spd|2\n|switch|p1b: Chien-Pao|Chien-Pao, L50|100\/100\n|-ability|p1b: Chien-Pao|Sword of Ruin\n|move|p1a: Urshifu|Aqua Jet|p2a: Tatsugiri|[miss]\n|-miss|p1a: Urshifu|p2a: Tatsugiri\n|move|p2b: Dondoro|Order Up|p1b: Chien-Pao\n|-damage|p1b: Chien-Pao|37\/100\n|-boost|p2b: Dondoro|atk|1\n|\n|-heal|p1b: Chien-Pao|43\/100|[from] Grassy Terrain\n|-heal|p1a: Urshifu|94\/100 psn|[from] Grassy Terrain\n|-damage|p1a: Urshifu|82\/100 psn|[from] psn\n|upkeep\n|turn|5\n|\n|t:|1700513328\n|switch|p1b: Rillaboom|Rillaboom, L50, M|43\/100 psn\n|move|p2b: Dondoro|Order Up|p1b: Rillaboom\n|-damage|p1b: Rillaboom|0 fnt\n|faint|p1b: Rillaboom\n|-boost|p2b: Dondoro|atk|1\n|move|p1a: Urshifu|Surging Strikes|p2b: Dondoro\n|-resisted|p2b: Dondoro\n|-crit|p2b: Dondoro\n|-damage|p2b: Dondoro|89\/100\n|-resisted|p2b: Dondoro\n|-crit|p2b: Dondoro\n|-damage|p2b: Dondoro|76\/100\n|-resisted|p2b: Dondoro\n|-crit|p2b: Dondoro\n|-damage|p2b: Dondoro|63\/100\n|-hitcount|p2b: Dondoro|3\n|\n|-heal|p2b: Dondoro|69\/100|[from] Grassy Terrain\n|-heal|p2b: Dondoro|75\/100|[from] item: Leftovers\n|-heal|p1a: Urshifu|88\/100 psn|[from] Grassy Terrain\n|-damage|p1a: Urshifu|76\/100 psn|[from] psn\n|-fieldend|move: Grassy Terrain\n|upkeep\n|\n|t:|1700513334\n|switch|p1b: Chien-Pao|Chien-Pao, L50|43\/100\n|-ability|p1b: Chien-Pao|Sword of Ruin\n|turn|6\n|c|\u2606crudo de fava|gg\n|\n|t:|1700513353\n|move|p1b: Chien-Pao|Protect|p1b: Chien-Pao\n|-singleturn|p1b: Chien-Pao|Protect\n|move|p2b: Dondoro|Order Up|p1b: Chien-Pao\n|-activate|p1b: Chien-Pao|move: Protect\n|move|p1a: Urshifu|Surging Strikes|p2b: Dondoro\n|-resisted|p2b: Dondoro\n|-crit|p2b: Dondoro\n|-damage|p2b: Dondoro|60\/100\n|-resisted|p2b: Dondoro\n|-crit|p2b: Dondoro\n|-damage|p2b: Dondoro|45\/100\n|-resisted|p2b: Dondoro\n|-crit|p2b: Dondoro\n|-damage|p2b: Dondoro|30\/100\n|-hitcount|p2b: Dondoro|3\n|\n|-heal|p2b: Dondoro|36\/100|[from] item: Leftovers\n|-damage|p1a: Urshifu|63\/100 psn|[from] psn\n|upkeep\n|turn|7\n|\n|t:|1700513400\n|move|p1b: Chien-Pao|Protect||[still]\n|-fail|p1b: Chien-Pao\n|move|p2b: Dondoro|Order Up|p1b: Chien-Pao\n|-damage|p1b: Chien-Pao|0 fnt\n|faint|p1b: Chien-Pao\n|-boost|p2b: Dondoro|atk|1\n|move|p1a: Urshifu|Surging Strikes|p2b: Dondoro\n|-resisted|p2b: Dondoro\n|-crit|p2b: Dondoro\n|-damage|p2b: Dondoro|24\/100\n|-resisted|p2b: Dondoro\n|-crit|p2b: Dondoro\n|-damage|p2b: Dondoro|10\/100\n|-resisted|p2b: Dondoro\n|-crit|p2b: Dondoro\n|-damage|p2b: Dondoro|0 fnt\n|faint|p2b: Dondoro\n|-hitcount|p2: Dondoro|3\n|\n|-damage|p1a: Urshifu|51\/100 psn|[from] psn\n|upkeep\n|\n|t:|1700513410\n|switch|p2b: Glimmora|Glimmora, L50, M, shiny|12\/100\n|turn|8\n|\n|t:|1700513440\n|move|p1a: Urshifu|Aqua Jet|p2b: Glimmora\n|-supereffective|p2b: Glimmora\n|-crit|p2b: Glimmora\n|-damage|p2b: Glimmora|0 fnt\n|-activate|p2b: Glimmora|ability: Toxic Debris\n|-sidestart|p1: crudo de fava|move: Toxic Spikes\n|faint|p2b: Glimmora\n|move|p2a: Tatsugiri|Draco Meteor|p1a: Urshifu\n|-damage|p1a: Urshifu|0 fnt\n|-unboost|p2a: Tatsugiri|spa|2\n|faint|p1a: Urshifu\n|\n|win|higashi no gab\n|l|\u2606crudo de fava\n|c|\u2606higashi no gab|gg\n|l| Polpolpo\n","uploadtime":1700513551,"views":18,"p1id":"crudodefava","p2id":"higashinogab","formatid":"gen9vgc2023regulatione","rating":0,"private":0,"password":""}