{"id":"gen9vgc2023regulatione-1995018952","p1":"taco_bowl_mx","p2":"AZUNA_Fan","format":"[Gen 9] VGC 2023 Regulation E","log":"|j|\u2606taco_bowl_mx\n|j|\u2606AZUNA_Fan\n|t:|1700513953\n|gametype|doubles\n|player|p1|taco_bowl_mx|dawn-gen4pt|1381\n|player|p2|AZUNA_Fan|dawn|1346\n|teamsize|p1|6\n|teamsize|p2|6\n|gen|9\n|tier|[Gen 9] VGC 2023 Regulation E\n|rated|\n|rule|Species Clause: Limit one of each Pok\u00e9mon\n|rule|Item Clause: Limit one of each item\n|clearpoke\n|poke|p1|Flutter Mane, L50|\n|poke|p1|Chien-Pao, L50|\n|poke|p1|Iron Hands, L50|\n|poke|p1|Heatran, L50, M|\n|poke|p1|Ogerpon-Wellspring, L50, F|\n|poke|p1|Landorus-Therian, L50, M|\n|poke|p2|Snorlax, L50, F|\n|poke|p2|Sinistcha, L50|\n|poke|p2|Kommo-o, L50, M|\n|poke|p2|Clefairy, L50, M|\n|poke|p2|Urshifu-*, L50, F|\n|poke|p2|Chien-Pao, L50|\n|teampreview|4\ntaco_bowl_mx has agreed to open team sheets.\n|inactive|Battle timer is ON: inactive players will automatically lose when time's up. (requested by taco_bowl_mx)\n|inactive|AZUNA_Fan has 60 seconds left.\n|\n|t:|1700513989\n|start\n|switch|p1a: Iron Hands|Iron Hands, L50, shiny|100\/100\n|switch|p1b: Flutter Mane|Flutter Mane, L50|100\/100\n|switch|p2a: Urshifu|Urshifu, L50, F|100\/100\n|switch|p2b: Chien-Pao|Chien-Pao, L50|100\/100\n|-ability|p2b: Chien-Pao|Sword of Ruin\n|turn|1\n|inactive|taco_bowl_mx has 30 seconds left.\n|inactive|AZUNA_Fan has 30 seconds left.\n|\n|t:|1700514018\n|-terastallize|p1b: Flutter Mane|Fire\n|-terastallize|p2a: Urshifu|Poison\n|move|p1a: Iron Hands|Fake Out|p2b: Chien-Pao\n|-damage|p2b: Chien-Pao|79\/100\n|cant|p2b: Chien-Pao|flinch\n|move|p1b: Flutter Mane|Dazzling Gleam|p2a: Urshifu|[spread] p2a,p2b\n|-resisted|p2a: Urshifu\n|-supereffective|p2b: Chien-Pao\n|-damage|p2a: Urshifu|72\/100\n|-damage|p2b: Chien-Pao|0 fnt\n|faint|p2b: Chien-Pao\n|move|p2a: Urshifu|Wicked Blow|p1b: Flutter Mane\n|-crit|p1b: Flutter Mane\n|-damage|p1b: Flutter Mane|0 fnt\n|faint|p1b: Flutter Mane\n|-end|p1b: Flutter Mane|Protosynthesis|[silent]\n|\n|upkeep\n|\n|t:|1700514046\n|switch|p2b: Sinistcha|Sinistcha, L50|100\/100\n|switch|p1b: Heatran|Heatran, L50, M|100\/100\n|-heal|p2a: Urshifu|97\/100|[from] ability: Hospitality|[of] p2b: Sinistcha\n|turn|2\n|inactive|AZUNA_Fan has 30 seconds left.\n|inactive|AZUNA_Fan has 20 seconds left.\n|inactive|AZUNA_Fan has 15 seconds left.\n|\n|t:|1700514089\n|switch|p1b: Chien-Pao|Chien-Pao, L50|100\/100\n|-ability|p1b: Chien-Pao|Sword of Ruin\n|move|p2a: Urshifu|Wicked Blow|p1b: Chien-Pao\n|-resisted|p1b: Chien-Pao\n|-crit|p1b: Chien-Pao\n|-damage|p1b: Chien-Pao|46\/100\n|move|p2b: Sinistcha|Strength Sap|p1a: Iron Hands\n|-unboost|p1a: Iron Hands|atk|1\n|move|p1a: Iron Hands|Drain Punch|p2a: Urshifu\n|-resisted|p2a: Urshifu\n|-damage|p2a: Urshifu|77\/100\n|\n|upkeep\n|turn|3\n|inactive|taco_bowl_mx has 30 seconds left.\n|inactive|AZUNA_Fan has 30 seconds left.\n|\n|t:|1700514119\n|move|p2b: Sinistcha|Rage Powder|p2b: Sinistcha\n|-singleturn|p2b: Sinistcha|move: Rage Powder\n|move|p1b: Chien-Pao|Ice Spinner|p2b: Sinistcha\n|-supereffective|p2b: Sinistcha\n|-damage|p2b: Sinistcha|22\/100\n|move|p2a: Urshifu|Wicked Blow|p1b: Chien-Pao\n|-resisted|p1b: Chien-Pao\n|-crit|p1b: Chien-Pao\n|-damage|p1b: Chien-Pao|0 fnt\n|faint|p1b: Chien-Pao\n|move|p1a: Iron Hands|Wild Charge|p2b: Sinistcha\n|-resisted|p2b: Sinistcha\n|-damage|p2b: Sinistcha|9\/100\n|-damage|p1a: Iron Hands|98\/100|[from] Recoil\n|\n|upkeep\n|\n|t:|1700514133\n|switch|p1b: Heatran|Heatran, L50, M|100\/100\n|turn|4\n|\n|t:|1700514148\n|move|p2a: Urshifu|Wicked Blow|p1b: Heatran\n|-crit|p1b: Heatran\n|-damage|p1b: Heatran|21\/100\n|move|p1b: Heatran|Heat Wave|p2a: Urshifu|[spread] p2a,p2b\n|-supereffective|p2b: Sinistcha\n|-damage|p2a: Urshifu|19\/100\n|-damage|p2b: Sinistcha|0 fnt\n|faint|p2b: Sinistcha\n|move|p1a: Iron Hands|Wild Charge|p2a: Urshifu\n|-damage|p2a: Urshifu|0 fnt\n|faint|p2a: Urshifu\n|-damage|p1a: Iron Hands|95\/100|[from] Recoil\n|\n|-heal|p1b: Heatran|27\/100|[from] item: Leftovers\n|upkeep\n|\n|t:|1700514169\n|switch|p2b: Kommo-o|Kommo-o, L50, M|100\/100\n|turn|5\n|inactive|AZUNA_Fan has 30 seconds left.\n|\n|t:|1700514198\n|move|p2b: Kommo-o|Clangorous Soul|p2b: Kommo-o\n|-boost|p2b: Kommo-o|atk|1\n|-boost|p2b: Kommo-o|def|1\n|-boost|p2b: Kommo-o|spa|1\n|-boost|p2b: Kommo-o|spd|1\n|-boost|p2b: Kommo-o|spe|1\n|-damage|p2b: Kommo-o|68\/100\n|-enditem|p2b: Kommo-o|Throat Spray\n|-boost|p2b: Kommo-o|spa|1|[from] item: Throat Spray\n|move|p1b: Heatran|Heat Wave|p2b: Kommo-o\n|-resisted|p2b: Kommo-o\n|-damage|p2b: Kommo-o|51\/100\n|-status|p2b: Kommo-o|brn\n|move|p1a: Iron Hands|Wild Charge|p2b: Kommo-o\n|-resisted|p2b: Kommo-o\n|-damage|p2b: Kommo-o|41\/100 brn\n|-damage|p1a: Iron Hands|93\/100|[from] Recoil\n|\n|-heal|p1b: Heatran|33\/100|[from] item: Leftovers\n|-damage|p2b: Kommo-o|34\/100 brn|[from] brn\n|upkeep\n|turn|6\n|inactive|taco_bowl_mx has 30 seconds left.\n|\n|t:|1700514224\n|move|p1b: Heatran|Protect|p1b: Heatran\n|-singleturn|p1b: Heatran|Protect\n|move|p2b: Kommo-o|Clanging Scales|p1b: Heatran|[spread] p1a\n|-activate|p1b: Heatran|move: Protect\n|-damage|p1a: Iron Hands|56\/100\n|-unboost|p2b: Kommo-o|def|1\n|move|p1a: Iron Hands|Wild Charge|p2b: Kommo-o\n|-resisted|p2b: Kommo-o\n|-damage|p2b: Kommo-o|20\/100 brn\n|-damage|p1a: Iron Hands|54\/100|[from] Recoil\n|\n|-heal|p1b: Heatran|40\/100|[from] item: Leftovers\n|-damage|p2b: Kommo-o|13\/100 brn|[from] brn\n|upkeep\n|turn|7\n|\n|t:|1700514245\n|move|p2b: Kommo-o|Clanging Scales|p1a: Iron Hands|[spread] p1a,p1b\n|-crit|p1a: Iron Hands\n|-resisted|p1b: Heatran\n|-damage|p1a: Iron Hands|0 fnt\n|-damage|p1b: Heatran|7\/100\n|faint|p1a: Iron Hands\n|-end|p1a: Iron Hands|Quark Drive|[silent]\n|-unboost|p2b: Kommo-o|def|1\n|move|p1b: Heatran|Earth Power|p2b: Kommo-o\n|-damage|p2b: Kommo-o|0 fnt\n|faint|p2b: Kommo-o\n|\n|win|taco_bowl_mx\n|raw|taco_bowl_mx's rating: 1381 &rarr; <strong>1399<\/strong><br \/>(+18 for winning)\n|raw|AZUNA_Fan's rating: 1346 &rarr; <strong>1328<\/strong><br \/>(-18 for losing)\n","uploadtime":1700514255,"views":8,"p1id":"tacobowlmx","p2id":"azunafan","formatid":"gen9vgc2023regulatione","rating":1328,"private":0,"password":""}