{"id":"gen9vgc2023regulatione-1991011034","p1":"tyranitrev","p2":"md06","format":"[Gen 9] VGC 2023 Regulation E","log":"|j|\u2606tyranitrev\n|j|\u2606md06\n|t:|1700027567\n|gametype|doubles\n|player|p1|tyranitrev|101|1222\n|player|p2|md06|cowgirl|1100\n|teamsize|p1|6\n|teamsize|p2|6\n|gen|9\n|tier|[Gen 9] VGC 2023 Regulation E\n|rated|\n|rule|Species Clause: Limit one of each Pok\u00e9mon\n|rule|Item Clause: Limit one of each item\n|clearpoke\n|poke|p1|Gholdengo, L50|\n|poke|p1|Iron Hands, L50|\n|poke|p1|Amoonguss, L50, M|\n|poke|p1|Iron Bundle, L50|\n|poke|p1|Pelipper, L50, M|\n|poke|p1|Salamence, L50, F|\n|poke|p2|Golem, L50, M|\n|poke|p2|Bruxish, L50, M|\n|poke|p2|Clefairy, L50, M|\n|poke|p2|Iron Hands, L50|\n|poke|p2|Ursaluna-Bloodmoon, L50, M|\n|poke|p2|Flutter Mane, L50|\n|teampreview|4\n|\n|t:|1700027602\n|start\n|switch|p1a: Iron Hands|Iron Hands, L50|100\/100\n|switch|p1b: Pelipper|Pelipper, L50, M|100\/100\n|switch|p2a: Golem|Golem, L50, M|100\/100\n|switch|p2b: Bruxish|Bruxish, L50, M|100\/100\n|-weather|RainDance|[from] ability: Drizzle|[of] p1b: Pelipper\n|turn|1\n|inactive|Battle timer is ON: inactive players will automatically lose when time's up. (requested by tyranitrev)\n|\n|t:|1700027634\n|-terastallize|p2a: Golem|Normal\n|move|p1b: Pelipper|Hurricane|p2b: Bruxish\n|-damage|p2b: Bruxish|51\/100\n|-start|p2b: Bruxish|confusion\n|-activate|p2b: Bruxish|confusion\n|move|p2b: Bruxish|Psychic Fangs|p1a: Iron Hands\n|-supereffective|p1a: Iron Hands\n|-damage|p1a: Iron Hands|58\/100\n|move|p1a: Iron Hands|Drain Punch|p2a: Golem\n|-supereffective|p2a: Golem\n|-damage|p2a: Golem|30\/100\n|-heal|p1a: Iron Hands|85\/100|[from] drain|[of] p2a: Golem\n|move|p2a: Golem|Rock Slide|p1b: Pelipper|[spread] p1a,p1b\n|-resisted|p1a: Iron Hands\n|-supereffective|p1b: Pelipper\n|-damage|p1a: Iron Hands|78\/100\n|-damage|p1b: Pelipper|50\/100\n|\n|-weather|RainDance|[upkeep]\n|upkeep\n|turn|2\n|inactive|tyranitrev has 30 seconds left.\n|inactive|md06 has 30 seconds left.\n|inactive|tyranitrev has 20 seconds left.\n|\n|t:|1700027673\n|switch|p1b: Amoonguss|Amoonguss, L50, M|100\/100\n|switch|p2a: Flutter Mane|Flutter Mane, L50|100\/100\n|move|p1a: Iron Hands|Drain Punch|p2a: Flutter Mane\n|-immune|p2a: Flutter Mane\n|-end|p2b: Bruxish|confusion\n|move|p2b: Bruxish|Trick Room|p2b: Bruxish\n|-fieldstart|move: Trick Room|[of] p2b: Bruxish\n|\n|-weather|RainDance|[upkeep]\n|upkeep\n|turn|3\n|\n|t:|1700027693\n|move|p1b: Amoonguss|Spore|p2b: Bruxish\n|-status|p2b: Bruxish|slp|[from] move: Spore\n|move|p1a: Iron Hands|Heavy Slam|p2a: Flutter Mane\n|-supereffective|p2a: Flutter Mane\n|-damage|p2a: Flutter Mane|0 fnt\n|faint|p2a: Flutter Mane\n|-end|p2a: Flutter Mane|Protosynthesis|[silent]\n|cant|p2b: Bruxish|slp\n|\n|-weather|RainDance|[upkeep]\n|upkeep\n|\n|t:|1700027706\n|switch|p2a: Golem|Golem, L50, M, tera:Normal|30\/100\n|turn|4\n|\n|t:|1700027722\n|move|p1b: Amoonguss|Protect|p1b: Amoonguss\n|-singleturn|p1b: Amoonguss|Protect\n|move|p2a: Golem|High Horsepower|p1a: Iron Hands\n|-supereffective|p1a: Iron Hands\n|-damage|p1a: Iron Hands|20\/100\n|move|p1a: Iron Hands|Drain Punch|p2a: Golem\n|-supereffective|p2a: Golem\n|-damage|p2a: Golem|0 fnt\n|-heal|p1a: Iron Hands|32\/100|[from] drain|[of] p2a: Golem\n|faint|p2a: Golem\n|cant|p2b: Bruxish|slp\n|\n|-weather|RainDance|[upkeep]\n|upkeep\n|\n|t:|1700027735\n|switch|p2a: Iron Hands|Iron Hands, L50|100\/100\n|-enditem|p2a: Iron Hands|Booster Energy\n|-activate|p2a: Iron Hands|ability: Quark Drive|[fromitem]\n|-start|p2a: Iron Hands|quarkdriveatk\n|turn|5\n|\n|t:|1700027753\n|switch|p1b: Salamence|Salamence, L50, F|100\/100\n|-ability|p1b: Salamence|Intimidate|boost\n|-unboost|p2a: Iron Hands|atk|1\n|-unboost|p2b: Bruxish|atk|1\n|move|p2a: Iron Hands|Fake Out|p1b: Salamence\n|-damage|p1b: Salamence|84\/100\n|move|p1a: Iron Hands|Drain Punch|p2a: Iron Hands\n|-damage|p2a: Iron Hands|71\/100\n|-heal|p1a: Iron Hands|46\/100|[from] drain|[of] p2a: Iron Hands\n|cant|p2b: Bruxish|slp\n|\n|-weather|none\n|upkeep\n|turn|6\n|inactive|tyranitrev has 30 seconds left.\n|inactive|tyranitrev has 20 seconds left.\n|inactive|tyranitrev has 15 seconds left.\n|inactive|tyranitrev has 10 seconds left.\n|inactive|tyranitrev has 5 seconds left.\n|\n|t:|1700027805\n|-terastallize|p1b: Salamence|Flying\n|move|p2a: Iron Hands|Protect|p2a: Iron Hands\n|-singleturn|p2a: Iron Hands|Protect\n|move|p1a: Iron Hands|Wild Charge|p2b: Bruxish\n|-supereffective|p2b: Bruxish\n|-damage|p2b: Bruxish|0 fnt\n|faint|p2b: Bruxish\n|-damage|p1a: Iron Hands|37\/100|[from] Recoil\n|move|p1b: Salamence|Hurricane|p2a: Iron Hands\n|-activate|p2a: Iron Hands|move: Protect\n|\n|-fieldend|move: Trick Room\n|upkeep\n|turn|7\n|\n|t:|1700027821\n|-end|p1a: Iron Hands|Quark Drive|[silent]\n|switch|p1a: Pelipper|Pelipper, L50, M|50\/100\n|-weather|RainDance|[from] ability: Drizzle|[of] p1a: Pelipper\n|move|p1b: Salamence|Hurricane|p2a: Iron Hands\n|-damage|p2a: Iron Hands|21\/100\n|move|p2a: Iron Hands|Drain Punch|p1a: Pelipper\n|-resisted|p1a: Pelipper\n|-damage|p1a: Pelipper|28\/100\n|-heal|p2a: Iron Hands|28\/100|[from] drain|[of] p1a: Pelipper\n|\n|-weather|RainDance|[upkeep]\n|upkeep\n|turn|8\n|\n|t:|1700027836\n|move|p1b: Salamence|Hurricane|p2a: Iron Hands\n|-damage|p2a: Iron Hands|0 fnt\n|faint|p2a: Iron Hands\n|-end|p2a: Iron Hands|Quark Drive|[silent]\n|\n|win|tyranitrev\n|raw|tyranitrev's rating: 1222 &rarr; <strong>1239<\/strong><br \/>(+17 for winning)\n|raw|md06's rating: 1100 &rarr; <strong>1083<\/strong><br \/>(-17 for losing)\n|l|\u2606md06\n","uploadtime":1700027843,"views":14,"p1id":"tyranitrev","p2id":"md06","formatid":"gen9vgc2023regulatione","rating":1083,"private":0,"password":""}