{"id":"gen9vgc2023regulatione-1993255494","p1":"PrismaAce","p2":"beewatree","format":"[Gen 9] VGC 2023 Regulation E","log":"|j|\u2606PrismaAce\n|j|\u2606beewatree\n|n|\u2606PrismaAce|prismaace\n|n|\u2606beewatree|beewatree\n|html|View the match progress at <a href=\"\/game-bestof3-gen9vgc2023regulatione-1993247192\">game-bestof3-gen9vgc2023regulatione-1993247192<\/a>\n|t:|1700285088\n|gametype|doubles\n|player|p1|PrismaAce|clair|\n|player|p2|beewatree|170|\n|teamsize|p1|6\n|teamsize|p2|6\n|gen|9\n|tier|[Gen 9] VGC 2023 Regulation E\n|rule|Species Clause: Limit one of each Pok\u00e9mon\n|rule|Item Clause: Limit one of each item\n|clearpoke\n|poke|p1|Orthworm, L50, M|\n|poke|p1|Mienshao, L50, M|\n|poke|p1|Garchomp, L50, M|\n|poke|p1|Tauros-Paldea-Aqua, L50, M|\n|poke|p1|Wo-Chien, L50|\n|poke|p1|Ceruledge, L50, M|\n|poke|p2|Toxtricity, L50, F|\n|poke|p2|Pincurchin, L50, F|\n|poke|p2|Noivern, L50, F|\n|poke|p2|Sableye, L50, F|\n|poke|p2|Electrode-Hisui, L50|\n|poke|p2|Enamorus, L50, F|\n|teampreview|4\n|c|\u2606beewatree|gg\nbeewatree has agreed to open team sheets.\nPrismaAce has agreed to open team sheets.\n|showteam|p1|Orthworm||SitrusBerry|EarthEater|Protect,ShedTail,IronDefense,BodyPress|||M|||50|,,,,,Fire]Mienshao||FocusSash|Regenerator|FakeOut,CloseCombat,Uturn,WideGuard|||M|||50|,,,,,Grass]Garchomp||LoadedDice|RoughSkin|Earthquake,ScaleShot,Protect,SwordsDance|||M|||50|,,,,,Water]Tauros-Paldea-Aqua||SafetyGoggles|Intimidate|RagingBull,CloseCombat,AquaJet,Protect|||M|||50|,,,,,Poison]Wo-Chien||MiracleSeed|TabletsofRuin|GigaDrain,LeechSeed,FoulPlay,Protect||||||50|,,,,,Fairy]Ceruledge||Leftovers|FlashFire|BitterBlade,Poltergeist,Protect,BulkUp|||M|||50|,,,,,Grass\n|showteam|p2|Toxtricity||ThroatSpray|PunkRock|Boomburst,Overdrive,HyperVoice,Protect|||F|||50|,,,,,Ghost]Pincurchin||AssaultVest|ElectricSurge|Scald,HydroPump,Thunder,Discharge|||F|||50|,,,,,Water]Noivern||CovertCloak|Telepathy|Tailwind,Boomburst,DracoMeteor,Whirlwind|||F|||50|,,,,,Normal]Sableye||SitrusBerry|Prankster|Encore,Disable,Quash,Gravity|||F|||50|,,,,,Dark]Electrode-Hisui||FocusSash|Soundproof|Chloroblast,ThunderWave,Taunt,Thunder||||||50|,,,,,Electric]Enamorus||LifeOrb|Contrary|SpringtideStorm,FocusBlast,EarthPower,Protect|||F|||50|,,,,,Fairy\n|j| angelicism\n|\n|t:|1700285127\n|start\n|switch|p1a: Floppy Hands|Mienshao, L50, M|100\/100\n|switch|p1b: :eatDirt:|Orthworm, L50, M|100\/100\n|switch|p2a: Toxtricity|Toxtricity, L50, F|100\/100\n|switch|p2b: Electrode|Electrode-Hisui, L50|100\/100\n|turn|1\n|j| Teekin\n|\n|t:|1700285183\n|-terastallize|p2a: Toxtricity|Ghost\n|move|p1a: Floppy Hands|Fake Out|p2b: Electrode\n|-damage|p2b: Electrode|75\/100\n|cant|p2b: Electrode|flinch\n|move|p2a: Toxtricity|Boomburst|p1b: :eatDirt:|[spread] p1a,p1b\n|-immune|p2b: Electrode|[from] ability: Soundproof\n|-resisted|p1b: :eatDirt:\n|-crit|p1b: :eatDirt:\n|-damage|p1a: Floppy Hands|5\/100\n|-damage|p1b: :eatDirt:|59\/100\n|-enditem|p2a: Toxtricity|Throat Spray\n|-boost|p2a: Toxtricity|spa|1|[from] item: Throat Spray\n|move|p1b: :eatDirt:|Shed Tail|p1b: :eatDirt:\n|-start|p1b: :eatDirt:|Substitute|[from] move: Shed Tail\n|-damage|p1b: :eatDirt:|9\/100\n|-enditem|p1b: :eatDirt:|Sitrus Berry|[eat]\n|-heal|p1b: :eatDirt:|34\/100|[from] item: Sitrus Berry\n|j| arrascaxeira\n|\n|t:|1700285202\n|switch|p1b: Cerulean|Ceruledge, L50, M|100\/100|[from] Shed Tail\n|\n|upkeep\n|turn|2\n|\n|t:|1700285239\n|move|p2a: Toxtricity|Protect|p2a: Toxtricity\n|-singleturn|p2a: Toxtricity|Protect\n|move|p1a: Floppy Hands|Wide Guard|p1a: Floppy Hands\n|-singleturn|p1a: Floppy Hands|Wide Guard\n|move|p2b: Electrode|Taunt|p1a: Floppy Hands\n|-start|p1a: Floppy Hands|move: Taunt\n|move|p1b: Cerulean|Bitter Blade|p2a: Toxtricity\n|-activate|p2a: Toxtricity|move: Protect\n|\n|upkeep\n|turn|3\n|\n|t:|1700285268\n|switch|p2b: Pincurchin|Pincurchin, L50, F|100\/100\n|-fieldstart|move: Electric Terrain|[from] ability: Electric Surge|[of] p2b: Pincurchin\n|move|p1a: Floppy Hands|Close Combat|p2b: Pincurchin\n|-damage|p2b: Pincurchin|31\/100\n|-unboost|p1a: Floppy Hands|def|1\n|-unboost|p1a: Floppy Hands|spd|1\n|move|p1b: Cerulean|Bitter Blade|p2a: Toxtricity\n|-crit|p2a: Toxtricity\n|-damage|p2a: Toxtricity|11\/100\n|move|p2a: Toxtricity|Overdrive|p1b: Cerulean|[spread] p1a,p1b\n|-damage|p1a: Floppy Hands|0 fnt\n|-damage|p1b: Cerulean|28\/100\n|faint|p1a: Floppy Hands\n|\n|-heal|p1b: Cerulean|34\/100|[from] item: Leftovers\n|upkeep\n|\n|t:|1700285282\n|switch|p1a: Live Reaction|Wo-Chien, L50|100\/100\n|-ability|p1a: Live Reaction|Tablets of Ruin\n|turn|4\n|\n|t:|1700285316\n|move|p1b: Cerulean|Protect|p1b: Cerulean\n|-singleturn|p1b: Cerulean|Protect\n|move|p2a: Toxtricity|Protect|p2a: Toxtricity\n|-singleturn|p2a: Toxtricity|Protect\n|move|p1a: Live Reaction|Leech Seed|p2b: Pincurchin\n|-start|p2b: Pincurchin|move: Leech Seed\n|move|p2b: Pincurchin|Discharge|p1a: Live Reaction|[spread] p1a\n|-activate|p2a: Toxtricity|move: Protect\n|-activate|p1b: Cerulean|move: Protect\n|-resisted|p1a: Live Reaction\n|-damage|p1a: Live Reaction|93\/100\n|\n|-heal|p1b: Cerulean|40\/100|[from] item: Leftovers\n|-damage|p2b: Pincurchin|19\/100|[from] Leech Seed|[of] p1a: Live Reaction\n|-heal|p1a: Live Reaction|100\/100|[silent]\n|upkeep\n|turn|5\n|\n|t:|1700285360\n|switch|p1b: :eatDirt:|Orthworm, L50, M|34\/100\n|switch|p2a: Electrode|Electrode-Hisui, L50|75\/100\n|move|p1a: Live Reaction|Giga Drain|p2a: Electrode\n|-resisted|p2a: Electrode\n|-damage|p2a: Electrode|50\/100\n|move|p2b: Pincurchin|Scald|p1b: :eatDirt:\n|-damage|p1b: :eatDirt:|8\/100\n|\n|-damage|p2b: Pincurchin|6\/100|[from] Leech Seed|[of] p1a: Live Reaction\n|upkeep\n|turn|6\n|\n|t:|1700285387\n|switch|p2b: Noivern|Noivern, L50, F|100\/100\n|move|p2a: Electrode|Taunt|p1a: Live Reaction\n|-start|p1a: Live Reaction|move: Taunt\n|move|p1a: Live Reaction|Foul Play|p2b: Noivern\n|-damage|p2b: Noivern|76\/100\n|move|p1b: :eatDirt:|Body Press|p2a: Electrode\n|-damage|p2a: Electrode|15\/100\n|\n|upkeep\n|turn|7\n|\n|t:|1700285436\n|switch|p2a: Toxtricity|Toxtricity, L50, F, tera:Ghost|11\/100\n|switch|p1a: Cerulean|Ceruledge, L50, M|40\/100\n|move|p2b: Noivern|Tailwind|p2b: Noivern\n|-sidestart|p2: beewatree|move: Tailwind\n|move|p1b: :eatDirt:|Body Press|p2a: Toxtricity\n|-immune|p2a: Toxtricity\n|\n|-heal|p1a: Cerulean|46\/100|[from] item: Leftovers\n|-fieldend|move: Electric Terrain\n|upkeep\n|turn|8\n|\n|t:|1700285472\n|move|p1b: :eatDirt:|Protect|p1b: :eatDirt:\n|-singleturn|p1b: :eatDirt:|Protect\n|move|p2b: Noivern|Boomburst|p1a: Cerulean|[spread] \n|-activate|p1b: :eatDirt:|move: Protect\n|-immune|p2a: Toxtricity\n|-immune|p1a: Cerulean\n|move|p2a: Toxtricity|Overdrive|p1a: Cerulean|[spread] p1a\n|-activate|p1b: :eatDirt:|move: Protect\n|-damage|p1a: Cerulean|10\/100\n|move|p1a: Cerulean|Poltergeist|p2b: Noivern|[miss]\n|-miss|p1a: Cerulean|p2b: Noivern\n|\n|-heal|p1a: Cerulean|16\/100|[from] item: Leftovers\n|upkeep\n|turn|9\n|c| Teekin|F\n|c| angelicism|F\n|\n|t:|1700285514\n|move|p2b: Noivern|Boomburst|p1a: Cerulean|[spread] p1b\n|-immune|p2a: Toxtricity\n|-immune|p1a: Cerulean\n|-resisted|p1b: :eatDirt:\n|-damage|p1b: :eatDirt:|0 fnt\n|faint|p1b: :eatDirt:\n|move|p2a: Toxtricity|Overdrive|p1a: Cerulean\n|-damage|p1a: Cerulean|0 fnt\n|faint|p1a: Cerulean\n|\n|upkeep\n|\n|t:|1700285517\n|switch|p1b: Live Reaction|Wo-Chien, L50|100\/100\n|-ability|p1b: Live Reaction|Tablets of Ruin\n|turn|10\n|\n|t:|1700285547\n|move|p2b: Noivern|Draco Meteor|p1b: Live Reaction\n|-damage|p1b: Live Reaction|69\/100\n|-unboost|p2b: Noivern|spa|2\n|move|p2a: Toxtricity|Boomburst|p1b: Live Reaction|[spread] p1b\n|-activate|p2b: Noivern|ability: Telepathy\n|-damage|p1b: Live Reaction|44\/100\n|move|p1b: Live Reaction|Leech Seed|p2b: Noivern\n|-start|p2b: Noivern|move: Leech Seed\n|\n|-damage|p2b: Noivern|63\/100|[from] Leech Seed|[of] p1b: Live Reaction\n|-heal|p1b: Live Reaction|54\/100|[silent]\n|-sideend|p2: beewatree|move: Tailwind\n|upkeep\n|turn|11\n|\n|t:|1700285587\n|move|p2b: Noivern|Tailwind|p2b: Noivern\n|-sidestart|p2: beewatree|move: Tailwind\n|move|p2a: Toxtricity|Boomburst|p1b: Live Reaction|[spread] p1b\n|-activate|p2b: Noivern|ability: Telepathy\n|-damage|p1b: Live Reaction|30\/100\n|move|p1b: Live Reaction|Giga Drain|p2a: Toxtricity\n|-damage|p2a: Toxtricity|0 fnt\n|-heal|p1b: Live Reaction|35\/100|[from] drain|[of] p2a: Toxtricity\n|faint|p2a: Toxtricity\n|\n|-damage|p2b: Noivern|51\/100|[from] Leech Seed|[of] p1b: Live Reaction\n|-heal|p1b: Live Reaction|46\/100|[silent]\n|upkeep\n|\n|t:|1700285601\n|switch|p2a: Electrode|Electrode-Hisui, L50|15\/100\n|turn|12\n|\n|t:|1700285621\n|switch|p2b: Pincurchin|Pincurchin, L50, F|6\/100\n|-fieldstart|move: Electric Terrain|[from] ability: Electric Surge|[of] p2b: Pincurchin\n|move|p2a: Electrode|Taunt|p1b: Live Reaction\n|-start|p1b: Live Reaction|move: Taunt\n|move|p1b: Live Reaction|Giga Drain|p2a: Electrode\n|-resisted|p2a: Electrode\n|-damage|p2a: Electrode|0 fnt\n|-heal|p1b: Live Reaction|51\/100|[from] drain|[of] p2a: Electrode\n|faint|p2a: Electrode\n|\n|upkeep\n|\n|t:|1700285632\n|switch|p2a: Noivern|Noivern, L50, F|51\/100\n|turn|13\n|\n|t:|1700285682\n|-terastallize|p1b: Live Reaction|Fairy\n|move|p2a: Noivern|Draco Meteor|p1b: Live Reaction\n|-immune|p1b: Live Reaction\n|move|p1b: Live Reaction|Giga Drain|p2b: Pincurchin\n|-damage|p2b: Pincurchin|0 fnt\n|-heal|p1b: Live Reaction|53\/100|[from] drain|[of] p2b: Pincurchin\n|faint|p2b: Pincurchin\n|\n|upkeep\n|turn|14\n|\n|t:|1700285691\n|move|p2a: Noivern|Boomburst|p1b: Live Reaction\n|-damage|p1b: Live Reaction|32\/100\n|move|p1b: Live Reaction|Foul Play|p2a: Noivern\n|-damage|p2a: Noivern|28\/100\n|\n|-end|p1b: Live Reaction|move: Taunt\n|-sideend|p2: beewatree|move: Tailwind\n|upkeep\n|turn|15\n|\n|t:|1700285705\n|move|p2a: Noivern|Boomburst|p1b: Live Reaction\n|-damage|p1b: Live Reaction|12\/100\n|move|p1b: Live Reaction|Leech Seed|p2a: Noivern\n|-start|p2a: Noivern|move: Leech Seed\n|\n|-damage|p2a: Noivern|15\/100|[from] Leech Seed|[of] p1b: Live Reaction\n|-heal|p1b: Live Reaction|22\/100|[silent]\n|upkeep\n|turn|16\n|\n|t:|1700285719\n|move|p1b: Live Reaction|Protect|p1b: Live Reaction\n|-singleturn|p1b: Live Reaction|Protect\n|move|p2a: Noivern|Boomburst|p1b: Live Reaction\n|-activate|p1b: Live Reaction|move: Protect\n|\n|-damage|p2a: Noivern|3\/100|[from] Leech Seed|[of] p1b: Live Reaction\n|-heal|p1b: Live Reaction|33\/100|[silent]\n|-fieldend|move: Electric Terrain\n|upkeep\n|turn|17\n|c|\u2606beewatree|gg! slug supremacy!\n|\n|t:|1700285741\n|move|p1b: Live Reaction|Protect||[still]\n|-fail|p1b: Live Reaction\n|move|p2a: Noivern|Boomburst|p1b: Live Reaction\n|-damage|p1b: Live Reaction|11\/100\n|\n|-damage|p2a: Noivern|0 fnt|[from] Leech Seed|[of] p1b: Live Reaction\n|-heal|p1b: Live Reaction|13\/100|[silent]\n|faint|p2a: Noivern\n|\n|win|PrismaAce\n|upkeep\n|c| Teekin|live wo chien reaction\n|c|\u2606PrismaAce|ggs\n|l| angelicism\n|l|\u2606PrismaAce\n","uploadtime":1700285750,"views":8,"p1id":"prismaace","p2id":"beewatree","formatid":"gen9vgc2023regulatione","rating":0,"private":0,"password":""}