{"id":"gen9vgc2023regulatione-1987904622","p1":"newdun","p2":"Aldermaple","format":"[Gen 9] VGC 2023 Regulation E","log":"|j|\u2606newdun\n|j|\u2606Aldermaple\n|t:|1699647719\n|gametype|doubles\n|player|p1|newdun|1|\n|player|p2|Aldermaple|alder|\n|teamsize|p1|6\n|teamsize|p2|6\n|gen|9\n|tier|[Gen 9] VGC 2023 Regulation E\n|rule|Species Clause: Limit one of each Pok\u00e9mon\n|rule|Item Clause: Limit one of each item\n|clearpoke\n|poke|p1|Grimmsnarl, L50, M|\n|poke|p1|Okidogi, L50, M|\n|poke|p1|Urshifu-*, L50, M|\n|poke|p1|Ogerpon-Hearthflame, L50, F|\n|poke|p1|Arcanine-Hisui, L50, M|\n|poke|p1|Iron Bundle, L50|\n|poke|p2|Tornadus, L50, M|\n|poke|p2|Farigiraf, L50, M|\n|poke|p2|Ogerpon-Hearthflame, L50, F|\n|poke|p2|Urshifu-*, L50, F|\n|poke|p2|Conkeldurr, L50, M|\n|poke|p2|Amoonguss, L50, M|\n|teampreview|4\n|inactive|Battle timer is ON: inactive players will automatically lose when time's up. (requested by Aldermaple)\n|c|\u2606Aldermaple|good luck, have fun.\nnewdun has agreed to open team sheets.\n|inactive|newdun has 60 seconds left.\n|inactiveoff|Battle timer is now OFF.\n|\n|t:|1699647815\n|start\n|switch|p1a: Grimmsnarl|Grimmsnarl, L50, M, shiny|100\/100\n|switch|p1b: Arcanine|Arcanine-Hisui, L50, M, shiny|100\/100\n|switch|p2a: Gyramax|Farigiraf, L50, M, shiny|100\/100\n|switch|p2b: Dinklechad|Conkeldurr, L50, M, shiny|100\/100\n|-ability|p1b: Arcanine|Intimidate|boost\n|-unboost|p2a: Gyramax|atk|1\n|-unboost|p2b: Dinklechad|atk|1\n|turn|1\n|\n|t:|1699647846\n|-terastallize|p1b: Arcanine|Fairy\n|move|p1a: Grimmsnarl|Reflect|p1a: Grimmsnarl\n|-sidestart|p1: newdun|Reflect\n|move|p1b: Arcanine|Tera Blast|p2b: Dinklechad|[anim] Tera Blast Fairy\n|-supereffective|p2b: Dinklechad\n|-damage|p2b: Dinklechad|24\/100\n|move|p2b: Dinklechad|Drain Punch|p1b: Arcanine\n|-resisted|p1b: Arcanine\n|-damage|p1b: Arcanine|88\/100\n|-heal|p2b: Dinklechad|30\/100|[from] drain|[of] p1b: Arcanine\n|move|p2a: Gyramax|Trick Room|p2a: Gyramax\n|-fieldstart|move: Trick Room|[of] p2a: Gyramax\n|\n|-status|p2b: Dinklechad|brn|[from] item: Flame Orb\n|upkeep\n|turn|2\n|\n|t:|1699647871\n|move|p2b: Dinklechad|Ice Punch|p1b: Arcanine\n|-damage|p1b: Arcanine|64\/100\n|-status|p1b: Arcanine|frz\n|move|p2a: Gyramax|Psychic Fangs|p1b: Arcanine\n|-sideend|p1: newdun|Reflect\n|-damage|p1b: Arcanine|45\/100 frz\n|move|p1a: Grimmsnarl|Spirit Break|p2b: Dinklechad\n|-supereffective|p2b: Dinklechad\n|-damage|p2b: Dinklechad|0 fnt\n|faint|p2b: Dinklechad\n|cant|p1b: Arcanine|frz\n|\n|upkeep\n|c|\u2606newdun|NO WAY\n|c|\u2606Aldermaple|trust\n|\n|t:|1699647891\n|switch|p2b: \"Crewmate\"|Amoonguss, L50, M, shiny|100\/100\n|turn|3\n|c|\u2606newdun|hax\n|\n|t:|1699647907\n|switch|p1a: Okidogi|Okidogi, L50, M|100\/100\n|move|p2b: \"Crewmate\"|Spore|p1a: Okidogi\n|-status|p1a: Okidogi|slp|[from] move: Spore\n|move|p2a: Gyramax|Tera Blast|p1a: Okidogi\n|-damage|p1a: Okidogi|72\/100 slp\n|-curestatus|p1b: Arcanine|frz|[from] move: Flare Blitz\n|move|p1b: Arcanine|Flare Blitz|p2a: Gyramax\n|-damage|p2a: Gyramax|49\/100\n|-damage|p1b: Arcanine|23\/100|[from] Recoil\n|\n|-heal|p2a: Gyramax|55\/100|[from] item: Leftovers\n|-heal|p1a: Okidogi|79\/100 slp|[from] item: Leftovers\n|upkeep\n|turn|4\n|\n|t:|1699647965\n|move|p2b: \"Crewmate\"|Spore|p1b: Arcanine\n|-status|p1b: Arcanine|slp|[from] move: Spore\n|move|p2a: Gyramax|Psychic|p1a: Okidogi\n|-supereffective|p1a: Okidogi\n|-damage|p1a: Okidogi|0 fnt\n|faint|p1a: Okidogi\n|cant|p1b: Arcanine|slp\n|\n|-heal|p2a: Gyramax|61\/100|[from] item: Leftovers\n|upkeep\n|\n|t:|1699647968\n|switch|p1a: Iron Bundle|Iron Bundle, L50|100\/100\n|-enditem|p1a: Iron Bundle|Booster Energy\n|-activate|p1a: Iron Bundle|ability: Quark Drive|[fromitem]\n|-start|p1a: Iron Bundle|quarkdrivespe\n|turn|5\n|\n|t:|1699647983\n|move|p1a: Iron Bundle|Protect|p1a: Iron Bundle\n|-singleturn|p1a: Iron Bundle|Protect\n|move|p2b: \"Crewmate\"|Spore|p1a: Iron Bundle\n|-activate|p1a: Iron Bundle|move: Protect\n|move|p2a: Gyramax|Psychic|p1b: Arcanine\n|-damage|p1b: Arcanine|0 fnt\n|faint|p1b: Arcanine\n|\n|-heal|p2a: Gyramax|67\/100|[from] item: Leftovers\n|-fieldend|move: Trick Room\n|upkeep\n|\n|t:|1699647988\n|switch|p1b: Grimmsnarl|Grimmsnarl, L50, M, shiny|100\/100\n|turn|6\n|\n|t:|1699648009\n|move|p1a: Iron Bundle|Freeze-Dry|p2b: \"Crewmate\"\n|-supereffective|p2b: \"Crewmate\"\n|-damage|p2b: \"Crewmate\"|34\/100\n|-enditem|p2b: \"Crewmate\"|Sitrus Berry|[eat]\n|-heal|p2b: \"Crewmate\"|59\/100|[from] item: Sitrus Berry\n|move|p1b: Grimmsnarl|Spirit Break|p2b: \"Crewmate\"\n|-resisted|p2b: \"Crewmate\"\n|-damage|p2b: \"Crewmate\"|46\/100\n|-unboost|p2b: \"Crewmate\"|spa|1\n|move|p2b: \"Crewmate\"|Spore|p1b: Grimmsnarl\n|-status|p1b: Grimmsnarl|slp|[from] move: Spore\n|move|p2a: Gyramax|Trick Room|p2a: Gyramax\n|-fieldstart|move: Trick Room|[of] p2a: Gyramax\n|\n|-heal|p2a: Gyramax|74\/100|[from] item: Leftovers\n|upkeep\n|turn|7\n|\n|t:|1699648050\n|move|p1a: Iron Bundle|Protect|p1a: Iron Bundle\n|-singleturn|p1a: Iron Bundle|Protect\n|move|p2b: \"Crewmate\"|Pollen Puff|p2a: Gyramax\n|-heal|p2a: Gyramax|100\/100\n|move|p2a: Gyramax|Psychic|p1a: Iron Bundle\n|-activate|p1a: Iron Bundle|move: Protect\n|cant|p1b: Grimmsnarl|slp\n|\n|upkeep\n|turn|8\n|\n|t:|1699648072\n|move|p2b: \"Crewmate\"|Spore|p1a: Iron Bundle\n|-status|p1a: Iron Bundle|slp|[from] move: Spore\n|move|p2a: Gyramax|Psychic|p1a: Iron Bundle\n|-damage|p1a: Iron Bundle|27\/100 slp\n|cant|p1b: Grimmsnarl|slp\n|cant|p1a: Iron Bundle|slp\n|\n|upkeep\n|turn|9\n|\n|t:|1699648088\n|cant|p1a: Iron Bundle|slp\n|-curestatus|p1b: Grimmsnarl|slp|[msg]\n|move|p1b: Grimmsnarl|Light Screen|p1b: Grimmsnarl\n|-sidestart|p1: newdun|move: Light Screen\n|move|p2b: \"Crewmate\"|Spore|p1b: Grimmsnarl\n|-status|p1b: Grimmsnarl|slp|[from] move: Spore\n|move|p2a: Gyramax|Psychic|p1a: Iron Bundle\n|-damage|p1a: Iron Bundle|0 fnt\n|faint|p1a: Iron Bundle\n|-end|p1a: Iron Bundle|Quark Drive|[silent]\n|\n|upkeep\n|turn|10\n|c|\u2606newdun|this is serious cringe\n|\n|t:|1699648109\n|move|p2b: \"Crewmate\"|Pollen Puff|p1b: Grimmsnarl\n|-damage|p1b: Grimmsnarl|93\/100 slp\n|move|p2a: Gyramax|Psychic Fangs|p1b: Grimmsnarl\n|-immune|p1b: Grimmsnarl\n|cant|p1b: Grimmsnarl|slp\n|\n|-fieldend|move: Trick Room\n|upkeep\n|turn|11\n|\n|t:|1699648120\n|cant|p1b: Grimmsnarl|slp\n|move|p2b: \"Crewmate\"|Spore|p1b: Grimmsnarl\n|-fail|p1b: Grimmsnarl|slp\n|move|p2a: Gyramax|Trick Room|p2a: Gyramax\n|-fieldstart|move: Trick Room|[of] p2a: Gyramax\n|\n|upkeep\n|turn|12\n|\n|t:|1699648138\n|move|p2b: \"Crewmate\"|Spore|p1b: Grimmsnarl\n|-fail|p1b: Grimmsnarl|slp\n|move|p2a: Gyramax|Tera Blast|p1b: Grimmsnarl\n|-damage|p1b: Grimmsnarl|71\/100 slp\n|cant|p1b: Grimmsnarl|slp\n|\n|upkeep\n|turn|13\n|c|\u2606newdun|im not getting stalled out by amogus rn\n|\n|t:|1699648152\n|move|p2b: \"Crewmate\"|Spore|p1b: Grimmsnarl\n|-fail|p1b: Grimmsnarl|slp\n|move|p2a: Gyramax|Tera Blast|p1b: Grimmsnarl\n|-damage|p1b: Grimmsnarl|51\/100 slp\n|-curestatus|p1b: Grimmsnarl|slp|[msg]\n|move|p1b: Grimmsnarl|Spirit Break|p2b: \"Crewmate\"\n|-resisted|p2b: \"Crewmate\"\n|-damage|p2b: \"Crewmate\"|33\/100\n|-unboost|p2b: \"Crewmate\"|spa|1\n|\n|upkeep\n|turn|14\n|c|\u2606Aldermaple|amogus trust\n|\n|t:|1699648170\n|move|p1b: Grimmsnarl|Parting Shot||[still]\n|cant|p2a: Gyramax|ability: Armor Tail|Parting Shot|[of] p1b: Grimmsnarl\n|move|p2b: \"Crewmate\"|Spore|p1b: Grimmsnarl\n|-status|p1b: Grimmsnarl|slp|[from] move: Spore\n|move|p2a: Gyramax|Tera Blast|p1b: Grimmsnarl\n|-damage|p1b: Grimmsnarl|30\/100 slp\n|\n|upkeep\n|turn|15\n|-message|newdun forfeited.\n|\n|win|Aldermaple\n","uploadtime":1699648181,"views":13,"p1id":"newdun","p2id":"aldermaple","formatid":"gen9vgc2023regulatione","rating":0,"private":0,"password":""}