{"id":"gen9vgc2023regulatione-1989578082","p1":"Cass_0712","p2":"Fleone","format":"[Gen 9] VGC 2023 Regulation E","log":"|j|\u2606Cass_0712\n|j|\u2606Fleone\n|t:|1699874047\n|gametype|doubles\n|player|p1|Cass_0712|170|1351\n|player|p2|Fleone|1|1321\n|teamsize|p1|6\n|teamsize|p2|6\n|gen|9\n|tier|[Gen 9] VGC 2023 Regulation E\n|rated|\n|rule|Species Clause: Limit one of each Pok\u00e9mon\n|rule|Item Clause: Limit one of each item\n|clearpoke\n|poke|p1|Tornadus, L50, M|\n|poke|p1|Arcanine-Hisui, L50, F|\n|poke|p1|Iron Hands, L50|\n|poke|p1|Gholdengo, L50|\n|poke|p1|Urshifu-*, L50, M|\n|poke|p1|Ogerpon-Wellspring, L50, F|\n|poke|p2|Roaring Moon, L50|\n|poke|p2|Gholdengo, L50|\n|poke|p2|Arcanine-Hisui, L50, M|\n|poke|p2|Ogerpon-Wellspring, L50, F|\n|poke|p2|Iron Hands, L50|\n|poke|p2|Landorus, L50, M|\n|teampreview|4\n|inactive|Battle timer is ON: inactive players will automatically lose when time's up. (requested by Fleone)\n|inactive|Cass_0712 has 60 seconds left.\n|\n|t:|1699874087\n|start\n|switch|p1a: Tornadus|Tornadus, L50, M|100\/100\n|switch|p1b: Iron Hands|Iron Hands, L50|100\/100\n|switch|p2a: Roaring Moon|Roaring Moon, L50|100\/100\n|switch|p2b: Iron Hands|Iron Hands, L50|100\/100\n|-enditem|p2a: Roaring Moon|Booster Energy\n|-activate|p2a: Roaring Moon|ability: Protosynthesis|[fromitem]\n|-start|p2a: Roaring Moon|protosynthesisatk\n|turn|1\n|\n|t:|1699874115\n|move|p2b: Iron Hands|Fake Out|p1a: Tornadus\n|-damage|p1a: Tornadus|81\/100\n|move|p1b: Iron Hands|Fake Out|p2a: Roaring Moon\n|-damage|p2a: Roaring Moon|84\/100\n|move|p1a: Tornadus|Tailwind|p1a: Tornadus\n|-sidestart|p1: Cass_0712|move: Tailwind\n|cant|p2a: Roaring Moon|flinch\n|\n|upkeep\n|turn|2\n|\n|t:|1699874139\n|move|p1a: Tornadus|Taunt|p2a: Roaring Moon\n|-hint|Since gen 7, Dark is immune to Prankster moves.\n|-immune|p2a: Roaring Moon\n|move|p2a: Roaring Moon|Tailwind|p2a: Roaring Moon\n|-sidestart|p2: Fleone|move: Tailwind\n|move|p2b: Iron Hands|Wild Charge|p1a: Tornadus\n|-supereffective|p1a: Tornadus\n|-damage|p1a: Tornadus|0 fnt\n|faint|p1a: Tornadus\n|-damage|p2b: Iron Hands|84\/100|[from] Recoil\n|move|p1b: Iron Hands|Drain Punch|p2a: Roaring Moon\n|-supereffective|p2a: Roaring Moon\n|-damage|p2a: Roaring Moon|0 fnt\n|faint|p2a: Roaring Moon\n|-end|p2a: Roaring Moon|Protosynthesis|[silent]\n|\n|upkeep\n|\n|t:|1699874153\n|switch|p2a: Landorus|Landorus, L50, M|100\/100\n|switch|p1a: Ogerpon|Ogerpon-Wellspring, L50, F|100\/100\n|turn|3\n|\n|t:|1699874169\n|-terastallize|p2a: Landorus|Poison\n|-terastallize|p1b: Iron Hands|Grass\n|move|p2a: Landorus|Earth Power|p1b: Iron Hands\n|-resisted|p1b: Iron Hands\n|-damage|p1b: Iron Hands|82\/100\n|move|p1a: Ogerpon|Ivy Cudgel|p2a: Landorus\n|-crit|p2a: Landorus\n|-damage|p2a: Landorus|2\/100\n|move|p2b: Iron Hands|Drain Punch|p1a: Ogerpon\n|-damage|p1a: Ogerpon|54\/100\n|-heal|p2b: Iron Hands|100\/100|[from] drain|[of] p1a: Ogerpon\n|move|p1b: Iron Hands|Drain Punch|p2b: Iron Hands\n|-damage|p2b: Iron Hands|70\/100\n|-heal|p1b: Iron Hands|96\/100|[from] drain|[of] p2b: Iron Hands\n|\n|upkeep\n|turn|4\n|\n|t:|1699874189\n|move|p2a: Landorus|Sludge Bomb|p1b: Iron Hands\n|-supereffective|p1b: Iron Hands\n|-damage|p1b: Iron Hands|18\/100\n|move|p1a: Ogerpon|Ivy Cudgel|p2a: Landorus\n|-damage|p2a: Landorus|0 fnt\n|faint|p2a: Landorus\n|move|p2b: Iron Hands|Wild Charge|p1a: Ogerpon\n|-damage|p1a: Ogerpon|0 fnt\n|faint|p1a: Ogerpon\n|-damage|p2b: Iron Hands|60\/100|[from] Recoil\n|move|p1b: Iron Hands|Drain Punch|p2b: Iron Hands\n|-damage|p2b: Iron Hands|29\/100\n|-heal|p1b: Iron Hands|32\/100|[from] drain|[of] p2b: Iron Hands\n|\n|-sideend|p1: Cass_0712|move: Tailwind\n|upkeep\n|\n|t:|1699874197\n|switch|p2a: Gholdengo|Gholdengo, L50|100\/100\n|switch|p1a: Urshifu|Urshifu-Rapid-Strike, L50, M|100\/100\n|turn|5\n|\n|t:|1699874206\n|move|p2a: Gholdengo|Make It Rain|p1b: Iron Hands|[spread] p1a,p1b\n|-resisted|p1a: Urshifu\n|-damage|p1a: Urshifu|65\/100\n|-damage|p1b: Iron Hands|8\/100\n|-unboost|p2a: Gholdengo|spa|1\n|move|p1a: Urshifu|Surging Strikes|p2a: Gholdengo\n|-crit|p2a: Gholdengo\n|-damage|p2a: Gholdengo|79\/100\n|-crit|p2a: Gholdengo\n|-damage|p2a: Gholdengo|58\/100\n|-crit|p2a: Gholdengo\n|-damage|p2a: Gholdengo|38\/100\n|-hitcount|p2a: Gholdengo|3\n|move|p2b: Iron Hands|Drain Punch|p1a: Urshifu\n|-damage|p1a: Urshifu|25\/100\n|-heal|p2b: Iron Hands|45\/100|[from] drain|[of] p1a: Urshifu\n|move|p1b: Iron Hands|Drain Punch|p2b: Iron Hands\n|-damage|p2b: Iron Hands|17\/100\n|-heal|p1b: Iron Hands|21\/100|[from] drain|[of] p2b: Iron Hands\n|\n|-heal|p2a: Gholdengo|44\/100|[from] item: Leftovers\n|-sideend|p2: Fleone|move: Tailwind\n|upkeep\n|turn|6\n|\n|t:|1699874224\n|move|p1a: Urshifu|Surging Strikes|p2a: Gholdengo\n|-crit|p2a: Gholdengo\n|-damage|p2a: Gholdengo|25\/100\n|-crit|p2a: Gholdengo\n|-damage|p2a: Gholdengo|4\/100\n|-crit|p2a: Gholdengo\n|-damage|p2a: Gholdengo|0 fnt\n|faint|p2a: Gholdengo\n|-hitcount|p2: Gholdengo|3\n|move|p2b: Iron Hands|Drain Punch|p1b: Iron Hands\n|-damage|p1b: Iron Hands|0 fnt\n|-heal|p2b: Iron Hands|28\/100|[from] drain|[of] p1b: Iron Hands\n|faint|p1b: Iron Hands\n|-end|p1b: Iron Hands|Quark Drive|[silent]\n|\n|upkeep\n|turn|7\n|c|\u2606Cass_0712|gg\n|\n|t:|1699874233\n|move|p1a: Urshifu|Surging Strikes|p2b: Iron Hands\n|-crit|p2b: Iron Hands\n|-damage|p2b: Iron Hands|13\/100\n|-crit|p2b: Iron Hands\n|-damage|p2b: Iron Hands|0 fnt\n|faint|p2b: Iron Hands\n|-end|p2b: Iron Hands|Quark Drive|[silent]\n|-hitcount|p2: Iron Hands|2\n|\n|win|Cass_0712\n|raw|Cass_0712's rating: 1351 &rarr; <strong>1369<\/strong><br \/>(+18 for winning)\n|raw|Fleone's rating: 1321 &rarr; <strong>1303<\/strong><br \/>(-18 for losing)\n","uploadtime":1699874241,"views":26,"p1id":"cass0712","p2id":"fleone","formatid":"gen9vgc2023regulatione","rating":1303,"private":0,"password":""}