{"id":"gen9vgc2023regulatione-1994319884","p1":"AC Wesley","p2":"Puriner","format":"[Gen 9] VGC 2023 Regulation E","log":"|j|\u2606AC Wesley\n|j|\u2606Puriner\n|n|\u2606AC Wesley|acwesley\n|n|\u2606Puriner|puriner\n|html|View the match progress at <a href=\"\/game-bestof3-gen9vgc2023regulatione-1994316409\">game-bestof3-gen9vgc2023regulatione-1994316409<\/a>\n|t:|1700430711\n|gametype|doubles\n|player|p1|AC Wesley|thorton|\n|player|p2|Puriner|colress|\n|teamsize|p1|6\n|teamsize|p2|6\n|gen|9\n|tier|[Gen 9] VGC 2023 Regulation E\n|rule|Species Clause: Limit one of each Pok\u00e9mon\n|rule|Item Clause: Limit one of each item\n|clearpoke\n|poke|p1|Iron Hands, L50|\n|poke|p1|Farigiraf, L50, F|\n|poke|p1|Ursaluna-Bloodmoon, L50, M|\n|poke|p1|Flutter Mane, L50|\n|poke|p1|Heatran, L50, M|\n|poke|p1|Ogerpon-Wellspring, L50, F|\n|poke|p2|Torkoal, L50, F|\n|poke|p2|Roaring Moon, L50|\n|poke|p2|Flutter Mane, L50|\n|poke|p2|Tornadus, L50, M|\n|poke|p2|Ogerpon-Hearthflame, L50, F|\n|poke|p2|Cresselia, L50, F|\n|teampreview|4\n|inactive|Battle timer is ON: inactive players will automatically lose when time's up. (requested by AC Wesley)\n|j| Van. Volcanucks\n|\n|t:|1700430726\n|start\n|switch|p1a: Iron Hands|Iron Hands, L50|100\/100\n|switch|p1b: Ogerpon|Ogerpon-Wellspring, L50, F|100\/100\n|switch|p2a: Roaring Moon|Roaring Moon, L50|100\/100\n|switch|p2b: Tornadus|Tornadus, L50, M|100\/100\n|turn|1\n|inactive|AC Wesley has 30 seconds left.\n|inactive|AC Wesley has 20 seconds left.\n|inactive|AC Wesley has 15 seconds left.\n|inactive|AC Wesley has 10 seconds left.\n|\n|t:|1700430774\n|move|p1b: Ogerpon|Spiky Shield|p1b: Ogerpon\n|-singleturn|p1b: Ogerpon|move: Protect\n|move|p2a: Roaring Moon|Earthquake|p1b: Ogerpon|[spread] p1a\n|-activate|p1b: Ogerpon|move: Protect\n|-immune|p2b: Tornadus\n|-supereffective|p1a: Iron Hands\n|-damage|p1a: Iron Hands|64\/100\n|move|p2b: Tornadus|Bleakwind Storm|p1b: Ogerpon|[spread] p1a\n|-activate|p1b: Ogerpon|move: Protect\n|-damage|p1a: Iron Hands|39\/100\n|-unboost|p1a: Iron Hands|spe|1\n|move|p1a: Iron Hands|Wild Charge|p2b: Tornadus\n|-supereffective|p2b: Tornadus\n|-damage|p2b: Tornadus|0 fnt\n|faint|p2b: Tornadus\n|-damage|p1a: Iron Hands|24\/100|[from] Recoil\n|\n|upkeep\n|inactive|Puriner has 30 seconds left.\n|inactive|Puriner has 20 seconds left.\n|\n|t:|1700430812\n|switch|p2b: Torkoal|Torkoal, L50, F|100\/100\n|-weather|SunnyDay|[from] ability: Drought|[of] p2b: Torkoal\n|-activate|p2a: Roaring Moon|ability: Protosynthesis\n|-start|p2a: Roaring Moon|protosynthesisatk\n|turn|2\n|inactive|AC Wesley has 30 seconds left.\n|\n|t:|1700430843\n|-end|p1a: Iron Hands|Quark Drive|[silent]\n|switch|p1a: Ursaluna|Ursaluna-Bloodmoon, L50, M|100\/100\n|-terastallize|p1b: Ogerpon|Water\n|detailschange|p1b: Ogerpon|Ogerpon-Wellspring-Tera, L50, F, tera:Water\n|-ability|p1b: Ogerpon|Embody Aspect (Wellspring)|boost\n|-boost|p1b: Ogerpon|spd|1\n|-terastallize|p2b: Torkoal|Grass\n|move|p2a: Roaring Moon|Earthquake|p1a: Ursaluna|[spread] p2b,p1a,p1b\n|-resisted|p2b: Torkoal\n|-damage|p2b: Torkoal|85\/100\n|-damage|p1a: Ursaluna|73\/100\n|-damage|p1b: Ogerpon|51\/100\n|move|p1b: Ogerpon|Ivy Cudgel|p2b: Torkoal|[anim] Ivy Cudgel Water\n|-resisted|p2b: Torkoal\n|-crit|p2b: Torkoal\n|-damage|p2b: Torkoal|62\/100\n|move|p2b: Torkoal|Eruption|p1a: Ursaluna|[spread] p1a,p1b\n|-resisted|p1b: Ogerpon\n|-damage|p1a: Ursaluna|22\/100\n|-damage|p1b: Ogerpon|33\/100\n|\n|-weather|SunnyDay|[upkeep]\n|upkeep\n|turn|3\n|inactive|AC Wesley has 30 seconds left.\n|inactive|Puriner has 30 seconds left.\n|inactive|AC Wesley has 20 seconds left.\n|inactive|Puriner has 20 seconds left.\n|inactive|AC Wesley has 15 seconds left.\n|inactive|AC Wesley has 10 seconds left.\n|inactive|AC Wesley has 5 seconds left.\n|\n|t:|1700430894\n|move|p1b: Ogerpon|Spiky Shield|p1b: Ogerpon\n|-singleturn|p1b: Ogerpon|move: Protect\n|move|p2b: Torkoal|Protect|p2b: Torkoal\n|-singleturn|p2b: Torkoal|Protect\n|move|p1a: Ursaluna|Vacuum Wave|p2b: Torkoal\n|-activate|p2b: Torkoal|move: Protect\n|move|p2a: Roaring Moon|Earthquake|p1b: Ogerpon|[spread] p1a\n|-activate|p2b: Torkoal|move: Protect\n|-activate|p1b: Ogerpon|move: Protect\n|-damage|p1a: Ursaluna|0 fnt\n|faint|p1a: Ursaluna\n|\n|-weather|SunnyDay|[upkeep]\n|upkeep\n|\n|t:|1700430905\n|switch|p1a: Iron Hands|Iron Hands, L50|24\/100\n|turn|4\n|\n|t:|1700430929\n|move|p1a: Iron Hands|Fake Out|p2a: Roaring Moon\n|-damage|p2a: Roaring Moon|78\/100\n|cant|p2a: Roaring Moon|flinch\n|move|p1b: Ogerpon|Ivy Cudgel|p2b: Torkoal|[anim] Ivy Cudgel Water\n|-resisted|p2b: Torkoal\n|-damage|p2b: Torkoal|48\/100\n|move|p2b: Torkoal|Eruption|p1b: Ogerpon|[spread] p1a,p1b\n|-resisted|p1b: Ogerpon\n|-damage|p1a: Iron Hands|1\/100\n|-damage|p1b: Ogerpon|19\/100\n|\n|-weather|SunnyDay|[upkeep]\n|upkeep\n|turn|5\n|\n|t:|1700430947\n|move|p2b: Torkoal|Protect|p2b: Torkoal\n|-singleturn|p2b: Torkoal|Protect\n|move|p2a: Roaring Moon|Earthquake|p1b: Ogerpon|[spread] p1a,p1b\n|-activate|p2b: Torkoal|move: Protect\n|-supereffective|p1a: Iron Hands\n|-damage|p1a: Iron Hands|0 fnt\n|-damage|p1b: Ogerpon|0 fnt\n|faint|p1a: Iron Hands\n|-end|p1a: Iron Hands|Quark Drive|[silent]\n|faint|p1b: Ogerpon\n|\n|-weather|SunnyDay|[upkeep]\n|upkeep\n|\n|t:|1700430949\n|switch|p1b: Heatran|Heatran, L50, M|100\/100\n|turn|6\n|c|\u2606AC Wesley|gg\n|\n|t:|1700430963\n|move|p2a: Roaring Moon|Earthquake|p1b: Heatran|[spread] p2b,p1b\n|-resisted|p2b: Torkoal\n|-supereffective|p1b: Heatran\n|-damage|p2b: Torkoal|34\/100\n|-damage|p1b: Heatran|0 fnt\n|faint|p1b: Heatran\n|\n|win|Puriner\n|l|\u2606AC Wesley\n|c|\u2606Puriner|ggs!\n|l| Van. Volcanucks\n|j|\u2606AC Wesley\n|player|p1|AC Wesley|thorton\n","uploadtime":1700431004,"views":5,"p1id":"acwesley","p2id":"puriner","formatid":"gen9vgc2023regulatione","rating":0,"private":0,"password":""}