{"id":"gen9vgc2023regulatione-1995285391","p1":"Venefici","p2":"Fullmetal2517","format":"[Gen 9] VGC 2023 Regulation E","log":"|j|\u2606Venefici\n|j|\u2606Fullmetal2517\n|t:|1700546888\n|gametype|doubles\n|player|p1|Venefici|hugh|1125\n|player|p2|Fullmetal2517|102|1154\n|teamsize|p1|6\n|teamsize|p2|6\n|gen|9\n|tier|[Gen 9] VGC 2023 Regulation E\n|rated|\n|rule|Species Clause: Limit one of each Pok\u00e9mon\n|rule|Item Clause: Limit one of each item\n|clearpoke\n|poke|p1|Volcarona, L50, F|\n|poke|p1|Sinistcha, L50|\n|poke|p1|Snorlax, L50, F|\n|poke|p1|Milotic, L50, F|\n|poke|p1|Indeedee-F, L50, F|\n|poke|p1|Iron Hands, L50|\n|poke|p2|Farigiraf, L50, M|\n|poke|p2|Landorus, L50, M|\n|poke|p2|Urshifu-*, L50, F|\n|poke|p2|Heatran, L50, F|\n|poke|p2|Iron Bundle, L50|\n|poke|p2|Rillaboom, L50, M|\n|teampreview|4\n|inactive|Battle timer is ON: inactive players will automatically lose when time's up. (requested by Venefici)\n|inactive|Venefici has 60 seconds left.\n|inactive|Fullmetal2517 has 60 seconds left.\n|inactive|Fullmetal2517 has 30 seconds left.\n|\n|t:|1700546949\n|start\n|switch|p1a: Indeedee|Indeedee-F, L50, F|100\/100\n|switch|p1b: Snorlax|Snorlax, L50, F|100\/100\n|switch|p2a: Urshifu|Urshifu, L50, F|100\/100\n|switch|p2b: Iron Bundle|Iron Bundle, L50|100\/100\n|-fieldstart|move: Psychic Terrain|[from] ability: Psychic Surge|[of] p1a: Indeedee\n|-enditem|p2b: Iron Bundle|Booster Energy\n|-activate|p2b: Iron Bundle|ability: Quark Drive|[fromitem]\n|-start|p2b: Iron Bundle|quarkdrivespe\n|turn|1\n|inactive|Fullmetal2517 has 30 seconds left.\n|\n|t:|1700546976\n|move|p2b: Iron Bundle|Protect|p2b: Iron Bundle\n|-singleturn|p2b: Iron Bundle|Protect\n|move|p1a: Indeedee|Follow Me|p1a: Indeedee\n|-singleturn|p1a: Indeedee|move: Follow Me\n|move|p2a: Urshifu|Wicked Blow|p1a: Indeedee\n|-supereffective|p1a: Indeedee\n|-crit|p1a: Indeedee\n|-damage|p1a: Indeedee|0 fnt\n|-damage|p2a: Urshifu|84\/100|[from] item: Rocky Helmet|[of] p1a: Indeedee\n|faint|p1a: Indeedee\n|move|p1b: Snorlax|Belly Drum|p1b: Snorlax\n|-damage|p1b: Snorlax|50\/100\n|-setboost|p1b: Snorlax|atk|6|[from] move: Belly Drum\n|-enditem|p1b: Snorlax|Sitrus Berry|[eat]\n|-heal|p1b: Snorlax|75\/100|[from] item: Sitrus Berry\n|\n|upkeep\n|\n|t:|1700546990\n|switch|p1a: Sinistcha|Sinistcha, L50|100\/100\n|-heal|p1b: Snorlax|99\/100|[from] ability: Hospitality|[of] p1a: Sinistcha\n|turn|2\n|inactive|Venefici has 30 seconds left.\n|inactive|Venefici has 20 seconds left.\n|\n|t:|1700547025\n|move|p1a: Sinistcha|Rage Powder|p1a: Sinistcha\n|-singleturn|p1a: Sinistcha|move: Rage Powder\n|move|p2b: Iron Bundle|Encore|p1a: Sinistcha\n|-start|p1a: Sinistcha|Encore\n|move|p2a: Urshifu|Wicked Blow|p1a: Sinistcha\n|-supereffective|p1a: Sinistcha\n|-crit|p1a: Sinistcha\n|-damage|p1a: Sinistcha|0 fnt\n|faint|p1a: Sinistcha\n|move|p1b: Snorlax|Body Slam|p2a: Urshifu\n|-damage|p2a: Urshifu|0 fnt\n|faint|p2a: Urshifu\n|\n|upkeep\n|\n|t:|1700547037\n|switch|p2a: Heatran|Heatran, L50, F|100\/100\n|switch|p1a: Milotic|Milotic, L50, F|100\/100\n|turn|3\n|inactive|Venefici has 30 seconds left.\n|\n|t:|1700547063\n|-terastallize|p2b: Iron Bundle|Ghost\n|move|p2b: Iron Bundle|Freeze-Dry|p1a: Milotic\n|-supereffective|p1a: Milotic\n|-damage|p1a: Milotic|56\/100\n|move|p1a: Milotic|Hypnosis|p2b: Iron Bundle\n|-status|p2b: Iron Bundle|slp|[from] move: Hypnosis\n|move|p2a: Heatran|Heat Wave|p1a: Milotic|[spread] p1a,p1b\n|-resisted|p1a: Milotic\n|-damage|p1a: Milotic|42\/100\n|-damage|p1b: Snorlax|85\/100\n|move|p1b: Snorlax|Body Slam|p2a: Heatran\n|-resisted|p2a: Heatran\n|-damage|p2a: Heatran|27\/100\n|\n|upkeep\n|turn|4\n|\n|t:|1700547086\n|move|p1a: Milotic|Protect|p1a: Milotic\n|-singleturn|p1a: Milotic|Protect\n|cant|p2b: Iron Bundle|slp\n|move|p2a: Heatran|Flash Cannon|p1b: Snorlax\n|-damage|p1b: Snorlax|53\/100\n|move|p1b: Snorlax|Body Slam|p2a: Heatran\n|-resisted|p2a: Heatran\n|-damage|p2a: Heatran|0 fnt\n|faint|p2a: Heatran\n|\n|upkeep\n|\n|t:|1700547095\n|switch|p2a: Rillaboom|Rillaboom, L50, M|100\/100\n|-fieldstart|move: Grassy Terrain|[from] ability: Grassy Surge|[of] p2a: Rillaboom\n|turn|5\n|\n|t:|1700547107\n|move|p2a: Rillaboom|Fake Out|p1b: Snorlax\n|-damage|p1b: Snorlax|43\/100\n|cant|p2b: Iron Bundle|slp\n|move|p1a: Milotic|Coil|p1a: Milotic\n|-boost|p1a: Milotic|atk|1\n|-boost|p1a: Milotic|def|1\n|-boost|p1a: Milotic|accuracy|1\n|cant|p1b: Snorlax|flinch\n|\n|-heal|p1a: Milotic|48\/100|[from] Grassy Terrain\n|-heal|p1b: Snorlax|48\/100|[from] Grassy Terrain\n|upkeep\n|turn|6\n|inactive|Fullmetal2517 has 30 seconds left.\n|inactive|Fullmetal2517 has 20 seconds left.\n|inactive|Fullmetal2517 has 15 seconds left.\n|\n|t:|1700547149\n|-terastallize|p1a: Milotic|Steel\n|-curestatus|p2b: Iron Bundle|slp|[msg]\n|move|p2b: Iron Bundle|Encore|p1a: Milotic\n|-start|p1a: Milotic|Encore\n|move|p2a: Rillaboom|Wood Hammer|p1b: Snorlax\n|-damage|p1b: Snorlax|0 fnt\n|faint|p1b: Snorlax\n|-damage|p2a: Rillaboom|82\/100|[from] Recoil\n|move|p1a: Milotic|Coil|p1a: Milotic\n|-boost|p1a: Milotic|atk|1\n|-boost|p1a: Milotic|def|1\n|-boost|p1a: Milotic|accuracy|1\n|\n|-heal|p2a: Rillaboom|88\/100|[from] Grassy Terrain\n|-heal|p1a: Milotic|54\/100|[from] Grassy Terrain\n|upkeep\n|turn|7\n|\n|t:|1700547167\n|move|p2b: Iron Bundle|Freeze-Dry|p1a: Milotic\n|-resisted|p1a: Milotic\n|-damage|p1a: Milotic|44\/100\n|move|p2a: Rillaboom|Wood Hammer|p1a: Milotic\n|-resisted|p1a: Milotic\n|-damage|p1a: Milotic|15\/100\n|-damage|p2a: Rillaboom|78\/100|[from] Recoil\n|move|p1a: Milotic|Coil|p1a: Milotic\n|-boost|p1a: Milotic|atk|1\n|-boost|p1a: Milotic|def|1\n|-boost|p1a: Milotic|accuracy|1\n|\n|-heal|p2a: Rillaboom|84\/100|[from] Grassy Terrain\n|-heal|p1a: Milotic|21\/100|[from] Grassy Terrain\n|upkeep\n|turn|8\n|\n|t:|1700547183\n|move|p2b: Iron Bundle|Freeze-Dry|p1a: Milotic\n|-resisted|p1a: Milotic\n|-damage|p1a: Milotic|11\/100\n|move|p2a: Rillaboom|Wood Hammer|p1a: Milotic\n|-resisted|p1a: Milotic\n|-damage|p1a: Milotic|0 fnt\n|faint|p1a: Milotic\n|-damage|p2a: Rillaboom|81\/100|[from] Recoil\n|\n|win|Fullmetal2517\n|raw|Venefici's rating: 1125 &rarr; <strong>1102<\/strong><br \/>(-23 for losing)\n|raw|Fullmetal2517's rating: 1154 &rarr; <strong>1177<\/strong><br \/>(+23 for winning)\n|l|\u2606Fullmetal2517\n","uploadtime":1700547197,"views":6,"p1id":"venefici","p2id":"fullmetal2517","formatid":"gen9vgc2023regulatione","rating":1102,"private":0,"password":""}