{"id":"gen9vgc2023regulatione-1998582747","p1":"King32bit","p2":"EdwinVGC","format":"[Gen 9] VGC 2023 Regulation E","log":"|j|\u2606King32bit\n|j|\u2606EdwinVGC\n|t:|1700959202\n|gametype|doubles\n|player|p1|King32bit|silver|\n|player|p2|EdwinVGC|2|\n|teamsize|p1|6\n|teamsize|p2|6\n|gen|9\n|tier|[Gen 9] VGC 2023 Regulation E\n|rule|Species Clause: Limit one of each Pok\u00e9mon\n|rule|Item Clause: Limit one of each item\n|clearpoke\n|poke|p1|Baxcalibur, L50, M|\n|poke|p1|Garganacl, L50, M|\n|poke|p1|Gholdengo, L50|\n|poke|p1|Meowscarada, L50, M|\n|poke|p1|Mimikyu, L50, F|\n|poke|p1|Tauros-Paldea-Aqua, L50, M|\n|poke|p2|Pelipper, L50, M|\n|poke|p2|Urshifu-*, L50, M|\n|poke|p2|Amoonguss, L50, F|\n|poke|p2|Iron Hands, L50|\n|poke|p2|Gholdengo, L50|\n|poke|p2|Farigiraf, L50, M|\n|teampreview|4\nEdwinVGC has agreed to open team sheets.\n|\n|t:|1700959224\n|start\n|switch|p1a: Mimikyu|Mimikyu, L50, F|100\/100\n|switch|p1b: Garganacl|Garganacl, L50, M|100\/100\n|switch|p2a: Farigiraf|Farigiraf, L50, M|100\/100\n|switch|p2b: Gholdengo|Gholdengo, L50|100\/100\n|turn|1\n|\n|t:|1700959259\n|move|p1a: Mimikyu|Shadow Claw|p2a: Farigiraf\n|-immune|p2a: Farigiraf\n|move|p2b: Gholdengo|Nasty Plot|p2b: Gholdengo\n|-boost|p2b: Gholdengo|spa|2\n|move|p2a: Farigiraf|Nasty Plot|p2a: Farigiraf\n|-boost|p2a: Farigiraf|spa|2\n|move|p1b: Garganacl|Salt Cure|p2b: Gholdengo\n|-resisted|p2b: Gholdengo\n|-damage|p2b: Gholdengo|93\/100\n|-start|p2b: Gholdengo|Salt Cure\n|\n|-damage|p2b: Gholdengo|68\/100|[from] Salt Cure\n|upkeep\n|turn|2\n|\n|t:|1700959293\n|-terastallize|p2a: Farigiraf|Fairy\n|move|p2b: Gholdengo|Protect|p2b: Gholdengo\n|-singleturn|p2b: Gholdengo|Protect\n|move|p1a: Mimikyu|Shadow Sneak||[still]\n|cant|p2a: Farigiraf|ability: Armor Tail|Shadow Sneak|[of] p1a: Mimikyu\n|move|p2a: Farigiraf|Dazzling Gleam|p1b: Garganacl|[spread] p1a,p1b\n|-activate|p1a: Mimikyu|ability: Disguise\n|-damage|p1a: Mimikyu|100\/100\n|-damage|p1b: Garganacl|67\/100\n|detailschange|p1a: Mimikyu|Mimikyu-Busted, L50, F\n|-damage|p1a: Mimikyu|88\/100|[from] pokemon: Mimikyu-Busted\n|move|p1b: Garganacl|Salt Cure|p2a: Farigiraf\n|-damage|p2a: Farigiraf|88\/100\n|-start|p2a: Farigiraf|Salt Cure\n|\n|-heal|p1b: Garganacl|73\/100|[from] item: Leftovers\n|-damage|p2b: Gholdengo|43\/100|[from] Salt Cure\n|-damage|p2a: Farigiraf|75\/100|[from] Salt Cure\n|upkeep\n|turn|3\n|\n|t:|1700959324\n|move|p1a: Mimikyu|Protect|p1a: Mimikyu\n|-singleturn|p1a: Mimikyu|Protect\n|move|p2b: Gholdengo|Make It Rain|p1b: Garganacl|[spread] p1b\n|-activate|p1a: Mimikyu|move: Protect\n|-supereffective|p1b: Garganacl\n|-damage|p1b: Garganacl|0 fnt\n|-unboost|p2b: Gholdengo|spa|1\n|faint|p1b: Garganacl\n|-damage|p2b: Gholdengo|33\/100|[from] item: Life Orb\n|move|p2a: Farigiraf|Psychic|p1a: Mimikyu\n|-activate|p1a: Mimikyu|move: Protect\n|\n|-damage|p2b: Gholdengo|8\/100|[from] Salt Cure\n|-damage|p2a: Farigiraf|63\/100|[from] Salt Cure\n|upkeep\n|\n|t:|1700959340\n|switch|p1b: Gholdengo|Gholdengo, L50|100\/100\n|turn|4\n|\n|t:|1700959377\n|move|p1b: Gholdengo|Shadow Ball|p2b: Gholdengo\n|-supereffective|p2b: Gholdengo\n|-damage|p2b: Gholdengo|0 fnt\n|faint|p2b: Gholdengo\n|move|p1a: Mimikyu|Play Rough|p2a: Farigiraf\n|-damage|p2a: Farigiraf|15\/100\n|-enditem|p2a: Farigiraf|Sitrus Berry|[eat]\n|-heal|p2a: Farigiraf|40\/100|[from] item: Sitrus Berry\n|-damage|p1a: Mimikyu|78\/100|[from] item: Life Orb\n|move|p2a: Farigiraf|Psychic|p1b: Gholdengo\n|-resisted|p1b: Gholdengo\n|-damage|p1b: Gholdengo|69\/100\n|\n|-damage|p2a: Farigiraf|27\/100|[from] Salt Cure\n|upkeep\n|\n|t:|1700959391\n|switch|p2b: Pelipper|Pelipper, L50, M|100\/100\n|-weather|RainDance|[from] ability: Drizzle|[of] p2b: Pelipper\n|turn|5\n|\n|t:|1700959411\n|move|p1a: Mimikyu|Shadow Sneak||[still]\n|cant|p2a: Farigiraf|ability: Armor Tail|Shadow Sneak|[of] p1a: Mimikyu\n|move|p1b: Gholdengo|Shadow Ball|p2b: Pelipper\n|-damage|p2b: Pelipper|8\/100\n|move|p2b: Pelipper|Tailwind|p2b: Pelipper\n|-sidestart|p2: EdwinVGC|move: Tailwind\n|move|p2a: Farigiraf|Dazzling Gleam|p1a: Mimikyu|[spread] p1a,p1b\n|-resisted|p1b: Gholdengo\n|-damage|p1a: Mimikyu|21\/100\n|-damage|p1b: Gholdengo|48\/100\n|\n|-weather|RainDance|[upkeep]\n|-damage|p2a: Farigiraf|15\/100|[from] Salt Cure\n|upkeep\n|turn|6\n|\n|t:|1700959434\n|move|p1a: Mimikyu|Shadow Sneak||[still]\n|cant|p2a: Farigiraf|ability: Armor Tail|Shadow Sneak|[of] p1a: Mimikyu\n|move|p2b: Pelipper|Weather Ball|p1b: Gholdengo\n|-damage|p1b: Gholdengo|0 fnt\n|faint|p1b: Gholdengo\n|move|p2a: Farigiraf|Dazzling Gleam|p1a: Mimikyu\n|-damage|p1a: Mimikyu|0 fnt\n|faint|p1a: Mimikyu\n|\n|-weather|RainDance|[upkeep]\n|-damage|p2a: Farigiraf|2\/100|[from] Salt Cure\n|upkeep\n|\n|t:|1700959449\n|switch|p1b: Baxcalibur|Baxcalibur, L50, M|100\/100\n|turn|7\n|\n|t:|1700959457\n|-terastallize|p1b: Baxcalibur|Water\n|move|p2b: Pelipper|Weather Ball|p1b: Baxcalibur\n|-resisted|p1b: Baxcalibur\n|-crit|p1b: Baxcalibur\n|-damage|p1b: Baxcalibur|57\/100\n|move|p2a: Farigiraf|Dazzling Gleam|p1b: Baxcalibur\n|-damage|p1b: Baxcalibur|1\/100\n|move|p1b: Baxcalibur|Icicle Spear|p2a: Farigiraf\n|-damage|p2a: Farigiraf|0 fnt\n|faint|p2a: Farigiraf\n|-hitcount|p2: Farigiraf|1\n|\n|-weather|RainDance|[upkeep]\n|upkeep\n|\n|t:|1700959469\n|switch|p2a: Urshifu|Urshifu-Rapid-Strike, L50, M|100\/100\n|turn|8\n|\n|t:|1700959479\n|move|p2a: Urshifu|Aqua Jet|p1b: Baxcalibur\n|-resisted|p1b: Baxcalibur\n|-damage|p1b: Baxcalibur|0 fnt\n|faint|p1b: Baxcalibur\n|\n|win|EdwinVGC\n|l|\u2606King32bit\n","uploadtime":1700959486,"views":19,"p1id":"king32bit","p2id":"edwinvgc","formatid":"gen9vgc2023regulatione","rating":0,"private":0,"password":""}