{"id":"gen9vgc2023regulatione-1996729008","p1":"Addy435","p2":"RIKASLOVER","format":"[Gen 9] VGC 2023 Regulation E","log":"|j|\u2606Addy435\n|j|\u2606RIKASLOVER\n|t:|1700715524\n|gametype|doubles\n|player|p1|Addy435|266|1182\n|player|p2|RIKASLOVER|cynthia-masters|1259\n|teamsize|p1|6\n|teamsize|p2|6\n|gen|9\n|tier|[Gen 9] VGC 2023 Regulation E\n|rated|\n|rule|Species Clause: Limit one of each Pok\u00e9mon\n|rule|Item Clause: Limit one of each item\n|clearpoke\n|poke|p1|Dragapult, L50, M|\n|poke|p1|Chien-Pao, L50|\n|poke|p1|Bruxish, L50, M|\n|poke|p1|Clefairy, L50, F|\n|poke|p1|Rillaboom, L50, M|\n|poke|p1|Heatran, L50, F|\n|poke|p2|Tornadus, L50, M|\n|poke|p2|Arcanine-Hisui, L50, F|\n|poke|p2|Iron Hands, L50|\n|poke|p2|Amoonguss, L50, F|\n|poke|p2|Urshifu-*, L50, F|\n|poke|p2|Ogerpon-Wellspring, L50, F|\n|teampreview|4\n|inactive|Battle timer is ON: inactive players will automatically lose when time's up. (requested by RIKASLOVER)\n|\n|t:|1700715592\n|start\n|switch|p1a: Bruxish|Bruxish, L50, M, shiny|100\/100\n|switch|p1b: Rillaboom|Rillaboom, L50, M, shiny|100\/100\n|switch|p2a: Tornadus|Tornadus, L50, M|100\/100\n|switch|p2b: Urshifu|Urshifu, L50, F|100\/100\n|-fieldstart|move: Grassy Terrain|[from] ability: Grassy Surge|[of] p1b: Rillaboom\n|turn|1\n|inactive|RIKASLOVER has 30 seconds left.\n|\n|t:|1700715618\n|move|p1b: Rillaboom|Fake Out|p2b: Urshifu\n|-damage|p2b: Urshifu|86\/100\n|cant|p2b: Urshifu|flinch\n|move|p2a: Tornadus|Bleakwind Storm|p1a: Bruxish|[spread] p1a\n|-miss|p2a: Tornadus|p1b: Rillaboom\n|-damage|p1a: Bruxish|52\/100\n|move|p1a: Bruxish|Trick Room|p1a: Bruxish\n|-fieldstart|move: Trick Room|[of] p1a: Bruxish\n|\n|-heal|p1a: Bruxish|58\/100|[from] Grassy Terrain\n|-heal|p2b: Urshifu|92\/100|[from] Grassy Terrain\n|upkeep\n|turn|2\n|inactive|Addy435 has 30 seconds left.\n|inactive|Addy435 has 20 seconds left.\n|inactive|Addy435 has 15 seconds left.\n|inactive|Addy435 has 10 seconds left.\n|\n|t:|1700715667\n|move|p1a: Bruxish|Wave Crash|p2b: Urshifu\n|-damage|p2b: Urshifu|39\/100\n|-damage|p1a: Bruxish|40\/100|[from] Recoil\n|move|p1b: Rillaboom|Wood Hammer|p2b: Urshifu\n|-damage|p2b: Urshifu|0 fnt\n|faint|p2b: Urshifu\n|-damage|p1b: Rillaboom|90\/100|[from] Recoil\n|move|p2a: Tornadus|Bleakwind Storm|p1b: Rillaboom|[spread] p1a,p1b\n|-supereffective|p1b: Rillaboom\n|-damage|p1a: Bruxish|0 fnt\n|-damage|p1b: Rillaboom|34\/100\n|-unboost|p1b: Rillaboom|spe|1\n|faint|p1a: Bruxish\n|\n|-heal|p1b: Rillaboom|40\/100|[from] Grassy Terrain\n|upkeep\n|\n|t:|1700715687\n|switch|p1a: Heatran|Heatran, L50, F|100\/100\n|switch|p2b: Arcanine|Arcanine-Hisui, L50, F|100\/100\n|-ability|p2b: Arcanine|Intimidate|boost\n|-unboost|p1a: Heatran|atk|1\n|-unboost|p1b: Rillaboom|atk|1\n|turn|3\n|inactive|Addy435 has 30 seconds left.\n|inactive|Addy435 has 20 seconds left.\n|\n|t:|1700715726\n|-terastallize|p2b: Arcanine|Fairy\n|move|p2b: Arcanine|Extreme Speed|p1b: Rillaboom\n|-damage|p1b: Rillaboom|3\/100\n|move|p1b: Rillaboom|High Horsepower|p2b: Arcanine\n|-damage|p2b: Arcanine|78\/100\n|move|p1a: Heatran|Earth Power|p2b: Arcanine\n|-damage|p2b: Arcanine|37\/100\n|move|p2a: Tornadus|Bleakwind Storm|p1b: Rillaboom|[spread] p1a,p1b\n|-resisted|p1a: Heatran\n|-supereffective|p1b: Rillaboom\n|-damage|p1a: Heatran|85\/100\n|-damage|p1b: Rillaboom|0 fnt\n|-unboost|p1a: Heatran|spe|1\n|faint|p1b: Rillaboom\n|\n|-heal|p1a: Heatran|91\/100|[from] Grassy Terrain\n|-heal|p1a: Heatran|97\/100|[from] item: Leftovers\n|-heal|p2b: Arcanine|43\/100|[from] Grassy Terrain\n|upkeep\n|\n|t:|1700715743\n|switch|p1b: Dragapult|Dragapult, L50, M, shiny|100\/100\n|turn|4\n|inactive|Addy435 has 30 seconds left.\n|\n|t:|1700715777\n|switch|p2b: Ogerpon|Ogerpon-Wellspring, L50, F|100\/100\n|-terastallize|p1b: Dragapult|Ghost\n|move|p2a: Tornadus|Rain Dance|p2a: Tornadus\n|-weather|RainDance\n|move|p1a: Heatran|Flash Cannon|p2b: Ogerpon\n|-resisted|p2b: Ogerpon\n|-damage|p2b: Ogerpon|80\/100\n|-unboost|p2b: Ogerpon|spd|1\n|move|p1b: Dragapult|Tera Blast|p2a: Tornadus|[anim] Tera Blast Ghost\n|-damage|p2a: Tornadus|0 fnt\n|faint|p2a: Tornadus\n|\n|-weather|RainDance|[upkeep]\n|-heal|p1a: Heatran|100\/100|[from] Grassy Terrain\n|-heal|p2b: Ogerpon|86\/100|[from] Grassy Terrain\n|upkeep\n|\n|t:|1700715787\n|switch|p2a: Arcanine|Arcanine-Hisui, L50, F, tera:Fairy|43\/100\n|-ability|p2a: Arcanine|Intimidate|boost\n|-unboost|p1a: Heatran|atk|1\n|-fail|p1b: Dragapult|unboost|[from] ability: Clear Body|[of] p1b: Dragapult\n|turn|5\n|inactive|Addy435 has 30 seconds left.\n|\n|t:|1700715817\n|move|p1a: Heatran|Heat Wave|p2a: Arcanine|[spread] p2a,p2b\n|-damage|p2a: Arcanine|22\/100\n|-damage|p2b: Ogerpon|59\/100\n|move|p2b: Ogerpon|Ivy Cudgel|p1b: Dragapult|[anim] Ivy Cudgel Water\n|-damage|p1b: Dragapult|0 fnt\n|faint|p1b: Dragapult\n|move|p2a: Arcanine|Head Smash|p1a: Heatran\n|-damage|p1a: Heatran|8\/100\n|-damage|p2a: Arcanine|0 fnt|[from] Recoil\n|faint|p2a: Arcanine\n|\n|-weather|RainDance|[upkeep]\n|-heal|p1a: Heatran|14\/100|[from] Grassy Terrain\n|-heal|p1a: Heatran|20\/100|[from] item: Leftovers\n|-heal|p2b: Ogerpon|65\/100|[from] Grassy Terrain\n|-fieldend|move: Trick Room\n|-fieldend|move: Grassy Terrain\n|upkeep\n|turn|6\n|-message|Addy435 forfeited.\n|\n|win|RIKASLOVER\n|raw|Addy435's rating: 1182 &rarr; <strong>1162<\/strong><br \/>(-20 for losing)\n|raw|RIKASLOVER's rating: 1259 &rarr; <strong>1279<\/strong><br \/>(+20 for winning)\n|l|\u2606Addy435\n","uploadtime":1700715835,"views":5,"p1id":"addy435","p2id":"rikaslover","formatid":"gen9vgc2023regulatione","rating":1162,"private":0,"password":""}