{"id":"gen9vgc2023regulatione-1991575039","p1":"tsuki9669","p2":"rosescope","format":"[Gen 9] VGC 2023 Regulation E","log":"|j|\u2606tsuki9669\n|j|\u2606rosescope\n|t:|1700089999\n|gametype|doubles\n|player|p1|tsuki9669|bellelba|1088\n|player|p2|rosescope|burglar|1111\n|teamsize|p1|6\n|teamsize|p2|6\n|gen|9\n|tier|[Gen 9] VGC 2023 Regulation E\n|rated|\n|rule|Species Clause: Limit one of each Pok\u00e9mon\n|rule|Item Clause: Limit one of each item\n|clearpoke\n|poke|p1|Grumpig, L50, F|\n|poke|p1|Sableye, L50, M|\n|poke|p1|Milotic, L50, M|\n|poke|p1|Tornadus, L50, M|\n|poke|p1|Rillaboom, L50, M|\n|poke|p1|Poliwrath, L50, F|\n|poke|p2|Tornadus, L50, M|\n|poke|p2|Avalugg, L50, M|\n|poke|p2|Moltres-Galar, L50|\n|poke|p2|Flutter Mane, L50|\n|poke|p2|Scizor, L50, M|\n|poke|p2|Iron Bundle, L50|\n|teampreview|4\n|inactive|Battle timer is ON: inactive players will automatically lose when time's up. (requested by tsuki9669)\n|inactive|tsuki9669 has 60 seconds left.\n|\n|t:|1700090041\n|start\n|switch|p1a: Milotic|Milotic, L50, M|100\/100\n|switch|p1b: Sableye|Sableye, L50, M|100\/100\n|switch|p2a: Tornadus|Tornadus, L50, M|100\/100\n|switch|p2b: Avalugg|Avalugg, L50, M|100\/100\n|turn|1\n|inactive|rosescope has 30 seconds left.\n|\n|t:|1700090069\n|move|p2a: Tornadus|Swagger|p2b: Avalugg\n|-boost|p2b: Avalugg|atk|2\n|-immune|p2b: Avalugg|confusion|[from] ability: Own Tempo\n|move|p1b: Sableye|Gravity|p1b: Sableye\n|-fieldstart|move: Gravity\n|move|p1a: Milotic|Hypnosis|p2b: Avalugg\n|-status|p2b: Avalugg|slp|[from] move: Hypnosis\n|cant|p2b: Avalugg|slp\n|\n|upkeep\n|turn|2\n|inactive|tsuki9669 has 30 seconds left.\n|inactive|rosescope has 30 seconds left.\n|inactive|rosescope has 20 seconds left.\n|\n|t:|1700090105\n|move|p2a: Tornadus|Protect|p2a: Tornadus\n|-singleturn|p2a: Tornadus|Protect\n|move|p1b: Sableye|Skill Swap|p1a: Milotic\n|-activate|p1b: Sableye|move: Skill Swap|||[of] p1a: Milotic\n|move|p1a: Milotic|Hypnosis|p2a: Tornadus\n|-activate|p2a: Tornadus|move: Protect\n|cant|p2b: Avalugg|slp\n|\n|upkeep\n|turn|3\n|\n|t:|1700090117\n|move|p2a: Tornadus|Tailwind|p2a: Tornadus\n|-sidestart|p2: rosescope|move: Tailwind\n|move|p1a: Milotic|Hypnosis|p2a: Tornadus\n|-status|p2a: Tornadus|slp|[from] move: Hypnosis\n|move|p1b: Sableye|Foul Play|p2b: Avalugg\n|-damage|p2b: Avalugg|36\/100 slp\n|-curestatus|p2b: Avalugg|slp|[msg]\n|move|p2b: Avalugg|Ice Spinner|p1b: Sableye\n|-damage|p1b: Sableye|13\/100\n|-enditem|p1b: Sableye|Wiki Berry|[eat]\n|-heal|p1b: Sableye|46\/100|[from] item: Wiki Berry\n|\n|upkeep\n|turn|4\n|inactive|rosescope has 30 seconds left.\n|inactive|rosescope has 20 seconds left.\n|inactive|rosescope has 15 seconds left.\n|inactive|rosescope has 10 seconds left.\n|inactive|rosescope has 5 seconds left.\n|\n|t:|1700090167\n|move|p1a: Milotic|Hypnosis|p2b: Avalugg\n|-status|p2b: Avalugg|slp|[from] move: Hypnosis\n|cant|p2a: Tornadus|slp\n|move|p1b: Sableye|Foul Play|p2b: Avalugg\n|-damage|p2b: Avalugg|0 fnt\n|faint|p2b: Avalugg\n|\n|upkeep\n|\n|t:|1700090178\n|switch|p2b: Iron Bundle|Iron Bundle, L50|100\/100\n|turn|5\n|\n|t:|1700090185\n|move|p2b: Iron Bundle|Protect|p2b: Iron Bundle\n|-singleturn|p2b: Iron Bundle|Protect\n|move|p1a: Milotic|Hypnosis|p2b: Iron Bundle\n|-activate|p2b: Iron Bundle|move: Protect\n|-curestatus|p2a: Tornadus|slp|[msg]\n|move|p2a: Tornadus|Bleakwind Storm|p1b: Sableye|[spread] p1a,p1b\n|-damage|p1a: Milotic|67\/100\n|-damage|p1b: Sableye|0 fnt\n|faint|p1b: Sableye\n|\n|-heal|p1a: Milotic|73\/100|[from] item: Leftovers\n|-fieldend|move: Gravity\n|upkeep\n|\n|t:|1700090189\n|switch|p1b: Rillaboom|Rillaboom, L50, M|100\/100\n|-fieldstart|move: Grassy Terrain|[from] ability: Grassy Surge|[of] p1b: Rillaboom\n|turn|6\n|\n|t:|1700090206\n|move|p1b: Rillaboom|Fake Out|p2b: Iron Bundle\n|-damage|p2b: Iron Bundle|85\/100\n|cant|p2b: Iron Bundle|flinch\n|move|p2a: Tornadus|Bleakwind Storm|p1b: Rillaboom|[spread] p1a,p1b\n|-supereffective|p1b: Rillaboom\n|-damage|p1a: Milotic|38\/100\n|-damage|p1b: Rillaboom|10\/100\n|move|p1a: Milotic|Ice Beam|p2a: Tornadus\n|-supereffective|p2a: Tornadus\n|-damage|p2a: Tornadus|23\/100\n|-enditem|p2a: Tornadus|Aguav Berry|[eat]\n|-heal|p2a: Tornadus|56\/100|[from] item: Aguav Berry\n|\n|-heal|p2b: Iron Bundle|91\/100|[from] Grassy Terrain\n|-heal|p1a: Milotic|43\/100|[from] Grassy Terrain\n|-heal|p1a: Milotic|49\/100|[from] item: Leftovers\n|-heal|p1b: Rillaboom|17\/100|[from] Grassy Terrain\n|-sideend|p2: rosescope|move: Tailwind\n|upkeep\n|turn|7\n|inactive|tsuki9669 has 30 seconds left.\n|inactive|rosescope has 30 seconds left.\n|inactive|rosescope has 20 seconds left.\n|\n|t:|1700090244\n|move|p2b: Iron Bundle|Protect|p2b: Iron Bundle\n|-singleturn|p2b: Iron Bundle|Protect\n|move|p1b: Rillaboom|Protect|p1b: Rillaboom\n|-singleturn|p1b: Rillaboom|Protect\n|move|p2a: Tornadus|Bleakwind Storm|p1b: Rillaboom|[spread] \n|-activate|p1b: Rillaboom|move: Protect\n|-miss|p2a: Tornadus|p1a: Milotic\n|move|p1a: Milotic|Ice Beam|p2a: Tornadus\n|-supereffective|p2a: Tornadus\n|-damage|p2a: Tornadus|0 fnt\n|faint|p2a: Tornadus\n|\n|-heal|p2b: Iron Bundle|97\/100|[from] Grassy Terrain\n|-heal|p1a: Milotic|55\/100|[from] Grassy Terrain\n|-heal|p1a: Milotic|61\/100|[from] item: Leftovers\n|-heal|p1b: Rillaboom|23\/100|[from] Grassy Terrain\n|upkeep\n|\n|t:|1700090260\n|switch|p2a: Scizor|Scizor, L50, M|100\/100\n|turn|8\n|\n|t:|1700090283\n|-terastallize|p1b: Rillaboom|Grass\n|move|p1a: Milotic|Hypnosis|p2a: Scizor|[miss]\n|-miss|p1a: Milotic|p2a: Scizor\n|move|p1b: Rillaboom|Grassy Glide|p2b: Iron Bundle\n|-supereffective|p2b: Iron Bundle\n|-damage|p2b: Iron Bundle|0 fnt\n|faint|p2b: Iron Bundle\n|-end|p2b: Iron Bundle|Quark Drive|[silent]\n|move|p2a: Scizor|Bullet Punch|p1b: Rillaboom\n|-damage|p1b: Rillaboom|0 fnt\n|faint|p1b: Rillaboom\n|\n|-heal|p1a: Milotic|67\/100|[from] Grassy Terrain\n|-heal|p1a: Milotic|73\/100|[from] item: Leftovers\n|upkeep\n|\n|t:|1700090294\n|switch|p1b: Poliwrath|Poliwrath, L50, F|100\/100\n|turn|9\n|inactive|rosescope has 30 seconds left.\n|inactive|rosescope has 20 seconds left.\n|inactive|rosescope has 15 seconds left.\n|inactive|rosescope has 10 seconds left.\n|inactive|rosescope has 5 seconds left.\n|\n|t:|1700090349\n|move|p1a: Milotic|Hypnosis|p2a: Scizor\n|-status|p2a: Scizor|slp|[from] move: Hypnosis\n|cant|p2a: Scizor|slp\n|move|p1b: Poliwrath|Belly Drum|p1b: Poliwrath\n|-damage|p1b: Poliwrath|51\/100\n|-setboost|p1b: Poliwrath|atk|6|[from] move: Belly Drum\n|\n|-heal|p1a: Milotic|79\/100|[from] Grassy Terrain\n|-heal|p1a: Milotic|85\/100|[from] item: Leftovers\n|-heal|p1b: Poliwrath|57\/100|[from] Grassy Terrain\n|upkeep\n|turn|10\n|inactive|rosescope has 30 seconds left.\n|\n|t:|1700090383\n|-terastallize|p2a: Scizor|Steel\n|cant|p2a: Scizor|slp\n|move|p1a: Milotic|Scald|p2a: Scizor\n|-damage|p2a: Scizor|63\/100 slp\n|move|p1b: Poliwrath|Drain Punch|p2a: Scizor\n|-supereffective|p2a: Scizor\n|-damage|p2a: Scizor|0 fnt\n|-heal|p1b: Poliwrath|84\/100|[from] drain|[of] p2a: Scizor\n|faint|p2a: Scizor\n|\n|win|tsuki9669\n|raw|tsuki9669's rating: 1088 &rarr; <strong>1117<\/strong><br \/>(+29 for winning)\n|raw|rosescope's rating: 1111 &rarr; <strong>1084<\/strong><br \/>(-27 for losing)\n|l|\u2606tsuki9669\n","uploadtime":1700090963,"views":8,"p1id":"tsuki9669","p2id":"rosescope","formatid":"gen9vgc2023regulatione","rating":1084,"private":0,"password":""}