{"id":"gen9vgc2023regulatione-1993979236","p1":"Viking_VGC23","p2":"RamenNoodsz","format":"[Gen 9] VGC 2023 Regulation E","log":"|j|\u2606Viking_VGC23\n|j|\u2606RamenNoodsz\n|t:|1700387161\n|gametype|doubles\n|player|p1|Viking_VGC23|1|1371\n|player|p2|RamenNoodsz|rocketgrunt|1305\n|teamsize|p1|6\n|teamsize|p2|6\n|gen|9\n|tier|[Gen 9] VGC 2023 Regulation E\n|rated|\n|rule|Species Clause: Limit one of each Pok\u00e9mon\n|rule|Item Clause: Limit one of each item\n|clearpoke\n|poke|p1|Armarouge, L50, M|\n|poke|p1|Indeedee-F, L50, F|\n|poke|p1|Urshifu-*, L50, M|\n|poke|p1|Regidrago, L50|\n|poke|p1|Ogerpon-Hearthflame, L50, F|\n|poke|p1|Landorus-Therian, L50, M|\n|poke|p2|Grimmsnarl, L50, M|\n|poke|p2|Flutter Mane, L50|\n|poke|p2|Amoonguss, L50, F|\n|poke|p2|Iron Hands, L50|\n|poke|p2|Kingambit, L50, F|\n|poke|p2|Urshifu-*, L50, M|\n|teampreview|4\n|inactive|Battle timer is ON: inactive players will automatically lose when time's up. (requested by RamenNoodsz)\n|inactive|Viking_VGC23 has 60 seconds left.\n|inactive|RamenNoodsz has 60 seconds left.\n|inactive|Viking_VGC23 has 30 seconds left.\n|\n|t:|1700387225\n|start\n|switch|p1a: Regidrago|Regidrago, L50|100\/100\n|switch|p1b: Armarouge|Armarouge, L50, M|100\/100\n|switch|p2a: Kingambit|Kingambit, L50, F|100\/100\n|switch|p2b: Grimmsnarl|Grimmsnarl, L50, M|100\/100\n|turn|1\n|\n|t:|1700387242\n|move|p2b: Grimmsnarl|Fake Out|p1a: Regidrago\n|-damage|p1a: Regidrago|90\/100\n|cant|p1a: Regidrago|flinch\n|move|p1b: Armarouge|Armor Cannon|p2a: Kingambit\n|-supereffective|p2a: Kingambit\n|-damage|p2a: Kingambit|0 fnt\n|-unboost|p1b: Armarouge|def|1\n|-unboost|p1b: Armarouge|spd|1\n|faint|p2a: Kingambit\n|\n|upkeep\n|\n|t:|1700387250\n|switch|p2a: Urshifu|Urshifu-Rapid-Strike, L50, M|100\/100\n|turn|2\n|inactive|Viking_VGC23 has 30 seconds left.\n|\n|t:|1700387279\n|switch|p1b: Indeedee|Indeedee-F, L50, F|100\/100\n|-fieldstart|move: Psychic Terrain|[from] ability: Psychic Surge|[of] p1b: Indeedee\n|move|p2b: Grimmsnarl|Light Screen|p2b: Grimmsnarl\n|-sidestart|p2: RamenNoodsz|move: Light Screen\n|move|p2a: Urshifu|Surging Strikes|p1b: Indeedee\n|-crit|p1b: Indeedee\n|-damage|p1b: Indeedee|79\/100\n|-damage|p2a: Urshifu|84\/100|[from] item: Rocky Helmet|[of] p1b: Indeedee\n|-crit|p1b: Indeedee\n|-damage|p1b: Indeedee|57\/100\n|-damage|p2a: Urshifu|67\/100|[from] item: Rocky Helmet|[of] p1b: Indeedee\n|-crit|p1b: Indeedee\n|-damage|p1b: Indeedee|36\/100\n|-damage|p2a: Urshifu|51\/100|[from] item: Rocky Helmet|[of] p1b: Indeedee\n|-hitcount|p1b: Indeedee|3\n|move|p1a: Regidrago|Focus Energy|p1a: Regidrago\n|-start|p1a: Regidrago|move: Focus Energy\n|\n|upkeep\n|turn|3\n|inactive|Viking_VGC23 has 30 seconds left.\n|inactive|Viking_VGC23 has 20 seconds left.\n|inactive|Viking_VGC23 has 15 seconds left.\n|\n|t:|1700387323\n|-terastallize|p1a: Regidrago|Steel\n|move|p2a: Urshifu|Surging Strikes|p1a: Regidrago\n|-crit|p1a: Regidrago\n|-damage|p1a: Regidrago|72\/100\n|-crit|p1a: Regidrago\n|-damage|p1a: Regidrago|55\/100\n|-crit|p1a: Regidrago\n|-damage|p1a: Regidrago|36\/100\n|-hitcount|p1a: Regidrago|3\n|move|p1a: Regidrago|Draco Meteor|p2a: Urshifu\n|-crit|p2a: Urshifu\n|-damage|p2a: Urshifu|0 fnt\n|-unboost|p1a: Regidrago|spa|2\n|faint|p2a: Urshifu\n|move|p2b: Grimmsnarl|Spirit Break|p1a: Regidrago\n|-resisted|p1a: Regidrago\n|-damage|p1a: Regidrago|23\/100\n|-unboost|p1a: Regidrago|spa|1\n|move|p1b: Indeedee|Trick Room|p1b: Indeedee\n|-fieldstart|move: Trick Room|[of] p1b: Indeedee\n|\n|upkeep\n|\n|t:|1700387340\n|switch|p2a: Amoonguss|Amoonguss, L50, F|100\/100\n|turn|4\n|inactive|Viking_VGC23 has 30 seconds left.\n|\n|t:|1700387367\n|move|p1b: Indeedee|Follow Me|p1b: Indeedee\n|-singleturn|p1b: Indeedee|move: Follow Me\n|move|p2a: Amoonguss|Spore|p1b: Indeedee\n|-status|p1b: Indeedee|slp|[from] move: Spore\n|move|p2b: Grimmsnarl|Spirit Break|p1b: Indeedee\n|-damage|p1b: Indeedee|5\/100 slp\n|-unboost|p1b: Indeedee|spa|1\n|-damage|p2b: Grimmsnarl|84\/100|[from] item: Rocky Helmet|[of] p1b: Indeedee\n|move|p1a: Regidrago|Draco Meteor|p2a: Amoonguss\n|-crit|p2a: Amoonguss\n|-damage|p2a: Amoonguss|5\/100\n|-unboost|p1a: Regidrago|spa|2\n|\n|upkeep\n|turn|5\n|inactive|RamenNoodsz has 30 seconds left.\n|\n|t:|1700387392\n|switch|p1a: Ogerpon|Ogerpon-Hearthflame, L50, F|100\/100\n|-ability|p1a: Ogerpon|Mold Breaker\n|move|p2a: Amoonguss|Spore|p1a: Ogerpon\n|-immune|p1a: Ogerpon\n|move|p2b: Grimmsnarl|Spirit Break|p1a: Ogerpon\n|-resisted|p1a: Ogerpon\n|-damage|p1a: Ogerpon|86\/100\n|-unboost|p1a: Ogerpon|spa|1\n|cant|p1b: Indeedee|slp\n|\n|upkeep\n|turn|6\n|-message|RamenNoodsz forfeited.\n|\n|win|Viking_VGC23\n|raw|Viking_VGC23's rating: 1371 &rarr; <strong>1387<\/strong><br \/>(+16 for winning)\n|raw|RamenNoodsz's rating: 1305 &rarr; <strong>1289<\/strong><br \/>(-16 for losing)\n|l|\u2606RamenNoodsz\n|l|\u2606Viking_VGC23\n|j|\u2606Viking_VGC23\n|player|p1|Viking_VGC23|1\n","uploadtime":1700387561,"views":15,"p1id":"vikingvgc23","p2id":"ramennoodsz","formatid":"gen9vgc2023regulatione","rating":1289,"private":0,"password":""}