{"id":"gen9vgc2023regulatione-1995166598","p1":"binasProsta","p2":"suffyrin","format":"[Gen 9] VGC 2023 Regulation E","log":"|j|\u2606binasProsta\n|j|\u2606suffyrin\n|n|\u2606binasProsta|binasprosta\n|n|\u2606suffyrin|suffyrin\n|html|View the match progress at <a href=\"\/game-bestof3-gen9vgc2023regulatione-1995157846\">game-bestof3-gen9vgc2023regulatione-1995157846<\/a>\n|t:|1700530029\n|gametype|doubles\n|player|p1|binasProsta|hilbert|\n|player|p2|suffyrin|169|\n|teamsize|p1|6\n|teamsize|p2|6\n|gen|9\n|tier|[Gen 9] VGC 2023 Regulation E\n|rule|Species Clause: Limit one of each Pok\u00e9mon\n|rule|Item Clause: Limit one of each item\n|clearpoke\n|poke|p1|Ninetales-Alola, L50, F|\n|poke|p1|Iron Bundle, L50|\n|poke|p1|Iron Hands, L50|\n|poke|p1|Heatran, L50, M|\n|poke|p1|Landorus-Therian, L50, M|\n|poke|p1|Amoonguss, L50, F|\n|poke|p2|Ogerpon-Wellspring, L50, F|\n|poke|p2|Heatran, L50, F|\n|poke|p2|Chien-Pao, L50|\n|poke|p2|Amoonguss, L50, M|\n|poke|p2|Landorus-Therian, L50, M|\n|poke|p2|Iron Hands, L50|\n|teampreview|4\n|inactive|Battle timer is ON: inactive players will automatically lose when time's up. (requested by binasProsta)\nbinasProsta has agreed to open team sheets.\nsuffyrin has agreed to open team sheets.\n|showteam|p1|Ninetales-Alola||LightClay|SnowWarning|AuroraVeil,IcyWind,Moonblast,Protect|||F|||50|,,,,,Water]Iron Bundle||BoosterEnergy|QuarkDrive|Blizzard,FreezeDry,HydroPump,Protect||||||50|,,,,,Ghost]Iron Hands||AssaultVest|QuarkDrive|FakeOut,WildCharge,HeavySlam,DrainPunch||||||50|,,,,,Grass]Heatran||LifeOrb|FlashFire|FlashCannon,HeatWave,EarthPower,Protect|||M|||50|,,,,,Fairy]Landorus-Therian||ChoiceScarf|Intimidate|StompingTantrum,TeraBlast,Uturn,RockSlide|||M|||50|,,,,,Flying]Amoonguss||RockyHelmet|Regenerator|Spore,RagePowder,PollenPuff,Protect|||F|||50|,,,,,Water\n|showteam|p2|Ogerpon-Wellspring||WellspringMask|WaterAbsorb|IvyCudgel,HornLeech,SpikyShield,FollowMe|||F|||50|,,,,,Water]Heatran||LifeOrb|FlashFire|HeatWave,EarthPower,Protect,FlashCannon|||F|||50|,,,,,Fairy]Chien-Pao||FocusSash|SwordofRuin|IceSpinner,Protect,LashOut,SuckerPunch||||||50|,,,,,Ghost]Amoonguss||SitrusBerry|Regenerator|Spore,RagePowder,Protect,PollenPuff|||M|||50|,,,,,Water]Landorus-Therian||ChoiceScarf|Intimidate|StompingTantrum,RockSlide,Uturn,TeraBlast|||M|||50|,,,,,Flying]Iron Hands||AssaultVest|QuarkDrive|WildCharge,VoltSwitch,DrainPunch,FakeOut||||||50|,,,,,Fire\n|inactive|binasProsta has 30 seconds left.\n|inactive|suffyrin has 30 seconds left.\n|inactive|binasProsta has 20 seconds left.\n|inactive|binasProsta has 15 seconds left.\n|inactive|binasProsta has 10 seconds left.\n|inactiveoff|Battle timer is now OFF.\n|\n|t:|1700530084\n|start\n|switch|p1a: Ninetales|Ninetales-Alola, L50, F|100\/100\n|switch|p1b: Iron Bundle|Iron Bundle, L50, shiny|100\/100\n|switch|p2a: Iron Hands|Iron Hands, L50|100\/100\n|switch|p2b: Amoonguss|Amoonguss, L50, M|100\/100\n|-weather|Snow|[from] ability: Snow Warning|[of] p1a: Ninetales\n|-enditem|p1b: Iron Bundle|Booster Energy\n|-activate|p1b: Iron Bundle|ability: Quark Drive|[fromitem]\n|-start|p1b: Iron Bundle|quarkdrivespa\n|turn|1\n|\n|t:|1700530111\n|move|p1b: Iron Bundle|Protect|p1b: Iron Bundle\n|-singleturn|p1b: Iron Bundle|Protect\n|move|p1a: Ninetales|Protect|p1a: Ninetales\n|-singleturn|p1a: Ninetales|Protect\n|move|p2a: Iron Hands|Fake Out|p1b: Iron Bundle\n|-activate|p1b: Iron Bundle|move: Protect\n|move|p2b: Amoonguss|Spore|p1a: Ninetales\n|-activate|p1a: Ninetales|move: Protect\n|\n|-weather|Snow|[upkeep]\n|upkeep\n|turn|2\n|\n|t:|1700530137\n|-terastallize|p1b: Iron Bundle|Ghost\n|move|p1b: Iron Bundle|Freeze-Dry|p2b: Amoonguss\n|-supereffective|p2b: Amoonguss\n|-damage|p2b: Amoonguss|23\/100\n|-enditem|p2b: Amoonguss|Sitrus Berry|[eat]\n|-heal|p2b: Amoonguss|48\/100|[from] item: Sitrus Berry\n|move|p1a: Ninetales|Icy Wind|p2a: Iron Hands|[spread] p2a,p2b\n|-supereffective|p2b: Amoonguss\n|-damage|p2a: Iron Hands|95\/100\n|-damage|p2b: Amoonguss|26\/100\n|-unboost|p2a: Iron Hands|spe|1\n|-unboost|p2b: Amoonguss|spe|1\n|move|p2a: Iron Hands|Volt Switch|p1b: Iron Bundle\n|-damage|p1b: Iron Bundle|76\/100\n|\n|t:|1700530153\n|-end|p2a: Iron Hands|Quark Drive|[silent]\n|switch|p2a: Heatran|Heatran, L50, F|100\/100|[from] Volt Switch\n|move|p2b: Amoonguss|Spore|p1b: Iron Bundle\n|-status|p1b: Iron Bundle|slp|[from] move: Spore\n|\n|-weather|Snow|[upkeep]\n|upkeep\n|turn|3\n|\n|t:|1700530175\n|-end|p1b: Iron Bundle|Quark Drive|[silent]\n|switch|p1b: Landorus|Landorus-Therian, L50, M|100\/100\n|-ability|p1b: Landorus|Intimidate|boost\n|-unboost|p2a: Heatran|atk|1\n|-unboost|p2b: Amoonguss|atk|1\n|switch|p2b: Landorus|Landorus-Therian, L50, M|100\/100\n|-ability|p2b: Landorus|Intimidate|boost\n|-unboost|p1a: Ninetales|atk|1\n|-unboost|p1b: Landorus|atk|1\n|move|p1a: Ninetales|Aurora Veil|p1a: Ninetales\n|-sidestart|p1: binasProsta|move: Aurora Veil\n|move|p2a: Heatran|Heat Wave|p1b: Landorus|[spread] p1b\n|-miss|p2a: Heatran|p1a: Ninetales\n|-damage|p1b: Landorus|58\/100\n|-damage|p2a: Heatran|91\/100|[from] item: Life Orb\n|\n|-weather|Snow|[upkeep]\n|upkeep\n|turn|4\n|\n|t:|1700530246\n|move|p2a: Heatran|Protect|p2a: Heatran\n|-singleturn|p2a: Heatran|Protect\n|move|p1b: Landorus|Stomping Tantrum|p2a: Heatran\n|-activate|p2a: Heatran|move: Protect\n|move|p2b: Landorus|U-turn|p1a: Ninetales\n|-resisted|p1a: Ninetales\n|-damage|p1a: Ninetales|94\/100\n|\n|t:|1700530254\n|switch|p2b: Iron Hands|Iron Hands, L50|95\/100|[from] U-turn\n|move|p1a: Ninetales|Icy Wind|p2b: Iron Hands|[spread] p2b\n|-activate|p2a: Heatran|move: Protect\n|-damage|p2b: Iron Hands|89\/100\n|-unboost|p2b: Iron Hands|spe|1\n|\n|-weather|Snow|[upkeep]\n|upkeep\n|turn|5\n|\n|t:|1700530263\n|move|p2b: Iron Hands|Fake Out|p1b: Landorus\n|-damage|p1b: Landorus|46\/100\n|cant|p1b: Landorus|flinch\n|move|p1a: Ninetales|Moonblast|p2b: Iron Hands\n|-supereffective|p2b: Iron Hands\n|-damage|p2b: Iron Hands|63\/100\n|move|p2a: Heatran|Heat Wave|p1b: Landorus|[spread] p1a,p1b\n|-supereffective|p1a: Ninetales\n|-damage|p1a: Ninetales|20\/100\n|-damage|p1b: Landorus|4\/100\n|-damage|p2a: Heatran|82\/100|[from] item: Life Orb\n|\n|-weather|none\n|upkeep\n|turn|6\n|\n|t:|1700530284\n|switch|p1a: Amoonguss|Amoonguss, L50, F|100\/100\n|move|p2a: Heatran|Protect|p2a: Heatran\n|-singleturn|p2a: Heatran|Protect\n|move|p1b: Landorus|Stomping Tantrum|p2b: Iron Hands\n|-supereffective|p2b: Iron Hands\n|-damage|p2b: Iron Hands|0 fnt\n|faint|p2b: Iron Hands\n|-end|p2b: Iron Hands|Quark Drive|[silent]\n|\n|upkeep\n|\n|t:|1700530295\n|switch|p2b: Landorus|Landorus-Therian, L50, M|100\/100\n|-ability|p2b: Landorus|Intimidate|boost\n|-unboost|p1a: Amoonguss|atk|1\n|-unboost|p1b: Landorus|atk|1\n|turn|7\n|\n|t:|1700530318\n|switch|p1b: Ninetales|Ninetales-Alola, L50, F|20\/100\n|-weather|Snow|[from] ability: Snow Warning|[of] p1b: Ninetales\n|switch|p2a: Amoonguss|Amoonguss, L50, M|60\/100\n|-terastallize|p2b: Landorus|Flying\n|move|p2b: Landorus|Tera Blast|p1a: Amoonguss|[anim] Tera Blast Flying\n|-supereffective|p1a: Amoonguss\n|-damage|p1a: Amoonguss|39\/100\n|move|p1a: Amoonguss|Spore|p2a: Amoonguss\n|-immune|p2a: Amoonguss\n|\n|-weather|Snow|[upkeep]\n|upkeep\n|turn|8\n|\n|t:|1700530346\n|move|p1a: Amoonguss|Protect|p1a: Amoonguss\n|-singleturn|p1a: Amoonguss|Protect\n|move|p2b: Landorus|Tera Blast|p1a: Amoonguss|[anim] Tera Blast Flying\n|-activate|p1a: Amoonguss|move: Protect\n|move|p1b: Ninetales|Icy Wind|p2a: Amoonguss|[spread] p2a,p2b\n|-supereffective|p2a: Amoonguss\n|-supereffective|p2b: Landorus\n|-damage|p2a: Amoonguss|38\/100\n|-damage|p2b: Landorus|73\/100\n|-unboost|p2a: Amoonguss|spe|1\n|-unboost|p2b: Landorus|spe|1\n|move|p2a: Amoonguss|Spore|p1b: Ninetales\n|-status|p1b: Ninetales|slp|[from] move: Spore\n|\n|-weather|Snow|[upkeep]\n|upkeep\n|turn|9\n|\n|t:|1700530370\n|switch|p1a: Iron Bundle|Iron Bundle, L50, shiny, tera:Ghost|76\/100 slp\n|switch|p2a: Heatran|Heatran, L50, F|82\/100\n|cant|p1b: Ninetales|slp\n|move|p2b: Landorus|Tera Blast|p1a: Iron Bundle|[anim] Tera Blast Flying\n|-damage|p1a: Iron Bundle|34\/100 slp\n|\n|-weather|Snow|[upkeep]\n|upkeep\n|turn|10\n|\n|t:|1700530380\n|switch|p1b: Landorus|Landorus-Therian, L50, M|4\/100\n|-ability|p1b: Landorus|Intimidate|boost\n|-unboost|p2a: Heatran|atk|1\n|-unboost|p2b: Landorus|atk|1\n|cant|p1a: Iron Bundle|slp\n|move|p2b: Landorus|Tera Blast|p1a: Iron Bundle|[anim] Tera Blast Flying\n|-damage|p1a: Iron Bundle|5\/100 slp\n|move|p2a: Heatran|Flash Cannon|p1b: Landorus\n|-crit|p1b: Landorus\n|-damage|p1b: Landorus|0 fnt\n|faint|p1b: Landorus\n|-damage|p2a: Heatran|72\/100|[from] item: Life Orb\n|\n|-weather|Snow|[upkeep]\n|-sideend|p1: binasProsta|move: Aurora Veil\n|upkeep\n|\n|t:|1700530389\n|switch|p1b: Amoonguss|Amoonguss, L50, F|72\/100\n|turn|11\n|\n|t:|1700530401\n|switch|p2b: Amoonguss|Amoonguss, L50, M|71\/100\n|move|p1b: Amoonguss|Rage Powder|p1b: Amoonguss\n|-singleturn|p1b: Amoonguss|move: Rage Powder\n|cant|p1a: Iron Bundle|slp\n|move|p2a: Heatran|Heat Wave|p1a: Iron Bundle|[spread] p1a,p1b\n|-supereffective|p1b: Amoonguss\n|-damage|p1a: Iron Bundle|0 fnt\n|-damage|p1b: Amoonguss|0 fnt\n|faint|p1a: Iron Bundle\n|-end|p1a: Iron Bundle|Quark Drive|[silent]\n|faint|p1b: Amoonguss\n|-damage|p2a: Heatran|63\/100|[from] item: Life Orb\n|\n|-weather|none\n|upkeep\n|c|\u2606suffyrin|gg man\n|c|\u2606binasProsta|3 turn sleep quebrou em\n|c|\u2606binasProsta|kjkkk\n|\n|t:|1700530415\n|switch|p1b: Ninetales|Ninetales-Alola, L50, F|20\/100 slp\n|-weather|Snow|[from] ability: Snow Warning|[of] p1b: Ninetales\n|turn|12\n|c|\u2606binasProsta|a play correta no turn2 era blizzard\n|c|\u2606suffyrin|eu sleprei 3x mais de 1 vez jogo 1 kk\n|c|\u2606suffyrin|ksleepei*\n|c|\u2606binasProsta|mataria o among\n|\n|t:|1700530440\n|cant|p1b: Ninetales|slp\n|move|p2a: Heatran|Flash Cannon|p1b: Ninetales\n|-supereffective|p1b: Ninetales\n|-damage|p1b: Ninetales|0 fnt\n|faint|p1b: Ninetales\n|-damage|p2a: Heatran|53\/100|[from] item: Life Orb\n|\n|win|suffyrin\n|c|\u2606suffyrin|vlwss\n|c|\u2606binasProsta|vlww\n|l|\u2606binasProsta\n|j|\u2606binasProsta\n|player|p1|binasProsta|hilbert\n","uploadtime":1700530666,"views":11,"p1id":"binasprosta","p2id":"suffyrin","formatid":"gen9vgc2023regulatione","rating":0,"private":0,"password":""}