{"id":"gen9vgc2023regulatione-1993535345","p1":"DeAndreRicketts","p2":"sb203","format":"[Gen 9] VGC 2023 Regulation E","log":"|j|\u2606DeAndreRicketts\n|j|\u2606sb203\n|t:|1700329100\n|gametype|doubles\n|player|p1|DeAndreRicketts|buck|1313\n|player|p2|sb203|266|1302\n|teamsize|p1|6\n|teamsize|p2|6\n|gen|9\n|tier|[Gen 9] VGC 2023 Regulation E\n|rated|\n|rule|Species Clause: Limit one of each Pok\u00e9mon\n|rule|Item Clause: Limit one of each item\n|clearpoke\n|poke|p1|Flutter Mane, L50|\n|poke|p1|Gothitelle, L50, M|\n|poke|p1|Dondozo, L50, M|\n|poke|p1|Tatsugiri-Droopy, L50, F|\n|poke|p1|Tornadus, L50, M|\n|poke|p1|Gholdengo, L50|\n|poke|p2|Gholdengo, L50|\n|poke|p2|Iron Hands, L50|\n|poke|p2|Amoonguss, L50, M|\n|poke|p2|Iron Bundle, L50|\n|poke|p2|Pelipper, L50, F|\n|poke|p2|Salamence, L50, M|\n|teampreview|4\nsb203 has agreed to open team sheets.\n|inactive|Battle timer is ON: inactive players will automatically lose when time's up. (requested by sb203)\nDeAndreRicketts has agreed to open team sheets.\n|\n|t:|1700329128\n|start\n|switch|p1a: Tornadus|Tornadus, L50, M|100\/100\n|switch|p1b: Gholdengo|Gholdengo, L50|100\/100\n|switch|p2a: Gholdengo|Gholdengo, L50|100\/100\n|switch|p2b: Iron Hands|Iron Hands, L50|100\/100\n|turn|1\n|\n|t:|1700329144\n|-terastallize|p1b: Gholdengo|Steel\n|move|p2a: Gholdengo|Protect|p2a: Gholdengo\n|-singleturn|p2a: Gholdengo|Protect\n|move|p1a: Tornadus|Tailwind|p1a: Tornadus\n|-sidestart|p1: DeAndreRicketts|move: Tailwind\n|move|p1b: Gholdengo|Make It Rain|p2b: Iron Hands|[spread] p2b\n|-activate|p2a: Gholdengo|move: Protect\n|-resisted|p2b: Iron Hands\n|-damage|p2b: Iron Hands|73\/100\n|-unboost|p1b: Gholdengo|spa|1\n|move|p2b: Iron Hands|Wild Charge|p1a: Tornadus\n|-supereffective|p1a: Tornadus\n|-damage|p1a: Tornadus|0 fnt\n|faint|p1a: Tornadus\n|-damage|p2b: Iron Hands|53\/100|[from] Recoil\n|\n|upkeep\n|\n|t:|1700329166\n|switch|p1a: Juice Wrld|Dondozo, L50, M, shiny|100\/100\n|turn|2\n|\n|t:|1700329175\n|switch|p1b: Perc|Tatsugiri-Droopy, L50, F, shiny|100\/100\n|-activate|p1b: Perc|ability: Commander|[of] p1a: Juice Wrld\n|-boost|p1a: Juice Wrld|atk|2\n|-boost|p1a: Juice Wrld|spa|2\n|-boost|p1a: Juice Wrld|spe|2\n|-boost|p1a: Juice Wrld|def|2\n|-boost|p1a: Juice Wrld|spd|2\n|switch|p2a: Amoonguss|Amoonguss, L50, M|100\/100\n|move|p1a: Juice Wrld|Earthquake|p2a: Amoonguss|[spread] p2a,p2b\n|-miss|p1a: Juice Wrld|p1b: Perc\n|-supereffective|p2b: Iron Hands\n|-damage|p2a: Amoonguss|70\/100\n|-damage|p2b: Iron Hands|0 fnt\n|faint|p2b: Iron Hands\n|-end|p2b: Iron Hands|Quark Drive|[silent]\n|\n|upkeep\n|\n|t:|1700329189\n|switch|p2b: Iron Bundle|Iron Bundle, L50|100\/100\n|-enditem|p2b: Iron Bundle|Booster Energy\n|-activate|p2b: Iron Bundle|ability: Quark Drive|[fromitem]\n|-start|p2b: Iron Bundle|quarkdrivespe\n|turn|3\n|\n|t:|1700329200\n|move|p2b: Iron Bundle|Protect|p2b: Iron Bundle\n|-singleturn|p2b: Iron Bundle|Protect\n|move|p1a: Juice Wrld|Rock Slide|p2b: Iron Bundle|[spread] p2a\n|-activate|p2b: Iron Bundle|move: Protect\n|-damage|p2a: Amoonguss|43\/100\n|-enditem|p2a: Amoonguss|Sitrus Berry|[eat]\n|-heal|p2a: Amoonguss|68\/100|[from] item: Sitrus Berry\n|cant|p2a: Amoonguss|flinch\n|\n|upkeep\n|turn|4\n|\n|t:|1700329215\n|-terastallize|p2b: Iron Bundle|Ghost\n|move|p1a: Juice Wrld|Rock Slide|p2b: Iron Bundle|[spread] p2a,p2b\n|-damage|p2a: Amoonguss|41\/100\n|-damage|p2b: Iron Bundle|72\/100\n|move|p2b: Iron Bundle|Freeze-Dry|p1a: Juice Wrld\n|-supereffective|p1a: Juice Wrld\n|-damage|p1a: Juice Wrld|73\/100\n|cant|p2a: Amoonguss|flinch\n|\n|-heal|p1a: Juice Wrld|79\/100|[from] item: Leftovers\n|-sideend|p1: DeAndreRicketts|move: Tailwind\n|upkeep\n|turn|5\n|\n|t:|1700329229\n|-end|p2b: Iron Bundle|Quark Drive|[silent]\n|switch|p2b: Gholdengo|Gholdengo, L50|100\/100\n|move|p1a: Juice Wrld|Rock Slide|p2b: Gholdengo|[spread] p2a,p2b\n|-resisted|p2b: Gholdengo\n|-damage|p2a: Amoonguss|17\/100\n|-damage|p2b: Gholdengo|84\/100\n|move|p2a: Amoonguss|Spore|p1a: Juice Wrld\n|-status|p1a: Juice Wrld|slp|[from] move: Spore\n|\n|-heal|p1a: Juice Wrld|85\/100 slp|[from] item: Leftovers\n|-heal|p2b: Gholdengo|90\/100|[from] item: Leftovers\n|upkeep\n|turn|6\n|\n|t:|1700329241\n|switch|p2a: Iron Bundle|Iron Bundle, L50, tera:Ghost|72\/100\n|cant|p1a: Juice Wrld|slp\n|move|p2b: Gholdengo|Nasty Plot|p2b: Gholdengo\n|-boost|p2b: Gholdengo|spa|2\n|\n|-heal|p1a: Juice Wrld|92\/100 slp|[from] item: Leftovers\n|-heal|p2b: Gholdengo|96\/100|[from] item: Leftovers\n|upkeep\n|turn|7\n|\n|t:|1700329254\n|move|p2a: Iron Bundle|Freeze-Dry|p1a: Juice Wrld\n|-supereffective|p1a: Juice Wrld\n|-damage|p1a: Juice Wrld|62\/100 slp\n|-curestatus|p1a: Juice Wrld|slp|[msg]\n|move|p1a: Juice Wrld|Earthquake|p2a: Iron Bundle|[spread] p2a,p2b\n|-miss|p1a: Juice Wrld|p1b: Perc\n|-supereffective|p2b: Gholdengo\n|-damage|p2a: Iron Bundle|31\/100\n|-damage|p2b: Gholdengo|0 fnt\n|faint|p2b: Gholdengo\n|\n|-heal|p1a: Juice Wrld|69\/100|[from] item: Leftovers\n|upkeep\n|-message|sb203 forfeited.\n|\n|win|DeAndreRicketts\n|raw|DeAndreRicketts's rating: 1313 &rarr; <strong>1332<\/strong><br \/>(+19 for winning)\n|raw|sb203's rating: 1302 &rarr; <strong>1283<\/strong><br \/>(-19 for losing)\n|l|\u2606sb203\n","uploadtime":1700329272,"views":8,"p1id":"deandrericketts","p2id":"sb203","formatid":"gen9vgc2023regulatione","rating":1283,"private":0,"password":""}