{"id":"gen9vgc2023regulatione-1996942388","p1":"xingshen","p2":"Blamemason","format":"[Gen 9] VGC 2023 Regulation E","log":"|j|\u2606xingshen\n|j|\u2606Blamemason\n|t:|1700747714\n|gametype|doubles\n|player|p1|xingshen|265|1180\n|player|p2|Blamemason|hilbert|1163\n|teamsize|p1|6\n|teamsize|p2|6\n|gen|9\n|tier|[Gen 9] VGC 2023 Regulation E\n|rated|\n|rule|Species Clause: Limit one of each Pok\u00e9mon\n|rule|Item Clause: Limit one of each item\n|clearpoke\n|poke|p1|Iron Hands, L50|\n|poke|p1|Sableye, L50, M|\n|poke|p1|Milotic, L50, F|\n|poke|p1|Landorus, L50, M|\n|poke|p1|Bronzong, L50|\n|poke|p1|Zapdos, L50|\n|poke|p2|Dragapult, L50, F|\n|poke|p2|Chien-Pao, L50|\n|poke|p2|Arcanine-Hisui, L50, M|\n|poke|p2|Urshifu-*, L50, F|\n|poke|p2|Ogerpon, L50, F|\n|poke|p2|Tornadus, L50, M|\n|teampreview|4\n|inactive|Battle timer is ON: inactive players will automatically lose when time's up. (requested by Blamemason)\n|inactive|xingshen has 60 seconds left.\n|inactive|Blamemason has 60 seconds left.\n|\n|t:|1700747759\n|start\n|switch|p1a: Bronzong|Bronzong, L50|100\/100\n|switch|p1b: Iron Hands|Iron Hands, L50|100\/100\n|switch|p2a: Chien-Pao|Chien-Pao, L50|100\/100\n|switch|p2b: Arcanine|Arcanine-Hisui, L50, M|100\/100\n|-ability|p2a: Chien-Pao|Sword of Ruin\n|-ability|p2b: Arcanine|Intimidate|boost\n|-unboost|p1a: Bronzong|atk|1\n|-unboost|p1b: Iron Hands|atk|1\n|turn|1\n|inactive|xingshen has 30 seconds left.\n|inactive|Blamemason has 30 seconds left.\n|inactive|Blamemason has 20 seconds left.\n|\n|t:|1700747796\n|-terastallize|p2b: Arcanine|Fairy\n|move|p1b: Iron Hands|Detect|p1b: Iron Hands\n|-singleturn|p1b: Iron Hands|Protect\n|move|p2a: Chien-Pao|Icicle Crash|p1a: Bronzong\n|-resisted|p1a: Bronzong\n|-damage|p1a: Bronzong|75\/100\n|move|p2b: Arcanine|Tera Blast|p1b: Iron Hands|[anim] Tera Blast Fairy\n|-activate|p1b: Iron Hands|move: Protect\n|cant|p1a: Bronzong|flinch\n|\n|-heal|p1a: Bronzong|81\/100|[from] item: Leftovers\n|upkeep\n|turn|2\n|inactive|xingshen has 30 seconds left.\n|\n|t:|1700747828\n|-end|p1b: Iron Hands|Quark Drive|[silent]\n|switch|p1b: Milotic|Milotic, L50, F|100\/100\n|move|p2a: Chien-Pao|Icicle Crash|p1a: Bronzong\n|-resisted|p1a: Bronzong\n|-crit|p1a: Bronzong\n|-damage|p1a: Bronzong|49\/100\n|move|p2b: Arcanine|Tera Blast|p1b: Milotic|[anim] Tera Blast Fairy\n|-damage|p1b: Milotic|36\/100\n|move|p1a: Bronzong|Trick Room|p1a: Bronzong\n|-fieldstart|move: Trick Room|[of] p1a: Bronzong\n|\n|-heal|p1a: Bronzong|55\/100|[from] item: Leftovers\n|upkeep\n|turn|3\n|inactive|xingshen has 30 seconds left.\n|inactive|xingshen has 20 seconds left.\n|\n|t:|1700747864\n|switch|p2b: Ogerpon|Ogerpon, L50, F|100\/100\n|move|p2a: Chien-Pao|Sucker Punch||[still]\n|-fail|p2a: Chien-Pao\n|move|p1a: Bronzong|Gravity|p1a: Bronzong\n|-fieldstart|move: Gravity\n|move|p1b: Milotic|Hypnosis|p2b: Ogerpon\n|-status|p2b: Ogerpon|slp|[from] move: Hypnosis\n|\n|-heal|p1a: Bronzong|61\/100|[from] item: Leftovers\n|upkeep\n|turn|4\n|inactive|xingshen has 30 seconds left.\n|\n|t:|1700747890\n|switch|p1a: Iron Hands|Iron Hands, L50|100\/100\n|move|p1b: Milotic|Hypnosis|p2a: Chien-Pao\n|-status|p2a: Chien-Pao|slp|[from] move: Hypnosis\n|cant|p2b: Ogerpon|slp\n|cant|p2a: Chien-Pao|slp\n|\n|upkeep\n|turn|5\n|c|\u2606Blamemason|Ah\n|\n|t:|1700747914\n|-terastallize|p1a: Iron Hands|Fire\n|-curestatus|p2b: Ogerpon|slp|[msg]\n|move|p2b: Ogerpon|Spiky Shield|p2b: Ogerpon\n|-singleturn|p2b: Ogerpon|move: Protect\n|cant|p2a: Chien-Pao|slp\n|move|p1a: Iron Hands|Belly Drum|p1a: Iron Hands\n|-damage|p1a: Iron Hands|50\/100\n|-setboost|p1a: Iron Hands|atk|6|[from] move: Belly Drum\n|-enditem|p1a: Iron Hands|Sitrus Berry|[eat]\n|-heal|p1a: Iron Hands|75\/100|[from] item: Sitrus Berry\n|move|p1b: Milotic|Life Dew|p1b: Milotic|[spread] p1a,p1b\n|-heal|p1a: Iron Hands|100\/100\n|-heal|p1b: Milotic|61\/100\n|\n|upkeep\n|turn|6\n|c|\u2606Blamemason|Ahhh\n|inactive|xingshen has 30 seconds left.\n|inactive|Blamemason has 30 seconds left.\n|inactive|Blamemason has 20 seconds left.\n|\n|t:|1700747950\n|switch|p2b: Tornadus|Tornadus, L50, M|100\/100\n|-curestatus|p2a: Chien-Pao|slp|[msg]\n|move|p2a: Chien-Pao|Protect|p2a: Chien-Pao\n|-singleturn|p2a: Chien-Pao|Protect\n|move|p1a: Iron Hands|Drain Punch|p2a: Chien-Pao\n|-activate|p2a: Chien-Pao|move: Protect\n|move|p1b: Milotic|Hypnosis|p2b: Tornadus\n|-status|p2b: Tornadus|slp|[from] move: Hypnosis\n|\n|-fieldend|move: Trick Room\n|upkeep\n|turn|7\n|c|\u2606Blamemason|A\u0125hhhhhhh\n|inactive|Blamemason has 30 seconds left.\n|\n|t:|1700747983\n|cant|p2b: Tornadus|slp\n|move|p2a: Chien-Pao|Sacred Sword|p1b: Milotic\n|-damage|p1b: Milotic|29\/100\n|-damage|p2a: Chien-Pao|84\/100|[from] item: Rocky Helmet|[of] p1b: Milotic\n|move|p1b: Milotic|Hypnosis|p2a: Chien-Pao\n|-status|p2a: Chien-Pao|slp|[from] move: Hypnosis\n|move|p1a: Iron Hands|Drain Punch|p2a: Chien-Pao\n|-supereffective|p2a: Chien-Pao\n|-damage|p2a: Chien-Pao|0 fnt\n|faint|p2a: Chien-Pao\n|\n|-fieldend|move: Gravity\n|upkeep\n|\n|t:|1700747998\n|switch|p2a: Arcanine|Arcanine-Hisui, L50, M, tera:Fairy|100\/100\n|-ability|p2a: Arcanine|Intimidate|boost\n|-unboost|p1a: Iron Hands|atk|1\n|-unboost|p1b: Milotic|atk|1\n|turn|8\n|\n|t:|1700748021\n|switch|p1b: Bronzong|Bronzong, L50|61\/100\n|cant|p2b: Tornadus|slp\n|move|p2a: Arcanine|Tera Blast|p1b: Bronzong|[anim] Tera Blast Fairy\n|-resisted|p1b: Bronzong\n|-damage|p1b: Bronzong|37\/100\n|move|p1a: Iron Hands|Thunder Punch|p2a: Arcanine\n|-damage|p2a: Arcanine|0 fnt\n|faint|p2a: Arcanine\n|\n|-heal|p1b: Bronzong|42\/100|[from] item: Leftovers\n|upkeep\n|\n|t:|1700748036\n|switch|p2a: Ogerpon|Ogerpon, L50, F|100\/100\n|turn|9\n|c|\u2606Blamemason|Wp\n|\n|t:|1700748050\n|move|p2a: Ogerpon|Ivy Cudgel|p1b: Bronzong\n|-resisted|p1b: Bronzong\n|-damage|p1b: Bronzong|21\/100\n|cant|p2b: Tornadus|slp\n|move|p1a: Iron Hands|Drain Punch|p2a: Ogerpon\n|-damage|p2a: Ogerpon|0 fnt\n|faint|p2a: Ogerpon\n|move|p1b: Bronzong|Trick Room|p1b: Bronzong\n|-fieldstart|move: Trick Room|[of] p1b: Bronzong\n|\n|-heal|p1b: Bronzong|27\/100|[from] item: Leftovers\n|upkeep\n|turn|10\n|-message|Blamemason forfeited.\n|\n|win|xingshen\n|raw|xingshen's rating: 1180 &rarr; <strong>1204<\/strong><br \/>(+24 for winning)\n|raw|Blamemason's rating: 1163 &rarr; <strong>1139<\/strong><br \/>(-24 for losing)\n|l|\u2606Blamemason\n","uploadtime":1700748074,"views":9,"p1id":"xingshen","p2id":"blamemason","formatid":"gen9vgc2023regulatione","rating":1139,"private":0,"password":""}