{"id":"gen9vgc2023regulatione-1992816195","p1":"taytayla","p2":"lildreamer32","format":"[Gen 9] VGC 2023 Regulation E","log":"|j|\u2606taytayla\n|j|\u2606lildreamer32\n|t:|1700237937\n|gametype|doubles\n|player|p1|taytayla|lady|1095\n|player|p2|lildreamer32|leaf-masters|1121\n|teamsize|p1|6\n|teamsize|p2|6\n|gen|9\n|tier|[Gen 9] VGC 2023 Regulation E\n|rated|\n|rule|Species Clause: Limit one of each Pok\u00e9mon\n|rule|Item Clause: Limit one of each item\n|clearpoke\n|poke|p1|Ambipom, L50, M|\n|poke|p1|Ninetales, L50, M|\n|poke|p1|Ogerpon-Hearthflame, L50, F|\n|poke|p1|Landorus-Therian, L50, M|\n|poke|p1|Bronzong, L50|\n|poke|p1|Muk, L50, F|\n|poke|p2|Gothitelle, L50, M|\n|poke|p2|Scream Tail, L50|\n|poke|p2|Arcanine-Hisui, L50, F|\n|poke|p2|Flutter Mane, L50|\n|poke|p2|Rillaboom, L50, M|\n|poke|p2|Landorus-Therian, L50, M|\n|teampreview|4\n|inactive|Battle timer is ON: inactive players will automatically lose when time's up. (requested by lildreamer32)\n|inactive|lildreamer32 has 60 seconds left.\n|\n|t:|1700237973\n|start\n|switch|p1a: Ambipom|Ambipom, L50, M|100\/100\n|switch|p1b: Ninetales|Ninetales, L50, M|100\/100\n|switch|p2a: Scream Tail|Scream Tail, L50|100\/100\n|switch|p2b: Rillaboom|Rillaboom, L50, M|100\/100\n|-weather|SunnyDay|[from] ability: Drought|[of] p1b: Ninetales\n|-activate|p2a: Scream Tail|ability: Protosynthesis\n|-start|p2a: Scream Tail|protosynthesisspd\n|-fieldstart|move: Grassy Terrain|[from] ability: Grassy Surge|[of] p2b: Rillaboom\n|turn|1\n|\n|t:|1700237991\n|move|p1a: Ambipom|Fake Out|p2b: Rillaboom\n|-damage|p2b: Rillaboom|57\/100\n|cant|p2b: Rillaboom|flinch\n|move|p2a: Scream Tail|Perish Song|p2a: Scream Tail\n|-start|p1a: Ambipom|perish3|[silent]\n|-start|p1b: Ninetales|perish3|[silent]\n|-start|p2a: Scream Tail|perish3|[silent]\n|-start|p2b: Rillaboom|perish3|[silent]\n|-fieldactivate|move: Perish Song\n|move|p1b: Ninetales|Heat Wave|p2a: Scream Tail|[spread] p2a,p2b\n|-crit|p2a: Scream Tail\n|-supereffective|p2b: Rillaboom\n|-damage|p2a: Scream Tail|77\/100\n|-damage|p2b: Rillaboom|21\/100\n|-status|p2a: Scream Tail|brn\n|\n|-weather|SunnyDay|[upkeep]\n|-heal|p2a: Scream Tail|83\/100 brn|[from] Grassy Terrain\n|-heal|p2b: Rillaboom|27\/100|[from] Grassy Terrain\n|-damage|p2a: Scream Tail|77\/100 brn|[from] brn\n|-start|p1a: Ambipom|perish3\n|-start|p2a: Scream Tail|perish3\n|-start|p1b: Ninetales|perish3\n|-start|p2b: Rillaboom|perish3\n|upkeep\n|turn|2\n|inactive|lildreamer32 has 30 seconds left.\n|\n|t:|1700238021\n|switch|p1a: Landorus|Landorus-Therian, L50, M|100\/100\n|-ability|p1a: Landorus|Intimidate|boost\n|-unboost|p2a: Scream Tail|atk|1\n|-unboost|p2b: Rillaboom|atk|1\n|switch|p2b: Arcanine|Arcanine-Hisui, L50, F|100\/100\n|-ability|p2b: Arcanine|Intimidate|boost\n|-unboost|p1a: Landorus|atk|1\n|-unboost|p1b: Ninetales|atk|1\n|move|p2a: Scream Tail|Encore||[still]\n|-fail|p2a: Scream Tail\n|move|p1b: Ninetales|Heat Wave|p2b: Arcanine|[spread] p2a,p2b\n|-resisted|p2b: Arcanine\n|-damage|p2a: Scream Tail|62\/100 brn\n|-damage|p2b: Arcanine|92\/100\n|\n|-weather|SunnyDay|[upkeep]\n|-heal|p2b: Arcanine|98\/100|[from] Grassy Terrain\n|-heal|p2a: Scream Tail|68\/100 brn|[from] Grassy Terrain\n|-damage|p2a: Scream Tail|62\/100 brn|[from] brn\n|-start|p2a: Scream Tail|perish2\n|-start|p1b: Ninetales|perish2\n|upkeep\n|turn|3\n|inactive|lildreamer32 has 30 seconds left.\n|\n|t:|1700238050\n|-end|p2a: Scream Tail|Protosynthesis|[silent]\n|switch|p2a: Gothitelle|Gothitelle, L50, M|100\/100\n|-terastallize|p2b: Arcanine|Water\n|move|p1b: Ninetales|Helping Hand|p1a: Landorus\n|-singleturn|p1a: Landorus|Helping Hand|[of] p1b: Ninetales\n|move|p1a: Landorus|Rock Slide|p2a: Gothitelle|[spread] p2a,p2b\n|-damage|p2a: Gothitelle|74\/100\n|-damage|p2b: Arcanine|69\/100\n|cant|p2b: Arcanine|flinch\n|\n|-weather|SunnyDay|[upkeep]\n|-heal|p2b: Arcanine|75\/100|[from] Grassy Terrain\n|-heal|p2a: Gothitelle|80\/100|[from] Grassy Terrain\n|-start|p1b: Ninetales|perish1\n|upkeep\n|turn|4\n|\n|t:|1700238068\n|move|p2a: Gothitelle|Fake Out|p1b: Ninetales\n|-damage|p1b: Ninetales|95\/100\n|move|p1a: Landorus|Rock Slide|p2b: Arcanine|[spread] p2a,p2b\n|-damage|p2a: Gothitelle|64\/100\n|-damage|p2b: Arcanine|56\/100\n|move|p2b: Arcanine|Rock Slide|p1b: Ninetales|[spread] p1a,p1b\n|-crit|p1a: Landorus\n|-supereffective|p1b: Ninetales\n|-damage|p1a: Landorus|51\/100\n|-damage|p1b: Ninetales|47\/100\n|cant|p1b: Ninetales|flinch\n|\n|-weather|SunnyDay|[upkeep]\n|-heal|p2b: Arcanine|63\/100|[from] Grassy Terrain\n|-heal|p1b: Ninetales|53\/100|[from] Grassy Terrain\n|-heal|p2a: Gothitelle|70\/100|[from] Grassy Terrain\n|-start|p1b: Ninetales|perish0\n|faint|p1b: Ninetales\n|upkeep\n|\n|t:|1700238076\n|switch|p1b: Ambipom|Ambipom, L50, M|100\/100\n|turn|5\n|\n|t:|1700238094\n|switch|p2a: Rillaboom|Rillaboom, L50, M|27\/100\n|-terastallize|p1b: Ambipom|Normal\n|move|p1b: Ambipom|Fake Out|p2b: Arcanine\n|-damage|p2b: Arcanine|0 fnt\n|faint|p2b: Arcanine\n|move|p1a: Landorus|Rock Slide|p2a: Rillaboom\n|-damage|p2a: Rillaboom|5\/100\n|\n|-weather|SunnyDay|[upkeep]\n|-heal|p2a: Rillaboom|11\/100|[from] Grassy Terrain\n|-fieldend|move: Grassy Terrain\n|upkeep\n|\n|t:|1700238103\n|switch|p2b: Scream Tail|Scream Tail, L50|62\/100 brn\n|-activate|p2b: Scream Tail|ability: Protosynthesis\n|-start|p2b: Scream Tail|protosynthesisspd\n|turn|6\n|\n|t:|1700238126\n|switch|p1b: Ogerpon|Ogerpon-Hearthflame, L50, F|100\/100\n|-ability|p1b: Ogerpon|Mold Breaker\n|-end|p2b: Scream Tail|Protosynthesis|[silent]\n|switch|p2b: Gothitelle|Gothitelle, L50, M|70\/100\n|move|p2a: Rillaboom|Fake Out|p1b: Ogerpon\n|-damage|p1b: Ogerpon|84\/100\n|move|p1a: Landorus|Rock Slide|p2a: Rillaboom|[spread] p2a,p2b\n|-damage|p2a: Rillaboom|0 fnt\n|-damage|p2b: Gothitelle|56\/100\n|faint|p2a: Rillaboom\n|\n|-weather|SunnyDay|[upkeep]\n|upkeep\n|\n|t:|1700238130\n|switch|p2a: Scream Tail|Scream Tail, L50|62\/100 brn\n|-activate|p2a: Scream Tail|ability: Protosynthesis\n|-start|p2a: Scream Tail|protosynthesisspd\n|turn|7\n|-message|lildreamer32 forfeited.\n|\n|win|taytayla\n|raw|taytayla's rating: 1095 &rarr; <strong>1123<\/strong><br \/>(+28 for winning)\n|raw|lildreamer32's rating: 1121 &rarr; <strong>1094<\/strong><br \/>(-27 for losing)\n|l|\u2606lildreamer32\n","uploadtime":1700238151,"views":24,"p1id":"taytayla","p2id":"lildreamer32","formatid":"gen9vgc2023regulatione","rating":1094,"private":0,"password":""}