{"id":"gen9vgc2023regulatione-1997858989","p1":"Lithoriorm","p2":"SleepyZetsu","format":"[Gen 9] VGC 2023 Regulation E","log":"|j|\u2606Lithoriorm\n|j|\u2606SleepyZetsu\n|t:|1700860574\n|gametype|doubles\n|player|p1|Lithoriorm|101|1310\n|player|p2|SleepyZetsu|colress|1338\n|teamsize|p1|6\n|teamsize|p2|6\n|gen|9\n|tier|[Gen 9] VGC 2023 Regulation E\n|rated|\n|rule|Species Clause: Limit one of each Pok\u00e9mon\n|rule|Item Clause: Limit one of each item\n|clearpoke\n|poke|p1|Chi-Yu, L50|\n|poke|p1|Flutter Mane, L50|\n|poke|p1|Iron Hands, L50|\n|poke|p1|Tornadus, L50, M|\n|poke|p1|Arcanine-Hisui, L50, M|\n|poke|p1|Ogerpon-Wellspring, L50, F|\n|poke|p2|Typhlosion-Hisui, L50, F|\n|poke|p2|Tornadus, L50, M|\n|poke|p2|Glimmora, L50, M|\n|poke|p2|Chi-Yu, L50|\n|poke|p2|Moltres-Galar, L50|\n|poke|p2|Gothitelle, L50, M|\n|teampreview|4\n|inactive|Battle timer is ON: inactive players will automatically lose when time's up. (requested by Lithoriorm)\n|inactive|Lithoriorm has 60 seconds left.\n|inactive|SleepyZetsu has 60 seconds left.\nLithoriorm has agreed to open team sheets.\n|\n|t:|1700860625\n|start\n|switch|p1a: Chi-Yu|Chi-Yu, L50|100\/100\n|switch|p1b: Flutter Mane|Flutter Mane, L50, shiny|100\/100\n|switch|p2a: Glimmora|Glimmora, L50, M|100\/100\n|switch|p2b: Tornadus|Tornadus, L50, M|100\/100\n|-ability|p1a: Chi-Yu|Beads of Ruin\n|-enditem|p1b: Flutter Mane|Booster Energy\n|-activate|p1b: Flutter Mane|ability: Protosynthesis|[fromitem]\n|-start|p1b: Flutter Mane|protosynthesisspe\n|turn|1\n|inactive|SleepyZetsu has 30 seconds left.\n|\n|t:|1700860653\n|move|p2b: Tornadus|Tailwind|p2b: Tornadus\n|-sidestart|p2: SleepyZetsu|move: Tailwind\n|move|p2a: Glimmora|Power Gem|p1a: Chi-Yu\n|-supereffective|p1a: Chi-Yu\n|-enditem|p1a: Chi-Yu|Focus Sash\n|-damage|p1a: Chi-Yu|1\/100\n|move|p1b: Flutter Mane|Icy Wind|p2b: Tornadus|[spread] p2a\n|-miss|p1b: Flutter Mane|p2b: Tornadus\n|-damage|p2a: Glimmora|82\/100\n|-unboost|p2a: Glimmora|spe|1\n|move|p1a: Chi-Yu|Heat Wave|p2b: Tornadus|[spread] p2a,p2b\n|-resisted|p2a: Glimmora\n|-damage|p2a: Glimmora|56\/100\n|-damage|p2b: Tornadus|62\/100\n|\n|upkeep\n|turn|2\n|\n|t:|1700860676\n|move|p1a: Chi-Yu|Protect|p1a: Chi-Yu\n|-singleturn|p1a: Chi-Yu|Protect\n|move|p2b: Tornadus|Sunny Day|p2b: Tornadus\n|-weather|SunnyDay\n|move|p1b: Flutter Mane|Shadow Ball|p2a: Glimmora\n|-damage|p2a: Glimmora|0 fnt\n|faint|p2a: Glimmora\n|\n|-weather|SunnyDay|[upkeep]\n|upkeep\n|\n|t:|1700860694\n|switch|p2a: Typhlosion|Typhlosion-Hisui, L50, F|100\/100\n|turn|3\n|\n|t:|1700860703\n|switch|p1a: Iron Hands|Iron Hands, L50, shiny|100\/100\n|-terastallize|p2a: Typhlosion|Fire\n|move|p2a: Typhlosion|Eruption|p1a: Iron Hands|[spread] p1a,p1b\n|-damage|p1a: Iron Hands|23\/100\n|-damage|p1b: Flutter Mane|0 fnt\n|faint|p1b: Flutter Mane\n|-end|p1b: Flutter Mane|Protosynthesis|[silent]\n|move|p2b: Tornadus|Bleakwind Storm|p1a: Iron Hands\n|-damage|p1a: Iron Hands|1\/100\n|-unboost|p1a: Iron Hands|spe|1\n|\n|-weather|SunnyDay|[upkeep]\n|upkeep\n|\n|t:|1700860715\n|switch|p1b: Ogerpon|Ogerpon-Wellspring, L50, F|100\/100\n|turn|4\n|\n|t:|1700860724\n|-terastallize|p1b: Ogerpon|Water\n|detailschange|p1b: Ogerpon|Ogerpon-Wellspring-Tera, L50, F, tera:Water\n|-ability|p1b: Ogerpon|Embody Aspect (Wellspring)|boost\n|-boost|p1b: Ogerpon|spd|1\n|move|p1a: Iron Hands|Fake Out|p2a: Typhlosion\n|-damage|p2a: Typhlosion|77\/100\n|cant|p2a: Typhlosion|flinch\n|move|p2b: Tornadus|Bleakwind Storm|p1a: Iron Hands|[spread] p1a\n|-miss|p2b: Tornadus|p1b: Ogerpon\n|-damage|p1a: Iron Hands|0 fnt\n|faint|p1a: Iron Hands\n|-end|p1a: Iron Hands|Quark Drive|[silent]\n|move|p1b: Ogerpon|Ivy Cudgel|p2a: Typhlosion|[anim] Ivy Cudgel Water\n|-supereffective|p2a: Typhlosion\n|-crit|p2a: Typhlosion\n|-damage|p2a: Typhlosion|0 fnt\n|faint|p2a: Typhlosion\n|\n|-weather|SunnyDay|[upkeep]\n|-sideend|p2: SleepyZetsu|move: Tailwind\n|upkeep\n|\n|t:|1700860744\n|switch|p2a: Moltres|Moltres-Galar, L50|100\/100\n|switch|p1a: Chi-Yu|Chi-Yu, L50|1\/100\n|-ability|p1a: Chi-Yu|Beads of Ruin\n|turn|5\n|\n|t:|1700860757\n|move|p2b: Tornadus|Tailwind|p2b: Tornadus\n|-sidestart|p2: SleepyZetsu|move: Tailwind\n|move|p2a: Moltres|Fiery Wrath|p1b: Ogerpon|[spread] p1a,p1b\n|-resisted|p1a: Chi-Yu\n|-damage|p1a: Chi-Yu|0 fnt\n|-damage|p1b: Ogerpon|75\/100\n|faint|p1a: Chi-Yu\n|move|p1b: Ogerpon|Ivy Cudgel|p2b: Tornadus|[anim] Ivy Cudgel Water\n|-damage|p2b: Tornadus|16\/100\n|\n|-weather|SunnyDay|[upkeep]\n|upkeep\n|turn|6\n|\n|t:|1700860774\n|move|p1b: Ogerpon|Spiky Shield|p1b: Ogerpon\n|-singleturn|p1b: Ogerpon|move: Protect\n|move|p2a: Moltres|Nasty Plot|p2a: Moltres\n|-boost|p2a: Moltres|spa|2\n|move|p2b: Tornadus|Bleakwind Storm|p1b: Ogerpon\n|-activate|p1b: Ogerpon|move: Protect\n|\n|-weather|none\n|upkeep\n|turn|7\n|\n|t:|1700860790\n|move|p2a: Moltres|Fiery Wrath|p1b: Ogerpon\n|-damage|p1b: Ogerpon|26\/100\n|move|p2b: Tornadus|Bleakwind Storm|p1b: Ogerpon\n|-damage|p1b: Ogerpon|0 fnt\n|faint|p1b: Ogerpon\n|\n|win|SleepyZetsu\n|raw|Lithoriorm's rating: 1310 &rarr; <strong>1292<\/strong><br \/>(-18 for losing)\n|raw|SleepyZetsu's rating: 1338 &rarr; <strong>1356<\/strong><br \/>(+18 for winning)\n|c|\u2606Lithoriorm|gg\n","uploadtime":1700860798,"views":24,"p1id":"lithoriorm","p2id":"sleepyzetsu","formatid":"gen9vgc2023regulatione","rating":1292,"private":0,"password":""}