{"id":"gen9vgc2023regulatione-1996039992","p1":"Orb66623","p2":"Sandip00","format":"[Gen 9] VGC 2023 Regulation E","log":"|j|\u2606Orb66623\n|j|\u2606Sandip00\n|t:|1700633730\n|gametype|doubles\n|player|p1|Orb66623|265|1275\n|player|p2|Sandip00|101|1316\n|teamsize|p1|6\n|teamsize|p2|6\n|gen|9\n|tier|[Gen 9] VGC 2023 Regulation E\n|rated|\n|rule|Species Clause: Limit one of each Pok\u00e9mon\n|rule|Item Clause: Limit one of each item\n|clearpoke\n|poke|p1|Ogerpon-Wellspring, L50, F|\n|poke|p1|Armarouge, L50, M|\n|poke|p1|Torkoal, L50, M|\n|poke|p1|Indeedee-F, L50, F|\n|poke|p1|Iron Hands, L50|\n|poke|p1|Landorus-Therian, L50, M|\n|poke|p2|Grimmsnarl, L50, M|\n|poke|p2|Moltres-Galar, L50|\n|poke|p2|Spectrier, L50|\n|poke|p2|Gholdengo, L50|\n|poke|p2|Arcanine-Hisui, L50, M|\n|poke|p2|Ogerpon-Wellspring, L50, F|\n|teampreview|4\n|\n|t:|1700633765\n|start\n|switch|p1a: Landorus|Landorus-Therian, L50, M|100\/100\n|switch|p1b: Armarouge|Armarouge, L50, M|100\/100\n|switch|p2a: Grimmsnarl|Grimmsnarl, L50, M|100\/100\n|switch|p2b: Ogerpon|Ogerpon-Wellspring, L50, F|100\/100\n|-ability|p1a: Landorus|Intimidate|boost\n|-unboost|p2a: Grimmsnarl|atk|1\n|-unboost|p2b: Ogerpon|atk|1\n|turn|1\n|inactive|Battle timer is ON: inactive players will automatically lose when time's up. (requested by Orb66623)\n|inactive|Orb66623 has 60 seconds left.\n|\n|t:|1700633831\n|switch|p2b: Arcanine|Arcanine-Hisui, L50, M|100\/100\n|-ability|p2b: Arcanine|Intimidate|boost\n|-unboost|p1a: Landorus|atk|1\n|-unboost|p1b: Armarouge|atk|1\n|-terastallize|p1b: Armarouge|Psychic\n|move|p2a: Grimmsnarl|Parting Shot|p1b: Armarouge\n|-unboost|p1b: Armarouge|atk|1\n|-unboost|p1b: Armarouge|spa|1\n|\n|t:|1700633851\n|switch|p2a: Ogerpon|Ogerpon-Wellspring, L50, F|100\/100|[from] Parting Shot\n|move|p1a: Landorus|U-turn|p1b: Armarouge\n|-supereffective|p1b: Armarouge\n|-damage|p1b: Armarouge|62\/100\n|-ability|p1b: Armarouge|Weak Armor|boost\n|-unboost|p1b: Armarouge|def|1\n|-boost|p1b: Armarouge|spe|2\n|-enditem|p1b: Armarouge|Weakness Policy\n|-boost|p1b: Armarouge|atk|2|[from] item: Weakness Policy\n|-boost|p1b: Armarouge|spa|2|[from] item: Weakness Policy\n|\n|t:|1700633860\n|switch|p1a: Indeedee|Indeedee-F, L50, F|100\/100|[from] U-turn\n|-fieldstart|move: Psychic Terrain|[from] ability: Psychic Surge|[of] p1a: Indeedee\n|-enditem|p1a: Indeedee|Psychic Seed\n|-boost|p1a: Indeedee|spd|1|[from] item: Psychic Seed\n|move|p1b: Armarouge|Stored Power|p2b: Arcanine\n|-damage|p2b: Arcanine|21\/100\n|\n|upkeep\n|turn|2\n|\n|t:|1700633877\n|switch|p2b: Grimmsnarl|Grimmsnarl, L50, M|100\/100\n|-terastallize|p2a: Ogerpon|Water\n|detailschange|p2a: Ogerpon|Ogerpon-Wellspring-Tera, L50, F, tera:Water\n|-ability|p2a: Ogerpon|Embody Aspect (Wellspring)|boost\n|-boost|p2a: Ogerpon|spd|1\n|move|p1a: Indeedee|Follow Me|p1a: Indeedee\n|-singleturn|p1a: Indeedee|move: Follow Me\n|move|p1b: Armarouge|Expanding Force|p2a: Ogerpon|[spread] p2a\n|-immune|p2b: Grimmsnarl\n|-damage|p2a: Ogerpon|28\/100\n|move|p2a: Ogerpon|Swords Dance|p2a: Ogerpon\n|-boost|p2a: Ogerpon|atk|2\n|\n|upkeep\n|turn|3\n|\n|t:|1700633900\n|move|p1a: Indeedee|Follow Me|p1a: Indeedee\n|-singleturn|p1a: Indeedee|move: Follow Me\n|move|p2b: Grimmsnarl|Light Screen|p2b: Grimmsnarl\n|-sidestart|p2: Sandip00|move: Light Screen\n|move|p1b: Armarouge|Expanding Force|p2a: Ogerpon|[spread] p2a\n|-immune|p2b: Grimmsnarl\n|-damage|p2a: Ogerpon|0 fnt\n|faint|p2a: Ogerpon\n|\n|upkeep\n|\n|t:|1700633911\n|switch|p2a: Spectrier|Spectrier, L50|100\/100\n|turn|4\n|\n|t:|1700633924\n|move|p2a: Spectrier|Protect|p2a: Spectrier\n|-singleturn|p2a: Spectrier|Protect\n|move|p1a: Indeedee|Follow Me|p1a: Indeedee\n|-singleturn|p1a: Indeedee|move: Follow Me\n|move|p1b: Armarouge|Expanding Force|p2a: Spectrier|[spread] \n|-activate|p2a: Spectrier|move: Protect\n|-immune|p2b: Grimmsnarl\n|move|p2b: Grimmsnarl|Spirit Break|p1a: Indeedee\n|-damage|p1a: Indeedee|73\/100\n|-unboost|p1a: Indeedee|spa|1\n|\n|upkeep\n|turn|5\n|\n|t:|1700633946\n|move|p1a: Indeedee|Follow Me|p1a: Indeedee\n|-singleturn|p1a: Indeedee|move: Follow Me\n|move|p1b: Armarouge|Expanding Force|p2b: Grimmsnarl|[spread] p2a\n|-immune|p2b: Grimmsnarl\n|-damage|p2a: Spectrier|17\/100\n|-enditem|p2a: Spectrier|Sitrus Berry|[eat]\n|-heal|p2a: Spectrier|42\/100|[from] item: Sitrus Berry\n|move|p2a: Spectrier|Nasty Plot|p2a: Spectrier\n|-boost|p2a: Spectrier|spa|2\n|move|p2b: Grimmsnarl|Spirit Break|p1a: Indeedee\n|-damage|p1a: Indeedee|46\/100\n|-unboost|p1a: Indeedee|spa|1\n|\n|-fieldend|move: Psychic Terrain\n|upkeep\n|turn|6\n|\n|t:|1700633967\n|move|p1a: Indeedee|Follow Me|p1a: Indeedee\n|-singleturn|p1a: Indeedee|move: Follow Me\n|move|p2b: Grimmsnarl|Parting Shot|p1a: Indeedee\n|-unboost|p1a: Indeedee|atk|1\n|-unboost|p1a: Indeedee|spa|1\n|\n|t:|1700633972\n|switch|p2b: Arcanine|Arcanine-Hisui, L50, M|21\/100|[from] Parting Shot\n|-ability|p2b: Arcanine|Intimidate|boost\n|-unboost|p1a: Indeedee|atk|1\n|-unboost|p1b: Armarouge|atk|1\n|move|p1b: Armarouge|Stored Power|p2a: Spectrier\n|-damage|p2a: Spectrier|0 fnt\n|faint|p2a: Spectrier\n|\n|upkeep\n|\n|t:|1700633982\n|switch|p2a: Grimmsnarl|Grimmsnarl, L50, M|100\/100\n|turn|7\n|\n|t:|1700633996\n|move|p1a: Indeedee|Follow Me|p1a: Indeedee\n|-singleturn|p1a: Indeedee|move: Follow Me\n|move|p1b: Armarouge|Expanding Force|p2b: Arcanine\n|-damage|p2b: Arcanine|0 fnt\n|faint|p2b: Arcanine\n|move|p2a: Grimmsnarl|Spirit Break|p1a: Indeedee\n|-damage|p1a: Indeedee|17\/100\n|-unboost|p1a: Indeedee|spa|1\n|\n|upkeep\n|turn|8\n|inactive|Sandip00 has 30 seconds left.\n|inactive|Sandip00 has 20 seconds left.\n|inactive|Sandip00 has 15 seconds left.\n|inactive|Sandip00 has 10 seconds left.\n|inactive|Sandip00 has 5 seconds left.\n|\n|t:|1700634051\n|move|p1a: Indeedee|Follow Me|p1a: Indeedee\n|-singleturn|p1a: Indeedee|move: Follow Me\n|move|p1b: Armarouge|Heat Wave|p2a: Grimmsnarl\n|-damage|p2a: Grimmsnarl|58\/100\n|move|p2a: Grimmsnarl|Spirit Break|p1a: Indeedee\n|-damage|p1a: Indeedee|0 fnt\n|faint|p1a: Indeedee\n|\n|upkeep\n|\n|t:|1700634059\n|switch|p1a: Ogerpon|Ogerpon-Wellspring, L50, F|100\/100\n|turn|9\n|inactive|Sandip00 has 30 seconds left.\n|inactive|Sandip00 has 20 seconds left.\n|inactive|Sandip00 has 15 seconds left.\n|inactive|Sandip00 has 10 seconds left.\n|inactive|Sandip00 has 5 seconds left.\n|\n|t:|1700634114\n|move|p1b: Armarouge|Heat Wave|p2a: Grimmsnarl\n|-damage|p2a: Grimmsnarl|9\/100\n|move|p1a: Ogerpon|Ivy Cudgel|p2a: Grimmsnarl|[anim] Ivy Cudgel Water\n|-damage|p2a: Grimmsnarl|0 fnt\n|faint|p2a: Grimmsnarl\n|\n|win|Orb66623\n|raw|Orb66623's rating: 1275 &rarr; <strong>1303<\/strong><br \/>(+28 for winning)\n|raw|Sandip00's rating: 1316 &rarr; <strong>1294<\/strong><br \/>(-22 for losing)\n","uploadtime":1700634123,"views":0,"p1id":"orb66623","p2id":"sandip00","formatid":"gen9vgc2023regulatione","rating":1294,"private":0,"password":""}