{"id":"gen9vgc2023regulatione-1992919854","p1":"CarmiCorn","p2":"BenevolentWhale","format":"[Gen 9] VGC 2023 Regulation E","log":"|j|\u2606CarmiCorn\n|j|\u2606BenevolentWhale\n|t:|1700246877\n|gametype|doubles\n|player|p1|CarmiCorn|swimmer-gen4dp|\n|player|p2|BenevolentWhale|1|\n|teamsize|p1|6\n|teamsize|p2|6\n|gen|9\n|tier|[Gen 9] VGC 2023 Regulation E\n|rule|Species Clause: Limit one of each Pok\u00e9mon\n|rule|Item Clause: Limit one of each item\n|clearpoke\n|poke|p1|Wigglytuff, L50, M|\n|poke|p1|Morgrem, L50, M|\n|poke|p1|Gastrodon, L50, F|\n|poke|p1|Goodra, L50, M|\n|poke|p1|Noivern, L50, M|\n|poke|p1|Pawmot, L50, M|\n|poke|p2|Qwilfish, L50, F|\n|poke|p2|Murkrow, L50, F|\n|poke|p2|Farigiraf, L50, M|\n|poke|p2|Gholdengo, L50|\n|poke|p2|Polteageist, L50|\n|poke|p2|Blissey, L50, F|\n|teampreview|4\nBenevolentWhale rejected open team sheets.\n|\n|t:|1700247009\n|start\n|switch|p1a: HIM|Wigglytuff, L50, M|100\/100\n|switch|p1b: The Kid|Pawmot, L50, M|100\/100\n|switch|p2a: Scrambler|Blissey, L50, F|100\/100\n|switch|p2b: \ud83e\udd92|Farigiraf, L50, M|100\/100\n|turn|1\n|\n|t:|1700247099\n|move|p1b: The Kid|Fake Out||[still]\n|cant|p2b: \ud83e\udd92|ability: Armor Tail|Fake Out|[of] p1b: The Kid\n|move|p2a: Scrambler|Ice Beam|p1b: The Kid\n|-damage|p1b: The Kid|56\/100\n|move|p2b: \ud83e\udd92|Psychic|p1b: The Kid\n|-supereffective|p1b: The Kid\n|-damage|p1b: The Kid|0 fnt\n|faint|p1b: The Kid\n|move|p1a: HIM|Dark Pulse|p2b: \ud83e\udd92\n|-supereffective|p2b: \ud83e\udd92\n|-damage|p2b: \ud83e\udd92|67\/100\n|\n|upkeep\n|\n|t:|1700247112\n|switch|p1b: Goober Two|Goodra, L50, M|100\/100\n|turn|2\n|\n|t:|1700247214\n|-terastallize|p1b: Goober Two|Steel\n|move|p1b: Goober Two|Rain Dance|p1b: Goober Two\n|-weather|RainDance\n|move|p2a: Scrambler|Ice Beam|p1a: HIM\n|-damage|p1a: HIM|75\/100\n|move|p2b: \ud83e\udd92|Psychic|p1a: HIM\n|-damage|p1a: HIM|25\/100\n|-unboost|p1a: HIM|spd|1\n|-ability|p1a: HIM|Competitive|boost\n|-boost|p1a: HIM|spa|2\n|move|p1a: HIM|Dark Pulse|p2b: \ud83e\udd92\n|-supereffective|p2b: \ud83e\udd92\n|-damage|p2b: \ud83e\udd92|3\/100\n|\n|-weather|RainDance|[upkeep]\n|upkeep\n|turn|3\n|\n|t:|1700247270\n|switch|p1a: Goober One|Gastrodon, L50, F|100\/100\n|move|p1b: Goober Two|Surf|p2a: Scrambler|[spread] p2a,p2b\n|-ability|p1a: Goober One|Storm Drain|boost\n|-boost|p1a: Goober One|spa|1\n|-damage|p2a: Scrambler|90\/100\n|-damage|p2b: \ud83e\udd92|0 fnt\n|faint|p2b: \ud83e\udd92\n|move|p2a: Scrambler|Ice Beam|p1a: Goober One\n|-damage|p1a: Goober One|79\/100\n|\n|-weather|RainDance|[upkeep]\n|-heal|p2a: Scrambler|96\/100|[from] item: Leftovers\n|-heal|p1a: Goober One|84\/100|[from] item: Leftovers\n|upkeep\n|\n|t:|1700247320\n|switch|p2b: \ud835\udde4\ud835\uddea\ud835\udddc\ud835\udddf \ud835\udff0\ud835\udff1.|Qwilfish, L50, F, shiny|100\/100\n|-ability|p2b: \ud835\udde4\ud835\uddea\ud835\udddc\ud835\udddf \ud835\udff0\ud835\udff1.|Intimidate|boost\n|-unboost|p1a: Goober One|atk|1\n|-unboost|p1b: Goober Two|atk|1\n|turn|4\n|\n|t:|1700247371\n|move|p2b: \ud835\udde4\ud835\uddea\ud835\udddc\ud835\udddf \ud835\udff0\ud835\udff1.|Flip Turn|p1a: Goober One\n|-activate|p1a: Goober One|ability: Storm Drain\n|-ability|p1a: Goober One|Storm Drain|boost\n|-boost|p1a: Goober One|spa|1\n|move|p1b: Goober Two|Life Dew||[still]|[spread] \n|-ability|p1a: Goober One|Storm Drain|boost\n|-boost|p1a: Goober One|spa|1\n|-fail|p1b: Goober Two|heal\n|move|p2a: Scrambler|Grass Knot|p1a: Goober One\n|-supereffective|p1a: Goober One\n|-damage|p1a: Goober One|18\/100\n|move|p1a: Goober One|Earth Power|p2b: \ud835\udde4\ud835\uddea\ud835\udddc\ud835\udddf \ud835\udff0\ud835\udff1.\n|-supereffective|p2b: \ud835\udde4\ud835\uddea\ud835\udddc\ud835\udddf \ud835\udff0\ud835\udff1.\n|-damage|p2b: \ud835\udde4\ud835\uddea\ud835\udddc\ud835\udddf \ud835\udff0\ud835\udff1.|0 fnt\n|faint|p2b: \ud835\udde4\ud835\uddea\ud835\udddc\ud835\udddf \ud835\udff0\ud835\udff1.\n|\n|-weather|RainDance|[upkeep]\n|-heal|p2a: Scrambler|100\/100|[from] item: Leftovers\n|-heal|p1a: Goober One|24\/100|[from] item: Leftovers\n|upkeep\n|\n|t:|1700247388\n|switch|p2b: \uff34\uff28\uff25 \uff37\uff2f\uff32\uff24|Murkrow, L50, F|100\/100\n|turn|5\n|\n|t:|1700247425\n|switch|p1a: HIM|Wigglytuff, L50, M|25\/100\n|move|p2b: \uff34\uff28\uff25 \uff37\uff2f\uff32\uff24|Dark Pulse|p1a: HIM\n|-resisted|p1a: HIM\n|-damage|p1a: HIM|13\/100\n|move|p1b: Goober Two|Life Dew||[still]|[spread] p1a,p1b\n|-heal|p1a: HIM|38\/100\n|-fail|p1b: Goober Two|heal\n|move|p2a: Scrambler|Grass Knot|p1a: HIM\n|-damage|p1a: HIM|27\/100\n|\n|-weather|RainDance|[upkeep]\n|upkeep\n|turn|6\n|\n|t:|1700247500\n|move|p2b: \uff34\uff28\uff25 \uff37\uff2f\uff32\uff24|Dark Pulse|p1a: HIM\n|-resisted|p1a: HIM\n|-damage|p1a: HIM|16\/100\n|move|p1b: Goober Two|Life Dew||[still]|[spread] p1a,p1b\n|-heal|p1a: HIM|41\/100\n|-fail|p1b: Goober Two|heal\n|move|p2a: Scrambler|Ice Beam|p1a: HIM\n|-damage|p1a: HIM|13\/100\n|move|p1a: HIM|Drain Punch|p2a: Scrambler\n|-supereffective|p2a: Scrambler\n|-damage|p2a: Scrambler|55\/100\n|-heal|p1a: HIM|52\/100|[from] drain|[of] p2a: Scrambler\n|\n|-weather|none\n|-heal|p2a: Scrambler|61\/100|[from] item: Leftovers\n|upkeep\n|turn|7\n|\n|t:|1700247591\n|-terastallize|p2a: Scrambler|Ghost\n|move|p2b: \uff34\uff28\uff25 \uff37\uff2f\uff32\uff24|Dark Pulse|p1a: HIM\n|-resisted|p1a: HIM\n|-damage|p1a: HIM|40\/100\n|move|p1b: Goober Two|Life Dew||[still]|[spread] p1a,p1b\n|-heal|p1a: HIM|65\/100\n|-fail|p1b: Goober Two|heal\n|move|p2a: Scrambler|Ice Beam|p1a: HIM\n|-damage|p1a: HIM|36\/100\n|move|p1a: HIM|Dark Pulse|p2a: Scrambler\n|-supereffective|p2a: Scrambler\n|-crit|p2a: Scrambler\n|-damage|p2a: Scrambler|33\/100\n|\n|-heal|p2a: Scrambler|39\/100|[from] item: Leftovers\n|upkeep\n|turn|8\n|\n|t:|1700247641\n|move|p2b: \uff34\uff28\uff25 \uff37\uff2f\uff32\uff24|Dark Pulse|p1a: HIM\n|-resisted|p1a: HIM\n|-damage|p1a: HIM|24\/100\n|move|p1b: Goober Two|Life Dew||[still]|[spread] p1a,p1b\n|-heal|p1a: HIM|49\/100\n|-fail|p1b: Goober Two|heal\n|move|p2a: Scrambler|Ice Beam|p1a: HIM\n|-damage|p1a: HIM|22\/100\n|move|p1a: HIM|Dark Pulse|p2a: Scrambler\n|-supereffective|p2a: Scrambler\n|-damage|p2a: Scrambler|21\/100\n|\n|-heal|p2a: Scrambler|27\/100|[from] item: Leftovers\n|upkeep\n|turn|9\n|\n|t:|1700247686\n|move|p2b: \uff34\uff28\uff25 \uff37\uff2f\uff32\uff24|Dark Pulse|p1a: HIM\n|-resisted|p1a: HIM\n|-damage|p1a: HIM|11\/100\n|move|p1b: Goober Two|Life Dew||[still]|[spread] p1a,p1b\n|-heal|p1a: HIM|36\/100\n|-fail|p1b: Goober Two|heal\n|move|p2a: Scrambler|Ice Beam|p1a: HIM\n|-damage|p1a: HIM|10\/100\n|-status|p1a: HIM|frz\n|cant|p1a: HIM|frz\n|\n|-heal|p2a: Scrambler|33\/100|[from] item: Leftovers\n|upkeep\n|turn|10\n|\n|t:|1700247727\n|move|p2b: \uff34\uff28\uff25 \uff37\uff2f\uff32\uff24|Tailwind|p2b: \uff34\uff28\uff25 \uff37\uff2f\uff32\uff24\n|-sidestart|p2: BenevolentWhale|move: Tailwind\n|move|p2a: Scrambler|Ice Beam|p1a: HIM\n|-damage|p1a: HIM|0 fnt\n|faint|p1a: HIM\n|move|p1b: Goober Two|Flamethrower|p2a: Scrambler\n|-damage|p2a: Scrambler|25\/100\n|-status|p2a: Scrambler|brn\n|\n|-heal|p2a: Scrambler|31\/100 brn|[from] item: Leftovers\n|-damage|p2a: Scrambler|25\/100 brn|[from] brn\n|upkeep\n|\n|t:|1700247738\n|switch|p1a: Goober One|Gastrodon, L50, F|24\/100\n|turn|11\n|\n|t:|1700247804\n|move|p2b: \uff34\uff28\uff25 \uff37\uff2f\uff32\uff24|Dark Pulse|p1b: Goober Two\n|-damage|p1b: Goober Two|88\/100\n|move|p2a: Scrambler|Grass Knot|p1a: Goober One\n|-supereffective|p1a: Goober One\n|-damage|p1a: Goober One|0 fnt\n|faint|p1a: Goober One\n|move|p1b: Goober Two|Flamethrower|p2a: Scrambler\n|-damage|p2a: Scrambler|16\/100 brn\n|\n|-heal|p2a: Scrambler|22\/100 brn|[from] item: Leftovers\n|-damage|p2a: Scrambler|16\/100 brn|[from] brn\n|upkeep\n|turn|12\n|\n|t:|1700247866\n|move|p2b: \uff34\uff28\uff25 \uff37\uff2f\uff32\uff24|U-turn|p1b: Goober Two\n|-resisted|p1b: Goober Two\n|-damage|p1b: Goober Two|81\/100\n|-damage|p2b: \uff34\uff28\uff25 \uff37\uff2f\uff32\uff24|84\/100|[from] item: Rocky Helmet|[of] p1b: Goober Two\n|move|p2a: Scrambler|Flamethrower|p1b: Goober Two\n|-supereffective|p1b: Goober Two\n|-damage|p1b: Goober Two|50\/100\n|move|p1b: Goober Two|Rain Dance|p1b: Goober Two\n|-weather|RainDance\n|\n|-weather|RainDance|[upkeep]\n|-heal|p2a: Scrambler|22\/100 brn|[from] item: Leftovers\n|-damage|p2a: Scrambler|16\/100 brn|[from] brn\n|upkeep\n|turn|13\n|\n|t:|1700247903\n|move|p2b: \uff34\uff28\uff25 \uff37\uff2f\uff32\uff24|Dark Pulse|p1b: Goober Two\n|-damage|p1b: Goober Two|38\/100\n|move|p2a: Scrambler|Flamethrower|p1b: Goober Two\n|-supereffective|p1b: Goober Two\n|-damage|p1b: Goober Two|25\/100\n|move|p1b: Goober Two|Surf|p2b: \uff34\uff28\uff25 \uff37\uff2f\uff32\uff24|[spread] p2a,p2b\n|-damage|p2a: Scrambler|5\/100 brn\n|-damage|p2b: \uff34\uff28\uff25 \uff37\uff2f\uff32\uff24|62\/100\n|\n|-weather|RainDance|[upkeep]\n|-heal|p2a: Scrambler|12\/100 brn|[from] item: Leftovers\n|-damage|p2a: Scrambler|5\/100 brn|[from] brn\n|-sideend|p2: BenevolentWhale|move: Tailwind\n|upkeep\n|turn|14\n|\n|t:|1700247922\n|move|p2b: \uff34\uff28\uff25 \uff37\uff2f\uff32\uff24|Dark Pulse|p1b: Goober Two\n|-damage|p1b: Goober Two|12\/100\n|move|p1b: Goober Two|Life Dew|p1b: Goober Two\n|-heal|p1b: Goober Two|37\/100\n|move|p2a: Scrambler|Flamethrower|p1b: Goober Two\n|-supereffective|p1b: Goober Two\n|-crit|p1b: Goober Two\n|-damage|p1b: Goober Two|17\/100\n|\n|-weather|RainDance|[upkeep]\n|-heal|p2a: Scrambler|12\/100 brn|[from] item: Leftovers\n|-damage|p2a: Scrambler|5\/100 brn|[from] brn\n|upkeep\n|turn|15\n|\n|t:|1700247980\n|move|p2b: \uff34\uff28\uff25 \uff37\uff2f\uff32\uff24|Dark Pulse|p1b: Goober Two\n|-damage|p1b: Goober Two|5\/100\n|move|p1b: Goober Two|Surf|p2b: \uff34\uff28\uff25 \uff37\uff2f\uff32\uff24|[spread] p2a,p2b\n|-damage|p2a: Scrambler|0 fnt\n|-damage|p2b: \uff34\uff28\uff25 \uff37\uff2f\uff32\uff24|41\/100\n|faint|p2a: Scrambler\n|\n|-weather|RainDance|[upkeep]\n|upkeep\n|turn|16\n|\n|t:|1700247992\n|move|p2b: \uff34\uff28\uff25 \uff37\uff2f\uff32\uff24|Dark Pulse|p1b: Goober Two\n|-damage|p1b: Goober Two|0 fnt\n|faint|p1b: Goober Two\n|\n|win|BenevolentWhale\n|l|\u2606BenevolentWhale\n","uploadtime":1700247998,"views":40,"p1id":"carmicorn","p2id":"benevolentwhale","formatid":"gen9vgc2023regulatione","rating":0,"private":0,"password":""}