{"id":"gen9vgc2023regulatione-1992919374","p1":"KingOfGreed64","p2":"PrezzemoNite","format":"[Gen 9] VGC 2023 Regulation E","log":"|j|\u2606KingOfGreed64\n|j|\u2606PrezzemoNite\n|t:|1700246831\n|gametype|doubles\n|player|p1|KingOfGreed64|guzma|1159\n|player|p2|PrezzemoNite|101|1228\n|teamsize|p1|6\n|teamsize|p2|6\n|gen|9\n|tier|[Gen 9] VGC 2023 Regulation E\n|rated|\n|rule|Species Clause: Limit one of each Pok\u00e9mon\n|rule|Item Clause: Limit one of each item\n|clearpoke\n|poke|p1|Dudunsparce-*, L50, M|\n|poke|p1|Clefairy, L50, M|\n|poke|p1|Rillaboom, L50, M|\n|poke|p1|Ogerpon-Hearthflame, L50, F|\n|poke|p1|Landorus-Therian, L50, M|\n|poke|p1|Gholdengo, L50|\n|poke|p2|Iron Bundle, L50|\n|poke|p2|Iron Hands, L50|\n|poke|p2|Kingambit, L50, M|\n|poke|p2|Landorus-Therian, L50, M|\n|poke|p2|Ogerpon-Hearthflame, L50, F|\n|poke|p2|Sinistcha, L50|\n|teampreview|4\n|\n|t:|1700246902\n|start\n|switch|p1a: prince fluff|Clefairy, L50, M, shiny|100\/100\n|switch|p1b: Dududunsparce|Dudunsparce-Three-Segment, L50, M|100\/100\n|switch|p2a: Kingambit|Kingambit, L50, M|100\/100\n|switch|p2b: Landorus|Landorus-Therian, L50, M|100\/100\n|-ability|p2b: Landorus|Intimidate|boost\n|-unboost|p1a: prince fluff|atk|1\n|-unboost|p1b: Dududunsparce|atk|1\n|turn|1\n|\n|t:|1700246945\n|move|p2b: Landorus|Stomping Tantrum|p1a: prince fluff\n|-damage|p1a: prince fluff|67\/100\n|move|p1b: Dududunsparce|Coil|p1b: Dududunsparce\n|-boost|p1b: Dududunsparce|atk|1\n|-boost|p1b: Dududunsparce|def|1\n|-boost|p1b: Dududunsparce|accuracy|1\n|move|p2a: Kingambit|Iron Head|p1a: prince fluff\n|-supereffective|p1a: prince fluff\n|-damage|p1a: prince fluff|2\/100\n|move|p1a: prince fluff|Icy Wind|p2b: Landorus|[spread] p2a,p2b\n|-resisted|p2a: Kingambit\n|-supereffective|p2b: Landorus\n|-damage|p2a: Kingambit|97\/100\n|-damage|p2b: Landorus|70\/100\n|-unboost|p2a: Kingambit|spe|1\n|-ability|p2a: Kingambit|Defiant|boost\n|-boost|p2a: Kingambit|atk|2\n|-unboost|p2b: Landorus|spe|1\n|\n|upkeep\n|turn|2\n|\n|t:|1700246989\n|move|p1a: prince fluff|Protect|p1a: prince fluff\n|-singleturn|p1a: prince fluff|Protect\n|move|p2b: Landorus|Stomping Tantrum|p1a: prince fluff\n|-activate|p1a: prince fluff|move: Protect\n|move|p1b: Dududunsparce|Coil|p1b: Dududunsparce\n|-boost|p1b: Dududunsparce|atk|1\n|-boost|p1b: Dududunsparce|def|1\n|-boost|p1b: Dududunsparce|accuracy|1\n|move|p2a: Kingambit|Swords Dance|p2a: Kingambit\n|-boost|p2a: Kingambit|atk|2\n|\n|upkeep\n|turn|3\n|\n|t:|1700247012\n|switch|p1a: mmmmonke|Rillaboom, L50, M|100\/100\n|-fieldstart|move: Grassy Terrain|[from] ability: Grassy Surge|[of] p1a: mmmmonke\n|move|p2b: Landorus|Stomping Tantrum|p1a: mmmmonke\n|-resisted|p1a: mmmmonke\n|-damage|p1a: mmmmonke|82\/100\n|move|p1b: Dududunsparce|Body Slam|p2a: Kingambit\n|-resisted|p2a: Kingambit\n|-crit|p2a: Kingambit\n|-damage|p2a: Kingambit|68\/100\n|move|p2a: Kingambit|Assurance|p1b: Dududunsparce\n|-damage|p1b: Dududunsparce|56\/100\n|\n|-heal|p1a: mmmmonke|87\/100|[from] Grassy Terrain\n|-heal|p1b: Dududunsparce|62\/100|[from] Grassy Terrain\n|-heal|p1b: Dududunsparce|68\/100|[from] item: Leftovers\n|-heal|p2a: Kingambit|73\/100|[from] Grassy Terrain\n|upkeep\n|turn|4\n|\n|t:|1700247049\n|switch|p2b: Sinistcha|Sinistcha, L50|100\/100\n|-heal|p2a: Kingambit|98\/100|[from] ability: Hospitality|[of] p2b: Sinistcha\n|-terastallize|p2a: Kingambit|Poison\n|move|p1a: mmmmonke|Fake Out|p2b: Sinistcha\n|-immune|p2b: Sinistcha\n|move|p1b: Dududunsparce|Body Slam|p2a: Kingambit\n|-damage|p2a: Kingambit|60\/100\n|move|p2a: Kingambit|Assurance|p1b: Dududunsparce\n|-damage|p1b: Dududunsparce|20\/100\n|\n|-heal|p1a: mmmmonke|93\/100|[from] Grassy Terrain\n|-heal|p1b: Dududunsparce|26\/100|[from] Grassy Terrain\n|-heal|p1b: Dududunsparce|32\/100|[from] item: Leftovers\n|-heal|p2a: Kingambit|66\/100|[from] Grassy Terrain\n|upkeep\n|turn|5\n|\n|t:|1700247092\n|move|p1b: Dududunsparce|Protect|p1b: Dududunsparce\n|-singleturn|p1b: Dududunsparce|Protect\n|move|p2b: Sinistcha|Rage Powder|p2b: Sinistcha\n|-singleturn|p2b: Sinistcha|move: Rage Powder\n|move|p2a: Kingambit|Sucker Punch|p1a: mmmmonke\n|-damage|p1a: mmmmonke|0 fnt\n|faint|p1a: mmmmonke\n|\n|-heal|p1b: Dududunsparce|38\/100|[from] Grassy Terrain\n|-heal|p1b: Dududunsparce|45\/100|[from] item: Leftovers\n|-heal|p2a: Kingambit|72\/100|[from] Grassy Terrain\n|upkeep\n|\n|t:|1700247108\n|switch|p1a: dream|Ogerpon-Hearthflame, L50, F|100\/100\n|-ability|p1a: dream|Mold Breaker\n|turn|6\n|\n|t:|1700247138\n|switch|p2b: Landorus|Landorus-Therian, L50, M|70\/100\n|-ability|p2b: Landorus|Intimidate|boost\n|-unboost|p1a: dream|atk|1\n|-unboost|p1b: Dududunsparce|atk|1\n|move|p1a: dream|Ivy Cudgel|p2b: Landorus|[anim] Ivy Cudgel Fire\n|-damage|p2b: Landorus|29\/100\n|move|p1b: Dududunsparce|Coil|p1b: Dududunsparce\n|-boost|p1b: Dududunsparce|atk|1\n|-boost|p1b: Dududunsparce|def|1\n|-boost|p1b: Dududunsparce|accuracy|1\n|move|p2a: Kingambit|Assurance|p1b: Dududunsparce\n|-damage|p1b: Dududunsparce|3\/100\n|\n|-heal|p1b: Dududunsparce|9\/100|[from] Grassy Terrain\n|-heal|p1b: Dududunsparce|16\/100|[from] item: Leftovers\n|-heal|p2a: Kingambit|77\/100|[from] Grassy Terrain\n|upkeep\n|turn|7\n|\n|t:|1700247160\n|move|p1b: Dududunsparce|Protect|p1b: Dududunsparce\n|-singleturn|p1b: Dududunsparce|Protect\n|move|p1a: dream|Grassy Glide|p2b: Landorus\n|-damage|p2b: Landorus|0 fnt\n|faint|p2b: Landorus\n|move|p2a: Kingambit|Sucker Punch||[still]\n|-fail|p2a: Kingambit\n|\n|-heal|p1b: Dududunsparce|22\/100|[from] Grassy Terrain\n|-heal|p1b: Dududunsparce|28\/100|[from] item: Leftovers\n|-heal|p2a: Kingambit|83\/100|[from] Grassy Terrain\n|-fieldend|move: Grassy Terrain\n|upkeep\n|\n|t:|1700247178\n|switch|p2b: Ogerpon|Ogerpon-Hearthflame, L50, F|100\/100\n|-ability|p2b: Ogerpon|Mold Breaker\n|turn|8\n|\n|t:|1700247197\n|move|p2a: Kingambit|Sucker Punch|p1b: Dududunsparce\n|-damage|p1b: Dududunsparce|0 fnt\n|faint|p1b: Dududunsparce\n|move|p2b: Ogerpon|Horn Leech|p1a: dream\n|-resisted|p1a: dream\n|-damage|p1a: dream|90\/100\n|move|p1a: dream|Ivy Cudgel|p2b: Ogerpon|[anim] Ivy Cudgel Fire\n|-damage|p2b: Ogerpon|58\/100\n|\n|upkeep\n|\n|t:|1700247205\n|switch|p1b: prince fluff|Clefairy, L50, M, shiny|2\/100\n|turn|9\n|\n|t:|1700247219\n|move|p1b: prince fluff|Follow Me|p1b: prince fluff\n|-singleturn|p1b: prince fluff|move: Follow Me\n|move|p2a: Kingambit|Sucker Punch||[still]\n|-fail|p2a: Kingambit\n|move|p2b: Ogerpon|Swords Dance|p2b: Ogerpon\n|-boost|p2b: Ogerpon|atk|2\n|move|p1a: dream|Swords Dance|p1a: dream\n|-boost|p1a: dream|atk|2\n|\n|upkeep\n|turn|10\n|\n|t:|1700247236\n|-terastallize|p1a: dream|Fire\n|detailschange|p1a: dream|Ogerpon-Hearthflame-Tera, L50, F, tera:Fire\n|-ability|p1a: dream|Embody Aspect (Hearthflame)|boost\n|-boost|p1a: dream|atk|1\n|move|p2b: Ogerpon|Spiky Shield|p2b: Ogerpon\n|-singleturn|p2b: Ogerpon|move: Protect\n|move|p1b: prince fluff|Follow Me|p1b: prince fluff\n|-singleturn|p1b: prince fluff|move: Follow Me\n|move|p1a: dream|Ivy Cudgel|p2b: Ogerpon|[anim] Ivy Cudgel Fire\n|-activate|p2b: Ogerpon|move: Protect\n|move|p2a: Kingambit|Assurance|p1b: prince fluff\n|-resisted|p1b: prince fluff\n|-damage|p1b: prince fluff|0 fnt\n|faint|p1b: prince fluff\n|\n|upkeep\n|turn|11\n|\n|t:|1700247258\n|move|p2a: Kingambit|Sucker Punch|p1a: dream\n|-damage|p1a: dream|0 fnt\n|faint|p1a: dream\n|\n|win|PrezzemoNite\n|raw|KingOfGreed64's rating: 1159 &rarr; <strong>1139<\/strong><br \/>(-20 for losing)\n|raw|PrezzemoNite's rating: 1228 &rarr; <strong>1248<\/strong><br \/>(+20 for winning)\n|c|\u2606KingOfGreed64|gg\n|l|\u2606KingOfGreed64\n|c|\u2606PrezzemoNite|gg\n","uploadtime":1700247509,"views":10,"p1id":"kingofgreed64","p2id":"prezzemonite","formatid":"gen9vgc2023regulatione","rating":1139,"private":0,"password":""}