{"id":"gen9vgc2023regulatione-1994287558","p1":"CrystalDialga","p2":"Puriner","format":"[Gen 9] VGC 2023 Regulation E","log":"|j|\u2606CrystalDialga\n|j|\u2606Puriner\n|n|\u2606CrystalDialga|crystaldialga\n|n|\u2606Puriner|puriner\n|html|View the match progress at <a href=\"\/game-bestof3-gen9vgc2023regulatione-1994280997\">game-bestof3-gen9vgc2023regulatione-1994280997<\/a>\n|t:|1700427291\n|gametype|doubles\n|player|p1|CrystalDialga|larry|\n|player|p2|Puriner|colress|\n|teamsize|p1|6\n|teamsize|p2|6\n|gen|9\n|tier|[Gen 9] VGC 2023 Regulation E\n|rule|Species Clause: Limit one of each Pok\u00e9mon\n|rule|Item Clause: Limit one of each item\n|clearpoke\n|poke|p1|Dragapult, L50, M|\n|poke|p1|Chien-Pao, L50|\n|poke|p1|Ting-Lu, L50|\n|poke|p1|Rillaboom, L50, F|\n|poke|p1|Dondozo, L50, F|\n|poke|p1|Amoonguss, L50, M|\n|poke|p2|Torkoal, L50, F|\n|poke|p2|Roaring Moon, L50|\n|poke|p2|Flutter Mane, L50|\n|poke|p2|Tornadus, L50, M|\n|poke|p2|Ogerpon-Hearthflame, L50, F|\n|poke|p2|Cresselia, L50, F|\n|teampreview|4\nCrystalDialga has agreed to open team sheets.\n|\n|t:|1700427460\n|start\n|switch|p1a: Dude from Ice Age|Chien-Pao, L50|100\/100\n|switch|p1b: \"One more fissure\"|Ting-Lu, L50|100\/100\n|switch|p2a: Flutter Mane|Flutter Mane, L50|100\/100\n|switch|p2b: Torkoal|Torkoal, L50, F|100\/100\n|-ability|p1a: Dude from Ice Age|Sword of Ruin\n|-ability|p1b: \"One more fissure\"|Vessel of Ruin\n|-weather|SunnyDay|[from] ability: Drought|[of] p2b: Torkoal\n|-activate|p2a: Flutter Mane|ability: Protosynthesis\n|-start|p2a: Flutter Mane|protosynthesisspe\n|turn|1\n|\n|t:|1700427520\n|-terastallize|p1b: \"One more fissure\"|Poison\n|move|p1a: Dude from Ice Age|Protect|p1a: Dude from Ice Age\n|-singleturn|p1a: Dude from Ice Age|Protect\n|move|p2b: Torkoal|Protect|p2b: Torkoal\n|-singleturn|p2b: Torkoal|Protect\n|move|p2a: Flutter Mane|Moonblast|p1b: \"One more fissure\"\n|-resisted|p1b: \"One more fissure\"\n|-crit|p1b: \"One more fissure\"\n|-damage|p1b: \"One more fissure\"|83\/100\n|-unboost|p1b: \"One more fissure\"|spa|1\n|move|p1b: \"One more fissure\"|Heavy Slam|p2a: Flutter Mane\n|-supereffective|p2a: Flutter Mane\n|-crit|p2a: Flutter Mane\n|-damage|p2a: Flutter Mane|0 fnt\n|faint|p2a: Flutter Mane\n|-end|p2a: Flutter Mane|Protosynthesis|[silent]\n|\n|-weather|SunnyDay|[upkeep]\n|upkeep\n|j| Van. Volcanucks\n|\n|t:|1700427550\n|switch|p2a: Roaring Moon|Roaring Moon, L50|100\/100\n|-activate|p2a: Roaring Moon|ability: Protosynthesis\n|-start|p2a: Roaring Moon|protosynthesisatk\n|turn|2\n|\n|t:|1700427575\n|switch|p2b: Cresselia|Cresselia, L50, F|100\/100\n|move|p2a: Roaring Moon|Earthquake|p1b: \"One more fissure\"|[spread] p1a,p1b\n|-immune|p2b: Cresselia|[from] ability: Levitate\n|-supereffective|p1b: \"One more fissure\"\n|-damage|p1a: Dude from Ice Age|48\/100\n|-damage|p1b: \"One more fissure\"|17\/100\n|move|p1a: Dude from Ice Age|Sacred Sword|p2a: Roaring Moon\n|-supereffective|p2a: Roaring Moon\n|-damage|p2a: Roaring Moon|0 fnt\n|faint|p2a: Roaring Moon\n|-end|p2a: Roaring Moon|Protosynthesis|[silent]\n|move|p1b: \"One more fissure\"|Stomping Tantrum|p2b: Cresselia\n|-immune|p2b: Cresselia|[from] ability: Levitate\n|\n|-weather|SunnyDay|[upkeep]\n|upkeep\n|\n|t:|1700427594\n|switch|p2a: Torkoal|Torkoal, L50, F|100\/100\n|turn|3\n|\n|t:|1700427666\n|move|p2a: Torkoal|Protect|p2a: Torkoal\n|-singleturn|p2a: Torkoal|Protect\n|move|p1a: Dude from Ice Age|Icicle Crash|p2a: Torkoal\n|-activate|p2a: Torkoal|move: Protect\n|move|p2b: Cresselia|Ice Beam|p1b: \"One more fissure\"\n|-damage|p1b: \"One more fissure\"|11\/100\n|move|p1b: \"One more fissure\"|Stomping Tantrum|p2a: Torkoal\n|-activate|p2a: Torkoal|move: Protect\n|\n|-weather|SunnyDay|[upkeep]\n|upkeep\n|turn|4\n|\n|t:|1700427742\n|switch|p1a: pookie bear|Dragapult, L50, M|100\/100\n|move|p2b: Cresselia|Lunar Blessing||[still]|[spread] \n|-fail|p2b: Cresselia\n|move|p1b: \"One more fissure\"|Stomping Tantrum|p2a: Torkoal\n|-supereffective|p2a: Torkoal\n|-damage|p2a: Torkoal|53\/100\n|move|p2a: Torkoal|Eruption|p1b: \"One more fissure\"|[spread] p1a,p1b\n|-resisted|p1a: pookie bear\n|-damage|p1a: pookie bear|80\/100\n|-damage|p1b: \"One more fissure\"|0 fnt\n|faint|p1b: \"One more fissure\"\n|\n|-weather|SunnyDay|[upkeep]\n|upkeep\n|\n|t:|1700427755\n|switch|p1b: Dude from Ice Age|Chien-Pao, L50|48\/100\n|-ability|p1b: Dude from Ice Age|Sword of Ruin\n|turn|5\n|\n|t:|1700427776\n|move|p1b: Dude from Ice Age|Protect|p1b: Dude from Ice Age\n|-singleturn|p1b: Dude from Ice Age|Protect\n|move|p1a: pookie bear|Phantom Force||[still]\n|-prepare|p1a: pookie bear|Phantom Force\n|move|p2b: Cresselia|Ice Beam|p1a: pookie bear|[miss]\n|-miss|p2b: Cresselia|p1a: pookie bear\n|move|p2a: Torkoal|Eruption|p1b: Dude from Ice Age|[spread] \n|-miss|p2a: Torkoal|p1a: pookie bear\n|-activate|p1b: Dude from Ice Age|move: Protect\n|\n|-weather|SunnyDay|[upkeep]\n|upkeep\n|turn|6\n|\n|t:|1700427861\n|-terastallize|p2b: Cresselia|Fairy\n|move|p1a: pookie bear|Phantom Force|p2a: Torkoal|[from]lockedmove\n|-damage|p2a: Torkoal|0 fnt\n|faint|p2a: Torkoal\n|move|p1b: Dude from Ice Age|Icicle Crash|p2b: Cresselia\n|-damage|p2b: Cresselia|55\/100\n|move|p2b: Cresselia|Lunar Blessing|p2b: Cresselia\n|-heal|p2b: Cresselia|80\/100\n|\n|-weather|SunnyDay|[upkeep]\n|-heal|p2b: Cresselia|86\/100|[from] item: Leftovers\n|upkeep\n|turn|7\n|\n|t:|1700427874\n|move|p1a: pookie bear|Phantom Force||[still]\n|-prepare|p1a: pookie bear|Phantom Force\n|move|p1b: Dude from Ice Age|Icicle Crash|p2b: Cresselia\n|-damage|p2b: Cresselia|41\/100\n|cant|p2b: Cresselia|flinch\n|\n|-weather|SunnyDay|[upkeep]\n|-heal|p2b: Cresselia|47\/100|[from] item: Leftovers\n|upkeep\n|turn|8\n|\n|t:|1700427886\n|move|p1a: pookie bear|Phantom Force|p2b: Cresselia|[from]lockedmove\n|-damage|p2b: Cresselia|0 fnt\n|faint|p2b: Cresselia\n|\n|win|CrystalDialga\n|c|\u2606CrystalDialga|GGWP\n|c|\u2606Puriner|ggs\n","uploadtime":1700427898,"views":6,"p1id":"crystaldialga","p2id":"puriner","formatid":"gen9vgc2023regulatione","rating":0,"private":0,"password":""}