{"id":"gen9vgc2023regulatione-1998818661","p1":"beeki","p2":"gbglass","format":"[Gen 9] VGC 2023 Regulation E","log":"|j|\u2606beeki\n|j|\u2606gbglass\n|t:|1700997177\n|gametype|doubles\n|player|p1|beeki|larry|1172\n|player|p2|gbglass|1|1075\n|teamsize|p1|6\n|teamsize|p2|6\n|gen|9\n|tier|[Gen 9] VGC 2023 Regulation E\n|rated|\n|rule|Species Clause: Limit one of each Pok\u00e9mon\n|rule|Item Clause: Limit one of each item\n|clearpoke\n|poke|p1|Urshifu-*, L50, F|\n|poke|p1|Tornadus, L50, M|\n|poke|p1|Iron Bundle, L50|\n|poke|p1|Brambleghast, L50, M|\n|poke|p1|Ogerpon-Wellspring, L50, F|\n|poke|p1|Heatran, L50, F|\n|poke|p2|Urshifu-*, L50, F|\n|poke|p2|Landorus-Therian, L50, M|\n|poke|p2|Baxcalibur, L50, F|\n|poke|p2|Ninetales-Alola, L50, M|\n|poke|p2|Iron Hands, L50|\n|poke|p2|Chi-Yu, L50|\n|teampreview|4\n|inactive|Battle timer is ON: inactive players will automatically lose when time's up. (requested by beeki)\n|\n|t:|1700997200\n|start\n|switch|p1a: Uraume|Iron Bundle, L50|100\/100\n|switch|p1b: Todo|Tornadus, L50, M|100\/100\n|switch|p2a: Landorus|Landorus-Therian, L50, M|100\/100\n|switch|p2b: Iron Hands|Iron Hands, L50|100\/100\n|-ability|p2a: Landorus|Intimidate|boost\n|-unboost|p1a: Uraume|atk|1\n|-unboost|p1b: Todo|atk|1\n|-enditem|p1a: Uraume|Booster Energy\n|-activate|p1a: Uraume|ability: Quark Drive|[fromitem]\n|-start|p1a: Uraume|quarkdrivespe\n|turn|1\n|inactive|gbglass has 30 seconds left.\n|\n|t:|1700997228\n|-end|p1a: Uraume|Quark Drive|[silent]\n|switch|p1a: Mai|Brambleghast, L50, M|100\/100\n|move|p2b: Iron Hands|Fake Out|p1a: Mai\n|-immune|p1a: Mai\n|move|p1b: Todo|Tailwind|p1b: Todo\n|-sidestart|p1: beeki|move: Tailwind\n|-ability|p1a: Mai|Wind Rider|boost\n|-boost|p1a: Mai|atk|1\n|move|p2a: Landorus|Rock Slide|p1b: Todo|[spread] p1a,p1b\n|-supereffective|p1b: Todo\n|-damage|p1a: Mai|46\/100\n|-damage|p1b: Todo|38\/100\n|-damage|p2a: Landorus|91\/100|[from] item: Life Orb\n|\n|upkeep\n|turn|2\n|inactive|beeki has 30 seconds left.\n|inactive|gbglass has 30 seconds left.\n|\n|t:|1700997257\n|move|p1b: Todo|Snowscape|p1b: Todo\n|-weather|Snow\n|move|p1a: Mai|Bullet Seed|p2a: Landorus\n|-damage|p2a: Landorus|68\/100\n|-damage|p2a: Landorus|43\/100\n|-damage|p2a: Landorus|17\/100\n|-damage|p2a: Landorus|0 fnt\n|faint|p2a: Landorus\n|-hitcount|p2: Landorus|4\n|move|p2b: Iron Hands|Heavy Slam|p1a: Mai\n|-damage|p1a: Mai|0 fnt\n|faint|p1a: Mai\n|\n|-weather|Snow|[upkeep]\n|upkeep\n|\n|t:|1700997274\n|switch|p2a: Baxcalibur|Baxcalibur, L50, F|100\/100\n|switch|p1a: Uraume|Iron Bundle, L50|100\/100\n|turn|3\n|\n|t:|1700997286\n|move|p1b: Todo|Taunt|p2a: Baxcalibur\n|-start|p2a: Baxcalibur|move: Taunt\n|move|p1a: Uraume|Aurora Veil|p1a: Uraume\n|-sidestart|p1: beeki|move: Aurora Veil\n|cant|p2a: Baxcalibur|move: Taunt|Swords Dance\n|move|p2b: Iron Hands|Wild Charge|p1a: Uraume\n|-supereffective|p1a: Uraume\n|-damage|p1a: Uraume|40\/100\n|-damage|p2b: Iron Hands|93\/100|[from] Recoil\n|\n|-weather|Snow|[upkeep]\n|upkeep\n|turn|4\n|\n|t:|1700997302\n|move|p1a: Uraume|Blizzard|p2a: Baxcalibur|[spread] p2a,p2b\n|-damage|p2a: Baxcalibur|62\/100\n|-damage|p2b: Iron Hands|68\/100\n|-status|p2b: Iron Hands|frz\n|move|p1b: Todo|Bleakwind Storm|p2a: Baxcalibur|[spread] p2a,p2b\n|-damage|p2a: Baxcalibur|19\/100\n|-damage|p2b: Iron Hands|43\/100 frz\n|move|p2a: Baxcalibur|Icicle Spear|p1b: Todo\n|-supereffective|p1b: Todo\n|-damage|p1b: Todo|14\/100\n|-supereffective|p1b: Todo\n|-damage|p1b: Todo|0 fnt\n|faint|p1b: Todo\n|-hitcount|p1: Todo|2\n|cant|p2b: Iron Hands|frz\n|\n|-weather|Snow|[upkeep]\n|-heal|p2a: Baxcalibur|25\/100|[from] ability: Ice Body\n|-sideend|p1: beeki|move: Tailwind\n|upkeep\n|\n|t:|1700997313\n|switch|p1b: Ogerpon|Ogerpon-Wellspring, L50, F|100\/100\n|turn|5\n|\n|t:|1700997333\n|-end|p2b: Iron Hands|Quark Drive|[silent]\n|switch|p2b: Urshifu|Urshifu-Rapid-Strike, L50, F|100\/100\n|move|p1a: Uraume|Blizzard|p2b: Urshifu|[spread] p2a,p2b\n|-resisted|p2b: Urshifu\n|-damage|p2a: Baxcalibur|0 fnt\n|-damage|p2b: Urshifu|69\/100\n|faint|p2a: Baxcalibur\n|move|p1b: Ogerpon|Ivy Cudgel|p2b: Urshifu|[anim] Ivy Cudgel Water\n|-resisted|p2b: Urshifu\n|-damage|p2b: Urshifu|38\/100\n|\n|-weather|Snow|[upkeep]\n|upkeep\n|\n|t:|1700997347\n|switch|p2a: Iron Hands|Iron Hands, L50|43\/100 frz\n|turn|6\n|\n|t:|1700997369\n|-terastallize|p1a: Uraume|Fire\n|move|p1a: Uraume|Blizzard|p2b: Urshifu|[spread] p2a,p2b\n|-resisted|p2b: Urshifu\n|-damage|p2a: Iron Hands|17\/100 frz\n|-damage|p2b: Urshifu|9\/100\n|move|p2b: Urshifu|Surging Strikes|p1a: Uraume\n|-supereffective|p1a: Uraume\n|-crit|p1a: Uraume\n|-damage|p1a: Uraume|0 fnt\n|faint|p1a: Uraume\n|-end|p1a: Uraume|Quark Drive|[silent]\n|-hitcount|p1: Uraume|1\n|move|p1b: Ogerpon|Power Whip|p2b: Urshifu|[miss]\n|-miss|p1b: Ogerpon|p2b: Urshifu\n|cant|p2a: Iron Hands|frz\n|\n|-weather|none\n|upkeep\n|turn|7\n|inactive|gbglass has 30 seconds left.\n|\n|t:|1700997397\n|-terastallize|p2b: Urshifu|Water\n|move|p2b: Urshifu|Surging Strikes|p1b: Ogerpon\n|-immune|p1b: Ogerpon|[from] ability: Water Absorb\n|move|p1b: Ogerpon|Power Whip|p2b: Urshifu\n|-supereffective|p2b: Urshifu\n|-damage|p2b: Urshifu|0 fnt\n|faint|p2b: Urshifu\n|cant|p2a: Iron Hands|frz\n|\n|-sideend|p1: beeki|move: Aurora Veil\n|upkeep\n|turn|8\n|c|\u2606beeki|Er\n|c|\u2606beeki|Erm\n|inactive|beeki has 30 seconds left.\n|\n|t:|1700997423\n|move|p1b: Ogerpon|Ivy Cudgel|p2a: Iron Hands|[anim] Ivy Cudgel Water\n|-damage|p2a: Iron Hands|0 fnt\n|faint|p2a: Iron Hands\n|-end|p2a: Iron Hands|Quark Drive|[silent]\n|\n|win|beeki\n|raw|beeki's rating: 1172 &rarr; <strong>1190<\/strong><br \/>(+18 for winning)\n|raw|gbglass's rating: 1075 &rarr; <strong>1060<\/strong><br \/>(-15 for losing)\n|c|\u2606beeki|Gg\n|c|\u2606gbglass|gg\n","uploadtime":1700997432,"views":5,"p1id":"beeki","p2id":"gbglass","formatid":"gen9vgc2023regulatione","rating":1060,"private":0,"password":""}