{"id":"gen9vgc2023regulatione-1996791455","p1":"RIKASLOVER","p2":"Glasseseagle","format":"[Gen 9] VGC 2023 Regulation E","log":"|j|\u2606RIKASLOVER\n|j|\u2606Glasseseagle\n|t:|1700725949\n|gametype|doubles\n|player|p1|RIKASLOVER|cynthia-masters|1306\n|player|p2|Glasseseagle|265|1341\n|teamsize|p1|6\n|teamsize|p2|6\n|gen|9\n|tier|[Gen 9] VGC 2023 Regulation E\n|rated|\n|rule|Species Clause: Limit one of each Pok\u00e9mon\n|rule|Item Clause: Limit one of each item\n|clearpoke\n|poke|p1|Tornadus, L50, M|\n|poke|p1|Arcanine-Hisui, L50, F|\n|poke|p1|Iron Hands, L50|\n|poke|p1|Amoonguss, L50, M|\n|poke|p1|Urshifu-*, L50, F|\n|poke|p1|Ogerpon-Wellspring, L50, F|\n|poke|p2|Heatran, L50, F|\n|poke|p2|Rillaboom, L50, F|\n|poke|p2|Urshifu-*, L50, M|\n|poke|p2|Tornadus, L50, M|\n|poke|p2|Flutter Mane, L50|\n|poke|p2|Chien-Pao, L50|\n|teampreview|4\n|inactive|Battle timer is ON: inactive players will automatically lose when time's up. (requested by RIKASLOVER)\n|\n|t:|1700725999\n|start\n|switch|p1a: Arcanine|Arcanine-Hisui, L50, F|100\/100\n|switch|p1b: Iron Hands|Iron Hands, L50|100\/100\n|switch|p2a: Rillaboom|Rillaboom, L50, F|100\/100\n|switch|p2b: Chien-Pao|Chien-Pao, L50|100\/100\n|-ability|p2b: Chien-Pao|Sword of Ruin\n|-ability|p1a: Arcanine|Intimidate|boost\n|-unboost|p2a: Rillaboom|atk|1\n|-unboost|p2b: Chien-Pao|atk|1\n|-fieldstart|move: Grassy Terrain|[from] ability: Grassy Surge|[of] p2a: Rillaboom\n|turn|1\n|\n|t:|1700726019\n|switch|p1a: Amoonguss|Amoonguss, L50, M|100\/100\n|move|p2a: Rillaboom|Fake Out|p1b: Iron Hands\n|-damage|p1b: Iron Hands|93\/100\n|cant|p1b: Iron Hands|flinch\n|move|p2b: Chien-Pao|Sacred Sword|p1a: Amoonguss\n|-resisted|p1a: Amoonguss\n|-damage|p1a: Amoonguss|90\/100\n|\n|-heal|p1b: Iron Hands|99\/100|[from] Grassy Terrain\n|-heal|p1a: Amoonguss|96\/100|[from] Grassy Terrain\n|upkeep\n|turn|2\n|\n|t:|1700726042\n|switch|p1a: Arcanine|Arcanine-Hisui, L50, F|100\/100\n|-ability|p1a: Arcanine|Intimidate|boost\n|-unboost|p2a: Rillaboom|atk|1\n|-unboost|p2b: Chien-Pao|atk|1\n|-terastallize|p2b: Chien-Pao|Ghost\n|move|p2b: Chien-Pao|Ice Spinner|p1a: Arcanine\n|-resisted|p1a: Arcanine\n|-damage|p1a: Arcanine|85\/100\n|-fieldend|move: Grassy Terrain\n|move|p2a: Rillaboom|U-turn|p1a: Arcanine\n|-resisted|p1a: Arcanine\n|-damage|p1a: Arcanine|75\/100\n|\n|t:|1700726058\n|switch|p2a: Heatran|Heatran, L50, F|100\/100|[from] U-turn\n|move|p1b: Iron Hands|Drain Punch|p2b: Chien-Pao\n|-immune|p2b: Chien-Pao\n|\n|upkeep\n|turn|3\n|\n|t:|1700726075\n|switch|p2b: Rillaboom|Rillaboom, L50, F|100\/100\n|-fieldstart|move: Grassy Terrain|[from] ability: Grassy Surge|[of] p2b: Rillaboom\n|move|p1a: Arcanine|Flare Blitz|p2b: Rillaboom\n|-supereffective|p2b: Rillaboom\n|-crit|p2b: Rillaboom\n|-damage|p2b: Rillaboom|0 fnt\n|faint|p2b: Rillaboom\n|-damage|p1a: Arcanine|38\/100|[from] Recoil\n|move|p2a: Heatran|Earth Power|p1a: Arcanine\n|-supereffective|p1a: Arcanine\n|-damage|p1a: Arcanine|0 fnt\n|faint|p1a: Arcanine\n|move|p1b: Iron Hands|Drain Punch|p2a: Heatran\n|-supereffective|p2a: Heatran\n|-damage|p2a: Heatran|21\/100\n|-heal|p1b: Iron Hands|100\/100|[from] drain|[of] p2a: Heatran\n|\n|-heal|p2a: Heatran|27\/100|[from] Grassy Terrain\n|upkeep\n|\n|t:|1700726096\n|switch|p1a: Amoonguss|Amoonguss, L50, M|100\/100\n|switch|p2b: Flutter Mane|Flutter Mane, L50|100\/100\n|-enditem|p2b: Flutter Mane|Booster Energy\n|-activate|p2b: Flutter Mane|ability: Protosynthesis|[fromitem]\n|-start|p2b: Flutter Mane|protosynthesisspa\n|turn|4\n|j| farfocel\n|\n|t:|1700726118\n|-terastallize|p1a: Amoonguss|Water\n|move|p2b: Flutter Mane|Dazzling Gleam|p1b: Iron Hands|[spread] p1a,p1b\n|-supereffective|p1b: Iron Hands\n|-damage|p1a: Amoonguss|59\/100\n|-damage|p1b: Iron Hands|52\/100\n|move|p2a: Heatran|Earth Power|p1b: Iron Hands\n|-supereffective|p1b: Iron Hands\n|-damage|p1b: Iron Hands|15\/100\n|move|p1b: Iron Hands|Drain Punch|p2a: Heatran\n|-supereffective|p2a: Heatran\n|-damage|p2a: Heatran|0 fnt\n|-heal|p1b: Iron Hands|25\/100|[from] drain|[of] p2a: Heatran\n|faint|p2a: Heatran\n|move|p1a: Amoonguss|Spore|p2b: Flutter Mane\n|-status|p2b: Flutter Mane|slp|[from] move: Spore\n|\n|-heal|p1b: Iron Hands|31\/100|[from] Grassy Terrain\n|-heal|p1a: Amoonguss|65\/100|[from] Grassy Terrain\n|upkeep\n|l| farfocel\n|\n|t:|1700726138\n|switch|p2a: Chien-Pao|Chien-Pao, L50, tera:Ghost|100\/100\n|-ability|p2a: Chien-Pao|Sword of Ruin\n|turn|5\n|\n|t:|1700726148\n|-end|p1b: Iron Hands|Quark Drive|[silent]\n|switch|p1b: Urshifu|Urshifu, L50, F|100\/100\n|move|p2a: Chien-Pao|Sacred Sword|p1b: Urshifu\n|-supereffective|p1b: Urshifu\n|-damage|p1b: Urshifu|13\/100\n|cant|p2b: Flutter Mane|slp\n|move|p1a: Amoonguss|Spore|p2a: Chien-Pao\n|-status|p2a: Chien-Pao|slp|[from] move: Spore\n|\n|-heal|p1b: Urshifu|19\/100|[from] Grassy Terrain\n|-heal|p1a: Amoonguss|71\/100|[from] Grassy Terrain\n|upkeep\n|turn|6\n|\n|t:|1700726165\n|move|p1a: Amoonguss|Rage Powder|p1a: Amoonguss\n|-singleturn|p1a: Amoonguss|move: Rage Powder\n|cant|p2b: Flutter Mane|slp\n|cant|p2a: Chien-Pao|slp\n|move|p1b: Urshifu|Wicked Blow|p2b: Flutter Mane\n|-crit|p2b: Flutter Mane\n|-damage|p2b: Flutter Mane|0 fnt\n|faint|p2b: Flutter Mane\n|-end|p2b: Flutter Mane|Protosynthesis|[silent]\n|\n|-heal|p1b: Urshifu|25\/100|[from] Grassy Terrain\n|-heal|p1a: Amoonguss|77\/100|[from] Grassy Terrain\n|upkeep\n|turn|7\n|\n|t:|1700726180\n|move|p1a: Amoonguss|Rage Powder|p1a: Amoonguss\n|-singleturn|p1a: Amoonguss|move: Rage Powder\n|cant|p2a: Chien-Pao|slp\n|move|p1b: Urshifu|Wicked Blow|p2a: Chien-Pao\n|-supereffective|p2a: Chien-Pao\n|-crit|p2a: Chien-Pao\n|-enditem|p2a: Chien-Pao|Focus Sash\n|-damage|p2a: Chien-Pao|1\/100 slp\n|\n|-heal|p2a: Chien-Pao|7\/100 slp|[from] Grassy Terrain\n|-heal|p1b: Urshifu|32\/100|[from] Grassy Terrain\n|-heal|p1a: Amoonguss|83\/100|[from] Grassy Terrain\n|-fieldend|move: Grassy Terrain\n|upkeep\n|turn|8\n|\n|t:|1700726195\n|move|p1b: Urshifu|Detect|p1b: Urshifu\n|-singleturn|p1b: Urshifu|Protect\n|-curestatus|p2a: Chien-Pao|slp|[msg]\n|move|p2a: Chien-Pao|Sacred Sword|p1b: Urshifu\n|-activate|p1b: Urshifu|move: Protect\n|move|p1a: Amoonguss|Pollen Puff|p2a: Chien-Pao\n|-resisted|p2a: Chien-Pao\n|-damage|p2a: Chien-Pao|0 fnt\n|faint|p2a: Chien-Pao\n|\n|win|RIKASLOVER\n|raw|RIKASLOVER's rating: 1306 &rarr; <strong>1328<\/strong><br \/>(+22 for winning)\n|raw|Glasseseagle's rating: 1341 &rarr; <strong>1319<\/strong><br \/>(-22 for losing)\n|l|\u2606Glasseseagle\n","uploadtime":1700726209,"views":2,"p1id":"rikaslover","p2id":"glasseseagle","formatid":"gen9vgc2023regulatione","rating":1319,"private":0,"password":""}