{"id":"gen9vgc2023regulatione-1996151133","p1":"fragment008","p2":"AswangVGC","format":"[Gen 9] VGC 2023 Regulation E","log":"|j|\u2606fragment008\n|j|\u2606AswangVGC\n|n|\u2606fragment008|fragment008\n|n|\u2606AswangVGC|aswangvgc\n|html|View the match progress at <a href=\"\/game-bestof3-gen9vgc2023regulatione-1996151132\">game-bestof3-gen9vgc2023regulatione-1996151132<\/a>\n|t:|1700651784\n|gametype|doubles\n|player|p1|fragment008|266|\n|player|p2|AswangVGC|102|\n|teamsize|p1|6\n|teamsize|p2|6\n|gen|9\n|tier|[Gen 9] VGC 2023 Regulation E\n|rule|Species Clause: Limit one of each Pok\u00e9mon\n|rule|Item Clause: Limit one of each item\n|clearpoke\n|poke|p1|Ogerpon-Wellspring, L50, F|\n|poke|p1|Regieleki, L50|\n|poke|p1|Indeedee-F, L50, F|\n|poke|p1|Tornadus, L50, M|\n|poke|p1|Chi-Yu, L50|\n|poke|p1|Flutter Mane, L50|\n|poke|p2|Dusclops, L50, F|\n|poke|p2|Ursaluna-Bloodmoon, L50, M|\n|poke|p2|Iron Hands, L50|\n|poke|p2|Ogerpon-Wellspring, L50, F|\n|poke|p2|Chi-Yu, L50|\n|poke|p2|Flutter Mane, L50|\n|teampreview|4\nAswangVGC has agreed to open team sheets.\nfragment008 has agreed to open team sheets.\n|showteam|p1|Ogerpon-Wellspring||WellspringMask|WaterAbsorb|IvyCudgel,HornLeech,SwordsDance,SpikyShield|||F|||50|,,,,,Water]Regieleki||Magnet|Transistor|Thunderbolt,Electroweb,TeraBlast,Protect||||||50|,,,,,Ice]Indeedee-F||PsychicSeed|PsychicSurge|Psychic,FollowMe,HelpingHand,Protect|||F|||50|,,,,,Dragon]Tornadus||SafetyGoggles|Prankster|Tailwind,BleakwindStorm,RainDance,Protect|||M|||50|,,,,,Dark]Chi-Yu||LifeOrb|BeadsofRuin|HeatWave,Overheat,Snarl,Protect||||||50|,,,,,Fire]Flutter Mane||FocusSash|Protosynthesis|Moonblast,ShadowBall,DazzlingGleam,Protect||||||50|,,,,,Fairy\n|showteam|p2|Dusclops||Eviolite|Pressure|BrickBreak,TrickRoom,WillOWisp,PainSplit|||F|||50|,,,,,Dark]Ursaluna-Bloodmoon||WeaknessPolicy|MindsEye|HyperVoice,BloodMoon,EarthPower,Protect|||M|||50|,,,,,Normal]Iron Hands||AssaultVest|QuarkDrive|DrainPunch,WildCharge,FakeOut,HeavySlam||||||50|,,,,,Fire]Ogerpon-Wellspring||WellspringMask|WaterAbsorb|FollowMe,IvyCudgel,HornLeech,SpikyShield|||F|||50|,,,,,Water]Chi-Yu||ChoiceSpecs|BeadsofRuin|HeatWave,DarkPulse,Snarl,Psychic||||||50|,,,,,Ghost]Flutter Mane||BoosterEnergy|Protosynthesis|ShadowBall,DazzlingGleam,IcyWind,Protect||||||50|,,,,,Fairy\n|\n|t:|1700651845\n|start\n|switch|p1a: Chi-Yu|Chi-Yu, L50|100\/100\n|switch|p1b: Flutter Mane|Flutter Mane, L50|100\/100\n|switch|p2a: Chi-Yu|Chi-Yu, L50|100\/100\n|switch|p2b: Flutter Mane|Flutter Mane, L50|100\/100\n|-ability|p2a: Chi-Yu|Beads of Ruin\n|-ability|p1a: Chi-Yu|Beads of Ruin\n|-enditem|p2b: Flutter Mane|Booster Energy\n|-activate|p2b: Flutter Mane|ability: Protosynthesis|[fromitem]\n|-start|p2b: Flutter Mane|protosynthesisspe\n|turn|1\n|\n|t:|1700651908\n|-terastallize|p2b: Flutter Mane|Fairy\n|-terastallize|p1b: Flutter Mane|Fairy\n|move|p2b: Flutter Mane|Dazzling Gleam|p1b: Flutter Mane|[spread] p1a,p1b\n|-damage|p1a: Chi-Yu|59\/100\n|-damage|p1b: Flutter Mane|50\/100\n|move|p1b: Flutter Mane|Dazzling Gleam|p2b: Flutter Mane|[spread] p2a,p2b\n|-damage|p2a: Chi-Yu|56\/100\n|-damage|p2b: Flutter Mane|50\/100\n|move|p2a: Chi-Yu|Dark Pulse|p1b: Flutter Mane\n|-resisted|p1b: Flutter Mane\n|-damage|p1b: Flutter Mane|7\/100\n|move|p1a: Chi-Yu|Snarl|p2a: Chi-Yu|[spread] p2a,p2b\n|-resisted|p2a: Chi-Yu\n|-resisted|p2b: Flutter Mane\n|-damage|p2a: Chi-Yu|41\/100\n|-damage|p2b: Flutter Mane|31\/100\n|-unboost|p2a: Chi-Yu|spa|1\n|-unboost|p2b: Flutter Mane|spa|1\n|-damage|p1a: Chi-Yu|49\/100|[from] item: Life Orb\n|\n|upkeep\n|turn|2\n|\n|t:|1700651941\n|move|p1b: Flutter Mane|Protect|p1b: Flutter Mane\n|-singleturn|p1b: Flutter Mane|Protect\n|move|p2b: Flutter Mane|Dazzling Gleam|p1b: Flutter Mane|[spread] p1a\n|-activate|p1b: Flutter Mane|move: Protect\n|-damage|p1a: Chi-Yu|19\/100\n|move|p2a: Chi-Yu|Dark Pulse|p1b: Flutter Mane\n|-activate|p1b: Flutter Mane|move: Protect\n|move|p1a: Chi-Yu|Heat Wave|p2b: Flutter Mane|[spread] p2a,p2b\n|-resisted|p2a: Chi-Yu\n|-damage|p2a: Chi-Yu|12\/100\n|-damage|p2b: Flutter Mane|0 fnt\n|faint|p2b: Flutter Mane\n|-end|p2b: Flutter Mane|Protosynthesis|[silent]\n|-damage|p1a: Chi-Yu|10\/100|[from] item: Life Orb\n|\n|upkeep\n|\n|t:|1700651952\n|switch|p2b: Iron Hands|Iron Hands, L50|100\/100\n|turn|3\n|\n|t:|1700651990\n|-end|p1b: Flutter Mane|Protosynthesis|[silent]\n|switch|p1b: Regieleki|Regieleki, L50|100\/100\n|move|p1a: Chi-Yu|Protect|p1a: Chi-Yu\n|-singleturn|p1a: Chi-Yu|Protect\n|move|p2b: Iron Hands|Fake Out|p1b: Regieleki\n|-damage|p1b: Regieleki|73\/100\n|move|p2a: Chi-Yu|Dark Pulse|p1b: Regieleki\n|-damage|p1b: Regieleki|0 fnt\n|faint|p1b: Regieleki\n|\n|upkeep\n|\n|t:|1700652000\n|switch|p1b: Flutter Mane|Flutter Mane, L50, tera:Fairy|7\/100\n|turn|4\n|\n|t:|1700652009\n|move|p1b: Flutter Mane|Dazzling Gleam|p2b: Iron Hands|[spread] p2a,p2b\n|-crit|p2a: Chi-Yu\n|-supereffective|p2b: Iron Hands\n|-damage|p2a: Chi-Yu|0 fnt\n|-damage|p2b: Iron Hands|38\/100\n|faint|p2a: Chi-Yu\n|move|p1a: Chi-Yu|Overheat|p2b: Iron Hands\n|-damage|p2b: Iron Hands|0 fnt\n|-unboost|p1a: Chi-Yu|spa|2\n|faint|p2b: Iron Hands\n|-end|p2b: Iron Hands|Quark Drive|[silent]\n|-damage|p1a: Chi-Yu|0 fnt|[from] item: Life Orb\n|faint|p1a: Chi-Yu\n|\n|upkeep\n|\n|t:|1700652020\n|switch|p1a: Ogerpon|Ogerpon-Wellspring, L50, F|100\/100\n|switch|p2b: Ogerpon|Ogerpon-Wellspring, L50, F|100\/100\n|turn|5\n|\n|t:|1700652027\n|move|p1b: Flutter Mane|Protect|p1b: Flutter Mane\n|-singleturn|p1b: Flutter Mane|Protect\n|move|p1a: Ogerpon|Swords Dance|p1a: Ogerpon\n|-boost|p1a: Ogerpon|atk|2\n|move|p2b: Ogerpon|Horn Leech|p1a: Ogerpon\n|-damage|p1a: Ogerpon|50\/100\n|\n|upkeep\n|turn|6\n|\n|t:|1700652040\n|move|p2b: Ogerpon|Spiky Shield|p2b: Ogerpon\n|-singleturn|p2b: Ogerpon|move: Protect\n|move|p1b: Flutter Mane|Moonblast|p2b: Ogerpon\n|-activate|p2b: Ogerpon|move: Protect\n|move|p1a: Ogerpon|Horn Leech|p2b: Ogerpon\n|-activate|p2b: Ogerpon|move: Protect\n|-damage|p1a: Ogerpon|38\/100|[from] Spiky Shield|[of] p2b: Ogerpon\n|\n|upkeep\n|turn|7\n|\n|t:|1700652053\n|move|p1b: Flutter Mane|Moonblast|p2b: Ogerpon\n|-damage|p2b: Ogerpon|38\/100\n|move|p1a: Ogerpon|Horn Leech|p2b: Ogerpon\n|-damage|p2b: Ogerpon|0 fnt\n|-heal|p1a: Ogerpon|58\/100|[from] drain|[of] p2b: Ogerpon\n|faint|p2b: Ogerpon\n|\n|win|fragment008\n","uploadtime":1700652059,"views":1,"p1id":"fragment008","p2id":"aswangvgc","formatid":"gen9vgc2023regulatione","rating":0,"private":0,"password":""}