{"id":"gen9vgc2023regulatione-1989288029","p1":"5wamp","p2":"zee loves vgc","format":"[Gen 9] VGC 2023 Regulation E","log":"|j|\u26065wamp\n|j|\u203dzee loves vgc\n|n|\u26065wamp|5wamp\n|n|\u203dzee loves vgc|zeelovesvgc\n|html|View the match progress at <a href=\"\/game-bestof3-gen9vgc2023regulatione-1989284490\">game-bestof3-gen9vgc2023regulatione-1989284490<\/a>\n|t:|1699832216\n|gametype|doubles\n|player|p1|5wamp|carmine-festival|\n|player|p2|zee loves vgc|265|\n|teamsize|p1|6\n|teamsize|p2|6\n|gen|9\n|tier|[Gen 9] VGC 2023 Regulation E\n|rated|Tournament battle\n|rule|Species Clause: Limit one of each Pok\u00e9mon\n|rule|Item Clause: Limit one of each item\n|clearpoke\n|poke|p1|Dondozo, L50, M|\n|poke|p1|Tatsugiri, L50, F|\n|poke|p1|Rillaboom, L50, F|\n|poke|p1|Volcarona, L50, F|\n|poke|p1|Kingambit, L50, M|\n|poke|p1|Clefairy, L50, F|\n|poke|p2|Chien-Pao, L50|\n|poke|p2|Rillaboom, L50, F|\n|poke|p2|Arcanine-Hisui, L50, M|\n|poke|p2|Urshifu-*, L50, M|\n|poke|p2|Tornadus, L50, M|\n|poke|p2|Flutter Mane, L50|\n|teampreview|4\n|showteam|p1|Dondozo||Leftovers|Unaware|OrderUp,Earthquake,WaveCrash,Protect|||M|||50|,,,,,Grass]Tatsugiri||ChoiceScarf|Commander|DracoMeteor,MuddyWater,IcyWind,TeraBlast|||F|||50|,,,,,Steel]Rillaboom||AssaultVest|GrassySurge|WoodHammer,GrassyGlide,Uturn,FakeOut|||F|||50|,,,,,Fire]Volcarona||SitrusBerry|FlameBody|Protect,HeatWave,TeraBlast,QuiverDance|||F|||50|,,,,,Ground]Kingambit||BlackGlasses|Defiant|Protect,KowtowCleave,SuckerPunch,SwordsDance|||M|||50|,,,,,Dark]Clefairy||Eviolite|FriendGuard|Protect,HelpingHand,FollowMe,HealPulse|||F|||50|,,,,,Grass\n|showteam|p2|Chien-Pao||FocusSash|SwordofRuin|SuckerPunch,IcicleCrash,SacredSword,Protect||||||50|,,,,,Ghost]Rillaboom||AssaultVest|GrassySurge|WoodHammer,GrassyGlide,FakeOut,Uturn|||F|||50|,,,,,Fire]Arcanine-Hisui||ChoiceBand|Intimidate|FlareBlitz,HeadSmash,RockSlide,ExtremeSpeed|||M|||50|,,,,,Normal]Urshifu-Rapid-Strike||MysticWater|UnseenFist|SurgingStrikes,AquaJet,CloseCombat,Protect|||M|||50|,,,,,Water]Tornadus||RockyHelmet|Prankster|BleakwindStorm,Taunt,Tailwind,RainDance|||M|||50|,,,,,Ghost]Flutter Mane||BoosterEnergy|Protosynthesis|ShadowBall,Moonblast,DazzlingGleam,Protect||||||50|,,,,,Fairy\n|c|\u26065wamp|glhf\n|j| Aylona\n|\n|t:|1699832252\n|start\n|switch|p1a: Rillaboom|Rillaboom, L50, F|100\/100\n|switch|p1b: Clefairy|Clefairy, L50, F|100\/100\n|switch|p2a: Urshifu|Urshifu-Rapid-Strike, L50, M|100\/100\n|switch|p2b: Chien-Pao|Chien-Pao, L50|100\/100\n|-ability|p2b: Chien-Pao|Sword of Ruin\n|-fieldstart|move: Grassy Terrain|[from] ability: Grassy Surge|[of] p1a: Rillaboom\n|turn|1\n|inactive|Battle timer is ON: inactive players will automatically lose when time's up. (requested by 5wamp)\n|j|%Radio Free C-Side\n|\n|t:|1699832269\n|switch|p2a: Arcanine|Arcanine-Hisui, L50, M|100\/100\n|-ability|p2a: Arcanine|Intimidate|boost\n|-unboost|p1a: Rillaboom|atk|1\n|-unboost|p1b: Clefairy|atk|1\n|-terastallize|p1a: Rillaboom|Fire\n|move|p1b: Clefairy|Helping Hand|p1a: Rillaboom\n|-singleturn|p1a: Rillaboom|Helping Hand|[of] p1b: Clefairy\n|move|p1a: Rillaboom|Grassy Glide|p2a: Arcanine\n|-damage|p2a: Arcanine|44\/100\n|move|p2b: Chien-Pao|Icicle Crash|p1a: Rillaboom|[miss]\n|-miss|p2b: Chien-Pao|p1a: Rillaboom\n|\n|-heal|p2a: Arcanine|50\/100|[from] Grassy Terrain\n|upkeep\n|turn|2\n|\n|t:|1699832294\n|switch|p2a: Rillaboom|Rillaboom, L50, F|100\/100\n|switch|p1a: Santino|Dondozo, L50, M|100\/100\n|switch|p1b: Tatsugiri|Tatsugiri, L50, F|100\/100\n|-activate|p1b: Tatsugiri|ability: Commander|[of] p1a: Santino\n|-boost|p1a: Santino|atk|2\n|-boost|p1a: Santino|spa|2\n|-boost|p1a: Santino|spe|2\n|-boost|p1a: Santino|def|2\n|-boost|p1a: Santino|spd|2\n|move|p2b: Chien-Pao|Icicle Crash|p1b: Tatsugiri|[miss]\n|-miss|p2b: Chien-Pao|p1b: Tatsugiri\n|\n|upkeep\n|turn|3\n|\n|t:|1699832309\n|move|p1a: Santino|Protect|p1a: Santino\n|-singleturn|p1a: Santino|Protect\n|move|p2b: Chien-Pao|Icicle Crash|p1a: Santino\n|-activate|p1a: Santino|move: Protect\n|move|p2a: Rillaboom|Wood Hammer|p1a: Santino\n|-activate|p1a: Santino|move: Protect\n|\n|upkeep\n|turn|4\n|\n|t:|1699832320\n|move|p2b: Chien-Pao|Icicle Crash|p1a: Santino\n|-resisted|p1a: Santino\n|-damage|p1a: Santino|90\/100\n|move|p1a: Santino|Order Up|p2a: Rillaboom\n|-damage|p2a: Rillaboom|42\/100\n|-boost|p1a: Santino|atk|1\n|move|p2a: Rillaboom|Wood Hammer|p1a: Santino\n|-supereffective|p1a: Santino\n|-damage|p1a: Santino|17\/100\n|-damage|p2a: Rillaboom|12\/100|[from] Recoil\n|\n|-heal|p1a: Santino|23\/100|[from] Grassy Terrain\n|-heal|p1a: Santino|30\/100|[from] item: Leftovers\n|-heal|p2a: Rillaboom|17\/100|[from] Grassy Terrain\n|upkeep\n|turn|5\n|\n|t:|1699832333\n|move|p1a: Santino|Protect|p1a: Santino\n|-singleturn|p1a: Santino|Protect\n|move|p2a: Rillaboom|Grassy Glide|p1a: Santino\n|-activate|p1a: Santino|move: Protect\n|move|p2b: Chien-Pao|Sacred Sword|p1a: Santino\n|-activate|p1a: Santino|move: Protect\n|\n|-heal|p1a: Santino|36\/100|[from] Grassy Terrain\n|-heal|p1a: Santino|42\/100|[from] item: Leftovers\n|-heal|p2a: Rillaboom|23\/100|[from] Grassy Terrain\n|-fieldend|move: Grassy Terrain\n|upkeep\n|turn|6\n|\n|t:|1699832350\n|switch|p2a: Urshifu|Urshifu-Rapid-Strike, L50, M|100\/100\n|move|p2b: Chien-Pao|Sacred Sword|p1a: Santino\n|-damage|p1a: Santino|12\/100\n|move|p1a: Santino|Earthquake|p2a: Urshifu|[spread] p2a,p2b\n|-miss|p1a: Santino|p1b: Tatsugiri\n|-damage|p2a: Urshifu|27\/100\n|-damage|p2b: Chien-Pao|29\/100\n|\n|-heal|p1a: Santino|18\/100|[from] item: Leftovers\n|upkeep\n|turn|7\n|j| downfall18\n|c| downfall18|i was gonna say go swamp\n|c| downfall18|but he playin dozo\n|\n|t:|1699832368\n|move|p1a: Santino|Protect|p1a: Santino\n|-singleturn|p1a: Santino|Protect\n|move|p2b: Chien-Pao|Sacred Sword|p1a: Santino\n|-activate|p1a: Santino|move: Protect\n|move|p2a: Urshifu|Close Combat|p1a: Santino\n|-damage|p1a: Santino|0 fnt\n|-unboost|p2a: Urshifu|def|1\n|-unboost|p2a: Urshifu|spd|1\n|faint|p1a: Santino\n|\n|upkeep\n|c|\u26065wamp|crazy\n|c| downfall18|volc is cool tho\n|c| downfall18|so go swamp\n|\n|t:|1699832379\n|switch|p1a: Rillaboom|Rillaboom, L50, F, tera:Fire|100\/100\n|-fieldstart|move: Grassy Terrain|[from] ability: Grassy Surge|[of] p1a: Rillaboom\n|turn|8\n|inactive|5wamp has 30 seconds left.\n|inactive|zee loves vgc has 30 seconds left.\n|\n|t:|1699832406\n|switch|p2a: Rillaboom|Rillaboom, L50, F|23\/100\n|move|p2b: Chien-Pao|Sucker Punch|p1b: Tatsugiri\n|-damage|p1b: Tatsugiri|0 fnt\n|faint|p1b: Tatsugiri\n|move|p1a: Rillaboom|Grassy Glide|p2a: Rillaboom\n|-resisted|p2a: Rillaboom\n|-crit|p2a: Rillaboom\n|-damage|p2a: Rillaboom|0 fnt\n|faint|p2a: Rillaboom\n|\n|-heal|p2b: Chien-Pao|34\/100|[from] Grassy Terrain\n|upkeep\n|\n|t:|1699832414\n|switch|p1b: Clefairy|Clefairy, L50, F|100\/100\n|switch|p2a: Arcanine|Arcanine-Hisui, L50, M|50\/100\n|-ability|p2a: Arcanine|Intimidate|boost\n|-unboost|p1a: Rillaboom|atk|1\n|-unboost|p1b: Clefairy|atk|1\n|turn|9\n|\n|t:|1699832431\n|switch|p2a: Urshifu|Urshifu-Rapid-Strike, L50, M|27\/100\n|move|p1b: Clefairy|Follow Me|p1b: Clefairy\n|-singleturn|p1b: Clefairy|move: Follow Me\n|move|p2b: Chien-Pao|Icicle Crash|p1b: Clefairy\n|-damage|p1b: Clefairy|51\/100\n|move|p1a: Rillaboom|Wood Hammer|p2a: Urshifu\n|-supereffective|p2a: Urshifu\n|-damage|p2a: Urshifu|0 fnt\n|faint|p2a: Urshifu\n|-damage|p1a: Rillaboom|93\/100|[from] Recoil\n|\n|-heal|p2b: Chien-Pao|40\/100|[from] Grassy Terrain\n|-heal|p1a: Rillaboom|99\/100|[from] Grassy Terrain\n|-heal|p1b: Clefairy|58\/100|[from] Grassy Terrain\n|upkeep\n|\n|t:|1699832439\n|switch|p2a: Arcanine|Arcanine-Hisui, L50, M|50\/100\n|-ability|p2a: Arcanine|Intimidate|boost\n|-unboost|p1a: Rillaboom|atk|1\n|-unboost|p1b: Clefairy|atk|1\n|turn|10\n|inactive|5wamp has 30 seconds left.\n|inactive|5wamp has 20 seconds left.\n|inactive|5wamp has 15 seconds left.\n|\n|t:|1699832481\n|move|p1b: Clefairy|Helping Hand|p1a: Rillaboom\n|-singleturn|p1a: Rillaboom|Helping Hand|[of] p1b: Clefairy\n|move|p2b: Chien-Pao|Protect|p2b: Chien-Pao\n|-singleturn|p2b: Chien-Pao|Protect\n|move|p2a: Arcanine|Rock Slide|p1a: Rillaboom|[spread] p1a,p1b\n|-supereffective|p1a: Rillaboom\n|-damage|p1a: Rillaboom|21\/100\n|-damage|p1b: Clefairy|13\/100\n|move|p1a: Rillaboom|Wood Hammer|p2a: Arcanine\n|-damage|p2a: Arcanine|0 fnt\n|faint|p2a: Arcanine\n|-damage|p1a: Rillaboom|7\/100|[from] Recoil\n|\n|-heal|p2b: Chien-Pao|46\/100|[from] Grassy Terrain\n|-heal|p1a: Rillaboom|13\/100|[from] Grassy Terrain\n|-heal|p1b: Clefairy|19\/100|[from] Grassy Terrain\n|upkeep\n|turn|11\n|inactive|zee loves vgc has 30 seconds left.\n|\n|t:|1699832511\n|move|p1b: Clefairy|Follow Me|p1b: Clefairy\n|-singleturn|p1b: Clefairy|move: Follow Me\n|move|p2b: Chien-Pao|Icicle Crash|p1b: Clefairy\n|-damage|p1b: Clefairy|0 fnt\n|faint|p1b: Clefairy\n|move|p1a: Rillaboom|Wood Hammer|p2b: Chien-Pao\n|-crit|p2b: Chien-Pao\n|-damage|p2b: Chien-Pao|0 fnt\n|faint|p2b: Chien-Pao\n|-damage|p1a: Rillaboom|1\/100|[from] Recoil\n|\n|win|5wamp\n|c|\u26065wamp|gg\n|l|\u203dzee loves vgc\n|l| Radio Free C-Side\n","uploadtime":1699832553,"views":24,"p1id":"5wamp","p2id":"zeelovesvgc","formatid":"gen9vgc2023regulatione","rating":0,"private":0,"password":""}