{"id":"gen9vgc2023regulatione-1993192383","p1":"aweiydx","p2":"Deli(VeryReal)","format":"[Gen 9] VGC 2023 Regulation E","log":"|j|\u2606aweiydx\n|j|\u2606Deli(VeryReal)\n|t:|1700276152\n|gametype|doubles\n|player|p1|aweiydx|furisodegirl-black|1224\n|player|p2|Deli(VeryReal)|hilbert|1266\n|teamsize|p1|6\n|teamsize|p2|6\n|gen|9\n|tier|[Gen 9] VGC 2023 Regulation E\n|rated|\n|rule|Species Clause: Limit one of each Pok\u00e9mon\n|rule|Item Clause: Limit one of each item\n|clearpoke\n|poke|p1|Abomasnow, L50, F|\n|poke|p1|Iron Hands, L50|\n|poke|p1|Heatran, L50, M|\n|poke|p1|Avalugg-Hisui, L50, F|\n|poke|p1|Armarouge, L50, F|\n|poke|p1|Indeedee-F, L50, F|\n|poke|p2|Baxcalibur, L50, M|\n|poke|p2|Indeedee-F, L50, F|\n|poke|p2|Chi-Yu, L50|\n|poke|p2|Urshifu-*, L50, F|\n|poke|p2|Heatran, L50, F|\n|poke|p2|Sneasler, L50, F|\n|teampreview|4\n|inactive|Battle timer is ON: inactive players will automatically lose when time's up. (requested by Deli(VeryReal))\n|c|\u2606Deli(VeryReal)|Muy interasante\n|\n|t:|1700276178\n|start\n|switch|p1a: Iron Hands|Iron Hands, L50|100\/100\n|switch|p1b: Heatran|Heatran, L50, M|100\/100\n|switch|p2a: Sneasler|Sneasler, L50, F|100\/100\n|switch|p2b: Indeedee|Indeedee-F, L50, F|100\/100\n|-fieldstart|move: Psychic Terrain|[from] ability: Psychic Surge|[of] p2b: Indeedee\n|-enditem|p2a: Sneasler|Psychic Seed\n|-boost|p2a: Sneasler|spd|1|[from] item: Psychic Seed\n|turn|1\n|inactive|aweiydx has 30 seconds left.\n|inactive|aweiydx has 20 seconds left.\n|inactive|aweiydx has 15 seconds left.\n|\n|t:|1700276222\n|move|p2a: Sneasler|Protect|p2a: Sneasler\n|-singleturn|p2a: Sneasler|Protect\n|move|p1b: Heatran|Earth Power|p2a: Sneasler\n|-activate|p2a: Sneasler|move: Protect\n|move|p2b: Indeedee|Psychic|p1a: Iron Hands\n|-supereffective|p1a: Iron Hands\n|-damage|p1a: Iron Hands|55\/100\n|move|p1a: Iron Hands|Wild Charge|p2a: Sneasler\n|-activate|p2a: Sneasler|move: Protect\n|\n|upkeep\n|turn|2\n|inactive|aweiydx has 30 seconds left.\n|\n|t:|1700276252\n|-terastallize|p1b: Heatran|Grass\n|move|p2b: Indeedee|Helping Hand|p2a: Sneasler\n|-singleturn|p2a: Sneasler|Helping Hand|[of] p2b: Indeedee\n|move|p2a: Sneasler|Close Combat|p1a: Iron Hands\n|-damage|p1a: Iron Hands|0 fnt\n|-unboost|p2a: Sneasler|def|1\n|-unboost|p2a: Sneasler|spd|1\n|faint|p1a: Iron Hands\n|-end|p1a: Iron Hands|Quark Drive|[silent]\n|move|p1b: Heatran|Earth Power|p2a: Sneasler\n|-supereffective|p2a: Sneasler\n|-damage|p2a: Sneasler|6\/100\n|\n|upkeep\n|\n|t:|1700276262\n|switch|p1a: Indeedee|Indeedee-F, L50, F, shiny|100\/100\n|-enditem|p1a: Indeedee|Psychic Seed\n|-boost|p1a: Indeedee|spd|1|[from] item: Psychic Seed\n|turn|3\n|\n|t:|1700276274\n|switch|p2a: Baxcalibur|Baxcalibur, L50, M|100\/100\n|move|p1a: Indeedee|Follow Me|p1a: Indeedee\n|-singleturn|p1a: Indeedee|move: Follow Me\n|move|p1b: Heatran|Heat Wave|p2a: Baxcalibur|[spread] p2a,p2b\n|-crit|p2b: Indeedee\n|-damage|p2a: Baxcalibur|74\/100\n|-damage|p2b: Indeedee|54\/100\n|-ability|p2a: Baxcalibur|Thermal Exchange|boost\n|-boost|p2a: Baxcalibur|atk|1\n|move|p2b: Indeedee|Psychic|p1a: Indeedee\n|-resisted|p1a: Indeedee\n|-damage|p1a: Indeedee|88\/100\n|\n|upkeep\n|turn|4\n|\n|t:|1700276298\n|-terastallize|p2a: Baxcalibur|Fire\n|move|p2b: Indeedee|Follow Me|p2b: Indeedee\n|-singleturn|p2b: Indeedee|move: Follow Me\n|move|p1a: Indeedee|Follow Me|p1a: Indeedee\n|-singleturn|p1a: Indeedee|move: Follow Me\n|move|p2a: Baxcalibur|Glaive Rush|p1a: Indeedee\n|-damage|p1a: Indeedee|0 fnt\n|-singlemove|p2a: Baxcalibur|Glaive Rush|[silent]\n|faint|p1a: Indeedee\n|move|p1b: Heatran|Flash Cannon|p2b: Indeedee\n|-damage|p2b: Indeedee|19\/100\n|-unboost|p2b: Indeedee|spd|1\n|\n|upkeep\n|\n|t:|1700276309\n|switch|p1a: Avalugg|Avalugg-Hisui, L50, F, shiny|100\/100\n|turn|5\n|\n|t:|1700276316\n|move|p2b: Indeedee|Helping Hand|p2a: Baxcalibur\n|-singleturn|p2a: Baxcalibur|Helping Hand|[of] p2b: Indeedee\n|move|p1b: Heatran|Protect|p1b: Heatran\n|-singleturn|p1b: Heatran|Protect\n|move|p2a: Baxcalibur|High Horsepower|p1a: Avalugg\n|-supereffective|p1a: Avalugg\n|-crit|p1a: Avalugg\n|-ability|p1a: Avalugg|Sturdy\n|-damage|p1a: Avalugg|1\/100\n|move|p1a: Avalugg|Rock Slide|p2b: Indeedee|[spread] p2a,p2b\n|-supereffective|p2a: Baxcalibur\n|-damage|p2a: Baxcalibur|13\/100\n|-damage|p2b: Indeedee|0 fnt\n|faint|p2b: Indeedee\n|\n|-fieldend|move: Psychic Terrain\n|upkeep\n|\n|t:|1700276326\n|switch|p2b: Sneasler|Sneasler, L50, F|6\/100\n|turn|6\n|\n|t:|1700276334\n|move|p2b: Sneasler|Acrobatics|p1a: Avalugg\n|-resisted|p1a: Avalugg\n|-damage|p1a: Avalugg|0 fnt\n|faint|p1a: Avalugg\n|move|p2a: Baxcalibur|Icicle Crash|p1b: Heatran\n|-supereffective|p1b: Heatran\n|-damage|p1b: Heatran|0 fnt\n|faint|p1b: Heatran\n|\n|win|Deli(VeryReal)\n|raw|aweiydx's rating: 1224 &rarr; <strong>1202<\/strong><br \/>(-22 for losing)\n|raw|Deli(VeryReal)'s rating: 1266 &rarr; <strong>1288<\/strong><br \/>(+22 for winning)\n|c|\u2606Deli(VeryReal)|Gg\n|l|\u2606aweiydx\n","uploadtime":1700276346,"views":20,"p1id":"aweiydx","p2id":"deliveryreal","formatid":"gen9vgc2023regulatione","rating":1202,"private":0,"password":""}