{"id":"gen9vgc2023regulatione-1994155155","p1":"giapoccho","p2":"wdytyaia","format":"[Gen 9] VGC 2023 Regulation E","log":"|j|\u2606giapoccho\n|j|\u2606wdytyaia\n|t:|1700413279\n|gametype|doubles\n|player|p1|giapoccho|102|1251\n|player|p2|wdytyaia|irida|1285\n|teamsize|p1|6\n|teamsize|p2|6\n|gen|9\n|tier|[Gen 9] VGC 2023 Regulation E\n|rated|\n|rule|Species Clause: Limit one of each Pok\u00e9mon\n|rule|Item Clause: Limit one of each item\n|clearpoke\n|poke|p1|Oranguru, L50, F|\n|poke|p1|Annihilape, L50, F|\n|poke|p1|Ursaluna-Bloodmoon, L50, M|\n|poke|p1|Torkoal, L50, M|\n|poke|p1|Flutter Mane, L50|\n|poke|p1|Glastrier, L50|\n|poke|p2|Roaring Moon, L50|\n|poke|p2|Arcanine-Hisui, L50, M|\n|poke|p2|Chien-Pao, L50|\n|poke|p2|Iron Hands, L50|\n|poke|p2|Kingambit, L50, F|\n|poke|p2|Sinistcha, L50|\n|teampreview|4\nwdytyaia has agreed to open team sheets.\n|inactive|Battle timer is ON: inactive players will automatically lose when time's up. (requested by giapoccho)\n|inactive|wdytyaia has 60 seconds left.\n|\n|t:|1700413337\n|start\n|switch|p1a: Oranguru|Oranguru, L50, F|100\/100\n|switch|p1b: Annihilape|Annihilape, L50, F|100\/100\n|switch|p2a: Kingambit|Kingambit, L50, F|100\/100\n|switch|p2b: Sinistcha|Sinistcha, L50|100\/100\n|turn|1\n|\n|t:|1700413350\n|move|p2b: Sinistcha|Rage Powder|p2b: Sinistcha\n|-singleturn|p2b: Sinistcha|move: Rage Powder\n|move|p1b: Annihilape|Final Gambit|p2b: Sinistcha\n|-immune|p2b: Sinistcha\n|move|p2a: Kingambit|Swords Dance|p2a: Kingambit\n|-boost|p2a: Kingambit|atk|2\n|move|p1a: Oranguru|Trick Room|p1a: Oranguru\n|-fieldstart|move: Trick Room|[of] p1a: Oranguru\n|\n|upkeep\n|turn|2\n|l|\u2606wdytyaia\n|inactive|wdytyaia disconnected and has a minute to reconnect!\n|player|p2|\n|j|\u2606wdytyaia\n|inactive|wdytyaia reconnected and has 40 seconds left.\n|player|p2|wdytyaia|irida\n|inactive|wdytyaia has 30 seconds left.\n|inactive|wdytyaia has 20 seconds left.\n|\n|t:|1700413386\n|switch|p2b: Iron Hands|Iron Hands, L50|100\/100\n|switch|p1b: Torkoal|Torkoal, L50, M|100\/100\n|-weather|SunnyDay|[from] ability: Drought|[of] p1b: Torkoal\n|move|p1a: Oranguru|Protect|p1a: Oranguru\n|-singleturn|p1a: Oranguru|Protect\n|move|p2a: Kingambit|Kowtow Cleave|p1b: Torkoal\n|-damage|p1b: Torkoal|0 fnt\n|faint|p1b: Torkoal\n|\n|-weather|SunnyDay|[upkeep]\n|upkeep\n|\n|t:|1700413404\n|switch|p1b: Annihilape|Annihilape, L50, F|100\/100\n|turn|3\n|\n|t:|1700413418\n|move|p1a: Oranguru|Psychic|p2b: Iron Hands\n|-supereffective|p2b: Iron Hands\n|-damage|p2b: Iron Hands|60\/100\n|move|p2a: Kingambit|Kowtow Cleave|p1b: Annihilape\n|-damage|p1b: Annihilape|0 fnt\n|faint|p1b: Annihilape\n|move|p2b: Iron Hands|Wild Charge|p1a: Oranguru\n|-damage|p1a: Oranguru|53\/100\n|-damage|p2b: Iron Hands|50\/100|[from] Recoil\n|\n|-weather|SunnyDay|[upkeep]\n|upkeep\n|\n|t:|1700413430\n|switch|p1b: Glastrier|Glastrier, L50|100\/100\n|turn|4\n|\n|t:|1700413439\n|move|p2a: Kingambit|Protect|p2a: Kingambit\n|-singleturn|p2a: Kingambit|Protect\n|move|p1b: Glastrier|Close Combat|p2a: Kingambit\n|-activate|p2a: Kingambit|move: Protect\n|move|p1a: Oranguru|Instruct|p1b: Glastrier\n|-singleturn|p1b: Glastrier|move: Instruct|[of] p1a: Oranguru\n|move|p1b: Glastrier|Close Combat|p2a: Kingambit\n|-activate|p2a: Kingambit|move: Protect\n|move|p2b: Iron Hands|Drain Punch|p1b: Glastrier\n|-supereffective|p1b: Glastrier\n|-damage|p1b: Glastrier|43\/100\n|-heal|p2b: Iron Hands|77\/100|[from] drain|[of] p1b: Glastrier\n|\n|-weather|SunnyDay|[upkeep]\n|upkeep\n|turn|5\n|l|\u2606giapoccho\n|inactive|giapoccho disconnected and has a minute to reconnect!\n|player|p1|\n|inactive|giapoccho has 30 seconds left.\n|inactive|giapoccho has 20 seconds left.\n|inactive|giapoccho has 15 seconds left.\n|inactive|giapoccho has 10 seconds left.\n|inactive|giapoccho has 5 seconds left.\n|-message|giapoccho lost due to inactivity.\n|\n|win|wdytyaia\n|raw|giapoccho's rating: 1251 &rarr; <strong>1228<\/strong><br \/>(-23 for losing)\n|raw|wdytyaia's rating: 1285 &rarr; <strong>1308<\/strong><br \/>(+23 for winning)\n","uploadtime":1700413500,"views":7,"p1id":"giapoccho","p2id":"wdytyaia","formatid":"gen9vgc2023regulatione","rating":1228,"private":0,"password":""}