{"id":"gen9vgc2023regulatione-1997766878","p1":"Stryke Out","p2":"FuratBang","format":"[Gen 9] VGC 2023 Regulation E","log":"|j|\u2606Stryke Out\n|j|\u2606FuratBang\n|n|\u2606Stryke Out|strykeout\n|n|\u2606FuratBang|furatbang\n|html|View the match progress at <a href=\"\/game-bestof3-gen9vgc2023regulatione-1997751867\">game-bestof3-gen9vgc2023regulatione-1997751867<\/a>\n|t:|1700850438\n|gametype|doubles\n|player|p1|Stryke Out|cynthia-gen4|\n|player|p2|FuratBang|n|\n|teamsize|p1|6\n|teamsize|p2|6\n|gen|9\n|tier|[Gen 9] VGC 2023 Regulation E\n|rule|Species Clause: Limit one of each Pok\u00e9mon\n|rule|Item Clause: Limit one of each item\n|clearpoke\n|poke|p1|Clefable, L50, M|\n|poke|p1|Basculegion, L50, M|\n|poke|p1|Ting-Lu, L50|\n|poke|p1|Pelipper, L50, M|\n|poke|p1|Kilowattrel, L50, F|\n|poke|p1|Copperajah, L50, M|\n|poke|p2|Ninetales-Alola, L50, F|\n|poke|p2|Milotic, L50, F|\n|poke|p2|Infernape, L50, M|\n|poke|p2|Noivern, L50, M|\n|poke|p2|Ogerpon, L50, F|\n|poke|p2|Jolteon, L50, F|\n|teampreview|4\n|j| Jstardude\n|\n|t:|1700850518\n|start\n|switch|p1a: Uravity|Clefable, L50, M, shiny|100\/100\n|switch|p1b: D\u0336u\u0336m\u0336b\u0336o\u0336 JUMBO|Copperajah, L50, M|100\/100\n|switch|p2a: Ninetales|Ninetales-Alola, L50, F|100\/100\n|switch|p2b: Jolteon|Jolteon, L50, F|100\/100\n|-weather|Snow|[from] ability: Snow Warning|[of] p2a: Ninetales\n|turn|1\n|\n|t:|1700850550\n|move|p2a: Ninetales|Protect|p2a: Ninetales\n|-singleturn|p2a: Ninetales|Protect\n|move|p2b: Jolteon|Volt Switch|p1b: D\u0336u\u0336m\u0336b\u0336o\u0336 JUMBO\n|-damage|p1b: D\u0336u\u0336m\u0336b\u0336o\u0336 JUMBO|80\/100\n|\n|t:|1700850563\n|switch|p2b: Milotic|Milotic, L50, F|100\/100|[from] Volt Switch\n|move|p1a: Uravity|Rain Dance|p1a: Uravity\n|-weather|RainDance\n|move|p1b: D\u0336u\u0336m\u0336b\u0336o\u0336 JUMBO|Heavy Slam|p2a: Ninetales\n|-activate|p2a: Ninetales|move: Protect\n|\n|-weather|RainDance|[upkeep]\n|upkeep\n|turn|2\n|\n|t:|1700850597\n|switch|p2a: Jolteon|Jolteon, L50, F|100\/100\n|move|p1a: Uravity|Follow Me|p1a: Uravity\n|-singleturn|p1a: Uravity|move: Follow Me\n|move|p2b: Milotic|Scald|p1a: Uravity\n|-damage|p1a: Uravity|47\/100\n|move|p1b: D\u0336u\u0336m\u0336b\u0336o\u0336 JUMBO|Heavy Slam|p2a: Jolteon\n|-resisted|p2a: Jolteon\n|-damage|p2a: Jolteon|40\/100\n|\n|-weather|RainDance|[upkeep]\n|upkeep\n|turn|3\n|l|\u2606FuratBang\n|player|p2|\n|l| Jstardude\n|j|\u2606FuratBang\n|player|p2|FuratBang|n\n|\n|t:|1700850649\n|switch|p1a: \u8840\u7ba1|Ting-Lu, L50|100\/100\n|-ability|p1a: \u8840\u7ba1|Vessel of Ruin\n|-terastallize|p1b: D\u0336u\u0336m\u0336b\u0336o\u0336 JUMBO|Grass\n|move|p2a: Jolteon|Protect|p2a: Jolteon\n|-singleturn|p2a: Jolteon|Protect\n|move|p2b: Milotic|Scald|p1b: D\u0336u\u0336m\u0336b\u0336o\u0336 JUMBO\n|-resisted|p1b: D\u0336u\u0336m\u0336b\u0336o\u0336 JUMBO\n|-damage|p1b: D\u0336u\u0336m\u0336b\u0336o\u0336 JUMBO|65\/100\n|move|p1b: D\u0336u\u0336m\u0336b\u0336o\u0336 JUMBO|Tera Blast|p2b: Milotic|[anim] Tera Blast Grass\n|-supereffective|p2b: Milotic\n|-damage|p2b: Milotic|16\/100\n|\n|-weather|RainDance|[upkeep]\n|-heal|p2b: Milotic|22\/100|[from] item: Leftovers\n|upkeep\n|turn|4\n|\n|t:|1700850743\n|switch|p2b: Ogerpon|Ogerpon, L50, F|100\/100\n|move|p2a: Jolteon|Volt Switch|p1b: D\u0336u\u0336m\u0336b\u0336o\u0336 JUMBO\n|-resisted|p1b: D\u0336u\u0336m\u0336b\u0336o\u0336 JUMBO\n|-damage|p1b: D\u0336u\u0336m\u0336b\u0336o\u0336 JUMBO|57\/100\n|\n|t:|1700850758\n|switch|p2a: Ninetales|Ninetales-Alola, L50, F|100\/100|[from] Volt Switch\n|-weather|Snow|[from] ability: Snow Warning|[of] p2a: Ninetales\n|move|p1a: \u8840\u7ba1|Stomping Tantrum|p2a: Ninetales\n|-damage|p2a: Ninetales|77\/100\n|move|p1b: D\u0336u\u0336m\u0336b\u0336o\u0336 JUMBO|Tera Blast|p2b: Ogerpon|[anim] Tera Blast Grass\n|-resisted|p2b: Ogerpon\n|-damage|p2b: Ogerpon|75\/100\n|\n|-weather|Snow|[upkeep]\n|upkeep\n|turn|5\n|l|\u2606FuratBang\n|player|p2|\n|j|\u2606FuratBang\n|player|p2|FuratBang|n\n|\n|t:|1700850879\n|switch|p1a: Uravity|Clefable, L50, M, shiny|47\/100\n|move|p2b: Ogerpon|Ivy Cudgel|p1a: Uravity\n|-damage|p1a: Uravity|0 fnt\n|faint|p1a: Uravity\n|-damage|p2b: Ogerpon|65\/100|[from] item: Life Orb\n|move|p2a: Ninetales|Blizzard|p1b: D\u0336u\u0336m\u0336b\u0336o\u0336 JUMBO\n|-supereffective|p1b: D\u0336u\u0336m\u0336b\u0336o\u0336 JUMBO\n|-damage|p1b: D\u0336u\u0336m\u0336b\u0336o\u0336 JUMBO|0 fnt\n|faint|p1b: D\u0336u\u0336m\u0336b\u0336o\u0336 JUMBO\n|\n|-weather|Snow|[upkeep]\n|upkeep\n|\n|t:|1700850923\n|switch|p1a: \u8840\u7ba1|Ting-Lu, L50|100\/100\n|switch|p1b: Jeremy Wade|Basculegion, L50, M, shiny|100\/100\n|-ability|p1a: \u8840\u7ba1|Vessel of Ruin\n|turn|6\n|\n|t:|1700850947\n|-terastallize|p2b: Ogerpon|Grass\n|detailschange|p2b: Ogerpon|Ogerpon-Teal-Tera, L50, F, tera:Grass\n|-ability|p2b: Ogerpon|Embody Aspect (Teal)|boost\n|-boost|p2b: Ogerpon|spe|1\n|move|p2b: Ogerpon|Ivy Cudgel|p1b: Jeremy Wade\n|-supereffective|p1b: Jeremy Wade\n|-damage|p1b: Jeremy Wade|0 fnt\n|faint|p1b: Jeremy Wade\n|-damage|p2b: Ogerpon|56\/100|[from] item: Life Orb\n|move|p2a: Ninetales|Blizzard|p1a: \u8840\u7ba1\n|-supereffective|p1a: \u8840\u7ba1\n|-damage|p1a: \u8840\u7ba1|43\/100\n|move|p1a: \u8840\u7ba1|Heavy Slam|p2a: Ninetales\n|-supereffective|p2a: Ninetales\n|-damage|p2a: Ninetales|0 fnt\n|faint|p2a: Ninetales\n|\n|-weather|Snow|[upkeep]\n|-heal|p1a: \u8840\u7ba1|49\/100|[from] item: Leftovers\n|upkeep\n|\n|t:|1700850965\n|switch|p2a: Milotic|Milotic, L50, F|22\/100\n|turn|7\n|c|\u2606FuratBang|gg\n|c|\u2606Stryke Out|gg\n|\n|t:|1700850985\n|move|p2b: Ogerpon|Ivy Cudgel|p1a: \u8840\u7ba1\n|-supereffective|p1a: \u8840\u7ba1\n|-damage|p1a: \u8840\u7ba1|0 fnt\n|faint|p1a: \u8840\u7ba1\n|-damage|p2b: Ogerpon|46\/100|[from] item: Life Orb\n|\n|win|FuratBang\n|l|\u2606Stryke Out\n|c|\u2606FuratBang|can you save i got dced\n|j|\u2606Stryke Out\n|player|p1|Stryke Out|cynthia-gen4\n","uploadtime":1700851097,"views":9,"p1id":"strykeout","p2id":"furatbang","formatid":"gen9vgc2023regulatione","rating":0,"private":0,"password":""}