{"id":"gen9vgc2023regulatione-1992824468","p1":"Battle Paradox","p2":"hysaaron","format":"[Gen 9] VGC 2023 Regulation E","log":"|j|\u2606Battle Paradox\n|j|\u2606hysaaron\n|t:|1700238644\n|gametype|doubles\n|player|p1|Battle Paradox|wattson|1159\n|player|p2|hysaaron|1|1192\n|teamsize|p1|6\n|teamsize|p2|6\n|gen|9\n|tier|[Gen 9] VGC 2023 Regulation E\n|rated|\n|rule|Species Clause: Limit one of each Pok\u00e9mon\n|rule|Item Clause: Limit one of each item\n|clearpoke\n|poke|p1|Ursaluna-Bloodmoon, L50, M|\n|poke|p1|Farigiraf, L50, F|\n|poke|p1|Enamorus-Therian, L50, F|\n|poke|p1|Sinistcha, L50|\n|poke|p1|Urshifu-*, L50, F|\n|poke|p1|Slowbro-Galar, L50, M|\n|poke|p2|Tornadus, L50, M|\n|poke|p2|Gholdengo, L50|\n|poke|p2|Rillaboom, L50, M|\n|poke|p2|Iron Hands, L50|\n|poke|p2|Landorus-Therian, L50, M|\n|poke|p2|Farigiraf, L50, M|\n|teampreview|4\n|inactive|Battle timer is ON: inactive players will automatically lose when time's up. (requested by hysaaron)\n|\n|t:|1700238676\n|start\n|switch|p1a: Farigiraf|Farigiraf, L50, F|100\/100\n|switch|p1b: Enamorus|Enamorus-Therian, L50, F|100\/100\n|switch|p2a: Farigiraf|Farigiraf, L50, M|100\/100\n|switch|p2b: Gholdengo|Gholdengo, L50, shiny|100\/100\n|turn|1\n|\n|t:|1700238693\n|switch|p1a: Urshifu|Urshifu, L50, F|100\/100\n|move|p2b: Gholdengo|Nasty Plot|p2b: Gholdengo\n|-boost|p2b: Gholdengo|spa|2\n|move|p2a: Farigiraf|Imprison|p2a: Farigiraf\n|-start|p2a: Farigiraf|move: Imprison\n|move|p1b: Enamorus|Taunt|p2a: Farigiraf\n|-start|p2a: Farigiraf|move: Taunt\n|\n|upkeep\n|turn|2\n|inactive|Battle Paradox has 30 seconds left.\n|inactive|hysaaron has 30 seconds left.\n|inactive|hysaaron has 20 seconds left.\n|inactive|hysaaron has 15 seconds left.\n|\n|t:|1700238735\n|switch|p2a: Rillaboom|Rillaboom, L50, M, shiny|100\/100\n|-fieldstart|move: Grassy Terrain|[from] ability: Grassy Surge|[of] p2a: Rillaboom\n|switch|p1b: Ursaluna|Ursaluna-Bloodmoon, L50, M|100\/100\n|-terastallize|p2b: Gholdengo|Dragon\n|move|p1a: Urshifu|Wicked Blow|p2b: Gholdengo\n|-crit|p2b: Gholdengo\n|-damage|p2b: Gholdengo|27\/100\n|move|p2b: Gholdengo|Make It Rain|p1a: Urshifu|[spread] p1a,p1b\n|-damage|p1a: Urshifu|0 fnt\n|-damage|p1b: Ursaluna|24\/100\n|-unboost|p2b: Gholdengo|spa|1\n|faint|p1a: Urshifu\n|\n|-heal|p2b: Gholdengo|33\/100|[from] Grassy Terrain\n|-heal|p2b: Gholdengo|40\/100|[from] item: Leftovers\n|-heal|p1b: Ursaluna|30\/100|[from] Grassy Terrain\n|upkeep\n|\n|t:|1700238746\n|switch|p1a: Enamorus|Enamorus-Therian, L50, F|100\/100\n|turn|3\n|\n|t:|1700238768\n|switch|p1b: Farigiraf|Farigiraf, L50, F|100\/100\n|move|p2a: Rillaboom|Fake Out||[still]\n|cant|p1b: Farigiraf|ability: Armor Tail|Fake Out|[of] p2a: Rillaboom\n|move|p2b: Gholdengo|Make It Rain|p1b: Farigiraf|[spread] p1a,p1b\n|-supereffective|p1a: Enamorus\n|-damage|p1a: Enamorus|0 fnt\n|-damage|p1b: Farigiraf|49\/100\n|-unboost|p2b: Gholdengo|spa|1\n|faint|p1a: Enamorus\n|\n|-heal|p2b: Gholdengo|46\/100|[from] Grassy Terrain\n|-heal|p2b: Gholdengo|52\/100|[from] item: Leftovers\n|-heal|p1b: Farigiraf|55\/100|[from] Grassy Terrain\n|-heal|p1b: Farigiraf|61\/100|[from] item: Leftovers\n|upkeep\n|\n|t:|1700238771\n|switch|p1a: Ursaluna|Ursaluna-Bloodmoon, L50, M|30\/100\n|turn|4\n|inactive|hysaaron has 30 seconds left.\n|\n|t:|1700238800\n|move|p2b: Gholdengo|Nasty Plot|p2b: Gholdengo\n|-boost|p2b: Gholdengo|spa|2\n|move|p2a: Rillaboom|Wood Hammer|p1a: Ursaluna\n|-supereffective|p1a: Ursaluna\n|-damage|p1a: Ursaluna|0 fnt\n|faint|p1a: Ursaluna\n|-damage|p2a: Rillaboom|90\/100|[from] Recoil\n|move|p1b: Farigiraf|Trick Room|p1b: Farigiraf\n|-fieldstart|move: Trick Room|[of] p1b: Farigiraf\n|\n|-heal|p1b: Farigiraf|67\/100|[from] Grassy Terrain\n|-heal|p1b: Farigiraf|74\/100|[from] item: Leftovers\n|-heal|p2a: Rillaboom|96\/100|[from] Grassy Terrain\n|-heal|p2b: Gholdengo|58\/100|[from] Grassy Terrain\n|-heal|p2b: Gholdengo|65\/100|[from] item: Leftovers\n|upkeep\n|turn|5\n|\n|t:|1700238821\n|move|p2b: Gholdengo|Protect|p2b: Gholdengo\n|-singleturn|p2b: Gholdengo|Protect\n|move|p1b: Farigiraf|Psychic|p2b: Gholdengo\n|-activate|p2b: Gholdengo|move: Protect\n|move|p2a: Rillaboom|U-turn|p1b: Farigiraf\n|-supereffective|p1b: Farigiraf\n|-damage|p1b: Farigiraf|18\/100\n|\n|t:|1700238833\n|switch|p2a: Iron Hands|Iron Hands, L50, shiny|100\/100|[from] U-turn\n|\n|-heal|p1b: Farigiraf|24\/100|[from] Grassy Terrain\n|-heal|p1b: Farigiraf|30\/100|[from] item: Leftovers\n|-heal|p2b: Gholdengo|71\/100|[from] Grassy Terrain\n|-heal|p2b: Gholdengo|77\/100|[from] item: Leftovers\n|upkeep\n|turn|6\n|\n|t:|1700238848\n|move|p2a: Iron Hands|Volt Switch|p1b: Farigiraf\n|-damage|p1b: Farigiraf|21\/100\n|\n|t:|1700238854\n|-end|p2a: Iron Hands|Quark Drive|[silent]\n|switch|p2a: Rillaboom|Rillaboom, L50, M, shiny|96\/100|[from] Volt Switch\n|move|p1b: Farigiraf|Psychic|p2a: Rillaboom\n|-damage|p2a: Rillaboom|57\/100\n|move|p2b: Gholdengo|Make It Rain|p1b: Farigiraf\n|-damage|p1b: Farigiraf|0 fnt\n|-unboost|p2b: Gholdengo|spa|1\n|faint|p1b: Farigiraf\n|\n|win|hysaaron\n|raw|Battle Paradox's rating: 1159 &rarr; <strong>1136<\/strong><br \/>(-23 for losing)\n|raw|hysaaron's rating: 1192 &rarr; <strong>1215<\/strong><br \/>(+23 for winning)\n","uploadtime":1700238870,"views":17,"p1id":"battleparadox","p2id":"hysaaron","formatid":"gen9vgc2023regulatione","rating":1136,"private":0,"password":""}