{"id":"gen9vgc2023regulatione-1996499953","p1":"2cake","p2":"The_AG_Is_Real","format":"[Gen 9] VGC 2023 Regulation E","log":"|j|\u26062cake\n|j|\u2606The_AG_Is_Real\n|n|\u26062cake|2cake\n|n|\u2606The_AG_Is_Real|theagisreal\n|html|View the match progress at <a href=\"\/game-bestof3-gen9vgc2023regulatione-1996495235\">game-bestof3-gen9vgc2023regulatione-1996495235<\/a>\n|t:|1700688033\n|gametype|doubles\n|player|p1|2cake|169|\n|player|p2|The_AG_Is_Real|candice|\n|teamsize|p1|6\n|teamsize|p2|6\n|gen|9\n|tier|[Gen 9] VGC 2023 Regulation E\n|rated|Tournament battle\n|rule|Species Clause: Limit one of each Pok\u00e9mon\n|rule|Item Clause: Limit one of each item\n|clearpoke\n|poke|p1|Regidrago, L50|\n|poke|p1|Farigiraf, L50, M|\n|poke|p1|Tornadus, L50, M|\n|poke|p1|Gholdengo, L50|\n|poke|p1|Urshifu-*, L50, F|\n|poke|p1|Rillaboom, L50, M|\n|poke|p2|Grimmsnarl, L50, M|\n|poke|p2|Arcanine-Hisui, L50, F|\n|poke|p2|Sinistcha, L50|\n|poke|p2|Ursaluna-Bloodmoon, L50, M|\n|poke|p2|Moltres-Galar, L50|\n|poke|p2|Farigiraf, L50, F|\n|teampreview|4\n|showteam|p1|Regidrago||DracoPlate|DragonsMaw|DragonEnergy,DracoMeteor,EarthPower,Protect||||||50|,,,,,Steel]Farigiraf||MentalHerb|ArmorTail|DazzlingGleam,Imprison,HelpingHand,TrickRoom|||M|||50|,,,,,Fairy]Tornadus||CovertCloak|Prankster|Taunt,Tailwind,BleakwindStorm,RainDance|||M|||50|,,,,,Steel]Gholdengo||Leftovers|GoodasGold|MakeItRain,ShadowBall,NastyPlot,Protect||||||50|,,,,,Dragon]Urshifu-Rapid-Strike||ChoiceScarf|UnseenFist|SurgingStrikes,Uturn,AquaJet,CloseCombat|||F|||50|,,,,,Water]Rillaboom||AssaultVest|GrassySurge|FakeOut,HighHorsepower,GrassyGlide,WoodHammer|||M|||50|,,,,,Fire\n|showteam|p2|Grimmsnarl||LightClay|Prankster|LightScreen,Reflect,ThunderWave,SpiritBreak|||M|||50|,,,,,Ghost]Arcanine-Hisui||AssaultVest|Intimidate|RockSlide,FlareBlitz,Snarl,ExtremeSpeed|||F|||50|,,,,,Fairy]Sinistcha||MiracleSeed|Hospitality|RagePowder,MatchaGotcha,StrengthSap,LifeDew||||||50|,,,,,Dragon]Ursaluna-Bloodmoon||Leftovers|MindsEye|CalmMind,EarthPower,HyperVoice,Protect|||M|||50|,,,,,Grass]Moltres-Galar||SitrusBerry|Berserk|NastyPlot,FieryWrath,AirSlash,Protect||||||50|,,,,,Poison]Farigiraf||RockyHelmet|ArmorTail|TrickRoom,HelpingHand,DazzlingGleam,Psychic|||F|||50|,,,,,Fairy\n|inactive|Battle timer is ON: inactive players will automatically lose when time's up. (requested by The_AG_Is_Real)\n|inactive|2cake has 60 seconds left.\n|inactive|2cake has 30 seconds left.\n|inactive|2cake has 20 seconds left.\n|\n|t:|1700688107\n|start\n|switch|p1a: Gholdengo|Gholdengo, L50|100\/100\n|switch|p1b: Farigiraf|Farigiraf, L50, M|100\/100\n|switch|p2a: Bonnibel|Farigiraf, L50, F|100\/100\n|switch|p2b: Sweet Pea|Ursaluna-Bloodmoon, L50, M|100\/100\n|turn|1\n|\n|t:|1700688130\n|move|p2a: Bonnibel|Helping Hand|p2b: Sweet Pea\n|-singleturn|p2b: Sweet Pea|Helping Hand|[of] p2a: Bonnibel\n|move|p1a: Gholdengo|Nasty Plot|p1a: Gholdengo\n|-boost|p1a: Gholdengo|spa|2\n|move|p1b: Farigiraf|Imprison|p1b: Farigiraf\n|-start|p1b: Farigiraf|move: Imprison\n|move|p2b: Sweet Pea|Calm Mind|p2b: Sweet Pea\n|-boost|p2b: Sweet Pea|spa|1\n|-boost|p2b: Sweet Pea|spd|1\n|\n|upkeep\n|turn|2\n|inactive|2cake has 30 seconds left.\n|inactive|The_AG_Is_Real has 30 seconds left.\n|inactive|2cake has 20 seconds left.\n|inactive|The_AG_Is_Real has 20 seconds left.\n|inactive|2cake has 15 seconds left.\n|inactive|The_AG_Is_Real has 15 seconds left.\n|\n|t:|1700688175\n|switch|p1b: Regidrago|Regidrago, L50|100\/100\n|switch|p2a: Jake The Dog|Arcanine-Hisui, L50, F, shiny|100\/100\n|-ability|p2a: Jake The Dog|Intimidate|boost\n|-unboost|p1a: Gholdengo|atk|1\n|-unboost|p1b: Regidrago|atk|1\n|move|p1a: Gholdengo|Protect|p1a: Gholdengo\n|-singleturn|p1a: Gholdengo|Protect\n|move|p2b: Sweet Pea|Protect||[still]\n|-fail|p2b: Sweet Pea\n|\n|upkeep\n|turn|3\n|inactive|2cake has 30 seconds left.\n|inactive|The_AG_Is_Real has 30 seconds left.\n|\n|t:|1700688204\n|-terastallize|p1a: Gholdengo|Dragon\n|move|p2a: Jake The Dog|Snarl|p1a: Gholdengo|[spread] p1a,p1b\n|-damage|p1a: Gholdengo|93\/100\n|-damage|p1b: Regidrago|93\/100\n|-unboost|p1a: Gholdengo|spa|1\n|-unboost|p1b: Regidrago|spa|1\n|move|p1a: Gholdengo|Make It Rain|p2a: Jake The Dog|[spread] p2a,p2b\n|-damage|p2a: Jake The Dog|54\/100\n|-damage|p2b: Sweet Pea|57\/100\n|-unboost|p1a: Gholdengo|spa|1\n|move|p1b: Regidrago|Dragon Energy|p2a: Jake The Dog|[spread] p2a,p2b\n|-damage|p2a: Jake The Dog|14\/100\n|-damage|p2b: Sweet Pea|17\/100\n|move|p2b: Sweet Pea|Hyper Voice|p1b: Regidrago|[spread] p1a,p1b\n|-damage|p1a: Gholdengo|49\/100\n|-damage|p1b: Regidrago|36\/100\n|\n|-heal|p1a: Gholdengo|56\/100|[from] item: Leftovers\n|-heal|p2b: Sweet Pea|23\/100|[from] item: Leftovers\n|upkeep\n|turn|4\n|inactive|2cake has 30 seconds left.\n|inactive|The_AG_Is_Real has 30 seconds left.\n|inactive|2cake has 20 seconds left.\n|inactive|2cake has 15 seconds left.\n|inactive|The_AG_Is_Real has 20 seconds left.\n|\n|t:|1700688245\n|switch|p1b: Farigiraf|Farigiraf, L50, M|100\/100\n|move|p1a: Gholdengo|Protect|p1a: Gholdengo\n|-singleturn|p1a: Gholdengo|Protect\n|move|p2a: Jake The Dog|Snarl|p1a: Gholdengo|[spread] p1b\n|-activate|p1a: Gholdengo|move: Protect\n|-supereffective|p1b: Farigiraf\n|-damage|p1b: Farigiraf|86\/100\n|-unboost|p1b: Farigiraf|spa|1\n|move|p2b: Sweet Pea|Earth Power|p1a: Gholdengo\n|-activate|p1a: Gholdengo|move: Protect\n|\n|-heal|p1a: Gholdengo|62\/100|[from] item: Leftovers\n|-heal|p2b: Sweet Pea|29\/100|[from] item: Leftovers\n|upkeep\n|turn|5\n|inactive|2cake has 30 seconds left.\n|\n|t:|1700688271\n|move|p2a: Jake The Dog|Rock Slide|p1b: Farigiraf|[spread] p1a,p1b\n|-damage|p1a: Gholdengo|38\/100\n|-damage|p1b: Farigiraf|63\/100\n|move|p1a: Gholdengo|Make It Rain|p2a: Jake The Dog|[spread] p2a,p2b\n|-damage|p2a: Jake The Dog|0 fnt\n|-damage|p2b: Sweet Pea|3\/100\n|-unboost|p1a: Gholdengo|spa|1\n|faint|p2a: Jake The Dog\n|move|p1b: Farigiraf|Dazzling Gleam|p2b: Sweet Pea\n|-damage|p2b: Sweet Pea|0 fnt\n|faint|p2b: Sweet Pea\n|\n|-heal|p1a: Gholdengo|44\/100|[from] item: Leftovers\n|upkeep\n|\n|t:|1700688276\n|switch|p2a: Bonnibel|Farigiraf, L50, F|100\/100\n|switch|p2b: BMO|Sinistcha, L50|100\/100\n|turn|6\n|j| manyBirbs\n|inactive|2cake has 30 seconds left.\n|\n|t:|1700688307\n|move|p1a: Gholdengo|Protect|p1a: Gholdengo\n|-singleturn|p1a: Gholdengo|Protect\n|move|p2b: BMO|Matcha Gotcha|p1a: Gholdengo|[spread] p1b\n|-activate|p1a: Gholdengo|move: Protect\n|-damage|p1b: Farigiraf|30\/100\n|move|p1b: Farigiraf|Imprison|p1b: Farigiraf\n|-start|p1b: Farigiraf|move: Imprison\n|move|p2a: Bonnibel|Psychic|p1a: Gholdengo\n|-activate|p1a: Gholdengo|move: Protect\n|\n|-heal|p1a: Gholdengo|50\/100|[from] item: Leftovers\n|upkeep\n|turn|7\n|inactive|2cake has 30 seconds left.\n|\n|t:|1700688333\n|move|p1a: Gholdengo|Shadow Ball|p2b: BMO\n|-supereffective|p2b: BMO\n|-damage|p2b: BMO|53\/100\n|move|p2b: BMO|Matcha Gotcha|p1a: Gholdengo|[spread] p1a,p1b\n|-resisted|p1a: Gholdengo\n|-damage|p1a: Gholdengo|38\/100\n|-heal|p2b: BMO|60\/100|[from] drain|[of] p1a: Gholdengo\n|-damage|p1b: Farigiraf|0 fnt\n|-heal|p2b: BMO|77\/100|[from] drain|[of] p1b: Farigiraf\n|-status|p1a: Gholdengo|brn\n|faint|p1b: Farigiraf\n|move|p2a: Bonnibel|Psychic|p1a: Gholdengo\n|-damage|p1a: Gholdengo|7\/100 brn\n|\n|-heal|p1a: Gholdengo|13\/100 brn|[from] item: Leftovers\n|-damage|p1a: Gholdengo|7\/100 brn|[from] brn\n|upkeep\n|c| manyBirbs|weak ass gholdengo\n|\n|t:|1700688344\n|switch|p1b: Tornadus|Tornadus, L50, M|100\/100\n|turn|8\n|\n|t:|1700688369\n|-terastallize|p2b: BMO|Dragon\n|move|p1b: Tornadus|Bleakwind Storm|p2a: Bonnibel|[spread] p2a\n|-miss|p1b: Tornadus|p2b: BMO\n|-damage|p2a: Bonnibel|73\/100\n|move|p1a: Gholdengo|Make It Rain|p2a: Bonnibel|[spread] p2a,p2b\n|-damage|p2a: Bonnibel|47\/100\n|-damage|p2b: BMO|52\/100\n|-unboost|p1a: Gholdengo|spa|1\n|move|p2b: BMO|Matcha Gotcha|p1a: Gholdengo|[spread] p1a,p1b\n|-resisted|p1a: Gholdengo\n|-crit|p1a: Gholdengo\n|-resisted|p1b: Tornadus\n|-damage|p1a: Gholdengo|0 fnt\n|-heal|p2b: BMO|56\/100|[from] drain|[of] p1a: Gholdengo\n|-damage|p1b: Tornadus|83\/100\n|-heal|p2b: BMO|66\/100|[from] drain|[of] p1b: Tornadus\n|faint|p1a: Gholdengo\n|move|p2a: Bonnibel|Trick Room|p2a: Bonnibel\n|-fieldstart|move: Trick Room|[of] p2a: Bonnibel\n|\n|upkeep\n|\n|t:|1700688375\n|switch|p1a: Regidrago|Regidrago, L50|36\/100\n|turn|9\n|\n|t:|1700688402\n|move|p2a: Bonnibel|Dazzling Gleam|p1b: Tornadus|[spread] p1a,p1b\n|-supereffective|p1a: Regidrago\n|-damage|p1a: Regidrago|2\/100\n|-damage|p1b: Tornadus|64\/100\n|move|p2b: BMO|Matcha Gotcha|p1b: Tornadus|[spread] p1a,p1b\n|-resisted|p1a: Regidrago\n|-resisted|p1b: Tornadus\n|-damage|p1a: Regidrago|0 fnt\n|-heal|p2b: BMO|67\/100|[from] drain|[of] p1a: Regidrago\n|-damage|p1b: Tornadus|46\/100\n|-heal|p2b: BMO|77\/100|[from] drain|[of] p1b: Tornadus\n|faint|p1a: Regidrago\n|move|p1b: Tornadus|Bleakwind Storm|p2a: Bonnibel|[spread] p2a,p2b\n|-damage|p2a: Bonnibel|18\/100\n|-damage|p2b: BMO|42\/100\n|\n|upkeep\n|turn|10\n|\n|t:|1700688415\n|move|p2a: Bonnibel|Psychic|p1b: Tornadus\n|-damage|p1b: Tornadus|0 fnt\n|faint|p1b: Tornadus\n|\n|win|The_AG_Is_Real\n","uploadtime":1700688423,"views":11,"p1id":"2cake","p2id":"theagisreal","formatid":"gen9vgc2023regulatione","rating":0,"private":0,"password":""}