{"id":"gen9vgc2023regulatione-2000481152","p1":"Sconto","p2":"17 cats in a coat","format":"[Gen 9] VGC 2023 Regulation E","log":"|j|\u2606Sconto\n|j|\u260617 cats in a coat\n|t:|1701198409\n|gametype|doubles\n|player|p1|Sconto|101|1305\n|player|p2|17 cats in a coat|1|1376\n|teamsize|p1|6\n|teamsize|p2|6\n|gen|9\n|tier|[Gen 9] VGC 2023 Regulation E\n|rated|\n|rule|Species Clause: Limit one of each Pok\u00e9mon\n|rule|Item Clause: Limit one of each item\n|clearpoke\n|poke|p1|Scream Tail, L50|\n|poke|p1|Roaring Moon, L50|\n|poke|p1|Ninetales, L50, M|\n|poke|p1|Brute Bonnet, L50|\n|poke|p1|Tornadus, L50, M|\n|poke|p1|Great Tusk, L50|\n|poke|p2|Chi-Yu, L50|\n|poke|p2|Flutter Mane, L50|\n|poke|p2|Iron Bundle, L50|\n|poke|p2|Masquerain, L50, F|\n|poke|p2|Iron Hands, L50|\n|poke|p2|Milotic, L50, F|\n|teampreview|4\n|inactive|Battle timer is ON: inactive players will automatically lose when time's up. (requested by Sconto)\n|inactive|Sconto has 60 seconds left.\n|inactive|17 cats in a coat has 60 seconds left.\n|\n|t:|1701198449\n|start\n|switch|p1a: Great Tusk|Great Tusk, L50|100\/100\n|switch|p1b: Tornadus|Tornadus, L50, M|100\/100\n|switch|p2a: Flutter Mane|Flutter Mane, L50|100\/100\n|switch|p2b: Masquerain|Masquerain, L50, F|100\/100\n|-ability|p2b: Masquerain|Intimidate|boost\n|-unboost|p1a: Great Tusk|atk|1\n|-unboost|p1b: Tornadus|atk|1\n|turn|1\n|inactive|17 cats in a coat has 30 seconds left.\n|\n|t:|1701198481\n|-end|p1a: Great Tusk|Protosynthesis|[silent]\n|switch|p1a: Scream Tail|Scream Tail, L50|100\/100\n|move|p1b: Tornadus|Protect|p1b: Tornadus\n|-singleturn|p1b: Tornadus|Protect\n|move|p2a: Flutter Mane|Dazzling Gleam|p1a: Scream Tail|[spread] p1a\n|-activate|p1b: Tornadus|move: Protect\n|-damage|p1a: Scream Tail|73\/100\n|-damage|p2a: Flutter Mane|91\/100|[from] item: Life Orb\n|move|p2b: Masquerain|Quiver Dance|p2b: Masquerain\n|-boost|p2b: Masquerain|spa|1\n|-boost|p2b: Masquerain|spd|1\n|-boost|p2b: Masquerain|spe|1\n|\n|upkeep\n|turn|2\n|inactive|17 cats in a coat has 30 seconds left.\n|inactive|17 cats in a coat has 20 seconds left.\n|\n|t:|1701198516\n|-terastallize|p1a: Scream Tail|Fire\n|move|p1b: Tornadus|Tailwind|p1b: Tornadus\n|-sidestart|p1: Sconto|move: Tailwind\n|move|p1a: Scream Tail|Flamethrower|p2b: Masquerain\n|-supereffective|p2b: Masquerain\n|-damage|p2b: Masquerain|30\/100\n|-damage|p1a: Scream Tail|63\/100|[from] item: Life Orb\n|move|p2b: Masquerain|Quiver Dance|p2b: Masquerain\n|-boost|p2b: Masquerain|spa|1\n|-boost|p2b: Masquerain|spd|1\n|-boost|p2b: Masquerain|spe|1\n|move|p2a: Flutter Mane|Shadow Ball|p1a: Scream Tail\n|-damage|p1a: Scream Tail|23\/100\n|-damage|p2a: Flutter Mane|82\/100|[from] item: Life Orb\n|\n|upkeep\n|turn|3\n|\n|t:|1701198540\n|move|p2b: Masquerain|Protect|p2b: Masquerain\n|-singleturn|p2b: Masquerain|Protect\n|move|p1a: Scream Tail|Flamethrower|p2b: Masquerain\n|-activate|p2b: Masquerain|move: Protect\n|move|p1b: Tornadus|Bleakwind Storm|p2b: Masquerain|[spread] \n|-activate|p2b: Masquerain|move: Protect\n|-miss|p1b: Tornadus|p2a: Flutter Mane\n|move|p2a: Flutter Mane|Shadow Ball|p1a: Scream Tail\n|-damage|p1a: Scream Tail|0 fnt\n|faint|p1a: Scream Tail\n|-end|p1a: Scream Tail|Protosynthesis|[silent]\n|-damage|p2a: Flutter Mane|72\/100|[from] item: Life Orb\n|\n|upkeep\n|\n|t:|1701198552\n|switch|p1a: Roaring Moon|Roaring Moon, L50|100\/100\n|turn|4\n|\n|t:|1701198560\n|move|p1a: Roaring Moon|Iron Head|p2a: Flutter Mane\n|-supereffective|p2a: Flutter Mane\n|-damage|p2a: Flutter Mane|0 fnt\n|faint|p2a: Flutter Mane\n|-end|p2a: Flutter Mane|Protosynthesis|[silent]\n|move|p2b: Masquerain|Baton Pass|p2b: Masquerain\n|\n|t:|1701198573\n|switch|p2b: Iron Bundle|Iron Bundle, L50|100\/100|[from] Baton Pass\n|-enditem|p2b: Iron Bundle|Booster Energy\n|-activate|p2b: Iron Bundle|ability: Quark Drive|[fromitem]\n|-start|p2b: Iron Bundle|quarkdrivespe\n|move|p1b: Tornadus|Bleakwind Storm|p2b: Iron Bundle|[miss]\n|-miss|p1b: Tornadus|p2b: Iron Bundle\n|\n|upkeep\n|\n|t:|1701198585\n|switch|p2a: Chi-Yu|Chi-Yu, L50|100\/100\n|-ability|p2a: Chi-Yu|Beads of Ruin\n|turn|5\n|\n|t:|1701198598\n|move|p2b: Iron Bundle|Freeze-Dry|p1a: Roaring Moon\n|-supereffective|p1a: Roaring Moon\n|-damage|p1a: Roaring Moon|0 fnt\n|faint|p1a: Roaring Moon\n|-end|p1a: Roaring Moon|Protosynthesis|[silent]\n|move|p1b: Tornadus|Bleakwind Storm|p2a: Chi-Yu|[spread] p2b\n|-miss|p1b: Tornadus|p2a: Chi-Yu\n|-damage|p2b: Iron Bundle|56\/100\n|-unboost|p2b: Iron Bundle|spe|1\n|move|p2a: Chi-Yu|Overheat|p1b: Tornadus\n|-damage|p1b: Tornadus|0 fnt\n|-unboost|p2a: Chi-Yu|spa|2\n|faint|p1b: Tornadus\n|\n|-sideend|p1: Sconto|move: Tailwind\n|upkeep\n|\n|t:|1701198607\n|switch|p1b: Great Tusk|Great Tusk, L50|100\/100\n|turn|6\n|\n|t:|1701198613\n|move|p2b: Iron Bundle|Freeze-Dry|p1b: Great Tusk\n|-supereffective|p1b: Great Tusk\n|-damage|p1b: Great Tusk|0 fnt\n|faint|p1b: Great Tusk\n|-end|p1b: Great Tusk|Protosynthesis|[silent]\n|\n|win|17 cats in a coat\n|raw|Sconto's rating: 1305 &rarr; <strong>1289<\/strong><br \/>(-16 for losing)\n|raw|17 cats in a coat's rating: 1376 &rarr; <strong>1392<\/strong><br \/>(+16 for winning)\n|l|\u2606Sconto\n","uploadtime":1701198626,"views":6,"p1id":"sconto","p2id":"17catsinacoat","formatid":"gen9vgc2023regulatione","rating":1289,"private":0,"password":""}