{"id":"gen9vgc2023regulatione-1991634269","p1":"Faulty Avalugg","p2":"magicalarcher57","format":"[Gen 9] VGC 2023 Regulation E","log":"|j|\u2606Faulty Avalugg\n|j|\u2606magicalarcher57\n|t:|1700096628\n|gametype|doubles\n|player|p1|Faulty Avalugg|wulfric|\n|player|p2|magicalarcher57|cynthia-gen4|\n|teamsize|p1|6\n|teamsize|p2|6\n|gen|9\n|tier|[Gen 9] VGC 2023 Regulation E\n|rated|Tournament battle\n|rule|Species Clause: Limit one of each Pok\u00e9mon\n|rule|Item Clause: Limit one of each item\n|clearpoke\n|poke|p1|Kingambit, L50, F|\n|poke|p1|Iron Hands, L50|\n|poke|p1|Landorus-Therian, L50, M|\n|poke|p1|Ogerpon-Wellspring, L50, F|\n|poke|p1|Flutter Mane, L50|\n|poke|p1|Tornadus, L50, M|\n|poke|p2|Regidrago, L50|\n|poke|p2|Indeedee-F, L50, F|\n|poke|p2|Armarouge, L50, M|\n|poke|p2|Ursaluna, L50, F|\n|poke|p2|Torkoal, L50, F|\n|poke|p2|Lilligant-Hisui, L50, F|\n|teampreview|4\n|showteam|p1|Kingambit||DreadPlate|Defiant|Protect,KowtowCleave,SuckerPunch,IronHead|||F|||50|,,,,,Dark]Iron Hands||ClearAmulet|QuarkDrive|WildCharge,IcePunch,DrainPunch,Protect||||||50|,,,,,Fire]Landorus-Therian||ChoiceScarf|Intimidate|StompingTantrum,TeraBlast,RockSlide,Uturn|||M|||50|,,,,,Flying]Ogerpon-Wellspring||WellspringMask|WaterAbsorb|FollowMe,IvyCudgel,SpikyShield,HornLeech|||F|||50|,,,,,Water]Flutter Mane||ChoiceSpecs|Protosynthesis|DazzlingGleam,Moonblast,IcyWind,ShadowBall||||||50|,,,,,Fairy]Tornadus||CovertCloak|Prankster|Taunt,Tailwind,BleakwindStorm,Protect|||M|||50|,,,,,Dark\n|showteam|p2|Regidrago||ChoiceScarf|DragonsMaw|DragonEnergy,DracoMeteor,DragonPulse,EarthPower||||||50|,,,,,Dragon]Indeedee-F||RockyHelmet|PsychicSurge|FollowMe,HelpingHand,TrickRoom,DazzlingGleam|||F|||50|,,,,,Steel]Armarouge||LifeOrb|FlashFire|ExpandingForce,HeatWave,TrickRoom,Protect|||M|||50|,,,,,Psychic]Ursaluna||FlameOrb|Guts|Facade,HeadlongRush,Earthquake,Protect|||F|||50|,,,,,Ghost]Torkoal||Charcoal|Drought|Eruption,HeatWave,EarthPower,Protect|||F|||50|,,,,,Fire]Lilligant-Hisui||FocusSash|Chlorophyll|CloseCombat,SolarBlade,AfterYou,SleepPowder|||F|||50|,,,,,Ghost\n|j|%Radio Free C-Side\n|j| christianfinity\n|j| Choruto\n|\n|t:|1700096688\n|start\n|switch|p1a: Landorus|Landorus-Therian, L50, M|100\/100\n|switch|p1b: Tornadus|Tornadus, L50, M|100\/100\n|switch|p2a: Indeedee|Indeedee-F, L50, F|100\/100\n|switch|p2b: Armarouge|Armarouge, L50, M|100\/100\n|-ability|p1a: Landorus|Intimidate|boost\n|-unboost|p2a: Indeedee|atk|1\n|-unboost|p2b: Armarouge|atk|1\n|-fieldstart|move: Psychic Terrain|[from] ability: Psychic Surge|[of] p2a: Indeedee\n|turn|1\n|l| Choruto\n|\n|t:|1700096721\n|-terastallize|p1b: Tornadus|Dark\n|move|p2b: Armarouge|Protect|p2b: Armarouge\n|-singleturn|p2b: Armarouge|Protect\n|move|p1a: Landorus|Rock Slide|p2a: Indeedee|[spread] p2a\n|-activate|p2b: Armarouge|move: Protect\n|-damage|p2a: Indeedee|81\/100\n|move|p1b: Tornadus|Bleakwind Storm|p2b: Armarouge|[spread] p2a\n|-activate|p2b: Armarouge|move: Protect\n|-damage|p2a: Indeedee|51\/100\n|-unboost|p2a: Indeedee|spe|1\n|cant|p2a: Indeedee|flinch\n|\n|upkeep\n|turn|2\n|j| Onyx14\n|l| Onyx14\n|j| ScaryQwQ\n|\n|t:|1700096761\n|move|p1a: Landorus|Rock Slide|p2b: Armarouge|[spread] p2a\n|-miss|p1a: Landorus|p2b: Armarouge\n|-damage|p2a: Indeedee|31\/100\n|move|p1b: Tornadus|Bleakwind Storm|p2b: Armarouge|[spread] p2a\n|-miss|p1b: Tornadus|p2b: Armarouge\n|-damage|p2a: Indeedee|0 fnt\n|faint|p2a: Indeedee\n|move|p2b: Armarouge|Heat Wave|p1a: Landorus|[spread] p1a,p1b\n|-damage|p1a: Landorus|42\/100\n|-damage|p1b: Tornadus|38\/100\n|-damage|p2b: Armarouge|90\/100|[from] item: Life Orb\n|\n|upkeep\n|j| BravadoVGC\n|\n|t:|1700096774\n|switch|p2a: Torkoal|Torkoal, L50, F|100\/100\n|-weather|SunnyDay|[from] ability: Drought|[of] p2a: Torkoal\n|turn|3\n|\n|t:|1700096783\n|move|p2a: Torkoal|Protect|p2a: Torkoal\n|-singleturn|p2a: Torkoal|Protect\n|move|p1a: Landorus|Rock Slide|p2a: Torkoal|[spread] p2b\n|-activate|p2a: Torkoal|move: Protect\n|-supereffective|p2b: Armarouge\n|-damage|p2b: Armarouge|50\/100\n|move|p1b: Tornadus|Bleakwind Storm|p2b: Armarouge|[spread] \n|-activate|p2a: Torkoal|move: Protect\n|-miss|p1b: Tornadus|p2b: Armarouge\n|move|p2b: Armarouge|Trick Room|p2b: Armarouge\n|-fieldstart|move: Trick Room|[of] p2b: Armarouge\n|\n|-weather|SunnyDay|[upkeep]\n|upkeep\n|turn|4\n|\n|t:|1700096810\n|-terastallize|p2a: Torkoal|Fire\n|move|p1b: Tornadus|Protect|p1b: Tornadus\n|-singleturn|p1b: Tornadus|Protect\n|move|p2a: Torkoal|Eruption|p1b: Tornadus|[spread] p1a\n|-activate|p1b: Tornadus|move: Protect\n|-damage|p1a: Landorus|0 fnt\n|faint|p1a: Landorus\n|move|p2b: Armarouge|Expanding Force|p1b: Tornadus\n|-activate|p1b: Tornadus|move: Protect\n|\n|-weather|SunnyDay|[upkeep]\n|upkeep\n|\n|t:|1700096820\n|switch|p1a: Kingambit|Kingambit, L50, F|100\/100\n|turn|5\n|\n|t:|1700096824\n|move|p1b: Tornadus|Protect||[still]\n|-fail|p1b: Tornadus\n|move|p1a: Kingambit|Protect|p1a: Kingambit\n|-singleturn|p1a: Kingambit|Protect\n|move|p2a: Torkoal|Eruption|p1b: Tornadus|[spread] p1b\n|-activate|p1a: Kingambit|move: Protect\n|-damage|p1b: Tornadus|0 fnt\n|faint|p1b: Tornadus\n|move|p2b: Armarouge|Heat Wave|p1a: Kingambit\n|-activate|p1a: Kingambit|move: Protect\n|\n|-weather|SunnyDay|[upkeep]\n|-fieldend|move: Psychic Terrain\n|upkeep\n|j| Flarefox_7\n|\n|t:|1700096832\n|switch|p1b: Flutter Mane|Flutter Mane, L50|100\/100\n|-activate|p1b: Flutter Mane|ability: Protosynthesis\n|-start|p1b: Flutter Mane|protosynthesisspe\n|turn|6\n|inactive|Battle timer is ON: inactive players will automatically lose when time's up. (requested by magicalarcher57)\n|\n|t:|1700096909\n|move|p1a: Kingambit|Sucker Punch|p2a: Torkoal\n|-damage|p2a: Torkoal|60\/100\n|move|p2a: Torkoal|Eruption|p1b: Flutter Mane|[spread] p1a,p1b\n|-supereffective|p1a: Kingambit\n|-damage|p1a: Kingambit|0 fnt\n|-damage|p1b: Flutter Mane|24\/100\n|faint|p1a: Kingambit\n|move|p2b: Armarouge|Heat Wave|p1b: Flutter Mane\n|-damage|p1b: Flutter Mane|0 fnt\n|faint|p1b: Flutter Mane\n|-end|p1b: Flutter Mane|Protosynthesis|[silent]\n|-damage|p2b: Armarouge|40\/100|[from] item: Life Orb\n|\n|win|magicalarcher57\n|n|\u2606Faulty Avalugg|faultyavalugg\n|n|\u2606magicalarcher57|magicalarcher57\n|n| Radio Free C-Side|radiofreecside\n|n| christianfinity|christianfinity\n|n| ScaryQwQ|scaryqwq\n|n| BravadoVGC|bravadovgc\n|n| Flarefox_7|flarefox7\n","uploadtime":1700096916,"views":17,"p1id":"faultyavalugg","p2id":"magicalarcher57","formatid":"gen9vgc2023regulatione","rating":0,"private":0,"password":""}