{"id":"gen9vgc2023regulatione-1993182674","p1":"Bird Monke","p2":"Spicy Cigar","format":"[Gen 9] VGC 2023 Regulation E","log":"|j|\u2606Bird Monke\n|j|\u2606Spicy Cigar\n|n|\u2606Bird Monke|birdmonke\n|n|\u2606Spicy Cigar|spicycigar\n|html|View the match progress at <a href=\"\/game-bestof3-gen9vgc2023regulatione-1993180332\">game-bestof3-gen9vgc2023regulatione-1993180332<\/a>\n|t:|1700274920\n|gametype|doubles\n|player|p1|Bird Monke|giacomo|\n|player|p2|Spicy Cigar|skier|\n|teamsize|p1|6\n|teamsize|p2|6\n|gen|9\n|tier|[Gen 9] VGC 2023 Regulation E\n|rule|Species Clause: Limit one of each Pok\u00e9mon\n|rule|Item Clause: Limit one of each item\n|clearpoke\n|poke|p1|Heatran, L50, F|\n|poke|p1|Iron Hands, L50|\n|poke|p1|Ninetales-Alola, L50, F|\n|poke|p1|Moltres-Galar, L50|\n|poke|p1|Iron Bundle, L50|\n|poke|p1|Amoonguss, L50, M|\n|poke|p2|Tornadus, L50, M|\n|poke|p2|Arcanine-Hisui, L50, M|\n|poke|p2|Iron Hands, L50|\n|poke|p2|Urshifu-*, L50, M|\n|poke|p2|Sinistcha, L50|\n|poke|p2|Chien-Pao, L50|\n|teampreview|4\nBird Monke has agreed to open team sheets.\nSpicy Cigar has agreed to open team sheets.\n|showteam|p1|Heatran||Leftovers|FlashFire|HeatWave,FlashCannon,EarthPower,Protect|||F|||50|,,,,,Fairy]Iron Hands||AssaultVest|QuarkDrive|DrainPunch,WildCharge,HeavySlam,FakeOut||||||50|,,,,,Fire]Ninetales-Alola||LightClay|SnowWarning|Protect,FreezeDry,Moonblast,AuroraVeil|||F|||50|,,,,,Ghost]Moltres-Galar||SitrusBerry|Berserk|FieryWrath,AirSlash,NastyPlot,Protect||||||50|,,,,,Poison]Iron Bundle||BoosterEnergy|QuarkDrive|FreezeDry,IcyWind,ChillingWater,Protect||||||50|,,,,,Grass]Amoonguss||RockyHelmet|Regenerator|Spore,RagePowder,PollenPuff,LeafStorm|||M|||50|,,,,,Dark\n|showteam|p2|Tornadus||SharpBeak|Prankster|BleakwindStorm,Tailwind,Taunt,Leer|||M|||50|,,,,,Ghost]Arcanine-Hisui||ChoiceBand|Intimidate|ExtremeSpeed,RockSlide,FlareBlitz,TeraBlast|||M|||50|,,,,,Fairy]Iron Hands||ClearAmulet|QuarkDrive|FakeOut,WildCharge,CloseCombat,IcePunch||||||50|,,,,,Poison]Urshifu-Rapid-Strike||ChoiceScarf|UnseenFist|SurgingStrikes,AquaJet,CloseCombat,Uturn|||M|||50|,,,,,Water]Sinistcha||SitrusBerry|Heatproof|NastyPlot,RagePowder,ShadowBall,MatchaGotcha||||||50|,,,,,Steel]Chien-Pao||FocusSash|SwordofRuin|IceSpinner,SuckerPunch,LashOut,Protect||||||50|,,,,,Ghost\n|\n|t:|1700275001\n|start\n|switch|p1a: Ninetales|Ninetales-Alola, L50, F|100\/100\n|switch|p1b: Iron Bundle|Iron Bundle, L50|100\/100\n|switch|p2a: Tony|Chien-Pao, L50|100\/100\n|switch|p2b: Houndog|Arcanine-Hisui, L50, M|100\/100\n|-ability|p2a: Tony|Sword of Ruin\n|-weather|Snow|[from] ability: Snow Warning|[of] p1a: Ninetales\n|-ability|p2b: Houndog|Intimidate|boost\n|-unboost|p1a: Ninetales|atk|1\n|-unboost|p1b: Iron Bundle|atk|1\n|-enditem|p1b: Iron Bundle|Booster Energy\n|-activate|p1b: Iron Bundle|ability: Quark Drive|[fromitem]\n|-start|p1b: Iron Bundle|quarkdrivespe\n|turn|1\n|\n|t:|1700275053\n|-terastallize|p1b: Iron Bundle|Grass\n|-terastallize|p2b: Houndog|Fairy\n|move|p1b: Iron Bundle|Chilling Water|p2b: Houndog\n|-damage|p2b: Houndog|69\/100\n|-unboost|p2b: Houndog|atk|1\n|move|p2a: Tony|Lash Out|p1a: Ninetales\n|-resisted|p1a: Ninetales\n|-damage|p1a: Ninetales|77\/100\n|move|p1a: Ninetales|Moonblast|p2a: Tony\n|-supereffective|p2a: Tony\n|-enditem|p2a: Tony|Focus Sash\n|-damage|p2a: Tony|1\/100\n|-unboost|p2a: Tony|spa|1\n|move|p2b: Houndog|Flare Blitz|p1a: Ninetales\n|-supereffective|p1a: Ninetales\n|-damage|p1a: Ninetales|0 fnt\n|faint|p1a: Ninetales\n|-damage|p2b: Houndog|47\/100|[from] Recoil\n|\n|-weather|Snow|[upkeep]\n|upkeep\n|\n|t:|1700275081\n|switch|p1a: Iron Hands|Iron Hands, L50|100\/100\n|turn|2\n|\n|t:|1700275091\n|switch|p2b: Tea Time|Sinistcha, L50|100\/100\n|move|p2a: Tony|Protect|p2a: Tony\n|-singleturn|p2a: Tony|Protect\n|move|p1a: Iron Hands|Fake Out|p2b: Tea Time\n|-immune|p2b: Tea Time\n|move|p1b: Iron Bundle|Icy Wind|p2a: Tony|[spread] \n|-activate|p2a: Tony|move: Protect\n|-miss|p1b: Iron Bundle|p2b: Tea Time\n|\n|-weather|Snow|[upkeep]\n|upkeep\n|turn|3\n|\n|t:|1700275114\n|switch|p2a: Hands|Iron Hands, L50|100\/100\n|switch|p2b: Houndog|Arcanine-Hisui, L50, M, tera:Fairy|47\/100\n|-ability|p2b: Houndog|Intimidate|boost\n|-unboost|p1a: Iron Hands|atk|1\n|-unboost|p1b: Iron Bundle|atk|1\n|move|p1b: Iron Bundle|Icy Wind|p2b: Houndog|[spread] p2a,p2b\n|-damage|p2a: Hands|81\/100\n|-damage|p2b: Houndog|23\/100\n|-unboost|p2b: Houndog|spe|1\n|move|p1a: Iron Hands|Heavy Slam|p2b: Houndog\n|-supereffective|p2b: Houndog\n|-damage|p2b: Houndog|0 fnt\n|faint|p2b: Houndog\n|\n|-weather|Snow|[upkeep]\n|upkeep\n|\n|t:|1700275131\n|switch|p2b: Tony|Chien-Pao, L50|1\/100\n|-ability|p2b: Tony|Sword of Ruin\n|turn|4\n|\n|t:|1700275142\n|-end|p1a: Iron Hands|Quark Drive|[silent]\n|switch|p1a: Amoonguss|Amoonguss, L50, M|100\/100\n|move|p2a: Hands|Fake Out|p1a: Amoonguss\n|-damage|p1a: Amoonguss|83\/100\n|-damage|p2a: Hands|64\/100|[from] item: Rocky Helmet|[of] p1a: Amoonguss\n|move|p1b: Iron Bundle|Icy Wind|p2b: Tony|[spread] p2a,p2b\n|-resisted|p2b: Tony\n|-damage|p2a: Hands|45\/100\n|-damage|p2b: Tony|0 fnt\n|faint|p2b: Tony\n|\n|-weather|Snow|[upkeep]\n|upkeep\n|\n|t:|1700275147\n|switch|p2b: Tea Time|Sinistcha, L50|100\/100\n|turn|5\n|\n|t:|1700275165\n|move|p1b: Iron Bundle|Freeze-Dry|p2b: Tea Time\n|-supereffective|p2b: Tea Time\n|-damage|p2b: Tea Time|35\/100\n|-enditem|p2b: Tea Time|Sitrus Berry|[eat]\n|-heal|p2b: Tea Time|60\/100|[from] item: Sitrus Berry\n|move|p2a: Hands|Ice Punch|p1b: Iron Bundle\n|-supereffective|p1b: Iron Bundle\n|-damage|p1b: Iron Bundle|29\/100\n|move|p2b: Tea Time|Nasty Plot|p2b: Tea Time\n|-boost|p2b: Tea Time|spa|2\n|move|p1a: Amoonguss|Spore|p2a: Hands\n|-status|p2a: Hands|slp|[from] move: Spore\n|\n|-weather|none\n|upkeep\n|turn|6\n|\n|t:|1700275192\n|move|p1b: Iron Bundle|Freeze-Dry|p2b: Tea Time\n|-supereffective|p2b: Tea Time\n|-damage|p2b: Tea Time|0 fnt\n|faint|p2b: Tea Time\n|cant|p2a: Hands|slp\n|move|p1a: Amoonguss|Pollen Puff|p1b: Iron Bundle\n|-heal|p1b: Iron Bundle|79\/100\n|\n|upkeep\n|turn|7\n|-message|Spicy Cigar forfeited.\n|\n|win|Bird Monke\n|l|\u2606Spicy Cigar\n","uploadtime":1700275213,"views":15,"p1id":"birdmonke","p2id":"spicycigar","formatid":"gen9vgc2023regulatione","rating":0,"private":0,"password":""}