{"id":"gen9vgc2023regulatione-1989465370","p1":"wingwingy55","p2":"here4loppy","format":"[Gen 9] VGC 2023 Regulation E","log":"|j|\u2606wingwingy55\n|j|\u2606here4loppy\n|t:|1699854774\n|gametype|doubles\n|player|p1|wingwingy55|preschooler|1133\n|player|p2|here4loppy|dawn-gen4pt|1021\n|teamsize|p1|6\n|teamsize|p2|6\n|gen|9\n|tier|[Gen 9] VGC 2023 Regulation E\n|rated|\n|rule|Species Clause: Limit one of each Pok\u00e9mon\n|rule|Item Clause: Limit one of each item\n|clearpoke\n|poke|p1|Dragapult, L50, M|\n|poke|p1|Arcanine-Hisui, L50, F|\n|poke|p1|Ogerpon, L50, F|\n|poke|p1|Iron Hands, L50|\n|poke|p1|Chien-Pao, L50|\n|poke|p1|Gholdengo, L50|\n|poke|p2|Ursaluna, L50, F|\n|poke|p2|Slowbro, L50, M|\n|poke|p2|Arcanine-Hisui, L50, M|\n|poke|p2|Azumarill, L50, F|\n|poke|p2|Salazzle, L50, F|\n|poke|p2|Gliscor, L50, M|\n|teampreview|4\n|\n|t:|1699854811\n|start\n|switch|p1a: Surfer|Gholdengo, L50|100\/100\n|switch|p1b: Ogerpon|Ogerpon, L50, F|100\/100\n|switch|p2a: Gliscor|Gliscor, L50, M|100\/100\n|switch|p2b: Salazzle|Salazzle, L50, F|100\/100\n|turn|1\n|\n|t:|1699854842\n|-terastallize|p2a: Gliscor|Water\n|move|p2b: Salazzle|Fake Out|p1b: Ogerpon\n|-damage|p1b: Ogerpon|91\/100\n|cant|p1b: Ogerpon|flinch\n|move|p2a: Gliscor|Knock Off|p1a: Surfer\n|-supereffective|p1a: Surfer\n|-damage|p1a: Surfer|40\/100\n|-enditem|p1a: Surfer|Choice Specs|[from] move: Knock Off|[of] p2a: Gliscor\n|move|p1a: Surfer|Shadow Ball|p2b: Salazzle\n|-damage|p2b: Salazzle|14\/100\n|\n|-status|p2a: Gliscor|tox|[from] item: Toxic Orb\n|upkeep\n|turn|2\n|\n|t:|1699854870\n|move|p1b: Ogerpon|Spiky Shield|p1b: Ogerpon\n|-singleturn|p1b: Ogerpon|move: Protect\n|move|p2b: Salazzle|Flamethrower|p1a: Surfer\n|-supereffective|p1a: Surfer\n|-damage|p1a: Surfer|0 fnt\n|faint|p1a: Surfer\n|move|p2a: Gliscor|Toxic|p1b: Ogerpon\n|-activate|p1b: Ogerpon|move: Protect\n|\n|upkeep\n|\n|t:|1699854879\n|switch|p1a: Tank Hands|Iron Hands, L50|100\/100\n|turn|3\n|\n|t:|1699854887\n|switch|p2a: Arcanine|Arcanine-Hisui, L50, M|100\/100\n|-ability|p2a: Arcanine|Intimidate|boost\n|-unboost|p1a: Tank Hands|atk|1\n|-unboost|p1b: Ogerpon|atk|1\n|-ability|p1b: Ogerpon|Defiant|boost\n|-boost|p1b: Ogerpon|atk|2\n|-enditem|p1b: Ogerpon|Adrenaline Orb\n|-boost|p1b: Ogerpon|spe|1|[from] item: Adrenaline Orb\n|move|p1a: Tank Hands|Fake Out|p2b: Salazzle\n|-damage|p2b: Salazzle|0 fnt\n|faint|p2b: Salazzle\n|move|p1b: Ogerpon|Ivy Cudgel|p2a: Arcanine\n|-damage|p2a: Arcanine|19\/100\n|\n|upkeep\n|\n|t:|1699854904\n|switch|p2b: Gliscor|Gliscor, L50, M, tera:Water|100\/100 tox\n|turn|4\n|\n|t:|1699854928\n|move|p1b: Ogerpon|Ivy Cudgel|p2b: Gliscor\n|-supereffective|p2b: Gliscor\n|-damage|p2b: Gliscor|0 fnt\n|faint|p2b: Gliscor\n|move|p2a: Arcanine|Flare Blitz|p1b: Ogerpon\n|-supereffective|p1b: Ogerpon\n|-damage|p1b: Ogerpon|0 fnt\n|faint|p1b: Ogerpon\n|-damage|p2a: Arcanine|0 fnt|[from] Recoil\n|faint|p2a: Arcanine\n|move|p1a: Tank Hands|Drain Punch|p2: Arcanine|[notarget]\n|-fail|p1a: Tank Hands\n|\n|upkeep\n|\n|t:|1699854942\n|switch|p1b: Dragapult|Dragapult, L50, M, shiny|100\/100\n|switch|p2b: Slowbro|Slowbro, L50, M|100\/100\n|turn|5\n|\n|t:|1699854953\n|move|p1b: Dragapult|Phantom Force||[still]\n|-prepare|p1b: Dragapult|Phantom Force\n|move|p1a: Tank Hands|Wild Charge|p2b: Slowbro\n|-supereffective|p2b: Slowbro\n|-damage|p2b: Slowbro|55\/100\n|-damage|p1a: Tank Hands|84\/100|[from] item: Rocky Helmet|[of] p2b: Slowbro\n|-damage|p1a: Tank Hands|75\/100|[from] Recoil\n|move|p2b: Slowbro|Psychic|p1a: Tank Hands\n|-supereffective|p1a: Tank Hands\n|-damage|p1a: Tank Hands|47\/100\n|\n|upkeep\n|turn|6\n|\n|t:|1699854965\n|move|p1b: Dragapult|Phantom Force|p2b: Slowbro|[from]lockedmove\n|-supereffective|p2b: Slowbro\n|-damage|p2b: Slowbro|0 fnt\n|-damage|p1b: Dragapult|84\/100|[from] item: Rocky Helmet|[of] p2b: Slowbro\n|faint|p2b: Slowbro\n|-damage|p1b: Dragapult|74\/100|[from] item: Life Orb\n|\n|win|wingwingy55\n|raw|wingwingy55's rating: 1133 &rarr; <strong>1150<\/strong><br \/>(+17 for winning)\n|raw|here4loppy's rating: 1021 &rarr; <strong>1012<\/strong><br \/>(-9 for losing)\n|l|\u2606here4loppy\n","uploadtime":1699854975,"views":15,"p1id":"wingwingy55","p2id":"here4loppy","formatid":"gen9vgc2023regulatione","rating":1012,"private":0,"password":""}