{"id":"gen9vgc2023regulatione-1998516175","p1":"14MoneyMoves14","p2":"swellow is stronk","format":"[Gen 9] VGC 2023 Regulation E","log":"|j|\u260614MoneyMoves14\n|j|\u2606swellow is stronk\n|t:|1700951189\n|gametype|doubles\n|player|p1|14MoneyMoves14|norman|1034\n|player|p2|swellow is stronk|2|1091\n|teamsize|p1|6\n|teamsize|p2|6\n|gen|9\n|tier|[Gen 9] VGC 2023 Regulation E\n|rated|\n|rule|Species Clause: Limit one of each Pok\u00e9mon\n|rule|Item Clause: Limit one of each item\n|clearpoke\n|poke|p1|Pelipper, L50, M|\n|poke|p1|Salamence, L50, M|\n|poke|p1|Iron Hands, L50|\n|poke|p1|Amoonguss, L50, M|\n|poke|p1|Urshifu-*, L50, F|\n|poke|p1|Kommo-o, L50, F|\n|poke|p2|Iron Hands, L50|\n|poke|p2|Landorus-Therian, L50, M|\n|poke|p2|Sinistcha, L50|\n|poke|p2|Grimmsnarl, L50, M|\n|poke|p2|Goodra-Hisui, L50, F|\n|poke|p2|Toxapex, L50, M|\n|teampreview|4\n|inactive|Battle timer is ON: inactive players will automatically lose when time's up. (requested by 14MoneyMoves14)\n14MoneyMoves14 has agreed to open team sheets.\nswellow is stronk has agreed to open team sheets.\n|inactive|swellow is stronk has 30 seconds left.\n|inactive|swellow is stronk has 20 seconds left.\n|\n|t:|1700951264\n|start\n|switch|p1a: Pelipper|Pelipper, L50, M|100\/100\n|switch|p1b: Salamence|Salamence, L50, M|100\/100\n|switch|p2a: Toxapex|Toxapex, L50, M|100\/100\n|switch|p2b: Sinistcha|Sinistcha, L50|100\/100\n|-ability|p1b: Salamence|Intimidate|boost\n|-unboost|p2a: Toxapex|atk|1\n|-unboost|p2b: Sinistcha|atk|1\n|-weather|RainDance|[from] ability: Drizzle|[of] p1a: Pelipper\n|turn|1\n|\n|t:|1700951285\n|switch|p2b: Iron Hands|Iron Hands, L50|100\/100\n|move|p1b: Salamence|Tailwind|p1b: Salamence\n|-sidestart|p1: 14MoneyMoves14|move: Tailwind\n|move|p1a: Pelipper|Hurricane|p2b: Iron Hands\n|-damage|p2b: Iron Hands|77\/100\n|move|p2a: Toxapex|Infestation|p1b: Salamence\n|-resisted|p1b: Salamence\n|-damage|p1b: Salamence|99\/100\n|-activate|p1b: Salamence|move: Infestation|[of] p2a: Toxapex\n|\n|-weather|RainDance|[upkeep]\n|-damage|p1b: Salamence|82\/100|[from] move: Infestation|[partiallytrapped]\n|upkeep\n|turn|2\n|inactive|14MoneyMoves14 has 30 seconds left.\n|\n|t:|1700951319\n|move|p2b: Iron Hands|Fake Out|p1b: Salamence\n|-damage|p1b: Salamence|65\/100\n|cant|p1b: Salamence|flinch\n|move|p1a: Pelipper|Weather Ball|p2b: Iron Hands\n|-damage|p2b: Iron Hands|47\/100\n|move|p2a: Toxapex|Infestation|p1a: Pelipper\n|-resisted|p1a: Pelipper\n|-damage|p1a: Pelipper|98\/100\n|-activate|p1a: Pelipper|move: Infestation|[of] p2a: Toxapex\n|\n|-weather|RainDance|[upkeep]\n|-damage|p1b: Salamence|48\/100|[from] move: Infestation|[partiallytrapped]\n|-damage|p1a: Pelipper|82\/100|[from] move: Infestation|[partiallytrapped]\n|upkeep\n|turn|3\n|\n|t:|1700951339\n|move|p1b: Salamence|Tailwind||[still]\n|-fail|p1b: Salamence\n|move|p1a: Pelipper|Weather Ball|p2b: Iron Hands\n|-damage|p2b: Iron Hands|17\/100\n|move|p2b: Iron Hands|Volt Switch|p1a: Pelipper\n|-supereffective|p1a: Pelipper\n|-damage|p1a: Pelipper|7\/100\n|\n|t:|1700951350\n|-end|p2b: Iron Hands|Quark Drive|[silent]\n|switch|p2b: Landorus|Landorus-Therian, L50, M|100\/100|[from] Volt Switch\n|-ability|p2b: Landorus|Intimidate|boost\n|-unboost|p1a: Pelipper|atk|1\n|-unboost|p1b: Salamence|atk|1\n|move|p2a: Toxapex|Substitute|p2a: Toxapex\n|-start|p2a: Toxapex|Substitute\n|-damage|p2a: Toxapex|76\/100\n|\n|-weather|RainDance|[upkeep]\n|-damage|p1b: Salamence|32\/100|[from] move: Infestation|[partiallytrapped]\n|-damage|p1a: Pelipper|0 fnt|[from] move: Infestation|[partiallytrapped]\n|faint|p1a: Pelipper\n|upkeep\n|\n|t:|1700951357\n|switch|p1a: Urshifu|Urshifu-Rapid-Strike, L50, F|100\/100\n|turn|4\n|\n|t:|1700951365\n|switch|p2b: Sinistcha|Sinistcha, L50|100\/100\n|-heal|p2a: Toxapex|100\/100|[from] ability: Hospitality|[of] p2b: Sinistcha\n|move|p1b: Salamence|Tailwind||[still]\n|-fail|p1b: Salamence\n|move|p1a: Urshifu|Surging Strikes|p2b: Sinistcha\n|-resisted|p2b: Sinistcha\n|-crit|p2b: Sinistcha\n|-damage|p2b: Sinistcha|85\/100\n|-resisted|p2b: Sinistcha\n|-crit|p2b: Sinistcha\n|-damage|p2b: Sinistcha|68\/100\n|-resisted|p2b: Sinistcha\n|-crit|p2b: Sinistcha\n|-damage|p2b: Sinistcha|50\/100\n|-enditem|p2b: Sinistcha|Sitrus Berry|[eat]\n|-heal|p2b: Sinistcha|75\/100|[from] item: Sitrus Berry\n|-hitcount|p2b: Sinistcha|3\n|move|p2a: Toxapex|Infestation|p1a: Urshifu\n|-resisted|p1a: Urshifu\n|-damage|p1a: Urshifu|98\/100\n|-activate|p1a: Urshifu|move: Infestation|[of] p2a: Toxapex\n|\n|-weather|RainDance|[upkeep]\n|-damage|p1b: Salamence|16\/100|[from] move: Infestation|[partiallytrapped]\n|-damage|p1a: Urshifu|82\/100|[from] move: Infestation|[partiallytrapped]\n|-sideend|p1: 14MoneyMoves14|move: Tailwind\n|upkeep\n|turn|5\n|inactive|14MoneyMoves14 has 30 seconds left.\n|inactive|14MoneyMoves14 has 20 seconds left.\n|inactive|14MoneyMoves14 has 15 seconds left.\n|\n|t:|1700951406\n|-terastallize|p1a: Urshifu|Water\n|move|p1b: Salamence|Tailwind|p1b: Salamence\n|-sidestart|p1: 14MoneyMoves14|move: Tailwind\n|move|p1a: Urshifu|Surging Strikes|p2a: Toxapex\n|-resisted|p2a: Toxapex\n|-crit|p2a: Toxapex\n|-activate|p2a: Toxapex|move: Substitute|[damage]\n|-resisted|p2a: Toxapex\n|-crit|p2a: Toxapex\n|-end|p2a: Toxapex|Substitute\n|-resisted|p2a: Toxapex\n|-crit|p2a: Toxapex\n|-damage|p2a: Toxapex|84\/100\n|-hitcount|p2a: Toxapex|3\n|move|p2b: Sinistcha|Matcha Gotcha|p1b: Salamence|[spread] p1a,p1b\n|-supereffective|p1a: Urshifu\n|-resisted|p1b: Salamence\n|-damage|p1a: Urshifu|3\/100\n|-heal|p2b: Sinistcha|100\/100|[from] drain|[of] p1a: Urshifu\n|-damage|p1b: Salamence|8\/100\n|move|p2a: Toxapex|Infestation|p1a: Urshifu\n|-damage|p1a: Urshifu|0 fnt\n|faint|p1a: Urshifu\n|\n|-weather|none\n|-end|p1b: Salamence|Infestation|[partiallytrapped]\n|upkeep\n|\n|t:|1700951426\n|switch|p1a: Iron Hands|Iron Hands, L50|100\/100\n|turn|6\n|\n|t:|1700951435\n|switch|p2b: Landorus|Landorus-Therian, L50, M|100\/100\n|-ability|p2b: Landorus|Intimidate|boost\n|-unboost|p1a: Iron Hands|atk|1\n|-unboost|p1b: Salamence|atk|1\n|move|p2a: Toxapex|Baneful Bunker|p2a: Toxapex\n|-singleturn|p2a: Toxapex|move: Protect\n|move|p1b: Salamence|Tailwind||[still]\n|-fail|p1b: Salamence\n|move|p1a: Iron Hands|Wild Charge|p2a: Toxapex\n|-activate|p2a: Toxapex|move: Protect\n|-status|p1a: Iron Hands|psn\n|\n|-damage|p1a: Iron Hands|88\/100 psn|[from] psn\n|upkeep\n|turn|7\n|-message|14MoneyMoves14 forfeited.\n|\n|win|swellow is stronk\n|raw|14MoneyMoves14's rating: 1034 &rarr; <strong>1021<\/strong><br \/>(-13 for losing)\n|raw|swellow is stronk's rating: 1091 &rarr; <strong>1113<\/strong><br \/>(+22 for winning)\n|l|\u260614MoneyMoves14\n|c|\u2606swellow is stronk|gg\n","uploadtime":1700951711,"views":16,"p1id":"14moneymoves14","p2id":"swellowisstronk","formatid":"gen9vgc2023regulatione","rating":1021,"private":0,"password":""}