{"id":"gen9vgc2023regulatione-2000596339","p1":"komikudikenleu","p2":"ZzAaCcNn","format":"[Gen 9] VGC 2023 Regulation E","log":"|j|\u2606komikudikenleu\n|j|\u2606ZzAaCcNn\n|t:|1701208846\n|gametype|doubles\n|player|p1|komikudikenleu|2|1033\n|player|p2|ZzAaCcNn|clair|1000\n|teamsize|p1|6\n|teamsize|p2|6\n|gen|9\n|tier|[Gen 9] VGC 2023 Regulation E\n|rated|\n|rule|Species Clause: Limit one of each Pok\u00e9mon\n|rule|Item Clause: Limit one of each item\n|clearpoke\n|poke|p1|Toxtricity-Low-Key, L50, M|\n|poke|p1|Dedenne, L50, M|\n|poke|p1|Typhlosion-Hisui, L50, F|\n|poke|p1|Tornadus, L50, M|\n|poke|p1|Urshifu-*, L50, F|\n|poke|p1|Flutter Mane, L50|\n|poke|p2|Ogerpon-Hearthflame, L50, F|\n|poke|p2|Basculegion, L50, M|\n|poke|p2|Tornadus, L50, M|\n|poke|p2|Iron Hands, L50|\n|poke|p2|Kommo-o, L50, M|\n|poke|p2|Flutter Mane, L50|\n|teampreview|4\nZzAaCcNn has agreed to open team sheets.\n|inactive|Battle timer is ON: inactive players will automatically lose when time's up. (requested by ZzAaCcNn)\n|\n|t:|1701208873\n|start\n|switch|p1a: Typhlosion|Typhlosion-Hisui, L50, F|100\/100\n|switch|p1b: Dedenne|Dedenne, L50, M|100\/100\n|switch|p2a: Tornadus|Tornadus, L50, M|100\/100\n|switch|p2b: Iron Hands|Iron Hands, L50|100\/100\n|-item|p2a: Tornadus|Covert Cloak|[from] ability: Frisk|[of] p1a: Typhlosion|[identify]\n|-item|p2b: Iron Hands|Assault Vest|[from] ability: Frisk|[of] p1a: Typhlosion|[identify]\n|turn|1\n|\n|t:|1701208898\n|-terastallize|p1a: Typhlosion|Fire\n|move|p2b: Iron Hands|Fake Out|p1b: Dedenne\n|-damage|p1b: Dedenne|73\/100\n|move|p2a: Tornadus|Tailwind|p2a: Tornadus\n|-sidestart|p2: ZzAaCcNn|move: Tailwind\n|move|p1b: Dedenne|Entrainment|p1a: Typhlosion\n|-endability|p1a: Typhlosion|Frisk|[from] move: Entrainment\n|-ability|p1a: Typhlosion|Plus|[from] move: Entrainment\n|move|p1a: Typhlosion|Eruption|p2b: Iron Hands|[spread] p2a,p2b\n|-damage|p2a: Tornadus|0 fnt\n|-damage|p2b: Iron Hands|15\/100\n|faint|p2a: Tornadus\n|\n|upkeep\n|\n|t:|1701208917\n|switch|p2a: Kommo-o|Kommo-o, L50, M, shiny|100\/100\n|turn|2\n|\n|t:|1701208927\n|-end|p2b: Iron Hands|Quark Drive|[silent]\n|switch|p2b: Flutter Mane|Flutter Mane, L50|100\/100\n|-enditem|p2b: Flutter Mane|Booster Energy\n|-activate|p2b: Flutter Mane|ability: Protosynthesis|[fromitem]\n|-start|p2b: Flutter Mane|protosynthesisspa\n|move|p1a: Typhlosion|Protect|p1a: Typhlosion\n|-singleturn|p1a: Typhlosion|Protect\n|move|p2a: Kommo-o|Clanging Scales|p1b: Dedenne|[spread] \n|-activate|p1a: Typhlosion|move: Protect\n|-immune|p1b: Dedenne\n|move|p1b: Dedenne|Dazzling Gleam|p2a: Kommo-o|[spread] p2a,p2b\n|-supereffective|p2a: Kommo-o\n|-damage|p2a: Kommo-o|0 fnt\n|-damage|p2b: Flutter Mane|75\/100\n|faint|p2a: Kommo-o\n|\n|upkeep\n|\n|t:|1701208943\n|switch|p2a: Iron Hands|Iron Hands, L50|15\/100\n|turn|3\n|\n|t:|1701208963\n|switch|p1a: Flutter Mane|Flutter Mane, L50|100\/100\n|-enditem|p1a: Flutter Mane|Booster Energy\n|-activate|p1a: Flutter Mane|ability: Protosynthesis|[fromitem]\n|-start|p1a: Flutter Mane|protosynthesisspa\n|-terastallize|p2b: Flutter Mane|Fairy\n|move|p2b: Flutter Mane|Dazzling Gleam|p1a: Flutter Mane|[spread] p1a,p1b\n|-damage|p1a: Flutter Mane|36\/100\n|-damage|p1b: Dedenne|0 fnt\n|faint|p1b: Dedenne\n|move|p2a: Iron Hands|Wild Charge|p1a: Flutter Mane\n|-crit|p1a: Flutter Mane\n|-damage|p1a: Flutter Mane|0 fnt\n|faint|p1a: Flutter Mane\n|-end|p1a: Flutter Mane|Protosynthesis|[silent]\n|-damage|p2a: Iron Hands|11\/100|[from] Recoil\n|\n|upkeep\n|\n|t:|1701208972\n|switch|p1a: Tornadus|Tornadus, L50, M|100\/100\n|switch|p1b: Typhlosion|Typhlosion-Hisui, L50, F, tera:Fire|100\/100\n|-item|p2a: Iron Hands|Assault Vest|[from] ability: Frisk|[of] p1b: Typhlosion|[identify]\n|turn|4\n|\n|t:|1701208992\n|move|p1a: Tornadus|Tailwind|p1a: Tornadus\n|-sidestart|p1: komikudikenleu|move: Tailwind\n|move|p2b: Flutter Mane|Moonblast|p1b: Typhlosion\n|-resisted|p1b: Typhlosion\n|-damage|p1b: Typhlosion|35\/100\n|-unboost|p1b: Typhlosion|spa|1\n|move|p1b: Typhlosion|Eruption|p2b: Flutter Mane|[spread] p2a,p2b\n|-damage|p2a: Iron Hands|0 fnt\n|-damage|p2b: Flutter Mane|54\/100\n|faint|p2a: Iron Hands\n|-end|p2a: Iron Hands|Quark Drive|[silent]\n|\n|-sideend|p2: ZzAaCcNn|move: Tailwind\n|upkeep\n|turn|5\n|inactive|komikudikenleu has 30 seconds left.\n|\n|t:|1701209027\n|move|p1a: Tornadus|Sunny Day|p1a: Tornadus\n|-weather|SunnyDay\n|move|p1b: Typhlosion|Heat Wave|p2b: Flutter Mane\n|-damage|p2b: Flutter Mane|0 fnt\n|faint|p2b: Flutter Mane\n|-end|p2b: Flutter Mane|Protosynthesis|[silent]\n|\n|win|komikudikenleu\n|raw|komikudikenleu's rating: 1033 &rarr; <strong>1065<\/strong><br \/>(+32 for winning)\n|raw|ZzAaCcNn's rating: 1000 &rarr; <strong>1000<\/strong><br \/>(+0 for losing)\n|l|\u2606komikudikenleu\n","uploadtime":1701209040,"views":2,"p1id":"komikudikenleu","p2id":"zzaaccnn","formatid":"gen9vgc2023regulatione","rating":1000,"private":0,"password":""}