{"id":"gen9vgc2023regulatione-1994471359","p1":"Cloak_Carton","p2":"Llort365","format":"[Gen 9] VGC 2023 Regulation E","log":"|j|\u2606Cloak_Carton\n|j|\u2606Llort365\n|t:|1700447767\n|gametype|doubles\n|player|p1|Cloak_Carton|2|1095\n|player|p2|Llort365|hilbert-wonderlauncher|1000\n|teamsize|p1|6\n|teamsize|p2|6\n|gen|9\n|tier|[Gen 9] VGC 2023 Regulation E\n|rated|\n|rule|Species Clause: Limit one of each Pok\u00e9mon\n|rule|Item Clause: Limit one of each item\n|clearpoke\n|poke|p1|Urshifu-*, L50, M|\n|poke|p1|Regieleki, L50|\n|poke|p1|Floatzel, L50, M|\n|poke|p1|Cresselia, L50, F|\n|poke|p1|Amoonguss, L50, F|\n|poke|p1|Arcanine, L50, F|\n|poke|p2|Tinkaton, L50, F|\n|poke|p2|Amoonguss, L50, M|\n|poke|p2|Ceruledge, L50, F|\n|poke|p2|Iron Bundle, L50|\n|poke|p2|Flutter Mane, L50|\n|poke|p2|Kingambit, L50, F|\n|teampreview|4\n|inactive|Battle timer is ON: inactive players will automatically lose when time's up. (requested by Cloak_Carton)\nCloak_Carton has agreed to open team sheets.\nLlort365 has agreed to open team sheets.\n|inactive|Cloak_Carton has 30 seconds left.\n|inactive|Llort365 has 30 seconds left.\n|inactive|Llort365 has 20 seconds left.\n|inactive|Llort365 has 15 seconds left.\n|inactive|Llort365 has 10 seconds left.\n|inactive|Llort365 has 5 seconds left.\n|\n|t:|1700447828\n|start\n|switch|p1a: McQueen|Regieleki, L50|100\/100\n|switch|p1b: Juan|Urshifu-Rapid-Strike, L50, M|100\/100\n|switch|p2a: Tinkaton|Tinkaton, L50, F|100\/100\n|switch|p2b: Iron Bundle|Iron Bundle, L50|100\/100\n|-ability|p2a: Tinkaton|Mold Breaker\n|-enditem|p2b: Iron Bundle|Booster Energy\n|-activate|p2b: Iron Bundle|ability: Quark Drive|[fromitem]\n|-start|p2b: Iron Bundle|quarkdrivespe\n|turn|1\n|inactive|Cloak_Carton has 30 seconds left.\n|inactive|Cloak_Carton has 20 seconds left.\n|\n|t:|1700447867\n|switch|p1a: Ring|Cresselia, L50, F|100\/100\n|move|p1b: Juan|Detect|p1b: Juan\n|-singleturn|p1b: Juan|Protect\n|move|p2a: Tinkaton|Fake Out|p1a: Ring\n|-damage|p1a: Ring|96\/100\n|move|p2b: Iron Bundle|Freeze-Dry|p1b: Juan\n|-activate|p1b: Juan|move: Protect\n|\n|-heal|p1a: Ring|100\/100|[from] item: Leftovers\n|upkeep\n|turn|2\n|inactive|Cloak_Carton has 30 seconds left.\n|inactive|Llort365 has 30 seconds left.\n|\n|t:|1700447895\n|move|p2b: Iron Bundle|Protect|p2b: Iron Bundle\n|-singleturn|p2b: Iron Bundle|Protect\n|move|p1b: Juan|Detect|p1b: Juan\n|-singleturn|p1b: Juan|Protect\n|move|p2a: Tinkaton|Thunder Wave|p1b: Juan\n|-activate|p1b: Juan|move: Protect\n|move|p1a: Ring|Trick Room|p1a: Ring\n|-fieldstart|move: Trick Room|[of] p1a: Ring\n|\n|upkeep\n|turn|3\n|inactive|Llort365 has 30 seconds left.\n|inactive|Llort365 has 20 seconds left.\n|inactive|Cloak_Carton has 30 seconds left.\n|inactive|Llort365 has 15 seconds left.\n|inactive|Cloak_Carton has 20 seconds left.\n|\n|t:|1700447945\n|-terastallize|p2b: Iron Bundle|Ghost\n|move|p1a: Ring|Helping Hand|p1b: Juan\n|-singleturn|p1b: Juan|Helping Hand|[of] p1a: Ring\n|move|p2a: Tinkaton|Helping Hand|p2b: Iron Bundle\n|-singleturn|p2b: Iron Bundle|Helping Hand|[of] p2a: Tinkaton\n|move|p1b: Juan|Surging Strikes|p2a: Tinkaton\n|-crit|p2a: Tinkaton\n|-damage|p2a: Tinkaton|59\/100\n|-crit|p2a: Tinkaton\n|-damage|p2a: Tinkaton|16\/100\n|-crit|p2a: Tinkaton\n|-damage|p2a: Tinkaton|0 fnt\n|faint|p2a: Tinkaton\n|-hitcount|p2: Tinkaton|3\n|-damage|p1b: Juan|91\/100|[from] item: Life Orb\n|move|p2b: Iron Bundle|Freeze-Dry|p1b: Juan\n|-supereffective|p1b: Juan\n|-damage|p1b: Juan|0 fnt\n|faint|p1b: Juan\n|\n|upkeep\n|\n|t:|1700447963\n|switch|p2a: Kingambit|Kingambit, L50, F|100\/100\n|switch|p1b: Francis|Arcanine, L50, F|100\/100\n|-ability|p1b: Francis|Intimidate|boost\n|-unboost|p2a: Kingambit|atk|1\n|-ability|p2a: Kingambit|Defiant|boost\n|-boost|p2a: Kingambit|atk|2\n|-unboost|p2b: Iron Bundle|atk|1\n|turn|4\n|inactive|Llort365 has 30 seconds left.\n|\n|t:|1700447993\n|move|p1a: Ring|Helping Hand|p1b: Francis\n|-singleturn|p1b: Francis|Helping Hand|[of] p1a: Ring\n|move|p2a: Kingambit|Protect|p2a: Kingambit\n|-singleturn|p2a: Kingambit|Protect\n|move|p1b: Francis|Flare Blitz|p2a: Kingambit\n|-activate|p2a: Kingambit|move: Protect\n|move|p2b: Iron Bundle|Hydro Pump|p1b: Francis|[miss]\n|-miss|p2b: Iron Bundle|p1b: Francis\n|\n|upkeep\n|turn|5\n|inactive|Cloak_Carton has 30 seconds left.\n|inactive|Llort365 has 30 seconds left.\n|\n|t:|1700448027\n|switch|p2a: Flutter Mane|Flutter Mane, L50|100\/100\n|move|p1a: Ring|Psychic|p2b: Iron Bundle\n|-damage|p2b: Iron Bundle|50\/100\n|move|p1b: Francis|Will-O-Wisp|p2a: Flutter Mane\n|-status|p2a: Flutter Mane|brn\n|move|p2b: Iron Bundle|Hydro Pump|p1b: Francis\n|-supereffective|p1b: Francis\n|-damage|p1b: Francis|8\/100\n|\n|-damage|p2a: Flutter Mane|95\/100 brn|[from] brn\n|upkeep\n|turn|6\n|\n|t:|1700448044\n|-end|p2b: Iron Bundle|Quark Drive|[silent]\n|switch|p2b: Kingambit|Kingambit, L50, F|100\/100\n|move|p2a: Flutter Mane|Protect|p2a: Flutter Mane\n|-singleturn|p2a: Flutter Mane|Protect\n|move|p1a: Ring|Psychic|p2b: Kingambit\n|-immune|p2b: Kingambit\n|move|p1b: Francis|Flare Blitz|p2a: Flutter Mane\n|-activate|p2a: Flutter Mane|move: Protect\n|\n|-damage|p2a: Flutter Mane|89\/100 brn|[from] brn\n|-fieldend|move: Trick Room\n|upkeep\n|turn|7\n|\n|t:|1700448066\n|move|p1b: Francis|Extreme Speed|p2b: Kingambit\n|-resisted|p2b: Kingambit\n|-damage|p2b: Kingambit|93\/100\n|move|p2b: Kingambit|Sucker Punch||[still]\n|-fail|p2b: Kingambit\n|move|p2a: Flutter Mane|Shadow Ball|p1a: Ring\n|-supereffective|p1a: Ring\n|-damage|p1a: Ring|49\/100\n|move|p1a: Ring|Psychic|p2a: Flutter Mane\n|-damage|p2a: Flutter Mane|64\/100 brn\n|\n|-heal|p1a: Ring|55\/100|[from] item: Leftovers\n|-damage|p2a: Flutter Mane|58\/100 brn|[from] brn\n|upkeep\n|turn|8\n|\n|t:|1700448087\n|move|p1a: Ring|Helping Hand|p1b: Francis\n|-singleturn|p1b: Francis|Helping Hand|[of] p1a: Ring\n|move|p2b: Kingambit|Sucker Punch|p1b: Francis\n|-damage|p1b: Francis|0 fnt\n|faint|p1b: Francis\n|move|p2a: Flutter Mane|Shadow Ball|p1a: Ring\n|-supereffective|p1a: Ring\n|-damage|p1a: Ring|8\/100\n|\n|-heal|p1a: Ring|14\/100|[from] item: Leftovers\n|-damage|p2a: Flutter Mane|52\/100 brn|[from] brn\n|upkeep\n|\n|t:|1700448092\n|switch|p1b: McQueen|Regieleki, L50|100\/100\n|turn|9\n|\n|t:|1700448105\n|move|p1b: McQueen|Electroweb|p2a: Flutter Mane|[spread] p2a,p2b\n|-damage|p2a: Flutter Mane|32\/100 brn\n|-damage|p2b: Kingambit|76\/100\n|-unboost|p2a: Flutter Mane|spe|1\n|-unboost|p2b: Kingambit|spe|1\n|-ability|p2b: Kingambit|Defiant|boost\n|-boost|p2b: Kingambit|atk|2\n|move|p2a: Flutter Mane|Shadow Ball|p1a: Ring\n|-supereffective|p1a: Ring\n|-damage|p1a: Ring|0 fnt\n|faint|p1a: Ring\n|move|p2b: Kingambit|Swords Dance|p2b: Kingambit\n|-boost|p2b: Kingambit|atk|2\n|\n|-damage|p2a: Flutter Mane|26\/100 brn|[from] brn\n|upkeep\n|turn|10\n|\n|t:|1700448124\n|move|p1b: McQueen|Electroweb|p2a: Flutter Mane|[spread] p2a,p2b\n|-damage|p2a: Flutter Mane|8\/100 brn\n|-damage|p2b: Kingambit|56\/100\n|-unboost|p2a: Flutter Mane|spe|1\n|-unboost|p2b: Kingambit|spe|1\n|-ability|p2b: Kingambit|Defiant|boost\n|-boost|p2b: Kingambit|atk|2\n|move|p2a: Flutter Mane|Moonblast|p1b: McQueen|[miss]\n|-miss|p2a: Flutter Mane|p1b: McQueen\n|move|p2b: Kingambit|Kowtow Cleave|p1b: McQueen\n|-damage|p1b: McQueen|0 fnt\n|faint|p1b: McQueen\n|\n|win|Llort365\n|raw|Cloak_Carton's rating: 1095 &rarr; <strong>1064<\/strong><br \/>(-31 for losing)\n|raw|Llort365's rating: 1000 &rarr; <strong>1051<\/strong><br \/>(+51 for winning)\n|c|\u2606Llort365|gg\n","uploadtime":1700448137,"views":9,"p1id":"cloakcarton","p2id":"llort365","formatid":"gen9vgc2023regulatione","rating":1051,"private":0,"password":""}