{"id":"gen9vgc2023regulatione-1989191878","p1":"Flo51","p2":"Parallux","format":"[Gen 9] VGC 2023 Regulation E","log":"|j|\u2606Flo51\n|j|\u2606Parallux\n|t:|1699821853\n|gametype|doubles\n|player|p1|Flo51|ninjaboy|1165\n|player|p2|Parallux|burgh|1068\n|teamsize|p1|6\n|teamsize|p2|6\n|gen|9\n|tier|[Gen 9] VGC 2023 Regulation E\n|rated|\n|rule|Species Clause: Limit one of each Pok\u00e9mon\n|rule|Item Clause: Limit one of each item\n|clearpoke\n|poke|p1|Empoleon, L50, M|\n|poke|p1|Meowscarada, L50, M|\n|poke|p1|Flutter Mane, L50|\n|poke|p1|Urshifu-*, L50, F|\n|poke|p1|Salamence, L50, F|\n|poke|p1|Cresselia, L50, F|\n|poke|p2|Klefki, L50, M|\n|poke|p2|Roaring Moon, L50|\n|poke|p2|Chi-Yu, L50|\n|poke|p2|Ogerpon-Wellspring, L50, F|\n|poke|p2|Oinkologne, L50, M|\n|poke|p2|Spectrier, L50|\n|teampreview|4\n|inactive|Battle timer is ON: inactive players will automatically lose when time's up. (requested by Parallux)\n|inactive|Parallux has 60 seconds left.\n|\n|t:|1699821899\n|start\n|switch|p1a: Empoleon|Empoleon, L50, M|100\/100\n|switch|p1b: Meowscarada|Meowscarada, L50, M|100\/100\n|switch|p2a: Klefki|Klefki, L50, M|100\/100\n|switch|p2b: Roaring Moon|Roaring Moon, L50|100\/100\n|-enditem|p2b: Roaring Moon|Booster Energy\n|-activate|p2b: Roaring Moon|ability: Protosynthesis|[fromitem]\n|-start|p2b: Roaring Moon|protosynthesisatk\n|turn|1\n|\n|t:|1699821923\n|-terastallize|p2b: Roaring Moon|Flying\n|move|p2a: Klefki|Magic Room|p2a: Klefki\n|-fieldstart|move: Magic Room|[of] p2a: Klefki\n|move|p1b: Meowscarada|Grass Pledge|p2a: Klefki\n|-waiting|p1b: Meowscarada|p1a: Empoleon\n|move|p1a: Empoleon|Water Pledge|p2a: Klefki|[from]move: Grass Pledge\n|-combine\n|-resisted|p2a: Klefki\n|-damage|p2a: Klefki|57\/100\n|-sidestart|p2: Parallux|Grass Pledge\n|move|p2b: Roaring Moon|Acrobatics|p1b: Meowscarada\n|-supereffective|p1b: Meowscarada\n|-damage|p1b: Meowscarada|0 fnt\n|faint|p1b: Meowscarada\n|\n|upkeep\n|inactive|Flo51 has 30 seconds left.\n|inactive|Flo51 has 20 seconds left.\n|\n|t:|1699821958\n|switch|p1b: Flutter Mane|Flutter Mane, L50|100\/100\n|turn|2\n|\n|t:|1699821970\n|move|p2a: Klefki|Light Screen|p2a: Klefki\n|-sidestart|p2: Parallux|move: Light Screen\n|move|p1b: Flutter Mane|Shadow Ball|p2a: Klefki\n|-damage|p2a: Klefki|20\/100\n|move|p1a: Empoleon|Ice Beam|p2b: Roaring Moon\n|-supereffective|p2b: Roaring Moon\n|-damage|p2b: Roaring Moon|63\/100\n|move|p2b: Roaring Moon|Crunch|p1b: Flutter Mane\n|-damage|p1b: Flutter Mane|9\/100\n|\n|upkeep\n|turn|3\n|\n|t:|1699821991\n|move|p1b: Flutter Mane|Moonblast|p2b: Roaring Moon\n|-damage|p2b: Roaring Moon|26\/100\n|move|p1a: Empoleon|Icy Wind|p2a: Klefki|[spread] p2a,p2b\n|-resisted|p2a: Klefki\n|-supereffective|p2b: Roaring Moon\n|-damage|p2a: Klefki|15\/100\n|-damage|p2b: Roaring Moon|9\/100\n|-unboost|p2a: Klefki|spe|1\n|-unboost|p2b: Roaring Moon|spe|1\n|move|p2b: Roaring Moon|Acrobatics|p1a: Empoleon\n|-resisted|p1a: Empoleon\n|-crit|p1a: Empoleon\n|-damage|p1a: Empoleon|36\/100\n|move|p2a: Klefki|Flash Cannon|p1b: Flutter Mane\n|-supereffective|p1b: Flutter Mane\n|-damage|p1b: Flutter Mane|0 fnt\n|faint|p1b: Flutter Mane\n|-end|p1b: Flutter Mane|Protosynthesis|[silent]\n|\n|upkeep\n|\n|t:|1699822006\n|switch|p1b: Urshifu|Urshifu, L50, F|100\/100\n|turn|4\n|inactive|Flo51 has 30 seconds left.\n|inactive|Parallux has 30 seconds left.\n|\n|t:|1699822037\n|-end|p2b: Roaring Moon|Protosynthesis|[silent]\n|switch|p2b: Ogerpon|Ogerpon-Wellspring, L50, F|100\/100\n|move|p1b: Urshifu|Sucker Punch||[still]\n|-fail|p1b: Urshifu\n|move|p2a: Klefki|Reflect|p2a: Klefki\n|-sidestart|p2: Parallux|Reflect\n|move|p1a: Empoleon|Flash Cannon|p2a: Klefki\n|-damage|p2a: Klefki|0 fnt\n|faint|p2a: Klefki\n|\n|-sideend|p2: Parallux|Grass Pledge\n|upkeep\n|\n|t:|1699822051\n|switch|p2a: Chi-Yu|Chi-Yu, L50|100\/100\n|-ability|p2a: Chi-Yu|Beads of Ruin\n|turn|5\n|\n|t:|1699822075\n|move|p2b: Ogerpon|Follow Me|p2b: Ogerpon\n|-singleturn|p2b: Ogerpon|move: Follow Me\n|move|p2a: Chi-Yu|Nasty Plot|p2a: Chi-Yu\n|-boost|p2a: Chi-Yu|spa|2\n|move|p1b: Urshifu|Poison Jab|p2b: Ogerpon\n|-supereffective|p2b: Ogerpon\n|-damage|p2b: Ogerpon|47\/100\n|move|p1a: Empoleon|Icy Wind|p2b: Ogerpon|[spread] p2a,p2b\n|-resisted|p2a: Chi-Yu\n|-damage|p2a: Chi-Yu|95\/100\n|-damage|p2b: Ogerpon|33\/100\n|-unboost|p2a: Chi-Yu|spe|1\n|-unboost|p2b: Ogerpon|spe|1\n|\n|-fieldend|move: Magic Room|[of] p2: Klefki\n|upkeep\n|turn|6\n|inactive|Flo51 has 30 seconds left.\n|\n|t:|1699822104\n|move|p2b: Ogerpon|Follow Me|p2b: Ogerpon\n|-singleturn|p2b: Ogerpon|move: Follow Me\n|move|p2a: Chi-Yu|Heat Wave|p1a: Empoleon|[spread] p1a,p1b\n|-damage|p1a: Empoleon|0 fnt\n|-damage|p1b: Urshifu|0 fnt\n|faint|p1a: Empoleon\n|faint|p1b: Urshifu\n|\n|win|Parallux\n|raw|Flo51's rating: 1165 &rarr; <strong>1133<\/strong><br \/>(-32 for losing)\n|raw|Parallux's rating: 1068 &rarr; <strong>1106<\/strong><br \/>(+38 for winning)\n|l|\u2606Flo51\n","uploadtime":1699822278,"views":11,"p1id":"flo51","p2id":"parallux","formatid":"gen9vgc2023regulatione","rating":1106,"private":0,"password":""}