{"id":"gen9vgc2023regulatione-1989867605","p1":"oRinNeGa7V1","p2":"jmaustinIV","format":"[Gen 9] VGC 2023 Regulation E","log":"|j|\u2606oRinNeGa7V1\n|j|\u2606jmaustinIV\n|t:|1699902379\n|gametype|doubles\n|player|p1|oRinNeGa7V1|miriam|1318\n|player|p2|jmaustinIV|265|1306\n|teamsize|p1|6\n|teamsize|p2|6\n|gen|9\n|tier|[Gen 9] VGC 2023 Regulation E\n|rated|\n|rule|Species Clause: Limit one of each Pok\u00e9mon\n|rule|Item Clause: Limit one of each item\n|clearpoke\n|poke|p1|Moltres-Galar, L50|\n|poke|p1|Arcanine-Hisui, L50, M|\n|poke|p1|Munkidori, L50, M|\n|poke|p1|Sinistcha, L50|\n|poke|p1|Grimmsnarl, L50, M|\n|poke|p1|Milotic, L50, F|\n|poke|p2|Gyarados, L50, M|\n|poke|p2|Raichu, L50, F|\n|poke|p2|Zapdos-Galar, L50|\n|poke|p2|Dragonite, L50, F|\n|poke|p2|Slowpoke, L50, F|\n|poke|p2|Torkoal, L50, F|\n|teampreview|4\n|inactive|Battle timer is ON: inactive players will automatically lose when time's up. (requested by jmaustinIV)\n|inactive|oRinNeGa7V1 has 60 seconds left.\n|inactive|jmaustinIV has 60 seconds left.\n|\n|t:|1699902422\n|start\n|switch|p1a: Moltres|Moltres-Galar, L50|100\/100\n|switch|p1b: Grimmsnarl|Grimmsnarl, L50, M|100\/100\n|switch|p2a: Dragonite|Dragonite, L50, F|100\/100\n|switch|p2b: Slowpoke|Slowpoke, L50, F|100\/100\n|turn|1\n|\n|t:|1699902438\n|-terastallize|p2a: Dragonite|Steel\n|move|p1b: Grimmsnarl|Reflect|p1b: Grimmsnarl\n|-sidestart|p1: oRinNeGa7V1|Reflect\n|move|p1a: Moltres|Nasty Plot|p1a: Moltres\n|-boost|p1a: Moltres|spa|2\n|move|p2a: Dragonite|Iron Head|p1b: Grimmsnarl\n|-supereffective|p1b: Grimmsnarl\n|-damage|p1b: Grimmsnarl|13\/100\n|move|p2b: Slowpoke|Trick Room|p2b: Slowpoke\n|-fieldstart|move: Trick Room|[of] p2b: Slowpoke\n|\n|upkeep\n|turn|2\n|\n|t:|1699902457\n|switch|p2b: Torkoal|Torkoal, L50, F|100\/100\n|-weather|SunnyDay|[from] ability: Drought|[of] p2b: Torkoal\n|move|p1b: Grimmsnarl|Parting Shot|p2a: Dragonite\n|-unboost|p2a: Dragonite|atk|1\n|-unboost|p2a: Dragonite|spa|1\n|\n|t:|1699902466\n|switch|p1b: Munkidori|Munkidori, L50, M|100\/100|[from] Parting Shot\n|-item|p2a: Dragonite|Choice Band|[from] ability: Frisk|[of] p1b: Munkidori|[identify]\n|-item|p2b: Torkoal|Weakness Policy|[from] ability: Frisk|[of] p1b: Munkidori|[identify]\n|move|p2a: Dragonite|Iron Head|p1b: Munkidori\n|-damage|p1b: Munkidori|54\/100\n|move|p1a: Moltres|Nasty Plot|p1a: Moltres\n|-boost|p1a: Moltres|spa|2\n|\n|-weather|SunnyDay|[upkeep]\n|upkeep\n|turn|3\n|\n|t:|1699902483\n|move|p2b: Torkoal|Protect|p2b: Torkoal\n|-singleturn|p2b: Torkoal|Protect\n|move|p1b: Munkidori|Fake Out|p2b: Torkoal\n|-activate|p2b: Torkoal|move: Protect\n|move|p2a: Dragonite|Iron Head|p1b: Munkidori\n|-damage|p1b: Munkidori|6\/100\n|move|p1a: Moltres|Fiery Wrath|p2a: Dragonite|[spread] p2a\n|-activate|p2b: Torkoal|move: Protect\n|-damage|p2a: Dragonite|21\/100\n|\n|-weather|SunnyDay|[upkeep]\n|upkeep\n|turn|4\n|\n|t:|1699902505\n|switch|p2b: Zapdos|Zapdos-Galar, L50|100\/100\n|switch|p1b: Grimmsnarl|Grimmsnarl, L50, M|13\/100\n|move|p1a: Moltres|Protect|p1a: Moltres\n|-singleturn|p1a: Moltres|Protect\n|move|p2a: Dragonite|Iron Head|p1b: Grimmsnarl\n|-supereffective|p1b: Grimmsnarl\n|-damage|p1b: Grimmsnarl|0 fnt\n|faint|p1b: Grimmsnarl\n|\n|-weather|SunnyDay|[upkeep]\n|upkeep\n|\n|t:|1699902516\n|switch|p1b: Munkidori|Munkidori, L50, M|6\/100\n|-item|p2a: Dragonite|Choice Band|[from] ability: Frisk|[of] p1b: Munkidori|[identify]\n|-item|p2b: Zapdos|Choice Scarf|[from] ability: Frisk|[of] p1b: Munkidori|[identify]\n|turn|5\n|inactive|jmaustinIV has 30 seconds left.\n|\n|t:|1699902549\n|move|p1b: Munkidori|Fake Out|p2b: Zapdos\n|-damage|p2b: Zapdos|93\/100\n|move|p2a: Dragonite|Iron Head|p1a: Moltres\n|-damage|p1a: Moltres|71\/100\n|cant|p1a: Moltres|flinch\n|cant|p2b: Zapdos|flinch\n|\n|-weather|SunnyDay|[upkeep]\n|-fieldend|move: Trick Room\n|upkeep\n|turn|6\n|inactive|oRinNeGa7V1 has 30 seconds left.\n|\n|t:|1699902574\n|move|p2b: Zapdos|Brave Bird|p1a: Moltres\n|-damage|p1a: Moltres|33\/100\n|-damage|p2b: Zapdos|78\/100|[from] Recoil\n|-ability|p1a: Moltres|Berserk|boost\n|-boost|p1a: Moltres|spa|1\n|-enditem|p1a: Moltres|Sitrus Berry|[eat]\n|-heal|p1a: Moltres|58\/100|[from] item: Sitrus Berry\n|move|p1b: Munkidori|Parting Shot|p2b: Zapdos\n|-unboost|p2b: Zapdos|atk|1\n|-ability|p2b: Zapdos|Defiant|boost\n|-boost|p2b: Zapdos|atk|2\n|-unboost|p2b: Zapdos|spa|1\n|-ability|p2b: Zapdos|Defiant|boost\n|-boost|p2b: Zapdos|atk|2\n|\n|t:|1699902588\n|switch|p1b: Sinistcha|Sinistcha, L50|100\/100|[from] Parting Shot\n|-heal|p1a: Moltres|83\/100|[from] ability: Hospitality|[of] p1b: Sinistcha\n|move|p1a: Moltres|Fiery Wrath|p2a: Dragonite|[spread] p2a,p2b\n|-crit|p2a: Dragonite\n|-resisted|p2b: Zapdos\n|-damage|p2a: Dragonite|0 fnt\n|-damage|p2b: Zapdos|13\/100\n|faint|p2a: Dragonite\n|\n|-weather|none\n|upkeep\n|\n|t:|1699902599\n|switch|p2a: Slowpoke|Slowpoke, L50, F|100\/100\n|turn|7\n|\n|t:|1699902614\n|-terastallize|p1b: Sinistcha|Dragon\n|move|p1b: Sinistcha|Rage Powder|p1b: Sinistcha\n|-singleturn|p1b: Sinistcha|move: Rage Powder\n|move|p2b: Zapdos|Brave Bird|p1b: Sinistcha\n|-crit|p1b: Sinistcha\n|-damage|p1b: Sinistcha|0 fnt\n|-damage|p2b: Zapdos|0 fnt|[from] item: Rocky Helmet|[of] p1b: Sinistcha\n|faint|p1b: Sinistcha\n|faint|p2b: Zapdos\n|move|p1a: Moltres|Fiery Wrath|p2a: Slowpoke\n|-supereffective|p2a: Slowpoke\n|-damage|p2a: Slowpoke|0 fnt\n|faint|p2a: Slowpoke\n|\n|upkeep\n|\n|t:|1699902628\n|switch|p2b: Torkoal|Torkoal, L50, F|100\/100\n|switch|p1b: Munkidori|Munkidori, L50, M|6\/100\n|-item|p2b: Torkoal|Weakness Policy|[from] ability: Frisk|[of] p1b: Munkidori|[identify]\n|-weather|SunnyDay|[from] ability: Drought|[of] p2b: Torkoal\n|turn|8\n|\n|t:|1699902636\n|move|p2b: Torkoal|Protect|p2b: Torkoal\n|-singleturn|p2b: Torkoal|Protect\n|move|p1b: Munkidori|Fake Out|p2b: Torkoal\n|-activate|p2b: Torkoal|move: Protect\n|move|p1a: Moltres|Fiery Wrath|p2b: Torkoal\n|-activate|p2b: Torkoal|move: Protect\n|\n|-weather|SunnyDay|[upkeep]\n|-sideend|p1: oRinNeGa7V1|Reflect\n|upkeep\n|turn|9\n|\n|t:|1699902648\n|move|p1b: Munkidori|Psychic|p2b: Torkoal\n|-damage|p2b: Torkoal|56\/100\n|move|p1a: Moltres|Fiery Wrath|p2b: Torkoal\n|-damage|p2b: Torkoal|0 fnt\n|faint|p2b: Torkoal\n|\n|win|oRinNeGa7V1\n|raw|oRinNeGa7V1's rating: 1318 &rarr; <strong>1337<\/strong><br \/>(+19 for winning)\n|raw|jmaustinIV's rating: 1306 &rarr; <strong>1287<\/strong><br \/>(-19 for losing)\n|l|\u2606jmaustinIV\n","uploadtime":1699902681,"views":10,"p1id":"orinnega7v1","p2id":"jmaustiniv","formatid":"gen9vgc2023regulatione","rating":1287,"private":0,"password":""}