{"id":"gen9vgc2023regulatione-1998384185","p1":"Lautaro Borlinkez","p2":"arnauito_77","format":"[Gen 9] VGC 2023 Regulation E","log":"|j|\u2606Lautaro Borlinkez\n|j|\u2606arnauito_77\n|n|\u2606Lautaro Borlinkez|lautaroborlinkez\n|n|\u2606arnauito_77|arnauito77\n|html|View the match progress at <a href=\"\/game-bestof3-gen9vgc2023regulatione-1998384184\">game-bestof3-gen9vgc2023regulatione-1998384184<\/a>\n|t:|1700936278\n|gametype|doubles\n|player|p1|Lautaro Borlinkez|170|\n|player|p2|arnauito_77|lucas|\n|teamsize|p1|6\n|teamsize|p2|6\n|gen|9\n|tier|[Gen 9] VGC 2023 Regulation E\n|rule|Species Clause: Limit one of each Pok\u00e9mon\n|rule|Item Clause: Limit one of each item\n|clearpoke\n|poke|p1|Cresselia, L50, F|\n|poke|p1|Ursaluna, L50, F|\n|poke|p1|Bronzong, L50|\n|poke|p1|Abomasnow, L50, F|\n|poke|p1|Glastrier, L50|\n|poke|p1|Iron Hands, L50|\n|poke|p2|Tornadus, L50, M|\n|poke|p2|Urshifu-*, L50, F|\n|poke|p2|Arcanine-Hisui, L50, M|\n|poke|p2|Rillaboom, L50, M|\n|poke|p2|Flutter Mane, L50|\n|poke|p2|Iron Hands, L50|\n|teampreview|4\nLautaro Borlinkez has agreed to open team sheets.\narnauito_77 has agreed to open team sheets.\n|showteam|p1|Cresselia||MentalHerb|Levitate|Moonblast,TrickRoom,LunarBlessing,Thunderbolt|||F|||50|,,,,,Electric]Ursaluna||FlameOrb|Guts|Protect,Earthquake,Facade,RockSlide|||F|||50|,,,,,Ground]Bronzong||SafetyGoggles|Levitate|TrickRoom,GyroBall,Safeguard,Protect||||||50|,,,,,Fire]Abomasnow||WeaknessPolicy|SnowWarning|GigaDrain,Blizzard,EarthPower,AuroraVeil|||F|||50|,,,,,Water]Glastrier||LifeOrb|ChillingNeigh|IcicleCrash,StompingTantrum,HeavySlam,SwordsDance||||||50|,,,,,Ice]Iron Hands||AssaultVest|QuarkDrive|DrainPunch,WildCharge,VoltSwitch,FakeOut||||||50|,,,,,Flying\n|showteam|p2|Tornadus||RockyHelmet|Prankster|Tailwind,BleakwindStorm,Protect,RainDance|||M|||50|,,,,,Ghost]Urshifu-Rapid-Strike||ChoiceScarf|UnseenFist|Uturn,CloseCombat,SurgingStrikes,AquaJet|||F|||50|,,,,,Water]Arcanine-Hisui||ChoiceBand|Intimidate|FlareBlitz,RockSlide,TeraBlast,ExtremeSpeed|||M|||50|,,,,,Fairy]Rillaboom||MiracleSeed|GrassySurge|FakeOut,WoodHammer,HighHorsepower,GrassyGlide|||M|||50|,,,,,Poison]Flutter Mane||BoosterEnergy|Protosynthesis|Protect,DazzlingGleam,Moonblast,ShadowBall||||||50|,,,,,Fairy]Iron Hands||AssaultVest|QuarkDrive|FakeOut,DrainPunch,WildCharge,HeavySlam||||||50|,,,,,Fire\n|j| ArceusVGC\n|c|\u2606arnauito_77|GL\n|\n|t:|1700936321\n|start\n|switch|p1a: Abomasnow|Abomasnow, L50, F|100\/100\n|switch|p1b: Cresselia|Cresselia, L50, F|100\/100\n|switch|p2a: Urshifu|Urshifu-Rapid-Strike, L50, F|100\/100\n|switch|p2b: Flutter Mane|Flutter Mane, L50|100\/100\n|-weather|Snow|[from] ability: Snow Warning|[of] p1a: Abomasnow\n|-enditem|p2b: Flutter Mane|Booster Energy\n|-activate|p2b: Flutter Mane|ability: Protosynthesis|[fromitem]\n|-start|p2b: Flutter Mane|protosynthesisspa\n|turn|1\n|c|\u2606Lautaro Borlinkez|Suertesinha\n|j| ARANHADUMARAR\n|\n|t:|1700936343\n|-terastallize|p2b: Flutter Mane|Fairy\n|move|p2a: Urshifu|Close Combat|p1a: Abomasnow\n|-supereffective|p1a: Abomasnow\n|-damage|p1a: Abomasnow|8\/100\n|-unboost|p2a: Urshifu|def|1\n|-unboost|p2a: Urshifu|spd|1\n|-enditem|p1a: Abomasnow|Weakness Policy\n|-boost|p1a: Abomasnow|atk|2|[from] item: Weakness Policy\n|-boost|p1a: Abomasnow|spa|2|[from] item: Weakness Policy\n|move|p2b: Flutter Mane|Dazzling Gleam|p1b: Cresselia|[spread] p1a,p1b\n|-damage|p1a: Abomasnow|0 fnt\n|-damage|p1b: Cresselia|69\/100\n|faint|p1a: Abomasnow\n|move|p1b: Cresselia|Trick Room|p1b: Cresselia\n|-fieldstart|move: Trick Room|[of] p1b: Cresselia\n|\n|-weather|Snow|[upkeep]\n|upkeep\n|\n|t:|1700936351\n|switch|p1a: Ursaluna|Ursaluna, L50, F|100\/100\n|turn|2\n|\n|t:|1700936362\n|switch|p2a: Rillaboom|Rillaboom, L50, M|100\/100\n|-fieldstart|move: Grassy Terrain|[from] ability: Grassy Surge|[of] p2a: Rillaboom\n|move|p1a: Ursaluna|Protect|p1a: Ursaluna\n|-singleturn|p1a: Ursaluna|Protect\n|move|p2b: Flutter Mane|Protect|p2b: Flutter Mane\n|-singleturn|p2b: Flutter Mane|Protect\n|move|p1b: Cresselia|Moonblast|p2a: Rillaboom\n|-damage|p2a: Rillaboom|77\/100\n|\n|-weather|Snow|[upkeep]\n|-heal|p2a: Rillaboom|83\/100|[from] Grassy Terrain\n|-status|p1a: Ursaluna|brn|[from] item: Flame Orb\n|upkeep\n|turn|3\n|\n|t:|1700936389\n|move|p2a: Rillaboom|Fake Out|p1a: Ursaluna\n|-damage|p1a: Ursaluna|89\/100 brn\n|cant|p1a: Ursaluna|flinch\n|move|p1b: Cresselia|Moonblast|p2a: Rillaboom\n|-damage|p2a: Rillaboom|61\/100\n|-unboost|p2a: Rillaboom|spa|1\n|move|p2b: Flutter Mane|Moonblast|p1a: Ursaluna\n|-damage|p1a: Ursaluna|15\/100 brn\n|\n|-weather|Snow|[upkeep]\n|-heal|p1a: Ursaluna|21\/100 brn|[from] Grassy Terrain\n|-heal|p2a: Rillaboom|67\/100|[from] Grassy Terrain\n|-damage|p1a: Ursaluna|15\/100 brn|[from] brn\n|upkeep\n|turn|4\n|c|\u2606Lautaro Borlinkez|Gg\n|\n|t:|1700936416\n|move|p2a: Rillaboom|Grassy Glide|p1a: Ursaluna\n|-supereffective|p1a: Ursaluna\n|-damage|p1a: Ursaluna|0 fnt\n|faint|p1a: Ursaluna\n|move|p1b: Cresselia|Moonblast|p2a: Rillaboom\n|-damage|p2a: Rillaboom|44\/100\n|-unboost|p2a: Rillaboom|spa|1\n|move|p2b: Flutter Mane|Moonblast|p1b: Cresselia\n|-damage|p1b: Cresselia|19\/100\n|\n|-weather|Snow|[upkeep]\n|-heal|p2a: Rillaboom|50\/100|[from] Grassy Terrain\n|upkeep\n|\n|t:|1700936419\n|switch|p1a: Iron Hands|Iron Hands, L50|100\/100\n|turn|5\n|\n|t:|1700936441\n|move|p1a: Iron Hands|Fake Out|p2a: Rillaboom\n|-damage|p2a: Rillaboom|35\/100\n|cant|p2a: Rillaboom|flinch\n|move|p1b: Cresselia|Lunar Blessing|p1b: Cresselia|[spread] p1a,p1b\n|-heal|p1b: Cresselia|45\/100\n|move|p2b: Flutter Mane|Moonblast|p1a: Iron Hands\n|-supereffective|p1a: Iron Hands\n|-damage|p1a: Iron Hands|5\/100\n|\n|-weather|none\n|-heal|p1a: Iron Hands|12\/100|[from] Grassy Terrain\n|-heal|p2a: Rillaboom|41\/100|[from] Grassy Terrain\n|-fieldend|move: Trick Room\n|upkeep\n|turn|6\n|j| Lukitax_NM\n|\n|t:|1700936456\n|move|p2b: Flutter Mane|Dazzling Gleam|p1b: Cresselia|[spread] p1a,p1b\n|-supereffective|p1a: Iron Hands\n|-damage|p1a: Iron Hands|0 fnt\n|-damage|p1b: Cresselia|9\/100\n|faint|p1a: Iron Hands\n|-end|p1a: Iron Hands|Quark Drive|[silent]\n|move|p2a: Rillaboom|Wood Hammer|p1b: Cresselia\n|-damage|p1b: Cresselia|0 fnt\n|faint|p1b: Cresselia\n|-damage|p2a: Rillaboom|37\/100|[from] Recoil\n|\n|win|arnauito_77\n|c| Lukitax_NM|se pijearon a aboma xd\n|c|&|\/uhtml prompt-lautaroborlinkez,Lautaro Borlinkez is ready for game 2!\n|inactive|arnauito_77 has 50 seconds to confirm battle start!\n|c|\u2606arnauito_77|GG\n|c|&|\/uhtml prompt-arnauito77,arnauito_77 is ready for game 2!\nBoth players are ready! Starting next match!\n|c| ARANHADUMARAR|nada nada esto es historia de espa\u00f1a\n|l| Lukitax_NM\n|j| Lukitax_NM\n","uploadtime":1700936500,"views":1,"p1id":"lautaroborlinkez","p2id":"arnauito77","formatid":"gen9vgc2023regulatione","rating":0,"private":0,"password":""}