{"id":"gen9vgc2023regulatione-1999566116","p1":"Fenrirshadow","p2":"DoooofyRoooofy","format":"[Gen 9] VGC 2023 Regulation E","log":"|j|\u2606Fenrirshadow\n|j|\u2606DoooofyRoooofy\n|t:|1701096774\n|gametype|doubles\n|player|p1|Fenrirshadow|acetrainer-gen4dp|1281\n|player|p2|DoooofyRoooofy|clown|1193\n|teamsize|p1|6\n|teamsize|p2|6\n|gen|9\n|tier|[Gen 9] VGC 2023 Regulation E\n|rated|\n|rule|Species Clause: Limit one of each Pok\u00e9mon\n|rule|Item Clause: Limit one of each item\n|clearpoke\n|poke|p1|Heatran, L50, M|\n|poke|p1|Kommo-o, L50, F|\n|poke|p1|Amoonguss, L50, F|\n|poke|p1|Grimmsnarl, L50, M|\n|poke|p1|Urshifu-*, L50, M|\n|poke|p1|Flutter Mane, L50|\n|poke|p2|Arboliva, L50, M|\n|poke|p2|Torkoal, L50, F|\n|poke|p2|Chi-Yu, L50|\n|poke|p2|Tornadus, L50, M|\n|poke|p2|Slither Wing, L50|\n|poke|p2|Ting-Lu, L50|\n|teampreview|4\nFenrirshadow rejected open team sheets.\n|inactive|Battle timer is ON: inactive players will automatically lose when time's up. (requested by Fenrirshadow)\n|\n|t:|1701096828\n|start\n|switch|p1a: Amoonguss|Amoonguss, L50, F, shiny|100\/100\n|switch|p1b: Flutter Mane|Flutter Mane, L50, shiny|100\/100\n|switch|p2a: Tornadus|Tornadus, L50, M|100\/100\n|switch|p2b: Torkoal|Torkoal, L50, F|100\/100\n|-weather|SunnyDay|[from] ability: Drought|[of] p2b: Torkoal\n|-activate|p1b: Flutter Mane|ability: Protosynthesis\n|-start|p1b: Flutter Mane|protosynthesisspe\n|turn|1\n|inactive|Fenrirshadow has 30 seconds left.\n|\n|t:|1701096854\n|switch|p1a: Heatran|Heatran, L50, M|100\/100\n|move|p2a: Tornadus|Taunt|p1a: Heatran\n|-start|p1a: Heatran|move: Taunt\n|move|p1b: Flutter Mane|Dazzling Gleam|p2a: Tornadus|[spread] p2a,p2b\n|-resisted|p2b: Torkoal\n|-damage|p2a: Tornadus|73\/100\n|-damage|p2b: Torkoal|77\/100\n|move|p2b: Torkoal|Heat Wave|p1b: Flutter Mane|[spread] p1b\n|-start|p1a: Heatran|ability: Flash Fire\n|-damage|p1b: Flutter Mane|64\/100\n|\n|-weather|SunnyDay|[upkeep]\n|upkeep\n|turn|2\n|\n|t:|1701096873\n|move|p1b: Flutter Mane|Shadow Ball|p2b: Torkoal\n|-damage|p2b: Torkoal|24\/100\n|move|p2a: Tornadus|Bleakwind Storm|p1a: Heatran|[spread] p1b\n|-miss|p2a: Tornadus|p1a: Heatran\n|-damage|p1b: Flutter Mane|30\/100\n|move|p1a: Heatran|Heat Wave|p2b: Torkoal|[spread] p2a,p2b\n|-resisted|p2b: Torkoal\n|-damage|p2a: Tornadus|0 fnt\n|-damage|p2b: Torkoal|0 fnt\n|faint|p2a: Tornadus\n|faint|p2b: Torkoal\n|-damage|p1a: Heatran|91\/100|[from] item: Life Orb\n|\n|-weather|SunnyDay|[upkeep]\n|upkeep\n|\n|t:|1701096884\n|switch|p2a: Slither Wing|Slither Wing, L50|100\/100\n|switch|p2b: Ting-Lu|Ting-Lu, L50|100\/100\n|-activate|p2a: Slither Wing|ability: Protosynthesis\n|-start|p2a: Slither Wing|protosynthesisatk\n|-ability|p2b: Ting-Lu|Vessel of Ruin\n|turn|3\n|\n|t:|1701096904\n|move|p1b: Flutter Mane|Protect|p1b: Flutter Mane\n|-singleturn|p1b: Flutter Mane|Protect\n|move|p2a: Slither Wing|High Horsepower|p1a: Heatran\n|-supereffective|p1a: Heatran\n|-damage|p1a: Heatran|0 fnt\n|faint|p1a: Heatran\n|move|p2b: Ting-Lu|Stomping Tantrum|p1b: Flutter Mane\n|-activate|p1b: Flutter Mane|move: Protect\n|\n|-weather|SunnyDay|[upkeep]\n|upkeep\n|\n|t:|1701096927\n|switch|p1a: Kommo-o|Kommo-o, L50, F|100\/100\n|turn|4\n|\n|t:|1701096943\n|move|p1b: Flutter Mane|Dazzling Gleam|p2b: Ting-Lu|[spread] p2a,p2b\n|-supereffective|p2a: Slither Wing\n|-supereffective|p2b: Ting-Lu\n|-damage|p2a: Slither Wing|66\/100\n|-damage|p2b: Ting-Lu|59\/100\n|move|p1a: Kommo-o|Clangorous Soul|p1a: Kommo-o\n|-boost|p1a: Kommo-o|atk|1\n|-boost|p1a: Kommo-o|def|1\n|-boost|p1a: Kommo-o|spa|1\n|-boost|p1a: Kommo-o|spd|1\n|-boost|p1a: Kommo-o|spe|1\n|-damage|p1a: Kommo-o|68\/100\n|-enditem|p1a: Kommo-o|Throat Spray\n|-boost|p1a: Kommo-o|spa|1|[from] item: Throat Spray\n|move|p2a: Slither Wing|Flame Charge|p1b: Flutter Mane\n|-damage|p1b: Flutter Mane|0 fnt\n|-boost|p2a: Slither Wing|spe|1\n|faint|p1b: Flutter Mane\n|-end|p1b: Flutter Mane|Protosynthesis|[silent]\n|move|p2b: Ting-Lu|Ruination|p1a: Kommo-o\n|-damage|p1a: Kommo-o|34\/100\n|\n|-weather|SunnyDay|[upkeep]\n|-heal|p2b: Ting-Lu|65\/100|[from] item: Leftovers\n|upkeep\n|\n|t:|1701096965\n|switch|p1b: Amoonguss|Amoonguss, L50, F, shiny|100\/100\n|turn|5\n|\n|t:|1701096981\n|move|p1a: Kommo-o|Clanging Scales|p2a: Slither Wing|[spread] p2a,p2b\n|-damage|p2a: Slither Wing|28\/100\n|-damage|p2b: Ting-Lu|17\/100\n|-unboost|p1a: Kommo-o|def|1\n|move|p2a: Slither Wing|Flame Charge|p1a: Kommo-o\n|-resisted|p1a: Kommo-o\n|-damage|p1a: Kommo-o|17\/100\n|-boost|p2a: Slither Wing|spe|1\n|move|p2b: Ting-Lu|Stomping Tantrum|p1a: Kommo-o\n|-damage|p1a: Kommo-o|0 fnt\n|faint|p1a: Kommo-o\n|move|p1b: Amoonguss|Pollen Puff|p1: Kommo-o|[notarget]\n|-fail|p1b: Amoonguss\n|\n|-weather|SunnyDay|[upkeep]\n|-heal|p2b: Ting-Lu|23\/100|[from] item: Leftovers\n|upkeep\n|turn|6\n|\n|t:|1701097003\n|move|p2a: Slither Wing|Flame Charge|p1b: Amoonguss\n|-supereffective|p1b: Amoonguss\n|-damage|p1b: Amoonguss|47\/100\n|-boost|p2a: Slither Wing|spe|1\n|-damage|p2a: Slither Wing|12\/100|[from] item: Rocky Helmet|[of] p1b: Amoonguss\n|move|p2b: Ting-Lu|Stomping Tantrum|p1b: Amoonguss\n|-damage|p1b: Amoonguss|25\/100\n|-damage|p2b: Ting-Lu|6\/100|[from] item: Rocky Helmet|[of] p1b: Amoonguss\n|move|p1b: Amoonguss|Spore|p2a: Slither Wing\n|-status|p2a: Slither Wing|slp|[from] move: Spore\n|\n|-weather|SunnyDay|[upkeep]\n|-heal|p2b: Ting-Lu|12\/100|[from] item: Leftovers\n|upkeep\n|turn|7\n|inactive|Fenrirshadow has 30 seconds left.\n|inactive|DoooofyRoooofy has 30 seconds left.\n|\n|t:|1701097039\n|cant|p2a: Slither Wing|slp\n|move|p2b: Ting-Lu|Stomping Tantrum|p1b: Amoonguss\n|-damage|p1b: Amoonguss|5\/100\n|-damage|p2b: Ting-Lu|0 fnt|[from] item: Rocky Helmet|[of] p1b: Amoonguss\n|faint|p2b: Ting-Lu\n|move|p1b: Amoonguss|Pollen Puff|p2a: Slither Wing\n|-resisted|p2a: Slither Wing\n|-damage|p2a: Slither Wing|6\/100 slp\n|\n|-weather|SunnyDay|[upkeep]\n|upkeep\n|turn|8\n|\n|t:|1701097052\n|cant|p2a: Slither Wing|slp\n|move|p1b: Amoonguss|Clear Smog|p2a: Slither Wing\n|-crit|p2a: Slither Wing\n|-damage|p2a: Slither Wing|0 fnt\n|-clearboost|p2a: Slither Wing\n|faint|p2a: Slither Wing\n|-end|p2a: Slither Wing|Protosynthesis|[silent]\n|\n|win|Fenrirshadow\n|raw|Fenrirshadow's rating: 1281 &rarr; <strong>1300<\/strong><br \/>(+19 for winning)\n|raw|DoooofyRoooofy's rating: 1193 &rarr; <strong>1174<\/strong><br \/>(-19 for losing)\n|l|\u2606DoooofyRoooofy\n","uploadtime":1701097069,"views":2,"p1id":"fenrirshadow","p2id":"doooofyroooofy","formatid":"gen9vgc2023regulatione","rating":1174,"private":0,"password":""}