{"id":"gen9vgc2023regulatione-1995489194","p1":"paolance","p2":"YoungCopatore","format":"[Gen 9] VGC 2023 Regulation E","log":"|j|\u2606paolance\n|j|\u2606YoungCopatore\n|n|\u2606paolance|paolance\n|n|\u2606YoungCopatore|youngcopatore\n|html|View the match progress at <a href=\"\/game-bestof3-gen9vgc2023regulatione-1995487164\">game-bestof3-gen9vgc2023regulatione-1995487164<\/a>\n|t:|1700576383\n|gametype|doubles\n|player|p1|paolance|266|\n|player|p2|YoungCopatore|alec-anime|\n|teamsize|p1|6\n|teamsize|p2|6\n|gen|9\n|tier|[Gen 9] VGC 2023 Regulation E\n|rated|Tournament battle\n|rule|Species Clause: Limit one of each Pok\u00e9mon\n|rule|Item Clause: Limit one of each item\n|clearpoke\n|poke|p1|Amoonguss, L50, F|\n|poke|p1|Landorus-Therian, L50, M|\n|poke|p1|Iron Hands, L50|\n|poke|p1|Flutter Mane, L50|\n|poke|p1|Heatran, L50, M|\n|poke|p1|Chien-Pao, L50|\n|poke|p2|Gholdengo, L50|\n|poke|p2|Urshifu-*, L50, M|\n|poke|p2|Tornadus, L50, M|\n|poke|p2|Landorus-Therian, L50, M|\n|poke|p2|Ogerpon-Wellspring, L50, F|\n|poke|p2|Brambleghast, L50, F|\n|teampreview|4\n|showteam|p1|Amoonguss||RockyHelmet|Regenerator|PollenPuff,RagePowder,Spore,Protect|||F|||50|,,,,,Water]Landorus-Therian||ChoiceScarf|Intimidate|TeraBlast,Uturn,StompingTantrum,RockSlide|||M|||50|,,,,,Flying]Iron Hands||AssaultVest|QuarkDrive|FakeOut,WildCharge,DrainPunch,HeavySlam||||||50|,,,,,Water]Flutter Mane||BoosterEnergy|Protosynthesis|Moonblast,ShadowBall,DazzlingGleam,Protect||||||50|,,,,,Fairy]Heatran||Leftovers|FlashFire|MagmaStorm,FlashCannon,EarthPower,Protect|||M|||50|,,,,,Grass]Chien-Pao||FocusSash|SwordofRuin|IcicleCrash,SuckerPunch,SacredSword,Protect||||||50|,,,,,Ghost\n|showteam|p2|Gholdengo||Leftovers|GoodasGold|MakeItRain,ShadowBall,NastyPlot,Protect||||||50|,,,,,Dragon]Urshifu-Rapid-Strike||LifeOrb|UnseenFist|SurgingStrikes,CloseCombat,AquaJet,Detect|||M|||50|,,,,,Poison]Tornadus||RockyHelmet|Prankster|BleakwindStorm,RainDance,Tailwind,Protect|||M|||50|,,,,,Ghost]Landorus-Therian||ChoiceBand|Intimidate|StompingTantrum,RockSlide,Earthquake,Uturn|||M|||50|,,,,,Water]Ogerpon-Wellspring||WellspringMask|WaterAbsorb|IvyCudgel,WoodHammer,FollowMe,SpikyShield|||F|||50|,,,,,Water]Brambleghast||FocusSash|WindRider|Poltergeist,PowerWhip,ShadowSneak,Protect|||F|||50|,,,,,Ghost\n|j| Red Fang X\n|j| Poke abir\n|inactive|Battle timer is ON: inactive players will automatically lose when time's up. (requested by YoungCopatore)\n|\n|t:|1700576422\n|start\n|switch|p1a: Chien-Pao|Chien-Pao, L50|100\/100\n|switch|p1b: Heatran|Heatran, L50, M, shiny|100\/100\n|switch|p2a: Gholdengo|Gholdengo, L50|100\/100\n|switch|p2b: Landorus|Landorus-Therian, L50, M|100\/100\n|-ability|p1a: Chien-Pao|Sword of Ruin\n|-ability|p2b: Landorus|Intimidate|boost\n|-unboost|p1a: Chien-Pao|atk|1\n|-unboost|p1b: Heatran|atk|1\n|turn|1\n|inactive|paolance has 30 seconds left.\n|\n|t:|1700576453\n|switch|p2b: Tornadus|Tornadus, L50, M|100\/100\n|-terastallize|p2a: Gholdengo|Dragon\n|move|p1a: Chien-Pao|Protect|p1a: Chien-Pao\n|-singleturn|p1a: Chien-Pao|Protect\n|move|p2a: Gholdengo|Nasty Plot|p2a: Gholdengo\n|-boost|p2a: Gholdengo|spa|2\n|move|p1b: Heatran|Magma Storm|p2b: Tornadus|[miss]\n|-miss|p1b: Heatran|p2b: Tornadus\n|\n|upkeep\n|turn|2\n|inactive|YoungCopatore has 30 seconds left.\n|\n|t:|1700576478\n|switch|p2b: Landorus|Landorus-Therian, L50, M|100\/100\n|-ability|p2b: Landorus|Intimidate|boost\n|-unboost|p1a: Chien-Pao|atk|1\n|-unboost|p1b: Heatran|atk|1\n|move|p2a: Gholdengo|Protect|p2a: Gholdengo\n|-singleturn|p2a: Gholdengo|Protect\n|move|p1a: Chien-Pao|Icicle Crash|p2b: Landorus\n|-supereffective|p2b: Landorus\n|-damage|p2b: Landorus|0 fnt\n|faint|p2b: Landorus\n|move|p1b: Heatran|Magma Storm|p2a: Gholdengo\n|-activate|p2a: Gholdengo|move: Protect\n|\n|upkeep\n|\n|t:|1700576486\n|switch|p2b: Tornadus|Tornadus, L50, M|100\/100\n|turn|3\n|\n|t:|1700576493\n|move|p2b: Tornadus|Tailwind|p2b: Tornadus\n|-sidestart|p2: YoungCopatore|move: Tailwind\n|move|p2a: Gholdengo|Make It Rain|p1a: Chien-Pao|[spread] p1a,p1b\n|-supereffective|p1a: Chien-Pao\n|-crit|p1a: Chien-Pao\n|-resisted|p1b: Heatran\n|-enditem|p1a: Chien-Pao|Focus Sash\n|-damage|p1a: Chien-Pao|1\/100\n|-damage|p1b: Heatran|80\/100\n|-unboost|p2a: Gholdengo|spa|1\n|move|p1a: Chien-Pao|Icicle Crash|p2a: Gholdengo|[miss]\n|-miss|p1a: Chien-Pao|p2a: Gholdengo\n|move|p1b: Heatran|Flash Cannon|p2a: Gholdengo\n|-damage|p2a: Gholdengo|61\/100\n|-unboost|p2a: Gholdengo|spd|1\n|\n|-heal|p2a: Gholdengo|67\/100|[from] item: Leftovers\n|-heal|p1b: Heatran|87\/100|[from] item: Leftovers\n|upkeep\n|turn|4\n|\n|t:|1700576506\n|move|p1a: Chien-Pao|Protect|p1a: Chien-Pao\n|-singleturn|p1a: Chien-Pao|Protect\n|move|p2b: Tornadus|Bleakwind Storm|p1b: Heatran|[spread] p1b\n|-activate|p1a: Chien-Pao|move: Protect\n|-resisted|p1b: Heatran\n|-damage|p1b: Heatran|72\/100\n|move|p2a: Gholdengo|Nasty Plot|p2a: Gholdengo\n|-boost|p2a: Gholdengo|spa|2\n|move|p1b: Heatran|Flash Cannon|p2b: Tornadus\n|-damage|p2b: Tornadus|52\/100\n|\n|-heal|p2a: Gholdengo|74\/100|[from] item: Leftovers\n|-heal|p1b: Heatran|78\/100|[from] item: Leftovers\n|upkeep\n|turn|5\n|\n|t:|1700576518\n|move|p1a: Chien-Pao|Sucker Punch|p2a: Gholdengo\n|-damage|p2a: Gholdengo|52\/100\n|move|p2b: Tornadus|Bleakwind Storm|p1a: Chien-Pao|[spread] p1a,p1b\n|-resisted|p1b: Heatran\n|-damage|p1a: Chien-Pao|0 fnt\n|-damage|p1b: Heatran|64\/100\n|faint|p1a: Chien-Pao\n|move|p2a: Gholdengo|Shadow Ball|p1b: Heatran\n|-damage|p1b: Heatran|0 fnt\n|faint|p1b: Heatran\n|\n|-heal|p2a: Gholdengo|58\/100|[from] item: Leftovers\n|upkeep\n|\n|t:|1700576530\n|switch|p1a: Landorus|Landorus-Therian, L50, M, shiny|100\/100\n|switch|p1b: Amoonguss|Amoonguss, L50, F|100\/100\n|-ability|p1a: Landorus|Intimidate|boost\n|-unboost|p2a: Gholdengo|atk|1\n|-unboost|p2b: Tornadus|atk|1\n|turn|6\n|-message|paolance forfeited.\n|\n|win|YoungCopatore\n|c|&|\/uhtml prompt-youngcopatore,YoungCopatore is ready for game 3!\n","uploadtime":1700576540,"views":6,"p1id":"paolance","p2id":"youngcopatore","formatid":"gen9vgc2023regulatione","rating":0,"private":0,"password":""}