{"id":"gen9vgc2023regulatione-1991122984","p1":"boi in the back","p2":"onionsparce","format":"[Gen 9] VGC 2023 Regulation E","log":"|j|\u2606boi in the back\n|j|\u2606onionsparce\n|t:|1700046440\n|gametype|doubles\n|player|p1|boi in the back|peony|1122\n|player|p2|onionsparce|roxie|1056\n|teamsize|p1|6\n|teamsize|p2|6\n|gen|9\n|tier|[Gen 9] VGC 2023 Regulation E\n|rated|\n|rule|Species Clause: Limit one of each Pok\u00e9mon\n|rule|Item Clause: Limit one of each item\n|clearpoke\n|poke|p1|Pelipper, L50, M|\n|poke|p1|Landorus, L50, M|\n|poke|p1|Ogerpon-Wellspring, L50, F|\n|poke|p1|Articuno-Galar, L50|\n|poke|p1|Urshifu-*, L50, M|\n|poke|p1|Basculegion, L50, M|\n|poke|p2|Ogerpon-Wellspring, L50, F|\n|poke|p2|Arcanine-Hisui, L50, M|\n|poke|p2|Uxie, L50|\n|poke|p2|Indeedee-F, L50, F|\n|poke|p2|Amoonguss, L50, M|\n|poke|p2|Munkidori, L50, M|\n|teampreview|4\n|inactive|Battle timer is ON: inactive players will automatically lose when time's up. (requested by onionsparce)\n|inactive|boi in the back also wants the timer to be on.\n|\n|t:|1700046452\n|start\n|switch|p1a: quagmire toilet|Pelipper, L50, M|100\/100\n|switch|p1b: ko = support 2|Ogerpon-Wellspring, L50, F|100\/100\n|switch|p2a: Uxie|Uxie, L50|100\/100\n|switch|p2b: Indeedee|Indeedee-F, L50, F|100\/100\n|-fieldstart|move: Psychic Terrain|[from] ability: Psychic Surge|[of] p2b: Indeedee\n|-enditem|p2a: Uxie|Psychic Seed\n|-boost|p2a: Uxie|spd|1|[from] item: Psychic Seed\n|-weather|RainDance|[from] ability: Drizzle|[of] p1a: quagmire toilet\n|turn|1\n|\n|t:|1700046476\n|move|p1b: ko = support 2|Spiky Shield|p1b: ko = support 2\n|-singleturn|p1b: ko = support 2|move: Protect\n|move|p2b: Indeedee|Follow Me|p2b: Indeedee\n|-singleturn|p2b: Indeedee|move: Follow Me\n|move|p2a: Uxie|Nasty Plot|p2a: Uxie\n|-boost|p2a: Uxie|spa|2\n|move|p1a: quagmire toilet|Tailwind|p1a: quagmire toilet\n|-sidestart|p1: boi in the back|move: Tailwind\n|\n|-weather|RainDance|[upkeep]\n|upkeep\n|turn|2\n|\n|t:|1700046488\n|-terastallize|p2a: Uxie|Fairy\n|move|p2b: Indeedee|Helping Hand|p2a: Uxie\n|-singleturn|p2a: Uxie|Helping Hand|[of] p2b: Indeedee\n|move|p1b: ko = support 2|Encore|p2a: Uxie\n|-start|p2a: Uxie|Encore\n|move|p1a: quagmire toilet|U-turn|p2b: Indeedee\n|-supereffective|p2b: Indeedee\n|-damage|p2b: Indeedee|81\/100\n|\n|t:|1700046498\n|switch|p1a: impossibly calm|Articuno-Galar, L50, shiny|100\/100|[from] U-turn\n|move|p2a: Uxie|Nasty Plot|p2a: Uxie\n|-boost|p2a: Uxie|spa|2\n|\n|-weather|RainDance|[upkeep]\n|upkeep\n|turn|3\n|\n|t:|1700046509\n|switch|p2b: Munkidori|Munkidori, L50, M|100\/100\n|move|p1b: ko = support 2|Ivy Cudgel|p2b: Munkidori|[anim] Ivy Cudgel Water\n|-damage|p2b: Munkidori|0 fnt\n|faint|p2b: Munkidori\n|move|p1a: impossibly calm|Calm Mind|p1a: impossibly calm\n|-boost|p1a: impossibly calm|spa|1\n|-boost|p1a: impossibly calm|spd|1\n|move|p2a: Uxie|Nasty Plot|p2a: Uxie\n|-boost|p2a: Uxie|spa|2\n|\n|-weather|RainDance|[upkeep]\n|upkeep\n|\n|t:|1700046525\n|switch|p2b: Ogerpon|Ogerpon-Wellspring, L50, F|100\/100\n|turn|4\n|\n|t:|1700046535\n|move|p2b: Ogerpon|Spiky Shield|p2b: Ogerpon\n|-singleturn|p2b: Ogerpon|move: Protect\n|move|p1b: ko = support 2|Follow Me|p1b: ko = support 2\n|-singleturn|p1b: ko = support 2|move: Follow Me\n|move|p1a: impossibly calm|Freezing Glare|p2a: Uxie\n|-damage|p2a: Uxie|66\/100\n|move|p2a: Uxie|Nasty Plot|p2a: Uxie\n|-boost|p2a: Uxie|spa|0\n|\n|-weather|RainDance|[upkeep]\n|-end|p2a: Uxie|Encore\n|-sideend|p1: boi in the back|move: Tailwind\n|upkeep\n|turn|5\n|\n|t:|1700046552\n|-terastallize|p1a: impossibly calm|Water\n|move|p1b: ko = support 2|Encore|p2a: Uxie\n|-start|p2a: Uxie|Encore\n|move|p2b: Ogerpon|Knock Off|p1a: impossibly calm\n|-damage|p1a: impossibly calm|76\/100\n|-enditem|p1a: impossibly calm|Leftovers|[from] move: Knock Off|[of] p2b: Ogerpon\n|move|p2a: Uxie|Nasty Plot|p2a: Uxie\n|-boost|p2a: Uxie|spa|0\n|move|p1a: impossibly calm|Calm Mind|p1a: impossibly calm\n|-boost|p1a: impossibly calm|spa|1\n|-boost|p1a: impossibly calm|spd|1\n|\n|-weather|none\n|-fieldend|move: Psychic Terrain\n|upkeep\n|turn|6\n|-message|onionsparce forfeited.\n|\n|win|boi in the back\n|raw|boi in the back's rating: 1122 &rarr; <strong>1142<\/strong><br \/>(+20 for winning)\n|raw|onionsparce's rating: 1056 &rarr; <strong>1041<\/strong><br \/>(-15 for losing)\n|l|\u2606onionsparce\n","uploadtime":1700046565,"views":10,"p1id":"boiintheback","p2id":"onionsparce","formatid":"gen9vgc2023regulatione","rating":1041,"private":0,"password":""}