{"id":"gen9vgc2023regulatione-1991457081","p1":"Autistipanda","p2":"Guakamou","format":"[Gen 9] VGC 2023 Regulation E","log":"|j|\u2606Autistipanda\n|j|\u2606Guakamou\n|n|\u2606Autistipanda|autistipanda\n|n|\u2606Guakamou|guakamou\n|html|View the match progress at <a href=\"\/game-bestof3-gen9vgc2023regulatione-1991457080\">game-bestof3-gen9vgc2023regulatione-1991457080<\/a>\n|t:|1700078735\n|gametype|doubles\n|player|p1|Autistipanda|cyclistf|\n|player|p2|Guakamou|palmer|\n|teamsize|p1|6\n|teamsize|p2|6\n|gen|9\n|tier|[Gen 9] VGC 2023 Regulation E\n|rule|Species Clause: Limit one of each Pok\u00e9mon\n|rule|Item Clause: Limit one of each item\n|clearpoke\n|poke|p1|Indeedee-F, L50, F|\n|poke|p1|Armarouge, L50, M|\n|poke|p1|Kingambit, L50, M|\n|poke|p1|Torkoal, L50, M|\n|poke|p1|Enamorus-Therian, L50, F|\n|poke|p1|Lilligant-Hisui, L50, F|\n|poke|p2|Heatran, L50, M|\n|poke|p2|Landorus-Therian, L50, M|\n|poke|p2|Iron Hands, L50|\n|poke|p2|Iron Bundle, L50|\n|poke|p2|Rillaboom, L50, M|\n|poke|p2|Ogerpon-Hearthflame, L50, F|\n|teampreview|4\nGuakamou has agreed to open team sheets.\n|c|\u2606Guakamou|gl hf\nAutistipanda has agreed to open team sheets.\n|showteam|p1|Indeedee-F||PsychicSeed|PsychicSurge|DazzlingGleam,HelpingHand,FollowMe,TrickRoom|||F|||50|,,,,,Fire]Armarouge||LifeOrb|FlashFire|ExpandingForce,ArmorCannon,TrickRoom,Protect|||M|||50|,,,,,Grass]Kingambit||AssaultVest|Defiant|KowtowCleave,SuckerPunch,IronHead,TeraBlast|||M|||50|,,,,,Fairy]Torkoal||Charcoal|Drought|Eruption,Flamethrower,EarthPower,Protect|||M|||50|,,,,,Fire]Enamorus-Therian||PixiePlate|Overcoat|Moonblast,DazzlingGleam,EarthPower,Protect|||F|||50|,,,,,Fairy]Lilligant-Hisui||FocusSash|Chlorophyll|SolarBlade,CloseCombat,SleepPowder,AfterYou|||F|||50|,,,,,Ghost\n|showteam|p2|Heatran||LifeOrb|FlashFire|HeatWave,EarthPower,FlashCannon,Protect|||M|||50|,,,,,Fairy]Landorus-Therian||ChoiceScarf|Intimidate|TeraBlast,Uturn,RockSlide,StompingTantrum|||M|||50|,,,,,Flying]Iron Hands||AssaultVest|QuarkDrive|FakeOut,WildCharge,DrainPunch,HeavySlam||||||50|,,,,,Water]Iron Bundle||BoosterEnergy|QuarkDrive|IcyWind,Encore,FreezeDry,Protect||||||50|,,,,,Ghost]Rillaboom||MiracleSeed|GrassySurge|FakeOut,WoodHammer,Uturn,GrassyGlide|||M|||50|,,,,,Grass]Ogerpon-Hearthflame||HearthflameMask|MoldBreaker|IvyCudgel,GrassyGlide,SwordsDance,SpikyShield|||F|||50|,,,,,Fire\n|\n|t:|1700078784\n|start\n|switch|p1a: Indeedee|Indeedee-F, L50, F|100\/100\n|switch|p1b: Armario|Armarouge, L50, M|100\/100\n|switch|p2a: Heatran|Heatran, L50, M|100\/100\n|switch|p2b: Ogerpon|Ogerpon-Hearthflame, L50, F|100\/100\n|-ability|p2b: Ogerpon|Mold Breaker\n|-fieldstart|move: Psychic Terrain|[from] ability: Psychic Surge|[of] p1a: Indeedee\n|-enditem|p1a: Indeedee|Psychic Seed\n|-boost|p1a: Indeedee|spd|1|[from] item: Psychic Seed\n|turn|1\n|inactive|Battle timer is ON: inactive players will automatically lose when time's up. (requested by Guakamou)\n|\n|t:|1700078835\n|switch|p2a: Rillaboom|Rillaboom, L50, M|100\/100\n|-fieldstart|move: Grassy Terrain|[from] ability: Grassy Surge|[of] p2a: Rillaboom\n|move|p1b: Armario|Protect|p1b: Armario\n|-singleturn|p1b: Armario|Protect\n|move|p2b: Ogerpon|Swords Dance|p2b: Ogerpon\n|-boost|p2b: Ogerpon|atk|2\n|move|p1a: Indeedee|Trick Room|p1a: Indeedee\n|-fieldstart|move: Trick Room|[of] p1a: Indeedee\n|\n|upkeep\n|turn|2\n|\n|t:|1700078858\n|switch|p1a: Enamario|Enamorus-Therian, L50, F|100\/100\n|move|p2a: Rillaboom|Fake Out|p1b: Armario\n|-damage|p1b: Armario|88\/100\n|cant|p1b: Armario|flinch\n|move|p2b: Ogerpon|Ivy Cudgel|p1b: Armario|[anim] Ivy Cudgel Fire\n|-resisted|p1b: Armario\n|-damage|p1b: Armario|42\/100\n|\n|-heal|p1b: Armario|48\/100|[from] Grassy Terrain\n|upkeep\n|turn|3\n|\n|t:|1700078882\n|switch|p1a: Indeedee|Indeedee-F, L50, F|100\/100\n|-fieldstart|move: Psychic Terrain|[from] ability: Psychic Surge|[of] p1a: Indeedee\n|switch|p2a: Heatran|Heatran, L50, M|100\/100\n|move|p2b: Ogerpon|Spiky Shield|p2b: Ogerpon\n|-singleturn|p2b: Ogerpon|move: Protect\n|move|p1b: Armario|Expanding Force|p2a: Heatran|[spread] p2a\n|-activate|p2b: Ogerpon|move: Protect\n|-resisted|p2a: Heatran\n|-damage|p2a: Heatran|63\/100\n|-damage|p1b: Armario|39\/100|[from] item: Life Orb\n|\n|upkeep\n|turn|4\n|inactive|Autistipanda has 30 seconds left.\n|inactive|Guakamou has 30 seconds left.\n|inactive|Autistipanda has 20 seconds left.\n|inactive|Autistipanda has 15 seconds left.\n|inactive|Autistipanda has 10 seconds left.\n|\n|t:|1700078928\n|switch|p1a: Enamario|Enamorus-Therian, L50, F|100\/100\n|switch|p2a: Rillaboom|Rillaboom, L50, M|100\/100\n|-fieldstart|move: Grassy Terrain|[from] ability: Grassy Surge|[of] p2a: Rillaboom\n|move|p1b: Armario|Armor Cannon|p2a: Rillaboom\n|-supereffective|p2a: Rillaboom\n|-damage|p2a: Rillaboom|0 fnt\n|-unboost|p1b: Armario|def|1\n|-unboost|p1b: Armario|spd|1\n|faint|p2a: Rillaboom\n|-damage|p1b: Armario|29\/100|[from] item: Life Orb\n|move|p2b: Ogerpon|Ivy Cudgel|p1b: Armario|[anim] Ivy Cudgel Fire\n|-resisted|p1b: Armario\n|-damage|p1b: Armario|0 fnt\n|faint|p1b: Armario\n|\n|upkeep\n|\n|t:|1700078951\n|switch|p1b: Indeedee|Indeedee-F, L50, F|100\/100\n|switch|p2a: Heatran|Heatran, L50, M|63\/100\n|-fieldstart|move: Psychic Terrain|[from] ability: Psychic Surge|[of] p1b: Indeedee\n|turn|5\n|inactive|Autistipanda has 30 seconds left.\n|\n|t:|1700078978\n|-terastallize|p1a: Enamario|Fairy\n|move|p2a: Heatran|Protect|p2a: Heatran\n|-singleturn|p2a: Heatran|Protect\n|move|p2b: Ogerpon|Spiky Shield|p2b: Ogerpon\n|-singleturn|p2b: Ogerpon|move: Protect\n|move|p1b: Indeedee|Follow Me|p1b: Indeedee\n|-singleturn|p1b: Indeedee|move: Follow Me\n|move|p1a: Enamario|Moonblast|p2b: Ogerpon\n|-activate|p2b: Ogerpon|move: Protect\n|\n|-fieldend|move: Trick Room\n|upkeep\n|turn|6\n|\n|t:|1700078992\n|-terastallize|p2b: Ogerpon|Fire\n|detailschange|p2b: Ogerpon|Ogerpon-Hearthflame-Tera, L50, F, tera:Fire\n|-ability|p2b: Ogerpon|Embody Aspect (Hearthflame)|boost\n|-boost|p2b: Ogerpon|atk|1\n|move|p1a: Enamario|Protect|p1a: Enamario\n|-singleturn|p1a: Enamario|Protect\n|move|p2b: Ogerpon|Ivy Cudgel|p1b: Indeedee|[anim] Ivy Cudgel Fire\n|-damage|p1b: Indeedee|0 fnt\n|faint|p1b: Indeedee\n|move|p2a: Heatran|Flash Cannon|p1a: Enamario\n|-activate|p1a: Enamario|move: Protect\n|\n|upkeep\n|\n|t:|1700079003\n|switch|p1b: Torkoal|Torkoal, L50, M|100\/100\n|-weather|SunnyDay|[from] ability: Drought|[of] p1b: Torkoal\n|turn|7\n|\n|t:|1700079021\n|move|p2b: Ogerpon|Ivy Cudgel|p1a: Enamario|[anim] Ivy Cudgel Fire\n|-damage|p1a: Enamario|0 fnt\n|faint|p1a: Enamario\n|move|p2a: Heatran|Earth Power|p1b: Torkoal\n|-supereffective|p1b: Torkoal\n|-damage|p1b: Torkoal|0 fnt\n|faint|p1b: Torkoal\n|-damage|p2a: Heatran|54\/100|[from] item: Life Orb\n|\n|win|Guakamou\n|c|&|\/uhtml prompt-autistipanda,Autistipanda is ready for game 2!\n|c|&|\/uhtml prompt-guakamou,Guakamou is ready for game 2!\nBoth players are ready! Starting next match!\n|l|\u2606Autistipanda\n","uploadtime":1700079840,"views":14,"p1id":"autistipanda","p2id":"guakamou","formatid":"gen9vgc2023regulatione","rating":0,"private":0,"password":""}