{"id":"gen9vgc2023regulatione-1993705911","p1":"qwillinallthefish","p2":"BerGado","format":"[Gen 9] VGC 2023 Regulation E","log":"|j|\u2606qwillinallthefish\n|j|\u2606BerGado\n|t:|1700347667\n|gametype|doubles\n|player|p1|qwillinallthefish|crasherwake|1110\n|player|p2|BerGado|170|1212\n|teamsize|p1|6\n|teamsize|p2|6\n|gen|9\n|tier|[Gen 9] VGC 2023 Regulation E\n|rated|\n|rule|Species Clause: Limit one of each Pok\u00e9mon\n|rule|Item Clause: Limit one of each item\n|clearpoke\n|poke|p1|Espathra, L50, M|\n|poke|p1|Amoonguss, L50, F|\n|poke|p1|Grimmsnarl, L50, M|\n|poke|p1|Arcanine-Hisui, L50, M|\n|poke|p1|Urshifu-*, L50, F|\n|poke|p1|Glimmora, L50, M|\n|poke|p2|Urshifu-*, L50, F|\n|poke|p2|Tornadus, L50, M|\n|poke|p2|Moltres-Galar, L50|\n|poke|p2|Sinistcha, L50|\n|poke|p2|Landorus-Therian, L50, M|\n|poke|p2|Iron Hands, L50|\n|teampreview|4\n|\n|t:|1700347707\n|start\n|switch|p1a: Espathra|Espathra, L50, M|100\/100\n|switch|p1b: Grimmsnarl|Grimmsnarl, L50, M|100\/100\n|switch|p2a: Moltres|Moltres-Galar, L50|100\/100\n|switch|p2b: Urshifu|Urshifu-Rapid-Strike, L50, F|100\/100\n|turn|1\n|\n|t:|1700347732\n|switch|p1a: Amoonguss|Amoonguss, L50, F|100\/100\n|-terastallize|p2a: Moltres|Poison\n|move|p2b: Urshifu|Surging Strikes|p1b: Grimmsnarl\n|-crit|p1b: Grimmsnarl\n|-damage|p1b: Grimmsnarl|79\/100\n|-crit|p1b: Grimmsnarl\n|-damage|p1b: Grimmsnarl|56\/100\n|-crit|p1b: Grimmsnarl\n|-damage|p1b: Grimmsnarl|34\/100\n|-hitcount|p1b: Grimmsnarl|3\n|move|p2a: Moltres|Fiery Wrath|p1b: Grimmsnarl|[spread] p1a,p1b\n|-resisted|p1b: Grimmsnarl\n|-damage|p1a: Amoonguss|74\/100\n|-damage|p1b: Grimmsnarl|27\/100\n|move|p1b: Grimmsnarl|Spirit Break|p2a: Moltres\n|-resisted|p2a: Moltres\n|-damage|p2a: Moltres|85\/100\n|-unboost|p2a: Moltres|spa|1\n|\n|upkeep\n|turn|2\n|\n|t:|1700347761\n|switch|p2a: Iron Hands|Iron Hands, L50|100\/100\n|move|p1b: Grimmsnarl|Light Screen|p1b: Grimmsnarl\n|-sidestart|p1: qwillinallthefish|move: Light Screen\n|move|p2b: Urshifu|Surging Strikes|p1b: Grimmsnarl\n|-crit|p1b: Grimmsnarl\n|-damage|p1b: Grimmsnarl|4\/100\n|-crit|p1b: Grimmsnarl\n|-damage|p1b: Grimmsnarl|0 fnt\n|faint|p1b: Grimmsnarl\n|-hitcount|p1: Grimmsnarl|2\n|move|p1a: Amoonguss|Spore|p2b: Urshifu\n|-activate|p2b: Urshifu|item: Safety Goggles|Spore\n|\n|upkeep\n|\n|t:|1700347792\n|switch|p1b: Arcanine|Arcanine-Hisui, L50, M|100\/100\n|-ability|p1b: Arcanine|Intimidate|boost\n|-unboost|p2a: Iron Hands|atk|1\n|-unboost|p2b: Urshifu|atk|1\n|turn|3\n|\n|t:|1700347813\n|-terastallize|p1b: Arcanine|Grass\n|move|p2a: Iron Hands|Fake Out|p1b: Arcanine\n|-damage|p1b: Arcanine|89\/100\n|move|p2b: Urshifu|Surging Strikes|p1b: Arcanine\n|-resisted|p1b: Arcanine\n|-crit|p1b: Arcanine\n|-damage|p1b: Arcanine|78\/100\n|-resisted|p1b: Arcanine\n|-crit|p1b: Arcanine\n|-damage|p1b: Arcanine|68\/100\n|-resisted|p1b: Arcanine\n|-crit|p1b: Arcanine\n|-damage|p1b: Arcanine|56\/100\n|-hitcount|p1b: Arcanine|3\n|cant|p1b: Arcanine|flinch\n|move|p1a: Amoonguss|Pollen Puff|p1b: Arcanine\n|-heal|p1b: Arcanine|100\/100\n|\n|upkeep\n|turn|4\n|\n|t:|1700347847\n|-end|p2a: Iron Hands|Quark Drive|[silent]\n|switch|p2a: Landorus|Landorus-Therian, L50, M|100\/100\n|-ability|p2a: Landorus|Intimidate|boost\n|-unboost|p1a: Amoonguss|atk|1\n|-unboost|p1b: Arcanine|atk|1\n|move|p2b: Urshifu|Poison Jab|p1b: Arcanine\n|-supereffective|p1b: Arcanine\n|-damage|p1b: Arcanine|62\/100\n|-status|p1b: Arcanine|psn\n|move|p1b: Arcanine|Tera Blast|p2b: Urshifu|[anim] Tera Blast Grass\n|-supereffective|p2b: Urshifu\n|-damage|p2b: Urshifu|17\/100\n|move|p1a: Amoonguss|Spore|p2a: Landorus\n|-status|p2a: Landorus|slp|[from] move: Spore\n|\n|-damage|p1b: Arcanine|50\/100 psn|[from] psn\n|upkeep\n|turn|5\n|\n|t:|1700347875\n|switch|p2b: Iron Hands|Iron Hands, L50|100\/100\n|switch|p1a: Espathra|Espathra, L50, M|100\/100\n|cant|p2a: Landorus|slp\n|move|p1b: Arcanine|Tera Blast|p2b: Iron Hands|[anim] Tera Blast Grass\n|-damage|p2b: Iron Hands|70\/100\n|\n|-damage|p1b: Arcanine|38\/100 psn|[from] psn\n|upkeep\n|turn|6\n|\n|t:|1700347900\n|switch|p1b: Amoonguss|Amoonguss, L50, F|100\/100\n|cant|p2a: Landorus|slp\n|move|p1a: Espathra|Calm Mind|p1a: Espathra\n|-boost|p1a: Espathra|spa|1\n|-boost|p1a: Espathra|spd|1\n|move|p2b: Iron Hands|Wild Charge|p1a: Espathra\n|-damage|p1a: Espathra|53\/100\n|-damage|p2b: Iron Hands|60\/100|[from] Recoil\n|\n|-heal|p1a: Espathra|59\/100|[from] item: Leftovers\n|-ability|p1a: Espathra|Speed Boost|boost\n|-boost|p1a: Espathra|spe|1\n|upkeep\n|turn|7\n|\n|t:|1700347930\n|move|p1b: Amoonguss|Rage Powder|p1b: Amoonguss\n|-singleturn|p1b: Amoonguss|move: Rage Powder\n|-curestatus|p2a: Landorus|slp|[msg]\n|move|p2a: Landorus|U-turn|p1b: Amoonguss\n|-damage|p1b: Amoonguss|78\/100\n|-damage|p2a: Landorus|84\/100|[from] item: Rocky Helmet|[of] p1b: Amoonguss\n|\n|t:|1700347940\n|switch|p2a: Urshifu|Urshifu-Rapid-Strike, L50, F|17\/100|[from] U-turn\n|move|p1a: Espathra|Calm Mind|p1a: Espathra\n|-boost|p1a: Espathra|spa|1\n|-boost|p1a: Espathra|spd|1\n|move|p2b: Iron Hands|Wild Charge|p1b: Amoonguss\n|-resisted|p1b: Amoonguss\n|-damage|p1b: Amoonguss|57\/100\n|-damage|p2b: Iron Hands|43\/100|[from] item: Rocky Helmet|[of] p1b: Amoonguss\n|-damage|p2b: Iron Hands|38\/100|[from] Recoil\n|\n|-heal|p1a: Espathra|65\/100|[from] item: Leftovers\n|-ability|p1a: Espathra|Speed Boost|boost\n|-boost|p1a: Espathra|spe|1\n|upkeep\n|turn|8\n|\n|t:|1700347958\n|switch|p1b: Arcanine|Arcanine-Hisui, L50, M, tera:Grass|38\/100 psn\n|-ability|p1b: Arcanine|Intimidate|boost\n|-unboost|p2a: Urshifu|atk|1\n|-unboost|p2b: Iron Hands|atk|1\n|move|p2a: Urshifu|Aqua Jet|p1a: Espathra\n|-damage|p1a: Espathra|51\/100\n|move|p1a: Espathra|Dazzling Gleam|p2b: Iron Hands|[spread] p2a,p2b\n|-supereffective|p2a: Urshifu\n|-supereffective|p2b: Iron Hands\n|-damage|p2a: Urshifu|0 fnt\n|-damage|p2b: Iron Hands|7\/100\n|faint|p2a: Urshifu\n|move|p2b: Iron Hands|Heavy Slam|p1a: Espathra\n|-damage|p1a: Espathra|27\/100\n|\n|-heal|p1a: Espathra|33\/100|[from] item: Leftovers\n|-damage|p1b: Arcanine|25\/100 psn|[from] psn\n|-ability|p1a: Espathra|Speed Boost|boost\n|-boost|p1a: Espathra|spe|1\n|upkeep\n|\n|t:|1700347972\n|switch|p2a: Landorus|Landorus-Therian, L50, M|84\/100\n|-ability|p2a: Landorus|Intimidate|boost\n|-unboost|p1a: Espathra|atk|1\n|-unboost|p1b: Arcanine|atk|1\n|turn|9\n|\n|t:|1700347998\n|switch|p1b: Amoonguss|Amoonguss, L50, F|90\/100\n|-end|p2b: Iron Hands|Quark Drive|[silent]\n|switch|p2b: Moltres|Moltres-Galar, L50, tera:Poison|85\/100\n|move|p1a: Espathra|Protect|p1a: Espathra\n|-singleturn|p1a: Espathra|Protect\n|move|p2a: Landorus|U-turn|p1a: Espathra\n|-activate|p1a: Espathra|move: Protect\n|\n|-heal|p1a: Espathra|39\/100|[from] item: Leftovers\n|-sideend|p1: qwillinallthefish|move: Light Screen\n|-ability|p1a: Espathra|Speed Boost|boost\n|-boost|p1a: Espathra|spe|1\n|upkeep\n|turn|10\n|\n|t:|1700348027\n|move|p2b: Moltres|Protect|p2b: Moltres\n|-singleturn|p2b: Moltres|Protect\n|move|p1b: Amoonguss|Rage Powder|p1b: Amoonguss\n|-singleturn|p1b: Amoonguss|move: Rage Powder\n|move|p1a: Espathra|Stored Power|p2b: Moltres\n|-activate|p2b: Moltres|move: Protect\n|move|p2a: Landorus|U-turn|p1b: Amoonguss\n|-crit|p1b: Amoonguss\n|-damage|p1b: Amoonguss|57\/100\n|-damage|p2a: Landorus|67\/100|[from] item: Rocky Helmet|[of] p1b: Amoonguss\n|\n|t:|1700348038\n|switch|p2a: Iron Hands|Iron Hands, L50|7\/100|[from] U-turn\n|\n|-heal|p1a: Espathra|45\/100|[from] item: Leftovers\n|-ability|p1a: Espathra|Speed Boost|boost\n|-boost|p1a: Espathra|spe|1\n|upkeep\n|turn|11\n|\n|t:|1700348052\n|move|p1a: Espathra|Protect|p1a: Espathra\n|-singleturn|p1a: Espathra|Protect\n|move|p1b: Amoonguss|Protect|p1b: Amoonguss\n|-singleturn|p1b: Amoonguss|Protect\n|move|p2a: Iron Hands|Fake Out|p1a: Espathra\n|-activate|p1a: Espathra|move: Protect\n|move|p2b: Moltres|Fiery Wrath|p1b: Amoonguss|[spread] \n|-activate|p1a: Espathra|move: Protect\n|-activate|p1b: Amoonguss|move: Protect\n|\n|-heal|p1a: Espathra|50\/100|[from] item: Leftovers\n|-ability|p1a: Espathra|Speed Boost|boost\n|-boost|p1a: Espathra|spe|1\n|upkeep\n|turn|12\n|\n|t:|1700348071\n|-end|p2a: Iron Hands|Quark Drive|[silent]\n|switch|p2a: Landorus|Landorus-Therian, L50, M|67\/100\n|-ability|p2a: Landorus|Intimidate|boost\n|-unboost|p1a: Espathra|atk|1\n|-unboost|p1b: Amoonguss|atk|1\n|move|p2b: Moltres|Protect|p2b: Moltres\n|-singleturn|p2b: Moltres|Protect\n|move|p1a: Espathra|Stored Power|p2b: Moltres\n|-activate|p2b: Moltres|move: Protect\n|move|p1b: Amoonguss|Spore|p2a: Landorus\n|-status|p2a: Landorus|slp|[from] move: Spore\n|\n|-heal|p1a: Espathra|56\/100|[from] item: Leftovers\n|upkeep\n|turn|13\n|\n|t:|1700348091\n|switch|p2b: Iron Hands|Iron Hands, L50|7\/100\n|move|p1a: Espathra|Stored Power|p2b: Iron Hands\n|-supereffective|p2b: Iron Hands\n|-damage|p2b: Iron Hands|0 fnt\n|faint|p2b: Iron Hands\n|-end|p2b: Iron Hands|Quark Drive|[silent]\n|cant|p2a: Landorus|slp\n|move|p1b: Amoonguss|Pollen Puff|p1a: Espathra\n|-heal|p1a: Espathra|100\/100\n|\n|upkeep\n|\n|t:|1700348118\n|switch|p2b: Moltres|Moltres-Galar, L50, tera:Poison|85\/100\n|turn|14\n|\n|t:|1700348141\n|move|p1b: Amoonguss|Rage Powder|p1b: Amoonguss\n|-singleturn|p1b: Amoonguss|move: Rage Powder\n|move|p1a: Espathra|Stored Power|p2b: Moltres\n|-supereffective|p2b: Moltres\n|-damage|p2b: Moltres|0 fnt\n|faint|p2b: Moltres\n|-curestatus|p2a: Landorus|slp|[msg]\n|move|p2a: Landorus|U-turn|p1b: Amoonguss\n|-damage|p1b: Amoonguss|36\/100\n|-damage|p2a: Landorus|51\/100|[from] item: Rocky Helmet|[of] p1b: Amoonguss\n|\n|upkeep\n|turn|15\n|-message|BerGado forfeited.\n|\n|win|qwillinallthefish\n|raw|qwillinallthefish's rating: 1110 &rarr; <strong>1142<\/strong><br \/>(+32 for winning)\n|raw|BerGado's rating: 1212 &rarr; <strong>1180<\/strong><br \/>(-32 for losing)\n|l|\u2606BerGado\n|c|\u2606qwillinallthefish|gg\n","uploadtime":1700348165,"views":8,"p1id":"qwillinallthefish","p2id":"bergado","formatid":"gen9vgc2023regulatione","rating":1142,"private":0,"password":""}