{"id":"gen9vgc2023regulatione-2000485102","p1":"Lurvas","p2":"ezekial37","format":"[Gen 9] VGC 2023 Regulation E","log":"|j|\u2606Lurvas\n|j|\u2606ezekial37\n|t:|1701198744\n|gametype|doubles\n|player|p1|Lurvas|alder|1301\n|player|p2|ezekial37|1|1331\n|teamsize|p1|6\n|teamsize|p2|6\n|gen|9\n|tier|[Gen 9] VGC 2023 Regulation E\n|rated|\n|rule|Species Clause: Limit one of each Pok\u00e9mon\n|rule|Item Clause: Limit one of each item\n|clearpoke\n|poke|p1|Urshifu-*, L50, M|\n|poke|p1|Rillaboom, L50, M|\n|poke|p1|Flutter Mane, L50|\n|poke|p1|Arcanine-Hisui, L50, M|\n|poke|p1|Chien-Pao, L50|\n|poke|p1|Tornadus, L50, M|\n|poke|p2|Infernape, L50, M|\n|poke|p2|Gyarados, L50, F|\n|poke|p2|Garchomp, L50, F|\n|poke|p2|Ninetales-Alola, L50, M|\n|poke|p2|Ogerpon-Hearthflame, L50, F|\n|poke|p2|Moltres-Galar, L50|\n|teampreview|4\nLurvas has agreed to open team sheets.\n|inactive|Battle timer is ON: inactive players will automatically lose when time's up. (requested by Lurvas)\n|\n|t:|1701198780\n|start\n|switch|p1a: Arcanine|Arcanine-Hisui, L50, M|100\/100\n|switch|p1b: Rillaboom|Rillaboom, L50, M|100\/100\n|switch|p2a: Ninetales|Ninetales-Alola, L50, M|100\/100\n|switch|p2b: Infernape|Infernape, L50, M, shiny|100\/100\n|-weather|Snow|[from] ability: Snow Warning|[of] p2a: Ninetales\n|-ability|p1a: Arcanine|Intimidate|boost\n|-unboost|p2a: Ninetales|atk|1\n|-unboost|p2b: Infernape|atk|1\n|-fieldstart|move: Grassy Terrain|[from] ability: Grassy Surge|[of] p1b: Rillaboom\n|turn|1\n|\n|t:|1701198799\n|-terastallize|p1a: Arcanine|Fairy\n|move|p2b: Infernape|Fake Out|p1b: Rillaboom\n|-damage|p1b: Rillaboom|92\/100\n|cant|p1b: Rillaboom|flinch\n|move|p2a: Ninetales|Blizzard|p1b: Rillaboom|[spread] p1a,p1b\n|-supereffective|p1b: Rillaboom\n|-damage|p1a: Arcanine|44\/100\n|-damage|p1b: Rillaboom|11\/100\n|move|p1a: Arcanine|Rock Slide|p2a: Ninetales|[spread] p2a,p2b\n|-supereffective|p2a: Ninetales\n|-damage|p2a: Ninetales|8\/100\n|-damage|p2b: Infernape|36\/100\n|\n|-weather|Snow|[upkeep]\n|-heal|p2a: Ninetales|14\/100|[from] Grassy Terrain\n|-heal|p2b: Infernape|42\/100|[from] Grassy Terrain\n|-heal|p1a: Arcanine|50\/100|[from] Grassy Terrain\n|-heal|p1b: Rillaboom|17\/100|[from] Grassy Terrain\n|upkeep\n|turn|2\n|\n|t:|1701198819\n|move|p1b: Rillaboom|Grassy Glide|p2a: Ninetales\n|-damage|p2a: Ninetales|0 fnt\n|faint|p2a: Ninetales\n|move|p2b: Infernape|Drain Punch|p1b: Rillaboom\n|-damage|p1b: Rillaboom|0 fnt\n|-heal|p2b: Infernape|53\/100|[from] drain|[of] p1b: Rillaboom\n|faint|p1b: Rillaboom\n|move|p1a: Arcanine|Rock Slide|p2b: Infernape\n|-damage|p2b: Infernape|0 fnt\n|faint|p2b: Infernape\n|\n|-weather|Snow|[upkeep]\n|-heal|p1a: Arcanine|56\/100|[from] Grassy Terrain\n|upkeep\n|\n|t:|1701198833\n|switch|p2a: Gyarados|Gyarados, L50, F|100\/100\n|switch|p2b: Moltres|Moltres-Galar, L50|100\/100\n|switch|p1b: Urshifu|Urshifu-Rapid-Strike, L50, M|100\/100\n|-ability|p2a: Gyarados|Intimidate|boost\n|-unboost|p1a: Arcanine|atk|1\n|-unboost|p1b: Urshifu|atk|1\n|turn|3\n|inactive|ezekial37 has 30 seconds left.\n|inactive|ezekial37 has 20 seconds left.\n|inactive|ezekial37 has 15 seconds left.\n|\n|t:|1701198875\n|-terastallize|p2b: Moltres|Dark\n|move|p1b: Urshifu|Detect|p1b: Urshifu\n|-singleturn|p1b: Urshifu|Protect\n|move|p1a: Arcanine|Rock Slide|p2b: Moltres|[spread] p2a\n|-miss|p1a: Arcanine|p2b: Moltres\n|-supereffective|p2a: Gyarados\n|-damage|p2a: Gyarados|29\/100\n|move|p2a: Gyarados|Iron Head|p1a: Arcanine\n|-supereffective|p1a: Arcanine\n|-damage|p1a: Arcanine|0 fnt\n|faint|p1a: Arcanine\n|move|p2b: Moltres|Fiery Wrath|p1b: Urshifu\n|-activate|p1b: Urshifu|move: Protect\n|\n|-weather|Snow|[upkeep]\n|upkeep\n|\n|t:|1701198889\n|switch|p1a: Flutter Mane|Flutter Mane, L50|100\/100\n|-enditem|p1a: Flutter Mane|Booster Energy\n|-activate|p1a: Flutter Mane|ability: Protosynthesis|[fromitem]\n|-start|p1a: Flutter Mane|protosynthesisspe\n|turn|4\n|\n|t:|1701198902\n|move|p1a: Flutter Mane|Moonblast|p2a: Gyarados\n|-damage|p2a: Gyarados|0 fnt\n|faint|p2a: Gyarados\n|move|p1b: Urshifu|Close Combat|p2b: Moltres\n|-supereffective|p2b: Moltres\n|-damage|p2b: Moltres|14\/100\n|-unboost|p1b: Urshifu|def|1\n|-unboost|p1b: Urshifu|spd|1\n|-ability|p2b: Moltres|Berserk|boost\n|-boost|p2b: Moltres|spa|1\n|move|p2b: Moltres|Fiery Wrath|p1a: Flutter Mane|[spread] p1a,p1b\n|-resisted|p1b: Urshifu\n|-damage|p1a: Flutter Mane|47\/100\n|-damage|p1b: Urshifu|47\/100\n|\n|-weather|Snow|[upkeep]\n|-heal|p1a: Flutter Mane|53\/100|[from] Grassy Terrain\n|-heal|p1b: Urshifu|54\/100|[from] Grassy Terrain\n|-heal|p2b: Moltres|20\/100|[from] Grassy Terrain\n|upkeep\n|turn|5\n|\n|t:|1701198922\n|move|p1b: Urshifu|Aqua Jet|p2b: Moltres\n|-damage|p2b: Moltres|1\/100\n|move|p1a: Flutter Mane|Moonblast|p2b: Moltres\n|-supereffective|p2b: Moltres\n|-damage|p2b: Moltres|0 fnt\n|faint|p2b: Moltres\n|\n|win|Lurvas\n|raw|Lurvas's rating: 1301 &rarr; <strong>1323<\/strong><br \/>(+22 for winning)\n|raw|ezekial37's rating: 1331 &rarr; <strong>1309<\/strong><br \/>(-22 for losing)\n|c|\u2606Lurvas|gg\n","uploadtime":1701198933,"views":5,"p1id":"lurvas","p2id":"ezekial37","formatid":"gen9vgc2023regulatione","rating":1309,"private":0,"password":""}