{"id":"gen9vgc2023regulatione-1987895786","p1":"SERENA2024","p2":"QrdeJegoMac","format":"[Gen 9] VGC 2023 Regulation E","log":"|j|\u2606SERENA2024\n|j|\u2606QrdeJegoMac\n|t:|1699646862\n|gametype|doubles\n|player|p1|SERENA2024|169|1465\n|player|p2|QrdeJegoMac|102|1546\n|teamsize|p1|6\n|teamsize|p2|6\n|gen|9\n|tier|[Gen 9] VGC 2023 Regulation E\n|rated|\n|rule|Species Clause: Limit one of each Pok\u00e9mon\n|rule|Item Clause: Limit one of each item\n|clearpoke\n|poke|p1|Landorus, L50, M|\n|poke|p1|Ogerpon-Wellspring, L50, F|\n|poke|p1|Espathra, L50, F|\n|poke|p1|Sableye, L50, F|\n|poke|p1|Iron Hands, L50|\n|poke|p1|Flutter Mane, L50|\n|poke|p2|Ogerpon-Hearthflame, L50, F|\n|poke|p2|Urshifu-*, L50, M|\n|poke|p2|Tornadus, L50, M|\n|poke|p2|Landorus-Therian, L50, M|\n|poke|p2|Flutter Mane, L50|\n|poke|p2|Kingambit, L50, M|\n|teampreview|4\n|inactive|Battle timer is ON: inactive players will automatically lose when time's up. (requested by QrdeJegoMac)\n|inactive|SERENA2024 also wants the timer to be on.\n|inactive|QrdeJegoMac has 60 seconds left.\n|\n|t:|1699646897\n|start\n|switch|p1a: Sableye|Sableye, L50, F|100\/100\n|switch|p1b: Espathra|Espathra, L50, F|100\/100\n|switch|p2a: Flutter Mane|Flutter Mane, L50|100\/100\n|switch|p2b: Tornadus|Tornadus, L50, M|100\/100\n|turn|1\n|\n|t:|1699646918\n|move|p1b: Espathra|Protect|p1b: Espathra\n|-singleturn|p1b: Espathra|Protect\n|move|p2b: Tornadus|Taunt|p1b: Espathra\n|-activate|p1b: Espathra|move: Protect\n|move|p1a: Sableye|Gravity|p1a: Sableye\n|-fieldstart|move: Gravity\n|move|p2a: Flutter Mane|Dazzling Gleam|p1b: Espathra|[spread] p1a\n|-activate|p1b: Espathra|move: Protect\n|-supereffective|p1a: Sableye\n|-damage|p1a: Sableye|5\/100\n|-enditem|p1a: Sableye|Eject Button\n|\n|t:|1699646927\n|switch|p1a: Landorus|Landorus, L50, M|100\/100\n|\n|-ability|p1b: Espathra|Speed Boost|boost\n|-boost|p1b: Espathra|spe|1\n|upkeep\n|turn|2\n|\n|t:|1699646940\n|-terastallize|p1b: Espathra|Fairy\n|move|p2b: Tornadus|Tailwind|p2b: Tornadus\n|-sidestart|p2: QrdeJegoMac|move: Tailwind\n|move|p2a: Flutter Mane|Dazzling Gleam|p1b: Espathra|[spread] p1a,p1b\n|-damage|p1a: Landorus|44\/100\n|-damage|p1b: Espathra|40\/100\n|move|p1b: Espathra|Hypnosis|p2a: Flutter Mane\n|-status|p2a: Flutter Mane|slp|[from] move: Hypnosis\n|move|p1a: Landorus|Sandsear Storm|p2a: Flutter Mane|[spread] p2a,p2b\n|-damage|p2a: Flutter Mane|48\/100 slp\n|-damage|p2b: Tornadus|43\/100\n|\n|-ability|p1b: Espathra|Speed Boost|boost\n|-boost|p1b: Espathra|spe|1\n|upkeep\n|turn|3\n|\n|t:|1699646954\n|move|p2b: Tornadus|Taunt|p1b: Espathra\n|-start|p1b: Espathra|move: Taunt\n|-enditem|p1b: Espathra|Mental Herb\n|-end|p1b: Espathra|move: Taunt\n|cant|p2a: Flutter Mane|slp\n|move|p1b: Espathra|Hypnosis|p2b: Tornadus\n|-status|p2b: Tornadus|slp|[from] move: Hypnosis\n|move|p1a: Landorus|Sandsear Storm|p2b: Tornadus|[spread] p2a,p2b\n|-damage|p2a: Flutter Mane|0 fnt\n|-damage|p2b: Tornadus|0 fnt\n|faint|p2a: Flutter Mane\n|-end|p2a: Flutter Mane|Protosynthesis|[silent]\n|faint|p2b: Tornadus\n|\n|-ability|p1b: Espathra|Speed Boost|boost\n|-boost|p1b: Espathra|spe|1\n|upkeep\n|\n|t:|1699646959\n|switch|p2a: Landorus|Landorus-Therian, L50, M|100\/100\n|switch|p2b: Urshifu|Urshifu-Rapid-Strike, L50, M|100\/100\n|-ability|p2a: Landorus|Intimidate|boost\n|-unboost|p1a: Landorus|atk|1\n|-unboost|p1b: Espathra|atk|1\n|turn|4\n|\n|t:|1699646976\n|-terastallize|p2a: Landorus|Flying\n|move|p1b: Espathra|Protect|p1b: Espathra\n|-singleturn|p1b: Espathra|Protect\n|move|p2a: Landorus|Tera Blast|p1b: Espathra|[anim] Tera Blast Flying\n|-activate|p1b: Espathra|move: Protect\n|move|p2b: Urshifu|Surging Strikes|p1a: Landorus\n|-supereffective|p1a: Landorus\n|-crit|p1a: Landorus\n|-damage|p1a: Landorus|0 fnt\n|faint|p1a: Landorus\n|-hitcount|p1: Landorus|1\n|\n|-ability|p1b: Espathra|Speed Boost|boost\n|-boost|p1b: Espathra|spe|1\n|upkeep\n|\n|t:|1699646988\n|switch|p1a: Sableye|Sableye, L50, F|5\/100\n|turn|5\n|\n|t:|1699647007\n|move|p1a: Sableye|Disable|p2a: Landorus\n|-start|p2a: Landorus|Disable|Tera Blast\n|move|p1b: Espathra|Hypnosis|p2b: Urshifu\n|-status|p2b: Urshifu|slp|[from] move: Hypnosis\n|cant|p2a: Landorus|Disable|Tera Blast\n|cant|p2b: Urshifu|slp\n|\n|-sideend|p2: QrdeJegoMac|move: Tailwind\n|-fieldend|move: Gravity\n|-ability|p1b: Espathra|Speed Boost|boost\n|-boost|p1b: Espathra|spe|1\n|upkeep\n|turn|6\n|\n|t:|1699647025\n|switch|p1a: Flutter Mane|Flutter Mane, L50|100\/100\n|-enditem|p1a: Flutter Mane|Booster Energy\n|-activate|p1a: Flutter Mane|ability: Protosynthesis|[fromitem]\n|-start|p1a: Flutter Mane|protosynthesisspa\n|move|p1b: Espathra|Lumina Crash|p2a: Landorus\n|-damage|p2a: Landorus|65\/100\n|-unboost|p2a: Landorus|spd|2\n|-activate|p2a: Landorus|move: Struggle\n|move|p2a: Landorus|Struggle|p1b: Espathra\n|-damage|p1b: Espathra|18\/100\n|-damage|p2a: Landorus|40\/100|[from] recoil\n|cant|p2b: Urshifu|slp\n|\n|-ability|p1b: Espathra|Speed Boost|boost\n|-boost|p1b: Espathra|spe|1\n|upkeep\n|turn|7\n|\n|t:|1699647042\n|-curestatus|p2b: Urshifu|slp|[msg]\n|move|p2b: Urshifu|Aqua Jet|p1b: Espathra\n|-damage|p1b: Espathra|0 fnt\n|faint|p1b: Espathra\n|-activate|p2a: Landorus|move: Struggle\n|move|p2a: Landorus|Struggle|p1a: Flutter Mane\n|-damage|p1a: Flutter Mane|69\/100\n|-damage|p2a: Landorus|15\/100|[from] recoil\n|move|p1a: Flutter Mane|Moonblast|p2b: Urshifu\n|-supereffective|p2b: Urshifu\n|-enditem|p2b: Urshifu|Focus Sash\n|-damage|p2b: Urshifu|1\/100\n|-unboost|p2b: Urshifu|spa|1\n|\n|upkeep\n|\n|t:|1699647048\n|switch|p1b: Sableye|Sableye, L50, F|5\/100\n|turn|8\n|\n|t:|1699647067\n|move|p2b: Urshifu|Protect|p2b: Urshifu\n|-singleturn|p2b: Urshifu|Protect\n|move|p1b: Sableye|Disable|p2b: Urshifu\n|-activate|p2b: Urshifu|move: Protect\n|-activate|p2a: Landorus|move: Struggle\n|move|p2a: Landorus|Struggle|p1a: Flutter Mane\n|-damage|p1a: Flutter Mane|36\/100\n|-damage|p2a: Landorus|0 fnt|[from] recoil\n|faint|p2a: Landorus\n|move|p1a: Flutter Mane|Dazzling Gleam|p2b: Urshifu\n|-activate|p2b: Urshifu|move: Protect\n|\n|upkeep\n|turn|9\n|\n|t:|1699647081\n|move|p1a: Flutter Mane|Protect|p1a: Flutter Mane\n|-singleturn|p1a: Flutter Mane|Protect\n|move|p2b: Urshifu|Aqua Jet|p1b: Sableye\n|-damage|p1b: Sableye|0 fnt\n|faint|p1b: Sableye\n|\n|upkeep\n|turn|10\n|\n|t:|1699647090\n|move|p2b: Urshifu|Protect|p2b: Urshifu\n|-singleturn|p2b: Urshifu|Protect\n|move|p1a: Flutter Mane|Dazzling Gleam|p2b: Urshifu\n|-activate|p2b: Urshifu|move: Protect\n|\n|upkeep\n|turn|11\n|\n|t:|1699647093\n|move|p2b: Urshifu|Aqua Jet|p1a: Flutter Mane\n|-damage|p1a: Flutter Mane|0 fnt\n|faint|p1a: Flutter Mane\n|-end|p1a: Flutter Mane|Protosynthesis|[silent]\n|\n|win|QrdeJegoMac\n|raw|SERENA2024's rating: 1465 &rarr; <strong>1450<\/strong><br \/>(-15 for losing)\n|raw|QrdeJegoMac's rating: 1546 &rarr; <strong>1561<\/strong><br \/>(+15 for winning)\n|l|\u2606SERENA2024\n","uploadtime":1699647102,"views":17,"p1id":"serena2024","p2id":"qrdejegomac","formatid":"gen9vgc2023regulatione","rating":1450,"private":0,"password":""}