{"id":"gen9vgc2023regulatione-1989757176","p1":"swfeadst","p2":"qz231113","format":"[Gen 9] VGC 2023 Regulation E","log":"|j|\u2606swfeadst\n|j|\u2606qz231113\n|t:|1699893156\n|gametype|doubles\n|player|p1|swfeadst|youngster-gen4dp|1195\n|player|p2|qz231113|102|1277\n|teamsize|p1|6\n|teamsize|p2|6\n|gen|9\n|tier|[Gen 9] VGC 2023 Regulation E\n|rated|\n|rule|Species Clause: Limit one of each Pok\u00e9mon\n|rule|Item Clause: Limit one of each item\n|clearpoke\n|poke|p1|Tornadus, L50, M|\n|poke|p1|Mamoswine, L50, M|\n|poke|p1|Kingambit, L50, F|\n|poke|p1|Flutter Mane, L50|\n|poke|p1|Staraptor, L50, F|\n|poke|p1|Dragapult, L50, M|\n|poke|p2|Tornadus, L50, M|\n|poke|p2|Volcarona, L50, F|\n|poke|p2|Basculegion, L50, M|\n|poke|p2|Ludicolo, L50, M|\n|poke|p2|Scizor, L50, F|\n|poke|p2|Flutter Mane, L50|\n|teampreview|4\n|\n|t:|1699893189\n|start\n|switch|p1a: Tornadus|Tornadus, L50, M|100\/100\n|switch|p1b: Frozen Man|Mamoswine, L50, M|100\/100\n|switch|p2a: Tornadus|Tornadus, L50, M|100\/100\n|switch|p2b: Basculegion|Basculegion, L50, M|100\/100\n|turn|1\n|\n|t:|1699893205\n|move|p1a: Tornadus|Tailwind|p1a: Tornadus\n|-sidestart|p1: swfeadst|move: Tailwind\n|move|p2a: Tornadus|Rain Dance|p2a: Tornadus\n|-weather|RainDance\n|move|p1b: Frozen Man|High Horsepower|p2b: Basculegion\n|-damage|p2b: Basculegion|41\/100\n|move|p2b: Basculegion|Flip Turn|p1b: Frozen Man\n|-supereffective|p1b: Frozen Man\n|-damage|p1b: Frozen Man|0 fnt\n|faint|p1b: Frozen Man\n|\n|t:|1699893229\n|switch|p2b: Scizor|Scizor, L50, F|100\/100|[from] Flip Turn\n|\n|-weather|RainDance|[upkeep]\n|upkeep\n|\n|t:|1699893241\n|switch|p1b: Dragapult|Dragapult, L50, M|100\/100\n|turn|2\n|\n|t:|1699893257\n|-terastallize|p1b: Dragapult|Steel\n|move|p2b: Scizor|Bullet Punch|p1b: Dragapult\n|-resisted|p1b: Dragapult\n|-damage|p1b: Dragapult|75\/100\n|move|p1b: Dragapult|Phantom Force||[still]\n|-prepare|p1b: Dragapult|Phantom Force\n|move|p1a: Tornadus|Bleakwind Storm|p2b: Scizor|[spread] p2a,p2b\n|-damage|p2a: Tornadus|57\/100\n|-damage|p2b: Scizor|55\/100\n|move|p2a: Tornadus|Bleakwind Storm|p1b: Dragapult|[spread] p1a\n|-miss|p2a: Tornadus|p1b: Dragapult\n|-damage|p1a: Tornadus|47\/100\n|\n|-weather|RainDance|[upkeep]\n|-heal|p2b: Scizor|61\/100|[from] item: Leftovers\n|upkeep\n|turn|3\n|\n|t:|1699893276\n|move|p2a: Tornadus|Tailwind|p2a: Tornadus\n|-sidestart|p2: qz231113|move: Tailwind\n|move|p2b: Scizor|Bullet Punch|p1a: Tornadus\n|-damage|p1a: Tornadus|0 fnt\n|faint|p1a: Tornadus\n|move|p1b: Dragapult|Phantom Force|p2b: Scizor|[from]lockedmove\n|-damage|p2b: Scizor|0 fnt\n|faint|p2b: Scizor\n|-damage|p1b: Dragapult|65\/100|[from] item: Life Orb\n|\n|-weather|RainDance|[upkeep]\n|upkeep\n|\n|t:|1699893288\n|switch|p1a: Flutter Mane|Flutter Mane, L50|100\/100\n|switch|p2b: Basculegion|Basculegion, L50, M|41\/100\n|turn|4\n|\n|t:|1699893315\n|-terastallize|p2b: Basculegion|Water\n|move|p1a: Flutter Mane|Protect|p1a: Flutter Mane\n|-singleturn|p1a: Flutter Mane|Protect\n|move|p2b: Basculegion|Aqua Jet|p1b: Dragapult\n|-damage|p1b: Dragapult|0 fnt\n|faint|p1b: Dragapult\n|move|p2a: Tornadus|Bleakwind Storm|p1a: Flutter Mane\n|-activate|p1a: Flutter Mane|move: Protect\n|\n|-weather|RainDance|[upkeep]\n|-sideend|p1: swfeadst|move: Tailwind\n|upkeep\n|turn|5\n|-message|swfeadst forfeited.\n|\n|win|qz231113\n|raw|swfeadst's rating: 1195 &rarr; <strong>1176<\/strong><br \/>(-19 for losing)\n|raw|qz231113's rating: 1277 &rarr; <strong>1296<\/strong><br \/>(+19 for winning)\n|l|\u2606swfeadst\n","uploadtime":1699893330,"views":8,"p1id":"swfeadst","p2id":"qz231113","formatid":"gen9vgc2023regulatione","rating":1176,"private":0,"password":""}