{"id":"gen9vgc2023regulatione-1995795547","p1":"vHollowZangetsu","p2":"Micahel cheese","format":"[Gen 9] VGC 2023 Regulation E","log":"|j|\u2606vHollowZangetsu\n|j|\u2606Micahel cheese\n|t:|1700603930\n|gametype|doubles\n|player|p1|vHollowZangetsu|guitarist-gen4|1050\n|player|p2|Micahel cheese|265|1045\n|teamsize|p1|6\n|teamsize|p2|6\n|gen|9\n|tier|[Gen 9] VGC 2023 Regulation E\n|rated|\n|rule|Species Clause: Limit one of each Pok\u00e9mon\n|rule|Item Clause: Limit one of each item\n|clearpoke\n|poke|p1|Arcanine-Hisui, L50, M|\n|poke|p1|Ogerpon, L50, F|\n|poke|p1|Empoleon, L50, M|\n|poke|p1|Kommo-o, L50, F|\n|poke|p1|Tornadus, L50, M|\n|poke|p1|Cresselia, L50, F|\n|poke|p2|Regidrago, L50|\n|poke|p2|Starly, L50, M|\n|poke|p2|Gardevoir, L50, M|\n|poke|p2|Avalugg-Hisui, L50, F|\n|poke|p2|Conkeldurr, L50, M|\n|poke|p2|Ogerpon-Hearthflame, L50, F|\n|teampreview|4\n|\n|t:|1700603999\n|start\n|switch|p1a: Tornadus|Tornadus, L50, M|100\/100\n|switch|p1b: Cresselia|Cresselia, L50, F|100\/100\n|switch|p2a: Regidrago|Regidrago, L50|100\/100\n|switch|p2b: Gardevoir|Gardevoir, L50, M|100\/100\n|turn|1\n|\n|t:|1700604023\n|-terastallize|p2a: Regidrago|Steel\n|move|p1a: Tornadus|Tailwind|p1a: Tornadus\n|-sidestart|p1: vHollowZangetsu|move: Tailwind\n|move|p1b: Cresselia|Dazzling Gleam|p2a: Regidrago|[spread] p2a,p2b\n|-resisted|p2a: Regidrago\n|-crit|p2a: Regidrago\n|-damage|p2a: Regidrago|90\/100\n|-damage|p2b: Gardevoir|89\/100\n|move|p2a: Regidrago|Substitute|p2a: Regidrago\n|-start|p2a: Regidrago|Substitute\n|-damage|p2a: Regidrago|65\/100\n|move|p2b: Gardevoir|Trick Room|p2b: Gardevoir\n|-fieldstart|move: Trick Room|[of] p2b: Gardevoir\n|\n|-heal|p2a: Regidrago|72\/100|[from] item: Leftovers\n|upkeep\n|turn|2\n|\n|t:|1700604054\n|move|p1a: Tornadus|Taunt|p2b: Gardevoir\n|-start|p2b: Gardevoir|move: Taunt\n|move|p2a: Regidrago|Dragon Dance|p2a: Regidrago\n|-boost|p2a: Regidrago|atk|1\n|-boost|p2a: Regidrago|spe|1\n|cant|p2b: Gardevoir|move: Taunt|Light Screen\n|move|p1b: Cresselia|Lunar Blessing||[still]|[spread] \n|-fail|p1b: Cresselia\n|\n|-heal|p2a: Regidrago|78\/100|[from] item: Leftovers\n|upkeep\n|turn|3\n|\n|t:|1700604081\n|move|p2b: Gardevoir|Psychic|p1a: Tornadus\n|-damage|p1a: Tornadus|71\/100\n|move|p2a: Regidrago|Dragon Dance|p2a: Regidrago\n|-boost|p2a: Regidrago|atk|1\n|-boost|p2a: Regidrago|spe|1\n|move|p1b: Cresselia|Psychic|p2a: Regidrago\n|-resisted|p2a: Regidrago\n|-activate|p2a: Regidrago|move: Substitute|[damage]\n|move|p1a: Tornadus|Bleakwind Storm|p2a: Regidrago|[spread] p2a,p2b\n|-resisted|p2a: Regidrago\n|-end|p2a: Regidrago|Substitute\n|-crit|p2b: Gardevoir\n|-damage|p2b: Gardevoir|45\/100\n|-enditem|p2b: Gardevoir|Sitrus Berry|[eat]\n|-heal|p2b: Gardevoir|70\/100|[from] item: Sitrus Berry\n|\n|-heal|p2a: Regidrago|84\/100|[from] item: Leftovers\n|upkeep\n|turn|4\n|\n|t:|1700604132\n|move|p1a: Tornadus|Taunt|p2a: Regidrago\n|-start|p2a: Regidrago|move: Taunt\n|move|p2b: Gardevoir|Psychic|p1a: Tornadus\n|-damage|p1a: Tornadus|42\/100\n|-enditem|p1a: Tornadus|Sitrus Berry|[eat]\n|-heal|p1a: Tornadus|67\/100|[from] item: Sitrus Berry\n|move|p2a: Regidrago|Dragon Claw|p1a: Tornadus\n|-damage|p1a: Tornadus|0 fnt\n|faint|p1a: Tornadus\n|move|p1b: Cresselia|Psychic|p2a: Regidrago\n|-resisted|p2a: Regidrago\n|-damage|p2a: Regidrago|70\/100\n|\n|-heal|p2a: Regidrago|76\/100|[from] item: Leftovers\n|-end|p2b: Gardevoir|move: Taunt\n|-sideend|p1: vHollowZangetsu|move: Tailwind\n|upkeep\n|\n|t:|1700604149\n|switch|p1a: Kommo-o|Kommo-o, L50, F|100\/100\n|turn|5\n|\n|t:|1700604160\n|move|p1a: Kommo-o|Protect|p1a: Kommo-o\n|-singleturn|p1a: Kommo-o|Protect\n|move|p2b: Gardevoir|Psychic|p1a: Kommo-o\n|-activate|p1a: Kommo-o|move: Protect\n|move|p1b: Cresselia|Icy Wind|p2b: Gardevoir|[spread] p2a,p2b\n|-resisted|p2a: Regidrago\n|-damage|p2a: Regidrago|72\/100\n|-damage|p2b: Gardevoir|62\/100\n|-unboost|p2a: Regidrago|spe|1\n|-unboost|p2b: Gardevoir|spe|1\n|move|p2a: Regidrago|Dragon Claw|p1a: Kommo-o\n|-activate|p1a: Kommo-o|move: Protect\n|\n|-heal|p2a: Regidrago|78\/100|[from] item: Leftovers\n|-fieldend|move: Trick Room\n|upkeep\n|turn|6\n|\n|t:|1700604199\n|-terastallize|p1a: Kommo-o|Fairy\n|move|p1b: Cresselia|Lunar Blessing||[still]|[spread] \n|-fail|p1b: Cresselia\n|move|p1a: Kommo-o|Clangorous Soul|p1a: Kommo-o\n|-boost|p1a: Kommo-o|atk|1\n|-boost|p1a: Kommo-o|def|1\n|-boost|p1a: Kommo-o|spa|1\n|-boost|p1a: Kommo-o|spd|1\n|-boost|p1a: Kommo-o|spe|1\n|-damage|p1a: Kommo-o|68\/100\n|move|p2a: Regidrago|Dragon Claw|p1a: Kommo-o\n|-immune|p1a: Kommo-o\n|move|p2b: Gardevoir|Trick Room|p2b: Gardevoir\n|-fieldstart|move: Trick Room|[of] p2b: Gardevoir\n|\n|-heal|p2a: Regidrago|84\/100|[from] item: Leftovers\n|-heal|p1a: Kommo-o|74\/100|[from] item: Leftovers\n|-end|p2a: Regidrago|move: Taunt\n|upkeep\n|turn|7\n|\n|t:|1700604224\n|move|p1a: Kommo-o|Protect|p1a: Kommo-o\n|-singleturn|p1a: Kommo-o|Protect\n|move|p2b: Gardevoir|Reflect|p2b: Gardevoir\n|-sidestart|p2: Micahel cheese|Reflect\n|move|p2a: Regidrago|Tera Blast|p1a: Kommo-o|[anim] Tera Blast Steel\n|-activate|p1a: Kommo-o|move: Protect\n|move|p1b: Cresselia|Lunar Blessing|p1b: Cresselia|[spread] p1a,p1b\n|-heal|p1a: Kommo-o|98\/100\n|\n|-heal|p2a: Regidrago|90\/100|[from] item: Leftovers\n|-heal|p1a: Kommo-o|100\/100|[from] item: Leftovers\n|upkeep\n|turn|8\n|\n|t:|1700604273\n|move|p2b: Gardevoir|Light Screen|p2b: Gardevoir\n|-sidestart|p2: Micahel cheese|move: Light Screen\n|move|p2a: Regidrago|Tera Blast|p1a: Kommo-o|[anim] Tera Blast Steel\n|-supereffective|p1a: Kommo-o\n|-damage|p1a: Kommo-o|30\/100\n|move|p1b: Cresselia|Lunar Blessing|p1b: Cresselia|[spread] p1a,p1b\n|-heal|p1a: Kommo-o|55\/100\n|move|p1a: Kommo-o|Drain Punch|p2a: Regidrago\n|-supereffective|p2a: Regidrago\n|-damage|p2a: Regidrago|19\/100\n|-heal|p1a: Kommo-o|100\/100|[from] drain|[of] p2a: Regidrago\n|\n|-heal|p2a: Regidrago|25\/100|[from] item: Leftovers\n|upkeep\n|turn|9\n|\n|t:|1700604297\n|move|p1a: Kommo-o|Protect|p1a: Kommo-o\n|-singleturn|p1a: Kommo-o|Protect\n|move|p2b: Gardevoir|Psychic|p1b: Cresselia\n|-resisted|p1b: Cresselia\n|-damage|p1b: Cresselia|87\/100\n|move|p2a: Regidrago|Dragon Claw|p1b: Cresselia\n|-damage|p1b: Cresselia|14\/100\n|-damage|p2a: Regidrago|8\/100|[from] item: Rocky Helmet|[of] p1b: Cresselia\n|move|p1b: Cresselia|Psychic|p2a: Regidrago\n|-resisted|p2a: Regidrago\n|-damage|p2a: Regidrago|0 fnt\n|faint|p2a: Regidrago\n|\n|upkeep\n|\n|t:|1700604312\n|switch|p2a: Ogerpon|Ogerpon-Hearthflame, L50, F|100\/100\n|-ability|p2a: Ogerpon|Mold Breaker\n|turn|10\n|\n|t:|1700604338\n|move|p2a: Ogerpon|Spiky Shield|p2a: Ogerpon\n|-singleturn|p2a: Ogerpon|move: Protect\n|move|p2b: Gardevoir|Psychic|p1b: Cresselia\n|-resisted|p1b: Cresselia\n|-damage|p1b: Cresselia|0 fnt\n|faint|p1b: Cresselia\n|move|p1a: Kommo-o|Iron Head|p2b: Gardevoir\n|-supereffective|p2b: Gardevoir\n|-damage|p2b: Gardevoir|3\/100\n|\n|-fieldend|move: Trick Room\n|upkeep\n|\n|t:|1700604350\n|switch|p1b: Arcanine|Arcanine-Hisui, L50, M|100\/100\n|-ability|p1b: Arcanine|Intimidate|boost\n|-unboost|p2a: Ogerpon|atk|1\n|-unboost|p2b: Gardevoir|atk|1\n|turn|11\n|\n|t:|1700604367\n|move|p1b: Arcanine|Extreme Speed|p2b: Gardevoir\n|-damage|p2b: Gardevoir|0 fnt\n|faint|p2b: Gardevoir\n|move|p1a: Kommo-o|Drain Punch|p2a: Ogerpon\n|-damage|p2a: Ogerpon|56\/100\n|move|p2a: Ogerpon|Brick Break|p1b: Arcanine\n|-supereffective|p1b: Arcanine\n|-damage|p1b: Arcanine|65\/100\n|\n|-sideend|p2: Micahel cheese|Reflect\n|upkeep\n|\n|t:|1700604378\n|switch|p2b: Starly|Starly, L50, M|100\/100\n|turn|12\n|\n|t:|1700604425\n|move|p1a: Kommo-o|Protect|p1a: Kommo-o\n|-singleturn|p1a: Kommo-o|Protect\n|move|p2a: Ogerpon|Spiky Shield|p2a: Ogerpon\n|-singleturn|p2a: Ogerpon|move: Protect\n|move|p2b: Starly|Protect|p2b: Starly\n|-singleturn|p2b: Starly|Protect\n|move|p1b: Arcanine|Howl|p1b: Arcanine|[spread] p1a,p1b\n|-boost|p1a: Kommo-o|atk|1\n|-boost|p1b: Arcanine|atk|1\n|\n|-sideend|p2: Micahel cheese|move: Light Screen\n|upkeep\n|turn|13\n|\n|t:|1700604442\n|move|p2b: Starly|Protect||[still]\n|-fail|p2b: Starly\n|move|p1a: Kommo-o|Drain Punch|p2a: Ogerpon\n|-damage|p2a: Ogerpon|0 fnt\n|faint|p2a: Ogerpon\n|move|p1b: Arcanine|Rock Slide|p2b: Starly\n|-supereffective|p2b: Starly\n|-enditem|p2b: Starly|Focus Sash\n|-damage|p2b: Starly|1\/100\n|\n|upkeep\n|turn|14\n|-message|Micahel cheese forfeited.\n|\n|win|vHollowZangetsu\n|raw|vHollowZangetsu's rating: 1050 &rarr; <strong>1082<\/strong><br \/>(+32 for winning)\n|raw|Micahel cheese's rating: 1045 &rarr; <strong>1028<\/strong><br \/>(-17 for losing)\n|l|\u2606Micahel cheese\n","uploadtime":1700604594,"views":20,"p1id":"vhollowzangetsu","p2id":"micahelcheese","formatid":"gen9vgc2023regulatione","rating":1028,"private":0,"password":""}