{"id":"gen9vgc2023regulatione-1994349181","p1":"crace1345","p2":"ZapdosLegDay","format":"[Gen 9] VGC 2023 Regulation E","log":"|j|\u2606crace1345\n|j|\u2606ZapdosLegDay\n|n|\u2606crace1345|crace1345\n|n|\u2606ZapdosLegDay|zapdoslegday\n|html|View the match progress at <a href=\"\/game-bestof3-gen9vgc2023regulatione-1994347256\">game-bestof3-gen9vgc2023regulatione-1994347256<\/a>\n|t:|1700433848\n|gametype|doubles\n|player|p1|crace1345|dawn|\n|player|p2|ZapdosLegDay|will|\n|teamsize|p1|6\n|teamsize|p2|6\n|gen|9\n|tier|[Gen 9] VGC 2023 Regulation E\n|rule|Species Clause: Limit one of each Pok\u00e9mon\n|rule|Item Clause: Limit one of each item\n|clearpoke\n|poke|p1|Rillaboom, L50, M|\n|poke|p1|Ogerpon-Wellspring, L50, F|\n|poke|p1|Chien-Pao, L50|\n|poke|p1|Flutter Mane, L50|\n|poke|p1|Zapdos-Galar, L50|\n|poke|p1|Arcanine-Hisui, L50, F|\n|poke|p2|Zapdos-Galar, L50|\n|poke|p2|Dragonite, L50, F|\n|poke|p2|Chien-Pao, L50|\n|poke|p2|Rillaboom, L50, M|\n|poke|p2|Dondozo, L50, F|\n|poke|p2|Heatran, L50, M|\n|teampreview|4\nZapdosLegDay has agreed to open team sheets.\ncrace1345 has agreed to open team sheets.\n|showteam|p1|Rillaboom||MeadowPlate|GrassySurge|GrassyGlide,FakeOut,WoodHammer,Taunt|||M|||50|,,,,,Steel]Ogerpon-Wellspring||WellspringMask|WaterAbsorb|IvyCudgel,HornLeech,FollowMe,SpikyShield|||F|||50|,,,,,Water]Chien-Pao||FocusSash|SwordofRuin|SuckerPunch,IcicleCrash,SacredSword,Protect||||||50|,,,,,Ghost]Flutter Mane||ChoiceSpecs|Protosynthesis|ShadowBall,DazzlingGleam,Moonblast,PowerGem||||||50|,,,,,Fairy]Zapdos-Galar||ChoiceScarf|Defiant|BraveBird,ThunderousKick,KnockOff,CloseCombat||||||50|,,,,,Ghost]Arcanine-Hisui||SitrusBerry|Intimidate|RockSlide,FlareBlitz,ExtremeSpeed,WillOWisp|||F|||50|,,,,,Water\n|showteam|p2|Zapdos-Galar||ChoiceScarf|Defiant|BraveBird,CloseCombat,ThunderousKick,Uturn||||||50|,,,,,Ghost]Dragonite||ChoiceBand|InnerFocus|ExtremeSpeed,Outrage,StompingTantrum,IronHead|||F|||50|,,,,,Normal]Chien-Pao||FocusSash|SwordofRuin|Protect,IcicleCrash,Crunch,SuckerPunch||||||50|,,,,,Ghost]Rillaboom||MeadowPlate|GrassySurge|Protect,GrassyGlide,WoodHammer,FakeOut|||M|||50|,,,,,Grass]Dondozo||RockyHelmet|Unaware|Protect,Yawn,WaveCrash,Fissure|||F|||50|,,,,,Dragon]Heatran||Leftovers|FlashFire|Protect,Flamethrower,EarthPower,Substitute|||M|||50|,,,,,Fairy\n|c|\u2606ZapdosLegDay|suerte!!\n|c|\u2606crace1345|\u00a1\u00a1Suerte!!\n|\n|t:|1700433917\n|start\n|switch|p1a: Maxichango|Rillaboom, L50, M|100\/100\n|switch|p1b: Flutter Mane|Flutter Mane, L50|100\/100\n|switch|p2a: Dragonite|Dragonite, L50, F|100\/100\n|switch|p2b: Chien-Pao|Chien-Pao, L50|100\/100\n|-ability|p2b: Chien-Pao|Sword of Ruin\n|-fieldstart|move: Grassy Terrain|[from] ability: Grassy Surge|[of] p1a: Maxichango\n|turn|1\n|\n|t:|1700433947\n|-terastallize|p1b: Flutter Mane|Fairy\n|-terastallize|p2a: Dragonite|Normal\n|move|p2b: Chien-Pao|Protect|p2b: Chien-Pao\n|-singleturn|p2b: Chien-Pao|Protect\n|move|p2a: Dragonite|Extreme Speed|p1a: Maxichango\n|-damage|p1a: Maxichango|7\/100\n|move|p1b: Flutter Mane|Dazzling Gleam|p2b: Chien-Pao|[spread] p2a\n|-activate|p2b: Chien-Pao|move: Protect\n|-damage|p2a: Dragonite|38\/100\n|move|p1a: Maxichango|Wood Hammer|p2a: Dragonite\n|-damage|p2a: Dragonite|0 fnt\n|faint|p2a: Dragonite\n|-damage|p1a: Maxichango|0 fnt|[from] Recoil\n|faint|p1a: Maxichango\n|\n|upkeep\n|\n|t:|1700433969\n|switch|p2a: Zapdos|Zapdos-Galar, L50|100\/100\n|switch|p1a: Water No|Ogerpon-Wellspring, L50, F|100\/100\n|turn|2\n|\n|t:|1700433983\n|move|p1a: Water No|Follow Me|p1a: Water No\n|-singleturn|p1a: Water No|move: Follow Me\n|move|p2a: Zapdos|Brave Bird|p1a: Water No\n|-supereffective|p1a: Water No\n|-damage|p1a: Water No|0 fnt\n|faint|p1a: Water No\n|-damage|p2a: Zapdos|69\/100|[from] Recoil\n|move|p1b: Flutter Mane|Dazzling Gleam|p2a: Zapdos|[spread] p2a,p2b\n|-supereffective|p2a: Zapdos\n|-supereffective|p2b: Chien-Pao\n|-damage|p2a: Zapdos|0 fnt\n|-enditem|p2b: Chien-Pao|Focus Sash\n|-damage|p2b: Chien-Pao|1\/100\n|faint|p2a: Zapdos\n|move|p2b: Chien-Pao|Icicle Crash|p1b: Flutter Mane\n|-damage|p1b: Flutter Mane|0 fnt\n|faint|p1b: Flutter Mane\n|-end|p1b: Flutter Mane|Protosynthesis|[silent]\n|\n|-heal|p2b: Chien-Pao|7\/100|[from] Grassy Terrain\n|upkeep\n|\n|t:|1700433998\n|switch|p1b: Arcanine|Arcanine-Hisui, L50, F|100\/100\n|switch|p2a: Dondozo|Dondozo, L50, F|100\/100\n|-ability|p1b: Arcanine|Intimidate|boost\n|-unboost|p2a: Dondozo|atk|1\n|-unboost|p2b: Chien-Pao|atk|1\n|turn|3\n|\n|t:|1700434003\n|move|p2b: Chien-Pao|Protect|p2b: Chien-Pao\n|-singleturn|p2b: Chien-Pao|Protect\n|move|p1b: Arcanine|Extreme Speed|p2b: Chien-Pao\n|-activate|p2b: Chien-Pao|move: Protect\n|move|p2a: Dondozo|Yawn|p1b: Arcanine\n|-start|p1b: Arcanine|move: Yawn|[of] p2a: Dondozo\n|\n|-heal|p2b: Chien-Pao|13\/100|[from] Grassy Terrain\n|upkeep\n|turn|4\n|\n|t:|1700434012\n|move|p2b: Chien-Pao|Crunch|p1b: Arcanine\n|-damage|p1b: Arcanine|64\/100\n|move|p1b: Arcanine|Rock Slide|p2b: Chien-Pao|[spread] p2a,p2b\n|-supereffective|p2b: Chien-Pao\n|-damage|p2a: Dondozo|77\/100\n|-damage|p2b: Chien-Pao|0 fnt\n|faint|p2b: Chien-Pao\n|cant|p2a: Dondozo|flinch\n|\n|-heal|p1b: Arcanine|70\/100|[from] Grassy Terrain\n|-heal|p2a: Dondozo|83\/100|[from] Grassy Terrain\n|-end|p1b: Arcanine|move: Yawn|[silent]\n|-status|p1b: Arcanine|slp\n|upkeep\n|turn|5\n|c|\u2606ZapdosLegDay|GG!\n|\n|t:|1700434023\n|cant|p1b: Arcanine|slp\n|move|p2a: Dondozo|Wave Crash|p1b: Arcanine\n|-supereffective|p1b: Arcanine\n|-damage|p1b: Arcanine|0 fnt\n|faint|p1b: Arcanine\n|-damage|p2a: Dondozo|65\/100|[from] Recoil\n|\n|win|ZapdosLegDay\n|c|\u2606crace1345|Gg\n|c|\u2606crace1345|Se intento\n|c|\u2606ZapdosLegDay|has jugado bien\n|l|\u2606ZapdosLegDay\n|l|\u2606crace1345\n|j|\u2606crace1345\n|player|p1|crace1345|dawn\n","uploadtime":1700434303,"views":5,"p1id":"crace1345","p2id":"zapdoslegday","formatid":"gen9vgc2023regulatione","rating":0,"private":0,"password":""}