{"id":"gen9vgc2023regulatione-1992931587","p1":"Itsls19051804","p2":"Zachy37","format":"[Gen 9] VGC 2023 Regulation E","log":"|j|\u2606Itsls19051804\n|j|\u2606Zachy37\n|t:|1700247919\n|gametype|doubles\n|player|p1|Itsls19051804|chili|1111\n|player|p2|Zachy37|2|1032\n|teamsize|p1|6\n|teamsize|p2|6\n|gen|9\n|tier|[Gen 9] VGC 2023 Regulation E\n|rated|\n|rule|Species Clause: Limit one of each Pok\u00e9mon\n|rule|Item Clause: Limit one of each item\n|clearpoke\n|poke|p1|Ogerpon-Wellspring, L50, F|\n|poke|p1|Politoed, L50, F|\n|poke|p1|Zapdos, L50|\n|poke|p1|Urshifu-*, L50, M|\n|poke|p1|Landorus-Therian, L50, M|\n|poke|p1|Gholdengo, L50|\n|poke|p2|Politoed, L50, F|\n|poke|p2|Poliwrath, L50, M|\n|poke|p2|Clodsire, L50, M|\n|poke|p2|Sinistcha, L50|\n|poke|p2|Goodra-Hisui, L50, M|\n|poke|p2|Scizor, L50, F|\n|teampreview|4\n|\n|t:|1700247957\n|start\n|switch|p1a: Ogerpon|Ogerpon-Wellspring, L50, F|100\/100\n|switch|p1b: Politoed|Politoed, L50, F|100\/100\n|switch|p2a: Politoed|Politoed, L50, F|100\/100\n|switch|p2b: Poliwrath|Poliwrath, L50, M|100\/100\n|-weather|RainDance|[from] ability: Drizzle|[of] p1b: Politoed\n|turn|1\n|inactive|Battle timer is ON: inactive players will automatically lose when time's up. (requested by Itsls19051804)\n|\n|t:|1700247978\n|switch|p2b: Clodsire|Clodsire, L50, M|100\/100\n|-terastallize|p1a: Ogerpon|Water\n|detailschange|p1a: Ogerpon|Ogerpon-Wellspring-Tera, L50, F, tera:Water\n|-ability|p1a: Ogerpon|Embody Aspect (Wellspring)|boost\n|-boost|p1a: Ogerpon|spd|1\n|move|p1a: Ogerpon|Spiky Shield|p1a: Ogerpon\n|-singleturn|p1a: Ogerpon|move: Protect\n|move|p1b: Politoed|Protect|p1b: Politoed\n|-singleturn|p1b: Politoed|Protect\n|move|p2a: Politoed|Surf|p1a: Ogerpon|[spread] \n|-activate|p1a: Ogerpon|move: Protect\n|-activate|p1b: Politoed|move: Protect\n|-immune|p2b: Clodsire|[from] ability: Water Absorb\n|\n|-weather|RainDance|[upkeep]\n|upkeep\n|turn|2\n|inactive|Zachy37 has 30 seconds left.\n|\n|t:|1700248006\n|move|p1b: Politoed|Helping Hand|p1a: Ogerpon\n|-singleturn|p1a: Ogerpon|Helping Hand|[of] p1b: Politoed\n|move|p1a: Ogerpon|Power Whip|p2b: Clodsire|[miss]\n|-miss|p1a: Ogerpon|p2b: Clodsire\n|move|p2a: Politoed|Surf|p1b: Politoed|[spread] p1a,p1b\n|-immune|p2b: Clodsire|[from] ability: Water Absorb\n|-resisted|p1a: Ogerpon\n|-crit|p1a: Ogerpon\n|-resisted|p1b: Politoed\n|-damage|p1a: Ogerpon|71\/100\n|-damage|p1b: Politoed|85\/100\n|move|p2b: Clodsire|Toxic|p1a: Ogerpon\n|-status|p1a: Ogerpon|tox\n|\n|-weather|RainDance|[upkeep]\n|-damage|p1a: Ogerpon|65\/100 tox|[from] psn\n|upkeep\n|turn|3\n|inactive|Itsls19051804 has 30 seconds left.\n|inactive|Zachy37 has 30 seconds left.\n|\n|t:|1700248040\n|switch|p2a: Poliwrath|Poliwrath, L50, M|100\/100\n|switch|p2b: Goodra|Goodra-Hisui, L50, M|100\/100\n|move|p1b: Politoed|Helping Hand|p1a: Ogerpon\n|-singleturn|p1a: Ogerpon|Helping Hand|[of] p1b: Politoed\n|move|p1a: Ogerpon|Power Whip|p2b: Goodra\n|-ability|p2b: Goodra|Sap Sipper|boost\n|-boost|p2b: Goodra|atk|1\n|\n|-weather|RainDance|[upkeep]\n|-damage|p1a: Ogerpon|53\/100 tox|[from] psn\n|upkeep\n|turn|4\n|inactive|Zachy37 has 30 seconds left.\n|\n|t:|1700248070\n|-terastallize|p2a: Poliwrath|Poison\n|move|p1b: Politoed|Helping Hand|p1a: Ogerpon\n|-singleturn|p1a: Ogerpon|Helping Hand|[of] p1b: Politoed\n|move|p2a: Poliwrath|Belly Drum|p2a: Poliwrath\n|-damage|p2a: Poliwrath|50\/100\n|-setboost|p2a: Poliwrath|atk|6|[from] move: Belly Drum\n|-enditem|p2a: Poliwrath|Sitrus Berry|[eat]\n|-heal|p2a: Poliwrath|75\/100|[from] item: Sitrus Berry\n|move|p1a: Ogerpon|Power Whip|p2a: Poliwrath\n|-resisted|p2a: Poliwrath\n|-damage|p2a: Poliwrath|25\/100\n|move|p2b: Goodra|Acid Armor|p2b: Goodra\n|-boost|p2b: Goodra|def|2\n|\n|-weather|RainDance|[upkeep]\n|-damage|p1a: Ogerpon|35\/100 tox|[from] psn\n|upkeep\n|turn|5\n|inactive|Zachy37 has 30 seconds left.\n|\n|t:|1700248100\n|move|p1a: Ogerpon|Spiky Shield|p1a: Ogerpon\n|-singleturn|p1a: Ogerpon|move: Protect\n|move|p1b: Politoed|Protect|p1b: Politoed\n|-singleturn|p1b: Politoed|Protect\n|move|p2a: Poliwrath|Drain Punch|p1b: Politoed\n|-activate|p1b: Politoed|move: Protect\n|move|p2b: Goodra|Life Dew||[still]|[spread] p2a,p2b\n|-heal|p2a: Poliwrath|50\/100\n|-fail|p2b: Goodra|heal\n|\n|-weather|RainDance|[upkeep]\n|-damage|p1a: Ogerpon|12\/100 tox|[from] psn\n|upkeep\n|turn|6\n|\n|t:|1700248122\n|move|p2a: Poliwrath|Drain Punch|p1b: Politoed\n|-damage|p1b: Politoed|0 fnt\n|-heal|p2a: Poliwrath|92\/100|[from] drain|[of] p1b: Politoed\n|faint|p1b: Politoed\n|move|p1a: Ogerpon|Power Whip|p2a: Poliwrath\n|-resisted|p2a: Poliwrath\n|-damage|p2a: Poliwrath|61\/100\n|move|p2b: Goodra|Acid Armor|p2b: Goodra\n|-boost|p2b: Goodra|def|2\n|\n|-weather|RainDance|[upkeep]\n|-damage|p1a: Ogerpon|0 fnt|[from] psn\n|faint|p1a: Ogerpon\n|upkeep\n|\n|t:|1700248125\n|switch|p1a: Zapdos|Zapdos, L50, shiny|100\/100\n|switch|p1b: Urshifu|Urshifu, L50, M|100\/100\n|turn|7\n|inactive|Zachy37 has 30 seconds left.\n|inactive|Zachy37 has 20 seconds left.\n|inactive|Zachy37 has 15 seconds left.\n|\n|t:|1700248167\n|move|p2a: Poliwrath|Drain Punch|p1b: Urshifu\n|-supereffective|p1b: Urshifu\n|-enditem|p1b: Urshifu|Focus Sash\n|-damage|p1b: Urshifu|1\/100\n|-heal|p2a: Poliwrath|100\/100|[from] drain|[of] p1b: Urshifu\n|move|p1a: Zapdos|Thunderbolt|p2b: Goodra\n|-resisted|p2b: Goodra\n|-damage|p2b: Goodra|88\/100\n|move|p1b: Urshifu|Close Combat|p2b: Goodra\n|-supereffective|p2b: Goodra\n|-damage|p2b: Goodra|48\/100\n|-unboost|p1b: Urshifu|def|1\n|-unboost|p1b: Urshifu|spd|1\n|move|p2b: Goodra|Body Press|p1a: Zapdos\n|-resisted|p1a: Zapdos\n|-damage|p1a: Zapdos|62\/100\n|-damage|p2b: Goodra|32\/100|[from] item: Rocky Helmet|[of] p1a: Zapdos\n|\n|-weather|RainDance|[upkeep]\n|-heal|p2b: Goodra|37\/100|[from] item: Leftovers\n|upkeep\n|turn|8\n|inactive|Zachy37 has 30 seconds left.\n|inactive|Zachy37 has 20 seconds left.\n|\n|t:|1700248205\n|move|p1b: Urshifu|Sucker Punch|p2b: Goodra\n|-crit|p2b: Goodra\n|-damage|p2b: Goodra|0 fnt\n|faint|p2b: Goodra\n|move|p2a: Poliwrath|Drain Punch|p1b: Urshifu\n|-supereffective|p1b: Urshifu\n|-damage|p1b: Urshifu|0 fnt\n|faint|p1b: Urshifu\n|move|p1a: Zapdos|Thunderbolt|p2a: Poliwrath\n|-damage|p2a: Poliwrath|66\/100\n|-status|p2a: Poliwrath|par\n|\n|-weather|none\n|upkeep\n|\n|t:|1700248218\n|switch|p2b: Politoed|Politoed, L50, F|100\/100\n|-weather|RainDance|[from] ability: Drizzle|[of] p2b: Politoed\n|turn|9\n|c|\u2606Itsls19051804|GG\n|-message|Itsls19051804 forfeited.\n|\n|win|Zachy37\n|raw|Itsls19051804's rating: 1111 &rarr; <strong>1080<\/strong><br \/>(-31 for losing)\n|raw|Zachy37's rating: 1032 &rarr; <strong>1075<\/strong><br \/>(+43 for winning)\n|l|\u2606Itsls19051804\n","uploadtime":1700248245,"views":16,"p1id":"itsls19051804","p2id":"zachy37","formatid":"gen9vgc2023regulatione","rating":1075,"private":0,"password":""}