{"id":"gen9vgc2023regulatione-1995538991","p1":"Venefici","p2":"Gsdyfjcjt","format":"[Gen 9] VGC 2023 Regulation E","log":"|j|\u2606Venefici\n|j|\u2606Gsdyfjcjt\n|t:|1700581044\n|gametype|doubles\n|player|p1|Venefici|hugh|1113\n|player|p2|Gsdyfjcjt|ghetsis|1000\n|teamsize|p1|6\n|teamsize|p2|6\n|gen|9\n|tier|[Gen 9] VGC 2023 Regulation E\n|rated|\n|rule|Species Clause: Limit one of each Pok\u00e9mon\n|rule|Item Clause: Limit one of each item\n|clearpoke\n|poke|p1|Volcarona, L50, F|\n|poke|p1|Sinistcha, L50|\n|poke|p1|Snorlax, L50, M|\n|poke|p1|Milotic, L50, F|\n|poke|p1|Indeedee-F, L50, F|\n|poke|p1|Iron Hands, L50|\n|poke|p2|Ninetales, L50, F|\n|poke|p2|Leafeon, L50, F|\n|poke|p2|Charizard, L50, M|\n|poke|p2|Brute Bonnet, L50|\n|poke|p2|Great Tusk, L50|\n|poke|p2|Sandy Shocks, L50|\n|teampreview|4\n|inactive|Battle timer is ON: inactive players will automatically lose when time's up. (requested by Venefici)\n|inactive|Venefici has 60 seconds left.\n|inactive|Gsdyfjcjt has 60 seconds left.\n|\n|t:|1700581092\n|start\n|switch|p1a: Snorlax|Snorlax, L50, M|100\/100\n|switch|p1b: Indeedee|Indeedee-F, L50, F|100\/100\n|switch|p2a: Ninetales|Ninetales, L50, F, shiny|100\/100\n|switch|p2b: Brute Bonnet|Brute Bonnet, L50|100\/100\n|-weather|SunnyDay|[from] ability: Drought|[of] p2a: Ninetales\n|-activate|p2b: Brute Bonnet|ability: Protosynthesis\n|-start|p2b: Brute Bonnet|protosynthesisatk\n|-fieldstart|move: Psychic Terrain|[from] ability: Psychic Surge|[of] p1b: Indeedee\n|turn|1\n|inactive|Gsdyfjcjt has 30 seconds left.\n|inactive|Gsdyfjcjt has 20 seconds left.\n|inactive|Gsdyfjcjt has 15 seconds left.\n|inactive|Gsdyfjcjt has 10 seconds left.\n|\n|t:|1700581141\n|-terastallize|p1a: Snorlax|Grass\n|move|p1b: Indeedee|Follow Me|p1b: Indeedee\n|-singleturn|p1b: Indeedee|move: Follow Me\n|move|p2a: Ninetales|Will-O-Wisp|p1b: Indeedee|[miss]\n|-miss|p2a: Ninetales|p1b: Indeedee\n|move|p2b: Brute Bonnet|Spore|p1b: Indeedee\n|-status|p1b: Indeedee|slp|[from] move: Spore\n|move|p1a: Snorlax|Belly Drum|p1a: Snorlax\n|-damage|p1a: Snorlax|50\/100\n|-setboost|p1a: Snorlax|atk|6|[from] move: Belly Drum\n|-enditem|p1a: Snorlax|Sitrus Berry|[eat]\n|-heal|p1a: Snorlax|75\/100|[from] item: Sitrus Berry\n|\n|-weather|SunnyDay|[upkeep]\n|upkeep\n|turn|2\n|inactive|Venefici has 30 seconds left.\n|inactive|Venefici has 20 seconds left.\n|inactive|Venefici has 15 seconds left.\n|inactive|Venefici has 10 seconds left.\n|\n|t:|1700581188\n|switch|p1b: Sinistcha|Sinistcha, L50|100\/100\n|-heal|p1a: Snorlax|99\/100|[from] ability: Hospitality|[of] p1b: Sinistcha\n|move|p1a: Snorlax|Protect|p1a: Snorlax\n|-singleturn|p1a: Snorlax|Protect\n|move|p2a: Ninetales|Heat Wave|p1a: Snorlax|[spread] p1b\n|-activate|p1a: Snorlax|move: Protect\n|-supereffective|p1b: Sinistcha\n|-crit|p1b: Sinistcha\n|-damage|p1b: Sinistcha|13\/100\n|-enditem|p1b: Sinistcha|Wiki Berry|[eat]\n|-heal|p1b: Sinistcha|46\/100|[from] item: Wiki Berry\n|move|p2b: Brute Bonnet|Spore|p1a: Snorlax\n|-activate|p1a: Snorlax|move: Protect\n|\n|-weather|SunnyDay|[upkeep]\n|upkeep\n|turn|3\n|inactive|Venefici has 30 seconds left.\n|\n|t:|1700581214\n|switch|p1b: Indeedee|Indeedee-F, L50, F|100\/100 slp\n|move|p2a: Ninetales|Heat Wave|p1b: Indeedee|[spread] p1a,p1b\n|-supereffective|p1a: Snorlax\n|-damage|p1a: Snorlax|77\/100\n|-damage|p1b: Indeedee|71\/100 slp\n|move|p2b: Brute Bonnet|Spore|p1a: Snorlax\n|-immune|p1a: Snorlax\n|move|p1a: Snorlax|Ice Punch|p2b: Brute Bonnet\n|-supereffective|p2b: Brute Bonnet\n|-damage|p2b: Brute Bonnet|0 fnt\n|faint|p2b: Brute Bonnet\n|-end|p2b: Brute Bonnet|Protosynthesis|[silent]\n|\n|-weather|SunnyDay|[upkeep]\n|upkeep\n|\n|t:|1700581232\n|switch|p2b: Great Tusk|Great Tusk, L50|100\/100\n|-activate|p2b: Great Tusk|ability: Protosynthesis\n|-start|p2b: Great Tusk|protosynthesisatk\n|turn|4\n|\n|t:|1700581245\n|cant|p1b: Indeedee|slp\n|move|p2a: Ninetales|Heat Wave|p1a: Snorlax|[spread] p1a,p1b\n|-supereffective|p1a: Snorlax\n|-damage|p1a: Snorlax|54\/100\n|-damage|p1b: Indeedee|42\/100 slp\n|move|p2b: Great Tusk|Close Combat|p1a: Snorlax\n|-damage|p1a: Snorlax|0 fnt\n|-unboost|p2b: Great Tusk|def|1\n|-unboost|p2b: Great Tusk|spd|1\n|faint|p1a: Snorlax\n|\n|-weather|SunnyDay|[upkeep]\n|upkeep\n|\n|t:|1700581256\n|switch|p1a: Milotic|Milotic, L50, F|100\/100\n|turn|5\n|\n|t:|1700581267\n|-terastallize|p2b: Great Tusk|Ground\n|move|p2a: Ninetales|Helping Hand|p2b: Great Tusk\n|-singleturn|p2b: Great Tusk|Helping Hand|[of] p2a: Ninetales\n|cant|p1b: Indeedee|slp\n|move|p1a: Milotic|Ice Beam|p2b: Great Tusk\n|-supereffective|p2b: Great Tusk\n|-damage|p2b: Great Tusk|22\/100\n|move|p2b: Great Tusk|Headlong Rush|p1a: Milotic\n|-damage|p1a: Milotic|0 fnt\n|-unboost|p2b: Great Tusk|def|1\n|-unboost|p2b: Great Tusk|spd|1\n|faint|p1a: Milotic\n|\n|-weather|SunnyDay|[upkeep]\n|-fieldend|move: Psychic Terrain\n|upkeep\n|\n|t:|1700581283\n|switch|p1a: Sinistcha|Sinistcha, L50|46\/100\n|-heal|p1b: Indeedee|67\/100 slp|[from] ability: Hospitality|[of] p1a: Sinistcha\n|turn|6\n|\n|t:|1700581299\n|cant|p1b: Indeedee|slp\n|move|p2a: Ninetales|Heat Wave|p1b: Indeedee|[spread] p1a,p1b\n|-supereffective|p1a: Sinistcha\n|-damage|p1a: Sinistcha|0 fnt\n|-damage|p1b: Indeedee|37\/100 slp\n|faint|p1a: Sinistcha\n|move|p2b: Great Tusk|Headlong Rush|p1b: Indeedee\n|-damage|p1b: Indeedee|0 fnt\n|-unboost|p2b: Great Tusk|def|1\n|-unboost|p2b: Great Tusk|spd|1\n|-damage|p2b: Great Tusk|5\/100|[from] item: Rocky Helmet|[of] p1b: Indeedee\n|faint|p1b: Indeedee\n|\n|win|Gsdyfjcjt\n|raw|Venefici's rating: 1113 &rarr; <strong>1080<\/strong><br \/>(-33 for losing)\n|raw|Gsdyfjcjt's rating: 1000 &rarr; <strong>1053<\/strong><br \/>(+53 for winning)\n|c|\u2606Venefici|max sleep FTW\n","uploadtime":1700581322,"views":1,"p1id":"venefici","p2id":"gsdyfjcjt","formatid":"gen9vgc2023regulatione","rating":1053,"private":0,"password":""}