{"id":"gen9vgc2023regulatione-1998835309","p1":"Angelo Neres","p2":"morsisius","format":"[Gen 9] VGC 2023 Regulation E","log":"|j|\u2606Angelo Neres\n|j|\u2606morsisius\n|t:|1701000329\n|gametype|doubles\n|player|p1|Angelo Neres|170|1444\n|player|p2|morsisius|265|1417\n|teamsize|p1|6\n|teamsize|p2|6\n|gen|9\n|tier|[Gen 9] VGC 2023 Regulation E\n|rated|\n|rule|Species Clause: Limit one of each Pok\u00e9mon\n|rule|Item Clause: Limit one of each item\n|clearpoke\n|poke|p1|Ursaluna-Bloodmoon, L50, M|\n|poke|p1|Gholdengo, L50|\n|poke|p1|Scream Tail, L50|\n|poke|p1|Dondozo, L50, F|\n|poke|p1|Tauros-Paldea-Blaze, L50, M|\n|poke|p1|Chien-Pao, L50|\n|poke|p2|Sinistcha, L50|\n|poke|p2|Hatterene, L50, F|\n|poke|p2|Brute Bonnet, L50|\n|poke|p2|Iron Hands, L50|\n|poke|p2|Ursaluna-Bloodmoon, L50, M|\n|poke|p2|Armarouge, L50, F|\n|teampreview|4\n|inactive|Battle timer is ON: inactive players will automatically lose when time's up. (requested by Angelo Neres)\n|inactive|Angelo Neres has 60 seconds left.\n|inactive|morsisius has 60 seconds left.\n|\n|t:|1701000393\n|start\n|switch|p1a: Chien-Pao|Chien-Pao, L50|100\/100\n|switch|p1b: Scream Tail|Scream Tail, L50|100\/100\n|switch|p2a: Hatterene|Hatterene, L50, F|100\/100\n|switch|p2b: Iron Hands|Iron Hands, L50|100\/100\n|-ability|p1a: Chien-Pao|Sword of Ruin\n|-enditem|p2b: Iron Hands|Booster Energy\n|-activate|p2b: Iron Hands|ability: Quark Drive|[fromitem]\n|-start|p2b: Iron Hands|quarkdriveatk\n|turn|1\n|inactive|Angelo Neres has 30 seconds left.\n|inactive|morsisius has 30 seconds left.\n|inactive|Angelo Neres has 20 seconds left.\n|inactive|morsisius has 20 seconds left.\n|inactive|Angelo Neres has 15 seconds left.\n|\n|t:|1701000433\n|-end|p1b: Scream Tail|Protosynthesis|[silent]\n|switch|p1b: Tauros|Tauros-Paldea-Blaze, L50, M|100\/100\n|-ability|p1b: Tauros|Intimidate|boost\n|-unboost|p2a: Hatterene|atk|1\n|-unboost|p2b: Iron Hands|atk|1\n|-terastallize|p1a: Chien-Pao|Ghost\n|move|p2b: Iron Hands|Fake Out|p1b: Tauros\n|-damage|p1b: Tauros|80\/100\n|move|p1a: Chien-Pao|Throat Chop|p2a: Hatterene\n|-damage|p2a: Hatterene|21\/100\n|-start|p2a: Hatterene|Throat Chop|[silent]\n|-enditem|p2a: Hatterene|Aguav Berry|[eat]\n|-heal|p2a: Hatterene|54\/100|[from] item: Aguav Berry\n|-damage|p1a: Chien-Pao|91\/100|[from] item: Life Orb\n|move|p2a: Hatterene|Trick Room|p2a: Hatterene\n|-fieldstart|move: Trick Room|[of] p2a: Hatterene\n|\n|upkeep\n|turn|2\n|inactive|Angelo Neres has 30 seconds left.\n|inactive|Angelo Neres has 20 seconds left.\n|\n|t:|1701000469\n|switch|p1b: Scream Tail|Scream Tail, L50|100\/100\n|move|p1a: Chien-Pao|Sucker Punch|p2a: Hatterene\n|-damage|p2a: Hatterene|0 fnt\n|faint|p2a: Hatterene\n|-damage|p1a: Chien-Pao|81\/100|[from] item: Life Orb\n|move|p2b: Iron Hands|Wild Charge|p1a: Chien-Pao\n|-damage|p1a: Chien-Pao|15\/100\n|-damage|p2b: Iron Hands|91\/100|[from] Recoil\n|\n|upkeep\n|\n|t:|1701000481\n|switch|p2a: Brute Bonnet|Brute Bonnet, L50|100\/100\n|turn|3\n|\n|t:|1701000490\n|switch|p1a: Tauros|Tauros-Paldea-Blaze, L50, M|80\/100\n|-ability|p1a: Tauros|Intimidate|boost\n|-unboost|p2a: Brute Bonnet|atk|1\n|-unboost|p2b: Iron Hands|atk|1\n|move|p2b: Iron Hands|Ice Punch|p1a: Tauros\n|-resisted|p1a: Tauros\n|-damage|p1a: Tauros|70\/100\n|-status|p1a: Tauros|frz\n|move|p2a: Brute Bonnet|Spore|p1b: Scream Tail\n|-activate|p1b: Scream Tail|item: Safety Goggles|Spore\n|move|p1b: Scream Tail|Trick Room|p1b: Scream Tail\n|-fieldend|move: Trick Room\n|\n|upkeep\n|turn|4\n|inactive|morsisius has 30 seconds left.\n|\n|t:|1701000520\n|-end|p2b: Iron Hands|Quark Drive|[silent]\n|switch|p2b: Armarouge|Armarouge, L50, F|100\/100\n|cant|p1a: Tauros|frz\n|move|p1b: Scream Tail|Encore|p2a: Brute Bonnet\n|-start|p2a: Brute Bonnet|Encore\n|move|p2a: Brute Bonnet|Spore|p1b: Scream Tail\n|-activate|p1b: Scream Tail|item: Safety Goggles|Spore\n|\n|upkeep\n|turn|5\n|\n|t:|1701000545\n|-end|p1b: Scream Tail|Protosynthesis|[silent]\n|switch|p1b: Ronaldo|Dondozo, L50, F|100\/100\n|-end|p2a: Brute Bonnet|Protosynthesis|[silent]\n|switch|p2a: Iron Hands|Iron Hands, L50|91\/100\n|cant|p1a: Tauros|frz\n|move|p2b: Armarouge|Trick Room|p2b: Armarouge\n|-fieldstart|move: Trick Room|[of] p2b: Armarouge\n|\n|upkeep\n|turn|6\n|inactive|Angelo Neres has 30 seconds left.\n|inactive|Angelo Neres has 20 seconds left.\n|inactive|Angelo Neres has 15 seconds left.\n|\n|t:|1701000588\n|switch|p1b: Scream Tail|Scream Tail, L50|100\/100\n|switch|p1a: Chien-Pao|Chien-Pao, L50, tera:Ghost|15\/100\n|-ability|p1a: Chien-Pao|Sword of Ruin\n|-terastallize|p2b: Armarouge|Grass\n|move|p2a: Iron Hands|Wild Charge|p1b: Scream Tail\n|-damage|p1b: Scream Tail|57\/100\n|-damage|p2a: Iron Hands|81\/100|[from] Recoil\n|move|p2b: Armarouge|Psychic|p1a: Chien-Pao\n|-damage|p1a: Chien-Pao|0 fnt\n|faint|p1a: Chien-Pao\n|\n|upkeep\n|\n|t:|1701000602\n|switch|p1a: Tauros|Tauros-Paldea-Blaze, L50, M|70\/100 frz\n|-ability|p1a: Tauros|Intimidate|boost\n|-unboost|p2a: Iron Hands|atk|1\n|-unboost|p2b: Armarouge|atk|1\n|turn|7\n|inactive|Angelo Neres has 30 seconds left.\n|inactive|Angelo Neres has 20 seconds left.\n|\n|t:|1701000640\n|-end|p2a: Iron Hands|Quark Drive|[silent]\n|switch|p2a: Brute Bonnet|Brute Bonnet, L50|100\/100\n|switch|p1a: Ronaldo|Dondozo, L50, F|100\/100\n|move|p2b: Armarouge|Psychic|p1a: Ronaldo\n|-damage|p1a: Ronaldo|70\/100\n|move|p1b: Scream Tail|Disable|p2b: Armarouge\n|-start|p2b: Armarouge|Disable|Psychic\n|\n|-heal|p1a: Ronaldo|76\/100|[from] item: Leftovers\n|upkeep\n|turn|8\n|\n|t:|1701000656\n|switch|p1a: Tauros|Tauros-Paldea-Blaze, L50, M|70\/100 frz\n|-ability|p1a: Tauros|Intimidate|boost\n|-unboost|p2a: Brute Bonnet|atk|1\n|-unboost|p2b: Armarouge|atk|1\n|move|p2a: Brute Bonnet|Spore||[still]\n|-fail|p2a: Brute Bonnet\n|move|p2b: Armarouge|Energy Ball|p1a: Tauros\n|-resisted|p1a: Tauros\n|-damage|p1a: Tauros|39\/100 frz\n|move|p1b: Scream Tail|Ice Beam|p2b: Armarouge\n|-supereffective|p2b: Armarouge\n|-damage|p2b: Armarouge|64\/100\n|\n|upkeep\n|turn|9\n|inactive|morsisius has 30 seconds left.\n|\n|t:|1701000688\n|-curestatus|p1a: Tauros|frz|[msg]\n|move|p1a: Tauros|Protect|p1a: Tauros\n|-singleturn|p1a: Tauros|Protect\n|move|p2a: Brute Bonnet|Seed Bomb|p1a: Tauros\n|-activate|p1a: Tauros|move: Protect\n|move|p2b: Armarouge|Energy Ball|p1a: Tauros\n|-activate|p1a: Tauros|move: Protect\n|move|p1b: Scream Tail|Ice Beam|p2b: Armarouge\n|-supereffective|p2b: Armarouge\n|-damage|p2b: Armarouge|25\/100\n|\n|-fieldend|move: Trick Room\n|upkeep\n|turn|10\n|\n|t:|1701000702\n|move|p1a: Tauros|Raging Bull|p2a: Brute Bonnet\n|-supereffective|p2a: Brute Bonnet\n|-damage|p2a: Brute Bonnet|39\/100\n|move|p1b: Scream Tail|Ice Beam|p2b: Armarouge\n|-supereffective|p2b: Armarouge\n|-damage|p2b: Armarouge|0 fnt\n|faint|p2b: Armarouge\n|move|p2a: Brute Bonnet|Spore|p1a: Tauros\n|-status|p1a: Tauros|slp|[from] move: Spore\n|\n|-heal|p2a: Brute Bonnet|45\/100|[from] item: Leftovers\n|upkeep\n|\n|t:|1701000718\n|switch|p2b: Iron Hands|Iron Hands, L50|81\/100\n|turn|11\n|\n|t:|1701000735\n|switch|p1a: Ronaldo|Dondozo, L50, F|76\/100\n|move|p1b: Scream Tail|Encore|p2a: Brute Bonnet\n|-start|p2a: Brute Bonnet|Encore\n|move|p2a: Brute Bonnet|Spore|p1a: Ronaldo\n|-status|p1a: Ronaldo|slp|[from] move: Spore\n|move|p2b: Iron Hands|Drain Punch|p1a: Ronaldo\n|-crit|p1a: Ronaldo\n|-damage|p1a: Ronaldo|32\/100 slp\n|-heal|p2b: Iron Hands|100\/100|[from] drain|[of] p1a: Ronaldo\n|\n|-heal|p2a: Brute Bonnet|51\/100|[from] item: Leftovers\n|-heal|p1a: Ronaldo|39\/100 slp|[from] item: Leftovers\n|upkeep\n|turn|12\n|\n|t:|1701000756\n|switch|p1a: Tauros|Tauros-Paldea-Blaze, L50, M|39\/100 slp\n|-ability|p1a: Tauros|Intimidate|boost\n|-unboost|p2a: Brute Bonnet|atk|1\n|-unboost|p2b: Iron Hands|atk|1\n|move|p1b: Scream Tail|Encore|p2b: Iron Hands\n|-start|p2b: Iron Hands|Encore\n|move|p2a: Brute Bonnet|Spore|p1b: Scream Tail\n|-activate|p1b: Scream Tail|item: Safety Goggles|Spore\n|move|p2b: Iron Hands|Drain Punch|p1b: Scream Tail\n|-resisted|p1b: Scream Tail\n|-crit|p1b: Scream Tail\n|-damage|p1b: Scream Tail|46\/100\n|\n|-heal|p2a: Brute Bonnet|57\/100|[from] item: Leftovers\n|upkeep\n|turn|13\n|\n|t:|1701000774\n|switch|p1a: Ronaldo|Dondozo, L50, F|39\/100 slp\n|move|p1b: Scream Tail|Ice Beam|p2a: Brute Bonnet\n|-supereffective|p2a: Brute Bonnet\n|-damage|p2a: Brute Bonnet|32\/100\n|move|p2a: Brute Bonnet|Spore|p1b: Scream Tail\n|-activate|p1b: Scream Tail|item: Safety Goggles|Spore\n|move|p2b: Iron Hands|Drain Punch|p1a: Ronaldo\n|-damage|p1a: Ronaldo|20\/100 slp\n|\n|-heal|p2a: Brute Bonnet|38\/100|[from] item: Leftovers\n|-heal|p1a: Ronaldo|26\/100 slp|[from] item: Leftovers\n|-end|p2a: Brute Bonnet|Encore\n|upkeep\n|turn|14\n|\n|t:|1701000797\n|switch|p1a: Tauros|Tauros-Paldea-Blaze, L50, M|39\/100 slp\n|-ability|p1a: Tauros|Intimidate|boost\n|-unboost|p2a: Brute Bonnet|atk|1\n|-unboost|p2b: Iron Hands|atk|1\n|move|p1b: Scream Tail|Encore|p2a: Brute Bonnet\n|-start|p2a: Brute Bonnet|Encore\n|move|p2a: Brute Bonnet|Spore|p1a: Tauros\n|-fail|p1a: Tauros|slp\n|move|p2b: Iron Hands|Drain Punch|p1a: Tauros\n|-damage|p1a: Tauros|13\/100 slp\n|\n|-heal|p2a: Brute Bonnet|44\/100|[from] item: Leftovers\n|-end|p2b: Iron Hands|Encore\n|upkeep\n|turn|15\n|inactive|Angelo Neres has 30 seconds left.\n|inactive|Angelo Neres has 20 seconds left.\n|inactive|Angelo Neres has 15 seconds left.\n|inactive|Angelo Neres has 10 seconds left.\n|\n|t:|1701000843\n|switch|p1a: Ronaldo|Dondozo, L50, F|26\/100 slp\n|move|p1b: Scream Tail|Ice Beam|p2a: Brute Bonnet\n|-supereffective|p2a: Brute Bonnet\n|-damage|p2a: Brute Bonnet|17\/100\n|-status|p2a: Brute Bonnet|frz\n|-curestatus|p2a: Brute Bonnet|frz|[msg]\n|move|p2a: Brute Bonnet|Spore|p1b: Scream Tail\n|-activate|p1b: Scream Tail|item: Safety Goggles|Spore\n|move|p2b: Iron Hands|Wild Charge|p1a: Ronaldo\n|-supereffective|p1a: Ronaldo\n|-damage|p1a: Ronaldo|0 fnt\n|faint|p1a: Ronaldo\n|-damage|p2b: Iron Hands|94\/100|[from] Recoil\n|\n|-heal|p2a: Brute Bonnet|23\/100|[from] item: Leftovers\n|upkeep\n|\n|t:|1701000858\n|switch|p1a: Tauros|Tauros-Paldea-Blaze, L50, M|13\/100 slp\n|-ability|p1a: Tauros|Intimidate|boost\n|-unboost|p2a: Brute Bonnet|atk|1\n|-unboost|p2b: Iron Hands|atk|1\n|turn|16\n|\n|t:|1701000866\n|cant|p1a: Tauros|slp\n|move|p1b: Scream Tail|Ice Beam|p2a: Brute Bonnet\n|-supereffective|p2a: Brute Bonnet\n|-damage|p2a: Brute Bonnet|0 fnt\n|faint|p2a: Brute Bonnet\n|-end|p2a: Brute Bonnet|Protosynthesis|[silent]\n|move|p2b: Iron Hands|Wild Charge|p1a: Tauros\n|-damage|p1a: Tauros|0 fnt\n|faint|p1a: Tauros\n|-damage|p2b: Iron Hands|92\/100|[from] Recoil\n|\n|upkeep\n|turn|17\n|\n|t:|1701000875\n|move|p1b: Scream Tail|Disable|p2b: Iron Hands\n|-start|p2b: Iron Hands|Disable|Wild Charge\n|cant|p2b: Iron Hands|Disable|Wild Charge\n|\n|upkeep\n|turn|18\n|\n|t:|1701000886\n|move|p1b: Scream Tail|Encore|p2b: Iron Hands\n|-start|p2b: Iron Hands|Encore\n|cant|p2b: Iron Hands|Disable|Wild Charge\n|\n|upkeep\n|turn|19\n|\n|t:|1701000894\n|move|p1b: Scream Tail|Ice Beam|p2b: Iron Hands\n|-damage|p2b: Iron Hands|76\/100\n|-activate|p2b: Iron Hands|move: Struggle\n|move|p2b: Iron Hands|Struggle|p1b: Scream Tail\n|-damage|p1b: Scream Tail|41\/100\n|-damage|p2b: Iron Hands|51\/100|[from] recoil\n|\n|upkeep\n|turn|20\n|-message|morsisius forfeited.\n|\n|win|Angelo Neres\n|raw|Angelo Neres's rating: 1444 &rarr; <strong>1462<\/strong><br \/>(+18 for winning)\n|raw|morsisius's rating: 1417 &rarr; <strong>1399<\/strong><br \/>(-18 for losing)\n|l|\u2606morsisius\n|c|\u2606Angelo Neres|Gg\n","uploadtime":1701000919,"views":34,"p1id":"angeloneres","p2id":"morsisius","formatid":"gen9vgc2023regulatione","rating":1399,"private":0,"password":""}