{"id":"gen9vgc2023regulatione-1990563397","p1":"Aidan2907","p2":"SuzukiLA","format":"[Gen 9] VGC 2023 Regulation E","log":"|j|\u2606Aidan2907\n|j|\u2606SuzukiLA\n|t:|1699981731\n|gametype|doubles\n|player|p1|Aidan2907|alder|1068\n|player|p2|SuzukiLA|colress|1121\n|teamsize|p1|6\n|teamsize|p2|6\n|gen|9\n|tier|[Gen 9] VGC 2023 Regulation E\n|rated|\n|rule|Species Clause: Limit one of each Pok\u00e9mon\n|rule|Item Clause: Limit one of each item\n|clearpoke\n|poke|p1|Volcarona, L50, M|\n|poke|p1|Torkoal, L50, M|\n|poke|p1|Farigiraf, L50, F|\n|poke|p1|Cresselia, L50, F|\n|poke|p1|Ursaluna-Bloodmoon, L50, M|\n|poke|p1|Landorus-Therian, L50, M|\n|poke|p2|Empoleon, L50, F|\n|poke|p2|Dragapult, L50, M|\n|poke|p2|Tornadus, L50, M|\n|poke|p2|Rillaboom, L50, F|\n|poke|p2|Ogerpon-Wellspring, L50, F|\n|poke|p2|Charizard, L50, F|\n|teampreview|4\n|\n|t:|1699981770\n|start\n|switch|p1a: Torkoal|Torkoal, L50, M|100\/100\n|switch|p1b: Volcarona|Volcarona, L50, M, shiny|100\/100\n|switch|p2a: Rillaboom|Rillaboom, L50, F|100\/100\n|switch|p2b: Empoleon|Empoleon, L50, F|100\/100\n|-fieldstart|move: Grassy Terrain|[from] ability: Grassy Surge|[of] p2a: Rillaboom\n|-weather|SunnyDay|[from] ability: Drought|[of] p1a: Torkoal\n|turn|1\n|\n|t:|1699981791\n|switch|p1a: Landorus|Landorus-Therian, L50, M|100\/100\n|-ability|p1a: Landorus|Intimidate|boost\n|-unboost|p2a: Rillaboom|atk|1\n|-unboost|p2b: Empoleon|atk|1\n|-ability|p2b: Empoleon|Competitive|boost\n|-boost|p2b: Empoleon|spa|2\n|-terastallize|p1b: Volcarona|Water\n|move|p2a: Rillaboom|Fake Out|p1a: Landorus\n|-damage|p1a: Landorus|88\/100\n|-damage|p2a: Rillaboom|84\/100|[from] item: Rocky Helmet|[of] p1a: Landorus\n|move|p1b: Volcarona|Quiver Dance|p1b: Volcarona\n|-boost|p1b: Volcarona|spa|1\n|-boost|p1b: Volcarona|spd|1\n|-boost|p1b: Volcarona|spe|1\n|move|p2b: Empoleon|Surf|p1a: Landorus|[spread] p2a,p1a,p1b\n|-resisted|p2a: Rillaboom\n|-supereffective|p1a: Landorus\n|-resisted|p1b: Volcarona\n|-damage|p2a: Rillaboom|72\/100\n|-damage|p1a: Landorus|0 fnt\n|-damage|p1b: Volcarona|86\/100\n|faint|p1a: Landorus\n|-damage|p2b: Empoleon|91\/100|[from] item: Life Orb\n|\n|-weather|SunnyDay|[upkeep]\n|-heal|p1b: Volcarona|92\/100|[from] Grassy Terrain\n|-heal|p1b: Volcarona|99\/100|[from] item: Leftovers\n|-heal|p2b: Empoleon|97\/100|[from] Grassy Terrain\n|-heal|p2a: Rillaboom|78\/100|[from] Grassy Terrain\n|upkeep\n|\n|t:|1699981819\n|switch|p1a: Cresselia|Cresselia, L50, F|100\/100\n|turn|2\n|\n|t:|1699981832\n|switch|p2a: Charizard|Charizard, L50, F|100\/100\n|move|p1a: Cresselia|Helping Hand|p1b: Volcarona\n|-singleturn|p1b: Volcarona|Helping Hand|[of] p1a: Cresselia\n|move|p2b: Empoleon|Protect|p2b: Empoleon\n|-singleturn|p2b: Empoleon|Protect\n|move|p1b: Volcarona|Solar Beam||[still]\n|-prepare|p1b: Volcarona|Solar Beam\n|-anim|p1b: Volcarona|Solar Beam|p2b: Empoleon\n|-activate|p2b: Empoleon|move: Protect\n|\n|-weather|SunnyDay|[upkeep]\n|-heal|p1b: Volcarona|100\/100|[from] Grassy Terrain\n|-heal|p2b: Empoleon|100\/100|[from] Grassy Terrain\n|upkeep\n|turn|3\n|\n|t:|1699981873\n|move|p1a: Cresselia|Ally Switch|p1a: Cresselia\n|swap|p1a: Cresselia|1|[from] move: Ally Switch\n|move|p1a: Volcarona|Solar Beam||[still]\n|-prepare|p1a: Volcarona|Solar Beam\n|-anim|p1a: Volcarona|Solar Beam|p2b: Empoleon\n|-damage|p2b: Empoleon|0 fnt\n|faint|p2b: Empoleon\n|move|p2a: Charizard|Ancient Power|p1b: Cresselia\n|-damage|p1b: Cresselia|90\/100\n|\n|-weather|SunnyDay|[upkeep]\n|upkeep\n|\n|t:|1699981882\n|switch|p2b: Rillaboom|Rillaboom, L50, F|78\/100\n|turn|4\n|\n|t:|1699981895\n|move|p2b: Rillaboom|Fake Out|p1a: Volcarona\n|-crit|p1a: Volcarona\n|-damage|p1a: Volcarona|69\/100\n|cant|p1a: Volcarona|flinch\n|move|p2a: Charizard|Hurricane|p1a: Volcarona\n|-damage|p1a: Volcarona|32\/100\n|move|p1b: Cresselia|Moonblast|p2a: Charizard\n|-resisted|p2a: Charizard\n|-damage|p2a: Charizard|89\/100\n|-unboost|p2a: Charizard|spa|1\n|\n|-weather|SunnyDay|[upkeep]\n|-heal|p1a: Volcarona|38\/100|[from] Grassy Terrain\n|-heal|p1a: Volcarona|45\/100|[from] item: Leftovers\n|-heal|p2b: Rillaboom|84\/100|[from] Grassy Terrain\n|upkeep\n|turn|5\n|inactive|Battle timer is ON: inactive players will automatically lose when time's up. (requested by Aidan2907)\n|\n|t:|1699981914\n|move|p2a: Charizard|Protect|p2a: Charizard\n|-singleturn|p2a: Charizard|Protect\n|move|p2b: Rillaboom|Grassy Glide|p1b: Cresselia\n|-damage|p1b: Cresselia|61\/100\n|move|p1a: Volcarona|Heat Wave|p2b: Rillaboom|[spread] p2b\n|-activate|p2a: Charizard|move: Protect\n|-supereffective|p2b: Rillaboom\n|-damage|p2b: Rillaboom|0 fnt\n|faint|p2b: Rillaboom\n|move|p1b: Cresselia|Lunar Blessing|p1b: Cresselia|[spread] p1a,p1b\n|-heal|p1a: Volcarona|69\/100\n|-heal|p1b: Cresselia|86\/100\n|\n|-weather|none\n|-heal|p1a: Volcarona|76\/100|[from] Grassy Terrain\n|-heal|p1a: Volcarona|82\/100|[from] item: Leftovers\n|-fieldend|move: Grassy Terrain\n|upkeep\n|\n|t:|1699981919\n|switch|p2b: Ogerpon|Ogerpon-Wellspring, L50, F|100\/100\n|turn|6\n|\n|t:|1699981941\n|switch|p1b: Torkoal|Torkoal, L50, M|100\/100\n|-weather|SunnyDay|[from] ability: Drought|[of] p1b: Torkoal\n|move|p2b: Ogerpon|Spiky Shield|p2b: Ogerpon\n|-singleturn|p2b: Ogerpon|move: Protect\n|move|p1a: Volcarona|Solar Beam||[still]\n|-prepare|p1a: Volcarona|Solar Beam\n|-anim|p1a: Volcarona|Solar Beam|p2b: Ogerpon\n|-activate|p2b: Ogerpon|move: Protect\n|move|p2a: Charizard|Heat Wave|p1b: Torkoal|[spread] p1a\n|-miss|p2a: Charizard|p1b: Torkoal\n|-resisted|p1a: Volcarona\n|-damage|p1a: Volcarona|68\/100\n|\n|-weather|SunnyDay|[upkeep]\n|-heal|p1a: Volcarona|74\/100|[from] item: Leftovers\n|upkeep\n|turn|7\n|inactive|SuzukiLA has 30 seconds left.\n|\n|t:|1699981970\n|-terastallize|p2b: Ogerpon|Water\n|detailschange|p2b: Ogerpon|Ogerpon-Wellspring-Tera, L50, F, tera:Water\n|-ability|p2b: Ogerpon|Embody Aspect (Wellspring)|boost\n|-boost|p2b: Ogerpon|spd|1\n|move|p1a: Volcarona|Solar Beam||[still]\n|-prepare|p1a: Volcarona|Solar Beam\n|-anim|p1a: Volcarona|Solar Beam|p2b: Ogerpon\n|-supereffective|p2b: Ogerpon\n|-damage|p2b: Ogerpon|11\/100\n|move|p2b: Ogerpon|Horn Leech|p1a: Volcarona\n|-supereffective|p1a: Volcarona\n|-damage|p1a: Volcarona|0 fnt\n|-heal|p2b: Ogerpon|42\/100|[from] drain|[of] p1a: Volcarona\n|faint|p1a: Volcarona\n|move|p2a: Charizard|Ancient Power|p1b: Torkoal\n|-supereffective|p1b: Torkoal\n|-damage|p1b: Torkoal|77\/100\n|move|p1b: Torkoal|Ancient Power|p2a: Charizard\n|-supereffective|p2a: Charizard\n|-damage|p2a: Charizard|9\/100\n|\n|-weather|SunnyDay|[upkeep]\n|upkeep\n|\n|t:|1699981982\n|switch|p1a: Cresselia|Cresselia, L50, F|86\/100\n|turn|8\n|\n|t:|1699981995\n|move|p1a: Cresselia|Ally Switch|p1a: Cresselia\n|swap|p1a: Cresselia|1|[from] move: Ally Switch\n|move|p2b: Ogerpon|Ivy Cudgel|p1a: Torkoal|[anim] Ivy Cudgel Water\n|-supereffective|p1a: Torkoal\n|-damage|p1a: Torkoal|23\/100\n|move|p2a: Charizard|Ancient Power|p1b: Cresselia\n|-damage|p1b: Cresselia|77\/100\n|move|p1a: Torkoal|Eruption|p2b: Ogerpon|[spread] p2a,p2b\n|-resisted|p2a: Charizard\n|-resisted|p2b: Ogerpon\n|-damage|p2a: Charizard|2\/100\n|-damage|p2b: Ogerpon|37\/100\n|\n|-weather|SunnyDay|[upkeep]\n|upkeep\n|turn|9\n|inactive|Aidan2907 has 30 seconds left.\n|inactive|SuzukiLA has 30 seconds left.\n|\n|t:|1699982022\n|move|p2b: Ogerpon|Spiky Shield|p2b: Ogerpon\n|-singleturn|p2b: Ogerpon|move: Protect\n|move|p2a: Charizard|Ancient Power|p1a: Torkoal\n|-supereffective|p1a: Torkoal\n|-damage|p1a: Torkoal|0 fnt\n|faint|p1a: Torkoal\n|move|p1b: Cresselia|Moonblast|p2b: Ogerpon\n|-activate|p2b: Ogerpon|move: Protect\n|\n|-weather|SunnyDay|[upkeep]\n|upkeep\n|turn|10\n|\n|t:|1699982034\n|move|p2b: Ogerpon|Horn Leech|p1b: Cresselia\n|-damage|p1b: Cresselia|39\/100\n|-heal|p2b: Ogerpon|58\/100|[from] drain|[of] p1b: Cresselia\n|-enditem|p1b: Cresselia|Sitrus Berry|[eat]\n|-heal|p1b: Cresselia|64\/100|[from] item: Sitrus Berry\n|move|p2a: Charizard|Hurricane|p1b: Cresselia\n|-damage|p1b: Cresselia|45\/100\n|move|p1b: Cresselia|Moonblast|p2b: Ogerpon\n|-damage|p2b: Ogerpon|45\/100\n|-unboost|p2b: Ogerpon|spa|1\n|\n|-weather|none\n|upkeep\n|turn|11\n|\n|t:|1699982048\n|move|p2b: Ogerpon|Ivy Cudgel|p1b: Cresselia|[anim] Ivy Cudgel Water\n|-damage|p1b: Cresselia|0 fnt\n|faint|p1b: Cresselia\n|\n|win|SuzukiLA\n|raw|Aidan2907's rating: 1068 &rarr; <strong>1051<\/strong><br \/>(-17 for losing)\n|raw|SuzukiLA's rating: 1121 &rarr; <strong>1142<\/strong><br \/>(+21 for winning)\n|l|\u2606Aidan2907\n","uploadtime":1699982054,"views":11,"p1id":"aidan2907","p2id":"suzukila","formatid":"gen9vgc2023regulatione","rating":1051,"private":0,"password":""}