{"id":"gen9vgc2023regulatione-1990167711","p1":"Olimario98","p2":"Tempesthydrox","format":"[Gen 9] VGC 2023 Regulation E","log":"|j|\u2606Olimario98\n|j|\u2606Tempesthydrox\n|t:|1699932091\n|gametype|doubles\n|player|p1|Olimario98|unknown|\n|player|p2|Tempesthydrox|acetrainerf|\n|teamsize|p1|6\n|teamsize|p2|6\n|gen|9\n|tier|[Gen 9] VGC 2023 Regulation E\n|rule|Species Clause: Limit one of each Pok\u00e9mon\n|rule|Item Clause: Limit one of each item\n|clearpoke\n|poke|p1|Revavroom, L50, M|\n|poke|p1|Iron Hands, L50|\n|poke|p1|Tornadus, L50, M|\n|poke|p1|Brambleghast, L50, M|\n|poke|p1|Politoed, L50, M|\n|poke|p1|Ludicolo, L50, F|\n|poke|p2|Mamoswine, L50, F|\n|poke|p2|Avalugg-Hisui, L50, F|\n|poke|p2|Sneasel, L50, F|\n|poke|p2|Snover, L50, M|\n|poke|p2|Froslass, L50, F|\n|poke|p2|Ninetales-Alola, L50, M|\n|teampreview|4\nOlimario98 rejected open team sheets.\n|inactive|Battle timer is ON: inactive players will automatically lose when time's up. (requested by Olimario98)\n|inactive|Tempesthydrox has 60 seconds left.\n|\n|t:|1699932132\n|start\n|switch|p1a: Politoed|Politoed, L50, M|100\/100\n|switch|p1b: Ludicolo|Ludicolo, L50, F|100\/100\n|switch|p2a: Mamoswine|Mamoswine, L50, F|100\/100\n|switch|p2b: Avalugg|Avalugg-Hisui, L50, F|100\/100\n|-weather|RainDance|[from] ability: Drizzle|[of] p1a: Politoed\n|turn|1\n|inactive|Olimario98 has 30 seconds left.\n|inactive|Tempesthydrox has 30 seconds left.\n|\n|t:|1699932159\n|switch|p2b: Ninetales|Ninetales-Alola, L50, M|100\/100\n|-weather|Snow|[from] ability: Snow Warning|[of] p2b: Ninetales\n|-terastallize|p2a: Mamoswine|Grass\n|move|p1b: Ludicolo|Fake Out|p2a: Mamoswine\n|-damage|p2a: Mamoswine|95\/100\n|cant|p2a: Mamoswine|flinch\n|move|p1a: Politoed|Chilling Water|p2b: Ninetales\n|-damage|p2b: Ninetales|82\/100\n|-unboost|p2b: Ninetales|atk|1\n|\n|-weather|Snow|[upkeep]\n|upkeep\n|turn|2\n|inactive|Olimario98 has 30 seconds left.\n|\n|t:|1699932193\n|move|p2b: Ninetales|Freeze-Dry|p1b: Ludicolo\n|-supereffective|p1b: Ludicolo\n|-crit|p1b: Ludicolo\n|-damage|p1b: Ludicolo|0 fnt\n|faint|p1b: Ludicolo\n|move|p2a: Mamoswine|Trailblaze|p1a: Politoed\n|-supereffective|p1a: Politoed\n|-damage|p1a: Politoed|48\/100\n|-boost|p2a: Mamoswine|spe|1\n|-enditem|p1a: Politoed|Sitrus Berry|[eat]\n|-heal|p1a: Politoed|73\/100|[from] item: Sitrus Berry\n|move|p1a: Politoed|Icy Wind|p2a: Mamoswine|[spread] p2a,p2b\n|-supereffective|p2a: Mamoswine\n|-resisted|p2b: Ninetales\n|-damage|p2a: Mamoswine|86\/100\n|-damage|p2b: Ninetales|78\/100\n|-unboost|p2a: Mamoswine|spe|1\n|-unboost|p2b: Ninetales|spe|1\n|\n|-weather|Snow|[upkeep]\n|upkeep\n|\n|t:|1699932215\n|switch|p1b: Tornadus|Tornadus, L50, M|100\/100\n|turn|3\n|\n|t:|1699932229\n|move|p1a: Politoed|Protect|p1a: Politoed\n|-singleturn|p1a: Politoed|Protect\n|move|p1b: Tornadus|Rain Dance|p1b: Tornadus\n|-weather|RainDance\n|move|p2b: Ninetales|Freeze-Dry|p1b: Tornadus\n|-supereffective|p1b: Tornadus\n|-damage|p1b: Tornadus|13\/100\n|move|p2a: Mamoswine|Trailblaze|p1a: Politoed\n|-activate|p1a: Politoed|move: Protect\n|\n|-weather|RainDance|[upkeep]\n|upkeep\n|turn|4\n|inactive|Tempesthydrox has 30 seconds left.\n|\n|t:|1699932254\n|move|p2a: Mamoswine|Ice Shard|p1b: Tornadus\n|-supereffective|p1b: Tornadus\n|-damage|p1b: Tornadus|0 fnt\n|faint|p1b: Tornadus\n|move|p2b: Ninetales|Freeze-Dry|p1a: Politoed\n|-supereffective|p1a: Politoed\n|-damage|p1a: Politoed|3\/100\n|move|p1a: Politoed|Icy Wind|p2b: Ninetales|[spread] p2a,p2b\n|-supereffective|p2a: Mamoswine\n|-resisted|p2b: Ninetales\n|-damage|p2a: Mamoswine|77\/100\n|-damage|p2b: Ninetales|72\/100\n|-unboost|p2a: Mamoswine|spe|1\n|-unboost|p2b: Ninetales|spe|1\n|\n|-weather|RainDance|[upkeep]\n|upkeep\n|\n|t:|1699932266\n|switch|p1b: Iron Hands|Iron Hands, L50|100\/100\n|turn|5\n|inactive|Olimario98 has 30 seconds left.\n|inactive|Olimario98 has 20 seconds left.\n|\n|t:|1699932303\n|move|p1a: Politoed|Helping Hand|p1b: Iron Hands\n|-singleturn|p1b: Iron Hands|Helping Hand|[of] p1a: Politoed\n|move|p2b: Ninetales|Protect|p2b: Ninetales\n|-singleturn|p2b: Ninetales|Protect\n|move|p2a: Mamoswine|Ice Shard|p1a: Politoed\n|-resisted|p1a: Politoed\n|-damage|p1a: Politoed|0 fnt\n|faint|p1a: Politoed\n|move|p1b: Iron Hands|Drain Punch|p2a: Mamoswine\n|-damage|p2a: Mamoswine|17\/100\n|\n|-weather|RainDance|[upkeep]\n|upkeep\n|turn|6\n|\n|t:|1699932328\n|move|p2b: Ninetales|Moonblast|p1b: Iron Hands\n|-supereffective|p1b: Iron Hands\n|-damage|p1b: Iron Hands|56\/100\n|move|p1b: Iron Hands|Drain Punch|p2a: Mamoswine\n|-damage|p2a: Mamoswine|0 fnt\n|-heal|p1b: Iron Hands|63\/100|[from] drain|[of] p2a: Mamoswine\n|faint|p2a: Mamoswine\n|\n|-weather|RainDance|[upkeep]\n|upkeep\n|\n|t:|1699932342\n|switch|p2a: Froslass|Froslass, L50, F|100\/100\n|turn|7\n|\n|t:|1699932350\n|move|p2a: Froslass|Will-O-Wisp|p1b: Iron Hands\n|-status|p1b: Iron Hands|brn\n|move|p2b: Ninetales|Hex|p1b: Iron Hands\n|-damage|p1b: Iron Hands|42\/100 brn\n|move|p1b: Iron Hands|Iron Head|p2a: Froslass\n|-supereffective|p2a: Froslass\n|-damage|p2a: Froslass|58\/100\n|-start|p1b: Iron Hands|Disable|Iron Head|[from] ability: Cursed Body|[of] p2a: Froslass\n|\n|-weather|none\n|-damage|p1b: Iron Hands|36\/100 brn|[from] brn\n|upkeep\n|turn|8\n|\n|t:|1699932367\n|move|p2a: Froslass|Hex|p1b: Iron Hands\n|-damage|p1b: Iron Hands|17\/100 brn\n|move|p2b: Ninetales|Moonblast|p1b: Iron Hands\n|-supereffective|p1b: Iron Hands\n|-damage|p1b: Iron Hands|0 fnt\n|faint|p1b: Iron Hands\n|-end|p1b: Iron Hands|Quark Drive|[silent]\n|\n|win|Tempesthydrox\n|c|\u2606Olimario98|ggs\n|l|\u2606Tempesthydrox\n|l|\u2606Olimario98\n|j|\u2606Tempesthydrox\n|player|p2|Tempesthydrox|acetrainerf\n","uploadtime":1699932760,"views":39,"p1id":"olimario98","p2id":"tempesthydrox","formatid":"gen9vgc2023regulatione","rating":0,"private":0,"password":""}