{"id":"gen9vgc2023regulatione-1993425641","p1":"ApoVGC","p2":"jiegg123456","format":"[Gen 9] VGC 2023 Regulation E","log":"|j|\u2606ApoVGC\n|j|\u2606jiegg123456\n|t:|1700316283\n|gametype|doubles\n|player|p1|ApoVGC|265|1411\n|player|p2|jiegg123456|dawn|1390\n|teamsize|p1|6\n|teamsize|p2|6\n|gen|9\n|tier|[Gen 9] VGC 2023 Regulation E\n|rated|\n|rule|Species Clause: Limit one of each Pok\u00e9mon\n|rule|Item Clause: Limit one of each item\n|clearpoke\n|poke|p1|Kommo-o, L50, M|\n|poke|p1|Dragapult, L50, F|\n|poke|p1|Regidrago, L50|\n|poke|p1|Goodra-Hisui, L50, F|\n|poke|p1|Tatsugiri, L50, M|\n|poke|p1|Roaring Moon, L50|\n|poke|p2|Heatran, L50, F|\n|poke|p2|Landorus-Therian, L50, M|\n|poke|p2|Grimmsnarl, L50, M|\n|poke|p2|Enamorus, L50, F|\n|poke|p2|Palafin, L50, F|\n|poke|p2|Ogerpon-Wellspring, L50, F|\n|teampreview|4\n|inactive|Battle timer is ON: inactive players will automatically lose when time's up. (requested by ApoVGC)\n|\n|t:|1700316312\n|start\n|switch|p1a: Goodra|Goodra-Hisui, L50, F|100\/100\n|switch|p1b: Kommo-o|Kommo-o, L50, M|100\/100\n|switch|p2a: Grimmsnarl|Grimmsnarl, L50, M, shiny|100\/100\n|switch|p2b: Enamorus|Enamorus, L50, F|100\/100\n|turn|1\n|\n|t:|1700316331\n|-terastallize|p1b: Kommo-o|Steel\n|move|p2a: Grimmsnarl|Reflect|p2a: Grimmsnarl\n|-sidestart|p2: jiegg123456|Reflect\n|move|p1b: Kommo-o|Clangorous Soul|p1b: Kommo-o\n|-boost|p1b: Kommo-o|atk|1\n|-boost|p1b: Kommo-o|def|1\n|-boost|p1b: Kommo-o|spa|1\n|-boost|p1b: Kommo-o|spd|1\n|-boost|p1b: Kommo-o|spe|1\n|-damage|p1b: Kommo-o|68\/100\n|-enditem|p1b: Kommo-o|Throat Spray\n|-boost|p1b: Kommo-o|spa|1|[from] item: Throat Spray\n|move|p2b: Enamorus|Superpower|p1a: Goodra\n|-supereffective|p1a: Goodra\n|-damage|p1a: Goodra|52\/100\n|-boost|p2b: Enamorus|atk|1\n|-boost|p2b: Enamorus|def|1\n|move|p1a: Goodra|Heavy Slam|p2a: Grimmsnarl\n|-supereffective|p2a: Grimmsnarl\n|-damage|p2a: Grimmsnarl|53\/100\n|\n|-heal|p1a: Goodra|58\/100|[from] item: Leftovers\n|upkeep\n|turn|2\n|inactive|ApoVGC has 30 seconds left.\n|inactive|jiegg123456 has 30 seconds left.\n|inactive|jiegg123456 has 20 seconds left.\n|inactive|jiegg123456 has 15 seconds left.\n|inactive|jiegg123456 has 10 seconds left.\n|\n|t:|1700316377\n|move|p2a: Grimmsnarl|Light Screen|p2a: Grimmsnarl\n|-sidestart|p2: jiegg123456|move: Light Screen\n|move|p1b: Kommo-o|Flash Cannon|p2b: Enamorus\n|-supereffective|p2b: Enamorus\n|-damage|p2b: Enamorus|0 fnt\n|faint|p2b: Enamorus\n|move|p1a: Goodra|Acid Armor|p1a: Goodra\n|-boost|p1a: Goodra|def|2\n|\n|-heal|p1a: Goodra|64\/100|[from] item: Leftovers\n|upkeep\n|\n|t:|1700316398\n|switch|p2b: Heatran|Heatran, L50, F, shiny|100\/100\n|turn|3\n|\n|t:|1700316415\n|move|p1b: Kommo-o|Protect|p1b: Kommo-o\n|-singleturn|p1b: Kommo-o|Protect\n|move|p2b: Heatran|Heat Wave|p1a: Goodra|[spread] p1a\n|-activate|p1b: Kommo-o|move: Protect\n|-damage|p1a: Goodra|38\/100\n|move|p2a: Grimmsnarl|Spirit Break|p1a: Goodra\n|-damage|p1a: Goodra|27\/100\n|-unboost|p1a: Goodra|spa|1\n|move|p1a: Goodra|Acid Armor|p1a: Goodra\n|-boost|p1a: Goodra|def|2\n|\n|-heal|p1a: Goodra|33\/100|[from] item: Leftovers\n|upkeep\n|turn|4\n|\n|t:|1700316437\n|move|p2a: Grimmsnarl|Parting Shot|p1b: Kommo-o\n|-unboost|p1b: Kommo-o|atk|1\n|-unboost|p1b: Kommo-o|spa|1\n|\n|t:|1700316441\n|switch|p2a: Palafin|Palafin, L50, F, shiny|100\/100|[from] Parting Shot\n|move|p1b: Kommo-o|Flash Cannon|p2a: Palafin\n|-resisted|p2a: Palafin\n|-damage|p2a: Palafin|88\/100\n|move|p2b: Heatran|Heat Wave|p1a: Goodra|[spread] p1a,p1b\n|-supereffective|p1b: Kommo-o\n|-damage|p1a: Goodra|7\/100\n|-damage|p1b: Kommo-o|6\/100\n|move|p1a: Goodra|Body Press|p2b: Heatran\n|-supereffective|p2b: Heatran\n|-damage|p2b: Heatran|23\/100\n|-enditem|p2b: Heatran|Sitrus Berry|[eat]\n|-heal|p2b: Heatran|48\/100|[from] item: Sitrus Berry\n|\n|-heal|p1a: Goodra|13\/100|[from] item: Leftovers\n|upkeep\n|turn|5\n|inactive|ApoVGC has 30 seconds left.\n|inactive|jiegg123456 has 30 seconds left.\n|inactive|jiegg123456 has 20 seconds left.\n|inactive|jiegg123456 has 15 seconds left.\n|\n|t:|1700316482\n|switch|p1a: Tatsugiri|Tatsugiri, L50, M|100\/100\n|move|p1b: Kommo-o|Clanging Scales|p2b: Heatran|[spread] p2a,p2b\n|-resisted|p2b: Heatran\n|-damage|p2a: Palafin|61\/100\n|-damage|p2b: Heatran|34\/100\n|-unboost|p1b: Kommo-o|def|1\n|move|p2a: Palafin|Flip Turn|p1a: Tatsugiri\n|-ability|p1a: Tatsugiri|Storm Drain|boost\n|-boost|p1a: Tatsugiri|spa|1\n|move|p2b: Heatran|Heat Wave|p1a: Tatsugiri|[spread] p1a,p1b\n|-resisted|p1a: Tatsugiri\n|-supereffective|p1b: Kommo-o\n|-damage|p1a: Tatsugiri|88\/100\n|-damage|p1b: Kommo-o|0 fnt\n|faint|p1b: Kommo-o\n|\n|upkeep\n|\n|t:|1700316496\n|switch|p1b: Dragapult|Dragapult, L50, F|100\/100\n|turn|6\n|\n|t:|1700316511\n|detailschange|p2a: Palafin|Palafin-Hero, L50, F, shiny\n|switch|p2a: Grimmsnarl|Grimmsnarl, L50, M, shiny|53\/100\n|move|p2b: Heatran|Protect|p2b: Heatran\n|-singleturn|p2b: Heatran|Protect\n|move|p1b: Dragapult|Phantom Force||[still]\n|-prepare|p1b: Dragapult|Phantom Force\n|move|p1a: Tatsugiri|Muddy Water|p2b: Heatran|[spread] p2a\n|-activate|p2b: Heatran|move: Protect\n|-damage|p2a: Grimmsnarl|16\/100\n|\n|upkeep\n|turn|7\n|inactive|jiegg123456 has 30 seconds left.\n|inactive|jiegg123456 has 20 seconds left.\n|inactive|jiegg123456 has 15 seconds left.\n|\n|t:|1700316553\n|switch|p2b: Palafin|Palafin-Hero, L50, F, shiny|61\/100\n|-activate|p2b: Palafin|ability: Zero to Hero\n|move|p1a: Tatsugiri|Protect|p1a: Tatsugiri\n|-singleturn|p1a: Tatsugiri|Protect\n|move|p2a: Grimmsnarl|Parting Shot|p1a: Tatsugiri\n|-activate|p1a: Tatsugiri|move: Protect\n|move|p1b: Dragapult|Phantom Force|p2a: Grimmsnarl|[from]lockedmove\n|-resisted|p2a: Grimmsnarl\n|-damage|p2a: Grimmsnarl|0 fnt\n|faint|p2a: Grimmsnarl\n|\n|upkeep\n|\n|t:|1700316567\n|switch|p2a: Heatran|Heatran, L50, F, shiny|34\/100\n|turn|8\n|\n|t:|1700316586\n|-terastallize|p2b: Palafin|Normal\n|move|p2a: Heatran|Protect|p2a: Heatran\n|-singleturn|p2a: Heatran|Protect\n|move|p1b: Dragapult|Phantom Force||[still]\n|-prepare|p1b: Dragapult|Phantom Force\n|move|p1a: Tatsugiri|Muddy Water|p2a: Heatran|[spread] p2b\n|-activate|p2a: Heatran|move: Protect\n|-damage|p2b: Palafin|42\/100\n|move|p2b: Palafin|Boomburst|p1b: Dragapult|[spread] p1a\n|-miss|p2b: Palafin|p1b: Dragapult\n|-activate|p2a: Heatran|move: Protect\n|-damage|p1a: Tatsugiri|42\/100\n|\n|-sideend|p2: jiegg123456|Reflect\n|upkeep\n|turn|9\n|inactive|ApoVGC has 30 seconds left.\n|inactive|jiegg123456 has 30 seconds left.\n|\n|t:|1700316617\n|move|p1a: Tatsugiri|Protect|p1a: Tatsugiri\n|-singleturn|p1a: Tatsugiri|Protect\n|move|p1b: Dragapult|Phantom Force|p2b: Palafin|[from]lockedmove\n|-immune|p2b: Palafin\n|move|p2b: Palafin|Boomburst|p1b: Dragapult|[spread] p2a\n|-activate|p1a: Tatsugiri|move: Protect\n|-immune|p1b: Dragapult\n|-resisted|p2a: Heatran\n|-damage|p2a: Heatran|23\/100\n|move|p2a: Heatran|Heat Wave|p1a: Tatsugiri|[spread] p1b\n|-activate|p1a: Tatsugiri|move: Protect\n|-resisted|p1b: Dragapult\n|-damage|p1b: Dragapult|72\/100\n|\n|-sideend|p2: jiegg123456|move: Light Screen\n|upkeep\n|turn|10\n|inactive|ApoVGC has 30 seconds left.\n|inactive|ApoVGC has 20 seconds left.\n|\n|t:|1700316655\n|switch|p1b: Goodra|Goodra-Hisui, L50, F|13\/100\n|move|p1a: Tatsugiri|Icy Wind|p2b: Palafin|[spread] p2a,p2b\n|-resisted|p2a: Heatran\n|-damage|p2a: Heatran|19\/100\n|-damage|p2b: Palafin|30\/100\n|-unboost|p2a: Heatran|spe|1\n|-unboost|p2b: Palafin|spe|1\n|move|p2b: Palafin|Boomburst|p1a: Tatsugiri|[spread] p2a,p1a,p1b\n|-resisted|p2a: Heatran\n|-resisted|p1b: Goodra\n|-damage|p2a: Heatran|3\/100\n|-damage|p1a: Tatsugiri|0 fnt\n|-damage|p1b: Goodra|2\/100\n|faint|p1a: Tatsugiri\n|move|p2a: Heatran|Heat Wave|p1b: Goodra\n|-damage|p1b: Goodra|0 fnt\n|faint|p1b: Goodra\n|\n|upkeep\n|\n|t:|1700316667\n|switch|p1a: Dragapult|Dragapult, L50, F|72\/100\n|turn|11\n|inactive|jiegg123456 has 30 seconds left.\n|\n|t:|1700316693\n|move|p2b: Palafin|Jet Punch|p1a: Dragapult\n|-resisted|p1a: Dragapult\n|-damage|p1a: Dragapult|48\/100\n|move|p1a: Dragapult|Dragon Darts|p2b: Palafin\n|-damage|p2b: Palafin|5\/100\n|-anim|p1a: Dragapult|Dragon Darts|p2a: Heatran\n|-resisted|p2a: Heatran\n|-damage|p2a: Heatran|0 fnt\n|faint|p2a: Heatran\n|\n|upkeep\n|turn|12\n|\n|t:|1700316706\n|move|p2b: Palafin|Jet Punch|p1a: Dragapult\n|-resisted|p1a: Dragapult\n|-damage|p1a: Dragapult|23\/100\n|move|p1a: Dragapult|Dragon Darts|p2b: Palafin\n|-damage|p2b: Palafin|0 fnt\n|faint|p2b: Palafin\n|\n|win|ApoVGC\n|raw|ApoVGC's rating: 1411 &rarr; <strong>1430<\/strong><br \/>(+19 for winning)\n|raw|jiegg123456's rating: 1390 &rarr; <strong>1371<\/strong><br \/>(-19 for losing)\n|l|\u2606jiegg123456\n","uploadtime":1700316725,"views":21,"p1id":"apovgc","p2id":"jiegg123456","formatid":"gen9vgc2023regulatione","rating":1371,"private":0,"password":""}