{"id":"gen9vgc2023regulatione-1991344844","p1":"givi","p2":"kojiminori1","format":"[Gen 9] VGC 2023 Regulation E","log":"|j|\u2606givi\n|j|\u2606kojiminori1\n|t:|1700069378\n|gametype|doubles\n|player|p1|givi|lucas|1486\n|player|p2|kojiminori1|265|1490\n|teamsize|p1|6\n|teamsize|p2|6\n|gen|9\n|tier|[Gen 9] VGC 2023 Regulation E\n|rated|\n|rule|Species Clause: Limit one of each Pok\u00e9mon\n|rule|Item Clause: Limit one of each item\n|clearpoke\n|poke|p1|Scream Tail, L50|\n|poke|p1|Flutter Mane, L50|\n|poke|p1|Iron Hands, L50|\n|poke|p1|Iron Bundle, L50|\n|poke|p1|Sinistcha-Masterpiece, L50|\n|poke|p1|Arcanine-Hisui, L50, M|\n|poke|p2|Iron Bundle, L50|\n|poke|p2|Regieleki, L50|\n|poke|p2|Urshifu-*, L50, F|\n|poke|p2|Ogerpon-Hearthflame, L50, F|\n|poke|p2|Rillaboom, L50, F|\n|poke|p2|Landorus, L50, M|\n|teampreview|4\n|inactive|Battle timer is ON: inactive players will automatically lose when time's up. (requested by kojiminori1)\n|inactive|kojiminori1 has 60 seconds left.\n|inactive|givi has 60 seconds left.\n|\n|t:|1700069432\n|start\n|switch|p1a: Iron Hands|Iron Hands, L50|100\/100\n|switch|p1b: Iron Bundle|Iron Bundle, L50|100\/100\n|switch|p2a: Regieleki|Regieleki, L50|100\/100\n|switch|p2b: Landorus|Landorus, L50, M|100\/100\n|-enditem|p1b: Iron Bundle|Booster Energy\n|-activate|p1b: Iron Bundle|ability: Quark Drive|[fromitem]\n|-start|p1b: Iron Bundle|quarkdrivespe\n|turn|1\n|inactive|givi has 30 seconds left.\n|inactive|kojiminori1 has 30 seconds left.\n|\n|t:|1700069457\n|-terastallize|p2b: Landorus|Water\n|move|p1b: Iron Bundle|Protect|p1b: Iron Bundle\n|-singleturn|p1b: Iron Bundle|Protect\n|move|p1a: Iron Hands|Fake Out|p2b: Landorus\n|-damage|p2b: Landorus|82\/100\n|move|p2a: Regieleki|Volt Switch|p1b: Iron Bundle\n|-activate|p1b: Iron Bundle|move: Protect\n|cant|p2b: Landorus|flinch\n|\n|upkeep\n|turn|2\n|j| Playsterco\n|\n|t:|1700069482\n|move|p2a: Regieleki|Volt Switch|p1b: Iron Bundle\n|-supereffective|p1b: Iron Bundle\n|-damage|p1b: Iron Bundle|0 fnt\n|faint|p1b: Iron Bundle\n|-end|p1b: Iron Bundle|Quark Drive|[silent]\n|\n|t:|1700069488\n|switch|p2a: Ogerpon|Ogerpon-Hearthflame, L50, F|100\/100|[from] Volt Switch\n|-ability|p2a: Ogerpon|Mold Breaker\n|move|p2b: Landorus|Earth Power|p1a: Iron Hands\n|-supereffective|p1a: Iron Hands\n|-damage|p1a: Iron Hands|28\/100\n|move|p1a: Iron Hands|Wild Charge|p2b: Landorus\n|-supereffective|p2b: Landorus\n|-damage|p2b: Landorus|0 fnt\n|faint|p2b: Landorus\n|-damage|p1a: Iron Hands|13\/100|[from] Recoil\n|\n|upkeep\n|\n|t:|1700069506\n|switch|p1b: Arcanine|Arcanine-Hisui, L50, M|100\/100\n|switch|p2b: Regieleki|Regieleki, L50|100\/100\n|-ability|p1b: Arcanine|Intimidate|boost\n|-unboost|p2a: Ogerpon|atk|1\n|-unboost|p2b: Regieleki|atk|1\n|turn|3\n|\n|t:|1700069529\n|move|p2b: Regieleki|Electroweb|p1b: Arcanine|[spread] p1a,p1b\n|-resisted|p1a: Iron Hands\n|-damage|p1a: Iron Hands|6\/100\n|-damage|p1b: Arcanine|69\/100\n|-unboost|p1a: Iron Hands|spe|1\n|-unboost|p1b: Arcanine|spe|1\n|move|p2a: Ogerpon|Ivy Cudgel|p1a: Iron Hands|[anim] Ivy Cudgel Fire\n|-damage|p1a: Iron Hands|0 fnt\n|faint|p1a: Iron Hands\n|-end|p1a: Iron Hands|Quark Drive|[silent]\n|move|p1b: Arcanine|Rock Slide|p2b: Regieleki|[spread] p2a,p2b\n|-supereffective|p2a: Ogerpon\n|-damage|p2a: Ogerpon|0 fnt\n|-damage|p2b: Regieleki|11\/100\n|faint|p2a: Ogerpon\n|\n|upkeep\n|\n|t:|1700069544\n|switch|p2a: Urshifu|Urshifu, L50, F|100\/100\n|switch|p1a: Flutter Mane|Flutter Mane, L50|100\/100\n|turn|4\n|\n|t:|1700069560\n|-terastallize|p1a: Flutter Mane|Fairy\n|move|p2b: Regieleki|Electroweb|p1b: Arcanine|[spread] p1a,p1b\n|-damage|p1a: Flutter Mane|75\/100\n|-damage|p1b: Arcanine|36\/100\n|-unboost|p1a: Flutter Mane|spe|1\n|-unboost|p1b: Arcanine|spe|1\n|move|p2a: Urshifu|Close Combat|p1b: Arcanine\n|-supereffective|p1b: Arcanine\n|-damage|p1b: Arcanine|0 fnt\n|-unboost|p2a: Urshifu|def|1\n|-unboost|p2a: Urshifu|spd|1\n|faint|p1b: Arcanine\n|move|p1a: Flutter Mane|Dazzling Gleam|p2b: Regieleki|[spread] p2a,p2b\n|-supereffective|p2a: Urshifu\n|-enditem|p2a: Urshifu|Focus Sash\n|-damage|p2a: Urshifu|1\/100\n|-damage|p2b: Regieleki|0 fnt\n|faint|p2b: Regieleki\n|\n|upkeep\n|turn|5\n|\n|t:|1700069579\n|move|p2a: Urshifu|Close Combat|p1a: Flutter Mane\n|-resisted|p1a: Flutter Mane\n|-damage|p1a: Flutter Mane|16\/100\n|-unboost|p2a: Urshifu|def|1\n|-unboost|p2a: Urshifu|spd|1\n|move|p1a: Flutter Mane|Dazzling Gleam|p2a: Urshifu\n|-supereffective|p2a: Urshifu\n|-damage|p2a: Urshifu|0 fnt\n|faint|p2a: Urshifu\n|\n|win|givi\n|raw|givi's rating: 1486 &rarr; <strong>1506<\/strong><br \/>(+20 for winning)\n|raw|kojiminori1's rating: 1490 &rarr; <strong>1470<\/strong><br \/>(-20 for losing)\n|l|\u2606givi\n|l|\u2606kojiminori1\n","uploadtime":1700069661,"views":19,"p1id":"givi","p2id":"kojiminori1","formatid":"gen9vgc2023regulatione","rating":1470,"private":0,"password":""}