{"id":"gen9vgc2023regulatione-1995142043","p1":"meowmeowjoe","p2":"FredRekt","format":"[Gen 9] VGC 2023 Regulation E","log":"|j|\u2606meowmeowjoe\n|j|\u2606FredRekt\n|t:|1700527257\n|gametype|doubles\n|player|p1|meowmeowjoe|guitarist|1168\n|player|p2|FredRekt|102|1222\n|teamsize|p1|6\n|teamsize|p2|6\n|gen|9\n|tier|[Gen 9] VGC 2023 Regulation E\n|rated|\n|rule|Species Clause: Limit one of each Pok\u00e9mon\n|rule|Item Clause: Limit one of each item\n|clearpoke\n|poke|p1|Ninetales-Alola, L50, M|\n|poke|p1|Iron Bundle, L50|\n|poke|p1|Dondozo, L50, M|\n|poke|p1|Tatsugiri, L50, M|\n|poke|p1|Cresselia, L50, F|\n|poke|p1|Ursaluna, L50, M|\n|poke|p2|Rillaboom, L50, F|\n|poke|p2|Sneasler, L50, M|\n|poke|p2|Talonflame, L50, F|\n|poke|p2|Inteleon, L50, F|\n|poke|p2|Farigiraf, L50, F|\n|poke|p2|Kingambit, L50, F|\n|teampreview|4\n|\n|t:|1700527279\n|start\n|switch|p1a: \u72d0\u547c\u72d0|Ninetales-Alola, L50, M, shiny|100\/100\n|switch|p1b: \u6211\u6bd4\u7ffc\u6cd5\u9084\u5feb|Iron Bundle, L50, shiny|100\/100\n|switch|p2a: Talonflame|Talonflame, L50, F|100\/100\n|switch|p2b: Farigiraf|Farigiraf, L50, F|100\/100\n|-weather|Snow|[from] ability: Snow Warning|[of] p1a: \u72d0\u547c\u72d0\n|turn|1\n|inactive|Battle timer is ON: inactive players will automatically lose when time's up. (requested by FredRekt)\n|\n|t:|1700527301\n|move|p1b: \u6211\u6bd4\u7ffc\u6cd5\u9084\u5feb|Hydro Pump|p2a: Talonflame\n|-supereffective|p2a: Talonflame\n|-damage|p2a: Talonflame|0 fnt\n|faint|p2a: Talonflame\n|move|p1a: \u72d0\u547c\u72d0|Aurora Veil|p1a: \u72d0\u547c\u72d0\n|-sidestart|p1: meowmeowjoe|move: Aurora Veil\n|move|p2b: Farigiraf|Dazzling Gleam|p1a: \u72d0\u547c\u72d0|[spread] p1a,p1b\n|-damage|p1a: \u72d0\u547c\u72d0|86\/100\n|-damage|p1b: \u6211\u6bd4\u7ffc\u6cd5\u9084\u5feb|71\/100\n|\n|-weather|Snow|[upkeep]\n|upkeep\n|\n|t:|1700527311\n|switch|p2a: Rillaboom|Rillaboom, L50, F|100\/100\n|-fieldstart|move: Grassy Terrain|[from] ability: Grassy Surge|[of] p2a: Rillaboom\n|turn|2\n|\n|t:|1700527331\n|-end|p1b: \u6211\u6bd4\u7ffc\u6cd5\u9084\u5feb|Quark Drive|[silent]\n|switch|p1b: \u6211\u4f86\u7d20\u8cea\u7d20\u8cea|Tatsugiri, L50, M, shiny|100\/100\n|switch|p1a: \u4f86\u5a01\u5687\u6211\u554a|Dondozo, L50, M, shiny|100\/100\n|-activate|p1b: \u6211\u4f86\u7d20\u8cea\u7d20\u8cea|ability: Commander|[of] p1a: \u4f86\u5a01\u5687\u6211\u554a\n|-boost|p1a: \u4f86\u5a01\u5687\u6211\u554a|atk|2\n|-boost|p1a: \u4f86\u5a01\u5687\u6211\u554a|spa|2\n|-boost|p1a: \u4f86\u5a01\u5687\u6211\u554a|spe|2\n|-boost|p1a: \u4f86\u5a01\u5687\u6211\u554a|def|2\n|-boost|p1a: \u4f86\u5a01\u5687\u6211\u554a|spd|2\n|move|p2a: Rillaboom|Grassy Glide|p1b: \u6211\u4f86\u7d20\u8cea\u7d20\u8cea|[miss]\n|-miss|p2a: Rillaboom|p1b: \u6211\u4f86\u7d20\u8cea\u7d20\u8cea\n|move|p2b: Farigiraf|Trick Room|p2b: Farigiraf\n|-fieldstart|move: Trick Room|[of] p2b: Farigiraf\n|\n|-weather|Snow|[upkeep]\n|upkeep\n|turn|3\n|inactive|meowmeowjoe has 30 seconds left.\n|\n|t:|1700527357\n|-terastallize|p1a: \u4f86\u5a01\u5687\u6211\u554a|Dragon\n|move|p2a: Rillaboom|Grassy Glide|p1a: \u4f86\u5a01\u5687\u6211\u554a\n|-resisted|p1a: \u4f86\u5a01\u5687\u6211\u554a\n|-damage|p1a: \u4f86\u5a01\u5687\u6211\u554a|96\/100\n|move|p2b: Farigiraf|Dazzling Gleam|p1a: \u4f86\u5a01\u5687\u6211\u554a|[spread] p1a\n|-miss|p2b: Farigiraf|p1b: \u6211\u4f86\u7d20\u8cea\u7d20\u8cea\n|-supereffective|p1a: \u4f86\u5a01\u5687\u6211\u554a\n|-damage|p1a: \u4f86\u5a01\u5687\u6211\u554a|82\/100\n|move|p1a: \u4f86\u5a01\u5687\u6211\u554a|Order Up|p2b: Farigiraf\n|-damage|p2b: Farigiraf|25\/100\n|-boost|p1a: \u4f86\u5a01\u5687\u6211\u554a|atk|1\n|\n|-weather|Snow|[upkeep]\n|-heal|p2b: Farigiraf|31\/100|[from] Grassy Terrain\n|-heal|p2b: Farigiraf|37\/100|[from] item: Leftovers\n|-heal|p1a: \u4f86\u5a01\u5687\u6211\u554a|88\/100|[from] Grassy Terrain\n|upkeep\n|turn|4\n|\n|t:|1700527377\n|-terastallize|p2b: Farigiraf|Fairy\n|move|p2b: Farigiraf|Dazzling Gleam|p1b: \u6211\u4f86\u7d20\u8cea\u7d20\u8cea|[spread] p1a\n|-miss|p2b: Farigiraf|p1b: \u6211\u4f86\u7d20\u8cea\u7d20\u8cea\n|-supereffective|p1a: \u4f86\u5a01\u5687\u6211\u554a\n|-damage|p1a: \u4f86\u5a01\u5687\u6211\u554a|67\/100\n|move|p2a: Rillaboom|U-turn|p1a: \u4f86\u5a01\u5687\u6211\u554a\n|-damage|p1a: \u4f86\u5a01\u5687\u6211\u554a|61\/100\n|\n|t:|1700527384\n|switch|p2a: Sneasler|Sneasler, L50, M|100\/100|[from] U-turn\n|-enditem|p2a: Sneasler|Grassy Seed\n|-boost|p2a: Sneasler|def|1|[from] item: Grassy Seed\n|move|p1a: \u4f86\u5a01\u5687\u6211\u554a|Order Up|p2a: Sneasler\n|-damage|p2a: Sneasler|0 fnt\n|faint|p2a: Sneasler\n|-boost|p1a: \u4f86\u5a01\u5687\u6211\u554a|atk|1\n|\n|-weather|Snow|[upkeep]\n|-heal|p2b: Farigiraf|43\/100|[from] Grassy Terrain\n|-heal|p2b: Farigiraf|49\/100|[from] item: Leftovers\n|-heal|p1a: \u4f86\u5a01\u5687\u6211\u554a|67\/100|[from] Grassy Terrain\n|upkeep\n|\n|t:|1700527391\n|switch|p2a: Rillaboom|Rillaboom, L50, F|100\/100\n|turn|5\n|\n|t:|1700527398\n|move|p1a: \u4f86\u5a01\u5687\u6211\u554a|Protect|p1a: \u4f86\u5a01\u5687\u6211\u554a\n|-singleturn|p1a: \u4f86\u5a01\u5687\u6211\u554a|Protect\n|move|p2a: Rillaboom|Fake Out|p1a: \u4f86\u5a01\u5687\u6211\u554a\n|-activate|p1a: \u4f86\u5a01\u5687\u6211\u554a|move: Protect\n|move|p2b: Farigiraf|Dazzling Gleam|p1b: \u6211\u4f86\u7d20\u8cea\u7d20\u8cea|[spread] \n|-miss|p2b: Farigiraf|p1b: \u6211\u4f86\u7d20\u8cea\u7d20\u8cea\n|-activate|p1a: \u4f86\u5a01\u5687\u6211\u554a|move: Protect\n|\n|-weather|none\n|-heal|p2b: Farigiraf|56\/100|[from] Grassy Terrain\n|-heal|p2b: Farigiraf|62\/100|[from] item: Leftovers\n|-heal|p1a: \u4f86\u5a01\u5687\u6211\u554a|73\/100|[from] Grassy Terrain\n|upkeep\n|turn|6\n|-message|FredRekt forfeited.\n|\n|win|meowmeowjoe\n|raw|meowmeowjoe's rating: 1168 &rarr; <strong>1197<\/strong><br \/>(+29 for winning)\n|raw|FredRekt's rating: 1222 &rarr; <strong>1193<\/strong><br \/>(-29 for losing)\n|l|\u2606FredRekt\n","uploadtime":1700527416,"views":7,"p1id":"meowmeowjoe","p2id":"fredrekt","formatid":"gen9vgc2023regulatione","rating":1193,"private":0,"password":""}