{"id":"gen9vgc2023regulatione-2000284638","p1":"zombieaussie","p2":"SuperB6669","format":"[Gen 9] VGC 2023 Regulation E","log":"|j|\u2606zombieaussie\n|j|\u2606SuperB6669\n|t:|1701181269\n|gametype|doubles\n|player|p1|zombieaussie|266|1047\n|player|p2|SuperB6669|morty|1119\n|teamsize|p1|6\n|teamsize|p2|6\n|gen|9\n|tier|[Gen 9] VGC 2023 Regulation E\n|rated|\n|rule|Species Clause: Limit one of each Pok\u00e9mon\n|rule|Item Clause: Limit one of each item\n|clearpoke\n|poke|p1|Farigiraf, L50, M|\n|poke|p1|Scyther, L50, F|\n|poke|p1|Hatterene, L50, F|\n|poke|p1|Dragapult, L50, F|\n|poke|p1|Tornadus, L50, M|\n|poke|p1|Corviknight, L50, M|\n|poke|p2|Kommo-o, L50, F|\n|poke|p2|Tyranitar, L50, F|\n|poke|p2|Rillaboom, L50, F|\n|poke|p2|Flutter Mane, L50|\n|poke|p2|Arcanine-Hisui, L50, F|\n|poke|p2|Iron Bundle, L50|\n|teampreview|4\n|\n|t:|1701181309\n|start\n|switch|p1a: Farigiraf|Farigiraf, L50, M|100\/100\n|switch|p1b: Hatterene|Hatterene, L50, F|100\/100\n|switch|p2a: Flutter Mane|Flutter Mane, L50|100\/100\n|switch|p2b: Rillaboom|Rillaboom, L50, F|100\/100\n|-fieldstart|move: Grassy Terrain|[from] ability: Grassy Surge|[of] p2b: Rillaboom\n|turn|1\n|\n|t:|1701181334\n|-terastallize|p1b: Hatterene|Fire\n|move|p2b: Rillaboom|Fake Out||[still]\n|cant|p1a: Farigiraf|ability: Armor Tail|Fake Out|[of] p2b: Rillaboom\n|move|p2a: Flutter Mane|Dazzling Gleam|p1b: Hatterene|[spread] p1a,p1b\n|-resisted|p1b: Hatterene\n|-crit|p1b: Hatterene\n|-damage|p1a: Farigiraf|66\/100\n|-damage|p1b: Hatterene|77\/100\n|move|p1b: Hatterene|Mystical Fire|p2a: Flutter Mane\n|-damage|p2a: Flutter Mane|60\/100\n|-unboost|p2a: Flutter Mane|spa|1\n|move|p1a: Farigiraf|Trick Room|p1a: Farigiraf\n|-fieldstart|move: Trick Room|[of] p1a: Farigiraf\n|\n|-heal|p1b: Hatterene|83\/100|[from] Grassy Terrain\n|-heal|p1a: Farigiraf|72\/100|[from] Grassy Terrain\n|-heal|p2a: Flutter Mane|66\/100|[from] Grassy Terrain\n|upkeep\n|turn|2\n|\n|t:|1701181371\n|-end|p2a: Flutter Mane|Protosynthesis|[silent]\n|switch|p2a: Tyranitar|Tyranitar, L50, F|100\/100\n|-weather|Sandstorm|[from] ability: Sand Stream|[of] p2a: Tyranitar\n|move|p1b: Hatterene|Nuzzle|p2a: Tyranitar\n|-damage|p2a: Tyranitar|97\/100\n|-status|p2a: Tyranitar|par\n|move|p1a: Farigiraf|Psychic|p2b: Rillaboom\n|-damage|p2b: Rillaboom|63\/100\n|move|p2b: Rillaboom|Taunt|p1a: Farigiraf\n|-start|p1a: Farigiraf|move: Taunt\n|\n|-weather|Sandstorm|[upkeep]\n|-damage|p1b: Hatterene|77\/100|[from] Sandstorm\n|-damage|p1a: Farigiraf|66\/100|[from] Sandstorm\n|-damage|p2b: Rillaboom|57\/100|[from] Sandstorm\n|-heal|p1b: Hatterene|83\/100|[from] Grassy Terrain\n|-heal|p2a: Tyranitar|100\/100 par|[from] Grassy Terrain\n|-heal|p1a: Farigiraf|72\/100|[from] Grassy Terrain\n|-heal|p2b: Rillaboom|63\/100|[from] Grassy Terrain\n|upkeep\n|turn|3\n|\n|t:|1701181416\n|switch|p1a: Corviknight|Corviknight, L50, M, shiny|100\/100\n|-terastallize|p2a: Tyranitar|Psychic\n|move|p1b: Hatterene|Mystical Fire|p2b: Rillaboom\n|-supereffective|p2b: Rillaboom\n|-damage|p2b: Rillaboom|0 fnt\n|faint|p2b: Rillaboom\n|cant|p2a: Tyranitar|par\n|\n|-weather|Sandstorm|[upkeep]\n|-damage|p1b: Hatterene|77\/100|[from] Sandstorm\n|-damage|p2a: Tyranitar|94\/100 par|[from] Sandstorm\n|-heal|p1b: Hatterene|83\/100|[from] Grassy Terrain\n|-heal|p2a: Tyranitar|100\/100 par|[from] Grassy Terrain\n|upkeep\n|\n|t:|1701181459\n|switch|p2b: Arcanine|Arcanine-Hisui, L50, F|100\/100\n|-ability|p2b: Arcanine|Intimidate|boost\n|-ability|p1a: Corviknight|Mirror Armor\n|-unboost|p2b: Arcanine|atk|1\n|-unboost|p1b: Hatterene|atk|1\n|turn|4\n|inactive|Battle timer is ON: inactive players will automatically lose when time's up. (requested by zombieaussie)\n|\n|t:|1701181528\n|move|p1b: Hatterene|Nuzzle|p2b: Arcanine\n|-damage|p2b: Arcanine|97\/100\n|-status|p2b: Arcanine|par\n|cant|p2a: Tyranitar|par\n|move|p2b: Arcanine|Howl|p2b: Arcanine|[spread] p2a,p2b\n|-boost|p2a: Tyranitar|atk|1\n|-boost|p2b: Arcanine|atk|1\n|move|p1a: Corviknight|Bulk Up|p1a: Corviknight\n|-boost|p1a: Corviknight|atk|1\n|-boost|p1a: Corviknight|def|1\n|\n|-weather|Sandstorm|[upkeep]\n|-damage|p1b: Hatterene|77\/100|[from] Sandstorm\n|-damage|p2a: Tyranitar|94\/100 par|[from] Sandstorm\n|-heal|p1b: Hatterene|83\/100|[from] Grassy Terrain\n|-heal|p2a: Tyranitar|100\/100 par|[from] Grassy Terrain\n|-heal|p2b: Arcanine|100\/100 par|[from] Grassy Terrain\n|upkeep\n|turn|5\n|inactive|zombieaussie has 30 seconds left.\n|inactive|SuperB6669 has 30 seconds left.\n|\n|t:|1701181554\n|move|p1b: Hatterene|Giga Drain|p2a: Tyranitar\n|-damage|p2a: Tyranitar|72\/100 par\n|-heal|p1b: Hatterene|99\/100|[from] drain|[of] p2a: Tyranitar\n|move|p2a: Tyranitar|Knock Off|p1a: Corviknight\n|-damage|p1a: Corviknight|56\/100\n|-enditem|p1a: Corviknight|Leftovers|[from] move: Knock Off|[of] p2a: Tyranitar\n|move|p2b: Arcanine|Will-O-Wisp|p1a: Corviknight\n|-status|p1a: Corviknight|brn\n|move|p1a: Corviknight|Body Press|p2b: Arcanine\n|-supereffective|p2b: Arcanine\n|-damage|p2b: Arcanine|71\/100 par\n|\n|-weather|Sandstorm|[upkeep]\n|-damage|p1b: Hatterene|93\/100|[from] Sandstorm\n|-damage|p2a: Tyranitar|66\/100 par|[from] Sandstorm\n|-heal|p1b: Hatterene|99\/100|[from] Grassy Terrain\n|-heal|p2a: Tyranitar|72\/100 par|[from] Grassy Terrain\n|-heal|p2b: Arcanine|77\/100 par|[from] Grassy Terrain\n|-damage|p1a: Corviknight|50\/100 brn|[from] brn\n|-fieldend|move: Trick Room\n|-fieldend|move: Grassy Terrain\n|upkeep\n|turn|6\n|inactive|zombieaussie has 30 seconds left.\n|inactive|SuperB6669 has 30 seconds left.\n|\n|t:|1701181588\n|move|p1a: Corviknight|Roost|p1a: Corviknight\n|-heal|p1a: Corviknight|99\/100 brn\n|-singleturn|p1a: Corviknight|move: Roost\n|cant|p2b: Arcanine|par\n|cant|p2a: Tyranitar|par\n|move|p1b: Hatterene|Dazzling Gleam|p2a: Tyranitar|[spread] p2a,p2b\n|-resisted|p2b: Arcanine\n|-damage|p2a: Tyranitar|46\/100 par\n|-damage|p2b: Arcanine|65\/100 par\n|\n|-weather|none\n|-damage|p1a: Corviknight|94\/100 brn|[from] brn\n|upkeep\n|turn|7\n|\n|t:|1701181607\n|move|p1a: Corviknight|Bulk Up|p1a: Corviknight\n|-boost|p1a: Corviknight|atk|1\n|-boost|p1a: Corviknight|def|1\n|cant|p2b: Arcanine|par\n|move|p2a: Tyranitar|Rock Slide|p1a: Corviknight|[spread] p1a,p1b\n|-supereffective|p1b: Hatterene\n|-damage|p1a: Corviknight|72\/100 brn\n|-damage|p1b: Hatterene|0 fnt\n|faint|p1b: Hatterene\n|\n|-damage|p1a: Corviknight|66\/100 brn|[from] brn\n|upkeep\n|\n|t:|1701181619\n|switch|p1b: Dragapult|Dragapult, L50, F|100\/100\n|turn|8\n|\n|t:|1701181628\n|move|p1b: Dragapult|Hex|p2a: Tyranitar\n|-supereffective|p2a: Tyranitar\n|-damage|p2a: Tyranitar|0 fnt\n|faint|p2a: Tyranitar\n|move|p1a: Corviknight|Body Press|p2b: Arcanine\n|-supereffective|p2b: Arcanine\n|-damage|p2b: Arcanine|26\/100 par\n|-enditem|p2b: Arcanine|Sitrus Berry|[eat]\n|-heal|p2b: Arcanine|51\/100 par|[from] item: Sitrus Berry\n|move|p2b: Arcanine|Rock Slide|p1b: Dragapult|[spread] p1a,p1b\n|-damage|p1a: Corviknight|57\/100 brn\n|-damage|p1b: Dragapult|66\/100\n|\n|-damage|p1a: Corviknight|51\/100 brn|[from] brn\n|upkeep\n|\n|t:|1701181644\n|switch|p2a: Flutter Mane|Flutter Mane, L50|66\/100\n|turn|9\n|\n|t:|1701181657\n|move|p1b: Dragapult|Phantom Force||[still]\n|-prepare|p1b: Dragapult|Phantom Force\n|move|p2a: Flutter Mane|Shadow Ball|p1b: Dragapult|[miss]\n|-miss|p2a: Flutter Mane|p1b: Dragapult\n|move|p1a: Corviknight|Roost|p1a: Corviknight\n|-heal|p1a: Corviknight|100\/100 brn\n|-singleturn|p1a: Corviknight|move: Roost\n|move|p2b: Arcanine|Rock Slide|p1a: Corviknight|[spread] p1a\n|-miss|p2b: Arcanine|p1b: Dragapult\n|-resisted|p1a: Corviknight\n|-damage|p1a: Corviknight|96\/100 brn\n|\n|-damage|p1a: Corviknight|90\/100 brn|[from] brn\n|upkeep\n|turn|10\n|inactive|SuperB6669 has 30 seconds left.\n|\n|t:|1701181686\n|move|p1b: Dragapult|Phantom Force|p2a: Flutter Mane|[from]lockedmove\n|-supereffective|p2a: Flutter Mane\n|-damage|p2a: Flutter Mane|0 fnt\n|faint|p2a: Flutter Mane\n|-end|p2a: Flutter Mane|Protosynthesis|[silent]\n|move|p1a: Corviknight|Body Press|p2b: Arcanine\n|-supereffective|p2b: Arcanine\n|-damage|p2b: Arcanine|11\/100 par\n|move|p2b: Arcanine|Will-O-Wisp|p1b: Dragapult\n|-status|p1b: Dragapult|brn\n|\n|-damage|p1b: Dragapult|59\/100 brn|[from] brn\n|-damage|p1a: Corviknight|84\/100 brn|[from] brn\n|upkeep\n|turn|11\n|\n|t:|1701181703\n|move|p1b: Dragapult|Hex|p2b: Arcanine\n|-damage|p2b: Arcanine|0 fnt\n|faint|p2b: Arcanine\n|\n|win|zombieaussie\n|raw|zombieaussie's rating: 1047 &rarr; <strong>1087<\/strong><br \/>(+40 for winning)\n|raw|SuperB6669's rating: 1119 &rarr; <strong>1089<\/strong><br \/>(-30 for losing)\n","uploadtime":1701181709,"views":4,"p1id":"zombieaussie","p2id":"superb6669","formatid":"gen9vgc2023regulatione","rating":1087,"private":0,"password":""}