{"id":"gen9vgc2023regulatione-1993557541","p1":"tpw989","p2":"Blutgang3","format":"[Gen 9] VGC 2023 Regulation E","log":"|j|\u2606tpw989\n|j|\u2606Blutgang3\n|t:|1700331507\n|gametype|doubles\n|player|p1|tpw989|blackbelt|1047\n|player|p2|Blutgang3|nate|1048\n|teamsize|p1|6\n|teamsize|p2|6\n|gen|9\n|tier|[Gen 9] VGC 2023 Regulation E\n|rated|\n|rule|Species Clause: Limit one of each Pok\u00e9mon\n|rule|Item Clause: Limit one of each item\n|clearpoke\n|poke|p1|Oricorio-Pom-Pom, L50, F|\n|poke|p1|Volcarona, L50, M|\n|poke|p1|Kommo-o, L50, M|\n|poke|p1|Amoonguss, L50, F|\n|poke|p1|Masquerain, L50, M|\n|poke|p1|Quaquaval, L50, M|\n|poke|p2|Typhlosion-Hisui, L50, F|\n|poke|p2|Ninetales, L50, M|\n|poke|p2|Shiftry, L50, F|\n|poke|p2|Arcanine, L50, F|\n|poke|p2|Lilligant-Hisui, L50, F|\n|poke|p2|Sandy Shocks, L50|\n|teampreview|4\n|inactive|Battle timer is ON: inactive players will automatically lose when time's up. (requested by Blutgang3)\nBlutgang3 has agreed to open team sheets.\n|inactive|Blutgang3 has 60 seconds left.\n|\n|t:|1700331554\n|start\n|switch|p1a: Oricorio|Oricorio-Pom-Pom, L50, F, shiny|100\/100\n|switch|p1b: Masquerain|Masquerain, L50, M|100\/100\n|switch|p2a: Ninetales|Ninetales, L50, M|100\/100\n|switch|p2b: Lilligant|Lilligant-Hisui, L50, F|100\/100\n|-weather|SunnyDay|[from] ability: Drought|[of] p2a: Ninetales\n|-ability|p1b: Masquerain|Intimidate|boost\n|-unboost|p2a: Ninetales|atk|1\n|-unboost|p2b: Lilligant|atk|1\n|turn|1\n|\n|t:|1700331576\n|move|p2b: Lilligant|Protect|p2b: Lilligant\n|-singleturn|p2b: Lilligant|Protect\n|move|p2a: Ninetales|Heat Wave|p1b: Masquerain|[spread] p1a,p1b\n|-supereffective|p1b: Masquerain\n|-crit|p1b: Masquerain\n|-damage|p1a: Oricorio|61\/100\n|-damage|p1b: Masquerain|0 fnt\n|faint|p1b: Masquerain\n|move|p1a: Oricorio|Quiver Dance|p1a: Oricorio\n|-boost|p1a: Oricorio|spa|1\n|-boost|p1a: Oricorio|spd|1\n|-boost|p1a: Oricorio|spe|1\n|\n|-weather|SunnyDay|[upkeep]\n|upkeep\n|\n|t:|1700331588\n|switch|p1b: Volcarona|Volcarona, L50, M, shiny|100\/100\n|turn|2\n|\n|t:|1700331597\n|move|p2a: Ninetales|Helping Hand|p2b: Lilligant\n|-singleturn|p2b: Lilligant|Helping Hand|[of] p2a: Ninetales\n|move|p2b: Lilligant|Ice Spinner|p1a: Oricorio\n|-supereffective|p1a: Oricorio\n|-damage|p1a: Oricorio|0 fnt\n|faint|p1a: Oricorio\n|-damage|p2b: Lilligant|91\/100|[from] item: Life Orb\n|move|p1b: Volcarona|Fiery Dance|p2b: Lilligant\n|-supereffective|p2b: Lilligant\n|-damage|p2b: Lilligant|0 fnt\n|faint|p2b: Lilligant\n|\n|-weather|SunnyDay|[upkeep]\n|upkeep\n|\n|t:|1700331610\n|switch|p2b: Sandy Shocks|Sandy Shocks, L50|100\/100\n|switch|p1a: Quaquaval|Quaquaval, L50, M, shiny|100\/100\n|-activate|p2b: Sandy Shocks|ability: Protosynthesis\n|-start|p2b: Sandy Shocks|protosynthesisspe\n|-item|p2b: Sandy Shocks|Air Balloon\n|turn|3\n|\n|t:|1700331631\n|move|p2a: Ninetales|Helping Hand|p2b: Sandy Shocks\n|-singleturn|p2b: Sandy Shocks|Helping Hand|[of] p2a: Ninetales\n|move|p1a: Quaquaval|Protect|p1a: Quaquaval\n|-singleturn|p1a: Quaquaval|Protect\n|move|p2b: Sandy Shocks|Thunderbolt|p1a: Quaquaval\n|-activate|p1a: Quaquaval|move: Protect\n|move|p1b: Volcarona|Bug Buzz|p2a: Ninetales\n|-resisted|p2a: Ninetales\n|-damage|p2a: Ninetales|69\/100\n|\n|-weather|SunnyDay|[upkeep]\n|upkeep\n|turn|4\n|\n|t:|1700331653\n|move|p1a: Quaquaval|Aqua Jet|p2a: Ninetales\n|-supereffective|p2a: Ninetales\n|-damage|p2a: Ninetales|32\/100\n|move|p2b: Sandy Shocks|Thunderbolt|p1a: Quaquaval\n|-supereffective|p1a: Quaquaval\n|-damage|p1a: Quaquaval|0 fnt\n|faint|p1a: Quaquaval\n|move|p2a: Ninetales|Will-O-Wisp|p1b: Volcarona|[miss]\n|-miss|p2a: Ninetales|p1b: Volcarona\n|move|p1b: Volcarona|Heat Wave|p2a: Ninetales|[spread] p2a,p2b\n|-resisted|p2a: Ninetales\n|-damage|p2a: Ninetales|0 fnt\n|-damage|p2b: Sandy Shocks|32\/100\n|-enditem|p2b: Sandy Shocks|Air Balloon\n|faint|p2a: Ninetales\n|\n|-weather|SunnyDay|[upkeep]\n|upkeep\n|\n|t:|1700331659\n|switch|p2a: Shiftry|Shiftry, L50, F|100\/100\n|turn|5\n|\n|t:|1700331676\n|-terastallize|p2b: Sandy Shocks|Flying\n|-terastallize|p1b: Volcarona|Dragon\n|move|p2a: Shiftry|Fake Out|p1b: Volcarona\n|-damage|p1b: Volcarona|87\/100\n|-damage|p2a: Shiftry|84\/100|[from] item: Rocky Helmet|[of] p1b: Volcarona\n|move|p2b: Sandy Shocks|Tera Blast|p1b: Volcarona|[anim] Tera Blast Flying\n|-damage|p1b: Volcarona|52\/100\n|cant|p1b: Volcarona|flinch\n|\n|-weather|SunnyDay|[upkeep]\n|upkeep\n|turn|6\n|\n|t:|1700331698\n|move|p2a: Shiftry|Icy Wind|p1b: Volcarona\n|-supereffective|p1b: Volcarona\n|-damage|p1b: Volcarona|29\/100\n|-unboost|p1b: Volcarona|spe|1\n|move|p2b: Sandy Shocks|Earth Power|p1b: Volcarona\n|-damage|p1b: Volcarona|0 fnt\n|faint|p1b: Volcarona\n|\n|win|Blutgang3\n|raw|tpw989's rating: 1047 &rarr; <strong>1030<\/strong><br \/>(-17 for losing)\n|raw|Blutgang3's rating: 1048 &rarr; <strong>1081<\/strong><br \/>(+33 for winning)\n|c|\u2606tpw989|lucky\n|l|\u2606tpw989\n","uploadtime":1700331731,"views":30,"p1id":"tpw989","p2id":"blutgang3","formatid":"gen9vgc2023regulatione","rating":1030,"private":0,"password":""}