{"id":"gen9vgc2023regulatione-1990225951","p1":"matthewssandslash","p2":"NovaSirius","format":"[Gen 9] VGC 2023 Regulation E","log":"|j|\u2606matthewssandslash\n|j|\u2606NovaSirius\n|t:|1699940330\n|gametype|doubles\n|player|p1|matthewssandslash|1|\n|player|p2|NovaSirius|101|\n|teamsize|p1|6\n|teamsize|p2|6\n|gen|9\n|tier|[Gen 9] VGC 2023 Regulation E\n|rule|Species Clause: Limit one of each Pok\u00e9mon\n|rule|Item Clause: Limit one of each item\n|clearpoke\n|poke|p1|Sliggoo-Hisui, L50, F|\n|poke|p1|Ribombee, L50, F|\n|poke|p1|Lycanroc-Midnight, L50, F|\n|poke|p1|Dudunsparce-*, L50, M|\n|poke|p1|Mabosstiff, L50, F|\n|poke|p1|Toxicroak, L50, F|\n|poke|p2|Gurdurr, L50, F|\n|poke|p2|Vivillon-Monsoon, L50, M|\n|poke|p2|Uxie, L50|\n|poke|p2|Barraskewda, L50, F|\n|poke|p2|Luxray, L50, M|\n|poke|p2|Ludicolo, L50, F|\n|teampreview|4\n|c|\u2606matthewssandslash|glhf!\n|c|\u2606NovaSirius|glhf\n|\n|t:|1699940424\n|start\n|switch|p1a: Western A|Lycanroc-Midnight, L50, F|100\/100\n|switch|p1b: Queensland|Ribombee, L50, F|100\/100\n|switch|p2a: Ludicolo|Ludicolo, L50, F|100\/100\n|switch|p2b: Vivillon|Vivillon-Monsoon, L50, M|100\/100\n|turn|1\n|c|\u2606NovaSirius|queensland mentioned\n|c|\u2606matthewssandslash|anything for you, homie\n|\n|t:|1699940454\n|move|p2b: Vivillon|Protect|p2b: Vivillon\n|-singleturn|p2b: Vivillon|Protect\n|move|p2a: Ludicolo|Fake Out|p1a: Western A\n|-resisted|p1a: Western A\n|-damage|p1a: Western A|96\/100\n|cant|p1a: Western A|flinch\n|move|p1b: Queensland|Pollen Puff|p2a: Ludicolo\n|-supereffective|p2a: Ludicolo\n|-damage|p2a: Ludicolo|27\/100\n|\n|upkeep\n|turn|2\n|j| J4ce\n|\n|t:|1699940485\n|switch|p2a: Luxray|Luxray, L50, M|100\/100\n|-ability|p2a: Luxray|Intimidate|boost\n|-unboost|p1a: Western A|atk|1\n|-unboost|p1b: Queensland|atk|1\n|move|p1a: Western A|Rock Slide|p2b: Vivillon|[spread] p2a,p2b\n|-supereffective|p2b: Vivillon\n|-damage|p2a: Luxray|86\/100\n|-damage|p2b: Vivillon|0 fnt\n|faint|p2b: Vivillon\n|move|p1b: Queensland|Pollen Puff|p2a: Luxray\n|-damage|p2a: Luxray|28\/100\n|\n|upkeep\n|\n|t:|1699940502\n|switch|p2b: Ludicolo|Ludicolo, L50, F|27\/100\n|turn|3\n|c| J4ce|That lycanroc sure is faster than a ribombee\n|c|\u2606NovaSirius|eyebrow\n|\n|t:|1699940523\n|switch|p1a: Victoria|Sliggoo-Hisui, L50, F|100\/100\n|move|p1b: Queensland|Pollen Puff|p2a: Luxray\n|-damage|p2a: Luxray|0 fnt\n|faint|p2a: Luxray\n|move|p2b: Ludicolo|Leaf Storm|p1a: Victoria\n|-resisted|p1a: Victoria\n|-damage|p1a: Victoria|92\/100\n|-unboost|p2b: Ludicolo|spa|2\n|\n|upkeep\n|\n|t:|1699940531\n|switch|p2a: Barraskewda|Barraskewda, L50, F|100\/100\n|turn|4\n|\n|t:|1699940574\n|move|p2a: Barraskewda|Close Combat|p1a: Victoria\n|-supereffective|p1a: Victoria\n|-damage|p1a: Victoria|8\/100\n|-unboost|p2a: Barraskewda|def|1\n|-unboost|p2a: Barraskewda|spd|1\n|move|p1b: Queensland|Pollen Puff|p2a: Barraskewda\n|-damage|p2a: Barraskewda|0 fnt\n|faint|p2a: Barraskewda\n|move|p2b: Ludicolo|Surf|p1b: Queensland|[spread] p1a,p1b\n|-resisted|p1a: Victoria\n|-damage|p1a: Victoria|4\/100\n|-damage|p1b: Queensland|75\/100\n|move|p1a: Victoria|Acid Spray|p2b: Ludicolo\n|-supereffective|p2b: Ludicolo\n|-damage|p2b: Ludicolo|13\/100\n|-unboost|p2b: Ludicolo|spd|2\n|\n|upkeep\n|turn|5\n|c|\u2606matthewssandslash|well\n|c| J4ce|VICTORIA EATIN FOR DAYS\n|\n|t:|1699940594\n|move|p1b: Queensland|Pollen Puff|p2b: Ludicolo\n|-supereffective|p2b: Ludicolo\n|-crit|p2b: Ludicolo\n|-damage|p2b: Ludicolo|0 fnt\n|faint|p2b: Ludicolo\n|\n|win|matthewssandslash\n|c|\u2606matthewssandslash|indeed\n|c|\u2606matthewssandslash|she's chonky\n|c| J4ce|did y'all not do bo3\n|c|\u2606matthewssandslash|I thought I did\n|l| J4ce\n","uploadtime":1699940622,"views":14,"p1id":"matthewssandslash","p2id":"novasirius","formatid":"gen9vgc2023regulatione","rating":0,"private":0,"password":""}