{"id":"gen9vgc2023regulatione-1997469881","p1":"haamgamer07","p2":"solarized","format":"[Gen 9] VGC 2023 Regulation E","log":"|j|\u2606haamgamer07\n|j|\u2606solarized\n|t:|1700810940\n|gametype|doubles\n|player|p1|haamgamer07|266|1370\n|player|p2|solarized|pokekid|1275\n|teamsize|p1|6\n|teamsize|p2|6\n|gen|9\n|tier|[Gen 9] VGC 2023 Regulation E\n|rated|\n|rule|Species Clause: Limit one of each Pok\u00e9mon\n|rule|Item Clause: Limit one of each item\n|clearpoke\n|poke|p1|Flutter Mane, L50|\n|poke|p1|Iron Hands, L50|\n|poke|p1|Ogerpon-Hearthflame, L50, F|\n|poke|p1|Cresselia, L50, F|\n|poke|p1|Ursaluna, L50, F|\n|poke|p1|Empoleon, L50, M|\n|poke|p2|Ninetales-Alola, L50, F|\n|poke|p2|Moltres-Galar, L50|\n|poke|p2|Sinistcha, L50|\n|poke|p2|Iron Hands, L50|\n|poke|p2|Heatran, L50, F|\n|poke|p2|Landorus-Therian, L50, M|\n|teampreview|4\n|inactive|Battle timer is ON: inactive players will automatically lose when time's up. (requested by solarized)\n|j| ShakenJacob3\n|l| ShakenJacob3\n|inactive|haamgamer07 has 60 seconds left.\n|inactive|haamgamer07 has 30 seconds left.\n|inactive|haamgamer07 has 20 seconds left.\n|inactive|haamgamer07 has 15 seconds left.\n|inactive|haamgamer07 has 10 seconds left.\n|inactive|haamgamer07 has 5 seconds left.\n|\n|t:|1700811026\n|start\n|switch|p1a: Flutter Mane|Flutter Mane, L50|100\/100\n|switch|p1b: Iron Hands|Iron Hands, L50|100\/100\n|switch|p2a: Moltres|Moltres-Galar, L50|100\/100\n|switch|p2b: Ninetales|Ninetales-Alola, L50, F|100\/100\n|-weather|Snow|[from] ability: Snow Warning|[of] p2b: Ninetales\n|turn|1\n|\n|t:|1700811045\n|move|p2b: Ninetales|Protect|p2b: Ninetales\n|-singleturn|p2b: Ninetales|Protect\n|move|p2a: Moltres|Protect|p2a: Moltres\n|-singleturn|p2a: Moltres|Protect\n|move|p1b: Iron Hands|Fake Out|p2b: Ninetales\n|-activate|p2b: Ninetales|move: Protect\n|move|p1a: Flutter Mane|Dazzling Gleam|p2b: Ninetales|[spread] \n|-activate|p2a: Moltres|move: Protect\n|-activate|p2b: Ninetales|move: Protect\n|\n|-weather|Snow|[upkeep]\n|upkeep\n|turn|2\n|\n|t:|1700811069\n|move|p2b: Ninetales|Aurora Veil|p2b: Ninetales\n|-sidestart|p2: solarized|move: Aurora Veil\n|move|p2a: Moltres|Nasty Plot|p2a: Moltres\n|-boost|p2a: Moltres|spa|2\n|move|p1b: Iron Hands|Ice Punch|p2a: Moltres\n|-supereffective|p2a: Moltres\n|-damage|p2a: Moltres|67\/100\n|move|p1a: Flutter Mane|Trick Room|p1a: Flutter Mane\n|-fieldstart|move: Trick Room|[of] p1a: Flutter Mane\n|\n|-weather|Snow|[upkeep]\n|upkeep\n|turn|3\n|\n|t:|1700811093\n|move|p1b: Iron Hands|Wild Charge|p2a: Moltres\n|-supereffective|p2a: Moltres\n|-damage|p2a: Moltres|6\/100\n|-damage|p1b: Iron Hands|88\/100|[from] Recoil\n|-ability|p2a: Moltres|Berserk|boost\n|-boost|p2a: Moltres|spa|1\n|-enditem|p2a: Moltres|Sitrus Berry|[eat]\n|-heal|p2a: Moltres|31\/100|[from] item: Sitrus Berry\n|move|p2a: Moltres|Fiery Wrath|p1b: Iron Hands|[spread] p1a,p1b\n|-resisted|p1b: Iron Hands\n|-damage|p1a: Flutter Mane|35\/100\n|-damage|p1b: Iron Hands|71\/100\n|move|p2b: Ninetales|Blizzard|p1b: Iron Hands|[spread] p1a,p1b\n|-crit|p1a: Flutter Mane\n|-damage|p1a: Flutter Mane|0 fnt\n|-damage|p1b: Iron Hands|55\/100\n|faint|p1a: Flutter Mane\n|-end|p1a: Flutter Mane|Protosynthesis|[silent]\n|\n|-weather|Snow|[upkeep]\n|upkeep\n|\n|t:|1700811111\n|switch|p1a: Empoleon|Empoleon, L50, M|100\/100\n|turn|4\n|\n|t:|1700811122\n|switch|p2b: Sinistcha|Sinistcha, L50, shiny|100\/100\n|-heal|p2a: Moltres|56\/100|[from] ability: Hospitality|[of] p2b: Sinistcha\n|move|p2a: Moltres|Protect|p2a: Moltres\n|-singleturn|p2a: Moltres|Protect\n|move|p1a: Empoleon|Flash Cannon|p2b: Sinistcha\n|-damage|p2b: Sinistcha|73\/100\n|move|p1b: Iron Hands|Wild Charge|p2a: Moltres\n|-activate|p2a: Moltres|move: Protect\n|\n|-weather|Snow|[upkeep]\n|upkeep\n|turn|5\n|\n|t:|1700811140\n|move|p2b: Sinistcha|Rage Powder|p2b: Sinistcha\n|-singleturn|p2b: Sinistcha|move: Rage Powder\n|move|p1a: Empoleon|Ice Beam|p2b: Sinistcha\n|-supereffective|p2b: Sinistcha\n|-damage|p2b: Sinistcha|30\/100\n|move|p1b: Iron Hands|Wild Charge|p2b: Sinistcha\n|-resisted|p2b: Sinistcha\n|-damage|p2b: Sinistcha|15\/100\n|-damage|p1b: Iron Hands|39\/100|[from] item: Rocky Helmet|[of] p2b: Sinistcha\n|-damage|p1b: Iron Hands|36\/100|[from] Recoil\n|move|p2a: Moltres|Fiery Wrath|p1b: Iron Hands|[spread] p1a,p1b\n|-resisted|p1b: Iron Hands\n|-damage|p1a: Empoleon|42\/100\n|-damage|p1b: Iron Hands|18\/100\n|-enditem|p1a: Empoleon|Sitrus Berry|[eat]\n|-heal|p1a: Empoleon|67\/100|[from] item: Sitrus Berry\n|\n|-weather|none\n|upkeep\n|turn|6\n|inactive|haamgamer07 has 30 seconds left.\n|\n|t:|1700811169\n|-end|p1b: Iron Hands|Quark Drive|[silent]\n|switch|p1b: Cresselia|Cresselia, L50, F|100\/100\n|switch|p2b: Ninetales|Ninetales-Alola, L50, F|100\/100\n|-weather|Snow|[from] ability: Snow Warning|[of] p2b: Ninetales\n|move|p2a: Moltres|Protect|p2a: Moltres\n|-singleturn|p2a: Moltres|Protect\n|move|p1a: Empoleon|Ice Beam|p2a: Moltres\n|-activate|p2a: Moltres|move: Protect\n|\n|-weather|Snow|[upkeep]\n|-sideend|p2: solarized|move: Aurora Veil\n|-fieldend|move: Trick Room\n|upkeep\n|turn|7\n|inactive|haamgamer07 has 30 seconds left.\n|\n|t:|1700811196\n|-terastallize|p1b: Cresselia|Fairy\n|move|p2b: Ninetales|Aurora Veil|p2b: Ninetales\n|-sidestart|p2: solarized|move: Aurora Veil\n|move|p2a: Moltres|Fiery Wrath|p1a: Empoleon|[spread] p1a,p1b\n|-resisted|p1b: Cresselia\n|-damage|p1a: Empoleon|2\/100\n|-damage|p1b: Cresselia|80\/100\n|move|p1b: Cresselia|Moonblast|p2a: Moltres\n|-supereffective|p2a: Moltres\n|-crit|p2a: Moltres\n|-damage|p2a: Moltres|0 fnt\n|faint|p2a: Moltres\n|move|p1a: Empoleon|Ice Beam|p2b: Ninetales\n|-resisted|p2b: Ninetales\n|-damage|p2b: Ninetales|88\/100\n|\n|-weather|Snow|[upkeep]\n|upkeep\n|\n|t:|1700811212\n|switch|p2a: Sinistcha|Sinistcha, L50, shiny|15\/100\n|-heal|p2b: Ninetales|100\/100|[from] ability: Hospitality|[of] p2a: Sinistcha\n|turn|8\n|inactive|haamgamer07 has 30 seconds left.\n|\n|t:|1700811242\n|switch|p1a: Iron Hands|Iron Hands, L50|18\/100\n|move|p2b: Ninetales|Blizzard|p1a: Iron Hands|[spread] p1a,p1b\n|-damage|p1a: Iron Hands|0 fnt\n|-damage|p1b: Cresselia|59\/100\n|faint|p1a: Iron Hands\n|-end|p1a: Iron Hands|Quark Drive|[silent]\n|move|p1b: Cresselia|Moonblast|p2a: Sinistcha\n|-damage|p2a: Sinistcha|0 fnt\n|faint|p2a: Sinistcha\n|\n|-weather|Snow|[upkeep]\n|upkeep\n|\n|t:|1700811256\n|switch|p2a: Iron Hands|Iron Hands, L50|100\/100\n|switch|p1a: Empoleon|Empoleon, L50, M|2\/100\n|turn|9\n|\n|t:|1700811274\n|-terastallize|p2a: Iron Hands|Fire\n|move|p2b: Ninetales|Blizzard|p1a: Empoleon|[spread] p1a,p1b\n|-resisted|p1a: Empoleon\n|-damage|p1a: Empoleon|0 fnt\n|-damage|p1b: Cresselia|38\/100\n|faint|p1a: Empoleon\n|move|p1b: Cresselia|Lunar Blessing|p1b: Cresselia\n|-heal|p1b: Cresselia|63\/100\n|move|p2a: Iron Hands|Swords Dance|p2a: Iron Hands\n|-boost|p2a: Iron Hands|atk|2\n|\n|-weather|Snow|[upkeep]\n|upkeep\n|turn|10\n|\n|t:|1700811290\n|move|p2b: Ninetales|Blizzard|p1b: Cresselia\n|-damage|p1b: Cresselia|36\/100\n|move|p1b: Cresselia|Psychic|p2a: Iron Hands\n|-damage|p2a: Iron Hands|85\/100\n|move|p2a: Iron Hands|Heavy Slam|p1b: Cresselia\n|-supereffective|p1b: Cresselia\n|-damage|p1b: Cresselia|0 fnt\n|faint|p1b: Cresselia\n|\n|win|solarized\n|raw|haamgamer07's rating: 1370 &rarr; <strong>1345<\/strong><br \/>(-25 for losing)\n|raw|solarized's rating: 1275 &rarr; <strong>1307<\/strong><br \/>(+32 for winning)\n|l|\u2606solarized\n","uploadtime":1700811303,"views":13,"p1id":"haamgamer07","p2id":"solarized","formatid":"gen9vgc2023regulatione","rating":1307,"private":0,"password":""}