{"id":"gen9vgc2023regulatione-1988746614","p1":"AceTrainerNinja","p2":"JL_GAMER7","format":"[Gen 9] VGC 2023 Regulation E","log":"|j|\u2606AceTrainerNinja\n|j|\u2606JL_GAMER7\n|t:|1699757886\n|gametype|doubles\n|player|p1|AceTrainerNinja|265|1193\n|player|p2|JL_GAMER7|hilbert|1207\n|teamsize|p1|6\n|teamsize|p2|6\n|gen|9\n|tier|[Gen 9] VGC 2023 Regulation E\n|rated|\n|rule|Species Clause: Limit one of each Pok\u00e9mon\n|rule|Item Clause: Limit one of each item\n|clearpoke\n|poke|p1|Rillaboom, L50, F|\n|poke|p1|Urshifu-*, L50, M|\n|poke|p1|Typhlosion-Hisui, L50, M|\n|poke|p1|Tornadus, L50, M|\n|poke|p1|Gyarados, L50, F|\n|poke|p1|Chien-Pao, L50|\n|poke|p2|Armarouge, L50, F|\n|poke|p2|Indeedee-F, L50, F|\n|poke|p2|Torkoal, L50, M|\n|poke|p2|Kingambit, L50, F|\n|poke|p2|Lilligant, L50, F|\n|poke|p2|Iron Hands, L50|\n|teampreview|4\n|inactive|Battle timer is ON: inactive players will automatically lose when time's up. (requested by JL_GAMER7)\n|\n|t:|1699757938\n|start\n|switch|p1a: Tornadus|Tornadus, L50, M|100\/100\n|switch|p1b: Typhlosion|Typhlosion-Hisui, L50, M|100\/100\n|switch|p2a: El fuegitos|Armarouge, L50, F|100\/100\n|switch|p2b: zi|Indeedee-F, L50, F|100\/100\n|-item|p2a: El fuegitos|Life Orb|[from] ability: Frisk|[of] p1b: Typhlosion|[identify]\n|-item|p2b: zi|Psychic Seed|[from] ability: Frisk|[of] p1b: Typhlosion|[identify]\n|-fieldstart|move: Psychic Terrain|[from] ability: Psychic Surge|[of] p2b: zi\n|-enditem|p2b: zi|Psychic Seed\n|-boost|p2b: zi|spd|1|[from] item: Psychic Seed\n|turn|1\n|inactive|AceTrainerNinja has 30 seconds left.\n|inactive|AceTrainerNinja has 20 seconds left.\n|inactive|AceTrainerNinja has 15 seconds left.\n|\n|t:|1699757979\n|move|p2b: zi|Follow Me|p2b: zi\n|-singleturn|p2b: zi|move: Follow Me\n|move|p1a: Tornadus|Bleakwind Storm|p2b: zi|[spread] p2a,p2b\n|-damage|p2a: El fuegitos|55\/100\n|-damage|p2b: zi|80\/100\n|-unboost|p2a: El fuegitos|spe|1\n|move|p1b: Typhlosion|Eruption|p2b: zi|[spread] p2b\n|-start|p2a: El fuegitos|ability: Flash Fire\n|-damage|p2b: zi|37\/100\n|move|p2a: El fuegitos|Trick Room|p2a: El fuegitos\n|-fieldstart|move: Trick Room|[of] p2a: El fuegitos\n|\n|upkeep\n|turn|2\n|\n|t:|1699758001\n|move|p2b: zi|Helping Hand|p2a: El fuegitos\n|-singleturn|p2a: El fuegitos|Helping Hand|[of] p2b: zi\n|move|p1b: Typhlosion|Protect|p1b: Typhlosion\n|-singleturn|p1b: Typhlosion|Protect\n|move|p1a: Tornadus|Taunt|p2a: El fuegitos\n|-activate|p2a: El fuegitos|move: Psychic Terrain\n|move|p2a: El fuegitos|Expanding Force|p1a: Tornadus|[spread] p1a\n|-activate|p1b: Typhlosion|move: Protect\n|-damage|p1a: Tornadus|0 fnt\n|faint|p1a: Tornadus\n|-damage|p2a: El fuegitos|45\/100|[from] item: Life Orb\n|\n|upkeep\n|\n|t:|1699758026\n|switch|p1a: Rillaboom|Rillaboom, L50, F|100\/100\n|-fieldstart|move: Grassy Terrain|[from] ability: Grassy Surge|[of] p1a: Rillaboom\n|turn|3\n|\n|t:|1699758049\n|move|p2b: zi|Follow Me|p2b: zi\n|-singleturn|p2b: zi|move: Follow Me\n|move|p2a: El fuegitos|Armor Cannon|p1a: Rillaboom\n|-supereffective|p1a: Rillaboom\n|-damage|p1a: Rillaboom|0 fnt\n|-unboost|p2a: El fuegitos|def|1\n|-unboost|p2a: El fuegitos|spd|1\n|faint|p1a: Rillaboom\n|-damage|p2a: El fuegitos|35\/100|[from] item: Life Orb\n|move|p1b: Typhlosion|Eruption|p2a: El fuegitos|[spread] p2b\n|-immune|p2a: El fuegitos|[from] ability: Flash Fire\n|-damage|p2b: zi|0 fnt\n|faint|p2b: zi\n|\n|-heal|p2a: El fuegitos|41\/100|[from] Grassy Terrain\n|upkeep\n|\n|t:|1699758064\n|switch|p1a: Urshifu|Urshifu, L50, M|100\/100\n|switch|p2b: Est\u00e1 que arde|Torkoal, L50, M|100\/100\n|-weather|SunnyDay|[from] ability: Drought|[of] p2b: Est\u00e1 que arde\n|turn|4\n|\n|t:|1699758081\n|move|p1b: Typhlosion|Protect|p1b: Typhlosion\n|-singleturn|p1b: Typhlosion|Protect\n|move|p1a: Urshifu|Detect|p1a: Urshifu\n|-singleturn|p1a: Urshifu|Protect\n|move|p2b: Est\u00e1 que arde|Eruption|p1b: Typhlosion|[spread] \n|-activate|p1a: Urshifu|move: Protect\n|-activate|p1b: Typhlosion|move: Protect\n|move|p2a: El fuegitos|Armor Cannon|p1a: Urshifu\n|-activate|p1a: Urshifu|move: Protect\n|\n|-weather|SunnyDay|[upkeep]\n|-heal|p2a: El fuegitos|47\/100|[from] Grassy Terrain\n|upkeep\n|turn|5\n|inactive|AceTrainerNinja has 30 seconds left.\n|\n|t:|1699758113\n|move|p1b: Typhlosion|Protect||[still]\n|-fail|p1b: Typhlosion\n|move|p1a: Urshifu|Sucker Punch|p2a: El fuegitos\n|-supereffective|p2a: El fuegitos\n|-damage|p2a: El fuegitos|0 fnt\n|faint|p2a: El fuegitos\n|move|p2b: Est\u00e1 que arde|Eruption|p1a: Urshifu|[spread] p1a,p1b\n|-resisted|p1b: Typhlosion\n|-damage|p1a: Urshifu|0 fnt\n|-damage|p1b: Typhlosion|52\/100\n|faint|p1a: Urshifu\n|\n|-weather|SunnyDay|[upkeep]\n|-heal|p1b: Typhlosion|58\/100|[from] Grassy Terrain\n|-fieldend|move: Trick Room\n|upkeep\n|\n|t:|1699758124\n|switch|p2a: La plantica|Lilligant, L50, F|100\/100\n|turn|6\n|\n|t:|1699758148\n|-terastallize|p1b: Typhlosion|Fire\n|move|p2a: La plantica|After You|p2b: Est\u00e1 que arde\n|-activate|p2b: Est\u00e1 que arde|move: After You\n|move|p2b: Est\u00e1 que arde|Eruption|p1b: Typhlosion\n|-resisted|p1b: Typhlosion\n|-damage|p1b: Typhlosion|0 fnt\n|faint|p1b: Typhlosion\n|\n|win|JL_GAMER7\n|raw|AceTrainerNinja's rating: 1193 &rarr; <strong>1169<\/strong><br \/>(-24 for losing)\n|raw|JL_GAMER7's rating: 1207 &rarr; <strong>1231<\/strong><br \/>(+24 for winning)\n|l|\u2606AceTrainerNinja\n","uploadtime":1699758157,"views":13,"p1id":"acetrainerninja","p2id":"jlgamer7","formatid":"gen9vgc2023regulatione","rating":1169,"private":0,"password":""}