{"id":"gen9vgc2023regulatione-1992594459","p1":"arcane river","p2":"zeimei","format":"[Gen 9] VGC 2023 Regulation E","log":"|j|\u2606arcane river\n|j|\u203dzeimei\n|t:|1700211722\n|gametype|doubles\n|player|p1|arcane river|102|1447\n|player|p2|zeimei|169|1383\n|teamsize|p1|6\n|teamsize|p2|6\n|gen|9\n|tier|[Gen 9] VGC 2023 Regulation E\n|rated|\n|rule|Species Clause: Limit one of each Pok\u00e9mon\n|rule|Item Clause: Limit one of each item\n|clearpoke\n|poke|p1|Sinistcha, L50|\n|poke|p1|Moltres-Galar, L50|\n|poke|p1|Grimmsnarl, L50, M|\n|poke|p1|Arcanine-Hisui, L50, F|\n|poke|p1|Milotic, L50, M|\n|poke|p1|Munkidori, L50, M|\n|poke|p2|Dondozo, L50, F|\n|poke|p2|Chi-Yu, L50|\n|poke|p2|Flutter Mane, L50|\n|poke|p2|Tatsugiri, L50, F|\n|poke|p2|Dragonite, L50, F|\n|poke|p2|Chien-Pao, L50|\n|teampreview|4\n|inactive|Battle timer is ON: inactive players will automatically lose when time's up. (requested by zeimei)\n|inactive|arcane river has 60 seconds left.\n|\n|t:|1700211775\n|start\n|switch|p1a: Arcanine|Arcanine-Hisui, L50, F|100\/100\n|switch|p1b: Grimmsnarl|Grimmsnarl, L50, M|100\/100\n|switch|p2a: Chi-Yu|Chi-Yu, L50|100\/100\n|switch|p2b: Flutter Mane|Flutter Mane, L50|100\/100\n|-ability|p2a: Chi-Yu|Beads of Ruin\n|-ability|p1a: Arcanine|Intimidate|boost\n|-unboost|p2a: Chi-Yu|atk|1\n|-unboost|p2b: Flutter Mane|atk|1\n|-enditem|p2b: Flutter Mane|Booster Energy\n|-activate|p2b: Flutter Mane|ability: Protosynthesis|[fromitem]\n|-start|p2b: Flutter Mane|protosynthesisspe\n|turn|1\n|inactive|zeimei has 30 seconds left.\n|\n|t:|1700211808\n|move|p1b: Grimmsnarl|Light Screen|p1b: Grimmsnarl\n|-sidestart|p1: arcane river|move: Light Screen\n|move|p2b: Flutter Mane|Shadow Ball|p1a: Arcanine\n|-crit|p1a: Arcanine\n|-damage|p1a: Arcanine|46\/100\n|move|p2a: Chi-Yu|Heat Wave|p1b: Grimmsnarl|[spread] p1a,p1b\n|-resisted|p1a: Arcanine\n|-damage|p1a: Arcanine|38\/100\n|-damage|p1b: Grimmsnarl|58\/100\n|move|p1a: Arcanine|Rock Slide|p2b: Flutter Mane|[spread] p2a,p2b\n|-supereffective|p2a: Chi-Yu\n|-damage|p2a: Chi-Yu|28\/100\n|-damage|p2b: Flutter Mane|54\/100\n|\n|upkeep\n|turn|2\n|\n|t:|1700211821\n|move|p1b: Grimmsnarl|Reflect|p1b: Grimmsnarl\n|-sidestart|p1: arcane river|Reflect\n|move|p2b: Flutter Mane|Shadow Ball|p1a: Arcanine\n|-damage|p1a: Arcanine|12\/100\n|move|p2a: Chi-Yu|Heat Wave|p1a: Arcanine|[spread] p1a,p1b\n|-resisted|p1a: Arcanine\n|-damage|p1a: Arcanine|4\/100\n|-damage|p1b: Grimmsnarl|17\/100\n|move|p1a: Arcanine|Rock Slide|p2a: Chi-Yu|[spread] p2a\n|-miss|p1a: Arcanine|p2b: Flutter Mane\n|-supereffective|p2a: Chi-Yu\n|-damage|p2a: Chi-Yu|0 fnt\n|faint|p2a: Chi-Yu\n|\n|upkeep\n|\n|t:|1700211830\n|switch|p2a: Dondozo|Dondozo, L50, F|100\/100\n|turn|3\n|\n|t:|1700211845\n|-end|p2b: Flutter Mane|Protosynthesis|[silent]\n|switch|p2b: Tatsugiri|Tatsugiri, L50, F|100\/100\n|-activate|p2b: Tatsugiri|ability: Commander|[of] p2a: Dondozo\n|-boost|p2a: Dondozo|atk|2\n|-boost|p2a: Dondozo|spa|2\n|-boost|p2a: Dondozo|spe|2\n|-boost|p2a: Dondozo|def|2\n|-boost|p2a: Dondozo|spd|2\n|switch|p1a: Sinistcha|Sinistcha, L50|100\/100\n|-heal|p1b: Grimmsnarl|42\/100|[from] ability: Hospitality|[of] p1a: Sinistcha\n|move|p1b: Grimmsnarl|Parting Shot|p2a: Dondozo\n|-unboost|p2a: Dondozo|atk|1\n|-unboost|p2a: Dondozo|spa|1\n|\n|t:|1700211859\n|switch|p1b: Arcanine|Arcanine-Hisui, L50, F|4\/100|[from] Parting Shot\n|-ability|p1b: Arcanine|Intimidate|boost\n|-unboost|p2a: Dondozo|atk|1\n|-unboost|p2b: Tatsugiri|atk|1\n|move|p2a: Dondozo|Earthquake|p1b: Arcanine|[spread] p1a,p1b\n|-miss|p2a: Dondozo|p2b: Tatsugiri\n|-resisted|p1a: Sinistcha\n|-supereffective|p1b: Arcanine\n|-damage|p1a: Sinistcha|94\/100\n|-damage|p1b: Arcanine|0 fnt\n|faint|p1b: Arcanine\n|\n|upkeep\n|\n|t:|1700211868\n|switch|p1b: Grimmsnarl|Grimmsnarl, L50, M|42\/100\n|turn|4\n|\n|t:|1700211886\n|-terastallize|p2a: Dondozo|Fairy\n|move|p1b: Grimmsnarl|Parting Shot|p2a: Dondozo\n|-unboost|p2a: Dondozo|atk|1\n|-unboost|p2a: Dondozo|spa|1\n|\n|t:|1700211891\n|switch|p1b: Moltres|Moltres-Galar, L50|100\/100|[from] Parting Shot\n|move|p2a: Dondozo|Order Up|p1a: Sinistcha\n|-damage|p1a: Sinistcha|84\/100\n|-boost|p2a: Dondozo|atk|1\n|move|p1a: Sinistcha|Matcha Gotcha|p2b: Tatsugiri|[spread] p2a\n|-miss|p1a: Sinistcha|p2b: Tatsugiri\n|-damage|p2a: Dondozo|89\/100\n|-heal|p1a: Sinistcha|92\/100|[from] drain|[of] p2a: Dondozo\n|\n|-heal|p2a: Dondozo|95\/100|[from] item: Leftovers\n|upkeep\n|turn|5\n|inactive|arcane river has 30 seconds left.\n|\n|t:|1700211917\n|move|p2a: Dondozo|Order Up|p1a: Sinistcha\n|-damage|p1a: Sinistcha|79\/100\n|-boost|p2a: Dondozo|atk|1\n|move|p1b: Moltres|Nasty Plot|p1b: Moltres\n|-boost|p1b: Moltres|spa|2\n|move|p1a: Sinistcha|Trick Room|p1a: Sinistcha\n|-fieldstart|move: Trick Room|[of] p1a: Sinistcha\n|\n|-heal|p2a: Dondozo|100\/100|[from] item: Leftovers\n|upkeep\n|turn|6\n|\n|t:|1700211932\n|move|p2a: Dondozo|Protect|p2a: Dondozo\n|-singleturn|p2a: Dondozo|Protect\n|move|p1a: Sinistcha|Matcha Gotcha|p2b: Tatsugiri|[spread] \n|-miss|p1a: Sinistcha|p2b: Tatsugiri\n|-activate|p2a: Dondozo|move: Protect\n|move|p1b: Moltres|Fiery Wrath|p2a: Dondozo|[spread] \n|-miss|p1b: Moltres|p2b: Tatsugiri\n|-activate|p2a: Dondozo|move: Protect\n|\n|upkeep\n|turn|7\n|\n|t:|1700211948\n|move|p1a: Sinistcha|Matcha Gotcha|p2a: Dondozo|[spread] p2a\n|-miss|p1a: Sinistcha|p2b: Tatsugiri\n|-damage|p2a: Dondozo|87\/100\n|-heal|p1a: Sinistcha|88\/100|[from] drain|[of] p2a: Dondozo\n|-status|p2a: Dondozo|brn\n|move|p1b: Moltres|Fiery Wrath|p2b: Tatsugiri|[spread] p2a\n|-miss|p1b: Moltres|p2b: Tatsugiri\n|-resisted|p2a: Dondozo\n|-damage|p2a: Dondozo|78\/100 brn\n|move|p2a: Dondozo|Order Up|p1a: Sinistcha\n|-damage|p1a: Sinistcha|76\/100\n|-boost|p2a: Dondozo|atk|1\n|\n|-heal|p2a: Dondozo|85\/100 brn|[from] item: Leftovers\n|-damage|p2a: Dondozo|78\/100 brn|[from] brn\n|upkeep\n|turn|8\n|inactive|arcane river has 30 seconds left.\n|inactive|zeimei has 30 seconds left.\n|\n|t:|1700211976\n|move|p1a: Sinistcha|Life Dew||[still]|[spread] p1a,p1b\n|-heal|p1a: Sinistcha|100\/100\n|-fail|p1b: Moltres|heal\n|move|p1b: Moltres|Air Slash|p2a: Dondozo\n|-crit|p2a: Dondozo\n|-damage|p2a: Dondozo|26\/100 brn\n|cant|p2a: Dondozo|flinch\n|\n|-heal|p2a: Dondozo|32\/100 brn|[from] item: Leftovers\n|-damage|p2a: Dondozo|26\/100 brn|[from] brn\n|-sideend|p1: arcane river|move: Light Screen\n|upkeep\n|turn|9\n|inactive|zeimei has 30 seconds left.\n|inactive|zeimei has 20 seconds left.\n|inactive|zeimei has 15 seconds left.\n|inactive|zeimei has 10 seconds left.\n|inactive|zeimei has 5 seconds left.\n|\n|t:|1700212031\n|switch|p1a: Grimmsnarl|Grimmsnarl, L50, M|42\/100\n|move|p2a: Dondozo|Protect|p2a: Dondozo\n|-singleturn|p2a: Dondozo|Protect\n|move|p1b: Moltres|Air Slash|p2a: Dondozo\n|-activate|p2a: Dondozo|move: Protect\n|\n|-heal|p2a: Dondozo|32\/100 brn|[from] item: Leftovers\n|-damage|p2a: Dondozo|26\/100 brn|[from] brn\n|-sideend|p1: arcane river|Reflect\n|-fieldend|move: Trick Room\n|upkeep\n|turn|10\n|-message|zeimei forfeited.\n|\n|win|arcane river\n|raw|arcane river's rating: 1447 &rarr; <strong>1463<\/strong><br \/>(+16 for winning)\n|raw|zeimei's rating: 1383 &rarr; <strong>1367<\/strong><br \/>(-16 for losing)\n|l|\u203dzeimei\n","uploadtime":1700212188,"views":9,"p1id":"arcaneriver","p2id":"zeimei","formatid":"gen9vgc2023regulatione","rating":1367,"private":0,"password":""}