{"id":"gen9vgc2023regulatione-1994577763","p1":"LiluziHit","p2":"Stryke Out","format":"[Gen 9] VGC 2023 Regulation E","log":"|j|\u2606LiluziHit\n|j|\u2606Stryke Out\n|n|\u2606LiluziHit|liluzihit\n|n|\u2606Stryke Out|strykeout\n|html|View the match progress at <a href=\"\/game-bestof3-gen9vgc2023regulatione-1994577762\">game-bestof3-gen9vgc2023regulatione-1994577762<\/a>\n|t:|1700463076\n|gametype|doubles\n|player|p1|LiluziHit|blue|\n|player|p2|Stryke Out|cynthia-gen4|\n|teamsize|p1|6\n|teamsize|p2|6\n|gen|9\n|tier|[Gen 9] VGC 2023 Regulation E\n|rule|Species Clause: Limit one of each Pok\u00e9mon\n|rule|Item Clause: Limit one of each item\n|clearpoke\n|poke|p1|Kingambit, L50, M|\n|poke|p1|Landorus-Therian, L50, M|\n|poke|p1|Ursaluna-Bloodmoon, L50, M|\n|poke|p1|Dusknoir, L50, M|\n|poke|p1|Munkidori, L50, M|\n|poke|p1|Furret, L50, M|\n|poke|p2|Ting-Lu, L50|\n|poke|p2|Bisharp, L50, F|\n|poke|p2|Moltres, L50|\n|poke|p2|Stantler, L50, M|\n|poke|p2|Basculegion-F, L50, F|\n|poke|p2|Tauros-Paldea-Combat, L50, M|\n|teampreview|4\n|\n|t:|1700463123\n|start\n|switch|p1a: Dusknoir|Dusknoir, L50, M|100\/100\n|switch|p1b: Ursaluna|Ursaluna-Bloodmoon, L50, M|100\/100\n|switch|p2a: Tauros|Tauros-Paldea-Combat, L50, M|100\/100\n|switch|p2b: Ting-Lu|Ting-Lu, L50|100\/100\n|-ability|p2a: Tauros|Intimidate|boost\n|-unboost|p1a: Dusknoir|atk|1\n|-unboost|p1b: Ursaluna|atk|1\n|-ability|p2b: Ting-Lu|Vessel of Ruin\n|-item|p2a: Tauros|Rocky Helmet|[from] ability: Frisk|[of] p1a: Dusknoir|[identify]\n|-item|p2b: Ting-Lu|Assault Vest|[from] ability: Frisk|[of] p1a: Dusknoir|[identify]\n|turn|1\n|\n|t:|1700463144\n|-terastallize|p2b: Ting-Lu|Fire\n|move|p1b: Ursaluna|Protect|p1b: Ursaluna\n|-singleturn|p1b: Ursaluna|Protect\n|move|p2a: Tauros|Rain Dance|p2a: Tauros\n|-weather|RainDance\n|move|p2b: Ting-Lu|Fissure|p1b: Ursaluna\n|-activate|p1b: Ursaluna|move: Protect\n|move|p1a: Dusknoir|Will-O-Wisp|p2a: Tauros\n|-status|p2a: Tauros|brn\n|\n|-weather|RainDance|[upkeep]\n|-damage|p2a: Tauros|94\/100 brn|[from] brn\n|upkeep\n|turn|2\n|\n|t:|1700463167\n|switch|p2a: Stantler|Stantler, L50, M|100\/100\n|-item|p1a: Dusknoir|Mental Herb|[from] ability: Frisk|[of] p2a: Stantler|[identify]\n|-item|p1b: Ursaluna|Throat Spray|[from] ability: Frisk|[of] p2a: Stantler|[identify]\n|move|p1a: Dusknoir|Helping Hand|p1b: Ursaluna\n|-singleturn|p1b: Ursaluna|Helping Hand|[of] p1a: Dusknoir\n|move|p1b: Ursaluna|Earth Power|p2b: Ting-Lu\n|-supereffective|p2b: Ting-Lu\n|-damage|p2b: Ting-Lu|57\/100\n|move|p2b: Ting-Lu|Throat Chop|p1b: Ursaluna\n|-damage|p1b: Ursaluna|79\/100\n|-start|p1b: Ursaluna|Throat Chop|[silent]\n|\n|-weather|RainDance|[upkeep]\n|upkeep\n|turn|3\n|\n|t:|1700463195\n|-terastallize|p1b: Ursaluna|Normal\n|move|p1a: Dusknoir|Helping Hand|p1b: Ursaluna\n|-singleturn|p1b: Ursaluna|Helping Hand|[of] p1a: Dusknoir\n|move|p2a: Stantler|Hypnosis|p1a: Dusknoir\n|-status|p1a: Dusknoir|slp|[from] move: Hypnosis\n|move|p1b: Ursaluna|Blood Moon|p2a: Stantler\n|-damage|p2a: Stantler|0 fnt\n|faint|p2a: Stantler\n|move|p2b: Ting-Lu|Fissure|p1b: Ursaluna\n|-damage|p1b: Ursaluna|0 fnt\n|faint|p1b: Ursaluna\n|-ohko\n|\n|-weather|RainDance|[upkeep]\n|upkeep\n|\n|t:|1700463208\n|switch|p2a: Basculegion|Basculegion-F, L50, F, shiny|100\/100\n|switch|p1b: Kingambit|Kingambit, L50, M|100\/100\n|turn|4\n|\n|t:|1700463231\n|switch|p1a: Furret|Furret, L50, M|100\/100\n|-item|p2a: Basculegion|Life Orb|[from] ability: Frisk|[of] p1a: Furret|[identify]\n|-item|p2b: Ting-Lu|Assault Vest|[from] ability: Frisk|[of] p1a: Furret|[identify]\n|move|p2a: Basculegion|Aqua Jet|p1b: Kingambit\n|-damage|p1b: Kingambit|66\/100\n|-damage|p2a: Basculegion|91\/100|[from] item: Life Orb\n|move|p1b: Kingambit|Sucker Punch||[still]\n|-fail|p1b: Kingambit\n|move|p2b: Ting-Lu|Body Press|p1b: Kingambit\n|-supereffective|p1b: Kingambit\n|-damage|p1b: Kingambit|0 fnt\n|faint|p1b: Kingambit\n|\n|-weather|RainDance|[upkeep]\n|upkeep\n|\n|t:|1700463241\n|switch|p1b: Dusknoir|Dusknoir, L50, M|100\/100 slp\n|-item|p2a: Basculegion|Life Orb|[from] ability: Frisk|[of] p1b: Dusknoir|[identify]\n|-item|p2b: Ting-Lu|Assault Vest|[from] ability: Frisk|[of] p1b: Dusknoir|[identify]\n|turn|5\n|\n|t:|1700463259\n|move|p1a: Furret|Protect|p1a: Furret\n|-singleturn|p1a: Furret|Protect\n|move|p2a: Basculegion|Wave Crash|p1a: Furret\n|-activate|p1a: Furret|move: Protect\n|cant|p1b: Dusknoir|slp\n|move|p2b: Ting-Lu|Throat Chop|p1b: Dusknoir\n|-supereffective|p1b: Dusknoir\n|-damage|p1b: Dusknoir|52\/100 slp\n|-start|p1b: Dusknoir|Throat Chop|[silent]\n|\n|-weather|none\n|upkeep\n|turn|6\n|\n|t:|1700463278\n|-curestatus|p1b: Dusknoir|slp|[msg]\n|move|p1b: Dusknoir|Helping Hand|p1a: Furret\n|-singleturn|p1a: Furret|Helping Hand|[of] p1b: Dusknoir\n|move|p1a: Furret|Knock Off|p2a: Basculegion\n|-supereffective|p2a: Basculegion\n|-damage|p2a: Basculegion|28\/100\n|-enditem|p2a: Basculegion|Life Orb|[from] move: Knock Off|[of] p1a: Furret\n|move|p2a: Basculegion|Wave Crash|p1a: Furret\n|-damage|p1a: Furret|9\/100\n|-damage|p2a: Basculegion|3\/100|[from] Recoil\n|move|p2b: Ting-Lu|Throat Chop|p1b: Dusknoir\n|-supereffective|p1b: Dusknoir\n|-damage|p1b: Dusknoir|0 fnt\n|faint|p1b: Dusknoir\n|\n|upkeep\n|turn|7\n|\n|t:|1700463295\n|move|p1a: Furret|Protect|p1a: Furret\n|-singleturn|p1a: Furret|Protect\n|move|p2a: Basculegion|Aqua Jet|p1a: Furret\n|-activate|p1a: Furret|move: Protect\n|move|p2b: Ting-Lu|Fissure|p1a: Furret\n|-activate|p1a: Furret|move: Protect\n|\n|upkeep\n|turn|8\n|\n|t:|1700463301\n|move|p2a: Basculegion|Aqua Jet|p1a: Furret\n|-damage|p1a: Furret|0 fnt\n|faint|p1a: Furret\n|\n|win|Stryke Out\n|c|&|\/uhtml prompt-strykeout,Stryke Out is ready for game 2!\n|c|&|\/uhtml prompt-liluzihit,LiluziHit is ready for game 2!\nBoth players are ready! Starting next match!\n|l|\u2606LiluziHit\n|j|\u2606LiluziHit\n|player|p1|LiluziHit|blue\n","uploadtime":1700464158,"views":9,"p1id":"liluzihit","p2id":"strykeout","formatid":"gen9vgc2023regulatione","rating":0,"private":0,"password":""}