{"id":"gen9vgc2023regulatione-1996045497","p1":"haamgamer07","p2":"Oscarini","format":"[Gen 9] VGC 2023 Regulation E","log":"|j|\u2606haamgamer07\n|j|\u2606Oscarini\n|t:|1700634686\n|gametype|doubles\n|player|p1|haamgamer07|102|1224\n|player|p2|Oscarini|benga|1299\n|teamsize|p1|6\n|teamsize|p2|6\n|gen|9\n|tier|[Gen 9] VGC 2023 Regulation E\n|rated|\n|rule|Species Clause: Limit one of each Pok\u00e9mon\n|rule|Item Clause: Limit one of each item\n|clearpoke\n|poke|p1|Flutter Mane, L50|\n|poke|p1|Iron Hands, L50|\n|poke|p1|Ogerpon-Hearthflame, L50, F|\n|poke|p1|Cresselia, L50, F|\n|poke|p1|Ursaluna, L50, M|\n|poke|p1|Empoleon, L50, M|\n|poke|p2|Heatran, L50, M|\n|poke|p2|Urshifu-*, L50, M|\n|poke|p2|Rillaboom, L50, F|\n|poke|p2|Salamence, L50, F|\n|poke|p2|Dondozo, L50, M|\n|poke|p2|Flutter Mane, L50|\n|teampreview|4\n|inactive|Battle timer is ON: inactive players will automatically lose when time's up. (requested by Oscarini)\nOscarini has agreed to open team sheets.\n|inactive|haamgamer07 has 60 seconds left.\n|\n|t:|1700634722\n|start\n|switch|p1a: Flutter Mane|Flutter Mane, L50|100\/100\n|switch|p1b: Iron Hands|Iron Hands, L50|100\/100\n|switch|p2a: Mariano \ud83d\udd25|Urshifu, L50, M|100\/100\n|switch|p2b: El Boste again??|Heatran, L50, M|100\/100\n|turn|1\n|inactive|haamgamer07 has 30 seconds left.\n|inactive|haamgamer07 has 20 seconds left.\n|inactive|haamgamer07 has 15 seconds left.\n|\n|t:|1700634765\n|switch|p2a: PimpamTucuTrucu|Dondozo, L50, M|100\/100\n|move|p2b: El Boste again??|Protect|p2b: El Boste again??\n|-singleturn|p2b: El Boste again??|Protect\n|move|p1b: Iron Hands|Fake Out|p2b: El Boste again??\n|-activate|p2b: El Boste again??|move: Protect\n|move|p1a: Flutter Mane|Trick Room|p1a: Flutter Mane\n|-fieldstart|move: Trick Room|[of] p1a: Flutter Mane\n|\n|upkeep\n|turn|2\n|inactive|haamgamer07 has 30 seconds left.\n|\n|t:|1700634796\n|-end|p1a: Flutter Mane|Protosynthesis|[silent]\n|switch|p1a: Empoleon|Empoleon, L50, M|100\/100\n|move|p2a: PimpamTucuTrucu|Heavy Slam|p1a: Empoleon\n|-resisted|p1a: Empoleon\n|-damage|p1a: Empoleon|97\/100\n|move|p1b: Iron Hands|Volt Switch|p2a: PimpamTucuTrucu\n|-supereffective|p2a: PimpamTucuTrucu\n|-damage|p2a: PimpamTucuTrucu|75\/100\n|\n|t:|1700634806\n|-end|p1b: Iron Hands|Quark Drive|[silent]\n|switch|p1b: Ursaluna|Ursaluna, L50, M|100\/100|[from] Volt Switch\n|move|p2b: El Boste again??|Magma Storm|p1a: Empoleon|[miss]\n|-miss|p2b: El Boste again??|p1a: Empoleon\n|\n|-heal|p2a: PimpamTucuTrucu|82\/100|[from] item: Leftovers\n|-status|p1b: Ursaluna|brn|[from] item: Flame Orb\n|upkeep\n|turn|3\n|inactive|haamgamer07 has 30 seconds left.\n|inactive|Oscarini has 30 seconds left.\n|\n|t:|1700634832\n|switch|p1a: Iron Hands|Iron Hands, L50|100\/100\n|-terastallize|p2b: El Boste again??|Grass\n|move|p1b: Ursaluna|Facade|p2a: PimpamTucuTrucu\n|-damage|p2a: PimpamTucuTrucu|15\/100\n|move|p2a: PimpamTucuTrucu|Wave Crash|p1b: Ursaluna\n|-supereffective|p1b: Ursaluna\n|-damage|p1b: Ursaluna|31\/100 brn\n|-damage|p2a: PimpamTucuTrucu|0 fnt|[from] Recoil\n|faint|p2a: PimpamTucuTrucu\n|move|p2b: El Boste again??|Magma Storm|p1b: Ursaluna\n|-damage|p1b: Ursaluna|0 fnt\n|faint|p1b: Ursaluna\n|\n|upkeep\n|\n|t:|1700634852\n|switch|p1b: Empoleon|Empoleon, L50, M|97\/100\n|switch|p2a: Sorpresita\ud83d\udc49\ud83d\udc48|Salamence, L50, F|100\/100\n|-ability|p2a: Sorpresita\ud83d\udc49\ud83d\udc48|Intimidate|boost\n|-unboost|p1a: Iron Hands|atk|1\n|-unboost|p1b: Empoleon|atk|1\n|-ability|p1b: Empoleon|Competitive|boost\n|-boost|p1b: Empoleon|spa|2\n|turn|4\n|inactive|haamgamer07 has 30 seconds left.\n|\n|t:|1700634880\n|move|p2b: El Boste again??|Protect|p2b: El Boste again??\n|-singleturn|p2b: El Boste again??|Protect\n|move|p1a: Iron Hands|Fake Out|p2b: El Boste again??\n|-activate|p2b: El Boste again??|move: Protect\n|move|p1b: Empoleon|Ice Beam|p2a: Sorpresita\ud83d\udc49\ud83d\udc48\n|-supereffective|p2a: Sorpresita\ud83d\udc49\ud83d\udc48\n|-damage|p2a: Sorpresita\ud83d\udc49\ud83d\udc48|0 fnt\n|faint|p2a: Sorpresita\ud83d\udc49\ud83d\udc48\n|\n|upkeep\n|\n|t:|1700634888\n|switch|p2a: Mariano \ud83d\udd25|Urshifu, L50, M|100\/100\n|turn|5\n|inactive|haamgamer07 has 30 seconds left.\n|inactive|haamgamer07 has 20 seconds left.\n|inactive|Oscarini has 30 seconds left.\n|inactive|Oscarini has 20 seconds left.\n|\n|t:|1700634934\n|-terastallize|p1b: Empoleon|Flying\n|move|p2a: Mariano \ud83d\udd25|Detect|p2a: Mariano \ud83d\udd25\n|-singleturn|p2a: Mariano \ud83d\udd25|Protect\n|move|p1b: Empoleon|Tera Blast|p2b: El Boste again??|[anim] Tera Blast Flying\n|-supereffective|p2b: El Boste again??\n|-damage|p2b: El Boste again??|0 fnt\n|faint|p2b: El Boste again??\n|move|p1a: Iron Hands|Drain Punch|p2a: Mariano \ud83d\udd25\n|-activate|p2a: Mariano \ud83d\udd25|move: Protect\n|\n|-fieldend|move: Trick Room\n|upkeep\n|turn|6\n|\n|t:|1700634951\n|move|p2a: Mariano \ud83d\udd25|Wicked Blow|p1b: Empoleon\n|-crit|p1b: Empoleon\n|-damage|p1b: Empoleon|31\/100\n|move|p1a: Iron Hands|Drain Punch|p2a: Mariano \ud83d\udd25\n|-supereffective|p2a: Mariano \ud83d\udd25\n|-damage|p2a: Mariano \ud83d\udd25|52\/100\n|move|p1b: Empoleon|Tera Blast|p2a: Mariano \ud83d\udd25|[anim] Tera Blast Flying\n|-supereffective|p2a: Mariano \ud83d\udd25\n|-damage|p2a: Mariano \ud83d\udd25|0 fnt\n|faint|p2a: Mariano \ud83d\udd25\n|\n|win|haamgamer07\n|raw|haamgamer07's rating: 1224 &rarr; <strong>1254<\/strong><br \/>(+30 for winning)\n|raw|Oscarini's rating: 1299 &rarr; <strong>1269<\/strong><br \/>(-30 for losing)\n|l|\u2606Oscarini\n","uploadtime":1700634963,"views":0,"p1id":"haamgamer07","p2id":"oscarini","formatid":"gen9vgc2023regulatione","rating":1254,"private":0,"password":""}