{"id":"gen9vgc2023regulatione-1991343408","p1":"Dumdunsparce","p2":"bobw_1213","format":"[Gen 9] VGC 2023 Regulation E","log":"|j|\u2606Dumdunsparce\n|j|\u2606bobw_1213\n|t:|1700069259\n|gametype|doubles\n|player|p1|Dumdunsparce|harlequin|1412\n|player|p2|bobw_1213|265|1474\n|teamsize|p1|6\n|teamsize|p2|6\n|gen|9\n|tier|[Gen 9] VGC 2023 Regulation E\n|rated|\n|rule|Species Clause: Limit one of each Pok\u00e9mon\n|rule|Item Clause: Limit one of each item\n|clearpoke\n|poke|p1|Thundurus, L50, M|\n|poke|p1|Rillaboom, L50, M|\n|poke|p1|Gholdengo, L50|\n|poke|p1|Roaring Moon, L50|\n|poke|p1|Milotic, L50, F|\n|poke|p1|Tauros-Paldea-Blaze, L50, M|\n|poke|p2|Annihilape, L50, M|\n|poke|p2|Maushold-Four, L50|\n|poke|p2|Iron Bundle, L50|\n|poke|p2|Chi-Yu, L50|\n|poke|p2|Sinistcha, L50|\n|poke|p2|Landorus-Therian, L50, M|\n|teampreview|4\n|inactive|Battle timer is ON: inactive players will automatically lose when time's up. (requested by bobw_1213)\n|\n|t:|1700069306\n|start\n|switch|p1a: Thundurus|Thundurus, L50, M|100\/100\n|switch|p1b: Rillaboom|Rillaboom, L50, M|100\/100\n|switch|p2a: Annihilape|Annihilape, L50, M|100\/100\n|switch|p2b: Maushold|Maushold-Four, L50|100\/100\n|-fieldstart|move: Grassy Terrain|[from] ability: Grassy Surge|[of] p1b: Rillaboom\n|-enditem|p1a: Thundurus|Grassy Seed\n|-boost|p1a: Thundurus|def|1|[from] item: Grassy Seed\n|turn|1\n|inactive|bobw_1213 has 30 seconds left.\n|inactive|Dumdunsparce has 30 seconds left.\n|inactive|bobw_1213 has 20 seconds left.\n|\n|t:|1700069349\n|move|p2b: Maushold|Protect|p2b: Maushold\n|-singleturn|p2b: Maushold|Protect\n|move|p2a: Annihilape|Protect|p2a: Annihilape\n|-singleturn|p2a: Annihilape|Protect\n|move|p1b: Rillaboom|Fake Out|p2b: Maushold\n|-activate|p2b: Maushold|move: Protect\n|move|p1a: Thundurus|Bulk Up|p1a: Thundurus\n|-boost|p1a: Thundurus|atk|1\n|-boost|p1a: Thundurus|def|1\n|\n|upkeep\n|turn|2\n|\n|t:|1700069366\n|move|p2b: Maushold|Encore|p1a: Thundurus\n|-start|p1a: Thundurus|Encore\n|move|p1a: Thundurus|Bulk Up|p1a: Thundurus\n|-boost|p1a: Thundurus|atk|1\n|-boost|p1a: Thundurus|def|1\n|move|p2a: Annihilape|Bulk Up|p2a: Annihilape\n|-boost|p2a: Annihilape|atk|1\n|-boost|p2a: Annihilape|def|1\n|move|p1b: Rillaboom|Wood Hammer|p2a: Annihilape\n|-damage|p2a: Annihilape|52\/100\n|-damage|p1b: Rillaboom|85\/100|[from] Recoil\n|\n|-heal|p2a: Annihilape|58\/100|[from] Grassy Terrain\n|-heal|p2a: Annihilape|64\/100|[from] item: Leftovers\n|-heal|p1b: Rillaboom|91\/100|[from] Grassy Terrain\n|upkeep\n|turn|3\n|inactive|Dumdunsparce has 30 seconds left.\n|\n|t:|1700069391\n|switch|p1a: Roaring Moon|Roaring Moon, L50|100\/100\n|-enditem|p1a: Roaring Moon|Booster Energy\n|-activate|p1a: Roaring Moon|ability: Protosynthesis|[fromitem]\n|-start|p1a: Roaring Moon|protosynthesisspe\n|move|p2b: Maushold|Population Bomb|p1b: Rillaboom\n|-damage|p1b: Rillaboom|80\/100\n|-damage|p1b: Rillaboom|70\/100\n|-damage|p1b: Rillaboom|59\/100\n|-damage|p1b: Rillaboom|49\/100\n|-damage|p1b: Rillaboom|37\/100\n|-crit|p1b: Rillaboom\n|-damage|p1b: Rillaboom|20\/100\n|-damage|p1b: Rillaboom|9\/100\n|-damage|p1b: Rillaboom|0 fnt\n|faint|p1b: Rillaboom\n|-hitcount|p1: Rillaboom|8\n|move|p2a: Annihilape|Bulk Up|p2a: Annihilape\n|-boost|p2a: Annihilape|atk|1\n|-boost|p2a: Annihilape|def|1\n|\n|-heal|p2a: Annihilape|70\/100|[from] Grassy Terrain\n|-heal|p2a: Annihilape|76\/100|[from] item: Leftovers\n|upkeep\n|\n|t:|1700069413\n|switch|p1b: Gholdengo|Gholdengo, L50|100\/100\n|turn|4\n|\n|t:|1700069437\n|-terastallize|p1a: Roaring Moon|Flying\n|-terastallize|p2a: Annihilape|Fire\n|move|p1a: Roaring Moon|Acrobatics|p2b: Maushold\n|-damage|p2b: Maushold|12\/100\n|move|p2b: Maushold|Population Bomb|p1a: Roaring Moon\n|-damage|p1a: Roaring Moon|89\/100\n|-damage|p1a: Roaring Moon|77\/100\n|-damage|p1a: Roaring Moon|65\/100\n|-damage|p1a: Roaring Moon|54\/100\n|-damage|p1a: Roaring Moon|42\/100\n|-damage|p1a: Roaring Moon|31\/100\n|-damage|p1a: Roaring Moon|20\/100\n|-damage|p1a: Roaring Moon|8\/100\n|-damage|p1a: Roaring Moon|0 fnt\n|faint|p1a: Roaring Moon\n|-end|p1a: Roaring Moon|Protosynthesis|[silent]\n|-hitcount|p1: Roaring Moon|9\n|move|p1b: Gholdengo|Make It Rain|p2b: Maushold|[spread] p2a,p2b\n|-resisted|p2a: Annihilape\n|-damage|p2a: Annihilape|55\/100\n|-damage|p2b: Maushold|0 fnt\n|-unboost|p1b: Gholdengo|spa|1\n|faint|p2b: Maushold\n|move|p2a: Annihilape|Rage Fist|p1b: Gholdengo\n|-supereffective|p1b: Gholdengo\n|-damage|p1b: Gholdengo|0 fnt\n|faint|p1b: Gholdengo\n|\n|-heal|p2a: Annihilape|61\/100|[from] Grassy Terrain\n|-heal|p2a: Annihilape|67\/100|[from] item: Leftovers\n|upkeep\n|inactive|bobw_1213 has 30 seconds left.\n|\n|t:|1700069465\n|switch|p2b: Iron Bundle|Iron Bundle, L50|100\/100\n|switch|p1b: Thundurus|Thundurus, L50, M|100\/100\n|-enditem|p2b: Iron Bundle|Booster Energy\n|-activate|p2b: Iron Bundle|ability: Quark Drive|[fromitem]\n|-start|p2b: Iron Bundle|quarkdrivespe\n|turn|5\n|-message|Dumdunsparce forfeited.\n|\n|win|bobw_1213\n|raw|Dumdunsparce's rating: 1412 &rarr; <strong>1396<\/strong><br \/>(-16 for losing)\n|raw|bobw_1213's rating: 1474 &rarr; <strong>1490<\/strong><br \/>(+16 for winning)\n|l|\u2606bobw_1213\n","uploadtime":1700069480,"views":18,"p1id":"dumdunsparce","p2id":"bobw1213","formatid":"gen9vgc2023regulatione","rating":1396,"private":0,"password":""}