{"id":"gen9vgc2023regulatione-1996764936","p1":"Quintupletofstarly","p2":"mochipupusa","format":"[Gen 9] VGC 2023 Regulation E","log":"|j|\u2606Quintupletofstarly\n|j|\u2606mochipupusa\n|t:|1700721413\n|gametype|doubles\n|player|p1|Quintupletofstarly|102|1324\n|player|p2|mochipupusa|101|1275\n|teamsize|p1|6\n|teamsize|p2|6\n|gen|9\n|tier|[Gen 9] VGC 2023 Regulation E\n|rated|\n|rule|Species Clause: Limit one of each Pok\u00e9mon\n|rule|Item Clause: Limit one of each item\n|clearpoke\n|poke|p1|Salamence, L50, M|\n|poke|p1|Farigiraf, L50, M|\n|poke|p1|Kingambit, L50, F|\n|poke|p1|Politoed, L50, F|\n|poke|p1|Basculegion, L50, M|\n|poke|p1|Rillaboom, L50, F|\n|poke|p2|Roaring Moon, L50|\n|poke|p2|Milotic, L50, M|\n|poke|p2|Landorus-Therian, L50, M|\n|poke|p2|Flutter Mane, L50|\n|poke|p2|Iron Hands, L50|\n|poke|p2|Ogerpon-Hearthflame, L50, F|\n|teampreview|4\n|inactive|Battle timer is ON: inactive players will automatically lose when time's up. (requested by Quintupletofstarly)\nmochipupusa has agreed to open team sheets.\n|inactive|mochipupusa has 60 seconds left.\n|\n|t:|1700721444\n|start\n|switch|p1a: Salamence|Salamence, L50, M|100\/100\n|switch|p1b: Kingambit|Kingambit, L50, F|100\/100\n|switch|p2a: Iron Hands|Iron Hands, L50|100\/100\n|switch|p2b: Roaring Moon|Roaring Moon, L50|100\/100\n|-ability|p1a: Salamence|Intimidate|boost\n|-unboost|p2a: Iron Hands|atk|1\n|-unboost|p2b: Roaring Moon|atk|1\n|-enditem|p2b: Roaring Moon|Booster Energy\n|-activate|p2b: Roaring Moon|ability: Protosynthesis|[fromitem]\n|-start|p2b: Roaring Moon|protosynthesisspe\n|turn|1\n|\n|t:|1700721468\n|move|p1b: Kingambit|Protect|p1b: Kingambit\n|-singleturn|p1b: Kingambit|Protect\n|move|p2a: Iron Hands|Fake Out|p1a: Salamence\n|-damage|p1a: Salamence|91\/100\n|-damage|p2a: Iron Hands|84\/100|[from] item: Rocky Helmet|[of] p1a: Salamence\n|move|p2b: Roaring Moon|Tailwind|p2b: Roaring Moon\n|-sidestart|p2: mochipupusa|move: Tailwind\n|cant|p1a: Salamence|flinch\n|\n|upkeep\n|turn|2\n|\n|t:|1700721481\n|switch|p1b: Politoed|Politoed, L50, F, shiny|100\/100\n|-weather|RainDance|[from] ability: Drizzle|[of] p1b: Politoed\n|move|p2b: Roaring Moon|Acrobatics|p1b: Politoed\n|-damage|p1b: Politoed|77\/100\n|move|p2a: Iron Hands|Drain Punch|p1b: Politoed\n|-damage|p1b: Politoed|55\/100\n|-heal|p2a: Iron Hands|93\/100|[from] drain|[of] p1b: Politoed\n|move|p1a: Salamence|Tailwind|p1a: Salamence\n|-sidestart|p1: Quintupletofstarly|move: Tailwind\n|\n|-weather|RainDance|[upkeep]\n|upkeep\n|turn|3\n|\n|t:|1700721505\n|move|p2b: Roaring Moon|Knock Off|p1a: Salamence\n|-damage|p1a: Salamence|56\/100\n|-damage|p2b: Roaring Moon|84\/100|[from] item: Rocky Helmet|[of] p1a: Salamence\n|-enditem|p1a: Salamence|Rocky Helmet|[from] move: Knock Off|[of] p2b: Roaring Moon\n|move|p1a: Salamence|Draco Meteor|p2b: Roaring Moon\n|-supereffective|p2b: Roaring Moon\n|-damage|p2b: Roaring Moon|0 fnt\n|-unboost|p1a: Salamence|spa|2\n|faint|p2b: Roaring Moon\n|-end|p2b: Roaring Moon|Protosynthesis|[silent]\n|move|p1b: Politoed|Muddy Water|p2a: Iron Hands\n|-damage|p2a: Iron Hands|70\/100\n|move|p2a: Iron Hands|Wild Charge|p1b: Politoed\n|-supereffective|p1b: Politoed\n|-damage|p1b: Politoed|0 fnt\n|faint|p1b: Politoed\n|-damage|p2a: Iron Hands|59\/100|[from] Recoil\n|\n|-weather|RainDance|[upkeep]\n|upkeep\n|\n|t:|1700721526\n|switch|p2b: Ogerpon|Ogerpon-Hearthflame, L50, F|100\/100\n|switch|p1b: Basculegion|Basculegion, L50, M, shiny|100\/100\n|-ability|p2b: Ogerpon|Mold Breaker\n|turn|4\n|\n|t:|1700721538\n|-terastallize|p1b: Basculegion|Fairy\n|move|p2b: Ogerpon|Follow Me|p2b: Ogerpon\n|-singleturn|p2b: Ogerpon|move: Follow Me\n|move|p1b: Basculegion|Wave Crash|p2b: Ogerpon\n|-damage|p2b: Ogerpon|0 fnt\n|faint|p2b: Ogerpon\n|-damage|p1b: Basculegion|74\/100|[from] Recoil\n|move|p1a: Salamence|Hurricane|p2a: Iron Hands\n|-damage|p2a: Iron Hands|44\/100\n|move|p2a: Iron Hands|Wild Charge|p1b: Basculegion\n|-damage|p1b: Basculegion|36\/100\n|-damage|p2a: Iron Hands|35\/100|[from] Recoil\n|\n|-weather|RainDance|[upkeep]\n|-sideend|p2: mochipupusa|move: Tailwind\n|upkeep\n|\n|t:|1700721554\n|switch|p2b: Flutter Mane|Flutter Mane, L50|100\/100\n|turn|5\n|\n|t:|1700721572\n|switch|p1a: Kingambit|Kingambit, L50, F|100\/100\n|-terastallize|p2b: Flutter Mane|Fairy\n|move|p1b: Basculegion|Wave Crash|p2a: Iron Hands\n|-damage|p2a: Iron Hands|0 fnt\n|faint|p2a: Iron Hands\n|-end|p2a: Iron Hands|Quark Drive|[silent]\n|-damage|p1b: Basculegion|23\/100|[from] Recoil\n|move|p2b: Flutter Mane|Moonblast|p1b: Basculegion\n|-damage|p1b: Basculegion|0 fnt\n|faint|p1b: Basculegion\n|\n|-weather|RainDance|[upkeep]\n|-sideend|p1: Quintupletofstarly|move: Tailwind\n|upkeep\n|\n|t:|1700721580\n|switch|p1b: Salamence|Salamence, L50, M|56\/100\n|-ability|p1b: Salamence|Intimidate|boost\n|-unboost|p2b: Flutter Mane|atk|1\n|turn|6\n|\n|t:|1700721595\n|move|p2b: Flutter Mane|Substitute|p2b: Flutter Mane\n|-start|p2b: Flutter Mane|Substitute\n|-damage|p2b: Flutter Mane|76\/100\n|move|p1b: Salamence|Hurricane|p2b: Flutter Mane\n|-end|p2b: Flutter Mane|Substitute\n|move|p1a: Kingambit|Iron Head|p2b: Flutter Mane\n|-supereffective|p2b: Flutter Mane\n|-damage|p2b: Flutter Mane|0 fnt\n|faint|p2b: Flutter Mane\n|-end|p2b: Flutter Mane|Protosynthesis|[silent]\n|\n|win|Quintupletofstarly\n|raw|Quintupletofstarly's rating: 1324 &rarr; <strong>1341<\/strong><br \/>(+17 for winning)\n|raw|mochipupusa's rating: 1275 &rarr; <strong>1254<\/strong><br \/>(-21 for losing)\n|c|\u2606mochipupusa|gg\n|l|\u2606mochipupusa\n","uploadtime":1700721613,"views":3,"p1id":"quintupletofstarly","p2id":"mochipupusa","formatid":"gen9vgc2023regulatione","rating":1254,"private":0,"password":""}