{"id":"gen9vgc2023regulatione-1995999066","p1":"gen8reallysucks","p2":"1crash94","format":"[Gen 9] VGC 2023 Regulation E","log":"|j|\u203dgen8reallysucks\n|j|\u26061crash94\n|t:|1700627321\n|gametype|doubles\n|player|p1|gen8reallysucks|n|1439\n|player|p2|1crash94|red|1439\n|teamsize|p1|6\n|teamsize|p2|6\n|gen|9\n|tier|[Gen 9] VGC 2023 Regulation E\n|rated|\n|rule|Species Clause: Limit one of each Pok\u00e9mon\n|rule|Item Clause: Limit one of each item\n|clearpoke\n|poke|p1|Wo-Chien, L50|\n|poke|p1|Thundurus, L50, M|\n|poke|p1|Tauros-Paldea-Blaze, L50, M|\n|poke|p1|Flutter Mane, L50|\n|poke|p1|Roaring Moon, L50|\n|poke|p1|Ursaluna-Bloodmoon, L50, M|\n|poke|p2|Baxcalibur, L50, M|\n|poke|p2|Ogerpon-Wellspring, L50, F|\n|poke|p2|Arcanine-Hisui, L50, M|\n|poke|p2|Ninetales-Alola, L50, F|\n|poke|p2|Rillaboom, L50, M|\n|poke|p2|Thundurus-Therian, L50, M|\n|teampreview|4\n|j| 5Sscreen\n|\n|t:|1700627343\n|start\n|switch|p1a: Tauros|Tauros-Paldea-Blaze, L50, M|100\/100\n|switch|p1b: Thundurus|Thundurus, L50, M|100\/100\n|switch|p2a: Baxcalibur|Baxcalibur, L50, M, shiny|100\/100\n|switch|p2b: Krystal|Ninetales-Alola, L50, F|100\/100\n|-weather|Snow|[from] ability: Snow Warning|[of] p2b: Krystal\n|-ability|p1a: Tauros|Intimidate|boost\n|-unboost|p2a: Baxcalibur|atk|1\n|-unboost|p2b: Krystal|atk|1\n|turn|1\n|\n|t:|1700627362\n|move|p2a: Baxcalibur|Protect|p2a: Baxcalibur\n|-singleturn|p2a: Baxcalibur|Protect\n|move|p1b: Thundurus|Taunt|p2b: Krystal\n|-start|p2b: Krystal|move: Taunt\n|cant|p2b: Krystal|move: Taunt|Aurora Veil\n|move|p1a: Tauros|Close Combat|p2a: Baxcalibur\n|-activate|p2a: Baxcalibur|move: Protect\n|\n|-weather|Snow|[upkeep]\n|upkeep\n|turn|2\n|\n|t:|1700627379\n|switch|p2b: Thundurus|Thundurus-Therian, L50, M|100\/100\n|-terastallize|p2a: Baxcalibur|Poison\n|move|p1a: Tauros|Protect|p1a: Tauros\n|-singleturn|p1a: Tauros|Protect\n|move|p1b: Thundurus|Eerie Impulse|p2b: Thundurus\n|-immune|p2b: Thundurus|[from] ability: Volt Absorb\n|move|p2a: Baxcalibur|Swords Dance|p2a: Baxcalibur\n|-boost|p2a: Baxcalibur|atk|2\n|-enditem|p1a: Tauros|Mirror Herb\n|-boost|p1a: Tauros|atk|2|[from] item: Mirror Herb\n|\n|-weather|Snow|[upkeep]\n|upkeep\n|turn|3\n|\n|t:|1700627406\n|move|p1b: Thundurus|Thunder Wave|p2a: Baxcalibur\n|-status|p2a: Baxcalibur|par\n|move|p2b: Thundurus|Psychic|p1a: Tauros\n|-supereffective|p1a: Tauros\n|-damage|p1a: Tauros|0 fnt\n|faint|p1a: Tauros\n|-damage|p2b: Thundurus|91\/100|[from] item: Life Orb\n|cant|p2a: Baxcalibur|par\n|\n|-weather|Snow|[upkeep]\n|upkeep\n|\n|t:|1700627416\n|switch|p1a: Flutter Mane|Flutter Mane, L50|100\/100\n|turn|4\n|\n|t:|1700627430\n|move|p2b: Thundurus|Protect|p2b: Thundurus\n|-singleturn|p2b: Thundurus|Protect\n|move|p1b: Thundurus|Taunt|p2b: Thundurus\n|-activate|p2b: Thundurus|move: Protect\n|move|p1a: Flutter Mane|Hex|p2a: Baxcalibur\n|-damage|p2a: Baxcalibur|4\/100 par\n|move|p2a: Baxcalibur|Icicle Spear|p1a: Flutter Mane\n|-damage|p1a: Flutter Mane|66\/100\n|-crit|p1a: Flutter Mane\n|-damage|p1a: Flutter Mane|16\/100\n|-damage|p1a: Flutter Mane|0 fnt\n|faint|p1a: Flutter Mane\n|-end|p1a: Flutter Mane|Protosynthesis|[silent]\n|-hitcount|p1: Flutter Mane|3\n|\n|-weather|Snow|[upkeep]\n|upkeep\n|\n|t:|1700627441\n|switch|p1a: Wo-Chien|Wo-Chien, L50|100\/100\n|-ability|p1a: Wo-Chien|Tablets of Ruin\n|turn|5\n|-message|gen8reallysucks forfeited.\n|\n|win|1crash94\n|raw|gen8reallysucks's rating: 1439 &rarr; <strong>1419<\/strong><br \/>(-20 for losing)\n|raw|1crash94's rating: 1439 &rarr; <strong>1459<\/strong><br \/>(+20 for winning)\n|l|\u203dgen8reallysucks\n|l|\u26061crash94\n","uploadtime":1700627764,"views":2,"p1id":"gen8reallysucks","p2id":"1crash94","formatid":"gen9vgc2023regulatione","rating":1419,"private":0,"password":""}