{"id":"gen9vgc2023regulatione-1999231177","p1":"matthewssandslash","p2":"Umbrian","format":"[Gen 9] VGC 2023 Regulation E","log":"|j|\u2606matthewssandslash\n|j|\u2606Umbrian\n|n|\u2606matthewssandslash|matthewssandslash\n|n|\u2606Umbrian|umbrian\n|html|View the match progress at <a href=\"\/game-bestof3-gen9vgc2023regulatione-1999231176\">game-bestof3-gen9vgc2023regulatione-1999231176<\/a>\n|t:|1701048420\n|gametype|doubles\n|player|p1|matthewssandslash|265|\n|player|p2|Umbrian|adaman|\n|teamsize|p1|6\n|teamsize|p2|6\n|gen|9\n|tier|[Gen 9] VGC 2023 Regulation E\n|rule|Species Clause: Limit one of each Pok\u00e9mon\n|rule|Item Clause: Limit one of each item\n|clearpoke\n|poke|p1|Sliggoo-Hisui, L50, M|\n|poke|p1|Spinarak, L50, F|\n|poke|p1|Ribombee, L50, M|\n|poke|p1|Toxicroak, L50, M|\n|poke|p1|Mabosstiff, L50, M|\n|poke|p1|Piloswine, L50, M|\n|poke|p2|Weezing-Galar, L50, M|\n|poke|p2|Grafaiai, L50, F|\n|poke|p2|Flareon, L50, F|\n|poke|p2|Golem, L50, F|\n|poke|p2|Squawkabilly-Blue, L50, F|\n|poke|p2|Weavile, L50, M|\n|teampreview|4\n|c|\u2606Umbrian|it was raining so i had to wipe him down on his way back in\n|c|\u2606matthewssandslash|links sent\n|c|\u2606Umbrian|but we good now\n|c|\u2606matthewssandslash|no worries, once again I had forgotten all my unimportant tera types\n|c|\u2606matthewssandslash|so now I have them\n|c|\u2606Umbrian|glhf!\n|c|\u2606matthewssandslash|glhf!\n|j| Memes4.0\n|\n|t:|1701048531\n|start\n|switch|p1a: Has|Ribombee, L50, M|100\/100\n|switch|p1b: Trouble|Toxicroak, L50, M|100\/100\n|switch|p2a: Mateo|Squawkabilly-Blue, L50, F|100\/100\n|switch|p2b: Matt|Golem, L50, F|100\/100\n|-ability|p2a: Mateo|Intimidate|boost\n|-unboost|p1a: Has|atk|1\n|-unboost|p1b: Trouble|atk|1\n|turn|1\n|\n|t:|1701048585\n|move|p1b: Trouble|Fake Out|p2b: Matt\n|-resisted|p2b: Matt\n|-damage|p2b: Matt|98\/100\n|-status|p2b: Matt|psn|[from] ability: Poison Touch|[of] p1b: Trouble\n|move|p1a: Has|Moonblast|p2a: Mateo\n|-damage|p2a: Mateo|25\/100\n|move|p2a: Mateo|Brave Bird|p1b: Trouble\n|-supereffective|p1b: Trouble\n|-damage|p1b: Trouble|0 fnt\n|faint|p1b: Trouble\n|-damage|p2a: Mateo|0 fnt|[from] Recoil\n|faint|p2a: Mateo\n|cant|p2b: Matt|flinch\n|\n|-damage|p2b: Matt|86\/100 psn|[from] psn\n|upkeep\n|\n|t:|1701048607\n|switch|p2a: Don Mateo|Weezing-Galar, L50, M|100\/100\n|switch|p1b: With The|Mabosstiff, L50, M|100\/100\n|-ability|p2a: Don Mateo|Neutralizing Gas\n|turn|2\n|\n|t:|1701048628\n|switch|p1a: Whoa|Sliggoo-Hisui, L50, M|100\/100\n|move|p1b: With The|Protect|p1b: With The\n|-singleturn|p1b: With The|Protect\n|move|p2a: Don Mateo|Will-O-Wisp|p1b: With The\n|-activate|p1b: With The|move: Protect\n|move|p2b: Matt|Rock Slide|p1a: Whoa|[spread] p1a\n|-activate|p1b: With The|move: Protect\n|-resisted|p1a: Whoa\n|-damage|p1a: Whoa|80\/100\n|\n|-damage|p2b: Matt|73\/100 psn|[from] psn\n|upkeep\n|turn|3\n|\n|t:|1701048664\n|move|p1b: With The|Psychic Fangs|p2a: Don Mateo\n|-supereffective|p2a: Don Mateo\n|-damage|p2a: Don Mateo|50\/100\n|move|p2a: Don Mateo|Taunt|p1a: Whoa\n|-start|p1a: Whoa|move: Taunt\n|move|p2b: Matt|Body Press|p1b: With The\n|-supereffective|p1b: With The\n|-damage|p1b: With The|44\/100\n|move|p1a: Whoa|Gyro Ball|p2a: Don Mateo\n|-supereffective|p2a: Don Mateo\n|-damage|p2a: Don Mateo|0 fnt\n|faint|p2a: Don Mateo\n|-end|p2a: Don Mateo|ability: Neutralizing Gas\n|-ability|p1b: With The|Intimidate|boost\n|-unboost|p2b: Matt|atk|1\n|\n|-damage|p2b: Matt|61\/100 psn|[from] psn\n|upkeep\n|\n|t:|1701048674\n|switch|p2a: Matteo|Flareon, L50, F|100\/100\n|turn|4\n|\n|t:|1701048738\n|move|p1b: With The|Protect|p1b: With The\n|-singleturn|p1b: With The|Protect\n|move|p2a: Matteo|Flare Blitz|p1b: With The\n|-activate|p1b: With The|move: Protect\n|move|p2b: Matt|High Horsepower|p1a: Whoa\n|-supereffective|p1a: Whoa\n|-damage|p1a: Whoa|0 fnt\n|faint|p1a: Whoa\n|\n|-damage|p2b: Matt|49\/100 psn|[from] psn\n|upkeep\n|\n|t:|1701048747\n|switch|p1a: Has|Ribombee, L50, M|100\/100\n|turn|5\n|\n|t:|1701048871\n|-terastallize|p1b: With The|Rock\n|move|p2b: Matt|Protect|p2b: Matt\n|-singleturn|p2b: Matt|Protect\n|move|p1a: Has|Moonblast|p2b: Matt\n|-activate|p2b: Matt|move: Protect\n|move|p1b: With The|Tera Blast|p2a: Matteo|[anim] Tera Blast Rock\n|-supereffective|p2a: Matteo\n|-damage|p2a: Matteo|0 fnt\n|faint|p2a: Matteo\n|\n|-damage|p2b: Matt|36\/100 psn|[from] psn\n|upkeep\n|turn|6\n|c| Memes4.0|Flareon pipeline\n|c|\u2606Umbrian|man that poison was so annoying\n|\n|t:|1701048901\n|move|p1a: Has|Moonblast|p2b: Matt\n|-damage|p2b: Matt|0 fnt\n|faint|p2b: Matt\n|\n|win|matthewssandslash\n|c|\u2606matthewssandslash|for sure\n|c|\u2606Umbrian|gg\n|c|\u2606matthewssandslash|gg\n|c|&|\/uhtml prompt-umbrian,Umbrian is ready for game 2!\n|inactive|matthewssandslash has 50 seconds to confirm battle start!\n|c|&|\/uhtml prompt-matthewssandslash,matthewssandslash is ready for game 2!\nBoth players are ready! Starting next match!\n|l| Memes4.0\n","uploadtime":1701048912,"views":18,"p1id":"matthewssandslash","p2id":"umbrian","formatid":"gen9vgc2023regulatione","rating":0,"private":0,"password":""}