{"id":"gen9vgc2023regulatione-1990169254","p1":"kdowkdwo","p2":"TyL8","format":"[Gen 9] VGC 2023 Regulation E","log":"|j|\u2606kdowkdwo\n|j|\u2606TyL8\n|t:|1699932289\n|gametype|doubles\n|player|p1|kdowkdwo|102|1383\n|player|p2|TyL8|dawn|1353\n|teamsize|p1|6\n|teamsize|p2|6\n|gen|9\n|tier|[Gen 9] VGC 2023 Regulation E\n|rated|\n|rule|Species Clause: Limit one of each Pok\u00e9mon\n|rule|Item Clause: Limit one of each item\n|clearpoke\n|poke|p1|Tornadus, L50, M|\n|poke|p1|Urshifu-*, L50, F|\n|poke|p1|Chien-Pao, L50|\n|poke|p1|Arcanine-Hisui, L50, M|\n|poke|p1|Rillaboom, L50, F|\n|poke|p1|Flutter Mane, L50|\n|poke|p2|Ursaluna-Bloodmoon, L50, M|\n|poke|p2|Sylveon, L50, F|\n|poke|p2|Oranguru, L50, M|\n|poke|p2|Amoonguss, L50, F|\n|poke|p2|Landorus-Therian, L50, M|\n|poke|p2|Clefairy, L50, F|\n|teampreview|4\n|inactive|Battle timer is ON: inactive players will automatically lose when time's up. (requested by TyL8)\nkdowkdwo has agreed to open team sheets.\nTyL8 has agreed to open team sheets.\n|\n|t:|1699932335\n|start\n|switch|p1a: Urshifu|Urshifu-Rapid-Strike, L50, F|100\/100\n|switch|p1b: Rillaboom|Rillaboom, L50, F|100\/100\n|switch|p2a: Teacher|Oranguru, L50, M, shiny|100\/100\n|switch|p2b: Brownie|Ursaluna-Bloodmoon, L50, M|100\/100\n|-fieldstart|move: Grassy Terrain|[from] ability: Grassy Surge|[of] p1b: Rillaboom\n|turn|1\n|c|\u2606TyL8|do you see my super wierd and gimmicky team?\n|\n|t:|1699932354\n|-terastallize|p1a: Urshifu|Water\n|-terastallize|p2b: Brownie|Dragon\n|move|p1b: Rillaboom|Fake Out|p2b: Brownie\n|-damage|p2b: Brownie|91\/100\n|move|p1a: Urshifu|Surging Strikes|p2a: Teacher\n|-crit|p2a: Teacher\n|-damage|p2a: Teacher|77\/100\n|-crit|p2a: Teacher\n|-damage|p2a: Teacher|54\/100\n|-crit|p2a: Teacher\n|-damage|p2a: Teacher|31\/100\n|-hitcount|p2a: Teacher|3\n|cant|p2b: Brownie|flinch\n|move|p2a: Teacher|Trick Room|p2a: Teacher\n|-fieldstart|move: Trick Room|[of] p2a: Teacher\n|\n|-heal|p2b: Brownie|98\/100|[from] Grassy Terrain\n|-heal|p2b: Brownie|100\/100|[from] item: Leftovers\n|-heal|p2a: Teacher|37\/100|[from] Grassy Terrain\n|upkeep\n|turn|2\n|inactive|kdowkdwo has 30 seconds left.\n|\n|t:|1699932383\n|switch|p1a: Arcanine|Arcanine-Hisui, L50, M|100\/100\n|-ability|p1a: Arcanine|Intimidate|boost\n|-fail|p2a: Teacher|unboost|Attack|[from] ability: Inner Focus|[of] p2a: Teacher\n|-unboost|p2b: Brownie|atk|1\n|move|p1b: Rillaboom|Grassy Glide|p2a: Teacher\n|-damage|p2a: Teacher|6\/100\n|move|p2b: Brownie|Calm Mind|p2b: Brownie\n|-boost|p2b: Brownie|spa|1\n|-boost|p2b: Brownie|spd|1\n|move|p2a: Teacher|Instruct|p2b: Brownie\n|-singleturn|p2b: Brownie|move: Instruct|[of] p2a: Teacher\n|move|p2b: Brownie|Calm Mind|p2b: Brownie\n|-boost|p2b: Brownie|spa|1\n|-boost|p2b: Brownie|spd|1\n|\n|-heal|p2a: Teacher|11\/100|[from] Grassy Terrain\n|upkeep\n|turn|3\n|\n|t:|1699932405\n|move|p1a: Arcanine|Extreme Speed|p2b: Brownie\n|-damage|p2b: Brownie|73\/100\n|move|p1b: Rillaboom|Grassy Glide|p2a: Teacher\n|-damage|p2a: Teacher|0 fnt\n|faint|p2a: Teacher\n|move|p2b: Brownie|Earth Power|p1a: Arcanine\n|-supereffective|p1a: Arcanine\n|-damage|p1a: Arcanine|0 fnt\n|faint|p1a: Arcanine\n|\n|-heal|p2b: Brownie|79\/100|[from] Grassy Terrain\n|-heal|p2b: Brownie|86\/100|[from] item: Leftovers\n|upkeep\n|\n|t:|1699932420\n|switch|p2a: Serena|Sylveon, L50, F, shiny|100\/100\n|switch|p1a: Urshifu|Urshifu-Rapid-Strike, L50, F, tera:Water|100\/100\n|turn|4\n|\n|t:|1699932433\n|move|p1b: Rillaboom|Grassy Glide|p2a: Serena\n|-damage|p2a: Serena|65\/100\n|move|p1a: Urshifu|Aqua Jet|p2a: Serena\n|-damage|p2a: Serena|35\/100\n|move|p2b: Brownie|Blood Moon|p1a: Urshifu\n|-damage|p1a: Urshifu|0 fnt\n|faint|p1a: Urshifu\n|move|p2a: Serena|Psych Up|p2b: Brownie\n|-copyboost|p2a: Serena|p2b: Brownie|[from] move: Psych Up\n|\n|-heal|p2b: Brownie|92\/100|[from] Grassy Terrain\n|-heal|p2b: Brownie|98\/100|[from] item: Leftovers\n|-heal|p2a: Serena|41\/100|[from] Grassy Terrain\n|upkeep\n|\n|t:|1699932438\n|switch|p1a: Chien-Pao|Chien-Pao, L50|100\/100\n|-ability|p1a: Chien-Pao|Sword of Ruin\n|turn|5\n|c|\u2606TyL8|sylveon was made to sit next to bloodmoon btw\n|inactive|TyL8 has 30 seconds left.\n|inactive|TyL8 has 20 seconds left.\n|\n|t:|1699932476\n|move|p1a: Chien-Pao|Protect|p1a: Chien-Pao\n|-singleturn|p1a: Chien-Pao|Protect\n|move|p1b: Rillaboom|Grassy Glide|p2a: Serena\n|-damage|p2a: Serena|0 fnt\n|faint|p2a: Serena\n|move|p2b: Brownie|Hyper Voice|p1a: Chien-Pao|[spread] p1b\n|-activate|p1a: Chien-Pao|move: Protect\n|-damage|p1b: Rillaboom|46\/100\n|\n|-heal|p2b: Brownie|100\/100|[from] Grassy Terrain\n|-heal|p1b: Rillaboom|52\/100|[from] Grassy Terrain\n|-fieldend|move: Trick Room\n|-fieldend|move: Grassy Terrain\n|upkeep\n|c|\u2606TyL8|damn my calc is off\n|\n|t:|1699932492\n|switch|p2a: Nap Time|Amoonguss, L50, F, shiny|100\/100\n|turn|6\n|c|\u2606TyL8|that said never ko\n|c|\u2606TyL8|i love talking to myself\n|inactive|kdowkdwo has 30 seconds left.\n|\n|t:|1699932524\n|move|p1a: Chien-Pao|Ice Spinner|p2b: Brownie\n|-supereffective|p2b: Brownie\n|-damage|p2b: Brownie|27\/100\n|move|p1b: Rillaboom|U-turn|p2b: Brownie\n|-damage|p2b: Brownie|8\/100\n|move|p2b: Brownie|Hyper Voice|p1b: Rillaboom|[spread] p1a,p1b\n|-enditem|p1a: Chien-Pao|Focus Sash\n|-damage|p1a: Chien-Pao|1\/100\n|-damage|p1b: Rillaboom|0 fnt\n|faint|p1b: Rillaboom\n|move|p2a: Nap Time|Spore|p1a: Chien-Pao\n|-status|p1a: Chien-Pao|slp|[from] move: Spore\n|\n|-heal|p2b: Brownie|14\/100|[from] item: Leftovers\n|upkeep\n|turn|7\n|\n|t:|1699932538\n|cant|p1a: Chien-Pao|slp\n|move|p2b: Brownie|Calm Mind|p2b: Brownie\n|-boost|p2b: Brownie|spa|1\n|-boost|p2b: Brownie|spd|1\n|move|p2a: Nap Time|Pollen Puff|p1a: Chien-Pao\n|-supereffective|p1a: Chien-Pao\n|-damage|p1a: Chien-Pao|0 fnt\n|faint|p1a: Chien-Pao\n|\n|win|TyL8\n|raw|kdowkdwo's rating: 1383 &rarr; <strong>1361<\/strong><br \/>(-22 for losing)\n|raw|TyL8's rating: 1353 &rarr; <strong>1375<\/strong><br \/>(+22 for winning)\n|c|\u2606TyL8|do it amoonguss\n|c|\u2606TyL8|gg\n|c|\u2606kdowkdwo|ggs\n","uploadtime":1699932557,"views":15,"p1id":"kdowkdwo","p2id":"tyl8","formatid":"gen9vgc2023regulatione","rating":1361,"private":0,"password":""}