{"id":"gen9vgc2023regulatione-1988780679","p1":"luzonvgc","p2":"GonzaTH","format":"[Gen 9] VGC 2023 Regulation E","log":"|j|\u2606luzonvgc\n|j|\u2606GonzaTH\n|n|\u2606luzonvgc|luzonvgc\n|n|\u2606GonzaTH|gonzath\n|html|View the match progress at <a href=\"\/game-bestof3-gen9vgc2023regulatione-1988779040\">game-bestof3-gen9vgc2023regulatione-1988779040<\/a>\n|t:|1699762241\n|gametype|doubles\n|player|p1|luzonvgc|lisia|\n|player|p2|GonzaTH|2|\n|teamsize|p1|6\n|teamsize|p2|6\n|gen|9\n|tier|[Gen 9] VGC 2023 Regulation E\n|rule|Species Clause: Limit one of each Pok\u00e9mon\n|rule|Item Clause: Limit one of each item\n|clearpoke\n|poke|p1|Roaring Moon, L50|\n|poke|p1|Landorus-Therian, L50, M|\n|poke|p1|Amoonguss, L50, M|\n|poke|p1|Heatran, L50, F|\n|poke|p1|Flutter Mane, L50|\n|poke|p1|Iron Hands, L50|\n|poke|p2|Urshifu-*, L50, M|\n|poke|p2|Rillaboom, L50, F|\n|poke|p2|Farigiraf, L50, F|\n|poke|p2|Chien-Pao, L50|\n|poke|p2|Heatran, L50, F|\n|poke|p2|Dragonite, L50, M|\n|teampreview|4\nluzonvgc has agreed to open team sheets.\nGonzaTH has agreed to open team sheets.\n|showteam|p1|Roaring Moon||BoosterEnergy|Protosynthesis|KnockOff,Acrobatics,DragonDance,Protect||||||50|,,,,,Flying]Landorus-Therian||ChoiceScarf|Intimidate|RockSlide,StompingTantrum,TeraBlast,Uturn|||M|||50|,,,,,Flying]Amoonguss||SitrusBerry|Regenerator|Protect,PollenPuff,RagePowder,Spore|||M|||50|,,,,,Water]Heatran||ShucaBerry|FlashFire|Protect,FlashCannon,MagmaStorm,EarthPower|||F|||50|,,,,,Fairy]Flutter Mane||ChoiceSpecs|Protosynthesis|DazzlingGleam,Moonblast,ShadowBall,PowerGem||||||50|,,,,,Fairy]Iron Hands||AssaultVest|QuarkDrive|FakeOut,DrainPunch,WildCharge,HeavySlam||||||50|,,,,,Water\n|showteam|p2|Urshifu-Rapid-Strike||ChoiceScarf|UnseenFist|SurgingStrikes,AquaJet,CloseCombat,Uturn|||M|||50|,,,,,Poison]Rillaboom||MiracleSeed|GrassySurge|WoodHammer,GrassyGlide,FakeOut,Protect|||F|||50|,,,,,Grass]Farigiraf||SitrusBerry|ArmorTail|DazzlingGleam,Psychic,HelpingHand,TrickRoom|||F|||50|,,,,,Fairy]Chien-Pao||FocusSash|SwordofRuin|IcicleCrash,SuckerPunch,Haze,Protect||||||50|,,,,,Ghost]Heatran||AssaultVest|FlashFire|HeatWave,FlashCannon,EarthPower,MagmaStorm|||F|||50|,,,,,Grass]Dragonite||ChoiceBand|InnerFocus|ExtremeSpeed,StompingTantrum,AerialAce,Outrage|||M|||50|,,,,,Normal\n|\n|t:|1699762277\n|start\n|switch|p1a: Landorus|Landorus-Therian, L50, M|100\/100\n|switch|p1b: Amoonguss|Amoonguss, L50, M|100\/100\n|switch|p2a: Dragonite|Dragonite, L50, M|100\/100\n|switch|p2b: Chien-Pao|Chien-Pao, L50|100\/100\n|-ability|p1a: Landorus|Intimidate|boost\n|-fail|p2a: Dragonite|unboost|Attack|[from] ability: Inner Focus|[of] p2a: Dragonite\n|-unboost|p2b: Chien-Pao|atk|1\n|-ability|p2b: Chien-Pao|Sword of Ruin\n|turn|1\n|\n|t:|1699762292\n|-terastallize|p1b: Amoonguss|Water\n|move|p2b: Chien-Pao|Protect|p2b: Chien-Pao\n|-singleturn|p2b: Chien-Pao|Protect\n|move|p1a: Landorus|Rock Slide|p2b: Chien-Pao|[spread] p2a\n|-activate|p2b: Chien-Pao|move: Protect\n|-supereffective|p2a: Dragonite\n|-damage|p2a: Dragonite|44\/100\n|move|p2a: Dragonite|Outrage|p1a: Landorus\n|-damage|p1a: Landorus|0 fnt\n|faint|p1a: Landorus\n|move|p1b: Amoonguss|Spore|p2a: Dragonite\n|-status|p2a: Dragonite|slp|[from] move: Spore\n|\n|upkeep\n|\n|t:|1699762304\n|switch|p1a: Iron Hands|Iron Hands, L50|100\/100\n|turn|2\n|\n|t:|1699762326\n|move|p2b: Chien-Pao|Icicle Crash|p1a: Iron Hands\n|-damage|p1a: Iron Hands|75\/100\n|cant|p2a: Dragonite|slp\n|move|p1a: Iron Hands|Wild Charge|p2a: Dragonite\n|-damage|p2a: Dragonite|0 fnt\n|faint|p2a: Dragonite\n|-damage|p1a: Iron Hands|66\/100|[from] Recoil\n|move|p1b: Amoonguss|Spore|p2b: Chien-Pao\n|-status|p2b: Chien-Pao|slp|[from] move: Spore\n|\n|upkeep\n|\n|t:|1699762337\n|switch|p2a: Heatran|Heatran, L50, F|100\/100\n|turn|3\n|\n|t:|1699762347\n|switch|p2b: Urshifu|Urshifu-Rapid-Strike, L50, M|100\/100\n|-terastallize|p2a: Heatran|Grass\n|move|p2a: Heatran|Magma Storm|p1a: Iron Hands\n|-damage|p1a: Iron Hands|40\/100\n|-activate|p1a: Iron Hands|move: Magma Storm|[of] p2a: Heatran\n|move|p1a: Iron Hands|Drain Punch|p2b: Urshifu\n|-damage|p2b: Urshifu|62\/100\n|-heal|p1a: Iron Hands|54\/100|[from] drain|[of] p2b: Urshifu\n|move|p1b: Amoonguss|Spore|p2a: Heatran\n|-immune|p2a: Heatran\n|\n|-damage|p1a: Iron Hands|42\/100|[from] move: Magma Storm|[partiallytrapped]\n|upkeep\n|turn|4\n|\n|t:|1699762371\n|move|p2b: Urshifu|U-turn|p1a: Iron Hands\n|-resisted|p1a: Iron Hands\n|-damage|p1a: Iron Hands|33\/100\n|\n|t:|1699762374\n|switch|p2b: Chien-Pao|Chien-Pao, L50|100\/100 slp|[from] U-turn\n|-ability|p2b: Chien-Pao|Sword of Ruin\n|move|p2a: Heatran|Earth Power|p1a: Iron Hands\n|-supereffective|p1a: Iron Hands\n|-damage|p1a: Iron Hands|0 fnt\n|faint|p1a: Iron Hands\n|-end|p1a: Iron Hands|Quark Drive|[silent]\n|move|p1b: Amoonguss|Spore|p2b: Chien-Pao\n|-fail|p2b: Chien-Pao|slp\n|\n|upkeep\n|\n|t:|1699762381\n|switch|p1a: Roaring Moon|Roaring Moon, L50|100\/100\n|-enditem|p1a: Roaring Moon|Booster Energy\n|-activate|p1a: Roaring Moon|ability: Protosynthesis|[fromitem]\n|-start|p1a: Roaring Moon|protosynthesisatk\n|turn|5\n|\n|t:|1699762395\n|cant|p2b: Chien-Pao|slp\n|move|p1a: Roaring Moon|Dragon Dance|p1a: Roaring Moon\n|-boost|p1a: Roaring Moon|atk|1\n|-boost|p1a: Roaring Moon|spe|1\n|move|p2a: Heatran|Magma Storm|p1a: Roaring Moon\n|-resisted|p1a: Roaring Moon\n|-damage|p1a: Roaring Moon|78\/100\n|-activate|p1a: Roaring Moon|move: Magma Storm|[of] p2a: Heatran\n|move|p1b: Amoonguss|Pollen Puff|p2b: Chien-Pao\n|-supereffective|p2b: Chien-Pao\n|-crit|p2b: Chien-Pao\n|-damage|p2b: Chien-Pao|6\/100 slp\n|\n|-damage|p1a: Roaring Moon|66\/100|[from] move: Magma Storm|[partiallytrapped]\n|upkeep\n|turn|6\n|\n|t:|1699762413\n|-curestatus|p2b: Chien-Pao|slp|[msg]\n|move|p2b: Chien-Pao|Sucker Punch|p1a: Roaring Moon\n|-resisted|p1a: Roaring Moon\n|-crit|p1a: Roaring Moon\n|-damage|p1a: Roaring Moon|32\/100\n|move|p1a: Roaring Moon|Acrobatics|p2b: Chien-Pao\n|-damage|p2b: Chien-Pao|0 fnt\n|faint|p2b: Chien-Pao\n|move|p2a: Heatran|Heat Wave|p1b: Amoonguss|[spread] p1a,p1b\n|-resisted|p1a: Roaring Moon\n|-resisted|p1b: Amoonguss\n|-damage|p1a: Roaring Moon|17\/100\n|-damage|p1b: Amoonguss|87\/100\n|move|p1b: Amoonguss|Pollen Puff|p1a: Roaring Moon\n|-heal|p1a: Roaring Moon|67\/100\n|\n|-damage|p1a: Roaring Moon|55\/100|[from] move: Magma Storm|[partiallytrapped]\n|upkeep\n|\n|t:|1699762429\n|switch|p2b: Urshifu|Urshifu-Rapid-Strike, L50, M|62\/100\n|turn|7\n|\n|t:|1699762455\n|move|p1b: Amoonguss|Rage Powder|p1b: Amoonguss\n|-singleturn|p1b: Amoonguss|move: Rage Powder\n|move|p1a: Roaring Moon|Acrobatics|p2a: Heatran\n|-supereffective|p2a: Heatran\n|-crit|p2a: Heatran\n|-damage|p2a: Heatran|0 fnt\n|faint|p2a: Heatran\n|move|p2b: Urshifu|Close Combat|p1b: Amoonguss\n|-damage|p1b: Amoonguss|34\/100\n|-unboost|p2b: Urshifu|def|1\n|-unboost|p2b: Urshifu|spd|1\n|-enditem|p1b: Amoonguss|Sitrus Berry|[eat]\n|-heal|p1b: Amoonguss|59\/100|[from] item: Sitrus Berry\n|\n|-end|p1a: Roaring Moon|Magma Storm|[partiallytrapped]|[silent]\n|upkeep\n|turn|8\n|\n|t:|1699762465\n|move|p1b: Amoonguss|Rage Powder|p1b: Amoonguss\n|-singleturn|p1b: Amoonguss|move: Rage Powder\n|move|p1a: Roaring Moon|Acrobatics|p2b: Urshifu\n|-supereffective|p2b: Urshifu\n|-damage|p2b: Urshifu|0 fnt\n|faint|p2b: Urshifu\n|\n|win|luzonvgc\n|l|\u2606luzonvgc\n","uploadtime":1699763916,"views":13,"p1id":"luzonvgc","p2id":"gonzath","formatid":"gen9vgc2023regulatione","rating":0,"private":0,"password":""}