{"id":"gen9vgc2023regulatione-1991594417","p1":"namboyVGC","p2":"LegacyShowden","format":"[Gen 9] VGC 2023 Regulation E","log":"|j|\u2606namboyVGC\n|j|\u2606LegacyShowden\n|t:|1700092130\n|gametype|doubles\n|player|p1|namboyVGC|169|1247\n|player|p2|LegacyShowden|rosa|1140\n|teamsize|p1|6\n|teamsize|p2|6\n|gen|9\n|tier|[Gen 9] VGC 2023 Regulation E\n|rated|\n|rule|Species Clause: Limit one of each Pok\u00e9mon\n|rule|Item Clause: Limit one of each item\n|clearpoke\n|poke|p1|Farigiraf, L50, M|\n|poke|p1|Gholdengo, L50|\n|poke|p1|Ogerpon-Wellspring, L50, F|\n|poke|p1|Iron Hands, L50|\n|poke|p1|Roaring Moon, L50|\n|poke|p1|Ursaluna-Bloodmoon, L50, M|\n|poke|p2|Landorus-Therian, L50, M|\n|poke|p2|Samurott-Hisui, L50, M|\n|poke|p2|Ogerpon-Hearthflame, L50, F|\n|poke|p2|Kommo-o, L50, M|\n|poke|p2|Gholdengo, L50|\n|poke|p2|Thundurus, L50, M|\n|teampreview|4\n|inactive|Battle timer is ON: inactive players will automatically lose when time's up. (requested by LegacyShowden)\n|inactive|namboyVGC also wants the timer to be on.\n|inactive|LegacyShowden has 60 seconds left.\n|\n|t:|1700092164\n|start\n|switch|p1a: Gholdengo|Gholdengo, L50|100\/100\n|switch|p1b: Ogerpon|Ogerpon-Wellspring, L50, F|100\/100\n|switch|p2a: Landorus|Landorus-Therian, L50, M|100\/100\n|switch|p2b: Samurott|Samurott-Hisui, L50, M|100\/100\n|-ability|p2a: Landorus|Intimidate|boost\n|-unboost|p1a: Gholdengo|atk|1\n|-unboost|p1b: Ogerpon|atk|1\n|turn|1\n|\n|t:|1700092177\n|move|p1b: Ogerpon|Follow Me|p1b: Ogerpon\n|-singleturn|p1b: Ogerpon|move: Follow Me\n|move|p2b: Samurott|Sucker Punch||[still]\n|-fail|p2b: Samurott\n|move|p2a: Landorus|U-turn|p1b: Ogerpon\n|-supereffective|p1b: Ogerpon\n|-damage|p1b: Ogerpon|45\/100\n|\n|t:|1700092183\n|switch|p2a: Ogerpon|Ogerpon-Hearthflame, L50, F|100\/100|[from] U-turn\n|-ability|p2a: Ogerpon|Mold Breaker\n|move|p1a: Gholdengo|Nasty Plot|p1a: Gholdengo\n|-boost|p1a: Gholdengo|spa|2\n|\n|upkeep\n|turn|2\n|\n|t:|1700092194\n|move|p1b: Ogerpon|Follow Me|p1b: Ogerpon\n|-singleturn|p1b: Ogerpon|move: Follow Me\n|move|p2a: Ogerpon|U-turn|p1b: Ogerpon\n|-supereffective|p1b: Ogerpon\n|-crit|p1b: Ogerpon\n|-damage|p1b: Ogerpon|0 fnt\n|faint|p1b: Ogerpon\n|\n|t:|1700092200\n|switch|p2a: Landorus|Landorus-Therian, L50, M|100\/100|[from] U-turn\n|-ability|p2a: Landorus|Intimidate|boost\n|-unboost|p1a: Gholdengo|atk|1\n|move|p1a: Gholdengo|Nasty Plot|p1a: Gholdengo\n|-boost|p1a: Gholdengo|spa|2\n|move|p2b: Samurott|Ceaseless Edge|p1a: Gholdengo\n|-supereffective|p1a: Gholdengo\n|-damage|p1a: Gholdengo|6\/100\n|-sidestart|p1: namboyVGC|Spikes\n|\n|upkeep\n|\n|t:|1700092215\n|switch|p1b: Roaring Moon|Roaring Moon, L50|100\/100\n|-damage|p1b: Roaring Moon|88\/100|[from] Spikes\n|-enditem|p1b: Roaring Moon|Booster Energy\n|-activate|p1b: Roaring Moon|ability: Protosynthesis|[fromitem]\n|-start|p1b: Roaring Moon|protosynthesisspe\n|turn|3\n|inactive|namboyVGC has 30 seconds left.\n|\n|t:|1700092240\n|move|p1a: Gholdengo|Protect|p1a: Gholdengo\n|-singleturn|p1a: Gholdengo|Protect\n|move|p1b: Roaring Moon|Tailwind|p1b: Roaring Moon\n|-sidestart|p1: namboyVGC|move: Tailwind\n|move|p2a: Landorus|Rock Slide|p1b: Roaring Moon|[spread] p1b\n|-activate|p1a: Gholdengo|move: Protect\n|-damage|p1b: Roaring Moon|70\/100\n|move|p2b: Samurott|Sacred Sword|p1b: Roaring Moon\n|-supereffective|p1b: Roaring Moon\n|-damage|p1b: Roaring Moon|0 fnt\n|faint|p1b: Roaring Moon\n|-end|p1b: Roaring Moon|Protosynthesis|[silent]\n|\n|upkeep\n|\n|t:|1700092251\n|switch|p1b: Iron Hands|Iron Hands, L50|100\/100\n|-damage|p1b: Iron Hands|88\/100|[from] Spikes\n|turn|4\n|\n|t:|1700092258\n|switch|p2a: Ogerpon|Ogerpon-Hearthflame, L50, F|100\/100\n|-ability|p2a: Ogerpon|Mold Breaker\n|switch|p2b: Kommo-o|Kommo-o, L50, M|100\/100\n|move|p1b: Iron Hands|Fake Out|p2b: Kommo-o\n|-damage|p2b: Kommo-o|90\/100\n|move|p1a: Gholdengo|Make It Rain|p2a: Ogerpon|[spread] p2a,p2b\n|-resisted|p2a: Ogerpon\n|-damage|p2a: Ogerpon|0 fnt\n|-damage|p2b: Kommo-o|0 fnt\n|-unboost|p1a: Gholdengo|spa|1\n|faint|p2a: Ogerpon\n|faint|p2b: Kommo-o\n|-damage|p1a: Gholdengo|0 fnt|[from] item: Life Orb\n|faint|p1a: Gholdengo\n|\n|upkeep\n|\n|t:|1700092264\n|switch|p2a: Landorus|Landorus-Therian, L50, M|100\/100\n|switch|p2b: Samurott|Samurott-Hisui, L50, M|100\/100\n|-ability|p2a: Landorus|Intimidate|boost\n|-unboost|p1b: Iron Hands|atk|1\n|turn|5\n|-message|namboyVGC forfeited.\n|\n|win|LegacyShowden\n|raw|namboyVGC's rating: 1247 &rarr; <strong>1215<\/strong><br \/>(-32 for losing)\n|raw|LegacyShowden's rating: 1140 &rarr; <strong>1172<\/strong><br \/>(+32 for winning)\n|l|\u2606namboyVGC\n","uploadtime":1700092282,"views":12,"p1id":"namboyvgc","p2id":"legacyshowden","formatid":"gen9vgc2023regulatione","rating":1172,"private":0,"password":""}