{"id":"gen9vgc2023regulatione-1999989486","p1":"Lordry222","p2":"ImPhen","format":"[Gen 9] VGC 2023 Regulation E","log":"|j|\u2606Lordry222\n|j|\u2606ImPhen\n|t:|1701138277\n|gametype|doubles\n|player|p1|Lordry222|steven|1510\n|player|p2|ImPhen|101|1450\n|teamsize|p1|6\n|teamsize|p2|6\n|gen|9\n|tier|[Gen 9] VGC 2023 Regulation E\n|rated|\n|rule|Species Clause: Limit one of each Pok\u00e9mon\n|rule|Item Clause: Limit one of each item\n|clearpoke\n|poke|p1|Arcanine-Hisui, L50, M|\n|poke|p1|Flutter Mane, L50|\n|poke|p1|Tornadus, L50, M|\n|poke|p1|Gholdengo, L50|\n|poke|p1|Rillaboom, L50, M|\n|poke|p1|Urshifu-*, L50, M|\n|poke|p2|Flutter Mane, L50|\n|poke|p2|Chi-Yu, L50|\n|poke|p2|Iron Hands, L50|\n|poke|p2|Landorus-Therian, L50, M|\n|poke|p2|Sinistcha, L50|\n|poke|p2|Empoleon, L50, F|\n|teampreview|4\n|j| newbucket\n|l| newbucket\n|inactive|Battle timer is ON: inactive players will automatically lose when time's up. (requested by Lordry222)\n|inactive|ImPhen has 60 seconds left.\n|\n|t:|1701138333\n|start\n|switch|p1a: Urshifu|Urshifu-Rapid-Strike, L50, M|100\/100\n|switch|p1b: Tornadus|Tornadus, L50, M|100\/100\n|switch|p2a: Landorus|Landorus-Therian, L50, M|100\/100\n|switch|p2b: Sinistcha|Sinistcha, L50|100\/100\n|-ability|p2a: Landorus|Intimidate|boost\n|-unboost|p1a: Urshifu|atk|1\n|-unboost|p1b: Tornadus|atk|1\n|turn|1\n|inactive|ImPhen has 30 seconds left.\n|inactive|ImPhen has 20 seconds left.\n|inactive|ImPhen has 15 seconds left.\n|inactive|ImPhen has 10 seconds left.\n|inactive|ImPhen has 5 seconds left.\n|\n|t:|1701138388\n|switch|p1a: Arcanine|Arcanine-Hisui, L50, M|100\/100\n|-ability|p1a: Arcanine|Intimidate|boost\n|-unboost|p2a: Landorus|atk|1\n|-unboost|p2b: Sinistcha|atk|1\n|move|p2b: Sinistcha|Protect|p2b: Sinistcha\n|-singleturn|p2b: Sinistcha|Protect\n|move|p2a: Landorus|Stomping Tantrum|p1b: Tornadus\n|-immune|p1b: Tornadus\n|move|p1b: Tornadus|Bleakwind Storm|p2b: Sinistcha|[spread] p2a\n|-activate|p2b: Sinistcha|move: Protect\n|-damage|p2a: Landorus|60\/100\n|\n|upkeep\n|turn|2\n|inactive|Lordry222 has 30 seconds left.\n|inactive|ImPhen has 30 seconds left.\n|\n|t:|1701138423\n|switch|p2a: Iron Hands|Iron Hands, L50|100\/100\n|switch|p2b: Empoleon|Empoleon, L50, F|100\/100\n|-terastallize|p1a: Arcanine|Fairy\n|move|p1a: Arcanine|Extreme Speed|p2a: Iron Hands\n|-damage|p2a: Iron Hands|72\/100\n|move|p1b: Tornadus|Bleakwind Storm|p2b: Empoleon|[spread] p2a\n|-miss|p1b: Tornadus|p2b: Empoleon\n|-damage|p2a: Iron Hands|56\/100\n|\n|upkeep\n|turn|3\n|inactive|Lordry222 has 30 seconds left.\n|inactive|ImPhen has 30 seconds left.\n|inactive|ImPhen has 20 seconds left.\n|inactive|ImPhen has 15 seconds left.\n|inactive|ImPhen has 10 seconds left.\n|inactive|ImPhen has 5 seconds left.\n|\n|t:|1701138473\n|switch|p1a: Flutter Mane|Flutter Mane, L50|100\/100\n|-enditem|p1a: Flutter Mane|Booster Energy\n|-activate|p1a: Flutter Mane|ability: Protosynthesis|[fromitem]\n|-start|p1a: Flutter Mane|protosynthesisspa\n|move|p1b: Tornadus|Taunt|p2b: Empoleon\n|-start|p2b: Empoleon|move: Taunt\n|move|p2a: Iron Hands|Volt Switch|p2b: Empoleon\n|-supereffective|p2b: Empoleon\n|-damage|p2b: Empoleon|75\/100\n|-enditem|p2b: Empoleon|Weakness Policy\n|-boost|p2b: Empoleon|atk|2|[from] item: Weakness Policy\n|-boost|p2b: Empoleon|spa|2|[from] item: Weakness Policy\n|\n|t:|1701138489\n|-end|p2a: Iron Hands|Quark Drive|[silent]\n|switch|p2a: Sinistcha|Sinistcha, L50|100\/100|[from] Volt Switch\n|-heal|p2b: Empoleon|100\/100|[from] ability: Hospitality|[of] p2a: Sinistcha\n|move|p2b: Empoleon|Flash Cannon|p1a: Flutter Mane\n|-supereffective|p1a: Flutter Mane\n|-damage|p1a: Flutter Mane|0 fnt\n|faint|p1a: Flutter Mane\n|-end|p1a: Flutter Mane|Protosynthesis|[silent]\n|\n|upkeep\n|\n|t:|1701138500\n|switch|p1a: Urshifu|Urshifu-Rapid-Strike, L50, M|100\/100\n|turn|4\n|inactive|ImPhen has 30 seconds left.\n|\n|t:|1701138529\n|switch|p2a: Iron Hands|Iron Hands, L50|56\/100\n|-terastallize|p2b: Empoleon|Psychic\n|move|p1a: Urshifu|Ice Spinner|p2a: Iron Hands\n|-damage|p2a: Iron Hands|33\/100\n|move|p1b: Tornadus|Bleakwind Storm|p2b: Empoleon|[spread] p2a,p2b\n|-damage|p2a: Iron Hands|15\/100\n|-damage|p2b: Empoleon|65\/100\n|-unboost|p2b: Empoleon|spe|1\n|-ability|p2b: Empoleon|Competitive|boost\n|-boost|p2b: Empoleon|spa|2\n|move|p2b: Empoleon|Flash Cannon|p1b: Tornadus\n|-damage|p1b: Tornadus|0 fnt\n|faint|p1b: Tornadus\n|\n|upkeep\n|\n|t:|1701138542\n|switch|p1b: Arcanine|Arcanine-Hisui, L50, M, tera:Fairy|100\/100\n|-ability|p1b: Arcanine|Intimidate|boost\n|-unboost|p2a: Iron Hands|atk|1\n|-unboost|p2b: Empoleon|atk|1\n|-ability|p2b: Empoleon|Competitive|boost\n|-boost|p2b: Empoleon|spa|2\n|turn|5\n|\n|t:|1701138559\n|move|p2a: Iron Hands|Fake Out|p1b: Arcanine\n|-damage|p1b: Arcanine|88\/100\n|move|p1a: Urshifu|Ice Spinner|p2b: Empoleon\n|-damage|p2b: Empoleon|35\/100\n|cant|p1b: Arcanine|flinch\n|move|p2b: Empoleon|Flash Cannon|p1b: Arcanine\n|-supereffective|p1b: Arcanine\n|-damage|p1b: Arcanine|0 fnt\n|faint|p1b: Arcanine\n|\n|-end|p2b: Empoleon|move: Taunt\n|upkeep\n|turn|6\n|\n|t:|1701138584\n|-end|p2a: Iron Hands|Quark Drive|[silent]\n|switch|p2a: Sinistcha|Sinistcha, L50|100\/100\n|-heal|p2b: Empoleon|60\/100|[from] ability: Hospitality|[of] p2a: Sinistcha\n|move|p1a: Urshifu|Ice Spinner|p2b: Empoleon\n|-crit|p2b: Empoleon\n|-damage|p2b: Empoleon|18\/100\n|move|p2b: Empoleon|Tera Blast|p1a: Urshifu|[anim] Tera Blast Psychic\n|-supereffective|p1a: Urshifu\n|-damage|p1a: Urshifu|0 fnt\n|faint|p1a: Urshifu\n|\n|win|ImPhen\n|raw|Lordry222's rating: 1510 &rarr; <strong>1487<\/strong><br \/>(-23 for losing)\n|raw|ImPhen's rating: 1450 &rarr; <strong>1473<\/strong><br \/>(+23 for winning)\n|l|\u2606Lordry222\n","uploadtime":1701138604,"views":24,"p1id":"lordry222","p2id":"imphen","formatid":"gen9vgc2023regulatione","rating":1473,"private":0,"password":""}