{"id":"gen9vgc2023regulatione-1988342679","p1":"FairyArie","p2":"KiiDMarVeL","format":"[Gen 9] VGC 2023 Regulation E","log":"|j|\u2606FairyArie\n|j|\u2606KiiDMarVeL\n|t:|1699711354\n|gametype|doubles\n|player|p1|FairyArie|iris-gen5bw2|1092\n|player|p2|KiiDMarVeL|morty|1191\n|teamsize|p1|6\n|teamsize|p2|6\n|gen|9\n|tier|[Gen 9] VGC 2023 Regulation E\n|rated|\n|rule|Species Clause: Limit one of each Pok\u00e9mon\n|rule|Item Clause: Limit one of each item\n|clearpoke\n|poke|p1|Iron Jugulis, L50|\n|poke|p1|Iron Hands, L50|\n|poke|p1|Iron Valiant, L50|\n|poke|p1|Iron Thorns, L50|\n|poke|p1|Iron Bundle, L50|\n|poke|p1|Iron Moth, L50|\n|poke|p2|Weezing, L50, F|\n|poke|p2|Slaking, L50, F|\n|poke|p2|Dragonite, L50, F|\n|poke|p2|Chien-Pao, L50|\n|poke|p2|Palafin, L50, M|\n|poke|p2|Flutter Mane, L50|\n|teampreview|4\n|inactive|Battle timer is ON: inactive players will automatically lose when time's up. (requested by KiiDMarVeL)\n|\n|t:|1699711413\n|start\n|switch|p1a: Skyborg|Iron Jugulis, L50, shiny|100\/100\n|switch|p1b: P.A.L.M.S.|Iron Hands, L50, shiny|100\/100\n|switch|p2a: Slaking|Slaking, L50, F|100\/100\n|switch|p2b: Palafin|Palafin, L50, M|100\/100\n|turn|1\n|inactive|KiiDMarVeL has 30 seconds left.\n|inactive|KiiDMarVeL has 20 seconds left.\n|\n|t:|1699711450\n|move|p2b: Palafin|Protect|p2b: Palafin\n|-singleturn|p2b: Palafin|Protect\n|move|p2a: Slaking|Bulk Up|p2a: Slaking\n|-boost|p2a: Slaking|atk|1\n|-boost|p2a: Slaking|def|1\n|move|p1a: Skyborg|Tailwind|p1a: Skyborg\n|-sidestart|p1: FairyArie|move: Tailwind\n|move|p1b: P.A.L.M.S.|Electric Terrain|p1b: P.A.L.M.S.\n|-fieldstart|move: Electric Terrain\n|-activate|p1a: Skyborg|ability: Quark Drive\n|-start|p1a: Skyborg|quarkdrivespa\n|-activate|p1b: P.A.L.M.S.|ability: Quark Drive\n|-start|p1b: P.A.L.M.S.|quarkdriveatk\n|\n|upkeep\n|turn|2\n|inactive|FairyArie has 30 seconds left.\n|inactive|KiiDMarVeL has 30 seconds left.\n|\n|t:|1699711485\n|detailschange|p2b: Palafin|Palafin-Hero, L50, M\n|switch|p2b: Weezing|Weezing, L50, F|100\/100\n|-ability|p2b: Weezing|Neutralizing Gas\n|move|p1a: Skyborg|Snarl|p2b: Weezing|[spread] p2a,p2b\n|-damage|p2a: Slaking|76\/100\n|-damage|p2b: Weezing|70\/100\n|-unboost|p2a: Slaking|spa|1\n|-unboost|p2b: Weezing|spa|1\n|-enditem|p1a: Skyborg|Throat Spray\n|-boost|p1a: Skyborg|spa|1|[from] item: Throat Spray\n|move|p2a: Slaking|Drain Punch|p1a: Skyborg\n|-damage|p1a: Skyborg|56\/100\n|-heal|p2a: Slaking|93\/100|[from] drain|[of] p1a: Skyborg\n|move|p1b: P.A.L.M.S.|Thunder Punch|p2a: Slaking\n|-damage|p2a: Slaking|58\/100\n|\n|upkeep\n|turn|3\n|inactive|KiiDMarVeL has 30 seconds left.\n|inactive|KiiDMarVeL has 20 seconds left.\n|\n|t:|1699711521\n|move|p1a: Skyborg|Air Cutter|p2b: Weezing|[spread] p2a,p2b\n|-damage|p2a: Slaking|18\/100\n|-damage|p2b: Weezing|24\/100\n|-enditem|p2b: Weezing|Sitrus Berry|[eat]\n|-heal|p2b: Weezing|49\/100|[from] item: Sitrus Berry\n|move|p2a: Slaking|Bulk Up|p2a: Slaking\n|-boost|p2a: Slaking|atk|1\n|-boost|p2a: Slaking|def|1\n|move|p1b: P.A.L.M.S.|Drain Punch|p2a: Slaking\n|-supereffective|p2a: Slaking\n|-damage|p2a: Slaking|0 fnt\n|faint|p2a: Slaking\n|move|p2b: Weezing|Will-O-Wisp|p1b: P.A.L.M.S.\n|-status|p1b: P.A.L.M.S.|brn\n|\n|-damage|p1b: P.A.L.M.S.|94\/100 brn|[from] brn\n|upkeep\n|\n|t:|1699711540\n|switch|p2a: Chien-Pao|Chien-Pao, L50|100\/100\n|turn|4\n|inactive|KiiDMarVeL has 30 seconds left.\n|\n|t:|1699711568\n|move|p1a: Skyborg|Protect|p1a: Skyborg\n|-singleturn|p1a: Skyborg|Protect\n|move|p2a: Chien-Pao|Protect|p2a: Chien-Pao\n|-singleturn|p2a: Chien-Pao|Protect\n|move|p1b: P.A.L.M.S.|Heavy Slam|p2a: Chien-Pao\n|-activate|p2a: Chien-Pao|move: Protect\n|move|p2b: Weezing|Sludge Bomb|p1a: Skyborg\n|-activate|p1a: Skyborg|move: Protect\n|\n|-damage|p1b: P.A.L.M.S.|88\/100 brn|[from] brn\n|-sideend|p1: FairyArie|move: Tailwind\n|upkeep\n|turn|5\n|inactive|FairyArie has 30 seconds left.\n|inactive|KiiDMarVeL has 30 seconds left.\n|inactive|FairyArie has 20 seconds left.\n|\n|t:|1699711616\n|move|p2a: Chien-Pao|Ice Spinner|p1a: Skyborg\n|-supereffective|p1a: Skyborg\n|-damage|p1a: Skyborg|0 fnt\n|-fieldend|move: Electric Terrain\n|-end|p1b: P.A.L.M.S.|Quark Drive\n|faint|p1a: Skyborg\n|-end|p1a: Skyborg|Quark Drive|[silent]\n|move|p2b: Weezing|Sludge Bomb|p1b: P.A.L.M.S.\n|-damage|p1b: P.A.L.M.S.|76\/100 brn\n|move|p1b: P.A.L.M.S.|Thunder Punch|p2b: Weezing\n|-damage|p2b: Weezing|34\/100\n|\n|-damage|p1b: P.A.L.M.S.|70\/100 brn|[from] brn\n|upkeep\n|\n|t:|1699711637\n|switch|p1a: Mecha Zilla|Iron Thorns, L50, shiny|100\/100\n|turn|6\n|\n|t:|1699711657\n|move|p2a: Chien-Pao|Protect|p2a: Chien-Pao\n|-singleturn|p2a: Chien-Pao|Protect\n|move|p1a: Mecha Zilla|Rock Slide|p2b: Weezing|[spread] p2b\n|-activate|p2a: Chien-Pao|move: Protect\n|-damage|p2b: Weezing|10\/100\n|move|p2b: Weezing|Will-O-Wisp|p1a: Mecha Zilla\n|-status|p1a: Mecha Zilla|brn\n|move|p1b: P.A.L.M.S.|Electric Terrain|p1b: P.A.L.M.S.\n|-fieldstart|move: Electric Terrain\n|-activate|p1a: Mecha Zilla|ability: Quark Drive\n|-start|p1a: Mecha Zilla|quarkdriveatk\n|-activate|p1b: P.A.L.M.S.|ability: Quark Drive\n|-start|p1b: P.A.L.M.S.|quarkdriveatk\n|\n|-damage|p1a: Mecha Zilla|94\/100 brn|[from] brn\n|-damage|p1b: P.A.L.M.S.|64\/100 brn|[from] brn\n|upkeep\n|turn|7\n|\n|t:|1699711682\n|move|p2a: Chien-Pao|Ice Spinner|p1a: Mecha Zilla\n|-damage|p1a: Mecha Zilla|57\/100 brn\n|-fieldend|move: Electric Terrain\n|-end|p1a: Mecha Zilla|Quark Drive\n|-end|p1b: P.A.L.M.S.|Quark Drive\n|move|p1a: Mecha Zilla|Rock Slide|p2b: Weezing|[spread] p2a,p2b\n|-supereffective|p2a: Chien-Pao\n|-damage|p2a: Chien-Pao|68\/100\n|-damage|p2b: Weezing|0 fnt\n|faint|p2b: Weezing\n|-end|p2b: Weezing|ability: Neutralizing Gas\n|-ability|p2a: Chien-Pao|Sword of Ruin\n|move|p1b: P.A.L.M.S.|Drain Punch|p2a: Chien-Pao\n|-supereffective|p2a: Chien-Pao\n|-damage|p2a: Chien-Pao|0 fnt\n|-heal|p1b: P.A.L.M.S.|85\/100 brn|[from] drain|[of] p2a: Chien-Pao\n|faint|p2a: Chien-Pao\n|\n|-damage|p1a: Mecha Zilla|51\/100 brn|[from] brn\n|-damage|p1b: P.A.L.M.S.|79\/100 brn|[from] brn\n|upkeep\n|\n|t:|1699711700\n|switch|p2a: Palafin|Palafin-Hero, L50, M|100\/100\n|-activate|p2a: Palafin|ability: Zero to Hero\n|turn|8\n|\n|t:|1699711719\n|-terastallize|p2a: Palafin|Water\n|-terastallize|p1a: Mecha Zilla|Dragon\n|move|p2a: Palafin|Jet Punch|p1b: P.A.L.M.S.\n|-damage|p1b: P.A.L.M.S.|38\/100 brn\n|move|p1a: Mecha Zilla|Thunder Punch|p2a: Palafin\n|-supereffective|p2a: Palafin\n|-damage|p2a: Palafin|67\/100\n|move|p1b: P.A.L.M.S.|Electric Terrain|p1b: P.A.L.M.S.\n|-fieldstart|move: Electric Terrain\n|-activate|p1a: Mecha Zilla|ability: Quark Drive\n|-start|p1a: Mecha Zilla|quarkdriveatk\n|-activate|p1b: P.A.L.M.S.|ability: Quark Drive\n|-start|p1b: P.A.L.M.S.|quarkdriveatk\n|\n|-damage|p1a: Mecha Zilla|45\/100 brn|[from] brn\n|-damage|p1b: P.A.L.M.S.|32\/100 brn|[from] brn\n|upkeep\n|turn|9\n|\n|t:|1699711737\n|move|p2a: Palafin|Jet Punch|p1a: Mecha Zilla\n|-resisted|p1a: Mecha Zilla\n|-damage|p1a: Mecha Zilla|18\/100 brn\n|move|p1a: Mecha Zilla|Thunder Punch|p2a: Palafin\n|-supereffective|p2a: Palafin\n|-damage|p2a: Palafin|10\/100\n|-status|p2a: Palafin|par\n|move|p1b: P.A.L.M.S.|Thunder Punch|p2a: Palafin\n|-supereffective|p2a: Palafin\n|-crit|p2a: Palafin\n|-damage|p2a: Palafin|0 fnt\n|faint|p2a: Palafin\n|\n|win|FairyArie\n|raw|FairyArie's rating: 1092 &rarr; <strong>1125<\/strong><br \/>(+33 for winning)\n|raw|KiiDMarVeL's rating: 1191 &rarr; <strong>1159<\/strong><br \/>(-32 for losing)\n|c|\u2606KiiDMarVeL|gg\n","uploadtime":1699711750,"views":17,"p1id":"fairyarie","p2id":"kiidmarvel","formatid":"gen9vgc2023regulatione","rating":1125,"private":0,"password":""}