{"id":"gen9vgc2023regulatione-1989205357","p1":"Ryum","p2":"TheOgreVGC","format":"[Gen 9] VGC 2023 Regulation E","log":"|j|\u2606Ryum\n|j|\u2606TheOgreVGC\n|n|\u2606Ryum|ryum\n|n|\u2606TheOgreVGC|theogrevgc\n|html|View the match progress at <a href=\"\/game-bestof3-gen9vgc2023regulatione-1989199918\">game-bestof3-gen9vgc2023regulatione-1989199918<\/a>\n|t:|1699823245\n|gametype|doubles\n|player|p1|Ryum|cress|\n|player|p2|TheOgreVGC|266|\n|teamsize|p1|6\n|teamsize|p2|6\n|gen|9\n|tier|[Gen 9] VGC 2023 Regulation E\n|rule|Species Clause: Limit one of each Pok\u00e9mon\n|rule|Item Clause: Limit one of each item\n|clearpoke\n|poke|p1|Gallade, L50, M|\n|poke|p1|Torkoal, L50, F|\n|poke|p1|Ursaluna, L50, M|\n|poke|p1|Indeedee-F, L50, F|\n|poke|p1|Urshifu-*, L50, M|\n|poke|p1|Armarouge, L50, M|\n|poke|p2|Tornadus, L50, M|\n|poke|p2|Urshifu-*, L50, F|\n|poke|p2|Arcanine-Hisui, L50, M|\n|poke|p2|Iron Hands, L50|\n|poke|p2|Amoonguss, L50, F|\n|poke|p2|Gholdengo, L50|\n|teampreview|4\nTheOgreVGC has agreed to open team sheets.\nRyum has agreed to open team sheets.\n|showteam|p1|Gallade||SitrusBerry|Sharpness|PsychoCut,SacredSword,WideGuard,TrickRoom|||M|||50|,,,,,Fire]Torkoal||Charcoal|Drought|Eruption,HeatWave,EarthPower,Protect|||F|||50|,,,,,Fire]Ursaluna||FlameOrb|Guts|SwordsDance,Protect,HeadlongRush,Facade|||M|||50|,,,,,Ghost]Indeedee-F||RockyHelmet|PsychicSurge|DazzlingGleam,FollowMe,HelpingHand,TrickRoom|||F|||50|,,,,,Water]Urshifu||ChoiceScarf|UnseenFist|Uturn,WickedBlow,IronHead,CloseCombat|||M|||50|,,,,,Dark]Armarouge||LifeOrb|FlashFire|ExpandingForce,HeatWave,TrickRoom,Protect|||M|||50|,,,,,Psychic\n|showteam|p2|Tornadus||FocusSash|Prankster|BleakwindStorm,RainDance,Tailwind,Protect|||M|||50|,,,,,Ghost]Urshifu-Rapid-Strike||MysticWater|UnseenFist|SurgingStrikes,CloseCombat,AquaJet,Protect|||F|||50|,,,,,Water]Arcanine-Hisui||ChoiceBand|Intimidate|RockSlide,FlareBlitz,ExtremeSpeed,TeraBlast|||M|||50|,,,,,Fairy]Iron Hands||AssaultVest|QuarkDrive|WildCharge,DrainPunch,VoltSwitch,FakeOut||||||50|,,,,,Grass]Amoonguss||RockyHelmet|Regenerator|PollenPuff,Spore,RagePowder,ClearSmog|||F|||50|,,,,,Water]Gholdengo||SitrusBerry|GoodasGold|NastyPlot,MakeItRain,ShadowBall,Protect||||||50|,,,,,Dragon\n|j| cach92\n|j| Proto_GMM\n|\n|t:|1699823284\n|start\n|switch|p1a: SORM AXILY|Indeedee-F, L50, F|100\/100\n|switch|p1b: Gallade|Gallade, L50, M, shiny|100\/100\n|switch|p2a: Amoonguss|Amoonguss, L50, F, shiny|100\/100\n|switch|p2b: Urshifu|Urshifu-Rapid-Strike, L50, F|100\/100\n|-fieldstart|move: Psychic Terrain|[from] ability: Psychic Surge|[of] p1a: SORM AXILY\n|turn|1\n|\n|t:|1699823309\n|switch|p2b: Arcanine|Arcanine-Hisui, L50, M|100\/100\n|-ability|p2b: Arcanine|Intimidate|boost\n|-unboost|p1a: SORM AXILY|atk|1\n|-unboost|p1b: Gallade|atk|1\n|move|p1a: SORM AXILY|Follow Me|p1a: SORM AXILY\n|-singleturn|p1a: SORM AXILY|move: Follow Me\n|move|p1b: Gallade|Psycho Cut|p2a: Amoonguss\n|-supereffective|p2a: Amoonguss\n|-damage|p2a: Amoonguss|26\/100\n|move|p2a: Amoonguss|Spore|p1a: SORM AXILY\n|-status|p1a: SORM AXILY|slp|[from] move: Spore\n|\n|upkeep\n|turn|2\n|\n|t:|1699823384\n|switch|p2a: Gholdengo|Gholdengo, L50|100\/100\n|-terastallize|p2b: Arcanine|Fairy\n|-terastallize|p1b: Gallade|Fire\n|cant|p1a: SORM AXILY|slp\n|move|p2b: Arcanine|Tera Blast|p1b: Gallade|[anim] Tera Blast Fairy\n|-resisted|p1b: Gallade\n|-damage|p1b: Gallade|66\/100\n|move|p1b: Gallade|Psycho Cut|p2a: Gholdengo\n|-resisted|p2a: Gholdengo\n|-damage|p2a: Gholdengo|78\/100\n|\n|upkeep\n|turn|3\n|\n|t:|1699823427\n|move|p2b: Arcanine|Tera Blast|p1b: Gallade|[anim] Tera Blast Fairy\n|-resisted|p1b: Gallade\n|-damage|p1b: Gallade|32\/100\n|-enditem|p1b: Gallade|Sitrus Berry|[eat]\n|-heal|p1b: Gallade|57\/100|[from] item: Sitrus Berry\n|move|p2a: Gholdengo|Nasty Plot|p2a: Gholdengo\n|-boost|p2a: Gholdengo|spa|2\n|move|p1b: Gallade|Psycho Cut|p2b: Arcanine\n|-damage|p2b: Arcanine|54\/100\n|cant|p1a: SORM AXILY|slp\n|\n|upkeep\n|turn|4\n|\n|t:|1699823456\n|cant|p1a: SORM AXILY|slp\n|move|p2b: Arcanine|Tera Blast|p1a: SORM AXILY|[anim] Tera Blast Fairy\n|-damage|p1a: SORM AXILY|46\/100 slp\n|move|p2a: Gholdengo|Make It Rain|p1b: Gallade|[spread] p1a,p1b\n|-resisted|p1b: Gallade\n|-damage|p1a: SORM AXILY|0 fnt\n|-damage|p1b: Gallade|12\/100\n|-unboost|p2a: Gholdengo|spa|1\n|faint|p1a: SORM AXILY\n|move|p1b: Gallade|Trick Room|p1b: Gallade\n|-fieldstart|move: Trick Room|[of] p1b: Gallade\n|\n|upkeep\n|\n|t:|1699823464\n|switch|p1a: GINA|Torkoal, L50, F|100\/100\n|-weather|SunnyDay|[from] ability: Drought|[of] p1a: GINA\n|turn|5\n|\n|t:|1699823480\n|move|p2a: Gholdengo|Protect|p2a: Gholdengo\n|-singleturn|p2a: Gholdengo|Protect\n|move|p1a: GINA|Eruption|p2a: Gholdengo|[spread] p2b\n|-activate|p2a: Gholdengo|move: Protect\n|-damage|p2b: Arcanine|0 fnt\n|faint|p2b: Arcanine\n|move|p1b: Gallade|Psycho Cut|p2a: Gholdengo\n|-activate|p2a: Gholdengo|move: Protect\n|\n|-weather|SunnyDay|[upkeep]\n|-fieldend|move: Psychic Terrain\n|upkeep\n|\n|t:|1699823489\n|switch|p2b: Amoonguss|Amoonguss, L50, F, shiny|59\/100\n|turn|6\n|\n|t:|1699823516\n|move|p1a: GINA|Eruption|p2a: Gholdengo|[spread] p2a,p2b\n|-supereffective|p2a: Gholdengo\n|-supereffective|p2b: Amoonguss\n|-damage|p2a: Gholdengo|0 fnt\n|-damage|p2b: Amoonguss|0 fnt\n|faint|p2a: Gholdengo\n|faint|p2b: Amoonguss\n|move|p1b: Gallade|Psycho Cut|p2: Gholdengo|[notarget]\n|-fail|p1b: Gallade\n|\n|-weather|SunnyDay|[upkeep]\n|upkeep\n|\n|t:|1699823524\n|switch|p2b: Urshifu|Urshifu-Rapid-Strike, L50, F|100\/100\n|turn|7\n|\n|t:|1699823534\n|move|p2b: Urshifu|Protect|p2b: Urshifu\n|-singleturn|p2b: Urshifu|Protect\n|move|p1a: GINA|Eruption|p2b: Urshifu\n|-activate|p2b: Urshifu|move: Protect\n|move|p1b: Gallade|Psycho Cut|p2b: Urshifu\n|-activate|p2b: Urshifu|move: Protect\n|\n|-weather|SunnyDay|[upkeep]\n|upkeep\n|turn|8\n|\n|t:|1699823545\n|move|p2b: Urshifu|Aqua Jet|p1b: Gallade\n|-supereffective|p1b: Gallade\n|-damage|p1b: Gallade|0 fnt\n|faint|p1b: Gallade\n|move|p1a: GINA|Eruption|p2b: Urshifu\n|-resisted|p2b: Urshifu\n|-damage|p2b: Urshifu|17\/100\n|\n|-weather|SunnyDay|[upkeep]\n|-fieldend|move: Trick Room\n|upkeep\n|\n|t:|1699823551\n|switch|p1b: Ade|Armarouge, L50, M|100\/100\n|turn|9\n|c|\u2606Ryum|gg\n|\n|t:|1699823561\n|move|p2b: Urshifu|Protect|p2b: Urshifu\n|-singleturn|p2b: Urshifu|Protect\n|move|p1b: Ade|Expanding Force|p2b: Urshifu\n|-activate|p2b: Urshifu|move: Protect\n|move|p1a: GINA|Earth Power|p2b: Urshifu\n|-activate|p2b: Urshifu|move: Protect\n|\n|-weather|none\n|upkeep\n|turn|10\n|\n|t:|1699823569\n|move|p2b: Urshifu|Surging Strikes|p1b: Ade\n|-supereffective|p1b: Ade\n|-crit|p1b: Ade\n|-damage|p1b: Ade|56\/100\n|-supereffective|p1b: Ade\n|-crit|p1b: Ade\n|-damage|p1b: Ade|15\/100\n|-supereffective|p1b: Ade\n|-crit|p1b: Ade\n|-damage|p1b: Ade|0 fnt\n|faint|p1b: Ade\n|-hitcount|p1: Ade|3\n|move|p1a: GINA|Earth Power|p2b: Urshifu\n|-damage|p2b: Urshifu|0 fnt\n|faint|p2b: Urshifu\n|\n|win|Ryum\n|c|\u2606TheOgreVGC|ggs\n|l| Proto_GMM\n|l| cach92\n","uploadtime":1699823584,"views":29,"p1id":"ryum","p2id":"theogrevgc","formatid":"gen9vgc2023regulatione","rating":0,"private":0,"password":""}