{"id":"gen9vgc2023regulatione-1988770715","p1":"gokturkxd","p2":"Zeltink","format":"[Gen 9] VGC 2023 Regulation E","log":"|j|\u2606gokturkxd\n|j|\u2606Zeltink\n|t:|1699760929\n|gametype|doubles\n|player|p1|gokturkxd|n-masters3|1042\n|player|p2|Zeltink|hilbert|1093\n|teamsize|p1|6\n|teamsize|p2|6\n|gen|9\n|tier|[Gen 9] VGC 2023 Regulation E\n|rated|\n|rule|Species Clause: Limit one of each Pok\u00e9mon\n|rule|Item Clause: Limit one of each item\n|clearpoke\n|poke|p1|Goodra-Hisui, L50, M|\n|poke|p1|Drifblim, L50, F|\n|poke|p1|Gyarados, L50, F|\n|poke|p1|Rillaboom, L50, F|\n|poke|p1|Heatran, L50, F|\n|poke|p1|Chien-Pao, L50|\n|poke|p2|Garchomp, L50, M|\n|poke|p2|Eelektross, L50, F|\n|poke|p2|Tornadus, L50, M|\n|poke|p2|Typhlosion-Hisui, L50, M|\n|poke|p2|Ogerpon-Hearthflame, L50, F|\n|poke|p2|Farigiraf, L50, M|\n|teampreview|4\ngokturkxd rejected open team sheets.\n|\n|t:|1699760971\n|start\n|switch|p1a: Rillaboom|Rillaboom, L50, F|100\/100\n|switch|p1b: Drifblim|Drifblim, L50, F|100\/100\n|switch|p2a: Tornadus|Tornadus, L50, M, shiny|100\/100\n|switch|p2b: Ogerpon|Ogerpon-Hearthflame, L50, F|100\/100\n|-ability|p2b: Ogerpon|Mold Breaker\n|-fieldstart|move: Grassy Terrain|[from] ability: Grassy Surge|[of] p1a: Rillaboom\n|-enditem|p1b: Drifblim|Grassy Seed\n|-boost|p1b: Drifblim|def|1|[from] item: Grassy Seed\n|turn|1\n|\n|t:|1699761001\n|move|p2b: Ogerpon|Spiky Shield|p2b: Ogerpon\n|-singleturn|p2b: Ogerpon|move: Protect\n|move|p1a: Rillaboom|Fake Out|p2a: Tornadus\n|-damage|p2a: Tornadus|88\/100\n|cant|p2a: Tornadus|flinch\n|move|p1b: Drifblim|Thunder Wave|p2b: Ogerpon\n|-activate|p2b: Ogerpon|move: Protect\n|\n|upkeep\n|turn|2\n|\n|t:|1699761025\n|move|p2a: Tornadus|Tailwind|p2a: Tornadus\n|-sidestart|p2: Zeltink|move: Tailwind\n|move|p2b: Ogerpon|Ivy Cudgel|p1a: Rillaboom\n|-supereffective|p1a: Rillaboom\n|-damage|p1a: Rillaboom|0 fnt\n|faint|p1a: Rillaboom\n|move|p1b: Drifblim|Thunder Wave|p2b: Ogerpon\n|-status|p2b: Ogerpon|par\n|\n|upkeep\n|\n|t:|1699761035\n|switch|p1a: Gyarados|Gyarados, L50, F|100\/100\n|-ability|p1a: Gyarados|Intimidate|boost\n|-unboost|p2a: Tornadus|atk|1\n|-unboost|p2b: Ogerpon|atk|1\n|turn|3\n|\n|t:|1699761051\n|move|p2a: Tornadus|Sunny Day|p2a: Tornadus\n|-weather|SunnyDay\n|move|p1b: Drifblim|Icy Wind|p2b: Ogerpon|[spread] p2a,p2b\n|-supereffective|p2a: Tornadus\n|-damage|p2a: Tornadus|62\/100\n|-damage|p2b: Ogerpon|87\/100 par\n|-unboost|p2a: Tornadus|spe|1\n|-unboost|p2b: Ogerpon|spe|1\n|move|p1a: Gyarados|Stone Edge|p2a: Tornadus\n|-supereffective|p2a: Tornadus\n|-damage|p2a: Tornadus|0 fnt\n|faint|p2a: Tornadus\n|-damage|p1a: Gyarados|90\/100|[from] item: Life Orb\n|cant|p2b: Ogerpon|par\n|\n|-weather|SunnyDay|[upkeep]\n|-heal|p2b: Ogerpon|93\/100 par|[from] Grassy Terrain\n|upkeep\n|\n|t:|1699761066\n|switch|p2a: Eelektross|Eelektross, L50, F|100\/100\n|turn|4\n|\n|t:|1699761085\n|-terastallize|p1b: Drifblim|Ghost\n|-terastallize|p2b: Ogerpon|Fire\n|detailschange|p2b: Ogerpon|Ogerpon-Hearthflame-Tera, L50, F, tera:Fire\n|-ability|p2b: Ogerpon|Embody Aspect (Hearthflame)|boost\n|-boost|p2b: Ogerpon|atk|1\n|move|p1b: Drifblim|Shadow Ball|p2a: Eelektross\n|-damage|p2a: Eelektross|63\/100\n|-unboost|p2a: Eelektross|spd|1\n|move|p1a: Gyarados|Stone Edge|p2b: Ogerpon\n|-supereffective|p2b: Ogerpon\n|-damage|p2b: Ogerpon|0 fnt\n|faint|p2b: Ogerpon\n|-damage|p1a: Gyarados|80\/100|[from] item: Life Orb\n|move|p2a: Eelektross|Thunderbolt|p1a: Gyarados\n|-supereffective|p1a: Gyarados\n|-damage|p1a: Gyarados|0 fnt\n|faint|p1a: Gyarados\n|\n|-weather|SunnyDay|[upkeep]\n|upkeep\n|\n|t:|1699761102\n|switch|p2b: Garchomp|Garchomp, L50, M|100\/100\n|switch|p1a: Goodra|Goodra-Hisui, L50, M|100\/100\n|turn|5\n|\n|t:|1699761134\n|move|p2b: Garchomp|Earthquake|p1b: Drifblim|[spread] p1a,p1b\n|-immune|p2a: Eelektross|[from] ability: Levitate\n|-supereffective|p1a: Goodra\n|-damage|p1a: Goodra|62\/100\n|-damage|p1b: Drifblim|79\/100\n|move|p1b: Drifblim|Icy Wind|p2a: Eelektross|[spread] p2a,p2b\n|-supereffective|p2b: Garchomp\n|-damage|p2a: Eelektross|49\/100\n|-damage|p2b: Garchomp|44\/100\n|-unboost|p2a: Eelektross|spe|1\n|-unboost|p2b: Garchomp|spe|1\n|move|p2a: Eelektross|Thunderbolt|p1b: Drifblim\n|-damage|p1b: Drifblim|23\/100\n|move|p1a: Goodra|Acid Armor|p1a: Goodra\n|-boost|p1a: Goodra|def|2\n|\n|-weather|SunnyDay|[upkeep]\n|-heal|p1b: Drifblim|29\/100|[from] Grassy Terrain\n|-heal|p2b: Garchomp|50\/100|[from] Grassy Terrain\n|-heal|p1a: Goodra|68\/100|[from] Grassy Terrain\n|-sideend|p2: Zeltink|move: Tailwind\n|-fieldend|move: Grassy Terrain\n|upkeep\n|turn|6\n|\n|t:|1699761159\n|move|p2b: Garchomp|Protect|p2b: Garchomp\n|-singleturn|p2b: Garchomp|Protect\n|move|p1b: Drifblim|Shadow Ball|p2a: Eelektross\n|-damage|p2a: Eelektross|0 fnt\n|faint|p2a: Eelektross\n|move|p1a: Goodra|Body Press|p2b: Garchomp\n|-activate|p2b: Garchomp|move: Protect\n|\n|-weather|SunnyDay|[upkeep]\n|upkeep\n|turn|7\n|\n|t:|1699761170\n|move|p1b: Drifblim|Shadow Ball|p2b: Garchomp\n|-damage|p2b: Garchomp|0 fnt\n|faint|p2b: Garchomp\n|\n|win|gokturkxd\n|raw|gokturkxd's rating: 1042 &rarr; <strong>1081<\/strong><br \/>(+39 for winning)\n|raw|Zeltink's rating: 1093 &rarr; <strong>1066<\/strong><br \/>(-27 for losing)\n|l|\u2606gokturkxd\n","uploadtime":1699761207,"views":11,"p1id":"gokturkxd","p2id":"zeltink","formatid":"gen9vgc2023regulatione","rating":1066,"private":0,"password":""}