{"id":"gen9vgc2023regulatione-2000627402","p1":"Nta07","p2":"FDR1776","format":"[Gen 9] VGC 2023 Regulation E","log":"|j|\u2606Nta07\n|j|\u2606FDR1776\n|t:|1701212039\n|gametype|doubles\n|player|p1|Nta07|101|1138\n|player|p2|FDR1776|mars|1104\n|teamsize|p1|6\n|teamsize|p2|6\n|gen|9\n|tier|[Gen 9] VGC 2023 Regulation E\n|rated|\n|rule|Species Clause: Limit one of each Pok\u00e9mon\n|rule|Item Clause: Limit one of each item\n|clearpoke\n|poke|p1|Sylveon, L50, M|\n|poke|p1|Oranguru, L50, M|\n|poke|p1|Arcanine, L50, M|\n|poke|p1|Arbok, L50, M|\n|poke|p1|Ursaluna-Bloodmoon, L50, M|\n|poke|p1|Ambipom, L50, F|\n|poke|p2|Arcanine-Hisui, L50, M|\n|poke|p2|Iron Hands, L50|\n|poke|p2|Flutter Mane, L50|\n|poke|p2|Tornadus, L50, M|\n|poke|p2|Sinistcha-Masterpiece, L50|\n|poke|p2|Chi-Yu, L50|\n|teampreview|4\n|inactive|Battle timer is ON: inactive players will automatically lose when time's up. (requested by Nta07)\n|\n|t:|1701212094\n|start\n|switch|p1a: Sylveon|Sylveon, L50, M, shiny|100\/100\n|switch|p1b: Oranguru|Oranguru, L50, M|100\/100\n|switch|p2a: Arcanine|Arcanine-Hisui, L50, M, shiny|100\/100\n|switch|p2b: Iron Hands|Iron Hands, L50|100\/100\n|-ability|p2a: Arcanine|Intimidate|boost\n|-unboost|p1a: Sylveon|atk|1\n|-unboost|p1b: Oranguru|atk|1\n|turn|1\n|\n|t:|1701212116\n|move|p1a: Sylveon|Protect|p1a: Sylveon\n|-singleturn|p1a: Sylveon|Protect\n|move|p2b: Iron Hands|Fake Out|p1b: Oranguru\n|-damage|p1b: Oranguru|84\/100\n|move|p2a: Arcanine|Extreme Speed|p1a: Sylveon\n|-activate|p1a: Sylveon|move: Protect\n|cant|p1b: Oranguru|flinch\n|\n|upkeep\n|turn|2\n|\n|t:|1701212135\n|-terastallize|p1a: Sylveon|Ground\n|move|p2a: Arcanine|Extreme Speed|p1b: Oranguru\n|-crit|p1b: Oranguru\n|-damage|p1b: Oranguru|19\/100\n|move|p1a: Sylveon|Tera Blast|p2a: Arcanine|[anim] Tera Blast Ground\n|-supereffective|p2a: Arcanine\n|-damage|p2a: Arcanine|0 fnt\n|faint|p2a: Arcanine\n|move|p2b: Iron Hands|Heavy Slam|p1a: Sylveon\n|-damage|p1a: Sylveon|49\/100\n|move|p1b: Oranguru|Trick Room|p1b: Oranguru\n|-fieldstart|move: Trick Room|[of] p1b: Oranguru\n|\n|upkeep\n|\n|t:|1701212147\n|switch|p2a: Sinistcha|Sinistcha-Masterpiece, L50|100\/100\n|turn|3\n|\n|t:|1701212159\n|move|p1a: Sylveon|Protect|p1a: Sylveon\n|-singleturn|p1a: Sylveon|Protect\n|move|p2b: Iron Hands|Drain Punch|p1b: Oranguru\n|-damage|p1b: Oranguru|0 fnt\n|faint|p1b: Oranguru\n|move|p2a: Sinistcha|Matcha Gotcha|p1a: Sylveon\n|-activate|p1a: Sylveon|move: Protect\n|\n|upkeep\n|\n|t:|1701212165\n|switch|p1b: Ambipom|Ambipom, L50, F|100\/100\n|turn|4\n|\n|t:|1701212177\n|move|p1b: Ambipom|Fake Out|p2b: Iron Hands\n|-enditem|p1b: Ambipom|Normal Gem|[from] gem\n|-damage|p2b: Iron Hands|77\/100\n|cant|p2b: Iron Hands|flinch\n|move|p1a: Sylveon|Hyper Voice|p2b: Iron Hands|[spread] p2a,p2b\n|-supereffective|p2b: Iron Hands\n|-crit|p2b: Iron Hands\n|-damage|p2a: Sinistcha|58\/100\n|-damage|p2b: Iron Hands|19\/100\n|-enditem|p1a: Sylveon|Throat Spray\n|-boost|p1a: Sylveon|spa|1|[from] item: Throat Spray\n|move|p2a: Sinistcha|Matcha Gotcha|p1a: Sylveon|[spread] p1a,p1b\n|-supereffective|p1a: Sylveon\n|-damage|p1a: Sylveon|13\/100\n|-heal|p2a: Sinistcha|80\/100|[from] drain|[of] p1a: Sylveon\n|-damage|p1b: Ambipom|56\/100\n|-heal|p2a: Sinistcha|100\/100|[from] drain|[of] p1b: Ambipom\n|-status|p1b: Ambipom|brn\n|\n|-damage|p1b: Ambipom|50\/100 brn|[from] brn\n|upkeep\n|turn|5\n|\n|t:|1701212201\n|-end|p2b: Iron Hands|Quark Drive|[silent]\n|switch|p2b: Flutter Mane|Flutter Mane, L50|100\/100\n|move|p1a: Sylveon|Quick Attack|p2b: Flutter Mane\n|-damage|p2b: Flutter Mane|86\/100\n|move|p2a: Sinistcha|Matcha Gotcha|p1a: Sylveon|[spread] p1a,p1b\n|-supereffective|p1a: Sylveon\n|-damage|p1a: Sylveon|0 fnt\n|-damage|p1b: Ambipom|6\/100 brn\n|faint|p1a: Sylveon\n|move|p1b: Ambipom|Knock Off|p2a: Sinistcha\n|-supereffective|p2a: Sinistcha\n|-damage|p2a: Sinistcha|73\/100\n|-damage|p1b: Ambipom|0 fnt|[from] item: Rocky Helmet|[of] p2a: Sinistcha\n|faint|p1b: Ambipom\n|\n|upkeep\n|-message|Nta07 forfeited.\n|\n|win|FDR1776\n|raw|Nta07's rating: 1138 &rarr; <strong>1111<\/strong><br \/>(-27 for losing)\n|raw|FDR1776's rating: 1104 &rarr; <strong>1131<\/strong><br \/>(+27 for winning)\n|l|\u2606Nta07\n|c|\u2606FDR1776|gg\n","uploadtime":1701212223,"views":1,"p1id":"nta07","p2id":"fdr1776","formatid":"gen9vgc2023regulatione","rating":1111,"private":0,"password":""}