{"id":"gen9vgc2023regulatione-1994434607","p1":"cygnusx1018","p2":"Reversery","format":"[Gen 9] VGC 2023 Regulation E","log":"|j|\u2606cygnusx1018\n|j|\u2606Reversery\n|n|\u2606cygnusx1018|cygnusx1018\n|n|\u2606Reversery|reversery\n|html|View the match progress at <a href=\"\/game-bestof3-gen9vgc2023regulatione-1994432674\">game-bestof3-gen9vgc2023regulatione-1994432674<\/a>\n|t:|1700443548\n|gametype|doubles\n|player|p1|cygnusx1018|101|\n|player|p2|Reversery|dawn-gen4pt|\n|teamsize|p1|6\n|teamsize|p2|6\n|gen|9\n|tier|[Gen 9] VGC 2023 Regulation E\n|rule|Species Clause: Limit one of each Pok\u00e9mon\n|rule|Item Clause: Limit one of each item\n|clearpoke\n|poke|p1|Ditto, L50|\n|poke|p1|Gyarados, L50, F|\n|poke|p1|Maushold, L50|\n|poke|p1|Tornadus, L50, M|\n|poke|p1|Chi-Yu, L50|\n|poke|p1|Chien-Pao, L50|\n|poke|p2|Rillaboom, L50, M|\n|poke|p2|Heatran, L50, M|\n|poke|p2|Clefairy, L50, F|\n|poke|p2|Eiscue, L50, M|\n|poke|p2|Tornadus-Therian, L50, M|\n|poke|p2|Houndstone, L50, F|\n|teampreview|4\nReversery rejected open team sheets.\n|j| SCRUMPTIOUSBREAD\n|\n|t:|1700443592\n|start\n|switch|p1a: WEEEEEEE (U)|Tornadus, L50, M|100\/100\n|switch|p1b: Magic Karp|Gyarados, L50, F|100\/100\n|switch|p2a: Pillow|Clefairy, L50, F|100\/100\n|switch|p2b: Club Penguin|Eiscue, L50, M|100\/100\n|-ability|p1b: Magic Karp|Intimidate|boost\n|-unboost|p2a: Pillow|atk|1\n|-unboost|p2b: Club Penguin|atk|1\n|turn|1\n|inactive|Battle timer is ON: inactive players will automatically lose when time's up. (requested by cygnusx1018)\n|\n|t:|1700443613\n|move|p2a: Pillow|Helping Hand|p2b: Club Penguin\n|-singleturn|p2b: Club Penguin|Helping Hand|[of] p2a: Pillow\n|move|p1a: WEEEEEEE (U)|Taunt|p2a: Pillow\n|-start|p2a: Pillow|move: Taunt\n|move|p1b: Magic Karp|Waterfall|p2b: Club Penguin\n|-activate|p2b: Club Penguin|ability: Ice Face\n|-damage|p2b: Club Penguin|100\/100\n|detailschange|p2b: Club Penguin|Eiscue-Noice, L50, M\n|cant|p2b: Club Penguin|flinch\n|\n|upkeep\n|turn|2\n|inactive|cygnusx1018 has 30 seconds left.\n|\n|t:|1700443639\n|move|p1a: WEEEEEEE (U)|Tailwind|p1a: WEEEEEEE (U)\n|-sidestart|p1: cygnusx1018|move: Tailwind\n|move|p1b: Magic Karp|Bulldoze|p2a: Pillow|[spread] p2a,p2b\n|-immune|p1a: WEEEEEEE (U)\n|-damage|p2a: Pillow|88\/100\n|-damage|p2b: Club Penguin|82\/100\n|-unboost|p2a: Pillow|spe|1\n|-unboost|p2b: Club Penguin|spe|1\n|move|p2b: Club Penguin|Icicle Crash|p1a: WEEEEEEE (U)\n|-supereffective|p1a: WEEEEEEE (U)\n|-damage|p1a: WEEEEEEE (U)|34\/100\n|-activate|p2a: Pillow|move: Struggle\n|move|p2a: Pillow|Struggle|p1a: WEEEEEEE (U)\n|-damage|p1a: WEEEEEEE (U)|28\/100\n|-damage|p2a: Pillow|63\/100|[from] recoil\n|\n|upkeep\n|turn|3\n|inactive|Reversery has 30 seconds left.\n|\n|t:|1700443665\n|move|p1a: WEEEEEEE (U)|Bleakwind Storm|p2a: Pillow|[spread] p2a,p2b\n|-damage|p2a: Pillow|34\/100\n|-damage|p2b: Club Penguin|26\/100\n|-unboost|p2a: Pillow|spe|1\n|-enditem|p2b: Club Penguin|Sitrus Berry|[eat]\n|-heal|p2b: Club Penguin|50\/100|[from] item: Sitrus Berry\n|move|p1b: Magic Karp|Waterfall|p2b: Club Penguin\n|-damage|p2b: Club Penguin|0 fnt\n|faint|p2b: Club Penguin\n|-activate|p2a: Pillow|move: Struggle\n|move|p2a: Pillow|Struggle|p1b: Magic Karp\n|-damage|p1b: Magic Karp|95\/100\n|-damage|p2a: Pillow|9\/100|[from] recoil\n|\n|upkeep\n|\n|t:|1700443680\n|switch|p2b: Whitebeard|Tornadus-Therian, L50, M|100\/100\n|turn|4\n|\n|t:|1700443696\n|move|p1a: WEEEEEEE (U)|Bleakwind Storm|p2b: Whitebeard|[spread] p2a\n|-miss|p1a: WEEEEEEE (U)|p2b: Whitebeard\n|-damage|p2a: Pillow|0 fnt\n|faint|p2a: Pillow\n|move|p1b: Magic Karp|Ice Fang|p2b: Whitebeard\n|-supereffective|p2b: Whitebeard\n|-damage|p2b: Whitebeard|37\/100\n|-status|p2b: Whitebeard|frz\n|cant|p2b: Whitebeard|frz\n|\n|upkeep\n|\n|t:|1700443707\n|switch|p2a: My Dog Dead D:|Houndstone, L50, F|100\/100\n|turn|5\n|\n|t:|1700443722\n|move|p1a: WEEEEEEE (U)|Bleakwind Storm|p2b: Whitebeard|[spread] p2a,p2b\n|-damage|p2a: My Dog Dead D:|57\/100\n|-damage|p2b: Whitebeard|0 fnt\n|faint|p2b: Whitebeard\n|move|p1b: Magic Karp|Crunch|p2a: My Dog Dead D:\n|-supereffective|p2a: My Dog Dead D:\n|-damage|p2a: My Dog Dead D:|0 fnt\n|faint|p2a: My Dog Dead D:\n|\n|win|cygnusx1018\n|c|&|\/uhtml prompt-cygnusx1018,cygnusx1018 is ready for game 3!\n","uploadtime":1700443732,"views":6,"p1id":"cygnusx1018","p2id":"reversery","formatid":"gen9vgc2023regulatione","rating":0,"private":0,"password":""}