{"id":"gen9vgc2023regulatione-1994325954","p1":"coolasswurmple22","p2":"AquamarineVGC","format":"[Gen 9] VGC 2023 Regulation E","log":"|j|\u2606coolasswurmple22\n|j|\u2606AquamarineVGC\n|t:|1700431350\n|gametype|doubles\n|player|p1|coolasswurmple22|grimsley|\n|player|p2|AquamarineVGC|lucas-gen4pt|\n|teamsize|p1|6\n|teamsize|p2|6\n|gen|9\n|tier|[Gen 9] VGC 2023 Regulation E\n|rule|Species Clause: Limit one of each Pok\u00e9mon\n|rule|Item Clause: Limit one of each item\n|clearpoke\n|poke|p1|Politoed, L50, F|\n|poke|p1|Tornadus, L50, M|\n|poke|p1|Brambleghast, L50, M|\n|poke|p1|Lumineon, L50, F|\n|poke|p1|Clodsire, L50, M|\n|poke|p1|Kilowattrel, L50, F|\n|poke|p2|Ninetales-Alola, L50, M|\n|poke|p2|Iron Bundle, L50|\n|poke|p2|Clefairy, L50, F|\n|poke|p2|Annihilape, L50, F|\n|poke|p2|Landorus-Therian, L50, M|\n|poke|p2|Cresselia, L50, F|\n|teampreview|4\nAquamarineVGC has agreed to open team sheets.\n|c|\u2606AquamarineVGC|GLHF\ncoolasswurmple22 has agreed to open team sheets.\n|showteam|p1|Politoed||DampRock|Drizzle|Encore,Protect,WeatherBall,HelpingHand|||F|||50|,,,,,Water]Tornadus||SitrusBerry|Prankster|RainDance,Tailwind,BleakwindStorm,Taunt|||M|||50|,,,,,Steel]Brambleghast||MagoBerry|WindRider|SeedBomb,Substitute,LeechSeed,PhantomForce|||M|||50|,,,,,Normal]Lumineon||LifeOrb|StormDrain|DazzlingGleam,IceBeam,Surf,Protect|||F|||50|,,,,,Flying]Clodsire||Leftovers|WaterAbsorb|HelpingHand,Surf,Yawn,Earthquake|||M|||50|,,,,,Ground]Kilowattrel||ChoiceSpecs|WindPower|Thunder,Hurricane,VoltSwitch,WeatherBall|||F|||50|,,,,,Steel\n|showteam|p2|Ninetales-Alola||FocusSash|SnowWarning|Blizzard,DazzlingGleam,AuroraVeil,Protect|||M|||50|,,,,,Ghost]Iron Bundle||AssaultVest|QuarkDrive|Blizzard,FreezeDry,IcyWind,FlipTurn||||||50|,,,,,Ice]Clefairy||Eviolite|FriendGuard|IcyWind,FollowMe,LifeDew,Protect|||F|||50|,,,,,Grass]Annihilape||Leftovers|Defiant|RageFist,DrainPunch,BulkUp,Protect|||F|||50|,,,,,Fire]Landorus-Therian||ChoiceBand|Intimidate|StompingTantrum,TeraBlast,RockSlide,Uturn|||M|||50|,,,,,Flying]Cresselia||RockyHelmet|Levitate|Psychic,IceBeam,LunarBlessing,TrickRoom|||F|||50|,,,,,Poison\n|c|\u2606coolasswurmple22|GLHF\n|\n|t:|1700431399\n|start\n|switch|p1a: jakepaulitoed|Politoed, L50, F, shiny|100\/100\n|switch|p1b: flush factory|Lumineon, L50, F, shiny|100\/100\n|switch|p2a: Clefairy|Clefairy, L50, F|100\/100\n|switch|p2b: Landorus|Landorus-Therian, L50, M|100\/100\n|-ability|p2b: Landorus|Intimidate|boost\n|-unboost|p1a: jakepaulitoed|atk|1\n|-unboost|p1b: flush factory|atk|1\n|-weather|RainDance|[from] ability: Drizzle|[of] p1a: jakepaulitoed\n|turn|1\n|j| Van. Volcanucks\n|\n|t:|1700431443\n|-terastallize|p2b: Landorus|Flying\n|move|p1b: flush factory|Ice Beam|p2b: Landorus\n|-supereffective|p2b: Landorus\n|-damage|p2b: Landorus|47\/100\n|-status|p2b: Landorus|frz\n|-damage|p1b: flush factory|91\/100|[from] item: Life Orb\n|cant|p2b: Landorus|frz\n|move|p1a: jakepaulitoed|Weather Ball|p1b: flush factory\n|-activate|p1b: flush factory|ability: Storm Drain\n|-ability|p1b: flush factory|Storm Drain|boost\n|-boost|p1b: flush factory|spa|1\n|move|p2a: Clefairy|Icy Wind|p1b: flush factory|[spread] p1a,p1b\n|-resisted|p1a: jakepaulitoed\n|-resisted|p1b: flush factory\n|-damage|p1a: jakepaulitoed|98\/100\n|-damage|p1b: flush factory|87\/100\n|-unboost|p1a: jakepaulitoed|spe|1\n|-unboost|p1b: flush factory|spe|1\n|\n|-weather|RainDance|[upkeep]\n|upkeep\n|turn|2\n|\n|t:|1700431491\n|cant|p2b: Landorus|frz\n|move|p1b: flush factory|Ice Beam|p2b: Landorus\n|-supereffective|p2b: Landorus\n|-damage|p2b: Landorus|0 fnt\n|faint|p2b: Landorus\n|-damage|p1b: flush factory|77\/100|[from] item: Life Orb\n|move|p1a: jakepaulitoed|Weather Ball|p1b: flush factory\n|-ability|p1b: flush factory|Storm Drain|boost\n|-boost|p1b: flush factory|spa|1\n|move|p2a: Clefairy|Life Dew||[still]\n|-fail|p2a: Clefairy|heal\n|\n|-weather|RainDance|[upkeep]\n|upkeep\n|\n|t:|1700431504\n|switch|p2b: Ninetales|Ninetales-Alola, L50, M|100\/100\n|-weather|Snow|[from] ability: Snow Warning|[of] p2b: Ninetales\n|turn|3\n|\n|t:|1700431525\n|switch|p2a: Iron Bundle|Iron Bundle, L50|100\/100\n|move|p1a: jakepaulitoed|Helping Hand|p1b: flush factory\n|-singleturn|p1b: flush factory|Helping Hand|[of] p1a: jakepaulitoed\n|move|p2b: Ninetales|Aurora Veil|p2b: Ninetales\n|-sidestart|p2: AquamarineVGC|move: Aurora Veil\n|move|p1b: flush factory|Surf|p2a: Iron Bundle|[spread] p1a,p2a,p2b\n|-resisted|p1a: jakepaulitoed\n|-resisted|p2a: Iron Bundle\n|-crit|p2b: Ninetales\n|-damage|p1a: jakepaulitoed|68\/100\n|-damage|p2a: Iron Bundle|70\/100\n|-enditem|p2b: Ninetales|Focus Sash\n|-damage|p2b: Ninetales|1\/100\n|-damage|p1b: flush factory|67\/100|[from] item: Life Orb\n|\n|-weather|Snow|[upkeep]\n|upkeep\n|turn|4\n|\n|t:|1700431573\n|move|p2b: Ninetales|Protect|p2b: Ninetales\n|-singleturn|p2b: Ninetales|Protect\n|move|p1b: flush factory|Protect|p1b: flush factory\n|-singleturn|p1b: flush factory|Protect\n|move|p2a: Iron Bundle|Freeze-Dry|p1b: flush factory\n|-activate|p1b: flush factory|move: Protect\n|move|p1a: jakepaulitoed|Weather Ball|p2b: Ninetales\n|-activate|p2b: Ninetales|move: Protect\n|\n|-weather|Snow|[upkeep]\n|upkeep\n|turn|5\n|\n|t:|1700431595\n|switch|p1b: GIANT SMASH|Clodsire, L50, M, shiny|100\/100\n|move|p2a: Iron Bundle|Freeze-Dry|p1b: GIANT SMASH\n|-supereffective|p1b: GIANT SMASH\n|-damage|p1b: GIANT SMASH|65\/100\n|-status|p1b: GIANT SMASH|frz\n|move|p2b: Ninetales|Dazzling Gleam|p1a: jakepaulitoed|[spread] p1a,p1b\n|-resisted|p1b: GIANT SMASH\n|-damage|p1a: jakepaulitoed|52\/100\n|-damage|p1b: GIANT SMASH|59\/100 frz\n|move|p1a: jakepaulitoed|Weather Ball|p2b: Ninetales\n|-resisted|p2b: Ninetales\n|-damage|p2b: Ninetales|0 fnt\n|faint|p2b: Ninetales\n|\n|-weather|Snow|[upkeep]\n|-heal|p1b: GIANT SMASH|65\/100 frz|[from] item: Leftovers\n|upkeep\n|\n|t:|1700431610\n|switch|p2b: Clefairy|Clefairy, L50, F|100\/100\n|turn|6\n|\n|t:|1700431643\n|move|p1a: jakepaulitoed|Protect|p1a: jakepaulitoed\n|-singleturn|p1a: jakepaulitoed|Protect\n|move|p2a: Iron Bundle|Blizzard|p1b: GIANT SMASH|[spread] p1b\n|-activate|p1a: jakepaulitoed|move: Protect\n|-supereffective|p1b: GIANT SMASH\n|-damage|p1b: GIANT SMASH|27\/100 frz\n|move|p2b: Clefairy|Life Dew||[still]|[spread] p2a,p2b\n|-heal|p2a: Iron Bundle|95\/100\n|-fail|p2b: Clefairy|heal\n|cant|p1b: GIANT SMASH|frz\n|\n|-weather|Snow|[upkeep]\n|-heal|p1b: GIANT SMASH|33\/100 frz|[from] item: Leftovers\n|upkeep\n|turn|7\n|\n|t:|1700431660\n|switch|p1a: runner up|Kilowattrel, L50, F|100\/100\n|move|p2a: Iron Bundle|Freeze-Dry|p1a: runner up\n|-supereffective|p1a: runner up\n|-damage|p1a: runner up|0 fnt\n|faint|p1a: runner up\n|move|p2b: Clefairy|Icy Wind|p1b: GIANT SMASH\n|-supereffective|p1b: GIANT SMASH\n|-damage|p1b: GIANT SMASH|24\/100 frz\n|-unboost|p1b: GIANT SMASH|spe|1\n|cant|p1b: GIANT SMASH|frz\n|\n|-weather|none\n|-heal|p1b: GIANT SMASH|30\/100 frz|[from] item: Leftovers\n|-sideend|p2: AquamarineVGC|move: Aurora Veil\n|upkeep\n|\n|t:|1700431675\n|switch|p1a: jakepaulitoed|Politoed, L50, F, shiny|52\/100\n|-weather|RainDance|[from] ability: Drizzle|[of] p1a: jakepaulitoed\n|turn|8\n|\n|t:|1700431693\n|move|p2b: Clefairy|Follow Me|p2b: Clefairy\n|-singleturn|p2b: Clefairy|move: Follow Me\n|move|p2a: Iron Bundle|Freeze-Dry|p1a: jakepaulitoed\n|-supereffective|p1a: jakepaulitoed\n|-damage|p1a: jakepaulitoed|11\/100\n|move|p1a: jakepaulitoed|Weather Ball|p2b: Clefairy\n|-damage|p2b: Clefairy|65\/100\n|cant|p1b: GIANT SMASH|frz\n|\n|-weather|RainDance|[upkeep]\n|-heal|p1b: GIANT SMASH|36\/100 frz|[from] item: Leftovers\n|upkeep\n|turn|9\n|\n|t:|1700431709\n|move|p2a: Iron Bundle|Freeze-Dry|p1a: jakepaulitoed\n|-supereffective|p1a: jakepaulitoed\n|-damage|p1a: jakepaulitoed|0 fnt\n|faint|p1a: jakepaulitoed\n|move|p2b: Clefairy|Life Dew|p2b: Clefairy|[spread] p2a,p2b\n|-heal|p2a: Iron Bundle|100\/100\n|-heal|p2b: Clefairy|90\/100\n|cant|p1b: GIANT SMASH|frz\n|\n|-weather|RainDance|[upkeep]\n|-heal|p1b: GIANT SMASH|41\/100 frz|[from] item: Leftovers\n|upkeep\n|\n|t:|1700431737\n|switch|p1a: flush factory|Lumineon, L50, F, shiny|67\/100\n|turn|10\n|\n|t:|1700431745\n|move|p2b: Clefairy|Protect|p2b: Clefairy\n|-singleturn|p2b: Clefairy|Protect\n|move|p2a: Iron Bundle|Freeze-Dry|p1a: flush factory\n|-supereffective|p1a: flush factory\n|-damage|p1a: flush factory|0 fnt\n|faint|p1a: flush factory\n|cant|p1b: GIANT SMASH|frz\n|\n|-weather|RainDance|[upkeep]\n|-heal|p1b: GIANT SMASH|47\/100 frz|[from] item: Leftovers\n|upkeep\n|turn|11\n|\n|t:|1700431757\n|move|p2a: Iron Bundle|Freeze-Dry|p1b: GIANT SMASH\n|-supereffective|p1b: GIANT SMASH\n|-damage|p1b: GIANT SMASH|11\/100 frz\n|move|p2b: Clefairy|Icy Wind|p1b: GIANT SMASH\n|-supereffective|p1b: GIANT SMASH\n|-damage|p1b: GIANT SMASH|2\/100 frz\n|-unboost|p1b: GIANT SMASH|spe|1\n|cant|p1b: GIANT SMASH|frz\n|\n|-weather|RainDance|[upkeep]\n|-heal|p1b: GIANT SMASH|8\/100 frz|[from] item: Leftovers\n|upkeep\n|turn|12\n|\n|t:|1700431770\n|move|p2a: Iron Bundle|Freeze-Dry|p1b: GIANT SMASH\n|-supereffective|p1b: GIANT SMASH\n|-damage|p1b: GIANT SMASH|0 fnt\n|faint|p1b: GIANT SMASH\n|\n|win|AquamarineVGC\n|l|\u2606coolasswurmple22\n|l| Van. Volcanucks\n","uploadtime":1700431777,"views":5,"p1id":"coolasswurmple22","p2id":"aquamarinevgc","formatid":"gen9vgc2023regulatione","rating":0,"private":0,"password":""}