{"id":"gen9vgc2023regulatione-1988567164","p1":"BowDog!","p2":"mochipupusa","format":"[Gen 9] VGC 2023 Regulation E","log":"|j|\u2606BowDog!\n|j|\u2606mochipupusa\n|n|\u2606BowDog!|bowdog\n|n|\u2606mochipupusa|mochipupusa\n|html|View the match progress at <a href=\"\/game-bestof3-gen9vgc2023regulatione-1988567163\">game-bestof3-gen9vgc2023regulatione-1988567163<\/a>\n|t:|1699736916\n|gametype|doubles\n|player|p1|BowDog!|winona|\n|player|p2|mochipupusa|265|\n|teamsize|p1|6\n|teamsize|p2|6\n|gen|9\n|tier|[Gen 9] VGC 2023 Regulation E\n|rule|Species Clause: Limit one of each Pok\u00e9mon\n|rule|Item Clause: Limit one of each item\n|clearpoke\n|poke|p1|Landorus-Therian, L50, M|\n|poke|p1|Tornadus, L50, M|\n|poke|p1|Iron Bundle, L50|\n|poke|p1|Sylveon, L50, F|\n|poke|p1|Ogerpon-Hearthflame, L50, F|\n|poke|p1|Urshifu-*, L50, F|\n|poke|p2|Roaring Moon, L50|\n|poke|p2|Milotic, L50, M|\n|poke|p2|Landorus-Therian, L50, M|\n|poke|p2|Flutter Mane, L50|\n|poke|p2|Iron Hands, L50|\n|poke|p2|Ogerpon-Hearthflame, L50, F|\n|teampreview|4\nBowDog! has agreed to open team sheets.\nmochipupusa has agreed to open team sheets.\n|showteam|p1|Landorus-Therian||ChoiceScarf|Intimidate|StompingTantrum,TeraBlast,Uturn,RockSlide|||M|||50|,,,,,Flying]Tornadus||CovertCloak|Prankster|BleakwindStorm,Tailwind,Taunt,Uturn|||M|||50|,,,,,Poison]Iron Bundle||BoosterEnergy|QuarkDrive|FreezeDry,IcyWind,HydroPump,Protect||||||50|,,,,,Poison]Sylveon||ThroatSpray|Pixilate|HyperVoice,QuickAttack,TeraBlast,Protect|||F|||50|,,,,,Steel]Ogerpon-Hearthflame||HearthflameMask|MoldBreaker|HornLeech,IvyCudgel,FollowMe,SpikyShield|||F|||50|,,,,,Fire]Urshifu||FocusSash|UnseenFist|SuckerPunch,WickedBlow,CloseCombat,Protect|||F|||50|,,,,,Dark\n|showteam|p2|Roaring Moon||BoosterEnergy|Protosynthesis|Acrobatics,KnockOff,Tailwind,Protect||||||50|,,,,,Flying]Milotic||Leftovers|Competitive|Scald,IcyWind,Haze,Protect|||M|||50|,,,,,Grass]Landorus-Therian||ChoiceScarf|Intimidate|StompingTantrum,Earthquake,RockSlide,Uturn|||M|||50|,,,,,Water]Flutter Mane||FairyFeather|Protosynthesis|ShadowBall,Moonblast,Substitute,Protect||||||50|,,,,,Fairy]Iron Hands||AssaultVest|QuarkDrive|FakeOut,WildCharge,DrainPunch,HeavySlam||||||50|,,,,,Water]Ogerpon-Hearthflame||HearthflameMask|MoldBreaker|IvyCudgel,WoodHammer,FollowMe,SpikyShield|||F|||50|,,,,,Fire\n|c|\u2606mochipupusa|hi!\n|c|\u2606BowDog!|hi!\n|\n|t:|1699737001\n|start\n|switch|p1a: Tornadus|Tornadus, L50, M|100\/100\n|switch|p1b: BowDog!|Sylveon, L50, F|100\/100\n|switch|p2a: Landorus|Landorus-Therian, L50, M|100\/100\n|switch|p2b: Flutter Mane|Flutter Mane, L50|100\/100\n|-ability|p2a: Landorus|Intimidate|boost\n|-unboost|p1a: Tornadus|atk|1\n|-unboost|p1b: BowDog!|atk|1\n|turn|1\n|\n|t:|1699737061\n|switch|p1b: Landorus|Landorus-Therian, L50, M|100\/100\n|-ability|p1b: Landorus|Intimidate|boost\n|-unboost|p2a: Landorus|atk|1\n|-unboost|p2b: Flutter Mane|atk|1\n|move|p1a: Tornadus|Tailwind|p1a: Tornadus\n|-sidestart|p1: BowDog!|move: Tailwind\n|move|p2a: Landorus|U-turn|p1a: Tornadus\n|-resisted|p1a: Tornadus\n|-damage|p1a: Tornadus|91\/100\n|\n|t:|1699737075\n|switch|p2a: Iron Hands|Iron Hands, L50|100\/100|[from] U-turn\n|move|p2b: Flutter Mane|Moonblast|p1a: Tornadus\n|-damage|p1a: Tornadus|27\/100\n|\n|upkeep\n|turn|2\n|\n|t:|1699737156\n|move|p2a: Iron Hands|Fake Out|p1b: Landorus\n|-damage|p1b: Landorus|84\/100\n|cant|p1b: Landorus|flinch\n|move|p1a: Tornadus|Bleakwind Storm|p2a: Iron Hands|[spread] p2a,p2b\n|-damage|p2a: Iron Hands|80\/100\n|-damage|p2b: Flutter Mane|65\/100\n|move|p2b: Flutter Mane|Moonblast|p1a: Tornadus\n|-damage|p1a: Tornadus|0 fnt\n|faint|p1a: Tornadus\n|\n|upkeep\n|\n|t:|1699737170\n|switch|p1a: BowDog!|Sylveon, L50, F|100\/100\n|turn|3\n|\n|t:|1699737195\n|-terastallize|p1b: Landorus|Flying\n|-terastallize|p2a: Iron Hands|Water\n|move|p2b: Flutter Mane|Protect|p2b: Flutter Mane\n|-singleturn|p2b: Flutter Mane|Protect\n|move|p1b: Landorus|Tera Blast|p2a: Iron Hands|[anim] Tera Blast Flying\n|-damage|p2a: Iron Hands|33\/100\n|move|p1a: BowDog!|Hyper Voice|p2b: Flutter Mane|[spread] p2a\n|-activate|p2b: Flutter Mane|move: Protect\n|-damage|p2a: Iron Hands|14\/100\n|-enditem|p1a: BowDog!|Throat Spray\n|-boost|p1a: BowDog!|spa|1|[from] item: Throat Spray\n|move|p2a: Iron Hands|Drain Punch|p1b: Landorus\n|-resisted|p1b: Landorus\n|-damage|p1b: Landorus|60\/100\n|-heal|p2a: Iron Hands|23\/100|[from] drain|[of] p1b: Landorus\n|\n|upkeep\n|turn|4\n|\n|t:|1699737235\n|-end|p2a: Iron Hands|Quark Drive|[silent]\n|switch|p2a: Landorus|Landorus-Therian, L50, M|100\/100\n|-ability|p2a: Landorus|Intimidate|boost\n|-unboost|p1a: BowDog!|atk|1\n|-unboost|p1b: Landorus|atk|1\n|move|p1b: Landorus|Tera Blast|p2b: Flutter Mane|[anim] Tera Blast Flying\n|-damage|p2b: Flutter Mane|1\/100\n|move|p1a: BowDog!|Hyper Voice|p2b: Flutter Mane|[spread] p2a,p2b\n|-crit|p2b: Flutter Mane\n|-damage|p2a: Landorus|35\/100\n|-damage|p2b: Flutter Mane|0 fnt\n|faint|p2b: Flutter Mane\n|-end|p2b: Flutter Mane|Protosynthesis|[silent]\n|\n|-sideend|p1: BowDog!|move: Tailwind\n|upkeep\n|\n|t:|1699737250\n|switch|p2b: Iron Hands|Iron Hands, L50, tera:Water|23\/100\n|turn|5\n|\n|t:|1699737274\n|move|p1a: BowDog!|Protect|p1a: BowDog!\n|-singleturn|p1a: BowDog!|Protect\n|move|p2b: Iron Hands|Fake Out|p1b: Landorus\n|-damage|p1b: Landorus|43\/100\n|move|p2a: Landorus|Rock Slide|p1a: BowDog!|[spread] p1b\n|-activate|p1a: BowDog!|move: Protect\n|-supereffective|p1b: Landorus\n|-damage|p1b: Landorus|0 fnt\n|faint|p1b: Landorus\n|\n|upkeep\n|\n|t:|1699737284\n|switch|p1b: Iron Bundle|Iron Bundle, L50|100\/100\n|-enditem|p1b: Iron Bundle|Booster Energy\n|-activate|p1b: Iron Bundle|ability: Quark Drive|[fromitem]\n|-start|p1b: Iron Bundle|quarkdrivespe\n|turn|6\n|\n|t:|1699737319\n|-end|p2b: Iron Hands|Quark Drive|[silent]\n|switch|p2b: Ogerpon|Ogerpon-Hearthflame, L50, F|100\/100\n|-ability|p2b: Ogerpon|Mold Breaker\n|move|p1b: Iron Bundle|Freeze-Dry|p2a: Landorus\n|-supereffective|p2a: Landorus\n|-damage|p2a: Landorus|0 fnt\n|faint|p2a: Landorus\n|move|p1a: BowDog!|Tera Blast|p2b: Ogerpon\n|-resisted|p2b: Ogerpon\n|-damage|p2b: Ogerpon|63\/100\n|\n|upkeep\n|\n|t:|1699737330\n|switch|p2a: Iron Hands|Iron Hands, L50, tera:Water|23\/100\n|turn|7\n|\n|t:|1699737370\n|move|p1b: Iron Bundle|Protect|p1b: Iron Bundle\n|-singleturn|p1b: Iron Bundle|Protect\n|move|p1a: BowDog!|Protect|p1a: BowDog!\n|-singleturn|p1a: BowDog!|Protect\n|move|p2b: Ogerpon|Follow Me|p2b: Ogerpon\n|-singleturn|p2b: Ogerpon|move: Follow Me\n|move|p2a: Iron Hands|Drain Punch|p1b: Iron Bundle\n|-activate|p1b: Iron Bundle|move: Protect\n|\n|upkeep\n|turn|8\n|\n|t:|1699737398\n|move|p2b: Ogerpon|Follow Me|p2b: Ogerpon\n|-singleturn|p2b: Ogerpon|move: Follow Me\n|move|p1b: Iron Bundle|Freeze-Dry|p2b: Ogerpon\n|-crit|p2b: Ogerpon\n|-damage|p2b: Ogerpon|9\/100\n|-status|p2b: Ogerpon|frz\n|move|p1a: BowDog!|Hyper Voice|p2b: Ogerpon|[spread] p2a,p2b\n|-resisted|p2b: Ogerpon\n|-damage|p2a: Iron Hands|0 fnt\n|-damage|p2b: Ogerpon|0 fnt\n|faint|p2a: Iron Hands\n|-end|p2a: Iron Hands|Quark Drive|[silent]\n|faint|p2b: Ogerpon\n|\n|win|BowDog!\n|inactive|BowDog! has 50 seconds to confirm battle start!\n|inactive|mochipupusa has 50 seconds to confirm battle start!\n|c|&|\/uhtml prompt-mochipupusa,mochipupusa is ready for game 2!\n|inactive|BowDog! has 40 seconds to confirm battle start!\n|c|\u2606mochipupusa|omg\n|inactive|BowDog! has 30 seconds to confirm battle start!\n|c|\u2606BowDog!|lets go!!!\n|inactive|BowDog! has 20 seconds to confirm battle start!\n|c|&|\/uhtml prompt-bowdog,BowDog! is ready for game 2!\nBoth players are ready! Starting next match!\n","uploadtime":1699737420,"views":11,"p1id":"bowdog","p2id":"mochipupusa","formatid":"gen9vgc2023regulatione","rating":0,"private":0,"password":""}