{"id":"gen9vgc2023regulatione-1994529303","p1":"iStockphoto","p2":"blacknexes","format":"[Gen 9] VGC 2023 Regulation E","log":"|j|\u2606iStockphoto\n|j|\u2606blacknexes\n|t:|1700455129\n|gametype|doubles\n|player|p1|iStockphoto|169|1021\n|player|p2|blacknexes|102|1095\n|teamsize|p1|6\n|teamsize|p2|6\n|gen|9\n|tier|[Gen 9] VGC 2023 Regulation E\n|rated|\n|rule|Species Clause: Limit one of each Pok\u00e9mon\n|rule|Item Clause: Limit one of each item\n|clearpoke\n|poke|p1|Roaring Moon, L50|\n|poke|p1|Chien-Pao, L50|\n|poke|p1|Rillaboom, L50, M|\n|poke|p1|Meowscarada, L50, M|\n|poke|p1|Heatran, L50, F|\n|poke|p1|Flutter Mane, L50|\n|poke|p2|Torterra, L50, F|\n|poke|p2|Sinistcha, L50|\n|poke|p2|Hariyama, L50, M|\n|poke|p2|Empoleon, L50, M|\n|poke|p2|Kingambit, L50, F|\n|poke|p2|Okidogi, L50, M|\n|teampreview|4\niStockphoto has agreed to open team sheets.\n|\n|t:|1700455152\n|start\n|switch|p1a: Roaring Moon|Roaring Moon, L50|100\/100\n|switch|p1b: Chien-Pao|Chien-Pao, L50|100\/100\n|switch|p2a: Hariyama|Hariyama, L50, M|100\/100\n|switch|p2b: Torterra|Torterra, L50, F|100\/100\n|-ability|p1b: Chien-Pao|Sword of Ruin\n|-enditem|p1a: Roaring Moon|Booster Energy\n|-activate|p1a: Roaring Moon|ability: Protosynthesis|[fromitem]\n|-start|p1a: Roaring Moon|protosynthesisatk\n|turn|1\n|\n|t:|1700455174\n|move|p1b: Chien-Pao|Protect|p1b: Chien-Pao\n|-singleturn|p1b: Chien-Pao|Protect\n|move|p2a: Hariyama|Wide Guard|p2a: Hariyama\n|-singleturn|p2a: Hariyama|Wide Guard\n|move|p1a: Roaring Moon|Tailwind|p1a: Roaring Moon\n|-sidestart|p1: iStockphoto|move: Tailwind\n|move|p2b: Torterra|Shell Smash|p2b: Torterra\n|-unboost|p2b: Torterra|def|1\n|-unboost|p2b: Torterra|spd|1\n|-boost|p2b: Torterra|atk|2\n|-boost|p2b: Torterra|spa|2\n|-boost|p2b: Torterra|spe|2\n|\n|upkeep\n|turn|2\n|\n|t:|1700455199\n|switch|p2b: Empoleon|Empoleon, L50, M|100\/100\n|-terastallize|p1a: Roaring Moon|Flying\n|move|p2a: Hariyama|Bullet Punch|p1b: Chien-Pao\n|-supereffective|p1b: Chien-Pao\n|-damage|p1b: Chien-Pao|54\/100\n|move|p1b: Chien-Pao|Icicle Crash|p2b: Empoleon\n|-resisted|p2b: Empoleon\n|-damage|p2b: Empoleon|86\/100\n|move|p1a: Roaring Moon|Acrobatics|p2a: Hariyama\n|-supereffective|p2a: Hariyama\n|-damage|p2a: Hariyama|0 fnt\n|faint|p2a: Hariyama\n|\n|upkeep\n|\n|t:|1700455212\n|switch|p2a: Okidogi|Okidogi, L50, M|100\/100\n|turn|3\n|\n|t:|1700455226\n|-terastallize|p2a: Okidogi|Poison\n|move|p1b: Chien-Pao|Sacred Sword|p2b: Empoleon\n|-supereffective|p2b: Empoleon\n|-damage|p2b: Empoleon|3\/100\n|move|p1a: Roaring Moon|Acrobatics|p2a: Okidogi\n|-damage|p2a: Okidogi|19\/100\n|move|p2a: Okidogi|Ice Punch|p1a: Roaring Moon\n|-supereffective|p1a: Roaring Moon\n|-damage|p1a: Roaring Moon|0 fnt\n|faint|p1a: Roaring Moon\n|-end|p1a: Roaring Moon|Protosynthesis|[silent]\n|move|p2b: Empoleon|Flash Cannon|p1b: Chien-Pao\n|-supereffective|p1b: Chien-Pao\n|-damage|p1b: Chien-Pao|0 fnt\n|faint|p1b: Chien-Pao\n|-damage|p2b: Empoleon|0 fnt|[from] item: Life Orb\n|faint|p2b: Empoleon\n|\n|upkeep\n|\n|t:|1700455243\n|switch|p1b: Meowscarada|Meowscarada, L50, M|100\/100\n|switch|p1a: Rillaboom|Rillaboom, L50, M|100\/100\n|switch|p2b: Torterra|Torterra, L50, F|100\/100\n|-fieldstart|move: Grassy Terrain|[from] ability: Grassy Surge|[of] p1a: Rillaboom\n|turn|4\n|\n|t:|1700455256\n|move|p1a: Rillaboom|Fake Out|p2a: Okidogi\n|-damage|p2a: Okidogi|7\/100\n|move|p1b: Meowscarada|Flower Trick|p2b: Torterra\n|-start|p1b: Meowscarada|typechange|Grass|[from] ability: Protean\n|-crit|p2b: Torterra\n|-damage|p2b: Torterra|3\/100\n|move|p2b: Torterra|Shell Smash|p2b: Torterra\n|-unboost|p2b: Torterra|def|1\n|-unboost|p2b: Torterra|spd|1\n|-boost|p2b: Torterra|atk|2\n|-boost|p2b: Torterra|spa|2\n|-boost|p2b: Torterra|spe|2\n|cant|p2a: Okidogi|flinch\n|\n|-heal|p2b: Torterra|9\/100|[from] Grassy Terrain\n|-heal|p2a: Okidogi|13\/100|[from] Grassy Terrain\n|-sideend|p1: iStockphoto|move: Tailwind\n|upkeep\n|turn|5\n|\n|t:|1700455277\n|move|p1a: Rillaboom|Grassy Glide|p2b: Torterra\n|-damage|p2b: Torterra|0 fnt\n|faint|p2b: Torterra\n|move|p1b: Meowscarada|Flower Trick|p2a: Okidogi\n|-resisted|p2a: Okidogi\n|-crit|p2a: Okidogi\n|-damage|p2a: Okidogi|0 fnt\n|faint|p2a: Okidogi\n|\n|win|iStockphoto\n|raw|iStockphoto's rating: 1021 &rarr; <strong>1066<\/strong><br \/>(+45 for winning)\n|raw|blacknexes's rating: 1095 &rarr; <strong>1066<\/strong><br \/>(-29 for losing)\n|l|\u2606blacknexes\n","uploadtime":1700455288,"views":8,"p1id":"istockphoto","p2id":"blacknexes","formatid":"gen9vgc2023regulatione","rating":1066,"private":0,"password":""}