{"id":"gen9vgc2023regulatione-1988772623","p1":"gokturkxd","p2":"Sdghdd","format":"[Gen 9] VGC 2023 Regulation E","log":"|j|\u2606gokturkxd\n|j|\u2606Sdghdd\n|t:|1699761180\n|gametype|doubles\n|player|p1|gokturkxd|n-masters3|1081\n|player|p2|Sdghdd|unknown|1000\n|teamsize|p1|6\n|teamsize|p2|6\n|gen|9\n|tier|[Gen 9] VGC 2023 Regulation E\n|rated|\n|rule|Species Clause: Limit one of each Pok\u00e9mon\n|rule|Item Clause: Limit one of each item\n|clearpoke\n|poke|p1|Goodra-Hisui, L50, F|\n|poke|p1|Drifblim, L50, M|\n|poke|p1|Gyarados, L50, M|\n|poke|p1|Rillaboom, L50, F|\n|poke|p1|Heatran, L50, F|\n|poke|p1|Chien-Pao, L50|\n|poke|p2|Murkrow, L50, M|\n|poke|p2|Gholdengo, L50|\n|poke|p2|Urshifu-*, L50, M|\n|poke|p2|Iron Valiant, L50|\n|poke|p2|Sableye, L50, M|\n|poke|p2|Farigiraf, L50, M|\n|teampreview|4\n|inactive|Battle timer is ON: inactive players will automatically lose when time's up. (requested by Sdghdd)\ngokturkxd rejected open team sheets.\n|inactive|Sdghdd has 60 seconds left.\n|\n|t:|1699761212\n|start\n|switch|p1a: Rillaboom|Rillaboom, L50, F|100\/100\n|switch|p1b: Drifblim|Drifblim, L50, M|100\/100\n|switch|p2a: XJ-9|Iron Valiant, L50, shiny|100\/100\n|switch|p2b: Phantom|Sableye, L50, M|100\/100\n|-fieldstart|move: Grassy Terrain|[from] ability: Grassy Surge|[of] p1a: Rillaboom\n|-enditem|p1b: Drifblim|Grassy Seed\n|-boost|p1b: Drifblim|def|1|[from] item: Grassy Seed\n|-enditem|p2a: XJ-9|Booster Energy\n|-activate|p2a: XJ-9|ability: Quark Drive|[fromitem]\n|-start|p2a: XJ-9|quarkdrivespe\n|turn|1\n|\n|t:|1699761233\n|-terastallize|p2a: XJ-9|Ghost\n|move|p1a: Rillaboom|Fake Out|p2a: XJ-9\n|-immune|p2a: XJ-9\n|move|p2b: Phantom|Gravity|p2b: Phantom\n|-fieldstart|move: Gravity\n|move|p2a: XJ-9|Hypnosis|p1b: Drifblim\n|-status|p1b: Drifblim|slp|[from] move: Hypnosis\n|cant|p1b: Drifblim|slp\n|\n|upkeep\n|turn|2\n|\n|t:|1699761248\n|move|p2a: XJ-9|Hypnosis|p1a: Rillaboom\n|-status|p1a: Rillaboom|slp|[from] move: Hypnosis\n|cant|p1b: Drifblim|slp\n|cant|p1a: Rillaboom|slp\n|move|p2b: Phantom|Foul Play|p1a: Rillaboom\n|-damage|p1a: Rillaboom|47\/100 slp\n|\n|-heal|p1a: Rillaboom|52\/100 slp|[from] Grassy Terrain\n|-heal|p1a: Rillaboom|58\/100 slp|[from] item: Leftovers\n|upkeep\n|turn|3\n|\n|t:|1699761260\n|move|p2a: XJ-9|Spirit Break|p1b: Drifblim\n|-damage|p1b: Drifblim|63\/100 slp\n|-unboost|p1b: Drifblim|spa|1\n|-curestatus|p1b: Drifblim|slp|[msg]\n|move|p1b: Drifblim|Icy Wind|p2b: Phantom|[spread] p2a,p2b\n|-damage|p2a: XJ-9|86\/100\n|-damage|p2b: Phantom|90\/100\n|-unboost|p2a: XJ-9|spe|1\n|-unboost|p2b: Phantom|spe|1\n|cant|p1a: Rillaboom|slp\n|move|p2b: Phantom|Foul Play|p1b: Drifblim\n|-supereffective|p1b: Drifblim\n|-damage|p1b: Drifblim|20\/100\n|\n|-heal|p1b: Drifblim|27\/100|[from] Grassy Terrain\n|-heal|p2a: XJ-9|92\/100|[from] Grassy Terrain\n|-heal|p1a: Rillaboom|64\/100 slp|[from] Grassy Terrain\n|-heal|p1a: Rillaboom|70\/100 slp|[from] item: Leftovers\n|-heal|p2b: Phantom|96\/100|[from] Grassy Terrain\n|upkeep\n|turn|4\n|inactive|Sdghdd has 30 seconds left.\n|\n|t:|1699761293\n|move|p2b: Phantom|Encore|p1a: Rillaboom\n|-start|p1a: Rillaboom|Encore\n|move|p1b: Drifblim|Strength Sap|p2a: XJ-9\n|-unboost|p2a: XJ-9|atk|1\n|-heal|p1b: Drifblim|100\/100\n|move|p2a: XJ-9|Spirit Break|p1b: Drifblim\n|-damage|p1b: Drifblim|72\/100\n|-unboost|p1b: Drifblim|spa|1\n|-curestatus|p1a: Rillaboom|slp|[msg]\n|move|p1a: Rillaboom|Fake Out||[still]\n|-hint|Fake Out only works on your first turn out.\n|-fail|p1a: Rillaboom\n|\n|-heal|p1b: Drifblim|78\/100|[from] Grassy Terrain\n|-heal|p2a: XJ-9|98\/100|[from] Grassy Terrain\n|-heal|p1a: Rillaboom|75\/100|[from] Grassy Terrain\n|-heal|p1a: Rillaboom|81\/100|[from] item: Leftovers\n|-heal|p2b: Phantom|100\/100|[from] Grassy Terrain\n|upkeep\n|turn|5\n|\n|t:|1699761316\n|switch|p1a: Gyarados|Gyarados, L50, M|100\/100\n|-ability|p1a: Gyarados|Intimidate|boost\n|-unboost|p2a: XJ-9|atk|1\n|-unboost|p2b: Phantom|atk|1\n|move|p1b: Drifblim|Thunder Wave|p2a: XJ-9\n|-status|p2a: XJ-9|par\n|move|p2a: XJ-9|Hypnosis|p1b: Drifblim\n|-status|p1b: Drifblim|slp|[from] move: Hypnosis\n|move|p2b: Phantom|Foul Play|p1a: Gyarados\n|-damage|p1a: Gyarados|35\/100\n|\n|-heal|p1b: Drifblim|84\/100 slp|[from] Grassy Terrain\n|-heal|p1a: Gyarados|41\/100|[from] Grassy Terrain\n|-heal|p2a: XJ-9|100\/100 par|[from] Grassy Terrain\n|-fieldend|move: Gravity\n|-fieldend|move: Grassy Terrain\n|upkeep\n|turn|6\n|\n|t:|1699761337\n|-end|p2a: XJ-9|Quark Drive|[silent]\n|switch|p2a: Itachi|Murkrow, L50, M|100\/100\n|cant|p1b: Drifblim|slp\n|move|p1a: Gyarados|Earthquake|p2b: Phantom|[spread] p2b\n|-immune|p1b: Drifblim\n|-immune|p2a: Itachi\n|-damage|p2b: Phantom|61\/100\n|-damage|p1a: Gyarados|31\/100|[from] item: Life Orb\n|move|p2b: Phantom|Foul Play|p1a: Gyarados\n|-damage|p1a: Gyarados|0 fnt\n|faint|p1a: Gyarados\n|\n|upkeep\n|\n|t:|1699761349\n|switch|p1a: Rillaboom|Rillaboom, L50, F|81\/100\n|-fieldstart|move: Grassy Terrain|[from] ability: Grassy Surge|[of] p1a: Rillaboom\n|turn|7\n|inactive|Sdghdd has 30 seconds left.\n|\n|t:|1699761379\n|move|p1a: Rillaboom|Fake Out|p2a: Itachi\n|-damage|p2a: Itachi|84\/100\n|cant|p2a: Itachi|flinch\n|move|p2b: Phantom|Gravity|p2b: Phantom\n|-fieldstart|move: Gravity\n|cant|p1b: Drifblim|slp\n|\n|-heal|p1b: Drifblim|91\/100 slp|[from] Grassy Terrain\n|-heal|p1a: Rillaboom|87\/100|[from] Grassy Terrain\n|-heal|p1a: Rillaboom|92\/100|[from] item: Leftovers\n|-heal|p2a: Itachi|90\/100|[from] Grassy Terrain\n|-heal|p2b: Phantom|67\/100|[from] Grassy Terrain\n|upkeep\n|turn|8\n|\n|t:|1699761397\n|move|p2a: Itachi|Haze|p2a: Itachi\n|-clearallboost\n|move|p2b: Phantom|Encore|p1a: Rillaboom\n|-start|p1a: Rillaboom|Encore\n|cant|p1b: Drifblim|slp\n|move|p1a: Rillaboom|Fake Out||[still]\n|-hint|Fake Out only works on your first turn out.\n|-fail|p1a: Rillaboom\n|\n|-heal|p1b: Drifblim|97\/100 slp|[from] Grassy Terrain\n|-heal|p1a: Rillaboom|98\/100|[from] Grassy Terrain\n|-heal|p1a: Rillaboom|100\/100|[from] item: Leftovers\n|-heal|p2a: Itachi|96\/100|[from] Grassy Terrain\n|-heal|p2b: Phantom|72\/100|[from] Grassy Terrain\n|upkeep\n|turn|9\n|\n|t:|1699761415\n|move|p1a: Rillaboom|Fake Out||[still]\n|-hint|Fake Out only works on your first turn out.\n|-fail|p1a: Rillaboom\n|-curestatus|p1b: Drifblim|slp|[msg]\n|move|p1b: Drifblim|Icy Wind|p2b: Phantom|[spread] p2a,p2b\n|-supereffective|p2a: Itachi\n|-damage|p2a: Itachi|70\/100\n|-damage|p2b: Phantom|58\/100\n|-unboost|p2a: Itachi|spe|1\n|-unboost|p2b: Phantom|spe|1\n|move|p2a: Itachi|Foul Play|p1b: Drifblim\n|-supereffective|p1b: Drifblim\n|-damage|p1b: Drifblim|37\/100\n|move|p2b: Phantom|Foul Play|p1b: Drifblim\n|-supereffective|p1b: Drifblim\n|-damage|p1b: Drifblim|0 fnt\n|faint|p1b: Drifblim\n|\n|-heal|p2a: Itachi|75\/100|[from] Grassy Terrain\n|-heal|p2b: Phantom|64\/100|[from] Grassy Terrain\n|upkeep\n|\n|t:|1699761425\n|switch|p1b: Goodra|Goodra-Hisui, L50, F|100\/100\n|turn|10\n|\n|t:|1699761450\n|move|p1a: Rillaboom|Fake Out||[still]\n|-hint|Fake Out only works on your first turn out.\n|-fail|p1a: Rillaboom\n|move|p2a: Itachi|Foul Play|p1a: Rillaboom\n|-damage|p1a: Rillaboom|42\/100\n|move|p1b: Goodra|Acid Armor|p1b: Goodra\n|-boost|p1b: Goodra|def|2\n|move|p2b: Phantom|Foul Play|p1a: Rillaboom\n|-damage|p1a: Rillaboom|0 fnt\n|faint|p1a: Rillaboom\n|\n|-heal|p2a: Itachi|81\/100|[from] Grassy Terrain\n|-heal|p2b: Phantom|69\/100|[from] Grassy Terrain\n|upkeep\n|turn|11\n|\n|t:|1699761470\n|move|p2a: Itachi|Haze|p2a: Itachi\n|-clearallboost\n|move|p2b: Phantom|Encore|p1b: Goodra\n|-start|p1b: Goodra|Encore\n|move|p1b: Goodra|Acid Armor|p1b: Goodra\n|-boost|p1b: Goodra|def|2\n|\n|-heal|p2a: Itachi|87\/100|[from] Grassy Terrain\n|-heal|p2b: Phantom|75\/100|[from] Grassy Terrain\n|-fieldend|move: Gravity\n|-fieldend|move: Grassy Terrain\n|upkeep\n|turn|12\n|\n|t:|1699761482\n|move|p2a: Itachi|Haze|p2a: Itachi\n|-clearallboost\n|move|p2b: Phantom|Disable|p1b: Goodra\n|-start|p1b: Goodra|Disable|Acid Armor\n|cant|p1b: Goodra|Disable|Acid Armor\n|\n|upkeep\n|turn|13\n|\n|t:|1699761507\n|switch|p2a: XJ-9|Iron Valiant, L50, shiny, tera:Ghost|100\/100 par\n|switch|p2b: Kung Fur|Urshifu-Rapid-Strike, L50, M|100\/100\n|-activate|p1b: Goodra|move: Struggle\n|move|p1b: Goodra|Struggle|p2b: Kung Fur\n|-damage|p2b: Kung Fur|89\/100\n|-damage|p1b: Goodra|75\/100|[from] recoil\n|\n|-end|p1b: Goodra|Encore\n|upkeep\n|turn|14\n|\n|t:|1699761525\n|-terastallize|p1b: Goodra|Fairy\n|move|p2b: Kung Fur|Close Combat|p1b: Goodra\n|-resisted|p1b: Goodra\n|-damage|p1b: Goodra|42\/100\n|-unboost|p2b: Kung Fur|def|1\n|-unboost|p2b: Kung Fur|spd|1\n|-damage|p2b: Kung Fur|73\/100|[from] item: Rocky Helmet|[of] p1b: Goodra\n|cant|p2a: XJ-9|par\n|move|p1b: Goodra|Tera Blast|p2b: Kung Fur|[anim] Tera Blast Fairy\n|-supereffective|p2b: Kung Fur\n|-damage|p2b: Kung Fur|0 fnt\n|faint|p2b: Kung Fur\n|\n|upkeep\n|\n|t:|1699761540\n|switch|p2b: Phantom|Sableye, L50, M|75\/100\n|turn|15\n|\n|t:|1699761551\n|move|p2b: Phantom|Gravity|p2b: Phantom\n|-fieldstart|move: Gravity\n|cant|p2a: XJ-9|par\n|move|p1b: Goodra|Tera Blast|p2b: Phantom|[anim] Tera Blast Fairy\n|-supereffective|p2b: Phantom\n|-enditem|p2b: Phantom|Roseli Berry|[eat]\n|-enditem|p2b: Phantom|Roseli Berry|[weaken]\n|-damage|p2b: Phantom|37\/100\n|\n|-end|p1b: Goodra|Disable\n|upkeep\n|turn|16\n|\n|t:|1699761566\n|move|p2b: Phantom|Disable|p1b: Goodra\n|-start|p1b: Goodra|Disable|Tera Blast\n|cant|p2a: XJ-9|par\n|cant|p1b: Goodra|Disable|Tera Blast\n|\n|upkeep\n|turn|17\n|\n|t:|1699761574\n|move|p2b: Phantom|Encore|p1b: Goodra\n|-start|p1b: Goodra|Encore\n|move|p2a: XJ-9|Hypnosis|p1b: Goodra\n|-status|p1b: Goodra|slp|[from] move: Hypnosis\n|cant|p1b: Goodra|slp\n|\n|upkeep\n|turn|18\n|\n|t:|1699761582\n|move|p2a: XJ-9|Spirit Break|p1b: Goodra\n|-damage|p1b: Goodra|6\/100 slp\n|-unboost|p1b: Goodra|spa|1\n|-damage|p2a: XJ-9|84\/100 par|[from] item: Rocky Helmet|[of] p1b: Goodra\n|cant|p1b: Goodra|slp\n|move|p2b: Phantom|Foul Play|p1b: Goodra\n|-resisted|p1b: Goodra\n|-damage|p1b: Goodra|0 fnt\n|-damage|p2b: Phantom|20\/100|[from] item: Rocky Helmet|[of] p1b: Goodra\n|faint|p1b: Goodra\n|\n|win|Sdghdd\n|raw|gokturkxd's rating: 1081 &rarr; <strong>1054<\/strong><br \/>(-27 for losing)\n|raw|Sdghdd's rating: 1000 &rarr; <strong>1049<\/strong><br \/>(+49 for winning)\n|l|\u2606Sdghdd\n","uploadtime":1699762757,"views":11,"p1id":"gokturkxd","p2id":"sdghdd","formatid":"gen9vgc2023regulatione","rating":1049,"private":0,"password":""}