{"id":"gen9vgc2023regulatione-1990423025","p1":"fulanin1234","p2":"Djdjdjdfjfj","format":"[Gen 9] VGC 2023 Regulation E","log":"|j|\u2606fulanin1234\n|j|\u2606Djdjdjdfjfj\n|t:|1699969444\n|gametype|doubles\n|player|p1|fulanin1234|170|1102\n|player|p2|Djdjdjdfjfj|101|1000\n|teamsize|p1|6\n|teamsize|p2|6\n|gen|9\n|tier|[Gen 9] VGC 2023 Regulation E\n|rated|\n|rule|Species Clause: Limit one of each Pok\u00e9mon\n|rule|Item Clause: Limit one of each item\n|clearpoke\n|poke|p1|Weezing, L50, M|\n|poke|p1|Landorus-Therian, L50, M|\n|poke|p1|Iron Hands, L50|\n|poke|p1|Flutter Mane, L50|\n|poke|p1|Ogerpon-Wellspring, L50, F|\n|poke|p1|Roaring Moon, L50|\n|poke|p2|Murkrow, L50, M|\n|poke|p2|Heatran, L50, M|\n|poke|p2|Sinistcha, L50|\n|poke|p2|Landorus-Therian, L50, M|\n|poke|p2|Chi-Yu, L50|\n|poke|p2|Iron Bundle, L50|\n|teampreview|4\n|inactive|Battle timer is ON: inactive players will automatically lose when time's up. (requested by Djdjdjdfjfj)\n|\n|t:|1699969523\n|start\n|switch|p1a: Iron Hands|Iron Hands, L50|100\/100\n|switch|p1b: Flutter Mane|Flutter Mane, L50|100\/100\n|switch|p2a: Landorus|Landorus-Therian, L50, M, shiny|100\/100\n|switch|p2b: Sinistcha|Sinistcha, L50|100\/100\n|-ability|p2a: Landorus|Intimidate|boost\n|-unboost|p1a: Iron Hands|atk|1\n|-unboost|p1b: Flutter Mane|atk|1\n|turn|1\n|\n|t:|1699969541\n|switch|p2a: Heatran|Heatran, L50, M, shiny|100\/100\n|move|p1a: Iron Hands|Fake Out|p2a: Heatran\n|-resisted|p2a: Heatran\n|-damage|p2a: Heatran|96\/100\n|move|p1b: Flutter Mane|Shadow Ball|p2b: Sinistcha\n|-supereffective|p2b: Sinistcha\n|-damage|p2b: Sinistcha|0 fnt\n|faint|p2b: Sinistcha\n|\n|-heal|p2a: Heatran|100\/100|[from] item: Leftovers\n|upkeep\n|\n|t:|1699969550\n|switch|p2b: Landorus|Landorus-Therian, L50, M, shiny|100\/100\n|-ability|p2b: Landorus|Intimidate|boost\n|-unboost|p1a: Iron Hands|atk|1\n|-unboost|p1b: Flutter Mane|atk|1\n|turn|2\n|\n|t:|1699969561\n|move|p2b: Landorus|Stomping Tantrum|p1a: Iron Hands\n|-supereffective|p1a: Iron Hands\n|-damage|p1a: Iron Hands|48\/100\n|move|p1b: Flutter Mane|Shadow Ball|p2b: Landorus\n|-damage|p2b: Landorus|12\/100\n|move|p2a: Heatran|Heavy Slam|p1b: Flutter Mane\n|-supereffective|p1b: Flutter Mane\n|-damage|p1b: Flutter Mane|0 fnt\n|faint|p1b: Flutter Mane\n|-end|p1b: Flutter Mane|Protosynthesis|[silent]\n|move|p1a: Iron Hands|Drain Punch|p2a: Heatran\n|-supereffective|p2a: Heatran\n|-damage|p2a: Heatran|69\/100\n|-heal|p1a: Iron Hands|60\/100|[from] drain|[of] p2a: Heatran\n|\n|-heal|p2a: Heatran|75\/100|[from] item: Leftovers\n|upkeep\n|\n|t:|1699969581\n|switch|p1b: Ogerpon|Ogerpon-Wellspring, L50, F|100\/100\n|turn|3\n|\n|t:|1699969598\n|-terastallize|p1b: Ogerpon|Water\n|detailschange|p1b: Ogerpon|Ogerpon-Wellspring-Tera, L50, F, tera:Water\n|-ability|p1b: Ogerpon|Embody Aspect (Wellspring)|boost\n|-boost|p1b: Ogerpon|spd|1\n|-terastallize|p2a: Heatran|Grass\n|move|p2b: Landorus|Stomping Tantrum|p1a: Iron Hands\n|-supereffective|p1a: Iron Hands\n|-damage|p1a: Iron Hands|6\/100\n|move|p1b: Ogerpon|Swords Dance|p1b: Ogerpon\n|-boost|p1b: Ogerpon|atk|2\n|move|p2a: Heatran|Fire Blast|p1b: Ogerpon\n|-resisted|p1b: Ogerpon\n|-damage|p1b: Ogerpon|81\/100\n|move|p1a: Iron Hands|Drain Punch|p2a: Heatran\n|-damage|p2a: Heatran|59\/100\n|-heal|p1a: Iron Hands|12\/100|[from] drain|[of] p2a: Heatran\n|\n|-heal|p2a: Heatran|65\/100|[from] item: Leftovers\n|upkeep\n|turn|4\n|inactive|Djdjdjdfjfj has 30 seconds left.\n|\n|t:|1699969627\n|-end|p1a: Iron Hands|Quark Drive|[silent]\n|switch|p1a: Weezing|Weezing, L50, M, shiny|100\/100\n|-ability|p1a: Weezing|Neutralizing Gas\n|move|p2b: Landorus|Stomping Tantrum|p1a: Weezing\n|-supereffective|p1a: Weezing\n|-damage|p1a: Weezing|19\/100\n|-enditem|p1a: Weezing|Sitrus Berry|[eat]\n|-heal|p1a: Weezing|44\/100|[from] item: Sitrus Berry\n|move|p1b: Ogerpon|Ivy Cudgel|p2b: Landorus|[anim] Ivy Cudgel Water\n|-supereffective|p2b: Landorus\n|-damage|p2b: Landorus|0 fnt\n|faint|p2b: Landorus\n|move|p2a: Heatran|Heavy Slam|p1b: Ogerpon\n|-resisted|p1b: Ogerpon\n|-damage|p1b: Ogerpon|58\/100\n|\n|-heal|p2a: Heatran|71\/100|[from] item: Leftovers\n|upkeep\n|\n|t:|1699969634\n|switch|p2b: Iron Bundle|Iron Bundle, L50, shiny|100\/100\n|-enditem|p2b: Iron Bundle|Booster Energy\n|-activate|p2b: Iron Bundle|ability: Quark Drive|[fromitem]\n|-start|p2b: Iron Bundle|quarkdrivespe\n|turn|5\n|\n|t:|1699969657\n|-end|p1a: Weezing|ability: Neutralizing Gas\n|-ability|p1b: Ogerpon|Embody Aspect (Wellspring)|boost\n|-boost|p1b: Ogerpon|spd|1\n|switch|p1a: Iron Hands|Iron Hands, L50|12\/100\n|move|p1b: Ogerpon|Spiky Shield|p1b: Ogerpon\n|-singleturn|p1b: Ogerpon|move: Protect\n|move|p2b: Iron Bundle|Freeze-Dry|p1b: Ogerpon\n|-activate|p1b: Ogerpon|move: Protect\n|move|p2a: Heatran|Fire Blast|p1a: Iron Hands\n|-damage|p1a: Iron Hands|0 fnt\n|faint|p1a: Iron Hands\n|-end|p1a: Iron Hands|Quark Drive|[silent]\n|\n|-heal|p2a: Heatran|78\/100|[from] item: Leftovers\n|upkeep\n|\n|t:|1699969674\n|switch|p1a: Weezing|Weezing, L50, M, shiny|44\/100\n|-ability|p1a: Weezing|Neutralizing Gas\n|turn|6\n|\n|t:|1699969683\n|move|p2b: Iron Bundle|Freeze-Dry|p1b: Ogerpon\n|-supereffective|p1b: Ogerpon\n|-damage|p1b: Ogerpon|22\/100\n|move|p1b: Ogerpon|Horn Leech|p2b: Iron Bundle\n|-supereffective|p2b: Iron Bundle\n|-damage|p2b: Iron Bundle|0 fnt\n|-heal|p1b: Ogerpon|64\/100|[from] drain|[of] p2b: Iron Bundle\n|faint|p2b: Iron Bundle\n|-end|p2b: Iron Bundle|Quark Drive|[silent]\n|move|p2a: Heatran|Heavy Slam|p1b: Ogerpon\n|-resisted|p1b: Ogerpon\n|-damage|p1b: Ogerpon|43\/100\n|move|p1a: Weezing|Sludge Bomb|p2a: Heatran\n|-supereffective|p2a: Heatran\n|-damage|p2a: Heatran|29\/100\n|-status|p2a: Heatran|psn\n|\n|-heal|p2a: Heatran|35\/100 psn|[from] item: Leftovers\n|-damage|p2a: Heatran|22\/100 psn|[from] psn\n|upkeep\n|turn|7\n|-message|Djdjdjdfjfj forfeited.\n|\n|win|fulanin1234\n|raw|fulanin1234's rating: 1102 &rarr; <strong>1120<\/strong><br \/>(+18 for winning)\n|raw|Djdjdjdfjfj's rating: 1000 &rarr; <strong>1000<\/strong><br \/>(+0 for losing)\n|l|\u2606Djdjdjdfjfj\n","uploadtime":1699969711,"views":9,"p1id":"fulanin1234","p2id":"djdjdjdfjfj","formatid":"gen9vgc2023regulatione","rating":1000,"private":0,"password":""}