{"id":"gen9vgc2023regulatione-1998461275","p1":"PopSmokeVGC","p2":"GoJump","format":"[Gen 9] VGC 2023 Regulation E","log":"|j|\u2606PopSmokeVGC\n|j|\u2606GoJump\n|t:|1700944907\n|gametype|doubles\n|player|p1|PopSmokeVGC|morty|1149\n|player|p2|GoJump|chuck|1063\n|teamsize|p1|6\n|teamsize|p2|6\n|gen|9\n|tier|[Gen 9] VGC 2023 Regulation E\n|rated|\n|rule|Species Clause: Limit one of each Pok\u00e9mon\n|rule|Item Clause: Limit one of each item\n|clearpoke\n|poke|p1|Gholdengo, L50|\n|poke|p1|Rillaboom, L50, F|\n|poke|p1|Chien-Pao, L50|\n|poke|p1|Arcanine-Hisui, L50, M|\n|poke|p1|Tornadus, L50, M|\n|poke|p1|Urshifu-*, L50, F|\n|poke|p2|Iron Hands, L50|\n|poke|p2|Arcanine-Hisui, L50, M|\n|poke|p2|Urshifu-*, L50, F|\n|poke|p2|Cresselia, L50, F|\n|poke|p2|Flutter Mane, L50|\n|poke|p2|Ursaluna, L50, F|\n|teampreview|4\n|inactive|Battle timer is ON: inactive players will automatically lose when time's up. (requested by GoJump)\nGoJump has agreed to open team sheets.\n|inactive|PopSmokeVGC has 60 seconds left.\n|inactive|GoJump has 60 seconds left.\n|\n|t:|1700944961\n|start\n|switch|p1a: Urshifu|Urshifu-Rapid-Strike, L50, F|100\/100\n|switch|p1b: Rillaboom|Rillaboom, L50, F|100\/100\n|switch|p2a: Cresselia|Cresselia, L50, F|100\/100\n|switch|p2b: Arcanine|Arcanine-Hisui, L50, M|100\/100\n|-ability|p2b: Arcanine|Intimidate|boost\n|-unboost|p1a: Urshifu|atk|1\n|-unboost|p1b: Rillaboom|atk|1\n|-fieldstart|move: Grassy Terrain|[from] ability: Grassy Surge|[of] p1b: Rillaboom\n|turn|1\n|inactive|PopSmokeVGC has 30 seconds left.\n|inactive|GoJump has 30 seconds left.\n|inactive|GoJump has 20 seconds left.\n|inactive|GoJump has 15 seconds left.\n|\n|t:|1700945006\n|-terastallize|p1a: Urshifu|Water\n|-terastallize|p2b: Arcanine|Flying\n|move|p1a: Urshifu|Surging Strikes|p2b: Arcanine\n|-crit|p2b: Arcanine\n|-damage|p2b: Arcanine|69\/100\n|-crit|p2b: Arcanine\n|-damage|p2b: Arcanine|36\/100\n|-crit|p2b: Arcanine\n|-damage|p2b: Arcanine|6\/100\n|-hitcount|p2b: Arcanine|3\n|move|p2b: Arcanine|Flare Blitz|p1b: Rillaboom\n|-supereffective|p1b: Rillaboom\n|-damage|p1b: Rillaboom|0 fnt\n|faint|p1b: Rillaboom\n|-damage|p2b: Arcanine|0 fnt|[from] Recoil\n|faint|p2b: Arcanine\n|move|p2a: Cresselia|Sunny Day|p2a: Cresselia\n|-weather|SunnyDay\n|\n|-weather|SunnyDay|[upkeep]\n|upkeep\n|\n|t:|1700945027\n|switch|p2b: Urshifu|Urshifu, L50, F|100\/100\n|switch|p1b: Arcanine|Arcanine-Hisui, L50, M|100\/100\n|-ability|p1b: Arcanine|Intimidate|boost\n|-unboost|p2a: Cresselia|atk|1\n|-unboost|p2b: Urshifu|atk|1\n|turn|2\n|\n|t:|1700945051\n|switch|p1a: Chien-Pao|Chien-Pao, L50|100\/100\n|-ability|p1a: Chien-Pao|Sword of Ruin\n|move|p2b: Urshifu|Wicked Blow|p1a: Chien-Pao\n|-resisted|p1a: Chien-Pao\n|-crit|p1a: Chien-Pao\n|-damage|p1a: Chien-Pao|39\/100\n|move|p1b: Arcanine|Flare Blitz|p2a: Cresselia\n|-damage|p2a: Cresselia|3\/100\n|-damage|p1b: Arcanine|62\/100|[from] Recoil\n|move|p2a: Cresselia|Trick Room|p2a: Cresselia\n|-fieldstart|move: Trick Room|[of] p2a: Cresselia\n|\n|-weather|SunnyDay|[upkeep]\n|-heal|p1b: Arcanine|68\/100|[from] Grassy Terrain\n|-heal|p1a: Chien-Pao|45\/100|[from] Grassy Terrain\n|upkeep\n|turn|3\n|inactive|PopSmokeVGC has 30 seconds left.\n|inactive|GoJump has 30 seconds left.\n|inactive|PopSmokeVGC has 20 seconds left.\n|inactive|GoJump has 20 seconds left.\n|inactive|PopSmokeVGC has 15 seconds left.\n|\n|t:|1700945094\n|switch|p2a: Ursaluna|Ursaluna, L50, F|100\/100\n|move|p1a: Chien-Pao|Sucker Punch||[still]\n|-fail|p1a: Chien-Pao\n|move|p1b: Arcanine|Flare Blitz|p2a: Ursaluna\n|-damage|p2a: Ursaluna|0 fnt\n|faint|p2a: Ursaluna\n|-damage|p1b: Arcanine|29\/100|[from] Recoil\n|move|p2b: Urshifu|Wicked Blow|p1b: Arcanine\n|-crit|p1b: Arcanine\n|-damage|p1b: Arcanine|0 fnt\n|faint|p1b: Arcanine\n|\n|-weather|SunnyDay|[upkeep]\n|-heal|p1a: Chien-Pao|51\/100|[from] Grassy Terrain\n|upkeep\n|\n|t:|1700945111\n|switch|p2a: Cresselia|Cresselia, L50, F|3\/100\n|switch|p1b: Urshifu|Urshifu-Rapid-Strike, L50, F, tera:Water|100\/100\n|turn|4\n|\n|t:|1700945128\n|move|p1b: Urshifu|Aqua Jet|p2a: Cresselia\n|-damage|p2a: Cresselia|0 fnt\n|faint|p2a: Cresselia\n|move|p2b: Urshifu|Wicked Blow|p1b: Urshifu\n|-crit|p1b: Urshifu\n|-damage|p1b: Urshifu|0 fnt\n|faint|p1b: Urshifu\n|move|p1a: Chien-Pao|Icicle Crash|p2b: Urshifu\n|-damage|p2b: Urshifu|31\/100\n|-damage|p1a: Chien-Pao|42\/100|[from] item: Life Orb\n|\n|-weather|SunnyDay|[upkeep]\n|-heal|p2b: Urshifu|37\/100|[from] Grassy Terrain\n|-heal|p1a: Chien-Pao|48\/100|[from] Grassy Terrain\n|upkeep\n|turn|5\n|\n|t:|1700945147\n|move|p1a: Chien-Pao|Protect|p1a: Chien-Pao\n|-singleturn|p1a: Chien-Pao|Protect\n|move|p2b: Urshifu|Wicked Blow|p1a: Chien-Pao\n|-resisted|p1a: Chien-Pao\n|-crit|p1a: Chien-Pao\n|-damage|p1a: Chien-Pao|0 fnt\n|faint|p1a: Chien-Pao\n|\n|win|GoJump\n|raw|PopSmokeVGC's rating: 1149 &rarr; <strong>1118<\/strong><br \/>(-31 for losing)\n|raw|GoJump's rating: 1063 &rarr; <strong>1101<\/strong><br \/>(+38 for winning)\n","uploadtime":1700945164,"views":1,"p1id":"popsmokevgc","p2id":"gojump","formatid":"gen9vgc2023regulatione","rating":1101,"private":0,"password":""}