{"id":"gen9vgc2023regulatione-1994333369","p1":"Shiftyboy","p2":"Lu__thewriter","format":"[Gen 9] VGC 2023 Regulation E","log":"|j|\u2606Shiftyboy\n|j|\u2606Lu__thewriter\n|t:|1700432146\n|gametype|doubles\n|player|p1|Shiftyboy|cynthia|1383\n|player|p2|Lu__thewriter|266|1333\n|teamsize|p1|6\n|teamsize|p2|6\n|gen|9\n|tier|[Gen 9] VGC 2023 Regulation E\n|rated|\n|rule|Species Clause: Limit one of each Pok\u00e9mon\n|rule|Item Clause: Limit one of each item\n|clearpoke\n|poke|p1|Urshifu-*, L50, F|\n|poke|p1|Flutter Mane, L50|\n|poke|p1|Landorus-Therian, L50, M|\n|poke|p1|Iron Hands, L50|\n|poke|p1|Amoonguss, L50, M|\n|poke|p1|Roaring Moon, L50|\n|poke|p2|Urshifu-*, L50, F|\n|poke|p2|Tornadus, L50, M|\n|poke|p2|Chien-Pao, L50|\n|poke|p2|Flutter Mane, L50|\n|poke|p2|Amoonguss, L50, F|\n|poke|p2|Dragonite, L50, M|\n|teampreview|4\n|inactive|Battle timer is ON: inactive players will automatically lose when time's up. (requested by Shiftyboy)\n|inactive|Shiftyboy has 60 seconds left.\n|inactive|Shiftyboy has 30 seconds left.\n|\n|t:|1700432212\n|start\n|switch|p1a: Iron Hands|Iron Hands, L50|100\/100\n|switch|p1b: Roaring Moon|Roaring Moon, L50|100\/100\n|switch|p2a: Chien-Pao|Chien-Pao, L50|100\/100\n|switch|p2b: Dragonite|Dragonite, L50, M|100\/100\n|-ability|p2a: Chien-Pao|Sword of Ruin\n|-enditem|p1b: Roaring Moon|Booster Energy\n|-activate|p1b: Roaring Moon|ability: Protosynthesis|[fromitem]\n|-start|p1b: Roaring Moon|protosynthesisspe\n|turn|1\n|inactive|Shiftyboy has 30 seconds left.\n|\n|t:|1700432247\n|-terastallize|p2b: Dragonite|Normal\n|move|p2b: Dragonite|Extreme Speed|p1b: Roaring Moon\n|-damage|p1b: Roaring Moon|0 fnt\n|faint|p1b: Roaring Moon\n|-end|p1b: Roaring Moon|Protosynthesis|[silent]\n|move|p2a: Chien-Pao|Ice Spinner|p1a: Iron Hands\n|-damage|p1a: Iron Hands|62\/100\n|move|p1a: Iron Hands|Drain Punch|p2b: Dragonite\n|-supereffective|p2b: Dragonite\n|-damage|p2b: Dragonite|0 fnt\n|-heal|p1a: Iron Hands|100\/100|[from] drain|[of] p2b: Dragonite\n|faint|p2b: Dragonite\n|\n|upkeep\n|\n|t:|1700432267\n|switch|p1b: Urshifu|Urshifu-Rapid-Strike, L50, F|100\/100\n|switch|p2b: Tornadus|Tornadus, L50, M|100\/100\n|turn|2\n|\n|t:|1700432288\n|-terastallize|p1b: Urshifu|Water\n|move|p2a: Chien-Pao|Sucker Punch|p1b: Urshifu\n|-damage|p1b: Urshifu|53\/100\n|move|p2b: Tornadus|Bleakwind Storm|p1a: Iron Hands|[spread] p1a,p1b\n|-damage|p1a: Iron Hands|82\/100\n|-damage|p1b: Urshifu|0 fnt\n|faint|p1b: Urshifu\n|move|p1a: Iron Hands|Wild Charge|p2b: Tornadus\n|-supereffective|p2b: Tornadus\n|-damage|p2b: Tornadus|0 fnt\n|faint|p2b: Tornadus\n|-damage|p1a: Iron Hands|65\/100|[from] Recoil\n|\n|upkeep\n|\n|t:|1700432302\n|switch|p2b: Urshifu|Urshifu-Rapid-Strike, L50, F|100\/100\n|switch|p1b: Flutter Mane|Flutter Mane, L50|100\/100\n|turn|3\n|\n|t:|1700432327\n|move|p2a: Chien-Pao|Protect|p2a: Chien-Pao\n|-singleturn|p2a: Chien-Pao|Protect\n|move|p2b: Urshifu|Surging Strikes|p1a: Iron Hands\n|-crit|p1a: Iron Hands\n|-damage|p1a: Iron Hands|48\/100\n|-crit|p1a: Iron Hands\n|-damage|p1a: Iron Hands|29\/100\n|-crit|p1a: Iron Hands\n|-damage|p1a: Iron Hands|9\/100\n|-hitcount|p1a: Iron Hands|3\n|move|p1b: Flutter Mane|Dazzling Gleam|p2b: Urshifu|[spread] p2b\n|-activate|p2a: Chien-Pao|move: Protect\n|-supereffective|p2b: Urshifu\n|-damage|p2b: Urshifu|0 fnt\n|faint|p2b: Urshifu\n|move|p1a: Iron Hands|Drain Punch|p2a: Chien-Pao\n|-activate|p2a: Chien-Pao|move: Protect\n|\n|upkeep\n|turn|4\n|inactive|Lu__thewriter has 30 seconds left.\n|\n|t:|1700432354\n|move|p2a: Chien-Pao|Sucker Punch|p1a: Iron Hands\n|-resisted|p1a: Iron Hands\n|-damage|p1a: Iron Hands|0 fnt\n|faint|p1a: Iron Hands\n|-end|p1a: Iron Hands|Quark Drive|[silent]\n|move|p1b: Flutter Mane|Dazzling Gleam|p2a: Chien-Pao\n|-supereffective|p2a: Chien-Pao\n|-enditem|p2a: Chien-Pao|Focus Sash\n|-damage|p2a: Chien-Pao|1\/100\n|\n|upkeep\n|turn|5\n|\n|t:|1700432374\n|move|p2a: Chien-Pao|Protect|p2a: Chien-Pao\n|-singleturn|p2a: Chien-Pao|Protect\n|move|p1b: Flutter Mane|Dazzling Gleam|p2a: Chien-Pao\n|-activate|p2a: Chien-Pao|move: Protect\n|\n|upkeep\n|turn|6\n|\n|t:|1700432381\n|move|p2a: Chien-Pao|Sucker Punch|p1b: Flutter Mane\n|-damage|p1b: Flutter Mane|0 fnt\n|faint|p1b: Flutter Mane\n|-end|p1b: Flutter Mane|Protosynthesis|[silent]\n|\n|win|Lu__thewriter\n|raw|Shiftyboy's rating: 1383 &rarr; <strong>1360<\/strong><br \/>(-23 for losing)\n|raw|Lu__thewriter's rating: 1333 &rarr; <strong>1356<\/strong><br \/>(+23 for winning)\n|l|\u2606Shiftyboy\n","uploadtime":1700432397,"views":6,"p1id":"shiftyboy","p2id":"luthewriter","formatid":"gen9vgc2023regulatione","rating":1356,"private":0,"password":""}