{"id":"gen9vgc2023regulatione-1998534759","p1":"Willipino","p2":"Purple009","format":"[Gen 9] VGC 2023 Regulation E","log":"|j|\u2606Willipino\n|j|\u2606Purple009\n|t:|1700953353\n|gametype|doubles\n|player|p1|Willipino|169|1405\n|player|p2|Purple009|169|1446\n|teamsize|p1|6\n|teamsize|p2|6\n|gen|9\n|tier|[Gen 9] VGC 2023 Regulation E\n|rated|\n|rule|Species Clause: Limit one of each Pok\u00e9mon\n|rule|Item Clause: Limit one of each item\n|clearpoke\n|poke|p1|Tornadus, L50, M|\n|poke|p1|Heatran, L50, M|\n|poke|p1|Farigiraf, L50, F|\n|poke|p1|Rillaboom, L50, M|\n|poke|p1|Iron Bundle, L50|\n|poke|p1|Urshifu-*, L50, M|\n|poke|p2|Iron Hands, L50|\n|poke|p2|Flutter Mane, L50|\n|poke|p2|Roaring Moon, L50|\n|poke|p2|Ogerpon-Wellspring, L50, F|\n|poke|p2|Weezing, L50, F|\n|poke|p2|Landorus-Therian, L50, M|\n|teampreview|4\n|inactive|Battle timer is ON: inactive players will automatically lose when time's up. (requested by Willipino)\n|inactive|Purple009 has 60 seconds left.\n|l|\u2606Purple009\n|inactive|Purple009 disconnected and has a minute to reconnect!\n|player|p2|\n|j|\u2606Purple009\n|inactive|Purple009 reconnected and has 40 seconds left.\n|player|p2|Purple009|169\n|inactive|Purple009 has 30 seconds left.\n|inactive|Purple009 has 20 seconds left.\n|inactive|Purple009 has 15 seconds left.\n|\n|t:|1700953452\n|start\n|switch|p1a: Tornadus|Tornadus, L50, M|100\/100\n|switch|p1b: Heatran|Heatran, L50, M|100\/100\n|switch|p2a: Weezing|Weezing, L50, F|100\/100\n|switch|p2b: Roaring Moon|Roaring Moon, L50|100\/100\n|-ability|p2a: Weezing|Neutralizing Gas\n|-enditem|p2b: Roaring Moon|Booster Energy\n|-activate|p2b: Roaring Moon|ability: Protosynthesis|[fromitem]\n|-start|p2b: Roaring Moon|protosynthesisspe\n|turn|1\n|inactive|Purple009 has 30 seconds left.\n|\n|t:|1700953484\n|move|p1a: Tornadus|Protect|p1a: Tornadus\n|-singleturn|p1a: Tornadus|Protect\n|move|p2b: Roaring Moon|Knock Off|p1b: Heatran\n|-damage|p1b: Heatran|52\/100\n|-enditem|p1b: Heatran|Life Orb|[from] move: Knock Off|[of] p2b: Roaring Moon\n|move|p1b: Heatran|Earth Power|p2a: Weezing\n|-supereffective|p2a: Weezing\n|-damage|p2a: Weezing|19\/100\n|-enditem|p2a: Weezing|Sitrus Berry|[eat]\n|-heal|p2a: Weezing|44\/100|[from] item: Sitrus Berry\n|move|p2a: Weezing|Gunk Shot|p1b: Heatran\n|-immune|p1b: Heatran\n|\n|upkeep\n|turn|2\n|inactive|Willipino has 30 seconds left.\n|inactive|Willipino has 20 seconds left.\n|inactive|Willipino has 15 seconds left.\n|\n|t:|1700953526\n|switch|p1a: Iron Bundle|Iron Bundle, L50, shiny|100\/100\n|-enditem|p1a: Iron Bundle|Booster Energy\n|-activate|p1a: Iron Bundle|ability: Quark Drive|[fromitem]\n|-start|p1a: Iron Bundle|quarkdrivespe\n|move|p2a: Weezing|Protect|p2a: Weezing\n|-singleturn|p2a: Weezing|Protect\n|move|p2b: Roaring Moon|Tailwind|p2b: Roaring Moon\n|-sidestart|p2: Purple009|move: Tailwind\n|move|p1b: Heatran|Earth Power|p2a: Weezing\n|-activate|p2a: Weezing|move: Protect\n|\n|upkeep\n|turn|3\n|inactive|Purple009 has 30 seconds left.\n|inactive|Purple009 has 20 seconds left.\n|inactive|Purple009 has 15 seconds left.\n|inactive|Purple009 has 10 seconds left.\n|inactive|Purple009 has 5 seconds left.\n|\n|t:|1700953579\n|-terastallize|p2b: Roaring Moon|Flying\n|move|p1a: Iron Bundle|Protect|p1a: Iron Bundle\n|-singleturn|p1a: Iron Bundle|Protect\n|move|p2b: Roaring Moon|Acrobatics|p1a: Iron Bundle\n|-activate|p1a: Iron Bundle|move: Protect\n|move|p2a: Weezing|Taunt|p1a: Iron Bundle\n|-activate|p1a: Iron Bundle|move: Protect\n|move|p1b: Heatran|Earth Power|p2a: Weezing\n|-supereffective|p2a: Weezing\n|-damage|p2a: Weezing|0 fnt\n|faint|p2a: Weezing\n|-end|p2a: Weezing|ability: Neutralizing Gas\n|\n|upkeep\n|\n|t:|1700953595\n|switch|p2a: Flutter Mane|Flutter Mane, L50|100\/100\n|turn|4\n|\n|t:|1700953614\n|-terastallize|p1b: Heatran|Fairy\n|move|p2b: Roaring Moon|Acrobatics|p1b: Heatran\n|-damage|p1b: Heatran|0 fnt\n|faint|p1b: Heatran\n|move|p2a: Flutter Mane|Moonblast|p1a: Iron Bundle\n|-damage|p1a: Iron Bundle|0 fnt\n|faint|p1a: Iron Bundle\n|-end|p1a: Iron Bundle|Quark Drive|[silent]\n|\n|upkeep\n|\n|t:|1700953622\n|switch|p1a: Rillaboom|Rillaboom, L50, M|100\/100\n|switch|p1b: Tornadus|Tornadus, L50, M|100\/100\n|-fieldstart|move: Grassy Terrain|[from] ability: Grassy Surge|[of] p1a: Rillaboom\n|turn|5\n|inactive|Purple009 has 30 seconds left.\n|\n|t:|1700953648\n|move|p1a: Rillaboom|Fake Out|p2b: Roaring Moon\n|-damage|p2b: Roaring Moon|83\/100\n|move|p1b: Tornadus|Tailwind|p1b: Tornadus\n|-sidestart|p1: Willipino|move: Tailwind\n|cant|p2b: Roaring Moon|flinch\n|move|p2a: Flutter Mane|Moonblast|p1a: Rillaboom\n|-damage|p1a: Rillaboom|2\/100\n|-unboost|p1a: Rillaboom|spa|1\n|\n|-heal|p1a: Rillaboom|7\/100|[from] Grassy Terrain\n|-sideend|p2: Purple009|move: Tailwind\n|upkeep\n|turn|6\n|inactive|Purple009 has 30 seconds left.\n|\n|t:|1700953683\n|move|p1b: Tornadus|Bleakwind Storm|p2a: Flutter Mane|[spread] p2a\n|-miss|p1b: Tornadus|p2b: Roaring Moon\n|-damage|p2a: Flutter Mane|66\/100\n|move|p2b: Roaring Moon|Acrobatics|p1a: Rillaboom\n|-supereffective|p1a: Rillaboom\n|-damage|p1a: Rillaboom|0 fnt\n|faint|p1a: Rillaboom\n|move|p2a: Flutter Mane|Moonblast|p1b: Tornadus\n|-damage|p1b: Tornadus|25\/100\n|\n|-heal|p2a: Flutter Mane|72\/100|[from] Grassy Terrain\n|upkeep\n|turn|7\n|\n|t:|1700953700\n|move|p1b: Tornadus|Bleakwind Storm|p2a: Flutter Mane|[spread] p2a,p2b\n|-damage|p2a: Flutter Mane|34\/100\n|-damage|p2b: Roaring Moon|48\/100\n|move|p2b: Roaring Moon|Acrobatics|p1b: Tornadus\n|-damage|p1b: Tornadus|0 fnt\n|faint|p1b: Tornadus\n|\n|win|Purple009\n|raw|Willipino's rating: 1405 &rarr; <strong>1387<\/strong><br \/>(-18 for losing)\n|raw|Purple009's rating: 1446 &rarr; <strong>1464<\/strong><br \/>(+18 for winning)\n|l|\u2606Purple009\n","uploadtime":1700953717,"views":1,"p1id":"willipino","p2id":"purple009","formatid":"gen9vgc2023regulatione","rating":1387,"private":0,"password":""}