{"id":"gen9vgc2023regulatione-1996047075","p1":"fukamiaoi","p2":"YenjikVonporix","format":"[Gen 9] VGC 2023 Regulation E","log":"|j|\u2606fukamiaoi\n|j|\u2606YenjikVonporix\n|t:|1700634969\n|gametype|doubles\n|player|p1|fukamiaoi|dawn-gen4pt|1098\n|player|p2|YenjikVonporix|265|1047\n|teamsize|p1|6\n|teamsize|p2|6\n|gen|9\n|tier|[Gen 9] VGC 2023 Regulation E\n|rated|\n|rule|Species Clause: Limit one of each Pok\u00e9mon\n|rule|Item Clause: Limit one of each item\n|clearpoke\n|poke|p1|Ogerpon-Wellspring, L50, F|\n|poke|p1|Iron Hands, L50|\n|poke|p1|Weezing, L50, F|\n|poke|p1|Landorus-Therian, L50, M|\n|poke|p1|Chandelure, L50, F|\n|poke|p1|Roaring Moon, L50|\n|poke|p2|Empoleon, L50, M|\n|poke|p2|Torkoal, L50, F|\n|poke|p2|Leavanny, L50, M|\n|poke|p2|Arboliva, L50, F|\n|poke|p2|Arcanine, L50, F|\n|poke|p2|Roaring Moon, L50|\n|teampreview|4\n|\n|t:|1700635019\n|start\n|switch|p1a: Weezing|Weezing, L50, F|100\/100\n|switch|p1b: Chandelure|Chandelure, L50, F|100\/100\n|switch|p2a: Torkoal|Torkoal, L50, F|100\/100\n|switch|p2b: Leavanny|Leavanny, L50, M|100\/100\n|-ability|p1a: Weezing|Neutralizing Gas\n|turn|1\n|\n|t:|1700635045\n|move|p1a: Weezing|Protect|p1a: Weezing\n|-singleturn|p1a: Weezing|Protect\n|move|p2b: Leavanny|Knock Off|p1b: Chandelure\n|-supereffective|p1b: Chandelure\n|-damage|p1b: Chandelure|22\/100\n|-enditem|p1b: Chandelure|Choice Specs|[from] move: Knock Off|[of] p2b: Leavanny\n|move|p1b: Chandelure|Overheat|p2b: Leavanny\n|-supereffective|p2b: Leavanny\n|-damage|p2b: Leavanny|0 fnt\n|-unboost|p1b: Chandelure|spa|2\n|faint|p2b: Leavanny\n|move|p2a: Torkoal|Eruption|p1b: Chandelure|[spread] p1b\n|-activate|p1a: Weezing|move: Protect\n|-resisted|p1b: Chandelure\n|-damage|p1b: Chandelure|0 fnt\n|faint|p1b: Chandelure\n|\n|upkeep\n|\n|t:|1700635063\n|switch|p2b: Arcanine|Arcanine, L50, F|100\/100\n|switch|p1b: Ogerpon|Ogerpon-Wellspring, L50, F|100\/100\n|turn|2\n|\n|t:|1700635086\n|-terastallize|p1b: Ogerpon|Water\n|detailschange|p1b: Ogerpon|Ogerpon-Wellspring-Tera, L50, F, tera:Water\n|move|p2b: Arcanine|Helping Hand|p2a: Torkoal\n|-singleturn|p2a: Torkoal|Helping Hand|[of] p2b: Arcanine\n|move|p1b: Ogerpon|Ivy Cudgel|p2a: Torkoal|[anim] Ivy Cudgel Water\n|-supereffective|p2a: Torkoal\n|-crit|p2a: Torkoal\n|-damage|p2a: Torkoal|0 fnt\n|faint|p2a: Torkoal\n|move|p1a: Weezing|Taunt|p2b: Arcanine\n|-start|p2b: Arcanine|move: Taunt\n|\n|upkeep\n|\n|t:|1700635097\n|switch|p2a: Roaring Moon|Roaring Moon, L50|100\/100\n|turn|3\n|\n|t:|1700635106\n|move|p2a: Roaring Moon|Dragon Rush|p1b: Ogerpon\n|-damage|p1b: Ogerpon|37\/100\n|cant|p1b: Ogerpon|flinch\n|move|p2b: Arcanine|Raging Fury|p1b: Ogerpon\n|-resisted|p1b: Ogerpon\n|-damage|p1b: Ogerpon|12\/100\n|move|p1a: Weezing|Will-O-Wisp|p2a: Roaring Moon|[miss]\n|-miss|p1a: Weezing|p2a: Roaring Moon\n|\n|upkeep\n|turn|4\n|\n|t:|1700635123\n|-end|p1a: Weezing|ability: Neutralizing Gas\n|-ability|p1b: Ogerpon|Embody Aspect (Wellspring)|boost\n|-boost|p1b: Ogerpon|spd|1\n|-ability|p2b: Arcanine|Intimidate|boost\n|-unboost|p1a: Weezing|atk|1\n|-unboost|p1b: Ogerpon|atk|1\n|switch|p1a: Landorus|Landorus-Therian, L50, M|100\/100\n|-ability|p1a: Landorus|Intimidate|boost\n|-unboost|p2a: Roaring Moon|atk|1\n|-unboost|p2b: Arcanine|atk|1\n|move|p1b: Ogerpon|Spiky Shield|p1b: Ogerpon\n|-singleturn|p1b: Ogerpon|move: Protect\n|move|p2a: Roaring Moon|Dragon Rush|p1b: Ogerpon\n|-activate|p1b: Ogerpon|move: Protect\n|-damage|p2a: Roaring Moon|88\/100|[from] Spiky Shield|[of] p1b: Ogerpon\n|move|p2b: Arcanine|Raging Fury|p1b: Ogerpon|[from]lockedmove\n|-activate|p1b: Ogerpon|move: Protect\n|-start|p2b: Arcanine|confusion|[fatigue]\n|\n|upkeep\n|turn|5\n|\n|t:|1700635160\n|-activate|p2b: Arcanine|confusion\n|move|p2b: Arcanine|Extreme Speed|p1b: Ogerpon\n|-damage|p1b: Ogerpon|0 fnt\n|faint|p1b: Ogerpon\n|move|p2a: Roaring Moon|Breaking Swipe|p1a: Landorus\n|-damage|p1a: Landorus|75\/100\n|-unboost|p1a: Landorus|atk|1\n|move|p1a: Landorus|Rock Slide|p2a: Roaring Moon|[spread] p2a,p2b\n|-supereffective|p2b: Arcanine\n|-damage|p2a: Roaring Moon|72\/100\n|-damage|p2b: Arcanine|78\/100\n|\n|-end|p2b: Arcanine|move: Taunt\n|upkeep\n|\n|t:|1700635173\n|switch|p1b: Weezing|Weezing, L50, F|100\/100\n|-ability|p1b: Weezing|Neutralizing Gas\n|-block|p1a: Landorus|item: Ability Shield\n|turn|6\n|\n|t:|1700635195\n|-activate|p2b: Arcanine|confusion\n|move|p2b: Arcanine|Protect|p2b: Arcanine\n|-singleturn|p2b: Arcanine|Protect\n|move|p2a: Roaring Moon|Knock Off|p1a: Landorus\n|-damage|p1a: Landorus|34\/100\n|-enditem|p1a: Landorus|Ability Shield|[from] move: Knock Off|[of] p2a: Roaring Moon\n|move|p1a: Landorus|Stomping Tantrum|p2b: Arcanine\n|-activate|p2b: Arcanine|move: Protect\n|move|p1b: Weezing|Will-O-Wisp|p2a: Roaring Moon\n|-status|p2a: Roaring Moon|brn\n|\n|-damage|p2a: Roaring Moon|66\/100 brn|[from] brn\n|upkeep\n|turn|7\n|\n|t:|1700635214\n|move|p2a: Roaring Moon|Breaking Swipe|p1b: Weezing|[spread] p1a,p1b\n|-damage|p1a: Landorus|25\/100\n|-damage|p1b: Weezing|94\/100\n|-unboost|p1a: Landorus|atk|1\n|-unboost|p1b: Weezing|atk|1\n|move|p1a: Landorus|Stomping Tantrum|p2b: Arcanine\n|-supereffective|p2b: Arcanine\n|-damage|p2b: Arcanine|42\/100\n|-end|p2b: Arcanine|confusion\n|move|p2b: Arcanine|Raging Fury|p1b: Weezing\n|-damage|p1b: Weezing|69\/100\n|move|p1b: Weezing|Gunk Shot|p2a: Roaring Moon\n|-damage|p2a: Roaring Moon|33\/100 brn\n|\n|-damage|p2a: Roaring Moon|26\/100 brn|[from] brn\n|upkeep\n|turn|8\n|\n|t:|1700635243\n|move|p2a: Roaring Moon|Dragon Rush|p1a: Landorus\n|-damage|p1a: Landorus|5\/100\n|cant|p1a: Landorus|flinch\n|move|p2b: Arcanine|Raging Fury|p1b: Weezing|[from]lockedmove\n|-crit|p1b: Weezing\n|-damage|p1b: Weezing|17\/100\n|-enditem|p1b: Weezing|Sitrus Berry|[eat]\n|-heal|p1b: Weezing|42\/100|[from] item: Sitrus Berry\n|-start|p2b: Arcanine|confusion|[fatigue]\n|move|p1b: Weezing|Gunk Shot|p2a: Roaring Moon\n|-damage|p2a: Roaring Moon|0 fnt\n|faint|p2a: Roaring Moon\n|-end|p2a: Roaring Moon|Protosynthesis|[silent]\n|\n|upkeep\n|turn|9\n|\n|t:|1700635275\n|-activate|p2b: Arcanine|confusion\n|-damage|p2b: Arcanine|35\/100|[from] confusion\n|move|p1a: Landorus|U-turn|p2b: Arcanine\n|-resisted|p2b: Arcanine\n|-damage|p2b: Arcanine|30\/100\n|move|p1b: Weezing|Gunk Shot|p2b: Arcanine\n|-damage|p2b: Arcanine|4\/100\n|\n|upkeep\n|turn|10\n|\n|t:|1700635285\n|-activate|p2b: Arcanine|confusion\n|move|p2b: Arcanine|Protect|p2b: Arcanine\n|-singleturn|p2b: Arcanine|Protect\n|move|p1a: Landorus|Stomping Tantrum|p2b: Arcanine\n|-activate|p2b: Arcanine|move: Protect\n|move|p1b: Weezing|Gunk Shot|p2b: Arcanine\n|-activate|p2b: Arcanine|move: Protect\n|\n|upkeep\n|turn|11\n|\n|t:|1700635296\n|-end|p2b: Arcanine|confusion\n|move|p2b: Arcanine|Extreme Speed|p1a: Landorus\n|-damage|p1a: Landorus|0 fnt\n|faint|p1a: Landorus\n|move|p1b: Weezing|Gunk Shot|p2b: Arcanine\n|-damage|p2b: Arcanine|0 fnt\n|faint|p2b: Arcanine\n|\n|win|fukamiaoi\n|raw|fukamiaoi's rating: 1098 &rarr; <strong>1120<\/strong><br \/>(+22 for winning)\n|raw|YenjikVonporix's rating: 1047 &rarr; <strong>1032<\/strong><br \/>(-15 for losing)\n|l|\u2606YenjikVonporix\n","uploadtime":1700635334,"views":7,"p1id":"fukamiaoi","p2id":"yenjikvonporix","formatid":"gen9vgc2023regulatione","rating":1032,"private":0,"password":""}