{"id":"gen9vgc2023regulatione-1992233209","p1":"Bruhvura","p2":"TestJay","format":"[Gen 9] VGC 2023 Regulation E","log":"|j|\u2606Bruhvura\n|j|\u2606TestJay\n|t:|1700166157\n|gametype|doubles\n|player|p1|Bruhvura|lucas-gen4pt|1240\n|player|p2|TestJay|pokemonranger-gen4|1334\n|teamsize|p1|6\n|teamsize|p2|6\n|gen|9\n|tier|[Gen 9] VGC 2023 Regulation E\n|rated|\n|rule|Species Clause: Limit one of each Pok\u00e9mon\n|rule|Item Clause: Limit one of each item\n|clearpoke\n|poke|p1|Tornadus, L50, M|\n|poke|p1|Landorus-Therian, L50, M|\n|poke|p1|Flutter Mane, L50|\n|poke|p1|Ogerpon-Hearthflame, L50, F|\n|poke|p1|Rillaboom, L50, M|\n|poke|p1|Amoonguss, L50, M|\n|poke|p2|Dusclops, L50, M|\n|poke|p2|Ursaluna-Bloodmoon, L50, M|\n|poke|p2|Kommo-o, L50, M|\n|poke|p2|Landorus-Therian, L50, M|\n|poke|p2|Iron Hands, L50|\n|poke|p2|Sinistcha-Masterpiece, L50|\n|teampreview|4\n|inactive|Battle timer is ON: inactive players will automatically lose when time's up. (requested by Bruhvura)\n|c|\u2606TestJay|gl hf\n|c|\u2606Bruhvura|u2\n|\n|t:|1700166174\n|start\n|switch|p1a: Tornadus|Tornadus, L50, M|100\/100\n|switch|p1b: Ogerpon|Ogerpon-Hearthflame, L50, F|100\/100\n|switch|p2a: Kommo-o|Kommo-o, L50, M|100\/100\n|switch|p2b: Iron Hands|Iron Hands, L50|100\/100\n|-ability|p1b: Ogerpon|Mold Breaker\n|turn|1\n|c|\u2606TestJay|Ty!\n|\n|t:|1700166196\n|-terastallize|p1b: Ogerpon|Fire\n|detailschange|p1b: Ogerpon|Ogerpon-Hearthflame-Tera, L50, F, tera:Fire\n|-ability|p1b: Ogerpon|Embody Aspect (Hearthflame)|boost\n|-boost|p1b: Ogerpon|atk|1\n|move|p2b: Iron Hands|Fake Out|p1b: Ogerpon\n|-damage|p1b: Ogerpon|82\/100\n|move|p1a: Tornadus|Tailwind|p1a: Tornadus\n|-sidestart|p1: Bruhvura|move: Tailwind\n|cant|p1b: Ogerpon|flinch\n|move|p2a: Kommo-o|Clangorous Soul|p2a: Kommo-o\n|-boost|p2a: Kommo-o|atk|1\n|-boost|p2a: Kommo-o|def|1\n|-boost|p2a: Kommo-o|spa|1\n|-boost|p2a: Kommo-o|spd|1\n|-boost|p2a: Kommo-o|spe|1\n|-damage|p2a: Kommo-o|68\/100\n|-enditem|p2a: Kommo-o|Throat Spray\n|-boost|p2a: Kommo-o|spa|1|[from] item: Throat Spray\n|\n|upkeep\n|turn|2\n|inactive|TestJay has 30 seconds left.\n|\n|t:|1700166223\n|-end|p2b: Iron Hands|Quark Drive|[silent]\n|switch|p2b: Sinistcha|Sinistcha-Masterpiece, L50|100\/100\n|-heal|p2a: Kommo-o|93\/100|[from] ability: Hospitality|[of] p2b: Sinistcha\n|move|p2a: Kommo-o|Protect|p2a: Kommo-o\n|-singleturn|p2a: Kommo-o|Protect\n|move|p1b: Ogerpon|Ivy Cudgel|p2a: Kommo-o|[anim] Ivy Cudgel Fire\n|-activate|p2a: Kommo-o|move: Protect\n|move|p1a: Tornadus|Bleakwind Storm|p2b: Sinistcha|[spread] p2b\n|-activate|p2a: Kommo-o|move: Protect\n|-supereffective|p2b: Sinistcha\n|-crit|p2b: Sinistcha\n|-damage|p2b: Sinistcha|0 fnt\n|faint|p2b: Sinistcha\n|\n|upkeep\n|\n|t:|1700166226\n|switch|p2b: Iron Hands|Iron Hands, L50|100\/100\n|turn|3\n|\n|t:|1700166250\n|-terastallize|p2a: Kommo-o|Steel\n|move|p1b: Ogerpon|Spiky Shield|p1b: Ogerpon\n|-singleturn|p1b: Ogerpon|move: Protect\n|move|p2b: Iron Hands|Fake Out|p1b: Ogerpon\n|-activate|p1b: Ogerpon|move: Protect\n|-damage|p2b: Iron Hands|88\/100|[from] Spiky Shield|[of] p1b: Ogerpon\n|move|p1a: Tornadus|Bleakwind Storm|p2a: Kommo-o|[spread] p2a,p2b\n|-resisted|p2a: Kommo-o\n|-damage|p2a: Kommo-o|82\/100\n|-damage|p2b: Iron Hands|67\/100\n|-unboost|p2a: Kommo-o|spe|1\n|-unboost|p2b: Iron Hands|spe|1\n|move|p2a: Kommo-o|Clanging Scales|p1a: Tornadus|[spread] p1a\n|-activate|p1b: Ogerpon|move: Protect\n|-damage|p1a: Tornadus|13\/100\n|-unboost|p2a: Kommo-o|def|1\n|\n|upkeep\n|turn|4\n|\n|t:|1700166272\n|move|p2a: Kommo-o|Protect|p2a: Kommo-o\n|-singleturn|p2a: Kommo-o|Protect\n|move|p1b: Ogerpon|Ivy Cudgel|p2a: Kommo-o|[anim] Ivy Cudgel Fire\n|-activate|p2a: Kommo-o|move: Protect\n|move|p1a: Tornadus|Bleakwind Storm|p2a: Kommo-o|[spread] p2b\n|-activate|p2a: Kommo-o|move: Protect\n|-crit|p2b: Iron Hands\n|-damage|p2b: Iron Hands|37\/100\n|move|p2b: Iron Hands|Wild Charge|p1a: Tornadus\n|-supereffective|p1a: Tornadus\n|-damage|p1a: Tornadus|0 fnt\n|faint|p1a: Tornadus\n|-damage|p2b: Iron Hands|35\/100|[from] Recoil\n|\n|-sideend|p1: Bruhvura|move: Tailwind\n|upkeep\n|\n|t:|1700166285\n|switch|p1a: Amoonguss|Amoonguss, L50, M|100\/100\n|turn|5\n|\n|t:|1700166295\n|-end|p2b: Iron Hands|Quark Drive|[silent]\n|switch|p2b: Landorus|Landorus-Therian, L50, M|100\/100\n|-ability|p2b: Landorus|Intimidate|boost\n|-unboost|p1a: Amoonguss|atk|1\n|-unboost|p1b: Ogerpon|atk|1\n|move|p1b: Ogerpon|Ivy Cudgel|p2b: Landorus|[anim] Ivy Cudgel Fire\n|-crit|p2b: Landorus\n|-damage|p2b: Landorus|0 fnt\n|faint|p2b: Landorus\n|move|p2a: Kommo-o|Clanging Scales|p1b: Ogerpon|[spread] p1a,p1b\n|-damage|p1a: Amoonguss|39\/100\n|-damage|p1b: Ogerpon|0 fnt\n|faint|p1b: Ogerpon\n|-unboost|p2a: Kommo-o|def|1\n|move|p1a: Amoonguss|Spore|p2a: Kommo-o\n|-status|p2a: Kommo-o|slp|[from] move: Spore\n|\n|upkeep\n|\n|t:|1700166314\n|switch|p1b: Rillaboom|Rillaboom, L50, M|100\/100\n|switch|p2b: Iron Hands|Iron Hands, L50|35\/100\n|-fieldstart|move: Grassy Terrain|[from] ability: Grassy Surge|[of] p1b: Rillaboom\n|turn|6\n|\n|t:|1700166337\n|move|p1b: Rillaboom|Fake Out|p2b: Iron Hands\n|-damage|p2b: Iron Hands|25\/100\n|cant|p2b: Iron Hands|flinch\n|cant|p2a: Kommo-o|slp\n|move|p1a: Amoonguss|Spore|p2b: Iron Hands\n|-status|p2b: Iron Hands|slp|[from] move: Spore\n|\n|-heal|p2a: Kommo-o|88\/100 slp|[from] Grassy Terrain\n|-heal|p2b: Iron Hands|32\/100 slp|[from] Grassy Terrain\n|-heal|p1a: Amoonguss|45\/100|[from] Grassy Terrain\n|upkeep\n|turn|7\n|\n|t:|1700166357\n|-curestatus|p2a: Kommo-o|slp|[msg]\n|move|p2a: Kommo-o|Protect|p2a: Kommo-o\n|-singleturn|p2a: Kommo-o|Protect\n|move|p1b: Rillaboom|Wood Hammer|p2a: Kommo-o\n|-activate|p2a: Kommo-o|move: Protect\n|cant|p2b: Iron Hands|slp\n|move|p1a: Amoonguss|Pollen Puff|p2a: Kommo-o\n|-activate|p2a: Kommo-o|move: Protect\n|\n|-heal|p2a: Kommo-o|94\/100|[from] Grassy Terrain\n|-heal|p2b: Iron Hands|38\/100 slp|[from] Grassy Terrain\n|-heal|p1a: Amoonguss|50\/100|[from] Grassy Terrain\n|upkeep\n|turn|8\n|\n|t:|1700166375\n|move|p2a: Kommo-o|Clanging Scales|p1a: Amoonguss|[spread] p1a,p1b\n|-damage|p1a: Amoonguss|0 fnt\n|-damage|p1b: Rillaboom|42\/100\n|faint|p1a: Amoonguss\n|-unboost|p2a: Kommo-o|def|1\n|move|p1b: Rillaboom|Wood Hammer|p2b: Iron Hands\n|-damage|p2b: Iron Hands|0 fnt\n|faint|p2b: Iron Hands\n|-end|p2b: Iron Hands|Quark Drive|[silent]\n|-damage|p1b: Rillaboom|27\/100|[from] Recoil\n|\n|-heal|p2a: Kommo-o|99\/100|[from] Grassy Terrain\n|-heal|p1b: Rillaboom|32\/100|[from] Grassy Terrain\n|upkeep\n|turn|9\n|\n|t:|1700166388\n|move|p1b: Rillaboom|Grassy Glide|p2a: Kommo-o\n|-resisted|p2a: Kommo-o\n|-damage|p2a: Kommo-o|66\/100\n|move|p2a: Kommo-o|Clanging Scales|p1b: Rillaboom\n|-damage|p1b: Rillaboom|0 fnt\n|faint|p1b: Rillaboom\n|\n|win|TestJay\n|raw|Bruhvura's rating: 1240 &rarr; <strong>1222<\/strong><br \/>(-18 for losing)\n|raw|TestJay's rating: 1334 &rarr; <strong>1349<\/strong><br \/>(+15 for winning)\n|c|\u2606TestJay|gg\n","uploadtime":1700166398,"views":15,"p1id":"bruhvura","p2id":"testjay","formatid":"gen9vgc2023regulatione","rating":1222,"private":0,"password":""}