{"id":"gen9vgc2023regulatione-1989749648","p1":"Ducky091","p2":"kricketot marx","format":"[Gen 9] VGC 2023 Regulation E","log":"|j|\u2606Ducky091\n|j|\u2606kricketot marx\n|t:|1699892509\n|gametype|doubles\n|player|p1|Ducky091|blaine|1273\n|player|p2|kricketot marx|lyra-masters2|1371\n|teamsize|p1|6\n|teamsize|p2|6\n|gen|9\n|tier|[Gen 9] VGC 2023 Regulation E\n|rated|\n|rule|Species Clause: Limit one of each Pok\u00e9mon\n|rule|Item Clause: Limit one of each item\n|clearpoke\n|poke|p1|Goodra-Hisui, L50, F|\n|poke|p1|Salamence, L50, F|\n|poke|p1|Amoonguss, L50, F|\n|poke|p1|Gholdengo, L50|\n|poke|p1|Tauros-Paldea-Blaze, L50, M|\n|poke|p1|Chien-Pao, L50|\n|poke|p2|Chien-Pao, L50|\n|poke|p2|Dragonite, L50, M|\n|poke|p2|Rillaboom, L50, M|\n|poke|p2|Heatran, L50, M|\n|poke|p2|Urshifu-*, L50, F|\n|poke|p2|Farigiraf, L50, F|\n|teampreview|4\n|inactive|Battle timer is ON: inactive players will automatically lose when time's up. (requested by Ducky091)\nkricketot marx has agreed to open team sheets.\nDucky091 has agreed to open team sheets.\n|inactive|kricketot marx has 30 seconds left.\n|inactive|kricketot marx has 20 seconds left.\n|inactive|kricketot marx has 15 seconds left.\n|\n|t:|1699892560\n|start\n|switch|p1a: Salamence|Salamence, L50, F|100\/100\n|switch|p1b: Tauros|Tauros-Paldea-Blaze, L50, M|100\/100\n|switch|p2a: Urshifu|Urshifu-Rapid-Strike, L50, F|100\/100\n|switch|p2b: Dragonite|Dragonite, L50, M|100\/100\n|-ability|p1b: Tauros|Intimidate|boost\n|-unboost|p2a: Urshifu|atk|1\n|-fail|p2b: Dragonite|unboost|Attack|[from] ability: Inner Focus|[of] p2b: Dragonite\n|-ability|p1a: Salamence|Intimidate|boost\n|-unboost|p2a: Urshifu|atk|1\n|-fail|p2b: Dragonite|unboost|Attack|[from] ability: Inner Focus|[of] p2b: Dragonite\n|turn|1\n|inactive|kricketot marx has 30 seconds left.\n|inactive|kricketot marx has 20 seconds left.\n|inactive|kricketot marx has 15 seconds left.\n|inactive|kricketot marx has 10 seconds left.\n|\n|t:|1699892608\n|switch|p2a: Heatran|Heatran, L50, M|100\/100\n|switch|p1b: Amoonguss|Amoonguss, L50, F|100\/100\n|-terastallize|p2b: Dragonite|Normal\n|move|p1a: Salamence|Tailwind|p1a: Salamence\n|-sidestart|p1: Ducky091|move: Tailwind\n|move|p2b: Dragonite|Outrage|p1b: Amoonguss\n|-damage|p1b: Amoonguss|13\/100\n|-damage|p2b: Dragonite|84\/100|[from] item: Rocky Helmet|[of] p1b: Amoonguss\n|\n|upkeep\n|turn|2\n|inactive|Ducky091 has 30 seconds left.\n|inactive|Ducky091 has 20 seconds left.\n|inactive|Ducky091 has 15 seconds left.\n|inactive|Ducky091 has 10 seconds left.\n|\n|t:|1699892656\n|move|p1a: Salamence|Dragon Claw|p2b: Dragonite\n|-damage|p2b: Dragonite|20\/100\n|-damage|p1a: Salamence|90\/100|[from] item: Life Orb\n|move|p2b: Dragonite|Outrage|p1b: Amoonguss|[from]lockedmove\n|-damage|p1b: Amoonguss|0 fnt\n|-damage|p2b: Dragonite|4\/100|[from] item: Rocky Helmet|[of] p1b: Amoonguss\n|faint|p1b: Amoonguss\n|-start|p2b: Dragonite|confusion|[fatigue]\n|move|p2a: Heatran|Heat Wave|p1a: Salamence\n|-resisted|p1a: Salamence\n|-damage|p1a: Salamence|65\/100\n|\n|upkeep\n|\n|t:|1699892670\n|switch|p1b: Tauros|Tauros-Paldea-Blaze, L50, M|100\/100\n|-ability|p1b: Tauros|Intimidate|boost\n|-unboost|p2a: Heatran|atk|1\n|-fail|p2b: Dragonite|unboost|Attack|[from] ability: Inner Focus|[of] p2b: Dragonite\n|turn|3\n|inactive|kricketot marx has 30 seconds left.\n|\n|t:|1699892699\n|switch|p2b: Urshifu|Urshifu-Rapid-Strike, L50, F|100\/100\n|switch|p2a: Rillaboom|Rillaboom, L50, M|100\/100\n|-fieldstart|move: Grassy Terrain|[from] ability: Grassy Surge|[of] p2a: Rillaboom\n|move|p1b: Tauros|Stomping Tantrum|p2a: Rillaboom\n|-resisted|p2a: Rillaboom\n|-damage|p2a: Rillaboom|89\/100\n|move|p1a: Salamence|Dragon Dance|p1a: Salamence\n|-boost|p1a: Salamence|atk|1\n|-boost|p1a: Salamence|spe|1\n|\n|-heal|p2a: Rillaboom|95\/100|[from] Grassy Terrain\n|upkeep\n|turn|4\n|\n|t:|1699892723\n|switch|p1b: Gholdengo|Gholdengo, L50|100\/100\n|move|p2a: Rillaboom|Fake Out|p1b: Gholdengo\n|-immune|p1b: Gholdengo\n|move|p1a: Salamence|Dual Wingbeat|p2a: Rillaboom\n|-supereffective|p2a: Rillaboom\n|-damage|p2a: Rillaboom|22\/100\n|-supereffective|p2a: Rillaboom\n|-damage|p2a: Rillaboom|0 fnt\n|faint|p2a: Rillaboom\n|-hitcount|p2: Rillaboom|2\n|-damage|p1a: Salamence|56\/100|[from] item: Life Orb\n|move|p2b: Urshifu|Surging Strikes|p1b: Gholdengo\n|-crit|p1b: Gholdengo\n|-damage|p1b: Gholdengo|84\/100\n|-crit|p1b: Gholdengo\n|-damage|p1b: Gholdengo|67\/100\n|-crit|p1b: Gholdengo\n|-damage|p1b: Gholdengo|49\/100\n|-enditem|p1b: Gholdengo|Sitrus Berry|[eat]\n|-heal|p1b: Gholdengo|74\/100|[from] item: Sitrus Berry\n|-hitcount|p1b: Gholdengo|3\n|\n|-heal|p1b: Gholdengo|80\/100|[from] Grassy Terrain\n|-sideend|p1: Ducky091|move: Tailwind\n|upkeep\n|\n|t:|1699892740\n|switch|p2a: Heatran|Heatran, L50, M|100\/100\n|turn|5\n|\n|t:|1699892761\n|-terastallize|p1b: Gholdengo|Dragon\n|move|p2b: Urshifu|Surging Strikes|p1b: Gholdengo\n|-resisted|p1b: Gholdengo\n|-crit|p1b: Gholdengo\n|-damage|p1b: Gholdengo|72\/100\n|-resisted|p1b: Gholdengo\n|-crit|p1b: Gholdengo\n|-damage|p1b: Gholdengo|63\/100\n|-resisted|p1b: Gholdengo\n|-crit|p1b: Gholdengo\n|-damage|p1b: Gholdengo|53\/100\n|-hitcount|p1b: Gholdengo|3\n|move|p1a: Salamence|Dual Wingbeat|p2b: Urshifu\n|-supereffective|p2b: Urshifu\n|-damage|p2b: Urshifu|3\/100\n|-supereffective|p2b: Urshifu\n|-damage|p2b: Urshifu|0 fnt\n|faint|p2b: Urshifu\n|-hitcount|p2: Urshifu|2\n|-damage|p1a: Salamence|45\/100|[from] item: Life Orb\n|move|p1b: Gholdengo|Nasty Plot|p1b: Gholdengo\n|-boost|p1b: Gholdengo|spa|2\n|move|p2a: Heatran|Flash Cannon|p1b: Gholdengo\n|-damage|p1b: Gholdengo|5\/100\n|\n|-heal|p1b: Gholdengo|11\/100|[from] Grassy Terrain\n|upkeep\n|\n|t:|1699892782\n|switch|p2b: Dragonite|Dragonite, L50, M, tera:Normal|4\/100\n|turn|6\n|inactive|kricketot marx has 30 seconds left.\n|inactive|Ducky091 has 30 seconds left.\n|inactive|kricketot marx has 20 seconds left.\n|\n|t:|1699892818\n|move|p2b: Dragonite|Extreme Speed|p1a: Salamence\n|-damage|p1a: Salamence|0 fnt\n|faint|p1a: Salamence\n|move|p2a: Heatran|Flash Cannon|p1b: Gholdengo\n|-damage|p1b: Gholdengo|0 fnt\n|faint|p1b: Gholdengo\n|\n|-heal|p2b: Dragonite|10\/100|[from] Grassy Terrain\n|upkeep\n|\n|t:|1699892826\n|switch|p1b: Tauros|Tauros-Paldea-Blaze, L50, M|100\/100\n|-ability|p1b: Tauros|Intimidate|boost\n|-unboost|p2a: Heatran|atk|1\n|-fail|p2b: Dragonite|unboost|Attack|[from] ability: Inner Focus|[of] p2b: Dragonite\n|turn|7\n|\n|t:|1699892834\n|move|p2b: Dragonite|Extreme Speed|p1b: Tauros\n|-damage|p1b: Tauros|22\/100\n|move|p1b: Tauros|Iron Head|p2b: Dragonite\n|-damage|p2b: Dragonite|0 fnt\n|faint|p2b: Dragonite\n|move|p2a: Heatran|Earth Power|p1b: Tauros\n|-supereffective|p1b: Tauros\n|-damage|p1b: Tauros|0 fnt\n|faint|p1b: Tauros\n|\n|win|kricketot marx\n|raw|Ducky091's rating: 1273 &rarr; <strong>1255<\/strong><br \/>(-18 for losing)\n|raw|kricketot marx's rating: 1371 &rarr; <strong>1386<\/strong><br \/>(+15 for winning)\n|l|\u2606Ducky091\n","uploadtime":1699892846,"views":7,"p1id":"ducky091","p2id":"kricketotmarx","formatid":"gen9vgc2023regulatione","rating":1255,"private":0,"password":""}