{"id":"gen9vgc2023regulatione-1994029324","p1":"5wamp","p2":"GreatestlawyerinNY","format":"[Gen 9] VGC 2023 Regulation E","log":"|j|\u26065wamp\n|j|\u2606GreatestlawyerinNY\n|t:|1700396444\n|gametype|doubles\n|player|p1|5wamp|carmine-festival|1441\n|player|p2|GreatestlawyerinNY|266|1329\n|teamsize|p1|6\n|teamsize|p2|6\n|gen|9\n|tier|[Gen 9] VGC 2023 Regulation E\n|rated|\n|rule|Species Clause: Limit one of each Pok\u00e9mon\n|rule|Item Clause: Limit one of each item\n|clearpoke\n|poke|p1|Ogerpon-Wellspring, L50, F|\n|poke|p1|Regieleki, L50|\n|poke|p1|Indeedee-F, L50, F|\n|poke|p1|Tornadus, L50, M|\n|poke|p1|Chi-Yu, L50|\n|poke|p1|Flutter Mane, L50|\n|poke|p2|Ogerpon-Wellspring, L50, F|\n|poke|p2|Regieleki, L50|\n|poke|p2|Chi-Yu, L50|\n|poke|p2|Flutter Mane, L50|\n|poke|p2|Indeedee-F, L50, F|\n|poke|p2|Tornadus, L50, M|\n|teampreview|4\n|c|\u26065wamp|cool team\n|c|\u2606GreatestlawyerinNY|spiderman point\n|inactive|Battle timer is ON: inactive players will automatically lose when time's up. (requested by 5wamp)\n|inactive|GreatestlawyerinNY has 60 seconds left.\n|\n|t:|1700396504\n|start\n|switch|p1a: Genned!|Regieleki, L50|100\/100\n|switch|p1b: Tornadus|Tornadus, L50, M|100\/100\n|switch|p2a: Tornadus|Tornadus, L50, M, shiny|100\/100\n|switch|p2b: Flutter Mane|Flutter Mane, L50|100\/100\n|turn|1\n|\n|t:|1700396522\n|-terastallize|p2a: Tornadus|Ghost\n|move|p1a: Genned!|Protect|p1a: Genned!\n|-singleturn|p1a: Genned!|Protect\n|move|p2b: Flutter Mane|Protect|p2b: Flutter Mane\n|-singleturn|p2b: Flutter Mane|Protect\n|move|p2a: Tornadus|Tailwind|p2a: Tornadus\n|-sidestart|p2: GreatestlawyerinNY|move: Tailwind\n|move|p1b: Tornadus|Bleakwind Storm|p2b: Flutter Mane|[spread] p2a\n|-activate|p2b: Flutter Mane|move: Protect\n|-damage|p2a: Tornadus|71\/100\n|-unboost|p2a: Tornadus|spe|1\n|\n|upkeep\n|turn|2\n|\n|t:|1700396541\n|switch|p1a: Ogerpon|Ogerpon-Wellspring, L50, F|100\/100\n|move|p2a: Tornadus|Sunny Day|p2a: Tornadus\n|-weather|SunnyDay\n|-activate|p2b: Flutter Mane|ability: Protosynthesis\n|-start|p2b: Flutter Mane|protosynthesisspe\n|move|p1b: Tornadus|Tailwind|p1b: Tornadus\n|-sidestart|p1: 5wamp|move: Tailwind\n|move|p2b: Flutter Mane|Moonblast|p1a: Ogerpon\n|-damage|p1a: Ogerpon|44\/100\n|\n|-weather|SunnyDay|[upkeep]\n|upkeep\n|turn|3\n|\n|t:|1700396565\n|-terastallize|p1a: Ogerpon|Water\n|detailschange|p1a: Ogerpon|Ogerpon-Wellspring-Tera, L50, F, tera:Water\n|-ability|p1a: Ogerpon|Embody Aspect (Wellspring)|boost\n|-boost|p1a: Ogerpon|spd|1\n|move|p1b: Tornadus|Rain Dance|p1b: Tornadus\n|-weather|RainDance\n|-end|p2b: Flutter Mane|Protosynthesis\n|move|p2b: Flutter Mane|Moonblast|p1b: Tornadus\n|-damage|p1b: Tornadus|45\/100\n|move|p1a: Ogerpon|Ivy Cudgel|p2a: Tornadus|[anim] Ivy Cudgel Water\n|-damage|p2a: Tornadus|0 fnt\n|faint|p2a: Tornadus\n|\n|-weather|RainDance|[upkeep]\n|upkeep\n|\n|t:|1700396577\n|switch|p2a: Ogerpon|Ogerpon-Wellspring, L50, F|100\/100\n|turn|4\n|\n|t:|1700396592\n|move|p1b: Tornadus|Protect|p1b: Tornadus\n|-singleturn|p1b: Tornadus|Protect\n|move|p1a: Ogerpon|Spiky Shield|p1a: Ogerpon\n|-singleturn|p1a: Ogerpon|move: Protect\n|move|p2b: Flutter Mane|Moonblast|p1a: Ogerpon\n|-activate|p1a: Ogerpon|move: Protect\n|move|p2a: Ogerpon|Ivy Cudgel|p1b: Tornadus|[anim] Ivy Cudgel Water\n|-activate|p1b: Tornadus|move: Protect\n|\n|-weather|RainDance|[upkeep]\n|-sideend|p2: GreatestlawyerinNY|move: Tailwind\n|upkeep\n|turn|5\n|\n|t:|1700396608\n|move|p2b: Flutter Mane|Protect|p2b: Flutter Mane\n|-singleturn|p2b: Flutter Mane|Protect\n|move|p2a: Ogerpon|Spiky Shield|p2a: Ogerpon\n|-singleturn|p2a: Ogerpon|move: Protect\n|move|p1a: Ogerpon|Horn Leech|p2a: Ogerpon\n|-activate|p2a: Ogerpon|move: Protect\n|-damage|p1a: Ogerpon|32\/100|[from] Spiky Shield|[of] p2a: Ogerpon\n|move|p1b: Tornadus|Bleakwind Storm|p2a: Ogerpon|[spread] \n|-activate|p2a: Ogerpon|move: Protect\n|-activate|p2b: Flutter Mane|move: Protect\n|\n|-weather|RainDance|[upkeep]\n|-sideend|p1: 5wamp|move: Tailwind\n|upkeep\n|turn|6\n|\n|t:|1700396628\n|switch|p2a: Chi-Yu|Chi-Yu, L50|100\/100\n|-ability|p2a: Chi-Yu|Beads of Ruin\n|move|p1b: Tornadus|Tailwind|p1b: Tornadus\n|-sidestart|p1: 5wamp|move: Tailwind\n|move|p1a: Ogerpon|Horn Leech|p2a: Chi-Yu\n|-resisted|p2a: Chi-Yu\n|-damage|p2a: Chi-Yu|60\/100\n|-heal|p1a: Ogerpon|47\/100|[from] drain|[of] p2a: Chi-Yu\n|move|p2b: Flutter Mane|Dazzling Gleam|p1b: Tornadus|[spread] p1a,p1b\n|-damage|p1a: Ogerpon|18\/100\n|-damage|p1b: Tornadus|0 fnt\n|faint|p1b: Tornadus\n|\n|-weather|RainDance|[upkeep]\n|upkeep\n|\n|t:|1700396645\n|switch|p1b: Genned!|Regieleki, L50|100\/100\n|turn|7\n|\n|t:|1700396659\n|move|p2b: Flutter Mane|Protect|p2b: Flutter Mane\n|-singleturn|p2b: Flutter Mane|Protect\n|move|p1b: Genned!|Thunderbolt|p2b: Flutter Mane\n|-activate|p2b: Flutter Mane|move: Protect\n|move|p1a: Ogerpon|Ivy Cudgel|p2b: Flutter Mane|[anim] Ivy Cudgel Water\n|-activate|p2b: Flutter Mane|move: Protect\n|move|p2a: Chi-Yu|Snarl|p1b: Genned!|[spread] p1a,p1b\n|-damage|p1a: Ogerpon|0 fnt\n|-damage|p1b: Genned!|41\/100\n|-unboost|p1b: Genned!|spa|1\n|faint|p1a: Ogerpon\n|-damage|p2a: Chi-Yu|50\/100|[from] item: Life Orb\n|\n|-weather|none\n|upkeep\n|\n|t:|1700396662\n|switch|p1a: Flutter Mane|Flutter Mane, L50|100\/100\n|turn|8\n|inactive|GreatestlawyerinNY has 30 seconds left.\n|inactive|5wamp has 30 seconds left.\n|inactive|GreatestlawyerinNY has 20 seconds left.\n|inactive|GreatestlawyerinNY has 15 seconds left.\n|\n|t:|1700396704\n|move|p2a: Chi-Yu|Protect|p2a: Chi-Yu\n|-singleturn|p2a: Chi-Yu|Protect\n|move|p1b: Genned!|Thunderbolt|p2b: Flutter Mane\n|-damage|p2b: Flutter Mane|47\/100\n|move|p1a: Flutter Mane|Dazzling Gleam|p2b: Flutter Mane|[spread] p2b\n|-activate|p2a: Chi-Yu|move: Protect\n|-damage|p2b: Flutter Mane|5\/100\n|move|p2b: Flutter Mane|Moonblast|p1b: Genned!\n|-damage|p1b: Genned!|0 fnt\n|faint|p1b: Genned!\n|\n|upkeep\n|turn|9\n|inactive|GreatestlawyerinNY has 30 seconds left.\n|\n|t:|1700396734\n|switch|p2a: Ogerpon|Ogerpon-Wellspring, L50, F|100\/100\n|move|p2b: Flutter Mane|Protect|p2b: Flutter Mane\n|-singleturn|p2b: Flutter Mane|Protect\n|move|p1a: Flutter Mane|Moonblast|p2a: Ogerpon\n|-damage|p2a: Ogerpon|52\/100\n|-unboost|p2a: Ogerpon|spa|1\n|\n|-sideend|p1: 5wamp|move: Tailwind\n|upkeep\n|turn|10\n|\n|t:|1700396749\n|move|p1a: Flutter Mane|Dazzling Gleam|p2b: Flutter Mane|[spread] p2a,p2b\n|-damage|p2a: Ogerpon|23\/100\n|-damage|p2b: Flutter Mane|0 fnt\n|faint|p2b: Flutter Mane\n|-end|p2b: Flutter Mane|Protosynthesis|[silent]\n|move|p2a: Ogerpon|Ivy Cudgel|p1a: Flutter Mane|[anim] Ivy Cudgel Water\n|-enditem|p1a: Flutter Mane|Focus Sash\n|-damage|p1a: Flutter Mane|1\/100\n|\n|upkeep\n|\n|t:|1700396757\n|switch|p2b: Chi-Yu|Chi-Yu, L50|50\/100\n|-ability|p2b: Chi-Yu|Beads of Ruin\n|turn|11\n|\n|t:|1700396769\n|move|p1a: Flutter Mane|Protect|p1a: Flutter Mane\n|-singleturn|p1a: Flutter Mane|Protect\n|move|p2b: Chi-Yu|Snarl|p1a: Flutter Mane\n|-activate|p1a: Flutter Mane|move: Protect\n|move|p2a: Ogerpon|Ivy Cudgel|p1a: Flutter Mane|[anim] Ivy Cudgel Water\n|-activate|p1a: Flutter Mane|move: Protect\n|\n|upkeep\n|turn|12\n|\n|t:|1700396787\n|move|p1a: Flutter Mane|Dazzling Gleam|p2b: Chi-Yu|[spread] p2a,p2b\n|-damage|p2a: Ogerpon|0 fnt\n|-damage|p2b: Chi-Yu|15\/100\n|faint|p2a: Ogerpon\n|move|p2b: Chi-Yu|Snarl|p1a: Flutter Mane\n|-damage|p1a: Flutter Mane|0 fnt\n|faint|p1a: Flutter Mane\n|-end|p1a: Flutter Mane|Protosynthesis|[silent]\n|-damage|p2b: Chi-Yu|5\/100|[from] item: Life Orb\n|\n|win|GreatestlawyerinNY\n|raw|5wamp's rating: 1441 &rarr; <strong>1415<\/strong><br \/>(-26 for losing)\n|raw|GreatestlawyerinNY's rating: 1329 &rarr; <strong>1355<\/strong><br \/>(+26 for winning)\n|l|\u26065wamp\n|c|\u2606GreatestlawyerinNY|gg\n","uploadtime":1700396974,"views":29,"p1id":"5wamp","p2id":"greatestlawyerinny","formatid":"gen9vgc2023regulatione","rating":1355,"private":0,"password":""}