{"id":"gen9vgc2023regulatione-1993930698","p1":"BonleyVGC","p2":"BigBusted","format":"[Gen 9] VGC 2023 Regulation E","log":"|j|\u2606BonleyVGC\n|j|\u2606BigBusted\n|t:|1700377478\n|gametype|doubles\n|player|p1|BonleyVGC|dancer|1229\n|player|p2|BigBusted|unknown|1294\n|teamsize|p1|6\n|teamsize|p2|6\n|gen|9\n|tier|[Gen 9] VGC 2023 Regulation E\n|rated|\n|rule|Species Clause: Limit one of each Pok\u00e9mon\n|rule|Item Clause: Limit one of each item\n|clearpoke\n|poke|p1|Ogerpon-Cornerstone, L50, F|\n|poke|p1|Heatran, L50, F|\n|poke|p1|Tornadus, L50, M|\n|poke|p1|Landorus-Therian, L50, M|\n|poke|p1|Tyranitar, L50, M|\n|poke|p1|Gastrodon, L50, M|\n|poke|p2|Okidogi, L50, M|\n|poke|p2|Flutter Mane, L50|\n|poke|p2|Landorus-Therian, L50, M|\n|poke|p2|Zapdos, L50|\n|poke|p2|Tornadus, L50, M|\n|poke|p2|Gyarados, L50, M|\n|teampreview|4\n|inactive|Battle timer is ON: inactive players will automatically lose when time's up. (requested by BigBusted)\n|\n|t:|1700377506\n|start\n|switch|p1a: Tyranitar|Tyranitar, L50, M|100\/100\n|switch|p1b: Heatran|Heatran, L50, F|100\/100\n|switch|p2a: Tornadus|Tornadus, L50, M|100\/100\n|switch|p2b: Zapdos|Zapdos, L50|100\/100\n|-weather|Sandstorm|[from] ability: Sand Stream|[of] p1a: Tyranitar\n|turn|1\n|inactive|BonleyVGC has 30 seconds left.\n|\n|t:|1700377536\n|move|p2a: Tornadus|Rain Dance|p2a: Tornadus\n|-weather|RainDance\n|move|p2b: Zapdos|Weather Ball|p1b: Heatran\n|-supereffective|p1b: Heatran\n|-damage|p1b: Heatran|7\/100\n|move|p1b: Heatran|Heat Wave|p2b: Zapdos|[spread] p2a,p2b\n|-damage|p2a: Tornadus|73\/100\n|-damage|p2b: Zapdos|77\/100\n|-damage|p1b: Heatran|0 fnt|[from] item: Life Orb\n|faint|p1b: Heatran\n|move|p1a: Tyranitar|Rock Slide|p2b: Zapdos|[spread] p2a,p2b\n|-supereffective|p2a: Tornadus\n|-supereffective|p2b: Zapdos\n|-damage|p2a: Tornadus|6\/100\n|-damage|p2b: Zapdos|36\/100\n|\n|-weather|RainDance|[upkeep]\n|upkeep\n|\n|t:|1700377552\n|switch|p1b: Ogerpon|Ogerpon-Cornerstone, L50, F|100\/100\n|turn|2\n|\n|t:|1700377561\n|switch|p1a: Gastrodon|Gastrodon, L50, M|100\/100\n|move|p2a: Tornadus|Tailwind|p2a: Tornadus\n|-sidestart|p2: BigBusted|move: Tailwind\n|move|p2b: Zapdos|Hurricane|p1b: Ogerpon\n|-damage|p1b: Ogerpon|40\/100\n|-start|p1b: Ogerpon|confusion\n|-activate|p1b: Ogerpon|confusion\n|move|p1b: Ogerpon|Ivy Cudgel|p2b: Zapdos|[anim] Ivy Cudgel Rock\n|-supereffective|p2b: Zapdos\n|-damage|p2b: Zapdos|0 fnt\n|faint|p2b: Zapdos\n|\n|-weather|RainDance|[upkeep]\n|upkeep\n|\n|t:|1700377576\n|switch|p2b: Gyarados|Gyarados, L50, M|100\/100\n|-ability|p2b: Gyarados|Intimidate|boost\n|-unboost|p1a: Gastrodon|atk|1\n|-unboost|p1b: Ogerpon|atk|1\n|turn|3\n|\n|t:|1700377585\n|switch|p2a: Landorus|Landorus-Therian, L50, M|100\/100\n|-ability|p2a: Landorus|Intimidate|boost\n|-unboost|p1a: Gastrodon|atk|1\n|-unboost|p1b: Ogerpon|atk|1\n|switch|p1b: Tyranitar|Tyranitar, L50, M|100\/100\n|-weather|Sandstorm|[from] ability: Sand Stream|[of] p1b: Tyranitar\n|move|p2b: Gyarados|Dragon Dance|p2b: Gyarados\n|-boost|p2b: Gyarados|atk|1\n|-boost|p2b: Gyarados|spe|1\n|move|p1a: Gastrodon|Yawn|p2b: Gyarados\n|-start|p2b: Gyarados|move: Yawn|[of] p1a: Gastrodon\n|\n|-weather|Sandstorm|[upkeep]\n|-damage|p2b: Gyarados|94\/100|[from] Sandstorm\n|upkeep\n|turn|4\n|inactive|BonleyVGC has 30 seconds left.\n|\n|t:|1700377611\n|move|p2b: Gyarados|Waterfall|p1a: Gastrodon\n|-activate|p1a: Gastrodon|ability: Storm Drain\n|-ability|p1a: Gastrodon|Storm Drain|boost\n|-boost|p1a: Gastrodon|spa|1\n|move|p2a: Landorus|Swords Dance|p2a: Landorus\n|-boost|p2a: Landorus|atk|2\n|move|p1b: Tyranitar|Rock Slide|p2b: Gyarados|[spread] p2a,p2b\n|-supereffective|p2b: Gyarados\n|-damage|p2a: Landorus|74\/100\n|-damage|p2b: Gyarados|43\/100\n|-enditem|p2b: Gyarados|Sitrus Berry|[eat]\n|-heal|p2b: Gyarados|68\/100|[from] item: Sitrus Berry\n|move|p1a: Gastrodon|Ice Beam|p2a: Landorus\n|-supereffective|p2a: Landorus\n|-damage|p2a: Landorus|0 fnt\n|faint|p2a: Landorus\n|\n|-weather|Sandstorm|[upkeep]\n|-damage|p2b: Gyarados|62\/100|[from] Sandstorm\n|-end|p2b: Gyarados|move: Yawn|[silent]\n|-status|p2b: Gyarados|slp\n|upkeep\n|\n|t:|1700377629\n|switch|p2a: Tornadus|Tornadus, L50, M|6\/100\n|turn|5\n|\n|t:|1700377647\n|move|p2a: Tornadus|Rain Dance|p2a: Tornadus\n|-weather|RainDance\n|cant|p2b: Gyarados|slp\n|move|p1b: Tyranitar|Rock Slide|p2a: Tornadus|[spread] p2a,p2b\n|-supereffective|p2a: Tornadus\n|-supereffective|p2b: Gyarados\n|-damage|p2a: Tornadus|0 fnt\n|-damage|p2b: Gyarados|5\/100 slp\n|faint|p2a: Tornadus\n|move|p1a: Gastrodon|Ice Beam|p2b: Gyarados\n|-damage|p2b: Gyarados|0 fnt\n|faint|p2b: Gyarados\n|\n|win|BonleyVGC\n|raw|BonleyVGC's rating: 1229 &rarr; <strong>1259<\/strong><br \/>(+30 for winning)\n|raw|BigBusted's rating: 1294 &rarr; <strong>1264<\/strong><br \/>(-30 for losing)\n","uploadtime":1700377668,"views":12,"p1id":"bonleyvgc","p2id":"bigbusted","formatid":"gen9vgc2023regulatione","rating":1259,"private":0,"password":""}