{"id":"gen9vgc2023regulatione-1992642866","p1":"ChungusTheOldOne","p2":"magicalarcher57","format":"[Gen 9] VGC 2023 Regulation E","log":"|j|\u2606ChungusTheOldOne\n|j|\u2606magicalarcher57\n|t:|1700219340\n|gametype|doubles\n|player|p1|ChungusTheOldOne|102|\n|player|p2|magicalarcher57|cynthia-gen4|\n|teamsize|p1|6\n|teamsize|p2|6\n|gen|9\n|tier|[Gen 9] VGC 2023 Regulation E\n|rated|Tournament battle\n|rule|Species Clause: Limit one of each Pok\u00e9mon\n|rule|Item Clause: Limit one of each item\n|clearpoke\n|poke|p1|Ninetales-Alola, L50, F|\n|poke|p1|Annihilape, L50, M|\n|poke|p1|Sinistcha-Masterpiece, L50|\n|poke|p1|Arcanine-Hisui, L50, M|\n|poke|p1|Flutter Mane, L50|\n|poke|p1|Ogerpon-Wellspring, L50, F|\n|poke|p2|Landorus-Therian, L50, M|\n|poke|p2|Tornadus, L50, M|\n|poke|p2|Rillaboom, L50, F|\n|poke|p2|Urshifu-*, L50, F|\n|poke|p2|Heatran, L50, M|\n|poke|p2|Sneasler, L50, F|\n|teampreview|4\n|showteam|p1|Ninetales-Alola||CovertCloak|SnowWarning|AuroraVeil,DazzlingGleam,FreezeDry,Howl|||F|||50|,,,,,Dark]Annihilape||Leftovers|Defiant|RageFist,DrainPunch,BulkUp,Taunt|||M|||50|,,,,,Ice]Sinistcha-Masterpiece||WikiBerry|Hospitality|MatchaGotcha,TrickRoom,RagePowder,LifeDew||||||50|,,,,,Water]Arcanine-Hisui||AssaultVest|Intimidate|ExtremeSpeed,FlareBlitz,RockSlide,HeadSmash|||M|||50|,,,,,Normal]Flutter Mane||BoosterEnergy|Protosynthesis|Moonblast,DazzlingGleam,ShadowBall,Protect||||||50|,,,,,Fairy]Ogerpon-Wellspring||WellspringMask|WaterAbsorb|FollowMe,IvyCudgel,HornLeech,SpikyShield|||F|||50|,,,,,Water\n|showteam|p2|Landorus-Therian||ChoiceScarf|Intimidate|StompingTantrum,TeraBlast,Uturn,RockSlide|||M|||50|,,,,,Flying]Tornadus||MentalHerb|Prankster|BleakwindStorm,Tailwind,Protect,Taunt|||M|||50|,,,,,Ghost]Rillaboom||AssaultVest|GrassySurge|GrassyGlide,WoodHammer,Uturn,FakeOut|||F|||50|,,,,,Fire]Urshifu-Rapid-Strike||FocusSash|UnseenFist|SurgingStrikes,AquaJet,IceSpinner,Detect|||F|||50|,,,,,Water]Heatran||AirBalloon|FlashFire|EarthPower,HeatWave,Protect,TeraBlast|||M|||50|,,,,,Grass]Sneasler||GrassySeed|Unburden|FakeOut,Protect,CloseCombat,Acrobatics|||F|||50|,,,,,Flying\n|j|%Therazer456\n|j| ziqqurat\n|j| rex8956\n|\n|t:|1700219375\n|start\n|switch|p1a: Ninetales|Ninetales-Alola, L50, F|100\/100\n|switch|p1b: Annihilape|Annihilape, L50, M|100\/100\n|switch|p2a: Sneasler|Sneasler, L50, F|100\/100\n|switch|p2b: Rillaboom|Rillaboom, L50, F|100\/100\n|-weather|Snow|[from] ability: Snow Warning|[of] p1a: Ninetales\n|-fieldstart|move: Grassy Terrain|[from] ability: Grassy Surge|[of] p2b: Rillaboom\n|-enditem|p2a: Sneasler|Grassy Seed\n|-boost|p2a: Sneasler|def|1|[from] item: Grassy Seed\n|turn|1\n|\n|t:|1700219432\n|move|p2b: Rillaboom|Fake Out|p1a: Ninetales\n|-damage|p1a: Ninetales|87\/100\n|move|p2a: Sneasler|Acrobatics|p1b: Annihilape\n|-supereffective|p1b: Annihilape\n|-damage|p1b: Annihilape|29\/100\n|move|p1a: Ninetales|Aurora Veil|p1a: Ninetales\n|-sidestart|p1: ChungusTheOldOne|move: Aurora Veil\n|move|p1b: Annihilape|Bulk Up|p1b: Annihilape\n|-boost|p1b: Annihilape|atk|1\n|-boost|p1b: Annihilape|def|1\n|\n|-weather|Snow|[upkeep]\n|-heal|p1a: Ninetales|93\/100|[from] Grassy Terrain\n|-heal|p1b: Annihilape|35\/100|[from] Grassy Terrain\n|-heal|p1b: Annihilape|41\/100|[from] item: Leftovers\n|upkeep\n|turn|2\n|\n|t:|1700219442\n|switch|p1a: Sinistcha|Sinistcha-Masterpiece, L50|100\/100\n|-heal|p1b: Annihilape|66\/100|[from] ability: Hospitality|[of] p1a: Sinistcha\n|-terastallize|p1b: Annihilape|Ice\n|move|p2a: Sneasler|Close Combat|p1a: Sinistcha\n|-immune|p1a: Sinistcha\n|move|p1b: Annihilape|Rage Fist|p2a: Sneasler\n|-damage|p2a: Sneasler|17\/100\n|move|p2b: Rillaboom|Wood Hammer|p1b: Annihilape\n|-damage|p1b: Annihilape|40\/100\n|-damage|p2b: Rillaboom|92\/100|[from] Recoil\n|\n|-weather|Snow|[upkeep]\n|-heal|p2a: Sneasler|22\/100|[from] Grassy Terrain\n|-heal|p1b: Annihilape|46\/100|[from] Grassy Terrain\n|-heal|p1b: Annihilape|52\/100|[from] item: Leftovers\n|-heal|p2b: Rillaboom|98\/100|[from] Grassy Terrain\n|upkeep\n|turn|3\n|\n|t:|1700219473\n|move|p2a: Sneasler|Protect|p2a: Sneasler\n|-singleturn|p2a: Sneasler|Protect\n|move|p1a: Sinistcha|Rage Powder|p1a: Sinistcha\n|-singleturn|p1a: Sinistcha|move: Rage Powder\n|move|p1b: Annihilape|Drain Punch|p2b: Rillaboom\n|-damage|p2b: Rillaboom|41\/100\n|-heal|p1b: Annihilape|81\/100|[from] drain|[of] p2b: Rillaboom\n|move|p2b: Rillaboom|Wood Hammer|p1b: Annihilape\n|-damage|p1b: Annihilape|55\/100\n|-damage|p2b: Rillaboom|32\/100|[from] Recoil\n|\n|-weather|Snow|[upkeep]\n|-heal|p2a: Sneasler|28\/100|[from] Grassy Terrain\n|-heal|p1b: Annihilape|60\/100|[from] Grassy Terrain\n|-heal|p1b: Annihilape|66\/100|[from] item: Leftovers\n|-heal|p2b: Rillaboom|38\/100|[from] Grassy Terrain\n|upkeep\n|turn|4\n|\n|t:|1700219487\n|-terastallize|p2a: Sneasler|Flying\n|move|p1a: Sinistcha|Rage Powder|p1a: Sinistcha\n|-singleturn|p1a: Sinistcha|move: Rage Powder\n|move|p2a: Sneasler|Acrobatics|p1a: Sinistcha\n|-supereffective|p1a: Sinistcha\n|-damage|p1a: Sinistcha|39\/100\n|move|p1b: Annihilape|Drain Punch|p2b: Rillaboom\n|-damage|p2b: Rillaboom|0 fnt\n|-heal|p1b: Annihilape|85\/100|[from] drain|[of] p2b: Rillaboom\n|faint|p2b: Rillaboom\n|\n|-weather|Snow|[upkeep]\n|-heal|p1b: Annihilape|91\/100|[from] Grassy Terrain\n|-heal|p1b: Annihilape|97\/100|[from] item: Leftovers\n|-heal|p1a: Sinistcha|45\/100|[from] Grassy Terrain\n|upkeep\n|\n|t:|1700219495\n|switch|p2b: Heatran|Heatran, L50, M|100\/100\n|-item|p2b: Heatran|Air Balloon\n|turn|5\n|\n|t:|1700219524\n|move|p2a: Sneasler|Acrobatics|p1b: Annihilape\n|-damage|p1b: Annihilape|80\/100\n|move|p1b: Annihilape|Rage Fist|p2b: Heatran\n|-damage|p2b: Heatran|0 fnt\n|-enditem|p2b: Heatran|Air Balloon\n|faint|p2b: Heatran\n|move|p1a: Sinistcha|Trick Room|p1a: Sinistcha\n|-fieldstart|move: Trick Room|[of] p1a: Sinistcha\n|\n|-weather|none\n|-heal|p1a: Sinistcha|51\/100|[from] Grassy Terrain\n|-heal|p1b: Annihilape|86\/100|[from] Grassy Terrain\n|-heal|p1b: Annihilape|92\/100|[from] item: Leftovers\n|-sideend|p1: ChungusTheOldOne|move: Aurora Veil\n|-fieldend|move: Grassy Terrain\n|upkeep\n|\n|t:|1700219533\n|switch|p2b: Urshifu|Urshifu-Rapid-Strike, L50, F|100\/100\n|turn|6\n|\n|t:|1700219539\n|move|p1a: Sinistcha|Matcha Gotcha|p2b: Urshifu|[spread] p2a,p2b\n|-resisted|p2a: Sneasler\n|-supereffective|p2b: Urshifu\n|-damage|p2a: Sneasler|11\/100\n|-heal|p1a: Sinistcha|59\/100|[from] drain|[of] p2a: Sneasler\n|-damage|p2b: Urshifu|28\/100\n|-heal|p1a: Sinistcha|97\/100|[from] drain|[of] p2b: Urshifu\n|move|p1b: Annihilape|Drain Punch|p2b: Urshifu\n|-damage|p2b: Urshifu|0 fnt\n|-heal|p1b: Annihilape|100\/100|[from] drain|[of] p2b: Urshifu\n|faint|p2b: Urshifu\n|move|p2a: Sneasler|Close Combat|p1b: Annihilape\n|-supereffective|p1b: Annihilape\n|-damage|p1b: Annihilape|15\/100\n|-unboost|p2a: Sneasler|def|1\n|-unboost|p2a: Sneasler|spd|1\n|\n|-heal|p1b: Annihilape|20\/100|[from] item: Leftovers\n|upkeep\n|turn|7\n|c|\u2606magicalarcher57|gg\n|c|\u2606ChungusTheOldOne|gg\n|c|\u2606magicalarcher57|i threw the game\n|c|\u2606magicalarcher57|it was winnable\n|\n|t:|1700219559\n|move|p1a: Sinistcha|Matcha Gotcha|p2a: Sneasler\n|-resisted|p2a: Sneasler\n|-damage|p2a: Sneasler|0 fnt\n|-heal|p1a: Sinistcha|100\/100|[from] drain|[of] p2a: Sneasler\n|faint|p2a: Sneasler\n|\n|win|ChungusTheOldOne\n|n|\u2606ChungusTheOldOne|chungustheoldone\n|n|\u2606magicalarcher57|magicalarcher57\n|n| Therazer456|therazer456\n|n| ziqqurat|ziqqurat\n|n| rex8956|rex8956\n","uploadtime":1700219560,"views":7,"p1id":"chungustheoldone","p2id":"magicalarcher57","formatid":"gen9vgc2023regulatione","rating":0,"private":0,"password":""}