{"id":"gen9vgc2023regulatione-1993287959","p1":"yakenonokarasu","p2":"ItsTobeeeee","format":"[Gen 9] VGC 2023 Regulation E","log":"|j|\u2606yakenonokarasu\n|j|\u2606ItsTobeeeee\n|n|\u2606yakenonokarasu|yakenonokarasu\n|n|\u2606ItsTobeeeee|itstobeeeee\n|html|View the match progress at <a href=\"\/game-bestof3-gen9vgc2023regulatione-1993286587\">game-bestof3-gen9vgc2023regulatione-1993286587<\/a>\n|t:|1700290901\n|gametype|doubles\n|player|p1|yakenonokarasu|roxie|\n|player|p2|ItsTobeeeee|skyla|\n|teamsize|p1|6\n|teamsize|p2|6\n|gen|9\n|tier|[Gen 9] VGC 2023 Regulation E\n|rule|Species Clause: Limit one of each Pok\u00e9mon\n|rule|Item Clause: Limit one of each item\n|clearpoke\n|poke|p1|Gholdengo, L50|\n|poke|p1|Ting-Lu, L50|\n|poke|p1|Maushold-Four, L50|\n|poke|p1|Urshifu-*, L50, M|\n|poke|p1|Volbeat, L50, M|\n|poke|p1|Conkeldurr, L50, M|\n|poke|p2|Orthworm, L50, F|\n|poke|p2|Tyranitar, L50, M|\n|poke|p2|Ogerpon-Cornerstone, L50, F|\n|poke|p2|Torterra, L50, F|\n|poke|p2|Kommo-o, L50, M|\n|poke|p2|Goodra-Hisui, L50, F|\n|teampreview|4\n|inactive|Battle timer is ON: inactive players will automatically lose when time's up. (requested by yakenonokarasu)\n|inactiveoff|Battle timer is now OFF.\n|\n|t:|1700290930\n|start\n|switch|p1a: Urshifu|Urshifu-Rapid-Strike, L50, M|100\/100\n|switch|p1b: Conkeldurr|Conkeldurr, L50, M, shiny|100\/100\n|switch|p2a: THE ORTHEREAL WORM|Orthworm, L50, F|100\/100\n|switch|p2b: Gumbo|Goodra-Hisui, L50, F, shiny|100\/100\n|turn|1\n|\n|t:|1700290965\n|move|p2a: THE ORTHEREAL WORM|Protect|p2a: THE ORTHEREAL WORM\n|-singleturn|p2a: THE ORTHEREAL WORM|Protect\n|move|p1a: Urshifu|Close Combat|p2b: Gumbo\n|-supereffective|p2b: Gumbo\n|-damage|p2b: Gumbo|10\/100\n|-unboost|p1a: Urshifu|def|1\n|-unboost|p1a: Urshifu|spd|1\n|move|p2b: Gumbo|Shelter|p2b: Gumbo\n|-boost|p2b: Gumbo|def|2\n|-enditem|p1a: Urshifu|Mirror Herb\n|-boost|p1a: Urshifu|def|2|[from] item: Mirror Herb\n|move|p1b: Conkeldurr|Drain Punch|p2a: THE ORTHEREAL WORM\n|-activate|p2a: THE ORTHEREAL WORM|move: Protect\n|\n|-heal|p2b: Gumbo|15\/100|[from] item: Leftovers\n|upkeep\n|turn|2\n|\n|t:|1700290987\n|move|p2b: Gumbo|Protect|p2b: Gumbo\n|-singleturn|p2b: Gumbo|Protect\n|move|p1b: Conkeldurr|Mach Punch|p2b: Gumbo\n|-activate|p2b: Gumbo|move: Protect\n|move|p1a: Urshifu|Close Combat|p2a: THE ORTHEREAL WORM\n|-supereffective|p2a: THE ORTHEREAL WORM\n|-crit|p2a: THE ORTHEREAL WORM\n|-damage|p2a: THE ORTHEREAL WORM|0 fnt\n|-unboost|p1a: Urshifu|def|1\n|-unboost|p1a: Urshifu|spd|1\n|faint|p2a: THE ORTHEREAL WORM\n|\n|-heal|p2b: Gumbo|21\/100|[from] item: Leftovers\n|upkeep\n|\n|t:|1700290999\n|switch|p2a: Monty|Torterra, L50, F|100\/100\n|turn|3\n|\n|t:|1700291013\n|move|p1a: Urshifu|Close Combat|p2b: Gumbo\n|-supereffective|p2b: Gumbo\n|-damage|p2b: Gumbo|0 fnt\n|-unboost|p1a: Urshifu|def|1\n|-unboost|p1a: Urshifu|spd|1\n|faint|p2b: Gumbo\n|move|p2a: Monty|Shell Smash|p2a: Monty\n|-unboost|p2a: Monty|def|1\n|-unboost|p2a: Monty|spd|1\n|-boost|p2a: Monty|atk|2\n|-boost|p2a: Monty|spa|2\n|-boost|p2a: Monty|spe|2\n|-enditem|p2a: Monty|White Herb\n|-clearnegativeboost|p2a: Monty|[silent]\n|move|p1b: Conkeldurr|Ice Punch|p2a: Monty\n|-supereffective|p2a: Monty\n|-damage|p2a: Monty|0 fnt\n|faint|p2a: Monty\n|\n|upkeep\n|c|\u2606ItsTobeeeee|urshifu was a mistake\n|\n|t:|1700291037\n|switch|p2a: \ud83d\uddff|Ogerpon-Cornerstone, L50, F|100\/100\n|turn|4\n|\n|t:|1700291048\n|move|p1a: Urshifu|Protect|p1a: Urshifu\n|-singleturn|p1a: Urshifu|Protect\n|move|p2a: \ud83d\uddff|Horn Leech|p1a: Urshifu\n|-activate|p1a: Urshifu|move: Protect\n|move|p1b: Conkeldurr|Drain Punch|p2a: \ud83d\uddff\n|-supereffective|p2a: \ud83d\uddff\n|-ability|p2a: \ud83d\uddff|Sturdy\n|-damage|p2a: \ud83d\uddff|1\/100\n|\n|upkeep\n|turn|5\n|\n|t:|1700291062\n|move|p1a: Urshifu|Protect||[still]\n|-fail|p1a: Urshifu\n|move|p1b: Conkeldurr|Mach Punch|p2a: \ud83d\uddff\n|-supereffective|p2a: \ud83d\uddff\n|-damage|p2a: \ud83d\uddff|0 fnt\n|faint|p2a: \ud83d\uddff\n|\n|win|yakenonokarasu\n|c|&|\/uhtml prompt-itstobeeeee,ItsTobeeeee is ready for game 3!\n|inactive|yakenonokarasu has 50 seconds to confirm battle start!\n|c|&|\/uhtml prompt-yakenonokarasu,yakenonokarasu is ready for game 3!\nBoth players are ready! Starting next match!\n|l|\u2606ItsTobeeeee\n|j|\u2606ItsTobeeeee\n|player|p2|ItsTobeeeee|skyla\n","uploadtime":1700291518,"views":25,"p1id":"yakenonokarasu","p2id":"itstobeeeee","formatid":"gen9vgc2023regulatione","rating":0,"private":0,"password":""}