{"id":"gen9vgc2023regulatione-1991536270","p1":"Nervoneo","p2":"Satansinlaw","format":"[Gen 9] VGC 2023 Regulation E","log":"|j|\u2606Nervoneo\n|j|\u2606Satansinlaw\n|t:|1700086023\n|gametype|doubles\n|player|p1|Nervoneo|101|1182\n|player|p2|Satansinlaw|acetrainerf|1084\n|teamsize|p1|6\n|teamsize|p2|6\n|gen|9\n|tier|[Gen 9] VGC 2023 Regulation E\n|rated|\n|rule|Species Clause: Limit one of each Pok\u00e9mon\n|rule|Item Clause: Limit one of each item\n|clearpoke\n|poke|p1|Clodsire, L50, M|\n|poke|p1|Dipplin, L50, M|\n|poke|p1|Iron Bundle, L50|\n|poke|p1|Tauros-Paldea-Blaze, L50, M|\n|poke|p1|Landorus-Therian, L50, M|\n|poke|p1|Farigiraf, L50, M|\n|poke|p2|Flutter Mane, L50|\n|poke|p2|Slither Wing, L50|\n|poke|p2|Gliscor, L50, F|\n|poke|p2|Ogerpon-Hearthflame, L50, F|\n|poke|p2|Basculegion, L50, M|\n|poke|p2|Toedscruel, L50, F|\n|teampreview|4\n|inactive|Battle timer is ON: inactive players will automatically lose when time's up. (requested by Satansinlaw)\n|inactive|Nervoneo has 60 seconds left.\n|\n|t:|1700086078\n|start\n|switch|p1a: Iron Bundle|Iron Bundle, L50|100\/100\n|switch|p1b: Tauros|Tauros-Paldea-Blaze, L50, M|100\/100\n|switch|p2a: Gliscor|Gliscor, L50, F|100\/100\n|switch|p2b: Slither Wing|Slither Wing, L50|100\/100\n|-ability|p1b: Tauros|Intimidate|boost\n|-unboost|p2a: Gliscor|atk|1\n|-unboost|p2b: Slither Wing|atk|1\n|-enditem|p1a: Iron Bundle|Booster Energy\n|-activate|p1a: Iron Bundle|ability: Quark Drive|[fromitem]\n|-start|p1a: Iron Bundle|quarkdrivespe\n|-enditem|p2b: Slither Wing|Booster Energy\n|-activate|p2b: Slither Wing|ability: Protosynthesis|[fromitem]\n|-start|p2b: Slither Wing|protosynthesisatk\n|turn|1\n|inactive|Satansinlaw has 30 seconds left.\n|\n|t:|1700086108\n|-terastallize|p2a: Gliscor|Water\n|move|p2b: Slither Wing|Protect|p2b: Slither Wing\n|-singleturn|p2b: Slither Wing|Protect\n|move|p1a: Iron Bundle|Freeze-Dry|p2b: Slither Wing\n|-activate|p2b: Slither Wing|move: Protect\n|move|p1b: Tauros|Raging Bull|p2b: Slither Wing\n|-activate|p2b: Slither Wing|move: Protect\n|move|p2a: Gliscor|Tailwind|p2a: Gliscor\n|-sidestart|p2: Satansinlaw|move: Tailwind\n|\n|-status|p2a: Gliscor|tox|[from] item: Toxic Orb\n|upkeep\n|turn|2\n|inactive|Nervoneo has 30 seconds left.\n|\n|t:|1700086135\n|move|p1a: Iron Bundle|Encore|p2b: Slither Wing\n|-start|p2b: Slither Wing|Encore\n|move|p2a: Gliscor|Crabhammer|p1b: Tauros\n|-supereffective|p1b: Tauros\n|-damage|p1b: Tauros|48\/100\n|move|p2b: Slither Wing|Protect||[still]\n|-fail|p2b: Slither Wing\n|move|p1b: Tauros|Raging Bull|p2b: Slither Wing\n|-supereffective|p2b: Slither Wing\n|-damage|p2b: Slither Wing|0 fnt\n|faint|p2b: Slither Wing\n|-end|p2b: Slither Wing|Protosynthesis|[silent]\n|\n|upkeep\n|\n|t:|1700086149\n|switch|p2b: Basculegion|Basculegion, L50, M|100\/100\n|turn|3\n|\n|t:|1700086167\n|switch|p1b: Clodsire|Clodsire, L50, M|100\/100\n|move|p1a: Iron Bundle|Freeze-Dry|p2a: Gliscor\n|-supereffective|p2a: Gliscor\n|-damage|p2a: Gliscor|40\/100 tox\n|move|p2a: Gliscor|High Horsepower|p1a: Iron Bundle|[miss]\n|-miss|p2a: Gliscor|p1a: Iron Bundle\n|move|p2b: Basculegion|Wave Crash|p1b: Clodsire\n|-immune|p1b: Clodsire|[from] ability: Water Absorb\n|\n|-heal|p2a: Gliscor|52\/100 tox|[from] ability: Poison Heal\n|upkeep\n|turn|4\n|\n|t:|1700086187\n|-end|p1a: Iron Bundle|Quark Drive|[silent]\n|switch|p1a: Tauros|Tauros-Paldea-Blaze, L50, M|48\/100\n|-ability|p1a: Tauros|Intimidate|boost\n|-unboost|p2a: Gliscor|atk|1\n|-unboost|p2b: Basculegion|atk|1\n|move|p2a: Gliscor|High Horsepower|p1b: Clodsire\n|-supereffective|p1b: Clodsire\n|-damage|p1b: Clodsire|66\/100\n|move|p2b: Basculegion|Wave Crash|p1a: Tauros\n|-supereffective|p1a: Tauros\n|-damage|p1a: Tauros|0 fnt\n|faint|p1a: Tauros\n|-damage|p2b: Basculegion|89\/100|[from] Recoil\n|move|p1b: Clodsire|Yawn|p2b: Basculegion\n|-start|p2b: Basculegion|move: Yawn|[of] p1b: Clodsire\n|\n|-heal|p2a: Gliscor|64\/100 tox|[from] ability: Poison Heal\n|-sideend|p2: Satansinlaw|move: Tailwind\n|upkeep\n|\n|t:|1700086201\n|switch|p1a: Iron Bundle|Iron Bundle, L50|100\/100\n|turn|5\n|\n|t:|1700086215\n|switch|p2b: Ogerpon|Ogerpon-Hearthflame, L50, F|100\/100\n|-ability|p2b: Ogerpon|Mold Breaker\n|move|p1a: Iron Bundle|Freeze-Dry|p2a: Gliscor\n|-supereffective|p2a: Gliscor\n|-damage|p2a: Gliscor|0 fnt\n|faint|p2a: Gliscor\n|move|p1b: Clodsire|Stomping Tantrum|p2b: Ogerpon\n|-damage|p2b: Ogerpon|67\/100\n|\n|upkeep\n|\n|t:|1700086226\n|switch|p2a: Basculegion|Basculegion, L50, M|89\/100\n|turn|6\n|\n|t:|1700086238\n|-end|p1a: Iron Bundle|Quark Drive|[silent]\n|switch|p1a: Dipplin|Dipplin, L50, M|100\/100\n|-ability|p1a: Dipplin|Supersweet Syrup\n|-ability|p1a: Dipplin|Supersweet Syrup|boost\n|-unboost|p2a: Basculegion|evasion|1\n|-unboost|p2b: Ogerpon|evasion|1\n|move|p2b: Ogerpon|Horn Leech|p1a: Dipplin\n|-resisted|p1a: Dipplin\n|-damage|p1a: Dipplin|95\/100\n|-heal|p2b: Ogerpon|71\/100|[from] drain|[of] p1a: Dipplin\n|move|p2a: Basculegion|Psychic Fangs|p1b: Clodsire\n|-supereffective|p1b: Clodsire\n|-damage|p1b: Clodsire|8\/100\n|-enditem|p1b: Clodsire|Mago Berry|[eat]\n|-heal|p1b: Clodsire|42\/100|[from] item: Mago Berry\n|move|p1b: Clodsire|Gunk Shot|p2b: Ogerpon\n|-supereffective|p2b: Ogerpon\n|-damage|p2b: Ogerpon|0 fnt\n|faint|p2b: Ogerpon\n|\n|upkeep\n|turn|7\n|-message|Satansinlaw forfeited.\n|\n|win|Nervoneo\n|raw|Nervoneo's rating: 1182 &rarr; <strong>1200<\/strong><br \/>(+18 for winning)\n|raw|Satansinlaw's rating: 1084 &rarr; <strong>1068<\/strong><br \/>(-16 for losing)\n|l|\u2606Satansinlaw\n","uploadtime":1700086260,"views":11,"p1id":"nervoneo","p2id":"satansinlaw","formatid":"gen9vgc2023regulatione","rating":1068,"private":0,"password":""}