{"id":"gen9vgc2023regulatione-1988470298","p1":"obi1yoshi","p2":"That_Leek","format":"[Gen 9] VGC 2023 Regulation E","log":"|j|\u2606obi1yoshi\n|j|\u2606That_Leek\n|t:|1699726371\n|gametype|doubles\n|player|p1|obi1yoshi|102|1306\n|player|p2|That_Leek|blue|1427\n|teamsize|p1|6\n|teamsize|p2|6\n|gen|9\n|tier|[Gen 9] VGC 2023 Regulation E\n|rated|\n|rule|Species Clause: Limit one of each Pok\u00e9mon\n|rule|Item Clause: Limit one of each item\n|clearpoke\n|poke|p1|Landorus-Therian, L50, M|\n|poke|p1|Cresselia, L50, F|\n|poke|p1|Roaring Moon, L50|\n|poke|p1|Iron Hands, L50|\n|poke|p1|Flutter Mane, L50|\n|poke|p1|Heatran, L50, M|\n|poke|p2|Dondozo, L50, M|\n|poke|p2|Tatsugiri, L50, F|\n|poke|p2|Heatran, L50, M|\n|poke|p2|Sinistcha, L50|\n|poke|p2|Landorus-Therian, L50, M|\n|poke|p2|Flutter Mane, L50|\n|teampreview|4\n|inactive|Battle timer is ON: inactive players will automatically lose when time's up. (requested by obi1yoshi)\nThat_Leek has agreed to open team sheets.\n|inactive|obi1yoshi has 60 seconds left.\n|inactive|That_Leek has 60 seconds left.\n|\n|t:|1699726418\n|start\n|switch|p1a: Landorus|Landorus-Therian, L50, M|100\/100\n|switch|p1b: Roaring Moon|Roaring Moon, L50|100\/100\n|switch|p2a: Sinistcha|Sinistcha, L50|100\/100\n|switch|p2b: Heatran|Heatran, L50, M|100\/100\n|-ability|p1a: Landorus|Intimidate|boost\n|-unboost|p2a: Sinistcha|atk|1\n|-unboost|p2b: Heatran|atk|1\n|-enditem|p1b: Roaring Moon|Booster Energy\n|-activate|p1b: Roaring Moon|ability: Protosynthesis|[fromitem]\n|-start|p1b: Roaring Moon|protosynthesisspe\n|turn|1\n|inactive|obi1yoshi has 30 seconds left.\n|\n|t:|1699726446\n|-terastallize|p2b: Heatran|Grass\n|move|p1b: Roaring Moon|Knock Off|p2a: Sinistcha\n|-supereffective|p2a: Sinistcha\n|-damage|p2a: Sinistcha|5\/100\n|-damage|p1b: Roaring Moon|84\/100|[from] item: Rocky Helmet|[of] p2a: Sinistcha\n|-enditem|p2a: Sinistcha|Rocky Helmet|[from] move: Knock Off|[of] p1b: Roaring Moon\n|move|p1a: Landorus|Earthquake|p2a: Sinistcha|[spread] p1b,p2a,p2b\n|-resisted|p2a: Sinistcha\n|-resisted|p2b: Heatran\n|-damage|p1b: Roaring Moon|25\/100\n|-damage|p2a: Sinistcha|0 fnt\n|-damage|p2b: Heatran|79\/100\n|faint|p2a: Sinistcha\n|move|p2b: Heatran|Heat Wave|p1a: Landorus|[spread] p1a,p1b\n|-resisted|p1b: Roaring Moon\n|-damage|p1a: Landorus|51\/100\n|-damage|p1b: Roaring Moon|6\/100\n|\n|upkeep\n|\n|t:|1699726464\n|switch|p2a: Dondozo|Dondozo, L50, M|100\/100\n|turn|2\n|inactive|obi1yoshi has 30 seconds left.\n|inactive|obi1yoshi has 20 seconds left.\n|\n|t:|1699726499\n|switch|p1a: Heatran|Heatran, L50, M|100\/100\n|move|p1b: Roaring Moon|Protect|p1b: Roaring Moon\n|-singleturn|p1b: Roaring Moon|Protect\n|move|p2a: Dondozo|Protect|p2a: Dondozo\n|-singleturn|p2a: Dondozo|Protect\n|move|p2b: Heatran|Heat Wave|p1b: Roaring Moon|[spread] \n|-activate|p1b: Roaring Moon|move: Protect\n|-start|p1a: Heatran|ability: Flash Fire\n|\n|upkeep\n|turn|3\n|inactive|obi1yoshi has 30 seconds left.\n|\n|t:|1699726531\n|switch|p2b: Tatsugiri|Tatsugiri, L50, F|100\/100\n|-activate|p2b: Tatsugiri|ability: Commander|[of] p2a: Dondozo\n|-boost|p2a: Dondozo|atk|2\n|-boost|p2a: Dondozo|spa|2\n|-boost|p2a: Dondozo|spe|2\n|-boost|p2a: Dondozo|def|2\n|-boost|p2a: Dondozo|spd|2\n|-terastallize|p1a: Heatran|Grass\n|move|p1b: Roaring Moon|Tailwind|p1b: Roaring Moon\n|-sidestart|p1: obi1yoshi|move: Tailwind\n|move|p1a: Heatran|Earth Power|p2a: Dondozo\n|-damage|p2a: Dondozo|79\/100\n|-unboost|p2a: Dondozo|spd|1\n|-damage|p1a: Heatran|91\/100|[from] item: Life Orb\n|move|p2a: Dondozo|Earthquake|p1a: Heatran|[spread] p1a,p1b\n|-miss|p2a: Dondozo|p2b: Tatsugiri\n|-resisted|p1a: Heatran\n|-damage|p1a: Heatran|72\/100\n|-damage|p1b: Roaring Moon|0 fnt\n|faint|p1b: Roaring Moon\n|-end|p1b: Roaring Moon|Protosynthesis|[silent]\n|\n|-heal|p2a: Dondozo|85\/100|[from] item: Leftovers\n|upkeep\n|\n|t:|1699726555\n|switch|p1b: Flutter Mane|Flutter Mane, L50|100\/100\n|turn|4\n|\n|t:|1699726576\n|move|p2a: Dondozo|Protect|p2a: Dondozo\n|-singleturn|p2a: Dondozo|Protect\n|move|p1b: Flutter Mane|Thunderbolt|p2a: Dondozo\n|-activate|p2a: Dondozo|move: Protect\n|move|p1a: Heatran|Earth Power|p2a: Dondozo\n|-activate|p2a: Dondozo|move: Protect\n|\n|-heal|p2a: Dondozo|91\/100|[from] item: Leftovers\n|upkeep\n|turn|5\n|\n|t:|1699726587\n|move|p1b: Flutter Mane|Thunderbolt|p2a: Dondozo\n|-supereffective|p2a: Dondozo\n|-damage|p2a: Dondozo|29\/100\n|move|p1a: Heatran|Earth Power|p2a: Dondozo\n|-damage|p2a: Dondozo|2\/100\n|-damage|p1a: Heatran|63\/100|[from] item: Life Orb\n|move|p2a: Dondozo|Wave Crash|p1b: Flutter Mane\n|-damage|p1b: Flutter Mane|0 fnt\n|faint|p1b: Flutter Mane\n|-end|p1b: Flutter Mane|Protosynthesis|[silent]\n|-damage|p2a: Dondozo|0 fnt|[from] Recoil\n|faint|p2a: Dondozo\n|\n|upkeep\n|\n|t:|1699726598\n|switch|p1b: Landorus|Landorus-Therian, L50, M|51\/100\n|switch|p2a: Heatran|Heatran, L50, M, tera:Grass|79\/100\n|-ability|p1b: Landorus|Intimidate|boost\n|-unboost|p2a: Heatran|atk|1\n|-unboost|p2b: Tatsugiri|atk|1\n|turn|6\n|inactive|obi1yoshi has 30 seconds left.\n|inactive|obi1yoshi has 20 seconds left.\n|inactive|obi1yoshi has 15 seconds left.\n|inactive|obi1yoshi has 10 seconds left.\n|\n|t:|1699726646\n|move|p2b: Tatsugiri|Protect|p2b: Tatsugiri\n|-singleturn|p2b: Tatsugiri|Protect\n|move|p1b: Landorus|Rock Slide|p2b: Tatsugiri|[spread] \n|-activate|p2b: Tatsugiri|move: Protect\n|-miss|p1b: Landorus|p2a: Heatran\n|move|p1a: Heatran|Earth Power|p2b: Tatsugiri\n|-activate|p2b: Tatsugiri|move: Protect\n|move|p2a: Heatran|Flash Cannon|p1a: Heatran\n|-damage|p1a: Heatran|22\/100\n|\n|-sideend|p1: obi1yoshi|move: Tailwind\n|upkeep\n|turn|7\n|\n|t:|1699726663\n|move|p1a: Heatran|Protect|p1a: Heatran\n|-singleturn|p1a: Heatran|Protect\n|move|p1b: Landorus|Rock Slide|p2a: Heatran|[spread] p2b\n|-miss|p1b: Landorus|p2a: Heatran\n|-damage|p2b: Tatsugiri|58\/100\n|cant|p2b: Tatsugiri|flinch\n|move|p2a: Heatran|Flash Cannon|p1b: Landorus\n|-crit|p1b: Landorus\n|-damage|p1b: Landorus|0 fnt\n|faint|p1b: Landorus\n|\n|upkeep\n|turn|8\n|\n|t:|1699726681\n|move|p2b: Tatsugiri|Draco Meteor|p1a: Heatran\n|-damage|p1a: Heatran|0 fnt\n|-unboost|p2b: Tatsugiri|spa|2\n|faint|p1a: Heatran\n|\n|win|That_Leek\n|raw|obi1yoshi's rating: 1306 &rarr; <strong>1293<\/strong><br \/>(-13 for losing)\n|raw|That_Leek's rating: 1427 &rarr; <strong>1440<\/strong><br \/>(+13 for winning)\n","uploadtime":1699726688,"views":11,"p1id":"obi1yoshi","p2id":"thatleek","formatid":"gen9vgc2023regulatione","rating":1293,"private":0,"password":""}