{"id":"gen9vgc2023regulatione-1988584637","p1":"kaleb5royal","p2":"RyeDye","format":"[Gen 9] VGC 2023 Regulation E","log":"|j|\u2606kaleb5royal\n|j|\u2606RyeDye\n|t:|1699738832\n|gametype|doubles\n|player|p1|kaleb5royal|steven|1237\n|player|p2|RyeDye|idol|1181\n|teamsize|p1|6\n|teamsize|p2|6\n|gen|9\n|tier|[Gen 9] VGC 2023 Regulation E\n|rated|\n|rule|Species Clause: Limit one of each Pok\u00e9mon\n|rule|Item Clause: Limit one of each item\n|clearpoke\n|poke|p1|Landorus, L50, M|\n|poke|p1|Tornadus, L50, M|\n|poke|p1|Dragonite, L50, F|\n|poke|p1|Sinistcha-Masterpiece, L50|\n|poke|p1|Iron Hands, L50|\n|poke|p1|Chien-Pao, L50|\n|poke|p2|Ogerpon, L50, F|\n|poke|p2|Dragonite, L50, M|\n|poke|p2|Regieleki, L50|\n|poke|p2|Urshifu-*, L50, F|\n|poke|p2|Landorus-Therian, L50, M|\n|poke|p2|Gholdengo, L50|\n|teampreview|4\n|inactive|Battle timer is ON: inactive players will automatically lose when time's up. (requested by RyeDye)\nRyeDye has agreed to open team sheets.\nkaleb5royal rejected open team sheets.\n|\n|t:|1699738863\n|start\n|switch|p1a: Tornadus|Tornadus, L50, M|100\/100\n|switch|p1b: Landorus|Landorus, L50, M|100\/100\n|switch|p2a: Regieleki|Regieleki, L50|100\/100\n|switch|p2b: Landorus|Landorus-Therian, L50, M|100\/100\n|-ability|p2b: Landorus|Intimidate|boost\n|-unboost|p1a: Tornadus|atk|1\n|-unboost|p1b: Landorus|atk|1\n|turn|1\n|\n|t:|1699738880\n|-terastallize|p1b: Landorus|Fire\n|move|p2a: Regieleki|Protect|p2a: Regieleki\n|-singleturn|p2a: Regieleki|Protect\n|move|p1a: Tornadus|Tailwind|p1a: Tornadus\n|-sidestart|p1: kaleb5royal|move: Tailwind\n|move|p1b: Landorus|Earth Power|p2a: Regieleki\n|-activate|p2a: Regieleki|move: Protect\n|move|p2b: Landorus|Rock Slide|p1a: Tornadus|[spread] p1a,p1b\n|-supereffective|p1a: Tornadus\n|-supereffective|p1b: Landorus\n|-damage|p1a: Tornadus|57\/100\n|-damage|p1b: Landorus|55\/100\n|\n|upkeep\n|turn|2\n|\n|t:|1699738901\n|switch|p2a: Dragonite|Dragonite, L50, M|100\/100\n|move|p1b: Landorus|Tera Blast|p2a: Dragonite|[anim] Tera Blast Fire\n|-resisted|p2a: Dragonite\n|-damage|p2a: Dragonite|78\/100\n|-damage|p1b: Landorus|46\/100|[from] item: Life Orb\n|move|p1a: Tornadus|Bleakwind Storm|p2a: Dragonite|[spread] p2a,p2b\n|-damage|p2a: Dragonite|45\/100\n|-damage|p2b: Landorus|53\/100\n|move|p2b: Landorus|Rock Slide|p1a: Tornadus|[spread] p1a,p1b\n|-supereffective|p1a: Tornadus\n|-supereffective|p1b: Landorus\n|-damage|p1a: Tornadus|13\/100\n|-damage|p1b: Landorus|5\/100\n|\n|upkeep\n|turn|3\n|inactive|RyeDye has 30 seconds left.\n|\n|t:|1699738935\n|move|p2a: Dragonite|Extreme Speed|p1b: Landorus\n|-damage|p1b: Landorus|0 fnt\n|faint|p1b: Landorus\n|move|p1a: Tornadus|Bleakwind Storm|p2b: Landorus|[spread] p2a\n|-miss|p1a: Tornadus|p2b: Landorus\n|-damage|p2a: Dragonite|10\/100\n|move|p2b: Landorus|Rock Slide|p1a: Tornadus\n|-supereffective|p1a: Tornadus\n|-damage|p1a: Tornadus|0 fnt\n|faint|p1a: Tornadus\n|\n|upkeep\n|\n|t:|1699738948\n|switch|p1b: Chien-Pao|Chien-Pao, L50|100\/100\n|switch|p1a: Dragonite|Dragonite, L50, F|100\/100\n|-ability|p1b: Chien-Pao|Sword of Ruin\n|turn|4\n|inactive|RyeDye has 30 seconds left.\n|inactive|RyeDye has 20 seconds left.\n|\n|t:|1699738987\n|move|p2a: Dragonite|Extreme Speed|p1b: Chien-Pao\n|-damage|p1b: Chien-Pao|36\/100\n|move|p1b: Chien-Pao|Ice Spinner|p2b: Landorus\n|-supereffective|p2b: Landorus\n|-damage|p2b: Landorus|0 fnt\n|faint|p2b: Landorus\n|move|p1a: Dragonite|Outrage|p2a: Dragonite\n|-supereffective|p2a: Dragonite\n|-damage|p2a: Dragonite|0 fnt\n|faint|p2a: Dragonite\n|\n|-sideend|p1: kaleb5royal|move: Tailwind\n|upkeep\n|\n|t:|1699738995\n|switch|p2b: Regieleki|Regieleki, L50|100\/100\n|switch|p2a: Urshifu|Urshifu, L50, F|100\/100\n|turn|5\n|\n|t:|1699739014\n|move|p1b: Chien-Pao|Protect|p1b: Chien-Pao\n|-singleturn|p1b: Chien-Pao|Protect\n|move|p2a: Urshifu|Detect|p2a: Urshifu\n|-singleturn|p2a: Urshifu|Protect\n|move|p2b: Regieleki|Electroweb|p1b: Chien-Pao|[spread] p1a\n|-activate|p1b: Chien-Pao|move: Protect\n|-damage|p1a: Dragonite|77\/100\n|-unboost|p1a: Dragonite|spe|1\n|move|p1a: Dragonite|Outrage|p2b: Regieleki|[from]lockedmove\n|-damage|p2b: Regieleki|0 fnt\n|faint|p2b: Regieleki\n|\n|upkeep\n|turn|6\n|inactive|RyeDye has 30 seconds left.\n|\n|t:|1699739042\n|move|p1b: Chien-Pao|Sacred Sword|p2a: Urshifu\n|-supereffective|p2a: Urshifu\n|-damage|p2a: Urshifu|18\/100\n|move|p2a: Urshifu|Wicked Blow|p1b: Chien-Pao\n|-resisted|p1b: Chien-Pao\n|-crit|p1b: Chien-Pao\n|-damage|p1b: Chien-Pao|0 fnt\n|faint|p1b: Chien-Pao\n|move|p1a: Dragonite|Outrage|p2a: Urshifu|[from]lockedmove\n|-damage|p2a: Urshifu|0 fnt\n|faint|p2a: Urshifu\n|-start|p1a: Dragonite|confusion|[fatigue]\n|\n|win|kaleb5royal\n|raw|kaleb5royal's rating: 1237 &rarr; <strong>1258<\/strong><br \/>(+21 for winning)\n|raw|RyeDye's rating: 1181 &rarr; <strong>1160<\/strong><br \/>(-21 for losing)\n|l|\u2606RyeDye\n","uploadtime":1699739056,"views":9,"p1id":"kaleb5royal","p2id":"ryedye","formatid":"gen9vgc2023regulatione","rating":1160,"private":0,"password":""}