{"id":"gen9vgc2023regulatione-1993242622","p1":"Blackflashzzzzz","p2":"Sskdkfk","format":"[Gen 9] VGC 2023 Regulation E","log":"|j|\u2606Blackflashzzzzz\n|j|\u2606Sskdkfk\n|t:|1700283072\n|gametype|doubles\n|player|p1|Blackflashzzzzz|169|1407\n|player|p2|Sskdkfk|unknown|1324\n|teamsize|p1|6\n|teamsize|p2|6\n|gen|9\n|tier|[Gen 9] VGC 2023 Regulation E\n|rated|\n|rule|Species Clause: Limit one of each Pok\u00e9mon\n|rule|Item Clause: Limit one of each item\n|clearpoke\n|poke|p1|Iron Bundle, L50|\n|poke|p1|Ninetales-Alola, L50, F|\n|poke|p1|Baxcalibur, L50, F|\n|poke|p1|Urshifu-*, L50, F|\n|poke|p1|Amoonguss, L50, M|\n|poke|p1|Gholdengo, L50|\n|poke|p2|Maushold-Four, L50|\n|poke|p2|Annihilape, L50, M|\n|poke|p2|Flamigo, L50, F|\n|poke|p2|Staraptor, L50, M|\n|poke|p2|Dondozo, L50, M|\n|poke|p2|Tatsugiri, L50, M|\n|teampreview|4\n|inactive|Battle timer is ON: inactive players will automatically lose when time's up. (requested by Sskdkfk)\n|\n|t:|1700283091\n|start\n|switch|p1a: \u9583\u92fc\u5149\u6d41\/\u4edf\u5f0f|Gholdengo, L50|100\/100\n|switch|p1b: Amoonguss|Amoonguss, L50, M|100\/100\n|switch|p2a: Quad Squad|Maushold-Four, L50, shiny|100\/100\n|switch|p2b: Too Curious George|Annihilape, L50, M, shiny|100\/100\n|turn|1\n|inactive|Sskdkfk has 30 seconds left.\n|\n|t:|1700283117\n|move|p2a: Quad Squad|Population Bomb|p1b: Amoonguss\n|-damage|p1b: Amoonguss|91\/100\n|-damage|p1b: Amoonguss|82\/100\n|-damage|p1b: Amoonguss|74\/100\n|-damage|p1b: Amoonguss|66\/100\n|-damage|p1b: Amoonguss|57\/100\n|-damage|p1b: Amoonguss|49\/100\n|-enditem|p1b: Amoonguss|Sitrus Berry|[eat]\n|-heal|p1b: Amoonguss|74\/100|[from] item: Sitrus Berry\n|-damage|p1b: Amoonguss|65\/100\n|-damage|p1b: Amoonguss|56\/100\n|-damage|p1b: Amoonguss|48\/100\n|-damage|p1b: Amoonguss|40\/100\n|-hitcount|p1b: Amoonguss|10\n|move|p1a: \u9583\u92fc\u5149\u6d41\/\u4edf\u5f0f|Make It Rain|p2b: Too Curious George|[spread] p2a,p2b\n|-damage|p2a: Quad Squad|0 fnt\n|-damage|p2b: Too Curious George|30\/100\n|-unboost|p1a: \u9583\u92fc\u5149\u6d41\/\u4edf\u5f0f|spa|1\n|-enditem|p2b: Too Curious George|Sitrus Berry|[eat]\n|-heal|p2b: Too Curious George|55\/100|[from] item: Sitrus Berry\n|faint|p2a: Quad Squad\n|move|p2b: Too Curious George|Rage Fist|p1a: \u9583\u92fc\u5149\u6d41\/\u4edf\u5f0f\n|-supereffective|p1a: \u9583\u92fc\u5149\u6d41\/\u4edf\u5f0f\n|-damage|p1a: \u9583\u92fc\u5149\u6d41\/\u4edf\u5f0f|0 fnt\n|faint|p1a: \u9583\u92fc\u5149\u6d41\/\u4edf\u5f0f\n|move|p1b: Amoonguss|Foul Play|p2b: Too Curious George\n|-damage|p2b: Too Curious George|21\/100\n|\n|upkeep\n|inactive|Blackflashzzzzz has 30 seconds left.\n|\n|t:|1700283147\n|switch|p2a: Jeremy Wade|Dondozo, L50, M|100\/100\n|switch|p1a: Ninetales|Ninetales-Alola, L50, F|100\/100\n|-weather|Snow|[from] ability: Snow Warning|[of] p1a: Ninetales\n|turn|2\n|inactive|Sskdkfk has 30 seconds left.\n|inactive|Sskdkfk has 20 seconds left.\n|inactive|Sskdkfk has 15 seconds left.\n|\n|t:|1700283187\n|move|p2a: Jeremy Wade|Protect|p2a: Jeremy Wade\n|-singleturn|p2a: Jeremy Wade|Protect\n|move|p1a: Ninetales|Dazzling Gleam|p2a: Jeremy Wade|[spread] p2b\n|-activate|p2a: Jeremy Wade|move: Protect\n|-supereffective|p2b: Too Curious George\n|-damage|p2b: Too Curious George|0 fnt\n|faint|p2b: Too Curious George\n|move|p1b: Amoonguss|Spore|p2a: Jeremy Wade\n|-activate|p2a: Jeremy Wade|move: Protect\n|\n|-weather|Snow|[upkeep]\n|upkeep\n|\n|t:|1700283192\n|switch|p2b: Bait & Tackle|Tatsugiri, L50, M, shiny|100\/100\n|-activate|p2b: Bait & Tackle|ability: Commander|[of] p2a: Jeremy Wade\n|-boost|p2a: Jeremy Wade|atk|2\n|-boost|p2a: Jeremy Wade|spa|2\n|-boost|p2a: Jeremy Wade|spe|2\n|-boost|p2a: Jeremy Wade|def|2\n|-boost|p2a: Jeremy Wade|spd|2\n|turn|3\n|\n|t:|1700283202\n|move|p2a: Jeremy Wade|Order Up|p1b: Amoonguss\n|-damage|p1b: Amoonguss|10\/100\n|-boost|p2a: Jeremy Wade|atk|1\n|move|p1a: Ninetales|Aurora Veil|p1a: Ninetales\n|-sidestart|p1: Blackflashzzzzz|move: Aurora Veil\n|move|p1b: Amoonguss|Spore|p2a: Jeremy Wade\n|-status|p2a: Jeremy Wade|slp|[from] move: Spore\n|\n|-weather|Snow|[upkeep]\n|-status|p2b: Bait & Tackle|tox|[from] item: Toxic Orb\n|upkeep\n|turn|4\n|\n|t:|1700283214\n|switch|p1b: Baxcalibur|Baxcalibur, L50, F|100\/100\n|-terastallize|p2a: Jeremy Wade|Steel\n|cant|p2a: Jeremy Wade|slp\n|move|p1a: Ninetales|Freeze-Dry|p2a: Jeremy Wade\n|-resisted|p2a: Jeremy Wade\n|-damage|p2a: Jeremy Wade|94\/100 slp\n|\n|-weather|Snow|[upkeep]\n|-heal|p2a: Jeremy Wade|100\/100 slp|[from] item: Leftovers\n|-damage|p2b: Bait & Tackle|94\/100 tox|[from] psn\n|upkeep\n|turn|5\n|\n|t:|1700283235\n|-terastallize|p1b: Baxcalibur|Ground\n|cant|p2a: Jeremy Wade|slp\n|move|p1a: Ninetales|Icy Wind|p2a: Jeremy Wade|[spread] p2a\n|-miss|p1a: Ninetales|p2b: Bait & Tackle\n|-resisted|p2a: Jeremy Wade\n|-damage|p2a: Jeremy Wade|97\/100 slp\n|-unboost|p2a: Jeremy Wade|spe|1\n|move|p1b: Baxcalibur|High Horsepower|p2a: Jeremy Wade|[miss]\n|-miss|p1b: Baxcalibur|p2a: Jeremy Wade\n|\n|-weather|Snow|[upkeep]\n|-heal|p2a: Jeremy Wade|100\/100 slp|[from] item: Leftovers\n|-damage|p2b: Bait & Tackle|82\/100 tox|[from] psn\n|upkeep\n|turn|6\n|\n|t:|1700283252\n|cant|p2a: Jeremy Wade|slp\n|move|p1a: Ninetales|Icy Wind|p2a: Jeremy Wade|[spread] p2a\n|-miss|p1a: Ninetales|p2b: Bait & Tackle\n|-resisted|p2a: Jeremy Wade\n|-damage|p2a: Jeremy Wade|97\/100 slp\n|-unboost|p2a: Jeremy Wade|spe|1\n|move|p1b: Baxcalibur|High Horsepower|p2a: Jeremy Wade\n|-supereffective|p2a: Jeremy Wade\n|-damage|p2a: Jeremy Wade|57\/100 slp\n|\n|-weather|none\n|-heal|p2a: Jeremy Wade|63\/100 slp|[from] item: Leftovers\n|-damage|p2b: Bait & Tackle|63\/100 tox|[from] psn\n|upkeep\n|turn|7\n|inactive|Sskdkfk has 30 seconds left.\n|\n|t:|1700283281\n|-curestatus|p2a: Jeremy Wade|slp|[msg]\n|move|p2a: Jeremy Wade|Protect|p2a: Jeremy Wade\n|-singleturn|p2a: Jeremy Wade|Protect\n|move|p1a: Ninetales|Icy Wind|p2b: Bait & Tackle|[spread] \n|-miss|p1a: Ninetales|p2b: Bait & Tackle\n|-activate|p2a: Jeremy Wade|move: Protect\n|move|p1b: Baxcalibur|High Horsepower|p2a: Jeremy Wade\n|-activate|p2a: Jeremy Wade|move: Protect\n|\n|-heal|p2a: Jeremy Wade|69\/100|[from] item: Leftovers\n|-damage|p2b: Bait & Tackle|38\/100 tox|[from] psn\n|upkeep\n|turn|8\n|\n|t:|1700283287\n|move|p1a: Ninetales|Icy Wind|p2a: Jeremy Wade|[spread] p2a\n|-miss|p1a: Ninetales|p2b: Bait & Tackle\n|-resisted|p2a: Jeremy Wade\n|-damage|p2a: Jeremy Wade|66\/100\n|-unboost|p2a: Jeremy Wade|spe|1\n|move|p1b: Baxcalibur|High Horsepower|p2a: Jeremy Wade\n|-supereffective|p2a: Jeremy Wade\n|-damage|p2a: Jeremy Wade|24\/100\n|move|p2a: Jeremy Wade|Waterfall|p1b: Baxcalibur\n|-supereffective|p1b: Baxcalibur\n|-damage|p1b: Baxcalibur|0 fnt\n|faint|p1b: Baxcalibur\n|\n|-heal|p2a: Jeremy Wade|30\/100|[from] item: Leftovers\n|-damage|p2b: Bait & Tackle|7\/100 tox|[from] psn\n|upkeep\n|\n|t:|1700283296\n|switch|p1b: Amoonguss|Amoonguss, L50, M|43\/100\n|turn|9\n|\n|t:|1700283304\n|move|p2a: Jeremy Wade|Protect|p2a: Jeremy Wade\n|-singleturn|p2a: Jeremy Wade|Protect\n|move|p1a: Ninetales|Icy Wind|p2b: Bait & Tackle|[spread] \n|-miss|p1a: Ninetales|p2b: Bait & Tackle\n|-activate|p2a: Jeremy Wade|move: Protect\n|move|p1b: Amoonguss|Spore|p2a: Jeremy Wade\n|-activate|p2a: Jeremy Wade|move: Protect\n|\n|-heal|p2a: Jeremy Wade|36\/100|[from] item: Leftovers\n|-damage|p2b: Bait & Tackle|0 fnt|[from] psn\n|faint|p2b: Bait & Tackle\n|upkeep\n|turn|10\n|\n|t:|1700283323\n|move|p1a: Ninetales|Icy Wind|p2a: Jeremy Wade|[miss]\n|-miss|p1a: Ninetales|p2a: Jeremy Wade\n|move|p2a: Jeremy Wade|Earthquake|p1b: Amoonguss|[spread] p1a,p1b\n|-damage|p1a: Ninetales|61\/100\n|-damage|p1b: Amoonguss|19\/100\n|move|p1b: Amoonguss|Spore|p2a: Jeremy Wade\n|-status|p2a: Jeremy Wade|slp|[from] move: Spore\n|\n|-heal|p2a: Jeremy Wade|42\/100 slp|[from] item: Leftovers\n|-sideend|p1: Blackflashzzzzz|move: Aurora Veil\n|upkeep\n|turn|11\n|\n|t:|1700283329\n|cant|p2a: Jeremy Wade|slp\n|move|p1a: Ninetales|Icy Wind|p2a: Jeremy Wade\n|-resisted|p2a: Jeremy Wade\n|-damage|p2a: Jeremy Wade|38\/100 slp\n|-unboost|p2a: Jeremy Wade|spe|1\n|move|p1b: Amoonguss|Foul Play|p2a: Jeremy Wade\n|-damage|p2a: Jeremy Wade|27\/100 slp\n|\n|-heal|p2a: Jeremy Wade|34\/100 slp|[from] item: Leftovers\n|upkeep\n|turn|12\n|\n|t:|1700283335\n|cant|p2a: Jeremy Wade|slp\n|move|p1a: Ninetales|Icy Wind|p2a: Jeremy Wade\n|-resisted|p2a: Jeremy Wade\n|-damage|p2a: Jeremy Wade|29\/100 slp\n|-unboost|p2a: Jeremy Wade|spe|1\n|move|p1b: Amoonguss|Foul Play|p2a: Jeremy Wade\n|-damage|p2a: Jeremy Wade|20\/100 slp\n|\n|-heal|p2a: Jeremy Wade|26\/100 slp|[from] item: Leftovers\n|upkeep\n|turn|13\n|\n|t:|1700283345\n|cant|p2a: Jeremy Wade|slp\n|move|p1a: Ninetales|Icy Wind|p2a: Jeremy Wade\n|-resisted|p2a: Jeremy Wade\n|-damage|p2a: Jeremy Wade|22\/100 slp\n|-unboost|p2a: Jeremy Wade|spe|1\n|move|p1b: Amoonguss|Foul Play|p2a: Jeremy Wade\n|-damage|p2a: Jeremy Wade|12\/100 slp\n|\n|-heal|p2a: Jeremy Wade|18\/100 slp|[from] item: Leftovers\n|upkeep\n|turn|14\n|\n|t:|1700283351\n|-curestatus|p2a: Jeremy Wade|slp|[msg]\n|move|p2a: Jeremy Wade|Protect|p2a: Jeremy Wade\n|-singleturn|p2a: Jeremy Wade|Protect\n|move|p1a: Ninetales|Icy Wind|p2a: Jeremy Wade\n|-activate|p2a: Jeremy Wade|move: Protect\n|move|p1b: Amoonguss|Foul Play|p2a: Jeremy Wade\n|-activate|p2a: Jeremy Wade|move: Protect\n|\n|-heal|p2a: Jeremy Wade|24\/100|[from] item: Leftovers\n|upkeep\n|turn|15\n|inactive|Sskdkfk has 30 seconds left.\n|inactive|Sskdkfk has 20 seconds left.\n|inactive|Sskdkfk has 15 seconds left.\n|inactive|Sskdkfk has 10 seconds left.\n|\n|t:|1700283398\n|move|p1a: Ninetales|Icy Wind|p2a: Jeremy Wade\n|-resisted|p2a: Jeremy Wade\n|-damage|p2a: Jeremy Wade|20\/100\n|-unboost|p2a: Jeremy Wade|spe|1\n|move|p1b: Amoonguss|Spore|p2a: Jeremy Wade\n|-status|p2a: Jeremy Wade|slp|[from] move: Spore\n|cant|p2a: Jeremy Wade|slp\n|\n|-heal|p2a: Jeremy Wade|26\/100 slp|[from] item: Leftovers\n|upkeep\n|turn|16\n|\n|t:|1700283407\n|cant|p2a: Jeremy Wade|slp\n|move|p1a: Ninetales|Freeze-Dry|p2a: Jeremy Wade\n|-resisted|p2a: Jeremy Wade\n|-damage|p2a: Jeremy Wade|20\/100 slp\n|move|p1b: Amoonguss|Foul Play|p2a: Jeremy Wade\n|-damage|p2a: Jeremy Wade|11\/100 slp\n|\n|-heal|p2a: Jeremy Wade|17\/100 slp|[from] item: Leftovers\n|upkeep\n|turn|17\n|\n|t:|1700283412\n|-curestatus|p2a: Jeremy Wade|slp|[msg]\n|move|p2a: Jeremy Wade|Protect|p2a: Jeremy Wade\n|-singleturn|p2a: Jeremy Wade|Protect\n|move|p1a: Ninetales|Freeze-Dry|p2a: Jeremy Wade\n|-activate|p2a: Jeremy Wade|move: Protect\n|move|p1b: Amoonguss|Foul Play|p2a: Jeremy Wade\n|-activate|p2a: Jeremy Wade|move: Protect\n|\n|-heal|p2a: Jeremy Wade|24\/100|[from] item: Leftovers\n|upkeep\n|turn|18\n|\n|t:|1700283416\n|move|p1a: Ninetales|Icy Wind|p2a: Jeremy Wade\n|-resisted|p2a: Jeremy Wade\n|-damage|p2a: Jeremy Wade|19\/100\n|-unboost|p2a: Jeremy Wade|spe|1\n|move|p1b: Amoonguss|Spore|p2a: Jeremy Wade\n|-status|p2a: Jeremy Wade|slp|[from] move: Spore\n|cant|p2a: Jeremy Wade|slp\n|\n|-heal|p2a: Jeremy Wade|25\/100 slp|[from] item: Leftovers\n|upkeep\n|turn|19\n|\n|t:|1700283423\n|move|p1a: Ninetales|Freeze-Dry|p2a: Jeremy Wade\n|-resisted|p2a: Jeremy Wade\n|-damage|p2a: Jeremy Wade|19\/100 slp\n|move|p1b: Amoonguss|Foul Play|p2a: Jeremy Wade\n|-damage|p2a: Jeremy Wade|8\/100 slp\n|cant|p2a: Jeremy Wade|slp\n|\n|-heal|p2a: Jeremy Wade|15\/100 slp|[from] item: Leftovers\n|upkeep\n|turn|20\n|inactive|Sskdkfk has 30 seconds left.\n|inactive|Sskdkfk has 20 seconds left.\n|\n|t:|1700283459\n|move|p1a: Ninetales|Freeze-Dry|p2a: Jeremy Wade\n|-resisted|p2a: Jeremy Wade\n|-damage|p2a: Jeremy Wade|8\/100 slp\n|move|p1b: Amoonguss|Foul Play|p2a: Jeremy Wade\n|-damage|p2a: Jeremy Wade|0 fnt\n|faint|p2a: Jeremy Wade\n|\n|win|Blackflashzzzzz\n|raw|Blackflashzzzzz's rating: 1407 &rarr; <strong>1423<\/strong><br \/>(+16 for winning)\n|raw|Sskdkfk's rating: 1339 &rarr; <strong>1323<\/strong><br \/>(-16 for losing)\n","uploadtime":1700283464,"views":12,"p1id":"blackflashzzzzz","p2id":"sskdkfk","formatid":"gen9vgc2023regulatione","rating":1323,"private":0,"password":""}