{"id":"gen9vgc2023regulatione-1995724387","p1":"SecretAltVGC","p2":"heKtikVGC","format":"[Gen 9] VGC 2023 Regulation E","log":"|j|\u2606SecretAltVGC\n|j|\u2606heKtikVGC\n|n|\u2606SecretAltVGC|secretaltvgc\n|n|\u2606heKtikVGC|hektikvgc\n|html|View the match progress at <a href=\"\/game-bestof3-gen9vgc2023regulatione-1995721028\">game-bestof3-gen9vgc2023regulatione-1995721028<\/a>\n|t:|1700597276\n|gametype|doubles\n|player|p1|SecretAltVGC|unknownf|\n|player|p2|heKtikVGC|flannery|\n|teamsize|p1|6\n|teamsize|p2|6\n|gen|9\n|tier|[Gen 9] VGC 2023 Regulation E\n|rule|Species Clause: Limit one of each Pok\u00e9mon\n|rule|Item Clause: Limit one of each item\n|clearpoke\n|poke|p1|Flutter Mane, L50|\n|poke|p1|Heatran, L50, M|\n|poke|p1|Amoonguss, L50, F|\n|poke|p1|Iron Hands, L50|\n|poke|p1|Kingambit, L50, F|\n|poke|p1|Landorus-Therian, L50, M|\n|poke|p2|Amoonguss, L50, F|\n|poke|p2|Tornadus, L50, M|\n|poke|p2|Iron Hands, L50|\n|poke|p2|Arcanine-Hisui, L50, M|\n|poke|p2|Gholdengo, L50|\n|poke|p2|Urshifu-*, L50, M|\n|teampreview|4\n|\n|t:|1700597310\n|start\n|switch|p1a: Flutter Mane|Flutter Mane, L50|100\/100\n|switch|p1b: Amoonguss|Amoonguss, L50, F|100\/100\n|switch|p2a: Iron Hands|Iron Hands, L50|100\/100\n|switch|p2b: Gholdengo|Gholdengo, L50|100\/100\n|turn|1\n|\n|t:|1700597321\n|-end|p1a: Flutter Mane|Protosynthesis|[silent]\n|switch|p1a: Kingambit|Kingambit, L50, F|100\/100\n|-end|p2a: Iron Hands|Quark Drive|[silent]\n|switch|p2a: Amoonguss|Amoonguss, L50, F|100\/100\n|move|p2b: Gholdengo|Protect|p2b: Gholdengo\n|-singleturn|p2b: Gholdengo|Protect\n|move|p1b: Amoonguss|Spore|p2a: Amoonguss\n|-immune|p2a: Amoonguss\n|\n|upkeep\n|turn|2\n|\n|t:|1700597335\n|switch|p1b: Heatran|Heatran, L50, M|100\/100\n|-terastallize|p2b: Gholdengo|Dragon\n|move|p1a: Kingambit|Protect|p1a: Kingambit\n|-singleturn|p1a: Kingambit|Protect\n|move|p2b: Gholdengo|Nasty Plot|p2b: Gholdengo\n|-boost|p2b: Gholdengo|spa|2\n|move|p2a: Amoonguss|Spore|p1a: Kingambit\n|-activate|p1a: Kingambit|move: Protect\n|\n|upkeep\n|turn|3\n|\n|t:|1700597345\n|switch|p2a: Iron Hands|Iron Hands, L50|100\/100\n|-terastallize|p1b: Heatran|Grass\n|move|p2b: Gholdengo|Protect|p2b: Gholdengo\n|-singleturn|p2b: Gholdengo|Protect\n|move|p1b: Heatran|Heat Wave|p2a: Iron Hands|[spread] p2a\n|-activate|p2b: Gholdengo|move: Protect\n|-damage|p2a: Iron Hands|75\/100\n|-status|p2a: Iron Hands|brn\n|-damage|p1b: Heatran|91\/100|[from] item: Life Orb\n|move|p1a: Kingambit|Kowtow Cleave|p2b: Gholdengo\n|-activate|p2b: Gholdengo|move: Protect\n|\n|-damage|p2a: Iron Hands|69\/100 brn|[from] brn\n|upkeep\n|turn|4\n|\n|t:|1700597362\n|move|p2a: Iron Hands|Fake Out|p1a: Kingambit\n|-resisted|p1a: Kingambit\n|-damage|p1a: Kingambit|98\/100\n|move|p2b: Gholdengo|Nasty Plot|p2b: Gholdengo\n|-boost|p2b: Gholdengo|spa|2\n|move|p1b: Heatran|Heat Wave|p2a: Iron Hands|[spread] p2a,p2b\n|-resisted|p2b: Gholdengo\n|-damage|p2a: Iron Hands|42\/100 brn\n|-damage|p2b: Gholdengo|72\/100\n|-damage|p1b: Heatran|81\/100|[from] item: Life Orb\n|cant|p1a: Kingambit|flinch\n|\n|-heal|p2b: Gholdengo|78\/100|[from] item: Leftovers\n|-damage|p2a: Iron Hands|36\/100 brn|[from] brn\n|upkeep\n|turn|5\n|\n|t:|1700597384\n|switch|p1b: Amoonguss|Amoonguss, L50, F|100\/100\n|move|p2b: Gholdengo|Protect|p2b: Gholdengo\n|-singleturn|p2b: Gholdengo|Protect\n|move|p2a: Iron Hands|Volt Switch|p1a: Kingambit\n|-damage|p1a: Kingambit|87\/100\n|\n|t:|1700597392\n|-end|p2a: Iron Hands|Quark Drive|[silent]\n|switch|p2a: Amoonguss|Amoonguss, L50, F|100\/100|[from] Volt Switch\n|move|p1a: Kingambit|Kowtow Cleave|p2b: Gholdengo\n|-activate|p2b: Gholdengo|move: Protect\n|\n|-heal|p2b: Gholdengo|84\/100|[from] item: Leftovers\n|upkeep\n|turn|6\n|\n|t:|1700597405\n|move|p1b: Amoonguss|Protect|p1b: Amoonguss\n|-singleturn|p1b: Amoonguss|Protect\n|move|p2a: Amoonguss|Rage Powder|p2a: Amoonguss\n|-singleturn|p2a: Amoonguss|move: Rage Powder\n|move|p2b: Gholdengo|Shadow Ball|p1b: Amoonguss\n|-activate|p1b: Amoonguss|move: Protect\n|move|p1a: Kingambit|Kowtow Cleave|p2a: Amoonguss\n|-damage|p2a: Amoonguss|56\/100\n|\n|-heal|p2b: Gholdengo|90\/100|[from] item: Leftovers\n|upkeep\n|turn|7\n|\n|t:|1700597430\n|switch|p2a: Iron Hands|Iron Hands, L50|36\/100 brn\n|move|p2b: Gholdengo|Shadow Ball|p1b: Amoonguss\n|-damage|p1b: Amoonguss|2\/100\n|-enditem|p1b: Amoonguss|Sitrus Berry|[eat]\n|-heal|p1b: Amoonguss|27\/100|[from] item: Sitrus Berry\n|move|p1a: Kingambit|Kowtow Cleave|p2a: Iron Hands\n|-resisted|p2a: Iron Hands\n|-damage|p2a: Iron Hands|16\/100 brn\n|move|p1b: Amoonguss|Pollen Puff|p2a: Iron Hands\n|-resisted|p2a: Iron Hands\n|-damage|p2a: Iron Hands|11\/100 brn\n|\n|-heal|p2b: Gholdengo|97\/100|[from] item: Leftovers\n|-damage|p2a: Iron Hands|5\/100 brn|[from] brn\n|upkeep\n|turn|8\n|\n|t:|1700597453\n|-end|p2a: Iron Hands|Quark Drive|[silent]\n|switch|p2a: Amoonguss|Amoonguss, L50, F|90\/100\n|move|p1b: Amoonguss|Protect|p1b: Amoonguss\n|-singleturn|p1b: Amoonguss|Protect\n|move|p2b: Gholdengo|Make It Rain|p1a: Kingambit|[spread] p1a\n|-activate|p1b: Amoonguss|move: Protect\n|-resisted|p1a: Kingambit\n|-damage|p1a: Kingambit|19\/100\n|-unboost|p2b: Gholdengo|spa|1\n|move|p1a: Kingambit|Kowtow Cleave|p2b: Gholdengo\n|-damage|p2b: Gholdengo|35\/100\n|\n|-heal|p2b: Gholdengo|41\/100|[from] item: Leftovers\n|upkeep\n|turn|9\n|\n|t:|1700597487\n|move|p1b: Amoonguss|Protect||[still]\n|-fail|p1b: Amoonguss\n|move|p2a: Amoonguss|Rage Powder|p2a: Amoonguss\n|-singleturn|p2a: Amoonguss|move: Rage Powder\n|move|p2b: Gholdengo|Make It Rain|p1b: Amoonguss|[spread] p1a,p1b\n|-resisted|p1a: Kingambit\n|-damage|p1a: Kingambit|0 fnt\n|-damage|p1b: Amoonguss|0 fnt\n|-unboost|p2b: Gholdengo|spa|1\n|faint|p1a: Kingambit\n|faint|p1b: Amoonguss\n|\n|-heal|p2b: Gholdengo|47\/100|[from] item: Leftovers\n|upkeep\n|\n|t:|1700597490\n|switch|p1a: Flutter Mane|Flutter Mane, L50|100\/100\n|switch|p1b: Heatran|Heatran, L50, M, tera:Grass|81\/100\n|turn|10\n|\n|t:|1700597507\n|move|p2b: Gholdengo|Protect|p2b: Gholdengo\n|-singleturn|p2b: Gholdengo|Protect\n|move|p1a: Flutter Mane|Dazzling Gleam|p2a: Amoonguss|[spread] p2a\n|-activate|p2b: Gholdengo|move: Protect\n|-resisted|p2a: Amoonguss\n|-damage|p2a: Amoonguss|66\/100\n|move|p1b: Heatran|Heat Wave|p2a: Amoonguss|[spread] p2a\n|-activate|p2b: Gholdengo|move: Protect\n|-supereffective|p2a: Amoonguss\n|-damage|p2a: Amoonguss|0 fnt\n|faint|p2a: Amoonguss\n|-damage|p1b: Heatran|71\/100|[from] item: Life Orb\n|\n|-heal|p2b: Gholdengo|53\/100|[from] item: Leftovers\n|upkeep\n|\n|t:|1700597517\n|switch|p2a: Urshifu|Urshifu-Rapid-Strike, L50, M|100\/100\n|turn|11\n|\n|t:|1700597525\n|move|p2a: Urshifu|Aqua Jet|p1a: Flutter Mane\n|-damage|p1a: Flutter Mane|63\/100\n|move|p1a: Flutter Mane|Dazzling Gleam|p2a: Urshifu|[spread] p2a,p2b\n|-supereffective|p2a: Urshifu\n|-supereffective|p2b: Gholdengo\n|-damage|p2a: Urshifu|0 fnt\n|-damage|p2b: Gholdengo|0 fnt\n|faint|p2a: Urshifu\n|faint|p2b: Gholdengo\n|move|p1b: Heatran|Heat Wave|p2: Urshifu|[notarget]\n|-fail|p1b: Heatran\n|\n|upkeep\n|\n|t:|1700597531\n|switch|p2b: Iron Hands|Iron Hands, L50|5\/100 brn\n|turn|12\n|-message|heKtikVGC forfeited.\n|\n|win|SecretAltVGC\n|c|&|\/uhtml prompt-hektikvgc,heKtikVGC is ready for game 3!\n|c|&|\/uhtml prompt-secretaltvgc,SecretAltVGC is ready for game 3!\nBoth players are ready! Starting next match!\n|l|\u2606heKtikVGC\n","uploadtime":1700597801,"views":0,"p1id":"secretaltvgc","p2id":"hektikvgc","formatid":"gen9vgc2023regulatione","rating":0,"private":0,"password":""}