{"id":"gen9vgc2023regulatione-1993417712","p1":"Fortune Meow","p2":"Yankiken","format":"[Gen 9] VGC 2023 Regulation E","log":"|j|\u2606Fortune Meow\n|j|\u2606Yankiken\n|t:|1700315188\n|gametype|doubles\n|player|p1|Fortune Meow|burglar|\n|player|p2|Yankiken|lady-gen4|\n|teamsize|p1|6\n|teamsize|p2|6\n|gen|9\n|tier|[Gen 9] VGC 2023 Regulation E\n|rule|Species Clause: Limit one of each Pok\u00e9mon\n|rule|Item Clause: Limit one of each item\n|clearpoke\n|poke|p1|Tornadus, L50, M|\n|poke|p1|Arcanine-Hisui, L50, M|\n|poke|p1|Iron Hands, L50|\n|poke|p1|Urshifu-*, L50, M|\n|poke|p1|Sinistcha, L50|\n|poke|p1|Chien-Pao, L50|\n|poke|p2|Iron Hands, L50|\n|poke|p2|Kingambit, L50, F|\n|poke|p2|Gyarados, L50, F|\n|poke|p2|Sinistcha-Masterpiece, L50|\n|poke|p2|Grimmsnarl, L50, M|\n|poke|p2|Chi-Yu, L50|\n|teampreview|4\n|inactive|Battle timer is ON: inactive players will automatically lose when time's up. (requested by Fortune Meow)\nFortune Meow has agreed to open team sheets.\n|inactive|Fortune Meow has 60 seconds left.\n|\n|t:|1700315231\n|start\n|switch|p1a: Tornadus|Tornadus, L50, M|100\/100\n|switch|p1b: Geiger|Arcanine-Hisui, L50, M|100\/100\n|switch|p2a: Grimmsnarl|Grimmsnarl, L50, M|100\/100\n|switch|p2b: Iron Hands|Iron Hands, L50|100\/100\n|-ability|p1b: Geiger|Intimidate|boost\n|-unboost|p2a: Grimmsnarl|atk|1\n|-unboost|p2b: Iron Hands|atk|1\n|turn|1\n|inactive|Yankiken has 30 seconds left.\n|inactive|Yankiken has 20 seconds left.\n|\n|t:|1700315268\n|move|p2b: Iron Hands|Fake Out|p1b: Geiger\n|-resisted|p1b: Geiger\n|-damage|p1b: Geiger|94\/100\n|cant|p1b: Geiger|flinch\n|move|p1a: Tornadus|Tailwind|p1a: Tornadus\n|-sidestart|p1: Fortune Meow|move: Tailwind\n|move|p2a: Grimmsnarl|Reflect|p2a: Grimmsnarl\n|-sidestart|p2: Yankiken|Reflect\n|\n|upkeep\n|turn|2\n|\n|t:|1700315281\n|-terastallize|p1b: Geiger|Fairy\n|move|p1a: Tornadus|Leer|p2b: Iron Hands|[spread] p2b\n|-hint|Since gen 7, Dark is immune to Prankster moves.\n|-immune|p2a: Grimmsnarl\n|-unboost|p2b: Iron Hands|def|1\n|move|p2a: Grimmsnarl|Thunder Wave|p1b: Geiger\n|-status|p1b: Geiger|par\n|move|p1b: Geiger|Tera Blast|p2b: Iron Hands|[anim] Tera Blast Fairy\n|-supereffective|p2b: Iron Hands\n|-damage|p2b: Iron Hands|11\/100\n|move|p2b: Iron Hands|Wild Charge|p1b: Geiger\n|-damage|p1b: Geiger|57\/100 par\n|-damage|p2b: Iron Hands|4\/100|[from] Recoil\n|\n|upkeep\n|turn|3\n|\n|t:|1700315304\n|move|p1a: Tornadus|Bleakwind Storm|p2b: Iron Hands|[spread] p2a,p2b\n|-damage|p2a: Grimmsnarl|70\/100\n|-damage|p2b: Iron Hands|0 fnt\n|-unboost|p2a: Grimmsnarl|spe|1\n|faint|p2b: Iron Hands\n|-end|p2b: Iron Hands|Quark Drive|[silent]\n|move|p1b: Geiger|Tera Blast|p2a: Grimmsnarl|[anim] Tera Blast Fairy\n|-supereffective|p2a: Grimmsnarl\n|-damage|p2a: Grimmsnarl|0 fnt\n|faint|p2a: Grimmsnarl\n|\n|upkeep\n|\n|t:|1700315307\n|switch|p2a: Chi-Yu|Chi-Yu, L50|100\/100\n|switch|p2b: Sinistcha|Sinistcha-Masterpiece, L50|100\/100\n|-ability|p2a: Chi-Yu|Beads of Ruin\n|turn|4\n|\n|t:|1700315327\n|move|p1a: Tornadus|Bleakwind Storm|p2b: Sinistcha|[spread] p2a,p2b\n|-supereffective|p2b: Sinistcha\n|-crit|p2b: Sinistcha\n|-damage|p2a: Chi-Yu|64\/100\n|-damage|p2b: Sinistcha|0 fnt\n|faint|p2b: Sinistcha\n|move|p2a: Chi-Yu|Heat Wave|p1a: Tornadus|[spread] p1a,p1b\n|-damage|p1a: Tornadus|29\/100\n|-damage|p1b: Geiger|0 fnt\n|faint|p1b: Geiger\n|\n|-sideend|p1: Fortune Meow|move: Tailwind\n|upkeep\n|\n|t:|1700315332\n|switch|p1b: Bill|Urshifu-Rapid-Strike, L50, M|100\/100\n|turn|5\n|\n|t:|1700315338\n|move|p1a: Tornadus|Tailwind|p1a: Tornadus\n|-sidestart|p1: Fortune Meow|move: Tailwind\n|move|p1b: Bill|Surging Strikes|p2a: Chi-Yu\n|-supereffective|p2a: Chi-Yu\n|-crit|p2a: Chi-Yu\n|-damage|p2a: Chi-Yu|0 fnt\n|faint|p2a: Chi-Yu\n|-hitcount|p2: Chi-Yu|1\n|\n|win|Fortune Meow\n|l|\u2606Yankiken\n","uploadtime":1700315356,"views":37,"p1id":"fortunemeow","p2id":"yankiken","formatid":"gen9vgc2023regulatione","rating":0,"private":0,"password":""}