{"id":"gen9vgc2023regulatione-2000671129","p1":"cataciyzmic","p2":"NightlyNinja27","format":"[Gen 9] VGC 2023 Regulation E","log":"|j|\u2606cataciyzmic\n|j|\u2606NightlyNinja27\n|n|\u2606cataciyzmic|cataciyzmic\n|n|\u2606NightlyNinja27|nightlyninja27\n|html|View the match progress at <a href=\"\/game-bestof3-gen9vgc2023regulatione-2000671128\">game-bestof3-gen9vgc2023regulatione-2000671128<\/a>\n|t:|1701216977\n|gametype|doubles\n|player|p1|cataciyzmic|cyrus|\n|player|p2|NightlyNinja27|veteran|\n|teamsize|p1|6\n|teamsize|p2|6\n|gen|9\n|tier|[Gen 9] VGC 2023 Regulation E\n|rule|Species Clause: Limit one of each Pok\u00e9mon\n|rule|Item Clause: Limit one of each item\n|clearpoke\n|poke|p1|Illumise, L50, F|\n|poke|p1|Iron Hands, L50|\n|poke|p1|Chien-Pao, L50|\n|poke|p1|Frosmoth, L50, F|\n|poke|p1|Poltchageist, L50|\n|poke|p1|Slither Wing, L50|\n|poke|p2|Iron Bundle, L50|\n|poke|p2|Gholdengo, L50|\n|poke|p2|Volcarona, L50, M|\n|poke|p2|Umbreon, L50, M|\n|poke|p2|Hawlucha, L50, F|\n|poke|p2|Golem-Alola, L50, M|\n|teampreview|4\ncataciyzmic rejected open team sheets.\n|c|\u2606cataciyzmic|teras: fire fairy ghost water fire fire\n|c|\u2606NightlyNinja27|Iron Bundle - Ice; Gholdengo - Fighting; Volcarona - Water; Umbreon - Fairy; Hawlucha - Fighting; Alolan Golem - Flying\n|c|\u2606cataciyzmic|sick glhf\n|c|\u2606NightlyNinja27|glhf\n|\n|t:|1701217102\n|start\n|switch|p1a: Slither Wing|Slither Wing, L50|100\/100\n|switch|p1b: Iron Hands|Iron Hands, L50|100\/100\n|switch|p2a: Hawlucha|Hawlucha, L50, F|100\/100\n|switch|p2b: Golem|Golem-Alola, L50, M|100\/100\n|-enditem|p1a: Slither Wing|Booster Energy\n|-activate|p1a: Slither Wing|ability: Protosynthesis|[fromitem]\n|-start|p1a: Slither Wing|protosynthesisatk\n|turn|1\n|\n|t:|1701217157\n|move|p1b: Iron Hands|Fake Out|p2a: Hawlucha\n|-damage|p2a: Hawlucha|76\/100\n|cant|p2a: Hawlucha|flinch\n|move|p2b: Golem|Earthquake|p1b: Iron Hands|[spread] p1a,p1b\n|-immune|p2a: Hawlucha\n|-resisted|p1a: Slither Wing\n|-supereffective|p1b: Iron Hands\n|-damage|p1a: Slither Wing|85\/100\n|-damage|p1b: Iron Hands|66\/100\n|move|p1a: Slither Wing|Close Combat|p2b: Golem\n|-supereffective|p2b: Golem\n|-damage|p2b: Golem|0 fnt\n|-unboost|p1a: Slither Wing|def|1\n|-unboost|p1a: Slither Wing|spd|1\n|faint|p2b: Golem\n|\n|upkeep\n|\n|t:|1701217185\n|switch|p2b: Volcarona|Volcarona, L50, M|100\/100\n|turn|2\n|\n|t:|1701217202\n|move|p2a: Hawlucha|Encore|p1b: Iron Hands\n|-start|p1b: Iron Hands|Encore\n|move|p2b: Volcarona|Quiver Dance|p2b: Volcarona\n|-boost|p2b: Volcarona|spa|1\n|-boost|p2b: Volcarona|spd|1\n|-boost|p2b: Volcarona|spe|1\n|move|p1a: Slither Wing|Close Combat|p2a: Hawlucha\n|-resisted|p2a: Hawlucha\n|-damage|p2a: Hawlucha|7\/100\n|-unboost|p1a: Slither Wing|def|1\n|-unboost|p1a: Slither Wing|spd|1\n|move|p1b: Iron Hands|Fake Out||[still]\n|-hint|Fake Out only works on your first turn out.\n|-fail|p1b: Iron Hands\n|\n|upkeep\n|turn|3\n|\n|t:|1701217263\n|-end|p1b: Iron Hands|Quark Drive|[silent]\n|switch|p1b: Chien-Pao|Chien-Pao, L50|100\/100\n|-ability|p1b: Chien-Pao|Sword of Ruin\n|move|p2b: Volcarona|Will-O-Wisp|p1b: Chien-Pao\n|-status|p1b: Chien-Pao|brn\n|move|p2a: Hawlucha|Acrobatics|p1a: Slither Wing\n|-supereffective|p1a: Slither Wing\n|-damage|p1a: Slither Wing|0 fnt\n|faint|p1a: Slither Wing\n|-end|p1a: Slither Wing|Protosynthesis|[silent]\n|\n|-damage|p1b: Chien-Pao|95\/100 brn|[from] brn\n|upkeep\n|\n|t:|1701217272\n|switch|p1a: Iron Hands|Iron Hands, L50|66\/100\n|turn|4\n|\n|t:|1701217325\n|move|p1a: Iron Hands|Fake Out|p2b: Volcarona\n|-damage|p2b: Volcarona|78\/100\n|-status|p1a: Iron Hands|brn|[from] ability: Flame Body|[of] p2b: Volcarona\n|cant|p2b: Volcarona|flinch\n|move|p1b: Chien-Pao|Crunch|p2a: Hawlucha\n|-resisted|p2a: Hawlucha\n|-damage|p2a: Hawlucha|0 fnt\n|faint|p2a: Hawlucha\n|\n|-damage|p1b: Chien-Pao|89\/100 brn|[from] brn\n|-damage|p1a: Iron Hands|60\/100 brn|[from] brn\n|upkeep\n|\n|t:|1701217338\n|switch|p2a: Gholdengo|Gholdengo, L50|100\/100\n|turn|5\n|\n|t:|1701217363\n|-end|p1a: Iron Hands|Quark Drive|[silent]\n|switch|p1a: Poltchageist|Poltchageist, L50|100\/100\n|-heal|p1b: Chien-Pao|100\/100 brn|[from] ability: Hospitality|[of] p1a: Poltchageist\n|move|p2b: Volcarona|Flamethrower|p1b: Chien-Pao\n|-supereffective|p1b: Chien-Pao\n|-enditem|p1b: Chien-Pao|Focus Sash\n|-damage|p1b: Chien-Pao|1\/100 brn\n|move|p1b: Chien-Pao|Crunch|p2a: Gholdengo\n|-supereffective|p2a: Gholdengo\n|-damage|p2a: Gholdengo|34\/100\n|move|p2a: Gholdengo|Nasty Plot|p2a: Gholdengo\n|-boost|p2a: Gholdengo|spa|2\n|\n|-damage|p1b: Chien-Pao|0 fnt|[from] brn\n|faint|p1b: Chien-Pao\n|upkeep\n|\n|t:|1701217375\n|switch|p1b: Iron Hands|Iron Hands, L50|60\/100 brn\n|turn|6\n|\n|t:|1701217406\n|move|p1a: Poltchageist|Protect|p1a: Poltchageist\n|-singleturn|p1a: Poltchageist|Protect\n|move|p2b: Volcarona|Morning Sun|p2b: Volcarona\n|-heal|p2b: Volcarona|100\/100\n|move|p2a: Gholdengo|Shadow Ball|p1a: Poltchageist\n|-activate|p1a: Poltchageist|move: Protect\n|move|p1b: Iron Hands|Wild Charge|p2a: Gholdengo\n|-damage|p2a: Gholdengo|5\/100\n|-damage|p1b: Iron Hands|55\/100 brn|[from] Recoil\n|\n|-damage|p1b: Iron Hands|49\/100 brn|[from] brn\n|upkeep\n|turn|7\n|\n|t:|1701217438\n|-terastallize|p1a: Poltchageist|Fire\n|move|p2b: Volcarona|Flamethrower|p1b: Iron Hands\n|-damage|p1b: Iron Hands|11\/100 brn\n|move|p2a: Gholdengo|Shadow Ball|p1a: Poltchageist\n|-damage|p1a: Poltchageist|13\/100\n|move|p1b: Iron Hands|Wild Charge|p2b: Volcarona\n|-damage|p2b: Volcarona|72\/100\n|-damage|p1b: Iron Hands|6\/100 brn|[from] Recoil\n|move|p1a: Poltchageist|Life Dew|p1a: Poltchageist|[spread] p1a,p1b\n|-heal|p1a: Poltchageist|38\/100\n|-heal|p1b: Iron Hands|31\/100 brn\n|\n|-damage|p1b: Iron Hands|25\/100 brn|[from] brn\n|upkeep\n|turn|8\n|\n|t:|1701217489\n|move|p2b: Volcarona|Quiver Dance|p2b: Volcarona\n|-boost|p2b: Volcarona|spa|1\n|-boost|p2b: Volcarona|spd|1\n|-boost|p2b: Volcarona|spe|1\n|move|p2a: Gholdengo|Recover|p2a: Gholdengo\n|-heal|p2a: Gholdengo|55\/100\n|move|p1b: Iron Hands|Wild Charge|p2b: Volcarona\n|-damage|p2b: Volcarona|43\/100\n|-damage|p1b: Iron Hands|20\/100 brn|[from] Recoil\n|move|p1a: Poltchageist|Foul Play|p2a: Gholdengo\n|-supereffective|p2a: Gholdengo\n|-damage|p2a: Gholdengo|31\/100\n|\n|-damage|p1b: Iron Hands|14\/100 brn|[from] brn\n|upkeep\n|turn|9\n|\n|t:|1701217515\n|move|p2b: Volcarona|Morning Sun|p2b: Volcarona\n|-heal|p2b: Volcarona|93\/100\n|move|p2a: Gholdengo|Shadow Ball|p1b: Iron Hands\n|-damage|p1b: Iron Hands|0 fnt\n|faint|p1b: Iron Hands\n|-end|p1b: Iron Hands|Quark Drive|[silent]\n|move|p1a: Poltchageist|Foul Play|p2a: Gholdengo\n|-supereffective|p2a: Gholdengo\n|-damage|p2a: Gholdengo|6\/100\n|\n|upkeep\n|turn|10\n|\n|t:|1701217532\n|move|p1a: Poltchageist|Rage Powder|p1a: Poltchageist\n|-singleturn|p1a: Poltchageist|move: Rage Powder\n|move|p2b: Volcarona|Flamethrower|p1a: Poltchageist\n|-resisted|p1a: Poltchageist\n|-damage|p1a: Poltchageist|0 fnt\n|faint|p1a: Poltchageist\n|\n|win|NightlyNinja27\n|c|\u2606cataciyzmic|gg\n|c|\u2606NightlyNinja27|gg\n|c|&|\/uhtml prompt-cataciyzmic,cataciyzmic is ready for game 2!\n|c|&|\/uhtml prompt-nightlyninja27,NightlyNinja27 is ready for game 2!\nBoth players are ready! Starting next match!\n","uploadtime":1701218466,"views":12,"p1id":"cataciyzmic","p2id":"nightlyninja27","formatid":"gen9vgc2023regulatione","rating":0,"private":0,"password":""}