{"id":"gen9vgc2023regulatione-1990060186","p1":"LifeOrbPex","p2":"Asphalt the pro","format":"[Gen 9] VGC 2023 Regulation E","log":"|j|\u2606LifeOrbPex\n|j|\u2606Asphalt the pro\n|t:|1699920240\n|gametype|doubles\n|player|p1|LifeOrbPex|266|\n|player|p2|Asphalt the pro|n|\n|teamsize|p1|6\n|teamsize|p2|6\n|gen|9\n|tier|[Gen 9] VGC 2023 Regulation E\n|rated|Tournament battle\n|rule|Species Clause: Limit one of each Pok\u00e9mon\n|rule|Item Clause: Limit one of each item\n|clearpoke\n|poke|p1|Ogerpon-Wellspring, L50, F|\n|poke|p1|Arcanine-Hisui, L50, F|\n|poke|p1|Amoonguss, L50, M|\n|poke|p1|Iron Hands, L50|\n|poke|p1|Chien-Pao, L50|\n|poke|p1|Flutter Mane, L50|\n|poke|p2|Ogerpon-Cornerstone, L50, F|\n|poke|p2|Sinistcha-Masterpiece, L50|\n|poke|p2|Kommo-o, L50, F|\n|poke|p2|Urshifu-*, L50, F|\n|poke|p2|Tyranitar, L50, F|\n|poke|p2|Cresselia, L50, F|\n|teampreview|4\n|showteam|p1|Ogerpon-Wellspring||WellspringMask|WaterAbsorb|IvyCudgel,HornLeech,SwordsDance,SpikyShield|||F|||50|,,,,,Water]Arcanine-Hisui||ChoiceBand|Intimidate|FlareBlitz,RockSlide,ExtremeSpeed,Outrage|||F|||50|,,,,,Dragon]Amoonguss||SitrusBerry|Regenerator|Spore,RagePowder,PollenPuff,Protect|||M|||50|,,,,,Water]Iron Hands||AssaultVest|QuarkDrive|WildCharge,DrainPunch,FakeOut,HeavySlam||||||50|,,,,,Fairy]Chien-Pao||FocusSash|SwordofRuin|IcicleCrash,SuckerPunch,LashOut,Protect||||||50|,,,,,Ghost]Flutter Mane||ChoiceSpecs|Protosynthesis|ShadowBall,Moonblast,DazzlingGleam,TrickRoom||||||50|,,,,,Fairy\n|showteam|p2|Ogerpon-Cornerstone||CornerstoneMask|Sturdy|IvyCudgel,HornLeech,PlayRough,Superpower|||F|||50|,,,,,Rock]Sinistcha-Masterpiece||RockyHelmet|Hospitality|RagePowder,MatchaGotcha,StrengthSap,TrickRoom||||||50|,,,,,Fairy]Kommo-o||Leftovers|Bulletproof|IronDefense,BodyPress,Rest,IronHead|||F|||50|,,,,,Steel]Urshifu||ChoiceScarf|UnseenFist|WickedBlow,CloseCombat,PoisonJab,Uturn|||F|||50|,,,,,Dark]Tyranitar||AssaultVest|SandStream|RockSlide,IcePunch,KnockOff,Crunch|||F|||50|,,,,,Poison]Cresselia||SafetyGoggles|Levitate|TrickRoom,LunarBlessing,Moonblast,Protect|||F|||50|,,,,,Electric\n|inactive|Battle timer is ON: inactive players will automatically lose when time's up. (requested by Asphalt the pro)\n|j|@Bright Size\n|l|@Bright Size\n|inactive|LifeOrbPex has 60 seconds left.\n|inactive|Asphalt the pro has 60 seconds left.\n|inactive|LifeOrbPex has 30 seconds left.\n|\n|t:|1699920308\n|start\n|switch|p1a: God|Iron Hands, L50|100\/100\n|switch|p1b: Flutter Man|Flutter Mane, L50|100\/100\n|switch|p2a: Ogerpon|Ogerpon-Cornerstone, L50, F|100\/100\n|switch|p2b: Tyranitar|Tyranitar, L50, F|100\/100\n|-weather|Sandstorm|[from] ability: Sand Stream|[of] p2b: Tyranitar\n|turn|1\n|inactive|LifeOrbPex has 30 seconds left.\n|inactive|LifeOrbPex has 20 seconds left.\n|\n|t:|1699920346\n|-end|p1b: Flutter Man|Protosynthesis|[silent]\n|switch|p1b: Incin at home|Arcanine-Hisui, L50, F|100\/100\n|-ability|p1b: Incin at home|Intimidate|boost\n|-unboost|p2a: Ogerpon|atk|1\n|-unboost|p2b: Tyranitar|atk|1\n|move|p1a: God|Fake Out|p2a: Ogerpon\n|-resisted|p2a: Ogerpon\n|-damage|p2a: Ogerpon|90\/100\n|cant|p2a: Ogerpon|flinch\n|move|p2b: Tyranitar|Rock Slide|p1a: God|[spread] p1a,p1b\n|-resisted|p1a: God\n|-crit|p1a: God\n|-supereffective|p1b: Incin at home\n|-damage|p1a: God|82\/100\n|-damage|p1b: Incin at home|49\/100\n|\n|-weather|Sandstorm|[upkeep]\n|-damage|p1a: God|75\/100|[from] Sandstorm\n|upkeep\n|turn|2\n|inactive|LifeOrbPex has 30 seconds left.\n|inactive|LifeOrbPex has 20 seconds left.\n|inactive|LifeOrbPex has 15 seconds left.\n|inactive|LifeOrbPex has 10 seconds left.\n|\n|t:|1699920394\n|-terastallize|p1b: Incin at home|Dragon\n|move|p2a: Ogerpon|Play Rough|p1a: God\n|-supereffective|p1a: God\n|-damage|p1a: God|44\/100\n|-unboost|p1a: God|atk|1\n|move|p1b: Incin at home|Outrage|p2b: Tyranitar\n|-damage|p2b: Tyranitar|40\/100\n|move|p1a: God|Drain Punch|p2b: Tyranitar\n|-supereffective|p2b: Tyranitar\n|-damage|p2b: Tyranitar|0 fnt\n|-heal|p1a: God|61\/100|[from] drain|[of] p2b: Tyranitar\n|faint|p2b: Tyranitar\n|\n|-weather|Sandstorm|[upkeep]\n|-damage|p1b: Incin at home|43\/100|[from] Sandstorm\n|-damage|p1a: God|55\/100|[from] Sandstorm\n|upkeep\n|\n|t:|1699920410\n|switch|p2b: Sinistcha|Sinistcha-Masterpiece, L50, shiny|100\/100\n|-heal|p2a: Ogerpon|100\/100|[from] ability: Hospitality|[of] p2b: Sinistcha\n|turn|3\n|inactive|Asphalt the pro has 30 seconds left.\n|\n|t:|1699920447\n|move|p2a: Ogerpon|Play Rough|p1b: Incin at home\n|-supereffective|p1b: Incin at home\n|-damage|p1b: Incin at home|0 fnt\n|faint|p1b: Incin at home\n|move|p1a: God|Drain Punch|p2a: Ogerpon\n|-supereffective|p2a: Ogerpon\n|-damage|p2a: Ogerpon|27\/100\n|-heal|p1a: God|78\/100|[from] drain|[of] p2a: Ogerpon\n|move|p2b: Sinistcha|Strength Sap|p1a: God\n|-unboost|p1a: God|atk|1\n|\n|-weather|Sandstorm|[upkeep]\n|-damage|p1a: God|72\/100|[from] Sandstorm\n|-damage|p2b: Sinistcha|94\/100|[from] Sandstorm\n|upkeep\n|\n|t:|1699920459\n|switch|p1b: Flutter Man|Flutter Mane, L50|100\/100\n|turn|4\n|\n|t:|1699920471\n|-end|p1a: God|Quark Drive|[silent]\n|switch|p1a: Urshifu Cringe!|Ogerpon-Wellspring, L50, F|100\/100\n|move|p2b: Sinistcha|Rage Powder|p2b: Sinistcha\n|-singleturn|p2b: Sinistcha|move: Rage Powder\n|move|p1b: Flutter Man|Dazzling Gleam|p2b: Sinistcha|[spread] p2a,p2b\n|-damage|p2a: Ogerpon|0 fnt\n|-damage|p2b: Sinistcha|33\/100\n|faint|p2a: Ogerpon\n|\n|-weather|Sandstorm|[upkeep]\n|-damage|p1b: Flutter Man|95\/100|[from] Sandstorm\n|-damage|p1a: Urshifu Cringe!|95\/100|[from] Sandstorm\n|-damage|p2b: Sinistcha|27\/100|[from] Sandstorm\n|upkeep\n|\n|t:|1699920478\n|switch|p2a: Kommo-o|Kommo-o, L50, F|100\/100\n|turn|5\n|\n|t:|1699920501\n|-terastallize|p2a: Kommo-o|Steel\n|move|p1b: Flutter Man|Dazzling Gleam|p2b: Sinistcha|[spread] p2a,p2b\n|-resisted|p2a: Kommo-o\n|-damage|p2a: Kommo-o|85\/100\n|-damage|p2b: Sinistcha|0 fnt\n|faint|p2b: Sinistcha\n|move|p1a: Urshifu Cringe!|Swords Dance|p1a: Urshifu Cringe!\n|-boost|p1a: Urshifu Cringe!|atk|2\n|move|p2a: Kommo-o|Iron Defense|p2a: Kommo-o\n|-boost|p2a: Kommo-o|def|2\n|\n|-weather|none\n|-heal|p2a: Kommo-o|91\/100|[from] item: Leftovers\n|upkeep\n|turn|6\n|\n|t:|1699920522\n|move|p1b: Flutter Man|Dazzling Gleam|p2a: Kommo-o\n|-resisted|p2a: Kommo-o\n|-damage|p2a: Kommo-o|71\/100\n|move|p1a: Urshifu Cringe!|Ivy Cudgel|p2a: Kommo-o\n|-damage|p2a: Kommo-o|26\/100\n|move|p2a: Kommo-o|Body Press|p1a: Urshifu Cringe!\n|-damage|p1a: Urshifu Cringe!|19\/100\n|\n|-heal|p2a: Kommo-o|32\/100|[from] item: Leftovers\n|upkeep\n|turn|7\n|\n|t:|1699920531\n|move|p1b: Flutter Man|Dazzling Gleam|p2a: Kommo-o\n|-resisted|p2a: Kommo-o\n|-damage|p2a: Kommo-o|12\/100\n|move|p1a: Urshifu Cringe!|Ivy Cudgel|p2a: Kommo-o\n|-damage|p2a: Kommo-o|0 fnt\n|faint|p2a: Kommo-o\n|\n|win|LifeOrbPex\n|n|\u2606LifeOrbPex|lifeorbpex\n|n|\u2606Asphalt the pro|asphaltthepro\n|l|\u2606Asphalt the pro\n","uploadtime":1699920538,"views":27,"p1id":"lifeorbpex","p2id":"asphaltthepro","formatid":"gen9vgc2023regulatione","rating":0,"private":0,"password":""}