{"id":"gen9vgc2023regulatione-1997389861","p1":"Mukit69","p2":"bobforte22","format":"[Gen 9] VGC 2023 Regulation E","log":"|j|\u2606Mukit69\n|j|\u2606bobforte22\n|t:|1700797884\n|gametype|doubles\n|player|p1|Mukit69|blue|1064\n|player|p2|bobforte22|pilot|1120\n|teamsize|p1|6\n|teamsize|p2|6\n|gen|9\n|tier|[Gen 9] VGC 2023 Regulation E\n|rated|\n|rule|Species Clause: Limit one of each Pok\u00e9mon\n|rule|Item Clause: Limit one of each item\n|clearpoke\n|poke|p1|Rillaboom, L50, F|\n|poke|p1|Sneasler, L50, M|\n|poke|p1|Tornadus, L50, M|\n|poke|p1|Urshifu-*, L50, M|\n|poke|p1|Brambleghast, L50, F|\n|poke|p1|Ogerpon-Wellspring, L50, F|\n|poke|p2|Wo-Chien, L50|\n|poke|p2|Dragapult, L50, F|\n|poke|p2|Ting-Lu, L50|\n|poke|p2|Flutter Mane, L50|\n|poke|p2|Arcanine-Hisui, L50, F|\n|poke|p2|Gyarados, L50, F|\n|teampreview|4\n|inactive|Battle timer is ON: inactive players will automatically lose when time's up. (requested by Mukit69)\n|inactive|Mukit69 has 60 seconds left.\n|\n|t:|1700797922\n|start\n|switch|p1a: Tornadus|Tornadus, L50, M|100\/100\n|switch|p1b: Brambleghast|Brambleghast, L50, F|100\/100\n|switch|p2a: Ting-Lu|Ting-Lu, L50|100\/100\n|switch|p2b: Dragapult|Dragapult, L50, F|100\/100\n|-ability|p2a: Ting-Lu|Vessel of Ruin\n|turn|1\n|inactive|bobforte22 has 30 seconds left.\n|\n|t:|1700797955\n|-terastallize|p2b: Dragapult|Normal\n|move|p1b: Brambleghast|Protect|p1b: Brambleghast\n|-singleturn|p1b: Brambleghast|Protect\n|move|p1a: Tornadus|Tailwind|p1a: Tornadus\n|-sidestart|p1: Mukit69|move: Tailwind\n|-ability|p1b: Brambleghast|Wind Rider|boost\n|-boost|p1b: Brambleghast|atk|1\n|move|p2b: Dragapult|U-turn|p1b: Brambleghast\n|-activate|p1b: Brambleghast|move: Protect\n|move|p2a: Ting-Lu|Stealth Rock|p1b: Brambleghast\n|-sidestart|p1: Mukit69|move: Stealth Rock\n|\n|upkeep\n|turn|2\n|inactive|Mukit69 has 30 seconds left.\n|inactive|bobforte22 has 30 seconds left.\n|inactive|Mukit69 has 20 seconds left.\n|\n|t:|1700797993\n|-terastallize|p1b: Brambleghast|Fairy\n|move|p2b: Dragapult|Protect|p2b: Dragapult\n|-singleturn|p2b: Dragapult|Protect\n|move|p1b: Brambleghast|Tera Blast|p2a: Ting-Lu|[anim] Tera Blast Fairy\n|-supereffective|p2a: Ting-Lu\n|-damage|p2a: Ting-Lu|41\/100\n|move|p1a: Tornadus|Hurricane|p2b: Dragapult\n|-activate|p2b: Dragapult|move: Protect\n|move|p2a: Ting-Lu|Whirlwind|p1b: Brambleghast\n|-ability|p1b: Brambleghast|Wind Rider|boost\n|-boost|p1b: Brambleghast|atk|1\n|\n|upkeep\n|turn|3\n|\n|t:|1700798017\n|switch|p2b: Arcanine|Arcanine-Hisui, L50, F|100\/100\n|-ability|p2b: Arcanine|Intimidate|boost\n|-unboost|p1a: Tornadus|atk|1\n|-unboost|p1b: Brambleghast|atk|1\n|move|p1b: Brambleghast|Seed Bomb|p2b: Arcanine\n|-damage|p2b: Arcanine|35\/100\n|move|p1a: Tornadus|Hurricane|p2a: Ting-Lu\n|-damage|p2a: Ting-Lu|19\/100\n|move|p2a: Ting-Lu|Ruination|p1b: Brambleghast\n|-damage|p1b: Brambleghast|50\/100\n|\n|-heal|p1b: Brambleghast|57\/100|[from] item: Leftovers\n|upkeep\n|turn|4\n|inactive|bobforte22 has 30 seconds left.\n|\n|t:|1700798042\n|move|p2a: Ting-Lu|Protect|p2a: Ting-Lu\n|-singleturn|p2a: Ting-Lu|Protect\n|move|p2b: Arcanine|Extreme Speed|p1b: Brambleghast\n|-damage|p1b: Brambleghast|0 fnt\n|faint|p1b: Brambleghast\n|move|p1a: Tornadus|Hurricane|p2a: Ting-Lu\n|-activate|p2a: Ting-Lu|move: Protect\n|\n|-sideend|p1: Mukit69|move: Tailwind\n|upkeep\n|\n|t:|1700798062\n|switch|p1b: Urshifu|Urshifu-Rapid-Strike, L50, M|100\/100\n|-damage|p1b: Urshifu|95\/100|[from] Stealth Rock\n|turn|5\n|\n|t:|1700798077\n|move|p1b: Urshifu|Detect|p1b: Urshifu\n|-singleturn|p1b: Urshifu|Protect\n|move|p2b: Arcanine|Extreme Speed|p1b: Urshifu\n|-activate|p1b: Urshifu|move: Protect\n|move|p1a: Tornadus|Tailwind|p1a: Tornadus\n|-sidestart|p1: Mukit69|move: Tailwind\n|move|p2a: Ting-Lu|Whirlwind|p1a: Tornadus\n|drag|p1a: Ogerpon|Ogerpon-Wellspring, L50, F|100\/100\n|-damage|p1a: Ogerpon|88\/100|[from] Stealth Rock\n|\n|upkeep\n|turn|6\n|\n|t:|1700798104\n|move|p2b: Arcanine|Extreme Speed|p1b: Urshifu\n|-damage|p1b: Urshifu|55\/100\n|move|p1b: Urshifu|Surging Strikes|p2b: Arcanine\n|-supereffective|p2b: Arcanine\n|-crit|p2b: Arcanine\n|-damage|p2b: Arcanine|0 fnt\n|faint|p2b: Arcanine\n|-hitcount|p2: Arcanine|1\n|move|p1a: Ogerpon|Ivy Cudgel|p2a: Ting-Lu|[anim] Ivy Cudgel Water\n|-supereffective|p2a: Ting-Lu\n|-damage|p2a: Ting-Lu|0 fnt\n|faint|p2a: Ting-Lu\n|\n|upkeep\n|\n|t:|1700798115\n|switch|p2b: Dragapult|Dragapult, L50, F, tera:Normal|100\/100\n|switch|p2a: Wo-Chien|Wo-Chien, L50|100\/100\n|-ability|p2a: Wo-Chien|Tablets of Ruin\n|turn|7\n|\n|t:|1700798130\n|move|p1b: Urshifu|Surging Strikes|p2b: Dragapult\n|-crit|p2b: Dragapult\n|-damage|p2b: Dragapult|82\/100\n|-damage|p1b: Urshifu|39\/100|[from] item: Rocky Helmet|[of] p2b: Dragapult\n|-crit|p2b: Dragapult\n|-damage|p2b: Dragapult|64\/100\n|-damage|p1b: Urshifu|22\/100|[from] item: Rocky Helmet|[of] p2b: Dragapult\n|-crit|p2b: Dragapult\n|-damage|p2b: Dragapult|46\/100\n|-damage|p1b: Urshifu|6\/100|[from] item: Rocky Helmet|[of] p2b: Dragapult\n|-hitcount|p2b: Dragapult|3\n|move|p1a: Ogerpon|Swords Dance|p1a: Ogerpon\n|-boost|p1a: Ogerpon|atk|2\n|move|p2b: Dragapult|Will-O-Wisp|p1a: Ogerpon\n|-status|p1a: Ogerpon|brn\n|move|p2a: Wo-Chien|Leech Seed|p1b: Urshifu\n|-start|p1b: Urshifu|move: Leech Seed\n|\n|-damage|p1b: Urshifu|0 fnt|[from] Leech Seed|[of] p2a: Wo-Chien\n|faint|p1b: Urshifu\n|-damage|p1a: Ogerpon|82\/100 brn|[from] brn\n|upkeep\n|\n|t:|1700798149\n|switch|p1b: Tornadus|Tornadus, L50, M|100\/100\n|-damage|p1b: Tornadus|76\/100|[from] Stealth Rock\n|turn|8\n|inactive|bobforte22 has 30 seconds left.\n|\n|t:|1700798181\n|move|p1a: Ogerpon|Spiky Shield|p1a: Ogerpon\n|-singleturn|p1a: Ogerpon|move: Protect\n|move|p1b: Tornadus|Rain Dance|p1b: Tornadus\n|-weather|RainDance\n|move|p2b: Dragapult|Dragon Claw|p1a: Ogerpon\n|-activate|p1a: Ogerpon|move: Protect\n|-damage|p2b: Dragapult|34\/100|[from] Spiky Shield|[of] p1a: Ogerpon\n|move|p2a: Wo-Chien|Leech Seed|p1b: Tornadus\n|-start|p1b: Tornadus|move: Leech Seed\n|\n|-weather|RainDance|[upkeep]\n|-damage|p1b: Tornadus|63\/100|[from] Leech Seed|[of] p2a: Wo-Chien\n|-damage|p1a: Ogerpon|77\/100 brn|[from] brn\n|-sideend|p1: Mukit69|move: Tailwind\n|upkeep\n|turn|9\n|\n|t:|1700798202\n|move|p2b: Dragapult|Protect|p2b: Dragapult\n|-singleturn|p2b: Dragapult|Protect\n|move|p1b: Tornadus|Tailwind|p1b: Tornadus\n|-sidestart|p1: Mukit69|move: Tailwind\n|move|p1a: Ogerpon|Ivy Cudgel|p2b: Dragapult|[anim] Ivy Cudgel Water\n|-activate|p2b: Dragapult|move: Protect\n|move|p2a: Wo-Chien|Ruination|p1a: Ogerpon\n|-damage|p1a: Ogerpon|39\/100 brn\n|\n|-weather|RainDance|[upkeep]\n|-damage|p1b: Tornadus|51\/100|[from] Leech Seed|[of] p2a: Wo-Chien\n|-damage|p1a: Ogerpon|33\/100 brn|[from] brn\n|upkeep\n|turn|10\n|inactive|bobforte22 has 30 seconds left.\n|inactive|bobforte22 has 20 seconds left.\n|\n|t:|1700798239\n|move|p2b: Dragapult|Protect|p2b: Dragapult\n|-singleturn|p2b: Dragapult|Protect\n|move|p1b: Tornadus|Hurricane|p2a: Wo-Chien\n|-supereffective|p2a: Wo-Chien\n|-damage|p2a: Wo-Chien|41\/100\n|move|p1a: Ogerpon|Ivy Cudgel|p2b: Dragapult|[anim] Ivy Cudgel Water\n|-activate|p2b: Dragapult|move: Protect\n|move|p2a: Wo-Chien|Reflect|p2a: Wo-Chien\n|-sidestart|p2: bobforte22|Reflect\n|\n|-weather|RainDance|[upkeep]\n|-heal|p2a: Wo-Chien|47\/100|[from] item: Leftovers\n|-damage|p1b: Tornadus|39\/100|[from] Leech Seed|[of] p2a: Wo-Chien\n|-heal|p2a: Wo-Chien|59\/100|[silent]\n|-damage|p1a: Ogerpon|27\/100 brn|[from] brn\n|upkeep\n|turn|11\n|inactive|bobforte22 has 30 seconds left.\n|\n|t:|1700798270\n|move|p2a: Wo-Chien|Protect|p2a: Wo-Chien\n|-singleturn|p2a: Wo-Chien|Protect\n|move|p1a: Ogerpon|Swords Dance|p1a: Ogerpon\n|-boost|p1a: Ogerpon|atk|2\n|move|p1b: Tornadus|Hurricane|p2a: Wo-Chien\n|-activate|p2a: Wo-Chien|move: Protect\n|move|p2b: Dragapult|Dragon Claw|p1b: Tornadus\n|-damage|p1b: Tornadus|6\/100\n|\n|-weather|RainDance|[upkeep]\n|-heal|p2a: Wo-Chien|66\/100|[from] item: Leftovers\n|-damage|p1b: Tornadus|0 fnt|[from] Leech Seed|[of] p2a: Wo-Chien\n|-heal|p2a: Wo-Chien|71\/100|[silent]\n|faint|p1b: Tornadus\n|-damage|p1a: Ogerpon|21\/100 brn|[from] brn\n|upkeep\n|turn|12\n|inactive|bobforte22 has 30 seconds left.\n|\n|t:|1700798295\n|move|p1a: Ogerpon|Ivy Cudgel|p2b: Dragapult|[anim] Ivy Cudgel Water\n|-damage|p2b: Dragapult|0 fnt\n|faint|p2b: Dragapult\n|move|p2a: Wo-Chien|Ruination|p1a: Ogerpon\n|-damage|p1a: Ogerpon|11\/100 brn\n|\n|-weather|none\n|-heal|p2a: Wo-Chien|77\/100|[from] item: Leftovers\n|-damage|p1a: Ogerpon|5\/100 brn|[from] brn\n|-sideend|p1: Mukit69|move: Tailwind\n|upkeep\n|turn|13\n|-message|Mukit69 forfeited.\n|\n|win|bobforte22\n|raw|Mukit69's rating: 1064 &rarr; <strong>1048<\/strong><br \/>(-16 for losing)\n|raw|bobforte22's rating: 1120 &rarr; <strong>1141<\/strong><br \/>(+21 for winning)\n|l|\u2606Mukit69\n","uploadtime":1700798310,"views":4,"p1id":"mukit69","p2id":"bobforte22","formatid":"gen9vgc2023regulatione","rating":1048,"private":0,"password":""}