{"id":"gen9vgc2023regulatione-1992194152","p1":"schmaba","p2":"Maitre Frotteur","format":"[Gen 9] VGC 2023 Regulation E","log":"|j|\u2606schmaba\n|j|\u2606Maitre Frotteur\n|t:|1700162795\n|gametype|doubles\n|player|p1|schmaba|1|1312\n|player|p2|Maitre Frotteur|policeman-gen4|1282\n|teamsize|p1|6\n|teamsize|p2|6\n|gen|9\n|tier|[Gen 9] VGC 2023 Regulation E\n|rated|\n|rule|Species Clause: Limit one of each Pok\u00e9mon\n|rule|Item Clause: Limit one of each item\n|clearpoke\n|poke|p1|Iron Hands, L50|\n|poke|p1|Landorus-Therian, L50, M|\n|poke|p1|Flutter Mane, L50|\n|poke|p1|Roaring Moon, L50|\n|poke|p1|Ogerpon, L50, F|\n|poke|p1|Weezing, L50, M|\n|poke|p2|Amoonguss, L50, F|\n|poke|p2|Iron Hands, L50|\n|poke|p2|Landorus-Therian, L50, M|\n|poke|p2|Flutter Mane, L50|\n|poke|p2|Heatran, L50, M|\n|poke|p2|Roaring Moon, L50|\n|teampreview|4\nschmaba has agreed to open team sheets.\nMaitre Frotteur has agreed to open team sheets.\n|inactive|Battle timer is ON: inactive players will automatically lose when time's up. (requested by schmaba)\n|\n|t:|1700162880\n|start\n|switch|p1a: Weezing|Weezing, L50, M|100\/100\n|switch|p1b: Landorus|Landorus-Therian, L50, M|100\/100\n|switch|p2a: Landorus|Landorus-Therian, L50, M|100\/100\n|switch|p2b: Iron Hands|Iron Hands, L50|100\/100\n|-ability|p1a: Weezing|Neutralizing Gas\n|turn|1\n|inactive|Maitre Frotteur has 30 seconds left.\n|\n|t:|1700162911\n|move|p2b: Iron Hands|Fake Out|p1a: Weezing\n|-damage|p1a: Weezing|88\/100\n|move|p2a: Landorus|Stomping Tantrum|p1a: Weezing\n|-supereffective|p1a: Weezing\n|-damage|p1a: Weezing|25\/100\n|-enditem|p1a: Weezing|Sitrus Berry|[eat]\n|-heal|p1a: Weezing|50\/100|[from] item: Sitrus Berry\n|move|p1b: Landorus|Stomping Tantrum|p2b: Iron Hands\n|-supereffective|p2b: Iron Hands\n|-damage|p2b: Iron Hands|34\/100\n|cant|p1a: Weezing|flinch\n|\n|upkeep\n|turn|2\n|inactive|Maitre Frotteur has 30 seconds left.\n|inactive|Maitre Frotteur has 20 seconds left.\n|inactive|Maitre Frotteur has 15 seconds left.\n|\n|t:|1700162952\n|move|p1a: Weezing|Protect|p1a: Weezing\n|-singleturn|p1a: Weezing|Protect\n|move|p2a: Landorus|Stomping Tantrum|p1a: Weezing\n|-activate|p1a: Weezing|move: Protect\n|move|p1b: Landorus|Stomping Tantrum|p2b: Iron Hands\n|-supereffective|p2b: Iron Hands\n|-damage|p2b: Iron Hands|0 fnt\n|faint|p2b: Iron Hands\n|-end|p2b: Iron Hands|Quark Drive|[silent]\n|\n|upkeep\n|\n|t:|1700162955\n|switch|p2b: Flutter Mane|Flutter Mane, L50|100\/100\n|turn|3\n|\n|t:|1700162968\n|-end|p1a: Weezing|ability: Neutralizing Gas\n|-ability|p2a: Landorus|Intimidate|boost\n|-unboost|p1a: Weezing|atk|1\n|-unboost|p1b: Landorus|atk|1\n|-ability|p1b: Landorus|Intimidate|boost\n|-unboost|p2a: Landorus|atk|1\n|-unboost|p2b: Flutter Mane|atk|1\n|switch|p1a: Ogerpon|Ogerpon, L50, F|100\/100\n|-terastallize|p2b: Flutter Mane|Fairy\n|move|p2a: Landorus|Stomping Tantrum|p1a: Ogerpon\n|-resisted|p1a: Ogerpon\n|-damage|p1a: Ogerpon|84\/100\n|move|p1b: Landorus|Stomping Tantrum|p2b: Flutter Mane\n|-damage|p2b: Flutter Mane|52\/100\n|move|p2b: Flutter Mane|Moonblast|p1b: Landorus\n|-damage|p1b: Landorus|0 fnt\n|faint|p1b: Landorus\n|\n|upkeep\n|\n|t:|1700162986\n|switch|p1b: Weezing|Weezing, L50, M|50\/100\n|-ability|p1b: Weezing|Neutralizing Gas\n|turn|4\n|\n|t:|1700162997\n|switch|p2a: Heatran|Heatran, L50, M|100\/100\n|-end|p1b: Weezing|ability: Neutralizing Gas\n|switch|p1b: Roaring Moon|Roaring Moon, L50|100\/100\n|-enditem|p1b: Roaring Moon|Booster Energy\n|-activate|p1b: Roaring Moon|ability: Protosynthesis|[fromitem]\n|-start|p1b: Roaring Moon|protosynthesisspe\n|-terastallize|p1a: Ogerpon|Grass\n|detailschange|p1a: Ogerpon|Ogerpon-Teal-Tera, L50, F, tera:Grass\n|-ability|p1a: Ogerpon|Embody Aspect (Teal)|boost\n|-boost|p1a: Ogerpon|spe|1\n|move|p1a: Ogerpon|Ivy Cudgel|p2b: Flutter Mane\n|-crit|p2b: Flutter Mane\n|-damage|p2b: Flutter Mane|0 fnt\n|faint|p2b: Flutter Mane\n|-end|p2b: Flutter Mane|Protosynthesis|[silent]\n|\n|upkeep\n|\n|t:|1700163009\n|switch|p2b: Landorus|Landorus-Therian, L50, M|100\/100\n|-ability|p2b: Landorus|Intimidate|boost\n|-unboost|p1a: Ogerpon|atk|1\n|-unboost|p1b: Roaring Moon|atk|1\n|turn|5\n|inactive|Maitre Frotteur has 30 seconds left.\n|inactive|schmaba has 30 seconds left.\n|\n|t:|1700163047\n|move|p1a: Ogerpon|Spiky Shield|p1a: Ogerpon\n|-singleturn|p1a: Ogerpon|move: Protect\n|move|p2a: Heatran|Protect|p2a: Heatran\n|-singleturn|p2a: Heatran|Protect\n|move|p1b: Roaring Moon|Knock Off|p2b: Landorus\n|-damage|p2b: Landorus|66\/100\n|-enditem|p2b: Landorus|Choice Scarf|[from] move: Knock Off|[of] p1b: Roaring Moon\n|move|p2b: Landorus|U-turn|p1a: Ogerpon\n|-activate|p1a: Ogerpon|move: Protect\n|-damage|p2b: Landorus|54\/100|[from] Spiky Shield|[of] p1a: Ogerpon\n|\n|upkeep\n|turn|6\n|\n|t:|1700163066\n|move|p1b: Roaring Moon|Knock Off|p2a: Heatran\n|-damage|p2a: Heatran|72\/100\n|-enditem|p2a: Heatran|Shuca Berry|[from] move: Knock Off|[of] p1b: Roaring Moon\n|move|p1a: Ogerpon|Stomping Tantrum|p2a: Heatran\n|-supereffective|p2a: Heatran\n|-crit|p2a: Heatran\n|-damage|p2a: Heatran|0 fnt\n|faint|p2a: Heatran\n|move|p2b: Landorus|U-turn|p1a: Ogerpon\n|-supereffective|p1a: Ogerpon\n|-damage|p1a: Ogerpon|24\/100\n|\n|upkeep\n|turn|7\n|-message|Maitre Frotteur forfeited.\n|\n|win|schmaba\n|raw|schmaba's rating: 1312 &rarr; <strong>1330<\/strong><br \/>(+18 for winning)\n|raw|Maitre Frotteur's rating: 1282 &rarr; <strong>1259<\/strong><br \/>(-23 for losing)\n","uploadtime":1700163082,"views":21,"p1id":"schmaba","p2id":"maitrefrotteur","formatid":"gen9vgc2023regulatione","rating":1259,"private":0,"password":""}