{"id":"gen9vgc2023regulatione-1994901522","p1":"fang hider","p2":"Mr.CCCC","format":"[Gen 9] VGC 2023 Regulation E","log":"|j|\u2606fang hider\n|j|\u2606Mr.CCCC\n|t:|1700503087\n|gametype|doubles\n|player|p1|fang hider|101|\n|player|p2|Mr.CCCC|clemont|\n|teamsize|p1|6\n|teamsize|p2|6\n|gen|9\n|tier|[Gen 9] VGC 2023 Regulation E\n|rated|Tournament battle\n|rule|Species Clause: Limit one of each Pok\u00e9mon\n|rule|Item Clause: Limit one of each item\n|clearpoke\n|poke|p1|Farigiraf, L50, M|\n|poke|p1|Iron Hands, L50|\n|poke|p1|Urshifu-*, L50, M|\n|poke|p1|Tornadus, L50, M|\n|poke|p1|Chien-Pao, L50|\n|poke|p1|Salazzle, L50, F|\n|poke|p2|Ogerpon-Wellspring, L50, F|\n|poke|p2|Flutter Mane, L50|\n|poke|p2|Iron Hands, L50|\n|poke|p2|Tornadus, L50, M|\n|poke|p2|Dragonite, L50, F|\n|poke|p2|Clefairy, L50, F|\n|teampreview|4\n|showteam|p1|Farigiraf||LaggingTail|ArmorTail|TrickRoom,Trick,Psychic,Protect|||M|||50|,,,,,Fire]Iron Hands||SitrusBerry|QuarkDrive|DrainPunch,Earthquake,IcePunch,Protect||||||50|,,,,,Ice]Urshifu-Rapid-Strike||ChoiceScarf|UnseenFist|SurgingStrikes,AquaJet,RockSlide,DrainPunch|||M|||50|,,,,,Fighting]Tornadus||Leftovers|Prankster|Tailwind,BleakwindStorm,RainDance,Taunt|||M|||50|,,,,,Flying]Chien-Pao||LifeOrb|SwordofRuin|SacredSword,SuckerPunch,Protect,Taunt||||||50|,,,,,Flying]Salazzle||EjectPack|Corrosion|Overheat,Acrobatics,FakeOut,Protect|||F|||50|,,,,,Poison\n|showteam|p2|Ogerpon-Wellspring||WellspringMask|WaterAbsorb|IvyCudgel,HornLeech,FollowMe,SpikyShield|||F|||50|,,,,,Water]Flutter Mane||ChoiceSpecs|Protosynthesis|ShadowBall,DazzlingGleam,Moonblast,MysticalFire||||||50|,,,,,Fairy]Iron Hands||AssaultVest|QuarkDrive|DrainPunch,WildCharge,FakeOut,HeavySlam||||||50|,,,,,Fire]Tornadus||MentalHerb|Prankster|BleakwindStorm,Tailwind,Taunt,Protect|||M|||50|,,,,,Ghost]Dragonite||ChoiceBand|Multiscale|ExtremeSpeed,IceSpinner,Outrage,AquaJet|||F|||50|,,,,,Normal]Clefairy||Eviolite|FriendGuard|FollowMe,HelpingHand,HealPulse,Protect|||F|||50|,,,,,Dark\n|inactive|Battle timer is ON: inactive players will automatically lose when time's up. (requested by Mr.CCCC)\n|c|\u2606Mr.CCCC|gl\n|c|\u2606fang hider|gl\n|inactive|Mr.CCCC has 60 seconds left.\n|\n|t:|1700503118\n|start\n|switch|p1a: Tornadus|Tornadus, L50, M|100\/100\n|switch|p1b: Urshifu|Urshifu-Rapid-Strike, L50, M|100\/100\n|switch|p2a: Sisyphus :)|Dragonite, L50, F, shiny|100\/100\n|switch|p2b: One Must Imagine|Clefairy, L50, F|100\/100\n|turn|1\n|\n|t:|1700503134\n|-terastallize|p2a: Sisyphus :)|Normal\n|move|p2b: One Must Imagine|Helping Hand|p2a: Sisyphus :)\n|-singleturn|p2a: Sisyphus :)|Helping Hand|[of] p2b: One Must Imagine\n|move|p2a: Sisyphus :)|Extreme Speed|p1b: Urshifu\n|-damage|p1b: Urshifu|8\/100\n|move|p1a: Tornadus|Rain Dance|p1a: Tornadus\n|-weather|RainDance\n|move|p1b: Urshifu|Rock Slide|p2b: One Must Imagine|[spread] p2a,p2b\n|-damage|p2a: Sisyphus :)|94\/100\n|-damage|p2b: One Must Imagine|77\/100\n|\n|-weather|RainDance|[upkeep]\n|upkeep\n|turn|2\n|\n|t:|1700503154\n|move|p2a: Sisyphus :)|Extreme Speed|p1b: Urshifu\n|-damage|p1b: Urshifu|0 fnt\n|faint|p1b: Urshifu\n|move|p1a: Tornadus|Tailwind|p1a: Tornadus\n|-sidestart|p1: fang hider|move: Tailwind\n|move|p2b: One Must Imagine|Heal Pulse|p2a: Sisyphus :)\n|-heal|p2a: Sisyphus :)|100\/100\n|\n|-weather|RainDance|[upkeep]\n|upkeep\n|\n|t:|1700503162\n|switch|p1b: paume-de-fer|Iron Hands, L50, shiny|100\/100\n|turn|3\n|\n|t:|1700503169\n|move|p2b: One Must Imagine|Helping Hand|p2a: Sisyphus :)\n|-singleturn|p2a: Sisyphus :)|Helping Hand|[of] p2b: One Must Imagine\n|move|p2a: Sisyphus :)|Extreme Speed|p1a: Tornadus\n|-damage|p1a: Tornadus|0 fnt\n|faint|p1a: Tornadus\n|move|p1b: paume-de-fer|Ice Punch|p2a: Sisyphus :)\n|-damage|p2a: Sisyphus :)|92\/100\n|\n|-weather|RainDance|[upkeep]\n|upkeep\n|\n|t:|1700503178\n|switch|p1a: Chien-Pao|Chien-Pao, L50|100\/100\n|-ability|p1a: Chien-Pao|Sword of Ruin\n|turn|4\n|\n|t:|1700503184\n|move|p2a: Sisyphus :)|Extreme Speed|p1a: Chien-Pao\n|-damage|p1a: Chien-Pao|0 fnt\n|faint|p1a: Chien-Pao\n|move|p1b: paume-de-fer|Drain Punch|p2a: Sisyphus :)\n|-supereffective|p2a: Sisyphus :)\n|-damage|p2a: Sisyphus :)|38\/100\n|move|p2b: One Must Imagine|Heal Pulse|p2a: Sisyphus :)\n|-heal|p2a: Sisyphus :)|88\/100\n|\n|-weather|RainDance|[upkeep]\n|upkeep\n|turn|5\n|\n|t:|1700503197\n|move|p2a: Sisyphus :)|Extreme Speed|p1b: paume-de-fer\n|-damage|p1b: paume-de-fer|55\/100\n|move|p2b: One Must Imagine|Follow Me|p2b: One Must Imagine\n|-singleturn|p2b: One Must Imagine|move: Follow Me\n|move|p1b: paume-de-fer|Earthquake|p2a: Sisyphus :)|[spread] p2a,p2b\n|-crit|p2b: One Must Imagine\n|-damage|p2a: Sisyphus :)|72\/100\n|-damage|p2b: One Must Imagine|36\/100\n|\n|-weather|none\n|-sideend|p1: fang hider|move: Tailwind\n|upkeep\n|turn|6\n|\n|t:|1700503205\n|move|p2b: One Must Imagine|Helping Hand|p2a: Sisyphus :)\n|-singleturn|p2a: Sisyphus :)|Helping Hand|[of] p2b: One Must Imagine\n|move|p2a: Sisyphus :)|Extreme Speed|p1b: paume-de-fer\n|-damage|p1b: paume-de-fer|0 fnt\n|faint|p1b: paume-de-fer\n|-end|p1b: paume-de-fer|Quark Drive|[silent]\n|\n|win|Mr.CCCC\n|n|\u2606fang hider|fanghider\n|n|\u2606Mr.CCCC|mrcccc\n|c|\u2606Mr.CCCC|gg\n|c|\u2606fang hider|gg\n","uploadtime":1700503216,"views":2,"p1id":"fanghider","p2id":"mrcccc","formatid":"gen9vgc2023regulatione","rating":0,"private":0,"password":""}