{"id":"gen9vgc2023regulatione-1993949616","p1":"KicksGG","p2":"enryplayer","format":"[Gen 9] VGC 2023 Regulation E","log":"|j|\u2606KicksGG\n|j|\u2606enryplayer\n|t:|1700381137\n|gametype|doubles\n|player|p1|KicksGG|169|1133\n|player|p2|enryplayer|1|1069\n|teamsize|p1|6\n|teamsize|p2|6\n|gen|9\n|tier|[Gen 9] VGC 2023 Regulation E\n|rated|\n|rule|Species Clause: Limit one of each Pok\u00e9mon\n|rule|Item Clause: Limit one of each item\n|clearpoke\n|poke|p1|Ogerpon-Wellspring, L50, F|\n|poke|p1|Flutter Mane, L50|\n|poke|p1|Roaring Moon, L50|\n|poke|p1|Landorus-Therian, L50, M|\n|poke|p1|Heatran, L50, M|\n|poke|p1|Rillaboom, L50, M|\n|poke|p2|Regidrago, L50|\n|poke|p2|Gholdengo, L50|\n|poke|p2|Dragonite, L50, M|\n|poke|p2|Tornadus, L50, M|\n|poke|p2|Ogerpon, L50, F|\n|poke|p2|Flutter Mane, L50|\n|teampreview|4\n|inactive|Battle timer is ON: inactive players will automatically lose when time's up. (requested by enryplayer)\n|inactive|enryplayer has 60 seconds left.\n|\n|t:|1700381193\n|start\n|switch|p1a: Heatran|Heatran, L50, M|100\/100\n|switch|p1b: Rillaboom|Rillaboom, L50, M|100\/100\n|switch|p2a: Tornadus|Tornadus, L50, M|100\/100\n|switch|p2b: Gholdengo|Gholdengo, L50|100\/100\n|-fieldstart|move: Grassy Terrain|[from] ability: Grassy Surge|[of] p1b: Rillaboom\n|turn|1\n|\n|t:|1700381215\n|move|p1b: Rillaboom|Fake Out|p2a: Tornadus\n|-damage|p2a: Tornadus|80\/100\n|cant|p2a: Tornadus|flinch\n|move|p2b: Gholdengo|Make It Rain|p1a: Heatran|[spread] p1a,p1b\n|-resisted|p1a: Heatran\n|-damage|p1a: Heatran|85\/100\n|-damage|p1b: Rillaboom|45\/100\n|-unboost|p2b: Gholdengo|spa|1\n|move|p1a: Heatran|Heat Wave|p2b: Gholdengo|[spread] \n|-miss|p1a: Heatran|p2a: Tornadus\n|-miss|p1a: Heatran|p2b: Gholdengo\n|\n|-heal|p1b: Rillaboom|51\/100|[from] Grassy Terrain\n|-heal|p1a: Heatran|91\/100|[from] Grassy Terrain\n|upkeep\n|turn|2\n|inactive|KicksGG has 30 seconds left.\n|\n|t:|1700381246\n|move|p2a: Tornadus|Tailwind|p2a: Tornadus\n|-sidestart|p2: enryplayer|move: Tailwind\n|move|p1b: Rillaboom|Grassy Glide|p2b: Gholdengo\n|-resisted|p2b: Gholdengo\n|-crit|p2b: Gholdengo\n|-damage|p2b: Gholdengo|73\/100\n|move|p2b: Gholdengo|Make It Rain|p1a: Heatran|[spread] p1a,p1b\n|-resisted|p1a: Heatran\n|-damage|p1a: Heatran|80\/100\n|-damage|p1b: Rillaboom|15\/100\n|-unboost|p2b: Gholdengo|spa|1\n|move|p1a: Heatran|Heat Wave|p2b: Gholdengo|[spread] p2b\n|-miss|p1a: Heatran|p2a: Tornadus\n|-supereffective|p2b: Gholdengo\n|-damage|p2b: Gholdengo|0 fnt\n|faint|p2b: Gholdengo\n|-damage|p1a: Heatran|70\/100|[from] item: Life Orb\n|\n|-heal|p1b: Rillaboom|21\/100|[from] Grassy Terrain\n|-heal|p1a: Heatran|77\/100|[from] Grassy Terrain\n|upkeep\n|inactive|enryplayer has 30 seconds left.\n|\n|t:|1700381272\n|switch|p2b: Regidrago|Regidrago, L50|100\/100\n|turn|3\n|\n|t:|1700381290\n|move|p2a: Tornadus|Protect|p2a: Tornadus\n|-singleturn|p2a: Tornadus|Protect\n|move|p1a: Heatran|Protect|p1a: Heatran\n|-singleturn|p1a: Heatran|Protect\n|move|p1b: Rillaboom|Grassy Glide|p2b: Regidrago\n|-resisted|p2b: Regidrago\n|-damage|p2b: Regidrago|83\/100\n|move|p2b: Regidrago|Dragon Energy|p1a: Heatran|[spread] p1b\n|-activate|p1a: Heatran|move: Protect\n|-damage|p1b: Rillaboom|0 fnt\n|faint|p1b: Rillaboom\n|\n|-heal|p2b: Regidrago|89\/100|[from] Grassy Terrain\n|-heal|p1a: Heatran|83\/100|[from] Grassy Terrain\n|upkeep\n|\n|t:|1700381308\n|switch|p1b: Flutter Mane|Flutter Mane, L50, shiny|100\/100\n|turn|4\n|\n|t:|1700381330\n|-terastallize|p1b: Flutter Mane|Fairy\n|move|p2b: Regidrago|Protect|p2b: Regidrago\n|-singleturn|p2b: Regidrago|Protect\n|move|p2a: Tornadus|Icy Wind|p1a: Heatran|[spread] p1a,p1b\n|-resisted|p1a: Heatran\n|-damage|p1a: Heatran|80\/100\n|-damage|p1b: Flutter Mane|85\/100\n|-unboost|p1a: Heatran|spe|1\n|-unboost|p1b: Flutter Mane|spe|1\n|move|p1b: Flutter Mane|Dazzling Gleam|p2b: Regidrago|[spread] p2a\n|-activate|p2b: Regidrago|move: Protect\n|-damage|p2a: Tornadus|0 fnt\n|faint|p2a: Tornadus\n|move|p1a: Heatran|Heat Wave|p2b: Regidrago\n|-activate|p2b: Regidrago|move: Protect\n|\n|-heal|p2b: Regidrago|95\/100|[from] Grassy Terrain\n|-heal|p1b: Flutter Mane|90\/100|[from] Grassy Terrain\n|-heal|p1a: Heatran|86\/100|[from] Grassy Terrain\n|upkeep\n|\n|t:|1700381348\n|switch|p2a: Flutter Mane|Flutter Mane, L50|100\/100\n|-enditem|p2a: Flutter Mane|Booster Energy\n|-activate|p2a: Flutter Mane|ability: Protosynthesis|[fromitem]\n|-start|p2a: Flutter Mane|protosynthesisspa\n|turn|5\n|\n|t:|1700381363\n|move|p2a: Flutter Mane|Dazzling Gleam|p1b: Flutter Mane|[spread] p1a,p1b\n|-resisted|p1a: Heatran\n|-damage|p1a: Heatran|76\/100\n|-damage|p1b: Flutter Mane|45\/100\n|move|p2b: Regidrago|Earth Power|p1a: Heatran\n|-supereffective|p1a: Heatran\n|-damage|p1a: Heatran|0 fnt\n|faint|p1a: Heatran\n|move|p1b: Flutter Mane|Dazzling Gleam|p2b: Regidrago|[spread] p2a,p2b\n|-supereffective|p2b: Regidrago\n|-damage|p2a: Flutter Mane|40\/100\n|-damage|p2b: Regidrago|0 fnt\n|faint|p2b: Regidrago\n|\n|-heal|p2a: Flutter Mane|47\/100|[from] Grassy Terrain\n|-heal|p1b: Flutter Mane|51\/100|[from] Grassy Terrain\n|-sideend|p2: enryplayer|move: Tailwind\n|-fieldend|move: Grassy Terrain\n|upkeep\n|\n|t:|1700381381\n|switch|p1a: A Boogie|Ogerpon-Wellspring, L50, F|100\/100\n|turn|6\n|\n|t:|1700381394\n|move|p2a: Flutter Mane|Dazzling Gleam|p1b: Flutter Mane|[spread] p1a,p1b\n|-damage|p1a: A Boogie|51\/100\n|-damage|p1b: Flutter Mane|8\/100\n|move|p1a: A Boogie|Ivy Cudgel|p2a: Flutter Mane|[anim] Ivy Cudgel Water\n|-damage|p2a: Flutter Mane|0 fnt\n|faint|p2a: Flutter Mane\n|-end|p2a: Flutter Mane|Protosynthesis|[silent]\n|\n|win|KicksGG\n|raw|KicksGG's rating: 1133 &rarr; <strong>1153<\/strong><br \/>(+20 for winning)\n|raw|enryplayer's rating: 1069 &rarr; <strong>1052<\/strong><br \/>(-17 for losing)\n|l|\u2606enryplayer\n","uploadtime":1700381441,"views":27,"p1id":"kicksgg","p2id":"enryplayer","formatid":"gen9vgc2023regulatione","rating":1052,"private":0,"password":""}