{"id":"gen9vgc2023regulatione-1994208286","p1":"daafjeweerwolfje","p2":"hjgklm3k","format":"[Gen 9] VGC 2023 Regulation E","log":"|j|\u2606daafjeweerwolfje\n|j|\u2606hjgklm3k\n|t:|1700419051\n|gametype|doubles\n|player|p1|daafjeweerwolfje|crasherwake|1382\n|player|p2|hjgklm3k|169|1343\n|teamsize|p1|6\n|teamsize|p2|6\n|gen|9\n|tier|[Gen 9] VGC 2023 Regulation E\n|rated|\n|rule|Species Clause: Limit one of each Pok\u00e9mon\n|rule|Item Clause: Limit one of each item\n|clearpoke\n|poke|p1|Roaring Moon, L50|\n|poke|p1|Armarouge, L50, F|\n|poke|p1|Indeedee-F, L50, F|\n|poke|p1|Iron Hands, L50|\n|poke|p1|Ogerpon-Wellspring, L50, F|\n|poke|p1|Landorus-Therian, L50, M|\n|poke|p2|Tornadus, L50, M|\n|poke|p2|Ogerpon-Hearthflame, L50, F|\n|poke|p2|Flutter Mane, L50|\n|poke|p2|Dragonite, L50, F|\n|poke|p2|Chi-Yu, L50|\n|poke|p2|Iron Bundle, L50|\n|teampreview|4\n|inactive|Battle timer is ON: inactive players will automatically lose when time's up. (requested by daafjeweerwolfje)\n|inactive|hjgklm3k has 60 seconds left.\n|\n|t:|1700419086\n|start\n|switch|p1a: Landorus|Landorus-Therian, L50, M, shiny|100\/100\n|switch|p1b: Iron Hands|Iron Hands, L50, shiny|100\/100\n|switch|p2a: Tornadus|Tornadus, L50, M|100\/100\n|switch|p2b: Chi-Yu|Chi-Yu, L50|100\/100\n|-ability|p1a: Landorus|Intimidate|boost\n|-unboost|p2a: Tornadus|atk|1\n|-unboost|p2b: Chi-Yu|atk|1\n|-ability|p2b: Chi-Yu|Beads of Ruin\n|turn|1\n|\n|t:|1700419105\n|move|p2b: Chi-Yu|Protect|p2b: Chi-Yu\n|-singleturn|p2b: Chi-Yu|Protect\n|move|p1a: Landorus|U-turn|p2b: Chi-Yu\n|-activate|p2b: Chi-Yu|move: Protect\n|move|p2a: Tornadus|Icy Wind|p1a: Landorus|[spread] p1a,p1b\n|-supereffective|p1a: Landorus\n|-damage|p1a: Landorus|20\/100\n|-damage|p1b: Iron Hands|89\/100\n|-unboost|p1a: Landorus|spe|1\n|-unboost|p1b: Iron Hands|spe|1\n|move|p1b: Iron Hands|Belly Drum|p1b: Iron Hands\n|-damage|p1b: Iron Hands|39\/100\n|-setboost|p1b: Iron Hands|atk|6|[from] move: Belly Drum\n|\n|-heal|p1b: Iron Hands|46\/100|[from] item: Leftovers\n|upkeep\n|turn|2\n|\n|t:|1700419126\n|move|p1b: Iron Hands|Detect|p1b: Iron Hands\n|-singleturn|p1b: Iron Hands|Protect\n|move|p2a: Tornadus|Tailwind|p2a: Tornadus\n|-sidestart|p2: hjgklm3k|move: Tailwind\n|move|p2b: Chi-Yu|Psychic|p1b: Iron Hands\n|-activate|p1b: Iron Hands|move: Protect\n|move|p1a: Landorus|U-turn|p2b: Chi-Yu\n|-damage|p2b: Chi-Yu|51\/100\n|\n|t:|1700419135\n|switch|p1a: Roaring Moon|Roaring Moon, L50, shiny|100\/100|[from] U-turn\n|-enditem|p1a: Roaring Moon|Booster Energy\n|-activate|p1a: Roaring Moon|ability: Protosynthesis|[fromitem]\n|-start|p1a: Roaring Moon|protosynthesisspe\n|\n|-heal|p1b: Iron Hands|52\/100|[from] item: Leftovers\n|upkeep\n|turn|3\n|\n|t:|1700419156\n|-terastallize|p1b: Iron Hands|Grass\n|move|p2a: Tornadus|Icy Wind|p1b: Iron Hands|[spread] p1a,p1b\n|-supereffective|p1a: Roaring Moon\n|-supereffective|p1b: Iron Hands\n|-damage|p1a: Roaring Moon|72\/100\n|-damage|p1b: Iron Hands|29\/100\n|-unboost|p1a: Roaring Moon|spe|1\n|-unboost|p1b: Iron Hands|spe|1\n|move|p2b: Chi-Yu|Heat Wave|p1a: Roaring Moon|[spread] p1a,p1b\n|-resisted|p1a: Roaring Moon\n|-supereffective|p1b: Iron Hands\n|-damage|p1a: Roaring Moon|40\/100\n|-damage|p1b: Iron Hands|0 fnt\n|faint|p1b: Iron Hands\n|-end|p1b: Iron Hands|Quark Drive|[silent]\n|-damage|p2b: Chi-Yu|41\/100|[from] item: Life Orb\n|move|p1a: Roaring Moon|Tailwind|p1a: Roaring Moon\n|-sidestart|p1: daafjeweerwolfje|move: Tailwind\n|\n|upkeep\n|\n|t:|1700419171\n|switch|p1b: Ogerpon|Ogerpon-Wellspring, L50, F|100\/100\n|turn|4\n|\n|t:|1700419181\n|move|p2a: Tornadus|Sunny Day|p2a: Tornadus\n|-weather|SunnyDay\n|move|p1a: Roaring Moon|Knock Off|p2b: Chi-Yu\n|-resisted|p2b: Chi-Yu\n|-damage|p2b: Chi-Yu|0 fnt\n|-enditem|p2b: Chi-Yu|Life Orb|[from] move: Knock Off|[of] p1a: Roaring Moon\n|faint|p2b: Chi-Yu\n|move|p1b: Ogerpon|Swords Dance|p1b: Ogerpon\n|-boost|p1b: Ogerpon|atk|2\n|\n|-weather|SunnyDay|[upkeep]\n|upkeep\n|\n|t:|1700419192\n|switch|p2b: Ogerpon|Ogerpon-Hearthflame, L50, F|100\/100\n|-ability|p2b: Ogerpon|Mold Breaker\n|turn|5\n|\n|t:|1700419211\n|move|p2b: Ogerpon|Spiky Shield|p2b: Ogerpon\n|-singleturn|p2b: Ogerpon|move: Protect\n|move|p1b: Ogerpon|Spiky Shield|p1b: Ogerpon\n|-singleturn|p1b: Ogerpon|move: Protect\n|move|p1a: Roaring Moon|Breaking Swipe|p2a: Tornadus|[spread] p2a\n|-activate|p2b: Ogerpon|move: Protect\n|-damage|p1a: Roaring Moon|28\/100|[from] Spiky Shield|[of] p2b: Ogerpon\n|-crit|p2a: Tornadus\n|-damage|p2a: Tornadus|52\/100\n|-unboost|p2a: Tornadus|atk|1\n|-damage|p1a: Roaring Moon|11\/100|[from] item: Rocky Helmet|[of] p2a: Tornadus\n|move|p2a: Tornadus|Icy Wind|p1b: Ogerpon|[spread] p1a\n|-activate|p1b: Ogerpon|move: Protect\n|-supereffective|p1a: Roaring Moon\n|-damage|p1a: Roaring Moon|0 fnt\n|faint|p1a: Roaring Moon\n|-end|p1a: Roaring Moon|Protosynthesis|[silent]\n|\n|-weather|SunnyDay|[upkeep]\n|-sideend|p2: hjgklm3k|move: Tailwind\n|upkeep\n|\n|t:|1700419229\n|switch|p1a: Landorus|Landorus-Therian, L50, M, shiny|20\/100\n|-ability|p1a: Landorus|Intimidate|boost\n|-unboost|p2a: Tornadus|atk|1\n|-unboost|p2b: Ogerpon|atk|1\n|turn|6\n|\n|t:|1700419252\n|move|p2a: Tornadus|Tailwind|p2a: Tornadus\n|-sidestart|p2: hjgklm3k|move: Tailwind\n|move|p1a: Landorus|Stomping Tantrum|p2b: Ogerpon\n|-damage|p2b: Ogerpon|39\/100\n|move|p2b: Ogerpon|Ivy Cudgel|p1b: Ogerpon|[anim] Ivy Cudgel Fire\n|-damage|p1b: Ogerpon|36\/100\n|move|p1b: Ogerpon|Ivy Cudgel|p2b: Ogerpon|[anim] Ivy Cudgel Water\n|-damage|p2b: Ogerpon|0 fnt\n|faint|p2b: Ogerpon\n|\n|-weather|SunnyDay|[upkeep]\n|-sideend|p1: daafjeweerwolfje|move: Tailwind\n|upkeep\n|\n|t:|1700419260\n|switch|p2b: Iron Bundle|Iron Bundle, L50|100\/100\n|-enditem|p2b: Iron Bundle|Booster Energy\n|-activate|p2b: Iron Bundle|ability: Quark Drive|[fromitem]\n|-start|p2b: Iron Bundle|quarkdrivespe\n|turn|7\n|\n|t:|1700419271\n|move|p2b: Iron Bundle|Freeze-Dry|p1b: Ogerpon\n|-supereffective|p1b: Ogerpon\n|-damage|p1b: Ogerpon|0 fnt\n|faint|p1b: Ogerpon\n|move|p2a: Tornadus|Icy Wind|p1a: Landorus\n|-supereffective|p1a: Landorus\n|-damage|p1a: Landorus|0 fnt\n|faint|p1a: Landorus\n|\n|win|hjgklm3k\n|raw|daafjeweerwolfje's rating: 1382 &rarr; <strong>1360<\/strong><br \/>(-22 for losing)\n|raw|hjgklm3k's rating: 1343 &rarr; <strong>1365<\/strong><br \/>(+22 for winning)\n","uploadtime":1700419278,"views":5,"p1id":"daafjeweerwolfje","p2id":"hjgklm3k","formatid":"gen9vgc2023regulatione","rating":1360,"private":0,"password":""}