{"id":"gen9vgc2023regulatione-1995323165","p1":"StarSyz","p2":"sawawa256","format":"[Gen 9] VGC 2023 Regulation E","log":"|j|\u2606StarSyz\n|j|\u2606sawawa256\n|t:|1700553626\n|gametype|doubles\n|player|p1|StarSyz|klara|1590\n|player|p2|sawawa256|hilbert|1620\n|teamsize|p1|6\n|teamsize|p2|6\n|gen|9\n|tier|[Gen 9] VGC 2023 Regulation E\n|rated|\n|rule|Species Clause: Limit one of each Pok\u00e9mon\n|rule|Item Clause: Limit one of each item\n|clearpoke\n|poke|p1|Infernape, L50, F|\n|poke|p1|Roaring Moon, L50|\n|poke|p1|Ogerpon-Wellspring, L50, F|\n|poke|p1|Kingambit, L50, F|\n|poke|p1|Flutter Mane, L50|\n|poke|p1|Landorus-Therian, L50, M|\n|poke|p2|Dragonite, L50, F|\n|poke|p2|Chien-Pao, L50|\n|poke|p2|Flutter Mane, L50|\n|poke|p2|Maushold-Four, L50|\n|poke|p2|Rillaboom, L50, M|\n|poke|p2|Kingambit, L50, M|\n|teampreview|4\n|inactive|Battle timer is ON: inactive players will automatically lose when time's up. (requested by StarSyz)\n|inactive|StarSyz has 60 seconds left.\n|inactive|sawawa256 has 60 seconds left.\n|inactive|StarSyz has 30 seconds left.\n|j| meowmeowjoe\n|\n|t:|1700553696\n|start\n|switch|p1a: Flutter Mane|Flutter Mane, L50|100\/100\n|switch|p1b: Infernape|Infernape, L50, F|100\/100\n|switch|p2a: Dragonite|Dragonite, L50, F|100\/100\n|switch|p2b: Chien-Pao|Chien-Pao, L50|100\/100\n|-ability|p2b: Chien-Pao|Sword of Ruin\n|turn|1\n|inactive|StarSyz has 30 seconds left.\n|\n|t:|1700553723\n|switch|p2a: Rillaboom|Rillaboom, L50, M|100\/100\n|-fieldstart|move: Grassy Terrain|[from] ability: Grassy Surge|[of] p2a: Rillaboom\n|move|p2b: Chien-Pao|Protect|p2b: Chien-Pao\n|-singleturn|p2b: Chien-Pao|Protect\n|move|p1a: Flutter Mane|Dazzling Gleam|p2b: Chien-Pao|[spread] p2a\n|-activate|p2b: Chien-Pao|move: Protect\n|-damage|p2a: Rillaboom|60\/100\n|move|p1b: Infernape|Close Combat|p2a: Rillaboom\n|-damage|p2a: Rillaboom|4\/100\n|-unboost|p1b: Infernape|def|1\n|-unboost|p1b: Infernape|spd|1\n|\n|-heal|p2a: Rillaboom|10\/100|[from] Grassy Terrain\n|upkeep\n|turn|2\n|\n|t:|1700553746\n|switch|p1b: Landorus|Landorus-Therian, L50, M|100\/100\n|-ability|p1b: Landorus|Intimidate|boost\n|-unboost|p2a: Rillaboom|atk|1\n|-unboost|p2b: Chien-Pao|atk|1\n|-terastallize|p2b: Chien-Pao|Dark\n|-terastallize|p1a: Flutter Mane|Fairy\n|move|p2a: Rillaboom|Fake Out|p1b: Landorus\n|-damage|p1b: Landorus|88\/100\n|move|p2b: Chien-Pao|Sucker Punch|p1a: Flutter Mane\n|-resisted|p1a: Flutter Mane\n|-damage|p1a: Flutter Mane|59\/100\n|move|p1a: Flutter Mane|Dazzling Gleam|p2b: Chien-Pao|[spread] p2a,p2b\n|-supereffective|p2b: Chien-Pao\n|-damage|p2a: Rillaboom|0 fnt\n|-enditem|p2b: Chien-Pao|Focus Sash\n|-damage|p2b: Chien-Pao|1\/100\n|faint|p2a: Rillaboom\n|\n|-heal|p2b: Chien-Pao|7\/100|[from] Grassy Terrain\n|-heal|p1a: Flutter Mane|65\/100|[from] Grassy Terrain\n|upkeep\n|\n|t:|1700553766\n|switch|p2a: Dragonite|Dragonite, L50, F|100\/100\n|turn|3\n|inactive|StarSyz has 30 seconds left.\n|inactive|StarSyz has 20 seconds left.\n|inactive|StarSyz has 15 seconds left.\n|inactive|StarSyz has 10 seconds left.\n|inactive|StarSyz has 5 seconds left.\n|\n|t:|1700553817\n|-end|p1a: Flutter Mane|Protosynthesis|[silent]\n|switch|p1a: Roaring Moon|Roaring Moon, L50|100\/100\n|-enditem|p1a: Roaring Moon|Booster Energy\n|-activate|p1a: Roaring Moon|ability: Protosynthesis|[fromitem]\n|-start|p1a: Roaring Moon|protosynthesisspe\n|move|p2a: Dragonite|Extreme Speed|p1a: Roaring Moon\n|-damage|p1a: Roaring Moon|27\/100\n|move|p2b: Chien-Pao|Sucker Punch|p1b: Landorus\n|-damage|p1b: Landorus|41\/100\n|move|p1b: Landorus|U-turn|p2b: Chien-Pao\n|-supereffective|p2b: Chien-Pao\n|-damage|p2b: Chien-Pao|0 fnt\n|faint|p2b: Chien-Pao\n|\n|t:|1700553840\n|switch|p1b: Infernape|Infernape, L50, F|100\/100|[from] U-turn\n|\n|-heal|p1a: Roaring Moon|33\/100|[from] Grassy Terrain\n|upkeep\n|\n|t:|1700553845\n|switch|p2b: Kingambit|Kingambit, L50, M|100\/100\n|turn|4\n|inactive|StarSyz has 30 seconds left.\n|\n|t:|1700553874\n|move|p1b: Infernape|Fake Out|p2b: Kingambit\n|-resisted|p2b: Kingambit\n|-damage|p2b: Kingambit|97\/100\n|move|p2a: Dragonite|Extreme Speed|p1b: Infernape\n|-crit|p1b: Infernape\n|-enditem|p1b: Infernape|Focus Sash\n|-damage|p1b: Infernape|1\/100\n|cant|p2b: Kingambit|flinch\n|move|p1a: Roaring Moon|Knock Off|p2a: Dragonite\n|-damage|p2a: Dragonite|44\/100\n|-enditem|p2a: Dragonite|Choice Band|[from] move: Knock Off|[of] p1a: Roaring Moon\n|\n|-heal|p1a: Roaring Moon|39\/100|[from] Grassy Terrain\n|-heal|p1b: Infernape|7\/100|[from] Grassy Terrain\n|-heal|p2b: Kingambit|100\/100|[from] Grassy Terrain\n|upkeep\n|turn|5\n|inactive|StarSyz has 30 seconds left.\n|inactive|StarSyz has 20 seconds left.\n|\n|t:|1700553912\n|switch|p1b: Landorus|Landorus-Therian, L50, M|41\/100\n|-ability|p1b: Landorus|Intimidate|boost\n|-fail|p2a: Dragonite|unboost|Attack|[from] ability: Inner Focus|[of] p2a: Dragonite\n|-unboost|p2b: Kingambit|atk|1\n|-ability|p2b: Kingambit|Defiant|boost\n|-boost|p2b: Kingambit|atk|2\n|move|p2a: Dragonite|Extreme Speed|p1a: Roaring Moon\n|-damage|p1a: Roaring Moon|3\/100\n|move|p2b: Kingambit|Sucker Punch||[still]\n|-fail|p2b: Kingambit\n|move|p1a: Roaring Moon|Acrobatics|p2a: Dragonite\n|-damage|p2a: Dragonite|1\/100\n|\n|-heal|p1a: Roaring Moon|9\/100|[from] Grassy Terrain\n|-fieldend|move: Grassy Terrain\n|upkeep\n|turn|6\n|j| kor_ash\n|inactive|StarSyz has 30 seconds left.\n|inactive|sawawa256 has 30 seconds left.\n|inactive|StarSyz has 20 seconds left.\n|\n|t:|1700553950\n|move|p1a: Roaring Moon|Protect|p1a: Roaring Moon\n|-singleturn|p1a: Roaring Moon|Protect\n|move|p2a: Dragonite|Extreme Speed|p1b: Landorus\n|-damage|p1b: Landorus|9\/100\n|move|p2b: Kingambit|Sucker Punch||[still]\n|-fail|p2b: Kingambit\n|move|p1b: Landorus|Stomping Tantrum|p2b: Kingambit\n|-supereffective|p2b: Kingambit\n|-damage|p2b: Kingambit|39\/100\n|\n|upkeep\n|turn|7\n|inactive|StarSyz has 30 seconds left.\n|inactive|StarSyz has 20 seconds left.\n|inactive|StarSyz has 15 seconds left.\n|\n|t:|1700553993\n|move|p2a: Dragonite|Extreme Speed|p1a: Roaring Moon\n|-damage|p1a: Roaring Moon|0 fnt\n|faint|p1a: Roaring Moon\n|-end|p1a: Roaring Moon|Protosynthesis|[silent]\n|move|p2b: Kingambit|Sucker Punch|p1b: Landorus\n|-damage|p1b: Landorus|0 fnt\n|faint|p1b: Landorus\n|\n|upkeep\n|\n|t:|1700554003\n|switch|p1a: Infernape|Infernape, L50, F|7\/100\n|switch|p1b: Flutter Mane|Flutter Mane, L50, tera:Fairy|65\/100\n|turn|8\n|\n|t:|1700554024\n|move|p1a: Infernape|Fake Out|p2a: Dragonite\n|-damage|p2a: Dragonite|0 fnt\n|faint|p2a: Dragonite\n|move|p2b: Kingambit|Sucker Punch|p1b: Flutter Mane\n|-resisted|p1b: Flutter Mane\n|-damage|p1b: Flutter Mane|13\/100\n|move|p1b: Flutter Mane|Moonblast|p2b: Kingambit\n|-damage|p2b: Kingambit|0 fnt\n|faint|p2b: Kingambit\n|\n|win|StarSyz\n|raw|StarSyz's rating: 1590 &rarr; <strong>1612<\/strong><br \/>(+22 for winning)\n|raw|sawawa256's rating: 1620 &rarr; <strong>1598<\/strong><br \/>(-22 for losing)\n|l|\u2606StarSyz\n","uploadtime":1700554034,"views":5,"p1id":"starsyz","p2id":"sawawa256","formatid":"gen9vgc2023regulatione","rating":1598,"private":0,"password":""}