{"id":"gen9vgc2023regulatione-1992501961","p1":"Jazz hansd","p2":"Aragon_Neotrix","format":"[Gen 9] VGC 2023 Regulation E","log":"|j|\u2606Jazz hansd\n|j|\u2606Aragon_Neotrix\n|t:|1700195858\n|gametype|doubles\n|player|p1|Jazz hansd|hiker-gen4|1060\n|player|p2|Aragon_Neotrix|cheren-gen5bw2|1132\n|teamsize|p1|6\n|teamsize|p2|6\n|gen|9\n|tier|[Gen 9] VGC 2023 Regulation E\n|rated|\n|rule|Species Clause: Limit one of each Pok\u00e9mon\n|rule|Item Clause: Limit one of each item\n|clearpoke\n|poke|p1|Gholdengo, L50|\n|poke|p1|Amoonguss, L50, M|\n|poke|p1|Snorlax, L50, F|\n|poke|p1|Goodra-Hisui, L50, F|\n|poke|p1|Sinistcha, L50|\n|poke|p1|Chandelure, L50, M|\n|poke|p2|Gyarados, L50, M|\n|poke|p2|Dragonite, L50, M|\n|poke|p2|Talonflame, L50, M|\n|poke|p2|Decidueye, L50, F|\n|poke|p2|Umbreon, L50, F|\n|poke|p2|Clefairy, L50, F|\n|teampreview|4\n|\n|t:|1700195899\n|start\n|switch|p1a: Goodra|Goodra-Hisui, L50, F|100\/100\n|switch|p1b: Amoonguss|Amoonguss, L50, M|100\/100\n|switch|p2a: Decidueye|Decidueye, L50, F|100\/100\n|switch|p2b: Talonflame|Talonflame, L50, M|100\/100\n|turn|1\n|\n|t:|1700195929\n|move|p2b: Talonflame|Brave Bird|p1b: Amoonguss\n|-supereffective|p1b: Amoonguss\n|-damage|p1b: Amoonguss|0 fnt\n|-damage|p2b: Talonflame|84\/100|[from] item: Rocky Helmet|[of] p1b: Amoonguss\n|faint|p1b: Amoonguss\n|-damage|p2b: Talonflame|41\/100|[from] Recoil\n|move|p2a: Decidueye|Poltergeist|p1a: Goodra\n|-activate|p1a: Goodra|move: Poltergeist|Leftovers\n|-damage|p1a: Goodra|34\/100\n|-damage|p2a: Decidueye|91\/100|[from] item: Life Orb\n|move|p1a: Goodra|Flamethrower|p2a: Decidueye\n|-supereffective|p2a: Decidueye\n|-damage|p2a: Decidueye|26\/100\n|\n|-heal|p1a: Goodra|40\/100|[from] item: Leftovers\n|upkeep\n|\n|t:|1700195947\n|switch|p1b: Snorlax|Snorlax, L50, F|100\/100\n|turn|2\n|\n|t:|1700195971\n|-terastallize|p2a: Decidueye|Grass\n|move|p2b: Talonflame|Brave Bird|p1b: Snorlax\n|-damage|p1b: Snorlax|63\/100\n|-damage|p2b: Talonflame|21\/100|[from] Recoil\n|move|p2a: Decidueye|Leaf Blade|p1b: Snorlax\n|-damage|p1b: Snorlax|0 fnt\n|faint|p1b: Snorlax\n|-damage|p2a: Decidueye|16\/100|[from] item: Life Orb\n|move|p1a: Goodra|Rock Slide|p2a: Decidueye|[spread] p2a,p2b\n|-supereffective|p2b: Talonflame\n|-damage|p2a: Decidueye|0 fnt\n|-damage|p2b: Talonflame|0 fnt\n|faint|p2a: Decidueye\n|faint|p2b: Talonflame\n|\n|-heal|p1a: Goodra|45\/100|[from] item: Leftovers\n|upkeep\n|\n|t:|1700195993\n|switch|p2b: Clefairy|Clefairy, L50, F|100\/100\n|switch|p2a: Gyarados|Gyarados, L50, M|100\/100\n|switch|p1b: Sinistcha|Sinistcha, L50|100\/100\n|-ability|p2a: Gyarados|Intimidate|boost\n|-unboost|p1a: Goodra|atk|1\n|-unboost|p1b: Sinistcha|atk|1\n|-heal|p1a: Goodra|70\/100|[from] ability: Hospitality|[of] p1b: Sinistcha\n|turn|3\n|\n|t:|1700196007\n|-terastallize|p1b: Sinistcha|Grass\n|move|p2b: Clefairy|Follow Me|p2b: Clefairy\n|-singleturn|p2b: Clefairy|move: Follow Me\n|move|p2a: Gyarados|Dragon Dance|p2a: Gyarados\n|-boost|p2a: Gyarados|atk|1\n|-boost|p2a: Gyarados|spe|1\n|move|p1a: Goodra|Rock Slide|p2a: Gyarados|[spread] p2a,p2b\n|-supereffective|p2a: Gyarados\n|-damage|p2a: Gyarados|87\/100\n|-damage|p2b: Clefairy|94\/100\n|move|p1b: Sinistcha|Trick Room|p1b: Sinistcha\n|-fieldstart|move: Trick Room|[of] p1b: Sinistcha\n|\n|-heal|p1a: Goodra|76\/100|[from] item: Leftovers\n|upkeep\n|turn|4\n|\n|t:|1700196037\n|move|p2b: Clefairy|Helping Hand|p2a: Gyarados\n|-singleturn|p2a: Gyarados|Helping Hand|[of] p2b: Clefairy\n|move|p1b: Sinistcha|Protect|p1b: Sinistcha\n|-singleturn|p1b: Sinistcha|Protect\n|move|p1a: Goodra|Ice Spinner|p2a: Gyarados\n|-damage|p2a: Gyarados|77\/100\n|move|p2a: Gyarados|Earthquake|p1b: Sinistcha|[spread] p2b,p1a\n|-activate|p1b: Sinistcha|move: Protect\n|-supereffective|p1a: Goodra\n|-damage|p2b: Clefairy|40\/100\n|-damage|p1a: Goodra|0 fnt\n|faint|p1a: Goodra\n|\n|upkeep\n|turn|5\n|\n|t:|1700196055\n|move|p2b: Clefairy|Helping Hand|p2a: Gyarados\n|-singleturn|p2a: Gyarados|Helping Hand|[of] p2b: Clefairy\n|move|p1b: Sinistcha|Life Dew||[still]\n|-fail|p1b: Sinistcha|heal\n|move|p2a: Gyarados|Ice Fang|p1b: Sinistcha\n|-supereffective|p1b: Sinistcha\n|-damage|p1b: Sinistcha|13\/100\n|\n|upkeep\n|turn|6\n|\n|t:|1700196070\n|move|p1b: Sinistcha|Protect|p1b: Sinistcha\n|-singleturn|p1b: Sinistcha|Protect\n|move|p2b: Clefairy|Icy Wind|p1b: Sinistcha\n|-activate|p1b: Sinistcha|move: Protect\n|move|p2a: Gyarados|Ice Fang|p1b: Sinistcha\n|-activate|p1b: Sinistcha|move: Protect\n|\n|upkeep\n|turn|7\n|\n|t:|1700196083\n|move|p1b: Sinistcha|Rage Powder|p1b: Sinistcha\n|-singleturn|p1b: Sinistcha|move: Rage Powder\n|move|p2b: Clefairy|Icy Wind|p1b: Sinistcha\n|-supereffective|p1b: Sinistcha\n|-damage|p1b: Sinistcha|0 fnt\n|faint|p1b: Sinistcha\n|\n|win|Aragon_Neotrix\n|raw|Jazz hansd's rating: 1060 &rarr; <strong>1045<\/strong><br \/>(-15 for losing)\n|raw|Aragon_Neotrix's rating: 1132 &rarr; <strong>1152<\/strong><br \/>(+20 for winning)\n","uploadtime":1700196092,"views":17,"p1id":"jazzhansd","p2id":"aragonneotrix","formatid":"gen9vgc2023regulatione","rating":1045,"private":0,"password":""}