{"id":"gen9vgc2023regulatione-1996026353","p1":"hfcngv","p2":"phinnjs","format":"[Gen 9] VGC 2023 Regulation E","log":"|j|\u2606hfcngv\n|j|\u2606phinnjs\n|t:|1700631416\n|gametype|doubles\n|player|p1|hfcngv|elesa|1303\n|player|p2|phinnjs|elesa|1438\n|teamsize|p1|6\n|teamsize|p2|6\n|gen|9\n|tier|[Gen 9] VGC 2023 Regulation E\n|rated|\n|rule|Species Clause: Limit one of each Pok\u00e9mon\n|rule|Item Clause: Limit one of each item\n|clearpoke\n|poke|p1|Iron Hands, L50|\n|poke|p1|Ogerpon-Hearthflame, L50, F|\n|poke|p1|Tornadus, L50, M|\n|poke|p1|Landorus-Therian, L50, M|\n|poke|p1|Flutter Mane, L50|\n|poke|p1|Sinistcha-Masterpiece, L50|\n|poke|p2|Heatran, L50, M|\n|poke|p2|Moltres-Galar, L50|\n|poke|p2|Thundurus, L50, M|\n|poke|p2|Wo-Chien, L50|\n|poke|p2|Landorus-Therian, L50, M|\n|poke|p2|Urshifu-*, L50, M|\n|teampreview|4\n|\n|t:|1700631430\n|start\n|switch|p1a: Tornadus|Tornadus, L50, M|100\/100\n|switch|p1b: Ogerpon|Ogerpon-Hearthflame, L50, F|100\/100\n|switch|p2a: Thundurus|Thundurus, L50, M|100\/100\n|switch|p2b: Landorus|Landorus-Therian, L50, M|100\/100\n|-ability|p1b: Ogerpon|Mold Breaker\n|-ability|p2b: Landorus|Intimidate|boost\n|-unboost|p1a: Tornadus|atk|1\n|-unboost|p1b: Ogerpon|atk|1\n|turn|1\n|inactive|Battle timer is ON: inactive players will automatically lose when time's up. (requested by hfcngv)\n|\n|t:|1700631443\n|-terastallize|p1b: Ogerpon|Fire\n|detailschange|p1b: Ogerpon|Ogerpon-Hearthflame-Tera, L50, F, tera:Fire\n|-ability|p1b: Ogerpon|Embody Aspect (Hearthflame)|boost\n|-boost|p1b: Ogerpon|atk|1\n|move|p2a: Thundurus|Taunt|p1a: Tornadus\n|-start|p1a: Tornadus|move: Taunt\n|cant|p1a: Tornadus|move: Taunt|Tailwind\n|move|p1b: Ogerpon|Ivy Cudgel|p2b: Landorus|[anim] Ivy Cudgel Fire\n|-damage|p2b: Landorus|0 fnt\n|faint|p2b: Landorus\n|\n|upkeep\n|\n|t:|1700631456\n|switch|p2b: Heatran|Heatran, L50, M|100\/100\n|turn|2\n|\n|t:|1700631462\n|move|p2a: Thundurus|Thunderbolt|p1a: Tornadus\n|-supereffective|p1a: Tornadus\n|-damage|p1a: Tornadus|25\/100\n|move|p1b: Ogerpon|Stomping Tantrum|p2b: Heatran\n|-supereffective|p2b: Heatran\n|-damage|p2b: Heatran|4\/100\n|move|p1a: Tornadus|Bleakwind Storm|p2a: Thundurus|[spread] p2a,p2b\n|-resisted|p2a: Thundurus\n|-resisted|p2b: Heatran\n|-damage|p2a: Thundurus|80\/100\n|-damage|p2b: Heatran|0 fnt\n|faint|p2b: Heatran\n|\n|upkeep\n|\n|t:|1700631472\n|switch|p2b: Moltres|Moltres-Galar, L50|100\/100\n|turn|3\n|\n|t:|1700631476\n|move|p2a: Thundurus|Thunderbolt|p1b: Ogerpon\n|-damage|p1b: Ogerpon|56\/100\n|move|p1b: Ogerpon|Ivy Cudgel|p2b: Moltres|[anim] Ivy Cudgel Fire\n|-damage|p2b: Moltres|30\/100\n|-ability|p2b: Moltres|Berserk|boost\n|-boost|p2b: Moltres|spa|1\n|-enditem|p2b: Moltres|Sitrus Berry|[eat]\n|-heal|p2b: Moltres|55\/100|[from] item: Sitrus Berry\n|move|p1a: Tornadus|Bleakwind Storm|p2a: Thundurus|[spread] p2a,p2b\n|-resisted|p2a: Thundurus\n|-damage|p2a: Thundurus|62\/100\n|-damage|p2b: Moltres|29\/100\n|-ability|p2b: Moltres|Berserk|boost\n|-boost|p2b: Moltres|spa|1\n|move|p2b: Moltres|Fiery Wrath|p1a: Tornadus|[spread] p1a,p1b\n|-damage|p1a: Tornadus|0 fnt\n|-damage|p1b: Ogerpon|0 fnt\n|faint|p1a: Tornadus\n|faint|p1b: Ogerpon\n|\n|upkeep\n|\n|t:|1700631491\n|switch|p1b: Flutter Mane|Flutter Mane, L50|100\/100\n|switch|p1a: Iron Hands|Iron Hands, L50|100\/100\n|turn|4\n|\n|t:|1700631499\n|move|p2b: Moltres|Protect|p2b: Moltres\n|-singleturn|p2b: Moltres|Protect\n|move|p1a: Iron Hands|Fake Out|p2b: Moltres\n|-activate|p2b: Moltres|move: Protect\n|move|p2a: Thundurus|Scary Face|p1b: Flutter Mane\n|-unboost|p1b: Flutter Mane|spe|2\n|move|p1b: Flutter Mane|Dazzling Gleam|p2a: Thundurus|[spread] p2a\n|-activate|p2b: Moltres|move: Protect\n|-damage|p2a: Thundurus|8\/100\n|\n|upkeep\n|turn|5\n|\n|t:|1700631514\n|-terastallize|p2b: Moltres|Poison\n|move|p2a: Thundurus|Eerie Impulse|p1b: Flutter Mane\n|-unboost|p1b: Flutter Mane|spa|2\n|move|p2b: Moltres|Fiery Wrath|p1b: Flutter Mane|[spread] p1a,p1b\n|-resisted|p1a: Iron Hands\n|-damage|p1a: Iron Hands|86\/100\n|-damage|p1b: Flutter Mane|40\/100\n|move|p1b: Flutter Mane|Dazzling Gleam|p2a: Thundurus|[spread] p2a,p2b\n|-resisted|p2b: Moltres\n|-damage|p2a: Thundurus|0 fnt\n|-damage|p2b: Moltres|21\/100\n|faint|p2a: Thundurus\n|move|p1a: Iron Hands|Wild Charge|p2b: Moltres\n|-damage|p2b: Moltres|0 fnt\n|faint|p2b: Moltres\n|-damage|p1a: Iron Hands|82\/100|[from] Recoil\n|\n|win|hfcngv\n|raw|hfcngv's rating: 1303 &rarr; <strong>1330<\/strong><br \/>(+27 for winning)\n|raw|phinnjs's rating: 1438 &rarr; <strong>1411<\/strong><br \/>(-27 for losing)\n","uploadtime":1700631524,"views":0,"p1id":"hfcngv","p2id":"phinnjs","formatid":"gen9vgc2023regulatione","rating":1330,"private":0,"password":""}