{"id":"gen9vgc2023regulatione-1990253389","p1":"Ate1ier","p2":"newalttotestteams","format":"[Gen 9] VGC 2023 Regulation E","log":"|j|\u2606Ate1ier\n|j|\u2606newalttotestteams\n|t:|1699945163\n|gametype|doubles\n|player|p1|Ate1ier|170|1609\n|player|p2|newalttotestteams|n|1641\n|teamsize|p1|6\n|teamsize|p2|6\n|gen|9\n|tier|[Gen 9] VGC 2023 Regulation E\n|rated|\n|rule|Species Clause: Limit one of each Pok\u00e9mon\n|rule|Item Clause: Limit one of each item\n|clearpoke\n|poke|p1|Tornadus, L50, M|\n|poke|p1|Ogerpon-Cornerstone, L50, F|\n|poke|p1|Chi-Yu, L50|\n|poke|p1|Okidogi, L50, M|\n|poke|p1|Flutter Mane, L50|\n|poke|p1|Urshifu-*, L50, M|\n|poke|p2|Rillaboom, L50, F|\n|poke|p2|Zapdos-Galar, L50|\n|poke|p2|Ogerpon-Cornerstone, L50, F|\n|poke|p2|Chien-Pao, L50|\n|poke|p2|Tornadus, L50, M|\n|poke|p2|Flutter Mane, L50|\n|teampreview|4\nnewalttotestteams has agreed to open team sheets.\n|\n|t:|1699945191\n|start\n|switch|p1a: Tornadus|Tornadus, L50, M|100\/100\n|switch|p1b: Chi-Yu|Chi-Yu, L50|100\/100\n|switch|p2a: Tornadus|Tornadus, L50, M|100\/100\n|switch|p2b: Ogerpon|Ogerpon-Cornerstone, L50, F|100\/100\n|-ability|p1b: Chi-Yu|Beads of Ruin\n|turn|1\n|\n|t:|1699945214\n|-terastallize|p1a: Tornadus|Ground\n|move|p1a: Tornadus|Tailwind|p1a: Tornadus\n|-sidestart|p1: Ate1ier|move: Tailwind\n|move|p2a: Tornadus|Tailwind|p2a: Tornadus\n|-sidestart|p2: newalttotestteams|move: Tailwind\n|move|p1b: Chi-Yu|Heat Wave|p2a: Tornadus|[spread] p2a,p2b\n|-damage|p2a: Tornadus|39\/100\n|-damage|p2b: Ogerpon|49\/100\n|move|p2b: Ogerpon|Ivy Cudgel|p1b: Chi-Yu\n|-supereffective|p1b: Chi-Yu\n|-crit|p1b: Chi-Yu\n|-damage|p1b: Chi-Yu|0 fnt\n|faint|p1b: Chi-Yu\n|\n|upkeep\n|\n|t:|1699945225\n|switch|p1b: Ogerpon|Ogerpon-Cornerstone, L50, F|100\/100\n|turn|2\n|\n|t:|1699945250\n|move|p2a: Tornadus|Scary Face|p1b: Ogerpon\n|-unboost|p1b: Ogerpon|spe|2\n|move|p1a: Tornadus|Bleakwind Storm|p2b: Ogerpon|[spread] p2b\n|-miss|p1a: Tornadus|p2a: Tornadus\n|-damage|p2b: Ogerpon|9\/100\n|move|p2b: Ogerpon|Grassy Glide|p1b: Ogerpon\n|-damage|p1b: Ogerpon|54\/100\n|move|p1b: Ogerpon|Horn Leech|p2b: Ogerpon\n|-damage|p2b: Ogerpon|0 fnt\n|-heal|p1b: Ogerpon|59\/100|[from] drain|[of] p2b: Ogerpon\n|faint|p2b: Ogerpon\n|\n|upkeep\n|\n|t:|1699945262\n|switch|p2b: Flutter Mane|Flutter Mane, L50|100\/100\n|turn|3\n|\n|t:|1699945278\n|-terastallize|p2b: Flutter Mane|Fairy\n|move|p2a: Tornadus|Scary Face|p1a: Tornadus\n|-unboost|p1a: Tornadus|spe|2\n|move|p2b: Flutter Mane|Dazzling Gleam|p1b: Ogerpon|[spread] p1a,p1b\n|-damage|p1a: Tornadus|19\/100\n|-damage|p1b: Ogerpon|0 fnt\n|faint|p1b: Ogerpon\n|move|p1a: Tornadus|Bleakwind Storm|p2a: Tornadus|[spread] p2a,p2b\n|-damage|p2a: Tornadus|0 fnt\n|-damage|p2b: Flutter Mane|60\/100\n|-unboost|p2b: Flutter Mane|spe|1\n|faint|p2a: Tornadus\n|\n|upkeep\n|\n|t:|1699945290\n|switch|p1b: Okidogi|Okidogi, L50, M|100\/100\n|switch|p2a: Zapdos|Zapdos-Galar, L50|100\/100\n|turn|4\n|c|\u2606newalttotestteams|nooo that speed droppp\n|\n|t:|1699945313\n|move|p2a: Zapdos|Brave Bird|p1a: Tornadus\n|-damage|p1a: Tornadus|0 fnt\n|faint|p1a: Tornadus\n|-damage|p2a: Zapdos|95\/100|[from] Recoil\n|move|p2b: Flutter Mane|Dazzling Gleam|p1b: Okidogi\n|-damage|p1b: Okidogi|38\/100\n|move|p1b: Okidogi|Poison Jab|p2b: Flutter Mane\n|-supereffective|p2b: Flutter Mane\n|-damage|p2b: Flutter Mane|0 fnt\n|faint|p2b: Flutter Mane\n|-end|p2b: Flutter Mane|Protosynthesis|[silent]\n|\n|-sideend|p2: newalttotestteams|move: Tailwind\n|-sideend|p1: Ate1ier|move: Tailwind\n|upkeep\n|turn|5\n|c|\u2606newalttotestteams|ggs\n|\n|t:|1699945326\n|move|p2a: Zapdos|Brave Bird|p1b: Okidogi\n|-supereffective|p1b: Okidogi\n|-damage|p1b: Okidogi|0 fnt\n|faint|p1b: Okidogi\n|-damage|p2a: Zapdos|81\/100|[from] Recoil\n|\n|win|newalttotestteams\n|raw|Ate1ier's rating: 1609 &rarr; <strong>1591<\/strong><br \/>(-18 for losing)\n|raw|newalttotestteams's rating: 1641 &rarr; <strong>1659<\/strong><br \/>(+18 for winning)\n|c|\u2606Ate1ier|GGs\n|c|\u2606Ate1ier|good team\n|c|\u2606Ate1ier|I can't beat this\n|l|\u2606Ate1ier\n","uploadtime":1699946109,"views":17,"p1id":"ate1ier","p2id":"newalttotestteams","formatid":"gen9vgc2023regulatione","rating":1591,"private":0,"password":""}