{"id":"gen9vgc2023regulatione-1994564168","p1":"ShinyLucarioXD","p2":"Llama_Llord","format":"[Gen 9] VGC 2023 Regulation E","log":"|j|\u2606ShinyLucarioXD\n|j|\u2606Llama_Llord\n|n|\u2606ShinyLucarioXD|shinylucarioxd\n|n|\u2606Llama_Llord|llamallord\n|html|View the match progress at <a href=\"\/game-bestof3-gen9vgc2023regulatione-1994562611\">game-bestof3-gen9vgc2023regulatione-1994562611<\/a>\n|t:|1700460622\n|gametype|doubles\n|player|p1|ShinyLucarioXD|riley|\n|player|p2|Llama_Llord|169|\n|teamsize|p1|6\n|teamsize|p2|6\n|gen|9\n|tier|[Gen 9] VGC 2023 Regulation E\n|rule|Species Clause: Limit one of each Pok\u00e9mon\n|rule|Item Clause: Limit one of each item\n|clearpoke\n|poke|p1|Jolteon, L50, M|\n|poke|p1|Gyarados, L50, M|\n|poke|p1|Gliscor, L50, M|\n|poke|p1|Amoonguss, L50, M|\n|poke|p1|Arcanine-Hisui, L50, M|\n|poke|p1|Gholdengo, L50|\n|poke|p2|Chandelure, L50, M|\n|poke|p2|Grimmsnarl, L50, M|\n|poke|p2|Amoonguss, L50, F|\n|poke|p2|Glimmora, L50, M|\n|poke|p2|Dondozo, L50, F|\n|poke|p2|Tatsugiri-Droopy, L50, M|\n|teampreview|4\n|inactive|Battle timer is ON: inactive players will automatically lose when time's up. (requested by ShinyLucarioXD)\nShinyLucarioXD has agreed to open team sheets.\n|j| iljone\n|inactiveoff|Battle timer is now OFF.\nLlama_Llord has agreed to open team sheets.\n|showteam|p1|Jolteon||LifeOrb|VoltAbsorb|Protect,TeraBlast,HyperVoice,Thunderbolt|||M|||50|,,,,,Ice]Gyarados||SafetyGoggles|Intimidate|Protect,Taunt,ThunderWave,Waterfall|||M|||50|,,,,,Ground]Gliscor||ToxicOrb|PoisonHeal|Protect,SwordsDance,DualWingbeat,HighHorsepower|||M|||50|,,,,,Fairy]Amoonguss||SitrusBerry|Regenerator|Protect,Spore,RagePowder,PollenPuff|||M|||50|,,,,,Water]Arcanine-Hisui||Leftovers|Intimidate|Protect,WillOWisp,RockSlide,FlareBlitz|||M|||50|,,,,,Grass]Gholdengo||ChoiceSpecs|GoodasGold|Trick,FocusBlast,ShadowBall,MakeItRain||||||50|,,,,,Steel\n|showteam|p2|Chandelure||FocusSash|FlashFire|HeatWave,Protect,ShadowBall,EnergyBall|||M|||50|,,,,,Grass]Grimmsnarl||LightClay|Prankster|Reflect,LightScreen,Taunt,SpiritBreak|||M|||50|,,,,,Ghost]Amoonguss||RockyHelmet|Regenerator|PollenPuff,RagePowder,Spore,ClearSmog|||F|||50|,,,,,Fire]Glimmora||ChoiceSpecs|ToxicDebris|EarthPower,DazzlingGleam,PowerGem,SludgeBomb|||M|||50|,,,,,Grass]Dondozo||Leftovers|Unaware|Protect,OrderUp,WaveCrash,Earthquake|||F|||50|,,,,,Flying]Tatsugiri-Droopy||SitrusBerry|Commander|IcyWind,DracoMeteor,MuddyWater,Protect|||M|||50|,,,,,Steel\n|c|\u2606ShinyLucarioXD|gl\n|c|\u2606Llama_Llord|gl\n|\n|t:|1700460714\n|start\n|switch|p1a: Kid\u014d Y\u016bto|Gholdengo, L50|100\/100\n|switch|p1b: Kira Hiroto|Gliscor, L50, M|100\/100\n|switch|p2a: Parfait|Glimmora, L50, M, shiny|100\/100\n|switch|p2b: Risotto|Amoonguss, L50, F, shiny|100\/100\n|turn|1\n|\n|t:|1700460747\n|-terastallize|p2a: Parfait|Grass\n|move|p1b: Kira Hiroto|Protect|p1b: Kira Hiroto\n|-singleturn|p1b: Kira Hiroto|Protect\n|move|p2a: Parfait|Earth Power|p1a: Kid\u014d Y\u016bto\n|-supereffective|p1a: Kid\u014d Y\u016bto\n|-damage|p1a: Kid\u014d Y\u016bto|14\/100\n|move|p1a: Kid\u014d Y\u016bto|Make It Rain|p2a: Parfait|[spread] p2a,p2b\n|-crit|p2b: Risotto\n|-damage|p2a: Parfait|15\/100\n|-damage|p2b: Risotto|16\/100\n|-unboost|p1a: Kid\u014d Y\u016bto|spa|1\n|move|p2b: Risotto|Spore|p1b: Kira Hiroto\n|-activate|p1b: Kira Hiroto|move: Protect\n|\n|-status|p1b: Kira Hiroto|tox|[from] item: Toxic Orb\n|upkeep\n|turn|2\n|\n|t:|1700460796\n|move|p2b: Risotto|Rage Powder|p2b: Risotto\n|-singleturn|p2b: Risotto|move: Rage Powder\n|move|p2a: Parfait|Earth Power|p1a: Kid\u014d Y\u016bto\n|-supereffective|p1a: Kid\u014d Y\u016bto\n|-damage|p1a: Kid\u014d Y\u016bto|0 fnt\n|faint|p1a: Kid\u014d Y\u016bto\n|move|p1b: Kira Hiroto|Dual Wingbeat|p2b: Risotto\n|-supereffective|p2b: Risotto\n|-damage|p2b: Risotto|0 fnt\n|-damage|p1b: Kira Hiroto|84\/100 tox|[from] item: Rocky Helmet|[of] p2b: Risotto\n|faint|p2b: Risotto\n|-hitcount|p2: Risotto|1\n|\n|-heal|p1b: Kira Hiroto|97\/100 tox|[from] ability: Poison Heal\n|upkeep\n|\n|t:|1700460808\n|switch|p1a: G\u014denji Sh\u016bya|Arcanine-Hisui, L50, M|100\/100\n|switch|p2b: Buri Daikon|Tatsugiri-Droopy, L50, M, shiny|100\/100\n|-ability|p1a: G\u014denji Sh\u016bya|Intimidate|boost\n|-unboost|p2a: Parfait|atk|1\n|-unboost|p2b: Buri Daikon|atk|1\n|turn|3\n|\n|t:|1700460825\n|switch|p2a: Souffl\u00e9|Chandelure, L50, M, shiny|100\/100\n|-terastallize|p1a: G\u014denji Sh\u016bya|Grass\n|move|p2b: Buri Daikon|Icy Wind|p1b: Kira Hiroto|[spread] p1a,p1b\n|-supereffective|p1a: G\u014denji Sh\u016bya\n|-supereffective|p1b: Kira Hiroto\n|-damage|p1a: G\u014denji Sh\u016bya|69\/100\n|-damage|p1b: Kira Hiroto|34\/100 tox\n|-unboost|p1a: G\u014denji Sh\u016bya|spe|1\n|-unboost|p1b: Kira Hiroto|spe|1\n|move|p1a: G\u014denji Sh\u016bya|Rock Slide|p2b: Buri Daikon|[spread] \n|-miss|p1a: G\u014denji Sh\u016bya|p2a: Souffl\u00e9\n|-miss|p1a: G\u014denji Sh\u016bya|p2b: Buri Daikon\n|move|p1b: Kira Hiroto|Dual Wingbeat|p2b: Buri Daikon\n|-damage|p2b: Buri Daikon|64\/100\n|-damage|p2b: Buri Daikon|30\/100\n|-enditem|p2b: Buri Daikon|Sitrus Berry|[eat]\n|-heal|p2b: Buri Daikon|54\/100|[from] item: Sitrus Berry\n|-hitcount|p2b: Buri Daikon|2\n|\n|-heal|p1a: G\u014denji Sh\u016bya|75\/100|[from] item: Leftovers\n|-heal|p1b: Kira Hiroto|47\/100 tox|[from] ability: Poison Heal\n|upkeep\n|turn|4\n|\n|t:|1700460850\n|move|p1a: G\u014denji Sh\u016bya|Protect|p1a: G\u014denji Sh\u016bya\n|-singleturn|p1a: G\u014denji Sh\u016bya|Protect\n|move|p1b: Kira Hiroto|Protect|p1b: Kira Hiroto\n|-singleturn|p1b: Kira Hiroto|Protect\n|move|p2b: Buri Daikon|Icy Wind|p1b: Kira Hiroto|[spread] \n|-activate|p1a: G\u014denji Sh\u016bya|move: Protect\n|-activate|p1b: Kira Hiroto|move: Protect\n|move|p2a: Souffl\u00e9|Heat Wave|p1a: G\u014denji Sh\u016bya|[spread] \n|-activate|p1a: G\u014denji Sh\u016bya|move: Protect\n|-activate|p1b: Kira Hiroto|move: Protect\n|\n|-heal|p1a: G\u014denji Sh\u016bya|81\/100|[from] item: Leftovers\n|-heal|p1b: Kira Hiroto|59\/100 tox|[from] ability: Poison Heal\n|upkeep\n|turn|5\n|\n|t:|1700460873\n|switch|p1b: End\u014d Mamoru|Jolteon, L50, M|100\/100\n|move|p2a: Souffl\u00e9|Protect|p2a: Souffl\u00e9\n|-singleturn|p2a: Souffl\u00e9|Protect\n|move|p2b: Buri Daikon|Icy Wind|p1a: G\u014denji Sh\u016bya|[spread] p1a,p1b\n|-supereffective|p1a: G\u014denji Sh\u016bya\n|-crit|p1b: End\u014d Mamoru\n|-damage|p1a: G\u014denji Sh\u016bya|50\/100\n|-damage|p1b: End\u014d Mamoru|74\/100\n|-unboost|p1a: G\u014denji Sh\u016bya|spe|1\n|-unboost|p1b: End\u014d Mamoru|spe|1\n|move|p1a: G\u014denji Sh\u016bya|Rock Slide|p2a: Souffl\u00e9|[spread] p2b\n|-activate|p2a: Souffl\u00e9|move: Protect\n|-damage|p2b: Buri Daikon|3\/100\n|\n|-heal|p1a: G\u014denji Sh\u016bya|57\/100|[from] item: Leftovers\n|upkeep\n|turn|6\n|\n|t:|1700460890\n|move|p1b: End\u014d Mamoru|Protect|p1b: End\u014d Mamoru\n|-singleturn|p1b: End\u014d Mamoru|Protect\n|move|p1a: G\u014denji Sh\u016bya|Protect|p1a: G\u014denji Sh\u016bya\n|-singleturn|p1a: G\u014denji Sh\u016bya|Protect\n|move|p2b: Buri Daikon|Icy Wind|p1b: End\u014d Mamoru|[spread] \n|-activate|p1a: G\u014denji Sh\u016bya|move: Protect\n|-activate|p1b: End\u014d Mamoru|move: Protect\n|move|p2a: Souffl\u00e9|Heat Wave|p1a: G\u014denji Sh\u016bya|[spread] \n|-activate|p1a: G\u014denji Sh\u016bya|move: Protect\n|-activate|p1b: End\u014d Mamoru|move: Protect\n|\n|-heal|p1a: G\u014denji Sh\u016bya|63\/100|[from] item: Leftovers\n|upkeep\n|turn|7\n|\n|t:|1700460904\n|move|p1a: G\u014denji Sh\u016bya|Protect|p1a: G\u014denji Sh\u016bya\n|-singleturn|p1a: G\u014denji Sh\u016bya|Protect\n|move|p2b: Buri Daikon|Icy Wind|p1b: End\u014d Mamoru|[spread] p1b\n|-activate|p1a: G\u014denji Sh\u016bya|move: Protect\n|-damage|p1b: End\u014d Mamoru|57\/100\n|-unboost|p1b: End\u014d Mamoru|spe|1\n|move|p2a: Souffl\u00e9|Heat Wave|p1b: End\u014d Mamoru|[spread] p1b\n|-activate|p1a: G\u014denji Sh\u016bya|move: Protect\n|-damage|p1b: End\u014d Mamoru|6\/100\n|move|p1b: End\u014d Mamoru|Thunderbolt|p2b: Buri Daikon\n|-damage|p2b: Buri Daikon|0 fnt\n|faint|p2b: Buri Daikon\n|-damage|p1b: End\u014d Mamoru|0 fnt|[from] item: Life Orb\n|faint|p1b: End\u014d Mamoru\n|\n|-heal|p1a: G\u014denji Sh\u016bya|69\/100|[from] item: Leftovers\n|upkeep\n|\n|t:|1700460921\n|switch|p1b: Kira Hiroto|Gliscor, L50, M|59\/100 tox\n|switch|p2b: Parfait|Glimmora, L50, M, shiny, tera:Grass|15\/100\n|turn|8\n|\n|t:|1700460961\n|move|p2b: Parfait|Power Gem|p1b: Kira Hiroto\n|-damage|p1b: Kira Hiroto|0 fnt\n|faint|p1b: Kira Hiroto\n|move|p2a: Souffl\u00e9|Heat Wave|p1a: G\u014denji Sh\u016bya\n|-supereffective|p1a: G\u014denji Sh\u016bya\n|-damage|p1a: G\u014denji Sh\u016bya|0 fnt\n|faint|p1a: G\u014denji Sh\u016bya\n|\n|win|Llama_Llord\n|c|\u2606ShinyLucarioXD|gg\n|c|\u2606Llama_Llord|ggs\n","uploadtime":1700460967,"views":33,"p1id":"shinylucarioxd","p2id":"llamallord","formatid":"gen9vgc2023regulatione","rating":0,"private":0,"password":""}