{"id":"gen9vgc2023regulatione-1988801155","p1":"kricketot marx","p2":"awesomemanawesome2","format":"[Gen 9] VGC 2023 Regulation E","log":"|j|\u2606kricketot marx\n|j|\u2606awesomemanawesome2\n|t:|1699765084\n|gametype|doubles\n|player|p1|kricketot marx|lyra-masters2|1334\n|player|p2|awesomemanawesome2|teamrocket|1351\n|teamsize|p1|6\n|teamsize|p2|6\n|gen|9\n|tier|[Gen 9] VGC 2023 Regulation E\n|rated|\n|rule|Species Clause: Limit one of each Pok\u00e9mon\n|rule|Item Clause: Limit one of each item\n|clearpoke\n|poke|p1|Chien-Pao, L50|\n|poke|p1|Dragonite, L50, F|\n|poke|p1|Rillaboom, L50, M|\n|poke|p1|Heatran, L50, M|\n|poke|p1|Urshifu-*, L50, M|\n|poke|p1|Farigiraf, L50, M|\n|poke|p2|Chi-Yu, L50|\n|poke|p2|Tornadus, L50, M|\n|poke|p2|Flutter Mane, L50|\n|poke|p2|Amoonguss, L50, F|\n|poke|p2|Dondozo, L50, M|\n|poke|p2|Tatsugiri, L50, M|\n|teampreview|4\nkricketot marx has agreed to open team sheets.\n|inactive|Battle timer is ON: inactive players will automatically lose when time's up. (requested by kricketot marx)\n|\n|t:|1699765167\n|start\n|switch|p1a: Rillaboom|Rillaboom, L50, M|100\/100\n|switch|p1b: Urshifu|Urshifu-Rapid-Strike, L50, M|100\/100\n|switch|p2a: Torna|Tornadus, L50, M|100\/100\n|switch|p2b: Flunt|Flutter Mane, L50|100\/100\n|-fieldstart|move: Grassy Terrain|[from] ability: Grassy Surge|[of] p1a: Rillaboom\n|turn|1\n|\n|t:|1699765184\n|switch|p1b: Chien-Pao|Chien-Pao, L50|100\/100\n|-ability|p1b: Chien-Pao|Sword of Ruin\n|-terastallize|p1a: Rillaboom|Grass\n|move|p2a: Torna|Tailwind|p2a: Torna\n|-sidestart|p2: awesomemanawesome2|move: Tailwind\n|move|p1a: Rillaboom|Grassy Glide|p2b: Flunt\n|-enditem|p2b: Flunt|Focus Sash\n|-damage|p2b: Flunt|1\/100\n|move|p2b: Flunt|Moonblast|p1b: Chien-Pao\n|-supereffective|p1b: Chien-Pao\n|-enditem|p1b: Chien-Pao|Focus Sash\n|-damage|p1b: Chien-Pao|1\/100\n|\n|-heal|p2b: Flunt|7\/100|[from] Grassy Terrain\n|-heal|p1b: Chien-Pao|7\/100|[from] Grassy Terrain\n|upkeep\n|turn|2\n|\n|t:|1699765204\n|switch|p1b: Heatran|Heatran, L50, M|100\/100\n|move|p2b: Flunt|Protect|p2b: Flunt\n|-singleturn|p2b: Flunt|Protect\n|move|p1a: Rillaboom|Protect|p1a: Rillaboom\n|-singleturn|p1a: Rillaboom|Protect\n|move|p2a: Torna|Bleakwind Storm|p1b: Heatran|[spread] p1b\n|-activate|p1a: Rillaboom|move: Protect\n|-resisted|p1b: Heatran\n|-damage|p1b: Heatran|91\/100\n|\n|-heal|p2b: Flunt|14\/100|[from] Grassy Terrain\n|-heal|p1b: Heatran|97\/100|[from] Grassy Terrain\n|upkeep\n|turn|3\n|\n|t:|1699765226\n|move|p1a: Rillaboom|Grassy Glide|p2b: Flunt\n|-damage|p2b: Flunt|0 fnt\n|faint|p2b: Flunt\n|-end|p2b: Flunt|Protosynthesis|[silent]\n|move|p2a: Torna|Bleakwind Storm|p1b: Heatran|[spread] p1a\n|-miss|p2a: Torna|p1b: Heatran\n|-supereffective|p1a: Rillaboom\n|-damage|p1a: Rillaboom|25\/100\n|move|p1b: Heatran|Heat Wave|p2a: Torna|[miss]\n|-miss|p1b: Heatran|p2a: Torna\n|\n|-heal|p1b: Heatran|100\/100|[from] Grassy Terrain\n|-heal|p1a: Rillaboom|32\/100|[from] Grassy Terrain\n|upkeep\n|\n|t:|1699765238\n|switch|p2b: sus reference|Amoonguss, L50, F|100\/100\n|turn|4\n|inactive|kricketot marx has 30 seconds left.\n|inactive|awesomemanawesome2 has 30 seconds left.\n|inactive|awesomemanawesome2 has 20 seconds left.\n|\n|t:|1699765277\n|-terastallize|p2b: sus reference|Dark\n|move|p1a: Rillaboom|Grassy Glide|p2a: Torna\n|-resisted|p2a: Torna\n|-damage|p2a: Torna|64\/100\n|move|p2a: Torna|Bleakwind Storm|p1b: Heatran|[spread] p1a,p1b\n|-supereffective|p1a: Rillaboom\n|-resisted|p1b: Heatran\n|-damage|p1a: Rillaboom|0 fnt\n|-damage|p1b: Heatran|92\/100\n|faint|p1a: Rillaboom\n|move|p1b: Heatran|Heat Wave|p2a: Torna|[spread] p2a,p2b\n|-damage|p2a: Torna|20\/100\n|-damage|p2b: sus reference|73\/100\n|move|p2b: sus reference|Foul Play|p1b: Heatran\n|-damage|p1b: Heatran|70\/100\n|\n|-heal|p1b: Heatran|77\/100|[from] Grassy Terrain\n|-heal|p2b: sus reference|79\/100|[from] Grassy Terrain\n|-sideend|p2: awesomemanawesome2|move: Tailwind\n|upkeep\n|\n|t:|1699765297\n|switch|p1a: Chien-Pao|Chien-Pao, L50|7\/100\n|-ability|p1a: Chien-Pao|Sword of Ruin\n|turn|5\n|inactive|awesomemanawesome2 has 30 seconds left.\n|inactive|awesomemanawesome2 has 20 seconds left.\n|inactive|awesomemanawesome2 has 15 seconds left.\n|inactive|awesomemanawesome2 has 10 seconds left.\n|\n|t:|1699765345\n|move|p1a: Chien-Pao|Protect|p1a: Chien-Pao\n|-singleturn|p1a: Chien-Pao|Protect\n|move|p2a: Torna|Tailwind|p2a: Torna\n|-sidestart|p2: awesomemanawesome2|move: Tailwind\n|move|p1b: Heatran|Heat Wave|p2b: sus reference|[spread] p2a,p2b\n|-damage|p2a: Torna|0 fnt\n|-damage|p2b: sus reference|52\/100\n|faint|p2a: Torna\n|move|p2b: sus reference|Pollen Puff|p1a: Chien-Pao\n|-activate|p1a: Chien-Pao|move: Protect\n|\n|-heal|p1a: Chien-Pao|13\/100|[from] Grassy Terrain\n|-heal|p1b: Heatran|83\/100|[from] Grassy Terrain\n|-heal|p2b: sus reference|58\/100|[from] Grassy Terrain\n|-fieldend|move: Grassy Terrain\n|upkeep\n|\n|t:|1699765347\n|switch|p2a: bi mu|Chi-Yu, L50|100\/100\n|-ability|p2a: bi mu|Beads of Ruin\n|turn|6\n|inactive|kricketot marx has 30 seconds left.\n|\n|t:|1699765379\n|move|p2b: sus reference|Rage Powder|p2b: sus reference\n|-singleturn|p2b: sus reference|move: Rage Powder\n|move|p2a: bi mu|Dark Pulse|p1b: Heatran\n|-damage|p1b: Heatran|31\/100\n|move|p1a: Chien-Pao|Sacred Sword|p2b: sus reference\n|-supereffective|p2b: sus reference\n|-damage|p2b: sus reference|0 fnt\n|-damage|p1a: Chien-Pao|0 fnt|[from] item: Rocky Helmet|[of] p2b: sus reference\n|faint|p2b: sus reference\n|faint|p1a: Chien-Pao\n|move|p1b: Heatran|Flash Cannon|p2a: bi mu\n|-resisted|p2a: bi mu\n|-damage|p2a: bi mu|73\/100\n|\n|upkeep\n|\n|t:|1699765387\n|switch|p1a: Urshifu|Urshifu-Rapid-Strike, L50, M|100\/100\n|turn|7\n|\n|t:|1699765393\n|move|p2a: bi mu|Dark Pulse|p1b: Heatran\n|-damage|p1b: Heatran|0 fnt\n|faint|p1b: Heatran\n|move|p1a: Urshifu|Surging Strikes|p2a: bi mu\n|-supereffective|p2a: bi mu\n|-crit|p2a: bi mu\n|-damage|p2a: bi mu|0 fnt\n|faint|p2a: bi mu\n|-hitcount|p2: bi mu|1\n|\n|win|kricketot marx\n|raw|kricketot marx's rating: 1334 &rarr; <strong>1355<\/strong><br \/>(+21 for winning)\n|raw|awesomemanawesome2's rating: 1351 &rarr; <strong>1330<\/strong><br \/>(-21 for losing)\n|l|\u2606awesomemanawesome2\n","uploadtime":1699765401,"views":9,"p1id":"kricketotmarx","p2id":"awesomemanawesome2","formatid":"gen9vgc2023regulatione","rating":1330,"private":0,"password":""}