{"id":"gen9vgc2023regulatione-1991535194","p1":"TepyMx","p2":"RiddiEinSnickers","format":"[Gen 9] VGC 2023 Regulation E","log":"|j|\u2606TepyMx\n|j|\u2606RiddiEinSnickers\n|t:|1700085918\n|gametype|doubles\n|player|p1|TepyMx|170|1345\n|player|p2|RiddiEinSnickers|266|1372\n|teamsize|p1|6\n|teamsize|p2|6\n|gen|9\n|tier|[Gen 9] VGC 2023 Regulation E\n|rated|\n|rule|Species Clause: Limit one of each Pok\u00e9mon\n|rule|Item Clause: Limit one of each item\n|clearpoke\n|poke|p1|Iron Hands, L50|\n|poke|p1|Heatran, L50, F|\n|poke|p1|Thundurus, L50, M|\n|poke|p1|Weezing, L50, F|\n|poke|p1|Zapdos-Galar, L50|\n|poke|p1|Sinistcha-Masterpiece, L50|\n|poke|p2|Glimmora, L50, M|\n|poke|p2|Tatsugiri, L50, F|\n|poke|p2|Dondozo, L50, F|\n|poke|p2|Annihilape, L50, F|\n|poke|p2|Flutter Mane, L50|\n|poke|p2|Chi-Yu, L50|\n|teampreview|4\n|inactive|Battle timer is ON: inactive players will automatically lose when time's up. (requested by TepyMx)\n|\n|t:|1700085946\n|start\n|switch|p1a: Iron Hands|Iron Hands, L50|100\/100\n|switch|p1b: Weezing|Weezing, L50, F|100\/100\n|switch|p2a: Flutter Mane|Flutter Mane, L50|100\/100\n|switch|p2b: Annihilape|Annihilape, L50, F|100\/100\n|-ability|p1b: Weezing|Neutralizing Gas\n|-enditem|p2a: Flutter Mane|Booster Energy\n|-activate|p2a: Flutter Mane|ability: Protosynthesis|[fromitem]\n|-start|p2a: Flutter Mane|protosynthesisspe\n|turn|1\n|\n|t:|1700085965\n|move|p2a: Flutter Mane|Protect|p2a: Flutter Mane\n|-singleturn|p2a: Flutter Mane|Protect\n|move|p2b: Annihilape|Taunt|p1b: Weezing\n|-start|p1b: Weezing|move: Taunt\n|cant|p1b: Weezing|move: Taunt|Will-O-Wisp\n|move|p1a: Iron Hands|Wild Charge|p2a: Flutter Mane\n|-activate|p2a: Flutter Mane|move: Protect\n|\n|upkeep\n|turn|2\n|\n|t:|1700085984\n|move|p2a: Flutter Mane|Dazzling Gleam|p1a: Iron Hands|[spread] p1a,p1b\n|-supereffective|p1a: Iron Hands\n|-resisted|p1b: Weezing\n|-damage|p1a: Iron Hands|62\/100\n|-damage|p1b: Weezing|87\/100\n|move|p2b: Annihilape|Bulk Up|p2b: Annihilape\n|-boost|p2b: Annihilape|atk|1\n|-boost|p2b: Annihilape|def|1\n|move|p1b: Weezing|Sludge Bomb|p2a: Flutter Mane\n|-damage|p2a: Flutter Mane|73\/100\n|move|p1a: Iron Hands|Swords Dance|p1a: Iron Hands\n|-boost|p1a: Iron Hands|atk|2\n|\n|-heal|p1a: Iron Hands|68\/100|[from] item: Leftovers\n|upkeep\n|turn|3\n|inactive|RiddiEinSnickers has 30 seconds left.\n|inactive|RiddiEinSnickers has 20 seconds left.\n|inactive|RiddiEinSnickers has 15 seconds left.\n|\n|t:|1700086025\n|-end|p1b: Weezing|ability: Neutralizing Gas\n|switch|p1b: Sinistcha|Sinistcha-Masterpiece, L50|100\/100\n|-heal|p1a: Iron Hands|93\/100|[from] ability: Hospitality|[of] p1b: Sinistcha\n|move|p2a: Flutter Mane|Protect|p2a: Flutter Mane\n|-singleturn|p2a: Flutter Mane|Protect\n|move|p2b: Annihilape|Rage Fist|p1b: Sinistcha\n|-supereffective|p1b: Sinistcha\n|-damage|p1b: Sinistcha|29\/100\n|-damage|p2b: Annihilape|84\/100|[from] item: Rocky Helmet|[of] p1b: Sinistcha\n|move|p1a: Iron Hands|Wild Charge|p2a: Flutter Mane\n|-activate|p2a: Flutter Mane|move: Protect\n|\n|-heal|p1a: Iron Hands|99\/100|[from] item: Leftovers\n|upkeep\n|turn|4\n|inactive|RiddiEinSnickers has 30 seconds left.\n|inactive|RiddiEinSnickers has 20 seconds left.\n|\n|t:|1700086060\n|move|p1b: Sinistcha|Protect|p1b: Sinistcha\n|-singleturn|p1b: Sinistcha|Protect\n|move|p2a: Flutter Mane|Dazzling Gleam|p1a: Iron Hands|[spread] p1a\n|-activate|p1b: Sinistcha|move: Protect\n|-supereffective|p1a: Iron Hands\n|-damage|p1a: Iron Hands|56\/100\n|move|p2b: Annihilape|Bulk Up|p2b: Annihilape\n|-boost|p2b: Annihilape|atk|1\n|-boost|p2b: Annihilape|def|1\n|move|p1a: Iron Hands|Wild Charge|p2a: Flutter Mane\n|-damage|p2a: Flutter Mane|0 fnt\n|faint|p2a: Flutter Mane\n|-end|p2a: Flutter Mane|Protosynthesis|[silent]\n|-damage|p1a: Iron Hands|45\/100|[from] Recoil\n|\n|-heal|p1a: Iron Hands|52\/100|[from] item: Leftovers\n|upkeep\n|\n|t:|1700086075\n|switch|p2a: Dondozo|Dondozo, L50, F|100\/100\n|turn|5\n|\n|t:|1700086092\n|switch|p1b: Weezing|Weezing, L50, F|87\/100\n|-ability|p1b: Weezing|Neutralizing Gas\n|-terastallize|p2a: Dondozo|Dragon\n|move|p2b: Annihilape|Rage Fist|p1b: Weezing\n|-damage|p1b: Weezing|46\/100\n|move|p1a: Iron Hands|Drain Punch|p2a: Dondozo\n|-damage|p2a: Dondozo|58\/100\n|-heal|p1a: Iron Hands|73\/100|[from] drain|[of] p2a: Dondozo\n|move|p2a: Dondozo|Wave Crash|p1a: Iron Hands\n|-damage|p1a: Iron Hands|42\/100\n|-damage|p2a: Dondozo|47\/100|[from] Recoil\n|\n|-heal|p1a: Iron Hands|48\/100|[from] item: Leftovers\n|-heal|p2a: Dondozo|53\/100|[from] item: Leftovers\n|upkeep\n|turn|6\n|\n|t:|1700086116\n|switch|p2b: Tatsugiri|Tatsugiri, L50, F|100\/100\n|-activate|p2b: Tatsugiri|ability: Commander|[of] p2a: Dondozo\n|-boost|p2a: Dondozo|atk|2\n|-boost|p2a: Dondozo|spa|2\n|-boost|p2a: Dondozo|spe|2\n|-boost|p2a: Dondozo|def|2\n|-boost|p2a: Dondozo|spd|2\n|move|p1b: Weezing|Protect|p1b: Weezing\n|-singleturn|p1b: Weezing|Protect\n|move|p2a: Dondozo|Earthquake|p1a: Iron Hands|[spread] p1a\n|-miss|p2a: Dondozo|p2b: Tatsugiri\n|-activate|p1b: Weezing|move: Protect\n|-supereffective|p1a: Iron Hands\n|-damage|p1a: Iron Hands|0 fnt\n|faint|p1a: Iron Hands\n|-end|p1a: Iron Hands|Quark Drive|[silent]\n|\n|-heal|p2a: Dondozo|60\/100|[from] item: Leftovers\n|upkeep\n|\n|t:|1700086137\n|switch|p1a: Heatran|Heatran, L50, F|100\/100\n|turn|7\n|\n|t:|1700086153\n|-terastallize|p1a: Heatran|Grass\n|move|p2a: Dondozo|Wave Crash|p1b: Weezing\n|-damage|p1b: Weezing|0 fnt\n|faint|p1b: Weezing\n|-end|p1b: Weezing|ability: Neutralizing Gas\n|-damage|p2a: Dondozo|49\/100|[from] Recoil\n|move|p1a: Heatran|Earth Power|p2a: Dondozo\n|-crit|p2a: Dondozo\n|-damage|p2a: Dondozo|11\/100\n|\n|-heal|p2a: Dondozo|18\/100|[from] item: Leftovers\n|upkeep\n|\n|t:|1700086166\n|switch|p1b: Sinistcha|Sinistcha-Masterpiece, L50|29\/100\n|turn|8\n|\n|t:|1700086179\n|move|p2a: Dondozo|Order Up|p1b: Sinistcha\n|-damage|p1b: Sinistcha|0 fnt\n|faint|p1b: Sinistcha\n|-boost|p2a: Dondozo|atk|1\n|move|p1a: Heatran|Earth Power|p2a: Dondozo\n|-damage|p2a: Dondozo|6\/100\n|\n|-heal|p2a: Dondozo|12\/100|[from] item: Leftovers\n|upkeep\n|turn|9\n|\n|t:|1700086191\n|move|p2a: Dondozo|Protect|p2a: Dondozo\n|-singleturn|p2a: Dondozo|Protect\n|move|p1a: Heatran|Tera Blast|p2a: Dondozo|[anim] Tera Blast Grass\n|-activate|p2a: Dondozo|move: Protect\n|\n|-heal|p2a: Dondozo|18\/100|[from] item: Leftovers\n|upkeep\n|turn|10\n|\n|t:|1700086198\n|move|p2a: Dondozo|Order Up|p1a: Heatran\n|-damage|p1a: Heatran|26\/100\n|-boost|p2a: Dondozo|atk|1\n|move|p1a: Heatran|Earth Power|p2a: Dondozo\n|-damage|p2a: Dondozo|6\/100\n|\n|-heal|p2a: Dondozo|13\/100|[from] item: Leftovers\n|upkeep\n|turn|11\n|l|\u2606TepyMx\n|inactive|TepyMx disconnected and has a minute to reconnect!\n|player|p1|\n|inactive|TepyMx has 30 seconds left.\n|inactive|TepyMx has 20 seconds left.\n|inactive|TepyMx has 15 seconds left.\n|inactive|TepyMx has 10 seconds left.\n|inactive|TepyMx has 5 seconds left.\n|-message|TepyMx lost due to inactivity.\n|\n|win|RiddiEinSnickers\n|raw|TepyMx's rating: 1345 &rarr; <strong>1327<\/strong><br \/>(-18 for losing)\n|raw|RiddiEinSnickers's rating: 1372 &rarr; <strong>1390<\/strong><br \/>(+18 for winning)\n","uploadtime":1700086261,"views":29,"p1id":"tepymx","p2id":"riddieinsnickers","formatid":"gen9vgc2023regulatione","rating":1327,"private":0,"password":""}