{"id":"gen9vgc2023regulatione-1998012112","p1":"kn17","p2":"Fancy Cucudrula","format":"[Gen 9] VGC 2023 Regulation E","log":"|j|\u2606kn17\n|j|\u2606Fancy Cucudrula\n|n|\u2606kn17|kn17\n|n|\u2606Fancy Cucudrula|fancycucudrula\n|html|View the match progress at <a href=\"\/game-bestof3-gen9vgc2023regulatione-1998009184\">game-bestof3-gen9vgc2023regulatione-1998009184<\/a>\n|t:|1700878816\n|gametype|doubles\n|player|p1|kn17|worker|\n|player|p2|Fancy Cucudrula|valerie|\n|teamsize|p1|6\n|teamsize|p2|6\n|gen|9\n|tier|[Gen 9] VGC 2023 Regulation E\n|rule|Species Clause: Limit one of each Pok\u00e9mon\n|rule|Item Clause: Limit one of each item\n|clearpoke\n|poke|p1|Roaring Moon, L50|\n|poke|p1|Amoonguss, L50, M|\n|poke|p1|Landorus-Therian, L50, M|\n|poke|p1|Heatran, L50, F|\n|poke|p1|Iron Hands, L50|\n|poke|p1|Gholdengo, L50|\n|poke|p2|Flutter Mane, L50|\n|poke|p2|Amoonguss, L50, M|\n|poke|p2|Heatran, L50, F|\n|poke|p2|Iron Hands, L50|\n|poke|p2|Landorus-Therian, L50, M|\n|poke|p2|Chien-Pao, L50|\n|teampreview|4\n|inactive|Battle timer is ON: inactive players will automatically lose when time's up. (requested by Fancy Cucudrula)\nFancy Cucudrula has agreed to open team sheets.\n|c|\u2606Fancy Cucudrula|EL ots\n|c|\u2606Fancy Cucudrula|KANOON\n|c|\u2606Fancy Cucudrula|EL OTS\nkn17 has agreed to open team sheets.\n|showteam|p1|Roaring Moon||BoosterEnergy|Protosynthesis|Acrobatics,KnockOff,DragonDance,Protect||||||50|,,,,,Flying]Amoonguss||RockyHelmet|Regenerator|Spore,RagePowder,PollenPuff,Protect|||M|||50|,,,,,Water]Landorus-Therian||ChoiceScarf|Intimidate|StompingTantrum,TeraBlast,RockSlide,Uturn|||M|||50|,,,,,Flying]Heatran||ShucaBerry|FlashFire|HeatWave,EarthPower,FlashCannon,Protect|||F|||50|,,,,,Fairy]Iron Hands||AssaultVest|QuarkDrive|DrainPunch,WildCharge,HeavySlam,FakeOut||||||50|,,,,,Water]Gholdengo||Leftovers|GoodasGold|NastyPlot,ShadowBall,MakeItRain,Protect||||||50|,,,,,Dragon\n|showteam|p2|Flutter Mane||ChoiceSpecs|Protosynthesis|DazzlingGleam,Moonblast,ShadowBall,PerishSong||||||50|,,,,,Fairy]Amoonguss||RockyHelmet|Regenerator|RagePowder,PollenPuff,Spore,Protect|||M|||50|,,,,,Water]Heatran||SafetyGoggles|FlashFire|HeatWave,EarthPower,FlashCannon,Protect|||F|||50|,,,,,Fairy]Iron Hands||AssaultVest|QuarkDrive|DrainPunch,WildCharge,HeavySlam,FakeOut||||||50|,,,,,Water]Landorus-Therian||ChoiceScarf|Intimidate|StompingTantrum,TeraBlast,RockSlide,Uturn|||M|||50|,,,,,Flying]Chien-Pao||FocusSash|SwordofRuin|IceSpinner,SuckerPunch,Haze,Protect||||||50|,,,,,Ghost\n|c|\u2606kn17|cierto.. es q yo veo esa vaina 1 ves y no la veo mas xD\n|inactive|kn17 has 30 seconds left.\n|inactive|Fancy Cucudrula has 30 seconds left.\n|c|\u2606Fancy Cucudrula|JAJAJAJAA\n|inactive|kn17 has 20 seconds left.\n|inactive|kn17 has 15 seconds left.\n|inactive|Fancy Cucudrula has 20 seconds left.\n|inactive|kn17 has 10 seconds left.\n|\n|t:|1700878891\n|start\n|switch|p1a: Amoonguss|Amoonguss, L50, M|100\/100\n|switch|p1b: Landorus|Landorus-Therian, L50, M, shiny|100\/100\n|switch|p2a: Luquisha|Landorus-Therian, L50, M|100\/100\n|switch|p2b: Mistress|Iron Hands, L50, shiny|100\/100\n|-ability|p1b: Landorus|Intimidate|boost\n|-unboost|p2a: Luquisha|atk|1\n|-unboost|p2b: Mistress|atk|1\n|-ability|p2a: Luquisha|Intimidate|boost\n|-unboost|p1a: Amoonguss|atk|1\n|-unboost|p1b: Landorus|atk|1\n|turn|1\n|inactive|kn17 has 30 seconds left.\n|inactive|kn17 has 20 seconds left.\n|inactive|kn17 has 15 seconds left.\n|\n|t:|1700878933\n|move|p2b: Mistress|Fake Out|p1b: Landorus\n|-damage|p1b: Landorus|88\/100\n|cant|p1b: Landorus|flinch\n|move|p2a: Luquisha|U-turn|p1b: Landorus\n|-resisted|p1b: Landorus\n|-damage|p1b: Landorus|79\/100\n|\n|t:|1700878939\n|switch|p2a: Lawrence|Heatran, L50, F, shiny|100\/100|[from] U-turn\n|move|p1a: Amoonguss|Spore|p2b: Mistress\n|-status|p2b: Mistress|slp|[from] move: Spore\n|\n|upkeep\n|turn|2\n|\n|t:|1700878960\n|switch|p1b: Roaring Moon|Roaring Moon, L50|100\/100\n|-enditem|p1b: Roaring Moon|Booster Energy\n|-activate|p1b: Roaring Moon|ability: Protosynthesis|[fromitem]\n|-start|p1b: Roaring Moon|protosynthesisspe\n|move|p2a: Lawrence|Protect|p2a: Lawrence\n|-singleturn|p2a: Lawrence|Protect\n|move|p1a: Amoonguss|Protect|p1a: Amoonguss\n|-singleturn|p1a: Amoonguss|Protect\n|cant|p2b: Mistress|slp\n|\n|upkeep\n|turn|3\n|inactive|kn17 has 30 seconds left.\n|\n|t:|1700878992\n|-terastallize|p1a: Amoonguss|Water\n|move|p1a: Amoonguss|Rage Powder|p1a: Amoonguss\n|-singleturn|p1a: Amoonguss|move: Rage Powder\n|move|p1b: Roaring Moon|Knock Off|p2a: Lawrence\n|-damage|p2a: Lawrence|61\/100\n|-enditem|p2a: Lawrence|Safety Goggles|[from] move: Knock Off|[of] p1b: Roaring Moon\n|move|p2a: Lawrence|Heat Wave|p1a: Amoonguss|[spread] p1a,p1b\n|-resisted|p1a: Amoonguss\n|-resisted|p1b: Roaring Moon\n|-damage|p1a: Amoonguss|84\/100\n|-damage|p1b: Roaring Moon|83\/100\n|cant|p2b: Mistress|slp\n|\n|upkeep\n|turn|4\n|inactive|kn17 has 30 seconds left.\n|\n|t:|1700879021\n|-end|p1b: Roaring Moon|Protosynthesis|[silent]\n|switch|p1b: Landorus|Landorus-Therian, L50, M, shiny|79\/100\n|-ability|p1b: Landorus|Intimidate|boost\n|-unboost|p2a: Lawrence|atk|1\n|-unboost|p2b: Mistress|atk|1\n|move|p2a: Lawrence|Protect|p2a: Lawrence\n|-singleturn|p2a: Lawrence|Protect\n|-curestatus|p2b: Mistress|slp|[msg]\n|move|p2b: Mistress|Drain Punch|p1b: Landorus\n|-resisted|p1b: Landorus\n|-damage|p1b: Landorus|68\/100\n|move|p1a: Amoonguss|Spore|p2a: Lawrence\n|-activate|p2a: Lawrence|move: Protect\n|\n|upkeep\n|turn|5\n|\n|t:|1700879045\n|switch|p2a: Luquisha|Landorus-Therian, L50, M|100\/100\n|-ability|p2a: Luquisha|Intimidate|boost\n|-unboost|p1a: Amoonguss|atk|1\n|-unboost|p1b: Landorus|atk|1\n|move|p1b: Landorus|Stomping Tantrum|p2b: Mistress\n|-supereffective|p2b: Mistress\n|-damage|p2b: Mistress|59\/100\n|move|p2b: Mistress|Wild Charge|p1a: Amoonguss\n|-supereffective|p1a: Amoonguss\n|-damage|p1a: Amoonguss|40\/100\n|-damage|p2b: Mistress|42\/100|[from] item: Rocky Helmet|[of] p1a: Amoonguss\n|-damage|p2b: Mistress|31\/100|[from] Recoil\n|move|p1a: Amoonguss|Spore|p2a: Luquisha\n|-status|p2a: Luquisha|slp|[from] move: Spore\n|\n|upkeep\n|turn|6\n|\n|t:|1700879068\n|move|p1b: Landorus|Stomping Tantrum|p2b: Mistress\n|-supereffective|p2b: Mistress\n|-damage|p2b: Mistress|0 fnt\n|faint|p2b: Mistress\n|-end|p2b: Mistress|Quark Drive|[silent]\n|cant|p2a: Luquisha|slp\n|move|p1a: Amoonguss|Pollen Puff|p1b: Landorus\n|-heal|p1b: Landorus|100\/100\n|\n|upkeep\n|\n|t:|1700879074\n|switch|p2b: Sasha Colby|Flutter Mane, L50|100\/100\n|turn|7\n|\n|t:|1700879088\n|-terastallize|p2b: Sasha Colby|Fairy\n|move|p1b: Landorus|Stomping Tantrum|p2b: Sasha Colby\n|-damage|p2b: Sasha Colby|60\/100\n|-curestatus|p2a: Luquisha|slp|[msg]\n|move|p2a: Luquisha|U-turn|p1b: Landorus\n|-resisted|p1b: Landorus\n|-damage|p1b: Landorus|85\/100\n|\n|t:|1700879094\n|switch|p2a: Lawrence|Heatran, L50, F, shiny|61\/100|[from] U-turn\n|move|p2b: Sasha Colby|Moonblast|p1a: Amoonguss\n|-damage|p1a: Amoonguss|0 fnt\n|faint|p1a: Amoonguss\n|\n|upkeep\n|\n|t:|1700879102\n|switch|p1a: Gholdengo|Gholdengo, L50|100\/100\n|turn|8\n|\n|t:|1700879109\n|-end|p2b: Sasha Colby|Protosynthesis|[silent]\n|switch|p2b: Luquisha|Landorus-Therian, L50, M|100\/100\n|-ability|p2b: Luquisha|Intimidate|boost\n|-unboost|p1a: Gholdengo|atk|1\n|-unboost|p1b: Landorus|atk|1\n|move|p1b: Landorus|Stomping Tantrum|p2a: Lawrence\n|-supereffective|p2a: Lawrence\n|-damage|p2a: Lawrence|0 fnt\n|faint|p2a: Lawrence\n|move|p1a: Gholdengo|Make It Rain|p2b: Luquisha\n|-damage|p2b: Luquisha|36\/100\n|-unboost|p1a: Gholdengo|spa|1\n|\n|upkeep\n|\n|t:|1700879116\n|switch|p2a: Sasha Colby|Flutter Mane, L50, tera:Fairy|60\/100\n|turn|9\n|\n|t:|1700879134\n|switch|p1b: Roaring Moon|Roaring Moon, L50|83\/100\n|move|p1a: Gholdengo|Protect|p1a: Gholdengo\n|-singleturn|p1a: Gholdengo|Protect\n|move|p2b: Luquisha|Stomping Tantrum|p1a: Gholdengo\n|-activate|p1a: Gholdengo|move: Protect\n|move|p2a: Sasha Colby|Moonblast|p1b: Roaring Moon\n|-supereffective|p1b: Roaring Moon\n|-damage|p1b: Roaring Moon|0 fnt\n|faint|p1b: Roaring Moon\n|-end|p1b: Roaring Moon|Protosynthesis|[silent]\n|\n|upkeep\n|\n|t:|1700879145\n|switch|p1b: Landorus|Landorus-Therian, L50, M, shiny|85\/100\n|-ability|p1b: Landorus|Intimidate|boost\n|-unboost|p2a: Sasha Colby|atk|1\n|-unboost|p2b: Luquisha|atk|1\n|turn|10\n|\n|t:|1700879156\n|move|p1b: Landorus|Rock Slide|p2b: Luquisha|[spread] p2a,p2b\n|-damage|p2a: Sasha Colby|26\/100\n|-damage|p2b: Luquisha|15\/100\n|move|p2b: Luquisha|Stomping Tantrum|p1a: Gholdengo\n|-supereffective|p1a: Gholdengo\n|-damage|p1a: Gholdengo|56\/100\n|cant|p2a: Sasha Colby|flinch\n|move|p1a: Gholdengo|Make It Rain|p2b: Luquisha|[spread] p2a,p2b\n|-supereffective|p2a: Sasha Colby\n|-damage|p2a: Sasha Colby|0 fnt\n|-damage|p2b: Luquisha|0 fnt\n|-unboost|p1a: Gholdengo|spa|1\n|faint|p2a: Sasha Colby\n|-end|p2a: Sasha Colby|Protosynthesis|[silent]\n|faint|p2b: Luquisha\n|\n|win|kn17\n|c|\u2606Fancy Cucudrula|ggs mi rey\n|l|\u2606Fancy Cucudrula\n|j| Tampico11\n|l| Tampico11\n","uploadtime":1700879186,"views":20,"p1id":"kn17","p2id":"fancycucudrula","formatid":"gen9vgc2023regulatione","rating":0,"private":0,"password":""}