{"id":"gen9vgc2023regulatione-1998913778","p1":"xingshen","p2":"vicrudi","format":"[Gen 9] VGC 2023 Regulation E","log":"|j|\u2606xingshen\n|j|\u2606vicrudi\n|t:|1701012380\n|gametype|doubles\n|player|p1|xingshen|1|1257\n|player|p2|vicrudi|lucas|1294\n|teamsize|p1|6\n|teamsize|p2|6\n|gen|9\n|tier|[Gen 9] VGC 2023 Regulation E\n|rated|\n|rule|Species Clause: Limit one of each Pok\u00e9mon\n|rule|Item Clause: Limit one of each item\n|clearpoke\n|poke|p1|Indeedee-F, L50, F|\n|poke|p1|Ting-Lu, L50|\n|poke|p1|Sinistcha-Masterpiece, L50|\n|poke|p1|Gallade, L50, M|\n|poke|p1|Avalugg-Hisui, L50, M|\n|poke|p1|Ursaluna-Bloodmoon, L50, M|\n|poke|p2|Tornadus, L50, M|\n|poke|p2|Arcanine-Hisui, L50, M|\n|poke|p2|Iron Hands, L50|\n|poke|p2|Gholdengo, L50|\n|poke|p2|Urshifu-*, L50, M|\n|poke|p2|Ogerpon-Wellspring, L50, F|\n|teampreview|4\n|\n|t:|1701012428\n|start\n|switch|p1a: Indeedee|Indeedee-F, L50, F|100\/100\n|switch|p1b: Ting-Lu|Ting-Lu, L50|100\/100\n|switch|p2a: Urshifu|Urshifu-Rapid-Strike, L50, M|100\/100\n|switch|p2b: Arcanine|Arcanine-Hisui, L50, M|100\/100\n|-ability|p2b: Arcanine|Intimidate|boost\n|-unboost|p1a: Indeedee|atk|1\n|-unboost|p1b: Ting-Lu|atk|1\n|-fieldstart|move: Psychic Terrain|[from] ability: Psychic Surge|[of] p1a: Indeedee\n|-ability|p1b: Ting-Lu|Vessel of Ruin\n|turn|1\n|inactive|Battle timer is ON: inactive players will automatically lose when time's up. (requested by vicrudi)\n|\n|t:|1701012474\n|-terastallize|p2a: Urshifu|Water\n|move|p1a: Indeedee|Follow Me|p1a: Indeedee\n|-singleturn|p1a: Indeedee|move: Follow Me\n|move|p2a: Urshifu|Surging Strikes|p1a: Indeedee\n|-crit|p1a: Indeedee\n|-damage|p1a: Indeedee|73\/100\n|-damage|p2a: Urshifu|84\/100|[from] item: Rocky Helmet|[of] p1a: Indeedee\n|-crit|p1a: Indeedee\n|-damage|p1a: Indeedee|44\/100\n|-damage|p2a: Urshifu|67\/100|[from] item: Rocky Helmet|[of] p1a: Indeedee\n|-crit|p1a: Indeedee\n|-damage|p1a: Indeedee|18\/100\n|-damage|p2a: Urshifu|51\/100|[from] item: Rocky Helmet|[of] p1a: Indeedee\n|-hitcount|p1a: Indeedee|3\n|move|p2b: Arcanine|Flare Blitz|p1a: Indeedee\n|-damage|p1a: Indeedee|0 fnt\n|-damage|p2b: Arcanine|84\/100|[from] item: Rocky Helmet|[of] p1a: Indeedee\n|faint|p1a: Indeedee\n|-damage|p2b: Arcanine|79\/100|[from] Recoil\n|move|p1b: Ting-Lu|Stomping Tantrum|p2b: Arcanine\n|-supereffective|p2b: Arcanine\n|-damage|p2b: Arcanine|0 fnt\n|faint|p2b: Arcanine\n|\n|upkeep\n|inactive|xingshen has 30 seconds left.\n|\n|t:|1701012501\n|switch|p2b: Ogerpon|Ogerpon-Wellspring, L50, F|100\/100\n|switch|p1a: Avalugg|Avalugg-Hisui, L50, M|100\/100\n|turn|2\n|inactive|xingshen has 30 seconds left.\n|inactive|xingshen has 20 seconds left.\n|inactive|xingshen has 15 seconds left.\n|inactive|xingshen has 10 seconds left.\n|inactive|xingshen has 5 seconds left.\n|\n|t:|1701012551\n|-terastallize|p1a: Avalugg|Grass\n|move|p2b: Ogerpon|Follow Me|p2b: Ogerpon\n|-singleturn|p2b: Ogerpon|move: Follow Me\n|move|p2a: Urshifu|Surging Strikes|p1b: Ting-Lu\n|-supereffective|p1b: Ting-Lu\n|-crit|p1b: Ting-Lu\n|-damage|p1b: Ting-Lu|68\/100\n|-supereffective|p1b: Ting-Lu\n|-crit|p1b: Ting-Lu\n|-damage|p1b: Ting-Lu|38\/100\n|-supereffective|p1b: Ting-Lu\n|-crit|p1b: Ting-Lu\n|-damage|p1b: Ting-Lu|6\/100\n|-hitcount|p1b: Ting-Lu|3\n|move|p1b: Ting-Lu|Ruination|p2b: Ogerpon\n|-damage|p2b: Ogerpon|51\/100\n|move|p1a: Avalugg|Ice Fang|p2b: Ogerpon\n|-damage|p2b: Ogerpon|0 fnt\n|faint|p2b: Ogerpon\n|\n|upkeep\n|\n|t:|1701012566\n|switch|p2b: Iron Hands|Iron Hands, L50|100\/100\n|turn|3\n|inactive|xingshen has 30 seconds left.\n|\n|t:|1701012591\n|move|p2a: Urshifu|Surging Strikes|p1b: Ting-Lu\n|-supereffective|p1b: Ting-Lu\n|-crit|p1b: Ting-Lu\n|-damage|p1b: Ting-Lu|0 fnt\n|faint|p1b: Ting-Lu\n|-hitcount|p1: Ting-Lu|1\n|move|p2b: Iron Hands|Drain Punch|p1a: Avalugg\n|-damage|p1a: Avalugg|81\/100\n|move|p1a: Avalugg|Rock Slide|p2b: Iron Hands|[spread] p2a,p2b\n|-resisted|p2b: Iron Hands\n|-damage|p2a: Urshifu|23\/100\n|-damage|p2b: Iron Hands|91\/100\n|\n|upkeep\n|\n|t:|1701012606\n|switch|p1b: Gallade|Gallade, L50, M|100\/100\n|turn|4\n|\n|t:|1701012618\n|move|p2a: Urshifu|Surging Strikes|p1b: Gallade\n|-crit|p1b: Gallade\n|-damage|p1b: Gallade|63\/100\n|-crit|p1b: Gallade\n|-damage|p1b: Gallade|25\/100\n|-crit|p1b: Gallade\n|-damage|p1b: Gallade|0 fnt\n|faint|p1b: Gallade\n|-hitcount|p1: Gallade|3\n|move|p2b: Iron Hands|Wild Charge|p1a: Avalugg\n|-resisted|p1a: Avalugg\n|-damage|p1a: Avalugg|68\/100\n|-damage|p2b: Iron Hands|88\/100|[from] Recoil\n|move|p1a: Avalugg|Rock Slide|p2b: Iron Hands|[spread] p2a,p2b\n|-resisted|p2b: Iron Hands\n|-damage|p2a: Urshifu|0 fnt\n|-damage|p2b: Iron Hands|78\/100\n|faint|p2a: Urshifu\n|\n|upkeep\n|turn|5\n|\n|t:|1701012639\n|move|p2b: Iron Hands|Drain Punch|p1a: Avalugg\n|-damage|p1a: Avalugg|47\/100\n|-heal|p2b: Iron Hands|87\/100|[from] drain|[of] p1a: Avalugg\n|move|p1a: Avalugg|Ice Fang|p2b: Iron Hands\n|-damage|p2b: Iron Hands|51\/100\n|\n|-fieldend|move: Psychic Terrain\n|upkeep\n|turn|6\n|\n|t:|1701012655\n|move|p2b: Iron Hands|Drain Punch|p1a: Avalugg\n|-damage|p1a: Avalugg|25\/100\n|-heal|p2b: Iron Hands|60\/100|[from] drain|[of] p1a: Avalugg\n|-enditem|p1a: Avalugg|Aguav Berry|[eat]\n|-heal|p1a: Avalugg|58\/100|[from] item: Aguav Berry\n|move|p1a: Avalugg|Ice Fang|p2b: Iron Hands\n|-damage|p2b: Iron Hands|23\/100\n|\n|upkeep\n|turn|7\n|\n|t:|1701012671\n|move|p2b: Iron Hands|Drain Punch|p1a: Avalugg\n|-damage|p1a: Avalugg|39\/100\n|-heal|p2b: Iron Hands|32\/100|[from] drain|[of] p1a: Avalugg\n|move|p1a: Avalugg|Ice Fang|p2b: Iron Hands\n|-damage|p2b: Iron Hands|0 fnt\n|faint|p2b: Iron Hands\n|-end|p2b: Iron Hands|Quark Drive|[silent]\n|\n|win|xingshen\n|raw|xingshen's rating: 1257 &rarr; <strong>1285<\/strong><br \/>(+28 for winning)\n|raw|vicrudi's rating: 1294 &rarr; <strong>1266<\/strong><br \/>(-28 for losing)\n|l|\u2606vicrudi\n","uploadtime":1701012687,"views":4,"p1id":"xingshen","p2id":"vicrudi","formatid":"gen9vgc2023regulatione","rating":1266,"private":0,"password":""}