{"id":"gen9vgc2023regulatione-1993519343","p1":"albanese00","p2":"Testing 2400","format":"[Gen 9] VGC 2023 Regulation E","log":"|j|\u2606albanese00\n|j|\u2606Testing 2400\n|t:|1700327358\n|gametype|doubles\n|player|p1|albanese00|2|1119\n|player|p2|Testing 2400|2|1133\n|teamsize|p1|6\n|teamsize|p2|6\n|gen|9\n|tier|[Gen 9] VGC 2023 Regulation E\n|rated|\n|rule|Species Clause: Limit one of each Pok\u00e9mon\n|rule|Item Clause: Limit one of each item\n|clearpoke\n|poke|p1|Landorus-Therian, L50, M|\n|poke|p1|Iron Hands, L50|\n|poke|p1|Cresselia, L50, F|\n|poke|p1|Ogerpon-Hearthflame, L50, F|\n|poke|p1|Chien-Pao, L50|\n|poke|p1|Ursaluna, L50, M|\n|poke|p2|Grimmsnarl, L50, M|\n|poke|p2|Landorus-Therian, L50, M|\n|poke|p2|Iron Hands, L50|\n|poke|p2|Gholdengo, L50|\n|poke|p2|Ogerpon-Hearthflame, L50, F|\n|poke|p2|Roaring Moon, L50|\n|teampreview|4\n|\n|t:|1700327408\n|start\n|switch|p1a: Iron Hands|Iron Hands, L50|100\/100\n|switch|p1b: Landorus|Landorus-Therian, L50, M|100\/100\n|switch|p2a: Grimmsnarl|Grimmsnarl, L50, M|100\/100\n|switch|p2b: Landorus|Landorus-Therian, L50, M, shiny|100\/100\n|-ability|p2b: Landorus|Intimidate|boost\n|-unboost|p1a: Iron Hands|atk|1\n|-unboost|p1b: Landorus|atk|1\n|-ability|p1b: Landorus|Intimidate|boost\n|-unboost|p2a: Grimmsnarl|atk|1\n|-unboost|p2b: Landorus|atk|1\n|turn|1\n|\n|t:|1700327435\n|move|p2a: Grimmsnarl|Fake Out|p1a: Iron Hands\n|-damage|p1a: Iron Hands|95\/100\n|move|p2b: Landorus|Stomping Tantrum|p1a: Iron Hands\n|-supereffective|p1a: Iron Hands\n|-damage|p1a: Iron Hands|52\/100\n|move|p1b: Landorus|U-turn|p2a: Grimmsnarl\n|-damage|p2a: Grimmsnarl|85\/100\n|\n|t:|1700327448\n|switch|p1b: Cresselia|Cresselia, L50, F|100\/100|[from] U-turn\n|cant|p1a: Iron Hands|flinch\n|\n|upkeep\n|turn|2\n|\n|t:|1700327468\n|switch|p2b: Iron Hands|Iron Hands, L50|100\/100\n|move|p1a: Iron Hands|Protect|p1a: Iron Hands\n|-singleturn|p1a: Iron Hands|Protect\n|move|p2a: Grimmsnarl|Parting Shot|p1a: Iron Hands\n|-activate|p1a: Iron Hands|move: Protect\n|move|p1b: Cresselia|Lunar Blessing|p1b: Cresselia|[spread] p1a,p1b\n|-heal|p1a: Iron Hands|77\/100\n|\n|upkeep\n|turn|3\n|\n|t:|1700327488\n|-end|p2b: Iron Hands|Quark Drive|[silent]\n|switch|p2b: Landorus|Landorus-Therian, L50, M, shiny|100\/100\n|-ability|p2b: Landorus|Intimidate|boost\n|-unboost|p1a: Iron Hands|atk|1\n|-unboost|p1b: Cresselia|atk|1\n|move|p2a: Grimmsnarl|Parting Shot|p1a: Iron Hands\n|-unboost|p1a: Iron Hands|atk|1\n|-unboost|p1a: Iron Hands|spa|1\n|\n|t:|1700327494\n|switch|p2a: Iron Hands|Iron Hands, L50|100\/100|[from] Parting Shot\n|move|p1b: Cresselia|Lunar Blessing|p1b: Cresselia|[spread] p1a,p1b\n|-heal|p1a: Iron Hands|100\/100\n|move|p1a: Iron Hands|Swords Dance|p1a: Iron Hands\n|-boost|p1a: Iron Hands|atk|2\n|\n|upkeep\n|turn|4\n|\n|t:|1700327515\n|move|p2a: Iron Hands|Fake Out|p1b: Cresselia\n|-damage|p1b: Cresselia|90\/100\n|move|p2b: Landorus|Stomping Tantrum|p1a: Iron Hands\n|-supereffective|p1a: Iron Hands\n|-damage|p1a: Iron Hands|40\/100\n|-enditem|p1a: Iron Hands|Sitrus Berry|[eat]\n|-heal|p1a: Iron Hands|65\/100|[from] item: Sitrus Berry\n|cant|p1b: Cresselia|flinch\n|move|p1a: Iron Hands|Swords Dance|p1a: Iron Hands\n|-boost|p1a: Iron Hands|atk|2\n|\n|upkeep\n|turn|5\n|\n|t:|1700327531\n|-end|p2a: Iron Hands|Quark Drive|[silent]\n|switch|p2a: Grimmsnarl|Grimmsnarl, L50, M|85\/100\n|move|p1a: Iron Hands|Protect|p1a: Iron Hands\n|-singleturn|p1a: Iron Hands|Protect\n|move|p2b: Landorus|Stomping Tantrum|p1a: Iron Hands\n|-activate|p1a: Iron Hands|move: Protect\n|move|p1b: Cresselia|Lunar Blessing|p1b: Cresselia|[spread] p1a,p1b\n|-heal|p1a: Iron Hands|90\/100\n|-heal|p1b: Cresselia|100\/100\n|\n|upkeep\n|turn|6\n|\n|t:|1700327564\n|move|p2b: Landorus|Stomping Tantrum|p1a: Iron Hands\n|-supereffective|p1a: Iron Hands\n|-crit|p1a: Iron Hands\n|-damage|p1a: Iron Hands|0 fnt\n|faint|p1a: Iron Hands\n|-end|p1a: Iron Hands|Quark Drive|[silent]\n|move|p1b: Cresselia|Lunar Blessing||[still]\n|-fail|p1b: Cresselia\n|move|p2a: Grimmsnarl|Spirit Break|p1b: Cresselia\n|-damage|p1b: Cresselia|81\/100\n|-unboost|p1b: Cresselia|spa|1\n|\n|upkeep\n|\n|t:|1700327576\n|switch|p1a: Chien-Pao|Chien-Pao, L50|100\/100\n|-ability|p1a: Chien-Pao|Sword of Ruin\n|turn|7\n|\n|t:|1700327586\n|switch|p2b: Iron Hands|Iron Hands, L50|100\/100\n|move|p1a: Chien-Pao|Icicle Crash|p2b: Iron Hands\n|-damage|p2b: Iron Hands|42\/100\n|-damage|p1a: Chien-Pao|91\/100|[from] item: Life Orb\n|move|p1b: Cresselia|Dazzling Gleam|p2b: Iron Hands|[spread] p2a,p2b\n|-supereffective|p2a: Grimmsnarl\n|-enditem|p2a: Grimmsnarl|Roseli Berry|[eat]\n|-enditem|p2a: Grimmsnarl|Roseli Berry|[weaken]\n|-supereffective|p2b: Iron Hands\n|-crit|p2b: Iron Hands\n|-damage|p2a: Grimmsnarl|76\/100\n|-damage|p2b: Iron Hands|19\/100\n|move|p2a: Grimmsnarl|Spirit Break|p1a: Chien-Pao\n|-supereffective|p1a: Chien-Pao\n|-damage|p1a: Chien-Pao|1\/100\n|-unboost|p1a: Chien-Pao|spa|1\n|\n|upkeep\n|turn|8\n|\n|t:|1700327612\n|move|p2b: Iron Hands|Fake Out|p1a: Chien-Pao\n|-damage|p1a: Chien-Pao|0 fnt\n|faint|p1a: Chien-Pao\n|move|p2a: Grimmsnarl|Thunder Wave|p1b: Cresselia\n|-status|p1b: Cresselia|par\n|cant|p1b: Cresselia|par\n|\n|upkeep\n|\n|t:|1700327635\n|switch|p1a: Landorus|Landorus-Therian, L50, M|100\/100\n|-ability|p1a: Landorus|Intimidate|boost\n|-unboost|p2a: Grimmsnarl|atk|1\n|-unboost|p2b: Iron Hands|atk|1\n|turn|9\n|\n|t:|1700327650\n|-end|p2b: Iron Hands|Quark Drive|[silent]\n|switch|p2b: Landorus|Landorus-Therian, L50, M, shiny|100\/100\n|-ability|p2b: Landorus|Intimidate|boost\n|-unboost|p1a: Landorus|atk|1\n|-unboost|p1b: Cresselia|atk|1\n|cant|p1b: Cresselia|par\n|move|p2a: Grimmsnarl|Parting Shot|p1a: Landorus\n|-unboost|p1a: Landorus|atk|1\n|-unboost|p1a: Landorus|spa|1\n|-message|albanese00 forfeited.\n|\n|win|Testing 2400\n|raw|albanese00's rating: 1119 &rarr; <strong>1095<\/strong><br \/>(-24 for losing)\n|raw|Testing 2400's rating: 1133 &rarr; <strong>1157<\/strong><br \/>(+24 for winning)\n|l|\u2606albanese00\n","uploadtime":1700328088,"views":25,"p1id":"albanese00","p2id":"testing2400","formatid":"gen9vgc2023regulatione","rating":1095,"private":0,"password":""}