{"id":"gen9vgc2023regulatione-1994384691","p1":"FortreeFlygonmen","p2":"Aox93","format":"[Gen 9] VGC 2023 Regulation E","log":"|j|\u2606FortreeFlygonmen\n|j|\u2606Aox93\n|n|\u2606FortreeFlygonmen|fortreeflygonmen\n|n|\u2606Aox93|aox93\n|html|View the match progress at <a href=\"\/game-bestof3-gen9vgc2023regulatione-1994381235\">game-bestof3-gen9vgc2023regulatione-1994381235<\/a>\n|t:|1700437805\n|gametype|doubles\n|player|p1|FortreeFlygonmen|sage|\n|player|p2|Aox93|cynthia-gen4|\n|teamsize|p1|6\n|teamsize|p2|6\n|gen|9\n|tier|[Gen 9] VGC 2023 Regulation E\n|rule|Species Clause: Limit one of each Pok\u00e9mon\n|rule|Item Clause: Limit one of each item\n|clearpoke\n|poke|p1|Iron Hands, L50|\n|poke|p1|Sinistcha, L50|\n|poke|p1|Tornadus, L50, M|\n|poke|p1|Basculegion-F, L50, F|\n|poke|p1|Stantler, L50, M|\n|poke|p1|Noivern, L50, M|\n|poke|p2|Torkoal, L50, F|\n|poke|p2|Lilligant-Hisui, L50, F|\n|poke|p2|Armarouge, L50, F|\n|poke|p2|Indeedee, L50, M|\n|poke|p2|Sneasler, L50, M|\n|poke|p2|Luxray, L50, F|\n|teampreview|4\n|\n|t:|1700437848\n|start\n|switch|p1a: Timmy Torner|Tornadus, L50, M|100\/100\n|switch|p1b: Tinnitus|Noivern, L50, M, shiny|100\/100\n|switch|p2a: Indeedee|Indeedee, L50, M, shiny|100\/100\n|switch|p2b: Armarouge|Armarouge, L50, F|100\/100\n|-fieldstart|move: Psychic Terrain|[from] ability: Psychic Surge|[of] p2a: Indeedee\n|turn|1\n|\n|t:|1700437906\n|move|p1b: Tinnitus|Taunt|p2b: Armarouge\n|-start|p2b: Armarouge|move: Taunt\n|move|p1a: Timmy Torner|Bleakwind Storm|p2b: Armarouge|[spread] p2a,p2b\n|-damage|p2a: Indeedee|66\/100\n|-damage|p2b: Armarouge|64\/100\n|-unboost|p2b: Armarouge|spe|1\n|move|p2b: Armarouge|Expanding Force|p1b: Tinnitus|[spread] p1a,p1b\n|-damage|p1a: Timmy Torner|8\/100\n|-damage|p1b: Tinnitus|6\/100\n|-damage|p2b: Armarouge|54\/100|[from] item: Life Orb\n|move|p2a: Indeedee|Trick Room|p2a: Indeedee\n|-fieldstart|move: Trick Room|[of] p2a: Indeedee\n|\n|-status|p2a: Indeedee|brn|[from] item: Flame Orb\n|upkeep\n|turn|2\n|\n|t:|1700437926\n|move|p2b: Armarouge|Expanding Force|p1b: Tinnitus|[spread] p1a,p1b\n|-damage|p1a: Timmy Torner|0 fnt\n|-damage|p1b: Tinnitus|0 fnt\n|faint|p1a: Timmy Torner\n|faint|p1b: Tinnitus\n|-damage|p2b: Armarouge|45\/100|[from] item: Life Orb\n|move|p2a: Indeedee|Dazzling Gleam|p1: Timmy Torner|[notarget]\n|-fail|p2a: Indeedee\n|\n|-damage|p2a: Indeedee|60\/100 brn|[from] brn\n|upkeep\n|\n|t:|1700437937\n|switch|p1b: Yallow Babber|Basculegion-F, L50, F, shiny|100\/100\n|switch|p1a: Tikka Mahands|Iron Hands, L50|100\/100\n|turn|3\n|\n|t:|1700437955\n|-terastallize|p1a: Tikka Mahands|Psychic\n|move|p1b: Yallow Babber|Protect|p1b: Yallow Babber\n|-singleturn|p1b: Yallow Babber|Protect\n|move|p2b: Armarouge|Expanding Force|p1b: Yallow Babber|[spread] p1a\n|-activate|p1b: Yallow Babber|move: Protect\n|-resisted|p1a: Tikka Mahands\n|-damage|p1a: Tikka Mahands|79\/100\n|-damage|p2b: Armarouge|35\/100|[from] item: Life Orb\n|move|p1a: Tikka Mahands|Stomping Tantrum|p2b: Armarouge\n|-supereffective|p2b: Armarouge\n|-damage|p2b: Armarouge|0 fnt\n|faint|p2b: Armarouge\n|move|p2a: Indeedee|Trick|p1b: Yallow Babber\n|-activate|p1b: Yallow Babber|move: Protect\n|\n|-damage|p2a: Indeedee|54\/100 brn|[from] brn\n|upkeep\n|\n|t:|1700437973\n|switch|p2b: Torkoal|Torkoal, L50, F, shiny|100\/100\n|-weather|SunnyDay|[from] ability: Drought|[of] p2b: Torkoal\n|turn|4\n|\n|t:|1700437991\n|-terastallize|p2b: Torkoal|Fire\n|move|p2b: Torkoal|Eruption|p1a: Tikka Mahands|[spread] p1a,p1b\n|-resisted|p1b: Yallow Babber\n|-damage|p1a: Tikka Mahands|19\/100\n|-damage|p1b: Yallow Babber|40\/100\n|move|p1a: Tikka Mahands|Stomping Tantrum|p2b: Torkoal\n|-supereffective|p2b: Torkoal\n|-damage|p2b: Torkoal|61\/100\n|move|p1b: Yallow Babber|Hydro Pump|p2b: Torkoal\n|-supereffective|p2b: Torkoal\n|-damage|p2b: Torkoal|0 fnt\n|faint|p2b: Torkoal\n|-damage|p1b: Yallow Babber|30\/100|[from] item: Life Orb\n|move|p2a: Indeedee|Trick|p1b: Yallow Babber\n|-activate|p2a: Indeedee|move: Trick|[of] p1b: Yallow Babber\n|-item|p1b: Yallow Babber|Flame Orb|[from] move: Trick\n|-item|p2a: Indeedee|Life Orb|[from] move: Trick\n|\n|-weather|SunnyDay|[upkeep]\n|-damage|p2a: Indeedee|48\/100 brn|[from] brn\n|-status|p1b: Yallow Babber|brn|[from] item: Flame Orb\n|upkeep\n|\n|t:|1700438012\n|switch|p2b: Sneasler|Sneasler, L50, M, shiny|100\/100\n|-enditem|p2b: Sneasler|Psychic Seed\n|-boost|p2b: Sneasler|spd|1|[from] item: Psychic Seed\n|turn|5\n|\n|t:|1700438033\n|move|p2b: Sneasler|Protect|p2b: Sneasler\n|-singleturn|p2b: Sneasler|Protect\n|move|p1a: Tikka Mahands|Stomping Tantrum|p2b: Sneasler\n|-activate|p2b: Sneasler|move: Protect\n|move|p1b: Yallow Babber|Hydro Pump|p2b: Sneasler\n|-activate|p2b: Sneasler|move: Protect\n|move|p2a: Indeedee|Dazzling Gleam|p1b: Yallow Babber|[spread] p1a,p1b\n|-crit|p1b: Yallow Babber\n|-damage|p1a: Tikka Mahands|10\/100\n|-damage|p1b: Yallow Babber|0 fnt\n|faint|p1b: Yallow Babber\n|-damage|p2a: Indeedee|39\/100 brn|[from] item: Life Orb\n|\n|-weather|SunnyDay|[upkeep]\n|-damage|p2a: Indeedee|33\/100 brn|[from] brn\n|-fieldend|move: Trick Room\n|-fieldend|move: Psychic Terrain\n|upkeep\n|turn|6\n|c|\u2606FortreeFlygonmen|Ggs\n|\n|t:|1700438052\n|move|p2b: Sneasler|Dire Claw|p1a: Tikka Mahands\n|-damage|p1a: Tikka Mahands|0 fnt\n|faint|p1a: Tikka Mahands\n|-end|p1a: Tikka Mahands|Quark Drive|[silent]\n|\n|win|Aox93\n|c|\u2606Aox93|Ggs!\n|l|\u2606FortreeFlygonmen\n|l|\u2606Aox93\n|j|\u2606FortreeFlygonmen\n|player|p1|FortreeFlygonmen|sage\n","uploadtime":1700438341,"views":15,"p1id":"fortreeflygonmen","p2id":"aox93","formatid":"gen9vgc2023regulatione","rating":0,"private":0,"password":""}