{"id":"gen9vgc2023regulatione-1993176982","p1":"N4N0vgc","p2":"Fancy Cucudrula","format":"[Gen 9] VGC 2023 Regulation E","log":"|j|\u2606N4N0vgc\n|j|\u2606Fancy Cucudrula\n|n|\u2606N4N0vgc|n4n0vgc\n|n|\u2606Fancy Cucudrula|fancycucudrula\n|html|View the match progress at <a href=\"\/game-bestof3-gen9vgc2023regulatione-1993176981\">game-bestof3-gen9vgc2023regulatione-1993176981<\/a>\n|t:|1700274201\n|gametype|doubles\n|player|p1|N4N0vgc|guzma|\n|player|p2|Fancy Cucudrula|valerie|\n|teamsize|p1|6\n|teamsize|p2|6\n|gen|9\n|tier|[Gen 9] VGC 2023 Regulation E\n|rule|Species Clause: Limit one of each Pok\u00e9mon\n|rule|Item Clause: Limit one of each item\n|clearpoke\n|poke|p1|Tornadus, L50, M|\n|poke|p1|Arcanine-Hisui, L50, M|\n|poke|p1|Rillaboom, L50, M|\n|poke|p1|Flutter Mane, L50|\n|poke|p1|Urshifu-*, L50, M|\n|poke|p1|Chien-Pao, L50|\n|poke|p2|Flutter Mane, L50|\n|poke|p2|Amoonguss, L50, F|\n|poke|p2|Heatran, L50, F|\n|poke|p2|Iron Hands, L50|\n|poke|p2|Landorus-Therian, L50, M|\n|poke|p2|Chien-Pao, L50|\n|teampreview|4\nFancy Cucudrula has agreed to open team sheets.\nN4N0vgc has agreed to open team sheets.\n|showteam|p1|Tornadus||RockyHelmet|Prankster|BleakwindStorm,Taunt,Tailwind,RainDance|||M|||50|,,,,,Ghost]Arcanine-Hisui||ChoiceBand|Intimidate|ExtremeSpeed,FlareBlitz,RockSlide,TeraBlast|||M|||50|,,,,,Fairy]Rillaboom||AssaultVest|GrassySurge|FakeOut,WoodHammer,GrassyGlide,Uturn|||M|||50|,,,,,Fire]Flutter Mane||BoosterEnergy|Protosynthesis|Moonblast,DazzlingGleam,ShadowBall,Protect||||||50|,,,,,Fairy]Urshifu-Rapid-Strike||MysticWater|UnseenFist|Detect,SurgingStrikes,CloseCombat,AquaJet|||M|||50|,,,,,Water]Chien-Pao||FocusSash|SwordofRuin|SuckerPunch,IcicleCrash,SacredSword,Protect||||||50|,,,,,Ghost\n|showteam|p2|Flutter Mane||ChoiceSpecs|Protosynthesis|DazzlingGleam,Moonblast,ShadowBall,PerishSong||||||50|,,,,,Fairy]Amoonguss||RockyHelmet|Regenerator|RagePowder,PollenPuff,Spore,Protect|||F|||50|,,,,,Water]Heatran||SafetyGoggles|FlashFire|HeatWave,EarthPower,FlashCannon,Protect|||F|||50|,,,,,Fairy]Iron Hands||AssaultVest|QuarkDrive|DrainPunch,WildCharge,HeavySlam,FakeOut||||||50|,,,,,Water]Landorus-Therian||ChoiceScarf|Intimidate|StompingTantrum,TeraBlast,RockSlide,Uturn|||M|||50|,,,,,Flying]Chien-Pao||FocusSash|SwordofRuin|IceSpinner,SuckerPunch,Haze,Protect||||||50|,,,,,Ghost\n|inactive|Battle timer is ON: inactive players will automatically lose when time's up. (requested by Fancy Cucudrula)\n|inactive|N4N0vgc has 60 seconds left.\n|inactive|Fancy Cucudrula has 60 seconds left.\n|\n|t:|1700274270\n|start\n|switch|p1a: Lakitu|Tornadus, L50, M, shiny|100\/100\n|switch|p1b: Funky Kong|Rillaboom, L50, M|100\/100\n|switch|p2a: Lawrence|Heatran, L50, F, shiny|100\/100\n|switch|p2b: Mistress|Iron Hands, L50, shiny|100\/100\n|-fieldstart|move: Grassy Terrain|[from] ability: Grassy Surge|[of] p1b: Funky Kong\n|turn|1\n|\n|t:|1700274288\n|move|p1b: Funky Kong|Fake Out|p2a: Lawrence\n|-resisted|p2a: Lawrence\n|-damage|p2a: Lawrence|95\/100\n|move|p2b: Mistress|Fake Out|p1a: Lakitu\n|-damage|p1a: Lakitu|84\/100\n|-damage|p2b: Mistress|84\/100|[from] item: Rocky Helmet|[of] p1a: Lakitu\n|cant|p1a: Lakitu|flinch\n|cant|p2a: Lawrence|flinch\n|\n|-heal|p2a: Lawrence|100\/100|[from] Grassy Terrain\n|-heal|p2b: Mistress|90\/100|[from] Grassy Terrain\n|upkeep\n|turn|2\n|inactive|N4N0vgc has 30 seconds left.\n|\n|t:|1700274319\n|-terastallize|p1a: Lakitu|Ghost\n|move|p1a: Lakitu|Rain Dance|p1a: Lakitu\n|-weather|RainDance\n|move|p2a: Lawrence|Heat Wave|p1b: Funky Kong|[spread] p1a,p1b\n|-supereffective|p1b: Funky Kong\n|-damage|p1a: Lakitu|69\/100\n|-damage|p1b: Funky Kong|73\/100\n|move|p1b: Funky Kong|U-turn|p2b: Mistress\n|-resisted|p2b: Mistress\n|-damage|p2b: Mistress|81\/100\n|\n|t:|1700274324\n|switch|p1b: Cari\u00f1OSO|Urshifu-Rapid-Strike, L50, M|100\/100|[from] U-turn\n|move|p2b: Mistress|Drain Punch|p1b: Cari\u00f1OSO\n|-damage|p1b: Cari\u00f1OSO|61\/100\n|-heal|p2b: Mistress|96\/100|[from] drain|[of] p1b: Cari\u00f1OSO\n|\n|-weather|RainDance|[upkeep]\n|-heal|p1b: Cari\u00f1OSO|68\/100|[from] Grassy Terrain\n|-heal|p1a: Lakitu|75\/100|[from] Grassy Terrain\n|-heal|p2b: Mistress|100\/100|[from] Grassy Terrain\n|upkeep\n|turn|3\n|\n|t:|1700274343\n|-terastallize|p2b: Mistress|Water\n|move|p1b: Cari\u00f1OSO|Detect|p1b: Cari\u00f1OSO\n|-singleturn|p1b: Cari\u00f1OSO|Protect\n|move|p1a: Lakitu|Bleakwind Storm|p2b: Mistress|[spread] p2a,p2b\n|-resisted|p2a: Lawrence\n|-crit|p2a: Lawrence\n|-damage|p2a: Lawrence|81\/100\n|-damage|p2b: Mistress|83\/100\n|-unboost|p2a: Lawrence|spe|1\n|move|p2b: Mistress|Wild Charge|p1b: Cari\u00f1OSO\n|-activate|p1b: Cari\u00f1OSO|move: Protect\n|move|p2a: Lawrence|Flash Cannon|p1a: Lakitu\n|-damage|p1a: Lakitu|38\/100\n|\n|-weather|RainDance|[upkeep]\n|-heal|p1b: Cari\u00f1OSO|74\/100|[from] Grassy Terrain\n|-heal|p1a: Lakitu|44\/100|[from] Grassy Terrain\n|-heal|p2b: Mistress|89\/100|[from] Grassy Terrain\n|-heal|p2a: Lawrence|87\/100|[from] Grassy Terrain\n|upkeep\n|turn|4\n|\n|t:|1700274356\n|move|p1a: Lakitu|Tailwind|p1a: Lakitu\n|-sidestart|p1: N4N0vgc|move: Tailwind\n|move|p1b: Cari\u00f1OSO|Surging Strikes|p2a: Lawrence\n|-supereffective|p2a: Lawrence\n|-crit|p2a: Lawrence\n|-damage|p2a: Lawrence|19\/100\n|-supereffective|p2a: Lawrence\n|-crit|p2a: Lawrence\n|-damage|p2a: Lawrence|0 fnt\n|faint|p2a: Lawrence\n|-hitcount|p2: Lawrence|2\n|move|p2b: Mistress|Wild Charge|p1b: Cari\u00f1OSO\n|-supereffective|p1b: Cari\u00f1OSO\n|-damage|p1b: Cari\u00f1OSO|0 fnt\n|faint|p1b: Cari\u00f1OSO\n|-damage|p2b: Mistress|75\/100|[from] Recoil\n|\n|-weather|RainDance|[upkeep]\n|-heal|p1a: Lakitu|49\/100|[from] Grassy Terrain\n|-heal|p2b: Mistress|81\/100|[from] Grassy Terrain\n|upkeep\n|\n|t:|1700274366\n|switch|p1b: Michi|Chien-Pao, L50|100\/100\n|switch|p2a: Brita Filter|Amoonguss, L50, F, shiny|100\/100\n|-ability|p1b: Michi|Sword of Ruin\n|turn|5\n|\n|t:|1700274381\n|move|p1b: Michi|Protect|p1b: Michi\n|-singleturn|p1b: Michi|Protect\n|move|p2a: Brita Filter|Protect|p2a: Brita Filter\n|-singleturn|p2a: Brita Filter|Protect\n|move|p1a: Lakitu|Bleakwind Storm|p2a: Brita Filter|[spread] p2b\n|-activate|p2a: Brita Filter|move: Protect\n|-damage|p2b: Mistress|65\/100\n|move|p2b: Mistress|Drain Punch|p1b: Michi\n|-activate|p1b: Michi|move: Protect\n|\n|-weather|RainDance|[upkeep]\n|-heal|p1a: Lakitu|55\/100|[from] Grassy Terrain\n|-heal|p2b: Mistress|71\/100|[from] Grassy Terrain\n|-fieldend|move: Grassy Terrain\n|upkeep\n|turn|6\n|\n|t:|1700274402\n|move|p1b: Michi|Icicle Crash|p2a: Brita Filter\n|-supereffective|p2a: Brita Filter\n|-crit|p2a: Brita Filter\n|-damage|p2a: Brita Filter|0 fnt\n|faint|p2a: Brita Filter\n|move|p1a: Lakitu|Bleakwind Storm|p2b: Mistress\n|-damage|p2b: Mistress|45\/100\n|move|p2b: Mistress|Wild Charge|p1a: Lakitu\n|-damage|p1a: Lakitu|0 fnt\n|-damage|p2b: Mistress|28\/100|[from] item: Rocky Helmet|[of] p1a: Lakitu\n|faint|p1a: Lakitu\n|-damage|p2b: Mistress|17\/100|[from] Recoil\n|\n|-weather|none\n|upkeep\n|\n|t:|1700274405\n|switch|p1a: Funky Kong|Rillaboom, L50, M|73\/100\n|switch|p2a: Sasha Colby|Flutter Mane, L50|100\/100\n|-fieldstart|move: Grassy Terrain|[from] ability: Grassy Surge|[of] p1a: Funky Kong\n|turn|7\n|\n|t:|1700274416\n|move|p1b: Michi|Sacred Sword|p2b: Mistress\n|-damage|p2b: Mistress|0 fnt\n|faint|p2b: Mistress\n|-end|p2b: Mistress|Quark Drive|[silent]\n|move|p1a: Funky Kong|Wood Hammer|p2a: Sasha Colby\n|-damage|p2a: Sasha Colby|0 fnt\n|faint|p2a: Sasha Colby\n|-end|p2a: Sasha Colby|Protosynthesis|[silent]\n|-damage|p1a: Funky Kong|51\/100|[from] Recoil\n|\n|win|N4N0vgc\n|c|&|\/uhtml prompt-n4n0vgc,N4N0vgc is ready for game 2!\n|c|&|\/uhtml prompt-fancycucudrula,Fancy Cucudrula is ready for game 2!\nBoth players are ready! Starting next match!\n|j| Tampico11\n","uploadtime":1700274697,"views":16,"p1id":"n4n0vgc","p2id":"fancycucudrula","formatid":"gen9vgc2023regulatione","rating":0,"private":0,"password":""}