{"id":"gen9vgc2023regulatione-1988074344","p1":"Obliteration_1","p2":"Kialla","format":"[Gen 9] VGC 2023 Regulation E","log":"|j|\u2606Obliteration_1\n|j|\u2606Kialla\n|t:|1699666373\n|gametype|doubles\n|player|p1|Obliteration_1|medium|1081\n|player|p2|Kialla|2|1000\n|teamsize|p1|6\n|teamsize|p2|6\n|gen|9\n|tier|[Gen 9] VGC 2023 Regulation E\n|rated|\n|rule|Species Clause: Limit one of each Pok\u00e9mon\n|rule|Item Clause: Limit one of each item\n|clearpoke\n|poke|p1|Politoed, L50, F|\n|poke|p1|Kilowattrel, L50, F|\n|poke|p1|Clodsire, L50, F|\n|poke|p1|Vaporeon, L50, M|\n|poke|p1|Basculegion, L50, M|\n|poke|p1|Talonflame, L50, M|\n|poke|p2|Arcanine-Hisui, L50, F|\n|poke|p2|Chi-Yu, L50|\n|poke|p2|Heatran, L50, F|\n|poke|p2|Ogerpon-Hearthflame, L50, F|\n|poke|p2|Talonflame, L50, M|\n|poke|p2|Rotom-Heat, L50|\n|teampreview|4\n|inactive|Battle timer is ON: inactive players will automatically lose when time's up. (requested by Obliteration_1)\nKialla has agreed to open team sheets.\n|inactive|Kialla has 60 seconds left.\n|\n|t:|1699666405\n|start\n|switch|p1a: Politoed|Politoed, L50, F|100\/100\n|switch|p1b: Kilowattrel|Kilowattrel, L50, F|100\/100\n|switch|p2a: Talonflame|Talonflame, L50, M|100\/100\n|switch|p2b: Arcanine|Arcanine-Hisui, L50, F|100\/100\n|-ability|p2b: Arcanine|Intimidate|boost\n|-unboost|p1a: Politoed|atk|1\n|-unboost|p1b: Kilowattrel|atk|1\n|-weather|RainDance|[from] ability: Drizzle|[of] p1a: Politoed\n|turn|1\n|inactive|Obliteration_1 has 30 seconds left.\n|\n|t:|1699666432\n|switch|p1a: Clodsire|Clodsire, L50, F|100\/100\n|-terastallize|p2b: Arcanine|Water\n|move|p2a: Talonflame|Tailwind|p2a: Talonflame\n|-sidestart|p2: Kialla|move: Tailwind\n|move|p2b: Arcanine|Rock Slide|p1b: Kilowattrel|[spread] p1a\n|-miss|p2b: Arcanine|p1b: Kilowattrel\n|-resisted|p1a: Clodsire\n|-damage|p1a: Clodsire|70\/100\n|move|p1b: Kilowattrel|Discharge|p2b: Arcanine|[spread] p2a,p2b\n|-immune|p1a: Clodsire\n|-supereffective|p2a: Talonflame\n|-supereffective|p2b: Arcanine\n|-damage|p2a: Talonflame|13\/100\n|-damage|p2b: Arcanine|36\/100\n|-status|p2b: Arcanine|par\n|\n|-weather|RainDance|[upkeep]\n|-heal|p1a: Clodsire|76\/100|[from] item: Black Sludge\n|upkeep\n|turn|2\n|\n|t:|1699666456\n|move|p2a: Talonflame|Brave Bird|p1b: Kilowattrel\n|-resisted|p1b: Kilowattrel\n|-damage|p1b: Kilowattrel|61\/100\n|-damage|p2a: Talonflame|0 fnt|[from] Recoil\n|faint|p2a: Talonflame\n|move|p1b: Kilowattrel|Discharge|p2b: Arcanine|[spread] p2b\n|-immune|p1a: Clodsire\n|-supereffective|p2b: Arcanine\n|-damage|p2b: Arcanine|0 fnt\n|faint|p2b: Arcanine\n|move|p1a: Clodsire|Rock Slide|p2: Talonflame|[notarget]\n|-fail|p1a: Clodsire\n|\n|-weather|RainDance|[upkeep]\n|-heal|p1a: Clodsire|82\/100|[from] item: Black Sludge\n|upkeep\n|\n|t:|1699666474\n|switch|p2a: Rotom|Rotom-Heat, L50|100\/100\n|switch|p2b: Ogerpon|Ogerpon-Hearthflame, L50, F|100\/100\n|-ability|p2b: Ogerpon|Mold Breaker\n|turn|3\n|inactive|Obliteration_1 has 30 seconds left.\n|\n|t:|1699666503\n|move|p2a: Rotom|Protect|p2a: Rotom\n|-singleturn|p2a: Rotom|Protect\n|move|p2b: Ogerpon|Horn Leech|p1a: Clodsire\n|-damage|p1a: Clodsire|15\/100\n|move|p1b: Kilowattrel|Weather Ball|p2a: Rotom\n|-activate|p2a: Rotom|move: Protect\n|move|p1a: Clodsire|Rock Slide|p2b: Ogerpon|[spread] p2b\n|-activate|p2a: Rotom|move: Protect\n|-supereffective|p2b: Ogerpon\n|-damage|p2b: Ogerpon|57\/100\n|\n|-weather|RainDance|[upkeep]\n|-heal|p1a: Clodsire|20\/100|[from] item: Black Sludge\n|upkeep\n|turn|4\n|\n|t:|1699666527\n|move|p2b: Ogerpon|Horn Leech|p1a: Clodsire\n|-damage|p1a: Clodsire|0 fnt\n|-heal|p2b: Ogerpon|70\/100|[from] drain|[of] p1a: Clodsire\n|faint|p1a: Clodsire\n|move|p2a: Rotom|Thunderbolt|p1b: Kilowattrel\n|-damage|p1b: Kilowattrel|0 fnt\n|faint|p1b: Kilowattrel\n|\n|-weather|RainDance|[upkeep]\n|-sideend|p2: Kialla|move: Tailwind\n|upkeep\n|\n|t:|1699666538\n|switch|p1b: Basculegion|Basculegion, L50, M|100\/100\n|switch|p1a: Politoed|Politoed, L50, F|100\/100\n|turn|5\n|inactive|Obliteration_1 has 30 seconds left.\n|\n|t:|1699666570\n|-terastallize|p1a: Politoed|Fire\n|move|p2b: Ogerpon|Spiky Shield|p2b: Ogerpon\n|-singleturn|p2b: Ogerpon|move: Protect\n|move|p2a: Rotom|Protect|p2a: Rotom\n|-singleturn|p2a: Rotom|Protect\n|move|p1b: Basculegion|Last Respects|p2b: Ogerpon\n|-activate|p2b: Ogerpon|move: Protect\n|move|p1a: Politoed|Hyper Voice|p2b: Ogerpon|[spread] \n|-activate|p2a: Rotom|move: Protect\n|-activate|p2b: Ogerpon|move: Protect\n|\n|-weather|none\n|upkeep\n|turn|6\n|\n|t:|1699666594\n|move|p2b: Ogerpon|Horn Leech|p1b: Basculegion\n|-supereffective|p1b: Basculegion\n|-damage|p1b: Basculegion|0 fnt\n|-heal|p2b: Ogerpon|100\/100|[from] drain|[of] p1b: Basculegion\n|faint|p1b: Basculegion\n|move|p2a: Rotom|Thunderbolt|p1a: Politoed\n|-damage|p1a: Politoed|58\/100\n|move|p1a: Politoed|Surf|p2b: Ogerpon|[spread] p2a,p2b\n|-supereffective|p2a: Rotom\n|-damage|p2a: Rotom|48\/100\n|-damage|p2b: Ogerpon|69\/100\n|\n|-heal|p2a: Rotom|53\/100|[from] item: Leftovers\n|upkeep\n|turn|7\n|c|\u2606Obliteration_1|gg wp\n|\n|t:|1699666613\n|move|p2b: Ogerpon|Horn Leech|p1a: Politoed\n|-resisted|p1a: Politoed\n|-damage|p1a: Politoed|33\/100\n|-heal|p2b: Ogerpon|82\/100|[from] drain|[of] p1a: Politoed\n|-enditem|p1a: Politoed|Sitrus Berry|[eat]\n|-heal|p1a: Politoed|57\/100|[from] item: Sitrus Berry\n|move|p2a: Rotom|Thunderbolt|p1a: Politoed\n|-damage|p1a: Politoed|11\/100\n|move|p1a: Politoed|Surf|p2b: Ogerpon|[spread] p2a,p2b\n|-supereffective|p2a: Rotom\n|-damage|p2a: Rotom|0 fnt\n|-damage|p2b: Ogerpon|53\/100\n|faint|p2a: Rotom\n|\n|upkeep\n|turn|8\n|c|\u2606Kialla|GGs\n|\n|t:|1699666629\n|move|p2b: Ogerpon|Horn Leech|p1a: Politoed\n|-resisted|p1a: Politoed\n|-damage|p1a: Politoed|0 fnt\n|-heal|p2b: Ogerpon|59\/100|[from] drain|[of] p1a: Politoed\n|faint|p1a: Politoed\n|\n|win|Kialla\n|raw|Obliteration_1's rating: 1081 &rarr; <strong>1054<\/strong><br \/>(-27 for losing)\n|raw|Kialla's rating: 1000 &rarr; <strong>1049<\/strong><br \/>(+49 for winning)\n|l|\u2606Obliteration_1\n","uploadtime":1699666645,"views":28,"p1id":"obliteration1","p2id":"kialla","formatid":"gen9vgc2023regulatione","rating":1049,"private":0,"password":""}