{"id":"gen9vgc2023regulatione-1998577454","p1":"MentalSyndrome","p2":"yungelghonami","format":"[Gen 9] VGC 2023 Regulation E","log":"|j|\u2606MentalSyndrome\n|j|\u2606yungelghonami\n|t:|1700958540\n|gametype|doubles\n|player|p1|MentalSyndrome|byron|1121\n|player|p2|yungelghonami|265|1091\n|teamsize|p1|6\n|teamsize|p2|6\n|gen|9\n|tier|[Gen 9] VGC 2023 Regulation E\n|rated|\n|rule|Species Clause: Limit one of each Pok\u00e9mon\n|rule|Item Clause: Limit one of each item\n|clearpoke\n|poke|p1|Tornadus, L50, M|\n|poke|p1|Zapdos, L50|\n|poke|p1|Lucario, L50, F|\n|poke|p1|Arbok, L50, F|\n|poke|p1|Breloom, L50, M|\n|poke|p1|Tinkaton, L50, F|\n|poke|p2|Bellibolt, L50, M|\n|poke|p2|Scream Tail, L50|\n|poke|p2|Sinistcha, L50|\n|poke|p2|Mudsdale, L50, F|\n|poke|p2|Pawmot, L50, M|\n|poke|p2|Ninetales-Alola, L50, F|\n|teampreview|4\n|c|\u2606MentalSyndrome|oh no\n|c|\u2606MentalSyndrome|idk why\n|c|\u2606MentalSyndrome|but this team strikes fear into me\n|inactive|Battle timer is ON: inactive players will automatically lose when time's up. (requested by yungelghonami)\n|\n|t:|1700958583\n|start\n|switch|p1a: Tornadus|Tornadus, L50, M|100\/100\n|switch|p1b: Lucario|Lucario, L50, F|100\/100\n|switch|p2a: Ninetales|Ninetales-Alola, L50, F|100\/100\n|switch|p2b: Scream Tail|Scream Tail, L50|100\/100\n|-weather|Snow|[from] ability: Snow Warning|[of] p2a: Ninetales\n|turn|1\n|\n|t:|1700958596\n|move|p2a: Ninetales|Protect|p2a: Ninetales\n|-singleturn|p2a: Ninetales|Protect\n|move|p1b: Lucario|Detect|p1b: Lucario\n|-singleturn|p1b: Lucario|Protect\n|move|p1a: Tornadus|Rain Dance|p1a: Tornadus\n|-weather|RainDance\n|move|p2b: Scream Tail|Trick Room|p2b: Scream Tail\n|-fieldstart|move: Trick Room|[of] p2b: Scream Tail\n|\n|-weather|RainDance|[upkeep]\n|upkeep\n|turn|2\n|inactive|MentalSyndrome has 30 seconds left.\n|\n|t:|1700958624\n|switch|p2a: Mudsdale|Mudsdale, L50, F|100\/100\n|move|p2b: Scream Tail|Disable|p1a: Tornadus\n|-start|p1a: Tornadus|Disable|Rain Dance\n|move|p1b: Lucario|Earthquake|p2b: Scream Tail|[spread] p2a,p2b\n|-immune|p1a: Tornadus\n|-damage|p2a: Mudsdale|72\/100\n|-damage|p2b: Scream Tail|78\/100\n|-ability|p2a: Mudsdale|Stamina|boost\n|-boost|p2a: Mudsdale|def|1\n|-damage|p1b: Lucario|91\/100|[from] item: Life Orb\n|move|p1a: Tornadus|Bleakwind Storm|p2a: Mudsdale|[spread] p2a,p2b\n|-damage|p2a: Mudsdale|51\/100\n|-damage|p2b: Scream Tail|57\/100\n|-ability|p2a: Mudsdale|Stamina|boost\n|-boost|p2a: Mudsdale|def|1\n|\n|-weather|RainDance|[upkeep]\n|upkeep\n|turn|3\n|inactive|yungelghonami has 30 seconds left.\n|\n|t:|1700958656\n|-end|p2b: Scream Tail|Protosynthesis|[silent]\n|switch|p2b: Ninetales|Ninetales-Alola, L50, F|100\/100\n|-weather|Snow|[from] ability: Snow Warning|[of] p2b: Ninetales\n|move|p1a: Tornadus|Protect|p1a: Tornadus\n|-singleturn|p1a: Tornadus|Protect\n|move|p1b: Lucario|Detect|p1b: Lucario\n|-singleturn|p1b: Lucario|Protect\n|move|p2a: Mudsdale|Body Press|p1b: Lucario\n|-activate|p1b: Lucario|move: Protect\n|\n|-weather|Snow|[upkeep]\n|upkeep\n|turn|4\n|\n|t:|1700958673\n|switch|p2b: Bellibolt|Bellibolt, L50, M|100\/100\n|switch|p1a: Breloom|Breloom, L50, M|100\/100\n|move|p1b: Lucario|Bullet Punch|p2b: Bellibolt\n|-resisted|p2b: Bellibolt\n|-damage|p2b: Bellibolt|88\/100\n|-start|p2b: Bellibolt|Charge|Bullet Punch|[from] ability: Electromorphosis\n|-damage|p1b: Lucario|81\/100|[from] item: Life Orb\n|move|p2a: Mudsdale|Bulldoze|p1b: Lucario|[spread] p2b,p1a,p1b\n|-supereffective|p2b: Bellibolt\n|-resisted|p1a: Breloom\n|-supereffective|p1b: Lucario\n|-damage|p2b: Bellibolt|46\/100\n|-damage|p1a: Breloom|82\/100\n|-damage|p1b: Lucario|5\/100\n|-unboost|p2b: Bellibolt|spe|1\n|-unboost|p1a: Breloom|spe|1\n|-unboost|p1b: Lucario|spe|1\n|-start|p2b: Bellibolt|Charge|Bulldoze|[from] ability: Electromorphosis\n|-enditem|p2b: Bellibolt|Weakness Policy\n|-boost|p2b: Bellibolt|atk|2|[from] item: Weakness Policy\n|-boost|p2b: Bellibolt|spa|2|[from] item: Weakness Policy\n|\n|-weather|Snow|[upkeep]\n|upkeep\n|turn|5\n|inactive|yungelghonami has 30 seconds left.\n|\n|t:|1700958703\n|switch|p1b: Zapdos|Zapdos, L50|100\/100\n|move|p2b: Bellibolt|Parabolic Charge|p1a: Breloom|[spread] p1a,p1b\n|-immune|p2a: Mudsdale\n|-resisted|p1a: Breloom\n|-damage|p1a: Breloom|0 fnt\n|-heal|p2b: Bellibolt|72\/100|[from] drain|[of] p1a: Breloom\n|-damage|p1b: Zapdos|46\/100\n|-heal|p2b: Bellibolt|97\/100|[from] drain|[of] p1b: Zapdos\n|faint|p1a: Breloom\n|-end|p2b: Bellibolt|Charge|[silent]\n|move|p2a: Mudsdale|Heavy Slam|p1b: Zapdos\n|-resisted|p1b: Zapdos\n|-damage|p1b: Zapdos|23\/100\n|\n|-weather|Snow|[upkeep]\n|-fieldend|move: Trick Room\n|upkeep\n|\n|t:|1700958713\n|switch|p1a: Tornadus|Tornadus, L50, M|100\/100\n|turn|6\n|inactive|MentalSyndrome has 30 seconds left.\n|\n|t:|1700958746\n|move|p1a: Tornadus|Protect|p1a: Tornadus\n|-singleturn|p1a: Tornadus|Protect\n|move|p2b: Bellibolt|Protect|p2b: Bellibolt\n|-singleturn|p2b: Bellibolt|Protect\n|move|p1b: Zapdos|Weather Ball|p2a: Mudsdale\n|-supereffective|p2a: Mudsdale\n|-damage|p2a: Mudsdale|6\/100\n|-ability|p2a: Mudsdale|Stamina|boost\n|-boost|p2a: Mudsdale|def|1\n|move|p2a: Mudsdale|Body Press|p1b: Zapdos\n|-resisted|p1b: Zapdos\n|-damage|p1b: Zapdos|0 fnt\n|faint|p1b: Zapdos\n|\n|-weather|Snow|[upkeep]\n|upkeep\n|\n|t:|1700958755\n|switch|p1b: Lucario|Lucario, L50, F|5\/100\n|turn|7\n|\n|t:|1700958773\n|switch|p2a: Scream Tail|Scream Tail, L50|57\/100\n|move|p1a: Tornadus|Bleakwind Storm|p2b: Bellibolt|[spread] p2a,p2b\n|-resisted|p2b: Bellibolt\n|-damage|p2a: Scream Tail|37\/100\n|-damage|p2b: Bellibolt|82\/100\n|-start|p2b: Bellibolt|Charge|Bleakwind Storm|[from] ability: Electromorphosis\n|move|p1b: Lucario|Earthquake|p2b: Bellibolt|[spread] p2a,p2b\n|-immune|p1a: Tornadus\n|-supereffective|p2b: Bellibolt\n|-crit|p2b: Bellibolt\n|-damage|p2a: Scream Tail|13\/100\n|-damage|p2b: Bellibolt|0 fnt\n|faint|p2b: Bellibolt\n|-damage|p1b: Lucario|0 fnt|[from] item: Life Orb\n|faint|p1b: Lucario\n|\n|-weather|none\n|upkeep\n|\n|t:|1700958789\n|switch|p2b: Ninetales|Ninetales-Alola, L50, F|100\/100\n|-weather|Snow|[from] ability: Snow Warning|[of] p2b: Ninetales\n|turn|8\n|\n|t:|1700958799\n|-terastallize|p1a: Tornadus|Dark\n|move|p1a: Tornadus|Bleakwind Storm|p2a: Scream Tail|[spread] p2a,p2b\n|-damage|p2a: Scream Tail|0 fnt\n|-damage|p2b: Ninetales|70\/100\n|-unboost|p2b: Ninetales|spe|1\n|faint|p2a: Scream Tail\n|-end|p2a: Scream Tail|Protosynthesis|[silent]\n|move|p2b: Ninetales|Blizzard|p1a: Tornadus\n|-damage|p1a: Tornadus|61\/100\n|\n|-weather|Snow|[upkeep]\n|upkeep\n|\n|t:|1700958809\n|switch|p2a: Mudsdale|Mudsdale, L50, F|6\/100\n|turn|9\n|\n|t:|1700958814\n|move|p1a: Tornadus|Protect|p1a: Tornadus\n|-singleturn|p1a: Tornadus|Protect\n|move|p2b: Ninetales|Dazzling Gleam|p1a: Tornadus\n|-activate|p1a: Tornadus|move: Protect\n|move|p2a: Mudsdale|Body Press|p1a: Tornadus\n|-activate|p1a: Tornadus|move: Protect\n|\n|-weather|Snow|[upkeep]\n|upkeep\n|turn|10\n|\n|t:|1700958825\n|move|p1a: Tornadus|Bleakwind Storm|p2b: Ninetales|[spread] p2a\n|-miss|p1a: Tornadus|p2b: Ninetales\n|-damage|p2a: Mudsdale|0 fnt\n|faint|p2a: Mudsdale\n|move|p2b: Ninetales|Dazzling Gleam|p1a: Tornadus\n|-supereffective|p1a: Tornadus\n|-damage|p1a: Tornadus|12\/100\n|\n|-weather|Snow|[upkeep]\n|upkeep\n|turn|11\n|c|\u2606MentalSyndrome|gg\n|\n|t:|1700958836\n|-terastallize|p2b: Ninetales|Fairy\n|move|p1a: Tornadus|Bleakwind Storm|p2b: Ninetales|[miss]\n|-miss|p1a: Tornadus|p2b: Ninetales\n|move|p2b: Ninetales|Dazzling Gleam|p1a: Tornadus\n|-supereffective|p1a: Tornadus\n|-damage|p1a: Tornadus|0 fnt\n|faint|p1a: Tornadus\n|\n|win|yungelghonami\n|raw|MentalSyndrome's rating: 1121 &rarr; <strong>1094<\/strong><br \/>(-27 for losing)\n|raw|yungelghonami's rating: 1091 &rarr; <strong>1120<\/strong><br \/>(+29 for winning)\n","uploadtime":1700958855,"views":20,"p1id":"mentalsyndrome","p2id":"yungelghonami","formatid":"gen9vgc2023regulatione","rating":1094,"private":0,"password":""}