{"id":"gen9vgc2023regulatione-1992383752","p1":"KumpelYD","p2":"Tempest brute","format":"[Gen 9] VGC 2023 Regulation E","log":"|j|\u2606KumpelYD\n|j|\u2606Tempest brute\n|t:|1700181287\n|gametype|doubles\n|player|p1|KumpelYD|volkner|1601\n|player|p2|Tempest brute|veteran|1632\n|teamsize|p1|6\n|teamsize|p2|6\n|gen|9\n|tier|[Gen 9] VGC 2023 Regulation E\n|rated|\n|rule|Species Clause: Limit one of each Pok\u00e9mon\n|rule|Item Clause: Limit one of each item\n|clearpoke\n|poke|p1|Ting-Lu, L50|\n|poke|p1|Cresselia, L50, F|\n|poke|p1|Arcanine, L50, F|\n|poke|p1|Ogerpon-Wellspring, L50, F|\n|poke|p1|Kommo-o, L50, F|\n|poke|p1|Ninetales-Alola, L50, F|\n|poke|p2|Iron Valiant, L50|\n|poke|p2|Ting-Lu, L50|\n|poke|p2|Ogerpon-Hearthflame, L50, F|\n|poke|p2|Rotom-Wash, L50|\n|poke|p2|Gholdengo, L50|\n|poke|p2|Dragonite, L50, M|\n|teampreview|4\n|inactive|Battle timer is ON: inactive players will automatically lose when time's up. (requested by KumpelYD)\n|inactive|KumpelYD has 60 seconds left.\n|\n|t:|1700181318\n|start\n|switch|p1a: Ninetales|Ninetales-Alola, L50, F|100\/100\n|switch|p1b: Ogerpon|Ogerpon-Wellspring, L50, F|100\/100\n|switch|p2a: Ogerpon|Ogerpon-Hearthflame, L50, F|100\/100\n|switch|p2b: Iron Valiant|Iron Valiant, L50|100\/100\n|-weather|Snow|[from] ability: Snow Warning|[of] p1a: Ninetales\n|-ability|p2a: Ogerpon|Mold Breaker\n|-enditem|p2b: Iron Valiant|Booster Energy\n|-activate|p2b: Iron Valiant|ability: Quark Drive|[fromitem]\n|-start|p2b: Iron Valiant|quarkdrivespe\n|turn|1\n|\n|t:|1700181338\n|move|p1a: Ninetales|Protect|p1a: Ninetales\n|-singleturn|p1a: Ninetales|Protect\n|move|p2b: Iron Valiant|Spirit Break|p1a: Ninetales\n|-activate|p1a: Ninetales|move: Protect\n|move|p1b: Ogerpon|Ivy Cudgel|p2b: Iron Valiant|[anim] Ivy Cudgel Water\n|-damage|p2b: Iron Valiant|33\/100\n|move|p2a: Ogerpon|Ivy Cudgel|p1b: Ogerpon|[anim] Ivy Cudgel Fire\n|-crit|p1b: Ogerpon\n|-damage|p1b: Ogerpon|18\/100\n|\n|-weather|Snow|[upkeep]\n|upkeep\n|turn|2\n|\n|t:|1700181360\n|move|p1b: Ogerpon|Spiky Shield|p1b: Ogerpon\n|-singleturn|p1b: Ogerpon|move: Protect\n|move|p2b: Iron Valiant|Encore|p1a: Ninetales\n|-start|p1a: Ninetales|Encore\n|move|p1a: Ninetales|Protect|p1a: Ninetales\n|-singleturn|p1a: Ninetales|Protect\n|move|p2a: Ogerpon|Horn Leech|p1b: Ogerpon\n|-activate|p1b: Ogerpon|move: Protect\n|-damage|p2a: Ogerpon|88\/100|[from] Spiky Shield|[of] p1b: Ogerpon\n|\n|-weather|Snow|[upkeep]\n|upkeep\n|turn|3\n|\n|t:|1700181377\n|switch|p1a: Cresselia|Cresselia, L50, F|100\/100\n|switch|p1b: Ting-Lu|Ting-Lu, L50|100\/100\n|-ability|p1b: Ting-Lu|Vessel of Ruin\n|move|p2b: Iron Valiant|Spirit Break|p1b: Ting-Lu\n|-supereffective|p1b: Ting-Lu\n|-damage|p1b: Ting-Lu|72\/100\n|-unboost|p1b: Ting-Lu|spa|1\n|move|p2a: Ogerpon|Ivy Cudgel|p1a: Cresselia|[anim] Ivy Cudgel Fire\n|-damage|p1a: Cresselia|72\/100\n|\n|-weather|Snow|[upkeep]\n|-heal|p1b: Ting-Lu|79\/100|[from] item: Leftovers\n|upkeep\n|turn|4\n|\n|t:|1700181397\n|-terastallize|p1b: Ting-Lu|Poison\n|move|p2b: Iron Valiant|Spirit Break|p1b: Ting-Lu\n|-resisted|p1b: Ting-Lu\n|-damage|p1b: Ting-Lu|72\/100\n|-unboost|p1b: Ting-Lu|spa|1\n|move|p2a: Ogerpon|Ivy Cudgel|p1a: Cresselia|[anim] Ivy Cudgel Fire\n|-damage|p1a: Cresselia|48\/100\n|move|p1b: Ting-Lu|Fissure|p2a: Ogerpon\n|-damage|p2a: Ogerpon|0 fnt\n|faint|p2a: Ogerpon\n|-ohko\n|move|p1a: Cresselia|Trick Room|p1a: Cresselia\n|-fieldstart|move: Trick Room|[of] p1a: Cresselia\n|\n|-weather|Snow|[upkeep]\n|-heal|p1b: Ting-Lu|78\/100|[from] item: Leftovers\n|upkeep\n|\n|t:|1700181411\n|switch|p2a: Klefki Lu|Ting-Lu, L50|100\/100\n|-ability|p2a: Klefki Lu|Vessel of Ruin\n|turn|5\n|\n|t:|1700181418\n|move|p2b: Iron Valiant|Protect|p2b: Iron Valiant\n|-singleturn|p2b: Iron Valiant|Protect\n|move|p1b: Ting-Lu|Fissure|p2a: Klefki Lu|[miss]\n|-miss|p1b: Ting-Lu|p2a: Klefki Lu\n|move|p2a: Klefki Lu|Throat Chop|p1a: Cresselia\n|-supereffective|p1a: Cresselia\n|-damage|p1a: Cresselia|12\/100\n|-start|p1a: Cresselia|Throat Chop|[silent]\n|move|p1a: Cresselia|Mud-Slap|p2a: Klefki Lu\n|-damage|p2a: Klefki Lu|98\/100\n|-unboost|p2a: Klefki Lu|accuracy|1\n|\n|-weather|none\n|-heal|p2a: Klefki Lu|100\/100|[from] item: Leftovers\n|-heal|p1b: Ting-Lu|84\/100|[from] item: Leftovers\n|upkeep\n|turn|6\n|\n|t:|1700181448\n|move|p1b: Ting-Lu|Stomping Tantrum|p2b: Iron Valiant\n|-damage|p2b: Iron Valiant|0 fnt\n|faint|p2b: Iron Valiant\n|-end|p2b: Iron Valiant|Quark Drive|[silent]\n|move|p2a: Klefki Lu|Throat Chop|p1a: Cresselia|[miss]\n|-miss|p2a: Klefki Lu|p1a: Cresselia\n|move|p1a: Cresselia|Lunar Blessing|p1a: Cresselia|[spread] p1a,p1b\n|-heal|p1a: Cresselia|37\/100\n|-heal|p1b: Ting-Lu|100\/100\n|\n|-end|p1a: Cresselia|Throat Chop|[silent]\n|upkeep\n|\n|t:|1700181452\n|switch|p2b: Gholdengo|Gholdengo, L50|100\/100\n|turn|7\n|\n|t:|1700181460\n|-terastallize|p2b: Gholdengo|Steel\n|move|p1b: Ting-Lu|Fissure|p2a: Klefki Lu|[miss]\n|-miss|p1b: Ting-Lu|p2a: Klefki Lu\n|move|p2a: Klefki Lu|Throat Chop|p1a: Cresselia|[miss]\n|-miss|p2a: Klefki Lu|p1a: Cresselia\n|move|p2b: Gholdengo|Make It Rain|p1b: Ting-Lu|[spread] p1a,p1b\n|-damage|p1a: Cresselia|9\/100\n|-damage|p1b: Ting-Lu|70\/100\n|-unboost|p2b: Gholdengo|spa|1\n|move|p1a: Cresselia|Mud-Slap|p2b: Gholdengo\n|-supereffective|p2b: Gholdengo\n|-damage|p2b: Gholdengo|95\/100\n|-unboost|p2b: Gholdengo|accuracy|1\n|\n|-heal|p1b: Ting-Lu|76\/100|[from] item: Leftovers\n|upkeep\n|turn|8\n|\n|t:|1700181474\n|move|p2b: Gholdengo|Protect|p2b: Gholdengo\n|-singleturn|p2b: Gholdengo|Protect\n|move|p2a: Klefki Lu|Throat Chop|p1a: Cresselia|[miss]\n|-miss|p2a: Klefki Lu|p1a: Cresselia\n|move|p1b: Ting-Lu|Stomping Tantrum|p2b: Gholdengo\n|-activate|p2b: Gholdengo|move: Protect\n|move|p1a: Cresselia|Lunar Blessing|p1a: Cresselia|[spread] p1a,p1b\n|-heal|p1a: Cresselia|34\/100\n|-heal|p1b: Ting-Lu|100\/100\n|\n|-fieldend|move: Trick Room\n|upkeep\n|turn|9\n|\n|t:|1700181484\n|move|p1a: Cresselia|Lunar Blessing|p1a: Cresselia|[spread] p1a,p1b\n|-heal|p1a: Cresselia|59\/100\n|move|p2b: Gholdengo|Shadow Ball|p1a: Cresselia|[miss]\n|-miss|p2b: Gholdengo|p1a: Cresselia\n|move|p1b: Ting-Lu|Fissure|p2a: Klefki Lu|[miss]\n|-miss|p1b: Ting-Lu|p2a: Klefki Lu\n|move|p2a: Klefki Lu|Throat Chop|p1a: Cresselia\n|-supereffective|p1a: Cresselia\n|-damage|p1a: Cresselia|27\/100\n|-start|p1a: Cresselia|Throat Chop|[silent]\n|\n|upkeep\n|turn|10\n|\n|t:|1700181501\n|switch|p1a: Ninetales|Ninetales-Alola, L50, F|100\/100\n|-weather|Snow|[from] ability: Snow Warning|[of] p1a: Ninetales\n|move|p2b: Gholdengo|Protect|p2b: Gholdengo\n|-singleturn|p2b: Gholdengo|Protect\n|move|p2a: Klefki Lu|Throat Chop|p1a: Ninetales\n|-resisted|p1a: Ninetales\n|-damage|p1a: Ninetales|90\/100\n|-start|p1a: Ninetales|Throat Chop|[silent]\n|move|p1b: Ting-Lu|Fissure|p2a: Klefki Lu|[miss]\n|-miss|p1b: Ting-Lu|p2a: Klefki Lu\n|\n|-weather|Snow|[upkeep]\n|upkeep\n|turn|11\n|\n|t:|1700181515\n|move|p1a: Ninetales|Protect|p1a: Ninetales\n|-singleturn|p1a: Ninetales|Protect\n|move|p2a: Klefki Lu|Protect|p2a: Klefki Lu\n|-singleturn|p2a: Klefki Lu|Protect\n|move|p2b: Gholdengo|Make It Rain|p1a: Ninetales|[spread] p1b\n|-activate|p1a: Ninetales|move: Protect\n|-damage|p1b: Ting-Lu|80\/100\n|-unboost|p2b: Gholdengo|spa|1\n|move|p1b: Ting-Lu|Stomping Tantrum|p2b: Gholdengo\n|-supereffective|p2b: Gholdengo\n|-damage|p2b: Gholdengo|0 fnt\n|-damage|p1b: Ting-Lu|64\/100|[from] item: Rocky Helmet|[of] p2b: Gholdengo\n|faint|p2b: Gholdengo\n|\n|-weather|Snow|[upkeep]\n|-heal|p1b: Ting-Lu|70\/100|[from] item: Leftovers\n|-end|p1a: Ninetales|Throat Chop|[silent]\n|upkeep\n|turn|12\n|-message|Tempest brute forfeited.\n|\n|win|KumpelYD\n|raw|KumpelYD's rating: 1601 &rarr; <strong>1623<\/strong><br \/>(+22 for winning)\n|raw|Tempest brute's rating: 1632 &rarr; <strong>1610<\/strong><br \/>(-22 for losing)\n|l|\u2606Tempest brute\n","uploadtime":1700181678,"views":49,"p1id":"kumpelyd","p2id":"tempestbrute","formatid":"gen9vgc2023regulatione","rating":1610,"private":0,"password":""}