{"id":"gen9vgc2023regulatione-1989979978","p1":"CharlienoB","p2":"LegacyShowden","format":"[Gen 9] VGC 2023 Regulation E","log":"|j|\u2606CharlienoB\n|j|\u2606LegacyShowden\n|t:|1699912154\n|gametype|doubles\n|player|p1|CharlienoB|2|1159\n|player|p2|LegacyShowden|rosa|1127\n|teamsize|p1|6\n|teamsize|p2|6\n|gen|9\n|tier|[Gen 9] VGC 2023 Regulation E\n|rated|\n|rule|Species Clause: Limit one of each Pok\u00e9mon\n|rule|Item Clause: Limit one of each item\n|clearpoke\n|poke|p1|Espathra, L50, F|\n|poke|p1|Empoleon, L50, F|\n|poke|p1|Chi-Yu, L50|\n|poke|p1|Sableye, L50, M|\n|poke|p1|Ogerpon-Cornerstone, L50, F|\n|poke|p1|Landorus-Therian, L50, M|\n|poke|p2|Landorus-Therian, L50, M|\n|poke|p2|Samurott-Hisui, L50, M|\n|poke|p2|Kommo-o, L50, M|\n|poke|p2|Heatran, L50, M|\n|poke|p2|Rillaboom, L50, M|\n|poke|p2|Flutter Mane, L50|\n|teampreview|4\n|inactive|Battle timer is ON: inactive players will automatically lose when time's up. (requested by LegacyShowden)\n|inactive|CharlienoB has 60 seconds left.\n|inactive|LegacyShowden has 60 seconds left.\n|\n|t:|1699912198\n|start\n|switch|p1a: Sableye|Sableye, L50, M|100\/100\n|switch|p1b: Espathra|Espathra, L50, F|100\/100\n|switch|p2a: Rillaboom|Rillaboom, L50, M|100\/100\n|switch|p2b: Samurott|Samurott-Hisui, L50, M|100\/100\n|-fieldstart|move: Grassy Terrain|[from] ability: Grassy Surge|[of] p2a: Rillaboom\n|turn|1\n|\n|t:|1699912216\n|switch|p2b: Heatran|Heatran, L50, M, shiny|100\/100\n|move|p1b: Espathra|Protect|p1b: Espathra\n|-singleturn|p1b: Espathra|Protect\n|move|p2a: Rillaboom|Fake Out|p1b: Espathra\n|-activate|p1b: Espathra|move: Protect\n|move|p1a: Sableye|Reflect|p1a: Sableye\n|-sidestart|p1: CharlienoB|Reflect\n|\n|-ability|p1b: Espathra|Speed Boost|boost\n|-boost|p1b: Espathra|spe|1\n|upkeep\n|turn|2\n|inactive|CharlienoB has 30 seconds left.\n|\n|t:|1699912245\n|move|p1a: Sableye|Light Screen|p1a: Sableye\n|-sidestart|p1: CharlienoB|move: Light Screen\n|move|p1b: Espathra|Skill Swap|p1a: Sableye\n|-activate|p1b: Espathra|move: Skill Swap|||[of] p1a: Sableye\n|move|p2a: Rillaboom|U-turn|p1b: Espathra\n|-supereffective|p1b: Espathra\n|-damage|p1b: Espathra|70\/100\n|\n|t:|1699912252\n|switch|p2a: Samurott|Samurott-Hisui, L50, M|100\/100|[from] U-turn\n|move|p2b: Heatran|Heat Wave|p1a: Sableye|[spread] p1a,p1b\n|-damage|p1a: Sableye|64\/100\n|-damage|p1b: Espathra|39\/100\n|-enditem|p1b: Espathra|Sitrus Berry|[eat]\n|-heal|p1b: Espathra|64\/100|[from] item: Sitrus Berry\n|\n|-heal|p1b: Espathra|70\/100|[from] Grassy Terrain\n|-heal|p1a: Sableye|69\/100|[from] Grassy Terrain\n|-ability|p1a: Sableye|Speed Boost|boost\n|-boost|p1a: Sableye|spe|1\n|upkeep\n|turn|3\n|\n|t:|1699912275\n|switch|p1a: Empoleon|Empoleon, L50, F|100\/100\n|move|p1b: Espathra|Skill Swap|p2b: Heatran\n|-activate|p1b: Espathra|move: Skill Swap|Flash Fire|Prankster|[of] p2b: Heatran\n|move|p2a: Samurott|Ceaseless Edge|p1a: Empoleon\n|-damage|p1a: Empoleon|76\/100\n|-sidestart|p1: CharlienoB|Spikes\n|move|p2b: Heatran|Heat Wave|p1b: Espathra|[spread] p1a\n|-start|p1b: Espathra|ability: Flash Fire\n|-damage|p1a: Empoleon|62\/100\n|\n|-heal|p1b: Espathra|76\/100|[from] Grassy Terrain\n|-heal|p1a: Empoleon|68\/100|[from] Grassy Terrain\n|upkeep\n|turn|4\n|inactive|CharlienoB has 30 seconds left.\n|inactive|LegacyShowden has 30 seconds left.\n|\n|t:|1699912303\n|move|p1b: Espathra|Lumina Crash|p2b: Heatran\n|-resisted|p2b: Heatran\n|-damage|p2b: Heatran|90\/100\n|-unboost|p2b: Heatran|spd|2\n|move|p2a: Samurott|Razor Shell|p1b: Espathra\n|-damage|p1b: Espathra|44\/100\n|move|p2b: Heatran|Flash Cannon|p1b: Espathra\n|-damage|p1b: Espathra|10\/100\n|move|p1a: Empoleon|Hydro Pump|p2b: Heatran\n|-supereffective|p2b: Heatran\n|-damage|p2b: Heatran|0 fnt\n|faint|p2b: Heatran\n|\n|-heal|p1b: Espathra|16\/100|[from] Grassy Terrain\n|-heal|p1a: Empoleon|73\/100|[from] Grassy Terrain\n|upkeep\n|\n|t:|1699912316\n|switch|p2b: Landorus|Landorus-Therian, L50, M|100\/100\n|-ability|p2b: Landorus|Intimidate|boost\n|-unboost|p1a: Empoleon|atk|1\n|-ability|p1a: Empoleon|Competitive|boost\n|-boost|p1a: Empoleon|spa|2\n|-unboost|p1b: Espathra|atk|1\n|turn|5\n|inactive|CharlienoB has 30 seconds left.\n|\n|t:|1699912344\n|-terastallize|p1a: Empoleon|Water\n|move|p1b: Espathra|Protect|p1b: Espathra\n|-singleturn|p1b: Espathra|Protect\n|move|p2b: Landorus|Stomping Tantrum|p1a: Empoleon\n|-damage|p1a: Empoleon|51\/100\n|move|p2a: Samurott|Ceaseless Edge|p1a: Empoleon\n|-damage|p1a: Empoleon|27\/100\n|-sidestart|p1: CharlienoB|Spikes\n|move|p1a: Empoleon|Hydro Pump|p2b: Landorus|[miss]\n|-miss|p1a: Empoleon|p2b: Landorus\n|\n|-heal|p1b: Espathra|22\/100|[from] Grassy Terrain\n|-heal|p1a: Empoleon|32\/100|[from] Grassy Terrain\n|-fieldend|move: Grassy Terrain\n|upkeep\n|turn|6\n|inactive|CharlienoB has 30 seconds left.\n|inactive|LegacyShowden has 30 seconds left.\n|\n|t:|1699912377\n|-end|p1b: Espathra|ability: Flash Fire|[silent]\n|switch|p1b: Sableye|Sableye, L50, M|69\/100\n|-damage|p1b: Sableye|53\/100|[from] Spikes\n|move|p2b: Landorus|Stomping Tantrum|p1b: Sableye\n|-damage|p1b: Sableye|23\/100\n|move|p2a: Samurott|Ceaseless Edge|p1a: Empoleon\n|-damage|p1a: Empoleon|7\/100\n|-sidestart|p1: CharlienoB|Spikes\n|move|p1a: Empoleon|Hydro Pump|p2b: Landorus\n|-supereffective|p2b: Landorus\n|-damage|p2b: Landorus|0 fnt\n|faint|p2b: Landorus\n|\n|upkeep\n|\n|t:|1699912386\n|switch|p2b: Rillaboom|Rillaboom, L50, M|100\/100\n|-fieldstart|move: Grassy Terrain|[from] ability: Grassy Surge|[of] p2b: Rillaboom\n|turn|7\n|inactive|CharlienoB has 30 seconds left.\n|inactive|CharlienoB has 20 seconds left.\n|\n|t:|1699912421\n|move|p2a: Samurott|Sucker Punch|p1a: Empoleon\n|-damage|p1a: Empoleon|0 fnt\n|faint|p1a: Empoleon\n|move|p2b: Rillaboom|Grassy Glide|p1b: Sableye\n|-damage|p1b: Sableye|0 fnt\n|faint|p1b: Sableye\n|\n|upkeep\n|\n|t:|1699912430\n|switch|p1a: Chi-Yu|Chi-Yu, L50|100\/100\n|switch|p1b: Espathra|Espathra, L50, F|22\/100\n|-damage|p1b: Espathra|0 fnt|[from] Spikes\n|faint|p1b: Espathra\n|-damage|p1a: Chi-Yu|76\/100|[from] Spikes\n|-ability|p1a: Chi-Yu|Beads of Ruin\n|turn|8\n|\n|t:|1699912442\n|-terastallize|p2b: Rillaboom|Fire\n|move|p2a: Samurott|Razor Shell|p1a: Chi-Yu\n|-supereffective|p1a: Chi-Yu\n|-damage|p1a: Chi-Yu|2\/100\n|move|p1a: Chi-Yu|Nasty Plot|p1a: Chi-Yu\n|-boost|p1a: Chi-Yu|spa|2\n|move|p2b: Rillaboom|Drain Punch|p1a: Chi-Yu\n|-supereffective|p1a: Chi-Yu\n|-damage|p1a: Chi-Yu|0 fnt\n|faint|p1a: Chi-Yu\n|\n|win|LegacyShowden\n|raw|CharlienoB's rating: 1159 &rarr; <strong>1132<\/strong><br \/>(-27 for losing)\n|raw|LegacyShowden's rating: 1127 &rarr; <strong>1154<\/strong><br \/>(+27 for winning)\n|l|\u2606CharlienoB\n","uploadtime":1699912453,"views":19,"p1id":"charlienob","p2id":"legacyshowden","formatid":"gen9vgc2023regulatione","rating":1132,"private":0,"password":""}