{"id":"gen9vgc2023regulatione-1996102775","p1":"hai zai zui ying","p2":"kojiminori1","format":"[Gen 9] VGC 2023 Regulation E","log":"|j|\u2606hai zai zui ying\n|j|\u2606kojiminori1\n|t:|1700644493\n|gametype|doubles\n|player|p1|hai zai zui ying|diantha-masters|1456\n|player|p2|kojiminori1|2|1539\n|teamsize|p1|6\n|teamsize|p2|6\n|gen|9\n|tier|[Gen 9] VGC 2023 Regulation E\n|rated|\n|rule|Species Clause: Limit one of each Pok\u00e9mon\n|rule|Item Clause: Limit one of each item\n|clearpoke\n|poke|p1|Pelipper, L50, F|\n|poke|p1|Amoonguss, L50, F|\n|poke|p1|Iron Hands, L50|\n|poke|p1|Urshifu-*, L50, M|\n|poke|p1|Gholdengo, L50|\n|poke|p1|Ogerpon, L50, F|\n|poke|p2|Flutter Mane, L50|\n|poke|p2|Amoonguss, L50, F|\n|poke|p2|Milotic, L50, M|\n|poke|p2|Landorus-Therian, L50, M|\n|poke|p2|Chi-Yu, L50|\n|poke|p2|Sneasler, L50, M|\n|teampreview|4\n|inactive|Battle timer is ON: inactive players will automatically lose when time's up. (requested by kojiminori1)\n|inactive|hai zai zui ying has 60 seconds left.\n|\n|t:|1700644550\n|start\n|switch|p1a: Iron Hands|Iron Hands, L50|100\/100\n|switch|p1b: Pelipper|Pelipper, L50, F|100\/100\n|switch|p2a: Flutter Mane|Flutter Mane, L50|100\/100\n|switch|p2b: Chi-Yu|Chi-Yu, L50|100\/100\n|-ability|p2b: Chi-Yu|Beads of Ruin\n|-weather|RainDance|[from] ability: Drizzle|[of] p1b: Pelipper\n|turn|1\n|inactive|hai zai zui ying has 30 seconds left.\n|\n|t:|1700644582\n|-terastallize|p2a: Flutter Mane|Fairy\n|move|p2b: Chi-Yu|Dark Pulse|p1b: Pelipper\n|-enditem|p1b: Pelipper|Focus Sash\n|-damage|p1b: Pelipper|1\/100\n|move|p2a: Flutter Mane|Moonblast|p1a: Iron Hands\n|-supereffective|p1a: Iron Hands\n|-damage|p1a: Iron Hands|0 fnt\n|faint|p1a: Iron Hands\n|-end|p1a: Iron Hands|Quark Drive|[silent]\n|cant|p1b: Pelipper|flinch\n|\n|-weather|RainDance|[upkeep]\n|upkeep\n|\n|t:|1700644603\n|switch|p1a: Urshifu|Urshifu-Rapid-Strike, L50, M|100\/100\n|turn|2\n|\n|t:|1700644622\n|move|p2b: Chi-Yu|Dark Pulse|p1b: Pelipper\n|-damage|p1b: Pelipper|0 fnt\n|faint|p1b: Pelipper\n|move|p1a: Urshifu|Surging Strikes|p2a: Flutter Mane\n|-crit|p2a: Flutter Mane\n|-damage|p2a: Flutter Mane|30\/100\n|-crit|p2a: Flutter Mane\n|-damage|p2a: Flutter Mane|0 fnt\n|faint|p2a: Flutter Mane\n|-end|p2a: Flutter Mane|Protosynthesis|[silent]\n|-hitcount|p2: Flutter Mane|2\n|\n|-weather|RainDance|[upkeep]\n|upkeep\n|\n|t:|1700644634\n|switch|p2a: Sneasler|Sneasler, L50, M|100\/100\n|switch|p1b: Ogerpon|Ogerpon, L50, F|100\/100\n|turn|3\n|\n|t:|1700644656\n|move|p2a: Sneasler|Fake Out|p1a: Urshifu\n|-enditem|p2a: Sneasler|Normal Gem|[from] gem\n|-damage|p1a: Urshifu|83\/100\n|move|p2b: Chi-Yu|Dark Pulse|p1b: Ogerpon\n|-damage|p1b: Ogerpon|39\/100\n|cant|p1a: Urshifu|flinch\n|move|p1b: Ogerpon|Swords Dance|p1b: Ogerpon\n|-boost|p1b: Ogerpon|atk|2\n|\n|-weather|RainDance|[upkeep]\n|upkeep\n|turn|4\n|j| 5Sscreen\n|inactive|kojiminori1 has 30 seconds left.\n|\n|t:|1700644690\n|move|p1b: Ogerpon|Spiky Shield|p1b: Ogerpon\n|-singleturn|p1b: Ogerpon|move: Protect\n|move|p2a: Sneasler|Acrobatics|p1a: Urshifu\n|-supereffective|p1a: Urshifu\n|-damage|p1a: Urshifu|0 fnt\n|faint|p1a: Urshifu\n|move|p2b: Chi-Yu|Dark Pulse|p1b: Ogerpon\n|-activate|p1b: Ogerpon|move: Protect\n|\n|-weather|RainDance|[upkeep]\n|upkeep\n|turn|5\n|-message|hai zai zui ying forfeited.\n|\n|win|kojiminori1\n|raw|hai zai zui ying's rating: 1456 &rarr; <strong>1441<\/strong><br \/>(-15 for losing)\n|raw|kojiminori1's rating: 1539 &rarr; <strong>1554<\/strong><br \/>(+15 for winning)\n|l|\u2606hai zai zui ying\n|l|\u2606kojiminori1\n","uploadtime":1700644798,"views":11,"p1id":"haizaizuiying","p2id":"kojiminori1","formatid":"gen9vgc2023regulatione","rating":1441,"private":0,"password":""}