{"id":"gen9vgc2023regulatione-1996097182","p1":"Quintupletofstarly","p2":"Zujjj","format":"[Gen 9] VGC 2023 Regulation E","log":"|j|\u2606Quintupletofstarly\n|j|\u2606Zujjj\n|t:|1700643610\n|gametype|doubles\n|player|p1|Quintupletofstarly|1|1383\n|player|p2|Zujjj|ninjaboy|1312\n|teamsize|p1|6\n|teamsize|p2|6\n|gen|9\n|tier|[Gen 9] VGC 2023 Regulation E\n|rated|\n|rule|Species Clause: Limit one of each Pok\u00e9mon\n|rule|Item Clause: Limit one of each item\n|clearpoke\n|poke|p1|Salamence, L50, M|\n|poke|p1|Iron Hands, L50|\n|poke|p1|Farigiraf, L50, M|\n|poke|p1|Kingambit, L50, M|\n|poke|p1|Politoed, L50, F|\n|poke|p1|Basculegion, L50, M|\n|poke|p2|Rillaboom, L50, M|\n|poke|p2|Landorus, L50, M|\n|poke|p2|Armarouge, L50, M|\n|poke|p2|Iron Hands, L50|\n|poke|p2|Indeedee-F, L50, F|\n|poke|p2|Dusclops, L50, M|\n|teampreview|4\n|inactive|Battle timer is ON: inactive players will automatically lose when time's up. (requested by Quintupletofstarly)\n|\n|t:|1700643640\n|start\n|switch|p1a: Farigiraf|Farigiraf, L50, M|100\/100\n|switch|p1b: Kingambit|Kingambit, L50, M|100\/100\n|switch|p2a: Iron Hands|Iron Hands, L50|100\/100\n|switch|p2b: Dusclops|Dusclops, L50, M|100\/100\n|-item|p1a: Farigiraf|Sitrus Berry|[from] ability: Frisk|[of] p2b: Dusclops|[identify]\n|-item|p1b: Kingambit|Black Glasses|[from] ability: Frisk|[of] p2b: Dusclops|[identify]\n|turn|1\n|\n|t:|1700643664\n|-terastallize|p1b: Kingambit|Poison\n|move|p1a: Farigiraf|Helping Hand|p1b: Kingambit\n|-singleturn|p1b: Kingambit|Helping Hand|[of] p1a: Farigiraf\n|move|p1b: Kingambit|Kowtow Cleave|p2b: Dusclops\n|-supereffective|p2b: Dusclops\n|-damage|p2b: Dusclops|0 fnt\n|faint|p2b: Dusclops\n|move|p2a: Iron Hands|Drain Punch|p1b: Kingambit\n|-resisted|p1b: Kingambit\n|-damage|p1b: Kingambit|74\/100\n|\n|upkeep\n|\n|t:|1700643676\n|switch|p2b: Landorus|Landorus, L50, M, shiny|100\/100\n|turn|2\n|\n|t:|1700643688\n|move|p1b: Kingambit|Sucker Punch|p2b: Landorus\n|-damage|p2b: Landorus|63\/100\n|move|p2b: Landorus|Earth Power|p1b: Kingambit\n|-supereffective|p1b: Kingambit\n|-damage|p1b: Kingambit|0 fnt\n|faint|p1b: Kingambit\n|move|p1a: Farigiraf|Psychic|p2b: Landorus\n|-damage|p2b: Landorus|27\/100\n|move|p2a: Iron Hands|Drain Punch|p1a: Farigiraf\n|-damage|p1a: Farigiraf|40\/100\n|-enditem|p1a: Farigiraf|Sitrus Berry|[eat]\n|-heal|p1a: Farigiraf|65\/100|[from] item: Sitrus Berry\n|\n|-heal|p2b: Landorus|33\/100|[from] item: Leftovers\n|upkeep\n|\n|t:|1700643698\n|switch|p1b: Basculegion|Basculegion, L50, M, shiny|100\/100\n|turn|3\n|\n|t:|1700643716\n|switch|p2b: Rillaboom|Rillaboom, L50, M|100\/100\n|-fieldstart|move: Grassy Terrain|[from] ability: Grassy Surge|[of] p2b: Rillaboom\n|move|p1b: Basculegion|Protect|p1b: Basculegion\n|-singleturn|p1b: Basculegion|Protect\n|move|p1a: Farigiraf|Psychic|p2b: Rillaboom\n|-damage|p2b: Rillaboom|73\/100\n|move|p2a: Iron Hands|Drain Punch|p1b: Basculegion\n|-activate|p1b: Basculegion|move: Protect\n|\n|-heal|p2b: Rillaboom|79\/100|[from] Grassy Terrain\n|-heal|p1a: Farigiraf|71\/100|[from] Grassy Terrain\n|upkeep\n|turn|4\n|\n|t:|1700643737\n|switch|p1b: Politoed|Politoed, L50, F, shiny|100\/100\n|-weather|RainDance|[from] ability: Drizzle|[of] p1b: Politoed\n|move|p2b: Rillaboom|Fake Out||[still]\n|cant|p1a: Farigiraf|ability: Armor Tail|Fake Out|[of] p2b: Rillaboom\n|move|p1a: Farigiraf|Psychic|p2a: Iron Hands\n|-supereffective|p2a: Iron Hands\n|-damage|p2a: Iron Hands|29\/100\n|move|p2a: Iron Hands|Drain Punch|p1a: Farigiraf\n|-damage|p1a: Farigiraf|5\/100\n|-heal|p2a: Iron Hands|57\/100|[from] drain|[of] p1a: Farigiraf\n|\n|-weather|RainDance|[upkeep]\n|-heal|p2b: Rillaboom|85\/100|[from] Grassy Terrain\n|-heal|p1a: Farigiraf|11\/100|[from] Grassy Terrain\n|-heal|p2a: Iron Hands|62\/100|[from] Grassy Terrain\n|upkeep\n|turn|5\n|\n|t:|1700643755\n|move|p2b: Rillaboom|Grassy Glide||[still]\n|cant|p1a: Farigiraf|ability: Armor Tail|Grassy Glide|[of] p2b: Rillaboom\n|move|p1b: Politoed|Icy Wind|p2b: Rillaboom|[spread] p2a,p2b\n|-supereffective|p2b: Rillaboom\n|-damage|p2a: Iron Hands|54\/100\n|-damage|p2b: Rillaboom|72\/100\n|-unboost|p2a: Iron Hands|spe|1\n|-unboost|p2b: Rillaboom|spe|1\n|move|p1a: Farigiraf|Psychic|p2a: Iron Hands\n|-supereffective|p2a: Iron Hands\n|-damage|p2a: Iron Hands|0 fnt\n|faint|p2a: Iron Hands\n|-end|p2a: Iron Hands|Quark Drive|[silent]\n|\n|-weather|RainDance|[upkeep]\n|-heal|p1a: Farigiraf|17\/100|[from] Grassy Terrain\n|-heal|p2b: Rillaboom|78\/100|[from] Grassy Terrain\n|upkeep\n|-message|Zujjj forfeited.\n|\n|win|Quintupletofstarly\n|raw|Quintupletofstarly's rating: 1383 &rarr; <strong>1399<\/strong><br \/>(+16 for winning)\n|raw|Zujjj's rating: 1312 &rarr; <strong>1296<\/strong><br \/>(-16 for losing)\n|l|\u2606Zujjj\n|l|\u2606Quintupletofstarly\n|j|\u2606Quintupletofstarly\n|player|p1|Quintupletofstarly|1\n","uploadtime":1700644247,"views":5,"p1id":"quintupletofstarly","p2id":"zujjj","formatid":"gen9vgc2023regulatione","rating":1296,"private":0,"password":""}