{"id":"gen9vgc2023regulatione-1992516433","p1":"slimeyrose","p2":"tumabt0939","format":"[Gen 9] VGC 2023 Regulation E","log":"|j|\u2606slimeyrose\n|j|\u2606tumabt0939\n|t:|1700198087\n|gametype|doubles\n|player|p1|slimeyrose|1|1202\n|player|p2|tumabt0939|dragontamer|1130\n|teamsize|p1|6\n|teamsize|p2|6\n|gen|9\n|tier|[Gen 9] VGC 2023 Regulation E\n|rated|\n|rule|Species Clause: Limit one of each Pok\u00e9mon\n|rule|Item Clause: Limit one of each item\n|clearpoke\n|poke|p1|Tatsugiri, L50, M|\n|poke|p1|Dondozo, L50, M|\n|poke|p1|Gothitelle, L50, F|\n|poke|p1|Politoed, L50, M|\n|poke|p1|Flamigo, L50, M|\n|poke|p1|Rillaboom, L50, F|\n|poke|p2|Sinistcha-Masterpiece, L50|\n|poke|p2|Ogerpon-Wellspring, L50, F|\n|poke|p2|Mienshao, L50, F|\n|poke|p2|Kingambit, L50, F|\n|poke|p2|Milotic, L50, F|\n|poke|p2|Gliscor, L50, M|\n|teampreview|4\n|inactive|Battle timer is ON: inactive players will automatically lose when time's up. (requested by slimeyrose)\n|\n|t:|1700198112\n|start\n|switch|p1a: Politoed|Politoed, L50, M|100\/100\n|switch|p1b: Tatsugiri|Tatsugiri, L50, M|100\/100\n|switch|p2a: Ogerpon|Ogerpon-Wellspring, L50, F|100\/100\n|switch|p2b: Mienshao|Mienshao, L50, F|100\/100\n|-weather|RainDance|[from] ability: Drizzle|[of] p1a: Politoed\n|turn|1\n|inactive|slimeyrose has 30 seconds left.\n|\n|t:|1700198140\n|-terastallize|p1a: Politoed|Ghost\n|move|p2b: Mienshao|Fake Out|p1b: Tatsugiri\n|-damage|p1b: Tatsugiri|75\/100\n|move|p2a: Ogerpon|Wood Hammer|p1a: Politoed\n|-damage|p1a: Politoed|38\/100\n|-enditem|p1a: Politoed|Sitrus Berry|[eat]\n|-heal|p1a: Politoed|62\/100|[from] item: Sitrus Berry\n|-damage|p2a: Ogerpon|74\/100|[from] Recoil\n|cant|p1b: Tatsugiri|flinch\n|move|p1a: Politoed|Perish Song|p1a: Politoed\n|-start|p1a: Politoed|perish3|[silent]\n|-start|p1b: Tatsugiri|perish3|[silent]\n|-start|p2a: Ogerpon|perish3|[silent]\n|-start|p2b: Mienshao|perish3|[silent]\n|-fieldactivate|move: Perish Song\n|\n|-weather|RainDance|[upkeep]\n|-start|p2a: Ogerpon|perish3\n|-start|p2b: Mienshao|perish3\n|-start|p1b: Tatsugiri|perish3\n|-start|p1a: Politoed|perish3\n|upkeep\n|turn|2\n|inactive|tumabt0939 has 30 seconds left.\n|\n|t:|1700198168\n|switch|p2a: Sinistcha|Sinistcha-Masterpiece, L50|100\/100\n|switch|p1a: Dondozo|Dondozo, L50, M|100\/100\n|-activate|p1b: Tatsugiri|ability: Commander|[of] p1a: Dondozo\n|-boost|p1a: Dondozo|atk|2\n|-boost|p1a: Dondozo|spa|2\n|-boost|p1a: Dondozo|spe|2\n|-boost|p1a: Dondozo|def|2\n|-boost|p1a: Dondozo|spd|2\n|move|p2b: Mienshao|U-turn|p1b: Tatsugiri|[miss]\n|-miss|p2b: Mienshao|p1b: Tatsugiri\n|\n|-weather|RainDance|[upkeep]\n|-start|p2b: Mienshao|perish2\n|-start|p1b: Tatsugiri|perish2\n|upkeep\n|turn|3\n|\n|t:|1700198190\n|move|p1a: Dondozo|Order Up|p2a: Sinistcha\n|-damage|p2a: Sinistcha|52\/100\n|-boost|p1a: Dondozo|atk|1\n|move|p2b: Mienshao|U-turn|p1b: Tatsugiri|[miss]\n|-miss|p2b: Mienshao|p1b: Tatsugiri\n|move|p2a: Sinistcha|Matcha Gotcha|p1b: Tatsugiri|[spread] p1a\n|-miss|p2a: Sinistcha|p1b: Tatsugiri\n|-supereffective|p1a: Dondozo\n|-damage|p1a: Dondozo|74\/100\n|-heal|p2a: Sinistcha|73\/100|[from] drain|[of] p1a: Dondozo\n|\n|-weather|RainDance|[upkeep]\n|-heal|p1a: Dondozo|80\/100|[from] item: Leftovers\n|-heal|p2a: Sinistcha|79\/100|[from] item: Leftovers\n|-start|p2b: Mienshao|perish1\n|-start|p1b: Tatsugiri|perish1\n|upkeep\n|turn|4\n|\n|t:|1700198214\n|move|p1a: Dondozo|Protect|p1a: Dondozo\n|-singleturn|p1a: Dondozo|Protect\n|move|p2b: Mienshao|Close Combat|p1a: Dondozo\n|-activate|p1a: Dondozo|move: Protect\n|move|p2a: Sinistcha|Matcha Gotcha|p1a: Dondozo|[spread] \n|-miss|p2a: Sinistcha|p1b: Tatsugiri\n|-activate|p1a: Dondozo|move: Protect\n|\n|-weather|RainDance|[upkeep]\n|-heal|p1a: Dondozo|87\/100|[from] item: Leftovers\n|-heal|p2a: Sinistcha|85\/100|[from] item: Leftovers\n|-start|p2b: Mienshao|perish0\n|-start|p1b: Tatsugiri|perish0\n|faint|p2b: Mienshao\n|faint|p1b: Tatsugiri\n|upkeep\n|\n|t:|1700198231\n|switch|p2b: Kingambit|Kingambit, L50, F|100\/100\n|switch|p1b: Flamigo|Flamigo, L50, M|100\/100\n|-copyboost|p1b: Flamigo|p1a: Dondozo|[from] ability: Costar\n|-activate|p2b: Kingambit|ability: Supreme Overlord\n|-start|p2b: Kingambit|fallen1|[silent]\n|turn|5\n|\n|t:|1700198250\n|move|p2b: Kingambit|Sucker Punch|p1b: Flamigo\n|-resisted|p1b: Flamigo\n|-damage|p1b: Flamigo|86\/100\n|move|p1b: Flamigo|Close Combat|p2b: Kingambit\n|-supereffective|p2b: Kingambit\n|-damage|p2b: Kingambit|0 fnt\n|-unboost|p1b: Flamigo|def|1\n|-unboost|p1b: Flamigo|spd|1\n|faint|p2b: Kingambit\n|-end|p2b: Kingambit|fallen1|[silent]\n|move|p1a: Dondozo|Yawn|p2a: Sinistcha\n|-start|p2a: Sinistcha|move: Yawn|[of] p1a: Dondozo\n|move|p2a: Sinistcha|Matcha Gotcha|p1a: Dondozo|[spread] p1a,p1b\n|-supereffective|p1a: Dondozo\n|-resisted|p1b: Flamigo\n|-damage|p1a: Dondozo|60\/100\n|-heal|p2a: Sinistcha|100\/100|[from] drain|[of] p1a: Dondozo\n|-damage|p1b: Flamigo|75\/100\n|\n|-weather|none\n|-heal|p1a: Dondozo|66\/100|[from] item: Leftovers\n|upkeep\n|\n|t:|1700198272\n|switch|p2b: Ogerpon|Ogerpon-Wellspring, L50, F|74\/100\n|turn|6\n|\n|t:|1700198285\n|move|p1a: Dondozo|Protect|p1a: Dondozo\n|-singleturn|p1a: Dondozo|Protect\n|move|p2a: Sinistcha|Rage Powder|p2a: Sinistcha\n|-singleturn|p2a: Sinistcha|move: Rage Powder\n|move|p1b: Flamigo|Brave Bird|p2a: Sinistcha\n|-supereffective|p2a: Sinistcha\n|-damage|p2a: Sinistcha|0 fnt\n|faint|p2a: Sinistcha\n|-damage|p1b: Flamigo|49\/100|[from] Recoil\n|move|p2b: Ogerpon|Wood Hammer|p1a: Dondozo\n|-activate|p1a: Dondozo|move: Protect\n|\n|-heal|p1a: Dondozo|73\/100|[from] item: Leftovers\n|upkeep\n|turn|7\n|\n|t:|1700198303\n|move|p2b: Ogerpon|Spiky Shield|p2b: Ogerpon\n|-singleturn|p2b: Ogerpon|move: Protect\n|move|p1b: Flamigo|Roost|p1b: Flamigo\n|-heal|p1b: Flamigo|99\/100\n|-singleturn|p1b: Flamigo|move: Roost\n|move|p1a: Dondozo|Order Up|p2b: Ogerpon\n|-activate|p2b: Ogerpon|move: Protect\n|\n|-heal|p1a: Dondozo|79\/100|[from] item: Leftovers\n|upkeep\n|turn|8\n|\n|t:|1700198318\n|move|p1b: Flamigo|Brave Bird|p2b: Ogerpon\n|-supereffective|p2b: Ogerpon\n|-damage|p2b: Ogerpon|0 fnt\n|faint|p2b: Ogerpon\n|-damage|p1b: Flamigo|78\/100|[from] Recoil\n|\n|win|slimeyrose\n|raw|slimeyrose's rating: 1202 &rarr; <strong>1222<\/strong><br \/>(+20 for winning)\n|raw|tumabt0939's rating: 1130 &rarr; <strong>1110<\/strong><br \/>(-20 for losing)\n","uploadtime":1700198322,"views":13,"p1id":"slimeyrose","p2id":"tumabt0939","formatid":"gen9vgc2023regulatione","rating":1110,"private":0,"password":""}