{"id":"gen9vgc2023regulatione-1992676749","p1":"vgbnomkjhugvbhnjk","p2":"deplexis","format":"[Gen 9] VGC 2023 Regulation E","log":"|j|\u2606vgbnomkjhugvbhnjk\n|j|\u203ddeplexis\n|t:|1700223998\n|gametype|doubles\n|player|p1|vgbnomkjhugvbhnjk|101|1067\n|player|p2|deplexis|skier|1114\n|teamsize|p1|6\n|teamsize|p2|6\n|gen|9\n|tier|[Gen 9] VGC 2023 Regulation E\n|rated|\n|rule|Species Clause: Limit one of each Pok\u00e9mon\n|rule|Item Clause: Limit one of each item\n|clearpoke\n|poke|p1|Arcanine, L50, F|\n|poke|p1|Roaring Moon, L50|\n|poke|p1|Iron Hands, L50|\n|poke|p1|Ogerpon-Cornerstone, L50, F|\n|poke|p1|Gastrodon-East, L50, M|\n|poke|p1|Spectrier, L50|\n|poke|p2|Clefairy, L50, F|\n|poke|p2|Farigiraf, L50, M|\n|poke|p2|Glastrier, L50|\n|poke|p2|Spectrier, L50|\n|poke|p2|Ogerpon-Wellspring, L50, F|\n|poke|p2|Heatran, L50, M|\n|teampreview|4\n|inactive|Battle timer is ON: inactive players will automatically lose when time's up. (requested by deplexis)\ndeplexis rejected open team sheets.\n|inactive|vgbnomkjhugvbhnjk has 60 seconds left.\n|\n|t:|1700224037\n|start\n|switch|p1a: Arcanine|Arcanine, L50, F|100\/100\n|switch|p1b: Iron Hands|Iron Hands, L50, shiny|100\/100\n|switch|p2a: Clefairy|Clefairy, L50, F|100\/100\n|switch|p2b: Farigiraf|Farigiraf, L50, M|100\/100\n|-ability|p1a: Arcanine|Intimidate|boost\n|-unboost|p2a: Clefairy|atk|1\n|-unboost|p2b: Farigiraf|atk|1\n|turn|1\n|\n|t:|1700224055\n|move|p2a: Clefairy|Follow Me|p2a: Clefairy\n|-singleturn|p2a: Clefairy|move: Follow Me\n|move|p1a: Arcanine|Howl|p1a: Arcanine|[spread] p1a,p1b\n|-boost|p1a: Arcanine|atk|1\n|-boost|p1b: Iron Hands|atk|1\n|move|p2b: Farigiraf|Nasty Plot|p2b: Farigiraf\n|-boost|p2b: Farigiraf|spa|2\n|-enditem|p1a: Arcanine|Mirror Herb\n|-boost|p1a: Arcanine|spa|2|[from] item: Mirror Herb\n|move|p1b: Iron Hands|Heavy Slam|p2a: Clefairy\n|-supereffective|p2a: Clefairy\n|-damage|p2a: Clefairy|3\/100\n|\n|upkeep\n|turn|2\n|\n|t:|1700224076\n|move|p2a: Clefairy|Follow Me|p2a: Clefairy\n|-singleturn|p2a: Clefairy|move: Follow Me\n|move|p1a: Arcanine|Snarl|p2b: Farigiraf|[spread] p2a,p2b\n|-resisted|p2a: Clefairy\n|-supereffective|p2b: Farigiraf\n|-damage|p2a: Clefairy|0 fnt\n|-damage|p2b: Farigiraf|76\/100\n|-unboost|p2b: Farigiraf|spa|1\n|faint|p2a: Clefairy\n|move|p2b: Farigiraf|Dazzling Gleam|p1b: Iron Hands|[spread] p1a,p1b\n|-resisted|p1a: Arcanine\n|-supereffective|p1b: Iron Hands\n|-damage|p1a: Arcanine|87\/100\n|-damage|p1b: Iron Hands|72\/100\n|move|p1b: Iron Hands|Drain Punch|p2b: Farigiraf\n|-damage|p2b: Farigiraf|19\/100\n|-heal|p1b: Iron Hands|98\/100|[from] drain|[of] p2b: Farigiraf\n|-enditem|p2b: Farigiraf|Wiki Berry|[eat]\n|-heal|p2b: Farigiraf|52\/100|[from] item: Wiki Berry\n|\n|upkeep\n|\n|t:|1700224095\n|switch|p2a: Glastrier|Glastrier, L50|100\/100\n|turn|3\n|inactive|vgbnomkjhugvbhnjk has 30 seconds left.\n|\n|t:|1700224125\n|switch|p2a: Heatran|Heatran, L50, M|100\/100\n|move|p1a: Arcanine|Will-O-Wisp|p2a: Heatran\n|-start|p2a: Heatran|ability: Flash Fire\n|move|p1b: Iron Hands|Drain Punch|p2b: Farigiraf\n|-damage|p2b: Farigiraf|0 fnt\n|-heal|p1b: Iron Hands|100\/100|[from] drain|[of] p2b: Farigiraf\n|faint|p2b: Farigiraf\n|\n|upkeep\n|\n|t:|1700224135\n|switch|p2b: Glastrier|Glastrier, L50|100\/100\n|turn|4\n|\n|t:|1700224154\n|-terastallize|p2b: Glastrier|Water\n|move|p1a: Arcanine|Snarl|p2a: Heatran|[spread] p2a,p2b\n|-damage|p2a: Heatran|86\/100\n|-damage|p2b: Glastrier|87\/100\n|-unboost|p2a: Heatran|spa|1\n|-unboost|p2b: Glastrier|spa|1\n|move|p2a: Heatran|Heat Wave|p1b: Iron Hands|[spread] p1a,p1b\n|-resisted|p1a: Arcanine\n|-crit|p1a: Arcanine\n|-damage|p1a: Arcanine|41\/100\n|-damage|p1b: Iron Hands|79\/100\n|move|p1b: Iron Hands|Drain Punch|p2a: Heatran\n|-supereffective|p2a: Heatran\n|-damage|p2a: Heatran|0 fnt\n|-heal|p1b: Iron Hands|100\/100|[from] drain|[of] p2a: Heatran\n|faint|p2a: Heatran\n|move|p2b: Glastrier|High Horsepower|p1b: Iron Hands\n|-supereffective|p1b: Iron Hands\n|-damage|p1b: Iron Hands|52\/100\n|\n|upkeep\n|turn|5\n|\n|t:|1700224177\n|move|p1a: Arcanine|Will-O-Wisp|p2b: Glastrier\n|-status|p2b: Glastrier|brn\n|move|p1b: Iron Hands|Wild Charge|p2b: Glastrier\n|-supereffective|p2b: Glastrier\n|-damage|p2b: Glastrier|0 fnt\n|faint|p2b: Glastrier\n|-damage|p1b: Iron Hands|33\/100|[from] Recoil\n|\n|win|vgbnomkjhugvbhnjk\n|raw|vgbnomkjhugvbhnjk's rating: 1067 &rarr; <strong>1101<\/strong><br \/>(+34 for winning)\n|raw|deplexis's rating: 1114 &rarr; <strong>1086<\/strong><br \/>(-28 for losing)\n|l|\u203ddeplexis\n","uploadtime":1700224191,"views":22,"p1id":"vgbnomkjhugvbhnjk","p2id":"deplexis","formatid":"gen9vgc2023regulatione","rating":1086,"private":0,"password":""}