{"id":"gen9vgc2023regulatione-1989439792","p1":"Fleechi","p2":"doeg3","format":"[Gen 9] VGC 2023 Regulation E","log":"|j|\u2606Fleechi\n|j|\u2606doeg3\n|t:|1699850714\n|gametype|doubles\n|player|p1|Fleechi|265|\n|player|p2|doeg3|102|\n|teamsize|p1|6\n|teamsize|p2|6\n|gen|9\n|tier|[Gen 9] VGC 2023 Regulation E\n|rule|Species Clause: Limit one of each Pok\u00e9mon\n|rule|Item Clause: Limit one of each item\n|clearpoke\n|poke|p1|Great Tusk, L50|\n|poke|p1|Dragonite, L50, M|\n|poke|p1|Ogerpon, L50, F|\n|poke|p1|Slither Wing, L50|\n|poke|p1|Klefki, L50, F|\n|poke|p1|Gholdengo, L50|\n|poke|p2|Amoonguss, L50, F|\n|poke|p2|Flutter Mane, L50|\n|poke|p2|Ninetales, L50, M|\n|poke|p2|Scizor, L50, M|\n|poke|p2|Dondozo, L50, M|\n|poke|p2|Tatsugiri, L50, M|\n|teampreview|4\n|j| fayetssf\n|j| Toxic Chain\n|\n|t:|1699850818\n|start\n|switch|p1a: Dragonite|Dragonite, L50, M|100\/100\n|switch|p1b: Ogerpon|Ogerpon, L50, F|100\/100\n|switch|p2a: Flutter Mane|Flutter Mane, L50|100\/100\n|switch|p2b: Tatsugiri|Tatsugiri, L50, M|100\/100\n|turn|1\n|\n|t:|1699850868\n|-terastallize|p1a: Dragonite|Normal\n|move|p1b: Ogerpon|Spiky Shield|p1b: Ogerpon\n|-singleturn|p1b: Ogerpon|move: Protect\n|move|p1a: Dragonite|Extreme Speed|p2b: Tatsugiri\n|-damage|p2b: Tatsugiri|0 fnt\n|faint|p2b: Tatsugiri\n|move|p2a: Flutter Mane|Dazzling Gleam|p1a: Dragonite|[spread] p1a\n|-activate|p1b: Ogerpon|move: Protect\n|-damage|p1a: Dragonite|77\/100\n|\n|upkeep\n|\n|t:|1699850882\n|switch|p2b: Scizor|Scizor, L50, M|100\/100\n|turn|2\n|\n|t:|1699850901\n|switch|p1a: Great Tusk|Great Tusk, L50|100\/100\n|-terastallize|p2b: Scizor|Flying\n|move|p2a: Flutter Mane|Dazzling Gleam|p1b: Ogerpon|[spread] p1a,p1b\n|-supereffective|p1a: Great Tusk\n|-crit|p1a: Great Tusk\n|-damage|p1a: Great Tusk|0 fnt\n|-damage|p1b: Ogerpon|48\/100\n|faint|p1a: Great Tusk\n|-end|p1a: Great Tusk|Protosynthesis|[silent]\n|move|p1b: Ogerpon|Ivy Cudgel|p2a: Flutter Mane\n|-damage|p2a: Flutter Mane|0 fnt\n|faint|p2a: Flutter Mane\n|-end|p2a: Flutter Mane|Protosynthesis|[silent]\n|move|p2b: Scizor|Dual Wingbeat|p2: Flutter Mane|[notarget]\n|-fail|p2b: Scizor\n|\n|upkeep\n|c|\u2606doeg3|fUCKL\\\n|c|\u2606doeg3|EHCIHihvlighlh\n|c|\u2606doeg3|EHLWFBLKJBHLWE\n|c|\u2606doeg3|ERWBLKJBHRLHFLWGHERKF\n|\n|t:|1699850919\n|switch|p2a: Dondozo|Dondozo, L50, M|100\/100\n|switch|p1a: Dragonite|Dragonite, L50, M, tera:Normal|77\/100\n|turn|3\n|\n|t:|1699850944\n|move|p1b: Ogerpon|Ivy Cudgel|p2a: Dondozo\n|-supereffective|p2a: Dondozo\n|-damage|p2a: Dondozo|53\/100\n|move|p1a: Dragonite|Fire Punch|p2b: Scizor\n|-damage|p2b: Scizor|59\/100\n|move|p2b: Scizor|Dual Wingbeat|p1b: Ogerpon\n|-supereffective|p1b: Ogerpon\n|-damage|p1b: Ogerpon|0 fnt\n|faint|p1b: Ogerpon\n|-hitcount|p1: Ogerpon|1\n|move|p2a: Dondozo|Wave Crash|p1a: Dragonite\n|-damage|p1a: Dragonite|32\/100\n|-damage|p2a: Dondozo|43\/100|[from] Recoil\n|\n|-heal|p2a: Dondozo|49\/100|[from] item: Leftovers\n|upkeep\n|\n|t:|1699850958\n|switch|p1b: Klefki|Klefki, L50, F|100\/100\n|turn|4\n|\n|t:|1699850971\n|move|p1b: Klefki|Sunny Day|p1b: Klefki\n|-weather|SunnyDay\n|move|p1a: Dragonite|Fire Punch|p2b: Scizor\n|-damage|p2b: Scizor|0 fnt\n|faint|p2b: Scizor\n|move|p2a: Dondozo|Wave Crash|p1a: Dragonite\n|-damage|p1a: Dragonite|12\/100\n|-damage|p2a: Dondozo|44\/100|[from] Recoil\n|\n|-weather|SunnyDay|[upkeep]\n|-heal|p2a: Dondozo|51\/100|[from] item: Leftovers\n|upkeep\n|turn|5\n|\n|t:|1699850983\n|move|p2a: Dondozo|Protect|p2a: Dondozo\n|-singleturn|p2a: Dondozo|Protect\n|move|p1b: Klefki|Reflect|p1b: Klefki\n|-sidestart|p1: Fleechi|Reflect\n|move|p1a: Dragonite|Fire Punch|p2a: Dondozo\n|-activate|p2a: Dondozo|move: Protect\n|\n|-weather|SunnyDay|[upkeep]\n|-heal|p2a: Dondozo|57\/100|[from] item: Leftovers\n|upkeep\n|turn|6\n|\n|t:|1699850994\n|move|p1a: Dragonite|Fire Punch|p2a: Dondozo\n|-resisted|p2a: Dondozo\n|-damage|p2a: Dondozo|41\/100\n|-status|p2a: Dondozo|brn\n|move|p1b: Klefki|Flash Cannon|p2a: Dondozo\n|-resisted|p2a: Dondozo\n|-damage|p2a: Dondozo|30\/100 brn\n|move|p2a: Dondozo|Substitute|p2a: Dondozo\n|-start|p2a: Dondozo|Substitute\n|-damage|p2a: Dondozo|5\/100 brn\n|\n|-weather|SunnyDay|[upkeep]\n|-heal|p2a: Dondozo|11\/100 brn|[from] item: Leftovers\n|-damage|p2a: Dondozo|5\/100 brn|[from] brn\n|upkeep\n|turn|7\n|c|\u2606doeg3|NO\n|\n|t:|1699851009\n|move|p1a: Dragonite|Fire Punch|p2a: Dondozo\n|-resisted|p2a: Dondozo\n|-activate|p2a: Dondozo|move: Substitute|[damage]\n|move|p1b: Klefki|Flash Cannon|p2a: Dondozo\n|-resisted|p2a: Dondozo\n|-end|p2a: Dondozo|Substitute\n|move|p2a: Dondozo|Order Up|p1a: Dragonite\n|-damage|p1a: Dragonite|6\/100\n|\n|-weather|SunnyDay|[upkeep]\n|-heal|p2a: Dondozo|11\/100 brn|[from] item: Leftovers\n|-damage|p2a: Dondozo|5\/100 brn|[from] brn\n|upkeep\n|turn|8\n|j| Burnerv2\n|l| Burnerv2\n|\n|t:|1699851030\n|move|p1a: Dragonite|Fire Punch|p2a: Dondozo\n|-resisted|p2a: Dondozo\n|-damage|p2a: Dondozo|0 fnt\n|faint|p2a: Dondozo\n|\n|win|Fleechi\n|c|\u2606doeg3|gg\n|c|\u2606Fleechi|ive been fishing for the burn the whole time\n|l|\u2606doeg3\n|c|\u2606Fleechi|gg\n","uploadtime":1699851038,"views":14,"p1id":"fleechi","p2id":"doeg3","formatid":"gen9vgc2023regulatione","rating":0,"private":0,"password":""}