{"id":"gen9vgc2023regulatione-1996508718","p1":"xXagonyXx","p2":"bosoxrock727dfb","format":"[Gen 9] VGC 2023 Regulation E","log":"|j|\u2606xXagonyXx\n|j|\u2606bosoxrock727dfb\n|t:|1700688920\n|gametype|doubles\n|player|p1|xXagonyXx|doubleteam|1160\n|player|p2|bosoxrock727dfb|101|1173\n|teamsize|p1|6\n|teamsize|p2|6\n|gen|9\n|tier|[Gen 9] VGC 2023 Regulation E\n|rated|\n|rule|Species Clause: Limit one of each Pok\u00e9mon\n|rule|Item Clause: Limit one of each item\n|clearpoke\n|poke|p1|Arcanine-Hisui, L50, M|\n|poke|p1|Sinistcha-Masterpiece, L50|\n|poke|p1|Tyranitar, L50, F|\n|poke|p1|Iron Hands, L50|\n|poke|p1|Tornadus, L50, M|\n|poke|p1|Iron Bundle, L50|\n|poke|p2|Conkeldurr, L50, F|\n|poke|p2|Iron Hands, L50|\n|poke|p2|Gyarados, L50, F|\n|poke|p2|Sinistcha-Masterpiece, L50|\n|poke|p2|Ceruledge, L50, M|\n|poke|p2|Sableye, L50, M|\n|teampreview|4\n|inactive|Battle timer is ON: inactive players will automatically lose when time's up. (requested by xXagonyXx)\n|inactive|xXagonyXx has 60 seconds left.\n|inactive|bosoxrock727dfb has 60 seconds left.\n|\n|t:|1700688963\n|start\n|switch|p1a: Tornadus|Tornadus, L50, M, shiny|100\/100\n|switch|p1b: Iron Bundle|Iron Bundle, L50|100\/100\n|switch|p2a: Sableye|Sableye, L50, M|100\/100\n|switch|p2b: Gyarados|Gyarados, L50, F|100\/100\n|-ability|p2b: Gyarados|Intimidate|boost\n|-unboost|p1a: Tornadus|atk|1\n|-unboost|p1b: Iron Bundle|atk|1\n|-enditem|p1b: Iron Bundle|Booster Energy\n|-activate|p1b: Iron Bundle|ability: Quark Drive|[fromitem]\n|-start|p1b: Iron Bundle|quarkdrivespe\n|turn|1\n|inactive|xXagonyXx has 30 seconds left.\n|\n|t:|1700688990\n|switch|p2b: Iron Hands|Iron Hands, L50|100\/100\n|move|p2a: Sableye|Fake Out|p1b: Iron Bundle\n|-damage|p1b: Iron Bundle|91\/100\n|move|p1a: Tornadus|Taunt|p2b: Iron Hands\n|-start|p2b: Iron Hands|move: Taunt\n|cant|p1b: Iron Bundle|flinch\n|\n|upkeep\n|turn|2\n|inactive|xXagonyXx has 30 seconds left.\n|inactive|bosoxrock727dfb has 30 seconds left.\n|\n|t:|1700689026\n|-end|p1b: Iron Bundle|Quark Drive|[silent]\n|switch|p1b: Arcanine|Arcanine-Hisui, L50, M, shiny|100\/100\n|-ability|p1b: Arcanine|Intimidate|boost\n|-unboost|p2a: Sableye|atk|1\n|-unboost|p2b: Iron Hands|atk|1\n|move|p2a: Sableye|Quash||[still]\n|-fail|p2a: Sableye\n|move|p1a: Tornadus|Bleakwind Storm|p2b: Iron Hands|[spread] p2a\n|-miss|p1a: Tornadus|p2b: Iron Hands\n|-damage|p2a: Sableye|46\/100\n|move|p2b: Iron Hands|Thunder Punch|p1b: Arcanine\n|-damage|p1b: Arcanine|70\/100\n|\n|upkeep\n|turn|3\n|\n|t:|1700689044\n|move|p2a: Sableye|Quash|p1b: Arcanine\n|-activate|p1b: Arcanine|move: Quash\n|move|p1a: Tornadus|Bleakwind Storm|p2b: Iron Hands|[spread] p2a,p2b\n|-damage|p2a: Sableye|0 fnt\n|-damage|p2b: Iron Hands|79\/100\n|faint|p2a: Sableye\n|move|p2b: Iron Hands|Drain Punch|p1b: Arcanine\n|-supereffective|p1b: Arcanine\n|-damage|p1b: Arcanine|7\/100\n|-heal|p2b: Iron Hands|100\/100|[from] drain|[of] p1b: Arcanine\n|-enditem|p1b: Arcanine|Sitrus Berry|[eat]\n|-heal|p1b: Arcanine|31\/100|[from] item: Sitrus Berry\n|move|p1b: Arcanine|Will-O-Wisp|p2b: Iron Hands|[miss]\n|-miss|p1b: Arcanine|p2b: Iron Hands\n|\n|-end|p2b: Iron Hands|move: Taunt\n|upkeep\n|\n|t:|1700689059\n|switch|p2a: Gyarados|Gyarados, L50, F|100\/100\n|-ability|p2a: Gyarados|Intimidate|boost\n|-unboost|p1a: Tornadus|atk|1\n|-unboost|p1b: Arcanine|atk|1\n|turn|4\n|\n|t:|1700689075\n|-end|p2b: Iron Hands|Quark Drive|[silent]\n|switch|p2b: Ceruledge|Ceruledge, L50, M|100\/100\n|move|p1a: Tornadus|Tailwind|p1a: Tornadus\n|-sidestart|p1: xXagonyXx|move: Tailwind\n|move|p1b: Arcanine|Will-O-Wisp|p2b: Ceruledge\n|-start|p2b: Ceruledge|ability: Flash Fire\n|move|p2a: Gyarados|Waterfall|p1a: Tornadus\n|-damage|p1a: Tornadus|34\/100\n|\n|upkeep\n|turn|5\n|inactive|bosoxrock727dfb has 30 seconds left.\n|\n|t:|1700689102\n|switch|p2a: Iron Hands|Iron Hands, L50|100\/100\n|move|p2b: Ceruledge|Protect|p2b: Ceruledge\n|-singleturn|p2b: Ceruledge|Protect\n|move|p1a: Tornadus|Bleakwind Storm|p2a: Iron Hands|[spread] p2a\n|-activate|p2b: Ceruledge|move: Protect\n|-damage|p2a: Iron Hands|81\/100\n|-unboost|p2a: Iron Hands|spe|1\n|move|p1b: Arcanine|Rock Slide|p2b: Ceruledge|[spread] p2a\n|-activate|p2b: Ceruledge|move: Protect\n|-resisted|p2a: Iron Hands\n|-damage|p2a: Iron Hands|75\/100\n|\n|upkeep\n|turn|6\n|\n|t:|1700689120\n|move|p2a: Iron Hands|Fake Out|p1b: Arcanine\n|-resisted|p1b: Arcanine\n|-damage|p1b: Arcanine|22\/100\n|move|p1a: Tornadus|Bleakwind Storm|p2a: Iron Hands|[spread] p2a,p2b\n|-damage|p2a: Iron Hands|55\/100\n|-damage|p2b: Ceruledge|70\/100\n|cant|p1b: Arcanine|flinch\n|move|p2b: Ceruledge|Bitter Blade|p1a: Tornadus\n|-damage|p1a: Tornadus|0 fnt\n|-heal|p2b: Ceruledge|86\/100|[from] drain|[of] p1a: Tornadus\n|faint|p1a: Tornadus\n|\n|upkeep\n|\n|t:|1700689132\n|switch|p1a: Iron Bundle|Iron Bundle, L50|91\/100\n|turn|7\n|\n|t:|1700689143\n|-end|p2a: Iron Hands|Quark Drive|[silent]\n|switch|p2a: Gyarados|Gyarados, L50, F|100\/100\n|-ability|p2a: Gyarados|Intimidate|boost\n|-unboost|p1a: Iron Bundle|atk|1\n|-unboost|p1b: Arcanine|atk|1\n|-terastallize|p2b: Ceruledge|Grass\n|move|p1a: Iron Bundle|Hydro Pump|p2a: Gyarados|[miss]\n|-miss|p1a: Iron Bundle|p2a: Gyarados\n|move|p1b: Arcanine|Rock Slide|p2a: Gyarados|[spread] p2b\n|-miss|p1b: Arcanine|p2a: Gyarados\n|-damage|p2b: Ceruledge|70\/100\n|move|p2b: Ceruledge|Bitter Blade|p1a: Iron Bundle\n|-damage|p1a: Iron Bundle|10\/100\n|-heal|p2b: Ceruledge|100\/100|[from] drain|[of] p1a: Iron Bundle\n|\n|-sideend|p1: xXagonyXx|move: Tailwind\n|upkeep\n|turn|8\n|inactive|xXagonyXx has 30 seconds left.\n|c|\u2606xXagonyXx|the amount of missise\n|inactive|xXagonyXx has 20 seconds left.\n|\n|t:|1700689180\n|move|p2b: Ceruledge|Shadow Sneak|p1a: Iron Bundle\n|-damage|p1a: Iron Bundle|0 fnt\n|faint|p1a: Iron Bundle\n|-end|p1a: Iron Bundle|Quark Drive|[silent]\n|move|p1b: Arcanine|Will-O-Wisp|p2a: Gyarados|[miss]\n|-miss|p1b: Arcanine|p2a: Gyarados\n|move|p2a: Gyarados|Waterfall|p1b: Arcanine\n|-supereffective|p1b: Arcanine\n|-damage|p1b: Arcanine|0 fnt\n|faint|p1b: Arcanine\n|\n|upkeep\n|\n|t:|1700689183\n|switch|p1b: Sinistcha|Sinistcha-Masterpiece, L50|100\/100\n|turn|9\n|\n|t:|1700689197\n|-terastallize|p1b: Sinistcha|Water\n|move|p2b: Ceruledge|Bitter Blade|p1b: Sinistcha\n|-resisted|p1b: Sinistcha\n|-damage|p1b: Sinistcha|75\/100\n|-damage|p2b: Ceruledge|84\/100|[from] item: Rocky Helmet|[of] p1b: Sinistcha\n|move|p2a: Gyarados|Taunt|p1b: Sinistcha\n|-start|p1b: Sinistcha|move: Taunt\n|move|p1b: Sinistcha|Matcha Gotcha|p2b: Ceruledge|[spread] p2a,p2b\n|-resisted|p2b: Ceruledge\n|-damage|p2a: Gyarados|75\/100\n|-heal|p1b: Sinistcha|89\/100|[from] drain|[of] p2a: Gyarados\n|-damage|p2b: Ceruledge|73\/100\n|-heal|p1b: Sinistcha|94\/100|[from] drain|[of] p2b: Ceruledge\n|-status|p2a: Gyarados|brn\n|-enditem|p2a: Gyarados|Lum Berry|[eat]\n|-curestatus|p2a: Gyarados|brn|[msg]\n|-status|p2b: Ceruledge|brn\n|\n|-damage|p2b: Ceruledge|67\/100 brn|[from] brn\n|upkeep\n|turn|10\n|inactive|bosoxrock727dfb has 30 seconds left.\n|inactive|bosoxrock727dfb has 20 seconds left.\n|\n|t:|1700689235\n|switch|p2a: Iron Hands|Iron Hands, L50|55\/100\n|move|p2b: Ceruledge|Swords Dance|p2b: Ceruledge\n|-boost|p2b: Ceruledge|atk|2\n|move|p1b: Sinistcha|Matcha Gotcha|p2b: Ceruledge|[spread] p2a,p2b\n|-resisted|p2b: Ceruledge\n|-damage|p2a: Iron Hands|41\/100\n|-heal|p1b: Sinistcha|100\/100|[from] drain|[of] p2a: Iron Hands\n|-damage|p2b: Ceruledge|56\/100 brn\n|\n|-damage|p2b: Ceruledge|50\/100 brn|[from] brn\n|upkeep\n|turn|11\n|\n|t:|1700689249\n|move|p2a: Iron Hands|Fake Out|p1b: Sinistcha\n|-damage|p1b: Sinistcha|87\/100\n|-damage|p2a: Iron Hands|24\/100|[from] item: Rocky Helmet|[of] p1b: Sinistcha\n|move|p2b: Ceruledge|Swords Dance|p2b: Ceruledge\n|-boost|p2b: Ceruledge|atk|2\n|cant|p1b: Sinistcha|flinch\n|\n|-damage|p2b: Ceruledge|44\/100 brn|[from] brn\n|-end|p1b: Sinistcha|move: Taunt\n|upkeep\n|turn|12\n|\n|t:|1700689265\n|move|p2b: Ceruledge|Bitter Blade|p1b: Sinistcha\n|-resisted|p1b: Sinistcha\n|-crit|p1b: Sinistcha\n|-damage|p1b: Sinistcha|27\/100\n|-heal|p2b: Ceruledge|76\/100 brn|[from] drain|[of] p1b: Sinistcha\n|-damage|p2b: Ceruledge|59\/100 brn|[from] item: Rocky Helmet|[of] p1b: Sinistcha\n|move|p1b: Sinistcha|Matcha Gotcha|p2a: Iron Hands|[spread] p2a,p2b\n|-resisted|p2b: Ceruledge\n|-damage|p2a: Iron Hands|10\/100\n|-heal|p1b: Sinistcha|38\/100|[from] drain|[of] p2a: Iron Hands\n|-damage|p2b: Ceruledge|48\/100 brn\n|-heal|p1b: Sinistcha|43\/100|[from] drain|[of] p2b: Ceruledge\n|-status|p2a: Iron Hands|brn\n|move|p2a: Iron Hands|Thunder Punch|p1b: Sinistcha\n|-supereffective|p1b: Sinistcha\n|-damage|p1b: Sinistcha|10\/100\n|-damage|p2a: Iron Hands|0 fnt|[from] item: Rocky Helmet|[of] p1b: Sinistcha\n|faint|p2a: Iron Hands\n|-end|p2a: Iron Hands|Quark Drive|[silent]\n|\n|-damage|p2b: Ceruledge|43\/100 brn|[from] brn\n|upkeep\n|\n|t:|1700689285\n|switch|p2a: Gyarados|Gyarados, L50, F|75\/100\n|-ability|p2a: Gyarados|Intimidate|boost\n|-unboost|p1b: Sinistcha|atk|1\n|turn|13\n|\n|t:|1700689292\n|move|p2b: Ceruledge|Bitter Blade|p1b: Sinistcha\n|-resisted|p1b: Sinistcha\n|-damage|p1b: Sinistcha|0 fnt\n|-heal|p2b: Ceruledge|48\/100 brn|[from] drain|[of] p1b: Sinistcha\n|-damage|p2b: Ceruledge|31\/100 brn|[from] item: Rocky Helmet|[of] p1b: Sinistcha\n|faint|p1b: Sinistcha\n|\n|win|bosoxrock727dfb\n|raw|xXagonyXx's rating: 1160 &rarr; <strong>1136<\/strong><br \/>(-24 for losing)\n|raw|bosoxrock727dfb's rating: 1173 &rarr; <strong>1197<\/strong><br \/>(+24 for winning)\n","uploadtime":1700689312,"views":1,"p1id":"xxagonyxx","p2id":"bosoxrock727dfb","formatid":"gen9vgc2023regulatione","rating":1136,"private":0,"password":""}