{"id":"gen9vgc2023regulatione-1997483363","p1":"JabsGR","p2":"finiro","format":"[Gen 9] VGC 2023 Regulation E","log":"|j|\u2606JabsGR\n|j|\u2606finiro\n|n|\u2606JabsGR|jabsgr\n|n|\u2606finiro|finiro\n|html|View the match progress at <a href=\"\/game-bestof3-gen9vgc2023regulatione-1997481472\">game-bestof3-gen9vgc2023regulatione-1997481472<\/a>\n|t:|1700813284\n|gametype|doubles\n|player|p1|JabsGR|veteran-gen4|\n|player|p2|finiro|gambler|\n|teamsize|p1|6\n|teamsize|p2|6\n|gen|9\n|tier|[Gen 9] VGC 2023 Regulation E\n|rule|Species Clause: Limit one of each Pok\u00e9mon\n|rule|Item Clause: Limit one of each item\n|clearpoke\n|poke|p1|Sandy Shocks, L50|\n|poke|p1|Espathra, L50, F|\n|poke|p1|Indeedee, L50, M|\n|poke|p1|Armarouge, L50, M|\n|poke|p1|Annihilape, L50, M|\n|poke|p1|Maushold-Four, L50|\n|poke|p2|Ogerpon-Cornerstone, L50, F|\n|poke|p2|Thwackey, L50, F|\n|poke|p2|Clefairy, L50, M|\n|poke|p2|Cetitan, L50, F|\n|poke|p2|Volcarona, L50, M|\n|poke|p2|Grimmsnarl, L50, M|\n|teampreview|4\n|inactive|Battle timer is ON: inactive players will automatically lose when time's up. (requested by JabsGR)\n|j| Jstardude\n|inactive|JabsGR has 60 seconds left.\n|\n|t:|1700813315\n|start\n|switch|p1a: Maushold|Maushold-Four, L50|100\/100\n|switch|p1b: Armarouge|Armarouge, L50, M|100\/100\n|switch|p2a: Ogerpon|Ogerpon-Cornerstone, L50, F|100\/100\n|switch|p2b: Thwackey|Thwackey, L50, F|100\/100\n|-fieldstart|move: Grassy Terrain|[from] ability: Grassy Surge|[of] p2b: Thwackey\n|turn|1\n|inactive|JabsGR has 30 seconds left.\n|\n|t:|1700813354\n|switch|p1a: Indeedee|Indeedee, L50, M|100\/100\n|-fieldstart|move: Psychic Terrain|[from] ability: Psychic Surge|[of] p1a: Indeedee\n|-enditem|p1b: Armarouge|Psychic Seed\n|-boost|p1b: Armarouge|spd|1|[from] item: Psychic Seed\n|-terastallize|p1b: Armarouge|Dragon\n|move|p2b: Thwackey|Fake Out|p1a: Indeedee\n|-activate|p1a: Indeedee|move: Psychic Terrain\n|move|p2a: Ogerpon|Ivy Cudgel|p1b: Armarouge|[anim] Ivy Cudgel Rock\n|-damage|p1b: Armarouge|40\/100\n|move|p1b: Armarouge|Trick Room|p1b: Armarouge\n|-fieldstart|move: Trick Room|[of] p1b: Armarouge\n|\n|upkeep\n|turn|2\n|\n|t:|1700813379\n|-terastallize|p2a: Ogerpon|Rock\n|detailschange|p2a: Ogerpon|Ogerpon-Cornerstone-Tera, L50, F, tera:Rock\n|-ability|p2a: Ogerpon|Embody Aspect (Cornerstone)|boost\n|-boost|p2a: Ogerpon|def|1\n|move|p1a: Indeedee|Helping Hand|p1b: Armarouge\n|-singleturn|p1b: Armarouge|Helping Hand|[of] p1a: Indeedee\n|move|p1b: Armarouge|Expanding Force|p2a: Ogerpon|[spread] p2a,p2b\n|-damage|p2a: Ogerpon|0 fnt\n|-enditem|p2b: Thwackey|Focus Sash\n|-damage|p2b: Thwackey|1\/100\n|faint|p2a: Ogerpon\n|move|p2b: Thwackey|Endeavor|p1a: Indeedee\n|-damage|p1a: Indeedee|1\/100\n|\n|upkeep\n|\n|t:|1700813395\n|switch|p2a: Volcarona|Volcarona, L50, M|100\/100\n|turn|3\n|\n|t:|1700813416\n|switch|p2b: Grimmsnarl|Grimmsnarl, L50, M|100\/100\n|move|p1a: Indeedee|Helping Hand|p1b: Armarouge\n|-singleturn|p1b: Armarouge|Helping Hand|[of] p1a: Indeedee\n|move|p2a: Volcarona|Protect|p2a: Volcarona\n|-singleturn|p2a: Volcarona|Protect\n|move|p1b: Armarouge|Armor Cannon|p2a: Volcarona\n|-activate|p2a: Volcarona|move: Protect\n|\n|upkeep\n|turn|4\n|inactive|JabsGR has 30 seconds left.\n|\n|t:|1700813443\n|switch|p2a: Thwackey|Thwackey, L50, F|1\/100\n|-fieldstart|move: Grassy Terrain|[from] ability: Grassy Surge|[of] p2a: Thwackey\n|move|p1b: Armarouge|Protect|p1b: Armarouge\n|-singleturn|p1b: Armarouge|Protect\n|move|p2b: Grimmsnarl|Sucker Punch||[still]\n|-fail|p2b: Grimmsnarl\n|move|p1a: Indeedee|Dazzling Gleam|p2b: Grimmsnarl|[spread] p2a,p2b\n|-supereffective|p2b: Grimmsnarl\n|-damage|p2a: Thwackey|0 fnt\n|-damage|p2b: Grimmsnarl|59\/100\n|faint|p2a: Thwackey\n|\n|-heal|p1b: Armarouge|46\/100|[from] Grassy Terrain\n|-heal|p2b: Grimmsnarl|65\/100|[from] Grassy Terrain\n|-heal|p1a: Indeedee|7\/100|[from] Grassy Terrain\n|upkeep\n|\n|t:|1700813458\n|switch|p2a: Volcarona|Volcarona, L50, M|100\/100\n|turn|5\n|\n|t:|1700813471\n|move|p2a: Volcarona|Protect|p2a: Volcarona\n|-singleturn|p2a: Volcarona|Protect\n|move|p2b: Grimmsnarl|Light Screen|p2b: Grimmsnarl\n|-sidestart|p2: finiro|move: Light Screen\n|move|p1b: Armarouge|Trick Room|p1b: Armarouge\n|-fieldend|move: Trick Room\n|move|p1a: Indeedee|Trick Room|p1a: Indeedee\n|-fieldstart|move: Trick Room|[of] p1a: Indeedee\n|\n|-heal|p1b: Armarouge|52\/100|[from] Grassy Terrain\n|-heal|p2b: Grimmsnarl|71\/100|[from] Grassy Terrain\n|-heal|p1a: Indeedee|13\/100|[from] Grassy Terrain\n|upkeep\n|turn|6\n|\n|t:|1700813491\n|switch|p1a: Maushold|Maushold-Four, L50|100\/100\n|move|p1b: Armarouge|Protect|p1b: Armarouge\n|-singleturn|p1b: Armarouge|Protect\n|move|p2b: Grimmsnarl|Sucker Punch||[still]\n|-fail|p2b: Grimmsnarl\n|move|p2a: Volcarona|Quiver Dance|p2a: Volcarona\n|-boost|p2a: Volcarona|spa|1\n|-boost|p2a: Volcarona|spd|1\n|-boost|p2a: Volcarona|spe|1\n|\n|-heal|p1b: Armarouge|59\/100|[from] Grassy Terrain\n|-heal|p2b: Grimmsnarl|77\/100|[from] Grassy Terrain\n|upkeep\n|turn|7\n|j| Stryke Out\n|inactive|JabsGR has 30 seconds left.\n|\n|t:|1700813516\n|move|p1a: Maushold|Follow Me|p1a: Maushold\n|-singleturn|p1a: Maushold|move: Follow Me\n|move|p1b: Armarouge|Armor Cannon|p2a: Volcarona\n|-damage|p2a: Volcarona|67\/100\n|-unboost|p1b: Armarouge|def|1\n|-unboost|p1b: Armarouge|spd|1\n|move|p2b: Grimmsnarl|Spirit Break|p1a: Maushold\n|-damage|p1a: Maushold|52\/100\n|-unboost|p1a: Maushold|spa|1\n|move|p2a: Volcarona|Quiver Dance|p2a: Volcarona\n|-boost|p2a: Volcarona|spa|1\n|-boost|p2a: Volcarona|spd|1\n|-boost|p2a: Volcarona|spe|1\n|\n|-heal|p1b: Armarouge|65\/100|[from] Grassy Terrain\n|-heal|p2b: Grimmsnarl|83\/100|[from] Grassy Terrain\n|-heal|p1a: Maushold|58\/100|[from] Grassy Terrain\n|-heal|p2a: Volcarona|74\/100|[from] Grassy Terrain\n|-heal|p2a: Volcarona|80\/100|[from] item: Leftovers\n|upkeep\n|turn|8\n|j| F3athers\n|inactive|JabsGR has 30 seconds left.\n|\n|t:|1700813545\n|move|p2a: Volcarona|Protect|p2a: Volcarona\n|-singleturn|p2a: Volcarona|Protect\n|move|p1b: Armarouge|Expanding Force|p2a: Volcarona\n|-activate|p2a: Volcarona|move: Protect\n|move|p2b: Grimmsnarl|False Surrender|p1a: Maushold\n|-damage|p1a: Maushold|0 fnt\n|faint|p1a: Maushold\n|\n|-heal|p1b: Armarouge|71\/100|[from] Grassy Terrain\n|-heal|p2b: Grimmsnarl|89\/100|[from] Grassy Terrain\n|-heal|p2a: Volcarona|86\/100|[from] Grassy Terrain\n|-heal|p2a: Volcarona|92\/100|[from] item: Leftovers\n|-fieldend|move: Grassy Terrain\n|upkeep\n|\n|t:|1700813561\n|switch|p1a: Annihilape|Annihilape, L50, M|100\/100\n|turn|9\n|\n|t:|1700813578\n|move|p1b: Armarouge|Expanding Force|p2a: Volcarona\n|-damage|p2a: Volcarona|77\/100\n|move|p2b: Grimmsnarl|Spirit Break|p1b: Armarouge\n|-supereffective|p1b: Armarouge\n|-crit|p1b: Armarouge\n|-damage|p1b: Armarouge|0 fnt\n|faint|p1b: Armarouge\n|move|p1a: Annihilape|Rage Fist|p2a: Volcarona\n|-damage|p2a: Volcarona|33\/100\n|move|p2a: Volcarona|Fiery Dance|p1a: Annihilape\n|-damage|p1a: Annihilape|3\/100\n|\n|-heal|p1a: Annihilape|9\/100|[from] item: Leftovers\n|-heal|p2a: Volcarona|39\/100|[from] item: Leftovers\n|-sideend|p2: finiro|move: Light Screen\n|-fieldend|move: Trick Room\n|upkeep\n|\n|t:|1700813592\n|switch|p1b: Indeedee|Indeedee, L50, M|13\/100\n|-fieldstart|move: Psychic Terrain|[from] ability: Psychic Surge|[of] p1b: Indeedee\n|turn|10\n|\n|t:|1700813612\n|move|p2a: Volcarona|Fiery Dance|p1a: Annihilape\n|-damage|p1a: Annihilape|0 fnt\n|faint|p1a: Annihilape\n|move|p1b: Indeedee|Dazzling Gleam|p2b: Grimmsnarl|[spread] p2a,p2b\n|-resisted|p2a: Volcarona\n|-supereffective|p2b: Grimmsnarl\n|-damage|p2a: Volcarona|34\/100\n|-damage|p2b: Grimmsnarl|52\/100\n|move|p2b: Grimmsnarl|False Surrender|p1b: Indeedee\n|-supereffective|p1b: Indeedee\n|-damage|p1b: Indeedee|0 fnt\n|faint|p1b: Indeedee\n|\n|win|finiro\n|c|\u2606JabsGR|gg\n|c|&|\/uhtml prompt-jabsgr,JabsGR is ready for game 3!\n|c|\u2606finiro|gg\n|c|&|\/uhtml prompt-finiro,finiro is ready for game 3!\nBoth players are ready! Starting next match!\n|l| Stryke Out\n|l|\u2606finiro\n|l|\u2606JabsGR\n|l| Jstardude\n|j|\u2606JabsGR\n|player|p1|JabsGR|veteran-gen4\n|j|\u2606finiro\n|player|p2|finiro|gambler\n","uploadtime":1700814123,"views":6,"p1id":"jabsgr","p2id":"finiro","formatid":"gen9vgc2023regulatione","rating":0,"private":0,"password":""}