{"id":"gen9vgc2023regulatione-1999917720","p1":"D018","p2":"lvargas01","format":"[Gen 9] VGC 2023 Regulation E","log":"|j|\u2606D018\n|j|\u2606lvargas01\n|n|\u2606D018|d018\n|n|\u2606lvargas01|lvargas01\n|html|View the match progress at <a href=\"\/game-bestof3-gen9vgc2023regulatione-1999914051\">game-bestof3-gen9vgc2023regulatione-1999914051<\/a>\n|t:|1701129881\n|gametype|doubles\n|player|p1|D018|alder|\n|player|p2|lvargas01|gambler|\n|teamsize|p1|6\n|teamsize|p2|6\n|gen|9\n|tier|[Gen 9] VGC 2023 Regulation E\n|rule|Species Clause: Limit one of each Pok\u00e9mon\n|rule|Item Clause: Limit one of each item\n|clearpoke\n|poke|p1|Chien-Pao, L50|\n|poke|p1|Rillaboom, L50, M|\n|poke|p1|Urshifu-*, L50, F|\n|poke|p1|Landorus-Therian, L50, M|\n|poke|p1|Flutter Mane, L50|\n|poke|p1|Heatran, L50, F|\n|poke|p2|Kingambit, L50, F|\n|poke|p2|Ogerpon-Wellspring, L50, F|\n|poke|p2|Landorus-Therian, L50, M|\n|poke|p2|Iron Hands, L50|\n|poke|p2|Flutter Mane, L50|\n|poke|p2|Chi-Yu, L50|\n|teampreview|4\n|inactive|Battle timer is ON: inactive players will automatically lose when time's up. (requested by lvargas01)\nlvargas01 has agreed to open team sheets.\nD018 has agreed to open team sheets.\n|showteam|p1|Chien-Pao||FocusSash|SwordofRuin|SacredSword,IcicleCrash,Crunch,Protect||||||50|,,,,,Ghost]Rillaboom||AssaultVest|GrassySurge|FakeOut,GrassyGlide,KnockOff,Uturn|||M|||50|,,,,,Fire]Urshifu-Rapid-Strike||MysticWater|UnseenFist|SurgingStrikes,CloseCombat,AquaJet,Detect|||F|||50|,,,,,Water]Landorus-Therian||ChoiceScarf|Intimidate|Uturn,TeraBlast,StompingTantrum,RockSlide|||M|||50|,,,,,Flying]Flutter Mane||BoosterEnergy|Protosynthesis|Moonblast,DazzlingGleam,Protect,ShadowBall||||||50|,,,,,Fairy]Heatran||Leftovers|FlashFire|EarthPower,HeatWave,FlashCannon,Protect|||F|||50|,,,,,Grass\n|showteam|p2|Kingambit||BlackGlasses|Defiant|Protect,KowtowCleave,SuckerPunch,SwordsDance|||F|||50|,,,,,Poison]Ogerpon-Wellspring||WellspringMask|WaterAbsorb|SpikyShield,IvyCudgel,WoodHammer,FollowMe|||F|||50|,,,,,Water]Landorus-Therian||ChoiceScarf|Intimidate|StompingTantrum,TeraBlast,RockSlide,Uturn|||M|||50|,,,,,Flying]Iron Hands||AssaultVest|QuarkDrive|DrainPunch,WildCharge,FakeOut,HeavySlam||||||50|,,,,,Grass]Flutter Mane||BoosterEnergy|Protosynthesis|Moonblast,DazzlingGleam,ShadowBall,Protect||||||50|,,,,,Fairy]Chi-Yu||FocusSash|BeadsofRuin|HeatWave,DarkPulse,Overheat,Protect||||||50|,,,,,Fire\n|inactive|lvargas01 has 30 seconds left.\n|inactive|lvargas01 has 20 seconds left.\n|inactive|lvargas01 has 15 seconds left.\n|inactive|lvargas01 has 10 seconds left.\n|inactive|lvargas01 has 5 seconds left.\n|\n|t:|1701129934\n|start\n|switch|p1a: Landorus|Landorus-Therian, L50, M|100\/100\n|switch|p1b: Rillaboom|Rillaboom, L50, M|100\/100\n|switch|p2a: Landorus|Landorus-Therian, L50, M|100\/100\n|switch|p2b: Iron Hands|Iron Hands, L50|100\/100\n|-ability|p1a: Landorus|Intimidate|boost\n|-unboost|p2a: Landorus|atk|1\n|-unboost|p2b: Iron Hands|atk|1\n|-ability|p2a: Landorus|Intimidate|boost\n|-unboost|p1a: Landorus|atk|1\n|-unboost|p1b: Rillaboom|atk|1\n|-fieldstart|move: Grassy Terrain|[from] ability: Grassy Surge|[of] p1b: Rillaboom\n|turn|1\n|\n|t:|1701129956\n|move|p1b: Rillaboom|Fake Out|p2a: Landorus\n|-damage|p2a: Landorus|90\/100\n|move|p2b: Iron Hands|Fake Out|p1a: Landorus\n|-damage|p1a: Landorus|88\/100\n|cant|p1a: Landorus|flinch\n|cant|p2a: Landorus|flinch\n|\n|upkeep\n|turn|2\n|\n|t:|1701129970\n|-end|p2b: Iron Hands|Quark Drive|[silent]\n|switch|p2b: Ogerpon|Ogerpon-Wellspring, L50, F|100\/100\n|move|p1a: Landorus|U-turn|p2a: Landorus\n|-resisted|p2a: Landorus\n|-damage|p2a: Landorus|80\/100\n|\n|t:|1701129977\n|switch|p1a: Heatran|Heatran, L50, F|100\/100|[from] U-turn\n|move|p2a: Landorus|U-turn|p1b: Rillaboom\n|-supereffective|p1b: Rillaboom\n|-crit|p1b: Rillaboom\n|-damage|p1b: Rillaboom|23\/100\n|\n|t:|1701129982\n|switch|p2a: Iron Hands|Iron Hands, L50|100\/100|[from] U-turn\n|move|p1b: Rillaboom|Knock Off|p2b: Ogerpon\n|-damage|p2b: Ogerpon|84\/100\n|\n|-heal|p2b: Ogerpon|90\/100|[from] Grassy Terrain\n|-heal|p1b: Rillaboom|28\/100|[from] Grassy Terrain\n|upkeep\n|turn|3\n|inactive|lvargas01 has 30 seconds left.\n|inactive|lvargas01 has 20 seconds left.\n|\n|t:|1701130022\n|move|p1a: Heatran|Protect|p1a: Heatran\n|-singleturn|p1a: Heatran|Protect\n|move|p2b: Ogerpon|Ivy Cudgel|p1a: Heatran|[anim] Ivy Cudgel Water\n|-activate|p1a: Heatran|move: Protect\n|move|p1b: Rillaboom|U-turn|p2b: Ogerpon\n|-supereffective|p2b: Ogerpon\n|-damage|p2b: Ogerpon|58\/100\n|\n|t:|1701130033\n|switch|p1b: Landorus|Landorus-Therian, L50, M|88\/100|[from] U-turn\n|-ability|p1b: Landorus|Intimidate|boost\n|-unboost|p2a: Iron Hands|atk|1\n|-unboost|p2b: Ogerpon|atk|1\n|move|p2a: Iron Hands|Drain Punch|p1b: Landorus\n|-resisted|p1b: Landorus\n|-damage|p1b: Landorus|71\/100\n|\n|-heal|p2b: Ogerpon|64\/100|[from] Grassy Terrain\n|upkeep\n|turn|4\n|\n|t:|1701130052\n|-end|p2a: Iron Hands|Quark Drive|[silent]\n|switch|p2a: Landorus|Landorus-Therian, L50, M|80\/100\n|-ability|p2a: Landorus|Intimidate|boost\n|-unboost|p1a: Heatran|atk|1\n|-unboost|p1b: Landorus|atk|1\n|move|p2b: Ogerpon|Spiky Shield|p2b: Ogerpon\n|-singleturn|p2b: Ogerpon|move: Protect\n|move|p1b: Landorus|U-turn|p2b: Ogerpon\n|-activate|p2b: Ogerpon|move: Protect\n|-damage|p1b: Landorus|59\/100|[from] Spiky Shield|[of] p2b: Ogerpon\n|move|p1a: Heatran|Heat Wave|p2b: Ogerpon|[spread] p2a\n|-activate|p2b: Ogerpon|move: Protect\n|-damage|p2a: Landorus|35\/100\n|\n|-heal|p2b: Ogerpon|70\/100|[from] Grassy Terrain\n|upkeep\n|turn|5\n|inactive|lvargas01 has 30 seconds left.\n|\n|t:|1701130078\n|-terastallize|p2b: Ogerpon|Water\n|detailschange|p2b: Ogerpon|Ogerpon-Wellspring-Tera, L50, F, tera:Water\n|-ability|p2b: Ogerpon|Embody Aspect (Wellspring)|boost\n|-boost|p2b: Ogerpon|spd|1\n|move|p1a: Heatran|Protect|p1a: Heatran\n|-singleturn|p1a: Heatran|Protect\n|move|p1b: Landorus|U-turn|p2b: Ogerpon\n|-damage|p2b: Ogerpon|50\/100\n|\n|t:|1701130088\n|switch|p1b: Rillaboom|Rillaboom, L50, M|28\/100|[from] U-turn\n|move|p2a: Landorus|U-turn|p1b: Rillaboom\n|-supereffective|p1b: Rillaboom\n|-damage|p1b: Rillaboom|0 fnt\n|faint|p1b: Rillaboom\n|\n|t:|1701130094\n|switch|p2a: Iron Hands|Iron Hands, L50|100\/100|[from] U-turn\n|move|p2b: Ogerpon|Ivy Cudgel|p1a: Heatran|[anim] Ivy Cudgel Water\n|-activate|p1a: Heatran|move: Protect\n|\n|-heal|p2b: Ogerpon|55\/100|[from] Grassy Terrain\n|-fieldend|move: Grassy Terrain\n|upkeep\n|\n|t:|1701130097\n|switch|p1b: Landorus|Landorus-Therian, L50, M|59\/100\n|-ability|p1b: Landorus|Intimidate|boost\n|-unboost|p2a: Iron Hands|atk|1\n|-unboost|p2b: Ogerpon|atk|1\n|turn|6\n|\n|t:|1701130118\n|switch|p2b: Landorus|Landorus-Therian, L50, M|35\/100\n|-ability|p2b: Landorus|Intimidate|boost\n|-unboost|p1a: Heatran|atk|1\n|-unboost|p1b: Landorus|atk|1\n|-terastallize|p1a: Heatran|Grass\n|move|p1b: Landorus|Rock Slide|p2a: Iron Hands|[spread] p2a,p2b\n|-resisted|p2a: Iron Hands\n|-damage|p2a: Iron Hands|95\/100\n|-damage|p2b: Landorus|18\/100\n|move|p1a: Heatran|Heat Wave|p2a: Iron Hands|[spread] p2a,p2b\n|-damage|p2a: Iron Hands|76\/100\n|-damage|p2b: Landorus|0 fnt\n|-status|p2a: Iron Hands|brn\n|faint|p2b: Landorus\n|move|p2a: Iron Hands|Drain Punch|p1a: Heatran\n|-crit|p1a: Heatran\n|-damage|p1a: Heatran|72\/100\n|-heal|p2a: Iron Hands|88\/100 brn|[from] drain|[of] p1a: Heatran\n|\n|-heal|p1a: Heatran|78\/100|[from] item: Leftovers\n|-damage|p2a: Iron Hands|82\/100 brn|[from] brn\n|upkeep\n|\n|t:|1701130139\n|switch|p2b: Flutter Mane|Flutter Mane, L50|100\/100\n|-enditem|p2b: Flutter Mane|Booster Energy\n|-activate|p2b: Flutter Mane|ability: Protosynthesis|[fromitem]\n|-start|p2b: Flutter Mane|protosynthesisspe\n|turn|7\n|\n|t:|1701130163\n|move|p2b: Flutter Mane|Protect|p2b: Flutter Mane\n|-singleturn|p2b: Flutter Mane|Protect\n|move|p1b: Landorus|Rock Slide|p2b: Flutter Mane|[spread] p2a\n|-activate|p2b: Flutter Mane|move: Protect\n|-resisted|p2a: Iron Hands\n|-damage|p2a: Iron Hands|77\/100 brn\n|move|p1a: Heatran|Flash Cannon|p2b: Flutter Mane\n|-activate|p2b: Flutter Mane|move: Protect\n|move|p2a: Iron Hands|Drain Punch|p1b: Landorus\n|-resisted|p1b: Landorus\n|-damage|p1b: Landorus|52\/100\n|-heal|p2a: Iron Hands|79\/100 brn|[from] drain|[of] p1b: Landorus\n|\n|-heal|p1a: Heatran|84\/100|[from] item: Leftovers\n|-damage|p2a: Iron Hands|73\/100 brn|[from] brn\n|upkeep\n|turn|8\n|\n|t:|1701130178\n|move|p2b: Flutter Mane|Moonblast|p1a: Heatran\n|-damage|p1a: Heatran|39\/100\n|-unboost|p1a: Heatran|spa|1\n|move|p1b: Landorus|Rock Slide|p2b: Flutter Mane|[spread] p2a,p2b\n|-resisted|p2a: Iron Hands\n|-damage|p2a: Iron Hands|68\/100 brn\n|-damage|p2b: Flutter Mane|76\/100\n|move|p1a: Heatran|Flash Cannon|p2b: Flutter Mane\n|-supereffective|p2b: Flutter Mane\n|-damage|p2b: Flutter Mane|13\/100\n|cant|p2a: Iron Hands|flinch\n|\n|-heal|p1a: Heatran|45\/100|[from] item: Leftovers\n|-damage|p2a: Iron Hands|62\/100 brn|[from] brn\n|upkeep\n|turn|9\n|inactive|lvargas01 has 30 seconds left.\n|inactive|lvargas01 has 20 seconds left.\n|\n|t:|1701130217\n|-end|p2a: Iron Hands|Quark Drive|[silent]\n|switch|p2a: Ogerpon|Ogerpon-Wellspring-Tera, L50, F, tera:Water|55\/100\n|-ability|p2a: Ogerpon|Embody Aspect (Wellspring)|boost\n|-boost|p2a: Ogerpon|spd|1\n|move|p2b: Flutter Mane|Protect|p2b: Flutter Mane\n|-singleturn|p2b: Flutter Mane|Protect\n|move|p1a: Heatran|Protect|p1a: Heatran\n|-singleturn|p1a: Heatran|Protect\n|move|p1b: Landorus|Rock Slide|p2a: Ogerpon|[spread] p2a\n|-activate|p2b: Flutter Mane|move: Protect\n|-damage|p2a: Ogerpon|39\/100\n|\n|-heal|p1a: Heatran|51\/100|[from] item: Leftovers\n|upkeep\n|turn|10\n|\n|t:|1701130234\n|move|p2b: Flutter Mane|Moonblast|p1a: Heatran\n|-damage|p1a: Heatran|10\/100\n|move|p1b: Landorus|Rock Slide|p2b: Flutter Mane|[spread] p2a,p2b\n|-damage|p2a: Ogerpon|23\/100\n|-damage|p2b: Flutter Mane|0 fnt\n|faint|p2b: Flutter Mane\n|-end|p2b: Flutter Mane|Protosynthesis|[silent]\n|move|p2a: Ogerpon|Ivy Cudgel|p1b: Landorus|[anim] Ivy Cudgel Water\n|-supereffective|p1b: Landorus\n|-damage|p1b: Landorus|0 fnt\n|faint|p1b: Landorus\n|move|p1a: Heatran|Heat Wave|p2a: Ogerpon\n|-resisted|p2a: Ogerpon\n|-damage|p2a: Ogerpon|12\/100\n|\n|-heal|p1a: Heatran|16\/100|[from] item: Leftovers\n|upkeep\n|\n|t:|1701130243\n|switch|p2b: Iron Hands|Iron Hands, L50|62\/100 brn\n|switch|p1b: Chien-Pao|Chien-Pao, L50|100\/100\n|-ability|p1b: Chien-Pao|Sword of Ruin\n|turn|11\n|\n|t:|1701130261\n|move|p1b: Chien-Pao|Protect|p1b: Chien-Pao\n|-singleturn|p1b: Chien-Pao|Protect\n|move|p2a: Ogerpon|Spiky Shield|p2a: Ogerpon\n|-singleturn|p2a: Ogerpon|move: Protect\n|move|p1a: Heatran|Protect|p1a: Heatran\n|-singleturn|p1a: Heatran|Protect\n|move|p2b: Iron Hands|Drain Punch|p1a: Heatran\n|-activate|p1a: Heatran|move: Protect\n|\n|-heal|p1a: Heatran|22\/100|[from] item: Leftovers\n|-damage|p2b: Iron Hands|56\/100 brn|[from] brn\n|upkeep\n|turn|12\n|\n|t:|1701130279\n|move|p2a: Ogerpon|Spiky Shield||[still]\n|-fail|p2a: Ogerpon\n|move|p1b: Chien-Pao|Sacred Sword|p2b: Iron Hands\n|-damage|p2b: Iron Hands|24\/100 brn\n|move|p1a: Heatran|Heat Wave|p2b: Iron Hands|[spread] p2a,p2b\n|-resisted|p2a: Ogerpon\n|-damage|p2a: Ogerpon|3\/100\n|-damage|p2b: Iron Hands|10\/100 brn\n|move|p2b: Iron Hands|Drain Punch|p1b: Chien-Pao\n|-supereffective|p1b: Chien-Pao\n|-enditem|p1b: Chien-Pao|Focus Sash\n|-damage|p1b: Chien-Pao|1\/100\n|-heal|p2b: Iron Hands|43\/100 brn|[from] drain|[of] p1b: Chien-Pao\n|\n|-heal|p1a: Heatran|28\/100|[from] item: Leftovers\n|-damage|p2b: Iron Hands|37\/100 brn|[from] brn\n|upkeep\n|turn|13\n|\n|t:|1701130294\n|move|p1b: Chien-Pao|Protect|p1b: Chien-Pao\n|-singleturn|p1b: Chien-Pao|Protect\n|move|p2a: Ogerpon|Spiky Shield|p2a: Ogerpon\n|-singleturn|p2a: Ogerpon|move: Protect\n|move|p1a: Heatran|Earth Power|p2b: Iron Hands\n|-supereffective|p2b: Iron Hands\n|-damage|p2b: Iron Hands|15\/100 brn\n|move|p2b: Iron Hands|Drain Punch|p1a: Heatran\n|-damage|p1a: Heatran|4\/100\n|-heal|p2b: Iron Hands|25\/100 brn|[from] drain|[of] p1a: Heatran\n|\n|-heal|p1a: Heatran|10\/100|[from] item: Leftovers\n|-damage|p2b: Iron Hands|19\/100 brn|[from] brn\n|upkeep\n|turn|14\n|\n|t:|1701130312\n|move|p1b: Chien-Pao|Crunch|p2a: Ogerpon\n|-damage|p2a: Ogerpon|0 fnt\n|faint|p2a: Ogerpon\n|move|p1a: Heatran|Heat Wave|p2b: Iron Hands\n|-damage|p2b: Iron Hands|0 fnt\n|faint|p2b: Iron Hands\n|-end|p2b: Iron Hands|Quark Drive|[silent]\n|\n|win|D018\n|c|\u2606D018|GG\n","uploadtime":1701130348,"views":10,"p1id":"d018","p2id":"lvargas01","formatid":"gen9vgc2023regulatione","rating":0,"private":0,"password":""}