{"id":"gen9vgc2023regulatione-1998884969","p1":"Zanyruki","p2":"Snog2273","format":"[Gen 9] VGC 2023 Regulation E","log":"|j|\u2606Zanyruki\n|j|\u2606Snog2273\n|t:|1701008461\n|gametype|doubles\n|player|p1|Zanyruki|102|1288\n|player|p2|Snog2273|supernerd|1254\n|teamsize|p1|6\n|teamsize|p2|6\n|gen|9\n|tier|[Gen 9] VGC 2023 Regulation E\n|rated|\n|rule|Species Clause: Limit one of each Pok\u00e9mon\n|rule|Item Clause: Limit one of each item\n|clearpoke\n|poke|p1|Ninetales-Alola, L50, M|\n|poke|p1|Rillaboom, L50, F|\n|poke|p1|Urshifu-*, L50, M|\n|poke|p1|Cresselia, L50, F|\n|poke|p1|Tsareena, L50, F|\n|poke|p1|Arcanine-Hisui, L50, F|\n|poke|p2|Perrserker, L50, M|\n|poke|p2|Gholdengo, L50|\n|poke|p2|Landorus-Therian, L50, M|\n|poke|p2|Iron Hands, L50|\n|poke|p2|Roaring Moon, L50|\n|poke|p2|Ogerpon-Wellspring, L50, F|\n|teampreview|4\n|inactive|Battle timer is ON: inactive players will automatically lose when time's up. (requested by Snog2273)\nSnog2273 has agreed to open team sheets.\n|inactive|Zanyruki has 60 seconds left.\n|inactive|Snog2273 has 60 seconds left.\n|inactive|Zanyruki has 30 seconds left.\n|inactive|Snog2273 has 30 seconds left.\n|\n|t:|1701008531\n|start\n|switch|p1a: Ninetales|Ninetales-Alola, L50, M|100\/100\n|switch|p1b: Rillaboom|Rillaboom, L50, F|100\/100\n|switch|p2a: o|Roaring Moon, L50|100\/100\n|switch|p2b: ou|Iron Hands, L50|100\/100\n|-weather|Snow|[from] ability: Snow Warning|[of] p1a: Ninetales\n|-fieldstart|move: Grassy Terrain|[from] ability: Grassy Surge|[of] p1b: Rillaboom\n|-enditem|p2a: o|Booster Energy\n|-activate|p2a: o|ability: Protosynthesis|[fromitem]\n|-start|p2a: o|protosynthesisspe\n|turn|1\n|inactive|Zanyruki has 30 seconds left.\n|inactive|Snog2273 has 30 seconds left.\n|\n|t:|1701008564\n|move|p1b: Rillaboom|Fake Out|p2b: ou\n|-damage|p2b: ou|91\/100\n|move|p2a: o|Acrobatics|p1b: Rillaboom\n|-supereffective|p1b: Rillaboom\n|-crit|p1b: Rillaboom\n|-damage|p1b: Rillaboom|0 fnt\n|faint|p1b: Rillaboom\n|move|p1a: Ninetales|Aurora Veil|p1a: Ninetales\n|-sidestart|p1: Zanyruki|move: Aurora Veil\n|cant|p2b: ou|flinch\n|\n|-weather|Snow|[upkeep]\n|-heal|p2b: ou|97\/100|[from] Grassy Terrain\n|upkeep\n|\n|t:|1701008577\n|switch|p1b: Cresselia|Cresselia, L50, F|100\/100\n|turn|2\n|\n|t:|1701008602\n|move|p2a: o|Knock Off|p1b: Cresselia\n|-supereffective|p1b: Cresselia\n|-damage|p1b: Cresselia|54\/100\n|-enditem|p1b: Cresselia|Safety Goggles|[from] move: Knock Off|[of] p2a: o\n|move|p1a: Ninetales|Blizzard|p2b: ou|[spread] p2a,p2b\n|-supereffective|p2a: o\n|-damage|p2a: o|50\/100\n|-damage|p2b: ou|84\/100\n|move|p1b: Cresselia|Moonblast|p2a: o\n|-supereffective|p2a: o\n|-damage|p2a: o|0 fnt\n|faint|p2a: o\n|-end|p2a: o|Protosynthesis|[silent]\n|move|p2b: ou|Heavy Slam|p1a: Ninetales\n|-supereffective|p1a: Ninetales\n|-damage|p1a: Ninetales|15\/100\n|\n|-weather|Snow|[upkeep]\n|-heal|p1a: Ninetales|21\/100|[from] Grassy Terrain\n|-heal|p2b: ou|90\/100|[from] Grassy Terrain\n|upkeep\n|\n|t:|1701008621\n|switch|p2a: gn|Gholdengo, L50|100\/100\n|turn|3\n|\n|t:|1701008644\n|move|p1a: Ninetales|Moonblast|p2b: ou\n|-supereffective|p2b: ou\n|-damage|p2b: ou|60\/100\n|move|p2a: gn|Make It Rain|p1a: Ninetales|[spread] p1a,p1b\n|-supereffective|p1a: Ninetales\n|-damage|p1a: Ninetales|0 fnt\n|-damage|p1b: Cresselia|30\/100\n|-unboost|p2a: gn|spa|1\n|faint|p1a: Ninetales\n|-damage|p2a: gn|91\/100|[from] item: Life Orb\n|move|p1b: Cresselia|Lunar Blessing|p1b: Cresselia\n|-heal|p1b: Cresselia|55\/100\n|move|p2b: ou|Wild Charge|p1b: Cresselia\n|-damage|p1b: Cresselia|34\/100\n|-damage|p2b: ou|55\/100|[from] Recoil\n|\n|-weather|Snow|[upkeep]\n|-heal|p2a: gn|97\/100|[from] Grassy Terrain\n|-heal|p2b: ou|61\/100|[from] Grassy Terrain\n|upkeep\n|\n|t:|1701008663\n|switch|p1a: Urshifu|Urshifu-Rapid-Strike, L50, M|100\/100\n|turn|4\n|inactive|Zanyruki has 30 seconds left.\n|inactive|Snog2273 has 30 seconds left.\n|inactive|Snog2273 has 20 seconds left.\n|inactive|Snog2273 has 15 seconds left.\n|inactive|Snog2273 has 10 seconds left.\n|\n|t:|1701008710\n|-terastallize|p1a: Urshifu|Water\n|-terastallize|p2b: ou|Grass\n|move|p1a: Urshifu|Surging Strikes|p2b: ou\n|-resisted|p2b: ou\n|-crit|p2b: ou\n|-damage|p2b: ou|51\/100\n|-resisted|p2b: ou\n|-crit|p2b: ou\n|-damage|p2b: ou|41\/100\n|-resisted|p2b: ou\n|-crit|p2b: ou\n|-damage|p2b: ou|32\/100\n|-hitcount|p2b: ou|3\n|move|p2a: gn|Nasty Plot|p2a: gn\n|-boost|p2a: gn|spa|2\n|move|p1b: Cresselia|Moonblast|p2b: ou\n|-damage|p2b: ou|23\/100\n|-unboost|p2b: ou|spa|1\n|move|p2b: ou|Wild Charge|p1a: Urshifu\n|-supereffective|p1a: Urshifu\n|-damage|p1a: Urshifu|40\/100\n|-damage|p2b: ou|11\/100|[from] Recoil\n|\n|-weather|Snow|[upkeep]\n|-heal|p1a: Urshifu|46\/100|[from] Grassy Terrain\n|-heal|p2a: gn|100\/100|[from] Grassy Terrain\n|-heal|p2b: ou|17\/100|[from] Grassy Terrain\n|upkeep\n|turn|5\n|inactive|Zanyruki has 30 seconds left.\n|inactive|Snog2273 has 30 seconds left.\n|\n|t:|1701008739\n|-end|p2b: ou|Quark Drive|[silent]\n|switch|p2b: re|Landorus-Therian, L50, M|100\/100\n|-ability|p2b: re|Intimidate|boost\n|-unboost|p1a: Urshifu|atk|1\n|-unboost|p1b: Cresselia|atk|1\n|move|p1a: Urshifu|Surging Strikes|p2a: gn\n|-crit|p2a: gn\n|-damage|p2a: gn|74\/100\n|-crit|p2a: gn\n|-damage|p2a: gn|48\/100\n|-crit|p2a: gn\n|-damage|p2a: gn|22\/100\n|-hitcount|p2a: gn|3\n|move|p2a: gn|Make It Rain|p1a: Urshifu|[spread] p1a,p1b\n|-resisted|p1a: Urshifu\n|-damage|p1a: Urshifu|6\/100\n|-damage|p1b: Cresselia|0 fnt\n|-unboost|p2a: gn|spa|1\n|faint|p1b: Cresselia\n|-damage|p2a: gn|12\/100|[from] item: Life Orb\n|\n|-weather|none\n|-heal|p1a: Urshifu|12\/100|[from] Grassy Terrain\n|-heal|p2a: gn|18\/100|[from] Grassy Terrain\n|-fieldend|move: Grassy Terrain\n|upkeep\n|turn|6\n|-message|Zanyruki forfeited.\n|\n|win|Snog2273\n|raw|Zanyruki's rating: 1288 &rarr; <strong>1261<\/strong><br \/>(-27 for losing)\n|raw|Snog2273's rating: 1254 &rarr; <strong>1281<\/strong><br \/>(+27 for winning)\n|l|\u2606Zanyruki\n","uploadtime":1701008768,"views":26,"p1id":"zanyruki","p2id":"snog2273","formatid":"gen9vgc2023regulatione","rating":1261,"private":0,"password":""}