{"id":"gen9vgc2023regulatione-1988594568","p1":"Parravo88","p2":"XaviMX","format":"[Gen 9] VGC 2023 Regulation E","log":"|j|\u2606Parravo88\n|j|\u2606XaviMX\n|t:|1699739929\n|gametype|doubles\n|player|p1|Parravo88|170|1094\n|player|p2|XaviMX|170|1000\n|teamsize|p1|6\n|teamsize|p2|4\n|gen|9\n|tier|[Gen 9] VGC 2023 Regulation E\n|rated|\n|rule|Species Clause: Limit one of each Pok\u00e9mon\n|rule|Item Clause: Limit one of each item\n|clearpoke\n|poke|p1|Cloyster, L50, M|\n|poke|p1|Torterra, L50, F|\n|poke|p1|Empoleon, L50, F|\n|poke|p1|Enamorus, L50, F|\n|poke|p1|Kilowattrel, L50, M|\n|poke|p1|Ursaluna-Bloodmoon, L50, M|\n|poke|p2|Ogerpon-Hearthflame, L50, F|\n|poke|p2|Rillaboom, L50, F|\n|poke|p2|Tyranitar, L50, F|\n|poke|p2|Maushold, L50|\n|teampreview|4\n|inactive|Battle timer is ON: inactive players will automatically lose when time's up. (requested by Parravo88)\n|inactive|XaviMX has 60 seconds left.\nXaviMX has agreed to open team sheets.\n|\n|t:|1699739988\n|start\n|switch|p1a: Empoleon|Empoleon, L50, F|100\/100\n|switch|p1b: Enamorus|Enamorus, L50, F|100\/100\n|switch|p2a: Ogerpon|Ogerpon-Hearthflame, L50, F|100\/100\n|switch|p2b: Tyranitar|Tyranitar, L50, F|100\/100\n|-ability|p2a: Ogerpon|Mold Breaker\n|-weather|Sandstorm|[from] ability: Sand Stream|[of] p2b: Tyranitar\n|turn|1\n|inactive|Parravo88 has 30 seconds left.\n|inactive|XaviMX has 30 seconds left.\n|inactive|Parravo88 has 20 seconds left.\n|\n|t:|1699740028\n|switch|p2b: Maushold|Maushold, L50|100\/100\n|move|p1a: Empoleon|Protect|p1a: Empoleon\n|-singleturn|p1a: Empoleon|Protect\n|move|p1b: Enamorus|Superpower|p2b: Maushold\n|-supereffective|p2b: Maushold\n|-damage|p2b: Maushold|22\/100\n|-boost|p1b: Enamorus|atk|1\n|-boost|p1b: Enamorus|def|1\n|-damage|p1b: Enamorus|84\/100|[from] item: Rocky Helmet|[of] p2b: Maushold\n|move|p2a: Ogerpon|Swords Dance|p2a: Ogerpon\n|-boost|p2a: Ogerpon|atk|2\n|\n|-weather|Sandstorm|[upkeep]\n|-damage|p1b: Enamorus|78\/100|[from] Sandstorm\n|-damage|p2b: Maushold|16\/100|[from] Sandstorm\n|-damage|p2a: Ogerpon|95\/100|[from] Sandstorm\n|upkeep\n|turn|2\n|inactive|Parravo88 has 30 seconds left.\n|inactive|XaviMX has 30 seconds left.\n|inactive|Parravo88 has 20 seconds left.\n|inactive|XaviMX has 20 seconds left.\n|inactive|Parravo88 has 15 seconds left.\n|inactive|XaviMX has 15 seconds left.\n|inactive|Parravo88 has 10 seconds left.\n|inactive|XaviMX has 10 seconds left.\n|inactive|XaviMX has 5 seconds left.\n|\n|t:|1699740078\n|move|p1b: Enamorus|Play Rough|p2a: Ogerpon|[miss]\n|-miss|p1b: Enamorus|p2a: Ogerpon\n|move|p2b: Maushold|Encore|p1a: Empoleon\n|-start|p1a: Empoleon|Encore\n|move|p2a: Ogerpon|Ivy Cudgel|p1b: Enamorus\n|-damage|p1b: Enamorus|0 fnt\n|faint|p1b: Enamorus\n|move|p1a: Empoleon|Protect||[still]\n|-fail|p1a: Empoleon\n|\n|-weather|Sandstorm|[upkeep]\n|-damage|p2b: Maushold|10\/100|[from] Sandstorm\n|-damage|p2a: Ogerpon|89\/100|[from] Sandstorm\n|upkeep\n|inactive|Parravo88 has 30 seconds left.\n|\n|t:|1699740111\n|switch|p1b: Torterra|Torterra, L50, F|100\/100\n|turn|3\n|inactive|XaviMX has 30 seconds left.\n|\n|t:|1699740146\n|move|p1a: Empoleon|Protect|p1a: Empoleon\n|-singleturn|p1a: Empoleon|Protect\n|move|p2b: Maushold|Super Fang|p1a: Empoleon\n|-activate|p1a: Empoleon|move: Protect\n|move|p2a: Ogerpon|Ivy Cudgel|p1b: Torterra\n|-supereffective|p1b: Torterra\n|-damage|p1b: Torterra|0 fnt\n|faint|p1b: Torterra\n|\n|-weather|Sandstorm|[upkeep]\n|-damage|p2b: Maushold|4\/100|[from] Sandstorm\n|-damage|p2a: Ogerpon|83\/100|[from] Sandstorm\n|upkeep\n|\n|t:|1699740158\n|switch|p1b: Cloyster|Cloyster, L50, M|100\/100\n|turn|4\n|\n|t:|1699740177\n|move|p1b: Cloyster|Protect|p1b: Cloyster\n|-singleturn|p1b: Cloyster|Protect\n|move|p1a: Empoleon|Protect||[still]\n|-fail|p1a: Empoleon\n|move|p2b: Maushold|Super Fang|p1b: Cloyster\n|-activate|p1b: Cloyster|move: Protect\n|move|p2a: Ogerpon|Ivy Cudgel|p1a: Empoleon\n|-damage|p1a: Empoleon|0 fnt\n|faint|p1a: Empoleon\n|\n|-weather|Sandstorm|[upkeep]\n|-damage|p2b: Maushold|0 fnt|[from] Sandstorm\n|-damage|p2a: Ogerpon|77\/100|[from] Sandstorm\n|-damage|p1b: Cloyster|95\/100|[from] Sandstorm\n|faint|p2b: Maushold\n|-heal|p1b: Cloyster|100\/100|[from] item: Leftovers\n|upkeep\n|\n|t:|1699740192\n|switch|p2b: Rillaboom|Rillaboom, L50, F|100\/100\n|turn|5\n|\n|t:|1699740200\n|move|p2b: Rillaboom|Fake Out|p1b: Cloyster\n|-damage|p1b: Cloyster|85\/100\n|move|p2a: Ogerpon|Swords Dance|p2a: Ogerpon\n|-boost|p2a: Ogerpon|atk|2\n|cant|p1b: Cloyster|flinch\n|\n|-weather|none\n|-heal|p1b: Cloyster|91\/100|[from] item: Leftovers\n|upkeep\n|turn|6\n|l|\u2606Parravo88\n|inactive|Parravo88 disconnected and has a minute to reconnect!\n|player|p1|\n|inactive|Parravo88 has 30 seconds left.\n|inactive|Parravo88 has 20 seconds left.\n|inactive|Parravo88 has 15 seconds left.\n|inactive|Parravo88 has 10 seconds left.\n|inactive|Parravo88 has 5 seconds left.\n|-message|Parravo88 lost due to inactivity.\n|\n|win|XaviMX\n|raw|Parravo88's rating: 1094 &rarr; <strong>1064<\/strong><br \/>(-30 for losing)\n|raw|XaviMX's rating: 1000 &rarr; <strong>1051<\/strong><br \/>(+51 for winning)\n","uploadtime":1699740261,"views":10,"p1id":"parravo88","p2id":"xavimx","formatid":"gen9vgc2023regulatione","rating":1051,"private":0,"password":""}