{"id":"gen9vgc2023regulatione-1989661158","p1":"Vienna Vaporeons","p2":"japangemu","format":"[Gen 9] VGC 2023 Regulation E","log":"|j|\u2606Vienna Vaporeons\n|j|\u2606japangemu\n|t:|1699884356\n|gametype|doubles\n|player|p1|Vienna Vaporeons|2|1495\n|player|p2|japangemu|102|1552\n|teamsize|p1|6\n|teamsize|p2|6\n|gen|9\n|tier|[Gen 9] VGC 2023 Regulation E\n|rated|\n|rule|Species Clause: Limit one of each Pok\u00e9mon\n|rule|Item Clause: Limit one of each item\n|clearpoke\n|poke|p1|Dragonite, L50, F|\n|poke|p1|Amoonguss, L50, F|\n|poke|p1|Urshifu-*, L50, F|\n|poke|p1|Kingambit, L50, M|\n|poke|p1|Chien-Pao, L50|\n|poke|p1|Farigiraf, L50, M|\n|poke|p2|Dusclops, L50, M|\n|poke|p2|Ursaluna-Bloodmoon, L50, M|\n|poke|p2|Iron Hands, L50|\n|poke|p2|Flutter Mane, L50|\n|poke|p2|Ogerpon-Cornerstone, L50, F|\n|poke|p2|Heatran, L50, M|\n|teampreview|4\nVienna Vaporeons has agreed to open team sheets.\n|inactive|Battle timer is ON: inactive players will automatically lose when time's up. (requested by japangemu)\njapangemu rejected open team sheets.\n|\n|t:|1699884386\n|start\n|switch|p1a: Farigiraf|Farigiraf, L50, M|100\/100\n|switch|p1b: Chien-Pao|Chien-Pao, L50|100\/100\n|switch|p2a: Dusclops|Dusclops, L50, M|100\/100\n|switch|p2b: Ogerpon|Ogerpon-Cornerstone, L50, F|100\/100\n|-ability|p1b: Chien-Pao|Sword of Ruin\n|-ability|p2a: Dusclops|Pressure\n|turn|1\n|\n|t:|1699884400\n|move|p1b: Chien-Pao|Protect|p1b: Chien-Pao\n|-singleturn|p1b: Chien-Pao|Protect\n|move|p2b: Ogerpon|Follow Me|p2b: Ogerpon\n|-singleturn|p2b: Ogerpon|move: Follow Me\n|move|p1a: Farigiraf|Imprison|p1a: Farigiraf\n|-start|p1a: Farigiraf|move: Imprison\n|move|p2a: Dusclops|Will-O-Wisp|p1b: Chien-Pao\n|-activate|p1b: Chien-Pao|move: Protect\n|\n|upkeep\n|turn|2\n|\n|t:|1699884421\n|switch|p2b: Heatran|Heatran, L50, M|100\/100\n|move|p1b: Chien-Pao|Sacred Sword|p2b: Heatran\n|-supereffective|p2b: Heatran\n|-damage|p2b: Heatran|26\/100\n|move|p1a: Farigiraf|Dazzling Gleam|p2b: Heatran|[spread] p2a,p2b\n|-resisted|p2b: Heatran\n|-damage|p2a: Dusclops|92\/100\n|-damage|p2b: Heatran|23\/100\n|move|p2a: Dusclops|Will-O-Wisp|p1b: Chien-Pao\n|-status|p1b: Chien-Pao|brn\n|\n|-damage|p1b: Chien-Pao|95\/100 brn|[from] brn\n|upkeep\n|turn|3\n|inactive|japangemu has 30 seconds left.\n|\n|t:|1699884448\n|move|p2b: Heatran|Protect|p2b: Heatran\n|-singleturn|p2b: Heatran|Protect\n|move|p1b: Chien-Pao|Sacred Sword|p2b: Heatran\n|-activate|p2b: Heatran|move: Protect\n|move|p1a: Farigiraf|Psychic|p2a: Dusclops\n|-damage|p2a: Dusclops|75\/100\n|move|p2a: Dusclops|Brick Break|p1b: Chien-Pao\n|-supereffective|p1b: Chien-Pao\n|-damage|p1b: Chien-Pao|30\/100 brn\n|\n|-damage|p1b: Chien-Pao|24\/100 brn|[from] brn\n|upkeep\n|turn|4\n|\n|t:|1699884469\n|switch|p2b: Ogerpon|Ogerpon-Cornerstone, L50, F|100\/100\n|move|p1b: Chien-Pao|Protect|p1b: Chien-Pao\n|-singleturn|p1b: Chien-Pao|Protect\n|move|p1a: Farigiraf|Psychic|p2a: Dusclops\n|-damage|p2a: Dusclops|59\/100\n|move|p2a: Dusclops|Brick Break|p1b: Chien-Pao\n|-activate|p1b: Chien-Pao|move: Protect\n|\n|-damage|p1b: Chien-Pao|19\/100 brn|[from] brn\n|upkeep\n|turn|5\n|j| Therazer456\n|\n|t:|1699884482\n|switch|p1b: Urshifu|Urshifu-Rapid-Strike, L50, F|100\/100\n|move|p2b: Ogerpon|Spiky Shield|p2b: Ogerpon\n|-singleturn|p2b: Ogerpon|move: Protect\n|move|p1a: Farigiraf|Dazzling Gleam|p2a: Dusclops|[spread] p2a\n|-activate|p2b: Ogerpon|move: Protect\n|-damage|p2a: Dusclops|52\/100\n|move|p2a: Dusclops|Pain Split|p1b: Urshifu\n|-sethp|p1b: Urshifu|70\/100|[from] move: Pain Split|[silent]\n|-sethp|p2a: Dusclops|89\/100|[from] move: Pain Split\n|\n|upkeep\n|turn|6\n|\n|t:|1699884503\n|move|p2b: Ogerpon|Follow Me|p2b: Ogerpon\n|-singleturn|p2b: Ogerpon|move: Follow Me\n|move|p1b: Urshifu|Surging Strikes|p2b: Ogerpon\n|-crit|p2b: Ogerpon\n|-damage|p2b: Ogerpon|79\/100\n|-crit|p2b: Ogerpon\n|-damage|p2b: Ogerpon|56\/100\n|-crit|p2b: Ogerpon\n|-damage|p2b: Ogerpon|34\/100\n|-hitcount|p2b: Ogerpon|3\n|move|p1a: Farigiraf|Psychic|p2b: Ogerpon\n|-damage|p2b: Ogerpon|0 fnt\n|faint|p2b: Ogerpon\n|move|p2a: Dusclops|Will-O-Wisp|p1b: Urshifu\n|-status|p1b: Urshifu|brn\n|\n|-damage|p1b: Urshifu|64\/100 brn|[from] brn\n|upkeep\n|\n|t:|1699884517\n|switch|p2b: Ursaluna|Ursaluna-Bloodmoon, L50, M|100\/100\n|turn|7\n|\n|t:|1699884538\n|move|p1b: Urshifu|Surging Strikes|p2b: Ursaluna\n|-supereffective|p2b: Ursaluna\n|-crit|p2b: Ursaluna\n|-damage|p2b: Ursaluna|84\/100\n|-enditem|p2b: Ursaluna|Weakness Policy\n|-boost|p2b: Ursaluna|atk|2|[from] item: Weakness Policy\n|-boost|p2b: Ursaluna|spa|2|[from] item: Weakness Policy\n|-supereffective|p2b: Ursaluna\n|-crit|p2b: Ursaluna\n|-damage|p2b: Ursaluna|67\/100\n|-supereffective|p2b: Ursaluna\n|-crit|p2b: Ursaluna\n|-damage|p2b: Ursaluna|52\/100\n|-hitcount|p2b: Ursaluna|3\n|move|p1a: Farigiraf|Psychic|p2b: Ursaluna\n|-damage|p2b: Ursaluna|12\/100\n|move|p2b: Ursaluna|Blood Moon|p1a: Farigiraf\n|-damage|p1a: Farigiraf|0 fnt\n|faint|p1a: Farigiraf\n|move|p2a: Dusclops|Brick Break|p1b: Urshifu\n|-damage|p1b: Urshifu|53\/100 brn\n|\n|-damage|p1b: Urshifu|47\/100 brn|[from] brn\n|upkeep\n|\n|t:|1699884555\n|switch|p1a: Kingambit|Kingambit, L50, M|100\/100\n|turn|8\n|\n|t:|1699884571\n|-terastallize|p2a: Dusclops|Dark\n|move|p1b: Urshifu|Surging Strikes|p2b: Ursaluna\n|-supereffective|p2b: Ursaluna\n|-crit|p2b: Ursaluna\n|-damage|p2b: Ursaluna|0 fnt\n|faint|p2b: Ursaluna\n|-hitcount|p2: Ursaluna|1\n|move|p1a: Kingambit|Kowtow Cleave|p2a: Dusclops\n|-resisted|p2a: Dusclops\n|-damage|p2a: Dusclops|71\/100\n|move|p2a: Dusclops|Trick Room|p2a: Dusclops\n|-fieldstart|move: Trick Room|[of] p2a: Dusclops\n|\n|-damage|p1b: Urshifu|41\/100 brn|[from] brn\n|upkeep\n|\n|t:|1699884582\n|switch|p2b: Heatran|Heatran, L50, M|23\/100\n|turn|9\n|\n|t:|1699884594\n|move|p1a: Kingambit|Sucker Punch|p2b: Heatran\n|-damage|p2b: Heatran|0 fnt\n|faint|p2b: Heatran\n|move|p2a: Dusclops|Will-O-Wisp|p1a: Kingambit\n|-status|p1a: Kingambit|brn\n|move|p1b: Urshifu|Surging Strikes|p2a: Dusclops\n|-crit|p2a: Dusclops\n|-damage|p2a: Dusclops|64\/100\n|-crit|p2a: Dusclops\n|-damage|p2a: Dusclops|56\/100\n|-crit|p2a: Dusclops\n|-damage|p2a: Dusclops|49\/100\n|-hitcount|p2a: Dusclops|3\n|\n|-damage|p1a: Kingambit|95\/100 brn|[from] brn\n|-damage|p1b: Urshifu|35\/100 brn|[from] brn\n|upkeep\n|turn|10\n|\n|t:|1699884616\n|-terastallize|p1a: Kingambit|Poison\n|move|p2a: Dusclops|Pain Split|p1a: Kingambit\n|-sethp|p1a: Kingambit|65\/100 brn|[from] move: Pain Split|[silent]\n|-sethp|p2a: Dusclops|91\/100|[from] move: Pain Split\n|move|p1a: Kingambit|Swords Dance|p1a: Kingambit\n|-boost|p1a: Kingambit|atk|2\n|move|p1b: Urshifu|Surging Strikes|p2a: Dusclops\n|-crit|p2a: Dusclops\n|-damage|p2a: Dusclops|84\/100\n|-crit|p2a: Dusclops\n|-damage|p2a: Dusclops|78\/100\n|-crit|p2a: Dusclops\n|-damage|p2a: Dusclops|70\/100\n|-hitcount|p2a: Dusclops|3\n|\n|-damage|p1a: Kingambit|59\/100 brn|[from] brn\n|-damage|p1b: Urshifu|30\/100 brn|[from] brn\n|upkeep\n|turn|11\n|\n|t:|1699884632\n|move|p2a: Dusclops|Brick Break|p1b: Urshifu\n|-damage|p1b: Urshifu|18\/100 brn\n|move|p1a: Kingambit|Swords Dance|p1a: Kingambit\n|-boost|p1a: Kingambit|atk|2\n|move|p1b: Urshifu|Surging Strikes|p2a: Dusclops\n|-crit|p2a: Dusclops\n|-damage|p2a: Dusclops|62\/100\n|-crit|p2a: Dusclops\n|-damage|p2a: Dusclops|55\/100\n|-crit|p2a: Dusclops\n|-damage|p2a: Dusclops|49\/100\n|-hitcount|p2a: Dusclops|3\n|\n|-damage|p1a: Kingambit|53\/100 brn|[from] brn\n|-damage|p1b: Urshifu|12\/100 brn|[from] brn\n|upkeep\n|turn|12\n|\n|t:|1699884645\n|switch|p1b: Chien-Pao|Chien-Pao, L50|19\/100 brn\n|-ability|p1b: Chien-Pao|Sword of Ruin\n|move|p2a: Dusclops|Pain Split|p1a: Kingambit\n|-sethp|p1a: Kingambit|44\/100 brn|[from] move: Pain Split|[silent]\n|-sethp|p2a: Dusclops|62\/100|[from] move: Pain Split\n|move|p1a: Kingambit|Swords Dance|p1a: Kingambit\n|-boost|p1a: Kingambit|atk|2\n|\n|-damage|p1a: Kingambit|38\/100 brn|[from] brn\n|-damage|p1b: Chien-Pao|13\/100 brn|[from] brn\n|-fieldend|move: Trick Room\n|upkeep\n|turn|13\n|\n|t:|1699884661\n|move|p1b: Chien-Pao|Sacred Sword|p2a: Dusclops\n|-supereffective|p2a: Dusclops\n|-damage|p2a: Dusclops|35\/100\n|move|p1a: Kingambit|Kowtow Cleave|p2a: Dusclops\n|-resisted|p2a: Dusclops\n|-damage|p2a: Dusclops|0 fnt\n|faint|p2a: Dusclops\n|\n|win|Vienna Vaporeons\n|raw|Vienna Vaporeons's rating: 1495 &rarr; <strong>1518<\/strong><br \/>(+23 for winning)\n|raw|japangemu's rating: 1552 &rarr; <strong>1529<\/strong><br \/>(-23 for losing)\n|l|\u2606japangemu\n","uploadtime":1699884670,"views":24,"p1id":"viennavaporeons","p2id":"japangemu","formatid":"gen9vgc2023regulatione","rating":1518,"private":0,"password":""}