{"id":"gen9vgc2023regulatione-1998056342","p1":"Alexp","p2":"Jdjdnden","format":"[Gen 9] VGC 2023 Regulation E","log":"|j|\u2606Alexp\n|j|\u2606Jdjdnden\n|t:|1700884657\n|gametype|doubles\n|player|p1|Alexp|1|1010\n|player|p2|Jdjdnden|102|1000\n|teamsize|p1|6\n|teamsize|p2|6\n|gen|9\n|tier|[Gen 9] VGC 2023 Regulation E\n|rated|\n|rule|Species Clause: Limit one of each Pok\u00e9mon\n|rule|Item Clause: Limit one of each item\n|clearpoke\n|poke|p1|Flareon, L50, F|\n|poke|p1|Annihilape, L50, F|\n|poke|p1|Vivillon, L50, F|\n|poke|p1|Scream Tail, L50|\n|poke|p1|Thundurus, L50, M|\n|poke|p1|Amoonguss, L50, F|\n|poke|p2|Gholdengo, L50|\n|poke|p2|Amoonguss, L50, M|\n|poke|p2|Regidrago, L50|\n|poke|p2|Dusclops, L50, F|\n|poke|p2|Ursaluna-Bloodmoon, L50, M|\n|poke|p2|Iron Hands, L50|\n|teampreview|4\n|inactive|Battle timer is ON: inactive players will automatically lose when time's up. (requested by Jdjdnden)\nJdjdnden rejected open team sheets.\n|\n|t:|1700884711\n|start\n|switch|p1a: Scream Tail|Scream Tail, L50|100\/100\n|switch|p1b: Vivillon|Vivillon, L50, F|100\/100\n|switch|p2a: Ro|Dusclops, L50, F|100\/100\n|switch|p2b: Ca|Iron Hands, L50|100\/100\n|-item|p1a: Scream Tail|Booster Energy|[from] ability: Frisk|[of] p2a: Ro|[identify]\n|-item|p1b: Vivillon|Focus Sash|[from] ability: Frisk|[of] p2a: Ro|[identify]\n|-enditem|p1a: Scream Tail|Booster Energy\n|-activate|p1a: Scream Tail|ability: Protosynthesis|[fromitem]\n|-start|p1a: Scream Tail|protosynthesisspe\n|-enditem|p2b: Ca|Booster Energy\n|-activate|p2b: Ca|ability: Quark Drive|[fromitem]\n|-start|p2b: Ca|quarkdriveatk\n|turn|1\n|inactive|Alexp has 30 seconds left.\n|\n|t:|1700884737\n|switch|p1b: Amoonguss|Amoonguss, L50, F|100\/100\n|move|p2b: Ca|Fake Out|p1b: Amoonguss\n|-damage|p1b: Amoonguss|85\/100\n|-damage|p2b: Ca|84\/100|[from] item: Rocky Helmet|[of] p1b: Amoonguss\n|move|p1a: Scream Tail|Imprison|p1a: Scream Tail\n|-start|p1a: Scream Tail|move: Imprison\n|cant|p2a: Ro|move: Imprison|Trick Room\n|\n|upkeep\n|turn|2\n|inactive|Alexp has 30 seconds left.\n|\n|t:|1700884772\n|move|p2a: Ro|Helping Hand|p2b: Ca\n|-singleturn|p2b: Ca|Helping Hand|[of] p2a: Ro\n|move|p1a: Scream Tail|Howl|p1a: Scream Tail|[spread] p1a,p1b\n|-boost|p1a: Scream Tail|atk|1\n|-boost|p1b: Amoonguss|atk|1\n|move|p2b: Ca|Ice Punch|p1b: Amoonguss\n|-supereffective|p1b: Amoonguss\n|-damage|p1b: Amoonguss|0 fnt\n|-damage|p2b: Ca|67\/100|[from] item: Rocky Helmet|[of] p1b: Amoonguss\n|faint|p1b: Amoonguss\n|\n|upkeep\n|\n|t:|1700884784\n|switch|p1b: Flareon|Flareon, L50, F|100\/100\n|turn|3\n|\n|t:|1700884802\n|move|p1a: Scream Tail|Play Rough|p2b: Ca\n|-supereffective|p2b: Ca\n|-damage|p2b: Ca|12\/100\n|move|p1b: Flareon|Flame Charge|p2b: Ca\n|-damage|p2b: Ca|0 fnt\n|-boost|p1b: Flareon|spe|1\n|faint|p2b: Ca\n|-end|p2b: Ca|Quark Drive|[silent]\n|move|p2a: Ro|Haze|p2a: Ro\n|-clearallboost\n|\n|upkeep\n|\n|t:|1700884810\n|switch|p2b: Ha|Ursaluna-Bloodmoon, L50, M|100\/100\n|turn|4\n|inactive|Alexp has 30 seconds left.\n|\n|t:|1700884840\n|-end|p1a: Scream Tail|Protosynthesis|[silent]\n|switch|p1a: Vivillon|Vivillon, L50, F|100\/100\n|-terastallize|p2b: Ha|Normal\n|move|p2a: Ro|Helping Hand|p2b: Ha\n|-singleturn|p2b: Ha|Helping Hand|[of] p2a: Ro\n|move|p1b: Flareon|Flame Charge|p2a: Ro\n|-damage|p2a: Ro|82\/100\n|-boost|p1b: Flareon|spe|1\n|move|p2b: Ha|Blood Moon|p1a: Vivillon\n|-enditem|p1a: Vivillon|Focus Sash\n|-damage|p1a: Vivillon|1\/100\n|\n|upkeep\n|turn|5\n|\n|t:|1700884866\n|-terastallize|p1b: Flareon|Normal\n|move|p1b: Flareon|Facade|p2b: Ha\n|-damage|p2b: Ha|78\/100\n|move|p1a: Vivillon|Poison Powder|p1b: Flareon\n|-status|p1b: Flareon|psn\n|move|p2b: Ha|Hyper Voice|p1b: Flareon|[spread] p1a,p1b\n|-damage|p1a: Vivillon|0 fnt\n|-damage|p1b: Flareon|60\/100 psn\n|faint|p1a: Vivillon\n|move|p2a: Ro|Trick Room|p2a: Ro\n|-fieldstart|move: Trick Room|[of] p2a: Ro\n|\n|-damage|p1b: Flareon|48\/100 psn|[from] psn\n|upkeep\n|\n|t:|1700884881\n|switch|p1a: Scream Tail|Scream Tail, L50|100\/100\n|turn|6\n|\n|t:|1700884894\n|move|p2a: Ro|Helping Hand|p2b: Ha\n|-singleturn|p2b: Ha|Helping Hand|[of] p2a: Ro\n|move|p1b: Flareon|Quick Attack|p2b: Ha\n|-damage|p2b: Ha|59\/100\n|move|p2b: Ha|Blood Moon|p1a: Scream Tail\n|-damage|p1a: Scream Tail|0 fnt\n|faint|p1a: Scream Tail\n|-end|p1a: Scream Tail|Protosynthesis|[silent]\n|\n|-damage|p1b: Flareon|35\/100 psn|[from] psn\n|upkeep\n|turn|7\n|\n|t:|1700884908\n|move|p2a: Ro|Helping Hand|p2b: Ha\n|-singleturn|p2b: Ha|Helping Hand|[of] p2a: Ro\n|move|p2b: Ha|Hyper Voice|p1b: Flareon\n|-damage|p1b: Flareon|0 fnt\n|faint|p1b: Flareon\n|\n|win|Jdjdnden\n|raw|Alexp's rating: 1010 &rarr; <strong>1000<\/strong><br \/>(-10 for losing)\n|raw|Jdjdnden's rating: 1000 &rarr; <strong>1041<\/strong><br \/>(+41 for winning)\n","uploadtime":1700884912,"views":8,"p1id":"alexp","p2id":"jdjdnden","formatid":"gen9vgc2023regulatione","rating":1000,"private":0,"password":""}