{"id":"gen9vgc2023regulatione-1995822962","p1":"StonerSomeone","p2":"WickedCheeseTouch","format":"[Gen 9] VGC 2023 Regulation E","log":"|j|\u2606StonerSomeone\n|j|\u2606WickedCheeseTouch\n|n|\u2606StonerSomeone|stonersomeone\n|n|\u2606WickedCheeseTouch|wickedcheesetouch\n|html|View the match progress at <a href=\"\/game-bestof3-gen9vgc2023regulatione-1995822961\">game-bestof3-gen9vgc2023regulatione-1995822961<\/a>\n|t:|1700606625\n|gametype|doubles\n|player|p1|StonerSomeone|anabel|\n|player|p2|WickedCheeseTouch|lucas|\n|teamsize|p1|6\n|teamsize|p2|6\n|gen|9\n|tier|[Gen 9] VGC 2023 Regulation E\n|rated|Tournament battle\n|rule|Species Clause: Limit one of each Pok\u00e9mon\n|rule|Item Clause: Limit one of each item\n|clearpoke\n|poke|p1|Moltres, L50|\n|poke|p1|Iron Hands, L50|\n|poke|p1|Urshifu-*, L50, F|\n|poke|p1|Flutter Mane, L50|\n|poke|p1|Landorus-Therian, L50, M|\n|poke|p1|Milotic, L50, F|\n|poke|p2|Roaring Moon, L50|\n|poke|p2|Rillaboom, L50, M|\n|poke|p2|Clefairy, L50, F|\n|poke|p2|Arcanine-Hisui, L50, M|\n|poke|p2|Urshifu-*, L50, M|\n|poke|p2|Gholdengo, L50|\n|teampreview|4\n|showteam|p1|Moltres||RockyHelmet|FlameBody|HeatWave,AirSlash,Tailwind,Roost||||||50|,,,,,Dragon]Iron Hands||AssaultVest|QuarkDrive|DrainPunch,WildCharge,HeavySlam,FakeOut||||||50|,,,,,Fire]Urshifu||BlackGlasses|UnseenFist|Protect,WickedBlow,SuckerPunch,CloseCombat|||F|||50|,,,,,Poison]Flutter Mane||ChoiceSpecs|Protosynthesis|PowerGem,DazzlingGleam,Moonblast,ShadowBall||||||50|,,,,,Fairy]Landorus-Therian||ChoiceScarf|Intimidate|TeraBlast,StompingTantrum,Uturn,RockSlide|||M|||50|,,,,,Flying]Milotic||SitrusBerry|Competitive|Scald,IcyWind,Recover,Protect|||F|||50|,,,,,Grass\n|showteam|p2|Roaring Moon||BoosterEnergy|Protosynthesis|BreakingSwipe,Tailwind,KnockOff,Protect||||||50|,,,,,Poison]Rillaboom||AssaultVest|GrassySurge|FakeOut,WoodHammer,GrassyGlide,HighHorsepower|||M|||50|,,,,,Fire]Clefairy||Eviolite|FriendGuard|FollowMe,HealPulse,Encore,Protect|||F|||50|,,,,,Grass]Arcanine-Hisui||ChoiceBand|Intimidate|FlareBlitz,RockSlide,HeadSmash,ExtremeSpeed|||M|||50|,,,,,Fairy]Urshifu-Rapid-Strike||ChoiceScarf|UnseenFist|SurgingStrikes,CloseCombat,AquaJet,Uturn|||M|||50|,,,,,Water]Gholdengo||Leftovers|GoodasGold|MakeItRain,ShadowBall,NastyPlot,Protect||||||50|,,,,,Dragon\n|inactive|Battle timer is ON: inactive players will automatically lose when time's up. (requested by StonerSomeone)\n|j| Lawrence_lmao\n|j| Red Fang X\n|j| KingFlavoris\n|inactive|StonerSomeone has 60 seconds left.\n|inactive|WickedCheeseTouch has 60 seconds left.\n|\n|t:|1700606667\n|start\n|switch|p1a: Landorus|Landorus-Therian, L50, M|100\/100\n|switch|p1b: Moltres|Moltres, L50|100\/100\n|switch|p2a: Urshifu|Urshifu-Rapid-Strike, L50, M|100\/100\n|switch|p2b: Rillaboom|Rillaboom, L50, M|100\/100\n|-ability|p1a: Landorus|Intimidate|boost\n|-unboost|p2a: Urshifu|atk|1\n|-unboost|p2b: Rillaboom|atk|1\n|-fieldstart|move: Grassy Terrain|[from] ability: Grassy Surge|[of] p2b: Rillaboom\n|turn|1\n|inactive|StonerSomeone has 30 seconds left.\n|\n|t:|1700606692\n|switch|p1a: Iron Hands|Iron Hands, L50|100\/100\n|-terastallize|p2a: Urshifu|Water\n|-terastallize|p1b: Moltres|Dragon\n|move|p2b: Rillaboom|Fake Out|p1a: Iron Hands\n|-damage|p1a: Iron Hands|94\/100\n|move|p2a: Urshifu|Surging Strikes|p1a: Iron Hands\n|-crit|p1a: Iron Hands\n|-damage|p1a: Iron Hands|76\/100\n|-crit|p1a: Iron Hands\n|-damage|p1a: Iron Hands|57\/100\n|-crit|p1a: Iron Hands\n|-damage|p1a: Iron Hands|37\/100\n|-hitcount|p1a: Iron Hands|3\n|move|p1b: Moltres|Tailwind|p1b: Moltres\n|-sidestart|p1: StonerSomeone|move: Tailwind\n|\n|-heal|p1a: Iron Hands|43\/100|[from] Grassy Terrain\n|upkeep\n|turn|2\n|j| alchemistake\n|\n|t:|1700606710\n|switch|p2b: Arcanine|Arcanine-Hisui, L50, M|100\/100\n|-ability|p2b: Arcanine|Intimidate|boost\n|-unboost|p1a: Iron Hands|atk|1\n|-unboost|p1b: Moltres|atk|1\n|move|p1a: Iron Hands|Fake Out|p2a: Urshifu\n|-damage|p2a: Urshifu|90\/100\n|move|p1b: Moltres|Heat Wave|p2a: Urshifu|[spread] p2a,p2b\n|-resisted|p2a: Urshifu\n|-resisted|p2b: Arcanine\n|-damage|p2a: Urshifu|68\/100\n|-damage|p2b: Arcanine|89\/100\n|cant|p2a: Urshifu|flinch\n|\n|-heal|p2a: Urshifu|74\/100|[from] Grassy Terrain\n|-heal|p1a: Iron Hands|49\/100|[from] Grassy Terrain\n|-heal|p2b: Arcanine|95\/100|[from] Grassy Terrain\n|upkeep\n|turn|3\n|\n|t:|1700606724\n|switch|p1b: Landorus|Landorus-Therian, L50, M|100\/100\n|-ability|p1b: Landorus|Intimidate|boost\n|-unboost|p2a: Urshifu|atk|1\n|-unboost|p2b: Arcanine|atk|1\n|move|p2a: Urshifu|Surging Strikes|p1a: Iron Hands\n|-crit|p1a: Iron Hands\n|-damage|p1a: Iron Hands|30\/100\n|-crit|p1a: Iron Hands\n|-damage|p1a: Iron Hands|10\/100\n|-crit|p1a: Iron Hands\n|-damage|p1a: Iron Hands|0 fnt\n|faint|p1a: Iron Hands\n|-end|p1a: Iron Hands|Quark Drive|[silent]\n|-hitcount|p1: Iron Hands|3\n|move|p2b: Arcanine|Head Smash|p1b: Landorus\n|-damage|p1b: Landorus|15\/100\n|-damage|p2b: Arcanine|55\/100|[from] Recoil\n|\n|-heal|p2a: Urshifu|80\/100|[from] Grassy Terrain\n|-heal|p2b: Arcanine|61\/100|[from] Grassy Terrain\n|upkeep\n|\n|t:|1700606733\n|switch|p1a: Milotic|Milotic, L50, F|100\/100\n|turn|4\n|\n|t:|1700606745\n|switch|p2b: Roaring Moon|Roaring Moon, L50|100\/100\n|-enditem|p2b: Roaring Moon|Booster Energy\n|-activate|p2b: Roaring Moon|ability: Protosynthesis|[fromitem]\n|-start|p2b: Roaring Moon|protosynthesisspe\n|move|p1b: Landorus|U-turn|p2a: Urshifu\n|-damage|p2a: Urshifu|49\/100\n|\n|t:|1700606751\n|switch|p1b: Moltres|Moltres, L50, tera:Dragon|100\/100|[from] U-turn\n|move|p2a: Urshifu|Surging Strikes|p1b: Moltres\n|-resisted|p1b: Moltres\n|-crit|p1b: Moltres\n|-damage|p1b: Moltres|88\/100\n|-damage|p2a: Urshifu|33\/100|[from] item: Rocky Helmet|[of] p1b: Moltres\n|-resisted|p1b: Moltres\n|-crit|p1b: Moltres\n|-damage|p1b: Moltres|77\/100\n|-damage|p2a: Urshifu|17\/100|[from] item: Rocky Helmet|[of] p1b: Moltres\n|-resisted|p1b: Moltres\n|-crit|p1b: Moltres\n|-damage|p1b: Moltres|65\/100\n|-damage|p2a: Urshifu|0 fnt|[from] item: Rocky Helmet|[of] p1b: Moltres\n|faint|p2a: Urshifu\n|-hitcount|p1b: Moltres|3\n|move|p1a: Milotic|Scald|p2b: Roaring Moon\n|-resisted|p2b: Roaring Moon\n|-damage|p2b: Roaring Moon|88\/100\n|\n|-heal|p2b: Roaring Moon|94\/100|[from] Grassy Terrain\n|-heal|p1b: Moltres|71\/100|[from] Grassy Terrain\n|-sideend|p1: StonerSomeone|move: Tailwind\n|upkeep\n|\n|t:|1700606756\n|switch|p2a: Rillaboom|Rillaboom, L50, M|100\/100\n|turn|5\n|j| Bruno the star\n|\n|t:|1700606780\n|switch|p1a: Landorus|Landorus-Therian, L50, M|15\/100\n|-ability|p1a: Landorus|Intimidate|boost\n|-unboost|p2a: Rillaboom|atk|1\n|-unboost|p2b: Roaring Moon|atk|1\n|move|p2b: Roaring Moon|Knock Off|p1b: Moltres\n|-damage|p1b: Moltres|43\/100\n|-damage|p2b: Roaring Moon|77\/100|[from] item: Rocky Helmet|[of] p1b: Moltres\n|-enditem|p1b: Moltres|Rocky Helmet|[from] move: Knock Off|[of] p2b: Roaring Moon\n|move|p1b: Moltres|Roost|p1b: Moltres\n|-heal|p1b: Moltres|93\/100\n|move|p2a: Rillaboom|Wood Hammer|p1a: Landorus\n|-damage|p1a: Landorus|0 fnt\n|faint|p1a: Landorus\n|-damage|p2a: Rillaboom|97\/100|[from] Recoil\n|\n|-heal|p2b: Roaring Moon|83\/100|[from] Grassy Terrain\n|-heal|p1b: Moltres|99\/100|[from] Grassy Terrain\n|-heal|p2a: Rillaboom|100\/100|[from] Grassy Terrain\n|-fieldend|move: Grassy Terrain\n|upkeep\n|\n|t:|1700606790\n|switch|p1a: Milotic|Milotic, L50, F|100\/100\n|turn|6\n|\n|t:|1700606795\n|move|p2b: Roaring Moon|Tailwind|p2b: Roaring Moon\n|-sidestart|p2: WickedCheeseTouch|move: Tailwind\n|move|p2a: Rillaboom|Wood Hammer|p1a: Milotic\n|-supereffective|p1a: Milotic\n|-damage|p1a: Milotic|27\/100\n|-enditem|p1a: Milotic|Sitrus Berry|[eat]\n|-heal|p1a: Milotic|52\/100|[from] item: Sitrus Berry\n|-damage|p2a: Rillaboom|77\/100|[from] Recoil\n|move|p1b: Moltres|Heat Wave|p2b: Roaring Moon|[spread] p2a,p2b\n|-supereffective|p2a: Rillaboom\n|-resisted|p2b: Roaring Moon\n|-damage|p2a: Rillaboom|22\/100\n|-damage|p2b: Roaring Moon|69\/100\n|move|p1a: Milotic|Icy Wind|p2a: Rillaboom|[spread] p2a\n|-miss|p1a: Milotic|p2b: Roaring Moon\n|-supereffective|p2a: Rillaboom\n|-damage|p2a: Rillaboom|7\/100\n|-unboost|p2a: Rillaboom|spe|1\n|\n|upkeep\n|turn|7\n|l| alchemistake\n|\n|t:|1700606817\n|switch|p2a: Arcanine|Arcanine-Hisui, L50, M|61\/100\n|-ability|p2a: Arcanine|Intimidate|boost\n|-unboost|p1a: Milotic|atk|1\n|-ability|p1a: Milotic|Competitive|boost\n|-boost|p1a: Milotic|spa|2\n|-unboost|p1b: Moltres|atk|1\n|move|p1a: Milotic|Protect|p1a: Milotic\n|-singleturn|p1a: Milotic|Protect\n|move|p2b: Roaring Moon|Breaking Swipe|p1a: Milotic|[spread] p1b\n|-activate|p1a: Milotic|move: Protect\n|-supereffective|p1b: Moltres\n|-damage|p1b: Moltres|74\/100\n|-unboost|p1b: Moltres|atk|1\n|move|p1b: Moltres|Tailwind|p1b: Moltres\n|-sidestart|p1: StonerSomeone|move: Tailwind\n|\n|upkeep\n|turn|8\n|inactive|StonerSomeone has 30 seconds left.\n|\n|t:|1700606843\n|move|p2b: Roaring Moon|Knock Off|p1a: Milotic\n|-damage|p1a: Milotic|34\/100\n|move|p2a: Arcanine|Head Smash|p1a: Milotic\n|-damage|p1a: Milotic|0 fnt\n|faint|p1a: Milotic\n|-damage|p2a: Arcanine|42\/100|[from] Recoil\n|move|p1b: Moltres|Roost|p1b: Moltres\n|-heal|p1b: Moltres|100\/100\n|\n|upkeep\n|turn|9\n|\n|t:|1700606853\n|switch|p2a: Rillaboom|Rillaboom, L50, M|7\/100\n|-fieldstart|move: Grassy Terrain|[from] ability: Grassy Surge|[of] p2a: Rillaboom\n|move|p2b: Roaring Moon|Breaking Swipe|p1b: Moltres\n|-supereffective|p1b: Moltres\n|-damage|p1b: Moltres|69\/100\n|-unboost|p1b: Moltres|atk|1\n|move|p1b: Moltres|Heat Wave|p2b: Roaring Moon|[spread] p2a,p2b\n|-supereffective|p2a: Rillaboom\n|-resisted|p2b: Roaring Moon\n|-damage|p2a: Rillaboom|0 fnt\n|-damage|p2b: Roaring Moon|53\/100\n|faint|p2a: Rillaboom\n|\n|-heal|p2b: Roaring Moon|60\/100|[from] Grassy Terrain\n|-heal|p1b: Moltres|75\/100|[from] Grassy Terrain\n|-sideend|p2: WickedCheeseTouch|move: Tailwind\n|upkeep\n|l| Bruno the star\n|\n|t:|1700606857\n|switch|p2a: Arcanine|Arcanine-Hisui, L50, M|42\/100\n|-ability|p2a: Arcanine|Intimidate|boost\n|-unboost|p1b: Moltres|atk|1\n|turn|10\n|\n|t:|1700606869\n|move|p2b: Roaring Moon|Tailwind|p2b: Roaring Moon\n|-sidestart|p2: WickedCheeseTouch|move: Tailwind\n|move|p2a: Arcanine|Rock Slide|p1b: Moltres\n|-damage|p1b: Moltres|20\/100\n|move|p1b: Moltres|Air Slash|p2b: Roaring Moon\n|-damage|p2b: Roaring Moon|30\/100\n|\n|-heal|p2b: Roaring Moon|37\/100|[from] Grassy Terrain\n|-heal|p2a: Arcanine|49\/100|[from] Grassy Terrain\n|-heal|p1b: Moltres|26\/100|[from] Grassy Terrain\n|-sideend|p1: StonerSomeone|move: Tailwind\n|upkeep\n|turn|11\n|\n|t:|1700606878\n|move|p2b: Roaring Moon|Breaking Swipe|p1b: Moltres\n|-supereffective|p1b: Moltres\n|-damage|p1b: Moltres|0 fnt\n|faint|p1b: Moltres\n|\n|win|WickedCheeseTouch\n|c|&|\/uhtml prompt-wickedcheesetouch,WickedCheeseTouch is ready for game 2!\n","uploadtime":1700606887,"views":5,"p1id":"stonersomeone","p2id":"wickedcheesetouch","formatid":"gen9vgc2023regulatione","rating":0,"private":0,"password":""}