{"id":"gen9vgc2023regulatione-1995798769","p1":"A.Ramiirez9","p2":"PetuniaVeloz58","format":"[Gen 9] VGC 2023 Regulation E","log":"|j|\u2606A.Ramiirez9\n|j|\u2606PetuniaVeloz58\n|n|\u2606A.Ramiirez9|aramiirez9\n|n|\u2606PetuniaVeloz58|petuniaveloz58\n|html|View the match progress at <a href=\"\/game-bestof3-gen9vgc2023regulatione-1995794972\">game-bestof3-gen9vgc2023regulatione-1995794972<\/a>\n|t:|1700604243\n|gametype|doubles\n|player|p1|A.Ramiirez9|n|\n|player|p2|PetuniaVeloz58|101|\n|teamsize|p1|6\n|teamsize|p2|6\n|gen|9\n|tier|[Gen 9] VGC 2023 Regulation E\n|rule|Species Clause: Limit one of each Pok\u00e9mon\n|rule|Item Clause: Limit one of each item\n|clearpoke\n|poke|p1|Dragonite, L50, M|\n|poke|p1|Chien-Pao, L50|\n|poke|p1|Urshifu-*, L50, M|\n|poke|p1|Rillaboom, L50, M|\n|poke|p1|Ogerpon-Hearthflame, L50, F|\n|poke|p1|Farigiraf, L50, M|\n|poke|p2|Landorus-Therian, L50, M|\n|poke|p2|Roaring Moon, L50|\n|poke|p2|Iron Hands, L50|\n|poke|p2|Amoonguss, L50, F|\n|poke|p2|Heatran, L50, F|\n|poke|p2|Flutter Mane, L50|\n|teampreview|4\nA.Ramiirez9 has agreed to open team sheets.\nPetuniaVeloz58 has agreed to open team sheets.\n|showteam|p1|Dragonite||ChoiceBand|InnerFocus|ExtremeSpeed,AerialAce,Outrage,StompingTantrum|||M|||50|,,,,,Normal]Chien-Pao||FocusSash|SwordofRuin|IcicleCrash,SuckerPunch,SacredSword,Protect||||||50|,,,,,Ghost]Urshifu-Rapid-Strike||ChoiceScarf|UnseenFist|SurgingStrikes,CloseCombat,AquaJet,Uturn|||M|||50|,,,,,Water]Rillaboom||AssaultVest|GrassySurge|FakeOut,WoodHammer,GrassyGlide,Uturn|||M|||50|,,,,,Fire]Ogerpon-Hearthflame||HearthflameMask|MoldBreaker|FollowMe,IvyCudgel,GrassyGlide,SpikyShield|||F|||50|,,,,,Fire]Farigiraf||RockyHelmet|ArmorTail|Psychic,DazzlingGleam,HelpingHand,TrickRoom|||M|||50|,,,,,Poison\n|showteam|p2|Landorus-Therian||ChoiceScarf|Intimidate|StompingTantrum,RockSlide,Uturn,TeraBlast|||M|||50|,,,,,Flying]Roaring Moon||BoosterEnergy|Protosynthesis|Acrobatics,KnockOff,DragonDance,Protect||||||50|,,,,,Flying]Iron Hands||AssaultVest|QuarkDrive|FakeOut,DrainPunch,VoltSwitch,WildCharge||||||50|,,,,,Water]Amoonguss||RockyHelmet|Regenerator|RagePowder,Spore,Protect,PollenPuff|||F|||50|,,,,,Water]Heatran||LifeOrb|FlashFire|HeatWave,EarthPower,FlashCannon,Protect|||F|||50|,,,,,Fairy]Flutter Mane||ChoiceSpecs|Protosynthesis|Moonblast,ShadowBall,DazzlingGleam,PerishSong||||||50|,,,,,Fairy\n|inactive|Battle timer is ON: inactive players will automatically lose when time's up. (requested by A.Ramiirez9)\n|inactive|A.Ramiirez9 has 60 seconds left.\n|inactive|PetuniaVeloz58 has 60 seconds left.\n|inactive|A.Ramiirez9 has 30 seconds left.\n|inactive|PetuniaVeloz58 has 30 seconds left.\n|\n|t:|1700604315\n|start\n|switch|p1a: Rillaboom|Rillaboom, L50, M, shiny|100\/100\n|switch|p1b: Urshifu|Urshifu-Rapid-Strike, L50, M|100\/100\n|switch|p2a: D\u00e9m\u00e9t\u00e9ros|Landorus-Therian, L50, M|100\/100\n|switch|p2b: Amoonguss|Amoonguss, L50, F|100\/100\n|-ability|p2a: D\u00e9m\u00e9t\u00e9ros|Intimidate|boost\n|-unboost|p1a: Rillaboom|atk|1\n|-unboost|p1b: Urshifu|atk|1\n|-fieldstart|move: Grassy Terrain|[from] ability: Grassy Surge|[of] p1a: Rillaboom\n|turn|1\n|inactive|A.Ramiirez9 has 30 seconds left.\n|inactive|PetuniaVeloz58 has 30 seconds left.\n|inactive|PetuniaVeloz58 has 20 seconds left.\n|inactive|PetuniaVeloz58 has 15 seconds left.\n|inactive|PetuniaVeloz58 has 10 seconds left.\n|inactive|A.Ramiirez9 has 20 seconds left.\n|inactive|PetuniaVeloz58 has 5 seconds left.\n|\n|t:|1700604369\n|switch|p2b: Iron Hands|Iron Hands, L50|100\/100\n|-terastallize|p1b: Urshifu|Water\n|-terastallize|p2a: D\u00e9m\u00e9t\u00e9ros|Flying\n|move|p1a: Rillaboom|Fake Out|p2b: Iron Hands\n|-damage|p2b: Iron Hands|94\/100\n|move|p1b: Urshifu|Surging Strikes|p2a: D\u00e9m\u00e9t\u00e9ros\n|-crit|p2a: D\u00e9m\u00e9t\u00e9ros\n|-damage|p2a: D\u00e9m\u00e9t\u00e9ros|67\/100\n|-crit|p2a: D\u00e9m\u00e9t\u00e9ros\n|-damage|p2a: D\u00e9m\u00e9t\u00e9ros|38\/100\n|-crit|p2a: D\u00e9m\u00e9t\u00e9ros\n|-damage|p2a: D\u00e9m\u00e9t\u00e9ros|8\/100\n|-hitcount|p2a: D\u00e9m\u00e9t\u00e9ros|3\n|move|p2a: D\u00e9m\u00e9t\u00e9ros|Tera Blast|p1b: Urshifu|[anim] Tera Blast Flying\n|-damage|p1b: Urshifu|44\/100\n|\n|-heal|p1b: Urshifu|50\/100|[from] Grassy Terrain\n|-heal|p2b: Iron Hands|99\/100|[from] Grassy Terrain\n|upkeep\n|turn|2\n|inactive|A.Ramiirez9 has 30 seconds left.\n|inactive|PetuniaVeloz58 has 30 seconds left.\n|inactive|PetuniaVeloz58 has 20 seconds left.\n|\n|t:|1700604405\n|switch|p1b: Dragonite|Dragonite, L50, M|100\/100\n|switch|p2a: Amoonguss|Amoonguss, L50, F|100\/100\n|move|p1a: Rillaboom|Grassy Glide|p2a: Amoonguss\n|-resisted|p2a: Amoonguss\n|-damage|p2a: Amoonguss|95\/100\n|-damage|p1a: Rillaboom|84\/100|[from] item: Rocky Helmet|[of] p2a: Amoonguss\n|move|p2b: Iron Hands|Volt Switch|p1b: Dragonite\n|-damage|p1b: Dragonite|88\/100\n|inactive|PetuniaVeloz58 has 30 seconds left.\n|\n|t:|1700604432\n|-end|p2b: Iron Hands|Quark Drive|[silent]\n|switch|p2b: D\u00e9m\u00e9t\u00e9ros|Landorus-Therian, L50, M, tera:Flying|8\/100|[from] Volt Switch\n|-ability|p2b: D\u00e9m\u00e9t\u00e9ros|Intimidate|boost\n|-unboost|p1a: Rillaboom|atk|1\n|-fail|p1b: Dragonite|unboost|Attack|[from] ability: Inner Focus|[of] p1b: Dragonite\n|\n|-heal|p1a: Rillaboom|90\/100|[from] Grassy Terrain\n|-heal|p2a: Amoonguss|100\/100|[from] Grassy Terrain\n|upkeep\n|turn|3\n|\n|t:|1700604455\n|switch|p1a: Chien-Pao|Chien-Pao, L50|100\/100\n|-ability|p1a: Chien-Pao|Sword of Ruin\n|move|p2a: Amoonguss|Protect|p2a: Amoonguss\n|-singleturn|p2a: Amoonguss|Protect\n|move|p2b: D\u00e9m\u00e9t\u00e9ros|Tera Blast|p1a: Chien-Pao|[anim] Tera Blast Flying\n|-damage|p1a: Chien-Pao|23\/100\n|move|p1b: Dragonite|Outrage|p2b: D\u00e9m\u00e9t\u00e9ros\n|-damage|p2b: D\u00e9m\u00e9t\u00e9ros|0 fnt\n|faint|p2b: D\u00e9m\u00e9t\u00e9ros\n|\n|-heal|p1a: Chien-Pao|29\/100|[from] Grassy Terrain\n|upkeep\n|\n|t:|1700604476\n|switch|p2b: Flutter Mane|Flutter Mane, L50|100\/100\n|turn|4\n|inactive|A.Ramiirez9 has 30 seconds left.\n|inactive|PetuniaVeloz58 has 30 seconds left.\n|\n|t:|1700604508\n|move|p2a: Amoonguss|Rage Powder|p2a: Amoonguss\n|-singleturn|p2a: Amoonguss|move: Rage Powder\n|move|p1a: Chien-Pao|Sucker Punch||[still]\n|-fail|p1a: Chien-Pao\n|move|p2b: Flutter Mane|Dazzling Gleam|p1b: Dragonite|[spread] p1a,p1b\n|-supereffective|p1a: Chien-Pao\n|-supereffective|p1b: Dragonite\n|-damage|p1a: Chien-Pao|0 fnt\n|-damage|p1b: Dragonite|0 fnt\n|faint|p1a: Chien-Pao\n|faint|p1b: Dragonite\n|\n|upkeep\n|\n|t:|1700604515\n|switch|p1a: Rillaboom|Rillaboom, L50, M, shiny|90\/100\n|switch|p1b: Urshifu|Urshifu-Rapid-Strike, L50, M, tera:Water|50\/100\n|turn|5\n|\n|t:|1700604533\n|move|p1a: Rillaboom|Fake Out|p2a: Amoonguss\n|-damage|p2a: Amoonguss|89\/100\n|-damage|p1a: Rillaboom|74\/100|[from] item: Rocky Helmet|[of] p2a: Amoonguss\n|move|p1b: Urshifu|Surging Strikes|p2b: Flutter Mane\n|-crit|p2b: Flutter Mane\n|-damage|p2b: Flutter Mane|51\/100\n|-crit|p2b: Flutter Mane\n|-damage|p2b: Flutter Mane|0 fnt\n|faint|p2b: Flutter Mane\n|-end|p2b: Flutter Mane|Protosynthesis|[silent]\n|-hitcount|p2: Flutter Mane|2\n|cant|p2a: Amoonguss|flinch\n|\n|-heal|p1b: Urshifu|56\/100|[from] Grassy Terrain\n|-heal|p1a: Rillaboom|80\/100|[from] Grassy Terrain\n|-heal|p2a: Amoonguss|95\/100|[from] Grassy Terrain\n|-fieldend|move: Grassy Terrain\n|upkeep\n|\n|t:|1700604537\n|switch|p2b: Iron Hands|Iron Hands, L50|99\/100\n|turn|6\n|inactive|A.Ramiirez9 has 30 seconds left.\n|\n|t:|1700604563\n|move|p2b: Iron Hands|Fake Out|p1b: Urshifu\n|-damage|p1b: Urshifu|39\/100\n|cant|p1b: Urshifu|flinch\n|move|p1a: Rillaboom|Wood Hammer|p2b: Iron Hands\n|-damage|p2b: Iron Hands|56\/100\n|-damage|p1a: Rillaboom|63\/100|[from] Recoil\n|move|p2a: Amoonguss|Spore|p1b: Urshifu\n|-status|p1b: Urshifu|slp|[from] move: Spore\n|\n|upkeep\n|turn|7\n|\n|t:|1700604581\n|cant|p1b: Urshifu|slp\n|move|p1a: Rillaboom|Wood Hammer|p2b: Iron Hands\n|-damage|p2b: Iron Hands|6\/100\n|-damage|p1a: Rillaboom|43\/100|[from] Recoil\n|move|p2b: Iron Hands|Drain Punch|p1b: Urshifu\n|-damage|p1b: Urshifu|0 fnt\n|-heal|p2b: Iron Hands|21\/100|[from] drain|[of] p1b: Urshifu\n|faint|p1b: Urshifu\n|move|p2a: Amoonguss|Pollen Puff|p2b: Iron Hands\n|-heal|p2b: Iron Hands|71\/100\n|\n|upkeep\n|turn|8\n|\n|t:|1700604592\n|move|p1a: Rillaboom|Wood Hammer|p2b: Iron Hands\n|-damage|p2b: Iron Hands|22\/100\n|-damage|p1a: Rillaboom|24\/100|[from] Recoil\n|move|p2b: Iron Hands|Drain Punch|p1a: Rillaboom\n|-damage|p1a: Rillaboom|0 fnt\n|-heal|p2b: Iron Hands|33\/100|[from] drain|[of] p1a: Rillaboom\n|faint|p1a: Rillaboom\n|\n|win|PetuniaVeloz58\n","uploadtime":1700604597,"views":13,"p1id":"aramiirez9","p2id":"petuniaveloz58","formatid":"gen9vgc2023regulatione","rating":0,"private":0,"password":""}