{"id":"gen9vgc2023regulatione-1988560229","p1":"Prf.Anu","p2":"4Over4","format":"[Gen 9] VGC 2023 Regulation E","log":"|j|\u2606Prf.Anu\n|j|\u26064Over4\n|t:|1699736166\n|gametype|doubles\n|player|p1|Prf.Anu|unknown|1097\n|player|p2|4Over4|lyra|1133\n|teamsize|p1|6\n|teamsize|p2|6\n|gen|9\n|tier|[Gen 9] VGC 2023 Regulation E\n|rated|\n|rule|Species Clause: Limit one of each Pok\u00e9mon\n|rule|Item Clause: Limit one of each item\n|clearpoke\n|poke|p1|Tornadus, L50, M|\n|poke|p1|Indeedee-F, L50, F|\n|poke|p1|Chi-Yu, L50|\n|poke|p1|Flutter Mane, L50|\n|poke|p1|Iron Hands, L50|\n|poke|p1|Rillaboom, L50, F|\n|poke|p2|Amoonguss, L50, M|\n|poke|p2|Sinistcha-Masterpiece, L50|\n|poke|p2|Ogerpon-Hearthflame, L50, F|\n|poke|p2|Flutter Mane, L50|\n|poke|p2|Landorus-Therian, L50, M|\n|poke|p2|Ursaluna-Bloodmoon, L50, M|\n|teampreview|4\n|inactive|Battle timer is ON: inactive players will automatically lose when time's up. (requested by 4Over4)\n|inactive|Prf.Anu also wants the timer to be on.\nPrf.Anu rejected open team sheets.\n|\n|t:|1699736191\n|start\n|switch|p1a: Tornadus|Tornadus, L50, M, shiny|100\/100\n|switch|p1b: Chi-Yu|Chi-Yu, L50|100\/100\n|switch|p2a: Flutter Mane|Flutter Mane, L50|100\/100\n|switch|p2b: Landorus|Landorus-Therian, L50, M|100\/100\n|-ability|p2b: Landorus|Intimidate|boost\n|-unboost|p1a: Tornadus|atk|1\n|-unboost|p1b: Chi-Yu|atk|1\n|-ability|p1b: Chi-Yu|Beads of Ruin\n|-enditem|p2a: Flutter Mane|Booster Energy\n|-activate|p2a: Flutter Mane|ability: Protosynthesis|[fromitem]\n|-start|p2a: Flutter Mane|protosynthesisspe\n|turn|1\n|inactive|Prf.Anu has 30 seconds left.\n|\n|t:|1699736221\n|-terastallize|p1a: Tornadus|Ground\n|move|p1b: Chi-Yu|Protect|p1b: Chi-Yu\n|-singleturn|p1b: Chi-Yu|Protect\n|move|p1a: Tornadus|Tailwind|p1a: Tornadus\n|-sidestart|p1: Prf.Anu|move: Tailwind\n|move|p2a: Flutter Mane|Dazzling Gleam|p1a: Tornadus|[spread] p1a\n|-activate|p1b: Chi-Yu|move: Protect\n|-damage|p1a: Tornadus|50\/100\n|move|p2b: Landorus|Rock Slide|p1b: Chi-Yu|[spread] \n|-activate|p1b: Chi-Yu|move: Protect\n|-miss|p2b: Landorus|p1a: Tornadus\n|\n|upkeep\n|turn|2\n|\n|t:|1699736243\n|move|p2b: Landorus|Protect|p2b: Landorus\n|-singleturn|p2b: Landorus|Protect\n|move|p1a: Tornadus|Sunny Day|p1a: Tornadus\n|-weather|SunnyDay\n|move|p2a: Flutter Mane|Dazzling Gleam|p1a: Tornadus|[spread] p1a,p1b\n|-damage|p1a: Tornadus|0 fnt\n|-damage|p1b: Chi-Yu|66\/100\n|faint|p1a: Tornadus\n|move|p1b: Chi-Yu|Heat Wave|p2a: Flutter Mane|[spread] p2a\n|-activate|p2b: Landorus|move: Protect\n|-damage|p2a: Flutter Mane|10\/100\n|\n|-weather|SunnyDay|[upkeep]\n|upkeep\n|\n|t:|1699736254\n|switch|p1a: Flutter Mane|Flutter Mane, L50, shiny|100\/100\n|-activate|p1a: Flutter Mane|ability: Protosynthesis\n|-start|p1a: Flutter Mane|protosynthesisspa\n|turn|3\n|\n|t:|1699736278\n|switch|p1b: Indeedee|Indeedee-F, L50, F, shiny|100\/100\n|-fieldstart|move: Psychic Terrain|[from] ability: Psychic Surge|[of] p1b: Indeedee\n|move|p1a: Flutter Mane|Dazzling Gleam|p2b: Landorus|[spread] p2a,p2b\n|-damage|p2a: Flutter Mane|0 fnt\n|-damage|p2b: Landorus|18\/100\n|faint|p2a: Flutter Mane\n|-end|p2a: Flutter Mane|Protosynthesis|[silent]\n|-damage|p1a: Flutter Mane|91\/100|[from] item: Life Orb\n|move|p2b: Landorus|Rock Slide|p1b: Indeedee|[spread] p1a,p1b\n|-crit|p1a: Flutter Mane\n|-crit|p1b: Indeedee\n|-damage|p1a: Flutter Mane|39\/100\n|-damage|p1b: Indeedee|54\/100\n|\n|-weather|SunnyDay|[upkeep]\n|-heal|p1b: Indeedee|60\/100|[from] item: Leftovers\n|upkeep\n|\n|t:|1699736293\n|switch|p2a: Sinistcha|Sinistcha-Masterpiece, L50|100\/100\n|-heal|p2b: Landorus|43\/100|[from] ability: Hospitality|[of] p2a: Sinistcha\n|turn|4\n|\n|t:|1699736311\n|-terastallize|p2a: Sinistcha|Water\n|move|p2a: Sinistcha|Rage Powder|p2a: Sinistcha\n|-singleturn|p2a: Sinistcha|move: Rage Powder\n|move|p1a: Flutter Mane|Dazzling Gleam|p2b: Landorus|[spread] p2a,p2b\n|-damage|p2a: Sinistcha|33\/100\n|-damage|p2b: Landorus|0 fnt\n|faint|p2b: Landorus\n|-damage|p1a: Flutter Mane|29\/100|[from] item: Life Orb\n|move|p1b: Indeedee|Psychic|p2a: Sinistcha\n|-crit|p2a: Sinistcha\n|-damage|p2a: Sinistcha|0 fnt\n|faint|p2a: Sinistcha\n|\n|-weather|SunnyDay|[upkeep]\n|-heal|p1b: Indeedee|66\/100|[from] item: Leftovers\n|-sideend|p1: Prf.Anu|move: Tailwind\n|upkeep\n|\n|t:|1699736318\n|switch|p2b: Amoonguss|Amoonguss, L50, M|100\/100\n|turn|5\n|\n|t:|1699736331\n|move|p1a: Flutter Mane|Dazzling Gleam|p2b: Amoonguss\n|-resisted|p2b: Amoonguss\n|-damage|p2b: Amoonguss|74\/100\n|-damage|p1a: Flutter Mane|20\/100|[from] item: Life Orb\n|move|p1b: Indeedee|Psychic|p2b: Amoonguss\n|-supereffective|p2b: Amoonguss\n|-crit|p2b: Amoonguss\n|-damage|p2b: Amoonguss|0 fnt\n|faint|p2b: Amoonguss\n|\n|win|Prf.Anu\n|raw|Prf.Anu's rating: 1097 &rarr; <strong>1125<\/strong><br \/>(+28 for winning)\n|raw|4Over4's rating: 1133 &rarr; <strong>1105<\/strong><br \/>(-28 for losing)\n|l|\u26064Over4\n","uploadtime":1699736418,"views":15,"p1id":"prfanu","p2id":"4over4","formatid":"gen9vgc2023regulatione","rating":1105,"private":0,"password":""}