{"id":"gen9vgc2023regulatione-1988698794","p1":"YoraeRasante","p2":"lainshy","format":"[Gen 9] VGC 2023 Regulation E","log":"|j|\u2606YoraeRasante\n|j|\u2606lainshy\n|n|\u2606YoraeRasante|yoraerasante\n|n|\u2606lainshy|lainshy\n|html|View the match progress at <a href=\"\/game-bestof3-gen9vgc2023regulatione-1988694935\">game-bestof3-gen9vgc2023regulatione-1988694935<\/a>\n|t:|1699752104\n|gametype|doubles\n|player|p1|YoraeRasante|red|\n|player|p2|lainshy|geeta|\n|teamsize|p1|6\n|teamsize|p2|6\n|gen|9\n|tier|[Gen 9] VGC 2023 Regulation E\n|rule|Species Clause: Limit one of each Pok\u00e9mon\n|rule|Item Clause: Limit one of each item\n|clearpoke\n|poke|p1|Tyranitar, L50, M|\n|poke|p1|Flutter Mane, L50|\n|poke|p1|Urshifu-*, L50, F|\n|poke|p1|Iron Hands, L50|\n|poke|p1|Rillaboom, L50, M|\n|poke|p1|Tornadus, L50, M|\n|poke|p2|Baxcalibur, L50, F|\n|poke|p2|Kingambit, L50, F|\n|poke|p2|Ursaluna-Bloodmoon, L50, M|\n|poke|p2|Corviknight, L50, F|\n|poke|p2|Gholdengo, L50|\n|poke|p2|Ribombee, L50, F|\n|teampreview|4\nlainshy has agreed to open team sheets.\nYoraeRasante has agreed to open team sheets.\n|showteam|p1|Tyranitar||LifeOrb|SandStream|KnockOff,RockSlide,LowKick,TeraBlast|||M|||50|,,,,,Psychic]Flutter Mane||ChoiceSpecs|Protosynthesis|ShadowBall,Moonblast,DazzlingGleam,TrickRoom||||||50|,,,,,Fairy]Urshifu-Rapid-Strike||ChoiceScarf|UnseenFist|SurgingStrikes,CloseCombat,AquaJet,Uturn|||F|||50|,,,,,Water]Iron Hands||AssaultVest|QuarkDrive|WildCharge,DrainPunch,HeavySlam,FakeOut||||||50|,,,,,Grass]Rillaboom||MiracleSeed|GrassySurge|FakeOut,WoodHammer,GrassyGlide,Taunt|||M|||50|,,,,,Grass]Tornadus||CovertCloak|Prankster|BleakwindStorm,Tailwind,Taunt,RainDance|||M|||50|,,,,,Flying\n|showteam|p2|Baxcalibur||LoadedDice|ThermalExchange|Protect,GlaiveRush,IcicleSpear,IceShard|||F|||50|,,,,,Ice]Kingambit||FocusSash|SupremeOverlord|SwordsDance,KowtowCleave,SuckerPunch,IronHead|||F|||50|,,,,,Poison]Ursaluna-Bloodmoon||Leftovers|MindsEye|CalmMind,BloodMoon,EarthPower,Moonlight|||M|||50|,,,,,Flying]Corviknight||RockyHelmet|MirrorArmor|BraveBird,BodyPress,Tailwind,Roost|||F|||50|,,,,,Dragon]Gholdengo||SitrusBerry|GoodasGold|NastyPlot,Protect,MakeItRain,ShadowBall||||||50|,,,,,Steel]Ribombee||HeavyDutyBoots|ShieldDust|StickyWeb,StunSpore,DazzlingGleam,PollenPuff|||F|||50|,,,,,Steel\n|j| PSmonteiro\n|j| Rebornsan93\n|c| Rebornsan93|comecem\n|\n|t:|1699752159\n|start\n|switch|p1a: Rillaboom|Rillaboom, L50, M|100\/100\n|switch|p1b: Iron Hands|Iron Hands, L50|100\/100\n|switch|p2a: Corviknight|Corviknight, L50, F|100\/100\n|switch|p2b: Ursaluna|Ursaluna-Bloodmoon, L50, M|100\/100\n|-fieldstart|move: Grassy Terrain|[from] ability: Grassy Surge|[of] p1a: Rillaboom\n|turn|1\n|\n|t:|1699752204\n|-terastallize|p2b: Ursaluna|Flying\n|move|p1a: Rillaboom|Grassy Glide|p2b: Ursaluna\n|-resisted|p2b: Ursaluna\n|-damage|p2b: Ursaluna|83\/100\n|move|p2a: Corviknight|Tailwind|p2a: Corviknight\n|-sidestart|p2: lainshy|move: Tailwind\n|move|p2b: Ursaluna|Blood Moon|p1b: Iron Hands\n|-damage|p1b: Iron Hands|61\/100\n|move|p1b: Iron Hands|Wild Charge|p2a: Corviknight\n|-supereffective|p2a: Corviknight\n|-damage|p2a: Corviknight|38\/100\n|-damage|p1b: Iron Hands|44\/100|[from] item: Rocky Helmet|[of] p2a: Corviknight\n|-damage|p1b: Iron Hands|31\/100|[from] Recoil\n|\n|-heal|p2b: Ursaluna|89\/100|[from] item: Leftovers\n|-heal|p1b: Iron Hands|37\/100|[from] Grassy Terrain\n|upkeep\n|turn|2\n|j| lucasarreguy\n|j| ShimeNaruka\n|\n|t:|1699752254\n|switch|p1a: Flutter Mane|Flutter Mane, L50|100\/100\n|move|p2a: Corviknight|Roost|p2a: Corviknight\n|-heal|p2a: Corviknight|88\/100\n|-singleturn|p2a: Corviknight|move: Roost\n|move|p2b: Ursaluna|Earth Power|p1b: Iron Hands\n|-supereffective|p1b: Iron Hands\n|-damage|p1b: Iron Hands|0 fnt\n|faint|p1b: Iron Hands\n|-end|p1b: Iron Hands|Quark Drive|[silent]\n|\n|-heal|p2a: Corviknight|94\/100|[from] Grassy Terrain\n|-heal|p2b: Ursaluna|95\/100|[from] item: Leftovers\n|upkeep\n|\n|t:|1699752268\n|switch|p1b: Tyranitar|Tyranitar, L50, M|100\/100\n|-weather|Sandstorm|[from] ability: Sand Stream|[of] p1b: Tyranitar\n|turn|3\n|\n|t:|1699752301\n|move|p1a: Flutter Mane|Dazzling Gleam|p2b: Ursaluna|[spread] p2a,p2b\n|-resisted|p2a: Corviknight\n|-damage|p2a: Corviknight|71\/100\n|-damage|p2b: Ursaluna|36\/100\n|move|p2a: Corviknight|Brave Bird|p1a: Flutter Mane\n|-damage|p1a: Flutter Mane|29\/100\n|-damage|p2a: Corviknight|54\/100|[from] Recoil\n|move|p2b: Ursaluna|Blood Moon|p1a: Flutter Mane\n|-damage|p1a: Flutter Mane|0 fnt\n|faint|p1a: Flutter Mane\n|-end|p1a: Flutter Mane|Protosynthesis|[silent]\n|move|p1b: Tyranitar|Rock Slide|p2a: Corviknight|[spread] p2a,p2b\n|-supereffective|p2b: Ursaluna\n|-damage|p2a: Corviknight|27\/100\n|-damage|p2b: Ursaluna|0 fnt\n|faint|p2b: Ursaluna\n|-damage|p1b: Tyranitar|91\/100|[from] item: Life Orb\n|\n|-weather|Sandstorm|[upkeep]\n|-heal|p1b: Tyranitar|97\/100|[from] Grassy Terrain\n|upkeep\n|\n|t:|1699752330\n|switch|p1a: Rillaboom|Rillaboom, L50, M|100\/100\n|switch|p2b: Gholdengo|Gholdengo, L50|100\/100\n|turn|4\n|\n|t:|1699752350\n|move|p1a: Rillaboom|Fake Out|p2a: Corviknight\n|-resisted|p2a: Corviknight\n|-damage|p2a: Corviknight|22\/100\n|-damage|p1a: Rillaboom|84\/100|[from] item: Rocky Helmet|[of] p2a: Corviknight\n|move|p2b: Gholdengo|Nasty Plot|p2b: Gholdengo\n|-boost|p2b: Gholdengo|spa|2\n|cant|p2a: Corviknight|flinch\n|move|p1b: Tyranitar|Knock Off|p2b: Gholdengo\n|-supereffective|p2b: Gholdengo\n|-damage|p2b: Gholdengo|0 fnt\n|-enditem|p2b: Gholdengo|Sitrus Berry|[from] move: Knock Off|[of] p1b: Tyranitar\n|faint|p2b: Gholdengo\n|-damage|p1b: Tyranitar|87\/100|[from] item: Life Orb\n|\n|-weather|Sandstorm|[upkeep]\n|-damage|p1a: Rillaboom|78\/100|[from] Sandstorm\n|-heal|p1b: Tyranitar|94\/100|[from] Grassy Terrain\n|-heal|p1a: Rillaboom|84\/100|[from] Grassy Terrain\n|-sideend|p2: lainshy|move: Tailwind\n|upkeep\n|\n|t:|1699752367\n|switch|p2b: Baxcalibur|Baxcalibur, L50, F|100\/100\n|turn|5\n|\n|t:|1699752391\n|move|p1a: Rillaboom|Grassy Glide|p2b: Baxcalibur\n|-resisted|p2b: Baxcalibur\n|-damage|p2b: Baxcalibur|74\/100\n|move|p2b: Baxcalibur|Icicle Spear|p1a: Rillaboom\n|-supereffective|p1a: Rillaboom\n|-damage|p1a: Rillaboom|56\/100\n|-supereffective|p1a: Rillaboom\n|-damage|p1a: Rillaboom|29\/100\n|-supereffective|p1a: Rillaboom\n|-damage|p1a: Rillaboom|0 fnt\n|faint|p1a: Rillaboom\n|-hitcount|p1: Rillaboom|3\n|move|p1b: Tyranitar|Rock Slide|p2b: Baxcalibur|[spread] p2a,p2b\n|-supereffective|p2b: Baxcalibur\n|-damage|p2a: Corviknight|0 fnt\n|-damage|p2b: Baxcalibur|0 fnt\n|faint|p2a: Corviknight\n|faint|p2b: Baxcalibur\n|-damage|p1b: Tyranitar|84\/100|[from] item: Life Orb\n|\n|win|YoraeRasante\n|inactive|YoraeRasante has 50 seconds to confirm battle start!\n|inactive|lainshy has 50 seconds to confirm battle start!\n|c|&|\/uhtml prompt-yoraerasante,YoraeRasante is ready for game 3!\n|c|&|\/uhtml prompt-lainshy,lainshy is ready for game 3!\nBoth players are ready! Starting next match!\n","uploadtime":1699752414,"views":10,"p1id":"yoraerasante","p2id":"lainshy","formatid":"gen9vgc2023regulatione","rating":0,"private":0,"password":""}