{"id":"gen9vgc2023regulatione-1999242482","p1":"haamgamer07","p2":"Vrhoska","format":"[Gen 9] VGC 2023 Regulation E","log":"|j|\u2606haamgamer07\n|j|\u2606Vrhoska\n|t:|1701049781\n|gametype|doubles\n|player|p1|haamgamer07|170|1340\n|player|p2|Vrhoska|265|1270\n|teamsize|p1|6\n|teamsize|p2|6\n|gen|9\n|tier|[Gen 9] VGC 2023 Regulation E\n|rated|\n|rule|Species Clause: Limit one of each Pok\u00e9mon\n|rule|Item Clause: Limit one of each item\n|clearpoke\n|poke|p1|Flutter Mane, L50|\n|poke|p1|Iron Hands, L50|\n|poke|p1|Ogerpon-Hearthflame, L50, F|\n|poke|p1|Cresselia, L50, F|\n|poke|p1|Ursaluna, L50, M|\n|poke|p1|Empoleon, L50, M|\n|poke|p2|Gothitelle, L50, M|\n|poke|p2|Ogerpon-Wellspring, L50, F|\n|poke|p2|Tornadus, L50, M|\n|poke|p2|Arcanine-Hisui, L50, M|\n|poke|p2|Urshifu-*, L50, M|\n|poke|p2|Gholdengo, L50|\n|teampreview|4\n|inactive|Battle timer is ON: inactive players will automatically lose when time's up. (requested by haamgamer07)\n|inactive|haamgamer07 has 60 seconds left.\n|inactive|Vrhoska has 60 seconds left.\n|\n|t:|1701049839\n|start\n|switch|p1a: Flutter Mane|Flutter Mane, L50|100\/100\n|switch|p1b: Iron Hands|Iron Hands, L50|100\/100\n|switch|p2a: Tornadus|Tornadus, L50, M|100\/100\n|switch|p2b: Urshifu|Urshifu-Rapid-Strike, L50, M|100\/100\n|turn|1\n|inactive|Vrhoska has 30 seconds left.\n|\n|t:|1701049873\n|switch|p2a: Arcanine|Arcanine-Hisui, L50, M|100\/100\n|-ability|p2a: Arcanine|Intimidate|boost\n|-unboost|p1a: Flutter Mane|atk|1\n|-unboost|p1b: Iron Hands|atk|1\n|-terastallize|p2b: Urshifu|Water\n|move|p1b: Iron Hands|Fake Out|p2b: Urshifu\n|-damage|p2b: Urshifu|90\/100\n|cant|p2b: Urshifu|flinch\n|move|p1a: Flutter Mane|Trick Room|p1a: Flutter Mane\n|-fieldstart|move: Trick Room|[of] p1a: Flutter Mane\n|\n|upkeep\n|turn|2\n|inactive|haamgamer07 has 30 seconds left.\n|inactive|Vrhoska has 30 seconds left.\n|\n|t:|1701049908\n|switch|p2a: Ogerpon|Ogerpon-Wellspring, L50, F|100\/100\n|-end|p1a: Flutter Mane|Protosynthesis|[silent]\n|switch|p1a: Empoleon|Empoleon, L50, M|100\/100\n|move|p1b: Iron Hands|Swords Dance|p1b: Iron Hands\n|-boost|p1b: Iron Hands|atk|2\n|move|p2b: Urshifu|Surging Strikes|p1a: Empoleon\n|-resisted|p1a: Empoleon\n|-crit|p1a: Empoleon\n|-damage|p1a: Empoleon|86\/100\n|-resisted|p1a: Empoleon\n|-crit|p1a: Empoleon\n|-damage|p1a: Empoleon|72\/100\n|-resisted|p1a: Empoleon\n|-crit|p1a: Empoleon\n|-damage|p1a: Empoleon|58\/100\n|-hitcount|p1a: Empoleon|3\n|\n|upkeep\n|turn|3\n|inactive|haamgamer07 has 30 seconds left.\n|inactive|Vrhoska has 30 seconds left.\n|\n|t:|1701049943\n|switch|p2b: Arcanine|Arcanine-Hisui, L50, M|100\/100\n|-ability|p2b: Arcanine|Intimidate|boost\n|-unboost|p1a: Empoleon|atk|1\n|-ability|p1a: Empoleon|Competitive|boost\n|-boost|p1a: Empoleon|spa|2\n|-unboost|p1b: Iron Hands|atk|1\n|move|p2a: Ogerpon|Spiky Shield|p2a: Ogerpon\n|-singleturn|p2a: Ogerpon|move: Protect\n|move|p1a: Empoleon|Grass Knot|p2b: Arcanine\n|-damage|p2b: Arcanine|22\/100\n|move|p1b: Iron Hands|Wild Charge|p2a: Ogerpon\n|-activate|p2a: Ogerpon|move: Protect\n|-damage|p1b: Iron Hands|88\/100|[from] Spiky Shield|[of] p2a: Ogerpon\n|\n|upkeep\n|turn|4\n|inactive|haamgamer07 has 30 seconds left.\n|inactive|Vrhoska has 30 seconds left.\n|inactive|Vrhoska has 20 seconds left.\n|\n|t:|1701049982\n|move|p1a: Empoleon|Flash Cannon|p2b: Arcanine\n|-damage|p2b: Arcanine|0 fnt\n|faint|p2b: Arcanine\n|move|p1b: Iron Hands|Wild Charge|p2a: Ogerpon\n|-damage|p2a: Ogerpon|44\/100\n|-damage|p1b: Iron Hands|77\/100|[from] Recoil\n|move|p2a: Ogerpon|Power Whip|p1a: Empoleon|[miss]\n|-miss|p2a: Ogerpon|p1a: Empoleon\n|\n|upkeep\n|\n|t:|1701049996\n|switch|p2b: Urshifu|Urshifu-Rapid-Strike, L50, M, tera:Water|90\/100\n|turn|5\n|\n|t:|1701050012\n|switch|p1a: Flutter Mane|Flutter Mane, L50|100\/100\n|move|p2a: Ogerpon|Follow Me|p2a: Ogerpon\n|-singleturn|p2a: Ogerpon|move: Follow Me\n|move|p1b: Iron Hands|Wild Charge|p2a: Ogerpon\n|-damage|p2a: Ogerpon|0 fnt\n|faint|p2a: Ogerpon\n|-damage|p1b: Iron Hands|69\/100|[from] Recoil\n|move|p2b: Urshifu|Close Combat|p1a: Flutter Mane\n|-immune|p1a: Flutter Mane\n|\n|-fieldend|move: Trick Room\n|upkeep\n|-message|Vrhoska forfeited.\n|\n|win|haamgamer07\n|raw|haamgamer07's rating: 1340 &rarr; <strong>1356<\/strong><br \/>(+16 for winning)\n|raw|Vrhoska's rating: 1270 &rarr; <strong>1250<\/strong><br \/>(-20 for losing)\n|l|\u2606Vrhoska\n","uploadtime":1701050094,"views":2,"p1id":"haamgamer07","p2id":"vrhoska","formatid":"gen9vgc2023regulatione","rating":1250,"private":0,"password":""}