{"id":"gen9vgc2023regulatione-1992330664","p1":"ashzera","p2":"Squirtle Soldier","format":"[Gen 9] VGC 2023 Regulation E","log":"|j|\u2606ashzera\n|j|\u2606Squirtle Soldier\n|t:|1700175417\n|gametype|doubles\n|player|p1|ashzera|170|1352\n|player|p2|Squirtle Soldier|1|1282\n|teamsize|p1|6\n|teamsize|p2|4\n|gen|9\n|tier|[Gen 9] VGC 2023 Regulation E\n|rated|\n|rule|Species Clause: Limit one of each Pok\u00e9mon\n|rule|Item Clause: Limit one of each item\n|clearpoke\n|poke|p1|Ninetales, L50, M|\n|poke|p1|Iron Hands, L50|\n|poke|p1|Urshifu-*, L50, F|\n|poke|p1|Landorus-Therian, L50, M|\n|poke|p1|Ogerpon-Wellspring, L50, F|\n|poke|p1|Flutter Mane, L50|\n|poke|p2|Iron Hands, L50|\n|poke|p2|Sinistcha, L50|\n|poke|p2|Arcanine-Hisui, L50, F|\n|poke|p2|Lumineon, L50, F|\n|teampreview|4\n|inactive|Battle timer is ON: inactive players will automatically lose when time's up. (requested by ashzera)\n|inactive|ashzera has 60 seconds left.\n|\n|t:|1700175452\n|start\n|switch|p1a: Landorus|Landorus-Therian, L50, M|100\/100\n|switch|p1b: Urshifu|Urshifu, L50, F|100\/100\n|switch|p2a: Arcanine|Arcanine-Hisui, L50, F|100\/100\n|switch|p2b: Lumineon|Lumineon, L50, F|100\/100\n|-ability|p1a: Landorus|Intimidate|boost\n|-fail|p2a: Arcanine|unboost|[from] item: Clear Amulet|[of] p2a: Arcanine\n|-unboost|p2b: Lumineon|atk|1\n|-ability|p2a: Arcanine|Intimidate|boost\n|-unboost|p1a: Landorus|atk|1\n|-unboost|p1b: Urshifu|atk|1\n|turn|1\n|\n|t:|1700175473\n|switch|p1a: Iron Hands|Iron Hands, L50|100\/100\n|move|p1b: Urshifu|Detect|p1b: Urshifu\n|-singleturn|p1b: Urshifu|Protect\n|move|p2a: Arcanine|Protect|p2a: Arcanine\n|-singleturn|p2a: Arcanine|Protect\n|move|p2b: Lumineon|Tailwind|p2b: Lumineon\n|-sidestart|p2: Squirtle Soldier|move: Tailwind\n|\n|upkeep\n|turn|2\n|inactive|ashzera has 30 seconds left.\n|\n|t:|1700175499\n|move|p2b: Lumineon|Flip Turn|p1a: Iron Hands\n|-damage|p1a: Iron Hands|94\/100\n|\n|t:|1700175505\n|switch|p2b: Iron Hands|Iron Hands, L50|100\/100|[from] Flip Turn\n|move|p2a: Arcanine|Flare Blitz|p1b: Urshifu\n|-damage|p1b: Urshifu|42\/100\n|-damage|p2a: Arcanine|82\/100|[from] Recoil\n|move|p1b: Urshifu|Close Combat|p2a: Arcanine\n|-supereffective|p2a: Arcanine\n|-damage|p2a: Arcanine|0 fnt\n|-unboost|p1b: Urshifu|def|1\n|-unboost|p1b: Urshifu|spd|1\n|faint|p2a: Arcanine\n|move|p1a: Iron Hands|Wild Charge|p2b: Iron Hands\n|-resisted|p2b: Iron Hands\n|-damage|p2b: Iron Hands|81\/100\n|-damage|p1a: Iron Hands|89\/100|[from] Recoil\n|\n|upkeep\n|\n|t:|1700175516\n|switch|p2a: Sinistcha|Sinistcha, L50|100\/100\n|-heal|p2b: Iron Hands|100\/100|[from] ability: Hospitality|[of] p2a: Sinistcha\n|turn|3\n|\n|t:|1700175521\n|switch|p1b: Landorus|Landorus-Therian, L50, M|100\/100\n|-ability|p1b: Landorus|Intimidate|boost\n|-unboost|p2a: Sinistcha|atk|1\n|-unboost|p2b: Iron Hands|atk|1\n|move|p2b: Iron Hands|Fake Out|p1a: Iron Hands\n|-damage|p1a: Iron Hands|80\/100\n|cant|p1a: Iron Hands|flinch\n|move|p2a: Sinistcha|Matcha Gotcha|p1a: Iron Hands|[spread] p1a,p1b\n|-damage|p1a: Iron Hands|69\/100\n|-damage|p1b: Landorus|68\/100\n|-status|p1a: Iron Hands|brn\n|\n|-damage|p1a: Iron Hands|63\/100 brn|[from] brn\n|upkeep\n|turn|4\n|inactive|Squirtle Soldier has 30 seconds left.\n|\n|t:|1700175551\n|-end|p2b: Iron Hands|Quark Drive|[silent]\n|switch|p2b: Lumineon|Lumineon, L50, F|100\/100\n|-end|p1a: Iron Hands|Quark Drive|[silent]\n|switch|p1a: Urshifu|Urshifu, L50, F|42\/100\n|move|p1b: Landorus|U-turn|p2a: Sinistcha\n|-damage|p2a: Sinistcha|81\/100\n|-damage|p1b: Landorus|51\/100|[from] item: Rocky Helmet|[of] p2a: Sinistcha\n|\n|t:|1700175563\n|switch|p1b: Iron Hands|Iron Hands, L50|63\/100 brn|[from] U-turn\n|move|p2a: Sinistcha|Matcha Gotcha|p1a: Urshifu|[spread] p1b\n|-miss|p2a: Sinistcha|p1a: Urshifu\n|-damage|p1b: Iron Hands|50\/100 brn\n|-heal|p2a: Sinistcha|89\/100|[from] drain|[of] p1b: Iron Hands\n|\n|-damage|p1b: Iron Hands|44\/100 brn|[from] brn\n|-sideend|p2: Squirtle Soldier|move: Tailwind\n|upkeep\n|turn|5\n|\n|t:|1700175583\n|switch|p2a: Iron Hands|Iron Hands, L50|100\/100\n|-terastallize|p1a: Urshifu|Dark\n|move|p1b: Iron Hands|Fake Out|p2b: Lumineon\n|-damage|p2b: Lumineon|91\/100\n|move|p1a: Urshifu|Wicked Blow|p2a: Iron Hands\n|-resisted|p2a: Iron Hands\n|-crit|p2a: Iron Hands\n|-damage|p2a: Iron Hands|64\/100\n|cant|p2b: Lumineon|flinch\n|\n|-damage|p1b: Iron Hands|38\/100 brn|[from] brn\n|upkeep\n|turn|6\n|\n|t:|1700175604\n|-end|p1b: Iron Hands|Quark Drive|[silent]\n|switch|p1b: Landorus|Landorus-Therian, L50, M|51\/100\n|-ability|p1b: Landorus|Intimidate|boost\n|-unboost|p2a: Iron Hands|atk|1\n|-unboost|p2b: Lumineon|atk|1\n|move|p1a: Urshifu|Detect|p1a: Urshifu\n|-singleturn|p1a: Urshifu|Protect\n|move|p2b: Lumineon|Icy Wind|p1b: Landorus|[spread] p1b\n|-activate|p1a: Urshifu|move: Protect\n|-supereffective|p1b: Landorus\n|-damage|p1b: Landorus|13\/100\n|-unboost|p1b: Landorus|spe|1\n|move|p2a: Iron Hands|Drain Punch|p1a: Urshifu\n|-activate|p1a: Urshifu|move: Protect\n|\n|upkeep\n|turn|7\n|inactive|Squirtle Soldier has 30 seconds left.\n|inactive|Squirtle Soldier has 20 seconds left.\n|\n|t:|1700175642\n|switch|p1b: Iron Hands|Iron Hands, L50|38\/100 brn\n|move|p1a: Urshifu|Wicked Blow|p2b: Lumineon\n|-crit|p2b: Lumineon\n|-damage|p2b: Lumineon|0 fnt\n|faint|p2b: Lumineon\n|move|p2a: Iron Hands|Drain Punch|p1a: Urshifu\n|-supereffective|p1a: Urshifu\n|-damage|p1a: Urshifu|0 fnt\n|-heal|p2a: Iron Hands|79\/100|[from] drain|[of] p1a: Urshifu\n|faint|p1a: Urshifu\n|\n|-damage|p1b: Iron Hands|32\/100 brn|[from] brn\n|upkeep\n|\n|t:|1700175650\n|switch|p1a: Landorus|Landorus-Therian, L50, M|13\/100\n|switch|p2b: Sinistcha|Sinistcha, L50|89\/100\n|-ability|p1a: Landorus|Intimidate|boost\n|-unboost|p2a: Iron Hands|atk|1\n|-unboost|p2b: Sinistcha|atk|1\n|-heal|p2a: Iron Hands|100\/100|[from] ability: Hospitality|[of] p2b: Sinistcha\n|turn|8\n|\n|t:|1700175669\n|-terastallize|p2a: Iron Hands|Water\n|move|p1b: Iron Hands|Fake Out|p2a: Iron Hands\n|-damage|p2a: Iron Hands|95\/100\n|move|p1a: Landorus|U-turn|p2b: Sinistcha\n|-damage|p2b: Sinistcha|68\/100\n|-damage|p1a: Landorus|0 fnt|[from] item: Rocky Helmet|[of] p2b: Sinistcha\n|faint|p1a: Landorus\n|move|p2b: Sinistcha|Hex|p1b: Iron Hands\n|-damage|p1b: Iron Hands|7\/100 brn\n|cant|p2a: Iron Hands|flinch\n|\n|-damage|p1b: Iron Hands|1\/100 brn|[from] brn\n|upkeep\n|\n|t:|1700175677\n|switch|p1a: Ogerpon|Ogerpon-Wellspring, L50, F|100\/100\n|turn|9\n|\n|t:|1700175699\n|move|p1a: Ogerpon|Wood Hammer|p2a: Iron Hands\n|-supereffective|p2a: Iron Hands\n|-damage|p2a: Iron Hands|0 fnt\n|faint|p2a: Iron Hands\n|-end|p2a: Iron Hands|Quark Drive|[silent]\n|-damage|p1a: Ogerpon|54\/100|[from] Recoil\n|move|p2b: Sinistcha|Strength Sap|p1a: Ogerpon\n|-unboost|p1a: Ogerpon|atk|1\n|-heal|p2b: Sinistcha|100\/100\n|move|p1b: Iron Hands|Wild Charge|p2b: Sinistcha\n|-resisted|p2b: Sinistcha\n|-damage|p2b: Sinistcha|90\/100\n|-damage|p1b: Iron Hands|0 fnt|[from] item: Rocky Helmet|[of] p2b: Sinistcha\n|faint|p1b: Iron Hands\n|-end|p1b: Iron Hands|Quark Drive|[silent]\n|\n|upkeep\n|turn|10\n|-message|ashzera forfeited.\n|\n|win|Squirtle Soldier\n|raw|ashzera's rating: 1352 &rarr; <strong>1328<\/strong><br \/>(-24 for losing)\n|raw|Squirtle Soldier's rating: 1282 &rarr; <strong>1312<\/strong><br \/>(+30 for winning)\n|l|\u2606ashzera\n","uploadtime":1700175721,"views":13,"p1id":"ashzera","p2id":"squirtlesoldier","formatid":"gen9vgc2023regulatione","rating":1312,"private":0,"password":""}