{"id":"gen9vgc2023regulatione-1990864445","p1":"It'sJustKen VGC","p2":"MattC (Banned)","format":"[Gen 9] VGC 2023 Regulation E","log":"|j|\u2606It'sJustKen VGC\n|j|\u2606MattC (Banned)\n|t:|1700009003\n|gametype|doubles\n|player|p1|It'sJustKen VGC|turo|\n|player|p2|MattC (Banned)|gladion|\n|teamsize|p1|6\n|teamsize|p2|6\n|gen|9\n|tier|[Gen 9] VGC 2023 Regulation E\n|rated|Tournament battle\n|rule|Species Clause: Limit one of each Pok\u00e9mon\n|rule|Item Clause: Limit one of each item\n|clearpoke\n|poke|p1|Arcanine, L50, M|\n|poke|p1|Kingambit, L50, M|\n|poke|p1|Iron Bundle, L50|\n|poke|p1|Cresselia, L50, F|\n|poke|p1|Iron Hands, L50|\n|poke|p1|Flutter Mane, L50|\n|poke|p2|Iron Jugulis, L50|\n|poke|p2|Pelipper, L50, F|\n|poke|p2|Iron Hands, L50|\n|poke|p2|Mimikyu, L50, M|\n|poke|p2|Landorus-Therian, L50, M|\n|poke|p2|Ogerpon-Wellspring, L50, F|\n|teampreview|4\n|inactive|Battle timer is ON: inactive players will automatically lose when time's up. (requested by It'sJustKen VGC)\n|c|\u2606MattC (Banned)|glhf\n|j| Lorul\nMattC (Banned) has agreed to open team sheets.\n|c|\u2606MattC (Banned)|o.o\n|c|\u2606MattC (Banned)|kingambit\n|j| ale cog\n|inactive|It'sJustKen VGC has 60 seconds left.\n|inactive|MattC (Banned) has 60 seconds left.\n|j| Flarefox_7\n|inactive|It'sJustKen VGC has 30 seconds left.\n|c|\u2606It'sJustKen VGC|glhf\n|inactive|It'sJustKen VGC has 20 seconds left.\n|\n|t:|1700009076\n|start\n|switch|p1a: Iron Bundle|Iron Bundle, L50|100\/100\n|switch|p1b: Kingambit|Kingambit, L50, M|100\/100\n|switch|p2a: The EXE|Mimikyu, L50, M, shiny|100\/100\n|switch|p2b: The Dame Time|Iron Hands, L50, shiny|100\/100\n|-enditem|p1a: Iron Bundle|Booster Energy\n|-activate|p1a: Iron Bundle|ability: Quark Drive|[fromitem]\n|-start|p1a: Iron Bundle|quarkdrivespe\n|turn|1\n|c|\u2606It'sJustKen VGC|I keep bring the wrong team\n|j| EmceeMikey\n|j| bobforte22\n|c|\u2606It'sJustKen VGC|this is twice now\n|l| bobforte22\n|inactive|It'sJustKen VGC has 30 seconds left.\n|\n|t:|1700009106\n|-terastallize|p1b: Kingambit|Fire\n|move|p1a: Iron Bundle|Freeze-Dry|p2a: The EXE\n|-activate|p2a: The EXE|ability: Disguise\n|-damage|p2a: The EXE|100\/100\n|detailschange|p2a: The EXE|Mimikyu-Busted, L50, M, shiny\n|-damage|p2a: The EXE|88\/100|[from] pokemon: Mimikyu-Busted\n|move|p2a: The EXE|Phantom Force||[still]\n|-prepare|p2a: The EXE|Phantom Force\n|move|p2b: The Dame Time|Drain Punch|p1b: Kingambit\n|-damage|p1b: Kingambit|70\/100\n|move|p1b: Kingambit|Iron Head|p2a: The EXE|[miss]\n|-miss|p1b: Kingambit|p2a: The EXE\n|\n|upkeep\n|turn|2\n|\n|t:|1700009122\n|switch|p1b: Flutter Mane|Flutter Mane, L50|100\/100\n|move|p1a: Iron Bundle|Freeze-Dry|p2b: The Dame Time\n|-damage|p2b: The Dame Time|78\/100\n|move|p2a: The EXE|Phantom Force|p1a: Iron Bundle|[from]lockedmove\n|-damage|p1a: Iron Bundle|59\/100\n|move|p2b: The Dame Time|Wild Charge|p1a: Iron Bundle\n|-supereffective|p1a: Iron Bundle\n|-damage|p1a: Iron Bundle|0 fnt\n|faint|p1a: Iron Bundle\n|-end|p1a: Iron Bundle|Quark Drive|[silent]\n|-damage|p2b: The Dame Time|70\/100|[from] Recoil\n|\n|upkeep\n|\n|t:|1700009130\n|switch|p1a: Iron Hands|Iron Hands, L50|100\/100\n|turn|3\n|\n|t:|1700009153\n|-terastallize|p2a: The EXE|Grass\n|move|p1b: Flutter Mane|Shadow Ball|p2a: The EXE\n|-damage|p2a: The EXE|45\/100\n|move|p2a: The EXE|Phantom Force||[still]\n|-prepare|p2a: The EXE|Phantom Force\n|move|p2b: The Dame Time|Drain Punch|p1a: Iron Hands\n|-crit|p1a: Iron Hands\n|-damage|p1a: Iron Hands|63\/100\n|-heal|p2b: The Dame Time|88\/100|[from] drain|[of] p1a: Iron Hands\n|move|p1a: Iron Hands|Swords Dance|p1a: Iron Hands\n|-boost|p1a: Iron Hands|atk|2\n|\n|-heal|p1a: Iron Hands|69\/100|[from] item: Leftovers\n|upkeep\n|turn|4\n|l| Flarefox_7\n|\n|t:|1700009173\n|move|p1b: Flutter Mane|Moonblast|p2b: The Dame Time\n|-supereffective|p2b: The Dame Time\n|-damage|p2b: The Dame Time|20\/100\n|-unboost|p2b: The Dame Time|spa|1\n|move|p2a: The EXE|Phantom Force|p1b: Flutter Mane|[from]lockedmove\n|-supereffective|p1b: Flutter Mane\n|-crit|p1b: Flutter Mane\n|-damage|p1b: Flutter Mane|0 fnt\n|faint|p1b: Flutter Mane\n|-end|p1b: Flutter Mane|Protosynthesis|[silent]\n|move|p2b: The Dame Time|Drain Punch|p1a: Iron Hands\n|-damage|p1a: Iron Hands|44\/100\n|-heal|p2b: The Dame Time|33\/100|[from] drain|[of] p1a: Iron Hands\n|move|p1a: Iron Hands|Drain Punch|p2b: The Dame Time\n|-damage|p2b: The Dame Time|0 fnt\n|-heal|p1a: Iron Hands|60\/100|[from] drain|[of] p2b: The Dame Time\n|faint|p2b: The Dame Time\n|-end|p2b: The Dame Time|Quark Drive|[silent]\n|\n|-heal|p1a: Iron Hands|67\/100|[from] item: Leftovers\n|upkeep\n|c|\u2606MattC (Banned)|feelin very crit happy rn\n|\n|t:|1700009192\n|switch|p1b: Kingambit|Kingambit, L50, M, tera:Fire|70\/100\n|switch|p2b: The OgerBONK|Ogerpon-Wellspring, L50, F|100\/100\n|turn|5\n|c|\u2606It'sJustKen VGC|lol\n|\n|t:|1700009212\n|move|p1b: Kingambit|Sucker Punch|p2a: The EXE\n|-crit|p2a: The EXE\n|-damage|p2a: The EXE|0 fnt\n|faint|p2a: The EXE\n|move|p2b: The OgerBONK|Ivy Cudgel|p1b: Kingambit|[anim] Ivy Cudgel Water\n|-supereffective|p1b: Kingambit\n|-damage|p1b: Kingambit|0 fnt\n|faint|p1b: Kingambit\n|move|p1a: Iron Hands|Swords Dance|p1a: Iron Hands\n|-boost|p1a: Iron Hands|atk|2\n|\n|-heal|p1a: Iron Hands|73\/100|[from] item: Leftovers\n|upkeep\n|\n|t:|1700009220\n|switch|p2a: The Wise\/Mystical|Landorus-Therian, L50, M, shiny|100\/100\n|-ability|p2a: The Wise\/Mystical|Intimidate|boost\n|-unboost|p1a: Iron Hands|atk|1\n|turn|6\n|\n|t:|1700009225\n|move|p1a: Iron Hands|Detect|p1a: Iron Hands\n|-singleturn|p1a: Iron Hands|Protect\n|move|p2b: The OgerBONK|Ivy Cudgel|p1a: Iron Hands|[anim] Ivy Cudgel Water\n|-activate|p1a: Iron Hands|move: Protect\n|move|p2a: The Wise\/Mystical|Stomping Tantrum|p1a: Iron Hands\n|-activate|p1a: Iron Hands|move: Protect\n|\n|-heal|p1a: Iron Hands|79\/100|[from] item: Leftovers\n|upkeep\n|turn|7\n|\n|t:|1700009232\n|move|p2b: The OgerBONK|Ivy Cudgel|p1a: Iron Hands|[anim] Ivy Cudgel Water\n|-damage|p1a: Iron Hands|50\/100\n|move|p2a: The Wise\/Mystical|Stomping Tantrum|p1a: Iron Hands\n|-supereffective|p1a: Iron Hands\n|-damage|p1a: Iron Hands|0 fnt\n|faint|p1a: Iron Hands\n|-end|p1a: Iron Hands|Quark Drive|[silent]\n|\n|win|MattC (Banned)\n|n|\u2606It'sJustKen VGC|itsjustkenvgc\n|n|\u2606MattC (Banned)|mattcbanned\n|n| Lorul|lorul\n|n| ale cog|alecog\n|n| EmceeMikey|emceemikey\n","uploadtime":1700009233,"views":9,"p1id":"itsjustkenvgc","p2id":"mattcbanned","formatid":"gen9vgc2023regulatione","rating":0,"private":0,"password":""}