{"id":"gen9vgc2023regulatione-1988559354","p1":"Flarefox_7","p2":"Vengeful potato","format":"[Gen 9] VGC 2023 Regulation E","log":"|j|\u2606Flarefox_7\n|j|\u2606Vengeful potato\n|t:|1699736064\n|gametype|doubles\n|player|p1|Flarefox_7|serena-masters3|\n|player|p2|Vengeful potato|swimmer|\n|teamsize|p1|6\n|teamsize|p2|6\n|gen|9\n|tier|[Gen 9] VGC 2023 Regulation E\n|rated|Tournament battle\n|rule|Species Clause: Limit one of each Pok\u00e9mon\n|rule|Item Clause: Limit one of each item\n|clearpoke\n|poke|p1|Farigiraf, L50, M|\n|poke|p1|Rillaboom, L50, M|\n|poke|p1|Chien-Pao, L50|\n|poke|p1|Urshifu-*, L50, F|\n|poke|p1|Dragapult, L50, M|\n|poke|p1|Heatran, L50, M|\n|poke|p2|Articuno-Galar, L50|\n|poke|p2|Maushold, L50|\n|poke|p2|Decidueye-Hisui, L50, M|\n|poke|p2|Stonjourner, L50, F|\n|poke|p2|Regidrago, L50|\n|poke|p2|Gholdengo, L50|\n|teampreview|4\n|showteam|p1|Farigiraf||SitrusBerry|ArmorTail|Psychic,DazzlingGleam,Imprison,TrickRoom|||M|||50|,,,,,Fairy]Rillaboom||MiracleSeed|GrassySurge|WoodHammer,GrassyGlide,FakeOut,Protect|||M|||50|,,,,,Grass]Chien-Pao||FocusSash|SwordofRuin|IcicleCrash,SuckerPunch,SacredSword,Protect||||||50|,,,,,Ghost]Urshifu-Rapid-Strike||ChoiceScarf|UnseenFist|SurgingStrikes,CloseCombat,Uturn,AquaJet|||F|||50|,,,,,Water]Dragapult||ChoiceBand|ClearBody|DragonDarts,PhantomForce,SuckerPunch,TeraBlast|||M|||50|,,,,,Ghost]Heatran||AssaultVest|FlashFire|HeatWave,FlashCannon,EarthPower,TeraBlast|||M|||50|,,,,,Fairy\n|showteam|p2|Articuno-Galar||CovertCloak|Competitive|FreezingGlare,AirSlash,Tailwind,TrickRoom||||||50|,,,,,Steel]Maushold||RockyHelmet|FriendGuard|SuperFang,Taunt,FollowMe,Protect||||||50|,,,,,Ghost]Decidueye-Hisui||LoadedDice|Scrappy|BulletSeed,TripleArrows,SwordsDance,Protect|||M|||50|,,,,,Fire]Stonjourner||ClearAmulet|PowerSpot|RockSlide,HighHorsepower,HeatCrash,WideGuard|||F|||50|,,,,,Grass]Regidrago||DragonFang|DragonsMaw|DracoMeteor,DragonEnergy,EarthPower,Protect||||||50|,,,,,Steel]Gholdengo||LifeOrb|GoodasGold|MakeItRain,ShadowBall,DazzlingGleam,Protect||||||50|,,,,,Fairy\n|c|\u2606Flarefox_7|glhf\n|j| Bradgga\n|c|\u2606Flarefox_7|pult cult.\n|c|\u2606Vengeful potato|U2\n|j| Luke111192\n|j| Cdogp\n|inactive|Battle timer is ON: inactive players will automatically lose when time's up. (requested by Flarefox_7)\n|\n|t:|1699736144\n|start\n|switch|p1a: Wottl3y|Chien-Pao, L50|100\/100\n|switch|p1b: Rillaboom|Rillaboom, L50, M|100\/100\n|switch|p2a: The Rizzler\ud83d\ude31\ud83d\udcaf\ud83d\udde3\ufe0f|Articuno-Galar, L50, shiny|100\/100\n|switch|p2b: Despereaux|Maushold, L50, shiny|100\/100\n|-ability|p1a: Wottl3y|Sword of Ruin\n|-fieldstart|move: Grassy Terrain|[from] ability: Grassy Surge|[of] p1b: Rillaboom\n|turn|1\n|inactive|Vengeful potato has 30 seconds left.\n|\n|t:|1699736169\n|-terastallize|p1b: Rillaboom|Grass\n|move|p2b: Despereaux|Follow Me|p2b: Despereaux\n|-singleturn|p2b: Despereaux|move: Follow Me\n|move|p1b: Rillaboom|Grassy Glide|p2b: Despereaux\n|-damage|p2b: Despereaux|22\/100\n|-damage|p1b: Rillaboom|84\/100|[from] item: Rocky Helmet|[of] p2b: Despereaux\n|move|p1a: Wottl3y|Icicle Crash|p2b: Despereaux\n|-damage|p2b: Despereaux|0 fnt\n|faint|p2b: Despereaux\n|move|p2a: The Rizzler\ud83d\ude31\ud83d\udcaf\ud83d\udde3\ufe0f|Tailwind|p2a: The Rizzler\ud83d\ude31\ud83d\udcaf\ud83d\udde3\ufe0f\n|-sidestart|p2: Vengeful potato|move: Tailwind\n|\n|-heal|p1b: Rillaboom|90\/100|[from] Grassy Terrain\n|upkeep\n|\n|t:|1699736189\n|switch|p2b: THE DRAGON BALL\ud83e\udd76|Regidrago, L50, shiny|100\/100\n|turn|2\n|\n|t:|1699736197\n|move|p2b: THE DRAGON BALL\ud83e\udd76|Protect|p2b: THE DRAGON BALL\ud83e\udd76\n|-singleturn|p2b: THE DRAGON BALL\ud83e\udd76|Protect\n|move|p1a: Wottl3y|Protect|p1a: Wottl3y\n|-singleturn|p1a: Wottl3y|Protect\n|move|p1b: Rillaboom|Protect|p1b: Rillaboom\n|-singleturn|p1b: Rillaboom|Protect\n|move|p2a: The Rizzler\ud83d\ude31\ud83d\udcaf\ud83d\udde3\ufe0f|Air Slash|p1b: Rillaboom\n|-activate|p1b: Rillaboom|move: Protect\n|\n|-heal|p1b: Rillaboom|96\/100|[from] Grassy Terrain\n|upkeep\n|turn|3\n|inactive|Flarefox_7 has 30 seconds left.\n|\n|t:|1699736223\n|move|p1b: Rillaboom|Grassy Glide|p2b: THE DRAGON BALL\ud83e\udd76\n|-resisted|p2b: THE DRAGON BALL\ud83e\udd76\n|-damage|p2b: THE DRAGON BALL\ud83e\udd76|64\/100\n|move|p2a: The Rizzler\ud83d\ude31\ud83d\udcaf\ud83d\udde3\ufe0f|Air Slash|p1a: Wottl3y\n|-damage|p1a: Wottl3y|40\/100\n|move|p2b: THE DRAGON BALL\ud83e\udd76|Dragon Energy|p1a: Wottl3y|[spread] p1a,p1b\n|-damage|p1a: Wottl3y|0 fnt\n|-damage|p1b: Rillaboom|22\/100\n|faint|p1a: Wottl3y\n|\n|-heal|p2b: THE DRAGON BALL\ud83e\udd76|70\/100|[from] Grassy Terrain\n|-heal|p1b: Rillaboom|29\/100|[from] Grassy Terrain\n|upkeep\n|\n|t:|1699736234\n|switch|p1a: Dragapult|Dragapult, L50, M|100\/100\n|turn|4\n|j| Lorul\n|\n|t:|1699736241\n|move|p2b: THE DRAGON BALL\ud83e\udd76|Protect|p2b: THE DRAGON BALL\ud83e\udd76\n|-singleturn|p2b: THE DRAGON BALL\ud83e\udd76|Protect\n|move|p1a: Dragapult|Sucker Punch||[still]\n|-fail|p1a: Dragapult\n|move|p1b: Rillaboom|Grassy Glide|p2b: THE DRAGON BALL\ud83e\udd76\n|-activate|p2b: THE DRAGON BALL\ud83e\udd76|move: Protect\n|move|p2a: The Rizzler\ud83d\ude31\ud83d\udcaf\ud83d\udde3\ufe0f|Trick Room|p2a: The Rizzler\ud83d\ude31\ud83d\udcaf\ud83d\udde3\ufe0f\n|-fieldstart|move: Trick Room|[of] p2a: The Rizzler\ud83d\ude31\ud83d\udcaf\ud83d\udde3\ufe0f\n|\n|-heal|p1b: Rillaboom|34\/100|[from] Grassy Terrain\n|-heal|p2b: THE DRAGON BALL\ud83e\udd76|76\/100|[from] Grassy Terrain\n|-sideend|p2: Vengeful potato|move: Tailwind\n|upkeep\n|turn|5\n|\n|t:|1699736252\n|move|p1b: Rillaboom|Grassy Glide|p2b: THE DRAGON BALL\ud83e\udd76\n|-resisted|p2b: THE DRAGON BALL\ud83e\udd76\n|-damage|p2b: THE DRAGON BALL\ud83e\udd76|45\/100\n|move|p1a: Dragapult|Sucker Punch|p2b: THE DRAGON BALL\ud83e\udd76\n|-damage|p2b: THE DRAGON BALL\ud83e\udd76|15\/100\n|move|p2b: THE DRAGON BALL\ud83e\udd76|Dragon Energy|p1b: Rillaboom|[spread] p1a,p1b\n|-supereffective|p1a: Dragapult\n|-damage|p1a: Dragapult|64\/100\n|-damage|p1b: Rillaboom|18\/100\n|move|p2a: The Rizzler\ud83d\ude31\ud83d\udcaf\ud83d\udde3\ufe0f|Freezing Glare|p1a: Dragapult\n|-damage|p1a: Dragapult|8\/100\n|\n|-heal|p2b: THE DRAGON BALL\ud83e\udd76|21\/100|[from] Grassy Terrain\n|-heal|p1b: Rillaboom|24\/100|[from] Grassy Terrain\n|-heal|p1a: Dragapult|14\/100|[from] Grassy Terrain\n|-fieldend|move: Grassy Terrain\n|upkeep\n|turn|6\n|c|\u2606Flarefox_7|i think its gg's\n|\n|t:|1699736271\n|move|p1a: Dragapult|Sucker Punch|p2a: The Rizzler\ud83d\ude31\ud83d\udcaf\ud83d\udde3\ufe0f\n|-supereffective|p2a: The Rizzler\ud83d\ude31\ud83d\udcaf\ud83d\udde3\ufe0f\n|-damage|p2a: The Rizzler\ud83d\ude31\ud83d\udcaf\ud83d\udde3\ufe0f|40\/100\n|move|p2b: THE DRAGON BALL\ud83e\udd76|Draco Meteor|p1b: Rillaboom\n|-damage|p1b: Rillaboom|0 fnt\n|-unboost|p2b: THE DRAGON BALL\ud83e\udd76|spa|2\n|faint|p1b: Rillaboom\n|move|p2a: The Rizzler\ud83d\ude31\ud83d\udcaf\ud83d\udde3\ufe0f|Freezing Glare|p1a: Dragapult\n|-damage|p1a: Dragapult|0 fnt\n|faint|p1a: Dragapult\n|\n|upkeep\n|\n|t:|1699736276\n|switch|p1b: Tempest Brute|Urshifu-Rapid-Strike, L50, F|100\/100\n|turn|7\n|\n|t:|1699736281\n|move|p2b: THE DRAGON BALL\ud83e\udd76|Draco Meteor|p1b: Tempest Brute\n|-damage|p1b: Tempest Brute|16\/100\n|-unboost|p2b: THE DRAGON BALL\ud83e\udd76|spa|2\n|move|p2a: The Rizzler\ud83d\ude31\ud83d\udcaf\ud83d\udde3\ufe0f|Freezing Glare|p1b: Tempest Brute\n|-supereffective|p1b: Tempest Brute\n|-damage|p1b: Tempest Brute|0 fnt\n|faint|p1b: Tempest Brute\n|\n|win|Vengeful potato\n|n|\u2606Flarefox_7|flarefox7\n|n|\u2606Vengeful potato|vengefulpotato\n|n| Bradgga|bradgga\n|n| Luke111192|luke111192\n|n| Cdogp|cdogp\n|n| Lorul|lorul\n","uploadtime":1699736282,"views":11,"p1id":"flarefox7","p2id":"vengefulpotato","formatid":"gen9vgc2023regulatione","rating":0,"private":0,"password":""}