{"id":"gen9vgc2023regulatione-2000312129","p1":"whyismynamejeff","p2":"wafflemetal","format":"[Gen 9] VGC 2023 Regulation E","log":"|j|\u2606whyismynamejeff\n|j|\u2606wafflemetal\n|t:|1701183924\n|gametype|doubles\n|player|p1|whyismynamejeff|colress|1223\n|player|p2|wafflemetal|1|1223\n|teamsize|p1|6\n|teamsize|p2|6\n|gen|9\n|tier|[Gen 9] VGC 2023 Regulation E\n|rated|\n|rule|Species Clause: Limit one of each Pok\u00e9mon\n|rule|Item Clause: Limit one of each item\n|clearpoke\n|poke|p1|Farigiraf, L50, M|\n|poke|p1|Iron Hands, L50|\n|poke|p1|Urshifu-*, L50, F|\n|poke|p1|Chien-Pao, L50|\n|poke|p1|Tornadus, L50, M|\n|poke|p1|Flutter Mane, L50|\n|poke|p2|Dondozo, L50, M|\n|poke|p2|Ogerpon-Hearthflame, L50, F|\n|poke|p2|Flutter Mane, L50|\n|poke|p2|Dragonite, L50, F|\n|poke|p2|Kingambit, L50, F|\n|poke|p2|Iron Hands, L50|\n|teampreview|4\n|\n|t:|1701183980\n|start\n|switch|p1a: Sparky Hariyama|Iron Hands, L50, shiny|100\/100\n|switch|p1b: Clowdy Howdy|Tornadus, L50, M|100\/100\n|switch|p2a: Kingambit|Kingambit, L50, F, shiny|100\/100\n|switch|p2b: Flutter Mane|Flutter Mane, L50|100\/100\n|-enditem|p2b: Flutter Mane|Booster Energy\n|-activate|p2b: Flutter Mane|ability: Protosynthesis|[fromitem]\n|-start|p2b: Flutter Mane|protosynthesisspe\n|turn|1\n|\n|t:|1701184010\n|-terastallize|p2a: Kingambit|Ghost\n|move|p2b: Flutter Mane|Protect|p2b: Flutter Mane\n|-singleturn|p2b: Flutter Mane|Protect\n|move|p1a: Sparky Hariyama|Fake Out|p2a: Kingambit\n|-immune|p2a: Kingambit\n|move|p1b: Clowdy Howdy|Tailwind|p1b: Clowdy Howdy\n|-sidestart|p1: whyismynamejeff|move: Tailwind\n|move|p2a: Kingambit|Swords Dance|p2a: Kingambit\n|-boost|p2a: Kingambit|atk|2\n|\n|upkeep\n|turn|2\n|\n|t:|1701184043\n|-end|p2b: Flutter Mane|Protosynthesis|[silent]\n|switch|p2b: Iron Hands|Iron Hands, L50|100\/100\n|move|p1b: Clowdy Howdy|Bleakwind Storm|p2b: Iron Hands|[spread] p2a\n|-miss|p1b: Clowdy Howdy|p2b: Iron Hands\n|-damage|p2a: Kingambit|69\/100\n|move|p1a: Sparky Hariyama|Ice Punch|p2a: Kingambit\n|-damage|p2a: Kingambit|48\/100\n|move|p2a: Kingambit|Kowtow Cleave|p1b: Clowdy Howdy\n|-damage|p1b: Clowdy Howdy|0 fnt\n|faint|p1b: Clowdy Howdy\n|\n|upkeep\n|\n|t:|1701184059\n|switch|p1b: Sword Cat|Chien-Pao, L50|100\/100\n|-ability|p1b: Sword Cat|Sword of Ruin\n|turn|3\n|\n|t:|1701184070\n|move|p2a: Kingambit|Protect|p2a: Kingambit\n|-singleturn|p2a: Kingambit|Protect\n|move|p1b: Sword Cat|Sucker Punch||[still]\n|-fail|p1b: Sword Cat\n|move|p1a: Sparky Hariyama|Drain Punch|p2b: Iron Hands\n|-damage|p2b: Iron Hands|57\/100\n|move|p2b: Iron Hands|Drain Punch|p1b: Sword Cat\n|-supereffective|p1b: Sword Cat\n|-enditem|p1b: Sword Cat|Focus Sash\n|-damage|p1b: Sword Cat|1\/100\n|-heal|p2b: Iron Hands|90\/100|[from] drain|[of] p1b: Sword Cat\n|\n|upkeep\n|turn|4\n|\n|t:|1701184110\n|switch|p2a: Ogerpon|Ogerpon-Hearthflame, L50, F|100\/100\n|-ability|p2a: Ogerpon|Mold Breaker\n|move|p1b: Sword Cat|Sucker Punch||[still]\n|-fail|p1b: Sword Cat\n|move|p1a: Sparky Hariyama|Drain Punch|p2b: Iron Hands\n|-damage|p2b: Iron Hands|47\/100\n|move|p2b: Iron Hands|Heavy Slam|p1b: Sword Cat\n|-supereffective|p1b: Sword Cat\n|-damage|p1b: Sword Cat|0 fnt\n|faint|p1b: Sword Cat\n|\n|-sideend|p1: whyismynamejeff|move: Tailwind\n|upkeep\n|\n|t:|1701184123\n|switch|p1b: Water Bear|Urshifu-Rapid-Strike, L50, F|100\/100\n|turn|5\n|\n|t:|1701184186\n|-terastallize|p1b: Water Bear|Water\n|move|p2a: Ogerpon|Spiky Shield|p2a: Ogerpon\n|-singleturn|p2a: Ogerpon|move: Protect\n|move|p1b: Water Bear|Surging Strikes|p2b: Iron Hands\n|-crit|p2b: Iron Hands\n|-damage|p2b: Iron Hands|27\/100\n|-crit|p2b: Iron Hands\n|-damage|p2b: Iron Hands|7\/100\n|-crit|p2b: Iron Hands\n|-damage|p2b: Iron Hands|0 fnt\n|faint|p2b: Iron Hands\n|-end|p2b: Iron Hands|Quark Drive|[silent]\n|-hitcount|p2: Iron Hands|3\n|move|p1a: Sparky Hariyama|Drain Punch|p2a: Ogerpon\n|-activate|p2a: Ogerpon|move: Protect\n|-damage|p1a: Sparky Hariyama|88\/100|[from] Spiky Shield|[of] p2a: Ogerpon\n|\n|upkeep\n|\n|t:|1701184209\n|switch|p2b: Kingambit|Kingambit, L50, F, shiny, tera:Ghost|48\/100\n|turn|6\n|\n|t:|1701184220\n|switch|p2a: Flutter Mane|Flutter Mane, L50|100\/100\n|move|p2b: Kingambit|Sucker Punch|p1b: Water Bear\n|-damage|p1b: Water Bear|55\/100\n|move|p1b: Water Bear|Surging Strikes|p2a: Flutter Mane\n|-crit|p2a: Flutter Mane\n|-damage|p2a: Flutter Mane|56\/100\n|-crit|p2a: Flutter Mane\n|-damage|p2a: Flutter Mane|7\/100\n|-crit|p2a: Flutter Mane\n|-damage|p2a: Flutter Mane|0 fnt\n|faint|p2a: Flutter Mane\n|-end|p2a: Flutter Mane|Protosynthesis|[silent]\n|-hitcount|p2: Flutter Mane|3\n|move|p1a: Sparky Hariyama|Ice Punch|p2b: Kingambit\n|-damage|p2b: Kingambit|28\/100\n|\n|upkeep\n|\n|t:|1701184239\n|switch|p2a: Ogerpon|Ogerpon-Hearthflame, L50, F|100\/100\n|-ability|p2a: Ogerpon|Mold Breaker\n|turn|7\n|\n|t:|1701184256\n|move|p2b: Kingambit|Sucker Punch|p1b: Water Bear\n|-damage|p1b: Water Bear|9\/100\n|move|p1b: Water Bear|Surging Strikes|p2a: Ogerpon\n|-crit|p2a: Ogerpon\n|-damage|p2a: Ogerpon|60\/100\n|-crit|p2a: Ogerpon\n|-damage|p2a: Ogerpon|19\/100\n|-crit|p2a: Ogerpon\n|-damage|p2a: Ogerpon|0 fnt\n|faint|p2a: Ogerpon\n|-hitcount|p2: Ogerpon|3\n|move|p1a: Sparky Hariyama|Wild Charge|p2b: Kingambit\n|-damage|p2b: Kingambit|0 fnt\n|faint|p2b: Kingambit\n|-damage|p1a: Sparky Hariyama|82\/100|[from] Recoil\n|\n|win|whyismynamejeff\n|raw|whyismynamejeff's rating: 1223 &rarr; <strong>1248<\/strong><br \/>(+25 for winning)\n|raw|wafflemetal's rating: 1223 &rarr; <strong>1198<\/strong><br \/>(-25 for losing)\n|l|\u2606wafflemetal\n","uploadtime":1701184272,"views":13,"p1id":"whyismynamejeff","p2id":"wafflemetal","formatid":"gen9vgc2023regulatione","rating":1198,"private":0,"password":""}