{"id":"gen9vgc2023regulatione-1995237814","p1":"john thundergun","p2":"iamtrashtier","format":"[Gen 9] VGC 2023 Regulation E","log":"|j|\u2606john thundergun\n|j|\u2606iamtrashtier\n|t:|1700538436\n|gametype|doubles\n|player|p1|john thundergun|169|1289\n|player|p2|iamtrashtier|102|1289\n|teamsize|p1|6\n|teamsize|p2|6\n|gen|9\n|tier|[Gen 9] VGC 2023 Regulation E\n|rated|\n|rule|Species Clause: Limit one of each Pok\u00e9mon\n|rule|Item Clause: Limit one of each item\n|clearpoke\n|poke|p1|Tornadus, L50, M|\n|poke|p1|Flutter Mane, L50|\n|poke|p1|Rillaboom, L50, F|\n|poke|p1|Ogerpon-Hearthflame, L50, F|\n|poke|p1|Chien-Pao, L50|\n|poke|p1|Dragonite, L50, M|\n|poke|p2|Heatran, L50, M|\n|poke|p2|Urshifu-*, L50, M|\n|poke|p2|Ogerpon-Wellspring, L50, F|\n|poke|p2|Cresselia, L50, F|\n|poke|p2|Ursaluna-Bloodmoon, L50, M|\n|poke|p2|Flutter Mane, L50|\n|teampreview|4\n|inactive|Battle timer is ON: inactive players will automatically lose when time's up. (requested by john thundergun)\n|inactive|john thundergun has 60 seconds left.\n|inactive|iamtrashtier has 60 seconds left.\n|\n|t:|1700538484\n|start\n|switch|p1a: Tornadus|Tornadus, L50, M|100\/100\n|switch|p1b: Ogerpon|Ogerpon-Hearthflame, L50, F|100\/100\n|switch|p2a: Ogerpon|Ogerpon-Wellspring, L50, F|100\/100\n|switch|p2b: Flutter Mane|Flutter Mane, L50|100\/100\n|-ability|p1b: Ogerpon|Mold Breaker\n|-enditem|p2b: Flutter Mane|Booster Energy\n|-activate|p2b: Flutter Mane|ability: Protosynthesis|[fromitem]\n|-start|p2b: Flutter Mane|protosynthesisspe\n|turn|1\n|\n|t:|1700538508\n|move|p1b: Ogerpon|Spiky Shield|p1b: Ogerpon\n|-singleturn|p1b: Ogerpon|move: Protect\n|move|p2b: Flutter Mane|Icy Wind|p1a: Tornadus|[spread] p1a\n|-activate|p1b: Ogerpon|move: Protect\n|-supereffective|p1a: Tornadus\n|-damage|p1a: Tornadus|64\/100\n|move|p2a: Ogerpon|Taunt|p1a: Tornadus\n|-start|p1a: Tornadus|move: Taunt\n|move|p1a: Tornadus|Bleakwind Storm|p2b: Flutter Mane|[spread] p2a,p2b\n|-supereffective|p2a: Ogerpon\n|-damage|p2a: Ogerpon|22\/100\n|-damage|p2b: Flutter Mane|64\/100\n|\n|upkeep\n|turn|2\n|inactive|iamtrashtier has 30 seconds left.\n|inactive|john thundergun has 30 seconds left.\n|inactive|iamtrashtier has 20 seconds left.\n|\n|t:|1700538545\n|switch|p1a: Rillaboom|Rillaboom, L50, F|100\/100\n|-fieldstart|move: Grassy Terrain|[from] ability: Grassy Surge|[of] p1a: Rillaboom\n|move|p1b: Ogerpon|Grassy Glide|p2b: Flutter Mane\n|-damage|p2b: Flutter Mane|0 fnt\n|faint|p2b: Flutter Mane\n|-end|p2b: Flutter Mane|Protosynthesis|[silent]\n|move|p2a: Ogerpon|Ivy Cudgel|p1b: Ogerpon|[anim] Ivy Cudgel Water\n|-damage|p1b: Ogerpon|18\/100\n|\n|-heal|p2a: Ogerpon|28\/100|[from] Grassy Terrain\n|-heal|p1b: Ogerpon|24\/100|[from] Grassy Terrain\n|upkeep\n|\n|t:|1700538559\n|switch|p2b: Heatran|Heatran, L50, M|100\/100\n|turn|3\n|\n|t:|1700538578\n|move|p2a: Ogerpon|Spiky Shield|p2a: Ogerpon\n|-singleturn|p2a: Ogerpon|move: Protect\n|move|p1a: Rillaboom|Fake Out|p2a: Ogerpon\n|-activate|p2a: Ogerpon|move: Protect\n|-damage|p1a: Rillaboom|88\/100|[from] Spiky Shield|[of] p2a: Ogerpon\n|move|p1b: Ogerpon|Ivy Cudgel|p2b: Heatran|[anim] Ivy Cudgel Fire\n|-damage|p2b: Heatran|42\/100\n|move|p2b: Heatran|Overheat|p1a: Rillaboom\n|-supereffective|p1a: Rillaboom\n|-damage|p1a: Rillaboom|9\/100\n|-unboost|p2b: Heatran|spa|2\n|\n|-heal|p2a: Ogerpon|33\/100|[from] Grassy Terrain\n|-heal|p1b: Ogerpon|30\/100|[from] Grassy Terrain\n|-heal|p1a: Rillaboom|15\/100|[from] Grassy Terrain\n|-heal|p2b: Heatran|48\/100|[from] Grassy Terrain\n|upkeep\n|turn|4\n|inactive|john thundergun has 30 seconds left.\n|inactive|iamtrashtier has 30 seconds left.\n|inactive|iamtrashtier has 20 seconds left.\n|\n|t:|1700538614\n|move|p1b: Ogerpon|Grassy Glide|p2a: Ogerpon\n|-damage|p2a: Ogerpon|0 fnt\n|faint|p2a: Ogerpon\n|move|p1a: Rillaboom|Grassy Glide|p2b: Heatran\n|-resisted|p2b: Heatran\n|-damage|p2b: Heatran|40\/100\n|-damage|p1a: Rillaboom|0 fnt|[from] item: Rocky Helmet|[of] p2b: Heatran\n|faint|p1a: Rillaboom\n|move|p2b: Heatran|Overheat|p1b: Ogerpon\n|-damage|p1b: Ogerpon|0 fnt\n|-unboost|p2b: Heatran|spa|2\n|faint|p1b: Ogerpon\n|\n|-heal|p2b: Heatran|46\/100|[from] Grassy Terrain\n|upkeep\n|\n|t:|1700538628\n|switch|p2a: Urshifu|Urshifu, L50, M|100\/100\n|switch|p1b: Chien-Pao|Chien-Pao, L50|100\/100\n|switch|p1a: Tornadus|Tornadus, L50, M|64\/100\n|-ability|p1b: Chien-Pao|Sword of Ruin\n|turn|5\n|inactive|john thundergun has 30 seconds left.\n|inactive|iamtrashtier has 30 seconds left.\n|inactive|john thundergun has 20 seconds left.\n|inactive|john thundergun has 15 seconds left.\n|inactive|john thundergun has 10 seconds left.\n|\n|t:|1700538677\n|-terastallize|p1b: Chien-Pao|Ghost\n|-terastallize|p2a: Urshifu|Fighting\n|move|p1b: Chien-Pao|Crunch|p2b: Heatran\n|-damage|p2b: Heatran|0 fnt\n|-damage|p1b: Chien-Pao|84\/100|[from] item: Rocky Helmet|[of] p2b: Heatran\n|faint|p2b: Heatran\n|move|p2a: Urshifu|Close Combat|p1b: Chien-Pao\n|-immune|p1b: Chien-Pao\n|move|p1a: Tornadus|Bleakwind Storm|p2a: Urshifu\n|-supereffective|p2a: Urshifu\n|-enditem|p2a: Urshifu|Focus Sash\n|-damage|p2a: Urshifu|1\/100\n|-unboost|p2a: Urshifu|spe|1\n|\n|-heal|p1b: Chien-Pao|90\/100|[from] Grassy Terrain\n|-heal|p2a: Urshifu|7\/100|[from] Grassy Terrain\n|upkeep\n|turn|6\n|\n|t:|1700538696\n|move|p1b: Chien-Pao|Sucker Punch|p2a: Urshifu\n|-resisted|p2a: Urshifu\n|-damage|p2a: Urshifu|0 fnt\n|faint|p2a: Urshifu\n|\n|win|john thundergun\n|raw|john thundergun's rating: 1289 &rarr; <strong>1314<\/strong><br \/>(+25 for winning)\n|raw|iamtrashtier's rating: 1289 &rarr; <strong>1264<\/strong><br \/>(-25 for losing)\n|c|\u2606john thundergun|gg wp\n","uploadtime":1700538713,"views":3,"p1id":"johnthundergun","p2id":"iamtrashtier","formatid":"gen9vgc2023regulatione","rating":1264,"private":0,"password":""}