{"id":"gen9vgc2023regulatione-1992919186","p1":"Henzai","p2":"MasterMicah","format":"[Gen 9] VGC 2023 Regulation E","log":"|j|\u2606Henzai\n|j|\u2606MasterMicah\n|t:|1700246814\n|gametype|doubles\n|player|p1|Henzai|allister|1115\n|player|p2|MasterMicah|elesa|1068\n|teamsize|p1|6\n|teamsize|p2|6\n|gen|9\n|tier|[Gen 9] VGC 2023 Regulation E\n|rated|\n|rule|Species Clause: Limit one of each Pok\u00e9mon\n|rule|Item Clause: Limit one of each item\n|clearpoke\n|poke|p1|Gothitelle, L50, F|\n|poke|p1|Urshifu-*, L50, F|\n|poke|p1|Arcanine-Hisui, L50, M|\n|poke|p1|Flutter Mane, L50|\n|poke|p1|Ogerpon-Wellspring, L50, F|\n|poke|p1|Tornadus, L50, M|\n|poke|p2|Empoleon, L50, M|\n|poke|p2|Sinistcha, L50|\n|poke|p2|Slither Wing, L50|\n|poke|p2|Kingambit, L50, M|\n|poke|p2|Gliscor, L50, M|\n|poke|p2|Chi-Yu, L50|\n|teampreview|4\nHenzai rejected open team sheets.\n|inactive|Battle timer is ON: inactive players will automatically lose when time's up. (requested by MasterMicah)\n|\n|t:|1700246862\n|start\n|switch|p1a: Gothitelle|Gothitelle, L50, F|100\/100\n|switch|p1b: Urshifu|Urshifu-Rapid-Strike, L50, F|100\/100\n|switch|p2a: Tityus|Gliscor, L50, M, shiny|100\/100\n|switch|p2b: Major Melon|Sinistcha, L50|100\/100\n|turn|1\n|\n|t:|1700246882\n|move|p1a: Gothitelle|Helping Hand|p1b: Urshifu\n|-singleturn|p1b: Urshifu|Helping Hand|[of] p1a: Gothitelle\n|move|p1b: Urshifu|Surging Strikes|p2a: Tityus\n|-supereffective|p2a: Tityus\n|-crit|p2a: Tityus\n|-damage|p2a: Tityus|51\/100\n|-supereffective|p2a: Tityus\n|-crit|p2a: Tityus\n|-damage|p2a: Tityus|0 fnt\n|faint|p2a: Tityus\n|-hitcount|p2: Tityus|2\n|move|p2b: Major Melon|Strength Sap|p1b: Urshifu\n|-unboost|p1b: Urshifu|atk|1\n|\n|upkeep\n|\n|t:|1700246895\n|switch|p2a: Slither Wing|Slither Wing, L50|100\/100\n|turn|2\n|\n|t:|1700246906\n|switch|p1b: Tornadus|Tornadus, L50, M|100\/100\n|move|p2a: Slither Wing|First Impression|p1b: Tornadus\n|-resisted|p1b: Tornadus\n|-damage|p1b: Tornadus|80\/100\n|move|p2b: Major Melon|Matcha Gotcha|p1b: Tornadus|[spread] p1a,p1b\n|-resisted|p1b: Tornadus\n|-damage|p1a: Gothitelle|83\/100\n|-damage|p1b: Tornadus|66\/100\n|move|p1a: Gothitelle|Charm|p2a: Slither Wing\n|-unboost|p2a: Slither Wing|atk|2\n|\n|upkeep\n|turn|3\n|inactive|Henzai has 30 seconds left.\n|\n|t:|1700246932\n|move|p1b: Tornadus|Rain Dance|p1b: Tornadus\n|-weather|RainDance\n|move|p2a: Slither Wing|Leech Life|p1a: Gothitelle\n|-supereffective|p1a: Gothitelle\n|-damage|p1a: Gothitelle|52\/100\n|move|p2b: Major Melon|Shadow Ball|p1a: Gothitelle\n|-supereffective|p1a: Gothitelle\n|-damage|p1a: Gothitelle|3\/100\n|-enditem|p1a: Gothitelle|Sitrus Berry|[eat]\n|-heal|p1a: Gothitelle|27\/100|[from] item: Sitrus Berry\n|move|p1a: Gothitelle|Psybeam|p2b: Major Melon\n|-damage|p2b: Major Melon|78\/100\n|\n|-weather|RainDance|[upkeep]\n|upkeep\n|turn|4\n|\n|t:|1700246949\n|switch|p1a: Ogerpon|Ogerpon-Wellspring, L50, F|100\/100\n|move|p1b: Tornadus|Tailwind|p1b: Tornadus\n|-sidestart|p1: Henzai|move: Tailwind\n|move|p2a: Slither Wing|Leech Life|p1b: Tornadus\n|-resisted|p1b: Tornadus\n|-crit|p1b: Tornadus\n|-damage|p1b: Tornadus|39\/100\n|move|p2b: Major Melon|Shadow Ball|p1a: Ogerpon\n|-damage|p1a: Ogerpon|69\/100\n|\n|-weather|RainDance|[upkeep]\n|upkeep\n|turn|5\n|\n|t:|1700246967\n|move|p1a: Ogerpon|Ivy Cudgel|p2a: Slither Wing|[anim] Ivy Cudgel Water\n|-damage|p2a: Slither Wing|18\/100\n|move|p1b: Tornadus|Bleakwind Storm|p2b: Major Melon|[spread] p2a,p2b\n|-supereffective|p2a: Slither Wing\n|-supereffective|p2b: Major Melon\n|-damage|p2a: Slither Wing|0 fnt\n|-damage|p2b: Major Melon|0 fnt\n|faint|p2a: Slither Wing\n|-end|p2a: Slither Wing|Protosynthesis|[silent]\n|faint|p2b: Major Melon\n|\n|-weather|RainDance|[upkeep]\n|upkeep\n|c|\u2606MasterMicah|god lord that damage\n|\n|t:|1700246988\n|switch|p2a: Burnt Trout|Chi-Yu, L50|100\/100\n|-ability|p2a: Burnt Trout|Beads of Ruin\n|turn|6\n|\n|t:|1700246998\n|-terastallize|p2a: Burnt Trout|Ghost\n|move|p1a: Ogerpon|Ivy Cudgel|p2a: Burnt Trout|[anim] Ivy Cudgel Water\n|-damage|p2a: Burnt Trout|0 fnt\n|faint|p2a: Burnt Trout\n|\n|win|Henzai\n|raw|Henzai's rating: 1115 &rarr; <strong>1137<\/strong><br \/>(+22 for winning)\n|raw|MasterMicah's rating: 1068 &rarr; <strong>1051<\/strong><br \/>(-17 for losing)\n|l|\u2606MasterMicah\n|c|\u2606Henzai|gg\n","uploadtime":1700247010,"views":12,"p1id":"henzai","p2id":"mastermicah","formatid":"gen9vgc2023regulatione","rating":1051,"private":0,"password":""}