{"id":"gen9vgc2023regulatione-1997734346","p1":"SonEzekiel","p2":"TeambuildingGenius","format":"[Gen 9] VGC 2023 Regulation E","log":"|j|\u2606SonEzekiel\n|j|\u2606TeambuildingGenius\n|t:|1700846993\n|gametype|doubles\n|player|p1|SonEzekiel|170|1000\n|player|p2|TeambuildingGenius|266|1062\n|teamsize|p1|6\n|teamsize|p2|6\n|gen|9\n|tier|[Gen 9] VGC 2023 Regulation E\n|rated|\n|rule|Species Clause: Limit one of each Pok\u00e9mon\n|rule|Item Clause: Limit one of each item\n|clearpoke\n|poke|p1|Flutter Mane, L50|\n|poke|p1|Amoonguss, L50, F|\n|poke|p1|Meowscarada, L50, M|\n|poke|p1|Ogerpon-Wellspring, L50, F|\n|poke|p1|Heatran, L50, M|\n|poke|p1|Kingambit, L50, M|\n|poke|p2|Moltres-Galar, L50|\n|poke|p2|Sinistcha-Masterpiece, L50|\n|poke|p2|Ninetales-Alola, L50, M|\n|poke|p2|Landorus-Therian, L50, M|\n|poke|p2|Iron Hands, L50|\n|poke|p2|Urshifu-*, L50, F|\n|teampreview|4\n|\n|t:|1700847023\n|start\n|switch|p1a: Heatran|Heatran, L50, M|100\/100\n|switch|p1b: Ogerpon|Ogerpon-Wellspring, L50, F|100\/100\n|switch|p2a: Iron Hands|Iron Hands, L50|100\/100\n|switch|p2b: Landorus|Landorus-Therian, L50, M|100\/100\n|-ability|p2b: Landorus|Intimidate|boost\n|-unboost|p1a: Heatran|atk|1\n|-unboost|p1b: Ogerpon|atk|1\n|turn|1\n|inactive|Battle timer is ON: inactive players will automatically lose when time's up. (requested by TeambuildingGenius)\n|\n|t:|1700847067\n|move|p1b: Ogerpon|Protect|p1b: Ogerpon\n|-singleturn|p1b: Ogerpon|Protect\n|move|p2a: Iron Hands|Fake Out|p1b: Ogerpon\n|-activate|p1b: Ogerpon|move: Protect\n|move|p2b: Landorus|Stomping Tantrum|p1a: Heatran\n|-supereffective|p1a: Heatran\n|-damage|p1a: Heatran|0 fnt\n|faint|p1a: Heatran\n|\n|upkeep\n|\n|t:|1700847075\n|switch|p1a: Meowscarada|Meowscarada, L50, M|100\/100\n|turn|2\n|inactive|SonEzekiel has 30 seconds left.\n|\n|t:|1700847109\n|switch|p2b: Urshifu|Urshifu-Rapid-Strike, L50, F|100\/100\n|-terastallize|p1b: Ogerpon|Water\n|detailschange|p1b: Ogerpon|Ogerpon-Wellspring-Tera, L50, F, tera:Water\n|-ability|p1b: Ogerpon|Embody Aspect (Wellspring)|boost\n|-boost|p1b: Ogerpon|spd|1\n|move|p1a: Meowscarada|Play Rough|p2a: Iron Hands\n|-start|p1a: Meowscarada|typechange|Fairy|[from] ability: Protean\n|-supereffective|p2a: Iron Hands\n|-crit|p2a: Iron Hands\n|-damage|p2a: Iron Hands|5\/100\n|move|p1b: Ogerpon|Ivy Cudgel|p2b: Urshifu|[anim] Ivy Cudgel Water\n|-resisted|p2b: Urshifu\n|-damage|p2b: Urshifu|76\/100\n|move|p2a: Iron Hands|Drain Punch|p1a: Meowscarada\n|-resisted|p1a: Meowscarada\n|-damage|p1a: Meowscarada|69\/100\n|-heal|p2a: Iron Hands|15\/100|[from] drain|[of] p1a: Meowscarada\n|\n|upkeep\n|turn|3\n|inactive|SonEzekiel has 30 seconds left.\n|\n|t:|1700847137\n|switch|p1a: Flutter Mane|Flutter Mane, L50|100\/100\n|-end|p2a: Iron Hands|Quark Drive|[silent]\n|switch|p2a: Landorus|Landorus-Therian, L50, M|100\/100\n|-ability|p2a: Landorus|Intimidate|boost\n|-unboost|p1a: Flutter Mane|atk|1\n|-unboost|p1b: Ogerpon|atk|1\n|move|p1b: Ogerpon|Protect|p1b: Ogerpon\n|-singleturn|p1b: Ogerpon|Protect\n|move|p2b: Urshifu|Detect||[still]\n|-fail|p2b: Urshifu\n|\n|upkeep\n|turn|4\n|inactive|SonEzekiel has 30 seconds left.\n|inactive|TeambuildingGenius has 30 seconds left.\n|\n|t:|1700847169\n|-terastallize|p2a: Landorus|Flying\n|move|p2a: Landorus|Tera Blast|p1a: Flutter Mane|[anim] Tera Blast Flying\n|-damage|p1a: Flutter Mane|0 fnt\n|faint|p1a: Flutter Mane\n|-end|p1a: Flutter Mane|Protosynthesis|[silent]\n|move|p1b: Ogerpon|U-turn|p2b: Urshifu\n|-resisted|p2b: Urshifu\n|-damage|p2b: Urshifu|69\/100\n|\n|t:|1700847177\n|switch|p1b: Meowscarada|Meowscarada, L50, M|69\/100|[from] U-turn\n|move|p2b: Urshifu|Close Combat|p1b: Meowscarada\n|-supereffective|p1b: Meowscarada\n|-damage|p1b: Meowscarada|0 fnt\n|-unboost|p2b: Urshifu|def|1\n|-unboost|p2b: Urshifu|spd|1\n|faint|p1b: Meowscarada\n|\n|upkeep\n|\n|t:|1700847187\n|switch|p1a: Ogerpon|Ogerpon-Wellspring-Tera, L50, F, tera:Water|100\/100\n|-ability|p1a: Ogerpon|Embody Aspect (Wellspring)|boost\n|-boost|p1a: Ogerpon|spd|1\n|turn|5\n|\n|t:|1700847203\n|switch|p2b: Iron Hands|Iron Hands, L50|15\/100\n|move|p1a: Ogerpon|Protect|p1a: Ogerpon\n|-singleturn|p1a: Ogerpon|Protect\n|move|p2a: Landorus|Tera Blast|p1a: Ogerpon|[anim] Tera Blast Flying\n|-activate|p1a: Ogerpon|move: Protect\n|\n|upkeep\n|turn|6\n|\n|t:|1700847213\n|move|p2b: Iron Hands|Fake Out|p1a: Ogerpon\n|-damage|p1a: Ogerpon|82\/100\n|move|p2a: Landorus|Tera Blast|p1a: Ogerpon|[anim] Tera Blast Flying\n|-damage|p1a: Ogerpon|5\/100\n|cant|p1a: Ogerpon|flinch\n|\n|upkeep\n|turn|7\n|\n|t:|1700847221\n|move|p2a: Landorus|Tera Blast|p1a: Ogerpon|[anim] Tera Blast Flying\n|-damage|p1a: Ogerpon|0 fnt\n|faint|p1a: Ogerpon\n|\n|win|TeambuildingGenius\n|raw|SonEzekiel's rating: 1000 &rarr; <strong>1000<\/strong><br \/>(+0 for losing)\n|raw|TeambuildingGenius's rating: 1062 &rarr; <strong>1087<\/strong><br \/>(+25 for winning)\n|l|\u2606SonEzekiel\n|c|\u2606TeambuildingGenius|gg\n","uploadtime":1700847229,"views":12,"p1id":"sonezekiel","p2id":"teambuildinggenius","formatid":"gen9vgc2023regulatione","rating":1000,"private":0,"password":""}