{"id":"gen9vgc2023regulatione-1998365447","p1":"squigsquag","p2":"hxhxhdbsbsb","format":"[Gen 9] VGC 2023 Regulation E","log":"|j|\u2606squigsquag\n|j|\u2606hxhxhdbsbsb\n|t:|1700934227\n|gametype|doubles\n|player|p1|squigsquag|265|1119\n|player|p2|hxhxhdbsbsb|169|1000\n|teamsize|p1|6\n|teamsize|p2|6\n|gen|9\n|tier|[Gen 9] VGC 2023 Regulation E\n|rated|\n|rule|Species Clause: Limit one of each Pok\u00e9mon\n|rule|Item Clause: Limit one of each item\n|clearpoke\n|poke|p1|Iron Bundle, L50|\n|poke|p1|Hawlucha, L50, M|\n|poke|p1|Garganacl, L50, M|\n|poke|p1|Sinistcha-Masterpiece, L50|\n|poke|p1|Toxapex, L50, M|\n|poke|p1|Goodra-Hisui, L50, F|\n|poke|p2|Empoleon, L50, M|\n|poke|p2|Great Tusk, L50|\n|poke|p2|Baxcalibur, L50, M|\n|poke|p2|Tyranitar, L50, F|\n|poke|p2|Armarouge, L50, M|\n|poke|p2|Electrode-Hisui, L50|\n|teampreview|4\n|\n|t:|1700934270\n|start\n|switch|p1a: Hawlucha|Hawlucha, L50, M|100\/100\n|switch|p1b: Iron Bundle|Iron Bundle, L50|100\/100\n|switch|p2a: Electrode|Electrode-Hisui, L50|100\/100\n|switch|p2b: Baxcalibur|Baxcalibur, L50, M|100\/100\n|turn|1\n|\n|t:|1700934302\n|-terastallize|p1b: Iron Bundle|Ghost\n|move|p2a: Electrode|Thunderbolt|p1a: Hawlucha\n|-supereffective|p1a: Hawlucha\n|-damage|p1a: Hawlucha|6\/100\n|-enditem|p1a: Hawlucha|Red Card|[of] p2a: Electrode\n|drag|p2a: Empoleon|Empoleon, L50, M|100\/100\n|move|p1a: Hawlucha|Swords Dance|p1a: Hawlucha\n|-boost|p1a: Hawlucha|atk|2\n|move|p1b: Iron Bundle|Icy Wind|p2b: Baxcalibur|[spread] p2a\n|-miss|p1b: Iron Bundle|p2b: Baxcalibur\n|-resisted|p2a: Empoleon\n|-damage|p2a: Empoleon|95\/100\n|-unboost|p2a: Empoleon|spe|1\n|-ability|p2a: Empoleon|Competitive|boost\n|-boost|p2a: Empoleon|spa|2\n|move|p2b: Baxcalibur|Icicle Spear|p1a: Hawlucha\n|-supereffective|p1a: Hawlucha\n|-damage|p1a: Hawlucha|0 fnt\n|faint|p1a: Hawlucha\n|-hitcount|p1: Hawlucha|1\n|\n|upkeep\n|\n|t:|1700934324\n|switch|p1a: Goodra|Goodra-Hisui, L50, F|100\/100\n|turn|2\n|inactive|Battle timer is ON: inactive players will automatically lose when time's up. (requested by squigsquag)\n|\n|t:|1700934371\n|-end|p1b: Iron Bundle|Quark Drive|[silent]\n|switch|p1b: Sinistcha|Sinistcha-Masterpiece, L50|100\/100\n|move|p2b: Baxcalibur|Scale Shot|p1a: Goodra\n|-damage|p1a: Goodra|89\/100\n|-damage|p1a: Goodra|76\/100\n|-damage|p1a: Goodra|63\/100\n|-damage|p1a: Goodra|50\/100\n|-hitcount|p1a: Goodra|4\n|-unboost|p2b: Baxcalibur|def|1\n|-boost|p2b: Baxcalibur|spe|1\n|move|p1a: Goodra|Acid Armor|p1a: Goodra\n|-boost|p1a: Goodra|def|2\n|move|p2a: Empoleon|Flash Cannon|p1b: Sinistcha\n|-damage|p1b: Sinistcha|21\/100\n|\n|-heal|p1a: Goodra|56\/100|[from] item: Leftovers\n|upkeep\n|turn|3\n|inactive|squigsquag has 30 seconds left.\n|\n|t:|1700934397\n|move|p2b: Baxcalibur|Ice Shard|p1b: Sinistcha\n|-supereffective|p1b: Sinistcha\n|-damage|p1b: Sinistcha|0 fnt\n|faint|p1b: Sinistcha\n|move|p1a: Goodra|Body Press|p2a: Empoleon\n|-supereffective|p2a: Empoleon\n|-damage|p2a: Empoleon|36\/100\n|move|p2a: Empoleon|Ice Beam|p1a: Goodra\n|-damage|p1a: Goodra|32\/100\n|\n|-heal|p1a: Goodra|37\/100|[from] item: Leftovers\n|upkeep\n|\n|t:|1700934402\n|switch|p1b: Iron Bundle|Iron Bundle, L50, tera:Ghost|100\/100\n|turn|4\n|\n|t:|1700934414\n|move|p1b: Iron Bundle|Freeze-Dry|p2a: Empoleon\n|-damage|p2a: Empoleon|0 fnt\n|faint|p2a: Empoleon\n|move|p2b: Baxcalibur|Scale Shot|p1b: Iron Bundle|[miss]\n|-miss|p2b: Baxcalibur|p1b: Iron Bundle\n|move|p1a: Goodra|Life Dew||[still]|[spread] p1a,p1b\n|-heal|p1a: Goodra|63\/100\n|-fail|p1b: Iron Bundle|heal\n|\n|-heal|p1a: Goodra|68\/100|[from] item: Leftovers\n|upkeep\n|\n|t:|1700934428\n|switch|p2a: Great Tusk|Great Tusk, L50|100\/100\n|-enditem|p2a: Great Tusk|Booster Energy\n|-activate|p2a: Great Tusk|ability: Protosynthesis|[fromitem]\n|-start|p2a: Great Tusk|protosynthesisatk\n|turn|5\n|\n|t:|1700934447\n|move|p1b: Iron Bundle|Freeze-Dry|p2a: Great Tusk\n|-supereffective|p2a: Great Tusk\n|-damage|p2a: Great Tusk|0 fnt\n|faint|p2a: Great Tusk\n|-end|p2a: Great Tusk|Protosynthesis|[silent]\n|move|p2b: Baxcalibur|Icicle Spear|p1b: Iron Bundle\n|-damage|p1b: Iron Bundle|88\/100\n|-damage|p1b: Iron Bundle|76\/100\n|-damage|p1b: Iron Bundle|64\/100\n|-damage|p1b: Iron Bundle|51\/100\n|-damage|p1b: Iron Bundle|37\/100\n|-hitcount|p1b: Iron Bundle|5\n|move|p1a: Goodra|Body Press|p2b: Baxcalibur\n|-supereffective|p2b: Baxcalibur\n|-damage|p2b: Baxcalibur|28\/100\n|\n|-heal|p1a: Goodra|74\/100|[from] item: Leftovers\n|upkeep\n|\n|t:|1700934450\n|switch|p2a: Electrode|Electrode-Hisui, L50|100\/100\n|turn|6\n|\n|t:|1700934472\n|move|p2a: Electrode|Thunderbolt|p1b: Iron Bundle\n|-damage|p1b: Iron Bundle|0 fnt\n|faint|p1b: Iron Bundle\n|-end|p1b: Iron Bundle|Quark Drive|[silent]\n|move|p2b: Baxcalibur|Scale Shot|p1a: Goodra\n|-damage|p1a: Goodra|67\/100\n|-damage|p1a: Goodra|60\/100\n|-damage|p1a: Goodra|53\/100\n|-damage|p1a: Goodra|46\/100\n|-hitcount|p1a: Goodra|4\n|-unboost|p2b: Baxcalibur|def|1\n|-boost|p2b: Baxcalibur|spe|1\n|move|p1a: Goodra|Body Press|p2b: Baxcalibur\n|-supereffective|p2b: Baxcalibur\n|-damage|p2b: Baxcalibur|0 fnt\n|faint|p2b: Baxcalibur\n|\n|-heal|p1a: Goodra|52\/100|[from] item: Leftovers\n|upkeep\n|turn|7\n|\n|t:|1700934494\n|move|p2a: Electrode|Taunt|p1a: Goodra\n|-start|p1a: Goodra|move: Taunt\n|cant|p1a: Goodra|move: Taunt|Life Dew\n|\n|-heal|p1a: Goodra|58\/100|[from] item: Leftovers\n|upkeep\n|turn|8\n|\n|t:|1700934500\n|move|p2a: Electrode|Thunderbolt|p1a: Goodra\n|-resisted|p1a: Goodra\n|-damage|p1a: Goodra|50\/100\n|-status|p1a: Goodra|par\n|move|p1a: Goodra|Body Press|p2a: Electrode\n|-damage|p2a: Electrode|51\/100\n|\n|-heal|p1a: Goodra|56\/100 par|[from] item: Leftovers\n|upkeep\n|turn|9\n|\n|t:|1700934510\n|move|p2a: Electrode|Energy Ball|p1a: Goodra\n|-ability|p1a: Goodra|Sap Sipper|boost\n|-boost|p1a: Goodra|atk|1\n|move|p1a: Goodra|Body Press|p2a: Electrode\n|-damage|p2a: Electrode|1\/100\n|\n|-heal|p1a: Goodra|62\/100 par|[from] item: Leftovers\n|-end|p1a: Goodra|move: Taunt\n|upkeep\n|turn|10\n|\n|t:|1700934523\n|move|p2a: Electrode|Thunderbolt|p1a: Goodra\n|-resisted|p1a: Goodra\n|-damage|p1a: Goodra|56\/100 par\n|move|p1a: Goodra|Body Press|p2a: Electrode\n|-damage|p2a: Electrode|0 fnt\n|faint|p2a: Electrode\n|\n|win|squigsquag\n|raw|squigsquag's rating: 1119 &rarr; <strong>1136<\/strong><br \/>(+17 for winning)\n|raw|hxhxhdbsbsb's rating: 1000 &rarr; <strong>1000<\/strong><br \/>(+0 for losing)\n|l|\u2606hxhxhdbsbsb\n","uploadtime":1700934527,"views":1,"p1id":"squigsquag","p2id":"hxhxhdbsbsb","formatid":"gen9vgc2023regulatione","rating":1000,"private":0,"password":""}