{"id":"gen9vgc2023regulatione-1988709377","p1":"tealmaskfunny","p2":"fiv3ohh","format":"[Gen 9] VGC 2023 Regulation E","log":"|j|\u203dtealmaskfunny\n|j|\u2606fiv3ohh\n|t:|1699753358\n|gametype|doubles\n|player|p1|tealmaskfunny|101|1416\n|player|p2|fiv3ohh|dragontamer|1459\n|teamsize|p1|6\n|teamsize|p2|6\n|gen|9\n|tier|[Gen 9] VGC 2023 Regulation E\n|rated|\n|rule|Species Clause: Limit one of each Pok\u00e9mon\n|rule|Item Clause: Limit one of each item\n|clearpoke\n|poke|p1|Thundurus-Therian, L50, M|\n|poke|p1|Tornadus, L50, M|\n|poke|p1|Gholdengo, L50|\n|poke|p1|Amoonguss, L50, M|\n|poke|p1|Urshifu-*, L50, F|\n|poke|p1|Chien-Pao, L50|\n|poke|p2|Dondozo, L50, M|\n|poke|p2|Tatsugiri, L50, M|\n|poke|p2|Rillaboom, L50, F|\n|poke|p2|Drifblim, L50, M|\n|poke|p2|Armarouge, L50, M|\n|poke|p2|Indeedee-F, L50, F|\n|teampreview|4\ntealmaskfunny has agreed to open team sheets.\n|\n|t:|1699753407\n|start\n|switch|p1a: Thundurus|Thundurus-Therian, L50, M|100\/100\n|switch|p1b: Chien-Pao|Chien-Pao, L50|100\/100\n|switch|p2a: Rillaboom|Rillaboom, L50, F|100\/100\n|switch|p2b: Drifblim|Drifblim, L50, M|100\/100\n|-ability|p1b: Chien-Pao|Sword of Ruin\n|-fieldstart|move: Grassy Terrain|[from] ability: Grassy Surge|[of] p2a: Rillaboom\n|-enditem|p2b: Drifblim|Grassy Seed\n|-boost|p2b: Drifblim|def|1|[from] item: Grassy Seed\n|turn|1\n|inactive|Battle timer is ON: inactive players will automatically lose when time's up. (requested by fiv3ohh)\n|\n|t:|1699753423\n|-terastallize|p2b: Drifblim|Poison\n|move|p2a: Rillaboom|Fake Out|p1b: Chien-Pao\n|-damage|p1b: Chien-Pao|81\/100\n|move|p2b: Drifblim|Minimize|p2b: Drifblim\n|-boost|p2b: Drifblim|evasion|2\n|cant|p1b: Chien-Pao|flinch\n|move|p1a: Thundurus|Volt Switch|p2b: Drifblim\n|-damage|p2b: Drifblim|32\/100\n|\n|t:|1699753433\n|switch|p1a: Amoonguss|Amoonguss, L50, M|100\/100|[from] Volt Switch\n|\n|-heal|p2b: Drifblim|39\/100|[from] Grassy Terrain\n|-heal|p1b: Chien-Pao|87\/100|[from] Grassy Terrain\n|upkeep\n|turn|2\n|\n|t:|1699753444\n|move|p2b: Drifblim|Baton Pass|p2b: Drifblim\n|\n|t:|1699753446\n|switch|p2b: Dondozo|Dondozo, L50, M|100\/100|[from] Baton Pass\n|move|p1b: Chien-Pao|Ice Spinner|p2a: Rillaboom\n|-supereffective|p2a: Rillaboom\n|-damage|p2a: Rillaboom|1\/100\n|-fieldend|move: Grassy Terrain\n|move|p2a: Rillaboom|Wood Hammer|p1b: Chien-Pao\n|-damage|p1b: Chien-Pao|2\/100\n|-damage|p2a: Rillaboom|0 fnt|[from] Recoil\n|faint|p2a: Rillaboom\n|move|p1a: Amoonguss|Spore|p2b: Dondozo\n|-status|p2b: Dondozo|slp|[from] move: Spore\n|\n|upkeep\n|\n|t:|1699753457\n|switch|p2a: Drifblim|Drifblim, L50, M, tera:Poison|39\/100\n|turn|3\n|inactive|tealmaskfunny has 30 seconds left.\n|inactive|tealmaskfunny has 20 seconds left.\n|inactive|tealmaskfunny has 15 seconds left.\n|\n|t:|1699753501\n|cant|p2b: Dondozo|slp\n|move|p1b: Chien-Pao|Ice Spinner|p2a: Drifblim\n|-damage|p2a: Drifblim|0 fnt\n|faint|p2a: Drifblim\n|move|p1a: Amoonguss|Pollen Puff|p1b: Chien-Pao\n|-heal|p1b: Chien-Pao|51\/100\n|\n|upkeep\n|\n|t:|1699753504\n|switch|p2a: Tatsugiri|Tatsugiri, L50, M|100\/100\n|-activate|p2a: Tatsugiri|ability: Commander|[of] p2b: Dondozo\n|-boost|p2b: Dondozo|atk|2\n|-boost|p2b: Dondozo|spa|2\n|-boost|p2b: Dondozo|spe|2\n|-boost|p2b: Dondozo|def|2\n|-boost|p2b: Dondozo|spd|2\n|turn|4\n|\n|t:|1699753521\n|switch|p1b: Thundurus|Thundurus-Therian, L50, M|100\/100\n|cant|p2b: Dondozo|slp\n|move|p1a: Amoonguss|Spore|p2b: Dondozo\n|-fail|p2b: Dondozo|slp\n|\n|upkeep\n|turn|5\n|\n|t:|1699753529\n|move|p1a: Amoonguss|Rage Powder|p1a: Amoonguss\n|-singleturn|p1a: Amoonguss|move: Rage Powder\n|move|p1b: Thundurus|Wildbolt Storm|p2b: Dondozo|[spread] p2b\n|-miss|p1b: Thundurus|p2a: Tatsugiri\n|-supereffective|p2b: Dondozo\n|-damage|p2b: Dondozo|31\/100 slp\n|cant|p2b: Dondozo|slp\n|\n|-heal|p2b: Dondozo|37\/100 slp|[from] item: Leftovers\n|upkeep\n|turn|6\n|\n|t:|1699753541\n|move|p1a: Amoonguss|Rage Powder|p1a: Amoonguss\n|-singleturn|p1a: Amoonguss|move: Rage Powder\n|move|p1b: Thundurus|Wildbolt Storm|p2a: Tatsugiri|[spread] p2b\n|-miss|p1b: Thundurus|p2a: Tatsugiri\n|-supereffective|p2b: Dondozo\n|-damage|p2b: Dondozo|0 fnt\n|faint|p2b: Dondozo\n|\n|upkeep\n|turn|7\n|-message|fiv3ohh forfeited.\n|\n|win|tealmaskfunny\n|raw|tealmaskfunny's rating: 1416 &rarr; <strong>1438<\/strong><br \/>(+22 for winning)\n|raw|fiv3ohh's rating: 1459 &rarr; <strong>1437<\/strong><br \/>(-22 for losing)\n|l|\u2606fiv3ohh\n","uploadtime":1699753551,"views":29,"p1id":"tealmaskfunny","p2id":"fiv3ohh","formatid":"gen9vgc2023regulatione","rating":1437,"private":0,"password":""}