{"id":"gen9vgc2023regulatione-1999782685","p1":"chef4444","p2":"rojasgabriel","format":"[Gen 9] VGC 2023 Regulation E","log":"|j|\u2606chef4444\n|j|\u2606rojasgabriel\n|t:|1701116243\n|gametype|doubles\n|player|p1|chef4444|psychic-gen4|1102\n|player|p2|rojasgabriel|102|1050\n|teamsize|p1|6\n|teamsize|p2|6\n|gen|9\n|tier|[Gen 9] VGC 2023 Regulation E\n|rated|\n|rule|Species Clause: Limit one of each Pok\u00e9mon\n|rule|Item Clause: Limit one of each item\n|clearpoke\n|poke|p1|Meowscarada, L50, F|\n|poke|p1|Tornadus, L50, M|\n|poke|p1|Chien-Pao, L50|\n|poke|p1|Landorus-Therian, L50, M|\n|poke|p1|Goodra-Hisui, L50, M|\n|poke|p1|Cinderace, L50, F|\n|poke|p2|Ninetales-Alola, L50, M|\n|poke|p2|Cetitan, L50, F|\n|poke|p2|Baxcalibur, L50, F|\n|poke|p2|Landorus-Therian, L50, M|\n|poke|p2|Heatran, L50, F|\n|poke|p2|Rillaboom, L50, M|\n|teampreview|4\n|inactive|Battle timer is ON: inactive players will automatically lose when time's up. (requested by rojasgabriel)\n|\n|t:|1701116262\n|start\n|switch|p1a: Cinderace|Cinderace, L50, F|100\/100\n|switch|p1b: Tornadus|Tornadus, L50, M|100\/100\n|switch|p2a: Ninetales|Ninetales-Alola, L50, M|100\/100\n|switch|p2b: Landorus|Landorus-Therian, L50, M|100\/100\n|-ability|p2b: Landorus|Intimidate|boost\n|-unboost|p1a: Cinderace|atk|1\n|-unboost|p1b: Tornadus|atk|1\n|-weather|Snow|[from] ability: Snow Warning|[of] p2a: Ninetales\n|turn|1\n|\n|t:|1701116274\n|move|p1b: Tornadus|Tailwind|p1b: Tornadus\n|-sidestart|p1: chef4444|move: Tailwind\n|move|p1a: Cinderace|Pyro Ball|p2a: Ninetales\n|-supereffective|p2a: Ninetales\n|-damage|p2a: Ninetales|20\/100\n|-enditem|p2a: Ninetales|Sitrus Berry|[eat]\n|-heal|p2a: Ninetales|45\/100|[from] item: Sitrus Berry\n|-damage|p1a: Cinderace|91\/100|[from] item: Life Orb\n|move|p2b: Landorus|Rock Slide|p1a: Cinderace|[spread] p1a\n|-miss|p2b: Landorus|p1b: Tornadus\n|-supereffective|p1a: Cinderace\n|-damage|p1a: Cinderace|31\/100\n|move|p2a: Ninetales|Aurora Veil|p2a: Ninetales\n|-sidestart|p2: rojasgabriel|move: Aurora Veil\n|\n|-weather|Snow|[upkeep]\n|upkeep\n|turn|2\n|\n|t:|1701116292\n|move|p2a: Ninetales|Protect|p2a: Ninetales\n|-singleturn|p2a: Ninetales|Protect\n|move|p1a: Cinderace|Pyro Ball|p2a: Ninetales\n|-activate|p2a: Ninetales|move: Protect\n|move|p1b: Tornadus|Bleakwind Storm|p2a: Ninetales|[spread] p2b\n|-activate|p2a: Ninetales|move: Protect\n|-damage|p2b: Landorus|66\/100\n|move|p2b: Landorus|Rock Slide|p1b: Tornadus|[spread] p1a,p1b\n|-supereffective|p1a: Cinderace\n|-supereffective|p1b: Tornadus\n|-damage|p1a: Cinderace|0 fnt\n|-damage|p1b: Tornadus|55\/100\n|faint|p1a: Cinderace\n|\n|-weather|Snow|[upkeep]\n|upkeep\n|\n|t:|1701116307\n|switch|p1a: Goodra|Goodra-Hisui, L50, M|100\/100\n|turn|3\n|\n|t:|1701116329\n|switch|p2a: Rillaboom|Rillaboom, L50, M|100\/100\n|-fieldstart|move: Grassy Terrain|[from] ability: Grassy Surge|[of] p2a: Rillaboom\n|move|p1b: Tornadus|Bleakwind Storm|p2a: Rillaboom|[spread] p2a,p2b\n|-supereffective|p2a: Rillaboom\n|-damage|p2a: Rillaboom|58\/100\n|-damage|p2b: Landorus|30\/100\n|move|p2b: Landorus|Rock Slide|p1a: Goodra|[spread] p1a\n|-miss|p2b: Landorus|p1b: Tornadus\n|-resisted|p1a: Goodra\n|-damage|p1a: Goodra|94\/100\n|move|p1a: Goodra|Heavy Slam|p2a: Rillaboom\n|-damage|p2a: Rillaboom|40\/100\n|\n|-weather|Snow|[upkeep]\n|-heal|p1a: Goodra|99\/100|[from] Grassy Terrain\n|-heal|p1a: Goodra|100\/100|[from] item: Leftovers\n|-heal|p2a: Rillaboom|46\/100|[from] Grassy Terrain\n|upkeep\n|turn|4\n|\n|t:|1701116348\n|move|p2a: Rillaboom|Fake Out|p1b: Tornadus\n|-damage|p1b: Tornadus|43\/100\n|-enditem|p1b: Tornadus|Sitrus Berry|[eat]\n|-heal|p1b: Tornadus|68\/100|[from] item: Sitrus Berry\n|cant|p1b: Tornadus|flinch\n|move|p2b: Landorus|Rock Slide|p1b: Tornadus|[spread] p1a,p1b\n|-resisted|p1a: Goodra\n|-supereffective|p1b: Tornadus\n|-damage|p1a: Goodra|93\/100\n|-damage|p1b: Tornadus|23\/100\n|move|p1a: Goodra|Shelter|p1a: Goodra\n|-boost|p1a: Goodra|def|2\n|\n|-weather|Snow|[upkeep]\n|-heal|p1a: Goodra|99\/100|[from] Grassy Terrain\n|-heal|p1a: Goodra|100\/100|[from] item: Leftovers\n|-heal|p2a: Rillaboom|52\/100|[from] Grassy Terrain\n|-sideend|p1: chef4444|move: Tailwind\n|upkeep\n|turn|5\n|\n|t:|1701116369\n|switch|p2a: Baxcalibur|Baxcalibur, L50, F|100\/100\n|move|p1b: Tornadus|Tailwind|p1b: Tornadus\n|-sidestart|p1: chef4444|move: Tailwind\n|move|p2b: Landorus|Rock Slide|p1b: Tornadus|[spread] p1a,p1b\n|-resisted|p1a: Goodra\n|-supereffective|p1b: Tornadus\n|-damage|p1a: Goodra|97\/100\n|-damage|p1b: Tornadus|0 fnt\n|faint|p1b: Tornadus\n|cant|p1a: Goodra|flinch\n|\n|-weather|none\n|-heal|p1a: Goodra|100\/100|[from] Grassy Terrain\n|-sideend|p2: rojasgabriel|move: Aurora Veil\n|upkeep\n|\n|t:|1701116372\n|switch|p1b: Chien-Pao|Chien-Pao, L50|100\/100\n|-ability|p1b: Chien-Pao|Sword of Ruin\n|turn|6\n|\n|t:|1701116395\n|switch|p2b: Ninetales|Ninetales-Alola, L50, M|45\/100\n|-weather|Snow|[from] ability: Snow Warning|[of] p2b: Ninetales\n|move|p2a: Baxcalibur|Protect|p2a: Baxcalibur\n|-singleturn|p2a: Baxcalibur|Protect\n|move|p1b: Chien-Pao|Icicle Crash|p2b: Ninetales\n|-resisted|p2b: Ninetales\n|-damage|p2b: Ninetales|22\/100\n|move|p1a: Goodra|Body Press|p2a: Baxcalibur\n|-activate|p2a: Baxcalibur|move: Protect\n|\n|-weather|Snow|[upkeep]\n|-heal|p2b: Ninetales|28\/100|[from] Grassy Terrain\n|upkeep\n|turn|7\n|\n|t:|1701116417\n|move|p2b: Ninetales|Protect|p2b: Ninetales\n|-singleturn|p2b: Ninetales|Protect\n|move|p1b: Chien-Pao|Sacred Sword|p2b: Ninetales\n|-activate|p2b: Ninetales|move: Protect\n|move|p1a: Goodra|Body Press|p2a: Baxcalibur\n|-supereffective|p2a: Baxcalibur\n|-damage|p2a: Baxcalibur|20\/100\n|move|p2a: Baxcalibur|Swords Dance|p2a: Baxcalibur\n|-boost|p2a: Baxcalibur|atk|2\n|\n|-weather|Snow|[upkeep]\n|-heal|p2a: Baxcalibur|26\/100|[from] ability: Ice Body\n|-heal|p2b: Ninetales|34\/100|[from] Grassy Terrain\n|-heal|p2a: Baxcalibur|32\/100|[from] Grassy Terrain\n|-fieldend|move: Grassy Terrain\n|upkeep\n|turn|8\n|inactive|rojasgabriel has 30 seconds left.\n|\n|t:|1701116450\n|move|p2a: Baxcalibur|Protect|p2a: Baxcalibur\n|-singleturn|p2a: Baxcalibur|Protect\n|move|p1b: Chien-Pao|Sucker Punch||[still]\n|-fail|p1b: Chien-Pao\n|move|p1a: Goodra|Heavy Slam|p2b: Ninetales\n|-supereffective|p2b: Ninetales\n|-damage|p2b: Ninetales|0 fnt\n|faint|p2b: Ninetales\n|\n|-weather|Snow|[upkeep]\n|-heal|p2a: Baxcalibur|38\/100|[from] ability: Ice Body\n|-sideend|p1: chef4444|move: Tailwind\n|upkeep\n|\n|t:|1701116458\n|switch|p2b: Rillaboom|Rillaboom, L50, M|52\/100\n|-fieldstart|move: Grassy Terrain|[from] ability: Grassy Surge|[of] p2b: Rillaboom\n|turn|9\n|inactive|rojasgabriel has 30 seconds left.\n|inactive|rojasgabriel has 20 seconds left.\n|inactive|rojasgabriel has 15 seconds left.\n|inactive|rojasgabriel has 10 seconds left.\n|\n|t:|1701116507\n|move|p2b: Rillaboom|Fake Out|p1a: Goodra\n|-resisted|p1a: Goodra\n|-damage|p1a: Goodra|98\/100\n|-ability|p1a: Goodra|Gooey\n|-unboost|p2b: Rillaboom|spe|1\n|move|p1b: Chien-Pao|Icicle Crash|p2b: Rillaboom\n|-supereffective|p2b: Rillaboom\n|-damage|p2b: Rillaboom|0 fnt\n|faint|p2b: Rillaboom\n|move|p2a: Baxcalibur|Scale Shot|p1b: Chien-Pao\n|-damage|p1b: Chien-Pao|73\/100\n|-damage|p1b: Chien-Pao|47\/100\n|-damage|p1b: Chien-Pao|18\/100\n|-crit|p1b: Chien-Pao\n|-damage|p1b: Chien-Pao|0 fnt\n|faint|p1b: Chien-Pao\n|-hitcount|p1: Chien-Pao|4\n|-unboost|p2a: Baxcalibur|def|1\n|-boost|p2a: Baxcalibur|spe|1\n|cant|p1a: Goodra|flinch\n|\n|-weather|Snow|[upkeep]\n|-heal|p2a: Baxcalibur|45\/100|[from] ability: Ice Body\n|-heal|p2a: Baxcalibur|51\/100|[from] Grassy Terrain\n|-heal|p1a: Goodra|100\/100|[from] Grassy Terrain\n|upkeep\n|\n|t:|1701116523\n|switch|p2b: Landorus|Landorus-Therian, L50, M|30\/100\n|-ability|p2b: Landorus|Intimidate|boost\n|-unboost|p1a: Goodra|atk|1\n|turn|10\n|\n|t:|1701116533\n|move|p2a: Baxcalibur|Protect|p2a: Baxcalibur\n|-singleturn|p2a: Baxcalibur|Protect\n|move|p2b: Landorus|Stomping Tantrum|p1a: Goodra\n|-supereffective|p1a: Goodra\n|-damage|p1a: Goodra|67\/100\n|-ability|p1a: Goodra|Gooey\n|-unboost|p2b: Landorus|spe|1\n|move|p1a: Goodra|Body Press|p2a: Baxcalibur\n|-activate|p2a: Baxcalibur|move: Protect\n|\n|-weather|none\n|-heal|p2a: Baxcalibur|57\/100|[from] Grassy Terrain\n|-heal|p1a: Goodra|73\/100|[from] Grassy Terrain\n|-heal|p1a: Goodra|79\/100|[from] item: Leftovers\n|upkeep\n|turn|11\n|inactive|rojasgabriel has 30 seconds left.\n|inactive|rojasgabriel has 20 seconds left.\n|\n|t:|1701116570\n|-terastallize|p1a: Goodra|Fighting\n|move|p2a: Baxcalibur|Scale Shot|p1a: Goodra\n|-damage|p1a: Goodra|69\/100\n|-damage|p1a: Goodra|59\/100\n|-damage|p1a: Goodra|48\/100\n|-damage|p1a: Goodra|36\/100\n|-damage|p1a: Goodra|25\/100\n|-hitcount|p1a: Goodra|5\n|-unboost|p2a: Baxcalibur|def|1\n|-boost|p2a: Baxcalibur|spe|1\n|move|p2b: Landorus|Stomping Tantrum|p1a: Goodra\n|-damage|p1a: Goodra|10\/100\n|-ability|p1a: Goodra|Gooey\n|-unboost|p2b: Landorus|spe|1\n|move|p1a: Goodra|Body Press|p2a: Baxcalibur\n|-supereffective|p2a: Baxcalibur\n|-damage|p2a: Baxcalibur|0 fnt\n|faint|p2a: Baxcalibur\n|\n|-heal|p1a: Goodra|16\/100|[from] Grassy Terrain\n|-heal|p1a: Goodra|22\/100|[from] item: Leftovers\n|upkeep\n|turn|12\n|\n|t:|1701116593\n|-terastallize|p2b: Landorus|Flying\n|move|p1a: Goodra|Protect|p1a: Goodra\n|-singleturn|p1a: Goodra|Protect\n|move|p2b: Landorus|Stomping Tantrum|p1a: Goodra\n|-activate|p1a: Goodra|move: Protect\n|\n|-heal|p1a: Goodra|28\/100|[from] Grassy Terrain\n|-heal|p1a: Goodra|34\/100|[from] item: Leftovers\n|upkeep\n|turn|13\n|\n|t:|1701116602\n|move|p2b: Landorus|Stomping Tantrum|p1a: Goodra\n|-damage|p1a: Goodra|18\/100\n|-ability|p1a: Goodra|Gooey\n|-unboost|p2b: Landorus|spe|1\n|move|p1a: Goodra|Heavy Slam|p2b: Landorus\n|-damage|p2b: Landorus|3\/100\n|\n|-heal|p1a: Goodra|23\/100|[from] Grassy Terrain\n|-heal|p1a: Goodra|29\/100|[from] item: Leftovers\n|-fieldend|move: Grassy Terrain\n|upkeep\n|turn|14\n|c|\u2606rojasgabriel|gg\n|\n|t:|1701116612\n|move|p2b: Landorus|Stomping Tantrum|p1a: Goodra\n|-damage|p1a: Goodra|15\/100\n|-ability|p1a: Goodra|Gooey\n|-unboost|p2b: Landorus|spe|1\n|move|p1a: Goodra|Heavy Slam|p2b: Landorus\n|-damage|p2b: Landorus|0 fnt\n|faint|p2b: Landorus\n|\n|win|chef4444\n|raw|chef4444's rating: 1102 &rarr; <strong>1123<\/strong><br \/>(+21 for winning)\n|raw|rojasgabriel's rating: 1050 &rarr; <strong>1035<\/strong><br \/>(-15 for losing)\n|l|\u2606chef4444\n","uploadtime":1701116623,"views":9,"p1id":"chef4444","p2id":"rojasgabriel","formatid":"gen9vgc2023regulatione","rating":1035,"private":0,"password":""}