{"id":"gen9vgc2023regulatione-1993107120","p1":"christianfinity","p2":"JJumbao","format":"[Gen 9] VGC 2023 Regulation E","log":"|j|\u2606christianfinity\n|j|\u2606JJumbao\n|t:|1700265573\n|gametype|doubles\n|player|p1|christianfinity|youngathlete|\n|player|p2|JJumbao|worker|\n|teamsize|p1|6\n|teamsize|p2|6\n|gen|9\n|tier|[Gen 9] VGC 2023 Regulation E\n|rated|Tournament battle\n|rule|Species Clause: Limit one of each Pok\u00e9mon\n|rule|Item Clause: Limit one of each item\n|clearpoke\n|poke|p1|Ninetales-Alola, L50, M|\n|poke|p1|Ogerpon-Wellspring, L50, F|\n|poke|p1|Baxcalibur, L50, M|\n|poke|p1|Arcanine-Hisui, L50, M|\n|poke|p1|Gholdengo, L50|\n|poke|p1|Amoonguss, L50, F|\n|poke|p2|Pelipper, L50, M|\n|poke|p2|Amoonguss, L50, F|\n|poke|p2|Salamence, L50, F|\n|poke|p2|Gholdengo, L50|\n|poke|p2|Iron Bundle, L50|\n|poke|p2|Iron Hands, L50|\n|teampreview|4\n|showteam|p1|Ninetales-Alola||LightClay|SnowWarning|AuroraVeil,IcyWind,Moonblast,Encore|||M|||50|,,,,,Ghost]Ogerpon-Wellspring||WellspringMask|WaterAbsorb|SwordsDance,IvyCudgel,HornLeech,SpikyShield|||F|||50|,,,,,Water]Baxcalibur||ClearAmulet|IceBody|DragonDance,IcicleCrash,HighHorsepower,Protect|||M|||50|,,,,,Poison]Arcanine-Hisui||ChoiceBand|Intimidate|FlareBlitz,RockSlide,ExtremeSpeed,TeraBlast|||M|||50|,,,,,Fairy]Gholdengo||Leftovers|GoodasGold|NastyPlot,MakeItRain,ShadowBall,Protect||||||50|,,,,,Fairy]Amoonguss||SitrusBerry|Regenerator|Spore,RagePowder,PollenPuff,Protect|||F|||50|,,,,,Fire\n|showteam|p2|Pelipper||FocusSash|Drizzle|WeatherBall,WideGuard,Hurricane,Protect|||M|||50|,,,,,Flying]Amoonguss||SitrusBerry|Regenerator|PollenPuff,RagePowder,Spore,Protect|||F|||50|,,,,,Water]Salamence||ChoiceScarf|Intimidate|Tailwind,Hurricane,AirSlash,DracoMeteor|||F|||50|,,,,,Flying]Gholdengo||Leftovers|GoodasGold|MakeItRain,ShadowBall,NastyPlot,Protect||||||50|,,,,,Dragon]Iron Bundle||BoosterEnergy|QuarkDrive|IcyWind,FreezeDry,HydroPump,Protect||||||50|,,,,,Ghost]Iron Hands||AssaultVest|QuarkDrive|FakeOut,DrainPunch,WildCharge,HeavySlam||||||50|,,,,,Water\n|inactive|Battle timer is ON: inactive players will automatically lose when time's up. (requested by JJumbao)\n|j| EmceeMikey\n|inactive|JJumbao has 60 seconds left.\n|j|%Radio Free C-Side\n|inactive|christianfinity has 60 seconds left.\n|j| ale cog\n|j| Monkeedoo\n|\n|t:|1700265617\n|start\n|switch|p1a: Serendipity|Ninetales-Alola, L50, M, shiny|100\/100\n|switch|p1b: Baxter|Baxcalibur, L50, M|100\/100\n|switch|p2a: Iron Bundle|Iron Bundle, L50, shiny|100\/100\n|switch|p2b: Gholdengo|Gholdengo, L50|100\/100\n|-weather|Snow|[from] ability: Snow Warning|[of] p1a: Serendipity\n|-enditem|p2a: Iron Bundle|Booster Energy\n|-activate|p2a: Iron Bundle|ability: Quark Drive|[fromitem]\n|-start|p2a: Iron Bundle|quarkdrivespe\n|turn|1\n|l| Monkeedoo\n|\n|t:|1700265639\n|switch|p1a: Vacuole|Ogerpon-Wellspring, L50, F|100\/100\n|switch|p2b: Pelipper|Pelipper, L50, M|100\/100\n|-weather|RainDance|[from] ability: Drizzle|[of] p2b: Pelipper\n|-terastallize|p1b: Baxter|Poison\n|move|p2a: Iron Bundle|Icy Wind|p1a: Vacuole|[spread] p1a,p1b\n|-damage|p1a: Vacuole|81\/100\n|-damage|p1b: Baxter|83\/100\n|-unboost|p1a: Vacuole|spe|1\n|move|p1b: Baxter|Dragon Dance|p1b: Baxter\n|-boost|p1b: Baxter|atk|1\n|-boost|p1b: Baxter|spe|1\n|\n|-weather|RainDance|[upkeep]\n|upkeep\n|turn|2\n|\n|t:|1700265658\n|switch|p1a: Serendipity|Ninetales-Alola, L50, M, shiny|100\/100\n|-weather|Snow|[from] ability: Snow Warning|[of] p1a: Serendipity\n|move|p2a: Iron Bundle|Hydro Pump|p1b: Baxter\n|-damage|p1b: Baxter|33\/100\n|move|p1b: Baxter|High Horsepower|p2a: Iron Bundle\n|-damage|p2a: Iron Bundle|68\/100\n|move|p2b: Pelipper|Hurricane|p1b: Baxter|[miss]\n|-miss|p2b: Pelipper|p1b: Baxter\n|\n|-weather|Snow|[upkeep]\n|-heal|p1b: Baxter|39\/100|[from] ability: Ice Body\n|upkeep\n|turn|3\n|inactive|JJumbao has 30 seconds left.\n|\n|t:|1700265689\n|move|p1b: Baxter|Protect|p1b: Baxter\n|-singleturn|p1b: Baxter|Protect\n|move|p2a: Iron Bundle|Icy Wind|p1b: Baxter|[spread] p1a\n|-activate|p1b: Baxter|move: Protect\n|-resisted|p1a: Serendipity\n|-damage|p1a: Serendipity|89\/100\n|-unboost|p1a: Serendipity|spe|1\n|move|p2b: Pelipper|Hurricane|p1b: Baxter\n|-activate|p1b: Baxter|move: Protect\n|move|p1a: Serendipity|Aurora Veil|p1a: Serendipity\n|-sidestart|p1: christianfinity|move: Aurora Veil\n|\n|-weather|Snow|[upkeep]\n|-heal|p1b: Baxter|45\/100|[from] ability: Ice Body\n|upkeep\n|turn|4\n|\n|t:|1700265705\n|move|p2a: Iron Bundle|Hydro Pump|p1b: Baxter\n|-damage|p1b: Baxter|10\/100\n|move|p1b: Baxter|Icicle Crash|p2b: Pelipper|[miss]\n|-miss|p1b: Baxter|p2b: Pelipper\n|move|p2b: Pelipper|Hurricane|p1b: Baxter\n|-damage|p1b: Baxter|0 fnt\n|faint|p1b: Baxter\n|move|p1a: Serendipity|Icy Wind|p2a: Iron Bundle|[spread] p2b\n|-miss|p1a: Serendipity|p2a: Iron Bundle\n|-damage|p2b: Pelipper|81\/100\n|-unboost|p2b: Pelipper|spe|1\n|\n|-weather|Snow|[upkeep]\n|upkeep\n|\n|t:|1700265714\n|switch|p1b: Vacuole|Ogerpon-Wellspring, L50, F|81\/100\n|turn|5\n|c|\u2606christianfinity|aaaa\n|\n|t:|1700265725\n|switch|p2b: Gholdengo|Gholdengo, L50|100\/100\n|move|p2a: Iron Bundle|Freeze-Dry|p1b: Vacuole\n|-supereffective|p1b: Vacuole\n|-crit|p1b: Vacuole\n|-damage|p1b: Vacuole|0 fnt\n|faint|p1b: Vacuole\n|move|p1a: Serendipity|Moonblast|p2a: Iron Bundle\n|-damage|p2a: Iron Bundle|18\/100\n|\n|-weather|Snow|[upkeep]\n|upkeep\n|\n|t:|1700265728\n|switch|p1b: Child Of The Loam|Arcanine-Hisui, L50, M, shiny|100\/100\n|-ability|p1b: Child Of The Loam|Intimidate|boost\n|-unboost|p2a: Iron Bundle|atk|1\n|-unboost|p2b: Gholdengo|atk|1\n|turn|6\n|c|\u2606JJumbao|aaaaaa\n|c|\u2606christianfinity|lord save me\n|c| EmceeMikey|god gave you a 5% chance to lose this game\n|\n|t:|1700265753\n|move|p2a: Iron Bundle|Hydro Pump|p1b: Child Of The Loam\n|-supereffective|p1b: Child Of The Loam\n|-crit|p1b: Child Of The Loam\n|-damage|p1b: Child Of The Loam|0 fnt\n|faint|p1b: Child Of The Loam\n|move|p2b: Gholdengo|Make It Rain|p1a: Serendipity\n|-supereffective|p1a: Serendipity\n|-damage|p1a: Serendipity|0 fnt\n|-unboost|p2b: Gholdengo|spa|1\n|faint|p1a: Serendipity\n|\n|win|JJumbao\n|n|\u2606christianfinity|christianfinity\n|n|\u2606JJumbao|jjumbao\n|n| EmceeMikey|emceemikey\n|n| Radio Free C-Side|radiofreecside\n|n| ale cog|alecog\n|c|\u2606christianfinity|wdym\n|c|\u2606JJumbao|gg\n|c|\u2606christianfinity|gg\n|l| Radio Free C-Side\n","uploadtime":1700265754,"views":21,"p1id":"christianfinity","p2id":"jjumbao","formatid":"gen9vgc2023regulatione","rating":0,"private":0,"password":""}