{"id":"gen9vgc2023regulatione-2000107435","p1":"zdmszrj","p2":"p8A_2","format":"[Gen 9] VGC 2023 Regulation E","log":"|j|\u2606zdmszrj\n|j|\u2606p8A_2\n|t:|1701156152\n|gametype|doubles\n|player|p1|zdmszrj|bugcatcher-gen4dp|1635\n|player|p2|p8A_2|roxie|1865\n|teamsize|p1|6\n|teamsize|p2|6\n|gen|9\n|tier|[Gen 9] VGC 2023 Regulation E\n|rated|\n|rule|Species Clause: Limit one of each Pok\u00e9mon\n|rule|Item Clause: Limit one of each item\n|clearpoke\n|poke|p1|Mimikyu, L50, F|\n|poke|p1|Enamorus-Therian, L50, F|\n|poke|p1|Iron Hands, L50|\n|poke|p1|Dragonite, L50, F|\n|poke|p1|Ting-Lu, L50|\n|poke|p1|Sneasler, L50, M|\n|poke|p2|Dragonite, L50, F|\n|poke|p2|Chien-Pao, L50|\n|poke|p2|Rillaboom, L50, F|\n|poke|p2|Urshifu-*, L50, M|\n|poke|p2|Flutter Mane, L50|\n|poke|p2|Chi-Yu, L50|\n|teampreview|4\n|inactive|Battle timer is ON: inactive players will automatically lose when time's up. (requested by zdmszrj)\n|\n|t:|1701156205\n|start\n|switch|p1a: Mimikyu|Mimikyu, L50, F, shiny|100\/100\n|switch|p1b: Iron Hands|Iron Hands, L50, shiny|100\/100\n|switch|p2a: Flutter Mane|Flutter Mane, L50|100\/100\n|switch|p2b: Chi-Yu|Chi-Yu, L50|100\/100\n|-ability|p2b: Chi-Yu|Beads of Ruin\n|-enditem|p2a: Flutter Mane|Booster Energy\n|-activate|p2a: Flutter Mane|ability: Protosynthesis|[fromitem]\n|-start|p2a: Flutter Mane|protosynthesisspe\n|turn|1\n|\n|t:|1701156218\n|-terastallize|p1b: Iron Hands|Fire\n|move|p2a: Flutter Mane|Taunt|p1a: Mimikyu\n|-start|p1a: Mimikyu|move: Taunt\n|-enditem|p1a: Mimikyu|Mental Herb\n|-end|p1a: Mimikyu|move: Taunt\n|move|p2b: Chi-Yu|Heat Wave|p1b: Iron Hands|[spread] p1b\n|-miss|p2b: Chi-Yu|p1a: Mimikyu\n|-resisted|p1b: Iron Hands\n|-damage|p1b: Iron Hands|72\/100\n|move|p1b: Iron Hands|Swords Dance|p1b: Iron Hands\n|-boost|p1b: Iron Hands|atk|2\n|move|p1a: Mimikyu|Trick Room|p1a: Mimikyu\n|-fieldstart|move: Trick Room|[of] p1a: Mimikyu\n|\n|upkeep\n|turn|2\n|inactive|p8A_2 has 30 seconds left.\n|inactive|p8A_2 has 20 seconds left.\n|\n|t:|1701156255\n|move|p1b: Iron Hands|Earthquake|p2a: Flutter Mane|[spread] p1a,p2a,p2b\n|-supereffective|p2b: Chi-Yu\n|-activate|p1a: Mimikyu|ability: Disguise\n|-damage|p1a: Mimikyu|100\/100\n|-damage|p2a: Flutter Mane|16\/100\n|-damage|p2b: Chi-Yu|0 fnt\n|detailschange|p1a: Mimikyu|Mimikyu-Busted, L50, F, shiny\n|-damage|p1a: Mimikyu|88\/100|[from] pokemon: Mimikyu-Busted\n|faint|p2b: Chi-Yu\n|move|p1a: Mimikyu|Curse|p2a: Flutter Mane\n|-start|p2a: Flutter Mane|Curse|[of] p1a: Mimikyu\n|-damage|p1a: Mimikyu|38\/100\n|move|p2a: Flutter Mane|Shadow Ball|p1b: Iron Hands\n|-damage|p1b: Iron Hands|47\/100\n|\n|-damage|p2a: Flutter Mane|0 fnt|[from] Curse\n|faint|p2a: Flutter Mane\n|-end|p2a: Flutter Mane|Protosynthesis|[silent]\n|upkeep\n|\n|t:|1701156260\n|switch|p2b: Chien-Pao|Chien-Pao, L50|100\/100\n|switch|p2a: Urshifu|Urshifu-Rapid-Strike, L50, M|100\/100\n|-ability|p2b: Chien-Pao|Sword of Ruin\n|turn|3\n|\n|t:|1701156271\n|-terastallize|p2a: Urshifu|Water\n|move|p2a: Urshifu|Aqua Jet|p1b: Iron Hands\n|-supereffective|p1b: Iron Hands\n|-crit|p1b: Iron Hands\n|-damage|p1b: Iron Hands|0 fnt\n|faint|p1b: Iron Hands\n|-end|p1b: Iron Hands|Quark Drive|[silent]\n|move|p2b: Chien-Pao|Sucker Punch||[still]\n|-fail|p2b: Chien-Pao\n|move|p1a: Mimikyu|Curse|p2b: Chien-Pao\n|-start|p2b: Chien-Pao|Curse|[of] p1a: Mimikyu\n|-damage|p1a: Mimikyu|0 fnt\n|faint|p1a: Mimikyu\n|\n|-damage|p2b: Chien-Pao|76\/100|[from] Curse\n|upkeep\n|\n|t:|1701156274\n|switch|p1b: Dragonite|Dragonite, L50, F, shiny|100\/100\n|switch|p1a: Enamorus|Enamorus-Therian, L50, F, shiny|100\/100\n|turn|4\n|\n|t:|1701156296\n|move|p2b: Chien-Pao|Protect|p2b: Chien-Pao\n|-singleturn|p2b: Chien-Pao|Protect\n|move|p1b: Dragonite|Extreme Speed|p2a: Urshifu\n|-damage|p2a: Urshifu|66\/100\n|move|p1a: Enamorus|Dazzling Gleam|p2b: Chien-Pao|[spread] p2a\n|-activate|p2b: Chien-Pao|move: Protect\n|-damage|p2a: Urshifu|0 fnt\n|faint|p2a: Urshifu\n|-damage|p1a: Enamorus|91\/100|[from] item: Life Orb\n|\n|-damage|p2b: Chien-Pao|51\/100|[from] Curse\n|upkeep\n|turn|5\n|\n|t:|1701156311\n|move|p1b: Dragonite|Extreme Speed|p2b: Chien-Pao\n|-damage|p2b: Chien-Pao|13\/100\n|move|p1a: Enamorus|Moonblast|p2b: Chien-Pao\n|-supereffective|p2b: Chien-Pao\n|-damage|p2b: Chien-Pao|0 fnt\n|faint|p2b: Chien-Pao\n|-damage|p1a: Enamorus|81\/100|[from] item: Life Orb\n|\n|win|zdmszrj\n|raw|zdmszrj's rating: 1635 &rarr; <strong>1667<\/strong><br \/>(+32 for winning)\n|raw|p8A_2's rating: 1865 &rarr; <strong>1833<\/strong><br \/>(-32 for losing)\n|l|\u2606p8A_2\n","uploadtime":1701156406,"views":4,"p1id":"zdmszrj","p2id":"p8a2","formatid":"gen9vgc2023regulatione","rating":1667,"private":0,"password":""}