{"id":"gen9vgc2023regulatione-1999105238","p1":"Dino197107","p2":"Ultramanjay","format":"[Gen 9] VGC 2023 Regulation E","log":"|j|\u2606Dino197107\n|j|\u2606Ultramanjay\n|t:|1701033679\n|gametype|doubles\n|player|p1|Dino197107|acetrainer-gen4dp|1000\n|player|p2|Ultramanjay|ghetsis|1037\n|teamsize|p1|6\n|teamsize|p2|6\n|gen|9\n|tier|[Gen 9] VGC 2023 Regulation E\n|rated|\n|rule|Species Clause: Limit one of each Pok\u00e9mon\n|rule|Item Clause: Limit one of each item\n|clearpoke\n|poke|p1|Ceruledge, L50, M|\n|poke|p1|Kingambit, L50, M|\n|poke|p1|Chien-Pao, L50|\n|poke|p1|Iron Valiant, L50|\n|poke|p1|Scizor, L50, M|\n|poke|p1|Tinkaton, L50, F|\n|poke|p2|Abomasnow, L50, F|\n|poke|p2|Cetitan, L50, M|\n|poke|p2|Flutter Mane, L50|\n|poke|p2|Iron Hands, L50|\n|poke|p2|Scizor, L50, M|\n|poke|p2|Floatzel, L50, M|\n|teampreview|4\nDino197107 has agreed to open team sheets.\n|c|\u2606Dino197107|hi\n|\n|t:|1701033724\n|start\n|switch|p1a: Its hammer time|Tinkaton, L50, F|100\/100\n|switch|p1b: Baron|Kingambit, L50, M|100\/100\n|switch|p2a: Iron Hands|Iron Hands, L50|100\/100\n|switch|p2b: Floatzel|Floatzel, L50, M|100\/100\n|-ability|p1a: Its hammer time|Mold Breaker\n|turn|1\n|\n|t:|1701033744\n|-end|p1b: Baron|fallenundefined|[silent]\n|switch|p1b: Galactic swordsmen|Iron Valiant, L50|100\/100\n|-terastallize|p1a: Its hammer time|Fairy\n|move|p2b: Floatzel|Bulk Up|p2b: Floatzel\n|-boost|p2b: Floatzel|atk|1\n|-boost|p2b: Floatzel|def|1\n|-enditem|p1b: Galactic swordsmen|Mirror Herb\n|-boost|p1b: Galactic swordsmen|atk|1|[from] item: Mirror Herb\n|-boost|p1b: Galactic swordsmen|def|1|[from] item: Mirror Herb\n|move|p1a: Its hammer time|Play Rough|p2a: Iron Hands\n|-supereffective|p2a: Iron Hands\n|-crit|p2a: Iron Hands\n|-damage|p2a: Iron Hands|7\/100\n|-damage|p1a: Its hammer time|91\/100|[from] item: Life Orb\n|move|p2a: Iron Hands|Swords Dance|p2a: Iron Hands\n|-boost|p2a: Iron Hands|atk|2\n|\n|upkeep\n|turn|2\n|\n|t:|1701033768\n|-terastallize|p2b: Floatzel|Water\n|move|p2b: Floatzel|Aqua Jet|p1b: Galactic swordsmen\n|-damage|p1b: Galactic swordsmen|72\/100\n|move|p1b: Galactic swordsmen|Drain Punch|p2b: Floatzel\n|-damage|p2b: Floatzel|42\/100\n|-heal|p1b: Galactic swordsmen|100\/100|[from] drain|[of] p2b: Floatzel\n|-enditem|p2b: Floatzel|Sitrus Berry|[eat]\n|-heal|p2b: Floatzel|67\/100|[from] item: Sitrus Berry\n|move|p1a: Its hammer time|Play Rough|p2a: Iron Hands\n|-supereffective|p2a: Iron Hands\n|-damage|p2a: Iron Hands|0 fnt\n|faint|p2a: Iron Hands\n|-end|p2a: Iron Hands|Quark Drive|[silent]\n|-damage|p1a: Its hammer time|81\/100|[from] item: Life Orb\n|\n|upkeep\n|\n|t:|1701033779\n|switch|p2a: Flutter Mane|Flutter Mane, L50|100\/100\n|turn|3\n|\n|t:|1701033799\n|move|p2a: Flutter Mane|Dazzling Gleam|p1b: Galactic swordsmen|[spread] p1a,p1b\n|-supereffective|p1b: Galactic swordsmen\n|-damage|p1a: Its hammer time|36\/100\n|-damage|p1b: Galactic swordsmen|0 fnt\n|faint|p1b: Galactic swordsmen\n|-end|p1b: Galactic swordsmen|Quark Drive|[silent]\n|move|p2b: Floatzel|Baton Pass|p2b: Floatzel\n|\n|t:|1701033806\n|switch|p2b: Scizor|Scizor, L50, M|100\/100|[from] Baton Pass\n|move|p1a: Its hammer time|Gigaton Hammer|p2a: Flutter Mane\n|-supereffective|p2a: Flutter Mane\n|-damage|p2a: Flutter Mane|0 fnt\n|faint|p2a: Flutter Mane\n|-end|p2a: Flutter Mane|Protosynthesis|[silent]\n|-damage|p1a: Its hammer time|27\/100|[from] item: Life Orb\n|\n|upkeep\n|\n|t:|1701033835\n|switch|p2a: Floatzel|Floatzel, L50, M, tera:Water|67\/100\n|switch|p1b: Baron|Kingambit, L50, M|100\/100\n|-activate|p1b: Baron|ability: Supreme Overlord\n|-start|p1b: Baron|fallen1|[silent]\n|turn|4\n|\n|t:|1701033850\n|move|p2a: Floatzel|Aqua Jet|p1a: Its hammer time\n|-damage|p1a: Its hammer time|0 fnt\n|faint|p1a: Its hammer time\n|move|p2b: Scizor|Close Combat|p1b: Baron\n|-supereffective|p1b: Baron\n|-damage|p1b: Baron|0 fnt\n|-unboost|p2b: Scizor|def|1\n|-unboost|p2b: Scizor|spd|1\n|faint|p1b: Baron\n|-end|p1b: Baron|fallen1|[silent]\n|\n|upkeep\n|\n|t:|1701033857\n|switch|p1b: Phantom knight|Ceruledge, L50, M|100\/100\n|turn|5\n|\n|t:|1701033874\n|move|p2a: Floatzel|Aqua Jet|p1b: Phantom knight\n|-supereffective|p1b: Phantom knight\n|-damage|p1b: Phantom knight|38\/100\n|-ability|p1b: Phantom knight|Weak Armor|boost\n|-unboost|p1b: Phantom knight|def|1\n|-boost|p1b: Phantom knight|spe|2\n|-enditem|p1b: Phantom knight|Weakness Policy\n|-boost|p1b: Phantom knight|atk|2|[from] item: Weakness Policy\n|-boost|p1b: Phantom knight|spa|2|[from] item: Weakness Policy\n|move|p2b: Scizor|Bullet Punch|p1b: Phantom knight\n|-resisted|p1b: Phantom knight\n|-damage|p1b: Phantom knight|0 fnt\n|faint|p1b: Phantom knight\n|\n|win|Ultramanjay\n|raw|Dino197107's rating: 1000 &rarr; <strong>1000<\/strong><br \/>(+0 for losing)\n|raw|Ultramanjay's rating: 1037 &rarr; <strong>1068<\/strong><br \/>(+31 for winning)\n|c|\u2606Dino197107|ggs\n","uploadtime":1701033888,"views":5,"p1id":"dino197107","p2id":"ultramanjay","formatid":"gen9vgc2023regulatione","rating":1000,"private":0,"password":""}