{"id":"gen9vgc2023regulatione-1998550396","p1":"HAyres","p2":"Yammez","format":"[Gen 9] VGC 2023 Regulation E","log":"|j|\u2606HAyres\n|j|\u2606Yammez\n|t:|1700955209\n|gametype|doubles\n|player|p1|HAyres|101|1094\n|player|p2|Yammez|265|1054\n|teamsize|p1|6\n|teamsize|p2|6\n|gen|9\n|tier|[Gen 9] VGC 2023 Regulation E\n|rated|\n|rule|Species Clause: Limit one of each Pok\u00e9mon\n|rule|Item Clause: Limit one of each item\n|clearpoke\n|poke|p1|Flutter Mane, L50|\n|poke|p1|Tornadus, L50, M|\n|poke|p1|Regieleki, L50|\n|poke|p1|Chi-Yu, L50|\n|poke|p1|Ogerpon-Wellspring, L50, F|\n|poke|p1|Indeedee-F, L50, F|\n|poke|p2|Lilligant-Hisui, L50, F|\n|poke|p2|Goodra, L50, M|\n|poke|p2|Zapdos, L50|\n|poke|p2|Ninetales, L50, F|\n|poke|p2|Iron Bundle, L50|\n|poke|p2|Flutter Mane, L50|\n|teampreview|4\n|inactive|Battle timer is ON: inactive players will automatically lose when time's up. (requested by HAyres)\nYammez has agreed to open team sheets.\n|inactive|HAyres has 60 seconds left.\n|inactive|Yammez has 60 seconds left.\n|\n|t:|1700955254\n|start\n|switch|p1a: Ogerpon|Ogerpon-Wellspring, L50, F|100\/100\n|switch|p1b: Tornadus|Tornadus, L50, M, shiny|100\/100\n|switch|p2a: Goodra|Goodra, L50, M|100\/100\n|switch|p2b: Zapdos|Zapdos, L50|100\/100\n|turn|1\n|inactive|HAyres has 30 seconds left.\n|inactive|Yammez has 30 seconds left.\n|inactive|Yammez has 20 seconds left.\n|inactive|Yammez has 15 seconds left.\n|\n|t:|1700955298\n|move|p1a: Ogerpon|Spiky Shield|p1a: Ogerpon\n|-singleturn|p1a: Ogerpon|move: Protect\n|move|p1b: Tornadus|Tailwind|p1b: Tornadus\n|-sidestart|p1: HAyres|move: Tailwind\n|move|p2b: Zapdos|Volt Switch|p2a: Goodra\n|-resisted|p2a: Goodra\n|-damage|p2a: Goodra|89\/100\n|-enditem|p2a: Goodra|Cell Battery\n|-boost|p2a: Goodra|atk|1|[from] item: Cell Battery\n|\n|t:|1700955308\n|switch|p2b: Iron Bundle|Iron Bundle, L50|100\/100|[from] Volt Switch\n|-enditem|p2b: Iron Bundle|Booster Energy\n|-activate|p2b: Iron Bundle|ability: Quark Drive|[fromitem]\n|-start|p2b: Iron Bundle|quarkdrivespe\n|move|p2a: Goodra|Dragon Claw|p1a: Ogerpon\n|-activate|p1a: Ogerpon|move: Protect\n|-damage|p2a: Goodra|77\/100|[from] Spiky Shield|[of] p1a: Ogerpon\n|\n|upkeep\n|turn|2\n|inactive|HAyres has 30 seconds left.\n|\n|t:|1700955340\n|-end|p2b: Iron Bundle|Quark Drive|[silent]\n|switch|p2b: Zapdos|Zapdos, L50|100\/100\n|move|p1a: Ogerpon|Horn Leech|p2b: Zapdos\n|-resisted|p2b: Zapdos\n|-damage|p2b: Zapdos|82\/100\n|-damage|p1a: Ogerpon|84\/100|[from] item: Rocky Helmet|[of] p2b: Zapdos\n|move|p1b: Tornadus|Bleakwind Storm|p2a: Goodra|[spread] p2a,p2b\n|-resisted|p2b: Zapdos\n|-crit|p2b: Zapdos\n|-damage|p2a: Goodra|55\/100\n|-damage|p2b: Zapdos|58\/100\n|move|p2a: Goodra|Rock Slide|p1a: Ogerpon|[spread] p1a,p1b\n|-supereffective|p1b: Tornadus\n|-damage|p1a: Ogerpon|56\/100\n|-damage|p1b: Tornadus|51\/100\n|\n|upkeep\n|turn|3\n|inactive|HAyres has 30 seconds left.\n|inactive|Yammez has 30 seconds left.\n|\n|t:|1700955369\n|move|p2b: Zapdos|Helping Hand|p2a: Goodra\n|-singleturn|p2a: Goodra|Helping Hand|[of] p2b: Zapdos\n|move|p1a: Ogerpon|Spiky Shield|p1a: Ogerpon\n|-singleturn|p1a: Ogerpon|move: Protect\n|move|p1b: Tornadus|Bleakwind Storm|p2a: Goodra|[spread] p2a,p2b\n|-resisted|p2b: Zapdos\n|-damage|p2a: Goodra|31\/100\n|-damage|p2b: Zapdos|40\/100\n|move|p2a: Goodra|Rock Slide|p1a: Ogerpon|[spread] p1b\n|-activate|p1a: Ogerpon|move: Protect\n|-supereffective|p1b: Tornadus\n|-damage|p1b: Tornadus|0 fnt\n|faint|p1b: Tornadus\n|\n|upkeep\n|\n|t:|1700955382\n|switch|p1b: Flutter Mane|Flutter Mane, L50|100\/100\n|turn|4\n|\n|t:|1700955400\n|switch|p1a: Chi-Yu|Chi-Yu, L50|100\/100\n|-ability|p1a: Chi-Yu|Beads of Ruin\n|-terastallize|p1b: Flutter Mane|Fairy\n|-terastallize|p2a: Goodra|Steel\n|move|p2b: Zapdos|Helping Hand|p2a: Goodra\n|-singleturn|p2a: Goodra|Helping Hand|[of] p2b: Zapdos\n|move|p1b: Flutter Mane|Dazzling Gleam|p2b: Zapdos|[spread] p2a,p2b\n|-resisted|p2a: Goodra\n|-damage|p2a: Goodra|9\/100\n|-damage|p2b: Zapdos|0 fnt\n|faint|p2b: Zapdos\n|move|p2a: Goodra|Rock Slide|p1b: Flutter Mane|[spread] p1a,p1b\n|-supereffective|p1a: Chi-Yu\n|-crit|p1a: Chi-Yu\n|-damage|p1a: Chi-Yu|0 fnt\n|-damage|p1b: Flutter Mane|8\/100\n|faint|p1a: Chi-Yu\n|\n|-sideend|p1: HAyres|move: Tailwind\n|upkeep\n|\n|t:|1700955419\n|switch|p1a: Ogerpon|Ogerpon-Wellspring, L50, F|56\/100\n|switch|p2b: Iron Bundle|Iron Bundle, L50|100\/100\n|turn|5\n|inactive|Yammez has 30 seconds left.\n|\n|t:|1700955447\n|move|p2b: Iron Bundle|Protect|p2b: Iron Bundle\n|-singleturn|p2b: Iron Bundle|Protect\n|move|p1b: Flutter Mane|Dazzling Gleam|p2b: Iron Bundle|[spread] p2a\n|-activate|p2b: Iron Bundle|move: Protect\n|-resisted|p2a: Goodra\n|-damage|p2a: Goodra|0 fnt\n|faint|p2a: Goodra\n|move|p1a: Ogerpon|Horn Leech|p2b: Iron Bundle\n|-activate|p2b: Iron Bundle|move: Protect\n|\n|upkeep\n|\n|t:|1700955457\n|switch|p2a: Flutter Mane|Flutter Mane, L50|100\/100\n|turn|6\n|inactive|HAyres has 30 seconds left.\n|inactive|Yammez has 30 seconds left.\n|\n|t:|1700955482\n|move|p1a: Ogerpon|Spiky Shield|p1a: Ogerpon\n|-singleturn|p1a: Ogerpon|move: Protect\n|move|p2b: Iron Bundle|Freeze-Dry|p1a: Ogerpon\n|-activate|p1a: Ogerpon|move: Protect\n|move|p1b: Flutter Mane|Moonblast|p2a: Flutter Mane\n|-damage|p2a: Flutter Mane|44\/100\n|-unboost|p2a: Flutter Mane|spa|1\n|move|p2a: Flutter Mane|Dazzling Gleam|p1a: Ogerpon|[spread] p1b\n|-activate|p1a: Ogerpon|move: Protect\n|-damage|p1b: Flutter Mane|0 fnt\n|faint|p1b: Flutter Mane\n|-end|p1b: Flutter Mane|Protosynthesis|[silent]\n|\n|upkeep\n|turn|7\n|\n|t:|1700955500\n|move|p2b: Iron Bundle|Freeze-Dry|p1a: Ogerpon\n|-supereffective|p1a: Ogerpon\n|-damage|p1a: Ogerpon|0 fnt\n|faint|p1a: Ogerpon\n|\n|win|Yammez\n|raw|HAyres's rating: 1094 &rarr; <strong>1067<\/strong><br \/>(-27 for losing)\n|raw|Yammez's rating: 1054 &rarr; <strong>1090<\/strong><br \/>(+36 for winning)\n|c|\u2606Yammez|ggs\n|c|\u2606Yammez|wp\n|l|\u2606HAyres\n","uploadtime":1700955516,"views":13,"p1id":"hayres","p2id":"yammez","formatid":"gen9vgc2023regulatione","rating":1067,"private":0,"password":""}