{"id":"gen9vgc2023regulatione-1997941485","p1":"bakekp","p2":"Iciclebutagainn","format":"[Gen 9] VGC 2023 Regulation E","log":"|j|\u2606bakekp\n|j|\u2606Iciclebutagainn\n|t:|1700870092\n|gametype|doubles\n|player|p1|bakekp|102|1171\n|player|p2|Iciclebutagainn|clown|1163\n|teamsize|p1|6\n|teamsize|p2|6\n|gen|9\n|tier|[Gen 9] VGC 2023 Regulation E\n|rated|\n|rule|Species Clause: Limit one of each Pok\u00e9mon\n|rule|Item Clause: Limit one of each item\n|clearpoke\n|poke|p1|Torkoal, L50, F|\n|poke|p1|Flutter Mane, L50|\n|poke|p1|Ogerpon-Hearthflame, L50, F|\n|poke|p1|Chi-Yu, L50|\n|poke|p1|Lilligant-Hisui, L50, F|\n|poke|p1|Farigiraf, L50, M|\n|poke|p2|Iron Hands, L50|\n|poke|p2|Arcanine-Hisui, L50, F|\n|poke|p2|Urshifu-*, L50, F|\n|poke|p2|Tornadus, L50, M|\n|poke|p2|Gholdengo, L50|\n|poke|p2|Rillaboom, L50, M|\n|teampreview|4\n|inactive|Battle timer is ON: inactive players will automatically lose when time's up. (requested by Iciclebutagainn)\nIciclebutagainn has agreed to open team sheets.\nbakekp has agreed to open team sheets.\n|\n|t:|1700870131\n|start\n|switch|p1a: Torkoal|Torkoal, L50, F|100\/100\n|switch|p1b: Flutter Mane|Flutter Mane, L50|100\/100\n|switch|p2a: Tornadus|Tornadus, L50, M|100\/100\n|switch|p2b: Urshifu|Urshifu-Rapid-Strike, L50, F|100\/100\n|-weather|SunnyDay|[from] ability: Drought|[of] p1a: Torkoal\n|-activate|p1b: Flutter Mane|ability: Protosynthesis\n|-start|p1b: Flutter Mane|protosynthesisspe\n|turn|1\n|\n|t:|1700870149\n|-terastallize|p2b: Urshifu|Water\n|-terastallize|p1a: Torkoal|Grass\n|move|p2a: Tornadus|Tailwind|p2a: Tornadus\n|-sidestart|p2: Iciclebutagainn|move: Tailwind\n|move|p2b: Urshifu|Surging Strikes|p1b: Flutter Mane\n|-crit|p1b: Flutter Mane\n|-damage|p1b: Flutter Mane|73\/100\n|-crit|p1b: Flutter Mane\n|-damage|p1b: Flutter Mane|42\/100\n|-crit|p1b: Flutter Mane\n|-damage|p1b: Flutter Mane|13\/100\n|-hitcount|p1b: Flutter Mane|3\n|move|p1b: Flutter Mane|Dazzling Gleam|p2a: Tornadus|[spread] p2a,p2b\n|-damage|p2a: Tornadus|53\/100\n|-damage|p2b: Urshifu|41\/100\n|move|p1a: Torkoal|Body Press|p2b: Urshifu\n|-damage|p2b: Urshifu|9\/100\n|\n|-weather|SunnyDay|[upkeep]\n|upkeep\n|turn|2\n|inactive|Iciclebutagainn has 30 seconds left.\n|\n|t:|1700870174\n|switch|p2b: Arcanine|Arcanine-Hisui, L50, F|100\/100\n|-ability|p2b: Arcanine|Intimidate|boost\n|-unboost|p1a: Torkoal|atk|1\n|-enditem|p1a: Torkoal|Eject Pack\n|-unboost|p1b: Flutter Mane|atk|1\n|\n|t:|1700870184\n|switch|p1a: Farigiraf|Farigiraf, L50, M|100\/100\n|-hint|A switch failed because the Pok\u00e9mon trying to switch in is already in.\n|move|p2a: Tornadus|Bleakwind Storm|p1a: Farigiraf|[spread] p1a,p1b\n|-damage|p1a: Farigiraf|67\/100\n|-damage|p1b: Flutter Mane|0 fnt\n|faint|p1b: Flutter Mane\n|-end|p1b: Flutter Mane|Protosynthesis|[silent]\n|\n|-weather|SunnyDay|[upkeep]\n|upkeep\n|\n|t:|1700870195\n|switch|p1b: Torkoal|Torkoal, L50, F, tera:Grass|100\/100\n|turn|3\n|\n|t:|1700870205\n|move|p2b: Arcanine|Flare Blitz|p1a: Farigiraf\n|-damage|p1a: Farigiraf|0 fnt\n|faint|p1a: Farigiraf\n|-damage|p2b: Arcanine|72\/100|[from] Recoil\n|move|p2a: Tornadus|Bleakwind Storm|p1b: Torkoal\n|-supereffective|p1b: Torkoal\n|-damage|p1b: Torkoal|0 fnt\n|faint|p1b: Torkoal\n|\n|-weather|SunnyDay|[upkeep]\n|upkeep\n|\n|t:|1700870222\n|switch|p1b: Chi-Yu|Chi-Yu, L50|100\/100\n|-ability|p1b: Chi-Yu|Beads of Ruin\n|turn|4\n|\n|t:|1700870232\n|switch|p2b: Urshifu|Urshifu-Rapid-Strike, L50, F, tera:Water|9\/100\n|move|p2a: Tornadus|Bleakwind Storm|p1b: Chi-Yu\n|-damage|p1b: Chi-Yu|52\/100\n|move|p1b: Chi-Yu|Dark Pulse|p2b: Urshifu\n|-damage|p2b: Urshifu|0 fnt\n|faint|p2b: Urshifu\n|-damage|p1b: Chi-Yu|42\/100|[from] item: Life Orb\n|\n|-weather|SunnyDay|[upkeep]\n|-sideend|p2: Iciclebutagainn|move: Tailwind\n|upkeep\n|\n|t:|1700870242\n|switch|p2b: Arcanine|Arcanine-Hisui, L50, F|72\/100\n|-ability|p2b: Arcanine|Intimidate|boost\n|-unboost|p1b: Chi-Yu|atk|1\n|turn|5\n|\n|t:|1700870246\n|move|p1b: Chi-Yu|Snarl|p2b: Arcanine|[spread] p2a,p2b\n|-damage|p2a: Tornadus|16\/100\n|-damage|p2b: Arcanine|30\/100\n|-unboost|p2a: Tornadus|spa|1\n|-unboost|p2b: Arcanine|spa|1\n|-enditem|p2a: Tornadus|Sitrus Berry|[eat]\n|-heal|p2a: Tornadus|40\/100|[from] item: Sitrus Berry\n|-damage|p1b: Chi-Yu|32\/100|[from] item: Life Orb\n|move|p2b: Arcanine|Rock Slide|p1b: Chi-Yu\n|-supereffective|p1b: Chi-Yu\n|-damage|p1b: Chi-Yu|0 fnt\n|faint|p1b: Chi-Yu\n|\n|win|Iciclebutagainn\n|raw|bakekp's rating: 1171 &rarr; <strong>1145<\/strong><br \/>(-26 for losing)\n|raw|Iciclebutagainn's rating: 1163 &rarr; <strong>1189<\/strong><br \/>(+26 for winning)\n|l|\u2606bakekp\n","uploadtime":1700870257,"views":18,"p1id":"bakekp","p2id":"iciclebutagainn","formatid":"gen9vgc2023regulatione","rating":1145,"private":0,"password":""}