{"id":"gen9vgc2023regulatione-1998028032","p1":"N4N0vgc","p2":"Fancy Cucudrula","format":"[Gen 9] VGC 2023 Regulation E","log":"|j|\u2606N4N0vgc\n|j|\u2606Fancy Cucudrula\n|n|\u2606N4N0vgc|n4n0vgc\n|n|\u2606Fancy Cucudrula|fancycucudrula\n|html|View the match progress at <a href=\"\/game-bestof3-gen9vgc2023regulatione-1998026094\">game-bestof3-gen9vgc2023regulatione-1998026094<\/a>\n|t:|1700880846\n|gametype|doubles\n|player|p1|N4N0vgc|guzma|\n|player|p2|Fancy Cucudrula|valerie|\n|teamsize|p1|6\n|teamsize|p2|6\n|gen|9\n|tier|[Gen 9] VGC 2023 Regulation E\n|rule|Species Clause: Limit one of each Pok\u00e9mon\n|rule|Item Clause: Limit one of each item\n|clearpoke\n|poke|p1|Tornadus, L50, M|\n|poke|p1|Arcanine-Hisui, L50, M|\n|poke|p1|Rillaboom, L50, F|\n|poke|p1|Flutter Mane, L50|\n|poke|p1|Urshifu-*, L50, M|\n|poke|p1|Chien-Pao, L50|\n|poke|p2|Flutter Mane, L50|\n|poke|p2|Amoonguss, L50, M|\n|poke|p2|Heatran, L50, F|\n|poke|p2|Iron Hands, L50|\n|poke|p2|Landorus-Therian, L50, M|\n|poke|p2|Chien-Pao, L50|\n|teampreview|4\n|inactive|Battle timer is ON: inactive players will automatically lose when time's up. (requested by Fancy Cucudrula)\nFancy Cucudrula has agreed to open team sheets.\n|c|\u2606Fancy Cucudrula|OTS PAPI\nN4N0vgc has agreed to open team sheets.\n|showteam|p1|Tornadus||RockyHelmet|Prankster|BleakwindStorm,Taunt,Tailwind,RainDance|||M|||50|,,,,,Ghost]Arcanine-Hisui||ChoiceBand|Intimidate|ExtremeSpeed,FlareBlitz,RockSlide,TeraBlast|||M|||50|,,,,,Fairy]Rillaboom||AssaultVest|GrassySurge|FakeOut,WoodHammer,GrassyGlide,HighHorsepower|||F|||50|,,,,,Fire]Flutter Mane||BoosterEnergy|Protosynthesis|Moonblast,ShadowBall,DazzlingGleam,Protect||||||50|,,,,,Fairy]Urshifu-Rapid-Strike||MysticWater|UnseenFist|Detect,SurgingStrikes,CloseCombat,AquaJet|||M|||50|,,,,,Water]Chien-Pao||FocusSash|SwordofRuin|SuckerPunch,IcicleCrash,SacredSword,Protect||||||50|,,,,,Ghost\n|showteam|p2|Flutter Mane||ChoiceSpecs|Protosynthesis|DazzlingGleam,Moonblast,ShadowBall,PerishSong||||||50|,,,,,Fairy]Amoonguss||RockyHelmet|Regenerator|RagePowder,PollenPuff,Spore,Protect|||M|||50|,,,,,Water]Heatran||SafetyGoggles|FlashFire|HeatWave,EarthPower,FlashCannon,Protect|||F|||50|,,,,,Fairy]Iron Hands||AssaultVest|QuarkDrive|DrainPunch,WildCharge,HeavySlam,FakeOut||||||50|,,,,,Water]Landorus-Therian||ChoiceScarf|Intimidate|StompingTantrum,TeraBlast,RockSlide,Uturn|||M|||50|,,,,,Flying]Chien-Pao||FocusSash|SwordofRuin|IceSpinner,SuckerPunch,Haze,Protect||||||50|,,,,,Ghost\n|\n|t:|1700880875\n|start\n|switch|p1a: Funky Kong|Rillaboom, L50, F|100\/100\n|switch|p1b: Lakitu|Tornadus, L50, M|100\/100\n|switch|p2a: Luquisha|Landorus-Therian, L50, M|100\/100\n|switch|p2b: Mistress|Iron Hands, L50, shiny|100\/100\n|-ability|p2a: Luquisha|Intimidate|boost\n|-unboost|p1a: Funky Kong|atk|1\n|-unboost|p1b: Lakitu|atk|1\n|-fieldstart|move: Grassy Terrain|[from] ability: Grassy Surge|[of] p1a: Funky Kong\n|turn|1\n|\n|t:|1700880899\n|-terastallize|p1b: Lakitu|Ghost\n|move|p2b: Mistress|Fake Out|p1a: Funky Kong\n|-damage|p1a: Funky Kong|87\/100\n|move|p2a: Luquisha|U-turn|p1b: Lakitu\n|-resisted|p1b: Lakitu\n|-damage|p1b: Lakitu|87\/100\n|-damage|p2a: Luquisha|84\/100|[from] item: Rocky Helmet|[of] p1b: Lakitu\n|\n|t:|1700880907\n|switch|p2a: Brita Filter|Amoonguss, L50, M, shiny|100\/100|[from] U-turn\n|move|p1b: Lakitu|Bleakwind Storm|p2a: Brita Filter|[spread] p2a,p2b\n|-supereffective|p2a: Brita Filter\n|-damage|p2a: Brita Filter|39\/100\n|-damage|p2b: Mistress|82\/100\n|-unboost|p2a: Brita Filter|spe|1\n|-unboost|p2b: Mistress|spe|1\n|cant|p1a: Funky Kong|flinch\n|\n|-heal|p1b: Lakitu|93\/100|[from] Grassy Terrain\n|-heal|p1a: Funky Kong|93\/100|[from] Grassy Terrain\n|-heal|p2b: Mistress|88\/100|[from] Grassy Terrain\n|-heal|p2a: Brita Filter|45\/100|[from] Grassy Terrain\n|upkeep\n|turn|2\n|\n|t:|1700880921\n|switch|p2a: Luquisha|Landorus-Therian, L50, M|84\/100\n|-ability|p2a: Luquisha|Intimidate|boost\n|-unboost|p1a: Funky Kong|atk|1\n|-unboost|p1b: Lakitu|atk|1\n|move|p1b: Lakitu|Bleakwind Storm|p2b: Mistress|[spread] p2a,p2b\n|-damage|p2a: Luquisha|47\/100\n|-damage|p2b: Mistress|69\/100\n|-unboost|p2b: Mistress|spe|1\n|move|p1a: Funky Kong|Wood Hammer|p2b: Mistress\n|-damage|p2b: Mistress|43\/100\n|-damage|p1a: Funky Kong|84\/100|[from] Recoil\n|move|p2b: Mistress|Drain Punch|p1a: Funky Kong\n|-damage|p1a: Funky Kong|42\/100\n|-heal|p2b: Mistress|61\/100|[from] drain|[of] p1a: Funky Kong\n|\n|-heal|p1b: Lakitu|99\/100|[from] Grassy Terrain\n|-heal|p1a: Funky Kong|48\/100|[from] Grassy Terrain\n|-heal|p2b: Mistress|67\/100|[from] Grassy Terrain\n|upkeep\n|turn|3\n|inactive|N4N0vgc has 30 seconds left.\n|\n|t:|1700880955\n|move|p2a: Luquisha|U-turn|p1a: Funky Kong\n|-supereffective|p1a: Funky Kong\n|-damage|p1a: Funky Kong|0 fnt\n|faint|p1a: Funky Kong\n|\n|t:|1700880960\n|switch|p2a: Sasha Colby|Flutter Mane, L50|100\/100|[from] U-turn\n|move|p1b: Lakitu|Bleakwind Storm|p2b: Mistress|[spread] p2b\n|-miss|p1b: Lakitu|p2a: Sasha Colby\n|-damage|p2b: Mistress|49\/100\n|move|p2b: Mistress|Heavy Slam|p1b: Lakitu\n|-damage|p1b: Lakitu|49\/100\n|-damage|p2b: Mistress|32\/100|[from] item: Rocky Helmet|[of] p1b: Lakitu\n|\n|-heal|p1b: Lakitu|55\/100|[from] Grassy Terrain\n|-heal|p2b: Mistress|38\/100|[from] Grassy Terrain\n|upkeep\n|\n|t:|1700880971\n|switch|p1a: Michi|Chien-Pao, L50|100\/100\n|-ability|p1a: Michi|Sword of Ruin\n|turn|4\n|\n|t:|1700880984\n|-end|p2a: Sasha Colby|Protosynthesis|[silent]\n|switch|p2a: Luquisha|Landorus-Therian, L50, M|47\/100\n|-ability|p2a: Luquisha|Intimidate|boost\n|-unboost|p1a: Michi|atk|1\n|-unboost|p1b: Lakitu|atk|1\n|move|p1a: Michi|Icicle Crash|p2b: Mistress\n|-damage|p2b: Mistress|9\/100\n|move|p1b: Lakitu|Bleakwind Storm|p2a: Luquisha|[spread] p2a,p2b\n|-damage|p2a: Luquisha|12\/100\n|-damage|p2b: Mistress|0 fnt\n|-unboost|p2a: Luquisha|spe|1\n|faint|p2b: Mistress\n|-end|p2b: Mistress|Quark Drive|[silent]\n|\n|-heal|p1b: Lakitu|61\/100|[from] Grassy Terrain\n|upkeep\n|\n|t:|1700880996\n|switch|p2b: Brita Filter|Amoonguss, L50, M, shiny|79\/100\n|turn|5\n|\n|t:|1700881013\n|-terastallize|p2b: Brita Filter|Water\n|move|p2b: Brita Filter|Rage Powder|p2b: Brita Filter\n|-singleturn|p2b: Brita Filter|move: Rage Powder\n|move|p1b: Lakitu|Taunt|p2b: Brita Filter\n|-start|p2b: Brita Filter|move: Taunt\n|move|p1a: Michi|Icicle Crash|p2b: Brita Filter\n|-resisted|p2b: Brita Filter\n|-damage|p2b: Brita Filter|63\/100\n|move|p2a: Luquisha|U-turn|p1b: Lakitu\n|-resisted|p1b: Lakitu\n|-damage|p1b: Lakitu|41\/100\n|-damage|p2a: Luquisha|0 fnt|[from] item: Rocky Helmet|[of] p1b: Lakitu\n|faint|p2a: Luquisha\n|\n|-heal|p1b: Lakitu|47\/100|[from] Grassy Terrain\n|-heal|p2b: Brita Filter|69\/100|[from] Grassy Terrain\n|-fieldend|move: Grassy Terrain\n|upkeep\n|\n|t:|1700881028\n|switch|p2a: Sasha Colby|Flutter Mane, L50|100\/100\n|turn|6\n|\n|t:|1700881037\n|move|p1a: Michi|Protect|p1a: Michi\n|-singleturn|p1a: Michi|Protect\n|move|p1b: Lakitu|Tailwind|p1b: Lakitu\n|-sidestart|p1: N4N0vgc|move: Tailwind\n|move|p2a: Sasha Colby|Dazzling Gleam|p1b: Lakitu|[spread] p1b\n|-activate|p1a: Michi|move: Protect\n|-damage|p1b: Lakitu|3\/100\n|move|p2b: Brita Filter|Pollen Puff|p2a: Sasha Colby\n|-immune|p2a: Sasha Colby\n|\n|upkeep\n|turn|7\n|\n|t:|1700881049\n|move|p1a: Michi|Icicle Crash|p2a: Sasha Colby\n|-damage|p2a: Sasha Colby|34\/100\n|move|p1b: Lakitu|Bleakwind Storm|p2b: Brita Filter|[spread] p2b\n|-miss|p1b: Lakitu|p2a: Sasha Colby\n|-damage|p2b: Brita Filter|42\/100\n|move|p2a: Sasha Colby|Dazzling Gleam|p1b: Lakitu|[spread] p1a,p1b\n|-supereffective|p1a: Michi\n|-enditem|p1a: Michi|Focus Sash\n|-damage|p1a: Michi|1\/100\n|-damage|p1b: Lakitu|0 fnt\n|faint|p1b: Lakitu\n|move|p2b: Brita Filter|Pollen Puff|p1a: Michi\n|-supereffective|p1a: Michi\n|-damage|p1a: Michi|0 fnt\n|faint|p1a: Michi\n|\n|upkeep\n|\n|t:|1700881055\n|switch|p1b: MelaMeneo|Flutter Mane, L50|100\/100\n|-enditem|p1b: MelaMeneo|Booster Energy\n|-activate|p1b: MelaMeneo|ability: Protosynthesis|[fromitem]\n|-start|p1b: MelaMeneo|protosynthesisspa\n|turn|8\n|\n|t:|1700881070\n|move|p1b: MelaMeneo|Moonblast|p2a: Sasha Colby\n|-damage|p2a: Sasha Colby|0 fnt\n|faint|p2a: Sasha Colby\n|-end|p2a: Sasha Colby|Protosynthesis|[silent]\n|move|p2b: Brita Filter|Pollen Puff|p2: Sasha Colby|[notarget]\n|-fail|p2b: Brita Filter\n|\n|-end|p2b: Brita Filter|move: Taunt\n|upkeep\n|turn|9\n|\n|t:|1700881073\n|move|p1b: MelaMeneo|Moonblast|p2b: Brita Filter\n|-damage|p2b: Brita Filter|0 fnt\n|faint|p2b: Brita Filter\n|\n|win|N4N0vgc\n|c|&|\/uhtml prompt-n4n0vgc,N4N0vgc is ready for game 3!\n|c|&|\/uhtml prompt-fancycucudrula,Fancy Cucudrula is ready for game 3!\nBoth players are ready! Starting next match!\n|l|\u2606Fancy Cucudrula\n|j|\u2606Fancy Cucudrula\n|player|p2|Fancy Cucudrula|valerie\n","uploadtime":1700881492,"views":4,"p1id":"n4n0vgc","p2id":"fancycucudrula","formatid":"gen9vgc2023regulatione","rating":0,"private":0,"password":""}