{"id":"gen9vgc2023regulatione-1993012129","p1":"Garffiljorg777","p2":"TrainerDylan24","format":"[Gen 9] VGC 2023 Regulation E","log":"|j|\u2606Garffiljorg777\n|j|\u2606TrainerDylan24\n|t:|1700255370\n|gametype|doubles\n|player|p1|Garffiljorg777|170|1056\n|player|p2|TrainerDylan24|swimmerf|1127\n|teamsize|p1|6\n|teamsize|p2|6\n|gen|9\n|tier|[Gen 9] VGC 2023 Regulation E\n|rated|\n|rule|Species Clause: Limit one of each Pok\u00e9mon\n|rule|Item Clause: Limit one of each item\n|clearpoke\n|poke|p1|Politoed, L50, M|\n|poke|p1|Gothitelle, L50, F|\n|poke|p1|Overqwil, L50, M|\n|poke|p1|Basculegion, L50, M|\n|poke|p1|Rillaboom, L50, F|\n|poke|p1|Ogerpon-Wellspring, L50, F|\n|poke|p2|Politoed, L50, M|\n|poke|p2|Kilowattrel, L50, M|\n|poke|p2|Iron Bundle, L50|\n|poke|p2|Maushold-Four, L50|\n|poke|p2|Rillaboom, L50, M|\n|poke|p2|Forretress, L50, F|\n|teampreview|4\n|inactive|Battle timer is ON: inactive players will automatically lose when time's up. (requested by Garffiljorg777)\n|\n|t:|1700255393\n|start\n|switch|p1a: Monkee|Rillaboom, L50, F|100\/100\n|switch|p1b: Ponyo|Ogerpon-Wellspring, L50, F|100\/100\n|switch|p2a: Forretress|Forretress, L50, F|100\/100\n|switch|p2b: Kilowattrel|Kilowattrel, L50, M|100\/100\n|-fieldstart|move: Grassy Terrain|[from] ability: Grassy Surge|[of] p1a: Monkee\n|turn|1\n|\n|t:|1700255416\n|-terastallize|p1b: Ponyo|Water\n|detailschange|p1b: Ponyo|Ogerpon-Wellspring-Tera, L50, F, tera:Water\n|-ability|p1b: Ponyo|Embody Aspect (Wellspring)|boost\n|-boost|p1b: Ponyo|spd|1\n|move|p2b: Kilowattrel|Protect|p2b: Kilowattrel\n|-singleturn|p2b: Kilowattrel|Protect\n|move|p1a: Monkee|Fake Out|p2a: Forretress\n|-resisted|p2a: Forretress\n|-damage|p2a: Forretress|95\/100\n|move|p1b: Ponyo|Knock Off|p2b: Kilowattrel\n|-activate|p2b: Kilowattrel|move: Protect\n|cant|p2a: Forretress|flinch\n|\n|-heal|p2a: Forretress|100\/100|[from] Grassy Terrain\n|upkeep\n|turn|2\n|inactive|Garffiljorg777 has 30 seconds left.\n|inactive|Garffiljorg777 has 20 seconds left.\n|inactive|Garffiljorg777 has 15 seconds left.\n|inactive|Garffiljorg777 has 10 seconds left.\n|\n|t:|1700255465\n|move|p1b: Ponyo|Spiky Shield|p1b: Ponyo\n|-singleturn|p1b: Ponyo|move: Protect\n|move|p2b: Kilowattrel|Thunder|p1b: Ponyo\n|-activate|p1b: Ponyo|move: Protect\n|move|p1a: Monkee|U-turn|p2a: Forretress\n|-resisted|p2a: Forretress\n|-damage|p2a: Forretress|91\/100\n|\n|t:|1700255474\n|switch|p1a: Kaladin|Basculegion, L50, M, shiny|100\/100|[from] U-turn\n|move|p2a: Forretress|Iron Defense|p2a: Forretress\n|-boost|p2a: Forretress|def|2\n|\n|-heal|p2a: Forretress|97\/100|[from] Grassy Terrain\n|-heal|p2a: Forretress|100\/100|[from] item: Leftovers\n|upkeep\n|turn|3\n|\n|t:|1700255494\n|switch|p1b: Toadles|Politoed, L50, M|100\/100\n|-weather|RainDance|[from] ability: Drizzle|[of] p1b: Toadles\n|move|p1a: Kaladin|Wave Crash|p2b: Kilowattrel\n|-damage|p2b: Kilowattrel|0 fnt\n|faint|p2b: Kilowattrel\n|-damage|p1a: Kaladin|76\/100|[from] Recoil\n|-damage|p1a: Kaladin|66\/100|[from] item: Life Orb\n|move|p2a: Forretress|Iron Defense|p2a: Forretress\n|-boost|p2a: Forretress|def|2\n|\n|-weather|RainDance|[upkeep]\n|-heal|p1a: Kaladin|72\/100|[from] Grassy Terrain\n|upkeep\n|\n|t:|1700255505\n|switch|p2b: Iron Bundle|Iron Bundle, L50|100\/100\n|-enditem|p2b: Iron Bundle|Booster Energy\n|-activate|p2b: Iron Bundle|ability: Quark Drive|[fromitem]\n|-start|p2b: Iron Bundle|quarkdrivespe\n|turn|4\n|\n|t:|1700255528\n|move|p2b: Iron Bundle|Freeze-Dry|p1a: Kaladin\n|-supereffective|p1a: Kaladin\n|-damage|p1a: Kaladin|0 fnt\n|faint|p1a: Kaladin\n|move|p1b: Toadles|Chilling Water|p2a: Forretress\n|-damage|p2a: Forretress|74\/100\n|-unboost|p2a: Forretress|atk|1\n|move|p2a: Forretress|Iron Defense|p2a: Forretress\n|-boost|p2a: Forretress|def|2\n|\n|-weather|RainDance|[upkeep]\n|-heal|p2a: Forretress|80\/100|[from] Grassy Terrain\n|-heal|p2a: Forretress|86\/100|[from] item: Leftovers\n|upkeep\n|\n|t:|1700255543\n|switch|p1a: Monkee|Rillaboom, L50, F|100\/100\n|turn|5\n|\n|t:|1700255552\n|move|p2b: Iron Bundle|Protect|p2b: Iron Bundle\n|-singleturn|p2b: Iron Bundle|Protect\n|move|p1a: Monkee|Fake Out|p2b: Iron Bundle\n|-activate|p2b: Iron Bundle|move: Protect\n|move|p1b: Toadles|Perish Song|p1b: Toadles\n|-start|p1a: Monkee|perish3|[silent]\n|-start|p1b: Toadles|perish3|[silent]\n|-start|p2a: Forretress|perish3|[silent]\n|-start|p2b: Iron Bundle|perish3|[silent]\n|-fieldactivate|move: Perish Song\n|move|p2a: Forretress|Body Press|p1a: Monkee\n|-damage|p1a: Monkee|0 fnt\n|faint|p1a: Monkee\n|\n|-weather|RainDance|[upkeep]\n|-heal|p2a: Forretress|92\/100|[from] Grassy Terrain\n|-heal|p2a: Forretress|98\/100|[from] item: Leftovers\n|-start|p2b: Iron Bundle|perish3\n|-start|p1b: Toadles|perish3\n|-start|p2a: Forretress|perish3\n|-fieldend|move: Grassy Terrain\n|upkeep\n|\n|t:|1700255570\n|switch|p1a: Ponyo|Ogerpon-Wellspring-Tera, L50, F, tera:Water|100\/100\n|-ability|p1a: Ponyo|Embody Aspect (Wellspring)|boost\n|-boost|p1a: Ponyo|spd|1\n|turn|6\n|\n|t:|1700255586\n|move|p1b: Toadles|Helping Hand|p1a: Ponyo\n|-singleturn|p1a: Ponyo|Helping Hand|[of] p1b: Toadles\n|move|p2b: Iron Bundle|Icy Wind|p1b: Toadles|[spread] p1a,p1b\n|-resisted|p1a: Ponyo\n|-crit|p1a: Ponyo\n|-resisted|p1b: Toadles\n|-damage|p1a: Ponyo|81\/100\n|-damage|p1b: Toadles|93\/100\n|-unboost|p1a: Ponyo|spe|1\n|-unboost|p1b: Toadles|spe|1\n|move|p1a: Ponyo|Grassy Glide|p2b: Iron Bundle\n|-supereffective|p2b: Iron Bundle\n|-damage|p2b: Iron Bundle|0 fnt\n|faint|p2b: Iron Bundle\n|-end|p2b: Iron Bundle|Quark Drive|[silent]\n|move|p2a: Forretress|Body Press|p1b: Toadles\n|-damage|p1b: Toadles|0 fnt\n|faint|p1b: Toadles\n|\n|-weather|RainDance|[upkeep]\n|-heal|p2a: Forretress|100\/100|[from] item: Leftovers\n|-start|p2a: Forretress|perish2\n|upkeep\n|\n|t:|1700255601\n|switch|p2b: Maushold|Maushold-Four, L50|100\/100\n|turn|7\n|\n|t:|1700255610\n|move|p2b: Maushold|Protect|p2b: Maushold\n|-singleturn|p2b: Maushold|Protect\n|move|p1a: Ponyo|Spiky Shield|p1a: Ponyo\n|-singleturn|p1a: Ponyo|move: Protect\n|move|p2a: Forretress|Power Trick|p2a: Forretress\n|-start|p2a: Forretress|Power Trick\n|\n|-weather|RainDance|[upkeep]\n|-start|p2a: Forretress|perish1\n|upkeep\n|turn|8\n|\n|t:|1700255634\n|-terastallize|p2b: Maushold|Normal\n|move|p1a: Ponyo|Spiky Shield||[still]\n|-fail|p1a: Ponyo\n|move|p2b: Maushold|Population Bomb|p1a: Ponyo\n|-damage|p1a: Ponyo|61\/100\n|-damage|p1a: Ponyo|39\/100\n|-damage|p1a: Ponyo|18\/100\n|-damage|p1a: Ponyo|0 fnt\n|faint|p1a: Ponyo\n|-hitcount|p1: Ponyo|4\n|\n|win|TrainerDylan24\n|raw|Garffiljorg777's rating: 1056 &rarr; <strong>1041<\/strong><br \/>(-15 for losing)\n|raw|TrainerDylan24's rating: 1127 &rarr; <strong>1147<\/strong><br \/>(+20 for winning)\n|l|\u2606Garffiljorg777\n","uploadtime":1700255650,"views":10,"p1id":"garffiljorg777","p2id":"trainerdylan24","formatid":"gen9vgc2023regulatione","rating":1041,"private":0,"password":""}