{"id":"gen9vgc2023regulatione-2000447207","p1":"Guakamou","p2":"gurupatak","format":"[Gen 9] VGC 2023 Regulation E","log":"|j|\u2606Guakamou\n|j|\u2606gurupatak\n|n|\u2606Guakamou|guakamou\n|n|\u2606gurupatak|gurupatak\n|html|View the match progress at <a href=\"\/game-bestof3-gen9vgc2023regulatione-2000447206\">game-bestof3-gen9vgc2023regulatione-2000447206<\/a>\n|t:|1701195591\n|gametype|doubles\n|player|p1|Guakamou|palmer|\n|player|p2|gurupatak|170|\n|teamsize|p1|6\n|teamsize|p2|6\n|gen|9\n|tier|[Gen 9] VGC 2023 Regulation E\n|rule|Species Clause: Limit one of each Pok\u00e9mon\n|rule|Item Clause: Limit one of each item\n|clearpoke\n|poke|p1|Heatran, L50, F|\n|poke|p1|Landorus-Therian, L50, M|\n|poke|p1|Iron Hands, L50|\n|poke|p1|Iron Bundle, L50|\n|poke|p1|Rillaboom, L50, M|\n|poke|p1|Ogerpon-Hearthflame, L50, F|\n|poke|p2|Arcanine-Hisui, L50, F|\n|poke|p2|Basculegion, L50, M|\n|poke|p2|Iron Hands, L50|\n|poke|p2|Tornadus, L50, M|\n|poke|p2|Gholdengo, L50|\n|poke|p2|Farigiraf, L50, F|\n|teampreview|4\n|inactive|Battle timer is ON: inactive players will automatically lose when time's up. (requested by gurupatak)\ngurupatak has agreed to open team sheets.\n|c|\u2606gurupatak|glhf\nGuakamou has agreed to open team sheets.\n|showteam|p1|Heatran||LifeOrb|FlashFire|HeatWave,EarthPower,FlashCannon,Protect|||F|||50|,,,,,Fairy]Landorus-Therian||ChoiceScarf|Intimidate|TeraBlast,Uturn,RockSlide,StompingTantrum|||M|||50|,,,,,Flying]Iron Hands||AssaultVest|QuarkDrive|FakeOut,WildCharge,DrainPunch,HeavySlam||||||50|,,,,,Water]Iron Bundle||BoosterEnergy|QuarkDrive|IcyWind,Encore,FreezeDry,Protect||||||50|,,,,,Ghost]Rillaboom||MiracleSeed|GrassySurge|FakeOut,WoodHammer,Uturn,GrassyGlide|||M|||50|,,,,,Grass]Ogerpon-Hearthflame||HearthflameMask|MoldBreaker|IvyCudgel,GrassyGlide,SwordsDance,SpikyShield|||F|||50|,,,,,Fire\n|showteam|p2|Arcanine-Hisui||ChoiceBand|Intimidate|FlareBlitz,RockSlide,ExtremeSpeed,TeraBlast|||F|||50|,,,,,Fairy]Basculegion||AssaultVest|Adaptability|WaveCrash,LastRespects,PhantomForce,AquaJet|||M|||50|,,,,,Grass]Iron Hands||BoosterEnergy|QuarkDrive|WildCharge,CloseCombat,FakeOut,Detect||||||50|,,,,,Grass]Tornadus||SkyPlate|Prankster|BleakwindStorm,Tailwind,Taunt,Protect|||M|||50|,,,,,Flying]Gholdengo||ChoiceSpecs|GoodasGold|MakeItRain,ShadowBall,Thunderbolt,Trick||||||50|,,,,,Steel]Farigiraf||SafetyGoggles|ArmorTail|Psychic,DazzlingGleam,NastyPlot,TrickRoom|||F|||50|,,,,,Fairy\n|c|\u2606Guakamou|u too\n|inactive|Guakamou has 30 seconds left.\n|\n|t:|1701195636\n|start\n|switch|p1a: Ogerpon|Ogerpon-Hearthflame, L50, F|100\/100\n|switch|p1b: Rillaboom|Rillaboom, L50, M|100\/100\n|switch|p2a: Tornadus|Tornadus, L50, M|100\/100\n|switch|p2b: Gholdengo|Gholdengo, L50|100\/100\n|-ability|p1a: Ogerpon|Mold Breaker\n|-fieldstart|move: Grassy Terrain|[from] ability: Grassy Surge|[of] p1b: Rillaboom\n|turn|1\n|\n|t:|1701195660\n|-terastallize|p1a: Ogerpon|Fire\n|detailschange|p1a: Ogerpon|Ogerpon-Hearthflame-Tera, L50, F, tera:Fire\n|-ability|p1a: Ogerpon|Embody Aspect (Hearthflame)|boost\n|-boost|p1a: Ogerpon|atk|1\n|move|p2a: Tornadus|Protect|p2a: Tornadus\n|-singleturn|p2a: Tornadus|Protect\n|move|p1b: Rillaboom|Fake Out|p2a: Tornadus\n|-activate|p2a: Tornadus|move: Protect\n|move|p1a: Ogerpon|Ivy Cudgel|p2b: Gholdengo|[anim] Ivy Cudgel Fire\n|-supereffective|p2b: Gholdengo\n|-damage|p2b: Gholdengo|0 fnt\n|faint|p2b: Gholdengo\n|\n|upkeep\n|\n|t:|1701195670\n|switch|p2b: Basculegion|Basculegion, L50, M|100\/100\n|turn|2\n|\n|t:|1701195693\n|-terastallize|p2b: Basculegion|Grass\n|move|p1a: Ogerpon|Spiky Shield|p1a: Ogerpon\n|-singleturn|p1a: Ogerpon|move: Protect\n|move|p2a: Tornadus|Tailwind|p2a: Tornadus\n|-sidestart|p2: gurupatak|move: Tailwind\n|move|p2b: Basculegion|Last Respects|p1a: Ogerpon\n|-activate|p1a: Ogerpon|move: Protect\n|move|p1b: Rillaboom|Wood Hammer|p2b: Basculegion\n|-resisted|p2b: Basculegion\n|-damage|p2b: Basculegion|51\/100\n|-damage|p1b: Rillaboom|85\/100|[from] Recoil\n|\n|-heal|p2b: Basculegion|57\/100|[from] Grassy Terrain\n|-heal|p1b: Rillaboom|91\/100|[from] Grassy Terrain\n|upkeep\n|turn|3\n|inactive|Guakamou has 30 seconds left.\n|inactive|Guakamou has 20 seconds left.\n|inactive|Guakamou has 15 seconds left.\n|\n|t:|1701195738\n|move|p1a: Ogerpon|Grassy Glide|p2b: Basculegion\n|-resisted|p2b: Basculegion\n|-damage|p2b: Basculegion|25\/100\n|move|p1b: Rillaboom|Grassy Glide|p2b: Basculegion\n|-resisted|p2b: Basculegion\n|-damage|p2b: Basculegion|4\/100\n|move|p2a: Tornadus|Bleakwind Storm|p1b: Rillaboom|[spread] \n|-miss|p2a: Tornadus|p1a: Ogerpon\n|-miss|p2a: Tornadus|p1b: Rillaboom\n|move|p2b: Basculegion|Last Respects|p1a: Ogerpon\n|-damage|p1a: Ogerpon|52\/100\n|\n|-heal|p2b: Basculegion|10\/100|[from] Grassy Terrain\n|-heal|p1a: Ogerpon|58\/100|[from] Grassy Terrain\n|-heal|p1b: Rillaboom|97\/100|[from] Grassy Terrain\n|upkeep\n|turn|4\n|c|\u2606gurupatak|lol\n|\n|t:|1701195758\n|switch|p1b: Landorus|Landorus-Therian, L50, M|100\/100\n|-ability|p1b: Landorus|Intimidate|boost\n|-unboost|p2a: Tornadus|atk|1\n|-unboost|p2b: Basculegion|atk|1\n|move|p2b: Basculegion|Aqua Jet|p1a: Ogerpon\n|-supereffective|p1a: Ogerpon\n|-damage|p1a: Ogerpon|28\/100\n|move|p1a: Ogerpon|Grassy Glide|p2b: Basculegion\n|-resisted|p2b: Basculegion\n|-damage|p2b: Basculegion|0 fnt\n|faint|p2b: Basculegion\n|move|p2a: Tornadus|Bleakwind Storm|p1b: Landorus|[spread] p1a,p1b\n|-damage|p1a: Ogerpon|0 fnt\n|-damage|p1b: Landorus|48\/100\n|-unboost|p1b: Landorus|spe|1\n|faint|p1a: Ogerpon\n|\n|upkeep\n|\n|t:|1701195779\n|switch|p1a: Heatran|Heatran, L50, F|100\/100\n|switch|p2b: Iron Hands|Iron Hands, L50|100\/100\n|-enditem|p2b: Iron Hands|Booster Energy\n|-activate|p2b: Iron Hands|ability: Quark Drive|[fromitem]\n|-start|p2b: Iron Hands|quarkdriveatk\n|turn|5\n|inactive|Guakamou has 30 seconds left.\n|\n|t:|1701195807\n|switch|p1b: Rillaboom|Rillaboom, L50, M|97\/100\n|move|p1a: Heatran|Protect|p1a: Heatran\n|-singleturn|p1a: Heatran|Protect\n|move|p2b: Iron Hands|Fake Out|p1a: Heatran\n|-activate|p1a: Heatran|move: Protect\n|move|p2a: Tornadus|Bleakwind Storm|p1a: Heatran|[spread] p1b\n|-activate|p1a: Heatran|move: Protect\n|-supereffective|p1b: Rillaboom\n|-damage|p1b: Rillaboom|0 fnt\n|faint|p1b: Rillaboom\n|\n|-sideend|p2: gurupatak|move: Tailwind\n|-fieldend|move: Grassy Terrain\n|upkeep\n|\n|t:|1701195813\n|switch|p1b: Landorus|Landorus-Therian, L50, M|48\/100\n|-ability|p1b: Landorus|Intimidate|boost\n|-unboost|p2a: Tornadus|atk|1\n|-unboost|p2b: Iron Hands|atk|1\n|turn|6\n|\n|t:|1701195823\n|move|p2b: Iron Hands|Detect|p2b: Iron Hands\n|-singleturn|p2b: Iron Hands|Protect\n|move|p2a: Tornadus|Tailwind|p2a: Tornadus\n|-sidestart|p2: gurupatak|move: Tailwind\n|move|p1b: Landorus|Stomping Tantrum|p2b: Iron Hands\n|-activate|p2b: Iron Hands|move: Protect\n|move|p1a: Heatran|Heat Wave|p2a: Tornadus|[spread] p2a\n|-activate|p2b: Iron Hands|move: Protect\n|-damage|p2a: Tornadus|41\/100\n|-damage|p1a: Heatran|91\/100|[from] item: Life Orb\n|\n|upkeep\n|turn|7\n|\n|t:|1701195835\n|move|p2a: Tornadus|Bleakwind Storm|p1b: Landorus|[spread] p1a,p1b\n|-resisted|p1a: Heatran\n|-damage|p1a: Heatran|69\/100\n|-damage|p1b: Landorus|0 fnt\n|faint|p1b: Landorus\n|move|p2b: Iron Hands|Close Combat|p1a: Heatran\n|-supereffective|p1a: Heatran\n|-damage|p1a: Heatran|0 fnt\n|-unboost|p2b: Iron Hands|def|1\n|-unboost|p2b: Iron Hands|spd|1\n|faint|p1a: Heatran\n|\n|win|gurupatak\n|c|\u2606gurupatak|gg\n|inactive|Guakamou has 50 seconds to confirm battle start!\n|inactive|gurupatak has 50 seconds to confirm battle start!\n|c|\u2606Guakamou|gg\n|c|&|\/uhtml prompt-guakamou,Guakamou is ready for game 2!\n|inactive|gurupatak has 40 seconds to confirm battle start!\n|c|&|\/uhtml prompt-gurupatak,gurupatak is ready for game 2!\nBoth players are ready! Starting next match!\n","uploadtime":1701196318,"views":5,"p1id":"guakamou","p2id":"gurupatak","formatid":"gen9vgc2023regulatione","rating":0,"private":0,"password":""}