{"id":"gen9vgc2023regulatione-1996443998","p1":"cataciyzmic","p2":"4Azzy","format":"[Gen 9] VGC 2023 Regulation E","log":"|j|\u2606cataciyzmic\n|j|\u26064Azzy\n|n|\u2606cataciyzmic|cataciyzmic\n|n|\u26064Azzy|4azzy\n|html|View the match progress at <a href=\"\/game-bestof3-gen9vgc2023regulatione-1996443997\">game-bestof3-gen9vgc2023regulatione-1996443997<\/a>\n|t:|1700682575\n|gametype|doubles\n|player|p1|cataciyzmic|cyrus|\n|player|p2|4Azzy|will|\n|teamsize|p1|6\n|teamsize|p2|6\n|gen|9\n|tier|[Gen 9] VGC 2023 Regulation E\n|rule|Species Clause: Limit one of each Pok\u00e9mon\n|rule|Item Clause: Limit one of each item\n|clearpoke\n|poke|p1|Urshifu-*, L50, M|\n|poke|p1|Moltres-Galar, L50|\n|poke|p1|Klefki, L50, F|\n|poke|p1|Fezandipiti, L50, M|\n|poke|p1|Empoleon, L50, M|\n|poke|p1|Lokix, L50, M|\n|poke|p2|Sableye, L50, M|\n|poke|p2|Iron Valiant, L50|\n|poke|p2|Landorus, L50, M|\n|poke|p2|Enamorus, L50, F|\n|poke|p2|Floatzel, L50, F|\n|poke|p2|Basculin-White-Striped, L50, F|\n|teampreview|4\n|inactive|Battle timer is ON: inactive players will automatically lose when time's up. (requested by 4Azzy)\n|inactiveoff|Battle timer is now OFF.\n|c|\u2606cataciyzmic|u get links ill do replays?\ncataciyzmic rejected open team sheets.\n|c|\u26064Azzy|cool\n|c|\u2606cataciyzmic|glhf\n|c|\u26064Azzy|u2\n|j| MikeTitan\n|c| MikeTitan|WOO\n|c| MikeTitan|glhf y\u2019all\n|\n|t:|1700682707\n|start\n|switch|p1a: Male Stripper|Fezandipiti, L50, M|100\/100\n|switch|p1b: Lumberjack|Lokix, L50, M|100\/100\n|switch|p2a: Yami Yami no Mi|Sableye, L50, M|100\/100\n|switch|p2b: Umi no akuma|Floatzel, L50, F|100\/100\n|turn|1\n|\n|t:|1700682722\n|move|p2b: Umi no akuma|Protect|p2b: Umi no akuma\n|-singleturn|p2b: Umi no akuma|Protect\n|move|p1b: Lumberjack|First Impression|p2b: Umi no akuma\n|-activate|p2b: Umi no akuma|move: Protect\n|move|p2a: Yami Yami no Mi|Gravity|p2a: Yami Yami no Mi\n|-fieldstart|move: Gravity\n|move|p1a: Male Stripper|Taunt|p2a: Yami Yami no Mi\n|-start|p2a: Yami Yami no Mi|move: Taunt\n|\n|upkeep\n|turn|2\n|j| pokemon_and_beer\n|\n|t:|1700682751\n|switch|p1b: First Mate|Empoleon, L50, M|100\/100\n|switch|p2a: Umi no \u014dja|Basculin-White-Striped, L50, F|100\/100\n|move|p2b: Umi no akuma|Wave Crash|p1b: First Mate\n|-resisted|p1b: First Mate\n|-damage|p1b: First Mate|66\/100\n|-damage|p2b: Umi no akuma|87\/100|[from] Recoil\n|move|p1a: Male Stripper|Dazzling Gleam|p2b: Umi no akuma|[spread] p2a,p2b\n|-damage|p2a: Umi no \u014dja|65\/100\n|-damage|p2b: Umi no akuma|53\/100\n|-status|p2b: Umi no akuma|tox|[from] ability: Toxic Chain|[of] p1a: Male Stripper\n|\n|-damage|p2b: Umi no akuma|46\/100 tox|[from] psn\n|upkeep\n|turn|3\n|\n|t:|1700682818\n|switch|p1a: Lumberjack|Lokix, L50, M|100\/100\n|move|p2b: Umi no akuma|Brick Break|p1b: First Mate\n|-supereffective|p1b: First Mate\n|-damage|p1b: First Mate|22\/100\n|move|p2a: Umi no \u014dja|Flip Turn|p1a: Lumberjack\n|-damage|p1a: Lumberjack|25\/100\n|\n|t:|1700682825\n|switch|p2a: Yami Yami no Mi|Sableye, L50, M|100\/100|[from] Flip Turn\n|move|p1b: First Mate|Grass Knot|p2b: Umi no akuma\n|-supereffective|p2b: Umi no akuma\n|-damage|p2b: Umi no akuma|0 fnt\n|faint|p2b: Umi no akuma\n|\n|upkeep\n|\n|t:|1700682831\n|switch|p2b: Suna Suna no Mi|Landorus, L50, M|100\/100\n|turn|4\n|\n|t:|1700682864\n|move|p2b: Suna Suna no Mi|Protect|p2b: Suna Suna no Mi\n|-singleturn|p2b: Suna Suna no Mi|Protect\n|move|p1a: Lumberjack|First Impression|p2b: Suna Suna no Mi\n|-activate|p2b: Suna Suna no Mi|move: Protect\n|move|p2a: Yami Yami no Mi|Encore|p1b: First Mate\n|-start|p1b: First Mate|Encore\n|move|p1b: First Mate|Grass Knot|p2b: Suna Suna no Mi\n|-activate|p2b: Suna Suna no Mi|move: Protect\n|\n|upkeep\n|turn|5\n|j| OmegaAlpha01\n|\n|t:|1700682897\n|switch|p1a: Sensei|Urshifu, L50, M|100\/100\n|move|p2a: Yami Yami no Mi|Encore|p1a: Sensei\n|-hint|Since gen 7, Dark is immune to Prankster moves.\n|-immune|p1a: Sensei\n|move|p2b: Suna Suna no Mi|Sandsear Storm|p1b: First Mate|[spread] p1a,p1b\n|-supereffective|p1b: First Mate\n|-damage|p1a: Sensei|9\/100\n|-damage|p1b: First Mate|0 fnt\n|faint|p1b: First Mate\n|\n|-fieldend|move: Gravity\n|upkeep\n|\n|t:|1700682922\n|switch|p1b: Male Stripper|Fezandipiti, L50, M|100\/100\n|turn|6\n|\n|t:|1700682948\n|-terastallize|p1b: Male Stripper|Flying\n|move|p1a: Sensei|Detect|p1a: Sensei\n|-singleturn|p1a: Sensei|Protect\n|move|p2a: Yami Yami no Mi|Gravity|p2a: Yami Yami no Mi\n|-fieldstart|move: Gravity\n|move|p2b: Suna Suna no Mi|Sandsear Storm|p1a: Sensei|[spread] p1b\n|-activate|p1a: Sensei|move: Protect\n|-damage|p1b: Male Stripper|52\/100\n|move|p1b: Male Stripper|Icy Wind|p2b: Suna Suna no Mi|[spread] p2a,p2b\n|-supereffective|p2b: Suna Suna no Mi\n|-damage|p2a: Yami Yami no Mi|87\/100\n|-damage|p2b: Suna Suna no Mi|61\/100\n|-unboost|p2a: Yami Yami no Mi|spe|1\n|-unboost|p2b: Suna Suna no Mi|spe|1\n|-enditem|p2a: Yami Yami no Mi|Eject Button\n|\n|t:|1700682956\n|switch|p2a: Umi no \u014dja|Basculin-White-Striped, L50, F|65\/100\n|\n|upkeep\n|turn|7\n|\n|t:|1700682980\n|move|p2b: Suna Suna no Mi|Protect|p2b: Suna Suna no Mi\n|-singleturn|p2b: Suna Suna no Mi|Protect\n|move|p1a: Sensei|Sucker Punch|p2a: Umi no \u014dja\n|-damage|p2a: Umi no \u014dja|0 fnt\n|faint|p2a: Umi no \u014dja\n|move|p1b: Male Stripper|Icy Wind|p2b: Suna Suna no Mi\n|-activate|p2b: Suna Suna no Mi|move: Protect\n|\n|upkeep\n|\n|t:|1700682984\n|switch|p2a: Yami Yami no Mi|Sableye, L50, M|87\/100\n|turn|8\n|\n|t:|1700682999\n|switch|p1b: Lumberjack|Lokix, L50, M|25\/100\n|-terastallize|p2b: Suna Suna no Mi|Water\n|move|p2a: Yami Yami no Mi|Disable|p1a: Sensei\n|-hint|Since gen 7, Dark is immune to Prankster moves.\n|-immune|p1a: Sensei\n|move|p1a: Sensei|Wicked Blow|p2b: Suna Suna no Mi\n|-crit|p2b: Suna Suna no Mi\n|-damage|p2b: Suna Suna no Mi|0 fnt\n|faint|p2b: Suna Suna no Mi\n|\n|upkeep\n|turn|9\n|c|\u26064Azzy|I FORGOT\n|\n|t:|1700683018\n|move|p2a: Yami Yami no Mi|Quash|p1a: Sensei\n|-hint|Since gen 7, Dark is immune to Prankster moves.\n|-immune|p1a: Sensei\n|move|p1a: Sensei|Wicked Blow|p2a: Yami Yami no Mi\n|-crit|p2a: Yami Yami no Mi\n|-damage|p2a: Yami Yami no Mi|23\/100\n|move|p1b: Lumberjack|Knock Off|p2a: Yami Yami no Mi\n|-damage|p2a: Yami Yami no Mi|0 fnt\n|faint|p2a: Yami Yami no Mi\n|\n|win|cataciyzmic\n|c|&|\/uhtml prompt-4azzy,4Azzy is ready for game 2!\n|c|&|\/uhtml prompt-4azzy,4Azzy is ready for game 2!\n|c|\u2606cataciyzmic|gg\n|c|&|\/uhtml prompt-cataciyzmic,cataciyzmic is ready for game 2!\nBoth players are ready! Starting next match!\n|c|\u26064Azzy|gg\n|l| OmegaAlpha01\n|j| agati 2\n|l| MikeTitan\n|l| agati 2\n|l| pokemon_and_beer\n","uploadtime":1700683804,"views":2,"p1id":"cataciyzmic","p2id":"4azzy","formatid":"gen9vgc2023regulatione","rating":0,"private":0,"password":""}