{"id":"gen9vgc2023regulatione-1989139186","p1":"olivermaul","p2":"Patryk1","format":"[Gen 9] VGC 2023 Regulation E","log":"|j|\u2606olivermaul\n|j|\u2606Patryk1\n|t:|1699816416\n|gametype|doubles\n|player|p1|olivermaul|brawly|1109\n|player|p2|Patryk1|blue-gen7|1001\n|teamsize|p1|6\n|teamsize|p2|6\n|gen|9\n|tier|[Gen 9] VGC 2023 Regulation E\n|rated|\n|rule|Species Clause: Limit one of each Pok\u00e9mon\n|rule|Item Clause: Limit one of each item\n|clearpoke\n|poke|p1|Rabsca, L50, F|\n|poke|p1|Dondozo, L50, F|\n|poke|p1|Tatsugiri, L50, M|\n|poke|p1|Flamigo, L50, M|\n|poke|p1|Chi-Yu, L50|\n|poke|p1|Brute Bonnet, L50|\n|poke|p2|Palafin, L50, F|\n|poke|p2|Arcanine-Hisui, L50, F|\n|poke|p2|Landorus-Therian, L50, M|\n|poke|p2|Dipplin, L50, F|\n|poke|p2|Ogerpon-Cornerstone, L50, F|\n|poke|p2|Sinistcha-Masterpiece, L50|\n|teampreview|4\n|\n|t:|1699816433\n|start\n|switch|p1a: Brute Bonnet|Brute Bonnet, L50|100\/100\n|switch|p1b: Chi-Yu|Chi-Yu, L50|100\/100\n|switch|p2a: Landorus|Landorus-Therian, L50, M|100\/100\n|switch|p2b: Dipplin|Dipplin, L50, F|100\/100\n|-ability|p2a: Landorus|Intimidate|boost\n|-unboost|p1a: Brute Bonnet|atk|1\n|-unboost|p1b: Chi-Yu|atk|1\n|-ability|p1b: Chi-Yu|Beads of Ruin\n|-ability|p2b: Dipplin|Supersweet Syrup\n|-ability|p2b: Dipplin|Supersweet Syrup|boost\n|-unboost|p1a: Brute Bonnet|evasion|1\n|-unboost|p1b: Chi-Yu|evasion|1\n|turn|1\n|\n|t:|1699816458\n|move|p2a: Landorus|U-turn|p1a: Brute Bonnet\n|-supereffective|p1a: Brute Bonnet\n|-crit|p1a: Brute Bonnet\n|-damage|p1a: Brute Bonnet|0 fnt\n|faint|p1a: Brute Bonnet\n|-end|p1a: Brute Bonnet|Protosynthesis|[silent]\n|\n|t:|1699816468\n|switch|p2a: Ogerpon|Ogerpon-Cornerstone, L50, F|100\/100|[from] U-turn\n|move|p1b: Chi-Yu|Will-O-Wisp|p2b: Dipplin\n|-status|p2b: Dipplin|brn\n|move|p2b: Dipplin|Syrup Bomb|p1b: Chi-Yu\n|-resisted|p1b: Chi-Yu\n|-damage|p1b: Chi-Yu|89\/100\n|-start|p1b: Chi-Yu|Syrup Bomb\n|\n|-damage|p2b: Dipplin|95\/100 brn|[from] brn\n|-unboost|p1b: Chi-Yu|spe|1\n|upkeep\n|\n|t:|1699816480\n|switch|p1a: Rabsca|Rabsca, L50, F|100\/100\n|turn|2\n|\n|t:|1699816505\n|switch|p2b: Landorus|Landorus-Therian, L50, M|100\/100\n|-ability|p2b: Landorus|Intimidate|boost\n|-unboost|p1a: Rabsca|atk|1\n|-unboost|p1b: Chi-Yu|atk|1\n|-terastallize|p1b: Chi-Yu|Water\n|move|p2a: Ogerpon|Knock Off|p1a: Rabsca\n|-supereffective|p1a: Rabsca\n|-damage|p1a: Rabsca|44\/100\n|-damage|p2a: Ogerpon|84\/100|[from] item: Rocky Helmet|[of] p1a: Rabsca\n|-enditem|p1a: Rabsca|Rocky Helmet|[from] move: Knock Off|[of] p2a: Ogerpon\n|move|p1b: Chi-Yu|Overheat|p2a: Ogerpon\n|-damage|p2a: Ogerpon|0 fnt\n|-unboost|p1b: Chi-Yu|spa|2\n|faint|p2a: Ogerpon\n|-damage|p1b: Chi-Yu|79\/100|[from] item: Life Orb\n|move|p1a: Rabsca|Revival Blessing|p1a: Rabsca\n|\n|t:|1699816521\n|-heal|p1: Brute Bonnet|50\/100|[from] move: Revival Blessing\n|\n|-unboost|p1b: Chi-Yu|spe|1\n|upkeep\n|\n|t:|1699816530\n|switch|p2a: Dipplin|Dipplin, L50, F|95\/100 brn\n|turn|3\n|\n|t:|1699816544\n|switch|p1b: Flamigo|Flamigo, L50, M|100\/100\n|-copyboost|p1b: Flamigo|p1a: Rabsca|[from] ability: Costar\n|move|p2b: Landorus|U-turn|p1a: Rabsca\n|-supereffective|p1a: Rabsca\n|-damage|p1a: Rabsca|0 fnt\n|faint|p1a: Rabsca\n|\n|t:|1699816550\n|switch|p2b: Arcanine|Arcanine-Hisui, L50, F|100\/100|[from] U-turn\n|move|p2a: Dipplin|Syrup Bomb|p1b: Flamigo\n|-resisted|p1b: Flamigo\n|-damage|p1b: Flamigo|81\/100\n|-start|p1b: Flamigo|Syrup Bomb\n|\n|-damage|p2a: Dipplin|89\/100 brn|[from] brn\n|-unboost|p1b: Flamigo|spe|1\n|upkeep\n|\n|t:|1699816560\n|switch|p1a: Chi-Yu|Chi-Yu, L50, tera:Water|79\/100\n|-ability|p1a: Chi-Yu|Beads of Ruin\n|turn|4\n|\n|t:|1699816573\n|move|p1b: Flamigo|Protect|p1b: Flamigo\n|-singleturn|p1b: Flamigo|Protect\n|move|p2b: Arcanine|Head Smash|p1b: Flamigo\n|-activate|p1b: Flamigo|move: Protect\n|move|p1a: Chi-Yu|Snarl|p2b: Arcanine|[spread] p2a,p2b\n|-crit|p2b: Arcanine\n|-damage|p2a: Dipplin|65\/100 brn\n|-damage|p2b: Arcanine|42\/100\n|-unboost|p2a: Dipplin|spa|1\n|-unboost|p2b: Arcanine|spa|1\n|-damage|p1a: Chi-Yu|69\/100|[from] item: Life Orb\n|move|p2a: Dipplin|Syrup Bomb|p1a: Chi-Yu\n|-supereffective|p1a: Chi-Yu\n|-damage|p1a: Chi-Yu|39\/100\n|-start|p1a: Chi-Yu|Syrup Bomb\n|\n|-damage|p2a: Dipplin|59\/100 brn|[from] brn\n|-unboost|p1a: Chi-Yu|spe|1\n|-unboost|p1b: Flamigo|spe|1\n|upkeep\n|turn|5\n|inactive|Battle timer is ON: inactive players will automatically lose when time's up. (requested by Patryk1)\n|\n|t:|1699816594\n|switch|p1b: Brute Bonnet|Brute Bonnet, L50|50\/100\n|-enditem|p1b: Brute Bonnet|Sitrus Berry|[eat]\n|-heal|p1b: Brute Bonnet|75\/100|[from] item: Sitrus Berry\n|move|p2b: Arcanine|Head Smash|p1b: Brute Bonnet\n|-damage|p1b: Brute Bonnet|16\/100\n|move|p1a: Chi-Yu|Snarl|p2b: Arcanine|[spread] p2a,p2b\n|-damage|p2a: Dipplin|34\/100 brn\n|-damage|p2b: Arcanine|1\/100\n|-unboost|p2a: Dipplin|spa|1\n|-unboost|p2b: Arcanine|spa|1\n|-damage|p1a: Chi-Yu|30\/100|[from] item: Life Orb\n|move|p2a: Dipplin|Syrup Bomb|p1a: Chi-Yu\n|-supereffective|p1a: Chi-Yu\n|-damage|p1a: Chi-Yu|6\/100\n|\n|-damage|p2a: Dipplin|28\/100 brn|[from] brn\n|-unboost|p1a: Chi-Yu|spe|1\n|upkeep\n|turn|6\n|inactive|Patryk1 has 30 seconds left.\n|inactive|olivermaul has 30 seconds left.\n|inactive|Patryk1 has 20 seconds left.\n|inactive|Patryk1 has 15 seconds left.\n|inactive|Patryk1 has 10 seconds left.\n|\n|t:|1699816641\n|move|p1b: Brute Bonnet|Sucker Punch|p2b: Arcanine\n|-damage|p2b: Arcanine|0 fnt\n|faint|p2b: Arcanine\n|move|p2a: Dipplin|Pollen Puff|p2: Arcanine|[notarget]\n|-fail|p2a: Dipplin\n|move|p1a: Chi-Yu|Overheat|p2a: Dipplin\n|-damage|p2a: Dipplin|0 fnt\n|-unboost|p1a: Chi-Yu|spa|2\n|faint|p2a: Dipplin\n|-damage|p1a: Chi-Yu|0 fnt|[from] item: Life Orb\n|faint|p1a: Chi-Yu\n|\n|upkeep\n|\n|t:|1699816652\n|switch|p2b: Landorus|Landorus-Therian, L50, M|100\/100\n|switch|p1a: Flamigo|Flamigo, L50, M|81\/100\n|-ability|p2b: Landorus|Intimidate|boost\n|-unboost|p1a: Flamigo|atk|1\n|-unboost|p1b: Brute Bonnet|atk|1\n|-copyboost|p1a: Flamigo|p1b: Brute Bonnet|[from] ability: Costar\n|turn|7\n|\n|t:|1699816667\n|-terastallize|p2b: Landorus|Grass\n|move|p1a: Flamigo|Wide Guard|p1a: Flamigo\n|-singleturn|p1a: Flamigo|Wide Guard\n|move|p2b: Landorus|Stone Edge|p1a: Flamigo\n|-damage|p1a: Flamigo|28\/100\n|move|p1b: Brute Bonnet|Seed Bomb|p2b: Landorus\n|-resisted|p2b: Landorus\n|-damage|p2b: Landorus|88\/100\n|\n|upkeep\n|turn|8\n|\n|t:|1699816679\n|move|p1b: Brute Bonnet|Rage Powder|p1b: Brute Bonnet\n|-singleturn|p1b: Brute Bonnet|move: Rage Powder\n|move|p2b: Landorus|Stone Edge|p1a: Flamigo|[miss]\n|-miss|p2b: Landorus|p1a: Flamigo\n|move|p1a: Flamigo|Brave Bird|p2b: Landorus\n|-supereffective|p2b: Landorus\n|-damage|p2b: Landorus|0 fnt\n|faint|p2b: Landorus\n|-damage|p1a: Flamigo|0 fnt|[from] Recoil\n|faint|p1a: Flamigo\n|\n|win|olivermaul\n|raw|olivermaul's rating: 1109 &rarr; <strong>1126<\/strong><br \/>(+17 for winning)\n|raw|Patryk1's rating: 1001 &rarr; <strong>1000<\/strong><br \/>(-1 for losing)\n|l|\u2606Patryk1\n","uploadtime":1699816692,"views":20,"p1id":"olivermaul","p2id":"patryk1","formatid":"gen9vgc2023regulatione","rating":1000,"private":0,"password":""}