{"id":"gen9vgc2023regulatione-1991713645","p1":"MidianVGC","p2":"deadenne","format":"[Gen 9] VGC 2023 Regulation E","log":"|j|\u2606MidianVGC\n|j|\u2606deadenne\n|t:|1700105895\n|gametype|doubles\n|player|p1|MidianVGC|2|1317\n|player|p2|deadenne|ghetsis-gen5bw|1275\n|teamsize|p1|6\n|teamsize|p2|6\n|gen|9\n|tier|[Gen 9] VGC 2023 Regulation E\n|rated|\n|rule|Species Clause: Limit one of each Pok\u00e9mon\n|rule|Item Clause: Limit one of each item\n|clearpoke\n|poke|p1|Torkoal, L50, M|\n|poke|p1|Flutter Mane, L50|\n|poke|p1|Chi-Yu, L50|\n|poke|p1|Jumpluff, L50, F|\n|poke|p1|Bronzong, L50|\n|poke|p1|Iron Hands, L50|\n|poke|p2|Tornadus, L50, M|\n|poke|p2|Flutter Mane, L50|\n|poke|p2|Urshifu-*, L50, M|\n|poke|p2|Ursaluna-Bloodmoon, L50, M|\n|poke|p2|Indeedee-F, L50, F|\n|poke|p2|Hydreigon, L50, M|\n|teampreview|4\n|inactive|Battle timer is ON: inactive players will automatically lose when time's up. (requested by deadenne)\n|inactive|MidianVGC has 60 seconds left.\n|inactive|MidianVGC has 30 seconds left.\n|\n|t:|1700105977\n|start\n|switch|p1a: Jumpluff|Jumpluff, L50, F|100\/100\n|switch|p1b: Torkoal|Torkoal, L50, M, shiny|100\/100\n|switch|p2a: Piccolo|Tornadus, L50, M|100\/100\n|switch|p2b: Kakarot|Urshifu-Rapid-Strike, L50, M|100\/100\n|-weather|SunnyDay|[from] ability: Drought|[of] p1b: Torkoal\n|turn|1\n|inactive|MidianVGC has 30 seconds left.\n|inactive|MidianVGC has 20 seconds left.\n|\n|t:|1700106015\n|switch|p1b: Iron Hands|Iron Hands, L50|100\/100\n|move|p2a: Piccolo|Taunt|p1a: Jumpluff\n|-start|p1a: Jumpluff|move: Taunt\n|-enditem|p1a: Jumpluff|Mental Herb\n|-end|p1a: Jumpluff|move: Taunt\n|move|p1a: Jumpluff|Sleep Powder|p2b: Kakarot|[miss]\n|-miss|p1a: Jumpluff|p2b: Kakarot\n|move|p2b: Kakarot|Surging Strikes|p1b: Iron Hands\n|-crit|p1b: Iron Hands\n|-damage|p1b: Iron Hands|94\/100\n|-crit|p1b: Iron Hands\n|-damage|p1b: Iron Hands|88\/100\n|-crit|p1b: Iron Hands\n|-damage|p1b: Iron Hands|81\/100\n|-hitcount|p1b: Iron Hands|3\n|\n|-weather|SunnyDay|[upkeep]\n|upkeep\n|turn|2\n|inactive|MidianVGC has 30 seconds left.\n|inactive|deadenne has 30 seconds left.\n|inactive|deadenne has 20 seconds left.\n|inactive|deadenne has 15 seconds left.\n|inactive|deadenne has 10 seconds left.\n|inactive|deadenne has 5 seconds left.\n|\n|t:|1700106070\n|move|p2b: Kakarot|Detect|p2b: Kakarot\n|-singleturn|p2b: Kakarot|Protect\n|move|p1b: Iron Hands|Fake Out|p2a: Piccolo\n|-damage|p2a: Piccolo|80\/100\n|move|p2a: Piccolo|Tailwind|p2a: Piccolo\n|-sidestart|p2: deadenne|move: Tailwind\n|move|p1a: Jumpluff|Sleep Powder|p2b: Kakarot\n|-activate|p2b: Kakarot|move: Protect\n|\n|-weather|SunnyDay|[upkeep]\n|upkeep\n|turn|3\n|inactive|deadenne has 30 seconds left.\n|\n|t:|1700106095\n|switch|p1a: Flutter Mane|Flutter Mane, L50, shiny|100\/100\n|-activate|p1a: Flutter Mane|ability: Protosynthesis\n|-start|p1a: Flutter Mane|protosynthesisspa\n|move|p2a: Piccolo|Taunt|p1a: Flutter Mane\n|-start|p1a: Flutter Mane|move: Taunt\n|move|p2b: Kakarot|Surging Strikes|p1b: Iron Hands\n|-crit|p1b: Iron Hands\n|-damage|p1b: Iron Hands|74\/100\n|-crit|p1b: Iron Hands\n|-damage|p1b: Iron Hands|68\/100\n|-crit|p1b: Iron Hands\n|-damage|p1b: Iron Hands|62\/100\n|-hitcount|p1b: Iron Hands|3\n|move|p1b: Iron Hands|Wild Charge|p2a: Piccolo\n|-supereffective|p2a: Piccolo\n|-damage|p2a: Piccolo|0 fnt\n|faint|p2a: Piccolo\n|-damage|p1b: Iron Hands|48\/100|[from] Recoil\n|\n|-weather|SunnyDay|[upkeep]\n|upkeep\n|\n|t:|1700106107\n|switch|p2a: Kaido|Ursaluna-Bloodmoon, L50, M|100\/100\n|turn|4\n|inactive|MidianVGC has 30 seconds left.\n|inactive|MidianVGC has 20 seconds left.\n|\n|t:|1700106145\n|-end|p1b: Iron Hands|Quark Drive|[silent]\n|switch|p1b: Jumpluff|Jumpluff, L50, F|100\/100\n|-terastallize|p2b: Kakarot|Water\n|move|p2b: Kakarot|Surging Strikes|p1a: Flutter Mane\n|-crit|p1a: Flutter Mane\n|-damage|p1a: Flutter Mane|77\/100\n|-crit|p1a: Flutter Mane\n|-damage|p1a: Flutter Mane|54\/100\n|-crit|p1a: Flutter Mane\n|-damage|p1a: Flutter Mane|33\/100\n|-hitcount|p1a: Flutter Mane|3\n|move|p1a: Flutter Mane|Dazzling Gleam|p2b: Kakarot|[spread] p2a,p2b\n|-damage|p2a: Kaido|26\/100\n|-damage|p2b: Kakarot|4\/100\n|move|p2a: Kaido|Earth Power|p1b: Jumpluff\n|-immune|p1b: Jumpluff\n|\n|-weather|SunnyDay|[upkeep]\n|upkeep\n|turn|5\n|\n|t:|1700106163\n|move|p1b: Jumpluff|Tailwind|p1b: Jumpluff\n|-sidestart|p1: MidianVGC|move: Tailwind\n|move|p1a: Flutter Mane|Dazzling Gleam|p2a: Kaido|[spread] p2a,p2b\n|-damage|p2a: Kaido|0 fnt\n|-damage|p2b: Kakarot|0 fnt\n|faint|p2a: Kaido\n|faint|p2b: Kakarot\n|\n|-weather|none\n|-end|p1a: Flutter Mane|Protosynthesis\n|-end|p1a: Flutter Mane|move: Taunt\n|-sideend|p2: deadenne|move: Tailwind\n|upkeep\n|-message|deadenne forfeited.\n|\n|win|MidianVGC\n|raw|MidianVGC's rating: 1317 &rarr; <strong>1335<\/strong><br \/>(+18 for winning)\n|raw|deadenne's rating: 1275 &rarr; <strong>1253<\/strong><br \/>(-22 for losing)\n|l|\u2606deadenne\n","uploadtime":1700106177,"views":26,"p1id":"midianvgc","p2id":"deadenne","formatid":"gen9vgc2023regulatione","rating":1253,"private":0,"password":""}