{"id":"gen9vgc2023regulatione-1990646162","p1":"Shinysucines94","p2":"gabite-enjoyer2007","format":"[Gen 9] VGC 2023 Regulation E","log":"|j|\u2606Shinysucines94\n|j|\u2606gabite-enjoyer2007\n|t:|1699988413\n|gametype|doubles\n|player|p1|Shinysucines94|brawly|1190\n|player|p2|gabite-enjoyer2007|birdkeeper|1171\n|teamsize|p1|6\n|teamsize|p2|6\n|gen|9\n|tier|[Gen 9] VGC 2023 Regulation E\n|rated|\n|rule|Species Clause: Limit one of each Pok\u00e9mon\n|rule|Item Clause: Limit one of each item\n|clearpoke\n|poke|p1|Gholdengo, L50|\n|poke|p1|Iron Hands, L50|\n|poke|p1|Amoonguss, L50, M|\n|poke|p1|Iron Bundle, L50|\n|poke|p1|Pelipper, L50, M|\n|poke|p1|Salamence, L50, M|\n|poke|p2|Rillaboom, L50, F|\n|poke|p2|Arcanine-Hisui, L50, M|\n|poke|p2|Urshifu-*, L50, M|\n|poke|p2|Roaring Moon, L50|\n|poke|p2|Gholdengo, L50|\n|poke|p2|Clefairy, L50, M|\n|teampreview|4\n|inactive|Battle timer is ON: inactive players will automatically lose when time's up. (requested by Shinysucines94)\nShinysucines94 rejected open team sheets.\n|\n|t:|1699988447\n|start\n|switch|p1a: Iron Hands|Iron Hands, L50|100\/100\n|switch|p1b: Amoonguss|Amoonguss, L50, M|100\/100\n|switch|p2a: Arcanine|Arcanine-Hisui, L50, M|100\/100\n|switch|p2b: Roaring Moon|Roaring Moon, L50|100\/100\n|-ability|p2a: Arcanine|Intimidate|boost\n|-unboost|p1a: Iron Hands|atk|1\n|-unboost|p1b: Amoonguss|atk|1\n|-enditem|p2b: Roaring Moon|Booster Energy\n|-activate|p2b: Roaring Moon|ability: Protosynthesis|[fromitem]\n|-start|p2b: Roaring Moon|protosynthesisspe\n|turn|1\n|\n|t:|1699988464\n|-end|p2b: Roaring Moon|Protosynthesis|[silent]\n|switch|p2b: Rillaboom|Rillaboom, L50, F|100\/100\n|-fieldstart|move: Grassy Terrain|[from] ability: Grassy Surge|[of] p2b: Rillaboom\n|-end|p1a: Iron Hands|Quark Drive|[silent]\n|switch|p1a: Salamence|Salamence, L50, M|100\/100\n|-ability|p1a: Salamence|Intimidate|boost\n|-unboost|p2a: Arcanine|atk|1\n|-unboost|p2b: Rillaboom|atk|1\n|move|p1b: Amoonguss|Protect|p1b: Amoonguss\n|-singleturn|p1b: Amoonguss|Protect\n|move|p2a: Arcanine|Will-O-Wisp|p1a: Salamence\n|-status|p1a: Salamence|brn\n|\n|-damage|p1a: Salamence|95\/100 brn|[from] brn\n|upkeep\n|turn|2\n|inactive|Shinysucines94 has 30 seconds left.\n|\n|t:|1699988492\n|move|p2b: Rillaboom|Fake Out|p1a: Salamence\n|-damage|p1a: Salamence|84\/100 brn\n|cant|p1a: Salamence|flinch\n|move|p2a: Arcanine|Flare Blitz|p1b: Amoonguss\n|-supereffective|p1b: Amoonguss\n|-damage|p1b: Amoonguss|35\/100\n|-enditem|p1b: Amoonguss|Sitrus Berry|[eat]\n|-heal|p1b: Amoonguss|60\/100|[from] item: Sitrus Berry\n|-damage|p2a: Arcanine|75\/100|[from] Recoil\n|move|p1b: Amoonguss|Spore|p2a: Arcanine\n|-status|p2a: Arcanine|slp|[from] move: Spore\n|\n|-heal|p2a: Arcanine|80\/100 slp|[from] Grassy Terrain\n|-heal|p1b: Amoonguss|66\/100|[from] Grassy Terrain\n|-damage|p1a: Salamence|78\/100 brn|[from] brn\n|upkeep\n|turn|3\n|inactive|Shinysucines94 has 30 seconds left.\n|inactive|gabite-enjoyer2007 has 30 seconds left.\n|\n|t:|1699988521\n|switch|p2a: Urshifu|Urshifu-Rapid-Strike, L50, M|100\/100\n|switch|p2b: Roaring Moon|Roaring Moon, L50|100\/100\n|switch|p1b: Iron Hands|Iron Hands, L50|100\/100\n|move|p1a: Salamence|Hurricane|p2b: Roaring Moon|[miss]\n|-miss|p1a: Salamence|p2b: Roaring Moon\n|\n|-damage|p1a: Salamence|72\/100 brn|[from] brn\n|upkeep\n|turn|4\n|inactive|Shinysucines94 has 30 seconds left.\n|inactive|gabite-enjoyer2007 has 30 seconds left.\n|\n|t:|1699988550\n|-terastallize|p1b: Iron Hands|Water\n|move|p1a: Salamence|Hurricane|p2a: Urshifu\n|-supereffective|p2a: Urshifu\n|-damage|p2a: Urshifu|0 fnt\n|faint|p2a: Urshifu\n|move|p2b: Roaring Moon|Acrobatics|p1b: Iron Hands\n|-damage|p1b: Iron Hands|75\/100\n|move|p1b: Iron Hands|Wild Charge|p2b: Roaring Moon\n|-resisted|p2b: Roaring Moon\n|-damage|p2b: Roaring Moon|65\/100\n|-damage|p1b: Iron Hands|68\/100|[from] Recoil\n|\n|-heal|p2b: Roaring Moon|71\/100|[from] Grassy Terrain\n|-heal|p1b: Iron Hands|74\/100|[from] Grassy Terrain\n|-damage|p1a: Salamence|66\/100 brn|[from] brn\n|upkeep\n|\n|t:|1699988565\n|switch|p2a: Arcanine|Arcanine-Hisui, L50, M|80\/100 slp\n|-ability|p2a: Arcanine|Intimidate|boost\n|-unboost|p1a: Salamence|atk|1\n|-unboost|p1b: Iron Hands|atk|1\n|turn|5\n|\n|t:|1699988584\n|switch|p1a: Amoonguss|Amoonguss, L50, M|99\/100\n|move|p2b: Roaring Moon|Protect|p2b: Roaring Moon\n|-singleturn|p2b: Roaring Moon|Protect\n|cant|p2a: Arcanine|slp\n|move|p1b: Iron Hands|Drain Punch|p2a: Arcanine\n|-supereffective|p2a: Arcanine\n|-damage|p2a: Arcanine|12\/100 slp\n|-heal|p1b: Iron Hands|100\/100|[from] drain|[of] p2a: Arcanine\n|-enditem|p2a: Arcanine|Sitrus Berry|[eat]\n|-heal|p2a: Arcanine|37\/100 slp|[from] item: Sitrus Berry\n|\n|-heal|p2b: Roaring Moon|77\/100|[from] Grassy Terrain\n|-heal|p2a: Arcanine|43\/100 slp|[from] Grassy Terrain\n|-heal|p1a: Amoonguss|100\/100|[from] Grassy Terrain\n|-fieldend|move: Grassy Terrain\n|upkeep\n|turn|6\n|\n|t:|1699988604\n|-end|p2b: Roaring Moon|Protosynthesis|[silent]\n|switch|p2b: Rillaboom|Rillaboom, L50, F|100\/100\n|-fieldstart|move: Grassy Terrain|[from] ability: Grassy Surge|[of] p2b: Rillaboom\n|-end|p1b: Iron Hands|Quark Drive|[silent]\n|switch|p1b: Salamence|Salamence, L50, M|66\/100 brn\n|-ability|p1b: Salamence|Intimidate|boost\n|-unboost|p2a: Arcanine|atk|1\n|-unboost|p2b: Rillaboom|atk|1\n|cant|p2a: Arcanine|slp\n|move|p1a: Amoonguss|Spore|p2b: Rillaboom\n|-immune|p2b: Rillaboom\n|\n|-heal|p2a: Arcanine|49\/100 slp|[from] Grassy Terrain\n|-damage|p1b: Salamence|60\/100 brn|[from] brn\n|upkeep\n|turn|7\n|\n|t:|1699988629\n|move|p2b: Rillaboom|Fake Out|p1b: Salamence\n|-damage|p1b: Salamence|50\/100 brn\n|cant|p1b: Salamence|flinch\n|-curestatus|p2a: Arcanine|slp|[msg]\n|move|p2a: Arcanine|Flare Blitz|p1a: Amoonguss\n|-supereffective|p1a: Amoonguss\n|-damage|p1a: Amoonguss|37\/100\n|-damage|p2a: Arcanine|24\/100|[from] Recoil\n|move|p1a: Amoonguss|Pollen Puff|p1b: Salamence\n|-heal|p1b: Salamence|99\/100 brn\n|\n|-heal|p2a: Arcanine|30\/100|[from] Grassy Terrain\n|-heal|p1a: Amoonguss|43\/100|[from] Grassy Terrain\n|-damage|p1b: Salamence|94\/100 brn|[from] brn\n|upkeep\n|turn|8\n|inactive|gabite-enjoyer2007 has 30 seconds left.\n|\n|t:|1699988654\n|switch|p2b: Roaring Moon|Roaring Moon, L50|77\/100\n|move|p1a: Amoonguss|Protect|p1a: Amoonguss\n|-singleturn|p1a: Amoonguss|Protect\n|move|p1b: Salamence|Hurricane|p2b: Roaring Moon\n|-damage|p2b: Roaring Moon|28\/100\n|-start|p2b: Roaring Moon|confusion\n|move|p2a: Arcanine|Flare Blitz|p1a: Amoonguss\n|-activate|p1a: Amoonguss|move: Protect\n|\n|-heal|p2b: Roaring Moon|34\/100|[from] Grassy Terrain\n|-heal|p2a: Arcanine|36\/100|[from] Grassy Terrain\n|-heal|p1a: Amoonguss|49\/100|[from] Grassy Terrain\n|-damage|p1b: Salamence|88\/100 brn|[from] brn\n|upkeep\n|turn|9\n|\n|t:|1699988678\n|switch|p1a: Iron Hands|Iron Hands, L50, tera:Water|100\/100\n|move|p1b: Salamence|Hurricane|p2a: Arcanine|[miss]\n|-miss|p1b: Salamence|p2a: Arcanine\n|-activate|p2b: Roaring Moon|confusion\n|move|p2b: Roaring Moon|Knock Off|p1b: Salamence\n|-damage|p1b: Salamence|22\/100 brn\n|-enditem|p1b: Salamence|Choice Scarf|[from] move: Knock Off|[of] p2b: Roaring Moon\n|move|p2a: Arcanine|Rock Slide|p1a: Iron Hands|[spread] p1b\n|-miss|p2a: Arcanine|p1a: Iron Hands\n|-supereffective|p1b: Salamence\n|-damage|p1b: Salamence|0 fnt\n|faint|p1b: Salamence\n|\n|-heal|p2b: Roaring Moon|40\/100|[from] Grassy Terrain\n|-heal|p2a: Arcanine|42\/100|[from] Grassy Terrain\n|upkeep\n|\n|t:|1699988695\n|switch|p1b: Amoonguss|Amoonguss, L50, M|82\/100\n|turn|10\n|\n|t:|1699988703\n|move|p1a: Iron Hands|Fake Out|p2a: Arcanine\n|-resisted|p2a: Arcanine\n|-damage|p2a: Arcanine|33\/100\n|-end|p2b: Roaring Moon|confusion\n|move|p2b: Roaring Moon|Acrobatics|p1b: Amoonguss\n|-supereffective|p1b: Amoonguss\n|-crit|p1b: Amoonguss\n|-damage|p1b: Amoonguss|0 fnt\n|faint|p1b: Amoonguss\n|cant|p2a: Arcanine|flinch\n|\n|-heal|p2b: Roaring Moon|46\/100|[from] Grassy Terrain\n|-heal|p2a: Arcanine|39\/100|[from] Grassy Terrain\n|-fieldend|move: Grassy Terrain\n|upkeep\n|\n|t:|1699988709\n|switch|p1b: Gholdengo|Gholdengo, L50|100\/100\n|turn|11\n|\n|t:|1699988723\n|move|p1b: Gholdengo|Protect|p1b: Gholdengo\n|-singleturn|p1b: Gholdengo|Protect\n|move|p2b: Roaring Moon|Knock Off|p1b: Gholdengo\n|-activate|p1b: Gholdengo|move: Protect\n|move|p2a: Arcanine|Will-O-Wisp|p1a: Iron Hands\n|-status|p1a: Iron Hands|brn\n|move|p1a: Iron Hands|Drain Punch|p2a: Arcanine\n|-supereffective|p2a: Arcanine\n|-damage|p2a: Arcanine|0 fnt\n|faint|p2a: Arcanine\n|\n|-damage|p1a: Iron Hands|94\/100 brn|[from] brn\n|upkeep\n|\n|t:|1699988735\n|switch|p2a: Rillaboom|Rillaboom, L50, F|100\/100\n|-fieldstart|move: Grassy Terrain|[from] ability: Grassy Surge|[of] p2a: Rillaboom\n|turn|12\n|\n|t:|1699988749\n|move|p2b: Roaring Moon|Knock Off|p1b: Gholdengo\n|-supereffective|p1b: Gholdengo\n|-crit|p1b: Gholdengo\n|-damage|p1b: Gholdengo|0 fnt\n|-enditem|p1b: Gholdengo|Leftovers|[from] move: Knock Off|[of] p2b: Roaring Moon\n|faint|p1b: Gholdengo\n|move|p2a: Rillaboom|High Horsepower|p1a: Iron Hands\n|-damage|p1a: Iron Hands|73\/100 brn\n|move|p1a: Iron Hands|Drain Punch|p2b: Roaring Moon\n|-supereffective|p2b: Roaring Moon\n|-damage|p2b: Roaring Moon|0 fnt\n|-heal|p1a: Iron Hands|90\/100 brn|[from] drain|[of] p2b: Roaring Moon\n|faint|p2b: Roaring Moon\n|-end|p2b: Roaring Moon|Protosynthesis|[silent]\n|\n|-heal|p1a: Iron Hands|97\/100 brn|[from] Grassy Terrain\n|-damage|p1a: Iron Hands|90\/100 brn|[from] brn\n|upkeep\n|turn|13\n|\n|t:|1699988773\n|-terastallize|p2a: Rillaboom|Grass\n|move|p2a: Rillaboom|Grassy Glide|p1a: Iron Hands\n|-supereffective|p1a: Iron Hands\n|-damage|p1a: Iron Hands|24\/100 brn\n|move|p1a: Iron Hands|Drain Punch|p2a: Rillaboom\n|-damage|p2a: Rillaboom|81\/100\n|-heal|p1a: Iron Hands|33\/100 brn|[from] drain|[of] p2a: Rillaboom\n|\n|-heal|p2a: Rillaboom|86\/100|[from] Grassy Terrain\n|-heal|p1a: Iron Hands|39\/100 brn|[from] Grassy Terrain\n|-damage|p1a: Iron Hands|33\/100 brn|[from] brn\n|upkeep\n|turn|14\n|inactive|Shinysucines94 has 30 seconds left.\n|\n|t:|1699988807\n|move|p2a: Rillaboom|Grassy Glide|p1a: Iron Hands\n|-supereffective|p1a: Iron Hands\n|-damage|p1a: Iron Hands|0 fnt\n|faint|p1a: Iron Hands\n|-end|p1a: Iron Hands|Quark Drive|[silent]\n|\n|win|gabite-enjoyer2007\n|raw|Shinysucines94's rating: 1190 &rarr; <strong>1164<\/strong><br \/>(-26 for losing)\n|raw|gabite-enjoyer2007's rating: 1171 &rarr; <strong>1197<\/strong><br \/>(+26 for winning)\n|l|\u2606Shinysucines94\n|c|\u2606gabite-enjoyer2007|gg\n","uploadtime":1699988817,"views":9,"p1id":"shinysucines94","p2id":"gabiteenjoyer2007","formatid":"gen9vgc2023regulatione","rating":1164,"private":0,"password":""}