{"id":"gen9vgc2023regulatione-1990959510","p1":"brandonwong100402","p2":"k1tfox","format":"[Gen 9] VGC 2023 Regulation E","log":"|j|\u2606brandonwong100402\n|j|\u2606k1tfox\n|t:|1700019953\n|gametype|doubles\n|player|p1|brandonwong100402|cynthia|1128\n|player|p2|k1tfox|harlequin|1024\n|teamsize|p1|6\n|teamsize|p2|6\n|gen|9\n|tier|[Gen 9] VGC 2023 Regulation E\n|rated|\n|rule|Species Clause: Limit one of each Pok\u00e9mon\n|rule|Item Clause: Limit one of each item\n|clearpoke\n|poke|p1|Ogerpon-Wellspring, L50, F|\n|poke|p1|Arcanine-Hisui, L50, M|\n|poke|p1|Chien-Pao, L50|\n|poke|p1|Dragonite, L50, M|\n|poke|p1|Tornadus, L50, M|\n|poke|p1|Amoonguss, L50, F|\n|poke|p2|Slaking, L50, F|\n|poke|p2|Weezing-Galar, L50, M|\n|poke|p2|Thundurus, L50, M|\n|poke|p2|Pelipper, L50, F|\n|poke|p2|Urshifu-*, L50, F|\n|poke|p2|Scizor, L50, F|\n|teampreview|4\n|inactive|Battle timer is ON: inactive players will automatically lose when time's up. (requested by brandonwong100402)\n|\n|t:|1700019993\n|start\n|switch|p1a: Tornadus|Tornadus, L50, M|100\/100\n|switch|p1b: Dragonite|Dragonite, L50, M|100\/100\n|switch|p2a: Slaking|Slaking, L50, F|100\/100\n|switch|p2b: Weezing|Weezing-Galar, L50, M|100\/100\n|-ability|p2b: Weezing|Neutralizing Gas\n|turn|1\n|inactive|k1tfox has 30 seconds left.\n|\n|t:|1700020027\n|switch|p1a: Arcanine|Arcanine-Hisui, L50, M|100\/100\n|-terastallize|p1b: Dragonite|Steel\n|move|p2a: Slaking|Body Slam|p1b: Dragonite\n|-resisted|p1b: Dragonite\n|-damage|p1b: Dragonite|74\/100\n|move|p1b: Dragonite|Tera Blast|p2b: Weezing|[anim] Tera Blast Steel\n|-supereffective|p2b: Weezing\n|-damage|p2b: Weezing|24\/100\n|-enditem|p2b: Weezing|Aguav Berry|[eat]\n|-heal|p2b: Weezing|57\/100|[from] item: Aguav Berry\n|move|p2b: Weezing|Will-O-Wisp|p1b: Dragonite\n|-status|p1b: Dragonite|brn\n|\n|-damage|p1b: Dragonite|68\/100 brn|[from] brn\n|upkeep\n|turn|2\n|inactive|k1tfox has 30 seconds left.\n|inactive|k1tfox has 20 seconds left.\n|\n|t:|1700020066\n|-end|p2b: Weezing|ability: Neutralizing Gas\n|-ability|p1a: Arcanine|Intimidate|boost\n|-unboost|p2a: Slaking|atk|1\n|-unboost|p2b: Weezing|atk|1\n|switch|p2b: Urshifu|Urshifu-Rapid-Strike, L50, F|100\/100\n|move|p1a: Arcanine|Extreme Speed|p2b: Urshifu\n|-damage|p2b: Urshifu|62\/100\n|move|p2a: Slaking|Drain Punch|p1a: Arcanine\n|-supereffective|p1a: Arcanine\n|-damage|p1a: Arcanine|41\/100\n|move|p1b: Dragonite|Tera Blast|p2b: Urshifu|[anim] Tera Blast Steel\n|-resisted|p2b: Urshifu\n|-damage|p2b: Urshifu|32\/100\n|\n|-damage|p1b: Dragonite|62\/100 brn|[from] brn\n|upkeep\n|turn|3\n|\n|t:|1700020085\n|switch|p2b: Weezing|Weezing-Galar, L50, M|57\/100\n|-ability|p2b: Weezing|Neutralizing Gas\n|switch|p1a: Ogerpon|Ogerpon-Wellspring, L50, F|100\/100\n|switch|p1b: Tornadus|Tornadus, L50, M|100\/100\n|move|p2a: Slaking|Drain Punch|p1a: Ogerpon\n|-damage|p1a: Ogerpon|76\/100\n|\n|upkeep\n|turn|4\n|inactive|k1tfox has 30 seconds left.\n|\n|t:|1700020115\n|move|p1a: Ogerpon|Ivy Cudgel|p2b: Weezing|[anim] Ivy Cudgel Water\n|-damage|p2b: Weezing|11\/100\n|move|p1b: Tornadus|Tailwind|p1b: Tornadus\n|-sidestart|p1: brandonwong100402|move: Tailwind\n|move|p2a: Slaking|Knock Off|p1b: Tornadus\n|-damage|p1b: Tornadus|62\/100\n|-enditem|p1b: Tornadus|Covert Cloak|[from] move: Knock Off|[of] p2a: Slaking\n|move|p2b: Weezing|Dazzling Gleam|p1b: Tornadus|[spread] p1a,p1b\n|-damage|p1a: Ogerpon|60\/100\n|-damage|p1b: Tornadus|49\/100\n|\n|upkeep\n|turn|5\n|\n|t:|1700020137\n|move|p1a: Ogerpon|Swords Dance|p1a: Ogerpon\n|-boost|p1a: Ogerpon|atk|2\n|move|p1b: Tornadus|Bleakwind Storm|p2b: Weezing|[spread] p2a\n|-miss|p1b: Tornadus|p2b: Weezing\n|-damage|p2a: Slaking|81\/100\n|move|p2a: Slaking|Body Slam|p1a: Ogerpon\n|-damage|p1a: Ogerpon|14\/100\n|-status|p1a: Ogerpon|par\n|move|p2b: Weezing|Pain Split|p1a: Ogerpon\n|-sethp|p1a: Ogerpon|12\/100 par|[from] move: Pain Split|[silent]\n|-sethp|p2b: Weezing|13\/100|[from] move: Pain Split\n|\n|upkeep\n|turn|6\n|inactive|k1tfox has 30 seconds left.\n|c|\u2606k1tfox|brain fart moment\n|c|\u2606k1tfox|my bad\n|inactive|k1tfox has 20 seconds left.\n|inactive|k1tfox has 15 seconds left.\n|\n|t:|1700020182\n|move|p1b: Tornadus|Bleakwind Storm|p2a: Slaking|[spread] p2b\n|-miss|p1b: Tornadus|p2a: Slaking\n|-damage|p2b: Weezing|0 fnt\n|faint|p2b: Weezing\n|-end|p2b: Weezing|ability: Neutralizing Gas\n|move|p1a: Ogerpon|Horn Leech|p2a: Slaking\n|-damage|p2a: Slaking|33\/100\n|-heal|p1a: Ogerpon|45\/100 par|[from] drain|[of] p2a: Slaking\n|move|p2a: Slaking|Body Slam|p1b: Tornadus\n|-damage|p1b: Tornadus|0 fnt\n|faint|p1b: Tornadus\n|\n|upkeep\n|\n|t:|1700020195\n|switch|p1b: Arcanine|Arcanine-Hisui, L50, M|41\/100\n|switch|p2b: Urshifu|Urshifu-Rapid-Strike, L50, F|32\/100\n|-ability|p1b: Arcanine|Intimidate|boost\n|-unboost|p2a: Slaking|atk|1\n|-unboost|p2b: Urshifu|atk|1\n|turn|7\n|\n|t:|1700020211\n|move|p1b: Arcanine|Extreme Speed|p2a: Slaking\n|-damage|p2a: Slaking|6\/100\n|move|p1a: Ogerpon|Follow Me|p1a: Ogerpon\n|-singleturn|p1a: Ogerpon|move: Follow Me\n|move|p2b: Urshifu|Rock Slide|p1a: Ogerpon|[spread] p1a,p1b\n|-supereffective|p1b: Arcanine\n|-damage|p1a: Ogerpon|31\/100 par\n|-damage|p1b: Arcanine|7\/100\n|cant|p2a: Slaking|ability: Truant\n|\n|-sideend|p1: brandonwong100402|move: Tailwind\n|upkeep\n|turn|8\n|\n|t:|1700020225\n|move|p1b: Arcanine|Extreme Speed|p2a: Slaking\n|-damage|p2a: Slaking|0 fnt\n|faint|p2a: Slaking\n|move|p2b: Urshifu|Rock Slide|p1b: Arcanine|[spread] p1b\n|-miss|p2b: Urshifu|p1a: Ogerpon\n|-supereffective|p1b: Arcanine\n|-damage|p1b: Arcanine|0 fnt\n|faint|p1b: Arcanine\n|cant|p1a: Ogerpon|par\n|\n|upkeep\n|\n|t:|1700020235\n|switch|p1b: Dragonite|Dragonite, L50, M, tera:Steel|62\/100 brn\n|switch|p2a: Scizor|Scizor, L50, F|100\/100\n|turn|9\n|\n|t:|1700020257\n|-terastallize|p2a: Scizor|Flying\n|move|p2b: Urshifu|Surging Strikes|p1b: Dragonite\n|-crit|p1b: Dragonite\n|-damage|p1b: Dragonite|42\/100 brn\n|-crit|p1b: Dragonite\n|-damage|p1b: Dragonite|22\/100 brn\n|-crit|p1b: Dragonite\n|-damage|p1b: Dragonite|0 fnt\n|faint|p1b: Dragonite\n|-hitcount|p1: Dragonite|3\n|cant|p1a: Ogerpon|par\n|move|p2a: Scizor|Dual Wingbeat|p1a: Ogerpon\n|-supereffective|p1a: Ogerpon\n|-damage|p1a: Ogerpon|0 fnt\n|faint|p1a: Ogerpon\n|-hitcount|p1: Ogerpon|1\n|\n|win|k1tfox\n|raw|brandonwong100402's rating: 1128 &rarr; <strong>1096<\/strong><br \/>(-32 for losing)\n|raw|k1tfox's rating: 1024 &rarr; <strong>1071<\/strong><br \/>(+47 for winning)\n|l|\u2606brandonwong100402\n|c|\u2606k1tfox|gg\n","uploadtime":1700020285,"views":8,"p1id":"brandonwong100402","p2id":"k1tfox","formatid":"gen9vgc2023regulatione","rating":1071,"private":0,"password":""}