{"id":"gen9vgc2023regulatione-1999244468","p1":"Crayons16","p2":"BattleBlazikenVGC","format":"[Gen 9] VGC 2023 Regulation E","log":"|j|\u2606Crayons16\n|j|\u2606BattleBlazikenVGC\n|t:|1701050020\n|gametype|doubles\n|player|p1|Crayons16|cynthia|1372\n|player|p2|BattleBlazikenVGC|ltsurge|1416\n|teamsize|p1|6\n|teamsize|p2|6\n|gen|9\n|tier|[Gen 9] VGC 2023 Regulation E\n|rated|\n|rule|Species Clause: Limit one of each Pok\u00e9mon\n|rule|Item Clause: Limit one of each item\n|clearpoke\n|poke|p1|Rillaboom, L50, F|\n|poke|p1|Sneasler, L50, F|\n|poke|p1|Arcanine-Hisui, L50, F|\n|poke|p1|Ninetales-Alola, L50, F|\n|poke|p1|Landorus-Therian, L50, M|\n|poke|p1|Chien-Pao, L50|\n|poke|p2|Drifblim, L50, M|\n|poke|p2|Clefairy, L50, F|\n|poke|p2|Dondozo, L50, M|\n|poke|p2|Tatsugiri, L50, F|\n|poke|p2|Flamigo, L50, F|\n|poke|p2|Azelf, L50|\n|teampreview|4\nCrayons16 has agreed to open team sheets.\nBattleBlazikenVGC rejected open team sheets.\n|\n|t:|1701050051\n|start\n|switch|p1a: Donkey Kong|Rillaboom, L50, F|100\/100\n|switch|p1b: Frown|Sneasler, L50, F|100\/100\n|switch|p2a: Azelf|Azelf, L50|100\/100\n|switch|p2b: Tatsugiri|Tatsugiri, L50, F|100\/100\n|-fieldstart|move: Grassy Terrain|[from] ability: Grassy Surge|[of] p1a: Donkey Kong\n|-enditem|p1b: Frown|Grassy Seed\n|-boost|p1b: Frown|def|1|[from] item: Grassy Seed\n|turn|1\n|\n|t:|1701050063\n|move|p2b: Tatsugiri|Endure|p2b: Tatsugiri\n|-singleturn|p2b: Tatsugiri|move: Endure\n|move|p1b: Frown|Dire Claw|p2b: Tatsugiri\n|-damage|p2b: Tatsugiri|10\/100\n|-status|p2b: Tatsugiri|par\n|move|p2a: Azelf|Explosion|p1a: Donkey Kong|[spread] p2b,p1a,p1b\n|-activate|p2b: Tatsugiri|move: Endure\n|-damage|p2b: Tatsugiri|1\/100 par\n|-damage|p1a: Donkey Kong|51\/100\n|-damage|p1b: Frown|46\/100\n|faint|p2a: Azelf\n|move|p1a: Donkey Kong|Wood Hammer|p2b: Tatsugiri\n|-activate|p2b: Tatsugiri|move: Endure\n|-damage|p2b: Tatsugiri|1\/100 par\n|\n|-heal|p1b: Frown|51\/100|[from] Grassy Terrain\n|-heal|p1a: Donkey Kong|57\/100|[from] Grassy Terrain\n|-heal|p2b: Tatsugiri|7\/100 par|[from] Grassy Terrain\n|upkeep\n|\n|t:|1701050076\n|switch|p2a: Dondozo|Dondozo, L50, M|100\/100\n|-activate|p2b: Tatsugiri|ability: Commander|[of] p2a: Dondozo\n|-boost|p2a: Dondozo|atk|2\n|-boost|p2a: Dondozo|spa|2\n|-boost|p2a: Dondozo|spe|2\n|-boost|p2a: Dondozo|def|2\n|-boost|p2a: Dondozo|spd|2\n|turn|2\n|\n|t:|1701050089\n|-terastallize|p2a: Dondozo|Poison\n|move|p1b: Frown|Dire Claw|p2a: Dondozo\n|-resisted|p2a: Dondozo\n|-damage|p2a: Dondozo|93\/100\n|move|p2a: Dondozo|Order Up|p1b: Frown\n|-damage|p1b: Frown|0 fnt\n|faint|p1b: Frown\n|-boost|p2a: Dondozo|atk|1\n|move|p1a: Donkey Kong|Wood Hammer|p2a: Dondozo\n|-resisted|p2a: Dondozo\n|-damage|p2a: Dondozo|79\/100\n|-damage|p1a: Donkey Kong|52\/100|[from] Recoil\n|\n|-heal|p2a: Dondozo|85\/100|[from] Grassy Terrain\n|-heal|p2a: Dondozo|91\/100|[from] item: Leftovers\n|-heal|p1a: Donkey Kong|58\/100|[from] Grassy Terrain\n|-heal|p2b: Tatsugiri|12\/100 par|[from] Grassy Terrain\n|upkeep\n|\n|t:|1701050108\n|switch|p1b: Joker Persona 5 2|Chien-Pao, L50|100\/100\n|-ability|p1b: Joker Persona 5 2|Sword of Ruin\n|turn|3\n|\n|t:|1701050130\n|switch|p1a: God Bless America|Ninetales-Alola, L50, F|100\/100\n|-weather|Snow|[from] ability: Snow Warning|[of] p1a: God Bless America\n|move|p2a: Dondozo|Tera Blast|p1a: God Bless America|[anim] Tera Blast Poison\n|-supereffective|p1a: God Bless America\n|-damage|p1a: God Bless America|0 fnt\n|faint|p1a: God Bless America\n|move|p1b: Joker Persona 5 2|Sacred Sword|p2a: Dondozo\n|-resisted|p2a: Dondozo\n|-crit|p2a: Dondozo\n|-damage|p2a: Dondozo|66\/100\n|\n|-weather|Snow|[upkeep]\n|-heal|p2a: Dondozo|72\/100|[from] Grassy Terrain\n|-heal|p2a: Dondozo|78\/100|[from] item: Leftovers\n|-heal|p2b: Tatsugiri|18\/100 par|[from] Grassy Terrain\n|upkeep\n|\n|t:|1701050146\n|switch|p1a: Donkey Kong|Rillaboom, L50, F|58\/100\n|turn|4\n|\n|t:|1701050154\n|move|p1a: Donkey Kong|Fake Out|p2a: Dondozo\n|-damage|p2a: Dondozo|71\/100\n|cant|p2a: Dondozo|flinch\n|move|p1b: Joker Persona 5 2|Sacred Sword|p2a: Dondozo\n|-resisted|p2a: Dondozo\n|-damage|p2a: Dondozo|56\/100\n|\n|-weather|Snow|[upkeep]\n|-heal|p2a: Dondozo|62\/100|[from] Grassy Terrain\n|-heal|p2a: Dondozo|68\/100|[from] item: Leftovers\n|-heal|p1a: Donkey Kong|64\/100|[from] Grassy Terrain\n|-heal|p2b: Tatsugiri|24\/100 par|[from] Grassy Terrain\n|upkeep\n|turn|5\n|\n|t:|1701050172\n|move|p2a: Dondozo|Tera Blast|p1a: Donkey Kong|[anim] Tera Blast Poison\n|-supereffective|p1a: Donkey Kong\n|-damage|p1a: Donkey Kong|0 fnt\n|faint|p1a: Donkey Kong\n|move|p1b: Joker Persona 5 2|Sacred Sword|p2a: Dondozo\n|-resisted|p2a: Dondozo\n|-damage|p2a: Dondozo|52\/100\n|\n|-weather|Snow|[upkeep]\n|-heal|p2a: Dondozo|58\/100|[from] Grassy Terrain\n|-heal|p2a: Dondozo|65\/100|[from] item: Leftovers\n|-heal|p2b: Tatsugiri|29\/100 par|[from] Grassy Terrain\n|-fieldend|move: Grassy Terrain\n|upkeep\n|turn|6\n|\n|t:|1701050187\n|move|p2a: Dondozo|Tera Blast|p1b: Joker Persona 5 2|[anim] Tera Blast Poison\n|-damage|p1b: Joker Persona 5 2|26\/100\n|move|p1b: Joker Persona 5 2|Icicle Crash|p2a: Dondozo\n|-crit|p2a: Dondozo\n|-damage|p2a: Dondozo|1\/100\n|\n|-weather|Snow|[upkeep]\n|-heal|p2a: Dondozo|7\/100|[from] item: Leftovers\n|upkeep\n|turn|7\n|\n|t:|1701050202\n|move|p1b: Joker Persona 5 2|Sucker Punch||[still]\n|-fail|p1b: Joker Persona 5 2\n|move|p2a: Dondozo|Substitute|p2a: Dondozo\n|-fail|p2a: Dondozo|move: Substitute|[weak]\n|\n|-weather|none\n|-heal|p2a: Dondozo|13\/100|[from] item: Leftovers\n|upkeep\n|turn|8\n|\n|t:|1701050209\n|move|p1b: Joker Persona 5 2|Protect|p1b: Joker Persona 5 2\n|-singleturn|p1b: Joker Persona 5 2|Protect\n|move|p2a: Dondozo|Tera Blast|p1b: Joker Persona 5 2|[anim] Tera Blast Poison\n|-activate|p1b: Joker Persona 5 2|move: Protect\n|\n|-heal|p2a: Dondozo|20\/100|[from] item: Leftovers\n|upkeep\n|turn|9\n|\n|t:|1701050216\n|move|p1b: Joker Persona 5 2|Sucker Punch||[still]\n|-fail|p1b: Joker Persona 5 2\n|move|p2a: Dondozo|Substitute|p2a: Dondozo\n|-fail|p2a: Dondozo|move: Substitute|[weak]\n|\n|-heal|p2a: Dondozo|26\/100|[from] item: Leftovers\n|upkeep\n|turn|10\n|\n|t:|1701050223\n|move|p1b: Joker Persona 5 2|Protect|p1b: Joker Persona 5 2\n|-singleturn|p1b: Joker Persona 5 2|Protect\n|move|p2a: Dondozo|Tera Blast|p1b: Joker Persona 5 2|[anim] Tera Blast Poison\n|-activate|p1b: Joker Persona 5 2|move: Protect\n|\n|-heal|p2a: Dondozo|32\/100|[from] item: Leftovers\n|upkeep\n|turn|11\n|\n|t:|1701050233\n|move|p1b: Joker Persona 5 2|Sucker Punch||[still]\n|-fail|p1b: Joker Persona 5 2\n|move|p2a: Dondozo|Substitute|p2a: Dondozo\n|-start|p2a: Dondozo|Substitute\n|-damage|p2a: Dondozo|7\/100\n|\n|-heal|p2a: Dondozo|13\/100|[from] item: Leftovers\n|upkeep\n|turn|12\n|\n|t:|1701050241\n|move|p1b: Joker Persona 5 2|Protect|p1b: Joker Persona 5 2\n|-singleturn|p1b: Joker Persona 5 2|Protect\n|move|p2a: Dondozo|Tera Blast|p1b: Joker Persona 5 2|[anim] Tera Blast Poison\n|-activate|p1b: Joker Persona 5 2|move: Protect\n|\n|-heal|p2a: Dondozo|20\/100|[from] item: Leftovers\n|upkeep\n|turn|13\n|\n|t:|1701050249\n|move|p2a: Dondozo|Tera Blast|p1b: Joker Persona 5 2|[anim] Tera Blast Poison\n|-damage|p1b: Joker Persona 5 2|0 fnt\n|faint|p1b: Joker Persona 5 2\n|\n|win|BattleBlazikenVGC\n|raw|Crayons16's rating: 1372 &rarr; <strong>1355<\/strong><br \/>(-17 for losing)\n|raw|BattleBlazikenVGC's rating: 1416 &rarr; <strong>1433<\/strong><br \/>(+17 for winning)\n","uploadtime":1701050257,"views":2,"p1id":"crayons16","p2id":"battleblazikenvgc","formatid":"gen9vgc2023regulatione","rating":1355,"private":0,"password":""}