{"id":"gen9vgc2023regulatione-1996940861","p1":"Demonsea","p2":"Meta Warriors","format":"[Gen 9] VGC 2023 Regulation E","log":"|j|\u2606Demonsea\n|j|\u2606Meta Warriors\n|t:|1700747520\n|gametype|doubles\n|player|p1|Demonsea|marlon|1104\n|player|p2|Meta Warriors|paulo-masters|1084\n|teamsize|p1|6\n|teamsize|p2|6\n|gen|9\n|tier|[Gen 9] VGC 2023 Regulation E\n|rated|\n|rule|Species Clause: Limit one of each Pok\u00e9mon\n|rule|Item Clause: Limit one of each item\n|clearpoke\n|poke|p1|Fezandipiti, L50, M|\n|poke|p1|Baxcalibur, L50, F|\n|poke|p1|Flutter Mane, L50|\n|poke|p1|Ogerpon-Wellspring, L50, F|\n|poke|p1|Dragonite, L50, M|\n|poke|p1|Iron Hands, L50|\n|poke|p2|Sneasler, L50, M|\n|poke|p2|Rillaboom, L50, M|\n|poke|p2|Urshifu-*, L50, M|\n|poke|p2|Tornadus, L50, M|\n|poke|p2|Brambleghast, L50, F|\n|poke|p2|Landorus-Therian, L50, M|\n|teampreview|4\n|inactive|Battle timer is ON: inactive players will automatically lose when time's up. (requested by Meta Warriors)\n|inactive|Demonsea has 60 seconds left.\n|inactive|Demonsea has 30 seconds left.\n|\n|t:|1700747584\n|start\n|switch|p1a: Ogerpon|Ogerpon-Wellspring, L50, F|100\/100\n|switch|p1b: Baxcalibur|Baxcalibur, L50, F|100\/100\n|switch|p2a: Tornadus|Tornadus, L50, M|100\/100\n|switch|p2b: Brambleghast|Brambleghast, L50, F|100\/100\n|turn|1\n|inactive|Meta Warriors has 30 seconds left.\n|inactive|Meta Warriors has 20 seconds left.\n|\n|t:|1700747621\n|-terastallize|p2a: Tornadus|Steel\n|move|p2a: Tornadus|Tailwind|p2a: Tornadus\n|-sidestart|p2: Meta Warriors|move: Tailwind\n|-ability|p2b: Brambleghast|Wind Rider|boost\n|-boost|p2b: Brambleghast|atk|1\n|move|p2b: Brambleghast|Power Whip|p1a: Ogerpon\n|-damage|p1a: Ogerpon|28\/100\n|move|p1a: Ogerpon|Knock Off|p2b: Brambleghast\n|-supereffective|p2b: Brambleghast\n|-enditem|p2b: Brambleghast|Focus Sash\n|-damage|p2b: Brambleghast|1\/100\n|move|p1b: Baxcalibur|Icicle Spear|p2a: Tornadus\n|-resisted|p2a: Tornadus\n|-damage|p2a: Tornadus|91\/100\n|-resisted|p2a: Tornadus\n|-damage|p2a: Tornadus|82\/100\n|-resisted|p2a: Tornadus\n|-damage|p2a: Tornadus|73\/100\n|-resisted|p2a: Tornadus\n|-crit|p2a: Tornadus\n|-damage|p2a: Tornadus|59\/100\n|-hitcount|p2a: Tornadus|4\n|\n|upkeep\n|turn|2\n|inactive|Demonsea has 30 seconds left.\n|inactive|Meta Warriors has 30 seconds left.\n|inactive|Demonsea has 20 seconds left.\n|inactive|Demonsea has 15 seconds left.\n|inactive|Demonsea has 10 seconds left.\n|inactive|Demonsea has 5 seconds left.\n|\n|t:|1700747672\n|switch|p1b: Iron Hands|Iron Hands, L50|100\/100\n|move|p1a: Ogerpon|Spiky Shield|p1a: Ogerpon\n|-singleturn|p1a: Ogerpon|move: Protect\n|move|p2a: Tornadus|Rain Dance|p2a: Tornadus\n|-weather|RainDance\n|move|p2b: Brambleghast|Poltergeist|p1a: Ogerpon\n|-activate|p1a: Ogerpon|move: Protect\n|\n|-weather|RainDance|[upkeep]\n|upkeep\n|turn|3\n|inactive|Demonsea has 30 seconds left.\n|\n|t:|1700747703\n|move|p2b: Brambleghast|Strength Sap|p1b: Iron Hands\n|-unboost|p1b: Iron Hands|atk|1\n|-heal|p2b: Brambleghast|100\/100\n|move|p2a: Tornadus|Bleakwind Storm|p1a: Ogerpon|[spread] p1a,p1b\n|-supereffective|p1a: Ogerpon\n|-damage|p1a: Ogerpon|0 fnt\n|-damage|p1b: Iron Hands|73\/100\n|faint|p1a: Ogerpon\n|move|p1b: Iron Hands|Swords Dance|p1b: Iron Hands\n|-boost|p1b: Iron Hands|atk|2\n|\n|-weather|RainDance|[upkeep]\n|upkeep\n|\n|t:|1700747717\n|switch|p1a: Flutter Mane|Flutter Mane, L50|100\/100\n|-enditem|p1a: Flutter Mane|Booster Energy\n|-activate|p1a: Flutter Mane|ability: Protosynthesis|[fromitem]\n|-start|p1a: Flutter Mane|protosynthesisspe\n|turn|4\n|\n|t:|1700747731\n|move|p1a: Flutter Mane|Protect|p1a: Flutter Mane\n|-singleturn|p1a: Flutter Mane|Protect\n|move|p2b: Brambleghast|Poltergeist||[still]\n|-fail|p2b: Brambleghast\n|move|p2a: Tornadus|Bleakwind Storm|p1b: Iron Hands|[spread] p1b\n|-activate|p1a: Flutter Mane|move: Protect\n|-damage|p1b: Iron Hands|45\/100\n|move|p1b: Iron Hands|Drain Punch|p2a: Tornadus\n|-supereffective|p2a: Tornadus\n|-damage|p2a: Tornadus|0 fnt\n|-heal|p1b: Iron Hands|69\/100|[from] drain|[of] p2a: Tornadus\n|faint|p2a: Tornadus\n|-heal|p1b: Iron Hands|74\/100|[from] item: Shell Bell|[of] p2: Tornadus\n|\n|-weather|RainDance|[upkeep]\n|-sideend|p2: Meta Warriors|move: Tailwind\n|upkeep\n|\n|t:|1700747736\n|switch|p2a: Rillaboom|Rillaboom, L50, M|100\/100\n|-fieldstart|move: Grassy Terrain|[from] ability: Grassy Surge|[of] p2a: Rillaboom\n|turn|5\n|inactive|Demonsea has 30 seconds left.\n|\n|t:|1700747769\n|move|p2a: Rillaboom|Fake Out|p1b: Iron Hands\n|-damage|p1b: Iron Hands|64\/100\n|move|p1a: Flutter Mane|Shadow Ball|p2b: Brambleghast\n|-supereffective|p2b: Brambleghast\n|-damage|p2b: Brambleghast|0 fnt\n|faint|p2b: Brambleghast\n|cant|p1b: Iron Hands|flinch\n|\n|-weather|RainDance|[upkeep]\n|-heal|p1b: Iron Hands|70\/100|[from] Grassy Terrain\n|upkeep\n|\n|t:|1700747775\n|switch|p2b: Sneasler|Sneasler, L50, M|100\/100\n|-enditem|p2b: Sneasler|Grassy Seed\n|-boost|p2b: Sneasler|def|1|[from] item: Grassy Seed\n|turn|6\n|inactive|Demonsea has 30 seconds left.\n|\n|t:|1700747802\n|-terastallize|p1a: Flutter Mane|Fairy\n|move|p2b: Sneasler|Dire Claw|p1a: Flutter Mane\n|-supereffective|p1a: Flutter Mane\n|-damage|p1a: Flutter Mane|0 fnt\n|faint|p1a: Flutter Mane\n|-end|p1a: Flutter Mane|Protosynthesis|[silent]\n|move|p2a: Rillaboom|Drum Beating|p1b: Iron Hands\n|-damage|p1b: Iron Hands|29\/100\n|-unboost|p1b: Iron Hands|spe|1\n|move|p1b: Iron Hands|Drain Punch|p2a: Rillaboom\n|-damage|p2a: Rillaboom|29\/100\n|-heal|p1b: Iron Hands|56\/100|[from] drain|[of] p2a: Rillaboom\n|-heal|p1b: Iron Hands|63\/100|[from] item: Shell Bell|[of] p2a: Rillaboom\n|\n|-weather|none\n|-heal|p2a: Rillaboom|34\/100|[from] Grassy Terrain\n|-heal|p1b: Iron Hands|69\/100|[from] Grassy Terrain\n|upkeep\n|\n|t:|1700747820\n|switch|p1a: Baxcalibur|Baxcalibur, L50, F|100\/100\n|turn|7\n|\n|t:|1700747833\n|move|p2b: Sneasler|Close Combat|p1a: Baxcalibur\n|-supereffective|p1a: Baxcalibur\n|-damage|p1a: Baxcalibur|0 fnt\n|-unboost|p2b: Sneasler|def|1\n|-unboost|p2b: Sneasler|spd|1\n|faint|p1a: Baxcalibur\n|move|p2a: Rillaboom|Drum Beating|p1b: Iron Hands\n|-damage|p1b: Iron Hands|30\/100\n|-unboost|p1b: Iron Hands|spe|1\n|move|p1b: Iron Hands|Drain Punch|p2a: Rillaboom\n|-damage|p2a: Rillaboom|0 fnt\n|-heal|p1b: Iron Hands|43\/100|[from] drain|[of] p2a: Rillaboom\n|faint|p2a: Rillaboom\n|-heal|p1b: Iron Hands|46\/100|[from] item: Shell Bell|[of] p2: Rillaboom\n|\n|-heal|p1b: Iron Hands|52\/100|[from] Grassy Terrain\n|upkeep\n|turn|8\n|inactive|Demonsea has 30 seconds left.\n|inactive|Meta Warriors has 30 seconds left.\n|\n|t:|1700747862\n|move|p2b: Sneasler|Close Combat|p1b: Iron Hands\n|-damage|p1b: Iron Hands|1\/100\n|-unboost|p2b: Sneasler|def|1\n|-unboost|p2b: Sneasler|spd|1\n|move|p1b: Iron Hands|Drain Punch|p2b: Sneasler\n|-resisted|p2b: Sneasler\n|-damage|p2b: Sneasler|7\/100\n|-heal|p1b: Iron Hands|33\/100|[from] drain|[of] p2b: Sneasler\n|-heal|p1b: Iron Hands|40\/100|[from] item: Shell Bell|[of] p2b: Sneasler\n|\n|-heal|p2b: Sneasler|13\/100|[from] Grassy Terrain\n|-heal|p1b: Iron Hands|47\/100|[from] Grassy Terrain\n|upkeep\n|turn|9\n|\n|t:|1700747882\n|move|p2b: Sneasler|Close Combat|p1b: Iron Hands\n|-damage|p1b: Iron Hands|0 fnt\n|-unboost|p2b: Sneasler|def|1\n|-unboost|p2b: Sneasler|spd|1\n|faint|p1b: Iron Hands\n|-end|p1b: Iron Hands|Quark Drive|[silent]\n|\n|win|Meta Warriors\n|raw|Demonsea's rating: 1104 &rarr; <strong>1078<\/strong><br \/>(-26 for losing)\n|raw|Meta Warriors's rating: 1084 &rarr; <strong>1113<\/strong><br \/>(+29 for winning)\n","uploadtime":1700747886,"views":1,"p1id":"demonsea","p2id":"metawarriors","formatid":"gen9vgc2023regulatione","rating":1078,"private":0,"password":""}