{"id":"gen9vgc2023regulatione-2000374077","p1":"cheeseyfasheesey","p2":"PokeLucho","format":"[Gen 9] VGC 2023 Regulation E","log":"|j|\u2606cheeseyfasheesey\n|j|\u2606PokeLucho\n|t:|1701189419\n|gametype|doubles\n|player|p1|cheeseyfasheesey|265|1332\n|player|p2|PokeLucho|gentleman-gen4dp|1297\n|teamsize|p1|6\n|teamsize|p2|6\n|gen|9\n|tier|[Gen 9] VGC 2023 Regulation E\n|rated|\n|rule|Species Clause: Limit one of each Pok\u00e9mon\n|rule|Item Clause: Limit one of each item\n|clearpoke\n|poke|p1|Sneasler, L50, F|\n|poke|p1|Sableye, L50, F|\n|poke|p1|Volcarona, L50, F|\n|poke|p1|Torkoal, L50, M|\n|poke|p1|Cresselia, L50, F|\n|poke|p1|Regieleki, L50|\n|poke|p2|Flutter Mane, L50|\n|poke|p2|Urshifu-*, L50, M|\n|poke|p2|Tornadus, L50, M|\n|poke|p2|Heatran, L50, F|\n|poke|p2|Dragonite, L50, F|\n|poke|p2|Rillaboom, L50, F|\n|teampreview|4\n|\n|t:|1701189460\n|start\n|switch|p1a: Sneasler|Sneasler, L50, F|100\/100\n|switch|p1b: Sableye|Sableye, L50, F|100\/100\n|switch|p2a: Tornadus|Tornadus, L50, M|100\/100\n|switch|p2b: Heatran|Heatran, L50, F|100\/100\n|turn|1\n|\n|t:|1701189489\n|move|p2b: Heatran|Protect|p2b: Heatran\n|-singleturn|p2b: Heatran|Protect\n|move|p1b: Sableye|Thunder Wave|p2b: Heatran\n|-activate|p2b: Heatran|move: Protect\n|move|p1a: Sneasler|Close Combat|p2b: Heatran\n|-activate|p2b: Heatran|move: Protect\n|move|p2a: Tornadus|Bleakwind Storm|p1b: Sableye|[spread] p1a,p1b\n|-supereffective|p1a: Sneasler\n|-damage|p1a: Sneasler|6\/100\n|-damage|p1b: Sableye|59\/100\n|\n|upkeep\n|turn|2\n|\n|t:|1701189530\n|-terastallize|p2b: Heatran|Fairy\n|move|p2a: Tornadus|Tailwind|p2a: Tornadus\n|-sidestart|p2: PokeLucho|move: Tailwind\n|move|p1b: Sableye|Encore|p2b: Heatran\n|-start|p2b: Heatran|Encore\n|move|p2b: Heatran|Protect||[still]\n|-fail|p2b: Heatran\n|move|p1a: Sneasler|Rock Slide|p2b: Heatran|[spread] p2a,p2b\n|-supereffective|p2a: Tornadus\n|-damage|p2a: Tornadus|54\/100\n|-damage|p2b: Heatran|82\/100\n|\n|upkeep\n|turn|3\n|\n|t:|1701189555\n|move|p2b: Heatran|Protect|p2b: Heatran\n|-singleturn|p2b: Heatran|Protect\n|move|p1b: Sableye|Encore|p2a: Tornadus\n|-start|p2a: Tornadus|Encore\n|move|p2a: Tornadus|Tailwind||[still]\n|-fail|p2a: Tornadus\n|move|p1a: Sneasler|Dire Claw|p2b: Heatran\n|-activate|p2b: Heatran|move: Protect\n|\n|upkeep\n|turn|4\n|\n|t:|1701189571\n|switch|p2a: Urshifu|Urshifu-Rapid-Strike, L50, M|100\/100\n|switch|p2b: Rillaboom|Rillaboom, L50, F|100\/100\n|-fieldstart|move: Grassy Terrain|[from] ability: Grassy Surge|[of] p2b: Rillaboom\n|move|p1b: Sableye|Thunder Wave|p2a: Urshifu|[miss]\n|-miss|p1b: Sableye|p2a: Urshifu\n|move|p1a: Sneasler|Dire Claw|p2b: Rillaboom\n|-supereffective|p2b: Rillaboom\n|-damage|p2b: Rillaboom|4\/100\n|-enditem|p2b: Rillaboom|Figy Berry|[eat]\n|-heal|p2b: Rillaboom|37\/100|[from] item: Figy Berry\n|\n|-heal|p2b: Rillaboom|44\/100|[from] Grassy Terrain\n|-heal|p1a: Sneasler|12\/100|[from] Grassy Terrain\n|-heal|p1b: Sableye|65\/100|[from] Grassy Terrain\n|upkeep\n|turn|5\n|\n|t:|1701189620\n|move|p2b: Rillaboom|Grassy Glide|p1a: Sneasler\n|-resisted|p1a: Sneasler\n|-damage|p1a: Sneasler|0 fnt\n|faint|p1a: Sneasler\n|move|p1b: Sableye|Will-O-Wisp|p2a: Urshifu|[miss]\n|-miss|p1b: Sableye|p2a: Urshifu\n|move|p2a: Urshifu|Surging Strikes|p1b: Sableye\n|-crit|p1b: Sableye\n|-damage|p1b: Sableye|24\/100\n|-damage|p2a: Urshifu|84\/100|[from] item: Rocky Helmet|[of] p1b: Sableye\n|-crit|p1b: Sableye\n|-damage|p1b: Sableye|0 fnt\n|-damage|p2a: Urshifu|68\/100|[from] item: Rocky Helmet|[of] p1b: Sableye\n|faint|p1b: Sableye\n|-hitcount|p1: Sableye|2\n|\n|-heal|p2a: Urshifu|74\/100|[from] Grassy Terrain\n|-heal|p2b: Rillaboom|50\/100|[from] Grassy Terrain\n|-sideend|p2: PokeLucho|move: Tailwind\n|upkeep\n|\n|t:|1701189637\n|switch|p1a: Volcarona|Volcarona, L50, F|100\/100\n|switch|p1b: Torkoal|Torkoal, L50, M|100\/100\n|-weather|SunnyDay|[from] ability: Drought|[of] p1b: Torkoal\n|turn|6\n|\n|t:|1701189680\n|-terastallize|p1a: Volcarona|Water\n|move|p2b: Rillaboom|Protect|p2b: Rillaboom\n|-singleturn|p2b: Rillaboom|Protect\n|move|p2a: Urshifu|Surging Strikes|p1a: Volcarona\n|-resisted|p1a: Volcarona\n|-crit|p1a: Volcarona\n|-damage|p1a: Volcarona|94\/100\n|-status|p2a: Urshifu|brn|[from] ability: Flame Body|[of] p1a: Volcarona\n|-resisted|p1a: Volcarona\n|-crit|p1a: Volcarona\n|-damage|p1a: Volcarona|91\/100\n|-resisted|p1a: Volcarona\n|-crit|p1a: Volcarona\n|-damage|p1a: Volcarona|87\/100\n|-hitcount|p1a: Volcarona|3\n|move|p1a: Volcarona|Quiver Dance|p1a: Volcarona\n|-boost|p1a: Volcarona|spa|1\n|-boost|p1a: Volcarona|spd|1\n|-boost|p1a: Volcarona|spe|1\n|move|p1b: Torkoal|Eruption|p2a: Urshifu|[spread] p2a\n|-activate|p2b: Rillaboom|move: Protect\n|-resisted|p2a: Urshifu\n|-damage|p2a: Urshifu|0 fnt\n|faint|p2a: Urshifu\n|\n|-weather|SunnyDay|[upkeep]\n|-heal|p1a: Volcarona|93\/100|[from] Grassy Terrain\n|-heal|p1a: Volcarona|99\/100|[from] item: Leftovers\n|-heal|p2b: Rillaboom|56\/100|[from] Grassy Terrain\n|upkeep\n|\n|t:|1701189718\n|switch|p2a: Heatran|Heatran, L50, F, tera:Fairy|82\/100\n|turn|7\n|\n|t:|1701189738\n|move|p1a: Volcarona|Protect|p1a: Volcarona\n|-singleturn|p1a: Volcarona|Protect\n|move|p2b: Rillaboom|High Horsepower|p1b: Torkoal\n|-supereffective|p1b: Torkoal\n|-damage|p1b: Torkoal|36\/100\n|move|p2a: Heatran|Earth Power|p1b: Torkoal\n|-supereffective|p1b: Torkoal\n|-damage|p1b: Torkoal|0 fnt\n|faint|p1b: Torkoal\n|-damage|p2a: Heatran|73\/100|[from] item: Life Orb\n|\n|-weather|SunnyDay|[upkeep]\n|-heal|p1a: Volcarona|100\/100|[from] Grassy Terrain\n|-heal|p2b: Rillaboom|62\/100|[from] Grassy Terrain\n|-heal|p2a: Heatran|79\/100|[from] Grassy Terrain\n|upkeep\n|turn|8\n|\n|t:|1701189765\n|move|p2b: Rillaboom|Grassy Glide|p1a: Volcarona\n|-supereffective|p1a: Volcarona\n|-damage|p1a: Volcarona|29\/100\n|move|p1a: Volcarona|Heat Wave|p2a: Heatran|[spread] p2b\n|-start|p2a: Heatran|ability: Flash Fire\n|-supereffective|p2b: Rillaboom\n|-damage|p2b: Rillaboom|0 fnt\n|faint|p2b: Rillaboom\n|move|p2a: Heatran|Heat Wave|p1a: Volcarona\n|-resisted|p1a: Volcarona\n|-damage|p1a: Volcarona|0 fnt\n|faint|p1a: Volcarona\n|-damage|p2a: Heatran|69\/100|[from] item: Life Orb\n|\n|win|PokeLucho\n|raw|cheeseyfasheesey's rating: 1332 &rarr; <strong>1310<\/strong><br \/>(-22 for losing)\n|raw|PokeLucho's rating: 1297 &rarr; <strong>1325<\/strong><br \/>(+28 for winning)\n|l|\u2606cheeseyfasheesey\n","uploadtime":1701189948,"views":2,"p1id":"cheeseyfasheesey","p2id":"pokelucho","formatid":"gen9vgc2023regulatione","rating":1310,"private":0,"password":""}