{"id":"gen9vgc2023regulatione-1993778738","p1":"averagerandbats","p2":"pomperopompero","format":"[Gen 9] VGC 2023 Regulation E","log":"|j|\u2606averagerandbats\n|j|\u2606pomperopompero\n|t:|1700356188\n|gametype|doubles\n|player|p1|averagerandbats|janitor|1260\n|player|p2|pomperopompero|1|1250\n|teamsize|p1|6\n|teamsize|p2|6\n|gen|9\n|tier|[Gen 9] VGC 2023 Regulation E\n|rated|\n|rule|Species Clause: Limit one of each Pok\u00e9mon\n|rule|Item Clause: Limit one of each item\n|clearpoke\n|poke|p1|Zapdos, L50|\n|poke|p1|Arcanine-Hisui, L50, M|\n|poke|p1|Urshifu-*, L50, M|\n|poke|p1|Rillaboom, L50, F|\n|poke|p1|Gholdengo, L50|\n|poke|p1|Ogerpon-Wellspring, L50, F|\n|poke|p2|Ogerpon-Hearthflame, L50, F|\n|poke|p2|Ninetales-Alola, L50, F|\n|poke|p2|Iron Bundle, L50|\n|poke|p2|Baxcalibur, L50, F|\n|poke|p2|Iron Hands, L50|\n|poke|p2|Flutter Mane, L50|\n|teampreview|4\n|\n|t:|1700356267\n|start\n|switch|p1a: Arcanine|Arcanine-Hisui, L50, M|100\/100\n|switch|p1b: Zapdos|Zapdos, L50|100\/100\n|switch|p2a: Flutter Mane|Flutter Mane, L50|100\/100\n|switch|p2b: Baxcalibur|Baxcalibur, L50, F|100\/100\n|-ability|p1a: Arcanine|Intimidate|boost\n|-unboost|p2a: Flutter Mane|atk|1\n|-unboost|p2b: Baxcalibur|atk|1\n|turn|1\n|\n|t:|1700356312\n|switch|p2b: Iron Hands|Iron Hands, L50|100\/100\n|move|p1a: Arcanine|Rock Slide|p2a: Flutter Mane|[spread] p2b\n|-miss|p1a: Arcanine|p2a: Flutter Mane\n|-resisted|p2b: Iron Hands\n|-damage|p2b: Iron Hands|87\/100\n|move|p1b: Zapdos|Tailwind|p1b: Zapdos\n|-sidestart|p1: averagerandbats|move: Tailwind\n|move|p2a: Flutter Mane|Trick Room|p2a: Flutter Mane\n|-fieldstart|move: Trick Room|[of] p2a: Flutter Mane\n|\n|upkeep\n|turn|2\n|\n|t:|1700356362\n|-end|p2a: Flutter Mane|Protosynthesis|[silent]\n|switch|p2a: Baxcalibur|Baxcalibur, L50, F|100\/100\n|switch|p1a: Urshifu|Urshifu-Rapid-Strike, L50, M|100\/100\n|move|p2b: Iron Hands|Wild Charge|p1a: Urshifu\n|-supereffective|p1a: Urshifu\n|-damage|p1a: Urshifu|4\/100\n|-damage|p2b: Iron Hands|66\/100|[from] Recoil\n|move|p1b: Zapdos|Rain Dance|p1b: Zapdos\n|-weather|RainDance\n|\n|-weather|RainDance|[upkeep]\n|upkeep\n|turn|3\n|\n|t:|1700356396\n|move|p2a: Baxcalibur|Ice Shard|p1a: Urshifu\n|-resisted|p1a: Urshifu\n|-damage|p1a: Urshifu|0 fnt\n|faint|p1a: Urshifu\n|move|p2b: Iron Hands|Drain Punch|p1b: Zapdos\n|-resisted|p1b: Zapdos\n|-damage|p1b: Zapdos|85\/100\n|-heal|p2b: Iron Hands|73\/100|[from] drain|[of] p1b: Zapdos\n|-damage|p2b: Iron Hands|56\/100|[from] item: Rocky Helmet|[of] p1b: Zapdos\n|move|p1b: Zapdos|Hurricane|p2b: Iron Hands\n|-damage|p2b: Iron Hands|32\/100\n|\n|-weather|RainDance|[upkeep]\n|upkeep\n|\n|t:|1700356411\n|switch|p1a: Gholdengo|Gholdengo, L50|100\/100\n|turn|4\n|\n|t:|1700356432\n|-end|p2b: Iron Hands|Quark Drive|[silent]\n|switch|p2b: Flutter Mane|Flutter Mane, L50|100\/100\n|move|p2a: Baxcalibur|Protect|p2a: Baxcalibur\n|-singleturn|p2a: Baxcalibur|Protect\n|move|p1a: Gholdengo|Nasty Plot|p1a: Gholdengo\n|-boost|p1a: Gholdengo|spa|2\n|move|p1b: Zapdos|Hurricane|p2b: Flutter Mane\n|-damage|p2b: Flutter Mane|60\/100\n|\n|-weather|RainDance|[upkeep]\n|-sideend|p1: averagerandbats|move: Tailwind\n|upkeep\n|turn|5\n|\n|t:|1700356467\n|-terastallize|p2a: Baxcalibur|Dragon\n|move|p1a: Gholdengo|Protect|p1a: Gholdengo\n|-singleturn|p1a: Gholdengo|Protect\n|move|p1b: Zapdos|Hurricane|p2a: Baxcalibur\n|-damage|p2a: Baxcalibur|64\/100\n|move|p2a: Baxcalibur|High Horsepower|p1a: Gholdengo\n|-activate|p1a: Gholdengo|move: Protect\n|move|p2b: Flutter Mane|Taunt|p1a: Gholdengo\n|-activate|p1a: Gholdengo|move: Protect\n|\n|-weather|RainDance|[upkeep]\n|-fieldend|move: Trick Room\n|upkeep\n|turn|6\n|\n|t:|1700356497\n|-terastallize|p1a: Gholdengo|Dragon\n|move|p2b: Flutter Mane|Taunt|p1a: Gholdengo\n|-immune|p1a: Gholdengo|[from] ability: Good as Gold\n|move|p2a: Baxcalibur|Icicle Crash|p1b: Zapdos\n|-supereffective|p1b: Zapdos\n|-damage|p1b: Zapdos|14\/100\n|cant|p1b: Zapdos|flinch\n|move|p1a: Gholdengo|Make It Rain|p2a: Baxcalibur|[spread] p2a,p2b\n|-supereffective|p2b: Flutter Mane\n|-enditem|p2b: Flutter Mane|Babiri Berry|[eat]\n|-enditem|p2b: Flutter Mane|Babiri Berry|[weaken]\n|-damage|p2a: Baxcalibur|0 fnt\n|-damage|p2b: Flutter Mane|0 fnt\n|-unboost|p1a: Gholdengo|spa|1\n|faint|p2a: Baxcalibur\n|faint|p2b: Flutter Mane\n|-end|p2b: Flutter Mane|Protosynthesis|[silent]\n|\n|-weather|none\n|upkeep\n|\n|t:|1700356520\n|switch|p2b: Iron Bundle|Iron Bundle, L50|100\/100\n|switch|p2a: Iron Hands|Iron Hands, L50|32\/100\n|turn|7\n|\n|t:|1700356557\n|move|p2a: Iron Hands|Fake Out|p1a: Gholdengo\n|-damage|p1a: Gholdengo|88\/100\n|move|p2b: Iron Bundle|Icy Wind|p1a: Gholdengo|[spread] p1a,p1b\n|-supereffective|p1a: Gholdengo\n|-supereffective|p1b: Zapdos\n|-damage|p1a: Gholdengo|27\/100\n|-damage|p1b: Zapdos|0 fnt\n|-unboost|p1a: Gholdengo|spe|1\n|faint|p1b: Zapdos\n|cant|p1a: Gholdengo|flinch\n|\n|-heal|p1a: Gholdengo|34\/100|[from] item: Leftovers\n|upkeep\n|\n|t:|1700356567\n|switch|p1b: Arcanine|Arcanine-Hisui, L50, M|100\/100\n|-ability|p1b: Arcanine|Intimidate|boost\n|-unboost|p2a: Iron Hands|atk|1\n|-unboost|p2b: Iron Bundle|atk|1\n|turn|8\n|\n|t:|1700356582\n|move|p2b: Iron Bundle|Icy Wind|p1a: Gholdengo|[spread] p1a,p1b\n|-supereffective|p1a: Gholdengo\n|-resisted|p1b: Arcanine\n|-damage|p1a: Gholdengo|0 fnt\n|-damage|p1b: Arcanine|84\/100\n|-unboost|p1b: Arcanine|spe|1\n|faint|p1a: Gholdengo\n|move|p1b: Arcanine|Rock Slide|p2b: Iron Bundle|[spread] p2a,p2b\n|-resisted|p2a: Iron Hands\n|-supereffective|p2b: Iron Bundle\n|-damage|p2a: Iron Hands|18\/100\n|-damage|p2b: Iron Bundle|0 fnt\n|faint|p2b: Iron Bundle\n|-end|p2b: Iron Bundle|Quark Drive|[silent]\n|cant|p2a: Iron Hands|flinch\n|\n|upkeep\n|turn|9\n|\n|t:|1700356598\n|move|p1b: Arcanine|Rock Slide|p2a: Iron Hands\n|-resisted|p2a: Iron Hands\n|-damage|p2a: Iron Hands|0 fnt\n|faint|p2a: Iron Hands\n|-end|p2a: Iron Hands|Quark Drive|[silent]\n|\n|win|averagerandbats\n|raw|averagerandbats's rating: 1260 &rarr; <strong>1284<\/strong><br \/>(+24 for winning)\n|raw|pomperopompero's rating: 1250 &rarr; <strong>1226<\/strong><br \/>(-24 for losing)\n|c|\u2606averagerandbats|gg\n","uploadtime":1700356624,"views":13,"p1id":"averagerandbats","p2id":"pomperopompero","formatid":"gen9vgc2023regulatione","rating":1226,"private":0,"password":""}