{"id":"gen9vgc2023regulatione-1998127673","p1":"LucaSnivy","p2":"Zeus_Swerve","format":"[Gen 9] VGC 2023 Regulation E","log":"|j|\u2606LucaSnivy\n|j|\u2606Zeus_Swerve\n|t:|1700896399\n|gametype|doubles\n|player|p1|LucaSnivy|guitarist|1000\n|player|p2|Zeus_Swerve|266|1001\n|teamsize|p1|6\n|teamsize|p2|6\n|gen|9\n|tier|[Gen 9] VGC 2023 Regulation E\n|rated|\n|rule|Species Clause: Limit one of each Pok\u00e9mon\n|rule|Item Clause: Limit one of each item\n|clearpoke\n|poke|p1|Armarouge, L50, M|\n|poke|p1|Indeedee-F, L50, F|\n|poke|p1|Farigiraf, L50, F|\n|poke|p1|Gallade, L50, M|\n|poke|p1|Articuno-Galar, L50|\n|poke|p1|Hatterene, L50, F|\n|poke|p2|Tinkaton, L50, F|\n|poke|p2|Tatsugiri, L50, M|\n|poke|p2|Dondozo, L50, F|\n|poke|p2|Glimmora, L50, M|\n|poke|p2|Chi-Yu, L50|\n|poke|p2|Flutter Mane, L50|\n|teampreview|4\nZeus_Swerve has agreed to open team sheets.\n|\n|t:|1700896443\n|start\n|switch|p1a: Armarouge|Armarouge, L50, M, shiny|100\/100\n|switch|p1b: Indeedee|Indeedee-F, L50, F|100\/100\n|switch|p2a: Chi-Yu|Chi-Yu, L50|100\/100\n|switch|p2b: Flutter Mane|Flutter Mane, L50|100\/100\n|-ability|p2a: Chi-Yu|Beads of Ruin\n|-fieldstart|move: Psychic Terrain|[from] ability: Psychic Surge|[of] p1b: Indeedee\n|-enditem|p1b: Indeedee|Psychic Seed\n|-boost|p1b: Indeedee|spd|1|[from] item: Psychic Seed\n|-enditem|p2b: Flutter Mane|Booster Energy\n|-activate|p2b: Flutter Mane|ability: Protosynthesis|[fromitem]\n|-start|p2b: Flutter Mane|protosynthesisspe\n|turn|1\n|\n|t:|1700896494\n|-terastallize|p2b: Flutter Mane|Fairy\n|move|p1b: Indeedee|Follow Me|p1b: Indeedee\n|-singleturn|p1b: Indeedee|move: Follow Me\n|move|p2b: Flutter Mane|Moonblast|p1b: Indeedee\n|-damage|p1b: Indeedee|50\/100\n|-unboost|p1b: Indeedee|spa|1\n|move|p2a: Chi-Yu|Dark Pulse|p1b: Indeedee\n|-supereffective|p1b: Indeedee\n|-damage|p1b: Indeedee|0 fnt\n|faint|p1b: Indeedee\n|move|p1a: Armarouge|Trick Room|p1a: Armarouge\n|-fieldstart|move: Trick Room|[of] p1a: Armarouge\n|\n|upkeep\n|\n|t:|1700896515\n|switch|p1b: Hatterene|Hatterene, L50, F, shiny|100\/100\n|turn|2\n|\n|t:|1700896539\n|-terastallize|p1a: Armarouge|Grass\n|move|p1b: Hatterene|Brutal Swing|p2a: Chi-Yu|[spread] p1a,p2a,p2b\n|-resisted|p2a: Chi-Yu\n|-resisted|p2b: Flutter Mane\n|-damage|p1a: Armarouge|93\/100\n|-damage|p2a: Chi-Yu|95\/100\n|-damage|p2b: Flutter Mane|94\/100\n|move|p1a: Armarouge|Heat Wave|p2a: Chi-Yu|[spread] p2a,p2b\n|-resisted|p2a: Chi-Yu\n|-damage|p2a: Chi-Yu|80\/100\n|-damage|p2b: Flutter Mane|49\/100\n|-status|p2b: Flutter Mane|brn\n|move|p2a: Chi-Yu|Dark Pulse|p1b: Hatterene\n|-crit|p1b: Hatterene\n|-damage|p1b: Hatterene|0 fnt\n|faint|p1b: Hatterene\n|move|p2b: Flutter Mane|Moonblast|p1a: Armarouge\n|-damage|p1a: Armarouge|16\/100\n|-unboost|p1a: Armarouge|spa|1\n|\n|-damage|p2b: Flutter Mane|43\/100 brn|[from] brn\n|upkeep\n|\n|t:|1700896551\n|switch|p1b: Gallade|Gallade, L50, M|100\/100\n|turn|3\n|\n|t:|1700896573\n|move|p1a: Armarouge|Expanding Force|p2a: Chi-Yu|[spread] p2b\n|-immune|p2a: Chi-Yu\n|-damage|p2b: Flutter Mane|0 fnt\n|faint|p2b: Flutter Mane\n|-end|p2b: Flutter Mane|Protosynthesis|[silent]\n|move|p2a: Chi-Yu|Dark Pulse|p1b: Gallade\n|-damage|p1b: Gallade|8\/100\n|-ability|p1b: Gallade|Justified|boost\n|-boost|p1b: Gallade|atk|1\n|move|p1b: Gallade|Close Combat|p2a: Chi-Yu\n|-supereffective|p2a: Chi-Yu\n|-damage|p2a: Chi-Yu|0 fnt\n|-unboost|p1b: Gallade|def|1\n|-unboost|p1b: Gallade|spd|1\n|faint|p2a: Chi-Yu\n|\n|upkeep\n|\n|t:|1700896587\n|switch|p2a: Dondozo|Dondozo, L50, F|100\/100\n|switch|p2b: Tatsugiri|Tatsugiri, L50, M|100\/100\n|-activate|p2b: Tatsugiri|ability: Commander|[of] p2a: Dondozo\n|-boost|p2a: Dondozo|atk|2\n|-boost|p2a: Dondozo|spa|2\n|-boost|p2a: Dondozo|spe|2\n|-boost|p2a: Dondozo|def|2\n|-boost|p2a: Dondozo|spd|2\n|turn|4\n|\n|t:|1700896600\n|move|p2a: Dondozo|Protect|p2a: Dondozo\n|-singleturn|p2a: Dondozo|Protect\n|move|p1a: Armarouge|Expanding Force|p2b: Tatsugiri|[spread] \n|-miss|p1a: Armarouge|p2b: Tatsugiri\n|-activate|p2a: Dondozo|move: Protect\n|move|p1b: Gallade|Close Combat|p2a: Dondozo\n|-activate|p2a: Dondozo|move: Protect\n|\n|upkeep\n|turn|5\n|\n|t:|1700896616\n|move|p1a: Armarouge|Expanding Force|p2b: Tatsugiri|[spread] p2a\n|-miss|p1a: Armarouge|p2b: Tatsugiri\n|-damage|p2a: Dondozo|75\/100\n|move|p2a: Dondozo|Order Up|p1a: Armarouge\n|-crit|p1a: Armarouge\n|-damage|p1a: Armarouge|0 fnt\n|faint|p1a: Armarouge\n|-boost|p2a: Dondozo|atk|1\n|move|p1b: Gallade|Close Combat|p2a: Dondozo\n|-damage|p2a: Dondozo|54\/100\n|-unboost|p1b: Gallade|def|1\n|-unboost|p1b: Gallade|spd|1\n|\n|-fieldend|move: Trick Room\n|-fieldend|move: Psychic Terrain\n|upkeep\n|turn|6\n|\n|t:|1700896630\n|move|p1b: Gallade|Close Combat|p2a: Dondozo\n|-damage|p2a: Dondozo|34\/100\n|-unboost|p1b: Gallade|def|1\n|-unboost|p1b: Gallade|spd|1\n|-enditem|p2a: Dondozo|Sitrus Berry|[eat]\n|-heal|p2a: Dondozo|59\/100|[from] item: Sitrus Berry\n|move|p2a: Dondozo|Order Up|p1b: Gallade\n|-damage|p1b: Gallade|0 fnt\n|faint|p1b: Gallade\n|\n|win|Zeus_Swerve\n|raw|LucaSnivy's rating: 1000 &rarr; <strong>1000<\/strong><br \/>(+0 for losing)\n|raw|Zeus_Swerve's rating: 1001 &rarr; <strong>1041<\/strong><br \/>(+40 for winning)\n|l|\u2606LucaSnivy\n","uploadtime":1700896641,"views":18,"p1id":"lucasnivy","p2id":"zeusswerve","formatid":"gen9vgc2023regulatione","rating":1000,"private":0,"password":""}