{"id":"gen9vgc2023regulatione-1997425085","p1":"gokucito","p2":"Tilzy","format":"[Gen 9] VGC 2023 Regulation E","log":"|j|\u2606gokucito\n|j|\u2606Tilzy\n|t:|1700803052\n|gametype|doubles\n|player|p1|gokucito|morty|1445\n|player|p2|Tilzy|102|1547\n|teamsize|p1|6\n|teamsize|p2|6\n|gen|9\n|tier|[Gen 9] VGC 2023 Regulation E\n|rated|\n|rule|Species Clause: Limit one of each Pok\u00e9mon\n|rule|Item Clause: Limit one of each item\n|clearpoke\n|poke|p1|Braviary, L50, M|\n|poke|p1|Shiftry, L50, F|\n|poke|p1|Great Tusk, L50|\n|poke|p1|Torkoal, L50, F|\n|poke|p1|Jumpluff, L50, F|\n|poke|p1|Flutter Mane, L50|\n|poke|p2|Regidrago, L50|\n|poke|p2|Tornadus, L50, M|\n|poke|p2|Urshifu-*, L50, M|\n|poke|p2|Rillaboom, L50, M|\n|poke|p2|Gholdengo, L50|\n|poke|p2|Ogerpon-Hearthflame, L50, F|\n|teampreview|4\nTilzy has agreed to open team sheets.\n|inactive|Battle timer is ON: inactive players will automatically lose when time's up. (requested by gokucito)\n|inactive|Tilzy has 60 seconds left.\n|\n|t:|1700803128\n|start\n|switch|p1a: Torkoal|Torkoal, L50, F, shiny|100\/100\n|switch|p1b: Jumpluff|Jumpluff, L50, F, shiny|100\/100\n|switch|p2a: Gholdengo|Gholdengo, L50, shiny|100\/100\n|switch|p2b: Urshifu|Urshifu-Rapid-Strike, L50, M|100\/100\n|-weather|SunnyDay|[from] ability: Drought|[of] p1a: Torkoal\n|turn|1\n|\n|t:|1700803143\n|-terastallize|p2b: Urshifu|Water\n|move|p2b: Urshifu|Aqua Jet|p1a: Torkoal\n|-supereffective|p1a: Torkoal\n|-damage|p1a: Torkoal|78\/100\n|move|p1b: Jumpluff|Tailwind|p1b: Jumpluff\n|-sidestart|p1: gokucito|move: Tailwind\n|move|p2a: Gholdengo|Make It Rain|p1b: Jumpluff|[spread] p1a,p1b\n|-resisted|p1a: Torkoal\n|-crit|p1b: Jumpluff\n|-damage|p1a: Torkoal|27\/100\n|-damage|p1b: Jumpluff|0 fnt\n|-unboost|p2a: Gholdengo|spa|1\n|faint|p1b: Jumpluff\n|move|p1a: Torkoal|Overheat|p2a: Gholdengo\n|-supereffective|p2a: Gholdengo\n|-damage|p2a: Gholdengo|0 fnt\n|-unboost|p1a: Torkoal|spa|2\n|-enditem|p1a: Torkoal|Eject Pack\n|faint|p2a: Gholdengo\n|inactive|gokucito has 30 seconds left.\n|\n|t:|1700803169\n|switch|p1a: Great Tusk|Great Tusk, L50|100\/100\n|-activate|p1a: Great Tusk|ability: Protosynthesis\n|-start|p1a: Great Tusk|protosynthesisatk\n|\n|-weather|SunnyDay|[upkeep]\n|upkeep\n|\n|t:|1700803185\n|switch|p1b: Shiftry|Shiftry, L50, F, shiny|100\/100\n|switch|p2a: Rillaboom|Rillaboom, L50, M, shiny|100\/100\n|-ability|p1b: Shiftry|Wind Rider|boost\n|-boost|p1b: Shiftry|atk|1\n|-fieldstart|move: Grassy Terrain|[from] ability: Grassy Surge|[of] p2a: Rillaboom\n|turn|2\n|\n|t:|1700803194\n|move|p1b: Shiftry|Fake Out|p2b: Urshifu\n|-damage|p2b: Urshifu|82\/100\n|cant|p2b: Urshifu|flinch\n|move|p1a: Great Tusk|Ice Spinner|p2a: Rillaboom\n|-supereffective|p2a: Rillaboom\n|-damage|p2a: Rillaboom|24\/100\n|-fieldend|move: Grassy Terrain\n|move|p2a: Rillaboom|High Horsepower|p1b: Shiftry\n|-resisted|p1b: Shiftry\n|-damage|p1b: Shiftry|71\/100\n|\n|-weather|SunnyDay|[upkeep]\n|upkeep\n|turn|3\n|\n|t:|1700803218\n|switch|p2a: Ogerpon|Ogerpon-Hearthflame, L50, F|100\/100\n|-ability|p2a: Ogerpon|Mold Breaker\n|move|p2b: Urshifu|Aqua Jet|p1a: Great Tusk\n|-supereffective|p1a: Great Tusk\n|-damage|p1a: Great Tusk|80\/100\n|-enditem|p1a: Great Tusk|Weakness Policy\n|-boost|p1a: Great Tusk|atk|2|[from] item: Weakness Policy\n|-boost|p1a: Great Tusk|spa|2|[from] item: Weakness Policy\n|move|p1a: Great Tusk|Ice Spinner|p2a: Ogerpon\n|-damage|p2a: Ogerpon|21\/100\n|move|p1b: Shiftry|Leaf Blade|p2b: Urshifu\n|-supereffective|p2b: Urshifu\n|-damage|p2b: Urshifu|0 fnt\n|faint|p2b: Urshifu\n|\n|-weather|SunnyDay|[upkeep]\n|upkeep\n|inactive|Tilzy has 30 seconds left.\n|c|\u2606Tilzy|Nice CTS Cheese GL trying that in OTS stuff\n|inactive|Tilzy has 20 seconds left.\n|\n|t:|1700803254\n|switch|p2b: Rillaboom|Rillaboom, L50, M, shiny|24\/100\n|-fieldstart|move: Grassy Terrain|[from] ability: Grassy Surge|[of] p2b: Rillaboom\n|turn|4\n|inactive|gokucito has 30 seconds left.\n|\n|t:|1700803279\n|move|p2b: Rillaboom|Fake Out|p1b: Shiftry\n|-damage|p1b: Shiftry|48\/100\n|move|p2a: Ogerpon|Grassy Glide|p1a: Great Tusk\n|-supereffective|p1a: Great Tusk\n|-damage|p1a: Great Tusk|10\/100\n|move|p1a: Great Tusk|Ice Spinner|p2b: Rillaboom\n|-supereffective|p2b: Rillaboom\n|-damage|p2b: Rillaboom|0 fnt\n|-fieldend|move: Grassy Terrain\n|faint|p2b: Rillaboom\n|cant|p1b: Shiftry|flinch\n|\n|-weather|SunnyDay|[upkeep]\n|-sideend|p1: gokucito|move: Tailwind\n|upkeep\n|turn|5\n|\n|t:|1700803291\n|move|p1b: Shiftry|Sucker Punch|p2a: Ogerpon\n|-damage|p2a: Ogerpon|0 fnt\n|faint|p2a: Ogerpon\n|\n|win|gokucito\n|raw|gokucito's rating: 1445 &rarr; <strong>1471<\/strong><br \/>(+26 for winning)\n|raw|Tilzy's rating: 1547 &rarr; <strong>1521<\/strong><br \/>(-26 for losing)\n|l|\u2606Tilzy\n","uploadtime":1700803297,"views":3,"p1id":"gokucito","p2id":"tilzy","formatid":"gen9vgc2023regulatione","rating":1471,"private":0,"password":""}