{"id":"gen9vgc2023regulatione-1989194158","p1":"Spler","p2":"Kemaho","format":"[Gen 9] VGC 2023 Regulation E","log":"|j|\u2606Spler\n|j|\u2606Kemaho\n|t:|1699822090\n|gametype|doubles\n|player|p1|Spler|102|1433\n|player|p2|Kemaho|clerk|1376\n|teamsize|p1|6\n|teamsize|p2|6\n|gen|9\n|tier|[Gen 9] VGC 2023 Regulation E\n|rated|\n|rule|Species Clause: Limit one of each Pok\u00e9mon\n|rule|Item Clause: Limit one of each item\n|clearpoke\n|poke|p1|Iron Bundle, L50|\n|poke|p1|Ninetales-Alola, L50, F|\n|poke|p1|Dachsbun, L50, F|\n|poke|p1|Chi-Yu, L50|\n|poke|p1|Heatran, L50, F|\n|poke|p1|Rillaboom, L50, M|\n|poke|p2|Flutter Mane, L50|\n|poke|p2|Arcanine-Hisui, L50, M|\n|poke|p2|Cresselia, L50, F|\n|poke|p2|Ogerpon-Wellspring, L50, F|\n|poke|p2|Urshifu-*, L50, M|\n|poke|p2|Ursaluna, L50, M|\n|teampreview|4\nKemaho has agreed to open team sheets.\n|\n|t:|1699822134\n|start\n|switch|p1a: Chi-Yu|Chi-Yu, L50|100\/100\n|switch|p1b: Dachsbun|Dachsbun, L50, F|100\/100\n|switch|p2a: Arcanine|Arcanine-Hisui, L50, M|100\/100\n|switch|p2b: Flutter Mane|Flutter Mane, L50|100\/100\n|-ability|p1a: Chi-Yu|Beads of Ruin\n|-ability|p2a: Arcanine|Intimidate|boost\n|-unboost|p1a: Chi-Yu|atk|1\n|-unboost|p1b: Dachsbun|atk|1\n|turn|1\n|inactive|Battle timer is ON: inactive players will automatically lose when time's up. (requested by Spler)\n|\n|t:|1699822162\n|-terastallize|p1a: Chi-Yu|Ghost\n|move|p1a: Chi-Yu|Lava Plume|p2b: Flutter Mane|[spread] p2a,p2b\n|-ability|p1b: Dachsbun|Well-Baked Body|boost\n|-boost|p1b: Dachsbun|def|2\n|-resisted|p2a: Arcanine\n|-damage|p2a: Arcanine|89\/100\n|-damage|p2b: Flutter Mane|59\/100\n|move|p2b: Flutter Mane|Dazzling Gleam|p1a: Chi-Yu|[spread] p1a,p1b\n|-damage|p1a: Chi-Yu|47\/100\n|-damage|p1b: Dachsbun|47\/100\n|move|p2a: Arcanine|Rock Slide|p1b: Dachsbun|[spread] p1a,p1b\n|-damage|p1a: Chi-Yu|0 fnt\n|-damage|p1b: Dachsbun|28\/100\n|faint|p1a: Chi-Yu\n|-damage|p2a: Arcanine|79\/100|[from] item: Life Orb\n|cant|p1b: Dachsbun|flinch\n|\n|-heal|p1b: Dachsbun|34\/100|[from] item: Leftovers\n|upkeep\n|inactive|Spler has 30 seconds left.\n|\n|t:|1699822190\n|switch|p1a: Rillaboom|Rillaboom, L50, M|100\/100\n|-fieldstart|move: Grassy Terrain|[from] ability: Grassy Surge|[of] p1a: Rillaboom\n|turn|2\n|\n|t:|1699822199\n|move|p2a: Arcanine|Protect|p2a: Arcanine\n|-singleturn|p2a: Arcanine|Protect\n|move|p1a: Rillaboom|Grassy Glide|p2b: Flutter Mane\n|-damage|p2b: Flutter Mane|0 fnt\n|faint|p2b: Flutter Mane\n|-end|p2b: Flutter Mane|Protosynthesis|[silent]\n|move|p1b: Dachsbun|Body Press|p2a: Arcanine\n|-activate|p2a: Arcanine|move: Protect\n|\n|-heal|p2a: Arcanine|85\/100|[from] Grassy Terrain\n|-heal|p1b: Dachsbun|40\/100|[from] Grassy Terrain\n|-heal|p1b: Dachsbun|46\/100|[from] item: Leftovers\n|upkeep\n|\n|t:|1699822204\n|switch|p2b: Urshifu|Urshifu, L50, M|100\/100\n|turn|3\n|\n|t:|1699822225\n|move|p1a: Rillaboom|Grassy Glide|p2b: Urshifu\n|-damage|p2b: Urshifu|66\/100\n|move|p2b: Urshifu|Wicked Blow|p1b: Dachsbun\n|-resisted|p1b: Dachsbun\n|-crit|p1b: Dachsbun\n|-damage|p1b: Dachsbun|12\/100\n|move|p2a: Arcanine|Flare Blitz|p1a: Rillaboom\n|-supereffective|p1a: Rillaboom\n|-damage|p1a: Rillaboom|0 fnt\n|faint|p1a: Rillaboom\n|-damage|p2a: Arcanine|50\/100|[from] Recoil\n|-damage|p2a: Arcanine|40\/100|[from] item: Life Orb\n|move|p1b: Dachsbun|Body Press|p2a: Arcanine\n|-supereffective|p2a: Arcanine\n|-damage|p2a: Arcanine|0 fnt\n|faint|p2a: Arcanine\n|\n|-heal|p2b: Urshifu|72\/100|[from] Grassy Terrain\n|-heal|p1b: Dachsbun|18\/100|[from] Grassy Terrain\n|-heal|p1b: Dachsbun|24\/100|[from] item: Leftovers\n|upkeep\n|\n|t:|1699822247\n|switch|p2a: Ogerpon|Ogerpon-Wellspring, L50, F|100\/100\n|switch|p1a: Iron Bundle|Iron Bundle, L50|100\/100\n|-enditem|p1a: Iron Bundle|Booster Energy\n|-activate|p1a: Iron Bundle|ability: Quark Drive|[fromitem]\n|-start|p1a: Iron Bundle|quarkdrivespe\n|turn|4\n|inactive|Spler has 30 seconds left.\n|inactive|Spler has 20 seconds left.\n|\n|t:|1699822284\n|-terastallize|p2a: Ogerpon|Water\n|detailschange|p2a: Ogerpon|Ogerpon-Wellspring-Tera, L50, F, tera:Water\n|-ability|p2a: Ogerpon|Embody Aspect (Wellspring)|boost\n|-boost|p2a: Ogerpon|spd|1\n|move|p2b: Urshifu|Sucker Punch|p1b: Dachsbun\n|-resisted|p1b: Dachsbun\n|-damage|p1b: Dachsbun|13\/100\n|move|p1a: Iron Bundle|Blizzard|p2a: Ogerpon|[spread] p2b\n|-miss|p1a: Iron Bundle|p2a: Ogerpon\n|-damage|p2b: Urshifu|4\/100\n|move|p2a: Ogerpon|Wood Hammer|p1a: Iron Bundle\n|-supereffective|p1a: Iron Bundle\n|-damage|p1a: Iron Bundle|0 fnt\n|faint|p1a: Iron Bundle\n|-end|p1a: Iron Bundle|Quark Drive|[silent]\n|-damage|p2a: Ogerpon|77\/100|[from] Recoil\n|move|p1b: Dachsbun|Body Press|p2b: Urshifu\n|-supereffective|p2b: Urshifu\n|-damage|p2b: Urshifu|0 fnt\n|faint|p2b: Urshifu\n|\n|-heal|p2a: Ogerpon|83\/100|[from] Grassy Terrain\n|-heal|p1b: Dachsbun|19\/100|[from] Grassy Terrain\n|-heal|p1b: Dachsbun|25\/100|[from] item: Leftovers\n|upkeep\n|turn|5\n|inactive|Spler has 30 seconds left.\n|\n|t:|1699822310\n|move|p1b: Dachsbun|Protect|p1b: Dachsbun\n|-singleturn|p1b: Dachsbun|Protect\n|move|p2a: Ogerpon|Ivy Cudgel|p1b: Dachsbun\n|-activate|p1b: Dachsbun|move: Protect\n|\n|-heal|p2a: Ogerpon|89\/100|[from] Grassy Terrain\n|-heal|p1b: Dachsbun|32\/100|[from] Grassy Terrain\n|-heal|p1b: Dachsbun|38\/100|[from] item: Leftovers\n|upkeep\n|turn|6\n|\n|t:|1699822321\n|move|p1b: Dachsbun|Protect|p1b: Dachsbun\n|-singleturn|p1b: Dachsbun|Protect\n|move|p2a: Ogerpon|Ivy Cudgel|p1b: Dachsbun\n|-activate|p1b: Dachsbun|move: Protect\n|\n|-heal|p2a: Ogerpon|95\/100|[from] Grassy Terrain\n|-heal|p1b: Dachsbun|44\/100|[from] Grassy Terrain\n|-heal|p1b: Dachsbun|50\/100|[from] item: Leftovers\n|-fieldend|move: Grassy Terrain\n|upkeep\n|turn|7\n|\n|t:|1699822334\n|move|p2a: Ogerpon|Ivy Cudgel|p1b: Dachsbun\n|-damage|p1b: Dachsbun|13\/100\n|move|p1b: Dachsbun|Yawn|p2a: Ogerpon\n|-start|p2a: Ogerpon|move: Yawn|[of] p1b: Dachsbun\n|\n|-heal|p1b: Dachsbun|19\/100|[from] item: Leftovers\n|upkeep\n|turn|8\n|\n|t:|1699822343\n|move|p1b: Dachsbun|Protect|p1b: Dachsbun\n|-singleturn|p1b: Dachsbun|Protect\n|move|p2a: Ogerpon|Ivy Cudgel|p1b: Dachsbun\n|-activate|p1b: Dachsbun|move: Protect\n|\n|-heal|p1b: Dachsbun|25\/100|[from] item: Leftovers\n|-end|p2a: Ogerpon|move: Yawn|[silent]\n|-status|p2a: Ogerpon|slp\n|upkeep\n|turn|9\n|c|\u2606Kemaho|Gg\n|\n|t:|1699822353\n|cant|p2a: Ogerpon|slp\n|move|p1b: Dachsbun|Body Press|p2a: Ogerpon\n|-damage|p2a: Ogerpon|46\/100 slp\n|\n|-heal|p1b: Dachsbun|32\/100|[from] item: Leftovers\n|upkeep\n|turn|10\n|\n|t:|1699822361\n|cant|p2a: Ogerpon|slp\n|move|p1b: Dachsbun|Body Press|p2a: Ogerpon\n|-damage|p2a: Ogerpon|3\/100 slp\n|\n|-heal|p1b: Dachsbun|38\/100|[from] item: Leftovers\n|upkeep\n|turn|11\n|\n|t:|1699822369\n|move|p1b: Dachsbun|Protect|p1b: Dachsbun\n|-singleturn|p1b: Dachsbun|Protect\n|cant|p2a: Ogerpon|slp\n|\n|-heal|p1b: Dachsbun|44\/100|[from] item: Leftovers\n|upkeep\n|turn|12\n|\n|t:|1699822377\n|-curestatus|p2a: Ogerpon|slp|[msg]\n|move|p2a: Ogerpon|Ivy Cudgel|p1b: Dachsbun\n|-damage|p1b: Dachsbun|5\/100\n|move|p1b: Dachsbun|Body Press|p2a: Ogerpon\n|-damage|p2a: Ogerpon|0 fnt\n|faint|p2a: Ogerpon\n|\n|win|Spler\n|raw|Spler's rating: 1433 &rarr; <strong>1450<\/strong><br \/>(+17 for winning)\n|raw|Kemaho's rating: 1376 &rarr; <strong>1359<\/strong><br \/>(-17 for losing)\n|l|\u2606Kemaho\n","uploadtime":1699822391,"views":11,"p1id":"spler","p2id":"kemaho","formatid":"gen9vgc2023regulatione","rating":1359,"private":0,"password":""}