{"id":"gen9vgc2023regulatione-2000259332","p1":"Dragontrainer010","p2":"UnknownUniverse","format":"[Gen 9] VGC 2023 Regulation E","log":"|j|\u2606Dragontrainer010\n|j|\u2606UnknownUniverse\n|t:|1701178594\n|gametype|doubles\n|player|p1|Dragontrainer010|266|1180\n|player|p2|UnknownUniverse|rika|1135\n|teamsize|p1|6\n|teamsize|p2|6\n|gen|9\n|tier|[Gen 9] VGC 2023 Regulation E\n|rated|\n|rule|Species Clause: Limit one of each Pok\u00e9mon\n|rule|Item Clause: Limit one of each item\n|clearpoke\n|poke|p1|Ninetales-Alola, L50, M|\n|poke|p1|Baxcalibur, L50, M|\n|poke|p1|Clefairy, L50, F|\n|poke|p1|Annihilape, L50, F|\n|poke|p1|Landorus-Therian, L50, M|\n|poke|p1|Heatran, L50, M|\n|poke|p2|Roaring Moon, L50|\n|poke|p2|Torkoal, L50, M|\n|poke|p2|Lilligant-Hisui, L50, F|\n|poke|p2|Flutter Mane, L50|\n|poke|p2|Chien-Pao, L50|\n|poke|p2|Corviknight, L50, F|\n|teampreview|4\n|\n|t:|1701178645\n|start\n|switch|p1a: Ninetales|Ninetales-Alola, L50, M|100\/100\n|switch|p1b: Annihilape|Annihilape, L50, F|100\/100\n|switch|p2a: Torkoal|Torkoal, L50, M, shiny|100\/100\n|switch|p2b: Lilligant|Lilligant-Hisui, L50, F, shiny|100\/100\n|-weather|Snow|[from] ability: Snow Warning|[of] p1a: Ninetales\n|-weather|SunnyDay|[from] ability: Drought|[of] p2a: Torkoal\n|turn|1\n|\n|t:|1701178656\n|switch|p1a: Heatran|Heatran, L50, M|100\/100\n|move|p2b: Lilligant|After You|p2a: Torkoal\n|-activate|p2a: Torkoal|move: After You\n|move|p2a: Torkoal|Eruption|p1a: Heatran|[spread] p1b\n|-start|p1a: Heatran|ability: Flash Fire\n|-damage|p1b: Annihilape|40\/100\n|move|p1b: Annihilape|Bulk Up|p1b: Annihilape\n|-boost|p1b: Annihilape|atk|1\n|-boost|p1b: Annihilape|def|1\n|\n|-weather|SunnyDay|[upkeep]\n|-heal|p1b: Annihilape|46\/100|[from] item: Leftovers\n|upkeep\n|turn|2\n|\n|t:|1701178673\n|move|p1b: Annihilape|Protect|p1b: Annihilape\n|-singleturn|p1b: Annihilape|Protect\n|move|p2b: Lilligant|Close Combat|p1a: Heatran\n|-supereffective|p1a: Heatran\n|-damage|p1a: Heatran|6\/100\n|-unboost|p2b: Lilligant|def|1\n|-unboost|p2b: Lilligant|spd|1\n|-enditem|p1a: Heatran|Aguav Berry|[eat]\n|-heal|p1a: Heatran|39\/100|[from] item: Aguav Berry\n|move|p1a: Heatran|Flamethrower|p2a: Torkoal\n|-resisted|p2a: Torkoal\n|-damage|p2a: Torkoal|27\/100\n|move|p2a: Torkoal|Eruption|p1b: Annihilape|[spread] \n|-activate|p1b: Annihilape|move: Protect\n|-immune|p1a: Heatran|[from] ability: Flash Fire\n|\n|-weather|SunnyDay|[upkeep]\n|-heal|p1b: Annihilape|52\/100|[from] item: Leftovers\n|upkeep\n|turn|3\n|\n|t:|1701178690\n|move|p1a: Heatran|Protect|p1a: Heatran\n|-singleturn|p1a: Heatran|Protect\n|move|p2b: Lilligant|Solar Blade||[still]\n|-prepare|p2b: Lilligant|Solar Blade\n|-anim|p2b: Lilligant|Solar Blade|p1b: Annihilape\n|-damage|p1b: Annihilape|14\/100\n|move|p1b: Annihilape|Drain Punch|p2a: Torkoal\n|-damage|p2a: Torkoal|0 fnt\n|-heal|p1b: Annihilape|24\/100|[from] drain|[of] p2a: Torkoal\n|faint|p2a: Torkoal\n|\n|-weather|SunnyDay|[upkeep]\n|-heal|p1b: Annihilape|30\/100|[from] item: Leftovers\n|upkeep\n|\n|t:|1701178705\n|switch|p2a: Corviknight|Corviknight, L50, F, shiny|100\/100\n|turn|4\n|\n|t:|1701178713\n|switch|p1b: Clefairy|Clefairy, L50, F|100\/100\n|-terastallize|p1a: Heatran|Grass\n|move|p2b: Lilligant|Close Combat|p1a: Heatran\n|-crit|p1a: Heatran\n|-damage|p1a: Heatran|0 fnt\n|-unboost|p2b: Lilligant|def|1\n|-unboost|p2b: Lilligant|spd|1\n|faint|p1a: Heatran\n|move|p2a: Corviknight|Bulk Up|p2a: Corviknight\n|-boost|p2a: Corviknight|atk|1\n|-boost|p2a: Corviknight|def|1\n|\n|-weather|SunnyDay|[upkeep]\n|upkeep\n|\n|t:|1701178718\n|switch|p1a: Ninetales|Ninetales-Alola, L50, M|100\/100\n|-weather|Snow|[from] ability: Snow Warning|[of] p1a: Ninetales\n|turn|5\n|\n|t:|1701178740\n|move|p1b: Clefairy|Follow Me|p1b: Clefairy\n|-singleturn|p1b: Clefairy|move: Follow Me\n|move|p2b: Lilligant|Close Combat|p1b: Clefairy\n|-resisted|p1b: Clefairy\n|-damage|p1b: Clefairy|65\/100\n|-unboost|p2b: Lilligant|def|1\n|-unboost|p2b: Lilligant|spd|1\n|move|p1a: Ninetales|Aurora Veil|p1a: Ninetales\n|-sidestart|p1: Dragontrainer010|move: Aurora Veil\n|move|p2a: Corviknight|Bulk Up|p2a: Corviknight\n|-boost|p2a: Corviknight|atk|1\n|-boost|p2a: Corviknight|def|1\n|\n|-weather|Snow|[upkeep]\n|upkeep\n|turn|6\n|\n|t:|1701178764\n|move|p2b: Lilligant|Sleep Powder|p1b: Clefairy|[miss]\n|-miss|p2b: Lilligant|p1b: Clefairy\n|move|p1a: Ninetales|Moonblast|p2b: Lilligant\n|-supereffective|p2b: Lilligant\n|-enditem|p2b: Lilligant|Focus Sash\n|-damage|p2b: Lilligant|1\/100\n|-unboost|p2b: Lilligant|spa|1\n|move|p2a: Corviknight|Bulk Up|p2a: Corviknight\n|-boost|p2a: Corviknight|atk|1\n|-boost|p2a: Corviknight|def|1\n|move|p1b: Clefairy|Blizzard|p2b: Lilligant|[spread] p2a,p2b\n|-supereffective|p2b: Lilligant\n|-damage|p2a: Corviknight|92\/100\n|-damage|p2b: Lilligant|0 fnt\n|faint|p2b: Lilligant\n|\n|-weather|Snow|[upkeep]\n|upkeep\n|\n|t:|1701178768\n|switch|p2b: Chien-Pao|Chien-Pao, L50|100\/100\n|-ability|p2b: Chien-Pao|Sword of Ruin\n|turn|7\n|\n|t:|1701178788\n|move|p2b: Chien-Pao|Protect|p2b: Chien-Pao\n|-singleturn|p2b: Chien-Pao|Protect\n|move|p1b: Clefairy|Follow Me|p1b: Clefairy\n|-singleturn|p1b: Clefairy|move: Follow Me\n|move|p1a: Ninetales|Moonblast|p2b: Chien-Pao\n|-activate|p2b: Chien-Pao|move: Protect\n|move|p2a: Corviknight|Brave Bird|p1b: Clefairy\n|-damage|p1b: Clefairy|0 fnt\n|faint|p1b: Clefairy\n|-damage|p2a: Corviknight|73\/100|[from] Recoil\n|\n|-weather|Snow|[upkeep]\n|upkeep\n|\n|t:|1701178795\n|switch|p1b: Annihilape|Annihilape, L50, F|30\/100\n|turn|8\n|\n|t:|1701178841\n|move|p2b: Chien-Pao|Lash Out|p1b: Annihilape\n|-damage|p1b: Annihilape|0 fnt\n|faint|p1b: Annihilape\n|-damage|p2b: Chien-Pao|91\/100|[from] item: Life Orb\n|move|p1a: Ninetales|Moonblast|p2b: Chien-Pao\n|-supereffective|p2b: Chien-Pao\n|-damage|p2b: Chien-Pao|0 fnt\n|faint|p2b: Chien-Pao\n|move|p2a: Corviknight|Body Press|p1a: Ninetales\n|-damage|p1a: Ninetales|70\/100\n|\n|-weather|Snow|[upkeep]\n|upkeep\n|turn|9\n|l|\u2606Dragontrainer010\n|player|p1|\n|inactive|Battle timer is ON: inactive players will automatically lose when time's up. (requested by UnknownUniverse)\n|inactive|Dragontrainer010 has 30 seconds to reconnect!\n|inactive|Dragontrainer010 has 20 seconds to reconnect!\n|inactive|Dragontrainer010 has 15 seconds to reconnect!\n|inactive|Dragontrainer010 has 10 seconds to reconnect!\n|inactive|Dragontrainer010 has 5 seconds to reconnect!\n|-message|Dragontrainer010 lost due to inactivity.\n|\n|win|UnknownUniverse\n|raw|Dragontrainer010's rating: 1180 &rarr; <strong>1152<\/strong><br \/>(-28 for losing)\n|raw|UnknownUniverse's rating: 1135 &rarr; <strong>1163<\/strong><br \/>(+28 for winning)\n","uploadtime":1701178972,"views":1,"p1id":"dragontrainer010","p2id":"unknownuniverse","formatid":"gen9vgc2023regulatione","rating":1152,"private":0,"password":""}