{"id":"gen9vgc2023regulatione-1998691163","p1":"yukihyu","p2":"Cyborg Tesla","format":"[Gen 9] VGC 2023 Regulation E","log":"|j|\u2606yukihyu\n|j|\u2606Cyborg Tesla\n|t:|1700973149\n|gametype|doubles\n|player|p1|yukihyu|collector|1453\n|player|p2|Cyborg Tesla|roark|1554\n|teamsize|p1|6\n|teamsize|p2|6\n|gen|9\n|tier|[Gen 9] VGC 2023 Regulation E\n|rated|\n|rule|Species Clause: Limit one of each Pok\u00e9mon\n|rule|Item Clause: Limit one of each item\n|clearpoke\n|poke|p1|Ninetales-Alola, L50, M|\n|poke|p1|Baxcalibur, L50, F|\n|poke|p1|Dondozo, L50, F|\n|poke|p1|Sinistcha-Masterpiece, L50|\n|poke|p1|Roaring Moon, L50|\n|poke|p1|Zapdos, L50|\n|poke|p2|Flutter Mane, L50|\n|poke|p2|Zapdos, L50|\n|poke|p2|Landorus-Therian, L50, M|\n|poke|p2|Heatran, L50, M|\n|poke|p2|Amoonguss, L50, M|\n|poke|p2|Urshifu-*, L50, M|\n|teampreview|4\n|inactive|Battle timer is ON: inactive players will automatically lose when time's up. (requested by Cyborg Tesla)\n|\n|t:|1700973179\n|start\n|switch|p1a: Ninetales|Ninetales-Alola, L50, M|100\/100\n|switch|p1b: Roaring Moon|Roaring Moon, L50|100\/100\n|switch|p2a: Heatran|Heatran, L50, M|100\/100\n|switch|p2b: Flutter Mane|Flutter Mane, L50|100\/100\n|-weather|Snow|[from] ability: Snow Warning|[of] p1a: Ninetales\n|-enditem|p1b: Roaring Moon|Booster Energy\n|-activate|p1b: Roaring Moon|ability: Protosynthesis|[fromitem]\n|-start|p1b: Roaring Moon|protosynthesisspe\n|-enditem|p2b: Flutter Mane|Booster Energy\n|-activate|p2b: Flutter Mane|ability: Protosynthesis|[fromitem]\n|-start|p2b: Flutter Mane|protosynthesisspa\n|turn|1\n|inactive|yukihyu has 30 seconds left.\n|\n|t:|1700973208\n|move|p1b: Roaring Moon|Protect|p1b: Roaring Moon\n|-singleturn|p1b: Roaring Moon|Protect\n|move|p2b: Flutter Mane|Dazzling Gleam|p1a: Ninetales|[spread] p1a\n|-activate|p1b: Roaring Moon|move: Protect\n|-damage|p1a: Ninetales|57\/100\n|move|p1a: Ninetales|Aurora Veil|p1a: Ninetales\n|-sidestart|p1: yukihyu|move: Aurora Veil\n|move|p2a: Heatran|Heat Wave|p1a: Ninetales|[spread] p1a\n|-activate|p1b: Roaring Moon|move: Protect\n|-supereffective|p1a: Ninetales\n|-damage|p1a: Ninetales|8\/100\n|\n|-weather|Snow|[upkeep]\n|upkeep\n|turn|2\n|\n|t:|1700973231\n|-terastallize|p1b: Roaring Moon|Flying\n|move|p1b: Roaring Moon|Acrobatics|p2b: Flutter Mane\n|-damage|p2b: Flutter Mane|1\/100\n|move|p2b: Flutter Mane|Dazzling Gleam|p1a: Ninetales|[spread] p1a,p1b\n|-damage|p1a: Ninetales|0 fnt\n|-damage|p1b: Roaring Moon|72\/100\n|faint|p1a: Ninetales\n|move|p2a: Heatran|Heat Wave|p1b: Roaring Moon\n|-crit|p1b: Roaring Moon\n|-damage|p1b: Roaring Moon|0 fnt\n|faint|p1b: Roaring Moon\n|-end|p1b: Roaring Moon|Protosynthesis|[silent]\n|\n|-weather|Snow|[upkeep]\n|upkeep\n|\n|t:|1700973243\n|switch|p1b: Sinistcha|Sinistcha-Masterpiece, L50|100\/100\n|switch|p1a: Baxcalibur|Baxcalibur, L50, F|100\/100\n|turn|3\n|\n|t:|1700973255\n|switch|p2a: Landorus|Landorus-Therian, L50, M|100\/100\n|-ability|p2a: Landorus|Intimidate|boost\n|-unboost|p1a: Baxcalibur|atk|1\n|-unboost|p1b: Sinistcha|atk|1\n|move|p2b: Flutter Mane|Protect|p2b: Flutter Mane\n|-singleturn|p2b: Flutter Mane|Protect\n|move|p1a: Baxcalibur|High Horsepower|p2a: Landorus\n|-immune|p2a: Landorus\n|move|p1b: Sinistcha|Matcha Gotcha|p2b: Flutter Mane|[spread] p2a\n|-activate|p2b: Flutter Mane|move: Protect\n|-damage|p2a: Landorus|79\/100\n|-status|p2a: Landorus|brn\n|\n|-weather|Snow|[upkeep]\n|-damage|p2a: Landorus|73\/100 brn|[from] brn\n|upkeep\n|turn|4\n|\n|t:|1700973277\n|move|p1a: Baxcalibur|Ice Shard|p2b: Flutter Mane\n|-damage|p2b: Flutter Mane|0 fnt\n|faint|p2b: Flutter Mane\n|-end|p2b: Flutter Mane|Protosynthesis|[silent]\n|move|p2a: Landorus|U-turn|p1b: Sinistcha\n|-damage|p1b: Sinistcha|92\/100\n|-damage|p2a: Landorus|57\/100 brn|[from] item: Rocky Helmet|[of] p1b: Sinistcha\n|\n|t:|1700973285\n|switch|p2a: Heatran|Heatran, L50, M|100\/100|[from] U-turn\n|move|p1b: Sinistcha|Calm Mind|p1b: Sinistcha\n|-boost|p1b: Sinistcha|spa|1\n|-boost|p1b: Sinistcha|spd|1\n|\n|-weather|Snow|[upkeep]\n|upkeep\n|\n|t:|1700973289\n|switch|p2b: Landorus|Landorus-Therian, L50, M|57\/100 brn\n|-ability|p2b: Landorus|Intimidate|boost\n|-unboost|p1a: Baxcalibur|atk|1\n|-unboost|p1b: Sinistcha|atk|1\n|turn|5\n|\n|t:|1700973302\n|-terastallize|p2a: Heatran|Flying\n|move|p2b: Landorus|U-turn|p1b: Sinistcha\n|-damage|p1b: Sinistcha|84\/100\n|-damage|p2b: Landorus|41\/100 brn|[from] item: Rocky Helmet|[of] p1b: Sinistcha\n|\n|t:|1700973306\n|switch|p2b: Urshifu|Urshifu-Rapid-Strike, L50, M|100\/100|[from] U-turn\n|move|p1a: Baxcalibur|High Horsepower|p2a: Heatran\n|-immune|p2a: Heatran\n|move|p2a: Heatran|Tera Blast|p1b: Sinistcha|[anim] Tera Blast Flying\n|-supereffective|p1b: Sinistcha\n|-damage|p1b: Sinistcha|39\/100\n|move|p1b: Sinistcha|Matcha Gotcha|p2a: Heatran|[spread] p2a,p2b\n|-resisted|p2a: Heatran\n|-supereffective|p2b: Urshifu\n|-damage|p2a: Heatran|83\/100\n|-heal|p1b: Sinistcha|48\/100|[from] drain|[of] p2a: Heatran\n|-enditem|p2b: Urshifu|Focus Sash\n|-damage|p2b: Urshifu|1\/100\n|-heal|p1b: Sinistcha|98\/100|[from] drain|[of] p2b: Urshifu\n|\n|-weather|none\n|-heal|p2a: Heatran|90\/100|[from] item: Leftovers\n|upkeep\n|turn|6\n|inactive|Cyborg Tesla has 30 seconds left.\n|\n|t:|1700973335\n|move|p2b: Urshifu|Protect|p2b: Urshifu\n|-singleturn|p2b: Urshifu|Protect\n|move|p1b: Sinistcha|Rage Powder|p1b: Sinistcha\n|-singleturn|p1b: Sinistcha|move: Rage Powder\n|move|p1a: Baxcalibur|Icicle Crash|p2a: Heatran\n|-supereffective|p2a: Heatran\n|-damage|p2a: Heatran|46\/100\n|cant|p2a: Heatran|flinch\n|\n|-heal|p2a: Heatran|52\/100|[from] item: Leftovers\n|upkeep\n|turn|7\n|\n|t:|1700973358\n|switch|p2b: Landorus|Landorus-Therian, L50, M|41\/100 brn\n|-ability|p2b: Landorus|Intimidate|boost\n|-unboost|p1a: Baxcalibur|atk|1\n|-unboost|p1b: Sinistcha|atk|1\n|move|p1a: Baxcalibur|Ice Shard|p2b: Landorus\n|-supereffective|p2b: Landorus\n|-damage|p2b: Landorus|0 fnt\n|faint|p2b: Landorus\n|move|p2a: Heatran|Tera Blast|p1b: Sinistcha|[anim] Tera Blast Flying\n|-supereffective|p1b: Sinistcha\n|-damage|p1b: Sinistcha|48\/100\n|move|p1b: Sinistcha|Matcha Gotcha|p2a: Heatran\n|-resisted|p2a: Heatran\n|-damage|p2a: Heatran|28\/100\n|-heal|p1b: Sinistcha|61\/100|[from] drain|[of] p2a: Heatran\n|-status|p2a: Heatran|brn\n|\n|-heal|p2a: Heatran|34\/100 brn|[from] item: Leftovers\n|-damage|p2a: Heatran|28\/100 brn|[from] brn\n|upkeep\n|\n|t:|1700973372\n|switch|p2b: Urshifu|Urshifu-Rapid-Strike, L50, M|1\/100\n|turn|8\n|inactive|Cyborg Tesla has 30 seconds left.\n|\n|t:|1700973398\n|move|p2b: Urshifu|Protect|p2b: Urshifu\n|-singleturn|p2b: Urshifu|Protect\n|move|p1b: Sinistcha|Rage Powder|p1b: Sinistcha\n|-singleturn|p1b: Sinistcha|move: Rage Powder\n|move|p1a: Baxcalibur|Glaive Rush|p2a: Heatran\n|-damage|p2a: Heatran|1\/100 brn\n|-singlemove|p1a: Baxcalibur|Glaive Rush|[silent]\n|move|p2a: Heatran|Tera Blast|p1b: Sinistcha|[anim] Tera Blast Flying\n|-supereffective|p1b: Sinistcha\n|-damage|p1b: Sinistcha|8\/100\n|\n|-heal|p2a: Heatran|7\/100 brn|[from] item: Leftovers\n|-damage|p2a: Heatran|1\/100 brn|[from] brn\n|-sideend|p1: yukihyu|move: Aurora Veil\n|upkeep\n|turn|9\n|inactive|Cyborg Tesla has 30 seconds left.\n|inactive|Cyborg Tesla has 20 seconds left.\n|inactive|Cyborg Tesla has 15 seconds left.\n|inactive|Cyborg Tesla has 10 seconds left.\n|inactive|Cyborg Tesla has 5 seconds left.\n|\n|t:|1700973451\n|move|p1b: Sinistcha|Rage Powder|p1b: Sinistcha\n|-singleturn|p1b: Sinistcha|move: Rage Powder\n|move|p2b: Urshifu|Aqua Jet|p1b: Sinistcha\n|-resisted|p1b: Sinistcha\n|-damage|p1b: Sinistcha|0 fnt\n|-damage|p2b: Urshifu|0 fnt|[from] item: Rocky Helmet|[of] p1b: Sinistcha\n|faint|p1b: Sinistcha\n|faint|p2b: Urshifu\n|move|p1a: Baxcalibur|Ice Shard|p2a: Heatran\n|-supereffective|p2a: Heatran\n|-damage|p2a: Heatran|0 fnt\n|faint|p2a: Heatran\n|\n|win|yukihyu\n|raw|yukihyu's rating: 1453 &rarr; <strong>1479<\/strong><br \/>(+26 for winning)\n|raw|Cyborg Tesla's rating: 1554 &rarr; <strong>1528<\/strong><br \/>(-26 for losing)\n","uploadtime":1700973459,"views":2,"p1id":"yukihyu","p2id":"cyborgtesla","formatid":"gen9vgc2023regulatione","rating":1479,"private":0,"password":""}