{"id":"gen9vgc2023regulatione-1989527477","p1":"AngelilloVGC","p2":"Ludwigxzc","format":"[Gen 9] VGC 2023 Regulation E","log":"|j|\u2606AngelilloVGC\n|j|\u2606Ludwigxzc\n|t:|1699866016\n|gametype|doubles\n|player|p1|AngelilloVGC|roughneck-gen4|1108\n|player|p2|Ludwigxzc|bruno-gen2|1221\n|teamsize|p1|6\n|teamsize|p2|6\n|gen|9\n|tier|[Gen 9] VGC 2023 Regulation E\n|rated|\n|rule|Species Clause: Limit one of each Pok\u00e9mon\n|rule|Item Clause: Limit one of each item\n|clearpoke\n|poke|p1|Empoleon, L50, F|\n|poke|p1|Wyrdeer, L50, M|\n|poke|p1|Zapdos-Galar, L50|\n|poke|p1|Chien-Pao, L50|\n|poke|p1|Gastrodon, L50, F|\n|poke|p1|Iron Moth, L50|\n|poke|p2|Ogerpon-Wellspring, L50, F|\n|poke|p2|Arcanine-Hisui, L50, M|\n|poke|p2|Tornadus, L50, M|\n|poke|p2|Iron Hands, L50|\n|poke|p2|Urshifu-*, L50, M|\n|poke|p2|Chi-Yu, L50|\n|teampreview|4\n|inactive|Battle timer is ON: inactive players will automatically lose when time's up. (requested by AngelilloVGC)\n|\n|t:|1699866037\n|start\n|switch|p1a: Wyrdeer|Wyrdeer, L50, M|100\/100\n|switch|p1b: Zapdos|Zapdos-Galar, L50, shiny|100\/100\n|switch|p2a: Tornadus|Tornadus, L50, M|100\/100\n|switch|p2b: Ogerpon|Ogerpon-Wellspring, L50, F|100\/100\n|-ability|p1a: Wyrdeer|Intimidate|boost\n|-unboost|p2a: Tornadus|atk|1\n|-unboost|p2b: Ogerpon|atk|1\n|turn|1\n|inactive|AngelilloVGC has 30 seconds left.\n|inactive|AngelilloVGC has 20 seconds left.\n|\n|t:|1699866073\n|-terastallize|p1b: Zapdos|Fairy\n|-terastallize|p2a: Tornadus|Dragon\n|move|p2b: Ogerpon|Spiky Shield|p2b: Ogerpon\n|-singleturn|p2b: Ogerpon|move: Protect\n|move|p1b: Zapdos|Brave Bird|p2b: Ogerpon\n|-activate|p2b: Ogerpon|move: Protect\n|-damage|p1b: Zapdos|88\/100|[from] Spiky Shield|[of] p2b: Ogerpon\n|move|p2a: Tornadus|Bleakwind Storm|p1a: Wyrdeer|[spread] p1a,p1b\n|-damage|p1a: Wyrdeer|76\/100\n|-damage|p1b: Zapdos|44\/100\n|move|p1a: Wyrdeer|Skill Swap|p2b: Ogerpon\n|-activate|p2b: Ogerpon|move: Protect\n|\n|upkeep\n|turn|2\n|\n|t:|1699866100\n|switch|p2b: Iron Hands|Iron Hands, L50|100\/100\n|switch|p1a: Chien-Pao|Chien-Pao, L50|100\/100\n|-ability|p1a: Chien-Pao|Sword of Ruin\n|move|p2a: Tornadus|Taunt|p1a: Chien-Pao\n|-hint|Since gen 7, Dark is immune to Prankster moves.\n|-immune|p1a: Chien-Pao\n|move|p1b: Zapdos|Brave Bird|p2b: Iron Hands\n|-damage|p2b: Iron Hands|43\/100\n|-damage|p1b: Zapdos|16\/100|[from] Recoil\n|\n|upkeep\n|turn|3\n|\n|t:|1699866118\n|switch|p1b: Gastrodon|Gastrodon, L50, F|100\/100\n|move|p1a: Chien-Pao|Protect|p1a: Chien-Pao\n|-singleturn|p1a: Chien-Pao|Protect\n|move|p2b: Iron Hands|Fake Out|p1a: Chien-Pao\n|-activate|p1a: Chien-Pao|move: Protect\n|move|p2a: Tornadus|Bleakwind Storm|p1a: Chien-Pao|[spread] \n|-activate|p1a: Chien-Pao|move: Protect\n|-miss|p2a: Tornadus|p1b: Gastrodon\n|\n|upkeep\n|turn|4\n|\n|t:|1699866141\n|move|p2a: Tornadus|Tailwind|p2a: Tornadus\n|-sidestart|p2: Ludwigxzc|move: Tailwind\n|move|p1a: Chien-Pao|Ice Spinner|p2a: Tornadus\n|-supereffective|p2a: Tornadus\n|-damage|p2a: Tornadus|0 fnt\n|faint|p2a: Tornadus\n|move|p2b: Iron Hands|Drain Punch|p1a: Chien-Pao\n|-supereffective|p1a: Chien-Pao\n|-enditem|p1a: Chien-Pao|Focus Sash\n|-damage|p1a: Chien-Pao|1\/100\n|-heal|p2b: Iron Hands|74\/100|[from] drain|[of] p1a: Chien-Pao\n|move|p1b: Gastrodon|Earth Power|p2b: Iron Hands\n|-supereffective|p2b: Iron Hands\n|-damage|p2b: Iron Hands|42\/100\n|\n|upkeep\n|\n|t:|1699866158\n|switch|p2a: Ogerpon|Ogerpon-Wellspring, L50, F|100\/100\n|turn|5\n|\n|t:|1699866175\n|move|p1a: Chien-Pao|Protect|p1a: Chien-Pao\n|-singleturn|p1a: Chien-Pao|Protect\n|move|p2a: Ogerpon|Follow Me|p2a: Ogerpon\n|-singleturn|p2a: Ogerpon|move: Follow Me\n|move|p2b: Iron Hands|Drain Punch|p1a: Chien-Pao\n|-activate|p1a: Chien-Pao|move: Protect\n|move|p1b: Gastrodon|Earth Power|p2a: Ogerpon\n|-resisted|p2a: Ogerpon\n|-damage|p2a: Ogerpon|86\/100\n|\n|upkeep\n|turn|6\n|\n|t:|1699866191\n|move|p2a: Ogerpon|Follow Me|p2a: Ogerpon\n|-singleturn|p2a: Ogerpon|move: Follow Me\n|move|p1a: Chien-Pao|Ice Spinner|p2a: Ogerpon\n|-damage|p2a: Ogerpon|30\/100\n|move|p2b: Iron Hands|Drain Punch|p1a: Chien-Pao\n|-supereffective|p1a: Chien-Pao\n|-damage|p1a: Chien-Pao|0 fnt\n|-heal|p2b: Iron Hands|43\/100|[from] drain|[of] p1a: Chien-Pao\n|faint|p1a: Chien-Pao\n|move|p1b: Gastrodon|Earth Power|p2a: Ogerpon\n|-resisted|p2a: Ogerpon\n|-damage|p2a: Ogerpon|15\/100\n|\n|upkeep\n|\n|t:|1699866213\n|switch|p1a: Wyrdeer|Wyrdeer, L50, M|76\/100\n|-ability|p1a: Wyrdeer|Intimidate|boost\n|-unboost|p2a: Ogerpon|atk|1\n|-unboost|p2b: Iron Hands|atk|1\n|turn|7\n|\n|t:|1699866223\n|-end|p2b: Iron Hands|Quark Drive|[silent]\n|switch|p2b: Urshifu|Urshifu-Rapid-Strike, L50, M|100\/100\n|move|p2a: Ogerpon|Power Whip|p1b: Gastrodon|[miss]\n|-miss|p2a: Ogerpon|p1b: Gastrodon\n|move|p1a: Wyrdeer|Psychic|p2b: Urshifu\n|-supereffective|p2b: Urshifu\n|-damage|p2b: Urshifu|4\/100\n|move|p1b: Gastrodon|Earth Power|p2b: Urshifu\n|-damage|p2b: Urshifu|0 fnt\n|faint|p2b: Urshifu\n|\n|-sideend|p2: Ludwigxzc|move: Tailwind\n|upkeep\n|\n|t:|1699866235\n|switch|p2b: Iron Hands|Iron Hands, L50|43\/100\n|turn|8\n|\n|t:|1699866242\n|move|p1a: Wyrdeer|Protect|p1a: Wyrdeer\n|-singleturn|p1a: Wyrdeer|Protect\n|move|p1b: Gastrodon|Protect|p1b: Gastrodon\n|-singleturn|p1b: Gastrodon|Protect\n|move|p2b: Iron Hands|Fake Out|p1a: Wyrdeer\n|-activate|p1a: Wyrdeer|move: Protect\n|move|p2a: Ogerpon|Power Whip|p1b: Gastrodon\n|-activate|p1b: Gastrodon|move: Protect\n|\n|upkeep\n|turn|9\n|\n|t:|1699866262\n|move|p2a: Ogerpon|Power Whip|p1b: Gastrodon\n|-supereffective|p1b: Gastrodon\n|-damage|p1b: Gastrodon|0 fnt\n|faint|p1b: Gastrodon\n|move|p1a: Wyrdeer|Psychic|p2b: Iron Hands\n|-supereffective|p2b: Iron Hands\n|-damage|p2b: Iron Hands|6\/100\n|-unboost|p2b: Iron Hands|spd|1\n|move|p2b: Iron Hands|Wild Charge|p1a: Wyrdeer\n|-damage|p1a: Wyrdeer|19\/100\n|-damage|p2b: Iron Hands|0 fnt|[from] Recoil\n|faint|p2b: Iron Hands\n|-end|p2b: Iron Hands|Quark Drive|[silent]\n|\n|upkeep\n|\n|t:|1699866269\n|switch|p1b: Zapdos|Zapdos-Galar, L50, shiny, tera:Fairy|16\/100\n|turn|10\n|inactive|AngelilloVGC has 30 seconds left.\n|\n|t:|1699866296\n|move|p2a: Ogerpon|Spiky Shield|p2a: Ogerpon\n|-singleturn|p2a: Ogerpon|move: Protect\n|move|p1b: Zapdos|Brave Bird|p2a: Ogerpon\n|-activate|p2a: Ogerpon|move: Protect\n|-damage|p1b: Zapdos|4\/100|[from] Spiky Shield|[of] p2a: Ogerpon\n|move|p1a: Wyrdeer|Psychic|p2a: Ogerpon\n|-activate|p2a: Ogerpon|move: Protect\n|\n|upkeep\n|turn|11\n|c|\u2606AngelilloVGC|gg\n|\n|t:|1699866305\n|move|p2a: Ogerpon|Spiky Shield|p2a: Ogerpon\n|-singleturn|p2a: Ogerpon|move: Protect\n|move|p1b: Zapdos|Brave Bird|p2a: Ogerpon\n|-activate|p2a: Ogerpon|move: Protect\n|-damage|p1b: Zapdos|0 fnt|[from] Spiky Shield|[of] p2a: Ogerpon\n|faint|p1b: Zapdos\n|move|p1a: Wyrdeer|Psychic|p2a: Ogerpon\n|-activate|p2a: Ogerpon|move: Protect\n|\n|upkeep\n|turn|12\n|c|\u2606Ludwigxzc|gg\n|\n|t:|1699866317\n|move|p2a: Ogerpon|Ivy Cudgel|p1a: Wyrdeer\n|-damage|p1a: Wyrdeer|0 fnt\n|faint|p1a: Wyrdeer\n|\n|win|Ludwigxzc\n|raw|AngelilloVGC's rating: 1108 &rarr; <strong>1091<\/strong><br \/>(-17 for losing)\n|raw|Ludwigxzc's rating: 1221 &rarr; <strong>1238<\/strong><br \/>(+17 for winning)\n|c|\u2606Ludwigxzc|lol\n|c|\u2606AngelilloVGC|well player bro\n|l|\u2606AngelilloVGC\n","uploadtime":1699866344,"views":34,"p1id":"angelillovgc","p2id":"ludwigxzc","formatid":"gen9vgc2023regulatione","rating":1091,"private":0,"password":""}