{"id":"gen9vgc2023regulatione-1990159132","p1":"ShadyDraw","p2":"Chowdah","format":"[Gen 9] VGC 2023 Regulation E","log":"|j|\u2606ShadyDraw\n|j|\u2606Chowdah\n|t:|1699931085\n|gametype|doubles\n|player|p1|ShadyDraw|gambler|1243\n|player|p2|Chowdah|hiker-gen1rb|1330\n|teamsize|p1|6\n|teamsize|p2|6\n|gen|9\n|tier|[Gen 9] VGC 2023 Regulation E\n|rated|\n|rule|Species Clause: Limit one of each Pok\u00e9mon\n|rule|Item Clause: Limit one of each item\n|clearpoke\n|poke|p1|Tornadus, L50, M|\n|poke|p1|Grafaiai, L50, M|\n|poke|p1|Arcanine-Hisui, L50, M|\n|poke|p1|Ogerpon-Wellspring, L50, F|\n|poke|p1|Kommo-o, L50, F|\n|poke|p1|Sinistcha, L50|\n|poke|p2|Rillaboom, L50, F|\n|poke|p2|Arcanine-Hisui, L50, M|\n|poke|p2|Milotic, L50, M|\n|poke|p2|Urshifu-*, L50, F|\n|poke|p2|Grimmsnarl, L50, M|\n|poke|p2|Gholdengo, L50|\n|teampreview|4\n|inactive|Battle timer is ON: inactive players will automatically lose when time's up. (requested by ShadyDraw)\n|c|\u2606Chowdah|gl hf :)\nChowdah has agreed to open team sheets.\n|inactive|Chowdah has 60 seconds left.\nShadyDraw has agreed to open team sheets.\n|\n|t:|1699931138\n|start\n|switch|p1a: Tornadus|Tornadus, L50, M|100\/100\n|switch|p1b: Ogerpon|Ogerpon-Wellspring, L50, F|100\/100\n|switch|p2a: Grimmsnarl|Grimmsnarl, L50, M|100\/100\n|switch|p2b: Gholdengo|Gholdengo, L50|100\/100\n|turn|1\n|inactive|Chowdah has 30 seconds left.\n|\n|t:|1699931173\n|move|p2b: Gholdengo|Protect|p2b: Gholdengo\n|-singleturn|p2b: Gholdengo|Protect\n|move|p1a: Tornadus|Tailwind|p1a: Tornadus\n|-sidestart|p1: ShadyDraw|move: Tailwind\n|move|p2a: Grimmsnarl|Thunder Wave|p1a: Tornadus\n|-status|p1a: Tornadus|par\n|move|p1b: Ogerpon|Ivy Cudgel|p2a: Grimmsnarl\n|-damage|p2a: Grimmsnarl|32\/100\n|\n|upkeep\n|turn|2\n|inactive|Chowdah has 30 seconds left.\n|\n|t:|1699931203\n|switch|p1a: Kommo-o|Kommo-o, L50, F|100\/100\n|move|p2a: Grimmsnarl|Parting Shot|p1b: Ogerpon\n|-unboost|p1b: Ogerpon|atk|1\n|-unboost|p1b: Ogerpon|spa|1\n|\n|t:|1699931208\n|switch|p2a: Growlcho Barx \ud83e\udd78|Arcanine-Hisui, L50, M|100\/100|[from] Parting Shot\n|-ability|p2a: Growlcho Barx \ud83e\udd78|Intimidate|boost\n|-unboost|p1a: Kommo-o|atk|1\n|-unboost|p1b: Ogerpon|atk|1\n|move|p1b: Ogerpon|Ivy Cudgel|p2a: Growlcho Barx \ud83e\udd78\n|-supereffective|p2a: Growlcho Barx \ud83e\udd78\n|-damage|p2a: Growlcho Barx \ud83e\udd78|0 fnt\n|faint|p2a: Growlcho Barx \ud83e\udd78\n|move|p2b: Gholdengo|Nasty Plot|p2b: Gholdengo\n|-boost|p2b: Gholdengo|spa|2\n|\n|upkeep\n|\n|t:|1699931218\n|switch|p2a: Grimmsnarl|Grimmsnarl, L50, M|32\/100\n|turn|3\n|inactive|Chowdah has 30 seconds left.\n|\n|t:|1699931244\n|-terastallize|p1a: Kommo-o|Steel\n|move|p1b: Ogerpon|Follow Me|p1b: Ogerpon\n|-singleturn|p1b: Ogerpon|move: Follow Me\n|move|p2a: Grimmsnarl|Thunder Wave|p1b: Ogerpon\n|-status|p1b: Ogerpon|par\n|move|p1a: Kommo-o|Clangorous Soul|p1a: Kommo-o\n|-boost|p1a: Kommo-o|atk|1\n|-boost|p1a: Kommo-o|def|1\n|-boost|p1a: Kommo-o|spa|1\n|-boost|p1a: Kommo-o|spd|1\n|-boost|p1a: Kommo-o|spe|1\n|-damage|p1a: Kommo-o|68\/100\n|-enditem|p1a: Kommo-o|Throat Spray\n|-boost|p1a: Kommo-o|spa|1|[from] item: Throat Spray\n|move|p2b: Gholdengo|Make It Rain|p1b: Ogerpon|[spread] p1a,p1b\n|-resisted|p1a: Kommo-o\n|-resisted|p1b: Ogerpon\n|-damage|p1a: Kommo-o|38\/100\n|-damage|p1b: Ogerpon|55\/100 par\n|-unboost|p2b: Gholdengo|spa|1\n|\n|upkeep\n|turn|4\n|inactive|ShadyDraw has 30 seconds left.\n|inactive|Chowdah has 30 seconds left.\n|\n|t:|1699931276\n|switch|p1b: Grafaiai|Grafaiai, L50, M|100\/100\n|move|p1a: Kommo-o|Protect|p1a: Kommo-o\n|-singleturn|p1a: Kommo-o|Protect\n|move|p2a: Grimmsnarl|Light Screen|p2a: Grimmsnarl\n|-sidestart|p2: Chowdah|move: Light Screen\n|move|p2b: Gholdengo|Nasty Plot|p2b: Gholdengo\n|-boost|p2b: Gholdengo|spa|2\n|\n|-sideend|p1: ShadyDraw|move: Tailwind\n|upkeep\n|turn|5\n|\n|t:|1699931292\n|move|p1b: Grafaiai|Doodle|p2b: Gholdengo\n|-immune|p2b: Gholdengo|[from] ability: Good as Gold\n|move|p2a: Grimmsnarl|Thunder Wave|p1a: Kommo-o\n|-status|p1a: Kommo-o|par\n|move|p2b: Gholdengo|Make It Rain|p1a: Kommo-o|[spread] p1a,p1b\n|-resisted|p1a: Kommo-o\n|-damage|p1a: Kommo-o|0 fnt\n|-enditem|p1b: Grafaiai|Focus Sash\n|-damage|p1b: Grafaiai|1\/100\n|-unboost|p2b: Gholdengo|spa|1\n|faint|p1a: Kommo-o\n|\n|upkeep\n|\n|t:|1699931300\n|switch|p1a: Ogerpon|Ogerpon-Wellspring, L50, F|55\/100 par\n|turn|6\n|inactive|Chowdah has 30 seconds left.\n|inactive|Chowdah has 20 seconds left.\n|inactive|Chowdah has 15 seconds left.\n|\n|t:|1699931344\n|move|p2a: Grimmsnarl|Parting Shot|p1a: Ogerpon\n|-unboost|p1a: Ogerpon|atk|1\n|-unboost|p1a: Ogerpon|spa|1\n|\n|t:|1699931347\n|switch|p2a: Protect Please \ud83e\udd24|Urshifu, L50, F|100\/100|[from] Parting Shot\n|move|p1b: Grafaiai|Sludge Bomb|p2a: Protect Please \ud83e\udd24\n|-damage|p2a: Protect Please \ud83e\udd24|76\/100\n|-status|p2a: Protect Please \ud83e\udd24|psn\n|move|p2b: Gholdengo|Make It Rain|p1a: Ogerpon|[spread] p1a,p1b\n|-resisted|p1a: Ogerpon\n|-crit|p1a: Ogerpon\n|-damage|p1a: Ogerpon|0 fnt\n|-damage|p1b: Grafaiai|0 fnt\n|-unboost|p2b: Gholdengo|spa|1\n|faint|p1a: Ogerpon\n|faint|p1b: Grafaiai\n|\n|-damage|p2a: Protect Please \ud83e\udd24|64\/100 psn|[from] psn\n|upkeep\n|\n|t:|1699931359\n|switch|p1a: Tornadus|Tornadus, L50, M|100\/100 par\n|turn|7\n|\n|t:|1699931368\n|-terastallize|p2a: Protect Please \ud83e\udd24|Dark\n|move|p2a: Protect Please \ud83e\udd24|Wicked Blow|p1a: Tornadus\n|-crit|p1a: Tornadus\n|-damage|p1a: Tornadus|0 fnt\n|faint|p1a: Tornadus\n|\n|win|Chowdah\n|raw|ShadyDraw's rating: 1243 &rarr; <strong>1224<\/strong><br \/>(-19 for losing)\n|raw|Chowdah's rating: 1330 &rarr; <strong>1345<\/strong><br \/>(+15 for winning)\n|c|\u2606Chowdah|gg\n|c|\u2606ShadyDraw|Gg\n|l|\u2606ShadyDraw\n","uploadtime":1699931389,"views":25,"p1id":"shadydraw","p2id":"chowdah","formatid":"gen9vgc2023regulatione","rating":1224,"private":0,"password":""}