{"id":"gen9vgc2023regulatione-1990729247","p1":"atworkyolo13","p2":"Ryanj32","format":"[Gen 9] VGC 2023 Regulation E","log":"|j|\u2606atworkyolo13\n|j|\u2606Ryanj32\n|t:|1699995425\n|gametype|doubles\n|player|p1|atworkyolo13|170|1509\n|player|p2|Ryanj32|red|1413\n|teamsize|p1|6\n|teamsize|p2|6\n|gen|9\n|tier|[Gen 9] VGC 2023 Regulation E\n|rated|\n|rule|Species Clause: Limit one of each Pok\u00e9mon\n|rule|Item Clause: Limit one of each item\n|clearpoke\n|poke|p1|Oranguru, L50, M|\n|poke|p1|Arcanine-Hisui, L50, F|\n|poke|p1|Sinistcha-Masterpiece, L50|\n|poke|p1|Iron Hands, L50|\n|poke|p1|Ursaluna-Bloodmoon, L50, M|\n|poke|p1|Moltres-Galar, L50|\n|poke|p2|Indeedee-F, L50, F|\n|poke|p2|Armarouge, L50, M|\n|poke|p2|Hatterene, L50, F|\n|poke|p2|Ursaluna, L50, F|\n|poke|p2|Urshifu-*, L50, M|\n|poke|p2|Torkoal, L50, M|\n|teampreview|4\n|inactive|Battle timer is ON: inactive players will automatically lose when time's up. (requested by atworkyolo13)\n|inactive|atworkyolo13 has 60 seconds left.\n|\n|t:|1699995459\n|start\n|switch|p1a: Moltres|Moltres-Galar, L50|100\/100\n|switch|p1b: Sinistcha|Sinistcha-Masterpiece, L50|100\/100\n|switch|p2a: Indeedee|Indeedee-F, L50, F|100\/100\n|switch|p2b: Armarouge|Armarouge, L50, M|100\/100\n|-fieldstart|move: Psychic Terrain|[from] ability: Psychic Surge|[of] p2a: Indeedee\n|-enditem|p2a: Indeedee|Psychic Seed\n|-boost|p2a: Indeedee|spd|1|[from] item: Psychic Seed\n|turn|1\n|\n|t:|1699995474\n|switch|p1b: Oranguru|Oranguru, L50, M|100\/100\n|move|p2a: Indeedee|Follow Me|p2a: Indeedee\n|-singleturn|p2a: Indeedee|move: Follow Me\n|move|p1a: Moltres|Nasty Plot|p1a: Moltres\n|-boost|p1a: Moltres|spa|2\n|move|p2b: Armarouge|Trick Room|p2b: Armarouge\n|-fieldstart|move: Trick Room|[of] p2b: Armarouge\n|\n|upkeep\n|turn|2\n|\n|t:|1699995492\n|-terastallize|p2b: Armarouge|Grass\n|move|p2a: Indeedee|Helping Hand|p2b: Armarouge\n|-singleturn|p2b: Armarouge|Helping Hand|[of] p2a: Indeedee\n|move|p1b: Oranguru|Encore|p2b: Armarouge\n|-start|p2b: Armarouge|Encore\n|move|p2b: Armarouge|Trick Room|p2b: Armarouge\n|-fieldend|move: Trick Room\n|move|p1a: Moltres|Fiery Wrath|p2b: Armarouge|[spread] p2a,p2b\n|-supereffective|p2a: Indeedee\n|-damage|p2a: Indeedee|33\/100\n|-damage|p2b: Armarouge|37\/100\n|\n|upkeep\n|turn|3\n|\n|t:|1699995514\n|switch|p2b: Urshifu|Urshifu, L50, M|100\/100\n|move|p1a: Moltres|Fiery Wrath|p2a: Indeedee|[spread] p2a,p2b\n|-supereffective|p2a: Indeedee\n|-resisted|p2b: Urshifu\n|-damage|p2a: Indeedee|0 fnt\n|-damage|p2b: Urshifu|80\/100\n|faint|p2a: Indeedee\n|move|p1b: Oranguru|Instruct|p1a: Moltres\n|-singleturn|p1a: Moltres|move: Instruct|[of] p1b: Oranguru\n|move|p1a: Moltres|Fiery Wrath|p2b: Urshifu\n|-resisted|p2b: Urshifu\n|-damage|p2b: Urshifu|53\/100\n|\n|upkeep\n|\n|t:|1699995526\n|switch|p2a: Torkoal|Torkoal, L50, M|100\/100\n|-weather|SunnyDay|[from] ability: Drought|[of] p2a: Torkoal\n|turn|4\n|\n|t:|1699995540\n|-terastallize|p1b: Oranguru|Fairy\n|move|p2a: Torkoal|Protect|p2a: Torkoal\n|-singleturn|p2a: Torkoal|Protect\n|move|p2b: Urshifu|Close Combat|p1a: Moltres\n|-damage|p1a: Moltres|27\/100\n|-unboost|p2b: Urshifu|def|1\n|-unboost|p2b: Urshifu|spd|1\n|-ability|p1a: Moltres|Berserk|boost\n|-boost|p1a: Moltres|spa|1\n|-enditem|p1a: Moltres|Sitrus Berry|[eat]\n|-heal|p1a: Moltres|52\/100|[from] item: Sitrus Berry\n|move|p1a: Moltres|Fiery Wrath|p2a: Torkoal|[spread] p2b\n|-activate|p2a: Torkoal|move: Protect\n|-resisted|p2b: Urshifu\n|-damage|p2b: Urshifu|11\/100\n|move|p1b: Oranguru|Instruct|p1a: Moltres\n|-singleturn|p1a: Moltres|move: Instruct|[of] p1b: Oranguru\n|move|p1a: Moltres|Fiery Wrath|p2a: Torkoal|[spread] p2b\n|-activate|p2a: Torkoal|move: Protect\n|-resisted|p2b: Urshifu\n|-crit|p2b: Urshifu\n|-damage|p2b: Urshifu|0 fnt\n|faint|p2b: Urshifu\n|\n|-weather|SunnyDay|[upkeep]\n|upkeep\n|\n|t:|1699995551\n|switch|p2b: Armarouge|Armarouge, L50, M, tera:Grass|37\/100\n|turn|5\n|\n|t:|1699995563\n|move|p1a: Moltres|Fiery Wrath|p2a: Torkoal|[spread] p2a,p2b\n|-crit|p2a: Torkoal\n|-damage|p2a: Torkoal|0 fnt\n|-damage|p2b: Armarouge|0 fnt\n|faint|p2a: Torkoal\n|faint|p2b: Armarouge\n|\n|win|atworkyolo13\n|raw|atworkyolo13's rating: 1509 &rarr; <strong>1524<\/strong><br \/>(+15 for winning)\n|raw|Ryanj32's rating: 1413 &rarr; <strong>1398<\/strong><br \/>(-15 for losing)\n","uploadtime":1699995570,"views":6,"p1id":"atworkyolo13","p2id":"ryanj32","formatid":"gen9vgc2023regulatione","rating":1398,"private":0,"password":""}