{"id":"gen9vgc2023regulatione-1994207356","p1":"jrod7780","p2":"TreeDolphin","format":"[Gen 9] VGC 2023 Regulation E","log":"|j|\u2606jrod7780\n|j|\u2606TreeDolphin\n|n|\u2606jrod7780|jrod7780\n|n|\u2606TreeDolphin|treedolphin\n|html|View the match progress at <a href=\"\/game-bestof3-gen9vgc2023regulatione-1994200376\">game-bestof3-gen9vgc2023regulatione-1994200376<\/a>\n|t:|1700418949\n|gametype|doubles\n|player|p1|jrod7780|1|\n|player|p2|TreeDolphin|ingo|\n|teamsize|p1|6\n|teamsize|p2|6\n|gen|9\n|tier|[Gen 9] VGC 2023 Regulation E\n|rule|Species Clause: Limit one of each Pok\u00e9mon\n|rule|Item Clause: Limit one of each item\n|clearpoke\n|poke|p1|Tauros-Paldea-Blaze, L50, M|\n|poke|p1|Ogerpon, L50, F|\n|poke|p1|Ninetales-Alola, L50, M|\n|poke|p1|Landorus-Therian, L50, M|\n|poke|p1|Gallade, L50, M|\n|poke|p1|Vivillon-Fancy, L50, F|\n|poke|p2|Kommo-o, L50, F|\n|poke|p2|Volbeat, L50, M|\n|poke|p2|Tyranitar, L50, F|\n|poke|p2|Clefairy, L50, F|\n|poke|p2|Houndstone, L50, M|\n|poke|p2|Arcanine, L50, M|\n|teampreview|4\n|j| Raikia\n|c|\u2606TreeDolphin|Gl\n|j| Huxley187\n|j| JabsGR\n|\n|t:|1700418979\n|start\n|switch|p1a: Landorus|Landorus-Therian, L50, M|100\/100\n|switch|p1b: Gallade|Gallade, L50, M, shiny|100\/100\n|switch|p2a: Goat|Volbeat, L50, M|100\/100\n|switch|p2b: Hisui|Arcanine, L50, M, shiny|100\/100\n|-ability|p1a: Landorus|Intimidate|boost\n|-unboost|p2a: Goat|atk|1\n|-unboost|p2b: Hisui|atk|1\n|-ability|p2b: Hisui|Intimidate|boost\n|-unboost|p1a: Landorus|atk|1\n|-fail|p1b: Gallade|unboost|[from] item: Clear Amulet|[of] p1b: Gallade\n|turn|1\n|\n|t:|1700419001\n|move|p2a: Goat|Tailwind|p2a: Goat\n|-sidestart|p2: TreeDolphin|move: Tailwind\n|move|p2b: Hisui|Will-O-Wisp|p1a: Landorus\n|-status|p1a: Landorus|brn\n|move|p1a: Landorus|Rock Slide|p2b: Hisui|[spread] p2a,p2b\n|-supereffective|p2a: Goat\n|-supereffective|p2b: Hisui\n|-damage|p2a: Goat|74\/100\n|-damage|p2b: Hisui|77\/100\n|move|p1b: Gallade|Rock Slide|p2a: Goat|[spread] p2a,p2b\n|-supereffective|p2a: Goat\n|-supereffective|p2b: Hisui\n|-crit|p2b: Hisui\n|-damage|p2a: Goat|30\/100\n|-damage|p2b: Hisui|18\/100\n|-enditem|p2b: Hisui|Sitrus Berry|[eat]\n|-heal|p2b: Hisui|43\/100|[from] item: Sitrus Berry\n|\n|-damage|p1a: Landorus|95\/100 brn|[from] brn\n|upkeep\n|turn|2\n|j| KeanuVGC\n|\n|t:|1700419023\n|switch|p2a: Keanu|Tyranitar, L50, F|100\/100\n|-weather|Sandstorm|[from] ability: Sand Stream|[of] p2a: Keanu\n|move|p2b: Hisui|Will-O-Wisp|p1b: Gallade\n|-status|p1b: Gallade|brn\n|move|p1a: Landorus|Rock Slide|p2b: Hisui|[spread] p2a\n|-miss|p1a: Landorus|p2b: Hisui\n|-damage|p2a: Keanu|94\/100\n|move|p1b: Gallade|Rock Slide|p2a: Keanu|[spread] \n|-miss|p1b: Gallade|p2a: Keanu\n|-miss|p1b: Gallade|p2b: Hisui\n|\n|-weather|Sandstorm|[upkeep]\n|-damage|p2b: Hisui|37\/100|[from] Sandstorm\n|-damage|p1b: Gallade|95\/100 brn|[from] Sandstorm\n|-damage|p1a: Landorus|89\/100 brn|[from] brn\n|-damage|p1b: Gallade|89\/100 brn|[from] brn\n|upkeep\n|turn|3\n|c|\u2606jrod7780|bruh\n|\n|t:|1700419050\n|switch|p1a: Ninetales|Ninetales-Alola, L50, M, shiny|100\/100\n|-weather|Snow|[from] ability: Snow Warning|[of] p1a: Ninetales\n|move|p2b: Hisui|Flare Blitz|p1b: Gallade\n|-damage|p1b: Gallade|30\/100 brn\n|-damage|p2b: Hisui|22\/100|[from] Recoil\n|move|p2a: Keanu|Crunch|p1b: Gallade\n|-damage|p1b: Gallade|0 fnt\n|faint|p1b: Gallade\n|\n|-weather|Snow|[upkeep]\n|upkeep\n|\n|t:|1700419062\n|switch|p1b: Landorus|Landorus-Therian, L50, M|89\/100 brn\n|-ability|p1b: Landorus|Intimidate|boost\n|-unboost|p2a: Keanu|atk|1\n|-unboost|p2b: Hisui|atk|1\n|turn|4\n|c| KeanuVGC|bro sent out Keanu to reverse the luck\n|c| KeanuVGC|xddd\n|c| KeanuVGC|made jonathon think he was me\n|j| Salivadora\n|\n|t:|1700419106\n|move|p2b: Hisui|Flare Blitz|p1a: Ninetales\n|-supereffective|p1a: Ninetales\n|-crit|p1a: Ninetales\n|-damage|p1a: Ninetales|0 fnt\n|faint|p1a: Ninetales\n|-damage|p2b: Hisui|0 fnt|[from] Recoil\n|faint|p2b: Hisui\n|move|p2a: Keanu|Rock Slide|p1b: Landorus\n|-damage|p1b: Landorus|59\/100 brn\n|cant|p1b: Landorus|flinch\n|\n|-weather|Snow|[upkeep]\n|-damage|p1b: Landorus|53\/100 brn|[from] brn\n|-sideend|p2: TreeDolphin|move: Tailwind\n|upkeep\n|c| Raikia|did that crit matter\n|c| Raikia|also wow\n|c|\u2606jrod7780|bruh\n|c|\u2606jrod7780|yes\n|c| KeanuVGC|yes crit matters\n|c|\u2606TreeDolphin|Ouch\n|c|\u2606TreeDolphin|my bad\n|c|\u2606jrod7780|because snow boost\n|\n|t:|1700419136\n|switch|p1a: Ogerpon|Ogerpon, L50, F|100\/100\n|switch|p2b: Goat|Volbeat, L50, M|30\/100\n|turn|5\n|c| KeanuVGC|jonathon\n|c| KeanuVGC|did u have my spread\n|c| KeanuVGC|if so then that for sure mattered\n|c| KeanuVGC|cuz my spread lives an iron head from kingambit\n|\n|t:|1700419184\n|-terastallize|p1a: Ogerpon|Grass\n|detailschange|p1a: Ogerpon|Ogerpon-Teal-Tera, L50, F, tera:Grass\n|-ability|p1a: Ogerpon|Embody Aspect (Teal)|boost\n|-boost|p1a: Ogerpon|spe|1\n|move|p2b: Goat|Tailwind|p2b: Goat\n|-sidestart|p2: TreeDolphin|move: Tailwind\n|move|p1a: Ogerpon|Play Rough|p2b: Goat|[miss]\n|-miss|p1a: Ogerpon|p2b: Goat\n|move|p2a: Keanu|Rock Slide|p1b: Landorus|[spread] p1a,p1b\n|-damage|p1a: Ogerpon|82\/100\n|-damage|p1b: Landorus|32\/100 brn\n|cant|p1b: Landorus|flinch\n|\n|-weather|Snow|[upkeep]\n|-damage|p1b: Landorus|26\/100 brn|[from] brn\n|upkeep\n|turn|6\n|c| KeanuVGC|and has a roll on heavy slams from iron hands\n|c|\u2606TreeDolphin|Omg\n|c|\u2606TreeDolphin|im so sorry\n|c| Raikia|oh double ew\n|c|\u2606TreeDolphin|the hac\n|c|\u2606jrod7780|what wtf is the volt speed\n|c|\u2606TreeDolphin|hax\n|c| Huxley187|pov youre playing me at worlds\n|c| KeanuVGC|pov your Keanu\n|c| KeanuVGC|at Fresno\n|c|\u2606jrod7780|oh wait prankster I am stupid\n|c|\u2606TreeDolphin|Volbeat prankster\n|\n|t:|1700419236\n|move|p2b: Goat|Taunt|p1a: Ogerpon\n|-start|p1a: Ogerpon|move: Taunt\n|move|p1a: Ogerpon|Ivy Cudgel|p2a: Keanu\n|-supereffective|p2a: Keanu\n|-damage|p2a: Keanu|0 fnt\n|faint|p2a: Keanu\n|move|p1b: Landorus|Rock Slide|p2b: Goat\n|-supereffective|p2b: Goat\n|-damage|p2b: Goat|0 fnt\n|faint|p2b: Goat\n|\n|-weather|Snow|[upkeep]\n|-damage|p1b: Landorus|20\/100 brn|[from] brn\n|upkeep\n|c| KeanuVGC|tbh just return him the favor with crit\n|\n|t:|1700419244\n|switch|p2a: Houndstone|Houndstone, L50, M|100\/100\n|turn|7\n|\n|t:|1700419252\n|-terastallize|p2a: Houndstone|Ghost\n|move|p2a: Houndstone|Last Respects|p1a: Ogerpon\n|-damage|p1a: Ogerpon|0 fnt\n|faint|p1a: Ogerpon\n|move|p1b: Landorus|Rock Slide|p2a: Houndstone\n|-damage|p2a: Houndstone|74\/100\n|\n|-weather|none\n|-damage|p1b: Landorus|14\/100 brn|[from] brn\n|upkeep\n|turn|8\n|\n|t:|1700419262\n|move|p2a: Houndstone|Last Respects|p1b: Landorus\n|-damage|p1b: Landorus|0 fnt\n|faint|p1b: Landorus\n|\n|win|TreeDolphin\n|c|\u2606TreeDolphin|Gg\n|c|\u2606jrod7780|gg\n|c| Huxley187|gg\n|l| KeanuVGC\n|l| Salivadora\n|l| Raikia\n|c|\u2606jrod7780|I am just like Keanu\n|l|\u2606TreeDolphin\n|j|\u2606TreeDolphin\n|player|p2|TreeDolphin|ingo\n","uploadtime":1700419298,"views":25,"p1id":"jrod7780","p2id":"treedolphin","formatid":"gen9vgc2023regulatione","rating":0,"private":0,"password":""}