{"id":"gen9vgc2023regulatione-1990879152","p1":"StickFlicks","p2":"cunxiao","format":"[Gen 9] VGC 2023 Regulation E","log":"|j|\u2606StickFlicks\n|j|\u2606cunxiao\n|t:|1700010629\n|gametype|doubles\n|player|p1|StickFlicks|170|1150\n|player|p2|cunxiao|dawn-gen4pt|1160\n|teamsize|p1|6\n|teamsize|p2|6\n|gen|9\n|tier|[Gen 9] VGC 2023 Regulation E\n|rated|\n|rule|Species Clause: Limit one of each Pok\u00e9mon\n|rule|Item Clause: Limit one of each item\n|clearpoke\n|poke|p1|Landorus-Therian, L50, M|\n|poke|p1|Flutter Mane, L50|\n|poke|p1|Weezing, L50, F|\n|poke|p1|Roaring Moon, L50|\n|poke|p1|Ogerpon-Wellspring, L50, F|\n|poke|p1|Iron Hands, L50|\n|poke|p2|Tornadus, L50, M|\n|poke|p2|Urshifu-*, L50, F|\n|poke|p2|Dragonite, L50, F|\n|poke|p2|Chien-Pao, L50|\n|poke|p2|Flutter Mane, L50|\n|poke|p2|Rillaboom, L50, F|\n|teampreview|4\n|\n|t:|1700010649\n|start\n|switch|p1a: Landorus|Landorus-Therian, L50, M|100\/100\n|switch|p1b: Flutter Mane|Flutter Mane, L50|100\/100\n|switch|p2a: Tornadus|Tornadus, L50, M|100\/100\n|switch|p2b: Urshifu|Urshifu-Rapid-Strike, L50, F|100\/100\n|-ability|p1a: Landorus|Intimidate|boost\n|-unboost|p2a: Tornadus|atk|1\n|-unboost|p2b: Urshifu|atk|1\n|turn|1\n|\n|t:|1700010669\n|switch|p1a: Weezing|Weezing, L50, F|100\/100\n|-ability|p1a: Weezing|Neutralizing Gas\n|-terastallize|p1b: Flutter Mane|Fairy\n|-terastallize|p2b: Urshifu|Fire\n|move|p1b: Flutter Mane|Moonblast|p2a: Tornadus\n|-damage|p2a: Tornadus|0 fnt\n|faint|p2a: Tornadus\n|move|p2b: Urshifu|Surging Strikes|p1a: Weezing\n|-crit|p1a: Weezing\n|-damage|p1a: Weezing|82\/100\n|-crit|p1a: Weezing\n|-damage|p1a: Weezing|63\/100\n|-crit|p1a: Weezing\n|-damage|p1a: Weezing|43\/100\n|-enditem|p1a: Weezing|Sitrus Berry|[eat]\n|-heal|p1a: Weezing|68\/100|[from] item: Sitrus Berry\n|-hitcount|p1a: Weezing|3\n|\n|upkeep\n|\n|t:|1700010687\n|switch|p2a: Flutter Mane|Flutter Mane, L50|100\/100\n|-enditem|p2a: Flutter Mane|Booster Energy\n|-activate|p2a: Flutter Mane|ability: Protosynthesis|[fromitem]\n|-start|p2a: Flutter Mane|protosynthesisspa\n|turn|2\n|\n|t:|1700010706\n|-end|p1a: Weezing|ability: Neutralizing Gas\n|switch|p1a: Landorus|Landorus-Therian, L50, M|100\/100\n|-ability|p1a: Landorus|Intimidate|boost\n|-unboost|p2a: Flutter Mane|atk|1\n|-unboost|p2b: Urshifu|atk|1\n|move|p1b: Flutter Mane|Moonblast|p2a: Flutter Mane\n|-damage|p2a: Flutter Mane|6\/100\n|-unboost|p2a: Flutter Mane|spa|1\n|move|p2a: Flutter Mane|Dazzling Gleam|p1b: Flutter Mane|[spread] p1a,p1b\n|-damage|p1a: Landorus|66\/100\n|-damage|p1b: Flutter Mane|74\/100\n|move|p2b: Urshifu|Surging Strikes|p1b: Flutter Mane\n|-crit|p1b: Flutter Mane\n|-damage|p1b: Flutter Mane|31\/100\n|-crit|p1b: Flutter Mane\n|-damage|p1b: Flutter Mane|0 fnt\n|faint|p1b: Flutter Mane\n|-end|p1b: Flutter Mane|Protosynthesis|[silent]\n|-hitcount|p1: Flutter Mane|2\n|\n|upkeep\n|\n|t:|1700010731\n|switch|p1b: Iron Hands|Iron Hands, L50|100\/100\n|turn|3\n|\n|t:|1700010741\n|move|p1b: Iron Hands|Fake Out|p2b: Urshifu\n|-damage|p2b: Urshifu|86\/100\n|move|p1a: Landorus|U-turn|p2a: Flutter Mane\n|-resisted|p2a: Flutter Mane\n|-damage|p2a: Flutter Mane|0 fnt\n|faint|p2a: Flutter Mane\n|-end|p2a: Flutter Mane|Protosynthesis|[silent]\n|\n|t:|1700010748\n|switch|p1a: Weezing|Weezing, L50, F|68\/100|[from] U-turn\n|-ability|p1a: Weezing|Neutralizing Gas\n|cant|p2b: Urshifu|flinch\n|\n|upkeep\n|\n|t:|1700010754\n|switch|p2a: Rillaboom|Rillaboom, L50, F|100\/100\n|turn|4\n|\n|t:|1700010771\n|-end|p1b: Iron Hands|Quark Drive|[silent]\n|switch|p1b: Landorus|Landorus-Therian, L50, M|66\/100\n|move|p2b: Urshifu|Surging Strikes|p1a: Weezing\n|-crit|p1a: Weezing\n|-damage|p1a: Weezing|48\/100\n|-crit|p1a: Weezing\n|-damage|p1a: Weezing|28\/100\n|-crit|p1a: Weezing\n|-damage|p1a: Weezing|9\/100\n|-hitcount|p1a: Weezing|3\n|move|p2a: Rillaboom|High Horsepower|p1b: Landorus\n|-immune|p1b: Landorus\n|move|p1a: Weezing|Will-O-Wisp|p2a: Rillaboom|[miss]\n|-miss|p1a: Weezing|p2a: Rillaboom\n|\n|upkeep\n|turn|5\n|\n|t:|1700010799\n|-end|p1a: Weezing|ability: Neutralizing Gas\n|-ability|p1b: Landorus|Intimidate|boost\n|-unboost|p2a: Rillaboom|atk|1\n|-unboost|p2b: Urshifu|atk|1\n|-fieldstart|move: Grassy Terrain|[from] ability: Grassy Surge|[of] p2a: Rillaboom\n|switch|p1a: Iron Hands|Iron Hands, L50|100\/100\n|move|p1b: Landorus|U-turn|p2a: Rillaboom\n|-supereffective|p2a: Rillaboom\n|-crit|p2a: Rillaboom\n|-damage|p2a: Rillaboom|18\/100\n|\n|t:|1700010809\n|switch|p1b: Weezing|Weezing, L50, F|9\/100|[from] U-turn\n|-ability|p1b: Weezing|Neutralizing Gas\n|move|p2b: Urshifu|Surging Strikes|p1b: Weezing\n|-crit|p1b: Weezing\n|-damage|p1b: Weezing|0 fnt\n|faint|p1b: Weezing\n|-end|p1b: Weezing|ability: Neutralizing Gas\n|-hitcount|p1: Weezing|1\n|move|p2a: Rillaboom|High Horsepower|p1a: Iron Hands\n|-supereffective|p1a: Iron Hands\n|-damage|p1a: Iron Hands|66\/100\n|\n|-heal|p2b: Urshifu|92\/100|[from] Grassy Terrain\n|-heal|p2a: Rillaboom|24\/100|[from] Grassy Terrain\n|-heal|p1a: Iron Hands|72\/100|[from] Grassy Terrain\n|upkeep\n|\n|t:|1700010826\n|switch|p1b: Landorus|Landorus-Therian, L50, M|66\/100\n|-ability|p1b: Landorus|Intimidate|boost\n|-unboost|p2a: Rillaboom|atk|1\n|-unboost|p2b: Urshifu|atk|1\n|turn|6\n|\n|t:|1700010845\n|move|p1a: Iron Hands|Fake Out|p2a: Rillaboom\n|-damage|p2a: Rillaboom|11\/100\n|move|p1b: Landorus|Rock Slide|p2b: Urshifu|[spread] p2a,p2b\n|-supereffective|p2b: Urshifu\n|-damage|p2a: Rillaboom|0 fnt\n|-damage|p2b: Urshifu|41\/100\n|faint|p2a: Rillaboom\n|cant|p2b: Urshifu|flinch\n|\n|-heal|p2b: Urshifu|47\/100|[from] Grassy Terrain\n|-heal|p1a: Iron Hands|78\/100|[from] Grassy Terrain\n|upkeep\n|turn|7\n|-message|cunxiao forfeited.\n|\n|win|StickFlicks\n|raw|StickFlicks's rating: 1150 &rarr; <strong>1176<\/strong><br \/>(+26 for winning)\n|raw|cunxiao's rating: 1160 &rarr; <strong>1134<\/strong><br \/>(-26 for losing)\n|l|\u2606cunxiao\n","uploadtime":1700010866,"views":22,"p1id":"stickflicks","p2id":"cunxiao","formatid":"gen9vgc2023regulatione","rating":1134,"private":0,"password":""}