{"id":"gen9vgc2023regulatione-1999355343","p1":"fartninja101","p2":"ParroTiest1","format":"[Gen 9] VGC 2023 Regulation E","log":"|j|\u2606fartninja101\n|j|\u2606ParroTiest1\n|t:|1701065679\n|gametype|doubles\n|player|p1|fartninja101|101|1266\n|player|p2|ParroTiest1|wallace|1329\n|teamsize|p1|6\n|teamsize|p2|6\n|gen|9\n|tier|[Gen 9] VGC 2023 Regulation E\n|rated|\n|rule|Species Clause: Limit one of each Pok\u00e9mon\n|rule|Item Clause: Limit one of each item\n|clearpoke\n|poke|p1|Flutter Mane, L50|\n|poke|p1|Landorus-Therian, L50, M|\n|poke|p1|Urshifu-*, L50, M|\n|poke|p1|Tornadus, L50, M|\n|poke|p1|Chien-Pao, L50|\n|poke|p1|Ogerpon-Hearthflame, L50, F|\n|poke|p2|Corviknight, L50, F|\n|poke|p2|Grimmsnarl, L50, M|\n|poke|p2|Ogerpon-Wellspring, L50, F|\n|poke|p2|Arcanine-Hisui, L50, F|\n|poke|p2|Heatran, L50, F|\n|poke|p2|Cresselia, L50, F|\n|teampreview|4\n|inactive|Battle timer is ON: inactive players will automatically lose when time's up. (requested by ParroTiest1)\n|inactive|fartninja101 also wants the timer to be on.\nParroTiest1 has agreed to open team sheets.\n|inactive|fartninja101 has 60 seconds left.\n|\n|t:|1701065724\n|start\n|switch|p1a: Tornadus|Tornadus, L50, M|100\/100\n|switch|p1b: Flutter Mane|Flutter Mane, L50|100\/100\n|switch|p2a: Grimmsnarl|Grimmsnarl, L50, M|100\/100\n|switch|p2b: Corviknight|Corviknight, L50, F|100\/100\n|-enditem|p1b: Flutter Mane|Booster Energy\n|-activate|p1b: Flutter Mane|ability: Protosynthesis|[fromitem]\n|-start|p1b: Flutter Mane|protosynthesisspe\n|turn|1\n|\n|t:|1701065741\n|move|p1a: Tornadus|Tailwind|p1a: Tornadus\n|-sidestart|p1: fartninja101|move: Tailwind\n|move|p2a: Grimmsnarl|Light Screen|p2a: Grimmsnarl\n|-sidestart|p2: ParroTiest1|move: Light Screen\n|move|p1b: Flutter Mane|Moonblast|p2a: Grimmsnarl\n|-supereffective|p2a: Grimmsnarl\n|-damage|p2a: Grimmsnarl|43\/100\n|move|p2b: Corviknight|Bulk Up|p2b: Corviknight\n|-boost|p2b: Corviknight|atk|1\n|-boost|p2b: Corviknight|def|1\n|\n|upkeep\n|turn|2\n|\n|t:|1701065756\n|move|p1a: Tornadus|Taunt|p2b: Corviknight\n|-start|p2b: Corviknight|move: Taunt\n|move|p2a: Grimmsnarl|Parting Shot|p1b: Flutter Mane\n|-unboost|p1b: Flutter Mane|atk|1\n|-unboost|p1b: Flutter Mane|spa|1\n|\n|t:|1701065760\n|switch|p2a: Arcanine|Arcanine-Hisui, L50, F|100\/100|[from] Parting Shot\n|-ability|p2a: Arcanine|Intimidate|boost\n|-unboost|p1a: Tornadus|atk|1\n|-unboost|p1b: Flutter Mane|atk|1\n|move|p1b: Flutter Mane|Moonblast|p2a: Arcanine\n|-resisted|p2a: Arcanine\n|-damage|p2a: Arcanine|91\/100\n|-unboost|p2a: Arcanine|spa|1\n|cant|p2b: Corviknight|move: Taunt|Bulk Up\n|\n|upkeep\n|turn|3\n|\n|t:|1701065783\n|-end|p1b: Flutter Mane|Protosynthesis|[silent]\n|switch|p1b: Urshifu|Urshifu-Rapid-Strike, L50, M|100\/100\n|switch|p1a: Landorus|Landorus-Therian, L50, M|100\/100\n|-ability|p1a: Landorus|Intimidate|boost\n|-unboost|p2a: Arcanine|atk|1\n|-ability|p2b: Corviknight|Mirror Armor\n|-unboost|p1a: Landorus|atk|1\n|move|p2a: Arcanine|Rock Slide|p1a: Landorus|[spread] p1a,p1b\n|-resisted|p1b: Urshifu\n|-damage|p1a: Landorus|83\/100\n|-damage|p1b: Urshifu|92\/100\n|move|p2b: Corviknight|Iron Head|p1a: Landorus\n|-damage|p1a: Landorus|48\/100\n|\n|upkeep\n|turn|4\n|inactive|fartninja101 has 30 seconds left.\n|inactive|fartninja101 has 20 seconds left.\n|\n|t:|1701065823\n|switch|p2a: Ogerpon|Ogerpon-Wellspring, L50, F|100\/100\n|-terastallize|p2b: Corviknight|Dragon\n|move|p1a: Landorus|U-turn|p2b: Corviknight\n|-damage|p2b: Corviknight|92\/100\n|\n|t:|1701065833\n|switch|p1a: Flutter Mane|Flutter Mane, L50|100\/100|[from] U-turn\n|move|p1b: Urshifu|Surging Strikes|p2a: Ogerpon\n|-immune|p2a: Ogerpon|[from] ability: Water Absorb\n|move|p2b: Corviknight|Brave Bird|p1b: Urshifu\n|-supereffective|p1b: Urshifu\n|-damage|p1b: Urshifu|0 fnt\n|faint|p1b: Urshifu\n|-damage|p2b: Corviknight|66\/100|[from] Recoil\n|\n|-heal|p2b: Corviknight|72\/100|[from] item: Leftovers\n|-end|p2b: Corviknight|move: Taunt\n|-sideend|p1: fartninja101|move: Tailwind\n|upkeep\n|inactive|fartninja101 has 30 seconds left.\n|\n|t:|1701065859\n|switch|p1b: Tornadus|Tornadus, L50, M|100\/100\n|turn|5\n|\n|t:|1701065870\n|switch|p2b: Arcanine|Arcanine-Hisui, L50, F|91\/100\n|-ability|p2b: Arcanine|Intimidate|boost\n|-unboost|p1a: Flutter Mane|atk|1\n|-unboost|p1b: Tornadus|atk|1\n|move|p1a: Flutter Mane|Moonblast|p2b: Arcanine\n|-resisted|p2b: Arcanine\n|-damage|p2b: Arcanine|76\/100\n|move|p2a: Ogerpon|Ivy Cudgel|p1a: Flutter Mane|[anim] Ivy Cudgel Water\n|-damage|p1a: Flutter Mane|10\/100\n|move|p1b: Tornadus|Bleakwind Storm|p2b: Arcanine|[spread] p2b\n|-miss|p1b: Tornadus|p2a: Ogerpon\n|-resisted|p2b: Arcanine\n|-damage|p2b: Arcanine|66\/100\n|-unboost|p2b: Arcanine|spe|1\n|\n|upkeep\n|turn|6\n|inactive|fartninja101 has 30 seconds left.\n|inactive|fartninja101 has 20 seconds left.\n|inactive|fartninja101 has 15 seconds left.\n|inactive|fartninja101 has 10 seconds left.\n|\n|t:|1701065916\n|move|p1b: Tornadus|Protect|p1b: Tornadus\n|-singleturn|p1b: Tornadus|Protect\n|move|p2a: Ogerpon|Spiky Shield|p2a: Ogerpon\n|-singleturn|p2a: Ogerpon|move: Protect\n|move|p1a: Flutter Mane|Shadow Ball|p2b: Arcanine\n|-damage|p2b: Arcanine|43\/100\n|move|p2b: Arcanine|Rock Slide|p1a: Flutter Mane|[spread] p1a\n|-activate|p1b: Tornadus|move: Protect\n|-damage|p1a: Flutter Mane|0 fnt\n|faint|p1a: Flutter Mane\n|-end|p1a: Flutter Mane|Protosynthesis|[silent]\n|\n|upkeep\n|\n|t:|1701065927\n|switch|p1a: Landorus|Landorus-Therian, L50, M|48\/100\n|-ability|p1a: Landorus|Intimidate|boost\n|-unboost|p2a: Ogerpon|atk|1\n|-unboost|p2b: Arcanine|atk|1\n|turn|7\n|inactive|fartninja101 has 30 seconds left.\n|inactive|fartninja101 has 20 seconds left.\n|inactive|fartninja101 has 15 seconds left.\n|\n|t:|1701065971\n|switch|p2b: Corviknight|Corviknight, L50, F, tera:Dragon|72\/100\n|-terastallize|p1b: Tornadus|Flying\n|move|p1a: Landorus|Rock Slide|p2a: Ogerpon|[spread] p2a\n|-miss|p1a: Landorus|p2b: Corviknight\n|-damage|p2a: Ogerpon|81\/100\n|cant|p2a: Ogerpon|flinch\n|move|p1b: Tornadus|Bleakwind Storm|p2a: Ogerpon|[spread] p2a,p2b\n|-supereffective|p2a: Ogerpon\n|-damage|p2a: Ogerpon|30\/100\n|-damage|p2b: Corviknight|50\/100\n|-ability|p2b: Corviknight|Mirror Armor\n|-unboost|p1b: Tornadus|spe|1\n|\n|-heal|p2b: Corviknight|56\/100|[from] item: Leftovers\n|upkeep\n|turn|8\n|\n|t:|1701065995\n|move|p1a: Landorus|Rock Slide|p2a: Ogerpon|[spread] p2a,p2b\n|-damage|p2a: Ogerpon|10\/100\n|-damage|p2b: Corviknight|40\/100\n|cant|p2a: Ogerpon|flinch\n|move|p1b: Tornadus|Bleakwind Storm|p2a: Ogerpon|[spread] p2a,p2b\n|-supereffective|p2a: Ogerpon\n|-damage|p2a: Ogerpon|0 fnt\n|-damage|p2b: Corviknight|20\/100\n|-ability|p2b: Corviknight|Mirror Armor\n|-unboost|p1b: Tornadus|spe|1\n|faint|p2a: Ogerpon\n|cant|p2b: Corviknight|flinch\n|\n|-heal|p2b: Corviknight|25\/100|[from] item: Leftovers\n|-sideend|p2: ParroTiest1|move: Light Screen\n|upkeep\n|\n|t:|1701066008\n|switch|p2a: Grimmsnarl|Grimmsnarl, L50, M|43\/100\n|turn|9\n|\n|t:|1701066027\n|move|p2a: Grimmsnarl|Light Screen|p2a: Grimmsnarl\n|-sidestart|p2: ParroTiest1|move: Light Screen\n|move|p1a: Landorus|Rock Slide|p2b: Corviknight|[spread] p2a,p2b\n|-damage|p2a: Grimmsnarl|23\/100\n|-damage|p2b: Corviknight|11\/100\n|cant|p2b: Corviknight|flinch\n|move|p1b: Tornadus|Bleakwind Storm|p2b: Corviknight|[spread] p2a,p2b\n|-damage|p2a: Grimmsnarl|0 fnt\n|-damage|p2b: Corviknight|0 fnt\n|faint|p2a: Grimmsnarl\n|faint|p2b: Corviknight\n|\n|upkeep\n|c|\u2606ParroTiest1|God dang these flinches are crazy\n|c|\u2606ParroTiest1|Ok\n|\n|t:|1701066040\n|switch|p2b: Arcanine|Arcanine-Hisui, L50, F|43\/100\n|-ability|p2b: Arcanine|Intimidate|boost\n|-unboost|p1a: Landorus|atk|1\n|-unboost|p1b: Tornadus|atk|1\n|turn|10\n|\n|t:|1701066055\n|move|p1a: Landorus|Rock Slide|p2b: Arcanine\n|-supereffective|p2b: Arcanine\n|-damage|p2b: Arcanine|6\/100\n|-enditem|p2b: Arcanine|Mago Berry|[eat]\n|-heal|p2b: Arcanine|40\/100|[from] item: Mago Berry\n|cant|p2b: Arcanine|flinch\n|move|p1b: Tornadus|Bleakwind Storm|p2b: Arcanine\n|-resisted|p2b: Arcanine\n|-damage|p2b: Arcanine|24\/100\n|\n|upkeep\n|turn|11\n|\n|t:|1701066070\n|move|p1a: Landorus|Rock Slide|p2b: Arcanine\n|-supereffective|p2b: Arcanine\n|-damage|p2b: Arcanine|0 fnt\n|faint|p2b: Arcanine\n|\n|win|fartninja101\n|raw|fartninja101's rating: 1266 &rarr; <strong>1295<\/strong><br \/>(+29 for winning)\n|raw|ParroTiest1's rating: 1329 &rarr; <strong>1305<\/strong><br \/>(-24 for losing)\n|c|\u2606ParroTiest1|A flinch, a double flinch, and another flinch, and another flinch\n|l|\u2606ParroTiest1\n","uploadtime":1701066101,"views":5,"p1id":"fartninja101","p2id":"parrotiest1","formatid":"gen9vgc2023regulatione","rating":1295,"private":0,"password":""}