{"id":"gen9vgc2023regulatione-1988991700","p1":"Jinthewindmaster","p2":"firetheman9898","format":"[Gen 9] VGC 2023 Regulation E","log":"|j|\u2606Jinthewindmaster\n|j|\u2606firetheman9898\n|t:|1699799390\n|gametype|doubles\n|player|p1|Jinthewindmaster|bruno|1151\n|player|p2|firetheman9898|101|1079\n|teamsize|p1|6\n|teamsize|p2|6\n|gen|9\n|tier|[Gen 9] VGC 2023 Regulation E\n|rated|\n|rule|Species Clause: Limit one of each Pok\u00e9mon\n|rule|Item Clause: Limit one of each item\n|clearpoke\n|poke|p1|Indeedee, L50, M|\n|poke|p1|Armarouge, L50, M|\n|poke|p1|Amoonguss, L50, F|\n|poke|p1|Iron Hands, L50|\n|poke|p1|Tornadus, L50, M|\n|poke|p1|Urshifu-*, L50, M|\n|poke|p2|Flutter Mane, L50|\n|poke|p2|Ogerpon-Wellspring, L50, F|\n|poke|p2|Arcanine-Hisui, L50, F|\n|poke|p2|Kingambit, L50, F|\n|poke|p2|Tornadus, L50, M|\n|poke|p2|Landorus-Therian, L50, M|\n|teampreview|4\n|inactive|Battle timer is ON: inactive players will automatically lose when time's up. (requested by firetheman9898)\nfiretheman9898 has agreed to open team sheets.\n|inactive|Jinthewindmaster has 60 seconds left.\n|\n|t:|1699799455\n|start\n|switch|p1a: Amoonguss|Amoonguss, L50, F, shiny|100\/100\n|switch|p1b: Iron Hands|Iron Hands, L50, shiny|100\/100\n|switch|p2a: Ogerpon|Ogerpon-Wellspring, L50, F|100\/100\n|switch|p2b: Tornadus|Tornadus, L50, M|100\/100\n|turn|1\n|inactive|firetheman9898 has 30 seconds left.\n|inactive|firetheman9898 has 20 seconds left.\n|\n|t:|1699799492\n|move|p2a: Ogerpon|Spiky Shield|p2a: Ogerpon\n|-singleturn|p2a: Ogerpon|move: Protect\n|move|p2b: Tornadus|Tailwind|p2b: Tornadus\n|-sidestart|p2: firetheman9898|move: Tailwind\n|move|p1b: Iron Hands|Swords Dance|p1b: Iron Hands\n|-boost|p1b: Iron Hands|atk|2\n|move|p1a: Amoonguss|Spore|p2b: Tornadus\n|-status|p2b: Tornadus|slp|[from] move: Spore\n|\n|upkeep\n|turn|2\n|inactive|firetheman9898 has 30 seconds left.\n|\n|t:|1699799522\n|move|p1b: Iron Hands|Detect|p1b: Iron Hands\n|-singleturn|p1b: Iron Hands|Protect\n|cant|p2b: Tornadus|slp\n|move|p2a: Ogerpon|Ivy Cudgel|p1b: Iron Hands\n|-activate|p1b: Iron Hands|move: Protect\n|move|p1a: Amoonguss|Sludge Bomb|p2a: Ogerpon\n|-supereffective|p2a: Ogerpon\n|-damage|p2a: Ogerpon|39\/100\n|\n|upkeep\n|turn|3\n|inactive|Jinthewindmaster has 30 seconds left.\n|\n|t:|1699799549\n|switch|p2b: Landorus|Landorus-Therian, L50, M|100\/100\n|-ability|p2b: Landorus|Intimidate|boost\n|-unboost|p1a: Amoonguss|atk|1\n|-unboost|p1b: Iron Hands|atk|1\n|move|p2a: Ogerpon|Horn Leech|p1b: Iron Hands\n|-damage|p1b: Iron Hands|71\/100\n|-heal|p2a: Ogerpon|60\/100|[from] drain|[of] p1b: Iron Hands\n|move|p1b: Iron Hands|Drain Punch|p2a: Ogerpon\n|-damage|p2a: Ogerpon|0 fnt\n|-heal|p1b: Iron Hands|92\/100|[from] drain|[of] p2a: Ogerpon\n|faint|p2a: Ogerpon\n|move|p1a: Amoonguss|Pollen Puff|p1b: Iron Hands\n|-heal|p1b: Iron Hands|100\/100\n|\n|upkeep\n|\n|t:|1699799569\n|switch|p2a: Flutter Mane|Flutter Mane, L50|100\/100\n|turn|4\n|inactive|Jinthewindmaster has 30 seconds left.\n|\n|t:|1699799595\n|-terastallize|p1a: Amoonguss|Fire\n|move|p1b: Iron Hands|Detect|p1b: Iron Hands\n|-singleturn|p1b: Iron Hands|Protect\n|move|p2b: Landorus|Rock Slide|p1b: Iron Hands|[spread] p1a\n|-activate|p1b: Iron Hands|move: Protect\n|-supereffective|p1a: Amoonguss\n|-damage|p1a: Amoonguss|64\/100\n|move|p2a: Flutter Mane|Dark Pulse|p1b: Iron Hands\n|-activate|p1b: Iron Hands|move: Protect\n|move|p1a: Amoonguss|Spore|p2b: Landorus\n|-status|p2b: Landorus|slp|[from] move: Spore\n|\n|-sideend|p2: firetheman9898|move: Tailwind\n|upkeep\n|turn|5\n|inactive|Jinthewindmaster has 30 seconds left.\n|inactive|firetheman9898 has 30 seconds left.\n|\n|t:|1699799627\n|move|p1a: Amoonguss|Rage Powder|p1a: Amoonguss\n|-singleturn|p1a: Amoonguss|move: Rage Powder\n|cant|p2b: Landorus|slp\n|move|p2a: Flutter Mane|Dark Pulse|p1a: Amoonguss\n|-damage|p1a: Amoonguss|29\/100\n|move|p1b: Iron Hands|Ice Punch|p2b: Landorus\n|-supereffective|p2b: Landorus\n|-damage|p2b: Landorus|0 fnt\n|faint|p2b: Landorus\n|\n|upkeep\n|\n|t:|1699799638\n|switch|p2b: Tornadus|Tornadus, L50, M|100\/100 slp\n|turn|6\n|\n|t:|1699799646\n|move|p1a: Amoonguss|Rage Powder|p1a: Amoonguss\n|-singleturn|p1a: Amoonguss|move: Rage Powder\n|move|p2a: Flutter Mane|Dark Pulse|p1a: Amoonguss\n|-damage|p1a: Amoonguss|0 fnt\n|faint|p1a: Amoonguss\n|cant|p2b: Tornadus|slp\n|move|p1b: Iron Hands|Ice Punch|p2b: Tornadus\n|-supereffective|p2b: Tornadus\n|-damage|p2b: Tornadus|10\/100 slp\n|\n|upkeep\n|\n|t:|1699799658\n|switch|p1a: Indeedee|Indeedee, L50, M|100\/100\n|-fieldstart|move: Psychic Terrain|[from] ability: Psychic Surge|[of] p1a: Indeedee\n|turn|7\n|\n|t:|1699799669\n|cant|p2b: Tornadus|slp\n|move|p1a: Indeedee|After You|p1b: Iron Hands\n|-activate|p1b: Iron Hands|move: After You\n|move|p1b: Iron Hands|Ice Punch|p2b: Tornadus\n|-supereffective|p2b: Tornadus\n|-damage|p2b: Tornadus|0 fnt\n|faint|p2b: Tornadus\n|move|p2a: Flutter Mane|Dark Pulse|p1b: Iron Hands\n|-resisted|p1b: Iron Hands\n|-damage|p1b: Iron Hands|84\/100\n|\n|upkeep\n|turn|8\n|-message|firetheman9898 forfeited.\n|\n|win|Jinthewindmaster\n|raw|Jinthewindmaster's rating: 1151 &rarr; <strong>1171<\/strong><br \/>(+20 for winning)\n|raw|firetheman9898's rating: 1079 &rarr; <strong>1062<\/strong><br \/>(-17 for losing)\n|l|\u2606firetheman9898\n","uploadtime":1699799685,"views":7,"p1id":"jinthewindmaster","p2id":"firetheman9898","formatid":"gen9vgc2023regulatione","rating":1062,"private":0,"password":""}