{"id":"gen9vgc2023regulatione-1998310911","p1":"olvfel","p2":"xodevil222","format":"[Gen 9] VGC 2023 Regulation E","log":"|j|\u2606olvfel\n|j|\u2606xodevil222\n|n|\u2606olvfel|olvfel\n|n|\u2606xodevil222|xodevil222\n|html|View the match progress at <a href=\"\/game-bestof3-gen9vgc2023regulatione-1998306165\">game-bestof3-gen9vgc2023regulatione-1998306165<\/a>\n|t:|1700927919\n|gametype|doubles\n|player|p1|olvfel|sada-ai|\n|player|p2|xodevil222|2|\n|teamsize|p1|6\n|teamsize|p2|6\n|gen|9\n|tier|[Gen 9] VGC 2023 Regulation E\n|rule|Species Clause: Limit one of each Pok\u00e9mon\n|rule|Item Clause: Limit one of each item\n|clearpoke\n|poke|p1|Urshifu-*, L50, M|\n|poke|p1|Flutter Mane, L50|\n|poke|p1|Heatran, L50, F|\n|poke|p1|Ursaluna, L50, F|\n|poke|p1|Iron Hands, L50|\n|poke|p1|Cresselia, L50, F|\n|poke|p2|Rillaboom, L50, F|\n|poke|p2|Arcanine-Hisui, L50, M|\n|poke|p2|Urshifu-*, L50, M|\n|poke|p2|Heatran, L50, M|\n|poke|p2|Sinistcha, L50|\n|poke|p2|Milotic, L50, F|\n|teampreview|4\n|c|\u2606olvfel|sorry handy gstorbe\n|c|\u2606xodevil222|oh\n|c|\u2606olvfel|das jez voll konzentriert\n|c|\u2606olvfel|ohni ablenkig\n|c|\u2606xodevil222|lmao\n|\n|t:|1700927948\n|start\n|switch|p1a: Iron Hands|Iron Hands, L50, shiny|100\/100\n|switch|p1b: Urshifu|Urshifu, L50, M|100\/100\n|switch|p2a: Arcanine|Arcanine-Hisui, L50, M|100\/100\n|switch|p2b: Milotic|Milotic, L50, F|100\/100\n|-ability|p2a: Arcanine|Intimidate|boost\n|-unboost|p1a: Iron Hands|atk|1\n|-unboost|p1b: Urshifu|atk|1\n|turn|1\n|\n|t:|1700927984\n|move|p1a: Iron Hands|Fake Out|p2a: Arcanine\n|-resisted|p2a: Arcanine\n|-damage|p2a: Arcanine|95\/100\n|move|p1b: Urshifu|Close Combat|p2a: Arcanine\n|-supereffective|p2a: Arcanine\n|-damage|p2a: Arcanine|0 fnt\n|-unboost|p1b: Urshifu|def|1\n|-unboost|p1b: Urshifu|spd|1\n|faint|p2a: Arcanine\n|move|p2b: Milotic|Scald|p1a: Iron Hands\n|-damage|p1a: Iron Hands|83\/100\n|-status|p1a: Iron Hands|brn\n|\n|-damage|p1a: Iron Hands|77\/100 brn|[from] brn\n|upkeep\n|\n|t:|1700928005\n|switch|p2a: Urshifu|Urshifu, L50, M|100\/100\n|turn|2\n|\n|t:|1700928014\n|move|p1b: Urshifu|Close Combat|p2a: Urshifu\n|-supereffective|p2a: Urshifu\n|-damage|p2a: Urshifu|21\/100\n|-unboost|p1b: Urshifu|def|1\n|-unboost|p1b: Urshifu|spd|1\n|move|p2a: Urshifu|Close Combat|p1b: Urshifu\n|-supereffective|p1b: Urshifu\n|-enditem|p1b: Urshifu|Focus Sash\n|-damage|p1b: Urshifu|1\/100\n|-unboost|p2a: Urshifu|def|1\n|-unboost|p2a: Urshifu|spd|1\n|move|p2b: Milotic|Scald|p1a: Iron Hands\n|-damage|p1a: Iron Hands|59\/100 brn\n|move|p1a: Iron Hands|Drain Punch|p2a: Urshifu\n|-supereffective|p2a: Urshifu\n|-damage|p2a: Urshifu|0 fnt\n|-heal|p1a: Iron Hands|66\/100 brn|[from] drain|[of] p2a: Urshifu\n|faint|p2a: Urshifu\n|\n|-damage|p1a: Iron Hands|60\/100 brn|[from] brn\n|upkeep\n|\n|t:|1700928033\n|switch|p2a: Sinistcha|Sinistcha, L50|100\/100\n|turn|3\n|\n|t:|1700928045\n|move|p1b: Urshifu|Wicked Blow|p2b: Milotic\n|-crit|p2b: Milotic\n|-damage|p2b: Milotic|54\/100\n|move|p2b: Milotic|Scald|p1a: Iron Hands\n|-damage|p1a: Iron Hands|42\/100 brn\n|move|p2a: Sinistcha|Matcha Gotcha|p1b: Urshifu|[spread] p1a,p1b\n|-damage|p1a: Iron Hands|22\/100 brn\n|-damage|p1b: Urshifu|0 fnt\n|faint|p1b: Urshifu\n|move|p1a: Iron Hands|Wild Charge|p2b: Milotic\n|-supereffective|p2b: Milotic\n|-damage|p2b: Milotic|26\/100\n|-damage|p1a: Iron Hands|17\/100 brn|[from] Recoil\n|\n|-heal|p2b: Milotic|32\/100|[from] item: Leftovers\n|-damage|p1a: Iron Hands|11\/100 brn|[from] brn\n|upkeep\n|\n|t:|1700928056\n|switch|p1b: Cresselia|Cresselia, L50, F, shiny|100\/100\n|turn|4\n|\n|t:|1700928075\n|move|p2a: Sinistcha|Rage Powder|p2a: Sinistcha\n|-singleturn|p2a: Sinistcha|move: Rage Powder\n|move|p2b: Milotic|Scald|p1a: Iron Hands\n|-damage|p1a: Iron Hands|0 fnt\n|faint|p1a: Iron Hands\n|-end|p1a: Iron Hands|Quark Drive|[silent]\n|move|p1b: Cresselia|Lunar Blessing||[still]\n|-fail|p1b: Cresselia\n|\n|-heal|p2b: Milotic|38\/100|[from] item: Leftovers\n|upkeep\n|\n|t:|1700928082\n|switch|p1a: Ursaluna|Ursaluna, L50, F, shiny|100\/100\n|turn|5\n|\n|t:|1700928094\n|move|p1a: Ursaluna|Protect|p1a: Ursaluna\n|-singleturn|p1a: Ursaluna|Protect\n|move|p2a: Sinistcha|Rage Powder|p2a: Sinistcha\n|-singleturn|p2a: Sinistcha|move: Rage Powder\n|move|p2b: Milotic|Scald|p1a: Ursaluna\n|-activate|p1a: Ursaluna|move: Protect\n|move|p1b: Cresselia|Trick Room|p1b: Cresselia\n|-fieldstart|move: Trick Room|[of] p1b: Cresselia\n|\n|-heal|p2b: Milotic|44\/100|[from] item: Leftovers\n|-status|p1a: Ursaluna|brn|[from] item: Flame Orb\n|upkeep\n|turn|6\n|\n|t:|1700928113\n|-terastallize|p1a: Ursaluna|Normal\n|move|p1a: Ursaluna|Earthquake|p2a: Sinistcha|[spread] p2a,p2b\n|-immune|p1b: Cresselia|[from] ability: Levitate\n|-resisted|p2a: Sinistcha\n|-damage|p2a: Sinistcha|66\/100\n|-damage|p2b: Milotic|0 fnt\n|faint|p2b: Milotic\n|move|p2a: Sinistcha|Strength Sap|p1a: Ursaluna\n|-unboost|p1a: Ursaluna|atk|1\n|-heal|p2a: Sinistcha|100\/100\n|move|p1b: Cresselia|Moonblast|p2a: Sinistcha\n|-damage|p2a: Sinistcha|82\/100\n|\n|-damage|p1a: Ursaluna|95\/100 brn|[from] brn\n|upkeep\n|turn|7\n|\n|t:|1700928135\n|move|p1a: Ursaluna|Bulk Up|p1a: Ursaluna\n|-boost|p1a: Ursaluna|atk|1\n|-boost|p1a: Ursaluna|def|1\n|move|p2a: Sinistcha|Matcha Gotcha|p1a: Ursaluna|[spread] p1a,p1b\n|-damage|p1a: Ursaluna|69\/100 brn\n|-heal|p2a: Sinistcha|99\/100|[from] drain|[of] p1a: Ursaluna\n|-damage|p1b: Cresselia|83\/100\n|-heal|p2a: Sinistcha|100\/100|[from] drain|[of] p1b: Cresselia\n|move|p1b: Cresselia|Moonblast|p2a: Sinistcha\n|-damage|p2a: Sinistcha|83\/100\n|\n|-damage|p1a: Ursaluna|63\/100 brn|[from] brn\n|upkeep\n|turn|8\n|\n|t:|1700928149\n|move|p1b: Cresselia|Ally Switch|p1b: Cresselia\n|swap|p1b: Cresselia|0|[from] move: Ally Switch\n|move|p1b: Ursaluna|Bulk Up|p1b: Ursaluna\n|-boost|p1b: Ursaluna|atk|1\n|-boost|p1b: Ursaluna|def|1\n|move|p2a: Sinistcha|Matcha Gotcha|p1a: Cresselia|[spread] p1a,p1b\n|-damage|p1a: Cresselia|66\/100\n|-heal|p2a: Sinistcha|94\/100|[from] drain|[of] p1a: Cresselia\n|-damage|p1b: Ursaluna|40\/100 brn\n|-heal|p2a: Sinistcha|100\/100|[from] drain|[of] p1b: Ursaluna\n|\n|-damage|p1b: Ursaluna|34\/100 brn|[from] brn\n|upkeep\n|turn|9\n|\n|t:|1700928171\n|move|p1b: Ursaluna|Bulk Up|p1b: Ursaluna\n|-boost|p1b: Ursaluna|atk|1\n|-boost|p1b: Ursaluna|def|1\n|move|p2a: Sinistcha|Matcha Gotcha|p1a: Cresselia|[spread] p1a,p1b\n|-damage|p1a: Cresselia|49\/100\n|-damage|p1b: Ursaluna|9\/100 brn\n|move|p1a: Cresselia|Lunar Blessing|p1a: Cresselia|[spread] p1a,p1b\n|-heal|p1a: Cresselia|74\/100\n|-heal|p1b: Ursaluna|34\/100 brn\n|-curestatus|p1b: Ursaluna|brn|[msg]\n|\n|-fieldend|move: Trick Room\n|-status|p1b: Ursaluna|brn|[from] item: Flame Orb\n|upkeep\n|turn|10\n|\n|t:|1700928186\n|move|p1b: Ursaluna|Protect|p1b: Ursaluna\n|-singleturn|p1b: Ursaluna|Protect\n|move|p2a: Sinistcha|Matcha Gotcha|p1b: Ursaluna|[spread] p1a\n|-activate|p1b: Ursaluna|move: Protect\n|-damage|p1a: Cresselia|57\/100\n|move|p1a: Cresselia|Trick Room|p1a: Cresselia\n|-fieldstart|move: Trick Room|[of] p1a: Cresselia\n|\n|-damage|p1b: Ursaluna|28\/100 brn|[from] brn\n|upkeep\n|turn|11\n|\n|t:|1700928202\n|move|p1b: Ursaluna|Earthquake|p2a: Sinistcha|[spread] p2a\n|-immune|p1a: Cresselia|[from] ability: Levitate\n|-resisted|p2a: Sinistcha\n|-damage|p2a: Sinistcha|30\/100\n|move|p2a: Sinistcha|Strength Sap|p1b: Ursaluna\n|-unboost|p1b: Ursaluna|atk|1\n|-heal|p2a: Sinistcha|100\/100\n|move|p1a: Cresselia|Lunar Blessing|p1a: Cresselia|[spread] p1a,p1b\n|-heal|p1a: Cresselia|82\/100\n|-heal|p1b: Ursaluna|53\/100 brn\n|-curestatus|p1b: Ursaluna|brn|[msg]\n|\n|-status|p1b: Ursaluna|brn|[from] item: Flame Orb\n|upkeep\n|turn|12\n|\n|t:|1700928217\n|move|p1b: Ursaluna|Earthquake|p2a: Sinistcha|[spread] p2a\n|-immune|p1a: Cresselia|[from] ability: Levitate\n|-resisted|p2a: Sinistcha\n|-damage|p2a: Sinistcha|49\/100\n|move|p2a: Sinistcha|Matcha Gotcha|p1b: Ursaluna|[spread] p1a,p1b\n|-damage|p1a: Cresselia|63\/100\n|-heal|p2a: Sinistcha|62\/100|[from] drain|[of] p1a: Cresselia\n|-damage|p1b: Ursaluna|29\/100 brn\n|-heal|p2a: Sinistcha|78\/100|[from] drain|[of] p1b: Ursaluna\n|-status|p1a: Cresselia|brn\n|move|p1a: Cresselia|Moonblast|p2a: Sinistcha\n|-damage|p2a: Sinistcha|62\/100\n|\n|-damage|p1b: Ursaluna|23\/100 brn|[from] brn\n|-damage|p1a: Cresselia|57\/100 brn|[from] brn\n|upkeep\n|turn|13\n|\n|t:|1700928234\n|move|p1b: Ursaluna|Earthquake|p2a: Sinistcha|[spread] p2a\n|-immune|p1a: Cresselia|[from] ability: Levitate\n|-resisted|p2a: Sinistcha\n|-damage|p2a: Sinistcha|9\/100\n|move|p2a: Sinistcha|Strength Sap|p1b: Ursaluna\n|-unboost|p1b: Ursaluna|atk|1\n|-heal|p2a: Sinistcha|100\/100\n|move|p1a: Cresselia|Moonblast|p2a: Sinistcha\n|-damage|p2a: Sinistcha|84\/100\n|\n|-damage|p1b: Ursaluna|17\/100 brn|[from] brn\n|-damage|p1a: Cresselia|51\/100 brn|[from] brn\n|upkeep\n|turn|14\n|c|\u2606olvfel|xd\n|c|\u2606xodevil222|xd\n|c|\u2606olvfel|sinistcha isch de grund werum ich ufgh\u00f6\u00e4rt ha ursaluna zspile\n|c|\u2606olvfel|there is no way beating this thing lol\n|c|\u2606xodevil222|holding on a bit\n|c|\u2606xodevil222|ohhh rly\n|\n|t:|1700928284\n|move|p1b: Ursaluna|Protect|p1b: Ursaluna\n|-singleturn|p1b: Ursaluna|Protect\n|move|p2a: Sinistcha|Matcha Gotcha|p1b: Ursaluna|[spread] p1a\n|-activate|p1b: Ursaluna|move: Protect\n|-damage|p1a: Cresselia|35\/100 brn\n|-heal|p2a: Sinistcha|95\/100|[from] drain|[of] p1a: Cresselia\n|move|p1a: Cresselia|Lunar Blessing|p1a: Cresselia|[spread] p1a,p1b\n|-heal|p1a: Cresselia|60\/100 brn\n|-curestatus|p1a: Cresselia|brn|[msg]\n|-heal|p1b: Ursaluna|42\/100 brn\n|-curestatus|p1b: Ursaluna|brn|[msg]\n|\n|-fieldend|move: Trick Room\n|-status|p1b: Ursaluna|brn|[from] item: Flame Orb\n|upkeep\n|turn|15\n|c|\u2606xodevil222|fair\n|\n|t:|1700928306\n|move|p2a: Sinistcha|Matcha Gotcha|p1a: Cresselia|[spread] p1a,p1b\n|-damage|p1a: Cresselia|43\/100\n|-heal|p2a: Sinistcha|100\/100|[from] drain|[of] p1a: Cresselia\n|-damage|p1b: Ursaluna|17\/100 brn\n|-status|p1a: Cresselia|brn\n|move|p1b: Ursaluna|Earthquake|p2a: Sinistcha|[spread] p2a\n|-immune|p1a: Cresselia|[from] ability: Levitate\n|-resisted|p2a: Sinistcha\n|-damage|p2a: Sinistcha|70\/100\n|move|p1a: Cresselia|Trick Room|p1a: Cresselia\n|-fieldstart|move: Trick Room|[of] p1a: Cresselia\n|\n|-damage|p1b: Ursaluna|11\/100 brn|[from] brn\n|-damage|p1a: Cresselia|37\/100 brn|[from] brn\n|upkeep\n|turn|16\n|\n|t:|1700928320\n|move|p1b: Ursaluna|Protect|p1b: Ursaluna\n|-singleturn|p1b: Ursaluna|Protect\n|move|p2a: Sinistcha|Matcha Gotcha|p1b: Ursaluna|[spread] p1a\n|-activate|p1b: Ursaluna|move: Protect\n|-crit|p1a: Cresselia\n|-damage|p1a: Cresselia|11\/100 brn\n|-heal|p2a: Sinistcha|86\/100|[from] drain|[of] p1a: Cresselia\n|move|p1a: Cresselia|Lunar Blessing|p1a: Cresselia|[spread] p1a,p1b\n|-heal|p1a: Cresselia|36\/100 brn\n|-curestatus|p1a: Cresselia|brn|[msg]\n|-heal|p1b: Ursaluna|36\/100 brn\n|-curestatus|p1b: Ursaluna|brn|[msg]\n|\n|-status|p1b: Ursaluna|brn|[from] item: Flame Orb\n|upkeep\n|turn|17\n|\n|t:|1700928339\n|move|p1b: Ursaluna|Bulk Up|p1b: Ursaluna\n|-boost|p1b: Ursaluna|atk|1\n|-boost|p1b: Ursaluna|def|1\n|move|p2a: Sinistcha|Matcha Gotcha|p1a: Cresselia|[spread] p1a,p1b\n|-damage|p1a: Cresselia|20\/100\n|-heal|p2a: Sinistcha|96\/100|[from] drain|[of] p1a: Cresselia\n|-damage|p1b: Ursaluna|12\/100 brn\n|-heal|p2a: Sinistcha|100\/100|[from] drain|[of] p1b: Ursaluna\n|move|p1a: Cresselia|Lunar Blessing|p1a: Cresselia|[spread] p1a,p1b\n|-heal|p1a: Cresselia|45\/100\n|-heal|p1b: Ursaluna|37\/100 brn\n|-curestatus|p1b: Ursaluna|brn|[msg]\n|\n|-status|p1b: Ursaluna|brn|[from] item: Flame Orb\n|upkeep\n|turn|18\n|\n|t:|1700928355\n|move|p1b: Ursaluna|Earthquake|p2a: Sinistcha|[spread] p2a\n|-immune|p1a: Cresselia|[from] ability: Levitate\n|-resisted|p2a: Sinistcha\n|-damage|p2a: Sinistcha|53\/100\n|move|p2a: Sinistcha|Matcha Gotcha|p1a: Cresselia|[spread] p1a\n|-miss|p2a: Sinistcha|p1b: Ursaluna\n|-damage|p1a: Cresselia|28\/100\n|-heal|p2a: Sinistcha|64\/100|[from] drain|[of] p1a: Cresselia\n|move|p1a: Cresselia|Moonblast|p2a: Sinistcha\n|-damage|p2a: Sinistcha|48\/100\n|\n|-damage|p1b: Ursaluna|31\/100 brn|[from] brn\n|upkeep\n|turn|19\n|\n|t:|1700928374\n|move|p1b: Ursaluna|Earthquake|p2a: Sinistcha|[spread] p2a\n|-immune|p1a: Cresselia|[from] ability: Levitate\n|-resisted|p2a: Sinistcha\n|-damage|p2a: Sinistcha|0 fnt\n|faint|p2a: Sinistcha\n|\n|win|olvfel\n|c|\u2606olvfel|oke gg\n|c|\u2606olvfel|finally hahahaha\n|c|\u2606xodevil222|nuuuuuuu\n|c|\u2606xodevil222|gg tho\n|c|\u2606olvfel|sinistcha sichen pain\n|c|\u2606olvfel|gg\n|c|\u2606olvfel|guet dasd sinistcha bracht hesch\n|c|\u2606xodevil222|gotta go tho\n|c|\u2606olvfel|easy\n|c|\u2606xodevil222|def\n|c|\u2606olvfel|vill spass\n|c|\u2606olvfel|bis morn\n|c|\u2606xodevil222|thx hehe\n|c|\u2606xodevil222|seee u tmrw\n|l|\u2606xodevil222\n","uploadtime":1700928425,"views":0,"p1id":"olvfel","p2id":"xodevil222","formatid":"gen9vgc2023regulatione","rating":0,"private":0,"password":""}