{"id":"gen9vgc2023regulatione-1995244428","p1":"casper6_14","p2":"Tumbalacasamami2.0","format":"[Gen 9] VGC 2023 Regulation E","log":"|j|\u2606casper6_14\n|j|\u2606Tumbalacasamami2.0\n|t:|1700539330\n|gametype|doubles\n|player|p1|casper6_14|169|1084\n|player|p2|Tumbalacasamami2.0|burglar|1068\n|teamsize|p1|6\n|teamsize|p2|6\n|gen|9\n|tier|[Gen 9] VGC 2023 Regulation E\n|rated|\n|rule|Species Clause: Limit one of each Pok\u00e9mon\n|rule|Item Clause: Limit one of each item\n|clearpoke\n|poke|p1|Articuno, L50|\n|poke|p1|Ninetales-Alola, L50, F|\n|poke|p1|Spiritomb, L50, M|\n|poke|p1|Abomasnow, L50, F|\n|poke|p1|Iron Bundle, L50|\n|poke|p1|Baxcalibur, L50, M|\n|poke|p2|Goodra-Hisui, L50, F|\n|poke|p2|Landorus-Therian, L50, M|\n|poke|p2|Thundurus, L50, M|\n|poke|p2|Urshifu-*, L50, M|\n|poke|p2|Flutter Mane, L50|\n|poke|p2|Iron Hands, L50|\n|teampreview|4\n|\n|t:|1700539362\n|start\n|switch|p1a: Articuno|Articuno, L50|100\/100\n|switch|p1b: Abomasnow|Abomasnow, L50, F|100\/100\n|switch|p2a: esa no es su cola|Thundurus, L50, M, shiny|100\/100\n|switch|p2b: \u00f1o\u00f1o|Iron Hands, L50|100\/100\n|-weather|Snow|[from] ability: Snow Warning|[of] p1b: Abomasnow\n|turn|1\n|\n|t:|1700539396\n|move|p1a: Articuno|Protect|p1a: Articuno\n|-singleturn|p1a: Articuno|Protect\n|move|p2a: esa no es su cola|Thunder Wave|p1b: Abomasnow\n|-status|p1b: Abomasnow|par\n|move|p2b: \u00f1o\u00f1o|Wild Charge|p1a: Articuno\n|-activate|p1a: Articuno|move: Protect\n|move|p1b: Abomasnow|Mud-Slap|p2b: \u00f1o\u00f1o\n|-supereffective|p2b: \u00f1o\u00f1o\n|-damage|p2b: \u00f1o\u00f1o|96\/100\n|-unboost|p2b: \u00f1o\u00f1o|accuracy|1\n|\n|-weather|Snow|[upkeep]\n|upkeep\n|turn|2\n|\n|t:|1700539419\n|move|p2a: esa no es su cola|Wildbolt Storm|p1b: Abomasnow|[spread] p1a,p1b\n|-supereffective|p1a: Articuno\n|-resisted|p1b: Abomasnow\n|-damage|p1a: Articuno|50\/100\n|-damage|p1b: Abomasnow|85\/100 par\n|move|p1a: Articuno|Blizzard|p2b: \u00f1o\u00f1o|[spread] p2a,p2b\n|-supereffective|p2a: esa no es su cola\n|-damage|p2a: esa no es su cola|19\/100\n|-damage|p2b: \u00f1o\u00f1o|75\/100\n|-enditem|p2a: esa no es su cola|Sitrus Berry|[eat]\n|-heal|p2a: esa no es su cola|44\/100|[from] item: Sitrus Berry\n|move|p2b: \u00f1o\u00f1o|Drain Punch|p1b: Abomasnow\n|-supereffective|p1b: Abomasnow\n|-damage|p1b: Abomasnow|27\/100 par\n|-heal|p2b: \u00f1o\u00f1o|97\/100|[from] drain|[of] p1b: Abomasnow\n|move|p1b: Abomasnow|Mud-Slap|p2b: \u00f1o\u00f1o\n|-supereffective|p2b: \u00f1o\u00f1o\n|-damage|p2b: \u00f1o\u00f1o|91\/100\n|-unboost|p2b: \u00f1o\u00f1o|accuracy|1\n|\n|-weather|Snow|[upkeep]\n|-heal|p1b: Abomasnow|33\/100 par|[from] item: Leftovers\n|upkeep\n|turn|3\n|\n|t:|1700539442\n|move|p1b: Abomasnow|Ice Shard|p2a: esa no es su cola\n|-supereffective|p2a: esa no es su cola\n|-damage|p2a: esa no es su cola|14\/100\n|move|p2a: esa no es su cola|Wildbolt Storm|p1a: Articuno|[spread] p1b\n|-miss|p2a: esa no es su cola|p1a: Articuno\n|-resisted|p1b: Abomasnow\n|-damage|p1b: Abomasnow|17\/100 par\n|move|p1a: Articuno|Blizzard|p2b: \u00f1o\u00f1o|[spread] p2a,p2b\n|-supereffective|p2a: esa no es su cola\n|-damage|p2a: esa no es su cola|0 fnt\n|-damage|p2b: \u00f1o\u00f1o|71\/100\n|faint|p2a: esa no es su cola\n|move|p2b: \u00f1o\u00f1o|Drain Punch|p1b: Abomasnow|[miss]\n|-miss|p2b: \u00f1o\u00f1o|p1b: Abomasnow\n|\n|-weather|Snow|[upkeep]\n|-heal|p1b: Abomasnow|23\/100 par|[from] item: Leftovers\n|upkeep\n|\n|t:|1700539459\n|switch|p2a: Esa si es su cola|Landorus-Therian, L50, M, shiny|100\/100\n|-ability|p2a: Esa si es su cola|Intimidate|boost\n|-unboost|p1a: Articuno|atk|1\n|-unboost|p1b: Abomasnow|atk|1\n|turn|4\n|\n|t:|1700539468\n|-terastallize|p1a: Articuno|Water\n|move|p1b: Abomasnow|Ice Shard|p2a: Esa si es su cola\n|-supereffective|p2a: Esa si es su cola\n|-damage|p2a: Esa si es su cola|46\/100\n|move|p2a: Esa si es su cola|Rock Slide|p1b: Abomasnow|[spread] p1a,p1b\n|-supereffective|p1b: Abomasnow\n|-damage|p1a: Articuno|31\/100\n|-damage|p1b: Abomasnow|0 fnt\n|faint|p1b: Abomasnow\n|move|p1a: Articuno|Roost|p1a: Articuno\n|-heal|p1a: Articuno|81\/100\n|move|p2b: \u00f1o\u00f1o|Drain Punch|p1a: Articuno\n|-damage|p1a: Articuno|47\/100\n|-heal|p2b: \u00f1o\u00f1o|84\/100|[from] drain|[of] p1a: Articuno\n|\n|-weather|Snow|[upkeep]\n|upkeep\n|\n|t:|1700539484\n|switch|p1b: Iron Bundle|Iron Bundle, L50|100\/100\n|-enditem|p1b: Iron Bundle|Booster Energy\n|-activate|p1b: Iron Bundle|ability: Quark Drive|[fromitem]\n|-start|p1b: Iron Bundle|quarkdrivespe\n|turn|5\n|\n|t:|1700539493\n|move|p1b: Iron Bundle|Freeze-Dry|p2a: Esa si es su cola\n|-supereffective|p2a: Esa si es su cola\n|-damage|p2a: Esa si es su cola|0 fnt\n|faint|p2a: Esa si es su cola\n|move|p1a: Articuno|Roost|p1a: Articuno\n|-heal|p1a: Articuno|97\/100\n|move|p2b: \u00f1o\u00f1o|Drain Punch|p1a: Articuno|[miss]\n|-miss|p2b: \u00f1o\u00f1o|p1a: Articuno\n|\n|-weather|none\n|upkeep\n|\n|t:|1700539507\n|switch|p2a: el depre|Flutter Mane, L50|100\/100\n|turn|6\n|\n|t:|1700539520\n|move|p1b: Iron Bundle|Freeze-Dry|p2a: el depre\n|-damage|p2a: el depre|72\/100\n|move|p2a: el depre|Shadow Ball|p1b: Iron Bundle\n|-damage|p1b: Iron Bundle|0 fnt\n|faint|p1b: Iron Bundle\n|-end|p1b: Iron Bundle|Quark Drive|[silent]\n|move|p1a: Articuno|Tera Blast|p2a: el depre|[anim] Tera Blast Water\n|-damage|p2a: el depre|40\/100\n|move|p2b: \u00f1o\u00f1o|Drain Punch|p1a: Articuno|[miss]\n|-miss|p2b: \u00f1o\u00f1o|p1a: Articuno\n|\n|upkeep\n|\n|t:|1700539532\n|switch|p1b: Baxcalibur|Baxcalibur, L50, M|100\/100\n|turn|7\n|\n|t:|1700539545\n|move|p1b: Baxcalibur|Protect|p1b: Baxcalibur\n|-singleturn|p1b: Baxcalibur|Protect\n|move|p2a: el depre|Shadow Ball|p1b: Baxcalibur\n|-activate|p1b: Baxcalibur|move: Protect\n|move|p1a: Articuno|Tera Blast|p2a: el depre|[anim] Tera Blast Water\n|-damage|p2a: el depre|9\/100\n|move|p2b: \u00f1o\u00f1o|Wild Charge|p1a: Articuno\n|-supereffective|p1a: Articuno\n|-damage|p1a: Articuno|19\/100\n|-damage|p2b: \u00f1o\u00f1o|70\/100|[from] Recoil\n|\n|upkeep\n|turn|8\n|\n|t:|1700539567\n|move|p2a: el depre|Shadow Ball|p1b: Baxcalibur\n|-damage|p1b: Baxcalibur|43\/100\n|-unboost|p1b: Baxcalibur|spd|1\n|move|p1b: Baxcalibur|Iron Head|p2a: el depre\n|-supereffective|p2a: el depre\n|-damage|p2a: el depre|0 fnt\n|faint|p2a: el depre\n|-end|p2a: el depre|Protosynthesis|[silent]\n|move|p1a: Articuno|Roost|p1a: Articuno\n|-heal|p1a: Articuno|69\/100\n|move|p2b: \u00f1o\u00f1o|Wild Charge|p1a: Articuno|[miss]\n|-miss|p2b: \u00f1o\u00f1o|p1a: Articuno\n|\n|upkeep\n|turn|9\n|\n|t:|1700539582\n|move|p1b: Baxcalibur|Dragon Dance|p1b: Baxcalibur\n|-boost|p1b: Baxcalibur|atk|1\n|-boost|p1b: Baxcalibur|spe|1\n|move|p1a: Articuno|Roost|p1a: Articuno\n|-heal|p1a: Articuno|100\/100\n|move|p2b: \u00f1o\u00f1o|Wild Charge|p1a: Articuno\n|-supereffective|p1a: Articuno\n|-damage|p1a: Articuno|17\/100\n|-damage|p2b: \u00f1o\u00f1o|55\/100|[from] Recoil\n|\n|upkeep\n|turn|10\n|\n|t:|1700539598\n|move|p1b: Baxcalibur|Icicle Crash|p2b: \u00f1o\u00f1o\n|-damage|p2b: \u00f1o\u00f1o|10\/100\n|move|p1a: Articuno|Roost|p1a: Articuno\n|-heal|p1a: Articuno|67\/100\n|move|p2b: \u00f1o\u00f1o|Wild Charge|p1a: Articuno\n|-supereffective|p1a: Articuno\n|-damage|p1a: Articuno|0 fnt\n|faint|p1a: Articuno\n|-damage|p2b: \u00f1o\u00f1o|0 fnt|[from] Recoil\n|faint|p2b: \u00f1o\u00f1o\n|-end|p2b: \u00f1o\u00f1o|Quark Drive|[silent]\n|\n|win|casper6_14\n|raw|casper6_14's rating: 1084 &rarr; <strong>1110<\/strong><br \/>(+26 for winning)\n|raw|Tumbalacasamami2.0's rating: 1068 &rarr; <strong>1049<\/strong><br \/>(-19 for losing)\n","uploadtime":1700539610,"views":3,"p1id":"casper614","p2id":"tumbalacasamami20","formatid":"gen9vgc2023regulatione","rating":1049,"private":0,"password":""}