{"id":"gen9vgc2023regulatione-1992082687","p1":"BLizzy_Work","p2":"Paulsicle","format":"[Gen 9] VGC 2023 Regulation E","log":"|j|\u203dBLizzy_Work\n|j|\u2606Paulsicle\n|t:|1700153609\n|gametype|doubles\n|player|p1|BLizzy_Work|101|1025\n|player|p2|Paulsicle|baker|1132\n|teamsize|p1|6\n|teamsize|p2|6\n|gen|9\n|tier|[Gen 9] VGC 2023 Regulation E\n|rated|\n|rule|Species Clause: Limit one of each Pok\u00e9mon\n|rule|Item Clause: Limit one of each item\n|clearpoke\n|poke|p1|Roaring Moon, L50|\n|poke|p1|Arcanine-Hisui, L50, M|\n|poke|p1|Murkrow, L50, M|\n|poke|p1|Rillaboom, L50, F|\n|poke|p1|Gholdengo, L50|\n|poke|p1|Milotic, L50, M|\n|poke|p2|Urshifu-*, L50, F|\n|poke|p2|Farigiraf, L50, F|\n|poke|p2|Clefairy, L50, F|\n|poke|p2|Ogerpon-Hearthflame, L50, F|\n|poke|p2|Ursaluna-Bloodmoon, L50, M|\n|poke|p2|Okidogi, L50, M|\n|teampreview|4\n|\n|t:|1700153667\n|start\n|switch|p1a: Arcanine|Arcanine-Hisui, L50, M|100\/100\n|switch|p1b: Roaring Moon|Roaring Moon, L50|100\/100\n|switch|p2a: Farigiraf|Farigiraf, L50, F|100\/100\n|switch|p2b: Clefairy|Clefairy, L50, F|100\/100\n|-ability|p1a: Arcanine|Intimidate|boost\n|-unboost|p2a: Farigiraf|atk|1\n|-unboost|p2b: Clefairy|atk|1\n|-enditem|p1b: Roaring Moon|Booster Energy\n|-activate|p1b: Roaring Moon|ability: Protosynthesis|[fromitem]\n|-start|p1b: Roaring Moon|protosynthesisatk\n|turn|1\n|inactive|Battle timer is ON: inactive players will automatically lose when time's up. (requested by BLizzy_Work)\n|\n|t:|1700153692\n|-terastallize|p1b: Roaring Moon|Flying\n|move|p2b: Clefairy|Follow Me|p2b: Clefairy\n|-singleturn|p2b: Clefairy|move: Follow Me\n|move|p1b: Roaring Moon|Knock Off|p2b: Clefairy\n|-resisted|p2b: Clefairy\n|-damage|p2b: Clefairy|73\/100\n|-enditem|p2b: Clefairy|Eviolite|[from] move: Knock Off|[of] p1b: Roaring Moon\n|move|p1a: Arcanine|Howl|p1a: Arcanine|[spread] p1a,p1b\n|-boost|p1a: Arcanine|atk|1\n|-boost|p1b: Roaring Moon|atk|1\n|move|p2a: Farigiraf|Trick Room|p2a: Farigiraf\n|-fieldstart|move: Trick Room|[of] p2a: Farigiraf\n|\n|upkeep\n|turn|2\n|inactive|BLizzy_Work has 30 seconds left.\n|inactive|Paulsicle has 30 seconds left.\n|\n|t:|1700153724\n|move|p2b: Clefairy|Follow Me|p2b: Clefairy\n|-singleturn|p2b: Clefairy|move: Follow Me\n|move|p2a: Farigiraf|Nasty Plot|p2a: Farigiraf\n|-boost|p2a: Farigiraf|spa|2\n|move|p1a: Arcanine|Rock Slide|p2a: Farigiraf|[spread] p2a,p2b\n|-damage|p2a: Farigiraf|72\/100\n|-damage|p2b: Clefairy|25\/100\n|move|p1b: Roaring Moon|Knock Off|p2b: Clefairy\n|-resisted|p2b: Clefairy\n|-damage|p2b: Clefairy|0 fnt\n|faint|p2b: Clefairy\n|\n|upkeep\n|\n|t:|1700153738\n|switch|p2b: Ursaluna|Ursaluna-Bloodmoon, L50, M|100\/100\n|turn|3\n|\n|t:|1700153760\n|move|p1a: Arcanine|Protect|p1a: Arcanine\n|-singleturn|p1a: Arcanine|Protect\n|move|p1b: Roaring Moon|Protect|p1b: Roaring Moon\n|-singleturn|p1b: Roaring Moon|Protect\n|move|p2b: Ursaluna|Earth Power|p1a: Arcanine\n|-activate|p1a: Arcanine|move: Protect\n|move|p2a: Farigiraf|Psychic|p1b: Roaring Moon\n|-activate|p1b: Roaring Moon|move: Protect\n|\n|upkeep\n|turn|4\n|\n|t:|1700153780\n|switch|p1a: Milotic|Milotic, L50, M|100\/100\n|move|p2b: Ursaluna|Earth Power|p1a: Milotic\n|-damage|p1a: Milotic|42\/100\n|-damage|p2b: Ursaluna|91\/100|[from] item: Life Orb\n|move|p2a: Farigiraf|Psychic|p1b: Roaring Moon\n|-damage|p1b: Roaring Moon|39\/100\n|move|p1b: Roaring Moon|Acrobatics|p2b: Ursaluna\n|-damage|p2b: Ursaluna|9\/100\n|\n|-heal|p1a: Milotic|48\/100|[from] item: Leftovers\n|upkeep\n|turn|5\n|\n|t:|1700153800\n|move|p1a: Milotic|Protect|p1a: Milotic\n|-singleturn|p1a: Milotic|Protect\n|move|p1b: Roaring Moon|Protect|p1b: Roaring Moon\n|-singleturn|p1b: Roaring Moon|Protect\n|move|p2b: Ursaluna|Hyper Voice|p1a: Milotic|[spread] \n|-activate|p1a: Milotic|move: Protect\n|-activate|p1b: Roaring Moon|move: Protect\n|move|p2a: Farigiraf|Dazzling Gleam|p1a: Milotic|[spread] \n|-activate|p1a: Milotic|move: Protect\n|-activate|p1b: Roaring Moon|move: Protect\n|\n|-heal|p1a: Milotic|53\/100|[from] item: Leftovers\n|-fieldend|move: Trick Room\n|upkeep\n|turn|6\n|\n|t:|1700153818\n|move|p2b: Ursaluna|Protect|p2b: Ursaluna\n|-singleturn|p2b: Ursaluna|Protect\n|move|p1b: Roaring Moon|Breaking Swipe|p2a: Farigiraf|[spread] p2a\n|-activate|p2b: Ursaluna|move: Protect\n|-damage|p2a: Farigiraf|25\/100\n|-unboost|p2a: Farigiraf|atk|1\n|-enditem|p2a: Farigiraf|Sitrus Berry|[eat]\n|-heal|p2a: Farigiraf|50\/100|[from] item: Sitrus Berry\n|move|p1a: Milotic|Icy Wind|p2b: Ursaluna|[spread] p2a\n|-activate|p2b: Ursaluna|move: Protect\n|-damage|p2a: Farigiraf|39\/100\n|-unboost|p2a: Farigiraf|spe|1\n|move|p2a: Farigiraf|Trick Room|p2a: Farigiraf\n|-fieldstart|move: Trick Room|[of] p2a: Farigiraf\n|\n|-heal|p1a: Milotic|59\/100|[from] item: Leftovers\n|upkeep\n|turn|7\n|inactive|BLizzy_Work has 30 seconds left.\n|inactive|BLizzy_Work has 20 seconds left.\n|\n|t:|1700153855\n|move|p1b: Roaring Moon|Protect|p1b: Roaring Moon\n|-singleturn|p1b: Roaring Moon|Protect\n|move|p2b: Ursaluna|Hyper Voice|p1a: Milotic|[spread] p1a\n|-activate|p1b: Roaring Moon|move: Protect\n|-damage|p1a: Milotic|21\/100\n|-damage|p2b: Ursaluna|0 fnt|[from] item: Life Orb\n|faint|p2b: Ursaluna\n|move|p2a: Farigiraf|Nasty Plot|p2a: Farigiraf\n|-boost|p2a: Farigiraf|spa|2\n|move|p1a: Milotic|Icy Wind|p2a: Farigiraf\n|-damage|p2a: Farigiraf|23\/100\n|-unboost|p2a: Farigiraf|spe|1\n|\n|-heal|p1a: Milotic|27\/100|[from] item: Leftovers\n|upkeep\n|\n|t:|1700153873\n|switch|p2b: Okidogi|Okidogi, L50, M|100\/100\n|turn|8\n|\n|t:|1700153894\n|move|p1a: Milotic|Protect|p1a: Milotic\n|-singleturn|p1a: Milotic|Protect\n|move|p2a: Farigiraf|Dazzling Gleam|p1a: Milotic|[spread] p1b\n|-activate|p1a: Milotic|move: Protect\n|-damage|p1b: Roaring Moon|0 fnt\n|faint|p1b: Roaring Moon\n|-end|p1b: Roaring Moon|Protosynthesis|[silent]\n|move|p2b: Okidogi|Poison Jab|p1a: Milotic\n|-activate|p1a: Milotic|move: Protect\n|\n|-heal|p1a: Milotic|32\/100|[from] item: Leftovers\n|upkeep\n|\n|t:|1700153909\n|switch|p1b: Gholdengo|Gholdengo, L50|100\/100\n|turn|9\n|\n|t:|1700153931\n|move|p2a: Farigiraf|Dazzling Gleam|p1b: Gholdengo|[spread] p1a,p1b\n|-resisted|p1b: Gholdengo\n|-damage|p1a: Milotic|0 fnt\n|-damage|p1b: Gholdengo|68\/100\n|faint|p1a: Milotic\n|move|p2b: Okidogi|Snarl|p1b: Gholdengo\n|-supereffective|p1b: Gholdengo\n|-damage|p1b: Gholdengo|51\/100\n|-unboost|p1b: Gholdengo|spa|1\n|move|p1b: Gholdengo|Make It Rain|p2a: Farigiraf|[spread] p2a,p2b\n|-damage|p2a: Farigiraf|0 fnt\n|-damage|p2b: Okidogi|74\/100\n|-unboost|p1b: Gholdengo|spa|1\n|faint|p2a: Farigiraf\n|-damage|p1b: Gholdengo|41\/100|[from] item: Life Orb\n|\n|upkeep\n|\n|t:|1700153946\n|switch|p1a: Arcanine|Arcanine-Hisui, L50, M|100\/100\n|-ability|p1a: Arcanine|Intimidate|boost\n|-ability|p2b: Okidogi|Guard Dog|boost\n|-boost|p2b: Okidogi|atk|1\n|turn|10\n|\n|t:|1700153958\n|move|p1a: Arcanine|Protect|p1a: Arcanine\n|-singleturn|p1a: Arcanine|Protect\n|move|p1b: Gholdengo|Protect|p1b: Gholdengo\n|-singleturn|p1b: Gholdengo|Protect\n|move|p2b: Okidogi|Brick Break|p1a: Arcanine\n|-activate|p1a: Arcanine|move: Protect\n|\n|-fieldend|move: Trick Room\n|upkeep\n|turn|11\n|\n|t:|1700153977\n|-terastallize|p2b: Okidogi|Water\n|move|p1b: Gholdengo|Shadow Ball|p2b: Okidogi\n|-damage|p2b: Okidogi|55\/100\n|-unboost|p2b: Okidogi|spd|1\n|-damage|p1b: Gholdengo|32\/100|[from] item: Life Orb\n|move|p1a: Arcanine|Flare Blitz|p2b: Okidogi\n|-resisted|p2b: Okidogi\n|-damage|p2b: Okidogi|31\/100\n|-damage|p1a: Arcanine|91\/100|[from] Recoil\n|move|p2b: Okidogi|Brick Break|p1a: Arcanine\n|-supereffective|p1a: Arcanine\n|-damage|p1a: Arcanine|0 fnt\n|faint|p1a: Arcanine\n|\n|upkeep\n|turn|12\n|\n|t:|1700153996\n|move|p1b: Gholdengo|Shadow Ball|p2b: Okidogi\n|-damage|p2b: Okidogi|1\/100\n|-damage|p1b: Gholdengo|22\/100|[from] item: Life Orb\n|move|p2b: Okidogi|Snarl|p1b: Gholdengo\n|-supereffective|p1b: Gholdengo\n|-damage|p1b: Gholdengo|5\/100\n|-unboost|p1b: Gholdengo|spa|1\n|\n|upkeep\n|turn|13\n|\n|t:|1700154009\n|move|p1b: Gholdengo|Shadow Ball|p2b: Okidogi\n|-damage|p2b: Okidogi|0 fnt\n|faint|p2b: Okidogi\n|-damage|p1b: Gholdengo|0 fnt|[from] item: Life Orb\n|faint|p1b: Gholdengo\n|\n|win|BLizzy_Work\n|raw|BLizzy_Work's rating: 1025 &rarr; <strong>1072<\/strong><br \/>(+47 for winning)\n|raw|Paulsicle's rating: 1132 &rarr; <strong>1100<\/strong><br \/>(-32 for losing)\n","uploadtime":1700154020,"views":16,"p1id":"blizzywork","p2id":"paulsicle","formatid":"gen9vgc2023regulatione","rating":1072,"private":0,"password":""}