{"id":"gen9vgc2023regulatione-1997871747","p1":"Juan El Macho","p2":"SilvaGojan","format":"[Gen 9] VGC 2023 Regulation E","log":"|j|\u2606Juan El Macho\n|j|\u2606SilvaGojan\n|t:|1700862042\n|gametype|doubles\n|player|p1|Juan El Macho|169|1161\n|player|p2|SilvaGojan|morty-masters2|1167\n|teamsize|p1|6\n|teamsize|p2|6\n|gen|9\n|tier|[Gen 9] VGC 2023 Regulation E\n|rated|\n|rule|Species Clause: Limit one of each Pok\u00e9mon\n|rule|Item Clause: Limit one of each item\n|clearpoke\n|poke|p1|Tornadus, L50, M|\n|poke|p1|Landorus-Therian, L50, M|\n|poke|p1|Urshifu-*, L50, M|\n|poke|p1|Gholdengo, L50|\n|poke|p1|Amoonguss, L50, M|\n|poke|p1|Iron Hands, L50|\n|poke|p2|Chien-Pao, L50|\n|poke|p2|Murkrow, L50, M|\n|poke|p2|Lycanroc-Dusk, L50, M|\n|poke|p2|Dragapult, L50, F|\n|poke|p2|Shiftry, L50, M|\n|poke|p2|Urshifu-*, L50, M|\n|teampreview|4\n|\n|t:|1700862132\n|start\n|switch|p1a: Amoonguss|Amoonguss, L50, M, shiny|100\/100\n|switch|p1b: Gholdengo|Gholdengo, L50|100\/100\n|switch|p2a: Loki \ud83c\udccf|Murkrow, L50, M|100\/100\n|switch|p2b: Hades \ud83d\udc80|Dragapult, L50, F, shiny|100\/100\n|turn|1\n|\n|t:|1700862184\n|switch|p1a: Landorus|Landorus-Therian, L50, M, shiny|100\/100\n|-ability|p1a: Landorus|Intimidate|boost\n|-unboost|p2a: Loki \ud83c\udccf|atk|1\n|-fail|p2b: Hades \ud83d\udc80|unboost|[from] ability: Clear Body|[of] p2b: Hades \ud83d\udc80\n|-terastallize|p2b: Hades \ud83d\udc80|Psychic\n|move|p2a: Loki \ud83c\udccf|Tailwind|p2a: Loki \ud83c\udccf\n|-sidestart|p2: SilvaGojan|move: Tailwind\n|move|p2b: Hades \ud83d\udc80|Psychic Fangs|p1a: Landorus\n|-damage|p1a: Landorus|39\/100\n|-damage|p2b: Hades \ud83d\udc80|91\/100|[from] item: Life Orb\n|move|p1b: Gholdengo|Nasty Plot|p1b: Gholdengo\n|-boost|p1b: Gholdengo|spa|2\n|\n|upkeep\n|turn|2\n|\n|t:|1700862226\n|move|p2b: Hades \ud83d\udc80|Phantom Force||[still]\n|-prepare|p2b: Hades \ud83d\udc80|Phantom Force\n|move|p2a: Loki \ud83c\udccf|Foul Play|p1a: Landorus\n|-damage|p1a: Landorus|0 fnt\n|faint|p1a: Landorus\n|move|p1b: Gholdengo|Nasty Plot|p1b: Gholdengo\n|-boost|p1b: Gholdengo|spa|2\n|\n|upkeep\n|\n|t:|1700862242\n|switch|p1a: Amoonguss|Amoonguss, L50, M, shiny|100\/100\n|turn|3\n|\n|t:|1700862258\n|move|p1a: Amoonguss|Rage Powder|p1a: Amoonguss\n|-singleturn|p1a: Amoonguss|move: Rage Powder\n|move|p2a: Loki \ud83c\udccf|Haze|p2a: Loki \ud83c\udccf\n|-clearallboost\n|move|p2b: Hades \ud83d\udc80|Phantom Force|p1a: Amoonguss|[from]lockedmove\n|-damage|p1a: Amoonguss|49\/100\n|-damage|p2b: Hades \ud83d\udc80|74\/100|[from] item: Rocky Helmet|[of] p1a: Amoonguss\n|-damage|p2b: Hades \ud83d\udc80|64\/100|[from] item: Life Orb\n|move|p1b: Gholdengo|Make It Rain|p2a: Loki \ud83c\udccf|[spread] p2a,p2b\n|-damage|p2a: Loki \ud83c\udccf|0 fnt\n|-damage|p2b: Hades \ud83d\udc80|0 fnt\n|-unboost|p1b: Gholdengo|spa|1\n|faint|p2a: Loki \ud83c\udccf\n|faint|p2b: Hades \ud83d\udc80\n|\n|upkeep\n|\n|t:|1700862277\n|switch|p2b: Slayer \ud83e\udea1|Chien-Pao, L50|100\/100\n|switch|p2a: Night Frost \u2744\ufe0f|Lycanroc-Dusk, L50, M, shiny|100\/100\n|-ability|p2b: Slayer \ud83e\udea1|Sword of Ruin\n|turn|4\n|\n|t:|1700862310\n|-terastallize|p1a: Amoonguss|Water\n|move|p1a: Amoonguss|Rage Powder|p1a: Amoonguss\n|-singleturn|p1a: Amoonguss|move: Rage Powder\n|move|p2b: Slayer \ud83e\udea1|Throat Chop|p1b: Gholdengo\n|-supereffective|p1b: Gholdengo\n|-damage|p1b: Gholdengo|0 fnt\n|faint|p1b: Gholdengo\n|move|p2a: Night Frost \u2744\ufe0f|Rock Slide|p1a: Amoonguss\n|-damage|p1a: Amoonguss|0 fnt\n|faint|p1a: Amoonguss\n|\n|-sideend|p2: SilvaGojan|move: Tailwind\n|upkeep\n|\n|t:|1700862332\n|switch|p1a: Iron Hands|Iron Hands, L50|100\/100\n|turn|5\n|\n|t:|1700862341\n|move|p2b: Slayer \ud83e\udea1|Psychic Fangs|p1a: Iron Hands\n|-supereffective|p1a: Iron Hands\n|-damage|p1a: Iron Hands|44\/100\n|move|p2a: Night Frost \u2744\ufe0f|Rock Slide|p1a: Iron Hands\n|-resisted|p1a: Iron Hands\n|-damage|p1a: Iron Hands|18\/100\n|cant|p1a: Iron Hands|flinch\n|\n|upkeep\n|turn|6\n|\n|t:|1700862353\n|move|p2b: Slayer \ud83e\udea1|Psychic Fangs|p1a: Iron Hands\n|-supereffective|p1a: Iron Hands\n|-damage|p1a: Iron Hands|0 fnt\n|faint|p1a: Iron Hands\n|-end|p1a: Iron Hands|Quark Drive|[silent]\n|\n|win|SilvaGojan\n|raw|Juan El Macho's rating: 1161 &rarr; <strong>1136<\/strong><br \/>(-25 for losing)\n|raw|SilvaGojan's rating: 1167 &rarr; <strong>1192<\/strong><br \/>(+25 for winning)\n","uploadtime":1700862361,"views":3,"p1id":"juanelmacho","p2id":"silvagojan","formatid":"gen9vgc2023regulatione","rating":1136,"private":0,"password":""}