{"id":"gen9vgc2023regulatione-1989318256","p1":"maallinen","p2":"0l0f3rn3","format":"[Gen 9] VGC 2023 Regulation E","log":"|j|\u2606maallinen\n|j|\u26060l0f3rn3\n|t:|1699835750\n|gametype|doubles\n|player|p1|maallinen|pokefanf-gen4|1393\n|player|p2|0l0f3rn3|265|1453\n|teamsize|p1|6\n|teamsize|p2|6\n|gen|9\n|tier|[Gen 9] VGC 2023 Regulation E\n|rated|\n|rule|Species Clause: Limit one of each Pok\u00e9mon\n|rule|Item Clause: Limit one of each item\n|clearpoke\n|poke|p1|Landorus, L50, M|\n|poke|p1|Tornadus, L50, M|\n|poke|p1|Ogerpon-Hearthflame, L50, F|\n|poke|p1|Iron Hands, L50|\n|poke|p1|Urshifu-*, L50, M|\n|poke|p1|Rillaboom, L50, M|\n|poke|p2|Torkoal, L50, F|\n|poke|p2|Flutter Mane, L50|\n|poke|p2|Ursaluna, L50, M|\n|poke|p2|Iron Hands, L50|\n|poke|p2|Brute Bonnet, L50|\n|poke|p2|Farigiraf, L50, F|\n|teampreview|4\n|inactive|Battle timer is ON: inactive players will automatically lose when time's up. (requested by maallinen)\n|inactive|0l0f3rn3 has 60 seconds left.\n|\n|t:|1699835783\n|start\n|switch|p1a: Landizzle|Landorus, L50, M|100\/100\n|switch|p1b: Fiona-Hearthflame|Ogerpon-Hearthflame, L50, F|100\/100\n|switch|p2a: Brute Bonnet|Brute Bonnet, L50|100\/100\n|switch|p2b: Farigiraf|Farigiraf, L50, F|100\/100\n|-ability|p1b: Fiona-Hearthflame|Mold Breaker\n|turn|1\n|\n|t:|1699835799\n|-terastallize|p2a: Brute Bonnet|Rock\n|move|p2b: Farigiraf|Protect|p2b: Farigiraf\n|-singleturn|p2b: Farigiraf|Protect\n|move|p1a: Landizzle|Sludge Bomb|p2a: Brute Bonnet\n|-resisted|p2a: Brute Bonnet\n|-damage|p2a: Brute Bonnet|80\/100\n|move|p1b: Fiona-Hearthflame|Swords Dance|p1b: Fiona-Hearthflame\n|-boost|p1b: Fiona-Hearthflame|atk|2\n|move|p2a: Brute Bonnet|Tera Blast|p1b: Fiona-Hearthflame|[anim] Tera Blast Rock\n|-supereffective|p1b: Fiona-Hearthflame\n|-damage|p1b: Fiona-Hearthflame|7\/100\n|\n|upkeep\n|turn|2\n|inactive|maallinen has 30 seconds left.\n|\n|t:|1699835833\n|move|p1b: Fiona-Hearthflame|Spiky Shield|p1b: Fiona-Hearthflame\n|-singleturn|p1b: Fiona-Hearthflame|move: Protect\n|move|p2a: Brute Bonnet|Sucker Punch||[still]\n|-fail|p2a: Brute Bonnet\n|move|p1a: Landizzle|Sandsear Storm|p2b: Farigiraf|[spread] p2a,p2b\n|-supereffective|p2a: Brute Bonnet\n|-damage|p2a: Brute Bonnet|0 fnt\n|-damage|p2b: Farigiraf|49\/100\n|faint|p2a: Brute Bonnet\n|-end|p2a: Brute Bonnet|Protosynthesis|[silent]\n|move|p2b: Farigiraf|Trick Room|p2b: Farigiraf\n|-fieldstart|move: Trick Room|[of] p2b: Farigiraf\n|\n|upkeep\n|\n|t:|1699835845\n|switch|p2a: Ursaluna|Ursaluna, L50, M|100\/100\n|turn|3\n|\n|t:|1699835857\n|switch|p1a: Rillaboomer|Rillaboom, L50, M|100\/100\n|-fieldstart|move: Grassy Terrain|[from] ability: Grassy Surge|[of] p1a: Rillaboomer\n|move|p1b: Fiona-Hearthflame|Grassy Glide|p2a: Ursaluna\n|-supereffective|p2a: Ursaluna\n|-damage|p2a: Ursaluna|0 fnt\n|faint|p2a: Ursaluna\n|move|p2b: Farigiraf|Psychic|p1b: Fiona-Hearthflame\n|-damage|p1b: Fiona-Hearthflame|0 fnt\n|faint|p1b: Fiona-Hearthflame\n|\n|-heal|p2b: Farigiraf|55\/100|[from] Grassy Terrain\n|upkeep\n|\n|t:|1699835879\n|switch|p2a: Torkoal|Torkoal, L50, F|100\/100\n|switch|p1b: Just A Prank Bro|Tornadus, L50, M, shiny|100\/100\n|-weather|SunnyDay|[from] ability: Drought|[of] p2a: Torkoal\n|turn|4\n|\n|t:|1699835900\n|move|p1a: Rillaboomer|Protect|p1a: Rillaboomer\n|-singleturn|p1a: Rillaboomer|Protect\n|move|p1b: Just A Prank Bro|Rain Dance|p1b: Just A Prank Bro\n|-weather|RainDance\n|move|p2a: Torkoal|Eruption|p1a: Rillaboomer|[spread] p1b\n|-activate|p1a: Rillaboomer|move: Protect\n|-damage|p1b: Just A Prank Bro|77\/100\n|move|p2b: Farigiraf|Psychic|p1a: Rillaboomer\n|-activate|p1a: Rillaboomer|move: Protect\n|\n|-weather|RainDance|[upkeep]\n|-heal|p2b: Farigiraf|61\/100|[from] Grassy Terrain\n|upkeep\n|turn|5\n|-message|0l0f3rn3 forfeited.\n|\n|win|maallinen\n|raw|maallinen's rating: 1393 &rarr; <strong>1416<\/strong><br \/>(+23 for winning)\n|raw|0l0f3rn3's rating: 1453 &rarr; <strong>1430<\/strong><br \/>(-23 for losing)\n|l|\u26060l0f3rn3\n","uploadtime":1699835917,"views":15,"p1id":"maallinen","p2id":"0l0f3rn3","formatid":"gen9vgc2023regulatione","rating":1416,"private":0,"password":""}