{"id":"gen9vgc2023regulatione-1994329596","p1":"essence1112","p2":"juicy meta","format":"[Gen 9] VGC 2023 Regulation E","log":"|j|\u2606essence1112\n|j|\u2606juicy meta\n|t:|1700431743\n|gametype|doubles\n|player|p1|essence1112|265|1150\n|player|p2|juicy meta|266|1107\n|teamsize|p1|6\n|teamsize|p2|6\n|gen|9\n|tier|[Gen 9] VGC 2023 Regulation E\n|rated|\n|rule|Species Clause: Limit one of each Pok\u00e9mon\n|rule|Item Clause: Limit one of each item\n|clearpoke\n|poke|p1|Ninetales-Alola, L50, M|\n|poke|p1|Empoleon, L50, F|\n|poke|p1|Roaring Moon, L50|\n|poke|p1|Sinistcha, L50|\n|poke|p1|Urshifu-*, L50, M|\n|poke|p1|Arcanine-Hisui, L50, M|\n|poke|p2|Chandelure, L50, F|\n|poke|p2|Clefairy, L50, F|\n|poke|p2|Torkoal, L50, M|\n|poke|p2|Lilligant-Hisui, L50, F|\n|poke|p2|Cresselia, L50, F|\n|poke|p2|Greedent, L50, M|\n|teampreview|4\n|\n|t:|1700431770\n|start\n|switch|p1a: Roaring Moon|Roaring Moon, L50|100\/100\n|switch|p1b: Ninetales|Ninetales-Alola, L50, M|100\/100\n|switch|p2a: Greedent|Greedent, L50, M|100\/100\n|switch|p2b: Cresselia|Cresselia, L50, F|100\/100\n|-weather|Snow|[from] ability: Snow Warning|[of] p1b: Ninetales\n|-enditem|p1a: Roaring Moon|Booster Energy\n|-activate|p1a: Roaring Moon|ability: Protosynthesis|[fromitem]\n|-start|p1a: Roaring Moon|protosynthesisspe\n|turn|1\n|inactive|Battle timer is ON: inactive players will automatically lose when time's up. (requested by essence1112)\n|c|\u2606juicy meta|glhf\n|inactive|essence1112 has 60 seconds left.\n|\n|t:|1700431819\n|-terastallize|p1a: Roaring Moon|Flying\n|move|p2a: Greedent|Protect|p2a: Greedent\n|-singleturn|p2a: Greedent|Protect\n|move|p1a: Roaring Moon|Dragon Dance|p1a: Roaring Moon\n|-boost|p1a: Roaring Moon|atk|1\n|-boost|p1a: Roaring Moon|spe|1\n|move|p1b: Ninetales|Aurora Veil|p1b: Ninetales\n|-sidestart|p1: essence1112|move: Aurora Veil\n|move|p2b: Cresselia|Trick Room|p2b: Cresselia\n|-fieldstart|move: Trick Room|[of] p2b: Cresselia\n|\n|-weather|Snow|[upkeep]\n|upkeep\n|turn|2\n|inactive|juicy meta has 30 seconds left.\n|\n|t:|1700431845\n|switch|p1b: Sinistcha|Sinistcha, L50|100\/100\n|move|p1a: Roaring Moon|Protect|p1a: Roaring Moon\n|-singleturn|p1a: Roaring Moon|Protect\n|move|p2b: Cresselia|Ally Switch|p2b: Cresselia\n|swap|p2b: Cresselia|0|[from] move: Ally Switch\n|move|p2b: Greedent|Belly Drum|p2b: Greedent\n|-damage|p2b: Greedent|50\/100\n|-setboost|p2b: Greedent|atk|6|[from] move: Belly Drum\n|-enditem|p2b: Greedent|Sitrus Berry|[eat]\n|-heal|p2b: Greedent|75\/100|[from] item: Sitrus Berry\n|-heal|p2b: Greedent|100\/100|[from] ability: Cheek Pouch\n|\n|-weather|Snow|[upkeep]\n|upkeep\n|turn|3\n|inactive|essence1112 has 30 seconds left.\n|inactive|juicy meta has 30 seconds left.\n|\n|t:|1700431872\n|-terastallize|p2b: Greedent|Fairy\n|move|p1b: Sinistcha|Rage Powder|p1b: Sinistcha\n|-singleturn|p1b: Sinistcha|move: Rage Powder\n|move|p2b: Greedent|Crunch|p1b: Sinistcha\n|-supereffective|p1b: Sinistcha\n|-damage|p1b: Sinistcha|0 fnt\n|-damage|p2b: Greedent|84\/100|[from] item: Rocky Helmet|[of] p1b: Sinistcha\n|faint|p1b: Sinistcha\n|move|p2a: Cresselia|Psychic|p1a: Roaring Moon\n|-damage|p1a: Roaring Moon|81\/100\n|-unboost|p1a: Roaring Moon|spd|1\n|move|p1a: Roaring Moon|Acrobatics|p2a: Cresselia\n|-damage|p2a: Cresselia|46\/100\n|\n|-weather|Snow|[upkeep]\n|-heal|p2a: Cresselia|52\/100|[from] item: Leftovers\n|upkeep\n|\n|t:|1700431895\n|switch|p1b: Arcanine|Arcanine-Hisui, L50, M|100\/100\n|-ability|p1b: Arcanine|Intimidate|boost\n|-unboost|p2a: Cresselia|atk|1\n|-unboost|p2b: Greedent|atk|1\n|turn|4\n|\n|t:|1700431903\n|move|p1a: Roaring Moon|Protect|p1a: Roaring Moon\n|-singleturn|p1a: Roaring Moon|Protect\n|move|p2a: Cresselia|Ally Switch|p2a: Cresselia\n|swap|p2a: Cresselia|1|[from] move: Ally Switch\n|move|p2a: Greedent|Crunch|p1a: Roaring Moon\n|-activate|p1a: Roaring Moon|move: Protect\n|move|p1b: Arcanine|Rock Slide|p2b: Cresselia|[spread] p2a,p2b\n|-damage|p2a: Greedent|62\/100\n|-damage|p2b: Cresselia|37\/100\n|\n|-weather|Snow|[upkeep]\n|-heal|p2b: Cresselia|43\/100|[from] item: Leftovers\n|upkeep\n|turn|5\n|\n|t:|1700431925\n|move|p1b: Arcanine|Extreme Speed|p2a: Greedent\n|-damage|p2a: Greedent|40\/100\n|move|p2a: Greedent|Crunch|p1a: Roaring Moon\n|-damage|p1a: Roaring Moon|18\/100\n|move|p2b: Cresselia|Psychic|p1b: Arcanine\n|-crit|p1b: Arcanine\n|-damage|p1b: Arcanine|63\/100\n|move|p1a: Roaring Moon|Acrobatics|p2a: Greedent\n|-damage|p2a: Greedent|0 fnt\n|faint|p2a: Greedent\n|\n|-weather|none\n|-heal|p2b: Cresselia|50\/100|[from] item: Leftovers\n|-fieldend|move: Trick Room\n|upkeep\n|\n|t:|1700431943\n|switch|p2a: Chandelure|Chandelure, L50, F|100\/100\n|turn|6\n|inactive|juicy meta has 30 seconds left.\n|inactive|juicy meta has 20 seconds left.\n|inactive|juicy meta has 15 seconds left.\n|\n|t:|1700431984\n|move|p1a: Roaring Moon|Acrobatics|p2b: Cresselia\n|-damage|p2b: Cresselia|0 fnt\n|faint|p2b: Cresselia\n|move|p1b: Arcanine|Rock Slide|p2a: Chandelure\n|-supereffective|p2a: Chandelure\n|-damage|p2a: Chandelure|23\/100\n|move|p2a: Chandelure|Shadow Ball|p1a: Roaring Moon\n|-damage|p1a: Roaring Moon|0 fnt\n|faint|p1a: Roaring Moon\n|-end|p1a: Roaring Moon|Protosynthesis|[silent]\n|-damage|p2a: Chandelure|13\/100|[from] item: Life Orb\n|\n|upkeep\n|\n|t:|1700431997\n|switch|p1a: Ninetales|Ninetales-Alola, L50, M|100\/100\n|switch|p2b: Torkoal|Torkoal, L50, M|100\/100\n|-weather|Snow|[from] ability: Snow Warning|[of] p1a: Ninetales\n|-weather|SunnyDay|[from] ability: Drought|[of] p2b: Torkoal\n|turn|7\n|\n|t:|1700432016\n|move|p2a: Chandelure|Protect|p2a: Chandelure\n|-singleturn|p2a: Chandelure|Protect\n|move|p1a: Ninetales|Moonblast|p2b: Torkoal\n|-resisted|p2b: Torkoal\n|-damage|p2b: Torkoal|83\/100\n|move|p1b: Arcanine|Rock Slide|p2b: Torkoal|[spread] p2b\n|-activate|p2a: Chandelure|move: Protect\n|-supereffective|p2b: Torkoal\n|-damage|p2b: Torkoal|44\/100\n|move|p2b: Torkoal|Earth Power|p1b: Arcanine\n|-supereffective|p1b: Arcanine\n|-damage|p1b: Arcanine|0 fnt\n|faint|p1b: Arcanine\n|\n|-weather|SunnyDay|[upkeep]\n|upkeep\n|turn|8\n|\n|t:|1700432040\n|move|p1a: Ninetales|Protect|p1a: Ninetales\n|-singleturn|p1a: Ninetales|Protect\n|move|p2a: Chandelure|Overheat|p1a: Ninetales\n|-activate|p1a: Ninetales|move: Protect\n|move|p2b: Torkoal|Heat Wave|p1a: Ninetales\n|-activate|p1a: Ninetales|move: Protect\n|\n|-weather|SunnyDay|[upkeep]\n|-sideend|p1: essence1112|move: Aurora Veil\n|upkeep\n|turn|9\n|\n|t:|1700432057\n|move|p1a: Ninetales|Moonblast|p2a: Chandelure\n|-resisted|p2a: Chandelure\n|-damage|p2a: Chandelure|0 fnt\n|faint|p2a: Chandelure\n|move|p2b: Torkoal|Heat Wave|p1a: Ninetales\n|-supereffective|p1a: Ninetales\n|-damage|p1a: Ninetales|0 fnt\n|faint|p1a: Ninetales\n|\n|win|juicy meta\n|raw|essence1112's rating: 1150 &rarr; <strong>1122<\/strong><br \/>(-28 for losing)\n|raw|juicy meta's rating: 1107 &rarr; <strong>1135<\/strong><br \/>(+28 for winning)\n|l|\u2606essence1112\n","uploadtime":1700432068,"views":22,"p1id":"essence1112","p2id":"juicymeta","formatid":"gen9vgc2023regulatione","rating":1122,"private":0,"password":""}