{"id":"gen9vgc2023regulatione-1998659978","p1":"That_Leek","p2":"Achoque14","format":"[Gen 9] VGC 2023 Regulation E","log":"|j|\u2606That_Leek\n|j|\u2606Achoque14\n|t:|1700968880\n|gametype|doubles\n|player|p1|That_Leek|blue|1478\n|player|p2|Achoque14|2|1514\n|teamsize|p1|6\n|teamsize|p2|6\n|gen|9\n|tier|[Gen 9] VGC 2023 Regulation E\n|rated|\n|rule|Species Clause: Limit one of each Pok\u00e9mon\n|rule|Item Clause: Limit one of each item\n|clearpoke\n|poke|p1|Gholdengo, L50|\n|poke|p1|Ogerpon-Wellspring, L50, F|\n|poke|p1|Arcanine-Hisui, L50, F|\n|poke|p1|Chien-Pao, L50|\n|poke|p1|Scream Tail, L50|\n|poke|p1|Dragonite, L50, M|\n|poke|p2|Weezing, L50, M|\n|poke|p2|Roaring Moon, L50|\n|poke|p2|Arcanine-Hisui, L50, M|\n|poke|p2|Chien-Pao, L50|\n|poke|p2|Iron Hands, L50|\n|poke|p2|Gholdengo, L50|\n|teampreview|4\nThat_Leek has agreed to open team sheets.\n|inactive|Battle timer is ON: inactive players will automatically lose when time's up. (requested by Achoque14)\n|\n|t:|1700968925\n|start\n|switch|p1a: Scream Tail|Scream Tail, L50|100\/100\n|switch|p1b: Gholdengo|Gholdengo, L50|100\/100\n|switch|p2a: Roaring Moon|Roaring Moon, L50|100\/100\n|switch|p2b: Weezing|Weezing, L50, M|100\/100\n|-ability|p2b: Weezing|Neutralizing Gas\n|-enditem|p2a: Roaring Moon|Booster Energy\n|-activate|p2a: Roaring Moon|ability: Protosynthesis|[fromitem]\n|-start|p2a: Roaring Moon|protosynthesisspe\n|-enditem|p1a: Scream Tail|Booster Energy\n|-activate|p1a: Scream Tail|ability: Protosynthesis|[fromitem]\n|-start|p1a: Scream Tail|protosynthesisspe\n|turn|1\n|inactive|That_Leek has 30 seconds left.\n|inactive|That_Leek has 20 seconds left.\n|inactive|That_Leek has 15 seconds left.\n|inactive|That_Leek has 10 seconds left.\n|inactive|That_Leek has 5 seconds left.\n|\n|t:|1700968978\n|-terastallize|p2a: Roaring Moon|Flying\n|move|p1b: Gholdengo|Protect|p1b: Gholdengo\n|-singleturn|p1b: Gholdengo|Protect\n|move|p2a: Roaring Moon|Knock Off|p1b: Gholdengo\n|-activate|p1b: Gholdengo|move: Protect\n|move|p1a: Scream Tail|Thunder Wave|p2a: Roaring Moon\n|-status|p2a: Roaring Moon|par\n|move|p2b: Weezing|Gunk Shot|p1a: Scream Tail\n|-supereffective|p1a: Scream Tail\n|-damage|p1a: Scream Tail|46\/100\n|\n|upkeep\n|turn|2\n|inactive|Achoque14 has 30 seconds left.\n|\n|t:|1700969010\n|move|p1a: Scream Tail|Disable|p2a: Roaring Moon\n|-start|p2a: Roaring Moon|Disable|Knock Off\n|cant|p2a: Roaring Moon|Disable|Knock Off\n|move|p1b: Gholdengo|Nasty Plot|p1b: Gholdengo\n|-boost|p1b: Gholdengo|spa|2\n|move|p2b: Weezing|Gunk Shot|p1a: Scream Tail|[miss]\n|-miss|p2b: Weezing|p1a: Scream Tail\n|\n|upkeep\n|turn|3\n|\n|t:|1700969026\n|move|p2b: Weezing|Protect|p2b: Weezing\n|-singleturn|p2b: Weezing|Protect\n|move|p1a: Scream Tail|Disable|p2b: Weezing\n|-activate|p2b: Weezing|move: Protect\n|move|p2a: Roaring Moon|Tailwind|p2a: Roaring Moon\n|-sidestart|p2: Achoque14|move: Tailwind\n|move|p1b: Gholdengo|Nasty Plot|p1b: Gholdengo\n|-boost|p1b: Gholdengo|spa|2\n|\n|upkeep\n|turn|4\n|\n|t:|1700969043\n|move|p2a: Roaring Moon|Aerial Ace|p1a: Scream Tail\n|-damage|p1a: Scream Tail|24\/100\n|move|p1a: Scream Tail|Thunder Wave|p2b: Weezing\n|-status|p2b: Weezing|par\n|move|p1b: Gholdengo|Make It Rain|p2a: Roaring Moon|[spread] p2a,p2b\n|-damage|p2a: Roaring Moon|0 fnt\n|-damage|p2b: Weezing|0 fnt\n|-unboost|p1b: Gholdengo|spa|1\n|faint|p2a: Roaring Moon\n|-end|p2a: Roaring Moon|Protosynthesis|[silent]\n|faint|p2b: Weezing\n|-end|p2b: Weezing|ability: Neutralizing Gas\n|\n|upkeep\n|\n|t:|1700969055\n|switch|p2a: Iron Hands|Iron Hands, L50|100\/100\n|switch|p2b: Arcanine|Arcanine-Hisui, L50, M|100\/100\n|-ability|p2b: Arcanine|Intimidate|boost\n|-unboost|p1a: Scream Tail|atk|1\n|-unboost|p1b: Gholdengo|atk|1\n|turn|5\n|\n|t:|1700969075\n|move|p1b: Gholdengo|Protect|p1b: Gholdengo\n|-singleturn|p1b: Gholdengo|Protect\n|move|p2b: Arcanine|Flare Blitz|p1b: Gholdengo\n|-activate|p1b: Gholdengo|move: Protect\n|move|p1a: Scream Tail|Thunder Wave|p2b: Arcanine\n|-status|p2b: Arcanine|par\n|move|p2a: Iron Hands|Heavy Slam|p1a: Scream Tail\n|-supereffective|p1a: Scream Tail\n|-damage|p1a: Scream Tail|0 fnt\n|faint|p1a: Scream Tail\n|-end|p1a: Scream Tail|Protosynthesis|[silent]\n|\n|upkeep\n|\n|t:|1700969077\n|switch|p1a: Arcanine|Arcanine-Hisui, L50, F|100\/100\n|-ability|p1a: Arcanine|Intimidate|boost\n|-unboost|p2a: Iron Hands|atk|1\n|-unboost|p2b: Arcanine|atk|1\n|turn|6\n|\n|t:|1700969093\n|switch|p1a: Ogerpon|Ogerpon-Wellspring, L50, F|100\/100\n|move|p1b: Gholdengo|Protect||[still]\n|-fail|p1b: Gholdengo\n|move|p2a: Iron Hands|Drain Punch|p1a: Ogerpon\n|-damage|p1a: Ogerpon|73\/100\n|cant|p2b: Arcanine|par\n|\n|-sideend|p2: Achoque14|move: Tailwind\n|upkeep\n|turn|7\n|\n|t:|1700969107\n|switch|p1a: Arcanine|Arcanine-Hisui, L50, F|100\/100\n|-ability|p1a: Arcanine|Intimidate|boost\n|-unboost|p2a: Iron Hands|atk|1\n|-unboost|p2b: Arcanine|atk|1\n|move|p1b: Gholdengo|Make It Rain|p2b: Arcanine|[spread] p2a,p2b\n|-resisted|p2a: Iron Hands\n|-damage|p2a: Iron Hands|68\/100\n|-damage|p2b: Arcanine|0 fnt\n|-unboost|p1b: Gholdengo|spa|1\n|faint|p2b: Arcanine\n|move|p2a: Iron Hands|Wild Charge|p1b: Gholdengo\n|-damage|p1b: Gholdengo|75\/100\n|-damage|p2a: Iron Hands|63\/100|[from] Recoil\n|\n|upkeep\n|turn|8\n|-message|Achoque14 forfeited.\n|\n|win|That_Leek\n|raw|That_Leek's rating: 1466 &rarr; <strong>1489<\/strong><br \/>(+23 for winning)\n|raw|Achoque14's rating: 1514 &rarr; <strong>1491<\/strong><br \/>(-23 for losing)\n|l|\u2606Achoque14\n","uploadtime":1700969144,"views":1,"p1id":"thatleek","p2id":"achoque14","formatid":"gen9vgc2023regulatione","rating":1489,"private":0,"password":""}