{"id":"gen9vgc2023regulatione-1988711710","p1":"A01562026","p2":"EverCoop","format":"[Gen 9] VGC 2023 Regulation E","log":"|j|\u2606A01562026\n|j|\u2606EverCoop\n|t:|1699753635\n|gametype|doubles\n|player|p1|A01562026|169|1499\n|player|p2|EverCoop|blue-gen1rbchampion|1591\n|teamsize|p1|6\n|teamsize|p2|6\n|gen|9\n|tier|[Gen 9] VGC 2023 Regulation E\n|rated|\n|rule|Species Clause: Limit one of each Pok\u00e9mon\n|rule|Item Clause: Limit one of each item\n|clearpoke\n|poke|p1|Grimmsnarl, L50, M|\n|poke|p1|Moltres-Galar, L50|\n|poke|p1|Sinistcha-Masterpiece, L50|\n|poke|p1|Gyarados, L50, F|\n|poke|p1|Clodsire, L50, M|\n|poke|p1|Annihilape, L50, F|\n|poke|p2|Dragonite, L50, F|\n|poke|p2|Chien-Pao, L50|\n|poke|p2|Orthworm, L50, F|\n|poke|p2|Iron Moth, L50|\n|poke|p2|Rotom-Wash, L50|\n|poke|p2|Sinistcha-Masterpiece, L50|\n|teampreview|4\n|inactive|Battle timer is ON: inactive players will automatically lose when time's up. (requested by EverCoop)\n|l|\u2606A01562026\n|inactive|A01562026 disconnected and has a minute to reconnect!\n|player|p1|\n|j| White653\n|j|\u2606A01562026\n|inactive|A01562026 reconnected and has 70 seconds left.\n|player|p1|A01562026|169\n|inactive|A01562026 has 60 seconds left.\n|\n|t:|1699753696\n|start\n|switch|p1a: Grimmsnarl|Grimmsnarl, L50, M|100\/100\n|switch|p1b: Moltres|Moltres-Galar, L50|100\/100\n|switch|p2a: Dragonite|Dragonite, L50, F|100\/100\n|switch|p2b: Rotom|Rotom-Wash, L50|100\/100\n|turn|1\n|j| mighty dozo\n|inactive|A01562026 has 30 seconds left.\n|\n|t:|1699753722\n|-terastallize|p2a: Dragonite|Normal\n|move|p1b: Moltres|Protect|p1b: Moltres\n|-singleturn|p1b: Moltres|Protect\n|move|p1a: Grimmsnarl|Reflect|p1a: Grimmsnarl\n|-sidestart|p1: A01562026|Reflect\n|move|p2b: Rotom|Thunderbolt|p1b: Moltres\n|-activate|p1b: Moltres|move: Protect\n|move|p2a: Dragonite|Iron Head|p1a: Grimmsnarl\n|-supereffective|p1a: Grimmsnarl\n|-damage|p1a: Grimmsnarl|61\/100\n|\n|upkeep\n|turn|2\n|\n|t:|1699753739\n|move|p1a: Grimmsnarl|Light Screen|p1a: Grimmsnarl\n|-sidestart|p1: A01562026|move: Light Screen\n|move|p1b: Moltres|Nasty Plot|p1b: Moltres\n|-boost|p1b: Moltres|spa|2\n|move|p2b: Rotom|Thunderbolt|p1b: Moltres\n|-supereffective|p1b: Moltres\n|-damage|p1b: Moltres|60\/100\n|move|p2a: Dragonite|Iron Head|p1a: Grimmsnarl\n|-supereffective|p1a: Grimmsnarl\n|-damage|p1a: Grimmsnarl|18\/100\n|\n|upkeep\n|turn|3\n|\n|t:|1699753759\n|move|p2a: Dragonite|Extreme Speed|p1a: Grimmsnarl\n|-damage|p1a: Grimmsnarl|0 fnt\n|faint|p1a: Grimmsnarl\n|move|p1b: Moltres|Fiery Wrath|p2b: Rotom|[spread] p2a,p2b\n|-damage|p2a: Dragonite|81\/100\n|-damage|p2b: Rotom|32\/100\n|move|p2b: Rotom|Thunderbolt|p1b: Moltres\n|-supereffective|p1b: Moltres\n|-damage|p1b: Moltres|17\/100\n|-ability|p1b: Moltres|Berserk|boost\n|-boost|p1b: Moltres|spa|1\n|-enditem|p1b: Moltres|Sitrus Berry|[eat]\n|-heal|p1b: Moltres|42\/100|[from] item: Sitrus Berry\n|\n|upkeep\n|\n|t:|1699753772\n|switch|p1a: Sinistcha|Sinistcha-Masterpiece, L50|100\/100\n|-heal|p1b: Moltres|67\/100|[from] ability: Hospitality|[of] p1a: Sinistcha\n|turn|4\n|\n|t:|1699753783\n|switch|p2b: Sinistcha|Sinistcha-Masterpiece, L50|100\/100\n|-heal|p2a: Dragonite|100\/100|[from] ability: Hospitality|[of] p2b: Sinistcha\n|move|p1b: Moltres|Fiery Wrath|p2a: Dragonite|[spread] p2a,p2b\n|-supereffective|p2b: Sinistcha\n|-damage|p2a: Dragonite|73\/100\n|-damage|p2b: Sinistcha|0 fnt\n|faint|p2b: Sinistcha\n|move|p2a: Dragonite|Ice Spinner|p1a: Sinistcha\n|-supereffective|p1a: Sinistcha\n|-damage|p1a: Sinistcha|63\/100\n|-damage|p2a: Dragonite|56\/100|[from] item: Rocky Helmet|[of] p1a: Sinistcha\n|move|p1a: Sinistcha|Trick Room|p1a: Sinistcha\n|-fieldstart|move: Trick Room|[of] p1a: Sinistcha\n|\n|upkeep\n|\n|t:|1699753807\n|switch|p2b: Rotom|Rotom-Wash, L50|32\/100\n|turn|5\n|\n|t:|1699753813\n|move|p2a: Dragonite|Extreme Speed|p1b: Moltres\n|-damage|p1b: Moltres|39\/100\n|-ability|p1b: Moltres|Berserk|boost\n|-boost|p1b: Moltres|spa|1\n|move|p1a: Sinistcha|Matcha Gotcha|p2b: Rotom|[spread] p2b\n|-miss|p1a: Sinistcha|p2a: Dragonite\n|-supereffective|p2b: Rotom\n|-damage|p2b: Rotom|0 fnt\n|-heal|p1a: Sinistcha|77\/100|[from] drain|[of] p2b: Rotom\n|faint|p2b: Rotom\n|move|p1b: Moltres|Fiery Wrath|p2a: Dragonite\n|-damage|p2a: Dragonite|0 fnt\n|faint|p2a: Dragonite\n|\n|upkeep\n|\n|t:|1699753825\n|switch|p2b: Chien-Pao|Chien-Pao, L50|100\/100\n|-ability|p2b: Chien-Pao|Sword of Ruin\n|turn|6\n|-message|EverCoop forfeited.\n|\n|win|A01562026\n|raw|A01562026's rating: 1499 &rarr; <strong>1524<\/strong><br \/>(+25 for winning)\n|raw|EverCoop's rating: 1591 &rarr; <strong>1566<\/strong><br \/>(-25 for losing)\n|l|\u2606EverCoop\n","uploadtime":1699753833,"views":15,"p1id":"a01562026","p2id":"evercoop","formatid":"gen9vgc2023regulatione","rating":1524,"private":0,"password":""}