{"id":"gen9vgc2023regulatione-1988155725","p1":"ScorchSb","p2":"linguss","format":"[Gen 9] VGC 2023 Regulation E","log":"|j|\u2606ScorchSb\n|j|\u2606linguss\n|n|\u2606ScorchSb|scorchsb\n|n|\u2606linguss|linguss\n|html|View the match progress at <a href=\"\/game-bestof3-gen9vgc2023regulatione-1988155724\">game-bestof3-gen9vgc2023regulatione-1988155724<\/a>\n|t:|1699676759\n|gametype|doubles\n|player|p1|ScorchSb|1|\n|player|p2|linguss|101|\n|teamsize|p1|6\n|teamsize|p2|6\n|gen|9\n|tier|[Gen 9] VGC 2023 Regulation E\n|rule|Species Clause: Limit one of each Pok\u00e9mon\n|rule|Item Clause: Limit one of each item\n|clearpoke\n|poke|p1|Landorus-Therian, L50, M|\n|poke|p1|Regieleki, L50|\n|poke|p1|Talonflame, L50, M|\n|poke|p1|Pincurchin, L50, F|\n|poke|p1|Zoroark-Hisui, L50, F|\n|poke|p1|Palafin, L50, F|\n|poke|p2|Roaring Moon, L50|\n|poke|p2|Ogerpon, L50, F|\n|poke|p2|Okidogi, L50, M|\n|poke|p2|Azumarill, L50, F|\n|poke|p2|Armarouge, L50, F|\n|poke|p2|Sandy Shocks, L50|\n|teampreview|4\n|c|\u2606linguss|aight you ready?\n|c|\u2606ScorchSb|yee\nScorchSb rejected open team sheets.\n|c|\u2606linguss|ok glhf\n|c|\u2606ScorchSb|glhf\n|\n|t:|1699676821\n|start\n|switch|p1a: Regieleki|Regieleki, L50|100\/100\n|switch|p1b: Palafin|Palafin, L50, F|100\/100\n|switch|p2a: Sandy Shocks|Sandy Shocks, L50|100\/100\n|switch|p2b: Roaring Moon|Roaring Moon, L50|100\/100\n|-enditem|p2b: Roaring Moon|Booster Energy\n|-activate|p2b: Roaring Moon|ability: Protosynthesis|[fromitem]\n|-start|p2b: Roaring Moon|protosynthesisspe\n|turn|1\n|\n|t:|1699676848\n|detailschange|p1b: Palafin|Palafin-Hero, L50, F\n|switch|p1b: Pincurchin|Pincurchin, L50, F|100\/100\n|-fieldstart|move: Electric Terrain|[from] ability: Electric Surge|[of] p1b: Pincurchin\n|move|p1a: Regieleki|Electroweb|p2a: Sandy Shocks|[spread] p2b\n|-immune|p2a: Sandy Shocks\n|-resisted|p2b: Roaring Moon\n|-damage|p2b: Roaring Moon|90\/100\n|-unboost|p2b: Roaring Moon|spe|1\n|move|p2a: Sandy Shocks|Volt Switch|p1a: Regieleki\n|-resisted|p1a: Regieleki\n|-damage|p1a: Regieleki|51\/100\n|\n|t:|1699676866\n|-end|p2a: Sandy Shocks|Protosynthesis|[silent]\n|switch|p2a: Ogerpon|Ogerpon, L50, F|100\/100|[from] Volt Switch\n|move|p2b: Roaring Moon|Knock Off|p1a: Regieleki\n|-damage|p1a: Regieleki|0 fnt\n|-enditem|p1a: Regieleki|Focus Sash|[from] move: Knock Off|[of] p2b: Roaring Moon\n|faint|p1a: Regieleki\n|\n|upkeep\n|\n|t:|1699676876\n|switch|p1a: Landorus|Landorus-Therian, L50, M|100\/100\n|-ability|p1a: Landorus|Intimidate|boost\n|-unboost|p2a: Ogerpon|atk|1\n|-ability|p2a: Ogerpon|Defiant|boost\n|-boost|p2a: Ogerpon|atk|2\n|-unboost|p2b: Roaring Moon|atk|1\n|turn|2\n|\n|t:|1699676893\n|move|p2a: Ogerpon|Spiky Shield|p2a: Ogerpon\n|-singleturn|p2a: Ogerpon|move: Protect\n|move|p2b: Roaring Moon|Tailwind|p2b: Roaring Moon\n|-sidestart|p2: linguss|move: Tailwind\n|move|p1a: Landorus|Rock Slide|p2b: Roaring Moon|[spread] p2b\n|-activate|p2a: Ogerpon|move: Protect\n|-damage|p2b: Roaring Moon|65\/100\n|move|p1b: Pincurchin|Discharge|p2b: Roaring Moon|[spread] p2b\n|-activate|p2a: Ogerpon|move: Protect\n|-immune|p1a: Landorus\n|-resisted|p2b: Roaring Moon\n|-damage|p2b: Roaring Moon|54\/100\n|-status|p2b: Roaring Moon|par\n|\n|upkeep\n|turn|3\n|\n|t:|1699676932\n|-end|p2b: Roaring Moon|Protosynthesis|[silent]\n|switch|p2b: Sandy Shocks|Sandy Shocks, L50|100\/100\n|move|p1b: Pincurchin|Sucker Punch||[still]\n|-fail|p1b: Pincurchin\n|move|p2a: Ogerpon|Ivy Cudgel|p1a: Landorus\n|-damage|p1a: Landorus|14\/100\n|move|p1a: Landorus|Stomping Tantrum|p2a: Ogerpon\n|-resisted|p2a: Ogerpon\n|-damage|p2a: Ogerpon|75\/100\n|\n|upkeep\n|turn|4\n|\n|t:|1699676956\n|switch|p1a: Palafin|Palafin-Hero, L50, F|100\/100\n|-activate|p1a: Palafin|ability: Zero to Hero\n|move|p1b: Pincurchin|Sucker Punch|p2a: Ogerpon\n|-damage|p2a: Ogerpon|59\/100\n|move|p2b: Sandy Shocks|Earth Power|p1b: Pincurchin\n|-supereffective|p1b: Pincurchin\n|-damage|p1b: Pincurchin|0 fnt\n|faint|p1b: Pincurchin\n|move|p2a: Ogerpon|Ivy Cudgel|p1a: Palafin\n|-supereffective|p1a: Palafin\n|-damage|p1a: Palafin|0 fnt\n|faint|p1a: Palafin\n|\n|upkeep\n|\n|t:|1699676970\n|switch|p1a: Landorus|Landorus-Therian, L50, M|14\/100\n|-ability|p1a: Landorus|Intimidate|boost\n|-unboost|p2a: Ogerpon|atk|1\n|-ability|p2a: Ogerpon|Defiant|boost\n|-boost|p2a: Ogerpon|atk|2\n|-unboost|p2b: Sandy Shocks|atk|1\n|turn|5\n|\n|t:|1699676982\n|move|p2b: Sandy Shocks|Earth Power|p1a: Landorus\n|-immune|p1a: Landorus\n|move|p2a: Ogerpon|Ivy Cudgel|p1a: Landorus\n|-damage|p1a: Landorus|0 fnt\n|faint|p1a: Landorus\n|\n|win|linguss\n|inactive|ScorchSb has 50 seconds to confirm battle start!\n|inactive|linguss has 50 seconds to confirm battle start!\n|c|&|\/uhtml prompt-scorchsb,ScorchSb is ready for game 2!\n|c|&|\/uhtml prompt-linguss,linguss is ready for game 2!\nBoth players are ready! Starting next match!\n","uploadtime":1699677474,"views":52,"p1id":"scorchsb","p2id":"linguss","formatid":"gen9vgc2023regulatione","rating":0,"private":0,"password":""}