{"id":"gen9vgc2023regulatione-2000639367","p1":"slyck.VGC","p2":"AJay_13","format":"[Gen 9] VGC 2023 Regulation E","log":"|j|\u2606slyck.VGC\n|j|\u2606AJay_13\n|t:|1701213349\n|gametype|doubles\n|player|p1|slyck.VGC|dragontamer|1178\n|player|p2|AJay_13|n|1267\n|teamsize|p1|6\n|teamsize|p2|6\n|gen|9\n|tier|[Gen 9] VGC 2023 Regulation E\n|rated|\n|rule|Species Clause: Limit one of each Pok\u00e9mon\n|rule|Item Clause: Limit one of each item\n|clearpoke\n|poke|p1|Pelipper, L50, M|\n|poke|p1|Ludicolo, L50, M|\n|poke|p1|Urshifu-*, L50, F|\n|poke|p1|Scizor, L50, M|\n|poke|p1|Arcanine-Hisui, L50, M|\n|poke|p1|Cresselia, L50, F|\n|poke|p2|Iron Hands, L50|\n|poke|p2|Sinistcha, L50|\n|poke|p2|Arcanine-Hisui, L50, F|\n|poke|p2|Moltres-Galar, L50|\n|poke|p2|Iron Bundle, L50|\n|poke|p2|Ninetales-Alola, L50, M|\n|teampreview|4\n|inactive|Battle timer is ON: inactive players will automatically lose when time's up. (requested by slyck.VGC)\n|inactive|AJay_13 has 60 seconds left.\n|\n|t:|1701213380\n|start\n|switch|p1a: Pelipper|Pelipper, L50, M|100\/100\n|switch|p1b: Ludicolo|Ludicolo, L50, M|100\/100\n|switch|p2a: Sanitized|Iron Hands, L50|100\/100\n|switch|p2b: Cuddly Dog|Arcanine-Hisui, L50, F|100\/100\n|-ability|p2b: Cuddly Dog|Intimidate|boost\n|-unboost|p1a: Pelipper|atk|1\n|-unboost|p1b: Ludicolo|atk|1\n|-weather|RainDance|[from] ability: Drizzle|[of] p1a: Pelipper\n|turn|1\n|\n|t:|1701213402\n|move|p1b: Ludicolo|Fake Out|p2a: Sanitized\n|-damage|p2a: Sanitized|96\/100\n|-damage|p1b: Ludicolo|91\/100|[from] item: Life Orb\n|move|p2b: Cuddly Dog|Extreme Speed|p1b: Ludicolo\n|-damage|p1b: Ludicolo|38\/100\n|move|p1a: Pelipper|Hydro Pump|p2b: Cuddly Dog|[miss]\n|-miss|p1a: Pelipper|p2b: Cuddly Dog\n|cant|p2a: Sanitized|flinch\n|\n|-weather|RainDance|[upkeep]\n|upkeep\n|turn|2\n|inactive|slyck.VGC has 30 seconds left.\n|inactive|slyck.VGC has 20 seconds left.\n|inactive|slyck.VGC has 15 seconds left.\n|\n|t:|1701213446\n|-terastallize|p1b: Ludicolo|Grass\n|move|p2b: Cuddly Dog|Extreme Speed|p1a: Pelipper\n|-damage|p1a: Pelipper|57\/100\n|-damage|p2b: Cuddly Dog|84\/100|[from] item: Rocky Helmet|[of] p1a: Pelipper\n|move|p1b: Ludicolo|Giga Drain|p2a: Sanitized\n|-damage|p2a: Sanitized|60\/100\n|-heal|p1b: Ludicolo|63\/100|[from] drain|[of] p2a: Sanitized\n|-damage|p1b: Ludicolo|53\/100|[from] item: Life Orb\n|move|p1a: Pelipper|Hydro Pump|p2b: Cuddly Dog\n|-supereffective|p2b: Cuddly Dog\n|-damage|p2b: Cuddly Dog|0 fnt\n|faint|p2b: Cuddly Dog\n|move|p2a: Sanitized|Swords Dance|p2a: Sanitized\n|-boost|p2a: Sanitized|atk|2\n|\n|-weather|RainDance|[upkeep]\n|upkeep\n|inactive|AJay_13 has 30 seconds left.\n|\n|t:|1701213472\n|switch|p2b: Under the Tree|Iron Bundle, L50|100\/100\n|-enditem|p2b: Under the Tree|Booster Energy\n|-activate|p2b: Under the Tree|ability: Quark Drive|[fromitem]\n|-start|p2b: Under the Tree|quarkdrivespe\n|turn|3\n|\n|t:|1701213486\n|switch|p1b: Scizor|Scizor, L50, M, shiny|100\/100\n|-terastallize|p2a: Sanitized|Grass\n|move|p2b: Under the Tree|Freeze-Dry|p1b: Scizor\n|-resisted|p1b: Scizor\n|-damage|p1b: Scizor|78\/100\n|move|p1a: Pelipper|Tailwind|p1a: Pelipper\n|-sidestart|p1: slyck.VGC|move: Tailwind\n|move|p2a: Sanitized|Thunder Punch|p1a: Pelipper\n|-supereffective|p1a: Pelipper\n|-damage|p1a: Pelipper|0 fnt\n|-damage|p2a: Sanitized|43\/100|[from] item: Rocky Helmet|[of] p1a: Pelipper\n|faint|p1a: Pelipper\n|\n|-weather|RainDance|[upkeep]\n|upkeep\n|inactive|slyck.VGC has 30 seconds left.\n|inactive|slyck.VGC has 20 seconds left.\n|inactive|slyck.VGC has 15 seconds left.\n|inactive|slyck.VGC has 10 seconds left.\n|inactive|slyck.VGC has 5 seconds left.\n|\n|t:|1701213541\n|switch|p1a: Ludicolo|Ludicolo, L50, M, tera:Grass|53\/100\n|turn|4\n|\n|t:|1701213563\n|-end|p2b: Under the Tree|Quark Drive|[silent]\n|switch|p2b: Mint Hot Chocolate|Sinistcha, L50|100\/100\n|-heal|p2a: Sanitized|68\/100|[from] ability: Hospitality|[of] p2b: Mint Hot Chocolate\n|move|p1a: Ludicolo|Fake Out|p2a: Sanitized\n|-damage|p2a: Sanitized|62\/100\n|-damage|p1a: Ludicolo|44\/100|[from] item: Life Orb\n|move|p1b: Scizor|Bullet Punch|p2b: Mint Hot Chocolate\n|-damage|p2b: Mint Hot Chocolate|71\/100\n|cant|p2a: Sanitized|flinch\n|\n|-weather|RainDance|[upkeep]\n|upkeep\n|turn|5\n|inactive|slyck.VGC has 30 seconds left.\n|inactive|slyck.VGC has 20 seconds left.\n|inactive|slyck.VGC has 15 seconds left.\n|inactive|slyck.VGC has 10 seconds left.\n|inactive|slyck.VGC has 5 seconds left.\n|\n|t:|1701213618\n|move|p2b: Mint Hot Chocolate|Rage Powder|p2b: Mint Hot Chocolate\n|-singleturn|p2b: Mint Hot Chocolate|move: Rage Powder\n|move|p1a: Ludicolo|Giga Drain|p2a: Sanitized\n|-resisted|p2a: Sanitized\n|-damage|p2a: Sanitized|41\/100\n|-heal|p1a: Ludicolo|58\/100|[from] drain|[of] p2a: Sanitized\n|-damage|p1a: Ludicolo|49\/100|[from] item: Life Orb\n|move|p1b: Scizor|Bug Bite|p2b: Mint Hot Chocolate\n|-damage|p2b: Mint Hot Chocolate|24\/100\n|move|p2a: Sanitized|Drain Punch|p1b: Scizor\n|-damage|p1b: Scizor|0 fnt\n|-heal|p2a: Sanitized|70\/100|[from] drain|[of] p1b: Scizor\n|faint|p1b: Scizor\n|\n|-weather|none\n|upkeep\n|\n|t:|1701213630\n|switch|p1b: Arcanine|Arcanine-Hisui, L50, M|100\/100\n|-ability|p1b: Arcanine|Intimidate|boost\n|-fail|p2a: Sanitized|unboost|[from] item: Clear Amulet|[of] p2a: Sanitized\n|-unboost|p2b: Mint Hot Chocolate|atk|1\n|turn|6\n|\n|t:|1701213639\n|move|p2b: Mint Hot Chocolate|Rage Powder|p2b: Mint Hot Chocolate\n|-singleturn|p2b: Mint Hot Chocolate|move: Rage Powder\n|move|p1b: Arcanine|Flare Blitz|p2b: Mint Hot Chocolate\n|-supereffective|p2b: Mint Hot Chocolate\n|-damage|p2b: Mint Hot Chocolate|0 fnt\n|faint|p2b: Mint Hot Chocolate\n|-damage|p1b: Arcanine|93\/100|[from] Recoil\n|move|p1a: Ludicolo|Ice Beam|p2a: Sanitized\n|-supereffective|p2a: Sanitized\n|-damage|p2a: Sanitized|25\/100\n|-damage|p1a: Ludicolo|39\/100|[from] item: Life Orb\n|move|p2a: Sanitized|Drain Punch|p1b: Arcanine\n|-supereffective|p1b: Arcanine\n|-damage|p1b: Arcanine|0 fnt\n|-heal|p2a: Sanitized|61\/100|[from] drain|[of] p1b: Arcanine\n|faint|p1b: Arcanine\n|\n|-sideend|p1: slyck.VGC|move: Tailwind\n|upkeep\n|\n|t:|1701213654\n|switch|p2b: Under the Tree|Iron Bundle, L50|100\/100\n|turn|7\n|\n|t:|1701213660\n|move|p2b: Under the Tree|Freeze-Dry|p1a: Ludicolo\n|-supereffective|p1a: Ludicolo\n|-damage|p1a: Ludicolo|0 fnt\n|faint|p1a: Ludicolo\n|\n|win|AJay_13\n|raw|slyck.VGC's rating: 1178 &rarr; <strong>1159<\/strong><br \/>(-19 for losing)\n|raw|AJay_13's rating: 1267 &rarr; <strong>1286<\/strong><br \/>(+19 for winning)\n|l|\u2606slyck.VGC\n","uploadtime":1701213675,"views":2,"p1id":"slyckvgc","p2id":"ajay13","formatid":"gen9vgc2023regulatione","rating":1159,"private":0,"password":""}