{"id":"gen9vgc2023regulatione-1988043180","p1":"sdfghgfghj","p2":"Torkool-aid","format":"[Gen 9] VGC 2023 Regulation E","log":"|j|\u2606sdfghgfghj\n|j|\u2606Torkool-aid\n|t:|1699662603\n|gametype|doubles\n|player|p1|sdfghgfghj|schoolkid-gen4|1040\n|player|p2|Torkool-aid|169|1100\n|teamsize|p1|6\n|teamsize|p2|6\n|gen|9\n|tier|[Gen 9] VGC 2023 Regulation E\n|rated|\n|rule|Species Clause: Limit one of each Pok\u00e9mon\n|rule|Item Clause: Limit one of each item\n|clearpoke\n|poke|p1|Clefairy, L50, F|\n|poke|p1|Cloyster, L50, M|\n|poke|p1|Rillaboom, L50, M|\n|poke|p1|Flamigo, L50, M|\n|poke|p1|Flutter Mane, L50|\n|poke|p1|Chi-Yu, L50|\n|poke|p2|Kommo-o, L50, F|\n|poke|p2|Tyranitar, L50, F|\n|poke|p2|Arcanine-Hisui, L50, F|\n|poke|p2|Flutter Mane, L50|\n|poke|p2|Rillaboom, L50, F|\n|poke|p2|Iron Bundle, L50|\n|teampreview|4\n|\n|t:|1699662639\n|start\n|switch|p1a: Clefairy|Clefairy, L50, F|100\/100\n|switch|p1b: Cloyster|Cloyster, L50, M, shiny|100\/100\n|switch|p2a: Rillaboom|Rillaboom, L50, F, shiny|100\/100\n|switch|p2b: Kommo-o|Kommo-o, L50, F|100\/100\n|turn|1\n|\n|t:|1699662664\n|move|p1b: Cloyster|Protect|p1b: Cloyster\n|-singleturn|p1b: Cloyster|Protect\n|move|p1a: Clefairy|Protect|p1a: Clefairy\n|-singleturn|p1a: Clefairy|Protect\n|move|p2a: Rillaboom|Fake Out|p1b: Cloyster\n|-activate|p1b: Cloyster|move: Protect\n|move|p2b: Kommo-o|Clangorous Soul|p2b: Kommo-o\n|-boost|p2b: Kommo-o|atk|1\n|-boost|p2b: Kommo-o|def|1\n|-boost|p2b: Kommo-o|spa|1\n|-boost|p2b: Kommo-o|spd|1\n|-boost|p2b: Kommo-o|spe|1\n|-damage|p2b: Kommo-o|68\/100\n|\n|upkeep\n|turn|2\n|\n|t:|1699662693\n|move|p1a: Clefairy|Follow Me|p1a: Clefairy\n|-singleturn|p1a: Clefairy|move: Follow Me\n|move|p2b: Kommo-o|Aura Sphere|p1a: Clefairy\n|-resisted|p1a: Clefairy\n|-damage|p1a: Clefairy|76\/100\n|move|p1b: Cloyster|Shell Smash|p1b: Cloyster\n|-unboost|p1b: Cloyster|def|1\n|-unboost|p1b: Cloyster|spd|1\n|-boost|p1b: Cloyster|atk|2\n|-boost|p1b: Cloyster|spa|2\n|-boost|p1b: Cloyster|spe|2\n|-enditem|p1b: Cloyster|White Herb\n|-clearnegativeboost|p1b: Cloyster|[silent]\n|move|p2a: Rillaboom|Taunt|p1a: Clefairy\n|-start|p1a: Clefairy|move: Taunt\n|\n|upkeep\n|turn|3\n|\n|t:|1699662727\n|switch|p1a: Flamigo|Flamigo, L50, M|100\/100\n|-copyboost|p1a: Flamigo|p1b: Cloyster|[from] ability: Costar\n|move|p1b: Cloyster|Ice Beam|p2b: Kommo-o\n|-supereffective|p2b: Kommo-o\n|-damage|p2b: Kommo-o|0 fnt\n|faint|p2b: Kommo-o\n|move|p2a: Rillaboom|U-turn|p1b: Cloyster\n|-damage|p1b: Cloyster|79\/100\n|\n|t:|1699662738\n|switch|p2a: Tyranitar|Tyranitar, L50, F, shiny|100\/100|[from] U-turn\n|-weather|Sandstorm|[from] ability: Sand Stream|[of] p2a: Tyranitar\n|\n|-weather|Sandstorm|[upkeep]\n|-damage|p1a: Flamigo|95\/100|[from] Sandstorm\n|upkeep\n|\n|t:|1699662745\n|switch|p2b: Iron Bundle|Iron Bundle, L50|100\/100\n|-enditem|p2b: Iron Bundle|Booster Energy\n|-activate|p2b: Iron Bundle|ability: Quark Drive|[fromitem]\n|-start|p2b: Iron Bundle|quarkdrivespe\n|turn|4\n|\n|t:|1699662776\n|-terastallize|p1a: Flamigo|Steel\n|-terastallize|p2a: Tyranitar|Steel\n|move|p1b: Cloyster|Protect|p1b: Cloyster\n|-singleturn|p1b: Cloyster|Protect\n|move|p1a: Flamigo|Close Combat|p2b: Iron Bundle\n|-supereffective|p2b: Iron Bundle\n|-damage|p2b: Iron Bundle|0 fnt\n|-unboost|p1a: Flamigo|def|1\n|-unboost|p1a: Flamigo|spd|1\n|faint|p2b: Iron Bundle\n|-end|p2b: Iron Bundle|Quark Drive|[silent]\n|move|p2a: Tyranitar|Rock Slide|p1a: Flamigo|[spread] p1a\n|-activate|p1b: Cloyster|move: Protect\n|-resisted|p1a: Flamigo\n|-damage|p1a: Flamigo|60\/100\n|\n|-weather|Sandstorm|[upkeep]\n|upkeep\n|\n|t:|1699662792\n|switch|p2b: Rillaboom|Rillaboom, L50, F, shiny|100\/100\n|turn|5\n|\n|t:|1699662810\n|move|p1a: Flamigo|Detect|p1a: Flamigo\n|-singleturn|p1a: Flamigo|Protect\n|move|p2b: Rillaboom|Fake Out|p1a: Flamigo\n|-activate|p1a: Flamigo|move: Protect\n|move|p1b: Cloyster|Ice Beam|p2b: Rillaboom\n|-supereffective|p2b: Rillaboom\n|-damage|p2b: Rillaboom|0 fnt\n|faint|p2b: Rillaboom\n|move|p2a: Tyranitar|Rock Slide|p1b: Cloyster|[spread] p1b\n|-activate|p1a: Flamigo|move: Protect\n|-supereffective|p1b: Cloyster\n|-crit|p1b: Cloyster\n|-damage|p1b: Cloyster|0 fnt\n|faint|p1b: Cloyster\n|\n|-weather|Sandstorm|[upkeep]\n|upkeep\n|\n|t:|1699662823\n|switch|p1b: Rillaboom|Rillaboom, L50, M|100\/100\n|-fieldstart|move: Grassy Terrain|[from] ability: Grassy Surge|[of] p1b: Rillaboom\n|turn|6\n|c|\u2606Torkool-aid|well played\n|\n|t:|1699662841\n|move|p1b: Rillaboom|Fake Out|p2a: Tyranitar\n|-resisted|p2a: Tyranitar\n|-damage|p2a: Tyranitar|94\/100\n|move|p1a: Flamigo|Close Combat|p2a: Tyranitar\n|-supereffective|p2a: Tyranitar\n|-damage|p2a: Tyranitar|0 fnt\n|-unboost|p1a: Flamigo|def|1\n|-unboost|p1a: Flamigo|spd|1\n|faint|p2a: Tyranitar\n|\n|win|sdfghgfghj\n|raw|sdfghgfghj's rating: 1076 &rarr; <strong>1107<\/strong><br \/>(+31 for winning)\n|raw|Torkool-aid's rating: 1100 &rarr; <strong>1073<\/strong><br \/>(-27 for losing)\n|l|\u2606Torkool-aid\n","uploadtime":1699662856,"views":14,"p1id":"sdfghgfghj","p2id":"torkoolaid","formatid":"gen9vgc2023regulatione","rating":1073,"private":0,"password":""}