{"id":"gen9vgc2023regulatione-1998382126","p1":"Tony2810","p2":"Autofire101","format":"[Gen 9] VGC 2023 Regulation E","log":"|j|\u2606Tony2810\n|j|\u2606Autofire101\n|t:|1700936050\n|gametype|doubles\n|player|p1|Tony2810|marshal|1525\n|player|p2|Autofire101|lance|1435\n|teamsize|p1|6\n|teamsize|p2|6\n|gen|9\n|tier|[Gen 9] VGC 2023 Regulation E\n|rated|\n|rule|Species Clause: Limit one of each Pok\u00e9mon\n|rule|Item Clause: Limit one of each item\n|clearpoke\n|poke|p1|Sinistcha, L50|\n|poke|p1|Okidogi, L50, M|\n|poke|p1|Grimmsnarl, L50, M|\n|poke|p1|Arcanine-Hisui, L50, M|\n|poke|p1|Iron Hands, L50|\n|poke|p1|Ogerpon-Wellspring, L50, F|\n|poke|p2|Gholdengo, L50|\n|poke|p2|Regidrago, L50|\n|poke|p2|Urshifu-*, L50, M|\n|poke|p2|Ursaluna, L50, F|\n|poke|p2|Tornadus, L50, M|\n|poke|p2|Indeedee-F, L50, F|\n|teampreview|4\n|inactive|Battle timer is ON: inactive players will automatically lose when time's up. (requested by Autofire101)\n|inactive|Tony2810 has 60 seconds left.\n|\n|t:|1700936103\n|start\n|switch|p1a: Grimmsnarl|Grimmsnarl, L50, M|100\/100\n|switch|p1b: Ogerpon|Ogerpon-Wellspring, L50, F|100\/100\n|switch|p2a: Tornadus|Tornadus, L50, M|100\/100\n|switch|p2b: Regidrago|Regidrago, L50|100\/100\n|turn|1\n|\n|t:|1700936110\n|move|p1b: Ogerpon|Spiky Shield|p1b: Ogerpon\n|-singleturn|p1b: Ogerpon|move: Protect\n|move|p2a: Tornadus|Tailwind|p2a: Tornadus\n|-sidestart|p2: Autofire101|move: Tailwind\n|move|p1a: Grimmsnarl|Light Screen|p1a: Grimmsnarl\n|-sidestart|p1: Tony2810|move: Light Screen\n|move|p2b: Regidrago|Dragon Energy|p1b: Ogerpon|[spread] \n|-activate|p1b: Ogerpon|move: Protect\n|-immune|p1a: Grimmsnarl\n|\n|upkeep\n|turn|2\n|\n|t:|1700936122\n|-terastallize|p1b: Ogerpon|Water\n|detailschange|p1b: Ogerpon|Ogerpon-Wellspring-Tera, L50, F, tera:Water\n|-ability|p1b: Ogerpon|Embody Aspect (Wellspring)|boost\n|-boost|p1b: Ogerpon|spd|1\n|move|p2a: Tornadus|Icy Wind|p1b: Ogerpon|[spread] p1a,p1b\n|-resisted|p1b: Ogerpon\n|-damage|p1a: Grimmsnarl|93\/100\n|-damage|p1b: Ogerpon|98\/100\n|-unboost|p1a: Grimmsnarl|spe|1\n|-unboost|p1b: Ogerpon|spe|1\n|move|p2b: Regidrago|Dragon Energy|p1a: Grimmsnarl|[spread] p1b\n|-immune|p1a: Grimmsnarl\n|-damage|p1b: Ogerpon|60\/100\n|move|p1b: Ogerpon|Ivy Cudgel|p2a: Tornadus|[anim] Ivy Cudgel Water\n|-damage|p2a: Tornadus|8\/100\n|move|p1a: Grimmsnarl|Spirit Break|p2b: Regidrago\n|-supereffective|p2b: Regidrago\n|-damage|p2b: Regidrago|38\/100\n|-unboost|p2b: Regidrago|spa|1\n|\n|upkeep\n|turn|3\n|\n|t:|1700936147\n|move|p2a: Tornadus|Protect|p2a: Tornadus\n|-singleturn|p2a: Tornadus|Protect\n|move|p2b: Regidrago|Earth Power|p1b: Ogerpon\n|-damage|p1b: Ogerpon|53\/100\n|move|p1b: Ogerpon|Swords Dance|p1b: Ogerpon\n|-boost|p1b: Ogerpon|atk|2\n|move|p1a: Grimmsnarl|Spirit Break|p2b: Regidrago\n|-supereffective|p2b: Regidrago\n|-damage|p2b: Regidrago|0 fnt\n|faint|p2b: Regidrago\n|\n|upkeep\n|\n|t:|1700936159\n|switch|p2b: Gholdengo|Gholdengo, L50|100\/100\n|turn|4\n|\n|t:|1700936166\n|move|p2a: Tornadus|Protect||[still]\n|-fail|p2a: Tornadus\n|move|p2b: Gholdengo|Make It Rain|p1a: Grimmsnarl|[spread] p1a,p1b\n|-supereffective|p1a: Grimmsnarl\n|-crit|p1a: Grimmsnarl\n|-resisted|p1b: Ogerpon\n|-damage|p1a: Grimmsnarl|0 fnt\n|-damage|p1b: Ogerpon|41\/100\n|-unboost|p2b: Gholdengo|spa|1\n|faint|p1a: Grimmsnarl\n|move|p1b: Ogerpon|Ivy Cudgel|p2b: Gholdengo|[anim] Ivy Cudgel Water\n|-damage|p2b: Gholdengo|0 fnt\n|faint|p2b: Gholdengo\n|\n|-sideend|p2: Autofire101|move: Tailwind\n|upkeep\n|j| Braindeadmeta\n|\n|t:|1700936181\n|switch|p2b: Urshifu|Urshifu-Rapid-Strike, L50, M|100\/100\n|switch|p1a: Iron Hands|Iron Hands, L50|100\/100\n|turn|5\n|inactive|Autofire101 has 30 seconds left.\n|\n|t:|1700936209\n|move|p1a: Iron Hands|Fake Out|p2a: Tornadus\n|-damage|p2a: Tornadus|0 fnt\n|faint|p2a: Tornadus\n|move|p2b: Urshifu|Close Combat|p1b: Ogerpon\n|-damage|p1b: Ogerpon|0 fnt\n|-unboost|p2b: Urshifu|def|1\n|-unboost|p2b: Urshifu|spd|1\n|faint|p1b: Ogerpon\n|\n|upkeep\n|\n|t:|1700936215\n|switch|p1b: Okidogi|Okidogi, L50, M|100\/100\n|turn|6\n|\n|t:|1700936224\n|move|p2b: Urshifu|Surging Strikes|p1b: Okidogi\n|-crit|p1b: Okidogi\n|-damage|p1b: Okidogi|80\/100\n|-crit|p1b: Okidogi\n|-damage|p1b: Okidogi|60\/100\n|-crit|p1b: Okidogi\n|-damage|p1b: Okidogi|42\/100\n|-enditem|p1b: Okidogi|Sitrus Berry|[eat]\n|-heal|p1b: Okidogi|67\/100|[from] item: Sitrus Berry\n|-hitcount|p1b: Okidogi|3\n|move|p1b: Okidogi|Poison Jab|p2b: Urshifu\n|-damage|p2b: Urshifu|39\/100\n|move|p1a: Iron Hands|Wild Charge|p2b: Urshifu\n|-supereffective|p2b: Urshifu\n|-damage|p2b: Urshifu|0 fnt\n|faint|p2b: Urshifu\n|-damage|p1a: Iron Hands|93\/100|[from] Recoil\n|\n|win|Tony2810\n|raw|Tony2810's rating: 1525 &rarr; <strong>1540<\/strong><br \/>(+15 for winning)\n|raw|Autofire101's rating: 1435 &rarr; <strong>1420<\/strong><br \/>(-15 for losing)\n|c|\u2606Tony2810|gg\n|l|\u2606Autofire101\n|l| Braindeadmeta\n","uploadtime":1700936242,"views":0,"p1id":"tony2810","p2id":"autofire101","formatid":"gen9vgc2023regulatione","rating":1420,"private":0,"password":""}