{"id":"gen9vgc2023regulatione-1997798617","p1":"Tyranichunk","p2":"calrizzian","format":"[Gen 9] VGC 2023 Regulation E","log":"|j|\u2606Tyranichunk\n|j|\u203dcalrizzian\n|t:|1700853874\n|gametype|doubles\n|player|p1|Tyranichunk|hilbert|1342\n|player|p2|calrizzian|pokemonranger-gen4|1243\n|teamsize|p1|6\n|teamsize|p2|6\n|gen|9\n|tier|[Gen 9] VGC 2023 Regulation E\n|rated|\n|rule|Species Clause: Limit one of each Pok\u00e9mon\n|rule|Item Clause: Limit one of each item\n|clearpoke\n|poke|p1|Skeledirge, L50, F|\n|poke|p1|Rillaboom, L50, M|\n|poke|p1|Roaring Moon, L50|\n|poke|p1|Weezing, L50, F|\n|poke|p1|Tatsugiri, L50, M|\n|poke|p1|Dondozo, L50, M|\n|poke|p2|Farigiraf, L50, M|\n|poke|p2|Landorus, L50, M|\n|poke|p2|Urshifu-*, L50, M|\n|poke|p2|Heatran, L50, F|\n|poke|p2|Iron Bundle, L50|\n|poke|p2|Rillaboom, L50, M|\n|teampreview|4\n|inactive|Battle timer is ON: inactive players will automatically lose when time's up. (requested by calrizzian)\n|inactive|Tyranichunk also wants the timer to be on.\n|inactive|calrizzian has 60 seconds left.\n|\n|t:|1700853920\n|start\n|switch|p1a: Skeledirge|Skeledirge, L50, F|100\/100\n|switch|p1b: Rillaboom|Rillaboom, L50, M|100\/100\n|switch|p2a: Iron Bundle|Iron Bundle, L50|100\/100\n|switch|p2b: Landorus|Landorus, L50, M|100\/100\n|-fieldstart|move: Grassy Terrain|[from] ability: Grassy Surge|[of] p1b: Rillaboom\n|-enditem|p1a: Skeledirge|Grassy Seed\n|-boost|p1a: Skeledirge|def|1|[from] item: Grassy Seed\n|-enditem|p2a: Iron Bundle|Booster Energy\n|-activate|p2a: Iron Bundle|ability: Quark Drive|[fromitem]\n|-start|p2a: Iron Bundle|quarkdrivespe\n|turn|1\n|inactive|Tyranichunk has 30 seconds left.\n|inactive|Tyranichunk has 20 seconds left.\n|inactive|Tyranichunk has 15 seconds left.\n|\n|t:|1700853962\n|-terastallize|p1a: Skeledirge|Fairy\n|move|p2a: Iron Bundle|Protect|p2a: Iron Bundle\n|-singleturn|p2a: Iron Bundle|Protect\n|move|p2b: Landorus|Protect|p2b: Landorus\n|-singleturn|p2b: Landorus|Protect\n|move|p1b: Rillaboom|Wood Hammer|p2a: Iron Bundle\n|-activate|p2a: Iron Bundle|move: Protect\n|move|p1a: Skeledirge|Yawn|p2b: Landorus\n|-activate|p2b: Landorus|move: Protect\n|\n|upkeep\n|turn|2\n|inactive|Tyranichunk has 30 seconds left.\n|inactive|Tyranichunk has 20 seconds left.\n|inactive|Tyranichunk has 15 seconds left.\n|\n|t:|1700854004\n|-terastallize|p2b: Landorus|Poison\n|move|p2a: Iron Bundle|Freeze-Dry|p1b: Rillaboom\n|-supereffective|p1b: Rillaboom\n|-damage|p1b: Rillaboom|62\/100\n|move|p2b: Landorus|Sludge Bomb|p1a: Skeledirge\n|-supereffective|p1a: Skeledirge\n|-damage|p1a: Skeledirge|0 fnt\n|faint|p1a: Skeledirge\n|move|p1b: Rillaboom|Wood Hammer|p2a: Iron Bundle\n|-supereffective|p2a: Iron Bundle\n|-damage|p2a: Iron Bundle|0 fnt\n|faint|p2a: Iron Bundle\n|-end|p2a: Iron Bundle|Quark Drive|[silent]\n|-damage|p1b: Rillaboom|35\/100|[from] Recoil\n|\n|-heal|p1b: Rillaboom|41\/100|[from] Grassy Terrain\n|upkeep\n|\n|t:|1700854018\n|switch|p2a: Urshifu|Urshifu, L50, M|100\/100\n|switch|p1a: Dondozo|Dondozo, L50, M|100\/100\n|turn|3\n|inactive|Tyranichunk has 30 seconds left.\n|inactive|calrizzian has 30 seconds left.\n|\n|t:|1700854049\n|switch|p1b: Tatsugiri|Tatsugiri, L50, M|100\/100\n|-activate|p1b: Tatsugiri|ability: Commander|[of] p1a: Dondozo\n|-boost|p1a: Dondozo|atk|2\n|-boost|p1a: Dondozo|spa|2\n|-boost|p1a: Dondozo|spe|2\n|-boost|p1a: Dondozo|def|2\n|-boost|p1a: Dondozo|spd|2\n|move|p2b: Landorus|Sludge Bomb|p1a: Dondozo\n|-damage|p1a: Dondozo|77\/100\n|move|p2a: Urshifu|Wicked Blow|p1a: Dondozo\n|-crit|p1a: Dondozo\n|-damage|p1a: Dondozo|35\/100\n|move|p1a: Dondozo|Wave Crash|p2b: Landorus\n|-damage|p2b: Landorus|16\/100\n|-damage|p1a: Dondozo|15\/100|[from] Recoil\n|\n|-heal|p2b: Landorus|22\/100|[from] Grassy Terrain\n|-heal|p1a: Dondozo|21\/100|[from] Grassy Terrain\n|-heal|p1a: Dondozo|27\/100|[from] item: Leftovers\n|upkeep\n|turn|4\n|\n|t:|1700854071\n|move|p2b: Landorus|Sludge Bomb|p1a: Dondozo\n|-damage|p1a: Dondozo|1\/100\n|move|p2a: Urshifu|Wicked Blow|p1a: Dondozo\n|-crit|p1a: Dondozo\n|-damage|p1a: Dondozo|0 fnt\n|faint|p1a: Dondozo\n|\n|-heal|p2b: Landorus|28\/100|[from] Grassy Terrain\n|upkeep\n|\n|t:|1700854076\n|switch|p1a: Rillaboom|Rillaboom, L50, M|41\/100\n|turn|5\n|\n|t:|1700854087\n|move|p2b: Landorus|Protect|p2b: Landorus\n|-singleturn|p2b: Landorus|Protect\n|move|p2a: Urshifu|Detect|p2a: Urshifu\n|-singleturn|p2a: Urshifu|Protect\n|move|p1a: Rillaboom|Fake Out|p2a: Urshifu\n|-activate|p2a: Urshifu|move: Protect\n|move|p1b: Tatsugiri|Muddy Water|p2a: Urshifu|[spread] \n|-activate|p2a: Urshifu|move: Protect\n|-activate|p2b: Landorus|move: Protect\n|\n|-heal|p2b: Landorus|34\/100|[from] Grassy Terrain\n|-heal|p1a: Rillaboom|47\/100|[from] Grassy Terrain\n|-fieldend|move: Grassy Terrain\n|upkeep\n|turn|6\n|\n|t:|1700854107\n|move|p2b: Landorus|Sludge Bomb|p1a: Rillaboom\n|-supereffective|p1a: Rillaboom\n|-damage|p1a: Rillaboom|0 fnt\n|faint|p1a: Rillaboom\n|move|p1b: Tatsugiri|Muddy Water|p2a: Urshifu|[spread] p2a,p2b\n|-damage|p2a: Urshifu|49\/100\n|-damage|p2b: Landorus|0 fnt\n|-unboost|p2a: Urshifu|accuracy|1\n|faint|p2b: Landorus\n|move|p2a: Urshifu|Wicked Blow|p1b: Tatsugiri\n|-crit|p1b: Tatsugiri\n|-enditem|p1b: Tatsugiri|Focus Sash\n|-damage|p1b: Tatsugiri|1\/100\n|\n|upkeep\n|\n|t:|1700854118\n|switch|p2b: Rillaboom|Rillaboom, L50, M|100\/100\n|-fieldstart|move: Grassy Terrain|[from] ability: Grassy Surge|[of] p2b: Rillaboom\n|turn|7\n|-message|Tyranichunk forfeited.\n|\n|win|calrizzian\n|raw|Tyranichunk's rating: 1342 &rarr; <strong>1316<\/strong><br \/>(-26 for losing)\n|raw|calrizzian's rating: 1243 &rarr; <strong>1275<\/strong><br \/>(+32 for winning)\n|l|\u2606Tyranichunk\n","uploadtime":1700854129,"views":4,"p1id":"tyranichunk","p2id":"calrizzian","formatid":"gen9vgc2023regulatione","rating":1275,"private":0,"password":""}