{"id":"gen9vgc2023regulatione-1988538515","p1":"Biscotti_NL","p2":"ehiws","format":"[Gen 9] VGC 2023 Regulation E","log":"|j|\u2606Biscotti_NL\n|j|\u2606ehiws\n|t:|1699733725\n|gametype|doubles\n|player|p1|Biscotti_NL|youngn|1106\n|player|p2|ehiws|ingo|1190\n|teamsize|p1|6\n|teamsize|p2|6\n|gen|9\n|tier|[Gen 9] VGC 2023 Regulation E\n|rated|\n|rule|Species Clause: Limit one of each Pok\u00e9mon\n|rule|Item Clause: Limit one of each item\n|clearpoke\n|poke|p1|Dusclops, L50, F|\n|poke|p1|Chi-Yu, L50|\n|poke|p1|Flutter Mane, L50|\n|poke|p1|Ursaluna-Bloodmoon, L50, M|\n|poke|p1|Ogerpon-Wellspring, L50, F|\n|poke|p1|Iron Hands, L50|\n|poke|p2|Poliwrath, L50, M|\n|poke|p2|Tornadus, L50, M|\n|poke|p2|Amoonguss, L50, F|\n|poke|p2|Mamoswine, L50, M|\n|poke|p2|Scizor, L50, M|\n|poke|p2|Tyranitar, L50, F|\n|teampreview|4\n|inactive|Battle timer is ON: inactive players will automatically lose when time's up. (requested by Biscotti_NL)\n|inactive|Biscotti_NL has 60 seconds left.\n|inactive|ehiws has 60 seconds left.\n|\n|t:|1699733762\n|start\n|switch|p1a: Dusclops|Dusclops, L50, F, shiny|100\/100\n|switch|p1b: Ogerpon|Ogerpon-Wellspring, L50, F|100\/100\n|switch|p2a: Mamoswine|Mamoswine, L50, M|100\/100\n|switch|p2b: Amoonguss|Amoonguss, L50, F|100\/100\n|-ability|p1a: Dusclops|Pressure\n|turn|1\n|\n|t:|1699733778\n|-terastallize|p2a: Mamoswine|Steel\n|move|p1b: Ogerpon|Follow Me|p1b: Ogerpon\n|-singleturn|p1b: Ogerpon|move: Follow Me\n|move|p2a: Mamoswine|Icicle Crash|p1b: Ogerpon\n|-damage|p1b: Ogerpon|58\/100\n|move|p2b: Amoonguss|Spore|p1b: Ogerpon\n|-immune|p1b: Ogerpon\n|move|p1a: Dusclops|Trick Room|p1a: Dusclops\n|-fieldstart|move: Trick Room|[of] p1a: Dusclops\n|\n|upkeep\n|turn|2\n|\n|t:|1699733795\n|switch|p1b: Iron Hands|Iron Hands, L50|100\/100\n|move|p2b: Amoonguss|Rage Powder|p2b: Amoonguss\n|-singleturn|p2b: Amoonguss|move: Rage Powder\n|move|p1a: Dusclops|Will-O-Wisp|p2b: Amoonguss\n|-status|p2b: Amoonguss|brn\n|move|p2a: Mamoswine|Icicle Crash|p1b: Iron Hands\n|-damage|p1b: Iron Hands|68\/100\n|\n|-damage|p2b: Amoonguss|95\/100 brn|[from] brn\n|upkeep\n|turn|3\n|inactive|Biscotti_NL has 30 seconds left.\n|\n|t:|1699733822\n|switch|p1a: Ursaluna|Ursaluna-Bloodmoon, L50, M|100\/100\n|move|p2b: Amoonguss|Protect|p2b: Amoonguss\n|-singleturn|p2b: Amoonguss|Protect\n|move|p2a: Mamoswine|Protect|p2a: Mamoswine\n|-singleturn|p2a: Mamoswine|Protect\n|move|p1b: Iron Hands|Fake Out|p2a: Mamoswine\n|-activate|p2a: Mamoswine|move: Protect\n|\n|-damage|p2b: Amoonguss|89\/100 brn|[from] brn\n|upkeep\n|turn|4\n|\n|t:|1699733850\n|move|p2b: Amoonguss|Spore|p1a: Ursaluna\n|-status|p1a: Ursaluna|slp|[from] move: Spore\n|cant|p1a: Ursaluna|slp\n|move|p1b: Iron Hands|Heavy Slam|p2b: Amoonguss\n|-damage|p2b: Amoonguss|42\/100 brn\n|move|p2a: Mamoswine|Icicle Crash|p1a: Ursaluna\n|-supereffective|p1a: Ursaluna\n|-damage|p1a: Ursaluna|28\/100 slp\n|\n|-damage|p2b: Amoonguss|36\/100 brn|[from] brn\n|upkeep\n|turn|5\n|\n|t:|1699733865\n|cant|p1a: Ursaluna|slp\n|move|p2b: Amoonguss|Spore|p1b: Iron Hands\n|-status|p1b: Iron Hands|slp|[from] move: Spore\n|cant|p1b: Iron Hands|slp\n|move|p2a: Mamoswine|Icicle Crash|p1a: Ursaluna\n|-supereffective|p1a: Ursaluna\n|-damage|p1a: Ursaluna|0 fnt\n|faint|p1a: Ursaluna\n|\n|-damage|p2b: Amoonguss|30\/100 brn|[from] brn\n|-fieldend|move: Trick Room\n|upkeep\n|\n|t:|1699733879\n|switch|p1a: Ogerpon|Ogerpon-Wellspring, L50, F|58\/100\n|turn|6\n|\n|t:|1699733897\n|switch|p2b: Tyranitar|Tyranitar, L50, F|100\/100\n|-weather|Sandstorm|[from] ability: Sand Stream|[of] p2b: Tyranitar\n|-terastallize|p1a: Ogerpon|Water\n|detailschange|p1a: Ogerpon|Ogerpon-Wellspring-Tera, L50, F, tera:Water\n|-ability|p1a: Ogerpon|Embody Aspect (Wellspring)|boost\n|-boost|p1a: Ogerpon|spd|1\n|move|p1a: Ogerpon|Ivy Cudgel|p2b: Tyranitar\n|-supereffective|p2b: Tyranitar\n|-damage|p2b: Tyranitar|0 fnt\n|faint|p2b: Tyranitar\n|move|p2a: Mamoswine|Icicle Crash|p1a: Ogerpon\n|-resisted|p1a: Ogerpon\n|-damage|p1a: Ogerpon|36\/100\n|cant|p1b: Iron Hands|slp\n|\n|-weather|Sandstorm|[upkeep]\n|-damage|p1a: Ogerpon|30\/100|[from] Sandstorm\n|-damage|p1b: Iron Hands|62\/100 slp|[from] Sandstorm\n|upkeep\n|\n|t:|1699733913\n|switch|p2b: Amoonguss|Amoonguss, L50, F|63\/100 brn\n|turn|7\n|\n|t:|1699733933\n|switch|p2b: Scizor|Scizor, L50, M|100\/100\n|move|p1a: Ogerpon|Ivy Cudgel|p2b: Scizor\n|-damage|p2b: Scizor|17\/100\n|move|p2a: Mamoswine|High Horsepower|p1b: Iron Hands\n|-supereffective|p1b: Iron Hands\n|-damage|p1b: Iron Hands|0 fnt\n|faint|p1b: Iron Hands\n|-end|p1b: Iron Hands|Quark Drive|[silent]\n|\n|-weather|Sandstorm|[upkeep]\n|-damage|p1a: Ogerpon|24\/100|[from] Sandstorm\n|upkeep\n|\n|t:|1699733941\n|switch|p1b: Dusclops|Dusclops, L50, F, shiny|100\/100\n|-ability|p1b: Dusclops|Pressure\n|turn|8\n|\n|t:|1699733949\n|move|p1a: Ogerpon|Spiky Shield|p1a: Ogerpon\n|-singleturn|p1a: Ogerpon|move: Protect\n|move|p2a: Mamoswine|Ice Shard|p1a: Ogerpon\n|-activate|p1a: Ogerpon|move: Protect\n|move|p2b: Scizor|Bullet Punch|p1a: Ogerpon\n|-activate|p1a: Ogerpon|move: Protect\n|-damage|p2b: Scizor|4\/100|[from] Spiky Shield|[of] p1a: Ogerpon\n|move|p1b: Dusclops|Will-O-Wisp|p2a: Mamoswine|[miss]\n|-miss|p1b: Dusclops|p2a: Mamoswine\n|\n|-weather|Sandstorm|[upkeep]\n|-damage|p1a: Ogerpon|18\/100|[from] Sandstorm\n|-damage|p1b: Dusclops|94\/100|[from] Sandstorm\n|upkeep\n|turn|9\n|\n|t:|1699733968\n|move|p1a: Ogerpon|Spiky Shield||[still]\n|-fail|p1a: Ogerpon\n|move|p2a: Mamoswine|Ice Shard|p1a: Ogerpon\n|-resisted|p1a: Ogerpon\n|-damage|p1a: Ogerpon|6\/100\n|move|p2b: Scizor|Bullet Punch|p1a: Ogerpon\n|-resisted|p1a: Ogerpon\n|-damage|p1a: Ogerpon|0 fnt\n|faint|p1a: Ogerpon\n|move|p1b: Dusclops|Trick Room|p1b: Dusclops\n|-fieldstart|move: Trick Room|[of] p1b: Dusclops\n|\n|-weather|Sandstorm|[upkeep]\n|-damage|p1b: Dusclops|88\/100|[from] Sandstorm\n|upkeep\n|turn|10\n|\n|t:|1699733983\n|move|p2b: Scizor|Bullet Punch|p1b: Dusclops\n|-damage|p1b: Dusclops|69\/100\n|move|p1b: Dusclops|Will-O-Wisp|p2a: Mamoswine\n|-status|p2a: Mamoswine|brn\n|move|p2a: Mamoswine|High Horsepower|p1b: Dusclops|[miss]\n|-miss|p2a: Mamoswine|p1b: Dusclops\n|\n|-weather|none\n|-damage|p2a: Mamoswine|95\/100 brn|[from] brn\n|upkeep\n|turn|11\n|inactive|Biscotti_NL has 30 seconds left.\n|\n|t:|1699734014\n|move|p1b: Dusclops|Night Shade|p2b: Scizor\n|-damage|p2b: Scizor|0 fnt\n|faint|p2b: Scizor\n|move|p2a: Mamoswine|High Horsepower|p1b: Dusclops\n|-damage|p1b: Dusclops|53\/100\n|\n|-damage|p2a: Mamoswine|89\/100 brn|[from] brn\n|upkeep\n|\n|t:|1699734022\n|switch|p2b: Amoonguss|Amoonguss, L50, F|96\/100 brn\n|turn|12\n|\n|t:|1699734036\n|move|p1b: Dusclops|Pain Split|p2b: Amoonguss\n|-sethp|p2b: Amoonguss|66\/100 brn|[from] move: Pain Split|[silent]\n|-sethp|p1b: Dusclops|99\/100|[from] move: Pain Split\n|move|p2b: Amoonguss|Spore|p1b: Dusclops\n|-status|p1b: Dusclops|slp|[from] move: Spore\n|move|p2a: Mamoswine|High Horsepower|p1b: Dusclops\n|-damage|p1b: Dusclops|83\/100 slp\n|\n|-damage|p2b: Amoonguss|60\/100 brn|[from] brn\n|-damage|p2a: Mamoswine|83\/100 brn|[from] brn\n|upkeep\n|turn|13\n|\n|t:|1699734050\n|cant|p1b: Dusclops|slp\n|move|p2b: Amoonguss|Pollen Puff|p1b: Dusclops\n|-resisted|p1b: Dusclops\n|-damage|p1b: Dusclops|77\/100 slp\n|move|p2a: Mamoswine|High Horsepower|p1b: Dusclops\n|-damage|p1b: Dusclops|61\/100 slp\n|\n|-damage|p2b: Amoonguss|54\/100 brn|[from] brn\n|-damage|p2a: Mamoswine|77\/100 brn|[from] brn\n|-fieldend|move: Trick Room\n|upkeep\n|turn|14\n|\n|t:|1699734066\n|move|p2a: Mamoswine|High Horsepower|p1b: Dusclops\n|-damage|p1b: Dusclops|46\/100 slp\n|move|p2b: Amoonguss|Pollen Puff|p1b: Dusclops\n|-resisted|p1b: Dusclops\n|-damage|p1b: Dusclops|40\/100 slp\n|cant|p1b: Dusclops|slp\n|\n|-damage|p2a: Mamoswine|71\/100 brn|[from] brn\n|-damage|p2b: Amoonguss|48\/100 brn|[from] brn\n|upkeep\n|turn|15\n|\n|t:|1699734085\n|move|p2a: Mamoswine|High Horsepower|p1b: Dusclops\n|-damage|p1b: Dusclops|26\/100 slp\n|move|p2b: Amoonguss|Spore|p1b: Dusclops\n|-fail|p1b: Dusclops|slp\n|-curestatus|p1b: Dusclops|slp|[msg]\n|move|p1b: Dusclops|Pain Split|p2a: Mamoswine\n|-sethp|p2a: Mamoswine|44\/100 brn|[from] move: Pain Split|[silent]\n|-sethp|p1b: Dusclops|65\/100|[from] move: Pain Split\n|\n|-damage|p2a: Mamoswine|38\/100 brn|[from] brn\n|-damage|p2b: Amoonguss|42\/100 brn|[from] brn\n|upkeep\n|turn|16\n|inactive|Biscotti_NL has 30 seconds left.\n|\n|t:|1699734113\n|move|p2a: Mamoswine|High Horsepower|p1b: Dusclops\n|-damage|p1b: Dusclops|50\/100\n|move|p2b: Amoonguss|Spore|p1b: Dusclops\n|-status|p1b: Dusclops|slp|[from] move: Spore\n|cant|p1b: Dusclops|slp\n|\n|-damage|p2a: Mamoswine|32\/100 brn|[from] brn\n|-damage|p2b: Amoonguss|36\/100 brn|[from] brn\n|upkeep\n|turn|17\n|\n|t:|1699734137\n|move|p2a: Mamoswine|High Horsepower|p1b: Dusclops\n|-damage|p1b: Dusclops|36\/100 slp\n|move|p2b: Amoonguss|Pollen Puff|p2a: Mamoswine\n|-heal|p2a: Mamoswine|82\/100 brn\n|cant|p1b: Dusclops|slp\n|\n|-damage|p2a: Mamoswine|76\/100 brn|[from] brn\n|-damage|p2b: Amoonguss|30\/100 brn|[from] brn\n|upkeep\n|turn|18\n|inactive|Biscotti_NL has 30 seconds left.\n|\n|t:|1699734168\n|move|p2a: Mamoswine|Icicle Crash|p1b: Dusclops\n|-damage|p1b: Dusclops|22\/100 slp\n|move|p2b: Amoonguss|Pollen Puff|p1b: Dusclops\n|-resisted|p1b: Dusclops\n|-damage|p1b: Dusclops|17\/100 slp\n|-curestatus|p1b: Dusclops|slp|[msg]\n|move|p1b: Dusclops|Pain Split|p2a: Mamoswine\n|-sethp|p2a: Mamoswine|43\/100 brn|[from] move: Pain Split|[silent]\n|-sethp|p1b: Dusclops|64\/100|[from] move: Pain Split\n|\n|-damage|p2a: Mamoswine|37\/100 brn|[from] brn\n|-damage|p2b: Amoonguss|24\/100 brn|[from] brn\n|upkeep\n|turn|19\n|\n|t:|1699734191\n|move|p2a: Mamoswine|Icicle Crash|p1b: Dusclops\n|-damage|p1b: Dusclops|52\/100\n|move|p2b: Amoonguss|Spore|p1b: Dusclops\n|-status|p1b: Dusclops|slp|[from] move: Spore\n|cant|p1b: Dusclops|slp\n|\n|-damage|p2a: Mamoswine|31\/100 brn|[from] brn\n|-damage|p2b: Amoonguss|19\/100 brn|[from] brn\n|upkeep\n|turn|20\n|\n|t:|1699734211\n|move|p2a: Mamoswine|Icicle Crash|p1b: Dusclops\n|-damage|p1b: Dusclops|37\/100 slp\n|move|p2b: Amoonguss|Pollen Puff|p1b: Dusclops\n|-resisted|p1b: Dusclops\n|-damage|p1b: Dusclops|32\/100 slp\n|-curestatus|p1b: Dusclops|slp|[msg]\n|move|p1b: Dusclops|Night Shade|p2b: Amoonguss\n|-damage|p2b: Amoonguss|0 fnt\n|faint|p2b: Amoonguss\n|\n|-damage|p2a: Mamoswine|25\/100 brn|[from] brn\n|upkeep\n|turn|21\n|\n|t:|1699734225\n|move|p2a: Mamoswine|Icicle Crash|p1b: Dusclops|[miss]\n|-miss|p2a: Mamoswine|p1b: Dusclops\n|move|p1b: Dusclops|Night Shade|p2a: Mamoswine\n|-damage|p2a: Mamoswine|2\/100 brn\n|\n|-damage|p2a: Mamoswine|0 fnt|[from] brn\n|faint|p2a: Mamoswine\n|\n|win|Biscotti_NL\n|upkeep\n|raw|Biscotti_NL's rating: 1132 &rarr; <strong>1161<\/strong><br \/>(+29 for winning)\n|raw|ehiws's rating: 1190 &rarr; <strong>1161<\/strong><br \/>(-29 for losing)\n","uploadtime":1699734231,"views":18,"p1id":"biscottinl","p2id":"ehiws","formatid":"gen9vgc2023regulatione","rating":1161,"private":0,"password":""}