{"id":"gen9vgc2023regulatione-1991164499","p1":"Daehkcarc420","p2":"Devlisted","format":"[Gen 9] VGC 2023 Regulation E","log":"|j|\u2606Daehkcarc420\n|n|\u2606Daehkcarc420|daehkcarc420\n|html|View the match progress at <a href=\"\/game-bestof3-gen9vgc2023regulatione-1991161648\">game-bestof3-gen9vgc2023regulatione-1991161648<\/a>\n|t:|1700052346\n|gametype|doubles\n|player|p1|Daehkcarc420|102|\n|player|p2|Devlisted|170|\n|teamsize|p1|6\n|teamsize|p2|6\n|gen|9\n|tier|[Gen 9] VGC 2023 Regulation E\n|rule|Species Clause: Limit one of each Pok\u00e9mon\n|rule|Item Clause: Limit one of each item\n|clearpoke\n|poke|p1|Amoonguss, L50, F|\n|poke|p1|Regieleki, L50|\n|poke|p1|Tornadus, L50, M|\n|poke|p1|Ludicolo, L50, F|\n|poke|p1|Uxie, L50|\n|poke|p1|Flutter Mane, L50|\n|poke|p2|Slither Wing, L50|\n|poke|p2|Moltres-Galar, L50|\n|poke|p2|Gholdengo, L50|\n|poke|p2|Grimmsnarl, L50, M|\n|poke|p2|Arcanine-Hisui, L50, F|\n|poke|p2|Gastrodon-East, L50, F|\n|teampreview|4\n|inactive|Battle timer is ON: inactive players will automatically lose when time's up. (requested by Daehkcarc420)\n|j|\u2606Devlisted\n|\n|t:|1700052375\n|start\n|switch|p1a: Tornadus|Tornadus, L50, M|100\/100\n|switch|p1b: Regieleki|Regieleki, L50|100\/100\n|switch|p2a: Grimmsnarl|Grimmsnarl, L50, M|100\/100\n|switch|p2b: Gastrodon|Gastrodon-East, L50, F|100\/100\n|turn|1\n|\n|t:|1700052395\n|switch|p1b: Flutter Mane|Flutter Mane, L50|100\/100\n|-enditem|p1b: Flutter Mane|Booster Energy\n|-activate|p1b: Flutter Mane|ability: Protosynthesis|[fromitem]\n|-start|p1b: Flutter Mane|protosynthesisspe\n|move|p1a: Tornadus|Tailwind|p1a: Tornadus\n|-sidestart|p1: Daehkcarc420|move: Tailwind\n|move|p2a: Grimmsnarl|Light Screen|p2a: Grimmsnarl\n|-sidestart|p2: Devlisted|move: Light Screen\n|move|p2b: Gastrodon|Earth Power|p1b: Flutter Mane\n|-damage|p1b: Flutter Mane|70\/100\n|\n|upkeep\n|turn|2\n|\n|t:|1700052416\n|move|p1a: Tornadus|Rain Dance|p1a: Tornadus\n|-weather|RainDance\n|move|p2a: Grimmsnarl|Thunder Wave|p1b: Flutter Mane|[miss]\n|-miss|p2a: Grimmsnarl|p1b: Flutter Mane\n|move|p1b: Flutter Mane|Dazzling Gleam|p2a: Grimmsnarl|[spread] p2a,p2b\n|-supereffective|p2a: Grimmsnarl\n|-damage|p2a: Grimmsnarl|57\/100\n|-damage|p2b: Gastrodon|82\/100\n|move|p2b: Gastrodon|Earth Power|p1b: Flutter Mane\n|-damage|p1b: Flutter Mane|37\/100\n|\n|-weather|RainDance|[upkeep]\n|upkeep\n|turn|3\n|inactive|Devlisted has 30 seconds left.\n|\n|t:|1700052449\n|move|p1b: Flutter Mane|Dazzling Gleam|p2a: Grimmsnarl|[spread] p2a,p2b\n|-supereffective|p2a: Grimmsnarl\n|-damage|p2a: Grimmsnarl|17\/100\n|-damage|p2b: Gastrodon|62\/100\n|move|p1a: Tornadus|Bleakwind Storm|p2a: Grimmsnarl|[spread] p2a,p2b\n|-damage|p2a: Grimmsnarl|0 fnt\n|-damage|p2b: Gastrodon|41\/100\n|-unboost|p2b: Gastrodon|spe|1\n|faint|p2a: Grimmsnarl\n|move|p2b: Gastrodon|Ice Beam|p1a: Tornadus\n|-supereffective|p1a: Tornadus\n|-damage|p1a: Tornadus|50\/100\n|\n|-weather|RainDance|[upkeep]\n|upkeep\n|\n|t:|1700052456\n|switch|p2a: Moltres|Moltres-Galar, L50|100\/100\n|turn|4\n|\n|t:|1700052481\n|-terastallize|p2a: Moltres|Poison\n|move|p1b: Flutter Mane|Dazzling Gleam|p2a: Moltres|[spread] p2a,p2b\n|-resisted|p2a: Moltres\n|-damage|p2a: Moltres|93\/100\n|-damage|p2b: Gastrodon|22\/100\n|move|p1a: Tornadus|Bleakwind Storm|p2a: Moltres|[spread] p2a,p2b\n|-damage|p2a: Moltres|75\/100\n|-damage|p2b: Gastrodon|0 fnt\n|-unboost|p2a: Moltres|spe|1\n|faint|p2b: Gastrodon\n|move|p2a: Moltres|Fiery Wrath|p1a: Tornadus|[spread] p1a,p1b\n|-damage|p1a: Tornadus|8\/100\n|-damage|p1b: Flutter Mane|4\/100\n|\n|-weather|RainDance|[upkeep]\n|-sideend|p1: Daehkcarc420|move: Tailwind\n|upkeep\n|\n|t:|1700052487\n|switch|p2b: Gholdengo|Gholdengo, L50|100\/100\n|turn|5\n|inactive|Devlisted has 30 seconds left.\n|inactive|Daehkcarc420 has 30 seconds left.\n|\n|t:|1700052520\n|move|p1a: Tornadus|Tailwind|p1a: Tornadus\n|-sidestart|p1: Daehkcarc420|move: Tailwind\n|move|p1b: Flutter Mane|Shadow Ball|p2b: Gholdengo\n|-supereffective|p2b: Gholdengo\n|-damage|p2b: Gholdengo|40\/100\n|-unboost|p2b: Gholdengo|spd|1\n|move|p2b: Gholdengo|Thunderbolt|p1b: Flutter Mane\n|-damage|p1b: Flutter Mane|0 fnt\n|faint|p1b: Flutter Mane\n|-end|p1b: Flutter Mane|Protosynthesis|[silent]\n|move|p2a: Moltres|Fiery Wrath|p1a: Tornadus\n|-damage|p1a: Tornadus|0 fnt\n|faint|p1a: Tornadus\n|\n|-weather|RainDance|[upkeep]\n|upkeep\n|\n|t:|1700052529\n|switch|p1b: Ludicolo|Ludicolo, L50, F|100\/100\n|switch|p1a: Regieleki|Regieleki, L50|100\/100\n|turn|6\n|\n|t:|1700052543\n|move|p1a: Regieleki|Thunder|p2a: Moltres\n|-damage|p2a: Moltres|40\/100\n|-ability|p2a: Moltres|Berserk|boost\n|-boost|p2a: Moltres|spa|1\n|-enditem|p2a: Moltres|Sitrus Berry|[eat]\n|-heal|p2a: Moltres|65\/100|[from] item: Sitrus Berry\n|move|p1b: Ludicolo|Weather Ball|p1a: Regieleki\n|-damage|p1a: Regieleki|0 fnt\n|faint|p1a: Regieleki\n|move|p2b: Gholdengo|Thunderbolt|p1b: Ludicolo\n|-damage|p1b: Ludicolo|38\/100\n|move|p2a: Moltres|Fiery Wrath|p1b: Ludicolo\n|-damage|p1b: Ludicolo|0 fnt\n|faint|p1b: Ludicolo\n|\n|win|Devlisted\n","uploadtime":1700052555,"views":10,"p1id":"daehkcarc420","p2id":"devlisted","formatid":"gen9vgc2023regulatione","rating":0,"private":0,"password":""}