{"id":"gen9vgc2023regulatione-1989701864","p1":"Smak Talk","p2":"Ayresbrun","format":"[Gen 9] VGC 2023 Regulation E","log":"|j|\u2606Smak Talk\n|j|\u2606Ayresbrun\n|t:|1699888277\n|gametype|doubles\n|player|p1|Smak Talk|170|1172\n|player|p2|Ayresbrun|266|1255\n|teamsize|p1|6\n|teamsize|p2|6\n|gen|9\n|tier|[Gen 9] VGC 2023 Regulation E\n|rated|\n|rule|Species Clause: Limit one of each Pok\u00e9mon\n|rule|Item Clause: Limit one of each item\n|clearpoke\n|poke|p1|Brute Bonnet, L50|\n|poke|p1|Iron Bundle, L50|\n|poke|p1|Landorus, L50, M|\n|poke|p1|Hatterene, L50, F|\n|poke|p1|Dragapult, L50, M|\n|poke|p1|Iron Moth, L50|\n|poke|p2|Flutter Mane, L50|\n|poke|p2|Tornadus, L50, M|\n|poke|p2|Heatran, L50, M|\n|poke|p2|Rillaboom, L50, M|\n|poke|p2|Arcanine, L50, M|\n|poke|p2|Hydreigon, L50, F|\n|teampreview|4\nAyresbrun has agreed to open team sheets.\n|inactive|Battle timer is ON: inactive players will automatically lose when time's up. (requested by Ayresbrun)\n|inactive|Smak Talk has 60 seconds left.\n|inactive|Ayresbrun has 60 seconds left.\n|\n|t:|1699888344\n|start\n|switch|p1a: Hatterene|Hatterene, L50, F|100\/100\n|switch|p1b: Iron Bundle|Iron Bundle, L50|100\/100\n|switch|p2a: Rillaboom|Rillaboom, L50, M|100\/100\n|switch|p2b: Tornadus|Tornadus, L50, M|100\/100\n|-fieldstart|move: Grassy Terrain|[from] ability: Grassy Surge|[of] p2a: Rillaboom\n|turn|1\n|\n|t:|1699888368\n|-end|p1b: Iron Bundle|Quark Drive|[silent]\n|switch|p1b: Brute Bonnet|Brute Bonnet, L50|100\/100\n|move|p2a: Rillaboom|Fake Out|p1a: Hatterene\n|-damage|p1a: Hatterene|85\/100\n|move|p2b: Tornadus|Grass Knot|p1b: Brute Bonnet\n|-resisted|p1b: Brute Bonnet\n|-crit|p1b: Brute Bonnet\n|-damage|p1b: Brute Bonnet|92\/100\n|cant|p1a: Hatterene|flinch\n|\n|-heal|p1b: Brute Bonnet|98\/100|[from] Grassy Terrain\n|-heal|p1a: Hatterene|90\/100|[from] Grassy Terrain\n|upkeep\n|turn|2\n|inactive|Ayresbrun has 30 seconds left.\n|inactive|Smak Talk has 30 seconds left.\n|\n|t:|1699888402\n|-terastallize|p1b: Brute Bonnet|Ghost\n|move|p2b: Tornadus|Bleakwind Storm|p1b: Brute Bonnet|[spread] p1a,p1b\n|-damage|p1a: Hatterene|61\/100\n|-damage|p1b: Brute Bonnet|71\/100\n|move|p1b: Brute Bonnet|Spore|p2b: Tornadus\n|-status|p2b: Tornadus|slp|[from] move: Spore\n|move|p2a: Rillaboom|Wood Hammer|p1a: Hatterene\n|-damage|p1a: Hatterene|0 fnt\n|faint|p1a: Hatterene\n|-damage|p2a: Rillaboom|86\/100|[from] Recoil\n|\n|-heal|p1b: Brute Bonnet|76\/100|[from] Grassy Terrain\n|-heal|p2a: Rillaboom|91\/100|[from] Grassy Terrain\n|upkeep\n|\n|t:|1699888412\n|switch|p1a: Iron Bundle|Iron Bundle, L50|100\/100\n|turn|3\n|inactive|Smak Talk has 30 seconds left.\n|inactive|Ayresbrun has 30 seconds left.\n|\n|t:|1699888447\n|-end|p1a: Iron Bundle|Quark Drive|[silent]\n|switch|p1a: Iron Moth|Iron Moth, L50|100\/100\n|-enditem|p1a: Iron Moth|Booster Energy\n|-activate|p1a: Iron Moth|ability: Quark Drive|[fromitem]\n|-start|p1a: Iron Moth|quarkdrivespe\n|cant|p2b: Tornadus|slp\n|move|p2a: Rillaboom|Grassy Glide|p1a: Iron Moth\n|-resisted|p1a: Iron Moth\n|-damage|p1a: Iron Moth|86\/100\n|move|p1b: Brute Bonnet|Trailblaze|p2b: Tornadus\n|-resisted|p2b: Tornadus\n|-damage|p2b: Tornadus|84\/100 slp\n|-boost|p1b: Brute Bonnet|spe|1\n|\n|-heal|p1a: Iron Moth|92\/100|[from] Grassy Terrain\n|-heal|p1b: Brute Bonnet|82\/100|[from] Grassy Terrain\n|-heal|p2a: Rillaboom|97\/100|[from] Grassy Terrain\n|upkeep\n|turn|4\n|inactive|Ayresbrun has 30 seconds left.\n|inactive|Smak Talk has 30 seconds left.\n|\n|t:|1699888482\n|switch|p2a: Heatran|Heatran, L50, M|100\/100\n|-curestatus|p2b: Tornadus|slp|[msg]\n|move|p2b: Tornadus|Tailwind|p2b: Tornadus\n|-sidestart|p2: Ayresbrun|move: Tailwind\n|move|p1a: Iron Moth|Fiery Dance|p2a: Heatran\n|-start|p2a: Heatran|ability: Flash Fire\n|move|p1b: Brute Bonnet|Spore|p2a: Heatran\n|-status|p2a: Heatran|slp|[from] move: Spore\n|\n|-heal|p1a: Iron Moth|98\/100|[from] Grassy Terrain\n|-heal|p1b: Brute Bonnet|88\/100|[from] Grassy Terrain\n|upkeep\n|turn|5\n|inactive|Ayresbrun has 30 seconds left.\n|\n|t:|1699888510\n|move|p2b: Tornadus|Bleakwind Storm|p1b: Brute Bonnet|[spread] p1a\n|-miss|p2b: Tornadus|p1b: Brute Bonnet\n|-damage|p1a: Iron Moth|70\/100\n|-unboost|p1a: Iron Moth|spe|1\n|cant|p2a: Heatran|slp\n|move|p1a: Iron Moth|Fiery Dance|p2b: Tornadus\n|-damage|p2b: Tornadus|44\/100\n|-boost|p1a: Iron Moth|spa|1\n|move|p1b: Brute Bonnet|Close Combat|p2a: Heatran\n|-supereffective|p2a: Heatran\n|-damage|p2a: Heatran|32\/100 slp\n|-unboost|p1b: Brute Bonnet|def|1\n|-unboost|p1b: Brute Bonnet|spd|1\n|\n|-heal|p2a: Heatran|38\/100 slp|[from] Grassy Terrain\n|-heal|p1a: Iron Moth|75\/100|[from] Grassy Terrain\n|-heal|p1b: Brute Bonnet|94\/100|[from] Grassy Terrain\n|-fieldend|move: Grassy Terrain\n|upkeep\n|turn|6\n|inactive|Smak Talk has 30 seconds left.\n|inactive|Ayresbrun has 30 seconds left.\n|\n|t:|1699888540\n|-curestatus|p2a: Heatran|slp|[msg]\n|move|p2a: Heatran|Protect|p2a: Heatran\n|-singleturn|p2a: Heatran|Protect\n|move|p1b: Brute Bonnet|Sucker Punch|p2b: Tornadus\n|-damage|p2b: Tornadus|11\/100\n|move|p2b: Tornadus|Bleakwind Storm|p1b: Brute Bonnet|[spread] p1a\n|-miss|p2b: Tornadus|p1b: Brute Bonnet\n|-damage|p1a: Iron Moth|47\/100\n|move|p1a: Iron Moth|Sludge Wave|p2a: Heatran|[spread] p1b,p2b\n|-activate|p2a: Heatran|move: Protect\n|-resisted|p1b: Brute Bonnet\n|-damage|p1b: Brute Bonnet|57\/100\n|-damage|p2b: Tornadus|0 fnt\n|faint|p2b: Tornadus\n|\n|upkeep\n|\n|t:|1699888557\n|switch|p2b: Arcanine|Arcanine, L50, M|100\/100\n|-ability|p2b: Arcanine|Intimidate|boost\n|-unboost|p1a: Iron Moth|atk|1\n|-unboost|p1b: Brute Bonnet|atk|1\n|turn|7\n|inactive|Ayresbrun has 30 seconds left.\n|inactive|Smak Talk has 30 seconds left.\n|inactive|Ayresbrun has 20 seconds left.\n|inactive|Ayresbrun has 15 seconds left.\n|inactive|Smak Talk has 20 seconds left.\n|inactive|Ayresbrun has 10 seconds left.\n|inactive|Smak Talk has 15 seconds left.\n|inactive|Ayresbrun has 5 seconds left.\n|\n|t:|1699888610\n|move|p2a: Heatran|Protect|p2a: Heatran\n|-singleturn|p2a: Heatran|Protect\n|move|p1b: Brute Bonnet|Sucker Punch||[still]\n|-fail|p1b: Brute Bonnet\n|move|p2b: Arcanine|Will-O-Wisp|p1b: Brute Bonnet\n|-status|p1b: Brute Bonnet|brn\n|move|p1a: Iron Moth|Toxic|p2b: Arcanine\n|-status|p2b: Arcanine|tox\n|\n|-damage|p2b: Arcanine|94\/100 tox|[from] psn\n|-damage|p1b: Brute Bonnet|51\/100 brn|[from] brn\n|-sideend|p2: Ayresbrun|move: Tailwind\n|upkeep\n|turn|8\n|inactive|Ayresbrun has 30 seconds left.\n|inactive|Smak Talk has 30 seconds left.\n|inactive|Smak Talk has 20 seconds left.\n|\n|t:|1699888652\n|-terastallize|p2b: Arcanine|Grass\n|move|p1b: Brute Bonnet|Sucker Punch|p2b: Arcanine\n|-damage|p2b: Arcanine|82\/100 tox\n|move|p1a: Iron Moth|Sludge Wave|p2b: Arcanine|[spread] p1b,p2b\n|-immune|p2a: Heatran\n|-resisted|p1b: Brute Bonnet\n|-supereffective|p2b: Arcanine\n|-damage|p1b: Brute Bonnet|14\/100 brn\n|-damage|p2b: Arcanine|0 fnt\n|faint|p2b: Arcanine\n|move|p2a: Heatran|Heat Wave|p1b: Brute Bonnet|[spread] p1a,p1b\n|-resisted|p1a: Iron Moth\n|-damage|p1a: Iron Moth|13\/100\n|-damage|p1b: Brute Bonnet|0 fnt\n|faint|p1b: Brute Bonnet\n|-end|p1b: Brute Bonnet|Protosynthesis|[silent]\n|-damage|p2a: Heatran|28\/100|[from] item: Life Orb\n|\n|upkeep\n|\n|t:|1699888666\n|switch|p2b: Rillaboom|Rillaboom, L50, M|97\/100\n|switch|p1b: Iron Bundle|Iron Bundle, L50|100\/100\n|-fieldstart|move: Grassy Terrain|[from] ability: Grassy Surge|[of] p2b: Rillaboom\n|turn|9\n|inactive|Ayresbrun has 30 seconds left.\n|inactive|Ayresbrun has 20 seconds left.\n|inactive|Ayresbrun has 15 seconds left.\n|\n|t:|1699888708\n|move|p2b: Rillaboom|Fake Out|p1a: Iron Moth\n|-damage|p1a: Iron Moth|0 fnt\n|faint|p1a: Iron Moth\n|-end|p1a: Iron Moth|Quark Drive|[silent]\n|move|p1b: Iron Bundle|Hydro Pump|p2a: Heatran\n|-supereffective|p2a: Heatran\n|-damage|p2a: Heatran|0 fnt\n|faint|p2a: Heatran\n|\n|-heal|p2b: Rillaboom|100\/100|[from] Grassy Terrain\n|upkeep\n|turn|10\n|\n|t:|1699888718\n|move|p1b: Iron Bundle|Freeze-Dry|p2b: Rillaboom\n|-supereffective|p2b: Rillaboom\n|-damage|p2b: Rillaboom|47\/100\n|move|p2b: Rillaboom|Wood Hammer|p1b: Iron Bundle\n|-supereffective|p1b: Iron Bundle\n|-damage|p1b: Iron Bundle|0 fnt\n|faint|p1b: Iron Bundle\n|-end|p1b: Iron Bundle|Quark Drive|[silent]\n|-damage|p2b: Rillaboom|27\/100|[from] Recoil\n|\n|win|Ayresbrun\n|raw|Smak Talk's rating: 1172 &rarr; <strong>1153<\/strong><br \/>(-19 for losing)\n|raw|Ayresbrun's rating: 1255 &rarr; <strong>1274<\/strong><br \/>(+19 for winning)\n|l|\u2606Smak Talk\n","uploadtime":1699888727,"views":24,"p1id":"smaktalk","p2id":"ayresbrun","formatid":"gen9vgc2023regulatione","rating":1153,"private":0,"password":""}