{"id":"gen9vgc2023regulatione-1990128154","p1":"Matcha Man Savage","p2":"jenzz2","format":"[Gen 9] VGC 2023 Regulation E","log":"|j|\u2606Matcha Man Savage\n|j|\u2606jenzz2\n|t:|1699927576\n|gametype|doubles\n|player|p1|Matcha Man Savage|pokemaniac|\n|player|p2|jenzz2|169|\n|teamsize|p1|6\n|teamsize|p2|6\n|gen|9\n|tier|[Gen 9] VGC 2023 Regulation E\n|rule|Species Clause: Limit one of each Pok\u00e9mon\n|rule|Item Clause: Limit one of each item\n|clearpoke\n|poke|p1|Iron Hands, L50|\n|poke|p1|Chi-Yu, L50|\n|poke|p1|Flutter Mane, L50|\n|poke|p1|Torkoal, L50, M|\n|poke|p1|Lilligant-Hisui, L50, F|\n|poke|p1|Dusclops, L50, M|\n|poke|p2|Flutter Mane, L50|\n|poke|p2|Indeedee-F, L50, F|\n|poke|p2|Landorus-Therian, L50, M|\n|poke|p2|Iron Hands, L50|\n|poke|p2|Sinistcha-Masterpiece, L50|\n|poke|p2|Moltres-Galar, L50|\n|teampreview|4\n|inactive|Battle timer is ON: inactive players will automatically lose when time's up. (requested by Matcha Man Savage)\n|\n|t:|1699927603\n|start\n|switch|p1a: Tairy Fera|Flutter Mane, L50|100\/100\n|switch|p1b: Dusclops|Dusclops, L50, M, shiny|100\/100\n|switch|p2a: Sinistcha|Sinistcha-Masterpiece, L50|100\/100\n|switch|p2b: Landorus|Landorus-Therian, L50, M|100\/100\n|-ability|p2b: Landorus|Intimidate|boost\n|-unboost|p1a: Tairy Fera|atk|1\n|-unboost|p1b: Dusclops|atk|1\n|-ability|p1b: Dusclops|Pressure\n|turn|1\n|inactive|jenzz2 has 30 seconds left.\n|\n|t:|1699927630\n|-end|p1a: Tairy Fera|Protosynthesis|[silent]\n|switch|p1a: Torque|Torkoal, L50, M|100\/100\n|-weather|SunnyDay|[from] ability: Drought|[of] p1a: Torque\n|switch|p2a: Moltres|Moltres-Galar, L50|100\/100\n|move|p2b: Landorus|Earthquake|p1b: Dusclops|[spread] p1a,p1b\n|-immune|p2a: Moltres\n|-supereffective|p1a: Torque\n|-damage|p1a: Torque|26\/100\n|-damage|p1b: Dusclops|74\/100\n|move|p1b: Dusclops|Will-O-Wisp|p2b: Landorus\n|-status|p2b: Landorus|brn\n|\n|-weather|SunnyDay|[upkeep]\n|-damage|p2b: Landorus|94\/100 brn|[from] brn\n|upkeep\n|turn|2\n|inactive|Matcha Man Savage has 30 seconds left.\n|\n|t:|1699927664\n|move|p2b: Landorus|Earthquake|p1b: Dusclops|[spread] p1a,p1b\n|-immune|p2a: Moltres\n|-supereffective|p1a: Torque\n|-damage|p1a: Torque|0 fnt\n|-damage|p1b: Dusclops|61\/100\n|faint|p1a: Torque\n|move|p2a: Moltres|Fiery Wrath|p1b: Dusclops\n|-supereffective|p1b: Dusclops\n|-damage|p1b: Dusclops|8\/100\n|move|p1b: Dusclops|Night Shade|p2a: Moltres\n|-damage|p2a: Moltres|73\/100\n|\n|-weather|SunnyDay|[upkeep]\n|-damage|p2b: Landorus|88\/100 brn|[from] brn\n|upkeep\n|\n|t:|1699927677\n|switch|p1a: Chi-Yu|Chi-Yu, L50|100\/100\n|-ability|p1a: Chi-Yu|Beads of Ruin\n|turn|3\n|\n|t:|1699927684\n|move|p1a: Chi-Yu|Protect|p1a: Chi-Yu\n|-singleturn|p1a: Chi-Yu|Protect\n|move|p2a: Moltres|Protect|p2a: Moltres\n|-singleturn|p2a: Moltres|Protect\n|move|p2b: Landorus|Earthquake|p1b: Dusclops|[spread] p1b\n|-activate|p2a: Moltres|move: Protect\n|-activate|p1a: Chi-Yu|move: Protect\n|-damage|p1b: Dusclops|0 fnt\n|faint|p1b: Dusclops\n|\n|-weather|SunnyDay|[upkeep]\n|-damage|p2b: Landorus|82\/100 brn|[from] brn\n|upkeep\n|\n|t:|1699927688\n|switch|p1b: Tairy Fera|Flutter Mane, L50|100\/100\n|-activate|p1b: Tairy Fera|ability: Protosynthesis\n|-start|p1b: Tairy Fera|protosynthesisspa\n|turn|4\n|inactive|jenzz2 has 30 seconds left.\n|inactive|jenzz2 has 20 seconds left.\n|inactive|jenzz2 has 15 seconds left.\n|\n|t:|1699927729\n|-terastallize|p1b: Tairy Fera|Grass\n|move|p1b: Tairy Fera|Dazzling Gleam|p2b: Landorus|[spread] p2a,p2b\n|-supereffective|p2a: Moltres\n|-damage|p2a: Moltres|0 fnt\n|-damage|p2b: Landorus|42\/100 brn\n|faint|p2a: Moltres\n|move|p1a: Chi-Yu|Snarl|p2b: Landorus\n|-damage|p2b: Landorus|0 fnt\n|faint|p2b: Landorus\n|-damage|p1a: Chi-Yu|91\/100|[from] item: Life Orb\n|\n|-weather|SunnyDay|[upkeep]\n|upkeep\n|\n|t:|1699927739\n|switch|p2b: Sinistcha|Sinistcha-Masterpiece, L50|100\/100\n|switch|p2a: Iron Hands|Iron Hands, L50, shiny|100\/100\n|turn|5\n|\n|t:|1699927754\n|-terastallize|p2b: Sinistcha|Fire\n|move|p1a: Chi-Yu|Protect|p1a: Chi-Yu\n|-singleturn|p1a: Chi-Yu|Protect\n|move|p2a: Iron Hands|Fake Out|p1b: Tairy Fera\n|-damage|p1b: Tairy Fera|79\/100\n|cant|p1b: Tairy Fera|flinch\n|move|p2b: Sinistcha|Trick Room|p2b: Sinistcha\n|-fieldstart|move: Trick Room|[of] p2b: Sinistcha\n|\n|-weather|none\n|-end|p1b: Tairy Fera|Protosynthesis\n|upkeep\n|turn|6\n|inactive|jenzz2 has 30 seconds left.\n|\n|t:|1699927785\n|move|p2a: Iron Hands|Drain Punch|p1b: Tairy Fera\n|-damage|p1b: Tairy Fera|25\/100\n|move|p2b: Sinistcha|Calm Mind|p2b: Sinistcha\n|-boost|p2b: Sinistcha|spa|1\n|-boost|p2b: Sinistcha|spd|1\n|move|p1a: Chi-Yu|Heat Wave|p2a: Iron Hands|[spread] p2a,p2b\n|-crit|p2a: Iron Hands\n|-resisted|p2b: Sinistcha\n|-damage|p2a: Iron Hands|24\/100\n|-damage|p2b: Sinistcha|79\/100\n|-enditem|p2a: Iron Hands|Sitrus Berry|[eat]\n|-heal|p2a: Iron Hands|49\/100|[from] item: Sitrus Berry\n|-damage|p1a: Chi-Yu|82\/100|[from] item: Life Orb\n|move|p1b: Tairy Fera|Dazzling Gleam|p2a: Iron Hands|[spread] p2a,p2b\n|-supereffective|p2a: Iron Hands\n|-resisted|p2b: Sinistcha\n|-damage|p2a: Iron Hands|0 fnt\n|-damage|p2b: Sinistcha|67\/100\n|faint|p2a: Iron Hands\n|-end|p2a: Iron Hands|Quark Drive|[silent]\n|\n|-heal|p2b: Sinistcha|73\/100|[from] item: Leftovers\n|upkeep\n|turn|7\n|inactive|jenzz2 has 30 seconds left.\n|\n|t:|1699927810\n|move|p2b: Sinistcha|Matcha Gotcha|p1b: Tairy Fera|[spread] p1a,p1b\n|-resisted|p1a: Chi-Yu\n|-resisted|p1b: Tairy Fera\n|-damage|p1a: Chi-Yu|64\/100\n|-heal|p2b: Sinistcha|80\/100|[from] drain|[of] p1a: Chi-Yu\n|-damage|p1b: Tairy Fera|11\/100\n|-heal|p2b: Sinistcha|87\/100|[from] drain|[of] p1b: Tairy Fera\n|move|p1a: Chi-Yu|Snarl|p2b: Sinistcha\n|-damage|p2b: Sinistcha|54\/100\n|-unboost|p2b: Sinistcha|spa|1\n|-damage|p1a: Chi-Yu|55\/100|[from] item: Life Orb\n|move|p1b: Tairy Fera|Shadow Ball|p2b: Sinistcha\n|-damage|p2b: Sinistcha|20\/100\n|\n|-heal|p2b: Sinistcha|26\/100|[from] item: Leftovers\n|upkeep\n|turn|8\n|\n|t:|1699927834\n|move|p2b: Sinistcha|Matcha Gotcha|p1b: Tairy Fera|[spread] p1a,p1b\n|-resisted|p1a: Chi-Yu\n|-resisted|p1b: Tairy Fera\n|-damage|p1a: Chi-Yu|42\/100\n|-heal|p2b: Sinistcha|32\/100|[from] drain|[of] p1a: Chi-Yu\n|-damage|p1b: Tairy Fera|0 fnt\n|-heal|p2b: Sinistcha|36\/100|[from] drain|[of] p1b: Tairy Fera\n|faint|p1b: Tairy Fera\n|-end|p1b: Tairy Fera|Protosynthesis|[silent]\n|move|p1a: Chi-Yu|Overheat|p2b: Sinistcha\n|-resisted|p2b: Sinistcha\n|-damage|p2b: Sinistcha|0 fnt\n|-unboost|p1a: Chi-Yu|spa|2\n|faint|p2b: Sinistcha\n|-damage|p1a: Chi-Yu|33\/100|[from] item: Life Orb\n|\n|win|Matcha Man Savage\n","uploadtime":1699927848,"views":16,"p1id":"matchamansavage","p2id":"jenzz2","formatid":"gen9vgc2023regulatione","rating":0,"private":0,"password":""}