{"id":"gen9vgc2023regulatione-1989668073","p1":"heroic_chronurgist","p2":"oMigerlonz","format":"[Gen 9] VGC 2023 Regulation E","log":"|j|\u2606heroic_chronurgist\n|j|\u2606oMigerlonz\n|t:|1699885048\n|gametype|doubles\n|player|p1|heroic_chronurgist|nate|1333\n|player|p2|oMigerlonz|dawn|1340\n|teamsize|p1|6\n|teamsize|p2|6\n|gen|9\n|tier|[Gen 9] VGC 2023 Regulation E\n|rated|\n|rule|Species Clause: Limit one of each Pok\u00e9mon\n|rule|Item Clause: Limit one of each item\n|clearpoke\n|poke|p1|Tinkaton, L50, F|\n|poke|p1|Farigiraf, L50, M|\n|poke|p1|Iron Hands, L50|\n|poke|p1|Sinistcha-Masterpiece, L50|\n|poke|p1|Brute Bonnet, L50|\n|poke|p1|Hatterene, L50, F|\n|poke|p2|Moltres-Galar, L50|\n|poke|p2|Sinistcha-Masterpiece, L50|\n|poke|p2|Ninetales-Alola, L50, F|\n|poke|p2|Landorus-Therian, L50, M|\n|poke|p2|Iron Hands, L50|\n|poke|p2|Heatran, L50, F|\n|teampreview|4\nheroic_chronurgist has agreed to open team sheets.\noMigerlonz has agreed to open team sheets.\n|inactive|Battle timer is ON: inactive players will automatically lose when time's up. (requested by heroic_chronurgist)\n|inactive|oMigerlonz has 60 seconds left.\n|\n|t:|1699885156\n|start\n|switch|p1a: Farigiraf|Farigiraf, L50, M|100\/100\n|switch|p1b: Iron Hands|Iron Hands, L50|100\/100\n|switch|p2a: Landorus|Landorus-Therian, L50, M|100\/100\n|switch|p2b: Iron Hands|Iron Hands, L50|100\/100\n|-ability|p2a: Landorus|Intimidate|boost\n|-unboost|p1a: Farigiraf|atk|1\n|-unboost|p1b: Iron Hands|atk|1\n|turn|1\n|inactive|oMigerlonz has 30 seconds left.\n|\n|t:|1699885184\n|switch|p2a: Sinistcha|Sinistcha-Masterpiece, L50|100\/100\n|move|p1b: Iron Hands|Fake Out|p2a: Sinistcha\n|-immune|p2a: Sinistcha\n|move|p2b: Iron Hands|Drain Punch|p1a: Farigiraf\n|-damage|p1a: Farigiraf|65\/100\n|move|p1a: Farigiraf|Trick Room|p1a: Farigiraf\n|-fieldstart|move: Trick Room|[of] p1a: Farigiraf\n|\n|upkeep\n|turn|2\n|\n|t:|1699885200\n|-end|p1b: Iron Hands|Quark Drive|[silent]\n|switch|p1b: Hatterene|Hatterene, L50, F|100\/100\n|-end|p2b: Iron Hands|Quark Drive|[silent]\n|switch|p2b: Landorus|Landorus-Therian, L50, M|100\/100\n|-ability|p2b: Landorus|Intimidate|boost\n|-unboost|p1a: Farigiraf|atk|1\n|-unboost|p1b: Hatterene|atk|1\n|move|p1a: Farigiraf|Psychic|p2b: Landorus\n|-damage|p2b: Landorus|62\/100\n|move|p2a: Sinistcha|Trick Room|p2a: Sinistcha\n|-fieldend|move: Trick Room\n|\n|upkeep\n|turn|3\n|\n|t:|1699885219\n|move|p1a: Farigiraf|Protect|p1a: Farigiraf\n|-singleturn|p1a: Farigiraf|Protect\n|move|p2b: Landorus|U-turn|p1a: Farigiraf\n|-activate|p1a: Farigiraf|move: Protect\n|move|p2a: Sinistcha|Matcha Gotcha|p1a: Farigiraf|[spread] p1b\n|-activate|p1a: Farigiraf|move: Protect\n|-damage|p1b: Hatterene|71\/100\n|move|p1b: Hatterene|Trick Room|p1b: Hatterene\n|-fieldstart|move: Trick Room|[of] p1b: Hatterene\n|\n|upkeep\n|turn|4\n|\n|t:|1699885232\n|switch|p2b: Heatran|Heatran, L50, F|100\/100\n|-terastallize|p1b: Hatterene|Fire\n|move|p1b: Hatterene|Dazzling Gleam|p2b: Heatran|[spread] p2a,p2b\n|-resisted|p2b: Heatran\n|-damage|p2a: Sinistcha|63\/100\n|-damage|p2b: Heatran|93\/100\n|move|p1a: Farigiraf|Psychic|p2b: Heatran\n|-resisted|p2b: Heatran\n|-damage|p2b: Heatran|79\/100\n|-unboost|p2b: Heatran|spd|1\n|move|p2a: Sinistcha|Matcha Gotcha|p1a: Farigiraf|[spread] p1a,p1b\n|-resisted|p1b: Hatterene\n|-damage|p1a: Farigiraf|40\/100\n|-heal|p2a: Sinistcha|78\/100|[from] drain|[of] p1a: Farigiraf\n|-damage|p1b: Hatterene|55\/100\n|-heal|p2a: Sinistcha|85\/100|[from] drain|[of] p1b: Hatterene\n|\n|-heal|p2b: Heatran|85\/100|[from] item: Leftovers\n|upkeep\n|turn|5\n|inactive|oMigerlonz has 30 seconds left.\n|\n|t:|1699885266\n|move|p2b: Heatran|Protect|p2b: Heatran\n|-singleturn|p2b: Heatran|Protect\n|move|p1b: Hatterene|Mystical Fire|p2a: Sinistcha\n|-supereffective|p2a: Sinistcha\n|-damage|p2a: Sinistcha|0 fnt\n|faint|p2a: Sinistcha\n|move|p1a: Farigiraf|Hyper Voice|p2b: Heatran\n|-activate|p2b: Heatran|move: Protect\n|\n|-heal|p2b: Heatran|91\/100|[from] item: Leftovers\n|upkeep\n|\n|t:|1699885278\n|switch|p2a: Iron Hands|Iron Hands, L50|100\/100\n|turn|6\n|inactive|oMigerlonz has 30 seconds left.\n|\n|t:|1699885307\n|-terastallize|p2a: Iron Hands|Water\n|move|p1b: Hatterene|Dazzling Gleam|p2b: Heatran|[spread] p2a,p2b\n|-resisted|p2b: Heatran\n|-damage|p2a: Iron Hands|83\/100\n|-damage|p2b: Heatran|81\/100\n|move|p1a: Farigiraf|Psychic|p2a: Iron Hands\n|-damage|p2a: Iron Hands|65\/100\n|move|p2a: Iron Hands|Drain Punch|p1a: Farigiraf\n|-damage|p1a: Farigiraf|7\/100\n|-heal|p2a: Iron Hands|80\/100|[from] drain|[of] p1a: Farigiraf\n|move|p2b: Heatran|Earth Power|p1b: Hatterene\n|-supereffective|p1b: Hatterene\n|-damage|p1b: Hatterene|0 fnt\n|faint|p1b: Hatterene\n|\n|-heal|p2b: Heatran|87\/100|[from] item: Leftovers\n|upkeep\n|\n|t:|1699885316\n|switch|p1b: Brute Bonnet|Brute Bonnet, L50|100\/100\n|turn|7\n|\n|t:|1699885331\n|move|p1a: Farigiraf|Protect|p1a: Farigiraf\n|-singleturn|p1a: Farigiraf|Protect\n|move|p1b: Brute Bonnet|Spore|p2b: Heatran\n|-status|p2b: Heatran|slp|[from] move: Spore\n|move|p2a: Iron Hands|Drain Punch|p1b: Brute Bonnet\n|-supereffective|p1b: Brute Bonnet\n|-damage|p1b: Brute Bonnet|35\/100\n|-heal|p2a: Iron Hands|100\/100|[from] drain|[of] p1b: Brute Bonnet\n|-enditem|p1b: Brute Bonnet|Sitrus Berry|[eat]\n|-heal|p1b: Brute Bonnet|60\/100|[from] item: Sitrus Berry\n|cant|p2b: Heatran|slp\n|\n|-heal|p2b: Heatran|93\/100 slp|[from] item: Leftovers\n|-fieldend|move: Trick Room\n|upkeep\n|turn|8\n|\n|t:|1699885358\n|cant|p2b: Heatran|slp\n|move|p2a: Iron Hands|Drain Punch|p1a: Farigiraf\n|-damage|p1a: Farigiraf|0 fnt\n|faint|p1a: Farigiraf\n|move|p1b: Brute Bonnet|Spore|p2a: Iron Hands\n|-status|p2a: Iron Hands|slp|[from] move: Spore\n|\n|-heal|p2b: Heatran|99\/100 slp|[from] item: Leftovers\n|upkeep\n|\n|t:|1699885361\n|switch|p1a: Iron Hands|Iron Hands, L50|100\/100\n|turn|9\n|\n|t:|1699885377\n|-end|p2a: Iron Hands|Quark Drive|[silent]\n|switch|p2a: Landorus|Landorus-Therian, L50, M|62\/100\n|-ability|p2a: Landorus|Intimidate|boost\n|-unboost|p1a: Iron Hands|atk|1\n|-unboost|p1b: Brute Bonnet|atk|1\n|-curestatus|p2b: Heatran|slp|[msg]\n|move|p2b: Heatran|Heat Wave|p1a: Iron Hands|[spread] p1a,p1b\n|-supereffective|p1b: Brute Bonnet\n|-damage|p1a: Iron Hands|82\/100\n|-damage|p1b: Brute Bonnet|6\/100\n|move|p1b: Brute Bonnet|Seed Bomb|p2a: Landorus\n|-damage|p2a: Landorus|29\/100\n|move|p1a: Iron Hands|Drain Punch|p2b: Heatran\n|-supereffective|p2b: Heatran\n|-damage|p2b: Heatran|59\/100\n|-heal|p1a: Iron Hands|97\/100|[from] drain|[of] p2b: Heatran\n|\n|-heal|p2b: Heatran|65\/100|[from] item: Leftovers\n|upkeep\n|turn|10\n|\n|t:|1699885401\n|move|p2a: Landorus|U-turn|p1b: Brute Bonnet\n|-supereffective|p1b: Brute Bonnet\n|-damage|p1b: Brute Bonnet|0 fnt\n|faint|p1b: Brute Bonnet\n|-end|p1b: Brute Bonnet|Protosynthesis|[silent]\n|\n|t:|1699885404\n|switch|p2a: Iron Hands|Iron Hands, L50, tera:Water|100\/100 slp|[from] U-turn\n|move|p2b: Heatran|Earth Power|p1a: Iron Hands\n|-supereffective|p1a: Iron Hands\n|-damage|p1a: Iron Hands|68\/100\n|move|p1a: Iron Hands|Drain Punch|p2b: Heatran\n|-supereffective|p2b: Heatran\n|-damage|p2b: Heatran|21\/100\n|-heal|p1a: Iron Hands|85\/100|[from] drain|[of] p2b: Heatran\n|\n|-heal|p2b: Heatran|28\/100|[from] item: Leftovers\n|upkeep\n|turn|11\n|\n|t:|1699885428\n|cant|p2a: Iron Hands|slp\n|move|p2b: Heatran|Earth Power|p1a: Iron Hands\n|-supereffective|p1a: Iron Hands\n|-damage|p1a: Iron Hands|56\/100\n|move|p1a: Iron Hands|Wild Charge|p2a: Iron Hands\n|-supereffective|p2a: Iron Hands\n|-damage|p2a: Iron Hands|54\/100 slp\n|-damage|p1a: Iron Hands|45\/100|[from] Recoil\n|\n|-heal|p2b: Heatran|34\/100|[from] item: Leftovers\n|upkeep\n|turn|12\n|\n|t:|1699885439\n|-end|p2a: Iron Hands|Quark Drive|[silent]\n|switch|p2a: Landorus|Landorus-Therian, L50, M|29\/100\n|-ability|p2a: Landorus|Intimidate|boost\n|-unboost|p1a: Iron Hands|atk|1\n|move|p2b: Heatran|Earth Power|p1a: Iron Hands\n|-supereffective|p1a: Iron Hands\n|-damage|p1a: Iron Hands|17\/100\n|move|p1a: Iron Hands|Drain Punch|p2b: Heatran\n|-supereffective|p2b: Heatran\n|-damage|p2b: Heatran|0 fnt\n|-heal|p1a: Iron Hands|30\/100|[from] drain|[of] p2b: Heatran\n|faint|p2b: Heatran\n|\n|upkeep\n|\n|t:|1699885448\n|switch|p2b: Iron Hands|Iron Hands, L50, tera:Water|54\/100 slp\n|turn|13\n|\n|t:|1699885452\n|-curestatus|p2b: Iron Hands|slp|[msg]\n|move|p2b: Iron Hands|Fake Out|p1a: Iron Hands\n|-damage|p1a: Iron Hands|20\/100\n|move|p2a: Landorus|Stomping Tantrum|p1a: Iron Hands\n|-supereffective|p1a: Iron Hands\n|-damage|p1a: Iron Hands|0 fnt\n|faint|p1a: Iron Hands\n|-end|p1a: Iron Hands|Quark Drive|[silent]\n|\n|win|oMigerlonz\n|raw|heroic_chronurgist's rating: 1333 &rarr; <strong>1313<\/strong><br \/>(-20 for losing)\n|raw|oMigerlonz's rating: 1340 &rarr; <strong>1360<\/strong><br \/>(+20 for winning)\n|l|\u2606heroic_chronurgist\n","uploadtime":1699885677,"views":30,"p1id":"heroicchronurgist","p2id":"omigerlonz","formatid":"gen9vgc2023regulatione","rating":1313,"private":0,"password":""}