{"id":"gen9vgc2023regulatione-1992504329","p1":"IAmAnissue","p2":"benjc","format":"[Gen 9] VGC 2023 Regulation E","log":"|j|\u2606IAmAnissue\n|j|\u2606benjc\n|n|\u2606IAmAnissue|iamanissue\n|n|\u2606benjc|benjc\n|html|View the match progress at <a href=\"\/game-bestof3-gen9vgc2023regulatione-1992502877\">game-bestof3-gen9vgc2023regulatione-1992502877<\/a>\n|t:|1700196213\n|gametype|doubles\n|player|p1|IAmAnissue|101|\n|player|p2|benjc|preschooler|\n|teamsize|p1|6\n|teamsize|p2|6\n|gen|9\n|tier|[Gen 9] VGC 2023 Regulation E\n|rule|Species Clause: Limit one of each Pok\u00e9mon\n|rule|Item Clause: Limit one of each item\n|clearpoke\n|poke|p1|Toxtricity-Low-Key, L50, M|\n|poke|p1|Clawitzer, L50, M|\n|poke|p1|Haunter, L50, M|\n|poke|p1|Gothita, L50, M|\n|poke|p1|Espeon, L50, M|\n|poke|p1|Lokix, L50, M|\n|poke|p2|Samurott-Hisui, L50, M|\n|poke|p2|Persian, L50, F|\n|poke|p2|Gliscor, L50, M|\n|poke|p2|Delphox, L50, M|\n|poke|p2|Decidueye, L50, M|\n|poke|p2|Falinks, L50|\n|teampreview|4\n|inactive|Battle timer is ON: inactive players will automatically lose when time's up. (requested by IAmAnissue)\n|inactive|benjc also wants the timer to be on.\n|c|\u2606IAmAnissue|gg\n|inactive|IAmAnissue no longer wants the timer on, but the timer is staying on because benjc still does.\nIAmAnissue rejected open team sheets.\n|c|\u2606benjc|gl hf!\n|c|\u2606benjc|ggs\n|c|\u2606IAmAnissue|my timer won't turn off\n|inactive|IAmAnissue also wants the timer to be on.\n|inactive|IAmAnissue no longer wants the timer on, but the timer is staying on because benjc still does.\n|c|\u2606IAmAnissue|oh it's you\n|inactiveoff|Battle timer is now OFF.\n|c|\u2606benjc|yea we both had it on lol\n|\n|t:|1700196265\n|start\n|switch|p1a: Gothita|Gothita, L50, M|100\/100\n|switch|p1b: Lokix|Lokix, L50, M, shiny|100\/100\n|switch|p2a: Persian|Persian, L50, F|100\/100\n|switch|p2b: Samurott|Samurott-Hisui, L50, M|100\/100\n|-item|p2a: Persian|King's Rock|[from] ability: Frisk|[of] p1a: Gothita|[identify]\n|-item|p2b: Samurott|Choice Scarf|[from] ability: Frisk|[of] p1a: Gothita|[identify]\n|turn|1\n|\n|t:|1700196295\n|move|p2a: Persian|Fake Out|p1b: Lokix\n|-damage|p1b: Lokix|78\/100\n|move|p2b: Samurott|Flip Turn|p1b: Lokix\n|-damage|p1b: Lokix|29\/100\n|\n|t:|1700196301\n|switch|p2b: Falinks|Falinks, L50|100\/100|[from] Flip Turn\n|cant|p1b: Lokix|flinch\n|move|p1a: Gothita|Trick Room|p1a: Gothita\n|-fieldstart|move: Trick Room|[of] p1a: Gothita\n|\n|upkeep\n|turn|2\n|j| matthewssandslash\n|\n|t:|1700196320\n|move|p2b: Falinks|First Impression|p1b: Lokix\n|-supereffective|p1b: Lokix\n|-damage|p1b: Lokix|0 fnt\n|faint|p1b: Lokix\n|move|p1a: Gothita|Heal Pulse|p1: Lokix|[notarget]\n|-fail|p1a: Gothita\n|move|p2a: Persian|Taunt|p1a: Gothita\n|-start|p1a: Gothita|move: Taunt\n|\n|upkeep\n|c| matthewssandslash|GL HF\n|\n|t:|1700196326\n|switch|p1b: Toxtricity|Toxtricity-Low-Key, L50, M|100\/100\n|turn|3\n|\n|t:|1700196334\n|move|p1a: Gothita|Dark Pulse|p2a: Persian\n|-damage|p2a: Persian|85\/100\n|move|p1b: Toxtricity|Sludge Bomb|p2b: Falinks\n|-damage|p2b: Falinks|0 fnt\n|faint|p2b: Falinks\n|move|p2a: Persian|Snarl|p1a: Gothita|[spread] p1a,p1b\n|-supereffective|p1a: Gothita\n|-damage|p1a: Gothita|82\/100\n|-damage|p1b: Toxtricity|94\/100\n|-unboost|p1a: Gothita|spa|1\n|-unboost|p1b: Toxtricity|spa|1\n|\n|upkeep\n|\n|t:|1700196352\n|switch|p2b: Samurott|Samurott-Hisui, L50, M|100\/100\n|turn|4\n|\n|t:|1700196358\n|-terastallize|p2b: Samurott|Ground\n|move|p1a: Gothita|Dark Pulse|p2b: Samurott\n|-damage|p2b: Samurott|90\/100\n|move|p1b: Toxtricity|Sludge Bomb|p2b: Samurott\n|-resisted|p2b: Samurott\n|-damage|p2b: Samurott|60\/100\n|cant|p2b: Samurott|flinch\n|move|p2a: Persian|Snarl|p1b: Toxtricity|[spread] p1a,p1b\n|-supereffective|p1a: Gothita\n|-damage|p1a: Gothita|65\/100\n|-damage|p1b: Toxtricity|88\/100\n|-unboost|p1a: Gothita|spa|1\n|-unboost|p1b: Toxtricity|spa|1\n|\n|upkeep\n|turn|5\n|\n|t:|1700196381\n|switch|p1b: Clawitzer|Clawitzer, L50, M|100\/100\n|move|p1a: Gothita|Dark Pulse|p2b: Samurott\n|-damage|p2b: Samurott|52\/100\n|move|p2b: Samurott|Tera Blast|p1b: Clawitzer|[anim] Tera Blast Ground\n|-damage|p1b: Clawitzer|56\/100\n|move|p2a: Persian|Snarl|p1a: Gothita|[spread] p1a,p1b\n|-supereffective|p1a: Gothita\n|-damage|p1a: Gothita|48\/100\n|-damage|p1b: Clawitzer|47\/100\n|-unboost|p1a: Gothita|spa|1\n|-unboost|p1b: Clawitzer|spa|1\n|\n|-end|p1a: Gothita|move: Taunt\n|-fieldend|move: Trick Room\n|upkeep\n|turn|6\n|\n|t:|1700196407\n|move|p1a: Gothita|Helping Hand|p1b: Clawitzer\n|-singleturn|p1b: Clawitzer|Helping Hand|[of] p1a: Gothita\n|move|p2a: Persian|Snarl|p1b: Clawitzer|[spread] p1a,p1b\n|-supereffective|p1a: Gothita\n|-damage|p1a: Gothita|31\/100\n|-damage|p1b: Clawitzer|37\/100\n|-unboost|p1a: Gothita|spa|1\n|-unboost|p1b: Clawitzer|spa|1\n|move|p2b: Samurott|Tera Blast|p1b: Clawitzer|[anim] Tera Blast Ground\n|-damage|p1b: Clawitzer|0 fnt\n|faint|p1b: Clawitzer\n|\n|upkeep\n|\n|t:|1700196412\n|switch|p1b: Toxtricity|Toxtricity-Low-Key, L50, M|88\/100\n|turn|7\n|\n|t:|1700196422\n|-terastallize|p1b: Toxtricity|Normal\n|move|p1a: Gothita|Helping Hand|p1b: Toxtricity\n|-singleturn|p1b: Toxtricity|Helping Hand|[of] p1a: Gothita\n|move|p2a: Persian|Taunt|p1a: Gothita\n|-start|p1a: Gothita|move: Taunt\n|move|p2b: Samurott|Tera Blast|p1b: Toxtricity|[anim] Tera Blast Ground\n|-damage|p1b: Toxtricity|32\/100\n|move|p1b: Toxtricity|Boomburst|p2a: Persian|[spread] p1a,p2a,p2b\n|-damage|p1a: Gothita|0 fnt\n|-damage|p2a: Persian|0 fnt\n|-damage|p2b: Samurott|0 fnt\n|faint|p1a: Gothita\n|faint|p2a: Persian\n|faint|p2b: Samurott\n|\n|upkeep\n|\n|t:|1700196437\n|switch|p2b: Decidueye|Decidueye, L50, M|100\/100\n|turn|8\n|-message|IAmAnissue forfeited.\n|\n|win|benjc\n|c|\u2606IAmAnissue|specs lol\n|c|\u2606IAmAnissue|gg\n|c|\u2606benjc|ggs! yea thought so\n|c| matthewssandslash|GGs\n|l| matthewssandslash\n","uploadtime":1700196540,"views":19,"p1id":"iamanissue","p2id":"benjc","formatid":"gen9vgc2023regulatione","rating":0,"private":0,"password":""}