{"id":"gen9vgc2023regulatione-2000176626","p1":"zhz2021","p2":"Yankee love youuu","format":"[Gen 9] VGC 2023 Regulation E","log":"|j|\u2606zhz2021\n|j|\u2606Yankee love youuu\n|t:|1701167701\n|gametype|doubles\n|player|p1|zhz2021|marley|1630\n|player|p2|Yankee love youuu|lady-gen4|1597\n|teamsize|p1|6\n|teamsize|p2|6\n|gen|9\n|tier|[Gen 9] VGC 2023 Regulation E\n|rated|\n|rule|Species Clause: Limit one of each Pok\u00e9mon\n|rule|Item Clause: Limit one of each item\n|clearpoke\n|poke|p1|Weezing-Galar, L50, F|\n|poke|p1|Flutter Mane, L50|\n|poke|p1|Roaring Moon, L50|\n|poke|p1|Iron Hands, L50|\n|poke|p1|Brambleghast, L50, M|\n|poke|p1|Dragonite, L50, F|\n|poke|p2|Kleavor, L50, F|\n|poke|p2|Flutter Mane, L50|\n|poke|p2|Rillaboom, L50, F|\n|poke|p2|Chien-Pao, L50|\n|poke|p2|Heatran, L50, F|\n|poke|p2|Roaring Moon, L50|\n|teampreview|4\n|j| vsNOMEKOPvs\n|l| vsNOMEKOPvs\n|j| vsNOMEKOPvs\n|\n|t:|1701167737\n|start\n|switch|p1a: Silent Sun|Roaring Moon, L50|100\/100\n|switch|p1b: \u304a\u306b\u304e\u308a|Iron Hands, L50|100\/100\n|switch|p2a: Kleavor|Kleavor, L50, F|100\/100\n|switch|p2b: Flutter Mane|Flutter Mane, L50|100\/100\n|-enditem|p1a: Silent Sun|Booster Energy\n|-activate|p1a: Silent Sun|ability: Protosynthesis|[fromitem]\n|-start|p1a: Silent Sun|protosynthesisspe\n|turn|1\n|\n|t:|1701167749\n|move|p1a: Silent Sun|Tailwind|p1a: Silent Sun\n|-sidestart|p1: zhz2021|move: Tailwind\n|move|p1b: \u304a\u306b\u304e\u308a|Heavy Slam|p2b: Flutter Mane\n|-supereffective|p2b: Flutter Mane\n|-damage|p2b: Flutter Mane|0 fnt\n|faint|p2b: Flutter Mane\n|-end|p2b: Flutter Mane|Protosynthesis|[silent]\n|move|p2a: Kleavor|Stone Axe|p1b: \u304a\u306b\u304e\u308a\n|-resisted|p1b: \u304a\u306b\u304e\u308a\n|-damage|p1b: \u304a\u306b\u304e\u308a|81\/100\n|-damage|p2a: Kleavor|84\/100|[from] item: Rocky Helmet|[of] p1b: \u304a\u306b\u304e\u308a\n|-sidestart|p1: zhz2021|move: Stealth Rock\n|\n|upkeep\n|\n|t:|1701167758\n|switch|p2b: Roaring Moon|Roaring Moon, L50|100\/100\n|-enditem|p2b: Roaring Moon|Booster Energy\n|-activate|p2b: Roaring Moon|ability: Protosynthesis|[fromitem]\n|-start|p2b: Roaring Moon|protosynthesisspe\n|turn|2\n|\n|t:|1701167765\n|-terastallize|p2b: Roaring Moon|Poison\n|move|p1a: Silent Sun|Knock Off|p2a: Kleavor\n|-damage|p2a: Kleavor|34\/100\n|-enditem|p2a: Kleavor|Assault Vest|[from] move: Knock Off|[of] p1a: Silent Sun\n|move|p2b: Roaring Moon|Tailwind|p2b: Roaring Moon\n|-sidestart|p2: Yankee love youuu|move: Tailwind\n|move|p2a: Kleavor|X-Scissor|p1a: Silent Sun\n|-supereffective|p1a: Silent Sun\n|-damage|p1a: Silent Sun|0 fnt\n|faint|p1a: Silent Sun\n|-end|p1a: Silent Sun|Protosynthesis|[silent]\n|move|p1b: \u304a\u306b\u304e\u308a|Drain Punch|p2b: Roaring Moon\n|-resisted|p2b: Roaring Moon\n|-damage|p2b: Roaring Moon|80\/100\n|-heal|p1b: \u304a\u306b\u304e\u308a|90\/100|[from] drain|[of] p2b: Roaring Moon\n|\n|upkeep\n|\n|t:|1701167773\n|switch|p1a: \u30e1\u30b9\u30ac\u30ad|Flutter Mane, L50|100\/100\n|-damage|p1a: \u30e1\u30b9\u30ac\u30ad|88\/100|[from] Stealth Rock\n|turn|3\n|\n|t:|1701167786\n|move|p2b: Roaring Moon|Knock Off|p1a: \u30e1\u30b9\u30ac\u30ad\n|-damage|p1a: \u30e1\u30b9\u30ac\u30ad|2\/100\n|-enditem|p1a: \u30e1\u30b9\u30ac\u30ad|Choice Specs|[from] move: Knock Off|[of] p2b: Roaring Moon\n|move|p1a: \u30e1\u30b9\u30ac\u30ad|Shadow Ball|p2b: Roaring Moon\n|-damage|p2b: Roaring Moon|51\/100\n|move|p2a: Kleavor|Stone Axe|p1a: \u30e1\u30b9\u30ac\u30ad\n|-damage|p1a: \u30e1\u30b9\u30ac\u30ad|0 fnt\n|faint|p1a: \u30e1\u30b9\u30ac\u30ad\n|-end|p1a: \u30e1\u30b9\u30ac\u30ad|Protosynthesis|[silent]\n|move|p1b: \u304a\u306b\u304e\u308a|Wild Charge|p2b: Roaring Moon\n|-damage|p2b: Roaring Moon|0 fnt\n|faint|p2b: Roaring Moon\n|-end|p2b: Roaring Moon|Protosynthesis|[silent]\n|-damage|p1b: \u304a\u306b\u304e\u308a|80\/100|[from] Recoil\n|\n|upkeep\n|\n|t:|1701167797\n|switch|p1a: Wind Knight|Brambleghast, L50, M|100\/100\n|switch|p2b: Heatran|Heatran, L50, F|100\/100\n|-damage|p1a: Wind Knight|88\/100|[from] Stealth Rock\n|-ability|p1a: Wind Knight|Wind Rider|boost\n|-boost|p1a: Wind Knight|atk|1\n|turn|4\n|\n|t:|1701167817\n|move|p1a: Wind Knight|Poltergeist|p2b: Heatran\n|-activate|p2b: Heatran|move: Poltergeist|Leftovers\n|-damage|p2b: Heatran|4\/100\n|-damage|p1a: Wind Knight|78\/100|[from] item: Life Orb\n|move|p2a: Kleavor|X-Scissor|p1a: Wind Knight\n|-crit|p1a: Wind Knight\n|-damage|p1a: Wind Knight|0 fnt\n|faint|p1a: Wind Knight\n|move|p2b: Heatran|Earth Power|p1b: \u304a\u306b\u304e\u308a\n|-supereffective|p1b: \u304a\u306b\u304e\u308a\n|-damage|p1b: \u304a\u306b\u304e\u308a|20\/100\n|move|p1b: \u304a\u306b\u304e\u308a|Drain Punch|p2a: Kleavor\n|-damage|p2a: Kleavor|0 fnt\n|-heal|p1b: \u304a\u306b\u304e\u308a|33\/100|[from] drain|[of] p2a: Kleavor\n|faint|p2a: Kleavor\n|\n|-heal|p2b: Heatran|10\/100|[from] item: Leftovers\n|-sideend|p1: zhz2021|move: Tailwind\n|upkeep\n|turn|5\n|inactive|Battle timer is ON: inactive players will automatically lose when time's up. (requested by Yankee love youuu)\n|\n|t:|1701167843\n|move|p2b: Heatran|Earth Power|p1b: \u304a\u306b\u304e\u308a\n|-supereffective|p1b: \u304a\u306b\u304e\u308a\n|-damage|p1b: \u304a\u306b\u304e\u308a|0 fnt\n|faint|p1b: \u304a\u306b\u304e\u308a\n|-end|p1b: \u304a\u306b\u304e\u308a|Quark Drive|[silent]\n|\n|win|Yankee love youuu\n|raw|zhz2021's rating: 1630 &rarr; <strong>1608<\/strong><br \/>(-22 for losing)\n|raw|Yankee love youuu's rating: 1597 &rarr; <strong>1619<\/strong><br \/>(+22 for winning)\n|l|\u2606zhz2021\n","uploadtime":1701167852,"views":9,"p1id":"zhz2021","p2id":"yankeeloveyouuu","formatid":"gen9vgc2023regulatione","rating":1608,"private":0,"password":""}