{"id":"gen9vgc2023regulatione-1991549407","p1":"noobtoprobuilder","p2":"Samuelcc96","format":"[Gen 9] VGC 2023 Regulation E","log":"|j|\u2606noobtoprobuilder\n|j|\u2606Samuelcc96\n|t:|1700087328\n|gametype|doubles\n|player|p1|noobtoprobuilder|1|1076\n|player|p2|Samuelcc96|cilan|1064\n|teamsize|p1|6\n|teamsize|p2|6\n|gen|9\n|tier|[Gen 9] VGC 2023 Regulation E\n|rated|\n|rule|Species Clause: Limit one of each Pok\u00e9mon\n|rule|Item Clause: Limit one of each item\n|clearpoke\n|poke|p1|Iron Hands, L50|\n|poke|p1|Cresselia, L50, F|\n|poke|p1|Chi-Yu, L50|\n|poke|p1|Landorus-Therian, L50, M|\n|poke|p1|Urshifu-*, L50, F|\n|poke|p1|Flutter Mane, L50|\n|poke|p2|Dusclops, L50, M|\n|poke|p2|Ursaluna, L50, F|\n|poke|p2|Armarouge, L50, M|\n|poke|p2|Farigiraf, L50, F|\n|poke|p2|Empoleon, L50, M|\n|poke|p2|Sinistcha, L50|\n|teampreview|4\n|inactive|Battle timer is ON: inactive players will automatically lose when time's up. (requested by noobtoprobuilder)\n|inactive|noobtoprobuilder has 60 seconds left.\n|inactive|Samuelcc96 has 60 seconds left.\n|inactive|noobtoprobuilder has 30 seconds left.\n|inactive|noobtoprobuilder has 20 seconds left.\n|inactive|noobtoprobuilder has 15 seconds left.\n|inactive|noobtoprobuilder has 10 seconds left.\n|inactive|noobtoprobuilder has 5 seconds left.\n|\n|t:|1700087415\n|start\n|switch|p1a: Landorus|Landorus-Therian, L50, M|100\/100\n|switch|p1b: Flutter Mane|Flutter Mane, L50|100\/100\n|switch|p2a: Empoleon|Empoleon, L50, M|100\/100\n|switch|p2b: Sinistcha|Sinistcha, L50|100\/100\n|-ability|p1a: Landorus|Intimidate|boost\n|-unboost|p2a: Empoleon|atk|1\n|-ability|p2a: Empoleon|Competitive|boost\n|-boost|p2a: Empoleon|spa|2\n|-unboost|p2b: Sinistcha|atk|1\n|-enditem|p1b: Flutter Mane|Booster Energy\n|-activate|p1b: Flutter Mane|ability: Protosynthesis|[fromitem]\n|-start|p1b: Flutter Mane|protosynthesisspe\n|turn|1\n|inactive|noobtoprobuilder has 30 seconds left.\n|inactive|noobtoprobuilder has 20 seconds left.\n|\n|t:|1700087453\n|-terastallize|p2b: Sinistcha|Water\n|move|p1b: Flutter Mane|Protect|p1b: Flutter Mane\n|-singleturn|p1b: Flutter Mane|Protect\n|move|p2b: Sinistcha|Rage Powder|p2b: Sinistcha\n|-singleturn|p2b: Sinistcha|move: Rage Powder\n|move|p1a: Landorus|U-turn|p2b: Sinistcha\n|-damage|p2b: Sinistcha|77\/100\n|-damage|p1a: Landorus|84\/100|[from] item: Rocky Helmet|[of] p2b: Sinistcha\n|inactive|noobtoprobuilder has 30 seconds left.\n|\n|t:|1700087484\n|switch|p1a: Urshifu|Urshifu-Rapid-Strike, L50, F|100\/100|[from] U-turn\n|move|p2a: Empoleon|Flash Cannon|p1b: Flutter Mane\n|-activate|p1b: Flutter Mane|move: Protect\n|\n|upkeep\n|turn|2\n|inactive|noobtoprobuilder has 30 seconds left.\n|inactive|Samuelcc96 has 30 seconds left.\n|inactive|noobtoprobuilder has 20 seconds left.\n|inactive|noobtoprobuilder has 15 seconds left.\n|inactive|noobtoprobuilder has 10 seconds left.\n|inactive|noobtoprobuilder has 5 seconds left.\n|\n|t:|1700087536\n|-end|p1b: Flutter Mane|Protosynthesis|[silent]\n|switch|p1b: Cresselia|Cresselia, L50, F|100\/100\n|move|p1a: Urshifu|Detect|p1a: Urshifu\n|-singleturn|p1a: Urshifu|Protect\n|move|p2b: Sinistcha|Rage Powder|p2b: Sinistcha\n|-singleturn|p2b: Sinistcha|move: Rage Powder\n|move|p2a: Empoleon|Flash Cannon|p1a: Urshifu\n|-activate|p1a: Urshifu|move: Protect\n|\n|upkeep\n|turn|3\n|inactive|noobtoprobuilder has 30 seconds left.\n|inactive|noobtoprobuilder has 20 seconds left.\n|inactive|noobtoprobuilder has 15 seconds left.\n|inactive|noobtoprobuilder has 10 seconds left.\n|\n|t:|1700087582\n|move|p2b: Sinistcha|Rage Powder|p2b: Sinistcha\n|-singleturn|p2b: Sinistcha|move: Rage Powder\n|move|p1a: Urshifu|Close Combat|p2b: Sinistcha\n|-damage|p2b: Sinistcha|17\/100\n|-unboost|p1a: Urshifu|def|1\n|-unboost|p1a: Urshifu|spd|1\n|-damage|p1a: Urshifu|84\/100|[from] item: Rocky Helmet|[of] p2b: Sinistcha\n|move|p1b: Cresselia|Psychic|p2b: Sinistcha\n|-damage|p2b: Sinistcha|0 fnt\n|faint|p2b: Sinistcha\n|move|p2a: Empoleon|Flash Cannon|p1a: Urshifu\n|-resisted|p1a: Urshifu\n|-damage|p1a: Urshifu|0 fnt\n|faint|p1a: Urshifu\n|\n|upkeep\n|\n|t:|1700087607\n|switch|p1a: Landorus|Landorus-Therian, L50, M|84\/100\n|switch|p2b: Farigiraf|Farigiraf, L50, F|100\/100\n|-ability|p1a: Landorus|Intimidate|boost\n|-unboost|p2a: Empoleon|atk|1\n|-ability|p2a: Empoleon|Competitive|boost\n|-boost|p2a: Empoleon|spa|2\n|-unboost|p2b: Farigiraf|atk|1\n|turn|4\n|\n|t:|1700087629\n|move|p2b: Farigiraf|Ally Switch|p2b: Farigiraf\n|swap|p2b: Farigiraf|0|[from] move: Ally Switch\n|move|p1a: Landorus|Stomping Tantrum|p2a: Farigiraf\n|-damage|p2a: Farigiraf|59\/100\n|move|p1b: Cresselia|Psychic|p2a: Farigiraf\n|-resisted|p2a: Farigiraf\n|-damage|p2a: Farigiraf|45\/100\n|move|p2b: Empoleon|Water Pledge|p1a: Landorus\n|-supereffective|p1a: Landorus\n|-damage|p1a: Landorus|0 fnt\n|faint|p1a: Landorus\n|\n|upkeep\n|\n|t:|1700087640\n|switch|p1a: Flutter Mane|Flutter Mane, L50|100\/100\n|turn|5\n|inactive|noobtoprobuilder has 30 seconds left.\n|\n|t:|1700087666\n|move|p1a: Flutter Mane|Protect|p1a: Flutter Mane\n|-singleturn|p1a: Flutter Mane|Protect\n|move|p1b: Cresselia|Psychic|p2a: Farigiraf\n|-resisted|p2a: Farigiraf\n|-damage|p2a: Farigiraf|32\/100\n|move|p2b: Empoleon|Flash Cannon|p1b: Cresselia\n|-damage|p1b: Cresselia|27\/100\n|move|p2a: Farigiraf|Trick Room|p2a: Farigiraf\n|-fieldstart|move: Trick Room|[of] p2a: Farigiraf\n|\n|upkeep\n|turn|6\n|\n|t:|1700087690\n|move|p2a: Farigiraf|Foul Play|p1b: Cresselia\n|-supereffective|p1b: Cresselia\n|-damage|p1b: Cresselia|13\/100\n|move|p2b: Empoleon|Flash Cannon|p1a: Flutter Mane\n|-supereffective|p1a: Flutter Mane\n|-damage|p1a: Flutter Mane|0 fnt\n|faint|p1a: Flutter Mane\n|-end|p1a: Flutter Mane|Protosynthesis|[silent]\n|move|p1b: Cresselia|Psychic|p2b: Empoleon\n|-resisted|p2b: Empoleon\n|-damage|p2b: Empoleon|92\/100\n|\n|upkeep\n|turn|7\n|-message|noobtoprobuilder forfeited.\n|\n|win|Samuelcc96\n|raw|noobtoprobuilder's rating: 1076 &rarr; <strong>1054<\/strong><br \/>(-22 for losing)\n|raw|Samuelcc96's rating: 1064 &rarr; <strong>1095<\/strong><br \/>(+31 for winning)\n|l|\u2606noobtoprobuilder\n","uploadtime":1700087711,"views":28,"p1id":"noobtoprobuilder","p2id":"samuelcc96","formatid":"gen9vgc2023regulatione","rating":1054,"private":0,"password":""}