{"id":"gen9vgc2023regulatione-1989391758","p1":"shawtyfiyaburnin","p2":"ZeFantasma","format":"[Gen 9] VGC 2023 Regulation E","log":"|j|\u2606shawtyfiyaburnin\n|j|\u2606ZeFantasma\n|t:|1699844358\n|gametype|doubles\n|player|p1|shawtyfiyaburnin|alec-anime|1364\n|player|p2|ZeFantasma|red|1467\n|teamsize|p1|6\n|teamsize|p2|6\n|gen|9\n|tier|[Gen 9] VGC 2023 Regulation E\n|rated|\n|rule|Species Clause: Limit one of each Pok\u00e9mon\n|rule|Item Clause: Limit one of each item\n|clearpoke\n|poke|p1|Ogerpon-Hearthflame, L50, F|\n|poke|p1|Tornadus, L50, M|\n|poke|p1|Flutter Mane, L50|\n|poke|p1|Rillaboom, L50, M|\n|poke|p1|Iron Bundle, L50|\n|poke|p1|Chi-Yu, L50|\n|poke|p2|Grimmsnarl, L50, M|\n|poke|p2|Indeedee-F, L50, F|\n|poke|p2|Gholdengo, L50|\n|poke|p2|Iron Hands, L50|\n|poke|p2|Armarouge, L50, F|\n|poke|p2|Ogerpon-Wellspring, L50, F|\n|teampreview|4\n|\n|t:|1699844410\n|start\n|switch|p1a: Flutter Mane|Flutter Mane, L50|100\/100\n|switch|p1b: Chi-Yu|Chi-Yu, L50|100\/100\n|switch|p2a: Grimmsnarl|Grimmsnarl, L50, M|100\/100\n|switch|p2b: Gholdengo|Gholdengo, L50|100\/100\n|-ability|p1b: Chi-Yu|Beads of Ruin\n|turn|1\n|\n|t:|1699844428\n|-terastallize|p2b: Gholdengo|Water\n|move|p2a: Grimmsnarl|Light Screen|p2a: Grimmsnarl\n|-sidestart|p2: ZeFantasma|move: Light Screen\n|move|p1a: Flutter Mane|Shadow Ball|p2b: Gholdengo\n|-damage|p2b: Gholdengo|57\/100\n|move|p1b: Chi-Yu|Heat Wave|p2a: Grimmsnarl|[spread] p2a,p2b\n|-resisted|p2b: Gholdengo\n|-damage|p2a: Grimmsnarl|60\/100\n|-damage|p2b: Gholdengo|37\/100\n|-enditem|p2b: Gholdengo|Sitrus Berry|[eat]\n|-heal|p2b: Gholdengo|62\/100|[from] item: Sitrus Berry\n|move|p2b: Gholdengo|Nasty Plot|p2b: Gholdengo\n|-boost|p2b: Gholdengo|spa|2\n|\n|upkeep\n|turn|2\n|\n|t:|1699844463\n|move|p2a: Grimmsnarl|Parting Shot|p1a: Flutter Mane\n|-unboost|p1a: Flutter Mane|atk|1\n|-unboost|p1a: Flutter Mane|spa|1\n|\n|t:|1699844467\n|switch|p2a: Indeedee|Indeedee-F, L50, F|100\/100|[from] Parting Shot\n|-fieldstart|move: Psychic Terrain|[from] ability: Psychic Surge|[of] p2a: Indeedee\n|-enditem|p2a: Indeedee|Psychic Seed\n|-boost|p2a: Indeedee|spd|1|[from] item: Psychic Seed\n|move|p1a: Flutter Mane|Dazzling Gleam|p2a: Indeedee|[spread] p2a,p2b\n|-damage|p2a: Indeedee|88\/100\n|-damage|p2b: Gholdengo|42\/100\n|move|p1b: Chi-Yu|Dark Pulse|p2b: Gholdengo\n|-damage|p2b: Gholdengo|4\/100\n|move|p2b: Gholdengo|Make It Rain|p1b: Chi-Yu|[spread] p1a,p1b\n|-supereffective|p1a: Flutter Mane\n|-resisted|p1b: Chi-Yu\n|-enditem|p1a: Flutter Mane|Focus Sash\n|-damage|p1a: Flutter Mane|1\/100\n|-damage|p1b: Chi-Yu|44\/100\n|-unboost|p2b: Gholdengo|spa|1\n|\n|upkeep\n|turn|3\n|\n|t:|1699844490\n|move|p2b: Gholdengo|Protect|p2b: Gholdengo\n|-singleturn|p2b: Gholdengo|Protect\n|move|p1a: Flutter Mane|Dazzling Gleam|p2b: Gholdengo|[spread] p2a\n|-activate|p2b: Gholdengo|move: Protect\n|-damage|p2a: Indeedee|75\/100\n|move|p1b: Chi-Yu|Dark Pulse|p2a: Indeedee\n|-supereffective|p2a: Indeedee\n|-damage|p2a: Indeedee|25\/100\n|move|p2a: Indeedee|Trick Room|p2a: Indeedee\n|-fieldstart|move: Trick Room|[of] p2a: Indeedee\n|\n|upkeep\n|turn|4\n|\n|t:|1699844526\n|switch|p1b: Rillaboom|Rillaboom, L50, M|100\/100\n|-fieldstart|move: Grassy Terrain|[from] ability: Grassy Surge|[of] p1b: Rillaboom\n|move|p2a: Indeedee|Helping Hand|p2b: Gholdengo\n|-immune|p2b: Gholdengo|[from] ability: Good as Gold\n|move|p1a: Flutter Mane|Protect|p1a: Flutter Mane\n|-singleturn|p1a: Flutter Mane|Protect\n|move|p2b: Gholdengo|Make It Rain|p1b: Rillaboom|[spread] p1b\n|-activate|p1a: Flutter Mane|move: Protect\n|-damage|p1b: Rillaboom|48\/100\n|-unboost|p2b: Gholdengo|spa|1\n|\n|-heal|p2a: Indeedee|31\/100|[from] Grassy Terrain\n|-heal|p1b: Rillaboom|54\/100|[from] Grassy Terrain\n|-heal|p2b: Gholdengo|10\/100|[from] Grassy Terrain\n|-heal|p1a: Flutter Mane|7\/100|[from] Grassy Terrain\n|upkeep\n|turn|5\n|\n|t:|1699844549\n|switch|p2a: Armarouge|Armarouge, L50, F|100\/100\n|move|p2b: Gholdengo|Protect|p2b: Gholdengo\n|-singleturn|p2b: Gholdengo|Protect\n|move|p1b: Rillaboom|Grassy Glide|p2b: Gholdengo\n|-activate|p2b: Gholdengo|move: Protect\n|move|p1a: Flutter Mane|Moonblast|p2a: Armarouge\n|-resisted|p2a: Armarouge\n|-damage|p2a: Armarouge|86\/100\n|\n|-heal|p2a: Armarouge|93\/100|[from] Grassy Terrain\n|-heal|p1b: Rillaboom|59\/100|[from] Grassy Terrain\n|-heal|p2b: Gholdengo|16\/100|[from] Grassy Terrain\n|-heal|p1a: Flutter Mane|13\/100|[from] Grassy Terrain\n|upkeep\n|turn|6\n|\n|t:|1699844600\n|switch|p1b: Chi-Yu|Chi-Yu, L50|44\/100\n|-ability|p1b: Chi-Yu|Beads of Ruin\n|switch|p2b: Indeedee|Indeedee-F, L50, F|31\/100\n|-fieldstart|move: Psychic Terrain|[from] ability: Psychic Surge|[of] p2b: Indeedee\n|move|p1a: Flutter Mane|Protect|p1a: Flutter Mane\n|-singleturn|p1a: Flutter Mane|Protect\n|move|p2a: Armarouge|Expanding Force|p1a: Flutter Mane|[spread] \n|-activate|p1a: Flutter Mane|move: Protect\n|-immune|p1b: Chi-Yu\n|\n|upkeep\n|turn|7\n|\n|t:|1699844626\n|-end|p1a: Flutter Mane|Protosynthesis|[silent]\n|switch|p1a: Rillaboom|Rillaboom, L50, M|59\/100\n|-fieldstart|move: Grassy Terrain|[from] ability: Grassy Surge|[of] p1a: Rillaboom\n|move|p2a: Armarouge|Armor Cannon|p1b: Chi-Yu\n|-resisted|p1b: Chi-Yu\n|-damage|p1b: Chi-Yu|0 fnt\n|-unboost|p2a: Armarouge|def|1\n|-unboost|p2a: Armarouge|spd|1\n|faint|p1b: Chi-Yu\n|-damage|p2a: Armarouge|83\/100|[from] item: Life Orb\n|move|p2b: Indeedee|Dazzling Gleam|p1a: Rillaboom\n|-damage|p1a: Rillaboom|47\/100\n|\n|-heal|p2a: Armarouge|89\/100|[from] Grassy Terrain\n|-heal|p2b: Indeedee|37\/100|[from] Grassy Terrain\n|-heal|p1a: Rillaboom|53\/100|[from] Grassy Terrain\n|-fieldend|move: Trick Room\n|upkeep\n|\n|t:|1699844641\n|switch|p1b: Flutter Mane|Flutter Mane, L50|13\/100\n|turn|8\n|\n|t:|1699844690\n|switch|p2a: Grimmsnarl|Grimmsnarl, L50, M|60\/100\n|move|p1b: Flutter Mane|Shadow Ball|p2a: Grimmsnarl\n|-resisted|p2a: Grimmsnarl\n|-damage|p2a: Grimmsnarl|46\/100\n|move|p1a: Rillaboom|Wood Hammer|p2b: Indeedee\n|-damage|p2b: Indeedee|0 fnt\n|faint|p2b: Indeedee\n|-damage|p1a: Rillaboom|43\/100|[from] Recoil\n|\n|-heal|p1b: Flutter Mane|20\/100|[from] Grassy Terrain\n|-heal|p1a: Rillaboom|48\/100|[from] Grassy Terrain\n|-heal|p2a: Grimmsnarl|52\/100|[from] Grassy Terrain\n|-sideend|p2: ZeFantasma|move: Light Screen\n|upkeep\n|\n|t:|1699844706\n|switch|p2b: Armarouge|Armarouge, L50, F|89\/100\n|turn|9\n|\n|t:|1699844737\n|move|p2b: Armarouge|Protect|p2b: Armarouge\n|-singleturn|p2b: Armarouge|Protect\n|move|p1a: Rillaboom|Grassy Glide|p2a: Grimmsnarl\n|-damage|p2a: Grimmsnarl|16\/100\n|move|p1b: Flutter Mane|Moonblast|p2b: Armarouge\n|-activate|p2b: Armarouge|move: Protect\n|move|p2a: Grimmsnarl|Spirit Break|p1b: Flutter Mane\n|-damage|p1b: Flutter Mane|0 fnt\n|faint|p1b: Flutter Mane\n|-end|p1b: Flutter Mane|Protosynthesis|[silent]\n|\n|-heal|p1a: Rillaboom|54\/100|[from] Grassy Terrain\n|-heal|p2b: Armarouge|95\/100|[from] Grassy Terrain\n|-heal|p2a: Grimmsnarl|22\/100|[from] Grassy Terrain\n|upkeep\n|\n|t:|1699844742\n|switch|p1b: Ogerpon|Ogerpon-Hearthflame, L50, F|100\/100\n|-ability|p1b: Ogerpon|Mold Breaker\n|turn|10\n|\n|t:|1699844770\n|-terastallize|p1b: Ogerpon|Fire\n|detailschange|p1b: Ogerpon|Ogerpon-Hearthflame-Tera, L50, F, tera:Fire\n|-ability|p1b: Ogerpon|Embody Aspect (Hearthflame)|boost\n|-boost|p1b: Ogerpon|atk|1\n|move|p1a: Rillaboom|Grassy Glide|p2a: Grimmsnarl\n|-damage|p2a: Grimmsnarl|0 fnt\n|faint|p2a: Grimmsnarl\n|move|p1b: Ogerpon|Stomping Tantrum|p2b: Armarouge\n|-supereffective|p2b: Armarouge\n|-damage|p2b: Armarouge|13\/100\n|move|p2b: Armarouge|Armor Cannon|p1a: Rillaboom\n|-supereffective|p1a: Rillaboom\n|-damage|p1a: Rillaboom|0 fnt\n|-unboost|p2b: Armarouge|def|1\n|-unboost|p2b: Armarouge|spd|1\n|faint|p1a: Rillaboom\n|-damage|p2b: Armarouge|3\/100|[from] item: Life Orb\n|\n|-heal|p2b: Armarouge|9\/100|[from] Grassy Terrain\n|upkeep\n|\n|t:|1699844787\n|switch|p2a: Gholdengo|Gholdengo, L50, tera:Water|16\/100\n|turn|11\n|\n|t:|1699844798\n|move|p1b: Ogerpon|Grassy Glide|p2a: Gholdengo\n|-supereffective|p2a: Gholdengo\n|-damage|p2a: Gholdengo|0 fnt\n|faint|p2a: Gholdengo\n|move|p2b: Armarouge|Trick Room|p2b: Armarouge\n|-fieldstart|move: Trick Room|[of] p2b: Armarouge\n|\n|-heal|p2b: Armarouge|16\/100|[from] Grassy Terrain\n|-fieldend|move: Grassy Terrain\n|upkeep\n|turn|12\n|\n|t:|1699844813\n|move|p2b: Armarouge|Expanding Force|p1b: Ogerpon\n|-damage|p1b: Ogerpon|34\/100\n|-damage|p2b: Armarouge|6\/100|[from] item: Life Orb\n|move|p1b: Ogerpon|Stomping Tantrum|p2b: Armarouge\n|-supereffective|p2b: Armarouge\n|-damage|p2b: Armarouge|0 fnt\n|faint|p2b: Armarouge\n|\n|win|shawtyfiyaburnin\n|raw|shawtyfiyaburnin's rating: 1364 &rarr; <strong>1390<\/strong><br \/>(+26 for winning)\n|raw|ZeFantasma's rating: 1467 &rarr; <strong>1441<\/strong><br \/>(-26 for losing)\n|c|\u2606shawtyfiyaburnin|gg\n|l|\u2606ZeFantasma\n|c|\u2606shawtyfiyaburnin|wp\n","uploadtime":1699844852,"views":11,"p1id":"shawtyfiyaburnin","p2id":"zefantasma","formatid":"gen9vgc2023regulatione","rating":1390,"private":0,"password":""}