{"id":"gen9vgc2023regulatione-1991154868","p1":"ArosConPollo85","p2":"Refanner","format":"[Gen 9] VGC 2023 Regulation E","log":"|j|\u2606ArosConPollo85\n|j|\u2606Refanner\n|t:|1700051093\n|gametype|doubles\n|player|p1|ArosConPollo85|2|1152\n|player|p2|Refanner|169|1246\n|teamsize|p1|6\n|teamsize|p2|6\n|gen|9\n|tier|[Gen 9] VGC 2023 Regulation E\n|rated|\n|rule|Species Clause: Limit one of each Pok\u00e9mon\n|rule|Item Clause: Limit one of each item\n|clearpoke\n|poke|p1|Staraptor, L50, M|\n|poke|p1|Eelektross, L50, M|\n|poke|p1|Milotic, L50, F|\n|poke|p1|Tornadus, L50, M|\n|poke|p1|Urshifu-*, L50, M|\n|poke|p1|Heatran, L50, F|\n|poke|p2|Glimmora, L50, F|\n|poke|p2|Urshifu-*, L50, M|\n|poke|p2|Tornadus, L50, M|\n|poke|p2|Rillaboom, L50, F|\n|poke|p2|Clefairy, L50, M|\n|poke|p2|Regieleki, L50|\n|teampreview|4\n|inactive|Battle timer is ON: inactive players will automatically lose when time's up. (requested by ArosConPollo85)\n|inactive|ArosConPollo85 has 60 seconds left.\n|inactive|Refanner has 60 seconds left.\nArosConPollo85 has agreed to open team sheets.\n|inactive|Refanner has 30 seconds left.\n|\n|t:|1700051160\n|start\n|switch|p1a: Tornadus|Tornadus, L50, M|100\/100\n|switch|p1b: Urshifu|Urshifu-Rapid-Strike, L50, M|100\/100\n|switch|p2a: Regieleki|Regieleki, L50|100\/100\n|switch|p2b: Urshifu|Urshifu, L50, M|100\/100\n|turn|1\n|inactive|ArosConPollo85 has 30 seconds left.\n|inactive|Refanner has 30 seconds left.\n|\n|t:|1700051186\n|move|p1a: Tornadus|Tailwind|p1a: Tornadus\n|-sidestart|p1: ArosConPollo85|move: Tailwind\n|move|p1b: Urshifu|Surging Strikes|p2a: Regieleki\n|-crit|p2a: Regieleki\n|-damage|p2a: Regieleki|39\/100\n|-crit|p2a: Regieleki\n|-damage|p2a: Regieleki|0 fnt\n|faint|p2a: Regieleki\n|-hitcount|p2: Regieleki|2\n|move|p2b: Urshifu|Substitute|p2b: Urshifu\n|-start|p2b: Urshifu|Substitute\n|-damage|p2b: Urshifu|76\/100\n|\n|upkeep\n|\n|t:|1700051201\n|switch|p2a: Rillaboom|Rillaboom, L50, F|100\/100\n|-fieldstart|move: Grassy Terrain|[from] ability: Grassy Surge|[of] p2a: Rillaboom\n|turn|2\n|inactive|Refanner has 30 seconds left.\n|\n|t:|1700051235\n|switch|p1b: Eelektross|Eelektross, L50, M|100\/100\n|move|p2a: Rillaboom|Fake Out|p1b: Eelektross\n|-damage|p1b: Eelektross|88\/100\n|move|p1a: Tornadus|Bleakwind Storm|p2b: Urshifu|[spread] p2a,p2b\n|-supereffective|p2b: Urshifu\n|-end|p2b: Urshifu|Substitute\n|-supereffective|p2a: Rillaboom\n|-damage|p2a: Rillaboom|51\/100\n|move|p2b: Urshifu|Wicked Blow|p1b: Eelektross\n|-crit|p1b: Eelektross\n|-damage|p1b: Eelektross|20\/100\n|\n|-heal|p2b: Urshifu|82\/100|[from] Grassy Terrain\n|-heal|p2a: Rillaboom|57\/100|[from] Grassy Terrain\n|upkeep\n|turn|3\n|inactive|Refanner has 30 seconds left.\n|inactive|Refanner has 20 seconds left.\n|inactive|Refanner has 15 seconds left.\n|inactive|Refanner has 10 seconds left.\n|\n|t:|1700051281\n|move|p2a: Rillaboom|Grassy Glide|p1b: Eelektross\n|-damage|p1b: Eelektross|0 fnt\n|faint|p1b: Eelektross\n|move|p1a: Tornadus|Sludge Bomb|p2a: Rillaboom\n|-supereffective|p2a: Rillaboom\n|-crit|p2a: Rillaboom\n|-damage|p2a: Rillaboom|1\/100\n|-status|p2a: Rillaboom|psn\n|move|p2b: Urshifu|Wicked Blow|p1a: Tornadus\n|-crit|p1a: Tornadus\n|-damage|p1a: Tornadus|24\/100\n|-damage|p2b: Urshifu|65\/100|[from] item: Rocky Helmet|[of] p1a: Tornadus\n|\n|-heal|p2b: Urshifu|72\/100|[from] Grassy Terrain\n|-heal|p2a: Rillaboom|7\/100 psn|[from] Grassy Terrain\n|-damage|p2a: Rillaboom|0 fnt|[from] psn\n|faint|p2a: Rillaboom\n|upkeep\n|\n|t:|1700051298\n|switch|p2a: Glimmora|Glimmora, L50, F|100\/100\n|switch|p1b: Urshifu|Urshifu-Rapid-Strike, L50, M|100\/100\n|turn|4\n|\n|t:|1700051316\n|-terastallize|p2a: Glimmora|Grass\n|move|p2b: Urshifu|Protect|p2b: Urshifu\n|-singleturn|p2b: Urshifu|Protect\n|move|p1a: Tornadus|Taunt|p2a: Glimmora\n|-start|p2a: Glimmora|move: Taunt\n|move|p1b: Urshifu|Surging Strikes|p2b: Urshifu\n|-crit|p2b: Urshifu\n|-damage|p2b: Urshifu|39\/100\n|-crit|p2b: Urshifu\n|-damage|p2b: Urshifu|5\/100\n|-crit|p2b: Urshifu\n|-damage|p2b: Urshifu|0 fnt\n|faint|p2b: Urshifu\n|-hitcount|p2: Urshifu|3\n|move|p2a: Glimmora|Sludge Bomb|p1b: Urshifu\n|-damage|p1b: Urshifu|27\/100\n|-status|p1b: Urshifu|psn\n|\n|-heal|p1b: Urshifu|34\/100 psn|[from] Grassy Terrain\n|-damage|p1b: Urshifu|21\/100 psn|[from] psn\n|-sideend|p1: ArosConPollo85|move: Tailwind\n|upkeep\n|turn|5\n|inactive|ArosConPollo85 has 30 seconds left.\n|\n|t:|1700051346\n|switch|p1b: Staraptor|Staraptor, L50, M|100\/100\n|move|p2a: Glimmora|Power Gem|p1a: Tornadus\n|-supereffective|p1a: Tornadus\n|-damage|p1a: Tornadus|0 fnt\n|faint|p1a: Tornadus\n|\n|upkeep\n|\n|t:|1700051354\n|switch|p1a: Urshifu|Urshifu-Rapid-Strike, L50, M|21\/100 psn\n|turn|6\n|\n|t:|1700051361\n|move|p1b: Staraptor|Brave Bird|p2a: Glimmora\n|-supereffective|p2a: Glimmora\n|-enditem|p2a: Glimmora|Focus Sash\n|-damage|p2a: Glimmora|1\/100\n|-activate|p2a: Glimmora|ability: Toxic Debris\n|-sidestart|p1: ArosConPollo85|move: Toxic Spikes\n|-damage|p1b: Staraptor|68\/100|[from] Recoil\n|move|p2a: Glimmora|Power Gem|p1b: Staraptor\n|-supereffective|p1b: Staraptor\n|-damage|p1b: Staraptor|0 fnt\n|faint|p1b: Staraptor\n|move|p1a: Urshifu|Close Combat|p2a: Glimmora\n|-damage|p2a: Glimmora|0 fnt\n|-unboost|p1a: Urshifu|def|1\n|-unboost|p1a: Urshifu|spd|1\n|-activate|p2a: Glimmora|ability: Toxic Debris\n|-sidestart|p1: ArosConPollo85|move: Toxic Spikes\n|faint|p2a: Glimmora\n|\n|win|ArosConPollo85\n|raw|ArosConPollo85's rating: 1152 &rarr; <strong>1184<\/strong><br \/>(+32 for winning)\n|raw|Refanner's rating: 1246 &rarr; <strong>1214<\/strong><br \/>(-32 for losing)\n|l|\u2606ArosConPollo85\n","uploadtime":1700051415,"views":19,"p1id":"arosconpollo85","p2id":"refanner","formatid":"gen9vgc2023regulatione","rating":1184,"private":0,"password":""}