{"id":"gen9vgc2023regulatione-1995250602","p1":"MetaBonker69","p2":"Gualdo2","format":"[Gen 9] VGC 2023 Regulation E","log":"|j|\u2606MetaBonker69\n|j|\u2606Gualdo2\n|t:|1700540233\n|gametype|doubles\n|player|p1|MetaBonker69|170|1085\n|player|p2|Gualdo2|101|1095\n|teamsize|p1|6\n|teamsize|p2|6\n|gen|9\n|tier|[Gen 9] VGC 2023 Regulation E\n|rated|\n|rule|Species Clause: Limit one of each Pok\u00e9mon\n|rule|Item Clause: Limit one of each item\n|clearpoke\n|poke|p1|Heatran, L50, F|\n|poke|p1|Clodsire, L50, M|\n|poke|p1|Chi-Yu, L50|\n|poke|p1|Clefairy, L50, F|\n|poke|p1|Iron Hands, L50|\n|poke|p1|Bronzong, L50|\n|poke|p2|Frosmoth, L50, M|\n|poke|p2|Dragonite, L50, M|\n|poke|p2|Volcarona, L50, F|\n|poke|p2|Oricorio-Pom-Pom, L50, M|\n|poke|p2|Quaquaval, L50, M|\n|poke|p2|Lilligant, L50, F|\n|teampreview|4\n|inactive|Battle timer is ON: inactive players will automatically lose when time's up. (requested by Gualdo2)\nMetaBonker69 rejected open team sheets.\n|inactive|Gualdo2 has 60 seconds left.\n|\n|t:|1700540288\n|start\n|switch|p1a: Tacobell|Bronzong, L50, shiny|100\/100\n|switch|p1b: Fat Fish|Clodsire, L50, M|100\/100\n|switch|p2a: Lilligant|Lilligant, L50, F|100\/100\n|switch|p2b: Oricorio|Oricorio-Pom-Pom, L50, M, shiny|100\/100\n|turn|1\n|inactive|MetaBonker69 has 30 seconds left.\n|inactive|Gualdo2 has 30 seconds left.\n|inactive|MetaBonker69 has 20 seconds left.\n|\n|t:|1700540325\n|move|p2b: Oricorio|Air Slash|p1b: Fat Fish\n|-damage|p1b: Fat Fish|77\/100\n|move|p2a: Lilligant|Sleep Powder|p1a: Tacobell\n|-status|p1a: Tacobell|slp|[from] move: Sleep Powder\n|move|p1b: Fat Fish|Gunk Shot|p2a: Lilligant\n|-supereffective|p2a: Lilligant\n|-damage|p2a: Lilligant|5\/100\n|cant|p1a: Tacobell|slp\n|\n|-heal|p1b: Fat Fish|83\/100|[from] item: Leftovers\n|upkeep\n|turn|2\n|\n|t:|1700540349\n|move|p2b: Oricorio|Air Slash|p1b: Fat Fish\n|-damage|p1b: Fat Fish|56\/100\n|move|p2a: Lilligant|Petal Dance|p1a: Tacobell\n|-resisted|p1a: Tacobell\n|-damage|p1a: Tacobell|82\/100 slp\n|-activate|p2b: Oricorio|ability: Dancer\n|move|p2b: Oricorio|Petal Dance|p1a: Tacobell|[from]ability: Dancer\n|-resisted|p1a: Tacobell\n|-damage|p1a: Tacobell|69\/100 slp\n|move|p1b: Fat Fish|Yawn|p2b: Oricorio\n|-start|p2b: Oricorio|move: Yawn|[of] p1b: Fat Fish\n|cant|p1a: Tacobell|slp\n|\n|-heal|p1b: Fat Fish|62\/100|[from] item: Leftovers\n|upkeep\n|turn|3\n|\n|t:|1700540372\n|switch|p2b: Quaquaval|Quaquaval, L50, M|100\/100\n|move|p1b: Fat Fish|Protect|p1b: Fat Fish\n|-singleturn|p1b: Fat Fish|Protect\n|move|p2a: Lilligant|Petal Dance|p1a: Tacobell|[from]lockedmove\n|-resisted|p1a: Tacobell\n|-damage|p1a: Tacobell|50\/100 slp\n|-curestatus|p1a: Tacobell|slp|[msg]\n|move|p1a: Tacobell|Trick Room|p1a: Tacobell\n|-fieldstart|move: Trick Room|[of] p1a: Tacobell\n|\n|-heal|p1b: Fat Fish|68\/100|[from] item: Leftovers\n|upkeep\n|turn|4\n|\n|t:|1700540390\n|move|p1b: Fat Fish|Yawn|p2b: Quaquaval\n|-start|p2b: Quaquaval|move: Yawn|[of] p1b: Fat Fish\n|move|p1a: Tacobell|Trick|p2b: Quaquaval\n|-activate|p1a: Tacobell|move: Trick|[of] p2b: Quaquaval\n|-item|p2b: Quaquaval|Toxic Orb|[from] move: Trick\n|-item|p1a: Tacobell|Focus Sash|[from] move: Trick\n|move|p2a: Lilligant|Petal Dance|p1b: Fat Fish|[from]lockedmove\n|-damage|p1b: Fat Fish|29\/100\n|-start|p2a: Lilligant|confusion|[fatigue]\n|move|p2b: Quaquaval|Close Combat|p1a: Tacobell\n|-damage|p1a: Tacobell|2\/100\n|-unboost|p2b: Quaquaval|def|1\n|-unboost|p2b: Quaquaval|spd|1\n|\n|-heal|p1b: Fat Fish|35\/100|[from] item: Leftovers\n|-status|p2b: Quaquaval|tox|[from] item: Toxic Orb\n|upkeep\n|turn|5\n|inactive|MetaBonker69 has 30 seconds left.\n|inactive|Gualdo2 has 30 seconds left.\n|inactive|MetaBonker69 has 20 seconds left.\n|inactive|Gualdo2 has 20 seconds left.\n|inactive|Gualdo2 has 15 seconds left.\n|\n|t:|1700540433\n|-terastallize|p1b: Fat Fish|Fire\n|move|p2b: Quaquaval|Aqua Jet|p1a: Tacobell\n|-damage|p1a: Tacobell|0 fnt\n|faint|p1a: Tacobell\n|-ability|p2b: Quaquaval|Moxie|boost\n|-boost|p2b: Quaquaval|atk|1\n|move|p1b: Fat Fish|Gunk Shot|p2b: Quaquaval\n|-damage|p2b: Quaquaval|14\/100 tox\n|-activate|p2a: Lilligant|confusion\n|move|p2a: Lilligant|Petal Dance|p1b: Fat Fish\n|-resisted|p1b: Fat Fish\n|-damage|p1b: Fat Fish|16\/100\n|\n|-heal|p1b: Fat Fish|22\/100|[from] item: Leftovers\n|-damage|p2b: Quaquaval|8\/100 tox|[from] psn\n|-end|p2b: Quaquaval|move: Yawn|[silent]\n|upkeep\n|\n|t:|1700540448\n|switch|p1a: Walter|Iron Hands, L50|100\/100\n|turn|6\n|\n|t:|1700540457\n|move|p1a: Walter|Fake Out|p2a: Lilligant\n|-damage|p2a: Lilligant|0 fnt\n|faint|p2a: Lilligant\n|move|p2b: Quaquaval|Aqua Jet|p1b: Fat Fish\n|-heal|p1b: Fat Fish|47\/100|[from] ability: Water Absorb|[of] p2b: Quaquaval\n|move|p1b: Fat Fish|Earth Power|p2b: Quaquaval\n|-damage|p2b: Quaquaval|0 fnt\n|faint|p2b: Quaquaval\n|\n|-heal|p1b: Fat Fish|53\/100|[from] item: Leftovers\n|upkeep\n|\n|t:|1700540469\n|switch|p2a: Oricorio|Oricorio-Pom-Pom, L50, M, shiny|100\/100\n|switch|p2b: Dragonite|Dragonite, L50, M, shiny|100\/100\n|turn|7\n|\n|t:|1700540484\n|move|p2a: Oricorio|Protect|p2a: Oricorio\n|-singleturn|p2a: Oricorio|Protect\n|move|p1b: Fat Fish|Yawn|p2a: Oricorio\n|-activate|p2a: Oricorio|move: Protect\n|move|p1a: Walter|Play Rough|p2b: Dragonite\n|-supereffective|p2b: Dragonite\n|-damage|p2b: Dragonite|74\/100\n|move|p2b: Dragonite|Dragon Dance|p2b: Dragonite\n|-boost|p2b: Dragonite|atk|1\n|-boost|p2b: Dragonite|spe|1\n|-activate|p2a: Oricorio|ability: Dancer\n|move|p2a: Oricorio|Dragon Dance|p2a: Oricorio|[from]ability: Dancer\n|-boost|p2a: Oricorio|atk|1\n|-boost|p2a: Oricorio|spe|1\n|\n|-heal|p1b: Fat Fish|59\/100|[from] item: Leftovers\n|-heal|p2b: Dragonite|80\/100|[from] item: Leftovers\n|-fieldend|move: Trick Room\n|upkeep\n|turn|8\n|inactive|Gualdo2 has 30 seconds left.\n|\n|t:|1700540517\n|-end|p1a: Walter|Quark Drive|[silent]\n|switch|p1a: Child|Clefairy, L50, F|100\/100\n|-terastallize|p2b: Dragonite|Steel\n|move|p2b: Dragonite|Extreme Speed|p1b: Fat Fish\n|-damage|p1b: Fat Fish|34\/100\n|move|p2a: Oricorio|Air Slash|p1b: Fat Fish\n|-damage|p1b: Fat Fish|16\/100\n|move|p1b: Fat Fish|Yawn|p2a: Oricorio\n|-start|p2a: Oricorio|move: Yawn|[of] p1b: Fat Fish\n|\n|-heal|p2b: Dragonite|86\/100|[from] item: Leftovers\n|-heal|p1b: Fat Fish|22\/100|[from] item: Leftovers\n|upkeep\n|turn|9\n|\n|t:|1700540536\n|move|p1b: Fat Fish|Protect|p1b: Fat Fish\n|-singleturn|p1b: Fat Fish|Protect\n|move|p2a: Oricorio|Revelation Dance|p1b: Fat Fish\n|-activate|p1b: Fat Fish|move: Protect\n|move|p2b: Dragonite|Iron Head|p1a: Child\n|-supereffective|p1a: Child\n|-damage|p1a: Child|0 fnt\n|faint|p1a: Child\n|\n|-heal|p2b: Dragonite|92\/100|[from] item: Leftovers\n|-heal|p1b: Fat Fish|28\/100|[from] item: Leftovers\n|-end|p2a: Oricorio|move: Yawn|[silent]\n|-status|p2a: Oricorio|slp\n|upkeep\n|\n|t:|1700540549\n|switch|p1a: Walter|Iron Hands, L50|100\/100\n|turn|10\n|\n|t:|1700540566\n|cant|p2a: Oricorio|slp\n|move|p1a: Walter|Fake Out|p2b: Dragonite\n|-resisted|p2b: Dragonite\n|-damage|p2b: Dragonite|86\/100\n|cant|p2b: Dragonite|flinch\n|move|p1b: Fat Fish|Earth Power|p2b: Dragonite\n|-supereffective|p2b: Dragonite\n|-damage|p2b: Dragonite|56\/100\n|\n|-heal|p2b: Dragonite|62\/100|[from] item: Leftovers\n|-heal|p1b: Fat Fish|34\/100|[from] item: Leftovers\n|upkeep\n|turn|11\n|\n|t:|1700540582\n|cant|p2a: Oricorio|slp\n|move|p2b: Dragonite|Roost|p2b: Dragonite\n|-heal|p2b: Dragonite|100\/100\n|move|p1a: Walter|Drain Punch|p2b: Dragonite\n|-supereffective|p2b: Dragonite\n|-damage|p2b: Dragonite|65\/100\n|move|p1b: Fat Fish|Gunk Shot|p2a: Oricorio\n|-damage|p2a: Oricorio|39\/100 slp\n|\n|-heal|p2b: Dragonite|71\/100|[from] item: Leftovers\n|-heal|p1b: Fat Fish|40\/100|[from] item: Leftovers\n|upkeep\n|turn|12\n|\n|t:|1700540597\n|move|p1b: Fat Fish|Protect|p1b: Fat Fish\n|-singleturn|p1b: Fat Fish|Protect\n|cant|p2a: Oricorio|slp\n|move|p2b: Dragonite|Roost|p2b: Dragonite\n|-heal|p2b: Dragonite|100\/100\n|move|p1a: Walter|Play Rough|p2a: Oricorio\n|-damage|p2a: Oricorio|0 fnt\n|faint|p2a: Oricorio\n|\n|-heal|p1b: Fat Fish|47\/100|[from] item: Leftovers\n|upkeep\n|turn|13\n|\n|t:|1700540613\n|move|p2b: Dragonite|Extreme Speed|p1b: Fat Fish\n|-damage|p1b: Fat Fish|9\/100\n|move|p1a: Walter|Drain Punch|p2b: Dragonite\n|-supereffective|p2b: Dragonite\n|-damage|p2b: Dragonite|66\/100\n|move|p1b: Fat Fish|Earth Power|p2b: Dragonite\n|-supereffective|p2b: Dragonite\n|-damage|p2b: Dragonite|33\/100\n|\n|-heal|p2b: Dragonite|39\/100|[from] item: Leftovers\n|-heal|p1b: Fat Fish|16\/100|[from] item: Leftovers\n|upkeep\n|turn|14\n|\n|t:|1700540632\n|move|p2b: Dragonite|Roost|p2b: Dragonite\n|-heal|p2b: Dragonite|89\/100\n|move|p1a: Walter|Drain Punch|p2b: Dragonite\n|-supereffective|p2b: Dragonite\n|-damage|p2b: Dragonite|24\/100\n|move|p1b: Fat Fish|Earth Power|p2b: Dragonite\n|-supereffective|p2b: Dragonite\n|-damage|p2b: Dragonite|0 fnt\n|faint|p2b: Dragonite\n|\n|win|MetaBonker69\n|raw|MetaBonker69's rating: 1085 &rarr; <strong>1113<\/strong><br \/>(+28 for winning)\n|raw|Gualdo2's rating: 1095 &rarr; <strong>1070<\/strong><br \/>(-25 for losing)\n|l|\u2606Gualdo2\n","uploadtime":1700540647,"views":5,"p1id":"metabonker69","p2id":"gualdo2","formatid":"gen9vgc2023regulatione","rating":1070,"private":0,"password":""}