{"id":"gen9vgc2023regulatione-1989729838","p1":"Salperro","p2":"knife12138","format":"[Gen 9] VGC 2023 Regulation E","log":"|j|\u2606Salperro\n|j|\u2606knife12138\n|t:|1699890781\n|gametype|doubles\n|player|p1|Salperro|2|1232\n|player|p2|knife12138|burglar|1267\n|teamsize|p1|6\n|teamsize|p2|6\n|gen|9\n|tier|[Gen 9] VGC 2023 Regulation E\n|rated|\n|rule|Species Clause: Limit one of each Pok\u00e9mon\n|rule|Item Clause: Limit one of each item\n|clearpoke\n|poke|p1|Ogerpon-Wellspring, L50, F|\n|poke|p1|Landorus-Therian, L50, M|\n|poke|p1|Iron Hands, L50|\n|poke|p1|Chi-Yu, L50|\n|poke|p1|Flutter Mane, L50|\n|poke|p1|Baxcalibur, L50, M|\n|poke|p2|Sableye, L50, M|\n|poke|p2|Torkoal, L50, M|\n|poke|p2|Roaring Moon, L50|\n|poke|p2|Chi-Yu, L50|\n|poke|p2|Flutter Mane, L50|\n|poke|p2|Kingambit, L50, F|\n|teampreview|4\n|\n|t:|1699890818\n|start\n|switch|p1a: Chi-Yu|Chi-Yu, L50|100\/100\n|switch|p1b: Flutter Mane|Flutter Mane, L50|100\/100\n|switch|p2a: \u6740\u4eba\u9b54|Kingambit, L50, F|100\/100\n|switch|p2b: \u8ba8\u62a5\u9b3c|Sableye, L50, M|100\/100\n|-ability|p1a: Chi-Yu|Beads of Ruin\n|-enditem|p1b: Flutter Mane|Booster Energy\n|-activate|p1b: Flutter Mane|ability: Protosynthesis|[fromitem]\n|-start|p1b: Flutter Mane|protosynthesisspe\n|turn|1\n|\n|t:|1699890837\n|-terastallize|p2a: \u6740\u4eba\u9b54|Fairy\n|move|p2b: \u8ba8\u62a5\u9b3c|Fake Out|p1a: Chi-Yu\n|-crit|p1a: Chi-Yu\n|-damage|p1a: Chi-Yu|75\/100\n|move|p1b: Flutter Mane|Dazzling Gleam|p2a: \u6740\u4eba\u9b54|[spread] p2a,p2b\n|-supereffective|p2b: \u8ba8\u62a5\u9b3c\n|-damage|p2a: \u6740\u4eba\u9b54|72\/100\n|-enditem|p2b: \u8ba8\u62a5\u9b3c|Focus Sash\n|-damage|p2b: \u8ba8\u62a5\u9b3c|1\/100\n|cant|p1a: Chi-Yu|flinch\n|move|p2a: \u6740\u4eba\u9b54|Tera Blast|p1a: Chi-Yu|[anim] Tera Blast Fairy\n|-damage|p1a: Chi-Yu|0 fnt\n|faint|p1a: Chi-Yu\n|\n|upkeep\n|inactive|Battle timer is ON: inactive players will automatically lose when time's up. (requested by knife12138)\n|\n|t:|1699890857\n|switch|p1a: Landorus|Landorus-Therian, L50, M, shiny|100\/100\n|-ability|p1a: Landorus|Intimidate|boost\n|-unboost|p2a: \u6740\u4eba\u9b54|atk|1\n|-ability|p2a: \u6740\u4eba\u9b54|Defiant|boost\n|-boost|p2a: \u6740\u4eba\u9b54|atk|2\n|-unboost|p2b: \u8ba8\u62a5\u9b3c|atk|1\n|turn|2\n|\n|t:|1699890865\n|move|p2b: \u8ba8\u62a5\u9b3c|Quash|p1b: Flutter Mane\n|-activate|p1b: Flutter Mane|move: Quash\n|move|p1a: Landorus|Stomping Tantrum|p2a: \u6740\u4eba\u9b54\n|-crit|p2a: \u6740\u4eba\u9b54\n|-damage|p2a: \u6740\u4eba\u9b54|18\/100\n|move|p2a: \u6740\u4eba\u9b54|Iron Head|p1b: Flutter Mane\n|-supereffective|p1b: Flutter Mane\n|-damage|p1b: Flutter Mane|0 fnt\n|faint|p1b: Flutter Mane\n|-end|p1b: Flutter Mane|Protosynthesis|[silent]\n|\n|upkeep\n|\n|t:|1699890871\n|switch|p1b: Baxcalibur|Baxcalibur, L50, M|100\/100\n|turn|3\n|\n|t:|1699890880\n|-terastallize|p1b: Baxcalibur|Poison\n|move|p2b: \u8ba8\u62a5\u9b3c|Sucker Punch|p1a: Landorus\n|-damage|p1a: Landorus|77\/100\n|move|p2a: \u6740\u4eba\u9b54|Sucker Punch|p1a: Landorus\n|-damage|p1a: Landorus|9\/100\n|move|p1a: Landorus|Stomping Tantrum|p2a: \u6740\u4eba\u9b54\n|-damage|p2a: \u6740\u4eba\u9b54|0 fnt\n|faint|p2a: \u6740\u4eba\u9b54\n|move|p1b: Baxcalibur|Swords Dance|p1b: Baxcalibur\n|-boost|p1b: Baxcalibur|atk|2\n|\n|upkeep\n|\n|t:|1699890904\n|switch|p2a: \u6b7b\u4ea1\u6708|Roaring Moon, L50|100\/100\n|turn|4\n|\n|t:|1699890921\n|move|p2b: \u8ba8\u62a5\u9b3c|Sucker Punch|p1a: Landorus\n|-damage|p1a: Landorus|0 fnt\n|faint|p1a: Landorus\n|move|p2a: \u6b7b\u4ea1\u6708|Outrage|p1b: Baxcalibur\n|-damage|p1b: Baxcalibur|1\/100\n|move|p1b: Baxcalibur|Icicle Spear|p2a: \u6b7b\u4ea1\u6708\n|-supereffective|p2a: \u6b7b\u4ea1\u6708\n|-damage|p2a: \u6b7b\u4ea1\u6708|41\/100\n|-supereffective|p2a: \u6b7b\u4ea1\u6708\n|-damage|p2a: \u6b7b\u4ea1\u6708|0 fnt\n|faint|p2a: \u6b7b\u4ea1\u6708\n|-end|p2a: \u6b7b\u4ea1\u6708|Protosynthesis|[silent]\n|-hitcount|p2: \u6b7b\u4ea1\u6708|2\n|\n|upkeep\n|\n|t:|1699890929\n|switch|p2a: \u711a\u5c38\u706b|Chi-Yu, L50|100\/100\n|-ability|p2a: \u711a\u5c38\u706b|Beads of Ruin\n|turn|5\n|\n|t:|1699890935\n|move|p2b: \u8ba8\u62a5\u9b3c|Sucker Punch|p1b: Baxcalibur\n|-damage|p1b: Baxcalibur|0 fnt\n|faint|p1b: Baxcalibur\n|\n|win|knife12138\n|raw|Salperro's rating: 1232 &rarr; <strong>1210<\/strong><br \/>(-22 for losing)\n|raw|knife12138's rating: 1267 &rarr; <strong>1289<\/strong><br \/>(+22 for winning)\n|l|\u2606Salperro\n","uploadtime":1699890941,"views":7,"p1id":"salperro","p2id":"knife12138","formatid":"gen9vgc2023regulatione","rating":1210,"private":0,"password":""}