{"id":"gen9vgc2023regulatione-1992319797","p1":"kiddy123","p2":"Deantzo","format":"[Gen 9] VGC 2023 Regulation E","log":"|j|\u2606kiddy123\n|j|\u2606Deantzo\n|t:|1700174310\n|gametype|doubles\n|player|p1|kiddy123|unknown|1154\n|player|p2|Deantzo|morty|1167\n|teamsize|p1|6\n|teamsize|p2|6\n|gen|9\n|tier|[Gen 9] VGC 2023 Regulation E\n|rated|\n|rule|Species Clause: Limit one of each Pok\u00e9mon\n|rule|Item Clause: Limit one of each item\n|clearpoke\n|poke|p1|Ursaluna-Bloodmoon, L50, M|\n|poke|p1|Iron Hands, L50|\n|poke|p1|Chi-Yu, L50|\n|poke|p1|Farigiraf, L50, M|\n|poke|p1|Ogerpon-Wellspring, L50, F|\n|poke|p1|Landorus-Therian, L50, M|\n|poke|p2|Urshifu-*, L50, F|\n|poke|p2|Ogerpon-Hearthflame, L50, F|\n|poke|p2|Flutter Mane, L50|\n|poke|p2|Rillaboom, L50, F|\n|poke|p2|Chien-Pao, L50|\n|poke|p2|Farigiraf, L50, F|\n|teampreview|4\n|inactive|Battle timer is ON: inactive players will automatically lose when time's up. (requested by Deantzo)\n|inactive|kiddy123 also wants the timer to be on.\n|\n|t:|1700174340\n|start\n|switch|p1a: Chi-Yu|Chi-Yu, L50|100\/100\n|switch|p1b: Landorus|Landorus-Therian, L50, M|100\/100\n|switch|p2a: Farigiraf|Farigiraf, L50, F|100\/100\n|switch|p2b: Rillaboom|Rillaboom, L50, F|100\/100\n|-ability|p1b: Landorus|Intimidate|boost\n|-unboost|p2a: Farigiraf|atk|1\n|-unboost|p2b: Rillaboom|atk|1\n|-ability|p1a: Chi-Yu|Beads of Ruin\n|-fieldstart|move: Grassy Terrain|[from] ability: Grassy Surge|[of] p2b: Rillaboom\n|turn|1\n|inactive|Deantzo has 30 seconds left.\n|\n|t:|1700174368\n|switch|p2b: Urshifu|Urshifu-Rapid-Strike, L50, F|100\/100\n|-terastallize|p1b: Landorus|Flying\n|-terastallize|p2a: Farigiraf|Fairy\n|move|p1b: Landorus|Tera Blast|p2b: Urshifu|[anim] Tera Blast Flying\n|-supereffective|p2b: Urshifu\n|-damage|p2b: Urshifu|0 fnt\n|faint|p2b: Urshifu\n|move|p1a: Chi-Yu|Dark Pulse|p2a: Farigiraf\n|-resisted|p2a: Farigiraf\n|-damage|p2a: Farigiraf|73\/100\n|move|p2a: Farigiraf|Dazzling Gleam|p1a: Chi-Yu|[spread] p1a,p1b\n|-damage|p1a: Chi-Yu|68\/100\n|-damage|p1b: Landorus|44\/100\n|\n|-heal|p1a: Chi-Yu|74\/100|[from] Grassy Terrain\n|-heal|p2a: Farigiraf|79\/100|[from] Grassy Terrain\n|upkeep\n|\n|t:|1700174389\n|switch|p2b: Flutter Mane|Flutter Mane, L50|100\/100\n|turn|2\n|\n|t:|1700174404\n|move|p1b: Landorus|Tera Blast|p2b: Flutter Mane|[anim] Tera Blast Flying\n|-damage|p2b: Flutter Mane|7\/100\n|move|p2b: Flutter Mane|Dazzling Gleam|p1a: Chi-Yu|[spread] p1a,p1b\n|-damage|p1a: Chi-Yu|20\/100\n|-damage|p1b: Landorus|0 fnt\n|faint|p1b: Landorus\n|move|p1a: Chi-Yu|Heat Wave|p2b: Flutter Mane|[spread] p2b\n|-miss|p1a: Chi-Yu|p2a: Farigiraf\n|-damage|p2b: Flutter Mane|0 fnt\n|faint|p2b: Flutter Mane\n|-end|p2b: Flutter Mane|Protosynthesis|[silent]\n|move|p2a: Farigiraf|Dazzling Gleam|p1a: Chi-Yu\n|-damage|p1a: Chi-Yu|0 fnt\n|faint|p1a: Chi-Yu\n|\n|-heal|p2a: Farigiraf|85\/100|[from] Grassy Terrain\n|upkeep\n|\n|t:|1700174422\n|switch|p2b: Rillaboom|Rillaboom, L50, F|100\/100\n|switch|p1b: Farigiraf|Farigiraf, L50, M|100\/100\n|switch|p1a: Iron Hands|Iron Hands, L50|100\/100\n|turn|3\n|\n|t:|1700174444\n|move|p2b: Rillaboom|High Horsepower|p1a: Iron Hands\n|-supereffective|p1a: Iron Hands\n|-damage|p1a: Iron Hands|59\/100\n|move|p2a: Farigiraf|Imprison|p2a: Farigiraf\n|-start|p2a: Farigiraf|move: Imprison\n|cant|p1b: Farigiraf|move: Imprison|Psychic\n|move|p1a: Iron Hands|Drain Punch|p2b: Rillaboom\n|-damage|p2b: Rillaboom|61\/100\n|-heal|p1a: Iron Hands|75\/100|[from] drain|[of] p2b: Rillaboom\n|\n|-heal|p2b: Rillaboom|67\/100|[from] Grassy Terrain\n|-heal|p2a: Farigiraf|91\/100|[from] Grassy Terrain\n|-heal|p1a: Iron Hands|81\/100|[from] Grassy Terrain\n|upkeep\n|turn|4\n|\n|t:|1700174468\n|move|p2b: Rillaboom|Wood Hammer|p1a: Iron Hands\n|-damage|p1a: Iron Hands|17\/100\n|-damage|p2b: Rillaboom|42\/100|[from] Recoil\n|move|p2a: Farigiraf|Dazzling Gleam|p1b: Farigiraf|[spread] p1a,p1b\n|-supereffective|p1a: Iron Hands\n|-damage|p1a: Iron Hands|0 fnt\n|-damage|p1b: Farigiraf|73\/100\n|faint|p1a: Iron Hands\n|-end|p1a: Iron Hands|Quark Drive|[silent]\n|-activate|p1b: Farigiraf|move: Struggle\n|move|p1b: Farigiraf|Struggle|p2b: Rillaboom\n|-damage|p2b: Rillaboom|32\/100\n|-damage|p1b: Farigiraf|48\/100|[from] recoil\n|-enditem|p1b: Farigiraf|Sitrus Berry|[eat]\n|-heal|p1b: Farigiraf|72\/100|[from] item: Sitrus Berry\n|\n|-heal|p2b: Rillaboom|39\/100|[from] Grassy Terrain\n|-heal|p2a: Farigiraf|97\/100|[from] Grassy Terrain\n|-heal|p1b: Farigiraf|78\/100|[from] Grassy Terrain\n|upkeep\n|turn|5\n|-message|kiddy123 forfeited.\n|\n|win|Deantzo\n|raw|kiddy123's rating: 1154 &rarr; <strong>1130<\/strong><br \/>(-24 for losing)\n|raw|Deantzo's rating: 1167 &rarr; <strong>1191<\/strong><br \/>(+24 for winning)\n|l|\u2606kiddy123\n","uploadtime":1700174491,"views":38,"p1id":"kiddy123","p2id":"deantzo","formatid":"gen9vgc2023regulatione","rating":1130,"private":0,"password":""}