{"id":"gen9vgc2023regulatione-1995620252","p1":"TheOrthwormJim","p2":"dhsqibhdcid","format":"[Gen 9] VGC 2023 Regulation E","log":"|j|\u2606TheOrthwormJim\n|j|\u2606dhsqibhdcid\n|t:|1700588144\n|gametype|doubles\n|player|p1|TheOrthwormJim|larry|1243\n|player|p2|dhsqibhdcid|lucas|1223\n|teamsize|p1|6\n|teamsize|p2|6\n|gen|9\n|tier|[Gen 9] VGC 2023 Regulation E\n|rated|\n|rule|Species Clause: Limit one of each Pok\u00e9mon\n|rule|Item Clause: Limit one of each item\n|clearpoke\n|poke|p1|Flutter Mane, L50|\n|poke|p1|Chi-Yu, L50|\n|poke|p1|Ursaluna, L50, M|\n|poke|p1|Cresselia, L50, F|\n|poke|p1|Lilligant-Hisui, L50, F|\n|poke|p1|Torkoal, L50, M|\n|poke|p2|Snorlax, L50, F|\n|poke|p2|Iron Hands, L50|\n|poke|p2|Sinistcha, L50|\n|poke|p2|Kommo-o, L50, F|\n|poke|p2|Clefairy, L50, M|\n|poke|p2|Flamigo, L50, F|\n|teampreview|4\n|inactive|Battle timer is ON: inactive players will automatically lose when time's up. (requested by TheOrthwormJim)\ndhsqibhdcid has agreed to open team sheets.\nTheOrthwormJim has agreed to open team sheets.\n|\n|t:|1700588174\n|start\n|switch|p1a: Flutter Mane|Flutter Mane, L50|100\/100\n|switch|p1b: Chi-Yu|Chi-Yu, L50|100\/100\n|switch|p2a: Snorlax|Snorlax, L50, F|100\/100\n|switch|p2b: Clefairy|Clefairy, L50, M|100\/100\n|-ability|p1b: Chi-Yu|Beads of Ruin\n|turn|1\n|inactive|TheOrthwormJim has 30 seconds left.\n|inactive|dhsqibhdcid has 30 seconds left.\n|inactive|dhsqibhdcid has 20 seconds left.\n|\n|t:|1700588211\n|move|p2b: Clefairy|Follow Me|p2b: Clefairy\n|-singleturn|p2b: Clefairy|move: Follow Me\n|move|p1b: Chi-Yu|Will-O-Wisp|p2b: Clefairy\n|-status|p2b: Clefairy|brn\n|move|p1a: Flutter Mane|Dazzling Gleam|p2b: Clefairy|[spread] p2a,p2b\n|-damage|p2a: Snorlax|80\/100\n|-damage|p2b: Clefairy|71\/100 brn\n|move|p2a: Snorlax|Belly Drum|p2a: Snorlax\n|-damage|p2a: Snorlax|30\/100\n|-setboost|p2a: Snorlax|atk|6|[from] move: Belly Drum\n|-enditem|p2a: Snorlax|Sitrus Berry|[eat]\n|-heal|p2a: Snorlax|55\/100|[from] item: Sitrus Berry\n|\n|-damage|p2b: Clefairy|65\/100 brn|[from] brn\n|upkeep\n|turn|2\n|\n|t:|1700588236\n|move|p2b: Clefairy|Follow Me|p2b: Clefairy\n|-singleturn|p2b: Clefairy|move: Follow Me\n|move|p1b: Chi-Yu|Dark Pulse|p2b: Clefairy\n|-resisted|p2b: Clefairy\n|-damage|p2b: Clefairy|46\/100 brn\n|move|p1a: Flutter Mane|Dazzling Gleam|p2b: Clefairy|[spread] p2a,p2b\n|-damage|p2a: Snorlax|36\/100\n|-damage|p2b: Clefairy|17\/100 brn\n|move|p2a: Snorlax|High Horsepower|p1a: Flutter Mane\n|-damage|p1a: Flutter Mane|0 fnt\n|faint|p1a: Flutter Mane\n|-end|p1a: Flutter Mane|Protosynthesis|[silent]\n|\n|-damage|p2b: Clefairy|11\/100 brn|[from] brn\n|upkeep\n|\n|t:|1700588248\n|switch|p1a: Lilligant|Lilligant-Hisui, L50, F|100\/100\n|turn|3\n|inactive|dhsqibhdcid has 30 seconds left.\n|inactive|dhsqibhdcid has 20 seconds left.\n|inactive|dhsqibhdcid has 15 seconds left.\n|\n|t:|1700588288\n|move|p2b: Clefairy|Follow Me|p2b: Clefairy\n|-singleturn|p2b: Clefairy|move: Follow Me\n|move|p1b: Chi-Yu|Heat Wave|p2a: Snorlax|[spread] p2a,p2b\n|-damage|p2a: Snorlax|24\/100\n|-damage|p2b: Clefairy|0 fnt\n|faint|p2b: Clefairy\n|move|p1a: Lilligant|Close Combat|p2a: Snorlax\n|-supereffective|p2a: Snorlax\n|-damage|p2a: Snorlax|0 fnt\n|-unboost|p1a: Lilligant|def|1\n|-unboost|p1a: Lilligant|spd|1\n|faint|p2a: Snorlax\n|-damage|p1a: Lilligant|91\/100|[from] item: Life Orb\n|\n|upkeep\n|\n|t:|1700588301\n|switch|p2b: Iron Hands|Iron Hands, L50|100\/100\n|switch|p2a: Sinistcha|Sinistcha, L50|100\/100\n|turn|4\n|inactive|TheOrthwormJim has 30 seconds left.\n|\n|t:|1700588328\n|-terastallize|p1a: Lilligant|Ice\n|-terastallize|p2a: Sinistcha|Fire\n|move|p1b: Chi-Yu|Will-O-Wisp|p2b: Iron Hands\n|-status|p2b: Iron Hands|brn\n|move|p1a: Lilligant|Ice Spinner|p2a: Sinistcha\n|-resisted|p2a: Sinistcha\n|-damage|p2a: Sinistcha|79\/100\n|-damage|p1a: Lilligant|82\/100|[from] item: Life Orb\n|move|p2a: Sinistcha|Matcha Gotcha|p1b: Chi-Yu|[spread] p1b\n|-miss|p2a: Sinistcha|p1a: Lilligant\n|-resisted|p1b: Chi-Yu\n|-damage|p1b: Chi-Yu|86\/100\n|-heal|p2a: Sinistcha|85\/100|[from] drain|[of] p1b: Chi-Yu\n|move|p2b: Iron Hands|Drain Punch|p1b: Chi-Yu\n|-supereffective|p1b: Chi-Yu\n|-damage|p1b: Chi-Yu|18\/100\n|\n|-damage|p2b: Iron Hands|94\/100 brn|[from] brn\n|upkeep\n|turn|5\n|inactive|TheOrthwormJim has 30 seconds left.\n|\n|t:|1700588355\n|move|p1b: Chi-Yu|Overheat|p2b: Iron Hands\n|-damage|p2b: Iron Hands|49\/100 brn\n|-unboost|p1b: Chi-Yu|spa|2\n|move|p1a: Lilligant|Close Combat|p2a: Sinistcha\n|-damage|p2a: Sinistcha|24\/100\n|-unboost|p1a: Lilligant|def|1\n|-unboost|p1a: Lilligant|spd|1\n|-damage|p1a: Lilligant|72\/100|[from] item: Life Orb\n|move|p2a: Sinistcha|Matcha Gotcha|p1b: Chi-Yu|[spread] p1a,p1b\n|-resisted|p1b: Chi-Yu\n|-damage|p1a: Lilligant|0 fnt\n|-heal|p2a: Sinistcha|54\/100|[from] drain|[of] p1a: Lilligant\n|-damage|p1b: Chi-Yu|4\/100\n|-heal|p2a: Sinistcha|59\/100|[from] drain|[of] p1b: Chi-Yu\n|faint|p1a: Lilligant\n|move|p2b: Iron Hands|Drain Punch|p1b: Chi-Yu\n|-supereffective|p1b: Chi-Yu\n|-damage|p1b: Chi-Yu|0 fnt\n|-heal|p2b: Iron Hands|50\/100 brn|[from] drain|[of] p1b: Chi-Yu\n|faint|p1b: Chi-Yu\n|\n|-damage|p2b: Iron Hands|44\/100 brn|[from] brn\n|upkeep\n|\n|t:|1700588364\n|switch|p1a: Torkoal|Torkoal, L50, M|100\/100\n|-weather|SunnyDay|[from] ability: Drought|[of] p1a: Torkoal\n|turn|6\n|\n|t:|1700588386\n|move|p2a: Sinistcha|Matcha Gotcha|p1a: Torkoal\n|-resisted|p1a: Torkoal\n|-damage|p1a: Torkoal|79\/100\n|-heal|p2a: Sinistcha|70\/100|[from] drain|[of] p1a: Torkoal\n|move|p2b: Iron Hands|Drain Punch|p1a: Torkoal\n|-damage|p1a: Torkoal|62\/100\n|-heal|p2b: Iron Hands|51\/100 brn|[from] drain|[of] p1a: Torkoal\n|move|p1a: Torkoal|Earth Power|p2a: Sinistcha\n|-supereffective|p2a: Sinistcha\n|-damage|p2a: Sinistcha|20\/100\n|\n|-weather|SunnyDay|[upkeep]\n|-damage|p2b: Iron Hands|45\/100 brn|[from] brn\n|upkeep\n|turn|7\n|\n|t:|1700588409\n|move|p2a: Sinistcha|Strength Sap|p1a: Torkoal\n|-unboost|p1a: Torkoal|atk|1\n|-heal|p2a: Sinistcha|71\/100\n|move|p2b: Iron Hands|Drain Punch|p1a: Torkoal\n|-damage|p1a: Torkoal|45\/100\n|-heal|p2b: Iron Hands|51\/100 brn|[from] drain|[of] p1a: Torkoal\n|move|p1a: Torkoal|Earth Power|p2a: Sinistcha\n|-supereffective|p2a: Sinistcha\n|-damage|p2a: Sinistcha|21\/100\n|-unboost|p2a: Sinistcha|spd|1\n|\n|-weather|SunnyDay|[upkeep]\n|-damage|p2b: Iron Hands|45\/100 brn|[from] brn\n|upkeep\n|turn|8\n|\n|t:|1700588427\n|move|p2a: Sinistcha|Strength Sap|p2b: Iron Hands\n|-unboost|p2b: Iron Hands|atk|1\n|-heal|p2a: Sinistcha|100\/100\n|move|p2b: Iron Hands|Drain Punch|p1a: Torkoal\n|-damage|p1a: Torkoal|35\/100\n|-heal|p2b: Iron Hands|49\/100 brn|[from] drain|[of] p1a: Torkoal\n|move|p1a: Torkoal|Earth Power|p2a: Sinistcha\n|-supereffective|p2a: Sinistcha\n|-damage|p2a: Sinistcha|24\/100\n|\n|-weather|SunnyDay|[upkeep]\n|-damage|p2b: Iron Hands|43\/100 brn|[from] brn\n|upkeep\n|turn|9\n|\n|t:|1700588446\n|move|p2a: Sinistcha|Matcha Gotcha|p1a: Torkoal\n|-resisted|p1a: Torkoal\n|-damage|p1a: Torkoal|12\/100\n|-heal|p2a: Sinistcha|35\/100|[from] drain|[of] p1a: Torkoal\n|move|p2b: Iron Hands|Drain Punch|p1a: Torkoal\n|-damage|p1a: Torkoal|1\/100\n|-heal|p2b: Iron Hands|47\/100 brn|[from] drain|[of] p1a: Torkoal\n|move|p1a: Torkoal|Earth Power|p2a: Sinistcha\n|-supereffective|p2a: Sinistcha\n|-damage|p2a: Sinistcha|0 fnt\n|faint|p2a: Sinistcha\n|\n|-weather|SunnyDay|[upkeep]\n|-damage|p2b: Iron Hands|41\/100 brn|[from] brn\n|upkeep\n|turn|10\n|c|\u2606TheOrthwormJim|I respect the play\n|c|\u2606dhsqibhdcid|thx\n|\n|t:|1700588461\n|move|p1a: Torkoal|Protect|p1a: Torkoal\n|-singleturn|p1a: Torkoal|Protect\n|move|p2b: Iron Hands|Drain Punch|p1a: Torkoal\n|-activate|p1a: Torkoal|move: Protect\n|\n|-weather|none\n|-damage|p2b: Iron Hands|35\/100 brn|[from] brn\n|upkeep\n|turn|11\n|c|\u2606TheOrthwormJim|Kinda sick tbh\n|\n|t:|1700588469\n|move|p1a: Torkoal|Protect||[still]\n|-fail|p1a: Torkoal\n|move|p2b: Iron Hands|Drain Punch|p1a: Torkoal\n|-damage|p1a: Torkoal|0 fnt\n|-heal|p2b: Iron Hands|36\/100 brn|[from] drain|[of] p1a: Torkoal\n|faint|p1a: Torkoal\n|\n|win|dhsqibhdcid\n|raw|TheOrthwormJim's rating: 1243 &rarr; <strong>1217<\/strong><br \/>(-26 for losing)\n|raw|dhsqibhdcid's rating: 1223 &rarr; <strong>1249<\/strong><br \/>(+26 for winning)\n|c|\u2606TheOrthwormJim|ggs\n|c|\u2606dhsqibhdcid|gg\n","uploadtime":1700588670,"views":1,"p1id":"theorthwormjim","p2id":"dhsqibhdcid","formatid":"gen9vgc2023regulatione","rating":1217,"private":0,"password":""}