{"id":"gen9vgc2023regulatione-1989411575","p1":"heybeatme","p2":"Xermaeus","format":"[Gen 9] VGC 2023 Regulation E","log":"|j|\u2606heybeatme\n|j|\u2606Xermaeus\n|t:|1699846824\n|gametype|doubles\n|player|p1|heybeatme|265|1436\n|player|p2|Xermaeus|169|1437\n|teamsize|p1|6\n|teamsize|p2|6\n|gen|9\n|tier|[Gen 9] VGC 2023 Regulation E\n|rated|\n|rule|Species Clause: Limit one of each Pok\u00e9mon\n|rule|Item Clause: Limit one of each item\n|clearpoke\n|poke|p1|Ogerpon-Wellspring, L50, F|\n|poke|p1|Flutter Mane, L50|\n|poke|p1|Chi-Yu, L50|\n|poke|p1|Landorus-Therian, L50, M|\n|poke|p1|Dragonite, L50, M|\n|poke|p1|Drifblim, L50, M|\n|poke|p2|Empoleon, L50, M|\n|poke|p2|Landorus-Therian, L50, M|\n|poke|p2|Heatran, L50, M|\n|poke|p2|Sinistcha, L50|\n|poke|p2|Urshifu-*, L50, M|\n|poke|p2|Tornadus, L50, M|\n|teampreview|4\n|inactive|Battle timer is ON: inactive players will automatically lose when time's up. (requested by heybeatme)\n|inactive|Xermaeus has 60 seconds left.\n|inactive|Xermaeus has 30 seconds left.\n|j| PcistaMasterRace\n|inactive|Xermaeus has 20 seconds left.\n|inactive|Xermaeus has 15 seconds left.\n|inactive|Xermaeus has 10 seconds left.\n|inactive|Xermaeus has 5 seconds left.\n|\n|t:|1699846940\n|start\n|switch|p1a: Drifblim|Drifblim, L50, M|100\/100\n|switch|p1b: Ogerpon|Ogerpon-Wellspring, L50, F|100\/100\n|switch|p2a: Empoleon|Empoleon, L50, M|100\/100\n|switch|p2b: Landorus|Landorus-Therian, L50, M|100\/100\n|-ability|p2b: Landorus|Intimidate|boost\n|-unboost|p1a: Drifblim|atk|1\n|-unboost|p1b: Ogerpon|atk|1\n|turn|1\n|inactive|Xermaeus has 30 seconds left.\n|\n|t:|1699846973\n|move|p1b: Ogerpon|Follow Me|p1b: Ogerpon\n|-singleturn|p1b: Ogerpon|move: Follow Me\n|move|p2b: Landorus|U-turn|p1b: Ogerpon\n|-supereffective|p1b: Ogerpon\n|-damage|p1b: Ogerpon|55\/100\n|\n|t:|1699846978\n|switch|p2b: Sinistcha|Sinistcha, L50|100\/100|[from] U-turn\n|move|p2a: Empoleon|Flash Cannon|p1b: Ogerpon\n|-resisted|p1b: Ogerpon\n|-damage|p1b: Ogerpon|34\/100\n|move|p1a: Drifblim|Tailwind|p1a: Drifblim\n|-sidestart|p1: heybeatme|move: Tailwind\n|\n|-status|p1a: Drifblim|brn|[from] item: Flame Orb\n|upkeep\n|turn|2\n|\n|t:|1699847000\n|switch|p2b: Landorus|Landorus-Therian, L50, M|100\/100\n|-ability|p2b: Landorus|Intimidate|boost\n|-unboost|p1a: Drifblim|atk|1\n|-unboost|p1b: Ogerpon|atk|1\n|move|p1b: Ogerpon|Ivy Cudgel|p2b: Landorus\n|-supereffective|p2b: Landorus\n|-damage|p2b: Landorus|39\/100\n|move|p1a: Drifblim|Shadow Ball|p2b: Landorus\n|-damage|p2b: Landorus|0 fnt\n|faint|p2b: Landorus\n|move|p2a: Empoleon|Ice Beam|p1a: Drifblim\n|-supereffective|p1a: Drifblim\n|-damage|p1a: Drifblim|34\/100 brn\n|\n|-damage|p1a: Drifblim|28\/100 brn|[from] brn\n|upkeep\n|\n|t:|1699847017\n|switch|p2b: Heatran|Heatran, L50, M|100\/100\n|turn|3\n|\n|t:|1699847029\n|switch|p1b: Dragonite|Dragonite, L50, M|100\/100\n|move|p2b: Heatran|Protect|p2b: Heatran\n|-singleturn|p2b: Heatran|Protect\n|move|p1a: Drifblim|Shadow Ball|p2b: Heatran\n|-activate|p2b: Heatran|move: Protect\n|move|p2a: Empoleon|Ice Beam|p1a: Drifblim\n|-supereffective|p1a: Drifblim\n|-damage|p1a: Drifblim|0 fnt\n|faint|p1a: Drifblim\n|\n|upkeep\n|\n|t:|1699847045\n|switch|p1a: Landorus|Landorus-Therian, L50, M|100\/100\n|-ability|p1a: Landorus|Intimidate|boost\n|-unboost|p2a: Empoleon|atk|1\n|-ability|p2a: Empoleon|Competitive|boost\n|-boost|p2a: Empoleon|spa|2\n|-unboost|p2b: Heatran|atk|1\n|turn|4\n|\n|t:|1699847060\n|-terastallize|p2b: Heatran|Grass\n|move|p1a: Landorus|Earthquake|p2a: Empoleon|[spread] p2a,p2b\n|-immune|p1b: Dragonite\n|-supereffective|p2a: Empoleon\n|-resisted|p2b: Heatran\n|-damage|p2a: Empoleon|2\/100\n|-damage|p2b: Heatran|84\/100\n|move|p1b: Dragonite|Earthquake|p2b: Heatran|[spread] p2a,p2b\n|-immune|p1a: Landorus\n|-supereffective|p2a: Empoleon\n|-resisted|p2b: Heatran\n|-damage|p2a: Empoleon|0 fnt\n|-damage|p2b: Heatran|67\/100\n|faint|p2a: Empoleon\n|move|p2b: Heatran|Heat Wave|p1b: Dragonite|[spread] p1a,p1b\n|-resisted|p1b: Dragonite\n|-damage|p1a: Landorus|51\/100\n|-damage|p1b: Dragonite|75\/100\n|-damage|p2b: Heatran|57\/100|[from] item: Life Orb\n|\n|-sideend|p1: heybeatme|move: Tailwind\n|upkeep\n|\n|t:|1699847081\n|switch|p2a: Sinistcha|Sinistcha, L50|100\/100\n|-heal|p2b: Heatran|82\/100|[from] ability: Hospitality|[of] p2a: Sinistcha\n|turn|5\n|\n|t:|1699847102\n|switch|p1b: Ogerpon|Ogerpon-Wellspring, L50, F|34\/100\n|move|p2b: Heatran|Protect|p2b: Heatran\n|-singleturn|p2b: Heatran|Protect\n|move|p1a: Landorus|Rock Slide|p2b: Heatran|[spread] p2a\n|-activate|p2b: Heatran|move: Protect\n|-damage|p2a: Sinistcha|83\/100\n|cant|p2a: Sinistcha|flinch\n|\n|upkeep\n|turn|6\n|inactive|heybeatme has 30 seconds left.\n|\n|t:|1699847133\n|move|p1b: Ogerpon|Brick Break|p2b: Heatran\n|-damage|p2b: Heatran|61\/100\n|move|p1a: Landorus|Rock Slide|p2b: Heatran|[spread] p2a,p2b\n|-damage|p2a: Sinistcha|65\/100\n|-damage|p2b: Heatran|44\/100\n|move|p2b: Heatran|Heat Wave|p1a: Landorus|[spread] p1a,p1b\n|-damage|p1a: Landorus|2\/100\n|-damage|p1b: Ogerpon|0 fnt\n|faint|p1b: Ogerpon\n|-damage|p2b: Heatran|34\/100|[from] item: Life Orb\n|cant|p2a: Sinistcha|flinch\n|\n|upkeep\n|\n|t:|1699847144\n|switch|p1b: Dragonite|Dragonite, L50, M|75\/100\n|turn|7\n|\n|t:|1699847151\n|move|p2b: Heatran|Protect|p2b: Heatran\n|-singleturn|p2b: Heatran|Protect\n|move|p1a: Landorus|Rock Slide|p2a: Sinistcha|[spread] p2a\n|-activate|p2b: Heatran|move: Protect\n|-damage|p2a: Sinistcha|47\/100\n|move|p1b: Dragonite|Ice Spinner|p2a: Sinistcha\n|-supereffective|p2a: Sinistcha\n|-damage|p2a: Sinistcha|0 fnt\n|-damage|p1b: Dragonite|58\/100|[from] item: Rocky Helmet|[of] p2a: Sinistcha\n|faint|p2a: Sinistcha\n|\n|upkeep\n|turn|8\n|-message|Xermaeus forfeited.\n|\n|win|heybeatme\n|raw|heybeatme's rating: 1436 &rarr; <strong>1456<\/strong><br \/>(+20 for winning)\n|raw|Xermaeus's rating: 1437 &rarr; <strong>1417<\/strong><br \/>(-20 for losing)\n|l|\u2606Xermaeus\n","uploadtime":1699847174,"views":14,"p1id":"heybeatme","p2id":"xermaeus","formatid":"gen9vgc2023regulatione","rating":1417,"private":0,"password":""}