{"id":"gen9vgc2023regulatione-2000190369","p1":"xingshen","p2":"FoxyTheG","format":"[Gen 9] VGC 2023 Regulation E","log":"|j|\u2606xingshen\n|j|\u2606FoxyTheG\n|t:|1701169748\n|gametype|doubles\n|player|p1|xingshen|101|1356\n|player|p2|FoxyTheG|mars|1343\n|teamsize|p1|6\n|teamsize|p2|6\n|gen|9\n|tier|[Gen 9] VGC 2023 Regulation E\n|rated|\n|rule|Species Clause: Limit one of each Pok\u00e9mon\n|rule|Item Clause: Limit one of each item\n|clearpoke\n|poke|p1|Indeedee-F, L50, F|\n|poke|p1|Sneasler, L50, F|\n|poke|p1|Salamence, L50, M|\n|poke|p1|Gholdengo, L50|\n|poke|p1|Ogerpon-Wellspring, L50, F|\n|poke|p1|Urshifu-*, L50, M|\n|poke|p2|Dondozo, L50, M|\n|poke|p2|Tatsugiri, L50, F|\n|poke|p2|Glimmora, L50, F|\n|poke|p2|Ninetales-Alola, L50, F|\n|poke|p2|Rillaboom, L50, M|\n|poke|p2|Thundurus, L50, M|\n|teampreview|4\n|inactive|Battle timer is ON: inactive players will automatically lose when time's up. (requested by FoxyTheG)\n|inactive|xingshen has 60 seconds left.\n|\n|t:|1701169779\n|start\n|switch|p1a: Salamence|Salamence, L50, M|100\/100\n|switch|p1b: Gholdengo|Gholdengo, L50|100\/100\n|switch|p2a: Ninetales|Ninetales-Alola, L50, F, shiny|100\/100\n|switch|p2b: Glimmora|Glimmora, L50, F|100\/100\n|-ability|p1a: Salamence|Intimidate|boost\n|-unboost|p2a: Ninetales|atk|1\n|-unboost|p2b: Glimmora|atk|1\n|-weather|Snow|[from] ability: Snow Warning|[of] p2a: Ninetales\n|turn|1\n|inactive|FoxyTheG has 30 seconds left.\n|\n|t:|1701169807\n|-terastallize|p1b: Gholdengo|Steel\n|-terastallize|p2a: Ninetales|Water\n|move|p1a: Salamence|Tailwind|p1a: Salamence\n|-sidestart|p1: xingshen|move: Tailwind\n|move|p1b: Gholdengo|Make It Rain|p2b: Glimmora|[spread] p2a,p2b\n|-resisted|p2a: Ninetales\n|-supereffective|p2b: Glimmora\n|-damage|p2a: Ninetales|75\/100\n|-damage|p2b: Glimmora|7\/100\n|-unboost|p1b: Gholdengo|spa|1\n|move|p2b: Glimmora|Earth Power|p1b: Gholdengo\n|-supereffective|p1b: Gholdengo\n|-damage|p1b: Gholdengo|41\/100\n|move|p2a: Ninetales|Freeze-Dry|p1a: Salamence\n|-supereffective|p1a: Salamence\n|-damage|p1a: Salamence|11\/100\n|\n|-weather|Snow|[upkeep]\n|-heal|p1b: Gholdengo|47\/100|[from] item: Leftovers\n|upkeep\n|turn|2\n|inactive|xingshen has 30 seconds left.\n|inactive|xingshen has 20 seconds left.\n|\n|t:|1701169843\n|switch|p1a: Sneasler|Sneasler, L50, F|100\/100\n|move|p1b: Gholdengo|Make It Rain|p2a: Ninetales|[spread] p2a,p2b\n|-resisted|p2a: Ninetales\n|-supereffective|p2b: Glimmora\n|-damage|p2a: Ninetales|60\/100\n|-damage|p2b: Glimmora|0 fnt\n|-unboost|p1b: Gholdengo|spa|1\n|faint|p2b: Glimmora\n|move|p2a: Ninetales|Aurora Veil|p2a: Ninetales\n|-sidestart|p2: FoxyTheG|move: Aurora Veil\n|\n|-weather|Snow|[upkeep]\n|-heal|p1b: Gholdengo|53\/100|[from] item: Leftovers\n|upkeep\n|\n|t:|1701169855\n|switch|p2b: Dondozo|Dondozo, L50, M|100\/100\n|turn|3\n|\n|t:|1701169873\n|switch|p1b: Salamence|Salamence, L50, M|11\/100\n|-ability|p1b: Salamence|Intimidate|boost\n|-unboost|p2a: Ninetales|atk|1\n|-unboost|p2b: Dondozo|atk|1\n|switch|p2a: Tatsugiri|Tatsugiri, L50, F|100\/100\n|-activate|p2a: Tatsugiri|ability: Commander|[of] p2b: Dondozo\n|-boost|p2b: Dondozo|atk|2\n|-boost|p2b: Dondozo|spa|2\n|-boost|p2b: Dondozo|spe|2\n|-boost|p2b: Dondozo|def|2\n|-boost|p2b: Dondozo|spd|2\n|move|p1a: Sneasler|Low Kick|p2b: Dondozo\n|-damage|p2b: Dondozo|83\/100\n|move|p2b: Dondozo|Order Up|p1b: Salamence\n|-supereffective|p1b: Salamence\n|-damage|p1b: Salamence|0 fnt\n|faint|p1b: Salamence\n|-boost|p2b: Dondozo|atk|1\n|\n|-weather|Snow|[upkeep]\n|-heal|p2b: Dondozo|89\/100|[from] item: Leftovers\n|upkeep\n|inactive|xingshen has 30 seconds left.\n|\n|t:|1701169899\n|switch|p1b: Ogerpon|Ogerpon-Wellspring, L50, F|100\/100\n|turn|4\n|\n|t:|1701169909\n|move|p1a: Sneasler|Dire Claw|p2b: Dondozo\n|-damage|p2b: Dondozo|78\/100\n|move|p1b: Ogerpon|Wood Hammer|p2b: Dondozo\n|-supereffective|p2b: Dondozo\n|-crit|p2b: Dondozo\n|-damage|p2b: Dondozo|0 fnt\n|faint|p2b: Dondozo\n|-damage|p1b: Ogerpon|69\/100|[from] Recoil\n|\n|-weather|Snow|[upkeep]\n|-sideend|p1: xingshen|move: Tailwind\n|upkeep\n|\n|t:|1701169915\n|switch|p2b: Ninetales|Ninetales-Alola, L50, F, shiny, tera:Water|60\/100\n|turn|5\n|inactive|xingshen has 30 seconds left.\n|\n|t:|1701169944\n|move|p1a: Sneasler|Dire Claw|p2a: Tatsugiri\n|-damage|p2a: Tatsugiri|44\/100\n|move|p2a: Tatsugiri|Draco Meteor|p1a: Sneasler\n|-damage|p1a: Sneasler|15\/100\n|-unboost|p2a: Tatsugiri|spa|2\n|move|p2b: Ninetales|Freeze-Dry|p1b: Ogerpon\n|-supereffective|p1b: Ogerpon\n|-damage|p1b: Ogerpon|0 fnt\n|faint|p1b: Ogerpon\n|\n|-weather|none\n|upkeep\n|\n|t:|1701169960\n|switch|p1b: Gholdengo|Gholdengo, L50, tera:Steel|53\/100\n|turn|6\n|\n|t:|1701169980\n|move|p1a: Sneasler|Dire Claw|p2a: Tatsugiri\n|-damage|p2a: Tatsugiri|0 fnt\n|faint|p2a: Tatsugiri\n|move|p1b: Gholdengo|Nasty Plot|p1b: Gholdengo\n|-boost|p1b: Gholdengo|spa|2\n|move|p2b: Ninetales|Freeze-Dry|p1a: Sneasler\n|-damage|p1a: Sneasler|0 fnt\n|faint|p1a: Sneasler\n|\n|-heal|p1b: Gholdengo|58\/100|[from] item: Leftovers\n|upkeep\n|turn|7\n|\n|t:|1701169995\n|move|p1b: Gholdengo|Protect|p1b: Gholdengo\n|-singleturn|p1b: Gholdengo|Protect\n|move|p2b: Ninetales|Moonblast|p1b: Gholdengo\n|-activate|p1b: Gholdengo|move: Protect\n|\n|-heal|p1b: Gholdengo|64\/100|[from] item: Leftovers\n|upkeep\n|turn|8\n|\n|t:|1701170004\n|move|p1b: Gholdengo|Shadow Ball|p2b: Ninetales\n|-damage|p2b: Ninetales|15\/100\n|move|p2b: Ninetales|Moonblast|p1b: Gholdengo\n|-resisted|p1b: Gholdengo\n|-damage|p1b: Gholdengo|49\/100\n|\n|-heal|p1b: Gholdengo|55\/100|[from] item: Leftovers\n|upkeep\n|turn|9\n|\n|t:|1701170015\n|move|p1b: Gholdengo|Shadow Ball|p2b: Ninetales\n|-damage|p2b: Ninetales|0 fnt\n|faint|p2b: Ninetales\n|\n|win|xingshen\n|raw|xingshen's rating: 1356 &rarr; <strong>1375<\/strong><br \/>(+19 for winning)\n|raw|FoxyTheG's rating: 1343 &rarr; <strong>1324<\/strong><br \/>(-19 for losing)\n|l|\u2606FoxyTheG\n","uploadtime":1701170024,"views":4,"p1id":"xingshen","p2id":"foxytheg","formatid":"gen9vgc2023regulatione","rating":1324,"private":0,"password":""}