{"id":"gen9vgc2023regulatione-1999997411","p1":"Fxhfddfcf","p2":"eileenr","format":"[Gen 9] VGC 2023 Regulation E","log":"|j|\u2606Fxhfddfcf\n|j|\u2606eileenr\n|t:|1701139230\n|gametype|doubles\n|player|p1|Fxhfddfcf|265|1000\n|player|p2|eileenr|maid|1000\n|teamsize|p1|6\n|teamsize|p2|4\n|gen|9\n|tier|[Gen 9] VGC 2023 Regulation E\n|rated|\n|rule|Species Clause: Limit one of each Pok\u00e9mon\n|rule|Item Clause: Limit one of each item\n|clearpoke\n|poke|p1|Raichu, L50, F|\n|poke|p1|Gastrodon-East, L50, M|\n|poke|p1|Tornadus, L50, M|\n|poke|p1|Rillaboom, L50, F|\n|poke|p1|Roaring Moon, L50|\n|poke|p1|Urshifu-*, L50, F|\n|poke|p2|Dudunsparce-*, L50, M|\n|poke|p2|Eevee, L50, M|\n|poke|p2|Scyther, L50, F|\n|poke|p2|Tinkaton, L50, F|\n|teampreview|4\n|inactive|Battle timer is ON: inactive players will automatically lose when time's up. (requested by eileenr)\n|\n|t:|1701139260\n|start\n|switch|p1a: Raichu|Raichu, L50, F|100\/100\n|switch|p1b: Gastrodon|Gastrodon-East, L50, M|100\/100\n|switch|p2a: Eevee|Eevee, L50, M|100\/100\n|switch|p2b: Dudunsparce|Dudunsparce-Three-Segment, L50, M|100\/100\n|turn|1\n|\n|t:|1701139277\n|-terastallize|p2b: Dudunsparce|Normal\n|move|p2a: Eevee|Helping Hand|p2b: Dudunsparce\n|-singleturn|p2b: Dudunsparce|Helping Hand|[of] p2a: Eevee\n|move|p1a: Raichu|Fake Out|p2b: Dudunsparce\n|-damage|p2b: Dudunsparce|92\/100\n|cant|p2b: Dudunsparce|flinch\n|move|p1b: Gastrodon|Icy Wind|p2b: Dudunsparce|[spread] p2a,p2b\n|-damage|p2a: Eevee|83\/100\n|-damage|p2b: Dudunsparce|82\/100\n|-unboost|p2a: Eevee|spe|1\n|-unboost|p2b: Dudunsparce|spe|1\n|\n|upkeep\n|turn|2\n|\n|t:|1701139301\n|-terastallize|p1a: Raichu|Ghost\n|move|p2a: Eevee|Helping Hand|p2b: Dudunsparce\n|-singleturn|p2b: Dudunsparce|Helping Hand|[of] p2a: Eevee\n|move|p1a: Raichu|Surf|p2a: Eevee|[spread] p2a,p2b\n|-ability|p1b: Gastrodon|Storm Drain|boost\n|-boost|p1b: Gastrodon|spa|1\n|-damage|p2a: Eevee|55\/100\n|-damage|p2b: Dudunsparce|66\/100\n|move|p1b: Gastrodon|Muddy Water|p2b: Dudunsparce|[spread] p2b\n|-miss|p1b: Gastrodon|p2a: Eevee\n|-damage|p2b: Dudunsparce|29\/100\n|move|p2b: Dudunsparce|Boomburst|p1b: Gastrodon|[spread] p2a,p1b\n|-immune|p1a: Raichu\n|-crit|p2a: Eevee\n|-damage|p2a: Eevee|0 fnt\n|-damage|p1b: Gastrodon|0 fnt\n|faint|p2a: Eevee\n|faint|p1b: Gastrodon\n|\n|upkeep\n|\n|t:|1701139321\n|switch|p2a: Tinkaton|Tinkaton, L50, F|100\/100\n|switch|p1b: Rillaboom|Rillaboom, L50, F|100\/100\n|-ability|p2a: Tinkaton|Mold Breaker\n|-fieldstart|move: Grassy Terrain|[from] ability: Grassy Surge|[of] p1b: Rillaboom\n|-enditem|p1b: Rillaboom|Grassy Seed\n|-boost|p1b: Rillaboom|def|1|[from] item: Grassy Seed\n|turn|3\n|\n|t:|1701139342\n|move|p1b: Rillaboom|Fake Out|p2a: Tinkaton\n|-resisted|p2a: Tinkaton\n|-damage|p2a: Tinkaton|92\/100\n|-damage|p1b: Rillaboom|84\/100|[from] item: Rocky Helmet|[of] p2a: Tinkaton\n|move|p1a: Raichu|Volt Switch|p2a: Tinkaton\n|-damage|p2a: Tinkaton|70\/100\n|\n|t:|1701139349\n|switch|p1a: Urshifu|Urshifu, L50, F|100\/100|[from] Volt Switch\n|cant|p2a: Tinkaton|flinch\n|move|p2b: Dudunsparce|Boomburst|p1b: Rillaboom|[spread] p2a,p1a,p1b\n|-resisted|p2a: Tinkaton\n|-damage|p2a: Tinkaton|33\/100\n|-damage|p1a: Urshifu|0 fnt\n|-damage|p1b: Rillaboom|0 fnt\n|faint|p1a: Urshifu\n|faint|p1b: Rillaboom\n|\n|-heal|p2a: Tinkaton|40\/100|[from] Grassy Terrain\n|-heal|p2b: Dudunsparce|35\/100|[from] Grassy Terrain\n|upkeep\n|c|\u2606eileenr|why\n|\n|t:|1701139365\n|switch|p1b: Raichu|Raichu, L50, F, tera:Ghost|100\/100\n|turn|4\n|\n|t:|1701139374\n|move|p1b: Raichu|Volt Switch|p2a: Tinkaton\n|-damage|p2a: Tinkaton|16\/100\n|move|p2a: Tinkaton|Gigaton Hammer|p1b: Raichu\n|-damage|p1b: Raichu|14\/100\n|move|p2b: Dudunsparce|Boomburst|p1b: Raichu|[spread] p2a\n|-immune|p1b: Raichu\n|-resisted|p2a: Tinkaton\n|-damage|p2a: Tinkaton|0 fnt\n|faint|p2a: Tinkaton\n|\n|-heal|p1b: Raichu|20\/100|[from] Grassy Terrain\n|-heal|p2b: Dudunsparce|41\/100|[from] Grassy Terrain\n|upkeep\n|\n|t:|1701139381\n|switch|p2a: Scyther|Scyther, L50, F|100\/100\n|turn|5\n|\n|t:|1701139390\n|move|p2a: Scyther|Aerial Ace|p1b: Raichu\n|-damage|p1b: Raichu|0 fnt\n|faint|p1b: Raichu\n|\n|win|eileenr\n|raw|Fxhfddfcf's rating: 1000 &rarr; <strong>1000<\/strong><br \/>(+0 for losing)\n|raw|eileenr's rating: 1000 &rarr; <strong>1040<\/strong><br \/>(+40 for winning)\n","uploadtime":1701139399,"views":7,"p1id":"fxhfddfcf","p2id":"eileenr","formatid":"gen9vgc2023regulatione","rating":1000,"private":0,"password":""}