{"id":"gen9vgc2023regulatione-1999285486","p1":"NExus1ai","p2":"tyranitrev","format":"[Gen 9] VGC 2023 Regulation E","log":"|j|\u2606NExus1ai\n|j|\u2606tyranitrev\n|t:|1701055109\n|gametype|doubles\n|player|p1|NExus1ai|2|1209\n|player|p2|tyranitrev|102|1206\n|teamsize|p1|6\n|teamsize|p2|6\n|gen|9\n|tier|[Gen 9] VGC 2023 Regulation E\n|rated|\n|rule|Species Clause: Limit one of each Pok\u00e9mon\n|rule|Item Clause: Limit one of each item\n|clearpoke\n|poke|p1|Roaring Moon, L50|\n|poke|p1|Heatran, L50, M|\n|poke|p1|Flutter Mane, L50|\n|poke|p1|Landorus-Therian, L50, M|\n|poke|p1|Iron Hands, L50|\n|poke|p1|Amoonguss, L50, F|\n|poke|p2|Gholdengo, L50|\n|poke|p2|Iron Hands, L50|\n|poke|p2|Amoonguss, L50, M|\n|poke|p2|Iron Bundle, L50|\n|poke|p2|Pelipper, L50, F|\n|poke|p2|Salamence, L50, F|\n|teampreview|4\ntyranitrev has agreed to open team sheets.\n|inactive|Battle timer is ON: inactive players will automatically lose when time's up. (requested by tyranitrev)\n|\n|t:|1701055176\n|start\n|switch|p1a: Roaring Moon|Roaring Moon, L50|100\/100\n|switch|p1b: Landorus|Landorus-Therian, L50, M|100\/100\n|switch|p2a: Pelipper|Pelipper, L50, F|100\/100\n|switch|p2b: Iron Bundle|Iron Bundle, L50|100\/100\n|-ability|p1b: Landorus|Intimidate|boost\n|-unboost|p2a: Pelipper|atk|1\n|-unboost|p2b: Iron Bundle|atk|1\n|-weather|RainDance|[from] ability: Drizzle|[of] p2a: Pelipper\n|-enditem|p1a: Roaring Moon|Booster Energy\n|-activate|p1a: Roaring Moon|ability: Protosynthesis|[fromitem]\n|-start|p1a: Roaring Moon|protosynthesisspe\n|-enditem|p2b: Iron Bundle|Booster Energy\n|-activate|p2b: Iron Bundle|ability: Quark Drive|[fromitem]\n|-start|p2b: Iron Bundle|quarkdrivespe\n|turn|1\n|inactive|NExus1ai has 30 seconds left.\n|inactive|tyranitrev has 30 seconds left.\n|\n|t:|1701055210\n|switch|p1b: Iron Hands|Iron Hands, L50|100\/100\n|move|p1a: Roaring Moon|Protect|p1a: Roaring Moon\n|-singleturn|p1a: Roaring Moon|Protect\n|move|p2b: Iron Bundle|Freeze-Dry|p1a: Roaring Moon\n|-activate|p1a: Roaring Moon|move: Protect\n|move|p2a: Pelipper|Weather Ball|p1b: Iron Hands\n|-crit|p1b: Iron Hands\n|-damage|p1b: Iron Hands|57\/100\n|\n|-weather|RainDance|[upkeep]\n|upkeep\n|turn|2\n|inactive|tyranitrev has 30 seconds left.\n|\n|t:|1701055236\n|switch|p2a: Amoonguss|Amoonguss, L50, M|100\/100\n|move|p2b: Iron Bundle|Protect|p2b: Iron Bundle\n|-singleturn|p2b: Iron Bundle|Protect\n|move|p1a: Roaring Moon|Tailwind|p1a: Roaring Moon\n|-sidestart|p1: NExus1ai|move: Tailwind\n|move|p1b: Iron Hands|Wild Charge|p2a: Amoonguss\n|-resisted|p2a: Amoonguss\n|-damage|p2a: Amoonguss|81\/100\n|-damage|p1b: Iron Hands|53\/100|[from] Recoil\n|\n|-weather|RainDance|[upkeep]\n|upkeep\n|turn|3\n|inactive|tyranitrev has 30 seconds left.\n|\n|t:|1701055262\n|-end|p1b: Iron Hands|Quark Drive|[silent]\n|switch|p1b: Amoonguss|Amoonguss, L50, F, shiny|100\/100\n|move|p1a: Roaring Moon|Knock Off|p2a: Amoonguss\n|-damage|p2a: Amoonguss|40\/100\n|-enditem|p2a: Amoonguss|Sitrus Berry|[from] move: Knock Off|[of] p1a: Roaring Moon\n|move|p2b: Iron Bundle|Freeze-Dry|p1a: Roaring Moon\n|-supereffective|p1a: Roaring Moon\n|-damage|p1a: Roaring Moon|45\/100\n|move|p2a: Amoonguss|Spore|p1b: Amoonguss\n|-immune|p1b: Amoonguss\n|\n|-weather|RainDance|[upkeep]\n|upkeep\n|turn|4\n|inactive|tyranitrev has 30 seconds left.\n|\n|t:|1701055291\n|move|p1a: Roaring Moon|Protect|p1a: Roaring Moon\n|-singleturn|p1a: Roaring Moon|Protect\n|move|p2a: Amoonguss|Protect|p2a: Amoonguss\n|-singleturn|p2a: Amoonguss|Protect\n|move|p2b: Iron Bundle|Freeze-Dry|p1a: Roaring Moon\n|-activate|p1a: Roaring Moon|move: Protect\n|move|p1b: Amoonguss|Spore|p2b: Iron Bundle\n|-status|p2b: Iron Bundle|slp|[from] move: Spore\n|\n|-weather|RainDance|[upkeep]\n|upkeep\n|turn|5\n|\n|t:|1701055308\n|move|p1a: Roaring Moon|Knock Off|p2a: Amoonguss\n|-damage|p2a: Amoonguss|16\/100\n|cant|p2b: Iron Bundle|slp\n|move|p1b: Amoonguss|Pollen Puff|p2a: Amoonguss\n|-damage|p2a: Amoonguss|0 fnt\n|faint|p2a: Amoonguss\n|\n|-weather|none\n|-sideend|p1: NExus1ai|move: Tailwind\n|upkeep\n|\n|t:|1701055323\n|switch|p2a: Gholdengo|Gholdengo, L50|100\/100\n|turn|6\n|\n|t:|1701055336\n|-terastallize|p2a: Gholdengo|Dragon\n|move|p1a: Roaring Moon|Tailwind|p1a: Roaring Moon\n|-sidestart|p1: NExus1ai|move: Tailwind\n|cant|p2b: Iron Bundle|slp\n|move|p2a: Gholdengo|Nasty Plot|p2a: Gholdengo\n|-boost|p2a: Gholdengo|spa|2\n|move|p1b: Amoonguss|Pollen Puff|p1a: Roaring Moon\n|-heal|p1a: Roaring Moon|95\/100\n|\n|upkeep\n|turn|7\n|c|\u2606tyranitrev|!weakness Roaring Moon\n|c| tyranitrev|\/raw <div class=\"infobox\">Roaring Moon (ignoring abilities):<br \/><span class=\"message-effect-weak\">Weaknesses<\/span>: Bug, Dragon, <b>Fairy<\/b>, Fighting, Ice<br \/><span class=\"message-effect-resist\">Resistances<\/span>: Dark, Electric, Fire, Ghost, Grass, Water<br \/><span class=\"message-effect-immune\">Immunities<\/span>: Psychic, Prankster<\/div>\n|inactive|tyranitrev has 30 seconds left.\n|inactive|tyranitrev has 20 seconds left.\n|inactive|tyranitrev has 15 seconds left.\n|\n|t:|1701055376\n|switch|p1b: Iron Hands|Iron Hands, L50|53\/100\n|move|p1a: Roaring Moon|Breaking Swipe|p2b: Iron Bundle|[spread] p2a,p2b\n|-supereffective|p2a: Gholdengo\n|-damage|p2a: Gholdengo|51\/100\n|-damage|p2b: Iron Bundle|80\/100 slp\n|-unboost|p2a: Gholdengo|atk|1\n|-unboost|p2b: Iron Bundle|atk|1\n|cant|p2b: Iron Bundle|slp\n|move|p2a: Gholdengo|Make It Rain|p1a: Roaring Moon|[spread] p1a,p1b\n|-resisted|p1b: Iron Hands\n|-damage|p1a: Roaring Moon|2\/100\n|-damage|p1b: Iron Hands|28\/100\n|-unboost|p2a: Gholdengo|spa|1\n|\n|-heal|p2a: Gholdengo|57\/100|[from] item: Leftovers\n|upkeep\n|turn|8\n|\n|t:|1701055398\n|-end|p2b: Iron Bundle|Quark Drive|[silent]\n|switch|p2b: Pelipper|Pelipper, L50, F|100\/100\n|-weather|RainDance|[from] ability: Drizzle|[of] p2b: Pelipper\n|move|p2a: Gholdengo|Protect|p2a: Gholdengo\n|-singleturn|p2a: Gholdengo|Protect\n|move|p1b: Iron Hands|Fake Out|p2b: Pelipper\n|-damage|p2b: Pelipper|82\/100\n|move|p1a: Roaring Moon|Breaking Swipe|p2a: Gholdengo|[spread] p2b\n|-activate|p2a: Gholdengo|move: Protect\n|-damage|p2b: Pelipper|55\/100\n|-unboost|p2b: Pelipper|atk|1\n|\n|-weather|RainDance|[upkeep]\n|-heal|p2a: Gholdengo|63\/100|[from] item: Leftovers\n|upkeep\n|turn|9\n|inactive|NExus1ai has 30 seconds left.\n|\n|t:|1701055424\n|move|p2b: Pelipper|Wide Guard|p2b: Pelipper\n|-singleturn|p2b: Pelipper|Wide Guard\n|move|p1a: Roaring Moon|Knock Off|p2a: Gholdengo\n|-damage|p2a: Gholdengo|9\/100\n|-enditem|p2a: Gholdengo|Leftovers|[from] move: Knock Off|[of] p1a: Roaring Moon\n|move|p1b: Iron Hands|Ice Punch|p2a: Gholdengo\n|-supereffective|p2a: Gholdengo\n|-damage|p2a: Gholdengo|0 fnt\n|faint|p2a: Gholdengo\n|\n|-weather|RainDance|[upkeep]\n|-sideend|p1: NExus1ai|move: Tailwind\n|upkeep\n|\n|t:|1701055433\n|switch|p2a: Iron Bundle|Iron Bundle, L50|80\/100 slp\n|turn|10\n|\n|t:|1701055440\n|move|p1a: Roaring Moon|Tailwind|p1a: Roaring Moon\n|-sidestart|p1: NExus1ai|move: Tailwind\n|-curestatus|p2a: Iron Bundle|slp|[msg]\n|move|p2a: Iron Bundle|Icy Wind|p1b: Iron Hands|[spread] p1a,p1b\n|-supereffective|p1a: Roaring Moon\n|-crit|p1b: Iron Hands\n|-damage|p1a: Roaring Moon|0 fnt\n|-damage|p1b: Iron Hands|14\/100\n|-unboost|p1b: Iron Hands|spe|1\n|faint|p1a: Roaring Moon\n|-end|p1a: Roaring Moon|Protosynthesis|[silent]\n|move|p2b: Pelipper|Weather Ball|p1b: Iron Hands\n|-damage|p1b: Iron Hands|0 fnt\n|faint|p1b: Iron Hands\n|-end|p1b: Iron Hands|Quark Drive|[silent]\n|\n|-weather|RainDance|[upkeep]\n|upkeep\n|\n|t:|1701055448\n|switch|p1a: Landorus|Landorus-Therian, L50, M|100\/100\n|switch|p1b: Amoonguss|Amoonguss, L50, F, shiny|100\/100\n|-ability|p1a: Landorus|Intimidate|boost\n|-unboost|p2a: Iron Bundle|atk|1\n|-unboost|p2b: Pelipper|atk|1\n|turn|11\n|\n|t:|1701055471\n|-terastallize|p1a: Landorus|Flying\n|move|p2a: Iron Bundle|Protect|p2a: Iron Bundle\n|-singleturn|p2a: Iron Bundle|Protect\n|move|p2b: Pelipper|Wide Guard|p2b: Pelipper\n|-singleturn|p2b: Pelipper|Wide Guard\n|move|p1a: Landorus|Tera Blast|p2b: Pelipper|[anim] Tera Blast Flying\n|-damage|p2b: Pelipper|0 fnt\n|faint|p2b: Pelipper\n|move|p1b: Amoonguss|Spore|p2a: Iron Bundle\n|-activate|p2a: Iron Bundle|move: Protect\n|\n|-weather|RainDance|[upkeep]\n|upkeep\n|turn|12\n|\n|t:|1701055484\n|move|p1a: Landorus|Tera Blast|p2a: Iron Bundle|[anim] Tera Blast Flying\n|-damage|p2a: Iron Bundle|24\/100\n|move|p2a: Iron Bundle|Freeze-Dry|p1a: Landorus\n|-supereffective|p1a: Landorus\n|-damage|p1a: Landorus|36\/100\n|move|p1b: Amoonguss|Spore|p2a: Iron Bundle\n|-status|p2a: Iron Bundle|slp|[from] move: Spore\n|\n|-weather|none\n|upkeep\n|turn|13\n|-message|tyranitrev forfeited.\n|\n|win|NExus1ai\n|raw|NExus1ai's rating: 1209 &rarr; <strong>1234<\/strong><br \/>(+25 for winning)\n|raw|tyranitrev's rating: 1206 &rarr; <strong>1181<\/strong><br \/>(-25 for losing)\n","uploadtime":1701055498,"views":9,"p1id":"nexus1ai","p2id":"tyranitrev","formatid":"gen9vgc2023regulatione","rating":1181,"private":0,"password":""}