{"id":"gen9vgc2023regulatione-1993442829","p1":"BROKE1TH","p2":"pokeveteran04","format":"[Gen 9] VGC 2023 Regulation E","log":"|j|\u2606BROKE1TH\n|j|\u2606pokeveteran04\n|t:|1700318502\n|gametype|doubles\n|player|p1|BROKE1TH|unknown|1600\n|player|p2|pokeveteran04|red|1640\n|teamsize|p1|6\n|teamsize|p2|6\n|gen|9\n|tier|[Gen 9] VGC 2023 Regulation E\n|rated|\n|rule|Species Clause: Limit one of each Pok\u00e9mon\n|rule|Item Clause: Limit one of each item\n|clearpoke\n|poke|p1|Armarouge, L50, M|\n|poke|p1|Iron Bundle, L50|\n|poke|p1|Indeedee-F, L50, F|\n|poke|p1|Farigiraf, L50, M|\n|poke|p1|Lilligant-Hisui, L50, F|\n|poke|p1|Torkoal, L50, M|\n|poke|p2|Tornadus, L50, M|\n|poke|p2|Amoonguss, L50, F|\n|poke|p2|Thundurus-Therian, L50, M|\n|poke|p2|Urshifu-*, L50, M|\n|poke|p2|Arcanine-Hisui, L50, M|\n|poke|p2|Ogerpon-Wellspring, L50, F|\n|teampreview|4\n|inactive|Battle timer is ON: inactive players will automatically lose when time's up. (requested by BROKE1TH)\n|\n|t:|1700318527\n|start\n|switch|p1a: Sir Toast|Armarouge, L50, M|100\/100\n|switch|p1b: Indeed.com|Indeedee-F, L50, F|100\/100\n|switch|p2a: Tornadus|Tornadus, L50, M|100\/100\n|switch|p2b: Ogerpon|Ogerpon-Wellspring, L50, F|100\/100\n|-fieldstart|move: Psychic Terrain|[from] ability: Psychic Surge|[of] p1b: Indeed.com\n|turn|1\n|inactive|pokeveteran04 has 30 seconds left.\n|\n|t:|1700318557\n|-terastallize|p1a: Sir Toast|Psychic\n|move|p2b: Ogerpon|Spiky Shield|p2b: Ogerpon\n|-singleturn|p2b: Ogerpon|move: Protect\n|move|p1b: Indeed.com|Follow Me|p1b: Indeed.com\n|-singleturn|p1b: Indeed.com|move: Follow Me\n|move|p2a: Tornadus|Bleakwind Storm|p1a: Sir Toast|[spread] p1a,p1b\n|-damage|p1a: Sir Toast|46\/100\n|-damage|p1b: Indeed.com|63\/100\n|-unboost|p1a: Sir Toast|spe|1\n|-unboost|p1b: Indeed.com|spe|1\n|move|p1a: Sir Toast|Expanding Force|p2a: Tornadus|[spread] p2a\n|-activate|p2b: Ogerpon|move: Protect\n|-enditem|p2a: Tornadus|Focus Sash\n|-damage|p2a: Tornadus|1\/100\n|\n|upkeep\n|turn|2\n|inactive|BROKE1TH has 30 seconds left.\n|inactive|BROKE1TH has 20 seconds left.\n|\n|t:|1700318592\n|move|p1a: Sir Toast|Endure|p1a: Sir Toast\n|-singleturn|p1a: Sir Toast|move: Endure\n|move|p2a: Tornadus|Bleakwind Storm|p1a: Sir Toast|[spread] p1a,p1b\n|-activate|p1a: Sir Toast|move: Endure\n|-damage|p1a: Sir Toast|1\/100\n|-damage|p1b: Indeed.com|25\/100\n|-unboost|p1b: Indeed.com|spe|1\n|-enditem|p1b: Indeed.com|Sitrus Berry|[eat]\n|-heal|p1b: Indeed.com|50\/100|[from] item: Sitrus Berry\n|move|p2b: Ogerpon|Ivy Cudgel|p1b: Indeed.com|[anim] Ivy Cudgel Water\n|-damage|p1b: Indeed.com|0 fnt\n|faint|p1b: Indeed.com\n|\n|upkeep\n|\n|t:|1700318606\n|switch|p1b: Vegan|Lilligant-Hisui, L50, F|100\/100\n|turn|3\n|\n|t:|1700318617\n|switch|p1a: Mellow Bowser|Torkoal, L50, M|100\/100\n|-weather|SunnyDay|[from] ability: Drought|[of] p1a: Mellow Bowser\n|-terastallize|p2b: Ogerpon|Water\n|detailschange|p2b: Ogerpon|Ogerpon-Wellspring-Tera, L50, F, tera:Water\n|-ability|p2b: Ogerpon|Embody Aspect (Wellspring)|boost\n|-boost|p2b: Ogerpon|spd|1\n|move|p2a: Tornadus|Rain Dance|p2a: Tornadus\n|-weather|RainDance\n|move|p1b: Vegan|Solar Blade||[still]\n|-prepare|p1b: Vegan|Solar Blade\n|move|p2b: Ogerpon|Ivy Cudgel|p1a: Mellow Bowser|[anim] Ivy Cudgel Water\n|-supereffective|p1a: Mellow Bowser\n|-damage|p1a: Mellow Bowser|0 fnt\n|faint|p1a: Mellow Bowser\n|\n|-weather|RainDance|[upkeep]\n|upkeep\n|inactive|BROKE1TH has 30 seconds left.\n|\n|t:|1700318643\n|switch|p1a: Sir Toast|Armarouge, L50, M, tera:Psychic|1\/100\n|turn|4\n|\n|t:|1700318662\n|switch|p2b: Amoonguss|Amoonguss, L50, F|100\/100\n|move|p1a: Sir Toast|Endure|p1a: Sir Toast\n|-singleturn|p1a: Sir Toast|move: Endure\n|move|p1b: Vegan|Solar Blade|p2a: Tornadus|[from]lockedmove\n|-resisted|p2a: Tornadus\n|-damage|p2a: Tornadus|0 fnt\n|faint|p2a: Tornadus\n|\n|-weather|RainDance|[upkeep]\n|upkeep\n|c|\u2606pokeveteran04|i have faced enough of this to know these tricks\n|inactive|pokeveteran04 has 30 seconds left.\n|\n|t:|1700318693\n|switch|p2a: Urshifu|Urshifu-Rapid-Strike, L50, M|100\/100\n|turn|5\n|inactive|BROKE1TH has 30 seconds left.\n|\n|t:|1700318722\n|move|p2b: Amoonguss|Rage Powder|p2b: Amoonguss\n|-singleturn|p2b: Amoonguss|move: Rage Powder\n|move|p1b: Vegan|After You|p1a: Sir Toast\n|-activate|p1a: Sir Toast|move: After You\n|move|p1a: Sir Toast|Expanding Force|p2b: Amoonguss|[spread] p2a,p2b\n|-supereffective|p2a: Urshifu\n|-supereffective|p2b: Amoonguss\n|-damage|p2a: Urshifu|0 fnt\n|-damage|p2b: Amoonguss|0 fnt\n|faint|p2a: Urshifu\n|faint|p2b: Amoonguss\n|\n|-weather|RainDance|[upkeep]\n|-fieldend|move: Psychic Terrain\n|upkeep\n|c|\u2606pokeveteran04|not that one\n|\n|t:|1700318739\n|switch|p2b: Ogerpon|Ogerpon-Wellspring-Tera, L50, F, tera:Water|100\/100\n|-ability|p2b: Ogerpon|Embody Aspect (Wellspring)|boost\n|-boost|p2b: Ogerpon|spd|1\n|turn|6\n|inactive|BROKE1TH has 30 seconds left.\n|\n|t:|1700318770\n|move|p1a: Sir Toast|Endure|p1a: Sir Toast\n|-singleturn|p1a: Sir Toast|move: Endure\n|move|p1b: Vegan|Close Combat|p2b: Ogerpon\n|-damage|p2b: Ogerpon|46\/100\n|-unboost|p1b: Vegan|def|1\n|-unboost|p1b: Vegan|spd|1\n|move|p2b: Ogerpon|Ivy Cudgel|p1b: Vegan|[anim] Ivy Cudgel Water\n|-resisted|p1b: Vegan\n|-crit|p1b: Vegan\n|-enditem|p1b: Vegan|Focus Sash\n|-damage|p1b: Vegan|1\/100\n|\n|-weather|RainDance|[upkeep]\n|upkeep\n|turn|7\n|inactive|BROKE1TH has 30 seconds left.\n|inactive|BROKE1TH has 20 seconds left.\n|j| Monty0428\n|inactive|BROKE1TH has 15 seconds left.\n|\n|t:|1700318812\n|move|p2b: Ogerpon|Spiky Shield|p2b: Ogerpon\n|-singleturn|p2b: Ogerpon|move: Protect\n|move|p1b: Vegan|Encore|p2b: Ogerpon\n|-activate|p2b: Ogerpon|move: Protect\n|move|p1a: Sir Toast|Expanding Force|p2b: Ogerpon\n|-activate|p2b: Ogerpon|move: Protect\n|\n|-weather|none\n|upkeep\n|turn|8\n|\n|t:|1700318837\n|move|p1b: Vegan|Close Combat|p2b: Ogerpon\n|-damage|p2b: Ogerpon|0 fnt\n|-unboost|p1b: Vegan|def|1\n|-unboost|p1b: Vegan|spd|1\n|faint|p2b: Ogerpon\n|\n|win|BROKE1TH\n|raw|BROKE1TH's rating: 1584 &rarr; <strong>1607<\/strong><br \/>(+23 for winning)\n|raw|pokeveteran04's rating: 1640 &rarr; <strong>1617<\/strong><br \/>(-23 for losing)\n|l| Monty0428\n|l|\u2606pokeveteran04\n|c|\u2606BROKE1TH|GG\n","uploadtime":1700318873,"views":23,"p1id":"broke1th","p2id":"pokeveteran04","formatid":"gen9vgc2023regulatione","rating":1607,"private":0,"password":""}