{"id":"gen9vgc2023regulatione-1987990518","p1":"Professor_J93","p2":"OmegaAlpha01","format":"[Gen 9] VGC 2023 Regulation E","log":"|j|\u2606Professor_J93\n|j|\u2606OmegaAlpha01\n|t:|1699656604\n|gametype|doubles\n|player|p1|Professor_J93|benga|1510\n|player|p2|OmegaAlpha01|caitlin|1617\n|teamsize|p1|6\n|teamsize|p2|6\n|gen|9\n|tier|[Gen 9] VGC 2023 Regulation E\n|rated|\n|rule|Species Clause: Limit one of each Pok\u00e9mon\n|rule|Item Clause: Limit one of each item\n|clearpoke\n|poke|p1|Basculegion, L50, M|\n|poke|p1|Roaring Moon, L50|\n|poke|p1|Chien-Pao, L50|\n|poke|p1|Iron Hands, L50|\n|poke|p1|Chi-Yu, L50|\n|poke|p1|Flutter Mane, L50|\n|poke|p2|Dondozo, L50, M|\n|poke|p2|Tatsugiri-Stretchy, L50, M|\n|poke|p2|Gholdengo, L50|\n|poke|p2|Grimmsnarl, L50, M|\n|poke|p2|Maushold-Four, L50|\n|poke|p2|Landorus-Therian, L50, M|\n|teampreview|4\nOmegaAlpha01 has agreed to open team sheets.\nProfessor_J93 has agreed to open team sheets.\n|j| neusrel\n|j| szoboslai\n|\n|t:|1699656657\n|start\n|switch|p1a: Chi-Yu|Chi-Yu, L50|100\/100\n|switch|p1b: Roaring Moon|Roaring Moon, L50|100\/100\n|switch|p2a: Dondozo|Dondozo, L50, M|100\/100\n|switch|p2b: Maine|Landorus-Therian, L50, M|100\/100\n|-ability|p1a: Chi-Yu|Beads of Ruin\n|-ability|p2b: Maine|Intimidate|boost\n|-unboost|p1a: Chi-Yu|atk|1\n|-unboost|p1b: Roaring Moon|atk|1\n|-enditem|p1b: Roaring Moon|Booster Energy\n|-activate|p1b: Roaring Moon|ability: Protosynthesis|[fromitem]\n|-start|p1b: Roaring Moon|protosynthesisspe\n|turn|1\n|\n|t:|1699656684\n|switch|p2a: Maushold|Maushold-Four, L50|100\/100\n|move|p1b: Roaring Moon|Protect|p1b: Roaring Moon\n|-singleturn|p1b: Roaring Moon|Protect\n|move|p1a: Chi-Yu|Heat Wave|p2b: Maine|[spread] p2a\n|-miss|p1a: Chi-Yu|p2b: Maine\n|-damage|p2a: Maushold|52\/100\n|move|p2b: Maine|Rock Slide|p1a: Chi-Yu|[spread] p1a\n|-activate|p1b: Roaring Moon|move: Protect\n|-supereffective|p1a: Chi-Yu\n|-damage|p1a: Chi-Yu|2\/100\n|\n|upkeep\n|turn|2\n|\n|t:|1699656701\n|move|p2a: Maushold|Feint|p1a: Chi-Yu\n|-damage|p1a: Chi-Yu|0 fnt\n|faint|p1a: Chi-Yu\n|move|p1b: Roaring Moon|Knock Off|p2b: Maine\n|-damage|p2b: Maine|76\/100\n|-enditem|p2b: Maine|Choice Band|[from] move: Knock Off|[of] p1b: Roaring Moon\n|move|p2b: Maine|Rock Slide|p1b: Roaring Moon\n|-damage|p1b: Roaring Moon|69\/100\n|\n|upkeep\n|\n|t:|1699656704\n|switch|p1a: Chien-Pao|Chien-Pao, L50|100\/100\n|-ability|p1a: Chien-Pao|Sword of Ruin\n|turn|3\n|\n|t:|1699656719\n|move|p2a: Maushold|Follow Me|p2a: Maushold\n|-singleturn|p2a: Maushold|move: Follow Me\n|move|p1b: Roaring Moon|Knock Off|p2a: Maushold\n|-damage|p2a: Maushold|7\/100\n|-enditem|p2a: Maushold|Safety Goggles|[from] move: Knock Off|[of] p1b: Roaring Moon\n|move|p1a: Chien-Pao|Icicle Crash|p2a: Maushold\n|-damage|p2a: Maushold|0 fnt\n|faint|p2a: Maushold\n|-damage|p1a: Chien-Pao|91\/100|[from] item: Life Orb\n|move|p2b: Maine|U-turn|p1b: Roaring Moon\n|-supereffective|p1b: Roaring Moon\n|-damage|p1b: Roaring Moon|0 fnt\n|faint|p1b: Roaring Moon\n|-end|p1b: Roaring Moon|Protosynthesis|[silent]\n|\n|t:|1699656731\n|switch|p2b: Dondozo|Dondozo, L50, M|100\/100|[from] U-turn\n|\n|upkeep\n|\n|t:|1699656736\n|switch|p1b: Basculegion|Basculegion, L50, M|100\/100\n|switch|p2a: Maine|Landorus-Therian, L50, M|76\/100\n|-ability|p2a: Maine|Intimidate|boost\n|-unboost|p1a: Chien-Pao|atk|1\n|-fail|p1b: Basculegion|unboost|[from] item: Clear Amulet|[of] p1b: Basculegion\n|turn|4\n|\n|t:|1699656753\n|switch|p2a: Tatsugiri|Tatsugiri-Stretchy, L50, M|100\/100\n|-activate|p2a: Tatsugiri|ability: Commander|[of] p2b: Dondozo\n|-boost|p2b: Dondozo|atk|2\n|-boost|p2b: Dondozo|spa|2\n|-boost|p2b: Dondozo|spe|2\n|-boost|p2b: Dondozo|def|2\n|-boost|p2b: Dondozo|spd|2\n|move|p1a: Chien-Pao|Protect|p1a: Chien-Pao\n|-singleturn|p1a: Chien-Pao|Protect\n|move|p1b: Basculegion|Protect|p1b: Basculegion\n|-singleturn|p1b: Basculegion|Protect\n|move|p2b: Dondozo|Wave Crash|p1a: Chien-Pao\n|-activate|p1a: Chien-Pao|move: Protect\n|\n|upkeep\n|turn|5\n|\n|t:|1699656782\n|-terastallize|p1b: Basculegion|Water\n|move|p1a: Chien-Pao|Sucker Punch|p2b: Dondozo\n|-damage|p2b: Dondozo|79\/100\n|-damage|p1a: Chien-Pao|81\/100|[from] item: Life Orb\n|move|p2b: Dondozo|Wave Crash|p1a: Chien-Pao\n|-damage|p1a: Chien-Pao|0 fnt\n|faint|p1a: Chien-Pao\n|-damage|p2b: Dondozo|60\/100|[from] Recoil\n|move|p1b: Basculegion|Last Respects|p2b: Dondozo\n|-damage|p2b: Dondozo|28\/100\n|\n|upkeep\n|turn|6\n|\n|t:|1699656797\n|move|p2b: Dondozo|Order Up|p1b: Basculegion\n|-damage|p1b: Basculegion|50\/100\n|-boost|p2b: Dondozo|spe|1\n|move|p1b: Basculegion|Last Respects|p2b: Dondozo\n|-crit|p2b: Dondozo\n|-damage|p2b: Dondozo|0 fnt\n|faint|p2b: Dondozo\n|\n|upkeep\n|\n|t:|1699656804\n|switch|p2b: Maine|Landorus-Therian, L50, M|76\/100\n|-ability|p2b: Maine|Intimidate|boost\n|-fail|p1b: Basculegion|unboost|[from] item: Clear Amulet|[of] p1b: Basculegion\n|turn|7\n|\n|t:|1699656813\n|-terastallize|p2b: Maine|Flying\n|move|p1b: Basculegion|Aqua Jet|p2b: Maine\n|-damage|p2b: Maine|48\/100\n|move|p2a: Tatsugiri|Draco Meteor|p1b: Basculegion|[miss]\n|-miss|p2a: Tatsugiri|p1b: Basculegion\n|move|p2b: Maine|Tera Blast|p1b: Basculegion|[anim] Tera Blast Flying\n|-damage|p1b: Basculegion|0 fnt\n|faint|p1b: Basculegion\n|\n|win|OmegaAlpha01\n|raw|Professor_J93's rating: 1510 &rarr; <strong>1496<\/strong><br \/>(-14 for losing)\n|raw|OmegaAlpha01's rating: 1617 &rarr; <strong>1631<\/strong><br \/>(+14 for winning)\n|l|\u2606Professor_J93\n","uploadtime":1699656825,"views":25,"p1id":"professorj93","p2id":"omegaalpha01","formatid":"gen9vgc2023regulatione","rating":1496,"private":0,"password":""}