{"id":"gen9vgc2023regulatione-1998245408","p1":"DarkUgo","p2":"Randomteam0706","format":"[Gen 9] VGC 2023 Regulation E","log":"|j|\u2606DarkUgo\n|j|\u2606Randomteam0706\n|t:|1700919101\n|gametype|doubles\n|player|p1|DarkUgo|266|1084\n|player|p2|Randomteam0706|1|1000\n|teamsize|p1|6\n|teamsize|p2|6\n|gen|9\n|tier|[Gen 9] VGC 2023 Regulation E\n|rated|\n|rule|Species Clause: Limit one of each Pok\u00e9mon\n|rule|Item Clause: Limit one of each item\n|clearpoke\n|poke|p1|Amoonguss, L50, F|\n|poke|p1|Urshifu-*, L50, F|\n|poke|p1|Landorus-Therian, L50, M|\n|poke|p1|Flutter Mane, L50|\n|poke|p1|Chi-Yu, L50|\n|poke|p1|Tornadus, L50, M|\n|poke|p2|Kingambit, L50, M|\n|poke|p2|Ceruledge, L50, M|\n|poke|p2|Ludicolo, L50, M|\n|poke|p2|Jumpluff, L50, M|\n|poke|p2|Misdreavus, L50, F|\n|poke|p2|Torkoal, L50, M|\n|teampreview|4\nDarkUgo has agreed to open team sheets.\n|inactive|Battle timer is ON: inactive players will automatically lose when time's up. (requested by DarkUgo)\n|\n|t:|1700919162\n|start\n|switch|p1a: Landorus|Landorus-Therian, L50, M|100\/100\n|switch|p1b: Tornadus|Tornadus, L50, M|100\/100\n|switch|p2a: Jumpluff|Jumpluff, L50, M|100\/100\n|switch|p2b: Torkoal|Torkoal, L50, M|100\/100\n|-ability|p1a: Landorus|Intimidate|boost\n|-unboost|p2a: Jumpluff|atk|1\n|-unboost|p2b: Torkoal|atk|1\n|-enditem|p2b: Torkoal|Eject Pack\n|\n|t:|1700919174\n|switch|p2b: Ceruledge|Ceruledge, L50, M|100\/100\n|turn|1\n|\n|t:|1700919193\n|-terastallize|p1a: Landorus|Flying\n|-terastallize|p2b: Ceruledge|Grass\n|move|p1b: Tornadus|Taunt|p2a: Jumpluff\n|-start|p2a: Jumpluff|move: Taunt\n|move|p2a: Jumpluff|U-turn|p2b: Ceruledge\n|-supereffective|p2b: Ceruledge\n|-damage|p2b: Ceruledge|84\/100\n|-ability|p2b: Ceruledge|Weak Armor|boost\n|-unboost|p2b: Ceruledge|def|1\n|-boost|p2b: Ceruledge|spe|2\n|-enditem|p2b: Ceruledge|Weakness Policy\n|-boost|p2b: Ceruledge|atk|2|[from] item: Weakness Policy\n|-boost|p2b: Ceruledge|spa|2|[from] item: Weakness Policy\n|\n|t:|1700919204\n|switch|p2a: Torkoal|Torkoal, L50, M|100\/100|[from] U-turn\n|-weather|SunnyDay|[from] ability: Drought|[of] p2a: Torkoal\n|move|p2b: Ceruledge|Bitter Blade|p1b: Tornadus\n|-damage|p1b: Tornadus|0 fnt\n|-heal|p2b: Ceruledge|100\/100|[from] drain|[of] p1b: Tornadus\n|faint|p1b: Tornadus\n|move|p1a: Landorus|Tera Blast|p2a: Torkoal|[anim] Tera Blast Flying\n|-damage|p2a: Torkoal|52\/100\n|\n|-weather|SunnyDay|[upkeep]\n|upkeep\n|\n|t:|1700919221\n|switch|p1b: Chi-Yu|Chi-Yu, L50|100\/100\n|-ability|p1b: Chi-Yu|Beads of Ruin\n|turn|2\n|\n|t:|1700919238\n|move|p2b: Ceruledge|Bitter Blade|p1b: Chi-Yu\n|-resisted|p1b: Chi-Yu\n|-damage|p1b: Chi-Yu|0 fnt\n|faint|p1b: Chi-Yu\n|move|p1a: Landorus|Tera Blast|p2b: Ceruledge|[anim] Tera Blast Flying\n|-supereffective|p2b: Ceruledge\n|-damage|p2b: Ceruledge|0 fnt\n|faint|p2b: Ceruledge\n|move|p2a: Torkoal|Overheat|p1a: Landorus\n|-damage|p1a: Landorus|20\/100\n|-unboost|p2a: Torkoal|spa|2\n|\n|-weather|SunnyDay|[upkeep]\n|upkeep\n|\n|t:|1700919251\n|switch|p1b: Urshifu|Urshifu-Rapid-Strike, L50, F|100\/100\n|switch|p2b: Jumpluff|Jumpluff, L50, M|100\/100\n|turn|3\n|inactive|Randomteam0706 has 30 seconds left.\n|\n|t:|1700919276\n|move|p2b: Jumpluff|Sleep Powder|p1a: Landorus\n|-status|p1a: Landorus|slp|[from] move: Sleep Powder\n|move|p1b: Urshifu|Surging Strikes|p2a: Torkoal\n|-supereffective|p2a: Torkoal\n|-crit|p2a: Torkoal\n|-damage|p2a: Torkoal|37\/100\n|-supereffective|p2a: Torkoal\n|-crit|p2a: Torkoal\n|-damage|p2a: Torkoal|23\/100\n|-supereffective|p2a: Torkoal\n|-crit|p2a: Torkoal\n|-damage|p2a: Torkoal|8\/100\n|-hitcount|p2a: Torkoal|3\n|cant|p1a: Landorus|slp\n|move|p2a: Torkoal|Overheat|p1a: Landorus\n|-damage|p1a: Landorus|0 fnt\n|-unboost|p2a: Torkoal|spa|2\n|faint|p1a: Landorus\n|\n|-weather|SunnyDay|[upkeep]\n|upkeep\n|turn|4\n|\n|t:|1700919295\n|move|p2b: Jumpluff|Sleep Powder|p1b: Urshifu\n|-status|p1b: Urshifu|slp|[from] move: Sleep Powder\n|cant|p1b: Urshifu|slp\n|move|p2a: Torkoal|Overheat|p1b: Urshifu\n|-resisted|p1b: Urshifu\n|-damage|p1b: Urshifu|80\/100 slp\n|-unboost|p2a: Torkoal|spa|2\n|\n|-weather|SunnyDay|[upkeep]\n|upkeep\n|turn|5\n|\n|t:|1700919311\n|switch|p2a: Kingambit|Kingambit, L50, M|100\/100\n|move|p2b: Jumpluff|U-turn|p1b: Urshifu\n|-resisted|p1b: Urshifu\n|-damage|p1b: Urshifu|75\/100 slp\n|\n|t:|1700919315\n|switch|p2b: Torkoal|Torkoal, L50, M|8\/100|[from] U-turn\n|cant|p1b: Urshifu|slp\n|\n|-weather|none\n|upkeep\n|turn|6\n|\n|t:|1700919327\n|cant|p1b: Urshifu|slp\n|move|p2a: Kingambit|Kowtow Cleave|p1b: Urshifu\n|-resisted|p1b: Urshifu\n|-crit|p1b: Urshifu\n|-damage|p1b: Urshifu|39\/100 slp\n|move|p2b: Torkoal|Overheat|p1b: Urshifu\n|-resisted|p1b: Urshifu\n|-damage|p1b: Urshifu|0 fnt\n|-unboost|p2b: Torkoal|spa|2\n|faint|p1b: Urshifu\n|\n|win|Randomteam0706\n|raw|DarkUgo's rating: 1084 &rarr; <strong>1056<\/strong><br \/>(-28 for losing)\n|raw|Randomteam0706's rating: 1000 &rarr; <strong>1049<\/strong><br \/>(+49 for winning)\n|l|\u2606DarkUgo\n|c|\u2606Randomteam0706|Wow gg\n|n|\u2606Randomteam0706|randomteam0706\n","uploadtime":1700919375,"views":8,"p1id":"darkugo","p2id":"randomteam0706","formatid":"gen9vgc2023regulatione","rating":1049,"private":0,"password":""}