{"id":"gen9vgc2023regulatione-2000043407","p1":"Pyruwuu","p2":"Junkman3713","format":"[Gen 9] VGC 2023 Regulation E","log":"|j|\u2606Pyruwuu\n|j|\u2606Junkman3713\n|t:|1701145200\n|gametype|doubles\n|player|p1|Pyruwuu|shadowtriad|1129\n|player|p2|Junkman3713|2|1183\n|teamsize|p1|6\n|teamsize|p2|6\n|gen|9\n|tier|[Gen 9] VGC 2023 Regulation E\n|rated|\n|rule|Species Clause: Limit one of each Pok\u00e9mon\n|rule|Item Clause: Limit one of each item\n|clearpoke\n|poke|p1|Roaring Moon, L50|\n|poke|p1|Milotic, L50, M|\n|poke|p1|Landorus-Therian, L50, M|\n|poke|p1|Flutter Mane, L50|\n|poke|p1|Iron Hands, L50|\n|poke|p1|Ogerpon-Hearthflame, L50, F|\n|poke|p2|Corviknight, L50, M|\n|poke|p2|Indeedee-F, L50, F|\n|poke|p2|Gyarados, L50, F|\n|poke|p2|Sinistcha-Masterpiece, L50|\n|poke|p2|Chien-Pao, L50|\n|poke|p2|Sableye, L50, F|\n|teampreview|4\n|\n|t:|1701145266\n|start\n|switch|p1a: Roaring Moon|Roaring Moon, L50|100\/100\n|switch|p1b: Iron Hands|Iron Hands, L50|100\/100\n|switch|p2a: Corviknight|Corviknight, L50, M|100\/100\n|switch|p2b: Gyarados|Gyarados, L50, F|100\/100\n|-ability|p2b: Gyarados|Intimidate|boost\n|-unboost|p1a: Roaring Moon|atk|1\n|-unboost|p1b: Iron Hands|atk|1\n|-enditem|p1a: Roaring Moon|Booster Energy\n|-activate|p1a: Roaring Moon|ability: Protosynthesis|[fromitem]\n|-start|p1a: Roaring Moon|protosynthesisspe\n|turn|1\n|\n|t:|1701145299\n|switch|p2a: Indeedee|Indeedee-F, L50, F|100\/100\n|-fieldstart|move: Psychic Terrain|[from] ability: Psychic Surge|[of] p2a: Indeedee\n|-enditem|p2a: Indeedee|Psychic Seed\n|-boost|p2a: Indeedee|spd|1|[from] item: Psychic Seed\n|move|p1b: Iron Hands|Fake Out|p2a: Indeedee\n|-activate|p2a: Indeedee|move: Psychic Terrain\n|move|p1a: Roaring Moon|Tailwind|p1a: Roaring Moon\n|-sidestart|p1: Pyruwuu|move: Tailwind\n|move|p2b: Gyarados|Avalanche|p1a: Roaring Moon\n|-supereffective|p1a: Roaring Moon\n|-damage|p1a: Roaring Moon|60\/100\n|\n|upkeep\n|turn|2\n|\n|t:|1701145344\n|move|p1a: Roaring Moon|Knock Off|p2a: Indeedee\n|-supereffective|p2a: Indeedee\n|-damage|p2a: Indeedee|49\/100\n|move|p1b: Iron Hands|Wild Charge|p2a: Indeedee\n|-damage|p2a: Indeedee|15\/100\n|-damage|p1b: Iron Hands|94\/100|[from] Recoil\n|move|p2b: Gyarados|Avalanche|p1a: Roaring Moon\n|-supereffective|p1a: Roaring Moon\n|-damage|p1a: Roaring Moon|23\/100\n|move|p2a: Indeedee|Trick Room|p2a: Indeedee\n|-fieldstart|move: Trick Room|[of] p2a: Indeedee\n|\n|upkeep\n|turn|3\n|\n|t:|1701145376\n|move|p1a: Roaring Moon|Protect|p1a: Roaring Moon\n|-singleturn|p1a: Roaring Moon|Protect\n|move|p2a: Indeedee|Psychic|p1b: Iron Hands\n|-supereffective|p1b: Iron Hands\n|-damage|p1b: Iron Hands|58\/100\n|move|p1b: Iron Hands|Wild Charge|p2b: Gyarados\n|-supereffective|p2b: Gyarados\n|-damage|p2b: Gyarados|0 fnt\n|faint|p2b: Gyarados\n|-damage|p1b: Iron Hands|40\/100|[from] Recoil\n|\n|upkeep\n|\n|t:|1701145386\n|switch|p2b: Corviknight|Corviknight, L50, M|100\/100\n|turn|4\n|\n|t:|1701145415\n|-end|p1b: Iron Hands|Quark Drive|[silent]\n|switch|p1b: Milotic|Milotic, L50, M|100\/100\n|-end|p1a: Roaring Moon|Protosynthesis|[silent]\n|switch|p1a: Ogerpon|Ogerpon-Hearthflame, L50, F|100\/100\n|-ability|p1a: Ogerpon|Mold Breaker\n|-terastallize|p2b: Corviknight|Fire\n|move|p2b: Corviknight|Bulk Up|p2b: Corviknight\n|-boost|p2b: Corviknight|atk|1\n|-boost|p2b: Corviknight|def|1\n|move|p2a: Indeedee|Psychic|p1b: Milotic\n|-damage|p1b: Milotic|69\/100\n|\n|-heal|p1b: Milotic|75\/100|[from] item: Leftovers\n|-sideend|p1: Pyruwuu|move: Tailwind\n|upkeep\n|turn|5\n|\n|t:|1701145467\n|move|p1b: Milotic|Protect|p1b: Milotic\n|-singleturn|p1b: Milotic|Protect\n|move|p1a: Ogerpon|Spiky Shield|p1a: Ogerpon\n|-singleturn|p1a: Ogerpon|move: Protect\n|move|p2b: Corviknight|Drill Peck|p1b: Milotic\n|-activate|p1b: Milotic|move: Protect\n|move|p2a: Indeedee|Psychic|p1b: Milotic\n|-activate|p1b: Milotic|move: Protect\n|\n|-heal|p1b: Milotic|81\/100|[from] item: Leftovers\n|-fieldend|move: Psychic Terrain\n|upkeep\n|turn|6\n|inactive|Battle timer is ON: inactive players will automatically lose when time's up. (requested by Pyruwuu)\n|\n|t:|1701145490\n|move|p1a: Ogerpon|Follow Me|p1a: Ogerpon\n|-singleturn|p1a: Ogerpon|move: Follow Me\n|move|p2b: Corviknight|Iron Head|p1a: Ogerpon\n|-resisted|p1a: Ogerpon\n|-damage|p1a: Ogerpon|72\/100\n|move|p2a: Indeedee|Psychic|p1a: Ogerpon\n|-damage|p1a: Ogerpon|41\/100\n|move|p1b: Milotic|Haze|p1b: Milotic\n|-clearallboost\n|\n|-heal|p1b: Milotic|87\/100|[from] item: Leftovers\n|-fieldend|move: Trick Room\n|upkeep\n|turn|7\n|\n|t:|1701145507\n|-terastallize|p1a: Ogerpon|Fire\n|detailschange|p1a: Ogerpon|Ogerpon-Hearthflame-Tera, L50, F, tera:Fire\n|-ability|p1a: Ogerpon|Embody Aspect (Hearthflame)|boost\n|-boost|p1a: Ogerpon|atk|1\n|move|p1a: Ogerpon|Ivy Cudgel|p2a: Indeedee|[anim] Ivy Cudgel Fire\n|-damage|p2a: Indeedee|0 fnt\n|faint|p2a: Indeedee\n|move|p1b: Milotic|Scald|p2b: Corviknight\n|-supereffective|p2b: Corviknight\n|-damage|p2b: Corviknight|30\/100\n|-enditem|p2b: Corviknight|Sitrus Berry|[eat]\n|-heal|p2b: Corviknight|55\/100|[from] item: Sitrus Berry\n|move|p2b: Corviknight|Drill Peck|p1a: Ogerpon\n|-damage|p1a: Ogerpon|1\/100\n|\n|-heal|p1b: Milotic|93\/100|[from] item: Leftovers\n|upkeep\n|\n|t:|1701145519\n|switch|p2a: Chien-Pao|Chien-Pao, L50|100\/100\n|-ability|p2a: Chien-Pao|Sword of Ruin\n|turn|8\n|\n|t:|1701145532\n|switch|p1b: Iron Hands|Iron Hands, L50|40\/100\n|move|p1a: Ogerpon|Spiky Shield|p1a: Ogerpon\n|-singleturn|p1a: Ogerpon|move: Protect\n|move|p2a: Chien-Pao|Sacred Sword|p1b: Iron Hands\n|-damage|p1b: Iron Hands|14\/100\n|move|p2b: Corviknight|Drill Peck|p1b: Iron Hands\n|-damage|p1b: Iron Hands|0 fnt\n|faint|p1b: Iron Hands\n|-end|p1b: Iron Hands|Quark Drive|[silent]\n|\n|upkeep\n|\n|t:|1701145547\n|switch|p1b: Milotic|Milotic, L50, M|93\/100\n|turn|9\n|\n|t:|1701145562\n|move|p2a: Chien-Pao|Ice Spinner|p1a: Ogerpon\n|-resisted|p1a: Ogerpon\n|-damage|p1a: Ogerpon|0 fnt\n|faint|p1a: Ogerpon\n|move|p1b: Milotic|Icy Wind|p2b: Corviknight|[spread] p2a,p2b\n|-resisted|p2a: Chien-Pao\n|-resisted|p2b: Corviknight\n|-damage|p2a: Chien-Pao|91\/100\n|-damage|p2b: Corviknight|50\/100\n|-unboost|p2a: Chien-Pao|spe|1\n|-ability|p2b: Corviknight|Mirror Armor\n|-unboost|p1b: Milotic|spe|1\n|-ability|p1b: Milotic|Competitive|boost\n|-boost|p1b: Milotic|spa|2\n|move|p2b: Corviknight|Drill Peck|p1b: Milotic\n|-damage|p1b: Milotic|52\/100\n|\n|-heal|p1b: Milotic|58\/100|[from] item: Leftovers\n|upkeep\n|\n|t:|1701145568\n|switch|p1a: Roaring Moon|Roaring Moon, L50|23\/100\n|turn|10\n|\n|t:|1701145578\n|move|p1a: Roaring Moon|Acrobatics|p2a: Chien-Pao\n|-damage|p2a: Chien-Pao|36\/100\n|move|p2a: Chien-Pao|Ice Spinner|p1a: Roaring Moon\n|-supereffective|p1a: Roaring Moon\n|-damage|p1a: Roaring Moon|0 fnt\n|faint|p1a: Roaring Moon\n|-end|p1a: Roaring Moon|Protosynthesis|[silent]\n|move|p2b: Corviknight|Drill Peck|p1b: Milotic\n|-damage|p1b: Milotic|17\/100\n|move|p1b: Milotic|Scald|p2b: Corviknight\n|-supereffective|p2b: Corviknight\n|-damage|p2b: Corviknight|0 fnt\n|faint|p2b: Corviknight\n|\n|-heal|p1b: Milotic|23\/100|[from] item: Leftovers\n|upkeep\n|turn|11\n|\n|t:|1701145599\n|move|p2a: Chien-Pao|Sacred Sword|p1b: Milotic\n|-damage|p1b: Milotic|0 fnt\n|faint|p1b: Milotic\n|\n|win|Junkman3713\n|raw|Pyruwuu's rating: 1129 &rarr; <strong>1108<\/strong><br \/>(-21 for losing)\n|raw|Junkman3713's rating: 1183 &rarr; <strong>1204<\/strong><br \/>(+21 for winning)\n","uploadtime":1701145618,"views":9,"p1id":"pyruwuu","p2id":"junkman3713","formatid":"gen9vgc2023regulatione","rating":1108,"private":0,"password":""}