{"id":"gen9vgc2023regulatione-1988682790","p1":"bb_hachi8","p2":"DorititosKiller","format":"[Gen 9] VGC 2023 Regulation E","log":"|j|\u2606bb_hachi8\n|j|\u2606DorititosKiller\n|n|\u2606bb_hachi8|bbhachi8\n|n|\u2606DorititosKiller|dorititoskiller\n|html|View the match progress at <a href=\"\/game-bestof3-gen9vgc2023regulatione-1988679481\">game-bestof3-gen9vgc2023regulatione-1988679481<\/a>\n|t:|1699750134\n|gametype|doubles\n|player|p1|bb_hachi8|veteranf|\n|player|p2|DorititosKiller|cyclist-gen4|\n|teamsize|p1|6\n|teamsize|p2|6\n|gen|9\n|tier|[Gen 9] VGC 2023 Regulation E\n|rule|Species Clause: Limit one of each Pok\u00e9mon\n|rule|Item Clause: Limit one of each item\n|clearpoke\n|poke|p1|Tornadus, L50, M|\n|poke|p1|Arcanine-Hisui, L50, M|\n|poke|p1|Iron Hands, L50|\n|poke|p1|Urshifu-*, L50, M|\n|poke|p1|Sinistcha, L50|\n|poke|p1|Chien-Pao, L50|\n|poke|p2|Overqwil, L50, M|\n|poke|p2|Bronzong, L50|\n|poke|p2|Salamence, L50, M|\n|poke|p2|Polteageist, L50|\n|poke|p2|Tauros-Paldea-Blaze, L50, M|\n|poke|p2|Politoed, L50, M|\n|teampreview|4\n|j| lucasarreguy\nDorititosKiller has agreed to open team sheets.\nbb_hachi8 has agreed to open team sheets.\n|showteam|p1|Tornadus||SharpBeak|Prankster|BleakwindStorm,Tailwind,Taunt,Leer|||M|||50|,,,,,Ghost]Arcanine-Hisui||ChoiceBand|Intimidate|ExtremeSpeed,RockSlide,FlareBlitz,TeraBlast|||M|||50|,,,,,Fairy]Iron Hands||ClearAmulet|QuarkDrive|FakeOut,WildCharge,CloseCombat,IcePunch||||||50|,,,,,Grass]Urshifu-Rapid-Strike||ChoiceScarf|UnseenFist|SurgingStrikes,AquaJet,CloseCombat,Uturn|||M|||50|,,,,,Water]Sinistcha||SitrusBerry|Heatproof|NastyPlot,RagePowder,ShadowBall,MatchaGotcha||||||50|,,,,,Steel]Chien-Pao||FocusSash|SwordofRuin|IceSpinner,SuckerPunch,LashOut,Protect||||||50|,,,,,Ghost\n|showteam|p2|Overqwil||PoisonBarb|SwiftSwim|Liquidation,BarbBarrage,ToxicSpikes,FellStinger|||M|||50|,,,,,Poison]Bronzong||RockyHelmet|Levitate|StealthRock,Earthquake,BodyPress,IronDefense||||||50|,,,,,Steel]Salamence||LumBerry|Moxie|DragonDance,Earthquake,DualWingbeat,Substitute|||M|||50|,,,,,Steel]Polteageist||WhiteHerb|WeakArmor|ShellSmash,Substitute,Psyshock,ShadowBall||||||50|,,,,,Ghost]Tauros-Paldea-Blaze||WeaknessPolicy|Intimidate|WildCharge,RagingBull,FlameCharge,LashOut|||M|||50|,,,,,Fire]Politoed||DampRock|Drizzle|EarthPower,IceBeam,WeatherBall,PerishSong|||M|||50|,,,,,Grass\n|j| Rebornsan93\n|c|\u2606DorititosKiller|B\u00c3O JOOOJJJ 2 =D =D =D\n|c| lucasarreguy|podem come\u00e7ar\n|j| PSmonteiro\n|j| Leon1das\n|c|\u2606bb_hachi8|bon jovi\n|j| ShimeNaruka\n|\n|t:|1699750190\n|start\n|switch|p1a: Baguera|Arcanine-Hisui, L50, M, shiny|100\/100\n|switch|p1b: Thatcher|Iron Hands, L50|100\/100\n|switch|p2a: Salamesmo|Salamence, L50, M|100\/100\n|switch|p2b: Diniz|Tauros-Paldea-Blaze, L50, M|100\/100\n|-ability|p2b: Diniz|Intimidate|boost\n|-unboost|p1a: Baguera|atk|1\n|-fail|p1b: Thatcher|unboost|[from] item: Clear Amulet|[of] p1b: Thatcher\n|-ability|p1a: Baguera|Intimidate|boost\n|-unboost|p2a: Salamesmo|atk|1\n|-unboost|p2b: Diniz|atk|1\n|turn|1\n|j| Yuri\n|\n|t:|1699750234\n|switch|p2b: Sapito|Politoed, L50, M|100\/100\n|-weather|RainDance|[from] ability: Drizzle|[of] p2b: Sapito\n|switch|p2a: Sinoval|Bronzong, L50, shiny|100\/100\n|-terastallize|p1a: Baguera|Fairy\n|move|p1b: Thatcher|Fake Out|p2b: Sapito\n|-crit|p2b: Sapito\n|-damage|p2b: Sapito|72\/100\n|move|p1a: Baguera|Rock Slide|p2b: Sapito|[spread] p2a,p2b\n|-resisted|p2a: Sinoval\n|-damage|p2a: Sinoval|87\/100\n|-damage|p2b: Sapito|40\/100\n|\n|-weather|RainDance|[upkeep]\n|upkeep\n|turn|2\n|j| lainshy\n|\n|t:|1699750273\n|switch|p1a: Balu|Urshifu-Rapid-Strike, L50, M|100\/100\n|switch|p2b: Diniz|Tauros-Paldea-Blaze, L50, M|100\/100\n|-ability|p2b: Diniz|Intimidate|boost\n|-unboost|p1a: Balu|atk|1\n|-fail|p1b: Thatcher|unboost|[from] item: Clear Amulet|[of] p1b: Thatcher\n|move|p1b: Thatcher|Wild Charge|p2b: Diniz\n|-damage|p2b: Diniz|43\/100\n|-damage|p1b: Thatcher|91\/100|[from] Recoil\n|move|p2a: Sinoval|Body Press|p1a: Balu\n|-damage|p1a: Balu|79\/100\n|\n|-weather|RainDance|[upkeep]\n|upkeep\n|turn|3\n|\n|t:|1699750304\n|switch|p2b: Sapito|Politoed, L50, M|40\/100\n|move|p1a: Balu|Surging Strikes|p2b: Sapito\n|-resisted|p2b: Sapito\n|-crit|p2b: Sapito\n|-damage|p2b: Sapito|19\/100\n|-resisted|p2b: Sapito\n|-crit|p2b: Sapito\n|-damage|p2b: Sapito|0 fnt\n|faint|p2b: Sapito\n|-hitcount|p2: Sapito|2\n|move|p1b: Thatcher|Close Combat|p2a: Sinoval\n|-damage|p2a: Sinoval|25\/100\n|-unboost|p1b: Thatcher|def|1\n|-unboost|p1b: Thatcher|spd|1\n|-damage|p1b: Thatcher|74\/100|[from] item: Rocky Helmet|[of] p2a: Sinoval\n|move|p2a: Sinoval|Earthquake|p1b: Thatcher|[spread] p1a,p1b\n|-supereffective|p1b: Thatcher\n|-damage|p1a: Balu|64\/100\n|-damage|p1b: Thatcher|43\/100\n|\n|-weather|RainDance|[upkeep]\n|upkeep\n|\n|t:|1699750324\n|switch|p2b: Diniz|Tauros-Paldea-Blaze, L50, M|43\/100\n|-ability|p2b: Diniz|Intimidate|boost\n|-unboost|p1a: Balu|atk|1\n|-fail|p1b: Thatcher|unboost|[from] item: Clear Amulet|[of] p1b: Thatcher\n|turn|4\n|\n|t:|1699750359\n|move|p1a: Balu|Surging Strikes|p2b: Diniz\n|-supereffective|p2b: Diniz\n|-crit|p2b: Diniz\n|-damage|p2b: Diniz|0 fnt\n|faint|p2b: Diniz\n|-hitcount|p2: Diniz|1\n|move|p1b: Thatcher|Wild Charge|p2a: Sinoval\n|-damage|p2a: Sinoval|0 fnt\n|-damage|p1b: Thatcher|26\/100|[from] item: Rocky Helmet|[of] p2a: Sinoval\n|faint|p2a: Sinoval\n|-damage|p1b: Thatcher|21\/100|[from] Recoil\n|\n|-weather|RainDance|[upkeep]\n|upkeep\n|\n|t:|1699750371\n|switch|p2b: Salamesmo|Salamence, L50, M|100\/100\n|turn|5\n|\n|t:|1699750398\n|switch|p1a: Sherekan|Chien-Pao, L50|100\/100\n|-ability|p1a: Sherekan|Sword of Ruin\n|-end|p1b: Thatcher|Quark Drive|[silent]\n|switch|p1b: Baguera|Arcanine-Hisui, L50, M, shiny, tera:Fairy|100\/100\n|-ability|p1b: Baguera|Intimidate|boost\n|-unboost|p2b: Salamesmo|atk|1\n|move|p2b: Salamesmo|Earthquake|p1b: Baguera|[spread] p1a,p1b\n|-damage|p1a: Sherekan|75\/100\n|-damage|p1b: Baguera|69\/100\n|\n|-weather|RainDance|[upkeep]\n|upkeep\n|turn|6\n|\n|t:|1699750423\n|-terastallize|p2b: Salamesmo|Steel\n|move|p1b: Baguera|Extreme Speed|p2b: Salamesmo\n|-resisted|p2b: Salamesmo\n|-damage|p2b: Salamesmo|66\/100\n|move|p1a: Sherekan|Ice Spinner|p2b: Salamesmo\n|-resisted|p2b: Salamesmo\n|-damage|p2b: Salamesmo|32\/100\n|move|p2b: Salamesmo|Dragon Dance|p2b: Salamesmo\n|-boost|p2b: Salamesmo|atk|1\n|-boost|p2b: Salamesmo|spe|1\n|\n|-weather|RainDance|[upkeep]\n|upkeep\n|turn|7\n|\n|t:|1699750452\n|move|p1b: Baguera|Extreme Speed|p2b: Salamesmo\n|-resisted|p2b: Salamesmo\n|-damage|p2b: Salamesmo|0 fnt\n|faint|p2b: Salamesmo\n|\n|win|bb_hachi8\n|c|\u2606DorititosKiller|Jokanssss =D =D =D\n|c|\u2606bb_hachi8|gg\n|c|\u2606DorititosKiller|Vlw demais BB, joja muitoooo ^^\n|c|\u2606bb_hachi8|valeeeu\n|l| Yuri\n|l|\u2606DorititosKiller\n|l|\u2606bb_hachi8\n|l| Leon1das\n|l| Rebornsan93\n|l| lucasarreguy\n|j| lucasarreguy\n","uploadtime":1699750540,"views":10,"p1id":"bbhachi8","p2id":"dorititoskiller","formatid":"gen9vgc2023regulatione","rating":0,"private":0,"password":""}