{"id":"gen9vgc2023regulatione-1991469639","p1":"Sondowner","p2":"AleZana","format":"[Gen 9] VGC 2023 Regulation E","log":"|j|\u2606Sondowner\n|j|\u2606AleZana\n|t:|1700079859\n|gametype|doubles\n|player|p1|Sondowner|alec-anime|1435\n|player|p2|AleZana|102|1323\n|teamsize|p1|6\n|teamsize|p2|6\n|gen|9\n|tier|[Gen 9] VGC 2023 Regulation E\n|rated|\n|rule|Species Clause: Limit one of each Pok\u00e9mon\n|rule|Item Clause: Limit one of each item\n|clearpoke\n|poke|p1|Enamorus, L50, F|\n|poke|p1|Regieleki, L50|\n|poke|p1|Farigiraf, L50, M|\n|poke|p1|Urshifu-*, L50, M|\n|poke|p1|Heatran, L50, M|\n|poke|p1|Ogerpon, L50, F|\n|poke|p2|Hydreigon, L50, F|\n|poke|p2|Sinistcha, L50|\n|poke|p2|Arcanine-Hisui, L50, M|\n|poke|p2|Regieleki, L50|\n|poke|p2|Dragonite, L50, M|\n|poke|p2|Urshifu-*, L50, M|\n|teampreview|4\nSondowner has agreed to open team sheets.\n|\n|t:|1700079910\n|start\n|switch|p1a: Regieleki|Regieleki, L50|100\/100\n|switch|p1b: Enamorus|Enamorus, L50, F|100\/100\n|switch|p2a: Hydreigon|Hydreigon, L50, F|100\/100\n|switch|p2b: Urshifu|Urshifu-Rapid-Strike, L50, M|100\/100\n|turn|1\n|\n|t:|1700079948\n|switch|p2b: Sinistcha|Sinistcha, L50|100\/100\n|-terastallize|p2a: Hydreigon|Poison\n|move|p1b: Enamorus|Protect|p1b: Enamorus\n|-singleturn|p1b: Enamorus|Protect\n|move|p1a: Regieleki|Electroweb|p2b: Sinistcha|[spread] p2a,p2b\n|-resisted|p2b: Sinistcha\n|-damage|p2a: Hydreigon|78\/100\n|-damage|p2b: Sinistcha|87\/100\n|-unboost|p2a: Hydreigon|spe|1\n|-unboost|p2b: Sinistcha|spe|1\n|move|p2a: Hydreigon|Earth Power|p1a: Regieleki\n|-supereffective|p1a: Regieleki\n|-enditem|p1a: Regieleki|Focus Sash\n|-damage|p1a: Regieleki|1\/100\n|\n|-heal|p2a: Hydreigon|84\/100|[from] item: Leftovers\n|upkeep\n|turn|2\n|\n|t:|1700079984\n|move|p1a: Regieleki|Protect|p1a: Regieleki\n|-singleturn|p1a: Regieleki|Protect\n|move|p1b: Enamorus|Earth Power|p2a: Hydreigon\n|-immune|p2a: Hydreigon|[from] ability: Levitate\n|move|p2a: Hydreigon|Flash Cannon|p1b: Enamorus\n|-supereffective|p1b: Enamorus\n|-crit|p1b: Enamorus\n|-damage|p1b: Enamorus|0 fnt\n|faint|p1b: Enamorus\n|move|p2b: Sinistcha|Matcha Gotcha|p1a: Regieleki\n|-activate|p1a: Regieleki|move: Protect\n|\n|-heal|p2a: Hydreigon|90\/100|[from] item: Leftovers\n|upkeep\n|\n|t:|1700079992\n|switch|p1b: Heatran|Heatran, L50, M|100\/100\n|turn|3\n|\n|t:|1700080019\n|switch|p2b: Dragonite|Dragonite, L50, M|100\/100\n|-terastallize|p1b: Heatran|Grass\n|move|p1a: Regieleki|Thunderbolt|p2a: Hydreigon\n|-damage|p2a: Hydreigon|39\/100\n|move|p2a: Hydreigon|Snarl|p1a: Regieleki|[spread] p1b\n|-miss|p2a: Hydreigon|p1a: Regieleki\n|-damage|p1b: Heatran|87\/100\n|-unboost|p1b: Heatran|spa|1\n|move|p1b: Heatran|Magma Storm|p2b: Dragonite|[miss]\n|-miss|p1b: Heatran|p2b: Dragonite\n|\n|-heal|p2a: Hydreigon|45\/100|[from] item: Leftovers\n|upkeep\n|turn|4\n|\n|t:|1700080045\n|switch|p1b: Farigiraf|Farigiraf, L50, M|100\/100\n|move|p2b: Dragonite|Extreme Speed||[still]\n|cant|p1b: Farigiraf|ability: Armor Tail|Extreme Speed|[of] p2b: Dragonite\n|move|p1a: Regieleki|Thunderbolt|p2a: Hydreigon\n|-damage|p2a: Hydreigon|0 fnt\n|faint|p2a: Hydreigon\n|\n|upkeep\n|\n|t:|1700080061\n|switch|p2a: Sinistcha|Sinistcha, L50|87\/100\n|turn|5\n|c|\u2606AleZana|Wp\n|\n|t:|1700080083\n|switch|p2b: Urshifu|Urshifu-Rapid-Strike, L50, M|100\/100\n|move|p1b: Farigiraf|Helping Hand|p1a: Regieleki\n|-singleturn|p1a: Regieleki|Helping Hand|[of] p1b: Farigiraf\n|move|p2a: Sinistcha|Rage Powder|p2a: Sinistcha\n|-singleturn|p2a: Sinistcha|move: Rage Powder\n|move|p1a: Regieleki|Electroweb|p2b: Urshifu|[spread] p2a,p2b\n|-resisted|p2a: Sinistcha\n|-supereffective|p2b: Urshifu\n|-damage|p2a: Sinistcha|68\/100\n|-damage|p2b: Urshifu|0 fnt\n|-unboost|p2a: Sinistcha|spe|1\n|faint|p2b: Urshifu\n|\n|upkeep\n|\n|t:|1700080098\n|switch|p2b: Dragonite|Dragonite, L50, M|100\/100\n|turn|6\n|inactive|Battle timer is ON: inactive players will automatically lose when time's up. (requested by Sondowner)\n|\n|t:|1700080127\n|move|p1b: Farigiraf|Helping Hand|p1a: Regieleki\n|-singleturn|p1a: Regieleki|Helping Hand|[of] p1b: Farigiraf\n|move|p1a: Regieleki|Electroweb|p2b: Dragonite|[spread] p2a,p2b\n|-resisted|p2a: Sinistcha\n|-damage|p2a: Sinistcha|47\/100\n|-damage|p2b: Dragonite|63\/100\n|-unboost|p2a: Sinistcha|spe|1\n|-unboost|p2b: Dragonite|spe|1\n|move|p2b: Dragonite|Ice Spinner|p1b: Farigiraf\n|-damage|p1b: Farigiraf|60\/100\n|move|p2a: Sinistcha|Matcha Gotcha|p1b: Farigiraf|[spread] p1b\n|-miss|p2a: Sinistcha|p1a: Regieleki\n|-damage|p1b: Farigiraf|34\/100\n|-heal|p2a: Sinistcha|68\/100|[from] drain|[of] p1b: Farigiraf\n|-enditem|p1b: Farigiraf|Sitrus Berry|[eat]\n|-heal|p1b: Farigiraf|58\/100|[from] item: Sitrus Berry\n|\n|upkeep\n|turn|7\n|n|!AleZana|alezana\n|inactive|Sondowner has 30 seconds left.\n|inactive|AleZana has 30 seconds left.\n|c|\u2606Sondowner|My boi. lol\n|\n|t:|1700080162\n|move|p1b: Farigiraf|Helping Hand|p1a: Regieleki\n|-singleturn|p1a: Regieleki|Helping Hand|[of] p1b: Farigiraf\n|move|p1a: Regieleki|Thunderbolt|p2b: Dragonite\n|-damage|p2b: Dragonite|0 fnt\n|faint|p2b: Dragonite\n|move|p2a: Sinistcha|Matcha Gotcha|p1a: Regieleki|[spread] p1a,p1b\n|-damage|p1a: Regieleki|0 fnt\n|-heal|p2a: Sinistcha|69\/100|[from] drain|[of] p1a: Regieleki\n|-damage|p1b: Farigiraf|31\/100\n|-heal|p2a: Sinistcha|90\/100|[from] drain|[of] p1b: Farigiraf\n|-status|p1b: Farigiraf|brn\n|faint|p1a: Regieleki\n|\n|-damage|p1b: Farigiraf|25\/100 brn|[from] brn\n|upkeep\n|\n|t:|1700080167\n|switch|p1a: Heatran|Heatran, L50, M, tera:Grass|87\/100\n|turn|8\n|\n|t:|1700080190\n|move|p1a: Heatran|Magma Storm|p2a: Sinistcha\n|-supereffective|p2a: Sinistcha\n|-damage|p2a: Sinistcha|0 fnt\n|faint|p2a: Sinistcha\n|\n|win|Sondowner\n|raw|Sondowner's rating: 1435 &rarr; <strong>1449<\/strong><br \/>(+14 for winning)\n|raw|AleZana's rating: 1323 &rarr; <strong>1309<\/strong><br \/>(-14 for losing)\n","uploadtime":1700080151,"views":10,"p1id":"sondowner","p2id":"alezana","formatid":"gen9vgc2023regulatione","rating":1309,"private":0,"password":""}