{"id":"gen9vgc2023regulatione-1992439836","p1":"stuss","p2":"lgh139","format":"[Gen 9] VGC 2023 Regulation E","log":"|j|\u2606stuss\n|j|\u2606lgh139\n|t:|1700187793\n|gametype|doubles\n|player|p1|stuss|roxanne|1505\n|player|p2|lgh139|dawn|1617\n|teamsize|p1|6\n|teamsize|p2|6\n|gen|9\n|tier|[Gen 9] VGC 2023 Regulation E\n|rated|\n|rule|Species Clause: Limit one of each Pok\u00e9mon\n|rule|Item Clause: Limit one of each item\n|clearpoke\n|poke|p1|Chien-Pao, L50|\n|poke|p1|Farigiraf, L50, M|\n|poke|p1|Kingambit, L50, M|\n|poke|p1|Amoonguss, L50, F|\n|poke|p1|Heatran, L50, F|\n|poke|p1|Zapdos-Galar, L50|\n|poke|p2|Weezing, L50, M|\n|poke|p2|Landorus-Therian, L50, M|\n|poke|p2|Iron Hands, L50|\n|poke|p2|Flutter Mane, L50|\n|poke|p2|Tornadus, L50, M|\n|poke|p2|Kommo-o, L50, M|\n|teampreview|4\n|\n|t:|1700187848\n|start\n|switch|p1a: Farigiraf|Farigiraf, L50, M|100\/100\n|switch|p1b: Zapdos|Zapdos-Galar, L50|100\/100\n|switch|p2a: Weezing|Weezing, L50, M|100\/100\n|switch|p2b: Landorus|Landorus-Therian, L50, M|100\/100\n|-ability|p2a: Weezing|Neutralizing Gas\n|-block|p2b: Landorus|item: Ability Shield\n|-ability|p2b: Landorus|Intimidate|boost\n|-unboost|p1a: Farigiraf|atk|1\n|-unboost|p1b: Zapdos|atk|1\n|turn|1\n|\n|t:|1700187896\n|move|p1b: Zapdos|U-turn|p2a: Weezing\n|-resisted|p2a: Weezing\n|-damage|p2a: Weezing|95\/100\n|\n|t:|1700187900\n|switch|p1b: Amoonguss|Amoonguss, L50, F|100\/100|[from] U-turn\n|move|p2b: Landorus|U-turn|p1a: Farigiraf\n|-supereffective|p1a: Farigiraf\n|-damage|p1a: Farigiraf|59\/100\n|\n|t:|1700187905\n|switch|p2b: Flutter Mane|Flutter Mane, L50|100\/100|[from] U-turn\n|move|p2a: Weezing|Will-O-Wisp|p1b: Amoonguss\n|-status|p1b: Amoonguss|brn\n|move|p1a: Farigiraf|Psychic|p2a: Weezing\n|-supereffective|p2a: Weezing\n|-damage|p2a: Weezing|0 fnt\n|faint|p2a: Weezing\n|-end|p2a: Weezing|ability: Neutralizing Gas\n|\n|-damage|p1b: Amoonguss|95\/100 brn|[from] brn\n|upkeep\n|\n|t:|1700187910\n|switch|p2a: Kommo-o|Kommo-o, L50, M|100\/100\n|turn|2\n|\n|t:|1700187928\n|-terastallize|p2b: Flutter Mane|Grass\n|move|p2b: Flutter Mane|Moonblast|p1a: Farigiraf\n|-crit|p1a: Farigiraf\n|-damage|p1a: Farigiraf|0 fnt\n|faint|p1a: Farigiraf\n|move|p2a: Kommo-o|Iron Defense|p2a: Kommo-o\n|-boost|p2a: Kommo-o|def|2\n|move|p1b: Amoonguss|Spore|p2b: Flutter Mane\n|-immune|p2b: Flutter Mane\n|\n|-damage|p1b: Amoonguss|89\/100 brn|[from] brn\n|upkeep\n|c|\u2606stuss|lol\n|\n|t:|1700187943\n|switch|p1a: Zapdos|Zapdos-Galar, L50|100\/100\n|turn|3\n|\n|t:|1700187961\n|move|p1b: Amoonguss|Rage Powder|p1b: Amoonguss\n|-singleturn|p1b: Amoonguss|move: Rage Powder\n|move|p1a: Zapdos|Brave Bird|p2b: Flutter Mane\n|-supereffective|p2b: Flutter Mane\n|-damage|p2b: Flutter Mane|0 fnt\n|faint|p2b: Flutter Mane\n|-end|p2b: Flutter Mane|Protosynthesis|[silent]\n|-damage|p1a: Zapdos|68\/100|[from] Recoil\n|move|p2a: Kommo-o|Iron Defense|p2a: Kommo-o\n|-boost|p2a: Kommo-o|def|2\n|\n|-damage|p1b: Amoonguss|83\/100 brn|[from] brn\n|upkeep\n|\n|t:|1700187966\n|switch|p2b: Landorus|Landorus-Therian, L50, M|100\/100\n|-ability|p2b: Landorus|Intimidate|boost\n|-unboost|p1a: Zapdos|atk|1\n|-ability|p1a: Zapdos|Defiant|boost\n|-boost|p1a: Zapdos|atk|2\n|-unboost|p1b: Amoonguss|atk|1\n|turn|4\n|\n|t:|1700187981\n|move|p1b: Amoonguss|Rage Powder|p1b: Amoonguss\n|-singleturn|p1b: Amoonguss|move: Rage Powder\n|move|p1a: Zapdos|Brave Bird|p2b: Landorus\n|-damage|p2b: Landorus|13\/100\n|-damage|p1a: Zapdos|35\/100|[from] Recoil\n|move|p2b: Landorus|Rock Slide|p1b: Amoonguss|[spread] p1a\n|-miss|p2b: Landorus|p1b: Amoonguss\n|-damage|p1a: Zapdos|10\/100\n|move|p2a: Kommo-o|Body Press|p1a: Zapdos\n|-resisted|p1a: Zapdos\n|-damage|p1a: Zapdos|0 fnt\n|faint|p1a: Zapdos\n|\n|-damage|p1b: Amoonguss|77\/100 brn|[from] brn\n|upkeep\n|c|\u2606lgh139|wp\n|\n|t:|1700187998\n|switch|p1a: Kingambit|Kingambit, L50, M|100\/100\n|turn|5\n|\n|t:|1700188020\n|move|p2b: Landorus|Protect|p2b: Landorus\n|-singleturn|p2b: Landorus|Protect\n|move|p1a: Kingambit|Sucker Punch||[still]\n|-fail|p1a: Kingambit\n|move|p2a: Kommo-o|Body Press|p1a: Kingambit\n|-supereffective|p1a: Kingambit\n|-damage|p1a: Kingambit|0 fnt\n|faint|p1a: Kingambit\n|move|p1b: Amoonguss|Pollen Puff|p1: Kingambit|[notarget]\n|-fail|p1b: Amoonguss\n|\n|-damage|p1b: Amoonguss|71\/100 brn|[from] brn\n|upkeep\n|turn|6\n|-message|stuss forfeited.\n|\n|win|lgh139\n|raw|stuss's rating: 1505 &rarr; <strong>1491<\/strong><br \/>(-14 for losing)\n|raw|lgh139's rating: 1617 &rarr; <strong>1631<\/strong><br \/>(+14 for winning)\n|l|\u2606stuss\n|l|\u2606lgh139\n|j|\u2606lgh139\n|player|p2|lgh139|dawn\n","uploadtime":1700188049,"views":16,"p1id":"stuss","p2id":"lgh139","formatid":"gen9vgc2023regulatione","rating":1491,"private":0,"password":""}