{"id":"gen9vgc2023regulatione-1999462517","p1":"Zemigas2004","p2":"Kaizer45","format":"[Gen 9] VGC 2023 Regulation E","log":"|j|\u2606Zemigas2004\n|j|\u2606Kaizer45\n|t:|1701084314\n|gametype|doubles\n|player|p1|Zemigas2004|ethan|1209\n|player|p2|Kaizer45|gambler|1113\n|teamsize|p1|6\n|teamsize|p2|6\n|gen|9\n|tier|[Gen 9] VGC 2023 Regulation E\n|rated|\n|rule|Species Clause: Limit one of each Pok\u00e9mon\n|rule|Item Clause: Limit one of each item\n|clearpoke\n|poke|p1|Thundurus, L50, M|\n|poke|p1|Enamorus, L50, F|\n|poke|p1|Garchomp, L50, M|\n|poke|p1|Chien-Pao, L50|\n|poke|p1|Amoonguss, L50, M|\n|poke|p1|Gholdengo, L50|\n|poke|p2|Tinkaton, L50, F|\n|poke|p2|Electrode-Hisui, L50|\n|poke|p2|Leavanny, L50, M|\n|poke|p2|Ninetales, L50, M|\n|poke|p2|Dachsbun, L50, M|\n|poke|p2|Roaring Moon, L50|\n|teampreview|4\n|\n|t:|1701084358\n|start\n|switch|p1a: Thundurus|Thundurus, L50, M|100\/100\n|switch|p1b: Garchomp|Garchomp, L50, M|100\/100\n|switch|p2a: Leavanny|Leavanny, L50, M|100\/100\n|switch|p2b: Ninetales|Ninetales, L50, M|100\/100\n|-weather|SunnyDay|[from] ability: Drought|[of] p2b: Ninetales\n|turn|1\n|\n|t:|1701084394\n|move|p1b: Garchomp|Protect|p1b: Garchomp\n|-singleturn|p1b: Garchomp|Protect\n|move|p1a: Thundurus|Rain Dance|p1a: Thundurus\n|-weather|RainDance\n|move|p2a: Leavanny|Leaf Blade|p1b: Garchomp\n|-activate|p1b: Garchomp|move: Protect\n|move|p2b: Ninetales|Heat Wave|p1b: Garchomp|[spread] p1a\n|-activate|p1b: Garchomp|move: Protect\n|-damage|p1a: Thundurus|89\/100\n|\n|-weather|RainDance|[upkeep]\n|upkeep\n|turn|2\n|\n|t:|1701084410\n|switch|p2b: Electrode|Electrode-Hisui, L50|100\/100\n|move|p1a: Thundurus|Scary Face|p2a: Leavanny\n|-unboost|p2a: Leavanny|spe|2\n|move|p1b: Garchomp|Earthquake|p2b: Electrode|[spread] p2a,p2b\n|-immune|p1a: Thundurus\n|-resisted|p2a: Leavanny\n|-damage|p2a: Leavanny|86\/100\n|-damage|p2b: Electrode|23\/100\n|move|p2a: Leavanny|Leaf Blade|p1b: Garchomp\n|-damage|p1b: Garchomp|45\/100\n|-damage|p2a: Leavanny|74\/100|[from] ability: Rough Skin|[of] p1b: Garchomp\n|\n|-weather|RainDance|[upkeep]\n|upkeep\n|turn|3\n|\n|t:|1701084438\n|move|p1b: Garchomp|Protect|p1b: Garchomp\n|-singleturn|p1b: Garchomp|Protect\n|move|p2b: Electrode|Thunderbolt|p1a: Thundurus\n|-damage|p1a: Thundurus|42\/100\n|-damage|p2b: Electrode|13\/100|[from] item: Life Orb\n|move|p1a: Thundurus|Wildbolt Storm|p2b: Electrode|[spread] p2a,p2b\n|-resisted|p2a: Leavanny\n|-resisted|p2b: Electrode\n|-damage|p2a: Leavanny|48\/100\n|-damage|p2b: Electrode|0 fnt\n|faint|p2b: Electrode\n|move|p2a: Leavanny|Leaf Blade|p1b: Garchomp\n|-activate|p1b: Garchomp|move: Protect\n|\n|-weather|RainDance|[upkeep]\n|upkeep\n|\n|t:|1701084454\n|switch|p2b: Roaring Moon|Roaring Moon, L50|100\/100\n|turn|4\n|\n|t:|1701084468\n|switch|p2a: Ninetales|Ninetales, L50, M|100\/100\n|-weather|SunnyDay|[from] ability: Drought|[of] p2a: Ninetales\n|-activate|p2b: Roaring Moon|ability: Protosynthesis\n|-start|p2b: Roaring Moon|protosynthesisatk\n|-terastallize|p1b: Garchomp|Steel\n|move|p2b: Roaring Moon|Knock Off|p1b: Garchomp\n|-damage|p1b: Garchomp|0 fnt\n|-damage|p2b: Roaring Moon|88\/100|[from] ability: Rough Skin|[of] p1b: Garchomp\n|-enditem|p1b: Garchomp|Clear Amulet|[from] move: Knock Off|[of] p2b: Roaring Moon\n|faint|p1b: Garchomp\n|move|p1a: Thundurus|Wildbolt Storm|p2a: Ninetales|[spread] p2b\n|-miss|p1a: Thundurus|p2a: Ninetales\n|-resisted|p2b: Roaring Moon\n|-damage|p2b: Roaring Moon|70\/100\n|\n|-weather|SunnyDay|[upkeep]\n|upkeep\n|\n|t:|1701084474\n|switch|p1b: Enamorus|Enamorus, L50, F|100\/100\n|turn|5\n|inactive|Battle timer is ON: inactive players will automatically lose when time's up. (requested by Zemigas2004)\n|\n|t:|1701084522\n|-terastallize|p2b: Roaring Moon|Steel\n|move|p1a: Thundurus|Rain Dance|p1a: Thundurus\n|-weather|RainDance\n|-end|p2b: Roaring Moon|Protosynthesis\n|move|p1b: Enamorus|Springtide Storm|p2b: Roaring Moon|[spread] p2a,p2b\n|-resisted|p2a: Ninetales\n|-resisted|p2b: Roaring Moon\n|-damage|p2a: Ninetales|85\/100\n|-damage|p2b: Roaring Moon|50\/100\n|move|p2b: Roaring Moon|Iron Head|p1b: Enamorus\n|-supereffective|p1b: Enamorus\n|-damage|p1b: Enamorus|0 fnt\n|faint|p1b: Enamorus\n|move|p2a: Ninetales|Disable|p1a: Thundurus\n|-start|p1a: Thundurus|Disable|Rain Dance\n|\n|-weather|RainDance|[upkeep]\n|upkeep\n|\n|t:|1701084531\n|switch|p1b: Chien-Pao|Chien-Pao, L50|100\/100\n|-ability|p1b: Chien-Pao|Sword of Ruin\n|turn|6\n|\n|t:|1701084551\n|switch|p2a: Leavanny|Leavanny, L50, M|48\/100\n|move|p1b: Chien-Pao|Protect|p1b: Chien-Pao\n|-singleturn|p1b: Chien-Pao|Protect\n|move|p2b: Roaring Moon|Rock Slide|p1a: Thundurus|[spread] p1a\n|-activate|p1b: Chien-Pao|move: Protect\n|-supereffective|p1a: Thundurus\n|-damage|p1a: Thundurus|0 fnt\n|faint|p1a: Thundurus\n|\n|-weather|RainDance|[upkeep]\n|upkeep\n|turn|7\n|\n|t:|1701084567\n|-end|p2b: Roaring Moon|Protosynthesis|[silent]\n|switch|p2b: Ninetales|Ninetales, L50, M|85\/100\n|-weather|SunnyDay|[from] ability: Drought|[of] p2b: Ninetales\n|move|p2a: Leavanny|Lunge|p1b: Chien-Pao\n|-supereffective|p1b: Chien-Pao\n|-enditem|p1b: Chien-Pao|Focus Sash\n|-damage|p1b: Chien-Pao|1\/100\n|-unboost|p1b: Chien-Pao|atk|1\n|move|p1b: Chien-Pao|Icicle Crash|p2a: Leavanny\n|-supereffective|p2a: Leavanny\n|-damage|p2a: Leavanny|0 fnt\n|faint|p2a: Leavanny\n|\n|-weather|SunnyDay|[upkeep]\n|upkeep\n|\n|t:|1701084582\n|switch|p2a: Roaring Moon|Roaring Moon, L50, tera:Steel|50\/100\n|-activate|p2a: Roaring Moon|ability: Protosynthesis\n|-start|p2a: Roaring Moon|protosynthesisatk\n|turn|8\n|\n|t:|1701084589\n|move|p1b: Chien-Pao|Sacred Sword|p2a: Roaring Moon\n|-supereffective|p2a: Roaring Moon\n|-damage|p2a: Roaring Moon|0 fnt\n|faint|p2a: Roaring Moon\n|-end|p2a: Roaring Moon|Protosynthesis|[silent]\n|move|p2b: Ninetales|Heat Wave|p1b: Chien-Pao\n|-supereffective|p1b: Chien-Pao\n|-damage|p1b: Chien-Pao|0 fnt\n|faint|p1b: Chien-Pao\n|\n|win|Kaizer45\n|raw|Zemigas2004's rating: 1209 &rarr; <strong>1177<\/strong><br \/>(-32 for losing)\n|raw|Kaizer45's rating: 1113 &rarr; <strong>1145<\/strong><br \/>(+32 for winning)\n","uploadtime":1701084595,"views":1,"p1id":"zemigas2004","p2id":"kaizer45","formatid":"gen9vgc2023regulatione","rating":1145,"private":0,"password":""}