{"id":"gen9vgc2023regulatione-2000373273","p1":"Lucawufflekinz","p2":"bobforte22","format":"[Gen 9] VGC 2023 Regulation E","log":"|j|\u2606Lucawufflekinz\n|j|\u2606bobforte22\n|t:|1701189351\n|gametype|doubles\n|player|p1|Lucawufflekinz|2|1188\n|player|p2|bobforte22|pilot|1099\n|teamsize|p1|6\n|teamsize|p2|6\n|gen|9\n|tier|[Gen 9] VGC 2023 Regulation E\n|rated|\n|rule|Species Clause: Limit one of each Pok\u00e9mon\n|rule|Item Clause: Limit one of each item\n|clearpoke\n|poke|p1|Scream Tail, L50|\n|poke|p1|Ninetales-Alola, L50, M|\n|poke|p1|Baxcalibur, L50, F|\n|poke|p1|Arcanine-Hisui, L50, F|\n|poke|p1|Rillaboom, L50, F|\n|poke|p1|Gyarados, L50, M|\n|poke|p2|Chi-Yu, L50|\n|poke|p2|Jolteon, L50, M|\n|poke|p2|Iron Hands, L50|\n|poke|p2|Iron Bundle, L50|\n|poke|p2|Arcanine, L50, M|\n|poke|p2|Garchomp, L50, F|\n|teampreview|4\n|\n|t:|1701189393\n|start\n|switch|p1a: Arcanine|Arcanine-Hisui, L50, F|100\/100\n|switch|p1b: Scream Tail|Scream Tail, L50|100\/100\n|switch|p2a: Iron Hands|Iron Hands, L50|100\/100\n|switch|p2b: Garchomp|Garchomp, L50, F|100\/100\n|-ability|p1a: Arcanine|Intimidate|boost\n|-unboost|p2a: Iron Hands|atk|1\n|-unboost|p2b: Garchomp|atk|1\n|-enditem|p1b: Scream Tail|Booster Energy\n|-activate|p1b: Scream Tail|ability: Protosynthesis|[fromitem]\n|-start|p1b: Scream Tail|protosynthesisspe\n|turn|1\n|inactive|Battle timer is ON: inactive players will automatically lose when time's up. (requested by bobforte22)\n|\n|t:|1701189414\n|switch|p1a: Ninetales|Ninetales-Alola, L50, M|100\/100\n|-weather|Snow|[from] ability: Snow Warning|[of] p1a: Ninetales\n|move|p2a: Iron Hands|Fake Out|p1b: Scream Tail\n|-damage|p1b: Scream Tail|93\/100\n|cant|p1b: Scream Tail|flinch\n|move|p2b: Garchomp|Stomping Tantrum|p1a: Ninetales\n|-damage|p1a: Ninetales|79\/100\n|\n|-weather|Snow|[upkeep]\n|upkeep\n|turn|2\n|\n|t:|1701189435\n|move|p1b: Scream Tail|Encore|p2a: Iron Hands\n|-start|p2a: Iron Hands|Encore\n|move|p1a: Ninetales|Aurora Veil|p1a: Ninetales\n|-sidestart|p1: Lucawufflekinz|move: Aurora Veil\n|move|p2b: Garchomp|Iron Head|p1b: Scream Tail\n|-supereffective|p1b: Scream Tail\n|-damage|p1b: Scream Tail|72\/100\n|move|p2a: Iron Hands|Fake Out||[still]\n|-hint|Fake Out only works on your first turn out.\n|-fail|p2a: Iron Hands\n|\n|-weather|Snow|[upkeep]\n|upkeep\n|turn|3\n|\n|t:|1701189451\n|switch|p1a: Baxcalibur|Baxcalibur, L50, F|100\/100\n|-end|p2a: Iron Hands|Quark Drive|[silent]\n|switch|p2a: Arcanine|Arcanine, L50, M, shiny|100\/100\n|-ability|p2a: Arcanine|Intimidate|boost\n|-unboost|p1a: Baxcalibur|atk|1\n|-unboost|p1b: Scream Tail|atk|1\n|move|p2b: Garchomp|Protect|p2b: Garchomp\n|-singleturn|p2b: Garchomp|Protect\n|move|p1b: Scream Tail|Howl|p1b: Scream Tail|[spread] p1a,p1b\n|-boost|p1a: Baxcalibur|atk|1\n|-boost|p1b: Scream Tail|atk|1\n|\n|-weather|Snow|[upkeep]\n|upkeep\n|turn|4\n|inactive|Lucawufflekinz has 30 seconds left.\n|\n|t:|1701189478\n|switch|p2b: Iron Hands|Iron Hands, L50|100\/100\n|move|p1a: Baxcalibur|Protect|p1a: Baxcalibur\n|-singleturn|p1a: Baxcalibur|Protect\n|move|p1b: Scream Tail|Howl|p1b: Scream Tail|[spread] p1a,p1b\n|-boost|p1a: Baxcalibur|atk|1\n|-boost|p1b: Scream Tail|atk|1\n|move|p2a: Arcanine|Flare Blitz|p1a: Baxcalibur\n|-activate|p1a: Baxcalibur|move: Protect\n|\n|-weather|Snow|[upkeep]\n|upkeep\n|turn|5\n|inactive|Lucawufflekinz has 30 seconds left.\n|inactive|Lucawufflekinz has 20 seconds left.\n|inactive|Lucawufflekinz has 15 seconds left.\n|\n|t:|1701189519\n|-end|p1b: Scream Tail|Protosynthesis|[silent]\n|switch|p1b: Arcanine|Arcanine-Hisui, L50, F|100\/100\n|-ability|p1b: Arcanine|Intimidate|boost\n|-unboost|p2a: Arcanine|atk|1\n|-unboost|p2b: Iron Hands|atk|1\n|move|p2b: Iron Hands|Fake Out|p1a: Baxcalibur\n|-damage|p1a: Baxcalibur|96\/100\n|move|p2a: Arcanine|Flare Blitz|p1a: Baxcalibur\n|-damage|p1a: Baxcalibur|82\/100\n|-ability|p1a: Baxcalibur|Thermal Exchange|boost\n|-boost|p1a: Baxcalibur|atk|1\n|-damage|p2a: Arcanine|95\/100|[from] Recoil\n|cant|p1a: Baxcalibur|flinch\n|\n|-weather|none\n|upkeep\n|turn|6\n|inactive|Lucawufflekinz has 30 seconds left.\n|\n|t:|1701189544\n|switch|p1b: Ninetales|Ninetales-Alola, L50, M|79\/100\n|-weather|Snow|[from] ability: Snow Warning|[of] p1b: Ninetales\n|move|p2a: Arcanine|Protect|p2a: Arcanine\n|-singleturn|p2a: Arcanine|Protect\n|move|p1a: Baxcalibur|Protect|p1a: Baxcalibur\n|-singleturn|p1a: Baxcalibur|Protect\n|move|p2b: Iron Hands|Drain Punch|p1a: Baxcalibur\n|-activate|p1a: Baxcalibur|move: Protect\n|\n|-weather|Snow|[upkeep]\n|upkeep\n|turn|7\n|inactive|Lucawufflekinz has 30 seconds left.\n|\n|t:|1701189570\n|switch|p1b: Scream Tail|Scream Tail, L50|72\/100\n|move|p2a: Arcanine|Flare Blitz|p1b: Scream Tail\n|-damage|p1b: Scream Tail|53\/100\n|-damage|p2a: Arcanine|88\/100|[from] Recoil\n|move|p1a: Baxcalibur|Icicle Spear|p2b: Iron Hands\n|-damage|p2b: Iron Hands|81\/100\n|-damage|p2b: Iron Hands|60\/100\n|-damage|p2b: Iron Hands|39\/100\n|-damage|p2b: Iron Hands|17\/100\n|-hitcount|p2b: Iron Hands|4\n|move|p2b: Iron Hands|Drain Punch|p1b: Scream Tail\n|-resisted|p1b: Scream Tail\n|-damage|p1b: Scream Tail|50\/100\n|-heal|p2b: Iron Hands|19\/100|[from] drain|[of] p1b: Scream Tail\n|\n|-weather|Snow|[upkeep]\n|upkeep\n|turn|8\n|inactive|Lucawufflekinz has 30 seconds left.\n|inactive|bobforte22 has 30 seconds left.\n|inactive|bobforte22 has 20 seconds left.\n|inactive|bobforte22 has 15 seconds left.\n|\n|t:|1701189613\n|switch|p2a: Iron Bundle|Iron Bundle, L50|100\/100\n|-end|p2b: Iron Hands|Quark Drive|[silent]\n|switch|p2b: Garchomp|Garchomp, L50, F|100\/100\n|move|p1a: Baxcalibur|Protect|p1a: Baxcalibur\n|-singleturn|p1a: Baxcalibur|Protect\n|move|p1b: Scream Tail|Howl|p1b: Scream Tail|[spread] p1a,p1b\n|-boost|p1a: Baxcalibur|atk|1\n|-boost|p1b: Scream Tail|atk|1\n|\n|-weather|Snow|[upkeep]\n|upkeep\n|turn|9\n|inactive|Lucawufflekinz has 30 seconds left.\n|\n|t:|1701189646\n|move|p1a: Baxcalibur|Ice Shard|p2b: Garchomp\n|-supereffective|p2b: Garchomp\n|-damage|p2b: Garchomp|0 fnt\n|faint|p2b: Garchomp\n|move|p2a: Iron Bundle|Encore|p1a: Baxcalibur\n|-start|p1a: Baxcalibur|Encore\n|move|p1b: Scream Tail|Encore||[still]\n|-fail|p1b: Scream Tail\n|\n|-weather|Snow|[upkeep]\n|-sideend|p1: Lucawufflekinz|move: Aurora Veil\n|upkeep\n|\n|t:|1701189653\n|switch|p2b: Iron Hands|Iron Hands, L50|19\/100\n|turn|10\n|inactive|Lucawufflekinz has 30 seconds left.\n|inactive|bobforte22 has 30 seconds left.\n|\n|t:|1701189684\n|move|p1a: Baxcalibur|Ice Shard|p2b: Iron Hands\n|-damage|p2b: Iron Hands|0 fnt\n|faint|p2b: Iron Hands\n|-end|p2b: Iron Hands|Quark Drive|[silent]\n|move|p2a: Iron Bundle|Encore||[still]\n|-fail|p2a: Iron Bundle\n|move|p1b: Scream Tail|Howl|p1b: Scream Tail|[spread] p1a,p1b\n|-boost|p1a: Baxcalibur|atk|1\n|-boost|p1b: Scream Tail|atk|1\n|\n|-weather|none\n|upkeep\n|\n|t:|1701189687\n|switch|p2b: Arcanine|Arcanine, L50, M, shiny|88\/100\n|-ability|p2b: Arcanine|Intimidate|boost\n|-unboost|p1a: Baxcalibur|atk|1\n|-unboost|p1b: Scream Tail|atk|1\n|turn|11\n|\n|t:|1701189701\n|-end|p1b: Scream Tail|Protosynthesis|[silent]\n|switch|p1b: Ninetales|Ninetales-Alola, L50, M|79\/100\n|-weather|Snow|[from] ability: Snow Warning|[of] p1b: Ninetales\n|move|p1a: Baxcalibur|Ice Shard|p2b: Arcanine\n|-resisted|p2b: Arcanine\n|-damage|p2b: Arcanine|60\/100\n|move|p2a: Iron Bundle|Hydro Pump|p1a: Baxcalibur|[miss]\n|-miss|p2a: Iron Bundle|p1a: Baxcalibur\n|move|p2b: Arcanine|Flare Blitz|p1a: Baxcalibur\n|-damage|p1a: Baxcalibur|54\/100\n|-ability|p1a: Baxcalibur|Thermal Exchange|boost\n|-boost|p1a: Baxcalibur|atk|1\n|-damage|p2b: Arcanine|49\/100|[from] Recoil\n|\n|-weather|Snow|[upkeep]\n|upkeep\n|turn|12\n|\n|t:|1701189720\n|move|p2b: Arcanine|Protect|p2b: Arcanine\n|-singleturn|p2b: Arcanine|Protect\n|move|p1a: Baxcalibur|Ice Shard|p2b: Arcanine\n|-activate|p2b: Arcanine|move: Protect\n|move|p2a: Iron Bundle|Hydro Pump|p1a: Baxcalibur\n|-resisted|p1a: Baxcalibur\n|-damage|p1a: Baxcalibur|36\/100\n|move|p1b: Ninetales|Aurora Veil|p1b: Ninetales\n|-sidestart|p1: Lucawufflekinz|move: Aurora Veil\n|\n|-weather|Snow|[upkeep]\n|-end|p1a: Baxcalibur|Encore\n|upkeep\n|turn|13\n|inactive|Lucawufflekinz has 30 seconds left.\n|inactive|Lucawufflekinz has 20 seconds left.\n|inactive|Lucawufflekinz has 15 seconds left.\n|inactive|Lucawufflekinz has 10 seconds left.\n|\n|t:|1701189766\n|switch|p1b: Scream Tail|Scream Tail, L50|50\/100\n|move|p1a: Baxcalibur|Protect|p1a: Baxcalibur\n|-singleturn|p1a: Baxcalibur|Protect\n|move|p2a: Iron Bundle|Hydro Pump|p1a: Baxcalibur\n|-activate|p1a: Baxcalibur|move: Protect\n|move|p2b: Arcanine|Flare Blitz|p1a: Baxcalibur\n|-activate|p1a: Baxcalibur|move: Protect\n|\n|-weather|Snow|[upkeep]\n|upkeep\n|turn|14\n|\n|t:|1701189779\n|move|p2b: Arcanine|Protect|p2b: Arcanine\n|-singleturn|p2b: Arcanine|Protect\n|move|p1a: Baxcalibur|Ice Shard|p2b: Arcanine\n|-activate|p2b: Arcanine|move: Protect\n|move|p2a: Iron Bundle|Encore|p1a: Baxcalibur\n|-start|p1a: Baxcalibur|Encore\n|move|p1b: Scream Tail|Howl|p1b: Scream Tail|[spread] p1a,p1b\n|-boost|p1a: Baxcalibur|atk|1\n|-boost|p1b: Scream Tail|atk|1\n|\n|-weather|Snow|[upkeep]\n|upkeep\n|turn|15\n|\n|t:|1701189797\n|move|p1a: Baxcalibur|Ice Shard|p2b: Arcanine\n|-resisted|p2b: Arcanine\n|-damage|p2b: Arcanine|12\/100\n|move|p2a: Iron Bundle|Hydro Pump|p1a: Baxcalibur|[miss]\n|-miss|p2a: Iron Bundle|p1a: Baxcalibur\n|move|p1b: Scream Tail|Howl|p1b: Scream Tail|[spread] p1a,p1b\n|-boost|p1a: Baxcalibur|atk|1\n|-boost|p1b: Scream Tail|atk|1\n|move|p2b: Arcanine|Flare Blitz|p1a: Baxcalibur\n|-crit|p1a: Baxcalibur\n|-damage|p1a: Baxcalibur|0 fnt\n|faint|p1a: Baxcalibur\n|-damage|p2b: Arcanine|0 fnt|[from] Recoil\n|faint|p2b: Arcanine\n|\n|-weather|none\n|upkeep\n|\n|t:|1701189815\n|switch|p1a: Ninetales|Ninetales-Alola, L50, M|79\/100\n|-weather|Snow|[from] ability: Snow Warning|[of] p1a: Ninetales\n|turn|16\n|\n|t:|1701189829\n|move|p2a: Iron Bundle|Hydro Pump|p1a: Ninetales\n|-damage|p1a: Ninetales|50\/100\n|move|p1a: Ninetales|Icy Wind|p2a: Iron Bundle\n|-resisted|p2a: Iron Bundle\n|-damage|p2a: Iron Bundle|93\/100\n|move|p1b: Scream Tail|Disable|p2a: Iron Bundle\n|-start|p2a: Iron Bundle|Disable|Hydro Pump\n|\n|-weather|Snow|[upkeep]\n|upkeep\n|turn|17\n|\n|t:|1701189846\n|switch|p1a: Arcanine|Arcanine-Hisui, L50, F|100\/100\n|-ability|p1a: Arcanine|Intimidate|boost\n|-unboost|p2a: Iron Bundle|atk|1\n|move|p2a: Iron Bundle|Encore|p1b: Scream Tail\n|-start|p1b: Scream Tail|Encore\n|move|p1b: Scream Tail|Disable||[still]\n|-fail|p1b: Scream Tail\n|\n|-weather|Snow|[upkeep]\n|upkeep\n|turn|18\n|\n|t:|1701189864\n|-end|p1b: Scream Tail|Protosynthesis|[silent]\n|switch|p1b: Ninetales|Ninetales-Alola, L50, M|50\/100\n|move|p2a: Iron Bundle|Protect|p2a: Iron Bundle\n|-singleturn|p2a: Iron Bundle|Protect\n|move|p1a: Arcanine|Wild Charge|p2a: Iron Bundle\n|-activate|p2a: Iron Bundle|move: Protect\n|\n|-weather|Snow|[upkeep]\n|upkeep\n|turn|19\n|inactive|Lucawufflekinz has 30 seconds left.\n|\n|t:|1701189880\n|-terastallize|p2a: Iron Bundle|Fairy\n|move|p2a: Iron Bundle|Freeze-Dry|p1a: Arcanine\n|-resisted|p1a: Arcanine\n|-damage|p1a: Arcanine|88\/100\n|move|p1b: Ninetales|Moonblast|p2a: Iron Bundle\n|-damage|p2a: Iron Bundle|42\/100\n|move|p1a: Arcanine|Wild Charge|p2a: Iron Bundle\n|-damage|p2a: Iron Bundle|2\/100\n|-damage|p1a: Arcanine|78\/100|[from] Recoil\n|\n|-weather|Snow|[upkeep]\n|-sideend|p1: Lucawufflekinz|move: Aurora Veil\n|upkeep\n|turn|20\n|inactive|Lucawufflekinz has 30 seconds left this turn.\n|inactive|Lucawufflekinz has 20 seconds left.\n|inactive|Lucawufflekinz has 15 seconds left.\n|\n|t:|1701189899\n|move|p2a: Iron Bundle|Protect|p2a: Iron Bundle\n|-singleturn|p2a: Iron Bundle|Protect\n|move|p1b: Ninetales|Moonblast|p2a: Iron Bundle\n|-activate|p2a: Iron Bundle|move: Protect\n|move|p1a: Arcanine|Wild Charge|p2a: Iron Bundle\n|-activate|p2a: Iron Bundle|move: Protect\n|\n|-weather|none\n|-end|p2a: Iron Bundle|Disable\n|upkeep\n|turn|21\n|inactive|Lucawufflekinz has 15 seconds left this turn.\n|inactive|Lucawufflekinz has 10 seconds left.\n|\n|t:|1701189911\n|move|p2a: Iron Bundle|Hydro Pump|p1a: Arcanine\n|-supereffective|p1a: Arcanine\n|-damage|p1a: Arcanine|0 fnt\n|faint|p1a: Arcanine\n|move|p1b: Ninetales|Moonblast|p2a: Iron Bundle\n|-damage|p2a: Iron Bundle|0 fnt\n|faint|p2a: Iron Bundle\n|-end|p2a: Iron Bundle|Quark Drive|[silent]\n|\n|win|Lucawufflekinz\n|inactive|Lucawufflekinz has 10 seconds left this turn.\n|raw|Lucawufflekinz's rating: 1188 &rarr; <strong>1207<\/strong><br \/>(+19 for winning)\n|raw|bobforte22's rating: 1099 &rarr; <strong>1080<\/strong><br \/>(-19 for losing)\n|l|\u2606bobforte22\n","uploadtime":1701189936,"views":10,"p1id":"lucawufflekinz","p2id":"bobforte22","formatid":"gen9vgc2023regulatione","rating":1080,"private":0,"password":""}