{"id":"gen9vgc2023regulatione-1998468896","p1":"KyuremBiancoEtero","p2":"Triir","format":"[Gen 9] VGC 2023 Regulation E","log":"|j|\u2606KyuremBiancoEtero\n|j|\u2606Triir\n|n|\u2606KyuremBiancoEtero|kyurembiancoetero\n|n|\u2606Triir|triir\n|html|View the match progress at <a href=\"\/game-bestof3-gen9vgc2023regulatione-1998468895\">game-bestof3-gen9vgc2023regulatione-1998468895<\/a>\n|t:|1700945768\n|gametype|doubles\n|player|p1|KyuremBiancoEtero|bellelba|\n|player|p2|Triir|palmer|\n|teamsize|p1|6\n|teamsize|p2|6\n|gen|9\n|tier|[Gen 9] VGC 2023 Regulation E\n|rule|Species Clause: Limit one of each Pok\u00e9mon\n|rule|Item Clause: Limit one of each item\n|clearpoke\n|poke|p1|Rillaboom, L50, M|\n|poke|p1|Chien-Pao, L50|\n|poke|p1|Arcanine-Hisui, L50, M|\n|poke|p1|Urshifu-*, L50, F|\n|poke|p1|Tornadus, L50, M|\n|poke|p1|Landorus, L50, M|\n|poke|p2|Urshifu-*, L50, M|\n|poke|p2|Tornadus, L50, M|\n|poke|p2|Regidrago, L50|\n|poke|p2|Rillaboom, L50, F|\n|poke|p2|Gholdengo, L50|\n|poke|p2|Ogerpon-Hearthflame, L50, F|\n|teampreview|4\nTriir has agreed to open team sheets.\nKyuremBiancoEtero has agreed to open team sheets.\n|showteam|p1|Rillaboom||MiracleSeed|GrassySurge|FakeOut,GrassyGlide,WoodHammer,Protect|||M|||50|,,,,,Grass]Chien-Pao||FocusSash|SwordofRuin|IcicleCrash,SuckerPunch,Taunt,Protect||||||50|,,,,,Ghost]Arcanine-Hisui||AssaultVest|Intimidate|FlareBlitz,RockSlide,ExtremeSpeed,CloseCombat|||M|||50|,,,,,Ghost]Urshifu-Rapid-Strike||ChoiceScarf|UnseenFist|CloseCombat,SurgingStrikes,AquaJet,Uturn|||F|||50|,,,,,Water]Tornadus||SitrusBerry|Prankster|BleakwindStorm,Tailwind,RainDance,Protect|||M|||50|,,,,,Steel]Landorus||LifeOrb|SheerForce|SandsearStorm,EarthPower,SludgeBomb,Protect|||M|||50|,,,,,Poison\n|showteam|p2|Urshifu-Rapid-Strike||ChoiceScarf|UnseenFist|SurgingStrikes,CloseCombat,AquaJet,Uturn|||M|||50|,,,,,Poison]Tornadus||RockyHelmet|Prankster|BleakwindStorm,RainDance,Tailwind,Protect|||M|||50|,,,,,Ghost]Regidrago||DragonFang|DragonsMaw|DragonEnergy,DracoMeteor,EarthPower,Protect||||||50|,,,,,Steel]Rillaboom||AssaultVest|GrassySurge|FakeOut,WoodHammer,HighHorsepower,GrassyGlide|||F|||50|,,,,,Grass]Gholdengo||MetalCoat|GoodasGold|MakeItRain,ShadowBall,NastyPlot,Protect||||||50|,,,,,Dragon]Ogerpon-Hearthflame||HearthflameMask|MoldBreaker|IvyCudgel,GrassyGlide,FollowMe,SpikyShield|||F|||50|,,,,,Fire\n|c|\u2606KyuremBiancoEtero|glhf\n|c|\u2606Triir|u 2\n|j| Sicgatto\n|\n|t:|1700945861\n|start\n|switch|p1a: Tornadus|Tornadus, L50, M|100\/100\n|switch|p1b: Landorus|Landorus, L50, M|100\/100\n|switch|p2a: Tornadus|Tornadus, L50, M|100\/100\n|switch|p2b: Regidrago|Regidrago, L50|100\/100\n|turn|1\n|\n|t:|1700945876\n|move|p1a: Tornadus|Tailwind|p1a: Tornadus\n|-sidestart|p1: KyuremBiancoEtero|move: Tailwind\n|move|p1b: Landorus|Earth Power|p2b: Regidrago\n|-damage|p2b: Regidrago|24\/100\n|move|p2a: Tornadus|Bleakwind Storm|p1b: Landorus|[spread] p1a,p1b\n|-damage|p1a: Tornadus|61\/100\n|-damage|p1b: Landorus|63\/100\n|-unboost|p1a: Tornadus|spe|1\n|move|p2b: Regidrago|Draco Meteor|p1a: Tornadus\n|-damage|p1a: Tornadus|0 fnt\n|-unboost|p2b: Regidrago|spa|2\n|faint|p1a: Tornadus\n|\n|upkeep\n|\n|t:|1700945901\n|switch|p1a: Arcanine|Arcanine-Hisui, L50, M, shiny|100\/100\n|-ability|p1a: Arcanine|Intimidate|boost\n|-unboost|p2a: Tornadus|atk|1\n|-unboost|p2b: Regidrago|atk|1\n|turn|2\n|\n|t:|1700945906\n|move|p2a: Tornadus|Protect|p2a: Tornadus\n|-singleturn|p2a: Tornadus|Protect\n|move|p2b: Regidrago|Protect|p2b: Regidrago\n|-singleturn|p2b: Regidrago|Protect\n|move|p1b: Landorus|Earth Power|p2b: Regidrago\n|-activate|p2b: Regidrago|move: Protect\n|move|p1a: Arcanine|Rock Slide|p2b: Regidrago|[spread] \n|-activate|p2a: Tornadus|move: Protect\n|-activate|p2b: Regidrago|move: Protect\n|\n|upkeep\n|turn|3\n|\n|t:|1700945919\n|move|p2a: Tornadus|Tailwind|p2a: Tornadus\n|-sidestart|p2: Triir|move: Tailwind\n|move|p1b: Landorus|Earth Power|p2b: Regidrago\n|-damage|p2b: Regidrago|0 fnt\n|faint|p2b: Regidrago\n|move|p1a: Arcanine|Rock Slide|p2a: Tornadus\n|-supereffective|p2a: Tornadus\n|-damage|p2a: Tornadus|30\/100\n|\n|upkeep\n|\n|t:|1700945926\n|switch|p2b: Urshifu|Urshifu-Rapid-Strike, L50, M|100\/100\n|turn|4\n|\n|t:|1700945969\n|switch|p1a: Rillaboom|Rillaboom, L50, M, shiny|100\/100\n|-fieldstart|move: Grassy Terrain|[from] ability: Grassy Surge|[of] p1a: Rillaboom\n|move|p2a: Tornadus|Rain Dance|p2a: Tornadus\n|-weather|RainDance\n|move|p2b: Urshifu|Surging Strikes|p1b: Landorus\n|-supereffective|p1b: Landorus\n|-crit|p1b: Landorus\n|-damage|p1b: Landorus|0 fnt\n|faint|p1b: Landorus\n|-hitcount|p1: Landorus|1\n|\n|-weather|RainDance|[upkeep]\n|-sideend|p1: KyuremBiancoEtero|move: Tailwind\n|upkeep\n|\n|t:|1700945976\n|switch|p1b: Arcanine|Arcanine-Hisui, L50, M, shiny|100\/100\n|-ability|p1b: Arcanine|Intimidate|boost\n|-unboost|p2a: Tornadus|atk|1\n|-unboost|p2b: Urshifu|atk|1\n|turn|5\n|\n|t:|1700945988\n|switch|p2b: Rillaboom|Rillaboom, L50, F|100\/100\n|-terastallize|p1a: Rillaboom|Grass\n|move|p1b: Arcanine|Extreme Speed|p2b: Rillaboom\n|-damage|p2b: Rillaboom|74\/100\n|move|p1a: Rillaboom|Grassy Glide|p2b: Rillaboom\n|-resisted|p2b: Rillaboom\n|-damage|p2b: Rillaboom|43\/100\n|move|p2a: Tornadus|Bleakwind Storm|p1b: Arcanine|[spread] p1a,p1b\n|-supereffective|p1a: Rillaboom\n|-resisted|p1b: Arcanine\n|-damage|p1a: Rillaboom|31\/100\n|-damage|p1b: Arcanine|89\/100\n|-unboost|p1a: Rillaboom|spe|1\n|-unboost|p1b: Arcanine|spe|1\n|\n|-weather|RainDance|[upkeep]\n|-heal|p2b: Rillaboom|49\/100|[from] Grassy Terrain\n|-heal|p1b: Arcanine|95\/100|[from] Grassy Terrain\n|-heal|p1a: Rillaboom|38\/100|[from] Grassy Terrain\n|upkeep\n|turn|6\n|\n|t:|1700946006\n|move|p1a: Rillaboom|Protect|p1a: Rillaboom\n|-singleturn|p1a: Rillaboom|Protect\n|move|p2b: Rillaboom|Fake Out|p1b: Arcanine\n|-resisted|p1b: Arcanine\n|-damage|p1b: Arcanine|88\/100\n|cant|p1b: Arcanine|flinch\n|move|p2a: Tornadus|Bleakwind Storm|p1b: Arcanine|[spread] p1b\n|-activate|p1a: Rillaboom|move: Protect\n|-resisted|p1b: Arcanine\n|-damage|p1b: Arcanine|76\/100\n|\n|-weather|RainDance|[upkeep]\n|-heal|p2b: Rillaboom|54\/100|[from] Grassy Terrain\n|-heal|p1b: Arcanine|82\/100|[from] Grassy Terrain\n|-heal|p1a: Rillaboom|44\/100|[from] Grassy Terrain\n|-sideend|p2: Triir|move: Tailwind\n|upkeep\n|turn|7\n|\n|t:|1700946025\n|move|p1b: Arcanine|Extreme Speed|p2b: Rillaboom\n|-damage|p2b: Rillaboom|30\/100\n|move|p2a: Tornadus|Tailwind|p2a: Tornadus\n|-sidestart|p2: Triir|move: Tailwind\n|move|p1a: Rillaboom|Grassy Glide|p2b: Rillaboom\n|-resisted|p2b: Rillaboom\n|-damage|p2b: Rillaboom|0 fnt\n|faint|p2b: Rillaboom\n|\n|-weather|RainDance|[upkeep]\n|-heal|p1b: Arcanine|88\/100|[from] Grassy Terrain\n|-heal|p1a: Rillaboom|50\/100|[from] Grassy Terrain\n|upkeep\n|\n|t:|1700946032\n|switch|p2b: Urshifu|Urshifu-Rapid-Strike, L50, M|100\/100\n|turn|8\n|\n|t:|1700946040\n|-terastallize|p2b: Urshifu|Poison\n|move|p2a: Tornadus|Protect|p2a: Tornadus\n|-singleturn|p2a: Tornadus|Protect\n|move|p1b: Arcanine|Extreme Speed|p2b: Urshifu\n|-damage|p2b: Urshifu|72\/100\n|move|p1a: Rillaboom|Grassy Glide|p2b: Urshifu\n|-resisted|p2b: Urshifu\n|-damage|p2b: Urshifu|43\/100\n|move|p2b: Urshifu|Close Combat|p1b: Arcanine\n|-supereffective|p1b: Arcanine\n|-damage|p1b: Arcanine|0 fnt\n|-unboost|p2b: Urshifu|def|1\n|-unboost|p2b: Urshifu|spd|1\n|faint|p1b: Arcanine\n|\n|-weather|none\n|-heal|p2b: Urshifu|49\/100|[from] Grassy Terrain\n|-heal|p1a: Rillaboom|56\/100|[from] Grassy Terrain\n|-fieldend|move: Grassy Terrain\n|upkeep\n|turn|9\n|\n|t:|1700946052\n|move|p2b: Urshifu|Close Combat|p1a: Rillaboom\n|-damage|p1a: Rillaboom|0 fnt\n|-unboost|p2b: Urshifu|def|1\n|-unboost|p2b: Urshifu|spd|1\n|faint|p1a: Rillaboom\n|\n|win|Triir\n|c|&|\/uhtml prompt-kyurembiancoetero,KyuremBiancoEtero is ready for game 2!\n|c|&|\/uhtml prompt-triir,Triir is ready for game 2!\nBoth players are ready! Starting next match!\n|l| Sicgatto\n|l|\u2606KyuremBiancoEtero\n","uploadtime":1700946257,"views":20,"p1id":"kyurembiancoetero","p2id":"triir","formatid":"gen9vgc2023regulatione","rating":0,"private":0,"password":""}