{"id":"gen9vgc2023regulatione-1992976374","p1":"MTT MTT","p2":"Speedo Ninja","format":"[Gen 9] VGC 2023 Regulation E","log":"|j|\u2606MTT MTT\n|j|\u203dSpeedo Ninja\n|t:|1700251970\n|gametype|doubles\n|player|p1|MTT MTT|veteran-gen4|1056\n|player|p2|Speedo Ninja|sisandbro|1051\n|teamsize|p1|6\n|teamsize|p2|6\n|gen|9\n|tier|[Gen 9] VGC 2023 Regulation E\n|rated|\n|rule|Species Clause: Limit one of each Pok\u00e9mon\n|rule|Item Clause: Limit one of each item\n|clearpoke\n|poke|p1|Iron Hands, L50|\n|poke|p1|Sinistcha-Masterpiece, L50|\n|poke|p1|Quagsire, L50, M|\n|poke|p1|Landorus-Therian, L50, M|\n|poke|p1|Regieleki, L50|\n|poke|p1|Clefairy, L50, F|\n|poke|p2|Oranguru, L50, M|\n|poke|p2|Electrode-Hisui, L50|\n|poke|p2|Rillaboom, L50, M|\n|poke|p2|Ursaluna-Bloodmoon, L50, M|\n|poke|p2|Poliwrath, L50, M|\n|poke|p2|Golem-Alola, L50, M|\n|teampreview|4\n|inactive|Battle timer is ON: inactive players will automatically lose when time's up. (requested by Speedo Ninja)\nMTT MTT rejected open team sheets.\n|inactive|MTT MTT has 60 seconds left.\n|\n|t:|1700252017\n|start\n|switch|p1a: Landorus|Landorus-Therian, L50, M|100\/100\n|switch|p1b: Regieleki|Regieleki, L50|100\/100\n|switch|p2a: Electrode|Electrode-Hisui, L50|100\/100\n|switch|p2b: Rillaboom|Rillaboom, L50, M|100\/100\n|-ability|p1a: Landorus|Intimidate|boost\n|-unboost|p2a: Electrode|atk|1\n|-unboost|p2b: Rillaboom|atk|1\n|-fieldstart|move: Grassy Terrain|[from] ability: Grassy Surge|[of] p2b: Rillaboom\n|turn|1\n|inactive|MTT MTT has 30 seconds left.\n|\n|t:|1700252048\n|-terastallize|p1b: Regieleki|Ice\n|move|p2b: Rillaboom|Fake Out|p1b: Regieleki\n|-damage|p1b: Regieleki|81\/100\n|cant|p1b: Regieleki|flinch\n|move|p1a: Landorus|Mud-Slap|p2a: Electrode\n|-damage|p2a: Electrode|89\/100\n|-unboost|p2a: Electrode|accuracy|1\n|move|p2a: Electrode|Chloroblast|p1a: Landorus|[miss]\n|-miss|p2a: Electrode|p1a: Landorus\n|\n|-heal|p1b: Regieleki|87\/100|[from] Grassy Terrain\n|-heal|p2a: Electrode|95\/100|[from] Grassy Terrain\n|upkeep\n|turn|2\n|inactive|Speedo Ninja has 30 seconds left.\n|inactive|Speedo Ninja has 20 seconds left.\n|inactive|Speedo Ninja has 15 seconds left.\n|inactive|Speedo Ninja has 10 seconds left.\n|\n|t:|1700252093\n|switch|p2a: Poliwrath|Poliwrath, L50, M|100\/100\n|move|p1b: Regieleki|Tera Blast|p2a: Poliwrath|[anim] Tera Blast Ice\n|-resisted|p2a: Poliwrath\n|-damage|p2a: Poliwrath|83\/100\n|move|p1a: Landorus|Mud-Slap|p2b: Rillaboom\n|-resisted|p2b: Rillaboom\n|-damage|p2b: Rillaboom|95\/100\n|-unboost|p2b: Rillaboom|accuracy|1\n|-enditem|p2b: Rillaboom|Eject Button\n|\n|t:|1700252112\n|switch|p2b: Ursaluna|Ursaluna-Bloodmoon, L50, M|100\/100\n|\n|-heal|p1b: Regieleki|93\/100|[from] Grassy Terrain\n|-heal|p2a: Poliwrath|89\/100|[from] Grassy Terrain\n|upkeep\n|turn|3\n|\n|t:|1700252132\n|-terastallize|p2b: Ursaluna|Fighting\n|move|p2b: Ursaluna|Vacuum Wave|p1b: Regieleki\n|-supereffective|p1b: Regieleki\n|-damage|p1b: Regieleki|0 fnt\n|faint|p1b: Regieleki\n|-damage|p2b: Ursaluna|91\/100|[from] item: Life Orb\n|move|p1a: Landorus|Mud-Slap|p2b: Ursaluna\n|-damage|p2b: Ursaluna|80\/100\n|move|p2a: Poliwrath|Hypnosis|p1a: Landorus\n|-status|p1a: Landorus|slp|[from] move: Hypnosis\n|\n|-heal|p2b: Ursaluna|86\/100|[from] Grassy Terrain\n|-heal|p2a: Poliwrath|95\/100|[from] Grassy Terrain\n|upkeep\n|c|\u2606MTT MTT|!dt mudslap\n|raw|<ul class=\"utilichart\"><li class=\"result\"><span class=\"col movenamecol\"><a href=\"https:\/\/dex.pokemonshowdown.com\/moves\/mudslap\">Mud-Slap<\/a><\/span> <span class=\"col typecol\"><img src=\"\/\/play.pokemonshowdown.com\/sprites\/types\/Ground.png\" alt=\"Ground\" width=\"32\" height=\"14\"><img src=\"\/\/play.pokemonshowdown.com\/sprites\/categories\/Special.png\" alt=\"Special\" width=\"32\" height=\"14\"><\/span> <span class=\"col labelcol\"><em>Power<\/em><br>20<\/span> <span class=\"col widelabelcol\"><em>Accuracy<\/em><br>100%<\/span> <span class=\"col pplabelcol\"><em>PP<\/em><br>16<\/span> <span class=\"col movedesccol\">100% chance to lower the target's accuracy by 1.<\/span> <\/li><li style=\"clear:both\"><\/li><\/ul>\n|raw|<font size=\"1\"><font color=\"#686868\">Priority:<\/font> 0&nbsp;|&ThickSpace;<font color=\"#686868\">Gen:<\/font> 2&nbsp;|&ThickSpace;&#10003; Boosted by Sheer Force&nbsp;|&ThickSpace;<font color=\"#686868\">Z-Power:<\/font> 100&nbsp;|&ThickSpace;<font color=\"#686868\">Dynamax Power:<\/font> 90&nbsp;|&ThickSpace;<font color=\"#686868\">Target:<\/font> One Adjacent Pok\u00e9mon<\/font>\n\n|inactive|MTT MTT has 30 seconds left.\n|c|\u2606MTT MTT|wait\n|c|\u2606MTT MTT|it didn't lower accuracy?\n|inactive|MTT MTT has 20 seconds left.\n|inactive|MTT MTT has 15 seconds left.\n|\n|t:|1700252173\n|switch|p1b: Clefairy|Clefairy, L50, F|100\/100\n|turn|4\n|inactive|Speedo Ninja has 30 seconds left.\n|\n|t:|1700252200\n|move|p1b: Clefairy|Protect|p1b: Clefairy\n|-singleturn|p1b: Clefairy|Protect\n|cant|p1a: Landorus|slp\n|move|p2b: Ursaluna|Blood Moon|p1a: Landorus\n|-damage|p1a: Landorus|0 fnt\n|faint|p1a: Landorus\n|-damage|p2b: Ursaluna|76\/100|[from] item: Life Orb\n|move|p2a: Poliwrath|Hypnosis|p1b: Clefairy\n|-activate|p1b: Clefairy|move: Protect\n|\n|-heal|p2b: Ursaluna|82\/100|[from] Grassy Terrain\n|-heal|p2a: Poliwrath|100\/100|[from] Grassy Terrain\n|upkeep\n|\n|t:|1700252211\n|switch|p1a: Quagsire|Quagsire, L50, M|100\/100\n|turn|5\n|\n|t:|1700252227\n|move|p1b: Clefairy|Follow Me|p1b: Clefairy\n|-singleturn|p1b: Clefairy|move: Follow Me\n|move|p2b: Ursaluna|Hyper Voice|p1b: Clefairy|[spread] p1a,p1b\n|-damage|p1a: Quagsire|51\/100\n|-damage|p1b: Clefairy|69\/100\n|-damage|p2b: Ursaluna|72\/100|[from] item: Life Orb\n|move|p2a: Poliwrath|Hypnosis|p1b: Clefairy\n|-status|p1b: Clefairy|slp|[from] move: Hypnosis\n|move|p1a: Quagsire|Toxic|p2b: Ursaluna\n|-status|p2b: Ursaluna|tox\n|\n|-heal|p2b: Ursaluna|78\/100 tox|[from] Grassy Terrain\n|-heal|p1b: Clefairy|76\/100 slp|[from] Grassy Terrain\n|-heal|p1a: Quagsire|57\/100|[from] Grassy Terrain\n|-heal|p1a: Quagsire|63\/100|[from] item: Leftovers\n|-damage|p2b: Ursaluna|72\/100 tox|[from] psn\n|-fieldend|move: Grassy Terrain\n|upkeep\n|turn|6\n|-message|MTT MTT forfeited.\n|\n|win|Speedo Ninja\n|raw|MTT MTT's rating: 1056 &rarr; <strong>1037<\/strong><br \/>(-19 for losing)\n|raw|Speedo Ninja's rating: 1051 &rarr; <strong>1084<\/strong><br \/>(+33 for winning)\n|l|\u2606MTT MTT\n","uploadtime":1700252249,"views":9,"p1id":"mttmtt","p2id":"speedoninja","formatid":"gen9vgc2023regulatione","rating":1037,"private":0,"password":""}