{"id":"gen9vgc2023regulatione-1990136530","p1":"kochung","p2":"Aquarsene","format":"[Gen 9] VGC 2023 Regulation E","log":"|j|\u2606kochung\n|j|\u2606Aquarsene\n|t:|1699928499\n|gametype|doubles\n|player|p1|kochung|169|1081\n|player|p2|Aquarsene|102|1068\n|teamsize|p1|6\n|teamsize|p2|6\n|gen|9\n|tier|[Gen 9] VGC 2023 Regulation E\n|rated|\n|rule|Species Clause: Limit one of each Pok\u00e9mon\n|rule|Item Clause: Limit one of each item\n|clearpoke\n|poke|p1|Gholdengo, L50|\n|poke|p1|Amoonguss, L50, M|\n|poke|p1|Arcanine-Hisui, L50, M|\n|poke|p1|Ogerpon-Wellspring, L50, F|\n|poke|p1|Dragonite, L50, M|\n|poke|p1|Landorus-Therian, L50, M|\n|poke|p2|Gholdengo, L50|\n|poke|p2|Murkrow, L50, M|\n|poke|p2|Great Tusk, L50|\n|poke|p2|Slowking, L50, F|\n|poke|p2|Hydreigon, L50, F|\n|poke|p2|Amoonguss, L50, F|\n|teampreview|4\n|\n|t:|1699928524\n|start\n|switch|p1a: Arcanine|Arcanine-Hisui, L50, M|100\/100\n|switch|p1b: Amoonguss|Amoonguss, L50, M, shiny|100\/100\n|switch|p2a: Sussy Baka|Amoonguss, L50, F|100\/100\n|switch|p2b: Gholdengo|Gholdengo, L50|100\/100\n|-ability|p1a: Arcanine|Intimidate|boost\n|-unboost|p2a: Sussy Baka|atk|1\n|-unboost|p2b: Gholdengo|atk|1\n|turn|1\n|\n|t:|1699928560\n|switch|p2b: Hydreigon|Hydreigon, L50, F|100\/100\n|-terastallize|p2a: Sussy Baka|Water\n|move|p1a: Arcanine|Flare Blitz|p2b: Hydreigon\n|-resisted|p2b: Hydreigon\n|-damage|p2b: Hydreigon|54\/100\n|-damage|p1a: Arcanine|85\/100|[from] Recoil\n|-damage|p1a: Arcanine|75\/100|[from] item: Life Orb\n|move|p2a: Sussy Baka|Spore|p1a: Arcanine\n|-status|p1a: Arcanine|slp|[from] move: Spore\n|move|p1b: Amoonguss|Pollen Puff|p1a: Arcanine\n|-heal|p1a: Arcanine|100\/100 slp\n|\n|upkeep\n|turn|2\n|\n|t:|1699928599\n|switch|p1a: Gholdengo|Gholdengo, L50|100\/100\n|move|p2a: Sussy Baka|Rage Powder|p2a: Sussy Baka\n|-singleturn|p2a: Sussy Baka|move: Rage Powder\n|move|p2b: Hydreigon|Dark Pulse|p1a: Gholdengo\n|-supereffective|p1a: Gholdengo\n|-damage|p1a: Gholdengo|0 fnt\n|faint|p1a: Gholdengo\n|-damage|p2b: Hydreigon|45\/100|[from] item: Life Orb\n|move|p1b: Amoonguss|Spore|p2b: Hydreigon\n|-status|p2b: Hydreigon|slp|[from] move: Spore\n|\n|upkeep\n|\n|t:|1699928612\n|switch|p1a: Ogerpon|Ogerpon-Wellspring, L50, F|100\/100\n|turn|3\n|\n|t:|1699928626\n|move|p1a: Ogerpon|Spiky Shield|p1a: Ogerpon\n|-singleturn|p1a: Ogerpon|move: Protect\n|cant|p2b: Hydreigon|slp\n|move|p2a: Sussy Baka|Pollen Puff|p2b: Hydreigon\n|-heal|p2b: Hydreigon|95\/100 slp\n|move|p1b: Amoonguss|Pollen Puff|p2b: Hydreigon\n|-supereffective|p2b: Hydreigon\n|-damage|p2b: Hydreigon|49\/100 slp\n|\n|upkeep\n|turn|4\n|\n|t:|1699928648\n|move|p1a: Ogerpon|Ivy Cudgel|p2b: Hydreigon\n|-resisted|p2b: Hydreigon\n|-damage|p2b: Hydreigon|17\/100 slp\n|cant|p2b: Hydreigon|slp\n|move|p2a: Sussy Baka|Pollen Puff|p2b: Hydreigon\n|-heal|p2b: Hydreigon|67\/100 slp\n|move|p1b: Amoonguss|Pollen Puff|p2b: Hydreigon\n|-supereffective|p2b: Hydreigon\n|-damage|p2b: Hydreigon|28\/100 slp\n|\n|upkeep\n|turn|5\n|\n|t:|1699928665\n|move|p1a: Ogerpon|Ivy Cudgel|p2b: Hydreigon\n|-resisted|p2b: Hydreigon\n|-damage|p2b: Hydreigon|0 fnt\n|faint|p2b: Hydreigon\n|move|p2a: Sussy Baka|Pollen Puff|p2: Hydreigon|[notarget]\n|-fail|p2a: Sussy Baka\n|move|p1b: Amoonguss|Pollen Puff|p2a: Sussy Baka\n|-damage|p2a: Sussy Baka|83\/100\n|\n|upkeep\n|\n|t:|1699928677\n|switch|p2b: Gholdengo|Gholdengo, L50|100\/100\n|turn|6\n|\n|t:|1699928712\n|switch|p1a: Arcanine|Arcanine-Hisui, L50, M|100\/100 slp\n|-ability|p1a: Arcanine|Intimidate|boost\n|-unboost|p2a: Sussy Baka|atk|1\n|-unboost|p2b: Gholdengo|atk|1\n|move|p1b: Amoonguss|Protect|p1b: Amoonguss\n|-singleturn|p1b: Amoonguss|Protect\n|move|p2b: Gholdengo|Nasty Plot|p2b: Gholdengo\n|-boost|p2b: Gholdengo|spa|2\n|move|p2a: Sussy Baka|Pollen Puff|p1a: Arcanine\n|-resisted|p1a: Arcanine\n|-damage|p1a: Arcanine|89\/100 slp\n|\n|upkeep\n|turn|7\n|\n|t:|1699928733\n|move|p1b: Amoonguss|Rage Powder|p1b: Amoonguss\n|-singleturn|p1b: Amoonguss|move: Rage Powder\n|cant|p1a: Arcanine|slp\n|move|p2b: Gholdengo|Make It Rain|p1b: Amoonguss|[spread] p1a,p1b\n|-damage|p1a: Arcanine|0 fnt\n|-damage|p1b: Amoonguss|20\/100\n|-unboost|p2b: Gholdengo|spa|1\n|-enditem|p1b: Amoonguss|Sitrus Berry|[eat]\n|-heal|p1b: Amoonguss|45\/100|[from] item: Sitrus Berry\n|faint|p1a: Arcanine\n|move|p2a: Sussy Baka|Pollen Puff|p1b: Amoonguss\n|-damage|p1b: Amoonguss|30\/100\n|\n|upkeep\n|\n|t:|1699928753\n|switch|p1a: Ogerpon|Ogerpon-Wellspring, L50, F|100\/100\n|turn|8\n|\n|t:|1699928781\n|-terastallize|p1a: Ogerpon|Water\n|detailschange|p1a: Ogerpon|Ogerpon-Wellspring-Tera, L50, F, tera:Water\n|-ability|p1a: Ogerpon|Embody Aspect (Wellspring)|boost\n|-boost|p1a: Ogerpon|spd|1\n|move|p1a: Ogerpon|Ivy Cudgel|p2b: Gholdengo\n|-damage|p2b: Gholdengo|33\/100\n|move|p2b: Gholdengo|Make It Rain|p1b: Amoonguss|[spread] p1a,p1b\n|-resisted|p1a: Ogerpon\n|-damage|p1a: Ogerpon|73\/100\n|-damage|p1b: Amoonguss|0 fnt\n|-unboost|p2b: Gholdengo|spa|1\n|faint|p1b: Amoonguss\n|move|p2a: Sussy Baka|Pollen Puff|p1a: Ogerpon\n|-crit|p1a: Ogerpon\n|-damage|p1a: Ogerpon|40\/100\n|\n|-heal|p2b: Gholdengo|39\/100|[from] item: Leftovers\n|upkeep\n|turn|9\n|\n|t:|1699928807\n|move|p1a: Ogerpon|Ivy Cudgel|p2b: Gholdengo\n|-crit|p2b: Gholdengo\n|-damage|p2b: Gholdengo|0 fnt\n|faint|p2b: Gholdengo\n|move|p2a: Sussy Baka|Pollen Puff|p2: Gholdengo|[notarget]\n|-fail|p2a: Sussy Baka\n|\n|upkeep\n|\n|t:|1699928813\n|switch|p2b: Slowking|Slowking, L50, F|100\/100\n|turn|10\n|\n|t:|1699928821\n|move|p1a: Ogerpon|Giga Drain|p2a: Sussy Baka\n|-supereffective|p2a: Sussy Baka\n|-damage|p2a: Sussy Baka|47\/100\n|-heal|p1a: Ogerpon|66\/100|[from] drain|[of] p2a: Sussy Baka\n|-enditem|p2a: Sussy Baka|Sitrus Berry|[eat]\n|-heal|p2a: Sussy Baka|71\/100|[from] item: Sitrus Berry\n|move|p2a: Sussy Baka|Spore|p1a: Ogerpon\n|-status|p1a: Ogerpon|slp|[from] move: Spore\n|move|p2b: Slowking|Scald|p1a: Ogerpon\n|-resisted|p1a: Ogerpon\n|-damage|p1a: Ogerpon|55\/100 slp\n|\n|upkeep\n|turn|11\n|\n|t:|1699928837\n|cant|p1a: Ogerpon|slp\n|move|p2a: Sussy Baka|Pollen Puff|p1a: Ogerpon\n|-crit|p1a: Ogerpon\n|-damage|p1a: Ogerpon|20\/100 slp\n|move|p2b: Slowking|Scald|p1a: Ogerpon\n|-resisted|p1a: Ogerpon\n|-damage|p1a: Ogerpon|9\/100 slp\n|\n|upkeep\n|turn|12\n|\n|t:|1699928848\n|cant|p1a: Ogerpon|slp\n|move|p2a: Sussy Baka|Pollen Puff|p1a: Ogerpon\n|-damage|p1a: Ogerpon|0 fnt\n|faint|p1a: Ogerpon\n|\n|win|Aquarsene\n|raw|kochung's rating: 1081 &rarr; <strong>1058<\/strong><br \/>(-23 for losing)\n|raw|Aquarsene's rating: 1068 &rarr; <strong>1099<\/strong><br \/>(+31 for winning)\n|c|\u2606Aquarsene|gg\n|l|\u2606kochung\n","uploadtime":1699928858,"views":6,"p1id":"kochung","p2id":"aquarsene","formatid":"gen9vgc2023regulatione","rating":1058,"private":0,"password":""}