{"id":"gen9vgc2023regulatione-1991008740","p1":"CharlienoB","p2":"jahoy","format":"[Gen 9] VGC 2023 Regulation E","log":"|j|\u2606CharlienoB\n|j|\u2606jahoy\n|t:|1700027173\n|gametype|doubles\n|player|p1|CharlienoB|169|1124\n|player|p2|jahoy|pokemaniac|1202\n|teamsize|p1|6\n|teamsize|p2|6\n|gen|9\n|tier|[Gen 9] VGC 2023 Regulation E\n|rated|\n|rule|Species Clause: Limit one of each Pok\u00e9mon\n|rule|Item Clause: Limit one of each item\n|clearpoke\n|poke|p1|Espathra, L50, F|\n|poke|p1|Clefairy, L50, M|\n|poke|p1|Gholdengo, L50|\n|poke|p1|Rillaboom, L50, M|\n|poke|p1|Arcanine-Hisui, L50, M|\n|poke|p1|Ogerpon-Wellspring, L50, F|\n|poke|p2|Gholdengo, L50|\n|poke|p2|Iron Hands, L50|\n|poke|p2|Amoonguss, L50, M|\n|poke|p2|Iron Bundle, L50|\n|poke|p2|Pelipper, L50, M|\n|poke|p2|Salamence, L50, F|\n|teampreview|4\n|inactive|Battle timer is ON: inactive players will automatically lose when time's up. (requested by jahoy)\n|inactive|jahoy has 60 seconds left.\n|inactive|jahoy has 30 seconds left.\n|\n|t:|1700027238\n|start\n|switch|p1a: Clefairy|Clefairy, L50, M|100\/100\n|switch|p1b: Gholdengo|Gholdengo, L50|100\/100\n|switch|p2a: Pelipper|Pelipper, L50, M|100\/100\n|switch|p2b: Salamence|Salamence, L50, F|100\/100\n|-ability|p2b: Salamence|Intimidate|boost\n|-unboost|p1a: Clefairy|atk|1\n|-unboost|p1b: Gholdengo|atk|1\n|-weather|RainDance|[from] ability: Drizzle|[of] p2a: Pelipper\n|turn|1\n|\n|t:|1700027258\n|move|p1a: Clefairy|Follow Me|p1a: Clefairy\n|-singleturn|p1a: Clefairy|move: Follow Me\n|move|p2b: Salamence|Tailwind|p2b: Salamence\n|-sidestart|p2: jahoy|move: Tailwind\n|move|p2a: Pelipper|Weather Ball|p1a: Clefairy\n|-damage|p1a: Clefairy|55\/100\n|move|p1b: Gholdengo|Nasty Plot|p1b: Gholdengo\n|-boost|p1b: Gholdengo|spa|2\n|\n|-weather|RainDance|[upkeep]\n|upkeep\n|turn|2\n|\n|t:|1700027279\n|switch|p2b: Gholdengo|Gholdengo, L50|100\/100\n|-terastallize|p1a: Clefairy|Water\n|move|p2a: Pelipper|Wide Guard|p2a: Pelipper\n|-singleturn|p2a: Pelipper|Wide Guard\n|move|p1a: Clefairy|Follow Me|p1a: Clefairy\n|-singleturn|p1a: Clefairy|move: Follow Me\n|move|p1b: Gholdengo|Make It Rain|p2b: Gholdengo|[spread] \n|-activate|p2a: Pelipper|move: Wide Guard\n|-activate|p2b: Gholdengo|move: Wide Guard\n|\n|-weather|RainDance|[upkeep]\n|upkeep\n|turn|3\n|inactive|CharlienoB has 30 seconds left.\n|inactive|jahoy has 30 seconds left.\n|inactive|jahoy has 20 seconds left.\n|inactive|jahoy has 15 seconds left.\n|inactive|jahoy has 10 seconds left.\n|\n|t:|1700027328\n|move|p1a: Clefairy|Follow Me|p1a: Clefairy\n|-singleturn|p1a: Clefairy|move: Follow Me\n|move|p2b: Gholdengo|Shadow Ball|p1a: Clefairy\n|-damage|p1a: Clefairy|21\/100\n|move|p2a: Pelipper|Hurricane|p1a: Clefairy\n|-damage|p1a: Clefairy|0 fnt\n|faint|p1a: Clefairy\n|move|p1b: Gholdengo|Shadow Ball|p2b: Gholdengo\n|-supereffective|p2b: Gholdengo\n|-damage|p2b: Gholdengo|0 fnt\n|faint|p2b: Gholdengo\n|\n|-weather|RainDance|[upkeep]\n|upkeep\n|\n|t:|1700027346\n|switch|p2b: Salamence|Salamence, L50, F|100\/100\n|switch|p1a: Espathra|Espathra, L50, F|100\/100\n|-ability|p2b: Salamence|Intimidate|boost\n|-unboost|p1a: Espathra|atk|1\n|-unboost|p1b: Gholdengo|atk|1\n|turn|4\n|\n|t:|1700027364\n|move|p1b: Gholdengo|Protect|p1b: Gholdengo\n|-singleturn|p1b: Gholdengo|Protect\n|move|p1a: Espathra|Protect|p1a: Espathra\n|-singleturn|p1a: Espathra|Protect\n|move|p2b: Salamence|Draco Meteor|p1b: Gholdengo\n|-activate|p1b: Gholdengo|move: Protect\n|move|p2a: Pelipper|Hurricane|p1b: Gholdengo\n|-activate|p1b: Gholdengo|move: Protect\n|\n|-weather|RainDance|[upkeep]\n|-sideend|p2: jahoy|move: Tailwind\n|-ability|p1a: Espathra|Speed Boost|boost\n|-boost|p1a: Espathra|spe|1\n|upkeep\n|turn|5\n|\n|t:|1700027387\n|switch|p2b: Iron Bundle|Iron Bundle, L50|100\/100\n|-enditem|p2b: Iron Bundle|Booster Energy\n|-activate|p2b: Iron Bundle|ability: Quark Drive|[fromitem]\n|-start|p2b: Iron Bundle|quarkdrivespe\n|move|p2a: Pelipper|Wide Guard|p2a: Pelipper\n|-singleturn|p2a: Pelipper|Wide Guard\n|move|p1a: Espathra|Calm Mind|p1a: Espathra\n|-boost|p1a: Espathra|spa|1\n|-boost|p1a: Espathra|spd|1\n|move|p1b: Gholdengo|Shadow Ball|p2b: Iron Bundle\n|-damage|p2b: Iron Bundle|0 fnt\n|faint|p2b: Iron Bundle\n|-end|p2b: Iron Bundle|Quark Drive|[silent]\n|\n|-weather|none\n|-ability|p1a: Espathra|Speed Boost|boost\n|-boost|p1a: Espathra|spe|1\n|upkeep\n|\n|t:|1700027401\n|switch|p2b: Salamence|Salamence, L50, F|100\/100\n|-ability|p2b: Salamence|Intimidate|boost\n|-unboost|p1a: Espathra|atk|1\n|-unboost|p1b: Gholdengo|atk|1\n|turn|6\n|\n|t:|1700027421\n|move|p2a: Pelipper|Protect||[still]\n|-fail|p2a: Pelipper\n|move|p1a: Espathra|Lumina Crash|p2b: Salamence\n|-damage|p2b: Salamence|50\/100\n|-unboost|p2b: Salamence|spd|2\n|move|p2b: Salamence|Air Slash|p1b: Gholdengo\n|-resisted|p1b: Gholdengo\n|-damage|p1b: Gholdengo|81\/100\n|move|p1b: Gholdengo|Shadow Ball|p2b: Salamence\n|-crit|p2b: Salamence\n|-damage|p2b: Salamence|0 fnt\n|faint|p2b: Salamence\n|\n|-heal|p1b: Gholdengo|88\/100|[from] item: Leftovers\n|-ability|p1a: Espathra|Speed Boost|boost\n|-boost|p1a: Espathra|spe|1\n|upkeep\n|turn|7\n|-message|jahoy forfeited.\n|\n|win|CharlienoB\n|raw|CharlienoB's rating: 1124 &rarr; <strong>1155<\/strong><br \/>(+31 for winning)\n|raw|jahoy's rating: 1202 &rarr; <strong>1171<\/strong><br \/>(-31 for losing)\n|l|\u2606jahoy\n","uploadtime":1700027443,"views":9,"p1id":"charlienob","p2id":"jahoy","formatid":"gen9vgc2023regulatione","rating":1155,"private":0,"password":""}