{"id":"gen9vgc2023regulatione-1996508831","p1":"arnauito_77","p2":"Restgo","format":"[Gen 9] VGC 2023 Regulation E","log":"|j|\u2606arnauito_77\n|j|\u2606Restgo\n|n|\u2606arnauito_77|arnauito77\n|n|\u2606Restgo|restgo\n|html|View the match progress at <a href=\"\/game-bestof3-gen9vgc2023regulatione-1996500891\">game-bestof3-gen9vgc2023regulatione-1996500891<\/a>\n|t:|1700688931\n|gametype|doubles\n|player|p1|arnauito_77|lucas|\n|player|p2|Restgo|hilbert-masters|\n|teamsize|p1|6\n|teamsize|p2|6\n|gen|9\n|tier|[Gen 9] VGC 2023 Regulation E\n|rule|Species Clause: Limit one of each Pok\u00e9mon\n|rule|Item Clause: Limit one of each item\n|clearpoke\n|poke|p1|Tornadus, L50, M|\n|poke|p1|Urshifu-*, L50, M|\n|poke|p1|Arcanine-Hisui, L50, M|\n|poke|p1|Rillaboom, L50, F|\n|poke|p1|Flutter Mane, L50|\n|poke|p1|Iron Hands, L50|\n|poke|p2|Mandibuzz, L50, F|\n|poke|p2|Iron Hands, L50|\n|poke|p2|Arcanine, L50, M|\n|poke|p2|Flutter Mane, L50|\n|poke|p2|Dondozo, L50, M|\n|poke|p2|Rillaboom, L50, M|\n|teampreview|4\nRestgo has agreed to open team sheets.\n|j| dxrodd\narnauito_77 has agreed to open team sheets.\n|showteam|p1|Tornadus||RockyHelmet|Prankster|Tailwind,BleakwindStorm,Protect,RainDance|||M|||50|,,,,,Ghost]Urshifu-Rapid-Strike||ChoiceScarf|UnseenFist|Uturn,CloseCombat,SurgingStrikes,AquaJet|||M|||50|,,,,,Water]Arcanine-Hisui||ChoiceBand|Intimidate|FlareBlitz,RockSlide,TeraBlast,ExtremeSpeed|||M|||50|,,,,,Fairy]Rillaboom||MiracleSeed|GrassySurge|FakeOut,WoodHammer,HighHorsepower,GrassyGlide|||F|||50|,,,,,Poison]Flutter Mane||BoosterEnergy|Protosynthesis|Protect,DazzlingGleam,Moonblast,ShadowBall||||||50|,,,,,Fairy]Iron Hands||AssaultVest|QuarkDrive|FakeOut,DrainPunch,WildCharge,HeavySlam||||||50|,,,,,Fire\n|showteam|p2|Mandibuzz||RockyHelmet|Overcoat|Tailwind,Taunt,Snarl,FoulPlay|||F|||50|,,,,,Ghost]Iron Hands||AssaultVest|QuarkDrive|WildCharge,DrainPunch,IcePunch,FakeOut||||||50|,,,,,Fire]Arcanine||SitrusBerry|Intimidate|Howl,WillOWisp,FlareBlitz,Protect|||M|||50|,,,,,Water]Flutter Mane||ChoiceSpecs|Protosynthesis|DazzlingGleam,Moonblast,ShadowBall,Psyshock||||||50|,,,,,Fairy]Dondozo||Leftovers|Oblivious|Protect,Yawn,WaveCrash,HeavySlam|||M|||50|,,,,,Poison]Rillaboom||MiracleSeed|GrassySurge|FakeOut,WoodHammer,GrassyGlide,HighHorsepower|||M|||50|,,,,,Poison\n|inactive|Battle timer is ON: inactive players will automatically lose when time's up. (requested by Restgo)\n|\n|t:|1700689016\n|start\n|switch|p1a: Rillaboom|Rillaboom, L50, F|100\/100\n|switch|p1b: Arcanine|Arcanine-Hisui, L50, M|100\/100\n|switch|p2a: Rillaboom|Rillaboom, L50, M|100\/100\n|switch|p2b: Dondozo|Dondozo, L50, M|100\/100\n|-ability|p1b: Arcanine|Intimidate|boost\n|-unboost|p2a: Rillaboom|atk|1\n|-fail|p2b: Dondozo|unboost|Attack|[from] ability: Oblivious|[of] p2b: Dondozo\n|-fieldstart|move: Grassy Terrain|[from] ability: Grassy Surge|[of] p1a: Rillaboom\n|turn|1\n|inactive|arnauito_77 has 30 seconds left.\n|inactive|Restgo has 30 seconds left.\n|inactive|arnauito_77 has 20 seconds left.\n|inactive|arnauito_77 has 15 seconds left.\n|inactive|arnauito_77 has 10 seconds left.\n|j| PokeVic07\n|inactive|arnauito_77 has 5 seconds left.\n|\n|t:|1700689067\n|switch|p2a: MonoGordo|Iron Hands, L50|100\/100\n|-terastallize|p1b: Arcanine|Fairy\n|move|p2b: Dondozo|Protect|p2b: Dondozo\n|-singleturn|p2b: Dondozo|Protect\n|move|p1a: Rillaboom|Fake Out|p2a: MonoGordo\n|-damage|p2a: MonoGordo|91\/100\n|move|p1b: Arcanine|Rock Slide|p2a: MonoGordo|[spread] p2a\n|-activate|p2b: Dondozo|move: Protect\n|-resisted|p2a: MonoGordo\n|-damage|p2a: MonoGordo|76\/100\n|\n|-heal|p2a: MonoGordo|83\/100|[from] Grassy Terrain\n|upkeep\n|turn|2\n|inactive|arnauito_77 has 30 seconds left.\n|inactive|arnauito_77 has 20 seconds left.\n|inactive|arnauito_77 has 15 seconds left.\n|inactive|arnauito_77 has 10 seconds left.\n|inactive|arnauito_77 has 5 seconds left.\n|\n|t:|1700689119\n|move|p2a: MonoGordo|Fake Out|p1a: Rillaboom\n|-damage|p1a: Rillaboom|87\/100\n|move|p1b: Arcanine|Rock Slide|p2b: Dondozo|[spread] p2b\n|-miss|p1b: Arcanine|p2a: MonoGordo\n|-damage|p2b: Dondozo|75\/100\n|cant|p1a: Rillaboom|flinch\n|cant|p2b: Dondozo|flinch\n|\n|-heal|p1a: Rillaboom|93\/100|[from] Grassy Terrain\n|-heal|p2a: MonoGordo|89\/100|[from] Grassy Terrain\n|-heal|p2b: Dondozo|82\/100|[from] Grassy Terrain\n|-heal|p2b: Dondozo|88\/100|[from] item: Leftovers\n|upkeep\n|turn|3\n|inactive|arnauito_77 has 30 seconds left.\n|inactive|arnauito_77 has 20 seconds left.\n|inactive|arnauito_77 has 15 seconds left.\n|inactive|arnauito_77 has 10 seconds left.\n|inactive|arnauito_77 has 5 seconds left.\n|\n|t:|1700689172\n|switch|p2b: Rillaboom|Rillaboom, L50, M|100\/100\n|move|p1b: Arcanine|Rock Slide|p2b: Rillaboom|[spread] p2a,p2b\n|-resisted|p2a: MonoGordo\n|-damage|p2a: MonoGordo|75\/100\n|-damage|p2b: Rillaboom|61\/100\n|move|p1a: Rillaboom|Wood Hammer|p2b: Rillaboom\n|-resisted|p2b: Rillaboom\n|-damage|p2b: Rillaboom|16\/100\n|-damage|p1a: Rillaboom|78\/100|[from] Recoil\n|cant|p2a: MonoGordo|flinch\n|\n|-heal|p1a: Rillaboom|85\/100|[from] Grassy Terrain\n|-heal|p2b: Rillaboom|22\/100|[from] Grassy Terrain\n|-heal|p2a: MonoGordo|81\/100|[from] Grassy Terrain\n|upkeep\n|turn|4\n|inactive|arnauito_77 has 30 seconds left.\n|inactive|Restgo has 30 seconds left.\n|inactive|arnauito_77 has 20 seconds left.\n|inactive|Restgo has 20 seconds left.\n|\n|t:|1700689211\n|move|p2b: Rillaboom|Fake Out|p1a: Rillaboom\n|-damage|p1a: Rillaboom|72\/100\n|move|p1b: Arcanine|Rock Slide|p2a: MonoGordo|[spread] p2b\n|-miss|p1b: Arcanine|p2a: MonoGordo\n|-damage|p2b: Rillaboom|0 fnt\n|faint|p2b: Rillaboom\n|cant|p1a: Rillaboom|flinch\n|move|p2a: MonoGordo|Ice Punch|p2: Rillaboom|[notarget]\n|-fail|p2a: MonoGordo\n|\n|-heal|p1a: Rillaboom|78\/100|[from] Grassy Terrain\n|-heal|p2a: MonoGordo|88\/100|[from] Grassy Terrain\n|upkeep\n|\n|t:|1700689225\n|switch|p2b: Arcanine|Arcanine, L50, M|100\/100\n|-ability|p2b: Arcanine|Intimidate|boost\n|-unboost|p1a: Rillaboom|atk|1\n|-unboost|p1b: Arcanine|atk|1\n|turn|5\n|inactive|arnauito_77 has 30 seconds left.\n|inactive|arnauito_77 has 20 seconds left.\n|inactive|arnauito_77 has 15 seconds left.\n|inactive|arnauito_77 has 10 seconds left.\n|\n|t:|1700689270\n|move|p2b: Arcanine|Will-O-Wisp|p1b: Arcanine\n|-status|p1b: Arcanine|brn\n|move|p1b: Arcanine|Rock Slide|p2b: Arcanine|[spread] p2a,p2b\n|-resisted|p2a: MonoGordo\n|-supereffective|p2b: Arcanine\n|-damage|p2a: MonoGordo|83\/100\n|-damage|p2b: Arcanine|73\/100\n|move|p1a: Rillaboom|High Horsepower|p2b: Arcanine\n|-supereffective|p2b: Arcanine\n|-damage|p2b: Arcanine|25\/100\n|-enditem|p2b: Arcanine|Sitrus Berry|[eat]\n|-heal|p2b: Arcanine|50\/100|[from] item: Sitrus Berry\n|move|p2a: MonoGordo|Ice Punch|p1a: Rillaboom\n|-supereffective|p1a: Rillaboom\n|-damage|p1a: Rillaboom|30\/100\n|\n|-heal|p2b: Arcanine|57\/100|[from] Grassy Terrain\n|-heal|p1a: Rillaboom|36\/100|[from] Grassy Terrain\n|-heal|p2a: MonoGordo|89\/100|[from] Grassy Terrain\n|-damage|p1b: Arcanine|95\/100 brn|[from] brn\n|-fieldend|move: Grassy Terrain\n|upkeep\n|turn|6\n|inactive|arnauito_77 has 30 seconds left.\n|inactive|Restgo has 30 seconds left.\n|inactive|arnauito_77 has 20 seconds left.\n|inactive|Restgo has 20 seconds left.\n|inactive|arnauito_77 has 15 seconds left.\n|inactive|Restgo has 15 seconds left.\n|\n|t:|1700689313\n|-end|p2a: MonoGordo|Quark Drive|[silent]\n|switch|p2a: Dondozo|Dondozo, L50, M|88\/100\n|move|p2b: Arcanine|Flare Blitz|p1a: Rillaboom\n|-supereffective|p1a: Rillaboom\n|-crit|p1a: Rillaboom\n|-damage|p1a: Rillaboom|0 fnt\n|faint|p1a: Rillaboom\n|-damage|p2b: Arcanine|45\/100|[from] Recoil\n|move|p1b: Arcanine|Rock Slide|p2b: Arcanine|[spread] p2a,p2b\n|-supereffective|p2b: Arcanine\n|-damage|p2a: Dondozo|80\/100\n|-damage|p2b: Arcanine|18\/100\n|\n|-heal|p2a: Dondozo|86\/100|[from] item: Leftovers\n|-damage|p1b: Arcanine|89\/100 brn|[from] brn\n|upkeep\n|\n|t:|1700689331\n|switch|p1a: Flutter Mane|Flutter Mane, L50|100\/100\n|-enditem|p1a: Flutter Mane|Booster Energy\n|-activate|p1a: Flutter Mane|ability: Protosynthesis|[fromitem]\n|-start|p1a: Flutter Mane|protosynthesisspa\n|turn|7\n|\n|t:|1700689351\n|move|p1a: Flutter Mane|Protect|p1a: Flutter Mane\n|-singleturn|p1a: Flutter Mane|Protect\n|move|p2b: Arcanine|Flare Blitz|p1a: Flutter Mane\n|-activate|p1a: Flutter Mane|move: Protect\n|move|p1b: Arcanine|Rock Slide|p2a: Dondozo|[spread] p2a,p2b\n|-supereffective|p2b: Arcanine\n|-damage|p2a: Dondozo|78\/100\n|-damage|p2b: Arcanine|0 fnt\n|faint|p2b: Arcanine\n|move|p2a: Dondozo|Heavy Slam|p1a: Flutter Mane\n|-activate|p1a: Flutter Mane|move: Protect\n|\n|-heal|p2a: Dondozo|85\/100|[from] item: Leftovers\n|-damage|p1b: Arcanine|83\/100 brn|[from] brn\n|upkeep\n|\n|t:|1700689353\n|switch|p2b: MonoGordo|Iron Hands, L50|89\/100\n|turn|8\n|inactive|arnauito_77 has 30 seconds left.\n|inactive|Restgo has 30 seconds left.\n|inactive|arnauito_77 has 20 seconds left.\n|inactive|Restgo has 20 seconds left.\n|inactive|arnauito_77 has 15 seconds left.\n|inactive|Restgo has 15 seconds left.\n|inactive|arnauito_77 has 10 seconds left.\n|inactive|Restgo has 10 seconds left.\n|inactive|arnauito_77 has 5 seconds left.\n|\n|t:|1700689408\n|move|p1a: Flutter Mane|Moonblast|p2b: MonoGordo\n|-supereffective|p2b: MonoGordo\n|-damage|p2b: MonoGordo|15\/100\n|move|p1b: Arcanine|Rock Slide|p2a: Dondozo|[spread] p2a,p2b\n|-resisted|p2b: MonoGordo\n|-damage|p2a: Dondozo|77\/100\n|-damage|p2b: MonoGordo|11\/100\n|move|p2b: MonoGordo|Wild Charge|p1a: Flutter Mane\n|-damage|p1a: Flutter Mane|28\/100\n|-damage|p2b: MonoGordo|0 fnt|[from] Recoil\n|faint|p2b: MonoGordo\n|-end|p2b: MonoGordo|Quark Drive|[silent]\n|move|p2a: Dondozo|Heavy Slam|p1a: Flutter Mane\n|-supereffective|p1a: Flutter Mane\n|-damage|p1a: Flutter Mane|0 fnt\n|faint|p1a: Flutter Mane\n|-end|p1a: Flutter Mane|Protosynthesis|[silent]\n|\n|-heal|p2a: Dondozo|83\/100|[from] item: Leftovers\n|-damage|p1b: Arcanine|77\/100 brn|[from] brn\n|upkeep\n|\n|t:|1700689422\n|switch|p1a: Urshifu|Urshifu-Rapid-Strike, L50, M|100\/100\n|turn|9\n|\n|t:|1700689443\n|-terastallize|p2a: Dondozo|Poison\n|move|p1a: Urshifu|Close Combat|p2a: Dondozo\n|-resisted|p2a: Dondozo\n|-damage|p2a: Dondozo|65\/100\n|-unboost|p1a: Urshifu|def|1\n|-unboost|p1a: Urshifu|spd|1\n|move|p1b: Arcanine|Rock Slide|p2a: Dondozo\n|-damage|p2a: Dondozo|53\/100\n|move|p2a: Dondozo|Yawn|p1a: Urshifu\n|-start|p1a: Urshifu|move: Yawn|[of] p2a: Dondozo\n|\n|-heal|p2a: Dondozo|59\/100|[from] item: Leftovers\n|-damage|p1b: Arcanine|71\/100 brn|[from] brn\n|upkeep\n|turn|10\n|\n|t:|1700689460\n|move|p2a: Dondozo|Protect|p2a: Dondozo\n|-singleturn|p2a: Dondozo|Protect\n|move|p1a: Urshifu|Close Combat|p2a: Dondozo\n|-resisted|p2a: Dondozo\n|-damage|p2a: Dondozo|41\/100\n|-unboost|p1a: Urshifu|def|1\n|-unboost|p1a: Urshifu|spd|1\n|move|p1b: Arcanine|Rock Slide|p2a: Dondozo\n|-activate|p2a: Dondozo|move: Protect\n|\n|-heal|p2a: Dondozo|48\/100|[from] item: Leftovers\n|-damage|p1b: Arcanine|65\/100 brn|[from] brn\n|-end|p1a: Urshifu|move: Yawn|[silent]\n|-status|p1a: Urshifu|slp\n|upkeep\n|turn|11\n|inactive|arnauito_77 has 30 seconds left.\n|\n|t:|1700689475\n|cant|p1a: Urshifu|slp\n|move|p1b: Arcanine|Rock Slide|p2a: Dondozo\n|-damage|p2a: Dondozo|35\/100\n|move|p2a: Dondozo|Wave Crash|p1a: Urshifu\n|-resisted|p1a: Urshifu\n|-damage|p1a: Urshifu|59\/100 slp\n|-damage|p2a: Dondozo|25\/100|[from] Recoil\n|\n|-heal|p2a: Dondozo|31\/100|[from] item: Leftovers\n|-damage|p1b: Arcanine|59\/100 brn|[from] brn\n|upkeep\n|turn|12\n|inactive|arnauito_77 has 25 seconds left this turn.\n|inactive|arnauito_77 has 20 seconds left.\n|inactive|arnauito_77 has 15 seconds left.\n|\n|t:|1700689489\n|cant|p1a: Urshifu|slp\n|move|p1b: Arcanine|Rock Slide|p2a: Dondozo\n|-crit|p2a: Dondozo\n|-damage|p2a: Dondozo|4\/100\n|cant|p2a: Dondozo|flinch\n|\n|-heal|p2a: Dondozo|10\/100|[from] item: Leftovers\n|-damage|p1b: Arcanine|53\/100 brn|[from] brn\n|upkeep\n|turn|13\n|inactive|arnauito_77 has 15 seconds left this turn.\n|inactive|arnauito_77 has 10 seconds left.\n|inactive|arnauito_77 has 5 seconds left.\n|\n|t:|1700689500\n|-curestatus|p1a: Urshifu|slp|[msg]\n|move|p1a: Urshifu|Close Combat|p2a: Dondozo\n|-resisted|p2a: Dondozo\n|-damage|p2a: Dondozo|0 fnt\n|-unboost|p1a: Urshifu|def|1\n|-unboost|p1a: Urshifu|spd|1\n|faint|p2a: Dondozo\n|\n|win|arnauito_77\n|inactive|arnauito_77 has 5 seconds left this turn.\n","uploadtime":1700689515,"views":1,"p1id":"arnauito77","p2id":"restgo","formatid":"gen9vgc2023regulatione","rating":0,"private":0,"password":""}