{"id":"gen9vgc2023regulatione-1994555585","p1":"fiirrreeee!","p2":"biei525","format":"[Gen 9] VGC 2023 Regulation E","log":"|j|\u2606fiirrreeee!\n|j|\u2606biei525\n|t:|1700459167\n|gametype|doubles\n|player|p1|fiirrreeee!|n|1478\n|player|p2|biei525|lillie-z|1446\n|teamsize|p1|6\n|teamsize|p2|6\n|gen|9\n|tier|[Gen 9] VGC 2023 Regulation E\n|rated|\n|rule|Species Clause: Limit one of each Pok\u00e9mon\n|rule|Item Clause: Limit one of each item\n|clearpoke\n|poke|p1|Amoonguss, L50, F|\n|poke|p1|Gholdengo, L50|\n|poke|p1|Landorus-Therian, L50, M|\n|poke|p1|Iron Hands, L50|\n|poke|p1|Ogerpon-Hearthflame, L50, F|\n|poke|p1|Roaring Moon, L50|\n|poke|p2|Pelipper, L50, M|\n|poke|p2|Sylveon, L50, M|\n|poke|p2|Torkoal, L50, M|\n|poke|p2|Oranguru, L50, M|\n|poke|p2|Sableye, L50, F|\n|poke|p2|Lurantis, L50, M|\n|teampreview|4\n|\n|t:|1700459220\n|start\n|switch|p1a: Gholdengo|Gholdengo, L50|100\/100\n|switch|p1b: Roaring Moon|Roaring Moon, L50|100\/100\n|switch|p2a: Sableye|Sableye, L50, F|100\/100\n|switch|p2b: Sylveon|Sylveon, L50, M|100\/100\n|-enditem|p1b: Roaring Moon|Booster Energy\n|-activate|p1b: Roaring Moon|ability: Protosynthesis|[fromitem]\n|-start|p1b: Roaring Moon|protosynthesisspe\n|turn|1\n|j| meowmeowjoe\n|\n|t:|1700459256\n|-terastallize|p2b: Sylveon|Fire\n|move|p2a: Sableye|Fake Out|p1b: Roaring Moon\n|-damage|p1b: Roaring Moon|91\/100\n|cant|p1b: Roaring Moon|flinch\n|move|p1a: Gholdengo|Nasty Plot|p1a: Gholdengo\n|-boost|p1a: Gholdengo|spa|2\n|move|p2b: Sylveon|Hyper Voice|p1b: Roaring Moon|[spread] p1a,p1b\n|-resisted|p1a: Gholdengo\n|-supereffective|p1b: Roaring Moon\n|-damage|p1a: Gholdengo|81\/100\n|-damage|p1b: Roaring Moon|0 fnt\n|faint|p1b: Roaring Moon\n|-end|p1b: Roaring Moon|Protosynthesis|[silent]\n|-enditem|p2b: Sylveon|Throat Spray\n|-boost|p2b: Sylveon|spa|1|[from] item: Throat Spray\n|\n|-heal|p1a: Gholdengo|88\/100|[from] item: Leftovers\n|upkeep\n|\n|t:|1700459296\n|switch|p1b: Ogerpon|Ogerpon-Hearthflame, L50, F|100\/100\n|-ability|p1b: Ogerpon|Mold Breaker\n|turn|2\n|\n|t:|1700459323\n|-terastallize|p1b: Ogerpon|Fire\n|detailschange|p1b: Ogerpon|Ogerpon-Hearthflame-Tera, L50, F, tera:Fire\n|-ability|p1b: Ogerpon|Embody Aspect (Hearthflame)|boost\n|-boost|p1b: Ogerpon|atk|1\n|move|p1a: Gholdengo|Protect|p1a: Gholdengo\n|-singleturn|p1a: Gholdengo|Protect\n|move|p2a: Sableye|Reflect|p2a: Sableye\n|-sidestart|p2: biei525|Reflect\n|move|p1b: Ogerpon|Ivy Cudgel|p2a: Sableye|[anim] Ivy Cudgel Fire\n|-enditem|p2a: Sableye|Focus Sash\n|-damage|p2a: Sableye|1\/100\n|move|p2b: Sylveon|Tera Blast|p1a: Gholdengo|[anim] Tera Blast Fire\n|-activate|p1a: Gholdengo|move: Protect\n|\n|-heal|p1a: Gholdengo|94\/100|[from] item: Leftovers\n|upkeep\n|turn|3\n|\n|t:|1700459363\n|switch|p1a: Iron Hands|Iron Hands, L50|100\/100\n|move|p2a: Sableye|Encore|p2b: Sylveon\n|-start|p2b: Sylveon|Encore\n|move|p2b: Sylveon|Tera Blast|p1b: Ogerpon|[anim] Tera Blast Fire\n|-resisted|p1b: Ogerpon\n|-damage|p1b: Ogerpon|67\/100\n|move|p1b: Ogerpon|Swords Dance|p1b: Ogerpon\n|-boost|p1b: Ogerpon|atk|2\n|\n|upkeep\n|turn|4\n|\n|t:|1700459392\n|move|p1a: Iron Hands|Fake Out|p2b: Sylveon\n|-damage|p2b: Sylveon|88\/100\n|move|p2a: Sableye|Encore|p1b: Ogerpon\n|-start|p1b: Ogerpon|Encore\n|move|p1b: Ogerpon|Swords Dance|p1b: Ogerpon\n|-boost|p1b: Ogerpon|atk|2\n|cant|p2b: Sylveon|flinch\n|\n|upkeep\n|turn|5\n|\n|t:|1700459410\n|switch|p2b: Oranguru|Oranguru, L50, M|100\/100\n|-end|p1a: Iron Hands|Quark Drive|[silent]\n|switch|p1a: Gholdengo|Gholdengo, L50|94\/100\n|move|p2a: Sableye|Encore|p1a: Gholdengo\n|-immune|p1a: Gholdengo|[from] ability: Good as Gold\n|move|p1b: Ogerpon|Swords Dance|p1b: Ogerpon\n|-boost|p1b: Ogerpon|atk|1\n|\n|-heal|p1a: Gholdengo|99\/100|[from] item: Leftovers\n|upkeep\n|turn|6\n|\n|t:|1700459425\n|move|p2a: Sableye|Light Screen|p2a: Sableye\n|-sidestart|p2: biei525|move: Light Screen\n|move|p1b: Ogerpon|Swords Dance|p1b: Ogerpon\n|-boost|p1b: Ogerpon|atk|0\n|move|p1a: Gholdengo|Nasty Plot|p1a: Gholdengo\n|-boost|p1a: Gholdengo|spa|2\n|move|p2b: Oranguru|Trick Room|p2b: Oranguru\n|-fieldstart|move: Trick Room|[of] p2b: Oranguru\n|\n|-heal|p1a: Gholdengo|100\/100|[from] item: Leftovers\n|-end|p1b: Ogerpon|Encore\n|-sideend|p2: biei525|Reflect\n|upkeep\n|turn|7\n|\n|t:|1700459457\n|switch|p1b: Iron Hands|Iron Hands, L50|100\/100\n|move|p2a: Sableye|Encore||[still]\n|-fail|p2a: Sableye\n|move|p2b: Oranguru|Foul Play|p1a: Gholdengo\n|-supereffective|p1a: Gholdengo\n|-damage|p1a: Gholdengo|81\/100\n|move|p1a: Gholdengo|Nasty Plot|p1a: Gholdengo\n|-boost|p1a: Gholdengo|spa|2\n|\n|-heal|p1a: Gholdengo|87\/100|[from] item: Leftovers\n|upkeep\n|turn|8\n|\n|t:|1700459490\n|-end|p1b: Iron Hands|Quark Drive|[silent]\n|switch|p1b: Ogerpon|Ogerpon-Hearthflame-Tera, L50, F, tera:Fire|67\/100\n|-ability|p1b: Ogerpon|Embody Aspect (Hearthflame)|boost\n|-boost|p1b: Ogerpon|atk|1\n|move|p2a: Sableye|Reflect|p2a: Sableye\n|-sidestart|p2: biei525|Reflect\n|move|p2b: Oranguru|Foul Play|p1a: Gholdengo\n|-supereffective|p1a: Gholdengo\n|-damage|p1a: Gholdengo|65\/100\n|move|p1a: Gholdengo|Nasty Plot|p1a: Gholdengo\n|-boost|p1a: Gholdengo|spa|2\n|\n|-heal|p1a: Gholdengo|71\/100|[from] item: Leftovers\n|upkeep\n|turn|9\n|\n|t:|1700459522\n|move|p2a: Sableye|Encore||[still]\n|-fail|p2a: Sableye\n|move|p2b: Oranguru|Foul Play|p1b: Ogerpon\n|-damage|p1b: Ogerpon|0 fnt\n|faint|p1b: Ogerpon\n|move|p1a: Gholdengo|Make It Rain|p2b: Oranguru|[spread] p2a,p2b\n|-damage|p2a: Sableye|0 fnt\n|-damage|p2b: Oranguru|2\/100\n|-unboost|p1a: Gholdengo|spa|1\n|faint|p2a: Sableye\n|\n|-heal|p1a: Gholdengo|78\/100|[from] item: Leftovers\n|upkeep\n|\n|t:|1700459537\n|switch|p2a: Torkoal|Torkoal, L50, M|100\/100\n|switch|p1b: Iron Hands|Iron Hands, L50|100\/100\n|-weather|SunnyDay|[from] ability: Drought|[of] p2a: Torkoal\n|turn|10\n|\n|t:|1700459551\n|move|p2a: Torkoal|Protect|p2a: Torkoal\n|-singleturn|p2a: Torkoal|Protect\n|move|p1b: Iron Hands|Fake Out|p2a: Torkoal\n|-activate|p2a: Torkoal|move: Protect\n|move|p2b: Oranguru|Foul Play|p1a: Gholdengo\n|-supereffective|p1a: Gholdengo\n|-damage|p1a: Gholdengo|56\/100\n|move|p1a: Gholdengo|Make It Rain|p2b: Oranguru|[spread] p2b\n|-activate|p2a: Torkoal|move: Protect\n|-damage|p2b: Oranguru|0 fnt\n|-unboost|p1a: Gholdengo|spa|1\n|faint|p2b: Oranguru\n|\n|-weather|SunnyDay|[upkeep]\n|-heal|p1a: Gholdengo|62\/100|[from] item: Leftovers\n|-sideend|p2: biei525|move: Light Screen\n|-fieldend|move: Trick Room\n|upkeep\n|\n|t:|1700459553\n|switch|p2b: Sylveon|Sylveon, L50, M, tera:Fire|88\/100\n|turn|11\n|\n|t:|1700459579\n|move|p1a: Gholdengo|Shadow Ball|p2a: Torkoal\n|-damage|p2a: Torkoal|0 fnt\n|faint|p2a: Torkoal\n|move|p2b: Sylveon|Tera Blast|p1a: Gholdengo|[anim] Tera Blast Fire\n|-supereffective|p1a: Gholdengo\n|-damage|p1a: Gholdengo|0 fnt\n|faint|p1a: Gholdengo\n|move|p1b: Iron Hands|Drain Punch|p2b: Sylveon\n|-damage|p2b: Sylveon|51\/100\n|\n|-weather|SunnyDay|[upkeep]\n|upkeep\n|turn|12\n|\n|t:|1700459592\n|move|p2b: Sylveon|Hyper Voice|p1b: Iron Hands\n|-supereffective|p1b: Iron Hands\n|-damage|p1b: Iron Hands|40\/100\n|move|p1b: Iron Hands|Drain Punch|p2b: Sylveon\n|-damage|p2b: Sylveon|17\/100\n|-heal|p1b: Iron Hands|54\/100|[from] drain|[of] p2b: Sylveon\n|\n|-weather|SunnyDay|[upkeep]\n|-sideend|p2: biei525|Reflect\n|upkeep\n|turn|13\n|\n|t:|1700459602\n|move|p2b: Sylveon|Hyper Voice|p1b: Iron Hands\n|-supereffective|p1b: Iron Hands\n|-damage|p1b: Iron Hands|0 fnt\n|faint|p1b: Iron Hands\n|-end|p1b: Iron Hands|Quark Drive|[silent]\n|\n|win|biei525\n|raw|fiirrreeee!'s rating: 1478 &rarr; <strong>1456<\/strong><br \/>(-22 for losing)\n|raw|biei525's rating: 1446 &rarr; <strong>1468<\/strong><br \/>(+22 for winning)\n|l|\u2606fiirrreeee!\n","uploadtime":1700459612,"views":9,"p1id":"fiirrreeee","p2id":"biei525","formatid":"gen9vgc2023regulatione","rating":1456,"private":0,"password":""}