{"id":"gen9vgc2023regulatione-1993583889","p1":"vegetameanswell","p2":"QrdeJegoMac","format":"[Gen 9] VGC 2023 Regulation E","log":"|j|\u2606vegetameanswell\n|j|\u2606QrdeJegoMac\n|t:|1700334371\n|gametype|doubles\n|player|p1|vegetameanswell|rosa|1445\n|player|p2|QrdeJegoMac|101|1568\n|teamsize|p1|6\n|teamsize|p2|6\n|gen|9\n|tier|[Gen 9] VGC 2023 Regulation E\n|rated|\n|rule|Species Clause: Limit one of each Pok\u00e9mon\n|rule|Item Clause: Limit one of each item\n|clearpoke\n|poke|p1|Regidrago, L50|\n|poke|p1|Illumise, L50, F|\n|poke|p1|Chi-Yu, L50|\n|poke|p1|Ogerpon-Wellspring, L50, F|\n|poke|p1|Rillaboom, L50, F|\n|poke|p1|Flutter Mane, L50|\n|poke|p2|Ogerpon-Hearthflame, L50, F|\n|poke|p2|Urshifu-*, L50, M|\n|poke|p2|Tornadus, L50, M|\n|poke|p2|Landorus-Therian, L50, M|\n|poke|p2|Flutter Mane, L50|\n|poke|p2|Kingambit, L50, M|\n|teampreview|4\n|inactive|Battle timer is ON: inactive players will automatically lose when time's up. (requested by QrdeJegoMac)\nvegetameanswell has agreed to open team sheets.\n|inactive|vegetameanswell has 60 seconds left.\n|inactive|QrdeJegoMac has 60 seconds left.\n|inactive|QrdeJegoMac has 30 seconds left.\n|inactive|QrdeJegoMac has 20 seconds left.\n|inactive|QrdeJegoMac has 15 seconds left.\n|inactive|QrdeJegoMac has 10 seconds left.\n|inactive|QrdeJegoMac has 5 seconds left.\n|\n|t:|1700334457\n|start\n|switch|p1a: Illumise|Illumise, L50, F|100\/100\n|switch|p1b: Flutter Mane|Flutter Mane, L50|100\/100\n|switch|p2a: Landorus|Landorus-Therian, L50, M|100\/100\n|switch|p2b: Tornadus|Tornadus, L50, M|100\/100\n|-ability|p2a: Landorus|Intimidate|boost\n|-unboost|p1a: Illumise|atk|1\n|-unboost|p1b: Flutter Mane|atk|1\n|-enditem|p1b: Flutter Mane|Booster Energy\n|-activate|p1b: Flutter Mane|ability: Protosynthesis|[fromitem]\n|-start|p1b: Flutter Mane|protosynthesisspa\n|turn|1\n|\n|t:|1700334474\n|move|p2b: Tornadus|Tailwind|p2b: Tornadus\n|-sidestart|p2: QrdeJegoMac|move: Tailwind\n|move|p1a: Illumise|Tailwind|p1a: Illumise\n|-sidestart|p1: vegetameanswell|move: Tailwind\n|move|p2a: Landorus|Rock Slide|p1b: Flutter Mane|[spread] p1a,p1b\n|-supereffective|p1a: Illumise\n|-damage|p1a: Illumise|40\/100\n|-damage|p1b: Flutter Mane|55\/100\n|move|p1b: Flutter Mane|Thunderbolt|p2b: Tornadus\n|-supereffective|p2b: Tornadus\n|-damage|p2b: Tornadus|22\/100\n|\n|upkeep\n|turn|2\n|\n|t:|1700334496\n|switch|p2b: Ogerpon|Ogerpon-Hearthflame, L50, F|100\/100\n|-ability|p2b: Ogerpon|Mold Breaker\n|move|p1a: Illumise|Encore||[still]\n|-fail|p1a: Illumise\n|move|p2a: Landorus|Rock Slide|p1b: Flutter Mane|[spread] p1a,p1b\n|-supereffective|p1a: Illumise\n|-damage|p1a: Illumise|0 fnt\n|-damage|p1b: Flutter Mane|10\/100\n|faint|p1a: Illumise\n|move|p1b: Flutter Mane|Dazzling Gleam|p2a: Landorus|[spread] p2a,p2b\n|-crit|p2a: Landorus\n|-resisted|p2b: Ogerpon\n|-damage|p2a: Landorus|6\/100\n|-damage|p2b: Ogerpon|77\/100\n|\n|upkeep\n|\n|t:|1700334515\n|switch|p1a: Ogerpon|Ogerpon-Wellspring, L50, F|100\/100\n|turn|3\n|inactive|vegetameanswell has 30 seconds left.\n|inactive|vegetameanswell has 20 seconds left.\n|\n|t:|1700334553\n|switch|p2a: Flutter Mane|Flutter Mane, L50|100\/100\n|move|p1b: Flutter Mane|Protect|p1b: Flutter Mane\n|-singleturn|p1b: Flutter Mane|Protect\n|move|p2b: Ogerpon|Spiky Shield|p2b: Ogerpon\n|-singleturn|p2b: Ogerpon|move: Protect\n|move|p1a: Ogerpon|Ivy Cudgel|p2a: Flutter Mane|[anim] Ivy Cudgel Water\n|-damage|p2a: Flutter Mane|5\/100\n|\n|upkeep\n|turn|4\n|inactive|vegetameanswell has 30 seconds left.\n|\n|t:|1700334585\n|switch|p2b: Landorus|Landorus-Therian, L50, M|6\/100\n|-ability|p2b: Landorus|Intimidate|boost\n|-unboost|p1a: Ogerpon|atk|1\n|-unboost|p1b: Flutter Mane|atk|1\n|-terastallize|p1a: Ogerpon|Water\n|detailschange|p1a: Ogerpon|Ogerpon-Wellspring-Tera, L50, F, tera:Water\n|-ability|p1a: Ogerpon|Embody Aspect (Wellspring)|boost\n|-boost|p1a: Ogerpon|spd|1\n|move|p2a: Flutter Mane|Dazzling Gleam|p1b: Flutter Mane|[spread] p1a,p1b\n|-damage|p1a: Ogerpon|66\/100\n|-damage|p1b: Flutter Mane|0 fnt\n|faint|p1b: Flutter Mane\n|-end|p1b: Flutter Mane|Protosynthesis|[silent]\n|move|p1a: Ogerpon|Ivy Cudgel|p2b: Landorus|[anim] Ivy Cudgel Water\n|-supereffective|p2b: Landorus\n|-damage|p2b: Landorus|0 fnt\n|faint|p2b: Landorus\n|\n|-sideend|p2: QrdeJegoMac|move: Tailwind\n|-sideend|p1: vegetameanswell|move: Tailwind\n|upkeep\n|\n|t:|1700334601\n|switch|p1b: Phuk-Yu|Chi-Yu, L50|100\/100\n|switch|p2b: Tornadus|Tornadus, L50, M|22\/100\n|-ability|p1b: Phuk-Yu|Beads of Ruin\n|turn|5\n|inactive|vegetameanswell has 30 seconds left.\n|\n|t:|1700334627\n|move|p1a: Ogerpon|Spiky Shield|p1a: Ogerpon\n|-singleturn|p1a: Ogerpon|move: Protect\n|move|p2b: Tornadus|Tailwind|p2b: Tornadus\n|-sidestart|p2: QrdeJegoMac|move: Tailwind\n|move|p2a: Flutter Mane|Dazzling Gleam|p1a: Ogerpon|[spread] p1b\n|-activate|p1a: Ogerpon|move: Protect\n|-damage|p1b: Phuk-Yu|47\/100\n|move|p1b: Phuk-Yu|Snarl|p2a: Flutter Mane|[spread] p2a,p2b\n|-damage|p2a: Flutter Mane|0 fnt\n|-damage|p2b: Tornadus|0 fnt\n|faint|p2a: Flutter Mane\n|-end|p2a: Flutter Mane|Protosynthesis|[silent]\n|faint|p2b: Tornadus\n|\n|upkeep\n|\n|t:|1700334629\n|switch|p2b: Ogerpon|Ogerpon-Hearthflame, L50, F|77\/100\n|-ability|p2b: Ogerpon|Mold Breaker\n|turn|6\n|j| horizonbattle\n|\n|t:|1700334646\n|-terastallize|p2b: Ogerpon|Fire\n|detailschange|p2b: Ogerpon|Ogerpon-Hearthflame-Tera, L50, F, tera:Fire\n|-ability|p2b: Ogerpon|Embody Aspect (Hearthflame)|boost\n|-boost|p2b: Ogerpon|atk|1\n|move|p2b: Ogerpon|Horn Leech|p1a: Ogerpon\n|-supereffective|p1a: Ogerpon\n|-damage|p1a: Ogerpon|0 fnt\n|-heal|p2b: Ogerpon|100\/100|[from] drain|[of] p1a: Ogerpon\n|faint|p1a: Ogerpon\n|move|p1b: Phuk-Yu|Dark Pulse|p2b: Ogerpon\n|-damage|p2b: Ogerpon|47\/100\n|\n|upkeep\n|turn|7\n|c|\u2606QrdeJegoMac|Gg\n|c|\u2606QrdeJegoMac|Idt i ko\n|\n|t:|1700334668\n|move|p2b: Ogerpon|Ivy Cudgel|p1b: Phuk-Yu|[anim] Ivy Cudgel Fire\n|-resisted|p1b: Phuk-Yu\n|-damage|p1b: Phuk-Yu|0 fnt\n|faint|p1b: Phuk-Yu\n|\n|win|QrdeJegoMac\n|raw|vegetameanswell's rating: 1445 &rarr; <strong>1432<\/strong><br \/>(-13 for losing)\n|raw|QrdeJegoMac's rating: 1568 &rarr; <strong>1581<\/strong><br \/>(+13 for winning)\n|c|\u2606QrdeJegoMac|Oh\n|c|\u2606QrdeJegoMac|Yay\n|c|\u2606QrdeJegoMac|Actually\n|c|\u2606QrdeJegoMac|I shouldve gone for cudgel\n|c|\u2606QrdeJegoMac|I mean\n|c|\u2606QrdeJegoMac|Horn leech\n|c|\u2606vegetameanswell|nah Ogerpon always kills in that range\n|c|\u2606QrdeJegoMac|Dirst dark pulse did 53\n|c|\u2606vegetameanswell|gg\n|c|\u2606QrdeJegoMac|Horn leech would get me to 60ish\n|c|\u2606QrdeJegoMac|So barring a crit im fine\n|c|\u2606QrdeJegoMac|Although\n|c|\u2606QrdeJegoMac|Since cudgel can ko\n|c|\u2606QrdeJegoMac|Idk\n","uploadtime":1700334730,"views":13,"p1id":"vegetameanswell","p2id":"qrdejegomac","formatid":"gen9vgc2023regulatione","rating":1432,"private":0,"password":""}