{"id":"gen9vgc2023regulatione-1994141624","p1":"fenzoo","p2":"Kzjrzkz","format":"[Gen 9] VGC 2023 Regulation E","log":"|j|\u2606fenzoo\n|j|\u2606Kzjrzkz\n|t:|1700411760\n|gametype|doubles\n|player|p1|fenzoo|169|1095\n|player|p2|Kzjrzkz|lance|1033\n|teamsize|p1|6\n|teamsize|p2|6\n|gen|9\n|tier|[Gen 9] VGC 2023 Regulation E\n|rated|\n|rule|Species Clause: Limit one of each Pok\u00e9mon\n|rule|Item Clause: Limit one of each item\n|clearpoke\n|poke|p1|Ambipom, L50, F|\n|poke|p1|Chi-Yu, L50|\n|poke|p1|Landorus-Therian, L50, M|\n|poke|p1|Tornadus, L50, M|\n|poke|p1|Heatran, L50, M|\n|poke|p1|Rillaboom, L50, M|\n|poke|p2|Flutter Mane, L50|\n|poke|p2|Tornadus, L50, M|\n|poke|p2|Rillaboom, L50, F|\n|poke|p2|Garganacl, L50, F|\n|poke|p2|Arcanine-Hisui, L50, F|\n|poke|p2|Chien-Pao, L50|\n|teampreview|4\n|\n|t:|1700411776\n|start\n|switch|p1a: Tornadus|Tornadus, L50, M|100\/100\n|switch|p1b: Heatran|Heatran, L50, M|100\/100\n|switch|p2a: Tornadus|Tornadus, L50, M|100\/100\n|switch|p2b: Garganacl|Garganacl, L50, F|100\/100\n|turn|1\n|\n|t:|1700411798\n|-terastallize|p2b: Garganacl|Ghost\n|move|p1a: Tornadus|Tailwind|p1a: Tornadus\n|-sidestart|p1: fenzoo|move: Tailwind\n|move|p2a: Tornadus|Tailwind|p2a: Tornadus\n|-sidestart|p2: Kzjrzkz|move: Tailwind\n|move|p1b: Heatran|Earth Power|p2b: Garganacl\n|-damage|p2b: Garganacl|77\/100\n|move|p2b: Garganacl|Salt Cure|p1b: Heatran\n|-damage|p1b: Heatran|87\/100\n|-start|p1b: Heatran|Salt Cure\n|\n|-heal|p1b: Heatran|92\/100|[from] item: Leftovers\n|-damage|p1b: Heatran|68\/100|[from] Salt Cure\n|upkeep\n|turn|2\n|\n|t:|1700411818\n|switch|p1b: Chi-Yu|Chi-Yu, L50|100\/100\n|-ability|p1b: Chi-Yu|Beads of Ruin\n|move|p1a: Tornadus|Sunny Day|p1a: Tornadus\n|-weather|SunnyDay\n|move|p2a: Tornadus|Bleakwind Storm|p1b: Chi-Yu|[spread] p1b\n|-miss|p2a: Tornadus|p1a: Tornadus\n|-damage|p1b: Chi-Yu|67\/100\n|move|p2b: Garganacl|Salt Cure|p1a: Tornadus\n|-supereffective|p1a: Tornadus\n|-crit|p1a: Tornadus\n|-damage|p1a: Tornadus|36\/100\n|\n|-weather|SunnyDay|[upkeep]\n|upkeep\n|turn|3\n|\n|t:|1700411846\n|move|p2b: Garganacl|Protect|p2b: Garganacl\n|-singleturn|p2b: Garganacl|Protect\n|move|p1a: Tornadus|Taunt|p2a: Tornadus\n|-start|p2a: Tornadus|move: Taunt\n|move|p1b: Chi-Yu|Dark Pulse|p2b: Garganacl\n|-activate|p2b: Garganacl|move: Protect\n|move|p2a: Tornadus|Bleakwind Storm|p1a: Tornadus|[spread] p1a,p1b\n|-damage|p1a: Tornadus|0 fnt\n|-damage|p1b: Chi-Yu|31\/100\n|faint|p1a: Tornadus\n|\n|-weather|SunnyDay|[upkeep]\n|upkeep\n|\n|t:|1700411850\n|switch|p1a: Landorus|Landorus-Therian, L50, M|100\/100\n|-ability|p1a: Landorus|Intimidate|boost\n|-unboost|p2a: Tornadus|atk|1\n|-unboost|p2b: Garganacl|atk|1\n|turn|4\n|\n|t:|1700411858\n|move|p1b: Chi-Yu|Dark Pulse|p2b: Garganacl\n|-supereffective|p2b: Garganacl\n|-damage|p2b: Garganacl|0 fnt\n|faint|p2b: Garganacl\n|move|p1a: Landorus|Rock Slide|p2a: Tornadus\n|-supereffective|p2a: Tornadus\n|-damage|p2a: Tornadus|12\/100\n|-damage|p1a: Landorus|91\/100|[from] item: Life Orb\n|move|p2a: Tornadus|Bleakwind Storm|p1b: Chi-Yu|[spread] p1b\n|-miss|p2a: Tornadus|p1a: Landorus\n|-damage|p1b: Chi-Yu|0 fnt\n|faint|p1b: Chi-Yu\n|\n|-weather|SunnyDay|[upkeep]\n|-sideend|p2: Kzjrzkz|move: Tailwind\n|-sideend|p1: fenzoo|move: Tailwind\n|upkeep\n|\n|t:|1700411875\n|switch|p1b: Heatran|Heatran, L50, M|68\/100\n|switch|p2b: Arcanine|Arcanine-Hisui, L50, F|100\/100\n|-ability|p2b: Arcanine|Intimidate|boost\n|-unboost|p1a: Landorus|atk|1\n|-unboost|p1b: Heatran|atk|1\n|turn|5\n|\n|t:|1700411884\n|move|p1b: Heatran|Protect|p1b: Heatran\n|-singleturn|p1b: Heatran|Protect\n|move|p2b: Arcanine|Rock Slide|p1a: Landorus|[spread] p1a\n|-activate|p1b: Heatran|move: Protect\n|-damage|p1a: Landorus|47\/100\n|move|p2a: Tornadus|Bleakwind Storm|p1b: Heatran|[spread] p1a\n|-activate|p1b: Heatran|move: Protect\n|-damage|p1a: Landorus|9\/100\n|move|p1a: Landorus|Stomping Tantrum|p2b: Arcanine\n|-supereffective|p2b: Arcanine\n|-damage|p2b: Arcanine|0 fnt\n|faint|p2b: Arcanine\n|-damage|p1a: Landorus|0 fnt|[from] item: Life Orb\n|faint|p1a: Landorus\n|\n|-weather|SunnyDay|[upkeep]\n|-heal|p1b: Heatran|73\/100|[from] item: Leftovers\n|-end|p2a: Tornadus|move: Taunt\n|upkeep\n|\n|t:|1700411898\n|switch|p2b: Chien-Pao|Chien-Pao, L50|100\/100\n|-ability|p2b: Chien-Pao|Sword of Ruin\n|turn|6\n|\n|t:|1700411909\n|move|p2b: Chien-Pao|Protect|p2b: Chien-Pao\n|-singleturn|p2b: Chien-Pao|Protect\n|move|p2a: Tornadus|Bleakwind Storm|p1b: Heatran\n|-resisted|p1b: Heatran\n|-damage|p1b: Heatran|53\/100\n|-unboost|p1b: Heatran|spe|1\n|move|p1b: Heatran|Heat Wave|p2a: Tornadus|[spread] p2a\n|-activate|p2b: Chien-Pao|move: Protect\n|-damage|p2a: Tornadus|0 fnt\n|faint|p2a: Tornadus\n|\n|-weather|none\n|-heal|p1b: Heatran|59\/100|[from] item: Leftovers\n|upkeep\n|turn|7\n|\n|t:|1700411925\n|move|p1b: Heatran|Protect|p1b: Heatran\n|-singleturn|p1b: Heatran|Protect\n|move|p2b: Chien-Pao|Sacred Sword|p1b: Heatran\n|-activate|p1b: Heatran|move: Protect\n|\n|-heal|p1b: Heatran|65\/100|[from] item: Leftovers\n|upkeep\n|turn|8\n|\n|t:|1700411938\n|-terastallize|p1b: Heatran|Grass\n|move|p2b: Chien-Pao|Sacred Sword|p1b: Heatran\n|-damage|p1b: Heatran|29\/100\n|move|p1b: Heatran|Heat Wave|p2b: Chien-Pao\n|-supereffective|p2b: Chien-Pao\n|-enditem|p2b: Chien-Pao|Focus Sash\n|-damage|p2b: Chien-Pao|1\/100\n|\n|-heal|p1b: Heatran|35\/100|[from] item: Leftovers\n|upkeep\n|turn|9\n|\n|t:|1700411951\n|move|p1b: Heatran|Protect|p1b: Heatran\n|-singleturn|p1b: Heatran|Protect\n|move|p2b: Chien-Pao|Ice Spinner|p1b: Heatran\n|-activate|p1b: Heatran|move: Protect\n|\n|-heal|p1b: Heatran|40\/100|[from] item: Leftovers\n|upkeep\n|turn|10\n|\n|t:|1700411959\n|move|p1b: Heatran|Protect||[still]\n|-fail|p1b: Heatran\n|move|p2b: Chien-Pao|Ice Spinner|p1b: Heatran\n|-supereffective|p1b: Heatran\n|-damage|p1b: Heatran|0 fnt\n|faint|p1b: Heatran\n|\n|win|Kzjrzkz\n|raw|fenzoo's rating: 1095 &rarr; <strong>1066<\/strong><br \/>(-29 for losing)\n|raw|Kzjrzkz's rating: 1033 &rarr; <strong>1074<\/strong><br \/>(+41 for winning)\n","uploadtime":1700411965,"views":5,"p1id":"fenzoo","p2id":"kzjrzkz","formatid":"gen9vgc2023regulatione","rating":1066,"private":0,"password":""}